recv_time,book_timestamp,n_bids,n_asks,mid,spread,bid_px_0,bid_vol_0,bid_px_1,bid_vol_1,bid_px_2,bid_vol_2,bid_px_3,bid_vol_3,bid_px_4,bid_vol_4,bid_px_5,bid_vol_5,bid_px_6,bid_vol_6,bid_px_7,bid_vol_7,bid_px_8,bid_vol_8,bid_px_9,bid_vol_9,ask_px_0,ask_vol_0,ask_px_1,ask_vol_1,ask_px_2,ask_vol_2,ask_px_3,ask_vol_3,ask_px_4,ask_vol_4,ask_px_5,ask_vol_5,ask_px_6,ask_vol_6,ask_px_7,ask_vol_7,ask_px_8,ask_vol_8,ask_px_9,ask_vol_9
2026-07-07T14:00:00.115756+00:00,2026-07-07T14:00:00.041641,2,2,149.1,0.4,148.9,60,148.8,150,,,,,,,,,,,,,,,,,149.3,112,149.4,100,,,,,,,,,,,,,,,,
2026-07-07T14:00:01.403002+00:00,2026-07-07T14:00:01.403132,2,2,149.1,0.4,148.9,13,148.8,150,,,,,,,,,,,,,,,,,149.3,112,149.4,100,,,,,,,,,,,,,,,,
2026-07-07T14:00:01.585227+00:00,2026-07-07T14:00:01.585158,1,1,149.15,0.5,148.9,13,,,,,,,,,,,,,,,,,,,149.4,100,,,,,,,,,,,,,,,,,,
2026-07-07T14:00:01.641120+00:00,2026-07-07T14:00:01.641233,1,1,149.15,0.5,148.9,163,,,,,,,,,,,,,,,,,,,149.4,100,,,,,,,,,,,,,,,,,,
2026-07-07T14:00:01.651691+00:00,2026-07-07T14:00:01.651613,1,1,149.15,0.5,148.9,163,,,,,,,,,,,,,,,,,,,149.4,50,,,,,,,,,,,,,,,,,,
2026-07-07T14:00:01.708882+00:00,2026-07-07T14:00:01.709000,1,1,149.15,0.5,148.9,163,,,,,,,,,,,,,,,,,,,149.4,200,,,,,,,,,,,,,,,,,,
2026-07-07T14:00:02.446914+00:00,2026-07-07T14:00:02.446811,1,1,149.15,0.5,148.9,150,,,,,,,,,,,,,,,,,,,149.4,150,,,,,,,,,,,,,,,,,,
2026-07-07T14:00:02.505578+00:00,2026-07-07T14:00:02.505679,2,1,149.15,0.5,148.9,150,148.8,100,,,,,,,,,,,,,,,,,149.4,150,,,,,,,,,,,,,,,,,,
2026-07-07T14:00:02.559180+00:00,2026-07-07T14:00:02.559136,2,2,149.1,0.4,148.9,150,148.8,100,,,,,,,,,,,,,,,,,149.3,100,149.4,150,,,,,,,,,,,,,,,,
2026-07-07T14:00:03.600548+00:00,2026-07-07T14:00:03.600505,3,2,149.15,0.3,149.0,12,148.9,150,148.8,100,,,,,,,,,,,,,,,149.3,100,149.4,150,,,,,,,,,,,,,,,,
2026-07-07T14:00:03.605813+00:00,2026-07-07T14:00:03.605716,3,2,149.15,0.3,149.0,12,148.9,150,148.8,100,,,,,,,,,,,,,,,149.3,100,149.4,162,,,,,,,,,,,,,,,,
2026-07-07T14:00:03.758652+00:00,2026-07-07T14:00:03.757705,3,2,149.15,0.3,149.0,12,148.9,150,148.8,100,,,,,,,,,,,,,,,149.3,50,149.4,162,,,,,,,,,,,,,,,,
2026-07-07T14:00:04.407495+00:00,2026-07-07T14:00:04.407418,3,2,149.15,0.3,149.0,12,148.9,150,148.8,100,,,,,,,,,,,,,,,149.3,2,149.4,162,,,,,,,,,,,,,,,,
2026-07-07T14:00:04.758619+00:00,2026-07-07T14:00:04.754790,2,2,149.15,0.3,149.0,12,148.8,100,,,,,,,,,,,,,,,,,149.3,2,149.4,12,,,,,,,,,,,,,,,,
2026-07-07T14:00:04.811164+00:00,2026-07-07T14:00:04.811007,3,2,149.2,0.2,149.1,150,149.0,12,148.8,100,,,,,,,,,,,,,,,149.3,2,149.4,12,,,,,,,,,,,,,,,,
2026-07-07T14:00:04.821060+00:00,2026-07-07T14:00:04.815293,3,2,149.2,0.2,149.1,139,149.0,12,148.8,100,,,,,,,,,,,,,,,149.3,2,149.4,12,,,,,,,,,,,,,,,,
2026-07-07T14:00:04.863479+00:00,2026-07-07T14:00:04.863303,3,3,149.2,0.2,149.1,139,149.0,12,148.8,100,,,,,,,,,,,,,,,149.3,2,149.4,12,149.6,150,,,,,,,,,,,,,,
2026-07-07T14:00:05.610312+00:00,2026-07-07T14:00:05.610421,2,2,149.25,0.3,149.1,139,149.0,12,,,,,,,,,,,,,,,,,149.4,12,149.6,150,,,,,,,,,,,,,,,,
2026-07-07T14:00:05.658564+00:00,2026-07-07T14:00:05.657460,2,2,149.25,0.3,149.1,239,149.0,12,,,,,,,,,,,,,,,,,149.4,12,149.6,150,,,,,,,,,,,,,,,,
2026-07-07T14:00:05.717779+00:00,2026-07-07T14:00:05.717658,2,2,149.25,0.3,149.1,239,149.0,12,,,,,,,,,,,,,,,,,149.4,12,149.6,250,,,,,,,,,,,,,,,,
2026-07-07T14:00:05.875160+00:00,2026-07-07T14:00:05.875034,2,1,149.35,0.5,149.1,239,149.0,12,,,,,,,,,,,,,,,,,149.6,212,,,,,,,,,,,,,,,,,,
2026-07-07T14:00:06.113742+00:00,2026-07-07T14:00:06.113922,1,1,149.35,0.5,149.1,239,,,,,,,,,,,,,,,,,,,149.6,212,,,,,,,,,,,,,,,,,,
2026-07-07T14:00:06.119011+00:00,2026-07-07T14:00:06.119172,1,1,149.35,0.5,149.1,251,,,,,,,,,,,,,,,,,,,149.6,212,,,,,,,,,,,,,,,,,,
2026-07-07T14:00:06.129828+00:00,2026-07-07T14:00:06.129635,1,2,149.3,0.4,149.1,251,,,,,,,,,,,,,,,,,,,149.5,12,149.6,212,,,,,,,,,,,,,,,,
2026-07-07T14:00:07.914429+00:00,2026-07-07T14:00:07.914320,1,2,149.3,0.4,149.1,251,,,,,,,,,,,,,,,,,,,149.5,12,149.6,100,,,,,,,,,,,,,,,,
2026-07-07T14:00:07.919612+00:00,2026-07-07T14:00:07.919533,1,2,149.3,0.4,149.1,112,,,,,,,,,,,,,,,,,,,149.5,12,149.6,100,,,,,,,,,,,,,,,,
2026-07-07T14:00:07.972880+00:00,2026-07-07T14:00:07.972989,1,2,149.3,0.4,149.1,262,,,,,,,,,,,,,,,,,,,149.5,12,149.6,100,,,,,,,,,,,,,,,,
2026-07-07T14:00:08.003006+00:00,2026-07-07T14:00:08.002933,1,1,149.35,0.5,149.1,262,,,,,,,,,,,,,,,,,,,149.6,62,,,,,,,,,,,,,,,,,,
2026-07-07T14:00:08.026336+00:00,2026-07-07T14:00:08.026427,1,1,149.35,0.5,149.1,262,,,,,,,,,,,,,,,,,,,149.6,212,,,,,,,,,,,,,,,,,,
2026-07-07T14:00:08.774366+00:00,2026-07-07T14:00:08.774511,1,1,149.35,0.5,149.1,162,,,,,,,,,,,,,,,,,,,149.6,150,,,,,,,,,,,,,,,,,,
2026-07-07T14:00:08.840129+00:00,2026-07-07T14:00:08.831776,2,1,149.5,0.2,149.4,88,149.1,162,,,,,,,,,,,,,,,,,149.6,150,,,,,,,,,,,,,,,,,,
2026-07-07T14:00:08.878172+00:00,2026-07-07T14:00:08.878052,2,2,149.5,0.2,149.4,88,149.1,162,,,,,,,,,,,,,,,,,149.6,150,149.9,100,,,,,,,,,,,,,,,,
2026-07-07T14:00:08.906660+00:00,2026-07-07T14:00:08.906585,3,2,149.5,0.2,149.4,88,149.3,12,149.1,150,,,,,,,,,,,,,,,149.6,150,149.9,100,,,,,,,,,,,,,,,,
2026-07-07T14:00:08.911832+00:00,2026-07-07T14:00:08.911763,3,2,149.5,0.2,149.4,88,149.3,12,149.1,150,,,,,,,,,,,,,,,149.6,162,149.9,100,,,,,,,,,,,,,,,,
2026-07-07T14:00:09.610200+00:00,2026-07-07T14:00:09.602039,3,2,149.5,0.2,149.4,77,149.3,12,149.1,150,,,,,,,,,,,,,,,149.6,162,149.9,100,,,,,,,,,,,,,,,,
2026-07-07T14:00:10.111624+00:00,2026-07-07T14:00:10.111745,3,2,149.5,0.2,149.4,77,149.3,12,149.1,150,,,,,,,,,,,,,,,149.6,112,149.9,100,,,,,,,,,,,,,,,,
2026-07-07T14:00:11.082750+00:00,2026-07-07T14:00:11.082683,2,2,149.5,0.2,149.4,77,149.3,12,,,,,,,,,,,,,,,,,149.6,12,149.9,100,,,,,,,,,,,,,,,,
2026-07-07T14:00:11.136694+00:00,2026-07-07T14:00:11.136622,3,2,149.55,0.1,149.5,150,149.4,77,149.3,12,,,,,,,,,,,,,,,149.6,12,149.9,100,,,,,,,,,,,,,,,,
2026-07-07T14:00:11.171834+00:00,2026-07-07T14:00:11.171720,2,2,149.55,0.1,149.5,150,149.4,77,,,,,,,,,,,,,,,,,149.6,12,149.9,100,,,,,,,,,,,,,,,,
2026-07-07T14:00:11.176819+00:00,2026-07-07T14:00:11.176957,2,1,149.7,0.4,149.5,150,149.4,77,,,,,,,,,,,,,,,,,149.9,100,,,,,,,,,,,,,,,,,,
2026-07-07T14:00:11.182053+00:00,2026-07-07T14:00:11.182178,2,1,149.7,0.4,149.5,150,149.4,89,,,,,,,,,,,,,,,,,149.9,100,,,,,,,,,,,,,,,,,,
2026-07-07T14:00:11.187516+00:00,2026-07-07T14:00:11.187422,2,3,149.6,0.2,149.5,150,149.4,89,,,,,,,,,,,,,,,,,149.7,12,149.9,100,150.0,150,,,,,,,,,,,,,,
2026-07-07T14:00:11.407680+00:00,2026-07-07T14:00:11.401560,2,3,149.6,0.2,149.5,127,149.4,89,,,,,,,,,,,,,,,,,149.7,12,149.9,100,150.0,150,,,,,,,,,,,,,,
2026-07-07T14:00:11.439088+00:00,2026-07-07T14:00:11.438971,2,2,149.7,0.4,149.5,127,149.4,77,,,,,,,,,,,,,,,,,149.9,100,150.0,150,,,,,,,,,,,,,,,,
2026-07-07T14:00:11.444319+00:00,2026-07-07T14:00:11.444225,3,2,149.7,0.4,149.5,127,149.4,77,149.3,12,,,,,,,,,,,,,,,149.9,100,150.0,150,,,,,,,,,,,,,,,,
2026-07-07T14:00:11.449521+00:00,2026-07-07T14:00:11.449422,3,3,149.55,0.1,149.5,127,149.4,77,149.3,12,,,,,,,,,,,,,,,149.6,12,149.9,100,150.0,150,,,,,,,,,,,,,,
2026-07-07T14:00:11.936923+00:00,2026-07-07T14:00:11.937075,2,2,149.55,0.1,149.5,127,149.3,12,,,,,,,,,,,,,,,,,149.6,12,150.0,150,,,,,,,,,,,,,,,,
2026-07-07T14:00:12.026994+00:00,2026-07-07T14:00:12.026828,3,2,149.55,0.1,149.5,127,149.3,12,149.2,100,,,,,,,,,,,,,,,149.6,12,150.0,150,,,,,,,,,,,,,,,,
2026-07-07T14:00:12.079796+00:00,2026-07-07T14:00:12.079943,3,3,149.55,0.1,149.5,127,149.3,12,149.2,100,,,,,,,,,,,,,,,149.6,12,149.7,100,150.0,150,,,,,,,,,,,,,,
2026-07-07T14:00:12.274234+00:00,2026-07-07T14:00:12.266223,3,3,149.55,0.1,149.5,77,149.3,12,149.2,100,,,,,,,,,,,,,,,149.6,12,149.7,100,150.0,150,,,,,,,,,,,,,,
2026-07-07T14:00:12.608861+00:00,2026-07-07T14:00:12.604522,3,3,149.55,0.1,149.5,74,149.3,12,149.2,100,,,,,,,,,,,,,,,149.6,12,149.7,100,150.0,150,,,,,,,,,,,,,,
2026-07-07T14:00:12.706916+00:00,2026-07-07T14:00:12.706815,2,3,149.55,0.1,149.5,74,149.2,100,,,,,,,,,,,,,,,,,149.6,12,149.7,100,150.0,150,,,,,,,,,,,,,,
2026-07-07T14:00:12.711932+00:00,2026-07-07T14:00:12.712064,2,2,149.6,0.2,149.5,74,149.2,100,,,,,,,,,,,,,,,,,149.7,100,150.0,150,,,,,,,,,,,,,,,,
2026-07-07T14:00:12.717399+00:00,2026-07-07T14:00:12.717299,3,2,149.6,0.2,149.5,74,149.2,100,149.1,12,,,,,,,,,,,,,,,149.7,100,150.0,150,,,,,,,,,,,,,,,,
2026-07-07T14:00:12.722609+00:00,2026-07-07T14:00:12.722575,3,2,149.6,0.2,149.5,62,149.2,100,149.1,12,,,,,,,,,,,,,,,149.7,100,150.0,150,,,,,,,,,,,,,,,,
2026-07-07T14:00:12.983560+00:00,2026-07-07T14:00:12.983448,3,2,149.6,0.2,149.5,62,149.2,100,149.0,12,,,,,,,,,,,,,,,149.7,100,150.0,150,,,,,,,,,,,,,,,,
2026-07-07T14:00:12.988814+00:00,2026-07-07T14:00:12.988689,3,3,149.55,0.1,149.5,62,149.2,100,149.0,12,,,,,,,,,,,,,,,149.6,12,149.7,100,150.0,150,,,,,,,,,,,,,,
2026-07-07T14:00:13.246057+00:00,2026-07-07T14:00:13.246237,2,2,149.6,0.2,149.5,62,149.2,100,,,,,,,,,,,,,,,,,149.7,100,150.0,150,,,,,,,,,,,,,,,,
2026-07-07T14:00:13.251485+00:00,2026-07-07T14:00:13.251430,3,2,149.6,0.2,149.5,62,149.2,100,149.0,12,,,,,,,,,,,,,,,149.7,100,150.0,150,,,,,,,,,,,,,,,,
2026-07-07T14:00:13.258600+00:00,2026-07-07T14:00:13.256696,3,2,149.6,0.2,149.5,50,149.2,100,149.0,12,,,,,,,,,,,,,,,149.7,100,150.0,150,,,,,,,,,,,,,,,,
2026-07-07T14:00:13.517125+00:00,2026-07-07T14:00:13.517016,3,2,149.6,0.2,149.5,50,149.2,100,149.0,12,,,,,,,,,,,,,,,149.7,100,150.0,150,,,,,,,,,,,,,,,,
2026-07-07T14:00:13.522111+00:00,2026-07-07T14:00:13.522259,3,3,149.55,0.1,149.5,50,149.2,100,149.0,12,,,,,,,,,,,,,,,149.6,12,149.7,100,150.0,150,,,,,,,,,,,,,,
2026-07-07T14:00:13.777692+00:00,2026-07-07T14:00:13.777525,2,3,149.55,0.1,149.5,50,149.2,100,,,,,,,,,,,,,,,,,149.6,12,149.7,100,150.0,150,,,,,,,,,,,,,,
2026-07-07T14:00:13.809093+00:00,2026-07-07T14:00:13.809067,2,2,149.6,0.2,149.5,50,149.2,100,,,,,,,,,,,,,,,,,149.7,100,150.0,150,,,,,,,,,,,,,,,,
2026-07-07T14:00:13.814425+00:00,2026-07-07T14:00:13.814349,3,2,149.6,0.2,149.5,50,149.2,100,149.1,12,,,,,,,,,,,,,,,149.7,100,150.0,150,,,,,,,,,,,,,,,,
2026-07-07T14:00:13.819621+00:00,2026-07-07T14:00:13.819576,3,2,149.6,0.2,149.5,38,149.2,100,149.1,12,,,,,,,,,,,,,,,149.7,100,150.0,150,,,,,,,,,,,,,,,,
2026-07-07T14:00:14.082208+00:00,2026-07-07T14:00:14.082003,3,2,149.6,0.2,149.5,38,149.2,100,149.1,12,,,,,,,,,,,,,,,149.7,100,150.0,150,,,,,,,,,,,,,,,,
2026-07-07T14:00:14.087370+00:00,2026-07-07T14:00:14.087264,3,3,149.55,0.1,149.5,38,149.2,100,149.1,12,,,,,,,,,,,,,,,149.6,12,149.7,100,150.0,150,,,,,,,,,,,,,,
2026-07-07T14:00:14.158680+00:00,2026-07-07T14:00:14.154548,2,3,149.4,0.4,149.2,95,149.1,12,,,,,,,,,,,,,,,,,149.6,12,149.7,100,150.0,150,,,,,,,,,,,,,,
2026-07-07T14:00:14.246071+00:00,2026-07-07T14:00:14.245963,2,2,149.4,0.4,149.2,95,149.1,12,,,,,,,,,,,,,,,,,149.6,12,149.7,100,,,,,,,,,,,,,,,,
2026-07-07T14:00:14.304025+00:00,2026-07-07T14:00:14.303969,3,2,149.4,0.4,149.2,95,149.1,12,148.6,150,,,,,,,,,,,,,,,149.6,12,149.7,100,,,,,,,,,,,,,,,,
2026-07-07T14:00:14.342371+00:00,2026-07-07T14:00:14.342317,2,1,149.45,0.5,149.2,95,148.6,150,,,,,,,,,,,,,,,,,149.7,100,,,,,,,,,,,,,,,,,,
2026-07-07T14:00:14.347579+00:00,2026-07-07T14:00:14.347540,3,2,149.35,0.3,149.2,95,149.1,12,148.6,150,,,,,,,,,,,,,,,149.5,12,149.7,100,,,,,,,,,,,,,,,,
2026-07-07T14:00:14.370578+00:00,2026-07-07T14:00:14.362670,1,3,148.85,0.5,148.6,150,,,,,,,,,,,,,,,,,,,149.1,17,149.5,12,149.7,100,,,,,,,,,,,,,,
2026-07-07T14:00:14.386465+00:00,2026-07-07T14:00:14.386119,1,3,148.85,0.5,148.6,100,,,,,,,,,,,,,,,,,,,149.1,17,149.5,12,149.7,100,,,,,,,,,,,,,,
2026-07-07T14:00:14.858586+00:00,2026-07-07T14:00:14.857309,2,3,148.9,0.4,148.7,12,148.6,100,,,,,,,,,,,,,,,,,149.1,17,149.4,12,149.7,100,,,,,,,,,,,,,,
2026-07-07T14:00:15.132125+00:00,2026-07-07T14:00:15.131969,2,2,148.9,0.4,148.7,12,148.6,100,,,,,,,,,,,,,,,,,149.1,17,149.4,12,,,,,,,,,,,,,,,,
2026-07-07T14:00:15.184772+00:00,2026-07-07T14:00:15.184620,3,2,148.95,0.3,148.8,100,148.7,12,148.6,100,,,,,,,,,,,,,,,149.1,17,149.4,12,,,,,,,,,,,,,,,,
2026-07-07T14:00:15.234329+00:00,2026-07-07T14:00:15.234186,3,3,148.95,0.3,148.8,100,148.7,12,148.6,100,,,,,,,,,,,,,,,149.1,17,149.3,100,149.4,12,,,,,,,,,,,,,,
2026-07-07T14:00:15.268214+00:00,2026-07-07T14:00:15.262320,3,3,148.95,0.3,148.8,100,148.7,12,148.6,100,,,,,,,,,,,,,,,149.1,6,149.3,100,149.4,12,,,,,,,,,,,,,,
2026-07-07T14:00:15.370923+00:00,2026-07-07T14:00:15.370860,2,2,148.95,0.3,148.8,100,148.6,100,,,,,,,,,,,,,,,,,149.1,6,149.3,100,,,,,,,,,,,,,,,,
2026-07-07T14:00:15.376179+00:00,2026-07-07T14:00:15.376081,3,2,149.0,0.2,148.9,12,148.8,100,148.6,100,,,,,,,,,,,,,,,149.1,6,149.3,100,,,,,,,,,,,,,,,,
2026-07-07T14:00:15.381358+00:00,2026-07-07T14:00:15.381288,3,3,149.0,0.2,148.9,12,148.8,100,148.6,100,,,,,,,,,,,,,,,149.1,6,149.3,100,149.5,12,,,,,,,,,,,,,,
2026-07-07T14:00:15.886123+00:00,2026-07-07T14:00:15.886051,2,2,148.95,0.3,148.8,100,148.6,100,,,,,,,,,,,,,,,,,149.1,6,149.3,100,,,,,,,,,,,,,,,,
2026-07-07T14:00:15.891131+00:00,2026-07-07T14:00:15.891277,3,3,149.05,0.1,149.0,12,148.8,100,148.6,100,,,,,,,,,,,,,,,149.1,6,149.3,100,149.4,12,,,,,,,,,,,,,,
2026-07-07T14:00:16.492000+00:00,2026-07-07T14:00:16.491918,2,3,148.95,0.3,148.8,62,148.6,100,,,,,,,,,,,,,,,,,149.1,6,149.3,100,149.4,12,,,,,,,,,,,,,,
2026-07-07T14:00:16.649515+00:00,2026-07-07T14:00:16.649698,3,2,149.0,0.2,148.9,12,148.8,62,148.6,100,,,,,,,,,,,,,,,149.1,6,149.3,100,,,,,,,,,,,,,,,,
2026-07-07T14:00:16.658630+00:00,2026-07-07T14:00:16.654888,3,2,149.0,0.2,148.9,12,148.8,62,148.6,100,,,,,,,,,,,,,,,149.1,6,149.3,112,,,,,,,,,,,,,,,,
2026-07-07T14:00:17.414292+00:00,2026-07-07T14:00:17.414441,2,1,149.1,0.4,148.9,12,148.8,62,,,,,,,,,,,,,,,,,149.3,112,,,,,,,,,,,,,,,,,,
2026-07-07T14:00:17.463951+00:00,2026-07-07T14:00:17.463911,2,1,149.1,0.4,148.9,162,148.8,62,,,,,,,,,,,,,,,,,149.3,112,,,,,,,,,,,,,,,,,,
2026-07-07T14:00:17.521050+00:00,2026-07-07T14:00:17.521190,2,2,149.1,0.4,148.9,162,148.8,62,,,,,,,,,,,,,,,,,149.3,112,149.4,150,,,,,,,,,,,,,,,,
2026-07-07T14:00:18.158580+00:00,2026-07-07T14:00:18.156881,2,2,149.1,0.4,148.9,150,148.8,62,,,,,,,,,,,,,,,,,149.3,112,149.4,150,,,,,,,,,,,,,,,,
2026-07-07T14:00:18.170807+00:00,2026-07-07T14:00:18.170688,3,2,149.15,0.3,149.0,12,148.9,150,148.8,62,,,,,,,,,,,,,,,149.3,100,149.4,150,,,,,,,,,,,,,,,,
2026-07-07T14:00:18.181246+00:00,2026-07-07T14:00:18.181096,3,2,149.15,0.3,149.0,12,148.9,150,148.8,62,,,,,,,,,,,,,,,149.3,100,149.4,162,,,,,,,,,,,,,,,,
2026-07-07T14:00:18.293824+00:00,2026-07-07T14:00:18.293797,2,1,149.2,0.4,149.0,12,148.9,150,,,,,,,,,,,,,,,,,149.4,162,,,,,,,,,,,,,,,,,,
2026-07-07T14:00:18.347840+00:00,2026-07-07T14:00:18.347758,3,1,149.2,0.4,149.0,12,148.9,150,148.6,100,,,,,,,,,,,,,,,149.4,162,,,,,,,,,,,,,,,,,,
2026-07-07T14:00:18.399789+00:00,2026-07-07T14:00:18.399750,3,2,149.05,0.1,149.0,12,148.9,150,148.6,100,,,,,,,,,,,,,,,149.1,100,149.4,162,,,,,,,,,,,,,,,,
2026-07-07T14:00:18.602651+00:00,2026-07-07T14:00:18.602566,2,2,149.0,0.2,148.9,112,148.6,100,,,,,,,,,,,,,,,,,149.1,100,149.4,162,,,,,,,,,,,,,,,,
2026-07-07T14:00:19.190090+00:00,2026-07-07T14:00:19.190015,2,2,149.0,0.2,148.9,112,148.6,100,,,,,,,,,,,,,,,,,149.1,100,149.4,150,,,,,,,,,,,,,,,,
2026-07-07T14:00:19.195330+00:00,2026-07-07T14:00:19.195251,2,2,149.0,0.2,148.9,124,148.6,100,,,,,,,,,,,,,,,,,149.1,100,149.4,150,,,,,,,,,,,,,,,,
2026-07-07T14:00:19.200601+00:00,2026-07-07T14:00:19.200517,2,3,149.0,0.2,148.9,124,148.6,100,,,,,,,,,,,,,,,,,149.1,100,149.2,12,149.4,150,,,,,,,,,,,,,,
2026-07-07T14:00:20.575292+00:00,2026-07-07T14:00:20.575199,2,2,149.0,0.2,148.9,12,148.6,100,,,,,,,,,,,,,,,,,149.1,100,149.2,12,,,,,,,,,,,,,,,,
2026-07-07T14:00:20.630627+00:00,2026-07-07T14:00:20.630520,3,2,149.0,0.2,148.9,12,148.7,150,148.6,100,,,,,,,,,,,,,,,149.1,100,149.2,12,,,,,,,,,,,,,,,,
2026-07-07T14:00:20.679854+00:00,2026-07-07T14:00:20.679820,3,2,149.0,0.2,148.9,12,148.7,150,148.6,100,,,,,,,,,,,,,,,149.1,100,149.2,162,,,,,,,,,,,,,,,,
2026-07-07T14:00:20.707174+00:00,2026-07-07T14:00:20.707056,2,2,148.9,0.4,148.7,112,148.6,100,,,,,,,,,,,,,,,,,149.1,100,149.2,162,,,,,,,,,,,,,,,,
2026-07-07T14:00:21.458597+00:00,2026-07-07T14:00:21.458093,1,1,148.95,0.5,148.7,112,,,,,,,,,,,,,,,,,,,149.2,162,,,,,,,,,,,,,,,,,,
2026-07-07T14:00:21.510940+00:00,2026-07-07T14:00:21.511072,2,1,148.95,0.5,148.7,112,148.4,100,,,,,,,,,,,,,,,,,149.2,162,,,,,,,,,,,,,,,,,,
2026-07-07T14:00:21.561767+00:00,2026-07-07T14:00:21.561715,2,2,148.8,0.2,148.7,112,148.4,100,,,,,,,,,,,,,,,,,148.9,100,149.2,162,,,,,,,,,,,,,,,,
2026-07-07T14:00:22.743084+00:00,2026-07-07T14:00:22.742994,2,2,148.8,0.2,148.7,112,148.4,100,,,,,,,,,,,,,,,,,148.9,59,149.2,162,,,,,,,,,,,,,,,,
2026-07-07T14:00:22.818504+00:00,2026-07-07T14:00:22.818436,2,2,148.8,0.2,148.7,62,148.4,100,,,,,,,,,,,,,,,,,148.9,59,149.2,162,,,,,,,,,,,,,,,,
2026-07-07T14:00:22.957976+00:00,2026-07-07T14:00:22.958150,2,2,148.8,0.2,148.7,62,148.4,100,,,,,,,,,,,,,,,,,148.9,59,149.2,150,,,,,,,,,,,,,,,,
2026-07-07T14:00:22.971066+00:00,2026-07-07T14:00:22.971259,3,3,148.85,0.1,148.8,12,148.7,62,148.4,100,,,,,,,,,,,,,,,148.9,59,149.2,150,149.3,12,,,,,,,,,,,,,,
2026-07-07T14:00:23.212917+00:00,2026-07-07T14:00:23.213125,2,3,148.8,0.2,148.7,25,148.4,100,,,,,,,,,,,,,,,,,148.9,59,149.2,150,149.3,12,,,,,,,,,,,,,,
2026-07-07T14:00:23.512823+00:00,2026-07-07T14:00:23.508649,3,2,148.85,0.1,148.8,12,148.7,25,148.4,100,,,,,,,,,,,,,,,148.9,47,149.2,150,,,,,,,,,,,,,,,,
2026-07-07T14:00:23.528461+00:00,2026-07-07T14:00:23.528344,3,2,148.85,0.1,148.8,12,148.7,25,148.4,100,,,,,,,,,,,,,,,148.9,47,149.2,162,,,,,,,,,,,,,,,,
2026-07-07T14:00:23.737457+00:00,2026-07-07T14:00:23.737346,2,2,148.85,0.1,148.8,12,148.4,100,,,,,,,,,,,,,,,,,148.9,47,149.2,12,,,,,,,,,,,,,,,,
2026-07-07T14:00:23.792571+00:00,2026-07-07T14:00:23.792471,2,2,148.85,0.1,148.8,12,148.4,250,,,,,,,,,,,,,,,,,148.9,47,149.2,12,,,,,,,,,,,,,,,,
2026-07-07T14:00:23.845623+00:00,2026-07-07T14:00:23.845551,2,2,148.85,0.1,148.8,12,148.4,250,,,,,,,,,,,,,,,,,148.9,197,149.2,12,,,,,,,,,,,,,,,,
2026-07-07T14:00:24.300394+00:00,2026-07-07T14:00:24.300333,2,2,148.85,0.1,148.8,12,148.4,250,,,,,,,,,,,,,,,,,148.9,149,149.2,12,,,,,,,,,,,,,,,,
2026-07-07T14:00:24.615776+00:00,2026-07-07T14:00:24.615677,2,2,148.85,0.1,148.8,12,148.4,150,,,,,,,,,,,,,,,,,148.9,149,149.2,12,,,,,,,,,,,,,,,,
2026-07-07T14:00:24.671976+00:00,2026-07-07T14:00:24.671897,2,2,148.85,0.1,148.8,12,148.4,150,,,,,,,,,,,,,,,,,148.9,49,149.2,12,,,,,,,,,,,,,,,,
2026-07-07T14:00:24.729413+00:00,2026-07-07T14:00:24.729514,2,3,148.85,0.1,148.8,12,148.4,150,,,,,,,,,,,,,,,,,148.9,49,149.2,12,149.4,100,,,,,,,,,,,,,,
2026-07-07T14:00:24.925652+00:00,2026-07-07T14:00:24.925599,1,3,148.65,0.5,148.4,112,,,,,,,,,,,,,,,,,,,148.9,49,149.2,12,149.4,100,,,,,,,,,,,,,,
2026-07-07T14:00:25.029607+00:00,2026-07-07T14:00:25.029529,1,2,148.65,0.5,148.4,112,,,,,,,,,,,,,,,,,,,148.9,49,149.4,100,,,,,,,,,,,,,,,,
2026-07-07T14:00:25.034875+00:00,2026-07-07T14:00:25.034723,1,3,148.65,0.5,148.4,112,,,,,,,,,,,,,,,,,,,148.9,49,149.3,12,149.4,100,,,,,,,,,,,,,,
2026-07-07T14:00:25.218321+00:00,2026-07-07T14:00:25.218268,1,3,148.65,0.5,148.4,112,,,,,,,,,,,,,,,,,,,148.9,1,149.3,12,149.4,100,,,,,,,,,,,,,,
2026-07-07T14:00:26.897390+00:00,2026-07-07T14:00:26.897326,1,2,148.85,0.9,148.4,112,,,,,,,,,,,,,,,,,,,149.3,12,149.4,100,,,,,,,,,,,,,,,,
2026-07-07T14:00:26.902564+00:00,2026-07-07T14:00:26.902524,0,2,,,,,,,,,,,,,,,,,,,,,,,149.3,12,149.4,100,,,,,,,,,,,,,,,,
2026-07-07T14:00:26.950871+00:00,2026-07-07T14:00:26.950828,1,2,149.05,0.5,148.8,150,,,,,,,,,,,,,,,,,,,149.3,12,149.4,100,,,,,,,,,,,,,,,,
2026-07-07T14:00:27.004506+00:00,2026-07-07T14:00:27.004386,1,3,149.0,0.4,148.8,150,,,,,,,,,,,,,,,,,,,149.2,150,149.3,12,149.4,100,,,,,,,,,,,,,,
2026-07-07T14:00:27.035158+00:00,2026-07-07T14:00:27.035098,1,3,149.0,0.4,148.8,100,,,,,,,,,,,,,,,,,,,149.2,150,149.3,12,149.4,100,,,,,,,,,,,,,,
2026-07-07T14:00:27.045744+00:00,2026-07-07T14:00:27.045643,1,2,149.0,0.4,148.8,100,,,,,,,,,,,,,,,,,,,149.2,150,149.4,100,,,,,,,,,,,,,,,,
2026-07-07T14:00:27.051035+00:00,2026-07-07T14:00:27.050976,1,2,149.0,0.4,148.8,100,,,,,,,,,,,,,,,,,,,149.2,162,149.4,100,,,,,,,,,,,,,,,,
2026-07-07T14:00:27.307144+00:00,2026-07-07T14:00:27.307292,1,2,149.0,0.4,148.8,100,,,,,,,,,,,,,,,,,,,149.2,150,149.4,100,,,,,,,,,,,,,,,,
2026-07-07T14:00:27.317869+00:00,2026-07-07T14:00:27.317832,1,3,149.0,0.4,148.8,100,,,,,,,,,,,,,,,,,,,149.2,150,149.3,12,149.4,100,,,,,,,,,,,,,,
2026-07-07T14:00:27.439887+00:00,2026-07-07T14:00:27.439817,1,3,149.0,0.4,148.8,59,,,,,,,,,,,,,,,,,,,149.2,150,149.3,12,149.4,100,,,,,,,,,,,,,,
2026-07-07T14:00:27.779338+00:00,2026-07-07T14:00:27.779515,1,2,149.0,0.4,148.8,59,,,,,,,,,,,,,,,,,,,149.2,150,149.3,12,,,,,,,,,,,,,,,,
2026-07-07T14:00:27.824151+00:00,2026-07-07T14:00:27.824127,1,1,149.0,0.4,148.8,59,,,,,,,,,,,,,,,,,,,149.2,150,,,,,,,,,,,,,,,,,,
2026-07-07T14:00:27.829447+00:00,2026-07-07T14:00:27.829330,1,2,149.0,0.4,148.8,59,,,,,,,,,,,,,,,,,,,149.2,150,149.6,12,,,,,,,,,,,,,,,,
2026-07-07T14:00:27.834498+00:00,2026-07-07T14:00:27.834668,1,2,149.0,0.4,148.8,59,,,,,,,,,,,,,,,,,,,149.2,50,149.6,12,,,,,,,,,,,,,,,,
2026-07-07T14:00:27.888056+00:00,2026-07-07T14:00:27.887984,1,3,149.0,0.4,148.8,59,,,,,,,,,,,,,,,,,,,149.2,50,149.6,12,149.7,100,,,,,,,,,,,,,,
2026-07-07T14:00:28.334001+00:00,2026-07-07T14:00:28.333856,1,2,149.0,0.4,148.8,59,,,,,,,,,,,,,,,,,,,149.2,50,149.7,100,,,,,,,,,,,,,,,,
2026-07-07T14:00:28.344574+00:00,2026-07-07T14:00:28.344396,1,3,149.0,0.4,148.8,59,,,,,,,,,,,,,,,,,,,149.2,50,149.5,12,149.7,100,,,,,,,,,,,,,,
2026-07-07T14:00:28.849808+00:00,2026-07-07T14:00:28.849765,1,2,149.0,0.4,148.8,59,,,,,,,,,,,,,,,,,,,149.2,50,149.7,112,,,,,,,,,,,,,,,,
2026-07-07T14:00:29.144193+00:00,2026-07-07T14:00:29.144105,1,2,149.0,0.4,148.8,9,,,,,,,,,,,,,,,,,,,149.2,50,149.7,112,,,,,,,,,,,,,,,,
2026-07-07T14:00:29.738408+00:00,2026-07-07T14:00:29.723743,1,2,149.0,0.4,148.8,9,,,,,,,,,,,,,,,,,,,149.2,39,149.7,112,,,,,,,,,,,,,,,,
2026-07-07T14:00:30.058635+00:00,2026-07-07T14:00:30.057819,0,1,,,,,,,,,,,,,,,,,,,,,,,149.7,112,,,,,,,,,,,,,,,,,,
2026-07-07T14:00:30.116420+00:00,2026-07-07T14:00:30.116649,1,1,149.4,0.6,149.1,150,,,,,,,,,,,,,,,,,,,149.7,112,,,,,,,,,,,,,,,,,,
2026-07-07T14:00:30.174890+00:00,2026-07-07T14:00:30.174807,1,2,149.35,0.5,149.1,150,,,,,,,,,,,,,,,,,,,149.6,150,149.7,112,,,,,,,,,,,,,,,,
2026-07-07T14:00:30.358598+00:00,2026-07-07T14:00:30.355903,1,2,149.35,0.5,149.1,150,,,,,,,,,,,,,,,,,,,149.6,150,149.7,112,,,,,,,,,,,,,,,,
2026-07-07T14:00:30.507995+00:00,2026-07-07T14:00:30.508142,1,2,149.35,0.5,149.1,150,,,,,,,,,,,,,,,,,,,149.6,110,149.7,112,,,,,,,,,,,,,,,,
2026-07-07T14:00:30.564363+00:00,2026-07-07T14:00:30.564276,1,2,149.35,0.5,149.1,105,,,,,,,,,,,,,,,,,,,149.6,110,149.7,112,,,,,,,,,,,,,,,,
2026-07-07T14:00:30.941781+00:00,2026-07-07T14:00:30.941691,1,2,149.35,0.5,149.1,105,,,,,,,,,,,,,,,,,,,149.6,110,149.7,12,,,,,,,,,,,,,,,,
2026-07-07T14:00:30.997692+00:00,2026-07-07T14:00:30.997501,2,2,149.35,0.5,149.1,105,148.7,100,,,,,,,,,,,,,,,,,149.6,110,149.7,12,,,,,,,,,,,,,,,,
2026-07-07T14:00:31.050933+00:00,2026-07-07T14:00:31.050870,2,3,149.15,0.1,149.1,105,148.7,100,,,,,,,,,,,,,,,,,149.2,100,149.6,110,149.7,12,,,,,,,,,,,,,,
2026-07-07T14:00:31.121287+00:00,2026-07-07T14:00:31.121209,2,2,149.15,0.1,149.1,105,148.7,100,,,,,,,,,,,,,,,,,149.2,100,149.6,110,,,,,,,,,,,,,,,,
2026-07-07T14:00:31.126506+00:00,2026-07-07T14:00:31.126439,2,2,149.15,0.1,149.1,105,148.7,100,,,,,,,,,,,,,,,,,149.2,100,149.6,122,,,,,,,,,,,,,,,,
2026-07-07T14:00:31.169426+00:00,2026-07-07T14:00:31.169269,2,2,149.15,0.1,149.1,60,148.7,100,,,,,,,,,,,,,,,,,149.2,100,149.6,122,,,,,,,,,,,,,,,,
2026-07-07T14:00:31.258734+00:00,2026-07-07T14:00:31.252227,2,2,149.15,0.1,149.1,10,148.7,100,,,,,,,,,,,,,,,,,149.2,100,149.6,122,,,,,,,,,,,,,,,,
2026-07-07T14:00:31.633530+00:00,2026-07-07T14:00:31.633414,2,3,149.15,0.1,149.1,10,148.7,100,,,,,,,,,,,,,,,,,149.2,100,149.6,110,149.9,12,,,,,,,,,,,,,,
2026-07-07T14:00:32.142121+00:00,2026-07-07T14:00:32.141917,2,2,149.15,0.1,149.1,10,148.7,100,,,,,,,,,,,,,,,,,149.2,100,149.6,110,,,,,,,,,,,,,,,,
2026-07-07T14:00:32.147440+00:00,2026-07-07T14:00:32.147374,2,3,149.15,0.1,149.1,10,148.7,100,,,,,,,,,,,,,,,,,149.2,100,149.6,110,150.0,12,,,,,,,,,,,,,,
2026-07-07T14:00:32.658612+00:00,2026-07-07T14:00:32.656217,2,3,149.15,0.1,149.1,10,148.7,100,,,,,,,,,,,,,,,,,149.2,100,149.6,110,149.7,12,,,,,,,,,,,,,,
2026-07-07T14:00:33.232608+00:00,2026-07-07T14:00:33.232518,2,2,149.15,0.1,149.1,10,148.7,100,,,,,,,,,,,,,,,,,149.2,100,149.7,12,,,,,,,,,,,,,,,,
2026-07-07T14:00:33.237890+00:00,2026-07-07T14:00:33.237722,1,2,148.95,0.5,148.7,100,,,,,,,,,,,,,,,,,,,149.2,100,149.7,12,,,,,,,,,,,,,,,,
2026-07-07T14:00:33.293221+00:00,2026-07-07T14:00:33.293097,1,2,148.95,0.5,148.7,250,,,,,,,,,,,,,,,,,,,149.2,100,149.7,12,,,,,,,,,,,,,,,,
2026-07-07T14:00:33.347136+00:00,2026-07-07T14:00:33.347029,1,2,148.95,0.5,148.7,250,,,,,,,,,,,,,,,,,,,149.2,250,149.7,12,,,,,,,,,,,,,,,,
2026-07-07T14:00:33.374316+00:00,2026-07-07T14:00:33.374135,1,2,148.95,0.5,148.7,200,,,,,,,,,,,,,,,,,,,149.2,250,149.7,12,,,,,,,,,,,,,,,,
2026-07-07T14:00:33.414984+00:00,2026-07-07T14:00:33.414893,1,2,148.95,0.5,148.7,200,,,,,,,,,,,,,,,,,,,149.2,250,149.7,12,,,,,,,,,,,,,,,,
2026-07-07T14:00:34.109178+00:00,2026-07-07T14:00:34.109019,1,2,148.95,0.5,148.7,150,,,,,,,,,,,,,,,,,,,149.2,150,149.7,12,,,,,,,,,,,,,,,,
2026-07-07T14:00:34.158721+00:00,2026-07-07T14:00:34.153530,2,2,148.95,0.5,148.7,150,148.6,100,,,,,,,,,,,,,,,,,149.2,150,149.7,12,,,,,,,,,,,,,,,,
2026-07-07T14:00:34.218574+00:00,2026-07-07T14:00:34.218681,2,3,148.9,0.4,148.7,150,148.6,100,,,,,,,,,,,,,,,,,149.1,100,149.2,150,149.7,12,,,,,,,,,,,,,,
2026-07-07T14:00:34.233126+00:00,2026-07-07T14:00:34.223065,2,3,148.9,0.4,148.7,150,148.6,100,,,,,,,,,,,,,,,,,149.1,89,149.2,150,149.7,12,,,,,,,,,,,,,,
2026-07-07T14:00:34.979255+00:00,2026-07-07T14:00:34.972959,2,3,148.9,0.4,148.7,150,148.6,100,,,,,,,,,,,,,,,,,149.1,60,149.2,150,149.7,12,,,,,,,,,,,,,,
2026-07-07T14:00:35.172532+00:00,2026-07-07T14:00:35.172462,2,2,148.9,0.4,148.7,150,148.6,100,,,,,,,,,,,,,,,,,149.1,60,149.2,150,,,,,,,,,,,,,,,,
2026-07-07T14:00:35.177782+00:00,2026-07-07T14:00:35.177659,2,3,148.9,0.4,148.7,150,148.6,100,,,,,,,,,,,,,,,,,149.1,60,149.2,150,150.0,12,,,,,,,,,,,,,,
2026-07-07T14:00:35.482821+00:00,2026-07-07T14:00:35.482685,2,3,148.9,0.4,148.7,100,148.6,100,,,,,,,,,,,,,,,,,149.1,60,149.2,150,150.0,12,,,,,,,,,,,,,,
2026-07-07T14:00:36.403361+00:00,2026-07-07T14:00:36.403495,1,2,148.85,0.5,148.6,100,,,,,,,,,,,,,,,,,,,149.1,60,150.0,12,,,,,,,,,,,,,,,,
2026-07-07T14:00:36.435069+00:00,2026-07-07T14:00:36.435011,1,1,148.85,0.5,148.6,100,,,,,,,,,,,,,,,,,,,149.1,60,,,,,,,,,,,,,,,,,,
2026-07-07T14:00:36.440131+00:00,2026-07-07T14:00:36.440228,1,2,148.85,0.5,148.6,100,,,,,,,,,,,,,,,,,,,149.1,60,149.9,12,,,,,,,,,,,,,,,,
2026-07-07T14:00:36.454080+00:00,2026-07-07T14:00:36.454218,1,2,148.85,0.5,148.6,250,,,,,,,,,,,,,,,,,,,149.1,60,149.9,12,,,,,,,,,,,,,,,,
2026-07-07T14:00:36.511410+00:00,2026-07-07T14:00:36.511561,1,2,148.85,0.5,148.6,250,,,,,,,,,,,,,,,,,,,149.1,210,149.9,12,,,,,,,,,,,,,,,,
2026-07-07T14:00:37.269681+00:00,2026-07-07T14:00:37.269609,1,2,148.85,0.5,148.6,250,,,,,,,,,,,,,,,,,,,149.1,150,149.9,12,,,,,,,,,,,,,,,,
2026-07-07T14:00:37.274713+00:00,2026-07-07T14:00:37.274811,1,2,148.85,0.5,148.6,150,,,,,,,,,,,,,,,,,,,149.1,150,149.9,12,,,,,,,,,,,,,,,,
2026-07-07T14:00:37.321322+00:00,2026-07-07T14:00:37.321185,1,2,148.85,0.5,148.6,150,,,,,,,,,,,,,,,,,,,149.1,101,149.9,12,,,,,,,,,,,,,,,,
2026-07-07T14:00:37.326491+00:00,2026-07-07T14:00:37.326425,2,2,149.0,0.2,148.9,100,148.6,150,,,,,,,,,,,,,,,,,149.1,101,149.9,12,,,,,,,,,,,,,,,,
2026-07-07T14:00:37.382035+00:00,2026-07-07T14:00:37.381945,2,3,149.0,0.2,148.9,100,148.6,150,,,,,,,,,,,,,,,,,149.1,101,149.4,100,149.9,12,,,,,,,,,,,,,,
2026-07-07T14:00:37.470439+00:00,2026-07-07T14:00:37.470269,2,2,149.0,0.2,148.9,100,148.6,150,,,,,,,,,,,,,,,,,149.1,101,149.4,100,,,,,,,,,,,,,,,,
2026-07-07T14:00:37.475627+00:00,2026-07-07T14:00:37.475543,2,3,149.0,0.2,148.9,100,148.6,150,,,,,,,,,,,,,,,,,149.1,101,149.4,100,149.8,12,,,,,,,,,,,,,,
2026-07-07T14:00:37.599807+00:00,2026-07-07T14:00:37.599726,2,3,149.0,0.2,148.9,50,148.6,150,,,,,,,,,,,,,,,,,149.1,101,149.4,100,149.8,12,,,,,,,,,,,,,,
2026-07-07T14:00:37.980973+00:00,2026-07-07T14:00:37.980890,2,3,149.0,0.2,148.9,50,148.6,150,,,,,,,,,,,,,,,,,149.1,101,149.4,100,149.9,12,,,,,,,,,,,,,,
2026-07-07T14:00:39.492258+00:00,2026-07-07T14:00:39.492150,2,2,149.0,0.2,148.9,50,148.6,150,,,,,,,,,,,,,,,,,149.1,101,149.4,100,,,,,,,,,,,,,,,,
2026-07-07T14:00:39.497497+00:00,2026-07-07T14:00:39.497423,2,3,149.0,0.2,148.9,50,148.6,150,,,,,,,,,,,,,,,,,149.1,101,149.4,100,150.0,12,,,,,,,,,,,,,,
2026-07-07T14:00:39.565535+00:00,2026-07-07T14:00:39.565504,1,2,149.15,0.5,148.9,50,,,,,,,,,,,,,,,,,,,149.4,100,150.0,12,,,,,,,,,,,,,,,,
2026-07-07T14:00:39.621153+00:00,2026-07-07T14:00:39.621029,2,2,149.2,0.4,149.0,150,148.9,50,,,,,,,,,,,,,,,,,149.4,100,150.0,12,,,,,,,,,,,,,,,,
2026-07-07T14:00:39.682100+00:00,2026-07-07T14:00:39.681965,2,3,149.2,0.4,149.0,150,148.9,50,,,,,,,,,,,,,,,,,149.4,100,149.5,150,150.0,12,,,,,,,,,,,,,,
2026-07-07T14:00:39.705111+00:00,2026-07-07T14:00:39.704972,2,3,149.2,0.4,149.0,100,148.9,50,,,,,,,,,,,,,,,,,149.4,100,149.5,150,150.0,12,,,,,,,,,,,,,,
2026-07-07T14:00:40.434301+00:00,2026-07-07T14:00:40.434227,1,2,149.25,0.5,149.0,100,,,,,,,,,,,,,,,,,,,149.5,150,150.0,12,,,,,,,,,,,,,,,,
2026-07-07T14:00:40.501814+00:00,2026-07-07T14:00:40.501666,1,2,149.25,0.5,149.0,200,,,,,,,,,,,,,,,,,,,149.5,150,150.0,12,,,,,,,,,,,,,,,,
2026-07-07T14:00:40.559583+00:00,2026-07-07T14:00:40.559466,1,2,149.25,0.5,149.0,200,,,,,,,,,,,,,,,,,,,149.5,250,150.0,12,,,,,,,,,,,,,,,,
2026-07-07T14:00:41.758571+00:00,2026-07-07T14:00:41.751003,1,2,149.25,0.5,149.0,200,,,,,,,,,,,,,,,,,,,149.5,250,149.9,12,,,,,,,,,,,,,,,,
2026-07-07T14:00:42.728444+00:00,2026-07-07T14:00:42.728404,1,2,149.25,0.5,149.0,200,,,,,,,,,,,,,,,,,,,149.5,100,149.9,12,,,,,,,,,,,,,,,,
2026-07-07T14:00:42.733714+00:00,2026-07-07T14:00:42.733610,1,2,149.25,0.5,149.0,100,,,,,,,,,,,,,,,,,,,149.5,100,149.9,12,,,,,,,,,,,,,,,,
2026-07-07T14:00:42.783426+00:00,2026-07-07T14:00:42.783329,2,2,149.25,0.5,149.0,100,148.7,150,,,,,,,,,,,,,,,,,149.5,100,149.9,12,,,,,,,,,,,,,,,,
2026-07-07T14:00:42.840065+00:00,2026-07-07T14:00:42.839982,2,3,149.1,0.2,149.0,100,148.7,150,,,,,,,,,,,,,,,,,149.2,150,149.5,100,149.9,12,,,,,,,,,,,,,,
2026-07-07T14:00:43.612122+00:00,2026-07-07T14:00:43.612089,2,2,149.1,0.2,149.0,100,148.7,150,,,,,,,,,,,,,,,,,149.2,150,149.9,12,,,,,,,,,,,,,,,,
2026-07-07T14:00:43.617471+00:00,2026-07-07T14:00:43.617300,1,2,148.95,0.5,148.7,150,,,,,,,,,,,,,,,,,,,149.2,150,149.9,12,,,,,,,,,,,,,,,,
2026-07-07T14:00:43.670031+00:00,2026-07-07T14:00:43.670170,2,2,149.0,0.4,148.8,100,148.7,150,,,,,,,,,,,,,,,,,149.2,150,149.9,12,,,,,,,,,,,,,,,,
2026-07-07T14:00:43.722383+00:00,2026-07-07T14:00:43.722285,2,3,149.0,0.4,148.8,100,148.7,150,,,,,,,,,,,,,,,,,149.2,150,149.3,100,149.9,12,,,,,,,,,,,,,,
2026-07-07T14:00:43.769597+00:00,2026-07-07T14:00:43.769538,2,3,149.0,0.4,148.8,100,148.7,150,,,,,,,,,,,,,,,,,149.2,150,149.3,100,150.0,12,,,,,,,,,,,,,,
2026-07-07T14:00:44.282917+00:00,2026-07-07T14:00:44.282806,2,2,149.0,0.4,148.8,100,148.7,150,,,,,,,,,,,,,,,,,149.2,150,149.3,100,,,,,,,,,,,,,,,,
2026-07-07T14:00:44.288214+00:00,2026-07-07T14:00:44.288069,2,3,149.0,0.4,148.8,100,148.7,150,,,,,,,,,,,,,,,,,149.2,150,149.3,100,150.1,12,,,,,,,,,,,,,,
2026-07-07T14:00:45.786410+00:00,2026-07-07T14:00:45.786363,2,3,149.0,0.4,148.8,100,148.7,150,,,,,,,,,,,,,,,,,149.2,109,149.3,100,150.1,12,,,,,,,,,,,,,,
2026-07-07T14:00:45.897370+00:00,2026-07-07T14:00:45.897287,1,2,149.05,0.5,148.8,100,,,,,,,,,,,,,,,,,,,149.3,100,150.1,12,,,,,,,,,,,,,,,,
2026-07-07T14:00:45.956442+00:00,2026-07-07T14:00:45.956623,2,2,149.15,0.3,149.0,150,148.8,100,,,,,,,,,,,,,,,,,149.3,100,150.1,12,,,,,,,,,,,,,,,,
2026-07-07T14:00:46.012814+00:00,2026-07-07T14:00:46.012720,2,3,149.15,0.3,149.0,150,148.8,100,,,,,,,,,,,,,,,,,149.3,100,149.5,150,150.1,12,,,,,,,,,,,,,,
2026-07-07T14:00:46.043108+00:00,2026-07-07T14:00:46.043042,2,2,149.15,0.3,149.0,150,148.8,100,,,,,,,,,,,,,,,,,149.3,100,149.5,150,,,,,,,,,,,,,,,,
2026-07-07T14:00:46.048464+00:00,2026-07-07T14:00:46.048341,2,3,149.15,0.3,149.0,150,148.8,100,,,,,,,,,,,,,,,,,149.3,100,149.5,150,150.1,12,,,,,,,,,,,,,,
2026-07-07T14:00:46.778121+00:00,2026-07-07T14:00:46.778098,1,2,149.25,0.5,149.0,150,,,,,,,,,,,,,,,,,,,149.5,150,150.1,12,,,,,,,,,,,,,,,,
2026-07-07T14:00:46.805264+00:00,2026-07-07T14:00:46.805205,1,1,149.25,0.5,149.0,150,,,,,,,,,,,,,,,,,,,149.5,150,,,,,,,,,,,,,,,,,,
2026-07-07T14:00:46.810451+00:00,2026-07-07T14:00:46.810405,1,2,149.25,0.5,149.0,150,,,,,,,,,,,,,,,,,,,149.5,150,150.0,12,,,,,,,,,,,,,,,,
2026-07-07T14:00:46.849411+00:00,2026-07-07T14:00:46.849522,2,2,149.25,0.5,149.0,150,148.9,100,,,,,,,,,,,,,,,,,149.5,150,150.0,12,,,,,,,,,,,,,,,,
2026-07-07T14:00:46.899373+00:00,2026-07-07T14:00:46.899294,2,3,149.2,0.4,149.0,150,148.9,100,,,,,,,,,,,,,,,,,149.4,100,149.5,150,150.0,12,,,,,,,,,,,,,,
2026-07-07T14:00:48.143651+00:00,2026-07-07T14:00:48.143610,2,3,149.2,0.4,149.0,100,148.9,100,,,,,,,,,,,,,,,,,149.4,100,149.5,150,150.0,12,,,,,,,,,,,,,,
2026-07-07T14:00:48.399381+00:00,2026-07-07T14:00:48.399331,2,3,149.2,0.4,149.0,100,148.9,100,,,,,,,,,,,,,,,,,149.4,52,149.5,150,150.0,12,,,,,,,,,,,,,,
2026-07-07T14:00:48.917581+00:00,2026-07-07T14:00:48.917536,2,3,149.2,0.4,149.0,54,148.9,100,,,,,,,,,,,,,,,,,149.4,52,149.5,150,150.0,12,,,,,,,,,,,,,,
2026-07-07T14:00:49.070370+00:00,2026-07-07T14:00:49.070566,1,2,149.15,0.5,148.9,100,,,,,,,,,,,,,,,,,,,149.4,52,150.0,12,,,,,,,,,,,,,,,,
2026-07-07T14:00:49.121192+00:00,2026-07-07T14:00:49.121107,2,2,149.15,0.5,148.9,100,148.6,150,,,,,,,,,,,,,,,,,149.4,52,150.0,12,,,,,,,,,,,,,,,,
2026-07-07T14:00:49.178414+00:00,2026-07-07T14:00:49.178338,2,3,149.0,0.2,148.9,100,148.6,150,,,,,,,,,,,,,,,,,149.1,150,149.4,52,150.0,12,,,,,,,,,,,,,,
2026-07-07T14:00:49.958554+00:00,2026-07-07T14:00:49.956502,1,2,148.85,0.5,148.6,150,,,,,,,,,,,,,,,,,,,149.1,150,150.0,12,,,,,,,,,,,,,,,,
2026-07-07T14:00:50.009081+00:00,2026-07-07T14:00:50.009015,1,2,148.85,0.5,148.6,150,,,,,,,,,,,,,,,,,,,149.1,50,150.0,12,,,,,,,,,,,,,,,,
2026-07-07T14:00:50.057307+00:00,2026-07-07T14:00:50.057484,1,3,148.85,0.5,148.6,150,,,,,,,,,,,,,,,,,,,149.1,50,149.6,100,150.0,12,,,,,,,,,,,,,,
2026-07-07T14:00:50.069014+00:00,2026-07-07T14:00:50.068905,1,2,148.85,0.5,148.6,150,,,,,,,,,,,,,,,,,,,149.1,50,149.6,100,,,,,,,,,,,,,,,,
2026-07-07T14:00:50.074227+00:00,2026-07-07T14:00:50.074132,1,3,148.85,0.5,148.6,150,,,,,,,,,,,,,,,,,,,149.1,50,149.6,100,150.1,12,,,,,,,,,,,,,,
2026-07-07T14:00:50.251562+00:00,2026-07-07T14:00:50.251503,1,3,148.85,0.5,148.6,100,,,,,,,,,,,,,,,,,,,149.1,50,149.6,100,150.1,12,,,,,,,,,,,,,,
2026-07-07T14:00:50.386867+00:00,2026-07-07T14:00:50.386774,1,3,148.85,0.5,148.6,100,,,,,,,,,,,,,,,,,,,149.1,2,149.6,100,150.1,12,,,,,,,,,,,,,,
2026-07-07T14:00:50.854400+00:00,2026-07-07T14:00:50.854263,1,3,148.85,0.5,148.6,55,,,,,,,,,,,,,,,,,,,149.1,2,149.6,100,150.1,12,,,,,,,,,,,,,,
2026-07-07T14:00:51.931419+00:00,2026-07-07T14:00:51.931597,1,2,149.1,1.0,148.6,55,,,,,,,,,,,,,,,,,,,149.6,58,150.1,12,,,,,,,,,,,,,,,,
2026-07-07T14:00:52.230678+00:00,2026-07-07T14:00:52.230557,0,2,,,,,,,,,,,,,,,,,,,,,,,149.6,58,150.1,12,,,,,,,,,,,,,,,,
2026-07-07T14:00:52.291021+00:00,2026-07-07T14:00:52.290856,1,2,149.2,0.8,148.8,150,,,,,,,,,,,,,,,,,,,149.6,58,150.1,12,,,,,,,,,,,,,,,,
2026-07-07T14:00:52.333505+00:00,2026-07-07T14:00:52.333426,1,2,149.2,0.8,148.8,150,,,,,,,,,,,,,,,,,,,149.6,58,150.0,12,,,,,,,,,,,,,,,,
2026-07-07T14:00:52.343921+00:00,2026-07-07T14:00:52.343874,1,3,149.05,0.5,148.8,150,,,,,,,,,,,,,,,,,,,149.3,150,149.6,58,150.0,12,,,,,,,,,,,,,,
2026-07-07T14:00:52.358605+00:00,2026-07-07T14:00:52.354214,1,3,149.05,0.5,148.8,100,,,,,,,,,,,,,,,,,,,149.3,150,149.6,58,150.0,12,,,,,,,,,,,,,,
2026-07-07T14:00:53.119490+00:00,2026-07-07T14:00:53.119621,1,2,149.05,0.5,148.8,100,,,,,,,,,,,,,,,,,,,149.3,150,150.0,12,,,,,,,,,,,,,,,,
2026-07-07T14:00:53.169139+00:00,2026-07-07T14:00:53.169049,2,2,149.1,0.4,148.9,100,148.8,100,,,,,,,,,,,,,,,,,149.3,150,150.0,12,,,,,,,,,,,,,,,,
2026-07-07T14:00:53.221415+00:00,2026-07-07T14:00:53.221586,2,3,149.1,0.4,148.9,100,148.8,100,,,,,,,,,,,,,,,,,149.3,150,149.4,100,150.0,12,,,,,,,,,,,,,,
2026-07-07T14:00:53.447083+00:00,2026-07-07T14:00:53.446930,2,3,149.1,0.4,148.9,58,148.8,100,,,,,,,,,,,,,,,,,149.3,150,149.4,100,150.0,12,,,,,,,,,,,,,,
2026-07-07T14:00:53.843151+00:00,2026-07-07T14:00:53.843061,2,3,149.1,0.4,148.9,58,148.8,100,,,,,,,,,,,,,,,,,149.3,150,149.4,100,150.2,12,,,,,,,,,,,,,,
2026-07-07T14:00:55.100727+00:00,2026-07-07T14:00:55.100691,2,2,149.1,0.4,148.9,58,148.8,100,,,,,,,,,,,,,,,,,149.3,150,149.4,100,,,,,,,,,,,,,,,,
2026-07-07T14:00:55.106028+00:00,2026-07-07T14:00:55.105909,2,3,149.1,0.4,148.9,58,148.8,100,,,,,,,,,,,,,,,,,149.3,150,149.4,100,150.0,12,,,,,,,,,,,,,,
2026-07-07T14:00:55.129886+00:00,2026-07-07T14:00:55.129814,2,3,149.1,0.4,148.9,58,148.8,100,,,,,,,,,,,,,,,,,149.3,101,149.4,100,150.0,12,,,,,,,,,,,,,,
2026-07-07T14:00:55.396360+00:00,2026-07-07T14:00:55.396280,2,2,149.15,0.5,148.9,58,148.8,100,,,,,,,,,,,,,,,,,149.4,100,150.0,12,,,,,,,,,,,,,,,,
2026-07-07T14:00:55.401574+00:00,2026-07-07T14:00:55.401482,1,2,149.15,0.5,148.9,58,,,,,,,,,,,,,,,,,,,149.4,100,150.0,12,,,,,,,,,,,,,,,,
2026-07-07T14:00:55.458623+00:00,2026-07-07T14:00:55.455084,2,2,149.15,0.5,148.9,58,148.8,150,,,,,,,,,,,,,,,,,149.4,100,150.0,12,,,,,,,,,,,,,,,,
2026-07-07T14:00:55.508696+00:00,2026-07-07T14:00:55.508628,2,3,149.1,0.4,148.9,58,148.8,150,,,,,,,,,,,,,,,,,149.3,150,149.4,100,150.0,12,,,,,,,,,,,,,,
2026-07-07T14:00:56.278339+00:00,2026-07-07T14:00:56.278230,2,2,149.1,0.4,148.9,58,148.8,150,,,,,,,,,,,,,,,,,149.3,150,150.0,12,,,,,,,,,,,,,,,,
2026-07-07T14:00:56.283332+00:00,2026-07-07T14:00:56.283449,1,2,149.05,0.5,148.8,150,,,,,,,,,,,,,,,,,,,149.3,150,150.0,12,,,,,,,,,,,,,,,,
2026-07-07T14:00:56.332719+00:00,2026-07-07T14:00:56.332688,1,2,149.05,0.5,148.8,250,,,,,,,,,,,,,,,,,,,149.3,150,150.0,12,,,,,,,,,,,,,,,,
2026-07-07T14:00:56.386358+00:00,2026-07-07T14:00:56.386299,1,2,149.05,0.5,148.8,250,,,,,,,,,,,,,,,,,,,149.3,250,150.0,12,,,,,,,,,,,,,,,,
2026-07-07T14:00:56.722659+00:00,2026-07-07T14:00:56.722806,1,2,149.05,0.5,148.8,202,,,,,,,,,,,,,,,,,,,149.3,250,150.0,12,,,,,,,,,,,,,,,,
2026-07-07T14:00:57.592749+00:00,2026-07-07T14:00:57.592608,1,2,149.05,0.5,148.8,156,,,,,,,,,,,,,,,,,,,149.3,250,150.0,12,,,,,,,,,,,,,,,,
2026-07-07T14:00:58.563941+00:00,2026-07-07T14:00:58.563824,1,2,149.05,0.5,148.8,100,,,,,,,,,,,,,,,,,,,149.3,100,150.0,12,,,,,,,,,,,,,,,,
2026-07-07T14:00:58.616751+00:00,2026-07-07T14:00:58.616915,2,1,149.05,0.5,148.8,100,148.4,150,,,,,,,,,,,,,,,,,149.3,100,,,,,,,,,,,,,,,,,,
2026-07-07T14:00:58.622192+00:00,2026-07-07T14:00:58.622133,2,2,149.05,0.5,148.8,100,148.4,150,,,,,,,,,,,,,,,,,149.3,100,149.9,12,,,,,,,,,,,,,,,,
2026-07-07T14:00:58.627219+00:00,2026-07-07T14:00:58.627396,2,2,149.05,0.5,148.8,100,148.4,150,,,,,,,,,,,,,,,,,149.3,50,149.9,12,,,,,,,,,,,,,,,,
2026-07-07T14:00:58.670209+00:00,2026-07-07T14:00:58.670134,2,3,148.85,0.1,148.8,100,148.4,150,,,,,,,,,,,,,,,,,148.9,150,149.3,50,149.9,12,,,,,,,,,,,,,,
2026-07-07T14:00:59.441928+00:00,2026-07-07T14:00:59.441822,2,2,148.85,0.1,148.8,100,148.4,150,,,,,,,,,,,,,,,,,148.9,150,149.9,12,,,,,,,,,,,,,,,,
2026-07-07T14:00:59.447207+00:00,2026-07-07T14:00:59.447020,1,2,148.65,0.5,148.4,150,,,,,,,,,,,,,,,,,,,148.9,150,149.9,12,,,,,,,,,,,,,,,,
2026-07-07T14:00:59.496783+00:00,2026-07-07T14:00:59.496620,2,2,148.8,0.2,148.7,100,148.4,150,,,,,,,,,,,,,,,,,148.9,150,149.9,12,,,,,,,,,,,,,,,,
2026-07-07T14:00:59.548047+00:00,2026-07-07T14:00:59.547973,2,3,148.8,0.2,148.7,100,148.4,150,,,,,,,,,,,,,,,,,148.9,150,149.2,100,149.9,12,,,,,,,,,,,,,,
2026-07-07T14:01:00.381027+00:00,2026-07-07T14:01:00.381179,2,3,148.8,0.2,148.7,100,148.4,150,,,,,,,,,,,,,,,,,148.9,150,149.2,100,150.0,12,,,,,,,,,,,,,,
2026-07-07T14:01:00.568957+00:00,2026-07-07T14:01:00.568875,2,3,148.8,0.2,148.7,100,148.4,150,,,,,,,,,,,,,,,,,148.9,104,149.2,100,150.0,12,,,,,,,,,,,,,,
2026-07-07T14:01:00.738873+00:00,2026-07-07T14:01:00.738746,2,3,148.8,0.2,148.7,100,148.4,150,,,,,,,,,,,,,,,,,148.9,54,149.2,100,150.0,12,,,,,,,,,,,,,,
2026-07-07T14:01:01.085042+00:00,2026-07-07T14:01:01.084929,2,3,148.8,0.2,148.7,100,148.4,150,,,,,,,,,,,,,,,,,148.9,7,149.2,100,150.0,12,,,,,,,,,,,,,,
2026-07-07T14:01:01.391409+00:00,2026-07-07T14:01:01.391336,2,3,148.8,0.2,148.7,100,148.4,150,,,,,,,,,,,,,,,,,148.9,7,149.2,100,149.9,12,,,,,,,,,,,,,,
2026-07-07T14:01:01.728974+00:00,2026-07-07T14:01:01.728886,1,2,148.95,0.5,148.7,100,,,,,,,,,,,,,,,,,,,149.2,100,149.9,12,,,,,,,,,,,,,,,,
2026-07-07T14:01:01.781106+00:00,2026-07-07T14:01:01.781005,1,2,148.95,0.5,148.7,250,,,,,,,,,,,,,,,,,,,149.2,100,149.9,12,,,,,,,,,,,,,,,,
2026-07-07T14:01:01.833572+00:00,2026-07-07T14:01:01.833501,1,2,148.95,0.5,148.7,250,,,,,,,,,,,,,,,,,,,149.2,250,149.9,12,,,,,,,,,,,,,,,,
2026-07-07T14:01:01.899278+00:00,2026-07-07T14:01:01.899184,1,2,148.95,0.5,148.7,250,,,,,,,,,,,,,,,,,,,149.2,250,149.8,12,,,,,,,,,,,,,,,,
2026-07-07T14:01:02.182379+00:00,2026-07-07T14:01:02.182310,1,2,148.95,0.5,148.7,201,,,,,,,,,,,,,,,,,,,149.2,250,149.8,12,,,,,,,,,,,,,,,,
2026-07-07T14:01:02.612365+00:00,2026-07-07T14:01:02.612315,1,2,148.95,0.5,148.7,150,,,,,,,,,,,,,,,,,,,149.2,150,149.8,12,,,,,,,,,,,,,,,,
2026-07-07T14:01:02.663987+00:00,2026-07-07T14:01:02.663954,2,2,148.95,0.5,148.7,150,148.6,100,,,,,,,,,,,,,,,,,149.2,150,149.8,12,,,,,,,,,,,,,,,,
2026-07-07T14:01:02.720366+00:00,2026-07-07T14:01:02.720282,2,3,148.9,0.4,148.7,150,148.6,100,,,,,,,,,,,,,,,,,149.1,100,149.2,150,149.8,12,,,,,,,,,,,,,,
2026-07-07T14:01:02.900748+00:00,2026-07-07T14:01:02.900860,2,3,148.9,0.4,148.7,100,148.6,100,,,,,,,,,,,,,,,,,149.1,100,149.2,150,149.8,12,,,,,,,,,,,,,,
2026-07-07T14:01:04.131069+00:00,2026-07-07T14:01:04.131254,2,3,148.9,0.4,148.7,100,148.6,100,,,,,,,,,,,,,,,,,149.1,51,149.2,150,149.8,12,,,,,,,,,,,,,,
2026-07-07T14:01:04.888028+00:00,2026-07-07T14:01:04.888235,1,2,148.85,0.5,148.6,100,,,,,,,,,,,,,,,,,,,149.1,51,149.8,12,,,,,,,,,,,,,,,,
2026-07-07T14:01:04.944789+00:00,2026-07-07T14:01:04.944735,2,2,148.95,0.3,148.8,150,148.6,100,,,,,,,,,,,,,,,,,149.1,51,149.8,12,,,,,,,,,,,,,,,,
2026-07-07T14:01:04.964129+00:00,2026-07-07T14:01:04.963908,2,2,148.95,0.3,148.8,150,148.6,100,,,,,,,,,,,,,,,,,149.1,1,149.8,12,,,,,,,,,,,,,,,,
2026-07-07T14:01:04.998254+00:00,2026-07-07T14:01:04.998118,2,3,148.95,0.3,148.8,150,148.6,100,,,,,,,,,,,,,,,,,149.1,1,149.3,150,149.8,12,,,,,,,,,,,,,,
2026-07-07T14:01:05.174332+00:00,2026-07-07T14:01:05.174218,2,3,148.95,0.3,148.8,106,148.6,100,,,,,,,,,,,,,,,,,149.1,1,149.3,150,149.8,12,,,,,,,,,,,,,,
2026-07-07T14:01:05.703327+00:00,2026-07-07T14:01:05.703199,2,2,149.05,0.5,148.8,106,148.6,100,,,,,,,,,,,,,,,,,149.3,107,149.8,12,,,,,,,,,,,,,,,,
2026-07-07T14:01:05.774900+00:00,2026-07-07T14:01:05.774796,1,2,149.05,0.5,148.8,106,,,,,,,,,,,,,,,,,,,149.3,107,149.8,12,,,,,,,,,,,,,,,,
2026-07-07T14:01:05.827909+00:00,2026-07-07T14:01:05.827807,2,2,149.15,0.3,149.0,100,148.8,106,,,,,,,,,,,,,,,,,149.3,107,149.8,12,,,,,,,,,,,,,,,,
2026-07-07T14:01:05.880384+00:00,2026-07-07T14:01:05.880296,2,3,149.15,0.3,149.0,100,148.8,106,,,,,,,,,,,,,,,,,149.3,107,149.5,100,149.8,12,,,,,,,,,,,,,,
2026-07-07T14:01:06.834411+00:00,2026-07-07T14:01:06.834557,2,3,149.15,0.3,149.0,58,148.8,106,,,,,,,,,,,,,,,,,149.3,107,149.5,100,149.8,12,,,,,,,,,,,,,,
2026-07-07T14:01:07.064129+00:00,2026-07-07T14:01:07.064004,2,3,149.15,0.3,149.0,58,148.8,106,,,,,,,,,,,,,,,,,149.3,57,149.5,100,149.8,12,,,,,,,,,,,,,,
2026-07-07T14:01:08.050360+00:00,2026-07-07T14:01:08.050324,1,2,149.25,0.5,149.0,58,,,,,,,,,,,,,,,,,,,149.5,100,149.8,12,,,,,,,,,,,,,,,,
2026-07-07T14:01:08.107436+00:00,2026-07-07T14:01:08.107337,1,2,149.25,0.5,149.0,208,,,,,,,,,,,,,,,,,,,149.5,100,149.8,12,,,,,,,,,,,,,,,,
2026-07-07T14:01:08.147013+00:00,2026-07-07T14:01:08.151522,1,2,149.25,0.5,149.0,208,,,,,,,,,,,,,,,,,,,149.5,250,149.8,12,,,,,,,,,,,,,,,,
2026-07-07T14:01:08.397039+00:00,2026-07-07T14:01:08.396921,1,2,149.25,0.5,149.0,165,,,,,,,,,,,,,,,,,,,149.5,250,149.8,12,,,,,,,,,,,,,,,,
2026-07-07T14:01:08.964011+00:00,2026-07-07T14:01:08.963961,1,2,149.25,0.5,149.0,150,,,,,,,,,,,,,,,,,,,149.5,150,149.8,12,,,,,,,,,,,,,,,,
2026-07-07T14:01:09.014338+00:00,2026-07-07T14:01:09.014291,2,2,149.25,0.5,149.0,150,148.8,100,,,,,,,,,,,,,,,,,149.5,150,149.8,12,,,,,,,,,,,,,,,,
2026-07-07T14:01:09.071297+00:00,2026-07-07T14:01:09.071409,2,3,149.15,0.3,149.0,150,148.8,100,,,,,,,,,,,,,,,,,149.3,100,149.5,150,149.8,12,,,,,,,,,,,,,,
2026-07-07T14:01:09.195583+00:00,2026-07-07T14:01:09.195445,2,3,149.15,0.3,149.0,150,148.8,100,,,,,,,,,,,,,,,,,149.3,50,149.5,150,149.8,12,,,,,,,,,,,,,,
2026-07-07T14:01:10.683259+00:00,2026-07-07T14:01:10.683426,2,3,149.15,0.3,149.0,150,148.8,100,,,,,,,,,,,,,,,,,149.3,50,149.5,150,149.9,12,,,,,,,,,,,,,,
2026-07-07T14:01:10.939505+00:00,2026-07-07T14:01:10.939360,2,2,149.15,0.3,149.0,150,148.8,100,,,,,,,,,,,,,,,,,149.3,50,149.5,150,,,,,,,,,,,,,,,,
2026-07-07T14:01:10.944729+00:00,2026-07-07T14:01:10.944620,2,3,149.15,0.3,149.0,150,148.8,100,,,,,,,,,,,,,,,,,149.3,50,149.5,150,150.0,12,,,,,,,,,,,,,,
2026-07-07T14:01:11.218361+00:00,2026-07-07T14:01:11.218288,1,2,149.05,0.5,148.8,100,,,,,,,,,,,,,,,,,,,149.3,50,150.0,12,,,,,,,,,,,,,,,,
2026-07-07T14:01:11.273709+00:00,2026-07-07T14:01:11.273634,2,2,149.2,0.2,149.1,150,148.8,100,,,,,,,,,,,,,,,,,149.3,50,150.0,12,,,,,,,,,,,,,,,,
2026-07-07T14:01:11.306422+00:00,2026-07-07T14:01:11.295993,2,1,149.55,0.9,149.1,150,148.8,100,,,,,,,,,,,,,,,,,150.0,12,,,,,,,,,,,,,,,,,,
2026-07-07T14:01:11.321734+00:00,2026-07-07T14:01:11.321908,2,2,149.35,0.5,149.1,150,148.8,100,,,,,,,,,,,,,,,,,149.6,150,150.0,12,,,,,,,,,,,,,,,,
2026-07-07T14:01:11.990968+00:00,2026-07-07T14:01:11.990867,2,2,149.35,0.5,149.1,150,148.8,100,,,,,,,,,,,,,,,,,149.6,102,150.0,12,,,,,,,,,,,,,,,,
2026-07-07T14:01:12.125439+00:00,2026-07-07T14:01:12.125347,1,2,149.35,0.5,149.1,150,,,,,,,,,,,,,,,,,,,149.6,102,150.0,12,,,,,,,,,,,,,,,,
2026-07-07T14:01:12.178603+00:00,2026-07-07T14:01:12.178505,2,2,149.4,0.4,149.2,100,149.1,150,,,,,,,,,,,,,,,,,149.6,102,150.0,12,,,,,,,,,,,,,,,,
2026-07-07T14:01:12.198732+00:00,2026-07-07T14:01:12.198901,2,1,149.4,0.4,149.2,100,149.1,150,,,,,,,,,,,,,,,,,149.6,102,,,,,,,,,,,,,,,,,,
2026-07-07T14:01:12.209437+00:00,2026-07-07T14:01:12.209352,2,2,149.4,0.4,149.2,100,149.1,150,,,,,,,,,,,,,,,,,149.6,102,150.0,12,,,,,,,,,,,,,,,,
2026-07-07T14:01:12.232045+00:00,2026-07-07T14:01:12.231984,2,3,149.4,0.4,149.2,100,149.1,150,,,,,,,,,,,,,,,,,149.6,102,149.7,100,150.0,12,,,,,,,,,,,,,,
2026-07-07T14:01:12.477433+00:00,2026-07-07T14:01:12.477349,2,3,149.4,0.4,149.2,51,149.1,150,,,,,,,,,,,,,,,,,149.6,102,149.7,100,150.0,12,,,,,,,,,,,,,,
2026-07-07T14:01:13.442106+00:00,2026-07-07T14:01:13.441977,2,3,149.4,0.4,149.2,51,149.1,150,,,,,,,,,,,,,,,,,149.6,52,149.7,100,150.0,12,,,,,,,,,,,,,,
2026-07-07T14:01:14.396649+00:00,2026-07-07T14:01:14.396533,1,2,149.45,0.5,149.2,51,,,,,,,,,,,,,,,,,,,149.7,100,150.0,12,,,,,,,,,,,,,,,,
2026-07-07T14:01:14.468409+00:00,2026-07-07T14:01:14.464012,2,2,149.65,0.1,149.6,144,149.2,51,,,,,,,,,,,,,,,,,149.7,100,150.1,12,,,,,,,,,,,,,,,,
2026-07-07T14:01:14.508237+00:00,2026-07-07T14:01:14.508112,2,2,149.65,0.1,149.6,144,149.2,51,,,,,,,,,,,,,,,,,149.7,100,150.1,162,,,,,,,,,,,,,,,,
2026-07-07T14:01:15.291280+00:00,2026-07-07T14:01:15.291227,1,1,149.85,0.5,149.6,144,,,,,,,,,,,,,,,,,,,150.1,162,,,,,,,,,,,,,,,,,,
2026-07-07T14:01:15.344123+00:00,2026-07-07T14:01:15.344262,2,1,149.85,0.5,149.6,144,149.2,100,,,,,,,,,,,,,,,,,150.1,162,,,,,,,,,,,,,,,,,,
2026-07-07T14:01:15.394035+00:00,2026-07-07T14:01:15.393957,2,2,149.65,0.1,149.6,144,149.2,100,,,,,,,,,,,,,,,,,149.7,100,150.1,162,,,,,,,,,,,,,,,,
2026-07-07T14:01:15.548106+00:00,2026-07-07T14:01:15.548084,2,2,149.65,0.1,149.6,144,149.2,100,,,,,,,,,,,,,,,,,149.7,50,150.1,162,,,,,,,,,,,,,,,,
2026-07-07T14:01:15.614323+00:00,2026-07-07T14:01:15.614281,2,2,149.65,0.1,149.6,144,149.2,100,,,,,,,,,,,,,,,,,149.7,6,150.1,162,,,,,,,,,,,,,,,,
2026-07-07T14:01:15.729409+00:00,2026-07-07T14:01:15.729377,2,3,149.65,0.1,149.6,144,149.2,100,,,,,,,,,,,,,,,,,149.7,6,150.1,150,150.3,12,,,,,,,,,,,,,,
2026-07-07T14:01:17.562399+00:00,2026-07-07T14:01:17.562555,1,2,149.45,0.5,149.2,100,,,,,,,,,,,,,,,,,,,149.7,6,150.3,12,,,,,,,,,,,,,,,,
2026-07-07T14:01:17.617545+00:00,2026-07-07T14:01:17.617380,2,1,150.0,0.6,149.7,144,149.2,100,,,,,,,,,,,,,,,,,150.3,12,,,,,,,,,,,,,,,,,,
2026-07-07T14:01:17.670120+00:00,2026-07-07T14:01:17.669996,2,1,149.95,0.5,149.7,144,149.2,100,,,,,,,,,,,,,,,,,150.2,150,,,,,,,,,,,,,,,,,,
2026-07-07T14:01:17.751911+00:00,2026-07-07T14:01:17.745839,3,2,150.0,0.4,149.8,1,149.7,144,149.2,100,,,,,,,,,,,,,,,150.2,150,150.3,12,,,,,,,,,,,,,,,,
2026-07-07T14:01:18.452472+00:00,2026-07-07T14:01:18.452400,2,2,150.0,0.4,149.8,1,149.7,144,,,,,,,,,,,,,,,,,150.2,150,150.3,12,,,,,,,,,,,,,,,,
2026-07-07T14:01:18.503954+00:00,2026-07-07T14:01:18.503788,3,2,150.0,0.4,149.8,1,149.7,144,149.5,100,,,,,,,,,,,,,,,150.2,150,150.3,12,,,,,,,,,,,,,,,,
2026-07-07T14:01:18.509117+00:00,2026-07-07T14:01:18.509004,2,1,149.95,0.5,149.7,144,149.5,100,,,,,,,,,,,,,,,,,150.2,150,,,,,,,,,,,,,,,,,,
2026-07-07T14:01:18.514281+00:00,2026-07-07T14:01:18.514236,3,1,150.0,0.4,149.8,1,149.7,144,149.5,100,,,,,,,,,,,,,,,150.2,162,,,,,,,,,,,,,,,,,,
2026-07-07T14:01:18.558543+00:00,2026-07-07T14:01:18.556305,3,2,149.9,0.2,149.8,1,149.7,144,149.5,100,,,,,,,,,,,,,,,150.0,100,150.2,162,,,,,,,,,,,,,,,,
2026-07-07T14:01:18.862284+00:00,2026-07-07T14:01:18.853565,2,2,149.85,0.3,149.7,144,149.5,100,,,,,,,,,,,,,,,,,150.0,100,150.2,162,,,,,,,,,,,,,,,,
2026-07-07T14:01:19.778067+00:00,2026-07-07T14:01:19.777924,2,2,149.85,0.3,149.7,144,149.5,100,,,,,,,,,,,,,,,,,150.0,50,150.2,162,,,,,,,,,,,,,,,,
2026-07-07T14:01:20.728672+00:00,2026-07-07T14:01:20.728558,1,2,149.75,0.5,149.5,100,,,,,,,,,,,,,,,,,,,150.0,50,150.2,12,,,,,,,,,,,,,,,,
2026-07-07T14:01:20.777349+00:00,2026-07-07T14:01:20.777250,1,2,149.75,0.5,149.5,100,,,,,,,,,,,,,,,,,,,150.0,50,150.2,12,,,,,,,,,,,,,,,,
2026-07-07T14:01:20.782533+00:00,2026-07-07T14:01:20.782475,2,2,149.8,0.4,149.6,150,149.5,100,,,,,,,,,,,,,,,,,150.0,50,150.2,12,,,,,,,,,,,,,,,,
2026-07-07T14:01:20.835622+00:00,2026-07-07T14:01:20.835558,2,3,149.8,0.4,149.6,150,149.5,100,,,,,,,,,,,,,,,,,150.0,50,150.1,150,150.2,12,,,,,,,,,,,,,,
2026-07-07T14:01:21.135153+00:00,2026-07-07T14:01:21.135089,2,3,149.8,0.4,149.6,108,149.5,100,,,,,,,,,,,,,,,,,150.0,50,150.1,150,150.2,12,,,,,,,,,,,,,,
2026-07-07T14:01:21.615984+00:00,2026-07-07T14:01:21.615864,1,2,149.85,0.5,149.6,108,,,,,,,,,,,,,,,,,,,150.1,150,150.2,12,,,,,,,,,,,,,,,,
2026-07-07T14:01:21.658697+00:00,2026-07-07T14:01:21.657944,1,2,149.85,0.5,149.6,66,,,,,,,,,,,,,,,,,,,150.1,150,150.2,12,,,,,,,,,,,,,,,,
2026-07-07T14:01:21.675666+00:00,2026-07-07T14:01:21.675548,2,2,149.9,0.4,149.7,100,149.6,66,,,,,,,,,,,,,,,,,150.1,150,150.2,12,,,,,,,,,,,,,,,,
2026-07-07T14:01:21.727236+00:00,2026-07-07T14:01:21.727102,2,2,149.9,0.4,149.7,100,149.6,66,,,,,,,,,,,,,,,,,150.1,150,150.2,112,,,,,,,,,,,,,,,,
2026-07-07T14:01:21.787719+00:00,2026-07-07T14:01:21.787849,2,2,149.9,0.4,149.7,100,149.6,66,,,,,,,,,,,,,,,,,150.1,150,150.2,112,,,,,,,,,,,,,,,,
2026-07-07T14:01:23.885301+00:00,2026-07-07T14:01:23.885200,2,1,149.95,0.5,149.7,100,149.6,66,,,,,,,,,,,,,,,,,150.2,112,,,,,,,,,,,,,,,,,,
2026-07-07T14:01:23.890527+00:00,2026-07-07T14:01:23.890399,1,1,149.95,0.5,149.7,100,,,,,,,,,,,,,,,,,,,150.2,112,,,,,,,,,,,,,,,,,,
2026-07-07T14:01:23.944020+00:00,2026-07-07T14:01:23.943914,2,1,149.95,0.5,149.7,100,149.3,150,,,,,,,,,,,,,,,,,150.2,112,,,,,,,,,,,,,,,,,,
2026-07-07T14:01:23.993354+00:00,2026-07-07T14:01:23.993270,2,2,149.75,0.1,149.7,100,149.3,150,,,,,,,,,,,,,,,,,149.8,150,150.2,112,,,,,,,,,,,,,,,,
2026-07-07T14:01:24.074699+00:00,2026-07-07T14:01:24.074648,2,2,149.75,0.1,149.7,50,149.3,150,,,,,,,,,,,,,,,,,149.8,150,150.2,112,,,,,,,,,,,,,,,,
2026-07-07T14:01:24.794869+00:00,2026-07-07T14:01:24.795086,1,2,149.55,0.5,149.3,150,,,,,,,,,,,,,,,,,,,149.8,150,150.2,12,,,,,,,,,,,,,,,,
2026-07-07T14:01:24.800473+00:00,2026-07-07T14:01:24.800303,1,1,149.55,0.5,149.3,150,,,,,,,,,,,,,,,,,,,149.8,150,,,,,,,,,,,,,,,,,,
2026-07-07T14:01:24.805623+00:00,2026-07-07T14:01:24.805503,1,2,149.55,0.5,149.3,150,,,,,,,,,,,,,,,,,,,149.8,150,150.2,12,,,,,,,,,,,,,,,,
2026-07-07T14:01:24.848837+00:00,2026-07-07T14:01:24.848775,2,2,149.65,0.3,149.5,100,149.3,150,,,,,,,,,,,,,,,,,149.8,150,150.2,12,,,,,,,,,,,,,,,,
2026-07-07T14:01:24.916099+00:00,2026-07-07T14:01:24.915984,2,3,149.65,0.3,149.5,100,149.3,150,,,,,,,,,,,,,,,,,149.8,150,150.0,100,150.2,12,,,,,,,,,,,,,,
2026-07-07T14:01:25.307598+00:00,2026-07-07T14:01:25.307799,2,2,149.65,0.3,149.5,100,149.3,150,,,,,,,,,,,,,,,,,149.8,150,150.0,100,,,,,,,,,,,,,,,,
2026-07-07T14:01:25.313109+00:00,2026-07-07T14:01:25.313049,2,3,149.65,0.3,149.5,100,149.3,150,,,,,,,,,,,,,,,,,149.8,150,150.0,100,150.1,12,,,,,,,,,,,,,,
2026-07-07T14:01:25.771513+00:00,2026-07-07T14:01:25.771399,2,3,149.65,0.3,149.5,100,149.3,150,,,,,,,,,,,,,,,,,149.8,109,150.0,100,150.1,12,,,,,,,,,,,,,,
2026-07-07T14:01:26.127433+00:00,2026-07-07T14:01:26.127359,2,3,149.65,0.3,149.5,100,149.3,150,,,,,,,,,,,,,,,,,149.8,59,150.0,100,150.1,12,,,,,,,,,,,,,,
2026-07-07T14:01:26.318403+00:00,2026-07-07T14:01:26.318551,2,2,149.65,0.3,149.5,100,149.3,150,,,,,,,,,,,,,,,,,149.8,59,150.0,100,,,,,,,,,,,,,,,,
2026-07-07T14:01:26.323847+00:00,2026-07-07T14:01:26.323751,2,2,149.65,0.3,149.5,100,149.3,150,,,,,,,,,,,,,,,,,149.8,59,150.0,112,,,,,,,,,,,,,,,,
2026-07-07T14:01:27.047600+00:00,2026-07-07T14:01:27.047523,2,1,149.75,0.5,149.5,100,149.3,150,,,,,,,,,,,,,,,,,150.0,112,,,,,,,,,,,,,,,,,,
2026-07-07T14:01:27.052772+00:00,2026-07-07T14:01:27.052711,1,1,149.75,0.5,149.5,100,,,,,,,,,,,,,,,,,,,150.0,112,,,,,,,,,,,,,,,,,,
2026-07-07T14:01:27.115274+00:00,2026-07-07T14:01:27.115251,2,1,149.75,0.5,149.5,100,149.4,150,,,,,,,,,,,,,,,,,150.0,112,,,,,,,,,,,,,,,,,,
2026-07-07T14:01:27.170954+00:00,2026-07-07T14:01:27.170920,2,2,149.7,0.4,149.5,100,149.4,150,,,,,,,,,,,,,,,,,149.9,150,150.0,112,,,,,,,,,,,,,,,,
2026-07-07T14:01:27.969743+00:00,2026-07-07T14:01:27.969589,2,2,149.7,0.4,149.5,100,149.4,150,,,,,,,,,,,,,,,,,149.9,150,150.0,12,,,,,,,,,,,,,,,,
2026-07-07T14:01:27.974905+00:00,2026-07-07T14:01:27.974792,1,2,149.65,0.5,149.4,150,,,,,,,,,,,,,,,,,,,149.9,150,150.0,12,,,,,,,,,,,,,,,,
2026-07-07T14:01:28.024752+00:00,2026-07-07T14:01:28.024667,1,2,149.65,0.5,149.4,250,,,,,,,,,,,,,,,,,,,149.9,150,150.0,12,,,,,,,,,,,,,,,,
2026-07-07T14:01:28.080328+00:00,2026-07-07T14:01:28.080149,1,2,149.65,0.5,149.4,250,,,,,,,,,,,,,,,,,,,149.9,250,150.0,12,,,,,,,,,,,,,,,,
2026-07-07T14:01:28.236103+00:00,2026-07-07T14:01:28.236260,1,2,149.65,0.5,149.4,250,,,,,,,,,,,,,,,,,,,149.9,200,150.0,12,,,,,,,,,,,,,,,,
2026-07-07T14:01:28.874386+00:00,2026-07-07T14:01:28.874339,1,2,149.65,0.5,149.4,250,,,,,,,,,,,,,,,,,,,149.9,154,150.0,12,,,,,,,,,,,,,,,,
2026-07-07T14:01:29.079487+00:00,2026-07-07T14:01:29.079369,1,1,149.65,0.5,149.4,250,,,,,,,,,,,,,,,,,,,149.9,154,,,,,,,,,,,,,,,,,,
2026-07-07T14:01:29.084691+00:00,2026-07-07T14:01:29.084608,1,2,149.65,0.5,149.4,250,,,,,,,,,,,,,,,,,,,149.9,154,150.1,12,,,,,,,,,,,,,,,,
2026-07-07T14:01:29.758690+00:00,2026-07-07T14:01:29.755662,1,2,149.65,0.5,149.4,205,,,,,,,,,,,,,,,,,,,149.9,154,150.1,12,,,,,,,,,,,,,,,,
2026-07-07T14:01:30.229785+00:00,2026-07-07T14:01:30.229673,1,2,149.65,0.5,149.4,100,,,,,,,,,,,,,,,,,,,149.9,100,150.1,12,,,,,,,,,,,,,,,,
2026-07-07T14:01:30.292833+00:00,2026-07-07T14:01:30.287273,2,2,149.8,0.2,149.7,139,149.4,100,,,,,,,,,,,,,,,,,149.9,100,150.1,12,,,,,,,,,,,,,,,,
2026-07-07T14:01:30.334857+00:00,2026-07-07T14:01:30.334764,2,3,149.8,0.2,149.7,139,149.4,100,,,,,,,,,,,,,,,,,149.9,100,150.1,12,150.2,150,,,,,,,,,,,,,,
2026-07-07T14:01:30.340019+00:00,2026-07-07T14:01:30.339943,2,2,149.8,0.2,149.7,139,149.4,100,,,,,,,,,,,,,,,,,149.9,100,150.2,150,,,,,,,,,,,,,,,,
2026-07-07T14:01:30.345293+00:00,2026-07-07T14:01:30.345165,2,3,149.8,0.2,149.7,139,149.4,100,,,,,,,,,,,,,,,,,149.9,100,150.1,12,150.2,150,,,,,,,,,,,,,,
2026-07-07T14:01:31.129732+00:00,2026-07-07T14:01:31.129657,2,2,149.9,0.4,149.7,139,149.4,100,,,,,,,,,,,,,,,,,150.1,12,150.2,150,,,,,,,,,,,,,,,,
2026-07-07T14:01:31.134943+00:00,2026-07-07T14:01:31.134854,1,2,149.9,0.4,149.7,139,,,,,,,,,,,,,,,,,,,150.1,12,150.2,150,,,,,,,,,,,,,,,,
2026-07-07T14:01:31.140246+00:00,2026-07-07T14:01:31.140090,1,2,149.9,0.4,149.7,98,,,,,,,,,,,,,,,,,,,150.1,12,150.2,150,,,,,,,,,,,,,,,,
2026-07-07T14:01:31.186972+00:00,2026-07-07T14:01:31.186919,2,2,149.9,0.4,149.7,98,149.4,100,,,,,,,,,,,,,,,,,150.1,12,150.2,150,,,,,,,,,,,,,,,,
2026-07-07T14:01:31.236656+00:00,2026-07-07T14:01:31.236593,2,3,149.8,0.2,149.7,98,149.4,100,,,,,,,,,,,,,,,,,149.9,100,150.1,12,150.2,150,,,,,,,,,,,,,,
2026-07-07T14:01:32.199947+00:00,2026-07-07T14:01:32.193230,2,3,149.8,0.2,149.7,87,149.4,100,,,,,,,,,,,,,,,,,149.9,100,150.1,12,150.2,150,,,,,,,,,,,,,,
2026-07-07T14:01:32.447238+00:00,2026-07-07T14:01:32.447122,2,3,149.8,0.2,149.7,87,149.4,100,,,,,,,,,,,,,,,,,149.9,50,150.1,12,150.2,150,,,,,,,,,,,,,,
2026-07-07T14:01:32.698783+00:00,2026-07-07T14:01:32.698747,2,3,149.8,0.2,149.7,87,149.4,100,,,,,,,,,,,,,,,,,149.9,9,150.1,12,150.2,150,,,,,,,,,,,,,,
2026-07-07T14:01:33.391123+00:00,2026-07-07T14:01:33.391057,1,2,149.65,0.5,149.4,100,,,,,,,,,,,,,,,,,,,149.9,9,150.1,12,,,,,,,,,,,,,,,,
2026-07-07T14:01:33.443131+00:00,2026-07-07T14:01:33.443012,1,2,149.65,0.5,149.4,250,,,,,,,,,,,,,,,,,,,149.9,9,150.1,12,,,,,,,,,,,,,,,,
2026-07-07T14:01:33.500856+00:00,2026-07-07T14:01:33.500947,1,2,149.65,0.5,149.4,250,,,,,,,,,,,,,,,,,,,149.9,159,150.1,12,,,,,,,,,,,,,,,,
2026-07-07T14:01:33.604491+00:00,2026-07-07T14:01:33.604427,1,1,149.65,0.5,149.4,250,,,,,,,,,,,,,,,,,,,149.9,159,,,,,,,,,,,,,,,,,,
2026-07-07T14:01:33.609507+00:00,2026-07-07T14:01:33.609614,1,2,149.65,0.5,149.4,250,,,,,,,,,,,,,,,,,,,149.9,159,150.0,12,,,,,,,,,,,,,,,,
2026-07-07T14:01:34.295486+00:00,2026-07-07T14:01:34.295370,1,2,149.65,0.5,149.4,150,,,,,,,,,,,,,,,,,,,149.9,150,150.0,12,,,,,,,,,,,,,,,,
2026-07-07T14:01:34.347191+00:00,2026-07-07T14:01:34.347153,2,2,149.75,0.3,149.6,100,149.4,150,,,,,,,,,,,,,,,,,149.9,150,150.0,12,,,,,,,,,,,,,,,,
2026-07-07T14:01:34.404017+00:00,2026-07-07T14:01:34.403949,2,3,149.75,0.3,149.6,100,149.4,150,,,,,,,,,,,,,,,,,149.9,150,150.0,12,150.1,100,,,,,,,,,,,,,,
2026-07-07T14:01:34.443244+00:00,2026-07-07T14:01:34.443128,2,3,149.75,0.3,149.6,100,149.4,150,,,,,,,,,,,,,,,,,149.9,104,150.0,12,150.1,100,,,,,,,,,,,,,,
2026-07-07T14:01:35.368577+00:00,2026-07-07T14:01:35.368472,2,2,149.75,0.3,149.6,100,149.4,150,,,,,,,,,,,,,,,,,149.9,104,150.1,112,,,,,,,,,,,,,,,,
2026-07-07T14:01:35.974828+00:00,2026-07-07T14:01:35.974727,2,2,149.75,0.3,149.6,56,149.4,150,,,,,,,,,,,,,,,,,149.9,104,150.1,112,,,,,,,,,,,,,,,,
2026-07-07T14:01:36.558599+00:00,2026-07-07T14:01:36.555189,1,1,149.85,0.5,149.6,56,,,,,,,,,,,,,,,,,,,150.1,112,,,,,,,,,,,,,,,,,,
2026-07-07T14:01:36.608913+00:00,2026-07-07T14:01:36.608813,2,1,149.9,0.4,149.7,150,149.6,56,,,,,,,,,,,,,,,,,150.1,112,,,,,,,,,,,,,,,,,,
2026-07-07T14:01:36.627728+00:00,2026-07-07T14:01:36.627686,2,2,149.9,0.4,149.7,150,149.6,56,,,,,,,,,,,,,,,,,150.1,100,150.2,12,,,,,,,,,,,,,,,,
2026-07-07T14:01:36.656028+00:00,2026-07-07T14:01:36.656203,2,2,149.9,0.4,149.7,150,149.6,56,,,,,,,,,,,,,,,,,150.1,100,150.2,162,,,,,,,,,,,,,,,,
2026-07-07T14:01:36.709323+00:00,2026-07-07T14:01:36.709233,2,2,149.9,0.4,149.7,100,149.6,56,,,,,,,,,,,,,,,,,150.1,100,150.2,162,,,,,,,,,,,,,,,,
2026-07-07T14:01:37.464648+00:00,2026-07-07T14:01:37.464539,1,1,149.95,0.5,149.7,100,,,,,,,,,,,,,,,,,,,150.2,162,,,,,,,,,,,,,,,,,,
2026-07-07T14:01:37.502114+00:00,2026-07-07T14:01:37.502194,1,1,149.95,0.5,149.7,58,,,,,,,,,,,,,,,,,,,150.2,162,,,,,,,,,,,,,,,,,,
2026-07-07T14:01:37.518690+00:00,2026-07-07T14:01:37.518577,2,1,149.95,0.5,149.7,58,149.5,100,,,,,,,,,,,,,,,,,150.2,162,,,,,,,,,,,,,,,,,,
2026-07-07T14:01:37.571130+00:00,2026-07-07T14:01:37.571003,2,2,149.85,0.3,149.7,58,149.5,100,,,,,,,,,,,,,,,,,150.0,100,150.2,162,,,,,,,,,,,,,,,,
2026-07-07T14:01:39.392584+00:00,2026-07-07T14:01:39.392508,2,2,149.85,0.3,149.7,58,149.5,100,,,,,,,,,,,,,,,,,150.0,100,150.2,150,,,,,,,,,,,,,,,,
2026-07-07T14:01:39.397778+00:00,2026-07-07T14:01:39.397712,2,3,149.85,0.3,149.7,58,149.5,100,,,,,,,,,,,,,,,,,150.0,100,150.2,150,150.3,12,,,,,,,,,,,,,,
2026-07-07T14:01:39.712464+00:00,2026-07-07T14:01:39.712347,2,2,149.85,0.3,149.7,58,149.5,100,,,,,,,,,,,,,,,,,150.0,100,150.3,12,,,,,,,,,,,,,,,,
2026-07-07T14:01:39.717580+00:00,2026-07-07T14:01:39.717508,1,2,149.75,0.5,149.5,100,,,,,,,,,,,,,,,,,,,150.0,100,150.3,12,,,,,,,,,,,,,,,,
2026-07-07T14:01:39.769266+00:00,2026-07-07T14:01:39.769219,2,2,149.8,0.4,149.6,150,149.5,100,,,,,,,,,,,,,,,,,150.0,100,150.3,12,,,,,,,,,,,,,,,,
2026-07-07T14:01:39.830027+00:00,2026-07-07T14:01:39.829894,2,3,149.8,0.4,149.6,150,149.5,100,,,,,,,,,,,,,,,,,150.0,100,150.1,150,150.3,12,,,,,,,,,,,,,,
2026-07-07T14:01:39.903922+00:00,2026-07-07T14:01:39.903820,2,3,149.8,0.4,149.6,150,149.5,100,,,,,,,,,,,,,,,,,150.0,100,150.1,150,150.4,12,,,,,,,,,,,,,,
2026-07-07T14:01:40.624346+00:00,2026-07-07T14:01:40.624303,1,2,149.85,0.5,149.6,150,,,,,,,,,,,,,,,,,,,150.1,150,150.4,12,,,,,,,,,,,,,,,,
2026-07-07T14:01:40.680673+00:00,2026-07-07T14:01:40.680848,2,2,149.9,0.4,149.7,100,149.6,150,,,,,,,,,,,,,,,,,150.1,150,150.4,12,,,,,,,,,,,,,,,,
2026-07-07T14:01:40.738863+00:00,2026-07-07T14:01:40.738755,2,3,149.9,0.4,149.7,100,149.6,150,,,,,,,,,,,,,,,,,150.1,150,150.2,100,150.4,12,,,,,,,,,,,,,,
2026-07-07T14:01:40.912246+00:00,2026-07-07T14:01:40.912428,2,2,149.9,0.4,149.7,100,149.6,150,,,,,,,,,,,,,,,,,150.1,150,150.2,112,,,,,,,,,,,,,,,,
2026-07-07T14:01:42.880314+00:00,2026-07-07T14:01:42.880268,1,1,149.95,0.5,149.7,100,,,,,,,,,,,,,,,,,,,150.2,112,,,,,,,,,,,,,,,,,,
2026-07-07T14:01:42.936799+00:00,2026-07-07T14:01:42.936766,2,1,149.95,0.5,149.7,100,149.4,150,,,,,,,,,,,,,,,,,150.2,112,,,,,,,,,,,,,,,,,,
2026-07-07T14:01:42.987900+00:00,2026-07-07T14:01:42.987824,2,2,149.8,0.2,149.7,100,149.4,150,,,,,,,,,,,,,,,,,149.9,150,150.2,112,,,,,,,,,,,,,,,,
2026-07-07T14:01:43.023230+00:00,2026-07-07T14:01:43.023132,2,2,149.8,0.2,149.7,50,149.4,150,,,,,,,,,,,,,,,,,149.9,150,150.2,112,,,,,,,,,,,,,,,,
2026-07-07T14:01:43.790990+00:00,2026-07-07T14:01:43.790946,2,2,149.8,0.2,149.7,50,149.4,150,,,,,,,,,,,,,,,,,149.9,150,150.2,12,,,,,,,,,,,,,,,,
2026-07-07T14:01:43.796130+00:00,2026-07-07T14:01:43.796102,1,2,149.65,0.5,149.4,150,,,,,,,,,,,,,,,,,,,149.9,150,150.2,12,,,,,,,,,,,,,,,,
2026-07-07T14:01:43.845620+00:00,2026-07-07T14:01:43.845510,2,2,149.7,0.4,149.5,100,149.4,150,,,,,,,,,,,,,,,,,149.9,150,150.2,12,,,,,,,,,,,,,,,,
2026-07-07T14:01:43.901201+00:00,2026-07-07T14:01:43.901042,2,3,149.7,0.4,149.5,100,149.4,150,,,,,,,,,,,,,,,,,149.9,150,150.0,100,150.2,12,,,,,,,,,,,,,,
2026-07-07T14:01:43.927586+00:00,2026-07-07T14:01:43.927499,2,3,149.7,0.4,149.5,100,149.4,150,,,,,,,,,,,,,,,,,149.9,150,150.0,100,150.2,12,,,,,,,,,,,,,,
2026-07-07T14:01:45.133129+00:00,2026-07-07T14:01:45.133100,2,3,149.7,0.4,149.5,50,149.4,150,,,,,,,,,,,,,,,,,149.9,150,150.0,100,150.2,12,,,,,,,,,,,,,,
2026-07-07T14:01:45.325711+00:00,2026-07-07T14:01:45.325670,2,3,149.7,0.4,149.5,50,149.4,150,,,,,,,,,,,,,,,,,149.9,102,150.0,100,150.2,12,,,,,,,,,,,,,,
2026-07-07T14:01:46.043182+00:00,2026-07-07T14:01:46.043145,1,2,149.75,0.5,149.5,50,,,,,,,,,,,,,,,,,,,150.0,100,150.2,12,,,,,,,,,,,,,,,,
2026-07-07T14:01:46.099108+00:00,2026-07-07T14:01:46.099026,2,2,149.85,0.3,149.7,150,149.5,50,,,,,,,,,,,,,,,,,150.0,100,150.2,12,,,,,,,,,,,,,,,,
2026-07-07T14:01:46.152998+00:00,2026-07-07T14:01:46.152867,2,2,149.85,0.3,149.7,150,149.5,50,,,,,,,,,,,,,,,,,150.0,100,150.2,162,,,,,,,,,,,,,,,,
2026-07-07T14:01:46.189258+00:00,2026-07-07T14:01:46.189191,2,3,149.85,0.3,149.7,150,149.5,50,,,,,,,,,,,,,,,,,150.0,100,150.2,150,150.3,12,,,,,,,,,,,,,,
2026-07-07T14:01:46.338472+00:00,2026-07-07T14:01:46.338570,2,3,149.85,0.3,149.7,150,149.5,50,,,,,,,,,,,,,,,,,150.0,53,150.2,150,150.3,12,,,,,,,,,,,,,,
2026-07-07T14:01:46.958584+00:00,2026-07-07T14:01:46.956790,1,2,149.95,0.5,149.7,150,,,,,,,,,,,,,,,,,,,150.2,150,150.3,12,,,,,,,,,,,,,,,,
2026-07-07T14:01:47.009173+00:00,2026-07-07T14:01:47.009035,2,2,149.95,0.5,149.7,150,149.5,100,,,,,,,,,,,,,,,,,150.2,150,150.3,12,,,,,,,,,,,,,,,,
2026-07-07T14:01:47.062553+00:00,2026-07-07T14:01:47.062509,2,3,149.85,0.3,149.7,150,149.5,100,,,,,,,,,,,,,,,,,150.0,100,150.2,150,150.3,12,,,,,,,,,,,,,,
2026-07-07T14:01:47.196214+00:00,2026-07-07T14:01:47.196132,2,2,149.85,0.3,149.7,150,149.5,100,,,,,,,,,,,,,,,,,150.0,100,150.2,150,,,,,,,,,,,,,,,,
2026-07-07T14:01:47.201209+00:00,2026-07-07T14:01:47.201311,2,3,149.85,0.3,149.7,150,149.5,100,,,,,,,,,,,,,,,,,150.0,100,150.2,150,150.4,12,,,,,,,,,,,,,,
2026-07-07T14:01:47.240052+00:00,2026-07-07T14:01:47.239983,2,3,149.85,0.3,149.7,100,149.5,100,,,,,,,,,,,,,,,,,150.0,100,150.2,150,150.4,12,,,,,,,,,,,,,,
2026-07-07T14:01:49.206473+00:00,2026-07-07T14:01:49.206356,2,2,149.85,0.3,149.7,100,149.5,100,,,,,,,,,,,,,,,,,150.0,100,150.4,12,,,,,,,,,,,,,,,,
2026-07-07T14:01:49.211681+00:00,2026-07-07T14:01:49.211563,1,2,149.75,0.5,149.5,100,,,,,,,,,,,,,,,,,,,150.0,100,150.4,12,,,,,,,,,,,,,,,,
2026-07-07T14:01:49.258671+00:00,2026-07-07T14:01:49.256481,2,2,149.8,0.4,149.6,150,149.5,100,,,,,,,,,,,,,,,,,150.0,100,150.4,12,,,,,,,,,,,,,,,,
2026-07-07T14:01:49.315738+00:00,2026-07-07T14:01:49.315640,2,3,149.8,0.4,149.6,150,149.5,100,,,,,,,,,,,,,,,,,150.0,100,150.1,150,150.4,12,,,,,,,,,,,,,,
2026-07-07T14:01:49.347525+00:00,2026-07-07T14:01:49.347463,2,3,149.8,0.4,149.6,100,149.5,100,,,,,,,,,,,,,,,,,150.0,100,150.1,150,150.4,12,,,,,,,,,,,,,,
2026-07-07T14:01:49.443016+00:00,2026-07-07T14:01:49.442957,2,3,149.8,0.4,149.6,58,149.5,100,,,,,,,,,,,,,,,,,150.0,100,150.1,150,150.4,12,,,,,,,,,,,,,,
2026-07-07T14:01:49.458633+00:00,2026-07-07T14:01:49.457301,2,3,149.8,0.4,149.6,58,149.5,100,,,,,,,,,,,,,,,,,150.0,100,150.1,150,150.4,12,,,,,,,,,,,,,,
2026-07-07T14:01:50.150275+00:00,2026-07-07T14:01:50.150400,1,2,149.85,0.5,149.6,58,,,,,,,,,,,,,,,,,,,150.1,150,150.4,12,,,,,,,,,,,,,,,,
2026-07-07T14:01:50.207784+00:00,2026-07-07T14:01:50.207643,2,2,149.9,0.4,149.7,100,149.6,58,,,,,,,,,,,,,,,,,150.1,150,150.4,12,,,,,,,,,,,,,,,,
2026-07-07T14:01:50.218277+00:00,2026-07-07T14:01:50.218170,2,1,149.9,0.4,149.7,100,149.6,58,,,,,,,,,,,,,,,,,150.1,150,,,,,,,,,,,,,,,,,,
2026-07-07T14:01:50.223556+00:00,2026-07-07T14:01:50.223452,2,2,149.9,0.4,149.7,100,149.6,58,,,,,,,,,,,,,,,,,150.1,150,150.4,12,,,,,,,,,,,,,,,,
2026-07-07T14:01:50.259336+00:00,2026-07-07T14:01:50.259237,2,3,149.9,0.4,149.7,100,149.6,58,,,,,,,,,,,,,,,,,150.1,150,150.2,100,150.4,12,,,,,,,,,,,,,,
2026-07-07T14:01:51.458645+00:00,2026-07-07T14:01:51.457457,2,3,149.9,0.4,149.7,50,149.6,58,,,,,,,,,,,,,,,,,150.1,150,150.2,100,150.4,12,,,,,,,,,,,,,,
2026-07-07T14:01:51.733511+00:00,2026-07-07T14:01:51.733407,2,3,149.9,0.4,149.7,50,149.6,58,,,,,,,,,,,,,,,,,150.1,150,150.2,100,150.3,12,,,,,,,,,,,,,,
2026-07-07T14:01:52.091087+00:00,2026-07-07T14:01:52.090941,2,3,149.9,0.4,149.7,6,149.6,58,,,,,,,,,,,,,,,,,150.1,150,150.2,100,150.3,12,,,,,,,,,,,,,,
2026-07-07T14:01:52.373988+00:00,2026-07-07T14:01:52.374148,1,2,149.95,0.5,149.7,6,,,,,,,,,,,,,,,,,,,150.2,100,150.3,12,,,,,,,,,,,,,,,,
2026-07-07T14:01:52.429728+00:00,2026-07-07T14:01:52.429610,2,2,149.95,0.5,149.7,6,149.2,150,,,,,,,,,,,,,,,,,150.2,100,150.3,12,,,,,,,,,,,,,,,,
2026-07-07T14:01:52.495622+00:00,2026-07-07T14:01:52.488732,1,3,149.45,0.5,149.2,150,,,,,,,,,,,,,,,,,,,149.7,110,150.2,100,150.4,12,,,,,,,,,,,,,,
2026-07-07T14:01:52.697227+00:00,2026-07-07T14:01:52.697165,1,3,149.45,0.5,149.2,150,,,,,,,,,,,,,,,,,,,149.7,69,150.2,100,150.4,12,,,,,,,,,,,,,,
2026-07-07T14:01:52.790266+00:00,2026-07-07T14:01:52.783514,1,3,149.45,0.5,149.2,150,,,,,,,,,,,,,,,,,,,149.7,63,150.2,100,150.4,12,,,,,,,,,,,,,,
2026-07-07T14:01:53.316500+00:00,2026-07-07T14:01:53.316449,1,2,149.45,0.5,149.2,150,,,,,,,,,,,,,,,,,,,149.7,63,150.4,12,,,,,,,,,,,,,,,,
2026-07-07T14:01:53.369827+00:00,2026-07-07T14:01:53.369730,2,2,149.6,0.2,149.5,100,149.2,150,,,,,,,,,,,,,,,,,149.7,63,150.4,12,,,,,,,,,,,,,,,,
2026-07-07T14:01:53.419530+00:00,2026-07-07T14:01:53.419454,2,3,149.6,0.2,149.5,100,149.2,150,,,,,,,,,,,,,,,,,149.7,63,150.0,100,150.4,12,,,,,,,,,,,,,,
2026-07-07T14:01:53.500176+00:00,2026-07-07T14:01:53.500315,2,2,149.6,0.2,149.5,100,149.2,150,,,,,,,,,,,,,,,,,149.7,63,150.0,100,,,,,,,,,,,,,,,,
2026-07-07T14:01:53.505619+00:00,2026-07-07T14:01:53.505509,2,3,149.6,0.2,149.5,100,149.2,150,,,,,,,,,,,,,,,,,149.7,63,150.0,100,150.4,12,,,,,,,,,,,,,,
2026-07-07T14:01:53.555726+00:00,2026-07-07T14:01:53.556310,2,3,149.6,0.2,149.5,50,149.2,150,,,,,,,,,,,,,,,,,149.7,63,150.0,100,150.4,12,,,,,,,,,,,,,,
2026-07-07T14:01:54.840140+00:00,2026-07-07T14:01:54.840071,2,3,149.6,0.2,149.5,50,149.2,150,,,,,,,,,,,,,,,,,149.7,19,150.0,100,150.4,12,,,,,,,,,,,,,,
2026-07-07T14:01:55.265926+00:00,2026-07-07T14:01:55.266048,2,2,149.6,0.2,149.5,50,149.2,150,,,,,,,,,,,,,,,,,149.7,19,150.0,100,,,,,,,,,,,,,,,,
2026-07-07T14:01:55.271311+00:00,2026-07-07T14:01:55.271252,2,3,149.6,0.2,149.5,50,149.2,150,,,,,,,,,,,,,,,,,149.7,19,150.0,100,150.7,12,,,,,,,,,,,,,,
2026-07-07T14:01:55.540526+00:00,2026-07-07T14:01:55.540424,1,2,149.75,0.5,149.5,50,,,,,,,,,,,,,,,,,,,150.0,100,150.7,12,,,,,,,,,,,,,,,,
2026-07-07T14:01:55.595340+00:00,2026-07-07T14:01:55.595499,2,1,150.45,0.5,150.2,50,149.5,50,,,,,,,,,,,,,,,,,150.7,12,,,,,,,,,,,,,,,,,,
2026-07-07T14:01:55.650064+00:00,2026-07-07T14:01:55.650172,2,1,150.45,0.5,150.2,50,149.5,50,,,,,,,,,,,,,,,,,150.7,162,,,,,,,,,,,,,,,,,,
2026-07-07T14:01:55.674022+00:00,2026-07-07T14:01:55.673949,1,1,150.1,1.2,149.5,50,,,,,,,,,,,,,,,,,,,150.7,162,,,,,,,,,,,,,,,,,,
2026-07-07T14:01:56.472979+00:00,2026-07-07T14:01:56.472908,0,1,,,,,,,,,,,,,,,,,,,,,,,150.7,162,,,,,,,,,,,,,,,,,,
2026-07-07T14:01:56.525518+00:00,2026-07-07T14:01:56.525452,1,1,150.25,0.9,149.8,100,,,,,,,,,,,,,,,,,,,150.7,162,,,,,,,,,,,,,,,,,,
2026-07-07T14:01:56.581837+00:00,2026-07-07T14:01:56.581943,1,2,150.05,0.5,149.8,100,,,,,,,,,,,,,,,,,,,150.3,100,150.7,162,,,,,,,,,,,,,,,,
2026-07-07T14:01:56.811808+00:00,2026-07-07T14:01:56.811912,1,2,150.05,0.5,149.8,100,,,,,,,,,,,,,,,,,,,150.3,100,150.7,150,,,,,,,,,,,,,,,,
2026-07-07T14:01:56.817328+00:00,2026-07-07T14:01:56.817271,1,2,150.05,0.5,149.8,100,,,,,,,,,,,,,,,,,,,150.3,100,150.7,162,,,,,,,,,,,,,,,,
2026-07-07T14:01:57.780605+00:00,2026-07-07T14:01:57.780507,1,2,150.05,0.5,149.8,50,,,,,,,,,,,,,,,,,,,150.3,100,150.7,162,,,,,,,,,,,,,,,,
2026-07-07T14:01:58.078106+00:00,2026-07-07T14:01:58.077983,1,3,150.05,0.5,149.8,50,,,,,,,,,,,,,,,,,,,150.3,100,150.6,12,150.7,150,,,,,,,,,,,,,,
2026-07-07T14:01:58.703639+00:00,2026-07-07T14:01:58.703571,1,2,150.05,0.5,149.8,50,,,,,,,,,,,,,,,,,,,150.3,100,150.6,12,,,,,,,,,,,,,,,,
2026-07-07T14:01:58.758646+00:00,2026-07-07T14:01:58.756390,2,2,150.05,0.5,149.8,50,149.4,150,,,,,,,,,,,,,,,,,150.3,100,150.6,12,,,,,,,,,,,,,,,,
2026-07-07T14:01:58.814410+00:00,2026-07-07T14:01:58.814280,2,3,149.85,0.1,149.8,50,149.4,150,,,,,,,,,,,,,,,,,149.9,150,150.3,100,150.6,12,,,,,,,,,,,,,,
2026-07-07T14:01:59.328980+00:00,2026-07-07T14:01:59.328904,2,3,149.85,0.1,149.8,8,149.4,150,,,,,,,,,,,,,,,,,149.9,150,150.3,100,150.6,12,,,,,,,,,,,,,,
2026-07-07T14:01:59.639106+00:00,2026-07-07T14:01:59.639032,1,2,149.65,0.5,149.4,150,,,,,,,,,,,,,,,,,,,149.9,150,150.6,12,,,,,,,,,,,,,,,,
2026-07-07T14:01:59.692058+00:00,2026-07-07T14:01:59.691955,2,2,149.7,0.4,149.5,100,149.4,150,,,,,,,,,,,,,,,,,149.9,150,150.6,12,,,,,,,,,,,,,,,,
2026-07-07T14:01:59.747619+00:00,2026-07-07T14:01:59.747563,2,3,149.7,0.4,149.5,100,149.4,150,,,,,,,,,,,,,,,,,149.9,150,150.0,100,150.6,12,,,,,,,,,,,,,,
2026-07-07T14:01:59.839120+00:00,2026-07-07T14:01:59.839039,2,2,149.7,0.4,149.5,100,149.4,150,,,,,,,,,,,,,,,,,149.9,150,150.0,100,,,,,,,,,,,,,,,,
2026-07-07T14:01:59.849563+00:00,2026-07-07T14:01:59.849531,2,3,149.7,0.4,149.5,100,149.4,150,,,,,,,,,,,,,,,,,149.9,150,150.0,100,150.6,12,,,,,,,,,,,,,,
2026-07-07T14:01:59.904008+00:00,2026-07-07T14:01:59.903862,2,3,149.7,0.4,149.5,50,149.4,150,,,,,,,,,,,,,,,,,149.9,150,150.0,100,150.6,12,,,,,,,,,,,,,,
2026-07-07T14:02:00.619507+00:00,2026-07-07T14:02:00.619442,2,2,149.7,0.4,149.5,50,149.4,150,,,,,,,,,,,,,,,,,149.9,150,150.0,100,,,,,,,,,,,,,,,,
2026-07-07T14:02:00.635128+00:00,2026-07-07T14:02:00.635065,2,3,149.7,0.4,149.5,50,149.4,150,,,,,,,,,,,,,,,,,149.9,150,150.0,100,150.5,12,,,,,,,,,,,,,,
2026-07-07T14:02:01.869256+00:00,2026-07-07T14:02:01.869169,1,2,149.75,0.5,149.5,50,,,,,,,,,,,,,,,,,,,150.0,100,150.5,12,,,,,,,,,,,,,,,,
2026-07-07T14:02:01.921169+00:00,2026-07-07T14:02:01.921093,2,2,149.75,0.5,149.5,50,149.2,150,,,,,,,,,,,,,,,,,150.0,100,150.5,12,,,,,,,,,,,,,,,,
2026-07-07T14:02:01.975722+00:00,2026-07-07T14:02:01.975917,2,3,149.6,0.2,149.5,50,149.2,150,,,,,,,,,,,,,,,,,149.7,150,150.0,100,150.5,12,,,,,,,,,,,,,,
2026-07-07T14:02:02.002414+00:00,2026-07-07T14:02:02.002282,1,3,149.45,0.5,149.2,150,,,,,,,,,,,,,,,,,,,149.7,150,150.0,100,150.5,12,,,,,,,,,,,,,,
2026-07-07T14:02:02.138573+00:00,2026-07-07T14:02:02.138449,1,2,149.45,0.5,149.2,150,,,,,,,,,,,,,,,,,,,149.7,150,150.0,100,,,,,,,,,,,,,,,,
2026-07-07T14:02:02.143729+00:00,2026-07-07T14:02:02.143650,1,3,149.45,0.5,149.2,150,,,,,,,,,,,,,,,,,,,149.7,150,150.0,100,150.5,12,,,,,,,,,,,,,,
2026-07-07T14:02:02.801932+00:00,2026-07-07T14:02:02.801859,1,2,149.45,0.5,149.2,150,,,,,,,,,,,,,,,,,,,149.7,150,150.5,12,,,,,,,,,,,,,,,,
2026-07-07T14:02:02.868947+00:00,2026-07-07T14:02:02.868889,2,2,149.45,0.5,149.2,150,149.1,100,,,,,,,,,,,,,,,,,149.7,150,150.5,12,,,,,,,,,,,,,,,,
2026-07-07T14:02:02.918358+00:00,2026-07-07T14:02:02.918446,2,3,149.4,0.4,149.2,150,149.1,100,,,,,,,,,,,,,,,,,149.6,100,149.7,150,150.5,12,,,,,,,,,,,,,,
2026-07-07T14:02:03.902504+00:00,2026-07-07T14:02:03.902641,2,2,149.4,0.4,149.2,150,149.1,100,,,,,,,,,,,,,,,,,149.6,100,149.7,150,,,,,,,,,,,,,,,,
2026-07-07T14:02:03.907897+00:00,2026-07-07T14:02:03.907809,2,3,149.4,0.4,149.2,150,149.1,100,,,,,,,,,,,,,,,,,149.6,100,149.7,150,150.6,12,,,,,,,,,,,,,,
2026-07-07T14:02:05.034530+00:00,2026-07-07T14:02:05.034455,1,2,149.35,0.5,149.1,100,,,,,,,,,,,,,,,,,,,149.6,100,150.6,12,,,,,,,,,,,,,,,,
2026-07-07T14:02:05.088659+00:00,2026-07-07T14:02:05.088623,2,2,149.45,0.3,149.3,150,149.1,100,,,,,,,,,,,,,,,,,149.6,100,150.6,12,,,,,,,,,,,,,,,,
2026-07-07T14:02:05.142024+00:00,2026-07-07T14:02:05.141903,2,3,149.45,0.3,149.3,150,149.1,100,,,,,,,,,,,,,,,,,149.6,100,149.8,150,150.6,12,,,,,,,,,,,,,,
2026-07-07T14:02:05.974107+00:00,2026-07-07T14:02:05.974010,1,2,149.55,0.5,149.3,150,,,,,,,,,,,,,,,,,,,149.8,150,150.6,12,,,,,,,,,,,,,,,,
2026-07-07T14:02:06.029896+00:00,2026-07-07T14:02:06.029774,2,2,149.55,0.5,149.3,150,149.1,100,,,,,,,,,,,,,,,,,149.8,150,150.6,12,,,,,,,,,,,,,,,,
2026-07-07T14:02:06.080226+00:00,2026-07-07T14:02:06.080103,2,3,149.45,0.3,149.3,150,149.1,100,,,,,,,,,,,,,,,,,149.6,100,149.8,150,150.6,12,,,,,,,,,,,,,,
2026-07-07T14:02:06.219201+00:00,2026-07-07T14:02:06.219109,2,3,149.45,0.3,149.3,100,149.1,100,,,,,,,,,,,,,,,,,149.6,100,149.8,150,150.6,12,,,,,,,,,,,,,,
2026-07-07T14:02:06.781655+00:00,2026-07-07T14:02:06.781582,2,3,149.45,0.3,149.3,100,149.1,100,,,,,,,,,,,,,,,,,149.6,54,149.8,150,150.6,12,,,,,,,,,,,,,,
2026-07-07T14:02:08.194092+00:00,2026-07-07T14:02:08.194059,1,2,149.35,0.5,149.1,100,,,,,,,,,,,,,,,,,,,149.6,54,150.6,12,,,,,,,,,,,,,,,,
2026-07-07T14:02:08.246821+00:00,2026-07-07T14:02:08.246748,2,2,149.4,0.4,149.2,150,149.1,100,,,,,,,,,,,,,,,,,149.6,54,150.6,12,,,,,,,,,,,,,,,,
2026-07-07T14:02:08.304410+00:00,2026-07-07T14:02:08.304346,2,3,149.4,0.4,149.2,150,149.1,100,,,,,,,,,,,,,,,,,149.6,4,149.7,150,150.6,12,,,,,,,,,,,,,,
2026-07-07T14:02:09.135755+00:00,2026-07-07T14:02:09.135646,1,2,149.45,0.5,149.2,150,,,,,,,,,,,,,,,,,,,149.7,150,150.6,12,,,,,,,,,,,,,,,,
2026-07-07T14:02:09.194294+00:00,2026-07-07T14:02:09.194263,2,2,149.55,0.3,149.4,100,149.2,150,,,,,,,,,,,,,,,,,149.7,150,150.6,12,,,,,,,,,,,,,,,,
2026-07-07T14:02:09.258662+00:00,2026-07-07T14:02:09.254493,2,3,149.55,0.3,149.4,100,149.2,150,,,,,,,,,,,,,,,,,149.7,150,149.9,100,150.6,12,,,,,,,,,,,,,,
2026-07-07T14:02:09.425509+00:00,2026-07-07T14:02:09.425641,2,3,149.55,0.3,149.4,100,149.2,150,,,,,,,,,,,,,,,,,149.7,150,149.9,100,150.5,12,,,,,,,,,,,,,,
2026-07-07T14:02:09.430926+00:00,2026-07-07T14:02:09.430833,2,3,149.55,0.3,149.4,100,149.2,150,,,,,,,,,,,,,,,,,149.7,104,149.9,100,150.5,12,,,,,,,,,,,,,,
2026-07-07T14:02:09.933584+00:00,2026-07-07T14:02:09.933528,2,3,149.55,0.3,149.4,100,149.2,150,,,,,,,,,,,,,,,,,149.7,104,149.9,100,150.6,12,,,,,,,,,,,,,,
2026-07-07T14:02:10.465093+00:00,2026-07-07T14:02:10.465010,2,3,149.55,0.3,149.4,50,149.2,150,,,,,,,,,,,,,,,,,149.7,104,149.9,100,150.6,12,,,,,,,,,,,,,,
2026-07-07T14:02:10.947193+00:00,2026-07-07T14:02:10.947136,2,3,149.55,0.3,149.4,50,149.2,150,,,,,,,,,,,,,,,,,149.7,104,149.9,100,150.5,12,,,,,,,,,,,,,,
2026-07-07T14:02:11.358599+00:00,2026-07-07T14:02:11.356059,1,2,149.65,0.5,149.4,50,,,,,,,,,,,,,,,,,,,149.9,100,150.5,12,,,,,,,,,,,,,,,,
2026-07-07T14:02:11.419540+00:00,2026-07-07T14:02:11.419409,2,2,149.65,0.5,149.4,50,149.3,150,,,,,,,,,,,,,,,,,149.9,100,150.5,12,,,,,,,,,,,,,,,,
2026-07-07T14:02:11.472635+00:00,2026-07-07T14:02:11.472590,2,3,149.6,0.4,149.4,50,149.3,150,,,,,,,,,,,,,,,,,149.8,150,149.9,100,150.5,12,,,,,,,,,,,,,,
2026-07-07T14:02:12.307590+00:00,2026-07-07T14:02:12.307474,1,2,149.55,0.5,149.3,150,,,,,,,,,,,,,,,,,,,149.8,150,150.5,12,,,,,,,,,,,,,,,,
2026-07-07T14:02:12.358542+00:00,2026-07-07T14:02:12.355486,1,2,149.55,0.5,149.3,250,,,,,,,,,,,,,,,,,,,149.8,150,150.5,12,,,,,,,,,,,,,,,,
2026-07-07T14:02:12.417242+00:00,2026-07-07T14:02:12.417099,1,2,149.55,0.5,149.3,250,,,,,,,,,,,,,,,,,,,149.8,250,150.5,12,,,,,,,,,,,,,,,,
2026-07-07T14:02:12.548187+00:00,2026-07-07T14:02:12.548296,1,2,149.55,0.5,149.3,250,,,,,,,,,,,,,,,,,,,149.8,200,150.5,12,,,,,,,,,,,,,,,,
2026-07-07T14:02:14.449304+00:00,2026-07-07T14:02:14.449191,1,2,149.55,0.5,149.3,210,,,,,,,,,,,,,,,,,,,149.8,200,150.5,12,,,,,,,,,,,,,,,,
2026-07-07T14:02:14.527668+00:00,2026-07-07T14:02:14.527560,1,2,149.55,0.5,149.3,100,,,,,,,,,,,,,,,,,,,149.8,100,150.5,12,,,,,,,,,,,,,,,,
2026-07-07T14:02:14.581984+00:00,2026-07-07T14:02:14.581877,2,2,149.65,0.3,149.5,150,149.3,100,,,,,,,,,,,,,,,,,149.8,100,150.5,12,,,,,,,,,,,,,,,,
2026-07-07T14:02:14.636123+00:00,2026-07-07T14:02:14.636015,2,3,149.65,0.3,149.5,150,149.3,100,,,,,,,,,,,,,,,,,149.8,100,150.0,150,150.5,12,,,,,,,,,,,,,,
2026-07-07T14:02:14.654910+00:00,2026-07-07T14:02:14.655063,2,3,149.65,0.3,149.5,150,149.3,100,,,,,,,,,,,,,,,,,149.8,50,150.0,150,150.5,12,,,,,,,,,,,,,,
2026-07-07T14:02:15.476279+00:00,2026-07-07T14:02:15.476166,1,2,149.75,0.5,149.5,150,,,,,,,,,,,,,,,,,,,150.0,150,150.5,12,,,,,,,,,,,,,,,,
2026-07-07T14:02:15.537340+00:00,2026-07-07T14:02:15.537218,1,2,149.75,0.5,149.5,150,,,,,,,,,,,,,,,,,,,150.0,50,150.5,12,,,,,,,,,,,,,,,,
2026-07-07T14:02:15.596681+00:00,2026-07-07T14:02:15.596556,1,3,149.75,0.5,149.5,150,,,,,,,,,,,,,,,,,,,150.0,50,150.4,100,150.5,12,,,,,,,,,,,,,,
2026-07-07T14:02:15.774329+00:00,2026-07-07T14:02:15.774184,1,2,149.75,0.5,149.5,150,,,,,,,,,,,,,,,,,,,150.0,50,150.4,112,,,,,,,,,,,,,,,,
2026-07-07T14:02:16.033926+00:00,2026-07-07T14:02:16.034083,1,3,149.75,0.5,149.5,150,,,,,,,,,,,,,,,,,,,150.0,50,150.4,100,150.7,12,,,,,,,,,,,,,,
2026-07-07T14:02:16.540390+00:00,2026-07-07T14:02:16.540336,1,3,149.75,0.5,149.5,150,,,,,,,,,,,,,,,,,,,150.0,50,150.4,100,150.8,12,,,,,,,,,,,,,,
2026-07-07T14:02:16.758593+00:00,2026-07-07T14:02:16.758472,1,2,149.95,0.9,149.5,150,,,,,,,,,,,,,,,,,,,150.4,100,150.8,12,,,,,,,,,,,,,,,,
2026-07-07T14:02:17.686659+00:00,2026-07-07T14:02:17.686619,0,2,,,,,,,,,,,,,,,,,,,,,,,150.4,100,150.8,12,,,,,,,,,,,,,,,,
2026-07-07T14:02:17.744031+00:00,2026-07-07T14:02:17.743900,1,1,150.65,0.3,150.5,50,,,,,,,,,,,,,,,,,,,150.8,12,,,,,,,,,,,,,,,,,,
2026-07-07T14:02:17.799572+00:00,2026-07-07T14:02:17.799481,1,1,150.75,0.5,150.5,50,,,,,,,,,,,,,,,,,,,151.0,150,,,,,,,,,,,,,,,,,,
2026-07-07T14:02:17.804846+00:00,2026-07-07T14:02:17.804740,1,2,150.7,0.4,150.5,50,,,,,,,,,,,,,,,,,,,150.9,12,151.0,150,,,,,,,,,,,,,,,,
2026-07-07T14:02:18.703121+00:00,2026-07-07T14:02:18.703046,2,2,150.7,0.4,150.5,50,150.0,100,,,,,,,,,,,,,,,,,150.9,12,151.0,150,,,,,,,,,,,,,,,,
2026-07-07T14:02:18.770776+00:00,2026-07-07T14:02:18.756913,1,3,150.25,0.5,150.0,100,,,,,,,,,,,,,,,,,,,150.5,50,150.9,12,151.0,150,,,,,,,,,,,,,,
2026-07-07T14:02:18.811811+00:00,2026-07-07T14:02:18.811735,1,2,150.25,0.5,150.0,100,,,,,,,,,,,,,,,,,,,150.5,50,151.0,150,,,,,,,,,,,,,,,,
2026-07-07T14:02:18.822370+00:00,2026-07-07T14:02:18.822249,1,3,150.25,0.5,150.0,100,,,,,,,,,,,,,,,,,,,150.5,50,150.8,12,151.0,150,,,,,,,,,,,,,,
2026-07-07T14:02:18.872242+00:00,2026-07-07T14:02:18.872126,1,2,150.4,0.8,150.0,100,,,,,,,,,,,,,,,,,,,150.8,12,151.0,150,,,,,,,,,,,,,,,,
2026-07-07T14:02:20.701062+00:00,2026-07-07T14:02:20.700984,1,2,150.4,0.8,150.0,55,,,,,,,,,,,,,,,,,,,150.8,12,151.0,150,,,,,,,,,,,,,,,,
2026-07-07T14:02:20.858559+00:00,2026-07-07T14:02:20.857337,1,1,150.4,0.8,150.0,55,,,,,,,,,,,,,,,,,,,150.8,12,,,,,,,,,,,,,,,,,,
2026-07-07T14:02:20.909898+00:00,2026-07-07T14:02:20.909790,2,1,150.4,0.8,150.0,55,149.8,150,,,,,,,,,,,,,,,,,150.8,12,,,,,,,,,,,,,,,,,,
2026-07-07T14:02:20.958530+00:00,2026-07-07T14:02:20.958064,2,2,150.15,0.3,150.0,55,149.8,150,,,,,,,,,,,,,,,,,150.3,150,150.8,12,,,,,,,,,,,,,,,,
2026-07-07T14:02:20.979672+00:00,2026-07-07T14:02:20.979641,2,2,150.15,0.3,150.0,55,149.8,150,,,,,,,,,,,,,,,,,150.3,100,150.8,12,,,,,,,,,,,,,,,,
2026-07-07T14:02:21.741267+00:00,2026-07-07T14:02:21.741222,2,2,150.15,0.3,150.0,55,149.8,150,,,,,,,,,,,,,,,,,150.3,58,150.8,12,,,,,,,,,,,,,,,,
2026-07-07T14:02:21.817470+00:00,2026-07-07T14:02:21.817298,1,2,150.05,0.5,149.8,150,,,,,,,,,,,,,,,,,,,150.3,58,150.8,12,,,,,,,,,,,,,,,,
2026-07-07T14:02:21.836132+00:00,2026-07-07T14:02:21.836254,1,2,150.05,0.5,149.8,150,,,,,,,,,,,,,,,,,,,150.3,58,150.9,12,,,,,,,,,,,,,,,,
2026-07-07T14:02:21.869298+00:00,2026-07-07T14:02:21.869184,2,2,150.25,0.1,150.2,100,149.8,150,,,,,,,,,,,,,,,,,150.3,58,150.9,12,,,,,,,,,,,,,,,,
2026-07-07T14:02:21.921590+00:00,2026-07-07T14:02:21.921496,2,3,150.25,0.1,150.2,100,149.8,150,,,,,,,,,,,,,,,,,150.3,58,150.7,100,150.9,12,,,,,,,,,,,,,,
2026-07-07T14:02:22.088765+00:00,2026-07-07T14:02:22.088671,2,2,150.25,0.1,150.2,100,149.8,150,,,,,,,,,,,,,,,,,150.3,58,150.7,100,,,,,,,,,,,,,,,,
2026-07-07T14:02:22.093979+00:00,2026-07-07T14:02:22.093872,2,3,150.25,0.1,150.2,100,149.8,150,,,,,,,,,,,,,,,,,150.3,58,150.7,100,150.9,12,,,,,,,,,,,,,,
2026-07-07T14:02:23.140800+00:00,2026-07-07T14:02:23.140948,2,3,150.25,0.1,150.2,50,149.8,150,,,,,,,,,,,,,,,,,150.3,58,150.7,100,150.9,12,,,,,,,,,,,,,,
2026-07-07T14:02:23.236769+00:00,2026-07-07T14:02:23.236645,2,3,150.25,0.1,150.2,9,149.8,150,,,,,,,,,,,,,,,,,150.3,58,150.7,100,150.9,12,,,,,,,,,,,,,,
2026-07-07T14:02:23.358565+00:00,2026-07-07T14:02:23.353171,2,3,150.25,0.1,150.2,9,149.8,150,,,,,,,,,,,,,,,,,150.3,58,150.7,100,150.8,12,,,,,,,,,,,,,,
2026-07-07T14:02:24.016538+00:00,2026-07-07T14:02:24.016462,1,2,150.45,0.5,150.2,9,,,,,,,,,,,,,,,,,,,150.7,100,150.8,12,,,,,,,,,,,,,,,,
2026-07-07T14:02:24.070510+00:00,2026-07-07T14:02:24.070654,2,2,150.45,0.5,150.2,9,150.1,150,,,,,,,,,,,,,,,,,150.7,100,150.8,12,,,,,,,,,,,,,,,,
2026-07-07T14:02:24.126034+00:00,2026-07-07T14:02:24.125911,2,3,150.4,0.4,150.2,9,150.1,150,,,,,,,,,,,,,,,,,150.6,150,150.7,100,150.8,12,,,,,,,,,,,,,,
2026-07-07T14:02:24.363817+00:00,2026-07-07T14:02:24.363775,2,2,150.4,0.4,150.2,9,150.1,150,,,,,,,,,,,,,,,,,150.6,150,150.7,112,,,,,,,,,,,,,,,,
2026-07-07T14:02:24.978836+00:00,2026-07-07T14:02:24.978797,1,2,150.35,0.5,150.1,150,,,,,,,,,,,,,,,,,,,150.6,150,150.7,12,,,,,,,,,,,,,,,,
2026-07-07T14:02:25.028498+00:00,2026-07-07T14:02:25.028354,2,2,150.35,0.5,150.1,150,149.7,100,,,,,,,,,,,,,,,,,150.6,150,150.7,12,,,,,,,,,,,,,,,,
2026-07-07T14:02:25.082113+00:00,2026-07-07T14:02:25.082037,2,3,150.15,0.1,150.1,150,149.7,100,,,,,,,,,,,,,,,,,150.2,100,150.6,150,150.7,12,,,,,,,,,,,,,,
2026-07-07T14:02:25.118341+00:00,2026-07-07T14:02:25.118287,2,2,150.15,0.1,150.1,150,149.7,100,,,,,,,,,,,,,,,,,150.2,100,150.6,150,,,,,,,,,,,,,,,,
2026-07-07T14:02:25.123568+00:00,2026-07-07T14:02:25.123445,2,3,150.15,0.1,150.1,150,149.7,100,,,,,,,,,,,,,,,,,150.2,100,150.6,150,150.7,12,,,,,,,,,,,,,,
2026-07-07T14:02:27.181228+00:00,2026-07-07T14:02:27.181136,1,2,149.95,0.5,149.7,100,,,,,,,,,,,,,,,,,,,150.2,100,150.7,12,,,,,,,,,,,,,,,,
2026-07-07T14:02:27.237574+00:00,2026-07-07T14:02:27.237473,2,2,150.15,0.1,150.1,150,149.7,100,,,,,,,,,,,,,,,,,150.2,100,150.7,12,,,,,,,,,,,,,,,,
2026-07-07T14:02:27.288898+00:00,2026-07-07T14:02:27.288991,2,3,150.15,0.1,150.1,150,149.7,100,,,,,,,,,,,,,,,,,150.2,100,150.6,150,150.7,12,,,,,,,,,,,,,,
2026-07-07T14:02:27.394167+00:00,2026-07-07T14:02:27.394100,2,3,150.15,0.1,150.1,100,149.7,100,,,,,,,,,,,,,,,,,150.2,100,150.6,150,150.7,12,,,,,,,,,,,,,,
2026-07-07T14:02:27.815122+00:00,2026-07-07T14:02:27.815055,2,3,150.15,0.1,150.1,100,149.7,100,,,,,,,,,,,,,,,,,150.2,51,150.6,150,150.7,12,,,,,,,,,,,,,,
2026-07-07T14:02:28.138213+00:00,2026-07-07T14:02:28.138138,1,2,150.35,0.5,150.1,100,,,,,,,,,,,,,,,,,,,150.6,150,150.7,12,,,,,,,,,,,,,,,,
2026-07-07T14:02:28.190863+00:00,2026-07-07T14:02:28.190711,2,2,150.35,0.5,150.1,100,149.7,100,,,,,,,,,,,,,,,,,150.6,150,150.7,12,,,,,,,,,,,,,,,,
2026-07-07T14:02:28.244610+00:00,2026-07-07T14:02:28.244505,2,3,150.15,0.1,150.1,100,149.7,100,,,,,,,,,,,,,,,,,150.2,100,150.6,150,150.7,12,,,,,,,,,,,,,,
2026-07-07T14:02:28.295752+00:00,2026-07-07T14:02:28.295670,2,3,150.15,0.1,150.1,59,149.7,100,,,,,,,,,,,,,,,,,150.2,100,150.6,150,150.7,12,,,,,,,,,,,,,,
2026-07-07T14:02:28.910956+00:00,2026-07-07T14:02:28.910870,2,2,150.15,0.1,150.1,59,149.7,100,,,,,,,,,,,,,,,,,150.2,100,150.6,150,,,,,,,,,,,,,,,,
2026-07-07T14:02:28.921350+00:00,2026-07-07T14:02:28.921260,2,2,150.15,0.1,150.1,59,149.7,100,,,,,,,,,,,,,,,,,150.2,100,150.6,162,,,,,,,,,,,,,,,,
2026-07-07T14:02:29.447519+00:00,2026-07-07T14:02:29.447634,2,2,150.15,0.1,150.1,59,149.7,100,,,,,,,,,,,,,,,,,150.2,50,150.6,162,,,,,,,,,,,,,,,,
2026-07-07T14:02:30.344699+00:00,2026-07-07T14:02:30.344638,1,2,149.95,0.5,149.7,100,,,,,,,,,,,,,,,,,,,150.2,50,150.6,12,,,,,,,,,,,,,,,,
2026-07-07T14:02:30.398694+00:00,2026-07-07T14:02:30.398601,2,2,149.95,0.5,149.7,100,149.6,150,,,,,,,,,,,,,,,,,150.2,50,150.6,12,,,,,,,,,,,,,,,,
2026-07-07T14:02:30.430631+00:00,2026-07-07T14:02:30.430535,2,2,149.95,0.5,149.7,100,149.6,150,,,,,,,,,,,,,,,,,150.2,50,150.7,12,,,,,,,,,,,,,,,,
2026-07-07T14:02:30.451769+00:00,2026-07-07T14:02:30.451700,2,3,149.9,0.4,149.7,100,149.6,150,,,,,,,,,,,,,,,,,150.1,150,150.2,50,150.7,12,,,,,,,,,,,,,,
2026-07-07T14:02:31.335959+00:00,2026-07-07T14:02:31.335890,1,2,149.85,0.5,149.6,150,,,,,,,,,,,,,,,,,,,150.1,150,150.7,12,,,,,,,,,,,,,,,,
2026-07-07T14:02:31.395511+00:00,2026-07-07T14:02:31.395610,2,2,150.0,0.2,149.9,100,149.6,150,,,,,,,,,,,,,,,,,150.1,150,150.7,12,,,,,,,,,,,,,,,,
2026-07-07T14:02:31.465435+00:00,2026-07-07T14:02:31.450387,2,3,150.0,0.2,149.9,100,149.6,150,,,,,,,,,,,,,,,,,150.1,150,150.4,100,150.7,12,,,,,,,,,,,,,,
2026-07-07T14:02:31.565319+00:00,2026-07-07T14:02:31.565213,2,3,150.0,0.2,149.9,100,149.6,150,,,,,,,,,,,,,,,,,150.1,100,150.4,100,150.7,12,,,,,,,,,,,,,,
2026-07-07T14:02:31.976884+00:00,2026-07-07T14:02:31.976812,2,3,150.0,0.2,149.9,100,149.6,150,,,,,,,,,,,,,,,,,150.1,58,150.4,100,150.7,12,,,,,,,,,,,,,,
2026-07-07T14:02:32.031428+00:00,2026-07-07T14:02:32.031352,2,3,150.0,0.2,149.9,56,149.6,150,,,,,,,,,,,,,,,,,150.1,58,150.4,100,150.7,12,,,,,,,,,,,,,,
2026-07-07T14:02:32.546559+00:00,2026-07-07T14:02:32.546503,2,3,150.0,0.2,149.9,10,149.6,150,,,,,,,,,,,,,,,,,150.1,58,150.4,100,150.7,12,,,,,,,,,,,,,,
2026-07-07T14:02:33.505103+00:00,2026-07-07T14:02:33.505029,1,2,150.15,0.5,149.9,10,,,,,,,,,,,,,,,,,,,150.4,100,150.7,12,,,,,,,,,,,,,,,,
2026-07-07T14:02:33.559327+00:00,2026-07-07T14:02:33.559228,2,2,150.35,0.1,150.3,150,149.9,10,,,,,,,,,,,,,,,,,150.4,100,150.7,12,,,,,,,,,,,,,,,,
2026-07-07T14:02:33.610409+00:00,2026-07-07T14:02:33.610302,2,3,150.35,0.1,150.3,150,149.9,10,,,,,,,,,,,,,,,,,150.4,100,150.7,12,150.8,150,,,,,,,,,,,,,,
2026-07-07T14:02:33.672757+00:00,2026-07-07T14:02:33.672900,2,3,150.35,0.1,150.3,150,149.9,10,,,,,,,,,,,,,,,,,150.4,50,150.7,12,150.8,150,,,,,,,,,,,,,,
2026-07-07T14:02:33.730459+00:00,2026-07-07T14:02:33.730411,2,2,150.35,0.1,150.3,150,149.9,10,,,,,,,,,,,,,,,,,150.4,50,150.8,150,,,,,,,,,,,,,,,,
2026-07-07T14:02:33.735723+00:00,2026-07-07T14:02:33.735668,2,2,150.35,0.1,150.3,150,149.9,10,,,,,,,,,,,,,,,,,150.4,50,150.8,162,,,,,,,,,,,,,,,,
2026-07-07T14:02:34.509326+00:00,2026-07-07T14:02:34.509206,1,1,150.55,0.5,150.3,150,,,,,,,,,,,,,,,,,,,150.8,162,,,,,,,,,,,,,,,,,,
2026-07-07T14:02:34.585840+00:00,2026-07-07T14:02:34.585737,2,1,150.55,0.5,150.3,150,150.1,100,,,,,,,,,,,,,,,,,150.8,162,,,,,,,,,,,,,,,,,,
2026-07-07T14:02:34.641687+00:00,2026-07-07T14:02:34.641610,2,2,150.45,0.3,150.3,150,150.1,100,,,,,,,,,,,,,,,,,150.6,100,150.8,162,,,,,,,,,,,,,,,,
2026-07-07T14:02:34.658588+00:00,2026-07-07T14:02:34.652044,2,2,150.45,0.3,150.3,150,150.1,100,,,,,,,,,,,,,,,,,150.6,52,150.8,162,,,,,,,,,,,,,,,,
2026-07-07T14:02:34.749595+00:00,2026-07-07T14:02:34.749466,2,2,150.45,0.3,150.3,150,150.1,100,,,,,,,,,,,,,,,,,150.6,52,150.8,150,,,,,,,,,,,,,,,,
2026-07-07T14:02:34.754782+00:00,2026-07-07T14:02:34.754700,2,3,150.45,0.3,150.3,150,150.1,100,,,,,,,,,,,,,,,,,150.6,52,150.8,150,151.0,12,,,,,,,,,,,,,,
2026-07-07T14:02:35.241857+00:00,2026-07-07T14:02:35.241826,2,3,150.45,0.3,150.3,101,150.1,100,,,,,,,,,,,,,,,,,150.6,52,150.8,150,151.0,12,,,,,,,,,,,,,,
2026-07-07T14:02:36.658576+00:00,2026-07-07T14:02:36.658476,2,2,150.45,0.3,150.3,101,150.1,100,,,,,,,,,,,,,,,,,150.6,52,151.0,12,,,,,,,,,,,,,,,,
2026-07-07T14:02:36.670023+00:00,2026-07-07T14:02:36.669960,1,2,150.35,0.5,150.1,100,,,,,,,,,,,,,,,,,,,150.6,52,151.0,12,,,,,,,,,,,,,,,,
2026-07-07T14:02:36.724884+00:00,2026-07-07T14:02:36.724985,2,2,150.4,0.4,150.2,150,150.1,100,,,,,,,,,,,,,,,,,150.6,52,151.0,12,,,,,,,,,,,,,,,,
2026-07-07T14:02:36.774248+00:00,2026-07-07T14:02:36.774172,2,3,150.4,0.4,150.2,150,150.1,100,,,,,,,,,,,,,,,,,150.6,52,150.7,150,151.0,12,,,,,,,,,,,,,,
2026-07-07T14:02:37.515204+00:00,2026-07-07T14:02:37.515067,2,3,150.4,0.4,150.2,150,150.1,100,,,,,,,,,,,,,,,,,150.6,52,150.7,150,151.1,12,,,,,,,,,,,,,,
2026-07-07T14:02:37.697698+00:00,2026-07-07T14:02:37.697637,1,2,150.45,0.5,150.2,150,,,,,,,,,,,,,,,,,,,150.7,150,151.1,12,,,,,,,,,,,,,,,,
2026-07-07T14:02:37.751301+00:00,2026-07-07T14:02:37.751194,2,2,150.55,0.3,150.4,100,150.2,150,,,,,,,,,,,,,,,,,150.7,150,151.1,12,,,,,,,,,,,,,,,,
2026-07-07T14:02:37.768892+00:00,2026-07-07T14:02:37.768823,2,1,150.55,0.3,150.4,100,150.2,150,,,,,,,,,,,,,,,,,150.7,150,,,,,,,,,,,,,,,,,,
2026-07-07T14:02:37.773908+00:00,2026-07-07T14:02:37.774045,2,2,150.55,0.3,150.4,100,150.2,150,,,,,,,,,,,,,,,,,150.7,150,151.1,12,,,,,,,,,,,,,,,,
2026-07-07T14:02:37.808131+00:00,2026-07-07T14:02:37.807997,2,3,150.55,0.3,150.4,100,150.2,150,,,,,,,,,,,,,,,,,150.7,150,150.9,100,151.1,12,,,,,,,,,,,,,,
2026-07-07T14:02:37.893629+00:00,2026-07-07T14:02:37.893780,2,3,150.55,0.3,150.4,100,150.2,150,,,,,,,,,,,,,,,,,150.7,100,150.9,100,151.1,12,,,,,,,,,,,,,,
2026-07-07T14:02:39.832009+00:00,2026-07-07T14:02:39.831924,1,2,150.65,0.5,150.4,100,,,,,,,,,,,,,,,,,,,150.9,100,151.1,12,,,,,,,,,,,,,,,,
2026-07-07T14:02:39.878527+00:00,2026-07-07T14:02:39.878339,1,2,150.65,0.5,150.4,250,,,,,,,,,,,,,,,,,,,150.9,100,151.1,12,,,,,,,,,,,,,,,,
2026-07-07T14:02:39.937869+00:00,2026-07-07T14:02:39.937808,1,2,150.65,0.5,150.4,250,,,,,,,,,,,,,,,,,,,150.9,250,151.1,12,,,,,,,,,,,,,,,,
2026-07-07T14:02:40.050531+00:00,2026-07-07T14:02:40.050432,1,2,150.65,0.5,150.4,200,,,,,,,,,,,,,,,,,,,150.9,250,151.1,12,,,,,,,,,,,,,,,,
2026-07-07T14:02:40.863950+00:00,2026-07-07T14:02:40.863848,1,2,150.65,0.5,150.4,150,,,,,,,,,,,,,,,,,,,150.9,150,151.1,12,,,,,,,,,,,,,,,,
2026-07-07T14:02:40.917920+00:00,2026-07-07T14:02:40.917810,2,2,150.65,0.5,150.4,150,150.3,100,,,,,,,,,,,,,,,,,150.9,150,151.1,12,,,,,,,,,,,,,,,,
2026-07-07T14:02:40.972766+00:00,2026-07-07T14:02:40.972666,2,3,150.6,0.4,150.4,150,150.3,100,,,,,,,,,,,,,,,,,150.8,100,150.9,150,151.1,12,,,,,,,,,,,,,,
2026-07-07T14:02:41.395073+00:00,2026-07-07T14:02:41.395236,2,3,150.6,0.4,150.4,150,150.3,100,,,,,,,,,,,,,,,,,150.8,60,150.9,150,151.1,12,,,,,,,,,,,,,,
2026-07-07T14:02:42.163870+00:00,2026-07-07T14:02:42.163815,2,3,150.6,0.4,150.4,100,150.3,100,,,,,,,,,,,,,,,,,150.8,60,150.9,150,151.1,12,,,,,,,,,,,,,,
2026-07-07T14:02:42.995461+00:00,2026-07-07T14:02:42.995343,1,2,150.55,0.5,150.3,100,,,,,,,,,,,,,,,,,,,150.8,60,151.1,12,,,,,,,,,,,,,,,,
2026-07-07T14:02:43.054316+00:00,2026-07-07T14:02:43.054253,1,2,150.55,0.5,150.3,250,,,,,,,,,,,,,,,,,,,150.8,60,151.1,12,,,,,,,,,,,,,,,,
2026-07-07T14:02:43.105041+00:00,2026-07-07T14:02:43.104971,1,2,150.55,0.5,150.3,250,,,,,,,,,,,,,,,,,,,150.8,210,151.1,12,,,,,,,,,,,,,,,,
2026-07-07T14:02:44.040695+00:00,2026-07-07T14:02:44.040606,1,2,150.55,0.5,150.3,150,,,,,,,,,,,,,,,,,,,150.8,150,151.1,12,,,,,,,,,,,,,,,,
2026-07-07T14:02:44.100192+00:00,2026-07-07T14:02:44.100091,1,2,150.55,0.5,150.3,250,,,,,,,,,,,,,,,,,,,150.8,150,151.1,12,,,,,,,,,,,,,,,,
2026-07-07T14:02:44.154049+00:00,2026-07-07T14:02:44.153905,1,2,150.55,0.5,150.3,250,,,,,,,,,,,,,,,,,,,150.8,250,151.1,12,,,,,,,,,,,,,,,,
2026-07-07T14:02:44.215344+00:00,2026-07-07T14:02:44.215254,1,2,150.55,0.5,150.3,250,,,,,,,,,,,,,,,,,,,150.8,200,151.1,12,,,,,,,,,,,,,,,,
2026-07-07T14:02:44.576317+00:00,2026-07-07T14:02:44.564053,1,2,150.55,0.5,150.3,250,,,,,,,,,,,,,,,,,,,150.8,200,151.0,12,,,,,,,,,,,,,,,,
2026-07-07T14:02:45.303558+00:00,2026-07-07T14:02:45.303746,1,1,150.55,0.5,150.3,250,,,,,,,,,,,,,,,,,,,150.8,212,,,,,,,,,,,,,,,,,,
2026-07-07T14:02:46.058612+00:00,2026-07-07T14:02:46.057057,1,2,150.5,0.4,150.3,250,,,,,,,,,,,,,,,,,,,150.7,12,150.8,200,,,,,,,,,,,,,,,,
2026-07-07T14:02:46.158629+00:00,2026-07-07T14:02:46.154695,1,2,150.5,0.4,150.3,100,,,,,,,,,,,,,,,,,,,150.7,12,150.8,100,,,,,,,,,,,,,,,,
2026-07-07T14:02:46.217723+00:00,2026-07-07T14:02:46.217845,2,2,150.5,0.4,150.3,100,150.0,150,,,,,,,,,,,,,,,,,150.7,12,150.8,100,,,,,,,,,,,,,,,,
2026-07-07T14:02:46.269879+00:00,2026-07-07T14:02:46.269802,2,3,150.4,0.2,150.3,100,150.0,150,,,,,,,,,,,,,,,,,150.5,150,150.7,12,150.8,100,,,,,,,,,,,,,,
2026-07-07T14:02:46.324882+00:00,2026-07-07T14:02:46.324751,2,3,150.4,0.2,150.3,100,150.0,150,,,,,,,,,,,,,,,,,150.5,100,150.7,12,150.8,100,,,,,,,,,,,,,,
2026-07-07T14:02:46.820908+00:00,2026-07-07T14:02:46.820844,2,2,150.4,0.2,150.3,100,150.0,150,,,,,,,,,,,,,,,,,150.5,100,150.8,112,,,,,,,,,,,,,,,,
2026-07-07T14:02:47.213506+00:00,2026-07-07T14:02:47.213390,1,2,150.25,0.5,150.0,150,,,,,,,,,,,,,,,,,,,150.5,100,150.8,12,,,,,,,,,,,,,,,,
2026-07-07T14:02:47.269334+00:00,2026-07-07T14:02:47.269210,2,2,150.3,0.4,150.1,100,150.0,150,,,,,,,,,,,,,,,,,150.5,100,150.8,12,,,,,,,,,,,,,,,,
2026-07-07T14:02:47.317632+00:00,2026-07-07T14:02:47.317536,2,3,150.3,0.4,150.1,100,150.0,150,,,,,,,,,,,,,,,,,150.5,100,150.6,100,150.8,12,,,,,,,,,,,,,,
2026-07-07T14:02:47.329273+00:00,2026-07-07T14:02:47.329393,2,3,150.3,0.4,150.1,100,150.0,150,,,,,,,,,,,,,,,,,150.5,100,150.6,100,150.8,12,,,,,,,,,,,,,,
2026-07-07T14:02:48.434353+00:00,2026-07-07T14:02:48.434329,2,3,150.3,0.4,150.1,100,150.0,150,,,,,,,,,,,,,,,,,150.5,50,150.6,100,150.8,12,,,,,,,,,,,,,,
2026-07-07T14:02:49.090198+00:00,2026-07-07T14:02:49.090091,2,3,150.3,0.4,150.1,100,150.0,150,,,,,,,,,,,,,,,,,150.5,50,150.6,100,150.7,12,,,,,,,,,,,,,,
2026-07-07T14:02:49.323945+00:00,2026-07-07T14:02:49.324088,1,2,150.35,0.5,150.1,100,,,,,,,,,,,,,,,,,,,150.6,100,150.7,12,,,,,,,,,,,,,,,,
2026-07-07T14:02:49.388140+00:00,2026-07-07T14:02:49.382164,2,2,150.5,0.2,150.4,133,150.1,100,,,,,,,,,,,,,,,,,150.6,100,150.7,12,,,,,,,,,,,,,,,,
2026-07-07T14:02:49.433391+00:00,2026-07-07T14:02:49.433499,2,3,150.5,0.2,150.4,133,150.1,100,,,,,,,,,,,,,,,,,150.6,100,150.7,12,150.9,150,,,,,,,,,,,,,,
2026-07-07T14:02:49.602337+00:00,2026-07-07T14:02:49.602213,2,2,150.5,0.2,150.4,133,150.1,100,,,,,,,,,,,,,,,,,150.6,100,150.9,150,,,,,,,,,,,,,,,,
2026-07-07T14:02:49.607597+00:00,2026-07-07T14:02:49.607504,2,2,150.5,0.2,150.4,133,150.1,100,,,,,,,,,,,,,,,,,150.6,112,150.9,150,,,,,,,,,,,,,,,,
2026-07-07T14:02:50.131114+00:00,2026-07-07T14:02:50.131015,2,2,150.5,0.2,150.4,133,150.1,100,,,,,,,,,,,,,,,,,150.6,66,150.9,150,,,,,,,,,,,,,,,,
2026-07-07T14:02:50.371719+00:00,2026-07-07T14:02:50.371870,2,2,150.5,0.2,150.4,133,150.1,100,,,,,,,,,,,,,,,,,150.6,12,150.9,150,,,,,,,,,,,,,,,,
2026-07-07T14:02:50.377141+00:00,2026-07-07T14:02:50.377054,1,2,150.5,0.2,150.4,133,,,,,,,,,,,,,,,,,,,150.6,12,150.9,150,,,,,,,,,,,,,,,,
2026-07-07T14:02:50.426808+00:00,2026-07-07T14:02:50.426710,2,2,150.5,0.2,150.4,133,150.0,100,,,,,,,,,,,,,,,,,150.6,12,150.9,150,,,,,,,,,,,,,,,,
2026-07-07T14:02:50.489746+00:00,2026-07-07T14:02:50.489641,2,3,150.45,0.1,150.4,133,150.0,100,,,,,,,,,,,,,,,,,150.5,100,150.6,12,150.9,150,,,,,,,,,,,,,,
2026-07-07T14:02:50.544230+00:00,2026-07-07T14:02:50.544394,2,3,150.45,0.1,150.4,133,150.0,100,,,,,,,,,,,,,,,,,150.5,50,150.6,12,150.9,150,,,,,,,,,,,,,,
2026-07-07T14:02:52.510247+00:00,2026-07-07T14:02:52.510177,2,2,150.45,0.1,150.4,133,150.0,100,,,,,,,,,,,,,,,,,150.5,50,150.6,12,,,,,,,,,,,,,,,,
2026-07-07T14:02:52.515449+00:00,2026-07-07T14:02:52.515333,1,2,150.25,0.5,150.0,100,,,,,,,,,,,,,,,,,,,150.5,50,150.6,12,,,,,,,,,,,,,,,,
2026-07-07T14:02:52.569063+00:00,2026-07-07T14:02:52.569023,2,2,150.45,0.1,150.4,150,150.0,100,,,,,,,,,,,,,,,,,150.5,50,150.6,12,,,,,,,,,,,,,,,,
2026-07-07T14:02:52.625276+00:00,2026-07-07T14:02:52.625400,2,3,150.45,0.1,150.4,150,150.0,100,,,,,,,,,,,,,,,,,150.5,50,150.6,12,150.9,150,,,,,,,,,,,,,,
2026-07-07T14:02:52.651095+00:00,2026-07-07T14:02:52.650964,2,2,150.5,0.2,150.4,150,150.0,100,,,,,,,,,,,,,,,,,150.6,12,150.9,150,,,,,,,,,,,,,,,,
2026-07-07T14:02:52.829212+00:00,2026-07-07T14:02:52.829139,2,2,150.5,0.2,150.4,104,150.0,100,,,,,,,,,,,,,,,,,150.6,12,150.9,150,,,,,,,,,,,,,,,,
2026-07-07T14:02:52.871043+00:00,2026-07-07T14:02:52.870994,2,2,150.55,0.3,150.4,104,150.0,100,,,,,,,,,,,,,,,,,150.7,12,150.9,150,,,,,,,,,,,,,,,,
2026-07-07T14:02:53.540849+00:00,2026-07-07T14:02:53.540767,1,2,150.55,0.3,150.4,104,,,,,,,,,,,,,,,,,,,150.7,12,150.9,150,,,,,,,,,,,,,,,,
2026-07-07T14:02:53.604519+00:00,2026-07-07T14:02:53.594236,2,2,150.55,0.3,150.4,104,150.3,100,,,,,,,,,,,,,,,,,150.7,12,150.9,150,,,,,,,,,,,,,,,,
2026-07-07T14:02:53.630267+00:00,2026-07-07T14:02:53.630412,2,2,150.5,0.2,150.4,104,150.3,100,,,,,,,,,,,,,,,,,150.6,12,150.9,150,,,,,,,,,,,,,,,,
2026-07-07T14:02:53.646041+00:00,2026-07-07T14:02:53.645932,2,3,150.5,0.2,150.4,104,150.3,100,,,,,,,,,,,,,,,,,150.6,12,150.8,100,150.9,150,,,,,,,,,,,,,,
2026-07-07T14:02:53.748461+00:00,2026-07-07T14:02:53.742435,2,3,150.5,0.2,150.4,92,150.3,100,,,,,,,,,,,,,,,,,150.6,12,150.8,100,150.9,150,,,,,,,,,,,,,,
2026-07-07T14:02:54.257591+00:00,2026-07-07T14:02:54.257764,2,3,150.5,0.2,150.4,48,150.3,100,,,,,,,,,,,,,,,,,150.6,12,150.8,100,150.9,150,,,,,,,,,,,,,,
2026-07-07T14:02:54.811939+00:00,2026-07-07T14:02:54.812092,1,3,150.45,0.3,150.3,98,,,,,,,,,,,,,,,,,,,150.6,12,150.8,100,150.9,150,,,,,,,,,,,,,,
2026-07-07T14:02:55.675774+00:00,2026-07-07T14:02:55.675699,1,2,150.45,0.3,150.3,98,,,,,,,,,,,,,,,,,,,150.6,12,150.8,100,,,,,,,,,,,,,,,,
2026-07-07T14:02:55.732752+00:00,2026-07-07T14:02:55.732691,2,2,150.45,0.3,150.3,98,149.7,150,,,,,,,,,,,,,,,,,150.6,12,150.8,100,,,,,,,,,,,,,,,,
2026-07-07T14:02:55.786577+00:00,2026-07-07T14:02:55.786472,1,3,149.95,0.5,149.7,150,,,,,,,,,,,,,,,,,,,150.2,52,150.6,12,150.8,100,,,,,,,,,,,,,,
