recv_time,book_timestamp,n_bids,n_asks,mid,spread,bid_px_0,bid_vol_0,bid_px_1,bid_vol_1,bid_px_2,bid_vol_2,bid_px_3,bid_vol_3,bid_px_4,bid_vol_4,bid_px_5,bid_vol_5,bid_px_6,bid_vol_6,bid_px_7,bid_vol_7,bid_px_8,bid_vol_8,bid_px_9,bid_vol_9,ask_px_0,ask_vol_0,ask_px_1,ask_vol_1,ask_px_2,ask_vol_2,ask_px_3,ask_vol_3,ask_px_4,ask_vol_4,ask_px_5,ask_vol_5,ask_px_6,ask_vol_6,ask_px_7,ask_vol_7,ask_px_8,ask_vol_8,ask_px_9,ask_vol_9
2026-07-04T20:00:00.424374+00:00,2026-07-04T20:00:00.424479,1,1,133.45,0.5,133.2,150,,,,,,,,,,,,,,,,,,,133.7,150,,,,,,,,,,,,,,,,,,
2026-07-04T20:00:00.482458+00:00,2026-07-04T20:00:00.482316,1,1,133.45,0.5,133.2,250,,,,,,,,,,,,,,,,,,,133.7,150,,,,,,,,,,,,,,,,,,
2026-07-04T20:00:00.531168+00:00,2026-07-04T20:00:00.531291,1,1,133.45,0.5,133.2,250,,,,,,,,,,,,,,,,,,,133.7,250,,,,,,,,,,,,,,,,,,
2026-07-04T20:00:00.558570+00:00,2026-07-04T20:00:00.557818,1,1,133.45,0.5,133.2,250,,,,,,,,,,,,,,,,,,,133.7,200,,,,,,,,,,,,,,,,,,
2026-07-04T20:00:02.519236+00:00,2026-07-04T20:00:02.519412,1,1,133.45,0.5,133.2,250,,,,,,,,,,,,,,,,,,,133.7,160,,,,,,,,,,,,,,,,,,
2026-07-04T20:00:02.722627+00:00,2026-07-04T20:00:02.722500,1,1,133.45,0.5,133.2,200,,,,,,,,,,,,,,,,,,,133.7,160,,,,,,,,,,,,,,,,,,
2026-07-04T20:00:02.764096+00:00,2026-07-04T20:00:02.764229,1,1,133.45,0.5,133.2,100,,,,,,,,,,,,,,,,,,,133.7,100,,,,,,,,,,,,,,,,,,
2026-07-04T20:00:02.838415+00:00,2026-07-04T20:00:02.830891,2,1,133.55,0.3,133.4,147,133.2,100,,,,,,,,,,,,,,,,,133.7,100,,,,,,,,,,,,,,,,,,
2026-07-04T20:00:02.879674+00:00,2026-07-04T20:00:02.879594,2,2,133.55,0.3,133.4,147,133.2,100,,,,,,,,,,,,,,,,,133.7,100,133.9,150,,,,,,,,,,,,,,,,
2026-07-04T20:00:03.589175+00:00,2026-07-04T20:00:03.589125,1,1,133.65,0.5,133.4,147,,,,,,,,,,,,,,,,,,,133.9,150,,,,,,,,,,,,,,,,,,
2026-07-04T20:00:03.644136+00:00,2026-07-04T20:00:03.644213,2,1,133.65,0.5,133.4,147,133.2,100,,,,,,,,,,,,,,,,,133.9,150,,,,,,,,,,,,,,,,,,
2026-07-04T20:00:03.696826+00:00,2026-07-04T20:00:03.696728,2,2,133.55,0.3,133.4,147,133.2,100,,,,,,,,,,,,,,,,,133.7,100,133.9,150,,,,,,,,,,,,,,,,
2026-07-04T20:00:04.463906+00:00,2026-07-04T20:00:04.463840,2,2,133.55,0.3,133.4,147,133.2,100,,,,,,,,,,,,,,,,,133.7,52,133.9,150,,,,,,,,,,,,,,,,
2026-07-04T20:00:04.846722+00:00,2026-07-04T20:00:04.846639,2,2,133.55,0.3,133.4,97,133.2,100,,,,,,,,,,,,,,,,,133.7,52,133.9,150,,,,,,,,,,,,,,,,
2026-07-04T20:00:05.932075+00:00,2026-07-04T20:00:05.931927,2,1,133.55,0.3,133.4,97,133.2,100,,,,,,,,,,,,,,,,,133.7,52,,,,,,,,,,,,,,,,,,
2026-07-04T20:00:05.937035+00:00,2026-07-04T20:00:05.937123,1,1,133.45,0.5,133.2,100,,,,,,,,,,,,,,,,,,,133.7,52,,,,,,,,,,,,,,,,,,
2026-07-04T20:00:05.991220+00:00,2026-07-04T20:00:05.991080,2,1,133.45,0.5,133.2,56,133.1,150,,,,,,,,,,,,,,,,,133.7,52,,,,,,,,,,,,,,,,,,
2026-07-04T20:00:06.045583+00:00,2026-07-04T20:00:06.045484,2,2,133.4,0.4,133.2,56,133.1,150,,,,,,,,,,,,,,,,,133.6,150,133.7,52,,,,,,,,,,,,,,,,
2026-07-04T20:00:06.758761+00:00,2026-07-04T20:00:06.758694,1,1,133.35,0.5,133.1,150,,,,,,,,,,,,,,,,,,,133.6,150,,,,,,,,,,,,,,,,,,
2026-07-04T20:00:06.805077+00:00,2026-07-04T20:00:06.805004,2,1,133.4,0.4,133.2,100,133.1,150,,,,,,,,,,,,,,,,,133.6,150,,,,,,,,,,,,,,,,,,
2026-07-04T20:00:06.858554+00:00,2026-07-04T20:00:06.857263,2,2,133.4,0.4,133.2,100,133.1,150,,,,,,,,,,,,,,,,,133.6,150,133.7,100,,,,,,,,,,,,,,,,
2026-07-04T20:00:06.953233+00:00,2026-07-04T20:00:06.953087,2,2,133.4,0.4,133.2,50,133.1,150,,,,,,,,,,,,,,,,,133.6,150,133.7,100,,,,,,,,,,,,,,,,
2026-07-04T20:00:09.100299+00:00,2026-07-04T20:00:09.100185,1,1,133.45,0.5,133.2,50,,,,,,,,,,,,,,,,,,,133.7,100,,,,,,,,,,,,,,,,,,
2026-07-04T20:00:09.158645+00:00,2026-07-04T20:00:09.156978,2,1,133.45,0.5,133.2,50,133.1,150,,,,,,,,,,,,,,,,,133.7,100,,,,,,,,,,,,,,,,,,
2026-07-04T20:00:09.209504+00:00,2026-07-04T20:00:09.209436,2,2,133.4,0.4,133.2,50,133.1,150,,,,,,,,,,,,,,,,,133.6,150,133.7,100,,,,,,,,,,,,,,,,
2026-07-04T20:00:09.909410+00:00,2026-07-04T20:00:09.909277,1,1,133.35,0.5,133.1,150,,,,,,,,,,,,,,,,,,,133.6,150,,,,,,,,,,,,,,,,,,
2026-07-04T20:00:09.965109+00:00,2026-07-04T20:00:09.965016,2,1,133.35,0.5,133.1,150,133.0,100,,,,,,,,,,,,,,,,,133.6,150,,,,,,,,,,,,,,,,,,
2026-07-04T20:00:10.015446+00:00,2026-07-04T20:00:10.015367,2,2,133.3,0.4,133.1,150,133.0,100,,,,,,,,,,,,,,,,,133.5,100,133.6,150,,,,,,,,,,,,,,,,
2026-07-04T20:00:11.140711+00:00,2026-07-04T20:00:11.140662,2,2,133.3,0.4,133.1,150,133.0,100,,,,,,,,,,,,,,,,,133.5,50,133.6,150,,,,,,,,,,,,,,,,
2026-07-04T20:00:12.142781+00:00,2026-07-04T20:00:12.142939,2,2,133.3,0.4,133.1,150,133.0,100,,,,,,,,,,,,,,,,,133.5,2,133.6,150,,,,,,,,,,,,,,,,
2026-07-04T20:00:12.260861+00:00,2026-07-04T20:00:12.260752,2,1,133.3,0.4,133.1,150,133.0,100,,,,,,,,,,,,,,,,,133.5,2,,,,,,,,,,,,,,,,,,
2026-07-04T20:00:12.266043+00:00,2026-07-04T20:00:12.265927,1,1,133.25,0.5,133.0,100,,,,,,,,,,,,,,,,,,,133.5,2,,,,,,,,,,,,,,,,,,
2026-07-04T20:00:12.318081+00:00,2026-07-04T20:00:12.318178,2,1,133.4,0.2,133.3,150,133.0,100,,,,,,,,,,,,,,,,,133.5,2,,,,,,,,,,,,,,,,,,
2026-07-04T20:00:12.372326+00:00,2026-07-04T20:00:12.372256,2,2,133.4,0.2,133.3,150,133.0,100,,,,,,,,,,,,,,,,,133.5,2,133.8,150,,,,,,,,,,,,,,,,
2026-07-04T20:00:13.071953+00:00,2026-07-04T20:00:13.071826,1,1,133.55,0.5,133.3,150,,,,,,,,,,,,,,,,,,,133.8,150,,,,,,,,,,,,,,,,,,
2026-07-04T20:00:13.127715+00:00,2026-07-04T20:00:13.127616,2,1,133.65,0.3,133.5,100,133.3,150,,,,,,,,,,,,,,,,,133.8,150,,,,,,,,,,,,,,,,,,
2026-07-04T20:00:13.179403+00:00,2026-07-04T20:00:13.179354,2,2,133.65,0.3,133.5,100,133.3,150,,,,,,,,,,,,,,,,,133.8,150,134.0,100,,,,,,,,,,,,,,,,
2026-07-04T20:00:13.247342+00:00,2026-07-04T20:00:13.247202,2,2,133.65,0.3,133.5,100,133.3,150,,,,,,,,,,,,,,,,,133.8,100,134.0,100,,,,,,,,,,,,,,,,
2026-07-04T20:00:15.137736+00:00,2026-07-04T20:00:15.137493,2,2,133.65,0.3,133.5,54,133.3,150,,,,,,,,,,,,,,,,,133.8,100,134.0,100,,,,,,,,,,,,,,,,
2026-07-04T20:00:15.378951+00:00,2026-07-04T20:00:15.378818,2,2,133.65,0.3,133.5,54,133.3,150,,,,,,,,,,,,,,,,,133.8,50,134.0,100,,,,,,,,,,,,,,,,
2026-07-04T20:00:15.429465+00:00,2026-07-04T20:00:15.429400,1,1,133.75,0.5,133.5,54,,,,,,,,,,,,,,,,,,,134.0,100,,,,,,,,,,,,,,,,,,
2026-07-04T20:00:15.484989+00:00,2026-07-04T20:00:15.485131,2,1,133.8,0.4,133.6,150,133.5,54,,,,,,,,,,,,,,,,,134.0,100,,,,,,,,,,,,,,,,,,
2026-07-04T20:00:15.537683+00:00,2026-07-04T20:00:15.537620,2,2,133.8,0.4,133.6,150,133.5,54,,,,,,,,,,,,,,,,,134.0,100,134.1,150,,,,,,,,,,,,,,,,
2026-07-04T20:00:16.233062+00:00,2026-07-04T20:00:16.233223,1,1,133.85,0.5,133.6,150,,,,,,,,,,,,,,,,,,,134.1,150,,,,,,,,,,,,,,,,,,
2026-07-04T20:00:16.285467+00:00,2026-07-04T20:00:16.285390,2,1,133.85,0.5,133.6,150,133.2,100,,,,,,,,,,,,,,,,,134.1,150,,,,,,,,,,,,,,,,,,
2026-07-04T20:00:16.341243+00:00,2026-07-04T20:00:16.341341,2,2,133.65,0.1,133.6,150,133.2,100,,,,,,,,,,,,,,,,,133.7,100,134.1,150,,,,,,,,,,,,,,,,
2026-07-04T20:00:16.578213+00:00,2026-07-04T20:00:16.572848,2,2,133.65,0.1,133.6,147,133.2,100,,,,,,,,,,,,,,,,,133.7,100,134.1,150,,,,,,,,,,,,,,,,
2026-07-04T20:00:17.487729+00:00,2026-07-04T20:00:17.487687,2,2,133.65,0.1,133.6,147,133.2,100,,,,,,,,,,,,,,,,,133.7,50,134.1,150,,,,,,,,,,,,,,,,
2026-07-04T20:00:18.100431+00:00,2026-07-04T20:00:18.100384,2,2,133.65,0.1,133.6,147,133.2,100,,,,,,,,,,,,,,,,,133.7,10,134.1,150,,,,,,,,,,,,,,,,
2026-07-04T20:00:18.596053+00:00,2026-07-04T20:00:18.595999,1,1,133.45,0.5,133.2,100,,,,,,,,,,,,,,,,,,,133.7,10,,,,,,,,,,,,,,,,,,
2026-07-04T20:00:18.649092+00:00,2026-07-04T20:00:18.649046,2,1,133.65,0.1,133.6,150,133.2,100,,,,,,,,,,,,,,,,,133.7,10,,,,,,,,,,,,,,,,,,
2026-07-04T20:00:18.702007+00:00,2026-07-04T20:00:18.701891,2,2,133.65,0.1,133.6,150,133.2,100,,,,,,,,,,,,,,,,,133.7,10,134.1,150,,,,,,,,,,,,,,,,
2026-07-04T20:00:19.239360+00:00,2026-07-04T20:00:19.239311,2,2,133.65,0.1,133.6,109,133.2,100,,,,,,,,,,,,,,,,,133.7,10,134.1,150,,,,,,,,,,,,,,,,
2026-07-04T20:00:19.396030+00:00,2026-07-04T20:00:19.396207,1,1,133.85,0.5,133.6,109,,,,,,,,,,,,,,,,,,,134.1,150,,,,,,,,,,,,,,,,,,
2026-07-04T20:00:19.458577+00:00,2026-07-04T20:00:19.450668,1,1,133.85,0.5,133.6,209,,,,,,,,,,,,,,,,,,,134.1,150,,,,,,,,,,,,,,,,,,
2026-07-04T20:00:19.506097+00:00,2026-07-04T20:00:19.506030,1,1,133.85,0.5,133.6,209,,,,,,,,,,,,,,,,,,,134.1,250,,,,,,,,,,,,,,,,,,
2026-07-04T20:00:19.600142+00:00,2026-07-04T20:00:19.600023,1,1,133.85,0.5,133.6,209,,,,,,,,,,,,,,,,,,,134.1,200,,,,,,,,,,,,,,,,,,
2026-07-04T20:00:19.869841+00:00,2026-07-04T20:00:19.870027,1,1,133.85,0.5,133.6,160,,,,,,,,,,,,,,,,,,,134.1,200,,,,,,,,,,,,,,,,,,
2026-07-04T20:00:21.758592+00:00,2026-07-04T20:00:21.755535,1,1,133.85,0.5,133.6,100,,,,,,,,,,,,,,,,,,,134.1,100,,,,,,,,,,,,,,,,,,
2026-07-04T20:00:21.810313+00:00,2026-07-04T20:00:21.810152,1,1,133.85,0.5,133.6,250,,,,,,,,,,,,,,,,,,,134.1,100,,,,,,,,,,,,,,,,,,
2026-07-04T20:00:21.874414+00:00,2026-07-04T20:00:21.874241,1,1,133.85,0.5,133.6,250,,,,,,,,,,,,,,,,,,,134.1,250,,,,,,,,,,,,,,,,,,
2026-07-04T20:00:22.559882+00:00,2026-07-04T20:00:22.559791,1,1,133.85,0.5,133.6,150,,,,,,,,,,,,,,,,,,,134.1,150,,,,,,,,,,,,,,,,,,
2026-07-04T20:00:22.613974+00:00,2026-07-04T20:00:22.614071,2,1,133.85,0.5,133.6,150,133.5,100,,,,,,,,,,,,,,,,,134.1,150,,,,,,,,,,,,,,,,,,
2026-07-04T20:00:22.666825+00:00,2026-07-04T20:00:22.666686,2,2,133.8,0.4,133.6,150,133.5,100,,,,,,,,,,,,,,,,,134.0,100,134.1,150,,,,,,,,,,,,,,,,
2026-07-04T20:00:23.864403+00:00,2026-07-04T20:00:23.864277,2,2,133.8,0.4,133.6,100,133.5,100,,,,,,,,,,,,,,,,,134.0,100,134.1,150,,,,,,,,,,,,,,,,
2026-07-04T20:00:24.923101+00:00,2026-07-04T20:00:24.923042,1,1,133.75,0.5,133.5,100,,,,,,,,,,,,,,,,,,,134.0,100,,,,,,,,,,,,,,,,,,
2026-07-04T20:00:24.976160+00:00,2026-07-04T20:00:24.976124,2,1,133.75,0.5,133.5,100,133.1,150,,,,,,,,,,,,,,,,,134.0,100,,,,,,,,,,,,,,,,,,
2026-07-04T20:00:25.034331+00:00,2026-07-04T20:00:25.034248,2,2,133.55,0.1,133.5,100,133.1,150,,,,,,,,,,,,,,,,,133.6,150,134.0,100,,,,,,,,,,,,,,,,
2026-07-04T20:00:25.719457+00:00,2026-07-04T20:00:25.719309,1,1,133.35,0.5,133.1,150,,,,,,,,,,,,,,,,,,,133.6,150,,,,,,,,,,,,,,,,,,
2026-07-04T20:00:25.771129+00:00,2026-07-04T20:00:25.771016,2,1,133.45,0.3,133.3,100,133.1,150,,,,,,,,,,,,,,,,,133.6,150,,,,,,,,,,,,,,,,,,
2026-07-04T20:00:25.824126+00:00,2026-07-04T20:00:25.824011,2,2,133.45,0.3,133.3,100,133.1,150,,,,,,,,,,,,,,,,,133.6,150,133.8,100,,,,,,,,,,,,,,,,
2026-07-04T20:00:25.971489+00:00,2026-07-04T20:00:25.971631,2,2,133.45,0.3,133.3,50,133.1,150,,,,,,,,,,,,,,,,,133.6,150,133.8,100,,,,,,,,,,,,,,,,
2026-07-04T20:00:27.484781+00:00,2026-07-04T20:00:27.484707,2,2,133.45,0.3,133.3,50,133.1,150,,,,,,,,,,,,,,,,,133.6,101,133.8,100,,,,,,,,,,,,,,,,
2026-07-04T20:00:28.077492+00:00,2026-07-04T20:00:28.077400,1,2,133.35,0.5,133.1,150,,,,,,,,,,,,,,,,,,,133.6,101,133.8,100,,,,,,,,,,,,,,,,
2026-07-04T20:00:28.088628+00:00,2026-07-04T20:00:28.088593,0,1,,,,,,,,,,,,,,,,,,,,,,,133.8,100,,,,,,,,,,,,,,,,,,
2026-07-04T20:00:28.141640+00:00,2026-07-04T20:00:28.141509,1,1,133.55,0.5,133.3,150,,,,,,,,,,,,,,,,,,,133.8,100,,,,,,,,,,,,,,,,,,
2026-07-04T20:00:28.193278+00:00,2026-07-04T20:00:28.193207,1,1,133.55,0.5,133.3,150,,,,,,,,,,,,,,,,,,,133.8,250,,,,,,,,,,,,,,,,,,
2026-07-04T20:00:28.602453+00:00,2026-07-04T20:00:28.602355,1,1,133.55,0.5,133.3,108,,,,,,,,,,,,,,,,,,,133.8,250,,,,,,,,,,,,,,,,,,
2026-07-04T20:00:28.879400+00:00,2026-07-04T20:00:28.879217,1,1,133.55,0.5,133.3,108,,,,,,,,,,,,,,,,,,,133.8,150,,,,,,,,,,,,,,,,,,
2026-07-04T20:00:28.932467+00:00,2026-07-04T20:00:28.932363,2,1,133.55,0.5,133.3,108,133.1,100,,,,,,,,,,,,,,,,,133.8,150,,,,,,,,,,,,,,,,,,
2026-07-04T20:00:28.986383+00:00,2026-07-04T20:00:28.986205,2,2,133.45,0.3,133.3,108,133.1,100,,,,,,,,,,,,,,,,,133.6,100,133.8,150,,,,,,,,,,,,,,,,
2026-07-04T20:00:30.183213+00:00,2026-07-04T20:00:30.183028,2,2,133.45,0.3,133.3,58,133.1,100,,,,,,,,,,,,,,,,,133.6,100,133.8,150,,,,,,,,,,,,,,,,
2026-07-04T20:00:30.367593+00:00,2026-07-04T20:00:30.362334,2,2,133.45,0.3,133.3,58,133.1,100,,,,,,,,,,,,,,,,,133.6,97,133.8,150,,,,,,,,,,,,,,,,
2026-07-04T20:00:31.247273+00:00,2026-07-04T20:00:31.247237,1,1,133.35,0.5,133.1,100,,,,,,,,,,,,,,,,,,,133.6,97,,,,,,,,,,,,,,,,,,
2026-07-04T20:00:31.295066+00:00,2026-07-04T20:00:31.295167,1,1,133.35,0.5,133.1,100,,,,,,,,,,,,,,,,,,,133.6,56,,,,,,,,,,,,,,,,,,
2026-07-04T20:00:31.300382+00:00,2026-07-04T20:00:31.300355,1,1,133.35,0.5,133.1,250,,,,,,,,,,,,,,,,,,,133.6,56,,,,,,,,,,,,,,,,,,
2026-07-04T20:00:31.354904+00:00,2026-07-04T20:00:31.354847,1,1,133.35,0.5,133.1,250,,,,,,,,,,,,,,,,,,,133.6,206,,,,,,,,,,,,,,,,,,
2026-07-04T20:00:31.840114+00:00,2026-07-04T20:00:31.840023,1,1,133.35,0.5,133.1,250,,,,,,,,,,,,,,,,,,,133.6,161,,,,,,,,,,,,,,,,,,
2026-07-04T20:00:32.040188+00:00,2026-07-04T20:00:32.040038,1,1,133.35,0.5,133.1,150,,,,,,,,,,,,,,,,,,,133.6,150,,,,,,,,,,,,,,,,,,
2026-07-04T20:00:32.090687+00:00,2026-07-04T20:00:32.090809,2,1,133.55,0.1,133.5,100,133.1,150,,,,,,,,,,,,,,,,,133.6,150,,,,,,,,,,,,,,,,,,
2026-07-04T20:00:32.144306+00:00,2026-07-04T20:00:32.144204,2,2,133.55,0.1,133.5,100,133.1,150,,,,,,,,,,,,,,,,,133.6,150,134.0,100,,,,,,,,,,,,,,,,
2026-07-04T20:00:32.294996+00:00,2026-07-04T20:00:32.294940,2,2,133.55,0.1,133.5,50,133.1,150,,,,,,,,,,,,,,,,,133.6,150,134.0,100,,,,,,,,,,,,,,,,
2026-07-04T20:00:34.048672+00:00,2026-07-04T20:00:34.048544,2,2,133.55,0.1,133.5,50,133.1,150,,,,,,,,,,,,,,,,,133.6,104,134.0,100,,,,,,,,,,,,,,,,
2026-07-04T20:00:34.400819+00:00,2026-07-04T20:00:34.400694,1,2,133.35,0.5,133.1,150,,,,,,,,,,,,,,,,,,,133.6,104,134.0,100,,,,,,,,,,,,,,,,
2026-07-04T20:00:34.405779+00:00,2026-07-04T20:00:34.405924,0,1,,,,,,,,,,,,,,,,,,,,,,,134.0,100,,,,,,,,,,,,,,,,,,
2026-07-04T20:00:34.458651+00:00,2026-07-04T20:00:34.453004,1,1,133.65,0.7,133.3,150,,,,,,,,,,,,,,,,,,,134.0,100,,,,,,,,,,,,,,,,,,
2026-07-04T20:00:34.513212+00:00,2026-07-04T20:00:34.513061,1,2,133.55,0.5,133.3,150,,,,,,,,,,,,,,,,,,,133.8,150,134.0,100,,,,,,,,,,,,,,,,
2026-07-04T20:00:35.196399+00:00,2026-07-04T20:00:35.196313,1,1,133.55,0.5,133.3,150,,,,,,,,,,,,,,,,,,,133.8,150,,,,,,,,,,,,,,,,,,
2026-07-04T20:00:35.254290+00:00,2026-07-04T20:00:35.254126,1,1,133.55,0.5,133.3,250,,,,,,,,,,,,,,,,,,,133.8,150,,,,,,,,,,,,,,,,,,
2026-07-04T20:00:35.307299+00:00,2026-07-04T20:00:35.307189,1,1,133.55,0.5,133.3,250,,,,,,,,,,,,,,,,,,,133.8,250,,,,,,,,,,,,,,,,,,
2026-07-04T20:00:36.504037+00:00,2026-07-04T20:00:36.504171,1,1,133.55,0.5,133.3,200,,,,,,,,,,,,,,,,,,,133.8,250,,,,,,,,,,,,,,,,,,
2026-07-04T20:00:36.541949+00:00,2026-07-04T20:00:36.541890,1,1,133.55,0.5,133.3,152,,,,,,,,,,,,,,,,,,,133.8,250,,,,,,,,,,,,,,,,,,
2026-07-04T20:00:37.558581+00:00,2026-07-04T20:00:37.557899,1,1,133.55,0.5,133.3,152,,,,,,,,,,,,,,,,,,,133.8,100,,,,,,,,,,,,,,,,,,
2026-07-04T20:00:37.569595+00:00,2026-07-04T20:00:37.569564,1,1,133.55,0.5,133.3,100,,,,,,,,,,,,,,,,,,,133.8,100,,,,,,,,,,,,,,,,,,
2026-07-04T20:00:37.619946+00:00,2026-07-04T20:00:37.619884,2,1,133.55,0.5,133.3,100,132.8,150,,,,,,,,,,,,,,,,,133.8,100,,,,,,,,,,,,,,,,,,
2026-07-04T20:00:37.674977+00:00,2026-07-04T20:00:37.674855,1,2,133.05,0.5,132.8,150,,,,,,,,,,,,,,,,,,,133.3,50,133.8,100,,,,,,,,,,,,,,,,
2026-07-04T20:00:38.358637+00:00,2026-07-04T20:00:38.358394,1,1,133.05,0.5,132.8,150,,,,,,,,,,,,,,,,,,,133.3,50,,,,,,,,,,,,,,,,,,
2026-07-04T20:00:38.414145+00:00,2026-07-04T20:00:38.414055,1,1,133.05,0.5,132.8,250,,,,,,,,,,,,,,,,,,,133.3,50,,,,,,,,,,,,,,,,,,
2026-07-04T20:00:38.458570+00:00,2026-07-04T20:00:38.458000,1,1,133.05,0.5,132.8,250,,,,,,,,,,,,,,,,,,,133.3,150,,,,,,,,,,,,,,,,,,
2026-07-04T20:00:38.613520+00:00,2026-07-04T20:00:38.613678,1,1,133.05,0.5,132.8,200,,,,,,,,,,,,,,,,,,,133.3,150,,,,,,,,,,,,,,,,,,
2026-07-04T20:00:38.879519+00:00,2026-07-04T20:00:38.879385,1,1,133.05,0.5,132.8,200,,,,,,,,,,,,,,,,,,,133.3,108,,,,,,,,,,,,,,,,,,
2026-07-04T20:00:40.724649+00:00,2026-07-04T20:00:40.724613,1,1,133.05,0.5,132.8,150,,,,,,,,,,,,,,,,,,,133.3,108,,,,,,,,,,,,,,,,,,
2026-07-04T20:00:40.729903+00:00,2026-07-04T20:00:40.729821,1,1,133.05,0.5,132.8,100,,,,,,,,,,,,,,,,,,,133.3,100,,,,,,,,,,,,,,,,,,
2026-07-04T20:00:40.785844+00:00,2026-07-04T20:00:40.785760,2,1,133.1,0.4,132.9,150,132.8,100,,,,,,,,,,,,,,,,,133.3,100,,,,,,,,,,,,,,,,,,
2026-07-04T20:00:40.837871+00:00,2026-07-04T20:00:40.837975,2,1,133.1,0.4,132.9,150,132.8,100,,,,,,,,,,,,,,,,,133.3,250,,,,,,,,,,,,,,,,,,
2026-07-04T20:00:41.517830+00:00,2026-07-04T20:00:41.517786,2,1,133.1,0.4,132.9,150,132.8,100,,,,,,,,,,,,,,,,,133.3,150,,,,,,,,,,,,,,,,,,
2026-07-04T20:00:41.522867+00:00,2026-07-04T20:00:41.522965,1,1,133.1,0.4,132.9,150,,,,,,,,,,,,,,,,,,,133.3,150,,,,,,,,,,,,,,,,,,
2026-07-04T20:00:41.576625+00:00,2026-07-04T20:00:41.576538,2,1,133.1,0.4,132.9,150,132.8,100,,,,,,,,,,,,,,,,,133.3,150,,,,,,,,,,,,,,,,,,
2026-07-04T20:00:41.629195+00:00,2026-07-04T20:00:41.629135,2,1,133.1,0.4,132.9,150,132.8,100,,,,,,,,,,,,,,,,,133.3,250,,,,,,,,,,,,,,,,,,
2026-07-04T20:00:42.829974+00:00,2026-07-04T20:00:42.829857,2,1,133.1,0.4,132.9,100,132.8,100,,,,,,,,,,,,,,,,,133.3,250,,,,,,,,,,,,,,,,,,
2026-07-04T20:00:43.890843+00:00,2026-07-04T20:00:43.890740,1,1,133.05,0.5,132.8,100,,,,,,,,,,,,,,,,,,,133.3,100,,,,,,,,,,,,,,,,,,
2026-07-04T20:00:43.896190+00:00,2026-07-04T20:00:43.895990,1,1,133.05,0.5,132.8,57,,,,,,,,,,,,,,,,,,,133.3,100,,,,,,,,,,,,,,,,,,
2026-07-04T20:00:43.941196+00:00,2026-07-04T20:00:43.941044,2,1,133.05,0.5,132.8,57,132.6,150,,,,,,,,,,,,,,,,,133.3,100,,,,,,,,,,,,,,,,,,
2026-07-04T20:00:43.996676+00:00,2026-07-04T20:00:43.996642,2,2,132.9,0.2,132.8,57,132.6,150,,,,,,,,,,,,,,,,,133.0,150,133.3,100,,,,,,,,,,,,,,,,
2026-07-04T20:00:44.683013+00:00,2026-07-04T20:00:44.682910,1,1,132.8,0.4,132.6,150,,,,,,,,,,,,,,,,,,,133.0,150,,,,,,,,,,,,,,,,,,
2026-07-04T20:00:44.738018+00:00,2026-07-04T20:00:44.737933,2,1,132.8,0.4,132.6,150,132.5,100,,,,,,,,,,,,,,,,,133.0,150,,,,,,,,,,,,,,,,,,
2026-07-04T20:00:44.805724+00:00,2026-07-04T20:00:44.805860,2,1,132.8,0.4,132.6,150,132.5,100,,,,,,,,,,,,,,,,,133.0,250,,,,,,,,,,,,,,,,,,
2026-07-04T20:00:44.937723+00:00,2026-07-04T20:00:44.937620,2,1,132.8,0.4,132.6,100,132.5,100,,,,,,,,,,,,,,,,,133.0,250,,,,,,,,,,,,,,,,,,
2026-07-04T20:00:46.744561+00:00,2026-07-04T20:00:46.739190,2,1,132.8,0.4,132.6,100,132.5,100,,,,,,,,,,,,,,,,,133.0,247,,,,,,,,,,,,,,,,,,
2026-07-04T20:00:47.049101+00:00,2026-07-04T20:00:47.049070,1,1,132.75,0.5,132.5,100,,,,,,,,,,,,,,,,,,,133.0,100,,,,,,,,,,,,,,,,,,
2026-07-04T20:00:47.102747+00:00,2026-07-04T20:00:47.102616,2,1,132.75,0.5,132.5,100,132.4,150,,,,,,,,,,,,,,,,,133.0,100,,,,,,,,,,,,,,,,,,
2026-07-04T20:00:47.169389+00:00,2026-07-04T20:00:47.162417,2,2,132.7,0.4,132.5,100,132.4,150,,,,,,,,,,,,,,,,,132.9,139,133.0,100,,,,,,,,,,,,,,,,
2026-07-04T20:00:47.861873+00:00,2026-07-04T20:00:47.861728,2,1,132.7,0.4,132.5,100,132.4,150,,,,,,,,,,,,,,,,,132.9,139,,,,,,,,,,,,,,,,,,
2026-07-04T20:00:47.867049+00:00,2026-07-04T20:00:47.866987,1,1,132.65,0.5,132.4,150,,,,,,,,,,,,,,,,,,,132.9,139,,,,,,,,,,,,,,,,,,
2026-07-04T20:00:47.919627+00:00,2026-07-04T20:00:47.919494,2,1,132.75,0.3,132.6,100,132.4,150,,,,,,,,,,,,,,,,,132.9,139,,,,,,,,,,,,,,,,,,
2026-07-04T20:00:47.971666+00:00,2026-07-04T20:00:47.971574,2,2,132.75,0.3,132.6,100,132.4,150,,,,,,,,,,,,,,,,,132.9,139,133.1,100,,,,,,,,,,,,,,,,
2026-07-04T20:00:48.054625+00:00,2026-07-04T20:00:48.049766,2,2,132.75,0.3,132.6,100,132.4,150,,,,,,,,,,,,,,,,,132.9,127,133.1,100,,,,,,,,,,,,,,,,
2026-07-04T20:00:49.152959+00:00,2026-07-04T20:00:49.152924,2,2,132.75,0.3,132.6,50,132.4,150,,,,,,,,,,,,,,,,,132.9,127,133.1,100,,,,,,,,,,,,,,,,
2026-07-04T20:00:50.208677+00:00,2026-07-04T20:00:50.208533,1,1,132.85,0.5,132.6,50,,,,,,,,,,,,,,,,,,,133.1,100,,,,,,,,,,,,,,,,,,
2026-07-04T20:00:50.258629+00:00,2026-07-04T20:00:50.253284,1,1,132.85,0.5,132.6,200,,,,,,,,,,,,,,,,,,,133.1,100,,,,,,,,,,,,,,,,,,
2026-07-04T20:00:50.311894+00:00,2026-07-04T20:00:50.311808,1,1,132.85,0.5,132.6,200,,,,,,,,,,,,,,,,,,,133.1,250,,,,,,,,,,,,,,,,,,
2026-07-04T20:00:51.025295+00:00,2026-07-04T20:00:51.025475,1,1,132.85,0.5,132.6,150,,,,,,,,,,,,,,,,,,,133.1,150,,,,,,,,,,,,,,,,,,
2026-07-04T20:00:51.077478+00:00,2026-07-04T20:00:51.077448,2,1,132.85,0.5,132.6,150,132.3,100,,,,,,,,,,,,,,,,,133.1,150,,,,,,,,,,,,,,,,,,
2026-07-04T20:00:51.130536+00:00,2026-07-04T20:00:51.130374,2,2,132.7,0.2,132.6,150,132.3,100,,,,,,,,,,,,,,,,,132.8,100,133.1,150,,,,,,,,,,,,,,,,
2026-07-04T20:00:51.258617+00:00,2026-07-04T20:00:51.255337,2,2,132.7,0.2,132.6,100,132.3,100,,,,,,,,,,,,,,,,,132.8,100,133.1,150,,,,,,,,,,,,,,,,
2026-07-04T20:00:53.367651+00:00,2026-07-04T20:00:53.367508,2,2,132.7,0.2,132.6,50,132.3,100,,,,,,,,,,,,,,,,,132.8,100,133.1,150,,,,,,,,,,,,,,,,
2026-07-04T20:00:53.372824+00:00,2026-07-04T20:00:53.372759,1,1,132.55,0.5,132.3,100,,,,,,,,,,,,,,,,,,,132.8,100,,,,,,,,,,,,,,,,,,
2026-07-04T20:00:53.424299+00:00,2026-07-04T20:00:53.424153,1,1,132.55,0.5,132.3,250,,,,,,,,,,,,,,,,,,,132.8,100,,,,,,,,,,,,,,,,,,
2026-07-04T20:00:53.479596+00:00,2026-07-04T20:00:53.479503,1,1,132.55,0.5,132.3,250,,,,,,,,,,,,,,,,,,,132.8,250,,,,,,,,,,,,,,,,,,
2026-07-04T20:00:54.187509+00:00,2026-07-04T20:00:54.187455,1,1,132.55,0.5,132.3,150,,,,,,,,,,,,,,,,,,,132.8,150,,,,,,,,,,,,,,,,,,
2026-07-04T20:00:54.242115+00:00,2026-07-04T20:00:54.242026,2,1,132.6,0.4,132.4,100,132.3,150,,,,,,,,,,,,,,,,,132.8,150,,,,,,,,,,,,,,,,,,
2026-07-04T20:00:54.296845+00:00,2026-07-04T20:00:54.296740,2,2,132.6,0.4,132.4,100,132.3,150,,,,,,,,,,,,,,,,,132.8,150,132.9,100,,,,,,,,,,,,,,,,
2026-07-04T20:00:55.347869+00:00,2026-07-04T20:00:55.347805,2,2,132.6,0.4,132.4,100,132.3,150,,,,,,,,,,,,,,,,,132.8,110,132.9,100,,,,,,,,,,,,,,,,
2026-07-04T20:00:55.474370+00:00,2026-07-04T20:00:55.474303,2,2,132.6,0.4,132.4,50,132.3,150,,,,,,,,,,,,,,,,,132.8,110,132.9,100,,,,,,,,,,,,,,,,
2026-07-04T20:00:55.929837+00:00,2026-07-04T20:00:55.929781,2,2,132.6,0.4,132.4,5,132.3,150,,,,,,,,,,,,,,,,,132.8,110,132.9,100,,,,,,,,,,,,,,,,
2026-07-04T20:00:56.531844+00:00,2026-07-04T20:00:56.531970,1,1,132.65,0.5,132.4,5,,,,,,,,,,,,,,,,,,,132.9,100,,,,,,,,,,,,,,,,,,
2026-07-04T20:00:56.582720+00:00,2026-07-04T20:00:56.582627,2,1,132.65,0.5,132.4,5,132.1,150,,,,,,,,,,,,,,,,,132.9,100,,,,,,,,,,,,,,,,,,
2026-07-04T20:00:56.634395+00:00,2026-07-04T20:00:56.634269,2,2,132.5,0.2,132.4,5,132.1,150,,,,,,,,,,,,,,,,,132.6,150,132.9,100,,,,,,,,,,,,,,,,
2026-07-04T20:00:57.351152+00:00,2026-07-04T20:00:57.351117,1,1,132.35,0.5,132.1,150,,,,,,,,,,,,,,,,,,,132.6,150,,,,,,,,,,,,,,,,,,
2026-07-04T20:00:57.405689+00:00,2026-07-04T20:00:57.405638,2,1,132.35,0.5,132.1,150,131.7,100,,,,,,,,,,,,,,,,,132.6,150,,,,,,,,,,,,,,,,,,
2026-07-04T20:00:57.458558+00:00,2026-07-04T20:00:57.455422,2,2,132.15,0.1,132.1,150,131.7,100,,,,,,,,,,,,,,,,,132.2,100,132.6,150,,,,,,,,,,,,,,,,
2026-07-04T20:00:57.467523+00:00,2026-07-04T20:00:57.462274,2,2,132.15,0.1,132.1,150,131.7,100,,,,,,,,,,,,,,,,,132.2,77,132.6,150,,,,,,,,,,,,,,,,
2026-07-04T20:00:57.578031+00:00,2026-07-04T20:00:57.577986,2,2,132.15,0.1,132.1,100,131.7,100,,,,,,,,,,,,,,,,,132.2,77,132.6,150,,,,,,,,,,,,,,,,
2026-07-04T20:00:58.536976+00:00,2026-07-04T20:00:58.536858,2,2,132.15,0.1,132.1,100,131.7,100,,,,,,,,,,,,,,,,,132.2,32,132.6,150,,,,,,,,,,,,,,,,
2026-07-04T20:00:58.563260+00:00,2026-07-04T20:00:58.556779,2,2,132.15,0.1,132.1,100,131.7,100,,,,,,,,,,,,,,,,,132.2,10,132.6,150,,,,,,,,,,,,,,,,
2026-07-04T20:00:58.578914+00:00,2026-07-04T20:00:58.578772,2,1,132.35,0.5,132.1,100,131.7,100,,,,,,,,,,,,,,,,,132.6,150,,,,,,,,,,,,,,,,,,
2026-07-04T20:00:59.166924+00:00,2026-07-04T20:00:59.166813,2,1,132.35,0.5,132.1,100,131.7,100,,,,,,,,,,,,,,,,,132.6,102,,,,,,,,,,,,,,,,,,
2026-07-04T20:00:59.692438+00:00,2026-07-04T20:00:59.692341,1,0,,,131.7,100,,,,,,,,,,,,,,,,,,,,,,,,,,,,,,,,,,,,,,
2026-07-04T20:00:59.746414+00:00,2026-07-04T20:00:59.746338,2,0,,,131.9,150,131.7,100,,,,,,,,,,,,,,,,,,,,,,,,,,,,,,,,,,,,
2026-07-04T20:00:59.799908+00:00,2026-07-04T20:00:59.799990,2,1,132.15,0.5,131.9,150,131.7,100,,,,,,,,,,,,,,,,,132.4,150,,,,,,,,,,,,,,,,,,
2026-07-04T20:01:00.519283+00:00,2026-07-04T20:01:00.519466,1,1,132.15,0.5,131.9,150,,,,,,,,,,,,,,,,,,,132.4,150,,,,,,,,,,,,,,,,,,
2026-07-04T20:01:00.574899+00:00,2026-07-04T20:01:00.574742,1,1,132.15,0.5,131.9,250,,,,,,,,,,,,,,,,,,,132.4,150,,,,,,,,,,,,,,,,,,
2026-07-04T20:01:00.623012+00:00,2026-07-04T20:01:00.622896,1,1,132.15,0.5,131.9,250,,,,,,,,,,,,,,,,,,,132.4,250,,,,,,,,,,,,,,,,,,
2026-07-04T20:01:01.169246+00:00,2026-07-04T20:01:01.168861,1,1,132.15,0.5,131.9,201,,,,,,,,,,,,,,,,,,,132.4,250,,,,,,,,,,,,,,,,,,
2026-07-04T20:01:01.629236+00:00,2026-07-04T20:01:01.629163,1,1,132.15,0.5,131.9,152,,,,,,,,,,,,,,,,,,,132.4,250,,,,,,,,,,,,,,,,,,
2026-07-04T20:01:01.749237+00:00,2026-07-04T20:01:01.749129,1,1,132.15,0.5,131.9,152,,,,,,,,,,,,,,,,,,,132.4,200,,,,,,,,,,,,,,,,,,
2026-07-04T20:01:02.224846+00:00,2026-07-04T20:01:02.224726,1,1,132.15,0.5,131.9,152,,,,,,,,,,,,,,,,,,,132.4,156,,,,,,,,,,,,,,,,,,
2026-07-04T20:01:02.858636+00:00,2026-07-04T20:01:02.853440,1,1,132.15,0.5,131.9,100,,,,,,,,,,,,,,,,,,,132.4,100,,,,,,,,,,,,,,,,,,
2026-07-04T20:01:02.907151+00:00,2026-07-04T20:01:02.907079,2,1,132.15,0.5,131.9,100,131.8,150,,,,,,,,,,,,,,,,,132.4,100,,,,,,,,,,,,,,,,,,
2026-07-04T20:01:02.958640+00:00,2026-07-04T20:01:02.957743,2,2,132.1,0.4,131.9,100,131.8,150,,,,,,,,,,,,,,,,,132.3,150,132.4,100,,,,,,,,,,,,,,,,
2026-07-04T20:01:03.680937+00:00,2026-07-04T20:01:03.680812,1,1,132.05,0.5,131.8,150,,,,,,,,,,,,,,,,,,,132.3,150,,,,,,,,,,,,,,,,,,
2026-07-04T20:01:03.733997+00:00,2026-07-04T20:01:03.733900,2,1,132.05,0.5,131.8,150,131.7,100,,,,,,,,,,,,,,,,,132.3,150,,,,,,,,,,,,,,,,,,
2026-07-04T20:01:03.786497+00:00,2026-07-04T20:01:03.786365,2,2,132.0,0.4,131.8,150,131.7,100,,,,,,,,,,,,,,,,,132.2,100,132.3,150,,,,,,,,,,,,,,,,
2026-07-04T20:01:03.858560+00:00,2026-07-04T20:01:03.853700,2,2,132.0,0.4,131.8,150,131.7,100,,,,,,,,,,,,,,,,,132.2,50,132.3,150,,,,,,,,,,,,,,,,
2026-07-04T20:01:06.012588+00:00,2026-07-04T20:01:06.012523,1,1,131.95,0.5,131.7,100,,,,,,,,,,,,,,,,,,,132.2,50,,,,,,,,,,,,,,,,,,
2026-07-04T20:01:06.023233+00:00,2026-07-04T20:01:06.023120,1,1,131.95,0.5,131.7,50,,,,,,,,,,,,,,,,,,,132.2,50,,,,,,,,,,,,,,,,,,
2026-07-04T20:01:06.067291+00:00,2026-07-04T20:01:06.067439,2,1,132.0,0.4,131.8,150,131.7,50,,,,,,,,,,,,,,,,,132.2,50,,,,,,,,,,,,,,,,,,
2026-07-04T20:01:06.119240+00:00,2026-07-04T20:01:06.119154,2,2,132.0,0.4,131.8,150,131.7,50,,,,,,,,,,,,,,,,,132.2,50,132.3,150,,,,,,,,,,,,,,,,
2026-07-04T20:01:06.835400+00:00,2026-07-04T20:01:06.835314,2,1,132.05,0.5,131.8,150,131.7,50,,,,,,,,,,,,,,,,,132.3,150,,,,,,,,,,,,,,,,,,
2026-07-04T20:01:06.840541+00:00,2026-07-04T20:01:06.840513,1,1,132.05,0.5,131.8,150,,,,,,,,,,,,,,,,,,,132.3,150,,,,,,,,,,,,,,,,,,
2026-07-04T20:01:06.892874+00:00,2026-07-04T20:01:06.892747,2,1,132.05,0.5,131.8,150,131.6,100,,,,,,,,,,,,,,,,,132.3,150,,,,,,,,,,,,,,,,,,
2026-07-04T20:01:06.945521+00:00,2026-07-04T20:01:06.945394,2,2,131.95,0.3,131.8,150,131.6,100,,,,,,,,,,,,,,,,,132.1,100,132.3,150,,,,,,,,,,,,,,,,
2026-07-04T20:01:08.082732+00:00,2026-07-04T20:01:08.082668,2,2,131.95,0.3,131.8,150,131.6,100,,,,,,,,,,,,,,,,,132.1,50,132.3,150,,,,,,,,,,,,,,,,
2026-07-04T20:01:09.174990+00:00,2026-07-04T20:01:09.174901,1,1,131.85,0.5,131.6,100,,,,,,,,,,,,,,,,,,,132.1,50,,,,,,,,,,,,,,,,,,
2026-07-04T20:01:09.229943+00:00,2026-07-04T20:01:09.229834,2,1,131.85,0.5,131.6,100,131.5,150,,,,,,,,,,,,,,,,,132.1,50,,,,,,,,,,,,,,,,,,
2026-07-04T20:01:09.282076+00:00,2026-07-04T20:01:09.282003,2,2,131.8,0.4,131.6,100,131.5,150,,,,,,,,,,,,,,,,,132.0,150,132.1,50,,,,,,,,,,,,,,,,
2026-07-04T20:01:09.312731+00:00,2026-07-04T20:01:09.312872,2,2,131.8,0.4,131.6,100,131.5,150,,,,,,,,,,,,,,,,,132.0,109,132.1,50,,,,,,,,,,,,,,,,
2026-07-04T20:01:09.998822+00:00,2026-07-04T20:01:09.998657,1,1,131.75,0.5,131.5,150,,,,,,,,,,,,,,,,,,,132.0,109,,,,,,,,,,,,,,,,,,
2026-07-04T20:01:10.052640+00:00,2026-07-04T20:01:10.052544,2,1,131.9,0.2,131.8,100,131.5,150,,,,,,,,,,,,,,,,,132.0,109,,,,,,,,,,,,,,,,,,
2026-07-04T20:01:10.105031+00:00,2026-07-04T20:01:10.104945,2,2,131.9,0.2,131.8,100,131.5,150,,,,,,,,,,,,,,,,,132.0,109,132.3,100,,,,,,,,,,,,,,,,
2026-07-04T20:01:10.264068+00:00,2026-07-04T20:01:10.263923,2,2,131.9,0.2,131.8,50,131.5,150,,,,,,,,,,,,,,,,,132.0,109,132.3,100,,,,,,,,,,,,,,,,
2026-07-04T20:01:10.977884+00:00,2026-07-04T20:01:10.978027,2,2,131.9,0.2,131.8,6,131.5,150,,,,,,,,,,,,,,,,,132.0,109,132.3,100,,,,,,,,,,,,,,,,
2026-07-04T20:01:12.336855+00:00,2026-07-04T20:01:12.337053,1,1,132.05,0.5,131.8,6,,,,,,,,,,,,,,,,,,,132.3,100,,,,,,,,,,,,,,,,,,
2026-07-04T20:01:12.369128+00:00,2026-07-04T20:01:12.369348,0,1,,,,,,,,,,,,,,,,,,,,,,,132.3,100,,,,,,,,,,,,,,,,,,
2026-07-04T20:01:12.391929+00:00,2026-07-04T20:01:12.391822,1,1,132.0,0.6,131.7,150,,,,,,,,,,,,,,,,,,,132.3,100,,,,,,,,,,,,,,,,,,
2026-07-04T20:01:12.458614+00:00,2026-07-04T20:01:12.445186,1,2,131.95,0.5,131.7,150,,,,,,,,,,,,,,,,,,,132.2,150,132.3,100,,,,,,,,,,,,,,,,
2026-07-04T20:01:13.158671+00:00,2026-07-04T20:01:13.154603,1,1,131.95,0.5,131.7,150,,,,,,,,,,,,,,,,,,,132.2,150,,,,,,,,,,,,,,,,,,
2026-07-04T20:01:13.232615+00:00,2026-07-04T20:01:13.232496,2,1,131.95,0.5,131.7,150,131.5,100,,,,,,,,,,,,,,,,,132.2,150,,,,,,,,,,,,,,,,,,
2026-07-04T20:01:13.287980+00:00,2026-07-04T20:01:13.287908,2,2,131.85,0.3,131.7,150,131.5,100,,,,,,,,,,,,,,,,,132.0,100,132.2,150,,,,,,,,,,,,,,,,
2026-07-04T20:01:15.499777+00:00,2026-07-04T20:01:15.499684,1,1,131.75,0.5,131.5,100,,,,,,,,,,,,,,,,,,,132.0,100,,,,,,,,,,,,,,,,,,
2026-07-04T20:01:15.554192+00:00,2026-07-04T20:01:15.554060,2,1,131.9,0.2,131.8,150,131.5,100,,,,,,,,,,,,,,,,,132.0,100,,,,,,,,,,,,,,,,,,
2026-07-04T20:01:15.606193+00:00,2026-07-04T20:01:15.606088,2,2,131.9,0.2,131.8,150,131.5,100,,,,,,,,,,,,,,,,,132.0,100,132.3,150,,,,,,,,,,,,,,,,
2026-07-04T20:01:15.659900+00:00,2026-07-04T20:01:15.655272,2,2,131.9,0.2,131.8,139,131.5,100,,,,,,,,,,,,,,,,,132.0,100,132.3,150,,,,,,,,,,,,,,,,
2026-07-04T20:01:16.345819+00:00,2026-07-04T20:01:16.345980,1,1,132.05,0.5,131.8,139,,,,,,,,,,,,,,,,,,,132.3,150,,,,,,,,,,,,,,,,,,
2026-07-04T20:01:16.397484+00:00,2026-07-04T20:01:16.397724,2,1,132.05,0.5,131.8,139,131.5,100,,,,,,,,,,,,,,,,,132.3,150,,,,,,,,,,,,,,,,,,
2026-07-04T20:01:16.447874+00:00,2026-07-04T20:01:16.448075,2,2,131.9,0.2,131.8,139,131.5,100,,,,,,,,,,,,,,,,,132.0,100,132.3,150,,,,,,,,,,,,,,,,
2026-07-04T20:01:16.480126+00:00,2026-07-04T20:01:16.480271,2,2,131.9,0.2,131.8,99,131.5,100,,,,,,,,,,,,,,,,,132.0,100,132.3,150,,,,,,,,,,,,,,,,
2026-07-04T20:01:16.579539+00:00,2026-07-04T20:01:16.579473,2,2,131.9,0.2,131.8,49,131.5,100,,,,,,,,,,,,,,,,,132.0,100,132.3,150,,,,,,,,,,,,,,,,
2026-07-04T20:01:18.680708+00:00,2026-07-04T20:01:18.680666,1,1,131.75,0.5,131.5,100,,,,,,,,,,,,,,,,,,,132.0,100,,,,,,,,,,,,,,,,,,
2026-07-04T20:01:18.737413+00:00,2026-07-04T20:01:18.737332,2,1,131.75,0.5,131.5,100,131.2,150,,,,,,,,,,,,,,,,,132.0,100,,,,,,,,,,,,,,,,,,
2026-07-04T20:01:18.795340+00:00,2026-07-04T20:01:18.795281,2,2,131.55,0.1,131.5,100,131.2,150,,,,,,,,,,,,,,,,,131.6,150,132.0,100,,,,,,,,,,,,,,,,
2026-07-04T20:01:19.507112+00:00,2026-07-04T20:01:19.507043,1,1,131.4,0.4,131.2,150,,,,,,,,,,,,,,,,,,,131.6,150,,,,,,,,,,,,,,,,,,
2026-07-04T20:01:19.558590+00:00,2026-07-04T20:01:19.555807,2,1,131.5,0.2,131.4,100,131.2,150,,,,,,,,,,,,,,,,,131.6,150,,,,,,,,,,,,,,,,,,
2026-07-04T20:01:19.615171+00:00,2026-07-04T20:01:19.615081,2,2,131.5,0.2,131.4,100,131.2,150,,,,,,,,,,,,,,,,,131.6,150,131.9,100,,,,,,,,,,,,,,,,
2026-07-04T20:01:20.058051+00:00,2026-07-04T20:01:20.058319,2,2,131.5,0.2,131.4,100,131.2,150,,,,,,,,,,,,,,,,,131.6,104,131.9,100,,,,,,,,,,,,,,,,
2026-07-04T20:01:21.183698+00:00,2026-07-04T20:01:21.178380,2,2,131.5,0.2,131.4,100,131.2,150,,,,,,,,,,,,,,,,,131.6,93,131.9,100,,,,,,,,,,,,,,,,
2026-07-04T20:01:21.851217+00:00,2026-07-04T20:01:21.851175,1,1,131.65,0.5,131.4,100,,,,,,,,,,,,,,,,,,,131.9,100,,,,,,,,,,,,,,,,,,
2026-07-04T20:01:21.906675+00:00,2026-07-04T20:01:21.906623,1,1,131.65,0.5,131.4,250,,,,,,,,,,,,,,,,,,,131.9,100,,,,,,,,,,,,,,,,,,
2026-07-04T20:01:21.958686+00:00,2026-07-04T20:01:21.953543,1,1,131.65,0.5,131.4,250,,,,,,,,,,,,,,,,,,,131.9,250,,,,,,,,,,,,,,,,,,
2026-07-04T20:01:22.669377+00:00,2026-07-04T20:01:22.669318,1,1,131.65,0.5,131.4,150,,,,,,,,,,,,,,,,,,,131.9,150,,,,,,,,,,,,,,,,,,
2026-07-04T20:01:22.725050+00:00,2026-07-04T20:01:22.724950,1,1,131.65,0.5,131.4,250,,,,,,,,,,,,,,,,,,,131.9,150,,,,,,,,,,,,,,,,,,
2026-07-04T20:01:22.778096+00:00,2026-07-04T20:01:22.778037,1,1,131.65,0.5,131.4,250,,,,,,,,,,,,,,,,,,,131.9,250,,,,,,,,,,,,,,,,,,
2026-07-04T20:01:22.900489+00:00,2026-07-04T20:01:22.900358,1,1,131.65,0.5,131.4,200,,,,,,,,,,,,,,,,,,,131.9,250,,,,,,,,,,,,,,,,,,
2026-07-04T20:01:23.645202+00:00,2026-07-04T20:01:23.645375,1,1,131.65,0.5,131.4,155,,,,,,,,,,,,,,,,,,,131.9,250,,,,,,,,,,,,,,,,,,
2026-07-04T20:01:25.006128+00:00,2026-07-04T20:01:25.004679,1,1,131.65,0.5,131.4,100,,,,,,,,,,,,,,,,,,,131.9,100,,,,,,,,,,,,,,,,,,
2026-07-04T20:01:25.058571+00:00,2026-07-04T20:01:25.057554,2,1,131.65,0.5,131.4,100,130.8,150,,,,,,,,,,,,,,,,,131.9,100,,,,,,,,,,,,,,,,,,
2026-07-04T20:01:25.127667+00:00,2026-07-04T20:01:25.121891,1,2,131.05,0.5,130.8,150,,,,,,,,,,,,,,,,,,,131.3,21,131.9,100,,,,,,,,,,,,,,,,
2026-07-04T20:01:25.830426+00:00,2026-07-04T20:01:25.830369,1,1,131.05,0.5,130.8,150,,,,,,,,,,,,,,,,,,,131.3,21,,,,,,,,,,,,,,,,,,
2026-07-04T20:01:25.889921+00:00,2026-07-04T20:01:25.889824,2,1,131.2,0.2,131.1,100,130.8,150,,,,,,,,,,,,,,,,,131.3,21,,,,,,,,,,,,,,,,,,
2026-07-04T20:01:25.964858+00:00,2026-07-04T20:01:25.964774,2,2,131.2,0.2,131.1,100,130.8,150,,,,,,,,,,,,,,,,,131.3,21,131.6,100,,,,,,,,,,,,,,,,
2026-07-04T20:01:28.177909+00:00,2026-07-04T20:01:28.178043,1,1,131.35,0.5,131.1,100,,,,,,,,,,,,,,,,,,,131.6,100,,,,,,,,,,,,,,,,,,
2026-07-04T20:01:28.227559+00:00,2026-07-04T20:01:28.227389,2,1,131.35,0.5,131.1,100,130.8,150,,,,,,,,,,,,,,,,,131.6,100,,,,,,,,,,,,,,,,,,
2026-07-04T20:01:28.285839+00:00,2026-07-04T20:01:28.285941,2,2,131.2,0.2,131.1,100,130.8,150,,,,,,,,,,,,,,,,,131.3,150,131.6,100,,,,,,,,,,,,,,,,
2026-07-04T20:01:28.745638+00:00,2026-07-04T20:01:28.738578,2,2,131.2,0.2,131.1,94,130.8,150,,,,,,,,,,,,,,,,,131.3,150,131.6,100,,,,,,,,,,,,,,,,
2026-07-04T20:01:29.019985+00:00,2026-07-04T20:01:29.019925,2,1,131.2,0.2,131.1,94,130.8,150,,,,,,,,,,,,,,,,,131.3,150,,,,,,,,,,,,,,,,,,
2026-07-04T20:01:29.025144+00:00,2026-07-04T20:01:29.025085,1,1,131.05,0.5,130.8,150,,,,,,,,,,,,,,,,,,,131.3,150,,,,,,,,,,,,,,,,,,
2026-07-04T20:01:29.078714+00:00,2026-07-04T20:01:29.078611,2,1,131.05,0.5,130.8,150,130.7,100,,,,,,,,,,,,,,,,,131.3,150,,,,,,,,,,,,,,,,,,
2026-07-04T20:01:29.131915+00:00,2026-07-04T20:01:29.131835,2,2,131.0,0.4,130.8,150,130.7,100,,,,,,,,,,,,,,,,,131.2,100,131.3,150,,,,,,,,,,,,,,,,
2026-07-04T20:01:29.217058+00:00,2026-07-04T20:01:29.217023,2,2,131.0,0.4,130.8,100,130.7,100,,,,,,,,,,,,,,,,,131.2,100,131.3,150,,,,,,,,,,,,,,,,
2026-07-04T20:01:31.271054+00:00,2026-07-04T20:01:31.270937,2,2,131.0,0.4,130.8,100,130.7,100,,,,,,,,,,,,,,,,,131.2,50,131.3,150,,,,,,,,,,,,,,,,
2026-07-04T20:01:31.339977+00:00,2026-07-04T20:01:31.339937,1,1,130.95,0.5,130.7,100,,,,,,,,,,,,,,,,,,,131.2,50,,,,,,,,,,,,,,,,,,
2026-07-04T20:01:31.396166+00:00,2026-07-04T20:01:31.396082,2,1,131.0,0.4,130.8,150,130.7,100,,,,,,,,,,,,,,,,,131.2,50,,,,,,,,,,,,,,,,,,
2026-07-04T20:01:31.449369+00:00,2026-07-04T20:01:31.449331,2,2,131.0,0.4,130.8,150,130.7,100,,,,,,,,,,,,,,,,,131.2,50,131.3,150,,,,,,,,,,,,,,,,
2026-07-04T20:01:32.185143+00:00,2026-07-04T20:01:32.185080,1,1,131.05,0.5,130.8,150,,,,,,,,,,,,,,,,,,,131.3,150,,,,,,,,,,,,,,,,,,
2026-07-04T20:01:32.239639+00:00,2026-07-04T20:01:32.239523,2,1,131.1,0.4,130.9,100,130.8,150,,,,,,,,,,,,,,,,,131.3,150,,,,,,,,,,,,,,,,,,
2026-07-04T20:01:32.292063+00:00,2026-07-04T20:01:32.292008,2,2,131.1,0.4,130.9,100,130.8,150,,,,,,,,,,,,,,,,,131.3,150,131.4,100,,,,,,,,,,,,,,,,
2026-07-04T20:01:33.109347+00:00,2026-07-04T20:01:33.109577,2,2,131.1,0.4,130.9,100,130.8,150,,,,,,,,,,,,,,,,,131.3,102,131.4,100,,,,,,,,,,,,,,,,
2026-07-04T20:01:33.380009+00:00,2026-07-04T20:01:33.379904,2,2,131.1,0.4,130.9,100,130.8,150,,,,,,,,,,,,,,,,,131.3,52,131.4,100,,,,,,,,,,,,,,,,
2026-07-04T20:01:34.503098+00:00,2026-07-04T20:01:34.502970,2,1,131.15,0.5,130.9,100,130.8,150,,,,,,,,,,,,,,,,,131.4,100,,,,,,,,,,,,,,,,,,
2026-07-04T20:01:34.508056+00:00,2026-07-04T20:01:34.508150,1,1,131.15,0.5,130.9,100,,,,,,,,,,,,,,,,,,,131.4,100,,,,,,,,,,,,,,,,,,
2026-07-04T20:01:34.557695+00:00,2026-07-04T20:01:34.557840,2,1,131.35,0.1,131.3,150,130.9,100,,,,,,,,,,,,,,,,,131.4,100,,,,,,,,,,,,,,,,,,
2026-07-04T20:01:34.617060+00:00,2026-07-04T20:01:34.617021,2,2,131.35,0.1,131.3,150,130.9,100,,,,,,,,,,,,,,,,,131.4,100,131.8,150,,,,,,,,,,,,,,,,
2026-07-04T20:01:35.037657+00:00,2026-07-04T20:01:35.030144,2,2,131.35,0.1,131.3,127,130.9,100,,,,,,,,,,,,,,,,,131.4,100,131.8,150,,,,,,,,,,,,,,,,
2026-07-04T20:01:35.345377+00:00,2026-07-04T20:01:35.345520,1,1,131.55,0.5,131.3,127,,,,,,,,,,,,,,,,,,,131.8,150,,,,,,,,,,,,,,,,,,
2026-07-04T20:01:35.400239+00:00,2026-07-04T20:01:35.400161,2,1,131.55,0.5,131.3,127,130.8,100,,,,,,,,,,,,,,,,,131.8,150,,,,,,,,,,,,,,,,,,
2026-07-04T20:01:35.458668+00:00,2026-07-04T20:01:35.448326,2,1,131.55,0.5,131.3,27,130.8,100,,,,,,,,,,,,,,,,,131.8,150,,,,,,,,,,,,,,,,,,
2026-07-04T20:01:35.534470+00:00,2026-07-04T20:01:35.534406,1,1,131.3,1.0,130.8,77,,,,,,,,,,,,,,,,,,,131.8,150,,,,,,,,,,,,,,,,,,
2026-07-04T20:01:37.673199+00:00,2026-07-04T20:01:37.673088,1,0,,,130.8,77,,,,,,,,,,,,,,,,,,,,,,,,,,,,,,,,,,,,,,
2026-07-04T20:01:37.723865+00:00,2026-07-04T20:01:37.723771,2,0,,,130.8,77,130.5,150,,,,,,,,,,,,,,,,,,,,,,,,,,,,,,,,,,,,
2026-07-04T20:01:37.775797+00:00,2026-07-04T20:01:37.775879,2,1,130.9,0.2,130.8,77,130.5,150,,,,,,,,,,,,,,,,,131.0,150,,,,,,,,,,,,,,,,,,
2026-07-04T20:01:37.785661+00:00,2026-07-04T20:01:37.779605,2,1,130.9,0.2,130.8,77,130.5,150,,,,,,,,,,,,,,,,,131.0,138,,,,,,,,,,,,,,,,,,
2026-07-04T20:01:37.909116+00:00,2026-07-04T20:01:37.902471,2,1,130.9,0.2,130.8,77,130.5,150,,,,,,,,,,,,,,,,,131.0,127,,,,,,,,,,,,,,,,,,
2026-07-04T20:01:38.517102+00:00,2026-07-04T20:01:38.516955,1,1,130.75,0.5,130.5,150,,,,,,,,,,,,,,,,,,,131.0,127,,,,,,,,,,,,,,,,,,
2026-07-04T20:01:38.570238+00:00,2026-07-04T20:01:38.570397,1,1,130.75,0.5,130.5,150,,,,,,,,,,,,,,,,,,,131.0,27,,,,,,,,,,,,,,,,,,
2026-07-04T20:01:38.624379+00:00,2026-07-04T20:01:38.624467,1,2,130.75,0.5,130.5,150,,,,,,,,,,,,,,,,,,,131.0,27,131.6,100,,,,,,,,,,,,,,,,
2026-07-04T20:01:39.695727+00:00,2026-07-04T20:01:39.695591,1,1,131.05,1.1,130.5,150,,,,,,,,,,,,,,,,,,,131.6,100,,,,,,,,,,,,,,,,,,
2026-07-04T20:01:40.832123+00:00,2026-07-04T20:01:40.832012,0,1,,,,,,,,,,,,,,,,,,,,,,,131.6,100,,,,,,,,,,,,,,,,,,
2026-07-04T20:01:40.885877+00:00,2026-07-04T20:01:40.885759,1,1,131.25,0.7,130.9,150,,,,,,,,,,,,,,,,,,,131.6,100,,,,,,,,,,,,,,,,,,
2026-07-04T20:01:40.939404+00:00,2026-07-04T20:01:40.939372,1,2,131.15,0.5,130.9,150,,,,,,,,,,,,,,,,,,,131.4,150,131.6,100,,,,,,,,,,,,,,,,
2026-07-04T20:01:41.527815+00:00,2026-07-04T20:01:41.527698,1,2,131.15,0.5,130.9,150,,,,,,,,,,,,,,,,,,,131.4,103,131.6,100,,,,,,,,,,,,,,,,
2026-07-04T20:01:41.690861+00:00,2026-07-04T20:01:41.691038,1,1,131.15,0.5,130.9,150,,,,,,,,,,,,,,,,,,,131.4,103,,,,,,,,,,,,,,,,,,
2026-07-04T20:01:41.742628+00:00,2026-07-04T20:01:41.742528,2,1,131.15,0.5,130.9,150,130.6,100,,,,,,,,,,,,,,,,,131.4,103,,,,,,,,,,,,,,,,,,
2026-07-04T20:01:41.795618+00:00,2026-07-04T20:01:41.795465,2,2,131.0,0.2,130.9,150,130.6,100,,,,,,,,,,,,,,,,,131.1,100,131.4,103,,,,,,,,,,,,,,,,
2026-07-04T20:01:41.800790+00:00,2026-07-04T20:01:41.800709,2,2,131.0,0.2,130.9,150,130.6,100,,,,,,,,,,,,,,,,,131.1,50,131.4,103,,,,,,,,,,,,,,,,
2026-07-04T20:01:41.832477+00:00,2026-07-04T20:01:41.827629,2,2,131.0,0.2,130.9,139,130.6,100,,,,,,,,,,,,,,,,,131.1,50,131.4,103,,,,,,,,,,,,,,,,
2026-07-04T20:01:43.907565+00:00,2026-07-04T20:01:43.907440,2,1,131.15,0.5,130.9,139,130.6,100,,,,,,,,,,,,,,,,,131.4,103,,,,,,,,,,,,,,,,,,
2026-07-04T20:01:43.994247+00:00,2026-07-04T20:01:43.994183,1,0,,,130.6,100,,,,,,,,,,,,,,,,,,,,,,,,,,,,,,,,,,,,,,
2026-07-04T20:01:44.058609+00:00,2026-07-04T20:01:44.051314,2,0,,,131.1,150,130.6,100,,,,,,,,,,,,,,,,,,,,,,,,,,,,,,,,,,,,
2026-07-04T20:01:44.140749+00:00,2026-07-04T20:01:44.133960,2,1,131.3,0.4,131.1,138,130.6,100,,,,,,,,,,,,,,,,,131.5,150,,,,,,,,,,,,,,,,,,
2026-07-04T20:01:44.456865+00:00,2026-07-04T20:01:44.447262,2,1,131.3,0.4,131.1,127,130.6,100,,,,,,,,,,,,,,,,,131.5,150,,,,,,,,,,,,,,,,,,
2026-07-04T20:01:44.846914+00:00,2026-07-04T20:01:44.846995,1,1,131.3,0.4,131.1,127,,,,,,,,,,,,,,,,,,,131.5,150,,,,,,,,,,,,,,,,,,
2026-07-04T20:01:44.898933+00:00,2026-07-04T20:01:44.898810,2,1,131.3,0.4,131.1,127,130.8,100,,,,,,,,,,,,,,,,,131.5,150,,,,,,,,,,,,,,,,,,
2026-07-04T20:01:44.958564+00:00,2026-07-04T20:01:44.951621,2,2,131.2,0.2,131.1,127,130.8,100,,,,,,,,,,,,,,,,,131.3,100,131.5,150,,,,,,,,,,,,,,,,
2026-07-04T20:01:46.014389+00:00,2026-07-04T20:01:46.014521,2,2,131.2,0.2,131.1,127,130.8,100,,,,,,,,,,,,,,,,,131.3,50,131.5,150,,,,,,,,,,,,,,,,
2026-07-04T20:01:47.073202+00:00,2026-07-04T20:01:47.067722,2,2,131.2,0.2,131.1,116,130.8,100,,,,,,,,,,,,,,,,,131.3,50,131.5,150,,,,,,,,,,,,,,,,
2026-07-04T20:01:47.177960+00:00,2026-07-04T20:01:47.178121,1,1,131.05,0.5,130.8,100,,,,,,,,,,,,,,,,,,,131.3,50,,,,,,,,,,,,,,,,,,
2026-07-04T20:01:47.233988+00:00,2026-07-04T20:01:47.233901,2,1,131.05,0.5,130.8,100,130.7,150,,,,,,,,,,,,,,,,,131.3,50,,,,,,,,,,,,,,,,,,
2026-07-04T20:01:47.287587+00:00,2026-07-04T20:01:47.287663,2,2,131.0,0.4,130.8,100,130.7,150,,,,,,,,,,,,,,,,,131.2,150,131.3,50,,,,,,,,,,,,,,,,
2026-07-04T20:01:48.008073+00:00,2026-07-04T20:01:48.008047,1,1,130.95,0.5,130.7,150,,,,,,,,,,,,,,,,,,,131.2,150,,,,,,,,,,,,,,,,,,
2026-07-04T20:01:48.063672+00:00,2026-07-04T20:01:48.063872,2,1,131.05,0.3,130.9,100,130.7,150,,,,,,,,,,,,,,,,,131.2,150,,,,,,,,,,,,,,,,,,
2026-07-04T20:01:48.114371+00:00,2026-07-04T20:01:48.114477,2,2,131.05,0.3,130.9,100,130.7,150,,,,,,,,,,,,,,,,,131.2,150,131.4,100,,,,,,,,,,,,,,,,
2026-07-04T20:01:48.119577+00:00,2026-07-04T20:01:48.119691,2,2,131.05,0.3,130.9,100,130.7,150,,,,,,,,,,,,,,,,,131.2,100,131.4,100,,,,,,,,,,,,,,,,
2026-07-04T20:01:49.898875+00:00,2026-07-04T20:01:49.898818,2,2,131.05,0.3,130.9,58,130.7,150,,,,,,,,,,,,,,,,,131.2,100,131.4,100,,,,,,,,,,,,,,,,
2026-07-04T20:01:50.235769+00:00,2026-07-04T20:01:50.235636,2,2,131.05,0.3,130.9,58,130.7,150,,,,,,,,,,,,,,,,,131.2,50,131.4,100,,,,,,,,,,,,,,,,
2026-07-04T20:01:50.342643+00:00,2026-07-04T20:01:50.342563,1,1,131.15,0.5,130.9,58,,,,,,,,,,,,,,,,,,,131.4,100,,,,,,,,,,,,,,,,,,
2026-07-04T20:01:50.403171+00:00,2026-07-04T20:01:50.398058,2,1,131.3,0.2,131.2,138,130.9,58,,,,,,,,,,,,,,,,,131.4,100,,,,,,,,,,,,,,,,,,
2026-07-04T20:01:50.448388+00:00,2026-07-04T20:01:50.448268,2,2,131.3,0.2,131.2,138,130.9,58,,,,,,,,,,,,,,,,,131.4,100,131.7,150,,,,,,,,,,,,,,,,
2026-07-04T20:01:51.172977+00:00,2026-07-04T20:01:51.173183,1,1,131.45,0.5,131.2,138,,,,,,,,,,,,,,,,,,,131.7,150,,,,,,,,,,,,,,,,,,
2026-07-04T20:01:51.229121+00:00,2026-07-04T20:01:51.229088,2,1,131.45,0.5,131.2,138,130.7,100,,,,,,,,,,,,,,,,,131.7,150,,,,,,,,,,,,,,,,,,
2026-07-04T20:01:51.282916+00:00,2026-07-04T20:01:51.282818,2,1,131.45,0.5,131.2,38,130.7,100,,,,,,,,,,,,,,,,,131.7,150,,,,,,,,,,,,,,,,,,
2026-07-04T20:01:52.342887+00:00,2026-07-04T20:01:52.342759,2,1,131.45,0.5,131.2,38,130.7,100,,,,,,,,,,,,,,,,,131.7,100,,,,,,,,,,,,,,,,,,
2026-07-04T20:01:53.242813+00:00,2026-07-04T20:01:53.243086,1,1,131.2,1.0,130.7,97,,,,,,,,,,,,,,,,,,,131.7,100,,,,,,,,,,,,,,,,,,
2026-07-04T20:01:53.500551+00:00,2026-07-04T20:01:53.500506,1,0,,,130.7,97,,,,,,,,,,,,,,,,,,,,,,,,,,,,,,,,,,,,,,
2026-07-04T20:01:53.563646+00:00,2026-07-04T20:01:53.563872,1,0,,,130.7,247,,,,,,,,,,,,,,,,,,,,,,,,,,,,,,,,,,,,,,
2026-07-04T20:01:53.613600+00:00,2026-07-04T20:01:53.613454,1,1,130.95,0.5,130.7,247,,,,,,,,,,,,,,,,,,,131.2,150,,,,,,,,,,,,,,,,,,
2026-07-04T20:01:54.336321+00:00,2026-07-04T20:01:54.336264,1,1,130.95,0.5,130.7,150,,,,,,,,,,,,,,,,,,,131.2,150,,,,,,,,,,,,,,,,,,
2026-07-04T20:01:54.386981+00:00,2026-07-04T20:01:54.387110,2,1,131.1,0.2,131.0,100,130.7,150,,,,,,,,,,,,,,,,,131.2,150,,,,,,,,,,,,,,,,,,
2026-07-04T20:01:54.441711+00:00,2026-07-04T20:01:54.441619,2,2,131.1,0.2,131.0,100,130.7,150,,,,,,,,,,,,,,,,,131.2,150,131.5,100,,,,,,,,,,,,,,,,
2026-07-04T20:01:54.458595+00:00,2026-07-04T20:01:54.452006,2,2,131.1,0.2,131.0,100,130.7,150,,,,,,,,,,,,,,,,,131.2,100,131.5,100,,,,,,,,,,,,,,,,
2026-07-04T20:01:56.558572+00:00,2026-07-04T20:01:56.557115,2,2,131.1,0.2,131.0,100,130.7,150,,,,,,,,,,,,,,,,,131.2,50,131.5,100,,,,,,,,,,,,,,,,
2026-07-04T20:01:56.668368+00:00,2026-07-04T20:01:56.668327,1,1,131.25,0.5,131.0,100,,,,,,,,,,,,,,,,,,,131.5,100,,,,,,,,,,,,,,,,,,
2026-07-04T20:01:56.723138+00:00,2026-07-04T20:01:56.723098,2,1,131.3,0.4,131.1,150,131.0,100,,,,,,,,,,,,,,,,,131.5,100,,,,,,,,,,,,,,,,,,
2026-07-04T20:01:56.777741+00:00,2026-07-04T20:01:56.777688,2,2,131.3,0.4,131.1,150,131.0,100,,,,,,,,,,,,,,,,,131.5,100,131.6,150,,,,,,,,,,,,,,,,
2026-07-04T20:01:57.496789+00:00,2026-07-04T20:01:57.496671,1,1,131.35,0.5,131.1,150,,,,,,,,,,,,,,,,,,,131.6,150,,,,,,,,,,,,,,,,,,
2026-07-04T20:01:57.548180+00:00,2026-07-04T20:01:57.548096,2,1,131.35,0.5,131.1,150,130.9,100,,,,,,,,,,,,,,,,,131.6,150,,,,,,,,,,,,,,,,,,
2026-07-04T20:01:57.603278+00:00,2026-07-04T20:01:57.603185,2,2,131.25,0.3,131.1,150,130.9,100,,,,,,,,,,,,,,,,,131.4,100,131.6,150,,,,,,,,,,,,,,,,
2026-07-04T20:01:58.085425+00:00,2026-07-04T20:01:58.085557,2,2,131.25,0.3,131.1,101,130.9,100,,,,,,,,,,,,,,,,,131.4,100,131.6,150,,,,,,,,,,,,,,,,
2026-07-04T20:01:58.668873+00:00,2026-07-04T20:01:58.668811,2,2,131.25,0.3,131.1,101,130.9,100,,,,,,,,,,,,,,,,,131.4,50,131.6,150,,,,,,,,,,,,,,,,
2026-07-04T20:01:58.886048+00:00,2026-07-04T20:01:58.886133,2,2,131.25,0.3,131.1,91,130.9,100,,,,,,,,,,,,,,,,,131.4,50,131.6,150,,,,,,,,,,,,,,,,
2026-07-04T20:01:59.833186+00:00,2026-07-04T20:01:59.833025,1,1,131.15,0.5,130.9,100,,,,,,,,,,,,,,,,,,,131.4,50,,,,,,,,,,,,,,,,,,
2026-07-04T20:01:59.888905+00:00,2026-07-04T20:01:59.889047,2,1,131.15,0.5,130.9,100,130.8,150,,,,,,,,,,,,,,,,,131.4,50,,,,,,,,,,,,,,,,,,
2026-07-04T20:01:59.944223+00:00,2026-07-04T20:01:59.944185,2,2,131.1,0.4,130.9,100,130.8,150,,,,,,,,,,,,,,,,,131.3,150,131.4,50,,,,,,,,,,,,,,,,
2026-07-04T20:02:00.653266+00:00,2026-07-04T20:02:00.653479,1,1,131.05,0.5,130.8,150,,,,,,,,,,,,,,,,,,,131.3,150,,,,,,,,,,,,,,,,,,
2026-07-04T20:02:00.713914+00:00,2026-07-04T20:02:00.713775,2,1,131.15,0.3,131.0,100,130.8,150,,,,,,,,,,,,,,,,,131.3,150,,,,,,,,,,,,,,,,,,
2026-07-04T20:02:00.766991+00:00,2026-07-04T20:02:00.766889,2,2,131.15,0.3,131.0,100,130.8,150,,,,,,,,,,,,,,,,,131.3,150,131.5,100,,,,,,,,,,,,,,,,
2026-07-04T20:02:00.772002+00:00,2026-07-04T20:02:00.772149,2,2,131.15,0.3,131.0,100,130.8,150,,,,,,,,,,,,,,,,,131.3,100,131.5,100,,,,,,,,,,,,,,,,
2026-07-04T20:02:02.999144+00:00,2026-07-04T20:02:02.998993,1,1,131.25,0.5,131.0,100,,,,,,,,,,,,,,,,,,,131.5,100,,,,,,,,,,,,,,,,,,
2026-07-04T20:02:03.054261+00:00,2026-07-04T20:02:03.054144,2,1,131.25,0.5,131.0,100,130.8,150,,,,,,,,,,,,,,,,,131.5,100,,,,,,,,,,,,,,,,,,
2026-07-04T20:02:03.116893+00:00,2026-07-04T20:02:03.116761,2,2,131.15,0.3,131.0,100,130.8,150,,,,,,,,,,,,,,,,,131.3,150,131.5,100,,,,,,,,,,,,,,,,
2026-07-04T20:02:03.820804+00:00,2026-07-04T20:02:03.820769,1,1,131.05,0.5,130.8,150,,,,,,,,,,,,,,,,,,,131.3,150,,,,,,,,,,,,,,,,,,
2026-07-04T20:02:03.875733+00:00,2026-07-04T20:02:03.875655,2,1,131.1,0.4,130.9,100,130.8,150,,,,,,,,,,,,,,,,,131.3,150,,,,,,,,,,,,,,,,,,
2026-07-04T20:02:03.929345+00:00,2026-07-04T20:02:03.929180,2,2,131.1,0.4,130.9,100,130.8,150,,,,,,,,,,,,,,,,,131.3,150,131.4,100,,,,,,,,,,,,,,,,
2026-07-04T20:02:04.986396+00:00,2026-07-04T20:02:04.986290,2,2,131.1,0.4,130.9,100,130.8,150,,,,,,,,,,,,,,,,,131.3,100,131.4,100,,,,,,,,,,,,,,,,
2026-07-04T20:02:05.463902+00:00,2026-07-04T20:02:05.463852,2,2,131.1,0.4,130.9,100,130.8,150,,,,,,,,,,,,,,,,,131.3,55,131.4,100,,,,,,,,,,,,,,,,
2026-07-04T20:02:06.158554+00:00,2026-07-04T20:02:06.157561,1,1,131.15,0.5,130.9,100,,,,,,,,,,,,,,,,,,,131.4,100,,,,,,,,,,,,,,,,,,
2026-07-04T20:02:06.228727+00:00,2026-07-04T20:02:06.222240,2,1,131.3,0.2,131.2,127,130.9,100,,,,,,,,,,,,,,,,,131.4,100,,,,,,,,,,,,,,,,,,
2026-07-04T20:02:06.271273+00:00,2026-07-04T20:02:06.271233,2,2,131.3,0.2,131.2,127,130.9,100,,,,,,,,,,,,,,,,,131.4,100,131.7,150,,,,,,,,,,,,,,,,
2026-07-04T20:02:06.983834+00:00,2026-07-04T20:02:06.983727,1,1,131.45,0.5,131.2,127,,,,,,,,,,,,,,,,,,,131.7,150,,,,,,,,,,,,,,,,,,
2026-07-04T20:02:07.038784+00:00,2026-07-04T20:02:07.038686,2,1,131.45,0.5,131.2,127,131.0,100,,,,,,,,,,,,,,,,,131.7,150,,,,,,,,,,,,,,,,,,
2026-07-04T20:02:07.095228+00:00,2026-07-04T20:02:07.095368,2,2,131.35,0.3,131.2,81,131.0,100,,,,,,,,,,,,,,,,,131.5,100,131.7,150,,,,,,,,,,,,,,,,
2026-07-04T20:02:07.100689+00:00,2026-07-04T20:02:07.100538,2,2,131.35,0.3,131.2,81,131.0,100,,,,,,,,,,,,,,,,,131.5,50,131.7,150,,,,,,,,,,,,,,,,
2026-07-04T20:02:09.203365+00:00,2026-07-04T20:02:09.203270,2,1,131.45,0.5,131.2,81,131.0,100,,,,,,,,,,,,,,,,,131.7,150,,,,,,,,,,,,,,,,,,
2026-07-04T20:02:09.322133+00:00,2026-07-04T20:02:09.322100,2,0,,,131.2,81,131.0,100,,,,,,,,,,,,,,,,,,,,,,,,,,,,,,,,,,,,
2026-07-04T20:02:09.327182+00:00,2026-07-04T20:02:09.327260,1,0,,,131.0,100,,,,,,,,,,,,,,,,,,,,,,,,,,,,,,,,,,,,,,
2026-07-04T20:02:09.381045+00:00,2026-07-04T20:02:09.380966,1,0,,,131.0,250,,,,,,,,,,,,,,,,,,,,,,,,,,,,,,,,,,,,,,
2026-07-04T20:02:09.434325+00:00,2026-07-04T20:02:09.434244,1,1,131.25,0.5,131.0,250,,,,,,,,,,,,,,,,,,,131.5,150,,,,,,,,,,,,,,,,,,
2026-07-04T20:02:10.158639+00:00,2026-07-04T20:02:10.150362,1,1,131.25,0.5,131.0,150,,,,,,,,,,,,,,,,,,,131.5,150,,,,,,,,,,,,,,,,,,
2026-07-04T20:02:10.209379+00:00,2026-07-04T20:02:10.209333,2,1,131.35,0.3,131.2,100,131.0,150,,,,,,,,,,,,,,,,,131.5,150,,,,,,,,,,,,,,,,,,
2026-07-04T20:02:10.258597+00:00,2026-07-04T20:02:10.256974,2,2,131.35,0.3,131.2,100,131.0,150,,,,,,,,,,,,,,,,,131.5,150,131.7,100,,,,,,,,,,,,,,,,
2026-07-04T20:02:12.488600+00:00,2026-07-04T20:02:12.488463,1,1,131.45,0.5,131.2,100,,,,,,,,,,,,,,,,,,,131.7,100,,,,,,,,,,,,,,,,,,
2026-07-04T20:02:12.552770+00:00,2026-07-04T20:02:12.552723,2,1,131.45,0.5,131.2,100,131.0,150,,,,,,,,,,,,,,,,,131.7,100,,,,,,,,,,,,,,,,,,
2026-07-04T20:02:12.609674+00:00,2026-07-04T20:02:12.609628,2,2,131.35,0.3,131.2,100,131.0,150,,,,,,,,,,,,,,,,,131.5,150,131.7,100,,,,,,,,,,,,,,,,
2026-07-04T20:02:13.324150+00:00,2026-07-04T20:02:13.324073,1,1,131.25,0.5,131.0,150,,,,,,,,,,,,,,,,,,,131.5,150,,,,,,,,,,,,,,,,,,
2026-07-04T20:02:13.379605+00:00,2026-07-04T20:02:13.379544,2,1,131.35,0.3,131.2,100,131.0,150,,,,,,,,,,,,,,,,,131.5,150,,,,,,,,,,,,,,,,,,
2026-07-04T20:02:13.447926+00:00,2026-07-04T20:02:13.448071,2,2,131.35,0.3,131.2,100,131.0,150,,,,,,,,,,,,,,,,,131.5,150,131.7,100,,,,,,,,,,,,,,,,
2026-07-04T20:02:13.466814+00:00,2026-07-04T20:02:13.466705,2,2,131.35,0.3,131.2,50,131.0,150,,,,,,,,,,,,,,,,,131.5,150,131.7,100,,,,,,,,,,,,,,,,
2026-07-04T20:02:13.558553+00:00,2026-07-04T20:02:13.550518,2,2,131.35,0.3,131.2,50,131.0,150,,,,,,,,,,,,,,,,,131.5,106,131.7,100,,,,,,,,,,,,,,,,
2026-07-04T20:02:14.130122+00:00,2026-07-04T20:02:14.130061,2,2,131.35,0.3,131.2,50,131.0,150,,,,,,,,,,,,,,,,,131.5,58,131.7,100,,,,,,,,,,,,,,,,
2026-07-04T20:02:14.595974+00:00,2026-07-04T20:02:14.586890,2,2,131.35,0.3,131.2,36,131.0,150,,,,,,,,,,,,,,,,,131.5,58,131.7,100,,,,,,,,,,,,,,,,
2026-07-04T20:02:15.191653+00:00,2026-07-04T20:02:15.191573,1,2,131.25,0.5,131.0,137,,,,,,,,,,,,,,,,,,,131.5,58,131.7,100,,,,,,,,,,,,,,,,
2026-07-04T20:02:15.587402+00:00,2026-07-04T20:02:15.587251,1,2,131.25,0.5,131.0,87,,,,,,,,,,,,,,,,,,,131.5,58,131.7,100,,,,,,,,,,,,,,,,
2026-07-04T20:02:15.674559+00:00,2026-07-04T20:02:15.674460,0,1,,,,,,,,,,,,,,,,,,,,,,,131.7,100,,,,,,,,,,,,,,,,,,
2026-07-04T20:02:15.731009+00:00,2026-07-04T20:02:15.730888,1,1,131.3,0.8,130.9,150,,,,,,,,,,,,,,,,,,,131.7,100,,,,,,,,,,,,,,,,,,
2026-07-04T20:02:15.779912+00:00,2026-07-04T20:02:15.779823,1,2,131.15,0.5,130.9,150,,,,,,,,,,,,,,,,,,,131.4,150,131.7,100,,,,,,,,,,,,,,,,
2026-07-04T20:02:16.493241+00:00,2026-07-04T20:02:16.493176,1,1,131.15,0.5,130.9,150,,,,,,,,,,,,,,,,,,,131.4,150,,,,,,,,,,,,,,,,,,
2026-07-04T20:02:16.546793+00:00,2026-07-04T20:02:16.546720,2,1,131.15,0.5,130.9,150,130.8,100,,,,,,,,,,,,,,,,,131.4,150,,,,,,,,,,,,,,,,,,
2026-07-04T20:02:16.602557+00:00,2026-07-04T20:02:16.602437,2,2,131.1,0.4,130.9,150,130.8,100,,,,,,,,,,,,,,,,,131.3,100,131.4,150,,,,,,,,,,,,,,,,
2026-07-04T20:02:17.172063+00:00,2026-07-04T20:02:17.172033,2,2,131.1,0.4,130.9,108,130.8,100,,,,,,,,,,,,,,,,,131.3,100,131.4,150,,,,,,,,,,,,,,,,
2026-07-04T20:02:17.695856+00:00,2026-07-04T20:02:17.695749,2,2,131.1,0.4,130.9,58,130.8,100,,,,,,,,,,,,,,,,,131.3,100,131.4,150,,,,,,,,,,,,,,,,
2026-07-04T20:02:17.729545+00:00,2026-07-04T20:02:17.729476,2,2,131.1,0.4,130.9,58,130.8,100,,,,,,,,,,,,,,,,,131.3,55,131.4,150,,,,,,,,,,,,,,,,
2026-07-04T20:02:18.327308+00:00,2026-07-04T20:02:18.327398,2,2,131.1,0.4,130.9,58,130.8,100,,,,,,,,,,,,,,,,,131.3,7,131.4,150,,,,,,,,,,,,,,,,
2026-07-04T20:02:18.835690+00:00,2026-07-04T20:02:18.835660,1,1,131.05,0.5,130.8,100,,,,,,,,,,,,,,,,,,,131.3,7,,,,,,,,,,,,,,,,,,
2026-07-04T20:02:18.891194+00:00,2026-07-04T20:02:18.891084,2,1,131.05,0.5,130.8,100,130.5,150,,,,,,,,,,,,,,,,,131.3,7,,,,,,,,,,,,,,,,,,
2026-07-04T20:02:18.945393+00:00,2026-07-04T20:02:18.945304,2,2,130.9,0.2,130.8,100,130.5,150,,,,,,,,,,,,,,,,,131.0,150,131.3,7,,,,,,,,,,,,,,,,
2026-07-04T20:02:19.311255+00:00,2026-07-04T20:02:19.304606,2,2,130.9,0.2,130.8,100,130.5,150,,,,,,,,,,,,,,,,,131.0,147,131.3,7,,,,,,,,,,,,,,,,
2026-07-04T20:02:19.583232+00:00,2026-07-04T20:02:19.583112,2,2,130.9,0.2,130.8,59,130.5,150,,,,,,,,,,,,,,,,,131.0,147,131.3,7,,,,,,,,,,,,,,,,
2026-07-04T20:02:19.658613+00:00,2026-07-04T20:02:19.653466,1,1,130.75,0.5,130.5,150,,,,,,,,,,,,,,,,,,,131.0,147,,,,,,,,,,,,,,,,,,
2026-07-04T20:02:19.709561+00:00,2026-07-04T20:02:19.709380,2,1,130.95,0.1,130.9,100,130.5,150,,,,,,,,,,,,,,,,,131.0,147,,,,,,,,,,,,,,,,,,
2026-07-04T20:02:19.764599+00:00,2026-07-04T20:02:19.764457,2,2,130.95,0.1,130.9,100,130.5,150,,,,,,,,,,,,,,,,,131.0,147,131.4,100,,,,,,,,,,,,,,,,
2026-07-04T20:02:19.824391+00:00,2026-07-04T20:02:19.824289,2,2,130.95,0.1,130.9,50,130.5,150,,,,,,,,,,,,,,,,,131.0,147,131.4,100,,,,,,,,,,,,,,,,
2026-07-04T20:02:19.845359+00:00,2026-07-04T20:02:19.839018,2,2,130.95,0.1,130.9,50,130.5,150,,,,,,,,,,,,,,,,,131.0,136,131.4,100,,,,,,,,,,,,,,,,
2026-07-04T20:02:20.692329+00:00,2026-07-04T20:02:20.692282,2,2,130.95,0.1,130.9,4,130.5,150,,,,,,,,,,,,,,,,,131.0,136,131.4,100,,,,,,,,,,,,,,,,
2026-07-04T20:02:21.158616+00:00,2026-07-04T20:02:21.156276,2,2,130.95,0.1,130.9,4,130.5,150,,,,,,,,,,,,,,,,,131.0,91,131.4,100,,,,,,,,,,,,,,,,
2026-07-04T20:02:21.935179+00:00,2026-07-04T20:02:21.935041,1,2,130.75,0.5,130.5,104,,,,,,,,,,,,,,,,,,,131.0,91,131.4,100,,,,,,,,,,,,,,,,
2026-07-04T20:02:21.998439+00:00,2026-07-04T20:02:21.998405,0,1,,,,,,,,,,,,,,,,,,,,,,,131.4,100,,,,,,,,,,,,,,,,,,
2026-07-04T20:02:22.052447+00:00,2026-07-04T20:02:22.052320,1,1,131.0,0.8,130.6,150,,,,,,,,,,,,,,,,,,,131.4,100,,,,,,,,,,,,,,,,,,
2026-07-04T20:02:22.105168+00:00,2026-07-04T20:02:22.105104,1,2,130.85,0.5,130.6,150,,,,,,,,,,,,,,,,,,,131.1,150,131.4,100,,,,,,,,,,,,,,,,
2026-07-04T20:02:22.818608+00:00,2026-07-04T20:02:22.818565,1,1,130.85,0.5,130.6,150,,,,,,,,,,,,,,,,,,,131.1,150,,,,,,,,,,,,,,,,,,
2026-07-04T20:02:22.869697+00:00,2026-07-04T20:02:22.869621,2,1,130.9,0.4,130.7,100,130.6,150,,,,,,,,,,,,,,,,,131.1,150,,,,,,,,,,,,,,,,,,
2026-07-04T20:02:22.923801+00:00,2026-07-04T20:02:22.923619,2,2,130.9,0.4,130.7,100,130.6,150,,,,,,,,,,,,,,,,,131.1,150,131.2,100,,,,,,,,,,,,,,,,
2026-07-04T20:02:24.058607+00:00,2026-07-04T20:02:24.051897,2,2,130.9,0.4,130.7,50,130.6,150,,,,,,,,,,,,,,,,,131.1,150,131.2,100,,,,,,,,,,,,,,,,
2026-07-04T20:02:25.158610+00:00,2026-07-04T20:02:25.154808,1,1,130.95,0.5,130.7,50,,,,,,,,,,,,,,,,,,,131.2,100,,,,,,,,,,,,,,,,,,
2026-07-04T20:02:25.214539+00:00,2026-07-04T20:02:25.214640,2,1,130.95,0.5,130.7,50,130.6,150,,,,,,,,,,,,,,,,,131.2,100,,,,,,,,,,,,,,,,,,
2026-07-04T20:02:25.269772+00:00,2026-07-04T20:02:25.269730,2,2,130.9,0.4,130.7,50,130.6,150,,,,,,,,,,,,,,,,,131.1,150,131.2,100,,,,,,,,,,,,,,,,
2026-07-04T20:02:25.975432+00:00,2026-07-04T20:02:25.975365,1,1,130.85,0.5,130.6,150,,,,,,,,,,,,,,,,,,,131.1,150,,,,,,,,,,,,,,,,,,
2026-07-04T20:02:26.033580+00:00,2026-07-04T20:02:26.033429,2,1,130.85,0.5,130.6,150,130.5,100,,,,,,,,,,,,,,,,,131.1,150,,,,,,,,,,,,,,,,,,
2026-07-04T20:02:26.087525+00:00,2026-07-04T20:02:26.087425,2,2,130.8,0.4,130.6,150,130.5,100,,,,,,,,,,,,,,,,,131.0,100,131.1,150,,,,,,,,,,,,,,,,
2026-07-04T20:02:26.158710+00:00,2026-07-04T20:02:26.156019,2,2,130.8,0.4,130.6,100,130.5,100,,,,,,,,,,,,,,,,,131.0,100,131.1,150,,,,,,,,,,,,,,,,
2026-07-04T20:02:26.542914+00:00,2026-07-04T20:02:26.542785,2,2,130.8,0.4,130.6,100,130.5,100,,,,,,,,,,,,,,,,,131.0,55,131.1,150,,,,,,,,,,,,,,,,
2026-07-04T20:02:27.000854+00:00,2026-07-04T20:02:27.000797,2,2,130.8,0.4,130.6,100,130.5,100,,,,,,,,,,,,,,,,,131.0,8,131.1,150,,,,,,,,,,,,,,,,
2026-07-04T20:02:28.322814+00:00,2026-07-04T20:02:28.322721,1,1,130.75,0.5,130.5,100,,,,,,,,,,,,,,,,,,,131.0,8,,,,,,,,,,,,,,,,,,
2026-07-04T20:02:28.376915+00:00,2026-07-04T20:02:28.376798,2,1,130.8,0.4,130.6,150,130.5,100,,,,,,,,,,,,,,,,,131.0,8,,,,,,,,,,,,,,,,,,
2026-07-04T20:02:28.429641+00:00,2026-07-04T20:02:28.429564,2,2,130.8,0.4,130.6,150,130.5,100,,,,,,,,,,,,,,,,,131.0,8,131.1,150,,,,,,,,,,,,,,,,
2026-07-04T20:02:29.141206+00:00,2026-07-04T20:02:29.141052,1,1,130.85,0.5,130.6,150,,,,,,,,,,,,,,,,,,,131.1,150,,,,,,,,,,,,,,,,,,
2026-07-04T20:02:29.194955+00:00,2026-07-04T20:02:29.194825,1,1,130.85,0.5,130.6,250,,,,,,,,,,,,,,,,,,,131.1,150,,,,,,,,,,,,,,,,,,
2026-07-04T20:02:29.258635+00:00,2026-07-04T20:02:29.247566,1,1,130.85,0.5,130.6,250,,,,,,,,,,,,,,,,,,,131.1,250,,,,,,,,,,,,,,,,,,
2026-07-04T20:02:30.120051+00:00,2026-07-04T20:02:30.120175,1,1,130.85,0.5,130.6,206,,,,,,,,,,,,,,,,,,,131.1,250,,,,,,,,,,,,,,,,,,
2026-07-04T20:02:30.321229+00:00,2026-07-04T20:02:30.321111,1,1,130.85,0.5,130.6,206,,,,,,,,,,,,,,,,,,,131.1,200,,,,,,,,,,,,,,,,,,
2026-07-04T20:02:31.483503+00:00,2026-07-04T20:02:31.483380,1,1,130.85,0.5,130.6,100,,,,,,,,,,,,,,,,,,,131.1,100,,,,,,,,,,,,,,,,,,
2026-07-04T20:02:31.534440+00:00,2026-07-04T20:02:31.534409,2,1,130.85,0.5,130.6,100,130.5,150,,,,,,,,,,,,,,,,,131.1,100,,,,,,,,,,,,,,,,,,
2026-07-04T20:02:31.590933+00:00,2026-07-04T20:02:31.590812,2,2,130.8,0.4,130.6,100,130.5,150,,,,,,,,,,,,,,,,,131.0,150,131.1,100,,,,,,,,,,,,,,,,
2026-07-04T20:02:32.301591+00:00,2026-07-04T20:02:32.301552,1,1,130.75,0.5,130.5,150,,,,,,,,,,,,,,,,,,,131.0,150,,,,,,,,,,,,,,,,,,
2026-07-04T20:02:32.329942+00:00,2026-07-04T20:02:32.329866,1,1,130.75,0.5,130.5,150,,,,,,,,,,,,,,,,,,,131.0,140,,,,,,,,,,,,,,,,,,
2026-07-04T20:02:32.358610+00:00,2026-07-04T20:02:32.356375,2,1,130.95,0.1,130.9,100,130.5,150,,,,,,,,,,,,,,,,,131.0,140,,,,,,,,,,,,,,,,,,
2026-07-04T20:02:32.409587+00:00,2026-07-04T20:02:32.409499,2,2,130.95,0.1,130.9,100,130.5,150,,,,,,,,,,,,,,,,,131.0,140,131.4,100,,,,,,,,,,,,,,,,
2026-07-04T20:02:32.430331+00:00,2026-07-04T20:02:32.430221,2,2,130.95,0.1,130.9,100,130.5,150,,,,,,,,,,,,,,,,,131.0,90,131.4,100,,,,,,,,,,,,,,,,
2026-07-04T20:02:34.540235+00:00,2026-07-04T20:02:34.540156,2,2,130.95,0.1,130.9,100,130.5,150,,,,,,,,,,,,,,,,,131.0,40,131.4,100,,,,,,,,,,,,,,,,
2026-07-04T20:02:34.645779+00:00,2026-07-04T20:02:34.645688,2,1,131.15,0.5,130.9,100,130.5,150,,,,,,,,,,,,,,,,,131.4,100,,,,,,,,,,,,,,,,,,
2026-07-04T20:02:34.650947+00:00,2026-07-04T20:02:34.650849,1,1,131.15,0.5,130.9,100,,,,,,,,,,,,,,,,,,,131.4,100,,,,,,,,,,,,,,,,,,
2026-07-04T20:02:34.700713+00:00,2026-07-04T20:02:34.700629,2,1,131.2,0.4,131.0,150,130.9,100,,,,,,,,,,,,,,,,,131.4,100,,,,,,,,,,,,,,,,,,
2026-07-04T20:02:34.758577+00:00,2026-07-04T20:02:34.753456,2,2,131.2,0.4,131.0,150,130.9,100,,,,,,,,,,,,,,,,,131.4,100,131.5,150,,,,,,,,,,,,,,,,
2026-07-04T20:02:35.307812+00:00,2026-07-04T20:02:35.307703,2,2,131.2,0.4,131.0,110,130.9,100,,,,,,,,,,,,,,,,,131.4,100,131.5,150,,,,,,,,,,,,,,,,
2026-07-04T20:02:35.463981+00:00,2026-07-04T20:02:35.463926,1,1,131.25,0.5,131.0,110,,,,,,,,,,,,,,,,,,,131.5,150,,,,,,,,,,,,,,,,,,
2026-07-04T20:02:35.517074+00:00,2026-07-04T20:02:35.516993,2,1,131.25,0.5,131.0,110,130.9,100,,,,,,,,,,,,,,,,,131.5,150,,,,,,,,,,,,,,,,,,
2026-07-04T20:02:35.575741+00:00,2026-07-04T20:02:35.575836,2,2,131.2,0.4,131.0,110,130.9,100,,,,,,,,,,,,,,,,,131.4,100,131.5,150,,,,,,,,,,,,,,,,
2026-07-04T20:02:37.804720+00:00,2026-07-04T20:02:37.804604,2,1,131.2,0.4,131.0,110,130.9,100,,,,,,,,,,,,,,,,,131.4,100,,,,,,,,,,,,,,,,,,
2026-07-04T20:02:37.809831+00:00,2026-07-04T20:02:37.809763,1,1,131.15,0.5,130.9,100,,,,,,,,,,,,,,,,,,,131.4,100,,,,,,,,,,,,,,,,,,
2026-07-04T20:02:37.860240+00:00,2026-07-04T20:02:37.860164,1,1,131.15,0.5,130.9,250,,,,,,,,,,,,,,,,,,,131.4,100,,,,,,,,,,,,,,,,,,
2026-07-04T20:02:37.914064+00:00,2026-07-04T20:02:37.913943,1,1,131.15,0.5,130.9,250,,,,,,,,,,,,,,,,,,,131.4,250,,,,,,,,,,,,,,,,,,
2026-07-04T20:02:38.632492+00:00,2026-07-04T20:02:38.632605,1,1,131.15,0.5,130.9,150,,,,,,,,,,,,,,,,,,,131.4,150,,,,,,,,,,,,,,,,,,
2026-07-04T20:02:38.691207+00:00,2026-07-04T20:02:38.691139,2,1,131.15,0.5,130.9,150,130.8,100,,,,,,,,,,,,,,,,,131.4,150,,,,,,,,,,,,,,,,,,
2026-07-04T20:02:38.744080+00:00,2026-07-04T20:02:38.744036,2,2,131.1,0.4,130.9,150,130.8,100,,,,,,,,,,,,,,,,,131.3,50,131.4,150,,,,,,,,,,,,,,,,
2026-07-04T20:02:39.397881+00:00,2026-07-04T20:02:39.397735,2,2,131.1,0.4,130.9,150,130.8,100,,,,,,,,,,,,,,,,,131.3,5,131.4,150,,,,,,,,,,,,,,,,
2026-07-04T20:02:40.968876+00:00,2026-07-04T20:02:40.968833,1,1,131.05,0.5,130.8,100,,,,,,,,,,,,,,,,,,,131.3,5,,,,,,,,,,,,,,,,,,
2026-07-04T20:02:41.027312+00:00,2026-07-04T20:02:41.027205,1,1,131.05,0.5,130.8,250,,,,,,,,,,,,,,,,,,,131.3,5,,,,,,,,,,,,,,,,,,
2026-07-04T20:02:41.074330+00:00,2026-07-04T20:02:41.074211,1,1,131.05,0.5,130.8,205,,,,,,,,,,,,,,,,,,,131.3,5,,,,,,,,,,,,,,,,,,
2026-07-04T20:02:41.079539+00:00,2026-07-04T20:02:41.079441,1,1,131.05,0.5,130.8,205,,,,,,,,,,,,,,,,,,,131.3,155,,,,,,,,,,,,,,,,,,
2026-07-04T20:02:41.621698+00:00,2026-07-04T20:02:41.621672,1,1,131.05,0.5,130.8,157,,,,,,,,,,,,,,,,,,,131.3,155,,,,,,,,,,,,,,,,,,
2026-07-04T20:02:41.798154+00:00,2026-07-04T20:02:41.798022,1,1,131.05,0.5,130.8,150,,,,,,,,,,,,,,,,,,,131.3,150,,,,,,,,,,,,,,,,,,
2026-07-04T20:02:41.847377+00:00,2026-07-04T20:02:41.847516,2,1,131.1,0.4,130.9,100,130.8,150,,,,,,,,,,,,,,,,,131.3,150,,,,,,,,,,,,,,,,,,
2026-07-04T20:02:41.902457+00:00,2026-07-04T20:02:41.902594,2,2,131.1,0.4,130.9,100,130.8,150,,,,,,,,,,,,,,,,,131.3,150,131.4,100,,,,,,,,,,,,,,,,
2026-07-04T20:02:42.087728+00:00,2026-07-04T20:02:42.087652,2,2,131.1,0.4,130.9,100,130.8,150,,,,,,,,,,,,,,,,,131.3,102,131.4,100,,,,,,,,,,,,,,,,
2026-07-04T20:02:43.009537+00:00,2026-07-04T20:02:43.009465,2,2,131.1,0.4,130.9,50,130.8,150,,,,,,,,,,,,,,,,,131.3,102,131.4,100,,,,,,,,,,,,,,,,
2026-07-04T20:02:43.576125+00:00,2026-07-04T20:02:43.576254,2,2,131.1,0.4,130.9,50,130.8,150,,,,,,,,,,,,,,,,,131.3,54,131.4,100,,,,,,,,,,,,,,,,
2026-07-04T20:02:44.129239+00:00,2026-07-04T20:02:44.129076,2,1,131.15,0.5,130.9,50,130.8,150,,,,,,,,,,,,,,,,,131.4,100,,,,,,,,,,,,,,,,,,
2026-07-04T20:02:44.134319+00:00,2026-07-04T20:02:44.134256,1,1,131.15,0.5,130.9,50,,,,,,,,,,,,,,,,,,,131.4,100,,,,,,,,,,,,,,,,,,
2026-07-04T20:02:44.198062+00:00,2026-07-04T20:02:44.192002,2,1,131.3,0.2,131.2,139,130.9,50,,,,,,,,,,,,,,,,,131.4,100,,,,,,,,,,,,,,,,,,
2026-07-04T20:02:44.240963+00:00,2026-07-04T20:02:44.240852,2,2,131.3,0.2,131.2,139,130.9,50,,,,,,,,,,,,,,,,,131.4,100,131.7,150,,,,,,,,,,,,,,,,
2026-07-04T20:02:44.765416+00:00,2026-07-04T20:02:44.759337,2,2,131.3,0.2,131.2,136,130.9,50,,,,,,,,,,,,,,,,,131.4,100,131.7,150,,,,,,,,,,,,,,,,
2026-07-04T20:02:44.958592+00:00,2026-07-04T20:02:44.953327,1,1,131.45,0.5,131.2,136,,,,,,,,,,,,,,,,,,,131.7,150,,,,,,,,,,,,,,,,,,
2026-07-04T20:02:45.011759+00:00,2026-07-04T20:02:45.011673,2,1,131.45,0.5,131.2,136,130.6,100,,,,,,,,,,,,,,,,,131.7,150,,,,,,,,,,,,,,,,,,
2026-07-04T20:02:45.058687+00:00,2026-07-04T20:02:45.056069,2,1,131.45,0.5,131.2,136,130.6,100,,,,,,,,,,,,,,,,,131.7,100,,,,,,,,,,,,,,,,,,
2026-07-04T20:02:45.069038+00:00,2026-07-04T20:02:45.068991,2,1,131.45,0.5,131.2,36,130.6,100,,,,,,,,,,,,,,,,,131.7,100,,,,,,,,,,,,,,,,,,
2026-07-04T20:02:47.292041+00:00,2026-07-04T20:02:47.291958,1,0,,,130.6,100,,,,,,,,,,,,,,,,,,,,,,,,,,,,,,,,,,,,,,
2026-07-04T20:02:47.347726+00:00,2026-07-04T20:02:47.347806,2,0,,,130.9,150,130.6,100,,,,,,,,,,,,,,,,,,,,,,,,,,,,,,,,,,,,
2026-07-04T20:02:47.400617+00:00,2026-07-04T20:02:47.400482,2,1,131.15,0.5,130.9,150,130.6,100,,,,,,,,,,,,,,,,,131.4,150,,,,,,,,,,,,,,,,,,
2026-07-04T20:02:48.124681+00:00,2026-07-04T20:02:48.124624,1,1,131.15,0.5,130.9,150,,,,,,,,,,,,,,,,,,,131.4,150,,,,,,,,,,,,,,,,,,
2026-07-04T20:02:48.177731+00:00,2026-07-04T20:02:48.177648,2,1,131.15,0.5,130.9,150,130.8,100,,,,,,,,,,,,,,,,,131.4,150,,,,,,,,,,,,,,,,,,
2026-07-04T20:02:48.223193+00:00,2026-07-04T20:02:48.223102,2,2,131.1,0.4,130.9,150,130.8,100,,,,,,,,,,,,,,,,,131.3,100,131.4,150,,,,,,,,,,,,,,,,
2026-07-04T20:02:48.890551+00:00,2026-07-04T20:02:48.890516,2,2,131.1,0.4,130.9,104,130.8,100,,,,,,,,,,,,,,,,,131.3,100,131.4,150,,,,,,,,,,,,,,,,
2026-07-04T20:02:50.458592+00:00,2026-07-04T20:02:50.453130,1,1,131.05,0.5,130.8,100,,,,,,,,,,,,,,,,,,,131.3,100,,,,,,,,,,,,,,,,,,
2026-07-04T20:02:50.510023+00:00,2026-07-04T20:02:50.510119,2,1,131.05,0.5,130.8,100,130.7,150,,,,,,,,,,,,,,,,,131.3,100,,,,,,,,,,,,,,,,,,
2026-07-04T20:02:50.558612+00:00,2026-07-04T20:02:50.557543,2,2,131.0,0.4,130.8,100,130.7,150,,,,,,,,,,,,,,,,,131.2,150,131.3,100,,,,,,,,,,,,,,,,
2026-07-04T20:02:50.671770+00:00,2026-07-04T20:02:50.671668,2,2,131.0,0.4,130.8,100,130.7,150,,,,,,,,,,,,,,,,,131.2,102,131.3,100,,,,,,,,,,,,,,,,
2026-07-04T20:02:51.284508+00:00,2026-07-04T20:02:51.284384,1,1,130.95,0.5,130.7,150,,,,,,,,,,,,,,,,,,,131.2,102,,,,,,,,,,,,,,,,,,
2026-07-04T20:02:51.338131+00:00,2026-07-04T20:02:51.338045,2,1,131.1,0.2,131.0,100,130.7,150,,,,,,,,,,,,,,,,,131.2,102,,,,,,,,,,,,,,,,,,
2026-07-04T20:02:51.386961+00:00,2026-07-04T20:02:51.387085,2,2,131.1,0.2,131.0,100,130.7,150,,,,,,,,,,,,,,,,,131.2,102,131.5,100,,,,,,,,,,,,,,,,
2026-07-04T20:02:52.390369+00:00,2026-07-04T20:02:52.390246,2,2,131.1,0.2,131.0,90,130.7,150,,,,,,,,,,,,,,,,,131.2,102,131.5,100,,,,,,,,,,,,,,,,
2026-07-04T20:02:52.750309+00:00,2026-07-04T20:02:52.750188,2,2,131.1,0.2,131.0,49,130.7,150,,,,,,,,,,,,,,,,,131.2,102,131.5,100,,,,,,,,,,,,,,,,
2026-07-04T20:02:53.617619+00:00,2026-07-04T20:02:53.617530,1,1,131.25,0.5,131.0,49,,,,,,,,,,,,,,,,,,,131.5,100,,,,,,,,,,,,,,,,,,
2026-07-04T20:02:53.672140+00:00,2026-07-04T20:02:53.672015,2,1,131.25,0.5,131.0,49,130.8,150,,,,,,,,,,,,,,,,,131.5,100,,,,,,,,,,,,,,,,,,
2026-07-04T20:02:53.728830+00:00,2026-07-04T20:02:53.728733,2,2,131.15,0.3,131.0,49,130.8,150,,,,,,,,,,,,,,,,,131.3,150,131.5,100,,,,,,,,,,,,,,,,
2026-07-04T20:02:54.442850+00:00,2026-07-04T20:02:54.442827,1,1,131.05,0.5,130.8,150,,,,,,,,,,,,,,,,,,,131.3,150,,,,,,,,,,,,,,,,,,
2026-07-04T20:02:54.497828+00:00,2026-07-04T20:02:54.497732,2,1,131.05,0.5,130.8,150,130.7,100,,,,,,,,,,,,,,,,,131.3,150,,,,,,,,,,,,,,,,,,
2026-07-04T20:02:54.551496+00:00,2026-07-04T20:02:54.551378,2,2,131.0,0.4,130.8,150,130.7,100,,,,,,,,,,,,,,,,,131.2,100,131.3,150,,,,,,,,,,,,,,,,
2026-07-04T20:02:55.583856+00:00,2026-07-04T20:02:55.583746,2,2,131.0,0.4,130.8,150,130.7,100,,,,,,,,,,,,,,,,,131.2,50,131.3,150,,,,,,,,,,,,,,,,
2026-07-04T20:02:56.507352+00:00,2026-07-04T20:02:56.507282,2,2,131.0,0.4,130.8,106,130.7,100,,,,,,,,,,,,,,,,,131.2,50,131.3,150,,,,,,,,,,,,,,,,
2026-07-04T20:02:56.784809+00:00,2026-07-04T20:02:56.784728,2,1,131.0,0.4,130.8,106,130.7,100,,,,,,,,,,,,,,,,,131.2,50,,,,,,,,,,,,,,,,,,
2026-07-04T20:02:56.790004+00:00,2026-07-04T20:02:56.789889,1,1,130.95,0.5,130.7,100,,,,,,,,,,,,,,,,,,,131.2,50,,,,,,,,,,,,,,,,,,
2026-07-04T20:02:56.840486+00:00,2026-07-04T20:02:56.840454,2,1,130.95,0.5,130.7,100,130.6,150,,,,,,,,,,,,,,,,,131.2,50,,,,,,,,,,,,,,,,,,
2026-07-04T20:02:56.897879+00:00,2026-07-04T20:02:56.897829,2,2,130.9,0.4,130.7,100,130.6,150,,,,,,,,,,,,,,,,,131.1,150,131.2,50,,,,,,,,,,,,,,,,
2026-07-04T20:02:57.606158+00:00,2026-07-04T20:02:57.606137,1,1,130.85,0.5,130.6,150,,,,,,,,,,,,,,,,,,,131.1,150,,,,,,,,,,,,,,,,,,
2026-07-04T20:02:57.654813+00:00,2026-07-04T20:02:57.654918,2,1,131.0,0.2,130.9,100,130.6,150,,,,,,,,,,,,,,,,,131.1,150,,,,,,,,,,,,,,,,,,
2026-07-04T20:02:57.713301+00:00,2026-07-04T20:02:57.713245,2,2,131.0,0.2,130.9,100,130.6,150,,,,,,,,,,,,,,,,,131.1,150,131.4,100,,,,,,,,,,,,,,,,
2026-07-04T20:02:58.006180+00:00,2026-07-04T20:02:58.000490,2,2,131.0,0.2,130.9,100,130.6,150,,,,,,,,,,,,,,,,,131.1,147,131.4,100,,,,,,,,,,,,,,,,
2026-07-04T20:02:59.215925+00:00,2026-07-04T20:02:59.210152,2,2,131.0,0.2,130.9,100,130.6,150,,,,,,,,,,,,,,,,,131.1,136,131.4,100,,,,,,,,,,,,,,,,
2026-07-04T20:02:59.858526+00:00,2026-07-04T20:02:59.858698,2,2,131.0,0.2,130.9,50,130.6,150,,,,,,,,,,,,,,,,,131.1,136,131.4,100,,,,,,,,,,,,,,,,
2026-07-04T20:02:59.958582+00:00,2026-07-04T20:02:59.951026,1,1,131.15,0.5,130.9,50,,,,,,,,,,,,,,,,,,,131.4,100,,,,,,,,,,,,,,,,,,
2026-07-04T20:03:00.009251+00:00,2026-07-04T20:03:00.009428,2,1,131.2,0.4,131.0,150,130.9,50,,,,,,,,,,,,,,,,,131.4,100,,,,,,,,,,,,,,,,,,
2026-07-04T20:03:00.057511+00:00,2026-07-04T20:03:00.057732,2,2,131.2,0.4,131.0,150,130.9,50,,,,,,,,,,,,,,,,,131.4,100,131.5,150,,,,,,,,,,,,,,,,
2026-07-04T20:03:00.764814+00:00,2026-07-04T20:03:00.764709,1,1,131.25,0.5,131.0,150,,,,,,,,,,,,,,,,,,,131.5,150,,,,,,,,,,,,,,,,,,
2026-07-04T20:03:00.822000+00:00,2026-07-04T20:03:00.821965,2,1,131.25,0.5,131.0,150,130.8,100,,,,,,,,,,,,,,,,,131.5,150,,,,,,,,,,,,,,,,,,
2026-07-04T20:03:00.874696+00:00,2026-07-04T20:03:00.874644,2,2,131.15,0.3,131.0,150,130.8,100,,,,,,,,,,,,,,,,,131.3,100,131.5,150,,,,,,,,,,,,,,,,
2026-07-04T20:03:01.111417+00:00,2026-07-04T20:03:01.111302,2,2,131.15,0.3,131.0,108,130.8,100,,,,,,,,,,,,,,,,,131.3,100,131.5,150,,,,,,,,,,,,,,,,
2026-07-04T20:03:01.910939+00:00,2026-07-04T20:03:01.910813,2,2,131.15,0.3,131.0,108,130.8,100,,,,,,,,,,,,,,,,,131.3,50,131.5,150,,,,,,,,,,,,,,,,
2026-07-04T20:03:03.116060+00:00,2026-07-04T20:03:03.116020,1,1,131.05,0.5,130.8,100,,,,,,,,,,,,,,,,,,,131.3,50,,,,,,,,,,,,,,,,,,
2026-07-04T20:03:03.171884+00:00,2026-07-04T20:03:03.171792,2,1,131.05,0.5,130.8,100,130.6,150,,,,,,,,,,,,,,,,,131.3,50,,,,,,,,,,,,,,,,,,
2026-07-04T20:03:03.223193+00:00,2026-07-04T20:03:03.223082,2,2,130.95,0.3,130.8,100,130.6,150,,,,,,,,,,,,,,,,,131.1,150,131.3,50,,,,,,,,,,,,,,,,
2026-07-04T20:03:03.929209+00:00,2026-07-04T20:03:03.929171,1,1,130.85,0.5,130.6,150,,,,,,,,,,,,,,,,,,,131.1,150,,,,,,,,,,,,,,,,,,
2026-07-04T20:03:03.984021+00:00,2026-07-04T20:03:03.983990,1,1,130.85,0.5,130.6,150,,,,,,,,,,,,,,,,,,,131.1,50,,,,,,,,,,,,,,,,,,
2026-07-04T20:03:04.034425+00:00,2026-07-04T20:03:04.034364,1,2,130.85,0.5,130.6,150,,,,,,,,,,,,,,,,,,,131.1,50,131.6,100,,,,,,,,,,,,,,,,
2026-07-04T20:03:04.087152+00:00,2026-07-04T20:03:04.087048,1,2,130.85,0.5,130.6,100,,,,,,,,,,,,,,,,,,,131.1,50,131.6,100,,,,,,,,,,,,,,,,
2026-07-04T20:03:05.442087+00:00,2026-07-04T20:03:05.441947,1,2,130.85,0.5,130.6,100,,,,,,,,,,,,,,,,,,,131.1,9,131.6,100,,,,,,,,,,,,,,,,
2026-07-04T20:03:06.143363+00:00,2026-07-04T20:03:06.143315,1,1,131.1,1.0,130.6,100,,,,,,,,,,,,,,,,,,,131.6,59,,,,,,,,,,,,,,,,,,
2026-07-04T20:03:06.275685+00:00,2026-07-04T20:03:06.275646,0,1,,,,,,,,,,,,,,,,,,,,,,,131.6,59,,,,,,,,,,,,,,,,,,
2026-07-04T20:03:06.329575+00:00,2026-07-04T20:03:06.329463,1,1,131.4,0.4,131.2,150,,,,,,,,,,,,,,,,,,,131.6,59,,,,,,,,,,,,,,,,,,
2026-07-04T20:03:06.385027+00:00,2026-07-04T20:03:06.384939,1,2,131.4,0.4,131.2,150,,,,,,,,,,,,,,,,,,,131.6,59,131.7,150,,,,,,,,,,,,,,,,
2026-07-04T20:03:06.551266+00:00,2026-07-04T20:03:06.551469,1,2,131.4,0.4,131.2,150,,,,,,,,,,,,,,,,,,,131.6,18,131.7,150,,,,,,,,,,,,,,,,
2026-07-04T20:03:07.090474+00:00,2026-07-04T20:03:07.090389,1,1,131.45,0.5,131.2,150,,,,,,,,,,,,,,,,,,,131.7,150,,,,,,,,,,,,,,,,,,
2026-07-04T20:03:07.145801+00:00,2026-07-04T20:03:07.145664,2,1,131.45,0.5,131.2,150,131.1,100,,,,,,,,,,,,,,,,,131.7,150,,,,,,,,,,,,,,,,,,
2026-07-04T20:03:07.214166+00:00,2026-07-04T20:03:07.214060,2,2,131.4,0.4,131.2,150,131.1,100,,,,,,,,,,,,,,,,,131.6,100,131.7,150,,,,,,,,,,,,,,,,
2026-07-04T20:03:08.249494+00:00,2026-07-04T20:03:08.249424,2,2,131.4,0.4,131.2,150,131.1,100,,,,,,,,,,,,,,,,,131.6,50,131.7,150,,,,,,,,,,,,,,,,
2026-07-04T20:03:09.435152+00:00,2026-07-04T20:03:09.435346,1,1,131.35,0.5,131.1,100,,,,,,,,,,,,,,,,,,,131.6,50,,,,,,,,,,,,,,,,,,
2026-07-04T20:03:09.489963+00:00,2026-07-04T20:03:09.490160,2,1,131.55,0.1,131.5,150,131.1,100,,,,,,,,,,,,,,,,,131.6,50,,,,,,,,,,,,,,,,,,
2026-07-04T20:03:09.545015+00:00,2026-07-04T20:03:09.544936,2,2,131.55,0.1,131.5,150,131.1,100,,,,,,,,,,,,,,,,,131.6,50,132.0,150,,,,,,,,,,,,,,,,
2026-07-04T20:03:09.583645+00:00,2026-07-04T20:03:09.583604,2,2,131.55,0.1,131.5,106,131.1,100,,,,,,,,,,,,,,,,,131.6,50,132.0,150,,,,,,,,,,,,,,,,
2026-07-04T20:03:09.688308+00:00,2026-07-04T20:03:09.682805,2,2,131.55,0.1,131.5,92,131.1,100,,,,,,,,,,,,,,,,,131.6,50,132.0,150,,,,,,,,,,,,,,,,
2026-07-04T20:03:10.058598+00:00,2026-07-04T20:03:10.055995,2,2,131.55,0.1,131.5,92,131.1,100,,,,,,,,,,,,,,,,,131.6,5,132.0,150,,,,,,,,,,,,,,,,
2026-07-04T20:03:10.269568+00:00,2026-07-04T20:03:10.269476,1,1,131.75,0.5,131.5,92,,,,,,,,,,,,,,,,,,,132.0,150,,,,,,,,,,,,,,,,,,
2026-07-04T20:03:10.323239+00:00,2026-07-04T20:03:10.323127,2,1,131.75,0.5,131.5,92,131.4,100,,,,,,,,,,,,,,,,,132.0,150,,,,,,,,,,,,,,,,,,
2026-07-04T20:03:10.376137+00:00,2026-07-04T20:03:10.376058,2,2,131.7,0.4,131.5,92,131.4,100,,,,,,,,,,,,,,,,,131.9,100,132.0,150,,,,,,,,,,,,,,,,
2026-07-04T20:03:11.158658+00:00,2026-07-04T20:03:11.154163,2,2,131.7,0.4,131.5,49,131.4,100,,,,,,,,,,,,,,,,,131.9,100,132.0,150,,,,,,,,,,,,,,,,
2026-07-04T20:03:11.769462+00:00,2026-07-04T20:03:11.769377,2,2,131.7,0.4,131.5,49,131.4,100,,,,,,,,,,,,,,,,,131.9,53,132.0,150,,,,,,,,,,,,,,,,
2026-07-04T20:03:12.235090+00:00,2026-07-04T20:03:12.235060,2,2,131.7,0.4,131.5,9,131.4,100,,,,,,,,,,,,,,,,,131.9,53,132.0,150,,,,,,,,,,,,,,,,
2026-07-04T20:03:12.600619+00:00,2026-07-04T20:03:12.600487,1,1,131.65,0.5,131.4,100,,,,,,,,,,,,,,,,,,,131.9,53,,,,,,,,,,,,,,,,,,
2026-07-04T20:03:12.658655+00:00,2026-07-04T20:03:12.655604,2,1,131.65,0.5,131.4,100,130.9,150,,,,,,,,,,,,,,,,,131.9,53,,,,,,,,,,,,,,,,,,
2026-07-04T20:03:12.718663+00:00,2026-07-04T20:03:12.713179,1,2,131.15,0.5,130.9,150,,,,,,,,,,,,,,,,,,,131.4,36,131.9,53,,,,,,,,,,,,,,,,
2026-07-04T20:03:13.017588+00:00,2026-07-04T20:03:13.017704,1,2,131.15,0.5,130.9,150,,,,,,,,,,,,,,,,,,,131.4,26,131.9,53,,,,,,,,,,,,,,,,
2026-07-04T20:03:13.246550+00:00,2026-07-04T20:03:13.246472,1,1,131.4,1.0,130.9,150,,,,,,,,,,,,,,,,,,,131.9,34,,,,,,,,,,,,,,,,,,
2026-07-04T20:03:13.431902+00:00,2026-07-04T20:03:13.431528,1,0,,,130.9,150,,,,,,,,,,,,,,,,,,,,,,,,,,,,,,,,,,,,,,
2026-07-04T20:03:13.481988+00:00,2026-07-04T20:03:13.482153,2,0,,,131.5,100,130.9,150,,,,,,,,,,,,,,,,,,,,,,,,,,,,,,,,,,,,
2026-07-04T20:03:13.535216+00:00,2026-07-04T20:03:13.535124,2,1,131.75,0.5,131.5,100,130.9,150,,,,,,,,,,,,,,,,,132.0,100,,,,,,,,,,,,,,,,,,
2026-07-04T20:03:14.964545+00:00,2026-07-04T20:03:14.960128,2,1,131.75,0.5,131.5,89,130.9,150,,,,,,,,,,,,,,,,,132.0,100,,,,,,,,,,,,,,,,,,
2026-07-04T20:03:15.766080+00:00,2026-07-04T20:03:15.766017,1,1,131.75,0.5,131.5,89,,,,,,,,,,,,,,,,,,,132.0,100,,,,,,,,,,,,,,,,,,
2026-07-04T20:03:15.819214+00:00,2026-07-04T20:03:15.819128,2,1,131.8,0.4,131.6,150,131.5,89,,,,,,,,,,,,,,,,,132.0,100,,,,,,,,,,,,,,,,,,
2026-07-04T20:03:15.872300+00:00,2026-07-04T20:03:15.872200,2,2,131.8,0.4,131.6,150,131.5,89,,,,,,,,,,,,,,,,,132.0,100,132.1,150,,,,,,,,,,,,,,,,
2026-07-04T20:03:16.458545+00:00,2026-07-04T20:03:16.449863,2,2,131.8,0.4,131.6,101,131.5,89,,,,,,,,,,,,,,,,,132.0,100,132.1,150,,,,,,,,,,,,,,,,
2026-07-04T20:03:16.588794+00:00,2026-07-04T20:03:16.588673,1,1,131.85,0.5,131.6,101,,,,,,,,,,,,,,,,,,,132.1,150,,,,,,,,,,,,,,,,,,
2026-07-04T20:03:16.644724+00:00,2026-07-04T20:03:16.644655,2,1,132.0,0.2,131.9,100,131.6,101,,,,,,,,,,,,,,,,,132.1,150,,,,,,,,,,,,,,,,,,
2026-07-04T20:03:16.669284+00:00,2026-07-04T20:03:16.669144,2,1,132.0,0.2,131.9,100,131.6,101,,,,,,,,,,,,,,,,,132.1,100,,,,,,,,,,,,,,,,,,
2026-07-04T20:03:16.700278+00:00,2026-07-04T20:03:16.700241,2,2,132.0,0.2,131.9,100,131.6,101,,,,,,,,,,,,,,,,,132.1,100,132.4,100,,,,,,,,,,,,,,,,
2026-07-04T20:03:17.570426+00:00,2026-07-04T20:03:17.563634,2,2,132.0,0.2,131.9,97,131.6,101,,,,,,,,,,,,,,,,,132.1,100,132.4,100,,,,,,,,,,,,,,,,
2026-07-04T20:03:18.852760+00:00,2026-07-04T20:03:18.852895,2,2,132.0,0.2,131.9,47,131.6,101,,,,,,,,,,,,,,,,,132.1,100,132.4,100,,,,,,,,,,,,,,,,
2026-07-04T20:03:18.927255+00:00,2026-07-04T20:03:18.927231,1,1,132.15,0.5,131.9,47,,,,,,,,,,,,,,,,,,,132.4,100,,,,,,,,,,,,,,,,,,
2026-07-04T20:03:18.981719+00:00,2026-07-04T20:03:18.981597,2,1,132.15,0.5,131.9,47,131.8,150,,,,,,,,,,,,,,,,,132.4,100,,,,,,,,,,,,,,,,,,
2026-07-04T20:03:19.030182+00:00,2026-07-04T20:03:19.030299,2,2,132.1,0.4,131.9,47,131.8,150,,,,,,,,,,,,,,,,,132.3,150,132.4,100,,,,,,,,,,,,,,,,
2026-07-04T20:03:19.758629+00:00,2026-07-04T20:03:19.755124,1,1,132.05,0.5,131.8,150,,,,,,,,,,,,,,,,,,,132.3,150,,,,,,,,,,,,,,,,,,
2026-07-04T20:03:19.813369+00:00,2026-07-04T20:03:19.813443,2,1,132.05,0.5,131.8,150,131.6,100,,,,,,,,,,,,,,,,,132.3,150,,,,,,,,,,,,,,,,,,
2026-07-04T20:03:19.858593+00:00,2026-07-04T20:03:19.858414,2,2,131.95,0.3,131.8,150,131.6,100,,,,,,,,,,,,,,,,,132.1,100,132.3,150,,,,,,,,,,,,,,,,
2026-07-04T20:03:20.637605+00:00,2026-07-04T20:03:20.637529,2,2,131.95,0.3,131.8,109,131.6,100,,,,,,,,,,,,,,,,,132.1,100,132.3,150,,,,,,,,,,,,,,,,
2026-07-04T20:03:20.913470+00:00,2026-07-04T20:03:20.913586,2,2,131.95,0.3,131.8,109,131.6,100,,,,,,,,,,,,,,,,,132.1,50,132.3,150,,,,,,,,,,,,,,,,
2026-07-04T20:03:22.089689+00:00,2026-07-04T20:03:22.089574,1,1,131.85,0.5,131.6,100,,,,,,,,,,,,,,,,,,,132.1,50,,,,,,,,,,,,,,,,,,
2026-07-04T20:03:22.139737+00:00,2026-07-04T20:03:22.139835,1,1,131.85,0.5,131.6,250,,,,,,,,,,,,,,,,,,,132.1,50,,,,,,,,,,,,,,,,,,
2026-07-04T20:03:22.196328+00:00,2026-07-04T20:03:22.196296,1,1,131.85,0.5,131.6,250,,,,,,,,,,,,,,,,,,,132.1,200,,,,,,,,,,,,,,,,,,
2026-07-04T20:03:22.925706+00:00,2026-07-04T20:03:22.925620,1,1,131.85,0.5,131.6,150,,,,,,,,,,,,,,,,,,,132.1,150,,,,,,,,,,,,,,,,,,
2026-07-04T20:03:22.974533+00:00,2026-07-04T20:03:22.974483,2,1,131.95,0.3,131.8,100,131.6,150,,,,,,,,,,,,,,,,,132.1,150,,,,,,,,,,,,,,,,,,
2026-07-04T20:03:23.029851+00:00,2026-07-04T20:03:23.029804,2,2,131.95,0.3,131.8,100,131.6,150,,,,,,,,,,,,,,,,,132.1,150,132.3,100,,,,,,,,,,,,,,,,
2026-07-04T20:03:23.046478+00:00,2026-07-04T20:03:23.046421,2,2,131.95,0.3,131.8,100,131.6,150,,,,,,,,,,,,,,,,,132.1,100,132.3,100,,,,,,,,,,,,,,,,
2026-07-04T20:03:25.158562+00:00,2026-07-04T20:03:25.154119,2,2,131.95,0.3,131.8,100,131.6,150,,,,,,,,,,,,,,,,,132.1,50,132.3,100,,,,,,,,,,,,,,,,
2026-07-04T20:03:25.247925+00:00,2026-07-04T20:03:25.247851,2,1,132.05,0.5,131.8,100,131.6,150,,,,,,,,,,,,,,,,,132.3,100,,,,,,,,,,,,,,,,,,
2026-07-04T20:03:25.252934+00:00,2026-07-04T20:03:25.253005,1,1,132.05,0.5,131.8,100,,,,,,,,,,,,,,,,,,,132.3,100,,,,,,,,,,,,,,,,,,
2026-07-04T20:03:25.306313+00:00,2026-07-04T20:03:25.306174,2,1,132.2,0.2,132.1,150,131.8,100,,,,,,,,,,,,,,,,,132.3,100,,,,,,,,,,,,,,,,,,
2026-07-04T20:03:25.359377+00:00,2026-07-04T20:03:25.359312,2,2,132.2,0.2,132.1,150,131.8,100,,,,,,,,,,,,,,,,,132.3,100,132.6,150,,,,,,,,,,,,,,,,
2026-07-04T20:03:25.626601+00:00,2026-07-04T20:03:25.614524,2,2,132.2,0.2,132.1,150,131.8,100,,,,,,,,,,,,,,,,,132.3,52,132.6,150,,,,,,,,,,,,,,,,
2026-07-04T20:03:25.677426+00:00,2026-07-04T20:03:25.677390,2,2,132.2,0.2,132.1,106,131.8,100,,,,,,,,,,,,,,,,,132.3,52,132.6,150,,,,,,,,,,,,,,,,
2026-07-04T20:03:26.083823+00:00,2026-07-04T20:03:26.083732,1,1,132.35,0.5,132.1,106,,,,,,,,,,,,,,,,,,,132.6,150,,,,,,,,,,,,,,,,,,
2026-07-04T20:03:26.138465+00:00,2026-07-04T20:03:26.138348,2,1,132.35,0.5,132.1,106,131.9,100,,,,,,,,,,,,,,,,,132.6,150,,,,,,,,,,,,,,,,,,
2026-07-04T20:03:26.192033+00:00,2026-07-04T20:03:26.191984,2,2,132.25,0.3,132.1,106,131.9,100,,,,,,,,,,,,,,,,,132.4,100,132.6,150,,,,,,,,,,,,,,,,
2026-07-04T20:03:27.264022+00:00,2026-07-04T20:03:27.263918,2,2,132.25,0.3,132.1,106,131.9,100,,,,,,,,,,,,,,,,,132.4,50,132.6,150,,,,,,,,,,,,,,,,
2026-07-04T20:03:28.323786+00:00,2026-07-04T20:03:28.323958,2,2,132.25,0.3,132.1,106,131.9,100,,,,,,,,,,,,,,,,,132.4,7,132.6,150,,,,,,,,,,,,,,,,
2026-07-04T20:03:28.414615+00:00,2026-07-04T20:03:28.414514,1,1,132.15,0.5,131.9,100,,,,,,,,,,,,,,,,,,,132.4,7,,,,,,,,,,,,,,,,,,
2026-07-04T20:03:28.480664+00:00,2026-07-04T20:03:28.480599,1,1,132.15,0.5,131.9,250,,,,,,,,,,,,,,,,,,,132.4,7,,,,,,,,,,,,,,,,,,
2026-07-04T20:03:28.533825+00:00,2026-07-04T20:03:28.533910,1,1,132.15,0.5,131.9,250,,,,,,,,,,,,,,,,,,,132.4,157,,,,,,,,,,,,,,,,,,
2026-07-04T20:03:29.258629+00:00,2026-07-04T20:03:29.246493,1,1,132.15,0.5,131.9,150,,,,,,,,,,,,,,,,,,,132.4,117,,,,,,,,,,,,,,,,,,
2026-07-04T20:03:29.307598+00:00,2026-07-04T20:03:29.307503,2,1,132.35,0.1,132.3,100,131.9,150,,,,,,,,,,,,,,,,,132.4,117,,,,,,,,,,,,,,,,,,
2026-07-04T20:03:29.358632+00:00,2026-07-04T20:03:29.355284,2,2,132.35,0.1,132.3,100,131.9,150,,,,,,,,,,,,,,,,,132.4,117,132.8,100,,,,,,,,,,,,,,,,
2026-07-04T20:03:29.369910+00:00,2026-07-04T20:03:29.369869,2,2,132.35,0.1,132.3,100,131.9,150,,,,,,,,,,,,,,,,,132.4,67,132.8,100,,,,,,,,,,,,,,,,
2026-07-04T20:03:31.306590+00:00,2026-07-04T20:03:31.306493,2,2,132.35,0.1,132.3,56,131.9,150,,,,,,,,,,,,,,,,,132.4,67,132.8,100,,,,,,,,,,,,,,,,
2026-07-04T20:03:31.480194+00:00,2026-07-04T20:03:31.480079,2,2,132.35,0.1,132.3,56,131.9,150,,,,,,,,,,,,,,,,,132.4,17,132.8,100,,,,,,,,,,,,,,,,
2026-07-04T20:03:31.591472+00:00,2026-07-04T20:03:31.591370,2,1,132.55,0.5,132.3,56,131.9,150,,,,,,,,,,,,,,,,,132.8,100,,,,,,,,,,,,,,,,,,
2026-07-04T20:03:31.596461+00:00,2026-07-04T20:03:31.596527,1,1,132.55,0.5,132.3,56,,,,,,,,,,,,,,,,,,,132.8,100,,,,,,,,,,,,,,,,,,
2026-07-04T20:03:31.660971+00:00,2026-07-04T20:03:31.654676,2,1,132.65,0.3,132.5,136,132.3,56,,,,,,,,,,,,,,,,,132.8,100,,,,,,,,,,,,,,,,,,
2026-07-04T20:03:31.699307+00:00,2026-07-04T20:03:31.699279,2,2,132.65,0.3,132.5,136,132.3,56,,,,,,,,,,,,,,,,,132.8,100,133.0,150,,,,,,,,,,,,,,,,
2026-07-04T20:03:31.891118+00:00,2026-07-04T20:03:31.881886,2,2,132.65,0.3,132.5,91,132.3,56,,,,,,,,,,,,,,,,,132.8,100,133.0,150,,,,,,,,,,,,,,,,
2026-07-04T20:03:32.414619+00:00,2026-07-04T20:03:32.414592,1,1,132.75,0.5,132.5,91,,,,,,,,,,,,,,,,,,,133.0,150,,,,,,,,,,,,,,,,,,
2026-07-04T20:03:32.441693+00:00,2026-07-04T20:03:32.441828,1,1,132.75,0.5,132.5,91,,,,,,,,,,,,,,,,,,,133.0,109,,,,,,,,,,,,,,,,,,
2026-07-04T20:03:32.479608+00:00,2026-07-04T20:03:32.479545,2,1,132.75,0.5,132.5,91,132.2,100,,,,,,,,,,,,,,,,,133.0,109,,,,,,,,,,,,,,,,,,
2026-07-04T20:03:32.530505+00:00,2026-07-04T20:03:32.530406,2,2,132.6,0.2,132.5,91,132.2,100,,,,,,,,,,,,,,,,,132.7,100,133.0,109,,,,,,,,,,,,,,,,
2026-07-04T20:03:32.626046+00:00,2026-07-04T20:03:32.625946,2,2,132.6,0.2,132.5,66,132.2,100,,,,,,,,,,,,,,,,,132.7,100,133.0,109,,,,,,,,,,,,,,,,
2026-07-04T20:03:33.193786+00:00,2026-07-04T20:03:33.193726,2,2,132.6,0.2,132.5,56,132.2,100,,,,,,,,,,,,,,,,,132.7,100,133.0,109,,,,,,,,,,,,,,,,
2026-07-04T20:03:33.303092+00:00,2026-07-04T20:03:33.296680,2,2,132.6,0.2,132.5,44,132.2,100,,,,,,,,,,,,,,,,,132.7,100,133.0,109,,,,,,,,,,,,,,,,
2026-07-04T20:03:33.586893+00:00,2026-07-04T20:03:33.586841,2,2,132.6,0.2,132.5,44,132.2,100,,,,,,,,,,,,,,,,,132.7,50,133.0,109,,,,,,,,,,,,,,,,
2026-07-04T20:03:34.757518+00:00,2026-07-04T20:03:34.757669,1,1,132.45,0.5,132.2,100,,,,,,,,,,,,,,,,,,,132.7,50,,,,,,,,,,,,,,,,,,
2026-07-04T20:03:34.812056+00:00,2026-07-04T20:03:34.811948,1,1,132.45,0.5,132.2,250,,,,,,,,,,,,,,,,,,,132.7,50,,,,,,,,,,,,,,,,,,
2026-07-04T20:03:34.867156+00:00,2026-07-04T20:03:34.867101,1,1,132.45,0.5,132.2,250,,,,,,,,,,,,,,,,,,,132.7,200,,,,,,,,,,,,,,,,,,
2026-07-04T20:03:35.586383+00:00,2026-07-04T20:03:35.586294,1,1,132.45,0.5,132.2,150,,,,,,,,,,,,,,,,,,,132.7,150,,,,,,,,,,,,,,,,,,
2026-07-04T20:03:35.641015+00:00,2026-07-04T20:03:35.640892,2,1,132.5,0.4,132.3,100,132.2,150,,,,,,,,,,,,,,,,,132.7,150,,,,,,,,,,,,,,,,,,
2026-07-04T20:03:35.693431+00:00,2026-07-04T20:03:35.693326,2,2,132.5,0.4,132.3,100,132.2,150,,,,,,,,,,,,,,,,,132.7,100,132.8,100,,,,,,,,,,,,,,,,
2026-07-04T20:03:37.641334+00:00,2026-07-04T20:03:37.641471,2,2,132.5,0.4,132.3,75,132.2,150,,,,,,,,,,,,,,,,,132.7,100,132.8,100,,,,,,,,,,,,,,,,
2026-07-04T20:03:37.801396+00:00,2026-07-04T20:03:37.801259,2,2,132.5,0.4,132.3,75,132.2,150,,,,,,,,,,,,,,,,,132.7,50,132.8,100,,,,,,,,,,,,,,,,
2026-07-04T20:03:37.919537+00:00,2026-07-04T20:03:37.919499,1,1,132.55,0.5,132.3,75,,,,,,,,,,,,,,,,,,,132.8,100,,,,,,,,,,,,,,,,,,
2026-07-04T20:03:37.983802+00:00,2026-07-04T20:03:37.977729,2,1,132.65,0.3,132.5,139,132.3,75,,,,,,,,,,,,,,,,,132.8,100,,,,,,,,,,,,,,,,,,
2026-07-04T20:03:38.024025+00:00,2026-07-04T20:03:38.023955,2,2,132.65,0.3,132.5,139,132.3,75,,,,,,,,,,,,,,,,,132.8,100,133.0,150,,,,,,,,,,,,,,,,
2026-07-04T20:03:38.747088+00:00,2026-07-04T20:03:38.747006,2,1,132.75,0.5,132.5,139,132.3,75,,,,,,,,,,,,,,,,,133.0,150,,,,,,,,,,,,,,,,,,
2026-07-04T20:03:38.752166+00:00,2026-07-04T20:03:38.752145,1,1,132.75,0.5,132.5,139,,,,,,,,,,,,,,,,,,,133.0,150,,,,,,,,,,,,,,,,,,
2026-07-04T20:03:38.805829+00:00,2026-07-04T20:03:38.805717,2,1,132.75,0.5,132.5,139,132.1,100,,,,,,,,,,,,,,,,,133.0,150,,,,,,,,,,,,,,,,,,
2026-07-04T20:03:38.858614+00:00,2026-07-04T20:03:38.853409,2,2,132.55,0.1,132.5,139,132.1,100,,,,,,,,,,,,,,,,,132.6,100,133.0,150,,,,,,,,,,,,,,,,
2026-07-04T20:03:39.908765+00:00,2026-07-04T20:03:39.908671,2,2,132.55,0.1,132.5,139,132.1,100,,,,,,,,,,,,,,,,,132.6,50,133.0,150,,,,,,,,,,,,,,,,
2026-07-04T20:03:41.080666+00:00,2026-07-04T20:03:41.080815,1,1,132.35,0.5,132.1,100,,,,,,,,,,,,,,,,,,,132.6,50,,,,,,,,,,,,,,,,,,
2026-07-04T20:03:41.133579+00:00,2026-07-04T20:03:41.133494,2,1,132.55,0.1,132.5,150,132.1,100,,,,,,,,,,,,,,,,,132.6,50,,,,,,,,,,,,,,,,,,
2026-07-04T20:03:41.187787+00:00,2026-07-04T20:03:41.187896,2,2,132.55,0.1,132.5,150,132.1,100,,,,,,,,,,,,,,,,,132.6,50,133.0,150,,,,,,,,,,,,,,,,
2026-07-04T20:03:41.758665+00:00,2026-07-04T20:03:41.758548,2,2,132.55,0.1,132.5,104,132.1,100,,,,,,,,,,,,,,,,,132.6,50,133.0,150,,,,,,,,,,,,,,,,
2026-07-04T20:03:41.915425+00:00,2026-07-04T20:03:41.915364,1,1,132.75,0.5,132.5,104,,,,,,,,,,,,,,,,,,,133.0,150,,,,,,,,,,,,,,,,,,
2026-07-04T20:03:41.971613+00:00,2026-07-04T20:03:41.971581,2,1,132.75,0.5,132.5,104,132.2,100,,,,,,,,,,,,,,,,,133.0,150,,,,,,,,,,,,,,,,,,
2026-07-04T20:03:42.026533+00:00,2026-07-04T20:03:42.026443,2,2,132.6,0.2,132.5,104,132.2,100,,,,,,,,,,,,,,,,,132.7,100,133.0,150,,,,,,,,,,,,,,,,
2026-07-04T20:03:42.066297+00:00,2026-07-04T20:03:42.066259,2,2,132.6,0.2,132.5,54,132.2,100,,,,,,,,,,,,,,,,,132.7,100,133.0,150,,,,,,,,,,,,,,,,
2026-07-04T20:03:42.471874+00:00,2026-07-04T20:03:42.462643,2,2,132.6,0.2,132.5,42,132.2,100,,,,,,,,,,,,,,,,,132.7,100,133.0,150,,,,,,,,,,,,,,,,
2026-07-04T20:03:42.657149+00:00,2026-07-04T20:03:42.657086,2,2,132.6,0.2,132.5,17,132.2,100,,,,,,,,,,,,,,,,,132.7,100,133.0,150,,,,,,,,,,,,,,,,
2026-07-04T20:03:42.858576+00:00,2026-07-04T20:03:42.857995,1,2,132.45,0.5,132.2,70,,,,,,,,,,,,,,,,,,,132.7,100,133.0,150,,,,,,,,,,,,,,,,
2026-07-04T20:03:44.122764+00:00,2026-07-04T20:03:44.122943,1,2,132.45,0.5,132.2,70,,,,,,,,,,,,,,,,,,,132.7,50,133.0,150,,,,,,,,,,,,,,,,
2026-07-04T20:03:44.240831+00:00,2026-07-04T20:03:44.240784,1,1,132.45,0.5,132.2,70,,,,,,,,,,,,,,,,,,,132.7,50,,,,,,,,,,,,,,,,,,
2026-07-04T20:03:44.296164+00:00,2026-07-04T20:03:44.296075,2,1,132.45,0.5,132.2,70,131.6,150,,,,,,,,,,,,,,,,,132.7,50,,,,,,,,,,,,,,,,,,
2026-07-04T20:03:44.356414+00:00,2026-07-04T20:03:44.350578,1,2,131.85,0.5,131.6,150,,,,,,,,,,,,,,,,,,,132.1,57,132.7,50,,,,,,,,,,,,,,,,
2026-07-04T20:03:44.509690+00:00,2026-07-04T20:03:44.509581,1,2,131.85,0.5,131.6,150,,,,,,,,,,,,,,,,,,,132.1,13,132.7,50,,,,,,,,,,,,,,,,
2026-07-04T20:03:45.085064+00:00,2026-07-04T20:03:45.084975,1,1,131.85,0.5,131.6,150,,,,,,,,,,,,,,,,,,,132.1,13,,,,,,,,,,,,,,,,,,
2026-07-04T20:03:45.136214+00:00,2026-07-04T20:03:45.136098,2,1,132.0,0.2,131.9,100,131.6,150,,,,,,,,,,,,,,,,,132.1,13,,,,,,,,,,,,,,,,,,
2026-07-04T20:03:45.218954+00:00,2026-07-04T20:03:45.218886,2,2,132.0,0.2,131.9,100,131.6,150,,,,,,,,,,,,,,,,,132.1,13,132.4,100,,,,,,,,,,,,,,,,
2026-07-04T20:03:45.525919+00:00,2026-07-04T20:03:45.525807,2,2,132.0,0.2,131.9,52,131.6,150,,,,,,,,,,,,,,,,,132.1,13,132.4,100,,,,,,,,,,,,,,,,
2026-07-04T20:03:46.234149+00:00,2026-07-04T20:03:46.234014,2,1,132.15,0.5,131.9,52,131.6,150,,,,,,,,,,,,,,,,,132.4,63,,,,,,,,,,,,,,,,,,
2026-07-04T20:03:47.405577+00:00,2026-07-04T20:03:47.405656,1,1,132.15,0.5,131.9,52,,,,,,,,,,,,,,,,,,,132.4,63,,,,,,,,,,,,,,,,,,
2026-07-04T20:03:47.458625+00:00,2026-07-04T20:03:47.451676,2,0,,,132.6,87,131.9,52,,,,,,,,,,,,,,,,,,,,,,,,,,,,,,,,,,,,
2026-07-04T20:03:47.512045+00:00,2026-07-04T20:03:47.511972,2,1,132.85,0.5,132.6,87,131.9,52,,,,,,,,,,,,,,,,,133.1,150,,,,,,,,,,,,,,,,,,
2026-07-04T20:03:47.676961+00:00,2026-07-04T20:03:47.676879,2,1,132.85,0.5,132.6,62,131.9,52,,,,,,,,,,,,,,,,,133.1,150,,,,,,,,,,,,,,,,,,
2026-07-04T20:03:48.274214+00:00,2026-07-04T20:03:48.274113,1,1,132.85,0.5,132.6,62,,,,,,,,,,,,,,,,,,,133.1,150,,,,,,,,,,,,,,,,,,
2026-07-04T20:03:48.326425+00:00,2026-07-04T20:03:48.326552,2,1,132.85,0.5,132.6,62,132.4,100,,,,,,,,,,,,,,,,,133.1,150,,,,,,,,,,,,,,,,,,
2026-07-04T20:03:48.342882+00:00,2026-07-04T20:03:48.342762,2,1,132.85,0.5,132.6,62,132.4,100,,,,,,,,,,,,,,,,,133.1,100,,,,,,,,,,,,,,,,,,
2026-07-04T20:03:48.380951+00:00,2026-07-04T20:03:48.380856,2,2,132.75,0.3,132.6,62,132.4,100,,,,,,,,,,,,,,,,,132.9,100,133.1,100,,,,,,,,,,,,,,,,
2026-07-04T20:03:50.458798+00:00,2026-07-04T20:03:50.458731,2,2,132.75,0.3,132.6,62,132.4,100,,,,,,,,,,,,,,,,,132.9,50,133.1,100,,,,,,,,,,,,,,,,
2026-07-04T20:03:50.564734+00:00,2026-07-04T20:03:50.564977,2,1,132.75,0.3,132.6,62,132.4,100,,,,,,,,,,,,,,,,,132.9,50,,,,,,,,,,,,,,,,,,
2026-07-04T20:03:50.570329+00:00,2026-07-04T20:03:50.570242,1,1,132.65,0.5,132.4,100,,,,,,,,,,,,,,,,,,,132.9,50,,,,,,,,,,,,,,,,,,
2026-07-04T20:03:50.643459+00:00,2026-07-04T20:03:50.643380,2,1,132.7,0.4,132.5,150,132.4,100,,,,,,,,,,,,,,,,,132.9,50,,,,,,,,,,,,,,,,,,
2026-07-04T20:03:50.700410+00:00,2026-07-04T20:03:50.700354,2,2,132.7,0.4,132.5,150,132.4,100,,,,,,,,,,,,,,,,,132.9,50,133.0,150,,,,,,,,,,,,,,,,
2026-07-04T20:03:51.431945+00:00,2026-07-04T20:03:51.431831,1,1,132.75,0.5,132.5,150,,,,,,,,,,,,,,,,,,,133.0,150,,,,,,,,,,,,,,,,,,
2026-07-04T20:03:51.454823+00:00,2026-07-04T20:03:51.454993,1,1,132.75,0.5,132.5,150,,,,,,,,,,,,,,,,,,,133.0,102,,,,,,,,,,,,,,,,,,
2026-07-04T20:03:51.488748+00:00,2026-07-04T20:03:51.488613,2,1,132.8,0.4,132.6,100,132.5,150,,,,,,,,,,,,,,,,,133.0,102,,,,,,,,,,,,,,,,,,
2026-07-04T20:03:51.541904+00:00,2026-07-04T20:03:51.541771,2,2,132.8,0.4,132.6,100,132.5,150,,,,,,,,,,,,,,,,,133.0,102,133.1,100,,,,,,,,,,,,,,,,
2026-07-04T20:03:52.609587+00:00,2026-07-04T20:03:52.609506,2,2,132.8,0.4,132.6,50,132.5,150,,,,,,,,,,,,,,,,,133.0,102,133.1,100,,,,,,,,,,,,,,,,
2026-07-04T20:03:53.752990+00:00,2026-07-04T20:03:53.752940,1,1,132.85,0.5,132.6,50,,,,,,,,,,,,,,,,,,,133.1,100,,,,,,,,,,,,,,,,,,
2026-07-04T20:03:53.806410+00:00,2026-07-04T20:03:53.806308,2,1,132.95,0.3,132.8,150,132.6,50,,,,,,,,,,,,,,,,,133.1,100,,,,,,,,,,,,,,,,,,
2026-07-04T20:03:53.858581+00:00,2026-07-04T20:03:53.853739,2,2,132.95,0.3,132.8,150,132.6,50,,,,,,,,,,,,,,,,,133.1,100,133.3,150,,,,,,,,,,,,,,,,
2026-07-04T20:03:54.592013+00:00,2026-07-04T20:03:54.591931,2,1,133.05,0.5,132.8,150,132.6,50,,,,,,,,,,,,,,,,,133.3,150,,,,,,,,,,,,,,,,,,
2026-07-04T20:03:54.597287+00:00,2026-07-04T20:03:54.597168,1,1,133.05,0.5,132.8,150,,,,,,,,,,,,,,,,,,,133.3,150,,,,,,,,,,,,,,,,,,
2026-07-04T20:03:54.649971+00:00,2026-07-04T20:03:54.649848,2,1,133.05,0.5,132.8,150,132.6,100,,,,,,,,,,,,,,,,,133.3,150,,,,,,,,,,,,,,,,,,
2026-07-04T20:03:54.699661+00:00,2026-07-04T20:03:54.699589,2,2,132.95,0.3,132.8,150,132.6,100,,,,,,,,,,,,,,,,,133.1,100,133.3,150,,,,,,,,,,,,,,,,
2026-07-04T20:03:54.715314+00:00,2026-07-04T20:03:54.715214,2,2,132.95,0.3,132.8,100,132.6,100,,,,,,,,,,,,,,,,,133.1,100,133.3,150,,,,,,,,,,,,,,,,
2026-07-04T20:03:55.125298+00:00,2026-07-04T20:03:55.125218,2,2,132.95,0.3,132.8,100,132.6,100,,,,,,,,,,,,,,,,,133.1,54,133.3,150,,,,,,,,,,,,,,,,
2026-07-04T20:03:56.823806+00:00,2026-07-04T20:03:56.823697,2,2,132.95,0.3,132.8,50,132.6,100,,,,,,,,,,,,,,,,,133.1,54,133.3,150,,,,,,,,,,,,,,,,
2026-07-04T20:03:56.910248+00:00,2026-07-04T20:03:56.910393,1,1,132.85,0.5,132.6,100,,,,,,,,,,,,,,,,,,,133.1,54,,,,,,,,,,,,,,,,,,
2026-07-04T20:03:56.958552+00:00,2026-07-04T20:03:56.957142,2,1,132.85,0.5,132.6,100,132.4,150,,,,,,,,,,,,,,,,,133.1,54,,,,,,,,,,,,,,,,,,
2026-07-04T20:03:57.019765+00:00,2026-07-04T20:03:57.019683,2,2,132.75,0.3,132.6,100,132.4,150,,,,,,,,,,,,,,,,,132.9,150,133.1,54,,,,,,,,,,,,,,,,
2026-07-04T20:03:57.700950+00:00,2026-07-04T20:03:57.700839,2,2,132.75,0.3,132.6,75,132.4,150,,,,,,,,,,,,,,,,,132.9,150,133.1,54,,,,,,,,,,,,,,,,
2026-07-04T20:03:57.752362+00:00,2026-07-04T20:03:57.752236,1,1,132.65,0.5,132.4,150,,,,,,,,,,,,,,,,,,,132.9,150,,,,,,,,,,,,,,,,,,
2026-07-04T20:03:57.809878+00:00,2026-07-04T20:03:57.809759,2,1,132.8,0.2,132.7,100,132.4,150,,,,,,,,,,,,,,,,,132.9,150,,,,,,,,,,,,,,,,,,
2026-07-04T20:03:57.865042+00:00,2026-07-04T20:03:57.864999,2,2,132.8,0.2,132.7,100,132.4,150,,,,,,,,,,,,,,,,,132.9,150,133.2,100,,,,,,,,,,,,,,,,
2026-07-04T20:03:58.882335+00:00,2026-07-04T20:03:58.882228,2,2,132.8,0.2,132.7,58,132.4,150,,,,,,,,,,,,,,,,,132.9,150,133.2,100,,,,,,,,,,,,,,,,
2026-07-04T20:03:58.931379+00:00,2026-07-04T20:03:58.931336,2,2,132.8,0.2,132.7,8,132.4,150,,,,,,,,,,,,,,,,,132.9,150,133.2,100,,,,,,,,,,,,,,,,
2026-07-04T20:03:59.398225+00:00,2026-07-04T20:03:59.398093,2,2,132.8,0.2,132.7,8,132.4,150,,,,,,,,,,,,,,,,,132.9,107,133.2,100,,,,,,,,,,,,,,,,
2026-07-04T20:03:59.464030+00:00,2026-07-04T20:03:59.463920,1,2,132.65,0.5,132.4,150,,,,,,,,,,,,,,,,,,,132.9,107,133.2,100,,,,,,,,,,,,,,,,
2026-07-04T20:04:00.065719+00:00,2026-07-04T20:04:00.065372,1,1,132.8,0.8,132.4,150,,,,,,,,,,,,,,,,,,,133.2,100,,,,,,,,,,,,,,,,,,
2026-07-04T20:04:00.076481+00:00,2026-07-04T20:04:00.076635,0,1,,,,,,,,,,,,,,,,,,,,,,,133.2,100,,,,,,,,,,,,,,,,,,
2026-07-04T20:04:00.129044+00:00,2026-07-04T20:04:00.129221,1,1,132.9,0.6,132.6,150,,,,,,,,,,,,,,,,,,,133.2,100,,,,,,,,,,,,,,,,,,
2026-07-04T20:04:00.182335+00:00,2026-07-04T20:04:00.182265,1,2,132.85,0.5,132.6,150,,,,,,,,,,,,,,,,,,,133.1,150,133.2,100,,,,,,,,,,,,,,,,
2026-07-04T20:04:00.948778+00:00,2026-07-04T20:04:00.948715,1,1,132.85,0.5,132.6,150,,,,,,,,,,,,,,,,,,,133.1,150,,,,,,,,,,,,,,,,,,
2026-07-04T20:04:01.010852+00:00,2026-07-04T20:04:01.010799,2,1,132.85,0.5,132.6,150,132.5,100,,,,,,,,,,,,,,,,,133.1,150,,,,,,,,,,,,,,,,,,
2026-07-04T20:04:01.058659+00:00,2026-07-04T20:04:01.058548,2,2,132.8,0.4,132.6,150,132.5,100,,,,,,,,,,,,,,,,,133.0,100,133.1,150,,,,,,,,,,,,,,,,
2026-07-04T20:04:01.124447+00:00,2026-07-04T20:04:01.124365,2,2,132.8,0.4,132.6,150,132.5,100,,,,,,,,,,,,,,,,,133.0,55,133.1,150,,,,,,,,,,,,,,,,
2026-07-04T20:04:03.089678+00:00,2026-07-04T20:04:03.089554,2,2,132.8,0.4,132.6,150,132.5,100,,,,,,,,,,,,,,,,,133.0,5,133.1,150,,,,,,,,,,,,,,,,
2026-07-04T20:04:03.244313+00:00,2026-07-04T20:04:03.244479,1,1,132.75,0.5,132.5,100,,,,,,,,,,,,,,,,,,,133.0,5,,,,,,,,,,,,,,,,,,
2026-07-04T20:04:03.291960+00:00,2026-07-04T20:04:03.291858,2,1,132.9,0.2,132.8,150,132.5,100,,,,,,,,,,,,,,,,,133.0,5,,,,,,,,,,,,,,,,,,
2026-07-04T20:04:03.344249+00:00,2026-07-04T20:04:03.344357,2,2,132.9,0.2,132.8,150,132.5,100,,,,,,,,,,,,,,,,,133.0,5,133.3,150,,,,,,,,,,,,,,,,
2026-07-04T20:04:04.117731+00:00,2026-07-04T20:04:04.117872,1,1,133.05,0.5,132.8,150,,,,,,,,,,,,,,,,,,,133.3,150,,,,,,,,,,,,,,,,,,
2026-07-04T20:04:04.173052+00:00,2026-07-04T20:04:04.172945,2,1,133.1,0.4,132.9,100,132.8,150,,,,,,,,,,,,,,,,,133.3,150,,,,,,,,,,,,,,,,,,
2026-07-04T20:04:04.227759+00:00,2026-07-04T20:04:04.227638,2,2,133.1,0.4,132.9,100,132.8,150,,,,,,,,,,,,,,,,,133.3,150,133.4,100,,,,,,,,,,,,,,,,
2026-07-04T20:04:05.258605+00:00,2026-07-04T20:04:05.254615,2,2,133.1,0.4,132.9,50,132.8,150,,,,,,,,,,,,,,,,,133.3,150,133.4,100,,,,,,,,,,,,,,,,
2026-07-04T20:04:06.401023+00:00,2026-07-04T20:04:06.400949,2,1,133.15,0.5,132.9,50,132.8,150,,,,,,,,,,,,,,,,,133.4,100,,,,,,,,,,,,,,,,,,
2026-07-04T20:04:06.406305+00:00,2026-07-04T20:04:06.406119,1,1,133.15,0.5,132.9,50,,,,,,,,,,,,,,,,,,,133.4,100,,,,,,,,,,,,,,,,,,
2026-07-04T20:04:06.463765+00:00,2026-07-04T20:04:06.463907,2,1,133.15,0.5,132.9,50,132.8,150,,,,,,,,,,,,,,,,,133.4,100,,,,,,,,,,,,,,,,,,
2026-07-04T20:04:06.510048+00:00,2026-07-04T20:04:06.509939,2,2,133.1,0.4,132.9,50,132.8,150,,,,,,,,,,,,,,,,,133.3,150,133.4,100,,,,,,,,,,,,,,,,
2026-07-04T20:04:07.281958+00:00,2026-07-04T20:04:07.282105,1,1,133.05,0.5,132.8,150,,,,,,,,,,,,,,,,,,,133.3,150,,,,,,,,,,,,,,,,,,
2026-07-04T20:04:07.337391+00:00,2026-07-04T20:04:07.337531,2,1,133.05,0.5,132.8,150,132.7,100,,,,,,,,,,,,,,,,,133.3,150,,,,,,,,,,,,,,,,,,
2026-07-04T20:04:07.388785+00:00,2026-07-04T20:04:07.388687,2,2,133.0,0.4,132.8,150,132.7,100,,,,,,,,,,,,,,,,,133.2,100,133.3,150,,,,,,,,,,,,,,,,
2026-07-04T20:04:07.721429+00:00,2026-07-04T20:04:07.721687,2,2,133.0,0.4,132.8,125,132.7,100,,,,,,,,,,,,,,,,,133.2,100,133.3,150,,,,,,,,,,,,,,,,
2026-07-04T20:04:08.204158+00:00,2026-07-04T20:04:08.204077,2,2,133.0,0.4,132.8,78,132.7,100,,,,,,,,,,,,,,,,,133.2,100,133.3,150,,,,,,,,,,,,,,,,
2026-07-04T20:04:09.490733+00:00,2026-07-04T20:04:09.490661,2,2,133.0,0.4,132.8,28,132.7,100,,,,,,,,,,,,,,,,,133.2,100,133.3,150,,,,,,,,,,,,,,,,
2026-07-04T20:04:09.566667+00:00,2026-07-04T20:04:09.566825,1,1,132.95,0.5,132.7,100,,,,,,,,,,,,,,,,,,,133.2,100,,,,,,,,,,,,,,,,,,
2026-07-04T20:04:09.622168+00:00,2026-07-04T20:04:09.622049,2,1,132.95,0.5,132.7,100,132.1,150,,,,,,,,,,,,,,,,,133.2,100,,,,,,,,,,,,,,,,,,
2026-07-04T20:04:09.686669+00:00,2026-07-04T20:04:09.680853,1,2,132.35,0.5,132.1,150,,,,,,,,,,,,,,,,,,,132.6,38,133.2,100,,,,,,,,,,,,,,,,
2026-07-04T20:04:10.443479+00:00,2026-07-04T20:04:10.443425,1,1,132.35,0.5,132.1,150,,,,,,,,,,,,,,,,,,,132.6,38,,,,,,,,,,,,,,,,,,
2026-07-04T20:04:10.498002+00:00,2026-07-04T20:04:10.497920,2,1,132.4,0.4,132.2,100,132.1,150,,,,,,,,,,,,,,,,,132.6,38,,,,,,,,,,,,,,,,,,
2026-07-04T20:04:10.558560+00:00,2026-07-04T20:04:10.551220,2,2,132.4,0.4,132.2,100,132.1,150,,,,,,,,,,,,,,,,,132.6,38,132.7,100,,,,,,,,,,,,,,,,
2026-07-04T20:04:11.323164+00:00,2026-07-04T20:04:11.317609,2,2,132.4,0.4,132.2,100,132.1,150,,,,,,,,,,,,,,,,,132.6,27,132.7,100,,,,,,,,,,,,,,,,
2026-07-04T20:04:11.545648+00:00,2026-07-04T20:04:11.545962,2,1,132.45,0.5,132.2,100,132.1,150,,,,,,,,,,,,,,,,,132.7,77,,,,,,,,,,,,,,,,,,
2026-07-04T20:04:12.733138+00:00,2026-07-04T20:04:12.733013,1,1,132.45,0.5,132.2,100,,,,,,,,,,,,,,,,,,,132.7,77,,,,,,,,,,,,,,,,,,
2026-07-04T20:04:12.795393+00:00,2026-07-04T20:04:12.795275,2,0,,,132.9,73,132.2,100,,,,,,,,,,,,,,,,,,,,,,,,,,,,,,,,,,,,
2026-07-04T20:04:12.856887+00:00,2026-07-04T20:04:12.851321,2,1,133.15,0.5,132.9,62,132.2,100,,,,,,,,,,,,,,,,,133.4,150,,,,,,,,,,,,,,,,,,
2026-07-04T20:04:13.605301+00:00,2026-07-04T20:04:13.605257,1,1,133.15,0.5,132.9,62,,,,,,,,,,,,,,,,,,,133.4,150,,,,,,,,,,,,,,,,,,
2026-07-04T20:04:13.659910+00:00,2026-07-04T20:04:13.659790,2,1,133.15,0.5,132.9,62,132.7,100,,,,,,,,,,,,,,,,,133.4,100,,,,,,,,,,,,,,,,,,
