recv_time,book_timestamp,n_bids,n_asks,mid,spread,bid_px_0,bid_vol_0,bid_px_1,bid_vol_1,bid_px_2,bid_vol_2,bid_px_3,bid_vol_3,bid_px_4,bid_vol_4,bid_px_5,bid_vol_5,bid_px_6,bid_vol_6,bid_px_7,bid_vol_7,bid_px_8,bid_vol_8,bid_px_9,bid_vol_9,ask_px_0,ask_vol_0,ask_px_1,ask_vol_1,ask_px_2,ask_vol_2,ask_px_3,ask_vol_3,ask_px_4,ask_vol_4,ask_px_5,ask_vol_5,ask_px_6,ask_vol_6,ask_px_7,ask_vol_7,ask_px_8,ask_vol_8,ask_px_9,ask_vol_9
2026-07-05T08:00:01.099528+00:00,2026-07-05T08:00:01.046590,1,1,140.65,0.5,140.4,250,,,,,,,,,,,,,,,,,,,140.9,150,,,,,,,,,,,,,,,,,,
2026-07-05T08:00:01.619197+00:00,2026-07-05T08:00:01.619115,1,1,140.65,0.5,140.4,150,,,,,,,,,,,,,,,,,,,140.9,150,,,,,,,,,,,,,,,,,,
2026-07-05T08:00:01.672968+00:00,2026-07-05T08:00:01.672814,2,1,140.75,0.3,140.6,100,140.4,150,,,,,,,,,,,,,,,,,140.9,150,,,,,,,,,,,,,,,,,,
2026-07-05T08:00:01.721921+00:00,2026-07-05T08:00:01.721885,2,2,140.75,0.3,140.6,100,140.4,150,,,,,,,,,,,,,,,,,140.9,150,141.1,100,,,,,,,,,,,,,,,,
2026-07-05T08:00:02.172473+00:00,2026-07-05T08:00:02.172377,2,2,140.75,0.3,140.6,58,140.4,150,,,,,,,,,,,,,,,,,140.9,150,141.1,100,,,,,,,,,,,,,,,,
2026-07-05T08:00:03.026359+00:00,2026-07-05T08:00:03.026222,1,1,140.85,0.5,140.6,58,,,,,,,,,,,,,,,,,,,141.1,100,,,,,,,,,,,,,,,,,,
2026-07-05T08:00:03.085212+00:00,2026-07-05T08:00:03.085170,2,1,140.85,0.5,140.6,58,140.4,150,,,,,,,,,,,,,,,,,141.1,100,,,,,,,,,,,,,,,,,,
2026-07-05T08:00:03.143017+00:00,2026-07-05T08:00:03.142923,2,2,140.75,0.3,140.6,58,140.4,150,,,,,,,,,,,,,,,,,140.9,150,141.1,100,,,,,,,,,,,,,,,,
2026-07-05T08:00:03.241258+00:00,2026-07-05T08:00:03.241066,2,2,140.75,0.3,140.6,8,140.4,150,,,,,,,,,,,,,,,,,140.9,150,141.1,100,,,,,,,,,,,,,,,,
2026-07-05T08:00:04.781835+00:00,2026-07-05T08:00:04.781778,1,1,140.65,0.5,140.4,150,,,,,,,,,,,,,,,,,,,140.9,150,,,,,,,,,,,,,,,,,,
2026-07-05T08:00:04.837298+00:00,2026-07-05T08:00:04.837159,1,1,140.65,0.5,140.4,250,,,,,,,,,,,,,,,,,,,140.9,150,,,,,,,,,,,,,,,,,,
2026-07-05T08:00:04.886402+00:00,2026-07-05T08:00:04.886299,1,1,140.65,0.5,140.4,250,,,,,,,,,,,,,,,,,,,140.9,250,,,,,,,,,,,,,,,,,,
2026-07-05T08:00:05.353868+00:00,2026-07-05T08:00:05.354028,1,1,140.65,0.5,140.4,200,,,,,,,,,,,,,,,,,,,140.9,250,,,,,,,,,,,,,,,,,,
2026-07-05T08:00:06.198451+00:00,2026-07-05T08:00:06.198332,1,1,140.65,0.5,140.4,100,,,,,,,,,,,,,,,,,,,140.9,100,,,,,,,,,,,,,,,,,,
2026-07-05T08:00:06.258626+00:00,2026-07-05T08:00:06.254326,2,1,140.65,0.5,140.4,100,140.3,150,,,,,,,,,,,,,,,,,140.9,100,,,,,,,,,,,,,,,,,,
2026-07-05T08:00:06.321002+00:00,2026-07-05T08:00:06.310034,2,2,140.6,0.4,140.4,100,140.3,150,,,,,,,,,,,,,,,,,140.8,150,140.9,100,,,,,,,,,,,,,,,,
2026-07-05T08:00:06.335344+00:00,2026-07-05T08:00:06.328824,2,2,140.6,0.4,140.4,100,140.3,150,,,,,,,,,,,,,,,,,140.8,140,140.9,100,,,,,,,,,,,,,,,,
2026-07-05T08:00:07.419062+00:00,2026-07-05T08:00:07.418976,2,2,140.6,0.4,140.4,100,140.3,150,,,,,,,,,,,,,,,,,140.8,90,140.9,100,,,,,,,,,,,,,,,,
2026-07-05T08:00:07.666913+00:00,2026-07-05T08:00:07.666867,2,2,140.6,0.4,140.4,100,140.3,150,,,,,,,,,,,,,,,,,140.8,44,140.9,100,,,,,,,,,,,,,,,,
2026-07-05T08:00:07.958624+00:00,2026-07-05T08:00:07.954842,1,1,140.55,0.5,140.3,150,,,,,,,,,,,,,,,,,,,140.8,44,,,,,,,,,,,,,,,,,,
2026-07-05T08:00:08.012496+00:00,2026-07-05T08:00:08.012471,2,1,140.6,0.4,140.4,100,140.3,150,,,,,,,,,,,,,,,,,140.8,44,,,,,,,,,,,,,,,,,,
2026-07-05T08:00:08.086363+00:00,2026-07-05T08:00:08.086271,2,2,140.6,0.4,140.4,100,140.3,150,,,,,,,,,,,,,,,,,140.8,44,140.9,100,,,,,,,,,,,,,,,,
2026-07-05T08:00:08.394123+00:00,2026-07-05T08:00:08.388046,2,2,140.6,0.4,140.4,100,140.3,150,,,,,,,,,,,,,,,,,140.8,41,140.9,100,,,,,,,,,,,,,,,,
2026-07-05T08:00:09.368525+00:00,2026-07-05T08:00:09.368414,1,1,140.65,0.5,140.4,100,,,,,,,,,,,,,,,,,,,140.9,100,,,,,,,,,,,,,,,,,,
2026-07-05T08:00:09.421134+00:00,2026-07-05T08:00:09.421074,2,1,140.85,0.1,140.8,150,140.4,100,,,,,,,,,,,,,,,,,140.9,100,,,,,,,,,,,,,,,,,,
2026-07-05T08:00:09.472218+00:00,2026-07-05T08:00:09.468741,2,2,140.85,0.1,140.8,150,140.4,100,,,,,,,,,,,,,,,,,140.9,100,141.3,150,,,,,,,,,,,,,,,,
2026-07-05T08:00:09.528464+00:00,2026-07-05T08:00:09.528388,2,2,140.85,0.1,140.8,150,140.4,100,,,,,,,,,,,,,,,,,140.9,50,141.3,150,,,,,,,,,,,,,,,,
2026-07-05T08:00:10.620941+00:00,2026-07-05T08:00:10.610372,2,2,140.85,0.1,140.8,150,140.4,100,,,,,,,,,,,,,,,,,140.9,6,141.3,150,,,,,,,,,,,,,,,,
2026-07-05T08:00:10.669561+00:00,2026-07-05T08:00:10.669487,2,2,140.85,0.1,140.8,110,140.4,100,,,,,,,,,,,,,,,,,140.9,6,141.3,150,,,,,,,,,,,,,,,,
2026-07-05T08:00:11.132898+00:00,2026-07-05T08:00:11.132800,1,1,141.05,0.5,140.8,110,,,,,,,,,,,,,,,,,,,141.3,150,,,,,,,,,,,,,,,,,,
2026-07-05T08:00:11.189700+00:00,2026-07-05T08:00:11.189660,1,1,141.05,0.5,140.8,210,,,,,,,,,,,,,,,,,,,141.3,150,,,,,,,,,,,,,,,,,,
2026-07-05T08:00:11.249824+00:00,2026-07-05T08:00:11.249628,1,1,141.05,0.5,140.8,210,,,,,,,,,,,,,,,,,,,141.3,250,,,,,,,,,,,,,,,,,,
2026-07-05T08:00:11.658584+00:00,2026-07-05T08:00:11.625592,1,1,141.05,0.5,140.8,210,,,,,,,,,,,,,,,,,,,141.3,200,,,,,,,,,,,,,,,,,,
2026-07-05T08:00:11.759004+00:00,2026-07-05T08:00:11.758634,1,1,141.05,0.5,140.8,210,,,,,,,,,,,,,,,,,,,141.3,159,,,,,,,,,,,,,,,,,,
2026-07-05T08:00:12.532417+00:00,2026-07-05T08:00:12.532365,1,1,141.05,0.5,140.8,100,,,,,,,,,,,,,,,,,,,141.3,100,,,,,,,,,,,,,,,,,,
2026-07-05T08:00:12.583271+00:00,2026-07-05T08:00:12.583416,2,1,141.2,0.2,141.1,150,140.8,100,,,,,,,,,,,,,,,,,141.3,100,,,,,,,,,,,,,,,,,,
2026-07-05T08:00:12.594969+00:00,2026-07-05T08:00:12.588228,2,1,141.2,0.2,141.1,136,140.8,100,,,,,,,,,,,,,,,,,141.3,100,,,,,,,,,,,,,,,,,,
2026-07-05T08:00:12.639186+00:00,2026-07-05T08:00:12.639045,2,2,141.2,0.2,141.1,136,140.8,100,,,,,,,,,,,,,,,,,141.3,100,141.6,150,,,,,,,,,,,,,,,,
2026-07-05T08:00:13.815110+00:00,2026-07-05T08:00:13.815077,2,2,141.2,0.2,141.1,86,140.8,100,,,,,,,,,,,,,,,,,141.3,100,141.6,150,,,,,,,,,,,,,,,,
2026-07-05T08:00:14.302727+00:00,2026-07-05T08:00:14.302683,1,1,141.35,0.5,141.1,86,,,,,,,,,,,,,,,,,,,141.6,150,,,,,,,,,,,,,,,,,,
2026-07-05T08:00:14.358566+00:00,2026-07-05T08:00:14.358126,2,1,141.35,0.5,141.1,86,140.8,100,,,,,,,,,,,,,,,,,141.6,150,,,,,,,,,,,,,,,,,,
2026-07-05T08:00:14.406313+00:00,2026-07-05T08:00:14.406263,2,2,141.2,0.2,141.1,86,140.8,100,,,,,,,,,,,,,,,,,141.3,100,141.6,150,,,,,,,,,,,,,,,,
2026-07-05T08:00:14.818857+00:00,2026-07-05T08:00:14.818742,2,2,141.2,0.2,141.1,61,140.8,100,,,,,,,,,,,,,,,,,141.3,100,141.6,150,,,,,,,,,,,,,,,,
2026-07-05T08:00:15.694915+00:00,2026-07-05T08:00:15.694859,1,1,141.05,0.5,140.8,100,,,,,,,,,,,,,,,,,,,141.3,100,,,,,,,,,,,,,,,,,,
2026-07-05T08:00:15.746874+00:00,2026-07-05T08:00:15.746838,2,1,141.05,0.5,140.8,100,140.7,150,,,,,,,,,,,,,,,,,141.3,100,,,,,,,,,,,,,,,,,,
2026-07-05T08:00:15.800635+00:00,2026-07-05T08:00:15.800496,2,2,141.0,0.4,140.8,100,140.7,150,,,,,,,,,,,,,,,,,141.2,150,141.3,100,,,,,,,,,,,,,,,,
2026-07-05T08:00:15.941557+00:00,2026-07-05T08:00:15.941474,2,2,141.0,0.4,140.8,50,140.7,150,,,,,,,,,,,,,,,,,141.2,150,141.3,100,,,,,,,,,,,,,,,,
2026-07-05T08:00:17.465310+00:00,2026-07-05T08:00:17.465261,1,1,140.95,0.5,140.7,150,,,,,,,,,,,,,,,,,,,141.2,150,,,,,,,,,,,,,,,,,,
2026-07-05T08:00:17.520688+00:00,2026-07-05T08:00:17.520585,1,1,140.95,0.5,140.7,250,,,,,,,,,,,,,,,,,,,141.2,150,,,,,,,,,,,,,,,,,,
2026-07-05T08:00:17.574251+00:00,2026-07-05T08:00:17.574340,1,1,140.95,0.5,140.7,250,,,,,,,,,,,,,,,,,,,141.2,250,,,,,,,,,,,,,,,,,,
2026-07-05T08:00:18.054633+00:00,2026-07-05T08:00:18.054510,1,1,140.95,0.5,140.7,200,,,,,,,,,,,,,,,,,,,141.2,250,,,,,,,,,,,,,,,,,,
2026-07-05T08:00:18.851489+00:00,2026-07-05T08:00:18.851578,1,1,140.95,0.5,140.7,200,,,,,,,,,,,,,,,,,,,141.2,100,,,,,,,,,,,,,,,,,,
2026-07-05T08:00:18.858619+00:00,2026-07-05T08:00:18.856750,1,1,140.95,0.5,140.7,100,,,,,,,,,,,,,,,,,,,141.2,100,,,,,,,,,,,,,,,,,,
2026-07-05T08:00:18.909704+00:00,2026-07-05T08:00:18.909623,1,1,140.95,0.5,140.7,250,,,,,,,,,,,,,,,,,,,141.2,100,,,,,,,,,,,,,,,,,,
2026-07-05T08:00:18.958557+00:00,2026-07-05T08:00:18.955188,1,1,140.95,0.5,140.7,250,,,,,,,,,,,,,,,,,,,141.2,250,,,,,,,,,,,,,,,,,,
2026-07-05T08:00:20.155853+00:00,2026-07-05T08:00:20.157022,1,1,140.95,0.5,140.7,200,,,,,,,,,,,,,,,,,,,141.2,250,,,,,,,,,,,,,,,,,,
2026-07-05T08:00:20.627766+00:00,2026-07-05T08:00:20.627727,1,1,140.95,0.5,140.7,150,,,,,,,,,,,,,,,,,,,141.2,150,,,,,,,,,,,,,,,,,,
2026-07-05T08:00:20.682472+00:00,2026-07-05T08:00:20.682429,2,1,140.95,0.5,140.7,150,140.6,100,,,,,,,,,,,,,,,,,141.2,150,,,,,,,,,,,,,,,,,,
2026-07-05T08:00:20.731114+00:00,2026-07-05T08:00:20.731077,2,2,140.9,0.4,140.7,150,140.6,100,,,,,,,,,,,,,,,,,141.1,100,141.2,150,,,,,,,,,,,,,,,,
2026-07-05T08:00:22.016497+00:00,2026-07-05T08:00:22.016430,1,1,140.85,0.5,140.6,100,,,,,,,,,,,,,,,,,,,141.1,100,,,,,,,,,,,,,,,,,,
2026-07-05T08:00:22.071164+00:00,2026-07-05T08:00:22.070982,1,1,140.85,0.5,140.6,250,,,,,,,,,,,,,,,,,,,141.1,100,,,,,,,,,,,,,,,,,,
2026-07-05T08:00:22.143910+00:00,2026-07-05T08:00:22.143785,1,1,140.85,0.5,140.6,250,,,,,,,,,,,,,,,,,,,141.1,250,,,,,,,,,,,,,,,,,,
2026-07-05T08:00:22.275498+00:00,2026-07-05T08:00:22.275398,1,1,140.85,0.5,140.6,200,,,,,,,,,,,,,,,,,,,141.1,250,,,,,,,,,,,,,,,,,,
2026-07-05T08:00:23.032442+00:00,2026-07-05T08:00:23.032271,1,1,140.85,0.5,140.6,200,,,,,,,,,,,,,,,,,,,141.1,209,,,,,,,,,,,,,,,,,,
2026-07-05T08:00:23.816378+00:00,2026-07-05T08:00:23.816303,1,1,140.85,0.5,140.6,150,,,,,,,,,,,,,,,,,,,141.1,150,,,,,,,,,,,,,,,,,,
2026-07-05T08:00:23.876034+00:00,2026-07-05T08:00:23.875855,2,1,140.85,0.5,140.6,150,140.4,100,,,,,,,,,,,,,,,,,141.1,150,,,,,,,,,,,,,,,,,,
2026-07-05T08:00:23.925359+00:00,2026-07-05T08:00:23.925295,2,2,140.75,0.3,140.6,150,140.4,100,,,,,,,,,,,,,,,,,140.9,100,141.1,150,,,,,,,,,,,,,,,,
2026-07-05T08:00:24.415973+00:00,2026-07-05T08:00:24.415916,2,2,140.75,0.3,140.6,100,140.4,100,,,,,,,,,,,,,,,,,140.9,100,141.1,150,,,,,,,,,,,,,,,,
2026-07-05T08:00:25.196353+00:00,2026-07-05T08:00:25.196297,1,1,140.65,0.5,140.4,100,,,,,,,,,,,,,,,,,,,140.9,100,,,,,,,,,,,,,,,,,,
2026-07-05T08:00:25.258620+00:00,2026-07-05T08:00:25.244887,2,1,140.65,0.5,140.4,100,140.3,150,,,,,,,,,,,,,,,,,140.9,100,,,,,,,,,,,,,,,,,,
2026-07-05T08:00:25.307966+00:00,2026-07-05T08:00:25.308055,2,2,140.6,0.4,140.4,100,140.3,150,,,,,,,,,,,,,,,,,140.8,150,140.9,100,,,,,,,,,,,,,,,,
2026-07-05T08:00:25.318675+00:00,2026-07-05T08:00:25.312776,2,2,140.6,0.4,140.4,100,140.3,150,,,,,,,,,,,,,,,,,140.8,139,140.9,100,,,,,,,,,,,,,,,,
2026-07-05T08:00:26.523245+00:00,2026-07-05T08:00:26.523405,2,2,140.6,0.4,140.4,50,140.3,150,,,,,,,,,,,,,,,,,140.8,139,140.9,100,,,,,,,,,,,,,,,,
2026-07-05T08:00:26.752606+00:00,2026-07-05T08:00:26.745448,2,2,140.6,0.4,140.4,50,140.3,150,,,,,,,,,,,,,,,,,140.8,136,140.9,100,,,,,,,,,,,,,,,,
2026-07-05T08:00:26.979768+00:00,2026-07-05T08:00:26.979914,1,1,140.55,0.5,140.3,150,,,,,,,,,,,,,,,,,,,140.8,136,,,,,,,,,,,,,,,,,,
2026-07-05T08:00:27.035735+00:00,2026-07-05T08:00:27.035690,1,1,140.55,0.5,140.3,250,,,,,,,,,,,,,,,,,,,140.8,136,,,,,,,,,,,,,,,,,,
2026-07-05T08:00:27.087318+00:00,2026-07-05T08:00:27.087247,1,1,140.55,0.5,140.3,250,,,,,,,,,,,,,,,,,,,140.8,236,,,,,,,,,,,,,,,,,,
2026-07-05T08:00:28.023703+00:00,2026-07-05T08:00:28.023850,1,1,140.55,0.5,140.3,204,,,,,,,,,,,,,,,,,,,140.8,236,,,,,,,,,,,,,,,,,,
2026-07-05T08:00:28.356846+00:00,2026-07-05T08:00:28.357002,1,1,140.55,0.5,140.3,100,,,,,,,,,,,,,,,,,,,140.8,100,,,,,,,,,,,,,,,,,,
2026-07-05T08:00:28.416342+00:00,2026-07-05T08:00:28.416239,1,1,140.55,0.5,140.3,250,,,,,,,,,,,,,,,,,,,140.8,100,,,,,,,,,,,,,,,,,,
2026-07-05T08:00:28.469128+00:00,2026-07-05T08:00:28.469050,1,1,140.55,0.5,140.3,250,,,,,,,,,,,,,,,,,,,140.8,250,,,,,,,,,,,,,,,,,,
2026-07-05T08:00:29.619264+00:00,2026-07-05T08:00:29.619137,1,1,140.55,0.5,140.3,250,,,,,,,,,,,,,,,,,,,140.8,210,,,,,,,,,,,,,,,,,,
2026-07-05T08:00:30.141410+00:00,2026-07-05T08:00:30.141383,1,1,140.55,0.5,140.3,150,,,,,,,,,,,,,,,,,,,140.8,150,,,,,,,,,,,,,,,,,,
2026-07-05T08:00:30.194278+00:00,2026-07-05T08:00:30.194378,2,1,140.6,0.4,140.4,100,140.3,150,,,,,,,,,,,,,,,,,140.8,150,,,,,,,,,,,,,,,,,,
2026-07-05T08:00:30.246195+00:00,2026-07-05T08:00:30.246127,2,2,140.6,0.4,140.4,100,140.3,150,,,,,,,,,,,,,,,,,140.8,150,140.9,100,,,,,,,,,,,,,,,,
2026-07-05T08:00:30.736439+00:00,2026-07-05T08:00:30.736306,2,2,140.6,0.4,140.4,50,140.3,150,,,,,,,,,,,,,,,,,140.8,150,140.9,100,,,,,,,,,,,,,,,,
2026-07-05T08:00:31.521343+00:00,2026-07-05T08:00:31.521484,2,1,140.65,0.5,140.4,50,140.3,150,,,,,,,,,,,,,,,,,140.9,100,,,,,,,,,,,,,,,,,,
2026-07-05T08:00:31.526713+00:00,2026-07-05T08:00:31.526679,1,1,140.65,0.5,140.4,50,,,,,,,,,,,,,,,,,,,140.9,100,,,,,,,,,,,,,,,,,,
2026-07-05T08:00:31.580820+00:00,2026-07-05T08:00:31.580779,2,1,140.65,0.5,140.4,50,139.9,150,,,,,,,,,,,,,,,,,140.9,100,,,,,,,,,,,,,,,,,,
2026-07-05T08:00:31.633830+00:00,2026-07-05T08:00:31.633778,1,2,140.15,0.5,139.9,150,,,,,,,,,,,,,,,,,,,140.4,100,140.9,100,,,,,,,,,,,,,,,,
2026-07-05T08:00:31.716806+00:00,2026-07-05T08:00:31.716782,1,2,140.15,0.5,139.9,103,,,,,,,,,,,,,,,,,,,140.4,100,140.9,100,,,,,,,,,,,,,,,,
2026-07-05T08:00:32.295015+00:00,2026-07-05T08:00:32.295179,1,2,140.15,0.5,139.9,103,,,,,,,,,,,,,,,,,,,140.4,60,140.9,100,,,,,,,,,,,,,,,,
2026-07-05T08:00:32.844758+00:00,2026-07-05T08:00:32.844640,1,2,140.15,0.5,139.9,53,,,,,,,,,,,,,,,,,,,140.4,60,140.9,100,,,,,,,,,,,,,,,,
2026-07-05T08:00:33.303954+00:00,2026-07-05T08:00:33.304031,1,1,140.15,0.5,139.9,53,,,,,,,,,,,,,,,,,,,140.4,60,,,,,,,,,,,,,,,,,,
2026-07-05T08:00:33.354081+00:00,2026-07-05T08:00:33.354000,1,1,140.15,0.5,139.9,153,,,,,,,,,,,,,,,,,,,140.4,60,,,,,,,,,,,,,,,,,,
2026-07-05T08:00:33.410065+00:00,2026-07-05T08:00:33.409987,1,1,140.15,0.5,139.9,153,,,,,,,,,,,,,,,,,,,140.4,160,,,,,,,,,,,,,,,,,,
2026-07-05T08:00:34.686942+00:00,2026-07-05T08:00:34.686876,1,1,140.15,0.5,139.9,153,,,,,,,,,,,,,,,,,,,140.4,100,,,,,,,,,,,,,,,,,,
2026-07-05T08:00:34.692160+00:00,2026-07-05T08:00:34.692048,1,1,140.15,0.5,139.9,100,,,,,,,,,,,,,,,,,,,140.4,100,,,,,,,,,,,,,,,,,,
2026-07-05T08:00:34.737911+00:00,2026-07-05T08:00:34.737861,2,1,140.2,0.4,140.0,150,139.9,100,,,,,,,,,,,,,,,,,140.4,100,,,,,,,,,,,,,,,,,,
2026-07-05T08:00:34.797719+00:00,2026-07-05T08:00:34.797851,2,2,140.2,0.4,140.0,150,139.9,100,,,,,,,,,,,,,,,,,140.4,100,140.5,150,,,,,,,,,,,,,,,,
2026-07-05T08:00:34.902762+00:00,2026-07-05T08:00:34.902643,3,2,140.25,0.3,140.1,10,140.0,150,139.9,100,,,,,,,,,,,,,,,140.4,75,140.5,150,,,,,,,,,,,,,,,,
2026-07-05T08:00:34.917405+00:00,2026-07-05T08:00:34.911889,3,3,140.2,0.2,140.1,10,140.0,150,139.9,100,,,,,,,,,,,,,,,140.3,7,140.4,75,140.5,150,,,,,,,,,,,,,,
2026-07-05T08:00:34.958564+00:00,2026-07-05T08:00:34.956051,2,3,140.15,0.3,140.0,110,139.9,100,,,,,,,,,,,,,,,,,140.3,7,140.4,75,140.5,150,,,,,,,,,,,,,,
2026-07-05T08:00:35.406986+00:00,2026-07-05T08:00:35.406908,2,2,140.2,0.4,140.0,110,139.9,100,,,,,,,,,,,,,,,,,140.4,42,140.5,150,,,,,,,,,,,,,,,,
2026-07-05T08:00:35.958593+00:00,2026-07-05T08:00:35.956628,2,2,140.2,0.4,140.0,61,139.9,100,,,,,,,,,,,,,,,,,140.4,42,140.5,150,,,,,,,,,,,,,,,,
2026-07-05T08:00:36.464674+00:00,2026-07-05T08:00:36.464606,1,1,140.25,0.5,140.0,61,,,,,,,,,,,,,,,,,,,140.5,150,,,,,,,,,,,,,,,,,,
2026-07-05T08:00:36.538253+00:00,2026-07-05T08:00:36.538134,2,1,140.35,0.3,140.2,100,140.0,61,,,,,,,,,,,,,,,,,140.5,150,,,,,,,,,,,,,,,,,,
2026-07-05T08:00:36.592189+00:00,2026-07-05T08:00:36.592096,2,2,140.35,0.3,140.2,100,140.0,61,,,,,,,,,,,,,,,,,140.5,150,140.7,100,,,,,,,,,,,,,,,,
2026-07-05T08:00:37.017137+00:00,2026-07-05T08:00:37.017072,2,2,140.35,0.3,140.2,100,140.0,61,,,,,,,,,,,,,,,,,140.5,100,140.7,100,,,,,,,,,,,,,,,,
2026-07-05T08:00:37.852973+00:00,2026-07-05T08:00:37.852886,1,1,140.45,0.5,140.2,100,,,,,,,,,,,,,,,,,,,140.7,100,,,,,,,,,,,,,,,,,,
2026-07-05T08:00:37.911252+00:00,2026-07-05T08:00:37.911142,2,1,140.45,0.5,140.2,100,139.8,150,,,,,,,,,,,,,,,,,140.7,100,,,,,,,,,,,,,,,,,,
2026-07-05T08:00:37.958600+00:00,2026-07-05T08:00:37.955664,2,2,140.25,0.1,140.2,100,139.8,150,,,,,,,,,,,,,,,,,140.3,150,140.7,100,,,,,,,,,,,,,,,,
2026-07-05T08:00:37.982815+00:00,2026-07-05T08:00:37.982777,2,2,140.25,0.1,140.2,100,139.8,150,,,,,,,,,,,,,,,,,140.3,105,140.7,100,,,,,,,,,,,,,,,,
2026-07-05T08:00:39.125203+00:00,2026-07-05T08:00:39.125054,2,2,140.25,0.1,140.2,100,139.8,150,,,,,,,,,,,,,,,,,140.3,55,140.7,100,,,,,,,,,,,,,,,,
2026-07-05T08:00:39.647829+00:00,2026-07-05T08:00:39.647762,1,1,140.05,0.5,139.8,150,,,,,,,,,,,,,,,,,,,140.3,55,,,,,,,,,,,,,,,,,,
2026-07-05T08:00:39.703922+00:00,2026-07-05T08:00:39.703880,2,1,140.2,0.2,140.1,100,139.8,150,,,,,,,,,,,,,,,,,140.3,55,,,,,,,,,,,,,,,,,,
2026-07-05T08:00:39.763862+00:00,2026-07-05T08:00:39.763745,2,2,140.2,0.2,140.1,100,139.8,150,,,,,,,,,,,,,,,,,140.3,55,140.6,100,,,,,,,,,,,,,,,,
2026-07-05T08:00:39.928798+00:00,2026-07-05T08:00:39.928665,2,2,140.2,0.2,140.1,100,139.8,150,,,,,,,,,,,,,,,,,140.3,30,140.6,100,,,,,,,,,,,,,,,,
2026-07-05T08:00:41.019161+00:00,2026-07-05T08:00:41.019122,1,1,140.35,0.5,140.1,100,,,,,,,,,,,,,,,,,,,140.6,100,,,,,,,,,,,,,,,,,,
2026-07-05T08:00:41.069950+00:00,2026-07-05T08:00:41.069916,2,1,140.4,0.4,140.2,150,140.1,100,,,,,,,,,,,,,,,,,140.6,100,,,,,,,,,,,,,,,,,,
2026-07-05T08:00:41.127121+00:00,2026-07-05T08:00:41.127063,2,2,140.4,0.4,140.2,150,140.1,100,,,,,,,,,,,,,,,,,140.6,100,140.7,150,,,,,,,,,,,,,,,,
2026-07-05T08:00:41.234005+00:00,2026-07-05T08:00:41.233852,2,2,140.4,0.4,140.2,150,140.1,100,,,,,,,,,,,,,,,,,140.6,50,140.7,150,,,,,,,,,,,,,,,,
2026-07-05T08:00:42.811060+00:00,2026-07-05T08:00:42.810932,1,1,140.45,0.5,140.2,150,,,,,,,,,,,,,,,,,,,140.7,150,,,,,,,,,,,,,,,,,,
2026-07-05T08:00:42.858599+00:00,2026-07-05T08:00:42.856227,2,1,140.5,0.4,140.3,100,140.2,150,,,,,,,,,,,,,,,,,140.7,150,,,,,,,,,,,,,,,,,,
2026-07-05T08:00:42.919089+00:00,2026-07-05T08:00:42.918991,2,2,140.5,0.4,140.3,100,140.2,150,,,,,,,,,,,,,,,,,140.7,150,140.8,100,,,,,,,,,,,,,,,,
2026-07-05T08:00:44.045380+00:00,2026-07-05T08:00:44.045293,2,2,140.5,0.4,140.3,59,140.2,150,,,,,,,,,,,,,,,,,140.7,150,140.8,100,,,,,,,,,,,,,,,,
2026-07-05T08:00:44.184908+00:00,2026-07-05T08:00:44.184834,1,1,140.55,0.5,140.3,59,,,,,,,,,,,,,,,,,,,140.8,100,,,,,,,,,,,,,,,,,,
2026-07-05T08:00:44.237131+00:00,2026-07-05T08:00:44.237056,2,1,140.55,0.5,140.3,59,140.2,150,,,,,,,,,,,,,,,,,140.8,100,,,,,,,,,,,,,,,,,,
2026-07-05T08:00:44.291622+00:00,2026-07-05T08:00:44.291517,2,2,140.5,0.4,140.3,59,140.2,150,,,,,,,,,,,,,,,,,140.7,150,140.8,100,,,,,,,,,,,,,,,,
2026-07-05T08:00:45.445134+00:00,2026-07-05T08:00:45.445091,2,2,140.5,0.4,140.3,59,140.2,150,,,,,,,,,,,,,,,,,140.7,100,140.8,100,,,,,,,,,,,,,,,,
2026-07-05T08:00:45.974539+00:00,2026-07-05T08:00:45.974486,1,1,140.45,0.5,140.2,150,,,,,,,,,,,,,,,,,,,140.7,100,,,,,,,,,,,,,,,,,,
2026-07-05T08:00:46.028797+00:00,2026-07-05T08:00:46.028727,2,1,140.5,0.4,140.3,100,140.2,150,,,,,,,,,,,,,,,,,140.7,100,,,,,,,,,,,,,,,,,,
2026-07-05T08:00:46.082535+00:00,2026-07-05T08:00:46.082380,2,2,140.5,0.4,140.3,100,140.2,150,,,,,,,,,,,,,,,,,140.7,100,140.8,100,,,,,,,,,,,,,,,,
2026-07-05T08:00:46.087695+00:00,2026-07-05T08:00:46.087635,2,2,140.5,0.4,140.3,51,140.2,150,,,,,,,,,,,,,,,,,140.7,100,140.8,100,,,,,,,,,,,,,,,,
2026-07-05T08:00:47.358572+00:00,2026-07-05T08:00:47.346782,1,1,140.55,0.5,140.3,51,,,,,,,,,,,,,,,,,,,140.8,100,,,,,,,,,,,,,,,,,,
2026-07-05T08:00:47.402321+00:00,2026-07-05T08:00:47.402147,2,1,140.65,0.3,140.5,150,140.3,51,,,,,,,,,,,,,,,,,140.8,100,,,,,,,,,,,,,,,,,,
2026-07-05T08:00:47.458624+00:00,2026-07-05T08:00:47.455480,2,2,140.65,0.3,140.5,150,140.3,51,,,,,,,,,,,,,,,,,140.8,100,141.0,150,,,,,,,,,,,,,,,,
2026-07-05T08:00:47.558601+00:00,2026-07-05T08:00:47.553348,2,2,140.65,0.3,140.5,150,140.3,51,,,,,,,,,,,,,,,,,140.8,50,141.0,150,,,,,,,,,,,,,,,,
2026-07-05T08:00:48.546455+00:00,2026-07-05T08:00:48.546423,2,2,140.65,0.3,140.5,150,140.3,51,,,,,,,,,,,,,,,,,140.8,4,141.0,150,,,,,,,,,,,,,,,,
2026-07-05T08:00:49.138102+00:00,2026-07-05T08:00:49.138068,1,1,140.75,0.5,140.5,150,,,,,,,,,,,,,,,,,,,141.0,150,,,,,,,,,,,,,,,,,,
2026-07-05T08:00:49.195241+00:00,2026-07-05T08:00:49.195093,2,1,140.75,0.5,140.5,150,140.3,100,,,,,,,,,,,,,,,,,141.0,150,,,,,,,,,,,,,,,,,,
2026-07-05T08:00:49.258647+00:00,2026-07-05T08:00:49.256929,2,2,140.65,0.3,140.5,150,140.3,100,,,,,,,,,,,,,,,,,140.8,100,141.0,150,,,,,,,,,,,,,,,,
2026-07-05T08:00:49.670355+00:00,2026-07-05T08:00:49.670155,2,2,140.65,0.3,140.5,150,140.3,100,,,,,,,,,,,,,,,,,140.8,50,141.0,150,,,,,,,,,,,,,,,,
2026-07-05T08:00:50.049081+00:00,2026-07-05T08:00:50.049324,2,2,140.65,0.3,140.5,107,140.3,100,,,,,,,,,,,,,,,,,140.8,50,141.0,150,,,,,,,,,,,,,,,,
2026-07-05T08:00:50.509298+00:00,2026-07-05T08:00:50.509441,1,1,140.55,0.5,140.3,100,,,,,,,,,,,,,,,,,,,140.8,50,,,,,,,,,,,,,,,,,,
2026-07-05T08:00:50.564853+00:00,2026-07-05T08:00:50.564713,1,1,140.55,0.5,140.3,250,,,,,,,,,,,,,,,,,,,140.8,50,,,,,,,,,,,,,,,,,,
2026-07-05T08:00:50.618727+00:00,2026-07-05T08:00:50.618552,1,1,140.55,0.5,140.3,250,,,,,,,,,,,,,,,,,,,140.8,200,,,,,,,,,,,,,,,,,,
2026-07-05T08:00:51.044852+00:00,2026-07-05T08:00:51.044721,1,1,140.55,0.5,140.3,250,,,,,,,,,,,,,,,,,,,140.8,153,,,,,,,,,,,,,,,,,,
2026-07-05T08:00:51.826759+00:00,2026-07-05T08:00:51.826624,1,1,140.55,0.5,140.3,200,,,,,,,,,,,,,,,,,,,140.8,153,,,,,,,,,,,,,,,,,,
2026-07-05T08:00:52.311870+00:00,2026-07-05T08:00:52.312000,1,1,140.55,0.5,140.3,150,,,,,,,,,,,,,,,,,,,140.8,150,,,,,,,,,,,,,,,,,,
2026-07-05T08:00:52.365248+00:00,2026-07-05T08:00:52.365194,2,1,140.6,0.4,140.4,100,140.3,150,,,,,,,,,,,,,,,,,140.8,150,,,,,,,,,,,,,,,,,,
2026-07-05T08:00:52.418562+00:00,2026-07-05T08:00:52.418436,2,2,140.6,0.4,140.4,100,140.3,150,,,,,,,,,,,,,,,,,140.8,150,140.9,100,,,,,,,,,,,,,,,,
2026-07-05T08:00:53.674512+00:00,2026-07-05T08:00:53.674395,1,1,140.65,0.5,140.4,100,,,,,,,,,,,,,,,,,,,140.9,100,,,,,,,,,,,,,,,,,,
2026-07-05T08:00:53.728636+00:00,2026-07-05T08:00:53.728452,2,1,140.65,0.5,140.4,100,140.3,150,,,,,,,,,,,,,,,,,140.9,100,,,,,,,,,,,,,,,,,,
2026-07-05T08:00:53.765432+00:00,2026-07-05T08:00:53.758770,2,1,140.65,0.5,140.4,97,140.3,150,,,,,,,,,,,,,,,,,140.9,100,,,,,,,,,,,,,,,,,,
2026-07-05T08:00:53.781005+00:00,2026-07-05T08:00:53.780899,2,2,140.6,0.4,140.4,97,140.3,150,,,,,,,,,,,,,,,,,140.8,150,140.9,100,,,,,,,,,,,,,,,,
2026-07-05T08:00:53.882479+00:00,2026-07-05T08:00:53.882396,2,2,140.6,0.4,140.4,97,140.3,150,,,,,,,,,,,,,,,,,140.8,100,140.9,100,,,,,,,,,,,,,,,,
2026-07-05T08:00:55.311277+00:00,2026-07-05T08:00:55.311208,2,2,140.6,0.4,140.4,49,140.3,150,,,,,,,,,,,,,,,,,140.8,100,140.9,100,,,,,,,,,,,,,,,,
2026-07-05T08:00:55.473203+00:00,2026-07-05T08:00:55.473375,2,1,140.6,0.4,140.4,49,140.3,150,,,,,,,,,,,,,,,,,140.8,100,,,,,,,,,,,,,,,,,,
2026-07-05T08:00:55.483715+00:00,2026-07-05T08:00:55.483659,1,1,140.55,0.5,140.3,150,,,,,,,,,,,,,,,,,,,140.8,100,,,,,,,,,,,,,,,,,,
2026-07-05T08:00:55.532437+00:00,2026-07-05T08:00:55.532379,2,1,140.55,0.5,140.3,150,140.2,100,,,,,,,,,,,,,,,,,140.8,100,,,,,,,,,,,,,,,,,,
2026-07-05T08:00:55.583149+00:00,2026-07-05T08:00:55.583073,2,2,140.5,0.4,140.3,150,140.2,100,,,,,,,,,,,,,,,,,140.7,100,140.8,100,,,,,,,,,,,,,,,,
2026-07-05T08:00:55.989635+00:00,2026-07-05T08:00:55.989524,2,2,140.5,0.4,140.3,150,140.2,100,,,,,,,,,,,,,,,,,140.7,50,140.8,100,,,,,,,,,,,,,,,,
2026-07-05T08:00:56.526783+00:00,2026-07-05T08:00:56.526677,2,2,140.5,0.4,140.3,108,140.2,100,,,,,,,,,,,,,,,,,140.7,50,140.8,100,,,,,,,,,,,,,,,,
2026-07-05T08:00:56.834821+00:00,2026-07-05T08:00:56.834788,1,1,140.45,0.5,140.2,100,,,,,,,,,,,,,,,,,,,140.7,50,,,,,,,,,,,,,,,,,,
2026-07-05T08:00:56.889000+00:00,2026-07-05T08:00:56.888920,1,1,140.45,0.5,140.2,250,,,,,,,,,,,,,,,,,,,140.7,50,,,,,,,,,,,,,,,,,,
2026-07-05T08:00:56.942284+00:00,2026-07-05T08:00:56.942181,1,1,140.45,0.5,140.2,250,,,,,,,,,,,,,,,,,,,140.7,200,,,,,,,,,,,,,,,,,,
2026-07-05T08:00:57.656405+00:00,2026-07-05T08:00:57.656549,1,1,140.45,0.5,140.2,250,,,,,,,,,,,,,,,,,,,140.7,155,,,,,,,,,,,,,,,,,,
2026-07-05T08:00:58.097109+00:00,2026-07-05T08:00:58.096980,1,1,140.45,0.5,140.2,250,,,,,,,,,,,,,,,,,,,140.7,105,,,,,,,,,,,,,,,,,,
2026-07-05T08:00:58.640991+00:00,2026-07-05T08:00:58.640905,1,1,140.45,0.5,140.2,150,,,,,,,,,,,,,,,,,,,140.7,105,,,,,,,,,,,,,,,,,,
2026-07-05T08:00:58.691703+00:00,2026-07-05T08:00:58.691666,2,1,140.6,0.2,140.5,100,140.2,150,,,,,,,,,,,,,,,,,140.7,105,,,,,,,,,,,,,,,,,,
2026-07-05T08:00:58.742830+00:00,2026-07-05T08:00:58.742678,2,2,140.6,0.2,140.5,100,140.2,150,,,,,,,,,,,,,,,,,140.7,105,141.0,100,,,,,,,,,,,,,,,,
2026-07-05T08:00:58.764036+00:00,2026-07-05T08:00:58.763906,2,2,140.6,0.2,140.5,57,140.2,150,,,,,,,,,,,,,,,,,140.7,105,141.0,100,,,,,,,,,,,,,,,,
2026-07-05T08:00:59.997215+00:00,2026-07-05T08:00:59.997126,1,1,140.75,0.5,140.5,57,,,,,,,,,,,,,,,,,,,141.0,100,,,,,,,,,,,,,,,,,,
2026-07-05T08:01:00.055489+00:00,2026-07-05T08:01:00.055624,2,1,140.85,0.3,140.7,150,140.5,57,,,,,,,,,,,,,,,,,141.0,100,,,,,,,,,,,,,,,,,,
2026-07-05T08:01:00.105180+00:00,2026-07-05T08:01:00.105021,2,2,140.85,0.3,140.7,150,140.5,57,,,,,,,,,,,,,,,,,141.0,100,141.2,150,,,,,,,,,,,,,,,,
2026-07-05T08:01:00.258583+00:00,2026-07-05T08:01:00.258182,2,2,140.85,0.3,140.7,100,140.5,57,,,,,,,,,,,,,,,,,141.0,100,141.2,150,,,,,,,,,,,,,,,,
2026-07-05T08:01:01.799100+00:00,2026-07-05T08:01:01.799211,1,1,140.95,0.5,140.7,100,,,,,,,,,,,,,,,,,,,141.2,150,,,,,,,,,,,,,,,,,,
2026-07-05T08:01:01.858616+00:00,2026-07-05T08:01:01.853548,2,1,140.95,0.5,140.7,100,140.5,100,,,,,,,,,,,,,,,,,141.2,150,,,,,,,,,,,,,,,,,,
2026-07-05T08:01:01.908083+00:00,2026-07-05T08:01:01.908015,2,2,140.85,0.3,140.7,100,140.5,100,,,,,,,,,,,,,,,,,141.0,100,141.2,150,,,,,,,,,,,,,,,,
2026-07-05T08:01:03.158648+00:00,2026-07-05T08:01:03.156491,1,1,140.75,0.5,140.5,100,,,,,,,,,,,,,,,,,,,141.0,100,,,,,,,,,,,,,,,,,,
2026-07-05T08:01:03.217183+00:00,2026-07-05T08:01:03.217063,2,1,140.75,0.5,140.5,100,140.4,150,,,,,,,,,,,,,,,,,141.0,100,,,,,,,,,,,,,,,,,,
2026-07-05T08:01:03.270058+00:00,2026-07-05T08:01:03.269930,2,2,140.7,0.4,140.5,100,140.4,150,,,,,,,,,,,,,,,,,140.9,150,141.0,100,,,,,,,,,,,,,,,,
2026-07-05T08:01:04.476715+00:00,2026-07-05T08:01:04.476847,2,2,140.7,0.4,140.5,50,140.4,150,,,,,,,,,,,,,,,,,140.9,150,141.0,100,,,,,,,,,,,,,,,,
2026-07-05T08:01:04.958643+00:00,2026-07-05T08:01:04.957448,1,1,140.65,0.5,140.4,150,,,,,,,,,,,,,,,,,,,140.9,150,,,,,,,,,,,,,,,,,,
2026-07-05T08:01:05.016405+00:00,2026-07-05T08:01:05.016301,2,1,140.7,0.4,140.5,100,140.4,150,,,,,,,,,,,,,,,,,140.9,150,,,,,,,,,,,,,,,,,,
2026-07-05T08:01:05.070834+00:00,2026-07-05T08:01:05.070711,2,2,140.7,0.4,140.5,100,140.4,150,,,,,,,,,,,,,,,,,140.9,150,141.0,100,,,,,,,,,,,,,,,,
2026-07-05T08:01:06.324330+00:00,2026-07-05T08:01:06.324170,1,1,140.75,0.5,140.5,100,,,,,,,,,,,,,,,,,,,141.0,100,,,,,,,,,,,,,,,,,,
2026-07-05T08:01:06.380569+00:00,2026-07-05T08:01:06.380482,2,1,140.75,0.5,140.5,100,140.3,150,,,,,,,,,,,,,,,,,141.0,100,,,,,,,,,,,,,,,,,,
2026-07-05T08:01:06.434760+00:00,2026-07-05T08:01:06.434863,2,2,140.65,0.3,140.5,100,140.3,150,,,,,,,,,,,,,,,,,140.8,150,141.0,100,,,,,,,,,,,,,,,,
2026-07-05T08:01:06.583507+00:00,2026-07-05T08:01:06.583452,2,2,140.65,0.3,140.5,50,140.3,150,,,,,,,,,,,,,,,,,140.8,150,141.0,100,,,,,,,,,,,,,,,,
2026-07-05T08:01:08.124515+00:00,2026-07-05T08:01:08.124465,1,1,140.55,0.5,140.3,150,,,,,,,,,,,,,,,,,,,140.8,150,,,,,,,,,,,,,,,,,,
2026-07-05T08:01:08.178813+00:00,2026-07-05T08:01:08.178688,2,1,140.55,0.5,140.3,150,140.1,100,,,,,,,,,,,,,,,,,140.8,150,,,,,,,,,,,,,,,,,,
2026-07-05T08:01:08.232268+00:00,2026-07-05T08:01:08.232213,2,2,140.45,0.3,140.3,150,140.1,100,,,,,,,,,,,,,,,,,140.6,100,140.8,150,,,,,,,,,,,,,,,,
2026-07-05T08:01:08.689678+00:00,2026-07-05T08:01:08.689815,2,2,140.45,0.3,140.3,100,140.1,100,,,,,,,,,,,,,,,,,140.6,100,140.8,150,,,,,,,,,,,,,,,,
2026-07-05T08:01:09.488190+00:00,2026-07-05T08:01:09.488073,2,1,140.45,0.3,140.3,100,140.1,100,,,,,,,,,,,,,,,,,140.6,60,,,,,,,,,,,,,,,,,,
2026-07-05T08:01:09.493385+00:00,2026-07-05T08:01:09.493270,1,1,140.35,0.5,140.1,100,,,,,,,,,,,,,,,,,,,140.6,60,,,,,,,,,,,,,,,,,,
2026-07-05T08:01:09.547666+00:00,2026-07-05T08:01:09.547616,1,1,140.35,0.5,140.1,250,,,,,,,,,,,,,,,,,,,140.6,60,,,,,,,,,,,,,,,,,,
2026-07-05T08:01:09.603145+00:00,2026-07-05T08:01:09.603118,1,1,140.35,0.5,140.1,250,,,,,,,,,,,,,,,,,,,140.6,210,,,,,,,,,,,,,,,,,,
2026-07-05T08:01:10.626214+00:00,2026-07-05T08:01:10.626139,1,1,140.35,0.5,140.1,250,,,,,,,,,,,,,,,,,,,140.6,162,,,,,,,,,,,,,,,,,,
2026-07-05T08:01:10.804558+00:00,2026-07-05T08:01:10.804503,1,1,140.35,0.5,140.1,200,,,,,,,,,,,,,,,,,,,140.6,162,,,,,,,,,,,,,,,,,,
2026-07-05T08:01:11.286394+00:00,2026-07-05T08:01:11.286296,1,1,140.35,0.5,140.1,150,,,,,,,,,,,,,,,,,,,140.6,150,,,,,,,,,,,,,,,,,,
2026-07-05T08:01:11.340340+00:00,2026-07-05T08:01:11.340204,2,1,140.4,0.4,140.2,100,140.1,150,,,,,,,,,,,,,,,,,140.6,150,,,,,,,,,,,,,,,,,,
2026-07-05T08:01:11.393644+00:00,2026-07-05T08:01:11.393602,2,2,140.4,0.4,140.2,100,140.1,150,,,,,,,,,,,,,,,,,140.6,150,140.7,100,,,,,,,,,,,,,,,,
2026-07-05T08:01:12.258552+00:00,2026-07-05T08:01:12.256312,2,2,140.4,0.4,140.2,51,140.1,150,,,,,,,,,,,,,,,,,140.6,150,140.7,100,,,,,,,,,,,,,,,,
2026-07-05T08:01:12.658634+00:00,2026-07-05T08:01:12.653863,1,1,140.45,0.5,140.2,51,,,,,,,,,,,,,,,,,,,140.7,100,,,,,,,,,,,,,,,,,,
2026-07-05T08:01:12.714330+00:00,2026-07-05T08:01:12.714422,2,1,140.45,0.5,140.2,51,139.9,150,,,,,,,,,,,,,,,,,140.7,100,,,,,,,,,,,,,,,,,,
2026-07-05T08:01:12.764998+00:00,2026-07-05T08:01:12.764955,2,2,140.3,0.2,140.2,51,139.9,150,,,,,,,,,,,,,,,,,140.4,150,140.7,100,,,,,,,,,,,,,,,,
2026-07-05T08:01:12.947993+00:00,2026-07-05T08:01:12.947920,2,2,140.3,0.2,140.2,7,139.9,150,,,,,,,,,,,,,,,,,140.4,150,140.7,100,,,,,,,,,,,,,,,,
2026-07-05T08:01:12.989626+00:00,2026-07-05T08:01:12.989791,1,2,140.15,0.5,139.9,107,,,,,,,,,,,,,,,,,,,140.4,150,140.7,100,,,,,,,,,,,,,,,,
2026-07-05T08:01:14.458597+00:00,2026-07-05T08:01:14.444578,1,1,140.15,0.5,139.9,107,,,,,,,,,,,,,,,,,,,140.4,150,,,,,,,,,,,,,,,,,,
2026-07-05T08:01:14.505891+00:00,2026-07-05T08:01:14.505808,2,1,140.15,0.5,139.9,107,139.8,100,,,,,,,,,,,,,,,,,140.4,150,,,,,,,,,,,,,,,,,,
2026-07-05T08:01:14.554357+00:00,2026-07-05T08:01:14.554324,2,2,140.1,0.4,139.9,107,139.8,100,,,,,,,,,,,,,,,,,140.3,100,140.4,150,,,,,,,,,,,,,,,,
2026-07-05T08:01:15.103712+00:00,2026-07-05T08:01:15.103630,2,2,140.1,0.4,139.9,57,139.8,100,,,,,,,,,,,,,,,,,140.3,100,140.4,150,,,,,,,,,,,,,,,,
2026-07-05T08:01:15.558580+00:00,2026-07-05T08:01:15.557763,2,2,140.1,0.4,139.9,57,139.8,100,,,,,,,,,,,,,,,,,140.3,53,140.4,150,,,,,,,,,,,,,,,,
2026-07-05T08:01:15.821902+00:00,2026-07-05T08:01:15.821837,1,1,140.05,0.5,139.8,100,,,,,,,,,,,,,,,,,,,140.3,53,,,,,,,,,,,,,,,,,,
2026-07-05T08:01:15.906668+00:00,2026-07-05T08:01:15.906557,2,1,140.05,0.5,139.8,100,139.6,150,,,,,,,,,,,,,,,,,140.3,53,,,,,,,,,,,,,,,,,,
2026-07-05T08:01:15.956058+00:00,2026-07-05T08:01:15.956148,2,2,139.95,0.3,139.8,100,139.6,150,,,,,,,,,,,,,,,,,140.1,150,140.3,53,,,,,,,,,,,,,,,,
2026-07-05T08:01:15.971119+00:00,2026-07-05T08:01:15.963798,2,2,139.95,0.3,139.8,100,139.6,150,,,,,,,,,,,,,,,,,140.1,147,140.3,53,,,,,,,,,,,,,,,,
2026-07-05T08:01:17.615120+00:00,2026-07-05T08:01:17.615010,1,1,139.85,0.5,139.6,150,,,,,,,,,,,,,,,,,,,140.1,147,,,,,,,,,,,,,,,,,,
2026-07-05T08:01:17.669279+00:00,2026-07-05T08:01:17.669372,2,1,140.0,0.2,139.9,100,139.6,150,,,,,,,,,,,,,,,,,140.1,147,,,,,,,,,,,,,,,,,,
2026-07-05T08:01:17.721766+00:00,2026-07-05T08:01:17.721920,2,2,140.0,0.2,139.9,100,139.6,150,,,,,,,,,,,,,,,,,140.1,147,140.4,100,,,,,,,,,,,,,,,,
2026-07-05T08:01:17.951713+00:00,2026-07-05T08:01:17.945862,2,2,140.0,0.2,139.9,100,139.6,150,,,,,,,,,,,,,,,,,140.1,136,140.4,100,,,,,,,,,,,,,,,,
2026-07-05T08:01:19.014757+00:00,2026-07-05T08:01:19.014683,1,1,140.15,0.5,139.9,100,,,,,,,,,,,,,,,,,,,140.4,100,,,,,,,,,,,,,,,,,,
2026-07-05T08:01:19.069898+00:00,2026-07-05T08:01:19.069775,2,1,140.15,0.5,139.9,100,139.7,150,,,,,,,,,,,,,,,,,140.4,100,,,,,,,,,,,,,,,,,,
2026-07-05T08:01:19.123115+00:00,2026-07-05T08:01:19.123232,2,2,140.05,0.3,139.9,100,139.7,150,,,,,,,,,,,,,,,,,140.2,150,140.4,100,,,,,,,,,,,,,,,,
2026-07-05T08:01:19.321004+00:00,2026-07-05T08:01:19.320949,2,2,140.05,0.3,139.9,50,139.7,150,,,,,,,,,,,,,,,,,140.2,150,140.4,100,,,,,,,,,,,,,,,,
2026-07-05T08:01:20.726248+00:00,2026-07-05T08:01:20.718626,2,2,140.05,0.3,139.9,50,139.7,150,,,,,,,,,,,,,,,,,140.2,138,140.4,100,,,,,,,,,,,,,,,,
2026-07-05T08:01:20.776947+00:00,2026-07-05T08:01:20.777100,1,1,139.95,0.5,139.7,150,,,,,,,,,,,,,,,,,,,140.2,138,,,,,,,,,,,,,,,,,,
2026-07-05T08:01:20.835189+00:00,2026-07-05T08:01:20.835281,2,1,140.1,0.2,140.0,100,139.7,150,,,,,,,,,,,,,,,,,140.2,138,,,,,,,,,,,,,,,,,,
2026-07-05T08:01:20.888525+00:00,2026-07-05T08:01:20.888388,2,2,140.1,0.2,140.0,100,139.7,150,,,,,,,,,,,,,,,,,140.2,138,140.5,100,,,,,,,,,,,,,,,,
2026-07-05T08:01:21.429847+00:00,2026-07-05T08:01:21.429770,2,2,140.1,0.2,140.0,50,139.7,150,,,,,,,,,,,,,,,,,140.2,138,140.5,100,,,,,,,,,,,,,,,,
2026-07-05T08:01:22.176894+00:00,2026-07-05T08:01:22.177110,1,1,140.25,0.5,140.0,50,,,,,,,,,,,,,,,,,,,140.5,100,,,,,,,,,,,,,,,,,,
2026-07-05T08:01:22.233970+00:00,2026-07-05T08:01:22.233819,1,1,140.25,0.5,140.0,200,,,,,,,,,,,,,,,,,,,140.5,100,,,,,,,,,,,,,,,,,,
2026-07-05T08:01:22.286517+00:00,2026-07-05T08:01:22.286378,1,1,140.25,0.5,140.0,200,,,,,,,,,,,,,,,,,,,140.5,250,,,,,,,,,,,,,,,,,,
2026-07-05T08:01:23.942495+00:00,2026-07-05T08:01:23.942403,1,1,140.25,0.5,140.0,200,,,,,,,,,,,,,,,,,,,140.5,150,,,,,,,,,,,,,,,,,,
2026-07-05T08:01:23.947682+00:00,2026-07-05T08:01:23.947565,1,1,140.25,0.5,140.0,150,,,,,,,,,,,,,,,,,,,140.5,150,,,,,,,,,,,,,,,,,,
2026-07-05T08:01:24.003199+00:00,2026-07-05T08:01:24.003101,1,1,140.25,0.5,140.0,250,,,,,,,,,,,,,,,,,,,140.5,150,,,,,,,,,,,,,,,,,,
2026-07-05T08:01:24.063948+00:00,2026-07-05T08:01:24.063832,1,1,140.25,0.5,140.0,250,,,,,,,,,,,,,,,,,,,140.5,250,,,,,,,,,,,,,,,,,,
2026-07-05T08:01:24.538483+00:00,2026-07-05T08:01:24.532351,1,1,140.25,0.5,140.0,250,,,,,,,,,,,,,,,,,,,140.5,239,,,,,,,,,,,,,,,,,,
2026-07-05T08:01:25.344244+00:00,2026-07-05T08:01:25.344130,1,1,140.25,0.5,140.0,100,,,,,,,,,,,,,,,,,,,140.5,100,,,,,,,,,,,,,,,,,,
2026-07-05T08:01:25.394717+00:00,2026-07-05T08:01:25.394667,2,1,140.45,0.1,140.4,150,140.0,100,,,,,,,,,,,,,,,,,140.5,100,,,,,,,,,,,,,,,,,,
2026-07-05T08:01:25.464057+00:00,2026-07-05T08:01:25.463988,2,2,140.45,0.1,140.4,150,140.0,100,,,,,,,,,,,,,,,,,140.5,100,140.9,150,,,,,,,,,,,,,,,,
2026-07-05T08:01:25.591373+00:00,2026-07-05T08:01:25.591319,2,2,140.45,0.1,140.4,150,140.0,100,,,,,,,,,,,,,,,,,140.5,50,140.9,150,,,,,,,,,,,,,,,,
2026-07-05T08:01:26.479964+00:00,2026-07-05T08:01:26.480113,2,2,140.45,0.1,140.4,150,140.0,100,,,,,,,,,,,,,,,,,140.5,7,140.9,150,,,,,,,,,,,,,,,,
2026-07-05T08:01:27.111355+00:00,2026-07-05T08:01:27.111292,2,1,140.65,0.5,140.4,150,140.0,100,,,,,,,,,,,,,,,,,140.9,150,,,,,,,,,,,,,,,,,,
2026-07-05T08:01:27.116690+00:00,2026-07-05T08:01:27.116466,1,1,140.65,0.5,140.4,150,,,,,,,,,,,,,,,,,,,140.9,150,,,,,,,,,,,,,,,,,,
2026-07-05T08:01:27.165185+00:00,2026-07-05T08:01:27.165138,1,1,140.65,0.5,140.4,250,,,,,,,,,,,,,,,,,,,140.9,150,,,,,,,,,,,,,,,,,,
2026-07-05T08:01:27.220930+00:00,2026-07-05T08:01:27.220788,1,1,140.65,0.5,140.4,250,,,,,,,,,,,,,,,,,,,140.9,250,,,,,,,,,,,,,,,,,,
2026-07-05T08:01:27.699514+00:00,2026-07-05T08:01:27.699699,1,1,140.65,0.5,140.4,250,,,,,,,,,,,,,,,,,,,140.9,200,,,,,,,,,,,,,,,,,,
2026-07-05T08:01:28.480428+00:00,2026-07-05T08:01:28.474118,1,1,140.65,0.5,140.4,239,,,,,,,,,,,,,,,,,,,140.9,200,,,,,,,,,,,,,,,,,,
2026-07-05T08:01:28.510535+00:00,2026-07-05T08:01:28.510727,1,1,140.65,0.5,140.4,100,,,,,,,,,,,,,,,,,,,140.9,100,,,,,,,,,,,,,,,,,,
2026-07-05T08:01:28.564439+00:00,2026-07-05T08:01:28.564394,2,1,140.65,0.5,140.4,100,140.2,150,,,,,,,,,,,,,,,,,140.9,100,,,,,,,,,,,,,,,,,,
2026-07-05T08:01:28.622075+00:00,2026-07-05T08:01:28.621944,2,2,140.55,0.3,140.4,100,140.2,150,,,,,,,,,,,,,,,,,140.7,150,140.9,100,,,,,,,,,,,,,,,,
2026-07-05T08:01:28.886480+00:00,2026-07-05T08:01:28.878419,2,2,140.55,0.3,140.4,88,140.2,150,,,,,,,,,,,,,,,,,140.7,150,140.9,100,,,,,,,,,,,,,,,,
2026-07-05T08:01:29.832664+00:00,2026-07-05T08:01:29.832569,2,2,140.55,0.3,140.4,88,140.2,150,,,,,,,,,,,,,,,,,140.7,100,140.9,100,,,,,,,,,,,,,,,,
2026-07-05T08:01:30.276770+00:00,2026-07-05T08:01:30.276890,1,1,140.45,0.5,140.2,150,,,,,,,,,,,,,,,,,,,140.7,100,,,,,,,,,,,,,,,,,,
2026-07-05T08:01:30.327257+00:00,2026-07-05T08:01:30.327108,1,1,140.45,0.5,140.2,250,,,,,,,,,,,,,,,,,,,140.7,100,,,,,,,,,,,,,,,,,,
2026-07-05T08:01:30.380704+00:00,2026-07-05T08:01:30.380588,1,1,140.45,0.5,140.2,250,,,,,,,,,,,,,,,,,,,140.7,200,,,,,,,,,,,,,,,,,,
2026-07-05T08:01:31.673379+00:00,2026-07-05T08:01:31.673541,1,1,140.45,0.5,140.2,100,,,,,,,,,,,,,,,,,,,140.7,100,,,,,,,,,,,,,,,,,,
2026-07-05T08:01:31.727652+00:00,2026-07-05T08:01:31.727742,2,1,140.5,0.4,140.3,150,140.2,100,,,,,,,,,,,,,,,,,140.7,100,,,,,,,,,,,,,,,,,,
2026-07-05T08:01:31.782104+00:00,2026-07-05T08:01:31.781990,2,2,140.5,0.4,140.3,150,140.2,100,,,,,,,,,,,,,,,,,140.7,100,140.8,150,,,,,,,,,,,,,,,,
2026-07-05T08:01:31.937173+00:00,2026-07-05T08:01:31.937305,2,2,140.5,0.4,140.3,150,140.2,100,,,,,,,,,,,,,,,,,140.7,50,140.8,150,,,,,,,,,,,,,,,,
2026-07-05T08:01:33.464152+00:00,2026-07-05T08:01:33.464008,1,1,140.55,0.5,140.3,150,,,,,,,,,,,,,,,,,,,140.8,150,,,,,,,,,,,,,,,,,,
2026-07-05T08:01:33.518816+00:00,2026-07-05T08:01:33.518754,2,1,140.55,0.5,140.3,150,140.2,100,,,,,,,,,,,,,,,,,140.8,150,,,,,,,,,,,,,,,,,,
2026-07-05T08:01:33.571865+00:00,2026-07-05T08:01:33.571744,2,2,140.5,0.4,140.3,150,140.2,100,,,,,,,,,,,,,,,,,140.7,100,140.8,150,,,,,,,,,,,,,,,,
2026-07-05T08:01:33.769186+00:00,2026-07-05T08:01:33.762880,2,2,140.5,0.4,140.3,139,140.2,100,,,,,,,,,,,,,,,,,140.7,100,140.8,150,,,,,,,,,,,,,,,,
2026-07-05T08:01:34.069234+00:00,2026-07-05T08:01:34.069171,2,2,140.5,0.4,140.3,139,140.2,100,,,,,,,,,,,,,,,,,140.7,50,140.8,150,,,,,,,,,,,,,,,,
2026-07-05T08:01:34.758619+00:00,2026-07-05T08:01:34.757916,2,2,140.5,0.4,140.3,96,140.2,100,,,,,,,,,,,,,,,,,140.7,50,140.8,150,,,,,,,,,,,,,,,,
2026-07-05T08:01:34.833500+00:00,2026-07-05T08:01:34.833386,1,1,140.45,0.5,140.2,100,,,,,,,,,,,,,,,,,,,140.7,50,,,,,,,,,,,,,,,,,,
2026-07-05T08:01:34.890329+00:00,2026-07-05T08:01:34.890187,2,1,140.45,0.5,140.2,100,139.9,150,,,,,,,,,,,,,,,,,140.7,50,,,,,,,,,,,,,,,,,,
2026-07-05T08:01:34.946195+00:00,2026-07-05T08:01:34.946116,2,2,140.3,0.2,140.2,100,139.9,150,,,,,,,,,,,,,,,,,140.4,150,140.7,50,,,,,,,,,,,,,,,,
2026-07-05T08:01:35.347990+00:00,2026-07-05T08:01:35.347891,2,2,140.3,0.2,140.2,53,139.9,150,,,,,,,,,,,,,,,,,140.4,150,140.7,50,,,,,,,,,,,,,,,,
2026-07-05T08:01:36.177132+00:00,2026-07-05T08:01:36.177096,2,2,140.3,0.2,140.2,53,139.9,150,,,,,,,,,,,,,,,,,140.4,100,140.7,50,,,,,,,,,,,,,,,,
2026-07-05T08:01:36.629781+00:00,2026-07-05T08:01:36.629651,1,1,140.15,0.5,139.9,150,,,,,,,,,,,,,,,,,,,140.4,100,,,,,,,,,,,,,,,,,,
2026-07-05T08:01:36.685327+00:00,2026-07-05T08:01:36.685207,2,1,140.35,0.1,140.3,100,139.9,150,,,,,,,,,,,,,,,,,140.4,100,,,,,,,,,,,,,,,,,,
2026-07-05T08:01:36.738613+00:00,2026-07-05T08:01:36.738476,2,2,140.35,0.1,140.3,100,139.9,150,,,,,,,,,,,,,,,,,140.4,100,140.8,100,,,,,,,,,,,,,,,,
2026-07-05T08:01:37.999395+00:00,2026-07-05T08:01:37.999359,1,1,140.55,0.5,140.3,100,,,,,,,,,,,,,,,,,,,140.8,100,,,,,,,,,,,,,,,,,,
2026-07-05T08:01:38.058800+00:00,2026-07-05T08:01:38.058735,1,1,140.55,0.5,140.3,250,,,,,,,,,,,,,,,,,,,140.8,100,,,,,,,,,,,,,,,,,,
2026-07-05T08:01:38.105204+00:00,2026-07-05T08:01:38.105169,1,1,140.55,0.5,140.3,250,,,,,,,,,,,,,,,,,,,140.8,250,,,,,,,,,,,,,,,,,,
2026-07-05T08:01:38.295755+00:00,2026-07-05T08:01:38.295632,1,1,140.55,0.5,140.3,250,,,,,,,,,,,,,,,,,,,140.8,200,,,,,,,,,,,,,,,,,,
2026-07-05T08:01:39.792733+00:00,2026-07-05T08:01:39.792670,1,1,140.55,0.5,140.3,150,,,,,,,,,,,,,,,,,,,140.8,150,,,,,,,,,,,,,,,,,,
2026-07-05T08:01:39.848185+00:00,2026-07-05T08:01:39.848116,2,1,140.65,0.3,140.5,100,140.3,150,,,,,,,,,,,,,,,,,140.8,150,,,,,,,,,,,,,,,,,,
2026-07-05T08:01:39.901035+00:00,2026-07-05T08:01:39.900958,2,2,140.65,0.3,140.5,100,140.3,150,,,,,,,,,,,,,,,,,140.8,150,141.0,100,,,,,,,,,,,,,,,,
2026-07-05T08:01:40.720519+00:00,2026-07-05T08:01:40.720676,2,2,140.65,0.3,140.5,100,140.3,150,,,,,,,,,,,,,,,,,140.8,103,141.0,100,,,,,,,,,,,,,,,,
2026-07-05T08:01:41.158588+00:00,2026-07-05T08:01:41.157737,1,1,140.75,0.5,140.5,100,,,,,,,,,,,,,,,,,,,141.0,100,,,,,,,,,,,,,,,,,,
2026-07-05T08:01:41.214682+00:00,2026-07-05T08:01:41.214580,2,1,140.8,0.4,140.6,150,140.5,100,,,,,,,,,,,,,,,,,141.0,100,,,,,,,,,,,,,,,,,,
2026-07-05T08:01:41.269648+00:00,2026-07-05T08:01:41.269571,2,2,140.8,0.4,140.6,150,140.5,100,,,,,,,,,,,,,,,,,141.0,100,141.1,150,,,,,,,,,,,,,,,,
2026-07-05T08:01:42.291857+00:00,2026-07-05T08:01:42.291731,2,2,140.8,0.4,140.6,150,140.5,100,,,,,,,,,,,,,,,,,141.0,59,141.1,150,,,,,,,,,,,,,,,,
2026-07-05T08:01:42.583600+00:00,2026-07-05T08:01:42.583552,2,2,140.8,0.4,140.6,100,140.5,100,,,,,,,,,,,,,,,,,141.0,59,141.1,150,,,,,,,,,,,,,,,,
2026-07-05T08:01:42.950580+00:00,2026-07-05T08:01:42.950483,2,1,140.85,0.5,140.6,100,140.5,100,,,,,,,,,,,,,,,,,141.1,150,,,,,,,,,,,,,,,,,,
2026-07-05T08:01:42.955829+00:00,2026-07-05T08:01:42.955653,1,1,140.85,0.5,140.6,100,,,,,,,,,,,,,,,,,,,141.1,150,,,,,,,,,,,,,,,,,,
2026-07-05T08:01:43.008845+00:00,2026-07-05T08:01:43.008785,2,1,141.0,0.2,140.9,100,140.6,100,,,,,,,,,,,,,,,,,141.1,150,,,,,,,,,,,,,,,,,,
2026-07-05T08:01:43.058588+00:00,2026-07-05T08:01:43.055223,2,2,141.0,0.2,140.9,100,140.6,100,,,,,,,,,,,,,,,,,141.1,150,141.4,100,,,,,,,,,,,,,,,,
2026-07-05T08:01:43.404334+00:00,2026-07-05T08:01:43.397498,2,2,141.0,0.2,140.9,97,140.6,100,,,,,,,,,,,,,,,,,141.1,150,141.4,100,,,,,,,,,,,,,,,,
2026-07-05T08:01:44.330872+00:00,2026-07-05T08:01:44.330983,1,1,141.15,0.5,140.9,97,,,,,,,,,,,,,,,,,,,141.4,100,,,,,,,,,,,,,,,,,,
2026-07-05T08:01:44.384730+00:00,2026-07-05T08:01:44.384628,2,1,141.15,0.5,140.9,97,140.5,150,,,,,,,,,,,,,,,,,141.4,100,,,,,,,,,,,,,,,,,,
2026-07-05T08:01:44.435307+00:00,2026-07-05T08:01:44.435237,2,2,140.95,0.1,140.9,97,140.5,150,,,,,,,,,,,,,,,,,141.0,150,141.4,100,,,,,,,,,,,,,,,,
2026-07-05T08:01:44.688307+00:00,2026-07-05T08:01:44.688555,2,2,140.95,0.1,140.9,47,140.5,150,,,,,,,,,,,,,,,,,141.0,150,141.4,100,,,,,,,,,,,,,,,,
2026-07-05T08:01:44.841947+00:00,2026-07-05T08:01:44.841771,2,2,140.95,0.1,140.9,2,140.5,150,,,,,,,,,,,,,,,,,141.0,150,141.4,100,,,,,,,,,,,,,,,,
2026-07-05T08:01:45.400354+00:00,2026-07-05T08:01:45.400233,1,2,140.75,0.5,140.5,150,,,,,,,,,,,,,,,,,,,141.0,150,141.4,100,,,,,,,,,,,,,,,,
2026-07-05T08:01:46.119826+00:00,2026-07-05T08:01:46.119637,1,1,140.75,0.5,140.5,150,,,,,,,,,,,,,,,,,,,141.0,150,,,,,,,,,,,,,,,,,,
2026-07-05T08:01:46.174195+00:00,2026-07-05T08:01:46.174076,1,1,140.75,0.5,140.5,250,,,,,,,,,,,,,,,,,,,141.0,150,,,,,,,,,,,,,,,,,,
2026-07-05T08:01:46.227367+00:00,2026-07-05T08:01:46.227303,1,1,140.75,0.5,140.5,250,,,,,,,,,,,,,,,,,,,141.0,250,,,,,,,,,,,,,,,,,,
2026-07-05T08:01:46.831297+00:00,2026-07-05T08:01:46.831228,1,1,140.75,0.5,140.5,200,,,,,,,,,,,,,,,,,,,141.0,250,,,,,,,,,,,,,,,,,,
2026-07-05T08:01:46.854103+00:00,2026-07-05T08:01:46.854212,1,1,140.75,0.5,140.5,200,,,,,,,,,,,,,,,,,,,141.0,210,,,,,,,,,,,,,,,,,,
2026-07-05T08:01:47.492004+00:00,2026-07-05T08:01:47.491965,1,1,140.75,0.5,140.5,100,,,,,,,,,,,,,,,,,,,141.0,100,,,,,,,,,,,,,,,,,,
2026-07-05T08:01:47.543859+00:00,2026-07-05T08:01:47.543823,1,1,140.75,0.5,140.5,250,,,,,,,,,,,,,,,,,,,141.0,100,,,,,,,,,,,,,,,,,,
2026-07-05T08:01:47.599484+00:00,2026-07-05T08:01:47.599388,1,1,140.75,0.5,140.5,250,,,,,,,,,,,,,,,,,,,141.0,250,,,,,,,,,,,,,,,,,,
2026-07-05T08:01:48.938823+00:00,2026-07-05T08:01:48.938930,1,1,140.75,0.5,140.5,200,,,,,,,,,,,,,,,,,,,141.0,250,,,,,,,,,,,,,,,,,,
2026-07-05T08:01:49.281612+00:00,2026-07-05T08:01:49.281527,1,1,140.75,0.5,140.5,150,,,,,,,,,,,,,,,,,,,141.0,150,,,,,,,,,,,,,,,,,,
2026-07-05T08:01:49.338478+00:00,2026-07-05T08:01:49.338569,2,1,140.75,0.5,140.5,150,140.3,100,,,,,,,,,,,,,,,,,141.0,150,,,,,,,,,,,,,,,,,,
2026-07-05T08:01:49.392098+00:00,2026-07-05T08:01:49.392193,2,2,140.65,0.3,140.5,150,140.3,100,,,,,,,,,,,,,,,,,140.8,100,141.0,150,,,,,,,,,,,,,,,,
2026-07-05T08:01:50.658659+00:00,2026-07-05T08:01:50.651097,1,1,140.55,0.5,140.3,100,,,,,,,,,,,,,,,,,,,140.8,100,,,,,,,,,,,,,,,,,,
2026-07-05T08:01:50.711243+00:00,2026-07-05T08:01:50.711179,2,1,140.65,0.3,140.5,150,140.3,100,,,,,,,,,,,,,,,,,140.8,100,,,,,,,,,,,,,,,,,,
2026-07-05T08:01:50.766276+00:00,2026-07-05T08:01:50.766222,2,2,140.65,0.3,140.5,150,140.3,100,,,,,,,,,,,,,,,,,140.8,100,141.0,150,,,,,,,,,,,,,,,,
2026-07-05T08:01:51.050822+00:00,2026-07-05T08:01:51.050735,2,2,140.65,0.3,140.5,100,140.3,100,,,,,,,,,,,,,,,,,140.8,100,141.0,150,,,,,,,,,,,,,,,,
2026-07-05T08:01:52.445431+00:00,2026-07-05T08:01:52.445532,1,1,140.75,0.5,140.5,100,,,,,,,,,,,,,,,,,,,141.0,150,,,,,,,,,,,,,,,,,,
2026-07-05T08:01:52.495365+00:00,2026-07-05T08:01:52.495273,2,1,140.75,0.5,140.5,100,140.3,100,,,,,,,,,,,,,,,,,141.0,150,,,,,,,,,,,,,,,,,,
2026-07-05T08:01:52.552336+00:00,2026-07-05T08:01:52.552423,2,2,140.65,0.3,140.5,100,140.3,100,,,,,,,,,,,,,,,,,140.8,100,141.0,150,,,,,,,,,,,,,,,,
2026-07-05T08:01:53.163941+00:00,2026-07-05T08:01:53.163833,2,2,140.65,0.3,140.5,50,140.3,100,,,,,,,,,,,,,,,,,140.8,100,141.0,150,,,,,,,,,,,,,,,,
2026-07-05T08:01:53.820218+00:00,2026-07-05T08:01:53.820117,1,1,140.55,0.5,140.3,100,,,,,,,,,,,,,,,,,,,140.8,100,,,,,,,,,,,,,,,,,,
2026-07-05T08:01:53.871135+00:00,2026-07-05T08:01:53.871087,2,1,140.55,0.5,140.3,100,140.2,150,,,,,,,,,,,,,,,,,140.8,100,,,,,,,,,,,,,,,,,,
2026-07-05T08:01:53.939736+00:00,2026-07-05T08:01:53.932942,2,2,140.5,0.4,140.3,100,140.2,150,,,,,,,,,,,,,,,,,140.7,147,140.8,100,,,,,,,,,,,,,,,,
2026-07-05T08:01:55.288558+00:00,2026-07-05T08:01:55.288433,2,2,140.5,0.4,140.3,50,140.2,150,,,,,,,,,,,,,,,,,140.7,147,140.8,100,,,,,,,,,,,,,,,,
2026-07-05T08:01:55.604734+00:00,2026-07-05T08:01:55.604617,1,1,140.45,0.5,140.2,150,,,,,,,,,,,,,,,,,,,140.7,147,,,,,,,,,,,,,,,,,,
2026-07-05T08:01:55.658592+00:00,2026-07-05T08:01:55.656517,2,1,140.45,0.5,140.2,150,140.1,100,,,,,,,,,,,,,,,,,140.7,147,,,,,,,,,,,,,,,,,,
2026-07-05T08:01:55.714891+00:00,2026-07-05T08:01:55.714816,2,2,140.4,0.4,140.2,150,140.1,100,,,,,,,,,,,,,,,,,140.6,100,140.7,147,,,,,,,,,,,,,,,,
2026-07-05T08:01:56.698985+00:00,2026-07-05T08:01:56.698915,2,2,140.4,0.4,140.2,150,140.1,100,,,,,,,,,,,,,,,,,140.6,58,140.7,147,,,,,,,,,,,,,,,,
2026-07-05T08:01:56.743763+00:00,2026-07-05T08:01:56.737753,2,2,140.4,0.4,140.2,150,140.1,100,,,,,,,,,,,,,,,,,140.6,47,140.7,147,,,,,,,,,,,,,,,,
2026-07-05T08:01:56.982843+00:00,2026-07-05T08:01:56.982747,1,1,140.35,0.5,140.1,100,,,,,,,,,,,,,,,,,,,140.6,47,,,,,,,,,,,,,,,,,,
2026-07-05T08:01:57.058559+00:00,2026-07-05T08:01:57.049570,2,1,140.4,0.4,140.2,150,140.1,100,,,,,,,,,,,,,,,,,140.6,47,,,,,,,,,,,,,,,,,,
2026-07-05T08:01:57.097833+00:00,2026-07-05T08:01:57.097716,2,2,140.4,0.4,140.2,150,140.1,100,,,,,,,,,,,,,,,,,140.6,47,140.7,150,,,,,,,,,,,,,,,,
2026-07-05T08:01:57.401086+00:00,2026-07-05T08:01:57.400981,2,2,140.4,0.4,140.2,100,140.1,100,,,,,,,,,,,,,,,,,140.6,47,140.7,150,,,,,,,,,,,,,,,,
2026-07-05T08:01:57.621274+00:00,2026-07-05T08:01:57.621168,2,1,140.45,0.5,140.2,100,140.1,100,,,,,,,,,,,,,,,,,140.7,148,,,,,,,,,,,,,,,,,,
2026-07-05T08:01:58.769093+00:00,2026-07-05T08:01:58.768980,1,1,140.45,0.5,140.2,100,,,,,,,,,,,,,,,,,,,140.7,148,,,,,,,,,,,,,,,,,,
2026-07-05T08:01:58.820224+00:00,2026-07-05T08:01:58.820133,2,1,140.55,0.3,140.4,100,140.2,100,,,,,,,,,,,,,,,,,140.7,148,,,,,,,,,,,,,,,,,,
2026-07-05T08:01:58.896278+00:00,2026-07-05T08:01:58.896256,2,2,140.55,0.3,140.4,100,140.2,100,,,,,,,,,,,,,,,,,140.7,148,140.9,100,,,,,,,,,,,,,,,,
2026-07-05T08:01:59.516041+00:00,2026-07-05T08:01:59.515928,2,2,140.55,0.3,140.4,50,140.2,100,,,,,,,,,,,,,,,,,140.7,148,140.9,100,,,,,,,,,,,,,,,,
2026-07-05T08:02:00.158634+00:00,2026-07-05T08:02:00.153531,1,1,140.65,0.5,140.4,50,,,,,,,,,,,,,,,,,,,140.9,100,,,,,,,,,,,,,,,,,,
2026-07-05T08:02:00.213945+00:00,2026-07-05T08:02:00.214042,2,1,140.65,0.5,140.4,50,139.8,150,,,,,,,,,,,,,,,,,140.9,100,,,,,,,,,,,,,,,,,,
2026-07-05T08:02:00.266539+00:00,2026-07-05T08:02:00.266668,1,2,140.05,0.5,139.8,150,,,,,,,,,,,,,,,,,,,140.3,100,140.9,100,,,,,,,,,,,,,,,,
2026-07-05T08:02:00.277789+00:00,2026-07-05T08:02:00.271373,1,2,140.05,0.5,139.8,150,,,,,,,,,,,,,,,,,,,140.3,88,140.9,100,,,,,,,,,,,,,,,,
2026-07-05T08:02:01.625592+00:00,2026-07-05T08:02:01.625435,1,2,140.05,0.5,139.8,100,,,,,,,,,,,,,,,,,,,140.3,88,140.9,100,,,,,,,,,,,,,,,,
2026-07-05T08:02:01.836962+00:00,2026-07-05T08:02:01.836862,1,2,140.05,0.5,139.8,57,,,,,,,,,,,,,,,,,,,140.3,88,140.9,100,,,,,,,,,,,,,,,,
2026-07-05T08:02:01.958629+00:00,2026-07-05T08:02:01.952778,1,1,140.05,0.5,139.8,57,,,,,,,,,,,,,,,,,,,140.3,88,,,,,,,,,,,,,,,,,,
2026-07-05T08:02:02.010505+00:00,2026-07-05T08:02:02.010434,2,1,140.15,0.3,140.0,100,139.8,57,,,,,,,,,,,,,,,,,140.3,88,,,,,,,,,,,,,,,,,,
2026-07-05T08:02:02.065041+00:00,2026-07-05T08:02:02.064953,2,2,140.15,0.3,140.0,100,139.8,57,,,,,,,,,,,,,,,,,140.3,88,140.5,100,,,,,,,,,,,,,,,,
2026-07-05T08:02:02.387033+00:00,2026-07-05T08:02:02.386928,2,2,140.15,0.3,140.0,100,139.8,57,,,,,,,,,,,,,,,,,140.3,48,140.5,100,,,,,,,,,,,,,,,,
2026-07-05T08:02:03.325400+00:00,2026-07-05T08:02:03.325523,1,1,140.25,0.5,140.0,100,,,,,,,,,,,,,,,,,,,140.5,100,,,,,,,,,,,,,,,,,,
2026-07-05T08:02:03.377081+00:00,2026-07-05T08:02:03.377191,2,1,140.25,0.5,140.0,100,139.9,150,,,,,,,,,,,,,,,,,140.5,100,,,,,,,,,,,,,,,,,,
2026-07-05T08:02:03.428953+00:00,2026-07-05T08:02:03.428908,2,2,140.2,0.4,140.0,100,139.9,150,,,,,,,,,,,,,,,,,140.4,150,140.5,100,,,,,,,,,,,,,,,,
2026-07-05T08:02:03.740717+00:00,2026-07-05T08:02:03.740616,2,2,140.2,0.4,140.0,50,139.9,150,,,,,,,,,,,,,,,,,140.4,150,140.5,100,,,,,,,,,,,,,,,,
2026-07-05T08:02:05.119921+00:00,2026-07-05T08:02:05.120039,1,1,140.15,0.5,139.9,150,,,,,,,,,,,,,,,,,,,140.4,150,,,,,,,,,,,,,,,,,,
2026-07-05T08:02:05.174786+00:00,2026-07-05T08:02:05.174680,1,1,140.15,0.5,139.9,250,,,,,,,,,,,,,,,,,,,140.4,150,,,,,,,,,,,,,,,,,,
2026-07-05T08:02:05.229456+00:00,2026-07-05T08:02:05.229275,1,1,140.15,0.5,139.9,250,,,,,,,,,,,,,,,,,,,140.4,250,,,,,,,,,,,,,,,,,,
2026-07-05T08:02:05.852654+00:00,2026-07-05T08:02:05.852621,1,1,140.15,0.5,139.9,200,,,,,,,,,,,,,,,,,,,140.4,250,,,,,,,,,,,,,,,,,,
2026-07-05T08:02:06.481198+00:00,2026-07-05T08:02:06.481070,1,1,140.15,0.5,139.9,200,,,,,,,,,,,,,,,,,,,140.4,100,,,,,,,,,,,,,,,,,,
2026-07-05T08:02:06.486152+00:00,2026-07-05T08:02:06.486238,1,1,140.15,0.5,139.9,100,,,,,,,,,,,,,,,,,,,140.4,100,,,,,,,,,,,,,,,,,,
2026-07-05T08:02:06.540461+00:00,2026-07-05T08:02:06.540382,2,1,140.15,0.5,139.9,100,139.7,150,,,,,,,,,,,,,,,,,140.4,100,,,,,,,,,,,,,,,,,,
2026-07-05T08:02:06.607486+00:00,2026-07-05T08:02:06.601536,2,2,140.05,0.3,139.9,100,139.7,150,,,,,,,,,,,,,,,,,140.2,139,140.4,100,,,,,,,,,,,,,,,,
2026-07-05T08:02:06.674380+00:00,2026-07-05T08:02:06.668456,2,2,140.05,0.3,139.9,100,139.7,150,,,,,,,,,,,,,,,,,140.2,127,140.4,100,,,,,,,,,,,,,,,,
2026-07-05T08:02:07.958691+00:00,2026-07-05T08:02:07.953812,2,2,140.05,0.3,139.9,50,139.7,150,,,,,,,,,,,,,,,,,140.2,127,140.4,100,,,,,,,,,,,,,,,,
2026-07-05T08:02:08.281419+00:00,2026-07-05T08:02:08.281609,2,1,140.05,0.3,139.9,50,139.7,150,,,,,,,,,,,,,,,,,140.2,127,,,,,,,,,,,,,,,,,,
2026-07-05T08:02:08.286852+00:00,2026-07-05T08:02:08.286790,1,1,139.95,0.5,139.7,150,,,,,,,,,,,,,,,,,,,140.2,127,,,,,,,,,,,,,,,,,,
2026-07-05T08:02:08.343773+00:00,2026-07-05T08:02:08.343611,2,1,140.0,0.4,139.8,100,139.7,150,,,,,,,,,,,,,,,,,140.2,127,,,,,,,,,,,,,,,,,,
2026-07-05T08:02:08.395493+00:00,2026-07-05T08:02:08.395591,2,2,140.0,0.4,139.8,100,139.7,150,,,,,,,,,,,,,,,,,140.2,127,140.3,100,,,,,,,,,,,,,,,,
2026-07-05T08:02:09.654938+00:00,2026-07-05T08:02:09.654837,1,1,140.05,0.5,139.8,100,,,,,,,,,,,,,,,,,,,140.3,100,,,,,,,,,,,,,,,,,,
2026-07-05T08:02:09.705570+00:00,2026-07-05T08:02:09.705437,1,1,140.05,0.5,139.8,250,,,,,,,,,,,,,,,,,,,140.3,100,,,,,,,,,,,,,,,,,,
2026-07-05T08:02:09.795859+00:00,2026-07-05T08:02:09.795778,1,1,140.05,0.5,139.8,250,,,,,,,,,,,,,,,,,,,140.3,250,,,,,,,,,,,,,,,,,,
2026-07-05T08:02:10.058620+00:00,2026-07-05T08:02:10.057766,1,1,140.05,0.5,139.8,200,,,,,,,,,,,,,,,,,,,140.3,250,,,,,,,,,,,,,,,,,,
2026-07-05T08:02:11.448504+00:00,2026-07-05T08:02:11.458657,1,1,140.05,0.5,139.8,150,,,,,,,,,,,,,,,,,,,140.3,150,,,,,,,,,,,,,,,,,,
2026-07-05T08:02:11.558574+00:00,2026-07-05T08:02:11.498440,2,1,140.05,0.5,139.8,150,139.7,100,,,,,,,,,,,,,,,,,140.3,150,,,,,,,,,,,,,,,,,,
2026-07-05T08:02:11.569160+00:00,2026-07-05T08:02:11.568915,2,2,140.0,0.4,139.8,150,139.7,100,,,,,,,,,,,,,,,,,140.2,100,140.3,150,,,,,,,,,,,,,,,,
2026-07-05T08:02:11.669760+00:00,2026-07-05T08:02:11.669122,2,2,140.0,0.4,139.8,108,139.7,100,,,,,,,,,,,,,,,,,140.2,100,140.3,150,,,,,,,,,,,,,,,,
2026-07-05T08:02:12.121904+00:00,2026-07-05T08:02:12.122098,2,2,140.0,0.4,139.8,108,139.7,100,,,,,,,,,,,,,,,,,140.2,50,140.3,150,,,,,,,,,,,,,,,,
2026-07-05T08:02:12.850398+00:00,2026-07-05T08:02:12.850340,1,1,139.95,0.5,139.7,100,,,,,,,,,,,,,,,,,,,140.2,50,,,,,,,,,,,,,,,,,,
2026-07-05T08:02:12.905537+00:00,2026-07-05T08:02:12.905469,2,1,139.95,0.5,139.7,100,139.5,150,,,,,,,,,,,,,,,,,140.2,50,,,,,,,,,,,,,,,,,,
2026-07-05T08:02:12.969860+00:00,2026-07-05T08:02:12.963277,2,2,139.85,0.3,139.7,100,139.5,150,,,,,,,,,,,,,,,,,140.0,139,140.2,50,,,,,,,,,,,,,,,,
2026-07-05T08:02:13.047228+00:00,2026-07-05T08:02:13.047169,2,2,139.85,0.3,139.7,53,139.5,150,,,,,,,,,,,,,,,,,140.0,139,140.2,50,,,,,,,,,,,,,,,,
2026-07-05T08:02:14.258572+00:00,2026-07-05T08:02:14.252644,2,2,139.85,0.3,139.7,53,139.5,150,,,,,,,,,,,,,,,,,140.0,89,140.2,50,,,,,,,,,,,,,,,,
2026-07-05T08:02:14.613024+00:00,2026-07-05T08:02:14.613253,1,1,139.75,0.5,139.5,150,,,,,,,,,,,,,,,,,,,140.0,89,,,,,,,,,,,,,,,,,,
2026-07-05T08:02:14.670808+00:00,2026-07-05T08:02:14.670705,2,1,139.8,0.4,139.6,100,139.5,150,,,,,,,,,,,,,,,,,140.0,89,,,,,,,,,,,,,,,,,,
2026-07-05T08:02:14.725182+00:00,2026-07-05T08:02:14.725053,2,2,139.8,0.4,139.6,100,139.5,150,,,,,,,,,,,,,,,,,140.0,89,140.1,100,,,,,,,,,,,,,,,,
2026-07-05T08:02:16.019103+00:00,2026-07-05T08:02:16.019198,1,1,139.85,0.5,139.6,100,,,,,,,,,,,,,,,,,,,140.1,100,,,,,,,,,,,,,,,,,,
2026-07-05T08:02:16.073279+00:00,2026-07-05T08:02:16.073390,2,1,139.95,0.3,139.8,150,139.6,100,,,,,,,,,,,,,,,,,140.1,100,,,,,,,,,,,,,,,,,,
2026-07-05T08:02:16.129816+00:00,2026-07-05T08:02:16.129712,2,2,139.95,0.3,139.8,150,139.6,100,,,,,,,,,,,,,,,,,140.1,100,140.3,150,,,,,,,,,,,,,,,,
2026-07-05T08:02:16.980815+00:00,2026-07-05T08:02:16.980975,2,2,139.95,0.3,139.8,150,139.6,100,,,,,,,,,,,,,,,,,140.1,54,140.3,150,,,,,,,,,,,,,,,,
2026-07-05T08:02:17.776644+00:00,2026-07-05T08:02:17.776606,1,1,140.05,0.5,139.8,150,,,,,,,,,,,,,,,,,,,140.3,150,,,,,,,,,,,,,,,,,,
2026-07-05T08:02:17.834321+00:00,2026-07-05T08:02:17.834415,2,1,140.05,0.5,139.8,150,139.6,100,,,,,,,,,,,,,,,,,140.3,150,,,,,,,,,,,,,,,,,,
2026-07-05T08:02:17.882845+00:00,2026-07-05T08:02:17.882733,2,2,139.95,0.3,139.8,150,139.6,100,,,,,,,,,,,,,,,,,140.1,100,140.3,150,,,,,,,,,,,,,,,,
2026-07-05T08:02:18.526538+00:00,2026-07-05T08:02:18.516842,2,2,139.95,0.3,139.8,100,139.6,100,,,,,,,,,,,,,,,,,140.1,100,140.3,150,,,,,,,,,,,,,,,,
2026-07-05T08:02:18.648782+00:00,2026-07-05T08:02:18.648663,2,2,139.95,0.3,139.8,100,139.6,100,,,,,,,,,,,,,,,,,140.1,55,140.3,150,,,,,,,,,,,,,,,,
2026-07-05T08:02:18.704861+00:00,2026-07-05T08:02:18.704767,2,2,139.95,0.3,139.8,53,139.6,100,,,,,,,,,,,,,,,,,140.1,55,140.3,150,,,,,,,,,,,,,,,,
2026-07-05T08:02:19.188547+00:00,2026-07-05T08:02:19.188465,1,1,139.85,0.5,139.6,100,,,,,,,,,,,,,,,,,,,140.1,55,,,,,,,,,,,,,,,,,,
2026-07-05T08:02:19.240529+00:00,2026-07-05T08:02:19.240444,2,1,139.85,0.5,139.6,100,139.2,150,,,,,,,,,,,,,,,,,140.1,55,,,,,,,,,,,,,,,,,,
2026-07-05T08:02:19.307105+00:00,2026-07-05T08:02:19.300905,2,2,139.65,0.1,139.6,100,139.2,150,,,,,,,,,,,,,,,,,139.7,139,140.1,55,,,,,,,,,,,,,,,,
2026-07-05T08:02:20.584104+00:00,2026-07-05T08:02:20.584036,2,2,139.65,0.1,139.6,100,139.2,150,,,,,,,,,,,,,,,,,139.7,89,140.1,55,,,,,,,,,,,,,,,,
2026-07-05T08:02:20.941033+00:00,2026-07-05T08:02:20.940943,1,1,139.45,0.5,139.2,150,,,,,,,,,,,,,,,,,,,139.7,89,,,,,,,,,,,,,,,,,,
2026-07-05T08:02:20.996212+00:00,2026-07-05T08:02:20.996100,2,0,,,139.8,11,139.2,150,,,,,,,,,,,,,,,,,,,,,,,,,,,,,,,,,,,,
2026-07-05T08:02:21.050589+00:00,2026-07-05T08:02:21.050471,2,1,140.05,0.5,139.8,11,139.2,150,,,,,,,,,,,,,,,,,140.3,100,,,,,,,,,,,,,,,,,,
2026-07-05T08:02:21.328797+00:00,2026-07-05T08:02:21.328646,1,1,139.75,1.1,139.2,150,,,,,,,,,,,,,,,,,,,140.3,100,,,,,,,,,,,,,,,,,,
2026-07-05T08:02:22.358569+00:00,2026-07-05T08:02:22.354172,0,1,,,,,,,,,,,,,,,,,,,,,,,140.3,100,,,,,,,,,,,,,,,,,,
2026-07-05T08:02:22.404840+00:00,2026-07-05T08:02:22.404754,1,1,140.0,0.6,139.7,150,,,,,,,,,,,,,,,,,,,140.3,100,,,,,,,,,,,,,,,,,,
2026-07-05T08:02:22.458618+00:00,2026-07-05T08:02:22.458147,1,2,139.95,0.5,139.7,150,,,,,,,,,,,,,,,,,,,140.2,150,140.3,100,,,,,,,,,,,,,,,,
2026-07-05T08:02:22.694178+00:00,2026-07-05T08:02:22.694127,1,2,139.95,0.5,139.7,150,,,,,,,,,,,,,,,,,,,140.2,100,140.3,100,,,,,,,,,,,,,,,,
2026-07-05T08:02:22.952173+00:00,2026-07-05T08:02:22.952061,1,2,139.95,0.5,139.7,150,,,,,,,,,,,,,,,,,,,140.2,55,140.3,100,,,,,,,,,,,,,,,,
2026-07-05T08:02:24.090479+00:00,2026-07-05T08:02:24.090415,1,2,139.95,0.5,139.7,108,,,,,,,,,,,,,,,,,,,140.2,55,140.3,100,,,,,,,,,,,,,,,,
2026-07-05T08:02:24.103932+00:00,2026-07-05T08:02:24.103849,1,1,139.95,0.5,139.7,108,,,,,,,,,,,,,,,,,,,140.2,55,,,,,,,,,,,,,,,,,,
2026-07-05T08:02:24.158579+00:00,2026-07-05T08:02:24.151941,2,1,139.95,0.5,139.7,108,139.3,100,,,,,,,,,,,,,,,,,140.2,55,,,,,,,,,,,,,,,,,,
2026-07-05T08:02:24.210692+00:00,2026-07-05T08:02:24.210586,2,2,139.75,0.1,139.7,108,139.3,100,,,,,,,,,,,,,,,,,139.8,100,140.2,55,,,,,,,,,,,,,,,,
2026-07-05T08:02:24.590528+00:00,2026-07-05T08:02:24.590757,2,2,139.75,0.1,139.7,108,139.3,100,,,,,,,,,,,,,,,,,139.8,52,140.2,55,,,,,,,,,,,,,,,,
2026-07-05T08:02:24.800459+00:00,2026-07-05T08:02:24.800321,2,2,139.75,0.1,139.7,108,139.3,100,,,,,,,,,,,,,,,,,139.8,2,140.2,55,,,,,,,,,,,,,,,,
2026-07-05T08:02:25.520993+00:00,2026-07-05T08:02:25.521105,1,1,139.55,0.5,139.3,100,,,,,,,,,,,,,,,,,,,139.8,2,,,,,,,,,,,,,,,,,,
2026-07-05T08:02:25.580348+00:00,2026-07-05T08:02:25.580214,2,0,,,140.0,148,139.3,100,,,,,,,,,,,,,,,,,,,,,,,,,,,,,,,,,,,,
2026-07-05T08:02:25.633500+00:00,2026-07-05T08:02:25.633617,2,1,140.25,0.5,140.0,148,139.3,100,,,,,,,,,,,,,,,,,140.5,150,,,,,,,,,,,,,,,,,,
2026-07-05T08:02:25.645453+00:00,2026-07-05T08:02:25.639245,2,1,140.25,0.5,140.0,137,139.3,100,,,,,,,,,,,,,,,,,140.5,150,,,,,,,,,,,,,,,,,,
2026-07-05T08:02:26.631010+00:00,2026-07-05T08:02:26.630889,2,1,140.25,0.5,140.0,88,139.3,100,,,,,,,,,,,,,,,,,140.5,150,,,,,,,,,,,,,,,,,,
2026-07-05T08:02:26.916199+00:00,2026-07-05T08:02:26.916292,2,1,140.25,0.5,140.0,88,139.3,100,,,,,,,,,,,,,,,,,140.5,100,,,,,,,,,,,,,,,,,,
2026-07-05T08:02:27.212502+00:00,2026-07-05T08:02:27.212585,2,1,140.25,0.5,140.0,41,139.3,100,,,,,,,,,,,,,,,,,140.5,100,,,,,,,,,,,,,,,,,,
2026-07-05T08:02:27.258639+00:00,2026-07-05T08:02:27.256178,1,1,140.25,0.5,140.0,41,,,,,,,,,,,,,,,,,,,140.5,100,,,,,,,,,,,,,,,,,,
2026-07-05T08:02:27.329163+00:00,2026-07-05T08:02:27.329030,2,1,140.25,0.5,140.0,41,139.8,100,,,,,,,,,,,,,,,,,140.5,100,,,,,,,,,,,,,,,,,,
2026-07-05T08:02:27.380368+00:00,2026-07-05T08:02:27.380244,2,2,140.15,0.3,140.0,41,139.8,100,,,,,,,,,,,,,,,,,140.3,100,140.5,100,,,,,,,,,,,,,,,,
2026-07-05T08:02:28.691677+00:00,2026-07-05T08:02:28.691592,1,1,140.05,0.5,139.8,100,,,,,,,,,,,,,,,,,,,140.3,100,,,,,,,,,,,,,,,,,,
2026-07-05T08:02:28.747401+00:00,2026-07-05T08:02:28.747493,2,1,140.1,0.4,139.9,150,139.8,100,,,,,,,,,,,,,,,,,140.3,100,,,,,,,,,,,,,,,,,,
2026-07-05T08:02:28.799776+00:00,2026-07-05T08:02:28.799870,2,2,140.1,0.4,139.9,150,139.8,100,,,,,,,,,,,,,,,,,140.3,100,140.4,150,,,,,,,,,,,,,,,,
2026-07-05T08:02:29.019349+00:00,2026-07-05T08:02:29.019484,2,2,140.1,0.4,139.9,150,139.8,100,,,,,,,,,,,,,,,,,140.3,50,140.4,150,,,,,,,,,,,,,,,,
2026-07-05T08:02:30.434724+00:00,2026-07-05T08:02:30.434613,1,1,140.15,0.5,139.9,150,,,,,,,,,,,,,,,,,,,140.4,150,,,,,,,,,,,,,,,,,,
2026-07-05T08:02:30.490653+00:00,2026-07-05T08:02:30.490594,2,1,140.15,0.5,139.9,150,139.8,100,,,,,,,,,,,,,,,,,140.4,150,,,,,,,,,,,,,,,,,,
2026-07-05T08:02:30.544012+00:00,2026-07-05T08:02:30.543887,2,2,140.1,0.4,139.9,150,139.8,100,,,,,,,,,,,,,,,,,140.3,100,140.4,150,,,,,,,,,,,,,,,,
2026-07-05T08:02:31.126110+00:00,2026-07-05T08:02:31.126248,2,2,140.1,0.4,139.9,150,139.8,100,,,,,,,,,,,,,,,,,140.3,50,140.4,150,,,,,,,,,,,,,,,,
2026-07-05T08:02:31.858594+00:00,2026-07-05T08:02:31.853324,1,1,140.05,0.5,139.8,100,,,,,,,,,,,,,,,,,,,140.3,50,,,,,,,,,,,,,,,,,,
2026-07-05T08:02:31.904234+00:00,2026-07-05T08:02:31.904203,2,1,140.1,0.4,139.9,150,139.8,100,,,,,,,,,,,,,,,,,140.3,50,,,,,,,,,,,,,,,,,,
2026-07-05T08:02:31.937319+00:00,2026-07-05T08:02:31.937161,2,1,140.1,0.4,139.9,150,139.8,100,,,,,,,,,,,,,,,,,140.3,4,,,,,,,,,,,,,,,,,,
2026-07-05T08:02:31.964265+00:00,2026-07-05T08:02:31.964394,2,2,140.1,0.4,139.9,150,139.8,100,,,,,,,,,,,,,,,,,140.3,4,140.4,150,,,,,,,,,,,,,,,,
2026-07-05T08:02:33.236847+00:00,2026-07-05T08:02:33.236777,2,1,140.15,0.5,139.9,150,139.8,100,,,,,,,,,,,,,,,,,140.4,104,,,,,,,,,,,,,,,,,,
2026-07-05T08:02:33.594834+00:00,2026-07-05T08:02:33.594771,1,1,140.15,0.5,139.9,150,,,,,,,,,,,,,,,,,,,140.4,104,,,,,,,,,,,,,,,,,,
2026-07-05T08:02:33.651121+00:00,2026-07-05T08:02:33.650980,1,1,140.15,0.5,139.9,150,,,,,,,,,,,,,,,,,,,140.4,4,,,,,,,,,,,,,,,,,,
2026-07-05T08:02:33.707294+00:00,2026-07-05T08:02:33.707216,1,2,140.15,0.5,139.9,150,,,,,,,,,,,,,,,,,,,140.4,4,140.9,100,,,,,,,,,,,,,,,,
2026-07-05T08:02:33.964257+00:00,2026-07-05T08:02:33.964119,1,1,140.4,1.0,139.9,150,,,,,,,,,,,,,,,,,,,140.9,100,,,,,,,,,,,,,,,,,,
2026-07-05T08:02:34.458583+00:00,2026-07-05T08:02:34.452444,1,1,140.4,1.0,139.9,105,,,,,,,,,,,,,,,,,,,140.9,100,,,,,,,,,,,,,,,,,,
2026-07-05T08:02:35.019585+00:00,2026-07-05T08:02:35.019530,0,1,,,,,,,,,,,,,,,,,,,,,,,140.9,100,,,,,,,,,,,,,,,,,,
2026-07-05T08:02:35.070769+00:00,2026-07-05T08:02:35.070716,0,1,,,,,,,,,,,,,,,,,,,,,,,140.9,58,,,,,,,,,,,,,,,,,,
2026-07-05T08:02:35.088376+00:00,2026-07-05T08:02:35.081350,1,1,140.65,0.5,140.4,127,,,,,,,,,,,,,,,,,,,140.9,58,,,,,,,,,,,,,,,,,,
2026-07-05T08:02:35.126487+00:00,2026-07-05T08:02:35.126606,1,1,140.65,0.5,140.4,84,,,,,,,,,,,,,,,,,,,140.9,58,,,,,,,,,,,,,,,,,,
2026-07-05T08:02:35.131710+00:00,2026-07-05T08:02:35.131806,1,1,140.65,0.5,140.4,84,,,,,,,,,,,,,,,,,,,140.9,208,,,,,,,,,,,,,,,,,,
2026-07-05T08:02:35.399078+00:00,2026-07-05T08:02:35.399014,1,1,140.65,0.5,140.4,34,,,,,,,,,,,,,,,,,,,140.9,208,,,,,,,,,,,,,,,,,,
2026-07-05T08:02:36.758662+00:00,2026-07-05T08:02:36.757054,1,1,140.65,0.5,140.4,34,,,,,,,,,,,,,,,,,,,140.9,150,,,,,,,,,,,,,,,,,,
2026-07-05T08:02:36.816162+00:00,2026-07-05T08:02:36.815977,2,1,140.65,0.5,140.4,34,140.2,100,,,,,,,,,,,,,,,,,140.9,150,,,,,,,,,,,,,,,,,,
2026-07-05T08:02:36.870121+00:00,2026-07-05T08:02:36.869950,2,2,140.55,0.3,140.4,34,140.2,100,,,,,,,,,,,,,,,,,140.7,100,140.9,150,,,,,,,,,,,,,,,,
2026-07-05T08:02:37.183044+00:00,2026-07-05T08:02:37.183005,2,2,140.55,0.3,140.4,34,140.2,100,,,,,,,,,,,,,,,,,140.7,55,140.9,150,,,,,,,,,,,,,,,,
2026-07-05T08:02:38.187276+00:00,2026-07-05T08:02:38.187225,1,1,140.45,0.5,140.2,100,,,,,,,,,,,,,,,,,,,140.7,55,,,,,,,,,,,,,,,,,,
2026-07-05T08:02:38.250169+00:00,2026-07-05T08:02:38.250089,2,1,140.45,0.5,140.2,100,139.9,150,,,,,,,,,,,,,,,,,140.7,55,,,,,,,,,,,,,,,,,,
2026-07-05T08:02:38.307275+00:00,2026-07-05T08:02:38.307487,2,2,140.3,0.2,140.2,100,139.9,150,,,,,,,,,,,,,,,,,140.4,150,140.7,55,,,,,,,,,,,,,,,,
2026-07-05T08:02:38.832423+00:00,2026-07-05T08:02:38.832334,2,2,140.3,0.2,140.2,100,139.9,150,,,,,,,,,,,,,,,,,140.4,105,140.7,55,,,,,,,,,,,,,,,,
2026-07-05T08:02:39.611252+00:00,2026-07-05T08:02:39.605353,2,2,140.3,0.2,140.2,39,139.9,150,,,,,,,,,,,,,,,,,140.4,105,140.7,55,,,,,,,,,,,,,,,,
2026-07-05T08:02:39.924468+00:00,2026-07-05T08:02:39.924399,1,1,140.15,0.5,139.9,150,,,,,,,,,,,,,,,,,,,140.4,105,,,,,,,,,,,,,,,,,,
2026-07-05T08:02:39.979286+00:00,2026-07-05T08:02:39.979230,1,1,140.15,0.5,139.9,250,,,,,,,,,,,,,,,,,,,140.4,105,,,,,,,,,,,,,,,,,,
2026-07-05T08:02:40.033828+00:00,2026-07-05T08:02:40.033743,1,1,140.15,0.5,139.9,250,,,,,,,,,,,,,,,,,,,140.4,205,,,,,,,,,,,,,,,,,,
2026-07-05T08:02:40.317367+00:00,2026-07-05T08:02:40.317225,1,1,140.15,0.5,139.9,210,,,,,,,,,,,,,,,,,,,140.4,205,,,,,,,,,,,,,,,,,,
2026-07-05T08:02:41.358535+00:00,2026-07-05T08:02:41.358117,1,1,140.15,0.5,139.9,100,,,,,,,,,,,,,,,,,,,140.4,100,,,,,,,,,,,,,,,,,,
2026-07-05T08:02:41.422024+00:00,2026-07-05T08:02:41.421977,2,1,140.15,0.5,139.9,100,139.8,150,,,,,,,,,,,,,,,,,140.4,100,,,,,,,,,,,,,,,,,,
2026-07-05T08:02:41.476379+00:00,2026-07-05T08:02:41.476333,2,2,140.1,0.4,139.9,100,139.8,150,,,,,,,,,,,,,,,,,140.3,150,140.4,100,,,,,,,,,,,,,,,,
2026-07-05T08:02:41.717482+00:00,2026-07-05T08:02:41.717628,2,2,140.1,0.4,139.9,50,139.8,150,,,,,,,,,,,,,,,,,140.3,150,140.4,100,,,,,,,,,,,,,,,,
2026-07-05T08:02:43.096521+00:00,2026-07-05T08:02:43.096432,2,1,140.1,0.4,139.9,50,139.8,150,,,,,,,,,,,,,,,,,140.3,150,,,,,,,,,,,,,,,,,,
2026-07-05T08:02:43.101715+00:00,2026-07-05T08:02:43.101620,1,1,140.05,0.5,139.8,150,,,,,,,,,,,,,,,,,,,140.3,150,,,,,,,,,,,,,,,,,,
2026-07-05T08:02:43.158656+00:00,2026-07-05T08:02:43.156263,2,1,140.1,0.4,139.9,100,139.8,150,,,,,,,,,,,,,,,,,140.3,150,,,,,,,,,,,,,,,,,,
2026-07-05T08:02:43.216516+00:00,2026-07-05T08:02:43.216588,2,2,140.1,0.4,139.9,100,139.8,150,,,,,,,,,,,,,,,,,140.3,150,140.4,100,,,,,,,,,,,,,,,,
2026-07-05T08:02:44.524877+00:00,2026-07-05T08:02:44.524816,2,1,140.15,0.5,139.9,100,139.8,150,,,,,,,,,,,,,,,,,140.4,100,,,,,,,,,,,,,,,,,,
2026-07-05T08:02:44.530105+00:00,2026-07-05T08:02:44.529977,1,1,140.15,0.5,139.9,100,,,,,,,,,,,,,,,,,,,140.4,100,,,,,,,,,,,,,,,,,,
2026-07-05T08:02:44.583238+00:00,2026-07-05T08:02:44.583192,1,1,140.15,0.5,139.9,250,,,,,,,,,,,,,,,,,,,140.4,100,,,,,,,,,,,,,,,,,,
2026-07-05T08:02:44.636913+00:00,2026-07-05T08:02:44.636835,1,1,140.15,0.5,139.9,250,,,,,,,,,,,,,,,,,,,140.4,250,,,,,,,,,,,,,,,,,,
2026-07-05T08:02:45.875679+00:00,2026-07-05T08:02:45.875802,1,1,140.15,0.5,139.9,250,,,,,,,,,,,,,,,,,,,140.4,200,,,,,,,,,,,,,,,,,,
2026-07-05T08:02:46.284669+00:00,2026-07-05T08:02:46.284562,1,1,140.15,0.5,139.9,150,,,,,,,,,,,,,,,,,,,140.4,150,,,,,,,,,,,,,,,,,,
2026-07-05T08:02:46.344213+00:00,2026-07-05T08:02:46.344020,1,1,140.15,0.5,139.9,250,,,,,,,,,,,,,,,,,,,140.4,150,,,,,,,,,,,,,,,,,,
2026-07-05T08:02:46.395428+00:00,2026-07-05T08:02:46.395331,1,1,140.15,0.5,139.9,250,,,,,,,,,,,,,,,,,,,140.4,250,,,,,,,,,,,,,,,,,,
2026-07-05T08:02:47.691099+00:00,2026-07-05T08:02:47.691224,1,1,140.15,0.5,139.9,100,,,,,,,,,,,,,,,,,,,140.4,100,,,,,,,,,,,,,,,,,,
2026-07-05T08:02:47.746120+00:00,2026-07-05T08:02:47.746206,2,1,140.15,0.5,139.9,100,139.8,150,,,,,,,,,,,,,,,,,140.4,100,,,,,,,,,,,,,,,,,,
2026-07-05T08:02:47.797788+00:00,2026-07-05T08:02:47.797713,2,2,140.1,0.4,139.9,100,139.8,150,,,,,,,,,,,,,,,,,140.3,150,140.4,100,,,,,,,,,,,,,,,,
2026-07-05T08:02:47.980469+00:00,2026-07-05T08:02:47.980354,2,2,140.1,0.4,139.9,100,139.8,150,,,,,,,,,,,,,,,,,140.3,100,140.4,100,,,,,,,,,,,,,,,,
2026-07-05T08:02:49.302925+00:00,2026-07-05T08:02:49.302856,2,2,140.1,0.4,139.9,58,139.8,150,,,,,,,,,,,,,,,,,140.3,100,140.4,100,,,,,,,,,,,,,,,,
2026-07-05T08:02:49.458637+00:00,2026-07-05T08:02:49.453206,1,1,140.05,0.5,139.8,150,,,,,,,,,,,,,,,,,,,140.3,100,,,,,,,,,,,,,,,,,,
2026-07-05T08:02:49.507691+00:00,2026-07-05T08:02:49.507603,1,1,140.05,0.5,139.8,250,,,,,,,,,,,,,,,,,,,140.3,100,,,,,,,,,,,,,,,,,,
2026-07-05T08:02:49.558657+00:00,2026-07-05T08:02:49.555510,1,1,140.05,0.5,139.8,250,,,,,,,,,,,,,,,,,,,140.3,200,,,,,,,,,,,,,,,,,,
2026-07-05T08:02:49.918722+00:00,2026-07-05T08:02:49.918873,1,1,140.05,0.5,139.8,250,,,,,,,,,,,,,,,,,,,140.3,159,,,,,,,,,,,,,,,,,,
2026-07-05T08:02:50.088600+00:00,2026-07-05T08:02:50.088450,1,1,140.05,0.5,139.8,250,,,,,,,,,,,,,,,,,,,140.3,109,,,,,,,,,,,,,,,,,,
2026-07-05T08:02:50.853390+00:00,2026-07-05T08:02:50.853302,1,1,140.05,0.5,139.8,100,,,,,,,,,,,,,,,,,,,140.3,100,,,,,,,,,,,,,,,,,,
2026-07-05T08:02:50.909355+00:00,2026-07-05T08:02:50.909267,2,0,,,140.3,50,139.8,100,,,,,,,,,,,,,,,,,,,,,,,,,,,,,,,,,,,,
2026-07-05T08:02:50.968730+00:00,2026-07-05T08:02:50.962683,2,1,140.55,0.5,140.3,38,139.8,100,,,,,,,,,,,,,,,,,140.8,150,,,,,,,,,,,,,,,,,,
2026-07-05T08:02:51.029753+00:00,2026-07-05T08:02:51.029709,1,1,140.3,1.0,139.8,91,,,,,,,,,,,,,,,,,,,140.8,150,,,,,,,,,,,,,,,,,,
2026-07-05T08:02:52.195081+00:00,2026-07-05T08:02:52.194974,1,1,140.3,1.0,139.8,91,,,,,,,,,,,,,,,,,,,140.8,100,,,,,,,,,,,,,,,,,,
2026-07-05T08:02:52.611891+00:00,2026-07-05T08:02:52.611776,0,1,,,,,,,,,,,,,,,,,,,,,,,140.8,100,,,,,,,,,,,,,,,,,,
2026-07-05T08:02:52.667218+00:00,2026-07-05T08:02:52.667186,1,1,140.45,0.7,140.1,100,,,,,,,,,,,,,,,,,,,140.8,100,,,,,,,,,,,,,,,,,,
2026-07-05T08:02:52.721829+00:00,2026-07-05T08:02:52.721912,1,2,140.35,0.5,140.1,100,,,,,,,,,,,,,,,,,,,140.6,100,140.8,100,,,,,,,,,,,,,,,,
2026-07-05T08:02:53.248734+00:00,2026-07-05T08:02:53.248614,1,2,140.35,0.5,140.1,100,,,,,,,,,,,,,,,,,,,140.6,54,140.8,100,,,,,,,,,,,,,,,,
2026-07-05T08:02:53.819108+00:00,2026-07-05T08:02:53.819078,1,2,140.35,0.5,140.1,60,,,,,,,,,,,,,,,,,,,140.6,54,140.8,100,,,,,,,,,,,,,,,,
2026-07-05T08:02:54.020098+00:00,2026-07-05T08:02:54.019954,1,1,140.35,0.5,140.1,60,,,,,,,,,,,,,,,,,,,140.6,54,,,,,,,,,,,,,,,,,,
2026-07-05T08:02:54.073372+00:00,2026-07-05T08:02:54.073469,1,1,140.35,0.5,140.1,210,,,,,,,,,,,,,,,,,,,140.6,54,,,,,,,,,,,,,,,,,,
2026-07-05T08:02:54.125444+00:00,2026-07-05T08:02:54.125402,1,1,140.35,0.5,140.1,210,,,,,,,,,,,,,,,,,,,140.6,204,,,,,,,,,,,,,,,,,,
2026-07-05T08:02:54.308474+00:00,2026-07-05T08:02:54.308336,1,1,140.35,0.5,140.1,210,,,,,,,,,,,,,,,,,,,140.6,154,,,,,,,,,,,,,,,,,,
2026-07-05T08:02:54.385460+00:00,2026-07-05T08:02:54.385434,1,1,140.35,0.5,140.1,210,,,,,,,,,,,,,,,,,,,140.6,113,,,,,,,,,,,,,,,,,,
2026-07-05T08:02:55.790256+00:00,2026-07-05T08:02:55.790193,1,1,140.35,0.5,140.1,150,,,,,,,,,,,,,,,,,,,140.6,113,,,,,,,,,,,,,,,,,,
2026-07-05T08:02:55.844014+00:00,2026-07-05T08:02:55.843929,2,1,140.55,0.1,140.5,100,140.1,150,,,,,,,,,,,,,,,,,140.6,113,,,,,,,,,,,,,,,,,,
2026-07-05T08:02:55.897165+00:00,2026-07-05T08:02:55.897079,2,2,140.55,0.1,140.5,100,140.1,150,,,,,,,,,,,,,,,,,140.6,113,141.0,100,,,,,,,,,,,,,,,,
2026-07-05T08:02:56.458595+00:00,2026-07-05T08:02:56.454402,2,2,140.55,0.1,140.5,50,140.1,150,,,,,,,,,,,,,,,,,140.6,113,141.0,100,,,,,,,,,,,,,,,,
2026-07-05T08:02:57.183065+00:00,2026-07-05T08:02:57.183006,1,1,140.75,0.5,140.5,50,,,,,,,,,,,,,,,,,,,141.0,100,,,,,,,,,,,,,,,,,,
2026-07-05T08:02:57.237260+00:00,2026-07-05T08:02:57.237171,2,1,140.75,0.5,140.5,50,140.4,150,,,,,,,,,,,,,,,,,141.0,100,,,,,,,,,,,,,,,,,,
2026-07-05T08:02:57.288980+00:00,2026-07-05T08:02:57.288870,2,2,140.7,0.4,140.5,50,140.4,150,,,,,,,,,,,,,,,,,140.9,150,141.0,100,,,,,,,,,,,,,,,,
2026-07-05T08:02:58.575123+00:00,2026-07-05T08:02:58.575278,1,2,140.65,0.5,140.4,150,,,,,,,,,,,,,,,,,,,140.9,150,141.0,100,,,,,,,,,,,,,,,,
2026-07-05T08:02:58.958627+00:00,2026-07-05T08:02:58.953741,1,1,140.65,0.5,140.4,150,,,,,,,,,,,,,,,,,,,140.9,150,,,,,,,,,,,,,,,,,,
2026-07-05T08:02:59.009910+00:00,2026-07-05T08:02:59.009878,2,1,140.65,0.5,140.4,150,140.2,100,,,,,,,,,,,,,,,,,140.9,150,,,,,,,,,,,,,,,,,,
2026-07-05T08:02:59.058588+00:00,2026-07-05T08:02:59.056347,2,2,140.55,0.3,140.4,150,140.2,100,,,,,,,,,,,,,,,,,140.7,100,140.9,150,,,,,,,,,,,,,,,,
2026-07-05T08:03:00.345331+00:00,2026-07-05T08:03:00.345299,1,1,140.45,0.5,140.2,100,,,,,,,,,,,,,,,,,,,140.7,100,,,,,,,,,,,,,,,,,,
2026-07-05T08:03:00.399693+00:00,2026-07-05T08:03:00.399591,2,1,140.55,0.3,140.4,150,140.2,100,,,,,,,,,,,,,,,,,140.7,100,,,,,,,,,,,,,,,,,,
2026-07-05T08:03:00.458698+00:00,2026-07-05T08:03:00.442267,2,2,140.55,0.3,140.4,150,140.2,100,,,,,,,,,,,,,,,,,140.7,100,140.9,150,,,,,,,,,,,,,,,,
2026-07-05T08:03:00.644024+00:00,2026-07-05T08:03:00.643945,2,2,140.55,0.3,140.4,150,140.2,100,,,,,,,,,,,,,,,,,140.7,50,140.9,150,,,,,,,,,,,,,,,,
2026-07-05T08:03:00.658662+00:00,2026-07-05T08:03:00.657500,2,2,140.55,0.3,140.4,108,140.2,100,,,,,,,,,,,,,,,,,140.7,50,140.9,150,,,,,,,,,,,,,,,,
2026-07-05T08:03:02.116258+00:00,2026-07-05T08:03:02.116230,1,1,140.65,0.5,140.4,108,,,,,,,,,,,,,,,,,,,140.9,150,,,,,,,,,,,,,,,,,,
2026-07-05T08:03:02.169849+00:00,2026-07-05T08:03:02.169768,2,1,140.65,0.5,140.4,108,140.2,100,,,,,,,,,,,,,,,,,140.9,150,,,,,,,,,,,,,,,,,,
2026-07-05T08:03:02.224656+00:00,2026-07-05T08:03:02.224526,2,2,140.55,0.3,140.4,108,140.2,100,,,,,,,,,,,,,,,,,140.7,100,140.9,150,,,,,,,,,,,,,,,,
2026-07-05T08:03:02.746678+00:00,2026-07-05T08:03:02.746589,2,2,140.55,0.3,140.4,108,140.2,100,,,,,,,,,,,,,,,,,140.7,50,140.9,150,,,,,,,,,,,,,,,,
2026-07-05T08:03:03.085251+00:00,2026-07-05T08:03:03.085351,2,2,140.55,0.3,140.4,108,140.2,100,,,,,,,,,,,,,,,,,140.7,9,140.9,150,,,,,,,,,,,,,,,,
2026-07-05T08:03:03.503828+00:00,2026-07-05T08:03:03.503945,1,1,140.45,0.5,140.2,100,,,,,,,,,,,,,,,,,,,140.7,9,,,,,,,,,,,,,,,,,,
2026-07-05T08:03:03.558634+00:00,2026-07-05T08:03:03.558171,2,1,140.45,0.5,140.2,100,139.9,150,,,,,,,,,,,,,,,,,140.7,9,,,,,,,,,,,,,,,,,,
2026-07-05T08:03:03.611810+00:00,2026-07-05T08:03:03.611745,2,2,140.3,0.2,140.2,100,139.9,150,,,,,,,,,,,,,,,,,140.4,150,140.7,9,,,,,,,,,,,,,,,,
2026-07-05T08:03:04.905188+00:00,2026-07-05T08:03:04.905003,2,2,140.3,0.2,140.2,100,139.9,150,,,,,,,,,,,,,,,,,140.4,100,140.7,9,,,,,,,,,,,,,,,,
2026-07-05T08:03:05.278044+00:00,2026-07-05T08:03:05.277995,1,1,140.15,0.5,139.9,150,,,,,,,,,,,,,,,,,,,140.4,100,,,,,,,,,,,,,,,,,,
2026-07-05T08:03:05.332802+00:00,2026-07-05T08:03:05.332770,1,0,,,139.9,150,,,,,,,,,,,,,,,,,,,,,,,,,,,,,,,,,,,,,,
2026-07-05T08:03:05.388887+00:00,2026-07-05T08:03:05.388807,1,1,140.5,1.2,139.9,150,,,,,,,,,,,,,,,,,,,141.1,100,,,,,,,,,,,,,,,,,,
2026-07-05T08:03:06.696308+00:00,2026-07-05T08:03:06.696283,0,1,,,,,,,,,,,,,,,,,,,,,,,141.1,100,,,,,,,,,,,,,,,,,,
2026-07-05T08:03:06.774244+00:00,2026-07-05T08:03:06.760005,1,1,140.95,0.3,140.8,136,,,,,,,,,,,,,,,,,,,141.1,100,,,,,,,,,,,,,,,,,,
2026-07-05T08:03:06.808062+00:00,2026-07-05T08:03:06.807909,1,2,140.95,0.3,140.8,136,,,,,,,,,,,,,,,,,,,141.1,100,141.3,150,,,,,,,,,,,,,,,,
2026-07-05T08:03:07.010717+00:00,2026-07-05T08:03:07.010673,1,2,140.95,0.3,140.8,136,,,,,,,,,,,,,,,,,,,141.1,50,141.3,150,,,,,,,,,,,,,,,,
2026-07-05T08:03:08.443376+00:00,2026-07-05T08:03:08.443269,1,1,141.05,0.5,140.8,136,,,,,,,,,,,,,,,,,,,141.3,150,,,,,,,,,,,,,,,,,,
2026-07-05T08:03:08.496303+00:00,2026-07-05T08:03:08.496237,2,1,141.05,0.5,140.8,136,140.5,100,,,,,,,,,,,,,,,,,141.3,150,,,,,,,,,,,,,,,,,,
2026-07-05T08:03:08.552450+00:00,2026-07-05T08:03:08.552524,2,2,140.9,0.2,140.8,136,140.5,100,,,,,,,,,,,,,,,,,141.0,100,141.3,150,,,,,,,,,,,,,,,,
2026-07-05T08:03:09.115875+00:00,2026-07-05T08:03:09.115837,2,2,140.9,0.2,140.8,136,140.5,100,,,,,,,,,,,,,,,,,141.0,50,141.3,150,,,,,,,,,,,,,,,,
2026-07-05T08:03:09.858628+00:00,2026-07-05T08:03:09.857826,1,1,140.75,0.5,140.5,100,,,,,,,,,,,,,,,,,,,141.0,50,,,,,,,,,,,,,,,,,,
2026-07-05T08:03:09.920024+00:00,2026-07-05T08:03:09.919941,2,1,140.8,0.4,140.6,150,140.5,100,,,,,,,,,,,,,,,,,141.0,50,,,,,,,,,,,,,,,,,,
2026-07-05T08:03:09.973612+00:00,2026-07-05T08:03:09.973577,2,2,140.8,0.4,140.6,150,140.5,100,,,,,,,,,,,,,,,,,141.0,50,141.1,150,,,,,,,,,,,,,,,,
2026-07-05T08:03:11.231045+00:00,2026-07-05T08:03:11.230978,2,1,140.85,0.5,140.6,150,140.5,100,,,,,,,,,,,,,,,,,141.1,150,,,,,,,,,,,,,,,,,,
2026-07-05T08:03:11.658802+00:00,2026-07-05T08:03:11.595865,1,1,140.85,0.5,140.6,150,,,,,,,,,,,,,,,,,,,141.1,150,,,,,,,,,,,,,,,,,,
2026-07-05T08:03:11.669391+00:00,2026-07-05T08:03:11.669044,1,1,140.85,0.5,140.6,250,,,,,,,,,,,,,,,,,,,141.1,150,,,,,,,,,,,,,,,,,,
2026-07-05T08:03:11.764283+00:00,2026-07-05T08:03:11.763929,1,1,140.85,0.5,140.6,250,,,,,,,,,,,,,,,,,,,141.1,250,,,,,,,,,,,,,,,,,,
2026-07-05T08:03:13.027849+00:00,2026-07-05T08:03:13.027957,1,1,140.85,0.5,140.6,100,,,,,,,,,,,,,,,,,,,141.1,100,,,,,,,,,,,,,,,,,,
2026-07-05T08:03:13.088966+00:00,2026-07-05T08:03:13.088924,2,1,140.85,0.5,140.6,100,140.4,150,,,,,,,,,,,,,,,,,141.1,100,,,,,,,,,,,,,,,,,,
2026-07-05T08:03:13.143818+00:00,2026-07-05T08:03:13.143743,2,2,140.75,0.3,140.6,100,140.4,150,,,,,,,,,,,,,,,,,140.9,150,141.1,100,,,,,,,,,,,,,,,,
2026-07-05T08:03:13.358562+00:00,2026-07-05T08:03:13.354869,2,2,140.75,0.3,140.6,100,140.4,150,,,,,,,,,,,,,,,,,140.9,100,141.1,100,,,,,,,,,,,,,,,,
2026-07-05T08:03:14.766947+00:00,2026-07-05T08:03:14.766830,1,1,140.65,0.5,140.4,150,,,,,,,,,,,,,,,,,,,140.9,100,,,,,,,,,,,,,,,,,,
2026-07-05T08:03:14.822475+00:00,2026-07-05T08:03:14.822418,2,1,140.75,0.3,140.6,100,140.4,150,,,,,,,,,,,,,,,,,140.9,100,,,,,,,,,,,,,,,,,,
2026-07-05T08:03:14.876661+00:00,2026-07-05T08:03:14.876540,2,2,140.75,0.3,140.6,100,140.4,150,,,,,,,,,,,,,,,,,140.9,100,141.1,100,,,,,,,,,,,,,,,,
2026-07-05T08:03:15.458621+00:00,2026-07-05T08:03:15.455984,2,2,140.75,0.3,140.6,100,140.4,150,,,,,,,,,,,,,,,,,140.9,50,141.1,100,,,,,,,,,,,,,,,,
2026-07-05T08:03:16.199337+00:00,2026-07-05T08:03:16.199227,1,1,140.85,0.5,140.6,100,,,,,,,,,,,,,,,,,,,141.1,100,,,,,,,,,,,,,,,,,,
2026-07-05T08:03:16.267248+00:00,2026-07-05T08:03:16.260147,2,1,140.9,0.4,140.7,147,140.6,100,,,,,,,,,,,,,,,,,141.1,100,,,,,,,,,,,,,,,,,,
2026-07-05T08:03:16.308815+00:00,2026-07-05T08:03:16.308728,2,2,140.9,0.4,140.7,147,140.6,100,,,,,,,,,,,,,,,,,141.1,100,141.2,150,,,,,,,,,,,,,,,,
2026-07-05T08:03:17.589846+00:00,2026-07-05T08:03:17.589742,2,2,140.9,0.4,140.7,147,140.6,100,,,,,,,,,,,,,,,,,141.1,50,141.2,150,,,,,,,,,,,,,,,,
2026-07-05T08:03:17.928204+00:00,2026-07-05T08:03:17.928155,2,1,140.95,0.5,140.7,147,140.6,100,,,,,,,,,,,,,,,,,141.2,150,,,,,,,,,,,,,,,,,,
2026-07-05T08:03:17.933461+00:00,2026-07-05T08:03:17.933319,1,1,140.95,0.5,140.7,147,,,,,,,,,,,,,,,,,,,141.2,150,,,,,,,,,,,,,,,,,,
2026-07-05T08:03:17.988832+00:00,2026-07-05T08:03:17.988753,2,1,140.95,0.5,140.7,147,140.5,100,,,,,,,,,,,,,,,,,141.2,150,,,,,,,,,,,,,,,,,,
2026-07-05T08:03:18.040651+00:00,2026-07-05T08:03:18.040614,2,2,140.85,0.3,140.7,147,140.5,100,,,,,,,,,,,,,,,,,141.0,100,141.2,150,,,,,,,,,,,,,,,,
2026-07-05T08:03:19.357482+00:00,2026-07-05T08:03:19.357700,1,1,140.75,0.5,140.5,100,,,,,,,,,,,,,,,,,,,141.0,100,,,,,,,,,,,,,,,,,,
2026-07-05T08:03:19.425847+00:00,2026-07-05T08:03:19.425813,2,1,140.95,0.1,140.9,150,140.5,100,,,,,,,,,,,,,,,,,141.0,100,,,,,,,,,,,,,,,,,,
2026-07-05T08:03:19.497350+00:00,2026-07-05T08:03:19.497444,2,2,140.95,0.1,140.9,150,140.5,100,,,,,,,,,,,,,,,,,141.0,100,141.4,150,,,,,,,,,,,,,,,,
2026-07-05T08:03:19.643256+00:00,2026-07-05T08:03:19.643193,2,2,140.95,0.1,140.9,110,140.5,100,,,,,,,,,,,,,,,,,141.0,100,141.4,150,,,,,,,,,,,,,,,,
2026-07-05T08:03:19.701575+00:00,2026-07-05T08:03:19.701435,2,2,140.95,0.1,140.9,110,140.5,100,,,,,,,,,,,,,,,,,141.0,50,141.4,150,,,,,,,,,,,,,,,,
2026-07-05T08:03:20.283278+00:00,2026-07-05T08:03:20.283144,2,2,140.95,0.1,140.9,85,140.5,100,,,,,,,,,,,,,,,,,141.0,50,141.4,150,,,,,,,,,,,,,,,,
2026-07-05T08:03:20.355268+00:00,2026-07-05T08:03:20.348286,2,2,140.95,0.1,140.9,39,140.5,100,,,,,,,,,,,,,,,,,141.0,50,141.4,150,,,,,,,,,,,,,,,,
2026-07-05T08:03:20.604843+00:00,2026-07-05T08:03:20.604803,2,2,140.95,0.1,140.9,35,140.5,100,,,,,,,,,,,,,,,,,141.0,50,141.4,150,,,,,,,,,,,,,,,,
2026-07-05T08:03:21.095555+00:00,2026-07-05T08:03:21.095461,1,1,141.15,0.5,140.9,35,,,,,,,,,,,,,,,,,,,141.4,150,,,,,,,,,,,,,,,,,,
2026-07-05T08:03:21.149643+00:00,2026-07-05T08:03:21.149614,2,1,141.15,0.5,140.9,35,140.5,100,,,,,,,,,,,,,,,,,141.4,150,,,,,,,,,,,,,,,,,,
2026-07-05T08:03:21.208750+00:00,2026-07-05T08:03:21.208890,2,2,140.95,0.1,140.9,35,140.5,100,,,,,,,,,,,,,,,,,141.0,100,141.4,150,,,,,,,,,,,,,,,,
2026-07-05T08:03:21.823831+00:00,2026-07-05T08:03:21.823788,2,2,140.95,0.1,140.9,35,140.5,100,,,,,,,,,,,,,,,,,141.0,50,141.4,150,,,,,,,,,,,,,,,,
2026-07-05T08:03:22.555403+00:00,2026-07-05T08:03:22.555307,2,1,140.95,0.1,140.9,35,140.5,100,,,,,,,,,,,,,,,,,141.0,50,,,,,,,,,,,,,,,,,,
2026-07-05T08:03:22.560534+00:00,2026-07-05T08:03:22.560451,1,1,140.75,0.5,140.5,100,,,,,,,,,,,,,,,,,,,141.0,50,,,,,,,,,,,,,,,,,,
2026-07-05T08:03:22.611927+00:00,2026-07-05T08:03:22.611834,2,1,140.75,0.5,140.5,100,140.1,150,,,,,,,,,,,,,,,,,141.0,50,,,,,,,,,,,,,,,,,,
2026-07-05T08:03:22.670431+00:00,2026-07-05T08:03:22.664090,2,2,140.55,0.1,140.5,100,140.1,150,,,,,,,,,,,,,,,,,140.6,127,141.0,50,,,,,,,,,,,,,,,,
2026-07-05T08:03:23.546248+00:00,2026-07-05T08:03:23.546186,2,2,140.55,0.1,140.5,51,140.1,150,,,,,,,,,,,,,,,,,140.6,127,141.0,50,,,,,,,,,,,,,,,,
2026-07-05T08:03:23.927617+00:00,2026-07-05T08:03:23.927516,2,2,140.55,0.1,140.5,51,140.1,150,,,,,,,,,,,,,,,,,140.6,77,141.0,50,,,,,,,,,,,,,,,,
2026-07-05T08:03:24.170451+00:00,2026-07-05T08:03:24.170357,2,2,140.55,0.1,140.5,6,140.1,150,,,,,,,,,,,,,,,,,140.6,77,141.0,50,,,,,,,,,,,,,,,,
2026-07-05T08:03:24.258599+00:00,2026-07-05T08:03:24.257996,1,1,140.35,0.5,140.1,150,,,,,,,,,,,,,,,,,,,140.6,77,,,,,,,,,,,,,,,,,,
2026-07-05T08:03:24.281569+00:00,2026-07-05T08:03:24.274517,1,1,140.35,0.5,140.1,150,,,,,,,,,,,,,,,,,,,140.6,65,,,,,,,,,,,,,,,,,,
2026-07-05T08:03:24.321202+00:00,2026-07-05T08:03:24.321072,2,1,140.5,0.2,140.4,100,140.1,150,,,,,,,,,,,,,,,,,140.6,65,,,,,,,,,,,,,,,,,,
2026-07-05T08:03:24.374713+00:00,2026-07-05T08:03:24.374553,2,2,140.5,0.2,140.4,100,140.1,150,,,,,,,,,,,,,,,,,140.6,65,140.9,100,,,,,,,,,,,,,,,,
2026-07-05T08:03:25.721136+00:00,2026-07-05T08:03:25.721295,1,1,140.65,0.5,140.4,100,,,,,,,,,,,,,,,,,,,140.9,100,,,,,,,,,,,,,,,,,,
2026-07-05T08:03:25.779532+00:00,2026-07-05T08:03:25.779501,1,1,140.65,0.5,140.4,250,,,,,,,,,,,,,,,,,,,140.9,100,,,,,,,,,,,,,,,,,,
2026-07-05T08:03:25.830357+00:00,2026-07-05T08:03:25.830224,1,1,140.65,0.5,140.4,250,,,,,,,,,,,,,,,,,,,140.9,250,,,,,,,,,,,,,,,,,,
2026-07-05T08:03:25.981349+00:00,2026-07-05T08:03:25.981280,1,1,140.65,0.5,140.4,250,,,,,,,,,,,,,,,,,,,140.9,207,,,,,,,,,,,,,,,,,,
2026-07-05T08:03:26.058640+00:00,2026-07-05T08:03:26.057131,1,1,140.65,0.5,140.4,250,,,,,,,,,,,,,,,,,,,140.9,157,,,,,,,,,,,,,,,,,,
2026-07-05T08:03:26.581509+00:00,2026-07-05T08:03:26.581463,1,1,140.65,0.5,140.4,250,,,,,,,,,,,,,,,,,,,140.9,114,,,,,,,,,,,,,,,,,,
2026-07-05T08:03:26.658594+00:00,2026-07-05T08:03:26.652277,1,1,140.65,0.5,140.4,205,,,,,,,,,,,,,,,,,,,140.9,114,,,,,,,,,,,,,,,,,,
2026-07-05T08:03:27.424813+00:00,2026-07-05T08:03:27.424723,1,1,140.65,0.5,140.4,150,,,,,,,,,,,,,,,,,,,140.9,114,,,,,,,,,,,,,,,,,,
2026-07-05T08:03:27.480559+00:00,2026-07-05T08:03:27.480625,2,1,140.7,0.4,140.5,100,140.4,150,,,,,,,,,,,,,,,,,140.9,114,,,,,,,,,,,,,,,,,,
2026-07-05T08:03:27.550269+00:00,2026-07-05T08:03:27.550207,2,2,140.7,0.4,140.5,100,140.4,150,,,,,,,,,,,,,,,,,140.9,114,141.0,100,,,,,,,,,,,,,,,,
2026-07-05T08:03:28.227634+00:00,2026-07-05T08:03:28.227772,2,2,140.7,0.4,140.5,50,140.4,150,,,,,,,,,,,,,,,,,140.9,114,141.0,100,,,,,,,,,,,,,,,,
2026-07-05T08:03:28.858911+00:00,2026-07-05T08:03:28.858857,2,2,140.7,0.4,140.5,6,140.4,150,,,,,,,,,,,,,,,,,140.9,114,141.0,100,,,,,,,,,,,,,,,,
2026-07-05T08:03:28.887613+00:00,2026-07-05T08:03:28.887570,1,1,140.75,0.5,140.5,6,,,,,,,,,,,,,,,,,,,141.0,100,,,,,,,,,,,,,,,,,,
2026-07-05T08:03:28.941128+00:00,2026-07-05T08:03:28.941002,2,1,140.8,0.4,140.6,150,140.5,6,,,,,,,,,,,,,,,,,141.0,100,,,,,,,,,,,,,,,,,,
2026-07-05T08:03:28.999629+00:00,2026-07-05T08:03:28.999518,2,2,140.8,0.4,140.6,150,140.5,6,,,,,,,,,,,,,,,,,141.0,100,141.1,150,,,,,,,,,,,,,,,,
2026-07-05T08:03:30.323751+00:00,2026-07-05T08:03:30.323728,2,2,140.8,0.4,140.6,125,140.5,6,,,,,,,,,,,,,,,,,141.0,100,141.1,150,,,,,,,,,,,,,,,,
2026-07-05T08:03:30.334225+00:00,2026-07-05T08:03:30.334112,3,3,140.8,0.2,140.7,10,140.6,125,140.5,6,,,,,,,,,,,,,,,140.9,10,141.0,100,141.1,150,,,,,,,,,,,,,,
2026-07-05T08:03:30.358624+00:00,2026-07-05T08:03:30.354352,2,3,140.75,0.3,140.6,85,140.5,6,,,,,,,,,,,,,,,,,140.9,10,141.0,100,141.1,150,,,,,,,,,,,,,,
2026-07-05T08:03:30.602944+00:00,2026-07-05T08:03:30.603069,1,2,140.75,0.3,140.6,85,,,,,,,,,,,,,,,,,,,140.9,10,141.1,150,,,,,,,,,,,,,,,,
2026-07-05T08:03:30.655598+00:00,2026-07-05T08:03:30.655797,2,2,140.75,0.3,140.6,85,140.3,100,,,,,,,,,,,,,,,,,140.9,10,141.1,150,,,,,,,,,,,,,,,,
2026-07-05T08:03:30.711818+00:00,2026-07-05T08:03:30.711726,2,3,140.7,0.2,140.6,85,140.3,100,,,,,,,,,,,,,,,,,140.8,100,140.9,10,141.1,150,,,,,,,,,,,,,,
2026-07-05T08:03:32.049102+00:00,2026-07-05T08:03:32.049020,2,2,140.7,0.2,140.6,85,140.3,100,,,,,,,,,,,,,,,,,140.8,100,140.9,10,,,,,,,,,,,,,,,,
2026-07-05T08:03:32.054099+00:00,2026-07-05T08:03:32.054180,1,2,140.55,0.5,140.3,100,,,,,,,,,,,,,,,,,,,140.8,100,140.9,10,,,,,,,,,,,,,,,,
2026-07-05T08:03:32.115679+00:00,2026-07-05T08:03:32.115745,1,2,140.55,0.5,140.3,250,,,,,,,,,,,,,,,,,,,140.8,100,140.9,10,,,,,,,,,,,,,,,,
2026-07-05T08:03:32.158678+00:00,2026-07-05T08:03:32.155569,1,2,140.55,0.5,140.3,250,,,,,,,,,,,,,,,,,,,140.8,250,140.9,10,,,,,,,,,,,,,,,,
2026-07-05T08:03:33.768166+00:00,2026-07-05T08:03:33.768104,1,2,140.55,0.5,140.3,150,,,,,,,,,,,,,,,,,,,140.8,150,140.9,10,,,,,,,,,,,,,,,,
2026-07-05T08:03:33.823262+00:00,2026-07-05T08:03:33.823205,2,2,140.55,0.5,140.3,150,140.2,100,,,,,,,,,,,,,,,,,140.8,150,140.9,10,,,,,,,,,,,,,,,,
2026-07-05T08:03:33.874246+00:00,2026-07-05T08:03:33.874189,2,3,140.5,0.4,140.3,150,140.2,100,,,,,,,,,,,,,,,,,140.7,100,140.8,150,140.9,10,,,,,,,,,,,,,,
2026-07-05T08:03:34.600213+00:00,2026-07-05T08:03:34.600117,2,3,140.5,0.4,140.3,100,140.2,100,,,,,,,,,,,,,,,,,140.7,100,140.8,150,140.9,10,,,,,,,,,,,,,,
2026-07-05T08:03:35.219061+00:00,2026-07-05T08:03:35.218983,1,2,140.45,0.5,140.2,100,,,,,,,,,,,,,,,,,,,140.7,100,140.9,10,,,,,,,,,,,,,,,,
2026-07-05T08:03:35.274215+00:00,2026-07-05T08:03:35.274140,2,2,140.45,0.5,140.2,100,140.1,150,,,,,,,,,,,,,,,,,140.7,100,140.9,10,,,,,,,,,,,,,,,,
2026-07-05T08:03:35.332917+00:00,2026-07-05T08:03:35.332724,2,3,140.4,0.4,140.2,100,140.1,150,,,,,,,,,,,,,,,,,140.6,150,140.7,100,140.9,10,,,,,,,,,,,,,,
2026-07-05T08:03:35.348897+00:00,2026-07-05T08:03:35.348801,3,2,140.45,0.3,140.3,10,140.2,100,140.1,150,,,,,,,,,,,,,,,140.6,150,140.7,100,,,,,,,,,,,,,,,,
2026-07-05T08:03:35.354019+00:00,2026-07-05T08:03:35.353957,3,3,140.4,0.2,140.3,10,140.2,100,140.1,150,,,,,,,,,,,,,,,140.5,10,140.6,150,140.7,100,,,,,,,,,,,,,,
2026-07-05T08:03:35.359203+00:00,2026-07-05T08:03:35.359165,2,2,140.4,0.4,140.2,100,140.1,150,,,,,,,,,,,,,,,,,140.6,150,140.7,100,,,,,,,,,,,,,,,,
2026-07-05T08:03:36.352528+00:00,2026-07-05T08:03:36.352398,2,2,140.4,0.4,140.2,100,140.1,150,,,,,,,,,,,,,,,,,140.6,105,140.7,100,,,,,,,,,,,,,,,,
2026-07-05T08:03:36.658604+00:00,2026-07-05T08:03:36.652050,2,2,140.4,0.4,140.2,100,140.1,150,,,,,,,,,,,,,,,,,140.6,55,140.7,100,,,,,,,,,,,,,,,,
2026-07-05T08:03:36.958593+00:00,2026-07-05T08:03:36.950776,1,1,140.35,0.5,140.1,150,,,,,,,,,,,,,,,,,,,140.6,55,,,,,,,,,,,,,,,,,,
2026-07-05T08:03:37.013221+00:00,2026-07-05T08:03:37.013426,2,1,140.4,0.4,140.2,100,140.1,150,,,,,,,,,,,,,,,,,140.6,55,,,,,,,,,,,,,,,,,,
2026-07-05T08:03:37.072921+00:00,2026-07-05T08:03:37.072991,2,2,140.4,0.4,140.2,100,140.1,150,,,,,,,,,,,,,,,,,140.6,55,140.7,100,,,,,,,,,,,,,,,,
2026-07-05T08:03:37.393545+00:00,2026-07-05T08:03:37.393626,2,2,140.4,0.4,140.2,60,140.1,150,,,,,,,,,,,,,,,,,140.6,55,140.7,100,,,,,,,,,,,,,,,,
2026-07-05T08:03:38.387099+00:00,2026-07-05T08:03:38.387201,1,1,140.45,0.5,140.2,60,,,,,,,,,,,,,,,,,,,140.7,100,,,,,,,,,,,,,,,,,,
2026-07-05T08:03:38.442709+00:00,2026-07-05T08:03:38.442553,2,1,140.6,0.2,140.5,150,140.2,60,,,,,,,,,,,,,,,,,140.7,100,,,,,,,,,,,,,,,,,,
2026-07-05T08:03:38.495522+00:00,2026-07-05T08:03:38.495446,2,2,140.6,0.2,140.5,150,140.2,60,,,,,,,,,,,,,,,,,140.7,100,141.0,150,,,,,,,,,,,,,,,,
2026-07-05T08:03:38.826389+00:00,2026-07-05T08:03:38.826529,2,2,140.6,0.2,140.5,100,140.2,60,,,,,,,,,,,,,,,,,140.7,100,141.0,150,,,,,,,,,,,,,,,,
2026-07-05T08:03:40.125751+00:00,2026-07-05T08:03:40.125684,1,1,140.75,0.5,140.5,100,,,,,,,,,,,,,,,,,,,141.0,150,,,,,,,,,,,,,,,,,,
2026-07-05T08:03:40.180893+00:00,2026-07-05T08:03:40.180777,2,1,140.75,0.5,140.5,100,140.2,100,,,,,,,,,,,,,,,,,141.0,150,,,,,,,,,,,,,,,,,,
2026-07-05T08:03:40.234703+00:00,2026-07-05T08:03:40.234640,2,2,140.6,0.2,140.5,100,140.2,100,,,,,,,,,,,,,,,,,140.7,100,141.0,150,,,,,,,,,,,,,,,,
2026-07-05T08:03:40.404680+00:00,2026-07-05T08:03:40.404641,2,2,140.6,0.2,140.5,98,140.2,100,,,,,,,,,,,,,,,,,140.7,100,141.0,150,,,,,,,,,,,,,,,,
2026-07-05T08:03:40.660611+00:00,2026-07-05T08:03:40.660544,2,2,140.6,0.2,140.5,98,140.2,100,,,,,,,,,,,,,,,,,140.7,54,141.0,150,,,,,,,,,,,,,,,,
2026-07-05T08:03:40.879418+00:00,2026-07-05T08:03:40.879373,2,2,140.6,0.2,140.5,98,140.2,100,,,,,,,,,,,,,,,,,140.7,4,141.0,150,,,,,,,,,,,,,,,,
2026-07-05T08:03:41.548502+00:00,2026-07-05T08:03:41.558649,1,1,140.45,0.5,140.2,100,,,,,,,,,,,,,,,,,,,140.7,4,,,,,,,,,,,,,,,,,,
2026-07-05T08:03:41.603372+00:00,2026-07-05T08:03:41.603182,1,1,140.45,0.5,140.2,250,,,,,,,,,,,,,,,,,,,140.7,4,,,,,,,,,,,,,,,,,,
2026-07-05T08:03:41.652101+00:00,2026-07-05T08:03:41.651991,1,1,140.45,0.5,140.2,250,,,,,,,,,,,,,,,,,,,140.7,154,,,,,,,,,,,,,,,,,,
2026-07-05T08:03:43.284592+00:00,2026-07-05T08:03:43.284529,1,1,140.45,0.5,140.2,250,,,,,,,,,,,,,,,,,,,140.7,150,,,,,,,,,,,,,,,,,,
2026-07-05T08:03:43.289761+00:00,2026-07-05T08:03:43.289705,1,1,140.45,0.5,140.2,150,,,,,,,,,,,,,,,,,,,140.7,150,,,,,,,,,,,,,,,,,,
2026-07-05T08:03:43.339816+00:00,2026-07-05T08:03:43.339719,1,1,140.45,0.5,140.2,150,,,,,,,,,,,,,,,,,,,140.7,107,,,,,,,,,,,,,,,,,,
2026-07-05T08:03:43.345039+00:00,2026-07-05T08:03:43.344883,2,1,140.55,0.3,140.4,100,140.2,150,,,,,,,,,,,,,,,,,140.7,107,,,,,,,,,,,,,,,,,,
2026-07-05T08:03:43.392745+00:00,2026-07-05T08:03:43.392935,2,2,140.55,0.3,140.4,100,140.2,150,,,,,,,,,,,,,,,,,140.7,107,140.9,100,,,,,,,,,,,,,,,,
2026-07-05T08:03:43.945340+00:00,2026-07-05T08:03:43.945225,2,2,140.55,0.3,140.4,59,140.2,150,,,,,,,,,,,,,,,,,140.7,107,140.9,100,,,,,,,,,,,,,,,,
2026-07-05T08:03:44.705371+00:00,2026-07-05T08:03:44.705266,2,1,140.65,0.5,140.4,59,140.2,150,,,,,,,,,,,,,,,,,140.9,100,,,,,,,,,,,,,,,,,,
2026-07-05T08:03:44.710346+00:00,2026-07-05T08:03:44.710430,1,1,140.65,0.5,140.4,59,,,,,,,,,,,,,,,,,,,140.9,100,,,,,,,,,,,,,,,,,,
2026-07-05T08:03:44.758551+00:00,2026-07-05T08:03:44.756102,2,1,140.65,0.5,140.4,59,140.2,150,,,,,,,,,,,,,,,,,140.9,100,,,,,,,,,,,,,,,,,,
2026-07-05T08:03:44.827794+00:00,2026-07-05T08:03:44.827883,2,2,140.55,0.3,140.4,59,140.2,150,,,,,,,,,,,,,,,,,140.7,150,140.9,100,,,,,,,,,,,,,,,,
2026-07-05T08:03:45.133017+00:00,2026-07-05T08:03:45.132867,2,2,140.55,0.3,140.4,59,140.2,150,,,,,,,,,,,,,,,,,140.7,100,140.9,100,,,,,,,,,,,,,,,,
2026-07-05T08:03:45.334326+00:00,2026-07-05T08:03:45.324457,2,2,140.55,0.3,140.4,59,140.2,150,,,,,,,,,,,,,,,,,140.7,89,140.9,100,,,,,,,,,,,,,,,,
2026-07-05T08:03:45.433104+00:00,2026-07-05T08:03:45.422922,2,2,140.55,0.3,140.4,59,140.2,150,,,,,,,,,,,,,,,,,140.7,89,140.9,100,,,,,,,,,,,,,,,,
2026-07-05T08:03:46.081432+00:00,2026-07-05T08:03:46.081331,2,2,140.55,0.3,140.4,59,140.2,150,,,,,,,,,,,,,,,,,140.7,47,140.9,100,,,,,,,,,,,,,,,,
2026-07-05T08:03:46.458771+00:00,2026-07-05T08:03:46.458675,1,1,140.45,0.5,140.2,150,,,,,,,,,,,,,,,,,,,140.7,47,,,,,,,,,,,,,,,,,,
2026-07-05T08:03:46.506101+00:00,2026-07-05T08:03:46.506022,2,0,,,140.7,53,140.2,150,,,,,,,,,,,,,,,,,,,,,,,,,,,,,,,,,,,,
2026-07-05T08:03:46.556057+00:00,2026-07-05T08:03:46.556184,2,1,140.95,0.5,140.7,53,140.2,150,,,,,,,,,,,,,,,,,141.2,100,,,,,,,,,,,,,,,,,,
2026-07-05T08:03:47.258568+00:00,2026-07-05T08:03:47.256782,2,1,140.95,0.5,140.7,53,140.2,150,,,,,,,,,,,,,,,,,141.2,50,,,,,,,,,,,,,,,,,,
2026-07-05T08:03:47.878948+00:00,2026-07-05T08:03:47.878821,1,1,140.95,0.5,140.7,53,,,,,,,,,,,,,,,,,,,141.2,50,,,,,,,,,,,,,,,,,,
2026-07-05T08:03:47.937370+00:00,2026-07-05T08:03:47.937258,2,0,,,141.2,100,140.7,53,,,,,,,,,,,,,,,,,,,,,,,,,,,,,,,,,,,,
2026-07-05T08:03:48.003439+00:00,2026-07-05T08:03:47.997306,2,1,141.45,0.5,141.2,43,140.7,53,,,,,,,,,,,,,,,,,141.7,150,,,,,,,,,,,,,,,,,,
2026-07-05T08:03:48.091808+00:00,2026-07-05T08:03:48.091736,1,1,141.2,1.0,140.7,50,,,,,,,,,,,,,,,,,,,141.7,150,,,,,,,,,,,,,,,,,,
2026-07-05T08:03:48.675729+00:00,2026-07-05T08:03:48.675678,1,1,141.2,1.0,140.7,6,,,,,,,,,,,,,,,,,,,141.7,150,,,,,,,,,,,,,,,,,,
2026-07-05T08:03:49.615610+00:00,2026-07-05T08:03:49.615564,0,1,,,,,,,,,,,,,,,,,,,,,,,141.7,150,,,,,,,,,,,,,,,,,,
2026-07-05T08:03:49.675869+00:00,2026-07-05T08:03:49.675755,1,1,141.1,1.2,140.5,100,,,,,,,,,,,,,,,,,,,141.7,150,,,,,,,,,,,,,,,,,,
2026-07-05T08:03:49.726001+00:00,2026-07-05T08:03:49.725969,1,2,140.75,0.5,140.5,100,,,,,,,,,,,,,,,,,,,141.0,100,141.7,150,,,,,,,,,,,,,,,,
2026-07-05T08:03:50.458670+00:00,2026-07-05T08:03:50.454595,1,2,140.75,0.5,140.5,98,,,,,,,,,,,,,,,,,,,141.0,100,141.7,150,,,,,,,,,,,,,,,,
2026-07-05T08:03:50.603546+00:00,2026-07-05T08:03:50.597614,1,2,140.75,0.5,140.5,98,,,,,,,,,,,,,,,,,,,141.0,89,141.7,150,,,,,,,,,,,,,,,,
2026-07-05T08:03:50.683101+00:00,2026-07-05T08:03:50.683018,1,2,140.75,0.5,140.5,98,,,,,,,,,,,,,,,,,,,141.0,40,141.7,150,,,,,,,,,,,,,,,,
2026-07-05T08:03:51.047370+00:00,2026-07-05T08:03:51.047306,1,1,140.75,0.5,140.5,98,,,,,,,,,,,,,,,,,,,141.0,40,,,,,,,,,,,,,,,,,,
2026-07-05T08:03:51.099286+00:00,2026-07-05T08:03:51.099253,2,1,140.8,0.4,140.6,150,140.5,98,,,,,,,,,,,,,,,,,141.0,40,,,,,,,,,,,,,,,,,,
2026-07-05T08:03:51.158634+00:00,2026-07-05T08:03:51.152024,2,2,140.8,0.4,140.6,150,140.5,98,,,,,,,,,,,,,,,,,141.0,40,141.1,150,,,,,,,,,,,,,,,,
2026-07-05T08:03:51.198281+00:00,2026-07-05T08:03:51.198210,2,2,140.8,0.4,140.6,103,140.5,98,,,,,,,,,,,,,,,,,141.0,40,141.1,150,,,,,,,,,,,,,,,,
2026-07-05T08:03:51.537750+00:00,2026-07-05T08:03:51.537637,2,2,140.8,0.4,140.6,53,140.5,98,,,,,,,,,,,,,,,,,141.0,40,141.1,150,,,,,,,,,,,,,,,,
2026-07-05T08:03:51.915206+00:00,2026-07-05T08:03:51.908233,2,2,140.8,0.4,140.6,53,140.5,98,,,,,,,,,,,,,,,,,141.0,28,141.1,150,,,,,,,,,,,,,,,,
2026-07-05T08:03:52.784106+00:00,2026-07-05T08:03:52.784076,1,1,140.85,0.5,140.6,53,,,,,,,,,,,,,,,,,,,141.1,150,,,,,,,,,,,,,,,,,,
2026-07-05T08:03:52.836655+00:00,2026-07-05T08:03:52.836586,2,1,141.0,0.2,140.9,100,140.6,53,,,,,,,,,,,,,,,,,141.1,150,,,,,,,,,,,,,,,,,,
2026-07-05T08:03:52.889898+00:00,2026-07-05T08:03:52.889789,2,2,141.0,0.2,140.9,100,140.6,53,,,,,,,,,,,,,,,,,141.1,150,141.4,100,,,,,,,,,,,,,,,,
2026-07-05T08:03:53.593646+00:00,2026-07-05T08:03:53.593818,2,2,141.0,0.2,140.9,100,140.6,53,,,,,,,,,,,,,,,,,141.1,100,141.4,100,,,,,,,,,,,,,,,,
2026-07-05T08:03:54.210159+00:00,2026-07-05T08:03:54.210100,1,1,141.15,0.5,140.9,100,,,,,,,,,,,,,,,,,,,141.4,100,,,,,,,,,,,,,,,,,,
2026-07-05T08:03:54.258616+00:00,2026-07-05T08:03:54.256736,2,1,141.15,0.5,140.9,100,140.5,150,,,,,,,,,,,,,,,,,141.4,100,,,,,,,,,,,,,,,,,,
2026-07-05T08:03:54.279642+00:00,2026-07-05T08:03:54.279800,2,1,141.15,0.5,140.9,100,140.5,150,,,,,,,,,,,,,,,,,141.4,60,,,,,,,,,,,,,,,,,,
2026-07-05T08:03:54.319058+00:00,2026-07-05T08:03:54.318985,2,2,140.95,0.1,140.9,100,140.5,150,,,,,,,,,,,,,,,,,141.0,150,141.4,60,,,,,,,,,,,,,,,,
2026-07-05T08:03:54.519109+00:00,2026-07-05T08:03:54.512471,2,2,140.95,0.1,140.9,100,140.5,150,,,,,,,,,,,,,,,,,141.0,139,141.4,60,,,,,,,,,,,,,,,,
2026-07-05T08:03:54.550271+00:00,2026-07-05T08:03:54.544487,2,2,140.95,0.1,140.9,89,140.5,150,,,,,,,,,,,,,,,,,141.0,139,141.4,60,,,,,,,,,,,,,,,,
2026-07-05T08:03:54.966188+00:00,2026-07-05T08:03:54.966068,2,2,140.95,0.1,140.9,42,140.5,150,,,,,,,,,,,,,,,,,141.0,139,141.4,60,,,,,,,,,,,,,,,,
2026-07-05T08:03:55.120589+00:00,2026-07-05T08:03:55.115429,2,2,140.95,0.1,140.9,42,140.5,150,,,,,,,,,,,,,,,,,141.0,128,141.4,60,,,,,,,,,,,,,,,,
2026-07-05T08:03:55.469074+00:00,2026-07-05T08:03:55.469210,2,2,140.95,0.1,140.9,40,140.5,150,,,,,,,,,,,,,,,,,141.0,128,141.4,60,,,,,,,,,,,,,,,,
2026-07-05T08:03:55.529742+00:00,2026-07-05T08:03:55.529709,2,2,140.95,0.1,140.9,40,140.5,150,,,,,,,,,,,,,,,,,141.0,80,141.4,60,,,,,,,,,,,,,,,,
2026-07-05T08:03:55.953456+00:00,2026-07-05T08:03:55.953334,1,1,140.75,0.5,140.5,150,,,,,,,,,,,,,,,,,,,141.0,80,,,,,,,,,,,,,,,,,,
2026-07-05T08:03:56.009692+00:00,2026-07-05T08:03:56.009627,2,1,140.95,0.1,140.9,100,140.5,150,,,,,,,,,,,,,,,,,141.0,80,,,,,,,,,,,,,,,,,,
2026-07-05T08:03:56.065101+00:00,2026-07-05T08:03:56.065036,2,2,140.95,0.1,140.9,100,140.5,150,,,,,,,,,,,,,,,,,141.0,80,141.4,100,,,,,,,,,,,,,,,,
2026-07-05T08:03:56.940112+00:00,2026-07-05T08:03:56.933694,2,2,140.95,0.1,140.9,100,140.5,150,,,,,,,,,,,,,,,,,141.0,68,141.4,100,,,,,,,,,,,,,,,,
2026-07-05T08:03:57.374185+00:00,2026-07-05T08:03:57.374338,1,1,141.15,0.5,140.9,100,,,,,,,,,,,,,,,,,,,141.4,100,,,,,,,,,,,,,,,,,,
2026-07-05T08:03:57.426854+00:00,2026-07-05T08:03:57.426696,2,1,141.15,0.5,140.9,100,140.8,150,,,,,,,,,,,,,,,,,141.4,100,,,,,,,,,,,,,,,,,,
2026-07-05T08:03:57.479263+00:00,2026-07-05T08:03:57.479370,2,2,141.1,0.4,140.9,100,140.8,150,,,,,,,,,,,,,,,,,141.3,150,141.4,100,,,,,,,,,,,,,,,,
2026-07-05T08:03:57.758633+00:00,2026-07-05T08:03:57.755086,2,2,141.1,0.4,140.9,50,140.8,150,,,,,,,,,,,,,,,,,141.3,150,141.4,100,,,,,,,,,,,,,,,,
2026-07-05T08:03:59.120244+00:00,2026-07-05T08:03:59.120406,1,1,141.05,0.5,140.8,150,,,,,,,,,,,,,,,,,,,141.3,150,,,,,,,,,,,,,,,,,,
2026-07-05T08:03:59.176562+00:00,2026-07-05T08:03:59.176668,2,1,141.1,0.4,140.9,100,140.8,150,,,,,,,,,,,,,,,,,141.3,150,,,,,,,,,,,,,,,,,,
2026-07-05T08:03:59.229830+00:00,2026-07-05T08:03:59.229788,2,2,141.1,0.4,140.9,100,140.8,150,,,,,,,,,,,,,,,,,141.3,150,141.4,100,,,,,,,,,,,,,,,,
2026-07-05T08:03:59.863641+00:00,2026-07-05T08:03:59.863856,2,2,141.1,0.4,140.9,50,140.8,150,,,,,,,,,,,,,,,,,141.3,150,141.4,100,,,,,,,,,,,,,,,,
2026-07-05T08:04:00.482825+00:00,2026-07-05T08:04:00.482707,3,3,141.1,0.2,141.0,10,140.9,50,140.8,150,,,,,,,,,,,,,,,141.2,10,141.3,150,141.4,100,,,,,,,,,,,,,,
2026-07-05T08:04:00.558618+00:00,2026-07-05T08:04:00.553061,2,2,141.1,0.2,141.0,10,140.9,50,,,,,,,,,,,,,,,,,141.2,10,141.4,100,,,,,,,,,,,,,,,,
2026-07-05T08:04:00.616523+00:00,2026-07-05T08:04:00.616395,3,2,141.15,0.1,141.1,150,141.0,10,140.9,50,,,,,,,,,,,,,,,141.2,10,141.4,100,,,,,,,,,,,,,,,,
2026-07-05T08:04:00.669600+00:00,2026-07-05T08:04:00.669471,3,3,141.15,0.1,141.1,150,141.0,10,140.9,50,,,,,,,,,,,,,,,141.2,10,141.4,100,141.6,150,,,,,,,,,,,,,,
2026-07-05T08:04:01.658607+00:00,2026-07-05T08:04:01.656734,3,3,141.15,0.1,141.1,103,141.0,10,140.9,50,,,,,,,,,,,,,,,141.2,10,141.4,100,141.6,150,,,,,,,,,,,,,,
2026-07-05T08:04:01.972850+00:00,2026-07-05T08:04:01.972755,3,3,141.15,0.1,141.1,53,141.0,10,140.9,50,,,,,,,,,,,,,,,141.2,10,141.4,100,141.6,150,,,,,,,,,,,,,,
2026-07-05T08:04:02.284292+00:00,2026-07-05T08:04:02.284205,2,2,141.15,0.1,141.1,53,141.0,10,,,,,,,,,,,,,,,,,141.2,10,141.6,150,,,,,,,,,,,,,,,,
2026-07-05T08:04:02.369085+00:00,2026-07-05T08:04:02.368966,3,2,141.15,0.1,141.1,53,141.0,10,140.8,100,,,,,,,,,,,,,,,141.2,10,141.6,150,,,,,,,,,,,,,,,,
2026-07-05T08:04:02.423820+00:00,2026-07-05T08:04:02.423670,3,3,141.15,0.1,141.1,53,141.0,10,140.8,100,,,,,,,,,,,,,,,141.2,10,141.3,100,141.6,150,,,,,,,,,,,,,,
2026-07-05T08:04:03.724559+00:00,2026-07-05T08:04:03.724487,2,2,141.1,0.2,141.0,10,140.8,100,,,,,,,,,,,,,,,,,141.2,10,141.3,100,,,,,,,,,,,,,,,,
2026-07-05T08:04:03.779414+00:00,2026-07-05T08:04:03.779368,2,2,141.1,0.2,141.0,10,140.8,250,,,,,,,,,,,,,,,,,141.2,10,141.3,100,,,,,,,,,,,,,,,,
2026-07-05T08:04:03.833038+00:00,2026-07-05T08:04:03.832925,2,2,141.1,0.2,141.0,10,140.8,250,,,,,,,,,,,,,,,,,141.2,10,141.3,250,,,,,,,,,,,,,,,,
2026-07-05T08:04:04.079168+00:00,2026-07-05T08:04:04.079083,1,2,141.0,0.4,140.8,210,,,,,,,,,,,,,,,,,,,141.2,10,141.3,250,,,,,,,,,,,,,,,,
2026-07-05T08:04:04.945414+00:00,2026-07-05T08:04:04.945369,1,1,141.05,0.5,140.8,210,,,,,,,,,,,,,,,,,,,141.3,211,,,,,,,,,,,,,,,,,,
2026-07-05T08:04:05.477544+00:00,2026-07-05T08:04:05.477681,1,1,141.05,0.5,140.8,150,,,,,,,,,,,,,,,,,,,141.3,150,,,,,,,,,,,,,,,,,,
2026-07-05T08:04:05.493489+00:00,2026-07-05T08:04:05.493369,2,1,141.1,0.4,140.9,10,140.8,150,,,,,,,,,,,,,,,,,141.3,150,,,,,,,,,,,,,,,,,,
2026-07-05T08:04:05.498657+00:00,2026-07-05T08:04:05.498570,2,2,141.05,0.3,140.9,10,140.8,150,,,,,,,,,,,,,,,,,141.2,10,141.3,150,,,,,,,,,,,,,,,,
