recv_time,book_timestamp,n_bids,n_asks,mid,spread,bid_px_0,bid_vol_0,bid_px_1,bid_vol_1,bid_px_2,bid_vol_2,bid_px_3,bid_vol_3,bid_px_4,bid_vol_4,bid_px_5,bid_vol_5,bid_px_6,bid_vol_6,bid_px_7,bid_vol_7,bid_px_8,bid_vol_8,bid_px_9,bid_vol_9,ask_px_0,ask_vol_0,ask_px_1,ask_vol_1,ask_px_2,ask_vol_2,ask_px_3,ask_vol_3,ask_px_4,ask_vol_4,ask_px_5,ask_vol_5,ask_px_6,ask_vol_6,ask_px_7,ask_vol_7,ask_px_8,ask_vol_8,ask_px_9,ask_vol_9
2026-07-05T04:00:00.260612+00:00,2026-07-05T04:00:00.239675,2,1,136.55,0.5,136.3,150,136.2,100,,,,,,,,,,,,,,,,,136.8,150,,,,,,,,,,,,,,,,,,
2026-07-05T04:00:00.850227+00:00,2026-07-05T04:00:00.837229,1,1,136.55,0.5,136.3,150,,,,,,,,,,,,,,,,,,,136.8,150,,,,,,,,,,,,,,,,,,
2026-07-05T04:00:00.900170+00:00,2026-07-05T04:00:00.900089,2,1,136.65,0.3,136.5,100,136.3,150,,,,,,,,,,,,,,,,,136.8,150,,,,,,,,,,,,,,,,,,
2026-07-05T04:00:00.958580+00:00,2026-07-05T04:00:00.953681,2,2,136.65,0.3,136.5,100,136.3,150,,,,,,,,,,,,,,,,,136.8,150,137.0,100,,,,,,,,,,,,,,,,
2026-07-05T04:00:01.240063+00:00,2026-07-05T04:00:01.239981,2,2,136.65,0.3,136.5,100,136.3,150,,,,,,,,,,,,,,,,,136.8,100,137.0,100,,,,,,,,,,,,,,,,
2026-07-05T04:00:03.304232+00:00,2026-07-05T04:00:03.304134,1,1,136.75,0.5,136.5,100,,,,,,,,,,,,,,,,,,,137.0,100,,,,,,,,,,,,,,,,,,
2026-07-05T04:00:03.361020+00:00,2026-07-05T04:00:03.360973,2,1,136.9,0.2,136.8,150,136.5,100,,,,,,,,,,,,,,,,,137.0,50,,,,,,,,,,,,,,,,,,
2026-07-05T04:00:03.415807+00:00,2026-07-05T04:00:03.415742,2,2,136.9,0.2,136.8,150,136.5,100,,,,,,,,,,,,,,,,,137.0,50,137.3,150,,,,,,,,,,,,,,,,
2026-07-05T04:00:04.012632+00:00,2026-07-05T04:00:04.012592,1,1,137.05,0.5,136.8,150,,,,,,,,,,,,,,,,,,,137.3,150,,,,,,,,,,,,,,,,,,
2026-07-05T04:00:04.066634+00:00,2026-07-05T04:00:04.066512,2,1,137.1,0.4,136.9,100,136.8,150,,,,,,,,,,,,,,,,,137.3,150,,,,,,,,,,,,,,,,,,
2026-07-05T04:00:04.114416+00:00,2026-07-05T04:00:04.114360,2,2,137.1,0.4,136.9,100,136.8,150,,,,,,,,,,,,,,,,,137.3,150,137.4,100,,,,,,,,,,,,,,,,
2026-07-05T04:00:04.184927+00:00,2026-07-05T04:00:04.179442,2,2,137.1,0.4,136.9,89,136.8,150,,,,,,,,,,,,,,,,,137.3,150,137.4,100,,,,,,,,,,,,,,,,
2026-07-05T04:00:04.215107+00:00,2026-07-05T04:00:04.215030,2,2,137.1,0.4,136.9,48,136.8,150,,,,,,,,,,,,,,,,,137.3,150,137.4,100,,,,,,,,,,,,,,,,
2026-07-05T04:00:05.423099+00:00,2026-07-05T04:00:05.422963,2,2,137.1,0.4,136.9,48,136.8,150,,,,,,,,,,,,,,,,,137.3,106,137.4,100,,,,,,,,,,,,,,,,
2026-07-05T04:00:05.468984+00:00,2026-07-05T04:00:05.468908,2,2,137.1,0.4,136.9,48,136.8,150,,,,,,,,,,,,,,,,,137.3,56,137.4,100,,,,,,,,,,,,,,,,
2026-07-05T04:00:06.466580+00:00,2026-07-05T04:00:06.465857,1,1,137.15,0.5,136.9,48,,,,,,,,,,,,,,,,,,,137.4,100,,,,,,,,,,,,,,,,,,
2026-07-05T04:00:06.527856+00:00,2026-07-05T04:00:06.527744,2,1,137.2,0.4,137.0,150,136.9,48,,,,,,,,,,,,,,,,,137.4,100,,,,,,,,,,,,,,,,,,
2026-07-05T04:00:06.581784+00:00,2026-07-05T04:00:06.581666,2,2,137.2,0.4,137.0,150,136.9,48,,,,,,,,,,,,,,,,,137.4,100,137.5,150,,,,,,,,,,,,,,,,
2026-07-05T04:00:07.172981+00:00,2026-07-05T04:00:07.172907,1,1,137.25,0.5,137.0,150,,,,,,,,,,,,,,,,,,,137.5,150,,,,,,,,,,,,,,,,,,
2026-07-05T04:00:07.226610+00:00,2026-07-05T04:00:07.226714,2,1,137.25,0.5,137.0,150,136.6,100,,,,,,,,,,,,,,,,,137.5,150,,,,,,,,,,,,,,,,,,
2026-07-05T04:00:07.276751+00:00,2026-07-05T04:00:07.276953,2,2,137.05,0.1,137.0,150,136.6,100,,,,,,,,,,,,,,,,,137.1,100,137.5,150,,,,,,,,,,,,,,,,
2026-07-05T04:00:07.577653+00:00,2026-07-05T04:00:07.577538,2,2,137.05,0.1,137.0,150,136.6,100,,,,,,,,,,,,,,,,,137.1,50,137.5,150,,,,,,,,,,,,,,,,
2026-07-05T04:00:08.644955+00:00,2026-07-05T04:00:08.644850,2,2,137.05,0.1,137.0,150,136.6,100,,,,,,,,,,,,,,,,,137.1,3,137.5,150,,,,,,,,,,,,,,,,
2026-07-05T04:00:09.582336+00:00,2026-07-05T04:00:09.582464,2,2,137.05,0.1,137.0,110,136.6,100,,,,,,,,,,,,,,,,,137.1,3,137.5,150,,,,,,,,,,,,,,,,
2026-07-05T04:00:09.637192+00:00,2026-07-05T04:00:09.637122,1,1,136.85,0.5,136.6,100,,,,,,,,,,,,,,,,,,,137.1,3,,,,,,,,,,,,,,,,,,
2026-07-05T04:00:09.691929+00:00,2026-07-05T04:00:09.691806,2,1,137.0,0.2,136.9,150,136.6,100,,,,,,,,,,,,,,,,,137.1,3,,,,,,,,,,,,,,,,,,
2026-07-05T04:00:09.734231+00:00,2026-07-05T04:00:09.728641,2,1,137.0,0.2,136.9,100,136.6,100,,,,,,,,,,,,,,,,,137.1,3,,,,,,,,,,,,,,,,,,
2026-07-05T04:00:09.745100+00:00,2026-07-05T04:00:09.745004,2,2,137.0,0.2,136.9,100,136.6,100,,,,,,,,,,,,,,,,,137.1,3,137.4,150,,,,,,,,,,,,,,,,
2026-07-05T04:00:10.334518+00:00,2026-07-05T04:00:10.334456,2,1,137.15,0.5,136.9,100,136.6,100,,,,,,,,,,,,,,,,,137.4,150,,,,,,,,,,,,,,,,,,
2026-07-05T04:00:10.339755+00:00,2026-07-05T04:00:10.339652,1,1,137.15,0.5,136.9,100,,,,,,,,,,,,,,,,,,,137.4,150,,,,,,,,,,,,,,,,,,
2026-07-05T04:00:10.390029+00:00,2026-07-05T04:00:10.389976,2,1,137.2,0.4,137.0,100,136.9,100,,,,,,,,,,,,,,,,,137.4,150,,,,,,,,,,,,,,,,,,
2026-07-05T04:00:10.458638+00:00,2026-07-05T04:00:10.453054,2,2,137.2,0.4,137.0,100,136.9,100,,,,,,,,,,,,,,,,,137.4,150,137.5,100,,,,,,,,,,,,,,,,
2026-07-05T04:00:11.121379+00:00,2026-07-05T04:00:11.121246,2,2,137.2,0.4,137.0,51,136.9,100,,,,,,,,,,,,,,,,,137.4,150,137.5,100,,,,,,,,,,,,,,,,
2026-07-05T04:00:12.798814+00:00,2026-07-05T04:00:12.798647,1,1,137.25,0.5,137.0,51,,,,,,,,,,,,,,,,,,,137.5,100,,,,,,,,,,,,,,,,,,
2026-07-05T04:00:12.852981+00:00,2026-07-05T04:00:12.853210,2,1,137.25,0.5,137.0,51,136.7,150,,,,,,,,,,,,,,,,,137.5,100,,,,,,,,,,,,,,,,,,
2026-07-05T04:00:12.906629+00:00,2026-07-05T04:00:12.906548,2,2,137.1,0.2,137.0,51,136.7,150,,,,,,,,,,,,,,,,,137.2,150,137.5,100,,,,,,,,,,,,,,,,
2026-07-05T04:00:13.516631+00:00,2026-07-05T04:00:13.516602,1,1,136.95,0.5,136.7,150,,,,,,,,,,,,,,,,,,,137.2,150,,,,,,,,,,,,,,,,,,
2026-07-05T04:00:13.571042+00:00,2026-07-05T04:00:13.571021,2,1,137.0,0.4,136.8,100,136.7,150,,,,,,,,,,,,,,,,,137.2,150,,,,,,,,,,,,,,,,,,
2026-07-05T04:00:13.623729+00:00,2026-07-05T04:00:13.623704,2,2,137.0,0.4,136.8,100,136.7,150,,,,,,,,,,,,,,,,,137.2,150,137.3,100,,,,,,,,,,,,,,,,
2026-07-05T04:00:13.898796+00:00,2026-07-05T04:00:13.898720,2,2,137.0,0.4,136.8,100,136.7,150,,,,,,,,,,,,,,,,,137.2,100,137.3,100,,,,,,,,,,,,,,,,
2026-07-05T04:00:14.158578+00:00,2026-07-05T04:00:14.156456,2,2,137.0,0.4,136.8,100,136.7,150,,,,,,,,,,,,,,,,,137.2,60,137.3,100,,,,,,,,,,,,,,,,
2026-07-05T04:00:14.216660+00:00,2026-07-05T04:00:14.216772,2,2,137.0,0.4,136.8,54,136.7,150,,,,,,,,,,,,,,,,,137.2,60,137.3,100,,,,,,,,,,,,,,,,
2026-07-05T04:00:15.447966+00:00,2026-07-05T04:00:15.447937,2,2,137.0,0.4,136.8,54,136.7,150,,,,,,,,,,,,,,,,,137.2,12,137.3,100,,,,,,,,,,,,,,,,
2026-07-05T04:00:15.921500+00:00,2026-07-05T04:00:15.921433,2,2,137.0,0.4,136.8,14,136.7,150,,,,,,,,,,,,,,,,,137.2,12,137.3,100,,,,,,,,,,,,,,,,
2026-07-05T04:00:15.958680+00:00,2026-07-05T04:00:15.954738,1,1,137.05,0.5,136.8,14,,,,,,,,,,,,,,,,,,,137.3,100,,,,,,,,,,,,,,,,,,
2026-07-05T04:00:16.017038+00:00,2026-07-05T04:00:16.016928,1,1,137.05,0.5,136.8,14,,,,,,,,,,,,,,,,,,,137.3,50,,,,,,,,,,,,,,,,,,
2026-07-05T04:00:16.022249+00:00,2026-07-05T04:00:16.022126,2,0,,,137.3,100,136.8,14,,,,,,,,,,,,,,,,,,,,,,,,,,,,,,,,,,,,
2026-07-05T04:00:16.077310+00:00,2026-07-05T04:00:16.077489,2,1,137.55,0.5,137.3,100,136.8,14,,,,,,,,,,,,,,,,,137.8,150,,,,,,,,,,,,,,,,,,
2026-07-05T04:00:16.088139+00:00,2026-07-05T04:00:16.081816,2,1,137.55,0.5,137.3,97,136.8,14,,,,,,,,,,,,,,,,,137.8,150,,,,,,,,,,,,,,,,,,
2026-07-05T04:00:16.680594+00:00,2026-07-05T04:00:16.680481,1,1,137.55,0.5,137.3,97,,,,,,,,,,,,,,,,,,,137.8,150,,,,,,,,,,,,,,,,,,
2026-07-05T04:00:16.734296+00:00,2026-07-05T04:00:16.734205,2,1,137.55,0.5,137.3,97,136.9,100,,,,,,,,,,,,,,,,,137.8,150,,,,,,,,,,,,,,,,,,
2026-07-05T04:00:16.749733+00:00,2026-07-05T04:00:16.743712,2,1,137.55,0.5,137.3,94,136.9,100,,,,,,,,,,,,,,,,,137.8,150,,,,,,,,,,,,,,,,,,
2026-07-05T04:00:16.789555+00:00,2026-07-05T04:00:16.789476,2,2,137.35,0.1,137.3,94,136.9,100,,,,,,,,,,,,,,,,,137.4,100,137.8,150,,,,,,,,,,,,,,,,
2026-07-05T04:00:17.040880+00:00,2026-07-05T04:00:17.040835,2,2,137.35,0.1,137.3,48,136.9,100,,,,,,,,,,,,,,,,,137.4,100,137.8,150,,,,,,,,,,,,,,,,
2026-07-05T04:00:18.174968+00:00,2026-07-05T04:00:18.174814,1,2,137.15,0.5,136.9,98,,,,,,,,,,,,,,,,,,,137.4,100,137.8,150,,,,,,,,,,,,,,,,
2026-07-05T04:00:19.133782+00:00,2026-07-05T04:00:19.133743,1,1,137.15,0.5,136.9,98,,,,,,,,,,,,,,,,,,,137.4,100,,,,,,,,,,,,,,,,,,
2026-07-05T04:00:19.185555+00:00,2026-07-05T04:00:19.185506,2,1,137.15,0.5,136.9,98,136.6,150,,,,,,,,,,,,,,,,,137.4,100,,,,,,,,,,,,,,,,,,
2026-07-05T04:00:19.252036+00:00,2026-07-05T04:00:19.245654,2,2,137.0,0.2,136.9,98,136.6,150,,,,,,,,,,,,,,,,,137.1,147,137.4,100,,,,,,,,,,,,,,,,
2026-07-05T04:00:19.842325+00:00,2026-07-05T04:00:19.842189,1,1,136.85,0.5,136.6,150,,,,,,,,,,,,,,,,,,,137.1,147,,,,,,,,,,,,,,,,,,
2026-07-05T04:00:19.895208+00:00,2026-07-05T04:00:19.895087,2,1,137.0,0.2,136.9,100,136.6,150,,,,,,,,,,,,,,,,,137.1,147,,,,,,,,,,,,,,,,,,
2026-07-05T04:00:19.952529+00:00,2026-07-05T04:00:19.952434,2,2,137.0,0.2,136.9,100,136.6,150,,,,,,,,,,,,,,,,,137.1,147,137.4,100,,,,,,,,,,,,,,,,
2026-07-05T04:00:20.285561+00:00,2026-07-05T04:00:20.285482,2,2,137.0,0.2,136.9,50,136.6,150,,,,,,,,,,,,,,,,,137.1,147,137.4,100,,,,,,,,,,,,,,,,
2026-07-05T04:00:20.468844+00:00,2026-07-05T04:00:20.468787,2,2,137.0,0.2,136.9,50,136.6,150,,,,,,,,,,,,,,,,,137.1,100,137.4,100,,,,,,,,,,,,,,,,
2026-07-05T04:00:21.112392+00:00,2026-07-05T04:00:21.112318,2,2,137.0,0.2,136.9,2,136.6,150,,,,,,,,,,,,,,,,,137.1,100,137.4,100,,,,,,,,,,,,,,,,
2026-07-05T04:00:22.303780+00:00,2026-07-05T04:00:22.303690,1,1,137.15,0.5,136.9,2,,,,,,,,,,,,,,,,,,,137.4,100,,,,,,,,,,,,,,,,,,
2026-07-05T04:00:22.341167+00:00,2026-07-05T04:00:22.340985,1,1,137.15,0.5,136.9,2,,,,,,,,,,,,,,,,,,,137.4,50,,,,,,,,,,,,,,,,,,
2026-07-05T04:00:22.358862+00:00,2026-07-05T04:00:22.358696,2,1,137.15,0.5,136.9,2,136.8,150,,,,,,,,,,,,,,,,,137.4,50,,,,,,,,,,,,,,,,,,
2026-07-05T04:00:22.406878+00:00,2026-07-05T04:00:22.406842,2,2,137.1,0.4,136.9,2,136.8,150,,,,,,,,,,,,,,,,,137.3,150,137.4,50,,,,,,,,,,,,,,,,
2026-07-05T04:00:23.007317+00:00,2026-07-05T04:00:23.007212,1,1,137.05,0.5,136.8,150,,,,,,,,,,,,,,,,,,,137.3,150,,,,,,,,,,,,,,,,,,
2026-07-05T04:00:23.052979+00:00,2026-07-05T04:00:23.053192,2,1,137.05,0.5,136.8,150,136.7,100,,,,,,,,,,,,,,,,,137.3,150,,,,,,,,,,,,,,,,,,
2026-07-05T04:00:23.110750+00:00,2026-07-05T04:00:23.110847,2,2,137.0,0.4,136.8,150,136.7,100,,,,,,,,,,,,,,,,,137.2,100,137.3,150,,,,,,,,,,,,,,,,
2026-07-05T04:00:25.463853+00:00,2026-07-05T04:00:25.463783,1,1,136.95,0.5,136.7,100,,,,,,,,,,,,,,,,,,,137.2,100,,,,,,,,,,,,,,,,,,
2026-07-05T04:00:25.517267+00:00,2026-07-05T04:00:25.516953,1,1,136.95,0.5,136.7,250,,,,,,,,,,,,,,,,,,,137.2,100,,,,,,,,,,,,,,,,,,
2026-07-05T04:00:25.592412+00:00,2026-07-05T04:00:25.592294,1,1,136.95,0.5,136.7,250,,,,,,,,,,,,,,,,,,,137.2,250,,,,,,,,,,,,,,,,,,
2026-07-05T04:00:25.597650+00:00,2026-07-05T04:00:25.597501,1,1,136.95,0.5,136.7,250,,,,,,,,,,,,,,,,,,,137.2,204,,,,,,,,,,,,,,,,,,
2026-07-05T04:00:26.082471+00:00,2026-07-05T04:00:26.082436,1,1,136.95,0.5,136.7,250,,,,,,,,,,,,,,,,,,,137.2,163,,,,,,,,,,,,,,,,,,
2026-07-05T04:00:26.165557+00:00,2026-07-05T04:00:26.165477,1,1,136.95,0.5,136.7,150,,,,,,,,,,,,,,,,,,,137.2,150,,,,,,,,,,,,,,,,,,
2026-07-05T04:00:26.220145+00:00,2026-07-05T04:00:26.220047,2,1,136.95,0.5,136.7,150,136.6,100,,,,,,,,,,,,,,,,,137.2,150,,,,,,,,,,,,,,,,,,
2026-07-05T04:00:26.274167+00:00,2026-07-05T04:00:26.274067,2,2,136.9,0.4,136.7,150,136.6,100,,,,,,,,,,,,,,,,,137.1,100,137.2,150,,,,,,,,,,,,,,,,
2026-07-05T04:00:26.552174+00:00,2026-07-05T04:00:26.552089,2,2,136.9,0.4,136.7,150,136.6,100,,,,,,,,,,,,,,,,,137.1,50,137.2,150,,,,,,,,,,,,,,,,
2026-07-05T04:00:27.806754+00:00,2026-07-05T04:00:27.806639,2,2,136.9,0.4,136.7,103,136.6,100,,,,,,,,,,,,,,,,,137.1,50,137.2,150,,,,,,,,,,,,,,,,
2026-07-05T04:00:28.658660+00:00,2026-07-05T04:00:28.650864,1,0,,,136.6,100,,,,,,,,,,,,,,,,,,,,,,,,,,,,,,,,,,,,,,
2026-07-05T04:00:28.704935+00:00,2026-07-05T04:00:28.704855,2,0,,,136.6,100,136.5,150,,,,,,,,,,,,,,,,,,,,,,,,,,,,,,,,,,,,
2026-07-05T04:00:28.759014+00:00,2026-07-05T04:00:28.758911,2,1,136.8,0.4,136.6,100,136.5,150,,,,,,,,,,,,,,,,,137.0,150,,,,,,,,,,,,,,,,,,
2026-07-05T04:00:29.325920+00:00,2026-07-05T04:00:29.325801,1,1,136.75,0.5,136.5,150,,,,,,,,,,,,,,,,,,,137.0,150,,,,,,,,,,,,,,,,,,
2026-07-05T04:00:29.387459+00:00,2026-07-05T04:00:29.387268,1,1,136.75,0.5,136.5,150,,,,,,,,,,,,,,,,,,,137.0,50,,,,,,,,,,,,,,,,,,
2026-07-05T04:00:29.441300+00:00,2026-07-05T04:00:29.441169,1,2,136.75,0.5,136.5,150,,,,,,,,,,,,,,,,,,,137.0,50,137.6,100,,,,,,,,,,,,,,,,
2026-07-05T04:00:29.859006+00:00,2026-07-05T04:00:29.852580,1,2,136.75,0.5,136.5,150,,,,,,,,,,,,,,,,,,,137.0,47,137.6,100,,,,,,,,,,,,,,,,
2026-07-05T04:00:30.769044+00:00,2026-07-05T04:00:30.768919,1,1,137.05,1.1,136.5,150,,,,,,,,,,,,,,,,,,,137.6,97,,,,,,,,,,,,,,,,,,
2026-07-05T04:00:31.812870+00:00,2026-07-05T04:00:31.812976,0,1,,,,,,,,,,,,,,,,,,,,,,,137.6,97,,,,,,,,,,,,,,,,,,
2026-07-05T04:00:31.876862+00:00,2026-07-05T04:00:31.870978,1,1,137.45,0.3,137.3,102,,,,,,,,,,,,,,,,,,,137.6,97,,,,,,,,,,,,,,,,,,
2026-07-05T04:00:31.916639+00:00,2026-07-05T04:00:31.916609,1,2,137.45,0.3,137.3,102,,,,,,,,,,,,,,,,,,,137.6,97,137.8,150,,,,,,,,,,,,,,,,
2026-07-05T04:00:32.488721+00:00,2026-07-05T04:00:32.482332,1,2,137.45,0.3,137.3,99,,,,,,,,,,,,,,,,,,,137.6,97,137.8,150,,,,,,,,,,,,,,,,
2026-07-05T04:00:32.504364+00:00,2026-07-05T04:00:32.504189,1,1,137.55,0.5,137.3,99,,,,,,,,,,,,,,,,,,,137.8,150,,,,,,,,,,,,,,,,,,
2026-07-05T04:00:32.552222+00:00,2026-07-05T04:00:32.552111,2,1,137.55,0.5,137.3,99,136.9,100,,,,,,,,,,,,,,,,,137.8,150,,,,,,,,,,,,,,,,,,
2026-07-05T04:00:32.606221+00:00,2026-07-05T04:00:32.606112,2,2,137.35,0.1,137.3,99,136.9,100,,,,,,,,,,,,,,,,,137.4,100,137.8,150,,,,,,,,,,,,,,,,
2026-07-05T04:00:32.874230+00:00,2026-07-05T04:00:32.874403,2,2,137.35,0.1,137.3,99,136.9,100,,,,,,,,,,,,,,,,,137.4,50,137.8,150,,,,,,,,,,,,,,,,
2026-07-05T04:00:34.969781+00:00,2026-07-05T04:00:34.969678,1,1,137.15,0.5,136.9,100,,,,,,,,,,,,,,,,,,,137.4,50,,,,,,,,,,,,,,,,,,
2026-07-05T04:00:35.027256+00:00,2026-07-05T04:00:35.027183,2,1,137.2,0.4,137.0,150,136.9,100,,,,,,,,,,,,,,,,,137.4,50,,,,,,,,,,,,,,,,,,
2026-07-05T04:00:35.032549+00:00,2026-07-05T04:00:35.032421,2,1,137.2,0.4,137.0,100,136.9,100,,,,,,,,,,,,,,,,,137.4,50,,,,,,,,,,,,,,,,,,
2026-07-05T04:00:35.080460+00:00,2026-07-05T04:00:35.080406,2,2,137.2,0.4,137.0,100,136.9,100,,,,,,,,,,,,,,,,,137.4,50,137.5,150,,,,,,,,,,,,,,,,
2026-07-05T04:00:35.658566+00:00,2026-07-05T04:00:35.657398,1,1,137.25,0.5,137.0,100,,,,,,,,,,,,,,,,,,,137.5,150,,,,,,,,,,,,,,,,,,
2026-07-05T04:00:35.713768+00:00,2026-07-05T04:00:35.713717,1,1,137.25,0.5,137.0,200,,,,,,,,,,,,,,,,,,,137.5,150,,,,,,,,,,,,,,,,,,
2026-07-05T04:00:35.770550+00:00,2026-07-05T04:00:35.770431,1,1,137.25,0.5,137.0,200,,,,,,,,,,,,,,,,,,,137.5,250,,,,,,,,,,,,,,,,,,
2026-07-05T04:00:37.167529+00:00,2026-07-05T04:00:37.167470,1,1,137.25,0.5,137.0,150,,,,,,,,,,,,,,,,,,,137.5,250,,,,,,,,,,,,,,,,,,
2026-07-05T04:00:38.130045+00:00,2026-07-05T04:00:38.129971,1,1,137.25,0.5,137.0,150,,,,,,,,,,,,,,,,,,,137.5,210,,,,,,,,,,,,,,,,,,
2026-07-05T04:00:38.135412+00:00,2026-07-05T04:00:38.135316,1,1,137.25,0.5,137.0,100,,,,,,,,,,,,,,,,,,,137.5,100,,,,,,,,,,,,,,,,,,
2026-07-05T04:00:38.189995+00:00,2026-07-05T04:00:38.190102,2,1,137.25,0.5,137.0,100,136.8,150,,,,,,,,,,,,,,,,,137.5,100,,,,,,,,,,,,,,,,,,
2026-07-05T04:00:38.243370+00:00,2026-07-05T04:00:38.243275,2,2,137.15,0.3,137.0,100,136.8,150,,,,,,,,,,,,,,,,,137.3,150,137.5,100,,,,,,,,,,,,,,,,
2026-07-05T04:00:38.826714+00:00,2026-07-05T04:00:38.826663,1,1,137.05,0.5,136.8,150,,,,,,,,,,,,,,,,,,,137.3,150,,,,,,,,,,,,,,,,,,
2026-07-05T04:00:38.882628+00:00,2026-07-05T04:00:38.882507,2,1,137.1,0.4,136.9,100,136.8,150,,,,,,,,,,,,,,,,,137.3,150,,,,,,,,,,,,,,,,,,
2026-07-05T04:00:38.936270+00:00,2026-07-05T04:00:38.936166,2,2,137.1,0.4,136.9,100,136.8,150,,,,,,,,,,,,,,,,,137.3,150,137.4,100,,,,,,,,,,,,,,,,
2026-07-05T04:00:39.278556+00:00,2026-07-05T04:00:39.278790,2,2,137.1,0.4,136.9,50,136.8,150,,,,,,,,,,,,,,,,,137.3,150,137.4,100,,,,,,,,,,,,,,,,
2026-07-05T04:00:39.651408+00:00,2026-07-05T04:00:39.651377,2,2,137.1,0.4,136.9,50,136.8,150,,,,,,,,,,,,,,,,,137.3,104,137.4,100,,,,,,,,,,,,,,,,
2026-07-05T04:00:40.250144+00:00,2026-07-05T04:00:40.250287,2,2,137.1,0.4,136.9,1,136.8,150,,,,,,,,,,,,,,,,,137.3,104,137.4,100,,,,,,,,,,,,,,,,
2026-07-05T04:00:41.174659+00:00,2026-07-05T04:00:41.174893,2,2,137.1,0.4,136.9,1,136.8,150,,,,,,,,,,,,,,,,,137.3,64,137.4,100,,,,,,,,,,,,,,,,
2026-07-05T04:00:41.324997+00:00,2026-07-05T04:00:41.324832,1,1,137.15,0.5,136.9,1,,,,,,,,,,,,,,,,,,,137.4,100,,,,,,,,,,,,,,,,,,
2026-07-05T04:00:41.381910+00:00,2026-07-05T04:00:41.381881,2,1,137.25,0.3,137.1,150,136.9,1,,,,,,,,,,,,,,,,,137.4,100,,,,,,,,,,,,,,,,,,
2026-07-05T04:00:41.393183+00:00,2026-07-05T04:00:41.393108,2,1,137.25,0.3,137.1,100,136.9,1,,,,,,,,,,,,,,,,,137.4,100,,,,,,,,,,,,,,,,,,
2026-07-05T04:00:41.432724+00:00,2026-07-05T04:00:41.432613,2,2,137.25,0.3,137.1,100,136.9,1,,,,,,,,,,,,,,,,,137.4,100,137.6,150,,,,,,,,,,,,,,,,
2026-07-05T04:00:41.993939+00:00,2026-07-05T04:00:41.993837,1,1,137.35,0.5,137.1,100,,,,,,,,,,,,,,,,,,,137.6,150,,,,,,,,,,,,,,,,,,
2026-07-05T04:00:42.046627+00:00,2026-07-05T04:00:42.046552,2,1,137.35,0.5,137.1,100,136.7,100,,,,,,,,,,,,,,,,,137.6,150,,,,,,,,,,,,,,,,,,
2026-07-05T04:00:42.102861+00:00,2026-07-05T04:00:42.102811,2,2,137.15,0.1,137.1,100,136.7,100,,,,,,,,,,,,,,,,,137.2,100,137.6,150,,,,,,,,,,,,,,,,
2026-07-05T04:00:42.163981+00:00,2026-07-05T04:00:42.163921,2,2,137.15,0.1,137.1,56,136.7,100,,,,,,,,,,,,,,,,,137.2,100,137.6,150,,,,,,,,,,,,,,,,
2026-07-05T04:00:42.778085+00:00,2026-07-05T04:00:42.777979,2,2,137.15,0.1,137.1,8,136.7,100,,,,,,,,,,,,,,,,,137.2,100,137.6,150,,,,,,,,,,,,,,,,
2026-07-05T04:00:43.512339+00:00,2026-07-05T04:00:43.512232,1,2,136.95,0.5,136.7,100,,,,,,,,,,,,,,,,,,,137.2,100,137.6,150,,,,,,,,,,,,,,,,
2026-07-05T04:00:44.488320+00:00,2026-07-05T04:00:44.488233,1,1,136.95,0.5,136.7,100,,,,,,,,,,,,,,,,,,,137.2,100,,,,,,,,,,,,,,,,,,
2026-07-05T04:00:44.544987+00:00,2026-07-05T04:00:44.544923,2,1,136.95,0.5,136.7,100,136.5,150,,,,,,,,,,,,,,,,,137.2,100,,,,,,,,,,,,,,,,,,
2026-07-05T04:00:44.610998+00:00,2026-07-05T04:00:44.603611,2,2,136.85,0.3,136.7,100,136.5,150,,,,,,,,,,,,,,,,,137.0,147,137.2,100,,,,,,,,,,,,,,,,
2026-07-05T04:00:44.808407+00:00,2026-07-05T04:00:44.808208,2,2,136.85,0.3,136.7,100,136.5,150,,,,,,,,,,,,,,,,,137.0,100,137.2,100,,,,,,,,,,,,,,,,
2026-07-05T04:00:45.158642+00:00,2026-07-05T04:00:45.154242,1,1,136.75,0.5,136.5,150,,,,,,,,,,,,,,,,,,,137.0,100,,,,,,,,,,,,,,,,,,
2026-07-05T04:00:45.214340+00:00,2026-07-05T04:00:45.214297,2,1,136.85,0.3,136.7,100,136.5,150,,,,,,,,,,,,,,,,,137.0,100,,,,,,,,,,,,,,,,,,
2026-07-05T04:00:45.268164+00:00,2026-07-05T04:00:45.268266,2,2,136.85,0.3,136.7,100,136.5,150,,,,,,,,,,,,,,,,,137.0,100,137.2,100,,,,,,,,,,,,,,,,
2026-07-05T04:00:45.359583+00:00,2026-07-05T04:00:45.359430,2,2,136.85,0.3,136.7,100,136.5,150,,,,,,,,,,,,,,,,,137.0,59,137.2,100,,,,,,,,,,,,,,,,
2026-07-05T04:00:45.633066+00:00,2026-07-05T04:00:45.632998,2,2,136.85,0.3,136.7,50,136.5,150,,,,,,,,,,,,,,,,,137.0,59,137.2,100,,,,,,,,,,,,,,,,
2026-07-05T04:00:45.911005+00:00,2026-07-05T04:00:45.910952,2,2,136.85,0.3,136.7,3,136.5,150,,,,,,,,,,,,,,,,,137.0,59,137.2,100,,,,,,,,,,,,,,,,
2026-07-05T04:00:47.658580+00:00,2026-07-05T04:00:47.656141,1,1,136.95,0.5,136.7,3,,,,,,,,,,,,,,,,,,,137.2,100,,,,,,,,,,,,,,,,,,
2026-07-05T04:00:47.711390+00:00,2026-07-05T04:00:47.711336,2,1,137.05,0.3,136.9,150,136.7,3,,,,,,,,,,,,,,,,,137.2,100,,,,,,,,,,,,,,,,,,
2026-07-05T04:00:47.739041+00:00,2026-07-05T04:00:47.739217,2,1,137.05,0.3,136.9,100,136.7,3,,,,,,,,,,,,,,,,,137.2,100,,,,,,,,,,,,,,,,,,
2026-07-05T04:00:47.764511+00:00,2026-07-05T04:00:47.764425,2,2,137.05,0.3,136.9,100,136.7,3,,,,,,,,,,,,,,,,,137.2,100,137.4,150,,,,,,,,,,,,,,,,
2026-07-05T04:00:48.322985+00:00,2026-07-05T04:00:48.322862,1,1,137.15,0.5,136.9,100,,,,,,,,,,,,,,,,,,,137.4,150,,,,,,,,,,,,,,,,,,
2026-07-05T04:00:48.378545+00:00,2026-07-05T04:00:48.378467,2,1,137.15,0.5,136.9,100,136.4,100,,,,,,,,,,,,,,,,,137.4,150,,,,,,,,,,,,,,,,,,
2026-07-05T04:00:48.433066+00:00,2026-07-05T04:00:48.432946,1,1,136.9,1.0,136.4,100,,,,,,,,,,,,,,,,,,,137.4,150,,,,,,,,,,,,,,,,,,
2026-07-05T04:00:48.854694+00:00,2026-07-05T04:00:48.854563,1,1,136.9,1.0,136.4,100,,,,,,,,,,,,,,,,,,,137.4,106,,,,,,,,,,,,,,,,,,
2026-07-05T04:00:49.829285+00:00,2026-07-05T04:00:49.829221,1,1,136.9,1.0,136.4,100,,,,,,,,,,,,,,,,,,,137.4,56,,,,,,,,,,,,,,,,,,
2026-07-05T04:00:50.821384+00:00,2026-07-05T04:00:50.821278,1,0,,,136.4,100,,,,,,,,,,,,,,,,,,,,,,,,,,,,,,,,,,,,,,
2026-07-05T04:00:50.874156+00:00,2026-07-05T04:00:50.874115,2,0,,,136.6,150,136.4,100,,,,,,,,,,,,,,,,,,,,,,,,,,,,,,,,,,,,
2026-07-05T04:00:50.927204+00:00,2026-07-05T04:00:50.927123,2,1,136.85,0.5,136.6,150,136.4,100,,,,,,,,,,,,,,,,,137.1,150,,,,,,,,,,,,,,,,,,
2026-07-05T04:00:51.493666+00:00,2026-07-05T04:00:51.493526,1,1,136.85,0.5,136.6,150,,,,,,,,,,,,,,,,,,,137.1,150,,,,,,,,,,,,,,,,,,
2026-07-05T04:00:51.544097+00:00,2026-07-05T04:00:51.544068,2,1,136.95,0.3,136.8,100,136.6,150,,,,,,,,,,,,,,,,,137.1,150,,,,,,,,,,,,,,,,,,
2026-07-05T04:00:51.630571+00:00,2026-07-05T04:00:51.630465,2,2,136.95,0.3,136.8,100,136.6,150,,,,,,,,,,,,,,,,,137.1,150,137.3,100,,,,,,,,,,,,,,,,
2026-07-05T04:00:51.940182+00:00,2026-07-05T04:00:51.940044,2,2,136.95,0.3,136.8,100,136.6,150,,,,,,,,,,,,,,,,,137.1,100,137.3,100,,,,,,,,,,,,,,,,
2026-07-05T04:00:53.658655+00:00,2026-07-05T04:00:53.655073,2,2,136.95,0.3,136.8,57,136.6,150,,,,,,,,,,,,,,,,,137.1,100,137.3,100,,,,,,,,,,,,,,,,
2026-07-05T04:00:53.980941+00:00,2026-07-05T04:00:53.981089,1,1,137.05,0.5,136.8,57,,,,,,,,,,,,,,,,,,,137.3,100,,,,,,,,,,,,,,,,,,
2026-07-05T04:00:54.043160+00:00,2026-07-05T04:00:54.043122,2,1,137.05,0.5,136.8,57,136.7,150,,,,,,,,,,,,,,,,,137.3,100,,,,,,,,,,,,,,,,,,
2026-07-05T04:00:54.092630+00:00,2026-07-05T04:00:54.092591,2,2,137.0,0.4,136.8,57,136.7,150,,,,,,,,,,,,,,,,,137.2,150,137.3,100,,,,,,,,,,,,,,,,
2026-07-05T04:00:54.690728+00:00,2026-07-05T04:00:54.690650,1,1,136.95,0.5,136.7,150,,,,,,,,,,,,,,,,,,,137.2,150,,,,,,,,,,,,,,,,,,
2026-07-05T04:00:54.744081+00:00,2026-07-05T04:00:54.743989,2,1,136.95,0.5,136.7,150,136.5,100,,,,,,,,,,,,,,,,,137.2,150,,,,,,,,,,,,,,,,,,
2026-07-05T04:00:54.802262+00:00,2026-07-05T04:00:54.802391,2,2,136.85,0.3,136.7,150,136.5,100,,,,,,,,,,,,,,,,,137.0,100,137.2,150,,,,,,,,,,,,,,,,
2026-07-05T04:00:56.223696+00:00,2026-07-05T04:00:56.223536,2,2,136.85,0.3,136.7,100,136.5,100,,,,,,,,,,,,,,,,,137.0,100,137.2,150,,,,,,,,,,,,,,,,
2026-07-05T04:00:57.146101+00:00,2026-07-05T04:00:57.146001,2,1,136.85,0.3,136.7,100,136.5,100,,,,,,,,,,,,,,,,,137.0,100,,,,,,,,,,,,,,,,,,
2026-07-05T04:00:57.151105+00:00,2026-07-05T04:00:57.151180,1,1,136.75,0.5,136.5,100,,,,,,,,,,,,,,,,,,,137.0,100,,,,,,,,,,,,,,,,,,
2026-07-05T04:00:57.198886+00:00,2026-07-05T04:00:57.198723,2,1,136.85,0.3,136.7,150,136.5,100,,,,,,,,,,,,,,,,,137.0,100,,,,,,,,,,,,,,,,,,
2026-07-05T04:00:57.237835+00:00,2026-07-05T04:00:57.237766,2,1,136.85,0.3,136.7,150,136.5,100,,,,,,,,,,,,,,,,,137.0,52,,,,,,,,,,,,,,,,,,
2026-07-05T04:00:57.263790+00:00,2026-07-05T04:00:57.263746,2,2,136.85,0.3,136.7,150,136.5,100,,,,,,,,,,,,,,,,,137.0,52,137.2,150,,,,,,,,,,,,,,,,
2026-07-05T04:00:57.793361+00:00,2026-07-05T04:00:57.793319,2,2,136.85,0.3,136.7,102,136.5,100,,,,,,,,,,,,,,,,,137.0,52,137.2,150,,,,,,,,,,,,,,,,
2026-07-05T04:00:57.858651+00:00,2026-07-05T04:00:57.854218,1,1,136.95,0.5,136.7,102,,,,,,,,,,,,,,,,,,,137.2,150,,,,,,,,,,,,,,,,,,
2026-07-05T04:00:57.908623+00:00,2026-07-05T04:00:57.908503,2,1,137.0,0.4,136.8,100,136.7,102,,,,,,,,,,,,,,,,,137.2,150,,,,,,,,,,,,,,,,,,
2026-07-05T04:00:57.961712+00:00,2026-07-05T04:00:57.961837,2,2,137.0,0.4,136.8,100,136.7,102,,,,,,,,,,,,,,,,,137.2,150,137.3,100,,,,,,,,,,,,,,,,
2026-07-05T04:00:58.335582+00:00,2026-07-05T04:00:58.335520,2,2,137.0,0.4,136.8,50,136.7,102,,,,,,,,,,,,,,,,,137.2,150,137.3,100,,,,,,,,,,,,,,,,
2026-07-05T04:01:00.306990+00:00,2026-07-05T04:01:00.307174,1,1,137.05,0.5,136.8,50,,,,,,,,,,,,,,,,,,,137.3,100,,,,,,,,,,,,,,,,,,
2026-07-05T04:01:00.358576+00:00,2026-07-05T04:01:00.355556,2,1,137.05,0.5,136.8,50,136.5,150,,,,,,,,,,,,,,,,,137.3,100,,,,,,,,,,,,,,,,,,
2026-07-05T04:01:00.417320+00:00,2026-07-05T04:01:00.417195,2,2,136.9,0.2,136.8,50,136.5,150,,,,,,,,,,,,,,,,,137.0,150,137.3,100,,,,,,,,,,,,,,,,
2026-07-05T04:01:00.444976+00:00,2026-07-05T04:01:00.444920,1,2,136.75,0.5,136.5,150,,,,,,,,,,,,,,,,,,,137.0,150,137.3,100,,,,,,,,,,,,,,,,
2026-07-05T04:01:00.901578+00:00,2026-07-05T04:01:00.901518,1,2,136.75,0.5,136.5,150,,,,,,,,,,,,,,,,,,,137.0,109,137.3,100,,,,,,,,,,,,,,,,
2026-07-05T04:01:01.018356+00:00,2026-07-05T04:01:01.018229,1,1,136.75,0.5,136.5,150,,,,,,,,,,,,,,,,,,,137.0,109,,,,,,,,,,,,,,,,,,
2026-07-05T04:01:01.072031+00:00,2026-07-05T04:01:01.071934,1,1,136.75,0.5,136.5,250,,,,,,,,,,,,,,,,,,,137.0,109,,,,,,,,,,,,,,,,,,
2026-07-05T04:01:01.123775+00:00,2026-07-05T04:01:01.123733,1,1,136.75,0.5,136.5,250,,,,,,,,,,,,,,,,,,,137.0,209,,,,,,,,,,,,,,,,,,
2026-07-05T04:01:02.079305+00:00,2026-07-05T04:01:02.079231,1,1,136.75,0.5,136.5,250,,,,,,,,,,,,,,,,,,,137.0,165,,,,,,,,,,,,,,,,,,
2026-07-05T04:01:03.243587+00:00,2026-07-05T04:01:03.243478,1,1,136.75,0.5,136.5,204,,,,,,,,,,,,,,,,,,,137.0,165,,,,,,,,,,,,,,,,,,
2026-07-05T04:01:03.469416+00:00,2026-07-05T04:01:03.469260,1,1,136.75,0.5,136.5,100,,,,,,,,,,,,,,,,,,,137.0,100,,,,,,,,,,,,,,,,,,
2026-07-05T04:01:03.523141+00:00,2026-07-05T04:01:03.523118,2,1,136.8,0.4,136.6,150,136.5,100,,,,,,,,,,,,,,,,,137.0,100,,,,,,,,,,,,,,,,,,
2026-07-05T04:01:03.579381+00:00,2026-07-05T04:01:03.579280,2,2,136.8,0.4,136.6,150,136.5,100,,,,,,,,,,,,,,,,,137.0,100,137.1,150,,,,,,,,,,,,,,,,
2026-07-05T04:01:04.180539+00:00,2026-07-05T04:01:04.180685,1,1,136.85,0.5,136.6,150,,,,,,,,,,,,,,,,,,,137.1,150,,,,,,,,,,,,,,,,,,
2026-07-05T04:01:04.219851+00:00,2026-07-05T04:01:04.219757,1,1,136.85,0.5,136.6,109,,,,,,,,,,,,,,,,,,,137.1,150,,,,,,,,,,,,,,,,,,
2026-07-05T04:01:04.236763+00:00,2026-07-05T04:01:04.236664,2,1,136.85,0.5,136.6,109,136.4,100,,,,,,,,,,,,,,,,,137.1,150,,,,,,,,,,,,,,,,,,
2026-07-05T04:01:04.290000+00:00,2026-07-05T04:01:04.289930,2,2,136.75,0.3,136.6,109,136.4,100,,,,,,,,,,,,,,,,,136.9,100,137.1,150,,,,,,,,,,,,,,,,
2026-07-05T04:01:06.633550+00:00,2026-07-05T04:01:06.633466,1,1,136.65,0.5,136.4,100,,,,,,,,,,,,,,,,,,,136.9,100,,,,,,,,,,,,,,,,,,
2026-07-05T04:01:06.686367+00:00,2026-07-05T04:01:06.686331,1,1,136.65,0.5,136.4,250,,,,,,,,,,,,,,,,,,,136.9,100,,,,,,,,,,,,,,,,,,
2026-07-05T04:01:06.774521+00:00,2026-07-05T04:01:06.774370,1,1,136.65,0.5,136.4,250,,,,,,,,,,,,,,,,,,,136.9,250,,,,,,,,,,,,,,,,,,
2026-07-05T04:01:06.834371+00:00,2026-07-05T04:01:06.834233,1,1,136.65,0.5,136.4,200,,,,,,,,,,,,,,,,,,,136.9,250,,,,,,,,,,,,,,,,,,
2026-07-05T04:01:06.978195+00:00,2026-07-05T04:01:06.978154,1,1,136.65,0.5,136.4,200,,,,,,,,,,,,,,,,,,,136.9,205,,,,,,,,,,,,,,,,,,
2026-07-05T04:01:07.344215+00:00,2026-07-05T04:01:07.344094,1,1,136.65,0.5,136.4,150,,,,,,,,,,,,,,,,,,,136.9,150,,,,,,,,,,,,,,,,,,
2026-07-05T04:01:07.400006+00:00,2026-07-05T04:01:07.399898,1,1,136.65,0.5,136.4,250,,,,,,,,,,,,,,,,,,,136.9,150,,,,,,,,,,,,,,,,,,
2026-07-05T04:01:07.458623+00:00,2026-07-05T04:01:07.453017,1,1,136.65,0.5,136.4,250,,,,,,,,,,,,,,,,,,,136.9,250,,,,,,,,,,,,,,,,,,
2026-07-05T04:01:08.188733+00:00,2026-07-05T04:01:08.188870,1,1,136.65,0.5,136.4,250,,,,,,,,,,,,,,,,,,,136.9,210,,,,,,,,,,,,,,,,,,
2026-07-05T04:01:09.216062+00:00,2026-07-05T04:01:09.215968,1,1,136.65,0.5,136.4,205,,,,,,,,,,,,,,,,,,,136.9,210,,,,,,,,,,,,,,,,,,
2026-07-05T04:01:09.829159+00:00,2026-07-05T04:01:09.829110,1,1,136.65,0.5,136.4,100,,,,,,,,,,,,,,,,,,,136.9,100,,,,,,,,,,,,,,,,,,
2026-07-05T04:01:09.883731+00:00,2026-07-05T04:01:09.883622,2,1,136.65,0.5,136.4,100,136.3,150,,,,,,,,,,,,,,,,,136.9,100,,,,,,,,,,,,,,,,,,
2026-07-05T04:01:09.937864+00:00,2026-07-05T04:01:09.937802,2,2,136.6,0.4,136.4,100,136.3,150,,,,,,,,,,,,,,,,,136.8,150,136.9,100,,,,,,,,,,,,,,,,
2026-07-05T04:01:10.506892+00:00,2026-07-05T04:01:10.506829,2,1,136.6,0.4,136.4,100,136.3,150,,,,,,,,,,,,,,,,,136.8,150,,,,,,,,,,,,,,,,,,
2026-07-05T04:01:10.512164+00:00,2026-07-05T04:01:10.512012,1,1,136.55,0.5,136.3,150,,,,,,,,,,,,,,,,,,,136.8,150,,,,,,,,,,,,,,,,,,
2026-07-05T04:01:10.565811+00:00,2026-07-05T04:01:10.565782,2,1,136.6,0.4,136.4,100,136.3,150,,,,,,,,,,,,,,,,,136.8,150,,,,,,,,,,,,,,,,,,
2026-07-05T04:01:10.620016+00:00,2026-07-05T04:01:10.619929,2,2,136.6,0.4,136.4,100,136.3,150,,,,,,,,,,,,,,,,,136.8,150,136.9,100,,,,,,,,,,,,,,,,
2026-07-05T04:01:11.048675+00:00,2026-07-05T04:01:11.048597,2,2,136.6,0.4,136.4,50,136.3,150,,,,,,,,,,,,,,,,,136.8,150,136.9,100,,,,,,,,,,,,,,,,
2026-07-05T04:01:11.764028+00:00,2026-07-05T04:01:11.763942,2,2,136.6,0.4,136.4,50,136.3,150,,,,,,,,,,,,,,,,,136.8,104,136.9,100,,,,,,,,,,,,,,,,
2026-07-05T04:01:12.992272+00:00,2026-07-05T04:01:12.992194,1,1,136.65,0.5,136.4,50,,,,,,,,,,,,,,,,,,,136.9,100,,,,,,,,,,,,,,,,,,
2026-07-05T04:01:13.047641+00:00,2026-07-05T04:01:13.047562,2,1,136.7,0.4,136.5,150,136.4,50,,,,,,,,,,,,,,,,,136.9,100,,,,,,,,,,,,,,,,,,
2026-07-05T04:01:13.101190+00:00,2026-07-05T04:01:13.101396,2,2,136.7,0.4,136.5,150,136.4,50,,,,,,,,,,,,,,,,,136.9,100,137.0,150,,,,,,,,,,,,,,,,
2026-07-05T04:01:13.163875+00:00,2026-07-05T04:01:13.163826,2,2,136.7,0.4,136.5,100,136.4,50,,,,,,,,,,,,,,,,,136.9,100,137.0,150,,,,,,,,,,,,,,,,
2026-07-05T04:01:13.433933+00:00,2026-07-05T04:01:13.433832,2,2,136.7,0.4,136.5,60,136.4,50,,,,,,,,,,,,,,,,,136.9,100,137.0,150,,,,,,,,,,,,,,,,
2026-07-05T04:01:13.670878+00:00,2026-07-05T04:01:13.670843,2,1,136.75,0.5,136.5,60,136.4,50,,,,,,,,,,,,,,,,,137.0,150,,,,,,,,,,,,,,,,,,
2026-07-05T04:01:13.676078+00:00,2026-07-05T04:01:13.676019,1,1,136.75,0.5,136.5,60,,,,,,,,,,,,,,,,,,,137.0,150,,,,,,,,,,,,,,,,,,
2026-07-05T04:01:13.723955+00:00,2026-07-05T04:01:13.723878,2,1,136.75,0.5,136.5,60,136.2,100,,,,,,,,,,,,,,,,,137.0,150,,,,,,,,,,,,,,,,,,
2026-07-05T04:01:13.777137+00:00,2026-07-05T04:01:13.777079,2,2,136.6,0.2,136.5,60,136.2,100,,,,,,,,,,,,,,,,,136.7,100,137.0,150,,,,,,,,,,,,,,,,
2026-07-05T04:01:14.092329+00:00,2026-07-05T04:01:14.092237,2,2,136.6,0.2,136.5,60,136.2,100,,,,,,,,,,,,,,,,,136.7,59,137.0,150,,,,,,,,,,,,,,,,
2026-07-05T04:01:15.245025+00:00,2026-07-05T04:01:15.245121,2,2,136.6,0.2,136.5,13,136.2,100,,,,,,,,,,,,,,,,,136.7,59,137.0,150,,,,,,,,,,,,,,,,
2026-07-05T04:01:16.158551+00:00,2026-07-05T04:01:16.156663,1,1,136.45,0.5,136.2,100,,,,,,,,,,,,,,,,,,,136.7,59,,,,,,,,,,,,,,,,,,
2026-07-05T04:01:16.218192+00:00,2026-07-05T04:01:16.218100,2,1,136.45,0.5,136.2,100,135.9,150,,,,,,,,,,,,,,,,,136.7,59,,,,,,,,,,,,,,,,,,
2026-07-05T04:01:16.283199+00:00,2026-07-05T04:01:16.276886,2,2,136.3,0.2,136.2,100,135.9,150,,,,,,,,,,,,,,,,,136.4,124,136.7,59,,,,,,,,,,,,,,,,
2026-07-05T04:01:16.836155+00:00,2026-07-05T04:01:16.836039,2,1,136.3,0.2,136.2,100,135.9,150,,,,,,,,,,,,,,,,,136.4,124,,,,,,,,,,,,,,,,,,
2026-07-05T04:01:16.841348+00:00,2026-07-05T04:01:16.841217,1,1,136.15,0.5,135.9,150,,,,,,,,,,,,,,,,,,,136.4,124,,,,,,,,,,,,,,,,,,
2026-07-05T04:01:16.896863+00:00,2026-07-05T04:01:16.896739,2,1,136.35,0.1,136.3,100,135.9,150,,,,,,,,,,,,,,,,,136.4,124,,,,,,,,,,,,,,,,,,
2026-07-05T04:01:16.948668+00:00,2026-07-05T04:01:16.948610,2,2,136.35,0.1,136.3,100,135.9,150,,,,,,,,,,,,,,,,,136.4,124,136.8,100,,,,,,,,,,,,,,,,
2026-07-05T04:01:17.404953+00:00,2026-07-05T04:01:17.405146,2,2,136.35,0.1,136.3,50,135.9,150,,,,,,,,,,,,,,,,,136.4,124,136.8,100,,,,,,,,,,,,,,,,
2026-07-05T04:01:17.664525+00:00,2026-07-05T04:01:17.657539,2,2,136.35,0.1,136.3,50,135.9,150,,,,,,,,,,,,,,,,,136.4,113,136.8,100,,,,,,,,,,,,,,,,
2026-07-05T04:01:17.932807+00:00,2026-07-05T04:01:17.932682,2,2,136.35,0.1,136.3,50,135.9,150,,,,,,,,,,,,,,,,,136.4,64,136.8,100,,,,,,,,,,,,,,,,
2026-07-05T04:01:18.536779+00:00,2026-07-05T04:01:18.536624,2,2,136.35,0.1,136.3,8,135.9,150,,,,,,,,,,,,,,,,,136.4,64,136.8,100,,,,,,,,,,,,,,,,
2026-07-05T04:01:19.046409+00:00,2026-07-05T04:01:19.046283,2,2,136.35,0.1,136.3,8,135.9,150,,,,,,,,,,,,,,,,,136.4,23,136.8,100,,,,,,,,,,,,,,,,
2026-07-05T04:01:19.324558+00:00,2026-07-05T04:01:19.324493,2,1,136.55,0.5,136.3,8,135.9,150,,,,,,,,,,,,,,,,,136.8,100,,,,,,,,,,,,,,,,,,
2026-07-05T04:01:19.329779+00:00,2026-07-05T04:01:19.329714,1,1,136.55,0.5,136.3,8,,,,,,,,,,,,,,,,,,,136.8,100,,,,,,,,,,,,,,,,,,
2026-07-05T04:01:19.381641+00:00,2026-07-05T04:01:19.381577,2,1,136.6,0.4,136.4,150,136.3,8,,,,,,,,,,,,,,,,,136.8,100,,,,,,,,,,,,,,,,,,
2026-07-05T04:01:19.438492+00:00,2026-07-05T04:01:19.438396,2,2,136.6,0.4,136.4,150,136.3,8,,,,,,,,,,,,,,,,,136.8,100,136.9,150,,,,,,,,,,,,,,,,
2026-07-05T04:01:19.642411+00:00,2026-07-05T04:01:19.642295,2,2,136.6,0.4,136.4,103,136.3,8,,,,,,,,,,,,,,,,,136.8,100,136.9,150,,,,,,,,,,,,,,,,
2026-07-05T04:01:20.003426+00:00,2026-07-05T04:01:20.003562,2,1,136.65,0.5,136.4,103,136.3,8,,,,,,,,,,,,,,,,,136.9,150,,,,,,,,,,,,,,,,,,
2026-07-05T04:01:20.008818+00:00,2026-07-05T04:01:20.008728,1,1,136.65,0.5,136.4,103,,,,,,,,,,,,,,,,,,,136.9,150,,,,,,,,,,,,,,,,,,
2026-07-05T04:01:20.101692+00:00,2026-07-05T04:01:20.101559,2,1,136.65,0.5,136.4,103,136.0,100,,,,,,,,,,,,,,,,,136.9,150,,,,,,,,,,,,,,,,,,
2026-07-05T04:01:20.155620+00:00,2026-07-05T04:01:20.155430,2,2,136.45,0.1,136.4,103,136.0,100,,,,,,,,,,,,,,,,,136.5,100,136.9,150,,,,,,,,,,,,,,,,
2026-07-05T04:01:21.652669+00:00,2026-07-05T04:01:21.652611,2,2,136.45,0.1,136.4,53,136.0,100,,,,,,,,,,,,,,,,,136.5,100,136.9,150,,,,,,,,,,,,,,,,
2026-07-05T04:01:21.909910+00:00,2026-07-05T04:01:21.910112,2,2,136.45,0.1,136.4,53,136.0,100,,,,,,,,,,,,,,,,,136.5,55,136.9,150,,,,,,,,,,,,,,,,
2026-07-05T04:01:22.508567+00:00,2026-07-05T04:01:22.508472,1,1,136.25,0.5,136.0,100,,,,,,,,,,,,,,,,,,,136.5,55,,,,,,,,,,,,,,,,,,
2026-07-05T04:01:22.558580+00:00,2026-07-05T04:01:22.556577,2,1,136.25,0.5,136.0,100,135.9,150,,,,,,,,,,,,,,,,,136.5,55,,,,,,,,,,,,,,,,,,
2026-07-05T04:01:22.615149+00:00,2026-07-05T04:01:22.615302,2,2,136.2,0.4,136.0,100,135.9,150,,,,,,,,,,,,,,,,,136.4,150,136.5,55,,,,,,,,,,,,,,,,
2026-07-05T04:01:23.205254+00:00,2026-07-05T04:01:23.205135,2,1,136.2,0.4,136.0,100,135.9,150,,,,,,,,,,,,,,,,,136.4,150,,,,,,,,,,,,,,,,,,
2026-07-05T04:01:23.210476+00:00,2026-07-05T04:01:23.210307,1,1,136.15,0.5,135.9,150,,,,,,,,,,,,,,,,,,,136.4,150,,,,,,,,,,,,,,,,,,
2026-07-05T04:01:23.265183+00:00,2026-07-05T04:01:23.265279,2,1,136.2,0.4,136.0,100,135.9,150,,,,,,,,,,,,,,,,,136.4,150,,,,,,,,,,,,,,,,,,
2026-07-05T04:01:23.270607+00:00,2026-07-05T04:01:23.270491,2,1,136.2,0.4,136.0,100,135.9,150,,,,,,,,,,,,,,,,,136.4,107,,,,,,,,,,,,,,,,,,
2026-07-05T04:01:23.315628+00:00,2026-07-05T04:01:23.315582,2,2,136.2,0.4,136.0,100,135.9,150,,,,,,,,,,,,,,,,,136.4,107,136.5,100,,,,,,,,,,,,,,,,
2026-07-05T04:01:23.320883+00:00,2026-07-05T04:01:23.320805,2,2,136.2,0.4,136.0,51,135.9,150,,,,,,,,,,,,,,,,,136.4,107,136.5,100,,,,,,,,,,,,,,,,
2026-07-05T04:01:23.769336+00:00,2026-07-05T04:01:23.769248,2,2,136.2,0.4,136.0,1,135.9,150,,,,,,,,,,,,,,,,,136.4,107,136.5,100,,,,,,,,,,,,,,,,
2026-07-05T04:01:25.269770+00:00,2026-07-05T04:01:25.269954,2,2,136.2,0.4,136.0,1,135.9,150,,,,,,,,,,,,,,,,,136.4,63,136.5,100,,,,,,,,,,,,,,,,
2026-07-05T04:01:25.672375+00:00,2026-07-05T04:01:25.672287,1,1,136.25,0.5,136.0,1,,,,,,,,,,,,,,,,,,,136.5,100,,,,,,,,,,,,,,,,,,
2026-07-05T04:01:25.728763+00:00,2026-07-05T04:01:25.728595,2,1,136.4,0.2,136.3,150,136.0,1,,,,,,,,,,,,,,,,,136.5,100,,,,,,,,,,,,,,,,,,
2026-07-05T04:01:25.767326+00:00,2026-07-05T04:01:25.767278,2,1,136.4,0.2,136.3,110,136.0,1,,,,,,,,,,,,,,,,,136.5,100,,,,,,,,,,,,,,,,,,
2026-07-05T04:01:25.781268+00:00,2026-07-05T04:01:25.781054,2,2,136.4,0.2,136.3,110,136.0,1,,,,,,,,,,,,,,,,,136.5,100,136.8,150,,,,,,,,,,,,,,,,
2026-07-05T04:01:25.873203+00:00,2026-07-05T04:01:25.873123,2,2,136.4,0.2,136.3,60,136.0,1,,,,,,,,,,,,,,,,,136.5,100,136.8,150,,,,,,,,,,,,,,,,
2026-07-05T04:01:26.373523+00:00,2026-07-05T04:01:26.373475,2,1,136.55,0.5,136.3,60,136.0,1,,,,,,,,,,,,,,,,,136.8,150,,,,,,,,,,,,,,,,,,
2026-07-05T04:01:26.378646+00:00,2026-07-05T04:01:26.378615,1,1,136.55,0.5,136.3,60,,,,,,,,,,,,,,,,,,,136.8,150,,,,,,,,,,,,,,,,,,
2026-07-05T04:01:26.429059+00:00,2026-07-05T04:01:26.428938,2,1,136.55,0.5,136.3,60,135.7,100,,,,,,,,,,,,,,,,,136.8,150,,,,,,,,,,,,,,,,,,
2026-07-05T04:01:26.488023+00:00,2026-07-05T04:01:26.487908,1,2,135.95,0.5,135.7,100,,,,,,,,,,,,,,,,,,,136.2,40,136.8,150,,,,,,,,,,,,,,,,
2026-07-05T04:01:26.836534+00:00,2026-07-05T04:01:26.836486,1,1,136.25,1.1,135.7,100,,,,,,,,,,,,,,,,,,,136.8,150,,,,,,,,,,,,,,,,,,
2026-07-05T04:01:27.916525+00:00,2026-07-05T04:01:27.916408,1,1,136.25,1.1,135.7,53,,,,,,,,,,,,,,,,,,,136.8,150,,,,,,,,,,,,,,,,,,
2026-07-05T04:01:28.837097+00:00,2026-07-05T04:01:28.837042,1,0,,,135.7,53,,,,,,,,,,,,,,,,,,,,,,,,,,,,,,,,,,,,,,
2026-07-05T04:01:28.886857+00:00,2026-07-05T04:01:28.886791,2,0,,,135.7,53,135.5,150,,,,,,,,,,,,,,,,,,,,,,,,,,,,,,,,,,,,
2026-07-05T04:01:28.943313+00:00,2026-07-05T04:01:28.943419,2,1,135.85,0.3,135.7,53,135.5,150,,,,,,,,,,,,,,,,,136.0,150,,,,,,,,,,,,,,,,,,
2026-07-05T04:01:29.194587+00:00,2026-07-05T04:01:29.188166,2,1,135.85,0.3,135.7,53,135.5,150,,,,,,,,,,,,,,,,,136.0,138,,,,,,,,,,,,,,,,,,
2026-07-05T04:01:29.543324+00:00,2026-07-05T04:01:29.543210,1,1,135.75,0.5,135.5,150,,,,,,,,,,,,,,,,,,,136.0,138,,,,,,,,,,,,,,,,,,
2026-07-05T04:01:29.597129+00:00,2026-07-05T04:01:29.597049,2,1,135.9,0.2,135.8,100,135.5,150,,,,,,,,,,,,,,,,,136.0,138,,,,,,,,,,,,,,,,,,
2026-07-05T04:01:29.644822+00:00,2026-07-05T04:01:29.644757,2,1,135.9,0.2,135.8,53,135.5,150,,,,,,,,,,,,,,,,,136.0,138,,,,,,,,,,,,,,,,,,
2026-07-05T04:01:29.649849+00:00,2026-07-05T04:01:29.649941,2,2,135.9,0.2,135.8,53,135.5,150,,,,,,,,,,,,,,,,,136.0,138,136.2,100,,,,,,,,,,,,,,,,
2026-07-05T04:01:30.073072+00:00,2026-07-05T04:01:30.073032,2,2,135.9,0.2,135.8,53,135.5,150,,,,,,,,,,,,,,,,,136.0,88,136.2,100,,,,,,,,,,,,,,,,
2026-07-05T04:01:30.567152+00:00,2026-07-05T04:01:30.567303,2,2,135.9,0.2,135.8,53,135.5,150,,,,,,,,,,,,,,,,,136.0,41,136.2,100,,,,,,,,,,,,,,,,
2026-07-05T04:01:31.608841+00:00,2026-07-05T04:01:31.602962,2,2,135.9,0.2,135.8,53,135.5,150,,,,,,,,,,,,,,,,,136.0,30,136.2,100,,,,,,,,,,,,,,,,
2026-07-05T04:01:31.998842+00:00,2026-07-05T04:01:31.999003,1,1,136.0,0.4,135.8,53,,,,,,,,,,,,,,,,,,,136.2,100,,,,,,,,,,,,,,,,,,
2026-07-05T04:01:32.058648+00:00,2026-07-05T04:01:32.053742,2,1,136.15,0.1,136.1,150,135.8,53,,,,,,,,,,,,,,,,,136.2,100,,,,,,,,,,,,,,,,,,
2026-07-05T04:01:32.107713+00:00,2026-07-05T04:01:32.107632,2,2,136.15,0.1,136.1,150,135.8,53,,,,,,,,,,,,,,,,,136.2,100,136.6,150,,,,,,,,,,,,,,,,
2026-07-05T04:01:32.193830+00:00,2026-07-05T04:01:32.193596,2,2,136.15,0.1,136.1,150,135.8,53,,,,,,,,,,,,,,,,,136.2,50,136.6,150,,,,,,,,,,,,,,,,
2026-07-05T04:01:32.703650+00:00,2026-07-05T04:01:32.703809,1,1,136.35,0.5,136.1,150,,,,,,,,,,,,,,,,,,,136.6,150,,,,,,,,,,,,,,,,,,
2026-07-05T04:01:32.764467+00:00,2026-07-05T04:01:32.764334,2,1,136.35,0.5,136.1,150,135.9,100,,,,,,,,,,,,,,,,,136.6,150,,,,,,,,,,,,,,,,,,
2026-07-05T04:01:32.817064+00:00,2026-07-05T04:01:32.816976,2,2,136.25,0.3,136.1,150,135.9,100,,,,,,,,,,,,,,,,,136.4,100,136.6,150,,,,,,,,,,,,,,,,
2026-07-05T04:01:32.976686+00:00,2026-07-05T04:01:32.976574,2,2,136.25,0.3,136.1,150,135.9,100,,,,,,,,,,,,,,,,,136.4,55,136.6,150,,,,,,,,,,,,,,,,
2026-07-05T04:01:34.306020+00:00,2026-07-05T04:01:34.305949,2,2,136.25,0.3,136.1,150,135.9,100,,,,,,,,,,,,,,,,,136.4,5,136.6,150,,,,,,,,,,,,,,,,
2026-07-05T04:01:35.158574+00:00,2026-07-05T04:01:35.154892,1,1,136.15,0.5,135.9,100,,,,,,,,,,,,,,,,,,,136.4,5,,,,,,,,,,,,,,,,,,
2026-07-05T04:01:35.216979+00:00,2026-07-05T04:01:35.216939,2,1,136.25,0.3,136.1,150,135.9,100,,,,,,,,,,,,,,,,,136.4,5,,,,,,,,,,,,,,,,,,
2026-07-05T04:01:35.269236+00:00,2026-07-05T04:01:35.269134,2,2,136.25,0.3,136.1,150,135.9,100,,,,,,,,,,,,,,,,,136.4,5,136.6,150,,,,,,,,,,,,,,,,
2026-07-05T04:01:35.873404+00:00,2026-07-05T04:01:35.873275,1,1,136.35,0.5,136.1,150,,,,,,,,,,,,,,,,,,,136.6,150,,,,,,,,,,,,,,,,,,
2026-07-05T04:01:35.928703+00:00,2026-07-05T04:01:35.928626,1,1,136.35,0.5,136.1,250,,,,,,,,,,,,,,,,,,,136.6,150,,,,,,,,,,,,,,,,,,
2026-07-05T04:01:35.982439+00:00,2026-07-05T04:01:35.982315,1,1,136.35,0.5,136.1,250,,,,,,,,,,,,,,,,,,,136.6,250,,,,,,,,,,,,,,,,,,
2026-07-05T04:01:36.635468+00:00,2026-07-05T04:01:36.635359,1,1,136.35,0.5,136.1,206,,,,,,,,,,,,,,,,,,,136.6,250,,,,,,,,,,,,,,,,,,
2026-07-05T04:01:38.324613+00:00,2026-07-05T04:01:38.324491,1,1,136.35,0.5,136.1,100,,,,,,,,,,,,,,,,,,,136.6,100,,,,,,,,,,,,,,,,,,
2026-07-05T04:01:38.378307+00:00,2026-07-05T04:01:38.378268,1,1,136.35,0.5,136.1,250,,,,,,,,,,,,,,,,,,,136.6,100,,,,,,,,,,,,,,,,,,
2026-07-05T04:01:38.429126+00:00,2026-07-05T04:01:38.428948,1,1,136.35,0.5,136.1,250,,,,,,,,,,,,,,,,,,,136.6,250,,,,,,,,,,,,,,,,,,
2026-07-05T04:01:39.036559+00:00,2026-07-05T04:01:39.036504,1,1,136.35,0.5,136.1,150,,,,,,,,,,,,,,,,,,,136.6,150,,,,,,,,,,,,,,,,,,
2026-07-05T04:01:39.093965+00:00,2026-07-05T04:01:39.094133,2,1,136.4,0.4,136.2,100,136.1,150,,,,,,,,,,,,,,,,,136.6,150,,,,,,,,,,,,,,,,,,
2026-07-05T04:01:39.148352+00:00,2026-07-05T04:01:39.148152,2,2,136.4,0.4,136.2,100,136.1,150,,,,,,,,,,,,,,,,,136.6,150,136.7,100,,,,,,,,,,,,,,,,
2026-07-05T04:01:39.385090+00:00,2026-07-05T04:01:39.379553,2,2,136.4,0.4,136.2,89,136.1,150,,,,,,,,,,,,,,,,,136.6,150,136.7,100,,,,,,,,,,,,,,,,
2026-07-05T04:01:40.702322+00:00,2026-07-05T04:01:40.694447,2,2,136.4,0.4,136.2,77,136.1,150,,,,,,,,,,,,,,,,,136.6,150,136.7,100,,,,,,,,,,,,,,,,
2026-07-05T04:01:40.717804+00:00,2026-07-05T04:01:40.717726,2,2,136.4,0.4,136.2,27,136.1,150,,,,,,,,,,,,,,,,,136.6,150,136.7,100,,,,,,,,,,,,,,,,
2026-07-05T04:01:41.483540+00:00,2026-07-05T04:01:41.483506,2,1,136.45,0.5,136.2,27,136.1,150,,,,,,,,,,,,,,,,,136.7,100,,,,,,,,,,,,,,,,,,
2026-07-05T04:01:41.495917+00:00,2026-07-05T04:01:41.483812,1,1,136.45,0.5,136.2,27,,,,,,,,,,,,,,,,,,,136.7,100,,,,,,,,,,,,,,,,,,
2026-07-05T04:01:41.542103+00:00,2026-07-05T04:01:41.542060,2,1,136.45,0.5,136.2,27,135.8,150,,,,,,,,,,,,,,,,,136.7,100,,,,,,,,,,,,,,,,,,
2026-07-05T04:01:41.597134+00:00,2026-07-05T04:01:41.596970,2,2,136.25,0.1,136.2,27,135.8,150,,,,,,,,,,,,,,,,,136.3,150,136.7,100,,,,,,,,,,,,,,,,
2026-07-05T04:01:42.197505+00:00,2026-07-05T04:01:42.197182,1,1,136.05,0.5,135.8,150,,,,,,,,,,,,,,,,,,,136.3,150,,,,,,,,,,,,,,,,,,
2026-07-05T04:01:42.252843+00:00,2026-07-05T04:01:42.253000,2,1,136.15,0.3,136.0,100,135.8,150,,,,,,,,,,,,,,,,,136.3,150,,,,,,,,,,,,,,,,,,
2026-07-05T04:01:42.311701+00:00,2026-07-05T04:01:42.311608,2,2,136.15,0.3,136.0,100,135.8,150,,,,,,,,,,,,,,,,,136.3,150,136.5,100,,,,,,,,,,,,,,,,
2026-07-05T04:01:42.625742+00:00,2026-07-05T04:01:42.625642,2,2,136.15,0.3,136.0,100,135.8,150,,,,,,,,,,,,,,,,,136.3,103,136.5,100,,,,,,,,,,,,,,,,
2026-07-05T04:01:42.821448+00:00,2026-07-05T04:01:42.821610,2,2,136.15,0.3,136.0,50,135.8,150,,,,,,,,,,,,,,,,,136.3,103,136.5,100,,,,,,,,,,,,,,,,
2026-07-05T04:01:44.655469+00:00,2026-07-05T04:01:44.655354,1,1,136.25,0.5,136.0,50,,,,,,,,,,,,,,,,,,,136.5,100,,,,,,,,,,,,,,,,,,
2026-07-05T04:01:44.710620+00:00,2026-07-05T04:01:44.710525,1,1,136.25,0.5,136.0,200,,,,,,,,,,,,,,,,,,,136.5,100,,,,,,,,,,,,,,,,,,
2026-07-05T04:01:44.758539+00:00,2026-07-05T04:01:44.757288,1,1,136.25,0.5,136.0,200,,,,,,,,,,,,,,,,,,,136.5,250,,,,,,,,,,,,,,,,,,
2026-07-05T04:01:45.363939+00:00,2026-07-05T04:01:45.363830,1,1,136.25,0.5,136.0,150,,,,,,,,,,,,,,,,,,,136.5,150,,,,,,,,,,,,,,,,,,
2026-07-05T04:01:45.421444+00:00,2026-07-05T04:01:45.421382,2,1,136.25,0.5,136.0,150,135.6,100,,,,,,,,,,,,,,,,,136.5,150,,,,,,,,,,,,,,,,,,
2026-07-05T04:01:45.475567+00:00,2026-07-05T04:01:45.475513,2,2,136.05,0.1,136.0,150,135.6,100,,,,,,,,,,,,,,,,,136.1,100,136.5,150,,,,,,,,,,,,,,,,
2026-07-05T04:01:45.937359+00:00,2026-07-05T04:01:45.931824,2,2,136.05,0.1,136.0,150,135.6,100,,,,,,,,,,,,,,,,,136.1,88,136.5,150,,,,,,,,,,,,,,,,
2026-07-05T04:01:46.980845+00:00,2026-07-05T04:01:46.981067,2,2,136.05,0.1,136.0,150,135.6,100,,,,,,,,,,,,,,,,,136.1,38,136.5,150,,,,,,,,,,,,,,,,
2026-07-05T04:01:47.038001+00:00,2026-07-05T04:01:47.037930,2,1,136.25,0.5,136.0,150,135.6,100,,,,,,,,,,,,,,,,,136.5,150,,,,,,,,,,,,,,,,,,
2026-07-05T04:01:47.814593+00:00,2026-07-05T04:01:47.814538,2,0,,,136.0,150,135.6,100,,,,,,,,,,,,,,,,,,,,,,,,,,,,,,,,,,,,
2026-07-05T04:01:47.819801+00:00,2026-07-05T04:01:47.819701,1,0,,,135.6,100,,,,,,,,,,,,,,,,,,,,,,,,,,,,,,,,,,,,,,
2026-07-05T04:01:47.874068+00:00,2026-07-05T04:01:47.874205,2,0,,,136.1,150,135.6,100,,,,,,,,,,,,,,,,,,,,,,,,,,,,,,,,,,,,
2026-07-05T04:01:47.926387+00:00,2026-07-05T04:01:47.926459,2,1,136.35,0.5,136.1,150,135.6,100,,,,,,,,,,,,,,,,,136.6,150,,,,,,,,,,,,,,,,,,
2026-07-05T04:01:48.535006+00:00,2026-07-05T04:01:48.535101,1,1,136.35,0.5,136.1,150,,,,,,,,,,,,,,,,,,,136.6,150,,,,,,,,,,,,,,,,,,
2026-07-05T04:01:48.590240+00:00,2026-07-05T04:01:48.590140,1,1,136.35,0.5,136.1,250,,,,,,,,,,,,,,,,,,,136.6,150,,,,,,,,,,,,,,,,,,
2026-07-05T04:01:48.608109+00:00,2026-07-05T04:01:48.608056,1,1,136.35,0.5,136.1,204,,,,,,,,,,,,,,,,,,,136.6,150,,,,,,,,,,,,,,,,,,
2026-07-05T04:01:48.647679+00:00,2026-07-05T04:01:48.647580,1,1,136.35,0.5,136.1,204,,,,,,,,,,,,,,,,,,,136.6,250,,,,,,,,,,,,,,,,,,
2026-07-05T04:01:49.644216+00:00,2026-07-05T04:01:49.644084,1,1,136.35,0.5,136.1,159,,,,,,,,,,,,,,,,,,,136.6,250,,,,,,,,,,,,,,,,,,
2026-07-05T04:01:49.840267+00:00,2026-07-05T04:01:49.834329,1,1,136.35,0.5,136.1,147,,,,,,,,,,,,,,,,,,,136.6,250,,,,,,,,,,,,,,,,,,
2026-07-05T04:01:50.979326+00:00,2026-07-05T04:01:50.979252,1,1,136.35,0.5,136.1,100,,,,,,,,,,,,,,,,,,,136.6,100,,,,,,,,,,,,,,,,,,
2026-07-05T04:01:51.033549+00:00,2026-07-05T04:01:51.033495,2,1,136.35,0.5,136.1,100,135.5,150,,,,,,,,,,,,,,,,,136.6,100,,,,,,,,,,,,,,,,,,
2026-07-05T04:01:51.088867+00:00,2026-07-05T04:01:51.088784,1,2,135.75,0.5,135.5,150,,,,,,,,,,,,,,,,,,,136.0,50,136.6,100,,,,,,,,,,,,,,,,
2026-07-05T04:01:51.185418+00:00,2026-07-05T04:01:51.179444,1,2,135.75,0.5,135.5,150,,,,,,,,,,,,,,,,,,,136.0,38,136.6,100,,,,,,,,,,,,,,,,
2026-07-05T04:01:51.259438+00:00,2026-07-05T04:01:51.259304,1,2,135.75,0.5,135.5,100,,,,,,,,,,,,,,,,,,,136.0,38,136.6,100,,,,,,,,,,,,,,,,
2026-07-05T04:01:51.458673+00:00,2026-07-05T04:01:51.454428,1,1,136.05,1.1,135.5,100,,,,,,,,,,,,,,,,,,,136.6,97,,,,,,,,,,,,,,,,,,
2026-07-05T04:01:51.702235+00:00,2026-07-05T04:01:51.702321,1,0,,,135.5,100,,,,,,,,,,,,,,,,,,,,,,,,,,,,,,,,,,,,,,
2026-07-05T04:01:51.758628+00:00,2026-07-05T04:01:51.755076,2,0,,,135.7,100,135.5,100,,,,,,,,,,,,,,,,,,,,,,,,,,,,,,,,,,,,
2026-07-05T04:01:51.813954+00:00,2026-07-05T04:01:51.814036,2,1,135.95,0.5,135.7,100,135.5,100,,,,,,,,,,,,,,,,,136.2,100,,,,,,,,,,,,,,,,,,
2026-07-05T04:01:52.009722+00:00,2026-07-05T04:01:52.009586,2,1,135.95,0.5,135.7,52,135.5,100,,,,,,,,,,,,,,,,,136.2,100,,,,,,,,,,,,,,,,,,
2026-07-05T04:01:52.587336+00:00,2026-07-05T04:01:52.587214,2,1,135.95,0.5,135.7,52,135.5,100,,,,,,,,,,,,,,,,,136.2,59,,,,,,,,,,,,,,,,,,
2026-07-05T04:01:53.129134+00:00,2026-07-05T04:01:53.129086,2,1,135.95,0.5,135.7,5,135.5,100,,,,,,,,,,,,,,,,,136.2,59,,,,,,,,,,,,,,,,,,
2026-07-05T04:01:53.401528+00:00,2026-07-05T04:01:53.401483,1,1,135.85,0.7,135.5,55,,,,,,,,,,,,,,,,,,,136.2,59,,,,,,,,,,,,,,,,,,
2026-07-05T04:01:54.144825+00:00,2026-07-05T04:01:54.144747,0,1,,,,,,,,,,,,,,,,,,,,,,,136.2,59,,,,,,,,,,,,,,,,,,
2026-07-05T04:01:54.194612+00:00,2026-07-05T04:01:54.194551,1,1,136.0,0.4,135.8,150,,,,,,,,,,,,,,,,,,,136.2,59,,,,,,,,,,,,,,,,,,
2026-07-05T04:01:54.258621+00:00,2026-07-05T04:01:54.254142,1,2,136.0,0.4,135.8,150,,,,,,,,,,,,,,,,,,,136.2,59,136.3,150,,,,,,,,,,,,,,,,
2026-07-05T04:01:54.858638+00:00,2026-07-05T04:01:54.858240,1,1,136.05,0.5,135.8,150,,,,,,,,,,,,,,,,,,,136.3,150,,,,,,,,,,,,,,,,,,
2026-07-05T04:01:54.921939+00:00,2026-07-05T04:01:54.921897,2,1,136.05,0.5,135.8,150,135.5,100,,,,,,,,,,,,,,,,,136.3,150,,,,,,,,,,,,,,,,,,
2026-07-05T04:01:54.975011+00:00,2026-07-05T04:01:54.975123,2,2,135.9,0.2,135.8,150,135.5,100,,,,,,,,,,,,,,,,,136.0,100,136.3,150,,,,,,,,,,,,,,,,
2026-07-05T04:01:55.116929+00:00,2026-07-05T04:01:55.110533,2,2,135.9,0.2,135.8,150,135.5,100,,,,,,,,,,,,,,,,,136.0,89,136.3,150,,,,,,,,,,,,,,,,
2026-07-05T04:01:55.458650+00:00,2026-07-05T04:01:55.454905,2,2,135.9,0.2,135.8,150,135.5,100,,,,,,,,,,,,,,,,,136.0,39,136.3,150,,,,,,,,,,,,,,,,
2026-07-05T04:01:57.307400+00:00,2026-07-05T04:01:57.307371,2,1,135.9,0.2,135.8,150,135.5,100,,,,,,,,,,,,,,,,,136.0,39,,,,,,,,,,,,,,,,,,
2026-07-05T04:01:57.312453+00:00,2026-07-05T04:01:57.312541,1,1,135.75,0.5,135.5,100,,,,,,,,,,,,,,,,,,,136.0,39,,,,,,,,,,,,,,,,,,
2026-07-05T04:01:57.358581+00:00,2026-07-05T04:01:57.356494,2,1,135.9,0.2,135.8,150,135.5,100,,,,,,,,,,,,,,,,,136.0,39,,,,,,,,,,,,,,,,,,
2026-07-05T04:01:57.416231+00:00,2026-07-05T04:01:57.416122,2,2,135.9,0.2,135.8,150,135.5,100,,,,,,,,,,,,,,,,,136.0,39,136.3,150,,,,,,,,,,,,,,,,
2026-07-05T04:01:57.569867+00:00,2026-07-05T04:01:57.569832,2,1,136.05,0.5,135.8,150,135.5,100,,,,,,,,,,,,,,,,,136.3,139,,,,,,,,,,,,,,,,,,
2026-07-05T04:01:57.734392+00:00,2026-07-05T04:01:57.728852,2,1,136.05,0.5,135.8,139,135.5,100,,,,,,,,,,,,,,,,,136.3,139,,,,,,,,,,,,,,,,,,
2026-07-05T04:01:58.030122+00:00,2026-07-05T04:01:58.030042,1,1,136.05,0.5,135.8,139,,,,,,,,,,,,,,,,,,,136.3,139,,,,,,,,,,,,,,,,,,
2026-07-05T04:01:58.082795+00:00,2026-07-05T04:01:58.082879,2,1,136.05,0.5,135.8,139,135.4,100,,,,,,,,,,,,,,,,,136.3,139,,,,,,,,,,,,,,,,,,
2026-07-05T04:01:58.135831+00:00,2026-07-05T04:01:58.135933,2,2,135.85,0.1,135.8,139,135.4,100,,,,,,,,,,,,,,,,,135.9,100,136.3,139,,,,,,,,,,,,,,,,
2026-07-05T04:01:58.858563+00:00,2026-07-05T04:01:58.857519,2,2,135.85,0.1,135.8,92,135.4,100,,,,,,,,,,,,,,,,,135.9,100,136.3,139,,,,,,,,,,,,,,,,
2026-07-05T04:01:59.678530+00:00,2026-07-05T04:01:59.678448,2,2,135.85,0.1,135.8,92,135.4,100,,,,,,,,,,,,,,,,,135.9,50,136.3,139,,,,,,,,,,,,,,,,
2026-07-05T04:02:00.474270+00:00,2026-07-05T04:02:00.474372,1,1,135.65,0.5,135.4,100,,,,,,,,,,,,,,,,,,,135.9,50,,,,,,,,,,,,,,,,,,
2026-07-05T04:02:00.529268+00:00,2026-07-05T04:02:00.529111,2,1,135.7,0.4,135.5,150,135.4,100,,,,,,,,,,,,,,,,,135.9,50,,,,,,,,,,,,,,,,,,
2026-07-05T04:02:00.582309+00:00,2026-07-05T04:02:00.582220,2,2,135.7,0.4,135.5,150,135.4,100,,,,,,,,,,,,,,,,,135.9,50,136.0,150,,,,,,,,,,,,,,,,
2026-07-05T04:02:01.023686+00:00,2026-07-05T04:02:01.023553,2,2,135.7,0.4,135.5,150,135.4,100,,,,,,,,,,,,,,,,,135.9,3,136.0,150,,,,,,,,,,,,,,,,
2026-07-05T04:02:01.189757+00:00,2026-07-05T04:02:01.189876,1,1,135.75,0.5,135.5,150,,,,,,,,,,,,,,,,,,,136.0,150,,,,,,,,,,,,,,,,,,
2026-07-05T04:02:01.264237+00:00,2026-07-05T04:02:01.264087,2,1,135.95,0.1,135.9,100,135.5,150,,,,,,,,,,,,,,,,,136.0,150,,,,,,,,,,,,,,,,,,
2026-07-05T04:02:01.319799+00:00,2026-07-05T04:02:01.319700,2,2,135.95,0.1,135.9,100,135.5,150,,,,,,,,,,,,,,,,,136.0,150,136.4,100,,,,,,,,,,,,,,,,
2026-07-05T04:02:01.788359+00:00,2026-07-05T04:02:01.788283,2,2,135.95,0.1,135.9,100,135.5,150,,,,,,,,,,,,,,,,,136.0,100,136.4,100,,,,,,,,,,,,,,,,
2026-07-05T04:02:03.637640+00:00,2026-07-05T04:02:03.637478,1,1,136.15,0.5,135.9,100,,,,,,,,,,,,,,,,,,,136.4,100,,,,,,,,,,,,,,,,,,
2026-07-05T04:02:03.689729+00:00,2026-07-05T04:02:03.689656,2,1,136.15,0.5,135.9,100,135.6,150,,,,,,,,,,,,,,,,,136.4,100,,,,,,,,,,,,,,,,,,
2026-07-05T04:02:03.742831+00:00,2026-07-05T04:02:03.742943,2,2,136.0,0.2,135.9,100,135.6,150,,,,,,,,,,,,,,,,,136.1,150,136.4,100,,,,,,,,,,,,,,,,
2026-07-05T04:02:03.922437+00:00,2026-07-05T04:02:03.922411,2,2,136.0,0.2,135.9,100,135.6,150,,,,,,,,,,,,,,,,,136.1,100,136.4,100,,,,,,,,,,,,,,,,
2026-07-05T04:02:04.374600+00:00,2026-07-05T04:02:04.374505,1,1,135.85,0.5,135.6,150,,,,,,,,,,,,,,,,,,,136.1,100,,,,,,,,,,,,,,,,,,
2026-07-05T04:02:04.429816+00:00,2026-07-05T04:02:04.429720,2,1,136.05,0.1,136.0,100,135.6,150,,,,,,,,,,,,,,,,,136.1,100,,,,,,,,,,,,,,,,,,
2026-07-05T04:02:04.483415+00:00,2026-07-05T04:02:04.483309,2,2,136.05,0.1,136.0,100,135.6,150,,,,,,,,,,,,,,,,,136.1,100,136.5,100,,,,,,,,,,,,,,,,
2026-07-05T04:02:05.492288+00:00,2026-07-05T04:02:05.485357,2,2,136.05,0.1,136.0,88,135.6,150,,,,,,,,,,,,,,,,,136.1,100,136.5,100,,,,,,,,,,,,,,,,
2026-07-05T04:02:05.928926+00:00,2026-07-05T04:02:05.928812,2,2,136.05,0.1,136.0,41,135.6,150,,,,,,,,,,,,,,,,,136.1,100,136.5,100,,,,,,,,,,,,,,,,
2026-07-05T04:02:06.029725+00:00,2026-07-05T04:02:06.029690,2,2,136.05,0.1,136.0,41,135.6,150,,,,,,,,,,,,,,,,,136.1,50,136.5,100,,,,,,,,,,,,,,,,
2026-07-05T04:02:06.798403+00:00,2026-07-05T04:02:06.798299,2,1,136.25,0.5,136.0,41,135.6,150,,,,,,,,,,,,,,,,,136.5,100,,,,,,,,,,,,,,,,,,
2026-07-05T04:02:06.803582+00:00,2026-07-05T04:02:06.803464,1,1,136.25,0.5,136.0,41,,,,,,,,,,,,,,,,,,,136.5,100,,,,,,,,,,,,,,,,,,
2026-07-05T04:02:06.883530+00:00,2026-07-05T04:02:06.873118,1,1,136.25,0.5,136.0,191,,,,,,,,,,,,,,,,,,,136.5,100,,,,,,,,,,,,,,,,,,
2026-07-05T04:02:06.926735+00:00,2026-07-05T04:02:06.926586,1,1,136.25,0.5,136.0,191,,,,,,,,,,,,,,,,,,,136.5,250,,,,,,,,,,,,,,,,,,
2026-07-05T04:02:06.948390+00:00,2026-07-05T04:02:06.941660,1,1,136.25,0.5,136.0,180,,,,,,,,,,,,,,,,,,,136.5,250,,,,,,,,,,,,,,,,,,
2026-07-05T04:02:07.537849+00:00,2026-07-05T04:02:07.537733,1,1,136.25,0.5,136.0,150,,,,,,,,,,,,,,,,,,,136.5,150,,,,,,,,,,,,,,,,,,
2026-07-05T04:02:07.593939+00:00,2026-07-05T04:02:07.593831,2,1,136.25,0.5,136.0,150,135.5,100,,,,,,,,,,,,,,,,,136.5,150,,,,,,,,,,,,,,,,,,
2026-07-05T04:02:07.647958+00:00,2026-07-05T04:02:07.648096,2,1,136.25,0.5,136.0,50,135.5,100,,,,,,,,,,,,,,,,,136.5,150,,,,,,,,,,,,,,,,,,
2026-07-05T04:02:08.786319+00:00,2026-07-05T04:02:08.786184,2,1,136.25,0.5,136.0,50,135.5,100,,,,,,,,,,,,,,,,,136.5,108,,,,,,,,,,,,,,,,,,
2026-07-05T04:02:09.369685+00:00,2026-07-05T04:02:09.369602,2,1,136.25,0.5,136.0,5,135.5,100,,,,,,,,,,,,,,,,,136.5,108,,,,,,,,,,,,,,,,,,
2026-07-05T04:02:09.979412+00:00,2026-07-05T04:02:09.979300,1,0,,,135.5,100,,,,,,,,,,,,,,,,,,,,,,,,,,,,,,,,,,,,,,
2026-07-05T04:02:10.036851+00:00,2026-07-05T04:02:10.036957,1,0,,,135.5,250,,,,,,,,,,,,,,,,,,,,,,,,,,,,,,,,,,,,,,
2026-07-05T04:02:10.086670+00:00,2026-07-05T04:02:10.086605,1,1,135.75,0.5,135.5,250,,,,,,,,,,,,,,,,,,,136.0,150,,,,,,,,,,,,,,,,,,
2026-07-05T04:02:10.328227+00:00,2026-07-05T04:02:10.328116,1,1,135.75,0.5,135.5,200,,,,,,,,,,,,,,,,,,,136.0,150,,,,,,,,,,,,,,,,,,
2026-07-05T04:02:10.440781+00:00,2026-07-05T04:02:10.440666,1,1,135.75,0.5,135.5,200,,,,,,,,,,,,,,,,,,,136.0,101,,,,,,,,,,,,,,,,,,
2026-07-05T04:02:10.704744+00:00,2026-07-05T04:02:10.704646,1,1,135.75,0.5,135.5,150,,,,,,,,,,,,,,,,,,,136.0,101,,,,,,,,,,,,,,,,,,
2026-07-05T04:02:10.758620+00:00,2026-07-05T04:02:10.754099,2,1,135.85,0.3,135.7,100,135.5,150,,,,,,,,,,,,,,,,,136.0,101,,,,,,,,,,,,,,,,,,
2026-07-05T04:02:10.813173+00:00,2026-07-05T04:02:10.813106,2,2,135.85,0.3,135.7,100,135.5,150,,,,,,,,,,,,,,,,,136.0,101,136.2,100,,,,,,,,,,,,,,,,
2026-07-05T04:02:11.470642+00:00,2026-07-05T04:02:11.470530,2,2,135.85,0.3,135.7,100,135.5,150,,,,,,,,,,,,,,,,,136.0,60,136.2,100,,,,,,,,,,,,,,,,
2026-07-05T04:02:11.536297+00:00,2026-07-05T04:02:11.536165,2,2,135.85,0.3,135.7,55,135.5,150,,,,,,,,,,,,,,,,,136.0,60,136.2,100,,,,,,,,,,,,,,,,
2026-07-05T04:02:12.434728+00:00,2026-07-05T04:02:12.434606,2,2,135.85,0.3,135.7,5,135.5,150,,,,,,,,,,,,,,,,,136.0,60,136.2,100,,,,,,,,,,,,,,,,
2026-07-05T04:02:13.144533+00:00,2026-07-05T04:02:13.144416,1,1,135.95,0.5,135.7,5,,,,,,,,,,,,,,,,,,,136.2,100,,,,,,,,,,,,,,,,,,
2026-07-05T04:02:13.200275+00:00,2026-07-05T04:02:13.200202,2,1,136.0,0.4,135.8,150,135.7,5,,,,,,,,,,,,,,,,,136.2,100,,,,,,,,,,,,,,,,,,
2026-07-05T04:02:13.253858+00:00,2026-07-05T04:02:13.253792,2,2,136.0,0.4,135.8,150,135.7,5,,,,,,,,,,,,,,,,,136.2,100,136.3,150,,,,,,,,,,,,,,,,
2026-07-05T04:02:13.367079+00:00,2026-07-05T04:02:13.362354,2,2,136.0,0.4,135.8,138,135.7,5,,,,,,,,,,,,,,,,,136.2,100,136.3,150,,,,,,,,,,,,,,,,
2026-07-05T04:02:13.837839+00:00,2026-07-05T04:02:13.837705,2,2,136.0,0.4,135.8,138,135.7,5,,,,,,,,,,,,,,,,,136.2,57,136.3,150,,,,,,,,,,,,,,,,
2026-07-05T04:02:13.868708+00:00,2026-07-05T04:02:13.868585,1,1,136.05,0.5,135.8,138,,,,,,,,,,,,,,,,,,,136.3,150,,,,,,,,,,,,,,,,,,
2026-07-05T04:02:13.922790+00:00,2026-07-05T04:02:13.922717,2,1,136.05,0.5,135.8,138,135.3,100,,,,,,,,,,,,,,,,,136.3,150,,,,,,,,,,,,,,,,,,
2026-07-05T04:02:13.979166+00:00,2026-07-05T04:02:13.979249,2,1,136.05,0.5,135.8,38,135.3,100,,,,,,,,,,,,,,,,,136.3,150,,,,,,,,,,,,,,,,,,
2026-07-05T04:02:14.493462+00:00,2026-07-05T04:02:14.493358,2,1,136.05,0.5,135.8,38,135.3,100,,,,,,,,,,,,,,,,,136.3,100,,,,,,,,,,,,,,,,,,
2026-07-05T04:02:14.937049+00:00,2026-07-05T04:02:14.936989,1,1,135.8,1.0,135.3,93,,,,,,,,,,,,,,,,,,,136.3,100,,,,,,,,,,,,,,,,,,
2026-07-05T04:02:16.307681+00:00,2026-07-05T04:02:16.307599,1,0,,,135.3,93,,,,,,,,,,,,,,,,,,,,,,,,,,,,,,,,,,,,,,
2026-07-05T04:02:16.390335+00:00,2026-07-05T04:02:16.390133,2,0,,,135.5,150,135.3,93,,,,,,,,,,,,,,,,,,,,,,,,,,,,,,,,,,,,
2026-07-05T04:02:16.458636+00:00,2026-07-05T04:02:16.450116,2,1,135.75,0.5,135.5,150,135.3,93,,,,,,,,,,,,,,,,,136.0,106,,,,,,,,,,,,,,,,,,
2026-07-05T04:02:16.678864+00:00,2026-07-05T04:02:16.678710,2,1,135.75,0.5,135.5,100,135.3,93,,,,,,,,,,,,,,,,,136.0,106,,,,,,,,,,,,,,,,,,
2026-07-05T04:02:17.034080+00:00,2026-07-05T04:02:17.034161,1,1,135.75,0.5,135.5,100,,,,,,,,,,,,,,,,,,,136.0,106,,,,,,,,,,,,,,,,,,
2026-07-05T04:02:17.078018+00:00,2026-07-05T04:02:17.077905,1,1,135.75,0.5,135.5,56,,,,,,,,,,,,,,,,,,,136.0,106,,,,,,,,,,,,,,,,,,
2026-07-05T04:02:17.083147+00:00,2026-07-05T04:02:17.083066,2,1,135.75,0.5,135.5,56,135.4,100,,,,,,,,,,,,,,,,,136.0,106,,,,,,,,,,,,,,,,,,
2026-07-05T04:02:17.139840+00:00,2026-07-05T04:02:17.139756,2,2,135.7,0.4,135.5,56,135.4,100,,,,,,,,,,,,,,,,,135.9,100,136.0,106,,,,,,,,,,,,,,,,
2026-07-05T04:02:19.502099+00:00,2026-07-05T04:02:19.501972,2,1,135.7,0.4,135.5,56,135.4,100,,,,,,,,,,,,,,,,,135.9,100,,,,,,,,,,,,,,,,,,
2026-07-05T04:02:19.507279+00:00,2026-07-05T04:02:19.507139,1,1,135.65,0.5,135.4,100,,,,,,,,,,,,,,,,,,,135.9,100,,,,,,,,,,,,,,,,,,
2026-07-05T04:02:19.555178+00:00,2026-07-05T04:02:19.554990,2,1,135.65,0.5,135.4,100,135.2,150,,,,,,,,,,,,,,,,,135.9,100,,,,,,,,,,,,,,,,,,
2026-07-05T04:02:19.620335+00:00,2026-07-05T04:02:19.614030,2,2,135.55,0.3,135.4,100,135.2,150,,,,,,,,,,,,,,,,,135.7,127,135.9,100,,,,,,,,,,,,,,,,
2026-07-05T04:02:20.192238+00:00,2026-07-05T04:02:20.192180,2,1,135.55,0.3,135.4,100,135.2,150,,,,,,,,,,,,,,,,,135.7,127,,,,,,,,,,,,,,,,,,
2026-07-05T04:02:20.197461+00:00,2026-07-05T04:02:20.197339,1,1,135.45,0.5,135.2,150,,,,,,,,,,,,,,,,,,,135.7,127,,,,,,,,,,,,,,,,,,
2026-07-05T04:02:20.246499+00:00,2026-07-05T04:02:20.246446,2,1,135.65,0.1,135.6,100,135.2,150,,,,,,,,,,,,,,,,,135.7,127,,,,,,,,,,,,,,,,,,
2026-07-05T04:02:20.286712+00:00,2026-07-05T04:02:20.286824,2,1,135.65,0.1,135.6,58,135.2,150,,,,,,,,,,,,,,,,,135.7,127,,,,,,,,,,,,,,,,,,
2026-07-05T04:02:20.305170+00:00,2026-07-05T04:02:20.305079,2,2,135.65,0.1,135.6,58,135.2,150,,,,,,,,,,,,,,,,,135.7,127,136.1,100,,,,,,,,,,,,,,,,
2026-07-05T04:02:20.909460+00:00,2026-07-05T04:02:20.909347,2,2,135.65,0.1,135.6,8,135.2,150,,,,,,,,,,,,,,,,,135.7,127,136.1,100,,,,,,,,,,,,,,,,
2026-07-05T04:02:21.337716+00:00,2026-07-05T04:02:21.337665,2,2,135.65,0.1,135.6,8,135.2,150,,,,,,,,,,,,,,,,,135.7,78,136.1,100,,,,,,,,,,,,,,,,
2026-07-05T04:02:21.892549+00:00,2026-07-05T04:02:21.892473,1,2,135.45,0.5,135.2,150,,,,,,,,,,,,,,,,,,,135.7,78,136.1,100,,,,,,,,,,,,,,,,
2026-07-05T04:02:22.675686+00:00,2026-07-05T04:02:22.665117,0,1,,,,,,,,,,,,,,,,,,,,,,,136.1,100,,,,,,,,,,,,,,,,,,
2026-07-05T04:02:22.723500+00:00,2026-07-05T04:02:22.723372,1,1,135.75,0.7,135.4,150,,,,,,,,,,,,,,,,,,,136.1,100,,,,,,,,,,,,,,,,,,
2026-07-05T04:02:22.776756+00:00,2026-07-05T04:02:22.776586,1,2,135.65,0.5,135.4,150,,,,,,,,,,,,,,,,,,,135.9,150,136.1,100,,,,,,,,,,,,,,,,
2026-07-05T04:02:23.035529+00:00,2026-07-05T04:02:23.035417,1,2,135.65,0.5,135.4,100,,,,,,,,,,,,,,,,,,,135.9,150,136.1,100,,,,,,,,,,,,,,,,
2026-07-05T04:02:23.358636+00:00,2026-07-05T04:02:23.354149,1,1,135.65,0.5,135.4,100,,,,,,,,,,,,,,,,,,,135.9,150,,,,,,,,,,,,,,,,,,
2026-07-05T04:02:23.407331+00:00,2026-07-05T04:02:23.407467,1,1,135.65,0.5,135.4,200,,,,,,,,,,,,,,,,,,,135.9,150,,,,,,,,,,,,,,,,,,
2026-07-05T04:02:23.469009+00:00,2026-07-05T04:02:23.468912,1,1,135.65,0.5,135.4,200,,,,,,,,,,,,,,,,,,,135.9,250,,,,,,,,,,,,,,,,,,
2026-07-05T04:02:25.144644+00:00,2026-07-05T04:02:25.144534,1,1,135.65,0.5,135.4,150,,,,,,,,,,,,,,,,,,,135.9,250,,,,,,,,,,,,,,,,,,
2026-07-05T04:02:25.837549+00:00,2026-07-05T04:02:25.826223,1,1,135.65,0.5,135.4,100,,,,,,,,,,,,,,,,,,,135.9,100,,,,,,,,,,,,,,,,,,
2026-07-05T04:02:25.881069+00:00,2026-07-05T04:02:25.880963,2,1,135.65,0.5,135.4,100,135.0,150,,,,,,,,,,,,,,,,,135.9,100,,,,,,,,,,,,,,,,,,
2026-07-05T04:02:25.947797+00:00,2026-07-05T04:02:25.940180,2,2,135.45,0.1,135.4,100,135.0,150,,,,,,,,,,,,,,,,,135.5,138,135.9,100,,,,,,,,,,,,,,,,
2026-07-05T04:02:26.522812+00:00,2026-07-05T04:02:26.522756,1,1,135.25,0.5,135.0,150,,,,,,,,,,,,,,,,,,,135.5,138,,,,,,,,,,,,,,,,,,
2026-07-05T04:02:26.578056+00:00,2026-07-05T04:02:26.577971,2,1,135.45,0.1,135.4,100,135.0,150,,,,,,,,,,,,,,,,,135.5,138,,,,,,,,,,,,,,,,,,
2026-07-05T04:02:26.631617+00:00,2026-07-05T04:02:26.631495,2,2,135.45,0.1,135.4,100,135.0,150,,,,,,,,,,,,,,,,,135.5,138,135.9,100,,,,,,,,,,,,,,,,
2026-07-05T04:02:27.202882+00:00,2026-07-05T04:02:27.202797,2,2,135.45,0.1,135.4,100,135.0,150,,,,,,,,,,,,,,,,,135.5,88,135.9,100,,,,,,,,,,,,,,,,
2026-07-05T04:02:28.558705+00:00,2026-07-05T04:02:28.558549,2,2,135.45,0.1,135.4,100,135.0,150,,,,,,,,,,,,,,,,,135.5,44,135.9,100,,,,,,,,,,,,,,,,
2026-07-05T04:02:28.992081+00:00,2026-07-05T04:02:28.991955,1,1,135.65,0.5,135.4,100,,,,,,,,,,,,,,,,,,,135.9,100,,,,,,,,,,,,,,,,,,
2026-07-05T04:02:29.044645+00:00,2026-07-05T04:02:29.044552,2,1,135.65,0.5,135.4,100,135.3,150,,,,,,,,,,,,,,,,,135.9,100,,,,,,,,,,,,,,,,,,
2026-07-05T04:02:29.096318+00:00,2026-07-05T04:02:29.096226,2,2,135.55,0.3,135.4,100,135.3,150,,,,,,,,,,,,,,,,,135.7,150,135.9,100,,,,,,,,,,,,,,,,
2026-07-05T04:02:29.384307+00:00,2026-07-05T04:02:29.384251,2,2,135.55,0.3,135.4,50,135.3,150,,,,,,,,,,,,,,,,,135.7,150,135.9,100,,,,,,,,,,,,,,,,
2026-07-05T04:02:29.711727+00:00,2026-07-05T04:02:29.711671,1,1,135.5,0.4,135.3,150,,,,,,,,,,,,,,,,,,,135.7,150,,,,,,,,,,,,,,,,,,
2026-07-05T04:02:29.758572+00:00,2026-07-05T04:02:29.756199,2,1,135.5,0.4,135.3,150,135.1,100,,,,,,,,,,,,,,,,,135.7,150,,,,,,,,,,,,,,,,,,
2026-07-05T04:02:29.818267+00:00,2026-07-05T04:02:29.818360,2,2,135.45,0.3,135.3,150,135.1,100,,,,,,,,,,,,,,,,,135.6,100,135.7,150,,,,,,,,,,,,,,,,
2026-07-05T04:02:32.158571+00:00,2026-07-05T04:02:32.149019,1,1,135.35,0.5,135.1,100,,,,,,,,,,,,,,,,,,,135.6,100,,,,,,,,,,,,,,,,,,
2026-07-05T04:02:32.208193+00:00,2026-07-05T04:02:32.208033,2,1,135.4,0.4,135.2,150,135.1,100,,,,,,,,,,,,,,,,,135.6,100,,,,,,,,,,,,,,,,,,
2026-07-05T04:02:32.263818+00:00,2026-07-05T04:02:32.263793,2,2,135.4,0.4,135.2,150,135.1,100,,,,,,,,,,,,,,,,,135.6,100,135.7,150,,,,,,,,,,,,,,,,
2026-07-05T04:02:32.869144+00:00,2026-07-05T04:02:32.869040,2,1,135.45,0.5,135.2,150,135.1,100,,,,,,,,,,,,,,,,,135.7,150,,,,,,,,,,,,,,,,,,
2026-07-05T04:02:32.874122+00:00,2026-07-05T04:02:32.874208,1,1,135.45,0.5,135.2,150,,,,,,,,,,,,,,,,,,,135.7,150,,,,,,,,,,,,,,,,,,
2026-07-05T04:02:32.928447+00:00,2026-07-05T04:02:32.928564,2,1,135.45,0.5,135.2,150,134.9,100,,,,,,,,,,,,,,,,,135.7,150,,,,,,,,,,,,,,,,,,
2026-07-05T04:02:32.981959+00:00,2026-07-05T04:02:32.981931,2,2,135.3,0.2,135.2,150,134.9,100,,,,,,,,,,,,,,,,,135.4,100,135.7,150,,,,,,,,,,,,,,,,
2026-07-05T04:02:33.177768+00:00,2026-07-05T04:02:33.177668,2,2,135.3,0.2,135.2,107,134.9,100,,,,,,,,,,,,,,,,,135.4,100,135.7,150,,,,,,,,,,,,,,,,
2026-07-05T04:02:33.543587+00:00,2026-07-05T04:02:33.543476,2,2,135.3,0.2,135.2,107,134.9,100,,,,,,,,,,,,,,,,,135.4,50,135.7,150,,,,,,,,,,,,,,,,
2026-07-05T04:02:33.747123+00:00,2026-07-05T04:02:33.747061,2,2,135.3,0.2,135.2,107,134.9,100,,,,,,,,,,,,,,,,,135.4,9,135.7,150,,,,,,,,,,,,,,,,
2026-07-05T04:02:35.314409+00:00,2026-07-05T04:02:35.314576,1,1,135.15,0.5,134.9,100,,,,,,,,,,,,,,,,,,,135.4,9,,,,,,,,,,,,,,,,,,
2026-07-05T04:02:35.370726+00:00,2026-07-05T04:02:35.370700,2,1,135.25,0.3,135.1,150,134.9,100,,,,,,,,,,,,,,,,,135.4,9,,,,,,,,,,,,,,,,,,
2026-07-05T04:02:35.427888+00:00,2026-07-05T04:02:35.427828,2,2,135.25,0.3,135.1,150,134.9,100,,,,,,,,,,,,,,,,,135.4,9,135.6,150,,,,,,,,,,,,,,,,
2026-07-05T04:02:35.658642+00:00,2026-07-05T04:02:35.653079,2,1,135.35,0.5,135.1,150,134.9,100,,,,,,,,,,,,,,,,,135.6,109,,,,,,,,,,,,,,,,,,
2026-07-05T04:02:36.037095+00:00,2026-07-05T04:02:36.036976,1,1,135.35,0.5,135.1,150,,,,,,,,,,,,,,,,,,,135.6,109,,,,,,,,,,,,,,,,,,
2026-07-05T04:02:36.090363+00:00,2026-07-05T04:02:36.090247,2,1,135.5,0.2,135.4,100,135.1,150,,,,,,,,,,,,,,,,,135.6,109,,,,,,,,,,,,,,,,,,
2026-07-05T04:02:36.143109+00:00,2026-07-05T04:02:36.142986,2,2,135.5,0.2,135.4,100,135.1,150,,,,,,,,,,,,,,,,,135.6,109,135.9,100,,,,,,,,,,,,,,,,
2026-07-05T04:02:37.758542+00:00,2026-07-05T04:02:37.755680,2,2,135.5,0.2,135.4,100,135.1,150,,,,,,,,,,,,,,,,,135.6,59,135.9,100,,,,,,,,,,,,,,,,
2026-07-05T04:02:38.482959+00:00,2026-07-05T04:02:38.482844,1,1,135.65,0.5,135.4,100,,,,,,,,,,,,,,,,,,,135.9,100,,,,,,,,,,,,,,,,,,
2026-07-05T04:02:38.504383+00:00,2026-07-05T04:02:38.498130,1,1,135.65,0.5,135.4,88,,,,,,,,,,,,,,,,,,,135.9,100,,,,,,,,,,,,,,,,,,
2026-07-05T04:02:38.539249+00:00,2026-07-05T04:02:38.539158,2,1,135.65,0.5,135.4,88,135.3,150,,,,,,,,,,,,,,,,,135.9,100,,,,,,,,,,,,,,,,,,
2026-07-05T04:02:38.592572+00:00,2026-07-05T04:02:38.592442,2,2,135.6,0.4,135.4,88,135.3,150,,,,,,,,,,,,,,,,,135.8,150,135.9,100,,,,,,,,,,,,,,,,
2026-07-05T04:02:39.195915+00:00,2026-07-05T04:02:39.196033,1,1,135.55,0.5,135.3,150,,,,,,,,,,,,,,,,,,,135.8,150,,,,,,,,,,,,,,,,,,
2026-07-05T04:02:39.250851+00:00,2026-07-05T04:02:39.250922,2,1,135.55,0.5,135.3,150,135.2,100,,,,,,,,,,,,,,,,,135.8,150,,,,,,,,,,,,,,,,,,
2026-07-05T04:02:39.319707+00:00,2026-07-05T04:02:39.319619,2,2,135.5,0.4,135.3,150,135.2,100,,,,,,,,,,,,,,,,,135.7,100,135.8,150,,,,,,,,,,,,,,,,
2026-07-05T04:02:39.871926+00:00,2026-07-05T04:02:39.871811,2,2,135.5,0.4,135.3,150,135.2,100,,,,,,,,,,,,,,,,,135.7,50,135.8,150,,,,,,,,,,,,,,,,
2026-07-05T04:02:39.907825+00:00,2026-07-05T04:02:39.907725,2,2,135.5,0.4,135.3,109,135.2,100,,,,,,,,,,,,,,,,,135.7,50,135.8,150,,,,,,,,,,,,,,,,
2026-07-05T04:02:41.122442+00:00,2026-07-05T04:02:41.115726,2,2,135.5,0.4,135.3,86,135.2,100,,,,,,,,,,,,,,,,,135.7,50,135.8,150,,,,,,,,,,,,,,,,
2026-07-05T04:02:41.558647+00:00,2026-07-05T04:02:41.556228,2,2,135.5,0.4,135.3,86,135.2,100,,,,,,,,,,,,,,,,,135.7,10,135.8,150,,,,,,,,,,,,,,,,
2026-07-05T04:02:41.646712+00:00,2026-07-05T04:02:41.646601,1,1,135.45,0.5,135.2,100,,,,,,,,,,,,,,,,,,,135.7,10,,,,,,,,,,,,,,,,,,
2026-07-05T04:02:41.701907+00:00,2026-07-05T04:02:41.701724,2,1,135.45,0.5,135.2,100,134.7,150,,,,,,,,,,,,,,,,,135.7,10,,,,,,,,,,,,,,,,,,
2026-07-05T04:02:41.758635+00:00,2026-07-05T04:02:41.756243,1,2,134.95,0.5,134.7,150,,,,,,,,,,,,,,,,,,,135.2,50,135.7,10,,,,,,,,,,,,,,,,
2026-07-05T04:02:42.401957+00:00,2026-07-05T04:02:42.401867,1,1,134.95,0.5,134.7,150,,,,,,,,,,,,,,,,,,,135.2,50,,,,,,,,,,,,,,,,,,
2026-07-05T04:02:42.431405+00:00,2026-07-05T04:02:42.425484,1,1,134.95,0.5,134.7,150,,,,,,,,,,,,,,,,,,,135.2,15,,,,,,,,,,,,,,,,,,
2026-07-05T04:02:42.456012+00:00,2026-07-05T04:02:42.455912,2,1,135.0,0.4,134.8,100,134.7,150,,,,,,,,,,,,,,,,,135.2,15,,,,,,,,,,,,,,,,,,
2026-07-05T04:02:42.507087+00:00,2026-07-05T04:02:42.507216,2,2,135.0,0.4,134.8,100,134.7,150,,,,,,,,,,,,,,,,,135.2,15,135.3,100,,,,,,,,,,,,,,,,
2026-07-05T04:02:44.088051+00:00,2026-07-05T04:02:44.087920,2,1,135.05,0.5,134.8,100,134.7,150,,,,,,,,,,,,,,,,,135.3,65,,,,,,,,,,,,,,,,,,
2026-07-05T04:02:44.832184+00:00,2026-07-05T04:02:44.832097,1,1,135.05,0.5,134.8,100,,,,,,,,,,,,,,,,,,,135.3,65,,,,,,,,,,,,,,,,,,
2026-07-05T04:02:44.897187+00:00,2026-07-05T04:02:44.897081,2,0,,,135.3,85,134.8,100,,,,,,,,,,,,,,,,,,,,,,,,,,,,,,,,,,,,
2026-07-05T04:02:44.954735+00:00,2026-07-05T04:02:44.954855,2,1,135.55,0.5,135.3,85,134.8,100,,,,,,,,,,,,,,,,,135.8,150,,,,,,,,,,,,,,,,,,
2026-07-05T04:02:44.971407+00:00,2026-07-05T04:02:44.963822,2,1,135.55,0.5,135.3,62,134.8,100,,,,,,,,,,,,,,,,,135.8,150,,,,,,,,,,,,,,,,,,
2026-07-05T04:02:45.052465+00:00,2026-07-05T04:02:45.045873,2,1,135.55,0.5,135.3,50,134.8,100,,,,,,,,,,,,,,,,,135.8,150,,,,,,,,,,,,,,,,,,
2026-07-05T04:02:45.564694+00:00,2026-07-05T04:02:45.564580,1,1,135.55,0.5,135.3,50,,,,,,,,,,,,,,,,,,,135.8,150,,,,,,,,,,,,,,,,,,
2026-07-05T04:02:45.617393+00:00,2026-07-05T04:02:45.617262,2,1,135.55,0.5,135.3,50,135.1,100,,,,,,,,,,,,,,,,,135.8,150,,,,,,,,,,,,,,,,,,
2026-07-05T04:02:45.674498+00:00,2026-07-05T04:02:45.674421,2,2,135.45,0.3,135.3,50,135.1,100,,,,,,,,,,,,,,,,,135.6,100,135.8,150,,,,,,,,,,,,,,,,
2026-07-05T04:02:46.258614+00:00,2026-07-05T04:02:46.247360,1,2,135.35,0.5,135.1,100,,,,,,,,,,,,,,,,,,,135.6,100,135.8,150,,,,,,,,,,,,,,,,
2026-07-05T04:02:48.013030+00:00,2026-07-05T04:02:48.012974,1,1,135.35,0.5,135.1,100,,,,,,,,,,,,,,,,,,,135.6,100,,,,,,,,,,,,,,,,,,
2026-07-05T04:02:48.058557+00:00,2026-07-05T04:02:48.057973,2,1,135.35,0.5,135.1,100,134.6,150,,,,,,,,,,,,,,,,,135.6,100,,,,,,,,,,,,,,,,,,
2026-07-05T04:02:48.120430+00:00,2026-07-05T04:02:48.120363,1,2,134.85,0.5,134.6,150,,,,,,,,,,,,,,,,,,,135.1,50,135.6,100,,,,,,,,,,,,,,,,
2026-07-05T04:02:48.365961+00:00,2026-07-05T04:02:48.366158,1,2,134.85,0.5,134.6,100,,,,,,,,,,,,,,,,,,,135.1,50,135.6,100,,,,,,,,,,,,,,,,
2026-07-05T04:02:48.724102+00:00,2026-07-05T04:02:48.724000,1,1,134.85,0.5,134.6,100,,,,,,,,,,,,,,,,,,,135.1,50,,,,,,,,,,,,,,,,,,
2026-07-05T04:02:48.781617+00:00,2026-07-05T04:02:48.781497,2,1,134.9,0.4,134.7,100,134.6,100,,,,,,,,,,,,,,,,,135.1,50,,,,,,,,,,,,,,,,,,
2026-07-05T04:02:48.834677+00:00,2026-07-05T04:02:48.834628,2,2,134.9,0.4,134.7,100,134.6,100,,,,,,,,,,,,,,,,,135.1,50,135.2,100,,,,,,,,,,,,,,,,
2026-07-05T04:02:50.133403+00:00,2026-07-05T04:02:50.133584,2,2,134.9,0.4,134.7,100,134.6,100,,,,,,,,,,,,,,,,,135.1,6,135.2,100,,,,,,,,,,,,,,,,
2026-07-05T04:02:50.188815+00:00,2026-07-05T04:02:50.188738,2,2,134.9,0.4,134.7,60,134.6,100,,,,,,,,,,,,,,,,,135.1,6,135.2,100,,,,,,,,,,,,,,,,
2026-07-05T04:02:50.473630+00:00,2026-07-05T04:02:50.473495,2,2,134.9,0.4,134.7,10,134.6,100,,,,,,,,,,,,,,,,,135.1,6,135.2,100,,,,,,,,,,,,,,,,
2026-07-05T04:02:51.194262+00:00,2026-07-05T04:02:51.194399,1,1,134.95,0.5,134.7,10,,,,,,,,,,,,,,,,,,,135.2,100,,,,,,,,,,,,,,,,,,
2026-07-05T04:02:51.248311+00:00,2026-07-05T04:02:51.248261,2,1,135.05,0.3,134.9,150,134.7,10,,,,,,,,,,,,,,,,,135.2,100,,,,,,,,,,,,,,,,,,
2026-07-05T04:02:51.303708+00:00,2026-07-05T04:02:51.303624,2,2,135.05,0.3,134.9,150,134.7,10,,,,,,,,,,,,,,,,,135.2,100,135.4,150,,,,,,,,,,,,,,,,
2026-07-05T04:02:51.889078+00:00,2026-07-05T04:02:51.889031,1,1,135.15,0.5,134.9,150,,,,,,,,,,,,,,,,,,,135.4,150,,,,,,,,,,,,,,,,,,
2026-07-05T04:02:51.943852+00:00,2026-07-05T04:02:51.943776,2,1,135.15,0.5,134.9,150,134.4,100,,,,,,,,,,,,,,,,,135.4,150,,,,,,,,,,,,,,,,,,
2026-07-05T04:02:51.998099+00:00,2026-07-05T04:02:51.997983,2,1,135.15,0.5,134.9,50,134.4,100,,,,,,,,,,,,,,,,,135.4,150,,,,,,,,,,,,,,,,,,
2026-07-05T04:02:52.582423+00:00,2026-07-05T04:02:52.582339,1,1,134.9,1.0,134.4,100,,,,,,,,,,,,,,,,,,,135.4,150,,,,,,,,,,,,,,,,,,
2026-07-05T04:02:52.758670+00:00,2026-07-05T04:02:52.754857,1,1,134.9,1.0,134.4,53,,,,,,,,,,,,,,,,,,,135.4,150,,,,,,,,,,,,,,,,,,
2026-07-05T04:02:54.358651+00:00,2026-07-05T04:02:54.353087,1,0,,,134.4,53,,,,,,,,,,,,,,,,,,,,,,,,,,,,,,,,,,,,,,
2026-07-05T04:02:54.411902+00:00,2026-07-05T04:02:54.411868,2,0,,,134.6,150,134.4,53,,,,,,,,,,,,,,,,,,,,,,,,,,,,,,,,,,,,
2026-07-05T04:02:54.506869+00:00,2026-07-05T04:02:54.499851,2,1,134.85,0.5,134.6,150,134.4,53,,,,,,,,,,,,,,,,,135.1,127,,,,,,,,,,,,,,,,,,
2026-07-05T04:02:54.691085+00:00,2026-07-05T04:02:54.690994,2,1,134.85,0.5,134.6,100,134.4,53,,,,,,,,,,,,,,,,,135.1,127,,,,,,,,,,,,,,,,,,
2026-07-05T04:02:55.054485+00:00,2026-07-05T04:02:55.054617,1,1,134.85,0.5,134.6,100,,,,,,,,,,,,,,,,,,,135.1,127,,,,,,,,,,,,,,,,,,
2026-07-05T04:02:55.106319+00:00,2026-07-05T04:02:55.106466,2,1,134.95,0.3,134.8,100,134.6,100,,,,,,,,,,,,,,,,,135.1,127,,,,,,,,,,,,,,,,,,
2026-07-05T04:02:55.164627+00:00,2026-07-05T04:02:55.164470,2,2,134.95,0.3,134.8,100,134.6,100,,,,,,,,,,,,,,,,,135.1,127,135.3,100,,,,,,,,,,,,,,,,
2026-07-05T04:02:56.801193+00:00,2026-07-05T04:02:56.801099,2,2,134.95,0.3,134.8,50,134.6,100,,,,,,,,,,,,,,,,,135.1,127,135.3,100,,,,,,,,,,,,,,,,
2026-07-05T04:02:57.547839+00:00,2026-07-05T04:02:57.547815,1,1,135.05,0.5,134.8,50,,,,,,,,,,,,,,,,,,,135.3,100,,,,,,,,,,,,,,,,,,
2026-07-05T04:02:57.601875+00:00,2026-07-05T04:02:57.601816,2,1,135.05,0.5,134.8,50,134.4,150,,,,,,,,,,,,,,,,,135.3,100,,,,,,,,,,,,,,,,,,
2026-07-05T04:02:57.671432+00:00,2026-07-05T04:02:57.664140,2,2,134.85,0.1,134.8,50,134.4,150,,,,,,,,,,,,,,,,,134.9,138,135.3,100,,,,,,,,,,,,,,,,
2026-07-05T04:02:58.216228+00:00,2026-07-05T04:02:58.216118,2,1,134.85,0.1,134.8,50,134.4,150,,,,,,,,,,,,,,,,,134.9,138,,,,,,,,,,,,,,,,,,
2026-07-05T04:02:58.221192+00:00,2026-07-05T04:02:58.221284,1,1,134.65,0.5,134.4,150,,,,,,,,,,,,,,,,,,,134.9,138,,,,,,,,,,,,,,,,,,
2026-07-05T04:02:58.274265+00:00,2026-07-05T04:02:58.274140,1,1,134.65,0.5,134.4,250,,,,,,,,,,,,,,,,,,,134.9,138,,,,,,,,,,,,,,,,,,
2026-07-05T04:02:58.326812+00:00,2026-07-05T04:02:58.326769,1,1,134.65,0.5,134.4,250,,,,,,,,,,,,,,,,,,,134.9,238,,,,,,,,,,,,,,,,,,
2026-07-05T04:02:58.990364+00:00,2026-07-05T04:02:58.990266,1,1,134.65,0.5,134.4,250,,,,,,,,,,,,,,,,,,,134.9,213,,,,,,,,,,,,,,,,,,
2026-07-05T04:02:59.464042+00:00,2026-07-05T04:02:59.463849,1,1,134.65,0.5,134.4,250,,,,,,,,,,,,,,,,,,,134.9,171,,,,,,,,,,,,,,,,,,
2026-07-05T04:03:00.710659+00:00,2026-07-05T04:03:00.710597,1,1,134.65,0.5,134.4,250,,,,,,,,,,,,,,,,,,,134.9,100,,,,,,,,,,,,,,,,,,
2026-07-05T04:03:00.715876+00:00,2026-07-05T04:03:00.715733,1,1,134.65,0.5,134.4,100,,,,,,,,,,,,,,,,,,,134.9,100,,,,,,,,,,,,,,,,,,
2026-07-05T04:03:00.775075+00:00,2026-07-05T04:03:00.774967,1,1,134.65,0.5,134.4,250,,,,,,,,,,,,,,,,,,,134.9,100,,,,,,,,,,,,,,,,,,
2026-07-05T04:03:00.837390+00:00,2026-07-05T04:03:00.837282,1,1,134.65,0.5,134.4,250,,,,,,,,,,,,,,,,,,,134.9,250,,,,,,,,,,,,,,,,,,
2026-07-05T04:03:01.016299+00:00,2026-07-05T04:03:01.016187,1,1,134.65,0.5,134.4,200,,,,,,,,,,,,,,,,,,,134.9,250,,,,,,,,,,,,,,,,,,
2026-07-05T04:03:01.382260+00:00,2026-07-05T04:03:01.382198,1,1,134.65,0.5,134.4,150,,,,,,,,,,,,,,,,,,,134.9,150,,,,,,,,,,,,,,,,,,
2026-07-05T04:03:01.436559+00:00,2026-07-05T04:03:01.436535,2,1,134.65,0.5,134.4,150,134.0,100,,,,,,,,,,,,,,,,,134.9,150,,,,,,,,,,,,,,,,,,
2026-07-05T04:03:01.489527+00:00,2026-07-05T04:03:01.489446,2,2,134.45,0.1,134.4,150,134.0,100,,,,,,,,,,,,,,,,,134.5,100,134.9,150,,,,,,,,,,,,,,,,
2026-07-05T04:03:01.645955+00:00,2026-07-05T04:03:01.646087,2,2,134.45,0.1,134.4,150,134.0,100,,,,,,,,,,,,,,,,,134.5,53,134.9,150,,,,,,,,,,,,,,,,
2026-07-05T04:03:03.073670+00:00,2026-07-05T04:03:03.073606,2,2,134.45,0.1,134.4,150,134.0,100,,,,,,,,,,,,,,,,,134.5,3,134.9,150,,,,,,,,,,,,,,,,
2026-07-05T04:03:03.892326+00:00,2026-07-05T04:03:03.892495,1,1,134.25,0.5,134.0,100,,,,,,,,,,,,,,,,,,,134.5,3,,,,,,,,,,,,,,,,,,
2026-07-05T04:03:03.946806+00:00,2026-07-05T04:03:03.946891,2,1,134.4,0.2,134.3,150,134.0,100,,,,,,,,,,,,,,,,,134.5,3,,,,,,,,,,,,,,,,,,
2026-07-05T04:03:04.000120+00:00,2026-07-05T04:03:04.000208,2,2,134.4,0.2,134.3,150,134.0,100,,,,,,,,,,,,,,,,,134.5,3,134.8,150,,,,,,,,,,,,,,,,
2026-07-05T04:03:04.545889+00:00,2026-07-05T04:03:04.545774,1,1,134.55,0.5,134.3,150,,,,,,,,,,,,,,,,,,,134.8,150,,,,,,,,,,,,,,,,,,
2026-07-05T04:03:04.601370+00:00,2026-07-05T04:03:04.601494,1,1,134.55,0.5,134.3,250,,,,,,,,,,,,,,,,,,,134.8,150,,,,,,,,,,,,,,,,,,
2026-07-05T04:03:04.658564+00:00,2026-07-05T04:03:04.655572,1,1,134.55,0.5,134.3,250,,,,,,,,,,,,,,,,,,,134.8,250,,,,,,,,,,,,,,,,,,
2026-07-05T04:03:05.178926+00:00,2026-07-05T04:03:05.178804,1,1,134.55,0.5,134.3,250,,,,,,,,,,,,,,,,,,,134.8,200,,,,,,,,,,,,,,,,,,
2026-07-05T04:03:07.053676+00:00,2026-07-05T04:03:07.053624,1,1,134.55,0.5,134.3,100,,,,,,,,,,,,,,,,,,,134.8,100,,,,,,,,,,,,,,,,,,
2026-07-05T04:03:07.110393+00:00,2026-07-05T04:03:07.110294,2,1,134.65,0.3,134.5,150,134.3,100,,,,,,,,,,,,,,,,,134.8,100,,,,,,,,,,,,,,,,,,
2026-07-05T04:03:07.158565+00:00,2026-07-05T04:03:07.158303,2,2,134.65,0.3,134.5,150,134.3,100,,,,,,,,,,,,,,,,,134.8,100,135.0,150,,,,,,,,,,,,,,,,
2026-07-05T04:03:07.292581+00:00,2026-07-05T04:03:07.292474,2,2,134.65,0.3,134.5,150,134.3,100,,,,,,,,,,,,,,,,,134.8,50,135.0,150,,,,,,,,,,,,,,,,
2026-07-05T04:03:07.709874+00:00,2026-07-05T04:03:07.709817,1,1,134.75,0.5,134.5,150,,,,,,,,,,,,,,,,,,,135.0,150,,,,,,,,,,,,,,,,,,
2026-07-05T04:03:07.773978+00:00,2026-07-05T04:03:07.774086,2,1,134.75,0.5,134.5,150,134.4,100,,,,,,,,,,,,,,,,,135.0,150,,,,,,,,,,,,,,,,,,
2026-07-05T04:03:07.836162+00:00,2026-07-05T04:03:07.836057,2,2,134.7,0.4,134.5,150,134.4,100,,,,,,,,,,,,,,,,,134.9,100,135.0,150,,,,,,,,,,,,,,,,
2026-07-05T04:03:08.650618+00:00,2026-07-05T04:03:08.644550,2,2,134.7,0.4,134.5,138,134.4,100,,,,,,,,,,,,,,,,,134.9,100,135.0,150,,,,,,,,,,,,,,,,
2026-07-05T04:03:10.247183+00:00,2026-07-05T04:03:10.247119,1,1,134.65,0.5,134.4,100,,,,,,,,,,,,,,,,,,,134.9,100,,,,,,,,,,,,,,,,,,
2026-07-05T04:03:10.305738+00:00,2026-07-05T04:03:10.305705,2,1,134.75,0.3,134.6,150,134.4,100,,,,,,,,,,,,,,,,,134.9,100,,,,,,,,,,,,,,,,,,
2026-07-05T04:03:10.358965+00:00,2026-07-05T04:03:10.358918,2,2,134.75,0.3,134.6,150,134.4,100,,,,,,,,,,,,,,,,,134.9,100,135.1,150,,,,,,,,,,,,,,,,
2026-07-05T04:03:10.889713+00:00,2026-07-05T04:03:10.889620,1,1,134.85,0.5,134.6,150,,,,,,,,,,,,,,,,,,,135.1,150,,,,,,,,,,,,,,,,,,
2026-07-05T04:03:10.945885+00:00,2026-07-05T04:03:10.945838,1,1,134.85,0.5,134.6,250,,,,,,,,,,,,,,,,,,,135.1,150,,,,,,,,,,,,,,,,,,
2026-07-05T04:03:10.998782+00:00,2026-07-05T04:03:10.998661,1,1,134.85,0.5,134.6,250,,,,,,,,,,,,,,,,,,,135.1,250,,,,,,,,,,,,,,,,,,
2026-07-05T04:03:11.505500+00:00,2026-07-05T04:03:11.505448,1,1,134.85,0.5,134.6,250,,,,,,,,,,,,,,,,,,,135.1,200,,,,,,,,,,,,,,,,,,
2026-07-05T04:03:13.410932+00:00,2026-07-05T04:03:13.410894,1,1,134.85,0.5,134.6,250,,,,,,,,,,,,,,,,,,,135.1,100,,,,,,,,,,,,,,,,,,
2026-07-05T04:03:13.416166+00:00,2026-07-05T04:03:13.416036,1,1,134.85,0.5,134.6,100,,,,,,,,,,,,,,,,,,,135.1,100,,,,,,,,,,,,,,,,,,
2026-07-05T04:03:13.470159+00:00,2026-07-05T04:03:13.470069,1,1,134.85,0.5,134.6,250,,,,,,,,,,,,,,,,,,,135.1,100,,,,,,,,,,,,,,,,,,
2026-07-05T04:03:13.524574+00:00,2026-07-05T04:03:13.524486,1,1,134.85,0.5,134.6,250,,,,,,,,,,,,,,,,,,,135.1,250,,,,,,,,,,,,,,,,,,
2026-07-05T04:03:13.668848+00:00,2026-07-05T04:03:13.668787,1,1,134.85,0.5,134.6,200,,,,,,,,,,,,,,,,,,,135.1,250,,,,,,,,,,,,,,,,,,
2026-07-05T04:03:14.053961+00:00,2026-07-05T04:03:14.054124,1,1,134.85,0.5,134.6,150,,,,,,,,,,,,,,,,,,,135.1,150,,,,,,,,,,,,,,,,,,
2026-07-05T04:03:14.109383+00:00,2026-07-05T04:03:14.109558,2,1,134.85,0.5,134.6,150,134.4,100,,,,,,,,,,,,,,,,,135.1,150,,,,,,,,,,,,,,,,,,
2026-07-05T04:03:14.162595+00:00,2026-07-05T04:03:14.162472,2,2,134.75,0.3,134.6,150,134.4,100,,,,,,,,,,,,,,,,,134.9,100,135.1,150,,,,,,,,,,,,,,,,
2026-07-05T04:03:15.727046+00:00,2026-07-05T04:03:15.726985,2,2,134.75,0.3,134.6,150,134.4,100,,,,,,,,,,,,,,,,,134.9,50,135.1,150,,,,,,,,,,,,,,,,
2026-07-05T04:03:16.579346+00:00,2026-07-05T04:03:16.579213,1,1,134.65,0.5,134.4,100,,,,,,,,,,,,,,,,,,,134.9,50,,,,,,,,,,,,,,,,,,
2026-07-05T04:03:16.633884+00:00,2026-07-05T04:03:16.633835,2,1,134.85,0.1,134.8,150,134.4,100,,,,,,,,,,,,,,,,,134.9,50,,,,,,,,,,,,,,,,,,
2026-07-05T04:03:16.687324+00:00,2026-07-05T04:03:16.687274,2,2,134.85,0.1,134.8,150,134.4,100,,,,,,,,,,,,,,,,,134.9,50,135.3,150,,,,,,,,,,,,,,,,
2026-07-05T04:03:17.031623+00:00,2026-07-05T04:03:17.024858,2,2,134.85,0.1,134.8,139,134.4,100,,,,,,,,,,,,,,,,,134.9,50,135.3,150,,,,,,,,,,,,,,,,
2026-07-05T04:03:17.218145+00:00,2026-07-05T04:03:17.217790,1,1,135.05,0.5,134.8,139,,,,,,,,,,,,,,,,,,,135.3,150,,,,,,,,,,,,,,,,,,
2026-07-05T04:03:17.275811+00:00,2026-07-05T04:03:17.275772,2,1,135.05,0.5,134.8,139,134.5,100,,,,,,,,,,,,,,,,,135.3,150,,,,,,,,,,,,,,,,,,
2026-07-05T04:03:17.329321+00:00,2026-07-05T04:03:17.329256,2,2,134.9,0.2,134.8,139,134.5,100,,,,,,,,,,,,,,,,,135.0,100,135.3,150,,,,,,,,,,,,,,,,
2026-07-05T04:03:17.436130+00:00,2026-07-05T04:03:17.436057,2,2,134.9,0.2,134.8,94,134.5,100,,,,,,,,,,,,,,,,,135.0,100,135.3,150,,,,,,,,,,,,,,,,
2026-07-05T04:03:17.832445+00:00,2026-07-05T04:03:17.832621,2,2,134.9,0.2,134.8,94,134.5,100,,,,,,,,,,,,,,,,,135.0,50,135.3,150,,,,,,,,,,,,,,,,
2026-07-05T04:03:18.109174+00:00,2026-07-05T04:03:18.109068,2,2,134.9,0.2,134.8,94,134.5,100,,,,,,,,,,,,,,,,,135.0,5,135.3,150,,,,,,,,,,,,,,,,
2026-07-05T04:03:19.748202+00:00,2026-07-05T04:03:19.748109,1,1,134.75,0.5,134.5,100,,,,,,,,,,,,,,,,,,,135.0,5,,,,,,,,,,,,,,,,,,
2026-07-05T04:03:19.804725+00:00,2026-07-05T04:03:19.804657,1,1,134.75,0.5,134.5,250,,,,,,,,,,,,,,,,,,,135.0,5,,,,,,,,,,,,,,,,,,
2026-07-05T04:03:19.858554+00:00,2026-07-05T04:03:19.851864,1,1,134.75,0.5,134.5,250,,,,,,,,,,,,,,,,,,,135.0,155,,,,,,,,,,,,,,,,,,
2026-07-05T04:03:19.958637+00:00,2026-07-05T04:03:19.956812,1,1,134.75,0.5,134.5,250,,,,,,,,,,,,,,,,,,,135.0,105,,,,,,,,,,,,,,,,,,
2026-07-05T04:03:20.384405+00:00,2026-07-05T04:03:20.384378,1,1,134.75,0.5,134.5,150,,,,,,,,,,,,,,,,,,,135.0,105,,,,,,,,,,,,,,,,,,
2026-07-05T04:03:20.437183+00:00,2026-07-05T04:03:20.437071,2,1,134.95,0.1,134.9,100,134.5,150,,,,,,,,,,,,,,,,,135.0,105,,,,,,,,,,,,,,,,,,
2026-07-05T04:03:20.490085+00:00,2026-07-05T04:03:20.489954,2,2,134.95,0.1,134.9,100,134.5,150,,,,,,,,,,,,,,,,,135.0,105,135.4,100,,,,,,,,,,,,,,,,
2026-07-05T04:03:21.029047+00:00,2026-07-05T04:03:21.028994,2,2,134.95,0.1,134.9,53,134.5,150,,,,,,,,,,,,,,,,,135.0,105,135.4,100,,,,,,,,,,,,,,,,
2026-07-05T04:03:21.769855+00:00,2026-07-05T04:03:21.763624,2,2,134.95,0.1,134.9,41,134.5,150,,,,,,,,,,,,,,,,,135.0,105,135.4,100,,,,,,,,,,,,,,,,
2026-07-05T04:03:22.054169+00:00,2026-07-05T04:03:22.054245,1,2,134.75,0.5,134.5,146,,,,,,,,,,,,,,,,,,,135.0,105,135.4,100,,,,,,,,,,,,,,,,
2026-07-05T04:03:22.957280+00:00,2026-07-05T04:03:22.912702,0,1,,,,,,,,,,,,,,,,,,,,,,,135.4,100,,,,,,,,,,,,,,,,,,
2026-07-05T04:03:22.972777+00:00,2026-07-05T04:03:22.972654,1,1,135.0,0.8,134.6,150,,,,,,,,,,,,,,,,,,,135.4,100,,,,,,,,,,,,,,,,,,
2026-07-05T04:03:23.022079+00:00,2026-07-05T04:03:23.022000,1,2,134.85,0.5,134.6,150,,,,,,,,,,,,,,,,,,,135.1,150,135.4,100,,,,,,,,,,,,,,,,
2026-07-05T04:03:23.552957+00:00,2026-07-05T04:03:23.553067,1,1,134.85,0.5,134.6,150,,,,,,,,,,,,,,,,,,,135.1,150,,,,,,,,,,,,,,,,,,
2026-07-05T04:03:23.606628+00:00,2026-07-05T04:03:23.606524,2,1,134.85,0.5,134.6,150,134.4,100,,,,,,,,,,,,,,,,,135.1,150,,,,,,,,,,,,,,,,,,
2026-07-05T04:03:23.658591+00:00,2026-07-05T04:03:23.658486,2,2,134.75,0.3,134.6,150,134.4,100,,,,,,,,,,,,,,,,,134.9,100,135.1,150,,,,,,,,,,,,,,,,
2026-07-05T04:03:24.169680+00:00,2026-07-05T04:03:24.169616,2,2,134.75,0.3,134.6,150,134.4,100,,,,,,,,,,,,,,,,,134.9,50,135.1,150,,,,,,,,,,,,,,,,
2026-07-05T04:03:24.606666+00:00,2026-07-05T04:03:24.606795,2,2,134.75,0.3,134.6,150,134.4,100,,,,,,,,,,,,,,,,,134.9,6,135.1,150,,,,,,,,,,,,,,,,
2026-07-05T04:03:25.753879+00:00,2026-07-05T04:03:25.754088,2,1,134.85,0.5,134.6,150,134.4,100,,,,,,,,,,,,,,,,,135.1,150,,,,,,,,,,,,,,,,,,
2026-07-05T04:03:26.072702+00:00,2026-07-05T04:03:26.072650,2,0,,,134.6,150,134.4,100,,,,,,,,,,,,,,,,,,,,,,,,,,,,,,,,,,,,
2026-07-05T04:03:26.077817+00:00,2026-07-05T04:03:26.077797,1,0,,,134.4,100,,,,,,,,,,,,,,,,,,,,,,,,,,,,,,,,,,,,,,
2026-07-05T04:03:26.132265+00:00,2026-07-05T04:03:26.132234,2,0,,,134.6,150,134.4,100,,,,,,,,,,,,,,,,,,,,,,,,,,,,,,,,,,,,
2026-07-05T04:03:26.182878+00:00,2026-07-05T04:03:26.182772,2,1,134.85,0.5,134.6,150,134.4,100,,,,,,,,,,,,,,,,,135.1,150,,,,,,,,,,,,,,,,,,
2026-07-05T04:03:26.280674+00:00,2026-07-05T04:03:26.280622,2,1,134.85,0.5,134.6,150,134.4,100,,,,,,,,,,,,,,,,,135.1,100,,,,,,,,,,,,,,,,,,
2026-07-05T04:03:26.402909+00:00,2026-07-05T04:03:26.402834,2,1,134.85,0.5,134.6,104,134.4,100,,,,,,,,,,,,,,,,,135.1,100,,,,,,,,,,,,,,,,,,
2026-07-05T04:03:26.711860+00:00,2026-07-05T04:03:26.711710,1,1,134.85,0.5,134.6,104,,,,,,,,,,,,,,,,,,,135.1,100,,,,,,,,,,,,,,,,,,
2026-07-05T04:03:26.764886+00:00,2026-07-05T04:03:26.764809,2,1,134.9,0.4,134.7,100,134.6,104,,,,,,,,,,,,,,,,,135.1,100,,,,,,,,,,,,,,,,,,
2026-07-05T04:03:26.818615+00:00,2026-07-05T04:03:26.818422,2,2,134.9,0.4,134.7,100,134.6,104,,,,,,,,,,,,,,,,,135.1,100,135.2,100,,,,,,,,,,,,,,,,
2026-07-05T04:03:29.238951+00:00,2026-07-05T04:03:29.239068,1,1,134.95,0.5,134.7,100,,,,,,,,,,,,,,,,,,,135.2,100,,,,,,,,,,,,,,,,,,
2026-07-05T04:03:29.292228+00:00,2026-07-05T04:03:29.292368,2,1,135.05,0.3,134.9,150,134.7,100,,,,,,,,,,,,,,,,,135.2,100,,,,,,,,,,,,,,,,,,
2026-07-05T04:03:29.352744+00:00,2026-07-05T04:03:29.352852,2,2,135.05,0.3,134.9,150,134.7,100,,,,,,,,,,,,,,,,,135.2,100,135.4,150,,,,,,,,,,,,,,,,
2026-07-05T04:03:29.488191+00:00,2026-07-05T04:03:29.488162,2,2,135.05,0.3,134.9,102,134.7,100,,,,,,,,,,,,,,,,,135.2,100,135.4,150,,,,,,,,,,,,,,,,
2026-07-05T04:03:29.872945+00:00,2026-07-05T04:03:29.872771,1,1,135.15,0.5,134.9,102,,,,,,,,,,,,,,,,,,,135.4,150,,,,,,,,,,,,,,,,,,
2026-07-05T04:03:29.927024+00:00,2026-07-05T04:03:29.926903,2,1,135.15,0.5,134.9,102,134.8,100,,,,,,,,,,,,,,,,,135.4,150,,,,,,,,,,,,,,,,,,
2026-07-05T04:03:29.980217+00:00,2026-07-05T04:03:29.980119,2,2,135.1,0.4,134.9,102,134.8,100,,,,,,,,,,,,,,,,,135.3,100,135.4,150,,,,,,,,,,,,,,,,
2026-07-05T04:03:30.531104+00:00,2026-07-05T04:03:30.531238,2,2,135.1,0.4,134.9,102,134.8,100,,,,,,,,,,,,,,,,,135.3,50,135.4,150,,,,,,,,,,,,,,,,
2026-07-05T04:03:30.634100+00:00,2026-07-05T04:03:30.633974,2,2,135.1,0.4,134.9,102,134.8,100,,,,,,,,,,,,,,,,,135.3,3,135.4,150,,,,,,,,,,,,,,,,
2026-07-05T04:03:31.716045+00:00,2026-07-05T04:03:31.715967,2,1,135.15,0.5,134.9,102,134.8,100,,,,,,,,,,,,,,,,,135.4,109,,,,,,,,,,,,,,,,,,
2026-07-05T04:03:32.263399+00:00,2026-07-05T04:03:32.258646,2,1,135.15,0.5,134.9,91,134.8,100,,,,,,,,,,,,,,,,,135.4,109,,,,,,,,,,,,,,,,,,
2026-07-05T04:03:32.403866+00:00,2026-07-05T04:03:32.403987,1,0,,,134.8,100,,,,,,,,,,,,,,,,,,,,,,,,,,,,,,,,,,,,,,
2026-07-05T04:03:32.458639+00:00,2026-07-05T04:03:32.454105,2,0,,,134.8,100,134.5,150,,,,,,,,,,,,,,,,,,,,,,,,,,,,,,,,,,,,
2026-07-05T04:03:32.518654+00:00,2026-07-05T04:03:32.518489,2,1,134.9,0.2,134.8,100,134.5,150,,,,,,,,,,,,,,,,,135.0,150,,,,,,,,,,,,,,,,,,
2026-07-05T04:03:32.660494+00:00,2026-07-05T04:03:32.660628,2,1,134.9,0.2,134.8,100,134.5,150,,,,,,,,,,,,,,,,,135.0,100,,,,,,,,,,,,,,,,,,
2026-07-05T04:03:32.886827+00:00,2026-07-05T04:03:32.886673,2,1,134.9,0.2,134.8,52,134.5,150,,,,,,,,,,,,,,,,,135.0,100,,,,,,,,,,,,,,,,,,
2026-07-05T04:03:33.035226+00:00,2026-07-05T04:03:33.035181,1,1,134.75,0.5,134.5,150,,,,,,,,,,,,,,,,,,,135.0,100,,,,,,,,,,,,,,,,,,
2026-07-05T04:03:33.089459+00:00,2026-07-05T04:03:33.089375,2,1,134.9,0.2,134.8,100,134.5,150,,,,,,,,,,,,,,,,,135.0,100,,,,,,,,,,,,,,,,,,
2026-07-05T04:03:33.142959+00:00,2026-07-05T04:03:33.142891,2,2,134.9,0.2,134.8,100,134.5,150,,,,,,,,,,,,,,,,,135.0,100,135.3,100,,,,,,,,,,,,,,,,
2026-07-05T04:03:33.474472+00:00,2026-07-05T04:03:33.474359,2,2,134.9,0.2,134.8,57,134.5,150,,,,,,,,,,,,,,,,,135.0,100,135.3,100,,,,,,,,,,,,,,,,
2026-07-05T04:03:35.574270+00:00,2026-07-05T04:03:35.574401,1,1,135.05,0.5,134.8,57,,,,,,,,,,,,,,,,,,,135.3,100,,,,,,,,,,,,,,,,,,
2026-07-05T04:03:35.644102+00:00,2026-07-05T04:03:35.644199,2,1,135.05,0.5,134.8,57,134.7,150,,,,,,,,,,,,,,,,,135.3,100,,,,,,,,,,,,,,,,,,
2026-07-05T04:03:35.697917+00:00,2026-07-05T04:03:35.697826,2,2,135.0,0.4,134.8,57,134.7,150,,,,,,,,,,,,,,,,,135.2,150,135.3,100,,,,,,,,,,,,,,,,
2026-07-05T04:03:36.169070+00:00,2026-07-05T04:03:36.168954,2,2,135.0,0.4,134.8,57,134.7,150,,,,,,,,,,,,,,,,,135.2,104,135.3,100,,,,,,,,,,,,,,,,
2026-07-05T04:03:36.195448+00:00,2026-07-05T04:03:36.195382,1,1,134.95,0.5,134.7,150,,,,,,,,,,,,,,,,,,,135.2,104,,,,,,,,,,,,,,,,,,
2026-07-05T04:03:36.280371+00:00,2026-07-05T04:03:36.280287,2,1,134.95,0.5,134.7,150,134.6,100,,,,,,,,,,,,,,,,,135.2,104,,,,,,,,,,,,,,,,,,
2026-07-05T04:03:36.332860+00:00,2026-07-05T04:03:36.332772,2,2,134.9,0.4,134.7,150,134.6,100,,,,,,,,,,,,,,,,,135.1,100,135.2,104,,,,,,,,,,,,,,,,
2026-07-05T04:03:36.631249+00:00,2026-07-05T04:03:36.631215,2,2,134.9,0.4,134.7,105,134.6,100,,,,,,,,,,,,,,,,,135.1,100,135.2,104,,,,,,,,,,,,,,,,
2026-07-05T04:03:38.751709+00:00,2026-07-05T04:03:38.751621,1,1,134.85,0.5,134.6,100,,,,,,,,,,,,,,,,,,,135.1,100,,,,,,,,,,,,,,,,,,
2026-07-05T04:03:38.806336+00:00,2026-07-05T04:03:38.806179,2,1,134.9,0.4,134.7,150,134.6,100,,,,,,,,,,,,,,,,,135.1,100,,,,,,,,,,,,,,,,,,
2026-07-05T04:03:38.858644+00:00,2026-07-05T04:03:38.856478,2,2,134.9,0.4,134.7,150,134.6,100,,,,,,,,,,,,,,,,,135.1,100,135.2,150,,,,,,,,,,,,,,,,
2026-07-05T04:03:39.049964+00:00,2026-07-05T04:03:39.049808,2,2,134.9,0.4,134.7,100,134.6,100,,,,,,,,,,,,,,,,,135.1,100,135.2,150,,,,,,,,,,,,,,,,
2026-07-05T04:03:39.388333+00:00,2026-07-05T04:03:39.388458,1,1,134.95,0.5,134.7,100,,,,,,,,,,,,,,,,,,,135.2,150,,,,,,,,,,,,,,,,,,
2026-07-05T04:03:39.442602+00:00,2026-07-05T04:03:39.442542,2,1,135.05,0.3,134.9,100,134.7,100,,,,,,,,,,,,,,,,,135.2,150,,,,,,,,,,,,,,,,,,
2026-07-05T04:03:39.495270+00:00,2026-07-05T04:03:39.495359,2,2,135.05,0.3,134.9,100,134.7,100,,,,,,,,,,,,,,,,,135.2,150,135.4,100,,,,,,,,,,,,,,,,
2026-07-05T04:03:41.130135+00:00,2026-07-05T04:03:41.130068,2,2,135.05,0.3,134.9,100,134.7,100,,,,,,,,,,,,,,,,,135.2,100,135.4,100,,,,,,,,,,,,,,,,
2026-07-05T04:03:41.907899+00:00,2026-07-05T04:03:41.907867,2,1,135.15,0.5,134.9,100,134.7,100,,,,,,,,,,,,,,,,,135.4,100,,,,,,,,,,,,,,,,,,
2026-07-05T04:03:41.913046+00:00,2026-07-05T04:03:41.913006,1,1,135.15,0.5,134.9,100,,,,,,,,,,,,,,,,,,,135.4,100,,,,,,,,,,,,,,,,,,
2026-07-05T04:03:41.967810+00:00,2026-07-05T04:03:41.967783,2,1,135.15,0.5,134.9,100,134.7,150,,,,,,,,,,,,,,,,,135.4,100,,,,,,,,,,,,,,,,,,
2026-07-05T04:03:42.020986+00:00,2026-07-05T04:03:42.020931,2,2,135.05,0.3,134.9,100,134.7,150,,,,,,,,,,,,,,,,,135.2,150,135.4,100,,,,,,,,,,,,,,,,
2026-07-05T04:03:42.549864+00:00,2026-07-05T04:03:42.549741,1,1,134.95,0.5,134.7,150,,,,,,,,,,,,,,,,,,,135.2,150,,,,,,,,,,,,,,,,,,
2026-07-05T04:03:42.604771+00:00,2026-07-05T04:03:42.604838,2,1,135.0,0.4,134.8,100,134.7,150,,,,,,,,,,,,,,,,,135.2,150,,,,,,,,,,,,,,,,,,
2026-07-05T04:03:42.658575+00:00,2026-07-05T04:03:42.652253,2,2,135.0,0.4,134.8,100,134.7,150,,,,,,,,,,,,,,,,,135.2,150,135.3,100,,,,,,,,,,,,,,,,
2026-07-05T04:03:43.291654+00:00,2026-07-05T04:03:43.291546,2,2,135.0,0.4,134.8,50,134.7,150,,,,,,,,,,,,,,,,,135.2,150,135.3,100,,,,,,,,,,,,,,,,
2026-07-05T04:03:43.372779+00:00,2026-07-05T04:03:43.372735,2,2,135.0,0.4,134.8,50,134.7,150,,,,,,,,,,,,,,,,,135.2,103,135.3,100,,,,,,,,,,,,,,,,
2026-07-05T04:03:44.285138+00:00,2026-07-05T04:03:44.285041,2,2,135.0,0.4,134.8,50,134.7,150,,,,,,,,,,,,,,,,,135.2,62,135.3,100,,,,,,,,,,,,,,,,
2026-07-05T04:03:45.075660+00:00,2026-07-05T04:03:45.075562,1,1,135.05,0.5,134.8,50,,,,,,,,,,,,,,,,,,,135.3,100,,,,,,,,,,,,,,,,,,
2026-07-05T04:03:45.130417+00:00,2026-07-05T04:03:45.130492,2,1,135.15,0.3,135.0,150,134.8,50,,,,,,,,,,,,,,,,,135.3,100,,,,,,,,,,,,,,,,,,
2026-07-05T04:03:45.143160+00:00,2026-07-05T04:03:45.135616,2,1,135.15,0.3,135.0,147,134.8,50,,,,,,,,,,,,,,,,,135.3,100,,,,,,,,,,,,,,,,,,
2026-07-05T04:03:45.183924+00:00,2026-07-05T04:03:45.183877,2,2,135.15,0.3,135.0,147,134.8,50,,,,,,,,,,,,,,,,,135.3,100,135.5,150,,,,,,,,,,,,,,,,
2026-07-05T04:03:45.439205+00:00,2026-07-05T04:03:45.439125,2,2,135.15,0.3,135.0,97,134.8,50,,,,,,,,,,,,,,,,,135.3,100,135.5,150,,,,,,,,,,,,,,,,
2026-07-05T04:03:45.489928+00:00,2026-07-05T04:03:45.489885,2,2,135.15,0.3,135.0,49,134.8,50,,,,,,,,,,,,,,,,,135.3,100,135.5,150,,,,,,,,,,,,,,,,
2026-07-05T04:03:45.713145+00:00,2026-07-05T04:03:45.712995,1,1,135.25,0.5,135.0,49,,,,,,,,,,,,,,,,,,,135.5,150,,,,,,,,,,,,,,,,,,
2026-07-05T04:03:45.765064+00:00,2026-07-05T04:03:45.764918,2,1,135.25,0.5,135.0,49,134.5,100,,,,,,,,,,,,,,,,,135.5,150,,,,,,,,,,,,,,,,,,
2026-07-05T04:03:45.823349+00:00,2026-07-05T04:03:45.823255,1,2,134.75,0.5,134.5,100,,,,,,,,,,,,,,,,,,,135.0,51,135.5,150,,,,,,,,,,,,,,,,
2026-07-05T04:03:46.720508+00:00,2026-07-05T04:03:46.714399,1,2,134.75,0.5,134.5,100,,,,,,,,,,,,,,,,,,,135.0,48,135.5,150,,,,,,,,,,,,,,,,
2026-07-05T04:03:46.976276+00:00,2026-07-05T04:03:46.976169,1,2,134.75,0.5,134.5,100,,,,,,,,,,,,,,,,,,,135.0,6,135.5,150,,,,,,,,,,,,,,,,
2026-07-05T04:03:47.548742+00:00,2026-07-05T04:03:47.548608,1,2,134.75,0.5,134.5,50,,,,,,,,,,,,,,,,,,,135.0,6,135.5,150,,,,,,,,,,,,,,,,
2026-07-05T04:03:48.237684+00:00,2026-07-05T04:03:48.237594,1,1,134.75,0.5,134.5,50,,,,,,,,,,,,,,,,,,,135.0,6,,,,,,,,,,,,,,,,,,
2026-07-05T04:03:48.290666+00:00,2026-07-05T04:03:48.290584,1,1,134.75,0.5,134.5,200,,,,,,,,,,,,,,,,,,,135.0,6,,,,,,,,,,,,,,,,,,
2026-07-05T04:03:48.358615+00:00,2026-07-05T04:03:48.354441,1,1,134.75,0.5,134.5,200,,,,,,,,,,,,,,,,,,,135.0,156,,,,,,,,,,,,,,,,,,
2026-07-05T04:03:48.482620+00:00,2026-07-05T04:03:48.482846,1,1,134.75,0.5,134.5,151,,,,,,,,,,,,,,,,,,,135.0,156,,,,,,,,,,,,,,,,,,
2026-07-05T04:03:48.878496+00:00,2026-07-05T04:03:48.878655,1,1,134.75,0.5,134.5,150,,,,,,,,,,,,,,,,,,,135.0,150,,,,,,,,,,,,,,,,,,
2026-07-05T04:03:48.931269+00:00,2026-07-05T04:03:48.931175,2,1,134.8,0.4,134.6,100,134.5,150,,,,,,,,,,,,,,,,,135.0,150,,,,,,,,,,,,,,,,,,
2026-07-05T04:03:48.991089+00:00,2026-07-05T04:03:48.990957,2,2,134.8,0.4,134.6,100,134.5,150,,,,,,,,,,,,,,,,,135.0,150,135.1,100,,,,,,,,,,,,,,,,
2026-07-05T04:03:49.722827+00:00,2026-07-05T04:03:49.722798,2,2,134.8,0.4,134.6,100,134.5,150,,,,,,,,,,,,,,,,,135.0,107,135.1,100,,,,,,,,,,,,,,,,
2026-07-05T04:03:50.285850+00:00,2026-07-05T04:03:50.285794,2,2,134.8,0.4,134.6,100,134.5,150,,,,,,,,,,,,,,,,,135.0,58,135.1,100,,,,,,,,,,,,,,,,
2026-07-05T04:03:50.341449+00:00,2026-07-05T04:03:50.341331,2,2,134.8,0.4,134.6,54,134.5,150,,,,,,,,,,,,,,,,,135.0,58,135.1,100,,,,,,,,,,,,,,,,
2026-07-05T04:03:50.897988+00:00,2026-07-05T04:03:50.897845,2,2,134.8,0.4,134.6,6,134.5,150,,,,,,,,,,,,,,,,,135.0,58,135.1,100,,,,,,,,,,,,,,,,
2026-07-05T04:03:51.430209+00:00,2026-07-05T04:03:51.430347,1,1,134.85,0.5,134.6,6,,,,,,,,,,,,,,,,,,,135.1,100,,,,,,,,,,,,,,,,,,
2026-07-05T04:03:51.484399+00:00,2026-07-05T04:03:51.484355,2,1,135.05,0.1,135.0,150,134.6,6,,,,,,,,,,,,,,,,,135.1,100,,,,,,,,,,,,,,,,,,
2026-07-05T04:03:51.538908+00:00,2026-07-05T04:03:51.538776,2,2,135.05,0.1,135.0,150,134.6,6,,,,,,,,,,,,,,,,,135.1,100,135.5,150,,,,,,,,,,,,,,,,
2026-07-05T04:03:51.708117+00:00,2026-07-05T04:03:51.707993,2,2,135.05,0.1,135.0,150,134.6,6,,,,,,,,,,,,,,,,,135.1,50,135.5,150,,,,,,,,,,,,,,,,
2026-07-05T04:03:52.043625+00:00,2026-07-05T04:03:52.043520,1,1,135.25,0.5,135.0,150,,,,,,,,,,,,,,,,,,,135.5,150,,,,,,,,,,,,,,,,,,
2026-07-05T04:03:52.097732+00:00,2026-07-05T04:03:52.097643,2,1,135.25,0.5,135.0,150,134.6,100,,,,,,,,,,,,,,,,,135.5,150,,,,,,,,,,,,,,,,,,
2026-07-05T04:03:52.147557+00:00,2026-07-05T04:03:52.147423,2,2,135.05,0.1,135.0,150,134.6,100,,,,,,,,,,,,,,,,,135.1,100,135.5,150,,,,,,,,,,,,,,,,
2026-07-05T04:03:52.397759+00:00,2026-07-05T04:03:52.397705,2,2,135.05,0.1,135.0,104,134.6,100,,,,,,,,,,,,,,,,,135.1,100,135.5,150,,,,,,,,,,,,,,,,
2026-07-05T04:03:53.276188+00:00,2026-07-05T04:03:53.269124,2,2,135.05,0.1,135.0,104,134.6,100,,,,,,,,,,,,,,,,,135.1,89,135.5,150,,,,,,,,,,,,,,,,
2026-07-05T04:03:53.835045+00:00,2026-07-05T04:03:53.835163,2,2,135.05,0.1,135.0,104,134.6,100,,,,,,,,,,,,,,,,,135.1,39,135.5,150,,,,,,,,,,,,,,,,
2026-07-05T04:03:54.591973+00:00,2026-07-05T04:03:54.591907,1,1,134.85,0.5,134.6,100,,,,,,,,,,,,,,,,,,,135.1,39,,,,,,,,,,,,,,,,,,
2026-07-05T04:03:54.649097+00:00,2026-07-05T04:03:54.648946,2,1,135.0,0.2,134.9,150,134.6,100,,,,,,,,,,,,,,,,,135.1,39,,,,,,,,,,,,,,,,,,
2026-07-05T04:03:54.702729+00:00,2026-07-05T04:03:54.702596,2,2,135.0,0.2,134.9,150,134.6,100,,,,,,,,,,,,,,,,,135.1,39,135.4,150,,,,,,,,,,,,,,,,
2026-07-05T04:03:55.204791+00:00,2026-07-05T04:03:55.204716,1,1,135.15,0.5,134.9,150,,,,,,,,,,,,,,,,,,,135.4,150,,,,,,,,,,,,,,,,,,
2026-07-05T04:03:55.258587+00:00,2026-07-05T04:03:55.254978,2,1,135.2,0.4,135.0,100,134.9,150,,,,,,,,,,,,,,,,,135.4,150,,,,,,,,,,,,,,,,,,
2026-07-05T04:03:55.313820+00:00,2026-07-05T04:03:55.313712,2,2,135.2,0.4,135.0,100,134.9,150,,,,,,,,,,,,,,,,,135.4,150,135.5,100,,,,,,,,,,,,,,,,
2026-07-05T04:03:55.942285+00:00,2026-07-05T04:03:55.942241,2,2,135.2,0.4,135.0,100,134.9,150,,,,,,,,,,,,,,,,,135.4,100,135.5,100,,,,,,,,,,,,,,,,
2026-07-05T04:03:57.749363+00:00,2026-07-05T04:03:57.750058,1,1,135.25,0.5,135.0,100,,,,,,,,,,,,,,,,,,,135.5,100,,,,,,,,,,,,,,,,,,
2026-07-05T04:03:57.813627+00:00,2026-07-05T04:03:57.813507,2,1,135.45,0.1,135.4,150,135.0,100,,,,,,,,,,,,,,,,,135.5,100,,,,,,,,,,,,,,,,,,
2026-07-05T04:03:57.868988+00:00,2026-07-05T04:03:57.868921,2,2,135.45,0.1,135.4,150,135.0,100,,,,,,,,,,,,,,,,,135.5,100,135.9,150,,,,,,,,,,,,,,,,
2026-07-05T04:03:58.143187+00:00,2026-07-05T04:03:58.143120,2,2,135.45,0.1,135.4,100,135.0,100,,,,,,,,,,,,,,,,,135.5,100,135.9,150,,,,,,,,,,,,,,,,
2026-07-05T04:03:58.368667+00:00,2026-07-05T04:03:58.368801,1,1,135.65,0.5,135.4,100,,,,,,,,,,,,,,,,,,,135.9,150,,,,,,,,,,,,,,,,,,
2026-07-05T04:03:58.424155+00:00,2026-07-05T04:03:58.424034,2,1,135.65,0.5,135.4,100,135.2,100,,,,,,,,,,,,,,,,,135.9,150,,,,,,,,,,,,,,,,,,
2026-07-05T04:03:58.476803+00:00,2026-07-05T04:03:58.476743,2,2,135.55,0.3,135.4,100,135.2,100,,,,,,,,,,,,,,,,,135.7,100,135.9,150,,,,,,,,,,,,,,,,
2026-07-05T04:03:58.507181+00:00,2026-07-05T04:03:58.501730,2,2,135.55,0.3,135.4,86,135.2,100,,,,,,,,,,,,,,,,,135.7,100,135.9,150,,,,,,,,,,,,,,,,
2026-07-05T04:04:00.251016+00:00,2026-07-05T04:04:00.250903,2,2,135.55,0.3,135.4,36,135.2,100,,,,,,,,,,,,,,,,,135.7,100,135.9,150,,,,,,,,,,,,,,,,
2026-07-05T04:04:00.923024+00:00,2026-07-05T04:04:00.922913,2,1,135.55,0.3,135.4,36,135.2,100,,,,,,,,,,,,,,,,,135.7,100,,,,,,,,,,,,,,,,,,
2026-07-05T04:04:00.928254+00:00,2026-07-05T04:04:00.928088,1,1,135.45,0.5,135.2,100,,,,,,,,,,,,,,,,,,,135.7,100,,,,,,,,,,,,,,,,,,
2026-07-05T04:04:00.978371+00:00,2026-07-05T04:04:00.978249,2,1,135.45,0.5,135.2,100,135.0,150,,,,,,,,,,,,,,,,,135.7,100,,,,,,,,,,,,,,,,,,
2026-07-05T04:04:01.032550+00:00,2026-07-05T04:04:01.032657,2,2,135.35,0.3,135.2,100,135.0,150,,,,,,,,,,,,,,,,,135.5,150,135.7,100,,,,,,,,,,,,,,,,
2026-07-05T04:04:01.044069+00:00,2026-07-05T04:04:01.037590,2,2,135.35,0.3,135.2,100,135.0,150,,,,,,,,,,,,,,,,,135.5,147,135.7,100,,,,,,,,,,,,,,,,
2026-07-05T04:04:01.526541+00:00,2026-07-05T04:04:01.526725,2,1,135.35,0.3,135.2,100,135.0,150,,,,,,,,,,,,,,,,,135.5,147,,,,,,,,,,,,,,,,,,
2026-07-05T04:04:01.532049+00:00,2026-07-05T04:04:01.531896,1,1,135.25,0.5,135.0,150,,,,,,,,,,,,,,,,,,,135.5,147,,,,,,,,,,,,,,,,,,
2026-07-05T04:04:01.582430+00:00,2026-07-05T04:04:01.582378,2,1,135.45,0.1,135.4,100,135.0,150,,,,,,,,,,,,,,,,,135.5,147,,,,,,,,,,,,,,,,,,
2026-07-05T04:04:01.636532+00:00,2026-07-05T04:04:01.636329,2,2,135.45,0.1,135.4,100,135.0,150,,,,,,,,,,,,,,,,,135.5,147,135.9,100,,,,,,,,,,,,,,,,
2026-07-05T04:04:01.691735+00:00,2026-07-05T04:04:01.685572,2,2,135.45,0.1,135.4,100,135.0,150,,,,,,,,,,,,,,,,,135.5,136,135.9,100,,,,,,,,,,,,,,,,
2026-07-05T04:04:02.383219+00:00,2026-07-05T04:04:02.383051,2,2,135.45,0.1,135.4,50,135.0,150,,,,,,,,,,,,,,,,,135.5,136,135.9,100,,,,,,,,,,,,,,,,
2026-07-05T04:04:04.089805+00:00,2026-07-05T04:04:04.089639,1,1,135.65,0.5,135.4,50,,,,,,,,,,,,,,,,,,,135.9,100,,,,,,,,,,,,,,,,,,
2026-07-05T04:04:04.158600+00:00,2026-07-05T04:04:04.154412,2,1,135.65,0.5,135.4,50,135.2,150,,,,,,,,,,,,,,,,,135.9,100,,,,,,,,,,,,,,,,,,
