recv_time,book_timestamp,n_bids,n_asks,mid,spread,bid_px_0,bid_vol_0,bid_px_1,bid_vol_1,bid_px_2,bid_vol_2,bid_px_3,bid_vol_3,bid_px_4,bid_vol_4,bid_px_5,bid_vol_5,bid_px_6,bid_vol_6,bid_px_7,bid_vol_7,bid_px_8,bid_vol_8,bid_px_9,bid_vol_9,ask_px_0,ask_vol_0,ask_px_1,ask_vol_1,ask_px_2,ask_vol_2,ask_px_3,ask_vol_3,ask_px_4,ask_vol_4,ask_px_5,ask_vol_5,ask_px_6,ask_vol_6,ask_px_7,ask_vol_7,ask_px_8,ask_vol_8,ask_px_9,ask_vol_9
2026-07-02T06:00:00.374145+00:00,2026-07-02T06:00:00.427723,2,1,112.75,0.5,112.5,150,112.3,4,,,,,,,,,,,,,,,,,113.0,150,,,,,,,,,,,,,,,,,,
2026-07-02T06:00:00.487942+00:00,2026-07-02T06:00:00.480692,3,1,112.75,0.5,112.5,150,112.3,4,112.0,100,,,,,,,,,,,,,,,113.0,150,,,,,,,,,,,,,,,,,,
2026-07-02T06:00:00.544873+00:00,2026-07-02T06:00:00.545149,3,1,112.75,0.5,112.5,50,112.3,4,112.0,100,,,,,,,,,,,,,,,113.0,150,,,,,,,,,,,,,,,,,,
2026-07-02T06:00:01.108617+00:00,2026-07-02T06:00:01.108531,3,1,112.75,0.5,112.5,50,112.3,4,112.0,100,,,,,,,,,,,,,,,113.0,150,,,,,,,,,,,,,,,,,,
2026-07-02T06:00:01.146523+00:00,2026-07-02T06:00:01.146474,3,2,112.6,0.2,112.5,50,112.3,4,112.0,100,,,,,,,,,,,,,,,112.7,1,113.0,150,,,,,,,,,,,,,,,,
2026-07-02T06:00:01.358912+00:00,2026-07-02T06:00:01.358825,2,2,112.5,0.4,112.3,4,112.0,100,,,,,,,,,,,,,,,,,112.7,1,113.0,150,,,,,,,,,,,,,,,,
2026-07-02T06:00:01.644756+00:00,2026-07-02T06:00:01.635015,2,2,112.5,0.4,112.3,3,112.0,100,,,,,,,,,,,,,,,,,112.7,1,113.0,150,,,,,,,,,,,,,,,,
2026-07-02T06:00:02.978923+00:00,2026-07-02T06:00:02.978992,2,1,112.5,0.4,112.3,3,112.0,100,,,,,,,,,,,,,,,,,112.7,1,,,,,,,,,,,,,,,,,,
2026-07-02T06:00:03.028639+00:00,2026-07-02T06:00:03.028597,3,1,112.5,0.4,112.3,3,112.0,100,111.8,150,,,,,,,,,,,,,,,112.7,1,,,,,,,,,,,,,,,,,,
2026-07-02T06:00:03.058637+00:00,2026-07-02T06:00:03.054109,3,1,112.5,0.4,112.3,2,112.0,100,111.8,150,,,,,,,,,,,,,,,112.7,1,,,,,,,,,,,,,,,,,,
2026-07-02T06:00:03.083828+00:00,2026-07-02T06:00:03.083769,2,2,112.15,0.3,112.0,100,111.8,150,,,,,,,,,,,,,,,,,112.3,148,112.7,1,,,,,,,,,,,,,,,,
2026-07-02T06:00:03.414992+00:00,2026-07-02T06:00:03.414943,2,2,112.15,0.3,112.0,100,111.8,150,,,,,,,,,,,,,,,,,112.3,123,112.7,1,,,,,,,,,,,,,,,,
2026-07-02T06:00:03.420222+00:00,2026-07-02T06:00:03.420128,2,2,112.15,0.3,112.0,100,111.8,150,,,,,,,,,,,,,,,,,112.3,73,112.7,1,,,,,,,,,,,,,,,,
2026-07-02T06:00:03.602475+00:00,2026-07-02T06:00:03.602414,1,2,112.05,0.5,111.8,150,,,,,,,,,,,,,,,,,,,112.3,73,112.7,1,,,,,,,,,,,,,,,,
2026-07-02T06:00:03.630760+00:00,2026-07-02T06:00:03.621105,1,2,112.05,0.5,111.8,150,,,,,,,,,,,,,,,,,,,112.3,48,112.7,1,,,,,,,,,,,,,,,,
2026-07-02T06:00:03.655593+00:00,2026-07-02T06:00:03.655511,2,1,112.5,0.4,112.3,52,111.8,150,,,,,,,,,,,,,,,,,112.7,1,,,,,,,,,,,,,,,,,,
2026-07-02T06:00:03.710023+00:00,2026-07-02T06:00:03.709897,2,2,112.5,0.4,112.3,52,111.8,150,,,,,,,,,,,,,,,,,112.7,1,112.8,100,,,,,,,,,,,,,,,,
2026-07-02T06:00:05.524800+00:00,2026-07-02T06:00:05.524708,2,1,112.55,0.5,112.3,52,111.8,150,,,,,,,,,,,,,,,,,112.8,51,,,,,,,,,,,,,,,,,,
2026-07-02T06:00:05.568084+00:00,2026-07-02T06:00:05.567962,2,2,112.45,0.3,112.3,52,111.8,150,,,,,,,,,,,,,,,,,112.6,7,112.8,51,,,,,,,,,,,,,,,,
2026-07-02T06:00:06.139356+00:00,2026-07-02T06:00:06.139269,1,2,112.45,0.3,112.3,52,,,,,,,,,,,,,,,,,,,112.6,7,112.8,51,,,,,,,,,,,,,,,,
2026-07-02T06:00:06.192465+00:00,2026-07-02T06:00:06.192315,2,1,112.7,0.2,112.6,143,112.3,52,,,,,,,,,,,,,,,,,112.8,51,,,,,,,,,,,,,,,,,,
2026-07-02T06:00:06.245790+00:00,2026-07-02T06:00:06.245881,2,2,112.7,0.2,112.6,143,112.3,52,,,,,,,,,,,,,,,,,112.8,51,113.1,150,,,,,,,,,,,,,,,,
2026-07-02T06:00:06.763926+00:00,2026-07-02T06:00:06.764071,1,1,112.85,0.5,112.6,143,,,,,,,,,,,,,,,,,,,113.1,150,,,,,,,,,,,,,,,,,,
2026-07-02T06:00:06.887448+00:00,2026-07-02T06:00:06.859709,2,2,112.75,0.3,112.6,143,112.4,100,,,,,,,,,,,,,,,,,112.9,100,113.1,150,,,,,,,,,,,,,,,,
2026-07-02T06:00:07.131799+00:00,2026-07-02T06:00:07.126835,2,2,112.75,0.3,112.6,140,112.4,100,,,,,,,,,,,,,,,,,112.9,100,113.1,150,,,,,,,,,,,,,,,,
2026-07-02T06:00:07.239337+00:00,2026-07-02T06:00:07.239456,2,2,112.75,0.3,112.6,115,112.4,100,,,,,,,,,,,,,,,,,112.9,100,113.1,150,,,,,,,,,,,,,,,,
2026-07-02T06:00:07.447850+00:00,2026-07-02T06:00:07.447995,2,2,112.75,0.3,112.6,90,112.4,100,,,,,,,,,,,,,,,,,112.9,100,113.1,150,,,,,,,,,,,,,,,,
2026-07-02T06:00:07.656536+00:00,2026-07-02T06:00:07.656928,2,2,112.75,0.3,112.6,65,112.4,100,,,,,,,,,,,,,,,,,112.9,100,113.1,150,,,,,,,,,,,,,,,,
2026-07-02T06:00:07.711590+00:00,2026-07-02T06:00:07.705855,2,2,112.75,0.3,112.6,54,112.4,100,,,,,,,,,,,,,,,,,112.9,100,113.1,150,,,,,,,,,,,,,,,,
2026-07-02T06:00:07.874938+00:00,2026-07-02T06:00:07.874832,2,2,112.75,0.3,112.6,29,112.4,100,,,,,,,,,,,,,,,,,112.9,100,113.1,150,,,,,,,,,,,,,,,,
2026-07-02T06:00:08.084878+00:00,2026-07-02T06:00:08.084767,2,2,112.75,0.3,112.6,4,112.4,100,,,,,,,,,,,,,,,,,112.9,100,113.1,150,,,,,,,,,,,,,,,,
2026-07-02T06:00:08.258719+00:00,2026-07-02T06:00:08.257411,1,2,112.65,0.5,112.4,100,,,,,,,,,,,,,,,,,,,112.9,100,113.1,150,,,,,,,,,,,,,,,,
2026-07-02T06:00:08.758597+00:00,2026-07-02T06:00:08.758281,1,2,112.65,0.5,112.4,100,,,,,,,,,,,,,,,,,,,112.9,59,113.1,150,,,,,,,,,,,,,,,,
2026-07-02T06:00:09.299382+00:00,2026-07-02T06:00:09.299259,1,1,112.65,0.5,112.4,100,,,,,,,,,,,,,,,,,,,112.9,59,,,,,,,,,,,,,,,,,,
2026-07-02T06:00:09.342649+00:00,2026-07-02T06:00:09.342731,1,2,112.55,0.3,112.4,100,,,,,,,,,,,,,,,,,,,112.7,4,112.9,59,,,,,,,,,,,,,,,,
2026-07-02T06:00:09.348096+00:00,2026-07-02T06:00:09.347980,2,2,112.55,0.3,112.4,100,111.9,150,,,,,,,,,,,,,,,,,112.7,4,112.9,59,,,,,,,,,,,,,,,,
2026-07-02T06:00:09.406227+00:00,2026-07-02T06:00:09.406349,1,3,112.15,0.5,111.9,150,,,,,,,,,,,,,,,,,,,112.4,50,112.7,4,112.9,59,,,,,,,,,,,,,,
2026-07-02T06:00:09.415455+00:00,2026-07-02T06:00:09.410000,1,3,112.15,0.5,111.9,150,,,,,,,,,,,,,,,,,,,112.4,36,112.7,4,112.9,59,,,,,,,,,,,,,,
2026-07-02T06:00:09.764825+00:00,2026-07-02T06:00:09.764711,1,1,112.4,1.0,111.9,150,,,,,,,,,,,,,,,,,,,112.9,49,,,,,,,,,,,,,,,,,,
2026-07-02T06:00:09.924346+00:00,2026-07-02T06:00:09.924244,1,0,,,111.9,150,,,,,,,,,,,,,,,,,,,,,,,,,,,,,,,,,,,,,,
2026-07-02T06:00:09.977852+00:00,2026-07-02T06:00:09.977767,2,0,,,112.1,100,111.9,150,,,,,,,,,,,,,,,,,,,,,,,,,,,,,,,,,,,,
2026-07-02T06:00:09.995223+00:00,2026-07-02T06:00:09.995030,2,1,112.4,0.6,112.1,100,111.9,150,,,,,,,,,,,,,,,,,112.7,5,,,,,,,,,,,,,,,,,,
2026-07-02T06:00:10.031973+00:00,2026-07-02T06:00:10.031844,2,2,112.35,0.5,112.1,100,111.9,150,,,,,,,,,,,,,,,,,112.6,100,112.7,5,,,,,,,,,,,,,,,,
2026-07-02T06:00:10.542528+00:00,2026-07-02T06:00:10.542667,2,2,112.35,0.5,112.1,100,111.9,150,,,,,,,,,,,,,,,,,112.6,100,112.7,4,,,,,,,,,,,,,,,,
2026-07-02T06:00:11.311927+00:00,2026-07-02T06:00:11.311842,3,2,112.5,0.2,112.4,1,112.1,100,111.9,150,,,,,,,,,,,,,,,112.6,100,112.7,4,,,,,,,,,,,,,,,,
2026-07-02T06:00:11.317151+00:00,2026-07-02T06:00:11.317088,2,2,112.35,0.5,112.1,100,111.9,150,,,,,,,,,,,,,,,,,112.6,100,112.7,4,,,,,,,,,,,,,,,,
2026-07-02T06:00:12.461139+00:00,2026-07-02T06:00:12.461012,1,2,112.35,0.5,112.1,100,,,,,,,,,,,,,,,,,,,112.6,100,112.7,4,,,,,,,,,,,,,,,,
2026-07-02T06:00:12.512565+00:00,2026-07-02T06:00:12.512431,2,1,112.65,0.1,112.6,50,112.1,100,,,,,,,,,,,,,,,,,112.7,4,,,,,,,,,,,,,,,,,,
2026-07-02T06:00:12.567782+00:00,2026-07-02T06:00:12.567701,2,2,112.65,0.1,112.6,50,112.1,100,,,,,,,,,,,,,,,,,112.7,4,113.1,150,,,,,,,,,,,,,,,,
2026-07-02T06:00:13.108870+00:00,2026-07-02T06:00:13.108756,1,2,112.65,0.1,112.6,50,,,,,,,,,,,,,,,,,,,112.7,4,113.1,150,,,,,,,,,,,,,,,,
2026-07-02T06:00:13.158597+00:00,2026-07-02T06:00:13.156421,2,2,112.65,0.1,112.6,50,112.5,100,,,,,,,,,,,,,,,,,112.7,4,113.1,150,,,,,,,,,,,,,,,,
2026-07-02T06:00:13.212260+00:00,2026-07-02T06:00:13.212220,2,3,112.65,0.1,112.6,50,112.5,100,,,,,,,,,,,,,,,,,112.7,4,113.0,100,113.1,150,,,,,,,,,,,,,,
2026-07-02T06:00:13.714723+00:00,2026-07-02T06:00:13.710648,2,3,112.65,0.1,112.6,22,112.5,100,,,,,,,,,,,,,,,,,112.7,3,113.0,100,113.1,150,,,,,,,,,,,,,,
2026-07-02T06:00:13.839316+00:00,2026-07-02T06:00:13.839283,2,3,112.65,0.1,112.6,22,112.5,100,,,,,,,,,,,,,,,,,112.7,2,113.0,100,113.1,150,,,,,,,,,,,,,,
2026-07-02T06:00:13.927263+00:00,2026-07-02T06:00:13.927412,1,3,112.6,0.2,112.5,100,,,,,,,,,,,,,,,,,,,112.7,2,113.0,100,113.1,150,,,,,,,,,,,,,,
2026-07-02T06:00:13.977217+00:00,2026-07-02T06:00:13.977156,1,2,112.75,0.5,112.5,100,,,,,,,,,,,,,,,,,,,113.0,100,113.1,150,,,,,,,,,,,,,,,,
2026-07-02T06:00:15.384250+00:00,2026-07-02T06:00:15.384121,1,2,112.75,0.5,112.5,56,,,,,,,,,,,,,,,,,,,113.0,100,113.1,150,,,,,,,,,,,,,,,,
2026-07-02T06:00:15.620876+00:00,2026-07-02T06:00:15.620775,1,1,112.75,0.5,112.5,56,,,,,,,,,,,,,,,,,,,113.0,100,,,,,,,,,,,,,,,,,,
2026-07-02T06:00:15.674063+00:00,2026-07-02T06:00:15.673962,2,1,112.75,0.5,112.5,56,111.9,150,,,,,,,,,,,,,,,,,113.0,100,,,,,,,,,,,,,,,,,,
2026-07-02T06:00:15.735934+00:00,2026-07-02T06:00:15.730632,1,2,112.15,0.5,111.9,150,,,,,,,,,,,,,,,,,,,112.4,91,113.0,100,,,,,,,,,,,,,,,,
2026-07-02T06:00:15.806647+00:00,2026-07-02T06:00:15.806488,1,2,112.15,0.5,111.9,150,,,,,,,,,,,,,,,,,,,112.4,86,113.0,100,,,,,,,,,,,,,,,,
2026-07-02T06:00:15.902942+00:00,2026-07-02T06:00:15.902858,1,2,112.15,0.5,111.9,150,,,,,,,,,,,,,,,,,,,112.4,82,113.0,100,,,,,,,,,,,,,,,,
2026-07-02T06:00:16.087729+00:00,2026-07-02T06:00:16.087602,1,2,112.15,0.5,111.9,150,,,,,,,,,,,,,,,,,,,112.4,32,113.0,100,,,,,,,,,,,,,,,,
2026-07-02T06:00:16.274172+00:00,2026-07-02T06:00:16.273983,1,1,112.15,0.5,111.9,150,,,,,,,,,,,,,,,,,,,112.4,32,,,,,,,,,,,,,,,,,,
2026-07-02T06:00:16.328544+00:00,2026-07-02T06:00:16.328439,2,1,112.3,0.2,112.2,100,111.9,150,,,,,,,,,,,,,,,,,112.4,32,,,,,,,,,,,,,,,,,,
2026-07-02T06:00:16.378108+00:00,2026-07-02T06:00:16.378060,2,2,112.3,0.2,112.2,100,111.9,150,,,,,,,,,,,,,,,,,112.4,32,112.7,100,,,,,,,,,,,,,,,,
2026-07-02T06:00:17.382713+00:00,2026-07-02T06:00:17.382546,2,1,112.45,0.5,112.2,100,111.9,150,,,,,,,,,,,,,,,,,112.7,83,,,,,,,,,,,,,,,,,,
2026-07-02T06:00:17.881865+00:00,2026-07-02T06:00:17.881758,2,1,112.45,0.5,112.2,100,111.9,150,,,,,,,,,,,,,,,,,112.7,40,,,,,,,,,,,,,,,,,,
2026-07-02T06:00:17.964215+00:00,2026-07-02T06:00:17.964066,2,1,112.45,0.5,112.2,100,111.9,150,,,,,,,,,,,,,,,,,112.7,47,,,,,,,,,,,,,,,,,,
2026-07-02T06:00:18.240822+00:00,2026-07-02T06:00:18.240973,2,1,112.45,0.5,112.2,50,111.9,150,,,,,,,,,,,,,,,,,112.7,47,,,,,,,,,,,,,,,,,,
2026-07-02T06:00:18.781833+00:00,2026-07-02T06:00:18.781699,1,1,112.45,0.5,112.2,50,,,,,,,,,,,,,,,,,,,112.7,47,,,,,,,,,,,,,,,,,,
2026-07-02T06:00:18.834101+00:00,2026-07-02T06:00:18.834243,2,1,112.5,0.4,112.3,150,112.2,50,,,,,,,,,,,,,,,,,112.7,47,,,,,,,,,,,,,,,,,,
2026-07-02T06:00:18.887154+00:00,2026-07-02T06:00:18.887076,2,2,112.5,0.4,112.3,150,112.2,50,,,,,,,,,,,,,,,,,112.7,47,112.8,150,,,,,,,,,,,,,,,,
2026-07-02T06:00:19.078294+00:00,2026-07-02T06:00:19.078151,2,2,112.5,0.4,112.3,150,112.2,50,,,,,,,,,,,,,,,,,112.7,46,112.8,150,,,,,,,,,,,,,,,,
2026-07-02T06:00:19.434284+00:00,2026-07-02T06:00:19.434429,1,2,112.5,0.4,112.3,150,,,,,,,,,,,,,,,,,,,112.7,6,112.8,150,,,,,,,,,,,,,,,,
2026-07-02T06:00:19.484317+00:00,2026-07-02T06:00:19.484233,2,2,112.5,0.4,112.3,150,111.9,100,,,,,,,,,,,,,,,,,112.7,6,112.8,150,,,,,,,,,,,,,,,,
2026-07-02T06:00:19.541480+00:00,2026-07-02T06:00:19.541392,2,3,112.35,0.1,112.3,150,111.9,100,,,,,,,,,,,,,,,,,112.4,100,112.7,6,112.8,150,,,,,,,,,,,,,,
2026-07-02T06:00:20.241653+00:00,2026-07-02T06:00:20.235398,2,3,112.35,0.1,112.3,147,111.9,100,,,,,,,,,,,,,,,,,112.4,100,112.7,6,112.8,150,,,,,,,,,,,,,,
2026-07-02T06:00:20.368952+00:00,2026-07-02T06:00:20.369073,2,3,112.35,0.1,112.3,97,111.9,100,,,,,,,,,,,,,,,,,112.4,100,112.7,6,112.8,150,,,,,,,,,,,,,,
2026-07-02T06:00:20.842072+00:00,2026-07-02T06:00:20.842029,2,3,112.35,0.1,112.3,97,111.9,100,,,,,,,,,,,,,,,,,112.4,100,112.7,3,112.8,150,,,,,,,,,,,,,,
2026-07-02T06:00:21.941669+00:00,2026-07-02T06:00:21.941584,1,2,112.15,0.5,111.9,100,,,,,,,,,,,,,,,,,,,112.4,100,112.7,3,,,,,,,,,,,,,,,,
2026-07-02T06:00:21.995890+00:00,2026-07-02T06:00:21.995699,2,2,112.3,0.2,112.2,150,111.9,100,,,,,,,,,,,,,,,,,112.4,100,112.7,3,,,,,,,,,,,,,,,,
2026-07-02T06:00:22.058880+00:00,2026-07-02T06:00:22.058713,2,2,112.3,0.2,112.2,150,111.9,100,,,,,,,,,,,,,,,,,112.4,100,112.7,153,,,,,,,,,,,,,,,,
2026-07-02T06:00:22.424509+00:00,2026-07-02T06:00:22.424458,2,2,112.3,0.2,112.2,150,111.9,100,,,,,,,,,,,,,,,,,112.4,50,112.7,153,,,,,,,,,,,,,,,,
2026-07-02T06:00:22.596374+00:00,2026-07-02T06:00:22.596239,1,1,112.45,0.5,112.2,150,,,,,,,,,,,,,,,,,,,112.7,153,,,,,,,,,,,,,,,,,,
2026-07-02T06:00:22.649164+00:00,2026-07-02T06:00:22.649288,1,1,112.45,0.5,112.2,250,,,,,,,,,,,,,,,,,,,112.7,153,,,,,,,,,,,,,,,,,,
2026-07-02T06:00:22.703008+00:00,2026-07-02T06:00:22.702884,1,1,112.45,0.5,112.2,250,,,,,,,,,,,,,,,,,,,112.7,253,,,,,,,,,,,,,,,,,,
2026-07-02T06:00:24.581682+00:00,2026-07-02T06:00:24.581823,1,1,112.45,0.5,112.2,200,,,,,,,,,,,,,,,,,,,112.7,253,,,,,,,,,,,,,,,,,,
2026-07-02T06:00:25.105520+00:00,2026-07-02T06:00:25.105639,1,1,112.45,0.5,112.2,100,,,,,,,,,,,,,,,,,,,112.7,103,,,,,,,,,,,,,,,,,,
2026-07-02T06:00:25.159527+00:00,2026-07-02T06:00:25.159397,2,1,112.45,0.5,112.2,100,111.9,150,,,,,,,,,,,,,,,,,112.7,103,,,,,,,,,,,,,,,,,,
2026-07-02T06:00:25.218373+00:00,2026-07-02T06:00:25.218311,2,2,112.3,0.2,112.2,100,111.9,150,,,,,,,,,,,,,,,,,112.4,150,112.7,103,,,,,,,,,,,,,,,,
2026-07-02T06:00:25.758605+00:00,2026-07-02T06:00:25.753811,1,2,112.15,0.5,111.9,150,,,,,,,,,,,,,,,,,,,112.4,150,112.7,3,,,,,,,,,,,,,,,,
2026-07-02T06:00:25.769039+00:00,2026-07-02T06:00:25.768997,1,2,112.15,0.5,111.9,102,,,,,,,,,,,,,,,,,,,112.4,150,112.7,3,,,,,,,,,,,,,,,,
2026-07-02T06:00:25.814129+00:00,2026-07-02T06:00:25.814014,2,2,112.25,0.3,112.1,100,111.9,102,,,,,,,,,,,,,,,,,112.4,150,112.7,3,,,,,,,,,,,,,,,,
2026-07-02T06:00:25.864527+00:00,2026-07-02T06:00:25.864414,2,3,112.25,0.3,112.1,100,111.9,102,,,,,,,,,,,,,,,,,112.4,150,112.6,100,112.7,3,,,,,,,,,,,,,,
2026-07-02T06:00:26.758638+00:00,2026-07-02T06:00:26.757608,2,3,112.25,0.3,112.1,100,111.9,102,,,,,,,,,,,,,,,,,112.4,102,112.6,100,112.7,3,,,,,,,,,,,,,,
2026-07-02T06:00:27.853878+00:00,2026-07-02T06:00:27.854089,2,3,112.25,0.3,112.1,100,111.9,102,,,,,,,,,,,,,,,,,112.4,57,112.6,100,112.7,3,,,,,,,,,,,,,,
2026-07-02T06:00:28.275887+00:00,2026-07-02T06:00:28.275776,1,2,112.35,0.5,112.1,100,,,,,,,,,,,,,,,,,,,112.6,100,112.7,3,,,,,,,,,,,,,,,,
2026-07-02T06:00:28.329639+00:00,2026-07-02T06:00:28.329504,2,2,112.4,0.4,112.2,150,112.1,100,,,,,,,,,,,,,,,,,112.6,100,112.7,3,,,,,,,,,,,,,,,,
2026-07-02T06:00:28.358688+00:00,2026-07-02T06:00:28.357369,2,2,112.4,0.4,112.2,150,112.1,100,,,,,,,,,,,,,,,,,112.6,100,112.7,2,,,,,,,,,,,,,,,,
2026-07-02T06:00:28.381739+00:00,2026-07-02T06:00:28.381655,2,2,112.4,0.4,112.2,150,112.1,100,,,,,,,,,,,,,,,,,112.6,100,112.7,152,,,,,,,,,,,,,,,,
2026-07-02T06:00:28.919329+00:00,2026-07-02T06:00:28.919121,2,1,112.45,0.5,112.2,150,112.1,100,,,,,,,,,,,,,,,,,112.7,152,,,,,,,,,,,,,,,,,,
2026-07-02T06:00:28.924249+00:00,2026-07-02T06:00:28.924392,1,1,112.45,0.5,112.2,150,,,,,,,,,,,,,,,,,,,112.7,152,,,,,,,,,,,,,,,,,,
2026-07-02T06:00:28.974380+00:00,2026-07-02T06:00:28.974313,1,1,112.45,0.5,112.2,250,,,,,,,,,,,,,,,,,,,112.7,152,,,,,,,,,,,,,,,,,,
2026-07-02T06:00:29.028145+00:00,2026-07-02T06:00:29.028096,1,1,112.45,0.5,112.2,250,,,,,,,,,,,,,,,,,,,112.7,252,,,,,,,,,,,,,,,,,,
2026-07-02T06:00:30.284592+00:00,2026-07-02T06:00:30.284468,1,1,112.45,0.5,112.2,250,,,,,,,,,,,,,,,,,,,112.7,251,,,,,,,,,,,,,,,,,,
2026-07-02T06:00:30.898767+00:00,2026-07-02T06:00:30.898663,1,1,112.45,0.5,112.2,200,,,,,,,,,,,,,,,,,,,112.7,251,,,,,,,,,,,,,,,,,,
2026-07-02T06:00:31.435048+00:00,2026-07-02T06:00:31.434946,1,1,112.45,0.5,112.2,100,,,,,,,,,,,,,,,,,,,112.7,101,,,,,,,,,,,,,,,,,,
2026-07-02T06:00:31.484117+00:00,2026-07-02T06:00:31.484047,2,1,112.45,0.5,112.2,100,112.1,150,,,,,,,,,,,,,,,,,112.7,101,,,,,,,,,,,,,,,,,,
2026-07-02T06:00:31.536736+00:00,2026-07-02T06:00:31.536685,2,2,112.4,0.4,112.2,100,112.1,150,,,,,,,,,,,,,,,,,112.6,150,112.7,101,,,,,,,,,,,,,,,,
2026-07-02T06:00:32.081264+00:00,2026-07-02T06:00:32.081438,1,2,112.35,0.5,112.1,150,,,,,,,,,,,,,,,,,,,112.6,150,112.7,1,,,,,,,,,,,,,,,,
2026-07-02T06:00:32.134855+00:00,2026-07-02T06:00:32.134735,2,2,112.45,0.3,112.3,100,112.1,150,,,,,,,,,,,,,,,,,112.6,150,112.7,1,,,,,,,,,,,,,,,,
2026-07-02T06:00:32.185507+00:00,2026-07-02T06:00:32.185380,2,3,112.45,0.3,112.3,100,112.1,150,,,,,,,,,,,,,,,,,112.6,150,112.7,1,112.8,100,,,,,,,,,,,,,,
2026-07-02T06:00:33.004596+00:00,2026-07-02T06:00:33.004508,2,3,112.45,0.3,112.3,50,112.1,150,,,,,,,,,,,,,,,,,112.6,150,112.7,1,112.8,100,,,,,,,,,,,,,,
2026-07-02T06:00:34.588872+00:00,2026-07-02T06:00:34.589051,1,2,112.5,0.4,112.3,50,,,,,,,,,,,,,,,,,,,112.7,1,112.8,100,,,,,,,,,,,,,,,,
2026-07-02T06:00:34.646185+00:00,2026-07-02T06:00:34.646008,2,2,112.5,0.4,112.3,50,111.9,150,,,,,,,,,,,,,,,,,112.7,1,112.8,100,,,,,,,,,,,,,,,,
2026-07-02T06:00:34.706819+00:00,2026-07-02T06:00:34.701137,2,3,112.35,0.1,112.3,50,111.9,150,,,,,,,,,,,,,,,,,112.4,147,112.7,1,112.8,100,,,,,,,,,,,,,,
2026-07-02T06:00:34.781240+00:00,2026-07-02T06:00:34.781183,2,3,112.35,0.1,112.3,50,111.9,150,,,,,,,,,,,,,,,,,112.4,122,112.7,1,112.8,100,,,,,,,,,,,,,,
2026-07-02T06:00:34.990992+00:00,2026-07-02T06:00:34.990921,2,3,112.35,0.1,112.3,50,111.9,150,,,,,,,,,,,,,,,,,112.4,97,112.7,1,112.8,100,,,,,,,,,,,,,,
2026-07-02T06:00:35.110675+00:00,2026-07-02T06:00:35.110514,1,3,112.15,0.5,111.9,150,,,,,,,,,,,,,,,,,,,112.4,97,112.7,1,112.8,100,,,,,,,,,,,,,,
2026-07-02T06:00:35.200562+00:00,2026-07-02T06:00:35.200505,1,3,112.15,0.5,111.9,150,,,,,,,,,,,,,,,,,,,112.4,72,112.7,1,112.8,100,,,,,,,,,,,,,,
2026-07-02T06:00:35.238182+00:00,2026-07-02T06:00:35.238017,1,2,112.15,0.5,111.9,150,,,,,,,,,,,,,,,,,,,112.4,72,112.7,1,,,,,,,,,,,,,,,,
2026-07-02T06:00:35.294276+00:00,2026-07-02T06:00:35.294385,2,2,112.25,0.3,112.1,100,111.9,150,,,,,,,,,,,,,,,,,112.4,72,112.7,1,,,,,,,,,,,,,,,,
2026-07-02T06:00:35.346891+00:00,2026-07-02T06:00:35.347007,2,3,112.25,0.3,112.1,100,111.9,150,,,,,,,,,,,,,,,,,112.4,72,112.6,100,112.7,1,,,,,,,,,,,,,,
2026-07-02T06:00:35.411184+00:00,2026-07-02T06:00:35.411143,2,3,112.25,0.3,112.1,100,111.9,150,,,,,,,,,,,,,,,,,112.4,47,112.6,100,112.7,1,,,,,,,,,,,,,,
2026-07-02T06:00:35.621577+00:00,2026-07-02T06:00:35.621457,2,3,112.25,0.3,112.1,100,111.9,150,,,,,,,,,,,,,,,,,112.4,22,112.6,100,112.7,1,,,,,,,,,,,,,,
2026-07-02T06:00:35.640352+00:00,2026-07-02T06:00:35.640297,2,2,112.25,0.3,112.1,100,111.9,150,,,,,,,,,,,,,,,,,112.4,22,112.6,100,,,,,,,,,,,,,,,,
2026-07-02T06:00:35.827058+00:00,2026-07-02T06:00:35.826950,2,1,112.35,0.5,112.1,100,111.9,150,,,,,,,,,,,,,,,,,112.6,100,,,,,,,,,,,,,,,,,,
2026-07-02T06:00:36.511979+00:00,2026-07-02T06:00:36.511785,3,1,112.45,0.3,112.3,5,112.1,100,111.9,150,,,,,,,,,,,,,,,112.6,100,,,,,,,,,,,,,,,,,,
2026-07-02T06:00:36.887313+00:00,2026-07-02T06:00:36.887267,2,1,112.35,0.5,112.1,65,111.9,150,,,,,,,,,,,,,,,,,112.6,100,,,,,,,,,,,,,,,,,,
2026-07-02T06:00:37.221304+00:00,2026-07-02T06:00:37.221177,2,1,112.35,0.5,112.1,15,111.9,150,,,,,,,,,,,,,,,,,112.6,100,,,,,,,,,,,,,,,,,,
2026-07-02T06:00:37.348531+00:00,2026-07-02T06:00:37.348438,2,1,112.35,0.5,112.1,15,111.9,150,,,,,,,,,,,,,,,,,112.6,55,,,,,,,,,,,,,,,,,,
2026-07-02T06:00:37.558623+00:00,2026-07-02T06:00:37.550473,3,1,112.45,0.3,112.3,5,112.1,15,111.9,150,,,,,,,,,,,,,,,112.6,55,,,,,,,,,,,,,,,,,,
2026-07-02T06:00:37.751913+00:00,2026-07-02T06:00:37.752009,2,1,112.45,0.3,112.3,5,112.1,15,,,,,,,,,,,,,,,,,112.6,55,,,,,,,,,,,,,,,,,,
2026-07-02T06:00:37.804417+00:00,2026-07-02T06:00:37.804630,3,0,,,112.9,95,112.3,5,112.1,15,,,,,,,,,,,,,,,,,,,,,,,,,,,,,,,,,,
2026-07-02T06:00:37.869142+00:00,2026-07-02T06:00:37.863393,3,1,113.15,0.5,112.9,92,112.3,5,112.1,15,,,,,,,,,,,,,,,113.4,150,,,,,,,,,,,,,,,,,,
2026-07-02T06:00:38.038941+00:00,2026-07-02T06:00:38.038753,3,1,113.15,0.5,112.9,67,112.3,5,112.1,15,,,,,,,,,,,,,,,113.4,150,,,,,,,,,,,,,,,,,,
2026-07-02T06:00:38.247816+00:00,2026-07-02T06:00:38.247702,3,1,113.15,0.5,112.9,42,112.3,5,112.1,15,,,,,,,,,,,,,,,113.4,150,,,,,,,,,,,,,,,,,,
2026-07-02T06:00:38.399746+00:00,2026-07-02T06:00:38.399690,2,1,113.15,0.5,112.9,42,112.3,5,,,,,,,,,,,,,,,,,113.4,150,,,,,,,,,,,,,,,,,,
2026-07-02T06:00:38.450137+00:00,2026-07-02T06:00:38.450013,2,1,113.15,0.5,112.9,42,112.3,105,,,,,,,,,,,,,,,,,113.4,150,,,,,,,,,,,,,,,,,,
2026-07-02T06:00:38.458661+00:00,2026-07-02T06:00:38.455229,2,1,113.15,0.5,112.9,17,112.3,105,,,,,,,,,,,,,,,,,113.4,150,,,,,,,,,,,,,,,,,,
2026-07-02T06:00:38.506414+00:00,2026-07-02T06:00:38.506298,1,2,112.55,0.5,112.3,105,,,,,,,,,,,,,,,,,,,112.8,83,113.4,150,,,,,,,,,,,,,,,,
2026-07-02T06:00:39.326733+00:00,2026-07-02T06:00:39.326617,1,2,112.55,0.5,112.3,55,,,,,,,,,,,,,,,,,,,112.8,83,113.4,150,,,,,,,,,,,,,,,,
2026-07-02T06:00:39.592238+00:00,2026-07-02T06:00:39.592084,2,2,112.6,0.4,112.4,5,112.3,55,,,,,,,,,,,,,,,,,112.8,83,113.4,150,,,,,,,,,,,,,,,,
2026-07-02T06:00:40.914474+00:00,2026-07-02T06:00:40.914303,2,1,112.6,0.4,112.4,5,112.3,55,,,,,,,,,,,,,,,,,112.8,83,,,,,,,,,,,,,,,,,,
2026-07-02T06:00:40.964775+00:00,2026-07-02T06:00:40.964704,3,1,112.6,0.4,112.4,5,112.3,55,112.2,150,,,,,,,,,,,,,,,112.8,83,,,,,,,,,,,,,,,,,,
2026-07-02T06:00:41.020020+00:00,2026-07-02T06:00:41.019867,3,2,112.55,0.3,112.4,5,112.3,55,112.2,150,,,,,,,,,,,,,,,112.7,150,112.8,83,,,,,,,,,,,,,,,,
2026-07-02T06:00:41.384267+00:00,2026-07-02T06:00:41.384141,3,2,112.55,0.3,112.4,5,112.3,55,112.2,150,,,,,,,,,,,,,,,112.7,100,112.8,83,,,,,,,,,,,,,,,,
2026-07-02T06:00:41.580650+00:00,2026-07-02T06:00:41.580548,2,1,112.55,0.3,112.4,5,112.2,150,,,,,,,,,,,,,,,,,112.7,100,,,,,,,,,,,,,,,,,,
2026-07-02T06:00:41.658661+00:00,2026-07-02T06:00:41.654015,3,1,112.55,0.3,112.4,5,112.2,150,112.1,100,,,,,,,,,,,,,,,112.7,100,,,,,,,,,,,,,,,,,,
2026-07-02T06:00:41.705453+00:00,2026-07-02T06:00:41.705546,3,2,112.5,0.2,112.4,5,112.2,150,112.1,100,,,,,,,,,,,,,,,112.6,100,112.7,100,,,,,,,,,,,,,,,,
2026-07-02T06:00:41.888589+00:00,2026-07-02T06:00:41.888483,3,2,112.5,0.2,112.4,3,112.2,150,112.1,100,,,,,,,,,,,,,,,112.6,100,112.7,100,,,,,,,,,,,,,,,,
2026-07-02T06:00:42.101437+00:00,2026-07-02T06:00:42.101600,2,2,112.4,0.4,112.2,105,112.1,100,,,,,,,,,,,,,,,,,112.6,100,112.7,100,,,,,,,,,,,,,,,,
2026-07-02T06:00:43.489719+00:00,2026-07-02T06:00:43.489572,2,2,112.4,0.4,112.2,105,112.1,100,,,,,,,,,,,,,,,,,112.6,50,112.7,100,,,,,,,,,,,,,,,,
2026-07-02T06:00:43.669614+00:00,2026-07-02T06:00:43.669522,2,2,112.4,0.4,112.2,105,112.1,100,,,,,,,,,,,,,,,,,112.6,50,112.7,104,,,,,,,,,,,,,,,,
2026-07-02T06:00:43.885819+00:00,2026-07-02T06:00:43.885668,2,2,112.4,0.4,112.2,105,112.1,100,,,,,,,,,,,,,,,,,112.6,50,112.7,103,,,,,,,,,,,,,,,,
2026-07-02T06:00:44.069206+00:00,2026-07-02T06:00:44.069159,2,2,112.4,0.4,112.2,105,112.1,100,,,,,,,,,,,,,,,,,112.6,50,112.7,3,,,,,,,,,,,,,,,,
2026-07-02T06:00:44.074608+00:00,2026-07-02T06:00:44.074454,1,2,112.35,0.5,112.1,100,,,,,,,,,,,,,,,,,,,112.6,50,112.7,3,,,,,,,,,,,,,,,,
2026-07-02T06:00:44.129229+00:00,2026-07-02T06:00:44.129144,2,2,112.4,0.4,112.2,150,112.1,100,,,,,,,,,,,,,,,,,112.6,50,112.7,3,,,,,,,,,,,,,,,,
2026-07-02T06:00:44.182056+00:00,2026-07-02T06:00:44.181930,2,2,112.4,0.4,112.2,150,112.1,100,,,,,,,,,,,,,,,,,112.6,50,112.7,153,,,,,,,,,,,,,,,,
2026-07-02T06:00:44.669294+00:00,2026-07-02T06:00:44.669248,3,2,112.5,0.2,112.4,4,112.2,150,112.1,100,,,,,,,,,,,,,,,112.6,50,112.7,153,,,,,,,,,,,,,,,,
2026-07-02T06:00:44.720560+00:00,2026-07-02T06:00:44.720723,3,2,112.5,0.2,112.4,4,112.2,150,112.1,100,,,,,,,,,,,,,,,112.6,9,112.7,153,,,,,,,,,,,,,,,,
2026-07-02T06:00:44.763595+00:00,2026-07-02T06:00:44.763697,2,1,112.55,0.3,112.4,4,112.2,150,,,,,,,,,,,,,,,,,112.7,153,,,,,,,,,,,,,,,,,,
2026-07-02T06:00:44.813159+00:00,2026-07-02T06:00:44.813122,2,1,112.55,0.3,112.4,104,112.2,150,,,,,,,,,,,,,,,,,112.7,153,,,,,,,,,,,,,,,,,,
2026-07-02T06:00:44.852912+00:00,2026-07-02T06:00:44.855780,2,2,112.55,0.3,112.4,104,112.2,150,,,,,,,,,,,,,,,,,112.7,153,112.9,100,,,,,,,,,,,,,,,,
2026-07-02T06:00:45.139316+00:00,2026-07-02T06:00:45.133249,2,2,112.55,0.3,112.4,104,112.2,150,,,,,,,,,,,,,,,,,112.7,150,112.9,100,,,,,,,,,,,,,,,,
2026-07-02T06:00:45.232586+00:00,2026-07-02T06:00:45.232749,2,2,112.55,0.3,112.4,62,112.2,150,,,,,,,,,,,,,,,,,112.7,150,112.9,100,,,,,,,,,,,,,,,,
2026-07-02T06:00:45.842482+00:00,2026-07-02T06:00:45.842619,2,2,112.55,0.3,112.4,20,112.2,150,,,,,,,,,,,,,,,,,112.7,150,112.9,100,,,,,,,,,,,,,,,,
2026-07-02T06:00:46.412724+00:00,2026-07-02T06:00:46.412585,1,2,112.45,0.5,112.2,150,,,,,,,,,,,,,,,,,,,112.7,150,112.9,100,,,,,,,,,,,,,,,,
2026-07-02T06:00:46.894694+00:00,2026-07-02T06:00:46.894823,2,2,112.55,0.3,112.4,4,112.2,150,,,,,,,,,,,,,,,,,112.7,152,112.9,100,,,,,,,,,,,,,,,,
2026-07-02T06:00:47.236068+00:00,2026-07-02T06:00:47.236295,1,2,112.55,0.3,112.4,4,,,,,,,,,,,,,,,,,,,112.7,2,112.9,100,,,,,,,,,,,,,,,,
2026-07-02T06:00:47.290740+00:00,2026-07-02T06:00:47.290684,2,2,112.55,0.3,112.4,4,112.2,150,,,,,,,,,,,,,,,,,112.7,2,112.9,100,,,,,,,,,,,,,,,,
2026-07-02T06:00:47.329778+00:00,2026-07-02T06:00:47.329666,2,1,112.65,0.5,112.4,4,112.2,150,,,,,,,,,,,,,,,,,112.9,53,,,,,,,,,,,,,,,,,,
2026-07-02T06:00:47.342698+00:00,2026-07-02T06:00:47.342601,2,2,112.55,0.3,112.4,4,112.2,150,,,,,,,,,,,,,,,,,112.7,150,112.9,53,,,,,,,,,,,,,,,,
2026-07-02T06:00:47.692286+00:00,2026-07-02T06:00:47.692223,2,2,112.55,0.3,112.4,4,112.2,150,,,,,,,,,,,,,,,,,112.7,152,112.9,53,,,,,,,,,,,,,,,,
2026-07-02T06:00:47.750768+00:00,2026-07-02T06:00:47.750707,1,2,112.45,0.5,112.2,104,,,,,,,,,,,,,,,,,,,112.7,152,112.9,53,,,,,,,,,,,,,,,,
2026-07-02T06:00:47.914763+00:00,2026-07-02T06:00:47.914646,1,1,112.45,0.5,112.2,104,,,,,,,,,,,,,,,,,,,112.7,152,,,,,,,,,,,,,,,,,,
2026-07-02T06:00:47.971927+00:00,2026-07-02T06:00:47.971861,2,1,112.5,0.4,112.3,100,112.2,104,,,,,,,,,,,,,,,,,112.7,152,,,,,,,,,,,,,,,,,,
2026-07-02T06:00:47.994647+00:00,2026-07-02T06:00:47.994528,2,1,112.5,0.4,112.3,100,112.2,104,,,,,,,,,,,,,,,,,112.7,108,,,,,,,,,,,,,,,,,,
2026-07-02T06:00:48.023817+00:00,2026-07-02T06:00:48.023740,2,2,112.5,0.4,112.3,100,112.2,104,,,,,,,,,,,,,,,,,112.7,108,112.8,100,,,,,,,,,,,,,,,,
2026-07-02T06:00:48.699771+00:00,2026-07-02T06:00:48.699587,2,2,112.5,0.4,112.3,100,112.2,104,,,,,,,,,,,,,,,,,112.7,107,112.8,100,,,,,,,,,,,,,,,,
2026-07-02T06:00:49.128386+00:00,2026-07-02T06:00:49.128301,2,2,112.5,0.4,112.3,54,112.2,104,,,,,,,,,,,,,,,,,112.7,107,112.8,100,,,,,,,,,,,,,,,,
2026-07-02T06:00:49.810200+00:00,2026-07-02T06:00:49.810063,2,2,112.5,0.4,112.3,54,112.2,104,,,,,,,,,,,,,,,,,112.7,57,112.8,100,,,,,,,,,,,,,,,,
2026-07-02T06:00:50.128492+00:00,2026-07-02T06:00:50.128365,3,2,112.55,0.3,112.4,5,112.3,54,112.2,104,,,,,,,,,,,,,,,112.7,57,112.8,100,,,,,,,,,,,,,,,,
2026-07-02T06:00:50.396115+00:00,2026-07-02T06:00:50.396277,2,2,112.55,0.3,112.4,5,112.3,54,,,,,,,,,,,,,,,,,112.7,1,112.8,100,,,,,,,,,,,,,,,,
2026-07-02T06:00:50.450233+00:00,2026-07-02T06:00:50.450105,2,2,112.55,0.3,112.4,155,112.3,54,,,,,,,,,,,,,,,,,112.7,1,112.8,100,,,,,,,,,,,,,,,,
2026-07-02T06:00:50.503568+00:00,2026-07-02T06:00:50.503530,2,3,112.55,0.3,112.4,155,112.3,54,,,,,,,,,,,,,,,,,112.7,1,112.8,100,112.9,150,,,,,,,,,,,,,,
2026-07-02T06:00:51.058583+00:00,2026-07-02T06:00:51.056639,2,2,112.6,0.4,112.4,155,112.3,54,,,,,,,,,,,,,,,,,112.8,100,112.9,150,,,,,,,,,,,,,,,,
2026-07-02T06:00:51.073064+00:00,2026-07-02T06:00:51.072949,2,1,112.65,0.5,112.4,155,112.3,54,,,,,,,,,,,,,,,,,112.9,150,,,,,,,,,,,,,,,,,,
2026-07-02T06:00:51.078033+00:00,2026-07-02T06:00:51.078123,1,1,112.65,0.5,112.4,155,,,,,,,,,,,,,,,,,,,112.9,150,,,,,,,,,,,,,,,,,,
2026-07-02T06:00:51.131069+00:00,2026-07-02T06:00:51.130971,2,1,112.65,0.5,112.4,155,112.1,100,,,,,,,,,,,,,,,,,112.9,150,,,,,,,,,,,,,,,,,,
2026-07-02T06:00:51.183191+00:00,2026-07-02T06:00:51.183158,2,2,112.5,0.2,112.4,155,112.1,100,,,,,,,,,,,,,,,,,112.6,100,112.9,150,,,,,,,,,,,,,,,,
2026-07-02T06:00:51.385079+00:00,2026-07-02T06:00:51.385011,2,2,112.5,0.2,112.4,111,112.1,100,,,,,,,,,,,,,,,,,112.6,100,112.9,150,,,,,,,,,,,,,,,,
2026-07-02T06:00:51.966152+00:00,2026-07-02T06:00:51.966027,2,2,112.5,0.2,112.4,61,112.1,100,,,,,,,,,,,,,,,,,112.6,100,112.9,150,,,,,,,,,,,,,,,,
2026-07-02T06:00:53.558698+00:00,2026-07-02T06:00:53.557523,1,1,112.35,0.5,112.1,100,,,,,,,,,,,,,,,,,,,112.6,100,,,,,,,,,,,,,,,,,,
2026-07-02T06:00:53.591558+00:00,2026-07-02T06:00:53.591499,1,1,112.35,0.5,112.1,100,,,,,,,,,,,,,,,,,,,112.6,58,,,,,,,,,,,,,,,,,,
2026-07-02T06:00:53.612159+00:00,2026-07-02T06:00:53.611982,2,1,112.35,0.5,112.1,100,112.0,150,,,,,,,,,,,,,,,,,112.6,58,,,,,,,,,,,,,,,,,,
2026-07-02T06:00:53.680938+00:00,2026-07-02T06:00:53.680754,2,2,112.3,0.4,112.1,100,112.0,150,,,,,,,,,,,,,,,,,112.5,150,112.6,58,,,,,,,,,,,,,,,,
2026-07-02T06:00:53.865225+00:00,2026-07-02T06:00:53.865068,2,3,112.3,0.4,112.1,100,112.0,150,,,,,,,,,,,,,,,,,112.5,150,112.6,58,112.7,6,,,,,,,,,,,,,,
2026-07-02T06:00:54.023030+00:00,2026-07-02T06:00:54.022893,2,3,112.3,0.4,112.1,100,112.0,150,,,,,,,,,,,,,,,,,112.5,100,112.6,58,112.7,6,,,,,,,,,,,,,,
2026-07-02T06:00:54.232663+00:00,2026-07-02T06:00:54.232828,1,2,112.25,0.5,112.0,150,,,,,,,,,,,,,,,,,,,112.5,100,112.7,6,,,,,,,,,,,,,,,,
2026-07-02T06:00:54.290548+00:00,2026-07-02T06:00:54.290660,2,2,112.35,0.3,112.2,100,112.0,150,,,,,,,,,,,,,,,,,112.5,100,112.7,6,,,,,,,,,,,,,,,,
2026-07-02T06:00:54.341541+00:00,2026-07-02T06:00:54.341407,2,2,112.35,0.3,112.2,100,112.0,150,,,,,,,,,,,,,,,,,112.5,100,112.7,106,,,,,,,,,,,,,,,,
2026-07-02T06:00:54.854009+00:00,2026-07-02T06:00:54.853928,2,2,112.35,0.3,112.2,100,112.0,150,,,,,,,,,,,,,,,,,112.5,100,112.7,105,,,,,,,,,,,,,,,,
2026-07-02T06:00:54.897279+00:00,2026-07-02T06:00:54.897157,2,2,112.35,0.3,112.2,100,112.0,150,,,,,,,,,,,,,,,,,112.5,100,112.7,104,,,,,,,,,,,,,,,,
2026-07-02T06:00:55.204229+00:00,2026-07-02T06:00:55.204136,2,2,112.35,0.3,112.2,100,112.0,150,,,,,,,,,,,,,,,,,112.5,60,112.7,104,,,,,,,,,,,,,,,,
2026-07-02T06:00:55.277208+00:00,2026-07-02T06:00:55.277153,2,2,112.35,0.3,112.2,100,112.0,150,,,,,,,,,,,,,,,,,112.5,60,112.7,103,,,,,,,,,,,,,,,,
2026-07-02T06:00:56.417599+00:00,2026-07-02T06:00:56.417190,2,2,112.35,0.3,112.2,58,112.0,150,,,,,,,,,,,,,,,,,112.5,60,112.7,103,,,,,,,,,,,,,,,,
2026-07-02T06:00:56.732146+00:00,2026-07-02T06:00:56.732012,1,1,112.45,0.5,112.2,58,,,,,,,,,,,,,,,,,,,112.7,103,,,,,,,,,,,,,,,,,,
2026-07-02T06:00:56.785870+00:00,2026-07-02T06:00:56.785753,2,1,112.55,0.3,112.4,150,112.2,58,,,,,,,,,,,,,,,,,112.7,103,,,,,,,,,,,,,,,,,,
2026-07-02T06:00:56.837857+00:00,2026-07-02T06:00:56.837792,2,2,112.55,0.3,112.4,150,112.2,58,,,,,,,,,,,,,,,,,112.7,103,112.9,150,,,,,,,,,,,,,,,,
2026-07-02T06:00:56.915492+00:00,2026-07-02T06:00:56.915322,2,2,112.55,0.3,112.4,154,112.2,58,,,,,,,,,,,,,,,,,112.7,103,112.9,150,,,,,,,,,,,,,,,,
2026-07-02T06:00:57.064094+00:00,2026-07-02T06:00:57.064008,2,2,112.55,0.3,112.4,154,112.2,58,,,,,,,,,,,,,,,,,112.7,59,112.9,150,,,,,,,,,,,,,,,,
2026-07-02T06:00:57.089756+00:00,2026-07-02T06:00:57.089655,2,2,112.55,0.3,112.4,154,112.2,58,,,,,,,,,,,,,,,,,112.7,62,112.9,150,,,,,,,,,,,,,,,,
2026-07-02T06:00:57.396137+00:00,2026-07-02T06:00:57.396266,1,2,112.55,0.3,112.4,154,,,,,,,,,,,,,,,,,,,112.7,3,112.9,150,,,,,,,,,,,,,,,,
2026-07-02T06:00:57.450683+00:00,2026-07-02T06:00:57.450508,2,2,112.55,0.3,112.4,154,112.0,100,,,,,,,,,,,,,,,,,112.7,3,112.9,150,,,,,,,,,,,,,,,,
2026-07-02T06:00:57.502976+00:00,2026-07-02T06:00:57.502845,2,3,112.45,0.1,112.4,154,112.0,100,,,,,,,,,,,,,,,,,112.5,100,112.7,3,112.9,150,,,,,,,,,,,,,,
2026-07-02T06:00:57.858582+00:00,2026-07-02T06:00:57.855786,2,3,112.45,0.1,112.4,153,112.0,100,,,,,,,,,,,,,,,,,112.5,100,112.7,3,112.9,150,,,,,,,,,,,,,,
2026-07-02T06:00:58.180084+00:00,2026-07-02T06:00:58.179955,2,3,112.45,0.1,112.4,113,112.0,100,,,,,,,,,,,,,,,,,112.5,100,112.7,3,112.9,150,,,,,,,,,,,,,,
2026-07-02T06:00:58.233898+00:00,2026-07-02T06:00:58.233774,2,3,112.45,0.1,112.4,113,112.0,100,,,,,,,,,,,,,,,,,112.5,50,112.7,3,112.9,150,,,,,,,,,,,,,,
2026-07-02T06:00:58.858600+00:00,2026-07-02T06:00:58.854181,2,3,112.45,0.1,112.4,112,112.0,100,,,,,,,,,,,,,,,,,112.5,50,112.7,3,112.9,150,,,,,,,,,,,,,,
2026-07-02T06:00:59.850070+00:00,2026-07-02T06:00:59.850228,2,3,112.45,0.1,112.4,111,112.0,100,,,,,,,,,,,,,,,,,112.5,50,112.7,3,112.9,150,,,,,,,,,,,,,,
2026-07-02T06:00:59.893099+00:00,2026-07-02T06:00:59.893015,2,2,112.45,0.1,112.4,1,112.0,100,,,,,,,,,,,,,,,,,112.5,50,112.7,3,,,,,,,,,,,,,,,,
2026-07-02T06:00:59.937964+00:00,2026-07-02T06:00:59.938143,1,2,112.25,0.5,112.0,100,,,,,,,,,,,,,,,,,,,112.5,50,112.7,3,,,,,,,,,,,,,,,,
2026-07-02T06:00:59.943498+00:00,2026-07-02T06:00:59.943406,2,2,112.3,0.4,112.1,150,112.0,100,,,,,,,,,,,,,,,,,112.5,50,112.7,3,,,,,,,,,,,,,,,,
2026-07-02T06:00:59.999391+00:00,2026-07-02T06:00:59.999303,2,3,112.3,0.4,112.1,150,112.0,100,,,,,,,,,,,,,,,,,112.5,50,112.6,150,112.7,3,,,,,,,,,,,,,,
2026-07-02T06:01:00.197355+00:00,2026-07-02T06:01:00.197282,2,3,112.3,0.4,112.1,150,112.0,100,,,,,,,,,,,,,,,,,112.5,9,112.6,150,112.7,3,,,,,,,,,,,,,,
2026-07-02T06:01:00.395255+00:00,2026-07-02T06:01:00.395218,2,3,112.3,0.4,112.1,100,112.0,100,,,,,,,,,,,,,,,,,112.5,9,112.6,150,112.7,3,,,,,,,,,,,,,,
2026-07-02T06:01:00.564016+00:00,2026-07-02T06:01:00.563775,1,2,112.35,0.5,112.1,100,,,,,,,,,,,,,,,,,,,112.6,150,112.7,3,,,,,,,,,,,,,,,,
2026-07-02T06:01:00.611179+00:00,2026-07-02T06:01:00.611073,2,2,112.45,0.3,112.3,100,112.1,100,,,,,,,,,,,,,,,,,112.6,150,112.7,3,,,,,,,,,,,,,,,,
2026-07-02T06:01:00.664126+00:00,2026-07-02T06:01:00.664037,2,3,112.45,0.3,112.3,100,112.1,100,,,,,,,,,,,,,,,,,112.6,150,112.7,3,112.8,100,,,,,,,,,,,,,,
2026-07-02T06:01:01.772947+00:00,2026-07-02T06:01:01.772783,2,3,112.45,0.3,112.3,53,112.1,100,,,,,,,,,,,,,,,,,112.6,150,112.7,3,112.8,100,,,,,,,,,,,,,,
2026-07-02T06:01:02.458619+00:00,2026-07-02T06:01:02.453844,2,3,112.45,0.3,112.3,53,112.1,100,,,,,,,,,,,,,,,,,112.6,100,112.7,3,112.8,100,,,,,,,,,,,,,,
2026-07-02T06:01:03.058622+00:00,2026-07-02T06:01:03.053574,1,2,112.5,0.4,112.3,53,,,,,,,,,,,,,,,,,,,112.7,3,112.8,100,,,,,,,,,,,,,,,,
2026-07-02T06:01:03.107555+00:00,2026-07-02T06:01:03.107647,2,2,112.5,0.4,112.3,53,112.0,150,,,,,,,,,,,,,,,,,112.7,3,112.8,100,,,,,,,,,,,,,,,,
2026-07-02T06:01:03.163887+00:00,2026-07-02T06:01:03.163738,2,3,112.4,0.2,112.3,53,112.0,150,,,,,,,,,,,,,,,,,112.5,150,112.7,3,112.8,100,,,,,,,,,,,,,,
2026-07-02T06:01:03.717860+00:00,2026-07-02T06:01:03.717747,1,2,112.25,0.5,112.0,150,,,,,,,,,,,,,,,,,,,112.5,150,112.7,3,,,,,,,,,,,,,,,,
2026-07-02T06:01:03.772470+00:00,2026-07-02T06:01:03.772400,2,2,112.35,0.3,112.2,100,112.0,150,,,,,,,,,,,,,,,,,112.5,150,112.7,3,,,,,,,,,,,,,,,,
2026-07-02T06:01:03.825170+00:00,2026-07-02T06:01:03.825013,2,2,112.35,0.3,112.2,100,112.0,150,,,,,,,,,,,,,,,,,112.5,150,112.7,103,,,,,,,,,,,,,,,,
2026-07-02T06:01:04.279329+00:00,2026-07-02T06:01:04.279269,2,2,112.35,0.3,112.2,54,112.0,150,,,,,,,,,,,,,,,,,112.5,150,112.7,103,,,,,,,,,,,,,,,,
2026-07-02T06:01:04.609958+00:00,2026-07-02T06:01:04.610097,2,2,112.35,0.3,112.2,4,112.0,150,,,,,,,,,,,,,,,,,112.5,150,112.7,103,,,,,,,,,,,,,,,,
2026-07-02T06:01:05.850428+00:00,2026-07-02T06:01:05.850288,2,2,112.35,0.3,112.2,4,112.0,150,,,,,,,,,,,,,,,,,112.5,101,112.7,103,,,,,,,,,,,,,,,,
2026-07-02T06:01:06.216874+00:00,2026-07-02T06:01:06.216761,1,1,112.45,0.5,112.2,4,,,,,,,,,,,,,,,,,,,112.7,103,,,,,,,,,,,,,,,,,,
2026-07-02T06:01:06.270685+00:00,2026-07-02T06:01:06.270553,1,1,112.45,0.5,112.2,154,,,,,,,,,,,,,,,,,,,112.7,103,,,,,,,,,,,,,,,,,,
2026-07-02T06:01:06.322964+00:00,2026-07-02T06:01:06.322833,1,1,112.45,0.5,112.2,154,,,,,,,,,,,,,,,,,,,112.7,253,,,,,,,,,,,,,,,,,,
2026-07-02T06:01:06.878895+00:00,2026-07-02T06:01:06.878811,1,1,112.45,0.5,112.2,150,,,,,,,,,,,,,,,,,,,112.7,153,,,,,,,,,,,,,,,,,,
2026-07-02T06:01:06.921128+00:00,2026-07-02T06:01:06.921217,1,1,112.45,0.5,112.2,150,,,,,,,,,,,,,,,,,,,112.7,112,,,,,,,,,,,,,,,,,,
2026-07-02T06:01:06.934167+00:00,2026-07-02T06:01:06.934055,2,1,112.45,0.5,112.2,150,111.8,100,,,,,,,,,,,,,,,,,112.7,112,,,,,,,,,,,,,,,,,,
2026-07-02T06:01:06.994429+00:00,2026-07-02T06:01:06.994618,2,2,112.25,0.1,112.2,150,111.8,100,,,,,,,,,,,,,,,,,112.3,100,112.7,112,,,,,,,,,,,,,,,,
2026-07-02T06:01:07.075514+00:00,2026-07-02T06:01:07.075684,2,3,112.25,0.1,112.2,150,111.8,100,,,,,,,,,,,,,,,,,112.3,100,112.6,8,112.7,112,,,,,,,,,,,,,,
2026-07-02T06:01:07.370288+00:00,2026-07-02T06:01:07.370134,2,3,112.25,0.1,112.2,150,111.8,100,,,,,,,,,,,,,,,,,112.3,99,112.6,8,112.7,112,,,,,,,,,,,,,,
2026-07-02T06:01:07.385844+00:00,2026-07-02T06:01:07.385790,2,3,112.25,0.1,112.2,150,111.8,100,,,,,,,,,,,,,,,,,112.3,98,112.6,8,112.7,112,,,,,,,,,,,,,,
2026-07-02T06:01:07.547275+00:00,2026-07-02T06:01:07.547163,2,3,112.25,0.1,112.2,150,111.8,100,,,,,,,,,,,,,,,,,112.3,97,112.6,8,112.7,112,,,,,,,,,,,,,,
2026-07-02T06:01:08.102604+00:00,2026-07-02T06:01:08.102548,2,3,112.25,0.1,112.2,150,111.8,100,,,,,,,,,,,,,,,,,112.3,96,112.6,8,112.7,112,,,,,,,,,,,,,,
2026-07-02T06:01:08.146546+00:00,2026-07-02T06:01:08.146517,2,3,112.25,0.1,112.2,150,111.8,100,,,,,,,,,,,,,,,,,112.3,95,112.6,8,112.7,112,,,,,,,,,,,,,,
2026-07-02T06:01:08.201866+00:00,2026-07-02T06:01:08.201751,2,3,112.25,0.1,112.2,150,111.8,100,,,,,,,,,,,,,,,,,112.3,94,112.6,8,112.7,112,,,,,,,,,,,,,,
2026-07-02T06:01:08.258658+00:00,2026-07-02T06:01:08.253794,2,3,112.25,0.1,112.2,150,111.8,100,,,,,,,,,,,,,,,,,112.3,93,112.6,8,112.7,112,,,,,,,,,,,,,,
2026-07-02T06:01:08.769303+00:00,2026-07-02T06:01:08.769110,2,3,112.25,0.1,112.2,150,111.8,100,,,,,,,,,,,,,,,,,112.3,43,112.6,8,112.7,112,,,,,,,,,,,,,,
2026-07-02T06:01:09.374136+00:00,2026-07-02T06:01:09.374084,1,2,112.05,0.5,111.8,100,,,,,,,,,,,,,,,,,,,112.3,43,112.6,8,,,,,,,,,,,,,,,,
2026-07-02T06:01:09.429958+00:00,2026-07-02T06:01:09.429921,2,1,112.5,0.2,112.4,107,111.8,100,,,,,,,,,,,,,,,,,112.6,8,,,,,,,,,,,,,,,,,,
2026-07-02T06:01:09.485295+00:00,2026-07-02T06:01:09.485159,2,2,112.5,0.2,112.4,107,111.8,100,,,,,,,,,,,,,,,,,112.6,8,112.9,150,,,,,,,,,,,,,,,,
2026-07-02T06:01:10.031968+00:00,2026-07-02T06:01:10.025784,2,2,112.5,0.2,112.4,104,111.8,100,,,,,,,,,,,,,,,,,112.6,8,112.9,150,,,,,,,,,,,,,,,,
2026-07-02T06:01:10.047642+00:00,2026-07-02T06:01:10.047545,1,2,112.5,0.2,112.4,104,,,,,,,,,,,,,,,,,,,112.6,8,112.9,150,,,,,,,,,,,,,,,,
2026-07-02T06:01:10.104136+00:00,2026-07-02T06:01:10.104057,2,2,112.5,0.2,112.4,104,112.0,100,,,,,,,,,,,,,,,,,112.6,8,112.9,150,,,,,,,,,,,,,,,,
2026-07-02T06:01:10.121168+00:00,2026-07-02T06:01:10.121293,3,2,112.5,0.2,112.4,104,112.3,1,112.0,100,,,,,,,,,,,,,,,112.6,8,112.9,150,,,,,,,,,,,,,,,,
2026-07-02T06:01:10.126636+00:00,2026-07-02T06:01:10.126599,3,2,112.5,0.2,112.4,79,112.3,1,112.0,100,,,,,,,,,,,,,,,112.6,8,112.9,150,,,,,,,,,,,,,,,,
2026-07-02T06:01:10.158622+00:00,2026-07-02T06:01:10.151130,3,3,112.45,0.1,112.4,79,112.3,1,112.0,100,,,,,,,,,,,,,,,112.5,100,112.6,8,112.9,150,,,,,,,,,,,,,,
2026-07-02T06:01:10.337804+00:00,2026-07-02T06:01:10.337698,3,3,112.45,0.1,112.4,54,112.3,1,112.0,100,,,,,,,,,,,,,,,112.5,100,112.6,8,112.9,150,,,,,,,,,,,,,,
2026-07-02T06:01:10.547674+00:00,2026-07-02T06:01:10.547632,3,3,112.45,0.1,112.4,29,112.3,1,112.0,100,,,,,,,,,,,,,,,112.5,100,112.6,8,112.9,150,,,,,,,,,,,,,,
2026-07-02T06:01:10.879146+00:00,2026-07-02T06:01:10.879095,3,3,112.45,0.1,112.4,29,112.3,1,112.0,100,,,,,,,,,,,,,,,112.5,50,112.6,8,112.9,150,,,,,,,,,,,,,,
2026-07-02T06:01:12.536456+00:00,2026-07-02T06:01:12.536339,2,2,112.4,0.2,112.3,1,112.0,100,,,,,,,,,,,,,,,,,112.5,50,112.6,8,,,,,,,,,,,,,,,,
2026-07-02T06:01:12.592488+00:00,2026-07-02T06:01:12.592356,3,2,112.4,0.2,112.3,1,112.0,100,111.9,150,,,,,,,,,,,,,,,112.5,50,112.6,8,,,,,,,,,,,,,,,,
2026-07-02T06:01:12.651245+00:00,2026-07-02T06:01:12.645462,3,3,112.35,0.1,112.3,1,112.0,100,111.9,150,,,,,,,,,,,,,,,112.4,147,112.5,50,112.6,8,,,,,,,,,,,,,,
2026-07-02T06:01:12.680094+00:00,2026-07-02T06:01:12.680034,3,3,112.35,0.1,112.3,1,112.0,100,111.9,150,,,,,,,,,,,,,,,112.4,147,112.5,50,112.6,7,,,,,,,,,,,,,,
2026-07-02T06:01:12.919550+00:00,2026-07-02T06:01:12.919717,3,3,112.35,0.1,112.3,1,112.0,100,111.9,150,,,,,,,,,,,,,,,112.4,147,112.5,50,112.6,5,,,,,,,,,,,,,,
2026-07-02T06:01:12.987373+00:00,2026-07-02T06:01:12.987478,3,3,112.35,0.1,112.3,1,112.0,100,111.9,150,,,,,,,,,,,,,,,112.4,97,112.5,50,112.6,5,,,,,,,,,,,,,,
2026-07-02T06:01:13.210603+00:00,2026-07-02T06:01:13.210562,2,2,112.35,0.1,112.3,1,111.9,150,,,,,,,,,,,,,,,,,112.4,97,112.6,5,,,,,,,,,,,,,,,,
2026-07-02T06:01:13.258578+00:00,2026-07-02T06:01:13.257593,3,1,112.5,0.2,112.4,3,112.3,1,111.9,150,,,,,,,,,,,,,,,112.6,5,,,,,,,,,,,,,,,,,,
2026-07-02T06:01:13.319564+00:00,2026-07-02T06:01:13.319491,3,2,112.5,0.2,112.4,3,112.3,1,111.9,150,,,,,,,,,,,,,,,112.6,5,112.9,100,,,,,,,,,,,,,,,,
2026-07-02T06:01:13.784966+00:00,2026-07-02T06:01:13.784896,3,2,112.5,0.2,112.4,3,112.3,1,111.9,150,,,,,,,,,,,,,,,112.6,3,112.9,100,,,,,,,,,,,,,,,,
2026-07-02T06:01:14.330818+00:00,2026-07-02T06:01:14.330686,3,2,112.5,0.2,112.4,3,112.3,1,111.9,150,,,,,,,,,,,,,,,112.6,2,112.9,100,,,,,,,,,,,,,,,,
2026-07-02T06:01:15.158671+00:00,2026-07-02T06:01:15.158252,1,2,112.25,0.7,111.9,104,,,,,,,,,,,,,,,,,,,112.6,2,112.9,100,,,,,,,,,,,,,,,,
2026-07-02T06:01:15.699050+00:00,2026-07-02T06:01:15.698983,0,2,,,,,,,,,,,,,,,,,,,,,,,112.6,2,112.9,100,,,,,,,,,,,,,,,,
2026-07-02T06:01:15.758624+00:00,2026-07-02T06:01:15.753244,1,2,112.5,0.2,112.4,150,,,,,,,,,,,,,,,,,,,112.6,2,112.9,100,,,,,,,,,,,,,,,,
2026-07-02T06:01:15.813823+00:00,2026-07-02T06:01:15.813724,1,2,112.5,0.2,112.4,150,,,,,,,,,,,,,,,,,,,112.6,2,112.9,250,,,,,,,,,,,,,,,,
2026-07-02T06:01:15.937779+00:00,2026-07-02T06:01:15.937746,2,2,112.5,0.2,112.4,150,112.3,4,,,,,,,,,,,,,,,,,112.6,2,112.9,250,,,,,,,,,,,,,,,,
2026-07-02T06:01:16.213780+00:00,2026-07-02T06:01:16.213734,2,2,112.5,0.2,112.4,101,112.3,4,,,,,,,,,,,,,,,,,112.6,2,112.9,250,,,,,,,,,,,,,,,,
2026-07-02T06:01:16.375666+00:00,2026-07-02T06:01:16.375533,2,2,112.5,0.2,112.4,101,112.3,4,,,,,,,,,,,,,,,,,112.6,2,112.9,150,,,,,,,,,,,,,,,,
2026-07-02T06:01:16.437969+00:00,2026-07-02T06:01:16.437786,3,2,112.5,0.2,112.4,101,112.3,4,112.0,100,,,,,,,,,,,,,,,112.6,2,112.9,150,,,,,,,,,,,,,,,,
2026-07-02T06:01:16.482487+00:00,2026-07-02T06:01:16.482388,3,3,112.45,0.1,112.4,101,112.3,4,112.0,100,,,,,,,,,,,,,,,112.5,100,112.6,2,112.9,150,,,,,,,,,,,,,,
2026-07-02T06:01:17.219536+00:00,2026-07-02T06:01:17.219676,3,3,112.45,0.1,112.4,101,112.3,4,112.0,100,,,,,,,,,,,,,,,112.5,50,112.6,2,112.9,150,,,,,,,,,,,,,,
2026-07-02T06:01:17.240546+00:00,2026-07-02T06:01:17.240412,3,3,112.45,0.1,112.4,61,112.3,4,112.0,100,,,,,,,,,,,,,,,112.5,50,112.6,2,112.9,150,,,,,,,,,,,,,,
2026-07-02T06:01:17.912496+00:00,2026-07-02T06:01:17.900490,3,3,112.45,0.1,112.4,58,112.3,4,112.0,100,,,,,,,,,,,,,,,112.5,50,112.6,2,112.9,150,,,,,,,,,,,,,,
2026-07-02T06:01:18.717216+00:00,2026-07-02T06:01:18.717091,3,3,112.45,0.1,112.4,58,112.3,4,112.0,100,,,,,,,,,,,,,,,112.5,10,112.6,2,112.9,150,,,,,,,,,,,,,,
2026-07-02T06:01:18.772159+00:00,2026-07-02T06:01:18.772115,3,3,112.45,0.1,112.4,15,112.3,4,112.0,100,,,,,,,,,,,,,,,112.5,10,112.6,2,112.9,150,,,,,,,,,,,,,,
2026-07-02T06:01:18.867200+00:00,2026-07-02T06:01:18.867171,2,2,112.4,0.2,112.3,4,112.0,100,,,,,,,,,,,,,,,,,112.5,10,112.6,2,,,,,,,,,,,,,,,,
2026-07-02T06:01:18.922836+00:00,2026-07-02T06:01:18.922718,3,2,112.4,0.2,112.3,4,112.0,100,111.6,150,,,,,,,,,,,,,,,112.5,10,112.6,2,,,,,,,,,,,,,,,,
2026-07-02T06:01:18.989837+00:00,2026-07-02T06:01:18.983762,2,3,112.05,0.1,112.0,100,111.6,150,,,,,,,,,,,,,,,,,112.1,143,112.5,10,112.6,2,,,,,,,,,,,,,,
2026-07-02T06:01:19.186615+00:00,2026-07-02T06:01:19.186584,2,3,112.05,0.1,112.0,100,111.6,150,,,,,,,,,,,,,,,,,112.1,118,112.5,10,112.6,2,,,,,,,,,,,,,,
2026-07-02T06:01:19.343444+00:00,2026-07-02T06:01:19.343611,2,3,112.05,0.1,112.0,100,111.6,150,,,,,,,,,,,,,,,,,112.1,70,112.5,10,112.6,2,,,,,,,,,,,,,,
2026-07-02T06:01:19.395150+00:00,2026-07-02T06:01:19.395066,2,3,112.05,0.1,112.0,100,111.6,150,,,,,,,,,,,,,,,,,112.1,45,112.5,10,112.6,2,,,,,,,,,,,,,,
2026-07-02T06:01:19.400386+00:00,2026-07-02T06:01:19.400290,2,3,112.05,0.1,112.0,50,111.6,150,,,,,,,,,,,,,,,,,112.1,45,112.5,10,112.6,2,,,,,,,,,,,,,,
2026-07-02T06:01:19.536031+00:00,2026-07-02T06:01:19.536267,1,2,111.85,0.5,111.6,150,,,,,,,,,,,,,,,,,,,112.1,45,112.6,2,,,,,,,,,,,,,,,,
2026-07-02T06:01:19.590959+00:00,2026-07-02T06:01:19.591104,2,1,112.35,0.5,112.1,55,111.6,150,,,,,,,,,,,,,,,,,112.6,2,,,,,,,,,,,,,,,,,,
2026-07-02T06:01:19.646099+00:00,2026-07-02T06:01:19.645921,2,1,112.35,0.5,112.1,55,111.6,150,,,,,,,,,,,,,,,,,112.6,102,,,,,,,,,,,,,,,,,,
2026-07-02T06:01:21.519166+00:00,2026-07-02T06:01:21.518942,2,1,112.35,0.5,112.1,5,111.6,150,,,,,,,,,,,,,,,,,112.6,102,,,,,,,,,,,,,,,,,,
2026-07-02T06:01:21.889363+00:00,2026-07-02T06:01:21.889239,3,1,112.45,0.3,112.3,2,112.1,5,111.6,150,,,,,,,,,,,,,,,112.6,102,,,,,,,,,,,,,,,,,,
2026-07-02T06:01:22.031642+00:00,2026-07-02T06:01:22.031596,2,1,112.45,0.3,112.3,2,112.1,5,,,,,,,,,,,,,,,,,112.6,102,,,,,,,,,,,,,,,,,,
2026-07-02T06:01:22.084826+00:00,2026-07-02T06:01:22.084750,3,1,112.55,0.1,112.5,150,112.3,2,112.1,5,,,,,,,,,,,,,,,112.6,102,,,,,,,,,,,,,,,,,,
2026-07-02T06:01:22.150918+00:00,2026-07-02T06:01:22.150811,3,2,112.55,0.1,112.5,150,112.3,2,112.1,5,,,,,,,,,,,,,,,112.6,102,113.0,150,,,,,,,,,,,,,,,,
2026-07-02T06:01:22.430190+00:00,2026-07-02T06:01:22.430115,3,2,112.55,0.1,112.5,104,112.3,2,112.1,5,,,,,,,,,,,,,,,112.6,102,113.0,150,,,,,,,,,,,,,,,,
2026-07-02T06:01:22.730427+00:00,2026-07-02T06:01:22.730329,2,2,112.55,0.1,112.5,104,112.3,2,,,,,,,,,,,,,,,,,112.6,2,113.0,150,,,,,,,,,,,,,,,,
2026-07-02T06:01:22.791253+00:00,2026-07-02T06:01:22.791433,3,2,112.55,0.1,112.5,104,112.3,2,111.9,100,,,,,,,,,,,,,,,112.6,2,113.0,150,,,,,,,,,,,,,,,,
2026-07-02T06:01:22.855120+00:00,2026-07-02T06:01:22.854951,3,2,112.55,0.1,112.5,4,112.3,2,111.9,100,,,,,,,,,,,,,,,112.6,2,113.0,150,,,,,,,,,,,,,,,,
2026-07-02T06:01:22.931129+00:00,2026-07-02T06:01:22.930986,2,2,112.45,0.3,112.3,2,111.9,100,,,,,,,,,,,,,,,,,112.6,2,113.0,150,,,,,,,,,,,,,,,,
2026-07-02T06:01:23.569640+00:00,2026-07-02T06:01:23.569580,2,1,112.65,0.7,112.3,2,111.9,100,,,,,,,,,,,,,,,,,113.0,102,,,,,,,,,,,,,,,,,,
2026-07-02T06:01:25.202651+00:00,2026-07-02T06:01:25.202551,2,0,,,112.3,2,111.9,100,,,,,,,,,,,,,,,,,,,,,,,,,,,,,,,,,,,,
2026-07-02T06:01:25.258587+00:00,2026-07-02T06:01:25.255212,3,0,,,112.3,2,111.9,100,111.8,150,,,,,,,,,,,,,,,,,,,,,,,,,,,,,,,,,,
2026-07-02T06:01:25.308079+00:00,2026-07-02T06:01:25.307949,2,1,112.1,0.4,111.9,100,111.8,150,,,,,,,,,,,,,,,,,112.3,148,,,,,,,,,,,,,,,,,,
2026-07-02T06:01:25.382708+00:00,2026-07-02T06:01:25.382566,3,1,112.25,0.1,112.2,6,111.9,100,111.8,150,,,,,,,,,,,,,,,112.3,148,,,,,,,,,,,,,,,,,,
2026-07-02T06:01:25.906819+00:00,2026-07-02T06:01:25.906726,2,1,112.25,0.1,112.2,6,111.8,150,,,,,,,,,,,,,,,,,112.3,148,,,,,,,,,,,,,,,,,,
2026-07-02T06:01:25.958583+00:00,2026-07-02T06:01:25.953765,3,1,112.25,0.1,112.2,6,112.0,100,111.8,150,,,,,,,,,,,,,,,112.3,148,,,,,,,,,,,,,,,,,,
2026-07-02T06:01:26.006988+00:00,2026-07-02T06:01:26.006894,3,2,112.25,0.1,112.2,6,112.0,100,111.8,150,,,,,,,,,,,,,,,112.3,148,112.5,100,,,,,,,,,,,,,,,,
2026-07-02T06:01:26.216832+00:00,2026-07-02T06:01:26.216639,3,2,112.25,0.1,112.2,4,112.0,100,111.8,150,,,,,,,,,,,,,,,112.3,148,112.5,100,,,,,,,,,,,,,,,,
2026-07-02T06:01:26.431021+00:00,2026-07-02T06:01:26.430894,3,2,112.25,0.1,112.2,3,112.0,100,111.8,150,,,,,,,,,,,,,,,112.3,148,112.5,100,,,,,,,,,,,,,,,,
2026-07-02T06:01:27.244433+00:00,2026-07-02T06:01:27.244639,3,2,112.25,0.1,112.2,2,112.0,100,111.8,150,,,,,,,,,,,,,,,112.3,148,112.5,100,,,,,,,,,,,,,,,,
2026-07-02T06:01:27.458648+00:00,2026-07-02T06:01:27.457396,3,2,112.25,0.1,112.2,1,112.0,100,111.8,150,,,,,,,,,,,,,,,112.3,148,112.5,100,,,,,,,,,,,,,,,,
2026-07-02T06:01:27.669796+00:00,2026-07-02T06:01:27.663706,2,2,112.15,0.3,112.0,100,111.8,150,,,,,,,,,,,,,,,,,112.3,148,112.5,100,,,,,,,,,,,,,,,,
2026-07-02T06:01:27.780090+00:00,2026-07-02T06:01:27.780039,2,2,112.15,0.3,112.0,100,111.8,150,,,,,,,,,,,,,,,,,112.3,98,112.5,100,,,,,,,,,,,,,,,,
2026-07-02T06:01:28.362106+00:00,2026-07-02T06:01:28.362269,1,1,112.25,0.5,112.0,100,,,,,,,,,,,,,,,,,,,112.5,100,,,,,,,,,,,,,,,,,,
2026-07-02T06:01:28.414024+00:00,2026-07-02T06:01:28.413898,2,1,112.3,0.4,112.1,150,112.0,100,,,,,,,,,,,,,,,,,112.5,100,,,,,,,,,,,,,,,,,,
2026-07-02T06:01:28.458601+00:00,2026-07-02T06:01:28.457844,2,1,112.3,0.4,112.1,150,112.0,100,,,,,,,,,,,,,,,,,112.5,109,,,,,,,,,,,,,,,,,,
2026-07-02T06:01:28.469573+00:00,2026-07-02T06:01:28.469480,2,2,112.3,0.4,112.1,150,112.0,100,,,,,,,,,,,,,,,,,112.5,109,112.6,150,,,,,,,,,,,,,,,,
2026-07-02T06:01:29.064644+00:00,2026-07-02T06:01:29.064608,1,2,112.3,0.4,112.1,150,,,,,,,,,,,,,,,,,,,112.5,9,112.6,150,,,,,,,,,,,,,,,,
2026-07-02T06:01:29.119412+00:00,2026-07-02T06:01:29.119305,2,2,112.3,0.4,112.1,150,112.0,100,,,,,,,,,,,,,,,,,112.5,9,112.6,150,,,,,,,,,,,,,,,,
2026-07-02T06:01:29.172015+00:00,2026-07-02T06:01:29.171974,2,2,112.3,0.4,112.1,150,112.0,100,,,,,,,,,,,,,,,,,112.5,109,112.6,150,,,,,,,,,,,,,,,,
2026-07-02T06:01:29.889383+00:00,2026-07-02T06:01:29.889534,2,2,112.3,0.4,112.1,150,112.0,100,,,,,,,,,,,,,,,,,112.5,59,112.6,150,,,,,,,,,,,,,,,,
2026-07-02T06:01:30.469719+00:00,2026-07-02T06:01:30.469542,2,2,112.3,0.4,112.1,150,112.0,100,,,,,,,,,,,,,,,,,112.5,65,112.6,150,,,,,,,,,,,,,,,,
2026-07-02T06:01:31.355679+00:00,2026-07-02T06:01:31.355599,3,2,112.35,0.3,112.2,2,112.1,150,112.0,100,,,,,,,,,,,,,,,112.5,65,112.6,150,,,,,,,,,,,,,,,,
2026-07-02T06:01:31.523638+00:00,2026-07-02T06:01:31.523516,2,1,112.35,0.3,112.2,2,112.0,100,,,,,,,,,,,,,,,,,112.5,65,,,,,,,,,,,,,,,,,,
2026-07-02T06:01:31.575963+00:00,2026-07-02T06:01:31.575890,2,1,112.35,0.3,112.2,2,112.0,250,,,,,,,,,,,,,,,,,112.5,65,,,,,,,,,,,,,,,,,,
2026-07-02T06:01:31.627287+00:00,2026-07-02T06:01:31.627175,2,1,112.35,0.3,112.2,2,112.0,250,,,,,,,,,,,,,,,,,112.5,215,,,,,,,,,,,,,,,,,,
2026-07-02T06:01:31.658613+00:00,2026-07-02T06:01:31.653399,2,1,112.35,0.3,112.2,2,112.0,250,,,,,,,,,,,,,,,,,112.5,168,,,,,,,,,,,,,,,,,,
2026-07-02T06:01:32.001938+00:00,2026-07-02T06:01:32.001855,2,1,112.35,0.3,112.2,2,112.0,250,,,,,,,,,,,,,,,,,112.5,118,,,,,,,,,,,,,,,,,,
2026-07-02T06:01:32.163639+00:00,2026-07-02T06:01:32.163851,2,1,112.35,0.3,112.2,2,112.0,250,,,,,,,,,,,,,,,,,112.5,71,,,,,,,,,,,,,,,,,,
2026-07-02T06:01:32.226055+00:00,2026-07-02T06:01:32.226190,2,1,112.35,0.3,112.2,2,112.0,150,,,,,,,,,,,,,,,,,112.5,71,,,,,,,,,,,,,,,,,,
2026-07-02T06:01:32.279582+00:00,2026-07-02T06:01:32.279504,3,1,112.45,0.1,112.4,100,112.2,2,112.0,150,,,,,,,,,,,,,,,112.5,71,,,,,,,,,,,,,,,,,,
2026-07-02T06:01:32.330389+00:00,2026-07-02T06:01:32.330335,3,2,112.45,0.1,112.4,100,112.2,2,112.0,150,,,,,,,,,,,,,,,112.5,71,112.9,100,,,,,,,,,,,,,,,,
2026-07-02T06:01:32.394559+00:00,2026-07-02T06:01:32.394423,3,2,112.45,0.1,112.4,100,112.2,2,112.0,150,,,,,,,,,,,,,,,112.5,77,112.9,100,,,,,,,,,,,,,,,,
2026-07-02T06:01:32.991643+00:00,2026-07-02T06:01:32.991792,3,2,112.45,0.1,112.4,100,112.2,2,112.0,150,,,,,,,,,,,,,,,112.5,75,112.9,100,,,,,,,,,,,,,,,,
2026-07-02T06:01:33.234337+00:00,2026-07-02T06:01:33.234209,3,2,112.45,0.1,112.4,53,112.2,2,112.0,150,,,,,,,,,,,,,,,112.5,75,112.9,100,,,,,,,,,,,,,,,,
2026-07-02T06:01:33.708887+00:00,2026-07-02T06:01:33.709107,3,2,112.45,0.1,112.4,53,112.2,2,112.0,150,,,,,,,,,,,,,,,112.5,74,112.9,100,,,,,,,,,,,,,,,,
2026-07-02T06:01:34.158724+00:00,2026-07-02T06:01:34.152383,3,2,112.45,0.1,112.4,3,112.2,2,112.0,150,,,,,,,,,,,,,,,112.5,74,112.9,100,,,,,,,,,,,,,,,,
2026-07-02T06:01:34.227362+00:00,2026-07-02T06:01:34.227265,3,2,112.45,0.1,112.4,3,112.2,2,112.0,150,,,,,,,,,,,,,,,112.5,31,112.9,100,,,,,,,,,,,,,,,,
2026-07-02T06:01:34.685995+00:00,2026-07-02T06:01:34.686205,2,2,112.45,0.1,112.4,3,112.2,2,,,,,,,,,,,,,,,,,112.5,3,112.9,100,,,,,,,,,,,,,,,,
2026-07-02T06:01:34.750054+00:00,2026-07-02T06:01:34.743451,3,1,112.8,0.2,112.7,134,112.4,3,112.2,2,,,,,,,,,,,,,,,112.9,100,,,,,,,,,,,,,,,,,,
2026-07-02T06:01:34.791689+00:00,2026-07-02T06:01:34.791636,3,2,112.8,0.2,112.7,134,112.4,3,112.2,2,,,,,,,,,,,,,,,112.9,100,113.2,150,,,,,,,,,,,,,,,,
2026-07-02T06:01:34.833699+00:00,2026-07-02T06:01:34.833561,3,2,112.8,0.2,112.7,109,112.4,3,112.2,2,,,,,,,,,,,,,,,112.9,100,113.2,150,,,,,,,,,,,,,,,,
2026-07-02T06:01:34.938686+00:00,2026-07-02T06:01:34.930722,3,2,112.8,0.2,112.7,97,112.4,3,112.2,2,,,,,,,,,,,,,,,112.9,100,113.2,150,,,,,,,,,,,,,,,,
2026-07-02T06:01:35.041548+00:00,2026-07-02T06:01:35.041431,3,2,112.8,0.2,112.7,72,112.4,3,112.2,2,,,,,,,,,,,,,,,112.9,100,113.2,150,,,,,,,,,,,,,,,,
2026-07-02T06:01:35.311377+00:00,2026-07-02T06:01:35.311326,2,2,112.8,0.2,112.7,72,112.4,3,,,,,,,,,,,,,,,,,112.9,100,113.2,150,,,,,,,,,,,,,,,,
2026-07-02T06:01:35.386462+00:00,2026-07-02T06:01:35.386297,1,1,112.95,0.5,112.7,72,,,,,,,,,,,,,,,,,,,113.2,150,,,,,,,,,,,,,,,,,,
2026-07-02T06:01:35.438979+00:00,2026-07-02T06:01:35.438904,2,1,112.95,0.5,112.7,72,112.2,100,,,,,,,,,,,,,,,,,113.2,150,,,,,,,,,,,,,,,,,,
2026-07-02T06:01:35.495879+00:00,2026-07-02T06:01:35.496007,1,2,112.45,0.5,112.2,100,,,,,,,,,,,,,,,,,,,112.7,28,113.2,150,,,,,,,,,,,,,,,,
2026-07-02T06:01:35.721360+00:00,2026-07-02T06:01:35.715223,1,2,112.45,0.5,112.2,100,,,,,,,,,,,,,,,,,,,112.7,28,113.2,150,,,,,,,,,,,,,,,,
2026-07-02T06:01:35.939827+00:00,2026-07-02T06:01:35.939767,1,3,112.4,0.4,112.2,100,,,,,,,,,,,,,,,,,,,112.6,7,112.7,28,113.2,150,,,,,,,,,,,,,,
2026-07-02T06:01:35.948815+00:00,2026-07-02T06:01:35.943466,1,3,112.4,0.4,112.2,100,,,,,,,,,,,,,,,,,,,112.6,3,112.7,28,113.2,150,,,,,,,,,,,,,,
2026-07-02T06:01:36.268718+00:00,2026-07-02T06:01:36.268823,1,3,112.4,0.4,112.2,50,,,,,,,,,,,,,,,,,,,112.6,3,112.7,28,113.2,150,,,,,,,,,,,,,,
2026-07-02T06:01:36.475769+00:00,2026-07-02T06:01:36.475637,2,3,112.45,0.3,112.3,1,112.2,50,,,,,,,,,,,,,,,,,112.6,3,112.7,28,113.2,150,,,,,,,,,,,,,,
2026-07-02T06:01:37.866077+00:00,2026-07-02T06:01:37.865918,2,2,112.45,0.3,112.3,1,112.2,50,,,,,,,,,,,,,,,,,112.6,3,112.7,28,,,,,,,,,,,,,,,,
2026-07-02T06:01:37.923130+00:00,2026-07-02T06:01:37.923018,3,2,112.45,0.3,112.3,1,112.2,50,112.0,150,,,,,,,,,,,,,,,112.6,3,112.7,28,,,,,,,,,,,,,,,,
2026-07-02T06:01:37.975815+00:00,2026-07-02T06:01:37.975787,3,3,112.4,0.2,112.3,1,112.2,50,112.0,150,,,,,,,,,,,,,,,112.5,150,112.6,3,112.7,28,,,,,,,,,,,,,,
2026-07-02T06:01:38.372158+00:00,2026-07-02T06:01:38.372315,2,3,112.35,0.3,112.2,1,112.0,150,,,,,,,,,,,,,,,,,112.5,150,112.6,3,112.7,28,,,,,,,,,,,,,,
2026-07-02T06:01:38.397765+00:00,2026-07-02T06:01:38.397848,3,3,112.4,0.2,112.3,1,112.2,1,112.0,150,,,,,,,,,,,,,,,112.5,150,112.6,3,112.7,28,,,,,,,,,,,,,,
2026-07-02T06:01:38.469425+00:00,2026-07-02T06:01:38.469330,2,3,112.35,0.3,112.2,1,112.0,150,,,,,,,,,,,,,,,,,112.5,150,112.6,3,112.7,28,,,,,,,,,,,,,,
2026-07-02T06:01:38.563894+00:00,2026-07-02T06:01:38.564094,1,2,112.25,0.5,112.0,150,,,,,,,,,,,,,,,,,,,112.5,150,112.6,3,,,,,,,,,,,,,,,,
2026-07-02T06:01:38.612702+00:00,2026-07-02T06:01:38.612670,1,2,112.25,0.5,112.0,250,,,,,,,,,,,,,,,,,,,112.5,150,112.6,3,,,,,,,,,,,,,,,,
2026-07-02T06:01:38.658606+00:00,2026-07-02T06:01:38.657312,1,2,112.25,0.5,112.0,250,,,,,,,,,,,,,,,,,,,112.5,250,112.6,3,,,,,,,,,,,,,,,,
2026-07-02T06:01:39.215520+00:00,2026-07-02T06:01:39.215443,2,2,112.4,0.2,112.3,1,112.0,250,,,,,,,,,,,,,,,,,112.5,250,112.6,3,,,,,,,,,,,,,,,,
2026-07-02T06:01:39.751493+00:00,2026-07-02T06:01:39.751640,1,2,112.25,0.5,112.0,250,,,,,,,,,,,,,,,,,,,112.5,250,112.6,3,,,,,,,,,,,,,,,,
2026-07-02T06:01:40.376251+00:00,2026-07-02T06:01:40.376371,1,2,112.25,0.5,112.0,205,,,,,,,,,,,,,,,,,,,112.5,250,112.6,3,,,,,,,,,,,,,,,,
2026-07-02T06:01:41.027208+00:00,2026-07-02T06:01:41.027116,1,2,112.25,0.5,112.0,100,,,,,,,,,,,,,,,,,,,112.5,100,112.6,3,,,,,,,,,,,,,,,,
2026-07-02T06:01:41.083742+00:00,2026-07-02T06:01:41.083654,2,2,112.25,0.5,112.0,100,111.8,150,,,,,,,,,,,,,,,,,112.5,100,112.6,3,,,,,,,,,,,,,,,,
2026-07-02T06:01:41.137209+00:00,2026-07-02T06:01:41.137340,2,3,112.15,0.3,112.0,100,111.8,150,,,,,,,,,,,,,,,,,112.3,150,112.5,100,112.6,3,,,,,,,,,,,,,,
2026-07-02T06:01:41.151650+00:00,2026-07-02T06:01:41.141702,2,3,112.15,0.3,112.0,100,111.8,150,,,,,,,,,,,,,,,,,112.3,139,112.5,100,112.6,3,,,,,,,,,,,,,,
2026-07-02T06:01:41.176345+00:00,2026-07-02T06:01:41.170921,2,3,112.15,0.3,112.0,100,111.8,150,,,,,,,,,,,,,,,,,112.3,138,112.5,100,112.6,3,,,,,,,,,,,,,,
2026-07-02T06:01:41.358619+00:00,2026-07-02T06:01:41.353928,2,3,112.15,0.3,112.0,59,111.8,150,,,,,,,,,,,,,,,,,112.3,138,112.5,100,112.6,3,,,,,,,,,,,,,,
2026-07-02T06:01:41.504632+00:00,2026-07-02T06:01:41.498946,2,3,112.15,0.3,112.0,59,111.8,150,,,,,,,,,,,,,,,,,112.3,136,112.5,100,112.6,3,,,,,,,,,,,,,,
2026-07-02T06:01:41.721483+00:00,2026-07-02T06:01:41.721411,1,2,112.05,0.5,111.8,150,,,,,,,,,,,,,,,,,,,112.3,136,112.6,3,,,,,,,,,,,,,,,,
2026-07-02T06:01:41.782447+00:00,2026-07-02T06:01:41.782306,2,2,112.1,0.4,111.9,100,111.8,150,,,,,,,,,,,,,,,,,112.3,136,112.6,3,,,,,,,,,,,,,,,,
2026-07-02T06:01:41.830173+00:00,2026-07-02T06:01:41.830043,2,3,112.1,0.4,111.9,100,111.8,150,,,,,,,,,,,,,,,,,112.3,136,112.4,100,112.6,3,,,,,,,,,,,,,,
2026-07-02T06:01:42.533269+00:00,2026-07-02T06:01:42.533405,2,3,112.1,0.4,111.9,100,111.8,150,,,,,,,,,,,,,,,,,112.3,86,112.4,100,112.6,3,,,,,,,,,,,,,,
2026-07-02T06:01:42.870484+00:00,2026-07-02T06:01:42.870633,2,3,112.1,0.4,111.9,100,111.8,150,,,,,,,,,,,,,,,,,112.3,61,112.4,100,112.6,3,,,,,,,,,,,,,,
2026-07-02T06:01:43.079717+00:00,2026-07-02T06:01:43.079607,2,3,112.1,0.4,111.9,100,111.8,150,,,,,,,,,,,,,,,,,112.3,36,112.4,100,112.6,3,,,,,,,,,,,,,,
2026-07-02T06:01:43.290166+00:00,2026-07-02T06:01:43.290093,2,3,112.1,0.4,111.9,100,111.8,150,,,,,,,,,,,,,,,,,112.3,11,112.4,100,112.6,3,,,,,,,,,,,,,,
2026-07-02T06:01:43.499993+00:00,2026-07-02T06:01:43.499797,2,2,112.15,0.5,111.9,100,111.8,150,,,,,,,,,,,,,,,,,112.4,100,112.6,3,,,,,,,,,,,,,,,,
2026-07-02T06:01:43.710079+00:00,2026-07-02T06:01:43.710153,2,2,112.15,0.5,111.9,100,111.8,150,,,,,,,,,,,,,,,,,112.4,75,112.6,3,,,,,,,,,,,,,,,,
2026-07-02T06:01:43.927175+00:00,2026-07-02T06:01:43.927105,2,2,112.15,0.5,111.9,100,111.8,150,,,,,,,,,,,,,,,,,112.4,50,112.6,3,,,,,,,,,,,,,,,,
2026-07-02T06:01:44.192043+00:00,2026-07-02T06:01:44.191941,1,2,112.15,0.5,111.9,100,,,,,,,,,,,,,,,,,,,112.4,50,112.6,3,,,,,,,,,,,,,,,,
2026-07-02T06:01:44.245495+00:00,2026-07-02T06:01:44.245468,2,0,,,112.6,97,111.9,100,,,,,,,,,,,,,,,,,,,,,,,,,,,,,,,,,,,,
2026-07-02T06:01:44.302523+00:00,2026-07-02T06:01:44.302457,2,1,112.85,0.5,112.6,97,111.9,100,,,,,,,,,,,,,,,,,113.1,150,,,,,,,,,,,,,,,,,,
2026-07-02T06:01:44.335833+00:00,2026-07-02T06:01:44.335701,2,1,112.85,0.5,112.6,89,111.9,100,,,,,,,,,,,,,,,,,113.1,150,,,,,,,,,,,,,,,,,,
2026-07-02T06:01:44.639701+00:00,2026-07-02T06:01:44.639934,2,1,112.85,0.5,112.6,84,111.9,100,,,,,,,,,,,,,,,,,113.1,150,,,,,,,,,,,,,,,,,,
2026-07-02T06:01:44.883548+00:00,2026-07-02T06:01:44.883490,1,1,112.85,0.5,112.6,84,,,,,,,,,,,,,,,,,,,113.1,150,,,,,,,,,,,,,,,,,,
2026-07-02T06:01:44.937011+00:00,2026-07-02T06:01:44.936849,2,1,112.85,0.5,112.6,84,112.4,100,,,,,,,,,,,,,,,,,113.1,150,,,,,,,,,,,,,,,,,,
2026-07-02T06:01:44.989863+00:00,2026-07-02T06:01:44.989794,2,2,112.75,0.3,112.6,84,112.4,100,,,,,,,,,,,,,,,,,112.9,100,113.1,150,,,,,,,,,,,,,,,,
2026-07-02T06:01:45.058728+00:00,2026-07-02T06:01:45.058677,2,2,112.75,0.3,112.6,80,112.4,100,,,,,,,,,,,,,,,,,112.9,100,113.1,150,,,,,,,,,,,,,,,,
2026-07-02T06:01:45.405942+00:00,2026-07-02T06:01:45.405830,2,2,112.75,0.3,112.6,78,112.4,100,,,,,,,,,,,,,,,,,112.9,100,113.1,150,,,,,,,,,,,,,,,,
2026-07-02T06:01:46.378143+00:00,2026-07-02T06:01:46.378089,3,2,112.75,0.3,112.6,78,112.4,100,112.3,1,,,,,,,,,,,,,,,112.9,100,113.1,150,,,,,,,,,,,,,,,,
2026-07-02T06:01:47.358678+00:00,2026-07-02T06:01:47.356272,2,1,112.65,0.5,112.4,100,112.3,1,,,,,,,,,,,,,,,,,112.9,100,,,,,,,,,,,,,,,,,,
2026-07-02T06:01:47.429296+00:00,2026-07-02T06:01:47.429150,2,1,112.65,0.5,112.4,100,112.3,151,,,,,,,,,,,,,,,,,112.9,100,,,,,,,,,,,,,,,,,,
2026-07-02T06:01:47.477701+00:00,2026-07-02T06:01:47.477583,2,2,112.6,0.4,112.4,100,112.3,151,,,,,,,,,,,,,,,,,112.8,150,112.9,100,,,,,,,,,,,,,,,,
2026-07-02T06:01:48.040824+00:00,2026-07-02T06:01:48.040717,2,1,112.6,0.4,112.4,100,112.3,151,,,,,,,,,,,,,,,,,112.8,150,,,,,,,,,,,,,,,,,,
2026-07-02T06:01:48.045792+00:00,2026-07-02T06:01:48.045864,1,1,112.55,0.5,112.3,151,,,,,,,,,,,,,,,,,,,112.8,150,,,,,,,,,,,,,,,,,,
2026-07-02T06:01:48.098531+00:00,2026-07-02T06:01:48.098408,1,1,112.55,0.5,112.3,251,,,,,,,,,,,,,,,,,,,112.8,150,,,,,,,,,,,,,,,,,,
2026-07-02T06:01:48.175312+00:00,2026-07-02T06:01:48.175111,1,1,112.55,0.5,112.3,251,,,,,,,,,,,,,,,,,,,112.8,250,,,,,,,,,,,,,,,,,,
2026-07-02T06:01:48.277396+00:00,2026-07-02T06:01:48.277311,1,1,112.55,0.5,112.3,250,,,,,,,,,,,,,,,,,,,112.8,250,,,,,,,,,,,,,,,,,,
2026-07-02T06:01:50.493905+00:00,2026-07-02T06:01:50.493873,1,1,112.55,0.5,112.3,207,,,,,,,,,,,,,,,,,,,112.8,250,,,,,,,,,,,,,,,,,,
2026-07-02T06:01:50.531601+00:00,2026-07-02T06:01:50.531535,1,1,112.55,0.5,112.3,100,,,,,,,,,,,,,,,,,,,112.8,100,,,,,,,,,,,,,,,,,,
2026-07-02T06:01:50.584910+00:00,2026-07-02T06:01:50.584850,2,1,112.55,0.5,112.3,100,111.8,150,,,,,,,,,,,,,,,,,112.8,100,,,,,,,,,,,,,,,,,,
2026-07-02T06:01:50.637848+00:00,2026-07-02T06:01:50.637723,1,2,112.05,0.5,111.8,150,,,,,,,,,,,,,,,,,,,112.3,50,112.8,100,,,,,,,,,,,,,,,,
2026-07-02T06:01:50.785545+00:00,2026-07-02T06:01:50.785483,1,2,112.05,0.5,111.8,150,,,,,,,,,,,,,,,,,,,112.3,25,112.8,100,,,,,,,,,,,,,,,,
2026-07-02T06:01:51.003682+00:00,2026-07-02T06:01:51.003853,1,2,112.05,0.5,111.8,100,,,,,,,,,,,,,,,,,,,112.3,25,112.8,100,,,,,,,,,,,,,,,,
2026-07-02T06:01:51.229758+00:00,2026-07-02T06:01:51.229661,1,1,112.05,0.5,111.8,100,,,,,,,,,,,,,,,,,,,112.3,25,,,,,,,,,,,,,,,,,,
2026-07-02T06:01:51.281946+00:00,2026-07-02T06:01:51.281832,2,1,112.15,0.3,112.0,100,111.8,100,,,,,,,,,,,,,,,,,112.3,25,,,,,,,,,,,,,,,,,,
2026-07-02T06:01:51.332415+00:00,2026-07-02T06:01:51.332308,2,2,112.15,0.3,112.0,100,111.8,100,,,,,,,,,,,,,,,,,112.3,25,112.5,100,,,,,,,,,,,,,,,,
2026-07-02T06:01:52.719106+00:00,2026-07-02T06:01:52.719061,2,1,112.25,0.5,112.0,100,111.8,100,,,,,,,,,,,,,,,,,112.5,78,,,,,,,,,,,,,,,,,,
2026-07-02T06:01:53.111461+00:00,2026-07-02T06:01:53.111399,2,1,112.25,0.5,112.0,50,111.8,100,,,,,,,,,,,,,,,,,112.5,78,,,,,,,,,,,,,,,,,,
2026-07-02T06:01:53.703669+00:00,2026-07-02T06:01:53.703573,1,1,112.25,0.5,112.0,50,,,,,,,,,,,,,,,,,,,112.5,78,,,,,,,,,,,,,,,,,,
2026-07-02T06:01:53.747695+00:00,2026-07-02T06:01:53.747632,2,1,112.4,0.2,112.3,150,112.0,50,,,,,,,,,,,,,,,,,112.5,78,,,,,,,,,,,,,,,,,,
2026-07-02T06:01:53.803611+00:00,2026-07-02T06:01:53.803538,2,2,112.4,0.2,112.3,150,112.0,50,,,,,,,,,,,,,,,,,112.5,78,112.8,150,,,,,,,,,,,,,,,,
2026-07-02T06:01:53.841697+00:00,2026-07-02T06:01:53.841657,2,2,112.4,0.2,112.3,150,112.0,50,,,,,,,,,,,,,,,,,112.5,36,112.8,150,,,,,,,,,,,,,,,,
2026-07-02T06:01:53.895987+00:00,2026-07-02T06:01:53.895888,2,2,112.4,0.2,112.3,105,112.0,50,,,,,,,,,,,,,,,,,112.5,36,112.8,150,,,,,,,,,,,,,,,,
2026-07-02T06:01:54.387241+00:00,2026-07-02T06:01:54.387157,1,1,112.55,0.5,112.3,105,,,,,,,,,,,,,,,,,,,112.8,150,,,,,,,,,,,,,,,,,,
2026-07-02T06:01:54.437238+00:00,2026-07-02T06:01:54.437189,2,1,112.55,0.5,112.3,105,111.8,100,,,,,,,,,,,,,,,,,112.8,150,,,,,,,,,,,,,,,,,,
2026-07-02T06:01:54.494543+00:00,2026-07-02T06:01:54.494436,2,1,112.55,0.5,112.3,5,111.8,100,,,,,,,,,,,,,,,,,112.8,150,,,,,,,,,,,,,,,,,,
2026-07-02T06:01:55.217367+00:00,2026-07-02T06:01:55.217251,1,1,112.3,1.0,111.8,55,,,,,,,,,,,,,,,,,,,112.8,150,,,,,,,,,,,,,,,,,,
2026-07-02T06:01:55.446101+00:00,2026-07-02T06:01:55.445913,2,1,112.55,0.5,112.3,4,111.8,55,,,,,,,,,,,,,,,,,112.8,150,,,,,,,,,,,,,,,,,,
2026-07-02T06:01:56.858593+00:00,2026-07-02T06:01:56.854724,2,0,,,112.3,4,111.8,55,,,,,,,,,,,,,,,,,,,,,,,,,,,,,,,,,,,,
2026-07-02T06:01:56.912545+00:00,2026-07-02T06:01:56.912496,2,0,,,112.3,4,111.8,205,,,,,,,,,,,,,,,,,,,,,,,,,,,,,,,,,,,,
2026-07-02T06:01:56.965737+00:00,2026-07-02T06:01:56.963255,1,1,112.05,0.5,111.8,205,,,,,,,,,,,,,,,,,,,112.3,146,,,,,,,,,,,,,,,,,,
2026-07-02T06:01:57.325765+00:00,2026-07-02T06:01:57.325637,1,1,112.05,0.5,111.8,155,,,,,,,,,,,,,,,,,,,112.3,146,,,,,,,,,,,,,,,,,,
2026-07-02T06:01:57.549756+00:00,2026-07-02T06:01:57.549690,1,1,112.05,0.5,111.8,150,,,,,,,,,,,,,,,,,,,112.3,146,,,,,,,,,,,,,,,,,,
2026-07-02T06:01:57.602409+00:00,2026-07-02T06:01:57.602490,2,1,112.1,0.4,111.9,100,111.8,150,,,,,,,,,,,,,,,,,112.3,146,,,,,,,,,,,,,,,,,,
2026-07-02T06:01:57.654505+00:00,2026-07-02T06:01:57.654411,2,2,112.1,0.4,111.9,100,111.8,150,,,,,,,,,,,,,,,,,112.3,146,112.4,100,,,,,,,,,,,,,,,,
2026-07-02T06:01:58.157159+00:00,2026-07-02T06:01:58.157071,2,2,112.1,0.4,111.9,100,111.8,150,,,,,,,,,,,,,,,,,112.3,99,112.4,100,,,,,,,,,,,,,,,,
2026-07-02T06:01:58.621423+00:00,2026-07-02T06:01:58.621353,2,2,112.1,0.4,111.9,100,111.8,150,,,,,,,,,,,,,,,,,112.3,94,112.4,100,,,,,,,,,,,,,,,,
2026-07-02T06:02:00.020574+00:00,2026-07-02T06:02:00.020484,1,1,112.15,0.5,111.9,100,,,,,,,,,,,,,,,,,,,112.4,100,,,,,,,,,,,,,,,,,,
2026-07-02T06:02:00.074183+00:00,2026-07-02T06:02:00.074086,2,1,112.25,0.3,112.1,150,111.9,100,,,,,,,,,,,,,,,,,112.4,100,,,,,,,,,,,,,,,,,,
2026-07-02T06:02:00.126725+00:00,2026-07-02T06:02:00.126848,2,2,112.25,0.3,112.1,150,111.9,100,,,,,,,,,,,,,,,,,112.4,100,112.6,150,,,,,,,,,,,,,,,,
2026-07-02T06:02:00.708572+00:00,2026-07-02T06:02:00.708485,1,1,112.35,0.5,112.1,150,,,,,,,,,,,,,,,,,,,112.6,150,,,,,,,,,,,,,,,,,,
2026-07-02T06:02:00.758575+00:00,2026-07-02T06:02:00.757686,2,1,112.35,0.5,112.1,150,111.9,100,,,,,,,,,,,,,,,,,112.6,150,,,,,,,,,,,,,,,,,,
2026-07-02T06:02:00.816008+00:00,2026-07-02T06:02:00.815946,2,2,112.25,0.3,112.1,150,111.9,100,,,,,,,,,,,,,,,,,112.4,100,112.6,150,,,,,,,,,,,,,,,,
2026-07-02T06:02:01.269854+00:00,2026-07-02T06:02:01.269763,2,2,112.25,0.3,112.1,150,111.9,100,,,,,,,,,,,,,,,,,112.4,58,112.6,150,,,,,,,,,,,,,,,,
2026-07-02T06:02:01.322195+00:00,2026-07-02T06:02:01.322057,2,2,112.25,0.3,112.1,109,111.9,100,,,,,,,,,,,,,,,,,112.4,58,112.6,150,,,,,,,,,,,,,,,,
2026-07-02T06:02:01.585930+00:00,2026-07-02T06:02:01.585854,3,2,112.3,0.2,112.2,5,112.1,109,111.9,100,,,,,,,,,,,,,,,112.4,58,112.6,150,,,,,,,,,,,,,,,,
2026-07-02T06:02:02.375571+00:00,2026-07-02T06:02:02.375663,3,2,112.3,0.2,112.2,5,112.1,109,111.9,100,,,,,,,,,,,,,,,112.4,16,112.6,150,,,,,,,,,,,,,,,,
2026-07-02T06:02:02.876967+00:00,2026-07-02T06:02:02.877128,2,2,112.25,0.3,112.1,68,111.9,100,,,,,,,,,,,,,,,,,112.4,16,112.6,150,,,,,,,,,,,,,,,,
2026-07-02T06:02:03.180094+00:00,2026-07-02T06:02:03.180228,1,1,112.15,0.5,111.9,100,,,,,,,,,,,,,,,,,,,112.4,16,,,,,,,,,,,,,,,,,,
2026-07-02T06:02:03.234126+00:00,2026-07-02T06:02:03.234227,2,1,112.15,0.5,111.9,100,111.6,150,,,,,,,,,,,,,,,,,112.4,16,,,,,,,,,,,,,,,,,,
2026-07-02T06:02:03.300557+00:00,2026-07-02T06:02:03.300306,2,2,112.0,0.2,111.9,100,111.6,150,,,,,,,,,,,,,,,,,112.1,150,112.4,16,,,,,,,,,,,,,,,,
2026-07-02T06:02:03.329880+00:00,2026-07-02T06:02:03.329807,2,2,112.0,0.2,111.9,100,111.6,150,,,,,,,,,,,,,,,,,112.1,145,112.4,16,,,,,,,,,,,,,,,,
2026-07-02T06:02:03.334890+00:00,2026-07-02T06:02:03.334979,2,3,112.0,0.2,111.9,100,111.6,150,,,,,,,,,,,,,,,,,112.1,145,112.4,16,112.5,1,,,,,,,,,,,,,,
2026-07-02T06:02:03.593615+00:00,2026-07-02T06:02:03.593561,2,3,112.0,0.2,111.9,100,111.6,150,,,,,,,,,,,,,,,,,112.1,95,112.4,16,112.5,1,,,,,,,,,,,,,,
2026-07-02T06:02:03.670022+00:00,2026-07-02T06:02:03.670172,2,3,112.0,0.2,111.9,100,111.6,150,,,,,,,,,,,,,,,,,112.1,90,112.4,16,112.5,1,,,,,,,,,,,,,,
2026-07-02T06:02:03.869569+00:00,2026-07-02T06:02:03.869491,1,2,111.85,0.5,111.6,150,,,,,,,,,,,,,,,,,,,112.1,90,112.5,1,,,,,,,,,,,,,,,,
2026-07-02T06:02:03.906258+00:00,2026-07-02T06:02:03.906128,1,2,111.85,0.5,111.6,150,,,,,,,,,,,,,,,,,,,112.1,45,112.5,1,,,,,,,,,,,,,,,,
2026-07-02T06:02:03.921843+00:00,2026-07-02T06:02:03.921809,2,1,112.3,0.4,112.1,55,111.6,150,,,,,,,,,,,,,,,,,112.5,1,,,,,,,,,,,,,,,,,,
2026-07-02T06:02:03.990632+00:00,2026-07-02T06:02:03.990527,2,2,112.3,0.4,112.1,55,111.6,150,,,,,,,,,,,,,,,,,112.5,1,112.6,100,,,,,,,,,,,,,,,,
2026-07-02T06:02:05.729718+00:00,2026-07-02T06:02:05.729564,2,1,112.35,0.5,112.1,55,111.6,150,,,,,,,,,,,,,,,,,112.6,51,,,,,,,,,,,,,,,,,,
2026-07-02T06:02:05.774297+00:00,2026-07-02T06:02:05.774249,3,1,112.4,0.4,112.2,4,112.1,55,111.6,150,,,,,,,,,,,,,,,112.6,51,,,,,,,,,,,,,,,,,,
2026-07-02T06:02:06.369638+00:00,2026-07-02T06:02:06.369594,2,1,112.4,0.4,112.2,4,112.1,55,,,,,,,,,,,,,,,,,112.6,51,,,,,,,,,,,,,,,,,,
2026-07-02T06:02:06.423052+00:00,2026-07-02T06:02:06.422968,3,1,112.45,0.3,112.3,150,112.2,4,112.1,55,,,,,,,,,,,,,,,112.6,51,,,,,,,,,,,,,,,,,,
2026-07-02T06:02:06.479633+00:00,2026-07-02T06:02:06.479749,3,2,112.45,0.3,112.3,150,112.2,4,112.1,55,,,,,,,,,,,,,,,112.6,51,112.8,150,,,,,,,,,,,,,,,,
2026-07-02T06:02:07.039602+00:00,2026-07-02T06:02:07.039541,2,2,112.4,0.2,112.3,150,112.2,4,,,,,,,,,,,,,,,,,112.5,2,112.8,150,,,,,,,,,,,,,,,,
2026-07-02T06:02:07.095262+00:00,2026-07-02T06:02:07.095096,3,2,112.4,0.2,112.3,150,112.2,4,112.1,100,,,,,,,,,,,,,,,112.5,2,112.8,150,,,,,,,,,,,,,,,,
2026-07-02T06:02:07.148218+00:00,2026-07-02T06:02:07.148131,3,3,112.4,0.2,112.3,150,112.2,4,112.1,100,,,,,,,,,,,,,,,112.5,2,112.6,100,112.8,150,,,,,,,,,,,,,,
2026-07-02T06:02:08.373466+00:00,2026-07-02T06:02:08.373339,3,2,112.45,0.3,112.3,150,112.2,4,112.1,100,,,,,,,,,,,,,,,112.6,100,112.8,150,,,,,,,,,,,,,,,,
2026-07-02T06:02:09.534970+00:00,2026-07-02T06:02:09.534865,2,1,112.4,0.4,112.2,4,112.1,100,,,,,,,,,,,,,,,,,112.6,100,,,,,,,,,,,,,,,,,,
2026-07-02T06:02:09.590209+00:00,2026-07-02T06:02:09.590107,2,1,112.4,0.4,112.2,154,112.1,100,,,,,,,,,,,,,,,,,112.6,100,,,,,,,,,,,,,,,,,,
2026-07-02T06:02:09.640290+00:00,2026-07-02T06:02:09.640165,2,2,112.4,0.4,112.2,154,112.1,100,,,,,,,,,,,,,,,,,112.6,100,112.7,150,,,,,,,,,,,,,,,,
2026-07-02T06:02:10.022565+00:00,2026-07-02T06:02:10.022479,2,2,112.4,0.4,112.2,104,112.1,100,,,,,,,,,,,,,,,,,112.6,100,112.7,150,,,,,,,,,,,,,,,,
2026-07-02T06:02:10.039071+00:00,2026-07-02T06:02:10.038934,2,2,112.4,0.4,112.2,62,112.1,100,,,,,,,,,,,,,,,,,112.6,100,112.7,150,,,,,,,,,,,,,,,,
2026-07-02T06:02:10.175877+00:00,2026-07-02T06:02:10.175758,3,2,112.45,0.3,112.3,5,112.2,62,112.1,100,,,,,,,,,,,,,,,112.6,100,112.7,150,,,,,,,,,,,,,,,,
2026-07-02T06:02:10.199149+00:00,2026-07-02T06:02:10.199054,2,1,112.5,0.4,112.3,5,112.2,62,,,,,,,,,,,,,,,,,112.7,150,,,,,,,,,,,,,,,,,,
2026-07-02T06:02:10.258676+00:00,2026-07-02T06:02:10.250357,3,1,112.5,0.4,112.3,5,112.2,62,112.1,100,,,,,,,,,,,,,,,112.7,150,,,,,,,,,,,,,,,,,,
2026-07-02T06:02:10.304733+00:00,2026-07-02T06:02:10.304649,3,2,112.45,0.3,112.3,5,112.2,62,112.1,100,,,,,,,,,,,,,,,112.6,100,112.7,150,,,,,,,,,,,,,,,,
2026-07-02T06:02:12.076450+00:00,2026-07-02T06:02:12.076342,3,2,112.45,0.3,112.3,5,112.2,62,112.1,100,,,,,,,,,,,,,,,112.6,50,112.7,150,,,,,,,,,,,,,,,,
2026-07-02T06:02:12.303995+00:00,2026-07-02T06:02:12.304125,3,2,112.45,0.3,112.3,5,112.2,62,112.1,100,,,,,,,,,,,,,,,112.6,51,112.7,150,,,,,,,,,,,,,,,,
2026-07-02T06:02:12.693297+00:00,2026-07-02T06:02:12.693205,2,1,112.45,0.3,112.3,5,112.1,100,,,,,,,,,,,,,,,,,112.6,51,,,,,,,,,,,,,,,,,,
2026-07-02T06:02:12.750740+00:00,2026-07-02T06:02:12.750650,3,1,112.45,0.3,112.3,5,112.1,100,111.8,150,,,,,,,,,,,,,,,112.6,51,,,,,,,,,,,,,,,,,,
2026-07-02T06:02:12.803553+00:00,2026-07-02T06:02:12.803406,2,2,112.2,0.2,112.1,100,111.8,150,,,,,,,,,,,,,,,,,112.3,145,112.6,51,,,,,,,,,,,,,,,,
2026-07-02T06:02:12.914160+00:00,2026-07-02T06:02:12.914032,2,2,112.2,0.2,112.1,100,111.8,150,,,,,,,,,,,,,,,,,112.3,140,112.6,51,,,,,,,,,,,,,,,,
2026-07-02T06:02:13.358604+00:00,2026-07-02T06:02:13.357827,1,2,112.05,0.5,111.8,150,,,,,,,,,,,,,,,,,,,112.3,140,112.6,1,,,,,,,,,,,,,,,,
2026-07-02T06:02:13.418112+00:00,2026-07-02T06:02:13.418063,2,2,112.2,0.2,112.1,100,111.8,150,,,,,,,,,,,,,,,,,112.3,140,112.6,1,,,,,,,,,,,,,,,,
2026-07-02T06:02:13.472842+00:00,2026-07-02T06:02:13.472727,2,2,112.2,0.2,112.1,100,111.8,150,,,,,,,,,,,,,,,,,112.3,140,112.6,101,,,,,,,,,,,,,,,,
2026-07-02T06:02:14.212270+00:00,2026-07-02T06:02:14.212416,2,2,112.2,0.2,112.1,100,111.8,150,,,,,,,,,,,,,,,,,112.3,90,112.6,101,,,,,,,,,,,,,,,,
2026-07-02T06:02:14.344731+00:00,2026-07-02T06:02:14.344669,2,2,112.2,0.2,112.1,59,111.8,150,,,,,,,,,,,,,,,,,112.3,90,112.6,101,,,,,,,,,,,,,,,,
2026-07-02T06:02:15.415987+00:00,2026-07-02T06:02:15.415799,2,2,112.2,0.2,112.1,59,111.8,150,,,,,,,,,,,,,,,,,112.3,90,112.6,100,,,,,,,,,,,,,,,,
2026-07-02T06:02:15.858565+00:00,2026-07-02T06:02:15.857168,1,1,112.35,0.5,112.1,59,,,,,,,,,,,,,,,,,,,112.6,100,,,,,,,,,,,,,,,,,,
2026-07-02T06:02:15.909290+00:00,2026-07-02T06:02:15.909388,2,1,112.35,0.5,112.1,59,112.0,150,,,,,,,,,,,,,,,,,112.6,100,,,,,,,,,,,,,,,,,,
2026-07-02T06:02:15.959471+00:00,2026-07-02T06:02:15.959347,2,2,112.3,0.4,112.1,59,112.0,150,,,,,,,,,,,,,,,,,112.5,150,112.6,100,,,,,,,,,,,,,,,,
2026-07-02T06:02:16.401462+00:00,2026-07-02T06:02:16.401322,3,2,112.35,0.3,112.2,6,112.1,59,112.0,150,,,,,,,,,,,,,,,112.5,150,112.6,100,,,,,,,,,,,,,,,,
2026-07-02T06:02:16.528048+00:00,2026-07-02T06:02:16.528236,2,1,112.35,0.3,112.2,6,112.0,150,,,,,,,,,,,,,,,,,112.5,150,,,,,,,,,,,,,,,,,,
2026-07-02T06:02:16.583035+00:00,2026-07-02T06:02:16.582888,3,1,112.35,0.3,112.2,6,112.1,100,112.0,150,,,,,,,,,,,,,,,112.5,150,,,,,,,,,,,,,,,,,,
2026-07-02T06:02:16.635460+00:00,2026-07-02T06:02:16.635338,3,2,112.35,0.3,112.2,6,112.1,100,112.0,150,,,,,,,,,,,,,,,112.5,150,112.6,100,,,,,,,,,,,,,,,,
2026-07-02T06:02:16.787992+00:00,2026-07-02T06:02:16.787927,3,2,112.35,0.3,112.2,6,112.1,100,112.0,150,,,,,,,,,,,,,,,112.5,105,112.6,100,,,,,,,,,,,,,,,,
2026-07-02T06:02:16.850340+00:00,2026-07-02T06:02:16.850460,3,2,112.35,0.3,112.2,5,112.1,100,112.0,150,,,,,,,,,,,,,,,112.5,105,112.6,100,,,,,,,,,,,,,,,,
2026-07-02T06:02:17.377326+00:00,2026-07-02T06:02:17.377224,3,2,112.35,0.3,112.2,4,112.1,100,112.0,150,,,,,,,,,,,,,,,112.5,105,112.6,100,,,,,,,,,,,,,,,,
2026-07-02T06:02:17.433396+00:00,2026-07-02T06:02:17.433247,3,2,112.35,0.3,112.2,4,112.1,100,112.0,150,,,,,,,,,,,,,,,112.5,107,112.6,100,,,,,,,,,,,,,,,,
2026-07-02T06:02:18.444016+00:00,2026-07-02T06:02:18.443807,3,2,112.35,0.3,112.2,4,112.1,100,112.0,150,,,,,,,,,,,,,,,112.5,57,112.6,100,,,,,,,,,,,,,,,,
2026-07-02T06:02:19.016614+00:00,2026-07-02T06:02:19.016755,2,2,112.35,0.3,112.2,4,112.1,100,,,,,,,,,,,,,,,,,112.5,2,112.6,100,,,,,,,,,,,,,,,,
2026-07-02T06:02:19.068718+00:00,2026-07-02T06:02:19.069054,3,1,112.55,0.1,112.5,148,112.2,4,112.1,100,,,,,,,,,,,,,,,112.6,100,,,,,,,,,,,,,,,,,,
2026-07-02T06:02:19.078019+00:00,2026-07-02T06:02:19.072576,3,1,112.55,0.1,112.5,145,112.2,4,112.1,100,,,,,,,,,,,,,,,112.6,100,,,,,,,,,,,,,,,,,,
2026-07-02T06:02:19.122486+00:00,2026-07-02T06:02:19.122430,3,2,112.55,0.1,112.5,145,112.2,4,112.1,100,,,,,,,,,,,,,,,112.6,100,113.0,150,,,,,,,,,,,,,,,,
2026-07-02T06:02:19.242266+00:00,2026-07-02T06:02:19.242137,3,2,112.55,0.1,112.5,120,112.2,3,112.1,100,,,,,,,,,,,,,,,112.6,100,113.0,150,,,,,,,,,,,,,,,,
2026-07-02T06:02:19.458539+00:00,2026-07-02T06:02:19.454282,3,2,112.55,0.1,112.5,95,112.2,3,112.1,100,,,,,,,,,,,,,,,112.6,100,113.0,150,,,,,,,,,,,,,,,,
2026-07-02T06:02:19.486572+00:00,2026-07-02T06:02:19.480875,3,2,112.55,0.1,112.5,84,112.2,3,112.1,100,,,,,,,,,,,,,,,112.6,100,113.0,150,,,,,,,,,,,,,,,,
2026-07-02T06:02:19.663691+00:00,2026-07-02T06:02:19.663778,3,2,112.55,0.1,112.5,59,112.2,3,112.1,100,,,,,,,,,,,,,,,112.6,100,113.0,150,,,,,,,,,,,,,,,,
2026-07-02T06:02:19.689909+00:00,2026-07-02T06:02:19.689856,2,1,112.75,0.5,112.5,59,112.2,3,,,,,,,,,,,,,,,,,113.0,150,,,,,,,,,,,,,,,,,,
2026-07-02T06:02:19.743300+00:00,2026-07-02T06:02:19.743389,3,1,112.75,0.5,112.5,59,112.2,3,112.1,100,,,,,,,,,,,,,,,113.0,150,,,,,,,,,,,,,,,,,,
2026-07-02T06:02:19.795362+00:00,2026-07-02T06:02:19.795481,3,2,112.55,0.1,112.5,59,112.2,3,112.1,100,,,,,,,,,,,,,,,112.6,100,113.0,150,,,,,,,,,,,,,,,,
2026-07-02T06:02:19.872467+00:00,2026-07-02T06:02:19.872317,3,2,112.55,0.1,112.5,34,112.2,3,112.1,100,,,,,,,,,,,,,,,112.6,100,113.0,150,,,,,,,,,,,,,,,,
2026-07-02T06:02:20.069689+00:00,2026-07-02T06:02:20.069516,3,2,112.55,0.1,112.5,29,112.2,3,112.1,100,,,,,,,,,,,,,,,112.6,100,113.0,150,,,,,,,,,,,,,,,,
2026-07-02T06:02:20.082756+00:00,2026-07-02T06:02:20.082594,3,2,112.55,0.1,112.5,4,112.2,3,112.1,100,,,,,,,,,,,,,,,112.6,100,113.0,150,,,,,,,,,,,,,,,,
2026-07-02T06:02:20.138813+00:00,2026-07-02T06:02:20.138702,3,2,112.55,0.1,112.5,4,112.2,3,112.1,100,,,,,,,,,,,,,,,112.6,104,113.0,150,,,,,,,,,,,,,,,,
2026-07-02T06:02:20.291257+00:00,2026-07-02T06:02:20.291186,2,2,112.4,0.4,112.2,3,112.1,100,,,,,,,,,,,,,,,,,112.6,104,113.0,150,,,,,,,,,,,,,,,,
2026-07-02T06:02:20.392333+00:00,2026-07-02T06:02:20.392264,1,2,112.35,0.5,112.1,56,,,,,,,,,,,,,,,,,,,112.6,104,113.0,150,,,,,,,,,,,,,,,,
2026-07-02T06:02:20.599516+00:00,2026-07-02T06:02:20.599402,1,2,112.35,0.5,112.1,6,,,,,,,,,,,,,,,,,,,112.6,104,113.0,150,,,,,,,,,,,,,,,,
2026-07-02T06:02:22.137033+00:00,2026-07-02T06:02:22.136903,0,2,,,,,,,,,,,,,,,,,,,,,,,112.6,104,113.0,150,,,,,,,,,,,,,,,,
2026-07-02T06:02:22.178476+00:00,2026-07-02T06:02:22.178378,0,1,,,,,,,,,,,,,,,,,,,,,,,112.6,104,,,,,,,,,,,,,,,,,,
2026-07-02T06:02:22.233484+00:00,2026-07-02T06:02:22.233354,1,1,112.15,0.9,111.7,150,,,,,,,,,,,,,,,,,,,112.6,104,,,,,,,,,,,,,,,,,,
2026-07-02T06:02:22.286484+00:00,2026-07-02T06:02:22.286365,1,2,111.95,0.5,111.7,150,,,,,,,,,,,,,,,,,,,112.2,150,112.6,104,,,,,,,,,,,,,,,,
2026-07-02T06:02:22.849556+00:00,2026-07-02T06:02:22.849458,1,2,111.95,0.5,111.7,150,,,,,,,,,,,,,,,,,,,112.2,150,112.6,4,,,,,,,,,,,,,,,,
2026-07-02T06:02:22.903111+00:00,2026-07-02T06:02:22.903021,1,2,111.95,0.5,111.7,250,,,,,,,,,,,,,,,,,,,112.2,150,112.6,4,,,,,,,,,,,,,,,,
2026-07-02T06:02:22.958631+00:00,2026-07-02T06:02:22.950570,1,2,111.95,0.5,111.7,250,,,,,,,,,,,,,,,,,,,112.2,250,112.6,4,,,,,,,,,,,,,,,,
2026-07-02T06:02:23.384332+00:00,2026-07-02T06:02:23.378595,1,2,111.95,0.5,111.7,250,,,,,,,,,,,,,,,,,,,112.2,239,112.6,4,,,,,,,,,,,,,,,,
2026-07-02T06:02:24.158581+00:00,2026-07-02T06:02:24.157288,1,2,111.95,0.5,111.7,250,,,,,,,,,,,,,,,,,,,112.2,239,112.6,2,,,,,,,,,,,,,,,,
2026-07-02T06:02:24.782091+00:00,2026-07-02T06:02:24.781880,1,2,111.95,0.5,111.7,250,,,,,,,,,,,,,,,,,,,112.2,189,112.6,2,,,,,,,,,,,,,,,,
2026-07-02T06:02:25.341038+00:00,2026-07-02T06:02:25.341194,1,1,111.95,0.5,111.7,100,,,,,,,,,,,,,,,,,,,112.2,100,,,,,,,,,,,,,,,,,,
2026-07-02T06:02:25.395557+00:00,2026-07-02T06:02:25.395436,2,1,112.1,0.2,112.0,150,111.7,100,,,,,,,,,,,,,,,,,112.2,100,,,,,,,,,,,,,,,,,,
2026-07-02T06:02:25.447618+00:00,2026-07-02T06:02:25.447510,2,2,112.1,0.2,112.0,150,111.7,100,,,,,,,,,,,,,,,,,112.2,100,112.5,150,,,,,,,,,,,,,,,,
2026-07-02T06:02:25.649918+00:00,2026-07-02T06:02:25.649849,2,2,112.1,0.2,112.0,150,111.7,100,,,,,,,,,,,,,,,,,112.2,53,112.5,150,,,,,,,,,,,,,,,,
2026-07-02T06:02:26.010558+00:00,2026-07-02T06:02:26.010477,1,1,112.25,0.5,112.0,150,,,,,,,,,,,,,,,,,,,112.5,150,,,,,,,,,,,,,,,,,,
2026-07-02T06:02:26.058609+00:00,2026-07-02T06:02:26.058485,2,1,112.25,0.5,112.0,150,111.9,100,,,,,,,,,,,,,,,,,112.5,150,,,,,,,,,,,,,,,,,,
2026-07-02T06:02:26.115508+00:00,2026-07-02T06:02:26.115370,2,2,112.2,0.4,112.0,150,111.9,100,,,,,,,,,,,,,,,,,112.4,100,112.5,150,,,,,,,,,,,,,,,,
2026-07-02T06:02:26.258552+00:00,2026-07-02T06:02:26.257115,2,2,112.2,0.4,112.0,150,111.9,100,,,,,,,,,,,,,,,,,112.4,54,112.5,150,,,,,,,,,,,,,,,,
2026-07-02T06:02:26.964397+00:00,2026-07-02T06:02:26.964259,2,2,112.2,0.4,112.0,100,111.9,100,,,,,,,,,,,,,,,,,112.4,54,112.5,150,,,,,,,,,,,,,,,,
2026-07-02T06:02:27.189939+00:00,2026-07-02T06:02:27.190080,2,2,112.2,0.4,112.0,100,111.9,100,,,,,,,,,,,,,,,,,112.4,59,112.5,150,,,,,,,,,,,,,,,,
2026-07-02T06:02:28.501969+00:00,2026-07-02T06:02:28.501933,1,1,112.15,0.5,111.9,100,,,,,,,,,,,,,,,,,,,112.4,59,,,,,,,,,,,,,,,,,,
2026-07-02T06:02:28.558553+00:00,2026-07-02T06:02:28.554828,2,1,112.2,0.4,112.0,150,111.9,100,,,,,,,,,,,,,,,,,112.4,59,,,,,,,,,,,,,,,,,,
2026-07-02T06:02:28.612414+00:00,2026-07-02T06:02:28.612490,2,2,112.2,0.4,112.0,150,111.9,100,,,,,,,,,,,,,,,,,112.4,59,112.5,150,,,,,,,,,,,,,,,,
2026-07-02T06:02:29.070050+00:00,2026-07-02T06:02:29.069965,2,2,112.2,0.4,112.0,100,111.9,100,,,,,,,,,,,,,,,,,112.4,59,112.5,150,,,,,,,,,,,,,,,,
2026-07-02T06:02:29.167861+00:00,2026-07-02T06:02:29.167747,1,2,112.2,0.4,112.0,100,,,,,,,,,,,,,,,,,,,112.4,5,112.5,150,,,,,,,,,,,,,,,,
2026-07-02T06:02:29.219711+00:00,2026-07-02T06:02:29.219599,2,2,112.3,0.2,112.2,100,112.0,100,,,,,,,,,,,,,,,,,112.4,5,112.5,150,,,,,,,,,,,,,,,,
2026-07-02T06:02:29.275655+00:00,2026-07-02T06:02:29.275737,2,3,112.3,0.2,112.2,100,112.0,100,,,,,,,,,,,,,,,,,112.4,5,112.5,150,112.7,100,,,,,,,,,,,,,,
2026-07-02T06:02:29.281000+00:00,2026-07-02T06:02:29.280929,2,3,112.3,0.2,112.2,100,112.0,100,,,,,,,,,,,,,,,,,112.4,2,112.5,150,112.7,100,,,,,,,,,,,,,,
2026-07-02T06:02:30.637476+00:00,2026-07-02T06:02:30.637365,2,3,112.3,0.2,112.2,100,112.0,100,,,,,,,,,,,,,,,,,112.4,1,112.5,150,112.7,100,,,,,,,,,,,,,,
2026-07-02T06:02:31.179704+00:00,2026-07-02T06:02:31.179548,2,3,112.3,0.2,112.2,50,112.0,100,,,,,,,,,,,,,,,,,112.4,1,112.5,150,112.7,100,,,,,,,,,,,,,,
2026-07-02T06:02:31.665637+00:00,2026-07-02T06:02:31.665534,1,2,112.3,0.2,112.2,50,,,,,,,,,,,,,,,,,,,112.4,1,112.7,100,,,,,,,,,,,,,,,,
2026-07-02T06:02:31.720199+00:00,2026-07-02T06:02:31.720096,2,2,112.3,0.2,112.2,50,111.8,150,,,,,,,,,,,,,,,,,112.4,1,112.7,100,,,,,,,,,,,,,,,,
2026-07-02T06:02:31.782607+00:00,2026-07-02T06:02:31.776696,2,3,112.25,0.1,112.2,50,111.8,150,,,,,,,,,,,,,,,,,112.3,147,112.4,1,112.7,100,,,,,,,,,,,,,,
2026-07-02T06:02:32.324718+00:00,2026-07-02T06:02:32.324628,2,2,112.25,0.1,112.2,50,111.8,150,,,,,,,,,,,,,,,,,112.3,147,112.4,1,,,,,,,,,,,,,,,,
2026-07-02T06:02:32.329885+00:00,2026-07-02T06:02:32.329776,1,2,112.05,0.5,111.8,150,,,,,,,,,,,,,,,,,,,112.3,147,112.4,1,,,,,,,,,,,,,,,,
2026-07-02T06:02:32.390725+00:00,2026-07-02T06:02:32.390854,2,2,112.2,0.2,112.1,100,111.8,150,,,,,,,,,,,,,,,,,112.3,147,112.4,1,,,,,,,,,,,,,,,,
2026-07-02T06:02:32.447481+00:00,2026-07-02T06:02:32.447316,2,3,112.2,0.2,112.1,100,111.8,150,,,,,,,,,,,,,,,,,112.3,147,112.4,1,112.6,100,,,,,,,,,,,,,,
2026-07-02T06:02:33.287180+00:00,2026-07-02T06:02:33.287117,2,3,112.2,0.2,112.1,50,111.8,150,,,,,,,,,,,,,,,,,112.3,147,112.4,1,112.6,100,,,,,,,,,,,,,,
2026-07-02T06:02:34.607213+00:00,2026-07-02T06:02:34.607124,3,3,112.25,0.1,112.2,4,112.1,50,111.8,150,,,,,,,,,,,,,,,112.3,147,112.4,1,112.6,100,,,,,,,,,,,,,,
2026-07-02T06:02:34.826799+00:00,2026-07-02T06:02:34.826713,2,2,112.3,0.2,112.2,4,112.1,50,,,,,,,,,,,,,,,,,112.4,1,112.6,100,,,,,,,,,,,,,,,,
2026-07-02T06:02:34.880551+00:00,2026-07-02T06:02:34.880479,3,2,112.3,0.2,112.2,4,112.1,50,111.8,150,,,,,,,,,,,,,,,112.4,1,112.6,100,,,,,,,,,,,,,,,,
2026-07-02T06:02:34.933403+00:00,2026-07-02T06:02:34.933329,3,3,112.25,0.1,112.2,4,112.1,50,111.8,150,,,,,,,,,,,,,,,112.3,150,112.4,1,112.6,100,,,,,,,,,,,,,,
2026-07-02T06:02:35.395120+00:00,2026-07-02T06:02:35.395071,2,3,112.2,0.2,112.1,4,111.8,150,,,,,,,,,,,,,,,,,112.3,150,112.4,1,112.6,100,,,,,,,,,,,,,,
2026-07-02T06:02:35.501335+00:00,2026-07-02T06:02:35.501452,1,2,112.05,0.5,111.8,150,,,,,,,,,,,,,,,,,,,112.3,150,112.4,1,,,,,,,,,,,,,,,,
2026-07-02T06:02:35.553037+00:00,2026-07-02T06:02:35.552914,2,2,112.05,0.5,111.8,150,111.7,100,,,,,,,,,,,,,,,,,112.3,150,112.4,1,,,,,,,,,,,,,,,,
2026-07-02T06:02:35.604789+00:00,2026-07-02T06:02:35.604740,2,3,112.0,0.4,111.8,150,111.7,100,,,,,,,,,,,,,,,,,112.2,100,112.3,150,112.4,1,,,,,,,,,,,,,,
2026-07-02T06:02:36.533149+00:00,2026-07-02T06:02:36.533256,2,3,112.0,0.4,111.8,150,111.7,100,,,,,,,,,,,,,,,,,112.2,75,112.3,150,112.4,1,,,,,,,,,,,,,,
2026-07-02T06:02:36.726260+00:00,2026-07-02T06:02:36.726220,2,2,112.0,0.4,111.8,150,111.7,100,,,,,,,,,,,,,,,,,112.2,75,112.3,150,,,,,,,,,,,,,,,,
2026-07-02T06:02:36.742423+00:00,2026-07-02T06:02:36.742261,2,2,112.0,0.4,111.8,150,111.7,100,,,,,,,,,,,,,,,,,112.2,50,112.3,150,,,,,,,,,,,,,,,,
2026-07-02T06:02:36.951270+00:00,2026-07-02T06:02:36.951137,2,2,112.0,0.4,111.8,150,111.7,100,,,,,,,,,,,,,,,,,112.2,25,112.3,150,,,,,,,,,,,,,,,,
2026-07-02T06:02:37.158540+00:00,2026-07-02T06:02:37.155893,2,1,112.05,0.5,111.8,150,111.7,100,,,,,,,,,,,,,,,,,112.3,150,,,,,,,,,,,,,,,,,,
2026-07-02T06:02:37.371153+00:00,2026-07-02T06:02:37.371282,2,1,112.05,0.5,111.8,150,111.7,100,,,,,,,,,,,,,,,,,112.3,125,,,,,,,,,,,,,,,,,,
2026-07-02T06:02:37.458562+00:00,2026-07-02T06:02:37.453760,3,1,112.2,0.2,112.1,5,111.8,150,111.7,100,,,,,,,,,,,,,,,112.3,125,,,,,,,,,,,,,,,,,,
2026-07-02T06:02:37.509042+00:00,2026-07-02T06:02:37.508995,2,1,112.05,0.5,111.8,105,111.7,100,,,,,,,,,,,,,,,,,112.3,125,,,,,,,,,,,,,,,,,,
2026-07-02T06:02:37.630688+00:00,2026-07-02T06:02:37.630608,3,1,112.2,0.2,112.1,5,111.8,105,111.7,100,,,,,,,,,,,,,,,112.3,125,,,,,,,,,,,,,,,,,,
2026-07-02T06:02:37.851182+00:00,2026-07-02T06:02:37.851319,2,1,112.05,0.5,111.8,70,111.7,100,,,,,,,,,,,,,,,,,112.3,125,,,,,,,,,,,,,,,,,,
2026-07-02T06:02:37.986234+00:00,2026-07-02T06:02:37.986413,1,0,,,111.7,100,,,,,,,,,,,,,,,,,,,,,,,,,,,,,,,,,,,,,,
2026-07-02T06:02:38.040384+00:00,2026-07-02T06:02:38.040248,1,0,,,111.7,250,,,,,,,,,,,,,,,,,,,,,,,,,,,,,,,,,,,,,,
2026-07-02T06:02:38.095019+00:00,2026-07-02T06:02:38.095107,1,1,111.95,0.5,111.7,250,,,,,,,,,,,,,,,,,,,112.2,150,,,,,,,,,,,,,,,,,,
2026-07-02T06:02:38.458655+00:00,2026-07-02T06:02:38.456495,2,1,112.15,0.1,112.1,5,111.7,250,,,,,,,,,,,,,,,,,112.2,150,,,,,,,,,,,,,,,,,,
2026-07-02T06:02:38.658671+00:00,2026-07-02T06:02:38.651805,2,1,112.15,0.1,112.1,5,111.7,150,,,,,,,,,,,,,,,,,112.2,150,,,,,,,,,,,,,,,,,,
2026-07-02T06:02:38.713755+00:00,2026-07-02T06:02:38.713637,2,1,112.15,0.1,112.1,5,111.7,150,,,,,,,,,,,,,,,,,112.2,50,,,,,,,,,,,,,,,,,,
2026-07-02T06:02:38.768695+00:00,2026-07-02T06:02:38.768615,2,2,112.15,0.1,112.1,5,111.7,150,,,,,,,,,,,,,,,,,112.2,50,112.7,100,,,,,,,,,,,,,,,,
2026-07-02T06:02:38.773943+00:00,2026-07-02T06:02:38.773845,2,2,112.15,0.1,112.1,5,111.7,150,,,,,,,,,,,,,,,,,112.2,5,112.7,100,,,,,,,,,,,,,,,,
2026-07-02T06:02:38.789676+00:00,2026-07-02T06:02:38.789542,2,1,112.4,0.6,112.1,5,111.7,150,,,,,,,,,,,,,,,,,112.7,100,,,,,,,,,,,,,,,,,,
2026-07-02T06:02:41.145496+00:00,2026-07-02T06:02:41.145357,1,1,112.4,0.6,112.1,5,,,,,,,,,,,,,,,,,,,112.7,100,,,,,,,,,,,,,,,,,,
2026-07-02T06:02:41.205180+00:00,2026-07-02T06:02:41.205113,2,1,112.55,0.3,112.4,150,112.1,5,,,,,,,,,,,,,,,,,112.7,100,,,,,,,,,,,,,,,,,,
2026-07-02T06:02:41.259829+00:00,2026-07-02T06:02:41.259897,2,2,112.55,0.3,112.4,150,112.1,5,,,,,,,,,,,,,,,,,112.7,100,112.9,150,,,,,,,,,,,,,,,,
2026-07-02T06:02:41.824810+00:00,2026-07-02T06:02:41.824696,2,1,112.65,0.5,112.4,150,112.1,5,,,,,,,,,,,,,,,,,112.9,150,,,,,,,,,,,,,,,,,,
2026-07-02T06:02:41.880438+00:00,2026-07-02T06:02:41.880361,3,1,112.65,0.5,112.4,150,112.1,5,111.9,100,,,,,,,,,,,,,,,112.9,150,,,,,,,,,,,,,,,,,,
2026-07-02T06:02:41.933664+00:00,2026-07-02T06:02:41.933535,3,1,112.65,0.5,112.4,50,112.1,5,111.9,100,,,,,,,,,,,,,,,112.9,150,,,,,,,,,,,,,,,,,,
2026-07-02T06:02:42.765100+00:00,2026-07-02T06:02:42.765069,3,1,112.65,0.5,112.4,3,112.1,5,111.9,100,,,,,,,,,,,,,,,112.9,150,,,,,,,,,,,,,,,,,,
2026-07-02T06:02:43.848430+00:00,2026-07-02T06:02:43.848258,1,1,112.4,1.0,111.9,58,,,,,,,,,,,,,,,,,,,112.9,150,,,,,,,,,,,,,,,,,,
2026-07-02T06:02:44.313814+00:00,2026-07-02T06:02:44.313707,1,0,,,111.9,58,,,,,,,,,,,,,,,,,,,,,,,,,,,,,,,,,,,,,,
2026-07-02T06:02:44.366478+00:00,2026-07-02T06:02:44.366381,2,0,,,111.9,58,111.8,150,,,,,,,,,,,,,,,,,,,,,,,,,,,,,,,,,,,,
2026-07-02T06:02:44.421249+00:00,2026-07-02T06:02:44.421360,2,1,112.1,0.4,111.9,58,111.8,150,,,,,,,,,,,,,,,,,112.3,150,,,,,,,,,,,,,,,,,,
2026-07-02T06:02:44.431758+00:00,2026-07-02T06:02:44.425808,2,1,112.1,0.4,111.9,58,111.8,150,,,,,,,,,,,,,,,,,112.3,147,,,,,,,,,,,,,,,,,,
2026-07-02T06:02:44.690377+00:00,2026-07-02T06:02:44.690472,3,1,112.25,0.1,112.2,5,111.9,58,111.8,150,,,,,,,,,,,,,,,112.3,147,,,,,,,,,,,,,,,,,,
2026-07-02T06:02:44.884735+00:00,2026-07-02T06:02:44.884629,3,1,112.25,0.1,112.2,5,111.9,58,111.8,150,,,,,,,,,,,,,,,112.3,101,,,,,,,,,,,,,,,,,,
2026-07-02T06:02:44.989881+00:00,2026-07-02T06:02:44.989751,2,1,112.25,0.1,112.2,5,111.8,150,,,,,,,,,,,,,,,,,112.3,101,,,,,,,,,,,,,,,,,,
2026-07-02T06:02:45.063694+00:00,2026-07-02T06:02:45.063915,2,1,112.25,0.1,112.2,5,111.8,150,,,,,,,,,,,,,,,,,112.3,1,,,,,,,,,,,,,,,,,,
2026-07-02T06:02:45.095784+00:00,2026-07-02T06:02:45.095726,2,2,112.25,0.1,112.2,5,111.8,150,,,,,,,,,,,,,,,,,112.3,1,112.8,100,,,,,,,,,,,,,,,,
2026-07-02T06:02:45.258583+00:00,2026-07-02T06:02:45.204897,2,1,112.5,0.6,112.2,5,111.8,150,,,,,,,,,,,,,,,,,112.8,100,,,,,,,,,,,,,,,,,,
2026-07-02T06:02:45.904860+00:00,2026-07-02T06:02:45.943640,1,1,112.3,1.0,111.8,105,,,,,,,,,,,,,,,,,,,112.8,100,,,,,,,,,,,,,,,,,,
2026-07-02T06:02:45.968878+00:00,2026-07-02T06:02:45.968850,2,1,112.5,0.6,112.2,5,111.8,105,,,,,,,,,,,,,,,,,112.8,100,,,,,,,,,,,,,,,,,,
2026-07-02T06:02:47.158962+00:00,2026-07-02T06:02:47.158629,1,1,112.3,1.0,111.8,63,,,,,,,,,,,,,,,,,,,112.8,100,,,,,,,,,,,,,,,,,,
2026-07-02T06:02:47.490411+00:00,2026-07-02T06:02:47.490215,0,1,,,,,,,,,,,,,,,,,,,,,,,112.8,100,,,,,,,,,,,,,,,,,,
2026-07-02T06:02:47.564419+00:00,2026-07-02T06:02:47.564169,1,1,112.5,0.6,112.2,150,,,,,,,,,,,,,,,,,,,112.8,100,,,,,,,,,,,,,,,,,,
2026-07-02T06:02:47.596778+00:00,2026-07-02T06:02:47.596601,1,2,112.45,0.5,112.2,150,,,,,,,,,,,,,,,,,,,112.7,150,112.8,100,,,,,,,,,,,,,,,,
2026-07-02T06:02:48.069539+00:00,2026-07-02T06:02:48.069162,1,2,112.45,0.5,112.2,100,,,,,,,,,,,,,,,,,,,112.7,150,112.8,100,,,,,,,,,,,,,,,,
2026-07-02T06:02:48.164474+00:00,2026-07-02T06:02:48.164340,1,1,112.45,0.5,112.2,100,,,,,,,,,,,,,,,,,,,112.7,150,,,,,,,,,,,,,,,,,,
2026-07-02T06:02:48.258696+00:00,2026-07-02T06:02:48.204346,2,1,112.45,0.5,112.2,100,112.1,100,,,,,,,,,,,,,,,,,112.7,150,,,,,,,,,,,,,,,,,,
2026-07-02T06:02:48.268950+00:00,2026-07-02T06:02:48.268807,2,2,112.4,0.4,112.2,100,112.1,100,,,,,,,,,,,,,,,,,112.6,100,112.7,150,,,,,,,,,,,,,,,,
2026-07-02T06:02:48.764348+00:00,2026-07-02T06:02:48.764031,2,3,112.35,0.3,112.2,100,112.1,100,,,,,,,,,,,,,,,,,112.5,4,112.6,100,112.7,150,,,,,,,,,,,,,,
2026-07-02T06:02:49.058737+00:00,2026-07-02T06:02:49.032714,2,3,112.35,0.3,112.2,54,112.1,100,,,,,,,,,,,,,,,,,112.5,4,112.6,100,112.7,150,,,,,,,,,,,,,,
2026-07-02T06:02:50.544449+00:00,2026-07-02T06:02:50.544346,2,3,112.35,0.3,112.2,54,112.1,100,,,,,,,,,,,,,,,,,112.5,3,112.6,100,112.7,150,,,,,,,,,,,,,,
2026-07-02T06:02:50.653787+00:00,2026-07-02T06:02:50.653674,1,2,112.3,0.4,112.1,100,,,,,,,,,,,,,,,,,,,112.5,3,112.6,100,,,,,,,,,,,,,,,,
2026-07-02T06:02:50.685231+00:00,2026-07-02T06:02:50.685168,1,1,112.35,0.5,112.1,100,,,,,,,,,,,,,,,,,,,112.6,100,,,,,,,,,,,,,,,,,,
2026-07-02T06:02:50.705989+00:00,2026-07-02T06:02:50.705861,2,1,112.35,0.5,112.1,100,111.8,150,,,,,,,,,,,,,,,,,112.6,100,,,,,,,,,,,,,,,,,,
2026-07-02T06:02:50.758563+00:00,2026-07-02T06:02:50.756255,2,2,112.2,0.2,112.1,100,111.8,150,,,,,,,,,,,,,,,,,112.3,150,112.6,100,,,,,,,,,,,,,,,,
2026-07-02T06:02:51.314456+00:00,2026-07-02T06:02:51.314371,1,1,112.05,0.5,111.8,150,,,,,,,,,,,,,,,,,,,112.3,150,,,,,,,,,,,,,,,,,,
2026-07-02T06:02:51.368916+00:00,2026-07-02T06:02:51.368875,2,1,112.1,0.4,111.9,100,111.8,150,,,,,,,,,,,,,,,,,112.3,150,,,,,,,,,,,,,,,,,,
2026-07-02T06:02:51.423640+00:00,2026-07-02T06:02:51.423554,2,2,112.1,0.4,111.9,100,111.8,150,,,,,,,,,,,,,,,,,112.3,150,112.4,100,,,,,,,,,,,,,,,,
2026-07-02T06:02:52.016097+00:00,2026-07-02T06:02:52.016004,3,2,112.25,0.1,112.2,5,111.9,100,111.8,150,,,,,,,,,,,,,,,112.3,150,112.4,100,,,,,,,,,,,,,,,,
2026-07-02T06:02:52.647052+00:00,2026-07-02T06:02:52.646943,3,2,112.25,0.1,112.2,5,111.9,100,111.8,150,,,,,,,,,,,,,,,112.3,101,112.4,100,,,,,,,,,,,,,,,,
2026-07-02T06:02:53.594684+00:00,2026-07-02T06:02:53.591022,2,2,112.1,0.4,111.9,100,111.8,150,,,,,,,,,,,,,,,,,112.3,90,112.4,100,,,,,,,,,,,,,,,,
2026-07-02T06:02:53.813306+00:00,2026-07-02T06:02:53.813471,1,1,112.15,0.5,111.9,100,,,,,,,,,,,,,,,,,,,112.4,100,,,,,,,,,,,,,,,,,,
2026-07-02T06:02:53.866007+00:00,2026-07-02T06:02:53.865957,2,1,112.25,0.3,112.1,150,111.9,100,,,,,,,,,,,,,,,,,112.4,100,,,,,,,,,,,,,,,,,,
2026-07-02T06:02:53.919750+00:00,2026-07-02T06:02:53.919611,2,2,112.25,0.3,112.1,150,111.9,100,,,,,,,,,,,,,,,,,112.4,100,112.6,150,,,,,,,,,,,,,,,,
2026-07-02T06:02:54.375533+00:00,2026-07-02T06:02:54.375460,2,2,112.25,0.3,112.1,100,111.9,100,,,,,,,,,,,,,,,,,112.4,100,112.6,150,,,,,,,,,,,,,,,,
2026-07-02T06:02:54.477830+00:00,2026-07-02T06:02:54.478007,1,1,112.35,0.5,112.1,100,,,,,,,,,,,,,,,,,,,112.6,150,,,,,,,,,,,,,,,,,,
2026-07-02T06:02:54.532400+00:00,2026-07-02T06:02:54.532307,2,1,112.35,0.5,112.1,100,112.0,100,,,,,,,,,,,,,,,,,112.6,150,,,,,,,,,,,,,,,,,,
2026-07-02T06:02:54.584193+00:00,2026-07-02T06:02:54.584288,2,2,112.3,0.4,112.1,100,112.0,100,,,,,,,,,,,,,,,,,112.5,100,112.6,150,,,,,,,,,,,,,,,,
2026-07-02T06:02:55.074407+00:00,2026-07-02T06:02:55.074519,2,3,112.25,0.3,112.1,100,112.0,100,,,,,,,,,,,,,,,,,112.4,7,112.5,100,112.6,150,,,,,,,,,,,,,,
2026-07-02T06:02:55.102051+00:00,2026-07-02T06:02:55.101942,2,2,112.3,0.4,112.1,100,112.0,100,,,,,,,,,,,,,,,,,112.5,100,112.6,150,,,,,,,,,,,,,,,,
2026-07-02T06:02:55.558637+00:00,2026-07-02T06:02:55.558254,2,2,112.3,0.4,112.1,100,112.0,100,,,,,,,,,,,,,,,,,112.5,107,112.6,150,,,,,,,,,,,,,,,,
2026-07-02T06:02:56.067047+00:00,2026-07-02T06:02:56.066921,3,2,112.35,0.3,112.2,2,112.1,100,112.0,100,,,,,,,,,,,,,,,112.5,107,112.6,150,,,,,,,,,,,,,,,,
2026-07-02T06:02:56.196033+00:00,2026-07-02T06:02:56.190670,3,2,112.35,0.3,112.2,2,112.1,100,112.0,100,,,,,,,,,,,,,,,112.5,95,112.6,150,,,,,,,,,,,,,,,,
2026-07-02T06:02:56.438935+00:00,2026-07-02T06:02:56.439074,3,2,112.35,0.3,112.2,2,112.1,100,112.0,100,,,,,,,,,,,,,,,112.5,45,112.6,150,,,,,,,,,,,,,,,,
2026-07-02T06:02:56.979248+00:00,2026-07-02T06:02:56.977091,2,1,112.35,0.3,112.2,2,112.0,100,,,,,,,,,,,,,,,,,112.5,45,,,,,,,,,,,,,,,,,,
2026-07-02T06:02:57.033542+00:00,2026-07-02T06:02:57.033447,2,1,112.35,0.3,112.2,152,112.0,100,,,,,,,,,,,,,,,,,112.5,45,,,,,,,,,,,,,,,,,,
2026-07-02T06:02:57.089647+00:00,2026-07-02T06:02:57.089540,2,2,112.35,0.3,112.2,152,112.0,100,,,,,,,,,,,,,,,,,112.5,45,112.7,150,,,,,,,,,,,,,,,,
2026-07-02T06:02:57.433172+00:00,2026-07-02T06:02:57.433290,2,2,112.35,0.3,112.2,152,112.0,100,,,,,,,,,,,,,,,,,112.5,42,112.7,150,,,,,,,,,,,,,,,,
2026-07-02T06:02:57.635055+00:00,2026-07-02T06:02:57.634935,1,2,112.35,0.3,112.2,152,,,,,,,,,,,,,,,,,,,112.5,4,112.7,150,,,,,,,,,,,,,,,,
2026-07-02T06:02:57.688741+00:00,2026-07-02T06:02:57.688617,2,2,112.4,0.2,112.3,100,112.2,152,,,,,,,,,,,,,,,,,112.5,4,112.7,150,,,,,,,,,,,,,,,,
2026-07-02T06:02:57.712117+00:00,2026-07-02T06:02:57.712002,2,1,112.5,0.4,112.3,100,112.2,152,,,,,,,,,,,,,,,,,112.7,150,,,,,,,,,,,,,,,,,,
2026-07-02T06:02:57.741373+00:00,2026-07-02T06:02:57.741461,2,2,112.5,0.4,112.3,100,112.2,152,,,,,,,,,,,,,,,,,112.7,150,112.8,100,,,,,,,,,,,,,,,,
2026-07-02T06:02:58.586711+00:00,2026-07-02T06:02:58.586599,2,2,112.5,0.4,112.3,50,112.2,152,,,,,,,,,,,,,,,,,112.7,150,112.8,100,,,,,,,,,,,,,,,,
2026-07-02T06:02:59.295143+00:00,2026-07-02T06:02:59.295124,2,2,112.5,0.4,112.3,50,112.2,152,,,,,,,,,,,,,,,,,112.7,109,112.8,100,,,,,,,,,,,,,,,,
2026-07-02T06:03:00.141357+00:00,2026-07-02T06:03:00.141299,2,1,112.55,0.5,112.3,50,112.2,152,,,,,,,,,,,,,,,,,112.8,100,,,,,,,,,,,,,,,,,,
2026-07-02T06:03:00.146645+00:00,2026-07-02T06:03:00.146473,2,1,112.55,0.5,112.3,50,112.2,2,,,,,,,,,,,,,,,,,112.8,100,,,,,,,,,,,,,,,,,,
2026-07-02T06:03:00.211462+00:00,2026-07-02T06:03:00.211326,2,1,112.55,0.5,112.3,200,112.2,2,,,,,,,,,,,,,,,,,112.8,100,,,,,,,,,,,,,,,,,,
2026-07-02T06:03:00.264282+00:00,2026-07-02T06:03:00.264200,2,1,112.55,0.5,112.3,200,112.2,2,,,,,,,,,,,,,,,,,112.8,250,,,,,,,,,,,,,,,,,,
2026-07-02T06:03:00.695436+00:00,2026-07-02T06:03:00.695324,2,1,112.55,0.5,112.3,150,112.2,2,,,,,,,,,,,,,,,,,112.8,250,,,,,,,,,,,,,,,,,,
2026-07-02T06:03:00.796403+00:00,2026-07-02T06:03:00.796301,2,1,112.55,0.5,112.3,150,112.2,2,,,,,,,,,,,,,,,,,112.8,150,,,,,,,,,,,,,,,,,,
2026-07-02T06:03:00.858650+00:00,2026-07-02T06:03:00.857154,2,1,112.55,0.5,112.3,150,112.2,102,,,,,,,,,,,,,,,,,112.8,150,,,,,,,,,,,,,,,,,,
2026-07-02T06:03:00.905915+00:00,2026-07-02T06:03:00.905799,2,2,112.5,0.4,112.3,150,112.2,102,,,,,,,,,,,,,,,,,112.7,100,112.8,150,,,,,,,,,,,,,,,,
2026-07-02T06:03:01.169119+00:00,2026-07-02T06:03:01.168991,2,2,112.5,0.4,112.3,104,112.2,102,,,,,,,,,,,,,,,,,112.7,100,112.8,150,,,,,,,,,,,,,,,,
2026-07-02T06:03:01.779298+00:00,2026-07-02T06:03:01.779257,2,2,112.5,0.4,112.3,104,112.2,102,,,,,,,,,,,,,,,,,112.7,54,112.8,150,,,,,,,,,,,,,,,,
2026-07-02T06:03:02.395610+00:00,2026-07-02T06:03:02.395580,2,2,112.5,0.4,112.3,104,112.2,102,,,,,,,,,,,,,,,,,112.7,12,112.8,150,,,,,,,,,,,,,,,,
2026-07-02T06:03:02.800639+00:00,2026-07-02T06:03:02.800501,2,2,112.5,0.4,112.3,54,112.2,102,,,,,,,,,,,,,,,,,112.7,12,112.8,150,,,,,,,,,,,,,,,,
2026-07-02T06:03:03.313922+00:00,2026-07-02T06:03:03.313832,2,1,112.5,0.4,112.3,54,112.2,102,,,,,,,,,,,,,,,,,112.7,12,,,,,,,,,,,,,,,,,,
2026-07-02T06:03:03.319077+00:00,2026-07-02T06:03:03.318977,1,1,112.45,0.5,112.2,102,,,,,,,,,,,,,,,,,,,112.7,12,,,,,,,,,,,,,,,,,,
2026-07-02T06:03:03.372165+00:00,2026-07-02T06:03:03.372063,2,1,112.45,0.5,112.2,102,111.9,150,,,,,,,,,,,,,,,,,112.7,12,,,,,,,,,,,,,,,,,,
2026-07-02T06:03:03.420317+00:00,2026-07-02T06:03:03.420390,2,2,112.3,0.2,112.2,102,111.9,150,,,,,,,,,,,,,,,,,112.4,150,112.7,12,,,,,,,,,,,,,,,,
2026-07-02T06:03:03.959304+00:00,2026-07-02T06:03:03.959419,2,1,112.3,0.2,112.2,2,111.9,150,,,,,,,,,,,,,,,,,112.4,150,,,,,,,,,,,,,,,,,,
2026-07-02T06:03:04.013767+00:00,2026-07-02T06:03:04.013602,2,1,112.3,0.2,112.2,2,111.9,150,,,,,,,,,,,,,,,,,112.4,50,,,,,,,,,,,,,,,,,,
2026-07-02T06:03:04.066335+00:00,2026-07-02T06:03:04.066220,2,2,112.3,0.2,112.2,2,111.9,150,,,,,,,,,,,,,,,,,112.4,50,112.9,100,,,,,,,,,,,,,,,,
2026-07-02T06:03:04.669846+00:00,2026-07-02T06:03:04.669992,2,3,112.3,0.2,112.2,2,111.9,150,,,,,,,,,,,,,,,,,112.4,50,112.6,6,112.9,100,,,,,,,,,,,,,,
2026-07-02T06:03:04.909394+00:00,2026-07-02T06:03:04.909315,1,3,112.15,0.5,111.9,102,,,,,,,,,,,,,,,,,,,112.4,50,112.6,6,112.9,100,,,,,,,,,,,,,,
2026-07-02T06:03:05.390899+00:00,2026-07-02T06:03:05.385498,1,3,112.15,0.5,111.9,102,,,,,,,,,,,,,,,,,,,112.4,39,112.6,6,112.9,100,,,,,,,,,,,,,,
2026-07-02T06:03:06.476597+00:00,2026-07-02T06:03:06.476731,0,2,,,,,,,,,,,,,,,,,,,,,,,112.6,6,112.9,100,,,,,,,,,,,,,,,,
2026-07-02T06:03:06.534221+00:00,2026-07-02T06:03:06.534312,1,2,112.45,0.3,112.3,150,,,,,,,,,,,,,,,,,,,112.6,6,112.9,100,,,,,,,,,,,,,,,,
2026-07-02T06:03:06.587547+00:00,2026-07-02T06:03:06.587410,1,3,112.45,0.3,112.3,150,,,,,,,,,,,,,,,,,,,112.6,6,112.8,150,112.9,100,,,,,,,,,,,,,,
2026-07-02T06:03:06.897206+00:00,2026-07-02T06:03:06.897184,1,3,112.45,0.3,112.3,105,,,,,,,,,,,,,,,,,,,112.6,6,112.8,150,112.9,100,,,,,,,,,,,,,,
2026-07-02T06:03:06.966221+00:00,2026-07-02T06:03:06.966095,1,2,112.55,0.5,112.3,105,,,,,,,,,,,,,,,,,,,112.8,106,112.9,100,,,,,,,,,,,,,,,,
2026-07-02T06:03:07.122173+00:00,2026-07-02T06:03:07.122109,1,1,112.55,0.5,112.3,105,,,,,,,,,,,,,,,,,,,112.8,106,,,,,,,,,,,,,,,,,,
2026-07-02T06:03:07.174507+00:00,2026-07-02T06:03:07.174447,1,1,112.55,0.5,112.3,205,,,,,,,,,,,,,,,,,,,112.8,106,,,,,,,,,,,,,,,,,,
2026-07-02T06:03:07.227410+00:00,2026-07-02T06:03:07.227359,1,1,112.55,0.5,112.3,205,,,,,,,,,,,,,,,,,,,112.8,206,,,,,,,,,,,,,,,,,,
2026-07-02T06:03:07.400843+00:00,2026-07-02T06:03:07.400975,1,2,112.45,0.3,112.3,205,,,,,,,,,,,,,,,,,,,112.6,6,112.8,206,,,,,,,,,,,,,,,,
2026-07-02T06:03:07.670288+00:00,2026-07-02T06:03:07.670213,1,2,112.45,0.3,112.3,208,,,,,,,,,,,,,,,,,,,112.6,6,112.8,206,,,,,,,,,,,,,,,,
2026-07-02T06:03:08.006043+00:00,2026-07-02T06:03:08.006138,1,2,112.45,0.3,112.3,207,,,,,,,,,,,,,,,,,,,112.6,6,112.8,206,,,,,,,,,,,,,,,,
2026-07-02T06:03:08.987048+00:00,2026-07-02T06:03:08.987224,1,2,112.45,0.3,112.3,207,,,,,,,,,,,,,,,,,,,112.6,4,112.8,206,,,,,,,,,,,,,,,,
2026-07-02T06:03:09.074113+00:00,2026-07-02T06:03:09.073987,1,1,112.55,0.5,112.3,207,,,,,,,,,,,,,,,,,,,112.8,160,,,,,,,,,,,,,,,,,,
2026-07-02T06:03:09.641602+00:00,2026-07-02T06:03:09.641480,1,1,112.55,0.5,112.3,102,,,,,,,,,,,,,,,,,,,112.8,100,,,,,,,,,,,,,,,,,,
2026-07-02T06:03:09.696032+00:00,2026-07-02T06:03:09.695932,2,0,,,112.8,50,112.3,102,,,,,,,,,,,,,,,,,,,,,,,,,,,,,,,,,,,,
