recv_time,book_timestamp,n_bids,n_asks,mid,spread,bid_px_0,bid_vol_0,bid_px_1,bid_vol_1,bid_px_2,bid_vol_2,bid_px_3,bid_vol_3,bid_px_4,bid_vol_4,bid_px_5,bid_vol_5,bid_px_6,bid_vol_6,bid_px_7,bid_vol_7,bid_px_8,bid_vol_8,bid_px_9,bid_vol_9,ask_px_0,ask_vol_0,ask_px_1,ask_vol_1,ask_px_2,ask_vol_2,ask_px_3,ask_vol_3,ask_px_4,ask_vol_4,ask_px_5,ask_vol_5,ask_px_6,ask_vol_6,ask_px_7,ask_vol_7,ask_px_8,ask_vol_8,ask_px_9,ask_vol_9
2026-07-03T20:00:01.453762+00:00,2026-07-03T20:00:01.402311,2,1,118.35,0.5,118.1,77,117.5,100,,,,,,,,,,,,,,,,,118.6,150,,,,,,,,,,,,,,,,,,
2026-07-03T20:00:01.552197+00:00,2026-07-03T20:00:01.457200,1,2,117.75,0.5,117.5,100,,,,,,,,,,,,,,,,,,,118.0,23,118.6,150,,,,,,,,,,,,,,,,
2026-07-03T20:00:01.591640+00:00,2026-07-03T20:00:01.584862,1,2,117.75,0.5,117.5,100,,,,,,,,,,,,,,,,,,,118.0,11,118.6,150,,,,,,,,,,,,,,,,
2026-07-03T20:00:02.406295+00:00,2026-07-03T20:00:02.406170,1,1,117.75,0.5,117.5,100,,,,,,,,,,,,,,,,,,,118.0,11,,,,,,,,,,,,,,,,,,
2026-07-03T20:00:02.464160+00:00,2026-07-03T20:00:02.464059,2,1,117.85,0.3,117.7,150,117.5,100,,,,,,,,,,,,,,,,,118.0,11,,,,,,,,,,,,,,,,,,
2026-07-03T20:00:02.518859+00:00,2026-07-03T20:00:02.518940,2,2,117.85,0.3,117.7,150,117.5,100,,,,,,,,,,,,,,,,,118.0,11,118.2,150,,,,,,,,,,,,,,,,
2026-07-03T20:00:04.107864+00:00,2026-07-03T20:00:04.107811,2,2,117.85,0.3,117.7,100,117.5,100,,,,,,,,,,,,,,,,,118.0,11,118.2,150,,,,,,,,,,,,,,,,
2026-07-03T20:00:04.520394+00:00,2026-07-03T20:00:04.520325,1,1,117.95,0.5,117.7,100,,,,,,,,,,,,,,,,,,,118.2,150,,,,,,,,,,,,,,,,,,
2026-07-03T20:00:04.573801+00:00,2026-07-03T20:00:04.573881,2,1,118.0,0.4,117.8,100,117.7,100,,,,,,,,,,,,,,,,,118.2,150,,,,,,,,,,,,,,,,,,
2026-07-03T20:00:04.626037+00:00,2026-07-03T20:00:04.625955,2,2,118.0,0.4,117.8,100,117.7,100,,,,,,,,,,,,,,,,,118.2,150,118.3,100,,,,,,,,,,,,,,,,
2026-07-03T20:00:05.576424+00:00,2026-07-03T20:00:05.576371,1,1,118.05,0.5,117.8,100,,,,,,,,,,,,,,,,,,,118.3,100,,,,,,,,,,,,,,,,,,
2026-07-03T20:00:05.632621+00:00,2026-07-03T20:00:05.632533,2,1,118.05,0.5,117.8,100,117.5,150,,,,,,,,,,,,,,,,,118.3,100,,,,,,,,,,,,,,,,,,
2026-07-03T20:00:05.686258+00:00,2026-07-03T20:00:05.686107,2,2,117.9,0.2,117.8,100,117.5,150,,,,,,,,,,,,,,,,,118.0,150,118.3,100,,,,,,,,,,,,,,,,
2026-07-03T20:00:06.216402+00:00,2026-07-03T20:00:06.216258,2,2,117.9,0.2,117.8,50,117.5,150,,,,,,,,,,,,,,,,,118.0,150,118.3,100,,,,,,,,,,,,,,,,
2026-07-03T20:00:07.129530+00:00,2026-07-03T20:00:07.129504,2,2,117.9,0.2,117.8,50,117.5,150,,,,,,,,,,,,,,,,,118.0,108,118.3,100,,,,,,,,,,,,,,,,
2026-07-03T20:00:07.680343+00:00,2026-07-03T20:00:07.680275,1,1,117.75,0.5,117.5,150,,,,,,,,,,,,,,,,,,,118.0,108,,,,,,,,,,,,,,,,,,
2026-07-03T20:00:07.731199+00:00,2026-07-03T20:00:07.731113,2,1,117.85,0.3,117.7,100,117.5,150,,,,,,,,,,,,,,,,,118.0,108,,,,,,,,,,,,,,,,,,
2026-07-03T20:00:07.784452+00:00,2026-07-03T20:00:07.784415,2,2,117.85,0.3,117.7,100,117.5,150,,,,,,,,,,,,,,,,,118.0,108,118.2,100,,,,,,,,,,,,,,,,
2026-07-03T20:00:08.324276+00:00,2026-07-03T20:00:08.324154,2,2,117.85,0.3,117.7,50,117.5,150,,,,,,,,,,,,,,,,,118.0,108,118.2,100,,,,,,,,,,,,,,,,
2026-07-03T20:00:08.740800+00:00,2026-07-03T20:00:08.740648,1,1,117.95,0.5,117.7,50,,,,,,,,,,,,,,,,,,,118.2,100,,,,,,,,,,,,,,,,,,
2026-07-03T20:00:08.795858+00:00,2026-07-03T20:00:08.795770,2,1,117.95,0.5,117.7,50,117.6,150,,,,,,,,,,,,,,,,,118.2,100,,,,,,,,,,,,,,,,,,
2026-07-03T20:00:08.847988+00:00,2026-07-03T20:00:08.847923,2,2,117.9,0.4,117.7,50,117.6,150,,,,,,,,,,,,,,,,,118.1,150,118.2,100,,,,,,,,,,,,,,,,
2026-07-03T20:00:10.429350+00:00,2026-07-03T20:00:10.429220,1,2,117.85,0.5,117.6,150,,,,,,,,,,,,,,,,,,,118.1,150,118.2,100,,,,,,,,,,,,,,,,
2026-07-03T20:00:10.838398+00:00,2026-07-03T20:00:10.838349,1,1,117.85,0.5,117.6,150,,,,,,,,,,,,,,,,,,,118.1,150,,,,,,,,,,,,,,,,,,
2026-07-03T20:00:10.893044+00:00,2026-07-03T20:00:10.892939,2,1,117.85,0.5,117.6,150,117.3,100,,,,,,,,,,,,,,,,,118.1,150,,,,,,,,,,,,,,,,,,
2026-07-03T20:00:10.985318+00:00,2026-07-03T20:00:10.968973,2,2,117.7,0.2,117.6,150,117.3,100,,,,,,,,,,,,,,,,,117.8,89,118.1,150,,,,,,,,,,,,,,,,
2026-07-03T20:00:11.901695+00:00,2026-07-03T20:00:11.901604,1,1,117.55,0.5,117.3,100,,,,,,,,,,,,,,,,,,,117.8,89,,,,,,,,,,,,,,,,,,
2026-07-03T20:00:11.956389+00:00,2026-07-03T20:00:11.956275,2,1,117.7,0.2,117.6,150,117.3,100,,,,,,,,,,,,,,,,,117.8,89,,,,,,,,,,,,,,,,,,
2026-07-03T20:00:12.008704+00:00,2026-07-03T20:00:12.008791,2,2,117.7,0.2,117.6,150,117.3,100,,,,,,,,,,,,,,,,,117.8,89,118.1,150,,,,,,,,,,,,,,,,
2026-07-03T20:00:12.538009+00:00,2026-07-03T20:00:12.537943,2,2,117.7,0.2,117.6,100,117.3,100,,,,,,,,,,,,,,,,,117.8,89,118.1,150,,,,,,,,,,,,,,,,
2026-07-03T20:00:12.909179+00:00,2026-07-03T20:00:12.909111,2,2,117.7,0.2,117.6,60,117.3,100,,,,,,,,,,,,,,,,,117.8,89,118.1,150,,,,,,,,,,,,,,,,
2026-07-03T20:00:13.427501+00:00,2026-07-03T20:00:13.421258,2,2,117.7,0.2,117.6,60,117.3,100,,,,,,,,,,,,,,,,,117.8,77,118.1,150,,,,,,,,,,,,,,,,
2026-07-03T20:00:14.006868+00:00,2026-07-03T20:00:14.006763,2,1,117.85,0.5,117.6,60,117.3,100,,,,,,,,,,,,,,,,,118.1,150,,,,,,,,,,,,,,,,,,
2026-07-03T20:00:14.012091+00:00,2026-07-03T20:00:14.011940,1,1,117.85,0.5,117.6,60,,,,,,,,,,,,,,,,,,,118.1,150,,,,,,,,,,,,,,,,,,
2026-07-03T20:00:14.065448+00:00,2026-07-03T20:00:14.065322,2,1,117.85,0.5,117.6,60,117.3,100,,,,,,,,,,,,,,,,,118.1,150,,,,,,,,,,,,,,,,,,
2026-07-03T20:00:14.118337+00:00,2026-07-03T20:00:14.118259,2,2,117.7,0.2,117.6,60,117.3,100,,,,,,,,,,,,,,,,,117.8,100,118.1,150,,,,,,,,,,,,,,,,
2026-07-03T20:00:14.646879+00:00,2026-07-03T20:00:14.646737,2,2,117.7,0.2,117.6,10,117.3,100,,,,,,,,,,,,,,,,,117.8,100,118.1,150,,,,,,,,,,,,,,,,
2026-07-03T20:00:14.685535+00:00,2026-07-03T20:00:14.685400,1,2,117.55,0.5,117.3,62,,,,,,,,,,,,,,,,,,,117.8,100,118.1,150,,,,,,,,,,,,,,,,
2026-07-03T20:00:15.058557+00:00,2026-07-03T20:00:15.057998,1,1,117.55,0.5,117.3,62,,,,,,,,,,,,,,,,,,,117.8,100,,,,,,,,,,,,,,,,,,
2026-07-03T20:00:15.117183+00:00,2026-07-03T20:00:15.117103,2,1,117.55,0.5,117.3,62,117.0,150,,,,,,,,,,,,,,,,,117.8,100,,,,,,,,,,,,,,,,,,
2026-07-03T20:00:15.163820+00:00,2026-07-03T20:00:15.163941,2,2,117.4,0.2,117.3,62,117.0,150,,,,,,,,,,,,,,,,,117.5,150,117.8,100,,,,,,,,,,,,,,,,
2026-07-03T20:00:15.172217+00:00,2026-07-03T20:00:15.167439,2,2,117.4,0.2,117.3,62,117.0,150,,,,,,,,,,,,,,,,,117.5,136,117.8,100,,,,,,,,,,,,,,,,
2026-07-03T20:00:16.752044+00:00,2026-07-03T20:00:16.751906,2,2,117.4,0.2,117.3,12,117.0,150,,,,,,,,,,,,,,,,,117.5,136,117.8,100,,,,,,,,,,,,,,,,
2026-07-03T20:00:17.172907+00:00,2026-07-03T20:00:17.172791,1,1,117.25,0.5,117.0,150,,,,,,,,,,,,,,,,,,,117.5,136,,,,,,,,,,,,,,,,,,
2026-07-03T20:00:17.228668+00:00,2026-07-03T20:00:17.228585,2,1,117.4,0.2,117.3,100,117.0,150,,,,,,,,,,,,,,,,,117.5,136,,,,,,,,,,,,,,,,,,
2026-07-03T20:00:17.277364+00:00,2026-07-03T20:00:17.277282,2,2,117.4,0.2,117.3,100,117.0,150,,,,,,,,,,,,,,,,,117.5,136,117.8,100,,,,,,,,,,,,,,,,
2026-07-03T20:00:17.975250+00:00,2026-07-03T20:00:17.975131,2,2,117.4,0.2,117.3,100,117.0,150,,,,,,,,,,,,,,,,,117.5,95,117.8,100,,,,,,,,,,,,,,,,
2026-07-03T20:00:18.221481+00:00,2026-07-03T20:00:18.221616,1,1,117.55,0.5,117.3,100,,,,,,,,,,,,,,,,,,,117.8,100,,,,,,,,,,,,,,,,,,
2026-07-03T20:00:18.274272+00:00,2026-07-03T20:00:18.274248,2,1,117.6,0.4,117.4,150,117.3,100,,,,,,,,,,,,,,,,,117.8,100,,,,,,,,,,,,,,,,,,
2026-07-03T20:00:18.331326+00:00,2026-07-03T20:00:18.331223,2,2,117.6,0.4,117.4,150,117.3,100,,,,,,,,,,,,,,,,,117.8,100,117.9,150,,,,,,,,,,,,,,,,
2026-07-03T20:00:18.599979+00:00,2026-07-03T20:00:18.599866,2,2,117.6,0.4,117.4,150,117.3,100,,,,,,,,,,,,,,,,,117.8,59,117.9,150,,,,,,,,,,,,,,,,
2026-07-03T20:00:18.865112+00:00,2026-07-03T20:00:18.865244,2,2,117.6,0.4,117.4,100,117.3,100,,,,,,,,,,,,,,,,,117.8,59,117.9,150,,,,,,,,,,,,,,,,
2026-07-03T20:00:19.070154+00:00,2026-07-03T20:00:19.070093,2,2,117.6,0.4,117.4,100,117.3,100,,,,,,,,,,,,,,,,,117.8,19,117.9,150,,,,,,,,,,,,,,,,
2026-07-03T20:00:20.335514+00:00,2026-07-03T20:00:20.335674,1,1,117.65,0.5,117.4,100,,,,,,,,,,,,,,,,,,,117.9,150,,,,,,,,,,,,,,,,,,
2026-07-03T20:00:20.391450+00:00,2026-07-03T20:00:20.391598,2,1,117.7,0.4,117.5,100,117.4,100,,,,,,,,,,,,,,,,,117.9,150,,,,,,,,,,,,,,,,,,
2026-07-03T20:00:20.444881+00:00,2026-07-03T20:00:20.444784,2,2,117.7,0.4,117.5,100,117.4,100,,,,,,,,,,,,,,,,,117.9,150,118.0,100,,,,,,,,,,,,,,,,
2026-07-03T20:00:20.890613+00:00,2026-07-03T20:00:20.890548,2,2,117.7,0.4,117.5,57,117.4,100,,,,,,,,,,,,,,,,,117.9,150,118.0,100,,,,,,,,,,,,,,,,
2026-07-03T20:00:20.972802+00:00,2026-07-03T20:00:20.972726,2,2,117.7,0.4,117.5,7,117.4,100,,,,,,,,,,,,,,,,,117.9,150,118.0,100,,,,,,,,,,,,,,,,
2026-07-03T20:00:21.381185+00:00,2026-07-03T20:00:21.381313,1,1,117.75,0.5,117.5,7,,,,,,,,,,,,,,,,,,,118.0,100,,,,,,,,,,,,,,,,,,
2026-07-03T20:00:21.433385+00:00,2026-07-03T20:00:21.433341,2,1,117.75,0.5,117.5,7,117.0,150,,,,,,,,,,,,,,,,,118.0,100,,,,,,,,,,,,,,,,,,
2026-07-03T20:00:21.488582+00:00,2026-07-03T20:00:21.488427,1,2,117.25,0.5,117.0,150,,,,,,,,,,,,,,,,,,,117.5,143,118.0,100,,,,,,,,,,,,,,,,
2026-07-03T20:00:22.458629+00:00,2026-07-03T20:00:22.457005,1,2,117.25,0.5,117.0,150,,,,,,,,,,,,,,,,,,,117.5,95,118.0,100,,,,,,,,,,,,,,,,
2026-07-03T20:00:23.081150+00:00,2026-07-03T20:00:23.081077,1,2,117.25,0.5,117.0,100,,,,,,,,,,,,,,,,,,,117.5,95,118.0,100,,,,,,,,,,,,,,,,
2026-07-03T20:00:23.497480+00:00,2026-07-03T20:00:23.497582,1,1,117.25,0.5,117.0,100,,,,,,,,,,,,,,,,,,,117.5,95,,,,,,,,,,,,,,,,,,
2026-07-03T20:00:23.550102+00:00,2026-07-03T20:00:23.549974,2,1,117.35,0.3,117.2,100,117.0,100,,,,,,,,,,,,,,,,,117.5,95,,,,,,,,,,,,,,,,,,
2026-07-03T20:00:23.602657+00:00,2026-07-03T20:00:23.602783,2,2,117.35,0.3,117.2,100,117.0,100,,,,,,,,,,,,,,,,,117.5,95,117.7,100,,,,,,,,,,,,,,,,
2026-07-03T20:00:24.547695+00:00,2026-07-03T20:00:24.547588,1,1,117.45,0.5,117.2,100,,,,,,,,,,,,,,,,,,,117.7,100,,,,,,,,,,,,,,,,,,
2026-07-03T20:00:24.603536+00:00,2026-07-03T20:00:24.603451,1,1,117.45,0.5,117.2,250,,,,,,,,,,,,,,,,,,,117.7,100,,,,,,,,,,,,,,,,,,
2026-07-03T20:00:24.652227+00:00,2026-07-03T20:00:24.652518,1,1,117.45,0.5,117.2,250,,,,,,,,,,,,,,,,,,,117.7,250,,,,,,,,,,,,,,,,,,
2026-07-03T20:00:25.186914+00:00,2026-07-03T20:00:25.186871,1,1,117.45,0.5,117.2,200,,,,,,,,,,,,,,,,,,,117.7,250,,,,,,,,,,,,,,,,,,
2026-07-03T20:00:26.669642+00:00,2026-07-03T20:00:26.669534,1,1,117.45,0.5,117.2,200,,,,,,,,,,,,,,,,,,,117.7,150,,,,,,,,,,,,,,,,,,
2026-07-03T20:00:26.674633+00:00,2026-07-03T20:00:26.674722,1,1,117.45,0.5,117.2,150,,,,,,,,,,,,,,,,,,,117.7,150,,,,,,,,,,,,,,,,,,
2026-07-03T20:00:26.728750+00:00,2026-07-03T20:00:26.728610,2,1,117.45,0.5,117.2,150,116.9,100,,,,,,,,,,,,,,,,,117.7,150,,,,,,,,,,,,,,,,,,
2026-07-03T20:00:26.784480+00:00,2026-07-03T20:00:26.784583,2,2,117.3,0.2,117.2,150,116.9,100,,,,,,,,,,,,,,,,,117.4,100,117.7,150,,,,,,,,,,,,,,,,
2026-07-03T20:00:27.169630+00:00,2026-07-03T20:00:27.169544,2,2,117.3,0.2,117.2,110,116.9,100,,,,,,,,,,,,,,,,,117.4,100,117.7,150,,,,,,,,,,,,,,,,
2026-07-03T20:00:27.242665+00:00,2026-07-03T20:00:27.242556,2,2,117.3,0.2,117.2,110,116.9,100,,,,,,,,,,,,,,,,,117.4,50,117.7,150,,,,,,,,,,,,,,,,
2026-07-03T20:00:27.710326+00:00,2026-07-03T20:00:27.710254,1,1,117.15,0.5,116.9,100,,,,,,,,,,,,,,,,,,,117.4,50,,,,,,,,,,,,,,,,,,
2026-07-03T20:00:27.733672+00:00,2026-07-03T20:00:27.733538,1,1,117.15,0.5,116.9,100,,,,,,,,,,,,,,,,,,,117.4,6,,,,,,,,,,,,,,,,,,
2026-07-03T20:00:27.758578+00:00,2026-07-03T20:00:27.756835,2,1,117.15,0.5,116.9,100,116.8,150,,,,,,,,,,,,,,,,,117.4,6,,,,,,,,,,,,,,,,,,
2026-07-03T20:00:27.814758+00:00,2026-07-03T20:00:27.814664,2,2,117.1,0.4,116.9,100,116.8,150,,,,,,,,,,,,,,,,,117.3,150,117.4,6,,,,,,,,,,,,,,,,
2026-07-03T20:00:29.351731+00:00,2026-07-03T20:00:29.351588,2,2,117.1,0.4,116.9,100,116.8,150,,,,,,,,,,,,,,,,,117.3,100,117.4,6,,,,,,,,,,,,,,,,
2026-07-03T20:00:29.836681+00:00,2026-07-03T20:00:29.836552,1,1,117.05,0.5,116.8,150,,,,,,,,,,,,,,,,,,,117.3,100,,,,,,,,,,,,,,,,,,
2026-07-03T20:00:29.890520+00:00,2026-07-03T20:00:29.890396,2,1,117.2,0.2,117.1,100,116.8,150,,,,,,,,,,,,,,,,,117.3,100,,,,,,,,,,,,,,,,,,
2026-07-03T20:00:29.958713+00:00,2026-07-03T20:00:29.943020,2,2,117.2,0.2,117.1,100,116.8,150,,,,,,,,,,,,,,,,,117.3,100,117.6,100,,,,,,,,,,,,,,,,
2026-07-03T20:00:30.488841+00:00,2026-07-03T20:00:30.483130,2,2,117.2,0.2,117.1,100,116.8,150,,,,,,,,,,,,,,,,,117.3,97,117.6,100,,,,,,,,,,,,,,,,
2026-07-03T20:00:30.867802+00:00,2026-07-03T20:00:30.868035,2,1,117.35,0.5,117.1,100,116.8,150,,,,,,,,,,,,,,,,,117.6,100,,,,,,,,,,,,,,,,,,
2026-07-03T20:00:30.873144+00:00,2026-07-03T20:00:30.873233,1,1,117.35,0.5,117.1,100,,,,,,,,,,,,,,,,,,,117.6,100,,,,,,,,,,,,,,,,,,
2026-07-03T20:00:30.932260+00:00,2026-07-03T20:00:30.932034,1,1,117.35,0.5,117.1,250,,,,,,,,,,,,,,,,,,,117.6,100,,,,,,,,,,,,,,,,,,
2026-07-03T20:00:30.987659+00:00,2026-07-03T20:00:30.987593,1,1,117.35,0.5,117.1,250,,,,,,,,,,,,,,,,,,,117.6,250,,,,,,,,,,,,,,,,,,
2026-07-03T20:00:31.370646+00:00,2026-07-03T20:00:31.370528,1,1,117.35,0.5,117.1,209,,,,,,,,,,,,,,,,,,,117.6,250,,,,,,,,,,,,,,,,,,
2026-07-03T20:00:31.458668+00:00,2026-07-03T20:00:31.452911,1,1,117.35,0.5,117.1,209,,,,,,,,,,,,,,,,,,,117.6,200,,,,,,,,,,,,,,,,,,
2026-07-03T20:00:32.997933+00:00,2026-07-03T20:00:32.997899,1,1,117.35,0.5,117.1,150,,,,,,,,,,,,,,,,,,,117.6,150,,,,,,,,,,,,,,,,,,
2026-07-03T20:00:33.008300+00:00,2026-07-03T20:00:33.008392,1,1,117.35,0.5,117.1,104,,,,,,,,,,,,,,,,,,,117.6,150,,,,,,,,,,,,,,,,,,
2026-07-03T20:00:33.048504+00:00,2026-07-03T20:00:33.058760,2,1,117.45,0.3,117.3,100,117.1,104,,,,,,,,,,,,,,,,,117.6,150,,,,,,,,,,,,,,,,,,
2026-07-03T20:00:33.110046+00:00,2026-07-03T20:00:33.109854,2,2,117.45,0.3,117.3,100,117.1,104,,,,,,,,,,,,,,,,,117.6,150,117.8,100,,,,,,,,,,,,,,,,
2026-07-03T20:00:33.575908+00:00,2026-07-03T20:00:33.575797,2,2,117.45,0.3,117.3,100,117.1,104,,,,,,,,,,,,,,,,,117.6,100,117.8,100,,,,,,,,,,,,,,,,
2026-07-03T20:00:33.947305+00:00,2026-07-03T20:00:33.947187,2,2,117.45,0.3,117.3,100,117.1,104,,,,,,,,,,,,,,,,,117.6,60,117.8,100,,,,,,,,,,,,,,,,
2026-07-03T20:00:34.037946+00:00,2026-07-03T20:00:34.037840,1,1,117.55,0.5,117.3,100,,,,,,,,,,,,,,,,,,,117.8,100,,,,,,,,,,,,,,,,,,
2026-07-03T20:00:34.090500+00:00,2026-07-03T20:00:34.090368,2,1,117.55,0.5,117.3,100,117.2,150,,,,,,,,,,,,,,,,,117.8,100,,,,,,,,,,,,,,,,,,
2026-07-03T20:00:34.143449+00:00,2026-07-03T20:00:34.143382,2,2,117.5,0.4,117.3,100,117.2,150,,,,,,,,,,,,,,,,,117.7,150,117.8,100,,,,,,,,,,,,,,,,
2026-07-03T20:00:35.681496+00:00,2026-07-03T20:00:35.681720,2,2,117.5,0.4,117.3,100,117.2,150,,,,,,,,,,,,,,,,,117.7,100,117.8,100,,,,,,,,,,,,,,,,
2026-07-03T20:00:36.157719+00:00,2026-07-03T20:00:36.157991,1,1,117.45,0.5,117.2,150,,,,,,,,,,,,,,,,,,,117.7,100,,,,,,,,,,,,,,,,,,
2026-07-03T20:00:36.218162+00:00,2026-07-03T20:00:36.218089,2,1,117.5,0.4,117.3,100,117.2,150,,,,,,,,,,,,,,,,,117.7,100,,,,,,,,,,,,,,,,,,
2026-07-03T20:00:36.270820+00:00,2026-07-03T20:00:36.270979,2,2,117.5,0.4,117.3,100,117.2,150,,,,,,,,,,,,,,,,,117.7,100,117.8,100,,,,,,,,,,,,,,,,
2026-07-03T20:00:36.574224+00:00,2026-07-03T20:00:36.574103,2,2,117.5,0.4,117.3,58,117.2,150,,,,,,,,,,,,,,,,,117.7,100,117.8,100,,,,,,,,,,,,,,,,
2026-07-03T20:00:37.199110+00:00,2026-07-03T20:00:37.199048,1,1,117.55,0.5,117.3,58,,,,,,,,,,,,,,,,,,,117.8,100,,,,,,,,,,,,,,,,,,
2026-07-03T20:00:37.272377+00:00,2026-07-03T20:00:37.263822,2,1,117.6,0.4,117.4,147,117.3,58,,,,,,,,,,,,,,,,,117.8,100,,,,,,,,,,,,,,,,,,
2026-07-03T20:00:37.307686+00:00,2026-07-03T20:00:37.307564,2,2,117.6,0.4,117.4,147,117.3,58,,,,,,,,,,,,,,,,,117.8,100,117.9,150,,,,,,,,,,,,,,,,
2026-07-03T20:00:37.789259+00:00,2026-07-03T20:00:37.789122,2,2,117.6,0.4,117.4,147,117.3,58,,,,,,,,,,,,,,,,,117.8,50,117.9,150,,,,,,,,,,,,,,,,
2026-07-03T20:00:39.241563+00:00,2026-07-03T20:00:39.241451,2,2,117.6,0.4,117.4,147,117.3,58,,,,,,,,,,,,,,,,,117.8,2,117.9,150,,,,,,,,,,,,,,,,
2026-07-03T20:00:39.326032+00:00,2026-07-03T20:00:39.325888,1,1,117.65,0.5,117.4,147,,,,,,,,,,,,,,,,,,,117.9,150,,,,,,,,,,,,,,,,,,
2026-07-03T20:00:39.394455+00:00,2026-07-03T20:00:39.394283,2,1,117.75,0.3,117.6,100,117.4,147,,,,,,,,,,,,,,,,,117.9,150,,,,,,,,,,,,,,,,,,
2026-07-03T20:00:39.464001+00:00,2026-07-03T20:00:39.463876,2,2,117.75,0.3,117.6,100,117.4,147,,,,,,,,,,,,,,,,,117.9,150,118.1,100,,,,,,,,,,,,,,,,
2026-07-03T20:00:39.949366+00:00,2026-07-03T20:00:39.949274,2,2,117.75,0.3,117.6,50,117.4,147,,,,,,,,,,,,,,,,,117.9,150,118.1,100,,,,,,,,,,,,,,,,
2026-07-03T20:00:40.361919+00:00,2026-07-03T20:00:40.361822,1,1,117.85,0.5,117.6,50,,,,,,,,,,,,,,,,,,,118.1,100,,,,,,,,,,,,,,,,,,
2026-07-03T20:00:40.416720+00:00,2026-07-03T20:00:40.416617,1,1,117.85,0.5,117.6,200,,,,,,,,,,,,,,,,,,,118.1,100,,,,,,,,,,,,,,,,,,
2026-07-03T20:00:40.470267+00:00,2026-07-03T20:00:40.470122,1,1,117.85,0.5,117.6,200,,,,,,,,,,,,,,,,,,,118.1,250,,,,,,,,,,,,,,,,,,
2026-07-03T20:00:42.058740+00:00,2026-07-03T20:00:42.050863,1,1,117.85,0.5,117.6,150,,,,,,,,,,,,,,,,,,,118.1,250,,,,,,,,,,,,,,,,,,
2026-07-03T20:00:42.504642+00:00,2026-07-03T20:00:42.504547,1,1,117.85,0.5,117.6,150,,,,,,,,,,,,,,,,,,,118.1,150,,,,,,,,,,,,,,,,,,
2026-07-03T20:00:42.558559+00:00,2026-07-03T20:00:42.557315,2,1,117.85,0.5,117.6,150,117.2,100,,,,,,,,,,,,,,,,,118.1,150,,,,,,,,,,,,,,,,,,
2026-07-03T20:00:42.613586+00:00,2026-07-03T20:00:42.613472,2,2,117.65,0.1,117.6,150,117.2,100,,,,,,,,,,,,,,,,,117.7,100,118.1,150,,,,,,,,,,,,,,,,
2026-07-03T20:00:42.853398+00:00,2026-07-03T20:00:42.853610,2,2,117.65,0.1,117.6,109,117.2,100,,,,,,,,,,,,,,,,,117.7,100,118.1,150,,,,,,,,,,,,,,,,
2026-07-03T20:00:43.524744+00:00,2026-07-03T20:00:43.524911,2,1,117.65,0.1,117.6,109,117.2,100,,,,,,,,,,,,,,,,,117.7,100,,,,,,,,,,,,,,,,,,
2026-07-03T20:00:43.530138+00:00,2026-07-03T20:00:43.530100,1,1,117.45,0.5,117.2,100,,,,,,,,,,,,,,,,,,,117.7,100,,,,,,,,,,,,,,,,,,
2026-07-03T20:00:43.590851+00:00,2026-07-03T20:00:43.590768,2,1,117.5,0.4,117.3,150,117.2,100,,,,,,,,,,,,,,,,,117.7,100,,,,,,,,,,,,,,,,,,
2026-07-03T20:00:43.644556+00:00,2026-07-03T20:00:43.644420,2,2,117.5,0.4,117.3,150,117.2,100,,,,,,,,,,,,,,,,,117.7,100,117.8,150,,,,,,,,,,,,,,,,
2026-07-03T20:00:43.803086+00:00,2026-07-03T20:00:43.803050,2,2,117.5,0.4,117.3,150,117.2,100,,,,,,,,,,,,,,,,,117.7,58,117.8,150,,,,,,,,,,,,,,,,
2026-07-03T20:00:44.156744+00:00,2026-07-03T20:00:44.156923,2,2,117.5,0.4,117.3,100,117.2,100,,,,,,,,,,,,,,,,,117.7,58,117.8,150,,,,,,,,,,,,,,,,
2026-07-03T20:00:45.669515+00:00,2026-07-03T20:00:45.669395,1,1,117.55,0.5,117.3,100,,,,,,,,,,,,,,,,,,,117.8,150,,,,,,,,,,,,,,,,,,
2026-07-03T20:00:45.725556+00:00,2026-07-03T20:00:45.725437,2,1,117.6,0.4,117.4,100,117.3,100,,,,,,,,,,,,,,,,,117.8,150,,,,,,,,,,,,,,,,,,
2026-07-03T20:00:45.778323+00:00,2026-07-03T20:00:45.778139,2,2,117.6,0.4,117.4,100,117.3,100,,,,,,,,,,,,,,,,,117.8,150,117.9,100,,,,,,,,,,,,,,,,
2026-07-03T20:00:46.268822+00:00,2026-07-03T20:00:46.268687,2,2,117.6,0.4,117.4,50,117.3,100,,,,,,,,,,,,,,,,,117.8,150,117.9,100,,,,,,,,,,,,,,,,
2026-07-03T20:00:46.700888+00:00,2026-07-03T20:00:46.700781,1,1,117.65,0.5,117.4,50,,,,,,,,,,,,,,,,,,,117.9,100,,,,,,,,,,,,,,,,,,
2026-07-03T20:00:46.754335+00:00,2026-07-03T20:00:46.754443,2,1,117.65,0.5,117.4,50,117.2,150,,,,,,,,,,,,,,,,,117.9,100,,,,,,,,,,,,,,,,,,
2026-07-03T20:00:46.807077+00:00,2026-07-03T20:00:46.806988,2,2,117.55,0.3,117.4,50,117.2,150,,,,,,,,,,,,,,,,,117.7,150,117.9,100,,,,,,,,,,,,,,,,
2026-07-03T20:00:48.376609+00:00,2026-07-03T20:00:48.376486,1,2,117.45,0.5,117.2,150,,,,,,,,,,,,,,,,,,,117.7,150,117.9,100,,,,,,,,,,,,,,,,
2026-07-03T20:00:48.734914+00:00,2026-07-03T20:00:48.734853,1,2,117.45,0.5,117.2,150,,,,,,,,,,,,,,,,,,,117.7,108,117.9,100,,,,,,,,,,,,,,,,
2026-07-03T20:00:48.840332+00:00,2026-07-03T20:00:48.835049,1,1,117.45,0.5,117.2,150,,,,,,,,,,,,,,,,,,,117.7,105,,,,,,,,,,,,,,,,,,
2026-07-03T20:00:48.889972+00:00,2026-07-03T20:00:48.890182,2,1,117.6,0.2,117.5,100,117.2,150,,,,,,,,,,,,,,,,,117.7,105,,,,,,,,,,,,,,,,,,
2026-07-03T20:00:48.947670+00:00,2026-07-03T20:00:48.947488,2,2,117.6,0.2,117.5,100,117.2,150,,,,,,,,,,,,,,,,,117.7,105,118.0,100,,,,,,,,,,,,,,,,
2026-07-03T20:00:49.858637+00:00,2026-07-03T20:00:49.855930,1,1,117.75,0.5,117.5,100,,,,,,,,,,,,,,,,,,,118.0,100,,,,,,,,,,,,,,,,,,
2026-07-03T20:00:49.916022+00:00,2026-07-03T20:00:49.915899,2,1,117.9,0.2,117.8,150,117.5,100,,,,,,,,,,,,,,,,,118.0,100,,,,,,,,,,,,,,,,,,
2026-07-03T20:00:49.969019+00:00,2026-07-03T20:00:49.968900,2,2,117.9,0.2,117.8,150,117.5,100,,,,,,,,,,,,,,,,,118.0,100,118.3,150,,,,,,,,,,,,,,,,
2026-07-03T20:00:50.432769+00:00,2026-07-03T20:00:50.432665,2,2,117.9,0.2,117.8,150,117.5,100,,,,,,,,,,,,,,,,,118.0,50,118.3,150,,,,,,,,,,,,,,,,
2026-07-03T20:00:52.001621+00:00,2026-07-03T20:00:52.001509,1,1,118.05,0.5,117.8,150,,,,,,,,,,,,,,,,,,,118.3,150,,,,,,,,,,,,,,,,,,
2026-07-03T20:00:52.058685+00:00,2026-07-03T20:00:52.055839,2,1,118.05,0.5,117.8,150,117.6,100,,,,,,,,,,,,,,,,,118.3,150,,,,,,,,,,,,,,,,,,
2026-07-03T20:00:52.110418+00:00,2026-07-03T20:00:52.110639,2,2,117.95,0.3,117.8,150,117.6,100,,,,,,,,,,,,,,,,,118.1,100,118.3,150,,,,,,,,,,,,,,,,
2026-07-03T20:00:52.591244+00:00,2026-07-03T20:00:52.591173,2,2,117.95,0.3,117.8,100,117.6,100,,,,,,,,,,,,,,,,,118.1,100,118.3,150,,,,,,,,,,,,,,,,
2026-07-03T20:00:53.022581+00:00,2026-07-03T20:00:53.022721,1,1,117.85,0.5,117.6,100,,,,,,,,,,,,,,,,,,,118.1,100,,,,,,,,,,,,,,,,,,
2026-07-03T20:00:53.078146+00:00,2026-07-03T20:00:53.077966,1,1,117.85,0.5,117.6,250,,,,,,,,,,,,,,,,,,,118.1,100,,,,,,,,,,,,,,,,,,
2026-07-03T20:00:53.140991+00:00,2026-07-03T20:00:53.131256,1,1,117.85,0.5,117.6,250,,,,,,,,,,,,,,,,,,,118.1,250,,,,,,,,,,,,,,,,,,
2026-07-03T20:00:54.696314+00:00,2026-07-03T20:00:54.696211,1,1,117.85,0.5,117.6,200,,,,,,,,,,,,,,,,,,,118.1,250,,,,,,,,,,,,,,,,,,
2026-07-03T20:00:55.169017+00:00,2026-07-03T20:00:55.168957,1,1,117.85,0.5,117.6,150,,,,,,,,,,,,,,,,,,,118.1,150,,,,,,,,,,,,,,,,,,
2026-07-03T20:00:55.219059+00:00,2026-07-03T20:00:55.218947,1,1,117.85,0.5,117.6,250,,,,,,,,,,,,,,,,,,,118.1,150,,,,,,,,,,,,,,,,,,
2026-07-03T20:00:55.269760+00:00,2026-07-03T20:00:55.269670,1,1,117.85,0.5,117.6,250,,,,,,,,,,,,,,,,,,,118.1,250,,,,,,,,,,,,,,,,,,
2026-07-03T20:00:56.186118+00:00,2026-07-03T20:00:56.186334,1,1,117.85,0.5,117.6,100,,,,,,,,,,,,,,,,,,,118.1,100,,,,,,,,,,,,,,,,,,
2026-07-03T20:00:56.241049+00:00,2026-07-03T20:00:56.240937,1,1,117.85,0.5,117.6,250,,,,,,,,,,,,,,,,,,,118.1,100,,,,,,,,,,,,,,,,,,
2026-07-03T20:00:56.302914+00:00,2026-07-03T20:00:56.293830,1,1,117.85,0.5,117.6,250,,,,,,,,,,,,,,,,,,,118.1,250,,,,,,,,,,,,,,,,,,
2026-07-03T20:00:56.803862+00:00,2026-07-03T20:00:56.803836,1,1,117.85,0.5,117.6,200,,,,,,,,,,,,,,,,,,,118.1,250,,,,,,,,,,,,,,,,,,
2026-07-03T20:00:58.327387+00:00,2026-07-03T20:00:58.327342,1,1,117.85,0.5,117.6,150,,,,,,,,,,,,,,,,,,,118.1,150,,,,,,,,,,,,,,,,,,
2026-07-03T20:00:58.379205+00:00,2026-07-03T20:00:58.379132,2,1,117.85,0.5,117.6,150,117.1,100,,,,,,,,,,,,,,,,,118.1,150,,,,,,,,,,,,,,,,,,
2026-07-03T20:00:58.432489+00:00,2026-07-03T20:00:58.432457,2,1,117.85,0.5,117.6,50,117.1,100,,,,,,,,,,,,,,,,,118.1,150,,,,,,,,,,,,,,,,,,
2026-07-03T20:00:58.910690+00:00,2026-07-03T20:00:58.910650,1,1,117.6,1.0,117.1,100,,,,,,,,,,,,,,,,,,,118.1,150,,,,,,,,,,,,,,,,,,
2026-07-03T20:00:59.346810+00:00,2026-07-03T20:00:59.346701,1,0,,,117.1,100,,,,,,,,,,,,,,,,,,,,,,,,,,,,,,,,,,,,,,
2026-07-03T20:00:59.395070+00:00,2026-07-03T20:00:59.395018,2,0,,,117.1,100,116.8,150,,,,,,,,,,,,,,,,,,,,,,,,,,,,,,,,,,,,
2026-07-03T20:00:59.461456+00:00,2026-07-03T20:00:59.456207,2,1,117.2,0.2,117.1,100,116.8,150,,,,,,,,,,,,,,,,,117.3,116,,,,,,,,,,,,,,,,,,
2026-07-03T20:01:00.626313+00:00,2026-07-03T20:01:00.621245,2,1,117.2,0.2,117.1,100,116.8,150,,,,,,,,,,,,,,,,,117.3,104,,,,,,,,,,,,,,,,,,
2026-07-03T20:01:01.017299+00:00,2026-07-03T20:01:01.017262,2,1,117.2,0.2,117.1,50,116.8,150,,,,,,,,,,,,,,,,,117.3,104,,,,,,,,,,,,,,,,,,
2026-07-03T20:01:01.490094+00:00,2026-07-03T20:01:01.489946,1,1,117.05,0.5,116.8,150,,,,,,,,,,,,,,,,,,,117.3,104,,,,,,,,,,,,,,,,,,
2026-07-03T20:01:01.543143+00:00,2026-07-03T20:01:01.543068,1,1,117.05,0.5,116.8,150,,,,,,,,,,,,,,,,,,,117.3,4,,,,,,,,,,,,,,,,,,
2026-07-03T20:01:01.596249+00:00,2026-07-03T20:01:01.596193,1,2,117.05,0.5,116.8,150,,,,,,,,,,,,,,,,,,,117.3,4,117.9,100,,,,,,,,,,,,,,,,
2026-07-03T20:01:02.505838+00:00,2026-07-03T20:01:02.505805,0,1,,,,,,,,,,,,,,,,,,,,,,,117.9,100,,,,,,,,,,,,,,,,,,
2026-07-03T20:01:02.568123+00:00,2026-07-03T20:01:02.561973,1,1,117.65,0.5,117.4,138,,,,,,,,,,,,,,,,,,,117.9,100,,,,,,,,,,,,,,,,,,
2026-07-03T20:01:02.613632+00:00,2026-07-03T20:01:02.613555,1,1,117.65,0.5,117.4,138,,,,,,,,,,,,,,,,,,,117.9,250,,,,,,,,,,,,,,,,,,
2026-07-03T20:01:03.120880+00:00,2026-07-03T20:01:03.120753,1,1,117.65,0.5,117.4,88,,,,,,,,,,,,,,,,,,,117.9,250,,,,,,,,,,,,,,,,,,
2026-07-03T20:01:04.658794+00:00,2026-07-03T20:01:04.658673,1,1,117.65,0.5,117.4,88,,,,,,,,,,,,,,,,,,,117.9,150,,,,,,,,,,,,,,,,,,
2026-07-03T20:01:04.708332+00:00,2026-07-03T20:01:04.708074,2,1,117.65,0.5,117.4,88,117.0,100,,,,,,,,,,,,,,,,,117.9,150,,,,,,,,,,,,,,,,,,
2026-07-03T20:01:04.761838+00:00,2026-07-03T20:01:04.761737,2,2,117.45,0.1,117.4,88,117.0,100,,,,,,,,,,,,,,,,,117.5,100,117.9,150,,,,,,,,,,,,,,,,
2026-07-03T20:01:05.227719+00:00,2026-07-03T20:01:05.227658,2,2,117.45,0.1,117.4,38,117.0,100,,,,,,,,,,,,,,,,,117.5,100,117.9,150,,,,,,,,,,,,,,,,
2026-07-03T20:01:05.458797+00:00,2026-07-03T20:01:05.455521,1,2,117.25,0.5,117.0,96,,,,,,,,,,,,,,,,,,,117.5,100,117.9,150,,,,,,,,,,,,,,,,
2026-07-03T20:01:05.668141+00:00,2026-07-03T20:01:05.668078,1,1,117.25,0.5,117.0,96,,,,,,,,,,,,,,,,,,,117.5,100,,,,,,,,,,,,,,,,,,
2026-07-03T20:01:05.721071+00:00,2026-07-03T20:01:05.721018,2,1,117.25,0.5,117.0,96,116.7,150,,,,,,,,,,,,,,,,,117.5,100,,,,,,,,,,,,,,,,,,
2026-07-03T20:01:05.774568+00:00,2026-07-03T20:01:05.774500,2,2,117.1,0.2,117.0,96,116.7,150,,,,,,,,,,,,,,,,,117.2,150,117.5,100,,,,,,,,,,,,,,,,
2026-07-03T20:01:06.508863+00:00,2026-07-03T20:01:06.508733,2,2,117.1,0.2,117.0,96,116.7,150,,,,,,,,,,,,,,,,,117.2,102,117.5,100,,,,,,,,,,,,,,,,
2026-07-03T20:01:06.564123+00:00,2026-07-03T20:01:06.564084,2,2,117.1,0.2,117.0,54,116.7,150,,,,,,,,,,,,,,,,,117.2,102,117.5,100,,,,,,,,,,,,,,,,
2026-07-03T20:01:07.334497+00:00,2026-07-03T20:01:07.334438,2,2,117.1,0.2,117.0,4,116.7,150,,,,,,,,,,,,,,,,,117.2,102,117.5,100,,,,,,,,,,,,,,,,
2026-07-03T20:01:07.815874+00:00,2026-07-03T20:01:07.816032,2,1,117.1,0.2,117.0,4,116.7,150,,,,,,,,,,,,,,,,,117.2,102,,,,,,,,,,,,,,,,,,
2026-07-03T20:01:07.821371+00:00,2026-07-03T20:01:07.821201,1,1,116.95,0.5,116.7,150,,,,,,,,,,,,,,,,,,,117.2,102,,,,,,,,,,,,,,,,,,
2026-07-03T20:01:07.870486+00:00,2026-07-03T20:01:07.870349,2,1,116.95,0.5,116.7,150,116.6,100,,,,,,,,,,,,,,,,,117.2,102,,,,,,,,,,,,,,,,,,
2026-07-03T20:01:07.921565+00:00,2026-07-03T20:01:07.921697,2,2,116.9,0.4,116.7,150,116.6,100,,,,,,,,,,,,,,,,,117.1,100,117.2,102,,,,,,,,,,,,,,,,
2026-07-03T20:01:07.930794+00:00,2026-07-03T20:01:07.925403,2,2,116.9,0.4,116.7,150,116.6,100,,,,,,,,,,,,,,,,,117.1,88,117.2,102,,,,,,,,,,,,,,,,
2026-07-03T20:01:08.829508+00:00,2026-07-03T20:01:08.829631,1,1,116.85,0.5,116.6,100,,,,,,,,,,,,,,,,,,,117.1,88,,,,,,,,,,,,,,,,,,
2026-07-03T20:01:08.881845+00:00,2026-07-03T20:01:08.881772,2,1,117.0,0.2,116.9,150,116.6,100,,,,,,,,,,,,,,,,,117.1,88,,,,,,,,,,,,,,,,,,
2026-07-03T20:01:08.936644+00:00,2026-07-03T20:01:08.936530,2,2,117.0,0.2,116.9,150,116.6,100,,,,,,,,,,,,,,,,,117.1,88,117.4,150,,,,,,,,,,,,,,,,
2026-07-03T20:01:09.139088+00:00,2026-07-03T20:01:09.133918,2,2,117.0,0.2,116.9,150,116.6,100,,,,,,,,,,,,,,,,,117.1,77,117.4,150,,,,,,,,,,,,,,,,
2026-07-03T20:01:09.444625+00:00,2026-07-03T20:01:09.444506,2,2,117.0,0.2,116.9,100,116.6,100,,,,,,,,,,,,,,,,,117.1,77,117.4,150,,,,,,,,,,,,,,,,
2026-07-03T20:01:09.766230+00:00,2026-07-03T20:01:09.766198,2,2,117.0,0.2,116.9,100,116.6,100,,,,,,,,,,,,,,,,,117.1,33,117.4,150,,,,,,,,,,,,,,,,
2026-07-03T20:01:10.296542+00:00,2026-07-03T20:01:10.296398,2,1,117.15,0.5,116.9,100,116.6,100,,,,,,,,,,,,,,,,,117.4,150,,,,,,,,,,,,,,,,,,
2026-07-03T20:01:10.976413+00:00,2026-07-03T20:01:10.976355,1,1,117.15,0.5,116.9,100,,,,,,,,,,,,,,,,,,,117.4,150,,,,,,,,,,,,,,,,,,
2026-07-03T20:01:11.030820+00:00,2026-07-03T20:01:11.030788,1,1,117.15,0.5,116.9,200,,,,,,,,,,,,,,,,,,,117.4,150,,,,,,,,,,,,,,,,,,
2026-07-03T20:01:11.084049+00:00,2026-07-03T20:01:11.083974,1,1,117.15,0.5,116.9,200,,,,,,,,,,,,,,,,,,,117.4,250,,,,,,,,,,,,,,,,,,
2026-07-03T20:01:11.501598+00:00,2026-07-03T20:01:11.501457,1,1,117.15,0.5,116.9,200,,,,,,,,,,,,,,,,,,,117.4,200,,,,,,,,,,,,,,,,,,
2026-07-03T20:01:12.000163+00:00,2026-07-03T20:01:11.999989,1,1,117.15,0.5,116.9,100,,,,,,,,,,,,,,,,,,,117.4,100,,,,,,,,,,,,,,,,,,
2026-07-03T20:01:12.058610+00:00,2026-07-03T20:01:12.040981,2,1,117.2,0.4,117.0,150,116.9,100,,,,,,,,,,,,,,,,,117.4,100,,,,,,,,,,,,,,,,,,
2026-07-03T20:01:12.158759+00:00,2026-07-03T20:01:12.106380,2,2,117.2,0.4,117.0,150,116.9,100,,,,,,,,,,,,,,,,,117.4,100,117.5,150,,,,,,,,,,,,,,,,
2026-07-03T20:01:12.332667+00:00,2026-07-03T20:01:12.332557,2,2,117.2,0.4,117.0,106,116.9,100,,,,,,,,,,,,,,,,,117.4,100,117.5,150,,,,,,,,,,,,,,,,
2026-07-03T20:01:13.617756+00:00,2026-07-03T20:01:13.617628,2,2,117.2,0.4,117.0,106,116.9,100,,,,,,,,,,,,,,,,,117.4,50,117.5,150,,,,,,,,,,,,,,,,
2026-07-03T20:01:13.869442+00:00,2026-07-03T20:01:13.869316,2,2,117.2,0.4,117.0,57,116.9,100,,,,,,,,,,,,,,,,,117.4,50,117.5,150,,,,,,,,,,,,,,,,
2026-07-03T20:01:14.136608+00:00,2026-07-03T20:01:14.136568,1,1,117.25,0.5,117.0,57,,,,,,,,,,,,,,,,,,,117.5,150,,,,,,,,,,,,,,,,,,
2026-07-03T20:01:14.191720+00:00,2026-07-03T20:01:14.191566,2,1,117.4,0.2,117.3,100,117.0,57,,,,,,,,,,,,,,,,,117.5,150,,,,,,,,,,,,,,,,,,
2026-07-03T20:01:14.245178+00:00,2026-07-03T20:01:14.245024,2,2,117.4,0.2,117.3,100,117.0,57,,,,,,,,,,,,,,,,,117.5,150,117.8,100,,,,,,,,,,,,,,,,
2026-07-03T20:01:15.167892+00:00,2026-07-03T20:01:15.168092,2,1,117.55,0.5,117.3,100,117.0,57,,,,,,,,,,,,,,,,,117.8,100,,,,,,,,,,,,,,,,,,
2026-07-03T20:01:15.173378+00:00,2026-07-03T20:01:15.173307,1,1,117.55,0.5,117.3,100,,,,,,,,,,,,,,,,,,,117.8,100,,,,,,,,,,,,,,,,,,
2026-07-03T20:01:15.223721+00:00,2026-07-03T20:01:15.223693,2,1,117.55,0.5,117.3,100,116.6,150,,,,,,,,,,,,,,,,,117.8,100,,,,,,,,,,,,,,,,,,
2026-07-03T20:01:15.283223+00:00,2026-07-03T20:01:15.283171,1,2,116.85,0.5,116.6,150,,,,,,,,,,,,,,,,,,,117.1,50,117.8,100,,,,,,,,,,,,,,,,
2026-07-03T20:01:15.787659+00:00,2026-07-03T20:01:15.787613,1,2,116.85,0.5,116.6,100,,,,,,,,,,,,,,,,,,,117.1,50,117.8,100,,,,,,,,,,,,,,,,
2026-07-03T20:01:16.404431+00:00,2026-07-03T20:01:16.385794,1,2,116.85,0.5,116.6,100,,,,,,,,,,,,,,,,,,,117.1,39,117.8,100,,,,,,,,,,,,,,,,
2026-07-03T20:01:17.299495+00:00,2026-07-03T20:01:17.299452,1,1,116.85,0.5,116.6,100,,,,,,,,,,,,,,,,,,,117.1,39,,,,,,,,,,,,,,,,,,
2026-07-03T20:01:17.364017+00:00,2026-07-03T20:01:17.363911,2,1,117.05,0.1,117.0,100,116.6,100,,,,,,,,,,,,,,,,,117.1,39,,,,,,,,,,,,,,,,,,
2026-07-03T20:01:17.408372+00:00,2026-07-03T20:01:17.408258,2,2,117.05,0.1,117.0,100,116.6,100,,,,,,,,,,,,,,,,,117.1,39,117.5,100,,,,,,,,,,,,,,,,
2026-07-03T20:01:17.841318+00:00,2026-07-03T20:01:17.841257,2,1,117.25,0.5,117.0,100,116.6,100,,,,,,,,,,,,,,,,,117.5,100,,,,,,,,,,,,,,,,,,
2026-07-03T20:01:18.332760+00:00,2026-07-03T20:01:18.332646,1,1,117.25,0.5,117.0,100,,,,,,,,,,,,,,,,,,,117.5,100,,,,,,,,,,,,,,,,,,
2026-07-03T20:01:18.384531+00:00,2026-07-03T20:01:18.384490,2,1,117.25,0.5,117.0,100,116.8,150,,,,,,,,,,,,,,,,,117.5,100,,,,,,,,,,,,,,,,,,
2026-07-03T20:01:18.437406+00:00,2026-07-03T20:01:18.437368,2,2,117.15,0.3,117.0,100,116.8,150,,,,,,,,,,,,,,,,,117.3,150,117.5,100,,,,,,,,,,,,,,,,
2026-07-03T20:01:18.945840+00:00,2026-07-03T20:01:18.946029,2,2,117.15,0.3,117.0,100,116.8,150,,,,,,,,,,,,,,,,,117.3,104,117.5,100,,,,,,,,,,,,,,,,
2026-07-03T20:01:19.969399+00:00,2026-07-03T20:01:19.969267,2,2,117.15,0.3,117.0,100,116.8,150,,,,,,,,,,,,,,,,,117.3,54,117.5,100,,,,,,,,,,,,,,,,
2026-07-03T20:01:20.464028+00:00,2026-07-03T20:01:20.463970,1,1,117.05,0.5,116.8,150,,,,,,,,,,,,,,,,,,,117.3,54,,,,,,,,,,,,,,,,,,
2026-07-03T20:01:20.474494+00:00,2026-07-03T20:01:20.474376,1,1,117.05,0.5,116.8,150,,,,,,,,,,,,,,,,,,,117.3,5,,,,,,,,,,,,,,,,,,
2026-07-03T20:01:20.518596+00:00,2026-07-03T20:01:20.518485,2,1,117.15,0.3,117.0,100,116.8,150,,,,,,,,,,,,,,,,,117.3,5,,,,,,,,,,,,,,,,,,
2026-07-03T20:01:20.579656+00:00,2026-07-03T20:01:20.579614,2,2,117.15,0.3,117.0,100,116.8,150,,,,,,,,,,,,,,,,,117.3,5,117.5,100,,,,,,,,,,,,,,,,
2026-07-03T20:01:21.493553+00:00,2026-07-03T20:01:21.493492,1,1,117.25,0.5,117.0,100,,,,,,,,,,,,,,,,,,,117.5,100,,,,,,,,,,,,,,,,,,
2026-07-03T20:01:21.547620+00:00,2026-07-03T20:01:21.547581,2,0,,,118.2,50,117.0,100,,,,,,,,,,,,,,,,,,,,,,,,,,,,,,,,,,,,
2026-07-03T20:01:21.614679+00:00,2026-07-03T20:01:21.608679,2,1,118.45,0.5,118.2,28,117.0,100,,,,,,,,,,,,,,,,,118.7,150,,,,,,,,,,,,,,,,,,
2026-07-03T20:01:21.623329+00:00,2026-07-03T20:01:21.618144,1,1,117.85,1.7,117.0,100,,,,,,,,,,,,,,,,,,,118.7,150,,,,,,,,,,,,,,,,,,
2026-07-03T20:01:22.985207+00:00,2026-07-03T20:01:22.985132,1,1,117.85,1.7,117.0,56,,,,,,,,,,,,,,,,,,,118.7,150,,,,,,,,,,,,,,,,,,
2026-07-03T20:01:23.631598+00:00,2026-07-03T20:01:23.631502,0,1,,,,,,,,,,,,,,,,,,,,,,,118.7,150,,,,,,,,,,,,,,,,,,
2026-07-03T20:01:23.689785+00:00,2026-07-03T20:01:23.689689,1,1,118.05,1.3,117.4,100,,,,,,,,,,,,,,,,,,,118.7,150,,,,,,,,,,,,,,,,,,
2026-07-03T20:01:23.745614+00:00,2026-07-03T20:01:23.745502,1,2,117.65,0.5,117.4,100,,,,,,,,,,,,,,,,,,,117.9,100,118.7,150,,,,,,,,,,,,,,,,
2026-07-03T20:01:24.181152+00:00,2026-07-03T20:01:24.181087,1,2,117.65,0.5,117.4,100,,,,,,,,,,,,,,,,,,,117.9,50,118.7,150,,,,,,,,,,,,,,,,
2026-07-03T20:01:24.669580+00:00,2026-07-03T20:01:24.669497,1,1,117.65,0.5,117.4,100,,,,,,,,,,,,,,,,,,,117.9,50,,,,,,,,,,,,,,,,,,
2026-07-03T20:01:24.720431+00:00,2026-07-03T20:01:24.720313,2,1,117.65,0.5,117.4,100,117.3,150,,,,,,,,,,,,,,,,,117.9,50,,,,,,,,,,,,,,,,,,
2026-07-03T20:01:24.774487+00:00,2026-07-03T20:01:24.774245,2,2,117.6,0.4,117.4,100,117.3,150,,,,,,,,,,,,,,,,,117.8,150,117.9,50,,,,,,,,,,,,,,,,
2026-07-03T20:01:24.908741+00:00,2026-07-03T20:01:24.902969,2,2,117.6,0.4,117.4,100,117.3,150,,,,,,,,,,,,,,,,,117.8,145,117.9,50,,,,,,,,,,,,,,,,
2026-07-03T20:01:25.936747+00:00,2026-07-03T20:01:25.936723,2,2,117.6,0.4,117.4,100,117.3,150,,,,,,,,,,,,,,,,,117.8,105,117.9,50,,,,,,,,,,,,,,,,
2026-07-03T20:01:26.289958+00:00,2026-07-03T20:01:26.289895,2,2,117.6,0.4,117.4,100,117.3,150,,,,,,,,,,,,,,,,,117.8,55,117.9,50,,,,,,,,,,,,,,,,
2026-07-03T20:01:26.799261+00:00,2026-07-03T20:01:26.799111,1,1,117.55,0.5,117.3,150,,,,,,,,,,,,,,,,,,,117.8,55,,,,,,,,,,,,,,,,,,
2026-07-03T20:01:26.858627+00:00,2026-07-03T20:01:26.853873,2,1,117.7,0.2,117.6,100,117.3,150,,,,,,,,,,,,,,,,,117.8,55,,,,,,,,,,,,,,,,,,
2026-07-03T20:01:26.912101+00:00,2026-07-03T20:01:26.911976,2,2,117.7,0.2,117.6,100,117.3,150,,,,,,,,,,,,,,,,,117.8,55,118.1,100,,,,,,,,,,,,,,,,
2026-07-03T20:01:27.658932+00:00,2026-07-03T20:01:27.658763,2,2,117.7,0.2,117.6,60,117.3,150,,,,,,,,,,,,,,,,,117.8,55,118.1,100,,,,,,,,,,,,,,,,
2026-07-03T20:01:27.837444+00:00,2026-07-03T20:01:27.837327,1,1,117.85,0.5,117.6,60,,,,,,,,,,,,,,,,,,,118.1,100,,,,,,,,,,,,,,,,,,
2026-07-03T20:01:27.891886+00:00,2026-07-03T20:01:27.891789,2,1,117.9,0.4,117.7,150,117.6,60,,,,,,,,,,,,,,,,,118.1,100,,,,,,,,,,,,,,,,,,
2026-07-03T20:01:27.945088+00:00,2026-07-03T20:01:27.945058,2,2,117.9,0.4,117.7,150,117.6,60,,,,,,,,,,,,,,,,,118.1,100,118.2,150,,,,,,,,,,,,,,,,
2026-07-03T20:01:28.397901+00:00,2026-07-03T20:01:28.397807,2,2,117.9,0.4,117.7,150,117.6,60,,,,,,,,,,,,,,,,,118.1,50,118.2,150,,,,,,,,,,,,,,,,
2026-07-03T20:01:29.956316+00:00,2026-07-03T20:01:29.956417,2,1,117.95,0.5,117.7,150,117.6,60,,,,,,,,,,,,,,,,,118.2,150,,,,,,,,,,,,,,,,,,
2026-07-03T20:01:29.961813+00:00,2026-07-03T20:01:29.961603,1,1,117.95,0.5,117.7,150,,,,,,,,,,,,,,,,,,,118.2,150,,,,,,,,,,,,,,,,,,
2026-07-03T20:01:30.011400+00:00,2026-07-03T20:01:30.011298,1,1,117.95,0.5,117.7,250,,,,,,,,,,,,,,,,,,,118.2,150,,,,,,,,,,,,,,,,,,
2026-07-03T20:01:30.084389+00:00,2026-07-03T20:01:30.084288,1,1,117.95,0.5,117.7,250,,,,,,,,,,,,,,,,,,,118.2,250,,,,,,,,,,,,,,,,,,
2026-07-03T20:01:30.504653+00:00,2026-07-03T20:01:30.504539,1,1,117.95,0.5,117.7,250,,,,,,,,,,,,,,,,,,,118.2,200,,,,,,,,,,,,,,,,,,
2026-07-03T20:01:31.005145+00:00,2026-07-03T20:01:31.005042,1,1,117.95,0.5,117.7,100,,,,,,,,,,,,,,,,,,,118.2,100,,,,,,,,,,,,,,,,,,
2026-07-03T20:01:31.060209+00:00,2026-07-03T20:01:31.060040,2,1,118.1,0.2,118.0,150,117.7,100,,,,,,,,,,,,,,,,,118.2,100,,,,,,,,,,,,,,,,,,
2026-07-03T20:01:31.113233+00:00,2026-07-03T20:01:31.113186,2,2,118.1,0.2,118.0,150,117.7,100,,,,,,,,,,,,,,,,,118.2,100,118.5,150,,,,,,,,,,,,,,,,
2026-07-03T20:01:32.611551+00:00,2026-07-03T20:01:32.611408,2,2,118.1,0.2,118.0,150,117.7,100,,,,,,,,,,,,,,,,,118.2,50,118.5,150,,,,,,,,,,,,,,,,
2026-07-03T20:01:33.142008+00:00,2026-07-03T20:01:33.141967,1,1,118.25,0.5,118.0,150,,,,,,,,,,,,,,,,,,,118.5,150,,,,,,,,,,,,,,,,,,
2026-07-03T20:01:33.197317+00:00,2026-07-03T20:01:33.197209,2,1,118.25,0.5,118.0,150,117.9,100,,,,,,,,,,,,,,,,,118.5,150,,,,,,,,,,,,,,,,,,
2026-07-03T20:01:33.250544+00:00,2026-07-03T20:01:33.250477,2,2,118.2,0.4,118.0,150,117.9,100,,,,,,,,,,,,,,,,,118.4,100,118.5,150,,,,,,,,,,,,,,,,
2026-07-03T20:01:34.167000+00:00,2026-07-03T20:01:34.166945,1,1,118.15,0.5,117.9,100,,,,,,,,,,,,,,,,,,,118.4,100,,,,,,,,,,,,,,,,,,
2026-07-03T20:01:34.220037+00:00,2026-07-03T20:01:34.219974,2,1,118.2,0.4,118.0,150,117.9,100,,,,,,,,,,,,,,,,,118.4,100,,,,,,,,,,,,,,,,,,
2026-07-03T20:01:34.272370+00:00,2026-07-03T20:01:34.272468,2,2,118.2,0.4,118.0,150,117.9,100,,,,,,,,,,,,,,,,,118.4,100,118.5,150,,,,,,,,,,,,,,,,
2026-07-03T20:01:34.593914+00:00,2026-07-03T20:01:34.588236,2,2,118.2,0.4,118.0,138,117.9,100,,,,,,,,,,,,,,,,,118.4,100,118.5,150,,,,,,,,,,,,,,,,
2026-07-03T20:01:36.036317+00:00,2026-07-03T20:01:36.030579,2,2,118.2,0.4,118.0,127,117.9,100,,,,,,,,,,,,,,,,,118.4,100,118.5,150,,,,,,,,,,,,,,,,
2026-07-03T20:01:36.326042+00:00,2026-07-03T20:01:36.326213,2,1,118.25,0.5,118.0,127,117.9,100,,,,,,,,,,,,,,,,,118.5,150,,,,,,,,,,,,,,,,,,
2026-07-03T20:01:36.331469+00:00,2026-07-03T20:01:36.331381,1,1,118.25,0.5,118.0,127,,,,,,,,,,,,,,,,,,,118.5,150,,,,,,,,,,,,,,,,,,
2026-07-03T20:01:36.389763+00:00,2026-07-03T20:01:36.379138,2,1,118.25,0.5,118.0,127,117.6,100,,,,,,,,,,,,,,,,,118.5,150,,,,,,,,,,,,,,,,,,
2026-07-03T20:01:36.433184+00:00,2026-07-03T20:01:36.433010,2,2,118.05,0.1,118.0,127,117.6,100,,,,,,,,,,,,,,,,,118.1,100,118.5,150,,,,,,,,,,,,,,,,
2026-07-03T20:01:36.834617+00:00,2026-07-03T20:01:36.834563,2,2,118.05,0.1,118.0,127,117.6,100,,,,,,,,,,,,,,,,,118.1,50,118.5,150,,,,,,,,,,,,,,,,
2026-07-03T20:01:37.230905+00:00,2026-07-03T20:01:37.230657,2,2,118.05,0.1,118.0,78,117.6,100,,,,,,,,,,,,,,,,,118.1,50,118.5,150,,,,,,,,,,,,,,,,
2026-07-03T20:01:37.325827+00:00,2026-07-03T20:01:37.325745,1,1,117.85,0.5,117.6,100,,,,,,,,,,,,,,,,,,,118.1,50,,,,,,,,,,,,,,,,,,
2026-07-03T20:01:37.380135+00:00,2026-07-03T20:01:37.380076,2,1,117.85,0.5,117.6,100,117.5,150,,,,,,,,,,,,,,,,,118.1,50,,,,,,,,,,,,,,,,,,
2026-07-03T20:01:37.433370+00:00,2026-07-03T20:01:37.433261,2,2,117.8,0.4,117.6,100,117.5,150,,,,,,,,,,,,,,,,,118.0,150,118.1,50,,,,,,,,,,,,,,,,
2026-07-03T20:01:38.558551+00:00,2026-07-03T20:01:38.556059,2,2,117.8,0.4,117.6,54,117.5,150,,,,,,,,,,,,,,,,,118.0,150,118.1,50,,,,,,,,,,,,,,,,
2026-07-03T20:01:38.949135+00:00,2026-07-03T20:01:38.948973,2,2,117.8,0.4,117.6,54,117.5,150,,,,,,,,,,,,,,,,,118.0,100,118.1,50,,,,,,,,,,,,,,,,
2026-07-03T20:01:39.487298+00:00,2026-07-03T20:01:39.487219,1,1,117.75,0.5,117.5,150,,,,,,,,,,,,,,,,,,,118.0,100,,,,,,,,,,,,,,,,,,
2026-07-03T20:01:39.543303+00:00,2026-07-03T20:01:39.543223,2,1,117.9,0.2,117.8,100,117.5,150,,,,,,,,,,,,,,,,,118.0,100,,,,,,,,,,,,,,,,,,
2026-07-03T20:01:39.596378+00:00,2026-07-03T20:01:39.596289,2,2,117.9,0.2,117.8,100,117.5,150,,,,,,,,,,,,,,,,,118.0,100,118.3,100,,,,,,,,,,,,,,,,
2026-07-03T20:01:39.982488+00:00,2026-07-03T20:01:39.973915,2,2,117.9,0.2,117.8,100,117.5,150,,,,,,,,,,,,,,,,,118.0,89,118.3,100,,,,,,,,,,,,,,,,
2026-07-03T20:01:40.274457+00:00,2026-07-03T20:01:40.274355,2,2,117.9,0.2,117.8,100,117.5,150,,,,,,,,,,,,,,,,,118.0,45,118.3,100,,,,,,,,,,,,,,,,
2026-07-03T20:01:40.487729+00:00,2026-07-03T20:01:40.487630,1,1,118.05,0.5,117.8,100,,,,,,,,,,,,,,,,,,,118.3,100,,,,,,,,,,,,,,,,,,
2026-07-03T20:01:40.544087+00:00,2026-07-03T20:01:40.539297,2,1,118.25,0.1,118.2,136,117.8,100,,,,,,,,,,,,,,,,,118.3,100,,,,,,,,,,,,,,,,,,
2026-07-03T20:01:40.592624+00:00,2026-07-03T20:01:40.592585,2,2,118.25,0.1,118.2,136,117.8,100,,,,,,,,,,,,,,,,,118.3,100,118.7,150,,,,,,,,,,,,,,,,
2026-07-03T20:01:42.649873+00:00,2026-07-03T20:01:42.649709,1,1,118.45,0.5,118.2,136,,,,,,,,,,,,,,,,,,,118.7,150,,,,,,,,,,,,,,,,,,
2026-07-03T20:01:42.705064+00:00,2026-07-03T20:01:42.705010,2,1,118.45,0.5,118.2,136,117.7,100,,,,,,,,,,,,,,,,,118.7,150,,,,,,,,,,,,,,,,,,
2026-07-03T20:01:42.758675+00:00,2026-07-03T20:01:42.757485,2,1,118.45,0.5,118.2,36,117.7,100,,,,,,,,,,,,,,,,,118.7,150,,,,,,,,,,,,,,,,,,
2026-07-03T20:01:43.645090+00:00,2026-07-03T20:01:43.645053,1,0,,,117.7,100,,,,,,,,,,,,,,,,,,,,,,,,,,,,,,,,,,,,,,
2026-07-03T20:01:43.697983+00:00,2026-07-03T20:01:43.697865,2,0,,,117.7,100,117.5,150,,,,,,,,,,,,,,,,,,,,,,,,,,,,,,,,,,,,
2026-07-03T20:01:43.749457+00:00,2026-07-03T20:01:43.749402,2,1,117.85,0.3,117.7,100,117.5,150,,,,,,,,,,,,,,,,,118.0,150,,,,,,,,,,,,,,,,,,
2026-07-03T20:01:43.774141+00:00,2026-07-03T20:01:43.765045,2,1,117.85,0.3,117.7,52,117.5,150,,,,,,,,,,,,,,,,,118.0,150,,,,,,,,,,,,,,,,,,
2026-07-03T20:01:44.841693+00:00,2026-07-03T20:01:44.841658,2,1,117.85,0.3,117.7,52,117.5,150,,,,,,,,,,,,,,,,,118.0,109,,,,,,,,,,,,,,,,,,
2026-07-03T20:01:45.311722+00:00,2026-07-03T20:01:45.311668,2,1,117.85,0.3,117.7,2,117.5,150,,,,,,,,,,,,,,,,,118.0,109,,,,,,,,,,,,,,,,,,
2026-07-03T20:01:45.812759+00:00,2026-07-03T20:01:45.812600,1,1,117.75,0.5,117.5,150,,,,,,,,,,,,,,,,,,,118.0,109,,,,,,,,,,,,,,,,,,
2026-07-03T20:01:45.865638+00:00,2026-07-03T20:01:45.865472,1,1,117.75,0.5,117.5,250,,,,,,,,,,,,,,,,,,,118.0,109,,,,,,,,,,,,,,,,,,
2026-07-03T20:01:45.911049+00:00,2026-07-03T20:01:45.911013,1,1,117.75,0.5,117.5,203,,,,,,,,,,,,,,,,,,,118.0,109,,,,,,,,,,,,,,,,,,
2026-07-03T20:01:45.916248+00:00,2026-07-03T20:01:45.916177,1,1,117.75,0.5,117.5,203,,,,,,,,,,,,,,,,,,,118.0,209,,,,,,,,,,,,,,,,,,
2026-07-03T20:01:46.799873+00:00,2026-07-03T20:01:46.799802,1,1,117.75,0.5,117.5,100,,,,,,,,,,,,,,,,,,,118.0,100,,,,,,,,,,,,,,,,,,
2026-07-03T20:01:46.855379+00:00,2026-07-03T20:01:46.855303,2,1,117.75,0.5,117.5,100,117.3,150,,,,,,,,,,,,,,,,,118.0,100,,,,,,,,,,,,,,,,,,
2026-07-03T20:01:46.908270+00:00,2026-07-03T20:01:46.908197,2,2,117.65,0.3,117.5,100,117.3,150,,,,,,,,,,,,,,,,,117.8,150,118.0,100,,,,,,,,,,,,,,,,
2026-07-03T20:01:47.420054+00:00,2026-07-03T20:01:47.420173,2,2,117.65,0.3,117.5,50,117.3,150,,,,,,,,,,,,,,,,,117.8,150,118.0,100,,,,,,,,,,,,,,,,
2026-07-03T20:01:48.971572+00:00,2026-07-03T20:01:48.971514,1,1,117.55,0.5,117.3,150,,,,,,,,,,,,,,,,,,,117.8,150,,,,,,,,,,,,,,,,,,
2026-07-03T20:01:49.030318+00:00,2026-07-03T20:01:49.030400,1,1,117.55,0.5,117.3,250,,,,,,,,,,,,,,,,,,,117.8,150,,,,,,,,,,,,,,,,,,
2026-07-03T20:01:49.083341+00:00,2026-07-03T20:01:49.083258,1,1,117.55,0.5,117.3,250,,,,,,,,,,,,,,,,,,,117.8,250,,,,,,,,,,,,,,,,,,
2026-07-03T20:01:49.434521+00:00,2026-07-03T20:01:49.434465,1,1,117.55,0.5,117.3,250,,,,,,,,,,,,,,,,,,,117.8,205,,,,,,,,,,,,,,,,,,
2026-07-03T20:01:49.525958+00:00,2026-07-03T20:01:49.525855,1,1,117.55,0.5,117.3,200,,,,,,,,,,,,,,,,,,,117.8,205,,,,,,,,,,,,,,,,,,
2026-07-03T20:01:49.963917+00:00,2026-07-03T20:01:49.963804,1,1,117.55,0.5,117.3,100,,,,,,,,,,,,,,,,,,,117.8,100,,,,,,,,,,,,,,,,,,
2026-07-03T20:01:50.016011+00:00,2026-07-03T20:01:50.015963,1,1,117.55,0.5,117.3,250,,,,,,,,,,,,,,,,,,,117.8,100,,,,,,,,,,,,,,,,,,
2026-07-03T20:01:50.069475+00:00,2026-07-03T20:01:50.069422,1,1,117.55,0.5,117.3,250,,,,,,,,,,,,,,,,,,,117.8,250,,,,,,,,,,,,,,,,,,
2026-07-03T20:01:50.330163+00:00,2026-07-03T20:01:50.325357,1,1,117.55,0.5,117.3,250,,,,,,,,,,,,,,,,,,,117.8,247,,,,,,,,,,,,,,,,,,
2026-07-03T20:01:50.621736+00:00,2026-07-03T20:01:50.621627,1,1,117.55,0.5,117.3,250,,,,,,,,,,,,,,,,,,,117.8,202,,,,,,,,,,,,,,,,,,
2026-07-03T20:01:51.635472+00:00,2026-07-03T20:01:51.635369,1,1,117.55,0.5,117.3,200,,,,,,,,,,,,,,,,,,,117.8,202,,,,,,,,,,,,,,,,,,
2026-07-03T20:01:51.658653+00:00,2026-07-03T20:01:51.656588,1,1,117.55,0.5,117.3,151,,,,,,,,,,,,,,,,,,,117.8,202,,,,,,,,,,,,,,,,,,
2026-07-03T20:01:52.137420+00:00,2026-07-03T20:01:52.137343,1,1,117.55,0.5,117.3,150,,,,,,,,,,,,,,,,,,,117.8,150,,,,,,,,,,,,,,,,,,
2026-07-03T20:01:52.190710+00:00,2026-07-03T20:01:52.190788,1,1,117.55,0.5,117.3,250,,,,,,,,,,,,,,,,,,,117.8,150,,,,,,,,,,,,,,,,,,
2026-07-03T20:01:52.248351+00:00,2026-07-03T20:01:52.248263,1,1,117.55,0.5,117.3,250,,,,,,,,,,,,,,,,,,,117.8,250,,,,,,,,,,,,,,,,,,
2026-07-03T20:01:53.121971+00:00,2026-07-03T20:01:53.121939,1,1,117.55,0.5,117.3,100,,,,,,,,,,,,,,,,,,,117.8,100,,,,,,,,,,,,,,,,,,
2026-07-03T20:01:53.175481+00:00,2026-07-03T20:01:53.175342,2,1,117.6,0.4,117.4,150,117.3,100,,,,,,,,,,,,,,,,,117.8,100,,,,,,,,,,,,,,,,,,
2026-07-03T20:01:53.274434+00:00,2026-07-03T20:01:53.274581,2,2,117.6,0.4,117.4,150,117.3,100,,,,,,,,,,,,,,,,,117.8,100,117.9,150,,,,,,,,,,,,,,,,
2026-07-03T20:01:53.744303+00:00,2026-07-03T20:01:53.744190,2,2,117.6,0.4,117.4,100,117.3,100,,,,,,,,,,,,,,,,,117.8,100,117.9,150,,,,,,,,,,,,,,,,
2026-07-03T20:01:54.396658+00:00,2026-07-03T20:01:54.391989,2,2,117.6,0.4,117.4,100,117.3,100,,,,,,,,,,,,,,,,,117.8,89,117.9,150,,,,,,,,,,,,,,,,
2026-07-03T20:01:55.297043+00:00,2026-07-03T20:01:55.296996,1,1,117.65,0.5,117.4,100,,,,,,,,,,,,,,,,,,,117.9,150,,,,,,,,,,,,,,,,,,
2026-07-03T20:01:55.358628+00:00,2026-07-03T20:01:55.353032,2,1,117.7,0.4,117.5,100,117.4,100,,,,,,,,,,,,,,,,,117.9,150,,,,,,,,,,,,,,,,,,
2026-07-03T20:01:55.414713+00:00,2026-07-03T20:01:55.404072,2,2,117.7,0.4,117.5,100,117.4,100,,,,,,,,,,,,,,,,,117.9,150,118.0,100,,,,,,,,,,,,,,,,
2026-07-03T20:01:55.850745+00:00,2026-07-03T20:01:55.850624,2,2,117.7,0.4,117.5,50,117.4,100,,,,,,,,,,,,,,,,,117.9,150,118.0,100,,,,,,,,,,,,,,,,
2026-07-03T20:01:56.332052+00:00,2026-07-03T20:01:56.331869,1,1,117.75,0.5,117.5,50,,,,,,,,,,,,,,,,,,,118.0,100,,,,,,,,,,,,,,,,,,
2026-07-03T20:01:56.389258+00:00,2026-07-03T20:01:56.389226,2,1,117.75,0.5,117.5,50,116.9,150,,,,,,,,,,,,,,,,,118.0,100,,,,,,,,,,,,,,,,,,
2026-07-03T20:01:56.451900+00:00,2026-07-03T20:01:56.446279,1,2,117.15,0.5,116.9,150,,,,,,,,,,,,,,,,,,,117.4,88,118.0,100,,,,,,,,,,,,,,,,
2026-07-03T20:01:56.719521+00:00,2026-07-03T20:01:56.719700,1,2,117.15,0.5,116.9,150,,,,,,,,,,,,,,,,,,,117.4,44,118.0,100,,,,,,,,,,,,,,,,
2026-07-03T20:01:57.344727+00:00,2026-07-03T20:01:57.344862,1,2,117.15,0.5,116.9,110,,,,,,,,,,,,,,,,,,,117.4,44,118.0,100,,,,,,,,,,,,,,,,
2026-07-03T20:01:57.958669+00:00,2026-07-03T20:01:57.952003,1,2,117.15,0.5,116.9,60,,,,,,,,,,,,,,,,,,,117.4,44,118.0,100,,,,,,,,,,,,,,,,
2026-07-03T20:01:58.458642+00:00,2026-07-03T20:01:58.457768,1,1,117.15,0.5,116.9,60,,,,,,,,,,,,,,,,,,,117.4,44,,,,,,,,,,,,,,,,,,
2026-07-03T20:01:58.515750+00:00,2026-07-03T20:01:58.515622,2,1,117.15,0.5,116.9,60,116.8,100,,,,,,,,,,,,,,,,,117.4,44,,,,,,,,,,,,,,,,,,
2026-07-03T20:01:58.568588+00:00,2026-07-03T20:01:58.568478,2,2,117.1,0.4,116.9,60,116.8,100,,,,,,,,,,,,,,,,,117.3,100,117.4,44,,,,,,,,,,,,,,,,
2026-07-03T20:01:59.496419+00:00,2026-07-03T20:01:59.496390,2,1,117.1,0.4,116.9,60,116.8,100,,,,,,,,,,,,,,,,,117.3,100,,,,,,,,,,,,,,,,,,
2026-07-03T20:01:59.501593+00:00,2026-07-03T20:01:59.501543,1,1,117.05,0.5,116.8,100,,,,,,,,,,,,,,,,,,,117.3,100,,,,,,,,,,,,,,,,,,
2026-07-03T20:01:59.558688+00:00,2026-07-03T20:01:59.551904,2,1,117.15,0.3,117.0,150,116.8,100,,,,,,,,,,,,,,,,,117.3,100,,,,,,,,,,,,,,,,,,
2026-07-03T20:01:59.605018+00:00,2026-07-03T20:01:59.604928,2,2,117.15,0.3,117.0,150,116.8,100,,,,,,,,,,,,,,,,,117.3,100,117.5,150,,,,,,,,,,,,,,,,
2026-07-03T20:02:00.065520+00:00,2026-07-03T20:02:00.065484,2,2,117.15,0.3,117.0,100,116.8,100,,,,,,,,,,,,,,,,,117.3,100,117.5,150,,,,,,,,,,,,,,,,
2026-07-03T20:02:01.623414+00:00,2026-07-03T20:02:01.623277,1,1,117.25,0.5,117.0,100,,,,,,,,,,,,,,,,,,,117.5,150,,,,,,,,,,,,,,,,,,
2026-07-03T20:02:01.677866+00:00,2026-07-03T20:02:01.677767,2,1,117.25,0.5,117.0,100,116.7,100,,,,,,,,,,,,,,,,,117.5,150,,,,,,,,,,,,,,,,,,
2026-07-03T20:02:01.761115+00:00,2026-07-03T20:02:01.753207,2,2,117.1,0.2,117.0,100,116.7,100,,,,,,,,,,,,,,,,,117.2,89,117.5,150,,,,,,,,,,,,,,,,
2026-07-03T20:02:02.171084+00:00,2026-07-03T20:02:02.171319,2,2,117.1,0.2,117.0,50,116.7,100,,,,,,,,,,,,,,,,,117.2,89,117.5,150,,,,,,,,,,,,,,,,
2026-07-03T20:02:02.658643+00:00,2026-07-03T20:02:02.654735,1,1,116.95,0.5,116.7,100,,,,,,,,,,,,,,,,,,,117.2,89,,,,,,,,,,,,,,,,,,
2026-07-03T20:02:02.714486+00:00,2026-07-03T20:02:02.714395,2,1,116.95,0.5,116.7,100,116.5,150,,,,,,,,,,,,,,,,,117.2,89,,,,,,,,,,,,,,,,,,
2026-07-03T20:02:02.776390+00:00,2026-07-03T20:02:02.770927,2,2,116.85,0.3,116.7,100,116.5,150,,,,,,,,,,,,,,,,,117.0,138,117.2,89,,,,,,,,,,,,,,,,
2026-07-03T20:02:03.887762+00:00,2026-07-03T20:02:03.887641,2,2,116.85,0.3,116.7,100,116.5,150,,,,,,,,,,,,,,,,,117.0,93,117.2,89,,,,,,,,,,,,,,,,
2026-07-03T20:02:04.278125+00:00,2026-07-03T20:02:04.278087,2,2,116.85,0.3,116.7,50,116.5,150,,,,,,,,,,,,,,,,,117.0,93,117.2,89,,,,,,,,,,,,,,,,
2026-07-03T20:02:04.483921+00:00,2026-07-03T20:02:04.483837,2,2,116.85,0.3,116.7,50,116.5,150,,,,,,,,,,,,,,,,,117.0,46,117.2,89,,,,,,,,,,,,,,,,
2026-07-03T20:02:04.537727+00:00,2026-07-03T20:02:04.537637,2,2,116.85,0.3,116.7,1,116.5,150,,,,,,,,,,,,,,,,,117.0,46,117.2,89,,,,,,,,,,,,,,,,
2026-07-03T20:02:04.804743+00:00,2026-07-03T20:02:04.804619,1,1,116.75,0.5,116.5,150,,,,,,,,,,,,,,,,,,,117.0,46,,,,,,,,,,,,,,,,,,
2026-07-03T20:02:04.858567+00:00,2026-07-03T20:02:04.855485,2,1,116.75,0.5,116.5,150,116.4,100,,,,,,,,,,,,,,,,,117.0,46,,,,,,,,,,,,,,,,,,
2026-07-03T20:02:04.912693+00:00,2026-07-03T20:02:04.912604,2,2,116.7,0.4,116.5,150,116.4,100,,,,,,,,,,,,,,,,,116.9,100,117.0,46,,,,,,,,,,,,,,,,
2026-07-03T20:02:05.001301+00:00,2026-07-03T20:02:05.001165,2,2,116.7,0.4,116.5,103,116.4,100,,,,,,,,,,,,,,,,,116.9,100,117.0,46,,,,,,,,,,,,,,,,
2026-07-03T20:02:05.558590+00:00,2026-07-03T20:02:05.557553,2,2,116.7,0.4,116.5,103,116.4,100,,,,,,,,,,,,,,,,,116.9,54,117.0,46,,,,,,,,,,,,,,,,
2026-07-03T20:02:05.822108+00:00,2026-07-03T20:02:05.822084,1,1,116.65,0.5,116.4,100,,,,,,,,,,,,,,,,,,,116.9,54,,,,,,,,,,,,,,,,,,
2026-07-03T20:02:05.876352+00:00,2026-07-03T20:02:05.876305,2,1,116.7,0.4,116.5,150,116.4,100,,,,,,,,,,,,,,,,,116.9,54,,,,,,,,,,,,,,,,,,
2026-07-03T20:02:05.928744+00:00,2026-07-03T20:02:05.928956,2,2,116.7,0.4,116.5,150,116.4,100,,,,,,,,,,,,,,,,,116.9,54,117.0,150,,,,,,,,,,,,,,,,
2026-07-03T20:02:06.386939+00:00,2026-07-03T20:02:06.386885,2,2,116.7,0.4,116.5,100,116.4,100,,,,,,,,,,,,,,,,,116.9,54,117.0,150,,,,,,,,,,,,,,,,
2026-07-03T20:02:07.967276+00:00,2026-07-03T20:02:07.967212,1,1,116.75,0.5,116.5,100,,,,,,,,,,,,,,,,,,,117.0,150,,,,,,,,,,,,,,,,,,
2026-07-03T20:02:08.022580+00:00,2026-07-03T20:02:08.022493,2,1,116.75,0.5,116.5,100,116.4,100,,,,,,,,,,,,,,,,,117.0,150,,,,,,,,,,,,,,,,,,
2026-07-03T20:02:08.076313+00:00,2026-07-03T20:02:08.076198,2,2,116.7,0.4,116.5,100,116.4,100,,,,,,,,,,,,,,,,,116.9,100,117.0,150,,,,,,,,,,,,,,,,
2026-07-03T20:02:09.002639+00:00,2026-07-03T20:02:09.002560,1,1,116.65,0.5,116.4,100,,,,,,,,,,,,,,,,,,,116.9,100,,,,,,,,,,,,,,,,,,
2026-07-03T20:02:09.058597+00:00,2026-07-03T20:02:09.052322,2,1,116.65,0.5,116.4,100,116.3,150,,,,,,,,,,,,,,,,,116.9,100,,,,,,,,,,,,,,,,,,
2026-07-03T20:02:09.105588+00:00,2026-07-03T20:02:09.105421,2,2,116.6,0.4,116.4,100,116.3,150,,,,,,,,,,,,,,,,,116.8,150,116.9,100,,,,,,,,,,,,,,,,
2026-07-03T20:02:10.040042+00:00,2026-07-03T20:02:10.040269,2,2,116.6,0.4,116.4,58,116.3,150,,,,,,,,,,,,,,,,,116.8,150,116.9,100,,,,,,,,,,,,,,,,
2026-07-03T20:02:10.546370+00:00,2026-07-03T20:02:10.546486,2,2,116.6,0.4,116.4,58,116.3,150,,,,,,,,,,,,,,,,,116.8,100,116.9,100,,,,,,,,,,,,,,,,
2026-07-03T20:02:11.129201+00:00,2026-07-03T20:02:11.129063,1,1,116.55,0.5,116.3,150,,,,,,,,,,,,,,,,,,,116.8,100,,,,,,,,,,,,,,,,,,
2026-07-03T20:02:11.185682+00:00,2026-07-03T20:02:11.185631,2,1,116.55,0.5,116.3,150,116.0,100,,,,,,,,,,,,,,,,,116.8,100,,,,,,,,,,,,,,,,,,
2026-07-03T20:02:11.248995+00:00,2026-07-03T20:02:11.242514,2,2,116.4,0.2,116.3,150,116.0,100,,,,,,,,,,,,,,,,,116.5,89,116.8,100,,,,,,,,,,,,,,,,
2026-07-03T20:02:11.707411+00:00,2026-07-03T20:02:11.707341,2,2,116.4,0.2,116.3,150,116.0,100,,,,,,,,,,,,,,,,,116.5,49,116.8,100,,,,,,,,,,,,,,,,
2026-07-03T20:02:12.158696+00:00,2026-07-03T20:02:12.155264,1,1,116.25,0.5,116.0,100,,,,,,,,,,,,,,,,,,,116.5,49,,,,,,,,,,,,,,,,,,
2026-07-03T20:02:12.216893+00:00,2026-07-03T20:02:12.216788,2,1,116.4,0.2,116.3,150,116.0,100,,,,,,,,,,,,,,,,,116.5,49,,,,,,,,,,,,,,,,,,
2026-07-03T20:02:12.270044+00:00,2026-07-03T20:02:12.269984,2,2,116.4,0.2,116.3,150,116.0,100,,,,,,,,,,,,,,,,,116.5,49,116.8,150,,,,,,,,,,,,,,,,
2026-07-03T20:02:12.658557+00:00,2026-07-03T20:02:12.653066,2,1,116.55,0.5,116.3,150,116.0,100,,,,,,,,,,,,,,,,,116.8,149,,,,,,,,,,,,,,,,,,
2026-07-03T20:02:13.596295+00:00,2026-07-03T20:02:13.596263,2,1,116.55,0.5,116.3,101,116.0,100,,,,,,,,,,,,,,,,,116.8,149,,,,,,,,,,,,,,,,,,
2026-07-03T20:02:14.291496+00:00,2026-07-03T20:02:14.291392,1,1,116.55,0.5,116.3,101,,,,,,,,,,,,,,,,,,,116.8,149,,,,,,,,,,,,,,,,,,
2026-07-03T20:02:14.347160+00:00,2026-07-03T20:02:14.347093,2,1,116.55,0.5,116.3,101,116.2,100,,,,,,,,,,,,,,,,,116.8,149,,,,,,,,,,,,,,,,,,
2026-07-03T20:02:14.400215+00:00,2026-07-03T20:02:14.400115,2,2,116.5,0.4,116.3,101,116.2,100,,,,,,,,,,,,,,,,,116.7,100,116.8,149,,,,,,,,,,,,,,,,
2026-07-03T20:02:14.758637+00:00,2026-07-03T20:02:14.755000,2,2,116.5,0.4,116.3,101,116.2,100,,,,,,,,,,,,,,,,,116.7,50,116.8,149,,,,,,,,,,,,,,,,
2026-07-03T20:02:15.207673+00:00,2026-07-03T20:02:15.207556,2,2,116.5,0.4,116.3,101,116.2,100,,,,,,,,,,,,,,,,,116.7,1,116.8,149,,,,,,,,,,,,,,,,
2026-07-03T20:02:15.322351+00:00,2026-07-03T20:02:15.322501,2,1,116.5,0.4,116.3,101,116.2,100,,,,,,,,,,,,,,,,,116.7,1,,,,,,,,,,,,,,,,,,
2026-07-03T20:02:15.327803+00:00,2026-07-03T20:02:15.327657,1,1,116.45,0.5,116.2,100,,,,,,,,,,,,,,,,,,,116.7,1,,,,,,,,,,,,,,,,,,
2026-07-03T20:02:15.384846+00:00,2026-07-03T20:02:15.384719,2,1,116.45,0.5,116.2,100,116.0,150,,,,,,,,,,,,,,,,,116.7,1,,,,,,,,,,,,,,,,,,
2026-07-03T20:02:15.438753+00:00,2026-07-03T20:02:15.438620,2,2,116.35,0.3,116.2,100,116.0,150,,,,,,,,,,,,,,,,,116.5,150,116.7,1,,,,,,,,,,,,,,,,
2026-07-03T20:02:15.843179+00:00,2026-07-03T20:02:15.843106,2,2,116.35,0.3,116.2,100,116.0,150,,,,,,,,,,,,,,,,,116.5,108,116.7,1,,,,,,,,,,,,,,,,
2026-07-03T20:02:16.873485+00:00,2026-07-03T20:02:16.873392,2,2,116.35,0.3,116.2,100,116.0,150,,,,,,,,,,,,,,,,,116.5,58,116.7,1,,,,,,,,,,,,,,,,
2026-07-03T20:02:17.469673+00:00,2026-07-03T20:02:17.469506,1,1,116.25,0.5,116.0,150,,,,,,,,,,,,,,,,,,,116.5,58,,,,,,,,,,,,,,,,,,
2026-07-03T20:02:17.531739+00:00,2026-07-03T20:02:17.531688,2,0,,,116.5,42,116.0,150,,,,,,,,,,,,,,,,,,,,,,,,,,,,,,,,,,,,
2026-07-03T20:02:17.583852+00:00,2026-07-03T20:02:17.583820,2,1,116.75,0.5,116.5,42,116.0,150,,,,,,,,,,,,,,,,,117.0,100,,,,,,,,,,,,,,,,,,
2026-07-03T20:02:18.486892+00:00,2026-07-03T20:02:18.486820,1,1,116.75,0.5,116.5,42,,,,,,,,,,,,,,,,,,,117.0,100,,,,,,,,,,,,,,,,,,
2026-07-03T20:02:18.541393+00:00,2026-07-03T20:02:18.541326,2,1,116.85,0.3,116.7,150,116.5,42,,,,,,,,,,,,,,,,,117.0,100,,,,,,,,,,,,,,,,,,
2026-07-03T20:02:18.594344+00:00,2026-07-03T20:02:18.594229,2,2,116.85,0.3,116.7,150,116.5,42,,,,,,,,,,,,,,,,,117.0,100,117.2,150,,,,,,,,,,,,,,,,
2026-07-03T20:02:18.978237+00:00,2026-07-03T20:02:18.978111,2,2,116.85,0.3,116.7,150,116.5,42,,,,,,,,,,,,,,,,,117.0,50,117.2,150,,,,,,,,,,,,,,,,
2026-07-03T20:02:19.318385+00:00,2026-07-03T20:02:19.315632,2,2,116.85,0.3,116.7,116,116.5,42,,,,,,,,,,,,,,,,,117.0,50,117.2,150,,,,,,,,,,,,,,,,
2026-07-03T20:02:20.634811+00:00,2026-07-03T20:02:20.634705,1,1,116.95,0.5,116.7,116,,,,,,,,,,,,,,,,,,,117.2,150,,,,,,,,,,,,,,,,,,
2026-07-03T20:02:20.688630+00:00,2026-07-03T20:02:20.688405,2,1,116.95,0.5,116.7,116,116.6,100,,,,,,,,,,,,,,,,,117.2,150,,,,,,,,,,,,,,,,,,
2026-07-03T20:02:20.738989+00:00,2026-07-03T20:02:20.738888,2,2,116.9,0.4,116.7,116,116.6,100,,,,,,,,,,,,,,,,,117.1,100,117.2,150,,,,,,,,,,,,,,,,
2026-07-03T20:02:21.110986+00:00,2026-07-03T20:02:21.110912,2,2,116.9,0.4,116.7,116,116.6,100,,,,,,,,,,,,,,,,,117.1,50,117.2,150,,,,,,,,,,,,,,,,
2026-07-03T20:02:21.647724+00:00,2026-07-03T20:02:21.647914,1,1,116.85,0.5,116.6,100,,,,,,,,,,,,,,,,,,,117.1,50,,,,,,,,,,,,,,,,,,
2026-07-03T20:02:21.712472+00:00,2026-07-03T20:02:21.712379,1,1,116.85,0.5,116.6,250,,,,,,,,,,,,,,,,,,,117.1,50,,,,,,,,,,,,,,,,,,
2026-07-03T20:02:21.767517+00:00,2026-07-03T20:02:21.758291,1,1,116.85,0.5,116.6,250,,,,,,,,,,,,,,,,,,,117.1,200,,,,,,,,,,,,,,,,,,
2026-07-03T20:02:22.203773+00:00,2026-07-03T20:02:22.203668,1,1,116.85,0.5,116.6,201,,,,,,,,,,,,,,,,,,,117.1,200,,,,,,,,,,,,,,,,,,
2026-07-03T20:02:23.221502+00:00,2026-07-03T20:02:23.221712,1,1,116.85,0.5,116.6,201,,,,,,,,,,,,,,,,,,,117.1,150,,,,,,,,,,,,,,,,,,
2026-07-03T20:02:23.795820+00:00,2026-07-03T20:02:23.795720,1,1,116.85,0.5,116.6,150,,,,,,,,,,,,,,,,,,,117.1,150,,,,,,,,,,,,,,,,,,
2026-07-03T20:02:23.848990+00:00,2026-07-03T20:02:23.848908,2,1,117.05,0.1,117.0,100,116.6,150,,,,,,,,,,,,,,,,,117.1,150,,,,,,,,,,,,,,,,,,
2026-07-03T20:02:23.901350+00:00,2026-07-03T20:02:23.901245,2,2,117.05,0.1,117.0,100,116.6,150,,,,,,,,,,,,,,,,,117.1,150,117.5,100,,,,,,,,,,,,,,,,
2026-07-03T20:02:24.444557+00:00,2026-07-03T20:02:24.444457,2,2,117.05,0.1,117.0,100,116.6,150,,,,,,,,,,,,,,,,,117.1,106,117.5,100,,,,,,,,,,,,,,,,
2026-07-03T20:02:24.819487+00:00,2026-07-03T20:02:24.819423,1,1,117.25,0.5,117.0,100,,,,,,,,,,,,,,,,,,,117.5,100,,,,,,,,,,,,,,,,,,
2026-07-03T20:02:24.873595+00:00,2026-07-03T20:02:24.873531,1,1,117.25,0.5,117.0,250,,,,,,,,,,,,,,,,,,,117.5,100,,,,,,,,,,,,,,,,,,
2026-07-03T20:02:24.926405+00:00,2026-07-03T20:02:24.926296,1,1,117.25,0.5,117.0,250,,,,,,,,,,,,,,,,,,,117.5,250,,,,,,,,,,,,,,,,,,
2026-07-03T20:02:25.328772+00:00,2026-07-03T20:02:25.328927,1,1,117.25,0.5,117.0,250,,,,,,,,,,,,,,,,,,,117.5,200,,,,,,,,,,,,,,,,,,
2026-07-03T20:02:26.954971+00:00,2026-07-03T20:02:26.955092,1,1,117.25,0.5,117.0,150,,,,,,,,,,,,,,,,,,,117.5,150,,,,,,,,,,,,,,,,,,
2026-07-03T20:02:27.009948+00:00,2026-07-03T20:02:27.010026,1,1,117.25,0.5,117.0,250,,,,,,,,,,,,,,,,,,,117.5,150,,,,,,,,,,,,,,,,,,
2026-07-03T20:02:27.058972+00:00,2026-07-03T20:02:27.059073,1,1,117.25,0.5,117.0,250,,,,,,,,,,,,,,,,,,,117.5,250,,,,,,,,,,,,,,,,,,
2026-07-03T20:02:27.441787+00:00,2026-07-03T20:02:27.441655,1,1,117.25,0.5,117.0,250,,,,,,,,,,,,,,,,,,,117.5,200,,,,,,,,,,,,,,,,,,
2026-07-03T20:02:27.983143+00:00,2026-07-03T20:02:27.983085,1,1,117.25,0.5,117.0,100,,,,,,,,,,,,,,,,,,,117.5,100,,,,,,,,,,,,,,,,,,
2026-07-03T20:02:28.057232+00:00,2026-07-03T20:02:28.039126,2,1,117.35,0.3,117.2,150,117.0,100,,,,,,,,,,,,,,,,,117.5,100,,,,,,,,,,,,,,,,,,
2026-07-03T20:02:28.088412+00:00,2026-07-03T20:02:28.088268,2,2,117.35,0.3,117.2,150,117.0,100,,,,,,,,,,,,,,,,,117.5,100,117.7,150,,,,,,,,,,,,,,,,
2026-07-03T20:02:29.653909+00:00,2026-07-03T20:02:29.654069,2,2,117.35,0.3,117.2,100,117.0,100,,,,,,,,,,,,,,,,,117.5,100,117.7,150,,,,,,,,,,,,,,,,
2026-07-03T20:02:30.112934+00:00,2026-07-03T20:02:30.112783,1,1,117.45,0.5,117.2,100,,,,,,,,,,,,,,,,,,,117.7,150,,,,,,,,,,,,,,,,,,
2026-07-03T20:02:30.171667+00:00,2026-07-03T20:02:30.171530,2,1,117.45,0.5,117.2,100,117.1,100,,,,,,,,,,,,,,,,,117.7,150,,,,,,,,,,,,,,,,,,
2026-07-03T20:02:30.218620+00:00,2026-07-03T20:02:30.218769,2,2,117.4,0.4,117.2,100,117.1,100,,,,,,,,,,,,,,,,,117.6,100,117.7,150,,,,,,,,,,,,,,,,
2026-07-03T20:02:31.143861+00:00,2026-07-03T20:02:31.143790,1,1,117.35,0.5,117.1,100,,,,,,,,,,,,,,,,,,,117.6,100,,,,,,,,,,,,,,,,,,
2026-07-03T20:02:31.198252+00:00,2026-07-03T20:02:31.198100,1,1,117.35,0.5,117.1,250,,,,,,,,,,,,,,,,,,,117.6,100,,,,,,,,,,,,,,,,,,
2026-07-03T20:02:31.258629+00:00,2026-07-03T20:02:31.251188,1,1,117.35,0.5,117.1,250,,,,,,,,,,,,,,,,,,,117.6,250,,,,,,,,,,,,,,,,,,
2026-07-03T20:02:31.758580+00:00,2026-07-03T20:02:31.755608,1,1,117.35,0.5,117.1,200,,,,,,,,,,,,,,,,,,,117.6,250,,,,,,,,,,,,,,,,,,
2026-07-03T20:02:31.879620+00:00,2026-07-03T20:02:31.879548,1,1,117.35,0.5,117.1,154,,,,,,,,,,,,,,,,,,,117.6,250,,,,,,,,,,,,,,,,,,
2026-07-03T20:02:33.277662+00:00,2026-07-03T20:02:33.277621,1,1,117.35,0.5,117.1,150,,,,,,,,,,,,,,,,,,,117.6,150,,,,,,,,,,,,,,,,,,
2026-07-03T20:02:33.332061+00:00,2026-07-03T20:02:33.332021,2,1,117.35,0.5,117.1,150,116.9,100,,,,,,,,,,,,,,,,,117.6,150,,,,,,,,,,,,,,,,,,
2026-07-03T20:02:33.379628+00:00,2026-07-03T20:02:33.379535,2,2,117.25,0.3,117.1,150,116.9,100,,,,,,,,,,,,,,,,,117.4,100,117.6,150,,,,,,,,,,,,,,,,
2026-07-03T20:02:33.813060+00:00,2026-07-03T20:02:33.812998,2,2,117.25,0.3,117.1,150,116.9,100,,,,,,,,,,,,,,,,,117.4,50,117.6,150,,,,,,,,,,,,,,,,
2026-07-03T20:02:34.306565+00:00,2026-07-03T20:02:34.306706,2,1,117.25,0.3,117.1,150,116.9,100,,,,,,,,,,,,,,,,,117.4,50,,,,,,,,,,,,,,,,,,
2026-07-03T20:02:34.311900+00:00,2026-07-03T20:02:34.311851,1,1,117.15,0.5,116.9,100,,,,,,,,,,,,,,,,,,,117.4,50,,,,,,,,,,,,,,,,,,
2026-07-03T20:02:34.361528+00:00,2026-07-03T20:02:34.361427,2,1,117.2,0.4,117.0,150,116.9,100,,,,,,,,,,,,,,,,,117.4,50,,,,,,,,,,,,,,,,,,
2026-07-03T20:02:34.424681+00:00,2026-07-03T20:02:34.424615,2,2,117.2,0.4,117.0,150,116.9,100,,,,,,,,,,,,,,,,,117.4,50,117.5,150,,,,,,,,,,,,,,,,
2026-07-03T20:02:35.484194+00:00,2026-07-03T20:02:35.484077,2,2,117.2,0.4,117.0,106,116.9,100,,,,,,,,,,,,,,,,,117.4,50,117.5,150,,,,,,,,,,,,,,,,
2026-07-03T20:02:36.100954+00:00,2026-07-03T20:02:36.100839,2,2,117.2,0.4,117.0,106,116.9,100,,,,,,,,,,,,,,,,,117.4,7,117.5,150,,,,,,,,,,,,,,,,
2026-07-03T20:02:36.434692+00:00,2026-07-03T20:02:36.434655,1,1,117.25,0.5,117.0,106,,,,,,,,,,,,,,,,,,,117.5,150,,,,,,,,,,,,,,,,,,
2026-07-03T20:02:36.492311+00:00,2026-07-03T20:02:36.492382,2,1,117.3,0.4,117.1,100,117.0,106,,,,,,,,,,,,,,,,,117.5,150,,,,,,,,,,,,,,,,,,
2026-07-03T20:02:36.545498+00:00,2026-07-03T20:02:36.545399,2,2,117.3,0.4,117.1,100,117.0,106,,,,,,,,,,,,,,,,,117.5,150,117.6,100,,,,,,,,,,,,,,,,
2026-07-03T20:02:36.725721+00:00,2026-07-03T20:02:36.725605,2,2,117.3,0.4,117.1,54,117.0,106,,,,,,,,,,,,,,,,,117.5,150,117.6,100,,,,,,,,,,,,,,,,
2026-07-03T20:02:37.480784+00:00,2026-07-03T20:02:37.480679,1,1,117.35,0.5,117.1,54,,,,,,,,,,,,,,,,,,,117.6,100,,,,,,,,,,,,,,,,,,
2026-07-03T20:02:37.533487+00:00,2026-07-03T20:02:37.533380,2,1,117.35,0.5,117.1,54,116.7,150,,,,,,,,,,,,,,,,,117.6,100,,,,,,,,,,,,,,,,,,
2026-07-03T20:02:37.586419+00:00,2026-07-03T20:02:37.586342,2,2,117.15,0.1,117.1,54,116.7,150,,,,,,,,,,,,,,,,,117.2,150,117.6,100,,,,,,,,,,,,,,,,
2026-07-03T20:02:37.906389+00:00,2026-07-03T20:02:37.906266,2,2,117.15,0.1,117.1,54,116.7,150,,,,,,,,,,,,,,,,,117.2,107,117.6,100,,,,,,,,,,,,,,,,
2026-07-03T20:02:38.079923+00:00,2026-07-03T20:02:38.079825,2,2,117.15,0.1,117.1,4,116.7,150,,,,,,,,,,,,,,,,,117.2,107,117.6,100,,,,,,,,,,,,,,,,
2026-07-03T20:02:38.385723+00:00,2026-07-03T20:02:38.385575,1,2,116.95,0.5,116.7,112,,,,,,,,,,,,,,,,,,,117.2,107,117.6,100,,,,,,,,,,,,,,,,
2026-07-03T20:02:39.486920+00:00,2026-07-03T20:02:39.486891,1,2,116.95,0.5,116.7,112,,,,,,,,,,,,,,,,,,,117.2,59,117.6,100,,,,,,,,,,,,,,,,
2026-07-03T20:02:39.596175+00:00,2026-07-03T20:02:39.596092,1,1,116.95,0.5,116.7,112,,,,,,,,,,,,,,,,,,,117.2,59,,,,,,,,,,,,,,,,,,
2026-07-03T20:02:39.650820+00:00,2026-07-03T20:02:39.650721,1,1,116.95,0.5,116.7,212,,,,,,,,,,,,,,,,,,,117.2,59,,,,,,,,,,,,,,,,,,
2026-07-03T20:02:39.703055+00:00,2026-07-03T20:02:39.703020,1,1,116.95,0.5,116.7,212,,,,,,,,,,,,,,,,,,,117.2,159,,,,,,,,,,,,,,,,,,
2026-07-03T20:02:40.190279+00:00,2026-07-03T20:02:40.190143,1,1,116.95,0.5,116.7,162,,,,,,,,,,,,,,,,,,,117.2,159,,,,,,,,,,,,,,,,,,
2026-07-03T20:02:40.639627+00:00,2026-07-03T20:02:40.639494,1,1,116.95,0.5,116.7,162,,,,,,,,,,,,,,,,,,,117.2,100,,,,,,,,,,,,,,,,,,
2026-07-03T20:02:40.644702+00:00,2026-07-03T20:02:40.644650,1,1,116.95,0.5,116.7,100,,,,,,,,,,,,,,,,,,,117.2,100,,,,,,,,,,,,,,,,,,
2026-07-03T20:02:40.693312+00:00,2026-07-03T20:02:40.693266,2,1,117.0,0.4,116.8,150,116.7,100,,,,,,,,,,,,,,,,,117.2,100,,,,,,,,,,,,,,,,,,
2026-07-03T20:02:40.746790+00:00,2026-07-03T20:02:40.746739,2,2,117.0,0.4,116.8,150,116.7,100,,,,,,,,,,,,,,,,,117.2,100,117.3,150,,,,,,,,,,,,,,,,
2026-07-03T20:02:41.720147+00:00,2026-07-03T20:02:41.720034,2,2,117.0,0.4,116.8,150,116.7,100,,,,,,,,,,,,,,,,,117.2,55,117.3,150,,,,,,,,,,,,,,,,
2026-07-03T20:02:42.258625+00:00,2026-07-03T20:02:42.250057,2,2,117.0,0.4,116.8,110,116.7,100,,,,,,,,,,,,,,,,,117.2,55,117.3,150,,,,,,,,,,,,,,,,
2026-07-03T20:02:42.301949+00:00,2026-07-03T20:02:42.301783,2,2,117.0,0.4,116.8,60,116.7,100,,,,,,,,,,,,,,,,,117.2,55,117.3,150,,,,,,,,,,,,,,,,
2026-07-03T20:02:42.758622+00:00,2026-07-03T20:02:42.754299,1,1,117.05,0.5,116.8,60,,,,,,,,,,,,,,,,,,,117.3,150,,,,,,,,,,,,,,,,,,
2026-07-03T20:02:42.808782+00:00,2026-07-03T20:02:42.808657,2,1,117.1,0.4,116.9,100,116.8,60,,,,,,,,,,,,,,,,,117.3,150,,,,,,,,,,,,,,,,,,
2026-07-03T20:02:42.858541+00:00,2026-07-03T20:02:42.855799,2,2,117.1,0.4,116.9,100,116.8,60,,,,,,,,,,,,,,,,,117.3,150,117.4,100,,,,,,,,,,,,,,,,
2026-07-03T20:02:43.801817+00:00,2026-07-03T20:02:43.801739,1,1,117.15,0.5,116.9,100,,,,,,,,,,,,,,,,,,,117.4,100,,,,,,,,,,,,,,,,,,
2026-07-03T20:02:43.851078+00:00,2026-07-03T20:02:43.851260,2,1,117.15,0.5,116.9,100,116.3,150,,,,,,,,,,,,,,,,,117.4,100,,,,,,,,,,,,,,,,,,
2026-07-03T20:02:43.916263+00:00,2026-07-03T20:02:43.911590,1,2,116.55,0.5,116.3,150,,,,,,,,,,,,,,,,,,,116.8,39,117.4,100,,,,,,,,,,,,,,,,
2026-07-03T20:02:44.407610+00:00,2026-07-03T20:02:44.407466,1,2,116.55,0.5,116.3,100,,,,,,,,,,,,,,,,,,,116.8,39,117.4,100,,,,,,,,,,,,,,,,
2026-07-03T20:02:44.747913+00:00,2026-07-03T20:02:44.742545,1,2,116.55,0.5,116.3,100,,,,,,,,,,,,,,,,,,,116.8,27,117.4,100,,,,,,,,,,,,,,,,
2026-07-03T20:02:45.935086+00:00,2026-07-03T20:02:45.935010,1,1,116.55,0.5,116.3,100,,,,,,,,,,,,,,,,,,,116.8,27,,,,,,,,,,,,,,,,,,
2026-07-03T20:02:45.984025+00:00,2026-07-03T20:02:45.983979,2,1,116.6,0.4,116.4,100,116.3,100,,,,,,,,,,,,,,,,,116.8,27,,,,,,,,,,,,,,,,,,
2026-07-03T20:02:46.036765+00:00,2026-07-03T20:02:46.036686,2,2,116.6,0.4,116.4,100,116.3,100,,,,,,,,,,,,,,,,,116.8,27,116.9,100,,,,,,,,,,,,,,,,
2026-07-03T20:02:46.531271+00:00,2026-07-03T20:02:46.531250,2,2,116.6,0.4,116.4,50,116.3,100,,,,,,,,,,,,,,,,,116.8,27,116.9,100,,,,,,,,,,,,,,,,
2026-07-03T20:02:46.958575+00:00,2026-07-03T20:02:46.957952,1,1,116.65,0.5,116.4,50,,,,,,,,,,,,,,,,,,,116.9,100,,,,,,,,,,,,,,,,,,
2026-07-03T20:02:47.019195+00:00,2026-07-03T20:02:47.018639,2,1,116.75,0.3,116.6,150,116.4,50,,,,,,,,,,,,,,,,,116.9,100,,,,,,,,,,,,,,,,,,
2026-07-03T20:02:47.078430+00:00,2026-07-03T20:02:47.070111,2,2,116.75,0.3,116.6,150,116.4,50,,,,,,,,,,,,,,,,,116.9,100,117.1,150,,,,,,,,,,,,,,,,
2026-07-03T20:02:48.629957+00:00,2026-07-03T20:02:48.629838,2,2,116.75,0.3,116.6,150,116.4,50,,,,,,,,,,,,,,,,,116.9,51,117.1,150,,,,,,,,,,,,,,,,
2026-07-03T20:02:48.635217+00:00,2026-07-03T20:02:48.635081,2,2,116.75,0.3,116.6,100,116.4,50,,,,,,,,,,,,,,,,,116.9,51,117.1,150,,,,,,,,,,,,,,,,
2026-07-03T20:02:48.684820+00:00,2026-07-03T20:02:48.684771,2,2,116.75,0.3,116.6,59,116.4,50,,,,,,,,,,,,,,,,,116.9,51,117.1,150,,,,,,,,,,,,,,,,
2026-07-03T20:02:49.094576+00:00,2026-07-03T20:02:49.094509,1,1,116.85,0.5,116.6,59,,,,,,,,,,,,,,,,,,,117.1,150,,,,,,,,,,,,,,,,,,
2026-07-03T20:02:49.149164+00:00,2026-07-03T20:02:49.149093,2,1,116.85,0.5,116.6,59,116.4,100,,,,,,,,,,,,,,,,,117.1,150,,,,,,,,,,,,,,,,,,
2026-07-03T20:02:49.201782+00:00,2026-07-03T20:02:49.201748,2,2,116.75,0.3,116.6,59,116.4,100,,,,,,,,,,,,,,,,,116.9,100,117.1,150,,,,,,,,,,,,,,,,
2026-07-03T20:02:50.123988+00:00,2026-07-03T20:02:50.123924,2,1,116.75,0.3,116.6,59,116.4,100,,,,,,,,,,,,,,,,,116.9,100,,,,,,,,,,,,,,,,,,
2026-07-03T20:02:50.129169+00:00,2026-07-03T20:02:50.129117,1,1,116.65,0.5,116.4,100,,,,,,,,,,,,,,,,,,,116.9,100,,,,,,,,,,,,,,,,,,
2026-07-03T20:02:50.178860+00:00,2026-07-03T20:02:50.178828,2,1,116.65,0.5,116.4,100,116.2,150,,,,,,,,,,,,,,,,,116.9,100,,,,,,,,,,,,,,,,,,
2026-07-03T20:02:50.233594+00:00,2026-07-03T20:02:50.233503,2,2,116.55,0.3,116.4,100,116.2,150,,,,,,,,,,,,,,,,,116.7,150,116.9,100,,,,,,,,,,,,,,,,
2026-07-03T20:02:50.691512+00:00,2026-07-03T20:02:50.691659,2,2,116.55,0.3,116.4,100,116.2,150,,,,,,,,,,,,,,,,,116.7,100,116.9,100,,,,,,,,,,,,,,,,
2026-07-03T20:02:52.011164+00:00,2026-07-03T20:02:52.011127,2,2,116.55,0.3,116.4,100,116.2,150,,,,,,,,,,,,,,,,,116.7,52,116.9,100,,,,,,,,,,,,,,,,
2026-07-03T20:02:52.123723+00:00,2026-07-03T20:02:52.117565,2,2,116.55,0.3,116.4,100,116.2,150,,,,,,,,,,,,,,,,,116.7,41,116.9,100,,,,,,,,,,,,,,,,
2026-07-03T20:02:52.251063+00:00,2026-07-03T20:02:52.250890,2,1,116.55,0.3,116.4,100,116.2,150,,,,,,,,,,,,,,,,,116.7,41,,,,,,,,,,,,,,,,,,
2026-07-03T20:02:52.261197+00:00,2026-07-03T20:02:52.261130,1,1,116.45,0.5,116.2,150,,,,,,,,,,,,,,,,,,,116.7,41,,,,,,,,,,,,,,,,,,
2026-07-03T20:02:52.310917+00:00,2026-07-03T20:02:52.310862,2,1,116.65,0.1,116.6,100,116.2,150,,,,,,,,,,,,,,,,,116.7,41,,,,,,,,,,,,,,,,,,
2026-07-03T20:02:52.358682+00:00,2026-07-03T20:02:52.353042,2,2,116.65,0.1,116.6,100,116.2,150,,,,,,,,,,,,,,,,,116.7,41,117.1,100,,,,,,,,,,,,,,,,
2026-07-03T20:02:52.820410+00:00,2026-07-03T20:02:52.820332,2,1,116.85,0.5,116.6,100,116.2,150,,,,,,,,,,,,,,,,,117.1,91,,,,,,,,,,,,,,,,,,
2026-07-03T20:02:53.290790+00:00,2026-07-03T20:02:53.290871,1,1,116.85,0.5,116.6,100,,,,,,,,,,,,,,,,,,,117.1,91,,,,,,,,,,,,,,,,,,
2026-07-03T20:02:53.343479+00:00,2026-07-03T20:02:53.343593,2,1,117.0,0.2,116.9,150,116.6,100,,,,,,,,,,,,,,,,,117.1,91,,,,,,,,,,,,,,,,,,
2026-07-03T20:02:53.361163+00:00,2026-07-03T20:02:53.355971,2,1,117.0,0.2,116.9,139,116.6,100,,,,,,,,,,,,,,,,,117.1,91,,,,,,,,,,,,,,,,,,
2026-07-03T20:02:53.394873+00:00,2026-07-03T20:02:53.394842,2,2,117.0,0.2,116.9,139,116.6,100,,,,,,,,,,,,,,,,,117.1,91,117.4,150,,,,,,,,,,,,,,,,
2026-07-03T20:02:54.929984+00:00,2026-07-03T20:02:54.929859,2,2,117.0,0.2,116.9,139,116.6,100,,,,,,,,,,,,,,,,,117.1,41,117.4,150,,,,,,,,,,,,,,,,
2026-07-03T20:02:55.416452+00:00,2026-07-03T20:02:55.416353,1,1,117.15,0.5,116.9,139,,,,,,,,,,,,,,,,,,,117.4,150,,,,,,,,,,,,,,,,,,
2026-07-03T20:02:55.471473+00:00,2026-07-03T20:02:55.471362,2,1,117.15,0.5,116.9,139,116.8,100,,,,,,,,,,,,,,,,,117.4,150,,,,,,,,,,,,,,,,,,
2026-07-03T20:02:55.519020+00:00,2026-07-03T20:02:55.519146,2,2,117.1,0.4,116.9,139,116.8,100,,,,,,,,,,,,,,,,,117.3,100,117.4,150,,,,,,,,,,,,,,,,
2026-07-03T20:02:56.458604+00:00,2026-07-03T20:02:56.447712,1,1,117.05,0.5,116.8,100,,,,,,,,,,,,,,,,,,,117.3,100,,,,,,,,,,,,,,,,,,
2026-07-03T20:02:56.505658+00:00,2026-07-03T20:02:56.505621,2,1,117.2,0.2,117.1,150,116.8,100,,,,,,,,,,,,,,,,,117.3,100,,,,,,,,,,,,,,,,,,
2026-07-03T20:02:56.558566+00:00,2026-07-03T20:02:56.553262,2,2,117.2,0.2,117.1,150,116.8,100,,,,,,,,,,,,,,,,,117.3,100,117.6,150,,,,,,,,,,,,,,,,
2026-07-03T20:02:56.747068+00:00,2026-07-03T20:02:56.746978,2,2,117.2,0.2,117.1,107,116.8,100,,,,,,,,,,,,,,,,,117.3,100,117.6,150,,,,,,,,,,,,,,,,
2026-07-03T20:02:57.086083+00:00,2026-07-03T20:02:57.086058,2,2,117.2,0.2,117.1,57,116.8,100,,,,,,,,,,,,,,,,,117.3,100,117.6,150,,,,,,,,,,,,,,,,
2026-07-03T20:02:57.368685+00:00,2026-07-03T20:02:57.362835,2,2,117.2,0.2,117.1,34,116.8,100,,,,,,,,,,,,,,,,,117.3,100,117.6,150,,,,,,,,,,,,,,,,
2026-07-03T20:02:58.578271+00:00,2026-07-03T20:02:58.578161,1,1,117.35,0.5,117.1,34,,,,,,,,,,,,,,,,,,,117.6,150,,,,,,,,,,,,,,,,,,
2026-07-03T20:02:58.632797+00:00,2026-07-03T20:02:58.632678,2,1,117.35,0.5,117.1,34,116.7,100,,,,,,,,,,,,,,,,,117.6,150,,,,,,,,,,,,,,,,,,
2026-07-03T20:02:58.687073+00:00,2026-07-03T20:02:58.687017,2,2,117.15,0.1,117.1,34,116.7,100,,,,,,,,,,,,,,,,,117.2,100,117.6,150,,,,,,,,,,,,,,,,
2026-07-03T20:02:59.143774+00:00,2026-07-03T20:02:59.143659,2,2,117.15,0.1,117.1,34,116.7,100,,,,,,,,,,,,,,,,,117.2,50,117.6,150,,,,,,,,,,,,,,,,
2026-07-03T20:02:59.610130+00:00,2026-07-03T20:02:59.610289,1,1,116.95,0.5,116.7,100,,,,,,,,,,,,,,,,,,,117.2,50,,,,,,,,,,,,,,,,,,
2026-07-03T20:02:59.663930+00:00,2026-07-03T20:02:59.663843,2,1,116.95,0.5,116.7,100,116.5,150,,,,,,,,,,,,,,,,,117.2,50,,,,,,,,,,,,,,,,,,
2026-07-03T20:02:59.725886+00:00,2026-07-03T20:02:59.720382,2,2,116.85,0.3,116.7,100,116.5,150,,,,,,,,,,,,,,,,,117.0,139,117.2,50,,,,,,,,,,,,,,,,
2026-07-03T20:02:59.746425+00:00,2026-07-03T20:02:59.746341,2,2,116.85,0.3,116.7,100,116.5,150,,,,,,,,,,,,,,,,,117.0,96,117.2,50,,,,,,,,,,,,,,,,
2026-07-03T20:02:59.985203+00:00,2026-07-03T20:02:59.979858,2,2,116.85,0.3,116.7,100,116.5,150,,,,,,,,,,,,,,,,,117.0,73,117.2,50,,,,,,,,,,,,,,,,
2026-07-03T20:03:00.358644+00:00,2026-07-03T20:03:00.353785,2,2,116.85,0.3,116.7,56,116.5,150,,,,,,,,,,,,,,,,,117.0,73,117.2,50,,,,,,,,,,,,,,,,
2026-07-03T20:03:01.258561+00:00,2026-07-03T20:03:01.255198,2,2,116.85,0.3,116.7,56,116.5,150,,,,,,,,,,,,,,,,,117.0,23,117.2,50,,,,,,,,,,,,,,,,
2026-07-03T20:03:01.739066+00:00,2026-07-03T20:03:01.738962,1,1,116.75,0.5,116.5,150,,,,,,,,,,,,,,,,,,,117.0,23,,,,,,,,,,,,,,,,,,
2026-07-03T20:03:01.793358+00:00,2026-07-03T20:03:01.793156,2,1,116.9,0.2,116.8,100,116.5,150,,,,,,,,,,,,,,,,,117.0,23,,,,,,,,,,,,,,,,,,
2026-07-03T20:03:01.846453+00:00,2026-07-03T20:03:01.846370,2,2,116.9,0.2,116.8,100,116.5,150,,,,,,,,,,,,,,,,,117.0,23,117.3,100,,,,,,,,,,,,,,,,
2026-07-03T20:03:02.209110+00:00,2026-07-03T20:03:02.209022,2,1,117.05,0.5,116.8,100,116.5,150,,,,,,,,,,,,,,,,,117.3,100,,,,,,,,,,,,,,,,,,
2026-07-03T20:03:02.770974+00:00,2026-07-03T20:03:02.770876,1,1,117.05,0.5,116.8,100,,,,,,,,,,,,,,,,,,,117.3,100,,,,,,,,,,,,,,,,,,
2026-07-03T20:03:02.825895+00:00,2026-07-03T20:03:02.825872,2,1,117.15,0.3,117.0,150,116.8,100,,,,,,,,,,,,,,,,,117.3,100,,,,,,,,,,,,,,,,,,
2026-07-03T20:03:02.836474+00:00,2026-07-03T20:03:02.830128,2,1,117.15,0.3,117.0,127,116.8,100,,,,,,,,,,,,,,,,,117.3,100,,,,,,,,,,,,,,,,,,
2026-07-03T20:03:02.878119+00:00,2026-07-03T20:03:02.878072,2,2,117.15,0.3,117.0,127,116.8,100,,,,,,,,,,,,,,,,,117.3,100,117.5,150,,,,,,,,,,,,,,,,
2026-07-03T20:03:03.359165+00:00,2026-07-03T20:03:03.359053,2,2,117.15,0.3,117.0,127,116.8,100,,,,,,,,,,,,,,,,,117.3,50,117.5,150,,,,,,,,,,,,,,,,
2026-07-03T20:03:04.898696+00:00,2026-07-03T20:03:04.898870,1,1,117.25,0.5,117.0,127,,,,,,,,,,,,,,,,,,,117.5,150,,,,,,,,,,,,,,,,,,
2026-07-03T20:03:04.958578+00:00,2026-07-03T20:03:04.956852,2,1,117.25,0.5,117.0,127,116.8,100,,,,,,,,,,,,,,,,,117.5,150,,,,,,,,,,,,,,,,,,
2026-07-03T20:03:05.012323+00:00,2026-07-03T20:03:05.012448,2,2,117.15,0.3,117.0,127,116.8,100,,,,,,,,,,,,,,,,,117.3,100,117.5,150,,,,,,,,,,,,,,,,
2026-07-03T20:03:05.467842+00:00,2026-07-03T20:03:05.467736,2,2,117.15,0.3,117.0,127,116.8,100,,,,,,,,,,,,,,,,,117.3,50,117.5,150,,,,,,,,,,,,,,,,
2026-07-03T20:03:05.933715+00:00,2026-07-03T20:03:05.933832,2,1,117.15,0.3,117.0,127,116.8,100,,,,,,,,,,,,,,,,,117.3,50,,,,,,,,,,,,,,,,,,
2026-07-03T20:03:05.939077+00:00,2026-07-03T20:03:05.938968,1,1,117.05,0.5,116.8,100,,,,,,,,,,,,,,,,,,,117.3,50,,,,,,,,,,,,,,,,,,
2026-07-03T20:03:05.989611+00:00,2026-07-03T20:03:05.989558,2,1,117.1,0.4,116.9,150,116.8,100,,,,,,,,,,,,,,,,,117.3,50,,,,,,,,,,,,,,,,,,
2026-07-03T20:03:06.042566+00:00,2026-07-03T20:03:06.042473,2,2,117.1,0.4,116.9,150,116.8,100,,,,,,,,,,,,,,,,,117.3,50,117.4,150,,,,,,,,,,,,,,,,
2026-07-03T20:03:07.572962+00:00,2026-07-03T20:03:07.572867,2,1,117.15,0.5,116.9,150,116.8,100,,,,,,,,,,,,,,,,,117.4,150,,,,,,,,,,,,,,,,,,
2026-07-03T20:03:08.069755+00:00,2026-07-03T20:03:08.069646,1,1,117.15,0.5,116.9,150,,,,,,,,,,,,,,,,,,,117.4,150,,,,,,,,,,,,,,,,,,
2026-07-03T20:03:08.121393+00:00,2026-07-03T20:03:08.121529,2,1,117.3,0.2,117.2,100,116.9,150,,,,,,,,,,,,,,,,,117.4,150,,,,,,,,,,,,,,,,,,
2026-07-03T20:03:08.130686+00:00,2026-07-03T20:03:08.125283,2,1,117.3,0.2,117.2,77,116.9,150,,,,,,,,,,,,,,,,,117.4,150,,,,,,,,,,,,,,,,,,
2026-07-03T20:03:08.179712+00:00,2026-07-03T20:03:08.179588,2,2,117.3,0.2,117.2,77,116.9,150,,,,,,,,,,,,,,,,,117.4,150,117.7,100,,,,,,,,,,,,,,,,
2026-07-03T20:03:08.383799+00:00,2026-07-03T20:03:08.383747,2,2,117.3,0.2,117.2,36,116.9,150,,,,,,,,,,,,,,,,,117.4,150,117.7,100,,,,,,,,,,,,,,,,
2026-07-03T20:03:08.927124+00:00,2026-07-03T20:03:08.919887,2,2,117.3,0.2,117.2,25,116.9,150,,,,,,,,,,,,,,,,,117.4,150,117.7,100,,,,,,,,,,,,,,,,
2026-07-03T20:03:08.973530+00:00,2026-07-03T20:03:08.973503,1,2,117.15,0.5,116.9,127,,,,,,,,,,,,,,,,,,,117.4,150,117.7,100,,,,,,,,,,,,,,,,
2026-07-03T20:03:09.096084+00:00,2026-07-03T20:03:09.096241,0,1,,,,,,,,,,,,,,,,,,,,,,,117.7,100,,,,,,,,,,,,,,,,,,
2026-07-03T20:03:09.151164+00:00,2026-07-03T20:03:09.151264,1,1,117.05,1.3,116.4,150,,,,,,,,,,,,,,,,,,,117.7,100,,,,,,,,,,,,,,,,,,
2026-07-03T20:03:09.204576+00:00,2026-07-03T20:03:09.204427,1,2,116.65,0.5,116.4,150,,,,,,,,,,,,,,,,,,,116.9,150,117.7,100,,,,,,,,,,,,,,,,
2026-07-03T20:03:09.530952+00:00,2026-07-03T20:03:09.530842,1,2,116.65,0.5,116.4,150,,,,,,,,,,,,,,,,,,,116.9,104,117.7,100,,,,,,,,,,,,,,,,
2026-07-03T20:03:09.730424+00:00,2026-07-03T20:03:09.730275,1,2,116.65,0.5,116.4,100,,,,,,,,,,,,,,,,,,,116.9,104,117.7,100,,,,,,,,,,,,,,,,
2026-07-03T20:03:10.186274+00:00,2026-07-03T20:03:10.182107,1,2,116.65,0.5,116.4,100,,,,,,,,,,,,,,,,,,,116.9,93,117.7,100,,,,,,,,,,,,,,,,
2026-07-03T20:03:11.233439+00:00,2026-07-03T20:03:11.233301,1,1,116.65,0.5,116.4,100,,,,,,,,,,,,,,,,,,,116.9,93,,,,,,,,,,,,,,,,,,
2026-07-03T20:03:11.285033+00:00,2026-07-03T20:03:11.284954,2,1,116.8,0.2,116.7,100,116.4,100,,,,,,,,,,,,,,,,,116.9,93,,,,,,,,,,,,,,,,,,
2026-07-03T20:03:11.338505+00:00,2026-07-03T20:03:11.338400,2,2,116.8,0.2,116.7,100,116.4,100,,,,,,,,,,,,,,,,,116.9,93,117.2,100,,,,,,,,,,,,,,,,
2026-07-03T20:03:12.258552+00:00,2026-07-03T20:03:12.255547,1,1,116.95,0.5,116.7,100,,,,,,,,,,,,,,,,,,,117.2,100,,,,,,,,,,,,,,,,,,
2026-07-03T20:03:12.310572+00:00,2026-07-03T20:03:12.310828,2,1,116.95,0.5,116.7,100,116.5,150,,,,,,,,,,,,,,,,,117.2,100,,,,,,,,,,,,,,,,,,
2026-07-03T20:03:12.367943+00:00,2026-07-03T20:03:12.367895,2,2,116.85,0.3,116.7,100,116.5,150,,,,,,,,,,,,,,,,,117.0,150,117.2,100,,,,,,,,,,,,,,,,
2026-07-03T20:03:12.814750+00:00,2026-07-03T20:03:12.814672,2,2,116.85,0.3,116.7,100,116.5,150,,,,,,,,,,,,,,,,,117.0,101,117.2,100,,,,,,,,,,,,,,,,
2026-07-03T20:03:13.941117+00:00,2026-07-03T20:03:13.941065,2,2,116.85,0.3,116.7,50,116.5,150,,,,,,,,,,,,,,,,,117.0,101,117.2,100,,,,,,,,,,,,,,,,
2026-07-03T20:03:14.391674+00:00,2026-07-03T20:03:14.391642,2,1,116.85,0.3,116.7,50,116.5,150,,,,,,,,,,,,,,,,,117.0,101,,,,,,,,,,,,,,,,,,
2026-07-03T20:03:14.396854+00:00,2026-07-03T20:03:14.396819,1,1,116.75,0.5,116.5,150,,,,,,,,,,,,,,,,,,,117.0,101,,,,,,,,,,,,,,,,,,
2026-07-03T20:03:14.449093+00:00,2026-07-03T20:03:14.449024,1,1,116.75,0.5,116.5,250,,,,,,,,,,,,,,,,,,,117.0,101,,,,,,,,,,,,,,,,,,
2026-07-03T20:03:14.500963+00:00,2026-07-03T20:03:14.500795,1,1,116.75,0.5,116.5,250,,,,,,,,,,,,,,,,,,,117.0,201,,,,,,,,,,,,,,,,,,
2026-07-03T20:03:15.421579+00:00,2026-07-03T20:03:15.421541,1,1,116.75,0.5,116.5,100,,,,,,,,,,,,,,,,,,,117.0,100,,,,,,,,,,,,,,,,,,
2026-07-03T20:03:15.476412+00:00,2026-07-03T20:03:15.476351,2,1,116.95,0.1,116.9,150,116.5,100,,,,,,,,,,,,,,,,,117.0,100,,,,,,,,,,,,,,,,,,
2026-07-03T20:03:15.529671+00:00,2026-07-03T20:03:15.529632,2,2,116.95,0.1,116.9,150,116.5,100,,,,,,,,,,,,,,,,,117.0,100,117.4,150,,,,,,,,,,,,,,,,
2026-07-03T20:03:15.923901+00:00,2026-07-03T20:03:15.923837,2,2,116.95,0.1,116.9,105,116.5,100,,,,,,,,,,,,,,,,,117.0,100,117.4,150,,,,,,,,,,,,,,,,
2026-07-03T20:03:16.046918+00:00,2026-07-03T20:03:16.046806,2,2,116.95,0.1,116.9,55,116.5,100,,,,,,,,,,,,,,,,,117.0,100,117.4,150,,,,,,,,,,,,,,,,
2026-07-03T20:03:17.551387+00:00,2026-07-03T20:03:17.551264,2,1,117.15,0.5,116.9,55,116.5,100,,,,,,,,,,,,,,,,,117.4,150,,,,,,,,,,,,,,,,,,
2026-07-03T20:03:17.558628+00:00,2026-07-03T20:03:17.556410,1,1,117.15,0.5,116.9,55,,,,,,,,,,,,,,,,,,,117.4,150,,,,,,,,,,,,,,,,,,
2026-07-03T20:03:17.608578+00:00,2026-07-03T20:03:17.608669,2,1,117.15,0.5,116.9,55,116.6,100,,,,,,,,,,,,,,,,,117.4,150,,,,,,,,,,,,,,,,,,
2026-07-03T20:03:17.654223+00:00,2026-07-03T20:03:17.654520,2,2,117.0,0.2,116.9,55,116.6,100,,,,,,,,,,,,,,,,,117.1,100,117.4,150,,,,,,,,,,,,,,,,
2026-07-03T20:03:18.584202+00:00,2026-07-03T20:03:18.584112,1,1,116.85,0.5,116.6,100,,,,,,,,,,,,,,,,,,,117.1,100,,,,,,,,,,,,,,,,,,
2026-07-03T20:03:18.638988+00:00,2026-07-03T20:03:18.639099,1,1,116.85,0.5,116.6,250,,,,,,,,,,,,,,,,,,,117.1,100,,,,,,,,,,,,,,,,,,
2026-07-03T20:03:18.691190+00:00,2026-07-03T20:03:18.691356,1,1,116.85,0.5,116.6,250,,,,,,,,,,,,,,,,,,,117.1,250,,,,,,,,,,,,,,,,,,
2026-07-03T20:03:20.106909+00:00,2026-07-03T20:03:20.106752,1,1,116.85,0.5,116.6,210,,,,,,,,,,,,,,,,,,,117.1,250,,,,,,,,,,,,,,,,,,
2026-07-03T20:03:20.206584+00:00,2026-07-03T20:03:20.206526,1,1,116.85,0.5,116.6,210,,,,,,,,,,,,,,,,,,,117.1,200,,,,,,,,,,,,,,,,,,
2026-07-03T20:03:20.714043+00:00,2026-07-03T20:03:20.713966,1,1,116.85,0.5,116.6,150,,,,,,,,,,,,,,,,,,,117.1,150,,,,,,,,,,,,,,,,,,
2026-07-03T20:03:20.768800+00:00,2026-07-03T20:03:20.768689,1,1,116.85,0.5,116.6,250,,,,,,,,,,,,,,,,,,,117.1,150,,,,,,,,,,,,,,,,,,
2026-07-03T20:03:20.819247+00:00,2026-07-03T20:03:20.819113,1,1,116.85,0.5,116.6,250,,,,,,,,,,,,,,,,,,,117.1,250,,,,,,,,,,,,,,,,,,
2026-07-03T20:03:21.747877+00:00,2026-07-03T20:03:21.747817,1,1,116.85,0.5,116.6,100,,,,,,,,,,,,,,,,,,,117.1,100,,,,,,,,,,,,,,,,,,
2026-07-03T20:03:21.799889+00:00,2026-07-03T20:03:21.799855,2,1,116.85,0.5,116.6,100,116.5,150,,,,,,,,,,,,,,,,,117.1,100,,,,,,,,,,,,,,,,,,
2026-07-03T20:03:21.848459+00:00,2026-07-03T20:03:21.848391,2,2,116.8,0.4,116.6,100,116.5,150,,,,,,,,,,,,,,,,,117.0,150,117.1,100,,,,,,,,,,,,,,,,
2026-07-03T20:03:22.315459+00:00,2026-07-03T20:03:22.315380,2,2,116.8,0.4,116.6,100,116.5,150,,,,,,,,,,,,,,,,,117.0,100,117.1,100,,,,,,,,,,,,,,,,
2026-07-03T20:03:22.668945+00:00,2026-07-03T20:03:22.668843,2,2,116.8,0.4,116.6,100,116.5,150,,,,,,,,,,,,,,,,,117.0,59,117.1,100,,,,,,,,,,,,,,,,
2026-07-03T20:03:23.305083+00:00,2026-07-03T20:03:23.305252,2,2,116.8,0.4,116.6,100,116.5,150,,,,,,,,,,,,,,,,,117.0,19,117.1,100,,,,,,,,,,,,,,,,
2026-07-03T20:03:23.360129+00:00,2026-07-03T20:03:23.359998,2,2,116.8,0.4,116.6,55,116.5,150,,,,,,,,,,,,,,,,,117.0,19,117.1,100,,,,,,,,,,,,,,,,
2026-07-03T20:03:23.876177+00:00,2026-07-03T20:03:23.876126,1,1,116.75,0.5,116.5,150,,,,,,,,,,,,,,,,,,,117.0,19,,,,,,,,,,,,,,,,,,
2026-07-03T20:03:23.911459+00:00,2026-07-03T20:03:23.911365,1,1,116.75,0.5,116.5,104,,,,,,,,,,,,,,,,,,,117.0,19,,,,,,,,,,,,,,,,,,
2026-07-03T20:03:23.930803+00:00,2026-07-03T20:03:23.930648,2,1,116.75,0.5,116.5,104,116.4,100,,,,,,,,,,,,,,,,,117.0,19,,,,,,,,,,,,,,,,,,
2026-07-03T20:03:23.983608+00:00,2026-07-03T20:03:23.983528,2,2,116.7,0.4,116.5,104,116.4,100,,,,,,,,,,,,,,,,,116.9,100,117.0,19,,,,,,,,,,,,,,,,
2026-07-03T20:03:24.423381+00:00,2026-07-03T20:03:24.423273,2,2,116.7,0.4,116.5,104,116.4,100,,,,,,,,,,,,,,,,,116.9,50,117.0,19,,,,,,,,,,,,,,,,
2026-07-03T20:03:24.902083+00:00,2026-07-03T20:03:24.902017,2,1,116.7,0.4,116.5,104,116.4,100,,,,,,,,,,,,,,,,,116.9,50,,,,,,,,,,,,,,,,,,
2026-07-03T20:03:24.907097+00:00,2026-07-03T20:03:24.907161,1,1,116.65,0.5,116.4,100,,,,,,,,,,,,,,,,,,,116.9,50,,,,,,,,,,,,,,,,,,
2026-07-03T20:03:24.954234+00:00,2026-07-03T20:03:24.954381,2,1,116.85,0.1,116.8,150,116.4,100,,,,,,,,,,,,,,,,,116.9,50,,,,,,,,,,,,,,,,,,
2026-07-03T20:03:25.018694+00:00,2026-07-03T20:03:25.006249,2,2,116.85,0.1,116.8,150,116.4,100,,,,,,,,,,,,,,,,,116.9,50,117.3,150,,,,,,,,,,,,,,,,
2026-07-03T20:03:25.836519+00:00,2026-07-03T20:03:25.836491,2,2,116.85,0.1,116.8,102,116.4,100,,,,,,,,,,,,,,,,,116.9,50,117.3,150,,,,,,,,,,,,,,,,
2026-07-03T20:03:27.031705+00:00,2026-07-03T20:03:27.031203,1,1,117.05,0.5,116.8,102,,,,,,,,,,,,,,,,,,,117.3,150,,,,,,,,,,,,,,,,,,
2026-07-03T20:03:27.091159+00:00,2026-07-03T20:03:27.091037,2,1,117.05,0.5,116.8,102,116.5,100,,,,,,,,,,,,,,,,,117.3,150,,,,,,,,,,,,,,,,,,
2026-07-03T20:03:27.140501+00:00,2026-07-03T20:03:27.140471,2,2,116.9,0.2,116.8,102,116.5,100,,,,,,,,,,,,,,,,,117.0,100,117.3,150,,,,,,,,,,,,,,,,
2026-07-03T20:03:27.448218+00:00,2026-07-03T20:03:27.448378,2,2,116.9,0.2,116.8,102,116.5,100,,,,,,,,,,,,,,,,,117.0,56,117.3,150,,,,,,,,,,,,,,,,
2026-07-03T20:03:28.063920+00:00,2026-07-03T20:03:28.063872,1,1,116.75,0.5,116.5,100,,,,,,,,,,,,,,,,,,,117.0,56,,,,,,,,,,,,,,,,,,
2026-07-03T20:03:28.120253+00:00,2026-07-03T20:03:28.120334,1,1,116.75,0.5,116.5,250,,,,,,,,,,,,,,,,,,,117.0,56,,,,,,,,,,,,,,,,,,
2026-07-03T20:03:28.169629+00:00,2026-07-03T20:03:28.169743,1,1,116.75,0.5,116.5,250,,,,,,,,,,,,,,,,,,,117.0,206,,,,,,,,,,,,,,,,,,
2026-07-03T20:03:30.199043+00:00,2026-07-03T20:03:30.198986,1,1,116.75,0.5,116.5,150,,,,,,,,,,,,,,,,,,,117.0,150,,,,,,,,,,,,,,,,,,
2026-07-03T20:03:30.252981+00:00,2026-07-03T20:03:30.252910,2,1,116.9,0.2,116.8,100,116.5,150,,,,,,,,,,,,,,,,,117.0,150,,,,,,,,,,,,,,,,,,
2026-07-03T20:03:30.305631+00:00,2026-07-03T20:03:30.305565,2,2,116.9,0.2,116.8,100,116.5,150,,,,,,,,,,,,,,,,,117.0,150,117.3,100,,,,,,,,,,,,,,,,
2026-07-03T20:03:31.224465+00:00,2026-07-03T20:03:31.224410,2,1,117.05,0.5,116.8,100,116.5,150,,,,,,,,,,,,,,,,,117.3,100,,,,,,,,,,,,,,,,,,
2026-07-03T20:03:31.229591+00:00,2026-07-03T20:03:31.229546,1,1,117.05,0.5,116.8,100,,,,,,,,,,,,,,,,,,,117.3,100,,,,,,,,,,,,,,,,,,
2026-07-03T20:03:31.280925+00:00,2026-07-03T20:03:31.280783,2,1,117.05,0.5,116.8,100,116.7,150,,,,,,,,,,,,,,,,,117.3,100,,,,,,,,,,,,,,,,,,
2026-07-03T20:03:31.333515+00:00,2026-07-03T20:03:31.333415,2,2,117.0,0.4,116.8,100,116.7,150,,,,,,,,,,,,,,,,,117.2,150,117.3,100,,,,,,,,,,,,,,,,
2026-07-03T20:03:32.842682+00:00,2026-07-03T20:03:32.842566,2,2,117.0,0.4,116.8,100,116.7,150,,,,,,,,,,,,,,,,,117.2,100,117.3,100,,,,,,,,,,,,,,,,
2026-07-03T20:03:33.263789+00:00,2026-07-03T20:03:33.263767,2,2,117.0,0.4,116.8,100,116.7,150,,,,,,,,,,,,,,,,,117.2,53,117.3,100,,,,,,,,,,,,,,,,
2026-07-03T20:03:33.361031+00:00,2026-07-03T20:03:33.360914,1,1,116.95,0.5,116.7,150,,,,,,,,,,,,,,,,,,,117.2,53,,,,,,,,,,,,,,,,,,
2026-07-03T20:03:33.414587+00:00,2026-07-03T20:03:33.414503,2,1,117.0,0.4,116.8,100,116.7,150,,,,,,,,,,,,,,,,,117.2,53,,,,,,,,,,,,,,,,,,
2026-07-03T20:03:33.467898+00:00,2026-07-03T20:03:33.467814,2,2,117.0,0.4,116.8,100,116.7,150,,,,,,,,,,,,,,,,,117.2,53,117.3,100,,,,,,,,,,,,,,,,
2026-07-03T20:03:34.387364+00:00,2026-07-03T20:03:34.387329,2,1,117.05,0.5,116.8,100,116.7,150,,,,,,,,,,,,,,,,,117.3,100,,,,,,,,,,,,,,,,,,
2026-07-03T20:03:34.392590+00:00,2026-07-03T20:03:34.392504,1,1,117.05,0.5,116.8,100,,,,,,,,,,,,,,,,,,,117.3,100,,,,,,,,,,,,,,,,,,
2026-07-03T20:03:34.441809+00:00,2026-07-03T20:03:34.441667,2,1,117.15,0.3,117.0,150,116.8,100,,,,,,,,,,,,,,,,,117.3,100,,,,,,,,,,,,,,,,,,
2026-07-03T20:03:34.505173+00:00,2026-07-03T20:03:34.494081,2,2,117.15,0.3,117.0,150,116.8,100,,,,,,,,,,,,,,,,,117.3,100,117.5,150,,,,,,,,,,,,,,,,
2026-07-03T20:03:34.949603+00:00,2026-07-03T20:03:34.949539,2,2,117.15,0.3,117.0,150,116.8,100,,,,,,,,,,,,,,,,,117.3,50,117.5,150,,,,,,,,,,,,,,,,
2026-07-03T20:03:35.347761+00:00,2026-07-03T20:03:35.347694,2,2,117.15,0.3,117.0,108,116.8,100,,,,,,,,,,,,,,,,,117.3,50,117.5,150,,,,,,,,,,,,,,,,
2026-07-03T20:03:36.522870+00:00,2026-07-03T20:03:36.522781,1,1,117.25,0.5,117.0,108,,,,,,,,,,,,,,,,,,,117.5,150,,,,,,,,,,,,,,,,,,
2026-07-03T20:03:36.577077+00:00,2026-07-03T20:03:36.577157,2,1,117.25,0.5,117.0,108,116.9,100,,,,,,,,,,,,,,,,,117.5,150,,,,,,,,,,,,,,,,,,
2026-07-03T20:03:36.630447+00:00,2026-07-03T20:03:36.630592,2,2,117.2,0.4,117.0,108,116.9,100,,,,,,,,,,,,,,,,,117.4,100,117.5,150,,,,,,,,,,,,,,,,
2026-07-03T20:03:37.058576+00:00,2026-07-03T20:03:37.050258,2,2,117.2,0.4,117.0,108,116.9,100,,,,,,,,,,,,,,,,,117.4,50,117.5,150,,,,,,,,,,,,,,,,
2026-07-03T20:03:37.548687+00:00,2026-07-03T20:03:37.548625,2,1,117.2,0.4,117.0,108,116.9,100,,,,,,,,,,,,,,,,,117.4,50,,,,,,,,,,,,,,,,,,
2026-07-03T20:03:37.553707+00:00,2026-07-03T20:03:37.553765,1,1,117.15,0.5,116.9,100,,,,,,,,,,,,,,,,,,,117.4,50,,,,,,,,,,,,,,,,,,
2026-07-03T20:03:37.604279+00:00,2026-07-03T20:03:37.604164,2,1,117.15,0.5,116.9,100,116.8,150,,,,,,,,,,,,,,,,,117.4,50,,,,,,,,,,,,,,,,,,
2026-07-03T20:03:37.658626+00:00,2026-07-03T20:03:37.654035,2,2,117.1,0.4,116.9,100,116.8,150,,,,,,,,,,,,,,,,,117.3,150,117.4,50,,,,,,,,,,,,,,,,
2026-07-03T20:03:37.893080+00:00,2026-07-03T20:03:37.893157,2,2,117.1,0.4,116.9,51,116.8,150,,,,,,,,,,,,,,,,,117.3,150,117.4,50,,,,,,,,,,,,,,,,
2026-07-03T20:03:39.158642+00:00,2026-07-03T20:03:39.157704,2,2,117.1,0.4,116.9,51,116.8,150,,,,,,,,,,,,,,,,,117.3,100,117.4,50,,,,,,,,,,,,,,,,
2026-07-03T20:03:39.686370+00:00,2026-07-03T20:03:39.686251,1,1,117.05,0.5,116.8,150,,,,,,,,,,,,,,,,,,,117.3,100,,,,,,,,,,,,,,,,,,
2026-07-03T20:03:39.739266+00:00,2026-07-03T20:03:39.739152,2,1,117.1,0.4,116.9,100,116.8,150,,,,,,,,,,,,,,,,,117.3,100,,,,,,,,,,,,,,,,,,
2026-07-03T20:03:39.795063+00:00,2026-07-03T20:03:39.795008,2,2,117.1,0.4,116.9,100,116.8,150,,,,,,,,,,,,,,,,,117.3,100,117.4,100,,,,,,,,,,,,,,,,
2026-07-03T20:03:40.712895+00:00,2026-07-03T20:03:40.712794,1,1,117.15,0.5,116.9,100,,,,,,,,,,,,,,,,,,,117.4,100,,,,,,,,,,,,,,,,,,
2026-07-03T20:03:40.766768+00:00,2026-07-03T20:03:40.766673,2,1,117.25,0.3,117.1,150,116.9,100,,,,,,,,,,,,,,,,,117.4,100,,,,,,,,,,,,,,,,,,
2026-07-03T20:03:40.819482+00:00,2026-07-03T20:03:40.819340,2,2,117.25,0.3,117.1,150,116.9,100,,,,,,,,,,,,,,,,,117.4,100,117.6,150,,,,,,,,,,,,,,,,
2026-07-03T20:03:40.999220+00:00,2026-07-03T20:03:40.993950,2,2,117.25,0.3,117.1,139,116.9,100,,,,,,,,,,,,,,,,,117.4,100,117.6,150,,,,,,,,,,,,,,,,
2026-07-03T20:03:41.322922+00:00,2026-07-03T20:03:41.322774,2,2,117.25,0.3,117.1,89,116.9,100,,,,,,,,,,,,,,,,,117.4,100,117.6,150,,,,,,,,,,,,,,,,
2026-07-03T20:03:41.958670+00:00,2026-07-03T20:03:41.956433,2,2,117.25,0.3,117.1,89,116.9,100,,,,,,,,,,,,,,,,,117.4,55,117.6,150,,,,,,,,,,,,,,,,
2026-07-03T20:03:41.983511+00:00,2026-07-03T20:03:41.976817,2,2,117.25,0.3,117.1,86,116.9,100,,,,,,,,,,,,,,,,,117.4,55,117.6,150,,,,,,,,,,,,,,,,
2026-07-03T20:03:42.015544+00:00,2026-07-03T20:03:42.015518,2,2,117.25,0.3,117.1,41,116.9,100,,,,,,,,,,,,,,,,,117.4,55,117.6,150,,,,,,,,,,,,,,,,
2026-07-03T20:03:42.496340+00:00,2026-07-03T20:03:42.496207,2,2,117.25,0.3,117.1,41,116.9,100,,,,,,,,,,,,,,,,,117.4,7,117.6,150,,,,,,,,,,,,,,,,
2026-07-03T20:03:42.844342+00:00,2026-07-03T20:03:42.844300,2,1,117.35,0.5,117.1,41,116.9,100,,,,,,,,,,,,,,,,,117.6,150,,,,,,,,,,,,,,,,,,
2026-07-03T20:03:42.849507+00:00,2026-07-03T20:03:42.849446,1,1,117.35,0.5,117.1,41,,,,,,,,,,,,,,,,,,,117.6,150,,,,,,,,,,,,,,,,,,
2026-07-03T20:03:42.902832+00:00,2026-07-03T20:03:42.902787,2,1,117.35,0.5,117.1,41,116.9,100,,,,,,,,,,,,,,,,,117.6,150,,,,,,,,,,,,,,,,,,
2026-07-03T20:03:42.955356+00:00,2026-07-03T20:03:42.955269,2,2,117.25,0.3,117.1,41,116.9,100,,,,,,,,,,,,,,,,,117.4,100,117.6,150,,,,,,,,,,,,,,,,
2026-07-03T20:03:43.378745+00:00,2026-07-03T20:03:43.378713,2,2,117.25,0.3,117.1,41,116.9,100,,,,,,,,,,,,,,,,,117.4,50,117.6,150,,,,,,,,,,,,,,,,
2026-07-03T20:03:43.875101+00:00,2026-07-03T20:03:43.875025,2,1,117.25,0.3,117.1,41,116.9,100,,,,,,,,,,,,,,,,,117.4,50,,,,,,,,,,,,,,,,,,
2026-07-03T20:03:43.880250+00:00,2026-07-03T20:03:43.880161,1,1,117.15,0.5,116.9,100,,,,,,,,,,,,,,,,,,,117.4,50,,,,,,,,,,,,,,,,,,
2026-07-03T20:03:43.929357+00:00,2026-07-03T20:03:43.929520,2,1,117.15,0.5,116.9,100,116.4,150,,,,,,,,,,,,,,,,,117.4,3,,,,,,,,,,,,,,,,,,
2026-07-03T20:03:43.985618+00:00,2026-07-03T20:03:43.985838,1,2,116.65,0.5,116.4,150,,,,,,,,,,,,,,,,,,,116.9,50,117.4,3,,,,,,,,,,,,,,,,
2026-07-03T20:03:45.288909+00:00,2026-07-03T20:03:45.283432,1,2,116.65,0.5,116.4,150,,,,,,,,,,,,,,,,,,,116.9,47,117.4,3,,,,,,,,,,,,,,,,
2026-07-03T20:03:45.489826+00:00,2026-07-03T20:03:45.489688,1,0,,,116.4,150,,,,,,,,,,,,,,,,,,,,,,,,,,,,,,,,,,,,,,
2026-07-03T20:03:46.060318+00:00,2026-07-03T20:03:46.060178,2,0,,,117.1,100,116.4,150,,,,,,,,,,,,,,,,,,,,,,,,,,,,,,,,,,,,
2026-07-03T20:03:46.125503+00:00,2026-07-03T20:03:46.118362,2,1,117.35,0.5,117.1,97,116.4,150,,,,,,,,,,,,,,,,,117.6,100,,,,,,,,,,,,,,,,,,
2026-07-03T20:03:47.064013+00:00,2026-07-03T20:03:47.063881,1,1,117.35,0.5,117.1,97,,,,,,,,,,,,,,,,,,,117.6,100,,,,,,,,,,,,,,,,,,
2026-07-03T20:03:47.107345+00:00,2026-07-03T20:03:47.107205,1,1,117.35,0.5,117.1,247,,,,,,,,,,,,,,,,,,,117.6,100,,,,,,,,,,,,,,,,,,
2026-07-03T20:03:47.163900+00:00,2026-07-03T20:03:47.163794,1,1,117.35,0.5,117.1,247,,,,,,,,,,,,,,,,,,,117.6,250,,,,,,,,,,,,,,,,,,
2026-07-03T20:03:47.658671+00:00,2026-07-03T20:03:47.655378,1,1,117.35,0.5,117.1,197,,,,,,,,,,,,,,,,,,,117.6,250,,,,,,,,,,,,,,,,,,
2026-07-03T20:03:49.168828+00:00,2026-07-03T20:03:49.168742,1,1,117.35,0.5,117.1,150,,,,,,,,,,,,,,,,,,,117.6,150,,,,,,,,,,,,,,,,,,
2026-07-03T20:03:49.219189+00:00,2026-07-03T20:03:49.219075,2,1,117.35,0.5,117.1,150,116.8,100,,,,,,,,,,,,,,,,,117.6,150,,,,,,,,,,,,,,,,,,
2026-07-03T20:03:49.276412+00:00,2026-07-03T20:03:49.276312,2,2,117.2,0.2,117.1,150,116.8,100,,,,,,,,,,,,,,,,,117.3,100,117.6,150,,,,,,,,,,,,,,,,
2026-07-03T20:03:49.718969+00:00,2026-07-03T20:03:49.718889,2,2,117.2,0.2,117.1,150,116.8,100,,,,,,,,,,,,,,,,,117.3,50,117.6,150,,,,,,,,,,,,,,,,
2026-07-03T20:03:50.214040+00:00,2026-07-03T20:03:50.213944,1,1,117.05,0.5,116.8,100,,,,,,,,,,,,,,,,,,,117.3,50,,,,,,,,,,,,,,,,,,
2026-07-03T20:03:50.269155+00:00,2026-07-03T20:03:50.268957,2,1,117.1,0.4,116.9,150,116.8,100,,,,,,,,,,,,,,,,,117.3,50,,,,,,,,,,,,,,,,,,
2026-07-03T20:03:50.321851+00:00,2026-07-03T20:03:50.321741,2,2,117.1,0.4,116.9,150,116.8,100,,,,,,,,,,,,,,,,,117.3,50,117.4,150,,,,,,,,,,,,,,,,
2026-07-03T20:03:52.330021+00:00,2026-07-03T20:03:52.329888,1,1,117.15,0.5,116.9,150,,,,,,,,,,,,,,,,,,,117.4,150,,,,,,,,,,,,,,,,,,
2026-07-03T20:03:52.384427+00:00,2026-07-03T20:03:52.384275,2,1,117.15,0.5,116.9,150,116.6,100,,,,,,,,,,,,,,,,,117.4,150,,,,,,,,,,,,,,,,,,
2026-07-03T20:03:52.436736+00:00,2026-07-03T20:03:52.436658,2,2,117.0,0.2,116.9,150,116.6,100,,,,,,,,,,,,,,,,,117.1,100,117.4,150,,,,,,,,,,,,,,,,
2026-07-03T20:03:53.376480+00:00,2026-07-03T20:03:53.376350,1,1,116.85,0.5,116.6,100,,,,,,,,,,,,,,,,,,,117.1,100,,,,,,,,,,,,,,,,,,
2026-07-03T20:03:53.431999+00:00,2026-07-03T20:03:53.431915,2,1,116.9,0.4,116.7,150,116.6,100,,,,,,,,,,,,,,,,,117.1,100,,,,,,,,,,,,,,,,,,
2026-07-03T20:03:53.485029+00:00,2026-07-03T20:03:53.485147,2,2,116.9,0.4,116.7,150,116.6,100,,,,,,,,,,,,,,,,,117.1,100,117.2,150,,,,,,,,,,,,,,,,
2026-07-03T20:03:53.997829+00:00,2026-07-03T20:03:53.993847,2,2,116.9,0.4,116.7,100,116.6,100,,,,,,,,,,,,,,,,,117.1,100,117.2,150,,,,,,,,,,,,,,,,
2026-07-03T20:03:54.948401+00:00,2026-07-03T20:03:54.948543,2,2,116.9,0.4,116.7,54,116.6,100,,,,,,,,,,,,,,,,,117.1,100,117.2,150,,,,,,,,,,,,,,,,
2026-07-03T20:03:55.079181+00:00,2026-07-03T20:03:55.072325,2,2,116.9,0.4,116.7,51,116.6,100,,,,,,,,,,,,,,,,,117.1,100,117.2,150,,,,,,,,,,,,,,,,
2026-07-03T20:03:55.490644+00:00,2026-07-03T20:03:55.490551,1,1,116.95,0.5,116.7,51,,,,,,,,,,,,,,,,,,,117.2,150,,,,,,,,,,,,,,,,,,
2026-07-03T20:03:55.548492+00:00,2026-07-03T20:03:55.558627,2,1,116.95,0.5,116.7,51,116.3,100,,,,,,,,,,,,,,,,,117.2,150,,,,,,,,,,,,,,,,,,
2026-07-03T20:03:55.601589+00:00,2026-07-03T20:03:55.601455,2,2,116.75,0.1,116.7,51,116.3,100,,,,,,,,,,,,,,,,,116.8,100,117.2,150,,,,,,,,,,,,,,,,
2026-07-03T20:03:56.052805+00:00,2026-07-03T20:03:56.052952,2,2,116.75,0.1,116.7,51,116.3,100,,,,,,,,,,,,,,,,,116.8,50,117.2,150,,,,,,,,,,,,,,,,
2026-07-03T20:03:56.539382+00:00,2026-07-03T20:03:56.539278,1,1,116.55,0.5,116.3,100,,,,,,,,,,,,,,,,,,,116.8,50,,,,,,,,,,,,,,,,,,
2026-07-03T20:03:56.593608+00:00,2026-07-03T20:03:56.593468,2,1,116.55,0.5,116.3,100,116.1,150,,,,,,,,,,,,,,,,,116.8,50,,,,,,,,,,,,,,,,,,
2026-07-03T20:03:56.645999+00:00,2026-07-03T20:03:56.645827,2,2,116.45,0.3,116.3,100,116.1,150,,,,,,,,,,,,,,,,,116.6,150,116.8,50,,,,,,,,,,,,,,,,
2026-07-03T20:03:57.380781+00:00,2026-07-03T20:03:57.374230,2,2,116.45,0.3,116.3,100,116.1,150,,,,,,,,,,,,,,,,,116.6,147,116.8,50,,,,,,,,,,,,,,,,
2026-07-03T20:03:57.532479+00:00,2026-07-03T20:03:57.532405,2,2,116.45,0.3,116.3,52,116.1,150,,,,,,,,,,,,,,,,,116.6,147,116.8,50,,,,,,,,,,,,,,,,
2026-07-03T20:03:58.045769+00:00,2026-07-03T20:03:58.045719,2,2,116.45,0.3,116.3,52,116.1,150,,,,,,,,,,,,,,,,,116.6,103,116.8,50,,,,,,,,,,,,,,,,
2026-07-03T20:03:58.169330+00:00,2026-07-03T20:03:58.169228,2,2,116.45,0.3,116.3,52,116.1,150,,,,,,,,,,,,,,,,,116.6,53,116.8,50,,,,,,,,,,,,,,,,
2026-07-03T20:03:58.658628+00:00,2026-07-03T20:03:58.652935,1,1,116.35,0.5,116.1,150,,,,,,,,,,,,,,,,,,,116.6,53,,,,,,,,,,,,,,,,,,
2026-07-03T20:03:58.706781+00:00,2026-07-03T20:03:58.706710,2,0,,,116.6,47,116.1,150,,,,,,,,,,,,,,,,,,,,,,,,,,,,,,,,,,,,
2026-07-03T20:03:58.759174+00:00,2026-07-03T20:03:58.759057,2,1,116.85,0.5,116.6,47,116.1,150,,,,,,,,,,,,,,,,,117.1,100,,,,,,,,,,,,,,,,,,
2026-07-03T20:03:59.697665+00:00,2026-07-03T20:03:59.697550,1,1,116.85,0.5,116.6,47,,,,,,,,,,,,,,,,,,,117.1,100,,,,,,,,,,,,,,,,,,
2026-07-03T20:03:59.758638+00:00,2026-07-03T20:03:59.754581,2,1,116.95,0.3,116.8,150,116.6,47,,,,,,,,,,,,,,,,,117.1,100,,,,,,,,,,,,,,,,,,
2026-07-03T20:03:59.814743+00:00,2026-07-03T20:03:59.814835,2,2,116.95,0.3,116.8,150,116.6,47,,,,,,,,,,,,,,,,,117.1,100,117.3,150,,,,,,,,,,,,,,,,
2026-07-03T20:04:00.278367+00:00,2026-07-03T20:04:00.278254,2,2,116.95,0.3,116.8,150,116.6,47,,,,,,,,,,,,,,,,,117.1,50,117.3,150,,,,,,,,,,,,,,,,
2026-07-03T20:04:00.318471+00:00,2026-07-03T20:04:00.313139,2,2,116.95,0.3,116.8,147,116.6,47,,,,,,,,,,,,,,,,,117.1,50,117.3,150,,,,,,,,,,,,,,,,
2026-07-03T20:04:01.817375+00:00,2026-07-03T20:04:01.817329,1,1,117.05,0.5,116.8,147,,,,,,,,,,,,,,,,,,,117.3,150,,,,,,,,,,,,,,,,,,
2026-07-03T20:04:01.872083+00:00,2026-07-03T20:04:01.872007,2,1,117.05,0.5,116.8,147,116.4,100,,,,,,,,,,,,,,,,,117.3,150,,,,,,,,,,,,,,,,,,
2026-07-03T20:04:01.924894+00:00,2026-07-03T20:04:01.924783,2,2,116.85,0.1,116.8,147,116.4,100,,,,,,,,,,,,,,,,,116.9,100,117.3,150,,,,,,,,,,,,,,,,
2026-07-03T20:04:02.432298+00:00,2026-07-03T20:04:02.432452,2,2,116.85,0.1,116.8,97,116.4,100,,,,,,,,,,,,,,,,,116.9,100,117.3,150,,,,,,,,,,,,,,,,
2026-07-03T20:04:02.765592+00:00,2026-07-03T20:04:02.765463,2,2,116.85,0.1,116.8,48,116.4,100,,,,,,,,,,,,,,,,,116.9,100,117.3,150,,,,,,,,,,,,,,,,
2026-07-03T20:04:02.869428+00:00,2026-07-03T20:04:02.869332,1,1,116.65,0.5,116.4,100,,,,,,,,,,,,,,,,,,,116.9,100,,,,,,,,,,,,,,,,,,
2026-07-03T20:04:02.924624+00:00,2026-07-03T20:04:02.924490,2,1,116.65,0.5,116.4,100,116.3,150,,,,,,,,,,,,,,,,,116.9,100,,,,,,,,,,,,,,,,,,
2026-07-03T20:04:02.977514+00:00,2026-07-03T20:04:02.977373,2,2,116.6,0.4,116.4,100,116.3,150,,,,,,,,,,,,,,,,,116.8,150,116.9,100,,,,,,,,,,,,,,,,
2026-07-03T20:04:03.248332+00:00,2026-07-03T20:04:03.248255,2,2,116.6,0.4,116.4,100,116.3,150,,,,,,,,,,,,,,,,,116.8,101,116.9,100,,,,,,,,,,,,,,,,
2026-07-03T20:04:03.739908+00:00,2026-07-03T20:04:03.739879,2,2,116.6,0.4,116.4,58,116.3,150,,,,,,,,,,,,,,,,,116.8,101,116.9,100,,,,,,,,,,,,,,,,
2026-07-03T20:04:04.543501+00:00,2026-07-03T20:04:04.543423,2,2,116.6,0.4,116.4,8,116.3,150,,,,,,,,,,,,,,,,,116.8,101,116.9,100,,,,,,,,,,,,,,,,
2026-07-03T20:04:04.866889+00:00,2026-07-03T20:04:04.866769,2,2,116.6,0.4,116.4,8,116.3,150,,,,,,,,,,,,,,,,,116.8,60,116.9,100,,,,,,,,,,,,,,,,
2026-07-03T20:04:04.978771+00:00,2026-07-03T20:04:04.978895,1,1,116.55,0.5,116.3,150,,,,,,,,,,,,,,,,,,,116.8,60,,,,,,,,,,,,,,,,,,
2026-07-03T20:04:05.033910+00:00,2026-07-03T20:04:05.033868,1,1,116.55,0.5,116.3,250,,,,,,,,,,,,,,,,,,,116.8,60,,,,,,,,,,,,,,,,,,
2026-07-03T20:04:05.086803+00:00,2026-07-03T20:04:05.086676,1,1,116.55,0.5,116.3,250,,,,,,,,,,,,,,,,,,,116.8,160,,,,,,,,,,,,,,,,,,
2026-07-03T20:04:06.031572+00:00,2026-07-03T20:04:06.031688,1,1,116.55,0.5,116.3,100,,,,,,,,,,,,,,,,,,,116.8,100,,,,,,,,,,,,,,,,,,
