recv_time,book_timestamp,n_bids,n_asks,mid,spread,bid_px_0,bid_vol_0,bid_px_1,bid_vol_1,bid_px_2,bid_vol_2,bid_px_3,bid_vol_3,bid_px_4,bid_vol_4,bid_px_5,bid_vol_5,bid_px_6,bid_vol_6,bid_px_7,bid_vol_7,bid_px_8,bid_vol_8,bid_px_9,bid_vol_9,ask_px_0,ask_vol_0,ask_px_1,ask_vol_1,ask_px_2,ask_vol_2,ask_px_3,ask_vol_3,ask_px_4,ask_vol_4,ask_px_5,ask_vol_5,ask_px_6,ask_vol_6,ask_px_7,ask_vol_7,ask_px_8,ask_vol_8,ask_px_9,ask_vol_9
2026-07-07T21:00:00.690705+00:00,2026-07-07T21:00:00.690631,2,3,138.65,0.1,138.6,63,138.2,100,,,,,,,,,,,,,,,,,138.7,51,138.9,12,139.1,150,,,,,,,,,,,,,,
2026-07-07T21:00:00.946294+00:00,2026-07-07T21:00:00.920817,2,2,138.65,0.1,138.6,4,138.2,100,,,,,,,,,,,,,,,,,138.7,51,138.9,12,,,,,,,,,,,,,,,,
2026-07-07T21:00:00.976229+00:00,2026-07-07T21:00:00.976114,3,2,138.65,0.1,138.6,4,138.3,150,138.2,100,,,,,,,,,,,,,,,138.7,51,138.9,12,,,,,,,,,,,,,,,,
2026-07-07T21:00:01.043594+00:00,2026-07-07T21:00:01.025936,2,2,138.7,0.2,138.6,4,138.3,150,,,,,,,,,,,,,,,,,138.8,150,138.9,12,,,,,,,,,,,,,,,,
2026-07-07T21:00:01.087215+00:00,2026-07-07T21:00:01.087154,3,2,138.7,0.2,138.6,4,138.4,100,138.3,150,,,,,,,,,,,,,,,138.8,150,138.9,12,,,,,,,,,,,,,,,,
2026-07-07T21:00:01.139576+00:00,2026-07-07T21:00:01.139468,3,2,138.7,0.2,138.6,4,138.4,100,138.3,150,,,,,,,,,,,,,,,138.8,250,138.9,12,,,,,,,,,,,,,,,,
2026-07-07T21:00:01.340121+00:00,2026-07-07T21:00:01.340064,2,2,138.6,0.4,138.4,100,138.3,150,,,,,,,,,,,,,,,,,138.8,250,138.9,12,,,,,,,,,,,,,,,,
2026-07-07T21:00:02.042450+00:00,2026-07-07T21:00:02.002012,2,2,138.6,0.4,138.4,100,138.3,150,,,,,,,,,,,,,,,,,138.8,200,138.9,12,,,,,,,,,,,,,,,,
2026-07-07T21:00:03.495791+00:00,2026-07-07T21:00:03.495906,2,2,138.6,0.4,138.4,100,138.3,150,,,,,,,,,,,,,,,,,138.8,151,138.9,12,,,,,,,,,,,,,,,,
2026-07-07T21:00:03.633834+00:00,2026-07-07T21:00:03.633764,2,1,138.6,0.4,138.4,100,138.3,150,,,,,,,,,,,,,,,,,138.8,151,,,,,,,,,,,,,,,,,,
2026-07-07T21:00:03.638947+00:00,2026-07-07T21:00:03.638912,2,2,138.6,0.4,138.4,100,138.3,150,,,,,,,,,,,,,,,,,138.8,151,139.0,12,,,,,,,,,,,,,,,,
2026-07-07T21:00:04.086943+00:00,2026-07-07T21:00:04.087083,1,2,138.6,0.4,138.4,100,,,,,,,,,,,,,,,,,,,138.8,100,139.0,12,,,,,,,,,,,,,,,,
2026-07-07T21:00:04.121253+00:00,2026-07-07T21:00:04.121086,1,2,138.6,0.4,138.4,100,,,,,,,,,,,,,,,,,,,138.8,50,139.0,12,,,,,,,,,,,,,,,,
2026-07-07T21:00:04.140805+00:00,2026-07-07T21:00:04.140920,2,2,138.75,0.1,138.7,150,138.4,100,,,,,,,,,,,,,,,,,138.8,50,139.0,12,,,,,,,,,,,,,,,,
2026-07-07T21:00:04.221194+00:00,2026-07-07T21:00:04.188291,1,2,138.85,0.3,138.7,150,,,,,,,,,,,,,,,,,,,139.0,12,139.2,150,,,,,,,,,,,,,,,,
2026-07-07T21:00:04.247368+00:00,2026-07-07T21:00:04.247316,2,2,138.85,0.3,138.7,150,138.5,100,,,,,,,,,,,,,,,,,139.0,12,139.2,150,,,,,,,,,,,,,,,,
2026-07-07T21:00:04.302429+00:00,2026-07-07T21:00:04.302507,2,2,138.85,0.3,138.7,150,138.5,100,,,,,,,,,,,,,,,,,139.0,112,139.2,150,,,,,,,,,,,,,,,,
2026-07-07T21:00:04.394531+00:00,2026-07-07T21:00:04.394425,2,2,138.85,0.3,138.7,150,138.5,100,,,,,,,,,,,,,,,,,139.0,112,139.2,150,,,,,,,,,,,,,,,,
2026-07-07T21:00:06.222036+00:00,2026-07-07T21:00:06.221955,2,2,138.85,0.3,138.7,150,138.5,100,,,,,,,,,,,,,,,,,139.0,62,139.2,150,,,,,,,,,,,,,,,,
2026-07-07T21:00:07.258810+00:00,2026-07-07T21:00:07.258698,1,1,138.75,0.5,138.5,100,,,,,,,,,,,,,,,,,,,139.0,62,,,,,,,,,,,,,,,,,,
2026-07-07T21:00:07.304132+00:00,2026-07-07T21:00:07.304274,2,1,138.85,0.3,138.7,150,138.5,100,,,,,,,,,,,,,,,,,139.0,62,,,,,,,,,,,,,,,,,,
2026-07-07T21:00:07.357628+00:00,2026-07-07T21:00:07.357531,1,2,138.85,0.3,138.7,150,,,,,,,,,,,,,,,,,,,139.0,12,139.2,150,,,,,,,,,,,,,,,,
2026-07-07T21:00:07.412241+00:00,2026-07-07T21:00:07.412166,1,2,138.85,0.3,138.7,250,,,,,,,,,,,,,,,,,,,139.0,12,139.2,150,,,,,,,,,,,,,,,,
2026-07-07T21:00:07.465498+00:00,2026-07-07T21:00:07.465429,1,3,138.85,0.3,138.7,250,,,,,,,,,,,,,,,,,,,139.0,12,139.1,100,139.2,150,,,,,,,,,,,,,,
2026-07-07T21:00:08.328682+00:00,2026-07-07T21:00:08.328597,1,2,138.9,0.4,138.7,250,,,,,,,,,,,,,,,,,,,139.1,62,139.2,150,,,,,,,,,,,,,,,,
2026-07-07T21:00:09.055935+00:00,2026-07-07T21:00:09.049298,1,2,138.9,0.4,138.7,238,,,,,,,,,,,,,,,,,,,139.1,62,139.2,150,,,,,,,,,,,,,,,,
2026-07-07T21:00:09.419463+00:00,2026-07-07T21:00:09.419370,2,3,138.85,0.3,138.7,238,138.5,12,,,,,,,,,,,,,,,,,139.0,12,139.1,62,139.2,150,,,,,,,,,,,,,,
2026-07-07T21:00:10.412997+00:00,2026-07-07T21:00:10.413197,2,2,138.85,0.3,138.7,100,138.5,12,,,,,,,,,,,,,,,,,139.0,12,139.1,62,,,,,,,,,,,,,,,,
2026-07-07T21:00:10.438902+00:00,2026-07-07T21:00:10.438840,2,1,138.9,0.4,138.7,100,138.5,12,,,,,,,,,,,,,,,,,139.1,24,,,,,,,,,,,,,,,,,,
2026-07-07T21:00:10.466195+00:00,2026-07-07T21:00:10.466319,2,1,138.9,0.4,138.7,100,138.5,162,,,,,,,,,,,,,,,,,139.1,24,,,,,,,,,,,,,,,,,,
2026-07-07T21:00:10.520078+00:00,2026-07-07T21:00:10.520227,1,1,138.75,0.5,138.5,162,,,,,,,,,,,,,,,,,,,139.0,150,,,,,,,,,,,,,,,,,,
2026-07-07T21:00:10.575946+00:00,2026-07-07T21:00:10.575917,2,1,138.9,0.2,138.8,100,138.5,162,,,,,,,,,,,,,,,,,139.0,150,,,,,,,,,,,,,,,,,,
2026-07-07T21:00:10.624845+00:00,2026-07-07T21:00:10.624954,2,2,138.9,0.2,138.8,100,138.5,162,,,,,,,,,,,,,,,,,139.0,150,139.3,100,,,,,,,,,,,,,,,,
2026-07-07T21:00:11.687251+00:00,2026-07-07T21:00:11.687191,3,2,138.9,0.2,138.8,100,138.6,12,138.5,150,,,,,,,,,,,,,,,139.0,150,139.3,100,,,,,,,,,,,,,,,,
2026-07-07T21:00:11.692386+00:00,2026-07-07T21:00:11.692359,3,2,138.9,0.2,138.8,100,138.6,12,138.5,150,,,,,,,,,,,,,,,139.0,162,139.3,100,,,,,,,,,,,,,,,,
2026-07-07T21:00:12.551319+00:00,2026-07-07T21:00:12.551431,3,2,138.9,0.2,138.8,100,138.6,12,138.5,150,,,,,,,,,,,,,,,139.0,112,139.3,100,,,,,,,,,,,,,,,,
2026-07-07T21:00:12.985523+00:00,2026-07-07T21:00:12.979047,3,2,138.9,0.2,138.8,89,138.6,12,138.5,150,,,,,,,,,,,,,,,139.0,112,139.3,100,,,,,,,,,,,,,,,,
2026-07-07T21:00:13.200160+00:00,2026-07-07T21:00:13.200281,2,2,138.9,0.2,138.8,89,138.5,150,,,,,,,,,,,,,,,,,139.0,100,139.3,100,,,,,,,,,,,,,,,,
2026-07-07T21:00:13.205561+00:00,2026-07-07T21:00:13.205476,2,3,138.85,0.1,138.8,89,138.5,162,,,,,,,,,,,,,,,,,138.9,12,139.0,100,139.3,100,,,,,,,,,,,,,,
2026-07-07T21:00:13.576659+00:00,2026-07-07T21:00:13.576611,2,2,138.85,0.1,138.8,89,138.5,12,,,,,,,,,,,,,,,,,138.9,12,139.3,100,,,,,,,,,,,,,,,,
2026-07-07T21:00:13.648115+00:00,2026-07-07T21:00:13.647946,3,2,138.85,0.1,138.8,89,138.6,150,138.5,12,,,,,,,,,,,,,,,138.9,12,139.3,100,,,,,,,,,,,,,,,,
2026-07-07T21:00:13.677469+00:00,2026-07-07T21:00:13.677397,3,1,138.85,0.1,138.8,89,138.6,150,138.5,12,,,,,,,,,,,,,,,138.9,12,,,,,,,,,,,,,,,,,,
2026-07-07T21:00:13.682609+00:00,2026-07-07T21:00:13.682550,2,1,138.75,0.3,138.6,150,138.5,12,,,,,,,,,,,,,,,,,138.9,12,,,,,,,,,,,,,,,,,,
2026-07-07T21:00:13.698184+00:00,2026-07-07T21:00:13.698117,2,2,138.75,0.3,138.6,150,138.5,12,,,,,,,,,,,,,,,,,138.9,12,139.1,150,,,,,,,,,,,,,,,,
2026-07-07T21:00:13.731200+00:00,2026-07-07T21:00:13.731154,2,2,138.75,0.3,138.6,250,138.5,12,,,,,,,,,,,,,,,,,138.9,12,139.1,150,,,,,,,,,,,,,,,,
2026-07-07T21:00:13.790471+00:00,2026-07-07T21:00:13.790350,2,2,138.75,0.3,138.6,250,138.5,12,,,,,,,,,,,,,,,,,138.9,12,139.1,250,,,,,,,,,,,,,,,,
2026-07-07T21:00:14.458608+00:00,2026-07-07T21:00:14.456882,1,2,138.75,0.3,138.6,250,,,,,,,,,,,,,,,,,,,138.9,12,139.1,250,,,,,,,,,,,,,,,,
2026-07-07T21:00:14.470408+00:00,2026-07-07T21:00:14.470342,1,1,138.85,0.5,138.6,262,,,,,,,,,,,,,,,,,,,139.1,250,,,,,,,,,,,,,,,,,,
2026-07-07T21:00:14.475714+00:00,2026-07-07T21:00:14.475593,1,2,138.8,0.4,138.6,262,,,,,,,,,,,,,,,,,,,139.0,12,139.1,250,,,,,,,,,,,,,,,,
2026-07-07T21:00:14.663506+00:00,2026-07-07T21:00:14.663442,1,1,138.85,0.5,138.6,262,,,,,,,,,,,,,,,,,,,139.1,212,,,,,,,,,,,,,,,,,,
2026-07-07T21:00:14.770239+00:00,2026-07-07T21:00:14.770113,1,1,138.85,0.5,138.6,213,,,,,,,,,,,,,,,,,,,139.1,212,,,,,,,,,,,,,,,,,,
2026-07-07T21:00:14.985850+00:00,2026-07-07T21:00:14.985944,1,1,138.85,0.5,138.6,201,,,,,,,,,,,,,,,,,,,139.1,212,,,,,,,,,,,,,,,,,,
2026-07-07T21:00:14.991019+00:00,2026-07-07T21:00:14.991156,2,1,138.9,0.4,138.7,12,138.6,201,,,,,,,,,,,,,,,,,139.1,224,,,,,,,,,,,,,,,,,,
2026-07-07T21:00:15.329984+00:00,2026-07-07T21:00:15.329863,1,1,138.85,0.5,138.6,201,,,,,,,,,,,,,,,,,,,139.1,224,,,,,,,,,,,,,,,,,,
2026-07-07T21:00:16.758603+00:00,2026-07-07T21:00:16.754703,1,1,138.85,0.5,138.6,100,,,,,,,,,,,,,,,,,,,139.1,112,,,,,,,,,,,,,,,,,,
2026-07-07T21:00:16.807994+00:00,2026-07-07T21:00:16.807955,2,1,138.9,0.4,138.7,150,138.6,100,,,,,,,,,,,,,,,,,139.1,112,,,,,,,,,,,,,,,,,,
2026-07-07T21:00:16.839649+00:00,2026-07-07T21:00:16.839503,2,1,138.9,0.4,138.7,150,138.6,100,,,,,,,,,,,,,,,,,139.1,12,,,,,,,,,,,,,,,,,,
2026-07-07T21:00:16.844780+00:00,2026-07-07T21:00:16.844679,1,1,138.9,0.4,138.7,150,,,,,,,,,,,,,,,,,,,139.1,12,,,,,,,,,,,,,,,,,,
2026-07-07T21:00:16.849999+00:00,2026-07-07T21:00:16.849899,1,1,138.9,0.4,138.7,100,,,,,,,,,,,,,,,,,,,139.1,12,,,,,,,,,,,,,,,,,,
2026-07-07T21:00:16.858618+00:00,2026-07-07T21:00:16.856030,1,2,138.9,0.4,138.7,100,,,,,,,,,,,,,,,,,,,139.1,12,139.2,150,,,,,,,,,,,,,,,,
2026-07-07T21:00:16.898755+00:00,2026-07-07T21:00:16.898583,2,2,138.95,0.3,138.8,100,138.7,100,,,,,,,,,,,,,,,,,139.1,12,139.2,150,,,,,,,,,,,,,,,,
2026-07-07T21:00:16.947699+00:00,2026-07-07T21:00:16.947546,2,3,138.95,0.3,138.8,100,138.7,100,,,,,,,,,,,,,,,,,139.1,12,139.2,150,139.3,100,,,,,,,,,,,,,,
2026-07-07T21:00:17.259214+00:00,2026-07-07T21:00:17.259361,3,2,139.0,0.4,138.8,100,138.7,100,138.6,12,,,,,,,,,,,,,,,139.2,150,139.3,100,,,,,,,,,,,,,,,,
2026-07-07T21:00:17.264628+00:00,2026-07-07T21:00:17.264555,3,3,138.9,0.2,138.8,100,138.7,100,138.6,12,,,,,,,,,,,,,,,139.0,12,139.2,150,139.3,100,,,,,,,,,,,,,,
2026-07-07T21:00:17.536930+00:00,2026-07-07T21:00:17.536899,3,3,138.9,0.2,138.8,60,138.7,100,138.6,12,,,,,,,,,,,,,,,139.0,12,139.2,150,139.3,100,,,,,,,,,,,,,,
2026-07-07T21:00:18.772495+00:00,2026-07-07T21:00:18.772632,2,2,139.0,0.4,138.8,60,138.7,100,,,,,,,,,,,,,,,,,139.2,150,139.3,100,,,,,,,,,,,,,,,,
2026-07-07T21:00:18.777941+00:00,2026-07-07T21:00:18.777834,2,3,138.9,0.2,138.8,60,138.7,112,,,,,,,,,,,,,,,,,139.0,12,139.2,150,139.3,100,,,,,,,,,,,,,,
2026-07-07T21:00:18.958649+00:00,2026-07-07T21:00:18.950389,2,3,138.9,0.2,138.8,10,138.7,112,,,,,,,,,,,,,,,,,139.0,12,139.2,150,139.3,100,,,,,,,,,,,,,,
2026-07-07T21:00:19.534270+00:00,2026-07-07T21:00:19.534399,2,3,138.9,0.2,138.8,10,138.7,100,,,,,,,,,,,,,,,,,139.0,12,139.2,150,139.3,100,,,,,,,,,,,,,,
2026-07-07T21:00:19.539663+00:00,2026-07-07T21:00:19.539631,3,2,139.0,0.4,138.8,10,138.7,100,138.5,12,,,,,,,,,,,,,,,139.2,150,139.3,100,,,,,,,,,,,,,,,,
2026-07-07T21:00:19.544706+00:00,2026-07-07T21:00:19.544804,3,3,138.85,0.1,138.8,10,138.7,100,138.5,12,,,,,,,,,,,,,,,138.9,12,139.2,150,139.3,100,,,,,,,,,,,,,,
2026-07-07T21:00:19.915667+00:00,2026-07-07T21:00:19.915595,2,2,138.85,0.1,138.8,10,138.5,12,,,,,,,,,,,,,,,,,138.9,12,139.3,100,,,,,,,,,,,,,,,,
2026-07-07T21:00:19.972621+00:00,2026-07-07T21:00:19.972708,3,2,138.85,0.1,138.8,10,138.5,12,138.4,150,,,,,,,,,,,,,,,138.9,12,139.3,100,,,,,,,,,,,,,,,,
2026-07-07T21:00:20.001249+00:00,2026-07-07T21:00:20.001192,3,1,138.85,0.1,138.8,10,138.5,12,138.4,150,,,,,,,,,,,,,,,138.9,12,,,,,,,,,,,,,,,,,,
2026-07-07T21:00:20.006413+00:00,2026-07-07T21:00:20.006362,2,1,138.7,0.4,138.5,12,138.4,150,,,,,,,,,,,,,,,,,138.9,12,,,,,,,,,,,,,,,,,,
2026-07-07T21:00:20.024851+00:00,2026-07-07T21:00:20.024935,2,1,138.7,0.4,138.5,12,138.4,150,,,,,,,,,,,,,,,,,138.9,162,,,,,,,,,,,,,,,,,,
2026-07-07T21:00:20.055745+00:00,2026-07-07T21:00:20.055868,2,1,138.7,0.4,138.5,12,138.4,250,,,,,,,,,,,,,,,,,138.9,162,,,,,,,,,,,,,,,,,,
2026-07-07T21:00:20.114248+00:00,2026-07-07T21:00:20.114091,2,1,138.7,0.4,138.5,12,138.4,250,,,,,,,,,,,,,,,,,138.9,262,,,,,,,,,,,,,,,,,,
2026-07-07T21:00:21.093145+00:00,2026-07-07T21:00:21.093010,1,1,138.65,0.5,138.4,212,,,,,,,,,,,,,,,,,,,138.9,262,,,,,,,,,,,,,,,,,,
2026-07-07T21:00:23.075025+00:00,2026-07-07T21:00:23.074988,1,1,138.65,0.5,138.4,100,,,,,,,,,,,,,,,,,,,138.9,112,,,,,,,,,,,,,,,,,,
2026-07-07T21:00:23.127260+00:00,2026-07-07T21:00:23.127149,2,1,138.65,0.5,138.4,100,138.2,150,,,,,,,,,,,,,,,,,138.9,112,,,,,,,,,,,,,,,,,,
2026-07-07T21:00:23.168948+00:00,2026-07-07T21:00:23.168838,1,1,138.55,0.7,138.2,150,,,,,,,,,,,,,,,,,,,138.9,12,,,,,,,,,,,,,,,,,,
2026-07-07T21:00:23.184791+00:00,2026-07-07T21:00:23.184712,1,2,138.45,0.5,138.2,150,,,,,,,,,,,,,,,,,,,138.7,150,138.9,12,,,,,,,,,,,,,,,,
2026-07-07T21:00:23.203063+00:00,2026-07-07T21:00:23.202941,1,2,138.45,0.5,138.2,100,,,,,,,,,,,,,,,,,,,138.7,150,138.9,12,,,,,,,,,,,,,,,,
2026-07-07T21:00:23.218659+00:00,2026-07-07T21:00:23.218598,2,2,138.5,0.4,138.3,100,138.2,100,,,,,,,,,,,,,,,,,138.7,150,138.9,12,,,,,,,,,,,,,,,,
2026-07-07T21:00:23.274498+00:00,2026-07-07T21:00:23.274402,2,3,138.5,0.4,138.3,100,138.2,100,,,,,,,,,,,,,,,,,138.7,150,138.8,100,138.9,12,,,,,,,,,,,,,,
2026-07-07T21:00:23.316032+00:00,2026-07-07T21:00:23.315943,2,2,138.5,0.4,138.3,112,138.2,100,,,,,,,,,,,,,,,,,138.7,150,138.8,100,,,,,,,,,,,,,,,,
2026-07-07T21:00:23.321189+00:00,2026-07-07T21:00:23.321121,2,2,138.5,0.4,138.3,112,138.2,100,,,,,,,,,,,,,,,,,138.7,162,138.8,100,,,,,,,,,,,,,,,,
2026-07-07T21:00:24.169482+00:00,2026-07-07T21:00:24.169314,2,2,138.5,0.4,138.3,112,138.2,100,,,,,,,,,,,,,,,,,138.7,121,138.8,100,,,,,,,,,,,,,,,,
2026-07-07T21:00:24.658583+00:00,2026-07-07T21:00:24.656202,2,2,138.5,0.4,138.3,112,138.2,100,,,,,,,,,,,,,,,,,138.7,74,138.8,100,,,,,,,,,,,,,,,,
2026-07-07T21:00:24.829483+00:00,2026-07-07T21:00:24.829363,2,2,138.5,0.4,138.3,100,138.2,100,,,,,,,,,,,,,,,,,138.7,62,138.8,100,,,,,,,,,,,,,,,,
2026-07-07T21:00:24.834693+00:00,2026-07-07T21:00:24.834613,3,2,138.55,0.3,138.4,12,138.3,100,138.2,100,,,,,,,,,,,,,,,138.7,62,138.8,112,,,,,,,,,,,,,,,,
2026-07-07T21:00:25.287230+00:00,2026-07-07T21:00:25.287137,3,2,138.55,0.3,138.4,12,138.3,100,138.2,100,,,,,,,,,,,,,,,138.7,12,138.8,112,,,,,,,,,,,,,,,,
2026-07-07T21:00:26.235267+00:00,2026-07-07T21:00:26.235382,2,1,138.6,0.4,138.4,12,138.3,100,,,,,,,,,,,,,,,,,138.8,112,,,,,,,,,,,,,,,,,,
2026-07-07T21:00:26.288711+00:00,2026-07-07T21:00:26.288603,3,1,138.7,0.2,138.6,150,138.4,12,138.3,100,,,,,,,,,,,,,,,138.8,112,,,,,,,,,,,,,,,,,,
2026-07-07T21:00:26.327173+00:00,2026-07-07T21:00:26.327134,3,1,138.7,0.2,138.6,150,138.4,12,138.3,100,,,,,,,,,,,,,,,138.8,12,,,,,,,,,,,,,,,,,,
2026-07-07T21:00:26.332208+00:00,2026-07-07T21:00:26.332296,2,1,138.7,0.2,138.6,150,138.4,12,,,,,,,,,,,,,,,,,138.8,12,,,,,,,,,,,,,,,,,,
2026-07-07T21:00:26.342790+00:00,2026-07-07T21:00:26.342744,1,2,138.7,0.2,138.6,150,,,,,,,,,,,,,,,,,,,138.8,12,139.1,150,,,,,,,,,,,,,,,,
2026-07-07T21:00:26.347820+00:00,2026-07-07T21:00:26.347934,2,1,138.85,0.5,138.6,150,138.5,12,,,,,,,,,,,,,,,,,139.1,150,,,,,,,,,,,,,,,,,,
2026-07-07T21:00:26.353236+00:00,2026-07-07T21:00:26.353110,2,2,138.7,0.2,138.6,150,138.5,12,,,,,,,,,,,,,,,,,138.8,12,139.1,150,,,,,,,,,,,,,,,,
2026-07-07T21:00:26.380623+00:00,2026-07-07T21:00:26.380731,3,2,138.7,0.2,138.6,150,138.5,12,138.4,100,,,,,,,,,,,,,,,138.8,12,139.1,150,,,,,,,,,,,,,,,,
2026-07-07T21:00:26.434163+00:00,2026-07-07T21:00:26.434015,3,3,138.7,0.2,138.6,150,138.5,12,138.4,100,,,,,,,,,,,,,,,138.8,12,138.9,100,139.1,150,,,,,,,,,,,,,,
2026-07-07T21:00:27.447549+00:00,2026-07-07T21:00:27.447428,3,3,138.7,0.2,138.6,100,138.5,12,138.4,100,,,,,,,,,,,,,,,138.8,12,138.9,100,139.1,150,,,,,,,,,,,,,,
2026-07-07T21:00:28.525555+00:00,2026-07-07T21:00:28.525490,3,2,138.75,0.3,138.6,100,138.5,12,138.4,100,,,,,,,,,,,,,,,138.9,100,139.1,150,,,,,,,,,,,,,,,,
2026-07-07T21:00:29.370058+00:00,2026-07-07T21:00:29.370011,2,2,138.75,0.3,138.6,112,138.4,100,,,,,,,,,,,,,,,,,138.9,100,139.1,150,,,,,,,,,,,,,,,,
2026-07-07T21:00:29.375086+00:00,2026-07-07T21:00:29.375180,2,2,138.75,0.3,138.6,112,138.4,100,,,,,,,,,,,,,,,,,138.9,112,139.1,150,,,,,,,,,,,,,,,,
2026-07-07T21:00:29.399773+00:00,2026-07-07T21:00:29.399645,2,1,138.75,0.3,138.6,12,138.4,100,,,,,,,,,,,,,,,,,138.9,112,,,,,,,,,,,,,,,,,,
2026-07-07T21:00:29.450050+00:00,2026-07-07T21:00:29.449953,3,1,138.75,0.3,138.6,12,138.5,150,138.4,100,,,,,,,,,,,,,,,138.9,112,,,,,,,,,,,,,,,,,,
2026-07-07T21:00:29.508498+00:00,2026-07-07T21:00:29.508692,2,1,138.75,0.3,138.6,12,138.5,150,,,,,,,,,,,,,,,,,138.9,12,,,,,,,,,,,,,,,,,,
2026-07-07T21:00:29.514065+00:00,2026-07-07T21:00:29.513936,2,1,138.8,0.4,138.6,12,138.5,150,,,,,,,,,,,,,,,,,139.0,150,,,,,,,,,,,,,,,,,,
2026-07-07T21:00:29.563827+00:00,2026-07-07T21:00:29.563719,2,1,138.8,0.4,138.6,12,138.5,250,,,,,,,,,,,,,,,,,139.0,150,,,,,,,,,,,,,,,,,,
2026-07-07T21:00:29.617059+00:00,2026-07-07T21:00:29.616961,2,1,138.8,0.4,138.6,12,138.5,250,,,,,,,,,,,,,,,,,139.0,250,,,,,,,,,,,,,,,,,,
2026-07-07T21:00:31.295250+00:00,2026-07-07T21:00:31.295135,1,1,138.75,0.5,138.5,219,,,,,,,,,,,,,,,,,,,139.0,250,,,,,,,,,,,,,,,,,,
2026-07-07T21:00:31.617618+00:00,2026-07-07T21:00:31.617504,1,1,138.75,0.5,138.5,219,,,,,,,,,,,,,,,,,,,139.0,200,,,,,,,,,,,,,,,,,,
2026-07-07T21:00:32.572193+00:00,2026-07-07T21:00:32.572091,1,1,138.75,0.5,138.5,100,,,,,,,,,,,,,,,,,,,139.0,100,,,,,,,,,,,,,,,,,,
2026-07-07T21:00:32.624053+00:00,2026-07-07T21:00:32.623896,2,1,138.8,0.4,138.6,150,138.5,100,,,,,,,,,,,,,,,,,139.0,100,,,,,,,,,,,,,,,,,,
2026-07-07T21:00:32.671072+00:00,2026-07-07T21:00:32.670861,1,0,,,138.6,150,,,,,,,,,,,,,,,,,,,,,,,,,,,,,,,,,,,,,,
2026-07-07T21:00:32.676219+00:00,2026-07-07T21:00:32.676109,1,1,138.85,0.5,138.6,150,,,,,,,,,,,,,,,,,,,139.1,150,,,,,,,,,,,,,,,,,,
2026-07-07T21:00:32.725132+00:00,2026-07-07T21:00:32.725032,2,1,138.9,0.4,138.7,100,138.6,150,,,,,,,,,,,,,,,,,139.1,150,,,,,,,,,,,,,,,,,,
2026-07-07T21:00:32.780749+00:00,2026-07-07T21:00:32.780652,2,2,138.9,0.4,138.7,100,138.6,150,,,,,,,,,,,,,,,,,139.1,150,139.2,100,,,,,,,,,,,,,,,,
2026-07-07T21:00:32.900627+00:00,2026-07-07T21:00:32.900546,2,2,138.9,0.4,138.7,112,138.6,150,,,,,,,,,,,,,,,,,139.1,162,139.2,100,,,,,,,,,,,,,,,,
2026-07-07T21:00:33.758589+00:00,2026-07-07T21:00:33.756836,2,2,138.9,0.4,138.7,112,138.6,150,,,,,,,,,,,,,,,,,139.1,112,139.2,100,,,,,,,,,,,,,,,,
2026-07-07T21:00:34.959977+00:00,2026-07-07T21:00:34.954593,2,2,138.9,0.4,138.7,112,138.6,150,,,,,,,,,,,,,,,,,139.1,101,139.2,100,,,,,,,,,,,,,,,,
2026-07-07T21:00:35.158598+00:00,2026-07-07T21:00:35.157542,2,2,138.9,0.4,138.7,100,138.6,150,,,,,,,,,,,,,,,,,139.1,89,139.2,100,,,,,,,,,,,,,,,,
2026-07-07T21:00:35.169968+00:00,2026-07-07T21:00:35.169913,3,3,138.95,0.3,138.8,12,138.7,100,138.6,150,,,,,,,,,,,,,,,139.1,89,139.2,100,139.4,12,,,,,,,,,,,,,,
2026-07-07T21:00:35.733714+00:00,2026-07-07T21:00:35.733630,2,2,139.0,0.4,138.8,12,138.7,100,,,,,,,,,,,,,,,,,139.2,100,139.4,12,,,,,,,,,,,,,,,,
2026-07-07T21:00:35.788666+00:00,2026-07-07T21:00:35.788502,3,1,139.35,0.1,139.3,50,138.8,12,138.7,100,,,,,,,,,,,,,,,139.4,12,,,,,,,,,,,,,,,,,,
2026-07-07T21:00:35.832912+00:00,2026-07-07T21:00:35.832802,2,1,139.35,0.1,139.3,50,138.8,12,,,,,,,,,,,,,,,,,139.4,12,,,,,,,,,,,,,,,,,,
2026-07-07T21:00:35.843637+00:00,2026-07-07T21:00:35.843537,2,2,139.35,0.1,139.3,50,138.8,12,,,,,,,,,,,,,,,,,139.4,12,139.8,150,,,,,,,,,,,,,,,,
2026-07-07T21:00:35.885178+00:00,2026-07-07T21:00:35.885056,2,2,139.35,0.1,139.3,150,138.8,12,,,,,,,,,,,,,,,,,139.4,12,139.8,150,,,,,,,,,,,,,,,,
2026-07-07T21:00:35.916543+00:00,2026-07-07T21:00:35.916433,2,2,139.35,0.1,139.3,100,138.8,12,,,,,,,,,,,,,,,,,139.4,12,139.8,150,,,,,,,,,,,,,,,,
2026-07-07T21:00:35.927870+00:00,2026-07-07T21:00:35.927824,1,1,139.55,0.5,139.3,100,,,,,,,,,,,,,,,,,,,139.8,150,,,,,,,,,,,,,,,,,,
2026-07-07T21:00:35.933241+00:00,2026-07-07T21:00:35.933113,2,2,139.4,0.2,139.3,100,139.2,12,,,,,,,,,,,,,,,,,139.5,12,139.8,150,,,,,,,,,,,,,,,,
2026-07-07T21:00:35.938532+00:00,2026-07-07T21:00:35.938408,2,2,139.4,0.2,139.3,100,139.2,12,,,,,,,,,,,,,,,,,139.5,12,139.8,250,,,,,,,,,,,,,,,,
2026-07-07T21:00:36.006362+00:00,2026-07-07T21:00:36.006327,2,1,139.55,0.5,139.3,100,139.2,12,,,,,,,,,,,,,,,,,139.8,250,,,,,,,,,,,,,,,,,,
2026-07-07T21:00:36.188652+00:00,2026-07-07T21:00:36.188543,2,1,139.55,0.5,139.3,100,139.2,12,,,,,,,,,,,,,,,,,139.8,250,,,,,,,,,,,,,,,,,,
2026-07-07T21:00:36.193665+00:00,2026-07-07T21:00:36.193816,2,2,139.5,0.4,139.3,100,139.2,12,,,,,,,,,,,,,,,,,139.7,12,139.8,250,,,,,,,,,,,,,,,,
2026-07-07T21:00:36.283109+00:00,2026-07-07T21:00:36.278375,2,2,139.5,0.4,139.3,89,139.2,12,,,,,,,,,,,,,,,,,139.7,12,139.8,250,,,,,,,,,,,,,,,,
2026-07-07T21:00:38.622689+00:00,2026-07-07T21:00:38.622610,2,2,139.5,0.4,139.3,48,139.2,12,,,,,,,,,,,,,,,,,139.7,12,139.8,250,,,,,,,,,,,,,,,,
2026-07-07T21:00:38.709549+00:00,2026-07-07T21:00:38.709487,1,1,139.55,0.5,139.3,48,,,,,,,,,,,,,,,,,,,139.8,250,,,,,,,,,,,,,,,,,,
2026-07-07T21:00:38.714573+00:00,2026-07-07T21:00:38.714683,2,2,139.45,0.3,139.3,48,139.1,12,,,,,,,,,,,,,,,,,139.6,12,139.8,250,,,,,,,,,,,,,,,,
2026-07-07T21:00:38.895624+00:00,2026-07-07T21:00:38.895707,2,2,139.45,0.3,139.3,48,139.1,12,,,,,,,,,,,,,,,,,139.6,12,139.8,100,,,,,,,,,,,,,,,,
2026-07-07T21:00:38.946376+00:00,2026-07-07T21:00:38.946257,3,2,139.45,0.3,139.3,48,139.1,12,138.6,150,,,,,,,,,,,,,,,139.6,12,139.8,100,,,,,,,,,,,,,,,,
2026-07-07T21:00:38.973339+00:00,2026-07-07T21:00:38.973242,2,1,139.55,0.5,139.3,48,138.6,150,,,,,,,,,,,,,,,,,139.8,100,,,,,,,,,,,,,,,,,,
2026-07-07T21:00:38.978547+00:00,2026-07-07T21:00:38.978457,3,2,139.4,0.2,139.3,48,139.1,12,138.6,150,,,,,,,,,,,,,,,139.5,12,139.8,100,,,,,,,,,,,,,,,,
2026-07-07T21:00:38.992681+00:00,2026-07-07T21:00:38.992535,2,1,139.3,0.4,139.1,12,138.6,150,,,,,,,,,,,,,,,,,139.5,12,,,,,,,,,,,,,,,,,,
2026-07-07T21:00:39.003042+00:00,2026-07-07T21:00:39.003006,1,2,138.85,0.5,138.6,150,,,,,,,,,,,,,,,,,,,139.1,138,139.5,12,,,,,,,,,,,,,,,,
2026-07-07T21:00:39.045439+00:00,2026-07-07T21:00:39.045299,2,2,139.05,0.1,139.0,100,138.6,150,,,,,,,,,,,,,,,,,139.1,138,139.5,12,,,,,,,,,,,,,,,,
2026-07-07T21:00:39.098382+00:00,2026-07-07T21:00:39.098585,2,2,139.05,0.1,139.0,100,138.6,150,,,,,,,,,,,,,,,,,139.1,138,139.5,112,,,,,,,,,,,,,,,,
2026-07-07T21:00:39.274406+00:00,2026-07-07T21:00:39.274293,2,2,139.05,0.1,139.0,100,138.6,150,,,,,,,,,,,,,,,,,139.1,94,139.5,112,,,,,,,,,,,,,,,,
2026-07-07T21:00:39.492758+00:00,2026-07-07T21:00:39.492672,3,2,139.05,0.1,139.0,100,138.9,12,138.6,150,,,,,,,,,,,,,,,139.1,94,139.5,100,,,,,,,,,,,,,,,,
2026-07-07T21:00:39.497950+00:00,2026-07-07T21:00:39.497876,3,3,139.05,0.1,139.0,100,138.9,12,138.6,150,,,,,,,,,,,,,,,139.1,94,139.2,12,139.5,100,,,,,,,,,,,,,,
2026-07-07T21:00:39.729945+00:00,2026-07-07T21:00:39.730139,3,3,139.05,0.1,139.0,100,138.9,12,138.6,150,,,,,,,,,,,,,,,139.1,47,139.2,12,139.5,100,,,,,,,,,,,,,,
2026-07-07T21:00:41.843017+00:00,2026-07-07T21:00:41.836356,3,3,139.05,0.1,139.0,100,138.9,12,138.6,150,,,,,,,,,,,,,,,139.1,36,139.2,12,139.5,100,,,,,,,,,,,,,,
2026-07-07T21:00:42.058669+00:00,2026-07-07T21:00:42.052450,2,2,139.1,0.2,139.0,100,138.9,12,,,,,,,,,,,,,,,,,139.2,12,139.5,100,,,,,,,,,,,,,,,,
2026-07-07T21:00:42.112300+00:00,2026-07-07T21:00:42.112192,3,2,139.15,0.1,139.1,150,139.0,100,138.9,12,,,,,,,,,,,,,,,139.2,12,139.5,100,,,,,,,,,,,,,,,,
2026-07-07T21:00:42.158567+00:00,2026-07-07T21:00:42.155350,2,2,139.15,0.1,139.1,150,138.9,12,,,,,,,,,,,,,,,,,139.2,12,139.6,150,,,,,,,,,,,,,,,,
2026-07-07T21:00:42.185299+00:00,2026-07-07T21:00:42.185179,2,1,139.35,0.5,139.1,150,138.9,12,,,,,,,,,,,,,,,,,139.6,112,,,,,,,,,,,,,,,,,,
2026-07-07T21:00:42.221988+00:00,2026-07-07T21:00:42.221884,2,1,139.35,0.5,139.1,250,138.9,12,,,,,,,,,,,,,,,,,139.6,112,,,,,,,,,,,,,,,,,,
2026-07-07T21:00:42.276081+00:00,2026-07-07T21:00:42.275976,2,1,139.35,0.5,139.1,250,138.9,12,,,,,,,,,,,,,,,,,139.6,212,,,,,,,,,,,,,,,,,,
2026-07-07T21:00:43.690060+00:00,2026-07-07T21:00:43.690202,2,1,139.35,0.5,139.1,208,138.9,12,,,,,,,,,,,,,,,,,139.6,212,,,,,,,,,,,,,,,,,,
2026-07-07T21:00:44.237241+00:00,2026-07-07T21:00:44.237184,1,1,139.35,0.5,139.1,220,,,,,,,,,,,,,,,,,,,139.6,212,,,,,,,,,,,,,,,,,,
2026-07-07T21:00:44.242414+00:00,2026-07-07T21:00:44.242372,1,2,139.3,0.4,139.1,220,,,,,,,,,,,,,,,,,,,139.5,12,139.6,212,,,,,,,,,,,,,,,,
2026-07-07T21:00:44.297486+00:00,2026-07-07T21:00:44.297396,1,1,139.35,0.5,139.1,220,,,,,,,,,,,,,,,,,,,139.6,174,,,,,,,,,,,,,,,,,,
2026-07-07T21:00:45.220190+00:00,2026-07-07T21:00:45.220064,1,1,139.35,0.5,139.1,112,,,,,,,,,,,,,,,,,,,139.6,100,,,,,,,,,,,,,,,,,,
2026-07-07T21:00:45.274866+00:00,2026-07-07T21:00:45.274949,2,1,139.4,0.4,139.2,150,139.1,112,,,,,,,,,,,,,,,,,139.6,100,,,,,,,,,,,,,,,,,,
2026-07-07T21:00:45.324195+00:00,2026-07-07T21:00:45.324111,2,2,139.4,0.4,139.2,150,139.1,112,,,,,,,,,,,,,,,,,139.6,100,139.7,150,,,,,,,,,,,,,,,,
2026-07-07T21:00:45.334661+00:00,2026-07-07T21:00:45.334631,2,1,139.45,0.5,139.2,150,139.1,12,,,,,,,,,,,,,,,,,139.7,150,,,,,,,,,,,,,,,,,,
2026-07-07T21:00:45.390906+00:00,2026-07-07T21:00:45.390853,3,1,139.45,0.5,139.2,150,139.1,12,139.0,100,,,,,,,,,,,,,,,139.7,150,,,,,,,,,,,,,,,,,,
2026-07-07T21:00:45.445966+00:00,2026-07-07T21:00:45.445893,3,2,139.35,0.3,139.2,150,139.1,12,139.0,100,,,,,,,,,,,,,,,139.5,100,139.7,150,,,,,,,,,,,,,,,,
2026-07-07T21:00:46.479521+00:00,2026-07-07T21:00:46.479369,3,2,139.35,0.3,139.2,100,139.1,12,139.0,100,,,,,,,,,,,,,,,139.5,100,139.7,150,,,,,,,,,,,,,,,,
2026-07-07T21:00:46.714706+00:00,2026-07-07T21:00:46.714641,3,2,139.35,0.3,139.2,58,139.1,12,139.0,100,,,,,,,,,,,,,,,139.5,100,139.7,150,,,,,,,,,,,,,,,,
2026-07-07T21:00:47.519292+00:00,2026-07-07T21:00:47.519186,2,2,139.35,0.3,139.2,70,139.0,100,,,,,,,,,,,,,,,,,139.5,100,139.7,150,,,,,,,,,,,,,,,,
2026-07-07T21:00:47.524422+00:00,2026-07-07T21:00:47.524380,2,2,139.35,0.3,139.2,70,139.0,100,,,,,,,,,,,,,,,,,139.5,112,139.7,150,,,,,,,,,,,,,,,,
2026-07-07T21:00:48.382881+00:00,2026-07-07T21:00:48.382738,2,1,139.35,0.3,139.2,70,139.0,100,,,,,,,,,,,,,,,,,139.5,112,,,,,,,,,,,,,,,,,,
2026-07-07T21:00:48.387834+00:00,2026-07-07T21:00:48.387933,2,1,139.35,0.3,139.2,12,139.0,100,,,,,,,,,,,,,,,,,139.5,112,,,,,,,,,,,,,,,,,,
2026-07-07T21:00:48.437859+00:00,2026-07-07T21:00:48.438031,3,1,139.35,0.3,139.2,12,139.0,100,138.9,150,,,,,,,,,,,,,,,139.5,112,,,,,,,,,,,,,,,,,,
2026-07-07T21:00:48.493965+00:00,2026-07-07T21:00:48.493813,3,2,139.3,0.2,139.2,12,139.0,100,138.9,150,,,,,,,,,,,,,,,139.4,150,139.5,112,,,,,,,,,,,,,,,,
2026-07-07T21:00:48.504172+00:00,2026-07-07T21:00:48.504315,2,2,139.3,0.2,139.2,12,138.9,150,,,,,,,,,,,,,,,,,139.4,150,139.5,12,,,,,,,,,,,,,,,,
2026-07-07T21:00:48.556558+00:00,2026-07-07T21:00:48.556684,3,2,139.3,0.2,139.2,12,139.1,100,138.9,150,,,,,,,,,,,,,,,139.4,150,139.5,12,,,,,,,,,,,,,,,,
2026-07-07T21:00:48.586135+00:00,2026-07-07T21:00:48.586000,2,2,139.25,0.3,139.1,62,138.9,150,,,,,,,,,,,,,,,,,139.4,150,139.5,12,,,,,,,,,,,,,,,,
2026-07-07T21:00:48.611245+00:00,2026-07-07T21:00:48.611187,2,3,139.25,0.3,139.1,62,138.9,150,,,,,,,,,,,,,,,,,139.4,150,139.5,12,139.6,100,,,,,,,,,,,,,,
2026-07-07T21:00:49.351326+00:00,2026-07-07T21:00:49.351188,2,3,139.25,0.3,139.1,62,138.9,150,,,,,,,,,,,,,,,,,139.4,105,139.5,12,139.6,100,,,,,,,,,,,,,,
2026-07-07T21:00:49.789485+00:00,2026-07-07T21:00:49.789421,3,2,139.25,0.3,139.1,62,139.0,12,138.9,150,,,,,,,,,,,,,,,139.4,105,139.6,100,,,,,,,,,,,,,,,,
2026-07-07T21:00:49.794646+00:00,2026-07-07T21:00:49.794610,3,2,139.25,0.3,139.1,62,139.0,12,138.9,150,,,,,,,,,,,,,,,139.4,117,139.6,100,,,,,,,,,,,,,,,,
2026-07-07T21:00:50.728591+00:00,2026-07-07T21:00:50.728426,3,2,139.25,0.3,139.1,12,139.0,12,138.9,150,,,,,,,,,,,,,,,139.4,117,139.6,100,,,,,,,,,,,,,,,,
2026-07-07T21:00:51.052152+00:00,2026-07-07T21:00:51.052279,2,2,139.25,0.3,139.1,12,138.9,150,,,,,,,,,,,,,,,,,139.4,117,139.6,100,,,,,,,,,,,,,,,,
2026-07-07T21:00:51.058555+00:00,2026-07-07T21:00:51.058342,2,3,139.2,0.2,139.1,12,138.9,162,,,,,,,,,,,,,,,,,139.3,12,139.4,105,139.6,100,,,,,,,,,,,,,,
2026-07-07T21:00:51.546544+00:00,2026-07-07T21:00:51.546505,2,2,139.2,0.2,139.1,12,138.9,12,,,,,,,,,,,,,,,,,139.3,12,139.6,100,,,,,,,,,,,,,,,,
2026-07-07T21:00:51.600657+00:00,2026-07-07T21:00:51.600597,2,2,139.2,0.2,139.1,12,138.9,162,,,,,,,,,,,,,,,,,139.3,12,139.6,100,,,,,,,,,,,,,,,,
2026-07-07T21:00:51.626652+00:00,2026-07-07T21:00:51.626879,2,1,139.35,0.5,139.1,12,138.9,162,,,,,,,,,,,,,,,,,139.6,100,,,,,,,,,,,,,,,,,,
2026-07-07T21:00:51.658688+00:00,2026-07-07T21:00:51.656174,2,2,139.25,0.3,139.1,12,138.9,162,,,,,,,,,,,,,,,,,139.4,150,139.6,100,,,,,,,,,,,,,,,,
2026-07-07T21:00:51.669010+00:00,2026-07-07T21:00:51.668912,1,1,139.15,0.5,138.9,162,,,,,,,,,,,,,,,,,,,139.4,150,,,,,,,,,,,,,,,,,,
2026-07-07T21:00:51.720733+00:00,2026-07-07T21:00:51.720630,2,1,139.15,0.5,138.9,162,138.7,100,,,,,,,,,,,,,,,,,139.4,150,,,,,,,,,,,,,,,,,,
2026-07-07T21:00:51.781221+00:00,2026-07-07T21:00:51.780872,2,2,139.05,0.3,138.9,162,138.7,100,,,,,,,,,,,,,,,,,139.2,100,139.4,150,,,,,,,,,,,,,,,,
2026-07-07T21:00:52.094147+00:00,2026-07-07T21:00:52.094003,2,2,139.05,0.3,138.9,118,138.7,100,,,,,,,,,,,,,,,,,139.2,100,139.4,150,,,,,,,,,,,,,,,,
2026-07-07T21:00:52.835452+00:00,2026-07-07T21:00:52.835373,2,2,139.05,0.3,138.9,68,138.7,100,,,,,,,,,,,,,,,,,139.2,100,139.4,150,,,,,,,,,,,,,,,,
2026-07-07T21:00:53.089129+00:00,2026-07-07T21:00:53.089016,3,2,139.05,0.3,138.9,68,138.8,12,138.7,100,,,,,,,,,,,,,,,139.2,112,139.4,150,,,,,,,,,,,,,,,,
2026-07-07T21:00:54.669035+00:00,2026-07-07T21:00:54.668920,3,2,139.05,0.3,138.9,68,138.8,12,138.7,100,,,,,,,,,,,,,,,139.2,71,139.4,150,,,,,,,,,,,,,,,,
2026-07-07T21:00:54.707033+00:00,2026-07-07T21:00:54.706878,3,1,139.05,0.3,138.9,68,138.8,12,138.7,100,,,,,,,,,,,,,,,139.2,71,,,,,,,,,,,,,,,,,,
2026-07-07T21:00:54.712104+00:00,2026-07-07T21:00:54.712060,2,1,139.0,0.4,138.8,12,138.7,100,,,,,,,,,,,,,,,,,139.2,71,,,,,,,,,,,,,,,,,,
2026-07-07T21:00:54.768906+00:00,2026-07-07T21:00:54.768788,3,1,139.0,0.4,138.8,12,138.7,100,138.6,150,,,,,,,,,,,,,,,139.2,71,,,,,,,,,,,,,,,,,,
2026-07-07T21:00:54.817926+00:00,2026-07-07T21:00:54.817867,3,2,138.95,0.3,138.8,12,138.7,100,138.6,150,,,,,,,,,,,,,,,139.1,150,139.2,71,,,,,,,,,,,,,,,,
2026-07-07T21:00:54.835145+00:00,2026-07-07T21:00:54.835268,2,2,138.95,0.3,138.8,12,138.6,150,,,,,,,,,,,,,,,,,139.1,150,139.2,12,,,,,,,,,,,,,,,,
2026-07-07T21:00:54.891501+00:00,2026-07-07T21:00:54.891639,2,2,138.95,0.3,138.8,112,138.6,150,,,,,,,,,,,,,,,,,139.1,150,139.2,12,,,,,,,,,,,,,,,,
2026-07-07T21:00:54.948095+00:00,2026-07-07T21:00:54.947968,2,3,138.95,0.3,138.8,62,138.6,150,,,,,,,,,,,,,,,,,139.1,150,139.2,12,139.3,100,,,,,,,,,,,,,,
2026-07-07T21:00:55.102537+00:00,2026-07-07T21:00:55.102503,2,2,138.95,0.3,138.8,74,138.6,150,,,,,,,,,,,,,,,,,139.1,150,139.3,100,,,,,,,,,,,,,,,,
2026-07-07T21:00:55.107799+00:00,2026-07-07T21:00:55.107718,2,2,138.95,0.3,138.8,74,138.6,150,,,,,,,,,,,,,,,,,139.1,162,139.3,100,,,,,,,,,,,,,,,,
2026-07-07T21:00:56.370549+00:00,2026-07-07T21:00:56.370454,2,2,138.95,0.3,138.8,62,138.6,150,,,,,,,,,,,,,,,,,139.1,162,139.3,100,,,,,,,,,,,,,,,,
2026-07-07T21:00:56.375798+00:00,2026-07-07T21:00:56.375736,2,2,138.95,0.3,138.8,62,138.6,150,,,,,,,,,,,,,,,,,139.1,150,139.3,100,,,,,,,,,,,,,,,,
2026-07-07T21:00:56.381052+00:00,2026-07-07T21:00:56.380959,3,2,139.0,0.2,138.9,12,138.8,62,138.6,150,,,,,,,,,,,,,,,139.1,150,139.3,100,,,,,,,,,,,,,,,,
2026-07-07T21:00:56.386255+00:00,2026-07-07T21:00:56.386137,3,2,139.0,0.2,138.9,12,138.8,62,138.6,150,,,,,,,,,,,,,,,139.1,150,139.3,112,,,,,,,,,,,,,,,,
2026-07-07T21:00:57.005319+00:00,2026-07-07T21:00:57.005593,3,2,139.0,0.2,138.9,12,138.8,62,138.6,150,,,,,,,,,,,,,,,139.1,100,139.3,112,,,,,,,,,,,,,,,,
2026-07-07T21:00:57.258585+00:00,2026-07-07T21:00:57.254177,2,2,138.95,0.3,138.8,33,138.6,150,,,,,,,,,,,,,,,,,139.1,100,139.3,112,,,,,,,,,,,,,,,,
2026-07-07T21:00:57.871469+00:00,2026-07-07T21:00:57.871436,1,1,139.05,0.5,138.8,33,,,,,,,,,,,,,,,,,,,139.3,112,,,,,,,,,,,,,,,,,,
2026-07-07T21:00:57.924636+00:00,2026-07-07T21:00:57.924564,2,1,139.1,0.4,138.9,150,138.8,33,,,,,,,,,,,,,,,,,139.3,112,,,,,,,,,,,,,,,,,,
2026-07-07T21:00:57.989932+00:00,2026-07-07T21:00:57.989809,2,2,139.1,0.4,138.9,150,138.8,33,,,,,,,,,,,,,,,,,139.3,112,139.4,150,,,,,,,,,,,,,,,,
2026-07-07T21:00:58.000181+00:00,2026-07-07T21:00:58.000323,2,2,139.1,0.4,138.9,150,138.8,33,,,,,,,,,,,,,,,,,139.3,12,139.4,150,,,,,,,,,,,,,,,,
2026-07-07T21:00:58.005595+00:00,2026-07-07T21:00:58.005505,1,2,139.1,0.4,138.9,150,,,,,,,,,,,,,,,,,,,139.3,12,139.4,150,,,,,,,,,,,,,,,,
2026-07-07T21:00:58.067410+00:00,2026-07-07T21:00:58.050312,2,2,139.1,0.4,138.9,150,138.7,100,,,,,,,,,,,,,,,,,139.3,12,139.4,150,,,,,,,,,,,,,,,,
2026-07-07T21:00:58.113173+00:00,2026-07-07T21:00:58.113081,2,3,139.05,0.3,138.9,150,138.7,100,,,,,,,,,,,,,,,,,139.2,100,139.3,12,139.4,150,,,,,,,,,,,,,,
2026-07-07T21:00:58.646544+00:00,2026-07-07T21:00:58.646446,2,2,139.05,0.3,138.9,150,138.7,100,,,,,,,,,,,,,,,,,139.2,100,139.4,150,,,,,,,,,,,,,,,,
2026-07-07T21:00:58.651754+00:00,2026-07-07T21:00:58.651668,3,2,139.1,0.2,139.0,12,138.9,150,138.7,100,,,,,,,,,,,,,,,139.2,100,139.4,150,,,,,,,,,,,,,,,,
2026-07-07T21:00:58.658583+00:00,2026-07-07T21:00:58.656860,3,2,139.1,0.2,139.0,12,138.9,150,138.7,100,,,,,,,,,,,,,,,139.2,100,139.4,162,,,,,,,,,,,,,,,,
2026-07-07T21:00:59.109361+00:00,2026-07-07T21:00:59.109295,3,2,139.1,0.2,139.0,12,138.9,150,138.7,100,,,,,,,,,,,,,,,139.2,50,139.4,162,,,,,,,,,,,,,,,,
2026-07-07T21:00:59.190265+00:00,2026-07-07T21:00:59.190049,2,2,139.05,0.3,138.9,150,138.7,100,,,,,,,,,,,,,,,,,139.2,50,139.4,162,,,,,,,,,,,,,,,,
2026-07-07T21:00:59.195419+00:00,2026-07-07T21:00:59.195334,2,2,139.05,0.3,138.9,150,138.7,100,,,,,,,,,,,,,,,,,139.2,50,139.4,150,,,,,,,,,,,,,,,,
2026-07-07T21:00:59.200619+00:00,2026-07-07T21:00:59.200541,3,3,139.15,0.1,139.1,12,138.9,150,138.7,100,,,,,,,,,,,,,,,139.2,50,139.4,150,139.5,12,,,,,,,,,,,,,,
2026-07-07T21:01:01.043108+00:00,2026-07-07T21:01:01.043034,2,2,139.15,0.1,139.1,12,138.7,100,,,,,,,,,,,,,,,,,139.2,50,139.5,12,,,,,,,,,,,,,,,,
2026-07-07T21:01:01.097651+00:00,2026-07-07T21:01:01.097586,3,2,139.15,0.1,139.1,12,139.0,150,138.7,100,,,,,,,,,,,,,,,139.2,50,139.5,12,,,,,,,,,,,,,,,,
2026-07-07T21:01:01.158742+00:00,2026-07-07T21:01:01.158632,3,2,139.15,0.1,139.1,12,139.0,150,138.7,100,,,,,,,,,,,,,,,139.2,50,139.5,162,,,,,,,,,,,,,,,,
2026-07-07T21:01:01.169291+00:00,2026-07-07T21:01:01.169186,2,1,139.3,0.4,139.1,12,139.0,150,,,,,,,,,,,,,,,,,139.5,162,,,,,,,,,,,,,,,,,,
2026-07-07T21:01:01.222226+00:00,2026-07-07T21:01:01.222154,2,1,139.3,0.4,139.1,12,139.0,250,,,,,,,,,,,,,,,,,139.5,162,,,,,,,,,,,,,,,,,,
2026-07-07T21:01:01.245773+00:00,2026-07-07T21:01:01.245735,2,1,139.3,0.4,139.1,12,139.0,250,,,,,,,,,,,,,,,,,139.5,112,,,,,,,,,,,,,,,,,,
2026-07-07T21:01:01.274365+00:00,2026-07-07T21:01:01.274441,2,1,139.3,0.4,139.1,12,139.0,250,,,,,,,,,,,,,,,,,139.5,212,,,,,,,,,,,,,,,,,,
2026-07-07T21:01:03.358667+00:00,2026-07-07T21:01:03.354560,2,1,139.3,0.4,139.1,12,139.0,250,,,,,,,,,,,,,,,,,139.5,162,,,,,,,,,,,,,,,,,,
2026-07-07T21:01:04.203541+00:00,2026-07-07T21:01:04.203507,2,1,139.3,0.4,139.1,12,139.0,100,,,,,,,,,,,,,,,,,139.5,100,,,,,,,,,,,,,,,,,,
2026-07-07T21:01:04.264320+00:00,2026-07-07T21:01:04.264225,3,1,139.4,0.2,139.3,150,139.1,12,139.0,100,,,,,,,,,,,,,,,139.5,100,,,,,,,,,,,,,,,,,,
2026-07-07T21:01:04.318752+00:00,2026-07-07T21:01:04.318644,3,2,139.4,0.2,139.3,150,139.1,12,139.0,100,,,,,,,,,,,,,,,139.5,100,139.8,150,,,,,,,,,,,,,,,,
2026-07-07T21:01:04.329170+00:00,2026-07-07T21:01:04.329045,2,1,139.55,0.5,139.3,150,139.1,12,,,,,,,,,,,,,,,,,139.8,150,,,,,,,,,,,,,,,,,,
2026-07-07T21:01:04.385329+00:00,2026-07-07T21:01:04.385411,3,1,139.55,0.5,139.3,150,139.1,12,138.9,100,,,,,,,,,,,,,,,139.8,150,,,,,,,,,,,,,,,,,,
2026-07-07T21:01:04.433934+00:00,2026-07-07T21:01:04.433823,3,2,139.35,0.1,139.3,150,139.1,12,138.9,100,,,,,,,,,,,,,,,139.4,100,139.8,150,,,,,,,,,,,,,,,,
2026-07-07T21:01:04.476101+00:00,2026-07-07T21:01:04.475983,3,2,139.35,0.1,139.3,150,139.2,12,138.9,100,,,,,,,,,,,,,,,139.4,100,139.8,150,,,,,,,,,,,,,,,,
2026-07-07T21:01:04.481072+00:00,2026-07-07T21:01:04.481174,3,3,139.35,0.1,139.3,150,139.2,12,138.9,100,,,,,,,,,,,,,,,139.4,100,139.5,12,139.8,150,,,,,,,,,,,,,,
2026-07-07T21:01:04.986736+00:00,2026-07-07T21:01:04.986674,2,2,139.35,0.1,139.3,150,138.9,100,,,,,,,,,,,,,,,,,139.4,100,139.8,150,,,,,,,,,,,,,,,,
2026-07-07T21:01:04.991951+00:00,2026-07-07T21:01:04.991885,2,2,139.35,0.1,139.3,150,138.9,100,,,,,,,,,,,,,,,,,139.4,88,139.8,150,,,,,,,,,,,,,,,,
2026-07-07T21:01:04.997194+00:00,2026-07-07T21:01:04.997063,2,3,139.35,0.1,139.3,150,138.9,100,,,,,,,,,,,,,,,,,139.4,88,139.7,12,139.8,150,,,,,,,,,,,,,,
2026-07-07T21:01:05.468679+00:00,2026-07-07T21:01:05.462385,2,3,139.35,0.1,139.3,150,138.9,100,,,,,,,,,,,,,,,,,139.4,76,139.7,12,139.8,150,,,,,,,,,,,,,,
2026-07-07T21:01:05.506189+00:00,2026-07-07T21:01:05.506078,2,2,139.35,0.1,139.3,150,138.9,100,,,,,,,,,,,,,,,,,139.4,76,139.8,150,,,,,,,,,,,,,,,,
2026-07-07T21:01:05.511208+00:00,2026-07-07T21:01:05.511386,2,2,139.35,0.1,139.3,150,138.9,100,,,,,,,,,,,,,,,,,139.4,64,139.8,162,,,,,,,,,,,,,,,,
2026-07-07T21:01:07.375504+00:00,2026-07-07T21:01:07.375673,2,2,139.35,0.1,139.3,150,138.9,100,,,,,,,,,,,,,,,,,139.4,64,139.8,12,,,,,,,,,,,,,,,,
2026-07-07T21:01:07.380978+00:00,2026-07-07T21:01:07.380867,1,2,139.15,0.5,138.9,100,,,,,,,,,,,,,,,,,,,139.4,64,139.8,12,,,,,,,,,,,,,,,,
2026-07-07T21:01:07.445446+00:00,2026-07-07T21:01:07.438827,2,1,139.7,0.2,139.6,74,138.9,100,,,,,,,,,,,,,,,,,139.8,12,,,,,,,,,,,,,,,,,,
2026-07-07T21:01:07.490703+00:00,2026-07-07T21:01:07.490498,2,2,139.7,0.2,139.6,74,138.9,100,,,,,,,,,,,,,,,,,139.8,12,140.1,150,,,,,,,,,,,,,,,,
2026-07-07T21:01:07.495663+00:00,2026-07-07T21:01:07.495780,1,2,139.7,0.2,139.6,74,,,,,,,,,,,,,,,,,,,139.8,12,140.1,150,,,,,,,,,,,,,,,,
2026-07-07T21:01:07.528402+00:00,2026-07-07T21:01:07.528342,1,2,139.75,0.3,139.6,74,,,,,,,,,,,,,,,,,,,139.9,12,140.1,150,,,,,,,,,,,,,,,,
2026-07-07T21:01:07.543946+00:00,2026-07-07T21:01:07.543898,2,2,139.75,0.3,139.6,74,139.5,100,,,,,,,,,,,,,,,,,139.9,12,140.1,150,,,,,,,,,,,,,,,,
2026-07-07T21:01:07.600834+00:00,2026-07-07T21:01:07.600719,2,2,139.8,0.4,139.6,74,139.5,100,,,,,,,,,,,,,,,,,140.0,100,140.1,112,,,,,,,,,,,,,,,,
2026-07-07T21:01:07.679572+00:00,2026-07-07T21:01:07.679441,2,2,139.8,0.4,139.6,74,139.5,100,,,,,,,,,,,,,,,,,140.0,59,140.1,112,,,,,,,,,,,,,,,,
2026-07-07T21:01:07.784767+00:00,2026-07-07T21:01:07.774472,2,2,139.8,0.4,139.6,63,139.5,100,,,,,,,,,,,,,,,,,140.0,59,140.1,112,,,,,,,,,,,,,,,,
2026-07-07T21:01:08.545239+00:00,2026-07-07T21:01:08.545178,2,2,139.8,0.4,139.6,75,139.5,100,,,,,,,,,,,,,,,,,140.0,71,140.1,112,,,,,,,,,,,,,,,,
2026-07-07T21:01:09.554699+00:00,2026-07-07T21:01:09.554643,2,2,139.8,0.4,139.6,63,139.5,100,,,,,,,,,,,,,,,,,140.0,59,140.1,112,,,,,,,,,,,,,,,,
2026-07-07T21:01:09.559963+00:00,2026-07-07T21:01:09.559866,2,3,139.75,0.3,139.6,63,139.5,112,,,,,,,,,,,,,,,,,139.9,12,140.0,59,140.1,112,,,,,,,,,,,,,,
2026-07-07T21:01:09.734787+00:00,2026-07-07T21:01:09.734658,2,2,139.8,0.4,139.6,63,139.5,112,,,,,,,,,,,,,,,,,140.0,21,140.1,112,,,,,,,,,,,,,,,,
2026-07-07T21:01:10.202611+00:00,2026-07-07T21:01:10.195872,2,2,139.8,0.4,139.6,60,139.5,112,,,,,,,,,,,,,,,,,140.0,21,140.1,112,,,,,,,,,,,,,,,,
2026-07-07T21:01:10.545288+00:00,2026-07-07T21:01:10.545187,1,1,139.75,0.5,139.5,112,,,,,,,,,,,,,,,,,,,140.0,21,,,,,,,,,,,,,,,,,,
2026-07-07T21:01:10.599763+00:00,2026-07-07T21:01:10.599622,2,1,139.75,0.5,139.5,112,139.3,150,,,,,,,,,,,,,,,,,140.0,21,,,,,,,,,,,,,,,,,,
2026-07-07T21:01:10.649494+00:00,2026-07-07T21:01:10.649420,2,2,139.65,0.3,139.5,112,139.3,150,,,,,,,,,,,,,,,,,139.8,150,140.0,21,,,,,,,,,,,,,,,,
2026-07-07T21:01:10.658659+00:00,2026-07-07T21:01:10.654768,2,1,139.65,0.3,139.5,12,139.3,150,,,,,,,,,,,,,,,,,139.8,150,,,,,,,,,,,,,,,,,,
2026-07-07T21:01:10.711972+00:00,2026-07-07T21:01:10.711854,3,1,139.7,0.2,139.6,100,139.5,12,139.3,150,,,,,,,,,,,,,,,139.8,150,,,,,,,,,,,,,,,,,,
2026-07-07T21:01:10.768956+00:00,2026-07-07T21:01:10.768831,3,2,139.7,0.2,139.6,100,139.5,12,139.3,150,,,,,,,,,,,,,,,139.8,150,140.1,100,,,,,,,,,,,,,,,,
2026-07-07T21:01:11.074443+00:00,2026-07-07T21:01:11.074704,2,2,139.7,0.2,139.6,100,139.3,150,,,,,,,,,,,,,,,,,139.8,150,140.1,100,,,,,,,,,,,,,,,,
2026-07-07T21:01:11.080018+00:00,2026-07-07T21:01:11.079935,2,2,139.7,0.2,139.6,112,139.3,150,,,,,,,,,,,,,,,,,139.8,150,140.1,100,,,,,,,,,,,,,,,,
2026-07-07T21:01:11.085184+00:00,2026-07-07T21:01:11.085118,2,3,139.7,0.2,139.6,112,139.3,150,,,,,,,,,,,,,,,,,139.8,150,139.9,12,140.1,100,,,,,,,,,,,,,,
2026-07-07T21:01:11.420121+00:00,2026-07-07T21:01:11.420258,2,3,139.7,0.2,139.6,63,139.3,150,,,,,,,,,,,,,,,,,139.8,150,139.9,12,140.1,100,,,,,,,,,,,,,,
2026-07-07T21:01:12.092069+00:00,2026-07-07T21:01:12.092212,2,2,139.7,0.2,139.6,51,139.3,150,,,,,,,,,,,,,,,,,139.8,150,140.1,100,,,,,,,,,,,,,,,,
2026-07-07T21:01:12.097520+00:00,2026-07-07T21:01:12.097441,3,2,139.7,0.2,139.6,51,139.4,12,139.3,150,,,,,,,,,,,,,,,139.8,150,140.1,100,,,,,,,,,,,,,,,,
2026-07-07T21:01:12.102772+00:00,2026-07-07T21:01:12.102707,3,2,139.7,0.2,139.6,51,139.4,12,139.3,150,,,,,,,,,,,,,,,139.8,162,140.1,100,,,,,,,,,,,,,,,,
2026-07-07T21:01:13.019917+00:00,2026-07-07T21:01:13.019781,3,2,139.7,0.2,139.6,51,139.4,12,139.3,150,,,,,,,,,,,,,,,139.8,113,140.1,100,,,,,,,,,,,,,,,,
2026-07-07T21:01:13.732590+00:00,2026-07-07T21:01:13.732764,2,2,139.7,0.2,139.6,51,139.4,12,,,,,,,,,,,,,,,,,139.8,12,140.1,100,,,,,,,,,,,,,,,,
2026-07-07T21:01:13.785223+00:00,2026-07-07T21:01:13.785358,2,2,139.7,0.2,139.6,201,139.4,12,,,,,,,,,,,,,,,,,139.8,12,140.1,100,,,,,,,,,,,,,,,,
2026-07-07T21:01:13.823962+00:00,2026-07-07T21:01:13.823879,2,1,139.7,0.2,139.6,150,139.4,12,,,,,,,,,,,,,,,,,139.8,12,,,,,,,,,,,,,,,,,,
2026-07-07T21:01:13.839836+00:00,2026-07-07T21:01:13.839731,2,2,139.7,0.2,139.6,150,139.4,12,,,,,,,,,,,,,,,,,139.8,12,140.1,150,,,,,,,,,,,,,,,,
2026-07-07T21:01:13.877915+00:00,2026-07-07T21:01:13.877801,2,2,139.7,0.2,139.6,250,139.4,12,,,,,,,,,,,,,,,,,139.8,12,140.1,150,,,,,,,,,,,,,,,,
2026-07-07T21:01:13.930774+00:00,2026-07-07T21:01:13.930664,2,2,139.7,0.2,139.6,250,139.4,12,,,,,,,,,,,,,,,,,139.8,12,140.1,250,,,,,,,,,,,,,,,,
2026-07-07T21:01:13.954140+00:00,2026-07-07T21:01:13.954284,2,1,139.85,0.5,139.6,250,139.4,12,,,,,,,,,,,,,,,,,140.1,212,,,,,,,,,,,,,,,,,,
2026-07-07T21:01:14.112228+00:00,2026-07-07T21:01:14.112199,2,1,139.85,0.5,139.6,250,139.4,12,,,,,,,,,,,,,,,,,140.1,212,,,,,,,,,,,,,,,,,,
2026-07-07T21:01:14.117543+00:00,2026-07-07T21:01:14.117379,2,2,139.8,0.4,139.6,250,139.4,12,,,,,,,,,,,,,,,,,140.0,12,140.1,212,,,,,,,,,,,,,,,,
2026-07-07T21:01:14.875997+00:00,2026-07-07T21:01:14.875942,1,2,139.8,0.4,139.6,250,,,,,,,,,,,,,,,,,,,140.0,12,140.1,212,,,,,,,,,,,,,,,,
2026-07-07T21:01:14.881233+00:00,2026-07-07T21:01:14.881194,1,1,139.85,0.5,139.6,262,,,,,,,,,,,,,,,,,,,140.1,212,,,,,,,,,,,,,,,,,,
2026-07-07T21:01:14.886492+00:00,2026-07-07T21:01:14.886393,1,2,139.8,0.4,139.6,262,,,,,,,,,,,,,,,,,,,140.0,12,140.1,212,,,,,,,,,,,,,,,,
2026-07-07T21:01:15.678995+00:00,2026-07-07T21:01:15.679198,1,2,139.8,0.4,139.6,213,,,,,,,,,,,,,,,,,,,140.0,12,140.1,212,,,,,,,,,,,,,,,,
2026-07-07T21:01:16.112968+00:00,2026-07-07T21:01:16.112869,1,2,139.8,0.4,139.6,163,,,,,,,,,,,,,,,,,,,140.0,12,140.1,212,,,,,,,,,,,,,,,,
2026-07-07T21:01:16.181404+00:00,2026-07-07T21:01:16.181338,1,1,139.85,0.5,139.6,163,,,,,,,,,,,,,,,,,,,140.1,181,,,,,,,,,,,,,,,,,,
2026-07-07T21:01:16.893841+00:00,2026-07-07T21:01:16.893743,1,1,139.85,0.5,139.6,112,,,,,,,,,,,,,,,,,,,140.1,100,,,,,,,,,,,,,,,,,,
2026-07-07T21:01:16.948633+00:00,2026-07-07T21:01:16.948431,2,1,139.85,0.5,139.6,112,139.5,150,,,,,,,,,,,,,,,,,140.1,100,,,,,,,,,,,,,,,,,,
2026-07-07T21:01:16.986472+00:00,2026-07-07T21:01:16.986377,2,0,,,139.6,12,139.5,150,,,,,,,,,,,,,,,,,,,,,,,,,,,,,,,,,,,,
2026-07-07T21:01:16.996842+00:00,2026-07-07T21:01:16.996812,2,1,139.8,0.4,139.6,12,139.5,150,,,,,,,,,,,,,,,,,140.0,150,,,,,,,,,,,,,,,,,,
2026-07-07T21:01:17.040454+00:00,2026-07-07T21:01:17.040411,3,1,139.85,0.3,139.7,100,139.6,12,139.5,150,,,,,,,,,,,,,,,140.0,150,,,,,,,,,,,,,,,,,,
2026-07-07T21:01:17.092903+00:00,2026-07-07T21:01:17.092840,3,2,139.85,0.3,139.7,100,139.6,12,139.5,150,,,,,,,,,,,,,,,140.0,150,140.2,100,,,,,,,,,,,,,,,,
2026-07-07T21:01:17.240881+00:00,2026-07-07T21:01:17.240627,3,2,139.85,0.3,139.7,60,139.6,12,139.5,150,,,,,,,,,,,,,,,140.0,150,140.2,100,,,,,,,,,,,,,,,,
2026-07-07T21:01:18.154038+00:00,2026-07-07T21:01:18.154248,3,2,139.9,0.2,139.8,12,139.7,60,139.5,150,,,,,,,,,,,,,,,140.0,150,140.2,112,,,,,,,,,,,,,,,,
2026-07-07T21:01:18.219729+00:00,2026-07-07T21:01:18.219609,2,2,139.85,0.3,139.7,60,139.5,150,,,,,,,,,,,,,,,,,140.0,150,140.2,112,,,,,,,,,,,,,,,,
2026-07-07T21:01:18.926311+00:00,2026-07-07T21:01:18.926292,2,2,139.85,0.3,139.7,72,139.5,150,,,,,,,,,,,,,,,,,140.0,150,140.2,100,,,,,,,,,,,,,,,,
2026-07-07T21:01:18.931515+00:00,2026-07-07T21:01:18.931480,2,3,139.85,0.3,139.7,72,139.5,150,,,,,,,,,,,,,,,,,140.0,150,140.1,12,140.2,100,,,,,,,,,,,,,,
2026-07-07T21:01:19.466851+00:00,2026-07-07T21:01:19.466736,2,3,139.85,0.3,139.7,31,139.5,150,,,,,,,,,,,,,,,,,140.0,150,140.1,12,140.2,100,,,,,,,,,,,,,,
2026-07-07T21:01:20.054329+00:00,2026-07-07T21:01:20.054455,1,2,139.9,0.4,139.7,31,,,,,,,,,,,,,,,,,,,140.1,12,140.2,100,,,,,,,,,,,,,,,,
2026-07-07T21:01:20.111677+00:00,2026-07-07T21:01:20.111576,1,2,139.9,0.4,139.7,181,,,,,,,,,,,,,,,,,,,140.1,12,140.2,100,,,,,,,,,,,,,,,,
2026-07-07T21:01:20.147407+00:00,2026-07-07T21:01:20.147304,1,1,139.9,0.4,139.7,162,,,,,,,,,,,,,,,,,,,140.1,12,,,,,,,,,,,,,,,,,,
2026-07-07T21:01:20.165558+00:00,2026-07-07T21:01:20.165430,1,2,139.9,0.4,139.7,162,,,,,,,,,,,,,,,,,,,140.1,12,140.2,150,,,,,,,,,,,,,,,,
2026-07-07T21:01:20.201037+00:00,2026-07-07T21:01:20.194929,2,2,139.9,0.4,139.7,162,139.6,100,,,,,,,,,,,,,,,,,140.1,12,140.2,150,,,,,,,,,,,,,,,,
2026-07-07T21:01:20.258009+00:00,2026-07-07T21:01:20.257872,2,2,139.9,0.4,139.7,162,139.6,100,,,,,,,,,,,,,,,,,140.1,112,140.2,150,,,,,,,,,,,,,,,,
2026-07-07T21:01:20.274626+00:00,2026-07-07T21:01:20.274496,2,2,139.9,0.4,139.7,162,139.6,100,,,,,,,,,,,,,,,,,140.1,62,140.2,150,,,,,,,,,,,,,,,,
2026-07-07T21:01:21.340153+00:00,2026-07-07T21:01:21.340013,2,2,139.9,0.4,139.7,162,139.6,100,,,,,,,,,,,,,,,,,140.1,16,140.2,150,,,,,,,,,,,,,,,,
2026-07-07T21:01:21.446258+00:00,2026-07-07T21:01:21.446181,3,2,139.95,0.3,139.8,12,139.7,150,139.6,100,,,,,,,,,,,,,,,140.1,16,140.2,150,,,,,,,,,,,,,,,,
2026-07-07T21:01:21.451264+00:00,2026-07-07T21:01:21.451355,3,2,139.95,0.3,139.8,12,139.7,150,139.6,100,,,,,,,,,,,,,,,140.1,16,140.2,162,,,,,,,,,,,,,,,,
2026-07-07T21:01:22.440528+00:00,2026-07-07T21:01:22.440412,2,2,139.9,0.4,139.7,112,139.6,100,,,,,,,,,,,,,,,,,140.1,16,140.2,162,,,,,,,,,,,,,,,,
2026-07-07T21:01:23.219531+00:00,2026-07-07T21:01:23.219503,1,2,139.85,0.5,139.6,100,,,,,,,,,,,,,,,,,,,140.1,16,140.2,12,,,,,,,,,,,,,,,,
2026-07-07T21:01:23.274424+00:00,2026-07-07T21:01:23.274530,2,2,139.9,0.4,139.7,150,139.6,100,,,,,,,,,,,,,,,,,140.1,16,140.2,12,,,,,,,,,,,,,,,,
2026-07-07T21:01:23.312064+00:00,2026-07-07T21:01:23.311952,1,1,139.95,0.5,139.7,150,,,,,,,,,,,,,,,,,,,140.2,12,,,,,,,,,,,,,,,,,,
2026-07-07T21:01:23.328911+00:00,2026-07-07T21:01:23.328828,1,1,139.95,0.5,139.7,150,,,,,,,,,,,,,,,,,,,140.2,162,,,,,,,,,,,,,,,,,,
2026-07-07T21:01:23.366935+00:00,2026-07-07T21:01:23.366888,2,1,140.1,0.2,140.0,100,139.7,150,,,,,,,,,,,,,,,,,140.2,162,,,,,,,,,,,,,,,,,,
2026-07-07T21:01:23.418813+00:00,2026-07-07T21:01:23.418708,2,2,140.1,0.2,140.0,100,139.7,150,,,,,,,,,,,,,,,,,140.2,162,140.5,100,,,,,,,,,,,,,,,,
2026-07-07T21:01:23.468941+00:00,2026-07-07T21:01:23.468898,2,2,140.1,0.2,140.0,112,139.7,150,,,,,,,,,,,,,,,,,140.2,150,140.5,100,,,,,,,,,,,,,,,,
2026-07-07T21:01:23.474124+00:00,2026-07-07T21:01:23.474072,2,3,140.1,0.2,140.0,112,139.7,150,,,,,,,,,,,,,,,,,140.2,150,140.3,12,140.5,100,,,,,,,,,,,,,,
2026-07-07T21:01:23.577401+00:00,2026-07-07T21:01:23.577273,2,3,140.1,0.2,140.0,112,139.7,150,,,,,,,,,,,,,,,,,140.2,105,140.3,12,140.5,100,,,,,,,,,,,,,,
2026-07-07T21:01:23.980130+00:00,2026-07-07T21:01:23.980095,2,2,140.1,0.2,140.0,100,139.7,150,,,,,,,,,,,,,,,,,140.2,105,140.5,100,,,,,,,,,,,,,,,,
2026-07-07T21:01:24.011680+00:00,2026-07-07T21:01:24.011618,3,2,140.1,0.2,140.0,100,139.8,12,139.7,150,,,,,,,,,,,,,,,140.2,105,140.5,100,,,,,,,,,,,,,,,,
2026-07-07T21:01:24.016712+00:00,2026-07-07T21:01:24.016808,3,2,140.1,0.2,140.0,100,139.8,12,139.7,150,,,,,,,,,,,,,,,140.2,117,140.5,100,,,,,,,,,,,,,,,,
2026-07-07T21:01:24.547864+00:00,2026-07-07T21:01:24.547746,3,2,140.1,0.2,140.0,50,139.8,12,139.7,150,,,,,,,,,,,,,,,140.2,117,140.5,100,,,,,,,,,,,,,,,,
2026-07-07T21:01:25.221444+00:00,2026-07-07T21:01:25.221336,3,2,140.1,0.2,140.0,3,139.8,12,139.7,150,,,,,,,,,,,,,,,140.2,117,140.5,100,,,,,,,,,,,,,,,,
2026-07-07T21:01:25.820834+00:00,2026-07-07T21:01:25.820730,3,2,140.1,0.2,140.0,3,139.8,12,139.7,150,,,,,,,,,,,,,,,140.2,69,140.5,100,,,,,,,,,,,,,,,,
2026-07-07T21:01:25.879546+00:00,2026-07-07T21:01:25.879337,1,2,139.95,0.5,139.7,123,,,,,,,,,,,,,,,,,,,140.2,69,140.5,100,,,,,,,,,,,,,,,,
2026-07-07T21:01:26.379451+00:00,2026-07-07T21:01:26.379416,1,2,139.95,0.5,139.7,123,,,,,,,,,,,,,,,,,,,140.2,12,140.5,100,,,,,,,,,,,,,,,,
2026-07-07T21:01:26.384680+00:00,2026-07-07T21:01:26.384602,0,2,,,,,,,,,,,,,,,,,,,,,,,140.2,12,140.5,100,,,,,,,,,,,,,,,,
2026-07-07T21:01:26.458538+00:00,2026-07-07T21:01:26.455967,1,2,140.05,0.3,139.9,150,,,,,,,,,,,,,,,,,,,140.2,12,140.5,100,,,,,,,,,,,,,,,,
2026-07-07T21:01:26.473952+00:00,2026-07-07T21:01:26.474036,1,1,140.05,0.3,139.9,150,,,,,,,,,,,,,,,,,,,140.2,12,,,,,,,,,,,,,,,,,,
2026-07-07T21:01:26.508852+00:00,2026-07-07T21:01:26.508698,1,2,140.05,0.3,139.9,150,,,,,,,,,,,,,,,,,,,140.2,12,140.4,150,,,,,,,,,,,,,,,,
2026-07-07T21:01:26.523214+00:00,2026-07-07T21:01:26.523150,2,2,140.05,0.3,139.9,150,139.7,100,,,,,,,,,,,,,,,,,140.2,12,140.4,150,,,,,,,,,,,,,,,,
2026-07-07T21:01:26.528383+00:00,2026-07-07T21:01:26.528336,2,1,140.15,0.5,139.9,150,139.7,100,,,,,,,,,,,,,,,,,140.4,150,,,,,,,,,,,,,,,,,,
2026-07-07T21:01:26.533432+00:00,2026-07-07T21:01:26.533536,3,2,140.15,0.3,140.0,12,139.9,150,139.7,100,,,,,,,,,,,,,,,140.3,12,140.4,150,,,,,,,,,,,,,,,,
2026-07-07T21:01:26.579687+00:00,2026-07-07T21:01:26.579581,3,3,140.1,0.2,140.0,12,139.9,150,139.7,100,,,,,,,,,,,,,,,140.2,100,140.3,12,140.4,150,,,,,,,,,,,,,,
2026-07-07T21:01:26.658771+00:00,2026-07-07T21:01:26.658732,2,3,140.05,0.3,139.9,112,139.7,100,,,,,,,,,,,,,,,,,140.2,100,140.3,12,140.4,150,,,,,,,,,,,,,,
2026-07-07T21:01:27.803119+00:00,2026-07-07T21:01:27.803016,2,2,140.05,0.3,139.9,124,139.7,100,,,,,,,,,,,,,,,,,140.2,100,140.4,150,,,,,,,,,,,,,,,,
2026-07-07T21:01:27.808317+00:00,2026-07-07T21:01:27.808251,2,2,140.05,0.3,139.9,124,139.7,100,,,,,,,,,,,,,,,,,140.2,65,140.4,150,,,,,,,,,,,,,,,,
2026-07-07T21:01:27.864533+00:00,2026-07-07T21:01:27.864493,2,2,140.05,0.3,139.9,75,139.7,100,,,,,,,,,,,,,,,,,140.2,65,140.4,150,,,,,,,,,,,,,,,,
2026-07-07T21:01:28.763078+00:00,2026-07-07T21:01:28.762995,2,2,140.05,0.3,139.9,25,139.7,100,,,,,,,,,,,,,,,,,140.2,65,140.4,150,,,,,,,,,,,,,,,,
2026-07-07T21:01:29.315572+00:00,2026-07-07T21:01:29.315463,2,2,140.05,0.3,139.9,13,139.7,100,,,,,,,,,,,,,,,,,140.2,53,140.4,150,,,,,,,,,,,,,,,,
2026-07-07T21:01:29.320715+00:00,2026-07-07T21:01:29.320672,3,3,140.0,0.2,139.9,13,139.8,12,139.7,100,,,,,,,,,,,,,,,140.1,12,140.2,53,140.4,150,,,,,,,,,,,,,,
2026-07-07T21:01:29.558621+00:00,2026-07-07T21:01:29.557083,2,2,139.95,0.3,139.8,12,139.7,100,,,,,,,,,,,,,,,,,140.1,12,140.2,53,,,,,,,,,,,,,,,,
2026-07-07T21:01:29.617504+00:00,2026-07-07T21:01:29.617414,3,2,139.95,0.3,139.8,12,139.7,100,139.3,150,,,,,,,,,,,,,,,140.1,12,140.2,53,,,,,,,,,,,,,,,,
2026-07-07T21:01:29.634538+00:00,2026-07-07T21:01:29.634483,2,1,139.95,0.3,139.8,12,139.3,150,,,,,,,,,,,,,,,,,140.1,12,,,,,,,,,,,,,,,,,,
2026-07-07T21:01:29.669751+00:00,2026-07-07T21:01:29.669613,1,2,139.55,0.5,139.3,150,,,,,,,,,,,,,,,,,,,139.8,138,140.1,12,,,,,,,,,,,,,,,,
2026-07-07T21:01:29.691141+00:00,2026-07-07T21:01:29.690927,2,2,139.75,0.1,139.7,100,139.3,150,,,,,,,,,,,,,,,,,139.8,138,140.1,12,,,,,,,,,,,,,,,,
2026-07-07T21:01:29.743603+00:00,2026-07-07T21:01:29.743553,2,3,139.75,0.1,139.7,100,139.3,150,,,,,,,,,,,,,,,,,139.8,138,140.1,12,140.2,100,,,,,,,,,,,,,,
2026-07-07T21:01:30.404546+00:00,2026-07-07T21:01:30.398973,2,3,139.75,0.1,139.7,100,139.3,150,,,,,,,,,,,,,,,,,139.8,135,140.1,12,140.2,100,,,,,,,,,,,,,,
2026-07-07T21:01:30.767441+00:00,2026-07-07T21:01:30.767401,2,3,139.75,0.1,139.7,58,139.3,150,,,,,,,,,,,,,,,,,139.8,135,140.1,12,140.2,100,,,,,,,,,,,,,,
2026-07-07T21:01:30.873196+00:00,2026-07-07T21:01:30.873117,2,3,139.75,0.1,139.7,8,139.3,150,,,,,,,,,,,,,,,,,139.8,135,140.1,12,140.2,100,,,,,,,,,,,,,,
2026-07-07T21:01:32.173067+00:00,2026-07-07T21:01:32.172961,2,3,139.75,0.1,139.7,8,139.3,150,,,,,,,,,,,,,,,,,139.8,93,140.1,12,140.2,100,,,,,,,,,,,,,,
2026-07-07T21:01:32.721455+00:00,2026-07-07T21:01:32.721690,2,2,139.9,0.4,139.7,8,139.3,150,,,,,,,,,,,,,,,,,140.1,12,140.2,100,,,,,,,,,,,,,,,,
2026-07-07T21:01:32.727033+00:00,2026-07-07T21:01:32.726886,1,2,139.9,0.4,139.7,8,,,,,,,,,,,,,,,,,,,140.1,12,140.2,100,,,,,,,,,,,,,,,,
2026-07-07T21:01:32.780592+00:00,2026-07-07T21:01:32.780510,2,2,139.9,0.4,139.7,8,139.5,150,,,,,,,,,,,,,,,,,140.1,12,140.2,100,,,,,,,,,,,,,,,,
2026-07-07T21:01:32.798000+00:00,2026-07-07T21:01:32.797975,1,1,139.8,0.6,139.5,150,,,,,,,,,,,,,,,,,,,140.1,12,,,,,,,,,,,,,,,,,,
2026-07-07T21:01:32.830119+00:00,2026-07-07T21:01:32.830098,1,2,139.75,0.5,139.5,150,,,,,,,,,,,,,,,,,,,140.0,150,140.1,12,,,,,,,,,,,,,,,,
2026-07-07T21:01:32.840350+00:00,2026-07-07T21:01:32.840504,1,2,139.75,0.5,139.5,150,,,,,,,,,,,,,,,,,,,140.0,150,140.1,12,,,,,,,,,,,,,,,,
2026-07-07T21:01:32.851597+00:00,2026-07-07T21:01:32.851714,2,2,139.75,0.5,139.5,150,139.4,100,,,,,,,,,,,,,,,,,140.0,150,140.1,12,,,,,,,,,,,,,,,,
2026-07-07T21:01:32.904327+00:00,2026-07-07T21:01:32.904277,2,3,139.7,0.4,139.5,150,139.4,100,,,,,,,,,,,,,,,,,139.9,100,140.0,150,140.1,12,,,,,,,,,,,,,,
2026-07-07T21:01:32.929867+00:00,2026-07-07T21:01:32.929804,2,3,139.7,0.4,139.5,150,139.4,100,,,,,,,,,,,,,,,,,139.9,50,140.0,150,140.1,12,,,,,,,,,,,,,,
2026-07-07T21:01:33.236535+00:00,2026-07-07T21:01:33.230137,2,3,139.7,0.4,139.5,150,139.4,100,,,,,,,,,,,,,,,,,139.9,27,140.0,150,140.1,12,,,,,,,,,,,,,,
2026-07-07T21:01:33.347534+00:00,2026-07-07T21:01:33.347459,2,2,139.7,0.4,139.5,150,139.4,100,,,,,,,,,,,,,,,,,139.9,27,140.0,150,,,,,,,,,,,,,,,,
2026-07-07T21:01:33.352761+00:00,2026-07-07T21:01:33.352674,2,3,139.7,0.4,139.5,150,139.4,100,,,,,,,,,,,,,,,,,139.9,27,140.0,150,140.3,12,,,,,,,,,,,,,,
2026-07-07T21:01:35.046578+00:00,2026-07-07T21:01:35.046483,2,2,139.75,0.5,139.5,150,139.4,100,,,,,,,,,,,,,,,,,140.0,127,140.3,12,,,,,,,,,,,,,,,,
2026-07-07T21:01:35.524139+00:00,2026-07-07T21:01:35.524010,2,2,139.75,0.5,139.5,150,139.4,100,,,,,,,,,,,,,,,,,140.0,78,140.3,12,,,,,,,,,,,,,,,,
2026-07-07T21:01:35.889273+00:00,2026-07-07T21:01:35.889153,1,1,139.85,0.9,139.4,100,,,,,,,,,,,,,,,,,,,140.3,12,,,,,,,,,,,,,,,,,,
2026-07-07T21:01:35.960650+00:00,2026-07-07T21:01:35.955671,1,1,140.2,0.2,140.1,138,,,,,,,,,,,,,,,,,,,140.3,12,,,,,,,,,,,,,,,,,,
2026-07-07T21:01:35.999558+00:00,2026-07-07T21:01:35.999427,1,2,140.2,0.2,140.1,138,,,,,,,,,,,,,,,,,,,140.3,12,140.6,150,,,,,,,,,,,,,,,,
2026-07-07T21:01:36.013404+00:00,2026-07-07T21:01:36.013539,2,2,140.2,0.2,140.1,138,140.0,100,,,,,,,,,,,,,,,,,140.3,12,140.6,150,,,,,,,,,,,,,,,,
2026-07-07T21:01:36.066788+00:00,2026-07-07T21:01:36.066705,2,3,140.2,0.2,140.1,138,140.0,100,,,,,,,,,,,,,,,,,140.3,12,140.5,100,140.6,150,,,,,,,,,,,,,,
2026-07-07T21:01:36.121425+00:00,2026-07-07T21:01:36.121306,2,3,140.25,0.3,140.1,138,140.0,100,,,,,,,,,,,,,,,,,140.4,12,140.5,100,140.6,150,,,,,,,,,,,,,,
2026-07-07T21:01:37.152468+00:00,2026-07-07T21:01:37.152670,2,2,140.3,0.4,140.1,138,140.0,100,,,,,,,,,,,,,,,,,140.5,62,140.6,150,,,,,,,,,,,,,,,,
2026-07-07T21:01:37.381994+00:00,2026-07-07T21:01:37.381948,3,2,140.35,0.3,140.2,12,140.1,138,140.0,100,,,,,,,,,,,,,,,140.5,62,140.6,150,,,,,,,,,,,,,,,,
2026-07-07T21:01:37.392557+00:00,2026-07-07T21:01:37.392424,2,2,140.3,0.4,140.1,104,140.0,100,,,,,,,,,,,,,,,,,140.5,74,140.6,150,,,,,,,,,,,,,,,,
2026-07-07T21:01:37.914562+00:00,2026-07-07T21:01:37.914530,2,2,140.3,0.4,140.1,58,140.0,100,,,,,,,,,,,,,,,,,140.5,74,140.6,150,,,,,,,,,,,,,,,,
2026-07-07T21:01:39.050554+00:00,2026-07-07T21:01:39.050523,2,1,140.3,0.4,140.1,58,140.0,100,,,,,,,,,,,,,,,,,140.5,74,,,,,,,,,,,,,,,,,,
2026-07-07T21:01:39.055606+00:00,2026-07-07T21:01:39.055684,1,1,140.25,0.5,140.0,100,,,,,,,,,,,,,,,,,,,140.5,74,,,,,,,,,,,,,,,,,,
2026-07-07T21:01:39.113864+00:00,2026-07-07T21:01:39.113669,2,1,140.25,0.5,140.0,100,139.8,150,,,,,,,,,,,,,,,,,140.5,74,,,,,,,,,,,,,,,,,,
2026-07-07T21:01:39.124329+00:00,2026-07-07T21:01:39.124216,1,1,140.15,0.7,139.8,150,,,,,,,,,,,,,,,,,,,140.5,12,,,,,,,,,,,,,,,,,,
2026-07-07T21:01:39.150278+00:00,2026-07-07T21:01:39.150565,1,0,,,139.8,150,,,,,,,,,,,,,,,,,,,,,,,,,,,,,,,,,,,,,,
2026-07-07T21:01:39.168935+00:00,2026-07-07T21:01:39.168811,1,2,140.05,0.5,139.8,150,,,,,,,,,,,,,,,,,,,140.3,150,140.4,12,,,,,,,,,,,,,,,,
2026-07-07T21:01:39.184699+00:00,2026-07-07T21:01:39.184582,1,2,140.05,0.5,139.8,150,,,,,,,,,,,,,,,,,,,140.3,50,140.4,12,,,,,,,,,,,,,,,,
2026-07-07T21:01:39.235294+00:00,2026-07-07T21:01:39.235217,1,3,140.05,0.5,139.8,150,,,,,,,,,,,,,,,,,,,140.3,50,140.4,12,140.8,100,,,,,,,,,,,,,,
2026-07-07T21:01:39.308754+00:00,2026-07-07T21:01:39.305873,1,3,140.05,0.5,139.8,100,,,,,,,,,,,,,,,,,,,140.3,50,140.4,12,140.8,100,,,,,,,,,,,,,,
2026-07-07T21:01:39.564119+00:00,2026-07-07T21:01:39.563877,1,3,140.05,0.5,139.8,100,,,,,,,,,,,,,,,,,,,140.3,8,140.4,12,140.8,100,,,,,,,,,,,,,,
2026-07-07T21:01:40.791432+00:00,2026-07-07T21:01:40.791376,1,1,140.3,1.0,139.8,100,,,,,,,,,,,,,,,,,,,140.8,100,,,,,,,,,,,,,,,,,,
2026-07-07T21:01:40.921602+00:00,2026-07-07T21:01:40.921690,2,1,140.35,0.9,139.9,12,139.8,100,,,,,,,,,,,,,,,,,140.8,100,,,,,,,,,,,,,,,,,,
2026-07-07T21:01:40.926791+00:00,2026-07-07T21:01:40.926884,2,2,140.3,0.8,139.9,12,139.8,100,,,,,,,,,,,,,,,,,140.7,12,140.8,100,,,,,,,,,,,,,,,,
2026-07-07T21:01:41.421751+00:00,2026-07-07T21:01:41.421913,1,2,140.25,0.9,139.8,62,,,,,,,,,,,,,,,,,,,140.7,12,140.8,100,,,,,,,,,,,,,,,,
2026-07-07T21:01:42.236386+00:00,2026-07-07T21:01:42.236262,0,2,,,,,,,,,,,,,,,,,,,,,,,140.7,12,140.8,100,,,,,,,,,,,,,,,,
2026-07-07T21:01:42.290875+00:00,2026-07-07T21:01:42.290847,1,1,140.25,0.9,139.8,150,,,,,,,,,,,,,,,,,,,140.7,12,,,,,,,,,,,,,,,,,,
2026-07-07T21:01:42.339357+00:00,2026-07-07T21:01:42.339290,1,2,140.05,0.5,139.8,150,,,,,,,,,,,,,,,,,,,140.3,150,140.7,12,,,,,,,,,,,,,,,,
2026-07-07T21:01:42.349625+00:00,2026-07-07T21:01:42.349522,2,2,140.05,0.5,139.8,150,139.7,100,,,,,,,,,,,,,,,,,140.3,150,140.7,12,,,,,,,,,,,,,,,,
2026-07-07T21:01:42.397988+00:00,2026-07-07T21:01:42.398171,2,3,140.0,0.4,139.8,104,139.7,100,,,,,,,,,,,,,,,,,140.2,100,140.3,150,140.7,12,,,,,,,,,,,,,,
2026-07-07T21:01:42.448971+00:00,2026-07-07T21:01:42.449105,2,2,140.0,0.4,139.8,104,139.7,100,,,,,,,,,,,,,,,,,140.2,112,140.3,150,,,,,,,,,,,,,,,,
2026-07-07T21:01:43.530429+00:00,2026-07-07T21:01:43.530307,2,2,140.0,0.4,139.8,54,139.7,100,,,,,,,,,,,,,,,,,140.2,112,140.3,150,,,,,,,,,,,,,,,,
2026-07-07T21:01:45.396481+00:00,2026-07-07T21:01:45.396427,1,1,139.95,0.5,139.7,100,,,,,,,,,,,,,,,,,,,140.2,112,,,,,,,,,,,,,,,,,,
2026-07-07T21:01:45.446958+00:00,2026-07-07T21:01:45.446887,2,1,139.95,0.5,139.7,100,139.5,150,,,,,,,,,,,,,,,,,140.2,112,,,,,,,,,,,,,,,,,,
2026-07-07T21:01:45.458848+00:00,2026-07-07T21:01:45.458689,1,1,139.85,0.7,139.5,150,,,,,,,,,,,,,,,,,,,140.2,12,,,,,,,,,,,,,,,,,,
2026-07-07T21:01:45.502906+00:00,2026-07-07T21:01:45.502863,1,2,139.75,0.5,139.5,150,,,,,,,,,,,,,,,,,,,140.0,150,140.2,12,,,,,,,,,,,,,,,,
2026-07-07T21:01:45.508098+00:00,2026-07-07T21:01:45.508027,2,2,139.9,0.2,139.8,100,139.5,150,,,,,,,,,,,,,,,,,140.0,150,140.2,12,,,,,,,,,,,,,,,,
2026-07-07T21:01:45.557435+00:00,2026-07-07T21:01:45.557340,2,3,139.9,0.2,139.8,100,139.5,150,,,,,,,,,,,,,,,,,140.0,150,140.2,12,140.3,100,,,,,,,,,,,,,,
2026-07-07T21:01:45.638013+00:00,2026-07-07T21:01:45.637890,2,3,139.9,0.2,139.8,50,139.5,150,,,,,,,,,,,,,,,,,140.0,150,140.2,12,140.3,100,,,,,,,,,,,,,,
2026-07-07T21:01:46.453041+00:00,2026-07-07T21:01:46.452924,2,3,139.9,0.2,139.8,50,139.5,150,,,,,,,,,,,,,,,,,140.0,105,140.2,12,140.3,100,,,,,,,,,,,,,,
2026-07-07T21:01:47.745491+00:00,2026-07-07T21:01:47.745384,1,3,139.75,0.5,139.5,150,,,,,,,,,,,,,,,,,,,140.0,105,140.2,12,140.3,100,,,,,,,,,,,,,,
2026-07-07T21:01:47.944970+00:00,2026-07-07T21:01:47.944912,1,3,139.75,0.5,139.5,150,,,,,,,,,,,,,,,,,,,140.0,62,140.2,12,140.3,100,,,,,,,,,,,,,,
2026-07-07T21:01:48.325358+00:00,2026-07-07T21:01:48.325474,1,3,139.75,0.5,139.5,150,,,,,,,,,,,,,,,,,,,140.0,62,140.1,12,140.3,100,,,,,,,,,,,,,,
2026-07-07T21:01:48.558620+00:00,2026-07-07T21:01:48.555412,0,2,,,,,,,,,,,,,,,,,,,,,,,140.1,12,140.3,100,,,,,,,,,,,,,,,,
2026-07-07T21:01:48.611833+00:00,2026-07-07T21:01:48.611738,1,2,139.85,0.5,139.6,150,,,,,,,,,,,,,,,,,,,140.1,12,140.3,100,,,,,,,,,,,,,,,,
2026-07-07T21:01:48.617008+00:00,2026-07-07T21:01:48.616958,1,1,139.85,0.5,139.6,150,,,,,,,,,,,,,,,,,,,140.1,12,,,,,,,,,,,,,,,,,,
2026-07-07T21:01:48.684492+00:00,2026-07-07T21:01:48.684397,2,1,139.85,0.5,139.6,150,139.2,100,,,,,,,,,,,,,,,,,140.1,162,,,,,,,,,,,,,,,,,,
2026-07-07T21:01:48.741488+00:00,2026-07-07T21:01:48.741387,2,2,139.65,0.1,139.6,150,139.2,100,,,,,,,,,,,,,,,,,139.7,100,140.1,162,,,,,,,,,,,,,,,,
2026-07-07T21:01:48.968265+00:00,2026-07-07T21:01:48.962414,2,2,139.65,0.1,139.6,150,139.2,100,,,,,,,,,,,,,,,,,139.7,88,140.1,162,,,,,,,,,,,,,,,,
2026-07-07T21:01:49.170826+00:00,2026-07-07T21:01:49.170777,2,2,139.65,0.1,139.6,150,139.2,100,,,,,,,,,,,,,,,,,139.7,47,140.1,162,,,,,,,,,,,,,,,,
2026-07-07T21:01:49.802587+00:00,2026-07-07T21:01:49.802750,2,2,139.65,0.1,139.6,103,139.2,100,,,,,,,,,,,,,,,,,139.7,47,140.1,162,,,,,,,,,,,,,,,,
2026-07-07T21:01:49.859711+00:00,2026-07-07T21:01:49.859590,2,2,139.65,0.1,139.6,53,139.2,100,,,,,,,,,,,,,,,,,139.7,47,140.1,162,,,,,,,,,,,,,,,,
2026-07-07T21:01:51.589390+00:00,2026-07-07T21:01:51.589334,2,3,139.65,0.1,139.6,53,139.2,100,,,,,,,,,,,,,,,,,139.7,47,140.1,150,140.2,12,,,,,,,,,,,,,,
2026-07-07T21:01:51.741291+00:00,2026-07-07T21:01:51.741223,1,2,139.45,0.5,139.2,100,,,,,,,,,,,,,,,,,,,139.7,47,140.2,12,,,,,,,,,,,,,,,,
2026-07-07T21:01:51.801932+00:00,2026-07-07T21:01:51.802148,1,1,139.8,0.8,139.4,150,,,,,,,,,,,,,,,,,,,140.2,12,,,,,,,,,,,,,,,,,,
2026-07-07T21:01:51.869244+00:00,2026-07-07T21:01:51.869394,1,2,139.65,0.5,139.4,150,,,,,,,,,,,,,,,,,,,139.9,150,140.2,12,,,,,,,,,,,,,,,,
2026-07-07T21:01:51.874729+00:00,2026-07-07T21:01:51.874565,2,2,139.75,0.3,139.6,100,139.4,150,,,,,,,,,,,,,,,,,139.9,150,140.2,12,,,,,,,,,,,,,,,,
2026-07-07T21:01:51.914653+00:00,2026-07-07T21:01:51.914571,2,2,139.75,0.3,139.6,100,139.4,150,,,,,,,,,,,,,,,,,139.9,100,140.2,12,,,,,,,,,,,,,,,,
2026-07-07T21:01:51.924923+00:00,2026-07-07T21:01:51.925051,2,3,139.75,0.3,139.6,100,139.4,150,,,,,,,,,,,,,,,,,139.9,100,140.1,100,140.2,12,,,,,,,,,,,,,,
2026-07-07T21:01:54.109906+00:00,2026-07-07T21:01:54.110044,2,3,139.75,0.3,139.6,100,139.4,150,,,,,,,,,,,,,,,,,139.9,59,140.1,100,140.2,12,,,,,,,,,,,,,,
2026-07-07T21:01:54.926568+00:00,2026-07-07T21:01:54.926485,1,2,139.85,0.5,139.6,100,,,,,,,,,,,,,,,,,,,140.1,100,140.2,12,,,,,,,,,,,,,,,,
2026-07-07T21:01:54.986390+00:00,2026-07-07T21:01:54.986515,1,1,140.0,0.4,139.8,150,,,,,,,,,,,,,,,,,,,140.2,12,,,,,,,,,,,,,,,,,,
2026-07-07T21:01:55.036511+00:00,2026-07-07T21:01:55.036465,1,2,140.0,0.4,139.8,150,,,,,,,,,,,,,,,,,,,140.2,12,140.3,150,,,,,,,,,,,,,,,,
2026-07-07T21:01:55.041675+00:00,2026-07-07T21:01:55.041631,2,2,140.0,0.4,139.8,150,139.6,100,,,,,,,,,,,,,,,,,140.2,12,140.3,150,,,,,,,,,,,,,,,,
2026-07-07T21:01:55.095215+00:00,2026-07-07T21:01:55.095122,2,3,139.95,0.3,139.8,150,139.6,100,,,,,,,,,,,,,,,,,140.1,100,140.2,12,140.3,150,,,,,,,,,,,,,,
2026-07-07T21:01:55.100407+00:00,2026-07-07T21:01:55.100319,2,2,139.95,0.3,139.8,150,139.6,100,,,,,,,,,,,,,,,,,140.1,100,140.3,150,,,,,,,,,,,,,,,,
2026-07-07T21:01:55.105629+00:00,2026-07-07T21:01:55.105507,2,2,139.95,0.3,139.8,150,139.6,100,,,,,,,,,,,,,,,,,140.1,100,140.3,162,,,,,,,,,,,,,,,,
2026-07-07T21:01:55.660158+00:00,2026-07-07T21:01:55.660024,2,2,139.95,0.3,139.8,105,139.6,100,,,,,,,,,,,,,,,,,140.1,100,140.3,162,,,,,,,,,,,,,,,,
2026-07-07T21:01:56.180926+00:00,2026-07-07T21:01:56.180850,2,2,139.95,0.3,139.8,55,139.6,100,,,,,,,,,,,,,,,,,140.1,100,140.3,162,,,,,,,,,,,,,,,,
2026-07-07T21:01:57.941936+00:00,2026-07-07T21:01:57.936298,2,2,139.95,0.3,139.8,43,139.6,100,,,,,,,,,,,,,,,,,140.1,100,140.3,162,,,,,,,,,,,,,,,,
2026-07-07T21:01:58.095758+00:00,2026-07-07T21:01:58.095674,2,2,139.95,0.3,139.8,43,139.6,100,,,,,,,,,,,,,,,,,140.1,100,140.3,12,,,,,,,,,,,,,,,,
2026-07-07T21:01:58.100921+00:00,2026-07-07T21:01:58.100838,1,2,139.85,0.5,139.6,100,,,,,,,,,,,,,,,,,,,140.1,100,140.3,12,,,,,,,,,,,,,,,,
2026-07-07T21:01:58.118283+00:00,2026-07-07T21:01:58.118226,1,1,139.85,0.5,139.6,100,,,,,,,,,,,,,,,,,,,140.1,112,,,,,,,,,,,,,,,,,,
2026-07-07T21:01:58.145213+00:00,2026-07-07T21:01:58.145343,1,1,139.85,0.5,139.6,100,,,,,,,,,,,,,,,,,,,140.1,12,,,,,,,,,,,,,,,,,,
2026-07-07T21:01:58.158740+00:00,2026-07-07T21:01:58.158673,1,1,139.65,0.9,139.2,150,,,,,,,,,,,,,,,,,,,140.1,12,,,,,,,,,,,,,,,,,,
2026-07-07T21:01:58.200775+00:00,2026-07-07T21:01:58.200666,2,1,139.75,0.7,139.4,100,139.2,150,,,,,,,,,,,,,,,,,140.1,12,,,,,,,,,,,,,,,,,,
2026-07-07T21:01:58.205905+00:00,2026-07-07T21:01:58.205832,2,2,139.55,0.3,139.4,100,139.2,150,,,,,,,,,,,,,,,,,139.7,150,140.1,12,,,,,,,,,,,,,,,,
2026-07-07T21:01:58.254102+00:00,2026-07-07T21:01:58.254020,2,3,139.55,0.3,139.4,100,139.2,150,,,,,,,,,,,,,,,,,139.7,150,139.9,100,140.1,12,,,,,,,,,,,,,,
2026-07-07T21:01:58.371166+00:00,2026-07-07T21:01:58.371093,2,2,139.55,0.3,139.4,100,139.2,150,,,,,,,,,,,,,,,,,139.7,150,139.9,100,,,,,,,,,,,,,,,,
2026-07-07T21:01:58.376390+00:00,2026-07-07T21:01:58.376323,2,3,139.55,0.3,139.4,100,139.2,150,,,,,,,,,,,,,,,,,139.7,150,139.9,100,140.0,12,,,,,,,,,,,,,,
2026-07-07T21:01:59.289290+00:00,2026-07-07T21:01:59.289186,2,3,139.55,0.3,139.4,100,139.2,150,,,,,,,,,,,,,,,,,139.7,102,139.9,100,140.0,12,,,,,,,,,,,,,,
2026-07-07T21:01:59.858663+00:00,2026-07-07T21:01:59.855189,2,3,139.55,0.3,139.4,56,139.2,150,,,,,,,,,,,,,,,,,139.7,102,139.9,100,140.0,12,,,,,,,,,,,,,,
2026-07-07T21:02:00.339319+00:00,2026-07-07T21:02:00.339254,2,3,139.55,0.3,139.4,56,139.2,150,,,,,,,,,,,,,,,,,139.7,52,139.9,100,140.0,12,,,,,,,,,,,,,,
2026-07-07T21:02:01.260347+00:00,2026-07-07T21:02:01.260275,1,2,139.65,0.5,139.4,56,,,,,,,,,,,,,,,,,,,139.9,100,140.0,12,,,,,,,,,,,,,,,,
2026-07-07T21:02:01.313710+00:00,2026-07-07T21:02:01.313869,1,1,139.85,0.3,139.7,150,,,,,,,,,,,,,,,,,,,140.0,12,,,,,,,,,,,,,,,,,,
2026-07-07T21:02:01.358562+00:00,2026-07-07T21:02:01.358219,2,1,139.85,0.3,139.7,150,139.3,100,,,,,,,,,,,,,,,,,140.0,12,,,,,,,,,,,,,,,,,,
2026-07-07T21:02:01.369423+00:00,2026-07-07T21:02:01.369589,2,2,139.85,0.3,139.7,150,139.3,100,,,,,,,,,,,,,,,,,140.0,12,140.1,150,,,,,,,,,,,,,,,,
2026-07-07T21:02:01.388415+00:00,2026-07-07T21:02:01.388306,2,2,139.85,0.3,139.7,150,139.3,100,,,,,,,,,,,,,,,,,140.0,12,140.1,150,,,,,,,,,,,,,,,,
2026-07-07T21:02:01.416055+00:00,2026-07-07T21:02:01.415963,2,3,139.75,0.1,139.7,150,139.3,100,,,,,,,,,,,,,,,,,139.8,100,140.0,12,140.1,150,,,,,,,,,,,,,,
2026-07-07T21:02:01.489220+00:00,2026-07-07T21:02:01.489074,2,3,139.75,0.1,139.7,105,139.3,100,,,,,,,,,,,,,,,,,139.8,100,140.0,12,140.1,150,,,,,,,,,,,,,,
2026-07-07T21:02:02.446179+00:00,2026-07-07T21:02:02.446098,2,3,139.75,0.1,139.7,105,139.3,100,,,,,,,,,,,,,,,,,139.8,50,140.0,12,140.1,150,,,,,,,,,,,,,,
2026-07-07T21:02:03.533133+00:00,2026-07-07T21:02:03.533061,2,3,139.75,0.1,139.7,58,139.3,100,,,,,,,,,,,,,,,,,139.8,50,140.0,12,140.1,150,,,,,,,,,,,,,,
2026-07-07T21:02:04.090426+00:00,2026-07-07T21:02:04.090323,2,3,139.75,0.1,139.7,58,139.3,100,,,,,,,,,,,,,,,,,139.8,6,140.0,12,140.1,150,,,,,,,,,,,,,,
2026-07-07T21:02:04.423384+00:00,2026-07-07T21:02:04.423303,1,2,139.55,0.5,139.3,100,,,,,,,,,,,,,,,,,,,139.8,6,140.0,12,,,,,,,,,,,,,,,,
2026-07-07T21:02:04.475404+00:00,2026-07-07T21:02:04.475326,1,1,139.65,0.7,139.3,100,,,,,,,,,,,,,,,,,,,140.0,12,,,,,,,,,,,,,,,,,,
2026-07-07T21:02:04.480676+00:00,2026-07-07T21:02:04.480537,1,1,139.6,0.8,139.2,150,,,,,,,,,,,,,,,,,,,140.0,12,,,,,,,,,,,,,,,,,,
2026-07-07T21:02:04.530427+00:00,2026-07-07T21:02:04.530369,2,1,139.8,0.4,139.6,100,139.2,150,,,,,,,,,,,,,,,,,140.0,12,,,,,,,,,,,,,,,,,,
2026-07-07T21:02:04.535641+00:00,2026-07-07T21:02:04.535538,2,2,139.65,0.1,139.6,100,139.2,150,,,,,,,,,,,,,,,,,139.7,150,140.0,12,,,,,,,,,,,,,,,,
2026-07-07T21:02:04.579585+00:00,2026-07-07T21:02:04.579482,2,2,139.65,0.1,139.6,100,139.2,150,,,,,,,,,,,,,,,,,139.7,100,140.0,12,,,,,,,,,,,,,,,,
2026-07-07T21:02:04.584781+00:00,2026-07-07T21:02:04.584728,2,3,139.65,0.1,139.6,100,139.2,150,,,,,,,,,,,,,,,,,139.7,100,140.0,12,140.1,100,,,,,,,,,,,,,,
2026-07-07T21:02:05.202685+00:00,2026-07-07T21:02:05.191937,2,3,139.65,0.1,139.6,100,139.2,150,,,,,,,,,,,,,,,,,139.7,88,140.0,12,140.1,100,,,,,,,,,,,,,,
2026-07-07T21:02:05.816952+00:00,2026-07-07T21:02:05.816896,2,3,139.65,0.1,139.6,100,139.2,150,,,,,,,,,,,,,,,,,139.7,47,140.0,12,140.1,100,,,,,,,,,,,,,,
2026-07-07T21:02:06.406285+00:00,2026-07-07T21:02:06.406250,2,2,139.65,0.1,139.6,100,139.2,150,,,,,,,,,,,,,,,,,139.7,47,140.1,112,,,,,,,,,,,,,,,,
2026-07-07T21:02:06.439049+00:00,2026-07-07T21:02:06.438969,2,2,139.65,0.1,139.6,55,139.2,150,,,,,,,,,,,,,,,,,139.7,47,140.1,112,,,,,,,,,,,,,,,,
2026-07-07T21:02:06.687107+00:00,2026-07-07T21:02:06.687021,2,1,139.85,0.5,139.6,55,139.2,150,,,,,,,,,,,,,,,,,140.1,109,,,,,,,,,,,,,,,,,,
2026-07-07T21:02:07.158601+00:00,2026-07-07T21:02:07.154023,2,1,139.85,0.5,139.6,55,139.2,150,,,,,,,,,,,,,,,,,140.1,97,,,,,,,,,,,,,,,,,,
2026-07-07T21:02:07.168882+00:00,2026-07-07T21:02:07.168838,2,2,139.85,0.5,139.6,55,139.2,150,,,,,,,,,,,,,,,,,140.1,97,140.3,12,,,,,,,,,,,,,,,,
2026-07-07T21:02:07.597961+00:00,2026-07-07T21:02:07.597917,1,2,139.85,0.5,139.6,55,,,,,,,,,,,,,,,,,,,140.1,97,140.3,12,,,,,,,,,,,,,,,,
2026-07-07T21:02:07.641376+00:00,2026-07-07T21:02:07.641328,0,1,,,,,,,,,,,,,,,,,,,,,,,140.3,12,,,,,,,,,,,,,,,,,,
2026-07-07T21:02:07.668924+00:00,2026-07-07T21:02:07.662459,1,1,140.25,0.1,140.2,138,,,,,,,,,,,,,,,,,,,140.3,12,,,,,,,,,,,,,,,,,,
2026-07-07T21:02:07.684679+00:00,2026-07-07T21:02:07.684541,1,1,140.3,0.2,140.2,138,,,,,,,,,,,,,,,,,,,140.4,12,,,,,,,,,,,,,,,,,,
2026-07-07T21:02:07.695141+00:00,2026-07-07T21:02:07.694981,2,1,140.3,0.2,140.2,138,139.8,100,,,,,,,,,,,,,,,,,140.4,12,,,,,,,,,,,,,,,,,,
2026-07-07T21:02:07.700302+00:00,2026-07-07T21:02:07.700231,2,2,140.3,0.2,140.2,138,139.8,100,,,,,,,,,,,,,,,,,140.4,12,140.7,150,,,,,,,,,,,,,,,,
2026-07-07T21:02:07.747507+00:00,2026-07-07T21:02:07.747602,2,3,140.25,0.1,140.2,138,139.8,100,,,,,,,,,,,,,,,,,140.3,100,140.4,12,140.7,150,,,,,,,,,,,,,,
2026-07-07T21:02:08.069079+00:00,2026-07-07T21:02:08.068940,2,3,140.25,0.1,140.2,138,139.8,100,,,,,,,,,,,,,,,,,140.3,57,140.4,12,140.7,150,,,,,,,,,,,,,,
2026-07-07T21:02:08.123827+00:00,2026-07-07T21:02:08.123727,2,3,140.25,0.1,140.2,95,139.8,100,,,,,,,,,,,,,,,,,140.3,57,140.4,12,140.7,150,,,,,,,,,,,,,,
2026-07-07T21:02:08.441890+00:00,2026-07-07T21:02:08.440148,2,2,140.25,0.1,140.2,69,139.8,100,,,,,,,,,,,,,,,,,140.3,57,140.7,150,,,,,,,,,,,,,,,,
2026-07-07T21:02:08.663965+00:00,2026-07-07T21:02:08.663841,2,2,140.25,0.1,140.2,69,139.8,100,,,,,,,,,,,,,,,,,140.3,9,140.7,150,,,,,,,,,,,,,,,,
2026-07-07T21:02:08.849312+00:00,2026-07-07T21:02:08.849197,2,2,140.25,0.1,140.2,19,139.8,100,,,,,,,,,,,,,,,,,140.3,9,140.7,150,,,,,,,,,,,,,,,,
2026-07-07T21:02:09.290218+00:00,2026-07-07T21:02:09.290099,1,2,140.05,0.5,139.8,72,,,,,,,,,,,,,,,,,,,140.3,9,140.7,150,,,,,,,,,,,,,,,,
2026-07-07T21:02:10.758580+00:00,2026-07-07T21:02:10.754666,1,1,140.05,0.5,139.8,72,,,,,,,,,,,,,,,,,,,140.3,9,,,,,,,,,,,,,,,,,,
2026-07-07T21:02:10.803238+00:00,2026-07-07T21:02:10.803210,0,0,,,,,,,,,,,,,,,,,,,,,,,,,,,,,,,,,,,,,,,,,,
2026-07-07T21:02:10.808504+00:00,2026-07-07T21:02:10.808387,1,0,,,139.4,150,,,,,,,,,,,,,,,,,,,,,,,,,,,,,,,,,,,,,,
2026-07-07T21:02:10.855900+00:00,2026-07-07T21:02:10.855846,2,0,,,139.8,100,139.4,150,,,,,,,,,,,,,,,,,,,,,,,,,,,,,,,,,,,,
2026-07-07T21:02:10.876481+00:00,2026-07-07T21:02:10.870172,2,1,139.85,0.1,139.8,100,139.4,150,,,,,,,,,,,,,,,,,139.9,147,,,,,,,,,,,,,,,,,,
2026-07-07T21:02:10.905951+00:00,2026-07-07T21:02:10.905853,2,2,139.85,0.1,139.8,100,139.4,150,,,,,,,,,,,,,,,,,139.9,147,140.3,100,,,,,,,,,,,,,,,,
2026-07-07T21:02:10.963965+00:00,2026-07-07T21:02:10.963867,2,2,139.85,0.1,139.8,50,139.4,150,,,,,,,,,,,,,,,,,139.9,147,140.3,100,,,,,,,,,,,,,,,,
2026-07-07T21:02:11.240230+00:00,2026-07-07T21:02:11.240108,2,2,139.85,0.1,139.8,61,139.4,150,,,,,,,,,,,,,,,,,139.9,147,140.3,100,,,,,,,,,,,,,,,,
2026-07-07T21:02:11.245558+00:00,2026-07-07T21:02:11.245358,2,2,139.85,0.1,139.8,61,139.4,150,,,,,,,,,,,,,,,,,139.9,98,140.3,100,,,,,,,,,,,,,,,,
2026-07-07T21:02:11.250493+00:00,2026-07-07T21:02:11.250571,2,3,139.85,0.1,139.8,61,139.4,150,,,,,,,,,,,,,,,,,139.9,98,140.1,11,140.3,100,,,,,,,,,,,,,,
2026-07-07T21:02:12.291107+00:00,2026-07-07T21:02:12.291047,2,3,139.85,0.1,139.8,21,139.4,150,,,,,,,,,,,,,,,,,139.9,98,140.1,11,140.3,100,,,,,,,,,,,,,,
2026-07-07T21:02:13.097420+00:00,2026-07-07T21:02:13.097390,1,3,139.65,0.5,139.4,121,,,,,,,,,,,,,,,,,,,139.9,98,140.1,11,140.3,100,,,,,,,,,,,,,,
2026-07-07T21:02:13.259534+00:00,2026-07-07T21:02:13.259432,2,2,139.7,0.4,139.5,1,139.4,121,,,,,,,,,,,,,,,,,139.9,98,140.3,100,,,,,,,,,,,,,,,,
2026-07-07T21:02:13.264738+00:00,2026-07-07T21:02:13.264636,2,3,139.7,0.4,139.5,1,139.4,121,,,,,,,,,,,,,,,,,139.9,98,140.2,12,140.3,100,,,,,,,,,,,,,,
2026-07-07T21:02:13.915662+00:00,2026-07-07T21:02:13.915838,2,2,139.85,0.7,139.5,1,139.4,121,,,,,,,,,,,,,,,,,140.2,12,140.3,100,,,,,,,,,,,,,,,,
2026-07-07T21:02:13.921091+00:00,2026-07-07T21:02:13.921022,1,2,139.85,0.7,139.5,1,,,,,,,,,,,,,,,,,,,140.2,12,140.3,100,,,,,,,,,,,,,,,,
2026-07-07T21:02:13.958592+00:00,2026-07-07T21:02:13.957258,1,1,139.85,0.7,139.5,1,,,,,,,,,,,,,,,,,,,140.2,12,,,,,,,,,,,,,,,,,,
2026-07-07T21:02:13.974559+00:00,2026-07-07T21:02:13.974460,1,1,139.85,0.7,139.5,151,,,,,,,,,,,,,,,,,,,140.2,12,,,,,,,,,,,,,,,,,,
2026-07-07T21:02:14.016216+00:00,2026-07-07T21:02:14.016349,1,1,139.85,0.7,139.5,251,,,,,,,,,,,,,,,,,,,140.2,12,,,,,,,,,,,,,,,,,,
2026-07-07T21:02:14.021666+00:00,2026-07-07T21:02:14.021586,1,2,139.75,0.5,139.5,251,,,,,,,,,,,,,,,,,,,140.0,150,140.2,12,,,,,,,,,,,,,,,,
2026-07-07T21:02:14.067350+00:00,2026-07-07T21:02:14.067472,1,2,139.75,0.5,139.5,251,,,,,,,,,,,,,,,,,,,140.0,250,140.2,12,,,,,,,,,,,,,,,,
2026-07-07T21:02:15.208727+00:00,2026-07-07T21:02:15.208586,1,2,139.75,0.5,139.5,201,,,,,,,,,,,,,,,,,,,140.0,250,140.2,12,,,,,,,,,,,,,,,,
2026-07-07T21:02:15.527017+00:00,2026-07-07T21:02:15.526961,1,2,139.75,0.5,139.5,201,,,,,,,,,,,,,,,,,,,140.0,250,140.1,12,,,,,,,,,,,,,,,,
2026-07-07T21:02:16.290202+00:00,2026-07-07T21:02:16.290146,1,1,139.75,0.5,139.5,201,,,,,,,,,,,,,,,,,,,140.0,250,,,,,,,,,,,,,,,,,,
2026-07-07T21:02:16.295427+00:00,2026-07-07T21:02:16.295362,1,2,139.75,0.5,139.5,201,,,,,,,,,,,,,,,,,,,140.0,250,140.2,12,,,,,,,,,,,,,,,,
2026-07-07T21:02:16.802597+00:00,2026-07-07T21:02:16.802348,1,1,139.75,0.5,139.5,201,,,,,,,,,,,,,,,,,,,140.0,250,,,,,,,,,,,,,,,,,,
2026-07-07T21:02:16.807727+00:00,2026-07-07T21:02:16.807667,1,1,139.75,0.5,139.5,201,,,,,,,,,,,,,,,,,,,140.0,262,,,,,,,,,,,,,,,,,,
2026-07-07T21:02:16.818229+00:00,2026-07-07T21:02:16.818198,1,1,139.75,0.5,139.5,201,,,,,,,,,,,,,,,,,,,140.0,219,,,,,,,,,,,,,,,,,,
2026-07-07T21:02:16.872144+00:00,2026-07-07T21:02:16.872024,1,1,139.75,0.5,139.5,153,,,,,,,,,,,,,,,,,,,140.0,219,,,,,,,,,,,,,,,,,,
2026-07-07T21:02:17.079433+00:00,2026-07-07T21:02:17.079554,1,1,139.75,0.5,139.5,100,,,,,,,,,,,,,,,,,,,140.0,112,,,,,,,,,,,,,,,,,,
2026-07-07T21:02:17.121258+00:00,2026-07-07T21:02:17.121104,1,1,139.75,0.5,139.5,100,,,,,,,,,,,,,,,,,,,140.0,12,,,,,,,,,,,,,,,,,,
2026-07-07T21:02:17.126396+00:00,2026-07-07T21:02:17.126282,0,1,,,,,,,,,,,,,,,,,,,,,,,140.0,12,,,,,,,,,,,,,,,,,,
2026-07-07T21:02:17.131580+00:00,2026-07-07T21:02:17.131463,1,1,139.5,1.0,139.0,150,,,,,,,,,,,,,,,,,,,140.0,12,,,,,,,,,,,,,,,,,,
2026-07-07T21:02:17.177201+00:00,2026-07-07T21:02:17.177336,2,1,139.6,0.8,139.2,100,139.0,150,,,,,,,,,,,,,,,,,140.0,12,,,,,,,,,,,,,,,,,,
2026-07-07T21:02:17.182425+00:00,2026-07-07T21:02:17.182515,2,2,139.35,0.3,139.2,100,139.0,150,,,,,,,,,,,,,,,,,139.5,150,140.0,12,,,,,,,,,,,,,,,,
2026-07-07T21:02:17.196380+00:00,2026-07-07T21:02:17.188957,2,2,139.35,0.3,139.2,100,139.0,150,,,,,,,,,,,,,,,,,139.5,127,140.0,12,,,,,,,,,,,,,,,,
2026-07-07T21:02:17.230033+00:00,2026-07-07T21:02:17.229949,2,3,139.35,0.3,139.2,100,139.0,150,,,,,,,,,,,,,,,,,139.5,127,139.7,100,140.0,12,,,,,,,,,,,,,,
2026-07-07T21:02:17.314761+00:00,2026-07-07T21:02:17.314638,2,2,139.35,0.3,139.2,50,139.0,150,,,,,,,,,,,,,,,,,139.5,127,139.7,100,,,,,,,,,,,,,,,,
2026-07-07T21:02:17.319999+00:00,2026-07-07T21:02:17.319850,2,3,139.35,0.3,139.2,50,139.0,150,,,,,,,,,,,,,,,,,139.5,127,139.7,100,139.9,12,,,,,,,,,,,,,,
2026-07-07T21:02:17.602157+00:00,2026-07-07T21:02:17.595046,2,3,139.35,0.3,139.2,50,139.0,150,,,,,,,,,,,,,,,,,139.5,116,139.7,100,139.9,12,,,,,,,,,,,,,,
2026-07-07T21:02:17.828649+00:00,2026-07-07T21:02:17.828556,2,3,139.35,0.3,139.2,50,139.0,150,,,,,,,,,,,,,,,,,139.5,116,139.7,100,140.0,12,,,,,,,,,,,,,,
2026-07-07T21:02:17.969322+00:00,2026-07-07T21:02:17.969276,2,3,139.35,0.3,139.2,50,139.0,150,,,,,,,,,,,,,,,,,139.5,67,139.7,100,140.0,12,,,,,,,,,,,,,,
2026-07-07T21:02:18.334497+00:00,2026-07-07T21:02:18.334605,2,3,139.35,0.3,139.2,50,139.0,150,,,,,,,,,,,,,,,,,139.5,67,139.7,100,140.1,12,,,,,,,,,,,,,,
2026-07-07T21:02:19.111526+00:00,2026-07-07T21:02:19.111418,2,2,139.35,0.3,139.2,50,139.0,150,,,,,,,,,,,,,,,,,139.5,67,139.7,100,,,,,,,,,,,,,,,,
2026-07-07T21:02:19.116663+00:00,2026-07-07T21:02:19.116591,2,3,139.35,0.3,139.2,50,139.0,150,,,,,,,,,,,,,,,,,139.5,67,139.7,100,140.0,12,,,,,,,,,,,,,,
2026-07-07T21:02:19.424400+00:00,2026-07-07T21:02:19.424360,1,3,139.25,0.5,139.0,150,,,,,,,,,,,,,,,,,,,139.5,67,139.7,100,140.0,12,,,,,,,,,,,,,,
2026-07-07T21:02:19.620709+00:00,2026-07-07T21:02:19.620608,1,3,139.25,0.5,139.0,150,,,,,,,,,,,,,,,,,,,139.5,67,139.7,100,140.1,12,,,,,,,,,,,,,,
2026-07-07T21:02:19.713294+00:00,2026-07-07T21:02:19.708435,1,3,139.25,0.5,139.0,150,,,,,,,,,,,,,,,,,,,139.5,55,139.7,100,140.1,12,,,,,,,,,,,,,,
2026-07-07T21:02:20.240283+00:00,2026-07-07T21:02:20.240170,0,2,,,,,,,,,,,,,,,,,,,,,,,139.7,100,140.1,12,,,,,,,,,,,,,,,,
2026-07-07T21:02:20.284599+00:00,2026-07-07T21:02:20.284445,0,1,,,,,,,,,,,,,,,,,,,,,,,140.1,12,,,,,,,,,,,,,,,,,,
2026-07-07T21:02:20.289533+00:00,2026-07-07T21:02:20.289671,1,1,139.75,0.7,139.4,150,,,,,,,,,,,,,,,,,,,140.1,12,,,,,,,,,,,,,,,,,,
2026-07-07T21:02:20.345520+00:00,2026-07-07T21:02:20.345354,2,1,139.75,0.7,139.4,150,138.9,100,,,,,,,,,,,,,,,,,140.1,12,,,,,,,,,,,,,,,,,,
2026-07-07T21:02:20.350464+00:00,2026-07-07T21:02:20.350538,2,2,139.65,0.5,139.4,150,138.9,100,,,,,,,,,,,,,,,,,139.9,150,140.1,12,,,,,,,,,,,,,,,,
2026-07-07T21:02:20.380350+00:00,2026-07-07T21:02:20.380316,2,2,139.65,0.5,139.4,150,138.9,100,,,,,,,,,,,,,,,,,139.9,150,140.3,12,,,,,,,,,,,,,,,,
2026-07-07T21:02:20.400507+00:00,2026-07-07T21:02:20.400380,2,2,139.65,0.5,139.4,50,138.9,100,,,,,,,,,,,,,,,,,139.9,150,140.3,12,,,,,,,,,,,,,,,,
2026-07-07T21:02:21.077634+00:00,2026-07-07T21:02:21.077718,2,2,139.65,0.5,139.4,50,138.9,100,,,,,,,,,,,,,,,,,139.9,101,140.3,12,,,,,,,,,,,,,,,,
2026-07-07T21:02:21.545786+00:00,2026-07-07T21:02:21.545633,1,2,139.4,1.0,138.9,100,,,,,,,,,,,,,,,,,,,139.9,101,140.3,12,,,,,,,,,,,,,,,,
2026-07-07T21:02:21.639265+00:00,2026-07-07T21:02:21.639176,1,2,139.4,1.0,138.9,100,,,,,,,,,,,,,,,,,,,139.9,101,140.3,12,,,,,,,,,,,,,,,,
2026-07-07T21:02:23.404644+00:00,2026-07-07T21:02:23.404516,1,1,139.6,1.4,138.9,100,,,,,,,,,,,,,,,,,,,140.3,12,,,,,,,,,,,,,,,,,,
2026-07-07T21:02:23.450967+00:00,2026-07-07T21:02:23.450902,0,1,,,,,,,,,,,,,,,,,,,,,,,140.3,12,,,,,,,,,,,,,,,,,,
2026-07-07T21:02:23.456221+00:00,2026-07-07T21:02:23.456099,1,1,139.75,1.1,139.2,150,,,,,,,,,,,,,,,,,,,140.3,12,,,,,,,,,,,,,,,,,,
2026-07-07T21:02:23.504561+00:00,2026-07-07T21:02:23.504492,2,1,139.85,0.9,139.4,100,139.2,150,,,,,,,,,,,,,,,,,140.3,12,,,,,,,,,,,,,,,,,,
2026-07-07T21:02:23.509753+00:00,2026-07-07T21:02:23.509644,2,2,139.55,0.3,139.4,100,139.2,150,,,,,,,,,,,,,,,,,139.7,150,140.3,12,,,,,,,,,,,,,,,,
2026-07-07T21:02:23.560572+00:00,2026-07-07T21:02:23.560479,2,3,139.55,0.3,139.4,100,139.2,150,,,,,,,,,,,,,,,,,139.7,150,139.9,100,140.3,12,,,,,,,,,,,,,,
2026-07-07T21:02:23.652343+00:00,2026-07-07T21:02:23.652214,2,2,139.55,0.3,139.4,50,139.2,150,,,,,,,,,,,,,,,,,139.7,150,139.9,100,,,,,,,,,,,,,,,,
2026-07-07T21:02:23.658546+00:00,2026-07-07T21:02:23.657363,2,3,139.55,0.3,139.4,50,139.2,150,,,,,,,,,,,,,,,,,139.7,150,139.9,100,140.2,12,,,,,,,,,,,,,,
2026-07-07T21:02:24.163793+00:00,2026-07-07T21:02:24.163987,2,3,139.55,0.3,139.4,8,139.2,150,,,,,,,,,,,,,,,,,139.7,150,139.9,100,140.2,12,,,,,,,,,,,,,,
2026-07-07T21:02:25.651021+00:00,2026-07-07T21:02:25.650981,1,3,139.45,0.5,139.2,113,,,,,,,,,,,,,,,,,,,139.7,150,139.9,100,140.2,12,,,,,,,,,,,,,,
2026-07-07T21:02:25.665158+00:00,2026-07-07T21:02:25.665066,1,3,139.45,0.5,139.2,113,,,,,,,,,,,,,,,,,,,139.7,150,139.9,100,140.2,12,,,,,,,,,,,,,,
2026-07-07T21:02:25.709795+00:00,2026-07-07T21:02:25.709655,1,3,139.45,0.5,139.2,113,,,,,,,,,,,,,,,,,,,139.7,100,139.9,100,140.2,12,,,,,,,,,,,,,,
2026-07-07T21:02:26.564019+00:00,2026-07-07T21:02:26.563872,0,2,,,,,,,,,,,,,,,,,,,,,,,139.9,100,140.2,12,,,,,,,,,,,,,,,,
2026-07-07T21:02:26.624835+00:00,2026-07-07T21:02:26.624755,0,1,,,,,,,,,,,,,,,,,,,,,,,140.2,12,,,,,,,,,,,,,,,,,,
2026-07-07T21:02:26.630024+00:00,2026-07-07T21:02:26.629905,1,1,139.75,0.9,139.3,150,,,,,,,,,,,,,,,,,,,140.2,12,,,,,,,,,,,,,,,,,,
2026-07-07T21:02:26.676171+00:00,2026-07-07T21:02:26.676266,2,1,139.75,0.9,139.3,150,139.2,100,,,,,,,,,,,,,,,,,140.2,12,,,,,,,,,,,,,,,,,,
2026-07-07T21:02:26.681627+00:00,2026-07-07T21:02:26.681479,2,2,139.55,0.5,139.3,150,139.2,100,,,,,,,,,,,,,,,,,139.8,150,140.2,12,,,,,,,,,,,,,,,,
2026-07-07T21:02:26.735942+00:00,2026-07-07T21:02:26.735889,2,3,139.5,0.4,139.3,150,139.2,100,,,,,,,,,,,,,,,,,139.7,100,139.8,150,140.2,12,,,,,,,,,,,,,,
2026-07-07T21:02:27.823252+00:00,2026-07-07T21:02:27.823184,2,3,139.5,0.4,139.3,150,139.2,100,,,,,,,,,,,,,,,,,139.7,50,139.8,150,140.2,12,,,,,,,,,,,,,,
2026-07-07T21:02:29.695139+00:00,2026-07-07T21:02:29.695093,2,3,139.5,0.4,139.3,150,139.2,100,,,,,,,,,,,,,,,,,139.7,10,139.8,150,140.2,12,,,,,,,,,,,,,,
2026-07-07T21:02:29.735578+00:00,2026-07-07T21:02:29.735527,2,2,139.5,0.4,139.3,150,139.2,100,,,,,,,,,,,,,,,,,139.7,10,140.2,12,,,,,,,,,,,,,,,,
2026-07-07T21:02:29.740769+00:00,2026-07-07T21:02:29.740664,1,2,139.45,0.5,139.2,100,,,,,,,,,,,,,,,,,,,139.7,10,140.2,12,,,,,,,,,,,,,,,,
2026-07-07T21:02:29.793304+00:00,2026-07-07T21:02:29.793279,2,1,139.8,0.8,139.4,150,139.2,100,,,,,,,,,,,,,,,,,140.2,12,,,,,,,,,,,,,,,,,,
2026-07-07T21:02:29.798484+00:00,2026-07-07T21:02:29.798418,1,1,139.8,0.8,139.4,150,,,,,,,,,,,,,,,,,,,140.2,12,,,,,,,,,,,,,,,,,,
2026-07-07T21:02:29.844446+00:00,2026-07-07T21:02:29.844344,1,2,139.65,0.5,139.4,150,,,,,,,,,,,,,,,,,,,139.9,150,140.2,12,,,,,,,,,,,,,,,,
2026-07-07T21:02:29.849598+00:00,2026-07-07T21:02:29.849514,2,2,139.7,0.4,139.5,100,139.4,150,,,,,,,,,,,,,,,,,139.9,150,140.2,12,,,,,,,,,,,,,,,,
2026-07-07T21:02:29.902608+00:00,2026-07-07T21:02:29.902507,2,3,139.7,0.4,139.5,100,139.4,150,,,,,,,,,,,,,,,,,139.9,150,140.0,100,140.2,12,,,,,,,,,,,,,,
2026-07-07T21:02:29.928148+00:00,2026-07-07T21:02:29.928287,2,2,139.7,0.4,139.5,100,139.4,150,,,,,,,,,,,,,,,,,139.9,100,140.0,100,,,,,,,,,,,,,,,,
2026-07-07T21:02:29.933516+00:00,2026-07-07T21:02:29.933431,2,3,139.7,0.4,139.5,100,139.4,150,,,,,,,,,,,,,,,,,139.9,100,140.0,100,140.3,12,,,,,,,,,,,,,,
2026-07-07T21:02:31.209868+00:00,2026-07-07T21:02:31.209737,2,2,139.7,0.4,139.5,100,139.4,150,,,,,,,,,,,,,,,,,139.9,100,140.0,100,,,,,,,,,,,,,,,,
2026-07-07T21:02:31.214946+00:00,2026-07-07T21:02:31.214917,2,3,139.7,0.4,139.5,100,139.4,150,,,,,,,,,,,,,,,,,139.9,100,140.0,100,140.2,12,,,,,,,,,,,,,,
2026-07-07T21:02:31.652890+00:00,2026-07-07T21:02:31.653020,2,3,139.7,0.4,139.5,100,139.4,150,,,,,,,,,,,,,,,,,139.9,60,140.0,100,140.2,12,,,,,,,,,,,,,,
2026-07-07T21:02:32.051926+00:00,2026-07-07T21:02:32.052731,2,3,139.7,0.4,139.5,100,139.4,150,,,,,,,,,,,,,,,,,139.9,10,140.0,100,140.2,12,,,,,,,,,,,,,,
2026-07-07T21:02:32.148820+00:00,2026-07-07T21:02:32.148711,2,3,139.7,0.4,139.5,53,139.4,150,,,,,,,,,,,,,,,,,139.9,10,140.0,100,140.2,12,,,,,,,,,,,,,,
2026-07-07T21:02:32.903580+00:00,2026-07-07T21:02:32.903467,1,2,139.75,0.5,139.5,53,,,,,,,,,,,,,,,,,,,140.0,100,140.2,12,,,,,,,,,,,,,,,,
2026-07-07T21:02:32.968366+00:00,2026-07-07T21:02:32.963849,1,0,,,139.8,138,,,,,,,,,,,,,,,,,,,,,,,,,,,,,,,,,,,,,,
2026-07-07T21:02:32.983625+00:00,2026-07-07T21:02:32.983768,1,1,140.0,0.4,139.8,138,,,,,,,,,,,,,,,,,,,140.2,12,,,,,,,,,,,,,,,,,,
2026-07-07T21:02:33.011672+00:00,2026-07-07T21:02:33.011632,2,2,140.0,0.4,139.8,138,139.3,100,,,,,,,,,,,,,,,,,140.2,12,140.3,150,,,,,,,,,,,,,,,,
2026-07-07T21:02:33.072195+00:00,2026-07-07T21:02:33.072065,2,2,140.0,0.4,139.8,38,139.3,100,,,,,,,,,,,,,,,,,140.2,12,140.3,150,,,,,,,,,,,,,,,,
2026-07-07T21:02:33.608203+00:00,2026-07-07T21:02:33.608171,1,2,139.75,0.9,139.3,98,,,,,,,,,,,,,,,,,,,140.2,12,140.3,150,,,,,,,,,,,,,,,,
2026-07-07T21:02:33.733569+00:00,2026-07-07T21:02:33.733477,1,1,139.8,1.0,139.3,98,,,,,,,,,,,,,,,,,,,140.3,162,,,,,,,,,,,,,,,,,,
2026-07-07T21:02:34.168737+00:00,2026-07-07T21:02:34.168677,1,1,139.8,1.0,139.3,98,,,,,,,,,,,,,,,,,,,140.3,112,,,,,,,,,,,,,,,,,,
2026-07-07T21:02:34.742331+00:00,2026-07-07T21:02:34.742227,1,2,139.8,1.0,139.3,98,,,,,,,,,,,,,,,,,,,140.3,100,140.5,12,,,,,,,,,,,,,,,,
2026-07-07T21:02:35.000034+00:00,2026-07-07T21:02:35.000003,1,2,139.8,1.0,139.3,98,,,,,,,,,,,,,,,,,,,140.3,100,140.6,12,,,,,,,,,,,,,,,,
2026-07-07T21:02:36.072505+00:00,2026-07-07T21:02:36.072476,1,1,139.95,1.3,139.3,98,,,,,,,,,,,,,,,,,,,140.6,12,,,,,,,,,,,,,,,,,,
2026-07-07T21:02:36.126119+00:00,2026-07-07T21:02:36.126030,1,1,140.15,0.9,139.7,150,,,,,,,,,,,,,,,,,,,140.6,12,,,,,,,,,,,,,,,,,,
2026-07-07T21:02:36.182598+00:00,2026-07-07T21:02:36.182503,2,2,140.05,0.3,139.9,100,139.7,150,,,,,,,,,,,,,,,,,140.2,150,140.6,12,,,,,,,,,,,,,,,,
2026-07-07T21:02:36.235371+00:00,2026-07-07T21:02:36.235513,2,3,140.05,0.3,139.9,100,139.7,150,,,,,,,,,,,,,,,,,140.2,150,140.4,100,140.6,12,,,,,,,,,,,,,,
2026-07-07T21:02:36.264021+00:00,2026-07-07T21:02:36.263892,2,3,140.05,0.3,139.9,100,139.7,150,,,,,,,,,,,,,,,,,140.2,150,140.4,100,140.6,12,,,,,,,,,,,,,,
2026-07-07T21:02:36.277150+00:00,2026-07-07T21:02:36.277020,2,3,140.05,0.3,139.9,100,139.7,150,,,,,,,,,,,,,,,,,140.2,100,140.4,100,140.6,12,,,,,,,,,,,,,,
2026-07-07T21:02:38.287628+00:00,2026-07-07T21:02:38.287562,2,3,140.05,0.3,139.9,100,139.7,150,,,,,,,,,,,,,,,,,140.2,54,140.4,100,140.6,12,,,,,,,,,,,,,,
2026-07-07T21:02:38.382760+00:00,2026-07-07T21:02:38.382639,2,3,140.05,0.3,139.9,100,139.7,150,,,,,,,,,,,,,,,,,140.2,4,140.4,100,140.6,12,,,,,,,,,,,,,,
2026-07-07T21:02:39.206028+00:00,2026-07-07T21:02:39.206001,2,2,140.15,0.5,139.9,100,139.7,150,,,,,,,,,,,,,,,,,140.4,100,140.6,12,,,,,,,,,,,,,,,,
2026-07-07T21:02:39.242250+00:00,2026-07-07T21:02:39.242164,1,2,140.15,0.5,139.9,100,,,,,,,,,,,,,,,,,,,140.4,100,140.6,12,,,,,,,,,,,,,,,,
2026-07-07T21:02:39.252425+00:00,2026-07-07T21:02:39.252609,1,2,140.15,0.5,139.9,55,,,,,,,,,,,,,,,,,,,140.4,100,140.6,12,,,,,,,,,,,,,,,,
2026-07-07T21:02:39.293102+00:00,2026-07-07T21:02:39.293225,0,1,,,,,,,,,,,,,,,,,,,,,,,140.6,12,,,,,,,,,,,,,,,,,,
2026-07-07T21:02:39.309706+00:00,2026-07-07T21:02:39.302796,1,1,140.5,0.2,140.4,116,,,,,,,,,,,,,,,,,,,140.6,12,,,,,,,,,,,,,,,,,,
2026-07-07T21:02:39.351158+00:00,2026-07-07T21:02:39.351137,2,2,140.5,0.2,140.4,116,139.8,100,,,,,,,,,,,,,,,,,140.6,12,140.9,150,,,,,,,,,,,,,,,,
2026-07-07T21:02:39.409198+00:00,2026-07-07T21:02:39.409063,2,2,140.5,0.2,140.4,16,139.8,100,,,,,,,,,,,,,,,,,140.6,12,140.9,150,,,,,,,,,,,,,,,,
2026-07-07T21:02:39.523174+00:00,2026-07-07T21:02:39.523316,2,2,140.5,0.2,140.4,16,139.8,100,,,,,,,,,,,,,,,,,140.6,12,140.9,150,,,,,,,,,,,,,,,,
2026-07-07T21:02:39.834183+00:00,2026-07-07T21:02:39.834050,2,1,140.65,0.5,140.4,16,139.8,100,,,,,,,,,,,,,,,,,140.9,150,,,,,,,,,,,,,,,,,,
2026-07-07T21:02:40.029201+00:00,2026-07-07T21:02:40.029072,3,1,140.65,0.5,140.4,16,140.2,12,139.8,100,,,,,,,,,,,,,,,140.9,150,,,,,,,,,,,,,,,,,,
2026-07-07T21:02:40.034183+00:00,2026-07-07T21:02:40.034272,3,2,140.6,0.4,140.4,16,140.2,12,139.8,100,,,,,,,,,,,,,,,140.8,12,140.9,150,,,,,,,,,,,,,,,,
2026-07-07T21:02:40.487767+00:00,2026-07-07T21:02:40.487908,3,1,140.65,0.5,140.4,16,140.2,12,139.8,100,,,,,,,,,,,,,,,140.9,112,,,,,,,,,,,,,,,,,,
2026-07-07T21:02:41.049737+00:00,2026-07-07T21:02:41.043175,3,1,140.65,0.5,140.4,13,140.2,12,139.8,100,,,,,,,,,,,,,,,140.9,112,,,,,,,,,,,,,,,,,,
2026-07-07T21:02:41.379769+00:00,2026-07-07T21:02:41.379697,1,1,140.35,1.1,139.8,81,,,,,,,,,,,,,,,,,,,140.9,112,,,,,,,,,,,,,,,,,,
2026-07-07T21:02:41.550176+00:00,2026-07-07T21:02:41.550108,2,2,140.35,0.9,139.9,12,139.8,81,,,,,,,,,,,,,,,,,140.8,12,140.9,112,,,,,,,,,,,,,,,,
2026-07-07T21:02:42.406206+00:00,2026-07-07T21:02:42.406101,2,1,140.35,0.9,139.9,12,139.8,81,,,,,,,,,,,,,,,,,140.8,12,,,,,,,,,,,,,,,,,,
2026-07-07T21:02:42.458639+00:00,2026-07-07T21:02:42.455239,1,1,140.35,0.9,139.9,162,,,,,,,,,,,,,,,,,,,140.8,12,,,,,,,,,,,,,,,,,,
2026-07-07T21:02:42.514374+00:00,2026-07-07T21:02:42.514307,1,2,140.15,0.5,139.9,162,,,,,,,,,,,,,,,,,,,140.4,150,140.8,12,,,,,,,,,,,,,,,,
2026-07-07T21:02:42.519544+00:00,2026-07-07T21:02:42.519460,2,2,140.2,0.4,140.0,100,139.9,162,,,,,,,,,,,,,,,,,140.4,150,140.8,12,,,,,,,,,,,,,,,,
2026-07-07T21:02:42.564497+00:00,2026-07-07T21:02:42.564402,2,1,140.2,0.4,140.0,100,139.9,150,,,,,,,,,,,,,,,,,140.4,150,,,,,,,,,,,,,,,,,,
2026-07-07T21:02:42.574887+00:00,2026-07-07T21:02:42.574773,3,2,140.25,0.3,140.1,12,140.0,100,139.9,150,,,,,,,,,,,,,,,140.4,150,140.5,100,,,,,,,,,,,,,,,,
2026-07-07T21:02:42.580058+00:00,2026-07-07T21:02:42.579950,3,3,140.25,0.3,140.1,12,140.0,100,139.9,150,,,,,,,,,,,,,,,140.4,150,140.5,100,140.6,12,,,,,,,,,,,,,,
2026-07-07T21:02:42.600778+00:00,2026-07-07T21:02:42.600674,3,3,140.25,0.3,140.1,12,140.0,100,139.9,150,,,,,,,,,,,,,,,140.4,100,140.5,100,140.6,12,,,,,,,,,,,,,,
2026-07-07T21:02:44.089876+00:00,2026-07-07T21:02:44.089769,2,2,140.2,0.4,140.0,100,139.9,150,,,,,,,,,,,,,,,,,140.4,100,140.5,100,,,,,,,,,,,,,,,,
2026-07-07T21:02:44.095039+00:00,2026-07-07T21:02:44.094966,3,2,140.25,0.3,140.1,12,140.0,100,139.9,150,,,,,,,,,,,,,,,140.4,100,140.5,112,,,,,,,,,,,,,,,,
2026-07-07T21:02:44.708268+00:00,2026-07-07T21:02:44.708237,3,2,140.25,0.3,140.1,12,140.0,100,139.9,150,,,,,,,,,,,,,,,140.4,50,140.5,112,,,,,,,,,,,,,,,,
2026-07-07T21:02:45.565423+00:00,2026-07-07T21:02:45.565280,3,1,140.3,0.4,140.1,12,140.0,100,139.9,150,,,,,,,,,,,,,,,140.5,112,,,,,,,,,,,,,,,,,,
2026-07-07T21:02:45.570505+00:00,2026-07-07T21:02:45.570436,2,1,140.3,0.4,140.1,12,140.0,100,,,,,,,,,,,,,,,,,140.5,112,,,,,,,,,,,,,,,,,,
2026-07-07T21:02:45.621118+00:00,2026-07-07T21:02:45.620974,3,1,140.35,0.3,140.2,150,140.1,12,140.0,100,,,,,,,,,,,,,,,140.5,112,,,,,,,,,,,,,,,,,,
2026-07-07T21:02:45.626238+00:00,2026-07-07T21:02:45.626161,2,1,140.35,0.3,140.2,150,140.1,12,,,,,,,,,,,,,,,,,140.5,12,,,,,,,,,,,,,,,,,,
2026-07-07T21:02:45.673949+00:00,2026-07-07T21:02:45.673916,2,2,140.35,0.3,140.2,150,140.1,12,,,,,,,,,,,,,,,,,140.5,12,140.7,150,,,,,,,,,,,,,,,,
2026-07-07T21:02:45.679136+00:00,2026-07-07T21:02:45.679069,3,2,140.35,0.3,140.2,150,140.1,12,139.9,100,,,,,,,,,,,,,,,140.5,12,140.7,150,,,,,,,,,,,,,,,,
2026-07-07T21:02:45.732353+00:00,2026-07-07T21:02:45.732251,3,3,140.3,0.2,140.2,150,140.1,12,139.9,100,,,,,,,,,,,,,,,140.4,100,140.5,12,140.7,150,,,,,,,,,,,,,,
2026-07-07T21:02:46.138092+00:00,2026-07-07T21:02:46.137955,3,3,140.3,0.2,140.2,150,140.1,12,139.9,100,,,,,,,,,,,,,,,140.4,57,140.5,12,140.7,150,,,,,,,,,,,,,,
2026-07-07T21:02:46.817081+00:00,2026-07-07T21:02:46.817015,3,3,140.3,0.2,140.2,150,140.1,12,139.9,100,,,,,,,,,,,,,,,140.4,7,140.5,12,140.7,150,,,,,,,,,,,,,,
2026-07-07T21:02:47.855897+00:00,2026-07-07T21:02:47.857875,2,2,140.3,0.2,140.2,150,139.9,112,,,,,,,,,,,,,,,,,140.4,7,140.7,150,,,,,,,,,,,,,,,,
2026-07-07T21:02:47.871012+00:00,2026-07-07T21:02:47.870946,2,3,140.25,0.1,140.2,150,139.9,112,,,,,,,,,,,,,,,,,140.3,12,140.4,7,140.7,150,,,,,,,,,,,,,,
2026-07-07T21:02:48.375622+00:00,2026-07-07T21:02:48.375535,2,2,140.3,0.2,140.2,150,139.9,100,,,,,,,,,,,,,,,,,140.4,7,140.7,150,,,,,,,,,,,,,,,,
2026-07-07T21:02:48.380780+00:00,2026-07-07T21:02:48.380712,3,2,140.3,0.2,140.2,150,139.9,100,139.8,12,,,,,,,,,,,,,,,140.4,7,140.7,150,,,,,,,,,,,,,,,,
2026-07-07T21:02:48.386071+00:00,2026-07-07T21:02:48.385941,3,2,140.3,0.2,140.2,138,139.9,100,139.8,12,,,,,,,,,,,,,,,140.4,7,140.7,150,,,,,,,,,,,,,,,,
2026-07-07T21:02:48.729268+00:00,2026-07-07T21:02:48.729113,2,1,140.15,0.5,139.9,100,139.8,12,,,,,,,,,,,,,,,,,140.4,7,,,,,,,,,,,,,,,,,,
2026-07-07T21:02:48.784675+00:00,2026-07-07T21:02:48.784594,2,1,140.15,0.5,139.9,250,139.8,12,,,,,,,,,,,,,,,,,140.4,7,,,,,,,,,,,,,,,,,,
2026-07-07T21:02:48.789838+00:00,2026-07-07T21:02:48.789772,2,0,,,139.9,150,139.8,12,,,,,,,,,,,,,,,,,,,,,,,,,,,,,,,,,,,,
2026-07-07T21:02:48.838827+00:00,2026-07-07T21:02:48.838780,2,1,140.1,0.4,139.9,150,139.8,12,,,,,,,,,,,,,,,,,140.3,150,,,,,,,,,,,,,,,,,,
2026-07-07T21:02:48.844173+00:00,2026-07-07T21:02:48.844048,2,1,140.1,0.4,139.9,250,139.8,12,,,,,,,,,,,,,,,,,140.3,150,,,,,,,,,,,,,,,,,,
2026-07-07T21:02:48.895917+00:00,2026-07-07T21:02:48.895868,2,2,140.1,0.4,139.9,250,139.8,12,,,,,,,,,,,,,,,,,140.3,150,140.4,100,,,,,,,,,,,,,,,,
2026-07-07T21:02:48.922028+00:00,2026-07-07T21:02:48.921899,2,2,140.1,0.4,139.9,250,139.8,12,,,,,,,,,,,,,,,,,140.3,100,140.4,100,,,,,,,,,,,,,,,,
2026-07-07T21:02:49.298272+00:00,2026-07-07T21:02:49.298235,2,2,140.1,0.4,139.9,208,139.8,12,,,,,,,,,,,,,,,,,140.3,100,140.4,100,,,,,,,,,,,,,,,,
2026-07-07T21:02:51.892926+00:00,2026-07-07T21:02:51.892760,2,1,140.15,0.5,139.9,100,139.8,12,,,,,,,,,,,,,,,,,140.4,100,,,,,,,,,,,,,,,,,,
2026-07-07T21:02:51.945731+00:00,2026-07-07T21:02:51.945848,2,1,140.15,0.5,139.9,100,139.8,162,,,,,,,,,,,,,,,,,140.4,100,,,,,,,,,,,,,,,,,,
2026-07-07T21:02:51.950947+00:00,2026-07-07T21:02:51.951053,1,0,,,139.8,162,,,,,,,,,,,,,,,,,,,,,,,,,,,,,,,,,,,,,,
2026-07-07T21:02:51.993872+00:00,2026-07-07T21:02:51.993769,1,1,140.05,0.5,139.8,162,,,,,,,,,,,,,,,,,,,140.3,150,,,,,,,,,,,,,,,,,,
2026-07-07T21:02:52.002781+00:00,2026-07-07T21:02:52.002687,1,1,140.05,0.5,139.8,262,,,,,,,,,,,,,,,,,,,140.3,150,,,,,,,,,,,,,,,,,,
2026-07-07T21:02:52.058609+00:00,2026-07-07T21:02:52.056661,1,1,140.05,0.5,139.8,262,,,,,,,,,,,,,,,,,,,140.3,250,,,,,,,,,,,,,,,,,,
2026-07-07T21:02:53.191454+00:00,2026-07-07T21:02:53.191376,1,1,140.05,0.5,139.8,212,,,,,,,,,,,,,,,,,,,140.3,250,,,,,,,,,,,,,,,,,,
2026-07-07T21:02:54.051828+00:00,2026-07-07T21:02:54.051988,2,2,140.0,0.4,139.8,212,139.6,12,,,,,,,,,,,,,,,,,140.2,12,140.3,250,,,,,,,,,,,,,,,,
2026-07-07T21:02:54.419623+00:00,2026-07-07T21:02:54.419427,2,2,140.0,0.4,139.8,171,139.6,12,,,,,,,,,,,,,,,,,140.2,12,140.3,250,,,,,,,,,,,,,,,,
2026-07-07T21:02:54.829985+00:00,2026-07-07T21:02:54.829921,1,2,140.0,0.4,139.8,171,,,,,,,,,,,,,,,,,,,140.2,12,140.3,250,,,,,,,,,,,,,,,,
2026-07-07T21:02:54.835208+00:00,2026-07-07T21:02:54.835097,1,1,140.05,0.5,139.8,171,,,,,,,,,,,,,,,,,,,140.3,250,,,,,,,,,,,,,,,,,,
2026-07-07T21:02:54.840366+00:00,2026-07-07T21:02:54.840274,2,2,139.95,0.3,139.8,171,139.7,12,,,,,,,,,,,,,,,,,140.1,12,140.3,250,,,,,,,,,,,,,,,,
2026-07-07T21:02:55.054494+00:00,2026-07-07T21:02:55.054639,2,2,139.95,0.3,139.8,100,139.7,12,,,,,,,,,,,,,,,,,140.1,12,140.3,100,,,,,,,,,,,,,,,,
2026-07-07T21:02:55.110813+00:00,2026-07-07T21:02:55.110973,3,1,139.95,0.3,139.8,100,139.7,12,139.6,150,,,,,,,,,,,,,,,140.1,12,,,,,,,,,,,,,,,,,,
2026-07-07T21:02:55.116066+00:00,2026-07-07T21:02:55.116138,2,1,139.9,0.4,139.7,12,139.6,150,,,,,,,,,,,,,,,,,140.1,12,,,,,,,,,,,,,,,,,,
2026-07-07T21:02:55.161014+00:00,2026-07-07T21:02:55.160923,2,1,139.9,0.4,139.7,12,139.6,150,,,,,,,,,,,,,,,,,140.1,162,,,,,,,,,,,,,,,,,,
2026-07-07T21:02:55.171322+00:00,2026-07-07T21:02:55.171253,3,1,140.0,0.2,139.9,100,139.7,12,139.6,150,,,,,,,,,,,,,,,140.1,162,,,,,,,,,,,,,,,,,,
2026-07-07T21:02:55.220019+00:00,2026-07-07T21:02:55.219900,3,2,140.0,0.2,139.9,100,139.7,12,139.6,150,,,,,,,,,,,,,,,140.1,162,140.4,100,,,,,,,,,,,,,,,,
2026-07-07T21:02:55.297386+00:00,2026-07-07T21:02:55.297240,3,2,140.0,0.2,139.9,50,139.7,12,139.6,150,,,,,,,,,,,,,,,140.1,162,140.4,100,,,,,,,,,,,,,,,,
2026-07-07T21:02:55.347647+00:00,2026-07-07T21:02:55.347582,2,2,140.0,0.2,139.9,50,139.6,150,,,,,,,,,,,,,,,,,140.1,150,140.4,100,,,,,,,,,,,,,,,,
2026-07-07T21:02:55.358600+00:00,2026-07-07T21:02:55.352760,3,3,139.95,0.1,139.9,50,139.7,12,139.6,150,,,,,,,,,,,,,,,140.0,12,140.1,150,140.4,100,,,,,,,,,,,,,,
2026-07-07T21:02:55.858194+00:00,2026-07-07T21:02:55.858506,2,2,140.0,0.2,139.9,50,139.6,150,,,,,,,,,,,,,,,,,140.1,150,140.4,100,,,,,,,,,,,,,,,,
2026-07-07T21:02:55.870750+00:00,2026-07-07T21:02:55.870660,2,3,140.0,0.2,139.9,62,139.6,150,,,,,,,,,,,,,,,,,140.1,150,140.2,12,140.4,100,,,,,,,,,,,,,,
2026-07-07T21:02:57.405370+00:00,2026-07-07T21:02:57.405337,2,3,140.0,0.2,139.9,12,139.6,150,,,,,,,,,,,,,,,,,140.1,150,140.2,12,140.4,100,,,,,,,,,,,,,,
2026-07-07T21:02:58.218170+00:00,2026-07-07T21:02:58.218308,1,2,140.05,0.3,139.9,12,,,,,,,,,,,,,,,,,,,140.2,12,140.4,100,,,,,,,,,,,,,,,,
2026-07-07T21:02:58.274900+00:00,2026-07-07T21:02:58.274806,2,2,140.05,0.3,139.9,12,139.7,150,,,,,,,,,,,,,,,,,140.2,12,140.4,100,,,,,,,,,,,,,,,,
2026-07-07T21:02:58.280187+00:00,2026-07-07T21:02:58.280010,2,1,140.05,0.3,139.9,12,139.7,150,,,,,,,,,,,,,,,,,140.2,12,,,,,,,,,,,,,,,,,,
2026-07-07T21:02:58.326994+00:00,2026-07-07T21:02:58.327121,2,1,140.05,0.3,139.9,12,139.7,150,,,,,,,,,,,,,,,,,140.2,162,,,,,,,,,,,,,,,,,,
2026-07-07T21:02:58.332302+00:00,2026-07-07T21:02:58.332267,2,1,140.05,0.3,139.9,12,139.7,250,,,,,,,,,,,,,,,,,140.2,162,,,,,,,,,,,,,,,,,,
2026-07-07T21:02:58.386216+00:00,2026-07-07T21:02:58.386165,2,1,140.05,0.3,139.9,12,139.7,250,,,,,,,,,,,,,,,,,140.2,262,,,,,,,,,,,,,,,,,,
2026-07-07T21:02:58.631411+00:00,2026-07-07T21:02:58.631349,2,1,140.05,0.3,139.9,12,139.7,250,,,,,,,,,,,,,,,,,140.2,220,,,,,,,,,,,,,,,,,,
2026-07-07T21:02:59.517071+00:00,2026-07-07T21:02:59.516963,1,1,139.95,0.5,139.7,212,,,,,,,,,,,,,,,,,,,140.2,220,,,,,,,,,,,,,,,,,,
2026-07-07T21:03:01.150791+00:00,2026-07-07T21:03:01.150761,1,2,139.9,0.4,139.7,224,,,,,,,,,,,,,,,,,,,140.1,12,140.2,220,,,,,,,,,,,,,,,,
2026-07-07T21:03:01.383492+00:00,2026-07-07T21:03:01.383443,1,2,139.9,0.4,139.7,112,,,,,,,,,,,,,,,,,,,140.1,12,140.2,100,,,,,,,,,,,,,,,,
2026-07-07T21:03:01.437099+00:00,2026-07-07T21:03:01.437074,2,2,139.9,0.4,139.7,112,139.5,150,,,,,,,,,,,,,,,,,140.1,12,140.2,100,,,,,,,,,,,,,,,,
2026-07-07T21:03:01.442350+00:00,2026-07-07T21:03:01.442247,2,1,139.9,0.4,139.7,12,139.5,150,,,,,,,,,,,,,,,,,140.1,12,,,,,,,,,,,,,,,,,,
2026-07-07T21:03:01.493078+00:00,2026-07-07T21:03:01.493013,2,2,139.85,0.3,139.7,12,139.5,150,,,,,,,,,,,,,,,,,140.0,150,140.1,12,,,,,,,,,,,,,,,,
2026-07-07T21:03:01.498085+00:00,2026-07-07T21:03:01.498169,2,2,139.85,0.3,139.7,12,139.5,250,,,,,,,,,,,,,,,,,140.0,150,140.1,12,,,,,,,,,,,,,,,,
2026-07-07T21:03:01.547143+00:00,2026-07-07T21:03:01.547082,2,2,139.85,0.3,139.7,12,139.5,250,,,,,,,,,,,,,,,,,140.0,250,140.1,12,,,,,,,,,,,,,,,,
2026-07-07T21:03:01.624080+00:00,2026-07-07T21:03:01.624009,1,2,139.75,0.5,139.5,212,,,,,,,,,,,,,,,,,,,140.0,250,140.1,12,,,,,,,,,,,,,,,,
2026-07-07T21:03:01.653530+00:00,2026-07-07T21:03:01.653442,1,1,139.75,0.5,139.5,212,,,,,,,,,,,,,,,,,,,140.0,250,,,,,,,,,,,,,,,,,,
2026-07-07T21:03:01.658504+00:00,2026-07-07T21:03:01.658591,1,1,139.75,0.5,139.5,212,,,,,,,,,,,,,,,,,,,140.0,262,,,,,,,,,,,,,,,,,,
2026-07-07T21:03:02.532587+00:00,2026-07-07T21:03:02.532782,1,1,139.75,0.5,139.5,212,,,,,,,,,,,,,,,,,,,140.0,214,,,,,,,,,,,,,,,,,,
