recv_time,book_timestamp,n_bids,n_asks,mid,spread,bid_px_0,bid_vol_0,bid_px_1,bid_vol_1,bid_px_2,bid_vol_2,bid_px_3,bid_vol_3,bid_px_4,bid_vol_4,bid_px_5,bid_vol_5,bid_px_6,bid_vol_6,bid_px_7,bid_vol_7,bid_px_8,bid_vol_8,bid_px_9,bid_vol_9,ask_px_0,ask_vol_0,ask_px_1,ask_vol_1,ask_px_2,ask_vol_2,ask_px_3,ask_vol_3,ask_px_4,ask_vol_4,ask_px_5,ask_vol_5,ask_px_6,ask_vol_6,ask_px_7,ask_vol_7,ask_px_8,ask_vol_8,ask_px_9,ask_vol_9
2026-07-02T14:27:09.574135+00:00,2026-07-02T14:27:09.553907,2,3,114.95,0.3,114.8,100,114.6,150,,,,,,,,,,,,,,,,,115.1,141,115.2,5,115.3,100,,,,,,,,,,,,,,
2026-07-02T14:27:10.095033+00:00,2026-07-02T14:27:10.064213,2,3,114.95,0.3,114.8,100,114.6,150,,,,,,,,,,,,,,,,,115.1,93,115.2,5,115.3,100,,,,,,,,,,,,,,
2026-07-02T14:27:11.233557+00:00,2026-07-02T14:27:11.224388,2,3,114.95,0.3,114.8,100,114.6,150,,,,,,,,,,,,,,,,,115.1,43,115.2,5,115.3,100,,,,,,,,,,,,,,
2026-07-02T14:27:11.519486+00:00,2026-07-02T14:27:11.519437,2,2,115.0,0.4,114.8,100,114.6,150,,,,,,,,,,,,,,,,,115.2,5,115.3,100,,,,,,,,,,,,,,,,
2026-07-02T14:27:11.524724+00:00,2026-07-02T14:27:11.524586,1,2,115.0,0.4,114.8,100,,,,,,,,,,,,,,,,,,,115.2,5,115.3,100,,,,,,,,,,,,,,,,
2026-07-02T14:27:11.580468+00:00,2026-07-02T14:27:11.580334,2,0,,,115.3,45,114.8,100,,,,,,,,,,,,,,,,,,,,,,,,,,,,,,,,,,,,
2026-07-02T14:27:11.696410+00:00,2026-07-02T14:27:11.643520,2,1,115.55,0.5,115.3,45,114.8,100,,,,,,,,,,,,,,,,,115.8,150,,,,,,,,,,,,,,,,,,
2026-07-02T14:27:11.750054+00:00,2026-07-02T14:27:11.750020,2,1,115.55,0.5,115.3,44,114.8,100,,,,,,,,,,,,,,,,,115.8,150,,,,,,,,,,,,,,,,,,
2026-07-02T14:27:11.886478+00:00,2026-07-02T14:27:11.886344,2,1,115.55,0.5,115.3,40,114.8,100,,,,,,,,,,,,,,,,,115.8,150,,,,,,,,,,,,,,,,,,
2026-07-02T14:27:12.545402+00:00,2026-07-02T14:27:12.545367,1,1,115.55,0.5,115.3,40,,,,,,,,,,,,,,,,,,,115.8,150,,,,,,,,,,,,,,,,,,
2026-07-02T14:27:12.601511+00:00,2026-07-02T14:27:12.601395,1,1,115.55,0.5,115.3,140,,,,,,,,,,,,,,,,,,,115.8,150,,,,,,,,,,,,,,,,,,
2026-07-02T14:27:12.658575+00:00,2026-07-02T14:27:12.654155,1,1,115.55,0.5,115.3,140,,,,,,,,,,,,,,,,,,,115.8,250,,,,,,,,,,,,,,,,,,
2026-07-02T14:27:12.891643+00:00,2026-07-02T14:27:12.891487,1,1,115.55,0.5,115.3,136,,,,,,,,,,,,,,,,,,,115.8,250,,,,,,,,,,,,,,,,,,
2026-07-02T14:27:12.946124+00:00,2026-07-02T14:27:12.946012,1,1,115.55,0.5,115.3,136,,,,,,,,,,,,,,,,,,,115.8,249,,,,,,,,,,,,,,,,,,
2026-07-02T14:27:13.330489+00:00,2026-07-02T14:27:13.330602,1,1,115.55,0.5,115.3,136,,,,,,,,,,,,,,,,,,,115.8,199,,,,,,,,,,,,,,,,,,
2026-07-02T14:27:14.048891+00:00,2026-07-02T14:27:14.048737,1,1,115.55,0.5,115.3,132,,,,,,,,,,,,,,,,,,,115.8,199,,,,,,,,,,,,,,,,,,
2026-07-02T14:27:14.123302+00:00,2026-07-02T14:27:14.117464,1,1,115.55,0.5,115.3,93,,,,,,,,,,,,,,,,,,,115.8,199,,,,,,,,,,,,,,,,,,
2026-07-02T14:27:14.327873+00:00,2026-07-02T14:27:14.327751,1,1,115.55,0.5,115.3,68,,,,,,,,,,,,,,,,,,,115.8,199,,,,,,,,,,,,,,,,,,
2026-07-02T14:27:14.477482+00:00,2026-07-02T14:27:14.477445,1,1,115.55,0.5,115.3,64,,,,,,,,,,,,,,,,,,,115.8,199,,,,,,,,,,,,,,,,,,
2026-07-02T14:27:14.536913+00:00,2026-07-02T14:27:14.537022,1,1,115.55,0.5,115.3,39,,,,,,,,,,,,,,,,,,,115.8,199,,,,,,,,,,,,,,,,,,
2026-07-02T14:27:14.706025+00:00,2026-07-02T14:27:14.705984,1,1,115.55,0.5,115.3,39,,,,,,,,,,,,,,,,,,,115.8,100,,,,,,,,,,,,,,,,,,
2026-07-02T14:27:14.744038+00:00,2026-07-02T14:27:14.743982,1,1,115.55,0.5,115.3,14,,,,,,,,,,,,,,,,,,,115.8,100,,,,,,,,,,,,,,,,,,
2026-07-02T14:27:14.759683+00:00,2026-07-02T14:27:14.759618,2,1,115.55,0.5,115.3,14,114.7,150,,,,,,,,,,,,,,,,,115.8,100,,,,,,,,,,,,,,,,,,
2026-07-02T14:27:14.809238+00:00,2026-07-02T14:27:14.809082,1,2,114.95,0.5,114.7,150,,,,,,,,,,,,,,,,,,,115.2,136,115.8,100,,,,,,,,,,,,,,,,
2026-07-02T14:27:15.294941+00:00,2026-07-02T14:27:15.294919,1,2,114.95,0.5,114.7,107,,,,,,,,,,,,,,,,,,,115.2,136,115.8,100,,,,,,,,,,,,,,,,
2026-07-02T14:27:15.433847+00:00,2026-07-02T14:27:15.427440,1,2,114.95,0.5,114.7,107,,,,,,,,,,,,,,,,,,,115.2,125,115.8,100,,,,,,,,,,,,,,,,
2026-07-02T14:27:15.702405+00:00,2026-07-02T14:27:15.702308,1,1,114.95,0.5,114.7,107,,,,,,,,,,,,,,,,,,,115.2,125,,,,,,,,,,,,,,,,,,
2026-07-02T14:27:15.756923+00:00,2026-07-02T14:27:15.757003,2,1,115.05,0.3,114.9,100,114.7,107,,,,,,,,,,,,,,,,,115.2,125,,,,,,,,,,,,,,,,,,
2026-07-02T14:27:15.813950+00:00,2026-07-02T14:27:15.813877,2,2,115.05,0.3,114.9,100,114.7,107,,,,,,,,,,,,,,,,,115.2,125,115.4,100,,,,,,,,,,,,,,,,
2026-07-02T14:27:15.898839+00:00,2026-07-02T14:27:15.898712,3,3,115.1,0.2,115.0,3,114.9,100,114.7,107,,,,,,,,,,,,,,,115.2,125,115.3,2,115.4,100,,,,,,,,,,,,,,
2026-07-02T14:27:17.439439+00:00,2026-07-02T14:27:17.439261,2,3,115.05,0.3,114.9,58,114.7,107,,,,,,,,,,,,,,,,,115.2,125,115.3,2,115.4,100,,,,,,,,,,,,,,
2026-07-02T14:27:17.606345+00:00,2026-07-02T14:27:17.606256,2,3,115.05,0.3,114.9,8,114.7,107,,,,,,,,,,,,,,,,,115.2,125,115.3,2,115.4,100,,,,,,,,,,,,,,
2026-07-02T14:27:17.758699+00:00,2026-07-02T14:27:17.754136,2,3,115.05,0.3,114.9,8,114.7,107,,,,,,,,,,,,,,,,,115.2,125,115.3,1,115.4,100,,,,,,,,,,,,,,
2026-07-02T14:27:17.855513+00:00,2026-07-02T14:27:17.858329,2,2,115.1,0.4,114.9,8,114.7,107,,,,,,,,,,,,,,,,,115.3,1,115.4,100,,,,,,,,,,,,,,,,
2026-07-02T14:27:17.868110+00:00,2026-07-02T14:27:17.859651,1,2,115.1,0.4,114.9,8,,,,,,,,,,,,,,,,,,,115.3,1,115.4,100,,,,,,,,,,,,,,,,
2026-07-02T14:27:17.919731+00:00,2026-07-02T14:27:17.919915,2,2,115.1,0.4,114.9,8,114.6,150,,,,,,,,,,,,,,,,,115.3,1,115.4,100,,,,,,,,,,,,,,,,
2026-07-02T14:27:17.958298+00:00,2026-07-02T14:27:17.958183,2,2,115.1,0.4,114.9,7,114.6,150,,,,,,,,,,,,,,,,,115.3,1,115.4,100,,,,,,,,,,,,,,,,
2026-07-02T14:27:17.973921+00:00,2026-07-02T14:27:17.973898,2,2,115.0,0.2,114.9,7,114.6,150,,,,,,,,,,,,,,,,,115.1,150,115.4,56,,,,,,,,,,,,,,,,
2026-07-02T14:27:18.158550+00:00,2026-07-02T14:27:18.151423,2,2,115.0,0.2,114.9,7,114.6,150,,,,,,,,,,,,,,,,,115.1,149,115.4,56,,,,,,,,,,,,,,,,
2026-07-02T14:27:18.564415+00:00,2026-07-02T14:27:18.564155,2,2,115.0,0.2,114.9,7,114.6,150,,,,,,,,,,,,,,,,,115.1,104,115.4,56,,,,,,,,,,,,,,,,
2026-07-02T14:27:18.868105+00:00,2026-07-02T14:27:18.868041,1,1,114.85,0.5,114.6,150,,,,,,,,,,,,,,,,,,,115.1,104,,,,,,,,,,,,,,,,,,
2026-07-02T14:27:18.922574+00:00,2026-07-02T14:27:18.922532,1,1,114.85,0.5,114.6,250,,,,,,,,,,,,,,,,,,,115.1,104,,,,,,,,,,,,,,,,,,
2026-07-02T14:27:18.975978+00:00,2026-07-02T14:27:18.976069,1,1,114.85,0.5,114.6,250,,,,,,,,,,,,,,,,,,,115.1,204,,,,,,,,,,,,,,,,,,
2026-07-02T14:27:19.119337+00:00,2026-07-02T14:27:19.119302,2,1,115.05,0.1,115.0,4,114.6,250,,,,,,,,,,,,,,,,,115.1,204,,,,,,,,,,,,,,,,,,
2026-07-02T14:27:19.170044+00:00,2026-07-02T14:27:19.169866,1,1,114.85,0.5,114.6,207,,,,,,,,,,,,,,,,,,,115.1,204,,,,,,,,,,,,,,,,,,
2026-07-02T14:27:19.258574+00:00,2026-07-02T14:27:19.255843,2,1,115.05,0.1,115.0,4,114.6,207,,,,,,,,,,,,,,,,,115.1,204,,,,,,,,,,,,,,,,,,
2026-07-02T14:27:19.368021+00:00,2026-07-02T14:27:19.362161,2,1,115.05,0.1,115.0,4,114.6,207,,,,,,,,,,,,,,,,,115.1,201,,,,,,,,,,,,,,,,,,
2026-07-02T14:27:19.478976+00:00,2026-07-02T14:27:19.478932,2,2,115.05,0.1,115.0,4,114.6,207,,,,,,,,,,,,,,,,,115.1,201,115.3,1,,,,,,,,,,,,,,,,
2026-07-02T14:27:19.658559+00:00,2026-07-02T14:27:19.657155,2,2,115.05,0.1,115.0,4,114.6,207,,,,,,,,,,,,,,,,,115.1,151,115.3,1,,,,,,,,,,,,,,,,
2026-07-02T14:27:19.729419+00:00,2026-07-02T14:27:19.729296,2,2,115.05,0.1,115.0,4,114.6,207,,,,,,,,,,,,,,,,,115.1,108,115.3,1,,,,,,,,,,,,,,,,
2026-07-02T14:27:20.864093+00:00,2026-07-02T14:27:20.863862,1,2,114.85,0.5,114.6,168,,,,,,,,,,,,,,,,,,,115.1,108,115.3,1,,,,,,,,,,,,,,,,
2026-07-02T14:27:20.964217+00:00,2026-07-02T14:27:20.964077,1,1,114.85,0.5,114.6,168,,,,,,,,,,,,,,,,,,,115.1,108,,,,,,,,,,,,,,,,,,
2026-07-02T14:27:21.028606+00:00,2026-07-02T14:27:21.028547,1,1,114.85,0.5,114.6,100,,,,,,,,,,,,,,,,,,,115.1,100,,,,,,,,,,,,,,,,,,
2026-07-02T14:27:21.086785+00:00,2026-07-02T14:27:21.086690,2,1,115.0,0.2,114.9,150,114.6,100,,,,,,,,,,,,,,,,,115.1,100,,,,,,,,,,,,,,,,,,
2026-07-02T14:27:21.136560+00:00,2026-07-02T14:27:21.136474,2,2,115.0,0.2,114.9,150,114.6,100,,,,,,,,,,,,,,,,,115.1,100,115.4,150,,,,,,,,,,,,,,,,
2026-07-02T14:27:21.828139+00:00,2026-07-02T14:27:21.828045,2,2,115.0,0.2,114.9,100,114.6,100,,,,,,,,,,,,,,,,,115.1,100,115.4,150,,,,,,,,,,,,,,,,
2026-07-02T14:27:21.853934+00:00,2026-07-02T14:27:21.854087,2,2,115.0,0.2,114.9,100,114.6,100,,,,,,,,,,,,,,,,,115.1,56,115.4,150,,,,,,,,,,,,,,,,
2026-07-02T14:27:22.029188+00:00,2026-07-02T14:27:22.029059,1,1,115.15,0.5,114.9,100,,,,,,,,,,,,,,,,,,,115.4,150,,,,,,,,,,,,,,,,,,
2026-07-02T14:27:22.084574+00:00,2026-07-02T14:27:22.084686,2,1,115.15,0.5,114.9,100,114.8,100,,,,,,,,,,,,,,,,,115.4,150,,,,,,,,,,,,,,,,,,
2026-07-02T14:27:22.158658+00:00,2026-07-02T14:27:22.155333,2,2,115.1,0.4,114.9,99,114.8,100,,,,,,,,,,,,,,,,,115.3,100,115.4,150,,,,,,,,,,,,,,,,
2026-07-02T14:27:22.508886+00:00,2026-07-02T14:27:22.508836,2,2,115.1,0.4,114.9,104,114.8,100,,,,,,,,,,,,,,,,,115.3,100,115.4,150,,,,,,,,,,,,,,,,
2026-07-02T14:27:23.958570+00:00,2026-07-02T14:27:23.954668,2,2,115.1,0.4,114.9,54,114.8,100,,,,,,,,,,,,,,,,,115.3,100,115.4,150,,,,,,,,,,,,,,,,
2026-07-02T14:27:24.193376+00:00,2026-07-02T14:27:24.193262,2,1,115.1,0.4,114.9,5,114.8,100,,,,,,,,,,,,,,,,,115.3,100,,,,,,,,,,,,,,,,,,
2026-07-02T14:27:24.244335+00:00,2026-07-02T14:27:24.244287,3,1,115.1,0.4,114.9,5,114.8,100,114.4,150,,,,,,,,,,,,,,,115.3,100,,,,,,,,,,,,,,,,,,
2026-07-02T14:27:24.298262+00:00,2026-07-02T14:27:24.298205,2,2,114.85,0.1,114.8,100,114.4,150,,,,,,,,,,,,,,,,,114.9,145,115.3,100,,,,,,,,,,,,,,,,
2026-07-02T14:27:24.368999+00:00,2026-07-02T14:27:24.368835,2,2,114.85,0.1,114.8,100,114.4,150,,,,,,,,,,,,,,,,,114.9,144,115.3,100,,,,,,,,,,,,,,,,
2026-07-02T14:27:24.379550+00:00,2026-07-02T14:27:24.379380,2,2,114.85,0.1,114.8,100,114.4,150,,,,,,,,,,,,,,,,,114.9,119,115.3,100,,,,,,,,,,,,,,,,
2026-07-02T14:27:24.612377+00:00,2026-07-02T14:27:24.612290,2,2,114.85,0.1,114.8,100,114.4,150,,,,,,,,,,,,,,,,,114.9,94,115.3,100,,,,,,,,,,,,,,,,
2026-07-02T14:27:25.210521+00:00,2026-07-02T14:27:25.210655,1,1,114.65,0.5,114.4,150,,,,,,,,,,,,,,,,,,,114.9,94,,,,,,,,,,,,,,,,,,
2026-07-02T14:27:25.268032+00:00,2026-07-02T14:27:25.267960,2,1,114.75,0.3,114.6,100,114.4,150,,,,,,,,,,,,,,,,,114.9,94,,,,,,,,,,,,,,,,,,
2026-07-02T14:27:25.322376+00:00,2026-07-02T14:27:25.322287,2,2,114.75,0.3,114.6,100,114.4,150,,,,,,,,,,,,,,,,,114.9,94,115.1,100,,,,,,,,,,,,,,,,
2026-07-02T14:27:27.368824+00:00,2026-07-02T14:27:27.369050,1,1,114.85,0.5,114.6,100,,,,,,,,,,,,,,,,,,,115.1,100,,,,,,,,,,,,,,,,,,
2026-07-02T14:27:27.458592+00:00,2026-07-02T14:27:27.450791,1,1,114.85,0.5,114.6,250,,,,,,,,,,,,,,,,,,,115.1,250,,,,,,,,,,,,,,,,,,
2026-07-02T14:27:28.082265+00:00,2026-07-02T14:27:28.082177,1,1,114.85,0.5,114.6,201,,,,,,,,,,,,,,,,,,,115.1,250,,,,,,,,,,,,,,,,,,
2026-07-02T14:27:28.121113+00:00,2026-07-02T14:27:28.121051,1,1,114.85,0.5,114.6,201,,,,,,,,,,,,,,,,,,,115.1,200,,,,,,,,,,,,,,,,,,
2026-07-02T14:27:28.375887+00:00,2026-07-02T14:27:28.376067,1,1,114.85,0.5,114.6,150,,,,,,,,,,,,,,,,,,,115.1,150,,,,,,,,,,,,,,,,,,
2026-07-02T14:27:28.431566+00:00,2026-07-02T14:27:28.431678,2,1,114.9,0.4,114.7,100,114.6,150,,,,,,,,,,,,,,,,,115.1,150,,,,,,,,,,,,,,,,,,
2026-07-02T14:27:28.484816+00:00,2026-07-02T14:27:28.484735,2,2,114.9,0.4,114.7,100,114.6,150,,,,,,,,,,,,,,,,,115.1,150,115.2,100,,,,,,,,,,,,,,,,
2026-07-02T14:27:30.169928+00:00,2026-07-02T14:27:30.169800,2,2,114.9,0.4,114.7,99,114.6,150,,,,,,,,,,,,,,,,,115.1,150,115.2,100,,,,,,,,,,,,,,,,
2026-07-02T14:27:30.263870+00:00,2026-07-02T14:27:30.264049,2,2,114.9,0.4,114.7,99,114.6,150,,,,,,,,,,,,,,,,,115.1,100,115.2,100,,,,,,,,,,,,,,,,
2026-07-02T14:27:30.509834+00:00,2026-07-02T14:27:30.509760,2,1,114.95,0.5,114.7,99,114.6,150,,,,,,,,,,,,,,,,,115.2,100,,,,,,,,,,,,,,,,,,
2026-07-02T14:27:30.514943+00:00,2026-07-02T14:27:30.514901,1,1,114.95,0.5,114.7,99,,,,,,,,,,,,,,,,,,,115.2,100,,,,,,,,,,,,,,,,,,
2026-07-02T14:27:30.565027+00:00,2026-07-02T14:27:30.564912,1,1,114.95,0.5,114.7,249,,,,,,,,,,,,,,,,,,,115.2,100,,,,,,,,,,,,,,,,,,
2026-07-02T14:27:30.616037+00:00,2026-07-02T14:27:30.615968,1,1,114.95,0.5,114.7,249,,,,,,,,,,,,,,,,,,,115.2,250,,,,,,,,,,,,,,,,,,
2026-07-02T14:27:31.371140+00:00,2026-07-02T14:27:31.371105,1,1,114.95,0.5,114.7,249,,,,,,,,,,,,,,,,,,,115.2,249,,,,,,,,,,,,,,,,,,
2026-07-02T14:27:31.539562+00:00,2026-07-02T14:27:31.539488,1,1,114.95,0.5,114.7,150,,,,,,,,,,,,,,,,,,,115.2,150,,,,,,,,,,,,,,,,,,
2026-07-02T14:27:31.594566+00:00,2026-07-02T14:27:31.594435,2,1,115.05,0.3,114.9,100,114.7,150,,,,,,,,,,,,,,,,,115.2,150,,,,,,,,,,,,,,,,,,
2026-07-02T14:27:31.652230+00:00,2026-07-02T14:27:31.652354,2,2,115.05,0.3,114.9,100,114.7,150,,,,,,,,,,,,,,,,,115.2,150,115.4,100,,,,,,,,,,,,,,,,
2026-07-02T14:27:32.264608+00:00,2026-07-02T14:27:32.264085,2,2,115.05,0.3,114.9,100,114.7,150,,,,,,,,,,,,,,,,,115.2,104,115.4,100,,,,,,,,,,,,,,,,
2026-07-02T14:27:32.308503+00:00,2026-07-02T14:27:32.358787,2,2,115.05,0.3,114.9,100,114.7,150,,,,,,,,,,,,,,,,,115.2,54,115.4,100,,,,,,,,,,,,,,,,
2026-07-02T14:27:32.569301+00:00,2026-07-02T14:27:32.569165,2,2,115.05,0.3,114.9,99,114.7,150,,,,,,,,,,,,,,,,,115.2,54,115.4,100,,,,,,,,,,,,,,,,
2026-07-02T14:27:32.683898+00:00,2026-07-02T14:27:32.683809,2,2,115.05,0.3,114.9,99,114.7,150,,,,,,,,,,,,,,,,,115.2,59,115.4,100,,,,,,,,,,,,,,,,
2026-07-02T14:27:33.276414+00:00,2026-07-02T14:27:33.276363,2,2,115.05,0.3,114.9,100,114.7,150,,,,,,,,,,,,,,,,,115.2,59,115.4,100,,,,,,,,,,,,,,,,
2026-07-02T14:27:33.597927+00:00,2026-07-02T14:27:33.597810,2,2,115.05,0.3,114.9,99,114.7,150,,,,,,,,,,,,,,,,,115.2,59,115.4,100,,,,,,,,,,,,,,,,
2026-07-02T14:27:33.674309+00:00,2026-07-02T14:27:33.674203,1,2,115.05,0.3,114.9,99,,,,,,,,,,,,,,,,,,,115.2,5,115.4,100,,,,,,,,,,,,,,,,
2026-07-02T14:27:33.739371+00:00,2026-07-02T14:27:33.732651,2,1,115.3,0.2,115.2,131,114.9,99,,,,,,,,,,,,,,,,,115.4,100,,,,,,,,,,,,,,,,,,
2026-07-02T14:27:33.779146+00:00,2026-07-02T14:27:33.779081,2,2,115.3,0.2,115.2,131,114.9,99,,,,,,,,,,,,,,,,,115.4,100,115.7,150,,,,,,,,,,,,,,,,
2026-07-02T14:27:33.833173+00:00,2026-07-02T14:27:33.833112,2,2,115.3,0.2,115.2,106,114.9,99,,,,,,,,,,,,,,,,,115.4,100,115.7,150,,,,,,,,,,,,,,,,
2026-07-02T14:27:34.042875+00:00,2026-07-02T14:27:34.042712,2,2,115.3,0.2,115.2,81,114.9,99,,,,,,,,,,,,,,,,,115.4,100,115.7,150,,,,,,,,,,,,,,,,
2026-07-02T14:27:34.079046+00:00,2026-07-02T14:27:34.079000,2,2,115.3,0.2,115.2,77,114.9,99,,,,,,,,,,,,,,,,,115.4,100,115.7,150,,,,,,,,,,,,,,,,
2026-07-02T14:27:34.258609+00:00,2026-07-02T14:27:34.255183,2,2,115.3,0.2,115.2,52,114.9,99,,,,,,,,,,,,,,,,,115.4,100,115.7,150,,,,,,,,,,,,,,,,
2026-07-02T14:27:34.323176+00:00,2026-07-02T14:27:34.323013,2,2,115.3,0.2,115.2,47,114.9,99,,,,,,,,,,,,,,,,,115.4,100,115.7,150,,,,,,,,,,,,,,,,
2026-07-02T14:27:34.409479+00:00,2026-07-02T14:27:34.409589,2,2,115.3,0.2,115.2,43,114.9,99,,,,,,,,,,,,,,,,,115.4,100,115.7,150,,,,,,,,,,,,,,,,
2026-07-02T14:27:34.466942+00:00,2026-07-02T14:27:34.466757,2,2,115.3,0.2,115.2,18,114.9,99,,,,,,,,,,,,,,,,,115.4,100,115.7,150,,,,,,,,,,,,,,,,
2026-07-02T14:27:34.675333+00:00,2026-07-02T14:27:34.675160,1,2,115.15,0.5,114.9,99,,,,,,,,,,,,,,,,,,,115.4,100,115.7,150,,,,,,,,,,,,,,,,
2026-07-02T14:27:34.708612+00:00,2026-07-02T14:27:34.708503,0,1,,,,,,,,,,,,,,,,,,,,,,,115.7,150,,,,,,,,,,,,,,,,,,
2026-07-02T14:27:34.757543+00:00,2026-07-02T14:27:34.757730,1,1,115.2,1.0,114.7,100,,,,,,,,,,,,,,,,,,,115.7,150,,,,,,,,,,,,,,,,,,
2026-07-02T14:27:34.774262+00:00,2026-07-02T14:27:34.774143,1,1,115.2,1.0,114.7,100,,,,,,,,,,,,,,,,,,,115.7,149,,,,,,,,,,,,,,,,,,
2026-07-02T14:27:34.815866+00:00,2026-07-02T14:27:34.815765,1,2,114.95,0.5,114.7,100,,,,,,,,,,,,,,,,,,,115.2,100,115.7,149,,,,,,,,,,,,,,,,
2026-07-02T14:27:34.969742+00:00,2026-07-02T14:27:34.969703,1,2,114.95,0.5,114.7,99,,,,,,,,,,,,,,,,,,,115.2,100,115.7,149,,,,,,,,,,,,,,,,
2026-07-02T14:27:35.158580+00:00,2026-07-02T14:27:35.150603,1,2,114.95,0.5,114.7,52,,,,,,,,,,,,,,,,,,,115.2,100,115.7,149,,,,,,,,,,,,,,,,
2026-07-02T14:27:35.175015+00:00,2026-07-02T14:27:35.175146,1,2,114.95,0.5,114.7,52,,,,,,,,,,,,,,,,,,,115.2,99,115.7,149,,,,,,,,,,,,,,,,
2026-07-02T14:27:36.559334+00:00,2026-07-02T14:27:36.559088,2,2,115.05,0.3,114.9,3,114.7,52,,,,,,,,,,,,,,,,,115.2,49,115.7,149,,,,,,,,,,,,,,,,
2026-07-02T14:27:36.576754+00:00,2026-07-02T14:27:36.576905,2,2,115.05,0.3,114.9,2,114.7,52,,,,,,,,,,,,,,,,,115.2,49,115.7,149,,,,,,,,,,,,,,,,
2026-07-02T14:27:36.864801+00:00,2026-07-02T14:27:36.864602,1,1,114.95,0.5,114.7,7,,,,,,,,,,,,,,,,,,,115.2,49,,,,,,,,,,,,,,,,,,
2026-07-02T14:27:36.958643+00:00,2026-07-02T14:27:36.882490,2,1,114.95,0.5,114.7,7,114.5,150,,,,,,,,,,,,,,,,,115.2,49,,,,,,,,,,,,,,,,,,
2026-07-02T14:27:36.969320+00:00,2026-07-02T14:27:36.969220,2,2,114.85,0.3,114.7,7,114.5,150,,,,,,,,,,,,,,,,,115.0,150,115.2,49,,,,,,,,,,,,,,,,
2026-07-02T14:27:36.974392+00:00,2026-07-02T14:27:36.974575,2,2,114.85,0.3,114.7,7,114.5,150,,,,,,,,,,,,,,,,,115.0,149,115.2,49,,,,,,,,,,,,,,,,
2026-07-02T14:27:37.158620+00:00,2026-07-02T14:27:37.132573,3,2,114.95,0.1,114.9,3,114.7,7,114.5,150,,,,,,,,,,,,,,,115.0,149,115.2,49,,,,,,,,,,,,,,,,
2026-07-02T14:27:37.466385+00:00,2026-07-02T14:27:37.466580,3,2,114.95,0.1,114.9,3,114.7,7,114.5,150,,,,,,,,,,,,,,,115.0,108,115.2,49,,,,,,,,,,,,,,,,
2026-07-02T14:27:37.879893+00:00,2026-07-02T14:27:37.879849,2,1,114.95,0.1,114.9,3,114.5,150,,,,,,,,,,,,,,,,,115.0,108,,,,,,,,,,,,,,,,,,
2026-07-02T14:27:37.885234+00:00,2026-07-02T14:27:37.885087,2,2,114.95,0.1,114.9,3,114.5,150,,,,,,,,,,,,,,,,,115.0,108,115.2,2,,,,,,,,,,,,,,,,
2026-07-02T14:27:37.939231+00:00,2026-07-02T14:27:37.939147,2,2,114.95,0.1,114.9,3,114.5,250,,,,,,,,,,,,,,,,,115.0,108,115.2,2,,,,,,,,,,,,,,,,
2026-07-02T14:27:37.992097+00:00,2026-07-02T14:27:37.992052,2,2,114.95,0.1,114.9,3,114.5,250,,,,,,,,,,,,,,,,,115.0,208,115.2,2,,,,,,,,,,,,,,,,
2026-07-02T14:27:38.564731+00:00,2026-07-02T14:27:38.564448,2,2,114.95,0.1,114.9,1,114.5,250,,,,,,,,,,,,,,,,,115.0,208,115.2,2,,,,,,,,,,,,,,,,
2026-07-02T14:27:38.577281+00:00,2026-07-02T14:27:38.577148,1,2,114.75,0.5,114.5,250,,,,,,,,,,,,,,,,,,,115.0,208,115.2,2,,,,,,,,,,,,,,,,
2026-07-02T14:27:39.563988+00:00,2026-07-02T14:27:39.563935,1,2,114.75,0.5,114.5,250,,,,,,,,,,,,,,,,,,,115.0,159,115.2,2,,,,,,,,,,,,,,,,
2026-07-02T14:27:40.058771+00:00,2026-07-02T14:27:39.998574,1,2,114.75,0.5,114.5,100,,,,,,,,,,,,,,,,,,,115.0,100,115.2,2,,,,,,,,,,,,,,,,
2026-07-02T14:27:40.064066+00:00,2026-07-02T14:27:40.063861,2,2,114.8,0.4,114.6,150,114.5,100,,,,,,,,,,,,,,,,,115.0,100,115.2,2,,,,,,,,,,,,,,,,
2026-07-02T14:27:40.159056+00:00,2026-07-02T14:27:40.158747,2,3,114.8,0.4,114.6,150,114.5,100,,,,,,,,,,,,,,,,,115.0,100,115.1,150,115.2,2,,,,,,,,,,,,,,
2026-07-02T14:27:40.868836+00:00,2026-07-02T14:27:40.869278,2,3,114.8,0.4,114.6,100,114.5,100,,,,,,,,,,,,,,,,,115.0,100,115.1,150,115.2,2,,,,,,,,,,,,,,
2026-07-02T14:27:41.069266+00:00,2026-07-02T14:27:41.069014,1,2,114.85,0.5,114.6,100,,,,,,,,,,,,,,,,,,,115.1,150,115.2,2,,,,,,,,,,,,,,,,
2026-07-02T14:27:41.164584+00:00,2026-07-02T14:27:41.164155,2,3,114.75,0.3,114.6,100,114.4,100,,,,,,,,,,,,,,,,,114.9,100,115.1,150,115.2,2,,,,,,,,,,,,,,
2026-07-02T14:27:41.181983+00:00,2026-07-02T14:27:41.181904,2,3,114.75,0.3,114.6,100,114.4,100,,,,,,,,,,,,,,,,,114.9,89,115.1,150,115.2,2,,,,,,,,,,,,,,
2026-07-02T14:27:42.863685+00:00,2026-07-02T14:27:42.864028,2,3,114.75,0.3,114.6,100,114.4,100,,,,,,,,,,,,,,,,,114.9,39,115.1,150,115.2,2,,,,,,,,,,,,,,
2026-07-02T14:27:43.164168+00:00,2026-07-02T14:27:43.164114,1,2,114.65,0.5,114.4,100,,,,,,,,,,,,,,,,,,,114.9,39,115.2,2,,,,,,,,,,,,,,,,
2026-07-02T14:27:43.258824+00:00,2026-07-02T14:27:43.216936,1,2,114.65,0.5,114.4,250,,,,,,,,,,,,,,,,,,,114.9,39,115.2,2,,,,,,,,,,,,,,,,
2026-07-02T14:27:43.268725+00:00,2026-07-02T14:27:43.269012,1,2,114.65,0.5,114.4,250,,,,,,,,,,,,,,,,,,,114.9,189,115.2,2,,,,,,,,,,,,,,,,
2026-07-02T14:27:44.204078+00:00,2026-07-02T14:27:44.203989,1,2,114.65,0.5,114.4,150,,,,,,,,,,,,,,,,,,,114.9,150,115.2,2,,,,,,,,,,,,,,,,
2026-07-02T14:27:44.263687+00:00,2026-07-02T14:27:44.264037,1,2,114.65,0.5,114.4,250,,,,,,,,,,,,,,,,,,,114.9,150,115.2,2,,,,,,,,,,,,,,,,
2026-07-02T14:27:44.314740+00:00,2026-07-02T14:27:44.314654,1,2,114.65,0.5,114.4,250,,,,,,,,,,,,,,,,,,,114.9,250,115.2,2,,,,,,,,,,,,,,,,
2026-07-02T14:27:46.325771+00:00,2026-07-02T14:27:46.325642,1,2,114.65,0.5,114.4,100,,,,,,,,,,,,,,,,,,,114.9,100,115.2,2,,,,,,,,,,,,,,,,
2026-07-02T14:27:46.384937+00:00,2026-07-02T14:27:46.384851,2,2,114.7,0.4,114.5,150,114.4,100,,,,,,,,,,,,,,,,,114.9,100,115.2,2,,,,,,,,,,,,,,,,
2026-07-02T14:27:46.458580+00:00,2026-07-02T14:27:46.435109,2,3,114.7,0.4,114.5,150,114.4,100,,,,,,,,,,,,,,,,,114.9,100,115.0,150,115.2,2,,,,,,,,,,,,,,
2026-07-02T14:27:47.168994+00:00,2026-07-02T14:27:47.168930,2,3,114.7,0.4,114.5,100,114.4,100,,,,,,,,,,,,,,,,,114.9,100,115.0,150,115.2,2,,,,,,,,,,,,,,
2026-07-02T14:27:47.368767+00:00,2026-07-02T14:27:47.369160,1,1,114.75,0.5,114.5,100,,,,,,,,,,,,,,,,,,,115.0,150,,,,,,,,,,,,,,,,,,
2026-07-02T14:27:47.374484+00:00,2026-07-02T14:27:47.374382,1,1,114.75,0.5,114.5,100,,,,,,,,,,,,,,,,,,,115.0,154,,,,,,,,,,,,,,,,,,
2026-07-02T14:27:47.458716+00:00,2026-07-02T14:27:47.411616,1,1,114.75,0.5,114.5,200,,,,,,,,,,,,,,,,,,,115.0,154,,,,,,,,,,,,,,,,,,
2026-07-02T14:27:47.474358+00:00,2026-07-02T14:27:47.474263,1,1,114.75,0.5,114.5,200,,,,,,,,,,,,,,,,,,,115.0,254,,,,,,,,,,,,,,,,,,
2026-07-02T14:27:49.234105+00:00,2026-07-02T14:27:49.234006,1,1,114.75,0.5,114.5,150,,,,,,,,,,,,,,,,,,,115.0,254,,,,,,,,,,,,,,,,,,
2026-07-02T14:27:49.559128+00:00,2026-07-02T14:27:49.558827,1,1,114.75,0.5,114.5,150,,,,,,,,,,,,,,,,,,,115.0,104,,,,,,,,,,,,,,,,,,
2026-07-02T14:27:49.564735+00:00,2026-07-02T14:27:49.564650,2,1,114.75,0.5,114.5,100,114.1,150,,,,,,,,,,,,,,,,,115.0,104,,,,,,,,,,,,,,,,,,
2026-07-02T14:27:49.610440+00:00,2026-07-02T14:27:49.604257,2,2,114.55,0.1,114.5,100,114.1,150,,,,,,,,,,,,,,,,,114.6,136,115.0,104,,,,,,,,,,,,,,,,
2026-07-02T14:27:49.658634+00:00,2026-07-02T14:27:49.633595,2,2,114.55,0.1,114.5,100,114.1,150,,,,,,,,,,,,,,,,,114.6,87,115.0,104,,,,,,,,,,,,,,,,
2026-07-02T14:27:49.708376+00:00,2026-07-02T14:27:49.708577,2,2,114.55,0.1,114.5,100,114.1,150,,,,,,,,,,,,,,,,,114.6,62,115.0,104,,,,,,,,,,,,,,,,
2026-07-02T14:27:49.921675+00:00,2026-07-02T14:27:49.921582,2,2,114.55,0.1,114.5,100,114.1,150,,,,,,,,,,,,,,,,,114.6,37,115.0,104,,,,,,,,,,,,,,,,
2026-07-02T14:27:50.131723+00:00,2026-07-02T14:27:50.131621,2,2,114.55,0.1,114.5,100,114.1,150,,,,,,,,,,,,,,,,,114.6,12,115.0,104,,,,,,,,,,,,,,,,
2026-07-02T14:27:50.342188+00:00,2026-07-02T14:27:50.342070,2,1,114.75,0.5,114.5,100,114.1,150,,,,,,,,,,,,,,,,,115.0,104,,,,,,,,,,,,,,,,,,
2026-07-02T14:27:50.387585+00:00,2026-07-02T14:27:50.387455,2,1,114.75,0.5,114.5,100,114.1,150,,,,,,,,,,,,,,,,,115.0,102,,,,,,,,,,,,,,,,,,
2026-07-02T14:27:50.569223+00:00,2026-07-02T14:27:50.569079,1,1,114.55,0.9,114.1,150,,,,,,,,,,,,,,,,,,,115.0,2,,,,,,,,,,,,,,,,,,
2026-07-02T14:27:50.659075+00:00,2026-07-02T14:27:50.658724,2,1,114.8,0.4,114.6,100,114.1,150,,,,,,,,,,,,,,,,,115.0,2,,,,,,,,,,,,,,,,,,
2026-07-02T14:27:50.664758+00:00,2026-07-02T14:27:50.664626,2,2,114.8,0.4,114.6,89,114.1,150,,,,,,,,,,,,,,,,,115.0,2,115.1,100,,,,,,,,,,,,,,,,
2026-07-02T14:27:51.338072+00:00,2026-07-02T14:27:51.338219,2,2,114.8,0.4,114.6,39,114.1,150,,,,,,,,,,,,,,,,,115.0,2,115.1,100,,,,,,,,,,,,,,,,
2026-07-02T14:27:51.558623+00:00,2026-07-02T14:27:51.539697,3,2,114.85,0.3,114.7,4,114.6,39,114.1,150,,,,,,,,,,,,,,,115.0,2,115.1,100,,,,,,,,,,,,,,,,
2026-07-02T14:27:52.663918+00:00,2026-07-02T14:27:52.663769,2,2,114.85,0.3,114.7,4,114.6,39,,,,,,,,,,,,,,,,,115.0,2,115.1,100,,,,,,,,,,,,,,,,
2026-07-02T14:27:52.706251+00:00,2026-07-02T14:27:52.706184,3,2,114.9,0.2,114.8,150,114.7,4,114.6,39,,,,,,,,,,,,,,,115.0,2,115.1,100,,,,,,,,,,,,,,,,
2026-07-02T14:27:52.758652+00:00,2026-07-02T14:27:52.748384,3,3,114.9,0.2,114.8,150,114.7,3,114.6,39,,,,,,,,,,,,,,,115.0,2,115.1,100,115.3,150,,,,,,,,,,,,,,
2026-07-02T14:27:53.469391+00:00,2026-07-02T14:27:53.468985,3,3,114.9,0.2,114.8,100,114.7,3,114.6,39,,,,,,,,,,,,,,,115.0,2,115.1,100,115.3,150,,,,,,,,,,,,,,
2026-07-02T14:27:53.610904+00:00,2026-07-02T14:27:53.610764,3,3,114.9,0.2,114.8,100,114.7,2,114.6,39,,,,,,,,,,,,,,,115.0,2,115.1,100,115.3,150,,,,,,,,,,,,,,
2026-07-02T14:27:53.708355+00:00,2026-07-02T14:27:53.708302,2,2,114.9,0.2,114.8,100,114.7,2,,,,,,,,,,,,,,,,,115.0,2,115.3,150,,,,,,,,,,,,,,,,
2026-07-02T14:27:53.758561+00:00,2026-07-02T14:27:53.753132,3,2,114.9,0.2,114.8,100,114.7,2,114.4,100,,,,,,,,,,,,,,,115.0,2,115.3,150,,,,,,,,,,,,,,,,
2026-07-02T14:27:53.815900+00:00,2026-07-02T14:27:53.815812,3,3,114.85,0.1,114.8,100,114.7,2,114.4,100,,,,,,,,,,,,,,,114.9,100,115.0,2,115.3,150,,,,,,,,,,,,,,
2026-07-02T14:27:53.991875+00:00,2026-07-02T14:27:53.991721,3,3,114.85,0.1,114.8,100,114.7,1,114.4,100,,,,,,,,,,,,,,,114.9,100,115.0,2,115.3,150,,,,,,,,,,,,,,
2026-07-02T14:27:53.997020+00:00,2026-07-02T14:27:53.996962,3,3,114.85,0.1,114.8,100,114.7,1,114.4,100,,,,,,,,,,,,,,,114.9,89,115.0,2,115.3,150,,,,,,,,,,,,,,
2026-07-02T14:27:55.569259+00:00,2026-07-02T14:27:55.569117,3,3,114.85,0.1,114.8,50,114.7,1,114.4,100,,,,,,,,,,,,,,,114.9,89,115.0,2,115.3,150,,,,,,,,,,,,,,
2026-07-02T14:27:55.858680+00:00,2026-07-02T14:27:55.807258,2,2,114.8,0.2,114.7,1,114.4,100,,,,,,,,,,,,,,,,,114.9,89,115.0,2,,,,,,,,,,,,,,,,
2026-07-02T14:27:55.869221+00:00,2026-07-02T14:27:55.869132,3,2,114.8,0.2,114.7,1,114.4,100,114.3,150,,,,,,,,,,,,,,,114.9,89,115.0,2,,,,,,,,,,,,,,,,
2026-07-02T14:27:55.920276+00:00,2026-07-02T14:27:55.920149,3,3,114.75,0.1,114.7,1,114.4,100,114.3,150,,,,,,,,,,,,,,,114.8,150,114.9,89,115.0,2,,,,,,,,,,,,,,
2026-07-02T14:27:56.564114+00:00,2026-07-02T14:27:56.563823,3,3,114.75,0.1,114.7,1,114.4,100,114.3,150,,,,,,,,,,,,,,,114.8,150,114.9,89,115.0,1,,,,,,,,,,,,,,
2026-07-02T14:27:56.874235+00:00,2026-07-02T14:27:56.874105,2,2,114.75,0.1,114.7,1,114.3,150,,,,,,,,,,,,,,,,,114.8,150,115.0,1,,,,,,,,,,,,,,,,
2026-07-02T14:27:56.930063+00:00,2026-07-02T14:27:56.930171,3,2,114.75,0.1,114.7,1,114.4,100,114.3,150,,,,,,,,,,,,,,,114.8,150,115.0,1,,,,,,,,,,,,,,,,
2026-07-02T14:27:56.982088+00:00,2026-07-02T14:27:56.982016,3,3,114.75,0.1,114.7,1,114.4,100,114.3,150,,,,,,,,,,,,,,,114.8,150,114.9,100,115.0,1,,,,,,,,,,,,,,
2026-07-02T14:27:57.663893+00:00,2026-07-02T14:27:57.663769,2,3,114.6,0.4,114.4,51,114.3,150,,,,,,,,,,,,,,,,,114.8,150,114.9,100,115.0,1,,,,,,,,,,,,,,
2026-07-02T14:27:57.884775+00:00,2026-07-02T14:27:57.884928,3,3,114.75,0.1,114.7,5,114.4,51,114.3,150,,,,,,,,,,,,,,,114.8,150,114.9,100,115.0,1,,,,,,,,,,,,,,
2026-07-02T14:27:58.978221+00:00,2026-07-02T14:27:58.978352,2,2,114.8,0.2,114.7,5,114.4,51,,,,,,,,,,,,,,,,,114.9,100,115.0,1,,,,,,,,,,,,,,,,
2026-07-02T14:27:58.996357+00:00,2026-07-02T14:27:58.996167,1,2,114.65,0.5,114.4,51,,,,,,,,,,,,,,,,,,,114.9,100,115.0,1,,,,,,,,,,,,,,,,
2026-07-02T14:27:59.031904+00:00,2026-07-02T14:27:59.031791,2,2,114.65,0.5,114.4,51,114.3,150,,,,,,,,,,,,,,,,,114.9,100,115.0,1,,,,,,,,,,,,,,,,
2026-07-02T14:27:59.090348+00:00,2026-07-02T14:27:59.090213,2,3,114.6,0.4,114.4,51,114.3,150,,,,,,,,,,,,,,,,,114.8,150,114.9,100,115.0,1,,,,,,,,,,,,,,
2026-07-02T14:27:59.769579+00:00,2026-07-02T14:27:59.769062,2,3,114.6,0.4,114.4,51,114.3,150,,,,,,,,,,,,,,,,,114.8,100,114.9,100,115.0,1,,,,,,,,,,,,,,
