recv_time,book_timestamp,n_bids,n_asks,mid,spread,bid_px_0,bid_vol_0,bid_px_1,bid_vol_1,bid_px_2,bid_vol_2,bid_px_3,bid_vol_3,bid_px_4,bid_vol_4,bid_px_5,bid_vol_5,bid_px_6,bid_vol_6,bid_px_7,bid_vol_7,bid_px_8,bid_vol_8,bid_px_9,bid_vol_9,ask_px_0,ask_vol_0,ask_px_1,ask_vol_1,ask_px_2,ask_vol_2,ask_px_3,ask_vol_3,ask_px_4,ask_vol_4,ask_px_5,ask_vol_5,ask_px_6,ask_vol_6,ask_px_7,ask_vol_7,ask_px_8,ask_vol_8,ask_px_9,ask_vol_9
2026-07-05T12:00:00.566774+00:00,2026-07-05T12:00:00.370234,2,2,140.25,0.3,140.1,139,139.9,100,,,,,,,,,,,,,,,,,140.4,50,140.6,150,,,,,,,,,,,,,,,,
2026-07-05T12:00:00.926507+00:00,2026-07-05T12:00:00.926434,2,2,140.25,0.3,140.1,97,139.9,100,,,,,,,,,,,,,,,,,140.4,50,140.6,150,,,,,,,,,,,,,,,,
2026-07-05T12:00:01.302821+00:00,2026-07-05T12:00:01.302732,1,1,140.35,0.5,140.1,97,,,,,,,,,,,,,,,,,,,140.6,150,,,,,,,,,,,,,,,,,,
2026-07-05T12:00:01.356640+00:00,2026-07-05T12:00:01.356541,1,1,140.35,0.5,140.1,197,,,,,,,,,,,,,,,,,,,140.6,150,,,,,,,,,,,,,,,,,,
2026-07-05T12:00:01.412922+00:00,2026-07-05T12:00:01.412825,1,1,140.35,0.5,140.1,197,,,,,,,,,,,,,,,,,,,140.6,250,,,,,,,,,,,,,,,,,,
2026-07-05T12:00:02.486037+00:00,2026-07-05T12:00:02.485894,1,1,140.35,0.5,140.1,197,,,,,,,,,,,,,,,,,,,140.6,200,,,,,,,,,,,,,,,,,,
2026-07-05T12:00:02.524920+00:00,2026-07-05T12:00:02.524800,1,1,140.35,0.5,140.1,100,,,,,,,,,,,,,,,,,,,140.6,100,,,,,,,,,,,,,,,,,,
2026-07-05T12:00:02.579944+00:00,2026-07-05T12:00:02.580068,2,1,140.45,0.3,140.3,150,140.1,100,,,,,,,,,,,,,,,,,140.6,100,,,,,,,,,,,,,,,,,,
2026-07-05T12:00:02.633418+00:00,2026-07-05T12:00:02.633102,2,2,140.45,0.3,140.3,150,140.1,100,,,,,,,,,,,,,,,,,140.6,100,140.8,150,,,,,,,,,,,,,,,,
2026-07-05T12:00:04.031105+00:00,2026-07-05T12:00:04.025229,2,2,140.45,0.3,140.3,138,140.1,100,,,,,,,,,,,,,,,,,140.6,100,140.8,150,,,,,,,,,,,,,,,,
2026-07-05T12:00:04.463964+00:00,2026-07-05T12:00:04.463920,1,1,140.55,0.5,140.3,138,,,,,,,,,,,,,,,,,,,140.8,150,,,,,,,,,,,,,,,,,,
2026-07-05T12:00:04.520086+00:00,2026-07-05T12:00:04.520022,1,1,140.55,0.5,140.3,238,,,,,,,,,,,,,,,,,,,140.8,150,,,,,,,,,,,,,,,,,,
2026-07-05T12:00:04.568930+00:00,2026-07-05T12:00:04.568838,1,1,140.55,0.5,140.3,238,,,,,,,,,,,,,,,,,,,140.8,250,,,,,,,,,,,,,,,,,,
2026-07-05T12:00:04.595028+00:00,2026-07-05T12:00:04.594884,1,1,140.55,0.5,140.3,238,,,,,,,,,,,,,,,,,,,140.8,200,,,,,,,,,,,,,,,,,,
2026-07-05T12:00:05.685352+00:00,2026-07-05T12:00:05.685229,1,1,140.55,0.5,140.3,100,,,,,,,,,,,,,,,,,,,140.8,100,,,,,,,,,,,,,,,,,,
2026-07-05T12:00:05.742490+00:00,2026-07-05T12:00:05.742581,2,1,140.65,0.3,140.5,150,140.3,100,,,,,,,,,,,,,,,,,140.8,100,,,,,,,,,,,,,,,,,,
2026-07-05T12:00:05.754191+00:00,2026-07-05T12:00:05.747448,2,1,140.65,0.3,140.5,139,140.3,100,,,,,,,,,,,,,,,,,140.8,100,,,,,,,,,,,,,,,,,,
2026-07-05T12:00:05.801204+00:00,2026-07-05T12:00:05.801066,2,2,140.65,0.3,140.5,139,140.3,100,,,,,,,,,,,,,,,,,140.8,100,141.0,150,,,,,,,,,,,,,,,,
2026-07-05T12:00:06.414769+00:00,2026-07-05T12:00:06.414638,2,2,140.65,0.3,140.5,99,140.3,100,,,,,,,,,,,,,,,,,140.8,100,141.0,150,,,,,,,,,,,,,,,,
2026-07-05T12:00:06.698359+00:00,2026-07-05T12:00:06.698498,2,2,140.65,0.3,140.5,99,140.3,100,,,,,,,,,,,,,,,,,140.8,50,141.0,150,,,,,,,,,,,,,,,,
2026-07-05T12:00:07.627315+00:00,2026-07-05T12:00:07.627215,1,1,140.75,0.5,140.5,99,,,,,,,,,,,,,,,,,,,141.0,150,,,,,,,,,,,,,,,,,,
2026-07-05T12:00:07.735789+00:00,2026-07-05T12:00:07.722081,2,2,140.65,0.3,140.5,99,140.3,100,,,,,,,,,,,,,,,,,140.8,100,141.0,150,,,,,,,,,,,,,,,,
2026-07-05T12:00:08.231832+00:00,2026-07-05T12:00:08.226609,2,2,140.65,0.3,140.5,96,140.3,100,,,,,,,,,,,,,,,,,140.8,100,141.0,150,,,,,,,,,,,,,,,,
2026-07-05T12:00:08.832370+00:00,2026-07-05T12:00:08.832254,2,2,140.65,0.3,140.5,96,140.3,100,,,,,,,,,,,,,,,,,140.8,50,141.0,150,,,,,,,,,,,,,,,,
2026-07-05T12:00:08.842787+00:00,2026-07-05T12:00:08.842702,2,2,140.65,0.3,140.5,96,140.3,100,,,,,,,,,,,,,,,,,140.8,6,141.0,150,,,,,,,,,,,,,,,,
2026-07-05T12:00:08.858572+00:00,2026-07-05T12:00:08.853535,1,1,140.55,0.5,140.3,100,,,,,,,,,,,,,,,,,,,140.8,6,,,,,,,,,,,,,,,,,,
2026-07-05T12:00:08.915228+00:00,2026-07-05T12:00:08.915119,2,1,140.6,0.4,140.4,150,140.3,100,,,,,,,,,,,,,,,,,140.8,6,,,,,,,,,,,,,,,,,,
2026-07-05T12:00:08.969579+00:00,2026-07-05T12:00:08.969396,2,2,140.6,0.4,140.4,150,140.3,100,,,,,,,,,,,,,,,,,140.8,6,140.9,150,,,,,,,,,,,,,,,,
2026-07-05T12:00:09.823096+00:00,2026-07-05T12:00:09.822955,2,1,140.65,0.5,140.4,150,140.3,100,,,,,,,,,,,,,,,,,140.9,114,,,,,,,,,,,,,,,,,,
2026-07-05T12:00:10.474334+00:00,2026-07-05T12:00:10.474465,2,1,140.65,0.5,140.4,150,140.3,100,,,,,,,,,,,,,,,,,140.9,68,,,,,,,,,,,,,,,,,,
2026-07-05T12:00:10.783884+00:00,2026-07-05T12:00:10.783754,1,1,140.65,0.5,140.4,150,,,,,,,,,,,,,,,,,,,140.9,68,,,,,,,,,,,,,,,,,,
2026-07-05T12:00:10.841882+00:00,2026-07-05T12:00:10.841751,2,0,,,141.0,32,140.4,150,,,,,,,,,,,,,,,,,,,,,,,,,,,,,,,,,,,,
2026-07-05T12:00:10.897165+00:00,2026-07-05T12:00:10.896994,2,1,141.25,0.5,141.0,32,140.4,150,,,,,,,,,,,,,,,,,141.5,100,,,,,,,,,,,,,,,,,,
2026-07-05T12:00:10.942184+00:00,2026-07-05T12:00:10.942082,2,1,141.25,0.5,141.0,32,140.4,150,,,,,,,,,,,,,,,,,141.5,50,,,,,,,,,,,,,,,,,,
2026-07-05T12:00:11.469221+00:00,2026-07-05T12:00:11.469030,1,1,140.95,1.1,140.4,137,,,,,,,,,,,,,,,,,,,141.5,50,,,,,,,,,,,,,,,,,,
2026-07-05T12:00:12.023726+00:00,2026-07-05T12:00:12.023584,0,1,,,,,,,,,,,,,,,,,,,,,,,141.5,50,,,,,,,,,,,,,,,,,,
2026-07-05T12:00:12.077406+00:00,2026-07-05T12:00:12.077306,1,1,141.3,0.4,141.1,150,,,,,,,,,,,,,,,,,,,141.5,50,,,,,,,,,,,,,,,,,,
2026-07-05T12:00:12.130625+00:00,2026-07-05T12:00:12.130522,1,2,141.3,0.4,141.1,150,,,,,,,,,,,,,,,,,,,141.5,50,141.6,150,,,,,,,,,,,,,,,,
2026-07-05T12:00:13.069783+00:00,2026-07-05T12:00:13.069599,1,1,141.35,0.5,141.1,150,,,,,,,,,,,,,,,,,,,141.6,150,,,,,,,,,,,,,,,,,,
2026-07-05T12:00:13.388393+00:00,2026-07-05T12:00:13.388350,1,1,141.35,0.5,141.1,106,,,,,,,,,,,,,,,,,,,141.6,150,,,,,,,,,,,,,,,,,,
2026-07-05T12:00:14.001563+00:00,2026-07-05T12:00:14.001705,1,1,141.35,0.5,141.1,206,,,,,,,,,,,,,,,,,,,141.6,150,,,,,,,,,,,,,,,,,,
2026-07-05T12:00:14.053319+00:00,2026-07-05T12:00:14.053258,1,1,141.35,0.5,141.1,206,,,,,,,,,,,,,,,,,,,141.6,250,,,,,,,,,,,,,,,,,,
2026-07-05T12:00:14.412469+00:00,2026-07-05T12:00:14.412438,1,1,141.35,0.5,141.1,160,,,,,,,,,,,,,,,,,,,141.6,250,,,,,,,,,,,,,,,,,,
2026-07-05T12:00:15.184657+00:00,2026-07-05T12:00:15.184586,1,1,141.35,0.5,141.1,100,,,,,,,,,,,,,,,,,,,141.6,100,,,,,,,,,,,,,,,,,,
2026-07-05T12:00:15.238984+00:00,2026-07-05T12:00:15.238910,2,1,141.35,0.5,141.1,100,140.7,150,,,,,,,,,,,,,,,,,141.6,100,,,,,,,,,,,,,,,,,,
2026-07-05T12:00:15.292161+00:00,2026-07-05T12:00:15.292045,2,2,141.15,0.1,141.1,100,140.7,150,,,,,,,,,,,,,,,,,141.2,150,141.6,100,,,,,,,,,,,,,,,,
2026-07-05T12:00:16.132113+00:00,2026-07-05T12:00:16.100004,2,2,141.15,0.1,141.1,97,140.7,150,,,,,,,,,,,,,,,,,141.2,150,141.6,100,,,,,,,,,,,,,,,,
2026-07-05T12:00:16.487430+00:00,2026-07-05T12:00:16.487563,2,2,141.15,0.1,141.1,97,140.7,150,,,,,,,,,,,,,,,,,141.2,110,141.6,100,,,,,,,,,,,,,,,,
2026-07-05T12:00:17.107037+00:00,2026-07-05T12:00:17.106992,1,1,140.95,0.5,140.7,150,,,,,,,,,,,,,,,,,,,141.2,110,,,,,,,,,,,,,,,,,,
2026-07-05T12:00:17.158560+00:00,2026-07-05T12:00:17.156864,2,1,141.05,0.3,140.9,100,140.7,150,,,,,,,,,,,,,,,,,141.2,110,,,,,,,,,,,,,,,,,,
2026-07-05T12:00:17.216985+00:00,2026-07-05T12:00:17.216875,2,2,141.05,0.3,140.9,100,140.7,150,,,,,,,,,,,,,,,,,141.2,110,141.4,100,,,,,,,,,,,,,,,,
2026-07-05T12:00:17.996435+00:00,2026-07-05T12:00:17.996373,2,2,141.05,0.3,140.9,100,140.7,150,,,,,,,,,,,,,,,,,141.2,67,141.4,100,,,,,,,,,,,,,,,,
2026-07-05T12:00:18.346574+00:00,2026-07-05T12:00:18.346519,1,1,141.15,0.5,140.9,100,,,,,,,,,,,,,,,,,,,141.4,100,,,,,,,,,,,,,,,,,,
2026-07-05T12:00:18.402264+00:00,2026-07-05T12:00:18.402212,2,1,141.25,0.3,141.1,150,140.9,100,,,,,,,,,,,,,,,,,141.4,100,,,,,,,,,,,,,,,,,,
2026-07-05T12:00:18.458611+00:00,2026-07-05T12:00:18.455717,2,2,141.25,0.3,141.1,150,140.9,100,,,,,,,,,,,,,,,,,141.4,100,141.6,150,,,,,,,,,,,,,,,,
2026-07-05T12:00:18.543337+00:00,2026-07-05T12:00:18.543269,2,2,141.25,0.3,141.1,101,140.9,100,,,,,,,,,,,,,,,,,141.4,100,141.6,150,,,,,,,,,,,,,,,,
2026-07-05T12:00:19.454931+00:00,2026-07-05T12:00:19.455201,2,2,141.25,0.3,141.1,51,140.9,100,,,,,,,,,,,,,,,,,141.4,100,141.6,150,,,,,,,,,,,,,,,,
2026-07-05T12:00:19.558652+00:00,2026-07-05T12:00:19.556791,2,2,141.25,0.3,141.1,4,140.9,100,,,,,,,,,,,,,,,,,141.4,100,141.6,150,,,,,,,,,,,,,,,,
2026-07-05T12:00:20.271515+00:00,2026-07-05T12:00:20.271433,1,1,141.35,0.5,141.1,4,,,,,,,,,,,,,,,,,,,141.6,150,,,,,,,,,,,,,,,,,,
2026-07-05T12:00:20.330891+00:00,2026-07-05T12:00:20.330687,2,1,141.35,0.5,141.1,4,141.0,100,,,,,,,,,,,,,,,,,141.6,150,,,,,,,,,,,,,,,,,,
2026-07-05T12:00:20.385686+00:00,2026-07-05T12:00:20.385615,2,2,141.3,0.4,141.1,4,141.0,100,,,,,,,,,,,,,,,,,141.5,100,141.6,150,,,,,,,,,,,,,,,,
2026-07-05T12:00:21.176443+00:00,2026-07-05T12:00:21.176334,2,2,141.3,0.4,141.1,4,141.0,100,,,,,,,,,,,,,,,,,141.5,52,141.6,150,,,,,,,,,,,,,,,,
2026-07-05T12:00:21.526290+00:00,2026-07-05T12:00:21.526474,2,1,141.3,0.4,141.1,4,141.0,100,,,,,,,,,,,,,,,,,141.5,52,,,,,,,,,,,,,,,,,,
2026-07-05T12:00:21.531715+00:00,2026-07-05T12:00:21.531652,1,1,141.25,0.5,141.0,100,,,,,,,,,,,,,,,,,,,141.5,52,,,,,,,,,,,,,,,,,,
2026-07-05T12:00:21.583789+00:00,2026-07-05T12:00:21.583678,1,1,141.25,0.5,141.0,50,,,,,,,,,,,,,,,,,,,141.5,52,,,,,,,,,,,,,,,,,,
2026-07-05T12:00:21.589003+00:00,2026-07-05T12:00:21.588896,2,1,141.25,0.5,141.0,50,140.6,150,,,,,,,,,,,,,,,,,141.5,52,,,,,,,,,,,,,,,,,,
2026-07-05T12:00:21.650098+00:00,2026-07-05T12:00:21.644360,2,2,141.05,0.1,141.0,50,140.6,150,,,,,,,,,,,,,,,,,141.1,147,141.5,52,,,,,,,,,,,,,,,,
2026-07-05T12:00:22.736690+00:00,2026-07-05T12:00:22.736532,2,2,141.05,0.1,141.0,50,140.6,150,,,,,,,,,,,,,,,,,141.1,106,141.5,52,,,,,,,,,,,,,,,,
2026-07-05T12:00:22.794523+00:00,2026-07-05T12:00:22.794362,2,2,141.05,0.1,141.0,4,140.6,150,,,,,,,,,,,,,,,,,141.1,106,141.5,52,,,,,,,,,,,,,,,,
2026-07-05T12:00:23.440919+00:00,2026-07-05T12:00:23.441052,1,1,140.85,0.5,140.6,150,,,,,,,,,,,,,,,,,,,141.1,106,,,,,,,,,,,,,,,,,,
2026-07-05T12:00:23.495866+00:00,2026-07-05T12:00:23.495752,2,1,141.0,0.2,140.9,100,140.6,150,,,,,,,,,,,,,,,,,141.1,106,,,,,,,,,,,,,,,,,,
2026-07-05T12:00:23.548153+00:00,2026-07-05T12:00:23.548039,2,2,141.0,0.2,140.9,100,140.6,150,,,,,,,,,,,,,,,,,141.1,106,141.4,100,,,,,,,,,,,,,,,,
2026-07-05T12:00:23.640410+00:00,2026-07-05T12:00:23.640570,2,2,141.0,0.2,140.9,100,140.6,150,,,,,,,,,,,,,,,,,141.1,56,141.4,100,,,,,,,,,,,,,,,,
2026-07-05T12:00:24.693330+00:00,2026-07-05T12:00:24.693280,1,1,141.15,0.5,140.9,100,,,,,,,,,,,,,,,,,,,141.4,100,,,,,,,,,,,,,,,,,,
2026-07-05T12:00:24.749584+00:00,2026-07-05T12:00:24.749499,2,1,141.2,0.4,141.0,150,140.9,100,,,,,,,,,,,,,,,,,141.4,100,,,,,,,,,,,,,,,,,,
2026-07-05T12:00:24.811486+00:00,2026-07-05T12:00:24.811357,2,2,141.2,0.4,141.0,150,140.9,100,,,,,,,,,,,,,,,,,141.4,100,141.5,150,,,,,,,,,,,,,,,,
2026-07-05T12:00:25.797873+00:00,2026-07-05T12:00:25.797767,2,2,141.2,0.4,141.0,100,140.9,100,,,,,,,,,,,,,,,,,141.4,100,141.5,150,,,,,,,,,,,,,,,,
2026-07-05T12:00:26.469662+00:00,2026-07-05T12:00:26.469583,2,2,141.2,0.4,141.0,100,140.9,100,,,,,,,,,,,,,,,,,141.4,55,141.5,150,,,,,,,,,,,,,,,,
2026-07-05T12:00:26.602704+00:00,2026-07-05T12:00:26.602593,1,1,141.25,0.5,141.0,100,,,,,,,,,,,,,,,,,,,141.5,150,,,,,,,,,,,,,,,,,,
2026-07-05T12:00:26.658570+00:00,2026-07-05T12:00:26.654208,1,1,141.25,0.5,141.0,200,,,,,,,,,,,,,,,,,,,141.5,150,,,,,,,,,,,,,,,,,,
2026-07-05T12:00:26.712979+00:00,2026-07-05T12:00:26.712866,1,1,141.25,0.5,141.0,200,,,,,,,,,,,,,,,,,,,141.5,250,,,,,,,,,,,,,,,,,,
2026-07-05T12:00:27.859239+00:00,2026-07-05T12:00:27.859145,1,1,141.25,0.5,141.0,100,,,,,,,,,,,,,,,,,,,141.5,100,,,,,,,,,,,,,,,,,,
2026-07-05T12:00:27.902119+00:00,2026-07-05T12:00:27.902067,1,1,141.25,0.5,141.0,50,,,,,,,,,,,,,,,,,,,141.5,100,,,,,,,,,,,,,,,,,,
2026-07-05T12:00:27.912601+00:00,2026-07-05T12:00:27.912566,2,1,141.25,0.5,141.0,50,140.8,150,,,,,,,,,,,,,,,,,141.5,100,,,,,,,,,,,,,,,,,,
2026-07-05T12:00:27.969474+00:00,2026-07-05T12:00:27.969336,2,2,141.15,0.3,141.0,50,140.8,150,,,,,,,,,,,,,,,,,141.3,150,141.5,100,,,,,,,,,,,,,,,,
2026-07-05T12:00:29.767996+00:00,2026-07-05T12:00:29.767963,1,1,141.05,0.5,140.8,150,,,,,,,,,,,,,,,,,,,141.3,150,,,,,,,,,,,,,,,,,,
2026-07-05T12:00:29.820262+00:00,2026-07-05T12:00:29.820499,2,1,141.15,0.3,141.0,100,140.8,150,,,,,,,,,,,,,,,,,141.3,150,,,,,,,,,,,,,,,,,,
2026-07-05T12:00:29.875565+00:00,2026-07-05T12:00:29.875493,2,2,141.15,0.3,141.0,100,140.8,150,,,,,,,,,,,,,,,,,141.3,150,141.5,100,,,,,,,,,,,,,,,,
2026-07-05T12:00:30.025317+00:00,2026-07-05T12:00:30.025238,2,2,141.15,0.3,141.0,50,140.8,150,,,,,,,,,,,,,,,,,141.3,150,141.5,100,,,,,,,,,,,,,,,,
2026-07-05T12:00:31.005312+00:00,2026-07-05T12:00:31.005176,2,2,141.15,0.3,141.0,6,140.8,150,,,,,,,,,,,,,,,,,141.3,150,141.5,100,,,,,,,,,,,,,,,,
2026-07-05T12:00:31.021291+00:00,2026-07-05T12:00:31.021234,1,1,141.25,0.5,141.0,6,,,,,,,,,,,,,,,,,,,141.5,100,,,,,,,,,,,,,,,,,,
2026-07-05T12:00:31.073648+00:00,2026-07-05T12:00:31.073612,2,1,141.25,0.5,141.0,6,140.7,150,,,,,,,,,,,,,,,,,141.5,100,,,,,,,,,,,,,,,,,,
2026-07-05T12:00:31.127875+00:00,2026-07-05T12:00:31.127723,2,2,141.1,0.2,141.0,6,140.7,150,,,,,,,,,,,,,,,,,141.2,150,141.5,100,,,,,,,,,,,,,,,,
2026-07-05T12:00:32.132416+00:00,2026-07-05T12:00:32.132346,1,2,140.95,0.5,140.7,106,,,,,,,,,,,,,,,,,,,141.2,150,141.5,100,,,,,,,,,,,,,,,,
2026-07-05T12:00:32.928531+00:00,2026-07-05T12:00:32.928423,1,1,140.95,0.5,140.7,106,,,,,,,,,,,,,,,,,,,141.2,150,,,,,,,,,,,,,,,,,,
2026-07-05T12:00:32.985217+00:00,2026-07-05T12:00:32.985114,2,1,140.95,0.5,140.7,106,140.6,100,,,,,,,,,,,,,,,,,141.2,150,,,,,,,,,,,,,,,,,,
2026-07-05T12:00:33.038069+00:00,2026-07-05T12:00:33.037989,2,2,140.9,0.4,140.7,106,140.6,100,,,,,,,,,,,,,,,,,141.1,100,141.2,150,,,,,,,,,,,,,,,,
2026-07-05T12:00:33.532052+00:00,2026-07-05T12:00:33.531992,2,2,140.9,0.4,140.7,106,140.6,100,,,,,,,,,,,,,,,,,141.1,59,141.2,150,,,,,,,,,,,,,,,,
2026-07-05T12:00:34.182110+00:00,2026-07-05T12:00:34.182050,1,1,140.85,0.5,140.6,100,,,,,,,,,,,,,,,,,,,141.1,11,,,,,,,,,,,,,,,,,,
2026-07-05T12:00:34.243302+00:00,2026-07-05T12:00:34.243212,2,1,140.85,0.5,140.6,100,140.5,150,,,,,,,,,,,,,,,,,141.1,11,,,,,,,,,,,,,,,,,,
2026-07-05T12:00:34.248505+00:00,2026-07-05T12:00:34.248443,2,1,140.85,0.5,140.6,50,140.5,150,,,,,,,,,,,,,,,,,141.1,11,,,,,,,,,,,,,,,,,,
2026-07-05T12:00:34.312365+00:00,2026-07-05T12:00:34.312253,2,2,140.8,0.4,140.6,50,140.5,150,,,,,,,,,,,,,,,,,141.0,150,141.1,11,,,,,,,,,,,,,,,,
2026-07-05T12:00:35.328732+00:00,2026-07-05T12:00:35.328597,2,2,140.8,0.4,140.6,1,140.5,150,,,,,,,,,,,,,,,,,141.0,150,141.1,11,,,,,,,,,,,,,,,,
2026-07-05T12:00:35.518835+00:00,2026-07-05T12:00:35.513943,2,2,140.8,0.4,140.6,1,140.5,150,,,,,,,,,,,,,,,,,141.0,147,141.1,11,,,,,,,,,,,,,,,,
2026-07-05T12:00:36.095140+00:00,2026-07-05T12:00:36.095344,1,1,140.75,0.5,140.5,150,,,,,,,,,,,,,,,,,,,141.0,147,,,,,,,,,,,,,,,,,,
2026-07-05T12:00:36.150292+00:00,2026-07-05T12:00:36.150224,2,1,140.9,0.2,140.8,100,140.5,150,,,,,,,,,,,,,,,,,141.0,147,,,,,,,,,,,,,,,,,,
2026-07-05T12:00:36.203174+00:00,2026-07-05T12:00:36.203068,2,2,140.9,0.2,140.8,100,140.5,150,,,,,,,,,,,,,,,,,141.0,147,141.3,100,,,,,,,,,,,,,,,,
2026-07-05T12:00:36.347398+00:00,2026-07-05T12:00:36.347351,2,2,140.9,0.2,140.8,50,140.5,150,,,,,,,,,,,,,,,,,141.0,147,141.3,100,,,,,,,,,,,,,,,,
2026-07-05T12:00:37.365417+00:00,2026-07-05T12:00:37.365542,1,1,141.05,0.5,140.8,50,,,,,,,,,,,,,,,,,,,141.3,100,,,,,,,,,,,,,,,,,,
2026-07-05T12:00:37.420560+00:00,2026-07-05T12:00:37.420462,1,1,141.05,0.5,140.8,200,,,,,,,,,,,,,,,,,,,141.3,100,,,,,,,,,,,,,,,,,,
2026-07-05T12:00:37.473295+00:00,2026-07-05T12:00:37.473101,1,1,141.05,0.5,140.8,200,,,,,,,,,,,,,,,,,,,141.3,250,,,,,,,,,,,,,,,,,,
2026-07-05T12:00:38.228669+00:00,2026-07-05T12:00:38.228552,1,1,141.05,0.5,140.8,200,,,,,,,,,,,,,,,,,,,141.3,209,,,,,,,,,,,,,,,,,,
2026-07-05T12:00:38.458686+00:00,2026-07-05T12:00:38.452946,1,1,141.05,0.5,140.8,150,,,,,,,,,,,,,,,,,,,141.3,209,,,,,,,,,,,,,,,,,,
2026-07-05T12:00:39.258635+00:00,2026-07-05T12:00:39.256042,1,1,141.05,0.5,140.8,150,,,,,,,,,,,,,,,,,,,141.3,150,,,,,,,,,,,,,,,,,,
2026-07-05T12:00:39.314402+00:00,2026-07-05T12:00:39.314295,2,1,141.05,0.5,140.8,150,140.5,100,,,,,,,,,,,,,,,,,141.3,150,,,,,,,,,,,,,,,,,,
2026-07-05T12:00:39.363844+00:00,2026-07-05T12:00:39.363769,2,2,140.9,0.2,140.8,150,140.5,100,,,,,,,,,,,,,,,,,141.0,100,141.3,150,,,,,,,,,,,,,,,,
2026-07-05T12:00:40.533202+00:00,2026-07-05T12:00:40.533016,1,1,140.75,0.5,140.5,100,,,,,,,,,,,,,,,,,,,141.0,100,,,,,,,,,,,,,,,,,,
2026-07-05T12:00:40.566963+00:00,2026-07-05T12:00:40.567149,1,1,140.75,0.5,140.5,50,,,,,,,,,,,,,,,,,,,141.0,100,,,,,,,,,,,,,,,,,,
2026-07-05T12:00:40.577637+00:00,2026-07-05T12:00:40.577600,2,1,140.85,0.3,140.7,150,140.5,50,,,,,,,,,,,,,,,,,141.0,100,,,,,,,,,,,,,,,,,,
2026-07-05T12:00:40.630738+00:00,2026-07-05T12:00:40.630697,2,2,140.85,0.3,140.7,150,140.5,50,,,,,,,,,,,,,,,,,141.0,100,141.2,150,,,,,,,,,,,,,,,,
2026-07-05T12:00:42.420188+00:00,2026-07-05T12:00:42.420140,1,1,140.95,0.5,140.7,150,,,,,,,,,,,,,,,,,,,141.2,150,,,,,,,,,,,,,,,,,,
2026-07-05T12:00:42.474761+00:00,2026-07-05T12:00:42.474692,2,1,140.95,0.5,140.7,150,140.2,100,,,,,,,,,,,,,,,,,141.2,150,,,,,,,,,,,,,,,,,,
2026-07-05T12:00:42.528659+00:00,2026-07-05T12:00:42.528536,2,1,140.95,0.5,140.7,50,140.2,100,,,,,,,,,,,,,,,,,141.2,150,,,,,,,,,,,,,,,,,,
2026-07-05T12:00:42.676150+00:00,2026-07-05T12:00:42.676046,1,1,140.7,1.0,140.2,100,,,,,,,,,,,,,,,,,,,141.2,150,,,,,,,,,,,,,,,,,,
2026-07-05T12:00:43.687325+00:00,2026-07-05T12:00:43.687140,1,0,,,140.2,100,,,,,,,,,,,,,,,,,,,,,,,,,,,,,,,,,,,,,,
2026-07-05T12:00:43.740955+00:00,2026-07-05T12:00:43.740867,2,0,,,140.2,100,140.1,150,,,,,,,,,,,,,,,,,,,,,,,,,,,,,,,,,,,,
2026-07-05T12:00:43.803961+00:00,2026-07-05T12:00:43.798210,2,1,140.4,0.4,140.2,100,140.1,150,,,,,,,,,,,,,,,,,140.6,127,,,,,,,,,,,,,,,,,,
2026-07-05T12:00:44.732467+00:00,2026-07-05T12:00:44.732390,2,1,140.4,0.4,140.2,100,140.1,150,,,,,,,,,,,,,,,,,140.6,77,,,,,,,,,,,,,,,,,,
2026-07-05T12:00:45.008096+00:00,2026-07-05T12:00:45.007964,2,1,140.4,0.4,140.2,59,140.1,150,,,,,,,,,,,,,,,,,140.6,77,,,,,,,,,,,,,,,,,,
2026-07-05T12:00:45.584388+00:00,2026-07-05T12:00:45.584357,1,1,140.35,0.5,140.1,150,,,,,,,,,,,,,,,,,,,140.6,77,,,,,,,,,,,,,,,,,,
2026-07-05T12:00:45.636984+00:00,2026-07-05T12:00:45.636882,2,1,140.5,0.2,140.4,100,140.1,150,,,,,,,,,,,,,,,,,140.6,77,,,,,,,,,,,,,,,,,,
2026-07-05T12:00:45.686462+00:00,2026-07-05T12:00:45.686382,2,2,140.5,0.2,140.4,100,140.1,150,,,,,,,,,,,,,,,,,140.6,77,140.9,100,,,,,,,,,,,,,,,,
2026-07-05T12:00:46.005932+00:00,2026-07-05T12:00:46.005810,2,2,140.5,0.2,140.4,100,140.1,150,,,,,,,,,,,,,,,,,140.6,28,140.9,100,,,,,,,,,,,,,,,,
2026-07-05T12:00:46.858642+00:00,2026-07-05T12:00:46.849047,1,1,140.65,0.5,140.4,100,,,,,,,,,,,,,,,,,,,140.9,100,,,,,,,,,,,,,,,,,,
2026-07-05T12:00:46.891469+00:00,2026-07-05T12:00:46.891226,1,1,140.65,0.5,140.4,50,,,,,,,,,,,,,,,,,,,140.9,100,,,,,,,,,,,,,,,,,,
2026-07-05T12:00:46.904565+00:00,2026-07-05T12:00:46.904461,1,1,140.65,0.5,140.4,200,,,,,,,,,,,,,,,,,,,140.9,100,,,,,,,,,,,,,,,,,,
2026-07-05T12:00:46.958594+00:00,2026-07-05T12:00:46.957508,1,1,140.65,0.5,140.4,200,,,,,,,,,,,,,,,,,,,140.9,250,,,,,,,,,,,,,,,,,,
2026-07-05T12:00:48.435043+00:00,2026-07-05T12:00:48.434940,1,1,140.65,0.5,140.4,154,,,,,,,,,,,,,,,,,,,140.9,250,,,,,,,,,,,,,,,,,,
2026-07-05T12:00:48.744266+00:00,2026-07-05T12:00:48.744197,1,1,140.65,0.5,140.4,150,,,,,,,,,,,,,,,,,,,140.9,150,,,,,,,,,,,,,,,,,,
2026-07-05T12:00:48.806131+00:00,2026-07-05T12:00:48.805895,2,1,140.65,0.5,140.4,150,140.2,100,,,,,,,,,,,,,,,,,140.9,150,,,,,,,,,,,,,,,,,,
2026-07-05T12:00:48.856593+00:00,2026-07-05T12:00:48.856741,2,2,140.55,0.3,140.4,150,140.2,100,,,,,,,,,,,,,,,,,140.7,100,140.9,150,,,,,,,,,,,,,,,,
2026-07-05T12:00:49.070242+00:00,2026-07-05T12:00:49.070166,2,2,140.55,0.3,140.4,107,140.2,100,,,,,,,,,,,,,,,,,140.7,100,140.9,150,,,,,,,,,,,,,,,,
2026-07-05T12:00:50.008180+00:00,2026-07-05T12:00:50.008321,2,1,140.55,0.3,140.4,107,140.2,100,,,,,,,,,,,,,,,,,140.7,100,,,,,,,,,,,,,,,,,,
2026-07-05T12:00:50.013563+00:00,2026-07-05T12:00:50.013506,1,1,140.45,0.5,140.2,100,,,,,,,,,,,,,,,,,,,140.7,100,,,,,,,,,,,,,,,,,,
2026-07-05T12:00:50.058560+00:00,2026-07-05T12:00:50.058042,2,0,,,140.7,50,140.2,100,,,,,,,,,,,,,,,,,,,,,,,,,,,,,,,,,,,,
2026-07-05T12:00:50.115797+00:00,2026-07-05T12:00:50.115689,2,1,140.95,0.5,140.7,50,140.2,100,,,,,,,,,,,,,,,,,141.2,150,,,,,,,,,,,,,,,,,,
2026-07-05T12:00:51.054048+00:00,2026-07-05T12:00:51.054144,2,1,140.95,0.5,140.7,50,140.2,100,,,,,,,,,,,,,,,,,141.2,100,,,,,,,,,,,,,,,,,,
2026-07-05T12:00:51.911927+00:00,2026-07-05T12:00:51.911865,1,1,140.95,0.5,140.7,50,,,,,,,,,,,,,,,,,,,141.2,100,,,,,,,,,,,,,,,,,,
2026-07-05T12:00:51.960290+00:00,2026-07-05T12:00:51.960420,2,1,140.95,0.5,140.7,50,140.6,100,,,,,,,,,,,,,,,,,141.2,100,,,,,,,,,,,,,,,,,,
2026-07-05T12:00:52.017309+00:00,2026-07-05T12:00:52.017241,2,2,140.9,0.4,140.7,50,140.6,100,,,,,,,,,,,,,,,,,141.1,100,141.2,100,,,,,,,,,,,,,,,,
2026-07-05T12:00:53.164949+00:00,2026-07-05T12:00:53.164845,2,2,140.9,0.4,140.7,50,140.6,100,,,,,,,,,,,,,,,,,141.1,50,141.2,100,,,,,,,,,,,,,,,,
2026-07-05T12:00:53.170317+00:00,2026-07-05T12:00:53.170262,2,1,140.9,0.4,140.7,50,140.6,100,,,,,,,,,,,,,,,,,141.1,50,,,,,,,,,,,,,,,,,,
2026-07-05T12:00:53.175554+00:00,2026-07-05T12:00:53.175460,1,1,140.85,0.5,140.6,100,,,,,,,,,,,,,,,,,,,141.1,50,,,,,,,,,,,,,,,,,,
2026-07-05T12:00:53.227114+00:00,2026-07-05T12:00:53.227027,2,1,140.85,0.5,140.6,100,140.2,150,,,,,,,,,,,,,,,,,141.1,50,,,,,,,,,,,,,,,,,,
2026-07-05T12:00:53.275341+00:00,2026-07-05T12:00:53.275270,2,2,140.65,0.1,140.6,100,140.2,150,,,,,,,,,,,,,,,,,140.7,150,141.1,50,,,,,,,,,,,,,,,,
2026-07-05T12:00:53.672188+00:00,2026-07-05T12:00:53.666411,2,2,140.65,0.1,140.6,100,140.2,150,,,,,,,,,,,,,,,,,140.7,139,141.1,50,,,,,,,,,,,,,,,,
2026-07-05T12:00:54.495079+00:00,2026-07-05T12:00:54.495039,2,2,140.65,0.1,140.6,100,140.2,150,,,,,,,,,,,,,,,,,140.7,98,141.1,50,,,,,,,,,,,,,,,,
2026-07-05T12:00:55.069066+00:00,2026-07-05T12:00:55.068969,1,1,140.45,0.5,140.2,150,,,,,,,,,,,,,,,,,,,140.7,98,,,,,,,,,,,,,,,,,,
2026-07-05T12:00:55.127512+00:00,2026-07-05T12:00:55.127437,2,0,,,140.8,2,140.2,150,,,,,,,,,,,,,,,,,,,,,,,,,,,,,,,,,,,,
2026-07-05T12:00:55.177933+00:00,2026-07-05T12:00:55.177854,2,1,141.05,0.5,140.8,2,140.2,150,,,,,,,,,,,,,,,,,141.3,100,,,,,,,,,,,,,,,,,,
2026-07-05T12:00:55.270953+00:00,2026-07-05T12:00:55.271114,2,1,141.05,0.5,140.8,2,140.2,150,,,,,,,,,,,,,,,,,141.3,50,,,,,,,,,,,,,,,,,,
2026-07-05T12:00:55.448103+00:00,2026-07-05T12:00:55.440059,1,1,140.75,1.1,140.2,150,,,,,,,,,,,,,,,,,,,141.3,50,,,,,,,,,,,,,,,,,,
2026-07-05T12:00:56.334757+00:00,2026-07-05T12:00:56.334666,0,1,,,,,,,,,,,,,,,,,,,,,,,141.3,50,,,,,,,,,,,,,,,,,,
2026-07-05T12:00:56.392956+00:00,2026-07-05T12:00:56.387467,1,1,141.15,0.3,141.0,141,,,,,,,,,,,,,,,,,,,141.3,50,,,,,,,,,,,,,,,,,,
2026-07-05T12:00:56.437303+00:00,2026-07-05T12:00:56.437165,1,2,141.15,0.3,141.0,141,,,,,,,,,,,,,,,,,,,141.3,50,141.5,150,,,,,,,,,,,,,,,,
2026-07-05T12:00:57.431954+00:00,2026-07-05T12:00:57.431892,1,2,141.15,0.3,141.0,91,,,,,,,,,,,,,,,,,,,141.3,50,141.5,150,,,,,,,,,,,,,,,,
2026-07-05T12:00:58.234943+00:00,2026-07-05T12:00:58.234804,1,1,141.25,0.5,141.0,91,,,,,,,,,,,,,,,,,,,141.5,150,,,,,,,,,,,,,,,,,,
2026-07-05T12:00:58.289366+00:00,2026-07-05T12:00:58.289274,2,1,141.25,0.5,141.0,91,140.9,100,,,,,,,,,,,,,,,,,141.5,150,,,,,,,,,,,,,,,,,,
2026-07-05T12:00:58.341529+00:00,2026-07-05T12:00:58.341645,2,2,141.2,0.4,141.0,91,140.9,100,,,,,,,,,,,,,,,,,141.4,100,141.5,150,,,,,,,,,,,,,,,,
2026-07-05T12:00:59.488336+00:00,2026-07-05T12:00:59.488252,2,2,141.2,0.4,141.0,91,140.9,100,,,,,,,,,,,,,,,,,141.4,50,141.5,150,,,,,,,,,,,,,,,,
2026-07-05T12:00:59.493713+00:00,2026-07-05T12:00:59.493561,1,1,141.15,0.5,140.9,100,,,,,,,,,,,,,,,,,,,141.4,50,,,,,,,,,,,,,,,,,,
2026-07-05T12:00:59.551396+00:00,2026-07-05T12:00:59.551482,2,1,141.15,0.5,140.9,100,140.8,150,,,,,,,,,,,,,,,,,141.4,50,,,,,,,,,,,,,,,,,,
2026-07-05T12:00:59.601536+00:00,2026-07-05T12:00:59.601493,2,2,141.1,0.4,140.9,100,140.8,150,,,,,,,,,,,,,,,,,141.3,150,141.4,50,,,,,,,,,,,,,,,,
2026-07-05T12:01:01.395668+00:00,2026-07-05T12:01:01.395595,1,1,141.05,0.5,140.8,150,,,,,,,,,,,,,,,,,,,141.3,150,,,,,,,,,,,,,,,,,,
2026-07-05T12:01:01.448502+00:00,2026-07-05T12:01:01.458684,2,1,141.1,0.4,140.9,100,140.8,150,,,,,,,,,,,,,,,,,141.3,150,,,,,,,,,,,,,,,,,,
2026-07-05T12:01:01.508414+00:00,2026-07-05T12:01:01.508618,2,2,141.1,0.4,140.9,100,140.8,150,,,,,,,,,,,,,,,,,141.3,150,141.4,100,,,,,,,,,,,,,,,,
2026-07-05T12:01:01.596021+00:00,2026-07-05T12:01:01.595942,2,2,141.1,0.4,140.9,100,140.8,150,,,,,,,,,,,,,,,,,141.3,100,141.4,100,,,,,,,,,,,,,,,,
2026-07-05T12:01:02.658867+00:00,2026-07-05T12:01:02.658697,1,1,141.15,0.5,140.9,100,,,,,,,,,,,,,,,,,,,141.4,100,,,,,,,,,,,,,,,,,,
2026-07-05T12:01:02.717774+00:00,2026-07-05T12:01:02.717564,2,1,141.3,0.2,141.2,150,140.9,100,,,,,,,,,,,,,,,,,141.4,100,,,,,,,,,,,,,,,,,,
2026-07-05T12:01:02.772851+00:00,2026-07-05T12:01:02.772989,2,2,141.3,0.2,141.2,150,140.9,100,,,,,,,,,,,,,,,,,141.4,100,141.7,150,,,,,,,,,,,,,,,,
2026-07-05T12:01:03.703723+00:00,2026-07-05T12:01:03.703611,2,2,141.3,0.2,141.2,150,140.9,100,,,,,,,,,,,,,,,,,141.4,50,141.7,150,,,,,,,,,,,,,,,,
2026-07-05T12:01:04.558574+00:00,2026-07-05T12:01:04.558270,2,1,141.45,0.5,141.2,150,140.9,100,,,,,,,,,,,,,,,,,141.7,150,,,,,,,,,,,,,,,,,,
2026-07-05T12:01:04.569859+00:00,2026-07-05T12:01:04.569675,1,1,141.45,0.5,141.2,150,,,,,,,,,,,,,,,,,,,141.7,150,,,,,,,,,,,,,,,,,,
2026-07-05T12:01:04.632712+00:00,2026-07-05T12:01:04.626035,2,1,141.5,0.4,141.3,88,141.2,150,,,,,,,,,,,,,,,,,141.7,150,,,,,,,,,,,,,,,,,,
2026-07-05T12:01:04.670684+00:00,2026-07-05T12:01:04.670553,2,2,141.5,0.4,141.3,88,141.2,150,,,,,,,,,,,,,,,,,141.7,150,141.8,100,,,,,,,,,,,,,,,,
2026-07-05T12:01:05.400005+00:00,2026-07-05T12:01:05.399975,2,2,141.5,0.4,141.3,48,141.2,150,,,,,,,,,,,,,,,,,141.7,150,141.8,100,,,,,,,,,,,,,,,,
2026-07-05T12:01:05.827159+00:00,2026-07-05T12:01:05.827114,1,1,141.55,0.5,141.3,48,,,,,,,,,,,,,,,,,,,141.8,100,,,,,,,,,,,,,,,,,,
2026-07-05T12:01:05.860320+00:00,2026-07-05T12:01:05.860265,0,1,,,,,,,,,,,,,,,,,,,,,,,141.8,100,,,,,,,,,,,,,,,,,,
2026-07-05T12:01:05.879988+00:00,2026-07-05T12:01:05.879920,1,1,141.45,0.7,141.1,150,,,,,,,,,,,,,,,,,,,141.8,100,,,,,,,,,,,,,,,,,,
2026-07-05T12:01:05.934105+00:00,2026-07-05T12:01:05.933986,1,2,141.35,0.5,141.1,150,,,,,,,,,,,,,,,,,,,141.6,150,141.8,100,,,,,,,,,,,,,,,,
2026-07-05T12:01:07.729032+00:00,2026-07-05T12:01:07.728942,1,1,141.35,0.5,141.1,150,,,,,,,,,,,,,,,,,,,141.6,150,,,,,,,,,,,,,,,,,,
2026-07-05T12:01:07.776897+00:00,2026-07-05T12:01:07.776873,2,1,141.35,0.5,141.1,150,141.0,100,,,,,,,,,,,,,,,,,141.6,150,,,,,,,,,,,,,,,,,,
2026-07-05T12:01:07.830864+00:00,2026-07-05T12:01:07.830757,2,2,141.3,0.4,141.1,150,141.0,100,,,,,,,,,,,,,,,,,141.5,100,141.6,150,,,,,,,,,,,,,,,,
2026-07-05T12:01:07.916526+00:00,2026-07-05T12:01:07.916448,2,2,141.3,0.4,141.1,150,141.0,100,,,,,,,,,,,,,,,,,141.5,50,141.6,150,,,,,,,,,,,,,,,,
2026-07-05T12:01:08.985449+00:00,2026-07-05T12:01:08.985383,1,1,141.25,0.5,141.0,100,,,,,,,,,,,,,,,,,,,141.5,50,,,,,,,,,,,,,,,,,,
2026-07-05T12:01:09.040506+00:00,2026-07-05T12:01:09.040298,2,1,141.4,0.2,141.3,150,141.0,100,,,,,,,,,,,,,,,,,141.5,50,,,,,,,,,,,,,,,,,,
2026-07-05T12:01:09.090229+00:00,2026-07-05T12:01:09.090172,2,2,141.4,0.2,141.3,150,141.0,100,,,,,,,,,,,,,,,,,141.5,50,141.8,150,,,,,,,,,,,,,,,,
2026-07-05T12:01:10.887866+00:00,2026-07-05T12:01:10.887799,1,1,141.55,0.5,141.3,150,,,,,,,,,,,,,,,,,,,141.8,150,,,,,,,,,,,,,,,,,,
2026-07-05T12:01:10.941407+00:00,2026-07-05T12:01:10.941334,2,1,141.55,0.5,141.3,150,141.1,100,,,,,,,,,,,,,,,,,141.8,110,,,,,,,,,,,,,,,,,,
2026-07-05T12:01:10.994219+00:00,2026-07-05T12:01:10.994147,2,2,141.45,0.3,141.3,150,141.1,100,,,,,,,,,,,,,,,,,141.6,100,141.8,110,,,,,,,,,,,,,,,,
2026-07-05T12:01:11.876735+00:00,2026-07-05T12:01:11.869748,2,2,141.45,0.3,141.3,139,141.1,100,,,,,,,,,,,,,,,,,141.6,100,141.8,110,,,,,,,,,,,,,,,,
2026-07-05T12:01:12.145708+00:00,2026-07-05T12:01:12.145670,1,1,141.35,0.5,141.1,100,,,,,,,,,,,,,,,,,,,141.6,100,,,,,,,,,,,,,,,,,,
2026-07-05T12:01:12.176430+00:00,2026-07-05T12:01:12.176378,1,1,141.35,0.5,141.1,50,,,,,,,,,,,,,,,,,,,141.6,100,,,,,,,,,,,,,,,,,,
2026-07-05T12:01:12.198430+00:00,2026-07-05T12:01:12.198388,2,1,141.4,0.4,141.2,150,141.1,50,,,,,,,,,,,,,,,,,141.6,100,,,,,,,,,,,,,,,,,,
2026-07-05T12:01:12.258640+00:00,2026-07-05T12:01:12.251279,2,2,141.4,0.4,141.2,150,141.1,50,,,,,,,,,,,,,,,,,141.6,100,141.7,150,,,,,,,,,,,,,,,,
2026-07-05T12:01:12.603325+00:00,2026-07-05T12:01:12.603468,2,2,141.4,0.4,141.2,101,141.1,50,,,,,,,,,,,,,,,,,141.6,100,141.7,150,,,,,,,,,,,,,,,,
2026-07-05T12:01:14.044887+00:00,2026-07-05T12:01:14.044852,2,1,141.45,0.5,141.2,101,141.1,50,,,,,,,,,,,,,,,,,141.7,150,,,,,,,,,,,,,,,,,,
2026-07-05T12:01:14.050095+00:00,2026-07-05T12:01:14.050050,1,1,141.45,0.5,141.2,101,,,,,,,,,,,,,,,,,,,141.7,150,,,,,,,,,,,,,,,,,,
2026-07-05T12:01:14.098808+00:00,2026-07-05T12:01:14.098724,2,1,141.45,0.5,141.2,101,140.9,100,,,,,,,,,,,,,,,,,141.7,150,,,,,,,,,,,,,,,,,,
2026-07-05T12:01:14.158700+00:00,2026-07-05T12:01:14.152868,2,2,141.3,0.2,141.2,101,140.9,100,,,,,,,,,,,,,,,,,141.4,100,141.7,150,,,,,,,,,,,,,,,,
2026-07-05T12:01:14.294669+00:00,2026-07-05T12:01:14.294577,2,2,141.3,0.2,141.2,51,140.9,100,,,,,,,,,,,,,,,,,141.4,100,141.7,150,,,,,,,,,,,,,,,,
2026-07-05T12:01:15.313751+00:00,2026-07-05T12:01:15.313699,1,1,141.15,0.5,140.9,100,,,,,,,,,,,,,,,,,,,141.4,100,,,,,,,,,,,,,,,,,,
2026-07-05T12:01:15.358692+00:00,2026-07-05T12:01:15.356906,2,1,141.15,0.5,140.9,100,140.8,150,,,,,,,,,,,,,,,,,141.4,100,,,,,,,,,,,,,,,,,,
2026-07-05T12:01:15.422871+00:00,2026-07-05T12:01:15.422788,2,2,141.1,0.4,140.9,100,140.8,150,,,,,,,,,,,,,,,,,141.3,150,141.4,100,,,,,,,,,,,,,,,,
2026-07-05T12:01:17.229403+00:00,2026-07-05T12:01:17.229208,1,1,141.05,0.5,140.8,150,,,,,,,,,,,,,,,,,,,141.3,150,,,,,,,,,,,,,,,,,,
2026-07-05T12:01:17.283334+00:00,2026-07-05T12:01:17.283593,1,1,141.05,0.5,140.8,250,,,,,,,,,,,,,,,,,,,141.3,150,,,,,,,,,,,,,,,,,,
2026-07-05T12:01:17.337367+00:00,2026-07-05T12:01:17.337329,1,1,141.05,0.5,140.8,250,,,,,,,,,,,,,,,,,,,141.3,250,,,,,,,,,,,,,,,,,,
2026-07-05T12:01:18.458557+00:00,2026-07-05T12:01:18.457614,1,1,141.05,0.5,140.8,250,,,,,,,,,,,,,,,,,,,141.3,200,,,,,,,,,,,,,,,,,,
2026-07-05T12:01:18.479342+00:00,2026-07-05T12:01:18.479275,1,1,141.05,0.5,140.8,100,,,,,,,,,,,,,,,,,,,141.3,100,,,,,,,,,,,,,,,,,,
2026-07-05T12:01:18.530200+00:00,2026-07-05T12:01:18.530095,2,1,141.15,0.3,141.0,150,140.8,100,,,,,,,,,,,,,,,,,141.3,100,,,,,,,,,,,,,,,,,,
2026-07-05T12:01:18.586599+00:00,2026-07-05T12:01:18.586503,2,2,141.15,0.3,141.0,150,140.8,100,,,,,,,,,,,,,,,,,141.3,100,141.5,150,,,,,,,,,,,,,,,,
2026-07-05T12:01:19.777935+00:00,2026-07-05T12:01:19.777859,2,2,141.15,0.3,141.0,150,140.8,100,,,,,,,,,,,,,,,,,141.3,58,141.5,150,,,,,,,,,,,,,,,,
2026-07-05T12:01:20.266891+00:00,2026-07-05T12:01:20.260286,2,2,141.15,0.3,141.0,150,140.8,100,,,,,,,,,,,,,,,,,141.3,47,141.5,150,,,,,,,,,,,,,,,,
2026-07-05T12:01:20.390669+00:00,2026-07-05T12:01:20.390615,2,1,141.25,0.5,141.0,150,140.8,100,,,,,,,,,,,,,,,,,141.5,150,,,,,,,,,,,,,,,,,,
2026-07-05T12:01:20.395952+00:00,2026-07-05T12:01:20.395792,1,1,141.25,0.5,141.0,150,,,,,,,,,,,,,,,,,,,141.5,150,,,,,,,,,,,,,,,,,,
2026-07-05T12:01:20.458614+00:00,2026-07-05T12:01:20.444162,2,1,141.35,0.3,141.2,100,141.0,150,,,,,,,,,,,,,,,,,141.5,150,,,,,,,,,,,,,,,,,,
2026-07-05T12:01:20.499944+00:00,2026-07-05T12:01:20.499743,2,2,141.35,0.3,141.2,100,141.0,150,,,,,,,,,,,,,,,,,141.5,150,141.7,100,,,,,,,,,,,,,,,,
2026-07-05T12:01:20.621317+00:00,2026-07-05T12:01:20.621202,2,2,141.35,0.3,141.2,50,141.0,150,,,,,,,,,,,,,,,,,141.5,150,141.7,100,,,,,,,,,,,,,,,,
2026-07-05T12:01:20.947966+00:00,2026-07-05T12:01:20.948097,2,2,141.35,0.3,141.2,50,141.0,150,,,,,,,,,,,,,,,,,141.5,108,141.7,100,,,,,,,,,,,,,,,,
2026-07-05T12:01:21.635777+00:00,2026-07-05T12:01:21.636061,2,1,141.45,0.5,141.2,50,141.0,150,,,,,,,,,,,,,,,,,141.7,100,,,,,,,,,,,,,,,,,,
2026-07-05T12:01:21.658623+00:00,2026-07-05T12:01:21.641328,1,1,141.45,0.5,141.2,50,,,,,,,,,,,,,,,,,,,141.7,100,,,,,,,,,,,,,,,,,,
2026-07-05T12:01:21.696207+00:00,2026-07-05T12:01:21.696099,2,1,141.55,0.3,141.4,150,141.2,50,,,,,,,,,,,,,,,,,141.7,100,,,,,,,,,,,,,,,,,,
2026-07-05T12:01:21.747825+00:00,2026-07-05T12:01:21.747719,2,2,141.55,0.3,141.4,150,141.2,50,,,,,,,,,,,,,,,,,141.7,100,141.9,150,,,,,,,,,,,,,,,,
2026-07-05T12:01:22.680101+00:00,2026-07-05T12:01:22.680054,2,2,141.55,0.3,141.4,150,141.2,50,,,,,,,,,,,,,,,,,141.7,50,141.9,150,,,,,,,,,,,,,,,,
2026-07-05T12:01:23.563915+00:00,2026-07-05T12:01:23.563847,1,1,141.65,0.5,141.4,150,,,,,,,,,,,,,,,,,,,141.9,150,,,,,,,,,,,,,,,,,,
2026-07-05T12:01:23.607318+00:00,2026-07-05T12:01:23.607216,2,1,141.65,0.5,141.4,150,141.3,100,,,,,,,,,,,,,,,,,141.9,150,,,,,,,,,,,,,,,,,,
2026-07-05T12:01:23.658540+00:00,2026-07-05T12:01:23.657824,2,2,141.6,0.4,141.4,150,141.3,100,,,,,,,,,,,,,,,,,141.8,100,141.9,150,,,,,,,,,,,,,,,,
2026-07-05T12:01:24.785687+00:00,2026-07-05T12:01:24.785549,2,2,141.6,0.4,141.4,150,141.3,100,,,,,,,,,,,,,,,,,141.8,50,141.9,150,,,,,,,,,,,,,,,,
2026-07-05T12:01:24.803559+00:00,2026-07-05T12:01:24.803507,1,1,141.55,0.5,141.3,100,,,,,,,,,,,,,,,,,,,141.8,50,,,,,,,,,,,,,,,,,,
2026-07-05T12:01:24.858617+00:00,2026-07-05T12:01:24.855533,2,1,141.7,0.2,141.6,150,141.3,100,,,,,,,,,,,,,,,,,141.8,50,,,,,,,,,,,,,,,,,,
2026-07-05T12:01:24.908852+00:00,2026-07-05T12:01:24.908773,2,2,141.7,0.2,141.6,150,141.3,100,,,,,,,,,,,,,,,,,141.8,50,142.1,150,,,,,,,,,,,,,,,,
2026-07-05T12:01:26.721092+00:00,2026-07-05T12:01:26.721000,1,1,141.85,0.5,141.6,150,,,,,,,,,,,,,,,,,,,142.1,150,,,,,,,,,,,,,,,,,,
2026-07-05T12:01:26.776833+00:00,2026-07-05T12:01:26.776708,1,1,141.85,0.5,141.6,250,,,,,,,,,,,,,,,,,,,142.1,150,,,,,,,,,,,,,,,,,,
2026-07-05T12:01:26.830073+00:00,2026-07-05T12:01:26.829951,1,1,141.85,0.5,141.6,250,,,,,,,,,,,,,,,,,,,142.1,250,,,,,,,,,,,,,,,,,,
2026-07-05T12:01:26.943550+00:00,2026-07-05T12:01:26.943469,1,1,141.85,0.5,141.6,200,,,,,,,,,,,,,,,,,,,142.1,250,,,,,,,,,,,,,,,,,,
2026-07-05T12:01:27.958687+00:00,2026-07-05T12:01:27.957411,1,1,141.85,0.5,141.6,100,,,,,,,,,,,,,,,,,,,142.1,100,,,,,,,,,,,,,,,,,,
2026-07-05T12:01:28.017739+00:00,2026-07-05T12:01:28.017632,2,1,141.85,0.5,141.6,100,141.4,150,,,,,,,,,,,,,,,,,142.1,100,,,,,,,,,,,,,,,,,,
2026-07-05T12:01:28.072010+00:00,2026-07-05T12:01:28.071952,2,2,141.75,0.3,141.6,100,141.4,150,,,,,,,,,,,,,,,,,141.9,150,142.1,100,,,,,,,,,,,,,,,,
2026-07-05T12:01:29.071054+00:00,2026-07-05T12:01:29.071007,2,2,141.75,0.3,141.6,50,141.4,150,,,,,,,,,,,,,,,,,141.9,150,142.1,100,,,,,,,,,,,,,,,,
2026-07-05T12:01:29.884289+00:00,2026-07-05T12:01:29.884168,1,1,141.65,0.5,141.4,150,,,,,,,,,,,,,,,,,,,141.9,150,,,,,,,,,,,,,,,,,,
2026-07-05T12:01:29.937264+00:00,2026-07-05T12:01:29.937184,2,1,141.7,0.4,141.5,100,141.4,150,,,,,,,,,,,,,,,,,141.9,150,,,,,,,,,,,,,,,,,,
2026-07-05T12:01:29.990107+00:00,2026-07-05T12:01:29.990189,2,2,141.7,0.4,141.5,100,141.4,150,,,,,,,,,,,,,,,,,141.9,150,142.0,100,,,,,,,,,,,,,,,,
2026-07-05T12:01:31.126085+00:00,2026-07-05T12:01:31.125984,1,1,141.75,0.5,141.5,100,,,,,,,,,,,,,,,,,,,142.0,100,,,,,,,,,,,,,,,,,,
2026-07-05T12:01:31.206118+00:00,2026-07-05T12:01:31.205983,1,1,141.75,0.5,141.5,250,,,,,,,,,,,,,,,,,,,142.0,100,,,,,,,,,,,,,,,,,,
2026-07-05T12:01:31.258682+00:00,2026-07-05T12:01:31.257360,1,1,141.75,0.5,141.5,250,,,,,,,,,,,,,,,,,,,142.0,250,,,,,,,,,,,,,,,,,,
2026-07-05T12:01:33.044976+00:00,2026-07-05T12:01:33.044932,1,1,141.75,0.5,141.5,150,,,,,,,,,,,,,,,,,,,142.0,150,,,,,,,,,,,,,,,,,,
2026-07-05T12:01:33.099207+00:00,2026-07-05T12:01:33.099088,2,1,141.8,0.4,141.6,100,141.5,150,,,,,,,,,,,,,,,,,142.0,150,,,,,,,,,,,,,,,,,,
2026-07-05T12:01:33.151686+00:00,2026-07-05T12:01:33.151611,2,2,141.8,0.4,141.6,100,141.5,150,,,,,,,,,,,,,,,,,142.0,150,142.1,100,,,,,,,,,,,,,,,,
2026-07-05T12:01:33.227952+00:00,2026-07-05T12:01:33.227924,2,2,141.8,0.4,141.6,60,141.5,150,,,,,,,,,,,,,,,,,142.0,150,142.1,100,,,,,,,,,,,,,,,,
2026-07-05T12:01:33.254921+00:00,2026-07-05T12:01:33.255089,2,2,141.8,0.4,141.6,60,141.5,150,,,,,,,,,,,,,,,,,142.0,100,142.1,100,,,,,,,,,,,,,,,,
2026-07-05T12:01:33.845230+00:00,2026-07-05T12:01:33.845185,2,2,141.8,0.4,141.6,60,141.5,150,,,,,,,,,,,,,,,,,142.0,51,142.1,100,,,,,,,,,,,,,,,,
2026-07-05T12:01:34.312686+00:00,2026-07-05T12:01:34.312603,1,1,141.85,0.5,141.6,60,,,,,,,,,,,,,,,,,,,142.1,100,,,,,,,,,,,,,,,,,,
2026-07-05T12:01:34.366258+00:00,2026-07-05T12:01:34.366477,2,1,142.05,0.1,142.0,150,141.6,60,,,,,,,,,,,,,,,,,142.1,100,,,,,,,,,,,,,,,,,,
2026-07-05T12:01:34.376225+00:00,2026-07-05T12:01:34.370663,2,1,142.05,0.1,142.0,139,141.6,60,,,,,,,,,,,,,,,,,142.1,100,,,,,,,,,,,,,,,,,,
2026-07-05T12:01:34.419146+00:00,2026-07-05T12:01:34.419048,2,2,142.05,0.1,142.0,139,141.6,60,,,,,,,,,,,,,,,,,142.1,100,142.5,150,,,,,,,,,,,,,,,,
2026-07-05T12:01:34.705755+00:00,2026-07-05T12:01:34.700299,2,2,142.05,0.1,142.0,133,141.6,60,,,,,,,,,,,,,,,,,142.1,100,142.5,150,,,,,,,,,,,,,,,,
2026-07-05T12:01:35.293263+00:00,2026-07-05T12:01:35.293108,2,2,142.05,0.1,142.0,84,141.6,60,,,,,,,,,,,,,,,,,142.1,100,142.5,150,,,,,,,,,,,,,,,,
2026-07-05T12:01:35.396368+00:00,2026-07-05T12:01:35.396243,2,2,142.05,0.1,142.0,84,141.6,60,,,,,,,,,,,,,,,,,142.1,50,142.5,150,,,,,,,,,,,,,,,,
2026-07-05T12:01:36.205369+00:00,2026-07-05T12:01:36.205283,1,1,142.25,0.5,142.0,84,,,,,,,,,,,,,,,,,,,142.5,150,,,,,,,,,,,,,,,,,,
2026-07-05T12:01:36.258621+00:00,2026-07-05T12:01:36.255346,2,1,142.25,0.5,142.0,84,141.5,100,,,,,,,,,,,,,,,,,142.5,150,,,,,,,,,,,,,,,,,,
2026-07-05T12:01:36.323049+00:00,2026-07-05T12:01:36.317534,1,2,141.75,0.5,141.5,100,,,,,,,,,,,,,,,,,,,142.0,13,142.5,150,,,,,,,,,,,,,,,,
2026-07-05T12:01:37.093547+00:00,2026-07-05T12:01:37.093474,1,1,142.0,1.0,141.5,100,,,,,,,,,,,,,,,,,,,142.5,150,,,,,,,,,,,,,,,,,,
2026-07-05T12:01:37.474381+00:00,2026-07-05T12:01:37.474333,1,0,,,141.5,100,,,,,,,,,,,,,,,,,,,,,,,,,,,,,,,,,,,,,,
2026-07-05T12:01:37.527400+00:00,2026-07-05T12:01:37.527360,2,0,,,141.5,100,141.3,150,,,,,,,,,,,,,,,,,,,,,,,,,,,,,,,,,,,,
2026-07-05T12:01:37.580141+00:00,2026-07-05T12:01:37.580058,2,1,141.65,0.3,141.5,100,141.3,150,,,,,,,,,,,,,,,,,141.8,150,,,,,,,,,,,,,,,,,,
2026-07-05T12:01:38.270117+00:00,2026-07-05T12:01:38.270008,2,1,141.65,0.3,141.5,100,141.3,150,,,,,,,,,,,,,,,,,141.8,107,,,,,,,,,,,,,,,,,,
2026-07-05T12:01:39.369584+00:00,2026-07-05T12:01:39.369547,1,1,141.55,0.5,141.3,150,,,,,,,,,,,,,,,,,,,141.8,107,,,,,,,,,,,,,,,,,,
2026-07-05T12:01:39.422580+00:00,2026-07-05T12:01:39.422458,2,1,141.7,0.2,141.6,100,141.3,150,,,,,,,,,,,,,,,,,141.8,107,,,,,,,,,,,,,,,,,,
2026-07-05T12:01:39.475558+00:00,2026-07-05T12:01:39.475468,2,2,141.7,0.2,141.6,100,141.3,150,,,,,,,,,,,,,,,,,141.8,107,142.1,100,,,,,,,,,,,,,,,,
2026-07-05T12:01:39.604962+00:00,2026-07-05T12:01:39.604831,2,2,141.7,0.2,141.6,100,141.3,150,,,,,,,,,,,,,,,,,141.8,57,142.1,100,,,,,,,,,,,,,,,,
2026-07-05T12:01:40.635281+00:00,2026-07-05T12:01:40.635218,2,1,141.85,0.5,141.6,100,141.3,150,,,,,,,,,,,,,,,,,142.1,100,,,,,,,,,,,,,,,,,,
2026-07-05T12:01:40.640443+00:00,2026-07-05T12:01:40.640385,1,1,141.85,0.5,141.6,100,,,,,,,,,,,,,,,,,,,142.1,100,,,,,,,,,,,,,,,,,,
2026-07-05T12:01:40.690432+00:00,2026-07-05T12:01:40.690394,2,1,141.85,0.5,141.6,100,141.4,150,,,,,,,,,,,,,,,,,142.1,100,,,,,,,,,,,,,,,,,,
2026-07-05T12:01:40.742738+00:00,2026-07-05T12:01:40.742659,2,2,141.75,0.3,141.6,100,141.4,150,,,,,,,,,,,,,,,,,141.9,150,142.1,100,,,,,,,,,,,,,,,,
2026-07-05T12:01:40.763991+00:00,2026-07-05T12:01:40.763830,2,2,141.75,0.3,141.6,54,141.4,150,,,,,,,,,,,,,,,,,141.9,150,142.1,100,,,,,,,,,,,,,,,,
2026-07-05T12:01:41.711977+00:00,2026-07-05T12:01:41.711928,2,2,141.75,0.3,141.6,54,141.4,150,,,,,,,,,,,,,,,,,141.9,100,142.1,100,,,,,,,,,,,,,,,,
2026-07-05T12:01:41.911281+00:00,2026-07-05T12:01:41.911121,2,2,141.75,0.3,141.6,12,141.4,150,,,,,,,,,,,,,,,,,141.9,100,142.1,100,,,,,,,,,,,,,,,,
2026-07-05T12:01:42.528825+00:00,2026-07-05T12:01:42.528964,1,1,141.65,0.5,141.4,150,,,,,,,,,,,,,,,,,,,141.9,100,,,,,,,,,,,,,,,,,,
2026-07-05T12:01:42.581932+00:00,2026-07-05T12:01:42.582041,1,1,141.65,0.5,141.4,250,,,,,,,,,,,,,,,,,,,141.9,100,,,,,,,,,,,,,,,,,,
2026-07-05T12:01:42.637748+00:00,2026-07-05T12:01:42.637646,1,1,141.65,0.5,141.4,250,,,,,,,,,,,,,,,,,,,141.9,200,,,,,,,,,,,,,,,,,,
2026-07-05T12:01:43.799959+00:00,2026-07-05T12:01:43.799896,1,1,141.65,0.5,141.4,100,,,,,,,,,,,,,,,,,,,141.9,100,,,,,,,,,,,,,,,,,,
2026-07-05T12:01:43.818709+00:00,2026-07-05T12:01:43.818631,1,1,141.65,0.5,141.4,100,,,,,,,,,,,,,,,,,,,141.9,50,,,,,,,,,,,,,,,,,,
2026-07-05T12:01:43.850395+00:00,2026-07-05T12:01:43.850551,2,1,141.7,0.4,141.5,150,141.4,100,,,,,,,,,,,,,,,,,141.9,50,,,,,,,,,,,,,,,,,,
2026-07-05T12:01:43.902718+00:00,2026-07-05T12:01:43.902862,2,2,141.7,0.4,141.5,150,141.4,100,,,,,,,,,,,,,,,,,141.9,50,142.0,150,,,,,,,,,,,,,,,,
2026-07-05T12:01:45.694347+00:00,2026-07-05T12:01:45.694261,1,1,141.75,0.5,141.5,150,,,,,,,,,,,,,,,,,,,142.0,150,,,,,,,,,,,,,,,,,,
2026-07-05T12:01:45.749695+00:00,2026-07-05T12:01:45.749654,2,1,141.75,0.5,141.5,150,141.4,100,,,,,,,,,,,,,,,,,142.0,150,,,,,,,,,,,,,,,,,,
2026-07-05T12:01:45.802188+00:00,2026-07-05T12:01:45.802109,2,2,141.7,0.4,141.5,150,141.4,100,,,,,,,,,,,,,,,,,141.9,100,142.0,150,,,,,,,,,,,,,,,,
2026-07-05T12:01:45.945805+00:00,2026-07-05T12:01:45.945689,2,2,141.7,0.4,141.5,150,141.4,100,,,,,,,,,,,,,,,,,141.9,50,142.0,150,,,,,,,,,,,,,,,,
2026-07-05T12:01:46.258596+00:00,2026-07-05T12:01:46.256198,2,2,141.7,0.4,141.5,150,141.4,100,,,,,,,,,,,,,,,,,141.9,5,142.0,150,,,,,,,,,,,,,,,,
2026-07-05T12:01:46.955862+00:00,2026-07-05T12:01:46.956007,1,1,141.65,0.5,141.4,100,,,,,,,,,,,,,,,,,,,141.9,5,,,,,,,,,,,,,,,,,,
2026-07-05T12:01:47.015604+00:00,2026-07-05T12:01:47.015708,2,1,141.8,0.2,141.7,150,141.4,100,,,,,,,,,,,,,,,,,141.9,5,,,,,,,,,,,,,,,,,,
2026-07-05T12:01:47.068599+00:00,2026-07-05T12:01:47.068446,2,2,141.8,0.2,141.7,150,141.4,100,,,,,,,,,,,,,,,,,141.9,5,142.2,150,,,,,,,,,,,,,,,,
2026-07-05T12:01:48.058677+00:00,2026-07-05T12:01:48.052221,2,1,141.95,0.5,141.7,150,141.4,100,,,,,,,,,,,,,,,,,142.2,150,,,,,,,,,,,,,,,,,,
2026-07-05T12:01:48.148591+00:00,2026-07-05T12:01:48.143826,2,1,141.95,0.5,141.7,147,141.4,100,,,,,,,,,,,,,,,,,142.2,150,,,,,,,,,,,,,,,,,,
2026-07-05T12:01:48.857265+00:00,2026-07-05T12:01:48.857129,1,1,141.95,0.5,141.7,147,,,,,,,,,,,,,,,,,,,142.2,150,,,,,,,,,,,,,,,,,,
2026-07-05T12:01:48.910055+00:00,2026-07-05T12:01:48.910188,2,1,141.95,0.5,141.7,147,141.5,100,,,,,,,,,,,,,,,,,142.2,150,,,,,,,,,,,,,,,,,,
2026-07-05T12:01:48.957684+00:00,2026-07-05T12:01:48.957812,2,2,141.85,0.3,141.7,147,141.5,100,,,,,,,,,,,,,,,,,142.0,100,142.2,150,,,,,,,,,,,,,,,,
2026-07-05T12:01:49.609243+00:00,2026-07-05T12:01:49.609174,2,2,141.85,0.3,141.7,100,141.5,100,,,,,,,,,,,,,,,,,142.0,100,142.2,150,,,,,,,,,,,,,,,,
2026-07-05T12:01:50.124191+00:00,2026-07-05T12:01:50.124082,1,1,141.75,0.5,141.5,100,,,,,,,,,,,,,,,,,,,142.0,100,,,,,,,,,,,,,,,,,,
2026-07-05T12:01:50.178913+00:00,2026-07-05T12:01:50.178826,2,1,141.75,0.5,141.5,100,141.2,150,,,,,,,,,,,,,,,,,142.0,100,,,,,,,,,,,,,,,,,,
2026-07-05T12:01:50.206289+00:00,2026-07-05T12:01:50.206226,2,1,141.75,0.5,141.5,50,141.2,150,,,,,,,,,,,,,,,,,142.0,100,,,,,,,,,,,,,,,,,,
2026-07-05T12:01:50.211604+00:00,2026-07-05T12:01:50.211452,2,1,141.75,0.5,141.5,4,141.2,150,,,,,,,,,,,,,,,,,142.0,100,,,,,,,,,,,,,,,,,,
2026-07-05T12:01:50.231306+00:00,2026-07-05T12:01:50.231200,2,2,141.6,0.2,141.5,4,141.2,150,,,,,,,,,,,,,,,,,141.7,150,142.0,100,,,,,,,,,,,,,,,,
2026-07-05T12:01:52.016313+00:00,2026-07-05T12:01:52.016133,1,1,141.45,0.5,141.2,150,,,,,,,,,,,,,,,,,,,141.7,150,,,,,,,,,,,,,,,,,,
2026-07-05T12:01:52.071067+00:00,2026-07-05T12:01:52.070956,1,1,141.45,0.5,141.2,250,,,,,,,,,,,,,,,,,,,141.7,150,,,,,,,,,,,,,,,,,,
2026-07-05T12:01:52.128642+00:00,2026-07-05T12:01:52.128575,1,1,141.45,0.5,141.2,250,,,,,,,,,,,,,,,,,,,141.7,250,,,,,,,,,,,,,,,,,,
2026-07-05T12:01:52.265430+00:00,2026-07-05T12:01:52.265585,1,1,141.45,0.5,141.2,250,,,,,,,,,,,,,,,,,,,141.7,200,,,,,,,,,,,,,,,,,,
2026-07-05T12:01:52.434105+00:00,2026-07-05T12:01:52.434024,1,1,141.45,0.5,141.2,250,,,,,,,,,,,,,,,,,,,141.7,157,,,,,,,,,,,,,,,,,,
2026-07-05T12:01:53.281529+00:00,2026-07-05T12:01:53.281642,1,1,141.45,0.5,141.2,100,,,,,,,,,,,,,,,,,,,141.7,100,,,,,,,,,,,,,,,,,,
2026-07-05T12:01:53.338184+00:00,2026-07-05T12:01:53.338103,2,1,141.55,0.3,141.4,150,141.2,100,,,,,,,,,,,,,,,,,141.7,100,,,,,,,,,,,,,,,,,,
2026-07-05T12:01:53.386856+00:00,2026-07-05T12:01:53.386765,2,2,141.55,0.3,141.4,150,141.2,100,,,,,,,,,,,,,,,,,141.7,100,141.9,150,,,,,,,,,,,,,,,,
2026-07-05T12:01:55.174948+00:00,2026-07-05T12:01:55.174837,2,1,141.65,0.5,141.4,150,141.2,100,,,,,,,,,,,,,,,,,141.9,150,,,,,,,,,,,,,,,,,,
2026-07-05T12:01:55.180056+00:00,2026-07-05T12:01:55.179999,1,1,141.65,0.5,141.4,150,,,,,,,,,,,,,,,,,,,141.9,150,,,,,,,,,,,,,,,,,,
2026-07-05T12:01:55.233543+00:00,2026-07-05T12:01:55.233376,2,1,141.65,0.5,141.4,150,141.0,100,,,,,,,,,,,,,,,,,141.9,150,,,,,,,,,,,,,,,,,,
2026-07-05T12:01:55.286123+00:00,2026-07-05T12:01:55.286005,2,2,141.45,0.1,141.4,150,141.0,100,,,,,,,,,,,,,,,,,141.5,100,141.9,150,,,,,,,,,,,,,,,,
2026-07-05T12:01:55.398760+00:00,2026-07-05T12:01:55.393244,2,2,141.45,0.1,141.4,150,141.0,100,,,,,,,,,,,,,,,,,141.5,97,141.9,150,,,,,,,,,,,,,,,,
2026-07-05T12:01:55.779048+00:00,2026-07-05T12:01:55.778967,2,2,141.45,0.1,141.4,150,141.0,100,,,,,,,,,,,,,,,,,141.5,55,141.9,150,,,,,,,,,,,,,,,,
2026-07-05T12:01:56.243868+00:00,2026-07-05T12:01:56.244002,2,2,141.45,0.1,141.4,150,141.0,100,,,,,,,,,,,,,,,,,141.5,9,141.9,150,,,,,,,,,,,,,,,,
2026-07-05T12:01:56.445595+00:00,2026-07-05T12:01:56.445461,1,1,141.25,0.5,141.0,100,,,,,,,,,,,,,,,,,,,141.5,9,,,,,,,,,,,,,,,,,,
2026-07-05T12:01:56.500986+00:00,2026-07-05T12:01:56.500852,2,0,,,141.6,141,141.0,100,,,,,,,,,,,,,,,,,,,,,,,,,,,,,,,,,,,,
2026-07-05T12:01:56.526669+00:00,2026-07-05T12:01:56.522848,2,0,,,141.6,91,141.0,100,,,,,,,,,,,,,,,,,,,,,,,,,,,,,,,,,,,,
2026-07-05T12:01:56.557686+00:00,2026-07-05T12:01:56.557598,2,1,141.85,0.5,141.6,91,141.0,100,,,,,,,,,,,,,,,,,142.1,150,,,,,,,,,,,,,,,,,,
2026-07-05T12:01:58.339912+00:00,2026-07-05T12:01:58.339793,1,1,141.85,0.5,141.6,91,,,,,,,,,,,,,,,,,,,142.1,150,,,,,,,,,,,,,,,,,,
2026-07-05T12:01:58.407909+00:00,2026-07-05T12:01:58.407835,2,1,141.85,0.5,141.6,91,141.5,100,,,,,,,,,,,,,,,,,142.1,150,,,,,,,,,,,,,,,,,,
2026-07-05T12:01:58.464212+00:00,2026-07-05T12:01:58.464305,2,2,141.8,0.4,141.6,91,141.5,100,,,,,,,,,,,,,,,,,142.0,100,142.1,150,,,,,,,,,,,,,,,,
2026-07-05T12:01:58.635217+00:00,2026-07-05T12:01:58.635053,2,2,141.8,0.4,141.6,41,141.5,100,,,,,,,,,,,,,,,,,142.0,100,142.1,150,,,,,,,,,,,,,,,,
2026-07-05T12:01:59.616201+00:00,2026-07-05T12:01:59.616108,1,1,141.75,0.5,141.5,100,,,,,,,,,,,,,,,,,,,142.0,100,,,,,,,,,,,,,,,,,,
2026-07-05T12:01:59.668717+00:00,2026-07-05T12:01:59.668617,2,1,141.75,0.5,141.5,100,141.1,150,,,,,,,,,,,,,,,,,142.0,100,,,,,,,,,,,,,,,,,,
2026-07-05T12:01:59.721740+00:00,2026-07-05T12:01:59.721532,2,2,141.55,0.1,141.5,100,141.1,150,,,,,,,,,,,,,,,,,141.6,150,142.0,100,,,,,,,,,,,,,,,,
2026-07-05T12:02:00.744824+00:00,2026-07-05T12:02:00.744759,2,2,141.55,0.1,141.5,50,141.1,150,,,,,,,,,,,,,,,,,141.6,150,142.0,100,,,,,,,,,,,,,,,,
2026-07-05T12:02:01.458679+00:00,2026-07-05T12:02:01.453755,2,2,141.55,0.1,141.5,3,141.1,150,,,,,,,,,,,,,,,,,141.6,150,142.0,100,,,,,,,,,,,,,,,,
2026-07-05T12:02:01.519666+00:00,2026-07-05T12:02:01.519640,1,1,141.35,0.5,141.1,150,,,,,,,,,,,,,,,,,,,141.6,150,,,,,,,,,,,,,,,,,,
2026-07-05T12:02:01.574255+00:00,2026-07-05T12:02:01.574166,2,1,141.5,0.2,141.4,100,141.1,150,,,,,,,,,,,,,,,,,141.6,150,,,,,,,,,,,,,,,,,,
2026-07-05T12:02:01.626579+00:00,2026-07-05T12:02:01.626665,2,2,141.5,0.2,141.4,100,141.1,150,,,,,,,,,,,,,,,,,141.6,150,141.9,100,,,,,,,,,,,,,,,,
2026-07-05T12:02:01.925203+00:00,2026-07-05T12:02:01.925121,2,2,141.5,0.2,141.4,100,141.1,150,,,,,,,,,,,,,,,,,141.6,105,141.9,100,,,,,,,,,,,,,,,,
2026-07-05T12:02:02.775728+00:00,2026-07-05T12:02:02.775688,1,1,141.65,0.5,141.4,100,,,,,,,,,,,,,,,,,,,141.9,100,,,,,,,,,,,,,,,,,,
2026-07-05T12:02:02.829771+00:00,2026-07-05T12:02:02.829723,2,1,141.65,0.5,141.4,100,141.2,150,,,,,,,,,,,,,,,,,141.9,100,,,,,,,,,,,,,,,,,,
2026-07-05T12:02:02.853610+00:00,2026-07-05T12:02:02.848022,2,1,141.65,0.5,141.4,50,141.2,150,,,,,,,,,,,,,,,,,141.9,100,,,,,,,,,,,,,,,,,,
2026-07-05T12:02:02.882515+00:00,2026-07-05T12:02:02.882406,2,2,141.55,0.3,141.4,50,141.2,150,,,,,,,,,,,,,,,,,141.7,150,141.9,100,,,,,,,,,,,,,,,,
2026-07-05T12:02:04.683052+00:00,2026-07-05T12:02:04.682957,1,1,141.45,0.5,141.2,150,,,,,,,,,,,,,,,,,,,141.7,150,,,,,,,,,,,,,,,,,,
2026-07-05T12:02:04.738088+00:00,2026-07-05T12:02:04.738011,2,1,141.45,0.5,141.2,150,140.9,100,,,,,,,,,,,,,,,,,141.7,150,,,,,,,,,,,,,,,,,,
2026-07-05T12:02:04.790911+00:00,2026-07-05T12:02:04.790840,2,2,141.3,0.2,141.2,150,140.9,100,,,,,,,,,,,,,,,,,141.4,100,141.7,150,,,,,,,,,,,,,,,,
2026-07-05T12:02:04.958642+00:00,2026-07-05T12:02:04.957820,2,2,141.3,0.2,141.2,52,140.9,100,,,,,,,,,,,,,,,,,141.4,100,141.7,150,,,,,,,,,,,,,,,,
2026-07-05T12:02:05.535720+00:00,2026-07-05T12:02:05.535648,2,2,141.3,0.2,141.2,4,140.9,100,,,,,,,,,,,,,,,,,141.4,100,141.7,150,,,,,,,,,,,,,,,,
2026-07-05T12:02:05.940138+00:00,2026-07-05T12:02:05.940029,1,1,141.15,0.5,140.9,100,,,,,,,,,,,,,,,,,,,141.4,100,,,,,,,,,,,,,,,,,,
2026-07-05T12:02:05.992652+00:00,2026-07-05T12:02:05.992607,2,1,141.15,0.5,140.9,100,140.6,150,,,,,,,,,,,,,,,,,141.4,100,,,,,,,,,,,,,,,,,,
2026-07-05T12:02:06.056933+00:00,2026-07-05T12:02:06.051282,2,2,141.0,0.2,140.9,100,140.6,150,,,,,,,,,,,,,,,,,141.1,147,141.4,100,,,,,,,,,,,,,,,,
2026-07-05T12:02:07.057348+00:00,2026-07-05T12:02:07.058293,2,2,141.0,0.2,140.9,50,140.6,150,,,,,,,,,,,,,,,,,141.1,147,141.4,100,,,,,,,,,,,,,,,,
2026-07-05T12:02:07.845017+00:00,2026-07-05T12:02:07.845128,1,1,140.85,0.5,140.6,150,,,,,,,,,,,,,,,,,,,141.1,147,,,,,,,,,,,,,,,,,,
2026-07-05T12:02:07.898050+00:00,2026-07-05T12:02:07.897933,2,1,140.9,0.4,140.7,100,140.6,150,,,,,,,,,,,,,,,,,141.1,147,,,,,,,,,,,,,,,,,,
2026-07-05T12:02:07.958650+00:00,2026-07-05T12:02:07.952259,2,2,140.9,0.4,140.7,100,140.6,150,,,,,,,,,,,,,,,,,141.1,147,141.2,100,,,,,,,,,,,,,,,,
2026-07-05T12:02:09.100177+00:00,2026-07-05T12:02:09.100041,1,1,140.95,0.5,140.7,100,,,,,,,,,,,,,,,,,,,141.2,100,,,,,,,,,,,,,,,,,,
2026-07-05T12:02:09.158575+00:00,2026-07-05T12:02:09.152674,2,1,140.95,0.5,140.7,100,140.6,150,,,,,,,,,,,,,,,,,141.2,100,,,,,,,,,,,,,,,,,,
2026-07-05T12:02:09.173463+00:00,2026-07-05T12:02:09.173613,2,1,140.95,0.5,140.7,50,140.6,150,,,,,,,,,,,,,,,,,141.2,100,,,,,,,,,,,,,,,,,,
2026-07-05T12:02:09.215530+00:00,2026-07-05T12:02:09.215493,2,2,140.9,0.4,140.7,50,140.6,150,,,,,,,,,,,,,,,,,141.1,150,141.2,100,,,,,,,,,,,,,,,,
2026-07-05T12:02:11.003502+00:00,2026-07-05T12:02:11.003378,1,1,140.85,0.5,140.6,150,,,,,,,,,,,,,,,,,,,141.1,150,,,,,,,,,,,,,,,,,,
2026-07-05T12:02:11.058634+00:00,2026-07-05T12:02:11.055904,2,1,140.9,0.4,140.7,100,140.6,150,,,,,,,,,,,,,,,,,141.1,150,,,,,,,,,,,,,,,,,,
2026-07-05T12:02:11.123580+00:00,2026-07-05T12:02:11.123510,2,2,140.9,0.4,140.7,100,140.6,150,,,,,,,,,,,,,,,,,141.1,150,141.2,100,,,,,,,,,,,,,,,,
2026-07-05T12:02:12.269553+00:00,2026-07-05T12:02:12.269516,1,1,140.95,0.5,140.7,100,,,,,,,,,,,,,,,,,,,141.2,100,,,,,,,,,,,,,,,,,,
2026-07-05T12:02:12.336036+00:00,2026-07-05T12:02:12.336170,2,1,140.95,0.5,140.7,100,140.5,150,,,,,,,,,,,,,,,,,141.2,100,,,,,,,,,,,,,,,,,,
2026-07-05T12:02:12.380153+00:00,2026-07-05T12:02:12.380052,2,2,140.85,0.3,140.7,100,140.5,150,,,,,,,,,,,,,,,,,141.0,150,141.2,100,,,,,,,,,,,,,,,,
2026-07-05T12:02:13.384092+00:00,2026-07-05T12:02:13.384060,2,2,140.85,0.3,140.7,50,140.5,150,,,,,,,,,,,,,,,,,141.0,150,141.2,100,,,,,,,,,,,,,,,,
2026-07-05T12:02:13.968838+00:00,2026-07-05T12:02:13.969028,2,2,140.85,0.3,140.7,50,140.5,150,,,,,,,,,,,,,,,,,141.0,107,141.2,100,,,,,,,,,,,,,,,,
2026-07-05T12:02:14.174333+00:00,2026-07-05T12:02:14.174238,2,1,140.85,0.3,140.7,50,140.5,150,,,,,,,,,,,,,,,,,141.0,107,,,,,,,,,,,,,,,,,,
2026-07-05T12:02:14.179442+00:00,2026-07-05T12:02:14.179387,1,1,140.75,0.5,140.5,150,,,,,,,,,,,,,,,,,,,141.0,107,,,,,,,,,,,,,,,,,,
2026-07-05T12:02:14.227831+00:00,2026-07-05T12:02:14.227715,2,1,140.75,0.5,140.5,150,140.3,100,,,,,,,,,,,,,,,,,141.0,107,,,,,,,,,,,,,,,,,,
2026-07-05T12:02:14.284226+00:00,2026-07-05T12:02:14.284105,2,2,140.65,0.3,140.5,150,140.3,100,,,,,,,,,,,,,,,,,140.8,100,141.0,107,,,,,,,,,,,,,,,,
2026-07-05T12:02:14.767871+00:00,2026-07-05T12:02:14.762429,2,2,140.65,0.3,140.5,150,140.3,100,,,,,,,,,,,,,,,,,140.8,77,141.0,107,,,,,,,,,,,,,,,,
2026-07-05T12:02:15.399509+00:00,2026-07-05T12:02:15.394036,2,2,140.65,0.3,140.5,150,140.3,100,,,,,,,,,,,,,,,,,140.8,66,141.0,107,,,,,,,,,,,,,,,,
2026-07-05T12:02:15.435731+00:00,2026-07-05T12:02:15.435613,2,1,140.65,0.3,140.5,150,140.3,100,,,,,,,,,,,,,,,,,140.8,66,,,,,,,,,,,,,,,,,,
2026-07-05T12:02:15.440952+00:00,2026-07-05T12:02:15.440767,1,1,140.55,0.5,140.3,100,,,,,,,,,,,,,,,,,,,140.8,66,,,,,,,,,,,,,,,,,,
2026-07-05T12:02:15.445941+00:00,2026-07-05T12:02:15.446045,1,1,140.55,0.5,140.3,100,,,,,,,,,,,,,,,,,,,140.8,16,,,,,,,,,,,,,,,,,,
2026-07-05T12:02:15.490134+00:00,2026-07-05T12:02:15.490097,2,0,,,140.8,134,140.3,100,,,,,,,,,,,,,,,,,,,,,,,,,,,,,,,,,,,,
2026-07-05T12:02:15.542862+00:00,2026-07-05T12:02:15.542800,2,1,141.05,0.5,140.8,134,140.3,100,,,,,,,,,,,,,,,,,141.3,150,,,,,,,,,,,,,,,,,,
2026-07-05T12:02:17.338274+00:00,2026-07-05T12:02:17.338222,1,1,141.05,0.5,140.8,134,,,,,,,,,,,,,,,,,,,141.3,150,,,,,,,,,,,,,,,,,,
2026-07-05T12:02:17.391102+00:00,2026-07-05T12:02:17.391013,2,1,141.1,0.4,140.9,100,140.8,134,,,,,,,,,,,,,,,,,141.3,150,,,,,,,,,,,,,,,,,,
2026-07-05T12:02:17.443924+00:00,2026-07-05T12:02:17.444023,2,2,141.1,0.4,140.9,100,140.8,134,,,,,,,,,,,,,,,,,141.3,150,141.4,100,,,,,,,,,,,,,,,,
2026-07-05T12:02:17.550498+00:00,2026-07-05T12:02:17.550387,2,2,141.1,0.4,140.9,100,140.8,134,,,,,,,,,,,,,,,,,141.3,100,141.4,100,,,,,,,,,,,,,,,,
2026-07-05T12:02:18.600910+00:00,2026-07-05T12:02:18.600852,1,1,141.15,0.5,140.9,100,,,,,,,,,,,,,,,,,,,141.4,100,,,,,,,,,,,,,,,,,,
2026-07-05T12:02:18.656044+00:00,2026-07-05T12:02:18.656171,2,1,141.2,0.4,141.0,150,140.9,100,,,,,,,,,,,,,,,,,141.4,100,,,,,,,,,,,,,,,,,,
2026-07-05T12:02:18.709794+00:00,2026-07-05T12:02:18.709701,2,2,141.2,0.4,141.0,150,140.9,100,,,,,,,,,,,,,,,,,141.4,100,141.5,150,,,,,,,,,,,,,,,,
2026-07-05T12:02:19.876247+00:00,2026-07-05T12:02:19.876201,2,2,141.2,0.4,141.0,103,140.9,100,,,,,,,,,,,,,,,,,141.4,100,141.5,150,,,,,,,,,,,,,,,,
2026-07-05T12:02:20.494895+00:00,2026-07-05T12:02:20.494809,2,1,141.25,0.5,141.0,103,140.9,100,,,,,,,,,,,,,,,,,141.5,150,,,,,,,,,,,,,,,,,,
2026-07-05T12:02:20.500080+00:00,2026-07-05T12:02:20.499964,1,1,141.25,0.5,141.0,103,,,,,,,,,,,,,,,,,,,141.5,150,,,,,,,,,,,,,,,,,,
2026-07-05T12:02:20.548082+00:00,2026-07-05T12:02:20.548010,2,1,141.25,0.5,141.0,103,140.9,100,,,,,,,,,,,,,,,,,141.5,150,,,,,,,,,,,,,,,,,,
2026-07-05T12:02:20.600636+00:00,2026-07-05T12:02:20.600562,2,2,141.2,0.4,141.0,103,140.9,100,,,,,,,,,,,,,,,,,141.4,100,141.5,150,,,,,,,,,,,,,,,,
2026-07-05T12:02:21.763910+00:00,2026-07-05T12:02:21.763835,1,1,141.15,0.5,140.9,100,,,,,,,,,,,,,,,,,,,141.4,100,,,,,,,,,,,,,,,,,,
2026-07-05T12:02:21.812389+00:00,2026-07-05T12:02:21.812320,1,1,141.15,0.5,140.9,50,,,,,,,,,,,,,,,,,,,141.4,100,,,,,,,,,,,,,,,,,,
2026-07-05T12:02:21.817641+00:00,2026-07-05T12:02:21.817472,1,1,141.15,0.5,140.9,200,,,,,,,,,,,,,,,,,,,141.4,100,,,,,,,,,,,,,,,,,,
2026-07-05T12:02:21.869210+00:00,2026-07-05T12:02:21.869103,1,1,141.15,0.5,140.9,200,,,,,,,,,,,,,,,,,,,141.4,250,,,,,,,,,,,,,,,,,,
2026-07-05T12:02:23.658621+00:00,2026-07-05T12:02:23.654543,1,1,141.15,0.5,140.9,150,,,,,,,,,,,,,,,,,,,141.4,150,,,,,,,,,,,,,,,,,,
2026-07-05T12:02:23.713543+00:00,2026-07-05T12:02:23.713465,1,1,141.15,0.5,140.9,250,,,,,,,,,,,,,,,,,,,141.4,150,,,,,,,,,,,,,,,,,,
2026-07-05T12:02:23.766156+00:00,2026-07-05T12:02:23.766096,1,1,141.15,0.5,140.9,250,,,,,,,,,,,,,,,,,,,141.4,250,,,,,,,,,,,,,,,,,,
2026-07-05T12:02:23.918810+00:00,2026-07-05T12:02:23.918745,1,1,141.15,0.5,140.9,200,,,,,,,,,,,,,,,,,,,141.4,250,,,,,,,,,,,,,,,,,,
2026-07-05T12:02:24.921810+00:00,2026-07-05T12:02:24.921688,1,1,141.15,0.5,140.9,100,,,,,,,,,,,,,,,,,,,141.4,100,,,,,,,,,,,,,,,,,,
2026-07-05T12:02:24.977846+00:00,2026-07-05T12:02:24.977673,2,1,141.15,0.5,140.9,100,140.8,150,,,,,,,,,,,,,,,,,141.4,100,,,,,,,,,,,,,,,,,,
2026-07-05T12:02:25.030846+00:00,2026-07-05T12:02:25.030730,2,2,141.1,0.4,140.9,100,140.8,150,,,,,,,,,,,,,,,,,141.3,150,141.4,100,,,,,,,,,,,,,,,,
2026-07-05T12:02:25.463883+00:00,2026-07-05T12:02:25.463826,2,2,141.1,0.4,140.9,100,140.8,150,,,,,,,,,,,,,,,,,141.3,106,141.4,100,,,,,,,,,,,,,,,,
2026-07-05T12:02:25.952075+00:00,2026-07-05T12:02:25.952410,2,2,141.1,0.4,140.9,100,140.8,150,,,,,,,,,,,,,,,,,141.3,57,141.4,100,,,,,,,,,,,,,,,,
2026-07-05T12:02:26.026770+00:00,2026-07-05T12:02:26.026697,2,2,141.1,0.4,140.9,50,140.8,150,,,,,,,,,,,,,,,,,141.3,57,141.4,100,,,,,,,,,,,,,,,,
2026-07-05T12:02:26.820706+00:00,2026-07-05T12:02:26.820683,1,1,141.05,0.5,140.8,150,,,,,,,,,,,,,,,,,,,141.3,57,,,,,,,,,,,,,,,,,,
2026-07-05T12:02:26.884804+00:00,2026-07-05T12:02:26.884722,2,1,141.1,0.4,140.9,100,140.8,150,,,,,,,,,,,,,,,,,141.3,57,,,,,,,,,,,,,,,,,,
2026-07-05T12:02:26.934005+00:00,2026-07-05T12:02:26.933953,2,2,141.1,0.4,140.9,100,140.8,150,,,,,,,,,,,,,,,,,141.3,57,141.4,100,,,,,,,,,,,,,,,,
2026-07-05T12:02:27.044091+00:00,2026-07-05T12:02:27.043924,2,2,141.1,0.4,140.9,54,140.8,150,,,,,,,,,,,,,,,,,141.3,57,141.4,100,,,,,,,,,,,,,,,,
2026-07-05T12:02:28.090408+00:00,2026-07-05T12:02:28.090385,1,1,141.15,0.5,140.9,54,,,,,,,,,,,,,,,,,,,141.4,100,,,,,,,,,,,,,,,,,,
2026-07-05T12:02:28.142157+00:00,2026-07-05T12:02:28.142116,2,0,,,141.4,50,140.9,54,,,,,,,,,,,,,,,,,,,,,,,,,,,,,,,,,,,,
2026-07-05T12:02:28.209131+00:00,2026-07-05T12:02:28.203535,2,1,141.65,0.5,141.4,39,140.9,54,,,,,,,,,,,,,,,,,141.9,150,,,,,,,,,,,,,,,,,,
2026-07-05T12:02:29.802745+00:00,2026-07-05T12:02:29.802880,1,1,141.4,1.0,140.9,54,,,,,,,,,,,,,,,,,,,141.9,150,,,,,,,,,,,,,,,,,,
2026-07-05T12:02:29.991005+00:00,2026-07-05T12:02:29.990953,0,1,,,,,,,,,,,,,,,,,,,,,,,141.9,150,,,,,,,,,,,,,,,,,,
2026-07-05T12:02:30.040687+00:00,2026-07-05T12:02:30.040923,1,1,141.55,0.7,141.2,100,,,,,,,,,,,,,,,,,,,141.9,150,,,,,,,,,,,,,,,,,,
2026-07-05T12:02:30.094687+00:00,2026-07-05T12:02:30.094613,1,2,141.45,0.5,141.2,100,,,,,,,,,,,,,,,,,,,141.7,100,141.9,150,,,,,,,,,,,,,,,,
2026-07-05T12:02:30.194660+00:00,2026-07-05T12:02:30.194570,1,2,141.45,0.5,141.2,100,,,,,,,,,,,,,,,,,,,141.7,50,141.9,150,,,,,,,,,,,,,,,,
2026-07-05T12:02:31.248535+00:00,2026-07-05T12:02:31.248425,1,1,141.45,0.5,141.2,100,,,,,,,,,,,,,,,,,,,141.7,50,,,,,,,,,,,,,,,,,,
2026-07-05T12:02:31.301988+00:00,2026-07-05T12:02:31.301915,2,1,141.45,0.5,141.2,100,141.1,150,,,,,,,,,,,,,,,,,141.7,50,,,,,,,,,,,,,,,,,,
2026-07-05T12:02:31.355060+00:00,2026-07-05T12:02:31.355024,2,2,141.4,0.4,141.2,100,141.1,150,,,,,,,,,,,,,,,,,141.6,150,141.7,50,,,,,,,,,,,,,,,,
2026-07-05T12:02:31.593740+00:00,2026-07-05T12:02:31.593640,2,2,141.4,0.4,141.2,100,141.1,150,,,,,,,,,,,,,,,,,141.6,101,141.7,50,,,,,,,,,,,,,,,,
2026-07-05T12:02:32.348596+00:00,2026-07-05T12:02:32.348725,2,2,141.4,0.4,141.2,50,141.1,150,,,,,,,,,,,,,,,,,141.6,101,141.7,50,,,,,,,,,,,,,,,,
2026-07-05T12:02:33.149246+00:00,2026-07-05T12:02:33.149085,1,1,141.35,0.5,141.1,150,,,,,,,,,,,,,,,,,,,141.6,101,,,,,,,,,,,,,,,,,,
2026-07-05T12:02:33.204510+00:00,2026-07-05T12:02:33.204447,2,1,141.4,0.4,141.2,100,141.1,150,,,,,,,,,,,,,,,,,141.6,101,,,,,,,,,,,,,,,,,,
2026-07-05T12:02:33.263887+00:00,2026-07-05T12:02:33.263735,2,2,141.4,0.4,141.2,100,141.1,150,,,,,,,,,,,,,,,,,141.6,101,141.7,100,,,,,,,,,,,,,,,,
2026-07-05T12:02:34.412400+00:00,2026-07-05T12:02:34.412328,2,1,141.45,0.5,141.2,100,141.1,150,,,,,,,,,,,,,,,,,141.7,100,,,,,,,,,,,,,,,,,,
2026-07-05T12:02:34.417581+00:00,2026-07-05T12:02:34.417481,1,1,141.45,0.5,141.2,100,,,,,,,,,,,,,,,,,,,141.7,100,,,,,,,,,,,,,,,,,,
2026-07-05T12:02:34.463647+00:00,2026-07-05T12:02:34.463787,1,1,141.45,0.5,141.2,50,,,,,,,,,,,,,,,,,,,141.7,100,,,,,,,,,,,,,,,,,,
2026-07-05T12:02:34.468895+00:00,2026-07-05T12:02:34.468956,1,1,141.45,0.5,141.2,200,,,,,,,,,,,,,,,,,,,141.7,100,,,,,,,,,,,,,,,,,,
2026-07-05T12:02:34.519999+00:00,2026-07-05T12:02:34.519963,1,1,141.45,0.5,141.2,200,,,,,,,,,,,,,,,,,,,141.7,250,,,,,,,,,,,,,,,,,,
2026-07-05T12:02:36.094762+00:00,2026-07-05T12:02:36.094641,1,1,141.45,0.5,141.2,158,,,,,,,,,,,,,,,,,,,141.7,250,,,,,,,,,,,,,,,,,,
2026-07-05T12:02:36.307129+00:00,2026-07-05T12:02:36.307087,1,1,141.45,0.5,141.2,158,,,,,,,,,,,,,,,,,,,141.7,150,,,,,,,,,,,,,,,,,,
2026-07-05T12:02:36.312332+00:00,2026-07-05T12:02:36.312232,1,1,141.45,0.5,141.2,150,,,,,,,,,,,,,,,,,,,141.7,150,,,,,,,,,,,,,,,,,,
2026-07-05T12:02:36.360522+00:00,2026-07-05T12:02:36.360419,2,1,141.45,0.5,141.2,150,140.9,100,,,,,,,,,,,,,,,,,141.7,150,,,,,,,,,,,,,,,,,,
2026-07-05T12:02:36.414494+00:00,2026-07-05T12:02:36.414427,2,2,141.3,0.2,141.2,150,140.9,100,,,,,,,,,,,,,,,,,141.4,100,141.7,150,,,,,,,,,,,,,,,,
2026-07-05T12:02:36.579250+00:00,2026-07-05T12:02:36.579151,2,2,141.3,0.2,141.2,100,140.9,100,,,,,,,,,,,,,,,,,141.4,100,141.7,150,,,,,,,,,,,,,,,,
2026-07-05T12:02:37.573934+00:00,2026-07-05T12:02:37.573795,2,1,141.3,0.2,141.2,100,140.9,100,,,,,,,,,,,,,,,,,141.4,100,,,,,,,,,,,,,,,,,,
2026-07-05T12:02:37.579018+00:00,2026-07-05T12:02:37.578942,1,1,141.15,0.5,140.9,100,,,,,,,,,,,,,,,,,,,141.4,100,,,,,,,,,,,,,,,,,,
2026-07-05T12:02:37.629228+00:00,2026-07-05T12:02:37.629345,2,1,141.2,0.4,141.0,150,140.9,100,,,,,,,,,,,,,,,,,141.4,100,,,,,,,,,,,,,,,,,,
2026-07-05T12:02:37.682449+00:00,2026-07-05T12:02:37.682399,2,2,141.2,0.4,141.0,150,140.9,100,,,,,,,,,,,,,,,,,141.4,100,141.5,150,,,,,,,,,,,,,,,,
2026-07-05T12:02:38.685279+00:00,2026-07-05T12:02:38.685146,2,2,141.2,0.4,141.0,100,140.9,100,,,,,,,,,,,,,,,,,141.4,100,141.5,150,,,,,,,,,,,,,,,,
2026-07-05T12:02:39.469713+00:00,2026-07-05T12:02:39.469911,1,1,141.25,0.5,141.0,100,,,,,,,,,,,,,,,,,,,141.5,150,,,,,,,,,,,,,,,,,,
2026-07-05T12:02:39.518864+00:00,2026-07-05T12:02:39.518759,2,1,141.25,0.5,141.0,100,140.8,100,,,,,,,,,,,,,,,,,141.5,150,,,,,,,,,,,,,,,,,,
2026-07-05T12:02:39.579653+00:00,2026-07-05T12:02:39.579480,2,2,141.15,0.3,141.0,100,140.8,100,,,,,,,,,,,,,,,,,141.3,100,141.5,150,,,,,,,,,,,,,,,,
2026-07-05T12:02:39.987944+00:00,2026-07-05T12:02:39.987874,2,2,141.15,0.3,141.0,100,140.8,100,,,,,,,,,,,,,,,,,141.3,56,141.5,150,,,,,,,,,,,,,,,,
2026-07-05T12:02:40.738770+00:00,2026-07-05T12:02:40.738613,2,1,141.15,0.3,141.0,100,140.8,100,,,,,,,,,,,,,,,,,141.3,56,,,,,,,,,,,,,,,,,,
2026-07-05T12:02:40.743965+00:00,2026-07-05T12:02:40.743801,1,1,141.05,0.5,140.8,100,,,,,,,,,,,,,,,,,,,141.3,56,,,,,,,,,,,,,,,,,,
2026-07-05T12:02:40.816604+00:00,2026-07-05T12:02:40.816515,2,1,141.05,0.5,140.8,100,140.7,150,,,,,,,,,,,,,,,,,141.3,56,,,,,,,,,,,,,,,,,,
2026-07-05T12:02:40.879432+00:00,2026-07-05T12:02:40.872793,2,2,141.0,0.4,140.8,100,140.7,150,,,,,,,,,,,,,,,,,141.2,139,141.3,56,,,,,,,,,,,,,,,,
2026-07-05T12:02:41.753636+00:00,2026-07-05T12:02:41.753836,2,2,141.0,0.4,140.8,55,140.7,150,,,,,,,,,,,,,,,,,141.2,139,141.3,56,,,,,,,,,,,,,,,,
2026-07-05T12:02:42.635011+00:00,2026-07-05T12:02:42.634962,1,1,140.95,0.5,140.7,150,,,,,,,,,,,,,,,,,,,141.2,139,,,,,,,,,,,,,,,,,,
2026-07-05T12:02:42.684814+00:00,2026-07-05T12:02:42.684788,2,1,141.0,0.4,140.8,100,140.7,150,,,,,,,,,,,,,,,,,141.2,139,,,,,,,,,,,,,,,,,,
2026-07-05T12:02:42.742975+00:00,2026-07-05T12:02:42.742850,2,2,141.0,0.4,140.8,100,140.7,150,,,,,,,,,,,,,,,,,141.2,139,141.3,100,,,,,,,,,,,,,,,,
2026-07-05T12:02:42.862971+00:00,2026-07-05T12:02:42.862638,2,2,141.0,0.4,140.8,100,140.7,150,,,,,,,,,,,,,,,,,141.2,89,141.3,100,,,,,,,,,,,,,,,,
2026-07-05T12:02:43.923613+00:00,2026-07-05T12:02:43.923764,1,1,141.05,0.5,140.8,100,,,,,,,,,,,,,,,,,,,141.3,100,,,,,,,,,,,,,,,,,,
2026-07-05T12:02:43.976637+00:00,2026-07-05T12:02:43.976556,2,1,141.1,0.4,140.9,150,140.8,100,,,,,,,,,,,,,,,,,141.3,100,,,,,,,,,,,,,,,,,,
2026-07-05T12:02:44.029090+00:00,2026-07-05T12:02:44.028995,2,1,141.1,0.4,140.9,150,140.8,100,,,,,,,,,,,,,,,,,141.3,250,,,,,,,,,,,,,,,,,,
2026-07-05T12:02:44.976331+00:00,2026-07-05T12:02:44.976536,2,1,141.1,0.4,140.9,150,140.8,100,,,,,,,,,,,,,,,,,141.3,153,,,,,,,,,,,,,,,,,,
2026-07-05T12:02:45.795838+00:00,2026-07-05T12:02:45.796062,1,1,141.1,0.4,140.9,150,,,,,,,,,,,,,,,,,,,141.3,150,,,,,,,,,,,,,,,,,,
2026-07-05T12:02:45.858663+00:00,2026-07-05T12:02:45.850892,2,1,141.15,0.3,141.0,100,140.9,150,,,,,,,,,,,,,,,,,141.3,150,,,,,,,,,,,,,,,,,,
2026-07-05T12:02:45.905962+00:00,2026-07-05T12:02:45.906053,2,2,141.15,0.3,141.0,100,140.9,150,,,,,,,,,,,,,,,,,141.3,150,141.5,100,,,,,,,,,,,,,,,,
2026-07-05T12:02:46.005990+00:00,2026-07-05T12:02:46.005967,2,2,141.15,0.3,141.0,100,140.9,150,,,,,,,,,,,,,,,,,141.3,110,141.5,100,,,,,,,,,,,,,,,,
2026-07-05T12:02:47.085592+00:00,2026-07-05T12:02:47.085512,2,1,141.25,0.5,141.0,100,140.9,150,,,,,,,,,,,,,,,,,141.5,100,,,,,,,,,,,,,,,,,,
2026-07-05T12:02:47.090606+00:00,2026-07-05T12:02:47.090683,1,1,141.25,0.5,141.0,100,,,,,,,,,,,,,,,,,,,141.5,100,,,,,,,,,,,,,,,,,,
2026-07-05T12:02:47.118286+00:00,2026-07-05T12:02:47.118159,1,1,141.25,0.5,141.0,100,,,,,,,,,,,,,,,,,,,141.5,50,,,,,,,,,,,,,,,,,,
2026-07-05T12:02:47.144253+00:00,2026-07-05T12:02:47.144071,1,1,141.25,0.5,141.0,250,,,,,,,,,,,,,,,,,,,141.5,50,,,,,,,,,,,,,,,,,,
2026-07-05T12:02:47.192670+00:00,2026-07-05T12:02:47.192595,1,1,141.25,0.5,141.0,250,,,,,,,,,,,,,,,,,,,141.5,200,,,,,,,,,,,,,,,,,,
2026-07-05T12:02:48.958620+00:00,2026-07-05T12:02:48.955191,1,1,141.25,0.5,141.0,150,,,,,,,,,,,,,,,,,,,141.5,150,,,,,,,,,,,,,,,,,,
2026-07-05T12:02:49.010946+00:00,2026-07-05T12:02:49.010859,2,1,141.3,0.4,141.1,100,141.0,150,,,,,,,,,,,,,,,,,141.5,150,,,,,,,,,,,,,,,,,,
2026-07-05T12:02:49.066484+00:00,2026-07-05T12:02:49.066406,2,2,141.3,0.4,141.1,100,141.0,150,,,,,,,,,,,,,,,,,141.5,150,141.6,100,,,,,,,,,,,,,,,,
2026-07-05T12:02:49.224803+00:00,2026-07-05T12:02:49.224750,2,2,141.3,0.4,141.1,100,141.0,150,,,,,,,,,,,,,,,,,141.5,100,141.6,100,,,,,,,,,,,,,,,,
2026-07-05T12:02:50.263769+00:00,2026-07-05T12:02:50.263954,1,1,141.35,0.5,141.1,100,,,,,,,,,,,,,,,,,,,141.6,100,,,,,,,,,,,,,,,,,,
2026-07-05T12:02:50.306298+00:00,2026-07-05T12:02:50.306391,1,1,141.35,0.5,141.1,250,,,,,,,,,,,,,,,,,,,141.6,100,,,,,,,,,,,,,,,,,,
2026-07-05T12:02:50.354833+00:00,2026-07-05T12:02:50.354690,1,1,141.35,0.5,141.1,250,,,,,,,,,,,,,,,,,,,141.6,250,,,,,,,,,,,,,,,,,,
2026-07-05T12:02:51.330721+00:00,2026-07-05T12:02:51.330860,1,1,141.35,0.5,141.1,250,,,,,,,,,,,,,,,,,,,141.6,200,,,,,,,,,,,,,,,,,,
2026-07-05T12:02:51.767233+00:00,2026-07-05T12:02:51.767118,1,1,141.35,0.5,141.1,204,,,,,,,,,,,,,,,,,,,141.6,200,,,,,,,,,,,,,,,,,,
2026-07-05T12:02:52.113970+00:00,2026-07-05T12:02:52.113821,1,1,141.35,0.5,141.1,150,,,,,,,,,,,,,,,,,,,141.6,150,,,,,,,,,,,,,,,,,,
2026-07-05T12:02:52.169573+00:00,2026-07-05T12:02:52.169763,2,1,141.4,0.4,141.2,100,141.1,150,,,,,,,,,,,,,,,,,141.6,150,,,,,,,,,,,,,,,,,,
2026-07-05T12:02:52.226716+00:00,2026-07-05T12:02:52.226681,2,2,141.4,0.4,141.2,100,141.1,150,,,,,,,,,,,,,,,,,141.6,150,141.7,100,,,,,,,,,,,,,,,,
2026-07-05T12:02:53.410328+00:00,2026-07-05T12:02:53.410250,1,1,141.45,0.5,141.2,100,,,,,,,,,,,,,,,,,,,141.7,100,,,,,,,,,,,,,,,,,,
2026-07-05T12:02:53.433839+00:00,2026-07-05T12:02:53.433763,1,1,141.45,0.5,141.2,100,,,,,,,,,,,,,,,,,,,141.7,50,,,,,,,,,,,,,,,,,,
2026-07-05T12:02:53.459115+00:00,2026-07-05T12:02:53.458975,1,1,141.45,0.5,141.2,250,,,,,,,,,,,,,,,,,,,141.7,50,,,,,,,,,,,,,,,,,,
2026-07-05T12:02:53.527311+00:00,2026-07-05T12:02:53.527148,1,1,141.45,0.5,141.2,250,,,,,,,,,,,,,,,,,,,141.7,200,,,,,,,,,,,,,,,,,,
2026-07-05T12:02:54.288710+00:00,2026-07-05T12:02:54.288823,1,1,141.45,0.5,141.2,208,,,,,,,,,,,,,,,,,,,141.7,200,,,,,,,,,,,,,,,,,,
2026-07-05T12:02:55.211836+00:00,2026-07-05T12:02:55.211702,1,1,141.45,0.5,141.2,165,,,,,,,,,,,,,,,,,,,141.7,200,,,,,,,,,,,,,,,,,,
2026-07-05T12:02:55.280224+00:00,2026-07-05T12:02:55.280111,1,1,141.45,0.5,141.2,150,,,,,,,,,,,,,,,,,,,141.7,150,,,,,,,,,,,,,,,,,,
2026-07-05T12:02:55.334853+00:00,2026-07-05T12:02:55.334740,2,1,141.45,0.5,141.2,150,141.0,100,,,,,,,,,,,,,,,,,141.7,150,,,,,,,,,,,,,,,,,,
2026-07-05T12:02:55.387507+00:00,2026-07-05T12:02:55.387425,2,2,141.35,0.3,141.2,150,141.0,100,,,,,,,,,,,,,,,,,141.5,100,141.7,150,,,,,,,,,,,,,,,,
2026-07-05T12:02:55.595587+00:00,2026-07-05T12:02:55.595510,2,2,141.35,0.3,141.2,100,141.0,100,,,,,,,,,,,,,,,,,141.5,100,141.7,150,,,,,,,,,,,,,,,,
2026-07-05T12:02:56.592193+00:00,2026-07-05T12:02:56.592064,1,1,141.25,0.5,141.0,100,,,,,,,,,,,,,,,,,,,141.5,100,,,,,,,,,,,,,,,,,,
2026-07-05T12:02:56.641641+00:00,2026-07-05T12:02:56.641588,2,1,141.3,0.4,141.1,150,141.0,100,,,,,,,,,,,,,,,,,141.5,100,,,,,,,,,,,,,,,,,,
2026-07-05T12:02:56.694656+00:00,2026-07-05T12:02:56.694547,2,2,141.3,0.4,141.1,150,141.0,100,,,,,,,,,,,,,,,,,141.5,100,141.6,150,,,,,,,,,,,,,,,,
2026-07-05T12:02:57.235909+00:00,2026-07-05T12:02:57.235844,2,2,141.3,0.4,141.1,150,141.0,100,,,,,,,,,,,,,,,,,141.5,53,141.6,150,,,,,,,,,,,,,,,,
2026-07-05T12:02:57.703394+00:00,2026-07-05T12:02:57.703285,2,2,141.3,0.4,141.1,100,141.0,100,,,,,,,,,,,,,,,,,141.5,53,141.6,150,,,,,,,,,,,,,,,,
2026-07-05T12:02:58.444186+00:00,2026-07-05T12:02:58.444102,1,1,141.35,0.5,141.1,100,,,,,,,,,,,,,,,,,,,141.6,150,,,,,,,,,,,,,,,,,,
2026-07-05T12:02:58.496051+00:00,2026-07-05T12:02:58.495887,2,1,141.55,0.1,141.5,100,141.1,100,,,,,,,,,,,,,,,,,141.6,150,,,,,,,,,,,,,,,,,,
2026-07-05T12:02:58.548505+00:00,2026-07-05T12:02:58.548646,2,2,141.55,0.1,141.5,100,141.1,100,,,,,,,,,,,,,,,,,141.6,150,142.0,100,,,,,,,,,,,,,,,,
2026-07-05T12:02:58.751400+00:00,2026-07-05T12:02:58.745481,2,2,141.55,0.1,141.5,66,141.1,100,,,,,,,,,,,,,,,,,141.6,150,142.0,100,,,,,,,,,,,,,,,,
2026-07-05T12:02:59.752817+00:00,2026-07-05T12:02:59.752671,1,1,141.75,0.5,141.5,66,,,,,,,,,,,,,,,,,,,142.0,100,,,,,,,,,,,,,,,,,,
2026-07-05T12:02:59.807445+00:00,2026-07-05T12:02:59.807407,2,1,141.75,0.5,141.5,16,140.8,150,,,,,,,,,,,,,,,,,142.0,100,,,,,,,,,,,,,,,,,,
2026-07-05T12:02:59.867718+00:00,2026-07-05T12:02:59.862094,1,2,141.05,0.5,140.8,150,,,,,,,,,,,,,,,,,,,141.3,123,142.0,100,,,,,,,,,,,,,,,,
2026-07-05T12:03:01.602704+00:00,2026-07-05T12:03:01.602650,1,1,141.05,0.5,140.8,150,,,,,,,,,,,,,,,,,,,141.3,123,,,,,,,,,,,,,,,,,,
2026-07-05T12:03:01.658622+00:00,2026-07-05T12:03:01.656435,2,1,141.1,0.4,140.9,100,140.8,150,,,,,,,,,,,,,,,,,141.3,123,,,,,,,,,,,,,,,,,,
2026-07-05T12:03:01.709717+00:00,2026-07-05T12:03:01.709681,2,2,141.1,0.4,140.9,100,140.8,150,,,,,,,,,,,,,,,,,141.3,123,141.4,100,,,,,,,,,,,,,,,,
2026-07-05T12:03:01.918665+00:00,2026-07-05T12:03:01.918552,2,2,141.1,0.4,140.9,50,140.8,150,,,,,,,,,,,,,,,,,141.3,123,141.4,100,,,,,,,,,,,,,,,,
2026-07-05T12:03:02.924117+00:00,2026-07-05T12:03:02.924045,1,1,141.15,0.5,140.9,50,,,,,,,,,,,,,,,,,,,141.4,100,,,,,,,,,,,,,,,,,,
2026-07-05T12:03:02.978051+00:00,2026-07-05T12:03:02.978012,1,1,141.15,0.5,140.9,200,,,,,,,,,,,,,,,,,,,141.4,100,,,,,,,,,,,,,,,,,,
2026-07-05T12:03:03.033019+00:00,2026-07-05T12:03:03.032898,1,1,141.15,0.5,140.9,200,,,,,,,,,,,,,,,,,,,141.4,250,,,,,,,,,,,,,,,,,,
2026-07-05T12:03:04.024023+00:00,2026-07-05T12:03:04.023979,1,1,141.15,0.5,140.9,150,,,,,,,,,,,,,,,,,,,141.4,250,,,,,,,,,,,,,,,,,,
2026-07-05T12:03:04.758581+00:00,2026-07-05T12:03:04.756179,1,1,141.15,0.5,140.9,150,,,,,,,,,,,,,,,,,,,141.4,150,,,,,,,,,,,,,,,,,,
2026-07-05T12:03:04.814061+00:00,2026-07-05T12:03:04.813977,2,1,141.15,0.5,140.9,150,140.7,100,,,,,,,,,,,,,,,,,141.4,150,,,,,,,,,,,,,,,,,,
2026-07-05T12:03:04.869882+00:00,2026-07-05T12:03:04.870051,2,2,141.05,0.3,140.9,150,140.7,100,,,,,,,,,,,,,,,,,141.2,100,141.4,104,,,,,,,,,,,,,,,,
2026-07-05T12:03:04.879311+00:00,2026-07-05T12:03:04.873569,2,2,141.05,0.3,140.9,150,140.7,100,,,,,,,,,,,,,,,,,141.2,88,141.4,104,,,,,,,,,,,,,,,,
2026-07-05T12:03:06.087506+00:00,2026-07-05T12:03:06.087397,1,1,140.95,0.5,140.7,100,,,,,,,,,,,,,,,,,,,141.2,88,,,,,,,,,,,,,,,,,,
2026-07-05T12:03:06.131583+00:00,2026-07-05T12:03:06.131528,1,1,140.95,0.5,140.7,50,,,,,,,,,,,,,,,,,,,141.2,88,,,,,,,,,,,,,,,,,,
2026-07-05T12:03:06.141904+00:00,2026-07-05T12:03:06.141871,2,1,141.15,0.1,141.1,150,140.7,50,,,,,,,,,,,,,,,,,141.2,88,,,,,,,,,,,,,,,,,,
2026-07-05T12:03:06.194668+00:00,2026-07-05T12:03:06.194528,2,2,141.15,0.1,141.1,150,140.7,50,,,,,,,,,,,,,,,,,141.2,88,141.6,150,,,,,,,,,,,,,,,,
2026-07-05T12:03:07.538764+00:00,2026-07-05T12:03:07.538638,2,2,141.15,0.1,141.1,108,140.7,50,,,,,,,,,,,,,,,,,141.2,88,141.6,150,,,,,,,,,,,,,,,,
2026-07-05T12:03:07.923514+00:00,2026-07-05T12:03:07.923437,2,1,141.35,0.5,141.1,108,140.7,50,,,,,,,,,,,,,,,,,141.6,150,,,,,,,,,,,,,,,,,,
2026-07-05T12:03:07.928686+00:00,2026-07-05T12:03:07.928590,1,1,141.35,0.5,141.1,108,,,,,,,,,,,,,,,,,,,141.6,150,,,,,,,,,,,,,,,,,,
2026-07-05T12:03:07.976576+00:00,2026-07-05T12:03:07.976483,2,1,141.35,0.5,141.1,108,140.5,100,,,,,,,,,,,,,,,,,141.6,150,,,,,,,,,,,,,,,,,,
2026-07-05T12:03:08.030814+00:00,2026-07-05T12:03:08.030699,2,1,141.35,0.5,141.1,8,140.5,100,,,,,,,,,,,,,,,,,141.6,150,,,,,,,,,,,,,,,,,,
2026-07-05T12:03:08.240555+00:00,2026-07-05T12:03:08.240452,1,1,141.05,1.1,140.5,58,,,,,,,,,,,,,,,,,,,141.6,150,,,,,,,,,,,,,,,,,,
2026-07-05T12:03:09.247863+00:00,2026-07-05T12:03:09.247750,1,0,,,140.5,58,,,,,,,,,,,,,,,,,,,,,,,,,,,,,,,,,,,,,,
2026-07-05T12:03:09.300232+00:00,2026-07-05T12:03:09.300384,2,0,,,140.7,150,140.5,58,,,,,,,,,,,,,,,,,,,,,,,,,,,,,,,,,,,,
2026-07-05T12:03:09.365519+00:00,2026-07-05T12:03:09.358937,2,1,140.95,0.5,140.7,150,140.5,58,,,,,,,,,,,,,,,,,141.2,139,,,,,,,,,,,,,,,,,,
2026-07-05T12:03:11.094888+00:00,2026-07-05T12:03:11.094770,1,1,140.95,0.5,140.7,150,,,,,,,,,,,,,,,,,,,141.2,139,,,,,,,,,,,,,,,,,,
2026-07-05T12:03:11.146903+00:00,2026-07-05T12:03:11.146808,2,1,141.0,0.4,140.8,100,140.7,150,,,,,,,,,,,,,,,,,141.2,139,,,,,,,,,,,,,,,,,,
2026-07-05T12:03:11.198562+00:00,2026-07-05T12:03:11.198440,2,2,141.0,0.4,140.8,100,140.7,150,,,,,,,,,,,,,,,,,141.2,139,141.3,100,,,,,,,,,,,,,,,,
2026-07-05T12:03:12.418376+00:00,2026-07-05T12:03:12.418298,1,1,141.05,0.5,140.8,100,,,,,,,,,,,,,,,,,,,141.3,100,,,,,,,,,,,,,,,,,,
2026-07-05T12:03:12.458576+00:00,2026-07-05T12:03:12.454139,1,1,141.05,0.5,140.8,50,,,,,,,,,,,,,,,,,,,141.3,100,,,,,,,,,,,,,,,,,,
2026-07-05T12:03:12.469881+00:00,2026-07-05T12:03:12.470006,2,1,141.05,0.5,140.8,50,140.5,150,,,,,,,,,,,,,,,,,141.3,100,,,,,,,,,,,,,,,,,,
2026-07-05T12:03:12.535980+00:00,2026-07-05T12:03:12.530115,2,2,140.9,0.2,140.8,50,140.5,150,,,,,,,,,,,,,,,,,141.0,138,141.3,100,,,,,,,,,,,,,,,,
2026-07-05T12:03:12.977544+00:00,2026-07-05T12:03:12.972729,2,2,140.9,0.2,140.8,50,140.5,150,,,,,,,,,,,,,,,,,141.0,127,141.3,100,,,,,,,,,,,,,,,,
2026-07-05T12:03:13.974644+00:00,2026-07-05T12:03:13.974566,2,2,140.9,0.2,140.8,50,140.5,150,,,,,,,,,,,,,,,,,141.0,85,141.3,100,,,,,,,,,,,,,,,,
2026-07-05T12:03:14.249959+00:00,2026-07-05T12:03:14.249915,1,1,140.75,0.5,140.5,150,,,,,,,,,,,,,,,,,,,141.0,85,,,,,,,,,,,,,,,,,,
2026-07-05T12:03:14.303273+00:00,2026-07-05T12:03:14.303205,2,1,140.8,0.4,140.6,100,140.5,150,,,,,,,,,,,,,,,,,141.0,85,,,,,,,,,,,,,,,,,,
2026-07-05T12:03:14.358565+00:00,2026-07-05T12:03:14.352649,2,2,140.8,0.4,140.6,100,140.5,150,,,,,,,,,,,,,,,,,141.0,85,141.1,100,,,,,,,,,,,,,,,,
2026-07-05T12:03:14.512075+00:00,2026-07-05T12:03:14.511874,2,2,140.8,0.4,140.6,100,140.5,150,,,,,,,,,,,,,,,,,141.0,35,141.1,100,,,,,,,,,,,,,,,,
2026-07-05T12:03:15.594250+00:00,2026-07-05T12:03:15.594102,1,1,140.85,0.5,140.6,100,,,,,,,,,,,,,,,,,,,141.1,100,,,,,,,,,,,,,,,,,,
2026-07-05T12:03:15.654673+00:00,2026-07-05T12:03:15.654571,2,0,,,141.1,50,140.6,100,,,,,,,,,,,,,,,,,,,,,,,,,,,,,,,,,,,,
2026-07-05T12:03:15.703541+00:00,2026-07-05T12:03:15.703515,2,1,141.35,0.5,141.1,50,140.6,100,,,,,,,,,,,,,,,,,141.6,150,,,,,,,,,,,,,,,,,,
2026-07-05T12:03:16.258600+00:00,2026-07-05T12:03:16.254378,2,1,141.35,0.5,141.1,9,140.6,100,,,,,,,,,,,,,,,,,141.6,150,,,,,,,,,,,,,,,,,,
2026-07-05T12:03:16.618615+00:00,2026-07-05T12:03:16.618546,2,1,141.35,0.5,141.1,9,140.6,100,,,,,,,,,,,,,,,,,141.6,100,,,,,,,,,,,,,,,,,,
2026-07-05T12:03:17.412290+00:00,2026-07-05T12:03:17.412198,1,1,141.35,0.5,141.1,9,,,,,,,,,,,,,,,,,,,141.6,100,,,,,,,,,,,,,,,,,,
2026-07-05T12:03:17.464850+00:00,2026-07-05T12:03:17.464743,2,1,141.35,0.5,141.1,9,141.0,100,,,,,,,,,,,,,,,,,141.6,100,,,,,,,,,,,,,,,,,,
2026-07-05T12:03:17.514435+00:00,2026-07-05T12:03:17.514399,2,2,141.3,0.4,141.1,9,141.0,100,,,,,,,,,,,,,,,,,141.5,100,141.6,100,,,,,,,,,,,,,,,,
2026-07-05T12:03:18.723300+00:00,2026-07-05T12:03:18.723237,2,2,141.3,0.4,141.1,9,141.0,100,,,,,,,,,,,,,,,,,141.5,50,141.6,100,,,,,,,,,,,,,,,,
2026-07-05T12:03:18.758653+00:00,2026-07-05T12:03:18.758190,1,1,141.25,0.5,141.0,100,,,,,,,,,,,,,,,,,,,141.5,50,,,,,,,,,,,,,,,,,,
2026-07-05T12:03:18.811640+00:00,2026-07-05T12:03:18.811548,2,1,141.25,0.5,141.0,100,140.9,150,,,,,,,,,,,,,,,,,141.5,50,,,,,,,,,,,,,,,,,,
2026-07-05T12:03:18.865594+00:00,2026-07-05T12:03:18.865572,2,2,141.2,0.4,141.0,100,140.9,150,,,,,,,,,,,,,,,,,141.4,150,141.5,50,,,,,,,,,,,,,,,,
2026-07-05T12:03:20.569803+00:00,2026-07-05T12:03:20.569733,1,1,141.15,0.5,140.9,150,,,,,,,,,,,,,,,,,,,141.4,150,,,,,,,,,,,,,,,,,,
2026-07-05T12:03:20.624900+00:00,2026-07-05T12:03:20.624792,2,1,141.3,0.2,141.2,100,140.9,150,,,,,,,,,,,,,,,,,141.4,150,,,,,,,,,,,,,,,,,,
2026-07-05T12:03:20.674216+00:00,2026-07-05T12:03:20.674134,2,2,141.3,0.2,141.2,100,140.9,150,,,,,,,,,,,,,,,,,141.4,150,141.7,100,,,,,,,,,,,,,,,,
2026-07-05T12:03:20.830343+00:00,2026-07-05T12:03:20.830215,2,2,141.3,0.2,141.2,100,140.9,150,,,,,,,,,,,,,,,,,141.4,100,141.7,100,,,,,,,,,,,,,,,,
2026-07-05T12:03:21.923806+00:00,2026-07-05T12:03:21.923699,1,1,141.45,0.5,141.2,100,,,,,,,,,,,,,,,,,,,141.7,100,,,,,,,,,,,,,,,,,,
2026-07-05T12:03:21.997558+00:00,2026-07-05T12:03:21.997418,2,1,141.45,0.5,141.2,100,140.9,150,,,,,,,,,,,,,,,,,141.7,100,,,,,,,,,,,,,,,,,,
2026-07-05T12:03:22.050097+00:00,2026-07-05T12:03:22.050062,2,2,141.3,0.2,141.2,100,140.9,150,,,,,,,,,,,,,,,,,141.4,150,141.7,100,,,,,,,,,,,,,,,,
2026-07-05T12:03:22.349539+00:00,2026-07-05T12:03:22.349489,2,2,141.3,0.2,141.2,100,140.9,150,,,,,,,,,,,,,,,,,141.4,109,141.7,100,,,,,,,,,,,,,,,,
2026-07-05T12:03:22.936688+00:00,2026-07-05T12:03:22.936820,2,2,141.3,0.2,141.2,100,140.9,150,,,,,,,,,,,,,,,,,141.4,59,141.7,100,,,,,,,,,,,,,,,,
2026-07-05T12:03:23.651393+00:00,2026-07-05T12:03:23.645450,2,2,141.3,0.2,141.2,89,140.9,150,,,,,,,,,,,,,,,,,141.4,59,141.7,100,,,,,,,,,,,,,,,,
2026-07-05T12:03:23.730366+00:00,2026-07-05T12:03:23.730305,1,1,141.15,0.5,140.9,150,,,,,,,,,,,,,,,,,,,141.4,59,,,,,,,,,,,,,,,,,,
2026-07-05T12:03:23.804911+00:00,2026-07-05T12:03:23.804732,2,1,141.2,0.4,141.0,100,140.9,150,,,,,,,,,,,,,,,,,141.4,59,,,,,,,,,,,,,,,,,,
2026-07-05T12:03:23.858614+00:00,2026-07-05T12:03:23.855459,2,2,141.2,0.4,141.0,100,140.9,150,,,,,,,,,,,,,,,,,141.4,59,141.5,100,,,,,,,,,,,,,,,,
2026-07-05T12:03:25.045932+00:00,2026-07-05T12:03:25.045895,2,2,141.2,0.4,141.0,100,140.9,150,,,,,,,,,,,,,,,,,141.4,9,141.5,100,,,,,,,,,,,,,,,,
2026-07-05T12:03:25.104213+00:00,2026-07-05T12:03:25.104162,2,1,141.25,0.5,141.0,100,140.9,150,,,,,,,,,,,,,,,,,141.5,100,,,,,,,,,,,,,,,,,,
2026-07-05T12:03:25.109242+00:00,2026-07-05T12:03:25.109313,1,1,141.25,0.5,141.0,100,,,,,,,,,,,,,,,,,,,141.5,100,,,,,,,,,,,,,,,,,,
2026-07-05T12:03:25.158564+00:00,2026-07-05T12:03:25.154761,2,0,,,141.5,50,141.0,100,,,,,,,,,,,,,,,,,,,,,,,,,,,,,,,,,,,,
2026-07-05T12:03:25.226083+00:00,2026-07-05T12:03:25.220041,2,1,141.75,0.5,141.5,15,141.0,100,,,,,,,,,,,,,,,,,142.0,150,,,,,,,,,,,,,,,,,,
2026-07-05T12:03:26.449000+00:00,2026-07-05T12:03:26.448933,1,1,141.5,1.0,141.0,70,,,,,,,,,,,,,,,,,,,142.0,150,,,,,,,,,,,,,,,,,,
2026-07-05T12:03:26.915167+00:00,2026-07-05T12:03:26.915068,0,1,,,,,,,,,,,,,,,,,,,,,,,142.0,150,,,,,,,,,,,,,,,,,,
2026-07-05T12:03:26.968238+00:00,2026-07-05T12:03:26.968198,1,1,141.6,0.8,141.2,100,,,,,,,,,,,,,,,,,,,142.0,150,,,,,,,,,,,,,,,,,,
2026-07-05T12:03:27.021088+00:00,2026-07-05T12:03:27.021009,1,2,141.45,0.5,141.2,100,,,,,,,,,,,,,,,,,,,141.7,100,142.0,150,,,,,,,,,,,,,,,,
2026-07-05T12:03:28.266406+00:00,2026-07-05T12:03:28.266326,1,1,141.45,0.5,141.2,100,,,,,,,,,,,,,,,,,,,141.7,100,,,,,,,,,,,,,,,,,,
2026-07-05T12:03:28.318478+00:00,2026-07-05T12:03:28.318335,2,1,141.45,0.5,141.2,100,141.0,150,,,,,,,,,,,,,,,,,141.7,100,,,,,,,,,,,,,,,,,,
2026-07-05T12:03:28.371746+00:00,2026-07-05T12:03:28.371670,2,2,141.35,0.3,141.2,100,141.0,150,,,,,,,,,,,,,,,,,141.5,150,141.7,100,,,,,,,,,,,,,,,,
2026-07-05T12:03:29.258631+00:00,2026-07-05T12:03:29.254769,2,2,141.35,0.3,141.2,100,141.0,150,,,,,,,,,,,,,,,,,141.5,100,141.7,100,,,,,,,,,,,,,,,,
2026-07-05T12:03:30.032898+00:00,2026-07-05T12:03:30.032850,2,2,141.35,0.3,141.2,100,141.0,150,,,,,,,,,,,,,,,,,141.5,52,141.7,100,,,,,,,,,,,,,,,,
2026-07-05T12:03:30.074814+00:00,2026-07-05T12:03:30.074773,2,1,141.35,0.3,141.2,100,141.0,150,,,,,,,,,,,,,,,,,141.5,52,,,,,,,,,,,,,,,,,,
2026-07-05T12:03:30.080017+00:00,2026-07-05T12:03:30.079936,1,1,141.25,0.5,141.0,150,,,,,,,,,,,,,,,,,,,141.5,52,,,,,,,,,,,,,,,,,,
2026-07-05T12:03:30.133871+00:00,2026-07-05T12:03:30.133765,2,1,141.45,0.1,141.4,100,141.0,150,,,,,,,,,,,,,,,,,141.5,52,,,,,,,,,,,,,,,,,,
2026-07-05T12:03:30.187217+00:00,2026-07-05T12:03:30.187140,2,2,141.45,0.1,141.4,100,141.0,150,,,,,,,,,,,,,,,,,141.5,52,141.9,100,,,,,,,,,,,,,,,,
2026-07-05T12:03:31.057786+00:00,2026-07-05T12:03:31.050554,2,2,141.45,0.1,141.4,100,141.0,150,,,,,,,,,,,,,,,,,141.5,40,141.9,100,,,,,,,,,,,,,,,,
2026-07-05T12:03:31.364535+00:00,2026-07-05T12:03:31.364495,2,1,141.65,0.5,141.4,100,141.0,150,,,,,,,,,,,,,,,,,141.9,90,,,,,,,,,,,,,,,,,,
2026-07-05T12:03:31.428006+00:00,2026-07-05T12:03:31.427903,1,1,141.65,0.5,141.4,100,,,,,,,,,,,,,,,,,,,141.9,90,,,,,,,,,,,,,,,,,,
2026-07-05T12:03:31.483302+00:00,2026-07-05T12:03:31.483255,2,1,141.8,0.2,141.7,150,141.4,100,,,,,,,,,,,,,,,,,141.9,90,,,,,,,,,,,,,,,,,,
2026-07-05T12:03:31.538149+00:00,2026-07-05T12:03:31.538067,2,2,141.8,0.2,141.7,150,141.4,100,,,,,,,,,,,,,,,,,141.9,90,142.2,150,,,,,,,,,,,,,,,,
2026-07-05T12:03:32.710750+00:00,2026-07-05T12:03:32.710651,2,2,141.8,0.2,141.7,105,141.4,100,,,,,,,,,,,,,,,,,141.9,90,142.2,150,,,,,,,,,,,,,,,,
2026-07-05T12:03:33.180993+00:00,2026-07-05T12:03:33.181131,2,2,141.8,0.2,141.7,63,141.4,100,,,,,,,,,,,,,,,,,141.9,90,142.2,150,,,,,,,,,,,,,,,,
2026-07-05T12:03:33.237812+00:00,2026-07-05T12:03:33.237736,1,1,141.95,0.5,141.7,63,,,,,,,,,,,,,,,,,,,142.2,150,,,,,,,,,,,,,,,,,,
2026-07-05T12:03:33.294835+00:00,2026-07-05T12:03:33.294954,2,1,141.95,0.5,141.7,63,141.6,100,,,,,,,,,,,,,,,,,142.2,150,,,,,,,,,,,,,,,,,,
2026-07-05T12:03:33.346848+00:00,2026-07-05T12:03:33.346738,2,2,141.9,0.4,141.7,63,141.6,100,,,,,,,,,,,,,,,,,142.1,100,142.2,150,,,,,,,,,,,,,,,,
2026-07-05T12:03:33.499796+00:00,2026-07-05T12:03:33.499665,2,2,141.9,0.4,141.7,63,141.6,100,,,,,,,,,,,,,,,,,142.1,50,142.2,150,,,,,,,,,,,,,,,,
2026-07-05T12:03:34.592835+00:00,2026-07-05T12:03:34.592769,1,1,141.85,0.5,141.6,100,,,,,,,,,,,,,,,,,,,142.1,50,,,,,,,,,,,,,,,,,,
2026-07-05T12:03:34.646016+00:00,2026-07-05T12:03:34.645941,2,1,141.85,0.5,141.6,100,141.4,150,,,,,,,,,,,,,,,,,142.1,50,,,,,,,,,,,,,,,,,,
2026-07-05T12:03:34.715249+00:00,2026-07-05T12:03:34.715362,2,2,141.75,0.3,141.6,100,141.4,150,,,,,,,,,,,,,,,,,141.9,150,142.1,50,,,,,,,,,,,,,,,,
2026-07-05T12:03:35.608344+00:00,2026-07-05T12:03:35.608237,2,2,141.75,0.3,141.6,100,141.4,150,,,,,,,,,,,,,,,,,141.9,100,142.1,50,,,,,,,,,,,,,,,,
2026-07-05T12:03:36.186989+00:00,2026-07-05T12:03:36.186818,2,2,141.75,0.3,141.6,100,141.4,150,,,,,,,,,,,,,,,,,141.9,53,142.1,50,,,,,,,,,,,,,,,,
2026-07-05T12:03:36.402493+00:00,2026-07-05T12:03:36.402372,1,1,141.65,0.5,141.4,150,,,,,,,,,,,,,,,,,,,141.9,53,,,,,,,,,,,,,,,,,,
2026-07-05T12:03:36.457890+00:00,2026-07-05T12:03:36.457969,2,1,141.85,0.1,141.8,100,141.4,150,,,,,,,,,,,,,,,,,141.9,53,,,,,,,,,,,,,,,,,,
2026-07-05T12:03:36.520838+00:00,2026-07-05T12:03:36.520811,2,2,141.85,0.1,141.8,100,141.4,150,,,,,,,,,,,,,,,,,141.9,53,142.3,100,,,,,,,,,,,,,,,,
2026-07-05T12:03:37.220139+00:00,2026-07-05T12:03:37.220108,2,2,141.85,0.1,141.8,100,141.4,150,,,,,,,,,,,,,,,,,141.9,4,142.3,100,,,,,,,,,,,,,,,,
2026-07-05T12:03:37.716383+00:00,2026-07-05T12:03:37.716357,2,1,142.05,0.5,141.8,100,141.4,150,,,,,,,,,,,,,,,,,142.3,54,,,,,,,,,,,,,,,,,,
2026-07-05T12:03:37.765583+00:00,2026-07-05T12:03:37.765515,1,1,142.05,0.5,141.8,100,,,,,,,,,,,,,,,,,,,142.3,54,,,,,,,,,,,,,,,,,,
2026-07-05T12:03:37.831008+00:00,2026-07-05T12:03:37.825143,2,1,142.15,0.3,142.0,127,141.8,100,,,,,,,,,,,,,,,,,142.3,54,,,,,,,,,,,,,,,,,,
2026-07-05T12:03:37.870670+00:00,2026-07-05T12:03:37.870635,2,2,142.15,0.3,142.0,127,141.8,100,,,,,,,,,,,,,,,,,142.3,54,142.5,150,,,,,,,,,,,,,,,,
2026-07-05T12:03:38.085133+00:00,2026-07-05T12:03:38.079489,2,2,142.15,0.3,142.0,124,141.8,100,,,,,,,,,,,,,,,,,142.3,54,142.5,150,,,,,,,,,,,,,,,,
2026-07-05T12:03:39.580250+00:00,2026-07-05T12:03:39.580144,1,1,142.25,0.5,142.0,124,,,,,,,,,,,,,,,,,,,142.5,150,,,,,,,,,,,,,,,,,,
2026-07-05T12:03:39.637409+00:00,2026-07-05T12:03:39.637494,2,1,142.25,0.5,142.0,124,141.9,100,,,,,,,,,,,,,,,,,142.5,150,,,,,,,,,,,,,,,,,,
2026-07-05T12:03:39.686683+00:00,2026-07-05T12:03:39.686628,2,2,142.2,0.4,142.0,124,141.9,100,,,,,,,,,,,,,,,,,142.4,100,142.5,150,,,,,,,,,,,,,,,,
2026-07-05T12:03:39.822900+00:00,2026-07-05T12:03:39.822824,2,2,142.2,0.4,142.0,124,141.9,100,,,,,,,,,,,,,,,,,142.4,50,142.5,150,,,,,,,,,,,,,,,,
2026-07-05T12:03:40.930038+00:00,2026-07-05T12:03:40.930164,1,1,142.15,0.5,141.9,100,,,,,,,,,,,,,,,,,,,142.4,50,,,,,,,,,,,,,,,,,,
2026-07-05T12:03:40.986953+00:00,2026-07-05T12:03:40.986845,2,1,142.2,0.4,142.0,150,141.9,100,,,,,,,,,,,,,,,,,142.4,50,,,,,,,,,,,,,,,,,,
2026-07-05T12:03:41.041183+00:00,2026-07-05T12:03:41.041044,2,2,142.2,0.4,142.0,150,141.9,100,,,,,,,,,,,,,,,,,142.4,50,142.5,150,,,,,,,,,,,,,,,,
2026-07-05T12:03:41.253391+00:00,2026-07-05T12:03:41.253664,2,2,142.2,0.4,142.0,109,141.9,100,,,,,,,,,,,,,,,,,142.4,50,142.5,150,,,,,,,,,,,,,,,,
2026-07-05T12:03:41.932451+00:00,2026-07-05T12:03:41.932386,2,1,142.25,0.5,142.0,109,141.9,100,,,,,,,,,,,,,,,,,142.5,150,,,,,,,,,,,,,,,,,,
2026-07-05T12:03:42.739113+00:00,2026-07-05T12:03:42.739035,1,1,142.25,0.5,142.0,109,,,,,,,,,,,,,,,,,,,142.5,150,,,,,,,,,,,,,,,,,,
2026-07-05T12:03:42.792726+00:00,2026-07-05T12:03:42.792676,2,1,142.45,0.1,142.4,100,142.0,109,,,,,,,,,,,,,,,,,142.5,150,,,,,,,,,,,,,,,,,,
2026-07-05T12:03:42.846025+00:00,2026-07-05T12:03:42.845996,2,2,142.45,0.1,142.4,100,142.0,109,,,,,,,,,,,,,,,,,142.5,150,142.9,100,,,,,,,,,,,,,,,,
2026-07-05T12:03:44.039451+00:00,2026-07-05T12:03:44.039373,2,2,142.45,0.1,142.4,100,142.0,109,,,,,,,,,,,,,,,,,142.5,100,142.9,100,,,,,,,,,,,,,,,,
2026-07-05T12:03:44.095277+00:00,2026-07-05T12:03:44.095200,1,1,142.65,0.5,142.4,100,,,,,,,,,,,,,,,,,,,142.9,100,,,,,,,,,,,,,,,,,,
2026-07-05T12:03:44.149601+00:00,2026-07-05T12:03:44.149481,2,1,142.65,0.5,142.4,100,142.1,150,,,,,,,,,,,,,,,,,142.9,100,,,,,,,,,,,,,,,,,,
2026-07-05T12:03:44.203470+00:00,2026-07-05T12:03:44.203389,2,2,142.5,0.2,142.4,100,142.1,150,,,,,,,,,,,,,,,,,142.6,150,142.9,100,,,,,,,,,,,,,,,,
2026-07-05T12:03:45.904483+00:00,2026-07-05T12:03:45.904400,1,1,142.35,0.5,142.1,150,,,,,,,,,,,,,,,,,,,142.6,150,,,,,,,,,,,,,,,,,,
2026-07-05T12:03:45.958615+00:00,2026-07-05T12:03:45.953553,1,1,142.35,0.5,142.1,150,,,,,,,,,,,,,,,,,,,142.6,50,,,,,,,,,,,,,,,,,,
2026-07-05T12:03:46.011793+00:00,2026-07-05T12:03:46.011918,1,2,142.35,0.5,142.1,150,,,,,,,,,,,,,,,,,,,142.6,50,143.1,100,,,,,,,,,,,,,,,,
2026-07-05T12:03:47.258611+00:00,2026-07-05T12:03:47.254701,0,1,,,,,,,,,,,,,,,,,,,,,,,143.1,100,,,,,,,,,,,,,,,,,,
2026-07-05T12:03:47.327936+00:00,2026-07-05T12:03:47.323025,1,1,142.75,0.7,142.4,147,,,,,,,,,,,,,,,,,,,143.1,100,,,,,,,,,,,,,,,,,,
2026-07-05T12:03:47.372658+00:00,2026-07-05T12:03:47.372496,1,2,142.65,0.5,142.4,147,,,,,,,,,,,,,,,,,,,142.9,150,143.1,100,,,,,,,,,,,,,,,,
2026-07-05T12:03:49.066107+00:00,2026-07-05T12:03:49.066184,1,1,142.65,0.5,142.4,147,,,,,,,,,,,,,,,,,,,142.9,150,,,,,,,,,,,,,,,,,,
2026-07-05T12:03:49.119264+00:00,2026-07-05T12:03:49.119365,2,1,142.65,0.5,142.4,147,142.0,100,,,,,,,,,,,,,,,,,142.9,150,,,,,,,,,,,,,,,,,,
2026-07-05T12:03:49.172386+00:00,2026-07-05T12:03:49.172471,2,2,142.45,0.1,142.4,147,142.0,100,,,,,,,,,,,,,,,,,142.5,100,142.9,150,,,,,,,,,,,,,,,,
2026-07-05T12:03:50.423420+00:00,2026-07-05T12:03:50.423334,2,1,142.45,0.1,142.4,147,142.0,100,,,,,,,,,,,,,,,,,142.5,100,,,,,,,,,,,,,,,,,,
2026-07-05T12:03:50.428705+00:00,2026-07-05T12:03:50.428541,1,1,142.25,0.5,142.0,100,,,,,,,,,,,,,,,,,,,142.5,100,,,,,,,,,,,,,,,,,,
2026-07-05T12:03:50.479643+00:00,2026-07-05T12:03:50.479520,2,1,142.45,0.1,142.4,150,142.0,100,,,,,,,,,,,,,,,,,142.5,100,,,,,,,,,,,,,,,,,,
2026-07-05T12:03:50.535219+00:00,2026-07-05T12:03:50.535073,2,2,142.45,0.1,142.4,150,142.0,100,,,,,,,,,,,,,,,,,142.5,100,142.9,150,,,,,,,,,,,,,,,,
2026-07-05T12:03:52.226463+00:00,2026-07-05T12:03:52.226409,1,1,142.65,0.5,142.4,150,,,,,,,,,,,,,,,,,,,142.9,150,,,,,,,,,,,,,,,,,,
2026-07-05T12:03:52.274210+00:00,2026-07-05T12:03:52.274094,1,1,142.65,0.5,142.4,105,,,,,,,,,,,,,,,,,,,142.9,150,,,,,,,,,,,,,,,,,,
2026-07-05T12:03:52.279462+00:00,2026-07-05T12:03:52.279340,2,1,142.65,0.5,142.4,105,142.0,100,,,,,,,,,,,,,,,,,142.9,150,,,,,,,,,,,,,,,,,,
2026-07-05T12:03:52.335444+00:00,2026-07-05T12:03:52.335365,2,2,142.45,0.1,142.4,105,142.0,100,,,,,,,,,,,,,,,,,142.5,100,142.9,150,,,,,,,,,,,,,,,,
2026-07-05T12:03:52.483036+00:00,2026-07-05T12:03:52.483164,2,2,142.45,0.1,142.4,105,142.0,100,,,,,,,,,,,,,,,,,142.5,50,142.9,150,,,,,,,,,,,,,,,,
2026-07-05T12:03:53.588988+00:00,2026-07-05T12:03:53.589132,1,1,142.25,0.5,142.0,100,,,,,,,,,,,,,,,,,,,142.5,50,,,,,,,,,,,,,,,,,,
2026-07-05T12:03:53.643890+00:00,2026-07-05T12:03:53.643801,2,1,142.4,0.2,142.3,150,142.0,100,,,,,,,,,,,,,,,,,142.5,50,,,,,,,,,,,,,,,,,,
2026-07-05T12:03:53.696751+00:00,2026-07-05T12:03:53.696620,2,2,142.4,0.2,142.3,150,142.0,100,,,,,,,,,,,,,,,,,142.5,50,142.8,150,,,,,,,,,,,,,,,,
2026-07-05T12:03:53.746156+00:00,2026-07-05T12:03:53.746317,2,2,142.4,0.2,142.3,105,142.0,100,,,,,,,,,,,,,,,,,142.5,50,142.8,150,,,,,,,,,,,,,,,,
2026-07-05T12:03:54.383115+00:00,2026-07-05T12:03:54.383249,2,2,142.4,0.2,142.3,105,142.0,100,,,,,,,,,,,,,,,,,142.5,10,142.8,150,,,,,,,,,,,,,,,,
2026-07-05T12:03:54.592337+00:00,2026-07-05T12:03:54.592220,2,1,142.55,0.5,142.3,105,142.0,100,,,,,,,,,,,,,,,,,142.8,110,,,,,,,,,,,,,,,,,,
2026-07-05T12:03:55.393858+00:00,2026-07-05T12:03:55.393767,1,1,142.55,0.5,142.3,105,,,,,,,,,,,,,,,,,,,142.8,110,,,,,,,,,,,,,,,,,,
2026-07-05T12:03:55.447284+00:00,2026-07-05T12:03:55.447225,2,1,142.6,0.4,142.4,100,142.3,105,,,,,,,,,,,,,,,,,142.8,110,,,,,,,,,,,,,,,,,,
2026-07-05T12:03:55.500213+00:00,2026-07-05T12:03:55.500097,2,2,142.6,0.4,142.4,100,142.3,105,,,,,,,,,,,,,,,,,142.8,110,142.9,100,,,,,,,,,,,,,,,,
2026-07-05T12:03:56.700735+00:00,2026-07-05T12:03:56.700607,2,2,142.6,0.4,142.4,100,142.3,105,,,,,,,,,,,,,,,,,142.8,60,142.9,100,,,,,,,,,,,,,,,,
2026-07-05T12:03:56.750893+00:00,2026-07-05T12:03:56.750750,1,1,142.65,0.5,142.4,100,,,,,,,,,,,,,,,,,,,142.9,100,,,,,,,,,,,,,,,,,,
2026-07-05T12:03:56.805329+00:00,2026-07-05T12:03:56.805177,2,1,142.7,0.4,142.5,150,142.4,100,,,,,,,,,,,,,,,,,142.9,100,,,,,,,,,,,,,,,,,,
2026-07-05T12:03:56.858560+00:00,2026-07-05T12:03:56.858352,2,2,142.7,0.4,142.5,150,142.4,100,,,,,,,,,,,,,,,,,142.9,100,143.0,150,,,,,,,,,,,,,,,,
2026-07-05T12:03:56.946299+00:00,2026-07-05T12:03:56.946209,2,2,142.7,0.4,142.5,106,142.4,100,,,,,,,,,,,,,,,,,142.9,100,143.0,150,,,,,,,,,,,,,,,,
2026-07-05T12:03:58.493365+00:00,2026-07-05T12:03:58.493215,2,2,142.7,0.4,142.5,106,142.4,100,,,,,,,,,,,,,,,,,142.9,59,143.0,150,,,,,,,,,,,,,,,,
2026-07-05T12:03:58.554230+00:00,2026-07-05T12:03:58.554395,1,1,142.75,0.5,142.5,106,,,,,,,,,,,,,,,,,,,143.0,150,,,,,,,,,,,,,,,,,,
2026-07-05T12:03:58.609424+00:00,2026-07-05T12:03:58.609320,2,1,142.75,0.5,142.5,106,142.4,100,,,,,,,,,,,,,,,,,143.0,150,,,,,,,,,,,,,,,,,,
2026-07-05T12:03:58.658655+00:00,2026-07-05T12:03:58.656999,2,2,142.7,0.4,142.5,106,142.4,100,,,,,,,,,,,,,,,,,142.9,100,143.0,150,,,,,,,,,,,,,,,,
2026-07-05T12:03:58.807023+00:00,2026-07-05T12:03:58.807178,2,2,142.7,0.4,142.5,106,142.4,100,,,,,,,,,,,,,,,,,142.9,50,143.0,150,,,,,,,,,,,,,,,,
2026-07-05T12:03:58.983530+00:00,2026-07-05T12:03:58.978200,2,2,142.7,0.4,142.5,95,142.4,100,,,,,,,,,,,,,,,,,142.9,50,143.0,150,,,,,,,,,,,,,,,,
2026-07-05T12:03:59.913016+00:00,2026-07-05T12:03:59.912965,1,1,142.65,0.5,142.4,100,,,,,,,,,,,,,,,,,,,142.9,50,,,,,,,,,,,,,,,,,,
2026-07-05T12:03:59.958604+00:00,2026-07-05T12:03:59.956694,2,1,142.65,0.5,142.4,100,142.2,150,,,,,,,,,,,,,,,,,142.9,50,,,,,,,,,,,,,,,,,,
2026-07-05T12:04:00.015082+00:00,2026-07-05T12:04:00.014993,2,2,142.55,0.3,142.4,100,142.2,150,,,,,,,,,,,,,,,,,142.7,150,142.9,50,,,,,,,,,,,,,,,,
2026-07-05T12:04:00.911619+00:00,2026-07-05T12:04:00.911550,2,2,142.55,0.3,142.4,100,142.2,150,,,,,,,,,,,,,,,,,142.7,100,142.9,50,,,,,,,,,,,,,,,,
2026-07-05T12:04:01.175412+00:00,2026-07-05T12:04:01.175332,2,2,142.55,0.3,142.4,52,142.2,150,,,,,,,,,,,,,,,,,142.7,100,142.9,50,,,,,,,,,,,,,,,,
2026-07-05T12:04:01.716450+00:00,2026-07-05T12:04:01.716364,1,1,142.45,0.5,142.2,150,,,,,,,,,,,,,,,,,,,142.7,100,,,,,,,,,,,,,,,,,,
2026-07-05T12:04:01.771400+00:00,2026-07-05T12:04:01.771349,2,1,142.55,0.3,142.4,100,142.2,150,,,,,,,,,,,,,,,,,142.7,100,,,,,,,,,,,,,,,,,,
2026-07-05T12:04:01.824540+00:00,2026-07-05T12:04:01.824660,2,2,142.55,0.3,142.4,100,142.2,150,,,,,,,,,,,,,,,,,142.7,100,142.9,100,,,,,,,,,,,,,,,,
2026-07-05T12:04:03.020695+00:00,2026-07-05T12:04:03.020613,2,2,142.55,0.3,142.4,100,142.2,150,,,,,,,,,,,,,,,,,142.7,50,142.9,100,,,,,,,,,,,,,,,,
2026-07-05T12:04:03.072724+00:00,2026-07-05T12:04:03.072601,1,1,142.65,0.5,142.4,100,,,,,,,,,,,,,,,,,,,142.9,100,,,,,,,,,,,,,,,,,,
2026-07-05T12:04:03.163231+00:00,2026-07-05T12:04:03.132174,2,1,142.7,0.4,142.5,138,142.4,100,,,,,,,,,,,,,,,,,142.9,100,,,,,,,,,,,,,,,,,,
2026-07-05T12:04:03.178847+00:00,2026-07-05T12:04:03.178696,2,2,142.7,0.4,142.5,138,142.4,100,,,,,,,,,,,,,,,,,142.9,100,143.0,150,,,,,,,,,,,,,,,,
2026-07-05T12:04:04.782429+00:00,2026-07-05T12:04:04.782324,2,2,142.7,0.4,142.5,134,142.4,100,,,,,,,,,,,,,,,,,142.9,100,143.0,150,,,,,,,,,,,,,,,,
2026-07-05T12:04:04.878993+00:00,2026-07-05T12:04:04.878875,1,1,142.75,0.5,142.5,134,,,,,,,,,,,,,,,,,,,143.0,150,,,,,,,,,,,,,,,,,,
2026-07-05T12:04:04.934082+00:00,2026-07-05T12:04:04.934001,2,1,142.75,0.5,142.5,134,142.3,100,,,,,,,,,,,,,,,,,143.0,150,,,,,,,,,,,,,,,,,,
2026-07-05T12:04:04.985064+00:00,2026-07-05T12:04:04.984997,2,2,142.65,0.3,142.5,134,142.3,100,,,,,,,,,,,,,,,,,142.8,100,143.0,150,,,,,,,,,,,,,,,,
2026-07-05T12:04:05.047483+00:00,2026-07-05T12:04:05.042135,2,2,142.65,0.3,142.5,123,142.3,100,,,,,,,,,,,,,,,,,142.8,100,143.0,150,,,,,,,,,,,,,,,,
2026-07-05T12:04:05.181100+00:00,2026-07-05T12:04:05.180952,2,2,142.65,0.3,142.5,73,142.3,100,,,,,,,,,,,,,,,,,142.8,100,143.0,150,,,,,,,,,,,,,,,,
2026-07-05T12:04:06.234280+00:00,2026-07-05T12:04:06.234199,1,1,142.55,0.5,142.3,100,,,,,,,,,,,,,,,,,,,142.8,100,,,,,,,,,,,,,,,,,,
2026-07-05T12:04:06.286913+00:00,2026-07-05T12:04:06.286791,2,1,142.55,0.5,142.3,100,142.1,150,,,,,,,,,,,,,,,,,142.8,100,,,,,,,,,,,,,,,,,,
2026-07-05T12:04:06.339197+00:00,2026-07-05T12:04:06.339113,2,2,142.45,0.3,142.3,100,142.1,150,,,,,,,,,,,,,,,,,142.6,150,142.8,100,,,,,,,,,,,,,,,,
2026-07-05T12:04:07.308120+00:00,2026-07-05T12:04:07.308048,2,2,142.45,0.3,142.3,100,142.1,150,,,,,,,,,,,,,,,,,142.6,109,142.8,100,,,,,,,,,,,,,,,,
2026-07-05T12:04:08.040836+00:00,2026-07-05T12:04:08.040744,1,1,142.35,0.5,142.1,150,,,,,,,,,,,,,,,,,,,142.6,109,,,,,,,,,,,,,,,,,,
2026-07-05T12:04:08.093253+00:00,2026-07-05T12:04:08.093191,2,1,142.5,0.2,142.4,100,142.1,150,,,,,,,,,,,,,,,,,142.6,109,,,,,,,,,,,,,,,,,,
2026-07-05T12:04:08.145734+00:00,2026-07-05T12:04:08.145625,2,2,142.5,0.2,142.4,100,142.1,150,,,,,,,,,,,,,,,,,142.6,109,142.9,100,,,,,,,,,,,,,,,,
2026-07-05T12:04:09.391232+00:00,2026-07-05T12:04:09.391185,2,2,142.5,0.2,142.4,50,142.1,150,,,,,,,,,,,,,,,,,142.6,109,142.9,100,,,,,,,,,,,,,,,,
2026-07-05T12:04:09.396686+00:00,2026-07-05T12:04:09.396548,1,1,142.65,0.5,142.4,50,,,,,,,,,,,,,,,,,,,142.9,100,,,,,,,,,,,,,,,,,,
2026-07-05T12:04:09.458803+00:00,2026-07-05T12:04:09.458641,2,1,142.7,0.4,142.5,150,142.4,50,,,,,,,,,,,,,,,,,142.9,100,,,,,,,,,,,,,,,,,,
2026-07-05T12:04:09.502729+00:00,2026-07-05T12:04:09.502608,2,2,142.7,0.4,142.5,150,142.4,50,,,,,,,,,,,,,,,,,142.9,100,143.0,150,,,,,,,,,,,,,,,,
2026-07-05T12:04:09.937611+00:00,2026-07-05T12:04:09.937493,2,2,142.7,0.4,142.5,105,142.4,50,,,,,,,,,,,,,,,,,142.9,100,143.0,150,,,,,,,,,,,,,,,,
2026-07-05T12:04:10.503602+00:00,2026-07-05T12:04:10.503480,2,2,142.7,0.4,142.5,63,142.4,50,,,,,,,,,,,,,,,,,142.9,100,143.0,150,,,,,,,,,,,,,,,,
2026-07-05T12:04:11.198068+00:00,2026-07-05T12:04:11.198030,1,1,142.75,0.5,142.5,63,,,,,,,,,,,,,,,,,,,143.0,150,,,,,,,,,,,,,,,,,,
2026-07-05T12:04:11.263906+00:00,2026-07-05T12:04:11.263808,2,1,142.75,0.5,142.5,63,142.3,100,,,,,,,,,,,,,,,,,143.0,150,,,,,,,,,,,,,,,,,,
2026-07-05T12:04:11.304282+00:00,2026-07-05T12:04:11.304216,2,2,142.65,0.3,142.5,63,142.3,100,,,,,,,,,,,,,,,,,142.8,100,143.0,150,,,,,,,,,,,,,,,,
2026-07-05T12:04:11.564255+00:00,2026-07-05T12:04:11.563872,2,2,142.65,0.3,142.5,13,142.3,100,,,,,,,,,,,,,,,,,142.8,100,143.0,150,,,,,,,,,,,,,,,,
2026-07-05T12:04:12.043303+00:00,2026-07-05T12:04:12.043197,2,2,142.65,0.3,142.5,13,142.3,100,,,,,,,,,,,,,,,,,142.8,55,143.0,150,,,,,,,,,,,,,,,,
2026-07-05T12:04:12.556537+00:00,2026-07-05T12:04:12.556654,1,1,142.55,0.5,142.3,100,,,,,,,,,,,,,,,,,,,142.8,55,,,,,,,,,,,,,,,,,,
2026-07-05T12:04:12.567149+00:00,2026-07-05T12:04:12.567106,1,1,142.55,0.5,142.3,100,,,,,,,,,,,,,,,,,,,142.8,7,,,,,,,,,,,,,,,,,,
2026-07-05T12:04:12.610551+00:00,2026-07-05T12:04:12.610423,2,1,142.55,0.5,142.3,100,141.8,150,,,,,,,,,,,,,,,,,142.8,7,,,,,,,,,,,,,,,,,,
2026-07-05T12:04:12.673846+00:00,2026-07-05T12:04:12.667587,1,2,142.05,0.5,141.8,150,,,,,,,,,,,,,,,,,,,142.3,39,142.8,7,,,,,,,,,,,,,,,,
2026-07-05T12:04:13.184716+00:00,2026-07-05T12:04:13.184528,1,2,142.05,0.5,141.8,108,,,,,,,,,,,,,,,,,,,142.3,39,142.8,7,,,,,,,,,,,,,,,,
2026-07-05T12:04:13.558677+00:00,2026-07-05T12:04:13.556375,1,0,,,141.8,108,,,,,,,,,,,,,,,,,,,,,,,,,,,,,,,,,,,,,,
2026-07-05T12:04:14.410110+00:00,2026-07-05T12:04:14.409991,2,0,,,142.0,100,141.8,108,,,,,,,,,,,,,,,,,,,,,,,,,,,,,,,,,,,,
2026-07-05T12:04:14.465718+00:00,2026-07-05T12:04:14.465586,2,1,142.25,0.5,142.0,100,141.8,108,,,,,,,,,,,,,,,,,142.5,100,,,,,,,,,,,,,,,,,,
2026-07-05T12:04:15.719755+00:00,2026-07-05T12:04:15.719547,1,1,142.25,0.5,142.0,100,,,,,,,,,,,,,,,,,,,142.5,100,,,,,,,,,,,,,,,,,,
2026-07-05T12:04:15.773132+00:00,2026-07-05T12:04:15.773026,2,1,142.3,0.4,142.1,150,142.0,100,,,,,,,,,,,,,,,,,142.5,100,,,,,,,,,,,,,,,,,,
2026-07-05T12:04:15.825804+00:00,2026-07-05T12:04:15.825916,2,2,142.3,0.4,142.1,150,142.0,100,,,,,,,,,,,,,,,,,142.5,100,142.6,150,,,,,,,,,,,,,,,,
2026-07-05T12:04:17.516813+00:00,2026-07-05T12:04:17.516697,1,1,142.35,0.5,142.1,150,,,,,,,,,,,,,,,,,,,142.6,150,,,,,,,,,,,,,,,,,,
2026-07-05T12:04:17.569218+00:00,2026-07-05T12:04:17.569157,2,1,142.35,0.5,142.1,150,142.0,100,,,,,,,,,,,,,,,,,142.6,150,,,,,,,,,,,,,,,,,,
2026-07-05T12:04:17.625174+00:00,2026-07-05T12:04:17.625041,2,2,142.3,0.4,142.1,150,142.0,100,,,,,,,,,,,,,,,,,142.5,100,142.6,150,,,,,,,,,,,,,,,,
2026-07-05T12:04:17.769189+00:00,2026-07-05T12:04:17.769060,2,2,142.3,0.4,142.1,150,142.0,100,,,,,,,,,,,,,,,,,142.5,50,142.6,150,,,,,,,,,,,,,,,,
