recv_time,book_timestamp,n_bids,n_asks,mid,spread,bid_px_0,bid_vol_0,bid_px_1,bid_vol_1,bid_px_2,bid_vol_2,bid_px_3,bid_vol_3,bid_px_4,bid_vol_4,bid_px_5,bid_vol_5,bid_px_6,bid_vol_6,bid_px_7,bid_vol_7,bid_px_8,bid_vol_8,bid_px_9,bid_vol_9,ask_px_0,ask_vol_0,ask_px_1,ask_vol_1,ask_px_2,ask_vol_2,ask_px_3,ask_vol_3,ask_px_4,ask_vol_4,ask_px_5,ask_vol_5,ask_px_6,ask_vol_6,ask_px_7,ask_vol_7,ask_px_8,ask_vol_8,ask_px_9,ask_vol_9
2026-06-29T19:00:01.596380+00:00,2026-06-30T05:00:01.591380,2,1,113.6,0.4,113.4,1,113.3,100,,,,,,,,,,,,,,,,,113.8,100,,,,,,,,,,,,,,,,,,
2026-06-29T19:00:01.628146+00:00,2026-06-30T05:00:01.619579,2,1,113.6,0.4,113.4,1,113.3,100,,,,,,,,,,,,,,,,,113.8,50,,,,,,,,,,,,,,,,,,
2026-06-29T19:00:01.650227+00:00,2026-06-30T05:00:01.644164,3,1,113.7,0.2,113.6,150,113.4,1,113.3,100,,,,,,,,,,,,,,,113.8,50,,,,,,,,,,,,,,,,,,
2026-06-29T19:00:01.705535+00:00,2026-06-30T05:00:01.698535,3,2,113.7,0.2,113.6,150,113.4,1,113.3,100,,,,,,,,,,,,,,,113.8,50,114.1,150,,,,,,,,,,,,,,,,
2026-06-29T19:00:02.542124+00:00,2026-06-30T05:00:02.536024,2,1,113.85,0.5,113.6,150,113.4,1,,,,,,,,,,,,,,,,,114.1,150,,,,,,,,,,,,,,,,,,
2026-06-29T19:00:02.597508+00:00,2026-06-30T05:00:02.594508,3,1,113.85,0.5,113.6,150,113.5,100,113.4,1,,,,,,,,,,,,,,,114.1,150,,,,,,,,,,,,,,,,,,
2026-06-29T19:00:02.640790+00:00,2026-06-30T05:00:02.639790,3,2,113.8,0.4,113.6,150,113.5,100,113.4,1,,,,,,,,,,,,,,,114.0,100,114.1,150,,,,,,,,,,,,,,,,
2026-06-29T19:00:03.577591+00:00,2026-06-30T05:00:03.570041,3,3,113.65,0.1,113.6,150,113.5,100,113.4,1,,,,,,,,,,,,,,,113.7,1,114.0,100,114.1,150,,,,,,,,,,,,,,
2026-06-29T19:00:03.795384+00:00,2026-06-30T05:00:03.787374,3,3,113.65,0.1,113.6,104,113.5,100,113.4,1,,,,,,,,,,,,,,,113.7,1,114.0,100,114.1,150,,,,,,,,,,,,,,
2026-06-29T19:00:04.762135+00:00,2026-06-30T05:00:04.756071,2,1,113.75,0.5,113.5,100,113.4,1,,,,,,,,,,,,,,,,,114.0,100,,,,,,,,,,,,,,,,,,
2026-06-29T19:00:04.773198+00:00,2026-06-30T05:00:04.769198,2,2,113.65,0.3,113.5,100,113.4,1,,,,,,,,,,,,,,,,,113.8,1,114.0,100,,,,,,,,,,,,,,,,
2026-06-29T19:00:04.817447+00:00,2026-06-30T05:00:04.808447,3,2,113.65,0.3,113.5,100,113.4,1,113.3,150,,,,,,,,,,,,,,,113.8,1,114.0,100,,,,,,,,,,,,,,,,
2026-06-29T19:00:04.871872+00:00,2026-06-30T05:00:04.860789,3,2,113.65,0.3,113.5,100,113.4,1,113.3,150,,,,,,,,,,,,,,,113.8,151,114.0,100,,,,,,,,,,,,,,,,
2026-06-29T19:00:05.704033+00:00,2026-06-30T05:00:05.695985,2,1,113.6,0.4,113.4,1,113.3,150,,,,,,,,,,,,,,,,,113.8,151,,,,,,,,,,,,,,,,,,
2026-06-29T19:00:05.757856+00:00,2026-06-30T05:00:05.749309,2,1,113.6,0.4,113.4,101,113.3,150,,,,,,,,,,,,,,,,,113.8,151,,,,,,,,,,,,,,,,,,
2026-06-29T19:00:05.823190+00:00,2026-06-30T05:00:05.815132,2,2,113.6,0.4,113.4,101,113.3,150,,,,,,,,,,,,,,,,,113.8,151,113.9,100,,,,,,,,,,,,,,,,
2026-06-29T19:00:05.888019+00:00,2026-06-30T05:00:05.878474,2,2,113.6,0.4,113.4,100,113.3,150,,,,,,,,,,,,,,,,,113.8,151,113.9,100,,,,,,,,,,,,,,,,
2026-06-29T19:00:05.898594+00:00,2026-06-30T05:00:05.892029,2,2,113.6,0.4,113.4,50,113.3,150,,,,,,,,,,,,,,,,,113.8,151,113.9,100,,,,,,,,,,,,,,,,
2026-06-29T19:00:07.919897+00:00,2026-06-30T05:00:07.915834,1,2,113.6,0.4,113.4,50,,,,,,,,,,,,,,,,,,,113.8,1,113.9,100,,,,,,,,,,,,,,,,
2026-06-29T19:00:07.953110+00:00,2026-06-30T05:00:07.949111,1,1,113.65,0.5,113.4,50,,,,,,,,,,,,,,,,,,,113.9,51,,,,,,,,,,,,,,,,,,
2026-06-29T19:00:07.975233+00:00,2026-06-30T05:00:07.969233,2,1,113.65,0.5,113.4,50,113.3,150,,,,,,,,,,,,,,,,,113.9,51,,,,,,,,,,,,,,,,,,
2026-06-29T19:00:08.050757+00:00,2026-06-30T05:00:08.048757,2,2,113.6,0.4,113.4,50,113.3,150,,,,,,,,,,,,,,,,,113.8,150,113.9,51,,,,,,,,,,,,,,,,
2026-06-29T19:00:08.878185+00:00,2026-06-30T05:00:08.868625,1,1,113.55,0.5,113.3,150,,,,,,,,,,,,,,,,,,,113.8,150,,,,,,,,,,,,,,,,,,
2026-06-29T19:00:08.921956+00:00,2026-06-30T05:00:08.920956,1,1,113.55,0.5,113.3,250,,,,,,,,,,,,,,,,,,,113.8,150,,,,,,,,,,,,,,,,,,
2026-06-29T19:00:08.977266+00:00,2026-06-30T05:00:08.974266,1,1,113.55,0.5,113.3,250,,,,,,,,,,,,,,,,,,,113.8,250,,,,,,,,,,,,,,,,,,
2026-06-29T19:00:10.063911+00:00,2026-06-30T05:00:10.053863,1,1,113.55,0.5,113.3,250,,,,,,,,,,,,,,,,,,,113.8,200,,,,,,,,,,,,,,,,,,
2026-06-29T19:00:11.107081+00:00,2026-06-30T05:00:11.104081,1,1,113.55,0.5,113.3,100,,,,,,,,,,,,,,,,,,,113.8,100,,,,,,,,,,,,,,,,,,
2026-06-29T19:00:11.117713+00:00,2026-06-30T05:00:11.116150,2,1,113.6,0.4,113.4,5,113.3,100,,,,,,,,,,,,,,,,,113.8,100,,,,,,,,,,,,,,,,,,
2026-06-29T19:00:11.161009+00:00,2026-06-30T05:00:11.154948,2,1,113.6,0.4,113.4,155,113.3,100,,,,,,,,,,,,,,,,,113.8,100,,,,,,,,,,,,,,,,,,
2026-06-29T19:00:11.216339+00:00,2026-06-30T05:00:11.208339,2,2,113.6,0.4,113.4,155,113.3,100,,,,,,,,,,,,,,,,,113.8,100,113.9,150,,,,,,,,,,,,,,,,
2026-06-29T19:00:12.038319+00:00,2026-06-30T05:00:12.029760,1,1,113.65,0.5,113.4,155,,,,,,,,,,,,,,,,,,,113.9,150,,,,,,,,,,,,,,,,,,
2026-06-29T19:00:12.093165+00:00,2026-06-30T05:00:12.083101,2,1,113.65,0.5,113.4,155,113.3,100,,,,,,,,,,,,,,,,,113.9,150,,,,,,,,,,,,,,,,,,
2026-06-29T19:00:12.137426+00:00,2026-06-30T05:00:12.135426,2,2,113.6,0.4,113.4,155,113.3,100,,,,,,,,,,,,,,,,,113.8,100,113.9,150,,,,,,,,,,,,,,,,
2026-06-29T19:00:12.180791+00:00,2026-06-30T05:00:12.179791,2,2,113.6,0.4,113.4,155,113.3,100,,,,,,,,,,,,,,,,,113.8,50,113.9,150,,,,,,,,,,,,,,,,
2026-06-29T19:00:14.267602+00:00,2026-06-30T05:00:14.263546,2,1,113.6,0.4,113.4,5,113.3,100,,,,,,,,,,,,,,,,,113.8,50,,,,,,,,,,,,,,,,,,
2026-06-29T19:00:14.288775+00:00,2026-06-30T05:00:14.287202,2,0,,,113.4,5,113.3,100,,,,,,,,,,,,,,,,,,,,,,,,,,,,,,,,,,,,
2026-06-29T19:00:14.321979+00:00,2026-06-30T05:00:14.316916,3,0,,,113.8,150,113.4,5,113.3,100,,,,,,,,,,,,,,,,,,,,,,,,,,,,,,,,,,
2026-06-29T19:00:14.377290+00:00,2026-06-30T05:00:14.372290,3,1,114.05,0.5,113.8,150,113.4,5,113.3,100,,,,,,,,,,,,,,,114.3,150,,,,,,,,,,,,,,,,,,
2026-06-29T19:00:15.190758+00:00,2026-06-30T05:00:15.189758,2,1,114.05,0.5,113.8,150,113.4,5,,,,,,,,,,,,,,,,,114.3,150,,,,,,,,,,,,,,,,,,
2026-06-29T19:00:15.257126+00:00,2026-06-30T05:00:15.251126,3,1,114.1,0.4,113.9,100,113.8,150,113.4,5,,,,,,,,,,,,,,,114.3,150,,,,,,,,,,,,,,,,,,
2026-06-29T19:00:15.332197+00:00,2026-06-30T05:00:15.331197,3,2,114.1,0.4,113.9,100,113.8,150,113.4,5,,,,,,,,,,,,,,,114.3,150,114.4,100,,,,,,,,,,,,,,,,
2026-06-29T19:00:16.398978+00:00,2026-06-30T05:00:16.397418,2,2,114.1,0.4,113.9,100,113.8,150,,,,,,,,,,,,,,,,,114.3,100,114.4,100,,,,,,,,,,,,,,,,
2026-06-29T19:00:16.541964+00:00,2026-06-30T05:00:16.534902,3,2,114.1,0.4,113.9,100,113.8,150,113.6,6,,,,,,,,,,,,,,,114.3,100,114.4,100,,,,,,,,,,,,,,,,
2026-06-29T19:00:16.965301+00:00,2026-06-30T05:00:16.963301,3,2,114.1,0.4,113.9,59,113.8,150,113.6,6,,,,,,,,,,,,,,,114.3,100,114.4,100,,,,,,,,,,,,,,,,
2026-06-29T19:00:17.085153+00:00,2026-06-30T05:00:17.075049,3,2,114.1,0.4,113.9,34,113.8,150,113.6,6,,,,,,,,,,,,,,,114.3,100,114.4,100,,,,,,,,,,,,,,,,
2026-06-29T19:00:17.161222+00:00,2026-06-30T05:00:17.156162,3,2,114.1,0.4,113.9,9,113.8,150,113.6,6,,,,,,,,,,,,,,,114.3,100,114.4,100,,,,,,,,,,,,,,,,
2026-06-29T19:00:17.292935+00:00,2026-06-30T05:00:17.285886,2,2,114.05,0.5,113.8,150,113.6,6,,,,,,,,,,,,,,,,,114.3,100,114.4,100,,,,,,,,,,,,,,,,
2026-06-29T19:00:17.303984+00:00,2026-06-30T05:00:17.294935,2,2,114.05,0.5,113.8,148,113.6,6,,,,,,,,,,,,,,,,,114.3,100,114.4,100,,,,,,,,,,,,,,,,
2026-06-29T19:00:17.435138+00:00,2026-06-30T05:00:17.431137,1,1,114.0,0.8,113.6,6,,,,,,,,,,,,,,,,,,,114.4,100,,,,,,,,,,,,,,,,,,
2026-06-29T19:00:17.488976+00:00,2026-06-30T05:00:17.486430,2,1,114.05,0.7,113.7,150,113.6,6,,,,,,,,,,,,,,,,,114.4,100,,,,,,,,,,,,,,,,,,
2026-06-29T19:00:17.544279+00:00,2026-06-30T05:00:17.542280,2,2,113.95,0.5,113.7,150,113.6,5,,,,,,,,,,,,,,,,,114.2,150,114.4,100,,,,,,,,,,,,,,,,
2026-06-29T19:00:18.358233+00:00,2026-06-30T05:00:18.351680,2,2,113.95,0.5,113.7,148,113.6,5,,,,,,,,,,,,,,,,,114.2,150,114.4,100,,,,,,,,,,,,,,,,
2026-06-29T19:00:18.368834+00:00,2026-06-30T05:00:18.365251,2,1,113.95,0.5,113.7,148,113.6,5,,,,,,,,,,,,,,,,,114.2,150,,,,,,,,,,,,,,,,,,
2026-06-29T19:00:18.379915+00:00,2026-06-30T05:00:18.373852,2,2,113.8,0.2,113.7,148,113.6,5,,,,,,,,,,,,,,,,,113.9,1,114.2,150,,,,,,,,,,,,,,,,
2026-06-29T19:00:18.424167+00:00,2026-06-30T05:00:18.422159,3,2,113.8,0.2,113.7,148,113.6,5,113.5,100,,,,,,,,,,,,,,,113.9,1,114.2,150,,,,,,,,,,,,,,,,
2026-06-29T19:00:18.478045+00:00,2026-06-30T05:00:18.474482,3,3,113.8,0.2,113.7,148,113.6,5,113.5,100,,,,,,,,,,,,,,,113.9,1,114.0,100,114.2,150,,,,,,,,,,,,,,
2026-06-29T19:00:18.510769+00:00,2026-06-30T05:00:18.501708,3,2,113.85,0.3,113.7,148,113.6,5,113.5,100,,,,,,,,,,,,,,,114.0,51,114.2,150,,,,,,,,,,,,,,,,
2026-06-29T19:00:18.566103+00:00,2026-06-30T05:00:18.555040,3,3,113.8,0.2,113.7,148,113.6,5,113.5,100,,,,,,,,,,,,,,,113.9,1,114.0,51,114.2,150,,,,,,,,,,,,,,
2026-06-29T19:00:18.631085+00:00,2026-06-30T05:00:18.629076,3,3,113.8,0.2,113.7,106,113.6,5,113.5,100,,,,,,,,,,,,,,,113.9,1,114.0,51,114.2,150,,,,,,,,,,,,,,
2026-06-29T19:00:19.775268+00:00,2026-06-30T05:00:19.766205,3,3,113.8,0.2,113.7,106,113.6,3,113.5,100,,,,,,,,,,,,,,,113.9,1,114.0,51,114.2,150,,,,,,,,,,,,,,
2026-06-29T19:00:20.438712+00:00,2026-06-30T05:00:20.437160,3,3,113.8,0.2,113.7,106,113.6,2,113.5,100,,,,,,,,,,,,,,,113.9,1,114.0,51,114.2,150,,,,,,,,,,,,,,
2026-06-29T19:00:20.602193+00:00,2026-06-30T05:00:20.595144,2,2,113.75,0.3,113.6,2,113.5,100,,,,,,,,,,,,,,,,,113.9,1,114.0,51,,,,,,,,,,,,,,,,
2026-06-29T19:00:20.657523+00:00,2026-06-30T05:00:20.647513,3,2,113.8,0.2,113.7,150,113.6,2,113.5,100,,,,,,,,,,,,,,,113.9,1,114.0,51,,,,,,,,,,,,,,,,
2026-06-29T19:00:20.667634+00:00,2026-06-30T05:00:20.659587,3,2,113.8,0.2,113.7,100,113.6,2,113.5,100,,,,,,,,,,,,,,,113.9,1,114.0,51,,,,,,,,,,,,,,,,
2026-06-29T19:00:20.710931+00:00,2026-06-30T05:00:20.702867,3,3,113.8,0.2,113.7,100,113.6,2,113.5,100,,,,,,,,,,,,,,,113.9,1,114.0,51,114.2,150,,,,,,,,,,,,,,
2026-06-29T19:00:21.178953+00:00,2026-06-30T05:00:21.172383,3,2,113.85,0.3,113.7,100,113.6,2,113.5,100,,,,,,,,,,,,,,,114.0,51,114.2,150,,,,,,,,,,,,,,,,
2026-06-29T19:00:21.190042+00:00,2026-06-30T05:00:21.186971,3,2,113.85,0.3,113.7,100,113.6,2,113.5,100,,,,,,,,,,,,,,,114.0,24,114.2,150,,,,,,,,,,,,,,,,
2026-06-29T19:00:21.407407+00:00,2026-06-30T05:00:21.402415,3,2,113.85,0.3,113.7,100,113.6,2,113.5,100,,,,,,,,,,,,,,,114.0,9,114.2,150,,,,,,,,,,,,,,,,
2026-06-29T19:00:21.537836+00:00,2026-06-30T05:00:21.529277,2,1,113.95,0.5,113.7,100,113.6,2,,,,,,,,,,,,,,,,,114.2,150,,,,,,,,,,,,,,,,,,
2026-06-29T19:00:21.592197+00:00,2026-06-30T05:00:21.583133,3,1,114.15,0.1,114.1,100,113.7,100,113.6,2,,,,,,,,,,,,,,,114.2,150,,,,,,,,,,,,,,,,,,
2026-06-29T19:00:21.636446+00:00,2026-06-30T05:00:21.635446,3,2,114.15,0.1,114.1,100,113.7,100,113.6,2,,,,,,,,,,,,,,,114.2,150,114.6,100,,,,,,,,,,,,,,,,
2026-06-29T19:00:22.397544+00:00,2026-06-30T05:00:22.390498,3,2,114.15,0.1,114.1,75,113.7,100,113.6,2,,,,,,,,,,,,,,,114.2,150,114.6,100,,,,,,,,,,,,,,,,
2026-06-29T19:00:22.429782+00:00,2026-06-30T05:00:22.427771,3,2,114.15,0.1,114.1,50,113.7,100,113.6,2,,,,,,,,,,,,,,,114.2,150,114.6,100,,,,,,,,,,,,,,,,
2026-06-29T19:00:22.528487+00:00,2026-06-30T05:00:22.528487,3,2,114.15,0.1,114.1,50,113.7,100,113.6,2,,,,,,,,,,,,,,,114.2,106,114.6,100,,,,,,,,,,,,,,,,
2026-06-29T19:00:22.583311+00:00,2026-06-30T05:00:22.581311,3,2,114.15,0.1,114.1,8,113.7,100,113.6,2,,,,,,,,,,,,,,,114.2,106,114.6,100,,,,,,,,,,,,,,,,
2026-06-29T19:00:22.605407+00:00,2026-06-30T05:00:22.601407,2,2,113.95,0.5,113.7,100,113.6,2,,,,,,,,,,,,,,,,,114.2,106,114.6,100,,,,,,,,,,,,,,,,
2026-06-29T19:00:22.768331+00:00,2026-06-30T05:00:22.766786,2,2,113.95,0.5,113.7,50,113.6,2,,,,,,,,,,,,,,,,,114.2,106,114.6,100,,,,,,,,,,,,,,,,
2026-06-29T19:00:23.775456+00:00,2026-06-30T05:00:23.769457,1,1,114.1,1.0,113.6,2,,,,,,,,,,,,,,,,,,,114.6,100,,,,,,,,,,,,,,,,,,
2026-06-29T19:00:23.840888+00:00,2026-06-30T05:00:23.832829,1,1,114.1,1.0,113.6,152,,,,,,,,,,,,,,,,,,,114.6,100,,,,,,,,,,,,,,,,,,
2026-06-29T19:00:23.885102+00:00,2026-06-30T05:00:23.884101,1,2,113.85,0.5,113.6,152,,,,,,,,,,,,,,,,,,,114.1,150,114.6,100,,,,,,,,,,,,,,,,
2026-06-29T19:00:24.701125+00:00,2026-06-30T05:00:24.690077,1,1,113.85,0.5,113.6,152,,,,,,,,,,,,,,,,,,,114.1,150,,,,,,,,,,,,,,,,,,
2026-06-29T19:00:24.755897+00:00,2026-06-30T05:00:24.745851,2,1,113.9,0.4,113.7,100,113.6,152,,,,,,,,,,,,,,,,,114.1,150,,,,,,,,,,,,,,,,,,
2026-06-29T19:00:24.799210+00:00,2026-06-30T05:00:24.798210,2,2,113.9,0.4,113.7,100,113.6,152,,,,,,,,,,,,,,,,,114.1,150,114.2,100,,,,,,,,,,,,,,,,
2026-06-29T19:00:24.876709+00:00,2026-06-30T05:00:24.873711,2,2,113.9,0.4,113.7,50,113.6,152,,,,,,,,,,,,,,,,,114.1,150,114.2,100,,,,,,,,,,,,,,,,
2026-06-29T19:00:26.941839+00:00,2026-06-30T05:00:26.939839,2,1,113.95,0.5,113.7,50,113.6,2,,,,,,,,,,,,,,,,,114.2,100,,,,,,,,,,,,,,,,,,
2026-06-29T19:00:26.986085+00:00,2026-06-30T05:00:26.981085,1,1,113.9,0.6,113.6,2,,,,,,,,,,,,,,,,,,,114.2,100,,,,,,,,,,,,,,,,,,
2026-06-29T19:00:26.997147+00:00,2026-06-30T05:00:26.993147,2,1,113.9,0.6,113.6,2,113.5,150,,,,,,,,,,,,,,,,,114.2,100,,,,,,,,,,,,,,,,,,
2026-06-29T19:00:27.050064+00:00,2026-06-30T05:00:27.045002,2,2,113.8,0.4,113.6,2,113.5,150,,,,,,,,,,,,,,,,,114.0,150,114.2,100,,,,,,,,,,,,,,,,
2026-06-29T19:00:27.867543+00:00,2026-06-30T05:00:27.856689,2,1,113.8,0.4,113.6,2,113.5,150,,,,,,,,,,,,,,,,,114.0,150,,,,,,,,,,,,,,,,,,
2026-06-29T19:00:27.919980+00:00,2026-06-30T05:00:27.909207,3,1,113.8,0.4,113.6,2,113.5,150,113.2,100,,,,,,,,,,,,,,,114.0,150,,,,,,,,,,,,,,,,,,
2026-06-29T19:00:27.964262+00:00,2026-06-30T05:00:27.961263,3,2,113.65,0.1,113.6,2,113.5,150,113.2,100,,,,,,,,,,,,,,,113.7,100,114.0,150,,,,,,,,,,,,,,,,
2026-06-29T19:00:28.029740+00:00,2026-06-30T05:00:28.024677,3,2,113.65,0.1,113.6,2,113.5,150,113.2,100,,,,,,,,,,,,,,,113.7,75,114.0,150,,,,,,,,,,,,,,,,
2026-06-29T19:00:28.171151+00:00,2026-06-30T05:00:28.165088,3,2,113.65,0.1,113.6,2,113.5,150,113.2,100,,,,,,,,,,,,,,,113.7,50,114.0,150,,,,,,,,,,,,,,,,
2026-06-29T19:00:28.377542+00:00,2026-06-30T05:00:28.374496,3,2,113.65,0.1,113.6,2,113.5,150,113.2,100,,,,,,,,,,,,,,,113.7,30,114.0,150,,,,,,,,,,,,,,,,
2026-06-29T19:00:29.097274+00:00,2026-06-30T05:00:29.088274,2,2,113.6,0.2,113.5,102,113.2,100,,,,,,,,,,,,,,,,,113.7,30,114.0,150,,,,,,,,,,,,,,,,
2026-06-29T19:00:30.109719+00:00,2026-06-30T05:00:30.100657,1,1,113.45,0.5,113.2,100,,,,,,,,,,,,,,,,,,,113.7,30,,,,,,,,,,,,,,,,,,
2026-06-29T19:00:30.165021+00:00,2026-06-30T05:00:30.153966,2,1,113.55,0.3,113.4,150,113.2,100,,,,,,,,,,,,,,,,,113.7,30,,,,,,,,,,,,,,,,,,
2026-06-29T19:00:30.208283+00:00,2026-06-30T05:00:30.206283,2,2,113.55,0.3,113.4,150,113.2,100,,,,,,,,,,,,,,,,,113.7,30,113.9,150,,,,,,,,,,,,,,,,
2026-06-29T19:00:31.023237+00:00,2026-06-30T05:00:31.019237,1,1,113.65,0.5,113.4,150,,,,,,,,,,,,,,,,,,,113.9,150,,,,,,,,,,,,,,,,,,
2026-06-29T19:00:31.078113+00:00,2026-06-30T05:00:31.076552,2,1,113.75,0.3,113.6,100,113.4,150,,,,,,,,,,,,,,,,,113.9,150,,,,,,,,,,,,,,,,,,
2026-06-29T19:00:31.132980+00:00,2026-06-30T05:00:31.130981,2,2,113.75,0.3,113.6,100,113.4,150,,,,,,,,,,,,,,,,,113.9,150,114.1,100,,,,,,,,,,,,,,,,
2026-06-29T19:00:31.197925+00:00,2026-06-30T05:00:31.194366,2,2,113.75,0.3,113.6,50,113.4,150,,,,,,,,,,,,,,,,,113.9,150,114.1,100,,,,,,,,,,,,,,,,
2026-06-29T19:00:31.405263+00:00,2026-06-30T05:00:31.404262,3,2,113.8,0.2,113.7,4,113.6,50,113.4,150,,,,,,,,,,,,,,,113.9,150,114.1,100,,,,,,,,,,,,,,,,
2026-06-29T19:00:31.863003+00:00,2026-06-30T05:00:31.859003,3,3,113.8,0.2,113.7,4,113.6,50,113.4,150,,,,,,,,,,,,,,,113.9,150,114.0,2,114.1,100,,,,,,,,,,,,,,
2026-06-29T19:00:32.874305+00:00,2026-06-30T05:00:32.863456,3,3,113.8,0.2,113.7,3,113.6,50,113.4,150,,,,,,,,,,,,,,,113.9,150,114.0,2,114.1,100,,,,,,,,,,,,,,
2026-06-29T19:00:32.971016+00:00,2026-06-30T05:00:32.964915,2,3,113.75,0.3,113.6,50,113.4,150,,,,,,,,,,,,,,,,,113.9,150,114.0,2,114.1,100,,,,,,,,,,,,,,
2026-06-29T19:00:33.265483+00:00,2026-06-30T05:00:33.263491,2,2,113.8,0.4,113.6,50,113.4,150,,,,,,,,,,,,,,,,,114.0,2,114.1,100,,,,,,,,,,,,,,,,
2026-06-29T19:00:33.276549+00:00,2026-06-30T05:00:33.265483,1,2,113.8,0.4,113.6,50,,,,,,,,,,,,,,,,,,,114.0,2,114.1,100,,,,,,,,,,,,,,,,
2026-06-29T19:00:33.308312+00:00,2026-06-30T05:00:33.300753,0,2,,,,,,,,,,,,,,,,,,,,,,,114.0,2,114.1,100,,,,,,,,,,,,,,,,
2026-06-29T19:00:33.318903+00:00,2026-06-30T05:00:33.318355,1,2,113.75,0.5,113.5,150,,,,,,,,,,,,,,,,,,,114.0,2,114.1,100,,,,,,,,,,,,,,,,
2026-06-29T19:00:33.374227+00:00,2026-06-30T05:00:33.370226,1,2,113.75,0.5,113.5,150,,,,,,,,,,,,,,,,,,,114.0,152,114.1,100,,,,,,,,,,,,,,,,
2026-06-29T19:00:34.188593+00:00,2026-06-30T05:00:34.185041,1,1,113.75,0.5,113.5,150,,,,,,,,,,,,,,,,,,,114.0,152,,,,,,,,,,,,,,,,,,
2026-06-29T19:00:34.243952+00:00,2026-06-30T05:00:34.236877,2,1,113.75,0.5,113.5,150,113.3,100,,,,,,,,,,,,,,,,,114.0,152,,,,,,,,,,,,,,,,,,
2026-06-29T19:00:34.266076+00:00,2026-06-30T05:00:34.263076,2,1,113.75,0.5,113.5,150,113.3,100,,,,,,,,,,,,,,,,,114.0,109,,,,,,,,,,,,,,,,,,
2026-06-29T19:00:34.297309+00:00,2026-06-30T05:00:34.291263,2,2,113.65,0.3,113.5,150,113.3,100,,,,,,,,,,,,,,,,,113.8,100,114.0,109,,,,,,,,,,,,,,,,
2026-06-29T19:00:35.416309+00:00,2026-06-30T05:00:35.409301,2,2,113.65,0.3,113.5,100,113.3,100,,,,,,,,,,,,,,,,,113.8,100,114.0,109,,,,,,,,,,,,,,,,
2026-06-29T19:00:36.428692+00:00,2026-06-30T05:00:36.426132,1,1,113.55,0.5,113.3,100,,,,,,,,,,,,,,,,,,,113.8,100,,,,,,,,,,,,,,,,,,
2026-06-29T19:00:36.484044+00:00,2026-06-30T05:00:36.479043,2,1,113.7,0.2,113.6,150,113.3,100,,,,,,,,,,,,,,,,,113.8,100,,,,,,,,,,,,,,,,,,
2026-06-29T19:00:36.538449+00:00,2026-06-30T05:00:36.532881,2,2,113.7,0.2,113.6,150,113.3,100,,,,,,,,,,,,,,,,,113.8,100,114.1,150,,,,,,,,,,,,,,,,
2026-06-29T19:00:37.348047+00:00,2026-06-30T05:00:37.345488,1,1,113.85,0.5,113.6,150,,,,,,,,,,,,,,,,,,,114.1,150,,,,,,,,,,,,,,,,,,
2026-06-29T19:00:37.402914+00:00,2026-06-30T05:00:37.397904,2,1,113.85,0.5,113.6,150,113.2,100,,,,,,,,,,,,,,,,,114.1,150,,,,,,,,,,,,,,,,,,
2026-06-29T19:00:37.457250+00:00,2026-06-30T05:00:37.450224,2,2,113.65,0.1,113.6,150,113.2,100,,,,,,,,,,,,,,,,,113.7,100,114.1,150,,,,,,,,,,,,,,,,
2026-06-29T19:00:37.522209+00:00,2026-06-30T05:00:37.514147,2,2,113.65,0.1,113.6,100,113.2,100,,,,,,,,,,,,,,,,,113.7,100,114.1,150,,,,,,,,,,,,,,,,
2026-06-29T19:00:38.948000+00:00,2026-06-30T05:00:38.944430,2,2,113.65,0.1,113.6,105,113.2,100,,,,,,,,,,,,,,,,,113.7,100,114.1,150,,,,,,,,,,,,,,,,
2026-06-29T19:00:39.589787+00:00,2026-06-30T05:00:39.589787,2,1,113.65,0.1,113.6,5,113.2,100,,,,,,,,,,,,,,,,,113.7,100,,,,,,,,,,,,,,,,,,
2026-06-29T19:00:39.634051+00:00,2026-06-30T05:00:39.624989,1,1,113.45,0.5,113.2,55,,,,,,,,,,,,,,,,,,,113.7,100,,,,,,,,,,,,,,,,,,
2026-06-29T19:00:39.645112+00:00,2026-06-30T05:00:39.644112,2,1,113.5,0.4,113.3,150,113.2,55,,,,,,,,,,,,,,,,,113.7,100,,,,,,,,,,,,,,,,,,
2026-06-29T19:00:39.698520+00:00,2026-06-30T05:00:39.697994,2,2,113.5,0.4,113.3,150,113.2,55,,,,,,,,,,,,,,,,,113.7,100,113.8,150,,,,,,,,,,,,,,,,
2026-06-29T19:00:40.515955+00:00,2026-06-30T05:00:40.506906,1,1,113.55,0.5,113.3,150,,,,,,,,,,,,,,,,,,,113.8,150,,,,,,,,,,,,,,,,,,
2026-06-29T19:00:40.569779+00:00,2026-06-30T05:00:40.558831,2,1,113.55,0.5,113.3,150,113.2,100,,,,,,,,,,,,,,,,,113.8,150,,,,,,,,,,,,,,,,,,
2026-06-29T19:00:40.613962+00:00,2026-06-30T05:00:40.610962,2,2,113.5,0.4,113.3,150,113.2,100,,,,,,,,,,,,,,,,,113.7,100,113.8,150,,,,,,,,,,,,,,,,
2026-06-29T19:00:41.735274+00:00,2026-06-30T05:00:41.731274,2,2,113.5,0.4,113.3,100,113.2,100,,,,,,,,,,,,,,,,,113.7,100,113.8,150,,,,,,,,,,,,,,,,
2026-06-29T19:00:42.757311+00:00,2026-06-30T05:00:42.753284,1,1,113.45,0.5,113.2,100,,,,,,,,,,,,,,,,,,,113.7,100,,,,,,,,,,,,,,,,,,
2026-06-29T19:00:42.811216+00:00,2026-06-30T05:00:42.806154,2,1,113.45,0.5,113.2,100,113.1,150,,,,,,,,,,,,,,,,,113.7,100,,,,,,,,,,,,,,,,,,
2026-06-29T19:00:42.866520+00:00,2026-06-30T05:00:42.859528,2,2,113.4,0.4,113.2,100,113.1,150,,,,,,,,,,,,,,,,,113.6,150,113.7,100,,,,,,,,,,,,,,,,
2026-06-29T19:00:42.975168+00:00,2026-06-30T05:00:42.969169,2,3,113.4,0.4,113.2,100,113.1,150,,,,,,,,,,,,,,,,,113.6,150,113.7,100,113.8,5,,,,,,,,,,,,,,
2026-06-29T19:00:43.498198+00:00,2026-06-30T05:00:43.495630,2,3,113.4,0.4,113.2,100,113.1,150,,,,,,,,,,,,,,,,,113.6,102,113.7,100,113.8,5,,,,,,,,,,,,,,
2026-06-29T19:00:43.671860+00:00,2026-06-30T05:00:43.666797,1,2,113.35,0.5,113.1,150,,,,,,,,,,,,,,,,,,,113.6,102,113.8,5,,,,,,,,,,,,,,,,
2026-06-29T19:00:43.727169+00:00,2026-06-30T05:00:43.719169,1,2,113.35,0.5,113.1,250,,,,,,,,,,,,,,,,,,,113.6,102,113.8,5,,,,,,,,,,,,,,,,
2026-06-29T19:00:43.781098+00:00,2026-06-30T05:00:43.772032,1,2,113.35,0.5,113.1,250,,,,,,,,,,,,,,,,,,,113.6,202,113.8,5,,,,,,,,,,,,,,,,
2026-06-29T19:00:43.792160+00:00,2026-06-30T05:00:43.782091,1,2,113.35,0.5,113.1,250,,,,,,,,,,,,,,,,,,,113.6,202,113.8,3,,,,,,,,,,,,,,,,
2026-06-29T19:00:44.019681+00:00,2026-06-30T05:00:44.017671,2,2,113.55,0.1,113.5,2,113.1,250,,,,,,,,,,,,,,,,,113.6,202,113.8,3,,,,,,,,,,,,,,,,
2026-06-29T19:00:44.630771+00:00,2026-06-30T05:00:44.628771,1,2,113.35,0.5,113.1,208,,,,,,,,,,,,,,,,,,,113.6,202,113.8,3,,,,,,,,,,,,,,,,
2026-06-29T19:00:44.826576+00:00,2026-06-30T05:00:44.817566,1,2,113.35,0.5,113.1,208,,,,,,,,,,,,,,,,,,,113.6,202,113.8,2,,,,,,,,,,,,,,,,
2026-06-29T19:00:45.677626+00:00,2026-06-30T05:00:45.672579,1,2,113.35,0.5,113.1,208,,,,,,,,,,,,,,,,,,,113.6,157,113.8,2,,,,,,,,,,,,,,,,
2026-06-29T19:00:45.861923+00:00,2026-06-30T05:00:45.855859,1,2,113.35,0.5,113.1,208,,,,,,,,,,,,,,,,,,,113.6,157,113.8,1,,,,,,,,,,,,,,,,
2026-06-29T19:00:45.895107+00:00,2026-06-30T05:00:45.889106,1,2,113.35,0.5,113.1,208,,,,,,,,,,,,,,,,,,,113.6,107,113.8,1,,,,,,,,,,,,,,,,
2026-06-29T19:00:45.917241+00:00,2026-06-30T05:00:45.915242,1,2,113.35,0.5,113.1,100,,,,,,,,,,,,,,,,,,,113.6,100,113.8,1,,,,,,,,,,,,,,,,
2026-06-29T19:00:45.971174+00:00,2026-06-30T05:00:45.967164,2,2,113.55,0.1,113.5,150,113.1,100,,,,,,,,,,,,,,,,,113.6,100,113.8,1,,,,,,,,,,,,,,,,
2026-06-29T19:00:46.026501+00:00,2026-06-30T05:00:46.025500,2,3,113.55,0.1,113.5,154,113.1,100,,,,,,,,,,,,,,,,,113.6,100,113.8,1,114.0,150,,,,,,,,,,,,,,
2026-06-29T19:00:46.828458+00:00,2026-06-30T05:00:46.826898,1,2,113.65,0.3,113.5,154,,,,,,,,,,,,,,,,,,,113.8,1,114.0,150,,,,,,,,,,,,,,,,
2026-06-29T19:00:46.872262+00:00,2026-06-30T05:00:46.871254,1,1,113.75,0.5,113.5,154,,,,,,,,,,,,,,,,,,,114.0,150,,,,,,,,,,,,,,,,,,
2026-06-29T19:00:46.883325+00:00,2026-06-30T05:00:46.879325,2,1,113.75,0.5,113.5,154,113.2,100,,,,,,,,,,,,,,,,,114.0,150,,,,,,,,,,,,,,,,,,
2026-06-29T19:00:46.894387+00:00,2026-06-30T05:00:46.889388,2,2,113.65,0.3,113.5,154,113.2,100,,,,,,,,,,,,,,,,,113.8,1,114.0,150,,,,,,,,,,,,,,,,
2026-06-29T19:00:46.937689+00:00,2026-06-30T05:00:46.931627,2,3,113.6,0.2,113.5,154,113.2,100,,,,,,,,,,,,,,,,,113.7,100,113.8,1,114.0,150,,,,,,,,,,,,,,
2026-06-29T19:00:47.188248+00:00,2026-06-30T05:00:47.185689,2,2,113.6,0.2,113.5,154,113.2,100,,,,,,,,,,,,,,,,,113.7,100,114.0,150,,,,,,,,,,,,,,,,
2026-06-29T19:00:48.006222+00:00,2026-06-30T05:00:47.996160,2,2,113.6,0.2,113.5,154,113.2,100,,,,,,,,,,,,,,,,,113.7,50,114.0,150,,,,,,,,,,,,,,,,
2026-06-29T19:00:48.070710+00:00,2026-06-30T05:00:48.062646,2,3,113.6,0.2,113.5,154,113.2,100,,,,,,,,,,,,,,,,,113.7,50,113.8,1,114.0,150,,,,,,,,,,,,,,
2026-06-29T19:00:49.083810+00:00,2026-06-30T05:00:49.080810,2,2,113.6,0.2,113.5,4,113.2,100,,,,,,,,,,,,,,,,,113.7,50,113.8,1,,,,,,,,,,,,,,,,
2026-06-29T19:00:49.138141+00:00,2026-06-30T05:00:49.133586,2,2,113.6,0.2,113.5,4,113.2,250,,,,,,,,,,,,,,,,,113.7,50,113.8,1,,,,,,,,,,,,,,,,
2026-06-29T19:00:49.189786+00:00,2026-06-30T05:00:49.186486,2,2,113.6,0.2,113.5,4,113.2,250,,,,,,,,,,,,,,,,,113.7,200,113.8,1,,,,,,,,,,,,,,,,
2026-06-29T19:00:49.993989+00:00,2026-06-30T05:00:49.986935,2,2,113.6,0.2,113.5,4,113.2,150,,,,,,,,,,,,,,,,,113.7,150,113.8,1,,,,,,,,,,,,,,,,
2026-06-29T19:00:50.047825+00:00,2026-06-30T05:00:50.039254,3,2,113.6,0.2,113.5,4,113.2,150,113.0,100,,,,,,,,,,,,,,,113.7,150,113.8,1,,,,,,,,,,,,,,,,
2026-06-29T19:00:50.102108+00:00,2026-06-30T05:00:50.093059,2,3,113.35,0.3,113.2,150,113.0,100,,,,,,,,,,,,,,,,,113.5,96,113.7,150,113.8,1,,,,,,,,,,,,,,
2026-06-29T19:00:50.124217+00:00,2026-06-30T05:00:50.122224,2,3,113.35,0.3,113.2,150,113.0,100,,,,,,,,,,,,,,,,,113.5,41,113.7,150,113.8,1,,,,,,,,,,,,,,
2026-06-29T19:00:50.178114+00:00,2026-06-30T05:00:50.170554,2,3,113.35,0.3,113.2,150,113.0,100,,,,,,,,,,,,,,,,,113.5,37,113.7,150,113.8,1,,,,,,,,,,,,,,
2026-06-29T19:00:50.210862+00:00,2026-06-30T05:00:50.208862,2,3,113.35,0.3,113.2,150,113.0,100,,,,,,,,,,,,,,,,,113.5,33,113.7,150,113.8,1,,,,,,,,,,,,,,
2026-06-29T19:00:51.061146+00:00,2026-06-30T05:00:51.052083,2,3,113.35,0.3,113.2,150,113.0,100,,,,,,,,,,,,,,,,,113.5,29,113.7,150,113.8,1,,,,,,,,,,,,,,
2026-06-29T19:00:52.237587+00:00,2026-06-30T05:00:52.232548,2,2,113.45,0.5,113.2,150,113.0,100,,,,,,,,,,,,,,,,,113.7,129,113.8,1,,,,,,,,,,,,,,,,
2026-06-29T19:00:52.258851+00:00,2026-06-30T05:00:52.251239,1,1,113.4,0.8,113.0,100,,,,,,,,,,,,,,,,,,,113.8,1,,,,,,,,,,,,,,,,,,
2026-06-29T19:00:52.303215+00:00,2026-06-30T05:00:52.302215,2,1,113.5,0.6,113.2,150,113.0,100,,,,,,,,,,,,,,,,,113.8,1,,,,,,,,,,,,,,,,,,
2026-06-29T19:00:52.357494+00:00,2026-06-30T05:00:52.354453,2,2,113.45,0.5,113.2,150,113.0,100,,,,,,,,,,,,,,,,,113.7,150,113.8,1,,,,,,,,,,,,,,,,
2026-06-29T19:00:53.152817+00:00,2026-06-30T05:00:53.146764,1,2,113.45,0.5,113.2,150,,,,,,,,,,,,,,,,,,,113.7,150,113.8,1,,,,,,,,,,,,,,,,
2026-06-29T19:00:53.207603+00:00,2026-06-30T05:00:53.200057,2,2,113.5,0.4,113.3,100,113.2,150,,,,,,,,,,,,,,,,,113.7,150,113.8,1,,,,,,,,,,,,,,,,
2026-06-29T19:00:53.261870+00:00,2026-06-30T05:00:53.251822,2,2,113.5,0.4,113.3,100,113.2,150,,,,,,,,,,,,,,,,,113.7,150,113.8,101,,,,,,,,,,,,,,,,
2026-06-29T19:00:53.348409+00:00,2026-06-30T05:00:53.338799,3,2,113.55,0.3,113.4,2,113.3,100,113.2,150,,,,,,,,,,,,,,,113.7,150,113.8,101,,,,,,,,,,,,,,,,
2026-06-29T19:00:54.175388+00:00,2026-06-30T05:00:54.165324,3,2,113.55,0.3,113.4,1,113.3,100,113.2,150,,,,,,,,,,,,,,,113.7,150,113.8,101,,,,,,,,,,,,,,,,
2026-06-29T19:00:54.338020+00:00,2026-06-30T05:00:54.328461,3,2,113.55,0.3,113.4,1,113.3,100,113.2,150,,,,,,,,,,,,,,,113.7,100,113.8,101,,,,,,,,,,,,,,,,
2026-06-29T19:00:55.140942+00:00,2026-06-30T05:00:55.135880,2,2,113.5,0.4,113.3,58,113.2,150,,,,,,,,,,,,,,,,,113.7,100,113.8,101,,,,,,,,,,,,,,,,
2026-06-29T19:00:55.434367+00:00,2026-06-30T05:00:55.428367,1,1,113.55,0.5,113.3,58,,,,,,,,,,,,,,,,,,,113.8,101,,,,,,,,,,,,,,,,,,
2026-06-29T19:00:55.478167+00:00,2026-06-30T05:00:55.478167,2,1,113.6,0.4,113.4,151,113.3,58,,,,,,,,,,,,,,,,,113.8,101,,,,,,,,,,,,,,,,,,
2026-06-29T19:00:55.533002+00:00,2026-06-30T05:00:55.530002,2,2,113.6,0.4,113.4,151,113.3,58,,,,,,,,,,,,,,,,,113.8,101,113.9,150,,,,,,,,,,,,,,,,
2026-06-29T19:00:55.816435+00:00,2026-06-30T05:00:55.814435,2,2,113.6,0.4,113.4,150,113.3,58,,,,,,,,,,,,,,,,,113.8,101,113.9,150,,,,,,,,,,,,,,,,
2026-06-29T19:00:56.088853+00:00,2026-06-30T05:00:56.080847,2,2,113.6,0.4,113.4,150,113.3,58,,,,,,,,,,,,,,,,,113.8,54,113.9,150,,,,,,,,,,,,,,,,
2026-06-29T19:00:56.242308+00:00,2026-06-30T05:00:56.240308,2,3,113.55,0.3,113.4,150,113.3,58,,,,,,,,,,,,,,,,,113.7,5,113.8,54,113.9,150,,,,,,,,,,,,,,
2026-06-29T19:00:56.307725+00:00,2026-06-30T05:00:56.306670,2,2,113.55,0.3,113.4,150,113.3,58,,,,,,,,,,,,,,,,,113.7,5,113.9,150,,,,,,,,,,,,,,,,
2026-06-29T19:00:56.318302+00:00,2026-06-30T05:00:56.307865,1,2,113.55,0.3,113.4,150,,,,,,,,,,,,,,,,,,,113.7,5,113.9,150,,,,,,,,,,,,,,,,
2026-06-29T19:00:56.362081+00:00,2026-06-30T05:00:56.360082,1,2,113.55,0.3,113.4,250,,,,,,,,,,,,,,,,,,,113.7,5,113.9,150,,,,,,,,,,,,,,,,
2026-06-29T19:00:56.417402+00:00,2026-06-30T05:00:56.413402,1,2,113.55,0.3,113.4,250,,,,,,,,,,,,,,,,,,,113.7,5,113.9,250,,,,,,,,,,,,,,,,
2026-06-29T19:00:56.438629+00:00,2026-06-30T05:00:56.436046,1,1,113.65,0.5,113.4,250,,,,,,,,,,,,,,,,,,,113.9,205,,,,,,,,,,,,,,,,,,
2026-06-29T19:00:56.591146+00:00,2026-06-30T05:00:56.586083,1,1,113.65,0.5,113.4,201,,,,,,,,,,,,,,,,,,,113.9,205,,,,,,,,,,,,,,,,,,
2026-06-29T19:00:57.228824+00:00,2026-06-30T05:00:57.219264,1,1,113.65,0.5,113.4,156,,,,,,,,,,,,,,,,,,,113.9,205,,,,,,,,,,,,,,,,,,
2026-06-29T19:00:58.099669+00:00,2026-06-30T05:00:58.098668,1,2,113.55,0.3,113.4,156,,,,,,,,,,,,,,,,,,,113.7,5,113.9,205,,,,,,,,,,,,,,,,
2026-06-29T19:00:58.557618+00:00,2026-06-30T05:00:58.553591,1,1,113.65,0.5,113.4,156,,,,,,,,,,,,,,,,,,,113.9,160,,,,,,,,,,,,,,,,,,
2026-06-29T19:00:58.578792+00:00,2026-06-30T05:00:58.572233,1,1,113.65,0.5,113.4,100,,,,,,,,,,,,,,,,,,,113.9,100,,,,,,,,,,,,,,,,,,
2026-06-29T19:00:58.634127+00:00,2026-06-30T05:00:58.626063,2,2,113.55,0.3,113.4,100,113.3,150,,,,,,,,,,,,,,,,,113.7,6,113.9,100,,,,,,,,,,,,,,,,
2026-06-29T19:00:58.677428+00:00,2026-06-30T05:00:58.676382,2,3,113.55,0.3,113.4,100,113.3,150,,,,,,,,,,,,,,,,,113.7,6,113.8,150,113.9,100,,,,,,,,,,,,,,
2026-06-29T19:00:58.918070+00:00,2026-06-30T05:00:58.908509,2,2,113.6,0.4,113.4,100,113.3,150,,,,,,,,,,,,,,,,,113.8,150,113.9,100,,,,,,,,,,,,,,,,
2026-06-29T19:00:59.082148+00:00,2026-06-30T05:00:59.074085,2,3,113.55,0.3,113.4,100,113.3,150,,,,,,,,,,,,,,,,,113.7,5,113.8,150,113.9,100,,,,,,,,,,,,,,
2026-06-29T19:00:59.475188+00:00,2026-06-30T05:00:59.468188,1,2,113.5,0.4,113.3,150,,,,,,,,,,,,,,,,,,,113.7,5,113.8,150,,,,,,,,,,,,,,,,
2026-06-29T19:00:59.529612+00:00,2026-06-30T05:00:59.520548,2,2,113.6,0.2,113.5,100,113.3,150,,,,,,,,,,,,,,,,,113.7,5,113.8,150,,,,,,,,,,,,,,,,
2026-06-29T19:00:59.584942+00:00,2026-06-30T05:00:59.573864,2,3,113.6,0.2,113.5,100,113.3,150,,,,,,,,,,,,,,,,,113.7,5,113.8,150,114.0,100,,,,,,,,,,,,,,
2026-06-29T19:01:00.661247+00:00,2026-06-30T05:01:00.654185,2,2,113.65,0.3,113.5,100,113.3,150,,,,,,,,,,,,,,,,,113.8,105,114.0,100,,,,,,,,,,,,,,,,
2026-06-29T19:01:00.911958+00:00,2026-06-30T05:01:00.901045,2,2,113.65,0.3,113.5,100,113.3,150,,,,,,,,,,,,,,,,,113.8,62,114.0,100,,,,,,,,,,,,,,,,
2026-06-29T19:01:01.303446+00:00,2026-06-30T05:01:01.292383,2,2,113.65,0.3,113.5,100,113.3,150,,,,,,,,,,,,,,,,,113.8,67,114.0,100,,,,,,,,,,,,,,,,
2026-06-29T19:01:01.738336+00:00,2026-06-30T05:01:01.733776,1,2,113.65,0.3,113.5,100,,,,,,,,,,,,,,,,,,,113.8,5,114.0,100,,,,,,,,,,,,,,,,
2026-06-29T19:01:01.793182+00:00,2026-06-30T05:01:01.786119,2,2,113.75,0.1,113.7,150,113.5,100,,,,,,,,,,,,,,,,,113.8,5,114.0,100,,,,,,,,,,,,,,,,
2026-06-29T19:01:01.847513+00:00,2026-06-30T05:01:01.839487,2,3,113.75,0.1,113.7,150,113.5,100,,,,,,,,,,,,,,,,,113.8,5,114.0,100,114.2,150,,,,,,,,,,,,,,
2026-06-29T19:01:02.633302+00:00,2026-06-30T05:01:02.630303,1,2,113.75,0.1,113.7,150,,,,,,,,,,,,,,,,,,,113.8,5,114.2,150,,,,,,,,,,,,,,,,
2026-06-29T19:01:02.688178+00:00,2026-06-30T05:01:02.681618,2,2,113.75,0.1,113.7,150,113.3,100,,,,,,,,,,,,,,,,,113.8,5,114.2,150,,,,,,,,,,,,,,,,
2026-06-29T19:01:02.743024+00:00,2026-06-30T05:01:02.734961,2,2,113.75,0.1,113.7,150,113.3,100,,,,,,,,,,,,,,,,,113.8,105,114.2,150,,,,,,,,,,,,,,,,
2026-06-29T19:01:04.386310+00:00,2026-06-30T05:01:04.384310,2,2,113.75,0.1,113.7,150,113.3,100,,,,,,,,,,,,,,,,,113.8,100,114.2,150,,,,,,,,,,,,,,,,
2026-06-29T19:01:04.484824+00:00,2026-06-30T05:01:04.481825,2,2,113.75,0.1,113.7,107,113.3,100,,,,,,,,,,,,,,,,,113.8,100,114.2,150,,,,,,,,,,,,,,,,
2026-06-29T19:01:04.875572+00:00,2026-06-30T05:01:04.874572,2,2,113.75,0.1,113.7,107,113.3,100,,,,,,,,,,,,,,,,,113.8,50,114.2,150,,,,,,,,,,,,,,,,
2026-06-29T19:01:04.897722+00:00,2026-06-30T05:01:04.895722,1,1,113.55,0.5,113.3,100,,,,,,,,,,,,,,,,,,,113.8,50,,,,,,,,,,,,,,,,,,
2026-06-29T19:01:04.962348+00:00,2026-06-30T05:01:04.957338,2,1,113.65,0.3,113.5,150,113.3,100,,,,,,,,,,,,,,,,,113.8,50,,,,,,,,,,,,,,,,,,
2026-06-29T19:01:05.017796+00:00,2026-06-30T05:01:05.014796,2,2,113.65,0.3,113.5,150,113.3,100,,,,,,,,,,,,,,,,,113.8,50,114.0,150,,,,,,,,,,,,,,,,
2026-06-29T19:01:05.789634+00:00,2026-06-30T05:01:05.787624,2,1,113.75,0.5,113.5,150,113.3,100,,,,,,,,,,,,,,,,,114.0,150,,,,,,,,,,,,,,,,,,
2026-06-29T19:01:05.800707+00:00,2026-06-30T05:01:05.789634,1,1,113.75,0.5,113.5,150,,,,,,,,,,,,,,,,,,,114.0,150,,,,,,,,,,,,,,,,,,
2026-06-29T19:01:05.844954+00:00,2026-06-30T05:01:05.841955,1,1,113.75,0.5,113.5,250,,,,,,,,,,,,,,,,,,,114.0,150,,,,,,,,,,,,,,,,,,
2026-06-29T19:01:05.898354+00:00,2026-06-30T05:01:05.894794,1,1,113.75,0.5,113.5,250,,,,,,,,,,,,,,,,,,,114.0,250,,,,,,,,,,,,,,,,,,
2026-06-29T19:01:06.984951+00:00,2026-06-30T05:01:06.980951,1,1,113.75,0.5,113.5,250,,,,,,,,,,,,,,,,,,,114.0,200,,,,,,,,,,,,,,,,,,
2026-06-29T19:01:08.073025+00:00,2026-06-30T05:01:08.064962,1,1,113.75,0.5,113.5,100,,,,,,,,,,,,,,,,,,,114.0,100,,,,,,,,,,,,,,,,,,
2026-06-29T19:01:08.127927+00:00,2026-06-30T05:01:08.117490,2,1,113.9,0.2,113.8,150,113.5,100,,,,,,,,,,,,,,,,,114.0,100,,,,,,,,,,,,,,,,,,
2026-06-29T19:01:08.171239+00:00,2026-06-30T05:01:08.169239,2,2,113.9,0.2,113.8,150,113.5,100,,,,,,,,,,,,,,,,,114.0,100,114.3,150,,,,,,,,,,,,,,,,
2026-06-29T19:01:08.955248+00:00,2026-06-30T05:01:08.951240,1,1,114.05,0.5,113.8,150,,,,,,,,,,,,,,,,,,,114.3,150,,,,,,,,,,,,,,,,,,
2026-06-29T19:01:09.008630+00:00,2026-06-30T05:01:09.005071,2,1,114.05,0.5,113.8,150,113.4,100,,,,,,,,,,,,,,,,,114.3,101,,,,,,,,,,,,,,,,,,
2026-06-29T19:01:09.063950+00:00,2026-06-30T05:01:09.056897,2,2,113.85,0.1,113.8,150,113.4,100,,,,,,,,,,,,,,,,,113.9,100,114.3,101,,,,,,,,,,,,,,,,
2026-06-29T19:01:09.149945+00:00,2026-06-30T05:01:09.139014,2,2,113.85,0.1,113.8,100,113.4,100,,,,,,,,,,,,,,,,,113.9,100,114.3,101,,,,,,,,,,,,,,,,
2026-06-29T19:01:09.607881+00:00,2026-06-30T05:01:09.604321,2,2,113.85,0.1,113.8,100,113.4,100,,,,,,,,,,,,,,,,,113.9,54,114.3,101,,,,,,,,,,,,,,,,
2026-06-29T19:01:10.181988+00:00,2026-06-30T05:01:10.179988,2,2,113.85,0.1,113.8,53,113.4,100,,,,,,,,,,,,,,,,,113.9,54,114.3,101,,,,,,,,,,,,,,,,
2026-06-29T19:01:11.194412+00:00,2026-06-30T05:01:11.193413,2,2,113.85,0.1,113.8,53,113.4,100,,,,,,,,,,,,,,,,,113.9,4,114.3,101,,,,,,,,,,,,,,,,
2026-06-29T19:01:11.227620+00:00,2026-06-30T05:01:11.225620,1,1,113.65,0.5,113.4,100,,,,,,,,,,,,,,,,,,,113.9,4,,,,,,,,,,,,,,,,,,
2026-06-29T19:01:11.281031+00:00,2026-06-30T05:01:11.278021,2,1,113.75,0.3,113.6,150,113.4,100,,,,,,,,,,,,,,,,,113.9,4,,,,,,,,,,,,,,,,,,
2026-06-29T19:01:11.336382+00:00,2026-06-30T05:01:11.330373,2,2,113.75,0.3,113.6,150,113.4,100,,,,,,,,,,,,,,,,,113.9,4,114.1,150,,,,,,,,,,,,,,,,
2026-06-29T19:01:12.118171+00:00,2026-06-30T05:01:12.113611,1,1,113.85,0.5,113.6,150,,,,,,,,,,,,,,,,,,,114.1,150,,,,,,,,,,,,,,,,,,
2026-06-29T19:01:12.173014+00:00,2026-06-30T05:01:12.165952,2,1,113.95,0.3,113.8,100,113.6,150,,,,,,,,,,,,,,,,,114.1,150,,,,,,,,,,,,,,,,,,
2026-06-29T19:01:12.227890+00:00,2026-06-30T05:01:12.227377,2,2,113.95,0.3,113.8,100,113.6,150,,,,,,,,,,,,,,,,,114.1,150,114.3,100,,,,,,,,,,,,,,,,
2026-06-29T19:01:13.738433+00:00,2026-06-30T05:01:13.734858,2,2,113.95,0.3,113.8,56,113.6,150,,,,,,,,,,,,,,,,,114.1,150,114.3,100,,,,,,,,,,,,,,,,
2026-06-29T19:01:14.389756+00:00,2026-06-30T05:01:14.384694,1,1,114.05,0.5,113.8,56,,,,,,,,,,,,,,,,,,,114.3,100,,,,,,,,,,,,,,,,,,
2026-06-29T19:01:14.445064+00:00,2026-06-30T05:01:14.437002,2,1,114.05,0.5,113.8,56,113.7,150,,,,,,,,,,,,,,,,,114.3,100,,,,,,,,,,,,,,,,,,
2026-06-29T19:01:14.498483+00:00,2026-06-30T05:01:14.489924,2,2,114.0,0.4,113.8,56,113.7,150,,,,,,,,,,,,,,,,,114.2,150,114.3,100,,,,,,,,,,,,,,,,
2026-06-29T19:01:14.564387+00:00,2026-06-30T05:01:14.561387,2,3,113.9,0.2,113.8,56,113.7,150,,,,,,,,,,,,,,,,,114.0,6,114.2,150,114.3,100,,,,,,,,,,,,,,
2026-06-29T19:01:14.607681+00:00,2026-06-30T05:01:14.607652,2,2,114.0,0.4,113.8,56,113.7,150,,,,,,,,,,,,,,,,,114.2,150,114.3,100,,,,,,,,,,,,,,,,
2026-06-29T19:01:14.673132+00:00,2026-06-30T05:01:14.671132,2,3,113.95,0.3,113.8,56,113.7,150,,,,,,,,,,,,,,,,,114.1,6,114.2,150,114.3,100,,,,,,,,,,,,,,
2026-06-29T19:01:15.284231+00:00,2026-06-30T05:01:15.281232,1,2,113.9,0.4,113.7,150,,,,,,,,,,,,,,,,,,,114.1,6,114.2,150,,,,,,,,,,,,,,,,
2026-06-29T19:01:15.338620+00:00,2026-06-30T05:01:15.334060,2,2,113.95,0.3,113.8,100,113.7,150,,,,,,,,,,,,,,,,,114.1,6,114.2,150,,,,,,,,,,,,,,,,
2026-06-29T19:01:15.393966+00:00,2026-06-30T05:01:15.386911,2,3,113.95,0.3,113.8,100,113.7,150,,,,,,,,,,,,,,,,,114.1,6,114.2,150,114.3,100,,,,,,,,,,,,,,
2026-06-29T19:01:15.416082+00:00,2026-06-30T05:01:15.408082,2,2,114.0,0.4,113.8,100,113.7,150,,,,,,,,,,,,,,,,,114.2,106,114.3,100,,,,,,,,,,,,,,,,
2026-06-29T19:01:15.687141+00:00,2026-06-30T05:01:15.680141,2,2,114.0,0.4,113.8,104,113.7,150,,,,,,,,,,,,,,,,,114.2,106,114.3,100,,,,,,,,,,,,,,,,
2026-06-29T19:01:16.593161+00:00,2026-06-30T05:01:16.586097,2,3,113.95,0.3,113.8,104,113.7,150,,,,,,,,,,,,,,,,,114.1,1,114.2,106,114.3,100,,,,,,,,,,,,,,
2026-06-29T19:01:17.529964+00:00,2026-06-30T05:01:17.523903,2,2,114.0,0.4,113.8,104,113.7,150,,,,,,,,,,,,,,,,,114.2,57,114.3,100,,,,,,,,,,,,,,,,
2026-06-29T19:01:17.552076+00:00,2026-06-30T05:01:17.546023,1,1,114.05,0.5,113.8,104,,,,,,,,,,,,,,,,,,,114.3,100,,,,,,,,,,,,,,,,,,
2026-06-29T19:01:17.607353+00:00,2026-06-30T05:01:17.598354,2,1,114.1,0.4,113.9,150,113.8,104,,,,,,,,,,,,,,,,,114.3,100,,,,,,,,,,,,,,,,,,
2026-06-29T19:01:17.683780+00:00,2026-06-30T05:01:17.674729,2,2,114.1,0.4,113.9,150,113.8,104,,,,,,,,,,,,,,,,,114.3,100,114.4,150,,,,,,,,,,,,,,,,
2026-06-29T19:01:17.988683+00:00,2026-06-30T05:01:17.980571,2,3,114.0,0.2,113.9,150,113.8,104,,,,,,,,,,,,,,,,,114.1,2,114.3,100,114.4,150,,,,,,,,,,,,,,
2026-06-29T19:01:18.445742+00:00,2026-06-30T05:01:18.444742,2,2,114.0,0.2,113.9,150,113.8,4,,,,,,,,,,,,,,,,,114.1,2,114.4,150,,,,,,,,,,,,,,,,
2026-06-29T19:01:18.499067+00:00,2026-06-30T05:01:18.497521,2,2,114.0,0.2,113.9,250,113.8,4,,,,,,,,,,,,,,,,,114.1,2,114.4,150,,,,,,,,,,,,,,,,
2026-06-29T19:01:18.554311+00:00,2026-06-30T05:01:18.550311,2,2,114.0,0.2,113.9,250,113.8,4,,,,,,,,,,,,,,,,,114.1,2,114.4,250,,,,,,,,,,,,,,,,
2026-06-29T19:01:18.889964+00:00,2026-06-30T05:01:18.884918,2,1,114.15,0.5,113.9,250,113.8,4,,,,,,,,,,,,,,,,,114.4,205,,,,,,,,,,,,,,,,,,
2026-06-29T19:01:18.923165+00:00,2026-06-30T05:01:18.919165,2,2,114.0,0.2,113.9,250,113.8,4,,,,,,,,,,,,,,,,,114.1,1,114.4,205,,,,,,,,,,,,,,,,
2026-06-29T19:01:19.629652+00:00,2026-06-30T05:01:19.628652,2,1,114.15,0.5,113.9,250,113.8,4,,,,,,,,,,,,,,,,,114.4,156,,,,,,,,,,,,,,,,,,
2026-06-29T19:01:19.976511+00:00,2026-06-30T05:01:19.966448,2,1,114.15,0.5,113.9,250,113.8,4,,,,,,,,,,,,,,,,,114.4,111,,,,,,,,,,,,,,,,,,
2026-06-29T19:01:20.738483+00:00,2026-06-30T05:01:20.731921,2,1,114.15,0.5,113.9,100,113.8,4,,,,,,,,,,,,,,,,,114.4,100,,,,,,,,,,,,,,,,,,
2026-06-29T19:01:20.793352+00:00,2026-06-30T05:01:20.784289,3,0,,,114.8,50,113.9,100,113.8,4,,,,,,,,,,,,,,,,,,,,,,,,,,,,,,,,,,
2026-06-29T19:01:20.847678+00:00,2026-06-30T05:01:20.837733,3,1,115.05,0.5,114.8,50,113.9,100,113.8,4,,,,,,,,,,,,,,,115.3,150,,,,,,,,,,,,,,,,,,
2026-06-29T19:01:20.891004+00:00,2026-06-30T05:01:20.879941,3,1,115.05,0.5,114.8,25,113.9,100,113.8,4,,,,,,,,,,,,,,,115.3,150,,,,,,,,,,,,,,,,,,
2026-06-29T19:01:20.957372+00:00,2026-06-30T05:01:20.951371,2,1,114.6,1.4,113.9,100,113.8,4,,,,,,,,,,,,,,,,,115.3,150,,,,,,,,,,,,,,,,,,
2026-06-29T19:01:21.557415+00:00,2026-06-30T05:01:21.556416,2,1,114.6,1.4,113.9,57,113.8,4,,,,,,,,,,,,,,,,,115.3,150,,,,,,,,,,,,,,,,,,
2026-06-29T19:01:21.610878+00:00,2026-06-30T05:01:21.604814,1,1,114.55,1.5,113.8,4,,,,,,,,,,,,,,,,,,,115.3,150,,,,,,,,,,,,,,,,,,
2026-06-29T19:01:21.666184+00:00,2026-06-30T05:01:21.658184,2,1,114.75,1.1,114.2,100,113.8,4,,,,,,,,,,,,,,,,,115.3,150,,,,,,,,,,,,,,,,,,
2026-06-29T19:01:21.720113+00:00,2026-06-30T05:01:21.712050,2,2,114.45,0.5,114.2,100,113.8,4,,,,,,,,,,,,,,,,,114.7,100,115.3,150,,,,,,,,,,,,,,,,
2026-06-29T19:01:21.731180+00:00,2026-06-30T05:01:21.729171,2,2,114.45,0.5,114.2,100,113.8,4,,,,,,,,,,,,,,,,,114.7,50,115.3,150,,,,,,,,,,,,,,,,
2026-06-29T19:01:22.495228+00:00,2026-06-30T05:01:22.488228,2,2,114.45,0.5,114.2,58,113.8,4,,,,,,,,,,,,,,,,,114.7,50,115.3,150,,,,,,,,,,,,,,,,
2026-06-29T19:01:23.837440+00:00,2026-06-30T05:01:23.834439,2,1,114.75,1.1,114.2,58,113.8,4,,,,,,,,,,,,,,,,,115.3,150,,,,,,,,,,,,,,,,,,
2026-06-29T19:01:23.848039+00:00,2026-06-30T05:01:23.838492,1,1,114.75,1.1,114.2,58,,,,,,,,,,,,,,,,,,,115.3,150,,,,,,,,,,,,,,,,,,
2026-06-29T19:01:23.902868+00:00,2026-06-30T05:01:23.891806,1,0,,,114.2,58,,,,,,,,,,,,,,,,,,,,,,,,,,,,,,,,,,,,,,
2026-06-29T19:01:23.947113+00:00,2026-06-30T05:01:23.944113,2,0,,,114.4,150,114.2,58,,,,,,,,,,,,,,,,,,,,,,,,,,,,,,,,,,,,
2026-06-29T19:01:24.000040+00:00,2026-06-30T05:01:23.995977,2,1,114.65,0.5,114.4,150,114.2,58,,,,,,,,,,,,,,,,,114.9,150,,,,,,,,,,,,,,,,,,
2026-06-29T19:01:24.597521+00:00,2026-06-30T05:01:24.592476,2,1,114.65,0.5,114.4,150,114.2,58,,,,,,,,,,,,,,,,,114.9,105,,,,,,,,,,,,,,,,,,
2026-06-29T19:01:24.771182+00:00,2026-06-30T05:01:24.766118,1,1,114.65,0.5,114.4,150,,,,,,,,,,,,,,,,,,,114.9,105,,,,,,,,,,,,,,,,,,
2026-06-29T19:01:24.826513+00:00,2026-06-30T05:01:24.818513,2,1,114.75,0.3,114.6,100,114.4,150,,,,,,,,,,,,,,,,,114.9,105,,,,,,,,,,,,,,,,,,
2026-06-29T19:01:24.868321+00:00,2026-06-30T05:01:24.859760,2,1,114.75,0.3,114.6,75,114.4,150,,,,,,,,,,,,,,,,,114.9,105,,,,,,,,,,,,,,,,,,
2026-06-29T19:01:24.878899+00:00,2026-06-30T05:01:24.872340,2,2,114.75,0.3,114.6,75,114.4,150,,,,,,,,,,,,,,,,,114.9,105,115.1,100,,,,,,,,,,,,,,,,
2026-06-29T19:01:24.978052+00:00,2026-06-30T05:01:24.968493,2,2,114.75,0.3,114.6,50,114.4,150,,,,,,,,,,,,,,,,,114.9,105,115.1,100,,,,,,,,,,,,,,,,
2026-06-29T19:01:25.077188+00:00,2026-06-30T05:01:25.070188,2,2,114.75,0.3,114.6,25,114.4,150,,,,,,,,,,,,,,,,,114.9,105,115.1,100,,,,,,,,,,,,,,,,
2026-06-29T19:01:25.186431+00:00,2026-06-30T05:01:25.177421,1,2,114.65,0.5,114.4,150,,,,,,,,,,,,,,,,,,,114.9,105,115.1,100,,,,,,,,,,,,,,,,
2026-06-29T19:01:25.947535+00:00,2026-06-30T05:01:25.940498,1,2,114.65,0.5,114.4,150,,,,,,,,,,,,,,,,,,,114.9,55,115.1,100,,,,,,,,,,,,,,,,
2026-06-29T19:01:27.057598+00:00,2026-06-30T05:01:27.051597,0,1,,,,,,,,,,,,,,,,,,,,,,,115.1,100,,,,,,,,,,,,,,,,,,
2026-06-29T19:01:27.111003+00:00,2026-06-30T05:01:27.103940,1,1,115.05,0.1,115.0,150,,,,,,,,,,,,,,,,,,,115.1,100,,,,,,,,,,,,,,,,,,
2026-06-29T19:01:27.166334+00:00,2026-06-30T05:01:27.156271,1,2,115.05,0.1,115.0,150,,,,,,,,,,,,,,,,,,,115.1,100,115.5,150,,,,,,,,,,,,,,,,
2026-06-29T19:01:27.198096+00:00,2026-06-30T05:01:27.189516,1,2,115.05,0.1,115.0,125,,,,,,,,,,,,,,,,,,,115.1,100,115.5,150,,,,,,,,,,,,,,,,
2026-06-29T19:01:27.286132+00:00,2026-06-30T05:01:27.285124,1,2,115.05,0.1,115.0,100,,,,,,,,,,,,,,,,,,,115.1,100,115.5,150,,,,,,,,,,,,,,,,
2026-06-29T19:01:27.405431+00:00,2026-06-30T05:01:27.401431,1,2,115.05,0.1,115.0,75,,,,,,,,,,,,,,,,,,,115.1,100,115.5,150,,,,,,,,,,,,,,,,
2026-06-29T19:01:27.503074+00:00,2026-06-30T05:01:27.494011,1,2,115.05,0.1,115.0,50,,,,,,,,,,,,,,,,,,,115.1,100,115.5,150,,,,,,,,,,,,,,,,
2026-06-29T19:01:27.611841+00:00,2026-06-30T05:01:27.609842,1,2,115.05,0.1,115.0,25,,,,,,,,,,,,,,,,,,,115.1,100,115.5,150,,,,,,,,,,,,,,,,
2026-06-29T19:01:27.720098+00:00,2026-06-30T05:01:27.709133,0,2,,,,,,,,,,,,,,,,,,,,,,,115.1,100,115.5,150,,,,,,,,,,,,,,,,
2026-06-29T19:01:27.928493+00:00,2026-06-30T05:01:27.925933,0,1,,,,,,,,,,,,,,,,,,,,,,,115.5,150,,,,,,,,,,,,,,,,,,
2026-06-29T19:01:27.983363+00:00,2026-06-30T05:01:27.980363,1,1,115.0,1.0,114.5,100,,,,,,,,,,,,,,,,,,,115.5,150,,,,,,,,,,,,,,,,,,
2026-06-29T19:01:28.038223+00:00,2026-06-30T05:01:28.031664,1,2,114.75,0.5,114.5,100,,,,,,,,,,,,,,,,,,,115.0,100,115.5,150,,,,,,,,,,,,,,,,
2026-06-29T19:01:28.048814+00:00,2026-06-30T05:01:28.047241,1,2,114.75,0.5,114.5,100,,,,,,,,,,,,,,,,,,,115.0,50,115.5,150,,,,,,,,,,,,,,,,
2026-06-29T19:01:28.310092+00:00,2026-06-30T05:01:28.305029,1,2,114.75,0.5,114.5,58,,,,,,,,,,,,,,,,,,,115.0,50,115.5,150,,,,,,,,,,,,,,,,
2026-06-29T19:01:28.887483+00:00,2026-06-30T05:01:28.884436,1,2,114.75,0.5,114.5,10,,,,,,,,,,,,,,,,,,,115.0,50,115.5,150,,,,,,,,,,,,,,,,
2026-06-29T19:01:30.159638+00:00,2026-06-30T05:01:30.153575,1,1,115.0,1.0,114.5,10,,,,,,,,,,,,,,,,,,,115.5,150,,,,,,,,,,,,,,,,,,
2026-06-29T19:01:30.214980+00:00,2026-06-30T05:01:30.210980,1,0,,,114.5,10,,,,,,,,,,,,,,,,,,,,,,,,,,,,,,,,,,,,,,
2026-06-29T19:01:30.267875+00:00,2026-06-30T05:01:30.264315,2,0,,,114.5,10,114.4,150,,,,,,,,,,,,,,,,,,,,,,,,,,,,,,,,,,,,
2026-06-29T19:01:30.322252+00:00,2026-06-30T05:01:30.317242,2,1,114.7,0.4,114.5,10,114.4,150,,,,,,,,,,,,,,,,,114.9,150,,,,,,,,,,,,,,,,,,
2026-06-29T19:01:31.096349+00:00,2026-06-30T05:01:31.089349,2,1,114.65,0.5,114.4,150,114.3,4,,,,,,,,,,,,,,,,,114.9,150,,,,,,,,,,,,,,,,,,
2026-06-29T19:01:31.147750+00:00,2026-06-30T05:01:31.140750,2,1,114.65,0.5,114.4,250,114.3,4,,,,,,,,,,,,,,,,,114.9,150,,,,,,,,,,,,,,,,,,
2026-06-29T19:01:31.200745+00:00,2026-06-30T05:01:31.192672,2,1,114.65,0.5,114.4,250,114.3,4,,,,,,,,,,,,,,,,,114.9,250,,,,,,,,,,,,,,,,,,
2026-06-29T19:01:32.270068+00:00,2026-06-30T05:01:32.262995,2,1,114.65,0.5,114.4,250,114.3,4,,,,,,,,,,,,,,,,,114.9,200,,,,,,,,,,,,,,,,,,
2026-06-29T19:01:33.151277+00:00,2026-06-30T05:01:33.141214,2,1,114.65,0.5,114.4,250,114.3,1,,,,,,,,,,,,,,,,,114.9,200,,,,,,,,,,,,,,,,,,
2026-06-29T19:01:33.237841+00:00,2026-06-30T05:01:33.231782,2,1,114.65,0.5,114.4,225,114.3,1,,,,,,,,,,,,,,,,,114.9,200,,,,,,,,,,,,,,,,,,
2026-06-29T19:01:33.325441+00:00,2026-06-30T05:01:33.322442,2,1,114.65,0.5,114.4,200,114.3,1,,,,,,,,,,,,,,,,,114.9,200,,,,,,,,,,,,,,,,,,
2026-06-29T19:01:33.378364+00:00,2026-06-30T05:01:33.372804,2,1,114.65,0.5,114.4,100,114.3,1,,,,,,,,,,,,,,,,,114.9,100,,,,,,,,,,,,,,,,,,
2026-06-29T19:01:33.444270+00:00,2026-06-30T05:01:33.439270,3,1,114.65,0.5,114.4,100,114.3,1,114.1,150,,,,,,,,,,,,,,,114.9,100,,,,,,,,,,,,,,,,,,
2026-06-29T19:01:33.498166+00:00,2026-06-30T05:01:33.493606,3,2,114.5,0.2,114.4,100,114.3,1,114.1,150,,,,,,,,,,,,,,,114.6,150,114.9,100,,,,,,,,,,,,,,,,
2026-06-29T19:01:33.541909+00:00,2026-06-30T05:01:33.532857,3,2,114.5,0.2,114.4,75,114.3,1,114.1,150,,,,,,,,,,,,,,,114.6,150,114.9,100,,,,,,,,,,,,,,,,
2026-06-29T19:01:34.261797+00:00,2026-06-30T05:01:34.250877,2,1,114.45,0.3,114.3,1,114.1,150,,,,,,,,,,,,,,,,,114.6,150,,,,,,,,,,,,,,,,,,
2026-06-29T19:01:34.317111+00:00,2026-06-30T05:01:34.311111,2,1,114.45,0.3,114.3,1,114.1,250,,,,,,,,,,,,,,,,,114.6,150,,,,,,,,,,,,,,,,,,
2026-06-29T19:01:34.359975+00:00,2026-06-30T05:01:34.357964,2,1,114.45,0.3,114.3,1,114.1,250,,,,,,,,,,,,,,,,,114.6,250,,,,,,,,,,,,,,,,,,
2026-06-29T19:01:34.371039+00:00,2026-06-30T05:01:34.369039,2,1,114.45,0.3,114.3,1,114.1,250,,,,,,,,,,,,,,,,,114.6,200,,,,,,,,,,,,,,,,,,
2026-06-29T19:01:34.382101+00:00,2026-06-30T05:01:34.373039,1,1,114.35,0.5,114.1,250,,,,,,,,,,,,,,,,,,,114.6,200,,,,,,,,,,,,,,,,,,
2026-06-29T19:01:35.174167+00:00,2026-06-30T05:01:35.171161,1,1,114.35,0.5,114.1,250,,,,,,,,,,,,,,,,,,,114.6,206,,,,,,,,,,,,,,,,,,
2026-06-29T19:01:36.481752+00:00,2026-06-30T05:01:36.476689,1,1,114.35,0.5,114.1,250,,,,,,,,,,,,,,,,,,,114.6,156,,,,,,,,,,,,,,,,,,
2026-06-29T19:01:36.557261+00:00,2026-06-30T05:01:36.555214,1,1,114.35,0.5,114.1,100,,,,,,,,,,,,,,,,,,,114.6,106,,,,,,,,,,,,,,,,,,
2026-06-29T19:01:36.622222+00:00,2026-06-30T05:01:36.611129,2,0,,,114.6,44,114.1,100,,,,,,,,,,,,,,,,,,,,,,,,,,,,,,,,,,,,
2026-06-29T19:01:36.666469+00:00,2026-06-30T05:01:36.663469,2,1,114.85,0.5,114.6,44,114.1,100,,,,,,,,,,,,,,,,,115.1,150,,,,,,,,,,,,,,,,,,
2026-06-29T19:01:37.253873+00:00,2026-06-30T05:01:37.250873,2,1,114.85,0.5,114.6,40,114.1,100,,,,,,,,,,,,,,,,,115.1,150,,,,,,,,,,,,,,,,,,
2026-06-29T19:01:37.373184+00:00,2026-06-30T05:01:37.367105,2,2,114.65,0.1,114.6,40,114.1,100,,,,,,,,,,,,,,,,,114.7,5,115.1,150,,,,,,,,,,,,,,,,
2026-06-29T19:01:37.427527+00:00,2026-06-30T05:01:37.422479,1,2,114.65,0.1,114.6,40,,,,,,,,,,,,,,,,,,,114.7,5,115.1,150,,,,,,,,,,,,,,,,
2026-06-29T19:01:37.481885+00:00,2026-06-30T05:01:37.475822,1,2,114.65,0.1,114.6,140,,,,,,,,,,,,,,,,,,,114.7,5,115.1,150,,,,,,,,,,,,,,,,
2026-06-29T19:01:37.537199+00:00,2026-06-30T05:01:37.530198,1,2,114.65,0.1,114.6,140,,,,,,,,,,,,,,,,,,,114.7,5,115.1,250,,,,,,,,,,,,,,,,
2026-06-29T19:01:37.755151+00:00,2026-06-30T05:01:37.750151,2,2,114.65,0.1,114.6,140,114.4,2,,,,,,,,,,,,,,,,,114.7,5,115.1,250,,,,,,,,,,,,,,,,
2026-06-29T19:01:38.605226+00:00,2026-06-30T05:01:38.594163,2,1,114.85,0.5,114.6,140,114.4,2,,,,,,,,,,,,,,,,,115.1,205,,,,,,,,,,,,,,,,,,
2026-06-29T19:01:38.627352+00:00,2026-06-30T05:01:38.625351,2,2,114.65,0.1,114.6,140,114.4,2,,,,,,,,,,,,,,,,,114.7,5,115.1,205,,,,,,,,,,,,,,,,
2026-06-29T19:01:39.520912+00:00,2026-06-30T05:01:39.514834,1,1,114.85,0.5,114.6,140,,,,,,,,,,,,,,,,,,,115.1,205,,,,,,,,,,,,,,,,,,
2026-06-29T19:01:39.727325+00:00,2026-06-30T05:01:39.720400,1,1,114.85,0.5,114.6,100,,,,,,,,,,,,,,,,,,,115.1,100,,,,,,,,,,,,,,,,,,
2026-06-29T19:01:39.781327+00:00,2026-06-30T05:01:39.772264,2,1,114.85,0.5,114.6,100,114.3,150,,,,,,,,,,,,,,,,,115.1,100,,,,,,,,,,,,,,,,,,
2026-06-29T19:01:39.825576+00:00,2026-06-30T05:01:39.824576,2,2,114.7,0.2,114.6,100,114.3,150,,,,,,,,,,,,,,,,,114.8,150,115.1,100,,,,,,,,,,,,,,,,
2026-06-29T19:01:40.587783+00:00,2026-06-30T05:01:40.585224,1,1,114.55,0.5,114.3,150,,,,,,,,,,,,,,,,,,,114.8,150,,,,,,,,,,,,,,,,,,
2026-06-29T19:01:40.642134+00:00,2026-06-30T05:01:40.638134,2,1,114.6,0.4,114.4,100,114.3,150,,,,,,,,,,,,,,,,,114.8,150,,,,,,,,,,,,,,,,,,
2026-06-29T19:01:40.697461+00:00,2026-06-30T05:01:40.693461,2,2,114.6,0.4,114.4,100,114.3,150,,,,,,,,,,,,,,,,,114.8,150,114.9,100,,,,,,,,,,,,,,,,
2026-06-29T19:01:40.751875+00:00,2026-06-30T05:01:40.747865,2,2,114.6,0.4,114.4,50,114.3,150,,,,,,,,,,,,,,,,,114.8,150,114.9,100,,,,,,,,,,,,,,,,
2026-06-29T19:01:42.864339+00:00,2026-06-30T05:01:42.857339,1,2,114.55,0.5,114.3,150,,,,,,,,,,,,,,,,,,,114.8,150,114.9,100,,,,,,,,,,,,,,,,
2026-06-29T19:01:42.886434+00:00,2026-06-30T05:01:42.883434,0,1,,,,,,,,,,,,,,,,,,,,,,,114.9,100,,,,,,,,,,,,,,,,,,
2026-06-29T19:01:42.939732+00:00,2026-06-30T05:01:42.934684,1,1,114.65,0.5,114.4,150,,,,,,,,,,,,,,,,,,,114.9,100,,,,,,,,,,,,,,,,,,
2026-06-29T19:01:42.994993+00:00,2026-06-30T05:01:42.985945,1,1,114.65,0.5,114.4,150,,,,,,,,,,,,,,,,,,,114.9,250,,,,,,,,,,,,,,,,,,
2026-06-29T19:01:43.756322+00:00,2026-06-30T05:01:43.747312,1,1,114.65,0.5,114.4,150,,,,,,,,,,,,,,,,,,,114.9,150,,,,,,,,,,,,,,,,,,
2026-06-29T19:01:43.810720+00:00,2026-06-30T05:01:43.799654,2,1,114.65,0.5,114.4,150,114.3,100,,,,,,,,,,,,,,,,,114.9,150,,,,,,,,,,,,,,,,,,
2026-06-29T19:01:43.866065+00:00,2026-06-30T05:01:43.860066,2,2,114.6,0.4,114.4,150,114.3,100,,,,,,,,,,,,,,,,,114.8,100,114.9,150,,,,,,,,,,,,,,,,
2026-06-29T19:01:44.997592+00:00,2026-06-30T05:01:44.988592,2,2,114.6,0.4,114.4,100,114.3,100,,,,,,,,,,,,,,,,,114.8,100,114.9,150,,,,,,,,,,,,,,,,
2026-06-29T19:01:46.042920+00:00,2026-06-30T05:01:46.041920,1,1,114.55,0.5,114.3,100,,,,,,,,,,,,,,,,,,,114.8,100,,,,,,,,,,,,,,,,,,
2026-06-29T19:01:46.097799+00:00,2026-06-30T05:01:46.094799,2,1,114.55,0.5,114.3,100,114.1,150,,,,,,,,,,,,,,,,,114.8,100,,,,,,,,,,,,,,,,,,
2026-06-29T19:01:46.151219+00:00,2026-06-30T05:01:46.146156,2,2,114.45,0.3,114.3,100,114.1,150,,,,,,,,,,,,,,,,,114.6,150,114.8,100,,,,,,,,,,,,,,,,
2026-06-29T19:01:46.923378+00:00,2026-06-30T05:01:46.915306,1,1,114.35,0.5,114.1,150,,,,,,,,,,,,,,,,,,,114.6,150,,,,,,,,,,,,,,,,,,
2026-06-29T19:01:46.977741+00:00,2026-06-30T05:01:46.967794,1,1,114.35,0.5,114.1,250,,,,,,,,,,,,,,,,,,,114.6,150,,,,,,,,,,,,,,,,,,
2026-06-29T19:01:47.020068+00:00,2026-06-30T05:01:47.020068,1,1,114.35,0.5,114.1,250,,,,,,,,,,,,,,,,,,,114.6,250,,,,,,,,,,,,,,,,,,
2026-06-29T19:01:47.097536+00:00,2026-06-30T05:01:47.092536,1,1,114.35,0.5,114.1,200,,,,,,,,,,,,,,,,,,,114.6,250,,,,,,,,,,,,,,,,,,
2026-06-29T19:01:47.674975+00:00,2026-06-30T05:01:47.668976,1,2,114.35,0.5,114.1,200,,,,,,,,,,,,,,,,,,,114.6,250,114.8,4,,,,,,,,,,,,,,,,
2026-06-29T19:01:49.210972+00:00,2026-06-30T05:01:49.202909,1,2,114.35,0.5,114.1,100,,,,,,,,,,,,,,,,,,,114.6,100,114.8,4,,,,,,,,,,,,,,,,
2026-06-29T19:01:49.266334+00:00,2026-06-30T05:01:49.255271,2,2,114.35,0.5,114.1,100,114.0,150,,,,,,,,,,,,,,,,,114.6,100,114.8,4,,,,,,,,,,,,,,,,
2026-06-29T19:01:49.318756+00:00,2026-06-30T05:01:49.310195,2,3,114.3,0.4,114.1,100,114.0,150,,,,,,,,,,,,,,,,,114.5,150,114.6,53,114.8,4,,,,,,,,,,,,,,
2026-06-29T19:01:49.734583+00:00,2026-06-30T05:01:49.729584,3,3,114.45,0.1,114.4,2,114.1,100,114.0,150,,,,,,,,,,,,,,,114.5,150,114.6,53,114.8,4,,,,,,,,,,,,,,
2026-06-29T19:01:50.083275+00:00,2026-06-30T05:01:50.074218,2,2,114.45,0.1,114.4,2,114.0,150,,,,,,,,,,,,,,,,,114.5,150,114.8,4,,,,,,,,,,,,,,,,
2026-06-29T19:01:50.127518+00:00,2026-06-30T05:01:50.126518,2,2,114.45,0.1,114.4,2,114.0,150,,,,,,,,,,,,,,,,,114.5,50,114.8,4,,,,,,,,,,,,,,,,
2026-06-29T19:01:50.180939+00:00,2026-06-30T05:01:50.179932,2,3,114.45,0.1,114.4,2,114.0,150,,,,,,,,,,,,,,,,,114.5,50,114.8,4,115.0,100,,,,,,,,,,,,,,
2026-06-29T19:01:50.551980+00:00,2026-06-30T05:01:50.541902,2,3,114.45,0.1,114.4,1,114.0,150,,,,,,,,,,,,,,,,,114.5,50,114.8,4,115.0,100,,,,,,,,,,,,,,
2026-06-29T19:01:50.998455+00:00,2026-06-30T05:01:50.988897,2,3,114.45,0.1,114.4,1,114.0,150,,,,,,,,,,,,,,,,,114.5,9,114.8,4,115.0,100,,,,,,,,,,,,,,
2026-06-29T19:01:51.053356+00:00,2026-06-30T05:01:51.043293,1,3,114.25,0.5,114.0,150,,,,,,,,,,,,,,,,,,,114.5,9,114.8,4,115.0,100,,,,,,,,,,,,,,
2026-06-29T19:01:51.315047+00:00,2026-06-30T05:01:51.306983,1,3,114.25,0.5,114.0,100,,,,,,,,,,,,,,,,,,,114.5,9,114.8,4,115.0,100,,,,,,,,,,,,,,
2026-06-29T19:01:51.675500+00:00,2026-06-30T05:01:51.666406,1,2,114.4,0.8,114.0,100,,,,,,,,,,,,,,,,,,,114.8,4,115.0,100,,,,,,,,,,,,,,,,
2026-06-29T19:01:52.372149+00:00,2026-06-30T05:01:52.363086,0,2,,,,,,,,,,,,,,,,,,,,,,,114.8,4,115.0,100,,,,,,,,,,,,,,,,
2026-06-29T19:01:52.427457+00:00,2026-06-30T05:01:52.416521,1,2,114.5,0.6,114.2,150,,,,,,,,,,,,,,,,,,,114.8,4,115.0,100,,,,,,,,,,,,,,,,
2026-06-29T19:01:52.470792+00:00,2026-06-30T05:01:52.468792,1,3,114.45,0.5,114.2,150,,,,,,,,,,,,,,,,,,,114.7,150,114.8,4,115.0,100,,,,,,,,,,,,,,
2026-06-29T19:01:52.666509+00:00,2026-06-30T05:01:52.658509,2,3,114.55,0.3,114.4,1,114.2,150,,,,,,,,,,,,,,,,,114.7,150,114.8,4,115.0,100,,,,,,,,,,,,,,
2026-06-29T19:01:53.244017+00:00,2026-06-30T05:01:53.233896,2,2,114.55,0.3,114.4,1,114.2,150,,,,,,,,,,,,,,,,,114.7,150,114.8,4,,,,,,,,,,,,,,,,
2026-06-29T19:01:53.299310+00:00,2026-06-30T05:01:53.289310,3,2,114.55,0.3,114.4,1,114.2,150,114.1,100,,,,,,,,,,,,,,,114.7,150,114.8,4,,,,,,,,,,,,,,,,
2026-06-29T19:01:53.343399+00:00,2026-06-30T05:01:53.341399,3,3,114.5,0.2,114.4,1,114.2,150,114.1,100,,,,,,,,,,,,,,,114.6,100,114.7,150,114.8,4,,,,,,,,,,,,,,
2026-06-29T19:01:53.419888+00:00,2026-06-30T05:01:53.413832,2,3,114.4,0.4,114.2,101,114.1,100,,,,,,,,,,,,,,,,,114.6,100,114.7,150,114.8,4,,,,,,,,,,,,,,
2026-06-29T19:01:53.702883+00:00,2026-06-30T05:01:53.693834,3,3,114.5,0.2,114.4,1,114.2,101,114.1,100,,,,,,,,,,,,,,,114.6,100,114.7,150,114.8,4,,,,,,,,,,,,,,
2026-06-29T19:01:55.532210+00:00,2026-06-30T05:01:55.529210,1,2,114.35,0.5,114.1,100,,,,,,,,,,,,,,,,,,,114.6,100,114.8,4,,,,,,,,,,,,,,,,
2026-06-29T19:01:55.587519+00:00,2026-06-30T05:01:55.577509,1,2,114.35,0.5,114.1,250,,,,,,,,,,,,,,,,,,,114.6,100,114.8,4,,,,,,,,,,,,,,,,
2026-06-29T19:01:55.640924+00:00,2026-06-30T05:01:55.629862,1,2,114.35,0.5,114.1,250,,,,,,,,,,,,,,,,,,,114.6,250,114.8,4,,,,,,,,,,,,,,,,
2026-06-29T19:01:55.912831+00:00,2026-06-30T05:01:55.905768,2,2,114.5,0.2,114.4,2,114.1,250,,,,,,,,,,,,,,,,,114.6,250,114.8,4,,,,,,,,,,,,,,,,
2026-06-29T19:01:56.400746+00:00,2026-06-30T05:01:56.396683,2,2,114.5,0.2,114.4,2,114.1,150,,,,,,,,,,,,,,,,,114.6,150,114.8,4,,,,,,,,,,,,,,,,
2026-06-29T19:01:56.456060+00:00,2026-06-30T05:01:56.450061,3,2,114.5,0.2,114.4,2,114.2,100,114.1,150,,,,,,,,,,,,,,,114.6,150,114.8,4,,,,,,,,,,,,,,,,
2026-06-29T19:01:56.508506+00:00,2026-06-30T05:01:56.504947,3,3,114.5,0.2,114.4,2,114.2,100,114.1,150,,,,,,,,,,,,,,,114.6,150,114.7,100,114.8,4,,,,,,,,,,,,,,
2026-06-29T19:01:57.097505+00:00,2026-06-30T05:01:57.095463,2,3,114.4,0.4,114.2,59,114.1,150,,,,,,,,,,,,,,,,,114.6,150,114.7,100,114.8,4,,,,,,,,,,,,,,
2026-06-29T19:01:57.118611+00:00,2026-06-30T05:01:57.116065,2,2,114.4,0.4,114.2,59,114.1,150,,,,,,,,,,,,,,,,,114.6,150,114.7,100,,,,,,,,,,,,,,,,
2026-06-29T19:01:57.898936+00:00,2026-06-30T05:01:57.889377,2,2,114.4,0.4,114.2,59,114.1,150,,,,,,,,,,,,,,,,,114.6,155,114.7,100,,,,,,,,,,,,,,,,
2026-06-29T19:01:58.030878+00:00,2026-06-30T05:01:58.029878,3,2,114.45,0.3,114.3,2,114.2,59,114.1,150,,,,,,,,,,,,,,,114.6,155,114.7,100,,,,,,,,,,,,,,,,
2026-06-29T19:01:58.586032+00:00,2026-06-30T05:01:58.578022,3,2,114.45,0.3,114.3,2,114.2,59,114.1,150,,,,,,,,,,,,,,,114.6,111,114.7,100,,,,,,,,,,,,,,,,
2026-06-29T19:01:58.695298+00:00,2026-06-30T05:01:58.687288,2,2,114.45,0.3,114.3,2,114.2,59,,,,,,,,,,,,,,,,,114.6,5,114.7,100,,,,,,,,,,,,,,,,
2026-06-29T19:01:58.748194+00:00,2026-06-30T05:01:58.740631,3,2,114.45,0.3,114.3,2,114.2,59,114.0,150,,,,,,,,,,,,,,,114.6,5,114.7,100,,,,,,,,,,,,,,,,
2026-06-29T19:01:58.803034+00:00,2026-06-30T05:01:58.793971,3,3,114.4,0.2,114.3,2,114.2,59,114.0,150,,,,,,,,,,,,,,,114.5,150,114.6,5,114.7,100,,,,,,,,,,,,,,
2026-06-29T19:01:59.567111+00:00,2026-06-30T05:01:59.562111,2,2,114.4,0.2,114.3,2,114.0,150,,,,,,,,,,,,,,,,,114.5,150,114.6,5,,,,,,,,,,,,,,,,
2026-06-29T19:01:59.621044+00:00,2026-06-30T05:01:59.612981,2,2,114.4,0.2,114.3,2,114.0,250,,,,,,,,,,,,,,,,,114.5,150,114.6,5,,,,,,,,,,,,,,,,
2026-06-29T19:01:59.676351+00:00,2026-06-30T05:01:59.665287,2,2,114.4,0.2,114.3,2,114.0,250,,,,,,,,,,,,,,,,,114.5,250,114.6,5,,,,,,,,,,,,,,,,
2026-06-29T19:01:59.988715+00:00,2026-06-30T05:01:59.983154,2,2,114.4,0.2,114.3,2,114.0,250,,,,,,,,,,,,,,,,,114.5,250,114.6,4,,,,,,,,,,,,,,,,
2026-06-29T19:02:01.003095+00:00,2026-06-30T05:02:00.995023,2,2,114.4,0.2,114.3,2,114.0,250,,,,,,,,,,,,,,,,,114.5,250,114.6,1,,,,,,,,,,,,,,,,
2026-06-29T19:02:01.689750+00:00,2026-06-30T05:02:01.687740,2,2,114.4,0.2,114.3,2,114.0,250,,,,,,,,,,,,,,,,,114.5,204,114.6,1,,,,,,,,,,,,,,,,
2026-06-29T19:02:01.852848+00:00,2026-06-30T05:02:01.850848,2,2,114.4,0.2,114.3,2,114.0,100,,,,,,,,,,,,,,,,,114.5,100,114.6,1,,,,,,,,,,,,,,,,
2026-06-29T19:02:01.918316+00:00,2026-06-30T05:02:01.914756,2,2,114.4,0.2,114.3,152,114.0,100,,,,,,,,,,,,,,,,,114.5,100,114.6,1,,,,,,,,,,,,,,,,
2026-06-29T19:02:01.973157+00:00,2026-06-30T05:02:01.964095,2,3,114.4,0.2,114.3,152,114.0,100,,,,,,,,,,,,,,,,,114.5,100,114.6,1,114.8,150,,,,,,,,,,,,,,
2026-06-29T19:02:02.203211+00:00,2026-06-30T05:02:02.202211,2,2,114.4,0.2,114.3,152,114.0,100,,,,,,,,,,,,,,,,,114.5,100,114.8,150,,,,,,,,,,,,,,,,
2026-06-29T19:02:02.725538+00:00,2026-06-30T05:02:02.722538,1,1,114.55,0.5,114.3,152,,,,,,,,,,,,,,,,,,,114.8,150,,,,,,,,,,,,,,,,,,
2026-06-29T19:02:02.778915+00:00,2026-06-30T05:02:02.773355,2,1,114.55,0.5,114.3,152,114.2,100,,,,,,,,,,,,,,,,,114.8,150,,,,,,,,,,,,,,,,,,
2026-06-29T19:02:02.834239+00:00,2026-06-30T05:02:02.826176,2,2,114.5,0.4,114.3,152,114.2,100,,,,,,,,,,,,,,,,,114.7,100,114.8,150,,,,,,,,,,,,,,,,
2026-06-29T19:02:03.921167+00:00,2026-06-30T05:02:03.919167,2,2,114.5,0.4,114.3,152,114.2,100,,,,,,,,,,,,,,,,,114.7,50,114.8,150,,,,,,,,,,,,,,,,
2026-06-29T19:02:04.160797+00:00,2026-06-30T05:02:04.151731,2,2,114.5,0.4,114.3,107,114.2,100,,,,,,,,,,,,,,,,,114.7,50,114.8,150,,,,,,,,,,,,,,,,
2026-06-29T19:02:04.702394+00:00,2026-06-30T05:02:04.694321,2,2,114.5,0.4,114.3,61,114.2,100,,,,,,,,,,,,,,,,,114.7,50,114.8,150,,,,,,,,,,,,,,,,
2026-06-29T19:02:05.028101+00:00,2026-06-30T05:02:05.019541,1,1,114.45,0.5,114.2,100,,,,,,,,,,,,,,,,,,,114.7,50,,,,,,,,,,,,,,,,,,
2026-06-29T19:02:05.082948+00:00,2026-06-30T05:02:05.072885,2,1,114.45,0.5,114.2,100,114.0,150,,,,,,,,,,,,,,,,,114.7,50,,,,,,,,,,,,,,,,,,
2026-06-29T19:02:05.127213+00:00,2026-06-30T05:02:05.125213,2,2,114.35,0.3,114.2,100,114.0,150,,,,,,,,,,,,,,,,,114.5,150,114.7,50,,,,,,,,,,,,,,,,
2026-06-29T19:02:05.887368+00:00,2026-06-30T05:02:05.883368,1,1,114.25,0.5,114.0,150,,,,,,,,,,,,,,,,,,,114.5,150,,,,,,,,,,,,,,,,,,
2026-06-29T19:02:05.940771+00:00,2026-06-30T05:02:05.934707,2,1,114.35,0.3,114.2,100,114.0,150,,,,,,,,,,,,,,,,,114.5,150,,,,,,,,,,,,,,,,,,
2026-06-29T19:02:05.996087+00:00,2026-06-30T05:02:05.987023,2,2,114.35,0.3,114.2,100,114.0,150,,,,,,,,,,,,,,,,,114.5,150,114.7,100,,,,,,,,,,,,,,,,
2026-06-29T19:02:06.534638+00:00,2026-06-30T05:02:06.526455,2,2,114.35,0.3,114.2,100,114.0,150,,,,,,,,,,,,,,,,,114.5,103,114.7,100,,,,,,,,,,,,,,,,
2026-06-29T19:02:07.159022+00:00,2026-06-30T05:02:07.151463,2,3,114.35,0.3,114.2,100,114.0,150,,,,,,,,,,,,,,,,,114.5,103,114.6,5,114.7,100,,,,,,,,,,,,,,
2026-06-29T19:02:07.398426+00:00,2026-06-30T05:02:07.388133,2,3,114.35,0.3,114.2,100,114.0,150,,,,,,,,,,,,,,,,,114.5,78,114.6,5,114.7,100,,,,,,,,,,,,,,
2026-06-29T19:02:07.420057+00:00,2026-06-30T05:02:07.409190,2,3,114.35,0.3,114.2,100,114.0,150,,,,,,,,,,,,,,,,,114.5,53,114.6,5,114.7,100,,,,,,,,,,,,,,
2026-06-29T19:02:07.551774+00:00,2026-06-30T05:02:07.548775,2,3,114.35,0.3,114.2,100,114.0,150,,,,,,,,,,,,,,,,,114.5,53,114.6,4,114.7,100,,,,,,,,,,,,,,
2026-06-29T19:02:07.607012+00:00,2026-06-30T05:02:07.605012,2,3,114.35,0.3,114.2,100,114.0,150,,,,,,,,,,,,,,,,,114.5,28,114.6,4,114.7,100,,,,,,,,,,,,,,
2026-06-29T19:02:07.617607+00:00,2026-06-30T05:02:07.609063,2,3,114.35,0.3,114.2,56,114.0,150,,,,,,,,,,,,,,,,,114.5,28,114.6,4,114.7,100,,,,,,,,,,,,,,
2026-06-29T19:02:07.628161+00:00,2026-06-30T05:02:07.618616,2,3,114.35,0.3,114.2,56,114.0,150,,,,,,,,,,,,,,,,,114.5,3,114.6,4,114.7,100,,,,,,,,,,,,,,
2026-06-29T19:02:07.824205+00:00,2026-06-30T05:02:07.813302,2,2,114.4,0.4,114.2,56,114.0,150,,,,,,,,,,,,,,,,,114.6,4,114.7,100,,,,,,,,,,,,,,,,
2026-06-29T19:02:08.138831+00:00,2026-06-30T05:02:08.132272,2,1,114.45,0.5,114.2,56,114.0,150,,,,,,,,,,,,,,,,,114.7,54,,,,,,,,,,,,,,,,,,
2026-06-29T19:02:08.172037+00:00,2026-06-30T05:02:08.161228,2,2,114.4,0.4,114.2,56,114.0,150,,,,,,,,,,,,,,,,,114.6,4,114.7,54,,,,,,,,,,,,,,,,
2026-06-29T19:02:08.183099+00:00,2026-06-30T05:02:08.179099,1,2,114.4,0.4,114.2,56,,,,,,,,,,,,,,,,,,,114.6,4,114.7,54,,,,,,,,,,,,,,,,
2026-06-29T19:02:08.237438+00:00,2026-06-30T05:02:08.231403,2,2,114.55,0.1,114.5,150,114.2,56,,,,,,,,,,,,,,,,,114.6,4,114.7,54,,,,,,,,,,,,,,,,
2026-06-29T19:02:08.291737+00:00,2026-06-30T05:02:08.284689,2,3,114.55,0.1,114.5,150,114.2,56,,,,,,,,,,,,,,,,,114.6,4,114.7,54,115.0,150,,,,,,,,,,,,,,
2026-06-29T19:02:08.347023+00:00,2026-06-30T05:02:08.339023,2,3,114.55,0.1,114.5,150,114.2,56,,,,,,,,,,,,,,,,,114.6,3,114.7,54,115.0,150,,,,,,,,,,,,,,
2026-06-29T19:02:08.827209+00:00,2026-06-30T05:02:08.826199,2,3,114.55,0.1,114.5,100,114.2,56,,,,,,,,,,,,,,,,,114.6,3,114.7,54,115.0,150,,,,,,,,,,,,,,
2026-06-29T19:02:09.034152+00:00,2026-06-30T05:02:09.028152,2,3,114.55,0.1,114.5,75,114.2,56,,,,,,,,,,,,,,,,,114.6,3,114.7,54,115.0,150,,,,,,,,,,,,,,
2026-06-29T19:02:09.045215+00:00,2026-06-30T05:02:09.042215,1,2,114.55,0.1,114.5,50,,,,,,,,,,,,,,,,,,,114.6,3,115.0,150,,,,,,,,,,,,,,,,
2026-06-29T19:02:09.098605+00:00,2026-06-30T05:02:09.095038,2,2,114.55,0.1,114.5,50,114.0,100,,,,,,,,,,,,,,,,,114.6,3,115.0,150,,,,,,,,,,,,,,,,
2026-06-29T19:02:09.165039+00:00,2026-06-30T05:02:09.164036,1,3,114.25,0.5,114.0,100,,,,,,,,,,,,,,,,,,,114.5,50,114.6,3,115.0,150,,,,,,,,,,,,,,
2026-06-29T19:02:10.298558+00:00,2026-06-30T05:02:10.288990,1,3,114.25,0.5,114.0,50,,,,,,,,,,,,,,,,,,,114.5,50,114.6,3,115.0,150,,,,,,,,,,,,,,
2026-06-29T19:02:11.126043+00:00,2026-06-30T05:02:11.115980,1,3,114.25,0.5,114.0,50,,,,,,,,,,,,,,,,,,,114.5,2,114.6,3,115.0,150,,,,,,,,,,,,,,
2026-06-29T19:02:11.342946+00:00,2026-06-30T05:02:11.337945,1,2,114.25,0.5,114.0,50,,,,,,,,,,,,,,,,,,,114.5,2,114.6,3,,,,,,,,,,,,,,,,
2026-06-29T19:02:11.397239+00:00,2026-06-30T05:02:11.391202,2,2,114.25,0.5,114.0,50,113.7,150,,,,,,,,,,,,,,,,,114.5,2,114.6,3,,,,,,,,,,,,,,,,
2026-06-29T19:02:11.451095+00:00,2026-06-30T05:02:11.446049,2,3,114.1,0.2,114.0,50,113.7,150,,,,,,,,,,,,,,,,,114.2,150,114.5,2,114.6,3,,,,,,,,,,,,,,
2026-06-29T19:02:11.756120+00:00,2026-06-30T05:02:11.747026,2,3,114.1,0.2,114.0,3,113.7,150,,,,,,,,,,,,,,,,,114.2,150,114.5,2,114.6,3,,,,,,,,,,,,,,
2026-06-29T19:02:12.223209+00:00,2026-06-30T05:02:12.220201,1,2,113.95,0.5,113.7,150,,,,,,,,,,,,,,,,,,,114.2,150,114.6,3,,,,,,,,,,,,,,,,
2026-06-29T19:02:12.277559+00:00,2026-06-30T05:02:12.272513,2,2,114.1,0.2,114.0,100,113.7,150,,,,,,,,,,,,,,,,,114.2,150,114.6,3,,,,,,,,,,,,,,,,
2026-06-29T19:02:12.331972+00:00,2026-06-30T05:02:12.325891,2,3,114.1,0.2,114.0,100,113.7,150,,,,,,,,,,,,,,,,,114.2,150,114.5,100,114.6,3,,,,,,,,,,,,,,
2026-06-29T19:02:12.354097+00:00,2026-06-30T05:02:12.346034,2,3,114.1,0.2,114.0,100,113.7,150,,,,,,,,,,,,,,,,,114.2,100,114.5,100,114.6,3,,,,,,,,,,,,,,
2026-06-29T19:02:13.932100+00:00,2026-06-30T05:02:13.929101,2,3,114.1,0.2,114.0,59,113.7,150,,,,,,,,,,,,,,,,,114.2,100,114.5,100,114.6,3,,,,,,,,,,,,,,
2026-06-29T19:02:14.509883+00:00,2026-06-30T05:02:14.505820,1,2,114.25,0.5,114.0,9,,,,,,,,,,,,,,,,,,,114.5,100,114.6,3,,,,,,,,,,,,,,,,
2026-06-29T19:02:14.565216+00:00,2026-06-30T05:02:14.556152,2,2,114.25,0.5,114.0,9,113.7,150,,,,,,,,,,,,,,,,,114.5,100,114.6,3,,,,,,,,,,,,,,,,
2026-06-29T19:02:14.608578+00:00,2026-06-30T05:02:14.607018,2,3,114.1,0.2,114.0,9,113.7,150,,,,,,,,,,,,,,,,,114.2,150,114.5,100,114.6,3,,,,,,,,,,,,,,
2026-06-29T19:02:15.388753+00:00,2026-06-30T05:02:15.381207,1,2,113.95,0.5,113.7,150,,,,,,,,,,,,,,,,,,,114.2,150,114.6,3,,,,,,,,,,,,,,,,
2026-06-29T19:02:15.444068+00:00,2026-06-30T05:02:15.434006,2,2,113.95,0.5,113.7,150,113.6,100,,,,,,,,,,,,,,,,,114.2,150,114.6,3,,,,,,,,,,,,,,,,
2026-06-29T19:02:15.487906+00:00,2026-06-30T05:02:15.486345,2,3,113.9,0.4,113.7,150,113.6,100,,,,,,,,,,,,,,,,,114.1,100,114.2,150,114.6,3,,,,,,,,,,,,,,
2026-06-29T19:02:17.664200+00:00,2026-06-30T05:02:17.663200,1,1,113.85,0.5,113.6,100,,,,,,,,,,,,,,,,,,,114.1,100,,,,,,,,,,,,,,,,,,
2026-06-29T19:02:17.686323+00:00,2026-06-30T05:02:17.683314,1,1,113.85,0.5,113.6,100,,,,,,,,,,,,,,,,,,,114.1,60,,,,,,,,,,,,,,,,,,
2026-06-29T19:02:17.718608+00:00,2026-06-30T05:02:17.714048,2,1,113.95,0.3,113.8,150,113.6,100,,,,,,,,,,,,,,,,,114.1,60,,,,,,,,,,,,,,,,,,
2026-06-29T19:02:17.773923+00:00,2026-06-30T05:02:17.767922,2,2,113.95,0.3,113.8,150,113.6,100,,,,,,,,,,,,,,,,,114.1,60,114.3,150,,,,,,,,,,,,,,,,
2026-06-29T19:02:18.547629+00:00,2026-06-30T05:02:18.543603,1,1,114.05,0.5,113.8,150,,,,,,,,,,,,,,,,,,,114.3,150,,,,,,,,,,,,,,,,,,
2026-06-29T19:02:18.601039+00:00,2026-06-30T05:02:18.595977,2,1,114.05,0.5,113.8,150,113.7,100,,,,,,,,,,,,,,,,,114.3,150,,,,,,,,,,,,,,,,,,
2026-06-29T19:02:18.656343+00:00,2026-06-30T05:02:18.649343,2,2,114.0,0.4,113.8,150,113.7,100,,,,,,,,,,,,,,,,,114.2,100,114.3,150,,,,,,,,,,,,,,,,
2026-06-29T19:02:18.927675+00:00,2026-06-30T05:02:18.918115,3,2,114.15,0.1,114.1,4,113.8,150,113.7,100,,,,,,,,,,,,,,,114.2,100,114.3,150,,,,,,,,,,,,,,,,
2026-06-29T19:02:19.625983+00:00,2026-06-30T05:02:19.621983,3,2,114.15,0.1,114.1,3,113.8,150,113.7,100,,,,,,,,,,,,,,,114.2,100,114.3,150,,,,,,,,,,,,,,,,
2026-06-29T19:02:19.679834+00:00,2026-06-30T05:02:19.676771,3,2,114.15,0.1,114.1,3,113.8,150,113.7,100,,,,,,,,,,,,,,,114.2,56,114.3,150,,,,,,,,,,,,,,,,
2026-06-29T19:02:20.290001+00:00,2026-06-30T05:02:20.286939,2,2,114.0,0.4,113.8,110,113.7,100,,,,,,,,,,,,,,,,,114.2,56,114.3,150,,,,,,,,,,,,,,,,
2026-06-29T19:02:20.681049+00:00,2026-06-30T05:02:20.680048,2,2,114.0,0.4,113.8,110,113.7,100,,,,,,,,,,,,,,,,,114.2,6,114.3,150,,,,,,,,,,,,,,,,
2026-06-29T19:02:20.820981+00:00,2026-06-30T05:02:20.818981,2,2,114.0,0.4,113.8,60,113.7,100,,,,,,,,,,,,,,,,,114.2,6,114.3,150,,,,,,,,,,,,,,,,
2026-06-29T19:02:20.832043+00:00,2026-06-30T05:02:20.828032,1,1,113.95,0.5,113.7,100,,,,,,,,,,,,,,,,,,,114.2,6,,,,,,,,,,,,,,,,,,
2026-06-29T19:02:20.854167+00:00,2026-06-30T05:02:20.846105,1,0,,,113.7,100,,,,,,,,,,,,,,,,,,,,,,,,,,,,,,,,,,,,,,
2026-06-29T19:02:20.876320+00:00,2026-06-30T05:02:20.875311,1,0,,,113.7,250,,,,,,,,,,,,,,,,,,,,,,,,,,,,,,,,,,,,,,
2026-06-29T19:02:20.929715+00:00,2026-06-30T05:02:20.927704,1,1,113.95,0.5,113.7,250,,,,,,,,,,,,,,,,,,,114.2,150,,,,,,,,,,,,,,,,,,
2026-06-29T19:02:21.093323+00:00,2026-06-30T05:02:21.087312,1,1,113.95,0.5,113.7,250,,,,,,,,,,,,,,,,,,,114.2,125,,,,,,,,,,,,,,,,,,
2026-06-29T19:02:21.104385+00:00,2026-06-30T05:02:21.102385,1,1,113.95,0.5,113.7,250,,,,,,,,,,,,,,,,,,,114.2,100,,,,,,,,,,,,,,,,,,
2026-06-29T19:02:21.300723+00:00,2026-06-30T05:02:21.299723,1,1,113.95,0.5,113.7,250,,,,,,,,,,,,,,,,,,,114.2,50,,,,,,,,,,,,,,,,,,
2026-06-29T19:02:21.344980+00:00,2026-06-30T05:02:21.334912,1,1,113.95,0.5,113.7,250,,,,,,,,,,,,,,,,,,,114.2,5,,,,,,,,,,,,,,,,,,
2026-06-29T19:02:21.519643+00:00,2026-06-30T05:02:21.508740,1,0,,,113.7,250,,,,,,,,,,,,,,,,,,,,,,,,,,,,,,,,,,,,,,
2026-06-29T19:02:21.706102+00:00,2026-06-30T05:02:21.703102,1,0,,,113.7,150,,,,,,,,,,,,,,,,,,,,,,,,,,,,,,,,,,,,,,
2026-06-29T19:02:21.758915+00:00,2026-06-30T05:02:21.755370,2,0,,,114.2,100,113.7,150,,,,,,,,,,,,,,,,,,,,,,,,,,,,,,,,,,,,
2026-06-29T19:02:21.814164+00:00,2026-06-30T05:02:21.808155,2,1,114.45,0.5,114.2,100,113.7,150,,,,,,,,,,,,,,,,,114.7,100,,,,,,,,,,,,,,,,,,
2026-06-29T19:02:22.413198+00:00,2026-06-30T05:02:22.412198,2,1,114.45,0.5,114.2,54,113.7,150,,,,,,,,,,,,,,,,,114.7,100,,,,,,,,,,,,,,,,,,
2026-06-29T19:02:22.934059+00:00,2026-06-30T05:02:22.925997,2,1,114.45,0.5,114.2,4,113.7,150,,,,,,,,,,,,,,,,,114.7,100,,,,,,,,,,,,,,,,,,
2026-06-29T19:02:22.945115+00:00,2026-06-30T05:02:22.938115,3,1,114.45,0.5,114.2,4,114.1,5,113.7,150,,,,,,,,,,,,,,,114.7,100,,,,,,,,,,,,,,,,,,
2026-06-29T19:02:23.578309+00:00,2026-06-30T05:02:23.573757,1,1,114.2,1.0,113.7,150,,,,,,,,,,,,,,,,,,,114.7,100,,,,,,,,,,,,,,,,,,
2026-06-29T19:02:23.980993+00:00,2026-06-30T05:02:23.979993,0,1,,,,,,,,,,,,,,,,,,,,,,,114.7,100,,,,,,,,,,,,,,,,,,
2026-06-29T19:02:24.036316+00:00,2026-06-30T05:02:24.033316,1,1,114.4,0.6,114.1,150,,,,,,,,,,,,,,,,,,,114.7,100,,,,,,,,,,,,,,,,,,
2026-06-29T19:02:24.047378+00:00,2026-06-30T05:02:24.036316,1,1,114.4,0.6,114.1,154,,,,,,,,,,,,,,,,,,,114.7,100,,,,,,,,,,,,,,,,,,
2026-06-29T19:02:24.089711+00:00,2026-06-30T05:02:24.085658,1,2,114.35,0.5,114.1,154,,,,,,,,,,,,,,,,,,,114.6,150,114.7,100,,,,,,,,,,,,,,,,
2026-06-29T19:02:24.883983+00:00,2026-06-30T05:02:24.880983,1,1,114.35,0.5,114.1,154,,,,,,,,,,,,,,,,,,,114.6,150,,,,,,,,,,,,,,,,,,
2026-06-29T19:02:24.947929+00:00,2026-06-30T05:02:24.946369,2,1,114.35,0.5,114.1,154,113.8,100,,,,,,,,,,,,,,,,,114.6,150,,,,,,,,,,,,,,,,,,
2026-06-29T19:02:24.991225+00:00,2026-06-30T05:02:24.980162,2,1,114.35,0.5,114.1,154,113.8,100,,,,,,,,,,,,,,,,,114.6,100,,,,,,,,,,,,,,,,,,
2026-06-29T19:02:25.002287+00:00,2026-06-30T05:02:24.997277,2,2,114.2,0.2,114.1,152,113.8,100,,,,,,,,,,,,,,,,,114.3,100,114.6,100,,,,,,,,,,,,,,,,
2026-06-29T19:02:26.625397+00:00,2026-06-30T05:02:26.619398,2,3,114.2,0.2,114.1,152,113.8,100,,,,,,,,,,,,,,,,,114.3,100,114.4,4,114.6,100,,,,,,,,,,,,,,
2026-06-29T19:02:26.733099+00:00,2026-06-30T05:02:26.730107,2,3,114.2,0.2,114.1,105,113.8,100,,,,,,,,,,,,,,,,,114.3,100,114.4,4,114.6,100,,,,,,,,,,,,,,
2026-06-29T19:02:27.091974+00:00,2026-06-30T05:02:27.087964,2,3,114.2,0.2,114.1,105,113.8,100,,,,,,,,,,,,,,,,,114.3,50,114.4,4,114.6,100,,,,,,,,,,,,,,
2026-06-29T19:02:27.147282+00:00,2026-06-30T05:02:27.143282,2,2,114.2,0.2,114.1,2,113.8,100,,,,,,,,,,,,,,,,,114.3,50,114.4,4,,,,,,,,,,,,,,,,
2026-06-29T19:02:27.201208+00:00,2026-06-30T05:02:27.195145,3,2,114.2,0.2,114.1,2,114.0,150,113.8,100,,,,,,,,,,,,,,,114.3,50,114.4,4,,,,,,,,,,,,,,,,
2026-06-29T19:02:27.256518+00:00,2026-06-30T05:02:27.247508,3,3,114.2,0.2,114.1,2,114.0,150,113.8,100,,,,,,,,,,,,,,,114.3,50,114.4,4,114.5,150,,,,,,,,,,,,,,
2026-06-29T19:02:27.527299+00:00,2026-06-30T05:02:27.524298,3,3,114.2,0.2,114.1,2,114.0,150,113.8,100,,,,,,,,,,,,,,,114.3,50,114.4,3,114.5,150,,,,,,,,,,,,,,
2026-06-29T19:02:28.059770+00:00,2026-06-30T05:02:28.053708,2,2,114.25,0.3,114.1,2,114.0,150,,,,,,,,,,,,,,,,,114.4,3,114.5,150,,,,,,,,,,,,,,,,
2026-06-29T19:02:28.115101+00:00,2026-06-30T05:02:28.105032,3,2,114.25,0.3,114.1,2,114.0,150,113.9,100,,,,,,,,,,,,,,,114.4,3,114.5,150,,,,,,,,,,,,,,,,
2026-06-29T19:02:28.168508+00:00,2026-06-30T05:02:28.158064,3,2,114.25,0.3,114.1,2,114.0,150,113.9,100,,,,,,,,,,,,,,,114.4,103,114.5,150,,,,,,,,,,,,,,,,
2026-06-29T19:02:29.257233+00:00,2026-06-30T05:02:29.250189,2,2,114.2,0.4,114.0,102,113.9,100,,,,,,,,,,,,,,,,,114.4,103,114.5,150,,,,,,,,,,,,,,,,
2026-06-29T19:02:29.288966+00:00,2026-06-30T05:02:29.288452,3,2,114.25,0.3,114.1,3,114.0,102,113.9,100,,,,,,,,,,,,,,,114.4,103,114.5,150,,,,,,,,,,,,,,,,
2026-06-29T19:02:29.344296+00:00,2026-06-30T05:02:29.336233,3,2,114.25,0.3,114.1,3,114.0,102,113.9,100,,,,,,,,,,,,,,,114.4,102,114.5,150,,,,,,,,,,,,,,,,
2026-06-29T19:02:30.311885+00:00,2026-06-30T05:02:30.302822,2,1,114.25,0.3,114.1,3,113.9,100,,,,,,,,,,,,,,,,,114.4,102,,,,,,,,,,,,,,,,,,
2026-06-29T19:02:30.356165+00:00,2026-06-30T05:02:30.355165,2,1,114.25,0.3,114.1,3,113.9,250,,,,,,,,,,,,,,,,,114.4,102,,,,,,,,,,,,,,,,,,
2026-06-29T19:02:30.410104+00:00,2026-06-30T05:02:30.409104,2,1,114.25,0.3,114.1,3,113.9,250,,,,,,,,,,,,,,,,,114.4,252,,,,,,,,,,,,,,,,,,
2026-06-29T19:02:31.215338+00:00,2026-06-30T05:02:31.214337,2,1,114.25,0.3,114.1,3,113.9,150,,,,,,,,,,,,,,,,,114.4,152,,,,,,,,,,,,,,,,,,
2026-06-29T19:02:31.268718+00:00,2026-06-30T05:02:31.265158,3,1,114.25,0.3,114.1,3,114.0,100,113.9,150,,,,,,,,,,,,,,,114.4,152,,,,,,,,,,,,,,,,,,
2026-06-29T19:02:31.324071+00:00,2026-06-30T05:02:31.318061,3,2,114.25,0.3,114.1,3,114.0,100,113.9,150,,,,,,,,,,,,,,,114.4,152,114.5,100,,,,,,,,,,,,,,,,
2026-06-29T19:02:31.367368+00:00,2026-06-30T05:02:31.358322,2,2,114.2,0.4,114.0,100,113.9,150,,,,,,,,,,,,,,,,,114.4,152,114.5,100,,,,,,,,,,,,,,,,
2026-06-29T19:02:31.377937+00:00,2026-06-30T05:02:31.377937,3,2,114.25,0.3,114.1,4,114.0,100,113.9,150,,,,,,,,,,,,,,,114.4,152,114.5,100,,,,,,,,,,,,,,,,
2026-06-29T19:02:32.127899+00:00,2026-06-30T05:02:32.125339,3,2,114.25,0.3,114.1,4,114.0,100,113.9,150,,,,,,,,,,,,,,,114.4,112,114.5,100,,,,,,,,,,,,,,,,
2026-06-29T19:02:32.149053+00:00,2026-06-30T05:02:32.142494,3,2,114.25,0.3,114.1,4,114.0,100,113.9,150,,,,,,,,,,,,,,,114.4,114,114.5,100,,,,,,,,,,,,,,,,
2026-06-29T19:02:33.423087+00:00,2026-06-30T05:02:33.421086,3,2,114.25,0.3,114.1,4,114.0,100,113.9,150,,,,,,,,,,,,,,,114.4,64,114.5,100,,,,,,,,,,,,,,,,
2026-06-29T19:02:33.467334+00:00,2026-06-30T05:02:33.464334,2,2,114.25,0.3,114.1,4,114.0,100,,,,,,,,,,,,,,,,,114.4,2,114.5,100,,,,,,,,,,,,,,,,
2026-06-29T19:02:33.519750+00:00,2026-06-30T05:02:33.516698,3,2,114.35,0.1,114.3,150,114.1,4,114.0,100,,,,,,,,,,,,,,,114.4,2,114.5,100,,,,,,,,,,,,,,,,
2026-06-29T19:02:33.575002+00:00,2026-06-30T05:02:33.570002,3,3,114.35,0.1,114.3,150,114.1,4,114.0,100,,,,,,,,,,,,,,,114.4,2,114.5,100,114.8,150,,,,,,,,,,,,,,
2026-06-29T19:02:34.380712+00:00,2026-06-30T05:02:34.375650,2,2,114.35,0.1,114.3,150,114.1,4,,,,,,,,,,,,,,,,,114.4,2,114.8,150,,,,,,,,,,,,,,,,
2026-06-29T19:02:34.436023+00:00,2026-06-30T05:02:34.428013,2,2,114.35,0.1,114.3,150,114.1,104,,,,,,,,,,,,,,,,,114.4,2,114.8,150,,,,,,,,,,,,,,,,
2026-06-29T19:02:34.488443+00:00,2026-06-30T05:02:34.480870,2,3,114.35,0.1,114.3,150,114.1,104,,,,,,,,,,,,,,,,,114.4,2,114.6,100,114.8,150,,,,,,,,,,,,,,
2026-06-29T19:02:34.989017+00:00,2026-06-30T05:02:34.984458,2,3,114.35,0.1,114.3,109,114.1,104,,,,,,,,,,,,,,,,,114.4,2,114.6,100,114.8,150,,,,,,,,,,,,,,
2026-06-29T19:02:35.533123+00:00,2026-06-30T05:02:35.532122,2,2,114.45,0.3,114.3,109,114.1,104,,,,,,,,,,,,,,,,,114.6,52,114.8,150,,,,,,,,,,,,,,,,
2026-06-29T19:02:35.544185+00:00,2026-06-30T05:02:35.543185,2,3,114.4,0.2,114.3,109,114.1,104,,,,,,,,,,,,,,,,,114.5,2,114.6,52,114.8,150,,,,,,,,,,,,,,
2026-06-29T19:02:36.228946+00:00,2026-06-30T05:02:36.228433,2,3,114.4,0.2,114.3,109,114.1,104,,,,,,,,,,,,,,,,,114.5,1,114.6,52,114.8,150,,,,,,,,,,,,,,
2026-06-29T19:02:36.633118+00:00,2026-06-30T05:02:36.625055,1,2,114.3,0.4,114.1,104,,,,,,,,,,,,,,,,,,,114.5,1,114.6,52,,,,,,,,,,,,,,,,
2026-06-29T19:02:36.687489+00:00,2026-06-30T05:02:36.677514,2,2,114.35,0.3,114.2,150,114.1,104,,,,,,,,,,,,,,,,,114.5,1,114.6,52,,,,,,,,,,,,,,,,
2026-06-29T19:02:36.741851+00:00,2026-06-30T05:02:36.731780,2,3,114.35,0.3,114.2,150,114.1,104,,,,,,,,,,,,,,,,,114.5,1,114.6,52,114.7,150,,,,,,,,,,,,,,
2026-06-29T19:02:37.253264+00:00,2026-06-30T05:02:37.252265,2,3,114.35,0.3,114.2,150,114.1,104,,,,,,,,,,,,,,,,,114.5,1,114.6,8,114.7,150,,,,,,,,,,,,,,
2026-06-29T19:02:37.546217+00:00,2026-06-30T05:02:37.537207,2,2,114.35,0.3,114.2,150,114.1,4,,,,,,,,,,,,,,,,,114.5,1,114.7,150,,,,,,,,,,,,,,,,
2026-06-29T19:02:37.598675+00:00,2026-06-30T05:02:37.590115,3,2,114.4,0.2,114.3,100,114.2,150,114.1,4,,,,,,,,,,,,,,,114.5,1,114.7,150,,,,,,,,,,,,,,,,
2026-06-29T19:02:37.654017+00:00,2026-06-30T05:02:37.651017,3,2,114.5,0.4,114.3,100,114.2,150,114.1,4,,,,,,,,,,,,,,,114.7,101,114.8,100,,,,,,,,,,,,,,,,
2026-06-29T19:02:37.708453+00:00,2026-06-30T05:02:37.700846,3,3,114.4,0.2,114.3,100,114.2,150,114.1,4,,,,,,,,,,,,,,,114.5,2,114.7,101,114.8,100,,,,,,,,,,,,,,
2026-06-29T19:02:38.252045+00:00,2026-06-30T05:02:38.241983,3,3,114.4,0.2,114.3,100,114.2,150,114.1,3,,,,,,,,,,,,,,,114.5,2,114.7,101,114.8,100,,,,,,,,,,,,,,
2026-06-29T19:02:38.797591+00:00,2026-06-30T05:02:38.788591,3,2,114.5,0.4,114.3,100,114.2,150,114.1,3,,,,,,,,,,,,,,,114.7,55,114.8,100,,,,,,,,,,,,,,,,
2026-06-29T19:02:38.808185+00:00,2026-06-30T05:02:38.806641,3,3,114.4,0.2,114.3,100,114.2,150,114.1,3,,,,,,,,,,,,,,,114.5,3,114.7,55,114.8,100,,,,,,,,,,,,,,
2026-06-29T19:02:39.764754+00:00,2026-06-30T05:02:39.754692,3,2,114.5,0.4,114.3,100,114.2,150,114.1,3,,,,,,,,,,,,,,,114.7,55,114.8,100,,,,,,,,,,,,,,,,
2026-06-29T19:02:39.775814+00:00,2026-06-30T05:02:39.774814,2,2,114.5,0.4,114.3,100,114.2,150,,,,,,,,,,,,,,,,,114.7,55,114.8,100,,,,,,,,,,,,,,,,
2026-06-29T19:02:39.786877+00:00,2026-06-30T05:02:39.785877,1,2,114.45,0.3,114.3,100,,,,,,,,,,,,,,,,,,,114.6,3,114.8,100,,,,,,,,,,,,,,,,
2026-06-29T19:02:39.797939+00:00,2026-06-30T05:02:39.789939,1,2,114.45,0.3,114.3,103,,,,,,,,,,,,,,,,,,,114.6,3,114.8,100,,,,,,,,,,,,,,,,
2026-06-29T19:02:39.841263+00:00,2026-06-30T05:02:39.840262,2,1,114.7,0.2,114.6,147,114.3,103,,,,,,,,,,,,,,,,,114.8,100,,,,,,,,,,,,,,,,,,
2026-06-29T19:02:39.874446+00:00,2026-06-30T05:02:39.872446,2,1,114.7,0.2,114.6,99,114.3,103,,,,,,,,,,,,,,,,,114.8,100,,,,,,,,,,,,,,,,,,
2026-06-29T19:02:39.885509+00:00,2026-06-30T05:02:39.877498,2,1,114.7,0.2,114.6,96,114.3,103,,,,,,,,,,,,,,,,,114.8,100,,,,,,,,,,,,,,,,,,
2026-06-29T19:02:39.896595+00:00,2026-06-30T05:02:39.892587,2,2,114.7,0.2,114.6,96,114.3,103,,,,,,,,,,,,,,,,,114.8,100,115.1,150,,,,,,,,,,,,,,,,
2026-06-29T19:02:39.907665+00:00,2026-06-30T05:02:39.896595,2,2,114.7,0.2,114.6,93,114.3,103,,,,,,,,,,,,,,,,,114.8,100,115.1,150,,,,,,,,,,,,,,,,
2026-06-29T19:02:39.972128+00:00,2026-06-30T05:02:39.967117,2,2,114.7,0.2,114.6,68,114.3,103,,,,,,,,,,,,,,,,,114.8,100,115.1,150,,,,,,,,,,,,,,,,
2026-06-29T19:02:40.005314+00:00,2026-06-30T05:02:40.004315,2,2,114.7,0.2,114.6,43,114.3,103,,,,,,,,,,,,,,,,,114.8,100,115.1,150,,,,,,,,,,,,,,,,
2026-06-29T19:02:40.180000+00:00,2026-06-30T05:02:40.175943,2,2,114.7,0.2,114.6,15,114.3,103,,,,,,,,,,,,,,,,,114.8,100,115.1,150,,,,,,,,,,,,,,,,
2026-06-29T19:02:40.224196+00:00,2026-06-30T05:02:40.223196,1,3,114.45,0.3,114.3,101,,,,,,,,,,,,,,,,,,,114.6,3,114.8,100,115.1,150,,,,,,,,,,,,,,
2026-06-29T19:02:40.387166+00:00,2026-06-30T05:02:40.385127,1,3,114.45,0.3,114.3,76,,,,,,,,,,,,,,,,,,,114.6,3,114.8,100,115.1,150,,,,,,,,,,,,,,
2026-06-29T19:02:40.429916+00:00,2026-06-30T05:02:40.428916,1,3,114.45,0.3,114.3,51,,,,,,,,,,,,,,,,,,,114.6,3,114.8,100,115.1,150,,,,,,,,,,,,,,
2026-06-29T19:02:40.440965+00:00,2026-06-30T05:02:40.436916,1,3,114.45,0.3,114.3,49,,,,,,,,,,,,,,,,,,,114.6,3,114.8,100,115.1,150,,,,,,,,,,,,,,
2026-06-29T19:02:40.474107+00:00,2026-06-30T05:02:40.469108,1,2,114.55,0.5,114.3,49,,,,,,,,,,,,,,,,,,,114.8,60,115.1,150,,,,,,,,,,,,,,,,
2026-06-29T19:02:40.507248+00:00,2026-06-30T05:02:40.499247,1,3,114.45,0.3,114.3,49,,,,,,,,,,,,,,,,,,,114.6,3,114.8,60,115.1,150,,,,,,,,,,,,,,
2026-06-29T19:02:40.703937+00:00,2026-06-30T05:02:40.700936,1,2,114.45,0.3,114.3,3,,,,,,,,,,,,,,,,,,,114.6,3,115.1,150,,,,,,,,,,,,,,,,
2026-06-29T19:02:40.757309+00:00,2026-06-30T05:02:40.754254,2,2,114.5,0.2,114.4,100,114.3,3,,,,,,,,,,,,,,,,,114.6,3,115.1,150,,,,,,,,,,,,,,,,
2026-06-29T19:02:40.811173+00:00,2026-06-30T05:02:40.808173,2,3,114.5,0.2,114.4,100,114.3,3,,,,,,,,,,,,,,,,,114.6,3,114.9,100,115.1,150,,,,,,,,,,,,,,
2026-06-29T19:02:40.855419+00:00,2026-06-30T05:02:40.849419,2,3,114.5,0.2,114.4,98,114.3,3,,,,,,,,,,,,,,,,,114.6,3,114.9,100,115.1,150,,,,,,,,,,,,,,
2026-06-29T19:02:41.061817+00:00,2026-06-30T05:02:41.058816,2,3,114.5,0.2,114.4,96,114.3,1,,,,,,,,,,,,,,,,,114.6,3,114.9,100,115.1,150,,,,,,,,,,,,,,
2026-06-29T19:02:42.946074+00:00,2026-06-30T05:02:42.945074,2,2,114.5,0.2,114.4,96,114.3,1,,,,,,,,,,,,,,,,,114.6,3,114.9,100,,,,,,,,,,,,,,,,
2026-06-29T19:02:43.010186+00:00,2026-06-30T05:02:42.999204,3,2,114.5,0.2,114.4,96,114.3,1,114.0,150,,,,,,,,,,,,,,,114.6,3,114.9,100,,,,,,,,,,,,,,,,
2026-06-29T19:02:43.065556+00:00,2026-06-30T05:02:43.060547,3,3,114.45,0.1,114.4,96,114.3,1,114.0,150,,,,,,,,,,,,,,,114.5,150,114.6,3,114.9,100,,,,,,,,,,,,,,
2026-06-29T19:02:43.076628+00:00,2026-06-30T05:02:43.070628,3,3,114.45,0.1,114.4,96,114.3,1,114.0,150,,,,,,,,,,,,,,,114.5,108,114.6,3,114.9,100,,,,,,,,,,,,,,
2026-06-29T19:02:43.869694+00:00,2026-06-30T05:02:43.863632,2,2,114.4,0.2,114.3,1,114.0,150,,,,,,,,,,,,,,,,,114.5,108,114.6,3,,,,,,,,,,,,,,,,
2026-06-29T19:02:43.925027+00:00,2026-06-30T05:02:43.915964,3,2,114.45,0.1,114.4,100,114.3,1,114.0,150,,,,,,,,,,,,,,,114.5,108,114.6,3,,,,,,,,,,,,,,,,
2026-06-29T19:02:43.978419+00:00,2026-06-30T05:02:43.968859,3,3,114.45,0.1,114.4,100,114.3,1,114.0,150,,,,,,,,,,,,,,,114.5,58,114.6,3,114.9,100,,,,,,,,,,,,,,
2026-06-29T19:02:44.479810+00:00,2026-06-30T05:02:44.468998,3,3,114.45,0.1,114.4,93,114.3,1,114.0,150,,,,,,,,,,,,,,,114.5,58,114.6,3,114.9,100,,,,,,,,,,,,,,
2026-06-29T19:02:45.120862+00:00,2026-06-30T05:02:45.112800,3,3,114.45,0.1,114.4,93,114.3,1,114.0,150,,,,,,,,,,,,,,,114.5,58,114.6,2,114.9,100,,,,,,,,,,,,,,
2026-06-29T19:02:45.787284+00:00,2026-06-30T05:02:45.782284,3,3,114.45,0.1,114.4,93,114.3,1,114.0,150,,,,,,,,,,,,,,,114.5,58,114.6,1,114.9,100,,,,,,,,,,,,,,
2026-06-29T19:02:46.080823+00:00,2026-06-30T05:02:46.075761,3,3,114.45,0.1,114.4,93,114.3,1,114.0,150,,,,,,,,,,,,,,,114.5,8,114.6,1,114.9,100,,,,,,,,,,,,,,
2026-06-29T19:02:46.114011+00:00,2026-06-30T05:02:46.112012,3,2,114.45,0.1,114.4,93,114.3,1,114.0,150,,,,,,,,,,,,,,,114.5,8,114.9,100,,,,,,,,,,,,,,,,
2026-06-29T19:02:46.125089+00:00,2026-06-30T05:02:46.114205,2,1,114.65,0.5,114.4,93,114.3,1,,,,,,,,,,,,,,,,,114.9,100,,,,,,,,,,,,,,,,,,
2026-06-29T19:02:46.167406+00:00,2026-06-30T05:02:46.166360,3,1,114.8,0.2,114.7,150,114.4,93,114.3,1,,,,,,,,,,,,,,,114.9,100,,,,,,,,,,,,,,,,,,
2026-06-29T19:02:46.232855+00:00,2026-06-30T05:02:46.221786,3,2,114.8,0.2,114.7,150,114.4,93,114.3,1,,,,,,,,,,,,,,,114.9,100,115.2,150,,,,,,,,,,,,,,,,
2026-06-29T19:02:47.026864+00:00,2026-06-30T05:02:47.025864,2,1,114.95,0.5,114.7,150,114.3,1,,,,,,,,,,,,,,,,,115.2,150,,,,,,,,,,,,,,,,,,
2026-06-29T19:02:47.078973+00:00,2026-06-30T05:02:47.078033,3,1,114.95,0.5,114.7,150,114.4,100,114.3,1,,,,,,,,,,,,,,,115.2,150,,,,,,,,,,,,,,,,,,
2026-06-29T19:02:47.141068+00:00,2026-06-30T05:02:47.130884,3,2,114.8,0.2,114.7,150,114.4,100,114.3,1,,,,,,,,,,,,,,,114.9,100,115.2,150,,,,,,,,,,,,,,,,
2026-06-29T19:02:48.190979+00:00,2026-06-30T05:02:48.182931,3,2,114.8,0.2,114.7,150,114.4,100,114.3,1,,,,,,,,,,,,,,,114.9,50,115.2,150,,,,,,,,,,,,,,,,
2026-06-29T19:02:48.485324+00:00,2026-06-30T05:02:48.480324,3,2,114.8,0.2,114.7,106,114.4,100,114.3,1,,,,,,,,,,,,,,,114.9,50,115.2,150,,,,,,,,,,,,,,,,
2026-06-29T19:02:49.281234+00:00,2026-06-30T05:02:49.275170,2,1,114.65,0.5,114.4,100,114.3,1,,,,,,,,,,,,,,,,,114.9,50,,,,,,,,,,,,,,,,,,
2026-06-29T19:02:49.292297+00:00,2026-06-30T05:02:49.284234,1,1,114.65,0.5,114.4,100,,,,,,,,,,,,,,,,,,,114.9,50,,,,,,,,,,,,,,,,,,
2026-06-29T19:02:49.336541+00:00,2026-06-30T05:02:49.328541,1,1,114.65,0.5,114.4,250,,,,,,,,,,,,,,,,,,,114.9,50,,,,,,,,,,,,,,,,,,
2026-06-29T19:02:49.390960+00:00,2026-06-30T05:02:49.383896,1,1,114.65,0.5,114.4,250,,,,,,,,,,,,,,,,,,,114.9,200,,,,,,,,,,,,,,,,,,
2026-06-29T19:02:49.532889+00:00,2026-06-30T05:02:49.521826,2,1,114.7,0.4,114.5,5,114.4,250,,,,,,,,,,,,,,,,,114.9,200,,,,,,,,,,,,,,,,,,
2026-06-29T19:02:50.193256+00:00,2026-06-30T05:02:50.187246,2,1,114.7,0.4,114.5,5,114.4,150,,,,,,,,,,,,,,,,,114.9,150,,,,,,,,,,,,,,,,,,
2026-06-29T19:02:50.247662+00:00,2026-06-30T05:02:50.238670,2,1,114.7,0.4,114.5,105,114.4,150,,,,,,,,,,,,,,,,,114.9,150,,,,,,,,,,,,,,,,,,
2026-06-29T19:02:50.301177+00:00,2026-06-30T05:02:50.292109,2,2,114.7,0.4,114.5,105,114.4,150,,,,,,,,,,,,,,,,,114.9,150,115.0,100,,,,,,,,,,,,,,,,
2026-06-29T19:02:52.413042+00:00,2026-06-30T05:02:52.408032,2,2,114.7,0.4,114.5,105,114.4,150,,,,,,,,,,,,,,,,,114.9,100,115.0,100,,,,,,,,,,,,,,,,
2026-06-29T19:02:52.446224+00:00,2026-06-30T05:02:52.441223,1,1,114.75,0.5,114.5,105,,,,,,,,,,,,,,,,,,,115.0,100,,,,,,,,,,,,,,,,,,
2026-06-29T19:02:52.499632+00:00,2026-06-30T05:02:52.498631,2,1,114.95,0.1,114.9,150,114.5,105,,,,,,,,,,,,,,,,,115.0,100,,,,,,,,,,,,,,,,,,
2026-06-29T19:02:52.554957+00:00,2026-06-30T05:02:52.546870,2,2,114.95,0.1,114.9,150,114.5,105,,,,,,,,,,,,,,,,,115.0,100,115.4,150,,,,,,,,,,,,,,,,
2026-06-29T19:02:53.373964+00:00,2026-06-30T05:02:53.372956,2,1,115.15,0.5,114.9,150,114.5,5,,,,,,,,,,,,,,,,,115.4,150,,,,,,,,,,,,,,,,,,
2026-06-29T19:02:53.427863+00:00,2026-06-30T05:02:53.426304,3,1,115.15,0.5,114.9,150,114.7,100,114.5,5,,,,,,,,,,,,,,,115.4,150,,,,,,,,,,,,,,,,,,
2026-06-29T19:02:53.493391+00:00,2026-06-30T05:02:53.482288,3,2,115.05,0.3,114.9,150,114.7,100,114.5,5,,,,,,,,,,,,,,,115.2,100,115.4,150,,,,,,,,,,,,,,,,
2026-06-29T19:02:54.518402+00:00,2026-06-30T05:02:54.514843,3,2,115.05,0.3,114.9,150,114.7,100,114.5,5,,,,,,,,,,,,,,,115.2,50,115.4,150,,,,,,,,,,,,,,,,
2026-06-29T19:02:55.604236+00:00,2026-06-30T05:02:55.602235,2,1,114.95,0.5,114.7,100,114.5,5,,,,,,,,,,,,,,,,,115.2,50,,,,,,,,,,,,,,,,,,
2026-06-29T19:02:55.666330+00:00,2026-06-30T05:02:55.655148,3,1,115.0,0.4,114.8,150,114.7,100,114.5,5,,,,,,,,,,,,,,,115.2,50,,,,,,,,,,,,,,,,,,
2026-06-29T19:02:55.718169+00:00,2026-06-30T05:02:55.708126,3,2,115.0,0.4,114.8,150,114.7,100,114.5,5,,,,,,,,,,,,,,,115.2,50,115.3,150,,,,,,,,,,,,,,,,
2026-06-29T19:02:56.538030+00:00,2026-06-30T05:02:56.536030,2,1,115.05,0.5,114.8,150,114.5,5,,,,,,,,,,,,,,,,,115.3,150,,,,,,,,,,,,,,,,,,
2026-06-29T19:02:56.548600+00:00,2026-06-30T05:02:56.545030,1,1,115.05,0.5,114.8,150,,,,,,,,,,,,,,,,,,,115.3,150,,,,,,,,,,,,,,,,,,
2026-06-29T19:02:56.592909+00:00,2026-06-30T05:02:56.588909,2,1,115.15,0.3,115.0,100,114.8,150,,,,,,,,,,,,,,,,,115.3,150,,,,,,,,,,,,,,,,,,
2026-06-29T19:02:56.647282+00:00,2026-06-30T05:02:56.641282,2,2,115.15,0.3,115.0,100,114.8,150,,,,,,,,,,,,,,,,,115.3,150,115.5,100,,,,,,,,,,,,,,,,
2026-06-29T19:02:56.831790+00:00,2026-06-30T05:02:56.828790,2,2,115.15,0.3,115.0,59,114.8,150,,,,,,,,,,,,,,,,,115.3,150,115.5,100,,,,,,,,,,,,,,,,
2026-06-29T19:02:56.842863+00:00,2026-06-30T05:02:56.840863,3,2,115.15,0.3,115.0,59,114.8,150,114.7,5,,,,,,,,,,,,,,,115.3,150,115.5,100,,,,,,,,,,,,,,,,
2026-06-29T19:02:57.814022+00:00,2026-06-30T05:02:57.813022,3,2,115.15,0.3,115.0,16,114.8,150,114.7,5,,,,,,,,,,,,,,,115.3,150,115.5,100,,,,,,,,,,,,,,,,
2026-06-29T19:02:57.836148+00:00,2026-06-30T05:02:57.827138,2,2,115.05,0.5,114.8,150,114.7,5,,,,,,,,,,,,,,,,,115.3,150,115.5,100,,,,,,,,,,,,,,,,
2026-06-29T19:02:58.763042+00:00,2026-06-30T05:02:58.762042,2,1,115.15,0.7,114.8,150,114.7,5,,,,,,,,,,,,,,,,,115.5,100,,,,,,,,,,,,,,,,,,
2026-06-29T19:02:58.774104+00:00,2026-06-30T05:02:58.763042,1,1,115.1,0.8,114.7,5,,,,,,,,,,,,,,,,,,,115.5,100,,,,,,,,,,,,,,,,,,
2026-06-29T19:02:58.785165+00:00,2026-06-30T05:02:58.781165,0,1,,,,,,,,,,,,,,,,,,,,,,,115.5,100,,,,,,,,,,,,,,,,,,
2026-06-29T19:02:58.817917+00:00,2026-06-30T05:02:58.815358,1,1,115.3,0.4,115.1,150,,,,,,,,,,,,,,,,,,,115.5,100,,,,,,,,,,,,,,,,,,
2026-06-29T19:02:58.839079+00:00,2026-06-30T05:02:58.836520,1,1,115.3,0.4,115.1,150,,,,,,,,,,,,,,,,,,,115.5,57,,,,,,,,,,,,,,,,,,
2026-06-29T19:02:58.872301+00:00,2026-06-30T05:02:58.869301,1,2,115.3,0.4,115.1,150,,,,,,,,,,,,,,,,,,,115.5,57,115.6,150,,,,,,,,,,,,,,,,
2026-06-29T19:02:58.992101+00:00,2026-06-30T05:02:58.990101,2,2,115.3,0.4,115.1,150,114.7,5,,,,,,,,,,,,,,,,,115.5,57,115.6,150,,,,,,,,,,,,,,,,
2026-06-29T19:02:59.699826+00:00,2026-06-30T05:02:59.698826,2,1,115.35,0.5,115.1,150,114.7,5,,,,,,,,,,,,,,,,,115.6,150,,,,,,,,,,,,,,,,,,
2026-06-29T19:02:59.754692+00:00,2026-06-30T05:02:59.749692,3,1,115.35,0.5,115.1,150,115.0,100,114.7,5,,,,,,,,,,,,,,,115.6,150,,,,,,,,,,,,,,,,,,
2026-06-29T19:02:59.808561+00:00,2026-06-30T05:02:59.803000,3,2,115.3,0.4,115.1,150,115.0,100,114.7,5,,,,,,,,,,,,,,,115.5,100,115.6,150,,,,,,,,,,,,,,,,
2026-06-29T19:02:59.983203+00:00,2026-06-30T05:02:59.977193,3,2,115.3,0.4,115.1,150,115.0,100,114.7,4,,,,,,,,,,,,,,,115.5,100,115.6,150,,,,,,,,,,,,,,,,
2026-06-29T19:03:00.245448+00:00,2026-06-30T05:03:00.241449,3,2,115.3,0.4,115.1,150,115.0,100,114.7,4,,,,,,,,,,,,,,,115.5,52,115.6,150,,,,,,,,,,,,,,,,
2026-06-29T19:03:00.788025+00:00,2026-06-30T05:03:00.777582,3,2,115.3,0.4,115.1,106,115.0,100,114.7,4,,,,,,,,,,,,,,,115.5,52,115.6,150,,,,,,,,,,,,,,,,
2026-06-29T19:03:00.897218+00:00,2026-06-30T05:03:00.888218,3,2,115.3,0.4,115.1,56,115.0,100,114.7,4,,,,,,,,,,,,,,,115.5,52,115.6,150,,,,,,,,,,,,,,,,
2026-06-29T19:03:01.048303+00:00,2026-06-30T05:03:01.039743,3,2,115.3,0.4,115.1,52,115.0,100,114.7,4,,,,,,,,,,,,,,,115.5,52,115.6,150,,,,,,,,,,,,,,,,
2026-06-29T19:03:01.931994+00:00,2026-06-30T05:03:01.924919,2,1,115.25,0.5,115.0,100,114.7,4,,,,,,,,,,,,,,,,,115.5,52,,,,,,,,,,,,,,,,,,
2026-06-29T19:03:01.987301+00:00,2026-06-30T05:03:01.984301,2,1,115.25,0.5,115.0,100,114.7,150,,,,,,,,,,,,,,,,,115.5,52,,,,,,,,,,,,,,,,,,
2026-06-29T19:03:02.041228+00:00,2026-06-30T05:03:02.034166,2,2,115.1,0.2,115.0,100,114.7,150,,,,,,,,,,,,,,,,,115.2,150,115.5,52,,,,,,,,,,,,,,,,
2026-06-29T19:03:02.867850+00:00,2026-06-30T05:03:02.860290,1,1,114.95,0.5,114.7,150,,,,,,,,,,,,,,,,,,,115.2,150,,,,,,,,,,,,,,,,,,
2026-06-29T19:03:02.922218+00:00,2026-06-30T05:03:02.913155,2,1,115.1,0.2,115.0,100,114.7,150,,,,,,,,,,,,,,,,,115.2,150,,,,,,,,,,,,,,,,,,
2026-06-29T19:03:02.966455+00:00,2026-06-30T05:03:02.966455,2,2,115.1,0.2,115.0,100,114.7,150,,,,,,,,,,,,,,,,,115.2,150,115.5,100,,,,,,,,,,,,,,,,
2026-06-29T19:03:02.998212+00:00,2026-06-30T05:03:02.995653,2,2,115.1,0.2,115.0,50,114.7,150,,,,,,,,,,,,,,,,,115.2,150,115.5,100,,,,,,,,,,,,,,,,
2026-06-29T19:03:03.075208+00:00,2026-06-30T05:03:03.071208,2,2,115.1,0.2,115.0,47,114.7,150,,,,,,,,,,,,,,,,,115.2,150,115.5,100,,,,,,,,,,,,,,,,
2026-06-29T19:03:04.065246+00:00,2026-06-30T05:03:04.058246,3,2,115.1,0.2,115.0,47,114.9,4,114.7,150,,,,,,,,,,,,,,,115.2,150,115.5,100,,,,,,,,,,,,,,,,
2026-06-29T19:03:04.945253+00:00,2026-06-30T05:03:04.939253,3,2,115.1,0.2,115.0,47,114.9,3,114.7,150,,,,,,,,,,,,,,,115.2,150,115.5,100,,,,,,,,,,,,,,,,
2026-06-29T19:03:05.097775+00:00,2026-06-30T05:03:05.092214,2,1,115.25,0.5,115.0,47,114.9,3,,,,,,,,,,,,,,,,,115.5,100,,,,,,,,,,,,,,,,,,
2026-06-29T19:03:05.108353+00:00,2026-06-30T05:03:05.103793,0,1,,,,,,,,,,,,,,,,,,,,,,,115.5,100,,,,,,,,,,,,,,,,,,
2026-06-29T19:03:05.152147+00:00,2026-06-30T05:03:05.145073,1,1,115.05,0.9,114.6,150,,,,,,,,,,,,,,,,,,,115.5,100,,,,,,,,,,,,,,,,,,
2026-06-29T19:03:05.218145+00:00,2026-06-30T05:03:05.211577,1,2,114.85,0.5,114.6,150,,,,,,,,,,,,,,,,,,,115.1,150,115.5,100,,,,,,,,,,,,,,,,
2026-06-29T19:03:06.024977+00:00,2026-06-30T05:03:06.020977,1,1,114.85,0.5,114.6,150,,,,,,,,,,,,,,,,,,,115.1,150,,,,,,,,,,,,,,,,,,
2026-06-29T19:03:06.088932+00:00,2026-06-30T05:03:06.088419,2,2,114.9,0.4,114.7,100,114.6,150,,,,,,,,,,,,,,,,,115.1,150,115.2,4,,,,,,,,,,,,,,,,
2026-06-29T19:03:06.144259+00:00,2026-06-30T05:03:06.138259,2,2,114.9,0.4,114.7,100,114.6,150,,,,,,,,,,,,,,,,,115.1,150,115.2,104,,,,,,,,,,,,,,,,
2026-06-29T19:03:06.842314+00:00,2026-06-30T05:03:06.831252,2,2,114.9,0.4,114.7,100,114.6,150,,,,,,,,,,,,,,,,,115.1,102,115.2,104,,,,,,,,,,,,,,,,
2026-06-29T19:03:06.994263+00:00,2026-06-30T05:03:06.992263,2,2,114.9,0.4,114.7,100,114.6,150,,,,,,,,,,,,,,,,,115.1,102,115.2,103,,,,,,,,,,,,,,,,
2026-06-29T19:03:07.167400+00:00,2026-06-30T05:03:07.159374,2,2,114.9,0.4,114.7,100,114.6,150,,,,,,,,,,,,,,,,,115.1,52,115.2,103,,,,,,,,,,,,,,,,
2026-06-29T19:03:07.473986+00:00,2026-06-30T05:03:07.471986,2,2,114.9,0.4,114.7,54,114.6,150,,,,,,,,,,,,,,,,,115.1,52,115.2,103,,,,,,,,,,,,,,,,
2026-06-29T19:03:08.267780+00:00,2026-06-30T05:03:08.264234,1,1,114.95,0.5,114.7,54,,,,,,,,,,,,,,,,,,,115.2,103,,,,,,,,,,,,,,,,,,
2026-06-29T19:03:08.322154+00:00,2026-06-30T05:03:08.317153,2,1,115.15,0.1,115.1,150,114.7,54,,,,,,,,,,,,,,,,,115.2,103,,,,,,,,,,,,,,,,,,
2026-06-29T19:03:08.377456+00:00,2026-06-30T05:03:08.372456,2,2,115.15,0.1,115.1,150,114.7,54,,,,,,,,,,,,,,,,,115.2,103,115.6,150,,,,,,,,,,,,,,,,
2026-06-29T19:03:09.049504+00:00,2026-06-30T05:03:09.048504,2,2,115.15,0.1,115.1,150,114.7,54,,,,,,,,,,,,,,,,,115.2,102,115.6,150,,,,,,,,,,,,,,,,
2026-06-29T19:03:09.171186+00:00,2026-06-30T05:03:09.164133,2,2,115.15,0.1,115.1,150,114.7,54,,,,,,,,,,,,,,,,,115.2,101,115.6,150,,,,,,,,,,,,,,,,
2026-06-29T19:03:09.193289+00:00,2026-06-30T05:03:09.192289,2,2,115.15,0.1,115.1,150,114.7,54,,,,,,,,,,,,,,,,,115.2,1,115.6,150,,,,,,,,,,,,,,,,
2026-06-29T19:03:09.204339+00:00,2026-06-30T05:03:09.194289,1,2,115.15,0.1,115.1,150,,,,,,,,,,,,,,,,,,,115.2,1,115.6,150,,,,,,,,,,,,,,,,
2026-06-29T19:03:09.247110+00:00,2026-06-30T05:03:09.246084,2,2,115.15,0.1,115.1,150,114.6,100,,,,,,,,,,,,,,,,,115.2,1,115.6,150,,,,,,,,,,,,,,,,
2026-06-29T19:03:09.268275+00:00,2026-06-30T05:03:09.266704,2,1,115.35,0.5,115.1,150,114.6,100,,,,,,,,,,,,,,,,,115.6,150,,,,,,,,,,,,,,,,,,
2026-06-29T19:03:09.311992+00:00,2026-06-30T05:03:09.300944,2,1,115.35,0.5,115.1,50,114.6,100,,,,,,,,,,,,,,,,,115.6,150,,,,,,,,,,,,,,,,,,
2026-06-29T19:03:10.278875+00:00,2026-06-30T05:03:10.270305,2,1,115.35,0.5,115.1,6,114.6,100,,,,,,,,,,,,,,,,,115.6,150,,,,,,,,,,,,,,,,,,
2026-06-29T19:03:11.095239+00:00,2026-06-30T05:03:11.090239,3,1,115.35,0.5,115.1,6,114.9,5,114.6,100,,,,,,,,,,,,,,,115.6,150,,,,,,,,,,,,,,,,,,
2026-06-29T19:03:11.432037+00:00,2026-06-30T05:03:11.428027,2,0,,,114.9,5,114.6,100,,,,,,,,,,,,,,,,,,,,,,,,,,,,,,,,,,,,
2026-06-29T19:03:11.487367+00:00,2026-06-30T05:03:11.480367,3,0,,,114.9,5,114.7,150,114.6,100,,,,,,,,,,,,,,,,,,,,,,,,,,,,,,,,,,
2026-06-29T19:03:11.551835+00:00,2026-06-30T05:03:11.545773,3,1,115.05,0.3,114.9,5,114.7,150,114.6,100,,,,,,,,,,,,,,,115.2,150,,,,,,,,,,,,,,,,,,
2026-06-29T19:03:12.357781+00:00,2026-06-30T05:03:12.355221,2,1,115.05,0.3,114.9,5,114.7,150,,,,,,,,,,,,,,,,,115.2,150,,,,,,,,,,,,,,,,,,
2026-06-29T19:03:12.412159+00:00,2026-06-30T05:03:12.408159,2,1,115.05,0.3,114.9,105,114.7,150,,,,,,,,,,,,,,,,,115.2,150,,,,,,,,,,,,,,,,,,
2026-06-29T19:03:12.467464+00:00,2026-06-30T05:03:12.461464,2,2,115.05,0.3,114.9,105,114.7,150,,,,,,,,,,,,,,,,,115.2,150,115.4,100,,,,,,,,,,,,,,,,
2026-06-29T19:03:14.187405+00:00,2026-06-30T05:03:14.179383,2,2,115.05,0.3,114.9,104,114.7,150,,,,,,,,,,,,,,,,,115.2,150,115.4,100,,,,,,,,,,,,,,,,
2026-06-29T19:03:14.600118+00:00,2026-06-30T05:03:14.598108,1,1,115.15,0.5,114.9,104,,,,,,,,,,,,,,,,,,,115.4,100,,,,,,,,,,,,,,,,,,
2026-06-29T19:03:14.655423+00:00,2026-06-30T05:03:14.650423,2,1,115.15,0.5,114.9,104,114.6,150,,,,,,,,,,,,,,,,,115.4,100,,,,,,,,,,,,,,,,,,
2026-06-29T19:03:14.708787+00:00,2026-06-30T05:03:14.704237,2,2,115.0,0.2,114.9,104,114.6,150,,,,,,,,,,,,,,,,,115.1,150,115.4,100,,,,,,,,,,,,,,,,
2026-06-29T19:03:15.523358+00:00,2026-06-30T05:03:15.517348,2,1,115.0,0.2,114.9,4,114.6,150,,,,,,,,,,,,,,,,,115.1,150,,,,,,,,,,,,,,,,,,
2026-06-29T19:03:15.577737+00:00,2026-06-30T05:03:15.569691,3,1,115.05,0.1,115.0,100,114.9,4,114.6,150,,,,,,,,,,,,,,,115.1,150,,,,,,,,,,,,,,,,,,
2026-06-29T19:03:15.632114+00:00,2026-06-30T05:03:15.631114,3,2,115.05,0.1,115.0,50,114.9,4,114.6,150,,,,,,,,,,,,,,,115.1,150,115.5,100,,,,,,,,,,,,,,,,
2026-06-29T19:03:16.198938+00:00,2026-06-30T05:03:16.189376,3,2,115.05,0.1,115.0,50,114.9,2,114.6,150,,,,,,,,,,,,,,,115.1,150,115.5,100,,,,,,,,,,,,,,,,
2026-06-29T19:03:17.220184+00:00,2026-06-30T05:03:17.211089,3,3,115.05,0.1,115.0,50,114.9,2,114.6,150,,,,,,,,,,,,,,,115.1,150,115.2,5,115.5,100,,,,,,,,,,,,,,
2026-06-29T19:03:17.657215+00:00,2026-06-30T05:03:17.649215,3,3,115.05,0.1,115.0,50,114.9,2,114.6,150,,,,,,,,,,,,,,,115.1,110,115.2,5,115.5,100,,,,,,,,,,,,,,
2026-06-29T19:03:17.743320+00:00,2026-06-30T05:03:17.736258,2,3,115.0,0.2,114.9,2,114.6,150,,,,,,,,,,,,,,,,,115.1,110,115.2,5,115.5,100,,,,,,,,,,,,,,
2026-06-29T19:03:17.765444+00:00,2026-06-30T05:03:17.760445,1,2,115.05,0.3,114.9,2,,,,,,,,,,,,,,,,,,,115.2,5,115.5,100,,,,,,,,,,,,,,,,
2026-06-29T19:03:17.818862+00:00,2026-06-30T05:03:17.813284,2,2,115.1,0.2,115.0,150,114.9,2,,,,,,,,,,,,,,,,,115.2,5,115.5,100,,,,,,,,,,,,,,,,
2026-06-29T19:03:17.874198+00:00,2026-06-30T05:03:17.867188,2,2,115.1,0.2,115.0,150,114.9,2,,,,,,,,,,,,,,,,,115.2,5,115.5,250,,,,,,,,,,,,,,,,
2026-06-29T19:03:18.221019+00:00,2026-06-30T05:03:18.214941,2,2,115.1,0.2,115.0,150,114.9,2,,,,,,,,,,,,,,,,,115.2,4,115.5,250,,,,,,,,,,,,,,,,
2026-06-29T19:03:18.688989+00:00,2026-06-30T05:03:18.678560,2,2,115.1,0.2,115.0,150,114.9,2,,,,,,,,,,,,,,,,,115.2,4,115.5,150,,,,,,,,,,,,,,,,
2026-06-29T19:03:18.744374+00:00,2026-06-30T05:03:18.736277,3,2,115.1,0.2,115.0,150,114.9,2,114.8,100,,,,,,,,,,,,,,,115.2,4,115.5,150,,,,,,,,,,,,,,,,
2026-06-29T19:03:18.809925+00:00,2026-06-30T05:03:18.800846,3,3,115.1,0.2,115.0,150,114.9,2,114.8,100,,,,,,,,,,,,,,,115.2,4,115.3,100,115.5,150,,,,,,,,,,,,,,
2026-06-29T19:03:19.855446+00:00,2026-06-30T05:03:19.844383,3,3,115.1,0.2,115.0,100,114.9,2,114.8,100,,,,,,,,,,,,,,,115.2,4,115.3,100,115.5,150,,,,,,,,,,,,,,
2026-06-29T19:03:20.921190+00:00,2026-06-30T05:03:20.920189,3,2,115.1,0.2,115.0,100,114.9,2,114.8,100,,,,,,,,,,,,,,,115.2,4,115.3,100,,,,,,,,,,,,,,,,
2026-06-29T19:03:20.932254+00:00,2026-06-30T05:03:20.922190,2,2,115.05,0.3,114.9,2,114.8,100,,,,,,,,,,,,,,,,,115.2,4,115.3,100,,,,,,,,,,,,,,,,
2026-06-29T19:03:20.943319+00:00,2026-06-30T05:03:20.933246,2,1,115.1,0.4,114.9,2,114.8,100,,,,,,,,,,,,,,,,,115.3,100,,,,,,,,,,,,,,,,,,
2026-06-29T19:03:20.954379+00:00,2026-06-30T05:03:20.947369,2,1,115.1,0.4,114.9,2,114.8,100,,,,,,,,,,,,,,,,,115.3,104,,,,,,,,,,,,,,,,,,
2026-06-29T19:03:20.987568+00:00,2026-06-30T05:03:20.980568,3,1,115.1,0.4,114.9,2,114.8,100,114.7,150,,,,,,,,,,,,,,,115.3,104,,,,,,,,,,,,,,,,,,
2026-06-29T19:03:21.029911+00:00,2026-06-30T05:03:21.026849,3,2,115.05,0.3,114.9,2,114.8,100,114.7,150,,,,,,,,,,,,,,,115.2,150,115.3,104,,,,,,,,,,,,,,,,
2026-06-29T19:03:21.738041+00:00,2026-06-30T05:03:21.727852,2,2,115.0,0.4,114.8,100,114.7,150,,,,,,,,,,,,,,,,,115.2,150,115.3,104,,,,,,,,,,,,,,,,
2026-06-29T19:03:21.858366+00:00,2026-06-30T05:03:21.854807,1,2,114.95,0.5,114.7,150,,,,,,,,,,,,,,,,,,,115.2,150,115.3,4,,,,,,,,,,,,,,,,
2026-06-29T19:03:21.913212+00:00,2026-06-30T05:03:21.908212,2,2,115.0,0.4,114.8,100,114.7,150,,,,,,,,,,,,,,,,,115.2,150,115.3,4,,,,,,,,,,,,,,,,
2026-06-29T19:03:21.957464+00:00,2026-06-30T05:03:21.950464,2,2,115.0,0.4,114.8,50,114.7,150,,,,,,,,,,,,,,,,,115.2,150,115.3,4,,,,,,,,,,,,,,,,
2026-06-29T19:03:21.968089+00:00,2026-06-30T05:03:21.960530,2,2,115.0,0.4,114.8,50,114.7,150,,,,,,,,,,,,,,,,,115.2,150,115.3,104,,,,,,,,,,,,,,,,
2026-06-29T19:03:22.817562+00:00,2026-06-30T05:03:22.812562,2,2,115.0,0.4,114.8,50,114.7,150,,,,,,,,,,,,,,,,,115.2,150,115.3,103,,,,,,,,,,,,,,,,
2026-06-29T19:03:24.082979+00:00,2026-06-30T05:03:24.081980,1,1,115.05,0.5,114.8,50,,,,,,,,,,,,,,,,,,,115.3,103,,,,,,,,,,,,,,,,,,
2026-06-29T19:03:24.137278+00:00,2026-06-30T05:03:24.135232,2,1,115.05,0.5,114.8,50,114.6,150,,,,,,,,,,,,,,,,,115.3,103,,,,,,,,,,,,,,,,,,
2026-06-29T19:03:24.191161+00:00,2026-06-30T05:03:24.188161,2,2,114.95,0.3,114.8,50,114.6,150,,,,,,,,,,,,,,,,,115.1,150,115.3,103,,,,,,,,,,,,,,,,
2026-06-29T19:03:24.257540+00:00,2026-06-30T05:03:24.246477,2,2,114.95,0.3,114.8,50,114.6,150,,,,,,,,,,,,,,,,,115.1,150,115.3,102,,,,,,,,,,,,,,,,
2026-06-29T19:03:24.745559+00:00,2026-06-30T05:03:24.740560,2,2,114.95,0.3,114.8,50,114.6,150,,,,,,,,,,,,,,,,,115.1,150,115.3,101,,,,,,,,,,,,,,,,
2026-06-29T19:03:25.017395+00:00,2026-06-30T05:03:25.016386,1,2,114.85,0.5,114.6,150,,,,,,,,,,,,,,,,,,,115.1,150,115.3,1,,,,,,,,,,,,,,,,
2026-06-29T19:03:25.070812+00:00,2026-06-30T05:03:25.068812,1,2,114.85,0.5,114.6,250,,,,,,,,,,,,,,,,,,,115.1,150,115.3,1,,,,,,,,,,,,,,,,
2026-06-29T19:03:25.104000+00:00,2026-06-30T05:03:25.100999,1,1,114.85,0.5,114.6,250,,,,,,,,,,,,,,,,,,,115.1,150,,,,,,,,,,,,,,,,,,
2026-06-29T19:03:25.126124+00:00,2026-06-30T05:03:25.121124,1,1,114.85,0.5,114.6,250,,,,,,,,,,,,,,,,,,,115.1,250,,,,,,,,,,,,,,,,,,
