recv_time,book_timestamp,n_bids,n_asks,mid,spread,bid_px_0,bid_vol_0,bid_px_1,bid_vol_1,bid_px_2,bid_vol_2,bid_px_3,bid_vol_3,bid_px_4,bid_vol_4,bid_px_5,bid_vol_5,bid_px_6,bid_vol_6,bid_px_7,bid_vol_7,bid_px_8,bid_vol_8,bid_px_9,bid_vol_9,ask_px_0,ask_vol_0,ask_px_1,ask_vol_1,ask_px_2,ask_vol_2,ask_px_3,ask_vol_3,ask_px_4,ask_vol_4,ask_px_5,ask_vol_5,ask_px_6,ask_vol_6,ask_px_7,ask_vol_7,ask_px_8,ask_vol_8,ask_px_9,ask_vol_9
2026-06-29T01:00:00.184044+00:00,2026-06-29T11:00:00.177036,2,2,94.8,0.4,94.6,116,94.5,19,,,,,,,,,,,,,,,,,95.0,100,95.1,150,,,,,,,,,,,,,,,,
2026-06-29T01:00:00.272044+00:00,2026-06-29T11:00:00.266035,1,1,94.85,0.5,94.6,116,,,,,,,,,,,,,,,,,,,95.1,150,,,,,,,,,,,,,,,,,,
2026-06-29T01:00:00.327044+00:00,2026-06-29T11:00:00.320044,2,1,94.85,0.5,94.6,116,94.2,100,,,,,,,,,,,,,,,,,95.1,150,,,,,,,,,,,,,,,,,,
2026-06-29T01:00:00.382044+00:00,2026-06-29T11:00:00.373044,2,2,94.65,0.1,94.6,116,94.2,100,,,,,,,,,,,,,,,,,94.7,100,95.1,150,,,,,,,,,,,,,,,,
2026-06-29T01:00:00.580044+00:00,2026-06-29T11:00:00.578044,2,2,94.65,0.1,94.6,116,94.2,100,,,,,,,,,,,,,,,,,94.7,50,95.1,150,,,,,,,,,,,,,,,,
2026-06-29T01:00:00.745056+00:00,2026-06-29T11:00:00.744056,2,2,94.65,0.1,94.6,122,94.2,100,,,,,,,,,,,,,,,,,94.7,50,95.1,150,,,,,,,,,,,,,,,,
2026-06-29T01:00:00.789055+00:00,2026-06-29T11:00:00.787056,2,1,94.85,0.5,94.6,122,94.2,100,,,,,,,,,,,,,,,,,95.1,150,,,,,,,,,,,,,,,,,,
2026-06-29T01:00:00.921055+00:00,2026-06-29T11:00:00.910189,2,1,94.85,0.5,94.6,72,94.2,100,,,,,,,,,,,,,,,,,95.1,150,,,,,,,,,,,,,,,,,,
2026-06-29T01:00:01.350056+00:00,2026-06-29T11:00:01.341056,2,1,94.85,0.5,94.6,71,94.2,100,,,,,,,,,,,,,,,,,95.1,150,,,,,,,,,,,,,,,,,,
2026-06-29T01:00:01.658056+00:00,2026-06-29T11:00:01.653056,2,1,94.85,0.5,94.6,31,94.2,100,,,,,,,,,,,,,,,,,95.1,150,,,,,,,,,,,,,,,,,,
2026-06-29T01:00:02.946064+00:00,2026-06-29T11:00:02.942064,2,0,,,94.6,5,94.2,100,,,,,,,,,,,,,,,,,,,,,,,,,,,,,,,,,,,,
2026-06-29T01:00:03.001058+00:00,2026-06-29T11:00:02.995056,3,0,,,94.6,5,94.2,100,93.9,150,,,,,,,,,,,,,,,,,,,,,,,,,,,,,,,,,,
2026-06-29T01:00:03.056055+00:00,2026-06-29T11:00:03.048056,2,1,94.3,0.2,94.2,100,93.9,150,,,,,,,,,,,,,,,,,94.4,145,,,,,,,,,,,,,,,,,,
2026-06-29T01:00:03.210124+00:00,2026-06-29T11:00:03.199124,2,1,94.3,0.2,94.2,100,93.9,150,,,,,,,,,,,,,,,,,94.4,120,,,,,,,,,,,,,,,,,,
2026-06-29T01:00:03.221124+00:00,2026-06-29T11:00:03.210124,2,1,94.3,0.2,94.2,100,93.9,150,,,,,,,,,,,,,,,,,94.4,95,,,,,,,,,,,,,,,,,,
2026-06-29T01:00:03.419124+00:00,2026-06-29T11:00:03.416124,2,1,94.3,0.2,94.2,100,93.9,150,,,,,,,,,,,,,,,,,94.4,75,,,,,,,,,,,,,,,,,,
2026-06-29T01:00:03.430125+00:00,2026-06-29T11:00:03.427125,1,1,94.15,0.5,93.9,150,,,,,,,,,,,,,,,,,,,94.4,50,,,,,,,,,,,,,,,,,,
2026-06-29T01:00:03.485125+00:00,2026-06-29T11:00:03.480124,2,1,94.35,0.1,94.3,100,93.9,150,,,,,,,,,,,,,,,,,94.4,50,,,,,,,,,,,,,,,,,,
2026-06-29T01:00:03.540124+00:00,2026-06-29T11:00:03.534124,2,2,94.35,0.1,94.3,100,93.9,150,,,,,,,,,,,,,,,,,94.4,50,94.8,100,,,,,,,,,,,,,,,,
2026-06-29T01:00:03.639124+00:00,2026-06-29T11:00:03.632124,2,2,94.35,0.1,94.3,100,93.9,150,,,,,,,,,,,,,,,,,94.4,25,94.8,100,,,,,,,,,,,,,,,,
2026-06-29T01:00:03.749136+00:00,2026-06-29T11:00:03.748135,2,2,94.35,0.1,94.3,100,93.9,150,,,,,,,,,,,,,,,,,94.4,19,94.8,100,,,,,,,,,,,,,,,,
2026-06-29T01:00:03.848136+00:00,2026-06-29T11:00:03.843136,2,2,94.35,0.1,94.3,100,93.9,150,,,,,,,,,,,,,,,,,94.4,10,94.8,100,,,,,,,,,,,,,,,,
2026-06-29T01:00:04.662144+00:00,2026-06-29T11:00:04.654144,2,2,94.35,0.1,94.3,100,93.9,150,,,,,,,,,,,,,,,,,94.4,8,94.8,100,,,,,,,,,,,,,,,,
2026-06-29T01:00:04.805145+00:00,2026-06-29T11:00:04.799145,2,2,94.35,0.1,94.3,100,93.9,150,,,,,,,,,,,,,,,,,94.4,3,94.8,100,,,,,,,,,,,,,,,,
2026-06-29T01:00:04.970136+00:00,2026-06-29T11:00:04.963137,3,1,94.65,0.3,94.5,2,94.3,100,93.9,150,,,,,,,,,,,,,,,94.8,100,,,,,,,,,,,,,,,,,,
2026-06-29T01:00:05.091136+00:00,2026-06-29T11:00:05.087135,3,1,94.65,0.3,94.5,2,94.3,100,93.9,150,,,,,,,,,,,,,,,94.8,50,,,,,,,,,,,,,,,,,,
2026-06-29T01:00:06.103712+00:00,2026-06-29T11:00:06.101711,2,1,94.65,0.3,94.5,2,94.3,100,,,,,,,,,,,,,,,,,94.8,50,,,,,,,,,,,,,,,,,,
2026-06-29T01:00:06.158711+00:00,2026-06-29T11:00:06.154711,3,1,94.65,0.3,94.5,2,94.4,150,94.3,100,,,,,,,,,,,,,,,94.8,50,,,,,,,,,,,,,,,,,,
2026-06-29T01:00:06.213711+00:00,2026-06-29T11:00:06.207711,3,2,94.65,0.3,94.5,2,94.4,150,94.3,100,,,,,,,,,,,,,,,94.8,50,94.9,150,,,,,,,,,,,,,,,,
2026-06-29T01:00:06.598720+00:00,2026-06-29T11:00:06.597720,3,1,94.7,0.4,94.5,2,94.4,150,94.3,100,,,,,,,,,,,,,,,94.9,150,,,,,,,,,,,,,,,,,,
2026-06-29T01:00:06.609720+00:00,2026-06-29T11:00:06.599721,2,1,94.7,0.4,94.5,2,94.4,150,,,,,,,,,,,,,,,,,94.9,150,,,,,,,,,,,,,,,,,,
2026-06-29T01:00:06.653720+00:00,2026-06-29T11:00:06.652720,2,1,94.7,0.4,94.5,102,94.4,150,,,,,,,,,,,,,,,,,94.9,150,,,,,,,,,,,,,,,,,,
2026-06-29T01:00:06.708740+00:00,2026-06-29T11:00:06.705740,2,2,94.7,0.4,94.5,102,94.4,150,,,,,,,,,,,,,,,,,94.9,150,95.0,100,,,,,,,,,,,,,,,,
2026-06-29T01:00:07.280740+00:00,2026-06-29T11:00:07.274740,2,2,94.7,0.4,94.5,52,94.4,150,,,,,,,,,,,,,,,,,94.9,150,95.0,100,,,,,,,,,,,,,,,,
2026-06-29T01:00:07.940732+00:00,2026-06-29T11:00:07.937741,2,3,94.65,0.3,94.5,55,94.4,150,,,,,,,,,,,,,,,,,94.8,3,94.9,150,95.0,100,,,,,,,,,,,,,,
2026-06-29T01:00:09.270696+00:00,2026-06-29T11:00:09.264696,1,2,94.65,0.3,94.5,55,,,,,,,,,,,,,,,,,,,94.8,3,95.0,100,,,,,,,,,,,,,,,,
2026-06-29T01:00:09.325696+00:00,2026-06-29T11:00:09.316697,1,2,94.65,0.3,94.5,205,,,,,,,,,,,,,,,,,,,94.8,3,95.0,100,,,,,,,,,,,,,,,,
2026-06-29T01:00:09.336696+00:00,2026-06-29T11:00:09.329697,1,1,94.75,0.5,94.5,205,,,,,,,,,,,,,,,,,,,95.0,100,,,,,,,,,,,,,,,,,,
2026-06-29T01:00:09.369697+00:00,2026-06-29T11:00:09.368696,1,1,94.75,0.5,94.5,205,,,,,,,,,,,,,,,,,,,95.0,250,,,,,,,,,,,,,,,,,,
2026-06-29T01:00:09.765697+00:00,2026-06-29T11:00:09.762696,1,1,94.75,0.5,94.5,153,,,,,,,,,,,,,,,,,,,95.0,150,,,,,,,,,,,,,,,,,,
2026-06-29T01:00:09.820696+00:00,2026-06-29T11:00:09.815696,2,1,94.75,0.5,94.5,153,94.3,100,,,,,,,,,,,,,,,,,95.0,150,,,,,,,,,,,,,,,,,,
2026-06-29T01:00:09.875697+00:00,2026-06-29T11:00:09.871697,2,2,94.65,0.3,94.5,153,94.3,100,,,,,,,,,,,,,,,,,94.8,100,95.0,150,,,,,,,,,,,,,,,,
2026-06-29T01:00:11.514696+00:00,2026-06-29T11:00:11.509696,2,2,94.65,0.3,94.5,103,94.3,100,,,,,,,,,,,,,,,,,94.8,100,95.0,150,,,,,,,,,,,,,,,,
2026-06-29T01:00:11.613688+00:00,2026-06-29T11:00:11.613688,2,2,94.65,0.3,94.5,107,94.3,100,,,,,,,,,,,,,,,,,94.8,100,95.0,150,,,,,,,,,,,,,,,,
2026-06-29T01:00:11.668688+00:00,2026-06-29T11:00:11.665688,2,2,94.65,0.3,94.5,107,94.3,100,,,,,,,,,,,,,,,,,94.8,103,95.0,150,,,,,,,,,,,,,,,,
2026-06-29T01:00:12.229696+00:00,2026-06-29T11:00:12.226689,2,2,94.65,0.3,94.5,107,94.3,100,,,,,,,,,,,,,,,,,94.8,61,95.0,150,,,,,,,,,,,,,,,,
2026-06-29T01:00:12.427688+00:00,2026-06-29T11:00:12.427688,2,1,94.65,0.3,94.5,4,94.3,100,,,,,,,,,,,,,,,,,94.8,61,,,,,,,,,,,,,,,,,,
2026-06-29T01:00:12.482696+00:00,2026-06-29T11:00:12.477697,2,1,94.65,0.3,94.5,4,94.3,250,,,,,,,,,,,,,,,,,94.8,61,,,,,,,,,,,,,,,,,,
2026-06-29T01:00:12.537696+00:00,2026-06-29T11:00:12.529696,2,1,94.65,0.3,94.5,4,94.3,250,,,,,,,,,,,,,,,,,94.8,211,,,,,,,,,,,,,,,,,,
2026-06-29T01:00:12.691696+00:00,2026-06-29T11:00:12.690696,2,1,94.65,0.3,94.5,3,94.3,250,,,,,,,,,,,,,,,,,94.8,211,,,,,,,,,,,,,,,,,,
2026-06-29T01:00:12.933696+00:00,2026-06-29T11:00:12.924697,2,1,94.65,0.3,94.5,3,94.3,150,,,,,,,,,,,,,,,,,94.8,153,,,,,,,,,,,,,,,,,,
2026-06-29T01:00:12.988687+00:00,2026-06-29T11:00:12.978688,3,1,94.65,0.3,94.5,3,94.4,100,94.3,150,,,,,,,,,,,,,,,94.8,153,,,,,,,,,,,,,,,,,,
2026-06-29T01:00:13.032688+00:00,2026-06-29T11:00:13.031688,3,2,94.65,0.3,94.5,3,94.4,100,94.3,150,,,,,,,,,,,,,,,94.8,153,94.9,100,,,,,,,,,,,,,,,,
2026-06-29T01:00:13.571775+00:00,2026-06-29T11:00:13.567775,3,2,94.65,0.3,94.5,3,94.4,100,94.3,150,,,,,,,,,,,,,,,94.8,103,94.9,100,,,,,,,,,,,,,,,,
2026-06-29T01:00:13.857766+00:00,2026-06-29T11:00:13.856766,2,2,94.6,0.4,94.4,62,94.3,150,,,,,,,,,,,,,,,,,94.8,103,94.9,100,,,,,,,,,,,,,,,,
2026-06-29T01:00:15.111795+00:00,2026-06-29T11:00:15.103787,2,3,94.55,0.3,94.4,62,94.3,150,,,,,,,,,,,,,,,,,94.7,5,94.8,103,94.9,100,,,,,,,,,,,,,,
2026-06-29T01:00:15.177795+00:00,2026-06-29T11:00:15.170795,2,2,94.6,0.4,94.4,62,94.3,150,,,,,,,,,,,,,,,,,94.8,103,94.9,100,,,,,,,,,,,,,,,,
2026-06-29T01:00:15.595795+00:00,2026-06-29T11:00:15.585795,1,1,94.65,0.5,94.4,62,,,,,,,,,,,,,,,,,,,94.9,100,,,,,,,,,,,,,,,,,,
2026-06-29T01:00:15.650795+00:00,2026-06-29T11:00:15.640795,1,1,94.65,0.5,94.4,212,,,,,,,,,,,,,,,,,,,94.9,100,,,,,,,,,,,,,,,,,,
2026-06-29T01:00:15.705795+00:00,2026-06-29T11:00:15.700795,1,1,94.65,0.5,94.4,212,,,,,,,,,,,,,,,,,,,94.9,250,,,,,,,,,,,,,,,,,,
2026-06-29T01:00:15.760795+00:00,2026-06-29T11:00:15.752795,1,1,94.65,0.5,94.4,162,,,,,,,,,,,,,,,,,,,94.9,250,,,,,,,,,,,,,,,,,,
2026-06-29T01:00:15.881786+00:00,2026-06-29T11:00:15.874786,1,1,94.65,0.5,94.4,162,,,,,,,,,,,,,,,,,,,94.9,202,,,,,,,,,,,,,,,,,,
2026-06-29T01:00:16.024786+00:00,2026-06-29T11:00:16.023786,1,2,94.55,0.3,94.4,162,,,,,,,,,,,,,,,,,,,94.7,5,94.9,202,,,,,,,,,,,,,,,,
2026-06-29T01:00:16.090345+00:00,2026-06-29T11:00:16.086346,1,2,94.55,0.3,94.4,150,,,,,,,,,,,,,,,,,,,94.7,5,94.9,150,,,,,,,,,,,,,,,,
2026-06-29T01:00:16.145345+00:00,2026-06-29T11:00:16.138345,2,2,94.55,0.3,94.4,150,94.2,100,,,,,,,,,,,,,,,,,94.7,5,94.9,150,,,,,,,,,,,,,,,,
2026-06-29T01:00:16.200345+00:00,2026-06-29T11:00:16.191345,2,2,94.55,0.3,94.4,150,94.2,100,,,,,,,,,,,,,,,,,94.7,105,94.9,150,,,,,,,,,,,,,,,,
2026-06-29T01:00:17.464861+00:00,2026-06-29T11:00:17.454110,2,2,94.55,0.3,94.4,150,94.2,100,,,,,,,,,,,,,,,,,94.7,64,94.9,150,,,,,,,,,,,,,,,,
2026-06-29T01:00:17.519860+00:00,2026-06-29T11:00:17.511862,2,2,94.55,0.3,94.4,105,94.2,100,,,,,,,,,,,,,,,,,94.7,64,94.9,150,,,,,,,,,,,,,,,,
2026-06-29T01:00:17.860860+00:00,2026-06-29T11:00:17.859860,2,2,94.55,0.3,94.4,55,94.2,100,,,,,,,,,,,,,,,,,94.7,64,94.9,150,,,,,,,,,,,,,,,,
2026-06-29T01:00:18.047860+00:00,2026-06-29T11:00:18.046860,2,2,94.55,0.3,94.4,55,94.2,100,,,,,,,,,,,,,,,,,94.7,69,94.9,150,,,,,,,,,,,,,,,,
2026-06-29T01:00:18.124431+00:00,2026-06-29T11:00:18.123860,2,2,94.55,0.3,94.4,56,94.2,100,,,,,,,,,,,,,,,,,94.7,69,94.9,150,,,,,,,,,,,,,,,,
2026-06-29T01:00:18.211968+00:00,2026-06-29T11:00:18.204967,2,2,94.55,0.3,94.4,55,94.2,100,,,,,,,,,,,,,,,,,94.7,69,94.9,150,,,,,,,,,,,,,,,,
2026-06-29T01:00:18.629967+00:00,2026-06-29T11:00:18.619967,2,2,94.55,0.3,94.4,12,94.2,100,,,,,,,,,,,,,,,,,94.7,69,94.9,150,,,,,,,,,,,,,,,,
2026-06-29T01:00:18.761968+00:00,2026-06-29T11:00:18.754968,1,1,94.45,0.5,94.2,100,,,,,,,,,,,,,,,,,,,94.7,69,,,,,,,,,,,,,,,,,,
2026-06-29T01:00:18.816968+00:00,2026-06-29T11:00:18.806968,2,1,94.45,0.5,94.2,100,93.8,150,,,,,,,,,,,,,,,,,94.7,69,,,,,,,,,,,,,,,,,,
2026-06-29T01:00:18.860968+00:00,2026-06-29T11:00:18.859967,2,2,94.25,0.1,94.2,100,93.8,150,,,,,,,,,,,,,,,,,94.3,150,94.7,69,,,,,,,,,,,,,,,,
2026-06-29T01:00:19.245976+00:00,2026-06-29T11:00:19.243977,2,2,94.25,0.1,94.2,100,93.8,150,,,,,,,,,,,,,,,,,94.3,150,94.7,5,,,,,,,,,,,,,,,,
2026-06-29T01:00:19.256977+00:00,2026-06-29T11:00:19.254976,1,2,94.05,0.5,93.8,150,,,,,,,,,,,,,,,,,,,94.3,150,94.7,5,,,,,,,,,,,,,,,,
2026-06-29T01:00:19.344977+00:00,2026-06-29T11:00:19.335977,1,2,94.05,0.5,93.8,150,,,,,,,,,,,,,,,,,,,94.3,50,94.7,5,,,,,,,,,,,,,,,,
2026-06-29T01:00:19.399976+00:00,2026-06-29T11:00:19.391977,1,3,94.05,0.5,93.8,150,,,,,,,,,,,,,,,,,,,94.3,50,94.7,5,94.8,100,,,,,,,,,,,,,,
2026-06-29T01:00:19.850967+00:00,2026-06-29T11:00:19.840967,1,3,94.05,0.5,93.8,150,,,,,,,,,,,,,,,,,,,94.3,49,94.7,5,94.8,100,,,,,,,,,,,,,,
2026-06-29T01:00:19.950106+00:00,2026-06-29T11:00:19.943106,2,2,94.55,0.3,94.4,1,93.8,150,,,,,,,,,,,,,,,,,94.7,4,94.8,100,,,,,,,,,,,,,,,,
2026-06-29T01:00:20.522106+00:00,2026-06-29T11:00:20.518106,2,1,94.6,0.4,94.4,1,93.8,150,,,,,,,,,,,,,,,,,94.8,62,,,,,,,,,,,,,,,,,,
2026-06-29T01:00:21.006097+00:00,2026-06-29T11:00:21.001097,2,2,94.55,0.3,94.4,1,93.8,150,,,,,,,,,,,,,,,,,94.7,4,94.8,62,,,,,,,,,,,,,,,,
2026-06-29T01:00:21.578097+00:00,2026-06-29T11:00:21.576097,2,1,94.6,0.4,94.4,1,93.8,150,,,,,,,,,,,,,,,,,94.8,26,,,,,,,,,,,,,,,,,,
2026-06-29T01:00:21.919106+00:00,2026-06-29T11:00:21.918106,1,2,94.55,0.3,94.4,1,,,,,,,,,,,,,,,,,,,94.7,4,94.8,26,,,,,,,,,,,,,,,,
2026-06-29T01:00:21.974106+00:00,2026-06-29T11:00:21.966106,1,2,94.55,0.3,94.4,151,,,,,,,,,,,,,,,,,,,94.7,4,94.8,26,,,,,,,,,,,,,,,,
2026-06-29T01:00:22.029106+00:00,2026-06-29T11:00:22.018106,1,3,94.55,0.3,94.4,151,,,,,,,,,,,,,,,,,,,94.7,4,94.8,26,94.9,150,,,,,,,,,,,,,,
2026-06-29T01:00:22.106106+00:00,2026-06-29T11:00:22.102106,1,3,94.55,0.3,94.4,101,,,,,,,,,,,,,,,,,,,94.7,4,94.8,26,94.9,150,,,,,,,,,,,,,,
2026-06-29T01:00:22.117107+00:00,2026-06-29T11:00:22.113106,1,3,94.55,0.3,94.4,103,,,,,,,,,,,,,,,,,,,94.7,4,94.8,26,94.9,150,,,,,,,,,,,,,,
2026-06-29T01:00:22.238106+00:00,2026-06-29T11:00:22.227106,1,3,94.55,0.3,94.4,59,,,,,,,,,,,,,,,,,,,94.7,4,94.8,26,94.9,150,,,,,,,,,,,,,,
2026-06-29T01:00:22.458106+00:00,2026-06-29T11:00:22.456097,1,2,94.55,0.3,94.4,59,,,,,,,,,,,,,,,,,,,94.7,4,94.9,150,,,,,,,,,,,,,,,,
2026-06-29T01:00:22.502106+00:00,2026-06-29T11:00:22.500106,2,2,94.55,0.3,94.4,59,94.0,100,,,,,,,,,,,,,,,,,94.7,4,94.9,150,,,,,,,,,,,,,,,,
2026-06-29T01:00:22.557106+00:00,2026-06-29T11:00:22.554097,2,3,94.45,0.1,94.4,59,94.0,100,,,,,,,,,,,,,,,,,94.5,100,94.7,4,94.9,150,,,,,,,,,,,,,,
2026-06-29T01:00:23.227189+00:00,2026-06-29T11:00:23.224198,2,3,94.45,0.1,94.4,58,94.0,100,,,,,,,,,,,,,,,,,94.5,100,94.7,4,94.9,150,,,,,,,,,,,,,,
2026-06-29T01:00:24.162198+00:00,2026-06-29T11:00:24.157198,2,3,94.45,0.1,94.4,57,94.0,100,,,,,,,,,,,,,,,,,94.5,100,94.7,4,94.9,150,,,,,,,,,,,,,,
2026-06-29T01:00:24.217198+00:00,2026-06-29T11:00:24.209198,2,3,94.45,0.1,94.4,7,94.0,100,,,,,,,,,,,,,,,,,94.5,100,94.7,4,94.9,150,,,,,,,,,,,,,,
2026-06-29T01:00:25.075218+00:00,2026-06-29T11:00:25.073218,1,2,94.25,0.5,94.0,100,,,,,,,,,,,,,,,,,,,94.5,100,94.7,4,,,,,,,,,,,,,,,,
2026-06-29T01:00:25.130218+00:00,2026-06-29T11:00:25.125218,1,2,94.25,0.5,94.0,250,,,,,,,,,,,,,,,,,,,94.5,100,94.7,4,,,,,,,,,,,,,,,,
2026-06-29T01:00:25.185218+00:00,2026-06-29T11:00:25.178218,1,2,94.25,0.5,94.0,250,,,,,,,,,,,,,,,,,,,94.5,250,94.7,4,,,,,,,,,,,,,,,,
2026-06-29T01:00:25.614218+00:00,2026-06-29T11:00:25.610218,1,2,94.25,0.5,94.0,150,,,,,,,,,,,,,,,,,,,94.5,150,94.7,4,,,,,,,,,,,,,,,,
2026-06-29T01:00:25.669218+00:00,2026-06-29T11:00:25.663218,2,2,94.45,0.1,94.4,100,94.0,150,,,,,,,,,,,,,,,,,94.5,150,94.7,4,,,,,,,,,,,,,,,,
2026-06-29T01:00:25.724218+00:00,2026-06-29T11:00:25.717218,2,3,94.45,0.1,94.4,100,94.0,150,,,,,,,,,,,,,,,,,94.5,150,94.7,4,94.9,100,,,,,,,,,,,,,,
2026-06-29T01:00:26.273776+00:00,2026-06-29T11:00:26.265776,2,3,94.45,0.1,94.4,100,94.0,150,,,,,,,,,,,,,,,,,94.5,100,94.7,4,94.9,100,,,,,,,,,,,,,,
2026-06-29T01:00:28.242354+00:00,2026-06-29T11:00:28.238354,1,2,94.55,0.3,94.4,100,,,,,,,,,,,,,,,,,,,94.7,4,94.9,100,,,,,,,,,,,,,,,,
2026-06-29T01:00:28.297354+00:00,2026-06-29T11:00:28.290354,2,2,94.55,0.3,94.4,100,94.2,150,,,,,,,,,,,,,,,,,94.7,4,94.9,100,,,,,,,,,,,,,,,,
2026-06-29T01:00:28.352354+00:00,2026-06-29T11:00:28.342355,2,2,94.55,0.3,94.4,100,94.2,150,,,,,,,,,,,,,,,,,94.7,154,94.9,100,,,,,,,,,,,,,,,,
2026-06-29T01:00:28.385354+00:00,2026-06-29T11:00:28.375354,2,2,94.55,0.3,94.4,100,94.2,150,,,,,,,,,,,,,,,,,94.7,104,94.9,100,,,,,,,,,,,,,,,,
2026-06-29T01:00:28.407354+00:00,2026-06-29T11:00:28.406354,2,2,94.55,0.3,94.4,100,94.2,150,,,,,,,,,,,,,,,,,94.7,109,94.9,100,,,,,,,,,,,,,,,,
2026-06-29T01:00:28.528354+00:00,2026-06-29T11:00:28.527345,2,2,94.55,0.3,94.4,101,94.2,150,,,,,,,,,,,,,,,,,94.7,109,94.9,100,,,,,,,,,,,,,,,,
2026-06-29T01:00:28.781354+00:00,2026-06-29T11:00:28.774354,2,1,94.55,0.3,94.4,1,94.2,150,,,,,,,,,,,,,,,,,94.7,109,,,,,,,,,,,,,,,,,,
2026-06-29T01:00:28.836354+00:00,2026-06-29T11:00:28.826354,3,1,94.55,0.3,94.4,1,94.3,100,94.2,150,,,,,,,,,,,,,,,94.7,109,,,,,,,,,,,,,,,,,,
2026-06-29T01:00:28.891354+00:00,2026-06-29T11:00:28.880492,3,2,94.55,0.3,94.4,1,94.3,100,94.2,150,,,,,,,,,,,,,,,94.7,109,94.8,100,,,,,,,,,,,,,,,,
2026-06-29T01:00:30.090354+00:00,2026-06-29T11:00:30.087354,2,2,94.5,0.4,94.3,100,94.2,150,,,,,,,,,,,,,,,,,94.7,109,94.8,100,,,,,,,,,,,,,,,,
2026-06-29T01:00:30.541354+00:00,2026-06-29T11:00:30.531354,2,2,94.5,0.4,94.3,50,94.2,150,,,,,,,,,,,,,,,,,94.7,109,94.8,100,,,,,,,,,,,,,,,,
2026-06-29T01:00:31.277727+00:00,2026-06-29T11:00:31.276727,2,2,94.5,0.4,94.3,50,94.2,150,,,,,,,,,,,,,,,,,94.7,60,94.8,100,,,,,,,,,,,,,,,,
2026-06-29T01:00:31.398727+00:00,2026-06-29T11:00:31.395727,2,2,94.5,0.4,94.3,50,94.2,150,,,,,,,,,,,,,,,,,94.7,5,94.8,100,,,,,,,,,,,,,,,,
2026-06-29T01:00:31.409727+00:00,2026-06-29T11:00:31.401727,1,2,94.5,0.4,94.3,50,,,,,,,,,,,,,,,,,,,94.7,5,94.8,100,,,,,,,,,,,,,,,,
2026-06-29T01:00:31.453727+00:00,2026-06-29T11:00:31.449727,2,2,94.65,0.1,94.6,150,94.3,50,,,,,,,,,,,,,,,,,94.7,5,94.8,100,,,,,,,,,,,,,,,,
2026-06-29T01:00:31.508727+00:00,2026-06-29T11:00:31.503718,2,3,94.65,0.1,94.6,150,94.3,50,,,,,,,,,,,,,,,,,94.7,5,94.8,100,95.1,150,,,,,,,,,,,,,,
2026-06-29T01:00:31.805727+00:00,2026-06-29T11:00:31.802727,2,2,94.7,0.2,94.6,150,94.3,50,,,,,,,,,,,,,,,,,94.8,100,95.1,150,,,,,,,,,,,,,,,,
2026-06-29T01:00:31.937727+00:00,2026-06-29T11:00:31.935727,1,1,94.85,0.5,94.6,150,,,,,,,,,,,,,,,,,,,95.1,150,,,,,,,,,,,,,,,,,,
2026-06-29T01:00:31.992727+00:00,2026-06-29T11:00:31.987727,2,1,94.85,0.5,94.6,150,94.2,100,,,,,,,,,,,,,,,,,95.1,150,,,,,,,,,,,,,,,,,,
2026-06-29T01:00:32.047727+00:00,2026-06-29T11:00:32.044727,2,2,94.65,0.1,94.6,150,94.2,100,,,,,,,,,,,,,,,,,94.7,100,95.1,150,,,,,,,,,,,,,,,,
2026-06-29T01:00:32.597727+00:00,2026-06-29T11:00:32.586727,2,2,94.65,0.1,94.6,150,94.2,100,,,,,,,,,,,,,,,,,94.7,50,95.1,150,,,,,,,,,,,,,,,,
2026-06-29T01:00:32.718727+00:00,2026-06-29T11:00:32.715727,2,2,94.65,0.1,94.6,100,94.2,100,,,,,,,,,,,,,,,,,94.7,50,95.1,150,,,,,,,,,,,,,,,,
2026-06-29T01:00:32.927727+00:00,2026-06-29T11:00:32.926727,2,2,94.65,0.1,94.6,50,94.2,100,,,,,,,,,,,,,,,,,94.7,50,95.1,150,,,,,,,,,,,,,,,,
2026-06-29T01:00:33.136274+00:00,2026-06-29T11:00:33.136274,1,2,94.45,0.5,94.2,100,,,,,,,,,,,,,,,,,,,94.7,50,95.1,150,,,,,,,,,,,,,,,,
2026-06-29T01:00:34.566282+00:00,2026-06-29T11:00:34.559282,1,1,94.45,0.5,94.2,100,,,,,,,,,,,,,,,,,,,94.7,50,,,,,,,,,,,,,,,,,,
2026-06-29T01:00:34.621281+00:00,2026-06-29T11:00:34.612282,2,1,94.45,0.5,94.2,100,93.8,150,,,,,,,,,,,,,,,,,94.7,50,,,,,,,,,,,,,,,,,,
2026-06-29T01:00:34.676282+00:00,2026-06-29T11:00:34.667282,2,2,94.25,0.1,94.2,100,93.8,150,,,,,,,,,,,,,,,,,94.3,150,94.7,50,,,,,,,,,,,,,,,,
2026-06-29T01:00:34.709282+00:00,2026-06-29T11:00:34.704282,2,2,94.25,0.1,94.2,100,93.8,150,,,,,,,,,,,,,,,,,94.3,100,94.7,50,,,,,,,,,,,,,,,,
2026-06-29T01:00:34.753282+00:00,2026-06-29T11:00:34.752282,2,2,94.25,0.1,94.2,100,93.8,150,,,,,,,,,,,,,,,,,94.3,75,94.7,50,,,,,,,,,,,,,,,,
2026-06-29T01:00:34.764282+00:00,2026-06-29T11:00:34.760273,2,2,94.25,0.1,94.2,100,93.8,150,,,,,,,,,,,,,,,,,94.3,50,94.7,50,,,,,,,,,,,,,,,,
2026-06-29T01:00:34.973282+00:00,2026-06-29T11:00:34.972282,2,1,94.45,0.5,94.2,100,93.8,150,,,,,,,,,,,,,,,,,94.7,50,,,,,,,,,,,,,,,,,,
2026-06-29T01:00:35.017282+00:00,2026-06-29T11:00:35.006282,2,1,94.45,0.5,94.2,58,93.8,150,,,,,,,,,,,,,,,,,94.7,50,,,,,,,,,,,,,,,,,,
2026-06-29T01:00:35.105282+00:00,2026-06-29T11:00:35.104282,1,0,,,93.8,150,,,,,,,,,,,,,,,,,,,,,,,,,,,,,,,,,,,,,,
2026-06-29T01:00:35.160302+00:00,2026-06-29T11:00:35.157302,2,0,,,94.0,100,93.8,150,,,,,,,,,,,,,,,,,,,,,,,,,,,,,,,,,,,,
2026-06-29T01:00:35.215302+00:00,2026-06-29T11:00:35.211302,2,1,94.25,0.5,94.0,100,93.8,150,,,,,,,,,,,,,,,,,94.5,100,,,,,,,,,,,,,,,,,,
2026-06-29T01:00:37.722863+00:00,2026-06-29T11:00:37.719864,1,1,94.25,0.5,94.0,100,,,,,,,,,,,,,,,,,,,94.5,100,,,,,,,,,,,,,,,,,,
2026-06-29T01:00:37.777863+00:00,2026-06-29T11:00:37.772864,2,1,94.4,0.2,94.3,150,94.0,100,,,,,,,,,,,,,,,,,94.5,100,,,,,,,,,,,,,,,,,,
2026-06-29T01:00:37.832864+00:00,2026-06-29T11:00:37.824863,2,2,94.4,0.2,94.3,150,94.0,100,,,,,,,,,,,,,,,,,94.5,100,94.8,150,,,,,,,,,,,,,,,,
2026-06-29T01:00:37.997854+00:00,2026-06-29T11:00:37.992854,2,3,94.35,0.1,94.3,150,94.0,100,,,,,,,,,,,,,,,,,94.4,5,94.5,100,94.8,150,,,,,,,,,,,,,,
2026-06-29T01:00:38.271712+00:00,2026-06-29T11:00:38.267712,1,2,94.35,0.1,94.3,150,,,,,,,,,,,,,,,,,,,94.4,5,94.8,150,,,,,,,,,,,,,,,,
2026-06-29T01:00:38.326712+00:00,2026-06-29T11:00:38.320712,2,2,94.35,0.1,94.3,150,94.0,100,,,,,,,,,,,,,,,,,94.4,5,94.8,150,,,,,,,,,,,,,,,,
2026-06-29T01:00:38.381721+00:00,2026-06-29T11:00:38.372721,2,3,94.35,0.1,94.3,150,94.0,100,,,,,,,,,,,,,,,,,94.4,5,94.5,100,94.8,150,,,,,,,,,,,,,,
2026-06-29T01:00:39.393722+00:00,2026-06-29T11:00:39.390721,2,2,94.4,0.2,94.3,150,94.0,100,,,,,,,,,,,,,,,,,94.5,100,94.8,150,,,,,,,,,,,,,,,,
2026-06-29T01:00:39.404721+00:00,2026-06-29T11:00:39.393722,2,2,94.4,0.2,94.3,150,94.0,100,,,,,,,,,,,,,,,,,94.5,98,94.8,150,,,,,,,,,,,,,,,,
2026-06-29T01:00:39.492721+00:00,2026-06-29T11:00:39.484712,2,2,94.4,0.2,94.3,150,94.0,100,,,,,,,,,,,,,,,,,94.5,55,94.8,150,,,,,,,,,,,,,,,,
2026-06-29T01:00:39.613721+00:00,2026-06-29T11:00:39.611713,2,2,94.4,0.2,94.3,150,94.0,100,,,,,,,,,,,,,,,,,94.5,53,94.8,150,,,,,,,,,,,,,,,,
2026-06-29T01:00:39.822721+00:00,2026-06-29T11:00:39.818721,2,2,94.4,0.2,94.3,150,94.0,100,,,,,,,,,,,,,,,,,94.5,51,94.8,150,,,,,,,,,,,,,,,,
2026-06-29T01:00:40.020714+00:00,2026-06-29T11:00:40.017714,2,2,94.4,0.2,94.3,150,94.0,100,,,,,,,,,,,,,,,,,94.5,49,94.8,150,,,,,,,,,,,,,,,,
2026-06-29T01:00:40.229218+00:00,2026-06-29T11:00:40.222712,2,2,94.4,0.2,94.3,150,94.0,100,,,,,,,,,,,,,,,,,94.5,47,94.8,150,,,,,,,,,,,,,,,,
2026-06-29T01:00:40.427228+00:00,2026-06-29T11:00:40.427228,2,2,94.4,0.2,94.3,150,94.0,100,,,,,,,,,,,,,,,,,94.5,45,94.8,150,,,,,,,,,,,,,,,,
2026-06-29T01:00:40.647236+00:00,2026-06-29T11:00:40.636236,2,2,94.4,0.2,94.3,150,94.0,100,,,,,,,,,,,,,,,,,94.5,43,94.8,150,,,,,,,,,,,,,,,,
2026-06-29T01:00:40.845236+00:00,2026-06-29T11:00:40.844229,2,2,94.4,0.2,94.3,150,94.0,100,,,,,,,,,,,,,,,,,94.5,41,94.8,150,,,,,,,,,,,,,,,,
2026-06-29T01:00:40.900236+00:00,2026-06-29T11:00:40.895236,1,1,94.25,0.5,94.0,100,,,,,,,,,,,,,,,,,,,94.5,41,,,,,,,,,,,,,,,,,,
2026-06-29T01:00:40.955236+00:00,2026-06-29T11:00:40.945236,2,0,,,94.6,109,94.0,100,,,,,,,,,,,,,,,,,,,,,,,,,,,,,,,,,,,,
2026-06-29T01:00:40.999236+00:00,2026-06-29T11:00:40.994236,2,1,94.85,0.5,94.6,109,94.0,100,,,,,,,,,,,,,,,,,95.1,150,,,,,,,,,,,,,,,,,,
2026-06-29T01:00:41.043236+00:00,2026-06-29T11:00:41.033236,2,1,94.85,0.5,94.6,109,94.0,100,,,,,,,,,,,,,,,,,95.1,100,,,,,,,,,,,,,,,,,,
2026-06-29T01:00:41.461236+00:00,2026-06-29T11:00:41.451236,1,1,94.85,0.5,94.6,109,,,,,,,,,,,,,,,,,,,95.1,100,,,,,,,,,,,,,,,,,,
2026-06-29T01:00:41.516236+00:00,2026-06-29T11:00:41.507236,2,1,94.85,0.5,94.6,109,94.5,100,,,,,,,,,,,,,,,,,95.1,100,,,,,,,,,,,,,,,,,,
2026-06-29T01:00:41.549236+00:00,2026-06-29T11:00:41.545229,2,2,94.8,0.4,94.6,109,94.5,100,,,,,,,,,,,,,,,,,95.0,100,95.1,100,,,,,,,,,,,,,,,,
2026-06-29T01:00:41.879236+00:00,2026-06-29T11:00:41.877236,3,2,94.8,0.4,94.6,109,94.5,100,94.1,4,,,,,,,,,,,,,,,95.0,100,95.1,100,,,,,,,,,,,,,,,,
2026-06-29T01:00:43.902391+00:00,2026-06-29T11:00:43.898391,3,2,94.8,0.4,94.6,109,94.5,100,94.1,3,,,,,,,,,,,,,,,95.0,100,95.1,100,,,,,,,,,,,,,,,,
2026-06-29T01:00:44.045390+00:00,2026-06-29T11:00:44.042391,1,1,94.75,0.5,94.5,100,,,,,,,,,,,,,,,,,,,95.0,100,,,,,,,,,,,,,,,,,,
2026-06-29T01:00:44.100391+00:00,2026-06-29T11:00:44.093390,1,1,94.75,0.5,94.5,250,,,,,,,,,,,,,,,,,,,95.0,100,,,,,,,,,,,,,,,,,,
2026-06-29T01:00:44.155390+00:00,2026-06-29T11:00:44.148390,1,1,94.75,0.5,94.5,250,,,,,,,,,,,,,,,,,,,95.0,250,,,,,,,,,,,,,,,,,,
2026-06-29T01:00:44.595390+00:00,2026-06-29T11:00:44.589390,1,1,94.75,0.5,94.5,150,,,,,,,,,,,,,,,,,,,95.0,150,,,,,,,,,,,,,,,,,,
2026-06-29T01:00:44.650390+00:00,2026-06-29T11:00:44.642390,1,1,94.75,0.5,94.5,250,,,,,,,,,,,,,,,,,,,95.0,150,,,,,,,,,,,,,,,,,,
2026-06-29T01:00:44.705390+00:00,2026-06-29T11:00:44.694390,1,1,94.75,0.5,94.5,250,,,,,,,,,,,,,,,,,,,95.0,250,,,,,,,,,,,,,,,,,,
2026-06-29T01:00:45.299391+00:00,2026-06-29T11:00:45.295391,1,1,94.75,0.5,94.5,200,,,,,,,,,,,,,,,,,,,95.0,250,,,,,,,,,,,,,,,,,,
2026-06-29T01:00:47.123977+00:00,2026-06-29T11:00:47.122977,1,2,94.55,0.1,94.5,200,,,,,,,,,,,,,,,,,,,94.6,5,95.0,250,,,,,,,,,,,,,,,,
2026-06-29T01:00:47.211977+00:00,2026-06-29T11:00:47.209977,1,2,94.55,0.1,94.5,200,,,,,,,,,,,,,,,,,,,94.6,5,95.0,100,,,,,,,,,,,,,,,,
2026-06-29T01:00:47.222977+00:00,2026-06-29T11:00:47.211977,1,2,94.55,0.1,94.5,100,,,,,,,,,,,,,,,,,,,94.6,5,95.0,100,,,,,,,,,,,,,,,,
2026-06-29T01:00:47.277977+00:00,2026-06-29T11:00:47.272977,2,2,94.55,0.1,94.5,100,94.2,150,,,,,,,,,,,,,,,,,94.6,5,95.0,100,,,,,,,,,,,,,,,,
2026-06-29T01:00:47.343978+00:00,2026-06-29T11:00:47.333986,2,3,94.55,0.1,94.5,100,94.2,150,,,,,,,,,,,,,,,,,94.6,5,94.7,150,95.0,100,,,,,,,,,,,,,,
2026-06-29T01:00:47.387977+00:00,2026-06-29T11:00:47.377977,2,2,94.6,0.2,94.5,100,94.2,150,,,,,,,,,,,,,,,,,94.7,105,95.0,100,,,,,,,,,,,,,,,,
2026-06-29T01:00:47.772986+00:00,2026-06-29T11:00:47.768977,1,1,94.45,0.5,94.2,150,,,,,,,,,,,,,,,,,,,94.7,105,,,,,,,,,,,,,,,,,,
2026-06-29T01:00:47.827986+00:00,2026-06-29T11:00:47.821986,2,1,94.5,0.4,94.3,100,94.2,150,,,,,,,,,,,,,,,,,94.7,105,,,,,,,,,,,,,,,,,,
2026-06-29T01:00:47.893986+00:00,2026-06-29T11:00:47.885986,2,2,94.5,0.4,94.3,100,94.2,150,,,,,,,,,,,,,,,,,94.7,105,94.8,100,,,,,,,,,,,,,,,,
2026-06-29T01:00:48.156788+00:00,2026-06-29T11:00:48.151788,2,2,94.5,0.4,94.3,56,94.2,150,,,,,,,,,,,,,,,,,94.7,105,94.8,100,,,,,,,,,,,,,,,,
2026-06-29T01:00:48.420788+00:00,2026-06-29T11:00:48.413788,2,3,94.45,0.3,94.3,56,94.2,150,,,,,,,,,,,,,,,,,94.6,5,94.7,105,94.8,100,,,,,,,,,,,,,,
2026-06-29T01:00:48.816788+00:00,2026-06-29T11:00:48.812788,2,3,94.45,0.3,94.3,15,94.2,150,,,,,,,,,,,,,,,,,94.6,5,94.7,105,94.8,100,,,,,,,,,,,,,,
2026-06-29T01:00:49.443788+00:00,2026-06-29T11:00:49.435788,2,2,94.5,0.4,94.3,15,94.2,150,,,,,,,,,,,,,,,,,94.7,63,94.8,100,,,,,,,,,,,,,,,,
2026-06-29T01:00:49.498788+00:00,2026-06-29T11:00:49.497788,2,2,94.5,0.4,94.3,15,94.2,150,,,,,,,,,,,,,,,,,94.7,13,94.8,100,,,,,,,,,,,,,,,,
2026-06-29T01:00:50.015788+00:00,2026-06-29T11:00:50.014788,1,2,94.45,0.5,94.2,119,,,,,,,,,,,,,,,,,,,94.7,13,94.8,100,,,,,,,,,,,,,,,,
2026-06-29T01:00:50.377898+00:00,2026-06-29T11:00:50.372780,0,1,,,,,,,,,,,,,,,,,,,,,,,94.8,100,,,,,,,,,,,,,,,,,,
2026-06-29T01:00:50.421312+00:00,2026-06-29T11:00:50.419312,1,0,,,94.8,50,,,,,,,,,,,,,,,,,,,,,,,,,,,,,,,,,,,,,,
2026-06-29T01:00:50.476312+00:00,2026-06-29T11:00:50.474312,1,1,95.05,0.5,94.8,50,,,,,,,,,,,,,,,,,,,95.3,150,,,,,,,,,,,,,,,,,,
2026-06-29T01:00:50.487313+00:00,2026-06-29T11:00:50.481312,1,1,95.05,0.5,94.8,25,,,,,,,,,,,,,,,,,,,95.3,150,,,,,,,,,,,,,,,,,,
2026-06-29T01:00:50.641321+00:00,2026-06-29T11:00:50.634321,1,1,95.05,0.5,94.8,15,,,,,,,,,,,,,,,,,,,95.3,150,,,,,,,,,,,,,,,,,,
2026-06-29T01:00:50.839321+00:00,2026-06-29T11:00:50.837321,1,1,95.05,0.5,94.8,5,,,,,,,,,,,,,,,,,,,95.3,150,,,,,,,,,,,,,,,,,,
2026-06-29T01:00:50.982321+00:00,2026-06-29T11:00:50.977321,2,1,95.05,0.5,94.8,5,94.5,100,,,,,,,,,,,,,,,,,95.3,150,,,,,,,,,,,,,,,,,,
2026-06-29T01:00:51.048321+00:00,2026-06-29T11:00:51.039321,2,2,94.9,0.2,94.8,5,94.5,100,,,,,,,,,,,,,,,,,95.0,100,95.3,150,,,,,,,,,,,,,,,,
2026-06-29T01:00:51.587313+00:00,2026-06-29T11:00:51.579313,2,2,94.9,0.2,94.8,5,94.5,100,,,,,,,,,,,,,,,,,95.0,50,95.3,150,,,,,,,,,,,,,,,,
2026-06-29T01:00:51.873312+00:00,2026-06-29T11:00:51.864313,2,2,94.9,0.2,94.8,5,94.5,100,,,,,,,,,,,,,,,,,95.0,9,95.3,150,,,,,,,,,,,,,,,,
2026-06-29T01:00:52.753321+00:00,2026-06-29T11:00:52.742321,2,1,95.05,0.5,94.8,5,94.5,100,,,,,,,,,,,,,,,,,95.3,150,,,,,,,,,,,,,,,,,,
2026-06-29T01:00:53.533509+00:00,2026-06-29T11:00:53.529509,1,0,,,94.5,100,,,,,,,,,,,,,,,,,,,,,,,,,,,,,,,,,,,,,,
2026-06-29T01:00:53.588509+00:00,2026-06-29T11:00:53.582510,2,0,,,94.5,100,94.3,150,,,,,,,,,,,,,,,,,,,,,,,,,,,,,,,,,,,,
2026-06-29T01:00:53.643510+00:00,2026-06-29T11:00:53.635510,2,1,94.65,0.3,94.5,100,94.3,150,,,,,,,,,,,,,,,,,94.8,150,,,,,,,,,,,,,,,,,,
2026-06-29T01:00:54.083509+00:00,2026-06-29T11:00:54.081502,1,1,94.55,0.5,94.3,150,,,,,,,,,,,,,,,,,,,94.8,150,,,,,,,,,,,,,,,,,,
2026-06-29T01:00:54.138510+00:00,2026-06-29T11:00:54.134510,1,1,94.55,0.5,94.3,150,,,,,,,,,,,,,,,,,,,94.8,50,,,,,,,,,,,,,,,,,,
2026-06-29T01:00:54.193509+00:00,2026-06-29T11:00:54.187509,1,2,94.55,0.5,94.3,150,,,,,,,,,,,,,,,,,,,94.8,50,95.3,100,,,,,,,,,,,,,,,,
2026-06-29T01:00:56.337601+00:00,2026-06-29T11:00:56.326601,1,2,94.55,0.5,94.3,150,,,,,,,,,,,,,,,,,,,94.8,4,95.3,100,,,,,,,,,,,,,,,,
2026-06-29T01:00:56.689601+00:00,2026-06-29T11:00:56.687601,1,1,94.8,1.0,94.3,150,,,,,,,,,,,,,,,,,,,95.3,100,,,,,,,,,,,,,,,,,,
2026-06-29T01:00:56.700600+00:00,2026-06-29T11:00:56.689764,0,1,,,,,,,,,,,,,,,,,,,,,,,95.3,100,,,,,,,,,,,,,,,,,,
2026-06-29T01:00:56.744600+00:00,2026-06-29T11:00:56.742601,1,1,95.05,0.5,94.8,150,,,,,,,,,,,,,,,,,,,95.3,100,,,,,,,,,,,,,,,,,,
2026-06-29T01:00:56.799610+00:00,2026-06-29T11:00:56.794609,1,1,95.05,0.5,94.8,150,,,,,,,,,,,,,,,,,,,95.3,250,,,,,,,,,,,,,,,,,,
2026-06-29T01:00:57.250609+00:00,2026-06-29T11:00:57.241610,1,1,95.05,0.5,94.8,150,,,,,,,,,,,,,,,,,,,95.3,150,,,,,,,,,,,,,,,,,,
2026-06-29T01:00:57.294610+00:00,2026-06-29T11:00:57.293610,2,1,95.05,0.5,94.8,150,94.5,100,,,,,,,,,,,,,,,,,95.3,150,,,,,,,,,,,,,,,,,,
2026-06-29T01:00:57.349610+00:00,2026-06-29T11:00:57.346609,2,2,94.9,0.2,94.8,150,94.5,100,,,,,,,,,,,,,,,,,95.0,100,95.3,150,,,,,,,,,,,,,,,,
2026-06-29T01:00:57.910610+00:00,2026-06-29T11:00:57.905610,2,2,94.9,0.2,94.8,146,94.5,100,,,,,,,,,,,,,,,,,95.0,100,95.3,150,,,,,,,,,,,,,,,,
2026-06-29T01:00:57.954610+00:00,2026-06-29T11:00:57.949610,2,2,94.9,0.2,94.8,96,94.5,100,,,,,,,,,,,,,,,,,95.0,100,95.3,150,,,,,,,,,,,,,,,,
2026-06-29T01:00:59.857746+00:00,2026-06-29T11:00:59.851736,1,1,94.75,0.5,94.5,100,,,,,,,,,,,,,,,,,,,95.0,100,,,,,,,,,,,,,,,,,,
2026-06-29T01:00:59.912745+00:00,2026-06-29T11:00:59.906745,2,1,94.85,0.3,94.7,150,94.5,100,,,,,,,,,,,,,,,,,95.0,100,,,,,,,,,,,,,,,,,,
2026-06-29T01:00:59.967745+00:00,2026-06-29T11:00:59.957745,2,2,94.85,0.3,94.7,150,94.5,100,,,,,,,,,,,,,,,,,95.0,100,95.2,150,,,,,,,,,,,,,,,,
2026-06-29T01:01:00.055737+00:00,2026-06-29T11:01:00.055737,2,2,94.85,0.3,94.7,100,94.5,100,,,,,,,,,,,,,,,,,95.0,100,95.2,150,,,,,,,,,,,,,,,,
2026-06-29T01:01:00.407745+00:00,2026-06-29T11:01:00.402745,1,1,94.95,0.5,94.7,100,,,,,,,,,,,,,,,,,,,95.2,150,,,,,,,,,,,,,,,,,,
2026-06-29T01:01:00.462745+00:00,2026-06-29T11:01:00.455745,2,1,94.95,0.5,94.7,100,94.4,100,,,,,,,,,,,,,,,,,95.2,150,,,,,,,,,,,,,,,,,,
2026-06-29T01:01:00.517745+00:00,2026-06-29T11:01:00.508745,2,2,94.8,0.2,94.7,100,94.4,100,,,,,,,,,,,,,,,,,94.9,100,95.2,150,,,,,,,,,,,,,,,,
2026-06-29T01:01:02.112765+00:00,2026-06-29T11:01:02.109766,2,2,94.8,0.2,94.7,100,94.4,100,,,,,,,,,,,,,,,,,94.9,50,95.2,150,,,,,,,,,,,,,,,,
2026-06-29T01:01:02.343766+00:00,2026-06-29T11:01:02.337766,2,2,94.8,0.2,94.7,100,94.4,100,,,,,,,,,,,,,,,,,94.9,56,95.2,150,,,,,,,,,,,,,,,,
2026-06-29T01:01:03.014757+00:00,2026-06-29T11:01:03.011765,1,1,94.65,0.5,94.4,100,,,,,,,,,,,,,,,,,,,94.9,56,,,,,,,,,,,,,,,,,,
2026-06-29T01:01:03.069765+00:00,2026-06-29T11:01:03.064765,2,1,94.7,0.4,94.5,150,94.4,100,,,,,,,,,,,,,,,,,94.9,56,,,,,,,,,,,,,,,,,,
2026-06-29T01:01:03.124765+00:00,2026-06-29T11:01:03.117765,2,2,94.7,0.4,94.5,150,94.4,100,,,,,,,,,,,,,,,,,94.9,56,95.0,150,,,,,,,,,,,,,,,,
2026-06-29T01:01:03.564871+00:00,2026-06-29T11:01:03.563870,1,2,94.7,0.4,94.5,150,,,,,,,,,,,,,,,,,,,94.9,6,95.0,150,,,,,,,,,,,,,,,,
2026-06-29T01:01:03.619387+00:00,2026-06-29T11:01:03.616387,2,2,94.8,0.2,94.7,100,94.5,150,,,,,,,,,,,,,,,,,94.9,6,95.0,150,,,,,,,,,,,,,,,,
2026-06-29T01:01:03.674387+00:00,2026-06-29T11:01:03.670387,2,3,94.8,0.2,94.7,100,94.5,150,,,,,,,,,,,,,,,,,94.9,6,95.0,150,95.2,100,,,,,,,,,,,,,,
2026-06-29T01:01:04.279396+00:00,2026-06-29T11:01:04.270387,2,3,94.8,0.2,94.7,50,94.5,150,,,,,,,,,,,,,,,,,94.9,6,95.0,150,95.2,100,,,,,,,,,,,,,,
2026-06-29T01:01:05.390396+00:00,2026-06-29T11:01:05.385396,2,3,94.8,0.2,94.7,50,94.5,150,,,,,,,,,,,,,,,,,94.9,5,95.0,150,95.2,100,,,,,,,,,,,,,,
2026-06-29T01:01:06.181959+00:00,2026-06-29T11:01:06.173960,1,2,94.8,0.2,94.7,50,,,,,,,,,,,,,,,,,,,94.9,5,95.2,100,,,,,,,,,,,,,,,,
2026-06-29T01:01:06.225960+00:00,2026-06-29T11:01:06.224959,2,2,94.8,0.2,94.7,50,94.5,150,,,,,,,,,,,,,,,,,94.9,5,95.2,100,,,,,,,,,,,,,,,,
2026-06-29T01:01:06.280960+00:00,2026-06-29T11:01:06.279960,2,3,94.8,0.2,94.7,50,94.5,150,,,,,,,,,,,,,,,,,94.9,5,95.0,150,95.2,100,,,,,,,,,,,,,,
2026-06-29T01:01:06.379959+00:00,2026-06-29T11:01:06.373960,1,3,94.7,0.4,94.5,150,,,,,,,,,,,,,,,,,,,94.9,5,95.0,150,95.2,100,,,,,,,,,,,,,,
2026-06-29T01:01:06.731980+00:00,2026-06-29T11:01:06.724980,1,2,94.7,0.4,94.5,150,,,,,,,,,,,,,,,,,,,94.9,5,95.0,150,,,,,,,,,,,,,,,,
2026-06-29T01:01:06.786980+00:00,2026-06-29T11:01:06.778980,2,2,94.7,0.4,94.5,150,94.4,100,,,,,,,,,,,,,,,,,94.9,5,95.0,150,,,,,,,,,,,,,,,,
2026-06-29T01:01:06.841980+00:00,2026-06-29T11:01:06.832979,2,2,94.7,0.4,94.5,150,94.4,100,,,,,,,,,,,,,,,,,94.9,105,95.0,150,,,,,,,,,,,,,,,,
2026-06-29T01:01:07.325979+00:00,2026-06-29T11:01:07.321979,2,2,94.7,0.4,94.5,107,94.4,100,,,,,,,,,,,,,,,,,94.9,105,95.0,150,,,,,,,,,,,,,,,,
2026-06-29T01:01:07.842979+00:00,2026-06-29T11:01:07.834980,3,2,94.75,0.3,94.6,1,94.5,107,94.4,100,,,,,,,,,,,,,,,94.9,105,95.0,150,,,,,,,,,,,,,,,,
2026-06-29T01:01:08.446710+00:00,2026-06-29T11:01:08.438710,2,2,94.7,0.4,94.5,107,94.4,100,,,,,,,,,,,,,,,,,94.9,105,95.0,150,,,,,,,,,,,,,,,,
2026-06-29T01:01:08.490711+00:00,2026-06-29T11:01:08.486711,2,2,94.7,0.4,94.5,57,94.4,100,,,,,,,,,,,,,,,,,94.9,105,95.0,150,,,,,,,,,,,,,,,,
2026-06-29T01:01:09.293711+00:00,2026-06-29T11:01:09.285711,2,2,94.7,0.4,94.5,8,94.4,100,,,,,,,,,,,,,,,,,94.9,105,95.0,150,,,,,,,,,,,,,,,,
2026-06-29T01:01:09.337711+00:00,2026-06-29T11:01:09.332711,1,1,94.65,0.5,94.4,100,,,,,,,,,,,,,,,,,,,94.9,105,,,,,,,,,,,,,,,,,,
2026-06-29T01:01:09.392710+00:00,2026-06-29T11:01:09.384710,2,1,94.65,0.5,94.4,100,93.9,150,,,,,,,,,,,,,,,,,94.9,105,,,,,,,,,,,,,,,,,,
2026-06-29T01:01:09.447710+00:00,2026-06-29T11:01:09.437710,1,2,94.15,0.5,93.9,150,,,,,,,,,,,,,,,,,,,94.4,50,94.9,105,,,,,,,,,,,,,,,,
2026-06-29T01:01:09.480710+00:00,2026-06-29T11:01:09.469711,1,2,94.15,0.5,93.9,150,,,,,,,,,,,,,,,,,,,94.4,25,94.9,105,,,,,,,,,,,,,,,,
2026-06-29T01:01:09.590710+00:00,2026-06-29T11:01:09.587711,1,1,94.4,1.0,93.9,150,,,,,,,,,,,,,,,,,,,94.9,105,,,,,,,,,,,,,,,,,,
2026-06-29T01:01:09.898730+00:00,2026-06-29T11:01:09.888731,1,1,94.4,1.0,93.9,150,,,,,,,,,,,,,,,,,,,94.9,5,,,,,,,,,,,,,,,,,,
2026-06-29T01:01:09.942731+00:00,2026-06-29T11:01:09.941731,2,1,94.45,0.9,94.0,100,93.9,150,,,,,,,,,,,,,,,,,94.9,5,,,,,,,,,,,,,,,,,,
2026-06-29T01:01:09.997731+00:00,2026-06-29T11:01:09.995730,2,2,94.25,0.5,94.0,100,93.9,150,,,,,,,,,,,,,,,,,94.5,100,94.9,5,,,,,,,,,,,,,,,,
2026-06-29T01:01:10.206731+00:00,2026-06-29T11:01:10.201730,2,2,94.25,0.5,94.0,100,93.9,150,,,,,,,,,,,,,,,,,94.5,91,94.9,5,,,,,,,,,,,,,,,,
2026-06-29T01:01:10.646731+00:00,2026-06-29T11:01:10.635868,2,2,94.25,0.5,94.0,100,93.9,150,,,,,,,,,,,,,,,,,94.5,91,94.9,4,,,,,,,,,,,,,,,,
2026-06-29T01:01:10.932730+00:00,2026-06-29T11:01:10.926731,2,2,94.25,0.5,94.0,100,93.9,150,,,,,,,,,,,,,,,,,94.5,89,94.9,4,,,,,,,,,,,,,,,,
2026-06-29T01:01:10.965730+00:00,2026-06-29T11:01:10.957731,2,2,94.25,0.5,94.0,100,93.9,150,,,,,,,,,,,,,,,,,94.5,87,94.9,4,,,,,,,,,,,,,,,,
2026-06-29T01:01:11.405731+00:00,2026-06-29T11:01:11.399730,2,2,94.25,0.5,94.0,100,93.9,150,,,,,,,,,,,,,,,,,94.5,46,94.9,4,,,,,,,,,,,,,,,,
2026-06-29T01:01:12.493979+00:00,2026-06-29T11:01:12.492979,1,1,94.25,0.5,94.0,100,,,,,,,,,,,,,,,,,,,94.5,46,,,,,,,,,,,,,,,,,,
2026-06-29T01:01:12.548979+00:00,2026-06-29T11:01:12.542979,2,1,94.45,0.1,94.4,150,94.0,100,,,,,,,,,,,,,,,,,94.5,46,,,,,,,,,,,,,,,,,,
2026-06-29T01:01:12.603970+00:00,2026-06-29T11:01:12.600979,2,2,94.45,0.1,94.4,150,94.0,100,,,,,,,,,,,,,,,,,94.5,46,94.9,150,,,,,,,,,,,,,,,,
2026-06-29T01:01:13.054979+00:00,2026-06-29T11:01:13.050979,1,1,94.65,0.5,94.4,150,,,,,,,,,,,,,,,,,,,94.9,150,,,,,,,,,,,,,,,,,,
2026-06-29T01:01:13.109979+00:00,2026-06-29T11:01:13.103979,2,1,94.65,0.5,94.4,150,94.2,100,,,,,,,,,,,,,,,,,94.9,150,,,,,,,,,,,,,,,,,,
2026-06-29T01:01:13.164098+00:00,2026-06-29T11:01:13.158098,2,2,94.55,0.3,94.4,150,94.2,100,,,,,,,,,,,,,,,,,94.7,100,94.9,150,,,,,,,,,,,,,,,,
2026-06-29T01:01:13.406098+00:00,2026-06-29T11:01:13.404098,2,2,94.55,0.3,94.4,104,94.2,100,,,,,,,,,,,,,,,,,94.7,100,94.9,150,,,,,,,,,,,,,,,,
2026-06-29T01:01:14.814171+00:00,2026-06-29T11:01:14.805171,2,2,94.55,0.3,94.4,54,94.2,100,,,,,,,,,,,,,,,,,94.7,100,94.9,150,,,,,,,,,,,,,,,,
2026-06-29T01:01:15.045171+00:00,2026-06-29T11:01:15.035171,2,2,94.55,0.3,94.4,59,94.2,100,,,,,,,,,,,,,,,,,94.7,100,94.9,150,,,,,,,,,,,,,,,,
2026-06-29T01:01:15.441171+00:00,2026-06-29T11:01:15.430325,2,2,94.55,0.3,94.4,58,94.2,100,,,,,,,,,,,,,,,,,94.7,100,94.9,150,,,,,,,,,,,,,,,,
2026-06-29T01:01:15.661171+00:00,2026-06-29T11:01:15.654172,2,1,94.55,0.3,94.4,4,94.2,100,,,,,,,,,,,,,,,,,94.7,100,,,,,,,,,,,,,,,,,,
2026-06-29T01:01:15.716180+00:00,2026-06-29T11:01:15.708180,3,1,94.55,0.3,94.4,4,94.2,100,94.1,150,,,,,,,,,,,,,,,94.7,100,,,,,,,,,,,,,,,,,,
2026-06-29T01:01:15.771180+00:00,2026-06-29T11:01:15.762180,3,2,94.5,0.2,94.4,4,94.2,100,94.1,150,,,,,,,,,,,,,,,94.6,150,94.7,100,,,,,,,,,,,,,,,,
2026-06-29T01:01:15.837181+00:00,2026-06-29T11:01:15.836180,3,2,94.5,0.2,94.4,2,94.2,100,94.1,150,,,,,,,,,,,,,,,94.6,150,94.7,100,,,,,,,,,,,,,,,,
2026-06-29T01:01:16.057180+00:00,2026-06-29T11:01:16.048180,3,2,94.5,0.2,94.4,2,94.2,100,94.1,150,,,,,,,,,,,,,,,94.6,109,94.7,100,,,,,,,,,,,,,,,,
2026-06-29T01:01:16.221751+00:00,2026-06-29T11:01:16.212751,2,1,94.5,0.2,94.4,2,94.1,150,,,,,,,,,,,,,,,,,94.6,109,,,,,,,,,,,,,,,,,,
2026-06-29T01:01:16.276751+00:00,2026-06-29T11:01:16.265977,3,1,94.5,0.2,94.4,2,94.3,100,94.1,150,,,,,,,,,,,,,,,94.6,109,,,,,,,,,,,,,,,,,,
2026-06-29T01:01:16.320751+00:00,2026-06-29T11:01:16.317751,3,2,94.5,0.2,94.4,2,94.3,100,94.1,150,,,,,,,,,,,,,,,94.6,109,94.8,100,,,,,,,,,,,,,,,,
2026-06-29T01:01:16.441751+00:00,2026-06-29T11:01:16.435751,3,2,94.5,0.2,94.4,1,94.3,100,94.1,150,,,,,,,,,,,,,,,94.6,109,94.8,100,,,,,,,,,,,,,,,,
2026-06-29T01:01:16.925275+00:00,2026-06-29T11:01:16.924275,2,2,94.45,0.3,94.3,51,94.1,150,,,,,,,,,,,,,,,,,94.6,109,94.8,100,,,,,,,,,,,,,,,,
2026-06-29T01:01:17.717284+00:00,2026-06-29T11:01:17.709284,2,2,94.45,0.3,94.3,51,94.1,150,,,,,,,,,,,,,,,,,94.6,69,94.8,100,,,,,,,,,,,,,,,,
2026-06-29T01:01:18.058276+00:00,2026-06-29T11:01:18.052284,2,3,94.45,0.3,94.3,51,94.1,150,,,,,,,,,,,,,,,,,94.6,69,94.7,6,94.8,100,,,,,,,,,,,,,,
2026-06-29T01:01:18.211516+00:00,2026-06-29T11:01:18.204516,2,3,94.45,0.3,94.3,51,94.1,150,,,,,,,,,,,,,,,,,94.6,20,94.7,6,94.8,100,,,,,,,,,,,,,,
2026-06-29T01:01:18.816516+00:00,2026-06-29T11:01:18.814516,1,2,94.5,0.4,94.3,51,,,,,,,,,,,,,,,,,,,94.7,6,94.8,100,,,,,,,,,,,,,,,,
2026-06-29T01:01:18.838516+00:00,2026-06-29T11:01:18.834516,1,2,94.5,0.4,94.3,51,,,,,,,,,,,,,,,,,,,94.7,5,94.8,100,,,,,,,,,,,,,,,,
2026-06-29T01:01:18.871507+00:00,2026-06-29T11:01:18.868507,2,1,94.75,0.1,94.7,145,94.3,51,,,,,,,,,,,,,,,,,94.8,100,,,,,,,,,,,,,,,,,,
2026-06-29T01:01:18.937507+00:00,2026-06-29T11:01:18.927508,2,2,94.75,0.1,94.7,145,94.3,51,,,,,,,,,,,,,,,,,94.8,100,95.2,150,,,,,,,,,,,,,,,,
2026-06-29T01:01:19.036516+00:00,2026-06-29T11:01:19.033516,2,2,94.75,0.1,94.7,95,94.3,51,,,,,,,,,,,,,,,,,94.8,100,95.2,150,,,,,,,,,,,,,,,,
2026-06-29T01:01:19.377516+00:00,2026-06-29T11:01:19.373516,1,1,94.95,0.5,94.7,95,,,,,,,,,,,,,,,,,,,95.2,150,,,,,,,,,,,,,,,,,,
2026-06-29T01:01:19.432516+00:00,2026-06-29T11:01:19.426516,2,1,94.95,0.5,94.7,95,94.1,100,,,,,,,,,,,,,,,,,95.2,150,,,,,,,,,,,,,,,,,,
2026-06-29T01:01:19.487516+00:00,2026-06-29T11:01:19.480517,1,2,94.35,0.5,94.1,100,,,,,,,,,,,,,,,,,,,94.6,5,95.2,150,,,,,,,,,,,,,,,,
2026-06-29T01:01:19.509516+00:00,2026-06-29T11:01:19.499516,1,1,94.65,1.1,94.1,100,,,,,,,,,,,,,,,,,,,95.2,150,,,,,,,,,,,,,,,,,,
2026-06-29T01:01:20.147516+00:00,2026-06-29T11:01:20.137516,1,1,94.65,1.1,94.1,53,,,,,,,,,,,,,,,,,,,95.2,150,,,,,,,,,,,,,,,,,,
2026-06-29T01:01:20.763516+00:00,2026-06-29T11:01:20.759516,1,1,94.65,1.1,94.1,8,,,,,,,,,,,,,,,,,,,95.2,150,,,,,,,,,,,,,,,,,,
2026-06-29T01:01:20.895516+00:00,2026-06-29T11:01:20.891516,2,1,94.8,0.8,94.4,3,94.1,8,,,,,,,,,,,,,,,,,95.2,150,,,,,,,,,,,,,,,,,,
2026-06-29T01:01:21.005516+00:00,2026-06-29T11:01:20.997516,2,2,94.55,0.3,94.4,3,94.1,8,,,,,,,,,,,,,,,,,94.7,2,95.2,150,,,,,,,,,,,,,,,,
2026-06-29T01:01:21.236516+00:00,2026-06-29T11:01:21.230516,2,1,94.8,0.8,94.4,3,94.1,8,,,,,,,,,,,,,,,,,95.2,150,,,,,,,,,,,,,,,,,,
2026-06-29T01:01:21.291516+00:00,2026-06-29T11:01:21.283507,1,1,94.65,1.1,94.1,8,,,,,,,,,,,,,,,,,,,95.2,150,,,,,,,,,,,,,,,,,,
2026-06-29T01:01:21.984507+00:00,2026-06-29T11:01:21.978507,1,0,,,94.1,8,,,,,,,,,,,,,,,,,,,,,,,,,,,,,,,,,,,,,,
2026-06-29T01:01:22.039507+00:00,2026-06-29T11:01:22.032507,2,0,,,94.1,8,93.9,150,,,,,,,,,,,,,,,,,,,,,,,,,,,,,,,,,,,,
2026-06-29T01:01:22.094507+00:00,2026-06-29T11:01:22.087507,2,1,94.25,0.3,94.1,8,93.9,150,,,,,,,,,,,,,,,,,94.4,150,,,,,,,,,,,,,,,,,,
2026-06-29T01:01:22.545516+00:00,2026-06-29T11:01:22.538516,1,1,94.15,0.5,93.9,150,,,,,,,,,,,,,,,,,,,94.4,150,,,,,,,,,,,,,,,,,,
2026-06-29T01:01:22.600516+00:00,2026-06-29T11:01:22.590516,2,1,94.25,0.3,94.1,100,93.9,150,,,,,,,,,,,,,,,,,94.4,150,,,,,,,,,,,,,,,,,,
2026-06-29T01:01:22.644516+00:00,2026-06-29T11:01:22.642516,2,2,94.25,0.3,94.1,100,93.9,150,,,,,,,,,,,,,,,,,94.4,150,94.6,100,,,,,,,,,,,,,,,,
2026-06-29T01:01:22.919158+00:00,2026-06-29T11:01:22.917158,2,2,94.25,0.3,94.1,100,93.9,150,,,,,,,,,,,,,,,,,94.4,150,94.6,104,,,,,,,,,,,,,,,,
2026-06-29T01:01:22.930158+00:00,2026-06-29T11:01:22.924157,2,2,94.25,0.3,94.1,100,93.9,150,,,,,,,,,,,,,,,,,94.4,149,94.6,104,,,,,,,,,,,,,,,,
2026-06-29T01:01:23.215795+00:00,2026-06-29T11:01:23.208795,2,2,94.25,0.3,94.1,100,93.9,150,,,,,,,,,,,,,,,,,94.4,149,94.6,103,,,,,,,,,,,,,,,,
2026-06-29T01:01:23.941795+00:00,2026-06-29T11:01:23.937795,2,2,94.25,0.3,94.1,100,93.9,150,,,,,,,,,,,,,,,,,94.4,144,94.6,103,,,,,,,,,,,,,,,,
2026-06-29T01:01:24.546795+00:00,2026-06-29T11:01:24.545787,2,2,94.25,0.3,94.1,100,93.9,150,,,,,,,,,,,,,,,,,94.4,144,94.6,103,,,,,,,,,,,,,,,,
2026-06-29T01:01:24.711795+00:00,2026-06-29T11:01:24.708795,3,2,94.3,0.2,94.2,3,94.1,100,93.9,150,,,,,,,,,,,,,,,94.4,144,94.6,103,,,,,,,,,,,,,,,,
2026-06-29T01:01:24.876795+00:00,2026-06-29T11:01:24.873795,2,2,94.25,0.3,94.1,63,93.9,150,,,,,,,,,,,,,,,,,94.4,144,94.6,103,,,,,,,,,,,,,,,,
2026-06-29T01:01:24.898795+00:00,2026-06-29T11:01:24.893795,3,2,94.3,0.2,94.2,3,94.1,63,93.9,150,,,,,,,,,,,,,,,94.4,144,94.6,103,,,,,,,,,,,,,,,,
2026-06-29T01:01:25.074329+00:00,2026-06-29T11:01:25.063329,3,2,94.3,0.2,94.2,2,94.1,63,93.9,150,,,,,,,,,,,,,,,94.4,144,94.6,103,,,,,,,,,,,,,,,,
2026-06-29T01:01:25.151329+00:00,2026-06-29T11:01:25.143329,2,1,94.4,0.4,94.2,2,94.1,63,,,,,,,,,,,,,,,,,94.6,103,,,,,,,,,,,,,,,,,,
2026-06-29T01:01:25.206329+00:00,2026-06-29T11:01:25.196329,3,1,94.4,0.4,94.2,2,94.1,63,93.8,150,,,,,,,,,,,,,,,94.6,103,,,,,,,,,,,,,,,,,,
2026-06-29T01:01:25.250329+00:00,2026-06-29T11:01:25.248329,3,2,94.25,0.1,94.2,2,94.1,63,93.8,150,,,,,,,,,,,,,,,94.3,150,94.6,103,,,,,,,,,,,,,,,,
2026-06-29T01:01:25.327329+00:00,2026-06-29T11:01:25.323329,3,2,94.25,0.1,94.2,2,94.1,63,93.8,150,,,,,,,,,,,,,,,94.3,100,94.6,103,,,,,,,,,,,,,,,,
2026-06-29T01:01:25.701329+00:00,2026-06-29T11:01:25.697329,2,2,94.25,0.1,94.2,2,93.8,150,,,,,,,,,,,,,,,,,94.3,100,94.6,3,,,,,,,,,,,,,,,,
2026-06-29T01:01:25.745329+00:00,2026-06-29T11:01:25.734329,2,2,94.25,0.1,94.2,2,93.8,150,,,,,,,,,,,,,,,,,94.3,100,94.6,2,,,,,,,,,,,,,,,,
2026-06-29T01:01:25.756329+00:00,2026-06-29T11:01:25.750329,3,2,94.25,0.1,94.2,2,94.0,100,93.8,150,,,,,,,,,,,,,,,94.3,100,94.6,2,,,,,,,,,,,,,,,,
2026-06-29T01:01:25.811329+00:00,2026-06-29T11:01:25.801330,3,3,94.25,0.1,94.2,2,94.0,100,93.8,150,,,,,,,,,,,,,,,94.3,100,94.5,100,94.6,2,,,,,,,,,,,,,,
2026-06-29T01:01:26.272902+00:00,2026-06-29T11:01:26.262894,3,2,94.25,0.1,94.2,2,94.0,100,93.8,150,,,,,,,,,,,,,,,94.3,100,94.5,100,,,,,,,,,,,,,,,,
2026-06-29T01:01:27.438902+00:00,2026-06-29T11:01:27.433902,3,2,94.25,0.1,94.2,2,94.0,100,93.8,150,,,,,,,,,,,,,,,94.3,50,94.5,100,,,,,,,,,,,,,,,,
2026-06-29T01:01:28.306691+00:00,2026-06-29T11:01:28.304682,2,1,94.35,0.3,94.2,2,94.0,100,,,,,,,,,,,,,,,,,94.5,100,,,,,,,,,,,,,,,,,,
2026-06-29T01:01:28.361691+00:00,2026-06-29T11:01:28.356691,3,1,94.45,0.1,94.4,150,94.2,2,94.0,100,,,,,,,,,,,,,,,94.5,100,,,,,,,,,,,,,,,,,,
2026-06-29T01:01:28.416691+00:00,2026-06-29T11:01:28.409691,3,2,94.45,0.1,94.4,150,94.2,2,94.0,100,,,,,,,,,,,,,,,94.5,100,94.9,150,,,,,,,,,,,,,,,,
2026-06-29T01:01:28.856691+00:00,2026-06-29T11:01:28.855691,2,1,94.65,0.5,94.4,150,94.2,2,,,,,,,,,,,,,,,,,94.9,150,,,,,,,,,,,,,,,,,,
2026-06-29T01:01:28.911691+00:00,2026-06-29T11:01:28.908691,3,1,94.65,0.5,94.4,150,94.2,2,94.0,100,,,,,,,,,,,,,,,94.9,150,,,,,,,,,,,,,,,,,,
2026-06-29T01:01:28.966691+00:00,2026-06-29T11:01:28.960691,3,2,94.45,0.1,94.4,150,94.2,2,94.0,100,,,,,,,,,,,,,,,94.5,100,94.9,150,,,,,,,,,,,,,,,,
2026-06-29T01:01:29.571691+00:00,2026-06-29T11:01:29.563691,3,2,94.45,0.1,94.4,150,94.2,2,94.0,100,,,,,,,,,,,,,,,94.5,50,94.9,150,,,,,,,,,,,,,,,,
2026-06-29T01:01:31.474550+00:00,2026-06-29T11:01:31.466551,2,1,94.35,0.3,94.2,2,94.0,100,,,,,,,,,,,,,,,,,94.5,50,,,,,,,,,,,,,,,,,,
2026-06-29T01:01:31.529550+00:00,2026-06-29T11:01:31.518550,3,1,94.4,0.2,94.3,150,94.2,2,94.0,100,,,,,,,,,,,,,,,94.5,50,,,,,,,,,,,,,,,,,,
2026-06-29T01:01:31.573550+00:00,2026-06-29T11:01:31.571550,3,2,94.4,0.2,94.3,150,94.2,2,94.0,100,,,,,,,,,,,,,,,94.5,50,94.8,150,,,,,,,,,,,,,,,,
2026-06-29T01:01:31.727550+00:00,2026-06-29T11:01:31.725543,3,2,94.4,0.2,94.3,100,94.2,2,94.0,100,,,,,,,,,,,,,,,94.5,50,94.8,150,,,,,,,,,,,,,,,,
2026-06-29T01:01:32.024551+00:00,2026-06-29T11:01:32.016550,2,1,94.55,0.5,94.3,100,94.2,2,,,,,,,,,,,,,,,,,94.8,150,,,,,,,,,,,,,,,,,,
2026-06-29T01:01:32.068550+00:00,2026-06-29T11:01:32.067550,3,1,94.55,0.5,94.3,100,94.2,2,94.1,100,,,,,,,,,,,,,,,94.8,150,,,,,,,,,,,,,,,,,,
2026-06-29T01:01:32.123551+00:00,2026-06-29T11:01:32.122542,3,2,94.45,0.3,94.3,100,94.2,2,94.1,100,,,,,,,,,,,,,,,94.6,100,94.8,150,,,,,,,,,,,,,,,,
2026-06-29T01:01:33.377632+00:00,2026-06-29T11:01:33.371632,3,2,94.45,0.3,94.3,100,94.2,2,94.1,100,,,,,,,,,,,,,,,94.6,56,94.8,150,,,,,,,,,,,,,,,,
2026-06-29T01:01:34.543641+00:00,2026-06-29T11:01:34.540641,3,2,94.45,0.3,94.3,100,94.2,2,94.1,100,,,,,,,,,,,,,,,94.6,15,94.8,150,,,,,,,,,,,,,,,,
2026-06-29T01:01:34.631641+00:00,2026-06-29T11:01:34.628641,2,1,94.4,0.4,94.2,2,94.1,100,,,,,,,,,,,,,,,,,94.6,15,,,,,,,,,,,,,,,,,,
2026-06-29T01:01:34.686641+00:00,2026-06-29T11:01:34.681641,2,1,94.4,0.4,94.2,152,94.1,100,,,,,,,,,,,,,,,,,94.6,15,,,,,,,,,,,,,,,,,,
2026-06-29T01:01:34.741641+00:00,2026-06-29T11:01:34.733641,2,2,94.4,0.4,94.2,152,94.1,100,,,,,,,,,,,,,,,,,94.6,15,94.7,150,,,,,,,,,,,,,,,,
2026-06-29T01:01:35.016641+00:00,2026-06-29T11:01:35.007641,2,2,94.4,0.4,94.2,109,94.1,100,,,,,,,,,,,,,,,,,94.6,15,94.7,150,,,,,,,,,,,,,,,,
2026-06-29T01:01:35.093640+00:00,2026-06-29T11:01:35.091641,3,2,94.45,0.3,94.3,6,94.2,109,94.1,100,,,,,,,,,,,,,,,94.6,15,94.7,150,,,,,,,,,,,,,,,,
2026-06-29T01:01:35.181641+00:00,2026-06-29T11:01:35.176632,2,1,94.5,0.4,94.3,6,94.2,109,,,,,,,,,,,,,,,,,94.7,150,,,,,,,,,,,,,,,,,,
2026-06-29T01:01:35.236641+00:00,2026-06-29T11:01:35.231641,3,1,94.6,0.2,94.5,100,94.3,6,94.2,109,,,,,,,,,,,,,,,94.7,150,,,,,,,,,,,,,,,,,,
2026-06-29T01:01:35.291641+00:00,2026-06-29T11:01:35.284641,3,2,94.6,0.2,94.5,100,94.3,6,94.2,109,,,,,,,,,,,,,,,94.7,150,95.0,100,,,,,,,,,,,,,,,,
2026-06-29T01:01:35.951641+00:00,2026-06-29T11:01:35.940641,3,2,94.6,0.2,94.5,50,94.3,6,94.2,109,,,,,,,,,,,,,,,94.7,150,95.0,100,,,,,,,,,,,,,,,,
2026-06-29T01:01:37.051221+00:00,2026-06-29T11:01:37.042212,3,2,94.6,0.2,94.5,8,94.3,6,94.2,109,,,,,,,,,,,,,,,94.7,150,95.0,100,,,,,,,,,,,,,,,,
2026-06-29T01:01:37.799221+00:00,2026-06-29T11:01:37.791221,2,1,94.75,0.5,94.5,8,94.3,6,,,,,,,,,,,,,,,,,95.0,100,,,,,,,,,,,,,,,,,,
2026-06-29T01:01:37.854221+00:00,2026-06-29T11:01:37.843221,3,1,94.75,0.5,94.5,8,94.3,6,94.0,150,,,,,,,,,,,,,,,95.0,100,,,,,,,,,,,,,,,,,,
2026-06-29T01:01:37.898221+00:00,2026-06-29T11:01:37.897221,2,2,94.4,0.2,94.3,6,94.0,150,,,,,,,,,,,,,,,,,94.5,142,95.0,100,,,,,,,,,,,,,,,,
2026-06-29T01:01:37.942221+00:00,2026-06-29T11:01:37.933221,2,2,94.4,0.2,94.3,6,94.0,150,,,,,,,,,,,,,,,,,94.5,97,95.0,100,,,,,,,,,,,,,,,,
2026-06-29T01:01:38.052211+00:00,2026-06-29T11:01:38.044211,1,2,94.25,0.5,94.0,150,,,,,,,,,,,,,,,,,,,94.5,97,95.0,100,,,,,,,,,,,,,,,,
2026-06-29T01:01:38.074212+00:00,2026-06-29T11:01:38.073211,2,2,94.4,0.2,94.3,5,94.0,150,,,,,,,,,,,,,,,,,94.5,97,95.0,100,,,,,,,,,,,,,,,,
2026-06-29T01:01:38.348252+00:00,2026-06-29T11:01:38.338252,2,1,94.4,0.2,94.3,5,94.0,150,,,,,,,,,,,,,,,,,94.5,97,,,,,,,,,,,,,,,,,,
2026-06-29T01:01:38.392252+00:00,2026-06-29T11:01:38.391252,3,1,94.4,0.2,94.3,5,94.0,150,93.9,100,,,,,,,,,,,,,,,94.5,97,,,,,,,,,,,,,,,,,,
2026-06-29T01:01:38.447252+00:00,2026-06-29T11:01:38.444249,3,2,94.35,0.1,94.3,5,94.0,150,93.9,100,,,,,,,,,,,,,,,94.4,100,94.5,97,,,,,,,,,,,,,,,,
2026-06-29T01:01:40.163272+00:00,2026-06-29T11:01:40.157273,2,2,94.2,0.4,94.0,105,93.9,100,,,,,,,,,,,,,,,,,94.4,100,94.5,97,,,,,,,,,,,,,,,,
2026-06-29T01:01:40.955273+00:00,2026-06-29T11:01:40.952272,1,1,94.15,0.5,93.9,100,,,,,,,,,,,,,,,,,,,94.4,100,,,,,,,,,,,,,,,,,,
2026-06-29T01:01:41.010272+00:00,2026-06-29T11:01:41.007272,1,1,94.15,0.5,93.9,250,,,,,,,,,,,,,,,,,,,94.4,100,,,,,,,,,,,,,,,,,,
2026-06-29T01:01:41.065272+00:00,2026-06-29T11:01:41.064272,1,1,94.15,0.5,93.9,250,,,,,,,,,,,,,,,,,,,94.4,250,,,,,,,,,,,,,,,,,,
2026-06-29T01:01:41.504806+00:00,2026-06-29T11:01:41.499806,1,1,94.15,0.5,93.9,150,,,,,,,,,,,,,,,,,,,94.4,150,,,,,,,,,,,,,,,,,,
2026-06-29T01:01:41.559806+00:00,2026-06-29T11:01:41.552806,2,1,94.2,0.4,94.0,100,93.9,150,,,,,,,,,,,,,,,,,94.4,150,,,,,,,,,,,,,,,,,,
2026-06-29T01:01:41.614806+00:00,2026-06-29T11:01:41.604807,2,2,94.2,0.4,94.0,100,93.9,150,,,,,,,,,,,,,,,,,94.4,150,94.5,100,,,,,,,,,,,,,,,,
2026-06-29T01:01:42.098806+00:00,2026-06-29T11:01:42.097806,3,2,94.3,0.2,94.2,3,94.0,100,93.9,150,,,,,,,,,,,,,,,94.4,150,94.5,102,,,,,,,,,,,,,,,,
2026-06-29T01:01:42.274806+00:00,2026-06-29T11:01:42.267806,2,2,94.2,0.4,94.0,53,93.9,150,,,,,,,,,,,,,,,,,94.4,150,94.5,102,,,,,,,,,,,,,,,,
2026-06-29T01:01:42.450806+00:00,2026-06-29T11:01:42.444806,3,2,94.3,0.2,94.2,3,94.0,53,93.9,150,,,,,,,,,,,,,,,94.4,150,94.5,102,,,,,,,,,,,,,,,,
2026-06-29T01:01:43.649058+00:00,2026-06-29T11:01:43.641058,2,2,94.2,0.4,94.0,53,93.9,150,,,,,,,,,,,,,,,,,94.4,108,94.5,102,,,,,,,,,,,,,,,,
2026-06-29T01:01:44.111049+00:00,2026-06-29T11:01:44.102058,2,2,94.2,0.4,94.0,53,93.9,150,,,,,,,,,,,,,,,,,94.4,108,94.5,101,,,,,,,,,,,,,,,,
2026-06-29T01:01:44.122058+00:00,2026-06-29T11:01:44.117058,1,1,94.25,0.5,94.0,53,,,,,,,,,,,,,,,,,,,94.5,101,,,,,,,,,,,,,,,,,,
2026-06-29T01:01:44.177058+00:00,2026-06-29T11:01:44.169058,2,1,94.35,0.3,94.2,150,94.0,53,,,,,,,,,,,,,,,,,94.5,101,,,,,,,,,,,,,,,,,,
2026-06-29T01:01:44.232058+00:00,2026-06-29T11:01:44.222049,2,2,94.35,0.3,94.2,150,94.0,53,,,,,,,,,,,,,,,,,94.5,101,94.7,150,,,,,,,,,,,,,,,,
2026-06-29T01:01:44.331057+00:00,2026-06-29T11:01:44.328058,2,2,94.35,0.3,94.2,150,94.0,53,,,,,,,,,,,,,,,,,94.5,100,94.7,150,,,,,,,,,,,,,,,,
2026-06-29T01:01:44.386048+00:00,2026-06-29T11:01:44.378058,2,2,94.35,0.3,94.2,100,94.0,53,,,,,,,,,,,,,,,,,94.5,100,94.7,150,,,,,,,,,,,,,,,,
2026-06-29T01:01:44.661058+00:00,2026-06-29T11:01:44.658058,1,1,94.45,0.5,94.2,100,,,,,,,,,,,,,,,,,,,94.7,150,,,,,,,,,,,,,,,,,,
2026-06-29T01:01:44.716058+00:00,2026-06-29T11:01:44.710058,2,1,94.45,0.5,94.2,100,93.9,100,,,,,,,,,,,,,,,,,94.7,150,,,,,,,,,,,,,,,,,,
2026-06-29T01:01:44.771058+00:00,2026-06-29T11:01:44.762058,2,2,94.3,0.2,94.2,100,93.9,100,,,,,,,,,,,,,,,,,94.4,100,94.7,150,,,,,,,,,,,,,,,,
2026-06-29T01:01:45.200058+00:00,2026-06-29T11:01:45.198058,3,2,94.3,0.2,94.2,100,94.1,5,93.9,100,,,,,,,,,,,,,,,94.4,100,94.7,150,,,,,,,,,,,,,,,,
2026-06-29T01:01:45.211058+00:00,2026-06-29T11:01:45.200058,3,2,94.3,0.2,94.2,100,94.1,5,93.9,100,,,,,,,,,,,,,,,94.4,101,94.7,150,,,,,,,,,,,,,,,,
2026-06-29T01:01:45.255058+00:00,2026-06-29T11:01:45.253058,3,2,94.3,0.2,94.2,59,94.1,5,93.9,100,,,,,,,,,,,,,,,94.4,101,94.7,150,,,,,,,,,,,,,,,,
2026-06-29T01:01:46.233651+00:00,2026-06-29T11:01:46.224651,3,2,94.3,0.2,94.2,59,94.1,5,93.9,100,,,,,,,,,,,,,,,94.4,100,94.7,150,,,,,,,,,,,,,,,,
2026-06-29T01:01:46.255651+00:00,2026-06-29T11:01:46.251651,3,2,94.3,0.2,94.2,59,94.1,5,93.9,100,,,,,,,,,,,,,,,94.4,60,94.7,150,,,,,,,,,,,,,,,,
2026-06-29T01:01:46.442651+00:00,2026-06-29T11:01:46.436651,3,2,94.3,0.2,94.2,59,94.1,5,93.9,100,,,,,,,,,,,,,,,94.4,10,94.7,150,,,,,,,,,,,,,,,,
2026-06-29T01:01:47.278642+00:00,2026-06-29T11:01:47.277641,2,1,94.25,0.3,94.1,5,93.9,100,,,,,,,,,,,,,,,,,94.4,10,,,,,,,,,,,,,,,,,,
2026-06-29T01:01:47.333433+00:00,2026-06-29T11:01:47.328434,3,1,94.3,0.2,94.2,150,94.1,5,93.9,100,,,,,,,,,,,,,,,94.4,10,,,,,,,,,,,,,,,,,,
2026-06-29T01:01:47.388442+00:00,2026-06-29T11:01:47.380442,3,2,94.3,0.2,94.2,150,94.1,5,93.9,100,,,,,,,,,,,,,,,94.4,10,94.7,150,,,,,,,,,,,,,,,,
2026-06-29T01:01:47.817443+00:00,2026-06-29T11:01:47.815443,3,1,94.45,0.5,94.2,150,94.1,5,93.9,100,,,,,,,,,,,,,,,94.7,150,,,,,,,,,,,,,,,,,,
2026-06-29T01:01:47.828442+00:00,2026-06-29T11:01:47.817443,2,1,94.45,0.5,94.2,150,94.1,5,,,,,,,,,,,,,,,,,94.7,150,,,,,,,,,,,,,,,,,,
2026-06-29T01:01:47.872442+00:00,2026-06-29T11:01:47.870442,3,1,94.55,0.3,94.4,100,94.2,150,94.1,5,,,,,,,,,,,,,,,94.7,150,,,,,,,,,,,,,,,,,,
2026-06-29T01:01:47.927443+00:00,2026-06-29T11:01:47.922442,3,2,94.55,0.3,94.4,100,94.2,150,94.1,5,,,,,,,,,,,,,,,94.7,150,94.9,100,,,,,,,,,,,,,,,,
2026-06-29T01:01:48.201787+00:00,2026-06-29T11:01:48.196787,3,2,94.55,0.3,94.4,53,94.2,150,94.1,5,,,,,,,,,,,,,,,94.7,150,94.9,100,,,,,,,,,,,,,,,,
2026-06-29T01:01:48.575787+00:00,2026-06-29T11:01:48.568787,3,2,94.55,0.3,94.4,53,94.2,150,94.1,5,,,,,,,,,,,,,,,94.7,100,94.9,100,,,,,,,,,,,,,,,,
2026-06-29T01:01:48.784786+00:00,2026-06-29T11:01:48.773787,3,2,94.55,0.3,94.4,53,94.2,150,94.1,5,,,,,,,,,,,,,,,94.7,55,94.9,100,,,,,,,,,,,,,,,,
2026-06-29T01:01:49.730807+00:00,2026-06-29T11:01:49.724798,3,2,94.55,0.3,94.4,13,94.2,150,94.1,5,,,,,,,,,,,,,,,94.7,55,94.9,100,,,,,,,,,,,,,,,,
2026-06-29T01:01:50.203807+00:00,2026-06-29T11:01:50.200807,2,2,94.45,0.5,94.2,150,94.1,5,,,,,,,,,,,,,,,,,94.7,55,94.9,100,,,,,,,,,,,,,,,,
2026-06-29T01:01:50.445799+00:00,2026-06-29T11:01:50.436807,1,1,94.5,0.8,94.1,5,,,,,,,,,,,,,,,,,,,94.9,100,,,,,,,,,,,,,,,,,,
2026-06-29T01:01:50.489807+00:00,2026-06-29T11:01:50.488807,2,1,94.6,0.6,94.3,150,94.1,5,,,,,,,,,,,,,,,,,94.9,100,,,,,,,,,,,,,,,,,,
2026-06-29T01:01:50.544807+00:00,2026-06-29T11:01:50.541798,2,2,94.55,0.5,94.3,150,94.1,5,,,,,,,,,,,,,,,,,94.8,150,94.9,100,,,,,,,,,,,,,,,,
2026-06-29T01:01:50.676807+00:00,2026-06-29T11:01:50.674807,2,2,94.55,0.5,94.3,150,94.1,5,,,,,,,,,,,,,,,,,94.8,100,94.9,100,,,,,,,,,,,,,,,,
2026-06-29T01:01:50.984807+00:00,2026-06-29T11:01:50.975807,2,1,94.55,0.5,94.3,150,94.1,5,,,,,,,,,,,,,,,,,94.8,100,,,,,,,,,,,,,,,,,,
2026-06-29T01:01:51.028807+00:00,2026-06-29T11:01:51.027807,3,1,94.55,0.5,94.3,150,94.1,5,94.0,100,,,,,,,,,,,,,,,94.8,100,,,,,,,,,,,,,,,,,,
2026-06-29T01:01:51.083807+00:00,2026-06-29T11:01:51.080807,3,2,94.4,0.2,94.3,150,94.1,5,94.0,100,,,,,,,,,,,,,,,94.5,100,94.8,100,,,,,,,,,,,,,,,,
2026-06-29T01:01:52.810807+00:00,2026-06-29T11:01:52.805807,3,2,94.4,0.2,94.3,150,94.1,5,94.0,100,,,,,,,,,,,,,,,94.5,50,94.8,100,,,,,,,,,,,,,,,,
2026-06-29T01:01:53.601914+00:00,2026-06-29T11:01:53.595915,2,1,94.3,0.4,94.1,5,94.0,100,,,,,,,,,,,,,,,,,94.5,50,,,,,,,,,,,,,,,,,,
2026-06-29T01:01:53.656923+00:00,2026-06-29T11:01:53.650923,3,0,,,94.5,100,94.1,5,94.0,100,,,,,,,,,,,,,,,,,,,,,,,,,,,,,,,,,,
2026-06-29T01:01:53.711923+00:00,2026-06-29T11:01:53.705923,3,1,94.75,0.5,94.5,100,94.1,5,94.0,100,,,,,,,,,,,,,,,95.0,150,,,,,,,,,,,,,,,,,,
2026-06-29T01:01:54.140923+00:00,2026-06-29T11:01:54.138923,2,1,94.75,0.5,94.5,100,94.1,5,,,,,,,,,,,,,,,,,95.0,150,,,,,,,,,,,,,,,,,,
2026-06-29T01:01:54.195923+00:00,2026-06-29T11:01:54.190923,3,1,94.75,0.5,94.5,100,94.4,100,94.1,5,,,,,,,,,,,,,,,95.0,150,,,,,,,,,,,,,,,,,,
2026-06-29T01:01:54.250923+00:00,2026-06-29T11:01:54.245923,3,2,94.7,0.4,94.5,100,94.4,100,94.1,5,,,,,,,,,,,,,,,94.9,100,95.0,150,,,,,,,,,,,,,,,,
2026-06-29T01:01:54.921457+00:00,2026-06-29T11:01:54.912457,3,2,94.7,0.4,94.5,100,94.4,100,94.1,5,,,,,,,,,,,,,,,94.9,50,95.0,150,,,,,,,,,,,,,,,,
2026-06-29T01:01:56.384016+00:00,2026-06-29T11:01:56.376016,3,2,94.7,0.4,94.5,100,94.4,100,94.1,4,,,,,,,,,,,,,,,94.9,50,95.0,150,,,,,,,,,,,,,,,,
2026-06-29T01:01:56.406016+00:00,2026-06-29T11:01:56.396017,2,2,94.7,0.4,94.5,100,94.4,100,,,,,,,,,,,,,,,,,94.9,50,95.0,150,,,,,,,,,,,,,,,,
2026-06-29T01:01:56.769016+00:00,2026-06-29T11:01:56.760016,1,1,94.65,0.5,94.4,100,,,,,,,,,,,,,,,,,,,94.9,50,,,,,,,,,,,,,,,,,,
2026-06-29T01:01:56.824016+00:00,2026-06-29T11:01:56.818017,2,1,94.65,0.5,94.4,100,94.3,150,,,,,,,,,,,,,,,,,94.9,50,,,,,,,,,,,,,,,,,,
2026-06-29T01:01:56.879016+00:00,2026-06-29T11:01:56.873007,2,2,94.6,0.4,94.4,100,94.3,150,,,,,,,,,,,,,,,,,94.8,150,94.9,50,,,,,,,,,,,,,,,,
2026-06-29T01:01:57.033016+00:00,2026-06-29T11:01:57.024016,2,2,94.6,0.4,94.4,100,94.3,150,,,,,,,,,,,,,,,,,94.8,100,94.9,50,,,,,,,,,,,,,,,,
2026-06-29T01:01:57.308016+00:00,2026-06-29T11:01:57.301016,1,1,94.55,0.5,94.3,150,,,,,,,,,,,,,,,,,,,94.8,100,,,,,,,,,,,,,,,,,,
2026-06-29T01:01:57.363016+00:00,2026-06-29T11:01:57.354008,2,1,94.6,0.4,94.4,100,94.3,150,,,,,,,,,,,,,,,,,94.8,100,,,,,,,,,,,,,,,,,,
2026-06-29T01:01:57.429016+00:00,2026-06-29T11:01:57.418016,2,2,94.6,0.4,94.4,100,94.3,150,,,,,,,,,,,,,,,,,94.8,100,94.9,100,,,,,,,,,,,,,,,,
2026-06-29T01:01:57.967575+00:00,2026-06-29T11:01:57.957566,2,2,94.6,0.4,94.4,100,94.3,155,,,,,,,,,,,,,,,,,94.8,100,94.9,100,,,,,,,,,,,,,,,,
2026-06-29T01:01:58.417836+00:00,2026-06-29T11:01:58.407836,2,2,94.6,0.4,94.4,100,94.3,153,,,,,,,,,,,,,,,,,94.8,100,94.9,100,,,,,,,,,,,,,,,,
2026-06-29T01:01:59.143836+00:00,2026-06-29T11:01:59.140836,2,2,94.6,0.4,94.4,100,94.3,153,,,,,,,,,,,,,,,,,94.8,50,94.9,100,,,,,,,,,,,,,,,,
2026-06-29T01:01:59.935847+00:00,2026-06-29T11:01:59.934856,2,1,94.65,0.5,94.4,100,94.3,3,,,,,,,,,,,,,,,,,94.9,100,,,,,,,,,,,,,,,,,,
2026-06-29T01:01:59.990856+00:00,2026-06-29T11:01:59.981856,3,1,94.85,0.1,94.8,150,94.4,100,94.3,3,,,,,,,,,,,,,,,94.9,100,,,,,,,,,,,,,,,,,,
2026-06-29T01:02:00.045856+00:00,2026-06-29T11:02:00.041856,3,2,94.85,0.1,94.8,150,94.4,100,94.3,3,,,,,,,,,,,,,,,94.9,100,95.3,150,,,,,,,,,,,,,,,,
2026-06-29T01:02:00.452856+00:00,2026-06-29T11:02:00.451856,3,2,94.85,0.1,94.8,102,94.4,100,94.3,3,,,,,,,,,,,,,,,94.9,100,95.3,150,,,,,,,,,,,,,,,,
2026-06-29T01:02:00.474856+00:00,2026-06-29T11:02:00.472856,2,1,95.05,0.5,94.8,102,94.3,3,,,,,,,,,,,,,,,,,95.3,150,,,,,,,,,,,,,,,,,,
2026-06-29T01:02:00.540847+00:00,2026-06-29T11:02:00.536847,3,1,95.05,0.5,94.8,102,94.5,100,94.3,3,,,,,,,,,,,,,,,95.3,150,,,,,,,,,,,,,,,,,,
2026-06-29T01:02:00.595847+00:00,2026-06-29T11:02:00.595847,3,2,94.9,0.2,94.8,102,94.5,100,94.3,3,,,,,,,,,,,,,,,95.0,100,95.3,150,,,,,,,,,,,,,,,,
2026-06-29T01:02:01.255847+00:00,2026-06-29T11:02:01.253847,3,2,94.9,0.2,94.8,102,94.5,100,94.3,3,,,,,,,,,,,,,,,95.0,50,95.3,150,,,,,,,,,,,,,,,,
2026-06-29T01:02:03.103847+00:00,2026-06-29T11:02:03.103847,2,1,94.75,0.5,94.5,100,94.3,3,,,,,,,,,,,,,,,,,95.0,50,,,,,,,,,,,,,,,,,,
2026-06-29T01:02:03.157976+00:00,2026-06-29T11:02:03.153976,3,1,94.8,0.4,94.6,150,94.5,100,94.3,3,,,,,,,,,,,,,,,95.0,50,,,,,,,,,,,,,,,,,,
2026-06-29T01:02:03.212976+00:00,2026-06-29T11:02:03.204976,3,2,94.8,0.4,94.6,150,94.5,100,94.3,3,,,,,,,,,,,,,,,95.0,50,95.1,150,,,,,,,,,,,,,,,,
2026-06-29T01:02:03.366976+00:00,2026-06-29T11:02:03.361976,2,1,94.85,0.5,94.6,150,94.5,100,,,,,,,,,,,,,,,,,95.1,150,,,,,,,,,,,,,,,,,,
2026-06-29T01:02:03.652976+00:00,2026-06-29T11:02:03.642977,1,1,94.85,0.5,94.6,150,,,,,,,,,,,,,,,,,,,95.1,150,,,,,,,,,,,,,,,,,,
2026-06-29T01:02:03.707976+00:00,2026-06-29T11:02:03.697121,2,1,95.0,0.2,94.9,100,94.6,150,,,,,,,,,,,,,,,,,95.1,150,,,,,,,,,,,,,,,,,,
2026-06-29T01:02:03.751976+00:00,2026-06-29T11:02:03.744976,2,2,95.0,0.2,94.9,100,94.6,150,,,,,,,,,,,,,,,,,95.1,150,95.4,100,,,,,,,,,,,,,,,,
2026-06-29T01:02:04.697510+00:00,2026-06-29T11:02:04.689510,3,2,95.0,0.2,94.9,100,94.6,150,94.5,5,,,,,,,,,,,,,,,95.1,150,95.4,100,,,,,,,,,,,,,,,,
2026-06-29T01:02:05.467510+00:00,2026-06-29T11:02:05.458510,3,2,95.0,0.2,94.9,100,94.6,150,94.5,5,,,,,,,,,,,,,,,95.1,100,95.4,100,,,,,,,,,,,,,,,,
2026-06-29T01:02:05.720510+00:00,2026-06-29T11:02:05.714511,3,2,95.0,0.2,94.9,100,94.6,150,94.5,5,,,,,,,,,,,,,,,95.1,55,95.4,100,,,,,,,,,,,,,,,,
2026-06-29T01:02:06.050511+00:00,2026-06-29T11:02:06.046511,3,2,95.0,0.2,94.9,100,94.6,150,94.5,2,,,,,,,,,,,,,,,95.1,55,95.4,100,,,,,,,,,,,,,,,,
2026-06-29T01:02:06.259059+00:00,2026-06-29T11:02:06.253060,2,1,95.15,0.5,94.9,100,94.5,2,,,,,,,,,,,,,,,,,95.4,100,,,,,,,,,,,,,,,,,,
2026-06-29T01:02:06.314060+00:00,2026-06-29T11:02:06.305060,3,1,95.2,0.4,95.0,150,94.9,100,94.5,2,,,,,,,,,,,,,,,95.4,100,,,,,,,,,,,,,,,,,,
2026-06-29T01:02:06.358060+00:00,2026-06-29T11:02:06.357060,3,2,95.2,0.4,95.0,150,94.9,100,94.5,2,,,,,,,,,,,,,,,95.4,100,95.5,150,,,,,,,,,,,,,,,,
2026-06-29T01:02:06.424060+00:00,2026-06-29T11:02:06.418060,3,2,95.2,0.4,95.0,125,94.9,100,94.5,2,,,,,,,,,,,,,,,95.4,100,95.5,150,,,,,,,,,,,,,,,,
2026-06-29T01:02:06.512051+00:00,2026-06-29T11:02:06.509060,3,2,95.2,0.4,95.0,100,94.9,100,94.5,2,,,,,,,,,,,,,,,95.4,100,95.5,150,,,,,,,,,,,,,,,,
2026-06-29T01:02:06.633060+00:00,2026-06-29T11:02:06.630060,3,2,95.2,0.4,95.0,99,94.9,100,94.5,2,,,,,,,,,,,,,,,95.4,100,95.5,150,,,,,,,,,,,,,,,,
2026-06-29T01:02:06.721060+00:00,2026-06-29T11:02:06.717060,3,2,95.2,0.4,95.0,74,94.9,100,94.5,2,,,,,,,,,,,,,,,95.4,100,95.5,150,,,,,,,,,,,,,,,,
2026-06-29T01:02:06.798060+00:00,2026-06-29T11:02:06.797060,2,1,95.25,0.5,95.0,74,94.5,2,,,,,,,,,,,,,,,,,95.5,150,,,,,,,,,,,,,,,,,,
2026-06-29T01:02:06.875060+00:00,2026-06-29T11:02:06.865060,3,1,95.25,0.5,95.0,74,94.9,100,94.5,2,,,,,,,,,,,,,,,95.5,150,,,,,,,,,,,,,,,,,,
2026-06-29T01:02:06.919060+00:00,2026-06-29T11:02:06.916051,3,2,95.2,0.4,95.0,74,94.9,100,94.5,2,,,,,,,,,,,,,,,95.4,100,95.5,150,,,,,,,,,,,,,,,,
2026-06-29T01:02:07.249060+00:00,2026-06-29T11:02:07.241060,3,2,95.2,0.4,95.0,49,94.9,100,94.5,2,,,,,,,,,,,,,,,95.4,100,95.5,150,,,,,,,,,,,,,,,,
2026-06-29T01:02:07.359060+00:00,2026-06-29T11:02:07.348060,3,2,95.2,0.4,95.0,24,94.9,100,94.5,2,,,,,,,,,,,,,,,95.4,100,95.5,150,,,,,,,,,,,,,,,,
2026-06-29T01:02:07.458060+00:00,2026-06-29T11:02:07.449060,2,2,95.15,0.5,94.9,100,94.5,2,,,,,,,,,,,,,,,,,95.4,100,95.5,150,,,,,,,,,,,,,,,,
2026-06-29T01:02:07.568060+00:00,2026-06-29T11:02:07.559060,2,2,95.15,0.5,94.9,100,94.5,2,,,,,,,,,,,,,,,,,95.4,50,95.5,150,,,,,,,,,,,,,,,,
2026-06-29T01:02:07.579060+00:00,2026-06-29T11:02:07.568060,2,2,95.15,0.5,94.9,75,94.5,2,,,,,,,,,,,,,,,,,95.4,50,95.5,150,,,,,,,,,,,,,,,,
2026-06-29T01:02:07.667072+00:00,2026-06-29T11:02:07.659072,2,2,95.15,0.5,94.9,50,94.5,2,,,,,,,,,,,,,,,,,95.4,50,95.5,150,,,,,,,,,,,,,,,,
2026-06-29T01:02:07.788071+00:00,2026-06-29T11:02:07.781080,2,2,95.15,0.5,94.9,25,94.5,2,,,,,,,,,,,,,,,,,95.4,50,95.5,150,,,,,,,,,,,,,,,,
2026-06-29T01:02:07.876080+00:00,2026-06-29T11:02:07.870080,1,2,94.95,0.9,94.5,2,,,,,,,,,,,,,,,,,,,95.4,50,95.5,150,,,,,,,,,,,,,,,,
2026-06-29T01:02:08.953200+00:00,2026-06-29T11:02:08.952200,1,3,94.7,0.4,94.5,2,,,,,,,,,,,,,,,,,,,94.9,3,95.4,50,95.5,150,,,,,,,,,,,,,,
2026-06-29T01:02:09.415200+00:00,2026-06-29T11:02:09.411200,1,2,94.7,0.4,94.5,2,,,,,,,,,,,,,,,,,,,94.9,3,95.4,50,,,,,,,,,,,,,,,,
2026-06-29T01:02:09.470200+00:00,2026-06-29T11:02:09.467196,1,2,94.6,0.6,94.3,150,,,,,,,,,,,,,,,,,,,94.9,3,95.4,50,,,,,,,,,,,,,,,,
2026-06-29T01:02:09.481200+00:00,2026-06-29T11:02:09.470200,2,2,94.8,0.2,94.7,3,94.3,150,,,,,,,,,,,,,,,,,94.9,3,95.4,50,,,,,,,,,,,,,,,,
2026-06-29T01:02:09.536200+00:00,2026-06-29T11:02:09.532200,2,3,94.7,0.2,94.6,3,94.3,150,,,,,,,,,,,,,,,,,94.8,150,94.9,3,95.4,50,,,,,,,,,,,,,,
2026-06-29T01:02:09.668200+00:00,2026-06-29T11:02:09.667200,2,3,94.7,0.2,94.6,3,94.3,150,,,,,,,,,,,,,,,,,94.8,100,94.9,3,95.4,50,,,,,,,,,,,,,,
2026-06-29T01:02:09.976200+00:00,2026-06-29T11:02:09.972200,2,2,94.7,0.2,94.6,3,94.3,150,,,,,,,,,,,,,,,,,94.8,100,94.9,3,,,,,,,,,,,,,,,,
2026-06-29T01:02:10.031200+00:00,2026-06-29T11:02:10.024200,3,2,94.7,0.2,94.6,3,94.5,100,94.3,150,,,,,,,,,,,,,,,94.8,100,94.9,3,,,,,,,,,,,,,,,,
2026-06-29T01:02:10.086200+00:00,2026-06-29T11:02:10.077200,3,3,94.7,0.2,94.6,3,94.5,100,94.3,150,,,,,,,,,,,,,,,94.8,100,94.9,3,95.0,100,,,,,,,,,,,,,,
2026-06-29T01:02:10.339200+00:00,2026-06-29T11:02:10.329192,3,3,94.7,0.2,94.6,3,94.5,100,94.3,150,,,,,,,,,,,,,,,94.8,52,94.9,3,95.0,100,,,,,,,,,,,,,,
2026-06-29T01:02:11.010220+00:00,2026-06-29T11:02:11.004220,3,3,94.7,0.2,94.6,2,94.5,100,94.3,150,,,,,,,,,,,,,,,94.8,52,94.9,3,95.0,100,,,,,,,,,,,,,,
2026-06-29T01:02:11.791220+00:00,2026-06-29T11:02:11.785220,3,3,94.7,0.2,94.6,2,94.5,100,94.3,150,,,,,,,,,,,,,,,94.8,2,94.9,3,95.0,100,,,,,,,,,,,,,,
2026-06-29T01:02:11.846220+00:00,2026-06-29T11:02:11.843220,2,3,94.65,0.3,94.5,56,94.3,150,,,,,,,,,,,,,,,,,94.8,2,94.9,3,95.0,100,,,,,,,,,,,,,,
2026-06-29T01:02:12.583220+00:00,2026-06-29T11:02:12.578211,1,2,94.7,0.4,94.5,56,,,,,,,,,,,,,,,,,,,94.9,3,95.0,100,,,,,,,,,,,,,,,,
2026-06-29T01:02:12.638220+00:00,2026-06-29T11:02:12.630220,2,2,94.85,0.1,94.8,150,94.5,56,,,,,,,,,,,,,,,,,94.9,3,95.0,100,,,,,,,,,,,,,,,,
2026-06-29T01:02:12.649220+00:00,2026-06-29T11:02:12.647220,2,2,94.85,0.1,94.8,125,94.5,56,,,,,,,,,,,,,,,,,94.9,3,95.0,100,,,,,,,,,,,,,,,,
2026-06-29T01:02:12.692754+00:00,2026-06-29T11:02:12.687754,2,3,94.85,0.1,94.8,100,94.5,56,,,,,,,,,,,,,,,,,94.9,3,95.0,100,95.3,150,,,,,,,,,,,,,,
2026-06-29T01:02:12.857754+00:00,2026-06-29T11:02:12.855754,2,3,94.85,0.1,94.8,75,94.5,56,,,,,,,,,,,,,,,,,94.9,3,95.0,100,95.3,150,,,,,,,,,,,,,,
2026-06-29T01:02:12.901754+00:00,2026-06-29T11:02:12.897754,2,3,94.85,0.1,94.8,50,94.5,56,,,,,,,,,,,,,,,,,94.9,3,95.0,100,95.3,150,,,,,,,,,,,,,,
2026-06-29T01:02:13.077754+00:00,2026-06-29T11:02:13.068745,2,3,94.85,0.1,94.8,25,94.5,56,,,,,,,,,,,,,,,,,94.9,3,95.0,100,95.3,150,,,,,,,,,,,,,,
2026-06-29T01:02:13.143046+00:00,2026-06-29T11:02:13.141046,2,2,94.85,0.1,94.8,25,94.5,56,,,,,,,,,,,,,,,,,94.9,3,95.3,150,,,,,,,,,,,,,,,,
2026-06-29T01:02:13.154046+00:00,2026-06-29T11:02:13.143046,1,2,94.85,0.1,94.8,25,,,,,,,,,,,,,,,,,,,94.9,3,95.3,150,,,,,,,,,,,,,,,,
2026-06-29T01:02:13.198046+00:00,2026-06-29T11:02:13.196046,2,2,94.85,0.1,94.8,25,94.4,100,,,,,,,,,,,,,,,,,94.9,3,95.3,150,,,,,,,,,,,,,,,,
2026-06-29T01:02:13.253046+00:00,2026-06-29T11:02:13.252046,2,2,94.85,0.1,94.8,25,94.4,100,,,,,,,,,,,,,,,,,94.9,103,95.3,150,,,,,,,,,,,,,,,,
2026-06-29T01:02:13.913046+00:00,2026-06-29T11:02:13.911046,2,2,94.85,0.1,94.8,25,94.4,100,,,,,,,,,,,,,,,,,94.9,53,95.3,150,,,,,,,,,,,,,,,,
2026-06-29T01:02:14.826046+00:00,2026-06-29T11:02:14.824046,2,2,94.85,0.1,94.8,25,94.4,100,,,,,,,,,,,,,,,,,94.9,4,95.3,150,,,,,,,,,,,,,,,,
2026-06-29T01:02:15.739046+00:00,2026-06-29T11:02:15.737047,2,1,94.85,0.1,94.8,25,94.4,100,,,,,,,,,,,,,,,,,94.9,4,,,,,,,,,,,,,,,,,,
2026-06-29T01:02:15.750037+00:00,2026-06-29T11:02:15.739046,1,1,94.65,0.5,94.4,100,,,,,,,,,,,,,,,,,,,94.9,4,,,,,,,,,,,,,,,,,,
2026-06-29T01:02:15.805037+00:00,2026-06-29T11:02:15.796038,2,1,94.65,0.5,94.4,100,94.3,150,,,,,,,,,,,,,,,,,94.9,4,,,,,,,,,,,,,,,,,,
2026-06-29T01:02:15.860046+00:00,2026-06-29T11:02:15.849156,2,2,94.6,0.4,94.4,100,94.3,150,,,,,,,,,,,,,,,,,94.8,150,94.9,4,,,,,,,,,,,,,,,,
2026-06-29T01:02:16.266621+00:00,2026-06-29T11:02:16.265620,2,2,94.6,0.4,94.4,100,94.3,150,,,,,,,,,,,,,,,,,94.8,150,94.9,9,,,,,,,,,,,,,,,,
2026-06-29T01:02:16.310621+00:00,2026-06-29T11:02:16.306621,1,2,94.55,0.5,94.3,150,,,,,,,,,,,,,,,,,,,94.8,150,94.9,5,,,,,,,,,,,,,,,,
2026-06-29T01:02:16.365621+00:00,2026-06-29T11:02:16.362620,2,2,94.7,0.2,94.6,100,94.3,150,,,,,,,,,,,,,,,,,94.8,150,94.9,5,,,,,,,,,,,,,,,,
2026-06-29T01:02:16.398621+00:00,2026-06-29T11:02:16.388621,2,2,94.7,0.2,94.6,55,94.3,150,,,,,,,,,,,,,,,,,94.8,150,94.9,5,,,,,,,,,,,,,,,,
2026-06-29T01:02:16.420620+00:00,2026-06-29T11:02:16.415620,2,3,94.7,0.2,94.6,55,94.3,150,,,,,,,,,,,,,,,,,94.8,150,94.9,5,95.1,100,,,,,,,,,,,,,,
2026-06-29T01:02:17.641620+00:00,2026-06-29T11:02:17.639613,2,3,94.7,0.2,94.6,55,94.3,150,,,,,,,,,,,,,,,,,94.8,150,94.9,4,95.1,100,,,,,,,,,,,,,,
2026-06-29T01:02:17.916154+00:00,2026-06-29T11:02:17.915154,2,3,94.7,0.2,94.6,55,94.3,150,,,,,,,,,,,,,,,,,94.8,109,94.9,4,95.1,100,,,,,,,,,,,,,,
2026-06-29T01:02:18.125154+00:00,2026-06-29T11:02:18.124154,2,3,94.7,0.2,94.6,55,94.3,150,,,,,,,,,,,,,,,,,94.8,59,94.9,4,95.1,100,,,,,,,,,,,,,,
2026-06-29T01:02:18.905805+00:00,2026-06-29T11:02:18.904805,1,2,94.75,0.3,94.6,55,,,,,,,,,,,,,,,,,,,94.9,4,95.1,100,,,,,,,,,,,,,,,,
2026-06-29T01:02:18.960806+00:00,2026-06-29T11:02:18.957805,2,1,95.0,0.2,94.9,146,94.6,55,,,,,,,,,,,,,,,,,95.1,100,,,,,,,,,,,,,,,,,,
2026-06-29T01:02:19.015805+00:00,2026-06-29T11:02:19.011805,2,2,95.0,0.2,94.9,146,94.6,55,,,,,,,,,,,,,,,,,95.1,100,95.4,150,,,,,,,,,,,,,,,,
2026-06-29T01:02:19.477805+00:00,2026-06-29T11:02:19.469806,1,1,95.15,0.5,94.9,146,,,,,,,,,,,,,,,,,,,95.4,150,,,,,,,,,,,,,,,,,,
2026-06-29T01:02:19.532805+00:00,2026-06-29T11:02:19.522805,2,1,95.15,0.5,94.9,146,94.6,100,,,,,,,,,,,,,,,,,95.4,150,,,,,,,,,,,,,,,,,,
2026-06-29T01:02:19.576798+00:00,2026-06-29T11:02:19.576798,2,2,95.0,0.2,94.9,146,94.6,100,,,,,,,,,,,,,,,,,95.1,100,95.4,150,,,,,,,,,,,,,,,,
2026-06-29T01:02:19.620798+00:00,2026-06-29T11:02:19.618805,2,2,95.0,0.2,94.9,143,94.6,100,,,,,,,,,,,,,,,,,95.1,100,95.4,150,,,,,,,,,,,,,,,,
2026-06-29T01:02:20.236806+00:00,2026-06-29T11:02:20.231805,2,2,95.0,0.2,94.9,143,94.6,100,,,,,,,,,,,,,,,,,95.1,50,95.4,150,,,,,,,,,,,,,,,,
2026-06-29T01:02:20.291805+00:00,2026-06-29T11:02:20.285805,2,2,95.0,0.2,94.9,143,94.6,103,,,,,,,,,,,,,,,,,95.1,50,95.4,150,,,,,,,,,,,,,,,,
2026-06-29T01:02:20.302805+00:00,2026-06-29T11:02:20.296805,2,2,95.0,0.2,94.9,140,94.6,103,,,,,,,,,,,,,,,,,95.1,50,95.4,150,,,,,,,,,,,,,,,,
2026-06-29T01:02:20.346805+00:00,2026-06-29T11:02:20.337805,2,2,95.0,0.2,94.9,137,94.6,103,,,,,,,,,,,,,,,,,95.1,50,95.4,150,,,,,,,,,,,,,,,,
2026-06-29T01:02:21.446805+00:00,2026-06-29T11:02:21.436799,2,2,95.0,0.2,94.9,134,94.6,103,,,,,,,,,,,,,,,,,95.1,50,95.4,150,,,,,,,,,,,,,,,,
2026-06-29T01:02:21.655805+00:00,2026-06-29T11:02:21.645806,2,3,94.95,0.1,94.9,134,94.6,103,,,,,,,,,,,,,,,,,95.0,3,95.1,50,95.4,150,,,,,,,,,,,,,,
2026-06-29T01:02:22.073796+00:00,2026-06-29T11:02:22.065796,1,2,94.8,0.4,94.6,103,,,,,,,,,,,,,,,,,,,95.0,3,95.1,50,,,,,,,,,,,,,,,,
2026-06-29T01:02:22.117797+00:00,2026-06-29T11:02:22.116796,2,2,94.9,0.2,94.8,150,94.6,103,,,,,,,,,,,,,,,,,95.0,3,95.1,50,,,,,,,,,,,,,,,,
2026-06-29T01:02:22.150796+00:00,2026-06-29T11:02:22.149796,2,2,94.9,0.2,94.8,150,94.6,103,,,,,,,,,,,,,,,,,95.0,2,95.1,50,,,,,,,,,,,,,,,,
2026-06-29T01:02:22.172796+00:00,2026-06-29T11:02:22.169796,2,3,94.9,0.2,94.8,150,94.6,103,,,,,,,,,,,,,,,,,95.0,2,95.1,50,95.3,150,,,,,,,,,,,,,,
2026-06-29T01:02:22.405796+00:00,2026-06-29T11:02:22.399796,2,3,94.9,0.2,94.8,100,94.6,103,,,,,,,,,,,,,,,,,95.0,2,95.1,50,95.3,150,,,,,,,,,,,,,,
2026-06-29T01:02:22.636796+00:00,2026-06-29T11:02:22.628797,2,2,94.9,0.2,94.8,100,94.6,3,,,,,,,,,,,,,,,,,95.0,2,95.3,150,,,,,,,,,,,,,,,,
2026-06-29T01:02:22.691805+00:00,2026-06-29T11:02:22.681805,3,2,94.95,0.1,94.9,100,94.8,100,94.6,3,,,,,,,,,,,,,,,95.0,2,95.3,150,,,,,,,,,,,,,,,,
2026-06-29T01:02:22.735805+00:00,2026-06-29T11:02:22.734805,3,3,94.95,0.1,94.9,100,94.8,100,94.6,3,,,,,,,,,,,,,,,95.0,2,95.3,150,95.4,100,,,,,,,,,,,,,,
2026-06-29T01:02:23.615923+00:00,2026-06-29T11:02:23.604923,3,3,94.95,0.1,94.9,59,94.8,100,94.6,3,,,,,,,,,,,,,,,95.0,2,95.3,150,95.4,100,,,,,,,,,,,,,,
2026-06-29T01:02:24.132943+00:00,2026-06-29T11:02:24.125943,3,3,94.95,0.1,94.9,16,94.8,100,94.6,3,,,,,,,,,,,,,,,95.0,2,95.3,150,95.4,100,,,,,,,,,,,,,,
2026-06-29T01:02:24.330934+00:00,2026-06-29T11:02:24.327943,2,3,94.9,0.2,94.8,100,94.6,3,,,,,,,,,,,,,,,,,95.0,2,95.3,150,95.4,100,,,,,,,,,,,,,,
2026-06-29T01:02:24.451943+00:00,2026-06-29T11:02:24.440943,2,3,94.9,0.2,94.8,100,94.6,3,,,,,,,,,,,,,,,,,95.0,1,95.3,150,95.4,100,,,,,,,,,,,,,,
2026-06-29T01:02:24.517943+00:00,2026-06-29T11:02:24.508943,2,3,94.9,0.2,94.8,50,94.6,3,,,,,,,,,,,,,,,,,95.0,1,95.3,150,95.4,100,,,,,,,,,,,,,,
2026-06-29T01:02:24.616943+00:00,2026-06-29T11:02:24.605943,2,2,95.05,0.5,94.8,50,94.6,3,,,,,,,,,,,,,,,,,95.3,109,95.4,100,,,,,,,,,,,,,,,,
2026-06-29T01:02:25.232943+00:00,2026-06-29T11:02:25.223943,1,1,95.0,0.8,94.6,3,,,,,,,,,,,,,,,,,,,95.4,100,,,,,,,,,,,,,,,,,,
2026-06-29T01:02:25.287943+00:00,2026-06-29T11:02:25.277944,1,1,95.0,0.8,94.6,153,,,,,,,,,,,,,,,,,,,95.4,100,,,,,,,,,,,,,,,,,,
2026-06-29T01:02:25.331943+00:00,2026-06-29T11:02:25.328943,1,2,94.85,0.5,94.6,153,,,,,,,,,,,,,,,,,,,95.1,150,95.4,100,,,,,,,,,,,,,,,,
2026-06-29T01:02:25.463934+00:00,2026-06-29T11:02:25.453943,1,3,94.8,0.4,94.6,153,,,,,,,,,,,,,,,,,,,95.0,1,95.1,150,95.4,100,,,,,,,,,,,,,,
2026-06-29T01:02:25.573943+00:00,2026-06-29T11:02:25.568943,1,3,94.8,0.4,94.6,109,,,,,,,,,,,,,,,,,,,95.0,1,95.1,150,95.4,100,,,,,,,,,,,,,,
2026-06-29T01:02:25.617943+00:00,2026-06-29T11:02:25.616943,2,3,94.85,0.3,94.7,4,94.6,109,,,,,,,,,,,,,,,,,95.0,1,95.1,150,95.4,100,,,,,,,,,,,,,,
2026-06-29T01:02:25.793943+00:00,2026-06-29T11:02:25.789943,2,2,94.85,0.3,94.7,4,94.6,109,,,,,,,,,,,,,,,,,95.0,1,95.1,150,,,,,,,,,,,,,,,,
2026-06-29T01:02:25.859935+00:00,2026-06-29T11:02:25.857936,2,2,94.85,0.3,94.7,4,94.6,209,,,,,,,,,,,,,,,,,95.0,1,95.1,150,,,,,,,,,,,,,,,,
2026-06-29T01:02:25.914934+00:00,2026-06-29T11:02:25.910934,2,2,94.85,0.3,94.7,4,94.6,209,,,,,,,,,,,,,,,,,95.0,1,95.1,250,,,,,,,,,,,,,,,,
2026-06-29T01:02:26.607059+00:00,2026-06-29T11:02:26.602059,2,2,94.85,0.3,94.7,3,94.6,209,,,,,,,,,,,,,,,,,95.0,1,95.1,250,,,,,,,,,,,,,,,,
2026-06-29T01:02:26.618059+00:00,2026-06-29T11:02:26.617058,1,2,94.8,0.4,94.6,162,,,,,,,,,,,,,,,,,,,95.0,1,95.1,250,,,,,,,,,,,,,,,,
2026-06-29T01:02:26.695058+00:00,2026-06-29T11:02:26.684226,2,2,94.85,0.3,94.7,2,94.6,162,,,,,,,,,,,,,,,,,95.0,1,95.1,250,,,,,,,,,,,,,,,,
2026-06-29T01:02:27.377071+00:00,2026-06-29T11:02:27.366264,2,2,94.85,0.3,94.7,1,94.6,162,,,,,,,,,,,,,,,,,95.0,1,95.1,250,,,,,,,,,,,,,,,,
2026-06-29T01:02:28.388298+00:00,2026-06-29T11:02:28.384299,2,2,94.85,0.3,94.7,1,94.6,100,,,,,,,,,,,,,,,,,95.0,1,95.1,100,,,,,,,,,,,,,,,,
2026-06-29T01:02:28.443298+00:00,2026-06-29T11:02:28.437298,3,2,94.85,0.3,94.7,1,94.6,100,94.2,150,,,,,,,,,,,,,,,95.0,1,95.1,100,,,,,,,,,,,,,,,,
2026-06-29T01:02:28.498298+00:00,2026-06-29T11:02:28.494299,2,3,94.65,0.1,94.6,100,94.2,150,,,,,,,,,,,,,,,,,94.7,149,95.0,1,95.1,100,,,,,,,,,,,,,,
2026-06-29T01:02:28.542290+00:00,2026-06-29T11:02:28.536298,2,3,94.65,0.1,94.6,100,94.2,150,,,,,,,,,,,,,,,,,94.7,124,95.0,1,95.1,100,,,,,,,,,,,,,,
2026-06-29T01:02:28.553298+00:00,2026-06-29T11:02:28.547299,2,3,94.65,0.1,94.6,100,94.2,150,,,,,,,,,,,,,,,,,94.7,99,95.0,1,95.1,100,,,,,,,,,,,,,,
2026-06-29T01:02:28.630298+00:00,2026-06-29T11:02:28.624299,2,3,94.65,0.1,94.6,100,94.2,150,,,,,,,,,,,,,,,,,94.7,98,95.0,1,95.1,100,,,,,,,,,,,,,,
2026-06-29T01:02:28.696298+00:00,2026-06-29T11:02:28.685298,2,3,94.65,0.1,94.6,100,94.2,150,,,,,,,,,,,,,,,,,94.7,97,95.0,1,95.1,100,,,,,,,,,,,,,,
2026-06-29T01:02:28.729298+00:00,2026-06-29T11:02:28.722299,2,3,94.65,0.1,94.6,50,94.2,150,,,,,,,,,,,,,,,,,94.7,97,95.0,1,95.1,100,,,,,,,,,,,,,,
2026-06-29T01:02:28.751299+00:00,2026-06-29T11:02:28.744298,2,3,94.65,0.1,94.6,50,94.2,150,,,,,,,,,,,,,,,,,94.7,72,95.0,1,95.1,100,,,,,,,,,,,,,,
2026-06-29T01:02:28.762298+00:00,2026-06-29T11:02:28.755298,2,3,94.65,0.1,94.6,50,94.2,150,,,,,,,,,,,,,,,,,94.7,47,95.0,1,95.1,100,,,,,,,,,,,,,,
2026-06-29T01:02:28.971318+00:00,2026-06-29T11:02:28.970318,1,1,94.6,0.8,94.2,150,,,,,,,,,,,,,,,,,,,95.0,1,,,,,,,,,,,,,,,,,,
2026-06-29T01:02:29.026319+00:00,2026-06-29T11:02:29.022318,2,1,94.7,0.6,94.4,100,94.2,150,,,,,,,,,,,,,,,,,95.0,1,,,,,,,,,,,,,,,,,,
2026-06-29T01:02:29.081319+00:00,2026-06-29T11:02:29.080318,2,2,94.65,0.5,94.4,100,94.2,150,,,,,,,,,,,,,,,,,94.9,100,95.0,1,,,,,,,,,,,,,,,,
2026-06-29T01:02:29.455319+00:00,2026-06-29T11:02:29.453318,3,2,94.8,0.2,94.7,3,94.4,100,94.2,150,,,,,,,,,,,,,,,94.9,100,95.0,1,,,,,,,,,,,,,,,,
2026-06-29T01:02:29.576318+00:00,2026-06-29T11:02:29.574319,3,2,94.8,0.2,94.7,3,94.4,100,94.2,150,,,,,,,,,,,,,,,94.9,75,95.0,1,,,,,,,,,,,,,,,,
2026-06-29T01:02:29.598318+00:00,2026-06-29T11:02:29.596319,3,2,94.8,0.2,94.7,3,94.4,100,94.2,150,,,,,,,,,,,,,,,94.9,50,95.0,1,,,,,,,,,,,,,,,,
2026-06-29T01:02:29.796318+00:00,2026-06-29T11:02:29.785319,3,2,94.8,0.2,94.7,3,94.4,100,94.2,150,,,,,,,,,,,,,,,94.9,25,95.0,1,,,,,,,,,,,,,,,,
2026-06-29T01:02:29.807319+00:00,2026-06-29T11:02:29.801318,3,1,94.85,0.3,94.7,3,94.4,100,94.2,150,,,,,,,,,,,,,,,95.0,1,,,,,,,,,,,,,,,,,,
2026-06-29T01:02:30.423318+00:00,2026-06-29T11:02:30.418318,3,0,,,94.7,3,94.4,100,94.2,150,,,,,,,,,,,,,,,,,,,,,,,,,,,,,,,,,,
2026-06-29T01:02:30.445318+00:00,2026-06-29T11:02:30.441318,3,1,94.85,0.3,94.7,3,94.4,100,94.2,150,,,,,,,,,,,,,,,95.0,2,,,,,,,,,,,,,,,,,,
2026-06-29T01:02:30.841318+00:00,2026-06-29T11:02:30.832310,2,1,94.7,0.6,94.4,53,94.2,150,,,,,,,,,,,,,,,,,95.0,2,,,,,,,,,,,,,,,,,,
2026-06-29T01:02:30.918318+00:00,2026-06-29T11:02:30.907318,3,1,94.85,0.3,94.7,4,94.4,53,94.2,150,,,,,,,,,,,,,,,95.0,2,,,,,,,,,,,,,,,,,,
2026-06-29T01:02:31.358318+00:00,2026-06-29T11:02:31.353319,3,1,94.85,0.3,94.7,3,94.4,53,94.2,150,,,,,,,,,,,,,,,95.0,2,,,,,,,,,,,,,,,,,,
2026-06-29T01:02:31.556319+00:00,2026-06-29T11:02:31.545318,2,1,94.85,0.3,94.7,3,94.4,53,,,,,,,,,,,,,,,,,95.0,2,,,,,,,,,,,,,,,,,,
2026-06-29T01:02:31.600318+00:00,2026-06-29T11:02:31.598318,3,1,94.95,0.1,94.9,150,94.7,3,94.4,53,,,,,,,,,,,,,,,95.0,2,,,,,,,,,,,,,,,,,,
2026-06-29T01:02:31.655318+00:00,2026-06-29T11:02:31.651319,3,2,94.95,0.1,94.9,150,94.7,3,94.4,53,,,,,,,,,,,,,,,95.0,2,95.4,150,,,,,,,,,,,,,,,,
2026-06-29T01:02:31.919318+00:00,2026-06-29T11:02:31.910318,3,2,94.95,0.1,94.9,150,94.7,2,94.4,53,,,,,,,,,,,,,,,95.0,2,95.4,150,,,,,,,,,,,,,,,,
2026-06-29T01:02:32.139318+00:00,2026-06-29T11:02:32.129318,2,2,94.95,0.1,94.9,150,94.7,2,,,,,,,,,,,,,,,,,95.0,2,95.4,150,,,,,,,,,,,,,,,,
2026-06-29T01:02:32.194319+00:00,2026-06-29T11:02:32.183318,2,2,94.95,0.1,94.9,150,94.7,102,,,,,,,,,,,,,,,,,95.0,2,95.4,150,,,,,,,,,,,,,,,,
2026-06-29T01:02:32.238318+00:00,2026-06-29T11:02:32.235309,2,3,94.95,0.1,94.9,150,94.7,102,,,,,,,,,,,,,,,,,95.0,2,95.2,100,95.4,150,,,,,,,,,,,,,,
2026-06-29T01:02:32.766318+00:00,2026-06-29T11:02:32.759318,2,2,95.05,0.3,94.9,150,94.7,102,,,,,,,,,,,,,,,,,95.2,55,95.4,150,,,,,,,,,,,,,,,,
2026-06-29T01:02:32.942318+00:00,2026-06-29T11:02:32.937319,2,2,95.05,0.3,94.9,100,94.7,102,,,,,,,,,,,,,,,,,95.2,55,95.4,150,,,,,,,,,,,,,,,,
2026-06-29T01:02:33.360415+00:00,2026-06-29T11:02:33.350416,2,3,95.0,0.2,94.9,100,94.7,102,,,,,,,,,,,,,,,,,95.1,2,95.2,55,95.4,150,,,,,,,,,,,,,,
2026-06-29T01:02:33.899425+00:00,2026-06-29T11:02:33.894424,2,3,95.0,0.2,94.9,55,94.7,102,,,,,,,,,,,,,,,,,95.1,2,95.2,55,95.4,150,,,,,,,,,,,,,,
2026-06-29T01:02:34.712958+00:00,2026-06-29T11:02:34.706958,1,2,94.9,0.4,94.7,102,,,,,,,,,,,,,,,,,,,95.1,2,95.2,55,,,,,,,,,,,,,,,,
2026-06-29T01:02:34.767958+00:00,2026-06-29T11:02:34.759958,2,2,94.9,0.4,94.7,102,94.6,150,,,,,,,,,,,,,,,,,95.1,2,95.2,55,,,,,,,,,,,,,,,,
2026-06-29T01:02:34.822958+00:00,2026-06-29T11:02:34.813958,2,2,94.9,0.4,94.7,102,94.6,150,,,,,,,,,,,,,,,,,95.1,152,95.2,55,,,,,,,,,,,,,,,,
2026-06-29T01:02:35.053958+00:00,2026-06-29T11:02:35.045958,2,2,94.9,0.4,94.7,52,94.6,150,,,,,,,,,,,,,,,,,95.1,152,95.2,55,,,,,,,,,,,,,,,,
2026-06-29T01:02:35.075958+00:00,2026-06-29T11:02:35.073958,3,2,94.95,0.3,94.8,4,94.7,52,94.6,150,,,,,,,,,,,,,,,95.1,152,95.2,55,,,,,,,,,,,,,,,,
2026-06-29T01:02:35.295958+00:00,2026-06-29T11:02:35.289958,2,1,94.95,0.3,94.8,4,94.6,150,,,,,,,,,,,,,,,,,95.1,152,,,,,,,,,,,,,,,,,,
2026-06-29T01:02:35.350958+00:00,2026-06-29T11:02:35.341958,2,1,94.95,0.3,94.8,104,94.6,150,,,,,,,,,,,,,,,,,95.1,152,,,,,,,,,,,,,,,,,,
2026-06-29T01:02:35.405958+00:00,2026-06-29T11:02:35.395144,2,2,94.95,0.3,94.8,104,94.6,150,,,,,,,,,,,,,,,,,95.1,152,95.3,100,,,,,,,,,,,,,,,,
2026-06-29T01:02:35.570958+00:00,2026-06-29T11:02:35.568958,2,2,94.95,0.3,94.8,103,94.6,150,,,,,,,,,,,,,,,,,95.1,152,95.3,100,,,,,,,,,,,,,,,,
2026-06-29T01:02:36.087994+00:00,2026-06-29T11:02:36.084994,2,2,94.95,0.3,94.8,103,94.6,150,,,,,,,,,,,,,,,,,95.1,151,95.3,100,,,,,,,,,,,,,,,,
2026-06-29T01:02:36.363003+00:00,2026-06-29T11:02:36.361003,2,2,94.95,0.3,94.8,103,94.6,150,,,,,,,,,,,,,,,,,95.1,150,95.3,100,,,,,,,,,,,,,,,,
2026-06-29T01:02:37.111004+00:00,2026-06-29T11:02:37.100004,2,2,94.95,0.3,94.8,103,94.6,150,,,,,,,,,,,,,,,,,95.1,100,95.3,100,,,,,,,,,,,,,,,,
2026-06-29T01:02:37.848003+00:00,2026-06-29T11:02:37.844003,2,2,94.95,0.3,94.8,103,94.6,150,,,,,,,,,,,,,,,,,95.1,101,95.3,100,,,,,,,,,,,,,,,,
2026-06-29T01:02:37.870003+00:00,2026-06-29T11:02:37.868994,1,2,94.95,0.3,94.8,103,,,,,,,,,,,,,,,,,,,95.1,1,95.3,100,,,,,,,,,,,,,,,,
2026-06-29T01:02:37.892003+00:00,2026-06-29T11:02:37.886003,1,1,95.05,0.5,94.8,103,,,,,,,,,,,,,,,,,,,95.3,100,,,,,,,,,,,,,,,,,,
2026-06-29T01:02:37.925003+00:00,2026-06-29T11:02:37.921003,1,1,95.05,0.5,94.8,253,,,,,,,,,,,,,,,,,,,95.3,100,,,,,,,,,,,,,,,,,,
2026-06-29T01:02:37.980003+00:00,2026-06-29T11:02:37.975995,1,1,95.05,0.5,94.8,253,,,,,,,,,,,,,,,,,,,95.3,250,,,,,,,,,,,,,,,,,,
2026-06-29T01:02:38.210181+00:00,2026-06-29T11:02:38.206181,1,2,94.95,0.3,94.8,253,,,,,,,,,,,,,,,,,,,95.1,1,95.3,250,,,,,,,,,,,,,,,,
2026-06-29T01:02:38.463181+00:00,2026-06-29T11:02:38.457173,1,2,94.95,0.3,94.8,153,,,,,,,,,,,,,,,,,,,95.1,1,95.3,150,,,,,,,,,,,,,,,,
2026-06-29T01:02:38.518181+00:00,2026-06-29T11:02:38.510181,1,2,94.95,0.3,94.8,253,,,,,,,,,,,,,,,,,,,95.1,1,95.3,150,,,,,,,,,,,,,,,,
2026-06-29T01:02:38.573181+00:00,2026-06-29T11:02:38.563174,1,2,94.95,0.3,94.8,253,,,,,,,,,,,,,,,,,,,95.1,1,95.3,250,,,,,,,,,,,,,,,,
2026-06-29T01:02:38.957181+00:00,2026-06-29T11:02:38.950182,1,1,95.05,0.5,94.8,253,,,,,,,,,,,,,,,,,,,95.3,211,,,,,,,,,,,,,,,,,,
2026-06-29T01:02:39.210201+00:00,2026-06-29T11:02:39.208200,1,1,95.05,0.5,94.8,253,,,,,,,,,,,,,,,,,,,95.3,163,,,,,,,,,,,,,,,,,,
2026-06-29T01:02:39.364201+00:00,2026-06-29T11:02:39.362201,1,2,94.95,0.3,94.8,253,,,,,,,,,,,,,,,,,,,95.1,2,95.3,163,,,,,,,,,,,,,,,,
2026-06-29T01:02:39.650201+00:00,2026-06-29T11:02:39.649192,1,1,95.05,0.5,94.8,253,,,,,,,,,,,,,,,,,,,95.3,123,,,,,,,,,,,,,,,,,,
2026-06-29T01:02:40.409201+00:00,2026-06-29T11:02:40.408192,1,2,94.95,0.3,94.8,253,,,,,,,,,,,,,,,,,,,95.1,2,95.3,123,,,,,,,,,,,,,,,,
2026-06-29T01:02:41.036311+00:00,2026-06-29T11:02:41.030311,1,2,94.95,0.3,94.8,103,,,,,,,,,,,,,,,,,,,95.1,2,95.3,100,,,,,,,,,,,,,,,,
2026-06-29T01:02:41.091311+00:00,2026-06-29T11:02:41.084311,2,1,95.25,0.1,95.2,148,94.8,103,,,,,,,,,,,,,,,,,95.3,100,,,,,,,,,,,,,,,,,,
2026-06-29T01:02:41.113310+00:00,2026-06-29T11:02:41.109311,2,1,95.25,0.1,95.2,146,94.8,103,,,,,,,,,,,,,,,,,95.3,100,,,,,,,,,,,,,,,,,,
2026-06-29T01:02:41.146201+00:00,2026-06-29T11:02:41.137201,2,2,95.25,0.1,95.2,144,94.8,103,,,,,,,,,,,,,,,,,95.3,100,95.7,150,,,,,,,,,,,,,,,,
2026-06-29T01:02:41.179201+00:00,2026-06-29T11:02:41.173202,2,2,95.25,0.1,95.2,142,94.8,103,,,,,,,,,,,,,,,,,95.3,100,95.7,150,,,,,,,,,,,,,,,,
2026-06-29T01:02:41.212201+00:00,2026-06-29T11:02:41.211201,2,2,95.25,0.1,95.2,117,94.8,103,,,,,,,,,,,,,,,,,95.3,100,95.7,150,,,,,,,,,,,,,,,,
2026-06-29T01:02:41.234201+00:00,2026-06-29T11:02:41.230192,2,2,95.25,0.1,95.2,90,94.8,103,,,,,,,,,,,,,,,,,95.3,100,95.7,150,,,,,,,,,,,,,,,,
2026-06-29T01:02:41.267201+00:00,2026-06-29T11:02:41.264193,2,2,95.25,0.1,95.2,88,94.8,103,,,,,,,,,,,,,,,,,95.3,100,95.7,150,,,,,,,,,,,,,,,,
2026-06-29T01:02:41.322201+00:00,2026-06-29T11:02:41.313201,2,2,95.25,0.1,95.2,88,94.8,103,,,,,,,,,,,,,,,,,95.3,50,95.7,150,,,,,,,,,,,,,,,,
2026-06-29T01:02:41.377201+00:00,2026-06-29T11:02:41.371192,2,2,95.25,0.1,95.2,87,94.8,103,,,,,,,,,,,,,,,,,95.3,50,95.7,150,,,,,,,,,,,,,,,,
2026-06-29T01:02:41.399201+00:00,2026-06-29T11:02:41.398201,2,2,95.25,0.1,95.2,86,94.8,103,,,,,,,,,,,,,,,,,95.3,50,95.7,150,,,,,,,,,,,,,,,,
2026-06-29T01:02:41.432201+00:00,2026-06-29T11:02:41.424192,2,2,95.25,0.1,95.2,61,94.8,103,,,,,,,,,,,,,,,,,95.3,50,95.7,150,,,,,,,,,,,,,,,,
2026-06-29T01:02:41.630201+00:00,2026-06-29T11:02:41.626201,2,1,95.45,0.5,95.2,61,94.8,3,,,,,,,,,,,,,,,,,95.7,150,,,,,,,,,,,,,,,,,,
2026-06-29T01:02:41.685201+00:00,2026-06-29T11:02:41.675192,3,1,95.45,0.5,95.2,61,95.0,100,94.8,3,,,,,,,,,,,,,,,95.7,150,,,,,,,,,,,,,,,,,,
2026-06-29T01:02:41.740202+00:00,2026-06-29T11:02:41.729201,3,2,95.35,0.3,95.2,61,95.0,100,94.8,3,,,,,,,,,,,,,,,95.5,100,95.7,150,,,,,,,,,,,,,,,,
2026-06-29T01:02:42.048192+00:00,2026-06-29T11:02:42.043192,3,2,95.35,0.3,95.2,58,95.0,100,94.8,3,,,,,,,,,,,,,,,95.5,100,95.7,150,,,,,,,,,,,,,,,,
2026-06-29T01:02:42.257201+00:00,2026-06-29T11:02:42.251193,3,2,95.35,0.3,95.2,55,95.0,100,94.8,3,,,,,,,,,,,,,,,95.5,100,95.7,150,,,,,,,,,,,,,,,,
2026-06-29T01:02:42.312201+00:00,2026-06-29T11:02:42.308201,3,2,95.35,0.3,95.2,53,95.0,100,94.8,3,,,,,,,,,,,,,,,95.5,100,95.7,150,,,,,,,,,,,,,,,,
2026-06-29T01:02:42.466201+00:00,2026-06-29T11:02:42.460201,3,2,95.35,0.3,95.2,50,95.0,100,94.8,3,,,,,,,,,,,,,,,95.5,100,95.7,150,,,,,,,,,,,,,,,,
2026-06-29T01:02:42.598201+00:00,2026-06-29T11:02:42.591201,3,2,95.35,0.3,95.2,10,95.0,100,94.8,3,,,,,,,,,,,,,,,95.5,100,95.7,150,,,,,,,,,,,,,,,,
2026-06-29T01:02:42.675192+00:00,2026-06-29T11:02:42.675192,2,2,95.25,0.5,95.0,75,94.8,3,,,,,,,,,,,,,,,,,95.5,100,95.7,150,,,,,,,,,,,,,,,,
2026-06-29T01:02:42.884201+00:00,2026-06-29T11:02:42.882201,2,2,95.25,0.5,95.0,50,94.8,3,,,,,,,,,,,,,,,,,95.5,100,95.7,150,,,,,,,,,,,,,,,,
2026-06-29T01:02:42.895201+00:00,2026-06-29T11:02:42.891201,2,2,95.25,0.5,95.0,25,94.8,3,,,,,,,,,,,,,,,,,95.5,100,95.7,150,,,,,,,,,,,,,,,,
2026-06-29T01:02:43.093201+00:00,2026-06-29T11:02:43.091201,1,2,95.15,0.7,94.8,3,,,,,,,,,,,,,,,,,,,95.5,100,95.7,150,,,,,,,,,,,,,,,,
2026-06-29T01:02:43.268885+00:00,2026-06-29T11:02:43.258885,1,3,95.0,0.4,94.8,3,,,,,,,,,,,,,,,,,,,95.2,1,95.5,100,95.7,150,,,,,,,,,,,,,,
2026-06-29T01:02:43.488885+00:00,2026-06-29T11:02:43.486884,0,3,,,,,,,,,,,,,,,,,,,,,,,95.2,1,95.5,100,95.7,150,,,,,,,,,,,,,,
2026-06-29T01:02:43.532885+00:00,2026-06-29T11:02:43.523876,1,3,95.05,0.3,94.9,5,,,,,,,,,,,,,,,,,,,95.2,1,95.5,100,95.7,150,,,,,,,,,,,,,,
2026-06-29T01:02:43.939876+00:00,2026-06-29T11:02:43.934884,1,3,95.05,0.3,94.9,4,,,,,,,,,,,,,,,,,,,95.2,1,95.5,100,95.7,150,,,,,,,,,,,,,,
2026-06-29T01:02:44.192885+00:00,2026-06-29T11:02:44.190885,1,2,95.05,0.3,94.9,4,,,,,,,,,,,,,,,,,,,95.2,1,95.5,100,,,,,,,,,,,,,,,,
2026-06-29T01:02:44.247885+00:00,2026-06-29T11:02:44.242884,2,2,95.05,0.3,94.9,4,94.6,150,,,,,,,,,,,,,,,,,95.2,1,95.5,100,,,,,,,,,,,,,,,,
2026-06-29T01:02:44.302444+00:00,2026-06-29T11:02:44.295444,2,3,95.0,0.2,94.9,4,94.6,150,,,,,,,,,,,,,,,,,95.1,150,95.2,1,95.5,100,,,,,,,,,,,,,,
2026-06-29T01:02:44.785619+00:00,2026-06-29T11:02:44.784620,2,2,95.0,0.2,94.9,4,94.6,150,,,,,,,,,,,,,,,,,95.1,150,95.2,1,,,,,,,,,,,,,,,,
2026-06-29T01:02:44.840619+00:00,2026-06-29T11:02:44.839619,3,2,95.0,0.2,94.9,4,94.6,150,94.5,100,,,,,,,,,,,,,,,95.1,150,95.2,1,,,,,,,,,,,,,,,,
2026-06-29T01:02:44.906619+00:00,2026-06-29T11:02:44.896620,3,3,94.95,0.1,94.9,4,94.6,150,94.5,100,,,,,,,,,,,,,,,95.0,100,95.1,150,95.2,1,,,,,,,,,,,,,,
2026-06-29T01:02:45.225619+00:00,2026-06-29T11:02:45.224619,3,2,94.95,0.1,94.9,4,94.6,150,94.5,100,,,,,,,,,,,,,,,95.0,100,95.1,150,,,,,,,,,,,,,,,,
2026-06-29T01:02:46.127176+00:00,2026-06-29T11:02:46.120176,3,3,94.95,0.1,94.9,4,94.6,150,94.5,100,,,,,,,,,,,,,,,95.0,100,95.1,150,95.2,1,,,,,,,,,,,,,,
2026-06-29T01:02:47.348187+00:00,2026-06-29T11:02:47.339188,2,3,94.8,0.4,94.6,113,94.5,100,,,,,,,,,,,,,,,,,95.0,100,95.1,150,95.2,1,,,,,,,,,,,,,,
2026-06-29T01:02:47.359187+00:00,2026-06-29T11:02:47.351187,1,2,94.75,0.5,94.5,100,,,,,,,,,,,,,,,,,,,95.0,100,95.2,1,,,,,,,,,,,,,,,,
2026-06-29T01:02:47.370187+00:00,2026-06-29T11:02:47.359323,2,2,94.9,0.2,94.8,4,94.5,100,,,,,,,,,,,,,,,,,95.0,100,95.2,1,,,,,,,,,,,,,,,,
2026-06-29T01:02:47.414187+00:00,2026-06-29T11:02:47.405187,3,2,94.9,0.2,94.8,4,94.5,100,94.4,150,,,,,,,,,,,,,,,95.0,100,95.2,1,,,,,,,,,,,,,,,,
2026-06-29T01:02:47.458196+00:00,2026-06-29T11:02:47.457196,3,3,94.85,0.1,94.8,4,94.5,100,94.4,150,,,,,,,,,,,,,,,94.9,150,95.0,100,95.2,1,,,,,,,,,,,,,,
2026-06-29T01:02:47.645197+00:00,2026-06-29T11:02:47.644188,3,3,94.85,0.1,94.8,4,94.5,100,94.4,150,,,,,,,,,,,,,,,94.9,100,95.0,100,95.2,1,,,,,,,,,,,,,,
2026-06-29T01:02:47.964196+00:00,2026-06-29T11:02:47.955196,2,2,94.85,0.1,94.8,4,94.4,150,,,,,,,,,,,,,,,,,94.9,100,95.2,1,,,,,,,,,,,,,,,,
2026-06-29T01:02:48.019196+00:00,2026-06-29T11:02:48.011196,3,2,94.85,0.1,94.8,4,94.6,100,94.4,150,,,,,,,,,,,,,,,94.9,100,95.2,1,,,,,,,,,,,,,,,,
2026-06-29T01:02:48.074196+00:00,2026-06-29T11:02:48.064197,3,3,94.85,0.1,94.8,4,94.6,100,94.4,150,,,,,,,,,,,,,,,94.9,100,95.1,100,95.2,1,,,,,,,,,,,,,,
2026-06-29T01:02:49.326008+00:00,2026-06-29T11:02:49.316009,3,3,94.85,0.1,94.8,4,94.6,100,94.4,150,,,,,,,,,,,,,,,94.9,75,95.1,100,95.2,1,,,,,,,,,,,,,,
2026-06-29T01:02:49.337008+00:00,2026-06-29T11:02:49.334009,3,3,94.85,0.1,94.8,4,94.6,100,94.4,150,,,,,,,,,,,,,,,94.9,50,95.1,100,95.2,1,,,,,,,,,,,,,,
2026-06-29T01:02:49.535008+00:00,2026-06-29T11:02:49.533006,3,3,94.85,0.1,94.8,4,94.6,100,94.4,150,,,,,,,,,,,,,,,94.9,25,95.1,100,95.2,1,,,,,,,,,,,,,,
2026-06-29T01:02:49.546008+00:00,2026-06-29T11:02:49.544008,3,2,94.95,0.3,94.8,4,94.6,100,94.4,150,,,,,,,,,,,,,,,95.1,100,95.2,1,,,,,,,,,,,,,,,,
2026-06-29T01:02:49.766008+00:00,2026-06-29T11:02:49.755008,3,2,94.95,0.3,94.8,4,94.6,100,94.4,150,,,,,,,,,,,,,,,95.1,50,95.2,1,,,,,,,,,,,,,,,,
2026-06-29T01:02:50.514009+00:00,2026-06-29T11:02:50.510008,2,2,94.95,0.3,94.8,4,94.6,100,,,,,,,,,,,,,,,,,95.1,50,95.2,1,,,,,,,,,,,,,,,,
2026-06-29T01:02:50.569008+00:00,2026-06-29T11:02:50.565008,3,0,,,95.2,99,94.8,4,94.6,100,,,,,,,,,,,,,,,,,,,,,,,,,,,,,,,,,,
2026-06-29T01:02:50.624008+00:00,2026-06-29T11:02:50.619008,3,1,95.45,0.5,95.2,99,94.8,4,94.6,100,,,,,,,,,,,,,,,95.7,150,,,,,,,,,,,,,,,,,,
2026-06-29T01:02:50.745008+00:00,2026-06-29T11:02:50.742008,3,1,95.45,0.5,95.2,97,94.8,4,94.6,100,,,,,,,,,,,,,,,95.7,150,,,,,,,,,,,,,,,,,,
2026-06-29T01:02:50.965009+00:00,2026-06-29T11:02:50.962008,3,1,95.45,0.5,95.2,95,94.8,4,94.6,100,,,,,,,,,,,,,,,95.7,150,,,,,,,,,,,,,,,,,,
2026-06-29T01:02:51.130008+00:00,2026-06-29T11:02:51.119008,2,1,95.45,0.5,95.2,95,94.8,4,,,,,,,,,,,,,,,,,95.7,150,,,,,,,,,,,,,,,,,,
2026-06-29T01:02:51.163008+00:00,2026-06-29T11:02:51.153009,2,1,95.45,0.5,95.2,67,94.8,4,,,,,,,,,,,,,,,,,95.7,150,,,,,,,,,,,,,,,,,,
2026-06-29T01:02:51.174008+00:00,2026-06-29T11:02:51.172008,3,1,95.45,0.5,95.2,67,94.9,100,94.8,4,,,,,,,,,,,,,,,95.7,150,,,,,,,,,,,,,,,,,,
2026-06-29T01:02:51.229008+00:00,2026-06-29T11:02:51.226008,3,2,95.3,0.2,95.2,67,94.9,100,94.8,4,,,,,,,,,,,,,,,95.4,100,95.7,150,,,,,,,,,,,,,,,,
2026-06-29T01:02:51.570008+00:00,2026-06-29T11:02:51.561009,3,2,95.3,0.2,95.2,64,94.9,100,94.8,4,,,,,,,,,,,,,,,95.4,100,95.7,150,,,,,,,,,,,,,,,,
2026-06-29T01:02:51.779008+00:00,2026-06-29T11:02:51.774008,3,2,95.3,0.2,95.2,14,94.9,100,94.8,4,,,,,,,,,,,,,,,95.4,100,95.7,150,,,,,,,,,,,,,,,,
2026-06-29T01:02:51.867008+00:00,2026-06-29T11:02:51.864008,3,2,95.3,0.2,95.2,14,94.9,100,94.8,4,,,,,,,,,,,,,,,95.4,50,95.7,150,,,,,,,,,,,,,,,,
2026-06-29T01:02:51.988008+00:00,2026-06-29T11:02:51.983009,2,2,95.15,0.5,94.9,100,94.8,4,,,,,,,,,,,,,,,,,95.4,50,95.7,150,,,,,,,,,,,,,,,,
2026-06-29T01:02:52.449559+00:00,2026-06-29T11:02:52.448558,2,2,95.15,0.5,94.9,100,94.8,4,,,,,,,,,,,,,,,,,95.4,3,95.7,150,,,,,,,,,,,,,,,,
2026-06-29T01:02:53.680799+00:00,2026-06-29T11:02:53.673798,2,1,95.15,0.5,94.9,100,94.8,4,,,,,,,,,,,,,,,,,95.4,3,,,,,,,,,,,,,,,,,,
2026-06-29T01:02:53.746799+00:00,2026-06-29T11:02:53.735798,3,1,95.15,0.5,94.9,100,94.8,4,94.4,150,,,,,,,,,,,,,,,95.4,3,,,,,,,,,,,,,,,,,,
2026-06-29T01:02:53.801798+00:00,2026-06-29T11:02:53.790976,2,2,94.85,0.1,94.8,4,94.4,150,,,,,,,,,,,,,,,,,94.9,50,95.4,3,,,,,,,,,,,,,,,,
2026-06-29T01:02:53.988798+00:00,2026-06-29T11:02:53.984798,2,1,95.1,0.6,94.8,4,94.4,150,,,,,,,,,,,,,,,,,95.4,3,,,,,,,,,,,,,,,,,,
2026-06-29T01:02:54.285789+00:00,2026-06-29T11:02:54.280789,2,0,,,94.8,4,94.4,150,,,,,,,,,,,,,,,,,,,,,,,,,,,,,,,,,,,,
2026-06-29T01:02:54.351789+00:00,2026-06-29T11:02:54.345790,2,0,,,94.8,104,94.4,150,,,,,,,,,,,,,,,,,,,,,,,,,,,,,,,,,,,,
2026-06-29T01:02:54.406789+00:00,2026-06-29T11:02:54.395789,2,1,95.05,0.5,94.8,104,94.4,150,,,,,,,,,,,,,,,,,95.3,100,,,,,,,,,,,,,,,,,,
2026-06-29T01:02:55.495819+00:00,2026-06-29T11:02:55.489811,2,2,95.0,0.4,94.8,104,94.4,150,,,,,,,,,,,,,,,,,95.2,2,95.3,100,,,,,,,,,,,,,,,,
2026-06-29T01:02:55.968818+00:00,2026-06-29T11:02:55.959818,2,2,95.0,0.4,94.8,59,94.4,150,,,,,,,,,,,,,,,,,95.2,2,95.3,100,,,,,,,,,,,,,,,,
2026-06-29T01:02:56.100374+00:00,2026-06-29T11:02:56.092374,2,1,95.05,0.5,94.8,59,94.4,150,,,,,,,,,,,,,,,,,95.3,52,,,,,,,,,,,,,,,,,,
2026-06-29T01:02:56.617365+00:00,2026-06-29T11:02:56.616365,3,1,95.1,0.4,94.9,4,94.8,59,94.4,150,,,,,,,,,,,,,,,95.3,52,,,,,,,,,,,,,,,,,,
2026-06-29T01:02:56.848374+00:00,2026-06-29T11:02:56.843374,2,1,95.1,0.4,94.9,4,94.8,59,,,,,,,,,,,,,,,,,95.3,52,,,,,,,,,,,,,,,,,,
2026-06-29T01:02:56.903374+00:00,2026-06-29T11:02:56.896374,3,1,95.2,0.2,95.1,150,94.9,4,94.8,59,,,,,,,,,,,,,,,95.3,52,,,,,,,,,,,,,,,,,,
2026-06-29T01:02:56.958374+00:00,2026-06-29T11:02:56.949374,3,2,95.2,0.2,95.1,150,94.9,4,94.8,59,,,,,,,,,,,,,,,95.3,52,95.6,150,,,,,,,,,,,,,,,,
2026-06-29T01:02:57.024374+00:00,2026-06-29T11:02:57.015374,3,2,95.2,0.2,95.1,125,94.9,4,94.8,59,,,,,,,,,,,,,,,95.3,52,95.6,150,,,,,,,,,,,,,,,,
2026-06-29T01:02:57.057374+00:00,2026-06-29T11:02:57.049374,3,2,95.2,0.2,95.1,100,94.9,4,94.8,59,,,,,,,,,,,,,,,95.3,52,95.6,150,,,,,,,,,,,,,,,,
2026-06-29T01:02:57.101374+00:00,2026-06-29T11:02:57.090374,3,2,95.2,0.2,95.1,100,94.9,3,94.8,59,,,,,,,,,,,,,,,95.3,52,95.6,150,,,,,,,,,,,,,,,,
2026-06-29T01:02:57.189374+00:00,2026-06-29T11:02:57.180375,3,2,95.2,0.2,95.1,56,94.9,3,94.8,59,,,,,,,,,,,,,,,95.3,52,95.6,150,,,,,,,,,,,,,,,,
2026-06-29T01:02:57.453394+00:00,2026-06-29T11:02:57.447394,2,1,95.35,0.5,95.1,56,94.9,3,,,,,,,,,,,,,,,,,95.6,150,,,,,,,,,,,,,,,,,,
2026-06-29T01:02:57.508394+00:00,2026-06-29T11:02:57.501394,2,1,95.35,0.5,95.1,56,94.9,103,,,,,,,,,,,,,,,,,95.6,150,,,,,,,,,,,,,,,,,,
2026-06-29T01:02:57.563394+00:00,2026-06-29T11:02:57.554394,2,2,95.25,0.3,95.1,56,94.9,103,,,,,,,,,,,,,,,,,95.4,100,95.6,150,,,,,,,,,,,,,,,,
2026-06-29T01:02:57.992394+00:00,2026-06-29T11:02:57.984394,2,3,95.15,0.1,95.1,56,94.9,103,,,,,,,,,,,,,,,,,95.2,3,95.4,100,95.6,150,,,,,,,,,,,,,,
2026-06-29T01:02:58.222652+00:00,2026-06-29T11:02:58.212652,2,2,95.25,0.3,95.1,56,94.9,103,,,,,,,,,,,,,,,,,95.4,54,95.6,150,,,,,,,,,,,,,,,,
2026-06-29T01:02:58.233652+00:00,2026-06-29T11:02:58.231652,2,3,95.15,0.1,95.1,56,94.9,103,,,,,,,,,,,,,,,,,95.2,3,95.4,4,95.6,150,,,,,,,,,,,,,,
2026-06-29T01:03:00.015652+00:00,2026-06-29T11:03:00.009652,1,2,95.05,0.3,94.9,103,,,,,,,,,,,,,,,,,,,95.2,3,95.4,4,,,,,,,,,,,,,,,,
2026-06-29T01:03:00.070652+00:00,2026-06-29T11:03:00.065652,2,1,95.15,0.5,94.9,103,94.4,150,,,,,,,,,,,,,,,,,95.4,4,,,,,,,,,,,,,,,,,,
2026-06-29T01:03:00.136652+00:00,2026-06-29T11:03:00.128652,1,2,94.65,0.5,94.4,150,,,,,,,,,,,,,,,,,,,94.9,47,95.4,4,,,,,,,,,,,,,,,,
2026-06-29T01:03:00.334652+00:00,2026-06-29T11:03:00.332652,1,1,94.9,1.0,94.4,150,,,,,,,,,,,,,,,,,,,95.4,1,,,,,,,,,,,,,,,,,,
2026-06-29T01:03:00.609672+00:00,2026-06-29T11:03:00.608664,1,0,,,94.4,150,,,,,,,,,,,,,,,,,,,,,,,,,,,,,,,,,,,,,,
2026-06-29T01:03:00.664672+00:00,2026-06-29T11:03:00.661672,2,0,,,94.6,100,94.4,150,,,,,,,,,,,,,,,,,,,,,,,,,,,,,,,,,,,,
2026-06-29T01:03:00.719672+00:00,2026-06-29T11:03:00.714672,2,1,94.85,0.5,94.6,100,94.4,150,,,,,,,,,,,,,,,,,95.1,100,,,,,,,,,,,,,,,,,,
2026-06-29T01:03:01.214672+00:00,2026-06-29T11:03:01.206665,2,1,94.85,0.5,94.6,100,94.4,150,,,,,,,,,,,,,,,,,95.1,55,,,,,,,,,,,,,,,,,,
2026-06-29T01:03:02.105672+00:00,2026-06-29T11:03:02.103672,2,2,94.85,0.5,94.6,100,94.4,150,,,,,,,,,,,,,,,,,95.1,55,95.2,7,,,,,,,,,,,,,,,,
2026-06-29T01:03:02.512131+00:00,2026-06-29T11:03:02.501303,2,2,94.85,0.5,94.6,50,94.4,150,,,,,,,,,,,,,,,,,95.1,55,95.2,7,,,,,,,,,,,,,,,,
2026-06-29T01:03:03.182389+00:00,2026-06-29T11:03:03.180380,1,2,94.85,0.5,94.6,50,,,,,,,,,,,,,,,,,,,95.1,55,95.2,7,,,,,,,,,,,,,,,,
2026-06-29T01:03:03.237388+00:00,2026-06-29T11:03:03.235388,2,1,95.15,0.1,95.1,95,94.6,50,,,,,,,,,,,,,,,,,95.2,7,,,,,,,,,,,,,,,,,,
2026-06-29T01:03:03.292388+00:00,2026-06-29T11:03:03.289389,2,2,95.15,0.1,95.1,95,94.6,50,,,,,,,,,,,,,,,,,95.2,7,95.6,150,,,,,,,,,,,,,,,,
2026-06-29T01:03:03.556388+00:00,2026-06-29T11:03:03.549389,2,2,95.15,0.1,95.1,95,94.6,50,,,,,,,,,,,,,,,,,95.2,6,95.6,150,,,,,,,,,,,,,,,,
2026-06-29T01:03:03.776380+00:00,2026-06-29T11:03:03.769389,1,2,95.15,0.1,95.1,95,,,,,,,,,,,,,,,,,,,95.2,6,95.6,150,,,,,,,,,,,,,,,,
2026-06-29T01:03:03.831380+00:00,2026-06-29T11:03:03.823379,2,2,95.15,0.1,95.1,95,94.8,100,,,,,,,,,,,,,,,,,95.2,6,95.6,150,,,,,,,,,,,,,,,,
2026-06-29T01:03:03.886389+00:00,2026-06-29T11:03:03.876382,2,3,95.15,0.1,95.1,95,94.8,100,,,,,,,,,,,,,,,,,95.2,6,95.3,100,95.6,150,,,,,,,,,,,,,,
2026-06-29T01:03:04.150389+00:00,2026-06-29T11:03:04.139514,2,3,95.15,0.1,95.1,95,94.8,100,,,,,,,,,,,,,,,,,95.2,4,95.3,100,95.6,150,,,,,,,,,,,,,,
2026-06-29T01:03:04.612389+00:00,2026-06-29T11:03:04.601386,2,3,95.15,0.1,95.1,45,94.8,100,,,,,,,,,,,,,,,,,95.2,4,95.3,100,95.6,150,,,,,,,,,,,,,,
2026-06-29T01:03:06.349937+00:00,2026-06-29T11:03:06.345938,1,2,95.0,0.4,94.8,100,,,,,,,,,,,,,,,,,,,95.2,4,95.3,100,,,,,,,,,,,,,,,,
2026-06-29T01:03:06.404938+00:00,2026-06-29T11:03:06.399937,2,2,95.1,0.2,95.0,150,94.8,100,,,,,,,,,,,,,,,,,95.2,4,95.3,100,,,,,,,,,,,,,,,,
2026-06-29T01:03:06.459937+00:00,2026-06-29T11:03:06.452937,2,3,95.1,0.2,95.0,150,94.8,100,,,,,,,,,,,,,,,,,95.2,4,95.3,100,95.5,150,,,,,,,,,,,,,,
2026-06-29T01:03:06.712937+00:00,2026-06-29T11:03:06.708937,2,3,95.1,0.2,95.0,60,94.8,100,,,,,,,,,,,,,,,,,95.2,4,95.3,100,95.5,150,,,,,,,,,,,,,,
2026-06-29T01:03:06.932937+00:00,2026-06-29T11:03:06.930938,2,2,95.1,0.2,95.0,60,94.8,100,,,,,,,,,,,,,,,,,95.2,4,95.5,150,,,,,,,,,,,,,,,,
2026-06-29T01:03:06.943938+00:00,2026-06-29T11:03:06.932937,1,2,95.1,0.2,95.0,60,,,,,,,,,,,,,,,,,,,95.2,4,95.5,150,,,,,,,,,,,,,,,,
2026-06-29T01:03:06.987937+00:00,2026-06-29T11:03:06.984937,2,2,95.15,0.1,95.1,100,95.0,60,,,,,,,,,,,,,,,,,95.2,4,95.5,150,,,,,,,,,,,,,,,,
2026-06-29T01:03:07.053937+00:00,2026-06-29T11:03:07.045938,2,3,95.15,0.1,95.1,100,95.0,60,,,,,,,,,,,,,,,,,95.2,4,95.5,150,95.6,100,,,,,,,,,,,,,,
2026-06-29T01:03:08.372205+00:00,2026-06-29T11:03:08.363205,2,3,95.15,0.1,95.1,57,95.0,60,,,,,,,,,,,,,,,,,95.2,4,95.5,150,95.6,100,,,,,,,,,,,,,,
2026-06-29T01:03:08.823205+00:00,2026-06-29T11:03:08.813205,2,3,95.15,0.1,95.1,7,95.0,60,,,,,,,,,,,,,,,,,95.2,4,95.5,150,95.6,100,,,,,,,,,,,,,,
2026-06-29T01:03:08.856205+00:00,2026-06-29T11:03:08.850205,1,3,95.1,0.2,95.0,60,,,,,,,,,,,,,,,,,,,95.2,4,95.5,150,95.6,100,,,,,,,,,,,,,,
2026-06-29T01:03:09.527205+00:00,2026-06-29T11:03:09.522205,0,2,,,,,,,,,,,,,,,,,,,,,,,95.2,4,95.6,100,,,,,,,,,,,,,,,,
2026-06-29T01:03:09.560205+00:00,2026-06-29T11:03:09.554205,0,1,,,,,,,,,,,,,,,,,,,,,,,95.6,100,,,,,,,,,,,,,,,,,,
2026-06-29T01:03:09.582205+00:00,2026-06-29T11:03:09.574205,1,1,95.05,1.1,94.5,150,,,,,,,,,,,,,,,,,,,95.6,100,,,,,,,,,,,,,,,,,,
2026-06-29T01:03:09.637205+00:00,2026-06-29T11:03:09.626205,1,2,94.75,0.5,94.5,150,,,,,,,,,,,,,,,,,,,95.0,150,95.6,100,,,,,,,,,,,,,,,,
2026-06-29T01:03:10.110205+00:00,2026-06-29T11:03:10.103205,1,1,94.75,0.5,94.5,150,,,,,,,,,,,,,,,,,,,95.0,150,,,,,,,,,,,,,,,,,,
2026-06-29T01:03:10.165205+00:00,2026-06-29T11:03:10.159205,2,1,94.8,0.4,94.6,100,94.5,150,,,,,,,,,,,,,,,,,95.0,150,,,,,,,,,,,,,,,,,,
2026-06-29T01:03:10.220205+00:00,2026-06-29T11:03:10.211205,2,2,94.8,0.4,94.6,100,94.5,150,,,,,,,,,,,,,,,,,95.0,150,95.1,100,,,,,,,,,,,,,,,,
2026-06-29T01:03:10.924205+00:00,2026-06-29T11:03:10.921205,2,2,94.8,0.4,94.6,50,94.5,150,,,,,,,,,,,,,,,,,95.0,150,95.1,100,,,,,,,,,,,,,,,,
2026-06-29T01:03:12.695205+00:00,2026-06-29T11:03:12.686205,1,1,94.85,0.5,94.6,50,,,,,,,,,,,,,,,,,,,95.1,100,,,,,,,,,,,,,,,,,,
2026-06-29T01:03:12.750197+00:00,2026-06-29T11:03:12.748205,2,1,94.85,0.5,94.6,50,94.4,150,,,,,,,,,,,,,,,,,95.1,100,,,,,,,,,,,,,,,,,,
