recv_time,book_timestamp,n_bids,n_asks,mid,spread,bid_px_0,bid_vol_0,bid_px_1,bid_vol_1,bid_px_2,bid_vol_2,bid_px_3,bid_vol_3,bid_px_4,bid_vol_4,bid_px_5,bid_vol_5,bid_px_6,bid_vol_6,bid_px_7,bid_vol_7,bid_px_8,bid_vol_8,bid_px_9,bid_vol_9,ask_px_0,ask_vol_0,ask_px_1,ask_vol_1,ask_px_2,ask_vol_2,ask_px_3,ask_vol_3,ask_px_4,ask_vol_4,ask_px_5,ask_vol_5,ask_px_6,ask_vol_6,ask_px_7,ask_vol_7,ask_px_8,ask_vol_8,ask_px_9,ask_vol_9
2026-07-02T19:00:00.111861+00:00,2026-07-02T19:00:00.111510,1,2,126.25,0.5,126.0,150,,,,,,,,,,,,,,,,,,,126.5,105,127.0,6,,,,,,,,,,,,,,,,
2026-07-02T19:00:00.165389+00:00,2026-07-02T19:00:00.165331,2,2,126.4,0.2,126.3,100,126.0,150,,,,,,,,,,,,,,,,,126.5,105,127.0,6,,,,,,,,,,,,,,,,
2026-07-02T19:00:00.204033+00:00,2026-07-02T19:00:00.215234,2,3,126.4,0.2,126.3,100,126.0,150,,,,,,,,,,,,,,,,,126.5,105,126.8,100,127.0,6,,,,,,,,,,,,,,
2026-07-02T19:00:00.503537+00:00,2026-07-02T19:00:00.443874,2,3,126.5,0.4,126.3,78,126.2,150,,,,,,,,,,,,,,,,,126.7,150,126.8,100,127.0,6,,,,,,,,,,,,,,
2026-07-02T19:00:01.301131+00:00,2026-07-02T19:00:01.300777,2,3,126.5,0.4,126.3,28,126.2,150,,,,,,,,,,,,,,,,,126.7,150,126.8,100,127.0,6,,,,,,,,,,,,,,
2026-07-02T19:00:01.837259+00:00,2026-07-02T19:00:01.831051,2,3,126.5,0.4,126.3,28,126.2,150,,,,,,,,,,,,,,,,,126.7,110,126.8,100,127.0,6,,,,,,,,,,,,,,
2026-07-02T19:00:03.279351+00:00,2026-07-02T19:00:03.279725,1,2,126.45,0.5,126.2,150,,,,,,,,,,,,,,,,,,,126.7,110,127.0,6,,,,,,,,,,,,,,,,
2026-07-02T19:00:03.334982+00:00,2026-07-02T19:00:03.334704,2,2,126.45,0.5,126.2,150,126.0,100,,,,,,,,,,,,,,,,,126.7,110,127.0,6,,,,,,,,,,,,,,,,
2026-07-02T19:00:03.384482+00:00,2026-07-02T19:00:03.384262,2,3,126.35,0.3,126.2,150,126.0,100,,,,,,,,,,,,,,,,,126.5,100,126.7,110,127.0,6,,,,,,,,,,,,,,
2026-07-02T19:00:03.421458+00:00,2026-07-02T19:00:03.421259,2,3,126.35,0.3,126.2,100,126.0,100,,,,,,,,,,,,,,,,,126.5,100,126.7,110,127.0,6,,,,,,,,,,,,,,
2026-07-02T19:00:03.510217+00:00,2026-07-02T19:00:03.510028,1,2,126.25,0.5,126.0,100,,,,,,,,,,,,,,,,,,,126.5,100,127.0,6,,,,,,,,,,,,,,,,
2026-07-02T19:00:03.572392+00:00,2026-07-02T19:00:03.571916,2,2,126.25,0.5,126.0,100,125.9,150,,,,,,,,,,,,,,,,,126.5,100,127.0,6,,,,,,,,,,,,,,,,
2026-07-02T19:00:03.583385+00:00,2026-07-02T19:00:03.582957,2,1,126.25,0.5,126.0,100,125.9,150,,,,,,,,,,,,,,,,,126.5,100,,,,,,,,,,,,,,,,,,
2026-07-02T19:00:03.594881+00:00,2026-07-02T19:00:03.594353,2,2,126.25,0.5,126.0,100,125.9,150,,,,,,,,,,,,,,,,,126.5,100,126.8,6,,,,,,,,,,,,,,,,
2026-07-02T19:00:03.623802+00:00,2026-07-02T19:00:03.623604,2,3,126.2,0.4,126.0,100,125.9,150,,,,,,,,,,,,,,,,,126.4,150,126.5,100,126.8,6,,,,,,,,,,,,,,
2026-07-02T19:00:04.788103+00:00,2026-07-02T19:00:04.787874,2,3,126.2,0.4,126.0,100,125.9,150,,,,,,,,,,,,,,,,,126.4,128,126.5,100,126.8,6,,,,,,,,,,,,,,
2026-07-02T19:00:05.365127+00:00,2026-07-02T19:00:05.364981,2,3,126.2,0.4,126.0,100,125.9,150,,,,,,,,,,,,,,,,,126.4,86,126.5,100,126.8,6,,,,,,,,,,,,,,
2026-07-02T19:00:05.522711+00:00,2026-07-02T19:00:05.522607,2,3,126.2,0.4,126.0,50,125.9,150,,,,,,,,,,,,,,,,,126.4,86,126.5,100,126.8,6,,,,,,,,,,,,,,
2026-07-02T19:00:05.914130+00:00,2026-07-02T19:00:05.913890,2,3,126.2,0.4,126.0,50,125.9,150,,,,,,,,,,,,,,,,,126.4,45,126.5,100,126.8,6,,,,,,,,,,,,,,
2026-07-02T19:00:06.441824+00:00,2026-07-02T19:00:06.441585,1,2,126.15,0.5,125.9,150,,,,,,,,,,,,,,,,,,,126.4,45,126.8,6,,,,,,,,,,,,,,,,
2026-07-02T19:00:06.493095+00:00,2026-07-02T19:00:06.485841,2,2,126.15,0.5,125.9,150,125.8,100,,,,,,,,,,,,,,,,,126.4,45,126.8,6,,,,,,,,,,,,,,,,
2026-07-02T19:00:06.544236+00:00,2026-07-02T19:00:06.544196,2,3,126.1,0.4,125.9,150,125.8,100,,,,,,,,,,,,,,,,,126.3,100,126.4,45,126.8,6,,,,,,,,,,,,,,
2026-07-02T19:00:06.556096+00:00,2026-07-02T19:00:06.548707,2,3,126.1,0.4,125.9,150,125.8,100,,,,,,,,,,,,,,,,,126.3,89,126.4,45,126.8,6,,,,,,,,,,,,,,
2026-07-02T19:00:06.674016+00:00,2026-07-02T19:00:06.673843,2,2,126.1,0.4,125.9,150,125.8,100,,,,,,,,,,,,,,,,,126.3,89,126.8,6,,,,,,,,,,,,,,,,
2026-07-02T19:00:06.679396+00:00,2026-07-02T19:00:06.679246,1,2,126.05,0.5,125.8,100,,,,,,,,,,,,,,,,,,,126.3,89,126.8,6,,,,,,,,,,,,,,,,
2026-07-02T19:00:06.729815+00:00,2026-07-02T19:00:06.729901,2,1,126.65,0.3,126.5,61,125.8,100,,,,,,,,,,,,,,,,,126.8,6,,,,,,,,,,,,,,,,,,
2026-07-02T19:00:06.778910+00:00,2026-07-02T19:00:06.778568,2,2,126.65,0.3,126.5,61,125.8,100,,,,,,,,,,,,,,,,,126.8,6,127.0,150,,,,,,,,,,,,,,,,
2026-07-02T19:00:07.410372+00:00,2026-07-02T19:00:07.403991,2,2,126.65,0.3,126.5,50,125.8,100,,,,,,,,,,,,,,,,,126.8,6,127.0,150,,,,,,,,,,,,,,,,
2026-07-02T19:00:07.625702+00:00,2026-07-02T19:00:07.625634,1,2,126.3,1.0,125.8,100,,,,,,,,,,,,,,,,,,,126.8,6,127.0,150,,,,,,,,,,,,,,,,
2026-07-02T19:00:07.783990+00:00,2026-07-02T19:00:07.783513,1,2,126.3,1.0,125.8,78,,,,,,,,,,,,,,,,,,,126.8,6,127.0,150,,,,,,,,,,,,,,,,
2026-07-02T19:00:09.680423+00:00,2026-07-02T19:00:09.667012,1,2,126.5,0.6,126.2,100,,,,,,,,,,,,,,,,,,,126.8,6,127.0,150,,,,,,,,,,,,,,,,
2026-07-02T19:00:09.780233+00:00,2026-07-02T19:00:09.764418,1,3,126.45,0.5,126.2,50,,,,,,,,,,,,,,,,,,,126.7,100,126.8,6,127.0,150,,,,,,,,,,,,,,
2026-07-02T19:00:09.842638+00:00,2026-07-02T19:00:09.842443,1,2,126.45,0.5,126.2,50,,,,,,,,,,,,,,,,,,,126.7,100,126.8,6,,,,,,,,,,,,,,,,
2026-07-02T19:00:09.848057+00:00,2026-07-02T19:00:09.847875,1,2,126.45,0.5,126.2,3,,,,,,,,,,,,,,,,,,,126.7,100,126.8,6,,,,,,,,,,,,,,,,
2026-07-02T19:00:09.891062+00:00,2026-07-02T19:00:09.891260,2,2,126.45,0.5,126.2,3,125.9,150,,,,,,,,,,,,,,,,,126.7,100,126.8,6,,,,,,,,,,,,,,,,
2026-07-02T19:00:09.963534+00:00,2026-07-02T19:00:09.958784,2,3,126.3,0.2,126.2,3,125.9,150,,,,,,,,,,,,,,,,,126.4,139,126.7,100,126.8,6,,,,,,,,,,,,,,
2026-07-02T19:00:09.972021+00:00,2026-07-02T19:00:09.966956,2,3,126.3,0.2,126.2,3,125.9,150,,,,,,,,,,,,,,,,,126.4,127,126.7,100,126.8,6,,,,,,,,,,,,,,
2026-07-02T19:00:09.988324+00:00,2026-07-02T19:00:09.987935,2,3,126.3,0.2,126.2,3,125.9,150,,,,,,,,,,,,,,,,,126.4,105,126.7,100,126.8,6,,,,,,,,,,,,,,
2026-07-02T19:00:11.588384+00:00,2026-07-02T19:00:11.588267,2,3,126.3,0.2,126.2,3,125.9,150,,,,,,,,,,,,,,,,,126.4,105,126.7,100,126.8,2,,,,,,,,,,,,,,
2026-07-02T19:00:11.621242+00:00,2026-07-02T19:00:11.621486,2,2,126.3,0.2,126.2,3,125.9,150,,,,,,,,,,,,,,,,,126.4,105,126.7,100,,,,,,,,,,,,,,,,
2026-07-02T19:00:11.849545+00:00,2026-07-02T19:00:11.849874,1,2,126.15,0.5,125.9,103,,,,,,,,,,,,,,,,,,,126.4,105,126.7,100,,,,,,,,,,,,,,,,
2026-07-02T19:00:12.778479+00:00,2026-07-02T19:00:12.778078,1,1,126.15,0.5,125.9,103,,,,,,,,,,,,,,,,,,,126.4,105,,,,,,,,,,,,,,,,,,
2026-07-02T19:00:12.835305+00:00,2026-07-02T19:00:12.835111,3,1,126.35,0.1,126.3,3,125.9,103,125.8,100,,,,,,,,,,,,,,,126.4,105,,,,,,,,,,,,,,,,,,
2026-07-02T19:00:12.887543+00:00,2026-07-02T19:00:12.887738,2,3,126.1,0.4,125.9,103,125.8,100,,,,,,,,,,,,,,,,,126.3,97,126.4,105,126.6,2,,,,,,,,,,,,,,
2026-07-02T19:00:12.912806+00:00,2026-07-02T19:00:12.912693,2,3,126.1,0.4,125.9,103,125.8,100,,,,,,,,,,,,,,,,,126.3,94,126.4,105,126.6,2,,,,,,,,,,,,,,
2026-07-02T19:00:12.926633+00:00,2026-07-02T19:00:12.926300,2,3,126.1,0.4,125.9,103,125.8,100,,,,,,,,,,,,,,,,,126.3,91,126.4,105,126.6,2,,,,,,,,,,,,,,
2026-07-02T19:00:13.000573+00:00,2026-07-02T19:00:13.000189,1,2,126.05,0.5,125.8,100,,,,,,,,,,,,,,,,,,,126.3,91,126.6,2,,,,,,,,,,,,,,,,
2026-07-02T19:00:13.069056+00:00,2026-07-02T19:00:13.068988,2,2,126.1,0.4,125.9,150,125.8,100,,,,,,,,,,,,,,,,,126.3,91,126.6,2,,,,,,,,,,,,,,,,
2026-07-02T19:00:13.104205+00:00,2026-07-02T19:00:13.103925,2,3,126.1,0.4,125.9,150,125.8,100,,,,,,,,,,,,,,,,,126.3,91,126.4,150,126.6,2,,,,,,,,,,,,,,
2026-07-02T19:00:13.274583+00:00,2026-07-02T19:00:13.275095,2,3,126.1,0.4,125.9,150,125.8,100,,,,,,,,,,,,,,,,,126.3,88,126.4,150,126.6,2,,,,,,,,,,,,,,
2026-07-02T19:00:13.387044+00:00,2026-07-02T19:00:13.387282,2,3,126.1,0.4,125.9,150,125.8,100,,,,,,,,,,,,,,,,,126.3,85,126.4,150,126.6,2,,,,,,,,,,,,,,
2026-07-02T19:00:13.675440+00:00,2026-07-02T19:00:13.675377,2,3,126.1,0.4,125.9,150,125.8,100,,,,,,,,,,,,,,,,,126.3,82,126.4,150,126.6,2,,,,,,,,,,,,,,
2026-07-02T19:00:13.704300+00:00,2026-07-02T19:00:13.703857,3,3,126.25,0.1,126.2,3,125.9,150,125.8,100,,,,,,,,,,,,,,,126.3,82,126.4,150,126.6,2,,,,,,,,,,,,,,
2026-07-02T19:00:13.895352+00:00,2026-07-02T19:00:13.895287,3,3,126.25,0.1,126.2,3,125.9,150,125.8,100,,,,,,,,,,,,,,,126.3,37,126.4,150,126.6,2,,,,,,,,,,,,,,
2026-07-02T19:00:13.970297+00:00,2026-07-02T19:00:13.969949,2,3,126.1,0.4,125.9,103,125.8,100,,,,,,,,,,,,,,,,,126.3,37,126.4,150,126.6,2,,,,,,,,,,,,,,
2026-07-02T19:00:13.981791+00:00,2026-07-02T19:00:13.981568,3,3,126.25,0.1,126.2,3,125.9,103,125.8,100,,,,,,,,,,,,,,,126.3,37,126.4,150,126.6,2,,,,,,,,,,,,,,
2026-07-02T19:00:14.724157+00:00,2026-07-02T19:00:14.723902,3,3,126.25,0.1,126.2,2,125.9,103,125.8,100,,,,,,,,,,,,,,,126.3,37,126.4,150,126.6,2,,,,,,,,,,,,,,
2026-07-02T19:00:15.233817+00:00,2026-07-02T19:00:15.233493,3,3,126.25,0.1,126.2,1,125.9,103,125.8,100,,,,,,,,,,,,,,,126.3,37,126.4,150,126.6,2,,,,,,,,,,,,,,
2026-07-02T19:00:15.945356+00:00,2026-07-02T19:00:15.945681,2,2,126.3,0.2,126.2,1,125.9,103,,,,,,,,,,,,,,,,,126.4,150,126.6,2,,,,,,,,,,,,,,,,
2026-07-02T19:00:16.001672+00:00,2026-07-02T19:00:16.001241,3,2,126.3,0.2,126.2,1,126.0,100,125.9,103,,,,,,,,,,,,,,,126.4,150,126.6,2,,,,,,,,,,,,,,,,
2026-07-02T19:00:16.012572+00:00,2026-07-02T19:00:16.012162,3,2,126.3,0.2,126.2,1,126.0,100,125.9,103,,,,,,,,,,,,,,,126.4,100,126.6,2,,,,,,,,,,,,,,,,
2026-07-02T19:00:16.059492+00:00,2026-07-02T19:00:16.058760,3,3,126.3,0.2,126.2,1,126.0,100,125.9,103,,,,,,,,,,,,,,,126.4,100,126.5,100,126.6,2,,,,,,,,,,,,,,
2026-07-02T19:00:16.158561+00:00,2026-07-02T19:00:16.153760,2,2,126.35,0.3,126.2,1,126.0,100,,,,,,,,,,,,,,,,,126.5,100,126.6,2,,,,,,,,,,,,,,,,
2026-07-02T19:00:16.207859+00:00,2026-07-02T19:00:16.207812,2,2,126.35,0.3,126.2,1,126.0,250,,,,,,,,,,,,,,,,,126.5,100,126.6,2,,,,,,,,,,,,,,,,
2026-07-02T19:00:16.276884+00:00,2026-07-02T19:00:16.276510,2,2,126.35,0.3,126.2,1,126.0,250,,,,,,,,,,,,,,,,,126.5,250,126.6,2,,,,,,,,,,,,,,,,
2026-07-02T19:00:18.130196+00:00,2026-07-02T19:00:18.130057,2,2,126.35,0.3,126.2,1,126.0,250,,,,,,,,,,,,,,,,,126.5,200,126.6,2,,,,,,,,,,,,,,,,
2026-07-02T19:00:19.110198+00:00,2026-07-02T19:00:19.109632,2,2,126.35,0.3,126.2,1,126.0,150,,,,,,,,,,,,,,,,,126.5,150,126.6,2,,,,,,,,,,,,,,,,
2026-07-02T19:00:19.160922+00:00,2026-07-02T19:00:19.160847,2,2,126.35,0.3,126.2,101,126.0,150,,,,,,,,,,,,,,,,,126.5,150,126.6,2,,,,,,,,,,,,,,,,
2026-07-02T19:00:19.217754+00:00,2026-07-02T19:00:19.217705,2,3,126.35,0.3,126.2,101,126.0,150,,,,,,,,,,,,,,,,,126.5,150,126.6,2,126.7,100,,,,,,,,,,,,,,
2026-07-02T19:00:19.336189+00:00,2026-07-02T19:00:19.335827,1,2,126.4,0.4,126.2,101,,,,,,,,,,,,,,,,,,,126.6,2,126.7,100,,,,,,,,,,,,,,,,
2026-07-02T19:00:19.391474+00:00,2026-07-02T19:00:19.391089,2,2,126.4,0.4,126.2,101,126.0,150,,,,,,,,,,,,,,,,,126.6,2,126.7,100,,,,,,,,,,,,,,,,
2026-07-02T19:00:19.396958+00:00,2026-07-02T19:00:19.396751,2,2,126.4,0.4,126.2,79,126.0,150,,,,,,,,,,,,,,,,,126.6,2,126.7,100,,,,,,,,,,,,,,,,
2026-07-02T19:00:19.445675+00:00,2026-07-02T19:00:19.446048,2,3,126.35,0.3,126.2,79,126.0,150,,,,,,,,,,,,,,,,,126.5,150,126.6,2,126.7,100,,,,,,,,,,,,,,
2026-07-02T19:00:20.239971+00:00,2026-07-02T19:00:20.239846,2,3,126.35,0.3,126.2,79,126.0,150,,,,,,,,,,,,,,,,,126.5,100,126.6,2,126.7,100,,,,,,,,,,,,,,
2026-07-02T19:00:20.943192+00:00,2026-07-02T19:00:20.943077,2,3,126.35,0.3,126.2,34,126.0,150,,,,,,,,,,,,,,,,,126.5,100,126.6,2,126.7,100,,,,,,,,,,,,,,
2026-07-02T19:00:20.948459+00:00,2026-07-02T19:00:20.948288,2,2,126.35,0.3,126.2,34,126.0,150,,,,,,,,,,,,,,,,,126.5,100,126.7,100,,,,,,,,,,,,,,,,
2026-07-02T19:00:21.397240+00:00,2026-07-02T19:00:21.397178,2,3,126.3,0.2,126.2,34,126.0,150,,,,,,,,,,,,,,,,,126.4,3,126.5,100,126.7,100,,,,,,,,,,,,,,
2026-07-02T19:00:21.402253+00:00,2026-07-02T19:00:21.402437,3,3,126.3,0.2,126.2,34,126.1,2,126.0,150,,,,,,,,,,,,,,,126.4,3,126.5,100,126.7,100,,,,,,,,,,,,,,
2026-07-02T19:00:22.058891+00:00,2026-07-02T19:00:22.047995,3,2,126.35,0.3,126.2,34,126.1,2,126.0,150,,,,,,,,,,,,,,,126.5,59,126.7,100,,,,,,,,,,,,,,,,
2026-07-02T19:00:22.098481+00:00,2026-07-02T19:00:22.098387,1,2,126.25,0.5,126.0,141,,,,,,,,,,,,,,,,,,,126.5,59,126.7,100,,,,,,,,,,,,,,,,
2026-07-02T19:00:22.263979+00:00,2026-07-02T19:00:22.264718,1,1,126.25,0.5,126.0,141,,,,,,,,,,,,,,,,,,,126.5,59,,,,,,,,,,,,,,,,,,
2026-07-02T19:00:22.338208+00:00,2026-07-02T19:00:22.338140,2,1,126.25,0.5,126.0,141,125.9,100,,,,,,,,,,,,,,,,,126.5,9,,,,,,,,,,,,,,,,,,
2026-07-02T19:00:22.382452+00:00,2026-07-02T19:00:22.382216,2,2,126.2,0.4,126.0,141,125.9,100,,,,,,,,,,,,,,,,,126.4,100,126.5,9,,,,,,,,,,,,,,,,
2026-07-02T19:00:22.496032+00:00,2026-07-02T19:00:22.496196,1,1,126.15,0.5,125.9,100,,,,,,,,,,,,,,,,,,,126.4,100,,,,,,,,,,,,,,,,,,
2026-07-02T19:00:22.542433+00:00,2026-07-02T19:00:22.542108,1,1,126.15,0.5,125.9,100,,,,,,,,,,,,,,,,,,,126.4,106,,,,,,,,,,,,,,,,,,
2026-07-02T19:00:22.558572+00:00,2026-07-02T19:00:22.553155,2,0,,,126.5,44,125.9,100,,,,,,,,,,,,,,,,,,,,,,,,,,,,,,,,,,,,
2026-07-02T19:00:22.615031+00:00,2026-07-02T19:00:22.609752,2,1,126.75,0.5,126.5,32,125.9,100,,,,,,,,,,,,,,,,,127.0,150,,,,,,,,,,,,,,,,,,
2026-07-02T19:00:24.360060+00:00,2026-07-02T19:00:24.359963,2,1,126.75,0.5,126.5,27,125.9,100,,,,,,,,,,,,,,,,,127.0,150,,,,,,,,,,,,,,,,,,
2026-07-02T19:00:24.452283+00:00,2026-07-02T19:00:24.452089,2,1,126.75,0.5,126.5,27,125.9,100,,,,,,,,,,,,,,,,,127.0,100,,,,,,,,,,,,,,,,,,
2026-07-02T19:00:24.547745+00:00,2026-07-02T19:00:24.547221,2,1,126.75,0.5,126.5,23,125.9,100,,,,,,,,,,,,,,,,,127.0,100,,,,,,,,,,,,,,,,,,
2026-07-02T19:00:25.435843+00:00,2026-07-02T19:00:25.435559,1,1,126.75,0.5,126.5,23,,,,,,,,,,,,,,,,,,,127.0,100,,,,,,,,,,,,,,,,,,
2026-07-02T19:00:25.494638+00:00,2026-07-02T19:00:25.494277,2,1,126.75,0.5,126.5,23,126.1,100,,,,,,,,,,,,,,,,,127.0,100,,,,,,,,,,,,,,,,,,
2026-07-02T19:00:25.539698+00:00,2026-07-02T19:00:25.539874,2,2,126.55,0.1,126.5,23,126.1,100,,,,,,,,,,,,,,,,,126.6,100,127.0,100,,,,,,,,,,,,,,,,
2026-07-02T19:00:25.645604+00:00,2026-07-02T19:00:25.645412,2,2,126.55,0.1,126.5,18,126.1,100,,,,,,,,,,,,,,,,,126.6,100,127.0,100,,,,,,,,,,,,,,,,
2026-07-02T19:00:25.658611+00:00,2026-07-02T19:00:25.654466,1,1,126.35,0.5,126.1,100,,,,,,,,,,,,,,,,,,,126.6,100,,,,,,,,,,,,,,,,,,
2026-07-02T19:00:25.716970+00:00,2026-07-02T19:00:25.716824,1,1,126.35,0.5,126.1,250,,,,,,,,,,,,,,,,,,,126.6,100,,,,,,,,,,,,,,,,,,
2026-07-02T19:00:25.768879+00:00,2026-07-02T19:00:25.769028,1,1,126.35,0.5,126.1,250,,,,,,,,,,,,,,,,,,,126.6,250,,,,,,,,,,,,,,,,,,
2026-07-02T19:00:25.801637+00:00,2026-07-02T19:00:25.801431,1,1,126.35,0.5,126.1,236,,,,,,,,,,,,,,,,,,,126.6,250,,,,,,,,,,,,,,,,,,
2026-07-02T19:00:26.286809+00:00,2026-07-02T19:00:26.286559,2,2,126.35,0.3,126.2,1,126.1,236,,,,,,,,,,,,,,,,,126.5,5,126.6,250,,,,,,,,,,,,,,,,
2026-07-02T19:00:26.414758+00:00,2026-07-02T19:00:26.414702,2,1,126.4,0.4,126.2,1,126.1,236,,,,,,,,,,,,,,,,,126.6,250,,,,,,,,,,,,,,,,,,
2026-07-02T19:00:26.458569+00:00,2026-07-02T19:00:26.453767,2,2,126.35,0.3,126.2,1,126.1,236,,,,,,,,,,,,,,,,,126.5,5,126.6,250,,,,,,,,,,,,,,,,
2026-07-02T19:00:26.564501+00:00,2026-07-02T19:00:26.565116,2,1,126.4,0.4,126.2,1,126.1,236,,,,,,,,,,,,,,,,,126.6,205,,,,,,,,,,,,,,,,,,
2026-07-02T19:00:26.610362+00:00,2026-07-02T19:00:26.610311,1,1,126.35,0.5,126.1,236,,,,,,,,,,,,,,,,,,,126.6,205,,,,,,,,,,,,,,,,,,
2026-07-02T19:00:26.686878+00:00,2026-07-02T19:00:26.686458,2,2,126.35,0.3,126.2,1,126.1,236,,,,,,,,,,,,,,,,,126.5,5,126.6,205,,,,,,,,,,,,,,,,
2026-07-02T19:00:26.801603+00:00,2026-07-02T19:00:26.801325,2,1,126.4,0.4,126.2,1,126.1,236,,,,,,,,,,,,,,,,,126.6,205,,,,,,,,,,,,,,,,,,
2026-07-02T19:00:26.869881+00:00,2026-07-02T19:00:26.869713,2,2,126.35,0.3,126.2,1,126.1,236,,,,,,,,,,,,,,,,,126.5,4,126.6,205,,,,,,,,,,,,,,,,
2026-07-02T19:00:27.309491+00:00,2026-07-02T19:00:27.309699,2,2,126.35,0.3,126.2,1,126.1,236,,,,,,,,,,,,,,,,,126.5,3,126.6,205,,,,,,,,,,,,,,,,
2026-07-02T19:00:27.632025+00:00,2026-07-02T19:00:27.631728,1,2,126.3,0.4,126.1,189,,,,,,,,,,,,,,,,,,,126.5,3,126.6,205,,,,,,,,,,,,,,,,
2026-07-02T19:00:28.358811+00:00,2026-07-02T19:00:28.357152,1,2,126.3,0.4,126.1,189,,,,,,,,,,,,,,,,,,,126.5,2,126.6,205,,,,,,,,,,,,,,,,
2026-07-02T19:00:28.597354+00:00,2026-07-02T19:00:28.597211,1,2,126.3,0.4,126.1,150,,,,,,,,,,,,,,,,,,,126.5,2,126.6,150,,,,,,,,,,,,,,,,
2026-07-02T19:00:28.647377+00:00,2026-07-02T19:00:28.647241,2,2,126.4,0.2,126.3,100,126.1,150,,,,,,,,,,,,,,,,,126.5,2,126.6,150,,,,,,,,,,,,,,,,
2026-07-02T19:00:28.682132+00:00,2026-07-02T19:00:28.681992,2,1,126.45,0.3,126.3,100,126.1,150,,,,,,,,,,,,,,,,,126.6,110,,,,,,,,,,,,,,,,,,
2026-07-02T19:00:28.695185+00:00,2026-07-02T19:00:28.694855,2,2,126.45,0.3,126.3,100,126.1,150,,,,,,,,,,,,,,,,,126.6,110,126.8,100,,,,,,,,,,,,,,,,
2026-07-02T19:00:28.837641+00:00,2026-07-02T19:00:28.837596,1,1,126.55,0.5,126.3,100,,,,,,,,,,,,,,,,,,,126.8,100,,,,,,,,,,,,,,,,,,
2026-07-02T19:00:28.873106+00:00,2026-07-02T19:00:28.872799,2,1,126.65,0.3,126.5,150,126.3,100,,,,,,,,,,,,,,,,,126.8,100,,,,,,,,,,,,,,,,,,
2026-07-02T19:00:28.926157+00:00,2026-07-02T19:00:28.926331,2,2,126.65,0.3,126.5,150,126.3,100,,,,,,,,,,,,,,,,,126.8,100,127.0,150,,,,,,,,,,,,,,,,
2026-07-02T19:00:29.275597+00:00,2026-07-02T19:00:29.275441,2,2,126.65,0.3,126.5,101,126.3,100,,,,,,,,,,,,,,,,,126.8,100,127.0,150,,,,,,,,,,,,,,,,
2026-07-02T19:00:29.613844+00:00,2026-07-02T19:00:29.608122,2,2,126.65,0.3,126.5,90,126.3,100,,,,,,,,,,,,,,,,,126.8,100,127.0,150,,,,,,,,,,,,,,,,
2026-07-02T19:00:29.835945+00:00,2026-07-02T19:00:29.836136,2,2,126.65,0.3,126.5,42,126.3,100,,,,,,,,,,,,,,,,,126.8,100,127.0,150,,,,,,,,,,,,,,,,
2026-07-02T19:00:30.409190+00:00,2026-07-02T19:00:30.408695,2,2,126.65,0.3,126.5,42,126.3,104,,,,,,,,,,,,,,,,,126.8,100,127.0,150,,,,,,,,,,,,,,,,
2026-07-02T19:00:30.715201+00:00,2026-07-02T19:00:30.714813,2,3,126.55,0.1,126.5,42,126.3,104,,,,,,,,,,,,,,,,,126.6,2,126.8,100,127.0,150,,,,,,,,,,,,,,
2026-07-02T19:00:30.835640+00:00,2026-07-02T19:00:30.835441,1,3,126.45,0.3,126.3,96,,,,,,,,,,,,,,,,,,,126.6,2,126.8,100,127.0,150,,,,,,,,,,,,,,
2026-07-02T19:00:31.489336+00:00,2026-07-02T19:00:31.489182,1,3,126.45,0.3,126.3,96,,,,,,,,,,,,,,,,,,,126.6,1,126.8,100,127.0,150,,,,,,,,,,,,,,
2026-07-02T19:00:31.749346+00:00,2026-07-02T19:00:31.749178,1,2,126.45,0.3,126.3,96,,,,,,,,,,,,,,,,,,,126.6,1,127.0,150,,,,,,,,,,,,,,,,
2026-07-02T19:00:31.759649+00:00,2026-07-02T19:00:31.759771,1,2,126.45,0.3,126.3,4,,,,,,,,,,,,,,,,,,,126.6,1,127.0,150,,,,,,,,,,,,,,,,
2026-07-02T19:00:31.775536+00:00,2026-07-02T19:00:31.775508,1,1,126.65,0.7,126.3,4,,,,,,,,,,,,,,,,,,,127.0,110,,,,,,,,,,,,,,,,,,
2026-07-02T19:00:31.807162+00:00,2026-07-02T19:00:31.806928,1,2,126.45,0.3,126.3,4,,,,,,,,,,,,,,,,,,,126.6,2,127.0,110,,,,,,,,,,,,,,,,
2026-07-02T19:00:31.819259+00:00,2026-07-02T19:00:31.819734,2,2,126.45,0.3,126.3,4,125.9,100,,,,,,,,,,,,,,,,,126.6,2,127.0,110,,,,,,,,,,,,,,,,
2026-07-02T19:00:31.861742+00:00,2026-07-02T19:00:31.861562,2,3,126.35,0.1,126.3,4,125.9,100,,,,,,,,,,,,,,,,,126.4,100,126.6,2,127.0,110,,,,,,,,,,,,,,
2026-07-02T19:00:31.984919+00:00,2026-07-02T19:00:31.984883,2,2,126.35,0.1,126.3,4,125.9,100,,,,,,,,,,,,,,,,,126.4,100,126.6,2,,,,,,,,,,,,,,,,
2026-07-02T19:00:32.034743+00:00,2026-07-02T19:00:32.034622,3,2,126.35,0.1,126.3,4,125.9,100,125.7,150,,,,,,,,,,,,,,,126.4,100,126.6,2,,,,,,,,,,,,,,,,
2026-07-02T19:00:32.104691+00:00,2026-07-02T19:00:32.099378,2,3,126.05,0.3,125.9,100,125.7,150,,,,,,,,,,,,,,,,,126.2,138,126.4,100,126.6,2,,,,,,,,,,,,,,
2026-07-02T19:00:32.174246+00:00,2026-07-02T19:00:32.174441,2,3,126.05,0.3,125.9,100,125.7,150,,,,,,,,,,,,,,,,,126.2,135,126.4,100,126.6,2,,,,,,,,,,,,,,
2026-07-02T19:00:32.186821+00:00,2026-07-02T19:00:32.178810,2,3,126.05,0.3,125.9,100,125.7,150,,,,,,,,,,,,,,,,,126.2,132,126.4,100,126.6,2,,,,,,,,,,,,,,
2026-07-02T19:00:32.232092+00:00,2026-07-02T19:00:32.226194,2,3,126.05,0.3,125.9,100,125.7,150,,,,,,,,,,,,,,,,,126.2,120,126.4,100,126.6,2,,,,,,,,,,,,,,
2026-07-02T19:00:32.265945+00:00,2026-07-02T19:00:32.265511,2,3,126.05,0.3,125.9,100,125.7,150,,,,,,,,,,,,,,,,,126.2,117,126.4,100,126.6,2,,,,,,,,,,,,,,
2026-07-02T19:00:32.894143+00:00,2026-07-02T19:00:32.894088,2,3,126.05,0.3,125.9,100,125.7,150,,,,,,,,,,,,,,,,,126.2,67,126.4,100,126.6,2,,,,,,,,,,,,,,
2026-07-02T19:00:34.335617+00:00,2026-07-02T19:00:34.335580,2,3,126.05,0.3,125.9,100,125.7,150,,,,,,,,,,,,,,,,,126.2,19,126.4,100,126.6,2,,,,,,,,,,,,,,
2026-07-02T19:00:34.918038+00:00,2026-07-02T19:00:34.917865,1,2,125.95,0.5,125.7,150,,,,,,,,,,,,,,,,,,,126.2,19,126.6,2,,,,,,,,,,,,,,,,
2026-07-02T19:00:34.969588+00:00,2026-07-02T19:00:34.969229,2,2,126.1,0.2,126.0,100,125.7,150,,,,,,,,,,,,,,,,,126.2,19,126.6,2,,,,,,,,,,,,,,,,
2026-07-02T19:00:35.001968+00:00,2026-07-02T19:00:35.001786,2,0,,,126.0,100,125.7,150,,,,,,,,,,,,,,,,,,,,,,,,,,,,,,,,,,,,
2026-07-02T19:00:35.038839+00:00,2026-07-02T19:00:35.038376,2,1,126.25,0.5,126.0,100,125.7,150,,,,,,,,,,,,,,,,,126.5,100,,,,,,,,,,,,,,,,,,
2026-07-02T19:00:35.158624+00:00,2026-07-02T19:00:35.155332,1,1,126.25,0.5,126.0,100,,,,,,,,,,,,,,,,,,,126.5,100,,,,,,,,,,,,,,,,,,
2026-07-02T19:00:35.218483+00:00,2026-07-02T19:00:35.218824,2,1,126.4,0.2,126.3,141,126.0,100,,,,,,,,,,,,,,,,,126.5,100,,,,,,,,,,,,,,,,,,
2026-07-02T19:00:35.286600+00:00,2026-07-02T19:00:35.286491,2,2,126.4,0.2,126.3,141,126.0,100,,,,,,,,,,,,,,,,,126.5,100,126.8,150,,,,,,,,,,,,,,,,
2026-07-02T19:00:35.418494+00:00,2026-07-02T19:00:35.418308,2,2,126.4,0.2,126.3,96,126.0,100,,,,,,,,,,,,,,,,,126.5,100,126.8,150,,,,,,,,,,,,,,,,
2026-07-02T19:00:35.614996+00:00,2026-07-02T19:00:35.614726,2,2,126.4,0.2,126.3,96,126.0,100,,,,,,,,,,,,,,,,,126.5,91,126.8,150,,,,,,,,,,,,,,,,
2026-07-02T19:00:36.020075+00:00,2026-07-02T19:00:36.020744,2,2,126.4,0.2,126.3,96,126.0,100,,,,,,,,,,,,,,,,,126.5,42,126.8,150,,,,,,,,,,,,,,,,
2026-07-02T19:00:36.990415+00:00,2026-07-02T19:00:36.990320,2,2,126.4,0.2,126.3,47,126.0,100,,,,,,,,,,,,,,,,,126.5,42,126.8,150,,,,,,,,,,,,,,,,
2026-07-02T19:00:37.101337+00:00,2026-07-02T19:00:37.100760,2,1,126.55,0.5,126.3,47,126.0,100,,,,,,,,,,,,,,,,,126.8,150,,,,,,,,,,,,,,,,,,
2026-07-02T19:00:37.491627+00:00,2026-07-02T19:00:37.491361,2,2,126.4,0.2,126.3,47,126.0,100,,,,,,,,,,,,,,,,,126.5,5,126.8,150,,,,,,,,,,,,,,,,
2026-07-02T19:00:37.555461+00:00,2026-07-02T19:00:37.555110,2,1,126.55,0.5,126.3,47,126.0,100,,,,,,,,,,,,,,,,,126.8,115,,,,,,,,,,,,,,,,,,
2026-07-02T19:00:37.633130+00:00,2026-07-02T19:00:37.633089,2,2,126.4,0.2,126.3,47,126.0,100,,,,,,,,,,,,,,,,,126.5,5,126.8,115,,,,,,,,,,,,,,,,
2026-07-02T19:00:38.092605+00:00,2026-07-02T19:00:38.092505,1,2,126.4,0.2,126.3,47,,,,,,,,,,,,,,,,,,,126.5,5,126.8,115,,,,,,,,,,,,,,,,
2026-07-02T19:00:38.146556+00:00,2026-07-02T19:00:38.146207,2,2,126.4,0.2,126.3,47,126.2,100,,,,,,,,,,,,,,,,,126.5,5,126.8,115,,,,,,,,,,,,,,,,
2026-07-02T19:00:38.202219+00:00,2026-07-02T19:00:38.201991,2,3,126.4,0.2,126.3,47,126.2,100,,,,,,,,,,,,,,,,,126.5,5,126.7,100,126.8,115,,,,,,,,,,,,,,
2026-07-02T19:00:38.318086+00:00,2026-07-02T19:00:38.317909,1,2,126.35,0.3,126.2,100,,,,,,,,,,,,,,,,,,,126.5,5,126.7,100,,,,,,,,,,,,,,,,
2026-07-02T19:00:38.372450+00:00,2026-07-02T19:00:38.372110,2,2,126.35,0.3,126.2,100,126.1,150,,,,,,,,,,,,,,,,,126.5,5,126.7,100,,,,,,,,,,,,,,,,
2026-07-02T19:00:38.417371+00:00,2026-07-02T19:00:38.417048,2,3,126.35,0.3,126.2,100,126.1,150,,,,,,,,,,,,,,,,,126.5,5,126.6,150,126.7,100,,,,,,,,,,,,,,
2026-07-02T19:00:38.964554+00:00,2026-07-02T19:00:38.964485,2,3,126.35,0.3,126.2,101,126.1,150,,,,,,,,,,,,,,,,,126.5,5,126.6,150,126.7,100,,,,,,,,,,,,,,
2026-07-02T19:00:39.211495+00:00,2026-07-02T19:00:39.210877,2,2,126.4,0.4,126.2,101,126.1,150,,,,,,,,,,,,,,,,,126.6,105,126.7,100,,,,,,,,,,,,,,,,
2026-07-02T19:00:39.412023+00:00,2026-07-02T19:00:39.412495,2,3,126.35,0.3,126.2,101,126.1,150,,,,,,,,,,,,,,,,,126.5,5,126.6,105,126.7,100,,,,,,,,,,,,,,
2026-07-02T19:00:39.418494+00:00,2026-07-02T19:00:39.418091,2,3,126.35,0.3,126.2,92,126.1,150,,,,,,,,,,,,,,,,,126.5,5,126.6,105,126.7,100,,,,,,,,,,,,,,
2026-07-02T19:00:39.494390+00:00,2026-07-02T19:00:39.494008,2,3,126.35,0.3,126.2,92,126.1,150,,,,,,,,,,,,,,,,,126.5,4,126.6,105,126.7,100,,,,,,,,,,,,,,
2026-07-02T19:00:39.620697+00:00,2026-07-02T19:00:39.620557,2,2,126.4,0.4,126.2,92,126.1,150,,,,,,,,,,,,,,,,,126.6,105,126.7,100,,,,,,,,,,,,,,,,
2026-07-02T19:00:39.965715+00:00,2026-07-02T19:00:39.966028,2,3,126.35,0.3,126.2,92,126.1,150,,,,,,,,,,,,,,,,,126.5,4,126.6,105,126.7,100,,,,,,,,,,,,,,
2026-07-02T19:00:41.048497+00:00,2026-07-02T19:00:41.058823,2,2,126.4,0.4,126.2,92,126.1,150,,,,,,,,,,,,,,,,,126.6,66,126.7,100,,,,,,,,,,,,,,,,
2026-07-02T19:00:41.219812+00:00,2026-07-02T19:00:41.219356,2,2,126.4,0.4,126.2,88,126.1,150,,,,,,,,,,,,,,,,,126.6,66,126.7,100,,,,,,,,,,,,,,,,
2026-07-02T19:00:41.248763+00:00,2026-07-02T19:00:41.248385,2,1,126.4,0.4,126.2,1,126.1,150,,,,,,,,,,,,,,,,,126.6,66,,,,,,,,,,,,,,,,,,
2026-07-02T19:00:41.307723+00:00,2026-07-02T19:00:41.307904,3,1,126.45,0.3,126.3,100,126.2,1,126.1,150,,,,,,,,,,,,,,,126.6,66,,,,,,,,,,,,,,,,,,
2026-07-02T19:00:41.364401+00:00,2026-07-02T19:00:41.364115,3,2,126.45,0.3,126.3,100,126.2,1,126.1,150,,,,,,,,,,,,,,,126.6,16,126.8,100,,,,,,,,,,,,,,,,
2026-07-02T19:00:41.431880+00:00,2026-07-02T19:00:41.431701,3,2,126.45,0.3,126.3,100,126.2,1,126.1,150,,,,,,,,,,,,,,,126.6,12,126.8,100,,,,,,,,,,,,,,,,
2026-07-02T19:00:41.473794+00:00,2026-07-02T19:00:41.473344,2,1,126.55,0.5,126.3,100,126.2,1,,,,,,,,,,,,,,,,,126.8,100,,,,,,,,,,,,,,,,,,
2026-07-02T19:00:41.547632+00:00,2026-07-02T19:00:41.542227,3,1,126.7,0.2,126.6,116,126.3,100,126.2,1,,,,,,,,,,,,,,,126.8,100,,,,,,,,,,,,,,,,,,
2026-07-02T19:00:41.574184+00:00,2026-07-02T19:00:41.574116,3,1,126.7,0.2,126.6,113,126.3,100,126.2,1,,,,,,,,,,,,,,,126.8,100,,,,,,,,,,,,,,,,,,
2026-07-02T19:00:41.581207+00:00,2026-07-02T19:00:41.580842,3,2,126.7,0.2,126.6,113,126.3,100,126.2,1,,,,,,,,,,,,,,,126.8,100,127.1,150,,,,,,,,,,,,,,,,
2026-07-02T19:00:41.623601+00:00,2026-07-02T19:00:41.623445,3,2,126.7,0.2,126.6,109,126.3,100,126.2,1,,,,,,,,,,,,,,,126.8,100,127.1,150,,,,,,,,,,,,,,,,
2026-07-02T19:00:42.111395+00:00,2026-07-02T19:00:42.111193,3,2,126.7,0.2,126.6,106,126.3,100,126.2,1,,,,,,,,,,,,,,,126.8,100,127.1,150,,,,,,,,,,,,,,,,
2026-07-02T19:00:42.154427+00:00,2026-07-02T19:00:42.154636,3,2,126.7,0.2,126.6,103,126.3,100,126.2,1,,,,,,,,,,,,,,,126.8,100,127.1,150,,,,,,,,,,,,,,,,
2026-07-02T19:00:42.196800+00:00,2026-07-02T19:00:42.196430,3,2,126.7,0.2,126.6,100,126.3,100,126.2,1,,,,,,,,,,,,,,,126.8,100,127.1,150,,,,,,,,,,,,,,,,
2026-07-02T19:00:42.563624+00:00,2026-07-02T19:00:42.563979,3,2,126.7,0.2,126.6,97,126.3,100,126.2,1,,,,,,,,,,,,,,,126.8,100,127.1,150,,,,,,,,,,,,,,,,
2026-07-02T19:00:42.617140+00:00,2026-07-02T19:00:42.617753,3,2,126.7,0.2,126.6,94,126.3,100,126.2,1,,,,,,,,,,,,,,,126.8,100,127.1,150,,,,,,,,,,,,,,,,
2026-07-02T19:00:42.985462+00:00,2026-07-02T19:00:42.985392,3,2,126.7,0.2,126.6,47,126.3,100,126.2,1,,,,,,,,,,,,,,,126.8,100,127.1,150,,,,,,,,,,,,,,,,
2026-07-02T19:00:43.450252+00:00,2026-07-02T19:00:43.450521,3,2,126.7,0.2,126.6,47,126.3,100,126.2,1,,,,,,,,,,,,,,,126.8,50,127.1,150,,,,,,,,,,,,,,,,
2026-07-02T19:00:43.458554+00:00,2026-07-02T19:00:43.456416,2,2,126.55,0.5,126.3,98,126.2,1,,,,,,,,,,,,,,,,,126.8,50,127.1,150,,,,,,,,,,,,,,,,
2026-07-02T19:00:43.627531+00:00,2026-07-02T19:00:43.628067,2,2,126.55,0.5,126.3,98,126.2,1,,,,,,,,,,,,,,,,,126.8,42,127.1,150,,,,,,,,,,,,,,,,
2026-07-02T19:00:44.423450+00:00,2026-07-02T19:00:44.423393,1,1,126.65,0.9,126.2,1,,,,,,,,,,,,,,,,,,,127.1,150,,,,,,,,,,,,,,,,,,
2026-07-02T19:00:44.472170+00:00,2026-07-02T19:00:44.471673,2,1,126.8,0.6,126.5,100,126.2,1,,,,,,,,,,,,,,,,,127.1,150,,,,,,,,,,,,,,,,,,
2026-07-02T19:00:44.524953+00:00,2026-07-02T19:00:44.524745,2,2,126.75,0.5,126.5,100,126.2,1,,,,,,,,,,,,,,,,,127.0,100,127.1,150,,,,,,,,,,,,,,,,
2026-07-02T19:00:44.590729+00:00,2026-07-02T19:00:44.590982,2,3,126.55,0.1,126.5,100,126.2,1,,,,,,,,,,,,,,,,,126.6,2,127.0,100,127.1,150,,,,,,,,,,,,,,
2026-07-02T19:00:44.644827+00:00,2026-07-02T19:00:44.644659,2,2,126.55,0.1,126.5,100,126.2,1,,,,,,,,,,,,,,,,,126.6,2,127.0,100,,,,,,,,,,,,,,,,
2026-07-02T19:00:44.690168+00:00,2026-07-02T19:00:44.689970,3,2,126.55,0.1,126.5,100,126.2,1,126.1,150,,,,,,,,,,,,,,,126.6,2,127.0,100,,,,,,,,,,,,,,,,
2026-07-02T19:00:44.736721+00:00,2026-07-02T19:00:44.736556,3,2,126.55,0.1,126.5,100,126.2,1,126.1,150,,,,,,,,,,,,,,,126.6,152,127.0,100,,,,,,,,,,,,,,,,
2026-07-02T19:00:45.103940+00:00,2026-07-02T19:00:45.103747,3,2,126.55,0.1,126.5,100,126.2,1,126.1,150,,,,,,,,,,,,,,,126.6,108,127.0,100,,,,,,,,,,,,,,,,
2026-07-02T19:00:45.130022+00:00,2026-07-02T19:00:45.129839,3,2,126.55,0.1,126.5,100,126.2,1,126.1,150,,,,,,,,,,,,,,,126.6,110,127.0,100,,,,,,,,,,,,,,,,
2026-07-02T19:00:45.368813+00:00,2026-07-02T19:00:45.362737,3,2,126.55,0.1,126.5,88,126.2,1,126.1,150,,,,,,,,,,,,,,,126.6,110,127.0,100,,,,,,,,,,,,,,,,
2026-07-02T19:00:45.422491+00:00,2026-07-02T19:00:45.422848,3,2,126.55,0.1,126.5,80,126.2,1,126.1,150,,,,,,,,,,,,,,,126.6,110,127.0,100,,,,,,,,,,,,,,,,
2026-07-02T19:00:45.561382+00:00,2026-07-02T19:00:45.561325,3,2,126.55,0.1,126.5,80,126.2,1,126.1,150,,,,,,,,,,,,,,,126.6,60,127.0,100,,,,,,,,,,,,,,,,
2026-07-02T19:00:45.590829+00:00,2026-07-02T19:00:45.590772,3,2,126.55,0.1,126.5,80,126.2,1,126.1,150,,,,,,,,,,,,,,,126.6,59,127.0,100,,,,,,,,,,,,,,,,
2026-07-02T19:00:46.307814+00:00,2026-07-02T19:00:46.307609,3,2,126.55,0.1,126.5,80,126.2,1,126.1,150,,,,,,,,,,,,,,,126.6,10,127.0,100,,,,,,,,,,,,,,,,
2026-07-02T19:00:46.358580+00:00,2026-07-02T19:00:46.358025,3,2,126.55,0.1,126.5,36,126.2,1,126.1,150,,,,,,,,,,,,,,,126.6,10,127.0,100,,,,,,,,,,,,,,,,
2026-07-02T19:00:46.364840+00:00,2026-07-02T19:00:46.364683,2,2,126.55,0.1,126.5,36,126.1,150,,,,,,,,,,,,,,,,,126.6,9,127.0,100,,,,,,,,,,,,,,,,
2026-07-02T19:00:46.610554+00:00,2026-07-02T19:00:46.610347,3,3,126.55,0.1,126.5,36,126.4,3,126.1,150,,,,,,,,,,,,,,,126.6,9,126.7,3,127.0,100,,,,,,,,,,,,,,
2026-07-02T19:00:46.824932+00:00,2026-07-02T19:00:46.824470,3,3,126.55,0.1,126.5,36,126.4,3,126.1,150,,,,,,,,,,,,,,,126.6,1,126.7,3,127.0,100,,,,,,,,,,,,,,
2026-07-02T19:00:47.578995+00:00,2026-07-02T19:00:47.578796,2,2,126.5,0.2,126.4,3,126.1,150,,,,,,,,,,,,,,,,,126.6,1,126.7,3,,,,,,,,,,,,,,,,
2026-07-02T19:00:47.634949+00:00,2026-07-02T19:00:47.634779,3,2,126.5,0.2,126.4,3,126.2,100,126.1,150,,,,,,,,,,,,,,,126.6,1,126.7,3,,,,,,,,,,,,,,,,
2026-07-02T19:00:47.669653+00:00,2026-07-02T19:00:47.669519,3,0,,,126.4,3,126.2,100,126.1,150,,,,,,,,,,,,,,,,,,,,,,,,,,,,,,,,,,
2026-07-02T19:00:47.691577+00:00,2026-07-02T19:00:47.690988,3,1,126.55,0.3,126.4,3,126.2,100,126.1,150,,,,,,,,,,,,,,,126.7,100,,,,,,,,,,,,,,,,,,
2026-07-02T19:00:47.794354+00:00,2026-07-02T19:00:47.794092,2,1,126.55,0.3,126.4,3,126.2,100,,,,,,,,,,,,,,,,,126.7,100,,,,,,,,,,,,,,,,,,
2026-07-02T19:00:47.824799+00:00,2026-07-02T19:00:47.824523,1,1,126.45,0.5,126.2,57,,,,,,,,,,,,,,,,,,,126.7,100,,,,,,,,,,,,,,,,,,
2026-07-02T19:00:47.858656+00:00,2026-07-02T19:00:47.851824,2,1,126.65,0.1,126.6,150,126.2,57,,,,,,,,,,,,,,,,,126.7,100,,,,,,,,,,,,,,,,,,
2026-07-02T19:00:47.898949+00:00,2026-07-02T19:00:47.898896,2,2,126.65,0.1,126.6,150,126.2,57,,,,,,,,,,,,,,,,,126.7,100,127.1,150,,,,,,,,,,,,,,,,
2026-07-02T19:00:48.022335+00:00,2026-07-02T19:00:48.021774,2,2,126.65,0.1,126.6,142,126.2,57,,,,,,,,,,,,,,,,,126.7,100,127.1,150,,,,,,,,,,,,,,,,
2026-07-02T19:00:48.376319+00:00,2026-07-02T19:00:48.375687,3,2,126.65,0.1,126.6,142,126.4,3,126.2,57,,,,,,,,,,,,,,,126.7,100,127.1,150,,,,,,,,,,,,,,,,
2026-07-02T19:00:48.388013+00:00,2026-07-02T19:00:48.387930,3,2,126.65,0.1,126.6,96,126.4,3,126.2,57,,,,,,,,,,,,,,,126.7,100,127.1,150,,,,,,,,,,,,,,,,
2026-07-02T19:00:48.398400+00:00,2026-07-02T19:00:48.398713,3,2,126.65,0.1,126.6,96,126.4,3,126.2,57,,,,,,,,,,,,,,,126.7,103,127.1,150,,,,,,,,,,,,,,,,
2026-07-02T19:00:48.658560+00:00,2026-07-02T19:00:48.648939,3,2,126.65,0.1,126.6,96,126.4,2,126.2,57,,,,,,,,,,,,,,,126.7,103,127.1,150,,,,,,,,,,,,,,,,
2026-07-02T19:00:48.978235+00:00,2026-07-02T19:00:48.978164,3,2,126.65,0.1,126.6,96,126.4,2,126.2,57,,,,,,,,,,,,,,,126.7,54,127.1,150,,,,,,,,,,,,,,,,
2026-07-02T19:00:49.310443+00:00,2026-07-02T19:00:49.304503,3,2,126.65,0.1,126.6,85,126.4,2,126.2,57,,,,,,,,,,,,,,,126.7,54,127.1,150,,,,,,,,,,,,,,,,
2026-07-02T19:00:49.499252+00:00,2026-07-02T19:00:49.499134,3,2,126.65,0.1,126.6,38,126.4,2,126.2,57,,,,,,,,,,,,,,,126.7,54,127.1,150,,,,,,,,,,,,,,,,
2026-07-02T19:00:49.803121+00:00,2026-07-02T19:00:49.802968,3,2,126.65,0.1,126.6,38,126.4,2,126.2,57,,,,,,,,,,,,,,,126.7,4,127.1,150,,,,,,,,,,,,,,,,
2026-07-02T19:00:50.730421+00:00,2026-07-02T19:00:50.730325,3,2,126.65,0.1,126.6,38,126.4,2,126.2,57,,,,,,,,,,,,,,,126.7,3,127.1,150,,,,,,,,,,,,,,,,
2026-07-02T19:00:50.737180+00:00,2026-07-02T19:00:50.737068,2,2,126.65,0.1,126.6,38,126.4,2,,,,,,,,,,,,,,,,,126.7,3,127.1,150,,,,,,,,,,,,,,,,
2026-07-02T19:00:50.793168+00:00,2026-07-02T19:00:50.792570,3,2,126.65,0.1,126.6,38,126.4,2,126.2,100,,,,,,,,,,,,,,,126.7,3,127.1,150,,,,,,,,,,,,,,,,
2026-07-02T19:00:50.858573+00:00,2026-07-02T19:00:50.855320,3,2,126.65,0.1,126.6,38,126.4,2,126.2,100,,,,,,,,,,,,,,,126.7,103,127.1,150,,,,,,,,,,,,,,,,
2026-07-02T19:00:50.958672+00:00,2026-07-02T19:00:50.954660,2,1,126.55,0.3,126.4,2,126.2,100,,,,,,,,,,,,,,,,,126.7,103,,,,,,,,,,,,,,,,,,
2026-07-02T19:00:51.009712+00:00,2026-07-02T19:00:51.009608,3,1,126.55,0.3,126.4,2,126.2,100,126.0,150,,,,,,,,,,,,,,,126.7,103,,,,,,,,,,,,,,,,,,
2026-07-02T19:00:51.058922+00:00,2026-07-02T19:00:51.058749,3,2,126.45,0.1,126.4,2,126.2,100,126.0,150,,,,,,,,,,,,,,,126.5,150,126.7,103,,,,,,,,,,,,,,,,
2026-07-02T19:00:51.902609+00:00,2026-07-02T19:00:51.902204,3,2,126.45,0.1,126.4,2,126.2,100,126.0,150,,,,,,,,,,,,,,,126.5,100,126.7,103,,,,,,,,,,,,,,,,
2026-07-02T19:00:52.027979+00:00,2026-07-02T19:00:52.027843,3,2,126.45,0.1,126.4,2,126.2,100,126.0,150,,,,,,,,,,,,,,,126.5,92,126.7,103,,,,,,,,,,,,,,,,
2026-07-02T19:00:52.229674+00:00,2026-07-02T19:00:52.229394,2,2,126.35,0.3,126.2,100,126.0,150,,,,,,,,,,,,,,,,,126.5,92,126.7,103,,,,,,,,,,,,,,,,
2026-07-02T19:00:52.438500+00:00,2026-07-02T19:00:52.438031,2,2,126.35,0.3,126.2,94,126.0,150,,,,,,,,,,,,,,,,,126.5,92,126.7,103,,,,,,,,,,,,,,,,
2026-07-02T19:00:53.903655+00:00,2026-07-02T19:00:53.903163,1,2,126.25,0.5,126.0,150,,,,,,,,,,,,,,,,,,,126.5,92,126.7,3,,,,,,,,,,,,,,,,
2026-07-02T19:00:53.975014+00:00,2026-07-02T19:00:53.974878,2,2,126.35,0.3,126.2,100,126.0,150,,,,,,,,,,,,,,,,,126.5,92,126.7,3,,,,,,,,,,,,,,,,
2026-07-02T19:00:54.022307+00:00,2026-07-02T19:00:54.022622,2,2,126.35,0.3,126.2,100,126.0,150,,,,,,,,,,,,,,,,,126.5,42,126.7,103,,,,,,,,,,,,,,,,
2026-07-02T19:00:54.109704+00:00,2026-07-02T19:00:54.109580,1,1,126.45,0.5,126.2,100,,,,,,,,,,,,,,,,,,,126.7,103,,,,,,,,,,,,,,,,,,
2026-07-02T19:00:54.189628+00:00,2026-07-02T19:00:54.189505,2,1,126.6,0.2,126.5,150,126.2,100,,,,,,,,,,,,,,,,,126.7,103,,,,,,,,,,,,,,,,,,
2026-07-02T19:00:54.227101+00:00,2026-07-02T19:00:54.227667,2,2,126.6,0.2,126.5,150,126.2,100,,,,,,,,,,,,,,,,,126.7,103,127.0,150,,,,,,,,,,,,,,,,
2026-07-02T19:00:54.335999+00:00,2026-07-02T19:00:54.335926,3,2,126.6,0.2,126.5,150,126.4,2,126.2,100,,,,,,,,,,,,,,,126.7,103,127.0,150,,,,,,,,,,,,,,,,
2026-07-02T19:00:56.124343+00:00,2026-07-02T19:00:56.124580,3,2,126.6,0.2,126.5,150,126.4,2,126.2,100,,,,,,,,,,,,,,,126.7,53,127.0,150,,,,,,,,,,,,,,,,
2026-07-02T19:00:56.626399+00:00,2026-07-02T19:00:56.626019,3,2,126.6,0.2,126.5,150,126.4,2,126.2,100,,,,,,,,,,,,,,,126.7,56,127.0,150,,,,,,,,,,,,,,,,
2026-07-02T19:00:57.069920+00:00,2026-07-02T19:00:57.069781,3,2,126.6,0.2,126.5,150,126.4,2,126.2,100,,,,,,,,,,,,,,,126.7,3,127.0,150,,,,,,,,,,,,,,,,
2026-07-02T19:00:57.075509+00:00,2026-07-02T19:00:57.074961,2,2,126.6,0.2,126.5,150,126.4,2,,,,,,,,,,,,,,,,,126.7,3,127.0,150,,,,,,,,,,,,,,,,
2026-07-02T19:00:57.126248+00:00,2026-07-02T19:00:57.126799,2,2,126.6,0.2,126.5,150,126.4,102,,,,,,,,,,,,,,,,,126.7,3,127.0,150,,,,,,,,,,,,,,,,
2026-07-02T19:00:57.180602+00:00,2026-07-02T19:00:57.180471,2,3,126.6,0.2,126.5,150,126.4,102,,,,,,,,,,,,,,,,,126.7,3,126.9,100,127.0,150,,,,,,,,,,,,,,
2026-07-02T19:00:57.277249+00:00,2026-07-02T19:00:57.277020,1,2,126.55,0.3,126.4,102,,,,,,,,,,,,,,,,,,,126.7,3,126.9,100,,,,,,,,,,,,,,,,
2026-07-02T19:00:57.332332+00:00,2026-07-02T19:00:57.332283,2,1,126.8,0.2,126.7,147,126.4,102,,,,,,,,,,,,,,,,,126.9,100,,,,,,,,,,,,,,,,,,
2026-07-02T19:00:57.386804+00:00,2026-07-02T19:00:57.386711,2,2,126.8,0.2,126.7,147,126.4,102,,,,,,,,,,,,,,,,,126.9,100,127.2,150,,,,,,,,,,,,,,,,
2026-07-02T19:00:58.228020+00:00,2026-07-02T19:00:58.227757,2,2,126.8,0.2,126.7,147,126.4,102,,,,,,,,,,,,,,,,,126.9,50,127.2,150,,,,,,,,,,,,,,,,
2026-07-02T19:00:58.239913+00:00,2026-07-02T19:00:58.239857,2,2,126.8,0.2,126.7,144,126.4,102,,,,,,,,,,,,,,,,,126.9,50,127.2,150,,,,,,,,,,,,,,,,
2026-07-02T19:00:58.658668+00:00,2026-07-02T19:00:58.652446,2,2,126.8,0.2,126.7,141,126.4,102,,,,,,,,,,,,,,,,,126.9,50,127.2,150,,,,,,,,,,,,,,,,
2026-07-02T19:00:58.844607+00:00,2026-07-02T19:00:58.844970,2,2,126.8,0.2,126.7,141,126.4,102,,,,,,,,,,,,,,,,,126.9,6,127.2,150,,,,,,,,,,,,,,,,
2026-07-02T19:00:59.365299+00:00,2026-07-02T19:00:59.364841,2,3,126.75,0.1,126.7,141,126.4,102,,,,,,,,,,,,,,,,,126.8,2,126.9,6,127.2,150,,,,,,,,,,,,,,
2026-07-02T19:00:59.420537+00:00,2026-07-02T19:00:59.420087,2,3,126.75,0.1,126.7,97,126.4,102,,,,,,,,,,,,,,,,,126.8,2,126.9,6,127.2,150,,,,,,,,,,,,,,
2026-07-02T19:01:00.230398+00:00,2026-07-02T19:01:00.230275,2,2,126.75,0.1,126.7,97,126.4,2,,,,,,,,,,,,,,,,,126.8,2,127.2,150,,,,,,,,,,,,,,,,
2026-07-02T19:01:00.291252+00:00,2026-07-02T19:01:00.290811,3,1,127.05,0.3,126.9,98,126.7,97,126.4,2,,,,,,,,,,,,,,,127.2,150,,,,,,,,,,,,,,,,,,
2026-07-02T19:01:00.334530+00:00,2026-07-02T19:01:00.334386,3,1,127.05,0.3,126.9,96,126.7,97,126.4,2,,,,,,,,,,,,,,,127.2,100,,,,,,,,,,,,,,,,,,
2026-07-02T19:01:00.346415+00:00,2026-07-02T19:01:00.346354,3,2,127.05,0.3,126.9,96,126.7,97,126.4,2,,,,,,,,,,,,,,,127.2,100,127.4,100,,,,,,,,,,,,,,,,
2026-07-02T19:01:00.445213+00:00,2026-07-02T19:01:00.444891,2,1,127.15,0.5,126.9,96,126.4,2,,,,,,,,,,,,,,,,,127.4,100,,,,,,,,,,,,,,,,,,
2026-07-02T19:01:00.493697+00:00,2026-07-02T19:01:00.493422,3,1,127.15,0.5,126.9,96,126.7,150,126.4,2,,,,,,,,,,,,,,,127.4,100,,,,,,,,,,,,,,,,,,
2026-07-02T19:01:00.550649+00:00,2026-07-02T19:01:00.550338,3,2,127.05,0.3,126.9,96,126.7,150,126.4,2,,,,,,,,,,,,,,,127.2,150,127.4,100,,,,,,,,,,,,,,,,
2026-07-02T19:01:00.664646+00:00,2026-07-02T19:01:00.664417,3,2,127.05,0.3,126.9,96,126.7,150,126.4,2,,,,,,,,,,,,,,,127.2,101,127.4,100,,,,,,,,,,,,,,,,
2026-07-02T19:01:02.516196+00:00,2026-07-02T19:01:02.516031,2,2,127.05,0.3,126.9,46,126.7,150,,,,,,,,,,,,,,,,,127.2,101,127.4,100,,,,,,,,,,,,,,,,
2026-07-02T19:01:02.758625+00:00,2026-07-02T19:01:02.758000,2,2,127.05,0.3,126.9,46,126.7,150,,,,,,,,,,,,,,,,,127.2,56,127.4,100,,,,,,,,,,,,,,,,
2026-07-02T19:01:02.815320+00:00,2026-07-02T19:01:02.815131,1,2,126.95,0.5,126.7,148,,,,,,,,,,,,,,,,,,,127.2,56,127.4,100,,,,,,,,,,,,,,,,
2026-07-02T19:01:03.370970+00:00,2026-07-02T19:01:03.370895,1,2,126.95,0.5,126.7,148,,,,,,,,,,,,,,,,,,,127.2,12,127.4,100,,,,,,,,,,,,,,,,
2026-07-02T19:01:03.404004+00:00,2026-07-02T19:01:03.403845,1,1,126.95,0.5,126.7,148,,,,,,,,,,,,,,,,,,,127.2,12,,,,,,,,,,,,,,,,,,
2026-07-02T19:01:03.458739+00:00,2026-07-02T19:01:03.454775,2,1,126.95,0.5,126.7,148,126.6,104,,,,,,,,,,,,,,,,,127.2,12,,,,,,,,,,,,,,,,,,
2026-07-02T19:01:03.504503+00:00,2026-07-02T19:01:03.504201,2,2,126.9,0.4,126.7,148,126.6,104,,,,,,,,,,,,,,,,,127.1,100,127.2,12,,,,,,,,,,,,,,,,
2026-07-02T19:01:03.605020+00:00,2026-07-02T19:01:03.604698,1,1,126.85,0.5,126.6,104,,,,,,,,,,,,,,,,,,,127.1,100,,,,,,,,,,,,,,,,,,
2026-07-02T19:01:03.658576+00:00,2026-07-02T19:01:03.656807,2,0,,,127.3,50,126.6,104,,,,,,,,,,,,,,,,,,,,,,,,,,,,,,,,,,,,
2026-07-02T19:01:03.704151+00:00,2026-07-02T19:01:03.703929,2,0,,,127.3,50,126.6,103,,,,,,,,,,,,,,,,,,,,,,,,,,,,,,,,,,,,
2026-07-02T19:01:03.736780+00:00,2026-07-02T19:01:03.730570,2,1,127.55,0.5,127.3,47,126.6,103,,,,,,,,,,,,,,,,,127.8,150,,,,,,,,,,,,,,,,,,
2026-07-02T19:01:03.745819+00:00,2026-07-02T19:01:03.740676,2,1,127.55,0.5,127.3,24,126.6,103,,,,,,,,,,,,,,,,,127.8,150,,,,,,,,,,,,,,,,,,
2026-07-02T19:01:04.323084+00:00,2026-07-02T19:01:04.323036,2,1,127.55,0.5,127.3,24,126.6,102,,,,,,,,,,,,,,,,,127.8,150,,,,,,,,,,,,,,,,,,
2026-07-02T19:01:04.485584+00:00,2026-07-02T19:01:04.485494,2,1,127.55,0.5,127.3,21,126.6,102,,,,,,,,,,,,,,,,,127.8,150,,,,,,,,,,,,,,,,,,
2026-07-02T19:01:04.506325+00:00,2026-07-02T19:01:04.506279,1,1,127.2,1.2,126.6,77,,,,,,,,,,,,,,,,,,,127.8,150,,,,,,,,,,,,,,,,,,
2026-07-02T19:01:04.613110+00:00,2026-07-02T19:01:04.612765,1,1,127.2,1.2,126.6,27,,,,,,,,,,,,,,,,,,,127.8,150,,,,,,,,,,,,,,,,,,
2026-07-02T19:01:04.655368+00:00,2026-07-02T19:01:04.649024,1,1,127.2,1.2,126.6,27,,,,,,,,,,,,,,,,,,,127.8,150,,,,,,,,,,,,,,,,,,
2026-07-02T19:01:04.717046+00:00,2026-07-02T19:01:04.717159,1,1,127.2,1.2,126.6,27,,,,,,,,,,,,,,,,,,,127.8,132,,,,,,,,,,,,,,,,,,
2026-07-02T19:01:04.748788+00:00,2026-07-02T19:01:04.734020,1,1,127.2,1.2,126.6,27,,,,,,,,,,,,,,,,,,,127.8,132,,,,,,,,,,,,,,,,,,
2026-07-02T19:01:05.242407+00:00,2026-07-02T19:01:05.242345,1,1,127.2,1.2,126.6,26,,,,,,,,,,,,,,,,,,,127.8,132,,,,,,,,,,,,,,,,,,
2026-07-02T19:01:05.660520+00:00,2026-07-02T19:01:05.660427,1,2,126.8,0.4,126.6,26,,,,,,,,,,,,,,,,,,,127.0,5,127.8,132,,,,,,,,,,,,,,,,
2026-07-02T19:01:06.012318+00:00,2026-07-02T19:01:06.012203,1,2,126.8,0.4,126.6,26,,,,,,,,,,,,,,,,,,,127.0,4,127.8,132,,,,,,,,,,,,,,,,
2026-07-02T19:01:06.379203+00:00,2026-07-02T19:01:06.373334,1,1,127.2,1.2,126.6,26,,,,,,,,,,,,,,,,,,,127.8,132,,,,,,,,,,,,,,,,,,
2026-07-02T19:01:06.495227+00:00,2026-07-02T19:01:06.489865,1,2,126.8,0.4,126.6,26,,,,,,,,,,,,,,,,,,,127.0,1,127.8,132,,,,,,,,,,,,,,,,
2026-07-02T19:01:06.557995+00:00,2026-07-02T19:01:06.557884,1,2,126.8,0.4,126.6,1,,,,,,,,,,,,,,,,,,,127.0,1,127.8,132,,,,,,,,,,,,,,,,
2026-07-02T19:01:06.611123+00:00,2026-07-02T19:01:06.610699,2,2,126.9,0.2,126.8,100,126.6,1,,,,,,,,,,,,,,,,,127.0,1,127.8,132,,,,,,,,,,,,,,,,
2026-07-02T19:01:06.660220+00:00,2026-07-02T19:01:06.660159,2,3,126.9,0.2,126.8,100,126.6,1,,,,,,,,,,,,,,,,,127.0,1,127.3,100,127.8,132,,,,,,,,,,,,,,
2026-07-02T19:01:06.684232+00:00,2026-07-02T19:01:06.683540,2,3,126.9,0.2,126.8,82,126.6,1,,,,,,,,,,,,,,,,,127.0,1,127.3,100,127.8,132,,,,,,,,,,,,,,
2026-07-02T19:01:06.712860+00:00,2026-07-02T19:01:06.713491,2,3,126.9,0.2,126.8,32,126.6,1,,,,,,,,,,,,,,,,,127.0,1,127.3,100,127.8,132,,,,,,,,,,,,,,
2026-07-02T19:01:06.764300+00:00,2026-07-02T19:01:06.763996,2,2,126.9,0.2,126.8,32,126.6,1,,,,,,,,,,,,,,,,,127.0,1,127.3,100,,,,,,,,,,,,,,,,
2026-07-02T19:01:06.817630+00:00,2026-07-02T19:01:06.817141,3,2,126.95,0.1,126.9,150,126.8,32,126.6,1,,,,,,,,,,,,,,,127.0,1,127.3,100,,,,,,,,,,,,,,,,
2026-07-02T19:01:06.876065+00:00,2026-07-02T19:01:06.875468,3,3,126.95,0.1,126.9,150,126.8,32,126.6,1,,,,,,,,,,,,,,,127.0,1,127.3,100,127.4,150,,,,,,,,,,,,,,
2026-07-02T19:01:07.492032+00:00,2026-07-02T19:01:07.492269,3,2,127.1,0.4,126.9,150,126.8,32,126.6,1,,,,,,,,,,,,,,,127.3,54,127.4,150,,,,,,,,,,,,,,,,
2026-07-02T19:01:07.694235+00:00,2026-07-02T19:01:07.694083,3,3,126.95,0.1,126.9,150,126.8,32,126.6,1,,,,,,,,,,,,,,,127.0,4,127.3,54,127.4,150,,,,,,,,,,,,,,
2026-07-02T19:01:08.624573+00:00,2026-07-02T19:01:08.624547,2,2,127.1,0.4,126.9,150,126.8,32,,,,,,,,,,,,,,,,,127.3,54,127.4,150,,,,,,,,,,,,,,,,
2026-07-02T19:01:08.819937+00:00,2026-07-02T19:01:08.819584,2,2,127.1,0.4,126.9,100,126.8,32,,,,,,,,,,,,,,,,,127.3,54,127.4,150,,,,,,,,,,,,,,,,
2026-07-02T19:01:08.962216+00:00,2026-07-02T19:01:08.962674,2,3,127.0,0.2,126.9,100,126.8,32,,,,,,,,,,,,,,,,,127.1,4,127.3,54,127.4,150,,,,,,,,,,,,,,
2026-07-02T19:01:09.109558+00:00,2026-07-02T19:01:09.109980,2,3,127.0,0.2,126.9,55,126.8,32,,,,,,,,,,,,,,,,,127.1,4,127.3,54,127.4,150,,,,,,,,,,,,,,
2026-07-02T19:01:09.320315+00:00,2026-07-02T19:01:09.320574,2,3,127.0,0.2,126.9,55,126.8,34,,,,,,,,,,,,,,,,,127.1,4,127.3,54,127.4,150,,,,,,,,,,,,,,
2026-07-02T19:01:09.684434+00:00,2026-07-02T19:01:09.684361,2,2,127.1,0.4,126.9,55,126.8,34,,,,,,,,,,,,,,,,,127.3,14,127.4,150,,,,,,,,,,,,,,,,
2026-07-02T19:01:09.721643+00:00,2026-07-02T19:01:09.721223,2,1,127.15,0.5,126.9,55,126.8,2,,,,,,,,,,,,,,,,,127.4,150,,,,,,,,,,,,,,,,,,
2026-07-02T19:01:09.769462+00:00,2026-07-02T19:01:09.769043,3,1,127.15,0.5,126.9,55,126.8,2,126.7,100,,,,,,,,,,,,,,,127.4,150,,,,,,,,,,,,,,,,,,
2026-07-02T19:01:09.839180+00:00,2026-07-02T19:01:09.839118,3,2,127.05,0.3,126.9,55,126.8,2,126.7,100,,,,,,,,,,,,,,,127.2,100,127.4,150,,,,,,,,,,,,,,,,
2026-07-02T19:01:09.924350+00:00,2026-07-02T19:01:09.923905,2,1,127.0,0.4,126.8,2,126.7,100,,,,,,,,,,,,,,,,,127.2,100,,,,,,,,,,,,,,,,,,
2026-07-02T19:01:09.977321+00:00,2026-07-02T19:01:09.976836,3,1,127.0,0.4,126.8,2,126.7,100,126.3,150,,,,,,,,,,,,,,,127.2,100,,,,,,,,,,,,,,,,,,
2026-07-02T19:01:10.058705+00:00,2026-07-02T19:01:10.049010,2,2,126.75,0.1,126.7,100,126.3,150,,,,,,,,,,,,,,,,,126.8,148,127.2,100,,,,,,,,,,,,,,,,
2026-07-02T19:01:10.203082+00:00,2026-07-02T19:01:10.196612,2,2,126.75,0.1,126.7,100,126.3,150,,,,,,,,,,,,,,,,,126.8,136,127.2,100,,,,,,,,,,,,,,,,
2026-07-02T19:01:10.765260+00:00,2026-07-02T19:01:10.764469,2,2,126.75,0.1,126.7,100,126.3,150,,,,,,,,,,,,,,,,,126.8,92,127.2,100,,,,,,,,,,,,,,,,
2026-07-02T19:01:10.770819+00:00,2026-07-02T19:01:10.770340,2,3,126.75,0.1,126.7,100,126.3,150,,,,,,,,,,,,,,,,,126.8,92,127.1,3,127.2,100,,,,,,,,,,,,,,
2026-07-02T19:01:10.776395+00:00,2026-07-02T19:01:10.776249,2,3,126.75,0.1,126.7,100,126.3,150,,,,,,,,,,,,,,,,,126.8,90,127.1,3,127.2,100,,,,,,,,,,,,,,
2026-07-02T19:01:10.879794+00:00,2026-07-02T19:01:10.879665,2,3,126.75,0.1,126.7,100,126.3,150,,,,,,,,,,,,,,,,,126.8,40,127.1,3,127.2,100,,,,,,,,,,,,,,
2026-07-02T19:01:11.692622+00:00,2026-07-02T19:01:11.692288,2,3,126.75,0.1,126.7,100,126.3,150,,,,,,,,,,,,,,,,,126.8,32,127.1,3,127.2,100,,,,,,,,,,,,,,
2026-07-02T19:01:12.874411+00:00,2026-07-02T19:01:12.874065,2,2,126.75,0.1,126.7,100,126.3,150,,,,,,,,,,,,,,,,,126.8,32,127.1,3,,,,,,,,,,,,,,,,
2026-07-02T19:01:12.884880+00:00,2026-07-02T19:01:12.884790,1,2,126.55,0.5,126.3,150,,,,,,,,,,,,,,,,,,,126.8,32,127.1,3,,,,,,,,,,,,,,,,
2026-07-02T19:01:12.958617+00:00,2026-07-02T19:01:12.948842,2,1,126.95,0.3,126.8,68,126.3,150,,,,,,,,,,,,,,,,,127.1,3,,,,,,,,,,,,,,,,,,
2026-07-02T19:01:13.012691+00:00,2026-07-02T19:01:13.012371,2,2,126.95,0.3,126.8,68,126.3,150,,,,,,,,,,,,,,,,,127.1,3,127.3,100,,,,,,,,,,,,,,,,
2026-07-02T19:01:13.045435+00:00,2026-07-02T19:01:13.045106,2,2,126.95,0.3,126.8,18,126.3,150,,,,,,,,,,,,,,,,,127.1,3,127.3,100,,,,,,,,,,,,,,,,
2026-07-02T19:01:13.093449+00:00,2026-07-02T19:01:13.093397,2,2,126.95,0.3,126.8,10,126.3,150,,,,,,,,,,,,,,,,,127.1,3,127.3,100,,,,,,,,,,,,,,,,
2026-07-02T19:01:13.099125+00:00,2026-07-02T19:01:13.098790,1,2,126.95,0.3,126.8,10,,,,,,,,,,,,,,,,,,,127.1,3,127.3,100,,,,,,,,,,,,,,,,
2026-07-02T19:01:13.146489+00:00,2026-07-02T19:01:13.146212,2,2,127.05,0.1,127.0,106,126.8,10,,,,,,,,,,,,,,,,,127.1,3,127.3,100,,,,,,,,,,,,,,,,
2026-07-02T19:01:13.209107+00:00,2026-07-02T19:01:13.208797,2,3,127.05,0.1,127.0,106,126.8,10,,,,,,,,,,,,,,,,,127.1,3,127.3,100,127.5,150,,,,,,,,,,,,,,
2026-07-02T19:01:13.823035+00:00,2026-07-02T19:01:13.818984,2,3,127.05,0.1,127.0,106,126.8,11,,,,,,,,,,,,,,,,,127.1,3,127.3,100,127.5,150,,,,,,,,,,,,,,
2026-07-02T19:01:13.941059+00:00,2026-07-02T19:01:13.940963,2,3,127.05,0.1,127.0,106,126.8,10,,,,,,,,,,,,,,,,,127.1,3,127.3,100,127.5,150,,,,,,,,,,,,,,
2026-07-02T19:01:15.144895+00:00,2026-07-02T19:01:15.144766,2,3,127.05,0.1,127.0,56,126.8,10,,,,,,,,,,,,,,,,,127.1,3,127.3,100,127.5,150,,,,,,,,,,,,,,
2026-07-02T19:01:15.599615+00:00,2026-07-02T19:01:15.563026,2,3,127.05,0.1,127.0,44,126.8,10,,,,,,,,,,,,,,,,,127.1,3,127.3,100,127.5,150,,,,,,,,,,,,,,
2026-07-02T19:01:15.682052+00:00,2026-07-02T19:01:15.682392,2,3,127.05,0.1,127.0,44,126.8,10,,,,,,,,,,,,,,,,,127.1,2,127.3,100,127.5,150,,,,,,,,,,,,,,
2026-07-02T19:01:15.791060+00:00,2026-07-02T19:01:15.790803,2,3,127.05,0.1,127.0,3,126.8,10,,,,,,,,,,,,,,,,,127.1,2,127.3,100,127.5,150,,,,,,,,,,,,,,
2026-07-02T19:01:16.085514+00:00,2026-07-02T19:01:16.084980,1,2,127.05,0.1,127.0,3,,,,,,,,,,,,,,,,,,,127.1,2,127.5,150,,,,,,,,,,,,,,,,
2026-07-02T19:01:16.115270+00:00,2026-07-02T19:01:16.115026,2,2,127.05,0.1,127.0,3,126.5,100,,,,,,,,,,,,,,,,,127.1,2,127.5,150,,,,,,,,,,,,,,,,
2026-07-02T19:01:16.146632+00:00,2026-07-02T19:01:16.146565,2,2,127.05,0.1,127.0,3,126.5,100,,,,,,,,,,,,,,,,,127.1,1,127.5,150,,,,,,,,,,,,,,,,
2026-07-02T19:01:16.170402+00:00,2026-07-02T19:01:16.169935,1,3,126.75,0.5,126.5,100,,,,,,,,,,,,,,,,,,,127.0,97,127.1,1,127.5,150,,,,,,,,,,,,,,
2026-07-02T19:01:16.246707+00:00,2026-07-02T19:01:16.246406,1,2,126.75,0.5,126.5,100,,,,,,,,,,,,,,,,,,,127.0,97,127.1,1,,,,,,,,,,,,,,,,
2026-07-02T19:01:16.287866+00:00,2026-07-02T19:01:16.287390,1,2,126.75,0.5,126.5,100,,,,,,,,,,,,,,,,,,,127.0,89,127.1,1,,,,,,,,,,,,,,,,
2026-07-02T19:01:16.299125+00:00,2026-07-02T19:01:16.299380,2,2,126.75,0.5,126.5,100,126.4,150,,,,,,,,,,,,,,,,,127.0,89,127.1,1,,,,,,,,,,,,,,,,
2026-07-02T19:01:16.351887+00:00,2026-07-02T19:01:16.351601,2,3,126.7,0.4,126.5,100,126.4,150,,,,,,,,,,,,,,,,,126.9,150,127.0,89,127.1,1,,,,,,,,,,,,,,
2026-07-02T19:01:16.981002+00:00,2026-07-02T19:01:16.980778,3,3,126.85,0.1,126.8,3,126.5,100,126.4,150,,,,,,,,,,,,,,,126.9,150,127.0,89,127.1,1,,,,,,,,,,,,,,
2026-07-02T19:01:17.009331+00:00,2026-07-02T19:01:17.009068,3,3,126.85,0.1,126.8,3,126.5,100,126.4,150,,,,,,,,,,,,,,,126.9,107,127.0,89,127.1,1,,,,,,,,,,,,,,
2026-07-02T19:01:17.098000+00:00,2026-07-02T19:01:17.097773,2,3,126.7,0.4,126.5,100,126.4,150,,,,,,,,,,,,,,,,,126.9,107,127.0,89,127.1,1,,,,,,,,,,,,,,
2026-07-02T19:01:17.258605+00:00,2026-07-02T19:01:17.251723,2,3,126.7,0.4,126.5,50,126.4,150,,,,,,,,,,,,,,,,,126.9,107,127.0,89,127.1,1,,,,,,,,,,,,,,
2026-07-02T19:01:17.292440+00:00,2026-07-02T19:01:17.292164,2,3,126.7,0.4,126.5,50,126.4,150,,,,,,,,,,,,,,,,,126.9,99,127.0,89,127.1,1,,,,,,,,,,,,,,
2026-07-02T19:01:19.241179+00:00,2026-07-02T19:01:19.240733,1,2,126.65,0.5,126.4,150,,,,,,,,,,,,,,,,,,,126.9,99,127.1,1,,,,,,,,,,,,,,,,
2026-07-02T19:01:19.296784+00:00,2026-07-02T19:01:19.296744,1,2,126.65,0.5,126.4,250,,,,,,,,,,,,,,,,,,,126.9,99,127.1,1,,,,,,,,,,,,,,,,
2026-07-02T19:01:19.346186+00:00,2026-07-02T19:01:19.346451,1,2,126.65,0.5,126.4,250,,,,,,,,,,,,,,,,,,,126.9,199,127.1,1,,,,,,,,,,,,,,,,
2026-07-02T19:01:19.358976+00:00,2026-07-02T19:01:19.353114,1,2,126.65,0.5,126.4,200,,,,,,,,,,,,,,,,,,,126.9,199,127.1,1,,,,,,,,,,,,,,,,
2026-07-02T19:01:19.407223+00:00,2026-07-02T19:01:19.406869,1,2,126.65,0.5,126.4,100,,,,,,,,,,,,,,,,,,,126.9,100,127.1,1,,,,,,,,,,,,,,,,
2026-07-02T19:01:19.459588+00:00,2026-07-02T19:01:19.459318,1,2,126.65,0.5,126.4,250,,,,,,,,,,,,,,,,,,,126.9,100,127.1,1,,,,,,,,,,,,,,,,
2026-07-02T19:01:19.515484+00:00,2026-07-02T19:01:19.515565,1,2,126.65,0.5,126.4,250,,,,,,,,,,,,,,,,,,,126.9,250,127.1,1,,,,,,,,,,,,,,,,
2026-07-02T19:01:20.808456+00:00,2026-07-02T19:01:20.803200,1,2,126.65,0.5,126.4,250,,,,,,,,,,,,,,,,,,,126.9,238,127.1,1,,,,,,,,,,,,,,,,
2026-07-02T19:01:21.070674+00:00,2026-07-02T19:01:21.069329,1,2,126.65,0.5,126.4,204,,,,,,,,,,,,,,,,,,,126.9,238,127.1,1,,,,,,,,,,,,,,,,
2026-07-02T19:01:21.408290+00:00,2026-07-02T19:01:21.408028,1,2,126.65,0.5,126.4,204,,,,,,,,,,,,,,,,,,,126.9,188,127.1,1,,,,,,,,,,,,,,,,
2026-07-02T19:01:21.673053+00:00,2026-07-02T19:01:21.672902,1,2,126.65,0.5,126.4,204,,,,,,,,,,,,,,,,,,,126.9,139,127.1,1,,,,,,,,,,,,,,,,
2026-07-02T19:01:22.258807+00:00,2026-07-02T19:01:22.258747,1,2,126.65,0.5,126.4,158,,,,,,,,,,,,,,,,,,,126.9,139,127.1,1,,,,,,,,,,,,,,,,
2026-07-02T19:01:22.406592+00:00,2026-07-02T19:01:22.406405,1,2,126.65,0.5,126.4,150,,,,,,,,,,,,,,,,,,,126.9,139,127.1,1,,,,,,,,,,,,,,,,
2026-07-02T19:01:22.458615+00:00,2026-07-02T19:01:22.454804,2,2,126.65,0.5,126.4,150,126.3,100,,,,,,,,,,,,,,,,,126.9,139,127.1,1,,,,,,,,,,,,,,,,
2026-07-02T19:01:22.524336+00:00,2026-07-02T19:01:22.523916,2,3,126.6,0.4,126.4,150,126.3,100,,,,,,,,,,,,,,,,,126.8,100,126.9,139,127.1,1,,,,,,,,,,,,,,
2026-07-02T19:01:22.574012+00:00,2026-07-02T19:01:22.573906,1,2,126.55,0.5,126.3,100,,,,,,,,,,,,,,,,,,,126.8,100,127.1,1,,,,,,,,,,,,,,,,
2026-07-02T19:01:22.626607+00:00,2026-07-02T19:01:22.626911,1,2,126.55,0.5,126.3,250,,,,,,,,,,,,,,,,,,,126.8,100,127.1,1,,,,,,,,,,,,,,,,
2026-07-02T19:01:22.681015+00:00,2026-07-02T19:01:22.680807,1,2,126.55,0.5,126.3,250,,,,,,,,,,,,,,,,,,,126.8,250,127.1,1,,,,,,,,,,,,,,,,
2026-07-02T19:01:25.583588+00:00,2026-07-02T19:01:25.583557,1,2,126.55,0.5,126.3,150,,,,,,,,,,,,,,,,,,,126.8,150,127.1,1,,,,,,,,,,,,,,,,
2026-07-02T19:01:25.628911+00:00,2026-07-02T19:01:25.628786,2,2,126.55,0.5,126.3,150,126.2,100,,,,,,,,,,,,,,,,,126.8,100,127.1,1,,,,,,,,,,,,,,,,
2026-07-02T19:01:25.684671+00:00,2026-07-02T19:01:25.684374,2,3,126.5,0.4,126.3,150,126.2,100,,,,,,,,,,,,,,,,,126.7,100,126.8,100,127.1,1,,,,,,,,,,,,,,
2026-07-02T19:01:25.731550+00:00,2026-07-02T19:01:25.731332,1,2,126.45,0.5,126.2,100,,,,,,,,,,,,,,,,,,,126.7,100,127.1,1,,,,,,,,,,,,,,,,
2026-07-02T19:01:25.789992+00:00,2026-07-02T19:01:25.789830,2,2,126.6,0.2,126.5,150,126.2,100,,,,,,,,,,,,,,,,,126.7,100,127.1,1,,,,,,,,,,,,,,,,
2026-07-02T19:01:25.878980+00:00,2026-07-02T19:01:25.878213,2,3,126.6,0.2,126.5,150,126.2,100,,,,,,,,,,,,,,,,,126.7,100,127.0,150,127.1,1,,,,,,,,,,,,,,
2026-07-02T19:01:26.067428+00:00,2026-07-02T19:01:26.062784,2,3,126.6,0.2,126.5,150,126.2,100,,,,,,,,,,,,,,,,,126.7,89,127.0,150,127.1,1,,,,,,,,,,,,,,
2026-07-02T19:01:26.310056+00:00,2026-07-02T19:01:26.309553,2,3,126.6,0.2,126.5,150,126.2,100,,,,,,,,,,,,,,,,,126.7,88,127.0,150,127.1,1,,,,,,,,,,,,,,
2026-07-02T19:01:26.315517+00:00,2026-07-02T19:01:26.315416,2,2,126.6,0.2,126.5,150,126.2,100,,,,,,,,,,,,,,,,,126.7,88,127.0,150,,,,,,,,,,,,,,,,
2026-07-02T19:01:26.704190+00:00,2026-07-02T19:01:26.703971,2,2,126.6,0.2,126.5,137,126.2,100,,,,,,,,,,,,,,,,,126.7,88,127.0,150,,,,,,,,,,,,,,,,
2026-07-02T19:01:26.882364+00:00,2026-07-02T19:01:26.882101,2,2,126.6,0.2,126.5,137,126.2,100,,,,,,,,,,,,,,,,,126.7,44,127.0,150,,,,,,,,,,,,,,,,
2026-07-02T19:01:27.095398+00:00,2026-07-02T19:01:27.095171,2,3,126.6,0.2,126.5,137,126.2,100,,,,,,,,,,,,,,,,,126.7,44,126.9,5,127.0,150,,,,,,,,,,,,,,
2026-07-02T19:01:27.140447+00:00,2026-07-02T19:01:27.134223,2,3,126.6,0.2,126.5,137,126.2,100,,,,,,,,,,,,,,,,,126.7,44,126.9,5,127.0,150,,,,,,,,,,,,,,
2026-07-02T19:01:27.190065+00:00,2026-07-02T19:01:27.183889,2,3,126.6,0.2,126.5,137,126.2,100,,,,,,,,,,,,,,,,,126.7,44,126.9,5,127.0,150,,,,,,,,,,,,,,
2026-07-02T19:01:27.260913+00:00,2026-07-02T19:01:27.261474,3,3,126.65,0.1,126.6,1,126.5,137,126.2,100,,,,,,,,,,,,,,,126.7,44,126.9,5,127.0,150,,,,,,,,,,,,,,
2026-07-02T19:01:27.272829+00:00,2026-07-02T19:01:27.266154,2,3,126.6,0.2,126.5,137,126.2,100,,,,,,,,,,,,,,,,,126.7,44,126.9,5,127.0,150,,,,,,,,,,,,,,
2026-07-02T19:01:27.308077+00:00,2026-07-02T19:01:27.301947,2,3,126.6,0.2,126.5,137,126.2,100,,,,,,,,,,,,,,,,,126.7,44,126.9,5,127.0,150,,,,,,,,,,,,,,
2026-07-02T19:01:27.376397+00:00,2026-07-02T19:01:27.376304,3,3,126.65,0.1,126.6,1,126.5,137,126.2,100,,,,,,,,,,,,,,,126.7,44,126.9,5,127.0,150,,,,,,,,,,,,,,
2026-07-02T19:01:27.385298+00:00,2026-07-02T19:01:27.380001,2,3,126.6,0.2,126.5,137,126.2,100,,,,,,,,,,,,,,,,,126.7,44,126.9,5,127.0,150,,,,,,,,,,,,,,
2026-07-02T19:01:27.421937+00:00,2026-07-02T19:01:27.416889,2,3,126.6,0.2,126.5,137,126.2,100,,,,,,,,,,,,,,,,,126.7,44,126.9,5,127.0,150,,,,,,,,,,,,,,
2026-07-02T19:01:27.458837+00:00,2026-07-02T19:01:27.454016,2,3,126.6,0.2,126.5,137,126.2,100,,,,,,,,,,,,,,,,,126.7,44,126.9,5,127.0,150,,,,,,,,,,,,,,
2026-07-02T19:01:27.490613+00:00,2026-07-02T19:01:27.483829,2,3,126.6,0.2,126.5,137,126.2,100,,,,,,,,,,,,,,,,,126.7,44,126.9,5,127.0,150,,,,,,,,,,,,,,
2026-07-02T19:01:27.788120+00:00,2026-07-02T19:01:27.787742,2,3,126.6,0.2,126.5,87,126.2,100,,,,,,,,,,,,,,,,,126.7,44,126.9,5,127.0,150,,,,,,,,,,,,,,
2026-07-02T19:01:28.101778+00:00,2026-07-02T19:01:28.095713,2,3,126.6,0.2,126.5,87,126.2,100,,,,,,,,,,,,,,,,,126.7,44,126.9,5,127.0,150,,,,,,,,,,,,,,
2026-07-02T19:01:28.195515+00:00,2026-07-02T19:01:28.190787,2,3,126.6,0.2,126.5,87,126.2,100,,,,,,,,,,,,,,,,,126.7,44,126.9,5,127.0,150,,,,,,,,,,,,,,
2026-07-02T19:01:28.321906+00:00,2026-07-02T19:01:28.315967,2,3,126.6,0.2,126.5,87,126.2,100,,,,,,,,,,,,,,,,,126.7,44,126.9,5,127.0,150,,,,,,,,,,,,,,
2026-07-02T19:01:28.737243+00:00,2026-07-02T19:01:28.737575,1,2,126.7,0.4,126.5,87,,,,,,,,,,,,,,,,,,,126.9,5,127.0,150,,,,,,,,,,,,,,,,
2026-07-02T19:01:28.799236+00:00,2026-07-02T19:01:28.798966,2,2,126.7,0.4,126.5,87,126.1,100,,,,,,,,,,,,,,,,,126.9,5,127.0,150,,,,,,,,,,,,,,,,
2026-07-02T19:01:28.847844+00:00,2026-07-02T19:01:28.847522,2,3,126.55,0.1,126.5,87,126.1,100,,,,,,,,,,,,,,,,,126.6,100,126.9,5,127.0,150,,,,,,,,,,,,,,
2026-07-02T19:01:28.930378+00:00,2026-07-02T19:01:28.929769,1,2,126.35,0.5,126.1,100,,,,,,,,,,,,,,,,,,,126.6,100,126.9,5,,,,,,,,,,,,,,,,
2026-07-02T19:01:28.973019+00:00,2026-07-02T19:01:28.972605,2,2,126.35,0.5,126.1,100,126.0,150,,,,,,,,,,,,,,,,,126.6,100,126.9,5,,,,,,,,,,,,,,,,
2026-07-02T19:01:29.025092+00:00,2026-07-02T19:01:29.024990,2,3,126.3,0.4,126.1,100,126.0,150,,,,,,,,,,,,,,,,,126.5,150,126.6,100,126.9,5,,,,,,,,,,,,,,
2026-07-02T19:01:29.190401+00:00,2026-07-02T19:01:29.190705,2,3,126.3,0.4,126.1,100,126.0,150,,,,,,,,,,,,,,,,,126.5,150,126.6,100,126.9,4,,,,,,,,,,,,,,
2026-07-02T19:01:29.843350+00:00,2026-07-02T19:01:29.843217,2,3,126.3,0.4,126.1,100,126.0,150,,,,,,,,,,,,,,,,,126.5,100,126.6,100,126.9,4,,,,,,,,,,,,,,
2026-07-02T19:01:30.231377+00:00,2026-07-02T19:01:30.231291,2,3,126.3,0.4,126.1,100,126.0,150,,,,,,,,,,,,,,,,,126.5,100,126.6,100,126.9,3,,,,,,,,,,,,,,
2026-07-02T19:01:30.698440+00:00,2026-07-02T19:01:30.698339,2,3,126.3,0.4,126.1,100,126.0,150,,,,,,,,,,,,,,,,,126.5,55,126.6,100,126.9,3,,,,,,,,,,,,,,
2026-07-02T19:01:31.918402+00:00,2026-07-02T19:01:31.918628,1,2,126.25,0.5,126.0,150,,,,,,,,,,,,,,,,,,,126.5,55,126.9,3,,,,,,,,,,,,,,,,
2026-07-02T19:01:31.975250+00:00,2026-07-02T19:01:31.975065,2,2,126.3,0.4,126.1,100,126.0,150,,,,,,,,,,,,,,,,,126.5,55,126.9,3,,,,,,,,,,,,,,,,
2026-07-02T19:01:32.019101+00:00,2026-07-02T19:01:32.018808,2,3,126.3,0.4,126.1,100,126.0,150,,,,,,,,,,,,,,,,,126.5,55,126.6,100,126.9,3,,,,,,,,,,,,,,
2026-07-02T19:01:32.087933+00:00,2026-07-02T19:01:32.087844,1,2,126.35,0.5,126.1,100,,,,,,,,,,,,,,,,,,,126.6,100,126.9,3,,,,,,,,,,,,,,,,
2026-07-02T19:01:32.134629+00:00,2026-07-02T19:01:32.134192,2,2,126.5,0.2,126.4,150,126.1,100,,,,,,,,,,,,,,,,,126.6,100,126.9,3,,,,,,,,,,,,,,,,
2026-07-02T19:01:32.187379+00:00,2026-07-02T19:01:32.187625,2,2,126.5,0.2,126.4,150,126.1,100,,,,,,,,,,,,,,,,,126.6,100,126.9,153,,,,,,,,,,,,,,,,
2026-07-02T19:01:32.400410+00:00,2026-07-02T19:01:32.400291,2,2,126.5,0.2,126.4,102,126.1,100,,,,,,,,,,,,,,,,,126.6,100,126.9,153,,,,,,,,,,,,,,,,
2026-07-02T19:01:35.077415+00:00,2026-07-02T19:01:35.077021,1,1,126.65,0.5,126.4,102,,,,,,,,,,,,,,,,,,,126.9,153,,,,,,,,,,,,,,,,,,
2026-07-02T19:01:35.131271+00:00,2026-07-02T19:01:35.131388,2,1,126.65,0.5,126.4,102,126.1,100,,,,,,,,,,,,,,,,,126.9,153,,,,,,,,,,,,,,,,,,
2026-07-02T19:01:35.179717+00:00,2026-07-02T19:01:35.179063,2,2,126.5,0.2,126.4,102,126.1,100,,,,,,,,,,,,,,,,,126.6,100,126.9,153,,,,,,,,,,,,,,,,
2026-07-02T19:01:35.265029+00:00,2026-07-02T19:01:35.264733,1,2,126.35,0.5,126.1,100,,,,,,,,,,,,,,,,,,,126.6,100,126.9,3,,,,,,,,,,,,,,,,
2026-07-02T19:01:35.317952+00:00,2026-07-02T19:01:35.317170,1,2,126.35,0.5,126.1,250,,,,,,,,,,,,,,,,,,,126.6,100,126.9,3,,,,,,,,,,,,,,,,
2026-07-02T19:01:35.369052+00:00,2026-07-02T19:01:35.368987,1,2,126.35,0.5,126.1,250,,,,,,,,,,,,,,,,,,,126.6,250,126.9,3,,,,,,,,,,,,,,,,
2026-07-02T19:01:37.015842+00:00,2026-07-02T19:01:37.015662,1,2,126.35,0.5,126.1,250,,,,,,,,,,,,,,,,,,,126.6,203,126.9,3,,,,,,,,,,,,,,,,
2026-07-02T19:01:37.077481+00:00,2026-07-02T19:01:37.077368,1,2,126.35,0.5,126.1,206,,,,,,,,,,,,,,,,,,,126.6,203,126.9,3,,,,,,,,,,,,,,,,
2026-07-02T19:01:38.244742+00:00,2026-07-02T19:01:38.245238,1,2,126.35,0.5,126.1,150,,,,,,,,,,,,,,,,,,,126.6,150,126.9,3,,,,,,,,,,,,,,,,
2026-07-02T19:01:38.258575+00:00,2026-07-02T19:01:38.250513,1,1,126.35,0.5,126.1,150,,,,,,,,,,,,,,,,,,,126.6,150,,,,,,,,,,,,,,,,,,
2026-07-02T19:01:38.293762+00:00,2026-07-02T19:01:38.294064,2,1,126.4,0.4,126.2,100,126.1,150,,,,,,,,,,,,,,,,,126.6,150,,,,,,,,,,,,,,,,,,
2026-07-02T19:01:38.347243+00:00,2026-07-02T19:01:38.346731,2,2,126.4,0.4,126.2,100,126.1,150,,,,,,,,,,,,,,,,,126.6,150,126.7,100,,,,,,,,,,,,,,,,
2026-07-02T19:01:38.420323+00:00,2026-07-02T19:01:38.419967,1,1,126.45,0.5,126.2,100,,,,,,,,,,,,,,,,,,,126.7,100,,,,,,,,,,,,,,,,,,
2026-07-02T19:01:38.474314+00:00,2026-07-02T19:01:38.473978,1,1,126.45,0.5,126.2,250,,,,,,,,,,,,,,,,,,,126.7,100,,,,,,,,,,,,,,,,,,
2026-07-02T19:01:38.527539+00:00,2026-07-02T19:01:38.527120,1,1,126.45,0.5,126.2,250,,,,,,,,,,,,,,,,,,,126.7,250,,,,,,,,,,,,,,,,,,
2026-07-02T19:01:39.109864+00:00,2026-07-02T19:01:39.109589,1,1,126.45,0.5,126.2,250,,,,,,,,,,,,,,,,,,,126.7,255,,,,,,,,,,,,,,,,,,
2026-07-02T19:01:40.274751+00:00,2026-07-02T19:01:40.274602,1,1,126.45,0.5,126.2,250,,,,,,,,,,,,,,,,,,,126.7,254,,,,,,,,,,,,,,,,,,
2026-07-02T19:01:40.408197+00:00,2026-07-02T19:01:40.408041,1,1,126.45,0.5,126.2,250,,,,,,,,,,,,,,,,,,,126.7,204,,,,,,,,,,,,,,,,,,
2026-07-02T19:01:40.973609+00:00,2026-07-02T19:01:40.973518,1,1,126.45,0.5,126.2,203,,,,,,,,,,,,,,,,,,,126.7,204,,,,,,,,,,,,,,,,,,
2026-07-02T19:01:41.413515+00:00,2026-07-02T19:01:41.413726,1,1,126.45,0.5,126.2,150,,,,,,,,,,,,,,,,,,,126.7,154,,,,,,,,,,,,,,,,,,
2026-07-02T19:01:41.458599+00:00,2026-07-02T19:01:41.456442,2,1,126.45,0.5,126.2,150,126.0,100,,,,,,,,,,,,,,,,,126.7,154,,,,,,,,,,,,,,,,,,
2026-07-02T19:01:41.509018+00:00,2026-07-02T19:01:41.509166,2,2,126.35,0.3,126.2,150,126.0,100,,,,,,,,,,,,,,,,,126.5,100,126.7,154,,,,,,,,,,,,,,,,
2026-07-02T19:01:41.581449+00:00,2026-07-02T19:01:41.581101,1,2,126.25,0.5,126.0,100,,,,,,,,,,,,,,,,,,,126.5,100,126.7,4,,,,,,,,,,,,,,,,
2026-07-02T19:01:41.634667+00:00,2026-07-02T19:01:41.634392,1,2,126.25,0.5,126.0,250,,,,,,,,,,,,,,,,,,,126.5,100,126.7,4,,,,,,,,,,,,,,,,
2026-07-02T19:01:41.683831+00:00,2026-07-02T19:01:41.683955,1,2,126.25,0.5,126.0,250,,,,,,,,,,,,,,,,,,,126.5,250,126.7,4,,,,,,,,,,,,,,,,
2026-07-02T19:01:41.786170+00:00,2026-07-02T19:01:41.786086,2,2,126.45,0.1,126.4,2,126.0,250,,,,,,,,,,,,,,,,,126.5,250,126.7,4,,,,,,,,,,,,,,,,
2026-07-02T19:01:42.512809+00:00,2026-07-02T19:01:42.512592,2,2,126.45,0.1,126.4,2,126.0,250,,,,,,,,,,,,,,,,,126.5,200,126.7,4,,,,,,,,,,,,,,,,
2026-07-02T19:01:43.603534+00:00,2026-07-02T19:01:43.603206,1,2,126.25,0.5,126.0,250,,,,,,,,,,,,,,,,,,,126.5,200,126.7,4,,,,,,,,,,,,,,,,
2026-07-02T19:01:43.653885+00:00,2026-07-02T19:01:43.654087,2,2,126.45,0.1,126.4,2,126.0,250,,,,,,,,,,,,,,,,,126.5,200,126.7,4,,,,,,,,,,,,,,,,
2026-07-02T19:01:43.804045+00:00,2026-07-02T19:01:43.803707,2,2,126.45,0.1,126.4,1,126.0,250,,,,,,,,,,,,,,,,,126.5,200,126.7,4,,,,,,,,,,,,,,,,
2026-07-02T19:01:44.219771+00:00,2026-07-02T19:01:44.219655,1,2,126.25,0.5,126.0,250,,,,,,,,,,,,,,,,,,,126.5,200,126.7,4,,,,,,,,,,,,,,,,
2026-07-02T19:01:44.564103+00:00,2026-07-02T19:01:44.563839,1,2,126.25,0.5,126.0,150,,,,,,,,,,,,,,,,,,,126.5,150,126.7,4,,,,,,,,,,,,,,,,
2026-07-02T19:01:44.618746+00:00,2026-07-02T19:01:44.618480,2,2,126.35,0.3,126.2,100,126.0,150,,,,,,,,,,,,,,,,,126.5,100,126.7,4,,,,,,,,,,,,,,,,
2026-07-02T19:01:44.686895+00:00,2026-07-02T19:01:44.686387,2,2,126.35,0.3,126.2,100,126.0,150,,,,,,,,,,,,,,,,,126.5,100,126.7,104,,,,,,,,,,,,,,,,
2026-07-02T19:01:44.763381+00:00,2026-07-02T19:01:44.763336,1,1,126.45,0.5,126.2,100,,,,,,,,,,,,,,,,,,,126.7,104,,,,,,,,,,,,,,,,,,
2026-07-02T19:01:44.797686+00:00,2026-07-02T19:01:44.797771,1,1,126.45,0.5,126.2,250,,,,,,,,,,,,,,,,,,,126.7,104,,,,,,,,,,,,,,,,,,
2026-07-02T19:01:44.846740+00:00,2026-07-02T19:01:44.846660,1,1,126.45,0.5,126.2,250,,,,,,,,,,,,,,,,,,,126.7,254,,,,,,,,,,,,,,,,,,
2026-07-02T19:01:45.002125+00:00,2026-07-02T19:01:45.001563,2,1,126.5,0.4,126.3,1,126.2,250,,,,,,,,,,,,,,,,,126.7,254,,,,,,,,,,,,,,,,,,
2026-07-02T19:01:46.681072+00:00,2026-07-02T19:01:46.680891,2,1,126.5,0.4,126.3,1,126.2,250,,,,,,,,,,,,,,,,,126.7,252,,,,,,,,,,,,,,,,,,
2026-07-02T19:01:46.758538+00:00,2026-07-02T19:01:46.757600,2,1,126.5,0.4,126.3,1,126.2,250,,,,,,,,,,,,,,,,,126.7,207,,,,,,,,,,,,,,,,,,
2026-07-02T19:01:46.817654+00:00,2026-07-02T19:01:46.817591,1,1,126.45,0.5,126.2,210,,,,,,,,,,,,,,,,,,,126.7,207,,,,,,,,,,,,,,,,,,
2026-07-02T19:01:47.483931+00:00,2026-07-02T19:01:47.483735,1,1,126.45,0.5,126.2,210,,,,,,,,,,,,,,,,,,,126.7,162,,,,,,,,,,,,,,,,,,
2026-07-02T19:01:47.740340+00:00,2026-07-02T19:01:47.739994,1,1,126.45,0.5,126.2,150,,,,,,,,,,,,,,,,,,,126.7,150,,,,,,,,,,,,,,,,,,
2026-07-02T19:01:47.791109+00:00,2026-07-02T19:01:47.790972,1,1,126.45,0.5,126.2,250,,,,,,,,,,,,,,,,,,,126.7,150,,,,,,,,,,,,,,,,,,
2026-07-02T19:01:47.845721+00:00,2026-07-02T19:01:47.845293,1,1,126.45,0.5,126.2,250,,,,,,,,,,,,,,,,,,,126.7,250,,,,,,,,,,,,,,,,,,
2026-07-02T19:01:47.904093+00:00,2026-07-02T19:01:47.903766,1,1,126.45,0.5,126.2,100,,,,,,,,,,,,,,,,,,,126.7,100,,,,,,,,,,,,,,,,,,
2026-07-02T19:01:47.959945+00:00,2026-07-02T19:01:47.959664,2,1,126.45,0.5,126.2,100,126.1,150,,,,,,,,,,,,,,,,,126.7,100,,,,,,,,,,,,,,,,,,
2026-07-02T19:01:48.012885+00:00,2026-07-02T19:01:48.012597,2,2,126.4,0.4,126.2,100,126.1,150,,,,,,,,,,,,,,,,,126.6,150,126.7,100,,,,,,,,,,,,,,,,
2026-07-02T19:01:48.897107+00:00,2026-07-02T19:01:48.896809,2,2,126.4,0.4,126.2,50,126.1,150,,,,,,,,,,,,,,,,,126.6,150,126.7,100,,,,,,,,,,,,,,,,
2026-07-02T19:01:50.904430+00:00,2026-07-02T19:01:50.904207,1,1,126.35,0.5,126.1,150,,,,,,,,,,,,,,,,,,,126.6,150,,,,,,,,,,,,,,,,,,
2026-07-02T19:01:50.963735+00:00,2026-07-02T19:01:50.964187,1,1,126.35,0.5,126.1,250,,,,,,,,,,,,,,,,,,,126.6,100,,,,,,,,,,,,,,,,,,
2026-07-02T19:01:51.013702+00:00,2026-07-02T19:01:51.013639,1,1,126.35,0.5,126.1,250,,,,,,,,,,,,,,,,,,,126.6,200,,,,,,,,,,,,,,,,,,
2026-07-02T19:01:51.040629+00:00,2026-07-02T19:01:51.040517,1,1,126.35,0.5,126.1,250,,,,,,,,,,,,,,,,,,,126.6,206,,,,,,,,,,,,,,,,,,
2026-07-02T19:01:51.074033+00:00,2026-07-02T19:01:51.073684,1,1,126.35,0.5,126.1,100,,,,,,,,,,,,,,,,,,,126.6,106,,,,,,,,,,,,,,,,,,
2026-07-02T19:01:51.127313+00:00,2026-07-02T19:01:51.127079,2,1,126.45,0.3,126.3,150,126.1,100,,,,,,,,,,,,,,,,,126.6,106,,,,,,,,,,,,,,,,,,
2026-07-02T19:01:51.176007+00:00,2026-07-02T19:01:51.175647,2,2,126.45,0.3,126.3,150,126.1,100,,,,,,,,,,,,,,,,,126.6,106,126.8,150,,,,,,,,,,,,,,,,
2026-07-02T19:01:51.234681+00:00,2026-07-02T19:01:51.234496,2,2,126.45,0.3,126.3,150,126.1,100,,,,,,,,,,,,,,,,,126.6,105,126.8,150,,,,,,,,,,,,,,,,
2026-07-02T19:01:52.991133+00:00,2026-07-02T19:01:52.991555,2,2,126.45,0.3,126.3,105,126.1,100,,,,,,,,,,,,,,,,,126.6,105,126.8,150,,,,,,,,,,,,,,,,
2026-07-02T19:01:53.062214+00:00,2026-07-02T19:01:53.061919,2,2,126.45,0.3,126.3,106,126.1,100,,,,,,,,,,,,,,,,,126.6,105,126.8,150,,,,,,,,,,,,,,,,
2026-07-02T19:01:53.109754+00:00,2026-07-02T19:01:53.109957,2,2,126.45,0.3,126.3,56,126.1,100,,,,,,,,,,,,,,,,,126.6,105,126.8,150,,,,,,,,,,,,,,,,
2026-07-02T19:01:54.058621+00:00,2026-07-02T19:01:54.056382,1,2,126.45,0.3,126.3,56,,,,,,,,,,,,,,,,,,,126.6,5,126.8,150,,,,,,,,,,,,,,,,
2026-07-02T19:01:54.115578+00:00,2026-07-02T19:01:54.115510,2,2,126.45,0.3,126.3,56,126.1,100,,,,,,,,,,,,,,,,,126.6,5,126.8,150,,,,,,,,,,,,,,,,
2026-07-02T19:01:54.180692+00:00,2026-07-02T19:01:54.169788,2,2,126.45,0.3,126.3,56,126.1,100,,,,,,,,,,,,,,,,,126.6,105,126.8,150,,,,,,,,,,,,,,,,
2026-07-02T19:01:54.229520+00:00,2026-07-02T19:01:54.229778,2,1,126.45,0.3,126.3,1,126.1,100,,,,,,,,,,,,,,,,,126.6,105,,,,,,,,,,,,,,,,,,
2026-07-02T19:01:54.285276+00:00,2026-07-02T19:01:54.284963,3,1,126.45,0.3,126.3,1,126.1,100,126.0,150,,,,,,,,,,,,,,,126.6,105,,,,,,,,,,,,,,,,,,
2026-07-02T19:01:54.347035+00:00,2026-07-02T19:01:54.346545,3,2,126.4,0.2,126.3,1,126.1,100,126.0,150,,,,,,,,,,,,,,,126.5,150,126.6,105,,,,,,,,,,,,,,,,
2026-07-02T19:01:54.636793+00:00,2026-07-02T19:01:54.636572,3,2,126.4,0.2,126.3,1,126.1,100,126.0,150,,,,,,,,,,,,,,,126.5,109,126.6,105,,,,,,,,,,,,,,,,
2026-07-02T19:01:55.226954+00:00,2026-07-02T19:01:55.227222,2,2,126.3,0.4,126.1,51,126.0,150,,,,,,,,,,,,,,,,,126.5,109,126.6,105,,,,,,,,,,,,,,,,
2026-07-02T19:01:55.249446+00:00,2026-07-02T19:01:55.249300,3,2,126.4,0.2,126.3,1,126.1,51,126.0,150,,,,,,,,,,,,,,,126.5,109,126.6,105,,,,,,,,,,,,,,,,
2026-07-02T19:01:55.853455+00:00,2026-07-02T19:01:55.853348,3,2,126.4,0.2,126.3,1,126.1,51,126.0,150,,,,,,,,,,,,,,,126.5,109,126.6,104,,,,,,,,,,,,,,,,
2026-07-02T19:01:56.237868+00:00,2026-07-02T19:01:56.232623,2,2,126.3,0.4,126.1,51,126.0,150,,,,,,,,,,,,,,,,,126.5,109,126.6,104,,,,,,,,,,,,,,,,
2026-07-02T19:01:57.224842+00:00,2026-07-02T19:01:57.224429,2,2,126.3,0.4,126.1,51,126.0,150,,,,,,,,,,,,,,,,,126.5,109,126.6,4,,,,,,,,,,,,,,,,
2026-07-02T19:01:57.229839+00:00,2026-07-02T19:01:57.230170,1,2,126.25,0.5,126.0,150,,,,,,,,,,,,,,,,,,,126.5,109,126.6,4,,,,,,,,,,,,,,,,
2026-07-02T19:01:57.273719+00:00,2026-07-02T19:01:57.273564,1,2,126.25,0.5,126.0,150,,,,,,,,,,,,,,,,,,,126.5,59,126.6,4,,,,,,,,,,,,,,,,
2026-07-02T19:01:57.278638+00:00,2026-07-02T19:01:57.278775,2,2,126.25,0.5,126.0,150,125.8,100,,,,,,,,,,,,,,,,,126.5,59,126.6,4,,,,,,,,,,,,,,,,
2026-07-02T19:01:57.337259+00:00,2026-07-02T19:01:57.337162,2,3,126.15,0.3,126.0,150,125.8,100,,,,,,,,,,,,,,,,,126.3,100,126.5,59,126.6,4,,,,,,,,,,,,,,
2026-07-02T19:01:57.403121+00:00,2026-07-02T19:01:57.402889,1,2,126.05,0.5,125.8,100,,,,,,,,,,,,,,,,,,,126.3,100,126.6,4,,,,,,,,,,,,,,,,
2026-07-02T19:01:57.458618+00:00,2026-07-02T19:01:57.451004,2,2,126.25,0.1,126.2,150,125.8,100,,,,,,,,,,,,,,,,,126.3,100,126.6,4,,,,,,,,,,,,,,,,
2026-07-02T19:01:57.508608+00:00,2026-07-02T19:01:57.508294,2,3,126.25,0.1,126.2,150,125.8,100,,,,,,,,,,,,,,,,,126.3,100,126.6,4,126.7,150,,,,,,,,,,,,,,
2026-07-02T19:01:57.532318+00:00,2026-07-02T19:01:57.531937,2,3,126.25,0.1,126.2,103,125.8,100,,,,,,,,,,,,,,,,,126.3,100,126.6,4,126.7,150,,,,,,,,,,,,,,
2026-07-02T19:01:58.903156+00:00,2026-07-02T19:01:58.902975,2,3,126.25,0.1,126.2,103,125.8,100,,,,,,,,,,,,,,,,,126.3,96,126.6,4,126.7,150,,,,,,,,,,,,,,
2026-07-02T19:01:59.376589+00:00,2026-07-02T19:01:59.376369,2,3,126.25,0.1,126.2,103,125.8,100,,,,,,,,,,,,,,,,,126.3,46,126.6,4,126.7,150,,,,,,,,,,,,,,
2026-07-02T19:01:59.918932+00:00,2026-07-02T19:01:59.918620,2,3,126.25,0.1,126.2,110,125.8,100,,,,,,,,,,,,,,,,,126.3,46,126.6,4,126.7,150,,,,,,,,,,,,,,
2026-07-02T19:02:00.414188+00:00,2026-07-02T19:02:00.413833,1,2,126.4,0.4,126.2,110,,,,,,,,,,,,,,,,,,,126.6,4,126.7,150,,,,,,,,,,,,,,,,
2026-07-02T19:02:00.458548+00:00,2026-07-02T19:02:00.453702,2,2,126.4,0.4,126.2,110,126.0,100,,,,,,,,,,,,,,,,,126.6,4,126.7,150,,,,,,,,,,,,,,,,
2026-07-02T19:02:00.513870+00:00,2026-07-02T19:02:00.513623,2,3,126.35,0.3,126.2,110,126.0,100,,,,,,,,,,,,,,,,,126.5,100,126.6,4,126.7,150,,,,,,,,,,,,,,
2026-07-02T19:02:00.552998+00:00,2026-07-02T19:02:00.553624,2,2,126.35,0.3,126.2,7,126.0,100,,,,,,,,,,,,,,,,,126.5,100,126.6,4,,,,,,,,,,,,,,,,
2026-07-02T19:02:00.611699+00:00,2026-07-02T19:02:00.611486,2,2,126.35,0.3,126.2,7,126.0,250,,,,,,,,,,,,,,,,,126.5,100,126.6,4,,,,,,,,,,,,,,,,
2026-07-02T19:02:00.664504+00:00,2026-07-02T19:02:00.664071,2,2,126.35,0.3,126.2,7,126.0,250,,,,,,,,,,,,,,,,,126.5,250,126.6,4,,,,,,,,,,,,,,,,
2026-07-02T19:02:00.946499+00:00,2026-07-02T19:02:00.946343,2,2,126.35,0.3,126.2,6,126.0,250,,,,,,,,,,,,,,,,,126.5,250,126.6,4,,,,,,,,,,,,,,,,
2026-07-02T19:02:01.481700+00:00,2026-07-02T19:02:01.481929,2,2,126.35,0.3,126.2,6,126.0,250,,,,,,,,,,,,,,,,,126.5,200,126.6,4,,,,,,,,,,,,,,,,
2026-07-02T19:02:01.718643+00:00,2026-07-02T19:02:01.718278,2,2,126.35,0.3,126.2,6,126.0,250,,,,,,,,,,,,,,,,,126.5,154,126.6,4,,,,,,,,,,,,,,,,
2026-07-02T19:02:02.375708+00:00,2026-07-02T19:02:02.375421,1,2,126.25,0.5,126.0,214,,,,,,,,,,,,,,,,,,,126.5,154,126.6,4,,,,,,,,,,,,,,,,
2026-07-02T19:02:02.433879+00:00,2026-07-02T19:02:02.433765,2,2,126.35,0.3,126.2,5,126.0,214,,,,,,,,,,,,,,,,,126.5,154,126.6,4,,,,,,,,,,,,,,,,
2026-07-02T19:02:02.892417+00:00,2026-07-02T19:02:02.892108,1,2,126.25,0.5,126.0,177,,,,,,,,,,,,,,,,,,,126.5,154,126.6,4,,,,,,,,,,,,,,,,
2026-07-02T19:02:03.020945+00:00,2026-07-02T19:02:03.021223,2,2,126.35,0.3,126.2,4,126.0,177,,,,,,,,,,,,,,,,,126.5,154,126.6,4,,,,,,,,,,,,,,,,
2026-07-02T19:02:03.546247+00:00,2026-07-02T19:02:03.546040,1,2,126.25,0.5,126.0,177,,,,,,,,,,,,,,,,,,,126.5,154,126.6,4,,,,,,,,,,,,,,,,
2026-07-02T19:02:03.551763+00:00,2026-07-02T19:02:03.551502,1,1,126.25,0.5,126.0,177,,,,,,,,,,,,,,,,,,,126.5,154,,,,,,,,,,,,,,,,,,
2026-07-02T19:02:03.603853+00:00,2026-07-02T19:02:03.603661,1,1,126.25,0.5,126.0,177,,,,,,,,,,,,,,,,,,,126.5,150,,,,,,,,,,,,,,,,,,
2026-07-02T19:02:03.609391+00:00,2026-07-02T19:02:03.609106,1,1,126.25,0.5,126.0,150,,,,,,,,,,,,,,,,,,,126.5,150,,,,,,,,,,,,,,,,,,
2026-07-02T19:02:03.657101+00:00,2026-07-02T19:02:03.657591,2,1,126.3,0.4,126.1,100,126.0,150,,,,,,,,,,,,,,,,,126.5,150,,,,,,,,,,,,,,,,,,
2026-07-02T19:02:03.703528+00:00,2026-07-02T19:02:03.704031,2,2,126.3,0.4,126.1,100,126.0,150,,,,,,,,,,,,,,,,,126.5,150,126.6,100,,,,,,,,,,,,,,,,
2026-07-02T19:02:03.719255+00:00,2026-07-02T19:02:03.715125,1,1,126.35,0.5,126.1,100,,,,,,,,,,,,,,,,,,,126.6,100,,,,,,,,,,,,,,,,,,
2026-07-02T19:02:03.774301+00:00,2026-07-02T19:02:03.774499,2,1,126.35,0.5,126.1,100,126.0,150,,,,,,,,,,,,,,,,,126.6,100,,,,,,,,,,,,,,,,,,
2026-07-02T19:02:03.829816+00:00,2026-07-02T19:02:03.829765,2,2,126.3,0.4,126.1,100,126.0,150,,,,,,,,,,,,,,,,,126.5,150,126.6,100,,,,,,,,,,,,,,,,
2026-07-02T19:02:05.738866+00:00,2026-07-02T19:02:05.738811,2,2,126.3,0.4,126.1,100,126.0,150,,,,,,,,,,,,,,,,,126.5,100,126.6,100,,,,,,,,,,,,,,,,
2026-07-02T19:02:06.764236+00:00,2026-07-02T19:02:06.764074,1,1,126.25,0.5,126.0,150,,,,,,,,,,,,,,,,,,,126.5,100,,,,,,,,,,,,,,,,,,
2026-07-02T19:02:06.813894+00:00,2026-07-02T19:02:06.813662,2,1,126.35,0.3,126.2,100,126.0,150,,,,,,,,,,,,,,,,,126.5,100,,,,,,,,,,,,,,,,,,
2026-07-02T19:02:06.864582+00:00,2026-07-02T19:02:06.864511,2,2,126.35,0.3,126.2,100,126.0,150,,,,,,,,,,,,,,,,,126.5,100,126.7,100,,,,,,,,,,,,,,,,
2026-07-02T19:02:06.880798+00:00,2026-07-02T19:02:06.880660,1,1,126.45,0.5,126.2,100,,,,,,,,,,,,,,,,,,,126.7,100,,,,,,,,,,,,,,,,,,
2026-07-02T19:02:06.939539+00:00,2026-07-02T19:02:06.939285,2,1,126.5,0.4,126.3,150,126.2,100,,,,,,,,,,,,,,,,,126.7,100,,,,,,,,,,,,,,,,,,
2026-07-02T19:02:06.991220+00:00,2026-07-02T19:02:06.990938,2,2,126.5,0.4,126.3,150,126.2,100,,,,,,,,,,,,,,,,,126.7,100,126.8,150,,,,,,,,,,,,,,,,
2026-07-02T19:02:07.841407+00:00,2026-07-02T19:02:07.841279,2,2,126.5,0.4,126.3,150,126.2,100,,,,,,,,,,,,,,,,,126.7,50,126.8,150,,,,,,,,,,,,,,,,
2026-07-02T19:02:09.594568+00:00,2026-07-02T19:02:09.594510,2,2,126.5,0.4,126.3,150,126.2,100,,,,,,,,,,,,,,,,,126.7,7,126.8,150,,,,,,,,,,,,,,,,
2026-07-02T19:02:09.697782+00:00,2026-07-02T19:02:09.675719,2,3,126.5,0.4,126.3,150,126.2,100,,,,,,,,,,,,,,,,,126.7,7,126.8,150,126.9,4,,,,,,,,,,,,,,
2026-07-02T19:02:09.922512+00:00,2026-07-02T19:02:09.922375,1,2,126.55,0.5,126.3,150,,,,,,,,,,,,,,,,,,,126.8,150,126.9,4,,,,,,,,,,,,,,,,
2026-07-02T19:02:09.983489+00:00,2026-07-02T19:02:09.978211,2,2,126.7,0.2,126.6,93,126.3,150,,,,,,,,,,,,,,,,,126.8,150,126.9,4,,,,,,,,,,,,,,,,
2026-07-02T19:02:09.993812+00:00,2026-07-02T19:02:09.990034,2,2,126.7,0.2,126.6,41,126.3,150,,,,,,,,,,,,,,,,,126.8,150,126.9,4,,,,,,,,,,,,,,,,
2026-07-02T19:02:10.030006+00:00,2026-07-02T19:02:10.029607,2,3,126.7,0.2,126.6,41,126.3,150,,,,,,,,,,,,,,,,,126.8,150,126.9,4,127.1,100,,,,,,,,,,,,,,
2026-07-02T19:02:10.046590+00:00,2026-07-02T19:02:10.038389,1,2,126.75,0.3,126.6,41,,,,,,,,,,,,,,,,,,,126.9,4,127.1,100,,,,,,,,,,,,,,,,
2026-07-02T19:02:10.101324+00:00,2026-07-02T19:02:10.101182,2,2,126.75,0.3,126.6,41,126.5,150,,,,,,,,,,,,,,,,,126.9,4,127.1,100,,,,,,,,,,,,,,,,
2026-07-02T19:02:10.155122+00:00,2026-07-02T19:02:10.154752,2,3,126.75,0.3,126.6,41,126.5,150,,,,,,,,,,,,,,,,,126.9,4,127.0,150,127.1,100,,,,,,,,,,,,,,
2026-07-02T19:02:10.451772+00:00,2026-07-02T19:02:10.451266,2,3,126.75,0.3,126.6,41,126.5,150,,,,,,,,,,,,,,,,,126.9,2,127.0,150,127.1,100,,,,,,,,,,,,,,
2026-07-02T19:02:10.641102+00:00,2026-07-02T19:02:10.635411,2,3,126.75,0.3,126.6,27,126.5,150,,,,,,,,,,,,,,,,,126.9,2,127.0,150,127.1,100,,,,,,,,,,,,,,
2026-07-02T19:02:10.786779+00:00,2026-07-02T19:02:10.786285,1,3,126.7,0.4,126.5,134,,,,,,,,,,,,,,,,,,,126.9,2,127.0,150,127.1,100,,,,,,,,,,,,,,
2026-07-02T19:09:17.068400+00:00,2026-07-02T19:09:17.122262,2,1,127.35,0.5,127.1,106,126.6,5,,,,,,,,,,,,,,,,,127.6,150,,,,,,,,,,,,,,,,,,
2026-07-02T19:09:17.221805+00:00,2026-07-02T19:09:17.178549,2,1,127.35,0.5,127.1,106,126.6,5,,,,,,,,,,,,,,,,,127.6,250,,,,,,,,,,,,,,,,,,
2026-07-02T19:09:17.232788+00:00,2026-07-02T19:09:17.232563,2,1,127.35,0.5,127.1,100,126.6,5,,,,,,,,,,,,,,,,,127.6,100,,,,,,,,,,,,,,,,,,
2026-07-02T19:09:17.290792+00:00,2026-07-02T19:09:17.290584,3,1,127.35,0.5,127.1,100,126.6,5,126.5,150,,,,,,,,,,,,,,,127.6,100,,,,,,,,,,,,,,,,,,
2026-07-02T19:09:17.343105+00:00,2026-07-02T19:09:17.343520,2,2,126.8,0.4,126.6,5,126.5,150,,,,,,,,,,,,,,,,,127.0,50,127.6,100,,,,,,,,,,,,,,,,
2026-07-02T19:09:18.086278+00:00,2026-07-02T19:09:18.086202,2,2,126.8,0.4,126.6,5,126.5,150,,,,,,,,,,,,,,,,,127.0,2,127.6,100,,,,,,,,,,,,,,,,
2026-07-02T19:09:18.596130+00:00,2026-07-02T19:09:18.595661,2,2,126.85,0.3,126.7,5,126.5,105,,,,,,,,,,,,,,,,,127.0,2,127.6,100,,,,,,,,,,,,,,,,
2026-07-02T19:09:19.187470+00:00,2026-07-02T19:09:19.187170,1,2,126.75,0.5,126.5,64,,,,,,,,,,,,,,,,,,,127.0,2,127.6,100,,,,,,,,,,,,,,,,
2026-07-02T19:09:19.816968+00:00,2026-07-02T19:09:19.816831,1,2,126.75,0.5,126.5,16,,,,,,,,,,,,,,,,,,,127.0,2,127.6,100,,,,,,,,,,,,,,,,
2026-07-02T19:09:20.242306+00:00,2026-07-02T19:09:20.241938,1,1,126.75,0.5,126.5,16,,,,,,,,,,,,,,,,,,,127.0,2,,,,,,,,,,,,,,,,,,
2026-07-02T19:09:20.290246+00:00,2026-07-02T19:09:20.290022,2,1,126.85,0.3,126.7,100,126.5,16,,,,,,,,,,,,,,,,,127.0,2,,,,,,,,,,,,,,,,,,
2026-07-02T19:09:20.358665+00:00,2026-07-02T19:09:20.348183,2,2,126.85,0.3,126.7,100,126.5,16,,,,,,,,,,,,,,,,,127.0,2,127.2,100,,,,,,,,,,,,,,,,
2026-07-02T19:09:20.397331+00:00,2026-07-02T19:09:20.396993,1,1,126.95,0.5,126.7,100,,,,,,,,,,,,,,,,,,,127.2,100,,,,,,,,,,,,,,,,,,
2026-07-02T19:09:20.463958+00:00,2026-07-02T19:09:20.463878,2,1,126.95,0.5,126.7,100,126.5,150,,,,,,,,,,,,,,,,,127.2,100,,,,,,,,,,,,,,,,,,
2026-07-02T19:09:20.511607+00:00,2026-07-02T19:09:20.511492,2,2,126.85,0.3,126.7,100,126.5,150,,,,,,,,,,,,,,,,,127.0,150,127.2,100,,,,,,,,,,,,,,,,
2026-07-02T19:09:21.308758+00:00,2026-07-02T19:09:21.308652,2,2,126.85,0.3,126.7,105,126.5,150,,,,,,,,,,,,,,,,,127.0,150,127.2,100,,,,,,,,,,,,,,,,
2026-07-02T19:09:22.118057+00:00,2026-07-02T19:09:22.112653,2,2,126.85,0.3,126.7,105,126.5,150,,,,,,,,,,,,,,,,,127.0,136,127.2,100,,,,,,,,,,,,,,,,
2026-07-02T19:09:22.710983+00:00,2026-07-02T19:09:22.710833,2,2,126.85,0.3,126.7,103,126.5,150,,,,,,,,,,,,,,,,,127.0,136,127.2,100,,,,,,,,,,,,,,,,
2026-07-02T19:09:22.748967+00:00,2026-07-02T19:09:22.748827,2,2,126.85,0.3,126.7,103,126.5,150,,,,,,,,,,,,,,,,,127.0,86,127.2,100,,,,,,,,,,,,,,,,
2026-07-02T19:09:23.398648+00:00,2026-07-02T19:09:23.397990,2,1,126.85,0.3,126.7,3,126.5,150,,,,,,,,,,,,,,,,,127.0,86,,,,,,,,,,,,,,,,,,
2026-07-02T19:09:23.458607+00:00,2026-07-02T19:09:23.451559,3,0,,,127.0,14,126.7,3,126.5,150,,,,,,,,,,,,,,,,,,,,,,,,,,,,,,,,,,
2026-07-02T19:09:23.512095+00:00,2026-07-02T19:09:23.511918,3,1,127.25,0.5,127.0,14,126.7,3,126.5,150,,,,,,,,,,,,,,,127.5,100,,,,,,,,,,,,,,,,,,
2026-07-02T19:09:23.558582+00:00,2026-07-02T19:09:23.555916,2,1,127.25,0.5,127.0,14,126.7,3,,,,,,,,,,,,,,,,,127.5,100,,,,,,,,,,,,,,,,,,
2026-07-02T19:09:23.632914+00:00,2026-07-02T19:09:23.627038,3,1,127.45,0.1,127.4,136,127.0,14,126.7,3,,,,,,,,,,,,,,,127.5,100,,,,,,,,,,,,,,,,,,
2026-07-02T19:09:23.676718+00:00,2026-07-02T19:09:23.676677,3,2,127.45,0.1,127.4,136,127.0,14,126.7,3,,,,,,,,,,,,,,,127.5,100,127.9,150,,,,,,,,,,,,,,,,
2026-07-02T19:09:24.903464+00:00,2026-07-02T19:09:24.903215,3,2,127.45,0.1,127.4,86,127.0,14,126.7,3,,,,,,,,,,,,,,,127.5,100,127.9,150,,,,,,,,,,,,,,,,
2026-07-02T19:09:25.544163+00:00,2026-07-02T19:09:25.544683,3,2,127.45,0.1,127.4,86,127.0,14,126.7,3,,,,,,,,,,,,,,,127.5,58,127.9,150,,,,,,,,,,,,,,,,
2026-07-02T19:09:26.499184+00:00,2026-07-02T19:09:26.499049,2,2,127.45,0.1,127.4,45,127.0,14,,,,,,,,,,,,,,,,,127.5,58,127.9,150,,,,,,,,,,,,,,,,
2026-07-02T19:09:26.554301+00:00,2026-07-02T19:09:26.554564,1,1,127.65,0.5,127.4,45,,,,,,,,,,,,,,,,,,,127.9,150,,,,,,,,,,,,,,,,,,
2026-07-02T19:09:26.639102+00:00,2026-07-02T19:09:26.638619,2,1,127.65,0.5,127.4,45,126.7,100,,,,,,,,,,,,,,,,,127.9,150,,,,,,,,,,,,,,,,,,
2026-07-02T19:09:26.678004+00:00,2026-07-02T19:09:26.678488,1,2,126.95,0.5,126.7,100,,,,,,,,,,,,,,,,,,,127.2,55,127.9,150,,,,,,,,,,,,,,,,
2026-07-02T19:09:26.732284+00:00,2026-07-02T19:09:26.732206,1,1,126.95,0.5,126.7,100,,,,,,,,,,,,,,,,,,,127.2,55,,,,,,,,,,,,,,,,,,
2026-07-02T19:09:26.768406+00:00,2026-07-02T19:09:26.768310,2,1,126.95,0.5,126.7,100,126.6,150,,,,,,,,,,,,,,,,,127.2,55,,,,,,,,,,,,,,,,,,
2026-07-02T19:09:26.829094+00:00,2026-07-02T19:09:26.828791,2,2,126.9,0.4,126.7,100,126.6,150,,,,,,,,,,,,,,,,,127.1,150,127.2,55,,,,,,,,,,,,,,,,
2026-07-02T19:09:26.960419+00:00,2026-07-02T19:09:26.960373,2,2,126.9,0.4,126.7,100,126.6,150,,,,,,,,,,,,,,,,,127.1,100,127.2,55,,,,,,,,,,,,,,,,
2026-07-02T19:09:27.376154+00:00,2026-07-02T19:09:27.375760,3,2,127.0,0.2,126.9,5,126.7,100,126.6,150,,,,,,,,,,,,,,,127.1,100,127.2,55,,,,,,,,,,,,,,,,
2026-07-02T19:09:29.258691+00:00,2026-07-02T19:09:29.256454,3,2,127.0,0.2,126.9,4,126.7,100,126.6,150,,,,,,,,,,,,,,,127.1,100,127.2,55,,,,,,,,,,,,,,,,
2026-07-02T19:09:29.548506+00:00,2026-07-02T19:09:29.548424,3,2,127.0,0.2,126.9,4,126.7,100,126.6,150,,,,,,,,,,,,,,,127.1,101,127.2,55,,,,,,,,,,,,,,,,
2026-07-02T19:09:29.736465+00:00,2026-07-02T19:09:29.736288,2,1,127.0,0.2,126.9,4,126.6,150,,,,,,,,,,,,,,,,,127.1,101,,,,,,,,,,,,,,,,,,
2026-07-02T19:09:29.788797+00:00,2026-07-02T19:09:29.788963,3,1,127.0,0.2,126.9,4,126.8,100,126.6,150,,,,,,,,,,,,,,,127.1,101,,,,,,,,,,,,,,,,,,
2026-07-02T19:09:29.844028+00:00,2026-07-02T19:09:29.843793,3,2,127.0,0.2,126.9,4,126.8,100,126.6,150,,,,,,,,,,,,,,,127.1,101,127.3,100,,,,,,,,,,,,,,,,
2026-07-02T19:09:29.887637+00:00,2026-07-02T19:09:29.887761,2,2,127.0,0.2,126.9,4,126.8,100,,,,,,,,,,,,,,,,,127.1,1,127.3,100,,,,,,,,,,,,,,,,
2026-07-02T19:09:29.937822+00:00,2026-07-02T19:09:29.937788,2,2,127.0,0.2,126.9,4,126.8,250,,,,,,,,,,,,,,,,,127.1,1,127.3,100,,,,,,,,,,,,,,,,
2026-07-02T19:09:29.989150+00:00,2026-07-02T19:09:29.988620,2,2,127.0,0.2,126.9,4,126.8,250,,,,,,,,,,,,,,,,,127.1,1,127.3,250,,,,,,,,,,,,,,,,
2026-07-02T19:09:31.258581+00:00,2026-07-02T19:09:31.254486,1,2,126.95,0.3,126.8,204,,,,,,,,,,,,,,,,,,,127.1,1,127.3,250,,,,,,,,,,,,,,,,
2026-07-02T19:09:32.675142+00:00,2026-07-02T19:09:32.674838,1,2,126.95,0.3,126.8,208,,,,,,,,,,,,,,,,,,,127.1,1,127.3,250,,,,,,,,,,,,,,,,
2026-07-02T19:09:32.892317+00:00,2026-07-02T19:09:32.892162,1,2,126.95,0.3,126.8,154,,,,,,,,,,,,,,,,,,,127.1,1,127.3,150,,,,,,,,,,,,,,,,
2026-07-02T19:09:32.947764+00:00,2026-07-02T19:09:32.947556,2,2,126.95,0.3,126.8,154,126.6,100,,,,,,,,,,,,,,,,,127.1,1,127.3,150,,,,,,,,,,,,,,,,
2026-07-02T19:09:33.010202+00:00,2026-07-02T19:09:33.009924,2,2,126.95,0.3,126.8,154,126.6,100,,,,,,,,,,,,,,,,,127.1,101,127.3,150,,,,,,,,,,,,,,,,
2026-07-02T19:09:33.035426+00:00,2026-07-02T19:09:33.035166,2,2,126.95,0.3,126.8,154,126.6,100,,,,,,,,,,,,,,,,,127.1,61,127.3,150,,,,,,,,,,,,,,,,
2026-07-02T19:09:33.041294+00:00,2026-07-02T19:09:33.041217,2,1,126.95,0.3,126.8,4,126.6,100,,,,,,,,,,,,,,,,,127.1,61,,,,,,,,,,,,,,,,,,
2026-07-02T19:09:33.102647+00:00,2026-07-02T19:09:33.102341,2,1,126.95,0.3,126.8,154,126.6,100,,,,,,,,,,,,,,,,,127.1,61,,,,,,,,,,,,,,,,,,
2026-07-02T19:09:33.152518+00:00,2026-07-02T19:09:33.152339,2,2,126.95,0.3,126.8,154,126.6,100,,,,,,,,,,,,,,,,,127.1,61,127.3,150,,,,,,,,,,,,,,,,
2026-07-02T19:09:33.333224+00:00,2026-07-02T19:09:33.333071,2,2,126.95,0.3,126.8,104,126.6,100,,,,,,,,,,,,,,,,,127.1,61,127.3,150,,,,,,,,,,,,,,,,
2026-07-02T19:09:33.464129+00:00,2026-07-02T19:09:33.463942,2,2,126.95,0.3,126.8,108,126.6,100,,,,,,,,,,,,,,,,,127.1,61,127.3,150,,,,,,,,,,,,,,,,
2026-07-02T19:09:33.525581+00:00,2026-07-02T19:09:33.525338,2,2,126.95,0.3,126.8,108,126.6,100,,,,,,,,,,,,,,,,,127.1,63,127.3,150,,,,,,,,,,,,,,,,
2026-07-02T19:09:33.617534+00:00,2026-07-02T19:09:33.618483,2,2,126.95,0.3,126.8,108,126.6,100,,,,,,,,,,,,,,,,,127.1,23,127.3,150,,,,,,,,,,,,,,,,
2026-07-02T19:09:35.189341+00:00,2026-07-02T19:09:35.189278,2,2,126.95,0.3,126.8,60,126.6,100,,,,,,,,,,,,,,,,,127.1,23,127.3,150,,,,,,,,,,,,,,,,
2026-07-02T19:09:35.453585+00:00,2026-07-02T19:09:35.453271,2,2,126.95,0.3,126.8,10,126.6,100,,,,,,,,,,,,,,,,,127.1,23,127.3,150,,,,,,,,,,,,,,,,
2026-07-02T19:09:36.018881+00:00,2026-07-02T19:09:36.018789,2,2,126.95,0.3,126.8,9,126.6,100,,,,,,,,,,,,,,,,,127.1,23,127.3,150,,,,,,,,,,,,,,,,
2026-07-02T19:09:36.089847+00:00,2026-07-02T19:09:36.089685,1,2,126.95,0.3,126.8,9,,,,,,,,,,,,,,,,,,,127.1,2,127.3,150,,,,,,,,,,,,,,,,
2026-07-02T19:09:36.107124+00:00,2026-07-02T19:09:36.106738,2,2,127.05,0.1,127.0,100,126.8,9,,,,,,,,,,,,,,,,,127.1,2,127.3,150,,,,,,,,,,,,,,,,
2026-07-02T19:09:36.158587+00:00,2026-07-02T19:09:36.157166,2,3,127.05,0.1,127.0,100,126.8,9,,,,,,,,,,,,,,,,,127.1,2,127.3,150,127.5,100,,,,,,,,,,,,,,
2026-07-02T19:09:36.223774+00:00,2026-07-02T19:09:36.210553,2,2,127.05,0.1,127.0,100,126.8,3,,,,,,,,,,,,,,,,,127.1,2,127.5,100,,,,,,,,,,,,,,,,
2026-07-02T19:09:36.256026+00:00,2026-07-02T19:09:36.255863,3,2,127.05,0.1,127.0,100,126.8,3,126.4,150,,,,,,,,,,,,,,,127.1,2,127.5,100,,,,,,,,,,,,,,,,
2026-07-02T19:09:36.341775+00:00,2026-07-02T19:09:36.335794,2,3,126.85,0.1,126.8,3,126.4,150,,,,,,,,,,,,,,,,,126.9,36,127.1,2,127.5,100,,,,,,,,,,,,,,
2026-07-02T19:09:36.558751+00:00,2026-07-02T19:09:36.553022,2,3,126.85,0.1,126.8,3,126.4,150,,,,,,,,,,,,,,,,,126.9,24,127.1,2,127.5,100,,,,,,,,,,,,,,
2026-07-02T19:09:37.048496+00:00,2026-07-02T19:09:37.047910,2,3,126.85,0.1,126.8,2,126.4,150,,,,,,,,,,,,,,,,,126.9,24,127.1,2,127.5,100,,,,,,,,,,,,,,
2026-07-02T19:09:37.536402+00:00,2026-07-02T19:09:37.536878,2,1,127.15,0.7,126.8,2,126.4,150,,,,,,,,,,,,,,,,,127.5,76,,,,,,,,,,,,,,,,,,
2026-07-02T19:09:39.219223+00:00,2026-07-02T19:09:39.219154,2,0,,,126.8,2,126.4,150,,,,,,,,,,,,,,,,,,,,,,,,,,,,,,,,,,,,
2026-07-02T19:09:39.281870+00:00,2026-07-02T19:09:39.281714,3,0,,,126.8,2,126.6,100,126.4,150,,,,,,,,,,,,,,,,,,,,,,,,,,,,,,,,,,
2026-07-02T19:09:39.352088+00:00,2026-07-02T19:09:39.338248,3,1,126.95,0.3,126.8,2,126.6,100,126.4,150,,,,,,,,,,,,,,,127.1,100,,,,,,,,,,,,,,,,,,
2026-07-02T19:09:39.379374+00:00,2026-07-02T19:09:39.379233,2,1,126.95,0.3,126.8,2,126.6,100,,,,,,,,,,,,,,,,,127.1,100,,,,,,,,,,,,,,,,,,
2026-07-02T19:09:39.447747+00:00,2026-07-02T19:09:39.447692,2,1,126.95,0.3,126.8,152,126.6,100,,,,,,,,,,,,,,,,,127.1,100,,,,,,,,,,,,,,,,,,
2026-07-02T19:09:39.507193+00:00,2026-07-02T19:09:39.507348,2,2,126.95,0.3,126.8,152,126.6,100,,,,,,,,,,,,,,,,,127.1,100,127.3,150,,,,,,,,,,,,,,,,
2026-07-02T19:09:39.686814+00:00,2026-07-02T19:09:39.686625,2,2,126.95,0.3,126.8,102,126.6,100,,,,,,,,,,,,,,,,,127.1,100,127.3,150,,,,,,,,,,,,,,,,
2026-07-02T19:09:40.077626+00:00,2026-07-02T19:09:40.077569,2,2,126.95,0.3,126.8,108,126.6,100,,,,,,,,,,,,,,,,,127.1,100,127.3,150,,,,,,,,,,,,,,,,
2026-07-02T19:09:40.558857+00:00,2026-07-02T19:09:40.558613,2,2,126.95,0.3,126.8,107,126.6,100,,,,,,,,,,,,,,,,,127.1,100,127.3,150,,,,,,,,,,,,,,,,
2026-07-02T19:09:40.774228+00:00,2026-07-02T19:09:40.774115,2,2,126.95,0.3,126.8,106,126.6,100,,,,,,,,,,,,,,,,,127.1,100,127.3,150,,,,,,,,,,,,,,,,
2026-07-02T19:09:40.945978+00:00,2026-07-02T19:09:40.946093,2,2,126.95,0.3,126.8,106,126.6,100,,,,,,,,,,,,,,,,,127.1,60,127.3,150,,,,,,,,,,,,,,,,
2026-07-02T19:09:41.088548+00:00,2026-07-02T19:09:41.088104,2,2,126.95,0.3,126.8,105,126.6,100,,,,,,,,,,,,,,,,,127.1,60,127.3,150,,,,,,,,,,,,,,,,
2026-07-02T19:09:41.384463+00:00,2026-07-02T19:09:41.384207,2,2,126.95,0.3,126.8,57,126.6,100,,,,,,,,,,,,,,,,,127.1,60,127.3,150,,,,,,,,,,,,,,,,
2026-07-02T19:09:41.813218+00:00,2026-07-02T19:09:41.798122,2,2,126.95,0.3,126.8,56,126.6,100,,,,,,,,,,,,,,,,,127.1,60,127.3,150,,,,,,,,,,,,,,,,
2026-07-02T19:09:41.840562+00:00,2026-07-02T19:09:41.839627,2,2,126.95,0.3,126.8,6,126.6,100,,,,,,,,,,,,,,,,,127.1,60,127.3,150,,,,,,,,,,,,,,,,
2026-07-02T19:09:42.409920+00:00,2026-07-02T19:09:42.410156,1,1,127.05,0.5,126.8,6,,,,,,,,,,,,,,,,,,,127.3,150,,,,,,,,,,,,,,,,,,
2026-07-02T19:09:42.458630+00:00,2026-07-02T19:09:42.454802,1,1,127.05,0.5,126.8,106,,,,,,,,,,,,,,,,,,,127.3,150,,,,,,,,,,,,,,,,,,
2026-07-02T19:09:42.524232+00:00,2026-07-02T19:09:42.523980,1,1,127.05,0.5,126.8,106,,,,,,,,,,,,,,,,,,,127.3,250,,,,,,,,,,,,,,,,,,
2026-07-02T19:09:42.558592+00:00,2026-07-02T19:09:42.556098,1,1,127.05,0.5,126.8,102,,,,,,,,,,,,,,,,,,,127.3,100,,,,,,,,,,,,,,,,,,
2026-07-02T19:09:42.612675+00:00,2026-07-02T19:09:42.612387,2,1,127.05,0.5,126.8,102,126.3,150,,,,,,,,,,,,,,,,,127.3,100,,,,,,,,,,,,,,,,,,
2026-07-02T19:09:42.654898+00:00,2026-07-02T19:09:42.655480,1,2,126.55,0.5,126.3,150,,,,,,,,,,,,,,,,,,,126.8,48,127.3,100,,,,,,,,,,,,,,,,
2026-07-02T19:09:43.964229+00:00,2026-07-02T19:09:43.964111,1,2,126.55,0.5,126.3,100,,,,,,,,,,,,,,,,,,,126.8,48,127.3,100,,,,,,,,,,,,,,,,
2026-07-02T19:09:44.020961+00:00,2026-07-02T19:09:44.020720,1,2,126.55,0.5,126.3,100,,,,,,,,,,,,,,,,,,,126.8,6,127.3,100,,,,,,,,,,,,,,,,
2026-07-02T19:09:45.572990+00:00,2026-07-02T19:09:45.573113,1,1,126.55,0.5,126.3,100,,,,,,,,,,,,,,,,,,,126.8,6,,,,,,,,,,,,,,,,,,
2026-07-02T19:09:45.643811+00:00,2026-07-02T19:09:45.644043,2,1,126.6,0.4,126.4,100,126.3,100,,,,,,,,,,,,,,,,,126.8,6,,,,,,,,,,,,,,,,,,
2026-07-02T19:09:45.693604+00:00,2026-07-02T19:09:45.693511,2,2,126.6,0.4,126.4,100,126.3,100,,,,,,,,,,,,,,,,,126.8,6,126.9,100,,,,,,,,,,,,,,,,
2026-07-02T19:09:45.711022+00:00,2026-07-02T19:09:45.710573,1,1,126.65,0.5,126.4,100,,,,,,,,,,,,,,,,,,,126.9,100,,,,,,,,,,,,,,,,,,
2026-07-02T19:09:45.778906+00:00,2026-07-02T19:09:45.778784,2,1,126.75,0.3,126.6,150,126.4,100,,,,,,,,,,,,,,,,,126.9,100,,,,,,,,,,,,,,,,,,
2026-07-02T19:09:45.821858+00:00,2026-07-02T19:09:45.821463,2,2,126.75,0.3,126.6,150,126.4,100,,,,,,,,,,,,,,,,,126.9,100,127.1,150,,,,,,,,,,,,,,,,
2026-07-02T19:09:46.079245+00:00,2026-07-02T19:09:46.079128,2,2,126.75,0.3,126.6,100,126.4,100,,,,,,,,,,,,,,,,,126.9,100,127.1,150,,,,,,,,,,,,,,,,
2026-07-02T19:09:47.276636+00:00,2026-07-02T19:09:47.275894,3,2,126.8,0.2,126.7,5,126.6,100,126.4,100,,,,,,,,,,,,,,,126.9,100,127.1,150,,,,,,,,,,,,,,,,
2026-07-02T19:09:47.858847+00:00,2026-07-02T19:09:47.853421,3,2,126.8,0.2,126.7,4,126.6,100,126.4,100,,,,,,,,,,,,,,,126.9,100,127.1,150,,,,,,,,,,,,,,,,
2026-07-02T19:09:48.440343+00:00,2026-07-02T19:09:48.431731,2,2,126.75,0.3,126.6,100,126.4,100,,,,,,,,,,,,,,,,,126.9,100,127.1,150,,,,,,,,,,,,,,,,
2026-07-02T19:09:48.750536+00:00,2026-07-02T19:09:48.750318,1,1,126.85,0.5,126.6,100,,,,,,,,,,,,,,,,,,,127.1,150,,,,,,,,,,,,,,,,,,
2026-07-02T19:09:48.809858+00:00,2026-07-02T19:09:48.809778,2,1,126.85,0.5,126.6,100,126.3,100,,,,,,,,,,,,,,,,,127.1,150,,,,,,,,,,,,,,,,,,
2026-07-02T19:09:48.853810+00:00,2026-07-02T19:09:48.853697,2,2,126.7,0.2,126.6,100,126.3,100,,,,,,,,,,,,,,,,,126.8,100,127.1,150,,,,,,,,,,,,,,,,
2026-07-02T19:09:48.864932+00:00,2026-07-02T19:09:48.864651,1,1,126.55,0.5,126.3,100,,,,,,,,,,,,,,,,,,,126.8,100,,,,,,,,,,,,,,,,,,
2026-07-02T19:09:48.930334+00:00,2026-07-02T19:09:48.930470,2,1,126.55,0.5,126.3,100,126.2,150,,,,,,,,,,,,,,,,,126.8,100,,,,,,,,,,,,,,,,,,
2026-07-02T19:09:48.969434+00:00,2026-07-02T19:09:48.969376,2,2,126.5,0.4,126.3,100,126.2,150,,,,,,,,,,,,,,,,,126.7,150,126.8,100,,,,,,,,,,,,,,,,
2026-07-02T19:09:49.591851+00:00,2026-07-02T19:09:49.591494,2,2,126.5,0.4,126.3,100,126.2,150,,,,,,,,,,,,,,,,,126.7,146,126.8,100,,,,,,,,,,,,,,,,
2026-07-02T19:09:50.290663+00:00,2026-07-02T19:09:50.290072,2,2,126.5,0.4,126.3,50,126.2,150,,,,,,,,,,,,,,,,,126.7,146,126.8,100,,,,,,,,,,,,,,,,
2026-07-02T19:09:51.037627+00:00,2026-07-02T19:09:51.037563,2,2,126.5,0.4,126.3,6,126.2,150,,,,,,,,,,,,,,,,,126.7,146,126.8,100,,,,,,,,,,,,,,,,
2026-07-02T19:09:51.914202+00:00,2026-07-02T19:09:51.913914,1,1,126.45,0.5,126.2,150,,,,,,,,,,,,,,,,,,,126.7,146,,,,,,,,,,,,,,,,,,
2026-07-02T19:09:51.959679+00:00,2026-07-02T19:09:51.959528,2,1,126.45,0.5,126.2,150,126.0,100,,,,,,,,,,,,,,,,,126.7,146,,,,,,,,,,,,,,,,,,
2026-07-02T19:09:52.042653+00:00,2026-07-02T19:09:52.037257,1,1,126.25,0.5,126.0,100,,,,,,,,,,,,,,,,,,,126.5,97,,,,,,,,,,,,,,,,,,
2026-07-02T19:09:52.090908+00:00,2026-07-02T19:09:52.090341,2,1,126.4,0.2,126.3,150,126.0,100,,,,,,,,,,,,,,,,,126.5,97,,,,,,,,,,,,,,,,,,
2026-07-02T19:09:52.144313+00:00,2026-07-02T19:09:52.144127,2,2,126.4,0.2,126.3,150,126.0,100,,,,,,,,,,,,,,,,,126.5,97,126.8,150,,,,,,,,,,,,,,,,
2026-07-02T19:09:52.331382+00:00,2026-07-02T19:09:52.325698,2,2,126.4,0.2,126.3,150,126.0,100,,,,,,,,,,,,,,,,,126.5,96,126.8,150,,,,,,,,,,,,,,,,
2026-07-02T19:09:53.340234+00:00,2026-07-02T19:09:53.340104,2,2,126.4,0.2,126.3,150,126.0,100,,,,,,,,,,,,,,,,,126.5,93,126.8,153,,,,,,,,,,,,,,,,
2026-07-02T19:09:53.481548+00:00,2026-07-02T19:09:53.481258,2,2,126.4,0.2,126.3,150,126.0,100,,,,,,,,,,,,,,,,,126.5,90,126.8,153,,,,,,,,,,,,,,,,
2026-07-02T19:09:53.515561+00:00,2026-07-02T19:09:53.515401,2,2,126.4,0.2,126.3,150,126.0,100,,,,,,,,,,,,,,,,,126.5,87,126.8,153,,,,,,,,,,,,,,,,
2026-07-02T19:09:53.622372+00:00,2026-07-02T19:09:53.622053,2,2,126.4,0.2,126.3,150,126.0,100,,,,,,,,,,,,,,,,,126.5,84,126.8,153,,,,,,,,,,,,,,,,
2026-07-02T19:09:53.834021+00:00,2026-07-02T19:09:53.833393,2,2,126.4,0.2,126.3,150,126.0,100,,,,,,,,,,,,,,,,,126.5,82,126.8,153,,,,,,,,,,,,,,,,
2026-07-02T19:09:54.324097+00:00,2026-07-02T19:09:54.324018,2,2,126.4,0.2,126.3,150,126.0,100,,,,,,,,,,,,,,,,,126.5,80,126.8,153,,,,,,,,,,,,,,,,
2026-07-02T19:09:54.474312+00:00,2026-07-02T19:09:54.474474,2,2,126.4,0.2,126.3,150,126.0,100,,,,,,,,,,,,,,,,,126.5,30,126.8,153,,,,,,,,,,,,,,,,
2026-07-02T19:09:55.092311+00:00,2026-07-02T19:09:55.091469,1,1,126.55,0.5,126.3,150,,,,,,,,,,,,,,,,,,,126.8,153,,,,,,,,,,,,,,,,,,
2026-07-02T19:09:55.158687+00:00,2026-07-02T19:09:55.156821,2,1,126.55,0.5,126.3,150,126.2,100,,,,,,,,,,,,,,,,,126.8,153,,,,,,,,,,,,,,,,,,
2026-07-02T19:09:55.198833+00:00,2026-07-02T19:09:55.199040,1,2,126.45,0.5,126.2,100,,,,,,,,,,,,,,,,,,,126.7,100,126.8,3,,,,,,,,,,,,,,,,
2026-07-02T19:09:55.251238+00:00,2026-07-02T19:09:55.250964,1,2,126.45,0.5,126.2,250,,,,,,,,,,,,,,,,,,,126.7,100,126.8,3,,,,,,,,,,,,,,,,
2026-07-02T19:09:55.307954+00:00,2026-07-02T19:09:55.307702,1,2,126.45,0.5,126.2,250,,,,,,,,,,,,,,,,,,,126.7,250,126.8,3,,,,,,,,,,,,,,,,
2026-07-02T19:09:56.570013+00:00,2026-07-02T19:09:56.569689,1,2,126.45,0.5,126.2,250,,,,,,,,,,,,,,,,,,,126.7,200,126.8,3,,,,,,,,,,,,,,,,
2026-07-02T19:09:57.703636+00:00,2026-07-02T19:09:57.703530,1,2,126.45,0.5,126.2,250,,,,,,,,,,,,,,,,,,,126.7,152,126.8,3,,,,,,,,,,,,,,,,
2026-07-02T19:09:58.274115+00:00,2026-07-02T19:09:58.274018,1,2,126.45,0.5,126.2,150,,,,,,,,,,,,,,,,,,,126.7,150,126.8,3,,,,,,,,,,,,,,,,
2026-07-02T19:09:58.310360+00:00,2026-07-02T19:09:58.310333,2,2,126.5,0.4,126.3,100,126.2,150,,,,,,,,,,,,,,,,,126.7,150,126.8,3,,,,,,,,,,,,,,,,
2026-07-02T19:09:58.359419+00:00,2026-07-02T19:09:58.359083,1,1,126.55,0.5,126.3,100,,,,,,,,,,,,,,,,,,,126.8,103,,,,,,,,,,,,,,,,,,
2026-07-02T19:09:58.414293+00:00,2026-07-02T19:09:58.413750,2,1,126.55,0.5,126.3,100,126.1,150,,,,,,,,,,,,,,,,,126.8,103,,,,,,,,,,,,,,,,,,
2026-07-02T19:09:58.458568+00:00,2026-07-02T19:09:58.457568,2,2,126.45,0.3,126.3,100,126.1,150,,,,,,,,,,,,,,,,,126.6,150,126.8,103,,,,,,,,,,,,,,,,
2026-07-02T19:09:58.697993+00:00,2026-07-02T19:09:58.697760,2,2,126.45,0.3,126.3,100,126.1,150,,,,,,,,,,,,,,,,,126.6,100,126.8,103,,,,,,,,,,,,,,,,
2026-07-02T19:10:00.820389+00:00,2026-07-02T19:10:00.820282,2,2,126.45,0.3,126.3,100,126.1,150,,,,,,,,,,,,,,,,,126.6,50,126.8,103,,,,,,,,,,,,,,,,
2026-07-02T19:10:01.358674+00:00,2026-07-02T19:10:01.357500,2,2,126.45,0.3,126.3,100,126.1,150,,,,,,,,,,,,,,,,,126.6,3,126.8,103,,,,,,,,,,,,,,,,
2026-07-02T19:10:01.421425+00:00,2026-07-02T19:10:01.421188,1,2,126.35,0.5,126.1,150,,,,,,,,,,,,,,,,,,,126.6,3,126.8,3,,,,,,,,,,,,,,,,
2026-07-02T19:10:01.471828+00:00,2026-07-02T19:10:01.471380,2,2,126.55,0.1,126.5,100,126.1,150,,,,,,,,,,,,,,,,,126.6,3,126.8,3,,,,,,,,,,,,,,,,
2026-07-02T19:10:01.518695+00:00,2026-07-02T19:10:01.518585,1,1,126.65,0.3,126.5,100,,,,,,,,,,,,,,,,,,,126.8,3,,,,,,,,,,,,,,,,,,
2026-07-02T19:10:01.524967+00:00,2026-07-02T19:10:01.524871,1,2,126.65,0.3,126.5,100,,,,,,,,,,,,,,,,,,,126.8,3,127.0,100,,,,,,,,,,,,,,,,
2026-07-02T19:10:01.574016+00:00,2026-07-02T19:10:01.573662,2,0,,,127.0,47,126.5,100,,,,,,,,,,,,,,,,,,,,,,,,,,,,,,,,,,,,
2026-07-02T19:10:01.647966+00:00,2026-07-02T19:10:01.640524,2,1,127.25,0.5,127.0,21,126.5,100,,,,,,,,,,,,,,,,,127.5,150,,,,,,,,,,,,,,,,,,
2026-07-02T19:10:02.949171+00:00,2026-07-02T19:10:02.949034,2,1,127.25,0.5,127.0,21,126.5,100,,,,,,,,,,,,,,,,,127.5,100,,,,,,,,,,,,,,,,,,
2026-07-02T19:10:03.362435+00:00,2026-07-02T19:10:03.362361,2,1,127.25,0.5,127.0,16,126.5,100,,,,,,,,,,,,,,,,,127.5,100,,,,,,,,,,,,,,,,,,
2026-07-02T19:10:04.141249+00:00,2026-07-02T19:10:04.137019,2,1,127.25,0.5,127.0,13,126.5,100,,,,,,,,,,,,,,,,,127.5,100,,,,,,,,,,,,,,,,,,
2026-07-02T19:10:04.221560+00:00,2026-07-02T19:10:04.221256,1,1,127.0,1.0,126.5,70,,,,,,,,,,,,,,,,,,,127.5,100,,,,,,,,,,,,,,,,,,
2026-07-02T19:10:04.582557+00:00,2026-07-02T19:10:04.582156,0,1,,,,,,,,,,,,,,,,,,,,,,,127.5,100,,,,,,,,,,,,,,,,,,
2026-07-02T19:10:04.636571+00:00,2026-07-02T19:10:04.636358,1,1,127.0,1.0,126.5,100,,,,,,,,,,,,,,,,,,,127.5,100,,,,,,,,,,,,,,,,,,
2026-07-02T19:10:04.711212+00:00,2026-07-02T19:10:04.710504,1,1,126.75,0.5,126.5,100,,,,,,,,,,,,,,,,,,,127.0,100,,,,,,,,,,,,,,,,,,
2026-07-02T19:10:04.773436+00:00,2026-07-02T19:10:04.772366,2,1,126.75,0.5,126.5,100,126.2,150,,,,,,,,,,,,,,,,,127.0,100,,,,,,,,,,,,,,,,,,
2026-07-02T19:10:04.812786+00:00,2026-07-02T19:10:04.812894,2,2,126.6,0.2,126.5,100,126.2,150,,,,,,,,,,,,,,,,,126.7,150,127.0,100,,,,,,,,,,,,,,,,
2026-07-02T19:10:04.823398+00:00,2026-07-02T19:10:04.817389,2,2,126.6,0.2,126.5,100,126.2,150,,,,,,,,,,,,,,,,,126.7,147,127.0,100,,,,,,,,,,,,,,,,
2026-07-02T19:10:05.040808+00:00,2026-07-02T19:10:05.040691,2,2,126.6,0.2,126.5,100,126.2,150,,,,,,,,,,,,,,,,,126.7,97,127.0,100,,,,,,,,,,,,,,,,
2026-07-02T19:10:06.487522+00:00,2026-07-02T19:10:06.487725,2,2,126.6,0.2,126.5,51,126.2,150,,,,,,,,,,,,,,,,,126.7,97,127.0,100,,,,,,,,,,,,,,,,
2026-07-02T19:10:07.176121+00:00,2026-07-02T19:10:07.175952,2,2,126.6,0.2,126.5,51,126.2,150,,,,,,,,,,,,,,,,,126.7,47,127.0,100,,,,,,,,,,,,,,,,
2026-07-02T19:10:07.782240+00:00,2026-07-02T19:10:07.782174,1,1,126.45,0.5,126.2,150,,,,,,,,,,,,,,,,,,,126.7,47,,,,,,,,,,,,,,,,,,
2026-07-02T19:10:07.846092+00:00,2026-07-02T19:10:07.846022,2,1,126.6,0.2,126.5,100,126.2,150,,,,,,,,,,,,,,,,,126.7,47,,,,,,,,,,,,,,,,,,
2026-07-02T19:10:07.858637+00:00,2026-07-02T19:10:07.857306,2,0,,,126.5,100,126.2,150,,,,,,,,,,,,,,,,,,,,,,,,,,,,,,,,,,,,
2026-07-02T19:10:07.875319+00:00,2026-07-02T19:10:07.875216,1,0,,,126.5,100,,,,,,,,,,,,,,,,,,,,,,,,,,,,,,,,,,,,,,
2026-07-02T19:10:07.902965+00:00,2026-07-02T19:10:07.902830,1,1,126.75,0.5,126.5,100,,,,,,,,,,,,,,,,,,,127.0,100,,,,,,,,,,,,,,,,,,
2026-07-02T19:10:07.931759+00:00,2026-07-02T19:10:07.931649,2,1,126.9,0.2,126.8,150,126.5,100,,,,,,,,,,,,,,,,,127.0,100,,,,,,,,,,,,,,,,,,
