recv_time,book_timestamp,n_bids,n_asks,mid,spread,bid_px_0,bid_vol_0,bid_px_1,bid_vol_1,bid_px_2,bid_vol_2,bid_px_3,bid_vol_3,bid_px_4,bid_vol_4,bid_px_5,bid_vol_5,bid_px_6,bid_vol_6,bid_px_7,bid_vol_7,bid_px_8,bid_vol_8,bid_px_9,bid_vol_9,ask_px_0,ask_vol_0,ask_px_1,ask_vol_1,ask_px_2,ask_vol_2,ask_px_3,ask_vol_3,ask_px_4,ask_vol_4,ask_px_5,ask_vol_5,ask_px_6,ask_vol_6,ask_px_7,ask_vol_7,ask_px_8,ask_vol_8,ask_px_9,ask_vol_9
2026-07-05T05:00:00.249875+00:00,2026-07-05T05:00:00.294961,2,2,138.55,0.1,138.5,160,138.4,75,,,,,,,,,,,,,,,,,138.6,10,138.9,100,,,,,,,,,,,,,,,,
2026-07-05T05:00:00.394327+00:00,2026-07-05T05:00:00.348794,2,3,138.55,0.1,138.5,160,138.4,75,,,,,,,,,,,,,,,,,138.6,10,138.9,100,139.0,150,,,,,,,,,,,,,,
2026-07-05T05:00:00.514558+00:00,2026-07-05T05:00:00.514532,2,2,138.7,0.4,138.5,160,138.4,75,,,,,,,,,,,,,,,,,138.9,60,139.0,150,,,,,,,,,,,,,,,,
2026-07-05T05:00:00.559513+00:00,2026-07-05T05:00:00.604890,1,1,138.75,0.5,138.5,160,,,,,,,,,,,,,,,,,,,139.0,150,,,,,,,,,,,,,,,,,,
2026-07-05T05:00:00.667834+00:00,2026-07-05T05:00:00.667729,2,1,138.75,0.5,138.5,160,138.3,100,,,,,,,,,,,,,,,,,139.0,150,,,,,,,,,,,,,,,,,,
2026-07-05T05:00:00.696825+00:00,2026-07-05T05:00:00.710510,2,2,138.65,0.3,138.5,160,138.3,100,,,,,,,,,,,,,,,,,138.8,100,139.0,150,,,,,,,,,,,,,,,,
2026-07-05T05:00:01.782545+00:00,2026-07-05T05:00:01.756469,2,2,138.65,0.3,138.5,160,138.3,100,,,,,,,,,,,,,,,,,138.8,53,139.0,150,,,,,,,,,,,,,,,,
2026-07-05T05:00:02.147462+00:00,2026-07-05T05:00:02.141557,2,2,138.65,0.3,138.5,148,138.3,100,,,,,,,,,,,,,,,,,138.8,53,139.0,150,,,,,,,,,,,,,,,,
2026-07-05T05:00:02.658811+00:00,2026-07-05T05:00:02.658718,2,2,138.65,0.3,138.5,148,138.3,100,,,,,,,,,,,,,,,,,138.8,3,139.0,150,,,,,,,,,,,,,,,,
2026-07-05T05:00:03.414004+00:00,2026-07-05T05:00:03.413882,1,1,138.55,0.5,138.3,100,,,,,,,,,,,,,,,,,,,138.8,3,,,,,,,,,,,,,,,,,,
2026-07-05T05:00:03.469925+00:00,2026-07-05T05:00:03.469825,2,1,138.6,0.4,138.4,150,138.3,100,,,,,,,,,,,,,,,,,138.8,3,,,,,,,,,,,,,,,,,,
2026-07-05T05:00:03.523021+00:00,2026-07-05T05:00:03.522936,2,2,138.6,0.4,138.4,150,138.3,100,,,,,,,,,,,,,,,,,138.8,3,138.9,150,,,,,,,,,,,,,,,,
2026-07-05T05:00:03.774596+00:00,2026-07-05T05:00:03.774696,1,1,138.65,0.5,138.4,150,,,,,,,,,,,,,,,,,,,138.9,150,,,,,,,,,,,,,,,,,,
2026-07-05T05:00:03.849162+00:00,2026-07-05T05:00:03.849233,2,1,138.75,0.3,138.6,100,138.4,150,,,,,,,,,,,,,,,,,138.9,150,,,,,,,,,,,,,,,,,,
2026-07-05T05:00:03.859857+00:00,2026-07-05T05:00:03.853808,2,1,138.75,0.3,138.6,89,138.4,150,,,,,,,,,,,,,,,,,138.9,150,,,,,,,,,,,,,,,,,,
2026-07-05T05:00:03.898797+00:00,2026-07-05T05:00:03.898959,2,2,138.75,0.3,138.6,89,138.4,150,,,,,,,,,,,,,,,,,138.9,150,139.1,100,,,,,,,,,,,,,,,,
2026-07-05T05:00:04.464961+00:00,2026-07-05T05:00:04.465350,2,2,138.75,0.3,138.6,64,138.4,150,,,,,,,,,,,,,,,,,138.9,150,139.1,100,,,,,,,,,,,,,,,,
2026-07-05T05:00:04.482523+00:00,2026-07-05T05:00:04.482493,3,3,138.75,0.1,138.7,10,138.6,64,138.4,150,,,,,,,,,,,,,,,138.8,10,138.9,150,139.1,100,,,,,,,,,,,,,,
2026-07-05T05:00:04.758546+00:00,2026-07-05T05:00:04.757922,3,2,138.8,0.2,138.7,10,138.6,64,138.4,150,,,,,,,,,,,,,,,138.9,110,139.1,100,,,,,,,,,,,,,,,,
2026-07-05T05:00:05.580936+00:00,2026-07-05T05:00:05.580812,2,2,138.75,0.3,138.6,29,138.4,150,,,,,,,,,,,,,,,,,138.9,110,139.1,100,,,,,,,,,,,,,,,,
2026-07-05T05:00:06.577684+00:00,2026-07-05T05:00:06.577860,1,1,138.85,0.5,138.6,29,,,,,,,,,,,,,,,,,,,139.1,100,,,,,,,,,,,,,,,,,,
2026-07-05T05:00:06.633927+00:00,2026-07-05T05:00:06.633786,2,1,138.95,0.3,138.8,150,138.6,29,,,,,,,,,,,,,,,,,139.1,100,,,,,,,,,,,,,,,,,,
2026-07-05T05:00:06.686367+00:00,2026-07-05T05:00:06.686451,2,2,138.95,0.3,138.8,150,138.6,29,,,,,,,,,,,,,,,,,139.1,100,139.3,150,,,,,,,,,,,,,,,,
2026-07-05T05:00:06.958601+00:00,2026-07-05T05:00:06.957148,1,1,139.05,0.5,138.8,150,,,,,,,,,,,,,,,,,,,139.3,150,,,,,,,,,,,,,,,,,,
2026-07-05T05:00:07.014098+00:00,2026-07-05T05:00:07.013920,2,1,139.05,0.5,138.8,150,138.6,100,,,,,,,,,,,,,,,,,139.3,150,,,,,,,,,,,,,,,,,,
2026-07-05T05:00:07.068375+00:00,2026-07-05T05:00:07.068267,2,2,138.95,0.3,138.8,150,138.6,100,,,,,,,,,,,,,,,,,139.1,100,139.3,150,,,,,,,,,,,,,,,,
2026-07-05T05:00:07.818939+00:00,2026-07-05T05:00:07.718627,2,2,138.95,0.3,138.8,104,138.6,100,,,,,,,,,,,,,,,,,139.1,100,139.3,150,,,,,,,,,,,,,,,,
2026-07-05T05:00:08.328730+00:00,2026-07-05T05:00:08.328676,2,2,138.95,0.3,138.8,104,138.6,100,,,,,,,,,,,,,,,,,139.1,57,139.3,150,,,,,,,,,,,,,,,,
2026-07-05T05:00:08.972199+00:00,2026-07-05T05:00:08.972132,2,2,138.95,0.3,138.8,104,138.6,100,,,,,,,,,,,,,,,,,139.1,7,139.3,150,,,,,,,,,,,,,,,,
2026-07-05T05:00:09.495017+00:00,2026-07-05T05:00:09.494833,2,2,138.95,0.3,138.8,79,138.6,100,,,,,,,,,,,,,,,,,139.1,7,139.3,150,,,,,,,,,,,,,,,,
2026-07-05T05:00:09.740487+00:00,2026-07-05T05:00:09.740439,1,1,138.85,0.5,138.6,100,,,,,,,,,,,,,,,,,,,139.1,7,,,,,,,,,,,,,,,,,,
2026-07-05T05:00:09.796882+00:00,2026-07-05T05:00:09.796806,1,1,138.85,0.5,138.6,250,,,,,,,,,,,,,,,,,,,139.1,7,,,,,,,,,,,,,,,,,,
2026-07-05T05:00:09.849877+00:00,2026-07-05T05:00:09.849759,1,1,138.85,0.5,138.6,250,,,,,,,,,,,,,,,,,,,139.1,157,,,,,,,,,,,,,,,,,,
2026-07-05T05:00:10.048812+00:00,2026-07-05T05:00:10.048770,1,1,138.85,0.5,138.6,250,,,,,,,,,,,,,,,,,,,139.1,112,,,,,,,,,,,,,,,,,,
2026-07-05T05:00:10.122394+00:00,2026-07-05T05:00:10.122491,1,1,138.85,0.5,138.6,150,,,,,,,,,,,,,,,,,,,139.1,112,,,,,,,,,,,,,,,,,,
2026-07-05T05:00:10.175715+00:00,2026-07-05T05:00:10.175803,2,1,139.05,0.1,139.0,100,138.6,150,,,,,,,,,,,,,,,,,139.1,112,,,,,,,,,,,,,,,,,,
2026-07-05T05:00:10.228462+00:00,2026-07-05T05:00:10.228320,2,2,139.05,0.1,139.0,100,138.6,150,,,,,,,,,,,,,,,,,139.1,112,139.5,100,,,,,,,,,,,,,,,,
2026-07-05T05:00:10.670861+00:00,2026-07-05T05:00:10.670787,2,2,139.05,0.1,139.0,53,138.6,150,,,,,,,,,,,,,,,,,139.1,112,139.5,100,,,,,,,,,,,,,,,,
2026-07-05T05:00:11.168946+00:00,2026-07-05T05:00:11.169040,2,2,139.05,0.1,139.0,3,138.6,150,,,,,,,,,,,,,,,,,139.1,112,139.5,100,,,,,,,,,,,,,,,,
2026-07-05T05:00:11.775509+00:00,2026-07-05T05:00:11.769242,1,2,138.85,0.5,138.6,150,,,,,,,,,,,,,,,,,,,139.1,112,139.5,100,,,,,,,,,,,,,,,,
2026-07-05T05:00:12.915442+00:00,2026-07-05T05:00:12.915411,1,1,139.05,0.9,138.6,150,,,,,,,,,,,,,,,,,,,139.5,100,,,,,,,,,,,,,,,,,,
2026-07-05T05:00:12.920702+00:00,2026-07-05T05:00:12.920589,0,1,,,,,,,,,,,,,,,,,,,,,,,139.5,100,,,,,,,,,,,,,,,,,,
2026-07-05T05:00:12.972015+00:00,2026-07-05T05:00:12.971954,1,1,139.1,0.8,138.7,150,,,,,,,,,,,,,,,,,,,139.5,100,,,,,,,,,,,,,,,,,,
2026-07-05T05:00:13.025030+00:00,2026-07-05T05:00:13.024997,1,2,138.95,0.5,138.7,150,,,,,,,,,,,,,,,,,,,139.2,150,139.5,100,,,,,,,,,,,,,,,,
2026-07-05T05:00:13.276295+00:00,2026-07-05T05:00:13.276217,1,2,138.95,0.5,138.7,100,,,,,,,,,,,,,,,,,,,139.2,150,139.5,100,,,,,,,,,,,,,,,,
2026-07-05T05:00:13.281577+00:00,2026-07-05T05:00:13.281467,1,1,138.95,0.5,138.7,100,,,,,,,,,,,,,,,,,,,139.2,150,,,,,,,,,,,,,,,,,,
2026-07-05T05:00:13.340220+00:00,2026-07-05T05:00:13.340081,2,1,138.95,0.5,138.7,100,138.6,100,,,,,,,,,,,,,,,,,139.2,150,,,,,,,,,,,,,,,,,,
2026-07-05T05:00:13.393964+00:00,2026-07-05T05:00:13.393825,2,2,138.9,0.4,138.7,100,138.6,100,,,,,,,,,,,,,,,,,139.1,100,139.2,150,,,,,,,,,,,,,,,,
2026-07-05T05:00:13.808997+00:00,2026-07-05T05:00:13.808880,2,2,138.9,0.4,138.7,100,138.6,100,,,,,,,,,,,,,,,,,139.1,51,139.2,150,,,,,,,,,,,,,,,,
2026-07-05T05:00:14.511614+00:00,2026-07-05T05:00:14.511807,2,2,138.9,0.4,138.7,75,138.6,100,,,,,,,,,,,,,,,,,139.1,51,139.2,150,,,,,,,,,,,,,,,,
2026-07-05T05:00:14.522074+00:00,2026-07-05T05:00:14.522284,3,3,138.9,0.2,138.8,10,138.7,75,138.6,100,,,,,,,,,,,,,,,139.0,10,139.1,51,139.2,150,,,,,,,,,,,,,,
2026-07-05T05:00:16.079967+00:00,2026-07-05T05:00:16.079919,2,2,138.9,0.2,138.8,10,138.6,100,,,,,,,,,,,,,,,,,139.0,10,139.1,51,,,,,,,,,,,,,,,,
2026-07-05T05:00:16.135954+00:00,2026-07-05T05:00:16.136049,3,2,138.9,0.2,138.8,10,138.6,100,138.4,150,,,,,,,,,,,,,,,139.0,10,139.1,51,,,,,,,,,,,,,,,,
2026-07-05T05:00:16.185973+00:00,2026-07-05T05:00:16.185905,3,3,138.85,0.1,138.8,10,138.6,100,138.4,150,,,,,,,,,,,,,,,138.9,150,139.0,10,139.1,51,,,,,,,,,,,,,,
2026-07-05T05:00:16.285395+00:00,2026-07-05T05:00:16.285291,3,3,138.85,0.1,138.8,10,138.6,100,138.4,150,,,,,,,,,,,,,,,138.9,102,139.0,10,139.1,51,,,,,,,,,,,,,,
2026-07-05T05:00:16.444293+00:00,2026-07-05T05:00:16.444235,2,2,138.85,0.1,138.8,10,138.4,150,,,,,,,,,,,,,,,,,138.9,102,139.0,10,,,,,,,,,,,,,,,,
2026-07-05T05:00:16.497554+00:00,2026-07-05T05:00:16.497446,3,2,138.85,0.1,138.8,10,138.7,100,138.4,150,,,,,,,,,,,,,,,138.9,102,139.0,10,,,,,,,,,,,,,,,,
2026-07-05T05:00:16.559726+00:00,2026-07-05T05:00:16.559491,3,3,138.85,0.1,138.8,10,138.7,100,138.4,150,,,,,,,,,,,,,,,138.9,102,139.0,10,139.2,100,,,,,,,,,,,,,,
2026-07-05T05:00:17.458592+00:00,2026-07-05T05:00:17.455150,3,3,138.85,0.1,138.8,10,138.7,100,138.4,150,,,,,,,,,,,,,,,138.9,52,139.0,10,139.2,100,,,,,,,,,,,,,,
2026-07-05T05:00:17.897770+00:00,2026-07-05T05:00:17.891670,3,3,138.85,0.1,138.8,1,138.7,100,138.4,150,,,,,,,,,,,,,,,138.9,52,139.0,10,139.2,100,,,,,,,,,,,,,,
2026-07-05T05:00:19.238654+00:00,2026-07-05T05:00:19.238534,3,2,138.9,0.2,138.8,1,138.7,100,138.4,150,,,,,,,,,,,,,,,139.0,10,139.2,100,,,,,,,,,,,,,,,,
2026-07-05T05:00:19.243817+00:00,2026-07-05T05:00:19.243718,2,2,138.9,0.2,138.8,1,138.7,100,,,,,,,,,,,,,,,,,139.0,10,139.2,100,,,,,,,,,,,,,,,,
2026-07-05T05:00:19.298724+00:00,2026-07-05T05:00:19.298599,3,2,138.9,0.2,138.8,1,138.7,100,138.6,150,,,,,,,,,,,,,,,139.0,10,139.2,100,,,,,,,,,,,,,,,,
2026-07-05T05:00:19.358897+00:00,2026-07-05T05:00:19.358834,3,3,138.9,0.2,138.8,1,138.7,100,138.6,150,,,,,,,,,,,,,,,139.0,10,139.1,150,139.2,100,,,,,,,,,,,,,,
2026-07-05T05:00:19.532779+00:00,2026-07-05T05:00:19.532690,3,2,138.95,0.3,138.8,1,138.7,100,138.6,150,,,,,,,,,,,,,,,139.1,150,139.2,100,,,,,,,,,,,,,,,,
2026-07-05T05:00:19.538107+00:00,2026-07-05T05:00:19.537928,2,2,138.9,0.4,138.7,100,138.6,150,,,,,,,,,,,,,,,,,139.1,150,139.2,100,,,,,,,,,,,,,,,,
2026-07-05T05:00:19.610149+00:00,2026-07-05T05:00:19.610318,1,1,138.85,0.5,138.6,150,,,,,,,,,,,,,,,,,,,139.1,150,,,,,,,,,,,,,,,,,,
2026-07-05T05:00:19.667125+00:00,2026-07-05T05:00:19.667093,1,1,138.85,0.5,138.6,250,,,,,,,,,,,,,,,,,,,139.1,150,,,,,,,,,,,,,,,,,,
2026-07-05T05:00:19.720134+00:00,2026-07-05T05:00:19.720065,1,1,138.85,0.5,138.6,250,,,,,,,,,,,,,,,,,,,139.1,250,,,,,,,,,,,,,,,,,,
2026-07-05T05:00:21.696162+00:00,2026-07-05T05:00:21.696027,1,1,138.85,0.5,138.6,201,,,,,,,,,,,,,,,,,,,139.1,250,,,,,,,,,,,,,,,,,,
2026-07-05T05:00:21.734817+00:00,2026-07-05T05:00:21.734779,1,1,138.85,0.5,138.6,151,,,,,,,,,,,,,,,,,,,139.1,250,,,,,,,,,,,,,,,,,,
2026-07-05T05:00:22.412374+00:00,2026-07-05T05:00:22.412533,1,1,138.85,0.5,138.6,100,,,,,,,,,,,,,,,,,,,139.1,100,,,,,,,,,,,,,,,,,,
2026-07-05T05:00:22.458629+00:00,2026-07-05T05:00:22.457399,2,1,138.85,0.5,138.6,100,138.2,150,,,,,,,,,,,,,,,,,139.1,100,,,,,,,,,,,,,,,,,,
2026-07-05T05:00:22.520465+00:00,2026-07-05T05:00:22.520378,2,2,138.65,0.1,138.6,100,138.2,150,,,,,,,,,,,,,,,,,138.7,150,139.1,100,,,,,,,,,,,,,,,,
2026-07-05T05:00:22.774517+00:00,2026-07-05T05:00:22.774673,1,1,138.45,0.5,138.2,150,,,,,,,,,,,,,,,,,,,138.7,150,,,,,,,,,,,,,,,,,,
2026-07-05T05:00:22.826173+00:00,2026-07-05T05:00:22.826056,2,1,138.65,0.1,138.6,100,138.2,150,,,,,,,,,,,,,,,,,138.7,150,,,,,,,,,,,,,,,,,,
2026-07-05T05:00:22.882822+00:00,2026-07-05T05:00:22.882738,2,2,138.65,0.1,138.6,100,138.2,150,,,,,,,,,,,,,,,,,138.7,150,139.1,100,,,,,,,,,,,,,,,,
2026-07-05T05:00:25.574260+00:00,2026-07-05T05:00:25.574221,1,1,138.85,0.5,138.6,100,,,,,,,,,,,,,,,,,,,139.1,100,,,,,,,,,,,,,,,,,,
2026-07-05T05:00:25.626118+00:00,2026-07-05T05:00:25.626265,2,1,138.85,0.5,138.6,100,138.3,150,,,,,,,,,,,,,,,,,139.1,100,,,,,,,,,,,,,,,,,,
2026-07-05T05:00:25.678830+00:00,2026-07-05T05:00:25.678751,2,2,138.7,0.2,138.6,100,138.3,150,,,,,,,,,,,,,,,,,138.8,150,139.1,100,,,,,,,,,,,,,,,,
2026-07-05T05:00:25.932154+00:00,2026-07-05T05:00:25.932029,2,2,138.7,0.2,138.6,100,138.3,150,,,,,,,,,,,,,,,,,138.8,100,139.1,100,,,,,,,,,,,,,,,,
2026-07-05T05:00:25.937308+00:00,2026-07-05T05:00:25.937252,1,1,138.55,0.5,138.3,150,,,,,,,,,,,,,,,,,,,138.8,100,,,,,,,,,,,,,,,,,,
2026-07-05T05:00:25.992148+00:00,2026-07-05T05:00:25.992081,2,1,138.6,0.4,138.4,100,138.3,150,,,,,,,,,,,,,,,,,138.8,100,,,,,,,,,,,,,,,,,,
2026-07-05T05:00:26.045620+00:00,2026-07-05T05:00:26.045746,2,2,138.6,0.4,138.4,100,138.3,150,,,,,,,,,,,,,,,,,138.8,100,138.9,100,,,,,,,,,,,,,,,,
2026-07-05T05:00:26.581820+00:00,2026-07-05T05:00:26.581738,2,2,138.6,0.4,138.4,58,138.3,150,,,,,,,,,,,,,,,,,138.8,100,138.9,100,,,,,,,,,,,,,,,,
2026-07-05T05:00:27.057325+00:00,2026-07-05T05:00:27.057473,2,2,138.6,0.4,138.4,58,138.3,150,,,,,,,,,,,,,,,,,138.8,54,138.9,100,,,,,,,,,,,,,,,,
2026-07-05T05:00:28.090114+00:00,2026-07-05T05:00:28.090014,2,2,138.6,0.4,138.4,8,138.3,150,,,,,,,,,,,,,,,,,138.8,54,138.9,100,,,,,,,,,,,,,,,,
2026-07-05T05:00:28.588453+00:00,2026-07-05T05:00:28.588420,1,2,138.55,0.5,138.3,115,,,,,,,,,,,,,,,,,,,138.8,54,138.9,100,,,,,,,,,,,,,,,,
2026-07-05T05:00:28.736323+00:00,2026-07-05T05:00:28.736250,0,1,,,,,,,,,,,,,,,,,,,,,,,138.9,100,,,,,,,,,,,,,,,,,,
2026-07-05T05:00:28.790778+00:00,2026-07-05T05:00:28.790628,1,1,138.7,0.4,138.5,150,,,,,,,,,,,,,,,,,,,138.9,100,,,,,,,,,,,,,,,,,,
2026-07-05T05:00:28.844093+00:00,2026-07-05T05:00:28.843960,1,1,138.7,0.4,138.5,150,,,,,,,,,,,,,,,,,,,138.9,250,,,,,,,,,,,,,,,,,,
2026-07-05T05:00:29.050496+00:00,2026-07-05T05:00:29.050657,1,1,138.7,0.4,138.5,150,,,,,,,,,,,,,,,,,,,138.9,205,,,,,,,,,,,,,,,,,,
2026-07-05T05:00:29.100803+00:00,2026-07-05T05:00:29.100629,1,1,138.7,0.4,138.5,150,,,,,,,,,,,,,,,,,,,138.9,150,,,,,,,,,,,,,,,,,,
2026-07-05T05:00:29.153445+00:00,2026-07-05T05:00:29.153350,2,1,138.7,0.4,138.5,150,138.4,100,,,,,,,,,,,,,,,,,138.9,150,,,,,,,,,,,,,,,,,,
2026-07-05T05:00:29.204420+00:00,2026-07-05T05:00:29.204327,2,1,138.7,0.4,138.5,150,138.4,100,,,,,,,,,,,,,,,,,138.9,250,,,,,,,,,,,,,,,,,,
2026-07-05T05:00:29.621081+00:00,2026-07-05T05:00:29.620964,2,1,138.7,0.4,138.5,150,138.4,100,,,,,,,,,,,,,,,,,138.9,205,,,,,,,,,,,,,,,,,,
2026-07-05T05:00:30.147614+00:00,2026-07-05T05:00:30.147478,2,1,138.7,0.4,138.5,150,138.4,100,,,,,,,,,,,,,,,,,138.9,155,,,,,,,,,,,,,,,,,,
2026-07-05T05:00:31.898761+00:00,2026-07-05T05:00:31.898711,1,1,138.65,0.5,138.4,100,,,,,,,,,,,,,,,,,,,138.9,100,,,,,,,,,,,,,,,,,,
2026-07-05T05:00:31.975566+00:00,2026-07-05T05:00:31.968619,2,1,138.8,0.2,138.7,139,138.4,100,,,,,,,,,,,,,,,,,138.9,100,,,,,,,,,,,,,,,,,,
2026-07-05T05:00:32.011435+00:00,2026-07-05T05:00:32.011313,2,2,138.8,0.2,138.7,139,138.4,100,,,,,,,,,,,,,,,,,138.9,100,139.2,150,,,,,,,,,,,,,,,,
2026-07-05T05:00:32.105757+00:00,2026-07-05T05:00:32.105687,2,2,138.8,0.2,138.7,98,138.4,100,,,,,,,,,,,,,,,,,138.9,100,139.2,150,,,,,,,,,,,,,,,,
2026-07-05T05:00:32.258657+00:00,2026-07-05T05:00:32.251723,2,1,138.95,0.5,138.7,98,138.4,100,,,,,,,,,,,,,,,,,139.2,150,,,,,,,,,,,,,,,,,,
2026-07-05T05:00:32.263814+00:00,2026-07-05T05:00:32.263718,1,1,138.95,0.5,138.7,98,,,,,,,,,,,,,,,,,,,139.2,150,,,,,,,,,,,,,,,,,,
2026-07-05T05:00:32.313421+00:00,2026-07-05T05:00:32.313278,1,1,138.95,0.5,138.7,48,,,,,,,,,,,,,,,,,,,139.2,150,,,,,,,,,,,,,,,,,,
2026-07-05T05:00:32.318717+00:00,2026-07-05T05:00:32.318484,2,1,138.95,0.5,138.7,48,138.3,100,,,,,,,,,,,,,,,,,139.2,150,,,,,,,,,,,,,,,,,,
2026-07-05T05:00:32.369016+00:00,2026-07-05T05:00:32.369117,2,2,138.75,0.1,138.7,48,138.3,100,,,,,,,,,,,,,,,,,138.8,100,139.2,150,,,,,,,,,,,,,,,,
2026-07-05T05:00:34.423596+00:00,2026-07-05T05:00:34.423525,1,2,138.55,0.5,138.3,98,,,,,,,,,,,,,,,,,,,138.8,100,139.2,150,,,,,,,,,,,,,,,,
2026-07-05T05:00:35.065871+00:00,2026-07-05T05:00:35.065797,1,1,138.55,0.5,138.3,98,,,,,,,,,,,,,,,,,,,138.8,100,,,,,,,,,,,,,,,,,,
2026-07-05T05:00:35.119011+00:00,2026-07-05T05:00:35.119147,2,1,138.55,0.5,138.3,98,138.0,150,,,,,,,,,,,,,,,,,138.8,100,,,,,,,,,,,,,,,,,,
2026-07-05T05:00:35.173491+00:00,2026-07-05T05:00:35.173581,2,2,138.4,0.2,138.3,98,138.0,150,,,,,,,,,,,,,,,,,138.5,150,138.8,100,,,,,,,,,,,,,,,,
2026-07-05T05:00:35.361956+00:00,2026-07-05T05:00:35.361848,2,2,138.4,0.2,138.3,53,138.0,150,,,,,,,,,,,,,,,,,138.5,150,138.8,100,,,,,,,,,,,,,,,,
2026-07-05T05:00:35.426951+00:00,2026-07-05T05:00:35.426829,1,1,138.25,0.5,138.0,150,,,,,,,,,,,,,,,,,,,138.5,150,,,,,,,,,,,,,,,,,,
2026-07-05T05:00:35.482106+00:00,2026-07-05T05:00:35.482008,2,1,138.3,0.4,138.1,100,138.0,150,,,,,,,,,,,,,,,,,138.5,150,,,,,,,,,,,,,,,,,,
2026-07-05T05:00:35.532932+00:00,2026-07-05T05:00:35.533107,2,2,138.3,0.4,138.1,100,138.0,150,,,,,,,,,,,,,,,,,138.5,150,138.6,100,,,,,,,,,,,,,,,,
2026-07-05T05:00:36.542299+00:00,2026-07-05T05:00:36.542450,2,2,138.3,0.4,138.1,50,138.0,150,,,,,,,,,,,,,,,,,138.5,150,138.6,100,,,,,,,,,,,,,,,,
2026-07-05T05:00:38.228411+00:00,2026-07-05T05:00:38.228292,1,1,138.35,0.5,138.1,50,,,,,,,,,,,,,,,,,,,138.6,100,,,,,,,,,,,,,,,,,,
2026-07-05T05:00:38.283910+00:00,2026-07-05T05:00:38.284004,2,1,138.35,0.5,138.1,50,137.9,150,,,,,,,,,,,,,,,,,138.6,100,,,,,,,,,,,,,,,,,,
2026-07-05T05:00:38.369378+00:00,2026-07-05T05:00:38.369217,2,2,138.25,0.3,138.1,50,137.9,150,,,,,,,,,,,,,,,,,138.4,150,138.6,100,,,,,,,,,,,,,,,,
2026-07-05T05:00:38.591616+00:00,2026-07-05T05:00:38.591522,1,1,138.15,0.5,137.9,150,,,,,,,,,,,,,,,,,,,138.4,150,,,,,,,,,,,,,,,,,,
2026-07-05T05:00:38.633213+00:00,2026-07-05T05:00:38.633011,1,1,138.15,0.5,137.9,150,,,,,,,,,,,,,,,,,,,138.4,106,,,,,,,,,,,,,,,,,,
2026-07-05T05:00:38.643626+00:00,2026-07-05T05:00:38.643453,1,1,138.15,0.5,137.9,100,,,,,,,,,,,,,,,,,,,138.4,106,,,,,,,,,,,,,,,,,,
2026-07-05T05:00:38.648824+00:00,2026-07-05T05:00:38.648716,2,1,138.15,0.5,137.9,100,137.8,100,,,,,,,,,,,,,,,,,138.4,106,,,,,,,,,,,,,,,,,,
2026-07-05T05:00:38.713602+00:00,2026-07-05T05:00:38.707301,2,2,138.1,0.4,137.9,100,137.8,100,,,,,,,,,,,,,,,,,138.3,89,138.4,106,,,,,,,,,,,,,,,,
2026-07-05T05:00:40.780086+00:00,2026-07-05T05:00:40.780004,2,2,138.1,0.4,137.9,50,137.8,100,,,,,,,,,,,,,,,,,138.3,89,138.4,106,,,,,,,,,,,,,,,,
2026-07-05T05:00:40.785385+00:00,2026-07-05T05:00:40.785226,2,2,138.1,0.4,137.9,10,137.8,100,,,,,,,,,,,,,,,,,138.3,89,138.4,106,,,,,,,,,,,,,,,,
2026-07-05T05:00:41.426746+00:00,2026-07-05T05:00:41.426875,1,1,138.05,0.5,137.8,100,,,,,,,,,,,,,,,,,,,138.3,89,,,,,,,,,,,,,,,,,,
2026-07-05T05:00:41.482628+00:00,2026-07-05T05:00:41.482564,2,1,138.05,0.5,137.8,100,137.2,150,,,,,,,,,,,,,,,,,138.3,89,,,,,,,,,,,,,,,,,,
2026-07-05T05:00:41.547790+00:00,2026-07-05T05:00:41.540839,1,2,137.45,0.5,137.2,150,,,,,,,,,,,,,,,,,,,137.7,15,138.3,89,,,,,,,,,,,,,,,,
2026-07-05T05:00:41.758589+00:00,2026-07-05T05:00:41.758244,1,1,137.45,0.5,137.2,150,,,,,,,,,,,,,,,,,,,137.7,15,,,,,,,,,,,,,,,,,,
2026-07-05T05:00:41.813936+00:00,2026-07-05T05:00:41.813789,1,1,137.45,0.5,137.2,250,,,,,,,,,,,,,,,,,,,137.7,15,,,,,,,,,,,,,,,,,,
2026-07-05T05:00:41.867906+00:00,2026-07-05T05:00:41.868104,1,1,137.45,0.5,137.2,250,,,,,,,,,,,,,,,,,,,137.7,115,,,,,,,,,,,,,,,,,,
2026-07-05T05:00:42.891075+00:00,2026-07-05T05:00:42.891001,1,1,137.45,0.5,137.2,200,,,,,,,,,,,,,,,,,,,137.7,115,,,,,,,,,,,,,,,,,,
2026-07-05T05:00:44.593409+00:00,2026-07-05T05:00:44.593592,1,1,137.45,0.5,137.2,100,,,,,,,,,,,,,,,,,,,137.7,100,,,,,,,,,,,,,,,,,,
2026-07-05T05:00:44.649544+00:00,2026-07-05T05:00:44.649478,2,1,137.6,0.2,137.5,150,137.2,100,,,,,,,,,,,,,,,,,137.7,100,,,,,,,,,,,,,,,,,,
2026-07-05T05:00:44.702323+00:00,2026-07-05T05:00:44.702221,2,2,137.6,0.2,137.5,150,137.2,100,,,,,,,,,,,,,,,,,137.7,100,138.0,150,,,,,,,,,,,,,,,,
2026-07-05T05:00:44.923430+00:00,2026-07-05T05:00:44.923341,1,1,137.75,0.5,137.5,150,,,,,,,,,,,,,,,,,,,138.0,150,,,,,,,,,,,,,,,,,,
2026-07-05T05:00:44.977104+00:00,2026-07-05T05:00:44.977042,2,1,137.75,0.5,137.5,150,137.1,100,,,,,,,,,,,,,,,,,138.0,150,,,,,,,,,,,,,,,,,,
2026-07-05T05:00:45.002137+00:00,2026-07-05T05:00:45.001984,2,1,137.75,0.5,137.5,100,137.1,100,,,,,,,,,,,,,,,,,138.0,150,,,,,,,,,,,,,,,,,,
2026-07-05T05:00:45.038953+00:00,2026-07-05T05:00:45.038816,2,2,137.55,0.1,137.5,100,137.1,100,,,,,,,,,,,,,,,,,137.6,100,138.0,150,,,,,,,,,,,,,,,,
2026-07-05T05:00:45.445607+00:00,2026-07-05T05:00:45.439694,2,2,137.55,0.1,137.5,100,137.1,100,,,,,,,,,,,,,,,,,137.6,86,138.0,150,,,,,,,,,,,,,,,,
2026-07-05T05:00:45.458676+00:00,2026-07-05T05:00:45.456015,2,2,137.55,0.1,137.5,100,137.1,100,,,,,,,,,,,,,,,,,137.6,43,138.0,150,,,,,,,,,,,,,,,,
2026-07-05T05:00:45.980097+00:00,2026-07-05T05:00:45.980056,2,1,137.75,0.5,137.5,100,137.1,100,,,,,,,,,,,,,,,,,138.0,148,,,,,,,,,,,,,,,,,,
2026-07-05T05:00:47.112237+00:00,2026-07-05T05:00:47.112173,2,1,137.75,0.5,137.5,50,137.1,100,,,,,,,,,,,,,,,,,138.0,148,,,,,,,,,,,,,,,,,,
2026-07-05T05:00:47.758608+00:00,2026-07-05T05:00:47.757404,1,0,,,137.1,100,,,,,,,,,,,,,,,,,,,,,,,,,,,,,,,,,,,,,,
2026-07-05T05:00:47.813184+00:00,2026-07-05T05:00:47.813112,2,0,,,137.1,100,136.9,150,,,,,,,,,,,,,,,,,,,,,,,,,,,,,,,,,,,,
2026-07-05T05:00:47.866784+00:00,2026-07-05T05:00:47.866678,2,1,137.25,0.3,137.1,100,136.9,150,,,,,,,,,,,,,,,,,137.4,150,,,,,,,,,,,,,,,,,,
2026-07-05T05:00:48.093055+00:00,2026-07-05T05:00:48.093001,1,1,137.15,0.5,136.9,150,,,,,,,,,,,,,,,,,,,137.4,150,,,,,,,,,,,,,,,,,,
2026-07-05T05:00:48.147679+00:00,2026-07-05T05:00:48.147571,1,1,137.15,0.5,136.9,150,,,,,,,,,,,,,,,,,,,137.4,50,,,,,,,,,,,,,,,,,,
2026-07-05T05:00:48.200684+00:00,2026-07-05T05:00:48.200601,1,2,137.15,0.5,136.9,150,,,,,,,,,,,,,,,,,,,137.4,50,137.9,100,,,,,,,,,,,,,,,,
2026-07-05T05:00:48.757452+00:00,2026-07-05T05:00:48.757647,1,2,137.15,0.5,136.9,150,,,,,,,,,,,,,,,,,,,137.4,1,137.9,100,,,,,,,,,,,,,,,,
2026-07-05T05:00:49.214943+00:00,2026-07-05T05:00:49.214866,1,2,137.15,0.5,136.9,100,,,,,,,,,,,,,,,,,,,137.4,1,137.9,100,,,,,,,,,,,,,,,,
2026-07-05T05:00:50.922205+00:00,2026-07-05T05:00:50.922144,0,1,,,,,,,,,,,,,,,,,,,,,,,137.9,100,,,,,,,,,,,,,,,,,,
2026-07-05T05:00:50.976307+00:00,2026-07-05T05:00:50.976392,1,1,137.8,0.2,137.7,150,,,,,,,,,,,,,,,,,,,137.9,100,,,,,,,,,,,,,,,,,,
2026-07-05T05:00:51.029234+00:00,2026-07-05T05:00:51.029201,1,2,137.8,0.2,137.7,150,,,,,,,,,,,,,,,,,,,137.9,100,138.2,150,,,,,,,,,,,,,,,,
2026-07-05T05:00:51.201891+00:00,2026-07-05T05:00:51.201774,1,2,137.8,0.2,137.7,104,,,,,,,,,,,,,,,,,,,137.9,100,138.2,150,,,,,,,,,,,,,,,,
2026-07-05T05:00:51.264081+00:00,2026-07-05T05:00:51.263939,1,1,137.95,0.5,137.7,104,,,,,,,,,,,,,,,,,,,138.2,150,,,,,,,,,,,,,,,,,,
2026-07-05T05:00:51.310329+00:00,2026-07-05T05:00:51.310478,2,1,137.95,0.5,137.7,104,137.3,100,,,,,,,,,,,,,,,,,138.2,150,,,,,,,,,,,,,,,,,,
2026-07-05T05:00:51.321030+00:00,2026-07-05T05:00:51.320973,2,1,137.95,0.5,137.7,54,137.3,100,,,,,,,,,,,,,,,,,138.2,150,,,,,,,,,,,,,,,,,,
2026-07-05T05:00:51.364065+00:00,2026-07-05T05:00:51.363867,2,2,137.75,0.1,137.7,54,137.3,100,,,,,,,,,,,,,,,,,137.8,100,138.2,150,,,,,,,,,,,,,,,,
2026-07-05T05:00:53.431043+00:00,2026-07-05T05:00:53.430920,2,2,137.75,0.1,137.7,4,137.3,100,,,,,,,,,,,,,,,,,137.8,100,138.2,150,,,,,,,,,,,,,,,,
2026-07-05T05:00:54.101841+00:00,2026-07-05T05:00:54.101773,1,1,137.55,0.5,137.3,100,,,,,,,,,,,,,,,,,,,137.8,100,,,,,,,,,,,,,,,,,,
2026-07-05T05:00:54.158570+00:00,2026-07-05T05:00:54.153036,2,1,137.55,0.5,137.3,100,137.1,150,,,,,,,,,,,,,,,,,137.8,100,,,,,,,,,,,,,,,,,,
2026-07-05T05:00:54.214642+00:00,2026-07-05T05:00:54.214580,2,2,137.45,0.3,137.3,100,137.1,150,,,,,,,,,,,,,,,,,137.6,150,137.8,100,,,,,,,,,,,,,,,,
2026-07-05T05:00:54.417179+00:00,2026-07-05T05:00:54.417139,2,1,137.45,0.3,137.3,100,137.1,150,,,,,,,,,,,,,,,,,137.6,150,,,,,,,,,,,,,,,,,,
2026-07-05T05:00:54.422488+00:00,2026-07-05T05:00:54.422329,1,1,137.35,0.5,137.1,150,,,,,,,,,,,,,,,,,,,137.6,150,,,,,,,,,,,,,,,,,,
2026-07-05T05:00:54.471809+00:00,2026-07-05T05:00:54.471785,2,1,137.45,0.3,137.3,100,137.1,150,,,,,,,,,,,,,,,,,137.6,150,,,,,,,,,,,,,,,,,,
2026-07-05T05:00:54.527359+00:00,2026-07-05T05:00:54.527278,2,2,137.45,0.3,137.3,100,137.1,150,,,,,,,,,,,,,,,,,137.6,150,137.8,100,,,,,,,,,,,,,,,,
2026-07-05T05:00:55.489995+00:00,2026-07-05T05:00:55.490114,2,2,137.45,0.3,137.3,54,137.1,150,,,,,,,,,,,,,,,,,137.6,150,137.8,100,,,,,,,,,,,,,,,,
2026-07-05T05:00:55.539401+00:00,2026-07-05T05:00:55.539351,2,2,137.45,0.3,137.3,4,137.1,150,,,,,,,,,,,,,,,,,137.6,150,137.8,100,,,,,,,,,,,,,,,,
2026-07-05T05:00:56.113027+00:00,2026-07-05T05:00:56.112878,2,2,137.45,0.3,137.3,4,137.1,150,,,,,,,,,,,,,,,,,137.6,109,137.8,100,,,,,,,,,,,,,,,,
2026-07-05T05:00:57.268642+00:00,2026-07-05T05:00:57.268547,1,1,137.55,0.5,137.3,4,,,,,,,,,,,,,,,,,,,137.8,100,,,,,,,,,,,,,,,,,,
2026-07-05T05:00:57.323004+00:00,2026-07-05T05:00:57.322939,2,1,137.6,0.4,137.4,150,137.3,4,,,,,,,,,,,,,,,,,137.8,100,,,,,,,,,,,,,,,,,,
2026-07-05T05:00:57.376482+00:00,2026-07-05T05:00:57.376321,2,2,137.6,0.4,137.4,150,137.3,4,,,,,,,,,,,,,,,,,137.8,100,137.9,150,,,,,,,,,,,,,,,,
2026-07-05T05:00:57.583726+00:00,2026-07-05T05:00:57.583624,1,1,137.65,0.5,137.4,150,,,,,,,,,,,,,,,,,,,137.9,150,,,,,,,,,,,,,,,,,,
2026-07-05T05:00:57.635820+00:00,2026-07-05T05:00:57.635782,2,1,137.65,0.5,137.4,150,137.2,100,,,,,,,,,,,,,,,,,137.9,150,,,,,,,,,,,,,,,,,,
2026-07-05T05:00:57.646294+00:00,2026-07-05T05:00:57.646217,2,1,137.65,0.5,137.4,100,137.2,100,,,,,,,,,,,,,,,,,137.9,150,,,,,,,,,,,,,,,,,,
2026-07-05T05:00:57.699109+00:00,2026-07-05T05:00:57.686238,2,2,137.55,0.3,137.4,100,137.2,100,,,,,,,,,,,,,,,,,137.7,100,137.9,150,,,,,,,,,,,,,,,,
2026-07-05T05:00:59.041299+00:00,2026-07-05T05:00:59.041438,2,2,137.55,0.3,137.4,100,137.2,100,,,,,,,,,,,,,,,,,137.7,51,137.9,150,,,,,,,,,,,,,,,,
2026-07-05T05:01:00.428472+00:00,2026-07-05T05:01:00.428395,2,1,137.55,0.3,137.4,100,137.2,100,,,,,,,,,,,,,,,,,137.7,51,,,,,,,,,,,,,,,,,,
2026-07-05T05:01:00.433710+00:00,2026-07-05T05:01:00.433567,1,1,137.45,0.5,137.2,100,,,,,,,,,,,,,,,,,,,137.7,51,,,,,,,,,,,,,,,,,,
2026-07-05T05:01:00.487342+00:00,2026-07-05T05:01:00.487446,2,1,137.45,0.5,137.2,100,136.6,150,,,,,,,,,,,,,,,,,137.7,51,,,,,,,,,,,,,,,,,,
2026-07-05T05:01:00.542784+00:00,2026-07-05T05:01:00.542593,1,2,136.85,0.5,136.6,150,,,,,,,,,,,,,,,,,,,137.1,50,137.7,51,,,,,,,,,,,,,,,,
2026-07-05T05:01:00.758747+00:00,2026-07-05T05:01:00.756658,1,1,136.85,0.5,136.6,150,,,,,,,,,,,,,,,,,,,137.1,50,,,,,,,,,,,,,,,,,,
2026-07-05T05:01:00.817367+00:00,2026-07-05T05:01:00.817520,2,1,136.85,0.5,136.6,150,136.5,100,,,,,,,,,,,,,,,,,137.1,50,,,,,,,,,,,,,,,,,,
2026-07-05T05:01:00.870979+00:00,2026-07-05T05:01:00.870814,2,2,136.8,0.4,136.6,150,136.5,100,,,,,,,,,,,,,,,,,137.0,100,137.1,50,,,,,,,,,,,,,,,,
2026-07-05T05:01:01.209429+00:00,2026-07-05T05:01:01.202409,2,2,136.8,0.4,136.6,150,136.5,100,,,,,,,,,,,,,,,,,137.0,86,137.1,50,,,,,,,,,,,,,,,,
2026-07-05T05:01:01.810207+00:00,2026-07-05T05:01:01.810025,2,2,136.8,0.4,136.6,150,136.5,100,,,,,,,,,,,,,,,,,137.0,36,137.1,50,,,,,,,,,,,,,,,,
2026-07-05T05:01:02.177122+00:00,2026-07-05T05:01:02.177084,2,1,136.85,0.5,136.6,150,136.5,100,,,,,,,,,,,,,,,,,137.1,41,,,,,,,,,,,,,,,,,,
2026-07-05T05:01:03.598824+00:00,2026-07-05T05:01:03.598695,1,0,,,136.5,100,,,,,,,,,,,,,,,,,,,,,,,,,,,,,,,,,,,,,,
2026-07-05T05:01:03.655837+00:00,2026-07-05T05:01:03.655656,2,0,,,137.3,150,136.5,100,,,,,,,,,,,,,,,,,,,,,,,,,,,,,,,,,,,,
2026-07-05T05:01:03.719567+00:00,2026-07-05T05:01:03.713781,2,1,137.55,0.5,137.3,139,136.5,100,,,,,,,,,,,,,,,,,137.8,150,,,,,,,,,,,,,,,,,,
2026-07-05T05:01:03.921117+00:00,2026-07-05T05:01:03.921085,1,1,137.55,0.5,137.3,139,,,,,,,,,,,,,,,,,,,137.8,150,,,,,,,,,,,,,,,,,,
2026-07-05T05:01:03.978659+00:00,2026-07-05T05:01:03.978744,2,1,137.55,0.5,137.3,139,137.2,100,,,,,,,,,,,,,,,,,137.8,150,,,,,,,,,,,,,,,,,,
2026-07-05T05:01:04.028267+00:00,2026-07-05T05:01:04.028435,2,2,137.5,0.4,137.3,139,137.2,100,,,,,,,,,,,,,,,,,137.7,100,137.8,150,,,,,,,,,,,,,,,,
2026-07-05T05:01:04.278179+00:00,2026-07-05T05:01:04.278143,2,2,137.5,0.4,137.3,93,137.2,100,,,,,,,,,,,,,,,,,137.7,100,137.8,150,,,,,,,,,,,,,,,,
2026-07-05T05:01:06.031212+00:00,2026-07-05T05:01:06.031155,2,2,137.5,0.4,137.3,93,137.2,100,,,,,,,,,,,,,,,,,137.7,50,137.8,150,,,,,,,,,,,,,,,,
2026-07-05T05:01:06.458589+00:00,2026-07-05T05:01:06.456075,2,2,137.5,0.4,137.3,53,137.2,100,,,,,,,,,,,,,,,,,137.7,50,137.8,150,,,,,,,,,,,,,,,,
2026-07-05T05:01:06.763970+00:00,2026-07-05T05:01:06.763940,1,1,137.45,0.5,137.2,100,,,,,,,,,,,,,,,,,,,137.7,50,,,,,,,,,,,,,,,,,,
2026-07-05T05:01:06.819663+00:00,2026-07-05T05:01:06.819619,2,1,137.45,0.5,137.2,100,137.1,150,,,,,,,,,,,,,,,,,137.7,50,,,,,,,,,,,,,,,,,,
2026-07-05T05:01:06.871531+00:00,2026-07-05T05:01:06.871745,2,2,137.4,0.4,137.2,100,137.1,150,,,,,,,,,,,,,,,,,137.6,150,137.7,50,,,,,,,,,,,,,,,,
2026-07-05T05:01:07.085430+00:00,2026-07-05T05:01:07.085639,1,1,137.35,0.5,137.1,150,,,,,,,,,,,,,,,,,,,137.6,150,,,,,,,,,,,,,,,,,,
2026-07-05T05:01:07.138834+00:00,2026-07-05T05:01:07.138768,2,1,137.45,0.3,137.3,100,137.1,150,,,,,,,,,,,,,,,,,137.6,150,,,,,,,,,,,,,,,,,,
2026-07-05T05:01:07.196485+00:00,2026-07-05T05:01:07.196390,2,2,137.45,0.3,137.3,100,137.1,150,,,,,,,,,,,,,,,,,137.6,150,137.8,100,,,,,,,,,,,,,,,,
2026-07-05T05:01:08.103415+00:00,2026-07-05T05:01:08.103333,2,2,137.45,0.3,137.3,100,137.1,150,,,,,,,,,,,,,,,,,137.6,101,137.8,100,,,,,,,,,,,,,,,,
2026-07-05T05:01:08.138260+00:00,2026-07-05T05:01:08.138231,2,2,137.45,0.3,137.3,100,137.1,150,,,,,,,,,,,,,,,,,137.6,51,137.8,100,,,,,,,,,,,,,,,,
2026-07-05T05:01:09.927913+00:00,2026-07-05T05:01:09.928071,1,1,137.55,0.5,137.3,100,,,,,,,,,,,,,,,,,,,137.8,100,,,,,,,,,,,,,,,,,,
2026-07-05T05:01:09.986959+00:00,2026-07-05T05:01:09.986912,2,1,137.6,0.4,137.4,150,137.3,100,,,,,,,,,,,,,,,,,137.8,100,,,,,,,,,,,,,,,,,,
2026-07-05T05:01:10.037567+00:00,2026-07-05T05:01:10.037432,2,2,137.6,0.4,137.4,150,137.3,100,,,,,,,,,,,,,,,,,137.8,100,137.9,150,,,,,,,,,,,,,,,,
2026-07-05T05:01:10.247938+00:00,2026-07-05T05:01:10.247913,1,1,137.65,0.5,137.4,150,,,,,,,,,,,,,,,,,,,137.9,150,,,,,,,,,,,,,,,,,,
2026-07-05T05:01:10.304666+00:00,2026-07-05T05:01:10.304564,1,1,137.65,0.5,137.4,250,,,,,,,,,,,,,,,,,,,137.9,150,,,,,,,,,,,,,,,,,,
2026-07-05T05:01:10.368947+00:00,2026-07-05T05:01:10.357702,1,1,137.65,0.5,137.4,250,,,,,,,,,,,,,,,,,,,137.9,250,,,,,,,,,,,,,,,,,,
2026-07-05T05:01:11.109614+00:00,2026-07-05T05:01:11.102920,1,1,137.65,0.5,137.4,247,,,,,,,,,,,,,,,,,,,137.9,250,,,,,,,,,,,,,,,,,,
2026-07-05T05:01:12.363988+00:00,2026-07-05T05:01:12.363878,1,1,137.65,0.5,137.4,247,,,,,,,,,,,,,,,,,,,137.9,200,,,,,,,,,,,,,,,,,,
2026-07-05T05:01:12.734929+00:00,2026-07-05T05:01:12.734837,1,1,137.65,0.5,137.4,198,,,,,,,,,,,,,,,,,,,137.9,200,,,,,,,,,,,,,,,,,,
2026-07-05T05:01:13.093969+00:00,2026-07-05T05:01:13.093872,1,1,137.65,0.5,137.4,100,,,,,,,,,,,,,,,,,,,137.9,100,,,,,,,,,,,,,,,,,,
2026-07-05T05:01:13.158669+00:00,2026-07-05T05:01:13.146229,1,1,137.65,0.5,137.4,250,,,,,,,,,,,,,,,,,,,137.9,100,,,,,,,,,,,,,,,,,,
2026-07-05T05:01:13.207731+00:00,2026-07-05T05:01:13.207536,1,1,137.65,0.5,137.4,250,,,,,,,,,,,,,,,,,,,137.9,250,,,,,,,,,,,,,,,,,,
2026-07-05T05:01:13.412950+00:00,2026-07-05T05:01:13.412813,1,1,137.65,0.5,137.4,150,,,,,,,,,,,,,,,,,,,137.9,150,,,,,,,,,,,,,,,,,,
2026-07-05T05:01:13.479272+00:00,2026-07-05T05:01:13.468911,1,1,137.65,0.5,137.4,250,,,,,,,,,,,,,,,,,,,137.9,150,,,,,,,,,,,,,,,,,,
2026-07-05T05:01:13.516481+00:00,2026-07-05T05:01:13.516691,1,1,137.65,0.5,137.4,250,,,,,,,,,,,,,,,,,,,137.9,250,,,,,,,,,,,,,,,,,,
2026-07-05T05:01:14.459922+00:00,2026-07-05T05:01:14.460049,1,1,137.65,0.5,137.4,250,,,,,,,,,,,,,,,,,,,137.9,200,,,,,,,,,,,,,,,,,,
2026-07-05T05:01:14.858674+00:00,2026-07-05T05:01:14.851196,1,1,137.65,0.5,137.4,210,,,,,,,,,,,,,,,,,,,137.9,200,,,,,,,,,,,,,,,,,,
2026-07-05T05:01:16.258596+00:00,2026-07-05T05:01:16.255774,1,1,137.65,0.5,137.4,100,,,,,,,,,,,,,,,,,,,137.9,100,,,,,,,,,,,,,,,,,,
2026-07-05T05:01:16.318868+00:00,2026-07-05T05:01:16.318971,2,1,137.65,0.5,137.4,100,137.3,150,,,,,,,,,,,,,,,,,137.9,100,,,,,,,,,,,,,,,,,,
2026-07-05T05:01:16.369728+00:00,2026-07-05T05:01:16.369626,2,2,137.6,0.4,137.4,100,137.3,150,,,,,,,,,,,,,,,,,137.8,150,137.9,54,,,,,,,,,,,,,,,,
2026-07-05T05:01:16.570368+00:00,2026-07-05T05:01:16.570334,2,1,137.6,0.4,137.4,100,137.3,150,,,,,,,,,,,,,,,,,137.8,100,,,,,,,,,,,,,,,,,,
2026-07-05T05:01:16.575601+00:00,2026-07-05T05:01:16.575483,1,1,137.55,0.5,137.3,150,,,,,,,,,,,,,,,,,,,137.8,100,,,,,,,,,,,,,,,,,,
2026-07-05T05:01:16.626866+00:00,2026-07-05T05:01:16.626785,2,1,137.6,0.4,137.4,100,137.3,150,,,,,,,,,,,,,,,,,137.8,100,,,,,,,,,,,,,,,,,,
2026-07-05T05:01:16.683328+00:00,2026-07-05T05:01:16.683182,2,2,137.6,0.4,137.4,100,137.3,150,,,,,,,,,,,,,,,,,137.8,100,137.9,100,,,,,,,,,,,,,,,,
2026-07-05T05:01:16.872203+00:00,2026-07-05T05:01:16.872100,2,2,137.6,0.4,137.4,53,137.3,150,,,,,,,,,,,,,,,,,137.8,100,137.9,100,,,,,,,,,,,,,,,,
2026-07-05T05:01:17.966500+00:00,2026-07-05T05:01:17.966468,2,2,137.6,0.4,137.4,53,137.3,150,,,,,,,,,,,,,,,,,137.8,58,137.9,100,,,,,,,,,,,,,,,,
2026-07-05T05:01:18.020794+00:00,2026-07-05T05:01:18.020688,2,2,137.6,0.4,137.4,4,137.3,150,,,,,,,,,,,,,,,,,137.8,58,137.9,100,,,,,,,,,,,,,,,,
2026-07-05T05:01:18.507623+00:00,2026-07-05T05:01:18.507494,2,2,137.6,0.4,137.4,4,137.3,150,,,,,,,,,,,,,,,,,137.8,14,137.9,100,,,,,,,,,,,,,,,,
2026-07-05T05:01:18.677509+00:00,2026-07-05T05:01:18.677436,2,1,137.65,0.5,137.4,4,137.3,150,,,,,,,,,,,,,,,,,137.9,64,,,,,,,,,,,,,,,,,,
2026-07-05T05:01:19.426089+00:00,2026-07-05T05:01:19.425979,1,1,137.65,0.5,137.4,4,,,,,,,,,,,,,,,,,,,137.9,64,,,,,,,,,,,,,,,,,,
2026-07-05T05:01:19.523253+00:00,2026-07-05T05:01:19.516036,2,1,137.85,0.1,137.8,124,137.4,4,,,,,,,,,,,,,,,,,137.9,64,,,,,,,,,,,,,,,,,,
2026-07-05T05:01:19.538846+00:00,2026-07-05T05:01:19.538675,2,2,137.85,0.1,137.8,124,137.4,4,,,,,,,,,,,,,,,,,137.9,64,138.3,150,,,,,,,,,,,,,,,,
2026-07-05T05:01:19.559580+00:00,2026-07-05T05:01:19.559512,2,2,137.85,0.1,137.8,82,137.4,4,,,,,,,,,,,,,,,,,137.9,64,138.3,150,,,,,,,,,,,,,,,,
2026-07-05T05:01:19.735972+00:00,2026-07-05T05:01:19.735889,1,1,138.05,0.5,137.8,82,,,,,,,,,,,,,,,,,,,138.3,150,,,,,,,,,,,,,,,,,,
2026-07-05T05:01:19.792573+00:00,2026-07-05T05:01:19.792454,2,1,138.05,0.5,137.8,82,137.3,100,,,,,,,,,,,,,,,,,138.3,150,,,,,,,,,,,,,,,,,,
2026-07-05T05:01:19.852415+00:00,2026-07-05T05:01:19.852218,1,2,137.55,0.5,137.3,100,,,,,,,,,,,,,,,,,,,137.8,18,138.3,150,,,,,,,,,,,,,,,,
2026-07-05T05:01:20.786107+00:00,2026-07-05T05:01:20.785959,1,1,137.8,1.0,137.3,100,,,,,,,,,,,,,,,,,,,138.3,118,,,,,,,,,,,,,,,,,,
2026-07-05T05:01:22.587255+00:00,2026-07-05T05:01:22.587180,1,0,,,137.3,100,,,,,,,,,,,,,,,,,,,,,,,,,,,,,,,,,,,,,,
2026-07-05T05:01:22.640256+00:00,2026-07-05T05:01:22.640146,2,0,,,137.5,150,137.3,100,,,,,,,,,,,,,,,,,,,,,,,,,,,,,,,,,,,,
2026-07-05T05:01:22.693250+00:00,2026-07-05T05:01:22.693170,2,1,137.75,0.5,137.5,150,137.3,100,,,,,,,,,,,,,,,,,138.0,150,,,,,,,,,,,,,,,,,,
2026-07-05T05:01:22.905076+00:00,2026-07-05T05:01:22.901048,1,1,137.75,0.5,137.5,150,,,,,,,,,,,,,,,,,,,138.0,150,,,,,,,,,,,,,,,,,,
2026-07-05T05:01:22.962638+00:00,2026-07-05T05:01:22.962768,2,1,137.8,0.4,137.6,100,137.5,150,,,,,,,,,,,,,,,,,138.0,150,,,,,,,,,,,,,,,,,,
2026-07-05T05:01:23.015611+00:00,2026-07-05T05:01:23.015414,2,2,137.8,0.4,137.6,100,137.5,150,,,,,,,,,,,,,,,,,138.0,150,138.1,100,,,,,,,,,,,,,,,,
2026-07-05T05:01:24.031915+00:00,2026-07-05T05:01:24.031847,2,2,137.8,0.4,137.6,60,137.5,150,,,,,,,,,,,,,,,,,138.0,150,138.1,100,,,,,,,,,,,,,,,,
2026-07-05T05:01:25.750447+00:00,2026-07-05T05:01:25.750236,1,1,137.85,0.5,137.6,60,,,,,,,,,,,,,,,,,,,138.1,100,,,,,,,,,,,,,,,,,,
2026-07-05T05:01:25.801697+00:00,2026-07-05T05:01:25.801589,1,1,137.85,0.5,137.6,210,,,,,,,,,,,,,,,,,,,138.1,100,,,,,,,,,,,,,,,,,,
2026-07-05T05:01:25.858564+00:00,2026-07-05T05:01:25.855141,1,1,137.85,0.5,137.6,210,,,,,,,,,,,,,,,,,,,138.1,250,,,,,,,,,,,,,,,,,,
2026-07-05T05:01:26.070185+00:00,2026-07-05T05:01:26.070115,1,1,137.85,0.5,137.6,150,,,,,,,,,,,,,,,,,,,138.1,150,,,,,,,,,,,,,,,,,,
2026-07-05T05:01:26.121711+00:00,2026-07-05T05:01:26.121627,2,1,137.85,0.5,137.6,150,137.5,100,,,,,,,,,,,,,,,,,138.1,150,,,,,,,,,,,,,,,,,,
2026-07-05T05:01:26.126938+00:00,2026-07-05T05:01:26.126844,2,1,137.85,0.5,137.6,150,137.5,100,,,,,,,,,,,,,,,,,138.1,104,,,,,,,,,,,,,,,,,,
2026-07-05T05:01:26.186540+00:00,2026-07-05T05:01:26.186352,2,2,137.8,0.4,137.6,150,137.5,100,,,,,,,,,,,,,,,,,138.0,100,138.1,104,,,,,,,,,,,,,,,,
2026-07-05T05:01:26.658602+00:00,2026-07-05T05:01:26.656948,2,2,137.8,0.4,137.6,150,137.5,100,,,,,,,,,,,,,,,,,138.0,58,138.1,104,,,,,,,,,,,,,,,,
2026-07-05T05:01:27.683162+00:00,2026-07-05T05:01:27.683073,2,2,137.8,0.4,137.6,106,137.5,100,,,,,,,,,,,,,,,,,138.0,58,138.1,104,,,,,,,,,,,,,,,,
2026-07-05T05:01:28.914699+00:00,2026-07-05T05:01:28.914624,1,1,137.75,0.5,137.5,100,,,,,,,,,,,,,,,,,,,138.0,58,,,,,,,,,,,,,,,,,,
2026-07-05T05:01:28.969558+00:00,2026-07-05T05:01:28.969636,2,1,137.8,0.4,137.6,150,137.5,100,,,,,,,,,,,,,,,,,138.0,58,,,,,,,,,,,,,,,,,,
2026-07-05T05:01:29.022945+00:00,2026-07-05T05:01:29.022862,2,2,137.8,0.4,137.6,150,137.5,100,,,,,,,,,,,,,,,,,138.0,58,138.1,150,,,,,,,,,,,,,,,,
2026-07-05T05:01:29.239575+00:00,2026-07-05T05:01:29.239701,1,1,137.85,0.5,137.6,150,,,,,,,,,,,,,,,,,,,138.1,150,,,,,,,,,,,,,,,,,,
2026-07-05T05:01:29.285312+00:00,2026-07-05T05:01:29.285168,1,1,137.85,0.5,137.6,100,,,,,,,,,,,,,,,,,,,138.1,150,,,,,,,,,,,,,,,,,,
2026-07-05T05:01:29.295770+00:00,2026-07-05T05:01:29.295673,2,1,137.9,0.4,137.7,100,137.6,100,,,,,,,,,,,,,,,,,138.1,150,,,,,,,,,,,,,,,,,,
2026-07-05T05:01:29.347491+00:00,2026-07-05T05:01:29.347573,2,2,137.9,0.4,137.7,100,137.6,100,,,,,,,,,,,,,,,,,138.1,150,138.2,100,,,,,,,,,,,,,,,,
2026-07-05T05:01:29.703333+00:00,2026-07-05T05:01:29.703289,2,2,137.9,0.4,137.7,53,137.6,100,,,,,,,,,,,,,,,,,138.1,150,138.2,100,,,,,,,,,,,,,,,,
2026-07-05T05:01:30.948765+00:00,2026-07-05T05:01:30.948656,2,2,137.9,0.4,137.7,53,137.6,100,,,,,,,,,,,,,,,,,138.1,103,138.2,100,,,,,,,,,,,,,,,,
2026-07-05T05:01:31.386055+00:00,2026-07-05T05:01:31.386006,2,2,137.9,0.4,137.7,3,137.6,100,,,,,,,,,,,,,,,,,138.1,103,138.2,100,,,,,,,,,,,,,,,,
2026-07-05T05:01:32.077686+00:00,2026-07-05T05:01:32.077626,1,1,137.95,0.5,137.7,3,,,,,,,,,,,,,,,,,,,138.2,100,,,,,,,,,,,,,,,,,,
2026-07-05T05:01:32.131172+00:00,2026-07-05T05:01:32.131122,2,1,137.95,0.5,137.7,3,137.5,150,,,,,,,,,,,,,,,,,138.2,100,,,,,,,,,,,,,,,,,,
2026-07-05T05:01:32.184722+00:00,2026-07-05T05:01:32.184663,2,2,137.85,0.3,137.7,3,137.5,150,,,,,,,,,,,,,,,,,138.0,150,138.2,100,,,,,,,,,,,,,,,,
2026-07-05T05:01:32.403890+00:00,2026-07-05T05:01:32.403827,1,1,137.75,0.5,137.5,150,,,,,,,,,,,,,,,,,,,138.0,150,,,,,,,,,,,,,,,,,,
2026-07-05T05:01:32.463934+00:00,2026-07-05T05:01:32.463825,2,1,137.75,0.5,137.5,150,137.3,100,,,,,,,,,,,,,,,,,138.0,150,,,,,,,,,,,,,,,,,,
2026-07-05T05:01:32.514328+00:00,2026-07-05T05:01:32.514483,2,2,137.65,0.3,137.5,150,137.3,100,,,,,,,,,,,,,,,,,137.8,100,138.0,150,,,,,,,,,,,,,,,,
2026-07-05T05:01:32.617968+00:00,2026-07-05T05:01:32.618098,2,2,137.65,0.3,137.5,106,137.3,100,,,,,,,,,,,,,,,,,137.8,100,138.0,150,,,,,,,,,,,,,,,,
2026-07-05T05:01:33.519577+00:00,2026-07-05T05:01:33.519755,2,2,137.65,0.3,137.5,56,137.3,100,,,,,,,,,,,,,,,,,137.8,100,138.0,150,,,,,,,,,,,,,,,,
2026-07-05T05:01:35.190358+00:00,2026-07-05T05:01:35.190282,2,2,137.65,0.3,137.5,56,137.3,100,,,,,,,,,,,,,,,,,137.8,59,138.0,150,,,,,,,,,,,,,,,,
2026-07-05T05:01:35.274379+00:00,2026-07-05T05:01:35.274340,1,1,137.55,0.5,137.3,100,,,,,,,,,,,,,,,,,,,137.8,59,,,,,,,,,,,,,,,,,,
2026-07-05T05:01:35.327573+00:00,2026-07-05T05:01:35.327541,2,1,137.55,0.5,137.3,100,137.0,150,,,,,,,,,,,,,,,,,137.8,59,,,,,,,,,,,,,,,,,,
2026-07-05T05:01:35.396555+00:00,2026-07-05T05:01:35.389906,2,2,137.4,0.2,137.3,100,137.0,150,,,,,,,,,,,,,,,,,137.5,138,137.8,59,,,,,,,,,,,,,,,,
2026-07-05T05:01:35.566081+00:00,2026-07-05T05:01:35.565997,2,1,137.4,0.2,137.3,100,137.0,150,,,,,,,,,,,,,,,,,137.5,138,,,,,,,,,,,,,,,,,,
2026-07-05T05:01:35.571257+00:00,2026-07-05T05:01:35.571180,1,1,137.25,0.5,137.0,150,,,,,,,,,,,,,,,,,,,137.5,138,,,,,,,,,,,,,,,,,,
2026-07-05T05:01:35.625125+00:00,2026-07-05T05:01:35.624944,2,1,137.45,0.1,137.4,100,137.0,150,,,,,,,,,,,,,,,,,137.5,138,,,,,,,,,,,,,,,,,,
2026-07-05T05:01:35.635488+00:00,2026-07-05T05:01:35.635410,2,1,137.45,0.1,137.4,50,137.0,150,,,,,,,,,,,,,,,,,137.5,138,,,,,,,,,,,,,,,,,,
2026-07-05T05:01:35.677835+00:00,2026-07-05T05:01:35.677742,2,2,137.45,0.1,137.4,50,137.0,150,,,,,,,,,,,,,,,,,137.5,138,137.9,100,,,,,,,,,,,,,,,,
2026-07-05T05:01:36.536269+00:00,2026-07-05T05:01:36.525376,2,2,137.45,0.1,137.4,50,137.0,150,,,,,,,,,,,,,,,,,137.5,127,137.9,100,,,,,,,,,,,,,,,,
2026-07-05T05:01:37.748835+00:00,2026-07-05T05:01:37.748667,1,2,137.25,0.5,137.0,150,,,,,,,,,,,,,,,,,,,137.5,127,137.9,100,,,,,,,,,,,,,,,,
2026-07-05T05:01:37.921592+00:00,2026-07-05T05:01:37.915523,1,2,137.25,0.5,137.0,150,,,,,,,,,,,,,,,,,,,137.5,124,137.9,100,,,,,,,,,,,,,,,,
2026-07-05T05:01:38.439298+00:00,2026-07-05T05:01:38.439256,0,1,,,,,,,,,,,,,,,,,,,,,,,137.9,100,,,,,,,,,,,,,,,,,,
2026-07-05T05:01:38.495230+00:00,2026-07-05T05:01:38.495119,1,1,137.55,0.7,137.2,150,,,,,,,,,,,,,,,,,,,137.9,100,,,,,,,,,,,,,,,,,,
2026-07-05T05:01:38.549506+00:00,2026-07-05T05:01:38.549379,1,2,137.45,0.5,137.2,150,,,,,,,,,,,,,,,,,,,137.7,150,137.9,100,,,,,,,,,,,,,,,,
2026-07-05T05:01:38.727776+00:00,2026-07-05T05:01:38.727743,1,1,137.45,0.5,137.2,150,,,,,,,,,,,,,,,,,,,137.7,150,,,,,,,,,,,,,,,,,,
2026-07-05T05:01:38.785708+00:00,2026-07-05T05:01:38.785594,1,1,137.45,0.5,137.2,250,,,,,,,,,,,,,,,,,,,137.7,150,,,,,,,,,,,,,,,,,,
2026-07-05T05:01:38.840394+00:00,2026-07-05T05:01:38.840338,1,1,137.45,0.5,137.2,250,,,,,,,,,,,,,,,,,,,137.7,250,,,,,,,,,,,,,,,,,,
2026-07-05T05:01:39.858594+00:00,2026-07-05T05:01:39.849614,1,1,137.45,0.5,137.2,200,,,,,,,,,,,,,,,,,,,137.7,250,,,,,,,,,,,,,,,,,,
2026-07-05T05:01:41.603106+00:00,2026-07-05T05:01:41.603073,1,1,137.45,0.5,137.2,100,,,,,,,,,,,,,,,,,,,137.7,100,,,,,,,,,,,,,,,,,,
2026-07-05T05:01:41.660895+00:00,2026-07-05T05:01:41.660740,2,1,137.5,0.4,137.3,150,137.2,100,,,,,,,,,,,,,,,,,137.7,100,,,,,,,,,,,,,,,,,,
2026-07-05T05:01:41.714446+00:00,2026-07-05T05:01:41.714407,2,2,137.5,0.4,137.3,150,137.2,100,,,,,,,,,,,,,,,,,137.7,100,137.8,150,,,,,,,,,,,,,,,,
2026-07-05T05:01:41.929334+00:00,2026-07-05T05:01:41.929251,1,1,137.55,0.5,137.3,150,,,,,,,,,,,,,,,,,,,137.8,150,,,,,,,,,,,,,,,,,,
2026-07-05T05:01:41.984797+00:00,2026-07-05T05:01:41.984723,1,1,137.55,0.5,137.3,100,,,,,,,,,,,,,,,,,,,137.8,150,,,,,,,,,,,,,,,,,,
2026-07-05T05:01:41.990069+00:00,2026-07-05T05:01:41.989918,2,1,137.55,0.5,137.3,100,137.2,100,,,,,,,,,,,,,,,,,137.8,150,,,,,,,,,,,,,,,,,,
2026-07-05T05:01:42.040484+00:00,2026-07-05T05:01:42.040408,2,2,137.5,0.4,137.3,100,137.2,100,,,,,,,,,,,,,,,,,137.7,100,137.8,150,,,,,,,,,,,,,,,,
2026-07-05T05:01:44.094841+00:00,2026-07-05T05:01:44.094760,2,2,137.5,0.4,137.3,50,137.2,100,,,,,,,,,,,,,,,,,137.7,100,137.8,150,,,,,,,,,,,,,,,,
2026-07-05T05:01:44.770616+00:00,2026-07-05T05:01:44.770582,1,1,137.45,0.5,137.2,100,,,,,,,,,,,,,,,,,,,137.7,100,,,,,,,,,,,,,,,,,,
2026-07-05T05:01:44.826608+00:00,2026-07-05T05:01:44.826483,2,1,137.45,0.5,137.2,100,136.6,150,,,,,,,,,,,,,,,,,137.7,100,,,,,,,,,,,,,,,,,,
2026-07-05T05:01:44.881170+00:00,2026-07-05T05:01:44.881338,1,2,136.85,0.5,136.6,150,,,,,,,,,,,,,,,,,,,137.1,50,137.7,100,,,,,,,,,,,,,,,,
2026-07-05T05:01:44.892353+00:00,2026-07-05T05:01:44.886154,1,2,136.85,0.5,136.6,150,,,,,,,,,,,,,,,,,,,137.1,47,137.7,100,,,,,,,,,,,,,,,,
2026-07-05T05:01:44.991191+00:00,2026-07-05T05:01:44.984984,1,2,136.85,0.5,136.6,150,,,,,,,,,,,,,,,,,,,137.1,36,137.7,100,,,,,,,,,,,,,,,,
2026-07-05T05:01:45.096343+00:00,2026-07-05T05:01:45.096237,1,1,136.85,0.5,136.6,150,,,,,,,,,,,,,,,,,,,137.1,36,,,,,,,,,,,,,,,,,,
2026-07-05T05:01:45.158635+00:00,2026-07-05T05:01:45.152686,2,1,137.0,0.2,136.9,100,136.6,150,,,,,,,,,,,,,,,,,137.1,36,,,,,,,,,,,,,,,,,,
2026-07-05T05:01:45.216374+00:00,2026-07-05T05:01:45.205861,2,2,137.0,0.2,136.9,100,136.6,150,,,,,,,,,,,,,,,,,137.1,36,137.4,100,,,,,,,,,,,,,,,,
2026-07-05T05:01:46.224462+00:00,2026-07-05T05:01:46.224384,2,2,137.0,0.2,136.9,50,136.6,150,,,,,,,,,,,,,,,,,137.1,36,137.4,100,,,,,,,,,,,,,,,,
2026-07-05T05:01:46.229764+00:00,2026-07-05T05:01:46.229647,2,1,137.15,0.5,136.9,50,136.6,150,,,,,,,,,,,,,,,,,137.4,90,,,,,,,,,,,,,,,,,,
2026-07-05T05:01:47.241744+00:00,2026-07-05T05:01:47.241635,2,1,137.15,0.5,136.9,1,136.6,150,,,,,,,,,,,,,,,,,137.4,90,,,,,,,,,,,,,,,,,,
2026-07-05T05:01:47.938634+00:00,2026-07-05T05:01:47.938728,1,1,137.15,0.5,136.9,1,,,,,,,,,,,,,,,,,,,137.4,90,,,,,,,,,,,,,,,,,,
2026-07-05T05:01:47.991012+00:00,2026-07-05T05:01:47.990950,2,1,137.35,0.1,137.3,150,136.9,1,,,,,,,,,,,,,,,,,137.4,90,,,,,,,,,,,,,,,,,,
2026-07-05T05:01:48.045311+00:00,2026-07-05T05:01:48.045238,2,2,137.35,0.1,137.3,150,136.9,1,,,,,,,,,,,,,,,,,137.4,90,137.8,150,,,,,,,,,,,,,,,,
2026-07-05T05:01:48.258590+00:00,2026-07-05T05:01:48.257739,1,1,137.55,0.5,137.3,150,,,,,,,,,,,,,,,,,,,137.8,150,,,,,,,,,,,,,,,,,,
2026-07-05T05:01:48.319208+00:00,2026-07-05T05:01:48.319176,2,1,137.55,0.5,137.3,150,136.6,100,,,,,,,,,,,,,,,,,137.8,150,,,,,,,,,,,,,,,,,,
2026-07-05T05:01:48.329686+00:00,2026-07-05T05:01:48.329587,2,1,137.55,0.5,137.3,100,136.6,100,,,,,,,,,,,,,,,,,137.8,150,,,,,,,,,,,,,,,,,,
2026-07-05T05:01:48.374921+00:00,2026-07-05T05:01:48.374847,1,1,137.2,1.2,136.6,100,,,,,,,,,,,,,,,,,,,137.8,150,,,,,,,,,,,,,,,,,,
2026-07-05T05:01:50.280717+00:00,2026-07-05T05:01:50.280619,1,1,137.2,1.2,136.6,100,,,,,,,,,,,,,,,,,,,137.8,102,,,,,,,,,,,,,,,,,,
2026-07-05T05:01:51.100782+00:00,2026-07-05T05:01:51.100696,1,0,,,136.6,100,,,,,,,,,,,,,,,,,,,,,,,,,,,,,,,,,,,,,,
2026-07-05T05:01:51.158669+00:00,2026-07-05T05:01:51.153931,2,0,,,137.0,150,136.6,100,,,,,,,,,,,,,,,,,,,,,,,,,,,,,,,,,,,,
2026-07-05T05:01:51.203001+00:00,2026-07-05T05:01:51.202962,2,1,137.25,0.5,137.0,150,136.6,100,,,,,,,,,,,,,,,,,137.5,150,,,,,,,,,,,,,,,,,,
2026-07-05T05:01:51.425653+00:00,2026-07-05T05:01:51.425710,1,1,137.25,0.5,137.0,150,,,,,,,,,,,,,,,,,,,137.5,150,,,,,,,,,,,,,,,,,,
2026-07-05T05:01:51.479479+00:00,2026-07-05T05:01:51.479394,1,1,137.25,0.5,137.0,250,,,,,,,,,,,,,,,,,,,137.5,150,,,,,,,,,,,,,,,,,,
2026-07-05T05:01:51.532155+00:00,2026-07-05T05:01:51.532074,1,1,137.25,0.5,137.0,250,,,,,,,,,,,,,,,,,,,137.5,250,,,,,,,,,,,,,,,,,,
2026-07-05T05:01:51.537413+00:00,2026-07-05T05:01:51.537299,1,1,137.25,0.5,137.0,205,,,,,,,,,,,,,,,,,,,137.5,250,,,,,,,,,,,,,,,,,,
2026-07-05T05:01:52.508129+00:00,2026-07-05T05:01:52.507997,1,1,137.25,0.5,137.0,205,,,,,,,,,,,,,,,,,,,137.5,200,,,,,,,,,,,,,,,,,,
2026-07-05T05:01:54.259664+00:00,2026-07-05T05:01:54.259450,1,1,137.25,0.5,137.0,100,,,,,,,,,,,,,,,,,,,137.5,100,,,,,,,,,,,,,,,,,,
2026-07-05T05:01:54.314156+00:00,2026-07-05T05:01:54.314272,2,1,137.3,0.4,137.1,150,137.0,100,,,,,,,,,,,,,,,,,137.5,100,,,,,,,,,,,,,,,,,,
2026-07-05T05:01:54.366402+00:00,2026-07-05T05:01:54.366318,2,2,137.3,0.4,137.1,150,137.0,100,,,,,,,,,,,,,,,,,137.5,100,137.6,150,,,,,,,,,,,,,,,,
2026-07-05T05:01:54.585783+00:00,2026-07-05T05:01:54.585648,2,1,137.35,0.5,137.1,150,137.0,100,,,,,,,,,,,,,,,,,137.6,150,,,,,,,,,,,,,,,,,,
2026-07-05T05:01:54.590733+00:00,2026-07-05T05:01:54.590816,1,1,137.35,0.5,137.1,150,,,,,,,,,,,,,,,,,,,137.6,150,,,,,,,,,,,,,,,,,,
2026-07-05T05:01:54.638138+00:00,2026-07-05T05:01:54.638266,1,1,137.35,0.5,137.1,150,,,,,,,,,,,,,,,,,,,137.6,100,,,,,,,,,,,,,,,,,,
2026-07-05T05:01:54.643674+00:00,2026-07-05T05:01:54.643525,1,1,137.35,0.5,137.1,250,,,,,,,,,,,,,,,,,,,137.6,100,,,,,,,,,,,,,,,,,,
2026-07-05T05:01:54.658659+00:00,2026-07-05T05:01:54.658355,1,1,137.35,0.5,137.1,250,,,,,,,,,,,,,,,,,,,137.6,53,,,,,,,,,,,,,,,,,,
2026-07-05T05:01:54.700193+00:00,2026-07-05T05:01:54.700076,1,1,137.35,0.5,137.1,250,,,,,,,,,,,,,,,,,,,137.6,153,,,,,,,,,,,,,,,,,,
2026-07-05T05:01:56.751069+00:00,2026-07-05T05:01:56.751031,1,1,137.35,0.5,137.1,250,,,,,,,,,,,,,,,,,,,137.6,103,,,,,,,,,,,,,,,,,,
2026-07-05T05:01:57.435511+00:00,2026-07-05T05:01:57.435431,1,1,137.35,0.5,137.1,100,,,,,,,,,,,,,,,,,,,137.6,100,,,,,,,,,,,,,,,,,,
2026-07-05T05:01:57.491360+00:00,2026-07-05T05:01:57.491311,2,0,,,137.7,50,137.1,100,,,,,,,,,,,,,,,,,,,,,,,,,,,,,,,,,,,,
2026-07-05T05:01:57.552687+00:00,2026-07-05T05:01:57.546962,2,1,137.95,0.5,137.7,36,137.1,100,,,,,,,,,,,,,,,,,138.2,150,,,,,,,,,,,,,,,,,,
2026-07-05T05:01:57.606668+00:00,2026-07-05T05:01:57.597693,2,1,137.95,0.5,137.7,33,137.1,100,,,,,,,,,,,,,,,,,138.2,150,,,,,,,,,,,,,,,,,,
2026-07-05T05:01:57.752899+00:00,2026-07-05T05:01:57.752866,1,1,137.95,0.5,137.7,33,,,,,,,,,,,,,,,,,,,138.2,150,,,,,,,,,,,,,,,,,,
2026-07-05T05:01:57.808182+00:00,2026-07-05T05:01:57.808090,2,1,137.95,0.5,137.7,33,137.1,100,,,,,,,,,,,,,,,,,138.2,150,,,,,,,,,,,,,,,,,,
2026-07-05T05:01:57.854710+00:00,2026-07-05T05:01:57.854903,1,2,137.35,0.5,137.1,100,,,,,,,,,,,,,,,,,,,137.6,67,138.2,150,,,,,,,,,,,,,,,,
2026-07-05T05:01:58.907183+00:00,2026-07-05T05:01:58.907111,1,2,137.35,0.5,137.1,100,,,,,,,,,,,,,,,,,,,137.6,17,138.2,150,,,,,,,,,,,,,,,,
2026-07-05T05:01:58.938266+00:00,2026-07-05T05:01:58.938221,1,2,137.35,0.5,137.1,54,,,,,,,,,,,,,,,,,,,137.6,17,138.2,150,,,,,,,,,,,,,,,,
2026-07-05T05:01:59.521221+00:00,2026-07-05T05:01:59.515090,1,2,137.35,0.5,137.1,54,,,,,,,,,,,,,,,,,,,137.6,14,138.2,150,,,,,,,,,,,,,,,,
2026-07-05T05:02:00.597183+00:00,2026-07-05T05:02:00.597254,1,1,137.35,0.5,137.1,54,,,,,,,,,,,,,,,,,,,137.6,14,,,,,,,,,,,,,,,,,,
2026-07-05T05:02:00.651900+00:00,2026-07-05T05:02:00.651832,2,1,137.35,0.5,137.1,54,137.0,150,,,,,,,,,,,,,,,,,137.6,14,,,,,,,,,,,,,,,,,,
2026-07-05T05:02:00.703917+00:00,2026-07-05T05:02:00.703854,2,2,137.3,0.4,137.1,54,137.0,150,,,,,,,,,,,,,,,,,137.5,150,137.6,14,,,,,,,,,,,,,,,,
2026-07-05T05:02:00.918490+00:00,2026-07-05T05:02:00.918631,1,1,137.25,0.5,137.0,150,,,,,,,,,,,,,,,,,,,137.5,150,,,,,,,,,,,,,,,,,,
2026-07-05T05:02:00.970315+00:00,2026-07-05T05:02:00.970284,1,1,137.25,0.5,137.0,150,,,,,,,,,,,,,,,,,,,137.5,50,,,,,,,,,,,,,,,,,,
2026-07-05T05:02:00.975613+00:00,2026-07-05T05:02:00.975481,1,1,137.25,0.5,137.0,150,,,,,,,,,,,,,,,,,,,137.5,2,,,,,,,,,,,,,,,,,,
2026-07-05T05:02:01.028386+00:00,2026-07-05T05:02:01.028331,1,2,137.25,0.5,137.0,150,,,,,,,,,,,,,,,,,,,137.5,2,138.0,100,,,,,,,,,,,,,,,,
2026-07-05T05:02:02.315516+00:00,2026-07-05T05:02:02.315694,1,2,137.25,0.5,137.0,107,,,,,,,,,,,,,,,,,,,137.5,2,138.0,100,,,,,,,,,,,,,,,,
2026-07-05T05:02:03.191173+00:00,2026-07-05T05:02:03.191126,1,2,137.25,0.5,137.0,57,,,,,,,,,,,,,,,,,,,137.5,2,138.0,100,,,,,,,,,,,,,,,,
2026-07-05T05:02:03.758547+00:00,2026-07-05T05:02:03.756689,0,1,,,,,,,,,,,,,,,,,,,,,,,138.0,100,,,,,,,,,,,,,,,,,,
2026-07-05T05:02:03.815832+00:00,2026-07-05T05:02:03.815746,1,1,137.65,0.7,137.3,150,,,,,,,,,,,,,,,,,,,138.0,100,,,,,,,,,,,,,,,,,,
2026-07-05T05:02:03.869222+00:00,2026-07-05T05:02:03.869121,1,2,137.55,0.5,137.3,150,,,,,,,,,,,,,,,,,,,137.8,150,138.0,100,,,,,,,,,,,,,,,,
2026-07-05T05:02:04.082083+00:00,2026-07-05T05:02:04.082053,1,1,137.55,0.5,137.3,150,,,,,,,,,,,,,,,,,,,137.8,150,,,,,,,,,,,,,,,,,,
2026-07-05T05:02:04.137416+00:00,2026-07-05T05:02:04.137320,2,1,137.55,0.5,137.3,150,137.2,100,,,,,,,,,,,,,,,,,137.8,150,,,,,,,,,,,,,,,,,,
2026-07-05T05:02:04.195768+00:00,2026-07-05T05:02:04.184405,2,2,137.5,0.4,137.3,150,137.2,100,,,,,,,,,,,,,,,,,137.7,100,137.8,150,,,,,,,,,,,,,,,,
2026-07-05T05:02:05.298215+00:00,2026-07-05T05:02:05.298158,2,2,137.5,0.4,137.3,100,137.2,100,,,,,,,,,,,,,,,,,137.7,100,137.8,150,,,,,,,,,,,,,,,,
2026-07-05T05:02:06.358580+00:00,2026-07-05T05:02:06.358462,2,2,137.5,0.4,137.3,100,137.2,100,,,,,,,,,,,,,,,,,137.7,54,137.8,150,,,,,,,,,,,,,,,,
2026-07-05T05:02:06.921364+00:00,2026-07-05T05:02:06.921555,1,1,137.45,0.5,137.2,100,,,,,,,,,,,,,,,,,,,137.7,54,,,,,,,,,,,,,,,,,,
2026-07-05T05:02:06.978340+00:00,2026-07-05T05:02:06.978278,1,1,137.45,0.5,137.2,250,,,,,,,,,,,,,,,,,,,137.7,54,,,,,,,,,,,,,,,,,,
2026-07-05T05:02:07.031545+00:00,2026-07-05T05:02:07.031452,1,1,137.45,0.5,137.2,250,,,,,,,,,,,,,,,,,,,137.7,204,,,,,,,,,,,,,,,,,,
2026-07-05T05:02:07.243832+00:00,2026-07-05T05:02:07.243761,1,1,137.45,0.5,137.2,150,,,,,,,,,,,,,,,,,,,137.7,150,,,,,,,,,,,,,,,,,,
2026-07-05T05:02:07.297304+00:00,2026-07-05T05:02:07.297216,2,1,137.6,0.2,137.5,100,137.2,150,,,,,,,,,,,,,,,,,137.7,150,,,,,,,,,,,,,,,,,,
2026-07-05T05:02:07.358626+00:00,2026-07-05T05:02:07.351792,2,2,137.6,0.2,137.5,100,137.2,150,,,,,,,,,,,,,,,,,137.7,150,138.0,100,,,,,,,,,,,,,,,,
2026-07-05T05:02:07.408333+00:00,2026-07-05T05:02:07.408406,2,2,137.6,0.2,137.5,50,137.2,150,,,,,,,,,,,,,,,,,137.7,150,138.0,100,,,,,,,,,,,,,,,,
2026-07-05T05:02:08.912177+00:00,2026-07-05T05:02:08.912118,2,2,137.6,0.2,137.5,50,137.2,150,,,,,,,,,,,,,,,,,137.7,108,138.0,100,,,,,,,,,,,,,,,,
2026-07-05T05:02:09.520403+00:00,2026-07-05T05:02:09.520320,1,2,137.45,0.5,137.2,150,,,,,,,,,,,,,,,,,,,137.7,108,138.0,100,,,,,,,,,,,,,,,,
2026-07-05T05:02:10.085512+00:00,2026-07-05T05:02:10.085618,0,1,,,,,,,,,,,,,,,,,,,,,,,138.0,100,,,,,,,,,,,,,,,,,,
2026-07-05T05:02:10.140789+00:00,2026-07-05T05:02:10.140705,1,1,137.75,0.5,137.5,150,,,,,,,,,,,,,,,,,,,138.0,100,,,,,,,,,,,,,,,,,,
2026-07-05T05:02:10.193625+00:00,2026-07-05T05:02:10.193723,1,1,137.75,0.5,137.5,150,,,,,,,,,,,,,,,,,,,138.0,250,,,,,,,,,,,,,,,,,,
2026-07-05T05:02:10.404491+00:00,2026-07-05T05:02:10.404426,1,1,137.75,0.5,137.5,150,,,,,,,,,,,,,,,,,,,138.0,150,,,,,,,,,,,,,,,,,,
2026-07-05T05:02:10.468677+00:00,2026-07-05T05:02:10.454169,2,1,137.75,0.5,137.5,150,137.2,100,,,,,,,,,,,,,,,,,138.0,150,,,,,,,,,,,,,,,,,,
2026-07-05T05:02:10.511836+00:00,2026-07-05T05:02:10.511798,2,2,137.6,0.2,137.5,150,137.2,100,,,,,,,,,,,,,,,,,137.7,100,138.0,150,,,,,,,,,,,,,,,,
2026-07-05T05:02:11.669109+00:00,2026-07-05T05:02:11.669036,2,2,137.6,0.2,137.5,100,137.2,100,,,,,,,,,,,,,,,,,137.7,100,138.0,150,,,,,,,,,,,,,,,,
2026-07-05T05:02:12.039302+00:00,2026-07-05T05:02:12.039266,2,2,137.6,0.2,137.5,100,137.2,100,,,,,,,,,,,,,,,,,137.7,55,138.0,150,,,,,,,,,,,,,,,,
2026-07-05T05:02:13.254072+00:00,2026-07-05T05:02:13.254224,1,1,137.45,0.5,137.2,100,,,,,,,,,,,,,,,,,,,137.7,55,,,,,,,,,,,,,,,,,,
2026-07-05T05:02:13.302758+00:00,2026-07-05T05:02:13.302732,2,1,137.45,0.5,137.2,100,137.1,150,,,,,,,,,,,,,,,,,137.7,55,,,,,,,,,,,,,,,,,,
2026-07-05T05:02:13.357069+00:00,2026-07-05T05:02:13.357323,2,2,137.4,0.4,137.2,100,137.1,150,,,,,,,,,,,,,,,,,137.6,150,137.7,55,,,,,,,,,,,,,,,,
2026-07-05T05:02:13.569760+00:00,2026-07-05T05:02:13.569582,1,1,137.35,0.5,137.1,150,,,,,,,,,,,,,,,,,,,137.6,150,,,,,,,,,,,,,,,,,,
2026-07-05T05:02:13.621047+00:00,2026-07-05T05:02:13.620942,2,1,137.4,0.4,137.2,100,137.1,150,,,,,,,,,,,,,,,,,137.6,150,,,,,,,,,,,,,,,,,,
2026-07-05T05:02:13.674382+00:00,2026-07-05T05:02:13.674548,2,2,137.4,0.4,137.2,100,137.1,150,,,,,,,,,,,,,,,,,137.6,150,137.7,100,,,,,,,,,,,,,,,,
2026-07-05T05:02:13.751627+00:00,2026-07-05T05:02:13.751543,2,2,137.4,0.4,137.2,50,137.1,150,,,,,,,,,,,,,,,,,137.6,150,137.7,100,,,,,,,,,,,,,,,,
2026-07-05T05:02:14.063589+00:00,2026-07-05T05:02:14.056158,2,2,137.4,0.4,137.2,50,137.1,150,,,,,,,,,,,,,,,,,137.6,147,137.7,100,,,,,,,,,,,,,,,,
2026-07-05T05:02:15.888918+00:00,2026-07-05T05:02:15.888801,1,2,137.35,0.5,137.1,150,,,,,,,,,,,,,,,,,,,137.6,147,137.7,100,,,,,,,,,,,,,,,,
2026-07-05T05:02:16.442390+00:00,2026-07-05T05:02:16.442273,0,1,,,,,,,,,,,,,,,,,,,,,,,137.7,100,,,,,,,,,,,,,,,,,,
2026-07-05T05:02:16.498000+00:00,2026-07-05T05:02:16.497925,1,1,137.45,0.5,137.2,150,,,,,,,,,,,,,,,,,,,137.7,100,,,,,,,,,,,,,,,,,,
2026-07-05T05:02:16.546890+00:00,2026-07-05T05:02:16.546783,1,1,137.45,0.5,137.2,150,,,,,,,,,,,,,,,,,,,137.7,250,,,,,,,,,,,,,,,,,,
2026-07-05T05:02:16.734289+00:00,2026-07-05T05:02:16.734236,1,1,137.45,0.5,137.2,150,,,,,,,,,,,,,,,,,,,137.7,150,,,,,,,,,,,,,,,,,,
2026-07-05T05:02:16.793241+00:00,2026-07-05T05:02:16.782430,2,1,137.45,0.5,137.2,150,136.9,100,,,,,,,,,,,,,,,,,137.7,150,,,,,,,,,,,,,,,,,,
2026-07-05T05:02:16.851068+00:00,2026-07-05T05:02:16.844608,2,2,137.3,0.2,137.2,150,136.9,100,,,,,,,,,,,,,,,,,137.4,77,137.7,150,,,,,,,,,,,,,,,,
2026-07-05T05:02:17.308169+00:00,2026-07-05T05:02:17.302372,2,2,137.3,0.2,137.2,150,136.9,100,,,,,,,,,,,,,,,,,137.4,66,137.7,150,,,,,,,,,,,,,,,,
2026-07-05T05:02:17.444580+00:00,2026-07-05T05:02:17.444802,2,2,137.3,0.2,137.2,107,136.9,100,,,,,,,,,,,,,,,,,137.4,66,137.7,150,,,,,,,,,,,,,,,,
2026-07-05T05:02:18.000961+00:00,2026-07-05T05:02:18.000851,2,2,137.3,0.2,137.2,57,136.9,100,,,,,,,,,,,,,,,,,137.4,66,137.7,150,,,,,,,,,,,,,,,,
2026-07-05T05:02:19.606616+00:00,2026-07-05T05:02:19.606512,1,1,137.15,0.5,136.9,100,,,,,,,,,,,,,,,,,,,137.4,66,,,,,,,,,,,,,,,,,,
2026-07-05T05:02:19.658549+00:00,2026-07-05T05:02:19.657779,1,1,137.15,0.5,136.9,250,,,,,,,,,,,,,,,,,,,137.4,66,,,,,,,,,,,,,,,,,,
2026-07-05T05:02:19.717200+00:00,2026-07-05T05:02:19.717097,1,1,137.15,0.5,136.9,250,,,,,,,,,,,,,,,,,,,137.4,216,,,,,,,,,,,,,,,,,,
2026-07-05T05:02:19.895862+00:00,2026-07-05T05:02:19.895778,1,1,137.15,0.5,136.9,250,,,,,,,,,,,,,,,,,,,137.4,150,,,,,,,,,,,,,,,,,,
2026-07-05T05:02:19.900970+00:00,2026-07-05T05:02:19.900928,1,1,137.15,0.5,136.9,150,,,,,,,,,,,,,,,,,,,137.4,150,,,,,,,,,,,,,,,,,,
2026-07-05T05:02:19.947082+00:00,2026-07-05T05:02:19.946940,2,1,137.25,0.3,137.1,100,136.9,150,,,,,,,,,,,,,,,,,137.4,150,,,,,,,,,,,,,,,,,,
2026-07-05T05:02:20.000906+00:00,2026-07-05T05:02:20.000856,2,2,137.25,0.3,137.1,100,136.9,150,,,,,,,,,,,,,,,,,137.4,150,137.6,100,,,,,,,,,,,,,,,,
2026-07-05T05:02:20.110663+00:00,2026-07-05T05:02:20.110556,2,2,137.25,0.3,137.1,50,136.9,150,,,,,,,,,,,,,,,,,137.4,150,137.6,100,,,,,,,,,,,,,,,,
2026-07-05T05:02:21.243140+00:00,2026-07-05T05:02:21.236910,2,2,137.25,0.3,137.1,50,136.9,150,,,,,,,,,,,,,,,,,137.4,138,137.6,100,,,,,,,,,,,,,,,,
2026-07-05T05:02:22.221907+00:00,2026-07-05T05:02:22.221856,1,2,137.15,0.5,136.9,150,,,,,,,,,,,,,,,,,,,137.4,138,137.6,100,,,,,,,,,,,,,,,,
2026-07-05T05:02:22.297268+00:00,2026-07-05T05:02:22.297423,1,2,137.15,0.5,136.9,150,,,,,,,,,,,,,,,,,,,137.4,94,137.6,100,,,,,,,,,,,,,,,,
2026-07-05T05:02:22.772726+00:00,2026-07-05T05:02:22.772629,0,1,,,,,,,,,,,,,,,,,,,,,,,137.6,100,,,,,,,,,,,,,,,,,,
2026-07-05T05:02:22.827284+00:00,2026-07-05T05:02:22.827153,1,1,137.5,0.2,137.4,150,,,,,,,,,,,,,,,,,,,137.6,100,,,,,,,,,,,,,,,,,,
2026-07-05T05:02:22.881389+00:00,2026-07-05T05:02:22.881278,1,2,137.5,0.2,137.4,150,,,,,,,,,,,,,,,,,,,137.6,100,137.8,150,,,,,,,,,,,,,,,,
2026-07-05T05:02:23.058585+00:00,2026-07-05T05:02:23.056993,1,1,137.6,0.4,137.4,150,,,,,,,,,,,,,,,,,,,137.8,150,,,,,,,,,,,,,,,,,,
2026-07-05T05:02:23.110946+00:00,2026-07-05T05:02:23.110858,2,1,137.6,0.4,137.4,150,137.0,100,,,,,,,,,,,,,,,,,137.8,150,,,,,,,,,,,,,,,,,,
2026-07-05T05:02:23.181710+00:00,2026-07-05T05:02:23.170168,2,2,137.45,0.1,137.4,150,137.0,100,,,,,,,,,,,,,,,,,137.5,100,137.8,150,,,,,,,,,,,,,,,,
2026-07-05T05:02:23.791881+00:00,2026-07-05T05:02:23.791770,2,2,137.45,0.1,137.4,107,137.0,100,,,,,,,,,,,,,,,,,137.5,100,137.8,150,,,,,,,,,,,,,,,,
2026-07-05T05:02:24.358576+00:00,2026-07-05T05:02:24.352174,2,2,137.45,0.1,137.4,57,137.0,100,,,,,,,,,,,,,,,,,137.5,100,137.8,150,,,,,,,,,,,,,,,,
2026-07-05T05:02:25.006599+00:00,2026-07-05T05:02:25.006793,2,2,137.45,0.1,137.4,16,137.0,100,,,,,,,,,,,,,,,,,137.5,100,137.8,150,,,,,,,,,,,,,,,,
2026-07-05T05:02:25.931936+00:00,2026-07-05T05:02:25.931818,2,1,137.45,0.1,137.4,16,137.0,100,,,,,,,,,,,,,,,,,137.5,100,,,,,,,,,,,,,,,,,,
2026-07-05T05:02:25.937088+00:00,2026-07-05T05:02:25.936983,1,1,137.25,0.5,137.0,100,,,,,,,,,,,,,,,,,,,137.5,100,,,,,,,,,,,,,,,,,,
2026-07-05T05:02:25.987021+00:00,2026-07-05T05:02:25.986943,2,1,137.25,0.5,137.0,100,136.8,150,,,,,,,,,,,,,,,,,137.5,100,,,,,,,,,,,,,,,,,,
2026-07-05T05:02:26.054012+00:00,2026-07-05T05:02:26.047812,2,2,137.15,0.3,137.0,100,136.8,150,,,,,,,,,,,,,,,,,137.3,139,137.5,100,,,,,,,,,,,,,,,,
2026-07-05T05:02:26.227652+00:00,2026-07-05T05:02:26.227545,1,1,137.05,0.5,136.8,150,,,,,,,,,,,,,,,,,,,137.3,139,,,,,,,,,,,,,,,,,,
2026-07-05T05:02:26.282367+00:00,2026-07-05T05:02:26.282218,2,1,137.15,0.3,137.0,100,136.8,150,,,,,,,,,,,,,,,,,137.3,139,,,,,,,,,,,,,,,,,,
2026-07-05T05:02:26.342029+00:00,2026-07-05T05:02:26.332166,2,2,137.15,0.3,137.0,100,136.8,150,,,,,,,,,,,,,,,,,137.3,139,137.5,100,,,,,,,,,,,,,,,,
2026-07-05T05:02:26.463896+00:00,2026-07-05T05:02:26.463856,2,2,137.15,0.3,137.0,50,136.8,150,,,,,,,,,,,,,,,,,137.3,139,137.5,100,,,,,,,,,,,,,,,,
2026-07-05T05:02:28.605501+00:00,2026-07-05T05:02:28.605427,1,2,137.05,0.5,136.8,150,,,,,,,,,,,,,,,,,,,137.3,139,137.5,100,,,,,,,,,,,,,,,,
2026-07-05T05:02:29.097144+00:00,2026-07-05T05:02:29.097261,0,1,,,,,,,,,,,,,,,,,,,,,,,137.5,100,,,,,,,,,,,,,,,,,,
2026-07-05T05:02:29.216744+00:00,2026-07-05T05:02:29.216847,1,1,137.15,0.7,136.8,150,,,,,,,,,,,,,,,,,,,137.5,100,,,,,,,,,,,,,,,,,,
2026-07-05T05:02:29.271701+00:00,2026-07-05T05:02:29.271830,1,2,137.05,0.5,136.8,150,,,,,,,,,,,,,,,,,,,137.3,150,137.5,100,,,,,,,,,,,,,,,,
2026-07-05T05:02:29.386446+00:00,2026-07-05T05:02:29.386390,1,1,137.05,0.5,136.8,150,,,,,,,,,,,,,,,,,,,137.3,150,,,,,,,,,,,,,,,,,,
2026-07-05T05:02:29.441130+00:00,2026-07-05T05:02:29.441270,2,1,137.05,0.5,136.8,150,136.6,100,,,,,,,,,,,,,,,,,137.3,150,,,,,,,,,,,,,,,,,,
2026-07-05T05:02:29.507134+00:00,2026-07-05T05:02:29.498986,2,2,136.95,0.3,136.8,150,136.6,100,,,,,,,,,,,,,,,,,137.1,77,137.3,150,,,,,,,,,,,,,,,,
2026-07-05T05:02:30.716372+00:00,2026-07-05T05:02:30.716323,2,2,136.95,0.3,136.8,100,136.6,100,,,,,,,,,,,,,,,,,137.1,77,137.3,150,,,,,,,,,,,,,,,,
2026-07-05T05:02:32.330150+00:00,2026-07-05T05:02:32.330030,1,1,136.85,0.5,136.6,100,,,,,,,,,,,,,,,,,,,137.1,77,,,,,,,,,,,,,,,,,,
2026-07-05T05:02:32.386038+00:00,2026-07-05T05:02:32.385899,2,1,136.85,0.5,136.6,100,136.5,150,,,,,,,,,,,,,,,,,137.1,77,,,,,,,,,,,,,,,,,,
2026-07-05T05:02:32.437069+00:00,2026-07-05T05:02:32.436974,2,2,136.8,0.4,136.6,100,136.5,150,,,,,,,,,,,,,,,,,137.0,150,137.1,77,,,,,,,,,,,,,,,,
2026-07-05T05:02:32.550691+00:00,2026-07-05T05:02:32.550599,2,1,136.8,0.4,136.6,100,136.5,150,,,,,,,,,,,,,,,,,137.0,150,,,,,,,,,,,,,,,,,,
2026-07-05T05:02:32.555675+00:00,2026-07-05T05:02:32.555750,1,1,136.75,0.5,136.5,150,,,,,,,,,,,,,,,,,,,137.0,150,,,,,,,,,,,,,,,,,,
2026-07-05T05:02:32.609201+00:00,2026-07-05T05:02:32.609127,2,1,136.8,0.4,136.6,100,136.5,150,,,,,,,,,,,,,,,,,137.0,150,,,,,,,,,,,,,,,,,,
2026-07-05T05:02:32.659333+00:00,2026-07-05T05:02:32.659274,2,2,136.8,0.4,136.6,100,136.5,150,,,,,,,,,,,,,,,,,137.0,150,137.1,100,,,,,,,,,,,,,,,,
2026-07-05T05:02:32.827017+00:00,2026-07-05T05:02:32.826985,2,2,136.8,0.4,136.6,50,136.5,150,,,,,,,,,,,,,,,,,137.0,150,137.1,100,,,,,,,,,,,,,,,,
2026-07-05T05:02:34.081147+00:00,2026-07-05T05:02:34.081095,2,2,136.8,0.4,136.6,50,136.5,150,,,,,,,,,,,,,,,,,137.0,107,137.1,100,,,,,,,,,,,,,,,,
2026-07-05T05:02:34.937060+00:00,2026-07-05T05:02:34.936905,1,2,136.75,0.5,136.5,150,,,,,,,,,,,,,,,,,,,137.0,107,137.1,100,,,,,,,,,,,,,,,,
2026-07-05T05:02:35.496010+00:00,2026-07-05T05:02:35.496166,0,1,,,,,,,,,,,,,,,,,,,,,,,137.1,100,,,,,,,,,,,,,,,,,,
2026-07-05T05:02:35.551296+00:00,2026-07-05T05:02:35.551163,1,1,136.85,0.5,136.6,150,,,,,,,,,,,,,,,,,,,137.1,100,,,,,,,,,,,,,,,,,,
2026-07-05T05:02:35.604887+00:00,2026-07-05T05:02:35.604737,1,1,136.85,0.5,136.6,150,,,,,,,,,,,,,,,,,,,137.1,250,,,,,,,,,,,,,,,,,,
2026-07-05T05:02:35.697469+00:00,2026-07-05T05:02:35.697617,1,1,136.85,0.5,136.6,150,,,,,,,,,,,,,,,,,,,137.1,203,,,,,,,,,,,,,,,,,,
2026-07-05T05:02:35.712455+00:00,2026-07-05T05:02:35.712351,1,1,136.85,0.5,136.6,150,,,,,,,,,,,,,,,,,,,137.1,150,,,,,,,,,,,,,,,,,,
2026-07-05T05:02:35.767453+00:00,2026-07-05T05:02:35.767329,2,1,136.85,0.5,136.6,150,136.5,100,,,,,,,,,,,,,,,,,137.1,150,,,,,,,,,,,,,,,,,,
2026-07-05T05:02:35.820357+00:00,2026-07-05T05:02:35.820224,2,2,136.8,0.4,136.6,150,136.5,100,,,,,,,,,,,,,,,,,137.0,100,137.1,150,,,,,,,,,,,,,,,,
2026-07-05T05:02:38.144412+00:00,2026-07-05T05:02:38.144317,2,2,136.8,0.4,136.6,150,136.5,100,,,,,,,,,,,,,,,,,137.0,57,137.1,150,,,,,,,,,,,,,,,,
2026-07-05T05:02:38.659671+00:00,2026-07-05T05:02:38.659578,1,1,136.75,0.5,136.5,100,,,,,,,,,,,,,,,,,,,137.0,57,,,,,,,,,,,,,,,,,,
2026-07-05T05:02:38.714683+00:00,2026-07-05T05:02:38.714596,2,1,136.8,0.4,136.6,150,136.5,100,,,,,,,,,,,,,,,,,137.0,57,,,,,,,,,,,,,,,,,,
2026-07-05T05:02:38.767333+00:00,2026-07-05T05:02:38.767200,2,2,136.8,0.4,136.6,150,136.5,100,,,,,,,,,,,,,,,,,137.0,57,137.1,150,,,,,,,,,,,,,,,,
2026-07-05T05:02:38.874317+00:00,2026-07-05T05:02:38.874492,1,1,136.85,0.5,136.6,150,,,,,,,,,,,,,,,,,,,137.1,150,,,,,,,,,,,,,,,,,,
2026-07-05T05:02:38.929951+00:00,2026-07-05T05:02:38.929833,2,1,136.85,0.5,136.6,150,136.5,100,,,,,,,,,,,,,,,,,137.1,150,,,,,,,,,,,,,,,,,,
2026-07-05T05:02:38.984258+00:00,2026-07-05T05:02:38.984121,2,2,136.8,0.4,136.6,150,136.5,100,,,,,,,,,,,,,,,,,137.0,100,137.1,150,,,,,,,,,,,,,,,,
2026-07-05T05:02:39.140337+00:00,2026-07-05T05:02:39.140272,2,2,136.8,0.4,136.6,150,136.5,100,,,,,,,,,,,,,,,,,137.0,50,137.1,150,,,,,,,,,,,,,,,,
2026-07-05T05:02:41.258864+00:00,2026-07-05T05:02:41.258690,2,1,136.85,0.5,136.6,150,136.5,100,,,,,,,,,,,,,,,,,137.1,150,,,,,,,,,,,,,,,,,,
2026-07-05T05:02:41.821780+00:00,2026-07-05T05:02:41.821689,1,0,,,136.5,100,,,,,,,,,,,,,,,,,,,,,,,,,,,,,,,,,,,,,,
2026-07-05T05:02:41.876311+00:00,2026-07-05T05:02:41.876256,2,0,,,136.8,150,136.5,100,,,,,,,,,,,,,,,,,,,,,,,,,,,,,,,,,,,,
2026-07-05T05:02:41.928880+00:00,2026-07-05T05:02:41.928784,2,1,137.05,0.5,136.8,150,136.5,100,,,,,,,,,,,,,,,,,137.3,150,,,,,,,,,,,,,,,,,,
2026-07-05T05:02:42.036106+00:00,2026-07-05T05:02:42.036064,1,1,137.05,0.5,136.8,150,,,,,,,,,,,,,,,,,,,137.3,150,,,,,,,,,,,,,,,,,,
2026-07-05T05:02:42.090458+00:00,2026-07-05T05:02:42.090356,2,1,137.1,0.4,136.9,100,136.8,150,,,,,,,,,,,,,,,,,137.3,150,,,,,,,,,,,,,,,,,,
2026-07-05T05:02:42.143740+00:00,2026-07-05T05:02:42.143648,2,2,137.1,0.4,136.9,100,136.8,150,,,,,,,,,,,,,,,,,137.3,150,137.4,100,,,,,,,,,,,,,,,,
2026-07-05T05:02:43.358671+00:00,2026-07-05T05:02:43.353307,2,2,137.1,0.4,136.9,100,136.8,150,,,,,,,,,,,,,,,,,137.3,100,137.4,100,,,,,,,,,,,,,,,,
2026-07-05T05:02:44.982972+00:00,2026-07-05T05:02:44.982898,1,1,137.15,0.5,136.9,100,,,,,,,,,,,,,,,,,,,137.4,100,,,,,,,,,,,,,,,,,,
2026-07-05T05:02:45.039399+00:00,2026-07-05T05:02:45.039317,1,1,137.15,0.5,136.9,250,,,,,,,,,,,,,,,,,,,137.4,100,,,,,,,,,,,,,,,,,,
2026-07-05T05:02:45.092328+00:00,2026-07-05T05:02:45.092262,1,1,137.15,0.5,136.9,250,,,,,,,,,,,,,,,,,,,137.4,250,,,,,,,,,,,,,,,,,,
2026-07-05T05:02:45.188413+00:00,2026-07-05T05:02:45.188288,1,1,137.15,0.5,136.9,203,,,,,,,,,,,,,,,,,,,137.4,250,,,,,,,,,,,,,,,,,,
2026-07-05T05:02:45.198776+00:00,2026-07-05T05:02:45.198727,1,1,137.15,0.5,136.9,150,,,,,,,,,,,,,,,,,,,137.4,150,,,,,,,,,,,,,,,,,,
2026-07-05T05:02:45.258605+00:00,2026-07-05T05:02:45.252792,2,1,137.15,0.5,136.9,150,136.8,100,,,,,,,,,,,,,,,,,137.4,150,,,,,,,,,,,,,,,,,,
2026-07-05T05:02:45.306714+00:00,2026-07-05T05:02:45.306636,2,2,137.1,0.4,136.9,150,136.8,100,,,,,,,,,,,,,,,,,137.3,100,137.4,150,,,,,,,,,,,,,,,,
2026-07-05T05:02:45.497030+00:00,2026-07-05T05:02:45.496963,2,2,137.1,0.4,136.9,150,136.8,100,,,,,,,,,,,,,,,,,137.3,50,137.4,150,,,,,,,,,,,,,,,,
2026-07-05T05:02:46.853168+00:00,2026-07-05T05:02:46.853051,2,2,137.1,0.4,136.9,150,136.8,100,,,,,,,,,,,,,,,,,137.3,8,137.4,150,,,,,,,,,,,,,,,,
2026-07-05T05:02:46.908579+00:00,2026-07-05T05:02:46.908708,2,2,137.1,0.4,136.9,105,136.8,100,,,,,,,,,,,,,,,,,137.3,8,137.4,150,,,,,,,,,,,,,,,,
2026-07-05T05:02:47.606556+00:00,2026-07-05T05:02:47.606788,2,1,137.15,0.5,136.9,105,136.8,100,,,,,,,,,,,,,,,,,137.4,108,,,,,,,,,,,,,,,,,,
2026-07-05T05:02:47.958583+00:00,2026-07-05T05:02:47.953626,2,1,137.15,0.5,136.9,63,136.8,100,,,,,,,,,,,,,,,,,137.4,108,,,,,,,,,,,,,,,,,,
2026-07-05T05:02:48.146298+00:00,2026-07-05T05:02:48.146238,1,0,,,136.8,100,,,,,,,,,,,,,,,,,,,,,,,,,,,,,,,,,,,,,,
2026-07-05T05:02:48.199783+00:00,2026-07-05T05:02:48.199691,2,0,,,136.8,100,136.7,150,,,,,,,,,,,,,,,,,,,,,,,,,,,,,,,,,,,,
2026-07-05T05:02:48.258707+00:00,2026-07-05T05:02:48.251638,2,1,137.0,0.4,136.8,100,136.7,150,,,,,,,,,,,,,,,,,137.2,150,,,,,,,,,,,,,,,,,,
2026-07-05T05:02:48.360476+00:00,2026-07-05T05:02:48.360406,1,1,136.95,0.5,136.7,150,,,,,,,,,,,,,,,,,,,137.2,150,,,,,,,,,,,,,,,,,,
2026-07-05T05:02:48.424708+00:00,2026-07-05T05:02:48.414147,2,1,137.1,0.2,137.0,100,136.7,150,,,,,,,,,,,,,,,,,137.2,150,,,,,,,,,,,,,,,,,,
2026-07-05T05:02:48.466956+00:00,2026-07-05T05:02:48.467099,2,2,137.1,0.2,137.0,100,136.7,150,,,,,,,,,,,,,,,,,137.2,150,137.5,100,,,,,,,,,,,,,,,,
2026-07-05T05:02:49.737299+00:00,2026-07-05T05:02:49.737216,2,2,137.1,0.2,137.0,100,136.7,150,,,,,,,,,,,,,,,,,137.2,100,137.5,100,,,,,,,,,,,,,,,,
2026-07-05T05:02:51.318155+00:00,2026-07-05T05:02:51.318001,1,1,137.25,0.5,137.0,100,,,,,,,,,,,,,,,,,,,137.5,100,,,,,,,,,,,,,,,,,,
2026-07-05T05:02:51.368147+00:00,2026-07-05T05:02:51.368017,1,1,137.25,0.5,137.0,250,,,,,,,,,,,,,,,,,,,137.5,100,,,,,,,,,,,,,,,,,,
2026-07-05T05:02:51.421548+00:00,2026-07-05T05:02:51.421446,1,1,137.25,0.5,137.0,250,,,,,,,,,,,,,,,,,,,137.5,250,,,,,,,,,,,,,,,,,,
2026-07-05T05:02:51.552741+00:00,2026-07-05T05:02:51.552855,1,1,137.25,0.5,137.0,150,,,,,,,,,,,,,,,,,,,137.5,150,,,,,,,,,,,,,,,,,,
2026-07-05T05:02:51.609036+00:00,2026-07-05T05:02:51.609014,2,1,137.3,0.4,137.1,100,137.0,150,,,,,,,,,,,,,,,,,137.5,150,,,,,,,,,,,,,,,,,,
2026-07-05T05:02:51.658560+00:00,2026-07-05T05:02:51.655272,2,2,137.3,0.4,137.1,100,137.0,150,,,,,,,,,,,,,,,,,137.5,150,137.6,100,,,,,,,,,,,,,,,,
2026-07-05T05:02:51.835575+00:00,2026-07-05T05:02:51.835481,2,2,137.3,0.4,137.1,100,137.0,150,,,,,,,,,,,,,,,,,137.5,100,137.6,100,,,,,,,,,,,,,,,,
2026-07-05T05:02:53.958610+00:00,2026-07-05T05:02:53.955769,2,2,137.3,0.4,137.1,100,137.0,150,,,,,,,,,,,,,,,,,137.5,50,137.6,100,,,,,,,,,,,,,,,,
2026-07-05T05:02:54.476362+00:00,2026-07-05T05:02:54.476240,1,1,137.35,0.5,137.1,100,,,,,,,,,,,,,,,,,,,137.6,100,,,,,,,,,,,,,,,,,,
2026-07-05T05:02:54.568459+00:00,2026-07-05T05:02:54.562538,2,1,137.45,0.3,137.3,127,137.1,100,,,,,,,,,,,,,,,,,137.6,100,,,,,,,,,,,,,,,,,,
2026-07-05T05:02:54.617526+00:00,2026-07-05T05:02:54.617389,2,2,137.45,0.3,137.3,127,137.1,100,,,,,,,,,,,,,,,,,137.6,100,137.8,150,,,,,,,,,,,,,,,,
2026-07-05T05:02:54.718785+00:00,2026-07-05T05:02:54.718686,2,1,137.55,0.5,137.3,127,137.1,100,,,,,,,,,,,,,,,,,137.8,150,,,,,,,,,,,,,,,,,,
2026-07-05T05:02:54.723772+00:00,2026-07-05T05:02:54.723852,1,1,137.55,0.5,137.3,127,,,,,,,,,,,,,,,,,,,137.8,150,,,,,,,,,,,,,,,,,,
2026-07-05T05:02:54.770002+00:00,2026-07-05T05:02:54.769901,1,1,137.55,0.5,137.3,82,,,,,,,,,,,,,,,,,,,137.8,150,,,,,,,,,,,,,,,,,,
2026-07-05T05:02:54.775229+00:00,2026-07-05T05:02:54.775138,2,1,137.55,0.5,137.3,82,137.0,100,,,,,,,,,,,,,,,,,137.8,150,,,,,,,,,,,,,,,,,,
2026-07-05T05:02:54.833217+00:00,2026-07-05T05:02:54.833186,2,2,137.4,0.2,137.3,82,137.0,100,,,,,,,,,,,,,,,,,137.5,100,137.8,150,,,,,,,,,,,,,,,,
2026-07-05T05:02:56.070568+00:00,2026-07-05T05:02:56.070492,2,2,137.4,0.2,137.3,82,137.0,100,,,,,,,,,,,,,,,,,137.5,50,137.8,150,,,,,,,,,,,,,,,,
2026-07-05T05:02:57.685767+00:00,2026-07-05T05:02:57.685653,2,1,137.4,0.2,137.3,82,137.0,100,,,,,,,,,,,,,,,,,137.5,50,,,,,,,,,,,,,,,,,,
2026-07-05T05:02:57.690875+00:00,2026-07-05T05:02:57.690791,1,1,137.25,0.5,137.0,100,,,,,,,,,,,,,,,,,,,137.5,50,,,,,,,,,,,,,,,,,,
2026-07-05T05:02:57.744120+00:00,2026-07-05T05:02:57.744090,1,1,137.25,0.5,137.0,250,,,,,,,,,,,,,,,,,,,137.5,50,,,,,,,,,,,,,,,,,,
2026-07-05T05:02:57.798285+00:00,2026-07-05T05:02:57.798203,1,1,137.25,0.5,137.0,250,,,,,,,,,,,,,,,,,,,137.5,200,,,,,,,,,,,,,,,,,,
2026-07-05T05:02:57.886901+00:00,2026-07-05T05:02:57.886773,1,1,137.25,0.5,137.0,150,,,,,,,,,,,,,,,,,,,137.5,150,,,,,,,,,,,,,,,,,,
2026-07-05T05:02:57.923232+00:00,2026-07-05T05:02:57.923108,1,1,137.25,0.5,137.0,150,,,,,,,,,,,,,,,,,,,137.5,107,,,,,,,,,,,,,,,,,,
2026-07-05T05:02:57.941430+00:00,2026-07-05T05:02:57.941348,2,1,137.3,0.4,137.1,100,137.0,150,,,,,,,,,,,,,,,,,137.5,107,,,,,,,,,,,,,,,,,,
2026-07-05T05:02:57.990264+00:00,2026-07-05T05:02:57.990200,2,2,137.3,0.4,137.1,100,137.0,150,,,,,,,,,,,,,,,,,137.5,107,137.6,100,,,,,,,,,,,,,,,,
2026-07-05T05:02:58.203938+00:00,2026-07-05T05:02:58.203884,2,2,137.3,0.4,137.1,100,137.0,150,,,,,,,,,,,,,,,,,137.5,57,137.6,100,,,,,,,,,,,,,,,,
2026-07-05T05:02:58.390151+00:00,2026-07-05T05:02:58.390096,2,2,137.3,0.4,137.1,100,137.0,150,,,,,,,,,,,,,,,,,137.5,9,137.6,100,,,,,,,,,,,,,,,,
2026-07-05T05:02:59.424358+00:00,2026-07-05T05:02:59.424242,2,2,137.3,0.4,137.1,52,137.0,150,,,,,,,,,,,,,,,,,137.5,9,137.6,100,,,,,,,,,,,,,,,,
2026-07-05T05:03:00.318957+00:00,2026-07-05T05:03:00.318917,2,1,137.35,0.5,137.1,52,137.0,150,,,,,,,,,,,,,,,,,137.6,59,,,,,,,,,,,,,,,,,,
2026-07-05T05:03:00.858567+00:00,2026-07-05T05:03:00.849857,1,1,137.35,0.5,137.1,52,,,,,,,,,,,,,,,,,,,137.6,59,,,,,,,,,,,,,,,,,,
2026-07-05T05:03:00.914590+00:00,2026-07-05T05:03:00.914448,2,0,,,137.7,91,137.1,52,,,,,,,,,,,,,,,,,,,,,,,,,,,,,,,,,,,,
2026-07-05T05:03:00.981005+00:00,2026-07-05T05:03:00.974745,2,1,137.95,0.5,137.7,57,137.1,52,,,,,,,,,,,,,,,,,138.2,150,,,,,,,,,,,,,,,,,,
2026-07-05T05:03:01.048577+00:00,2026-07-05T05:03:01.048449,1,1,137.95,0.5,137.7,57,,,,,,,,,,,,,,,,,,,138.2,150,,,,,,,,,,,,,,,,,,
2026-07-05T05:03:01.104542+00:00,2026-07-05T05:03:01.104493,2,1,137.95,0.5,137.7,57,137.4,100,,,,,,,,,,,,,,,,,138.2,150,,,,,,,,,,,,,,,,,,
2026-07-05T05:03:01.169121+00:00,2026-07-05T05:03:01.152288,2,2,137.8,0.2,137.7,57,137.4,100,,,,,,,,,,,,,,,,,137.9,100,138.2,150,,,,,,,,,,,,,,,,
2026-07-05T05:03:01.338087+00:00,2026-07-05T05:03:01.330253,2,2,137.8,0.2,137.7,45,137.4,100,,,,,,,,,,,,,,,,,137.9,100,138.2,150,,,,,,,,,,,,,,,,
2026-07-05T05:03:01.431430+00:00,2026-07-05T05:03:01.431397,2,2,137.8,0.2,137.7,45,137.4,100,,,,,,,,,,,,,,,,,137.9,58,138.2,150,,,,,,,,,,,,,,,,
2026-07-05T05:03:02.434362+00:00,2026-07-05T05:03:02.434529,2,2,137.8,0.2,137.7,45,137.4,100,,,,,,,,,,,,,,,,,137.9,8,138.2,150,,,,,,,,,,,,,,,,
2026-07-05T05:03:04.025107+00:00,2026-07-05T05:03:04.025046,1,1,137.65,0.5,137.4,100,,,,,,,,,,,,,,,,,,,137.9,8,,,,,,,,,,,,,,,,,,
2026-07-05T05:03:04.082249+00:00,2026-07-05T05:03:04.082066,1,1,137.65,0.5,137.4,250,,,,,,,,,,,,,,,,,,,137.9,8,,,,,,,,,,,,,,,,,,
2026-07-05T05:03:04.132926+00:00,2026-07-05T05:03:04.132852,1,1,137.65,0.5,137.4,250,,,,,,,,,,,,,,,,,,,137.9,158,,,,,,,,,,,,,,,,,,
2026-07-05T05:03:04.211734+00:00,2026-07-05T05:03:04.211914,1,1,137.65,0.5,137.4,150,,,,,,,,,,,,,,,,,,,137.9,150,,,,,,,,,,,,,,,,,,
2026-07-05T05:03:04.260511+00:00,2026-07-05T05:03:04.260312,2,1,137.85,0.1,137.8,100,137.4,150,,,,,,,,,,,,,,,,,137.9,150,,,,,,,,,,,,,,,,,,
2026-07-05T05:03:04.316408+00:00,2026-07-05T05:03:04.316346,2,2,137.85,0.1,137.8,100,137.4,150,,,,,,,,,,,,,,,,,137.9,150,138.3,100,,,,,,,,,,,,,,,,
2026-07-05T05:03:04.544559+00:00,2026-07-05T05:03:04.544628,2,2,137.85,0.1,137.8,100,137.4,150,,,,,,,,,,,,,,,,,137.9,100,138.3,100,,,,,,,,,,,,,,,,
2026-07-05T05:03:06.058548+00:00,2026-07-05T05:03:06.055615,2,2,137.85,0.1,137.8,51,137.4,150,,,,,,,,,,,,,,,,,137.9,100,138.3,100,,,,,,,,,,,,,,,,
2026-07-05T05:03:06.658579+00:00,2026-07-05T05:03:06.656214,2,2,137.85,0.1,137.8,51,137.4,150,,,,,,,,,,,,,,,,,137.9,50,138.3,100,,,,,,,,,,,,,,,,
2026-07-05T05:03:06.671982+00:00,2026-07-05T05:03:06.671875,2,2,137.85,0.1,137.8,4,137.4,150,,,,,,,,,,,,,,,,,137.9,50,138.3,100,,,,,,,,,,,,,,,,
2026-07-05T05:03:07.187201+00:00,2026-07-05T05:03:07.187120,1,1,138.05,0.5,137.8,4,,,,,,,,,,,,,,,,,,,138.3,100,,,,,,,,,,,,,,,,,,
2026-07-05T05:03:07.269341+00:00,2026-07-05T05:03:07.269211,1,1,138.05,0.5,137.8,154,,,,,,,,,,,,,,,,,,,138.3,100,,,,,,,,,,,,,,,,,,
2026-07-05T05:03:07.322714+00:00,2026-07-05T05:03:07.322605,1,1,138.05,0.5,137.8,154,,,,,,,,,,,,,,,,,,,138.3,250,,,,,,,,,,,,,,,,,,
2026-07-05T05:03:07.375089+00:00,2026-07-05T05:03:07.374998,1,1,138.05,0.5,137.8,150,,,,,,,,,,,,,,,,,,,138.3,150,,,,,,,,,,,,,,,,,,
2026-07-05T05:03:07.432553+00:00,2026-07-05T05:03:07.432486,2,1,138.05,0.5,137.8,150,137.5,100,,,,,,,,,,,,,,,,,138.3,150,,,,,,,,,,,,,,,,,,
2026-07-05T05:03:07.483759+00:00,2026-07-05T05:03:07.483685,2,2,137.9,0.2,137.8,150,137.5,100,,,,,,,,,,,,,,,,,138.0,100,138.3,150,,,,,,,,,,,,,,,,
2026-07-05T05:03:08.773311+00:00,2026-07-05T05:03:08.773260,2,2,137.9,0.2,137.8,150,137.5,100,,,,,,,,,,,,,,,,,138.0,50,138.3,150,,,,,,,,,,,,,,,,
2026-07-05T05:03:09.610582+00:00,2026-07-05T05:03:09.610520,2,2,137.9,0.2,137.8,150,137.5,100,,,,,,,,,,,,,,,,,138.0,2,138.3,150,,,,,,,,,,,,,,,,
2026-07-05T05:03:10.158610+00:00,2026-07-05T05:03:10.158485,2,1,138.05,0.5,137.8,150,137.5,100,,,,,,,,,,,,,,,,,138.3,150,,,,,,,,,,,,,,,,,,
2026-07-05T05:03:10.375055+00:00,2026-07-05T05:03:10.375181,1,0,,,137.5,100,,,,,,,,,,,,,,,,,,,,,,,,,,,,,,,,,,,,,,
2026-07-05T05:03:10.432680+00:00,2026-07-05T05:03:10.432553,2,0,,,137.7,150,137.5,100,,,,,,,,,,,,,,,,,,,,,,,,,,,,,,,,,,,,
2026-07-05T05:03:10.486858+00:00,2026-07-05T05:03:10.486736,2,1,137.95,0.5,137.7,150,137.5,100,,,,,,,,,,,,,,,,,138.2,150,,,,,,,,,,,,,,,,,,
2026-07-05T05:03:10.537233+00:00,2026-07-05T05:03:10.537187,1,1,137.95,0.5,137.7,150,,,,,,,,,,,,,,,,,,,138.2,150,,,,,,,,,,,,,,,,,,
2026-07-05T05:03:10.592547+00:00,2026-07-05T05:03:10.592482,1,1,137.95,0.5,137.7,250,,,,,,,,,,,,,,,,,,,138.2,150,,,,,,,,,,,,,,,,,,
2026-07-05T05:03:10.646402+00:00,2026-07-05T05:03:10.646234,1,1,137.95,0.5,137.7,250,,,,,,,,,,,,,,,,,,,138.2,250,,,,,,,,,,,,,,,,,,
2026-07-05T05:03:10.713931+00:00,2026-07-05T05:03:10.713888,1,1,137.95,0.5,137.7,208,,,,,,,,,,,,,,,,,,,138.2,250,,,,,,,,,,,,,,,,,,
2026-07-05T05:03:10.906666+00:00,2026-07-05T05:03:10.906631,1,1,137.95,0.5,137.7,208,,,,,,,,,,,,,,,,,,,138.2,200,,,,,,,,,,,,,,,,,,
2026-07-05T05:03:11.769078+00:00,2026-07-05T05:03:11.768968,1,1,137.95,0.5,137.7,208,,,,,,,,,,,,,,,,,,,138.2,158,,,,,,,,,,,,,,,,,,
2026-07-05T05:03:13.069988+00:00,2026-07-05T05:03:13.069869,1,1,137.95,0.5,137.7,158,,,,,,,,,,,,,,,,,,,138.2,158,,,,,,,,,,,,,,,,,,
2026-07-05T05:03:13.539934+00:00,2026-07-05T05:03:13.539824,1,1,137.95,0.5,137.7,100,,,,,,,,,,,,,,,,,,,138.2,100,,,,,,,,,,,,,,,,,,
2026-07-05T05:03:13.596375+00:00,2026-07-05T05:03:13.596244,2,1,137.95,0.5,137.7,100,137.6,150,,,,,,,,,,,,,,,,,138.2,100,,,,,,,,,,,,,,,,,,
2026-07-05T05:03:13.658621+00:00,2026-07-05T05:03:13.644717,2,2,137.9,0.4,137.7,100,137.6,150,,,,,,,,,,,,,,,,,138.1,150,138.2,100,,,,,,,,,,,,,,,,
2026-07-05T05:03:13.699513+00:00,2026-07-05T05:03:13.699456,2,1,137.9,0.4,137.7,100,137.6,150,,,,,,,,,,,,,,,,,138.1,150,,,,,,,,,,,,,,,,,,
2026-07-05T05:03:13.704671+00:00,2026-07-05T05:03:13.704596,1,1,137.85,0.5,137.6,150,,,,,,,,,,,,,,,,,,,138.1,150,,,,,,,,,,,,,,,,,,
2026-07-05T05:03:13.763880+00:00,2026-07-05T05:03:13.763776,1,1,137.85,0.5,137.6,250,,,,,,,,,,,,,,,,,,,138.1,150,,,,,,,,,,,,,,,,,,
2026-07-05T05:03:13.806695+00:00,2026-07-05T05:03:13.806622,1,1,137.85,0.5,137.6,250,,,,,,,,,,,,,,,,,,,138.1,250,,,,,,,,,,,,,,,,,,
2026-07-05T05:03:13.811845+00:00,2026-07-05T05:03:13.811803,1,1,137.85,0.5,137.6,210,,,,,,,,,,,,,,,,,,,138.1,250,,,,,,,,,,,,,,,,,,
2026-07-05T05:03:14.298961+00:00,2026-07-05T05:03:14.299070,1,1,137.85,0.5,137.6,210,,,,,,,,,,,,,,,,,,,138.1,204,,,,,,,,,,,,,,,,,,
2026-07-05T05:03:16.703132+00:00,2026-07-05T05:03:16.703022,1,1,137.85,0.5,137.6,100,,,,,,,,,,,,,,,,,,,138.1,100,,,,,,,,,,,,,,,,,,
2026-07-05T05:03:16.758746+00:00,2026-07-05T05:03:16.756167,1,1,137.85,0.5,137.6,250,,,,,,,,,,,,,,,,,,,138.1,100,,,,,,,,,,,,,,,,,,
2026-07-05T05:03:16.814166+00:00,2026-07-05T05:03:16.814115,1,1,137.85,0.5,137.6,250,,,,,,,,,,,,,,,,,,,138.1,250,,,,,,,,,,,,,,,,,,
2026-07-05T05:03:16.858580+00:00,2026-07-05T05:03:16.855800,1,1,137.85,0.5,137.6,150,,,,,,,,,,,,,,,,,,,138.1,150,,,,,,,,,,,,,,,,,,
2026-07-05T05:03:16.917124+00:00,2026-07-05T05:03:16.917059,1,1,137.85,0.5,137.6,250,,,,,,,,,,,,,,,,,,,138.1,150,,,,,,,,,,,,,,,,,,
2026-07-05T05:03:16.969248+00:00,2026-07-05T05:03:16.969143,1,1,137.85,0.5,137.6,250,,,,,,,,,,,,,,,,,,,138.1,250,,,,,,,,,,,,,,,,,,
2026-07-05T05:03:17.241885+00:00,2026-07-05T05:03:17.241825,1,1,137.85,0.5,137.6,250,,,,,,,,,,,,,,,,,,,138.1,200,,,,,,,,,,,,,,,,,,
2026-07-05T05:03:18.970405+00:00,2026-07-05T05:03:18.970306,1,1,137.85,0.5,137.6,201,,,,,,,,,,,,,,,,,,,138.1,200,,,,,,,,,,,,,,,,,,
2026-07-05T05:03:19.375183+00:00,2026-07-05T05:03:19.375148,1,1,137.85,0.5,137.6,201,,,,,,,,,,,,,,,,,,,138.1,150,,,,,,,,,,,,,,,,,,
2026-07-05T05:03:19.866083+00:00,2026-07-05T05:03:19.865936,1,1,137.85,0.5,137.6,201,,,,,,,,,,,,,,,,,,,138.1,100,,,,,,,,,,,,,,,,,,
2026-07-05T05:03:19.871159+00:00,2026-07-05T05:03:19.871095,1,1,137.85,0.5,137.6,100,,,,,,,,,,,,,,,,,,,138.1,100,,,,,,,,,,,,,,,,,,
2026-07-05T05:03:19.933356+00:00,2026-07-05T05:03:19.926610,2,1,137.95,0.3,137.8,139,137.6,100,,,,,,,,,,,,,,,,,138.1,100,,,,,,,,,,,,,,,,,,
2026-07-05T05:03:19.974759+00:00,2026-07-05T05:03:19.974926,2,2,137.95,0.3,137.8,139,137.6,100,,,,,,,,,,,,,,,,,138.1,100,138.3,150,,,,,,,,,,,,,,,,
2026-07-05T05:03:20.024862+00:00,2026-07-05T05:03:20.024821,2,1,138.05,0.5,137.8,139,137.6,100,,,,,,,,,,,,,,,,,138.3,150,,,,,,,,,,,,,,,,,,
2026-07-05T05:03:20.029900+00:00,2026-07-05T05:03:20.029974,1,1,138.05,0.5,137.8,139,,,,,,,,,,,,,,,,,,,138.3,150,,,,,,,,,,,,,,,,,,
2026-07-05T05:03:20.080838+00:00,2026-07-05T05:03:20.080773,2,1,138.05,0.5,137.8,139,137.6,100,,,,,,,,,,,,,,,,,138.3,150,,,,,,,,,,,,,,,,,,
2026-07-05T05:03:20.132389+00:00,2026-07-05T05:03:20.128309,2,2,137.95,0.3,137.8,139,137.6,100,,,,,,,,,,,,,,,,,138.1,100,138.3,150,,,,,,,,,,,,,,,,
2026-07-05T05:03:21.484658+00:00,2026-07-05T05:03:21.484529,2,2,137.95,0.3,137.8,139,137.6,100,,,,,,,,,,,,,,,,,138.1,50,138.3,150,,,,,,,,,,,,,,,,
2026-07-05T05:03:21.630001+00:00,2026-07-05T05:03:21.623415,2,2,137.95,0.3,137.8,136,137.6,100,,,,,,,,,,,,,,,,,138.1,50,138.3,150,,,,,,,,,,,,,,,,
2026-07-05T05:03:23.033112+00:00,2026-07-05T05:03:23.033081,1,1,137.85,0.5,137.6,100,,,,,,,,,,,,,,,,,,,138.1,50,,,,,,,,,,,,,,,,,,
2026-07-05T05:03:23.094611+00:00,2026-07-05T05:03:23.094514,2,1,137.85,0.5,137.6,100,137.5,150,,,,,,,,,,,,,,,,,138.1,50,,,,,,,,,,,,,,,,,,
2026-07-05T05:03:23.158624+00:00,2026-07-05T05:03:23.153616,2,2,137.8,0.4,137.6,100,137.5,150,,,,,,,,,,,,,,,,,138.0,150,138.1,50,,,,,,,,,,,,,,,,
2026-07-05T05:03:23.187315+00:00,2026-07-05T05:03:23.187212,2,1,137.8,0.4,137.6,100,137.5,150,,,,,,,,,,,,,,,,,138.0,150,,,,,,,,,,,,,,,,,,
2026-07-05T05:03:23.192406+00:00,2026-07-05T05:03:23.192352,1,1,137.75,0.5,137.5,150,,,,,,,,,,,,,,,,,,,138.0,150,,,,,,,,,,,,,,,,,,
2026-07-05T05:03:23.242584+00:00,2026-07-05T05:03:23.242706,1,1,137.75,0.5,137.5,250,,,,,,,,,,,,,,,,,,,138.0,150,,,,,,,,,,,,,,,,,,
2026-07-05T05:03:23.296594+00:00,2026-07-05T05:03:23.296545,1,1,137.75,0.5,137.5,250,,,,,,,,,,,,,,,,,,,138.0,250,,,,,,,,,,,,,,,,,,
2026-07-05T05:03:24.417169+00:00,2026-07-05T05:03:24.417053,1,1,137.75,0.5,137.5,250,,,,,,,,,,,,,,,,,,,138.0,202,,,,,,,,,,,,,,,,,,
2026-07-05T05:03:25.723591+00:00,2026-07-05T05:03:25.723548,1,1,137.75,0.5,137.5,250,,,,,,,,,,,,,,,,,,,138.0,152,,,,,,,,,,,,,,,,,,
2026-07-05T05:03:26.209486+00:00,2026-07-05T05:03:26.209458,1,1,137.75,0.5,137.5,100,,,,,,,,,,,,,,,,,,,138.0,100,,,,,,,,,,,,,,,,,,
2026-07-05T05:03:26.258531+00:00,2026-07-05T05:03:26.256485,2,1,137.95,0.1,137.9,150,137.5,100,,,,,,,,,,,,,,,,,138.0,100,,,,,,,,,,,,,,,,,,
2026-07-05T05:03:26.320095+00:00,2026-07-05T05:03:26.320042,2,2,137.95,0.1,137.9,150,137.5,100,,,,,,,,,,,,,,,,,138.0,100,138.4,150,,,,,,,,,,,,,,,,
2026-07-05T05:03:26.358552+00:00,2026-07-05T05:03:26.353230,1,1,138.15,0.5,137.9,150,,,,,,,,,,,,,,,,,,,138.4,150,,,,,,,,,,,,,,,,,,
2026-07-05T05:03:26.410093+00:00,2026-07-05T05:03:26.410043,2,1,138.15,0.5,137.9,150,137.5,100,,,,,,,,,,,,,,,,,138.4,150,,,,,,,,,,,,,,,,,,
2026-07-05T05:03:26.458639+00:00,2026-07-05T05:03:26.458566,2,2,137.95,0.1,137.9,150,137.5,100,,,,,,,,,,,,,,,,,138.0,100,138.4,150,,,,,,,,,,,,,,,,
2026-07-05T05:03:26.752158+00:00,2026-07-05T05:03:26.746743,2,2,137.95,0.1,137.9,147,137.5,100,,,,,,,,,,,,,,,,,138.0,100,138.4,150,,,,,,,,,,,,,,,,
2026-07-05T05:03:27.889673+00:00,2026-07-05T05:03:27.889610,2,2,137.95,0.1,137.9,97,137.5,100,,,,,,,,,,,,,,,,,138.0,100,138.4,150,,,,,,,,,,,,,,,,
2026-07-05T05:03:28.852174+00:00,2026-07-05T05:03:28.852320,2,2,137.95,0.1,137.9,54,137.5,100,,,,,,,,,,,,,,,,,138.0,100,138.4,150,,,,,,,,,,,,,,,,
2026-07-05T05:03:29.376678+00:00,2026-07-05T05:03:29.376616,1,1,137.75,0.5,137.5,100,,,,,,,,,,,,,,,,,,,138.0,100,,,,,,,,,,,,,,,,,,
2026-07-05T05:03:29.432511+00:00,2026-07-05T05:03:29.432397,1,1,137.75,0.5,137.5,250,,,,,,,,,,,,,,,,,,,138.0,100,,,,,,,,,,,,,,,,,,
2026-07-05T05:03:29.442863+00:00,2026-07-05T05:03:29.442765,1,1,137.75,0.5,137.5,250,,,,,,,,,,,,,,,,,,,138.0,54,,,,,,,,,,,,,,,,,,
2026-07-05T05:03:29.490546+00:00,2026-07-05T05:03:29.490507,1,1,137.75,0.5,137.5,250,,,,,,,,,,,,,,,,,,,138.0,204,,,,,,,,,,,,,,,,,,
2026-07-05T05:03:29.516634+00:00,2026-07-05T05:03:29.516599,1,1,137.75,0.5,137.5,250,,,,,,,,,,,,,,,,,,,138.0,150,,,,,,,,,,,,,,,,,,
2026-07-05T05:03:29.521870+00:00,2026-07-05T05:03:29.521789,1,1,137.75,0.5,137.5,150,,,,,,,,,,,,,,,,,,,138.0,150,,,,,,,,,,,,,,,,,,
2026-07-05T05:03:29.575367+00:00,2026-07-05T05:03:29.575253,2,1,137.8,0.4,137.6,100,137.5,150,,,,,,,,,,,,,,,,,138.0,150,,,,,,,,,,,,,,,,,,
2026-07-05T05:03:29.627977+00:00,2026-07-05T05:03:29.627842,2,2,137.8,0.4,137.6,100,137.5,150,,,,,,,,,,,,,,,,,138.0,150,138.1,100,,,,,,,,,,,,,,,,
2026-07-05T05:03:29.993502+00:00,2026-07-05T05:03:29.993452,2,2,137.8,0.4,137.6,50,137.5,150,,,,,,,,,,,,,,,,,138.0,150,138.1,100,,,,,,,,,,,,,,,,
2026-07-05T05:03:30.090114+00:00,2026-07-05T05:03:30.090007,2,2,137.8,0.4,137.6,8,137.5,150,,,,,,,,,,,,,,,,,138.0,150,138.1,100,,,,,,,,,,,,,,,,
2026-07-05T05:03:32.137294+00:00,2026-07-05T05:03:32.137235,1,2,137.75,0.5,137.5,108,,,,,,,,,,,,,,,,,,,138.0,150,138.1,100,,,,,,,,,,,,,,,,
2026-07-05T05:03:32.250450+00:00,2026-07-05T05:03:32.250679,1,2,137.75,0.5,137.5,108,,,,,,,,,,,,,,,,,,,138.0,104,138.1,100,,,,,,,,,,,,,,,,
2026-07-05T05:03:32.309318+00:00,2026-07-05T05:03:32.309242,1,2,137.75,0.5,137.5,63,,,,,,,,,,,,,,,,,,,138.0,104,138.1,100,,,,,,,,,,,,,,,,
2026-07-05T05:03:32.549720+00:00,2026-07-05T05:03:32.549611,0,1,,,,,,,,,,,,,,,,,,,,,,,138.1,100,,,,,,,,,,,,,,,,,,
2026-07-05T05:03:32.605663+00:00,2026-07-05T05:03:32.605573,1,1,137.65,0.9,137.2,150,,,,,,,,,,,,,,,,,,,138.1,100,,,,,,,,,,,,,,,,,,
2026-07-05T05:03:32.690347+00:00,2026-07-05T05:03:32.690256,1,2,137.45,0.5,137.2,150,,,,,,,,,,,,,,,,,,,137.7,150,138.1,100,,,,,,,,,,,,,,,,
2026-07-05T05:03:32.695558+00:00,2026-07-05T05:03:32.695397,1,1,137.45,0.5,137.2,150,,,,,,,,,,,,,,,,,,,137.7,150,,,,,,,,,,,,,,,,,,
2026-07-05T05:03:32.758836+00:00,2026-07-05T05:03:32.758714,1,1,137.45,0.5,137.2,250,,,,,,,,,,,,,,,,,,,137.7,150,,,,,,,,,,,,,,,,,,
2026-07-05T05:03:32.819224+00:00,2026-07-05T05:03:32.804080,1,1,137.45,0.5,137.2,250,,,,,,,,,,,,,,,,,,,137.7,250,,,,,,,,,,,,,,,,,,
2026-07-05T05:03:32.911347+00:00,2026-07-05T05:03:32.911244,1,1,137.45,0.5,137.2,250,,,,,,,,,,,,,,,,,,,137.7,201,,,,,,,,,,,,,,,,,,
2026-07-05T05:03:34.246713+00:00,2026-07-05T05:03:34.246795,1,1,137.45,0.5,137.2,200,,,,,,,,,,,,,,,,,,,137.7,201,,,,,,,,,,,,,,,,,,
2026-07-05T05:03:35.748434+00:00,2026-07-05T05:03:35.748332,1,1,137.45,0.5,137.2,100,,,,,,,,,,,,,,,,,,,137.7,100,,,,,,,,,,,,,,,,,,
2026-07-05T05:03:35.801854+00:00,2026-07-05T05:03:35.801820,1,1,137.45,0.5,137.2,250,,,,,,,,,,,,,,,,,,,137.7,100,,,,,,,,,,,,,,,,,,
2026-07-05T05:03:35.858585+00:00,2026-07-05T05:03:35.856033,1,1,137.45,0.5,137.2,150,,,,,,,,,,,,,,,,,,,137.7,150,,,,,,,,,,,,,,,,,,
2026-07-05T05:03:35.918884+00:00,2026-07-05T05:03:35.918757,1,1,137.45,0.5,137.2,250,,,,,,,,,,,,,,,,,,,137.7,150,,,,,,,,,,,,,,,,,,
2026-07-05T05:03:35.972369+00:00,2026-07-05T05:03:35.972249,1,1,137.45,0.5,137.2,201,,,,,,,,,,,,,,,,,,,137.7,250,,,,,,,,,,,,,,,,,,
2026-07-05T05:03:36.378412+00:00,2026-07-05T05:03:36.378286,1,1,137.45,0.5,137.2,151,,,,,,,,,,,,,,,,,,,137.7,250,,,,,,,,,,,,,,,,,,
2026-07-05T05:03:36.627555+00:00,2026-07-05T05:03:36.627413,1,1,137.45,0.5,137.2,106,,,,,,,,,,,,,,,,,,,137.7,250,,,,,,,,,,,,,,,,,,
2026-07-05T05:03:38.485779+00:00,2026-07-05T05:03:38.485702,1,1,137.45,0.5,137.2,56,,,,,,,,,,,,,,,,,,,137.7,250,,,,,,,,,,,,,,,,,,
2026-07-05T05:03:38.914141+00:00,2026-07-05T05:03:38.914212,1,1,137.45,0.5,137.2,56,,,,,,,,,,,,,,,,,,,137.7,100,,,,,,,,,,,,,,,,,,
2026-07-05T05:03:38.968826+00:00,2026-07-05T05:03:38.968790,2,1,137.45,0.5,137.2,56,136.4,150,,,,,,,,,,,,,,,,,137.7,100,,,,,,,,,,,,,,,,,,
2026-07-05T05:03:39.020751+00:00,2026-07-05T05:03:39.020887,1,2,136.65,0.5,136.4,150,,,,,,,,,,,,,,,,,,,136.9,94,137.7,100,,,,,,,,,,,,,,,,
2026-07-05T05:03:39.031821+00:00,2026-07-05T05:03:39.025377,1,1,136.65,0.5,136.4,150,,,,,,,,,,,,,,,,,,,136.9,65,,,,,,,,,,,,,,,,,,
2026-07-05T05:03:39.079330+00:00,2026-07-05T05:03:39.079233,2,1,136.8,0.2,136.7,100,136.4,150,,,,,,,,,,,,,,,,,136.9,65,,,,,,,,,,,,,,,,,,
2026-07-05T05:03:39.133050+00:00,2026-07-05T05:03:39.132931,2,2,136.8,0.2,136.7,100,136.4,150,,,,,,,,,,,,,,,,,136.9,65,137.2,100,,,,,,,,,,,,,,,,
2026-07-05T05:03:39.989960+00:00,2026-07-05T05:03:39.983545,2,2,136.8,0.2,136.7,100,136.4,150,,,,,,,,,,,,,,,,,136.9,54,137.2,100,,,,,,,,,,,,,,,,
2026-07-05T05:03:40.622902+00:00,2026-07-05T05:03:40.622810,2,2,136.8,0.2,136.7,50,136.4,150,,,,,,,,,,,,,,,,,136.9,54,137.2,100,,,,,,,,,,,,,,,,
2026-07-05T05:03:42.080750+00:00,2026-07-05T05:03:42.080696,1,1,136.95,0.5,136.7,50,,,,,,,,,,,,,,,,,,,137.2,100,,,,,,,,,,,,,,,,,,
2026-07-05T05:03:42.135726+00:00,2026-07-05T05:03:42.135681,2,1,137.05,0.3,136.9,150,136.7,50,,,,,,,,,,,,,,,,,137.2,100,,,,,,,,,,,,,,,,,,
2026-07-05T05:03:42.185311+00:00,2026-07-05T05:03:42.185183,2,0,,,136.9,150,136.7,50,,,,,,,,,,,,,,,,,,,,,,,,,,,,,,,,,,,,
2026-07-05T05:03:42.190266+00:00,2026-07-05T05:03:42.190355,1,1,137.15,0.5,136.9,150,,,,,,,,,,,,,,,,,,,137.4,150,,,,,,,,,,,,,,,,,,
2026-07-05T05:03:42.246722+00:00,2026-07-05T05:03:42.246692,2,1,137.15,0.5,136.9,150,136.7,100,,,,,,,,,,,,,,,,,137.4,150,,,,,,,,,,,,,,,,,,
2026-07-05T05:03:42.295744+00:00,2026-07-05T05:03:42.295880,2,2,137.05,0.3,136.9,150,136.7,100,,,,,,,,,,,,,,,,,137.2,100,137.4,150,,,,,,,,,,,,,,,,
2026-07-05T05:03:42.728650+00:00,2026-07-05T05:03:42.728498,2,2,137.05,0.3,136.9,100,136.7,100,,,,,,,,,,,,,,,,,137.2,100,137.4,150,,,,,,,,,,,,,,,,
2026-07-05T05:03:44.791469+00:00,2026-07-05T05:03:44.791350,2,2,137.05,0.3,136.9,100,136.7,100,,,,,,,,,,,,,,,,,137.2,50,137.4,150,,,,,,,,,,,,,,,,
2026-07-05T05:03:45.246963+00:00,2026-07-05T05:03:45.246930,1,1,136.95,0.5,136.7,100,,,,,,,,,,,,,,,,,,,137.2,50,,,,,,,,,,,,,,,,,,
2026-07-05T05:03:45.302261+00:00,2026-07-05T05:03:45.302215,1,1,136.95,0.5,136.7,250,,,,,,,,,,,,,,,,,,,137.2,50,,,,,,,,,,,,,,,,,,
2026-07-05T05:03:45.350976+00:00,2026-07-05T05:03:45.350896,1,0,,,136.7,250,,,,,,,,,,,,,,,,,,,,,,,,,,,,,,,,,,,,,,
2026-07-05T05:03:45.355985+00:00,2026-07-05T05:03:45.356136,1,1,136.95,0.5,136.7,150,,,,,,,,,,,,,,,,,,,137.2,150,,,,,,,,,,,,,,,,,,
2026-07-05T05:03:45.411261+00:00,2026-07-05T05:03:45.411401,2,1,137.0,0.4,136.8,100,136.7,150,,,,,,,,,,,,,,,,,137.2,150,,,,,,,,,,,,,,,,,,
2026-07-05T05:03:45.469796+00:00,2026-07-05T05:03:45.469703,2,2,137.0,0.4,136.8,100,136.7,150,,,,,,,,,,,,,,,,,137.2,150,137.3,100,,,,,,,,,,,,,,,,
2026-07-05T05:03:45.949311+00:00,2026-07-05T05:03:45.949454,2,2,137.0,0.4,136.8,100,136.7,150,,,,,,,,,,,,,,,,,137.2,102,137.3,100,,,,,,,,,,,,,,,,
2026-07-05T05:03:46.906352+00:00,2026-07-05T05:03:46.906285,2,2,137.0,0.4,136.8,100,136.7,150,,,,,,,,,,,,,,,,,137.2,52,137.3,100,,,,,,,,,,,,,,,,
2026-07-05T05:03:48.429900+00:00,2026-07-05T05:03:48.429849,2,1,137.05,0.5,136.8,100,136.7,150,,,,,,,,,,,,,,,,,137.3,100,,,,,,,,,,,,,,,,,,
2026-07-05T05:03:48.434924+00:00,2026-07-05T05:03:48.434988,1,1,137.05,0.5,136.8,100,,,,,,,,,,,,,,,,,,,137.3,100,,,,,,,,,,,,,,,,,,
2026-07-05T05:03:48.498731+00:00,2026-07-05T05:03:48.491822,2,1,137.2,0.2,137.1,139,136.8,100,,,,,,,,,,,,,,,,,137.3,100,,,,,,,,,,,,,,,,,,
2026-07-05T05:03:48.525001+00:00,2026-07-05T05:03:48.524954,1,0,,,137.1,139,,,,,,,,,,,,,,,,,,,,,,,,,,,,,,,,,,,,,,
2026-07-05T05:03:48.540489+00:00,2026-07-05T05:03:48.540427,1,1,137.35,0.5,137.1,139,,,,,,,,,,,,,,,,,,,137.6,150,,,,,,,,,,,,,,,,,,
2026-07-05T05:03:48.591220+00:00,2026-07-05T05:03:48.591149,2,1,137.35,0.5,137.1,139,136.8,100,,,,,,,,,,,,,,,,,137.6,150,,,,,,,,,,,,,,,,,,
2026-07-05T05:03:48.647390+00:00,2026-07-05T05:03:48.647278,2,2,137.2,0.2,137.1,139,136.8,100,,,,,,,,,,,,,,,,,137.3,100,137.6,150,,,,,,,,,,,,,,,,
2026-07-05T05:03:49.036936+00:00,2026-07-05T05:03:49.037106,2,2,137.2,0.2,137.1,139,136.8,100,,,,,,,,,,,,,,,,,137.3,50,137.6,150,,,,,,,,,,,,,,,,
2026-07-05T05:03:51.149667+00:00,2026-07-05T05:03:51.149754,2,1,137.35,0.5,137.1,139,136.8,100,,,,,,,,,,,,,,,,,137.6,150,,,,,,,,,,,,,,,,,,
2026-07-05T05:03:51.591462+00:00,2026-07-05T05:03:51.591388,2,0,,,137.1,139,136.8,100,,,,,,,,,,,,,,,,,,,,,,,,,,,,,,,,,,,,
2026-07-05T05:03:51.596638+00:00,2026-07-05T05:03:51.596567,1,0,,,136.8,100,,,,,,,,,,,,,,,,,,,,,,,,,,,,,,,,,,,,,,
2026-07-05T05:03:51.658680+00:00,2026-07-05T05:03:51.649948,2,0,,,137.2,150,136.8,100,,,,,,,,,,,,,,,,,,,,,,,,,,,,,,,,,,,,
2026-07-05T05:03:51.702108+00:00,2026-07-05T05:03:51.702006,1,1,137.45,0.5,137.2,150,,,,,,,,,,,,,,,,,,,137.7,150,,,,,,,,,,,,,,,,,,
2026-07-05T05:03:51.753199+00:00,2026-07-05T05:03:51.753138,1,1,137.45,0.5,137.2,250,,,,,,,,,,,,,,,,,,,137.7,150,,,,,,,,,,,,,,,,,,
2026-07-05T05:03:51.808104+00:00,2026-07-05T05:03:51.808045,1,1,137.45,0.5,137.2,250,,,,,,,,,,,,,,,,,,,137.7,250,,,,,,,,,,,,,,,,,,
2026-07-05T05:03:52.463932+00:00,2026-07-05T05:03:52.463866,1,1,137.45,0.5,137.2,250,,,,,,,,,,,,,,,,,,,137.7,210,,,,,,,,,,,,,,,,,,
2026-07-05T05:03:53.328624+00:00,2026-07-05T05:03:53.328587,1,1,137.45,0.5,137.2,200,,,,,,,,,,,,,,,,,,,137.7,210,,,,,,,,,,,,,,,,,,
2026-07-05T05:03:54.758611+00:00,2026-07-05T05:03:54.750460,1,1,137.45,0.5,137.2,100,,,,,,,,,,,,,,,,,,,137.7,100,,,,,,,,,,,,,,,,,,
2026-07-05T05:03:54.808354+00:00,2026-07-05T05:03:54.808250,1,1,137.45,0.5,137.2,250,,,,,,,,,,,,,,,,,,,137.7,100,,,,,,,,,,,,,,,,,,
2026-07-05T05:03:54.861445+00:00,2026-07-05T05:03:54.861413,1,0,,,137.2,150,,,,,,,,,,,,,,,,,,,,,,,,,,,,,,,,,,,,,,
2026-07-05T05:03:54.866487+00:00,2026-07-05T05:03:54.866570,1,1,137.45,0.5,137.2,150,,,,,,,,,,,,,,,,,,,137.7,150,,,,,,,,,,,,,,,,,,
2026-07-05T05:03:54.931486+00:00,2026-07-05T05:03:54.931577,2,1,137.5,0.4,137.3,100,137.2,150,,,,,,,,,,,,,,,,,137.7,150,,,,,,,,,,,,,,,,,,
2026-07-05T05:03:54.994712+00:00,2026-07-05T05:03:54.982981,2,2,137.5,0.4,137.3,100,137.2,150,,,,,,,,,,,,,,,,,137.7,150,137.8,100,,,,,,,,,,,,,,,,
2026-07-05T05:03:55.436756+00:00,2026-07-05T05:03:55.436730,2,2,137.5,0.4,137.3,50,137.2,150,,,,,,,,,,,,,,,,,137.7,150,137.8,100,,,,,,,,,,,,,,,,
2026-07-05T05:03:55.857369+00:00,2026-07-05T05:03:55.847859,2,2,137.5,0.4,137.3,38,137.2,150,,,,,,,,,,,,,,,,,137.7,150,137.8,100,,,,,,,,,,,,,,,,
2026-07-05T05:03:57.569331+00:00,2026-07-05T05:03:57.569203,1,2,137.45,0.5,137.2,138,,,,,,,,,,,,,,,,,,,137.7,150,137.8,100,,,,,,,,,,,,,,,,
2026-07-05T05:03:57.921653+00:00,2026-07-05T05:03:57.921596,0,1,,,,,,,,,,,,,,,,,,,,,,,137.8,100,,,,,,,,,,,,,,,,,,
2026-07-05T05:03:57.976306+00:00,2026-07-05T05:03:57.976252,1,1,137.45,0.7,137.1,150,,,,,,,,,,,,,,,,,,,137.8,100,,,,,,,,,,,,,,,,,,
2026-07-05T05:03:58.030073+00:00,2026-07-05T05:03:58.030034,1,2,137.35,0.5,137.1,150,,,,,,,,,,,,,,,,,,,137.6,150,137.8,100,,,,,,,,,,,,,,,,
2026-07-05T05:03:58.040319+00:00,2026-07-05T05:03:58.040397,1,1,137.35,0.5,137.1,150,,,,,,,,,,,,,,,,,,,137.6,150,,,,,,,,,,,,,,,,,,
2026-07-05T05:03:58.123473+00:00,2026-07-05T05:03:58.123366,2,1,137.35,0.5,137.1,150,137.0,100,,,,,,,,,,,,,,,,,137.6,150,,,,,,,,,,,,,,,,,,
2026-07-05T05:03:58.183877+00:00,2026-07-05T05:03:58.183735,2,2,137.3,0.4,137.1,150,137.0,100,,,,,,,,,,,,,,,,,137.5,100,137.6,150,,,,,,,,,,,,,,,,
2026-07-05T05:03:58.208403+00:00,2026-07-05T05:03:58.208283,2,2,137.3,0.4,137.1,101,137.0,100,,,,,,,,,,,,,,,,,137.5,100,137.6,150,,,,,,,,,,,,,,,,
2026-07-05T05:03:58.791591+00:00,2026-07-05T05:03:58.791711,2,2,137.3,0.4,137.1,101,137.0,100,,,,,,,,,,,,,,,,,137.5,52,137.6,150,,,,,,,,,,,,,,,,
2026-07-05T05:03:59.742852+00:00,2026-07-05T05:03:59.742720,2,2,137.3,0.4,137.1,61,137.0,100,,,,,,,,,,,,,,,,,137.5,52,137.6,150,,,,,,,,,,,,,,,,
2026-07-05T05:04:01.084560+00:00,2026-07-05T05:04:01.084501,1,1,137.25,0.5,137.0,100,,,,,,,,,,,,,,,,,,,137.5,52,,,,,,,,,,,,,,,,,,
2026-07-05T05:04:01.137324+00:00,2026-07-05T05:04:01.137258,2,1,137.25,0.5,137.0,100,136.8,150,,,,,,,,,,,,,,,,,137.5,52,,,,,,,,,,,,,,,,,,
2026-07-05T05:04:01.191211+00:00,2026-07-05T05:04:01.191367,2,2,137.15,0.3,137.0,100,136.8,150,,,,,,,,,,,,,,,,,137.3,150,137.5,52,,,,,,,,,,,,,,,,
2026-07-05T05:04:01.233769+00:00,2026-07-05T05:04:01.233745,2,1,137.15,0.3,137.0,100,136.8,150,,,,,,,,,,,,,,,,,137.3,150,,,,,,,,,,,,,,,,,,
2026-07-05T05:04:01.238836+00:00,2026-07-05T05:04:01.238916,1,1,137.05,0.5,136.8,150,,,,,,,,,,,,,,,,,,,137.3,150,,,,,,,,,,,,,,,,,,
2026-07-05T05:04:01.294774+00:00,2026-07-05T05:04:01.294704,2,1,137.2,0.2,137.1,100,136.8,150,,,,,,,,,,,,,,,,,137.3,150,,,,,,,,,,,,,,,,,,
2026-07-05T05:04:01.347122+00:00,2026-07-05T05:04:01.347218,2,2,137.2,0.2,137.1,100,136.8,150,,,,,,,,,,,,,,,,,137.3,150,137.6,100,,,,,,,,,,,,,,,,
2026-07-05T05:04:03.898425+00:00,2026-07-05T05:04:03.898346,2,2,137.2,0.2,137.1,50,136.8,150,,,,,,,,,,,,,,,,,137.3,150,137.6,100,,,,,,,,,,,,,,,,
2026-07-05T05:04:04.247785+00:00,2026-07-05T05:04:04.247681,1,1,137.35,0.5,137.1,50,,,,,,,,,,,,,,,,,,,137.6,100,,,,,,,,,,,,,,,,,,
2026-07-05T05:04:04.306821+00:00,2026-07-05T05:04:04.306703,2,1,137.35,0.5,137.1,50,136.7,150,,,,,,,,,,,,,,,,,137.6,100,,,,,,,,,,,,,,,,,,
2026-07-05T05:04:04.363645+00:00,2026-07-05T05:04:04.363889,2,2,137.15,0.1,137.1,50,136.7,150,,,,,,,,,,,,,,,,,137.2,150,137.6,100,,,,,,,,,,,,,,,,
2026-07-05T05:04:04.400081+00:00,2026-07-05T05:04:04.399966,1,1,136.95,0.5,136.7,150,,,,,,,,,,,,,,,,,,,137.2,150,,,,,,,,,,,,,,,,,,
2026-07-05T05:04:04.458655+00:00,2026-07-05T05:04:04.454398,2,1,137.05,0.3,136.9,100,136.7,150,,,,,,,,,,,,,,,,,137.2,150,,,,,,,,,,,,,,,,,,
2026-07-05T05:04:04.508167+00:00,2026-07-05T05:04:04.508079,2,2,137.05,0.3,136.9,100,136.7,150,,,,,,,,,,,,,,,,,137.2,150,137.4,100,,,,,,,,,,,,,,,,
2026-07-05T05:04:04.901612+00:00,2026-07-05T05:04:04.895498,2,2,137.05,0.3,136.9,100,136.7,150,,,,,,,,,,,,,,,,,137.2,115,137.4,100,,,,,,,,,,,,,,,,
2026-07-05T05:04:04.935837+00:00,2026-07-05T05:04:04.935719,2,2,137.05,0.3,136.9,100,136.7,150,,,,,,,,,,,,,,,,,137.2,74,137.4,100,,,,,,,,,,,,,,,,
2026-07-05T05:04:07.414252+00:00,2026-07-05T05:04:07.414172,1,1,137.15,0.5,136.9,100,,,,,,,,,,,,,,,,,,,137.4,100,,,,,,,,,,,,,,,,,,
2026-07-05T05:04:07.470079+00:00,2026-07-05T05:04:07.469995,2,1,137.25,0.3,137.1,150,136.9,100,,,,,,,,,,,,,,,,,137.4,100,,,,,,,,,,,,,,,,,,
2026-07-05T05:04:07.518881+00:00,2026-07-05T05:04:07.518798,2,2,137.25,0.3,137.1,150,136.9,100,,,,,,,,,,,,,,,,,137.4,100,137.6,150,,,,,,,,,,,,,,,,
2026-07-05T05:04:07.558578+00:00,2026-07-05T05:04:07.557439,1,1,137.35,0.5,137.1,150,,,,,,,,,,,,,,,,,,,137.6,150,,,,,,,,,,,,,,,,,,
2026-07-05T05:04:07.616875+00:00,2026-07-05T05:04:07.617027,2,1,137.4,0.4,137.2,100,137.1,150,,,,,,,,,,,,,,,,,137.6,150,,,,,,,,,,,,,,,,,,
2026-07-05T05:04:07.670206+00:00,2026-07-05T05:04:07.670087,2,2,137.4,0.4,137.2,100,137.1,150,,,,,,,,,,,,,,,,,137.6,150,137.7,100,,,,,,,,,,,,,,,,
2026-07-05T05:04:09.549910+00:00,2026-07-05T05:04:09.549883,2,2,137.4,0.4,137.2,51,137.1,150,,,,,,,,,,,,,,,,,137.6,150,137.7,100,,,,,,,,,,,,,,,,
2026-07-05T05:04:10.575907+00:00,2026-07-05T05:04:10.576044,1,1,137.45,0.5,137.2,51,,,,,,,,,,,,,,,,,,,137.7,100,,,,,,,,,,,,,,,,,,
2026-07-05T05:04:10.631493+00:00,2026-07-05T05:04:10.631334,2,1,137.55,0.3,137.4,150,137.2,51,,,,,,,,,,,,,,,,,137.7,100,,,,,,,,,,,,,,,,,,
2026-07-05T05:04:10.685237+00:00,2026-07-05T05:04:10.685145,2,2,137.55,0.3,137.4,150,137.2,51,,,,,,,,,,,,,,,,,137.7,100,137.9,150,,,,,,,,,,,,,,,,
2026-07-05T05:04:10.730321+00:00,2026-07-05T05:04:10.730217,1,1,137.65,0.5,137.4,150,,,,,,,,,,,,,,,,,,,137.9,150,,,,,,,,,,,,,,,,,,
2026-07-05T05:04:10.782146+00:00,2026-07-05T05:04:10.782051,2,1,137.65,0.5,137.4,150,137.1,100,,,,,,,,,,,,,,,,,137.9,150,,,,,,,,,,,,,,,,,,
2026-07-05T05:04:10.858579+00:00,2026-07-05T05:04:10.854599,2,2,137.5,0.2,137.4,150,137.1,100,,,,,,,,,,,,,,,,,137.6,100,137.9,150,,,,,,,,,,,,,,,,
2026-07-05T05:04:13.739385+00:00,2026-07-05T05:04:13.739279,1,1,137.35,0.5,137.1,100,,,,,,,,,,,,,,,,,,,137.6,100,,,,,,,,,,,,,,,,,,
