recv_time,book_timestamp,n_bids,n_asks,mid,spread,bid_px_0,bid_vol_0,bid_px_1,bid_vol_1,bid_px_2,bid_vol_2,bid_px_3,bid_vol_3,bid_px_4,bid_vol_4,bid_px_5,bid_vol_5,bid_px_6,bid_vol_6,bid_px_7,bid_vol_7,bid_px_8,bid_vol_8,bid_px_9,bid_vol_9,ask_px_0,ask_vol_0,ask_px_1,ask_vol_1,ask_px_2,ask_vol_2,ask_px_3,ask_vol_3,ask_px_4,ask_vol_4,ask_px_5,ask_vol_5,ask_px_6,ask_vol_6,ask_px_7,ask_vol_7,ask_px_8,ask_vol_8,ask_px_9,ask_vol_9
2026-07-06T06:00:00.593842+00:00,2026-07-06T06:00:00.593772,1,1,160.35,0.5,160.1,100,,,,,,,,,,,,,,,,,,,160.6,100,,,,,,,,,,,,,,,,,,
2026-07-06T06:00:00.650108+00:00,2026-07-06T06:00:00.650034,2,1,160.4,0.4,160.2,150,160.1,100,,,,,,,,,,,,,,,,,160.6,100,,,,,,,,,,,,,,,,,,
2026-07-06T06:00:00.703300+00:00,2026-07-06T06:00:00.703251,2,2,160.4,0.4,160.2,150,160.1,100,,,,,,,,,,,,,,,,,160.6,100,160.7,150,,,,,,,,,,,,,,,,
2026-07-06T06:00:01.429555+00:00,2026-07-06T06:00:01.429713,2,2,160.4,0.4,160.2,104,160.1,100,,,,,,,,,,,,,,,,,160.6,100,160.7,150,,,,,,,,,,,,,,,,
2026-07-06T06:00:02.070981+00:00,2026-07-06T06:00:02.070540,2,2,160.4,0.4,160.2,104,160.1,100,,,,,,,,,,,,,,,,,160.6,50,160.7,150,,,,,,,,,,,,,,,,
2026-07-06T06:00:02.558575+00:00,2026-07-06T06:00:02.555654,1,1,160.45,0.5,160.2,104,,,,,,,,,,,,,,,,,,,160.7,150,,,,,,,,,,,,,,,,,,
2026-07-06T06:00:02.616980+00:00,2026-07-06T06:00:02.616857,2,1,160.45,0.5,160.2,104,160.1,100,,,,,,,,,,,,,,,,,160.7,150,,,,,,,,,,,,,,,,,,
2026-07-06T06:00:02.670421+00:00,2026-07-06T06:00:02.670306,2,2,160.4,0.4,160.2,104,160.1,100,,,,,,,,,,,,,,,,,160.6,100,160.7,150,,,,,,,,,,,,,,,,
2026-07-06T06:00:02.964551+00:00,2026-07-06T06:00:02.964518,2,2,160.4,0.4,160.2,104,160.1,100,,,,,,,,,,,,,,,,,160.6,55,160.7,150,,,,,,,,,,,,,,,,
2026-07-06T06:00:03.758575+00:00,2026-07-06T06:00:03.753971,1,1,160.35,0.5,160.1,100,,,,,,,,,,,,,,,,,,,160.6,55,,,,,,,,,,,,,,,,,,
2026-07-06T06:00:03.829476+00:00,2026-07-06T06:00:03.809571,1,1,160.35,0.5,160.1,250,,,,,,,,,,,,,,,,,,,160.6,55,,,,,,,,,,,,,,,,,,
2026-07-06T06:00:03.867901+00:00,2026-07-06T06:00:03.867748,1,1,160.35,0.5,160.1,250,,,,,,,,,,,,,,,,,,,160.6,205,,,,,,,,,,,,,,,,,,
2026-07-06T06:00:04.238372+00:00,2026-07-06T06:00:04.238265,1,1,160.35,0.5,160.1,200,,,,,,,,,,,,,,,,,,,160.6,205,,,,,,,,,,,,,,,,,,
2026-07-06T06:00:05.074262+00:00,2026-07-06T06:00:05.074142,1,1,160.35,0.5,160.1,200,,,,,,,,,,,,,,,,,,,160.6,163,,,,,,,,,,,,,,,,,,
2026-07-06T06:00:05.725944+00:00,2026-07-06T06:00:05.726065,1,1,160.35,0.5,160.1,150,,,,,,,,,,,,,,,,,,,160.6,150,,,,,,,,,,,,,,,,,,
2026-07-06T06:00:05.783342+00:00,2026-07-06T06:00:05.783235,2,1,160.4,0.4,160.2,100,160.1,150,,,,,,,,,,,,,,,,,160.6,150,,,,,,,,,,,,,,,,,,
2026-07-06T06:00:05.838707+00:00,2026-07-06T06:00:05.838502,2,2,160.4,0.4,160.2,100,160.1,150,,,,,,,,,,,,,,,,,160.6,150,160.7,100,,,,,,,,,,,,,,,,
2026-07-06T06:00:06.128118+00:00,2026-07-06T06:00:06.128030,2,2,160.4,0.4,160.2,56,160.1,150,,,,,,,,,,,,,,,,,160.6,150,160.7,100,,,,,,,,,,,,,,,,
2026-07-06T06:00:06.343945+00:00,2026-07-06T06:00:06.343892,2,2,160.4,0.4,160.2,6,160.1,150,,,,,,,,,,,,,,,,,160.6,150,160.7,100,,,,,,,,,,,,,,,,
2026-07-06T06:00:06.920929+00:00,2026-07-06T06:00:06.920881,1,1,160.45,0.5,160.2,6,,,,,,,,,,,,,,,,,,,160.7,100,,,,,,,,,,,,,,,,,,
2026-07-06T06:00:06.975625+00:00,2026-07-06T06:00:06.975557,2,1,160.45,0.5,160.2,6,160.0,150,,,,,,,,,,,,,,,,,160.7,100,,,,,,,,,,,,,,,,,,
2026-07-06T06:00:07.028130+00:00,2026-07-06T06:00:07.028222,2,2,160.35,0.3,160.2,6,160.0,150,,,,,,,,,,,,,,,,,160.5,150,160.7,100,,,,,,,,,,,,,,,,
2026-07-06T06:00:07.941788+00:00,2026-07-06T06:00:07.941673,1,2,160.25,0.5,160.0,150,,,,,,,,,,,,,,,,,,,160.5,150,160.7,100,,,,,,,,,,,,,,,,
2026-07-06T06:00:08.892329+00:00,2026-07-06T06:00:08.892410,1,1,160.25,0.5,160.0,150,,,,,,,,,,,,,,,,,,,160.5,150,,,,,,,,,,,,,,,,,,
2026-07-06T06:00:08.945568+00:00,2026-07-06T06:00:08.945502,2,1,160.3,0.4,160.1,100,160.0,150,,,,,,,,,,,,,,,,,160.5,150,,,,,,,,,,,,,,,,,,
2026-07-06T06:00:08.996417+00:00,2026-07-06T06:00:08.996304,2,2,160.3,0.4,160.1,100,160.0,150,,,,,,,,,,,,,,,,,160.5,150,160.6,100,,,,,,,,,,,,,,,,
2026-07-06T06:00:10.082985+00:00,2026-07-06T06:00:10.082879,1,1,160.35,0.5,160.1,100,,,,,,,,,,,,,,,,,,,160.6,100,,,,,,,,,,,,,,,,,,
2026-07-06T06:00:10.138072+00:00,2026-07-06T06:00:10.138254,2,1,160.45,0.3,160.3,150,160.1,100,,,,,,,,,,,,,,,,,160.6,100,,,,,,,,,,,,,,,,,,
2026-07-06T06:00:10.191602+00:00,2026-07-06T06:00:10.191543,2,2,160.45,0.3,160.3,150,160.1,100,,,,,,,,,,,,,,,,,160.6,100,160.8,150,,,,,,,,,,,,,,,,
2026-07-06T06:00:10.523754+00:00,2026-07-06T06:00:10.523872,2,2,160.45,0.3,160.3,150,160.1,100,,,,,,,,,,,,,,,,,160.6,50,160.8,150,,,,,,,,,,,,,,,,
2026-07-06T06:00:11.658551+00:00,2026-07-06T06:00:11.658905,2,2,160.45,0.3,160.3,150,160.1,100,,,,,,,,,,,,,,,,,160.6,9,160.8,150,,,,,,,,,,,,,,,,
2026-07-06T06:00:12.058655+00:00,2026-07-06T06:00:12.053249,1,1,160.55,0.5,160.3,150,,,,,,,,,,,,,,,,,,,160.8,150,,,,,,,,,,,,,,,,,,
2026-07-06T06:00:12.109033+00:00,2026-07-06T06:00:12.109002,2,1,160.6,0.4,160.4,100,160.3,150,,,,,,,,,,,,,,,,,160.8,150,,,,,,,,,,,,,,,,,,
2026-07-06T06:00:12.164296+00:00,2026-07-06T06:00:12.164166,2,2,160.6,0.4,160.4,100,160.3,150,,,,,,,,,,,,,,,,,160.8,150,160.9,100,,,,,,,,,,,,,,,,
2026-07-06T06:00:12.222171+00:00,2026-07-06T06:00:12.222074,2,2,160.6,0.4,160.4,100,160.3,150,,,,,,,,,,,,,,,,,160.8,105,160.9,100,,,,,,,,,,,,,,,,
2026-07-06T06:00:12.687869+00:00,2026-07-06T06:00:12.688053,2,2,160.6,0.4,160.4,50,160.3,150,,,,,,,,,,,,,,,,,160.8,105,160.9,100,,,,,,,,,,,,,,,,
2026-07-06T06:00:13.246089+00:00,2026-07-06T06:00:13.246040,1,1,160.65,0.5,160.4,50,,,,,,,,,,,,,,,,,,,160.9,100,,,,,,,,,,,,,,,,,,
2026-07-06T06:00:13.300609+00:00,2026-07-06T06:00:13.300524,1,1,160.65,0.5,160.4,200,,,,,,,,,,,,,,,,,,,160.9,100,,,,,,,,,,,,,,,,,,
2026-07-06T06:00:13.358660+00:00,2026-07-06T06:00:13.353159,1,1,160.65,0.5,160.4,200,,,,,,,,,,,,,,,,,,,160.9,250,,,,,,,,,,,,,,,,,,
2026-07-06T06:00:13.785615+00:00,2026-07-06T06:00:13.785586,1,1,160.65,0.5,160.4,158,,,,,,,,,,,,,,,,,,,160.9,250,,,,,,,,,,,,,,,,,,
2026-07-06T06:00:14.810481+00:00,2026-07-06T06:00:14.810321,1,1,160.65,0.5,160.4,108,,,,,,,,,,,,,,,,,,,160.9,250,,,,,,,,,,,,,,,,,,
2026-07-06T06:00:15.219906+00:00,2026-07-06T06:00:15.219877,1,1,160.65,0.5,160.4,108,,,,,,,,,,,,,,,,,,,160.9,150,,,,,,,,,,,,,,,,,,
2026-07-06T06:00:15.272932+00:00,2026-07-06T06:00:15.273139,2,1,160.65,0.5,160.4,108,160.1,100,,,,,,,,,,,,,,,,,160.9,150,,,,,,,,,,,,,,,,,,
2026-07-06T06:00:15.327394+00:00,2026-07-06T06:00:15.327307,2,2,160.5,0.2,160.4,108,160.1,100,,,,,,,,,,,,,,,,,160.6,100,160.9,150,,,,,,,,,,,,,,,,
2026-07-06T06:00:16.407196+00:00,2026-07-06T06:00:16.407149,1,1,160.35,0.5,160.1,100,,,,,,,,,,,,,,,,,,,160.6,100,,,,,,,,,,,,,,,,,,
2026-07-06T06:00:16.458538+00:00,2026-07-06T06:00:16.456689,2,1,160.45,0.3,160.3,150,160.1,100,,,,,,,,,,,,,,,,,160.6,100,,,,,,,,,,,,,,,,,,
2026-07-06T06:00:16.507096+00:00,2026-07-06T06:00:16.503860,2,2,160.45,0.3,160.3,150,160.1,100,,,,,,,,,,,,,,,,,160.6,100,160.8,150,,,,,,,,,,,,,,,,
2026-07-06T06:00:16.614630+00:00,2026-07-06T06:00:16.614499,2,2,160.45,0.3,160.3,107,160.1,100,,,,,,,,,,,,,,,,,160.6,100,160.8,150,,,,,,,,,,,,,,,,
2026-07-06T06:00:16.918686+00:00,2026-07-06T06:00:16.918652,2,2,160.45,0.3,160.3,57,160.1,100,,,,,,,,,,,,,,,,,160.6,100,160.8,150,,,,,,,,,,,,,,,,
2026-07-06T06:00:18.385071+00:00,2026-07-06T06:00:18.384970,1,1,160.55,0.5,160.3,57,,,,,,,,,,,,,,,,,,,160.8,150,,,,,,,,,,,,,,,,,,
2026-07-06T06:00:18.438268+00:00,2026-07-06T06:00:18.438163,2,1,160.55,0.5,160.3,57,160.0,100,,,,,,,,,,,,,,,,,160.8,150,,,,,,,,,,,,,,,,,,
2026-07-06T06:00:18.496545+00:00,2026-07-06T06:00:18.496442,2,2,160.4,0.2,160.3,57,160.0,100,,,,,,,,,,,,,,,,,160.5,100,160.8,150,,,,,,,,,,,,,,,,
2026-07-06T06:00:18.858597+00:00,2026-07-06T06:00:18.855877,2,2,160.4,0.2,160.3,57,160.0,100,,,,,,,,,,,,,,,,,160.5,56,160.8,150,,,,,,,,,,,,,,,,
2026-07-06T06:00:19.037531+00:00,2026-07-06T06:00:19.037422,2,2,160.4,0.2,160.3,7,160.0,100,,,,,,,,,,,,,,,,,160.5,56,160.8,150,,,,,,,,,,,,,,,,
2026-07-06T06:00:19.574454+00:00,2026-07-06T06:00:19.574320,1,1,160.25,0.5,160.0,100,,,,,,,,,,,,,,,,,,,160.5,56,,,,,,,,,,,,,,,,,,
2026-07-06T06:00:19.629428+00:00,2026-07-06T06:00:19.629597,2,1,160.25,0.5,160.0,100,159.8,150,,,,,,,,,,,,,,,,,160.5,56,,,,,,,,,,,,,,,,,,
2026-07-06T06:00:19.696082+00:00,2026-07-06T06:00:19.689391,2,2,160.15,0.3,160.0,100,159.8,150,,,,,,,,,,,,,,,,,160.3,136,160.5,56,,,,,,,,,,,,,,,,
2026-07-06T06:00:20.579710+00:00,2026-07-06T06:00:20.579868,2,2,160.15,0.3,160.0,100,159.8,150,,,,,,,,,,,,,,,,,160.3,95,160.5,56,,,,,,,,,,,,,,,,
2026-07-06T06:00:21.140154+00:00,2026-07-06T06:00:21.140062,2,2,160.15,0.3,160.0,50,159.8,150,,,,,,,,,,,,,,,,,160.3,95,160.5,56,,,,,,,,,,,,,,,,
2026-07-06T06:00:21.553010+00:00,2026-07-06T06:00:21.552888,1,1,160.05,0.5,159.8,150,,,,,,,,,,,,,,,,,,,160.3,95,,,,,,,,,,,,,,,,,,
2026-07-06T06:00:21.608461+00:00,2026-07-06T06:00:21.608359,2,1,160.25,0.1,160.2,100,159.8,150,,,,,,,,,,,,,,,,,160.3,95,,,,,,,,,,,,,,,,,,
2026-07-06T06:00:21.658615+00:00,2026-07-06T06:00:21.656943,2,2,160.25,0.1,160.2,100,159.8,150,,,,,,,,,,,,,,,,,160.3,95,160.7,100,,,,,,,,,,,,,,,,
2026-07-06T06:00:22.007186+00:00,2026-07-06T06:00:22.003109,2,2,160.25,0.1,160.2,100,159.8,150,,,,,,,,,,,,,,,,,160.3,72,160.7,100,,,,,,,,,,,,,,,,
2026-07-06T06:00:22.738841+00:00,2026-07-06T06:00:22.738738,1,1,160.45,0.5,160.2,100,,,,,,,,,,,,,,,,,,,160.7,100,,,,,,,,,,,,,,,,,,
2026-07-06T06:00:22.792844+00:00,2026-07-06T06:00:22.792730,2,1,160.5,0.4,160.3,150,160.2,100,,,,,,,,,,,,,,,,,160.7,100,,,,,,,,,,,,,,,,,,
2026-07-06T06:00:22.844287+00:00,2026-07-06T06:00:22.844410,2,2,160.5,0.4,160.3,150,160.2,100,,,,,,,,,,,,,,,,,160.7,100,160.8,150,,,,,,,,,,,,,,,,
2026-07-06T06:00:23.113844+00:00,2026-07-06T06:00:23.113811,2,2,160.5,0.4,160.3,108,160.2,100,,,,,,,,,,,,,,,,,160.7,100,160.8,150,,,,,,,,,,,,,,,,
2026-07-06T06:00:23.277221+00:00,2026-07-06T06:00:23.277024,2,2,160.5,0.4,160.3,58,160.2,100,,,,,,,,,,,,,,,,,160.7,100,160.8,150,,,,,,,,,,,,,,,,
2026-07-06T06:00:24.717239+00:00,2026-07-06T06:00:24.717397,1,1,160.55,0.5,160.3,58,,,,,,,,,,,,,,,,,,,160.8,150,,,,,,,,,,,,,,,,,,
2026-07-06T06:00:24.769123+00:00,2026-07-06T06:00:24.769006,2,1,160.7,0.2,160.6,100,160.3,58,,,,,,,,,,,,,,,,,160.8,150,,,,,,,,,,,,,,,,,,
2026-07-06T06:00:24.823235+00:00,2026-07-06T06:00:24.823123,2,2,160.7,0.2,160.6,100,160.3,58,,,,,,,,,,,,,,,,,160.8,150,161.1,100,,,,,,,,,,,,,,,,
2026-07-06T06:00:25.384853+00:00,2026-07-06T06:00:25.385012,2,2,160.7,0.2,160.6,50,160.3,58,,,,,,,,,,,,,,,,,160.8,150,161.1,100,,,,,,,,,,,,,,,,
2026-07-06T06:00:25.897011+00:00,2026-07-06T06:00:25.897215,1,1,160.85,0.5,160.6,50,,,,,,,,,,,,,,,,,,,161.1,100,,,,,,,,,,,,,,,,,,
2026-07-06T06:00:25.952506+00:00,2026-07-06T06:00:25.952397,2,1,160.85,0.5,160.6,50,160.2,150,,,,,,,,,,,,,,,,,161.1,100,,,,,,,,,,,,,,,,,,
2026-07-06T06:00:26.005875+00:00,2026-07-06T06:00:26.005753,2,2,160.65,0.1,160.6,50,160.2,150,,,,,,,,,,,,,,,,,160.7,150,161.1,100,,,,,,,,,,,,,,,,
2026-07-06T06:00:27.512529+00:00,2026-07-06T06:00:27.512666,1,2,160.45,0.5,160.2,150,,,,,,,,,,,,,,,,,,,160.7,150,161.1,100,,,,,,,,,,,,,,,,
2026-07-06T06:00:27.879300+00:00,2026-07-06T06:00:27.879241,1,1,160.45,0.5,160.2,150,,,,,,,,,,,,,,,,,,,160.7,150,,,,,,,,,,,,,,,,,,
2026-07-06T06:00:27.931801+00:00,2026-07-06T06:00:27.931747,2,1,160.5,0.4,160.3,100,160.2,150,,,,,,,,,,,,,,,,,160.7,150,,,,,,,,,,,,,,,,,,
2026-07-06T06:00:27.984439+00:00,2026-07-06T06:00:27.984321,2,2,160.5,0.4,160.3,100,160.2,150,,,,,,,,,,,,,,,,,160.7,150,160.8,100,,,,,,,,,,,,,,,,
2026-07-06T06:00:29.053849+00:00,2026-07-06T06:00:29.054084,1,1,160.55,0.5,160.3,100,,,,,,,,,,,,,,,,,,,160.8,100,,,,,,,,,,,,,,,,,,
2026-07-06T06:00:29.116467+00:00,2026-07-06T06:00:29.116335,2,1,160.55,0.5,160.3,100,160.2,150,,,,,,,,,,,,,,,,,160.8,100,,,,,,,,,,,,,,,,,,
2026-07-06T06:00:29.168969+00:00,2026-07-06T06:00:29.168922,2,2,160.5,0.4,160.3,100,160.2,150,,,,,,,,,,,,,,,,,160.7,150,160.8,100,,,,,,,,,,,,,,,,
2026-07-06T06:00:29.621024+00:00,2026-07-06T06:00:29.620887,2,2,160.5,0.4,160.3,50,160.2,150,,,,,,,,,,,,,,,,,160.7,150,160.8,100,,,,,,,,,,,,,,,,
2026-07-06T06:00:30.681010+00:00,2026-07-06T06:00:30.680881,2,2,160.5,0.4,160.3,50,160.2,150,,,,,,,,,,,,,,,,,160.7,102,160.8,100,,,,,,,,,,,,,,,,
2026-07-06T06:00:31.038218+00:00,2026-07-06T06:00:31.038065,1,1,160.45,0.5,160.2,150,,,,,,,,,,,,,,,,,,,160.7,102,,,,,,,,,,,,,,,,,,
2026-07-06T06:00:31.093112+00:00,2026-07-06T06:00:31.092959,2,1,160.45,0.5,160.2,150,160.1,100,,,,,,,,,,,,,,,,,160.7,102,,,,,,,,,,,,,,,,,,
2026-07-06T06:00:31.150532+00:00,2026-07-06T06:00:31.150419,2,2,160.4,0.4,160.2,150,160.1,100,,,,,,,,,,,,,,,,,160.6,100,160.7,102,,,,,,,,,,,,,,,,
2026-07-06T06:00:31.735107+00:00,2026-07-06T06:00:31.734963,2,2,160.4,0.4,160.2,100,160.1,100,,,,,,,,,,,,,,,,,160.6,100,160.7,102,,,,,,,,,,,,,,,,
2026-07-06T06:00:32.230408+00:00,2026-07-06T06:00:32.230224,1,1,160.35,0.5,160.1,100,,,,,,,,,,,,,,,,,,,160.6,100,,,,,,,,,,,,,,,,,,
2026-07-06T06:00:32.305547+00:00,2026-07-06T06:00:32.305708,2,1,160.4,0.4,160.2,150,160.1,100,,,,,,,,,,,,,,,,,160.6,100,,,,,,,,,,,,,,,,,,
2026-07-06T06:00:32.358651+00:00,2026-07-06T06:00:32.355973,2,2,160.4,0.4,160.2,150,160.1,100,,,,,,,,,,,,,,,,,160.6,100,160.7,150,,,,,,,,,,,,,,,,
2026-07-06T06:00:32.779546+00:00,2026-07-06T06:00:32.779425,2,2,160.4,0.4,160.2,150,160.1,100,,,,,,,,,,,,,,,,,160.6,55,160.7,150,,,,,,,,,,,,,,,,
2026-07-06T06:00:33.841319+00:00,2026-07-06T06:00:33.841240,2,2,160.4,0.4,160.2,100,160.1,100,,,,,,,,,,,,,,,,,160.6,55,160.7,150,,,,,,,,,,,,,,,,
2026-07-06T06:00:34.205120+00:00,2026-07-06T06:00:34.205029,1,1,160.45,0.5,160.2,100,,,,,,,,,,,,,,,,,,,160.7,150,,,,,,,,,,,,,,,,,,
2026-07-06T06:00:34.258640+00:00,2026-07-06T06:00:34.256773,2,1,160.45,0.5,160.2,100,160.0,100,,,,,,,,,,,,,,,,,160.7,150,,,,,,,,,,,,,,,,,,
2026-07-06T06:00:34.313773+00:00,2026-07-06T06:00:34.313916,2,2,160.35,0.3,160.2,100,160.0,100,,,,,,,,,,,,,,,,,160.5,100,160.7,150,,,,,,,,,,,,,,,,
2026-07-06T06:00:35.415196+00:00,2026-07-06T06:00:35.415321,1,1,160.25,0.5,160.0,100,,,,,,,,,,,,,,,,,,,160.5,100,,,,,,,,,,,,,,,,,,
2026-07-06T06:00:35.469797+00:00,2026-07-06T06:00:35.469664,1,1,160.25,0.5,160.0,250,,,,,,,,,,,,,,,,,,,160.5,100,,,,,,,,,,,,,,,,,,
2026-07-06T06:00:35.522386+00:00,2026-07-06T06:00:35.522251,1,1,160.25,0.5,160.0,250,,,,,,,,,,,,,,,,,,,160.5,250,,,,,,,,,,,,,,,,,,
2026-07-06T06:00:35.981011+00:00,2026-07-06T06:00:35.980882,1,1,160.25,0.5,160.0,200,,,,,,,,,,,,,,,,,,,160.5,250,,,,,,,,,,,,,,,,,,
2026-07-06T06:00:36.718254+00:00,2026-07-06T06:00:36.718229,1,1,160.25,0.5,160.0,158,,,,,,,,,,,,,,,,,,,160.5,250,,,,,,,,,,,,,,,,,,
2026-07-06T06:00:37.370120+00:00,2026-07-06T06:00:37.370046,1,1,160.25,0.5,160.0,150,,,,,,,,,,,,,,,,,,,160.5,150,,,,,,,,,,,,,,,,,,
2026-07-06T06:00:37.424045+00:00,2026-07-06T06:00:37.423959,1,1,160.25,0.5,160.0,250,,,,,,,,,,,,,,,,,,,160.5,150,,,,,,,,,,,,,,,,,,
2026-07-06T06:00:37.475867+00:00,2026-07-06T06:00:37.475844,1,1,160.25,0.5,160.0,250,,,,,,,,,,,,,,,,,,,160.5,250,,,,,,,,,,,,,,,,,,
2026-07-06T06:00:38.088437+00:00,2026-07-06T06:00:38.088326,1,1,160.25,0.5,160.0,200,,,,,,,,,,,,,,,,,,,160.5,250,,,,,,,,,,,,,,,,,,
2026-07-06T06:00:38.575325+00:00,2026-07-06T06:00:38.575261,1,1,160.25,0.5,160.0,200,,,,,,,,,,,,,,,,,,,160.5,100,,,,,,,,,,,,,,,,,,
2026-07-06T06:00:38.580660+00:00,2026-07-06T06:00:38.580434,1,1,160.25,0.5,160.0,100,,,,,,,,,,,,,,,,,,,160.5,100,,,,,,,,,,,,,,,,,,
2026-07-06T06:00:38.633577+00:00,2026-07-06T06:00:38.633516,2,1,160.25,0.5,160.0,100,159.8,150,,,,,,,,,,,,,,,,,160.5,100,,,,,,,,,,,,,,,,,,
2026-07-06T06:00:38.690789+00:00,2026-07-06T06:00:38.684883,2,2,160.15,0.3,160.0,100,159.8,150,,,,,,,,,,,,,,,,,160.3,127,160.5,100,,,,,,,,,,,,,,,,
2026-07-06T06:00:39.476329+00:00,2026-07-06T06:00:39.476491,2,2,160.15,0.3,160.0,100,159.8,150,,,,,,,,,,,,,,,,,160.3,79,160.5,100,,,,,,,,,,,,,,,,
2026-07-06T06:00:40.101562+00:00,2026-07-06T06:00:40.095427,2,2,160.15,0.3,160.0,100,159.8,150,,,,,,,,,,,,,,,,,160.3,45,160.5,100,,,,,,,,,,,,,,,,
2026-07-06T06:00:40.173399+00:00,2026-07-06T06:00:40.173281,2,1,160.25,0.5,160.0,100,159.8,150,,,,,,,,,,,,,,,,,160.5,95,,,,,,,,,,,,,,,,,,
2026-07-06T06:00:40.471159+00:00,2026-07-06T06:00:40.471018,2,1,160.25,0.5,160.0,100,159.8,150,,,,,,,,,,,,,,,,,160.5,47,,,,,,,,,,,,,,,,,,
2026-07-06T06:00:40.532174+00:00,2026-07-06T06:00:40.532044,1,0,,,159.8,150,,,,,,,,,,,,,,,,,,,,,,,,,,,,,,,,,,,,,,
2026-07-06T06:00:40.586789+00:00,2026-07-06T06:00:40.586741,2,0,,,160.5,100,159.8,150,,,,,,,,,,,,,,,,,,,,,,,,,,,,,,,,,,,,
2026-07-06T06:00:40.640153+00:00,2026-07-06T06:00:40.640057,2,1,160.75,0.5,160.5,100,159.8,150,,,,,,,,,,,,,,,,,161.0,100,,,,,,,,,,,,,,,,,,
2026-07-06T06:00:41.411611+00:00,2026-07-06T06:00:41.405215,2,1,160.75,0.5,160.5,89,159.8,150,,,,,,,,,,,,,,,,,161.0,100,,,,,,,,,,,,,,,,,,
2026-07-06T06:00:41.739045+00:00,2026-07-06T06:00:41.738930,1,1,160.75,0.5,160.5,89,,,,,,,,,,,,,,,,,,,161.0,100,,,,,,,,,,,,,,,,,,
2026-07-06T06:00:41.797928+00:00,2026-07-06T06:00:41.791914,2,1,160.8,0.4,160.6,138,160.5,89,,,,,,,,,,,,,,,,,161.0,100,,,,,,,,,,,,,,,,,,
2026-07-06T06:00:41.842704+00:00,2026-07-06T06:00:41.842661,2,2,160.8,0.4,160.6,138,160.5,89,,,,,,,,,,,,,,,,,161.0,100,161.1,150,,,,,,,,,,,,,,,,
2026-07-06T06:00:42.329919+00:00,2026-07-06T06:00:42.329855,2,2,160.8,0.4,160.6,88,160.5,89,,,,,,,,,,,,,,,,,161.0,100,161.1,150,,,,,,,,,,,,,,,,
2026-07-06T06:00:42.729021+00:00,2026-07-06T06:00:42.723247,2,2,160.8,0.4,160.6,77,160.5,89,,,,,,,,,,,,,,,,,161.0,100,161.1,150,,,,,,,,,,,,,,,,
2026-07-06T06:00:43.695447+00:00,2026-07-06T06:00:43.695348,1,1,160.85,0.5,160.6,77,,,,,,,,,,,,,,,,,,,161.1,150,,,,,,,,,,,,,,,,,,
2026-07-06T06:00:43.750208+00:00,2026-07-06T06:00:43.750043,2,1,160.85,0.5,160.6,77,160.3,100,,,,,,,,,,,,,,,,,161.1,150,,,,,,,,,,,,,,,,,,
2026-07-06T06:00:43.803274+00:00,2026-07-06T06:00:43.803189,2,2,160.7,0.2,160.6,77,160.3,100,,,,,,,,,,,,,,,,,160.8,100,161.1,150,,,,,,,,,,,,,,,,
2026-07-06T06:00:44.438614+00:00,2026-07-06T06:00:44.438452,2,2,160.7,0.2,160.6,27,160.3,100,,,,,,,,,,,,,,,,,160.8,100,161.1,150,,,,,,,,,,,,,,,,
2026-07-06T06:00:44.899129+00:00,2026-07-06T06:00:44.899021,1,1,160.55,0.5,160.3,100,,,,,,,,,,,,,,,,,,,160.8,100,,,,,,,,,,,,,,,,,,
2026-07-06T06:00:44.958788+00:00,2026-07-06T06:00:44.958662,2,1,160.55,0.5,160.3,100,160.1,150,,,,,,,,,,,,,,,,,160.8,100,,,,,,,,,,,,,,,,,,
2026-07-06T06:00:45.014145+00:00,2026-07-06T06:00:45.013974,2,2,160.45,0.3,160.3,100,160.1,150,,,,,,,,,,,,,,,,,160.6,150,160.8,100,,,,,,,,,,,,,,,,
2026-07-06T06:00:45.823574+00:00,2026-07-06T06:00:45.823453,2,2,160.45,0.3,160.3,60,160.1,150,,,,,,,,,,,,,,,,,160.6,150,160.8,100,,,,,,,,,,,,,,,,
2026-07-06T06:00:46.492885+00:00,2026-07-06T06:00:46.493043,2,2,160.45,0.3,160.3,60,160.1,150,,,,,,,,,,,,,,,,,160.6,100,160.8,100,,,,,,,,,,,,,,,,
2026-07-06T06:00:46.858585+00:00,2026-07-06T06:00:46.857673,1,1,160.35,0.5,160.1,150,,,,,,,,,,,,,,,,,,,160.6,100,,,,,,,,,,,,,,,,,,
2026-07-06T06:00:46.911202+00:00,2026-07-06T06:00:46.911148,2,1,160.45,0.3,160.3,100,160.1,150,,,,,,,,,,,,,,,,,160.6,100,,,,,,,,,,,,,,,,,,
2026-07-06T06:00:46.958673+00:00,2026-07-06T06:00:46.958484,2,2,160.45,0.3,160.3,100,160.1,150,,,,,,,,,,,,,,,,,160.6,100,160.8,100,,,,,,,,,,,,,,,,
2026-07-06T06:00:48.070463+00:00,2026-07-06T06:00:48.070368,1,1,160.55,0.5,160.3,100,,,,,,,,,,,,,,,,,,,160.8,100,,,,,,,,,,,,,,,,,,
2026-07-06T06:00:48.123903+00:00,2026-07-06T06:00:48.123824,1,1,160.55,0.5,160.3,250,,,,,,,,,,,,,,,,,,,160.8,100,,,,,,,,,,,,,,,,,,
2026-07-06T06:00:48.176117+00:00,2026-07-06T06:00:48.176026,1,1,160.55,0.5,160.3,250,,,,,,,,,,,,,,,,,,,160.8,250,,,,,,,,,,,,,,,,,,
2026-07-06T06:00:48.601481+00:00,2026-07-06T06:00:48.601400,1,1,160.55,0.5,160.3,250,,,,,,,,,,,,,,,,,,,160.8,200,,,,,,,,,,,,,,,,,,
2026-07-06T06:00:49.790443+00:00,2026-07-06T06:00:49.790315,1,1,160.55,0.5,160.3,209,,,,,,,,,,,,,,,,,,,160.8,200,,,,,,,,,,,,,,,,,,
2026-07-06T06:00:50.017032+00:00,2026-07-06T06:00:50.017218,1,1,160.55,0.5,160.3,150,,,,,,,,,,,,,,,,,,,160.8,150,,,,,,,,,,,,,,,,,,
2026-07-06T06:00:50.071701+00:00,2026-07-06T06:00:50.071578,2,1,160.55,0.5,160.3,150,160.2,100,,,,,,,,,,,,,,,,,160.8,150,,,,,,,,,,,,,,,,,,
2026-07-06T06:00:50.124554+00:00,2026-07-06T06:00:50.124470,2,2,160.5,0.4,160.3,150,160.2,100,,,,,,,,,,,,,,,,,160.7,100,160.8,150,,,,,,,,,,,,,,,,
2026-07-06T06:00:50.709096+00:00,2026-07-06T06:00:50.709014,2,2,160.5,0.4,160.3,150,160.2,100,,,,,,,,,,,,,,,,,160.7,50,160.8,150,,,,,,,,,,,,,,,,
2026-07-06T06:00:51.230886+00:00,2026-07-06T06:00:51.230843,1,1,160.45,0.5,160.2,100,,,,,,,,,,,,,,,,,,,160.7,50,,,,,,,,,,,,,,,,,,
2026-07-06T06:00:51.285962+00:00,2026-07-06T06:00:51.286060,1,1,160.45,0.5,160.2,250,,,,,,,,,,,,,,,,,,,160.7,50,,,,,,,,,,,,,,,,,,
2026-07-06T06:00:51.339042+00:00,2026-07-06T06:00:51.338974,1,1,160.45,0.5,160.2,250,,,,,,,,,,,,,,,,,,,160.7,200,,,,,,,,,,,,,,,,,,
2026-07-06T06:00:52.717239+00:00,2026-07-06T06:00:52.717205,1,1,160.45,0.5,160.2,250,,,,,,,,,,,,,,,,,,,160.7,154,,,,,,,,,,,,,,,,,,
2026-07-06T06:00:53.178999+00:00,2026-07-06T06:00:53.178871,1,1,160.45,0.5,160.2,150,,,,,,,,,,,,,,,,,,,160.7,150,,,,,,,,,,,,,,,,,,
2026-07-06T06:00:53.232563+00:00,2026-07-06T06:00:53.232648,2,1,160.55,0.3,160.4,100,160.2,150,,,,,,,,,,,,,,,,,160.7,150,,,,,,,,,,,,,,,,,,
2026-07-06T06:00:53.285332+00:00,2026-07-06T06:00:53.285452,2,2,160.55,0.3,160.4,100,160.2,150,,,,,,,,,,,,,,,,,160.7,150,160.9,100,,,,,,,,,,,,,,,,
2026-07-06T06:00:53.685998+00:00,2026-07-06T06:00:53.685921,2,2,160.55,0.3,160.4,52,160.2,150,,,,,,,,,,,,,,,,,160.7,150,160.9,100,,,,,,,,,,,,,,,,
2026-07-06T06:00:54.391719+00:00,2026-07-06T06:00:54.391677,1,1,160.65,0.5,160.4,52,,,,,,,,,,,,,,,,,,,160.9,100,,,,,,,,,,,,,,,,,,
2026-07-06T06:00:54.444988+00:00,2026-07-06T06:00:54.444905,2,1,160.65,0.5,160.4,52,160.2,150,,,,,,,,,,,,,,,,,160.9,100,,,,,,,,,,,,,,,,,,
2026-07-06T06:00:54.502793+00:00,2026-07-06T06:00:54.502755,2,2,160.55,0.3,160.4,52,160.2,150,,,,,,,,,,,,,,,,,160.7,150,160.9,100,,,,,,,,,,,,,,,,
2026-07-06T06:00:54.998414+00:00,2026-07-06T06:00:54.998333,2,2,160.55,0.3,160.4,2,160.2,150,,,,,,,,,,,,,,,,,160.7,150,160.9,100,,,,,,,,,,,,,,,,
2026-07-06T06:00:55.232267+00:00,2026-07-06T06:00:55.232129,2,2,160.55,0.3,160.4,2,160.2,150,,,,,,,,,,,,,,,,,160.7,101,160.9,100,,,,,,,,,,,,,,,,
2026-07-06T06:00:55.307357+00:00,2026-07-06T06:00:55.307224,1,2,160.45,0.5,160.2,112,,,,,,,,,,,,,,,,,,,160.7,101,160.9,100,,,,,,,,,,,,,,,,
2026-07-06T06:00:56.340148+00:00,2026-07-06T06:00:56.340091,1,1,160.45,0.5,160.2,112,,,,,,,,,,,,,,,,,,,160.7,101,,,,,,,,,,,,,,,,,,
2026-07-06T06:00:56.393613+00:00,2026-07-06T06:00:56.393500,1,1,160.45,0.5,160.2,212,,,,,,,,,,,,,,,,,,,160.7,101,,,,,,,,,,,,,,,,,,
2026-07-06T06:00:56.446947+00:00,2026-07-06T06:00:56.446881,1,1,160.45,0.5,160.2,212,,,,,,,,,,,,,,,,,,,160.7,201,,,,,,,,,,,,,,,,,,
2026-07-06T06:00:57.558572+00:00,2026-07-06T06:00:57.551251,1,1,160.45,0.5,160.2,100,,,,,,,,,,,,,,,,,,,160.7,100,,,,,,,,,,,,,,,,,,
2026-07-06T06:00:57.609535+00:00,2026-07-06T06:00:57.609494,2,1,160.5,0.4,160.3,150,160.2,100,,,,,,,,,,,,,,,,,160.7,100,,,,,,,,,,,,,,,,,,
2026-07-06T06:00:57.658559+00:00,2026-07-06T06:00:57.658400,2,2,160.5,0.4,160.3,150,160.2,100,,,,,,,,,,,,,,,,,160.7,100,160.8,150,,,,,,,,,,,,,,,,
2026-07-06T06:00:59.152610+00:00,2026-07-06T06:00:59.152866,2,2,160.5,0.4,160.3,150,160.2,100,,,,,,,,,,,,,,,,,160.7,50,160.8,150,,,,,,,,,,,,,,,,
2026-07-06T06:00:59.500022+00:00,2026-07-06T06:00:59.499972,1,1,160.55,0.5,160.3,150,,,,,,,,,,,,,,,,,,,160.8,150,,,,,,,,,,,,,,,,,,
2026-07-06T06:00:59.550394+00:00,2026-07-06T06:00:59.550228,1,1,160.55,0.5,160.3,250,,,,,,,,,,,,,,,,,,,160.8,150,,,,,,,,,,,,,,,,,,
2026-07-06T06:00:59.604251+00:00,2026-07-06T06:00:59.604217,1,1,160.55,0.5,160.3,250,,,,,,,,,,,,,,,,,,,160.8,250,,,,,,,,,,,,,,,,,,
2026-07-06T06:01:00.720956+00:00,2026-07-06T06:01:00.720874,1,1,160.55,0.5,160.3,100,,,,,,,,,,,,,,,,,,,160.8,100,,,,,,,,,,,,,,,,,,
2026-07-06T06:01:00.775427+00:00,2026-07-06T06:01:00.775331,2,1,160.55,0.5,160.3,100,160.2,150,,,,,,,,,,,,,,,,,160.8,100,,,,,,,,,,,,,,,,,,
2026-07-06T06:01:00.797352+00:00,2026-07-06T06:01:00.797239,2,1,160.55,0.5,160.3,59,160.2,150,,,,,,,,,,,,,,,,,160.8,100,,,,,,,,,,,,,,,,,,
2026-07-06T06:01:00.825610+00:00,2026-07-06T06:01:00.825540,2,2,160.5,0.4,160.3,59,160.2,150,,,,,,,,,,,,,,,,,160.7,150,160.8,100,,,,,,,,,,,,,,,,
2026-07-06T06:01:01.315688+00:00,2026-07-06T06:01:01.315609,2,2,160.5,0.4,160.3,9,160.2,150,,,,,,,,,,,,,,,,,160.7,150,160.8,100,,,,,,,,,,,,,,,,
2026-07-06T06:01:01.369053+00:00,2026-07-06T06:01:01.368944,1,2,160.45,0.5,160.2,150,,,,,,,,,,,,,,,,,,,160.7,150,160.8,100,,,,,,,,,,,,,,,,
2026-07-06T06:01:02.660814+00:00,2026-07-06T06:01:02.660723,1,1,160.45,0.5,160.2,150,,,,,,,,,,,,,,,,,,,160.7,150,,,,,,,,,,,,,,,,,,
2026-07-06T06:01:02.713780+00:00,2026-07-06T06:01:02.713650,2,1,160.45,0.5,160.2,150,159.9,100,,,,,,,,,,,,,,,,,160.7,150,,,,,,,,,,,,,,,,,,
2026-07-06T06:01:02.765638+00:00,2026-07-06T06:01:02.765562,2,2,160.3,0.2,160.2,150,159.9,100,,,,,,,,,,,,,,,,,160.4,100,160.7,150,,,,,,,,,,,,,,,,
2026-07-06T06:01:03.371616+00:00,2026-07-06T06:01:03.371504,2,2,160.3,0.2,160.2,150,159.9,100,,,,,,,,,,,,,,,,,160.4,50,160.7,150,,,,,,,,,,,,,,,,
2026-07-06T06:01:03.883917+00:00,2026-07-06T06:01:03.883835,1,1,160.15,0.5,159.9,100,,,,,,,,,,,,,,,,,,,160.4,50,,,,,,,,,,,,,,,,,,
2026-07-06T06:01:03.933951+00:00,2026-07-06T06:01:03.933861,2,1,160.25,0.3,160.1,150,159.9,100,,,,,,,,,,,,,,,,,160.4,50,,,,,,,,,,,,,,,,,,
2026-07-06T06:01:03.990995+00:00,2026-07-06T06:01:03.990955,2,2,160.25,0.3,160.1,150,159.9,100,,,,,,,,,,,,,,,,,160.4,50,160.6,150,,,,,,,,,,,,,,,,
2026-07-06T06:01:05.478990+00:00,2026-07-06T06:01:05.478908,2,1,160.35,0.5,160.1,150,159.9,100,,,,,,,,,,,,,,,,,160.6,150,,,,,,,,,,,,,,,,,,
2026-07-06T06:01:05.823936+00:00,2026-07-06T06:01:05.823859,1,1,160.35,0.5,160.1,150,,,,,,,,,,,,,,,,,,,160.6,150,,,,,,,,,,,,,,,,,,
2026-07-06T06:01:05.876808+00:00,2026-07-06T06:01:05.876926,2,1,160.4,0.4,160.2,100,160.1,150,,,,,,,,,,,,,,,,,160.6,150,,,,,,,,,,,,,,,,,,
2026-07-06T06:01:05.930189+00:00,2026-07-06T06:01:05.930289,2,2,160.4,0.4,160.2,100,160.1,150,,,,,,,,,,,,,,,,,160.6,150,160.7,100,,,,,,,,,,,,,,,,
2026-07-06T06:01:06.224522+00:00,2026-07-06T06:01:06.224440,2,2,160.4,0.4,160.2,100,160.1,150,,,,,,,,,,,,,,,,,160.6,109,160.7,100,,,,,,,,,,,,,,,,
2026-07-06T06:01:06.591025+00:00,2026-07-06T06:01:06.590935,2,2,160.4,0.4,160.2,100,160.1,150,,,,,,,,,,,,,,,,,160.6,67,160.7,100,,,,,,,,,,,,,,,,
2026-07-06T06:01:07.045671+00:00,2026-07-06T06:01:07.045551,1,1,160.45,0.5,160.2,100,,,,,,,,,,,,,,,,,,,160.7,100,,,,,,,,,,,,,,,,,,
2026-07-06T06:01:07.112635+00:00,2026-07-06T06:01:07.105994,2,1,160.6,0.2,160.5,139,160.2,100,,,,,,,,,,,,,,,,,160.7,100,,,,,,,,,,,,,,,,,,
2026-07-06T06:01:07.154224+00:00,2026-07-06T06:01:07.154327,2,2,160.6,0.2,160.5,139,160.2,100,,,,,,,,,,,,,,,,,160.7,100,161.0,150,,,,,,,,,,,,,,,,
2026-07-06T06:01:07.239935+00:00,2026-07-06T06:01:07.239787,2,2,160.6,0.2,160.5,128,160.2,100,,,,,,,,,,,,,,,,,160.7,100,161.0,150,,,,,,,,,,,,,,,,
2026-07-06T06:01:07.639016+00:00,2026-07-06T06:01:07.638956,2,2,160.6,0.2,160.5,78,160.2,100,,,,,,,,,,,,,,,,,160.7,100,161.0,150,,,,,,,,,,,,,,,,
2026-07-06T06:01:08.024372+00:00,2026-07-06T06:01:08.017358,2,2,160.6,0.2,160.5,66,160.2,100,,,,,,,,,,,,,,,,,160.7,100,161.0,150,,,,,,,,,,,,,,,,
2026-07-06T06:01:08.088256+00:00,2026-07-06T06:01:08.088451,2,2,160.6,0.2,160.5,26,160.2,100,,,,,,,,,,,,,,,,,160.7,100,161.0,150,,,,,,,,,,,,,,,,
2026-07-06T06:01:08.258683+00:00,2026-07-06T06:01:08.254633,2,2,160.6,0.2,160.5,22,160.2,100,,,,,,,,,,,,,,,,,160.7,100,161.0,150,,,,,,,,,,,,,,,,
2026-07-06T06:01:08.984318+00:00,2026-07-06T06:01:08.984244,1,1,160.75,0.5,160.5,22,,,,,,,,,,,,,,,,,,,161.0,150,,,,,,,,,,,,,,,,,,
2026-07-06T06:01:09.025693+00:00,2026-07-06T06:01:09.025831,0,1,,,,,,,,,,,,,,,,,,,,,,,161.0,150,,,,,,,,,,,,,,,,,,
2026-07-06T06:01:09.036437+00:00,2026-07-06T06:01:09.036332,1,1,160.5,1.0,160.0,100,,,,,,,,,,,,,,,,,,,161.0,150,,,,,,,,,,,,,,,,,,
2026-07-06T06:01:09.090021+00:00,2026-07-06T06:01:09.089916,1,2,160.25,0.5,160.0,100,,,,,,,,,,,,,,,,,,,160.5,100,161.0,150,,,,,,,,,,,,,,,,
2026-07-06T06:01:09.258568+00:00,2026-07-06T06:01:09.258179,1,2,160.25,0.5,160.0,95,,,,,,,,,,,,,,,,,,,160.5,100,161.0,150,,,,,,,,,,,,,,,,
2026-07-06T06:01:10.209057+00:00,2026-07-06T06:01:10.209137,1,1,160.25,0.5,160.0,95,,,,,,,,,,,,,,,,,,,160.5,100,,,,,,,,,,,,,,,,,,
2026-07-06T06:01:10.263983+00:00,2026-07-06T06:01:10.263793,2,1,160.25,0.5,160.0,95,159.8,150,,,,,,,,,,,,,,,,,160.5,100,,,,,,,,,,,,,,,,,,
2026-07-06T06:01:10.330225+00:00,2026-07-06T06:01:10.322621,2,2,160.15,0.3,160.0,95,159.8,150,,,,,,,,,,,,,,,,,160.3,138,160.5,100,,,,,,,,,,,,,,,,
2026-07-06T06:01:11.803824+00:00,2026-07-06T06:01:11.803776,2,2,160.15,0.3,160.0,95,159.8,150,,,,,,,,,,,,,,,,,160.3,88,160.5,100,,,,,,,,,,,,,,,,
2026-07-06T06:01:12.141390+00:00,2026-07-06T06:01:12.141559,1,1,160.05,0.5,159.8,150,,,,,,,,,,,,,,,,,,,160.3,88,,,,,,,,,,,,,,,,,,
2026-07-06T06:01:12.194932+00:00,2026-07-06T06:01:12.194880,2,1,160.1,0.4,159.9,100,159.8,150,,,,,,,,,,,,,,,,,160.3,88,,,,,,,,,,,,,,,,,,
2026-07-06T06:01:12.264410+00:00,2026-07-06T06:01:12.264176,2,2,160.1,0.4,159.9,100,159.8,150,,,,,,,,,,,,,,,,,160.3,88,160.4,100,,,,,,,,,,,,,,,,
2026-07-06T06:01:13.371692+00:00,2026-07-06T06:01:13.371566,1,1,160.15,0.5,159.9,100,,,,,,,,,,,,,,,,,,,160.4,100,,,,,,,,,,,,,,,,,,
2026-07-06T06:01:13.426226+00:00,2026-07-06T06:01:13.426140,2,1,160.2,0.4,160.0,150,159.9,100,,,,,,,,,,,,,,,,,160.4,100,,,,,,,,,,,,,,,,,,
2026-07-06T06:01:13.474321+00:00,2026-07-06T06:01:13.474250,2,2,160.2,0.4,160.0,150,159.9,100,,,,,,,,,,,,,,,,,160.4,100,160.5,150,,,,,,,,,,,,,,,,
2026-07-06T06:01:13.912247+00:00,2026-07-06T06:01:13.912179,2,2,160.2,0.4,160.0,150,159.9,100,,,,,,,,,,,,,,,,,160.4,50,160.5,150,,,,,,,,,,,,,,,,
2026-07-06T06:01:15.315985+00:00,2026-07-06T06:01:15.315866,1,1,160.25,0.5,160.0,150,,,,,,,,,,,,,,,,,,,160.5,150,,,,,,,,,,,,,,,,,,
2026-07-06T06:01:15.370950+00:00,2026-07-06T06:01:15.370784,2,1,160.3,0.4,160.1,100,160.0,150,,,,,,,,,,,,,,,,,160.5,150,,,,,,,,,,,,,,,,,,
2026-07-06T06:01:15.423471+00:00,2026-07-06T06:01:15.423432,2,2,160.3,0.4,160.1,100,160.0,150,,,,,,,,,,,,,,,,,160.5,150,160.6,100,,,,,,,,,,,,,,,,
2026-07-06T06:01:16.532418+00:00,2026-07-06T06:01:16.532342,1,1,160.35,0.5,160.1,100,,,,,,,,,,,,,,,,,,,160.6,100,,,,,,,,,,,,,,,,,,
2026-07-06T06:01:16.588423+00:00,2026-07-06T06:01:16.588385,2,1,160.35,0.5,160.1,100,159.9,150,,,,,,,,,,,,,,,,,160.6,100,,,,,,,,,,,,,,,,,,
2026-07-06T06:01:16.644591+00:00,2026-07-06T06:01:16.644537,2,2,160.25,0.3,160.1,100,159.9,150,,,,,,,,,,,,,,,,,160.4,150,160.6,100,,,,,,,,,,,,,,,,
2026-07-06T06:01:18.125212+00:00,2026-07-06T06:01:18.124973,2,2,160.25,0.3,160.1,100,159.9,150,,,,,,,,,,,,,,,,,160.4,100,160.6,100,,,,,,,,,,,,,,,,
2026-07-06T06:01:18.341051+00:00,2026-07-06T06:01:18.340836,2,2,160.25,0.3,160.1,94,159.9,150,,,,,,,,,,,,,,,,,160.4,100,160.6,100,,,,,,,,,,,,,,,,
2026-07-06T06:01:18.477279+00:00,2026-07-06T06:01:18.477191,1,1,160.15,0.5,159.9,150,,,,,,,,,,,,,,,,,,,160.4,100,,,,,,,,,,,,,,,,,,
2026-07-06T06:01:18.531903+00:00,2026-07-06T06:01:18.531840,2,1,160.25,0.3,160.1,100,159.9,150,,,,,,,,,,,,,,,,,160.4,100,,,,,,,,,,,,,,,,,,
2026-07-06T06:01:18.585829+00:00,2026-07-06T06:01:18.585718,2,2,160.25,0.3,160.1,100,159.9,150,,,,,,,,,,,,,,,,,160.4,100,160.6,100,,,,,,,,,,,,,,,,
2026-07-06T06:01:19.697697+00:00,2026-07-06T06:01:19.697617,1,1,160.35,0.5,160.1,100,,,,,,,,,,,,,,,,,,,160.6,100,,,,,,,,,,,,,,,,,,
2026-07-06T06:01:19.751899+00:00,2026-07-06T06:01:19.751841,1,1,160.35,0.5,160.1,250,,,,,,,,,,,,,,,,,,,160.6,100,,,,,,,,,,,,,,,,,,
2026-07-06T06:01:19.804661+00:00,2026-07-06T06:01:19.804787,1,1,160.35,0.5,160.1,250,,,,,,,,,,,,,,,,,,,160.6,250,,,,,,,,,,,,,,,,,,
2026-07-06T06:01:20.225468+00:00,2026-07-06T06:01:20.225600,1,1,160.35,0.5,160.1,250,,,,,,,,,,,,,,,,,,,160.6,200,,,,,,,,,,,,,,,,,,
2026-07-06T06:01:21.639402+00:00,2026-07-06T06:01:21.639552,1,1,160.35,0.5,160.1,150,,,,,,,,,,,,,,,,,,,160.6,150,,,,,,,,,,,,,,,,,,
2026-07-06T06:01:21.693837+00:00,2026-07-06T06:01:21.693809,2,1,160.4,0.4,160.2,100,160.1,150,,,,,,,,,,,,,,,,,160.6,150,,,,,,,,,,,,,,,,,,
2026-07-06T06:01:21.758649+00:00,2026-07-06T06:01:21.749388,2,2,160.4,0.4,160.2,100,160.1,150,,,,,,,,,,,,,,,,,160.6,150,160.7,100,,,,,,,,,,,,,,,,
2026-07-06T06:01:22.282475+00:00,2026-07-06T06:01:22.282367,2,2,160.4,0.4,160.2,100,160.1,150,,,,,,,,,,,,,,,,,160.6,110,160.7,100,,,,,,,,,,,,,,,,
2026-07-06T06:01:22.386566+00:00,2026-07-06T06:01:22.386446,2,2,160.4,0.4,160.2,50,160.1,150,,,,,,,,,,,,,,,,,160.6,110,160.7,100,,,,,,,,,,,,,,,,
2026-07-06T06:01:22.844071+00:00,2026-07-06T06:01:22.843921,2,2,160.4,0.4,160.2,50,160.1,150,,,,,,,,,,,,,,,,,160.6,62,160.7,100,,,,,,,,,,,,,,,,
2026-07-06T06:01:22.857668+00:00,2026-07-06T06:01:22.857803,1,1,160.45,0.5,160.2,50,,,,,,,,,,,,,,,,,,,160.7,100,,,,,,,,,,,,,,,,,,
2026-07-06T06:01:22.906344+00:00,2026-07-06T06:01:22.906440,2,1,160.55,0.3,160.4,150,160.2,50,,,,,,,,,,,,,,,,,160.7,100,,,,,,,,,,,,,,,,,,
2026-07-06T06:01:22.917610+00:00,2026-07-06T06:01:22.910560,2,1,160.55,0.3,160.4,138,160.2,50,,,,,,,,,,,,,,,,,160.7,100,,,,,,,,,,,,,,,,,,
2026-07-06T06:01:22.961403+00:00,2026-07-06T06:01:22.961498,2,2,160.55,0.3,160.4,138,160.2,50,,,,,,,,,,,,,,,,,160.7,100,160.9,150,,,,,,,,,,,,,,,,
2026-07-06T06:01:23.845728+00:00,2026-07-06T06:01:23.840208,2,2,160.55,0.3,160.4,127,160.2,50,,,,,,,,,,,,,,,,,160.7,100,160.9,150,,,,,,,,,,,,,,,,
2026-07-06T06:01:24.497809+00:00,2026-07-06T06:01:24.497892,2,2,160.55,0.3,160.4,77,160.2,50,,,,,,,,,,,,,,,,,160.7,100,160.9,150,,,,,,,,,,,,,,,,
2026-07-06T06:01:24.801688+00:00,2026-07-06T06:01:24.801878,2,1,160.65,0.5,160.4,77,160.2,50,,,,,,,,,,,,,,,,,160.9,150,,,,,,,,,,,,,,,,,,
2026-07-06T06:01:24.806991+00:00,2026-07-06T06:01:24.807075,1,1,160.65,0.5,160.4,77,,,,,,,,,,,,,,,,,,,160.9,150,,,,,,,,,,,,,,,,,,
2026-07-06T06:01:24.860022+00:00,2026-07-06T06:01:24.859916,2,1,160.65,0.5,160.4,77,160.0,100,,,,,,,,,,,,,,,,,160.9,150,,,,,,,,,,,,,,,,,,
2026-07-06T06:01:24.912474+00:00,2026-07-06T06:01:24.912346,2,2,160.45,0.1,160.4,77,160.0,100,,,,,,,,,,,,,,,,,160.5,100,160.9,150,,,,,,,,,,,,,,,,
2026-07-06T06:01:25.510804+00:00,2026-07-06T06:01:25.510697,2,2,160.45,0.1,160.4,36,160.0,100,,,,,,,,,,,,,,,,,160.5,100,160.9,150,,,,,,,,,,,,,,,,
2026-07-06T06:01:26.018174+00:00,2026-07-06T06:01:26.018096,1,1,160.25,0.5,160.0,100,,,,,,,,,,,,,,,,,,,160.5,100,,,,,,,,,,,,,,,,,,
2026-07-06T06:01:26.069199+00:00,2026-07-06T06:01:26.069094,1,1,160.25,0.5,160.0,250,,,,,,,,,,,,,,,,,,,160.5,100,,,,,,,,,,,,,,,,,,
2026-07-06T06:01:26.121139+00:00,2026-07-06T06:01:26.121016,1,2,160.2,0.4,160.0,250,,,,,,,,,,,,,,,,,,,160.4,150,160.5,100,,,,,,,,,,,,,,,,
2026-07-06T06:01:26.148424+00:00,2026-07-06T06:01:26.148344,1,2,160.2,0.4,160.0,250,,,,,,,,,,,,,,,,,,,160.4,101,160.5,100,,,,,,,,,,,,,,,,
2026-07-06T06:01:26.202722+00:00,2026-07-06T06:01:26.202679,1,2,160.2,0.4,160.0,209,,,,,,,,,,,,,,,,,,,160.4,101,160.5,100,,,,,,,,,,,,,,,,
2026-07-06T06:01:26.602636+00:00,2026-07-06T06:01:26.602550,1,2,160.2,0.4,160.0,159,,,,,,,,,,,,,,,,,,,160.4,101,160.5,100,,,,,,,,,,,,,,,,
2026-07-06T06:01:27.967413+00:00,2026-07-06T06:01:27.967311,1,1,160.2,0.4,160.0,150,,,,,,,,,,,,,,,,,,,160.4,101,,,,,,,,,,,,,,,,,,
2026-07-06T06:01:28.051086+00:00,2026-07-06T06:01:28.036424,2,1,160.2,0.4,160.0,150,159.7,100,,,,,,,,,,,,,,,,,160.4,101,,,,,,,,,,,,,,,,,,
2026-07-06T06:01:28.105980+00:00,2026-07-06T06:01:28.098711,2,2,160.1,0.2,160.0,150,159.7,100,,,,,,,,,,,,,,,,,160.2,89,160.4,101,,,,,,,,,,,,,,,,
2026-07-06T06:01:28.249757+00:00,2026-07-06T06:01:28.249730,2,2,160.1,0.2,160.0,103,159.7,100,,,,,,,,,,,,,,,,,160.2,89,160.4,101,,,,,,,,,,,,,,,,
2026-07-06T06:01:28.858560+00:00,2026-07-06T06:01:28.858049,2,2,160.1,0.2,160.0,54,159.7,100,,,,,,,,,,,,,,,,,160.2,89,160.4,101,,,,,,,,,,,,,,,,
2026-07-06T06:01:29.178876+00:00,2026-07-06T06:01:29.178851,1,1,159.95,0.5,159.7,100,,,,,,,,,,,,,,,,,,,160.2,89,,,,,,,,,,,,,,,,,,
2026-07-06T06:01:29.230794+00:00,2026-07-06T06:01:29.230702,2,1,159.95,0.5,159.7,100,159.6,150,,,,,,,,,,,,,,,,,160.2,89,,,,,,,,,,,,,,,,,,
2026-07-06T06:01:29.285005+00:00,2026-07-06T06:01:29.284916,2,2,159.9,0.4,159.7,100,159.6,150,,,,,,,,,,,,,,,,,160.1,150,160.2,89,,,,,,,,,,,,,,,,
2026-07-06T06:01:31.149437+00:00,2026-07-06T06:01:31.149648,1,1,159.85,0.5,159.6,150,,,,,,,,,,,,,,,,,,,160.1,150,,,,,,,,,,,,,,,,,,
2026-07-06T06:01:31.204948+00:00,2026-07-06T06:01:31.205097,2,1,159.85,0.5,159.6,150,159.5,100,,,,,,,,,,,,,,,,,160.1,150,,,,,,,,,,,,,,,,,,
2026-07-06T06:01:31.258200+00:00,2026-07-06T06:01:31.258315,2,2,159.8,0.4,159.6,150,159.5,100,,,,,,,,,,,,,,,,,160.0,100,160.1,150,,,,,,,,,,,,,,,,
2026-07-06T06:01:31.283695+00:00,2026-07-06T06:01:31.277722,2,2,159.8,0.4,159.6,150,159.5,100,,,,,,,,,,,,,,,,,160.0,77,160.1,150,,,,,,,,,,,,,,,,
2026-07-06T06:01:32.339186+00:00,2026-07-06T06:01:32.339153,1,1,159.75,0.5,159.5,100,,,,,,,,,,,,,,,,,,,160.0,77,,,,,,,,,,,,,,,,,,
2026-07-06T06:01:32.388239+00:00,2026-07-06T06:01:32.388161,2,1,159.85,0.3,159.7,150,159.5,100,,,,,,,,,,,,,,,,,160.0,77,,,,,,,,,,,,,,,,,,
2026-07-06T06:01:32.446497+00:00,2026-07-06T06:01:32.446413,2,2,159.85,0.3,159.7,150,159.5,100,,,,,,,,,,,,,,,,,160.0,77,160.2,150,,,,,,,,,,,,,,,,
2026-07-06T06:01:34.313199+00:00,2026-07-06T06:01:34.313076,1,1,159.95,0.5,159.7,150,,,,,,,,,,,,,,,,,,,160.2,150,,,,,,,,,,,,,,,,,,
2026-07-06T06:01:34.358614+00:00,2026-07-06T06:01:34.357598,2,1,159.95,0.5,159.7,150,159.5,100,,,,,,,,,,,,,,,,,160.2,150,,,,,,,,,,,,,,,,,,
2026-07-06T06:01:34.420623+00:00,2026-07-06T06:01:34.420535,2,2,159.85,0.3,159.7,150,159.5,100,,,,,,,,,,,,,,,,,160.0,100,160.2,150,,,,,,,,,,,,,,,,
2026-07-06T06:01:35.001242+00:00,2026-07-06T06:01:35.001175,2,2,159.85,0.3,159.7,150,159.5,100,,,,,,,,,,,,,,,,,160.0,50,160.2,150,,,,,,,,,,,,,,,,
2026-07-06T06:01:35.499042+00:00,2026-07-06T06:01:35.499191,1,1,159.75,0.5,159.5,100,,,,,,,,,,,,,,,,,,,160.0,50,,,,,,,,,,,,,,,,,,
2026-07-06T06:01:35.553887+00:00,2026-07-06T06:01:35.553830,1,1,159.75,0.5,159.5,250,,,,,,,,,,,,,,,,,,,160.0,50,,,,,,,,,,,,,,,,,,
2026-07-06T06:01:35.606347+00:00,2026-07-06T06:01:35.606255,1,1,159.75,0.5,159.5,250,,,,,,,,,,,,,,,,,,,160.0,200,,,,,,,,,,,,,,,,,,
2026-07-06T06:01:37.110178+00:00,2026-07-06T06:01:37.110085,1,1,159.75,0.5,159.5,250,,,,,,,,,,,,,,,,,,,160.0,150,,,,,,,,,,,,,,,,,,
2026-07-06T06:01:37.350578+00:00,2026-07-06T06:01:37.350528,1,1,159.75,0.5,159.5,250,,,,,,,,,,,,,,,,,,,160.0,101,,,,,,,,,,,,,,,,,,
2026-07-06T06:01:37.476432+00:00,2026-07-06T06:01:37.476346,1,1,159.75,0.5,159.5,150,,,,,,,,,,,,,,,,,,,160.0,101,,,,,,,,,,,,,,,,,,
2026-07-06T06:01:37.529428+00:00,2026-07-06T06:01:37.529383,1,1,159.75,0.5,159.5,150,,,,,,,,,,,,,,,,,,,160.0,1,,,,,,,,,,,,,,,,,,
2026-07-06T06:01:37.584676+00:00,2026-07-06T06:01:37.584571,1,2,159.75,0.5,159.5,150,,,,,,,,,,,,,,,,,,,160.0,1,160.5,100,,,,,,,,,,,,,,,,
2026-07-06T06:01:38.658631+00:00,2026-07-06T06:01:38.654993,0,1,,,,,,,,,,,,,,,,,,,,,,,160.5,100,,,,,,,,,,,,,,,,,,
2026-07-06T06:01:38.728004+00:00,2026-07-06T06:01:38.722224,1,1,160.3,0.4,160.1,127,,,,,,,,,,,,,,,,,,,160.5,100,,,,,,,,,,,,,,,,,,
2026-07-06T06:01:38.769338+00:00,2026-07-06T06:01:38.769473,1,2,160.3,0.4,160.1,127,,,,,,,,,,,,,,,,,,,160.5,100,160.6,150,,,,,,,,,,,,,,,,
2026-07-06T06:01:39.219910+00:00,2026-07-06T06:01:39.219813,1,2,160.3,0.4,160.1,127,,,,,,,,,,,,,,,,,,,160.5,50,160.6,150,,,,,,,,,,,,,,,,
2026-07-06T06:01:40.639084+00:00,2026-07-06T06:01:40.638953,1,1,160.35,0.5,160.1,127,,,,,,,,,,,,,,,,,,,160.6,150,,,,,,,,,,,,,,,,,,
2026-07-06T06:01:40.692266+00:00,2026-07-06T06:01:40.692192,2,1,160.35,0.5,160.1,127,159.9,100,,,,,,,,,,,,,,,,,160.6,150,,,,,,,,,,,,,,,,,,
2026-07-06T06:01:40.744803+00:00,2026-07-06T06:01:40.744650,2,2,160.25,0.3,160.1,127,159.9,100,,,,,,,,,,,,,,,,,160.4,100,160.6,150,,,,,,,,,,,,,,,,
2026-07-06T06:01:41.347706+00:00,2026-07-06T06:01:41.347597,2,2,160.25,0.3,160.1,127,159.9,100,,,,,,,,,,,,,,,,,160.4,50,160.6,150,,,,,,,,,,,,,,,,
2026-07-06T06:01:41.823598+00:00,2026-07-06T06:01:41.823537,1,1,160.15,0.5,159.9,100,,,,,,,,,,,,,,,,,,,160.4,50,,,,,,,,,,,,,,,,,,
2026-07-06T06:01:41.878845+00:00,2026-07-06T06:01:41.878767,2,1,160.3,0.2,160.2,150,159.9,100,,,,,,,,,,,,,,,,,160.4,50,,,,,,,,,,,,,,,,,,
2026-07-06T06:01:41.950939+00:00,2026-07-06T06:01:41.950805,2,2,160.3,0.2,160.2,150,159.9,100,,,,,,,,,,,,,,,,,160.4,50,160.7,150,,,,,,,,,,,,,,,,
2026-07-06T06:01:41.969377+00:00,2026-07-06T06:01:41.969206,2,2,160.3,0.2,160.2,106,159.9,100,,,,,,,,,,,,,,,,,160.4,50,160.7,150,,,,,,,,,,,,,,,,
2026-07-06T06:01:42.439271+00:00,2026-07-06T06:01:42.439148,2,2,160.3,0.2,160.2,106,159.9,100,,,,,,,,,,,,,,,,,160.4,6,160.7,150,,,,,,,,,,,,,,,,
2026-07-06T06:01:43.458577+00:00,2026-07-06T06:01:43.456853,2,1,160.45,0.5,160.2,106,159.9,100,,,,,,,,,,,,,,,,,160.7,106,,,,,,,,,,,,,,,,,,
2026-07-06T06:01:43.803659+00:00,2026-07-06T06:01:43.803612,1,1,160.45,0.5,160.2,106,,,,,,,,,,,,,,,,,,,160.7,106,,,,,,,,,,,,,,,,,,
2026-07-06T06:01:43.858626+00:00,2026-07-06T06:01:43.856505,1,1,160.45,0.5,160.2,206,,,,,,,,,,,,,,,,,,,160.7,106,,,,,,,,,,,,,,,,,,
2026-07-06T06:01:43.910277+00:00,2026-07-06T06:01:43.910227,1,1,160.45,0.5,160.2,206,,,,,,,,,,,,,,,,,,,160.7,206,,,,,,,,,,,,,,,,,,
2026-07-06T06:01:44.471903+00:00,2026-07-06T06:01:44.471827,1,1,160.45,0.5,160.2,206,,,,,,,,,,,,,,,,,,,160.7,161,,,,,,,,,,,,,,,,,,
2026-07-06T06:01:44.525209+00:00,2026-07-06T06:01:44.525403,1,1,160.45,0.5,160.2,159,,,,,,,,,,,,,,,,,,,160.7,161,,,,,,,,,,,,,,,,,,
2026-07-06T06:01:45.016579+00:00,2026-07-06T06:01:45.016423,1,1,160.45,0.5,160.2,159,,,,,,,,,,,,,,,,,,,160.7,100,,,,,,,,,,,,,,,,,,
2026-07-06T06:01:45.021809+00:00,2026-07-06T06:01:45.021628,1,1,160.45,0.5,160.2,100,,,,,,,,,,,,,,,,,,,160.7,100,,,,,,,,,,,,,,,,,,
2026-07-06T06:01:45.039311+00:00,2026-07-06T06:01:45.034719,1,1,160.45,0.5,160.2,100,,,,,,,,,,,,,,,,,,,160.7,58,,,,,,,,,,,,,,,,,,
2026-07-06T06:01:45.072884+00:00,2026-07-06T06:01:45.072707,2,1,160.5,0.4,160.3,150,160.2,100,,,,,,,,,,,,,,,,,160.7,58,,,,,,,,,,,,,,,,,,
2026-07-06T06:01:45.124762+00:00,2026-07-06T06:01:45.124972,2,2,160.5,0.4,160.3,150,160.2,100,,,,,,,,,,,,,,,,,160.7,58,160.8,150,,,,,,,,,,,,,,,,
2026-07-06T06:01:45.564712+00:00,2026-07-06T06:01:45.564548,2,2,160.5,0.4,160.3,150,160.2,100,,,,,,,,,,,,,,,,,160.7,8,160.8,150,,,,,,,,,,,,,,,,
2026-07-06T06:01:46.965002+00:00,2026-07-06T06:01:46.964865,1,1,160.55,0.5,160.3,150,,,,,,,,,,,,,,,,,,,160.8,150,,,,,,,,,,,,,,,,,,
2026-07-06T06:01:47.028306+00:00,2026-07-06T06:01:47.021946,2,1,160.7,0.2,160.6,66,160.3,150,,,,,,,,,,,,,,,,,160.8,150,,,,,,,,,,,,,,,,,,
2026-07-06T06:01:47.071530+00:00,2026-07-06T06:01:47.071421,2,2,160.7,0.2,160.6,66,160.3,150,,,,,,,,,,,,,,,,,160.8,150,161.1,100,,,,,,,,,,,,,,,,
2026-07-06T06:01:47.681913+00:00,2026-07-06T06:01:47.681855,2,2,160.7,0.2,160.6,66,160.3,150,,,,,,,,,,,,,,,,,160.8,100,161.1,100,,,,,,,,,,,,,,,,
2026-07-06T06:01:48.179032+00:00,2026-07-06T06:01:48.178989,1,1,160.85,0.5,160.6,66,,,,,,,,,,,,,,,,,,,161.1,100,,,,,,,,,,,,,,,,,,
2026-07-06T06:01:48.232449+00:00,2026-07-06T06:01:48.232399,2,1,160.85,0.5,160.6,66,160.5,150,,,,,,,,,,,,,,,,,161.1,100,,,,,,,,,,,,,,,,,,
2026-07-06T06:01:48.282830+00:00,2026-07-06T06:01:48.282727,2,2,160.8,0.4,160.6,66,160.5,150,,,,,,,,,,,,,,,,,161.0,150,161.1,100,,,,,,,,,,,,,,,,
2026-07-06T06:01:49.819539+00:00,2026-07-06T06:01:49.819486,2,2,160.8,0.4,160.6,66,160.5,150,,,,,,,,,,,,,,,,,161.0,100,161.1,100,,,,,,,,,,,,,,,,
2026-07-06T06:01:50.129227+00:00,2026-07-06T06:01:50.129085,1,1,160.75,0.5,160.5,150,,,,,,,,,,,,,,,,,,,161.0,100,,,,,,,,,,,,,,,,,,
2026-07-06T06:01:50.183819+00:00,2026-07-06T06:01:50.183716,2,1,160.85,0.3,160.7,100,160.5,150,,,,,,,,,,,,,,,,,161.0,100,,,,,,,,,,,,,,,,,,
2026-07-06T06:01:50.235934+00:00,2026-07-06T06:01:50.235818,2,2,160.85,0.3,160.7,100,160.5,150,,,,,,,,,,,,,,,,,161.0,100,161.2,100,,,,,,,,,,,,,,,,
2026-07-06T06:01:51.238745+00:00,2026-07-06T06:01:51.238872,2,2,160.85,0.3,160.7,60,160.5,150,,,,,,,,,,,,,,,,,161.0,100,161.2,100,,,,,,,,,,,,,,,,
2026-07-06T06:01:51.341884+00:00,2026-07-06T06:01:51.341826,1,1,160.95,0.5,160.7,60,,,,,,,,,,,,,,,,,,,161.2,100,,,,,,,,,,,,,,,,,,
2026-07-06T06:01:51.398069+00:00,2026-07-06T06:01:51.398236,2,1,161.1,0.2,161.0,150,160.7,60,,,,,,,,,,,,,,,,,161.2,100,,,,,,,,,,,,,,,,,,
2026-07-06T06:01:51.451613+00:00,2026-07-06T06:01:51.451574,2,2,161.1,0.2,161.0,150,160.7,60,,,,,,,,,,,,,,,,,161.2,100,161.5,150,,,,,,,,,,,,,,,,
2026-07-06T06:01:52.418470+00:00,2026-07-06T06:01:52.418382,2,2,161.1,0.2,161.0,102,160.7,60,,,,,,,,,,,,,,,,,161.2,100,161.5,150,,,,,,,,,,,,,,,,
2026-07-06T06:01:52.696946+00:00,2026-07-06T06:01:52.696870,2,2,161.1,0.2,161.0,95,160.7,60,,,,,,,,,,,,,,,,,161.2,100,161.5,150,,,,,,,,,,,,,,,,
2026-07-06T06:01:53.288105+00:00,2026-07-06T06:01:53.288216,1,1,161.25,0.5,161.0,95,,,,,,,,,,,,,,,,,,,161.5,150,,,,,,,,,,,,,,,,,,
2026-07-06T06:01:53.339973+00:00,2026-07-06T06:01:53.339895,2,1,161.25,0.5,161.0,95,160.6,100,,,,,,,,,,,,,,,,,161.5,150,,,,,,,,,,,,,,,,,,
2026-07-06T06:01:53.394143+00:00,2026-07-06T06:01:53.394055,2,2,161.05,0.1,161.0,95,160.6,100,,,,,,,,,,,,,,,,,161.1,100,161.5,150,,,,,,,,,,,,,,,,
2026-07-06T06:01:54.085462+00:00,2026-07-06T06:01:54.085424,2,2,161.05,0.1,161.0,45,160.6,100,,,,,,,,,,,,,,,,,161.1,100,161.5,150,,,,,,,,,,,,,,,,
2026-07-06T06:01:54.505571+00:00,2026-07-06T06:01:54.505495,1,1,160.85,0.5,160.6,100,,,,,,,,,,,,,,,,,,,161.1,100,,,,,,,,,,,,,,,,,,
2026-07-06T06:01:54.558554+00:00,2026-07-06T06:01:54.555293,2,1,160.85,0.5,160.6,100,160.5,150,,,,,,,,,,,,,,,,,161.1,100,,,,,,,,,,,,,,,,,,
2026-07-06T06:01:54.609856+00:00,2026-07-06T06:01:54.609754,2,2,160.8,0.4,160.6,100,160.5,150,,,,,,,,,,,,,,,,,161.0,150,161.1,100,,,,,,,,,,,,,,,,
2026-07-06T06:01:55.714112+00:00,2026-07-06T06:01:55.714314,2,2,160.8,0.4,160.6,100,160.5,150,,,,,,,,,,,,,,,,,161.0,145,161.1,100,,,,,,,,,,,,,,,,
2026-07-06T06:01:56.141732+00:00,2026-07-06T06:01:56.141640,2,2,160.8,0.4,160.6,100,160.5,150,,,,,,,,,,,,,,,,,161.0,95,161.1,100,,,,,,,,,,,,,,,,
2026-07-06T06:01:56.452790+00:00,2026-07-06T06:01:56.452939,1,1,160.75,0.5,160.5,150,,,,,,,,,,,,,,,,,,,161.0,95,,,,,,,,,,,,,,,,,,
2026-07-06T06:01:56.509574+00:00,2026-07-06T06:01:56.509498,2,1,160.9,0.2,160.8,100,160.5,150,,,,,,,,,,,,,,,,,161.0,95,,,,,,,,,,,,,,,,,,
2026-07-06T06:01:56.557408+00:00,2026-07-06T06:01:56.557494,2,2,160.9,0.2,160.8,100,160.5,150,,,,,,,,,,,,,,,,,161.0,95,161.3,100,,,,,,,,,,,,,,,,
2026-07-06T06:01:57.273118+00:00,2026-07-06T06:01:57.272962,2,2,160.9,0.2,160.8,100,160.5,150,,,,,,,,,,,,,,,,,161.0,52,161.3,100,,,,,,,,,,,,,,,,
2026-07-06T06:01:57.663834+00:00,2026-07-06T06:01:57.663953,1,1,161.05,0.5,160.8,100,,,,,,,,,,,,,,,,,,,161.3,100,,,,,,,,,,,,,,,,,,
2026-07-06T06:01:57.718764+00:00,2026-07-06T06:01:57.718704,2,1,161.2,0.2,161.1,150,160.8,100,,,,,,,,,,,,,,,,,161.3,100,,,,,,,,,,,,,,,,,,
2026-07-06T06:01:57.734504+00:00,2026-07-06T06:01:57.734388,2,1,161.2,0.2,161.1,145,160.8,100,,,,,,,,,,,,,,,,,161.3,100,,,,,,,,,,,,,,,,,,
2026-07-06T06:01:57.779984+00:00,2026-07-06T06:01:57.779900,2,2,161.2,0.2,161.1,145,160.8,100,,,,,,,,,,,,,,,,,161.3,100,161.6,150,,,,,,,,,,,,,,,,
2026-07-06T06:01:58.317297+00:00,2026-07-06T06:01:58.317389,2,2,161.2,0.2,161.1,95,160.8,100,,,,,,,,,,,,,,,,,161.3,100,161.6,150,,,,,,,,,,,,,,,,
2026-07-06T06:01:59.358656+00:00,2026-07-06T06:01:59.352745,2,2,161.2,0.2,161.1,95,160.8,100,,,,,,,,,,,,,,,,,161.3,57,161.6,150,,,,,,,,,,,,,,,,
2026-07-06T06:01:59.615855+00:00,2026-07-06T06:01:59.615746,1,1,161.35,0.5,161.1,95,,,,,,,,,,,,,,,,,,,161.6,150,,,,,,,,,,,,,,,,,,
2026-07-06T06:01:59.665205+00:00,2026-07-06T06:01:59.665362,2,1,161.35,0.5,161.1,95,160.9,100,,,,,,,,,,,,,,,,,161.6,150,,,,,,,,,,,,,,,,,,
2026-07-06T06:01:59.719445+00:00,2026-07-06T06:01:59.719568,2,2,161.25,0.3,161.1,95,160.9,100,,,,,,,,,,,,,,,,,161.4,100,161.6,150,,,,,,,,,,,,,,,,
2026-07-06T06:02:00.834426+00:00,2026-07-06T06:02:00.834612,1,1,161.15,0.5,160.9,100,,,,,,,,,,,,,,,,,,,161.4,100,,,,,,,,,,,,,,,,,,
2026-07-06T06:02:00.891044+00:00,2026-07-06T06:02:00.890885,2,1,161.2,0.4,161.0,150,160.9,100,,,,,,,,,,,,,,,,,161.4,100,,,,,,,,,,,,,,,,,,
2026-07-06T06:02:00.944277+00:00,2026-07-06T06:02:00.944158,2,2,161.2,0.4,161.0,150,160.9,100,,,,,,,,,,,,,,,,,161.4,100,161.5,150,,,,,,,,,,,,,,,,
2026-07-06T06:02:02.542093+00:00,2026-07-06T06:02:02.542035,2,2,161.2,0.4,161.0,100,160.9,100,,,,,,,,,,,,,,,,,161.4,100,161.5,150,,,,,,,,,,,,,,,,
2026-07-06T06:02:02.780223+00:00,2026-07-06T06:02:02.780179,1,1,161.25,0.5,161.0,100,,,,,,,,,,,,,,,,,,,161.5,150,,,,,,,,,,,,,,,,,,
2026-07-06T06:02:02.835594+00:00,2026-07-06T06:02:02.835556,2,1,161.25,0.5,161.0,100,160.7,100,,,,,,,,,,,,,,,,,161.5,150,,,,,,,,,,,,,,,,,,
2026-07-06T06:02:02.891815+00:00,2026-07-06T06:02:02.891739,2,2,161.1,0.2,161.0,100,160.7,100,,,,,,,,,,,,,,,,,161.2,100,161.5,150,,,,,,,,,,,,,,,,
2026-07-06T06:02:03.998829+00:00,2026-07-06T06:02:03.998732,1,1,160.95,0.5,160.7,100,,,,,,,,,,,,,,,,,,,161.2,100,,,,,,,,,,,,,,,,,,
2026-07-06T06:02:04.054250+00:00,2026-07-06T06:02:04.054184,1,1,160.95,0.5,160.7,250,,,,,,,,,,,,,,,,,,,161.2,100,,,,,,,,,,,,,,,,,,
2026-07-06T06:02:04.106597+00:00,2026-07-06T06:02:04.106490,1,1,160.95,0.5,160.7,250,,,,,,,,,,,,,,,,,,,161.2,250,,,,,,,,,,,,,,,,,,
2026-07-06T06:02:04.597517+00:00,2026-07-06T06:02:04.597332,1,1,160.95,0.5,160.7,250,,,,,,,,,,,,,,,,,,,161.2,200,,,,,,,,,,,,,,,,,,
2026-07-06T06:02:05.949411+00:00,2026-07-06T06:02:05.949267,1,1,160.95,0.5,160.7,150,,,,,,,,,,,,,,,,,,,161.2,150,,,,,,,,,,,,,,,,,,
2026-07-06T06:02:05.999851+00:00,2026-07-06T06:02:05.999825,2,1,161.15,0.1,161.1,100,160.7,150,,,,,,,,,,,,,,,,,161.2,150,,,,,,,,,,,,,,,,,,
2026-07-06T06:02:06.051726+00:00,2026-07-06T06:02:06.051859,2,2,161.15,0.1,161.1,100,160.7,150,,,,,,,,,,,,,,,,,161.2,150,161.6,100,,,,,,,,,,,,,,,,
2026-07-06T06:02:06.779521+00:00,2026-07-06T06:02:06.779464,2,2,161.15,0.1,161.1,50,160.7,150,,,,,,,,,,,,,,,,,161.2,150,161.6,100,,,,,,,,,,,,,,,,
2026-07-06T06:02:07.158601+00:00,2026-07-06T06:02:07.155964,1,1,161.35,0.5,161.1,50,,,,,,,,,,,,,,,,,,,161.6,100,,,,,,,,,,,,,,,,,,
2026-07-06T06:02:07.209437+00:00,2026-07-06T06:02:07.209376,2,1,161.35,0.5,161.1,50,160.7,150,,,,,,,,,,,,,,,,,161.6,100,,,,,,,,,,,,,,,,,,
2026-07-06T06:02:07.258560+00:00,2026-07-06T06:02:07.255107,2,2,161.15,0.1,161.1,50,160.7,150,,,,,,,,,,,,,,,,,161.2,150,161.6,100,,,,,,,,,,,,,,,,
2026-07-06T06:02:07.986996+00:00,2026-07-06T06:02:07.986879,2,2,161.15,0.1,161.1,2,160.7,150,,,,,,,,,,,,,,,,,161.2,150,161.6,100,,,,,,,,,,,,,,,,
2026-07-06T06:02:08.890227+00:00,2026-07-06T06:02:08.890162,1,2,160.95,0.5,160.7,102,,,,,,,,,,,,,,,,,,,161.2,150,161.6,100,,,,,,,,,,,,,,,,
2026-07-06T06:02:09.111323+00:00,2026-07-06T06:02:09.111222,1,1,160.95,0.5,160.7,102,,,,,,,,,,,,,,,,,,,161.2,150,,,,,,,,,,,,,,,,,,
2026-07-06T06:02:09.164945+00:00,2026-07-06T06:02:09.164857,1,1,160.95,0.5,160.7,202,,,,,,,,,,,,,,,,,,,161.2,150,,,,,,,,,,,,,,,,,,
2026-07-06T06:02:09.225170+00:00,2026-07-06T06:02:09.224986,1,1,160.95,0.5,160.7,202,,,,,,,,,,,,,,,,,,,161.2,250,,,,,,,,,,,,,,,,,,
2026-07-06T06:02:10.319940+00:00,2026-07-06T06:02:10.319876,1,1,160.95,0.5,160.7,100,,,,,,,,,,,,,,,,,,,161.2,100,,,,,,,,,,,,,,,,,,
2026-07-06T06:02:10.373811+00:00,2026-07-06T06:02:10.373782,2,1,160.95,0.5,160.7,100,160.4,150,,,,,,,,,,,,,,,,,161.2,100,,,,,,,,,,,,,,,,,,
2026-07-06T06:02:10.426542+00:00,2026-07-06T06:02:10.426485,2,2,160.8,0.2,160.7,100,160.4,150,,,,,,,,,,,,,,,,,160.9,150,161.2,100,,,,,,,,,,,,,,,,
2026-07-06T06:02:11.023310+00:00,2026-07-06T06:02:11.023246,2,2,160.8,0.2,160.7,50,160.4,150,,,,,,,,,,,,,,,,,160.9,150,161.2,100,,,,,,,,,,,,,,,,
2026-07-06T06:02:11.169767+00:00,2026-07-06T06:02:11.163563,2,2,160.8,0.2,160.7,50,160.4,150,,,,,,,,,,,,,,,,,160.9,139,161.2,100,,,,,,,,,,,,,,,,
2026-07-06T06:02:12.276331+00:00,2026-07-06T06:02:12.276466,1,1,160.65,0.5,160.4,150,,,,,,,,,,,,,,,,,,,160.9,139,,,,,,,,,,,,,,,,,,
2026-07-06T06:02:12.330643+00:00,2026-07-06T06:02:12.330536,1,1,160.65,0.5,160.4,250,,,,,,,,,,,,,,,,,,,160.9,139,,,,,,,,,,,,,,,,,,
2026-07-06T06:02:12.386856+00:00,2026-07-06T06:02:12.386814,1,1,160.65,0.5,160.4,250,,,,,,,,,,,,,,,,,,,160.9,239,,,,,,,,,,,,,,,,,,
2026-07-06T06:02:12.845817+00:00,2026-07-06T06:02:12.845714,1,1,160.65,0.5,160.4,250,,,,,,,,,,,,,,,,,,,160.9,234,,,,,,,,,,,,,,,,,,
2026-07-06T06:02:13.130362+00:00,2026-07-06T06:02:13.130284,1,1,160.65,0.5,160.4,200,,,,,,,,,,,,,,,,,,,160.9,234,,,,,,,,,,,,,,,,,,
2026-07-06T06:02:13.482053+00:00,2026-07-06T06:02:13.481972,1,1,160.65,0.5,160.4,100,,,,,,,,,,,,,,,,,,,160.9,100,,,,,,,,,,,,,,,,,,
2026-07-06T06:02:13.533711+00:00,2026-07-06T06:02:13.533656,2,1,160.65,0.5,160.4,100,160.3,150,,,,,,,,,,,,,,,,,160.9,100,,,,,,,,,,,,,,,,,,
2026-07-06T06:02:13.590426+00:00,2026-07-06T06:02:13.590531,2,2,160.6,0.4,160.4,100,160.3,150,,,,,,,,,,,,,,,,,160.8,150,160.9,100,,,,,,,,,,,,,,,,
2026-07-06T06:02:13.600799+00:00,2026-07-06T06:02:13.594693,2,2,160.6,0.4,160.4,100,160.3,150,,,,,,,,,,,,,,,,,160.8,138,160.9,100,,,,,,,,,,,,,,,,
2026-07-06T06:02:15.238590+00:00,2026-07-06T06:02:15.238680,2,2,160.6,0.4,160.4,50,160.3,150,,,,,,,,,,,,,,,,,160.8,138,160.9,100,,,,,,,,,,,,,,,,
2026-07-06T06:02:15.437356+00:00,2026-07-06T06:02:15.437293,2,1,160.6,0.4,160.4,50,160.3,150,,,,,,,,,,,,,,,,,160.8,138,,,,,,,,,,,,,,,,,,
2026-07-06T06:02:15.442513+00:00,2026-07-06T06:02:15.442446,1,1,160.55,0.5,160.3,150,,,,,,,,,,,,,,,,,,,160.8,138,,,,,,,,,,,,,,,,,,
2026-07-06T06:02:15.494561+00:00,2026-07-06T06:02:15.494628,2,1,160.65,0.3,160.5,100,160.3,150,,,,,,,,,,,,,,,,,160.8,138,,,,,,,,,,,,,,,,,,
2026-07-06T06:02:15.548306+00:00,2026-07-06T06:02:15.548272,2,2,160.65,0.3,160.5,100,160.3,150,,,,,,,,,,,,,,,,,160.8,138,161.0,100,,,,,,,,,,,,,,,,
2026-07-06T06:02:15.724866+00:00,2026-07-06T06:02:15.725001,2,2,160.65,0.3,160.5,100,160.3,150,,,,,,,,,,,,,,,,,160.8,96,161.0,100,,,,,,,,,,,,,,,,
2026-07-06T06:02:16.645423+00:00,2026-07-06T06:02:16.645303,1,1,160.75,0.5,160.5,100,,,,,,,,,,,,,,,,,,,161.0,100,,,,,,,,,,,,,,,,,,
2026-07-06T06:02:16.697958+00:00,2026-07-06T06:02:16.697926,1,1,160.75,0.5,160.5,250,,,,,,,,,,,,,,,,,,,161.0,100,,,,,,,,,,,,,,,,,,
2026-07-06T06:02:16.747972+00:00,2026-07-06T06:02:16.747865,1,1,160.75,0.5,160.5,250,,,,,,,,,,,,,,,,,,,161.0,250,,,,,,,,,,,,,,,,,,
2026-07-06T06:02:16.799587+00:00,2026-07-06T06:02:16.799476,1,1,160.75,0.5,160.5,201,,,,,,,,,,,,,,,,,,,161.0,250,,,,,,,,,,,,,,,,,,
2026-07-06T06:02:17.293193+00:00,2026-07-06T06:02:17.293015,1,1,160.75,0.5,160.5,201,,,,,,,,,,,,,,,,,,,161.0,200,,,,,,,,,,,,,,,,,,
2026-07-06T06:02:18.602962+00:00,2026-07-06T06:02:18.602825,1,1,160.75,0.5,160.5,150,,,,,,,,,,,,,,,,,,,161.0,150,,,,,,,,,,,,,,,,,,
2026-07-06T06:02:18.658581+00:00,2026-07-06T06:02:18.653374,1,1,160.75,0.5,160.5,250,,,,,,,,,,,,,,,,,,,161.0,150,,,,,,,,,,,,,,,,,,
2026-07-06T06:02:18.711680+00:00,2026-07-06T06:02:18.711591,1,1,160.75,0.5,160.5,250,,,,,,,,,,,,,,,,,,,161.0,250,,,,,,,,,,,,,,,,,,
2026-07-06T06:02:19.453027+00:00,2026-07-06T06:02:19.452970,1,1,160.75,0.5,160.5,200,,,,,,,,,,,,,,,,,,,161.0,250,,,,,,,,,,,,,,,,,,
2026-07-06T06:02:19.805091+00:00,2026-07-06T06:02:19.805048,1,1,160.75,0.5,160.5,100,,,,,,,,,,,,,,,,,,,161.0,100,,,,,,,,,,,,,,,,,,
2026-07-06T06:02:19.860764+00:00,2026-07-06T06:02:19.860728,2,1,160.75,0.5,160.5,100,160.3,150,,,,,,,,,,,,,,,,,161.0,100,,,,,,,,,,,,,,,,,,
2026-07-06T06:02:19.912131+00:00,2026-07-06T06:02:19.912039,2,2,160.65,0.3,160.5,100,160.3,150,,,,,,,,,,,,,,,,,160.8,150,161.0,100,,,,,,,,,,,,,,,,
2026-07-06T06:02:20.017759+00:00,2026-07-06T06:02:20.018010,2,2,160.65,0.3,160.5,100,160.3,150,,,,,,,,,,,,,,,,,160.8,105,161.0,100,,,,,,,,,,,,,,,,
2026-07-06T06:02:21.563638+00:00,2026-07-06T06:02:21.563781,2,2,160.65,0.3,160.5,50,160.3,150,,,,,,,,,,,,,,,,,160.8,105,161.0,100,,,,,,,,,,,,,,,,
2026-07-06T06:02:21.766190+00:00,2026-07-06T06:02:21.766102,1,1,160.55,0.5,160.3,150,,,,,,,,,,,,,,,,,,,160.8,105,,,,,,,,,,,,,,,,,,
2026-07-06T06:02:21.820733+00:00,2026-07-06T06:02:21.820815,2,1,160.55,0.5,160.3,150,160.2,100,,,,,,,,,,,,,,,,,160.8,105,,,,,,,,,,,,,,,,,,
2026-07-06T06:02:21.869701+00:00,2026-07-06T06:02:21.869385,2,2,160.5,0.4,160.3,150,160.2,100,,,,,,,,,,,,,,,,,160.7,100,160.8,105,,,,,,,,,,,,,,,,
2026-07-06T06:02:22.968583+00:00,2026-07-06T06:02:22.968788,1,1,160.45,0.5,160.2,100,,,,,,,,,,,,,,,,,,,160.7,100,,,,,,,,,,,,,,,,,,
2026-07-06T06:02:23.023508+00:00,2026-07-06T06:02:23.023399,2,1,160.55,0.3,160.4,150,160.2,100,,,,,,,,,,,,,,,,,160.7,100,,,,,,,,,,,,,,,,,,
2026-07-06T06:02:23.075862+00:00,2026-07-06T06:02:23.075758,2,2,160.55,0.3,160.4,150,160.2,100,,,,,,,,,,,,,,,,,160.7,100,160.9,150,,,,,,,,,,,,,,,,
2026-07-06T06:02:23.672256+00:00,2026-07-06T06:02:23.672104,2,2,160.55,0.3,160.4,100,160.2,100,,,,,,,,,,,,,,,,,160.7,100,160.9,150,,,,,,,,,,,,,,,,
2026-07-06T06:02:24.233248+00:00,2026-07-06T06:02:24.233217,2,2,160.55,0.3,160.4,100,160.2,100,,,,,,,,,,,,,,,,,160.7,55,160.9,150,,,,,,,,,,,,,,,,
2026-07-06T06:02:24.838895+00:00,2026-07-06T06:02:24.838989,2,2,160.55,0.3,160.4,59,160.2,100,,,,,,,,,,,,,,,,,160.7,55,160.9,150,,,,,,,,,,,,,,,,
2026-07-06T06:02:24.958596+00:00,2026-07-06T06:02:24.950841,1,1,160.65,0.5,160.4,59,,,,,,,,,,,,,,,,,,,160.9,150,,,,,,,,,,,,,,,,,,
2026-07-06T06:02:25.009278+00:00,2026-07-06T06:02:25.009133,2,1,160.65,0.5,160.4,59,160.3,100,,,,,,,,,,,,,,,,,160.9,150,,,,,,,,,,,,,,,,,,
2026-07-06T06:02:25.057209+00:00,2026-07-06T06:02:25.057346,2,2,160.6,0.4,160.4,59,160.3,100,,,,,,,,,,,,,,,,,160.8,100,160.9,150,,,,,,,,,,,,,,,,
2026-07-06T06:02:25.375487+00:00,2026-07-06T06:02:25.375446,2,2,160.6,0.4,160.4,14,160.3,100,,,,,,,,,,,,,,,,,160.8,100,160.9,150,,,,,,,,,,,,,,,,
2026-07-06T06:02:25.779011+00:00,2026-07-06T06:02:25.779239,1,2,160.55,0.5,160.3,64,,,,,,,,,,,,,,,,,,,160.8,100,160.9,150,,,,,,,,,,,,,,,,
2026-07-06T06:02:26.141817+00:00,2026-07-06T06:02:26.141741,1,1,160.55,0.5,160.3,64,,,,,,,,,,,,,,,,,,,160.8,100,,,,,,,,,,,,,,,,,,
2026-07-06T06:02:26.199240+00:00,2026-07-06T06:02:26.199180,2,1,160.55,0.5,160.3,64,159.8,150,,,,,,,,,,,,,,,,,160.8,100,,,,,,,,,,,,,,,,,,
2026-07-06T06:02:26.254549+00:00,2026-07-06T06:02:26.254724,1,2,160.05,0.5,159.8,150,,,,,,,,,,,,,,,,,,,160.3,86,160.8,100,,,,,,,,,,,,,,,,
2026-07-06T06:02:26.269544+00:00,2026-07-06T06:02:26.262825,1,2,160.05,0.5,159.8,150,,,,,,,,,,,,,,,,,,,160.3,41,160.8,100,,,,,,,,,,,,,,,,
2026-07-06T06:02:27.889513+00:00,2026-07-06T06:02:27.889443,1,2,160.05,0.5,159.8,100,,,,,,,,,,,,,,,,,,,160.3,41,160.8,100,,,,,,,,,,,,,,,,
2026-07-06T06:02:28.110133+00:00,2026-07-06T06:02:28.110073,1,1,160.05,0.5,159.8,100,,,,,,,,,,,,,,,,,,,160.3,41,,,,,,,,,,,,,,,,,,
2026-07-06T06:02:28.170816+00:00,2026-07-06T06:02:28.170747,2,1,160.15,0.3,160.0,100,159.8,100,,,,,,,,,,,,,,,,,160.3,41,,,,,,,,,,,,,,,,,,
2026-07-06T06:02:28.223021+00:00,2026-07-06T06:02:28.222915,2,2,160.15,0.3,160.0,100,159.8,100,,,,,,,,,,,,,,,,,160.3,41,160.5,100,,,,,,,,,,,,,,,,
2026-07-06T06:02:28.798326+00:00,2026-07-06T06:02:28.798592,2,1,160.25,0.5,160.0,100,159.8,100,,,,,,,,,,,,,,,,,160.5,92,,,,,,,,,,,,,,,,,,
2026-07-06T06:02:29.310581+00:00,2026-07-06T06:02:29.310546,1,1,160.25,0.5,160.0,100,,,,,,,,,,,,,,,,,,,160.5,92,,,,,,,,,,,,,,,,,,
2026-07-06T06:02:29.358318+00:00,2026-07-06T06:02:29.358471,2,1,160.35,0.3,160.2,150,160.0,100,,,,,,,,,,,,,,,,,160.5,92,,,,,,,,,,,,,,,,,,
2026-07-06T06:02:29.418194+00:00,2026-07-06T06:02:29.418143,2,2,160.35,0.3,160.2,150,160.0,100,,,,,,,,,,,,,,,,,160.5,92,160.7,150,,,,,,,,,,,,,,,,
2026-07-06T06:02:29.945374+00:00,2026-07-06T06:02:29.945314,2,2,160.35,0.3,160.2,150,160.0,100,,,,,,,,,,,,,,,,,160.5,42,160.7,150,,,,,,,,,,,,,,,,
2026-07-06T06:02:30.882873+00:00,2026-07-06T06:02:30.882801,2,2,160.35,0.3,160.2,108,160.0,100,,,,,,,,,,,,,,,,,160.5,42,160.7,150,,,,,,,,,,,,,,,,
2026-07-06T06:02:31.277789+00:00,2026-07-06T06:02:31.277751,1,1,160.45,0.5,160.2,108,,,,,,,,,,,,,,,,,,,160.7,150,,,,,,,,,,,,,,,,,,
2026-07-06T06:02:31.332695+00:00,2026-07-06T06:02:31.332581,2,1,160.45,0.5,160.2,108,160.1,100,,,,,,,,,,,,,,,,,160.7,150,,,,,,,,,,,,,,,,,,
2026-07-06T06:02:31.403915+00:00,2026-07-06T06:02:31.404032,2,2,160.4,0.4,160.2,108,160.1,100,,,,,,,,,,,,,,,,,160.6,100,160.7,150,,,,,,,,,,,,,,,,
2026-07-06T06:02:32.058639+00:00,2026-07-06T06:02:32.051253,2,2,160.4,0.4,160.2,108,160.1,100,,,,,,,,,,,,,,,,,160.6,50,160.7,150,,,,,,,,,,,,,,,,
2026-07-06T06:02:32.469864+00:00,2026-07-06T06:02:32.469791,1,1,160.35,0.5,160.1,100,,,,,,,,,,,,,,,,,,,160.6,50,,,,,,,,,,,,,,,,,,
2026-07-06T06:02:32.522508+00:00,2026-07-06T06:02:32.522407,2,1,160.4,0.4,160.2,150,160.1,100,,,,,,,,,,,,,,,,,160.6,50,,,,,,,,,,,,,,,,,,
2026-07-06T06:02:32.576032+00:00,2026-07-06T06:02:32.576000,2,2,160.4,0.4,160.2,150,160.1,100,,,,,,,,,,,,,,,,,160.6,50,160.7,150,,,,,,,,,,,,,,,,
2026-07-06T06:02:32.774247+00:00,2026-07-06T06:02:32.774179,2,2,160.4,0.4,160.2,150,160.1,100,,,,,,,,,,,,,,,,,160.6,9,160.7,150,,,,,,,,,,,,,,,,
2026-07-06T06:02:33.024860+00:00,2026-07-06T06:02:33.024933,2,2,160.4,0.4,160.2,145,160.1,100,,,,,,,,,,,,,,,,,160.6,9,160.7,150,,,,,,,,,,,,,,,,
2026-07-06T06:02:33.855055+00:00,2026-07-06T06:02:33.855239,2,1,160.45,0.5,160.2,145,160.1,100,,,,,,,,,,,,,,,,,160.7,116,,,,,,,,,,,,,,,,,,
2026-07-06T06:02:34.047903+00:00,2026-07-06T06:02:34.047753,2,1,160.45,0.5,160.2,137,160.1,100,,,,,,,,,,,,,,,,,160.7,116,,,,,,,,,,,,,,,,,,
2026-07-06T06:02:34.209304+00:00,2026-07-06T06:02:34.209510,2,1,160.45,0.5,160.2,87,160.1,100,,,,,,,,,,,,,,,,,160.7,116,,,,,,,,,,,,,,,,,,
2026-07-06T06:02:34.458575+00:00,2026-07-06T06:02:34.454215,1,1,160.45,0.5,160.2,87,,,,,,,,,,,,,,,,,,,160.7,116,,,,,,,,,,,,,,,,,,
2026-07-06T06:02:34.512451+00:00,2026-07-06T06:02:34.512333,2,1,160.55,0.3,160.4,100,160.2,87,,,,,,,,,,,,,,,,,160.7,116,,,,,,,,,,,,,,,,,,
2026-07-06T06:02:34.565732+00:00,2026-07-06T06:02:34.565639,2,2,160.55,0.3,160.4,100,160.2,87,,,,,,,,,,,,,,,,,160.7,116,160.9,100,,,,,,,,,,,,,,,,
2026-07-06T06:02:35.632861+00:00,2026-07-06T06:02:35.632740,1,1,160.65,0.5,160.4,100,,,,,,,,,,,,,,,,,,,160.9,100,,,,,,,,,,,,,,,,,,
2026-07-06T06:02:35.688465+00:00,2026-07-06T06:02:35.688431,2,1,160.65,0.5,160.4,100,160.0,150,,,,,,,,,,,,,,,,,160.9,100,,,,,,,,,,,,,,,,,,
2026-07-06T06:02:35.742048+00:00,2026-07-06T06:02:35.741963,2,2,160.45,0.1,160.4,100,160.0,150,,,,,,,,,,,,,,,,,160.5,150,160.9,100,,,,,,,,,,,,,,,,
2026-07-06T06:02:36.316590+00:00,2026-07-06T06:02:36.316489,2,2,160.45,0.1,160.4,50,160.0,150,,,,,,,,,,,,,,,,,160.5,150,160.9,100,,,,,,,,,,,,,,,,
2026-07-06T06:02:37.618380+00:00,2026-07-06T06:02:37.618507,1,1,160.25,0.5,160.0,150,,,,,,,,,,,,,,,,,,,160.5,150,,,,,,,,,,,,,,,,,,
2026-07-06T06:02:37.673335+00:00,2026-07-06T06:02:37.673224,1,1,160.25,0.5,160.0,150,,,,,,,,,,,,,,,,,,,160.5,50,,,,,,,,,,,,,,,,,,
2026-07-06T06:02:37.726303+00:00,2026-07-06T06:02:37.726183,1,2,160.25,0.5,160.0,150,,,,,,,,,,,,,,,,,,,160.5,50,161.0,100,,,,,,,,,,,,,,,,
2026-07-06T06:02:38.191732+00:00,2026-07-06T06:02:38.191588,1,2,160.25,0.5,160.0,108,,,,,,,,,,,,,,,,,,,160.5,50,161.0,100,,,,,,,,,,,,,,,,
2026-07-06T06:02:38.375164+00:00,2026-07-06T06:02:38.375134,1,1,160.5,1.0,160.0,108,,,,,,,,,,,,,,,,,,,161.0,100,,,,,,,,,,,,,,,,,,
2026-07-06T06:02:38.796119+00:00,2026-07-06T06:02:38.796270,0,1,,,,,,,,,,,,,,,,,,,,,,,161.0,100,,,,,,,,,,,,,,,,,,
2026-07-06T06:02:38.864854+00:00,2026-07-06T06:02:38.864773,1,1,160.75,0.5,160.5,150,,,,,,,,,,,,,,,,,,,161.0,100,,,,,,,,,,,,,,,,,,
2026-07-06T06:02:38.921877+00:00,2026-07-06T06:02:38.921750,1,1,160.75,0.5,160.5,150,,,,,,,,,,,,,,,,,,,161.0,250,,,,,,,,,,,,,,,,,,
2026-07-06T06:02:40.533607+00:00,2026-07-06T06:02:40.533510,1,1,160.75,0.5,160.5,100,,,,,,,,,,,,,,,,,,,161.0,250,,,,,,,,,,,,,,,,,,
2026-07-06T06:02:40.780751+00:00,2026-07-06T06:02:40.780867,1,1,160.75,0.5,160.5,100,,,,,,,,,,,,,,,,,,,161.0,150,,,,,,,,,,,,,,,,,,
2026-07-06T06:02:40.833627+00:00,2026-07-06T06:02:40.833521,2,1,160.75,0.5,160.5,100,160.2,100,,,,,,,,,,,,,,,,,161.0,150,,,,,,,,,,,,,,,,,,
2026-07-06T06:02:40.887304+00:00,2026-07-06T06:02:40.887220,2,2,160.6,0.2,160.5,100,160.2,100,,,,,,,,,,,,,,,,,160.7,100,161.0,150,,,,,,,,,,,,,,,,
2026-07-06T06:02:41.946135+00:00,2026-07-06T06:02:41.946115,2,2,160.6,0.2,160.5,52,160.2,100,,,,,,,,,,,,,,,,,160.7,100,161.0,150,,,,,,,,,,,,,,,,
2026-07-06T06:02:41.976640+00:00,2026-07-06T06:02:41.976531,1,1,160.45,0.5,160.2,100,,,,,,,,,,,,,,,,,,,160.7,100,,,,,,,,,,,,,,,,,,
2026-07-06T06:02:42.031257+00:00,2026-07-06T06:02:42.031375,2,1,160.45,0.5,160.2,100,160.1,150,,,,,,,,,,,,,,,,,160.7,100,,,,,,,,,,,,,,,,,,
2026-07-06T06:02:42.084346+00:00,2026-07-06T06:02:42.084228,2,2,160.4,0.4,160.2,100,160.1,150,,,,,,,,,,,,,,,,,160.6,150,160.7,100,,,,,,,,,,,,,,,,
2026-07-06T06:02:42.600811+00:00,2026-07-06T06:02:42.582548,2,2,160.4,0.4,160.2,100,160.1,150,,,,,,,,,,,,,,,,,160.6,100,160.7,100,,,,,,,,,,,,,,,,
2026-07-06T06:02:43.941500+00:00,2026-07-06T06:02:43.941417,1,1,160.35,0.5,160.1,150,,,,,,,,,,,,,,,,,,,160.6,100,,,,,,,,,,,,,,,,,,
2026-07-06T06:02:43.996433+00:00,2026-07-06T06:02:43.996352,2,1,160.35,0.5,160.1,150,160.0,100,,,,,,,,,,,,,,,,,160.6,100,,,,,,,,,,,,,,,,,,
2026-07-06T06:02:44.050027+00:00,2026-07-06T06:02:44.049907,2,2,160.3,0.4,160.1,150,160.0,100,,,,,,,,,,,,,,,,,160.5,100,160.6,100,,,,,,,,,,,,,,,,
2026-07-06T06:02:44.693636+00:00,2026-07-06T06:02:44.693596,2,2,160.3,0.4,160.1,150,160.0,100,,,,,,,,,,,,,,,,,160.5,50,160.6,100,,,,,,,,,,,,,,,,
2026-07-06T06:02:45.138649+00:00,2026-07-06T06:02:45.138558,1,1,160.25,0.5,160.0,100,,,,,,,,,,,,,,,,,,,160.5,50,,,,,,,,,,,,,,,,,,
2026-07-06T06:02:45.193863+00:00,2026-07-06T06:02:45.193793,2,1,160.3,0.4,160.1,150,160.0,100,,,,,,,,,,,,,,,,,160.5,50,,,,,,,,,,,,,,,,,,
2026-07-06T06:02:45.247387+00:00,2026-07-06T06:02:45.247322,2,2,160.3,0.4,160.1,150,160.0,100,,,,,,,,,,,,,,,,,160.5,50,160.6,150,,,,,,,,,,,,,,,,
2026-07-06T06:02:46.798602+00:00,2026-07-06T06:02:46.798507,2,1,160.35,0.5,160.1,150,160.0,100,,,,,,,,,,,,,,,,,160.6,150,,,,,,,,,,,,,,,,,,
2026-07-06T06:02:47.104179+00:00,2026-07-06T06:02:47.104107,1,1,160.35,0.5,160.1,150,,,,,,,,,,,,,,,,,,,160.6,150,,,,,,,,,,,,,,,,,,
2026-07-06T06:02:47.158618+00:00,2026-07-06T06:02:47.152502,2,1,160.5,0.2,160.4,100,160.1,150,,,,,,,,,,,,,,,,,160.6,150,,,,,,,,,,,,,,,,,,
2026-07-06T06:02:47.210892+00:00,2026-07-06T06:02:47.210848,2,2,160.5,0.2,160.4,100,160.1,150,,,,,,,,,,,,,,,,,160.6,150,160.9,100,,,,,,,,,,,,,,,,
2026-07-06T06:02:48.302317+00:00,2026-07-06T06:02:48.302267,1,1,160.65,0.5,160.4,100,,,,,,,,,,,,,,,,,,,160.9,100,,,,,,,,,,,,,,,,,,
2026-07-06T06:02:48.358599+00:00,2026-07-06T06:02:48.352691,2,1,160.65,0.5,160.4,100,160.1,150,,,,,,,,,,,,,,,,,160.9,100,,,,,,,,,,,,,,,,,,
2026-07-06T06:02:48.411117+00:00,2026-07-06T06:02:48.410996,2,2,160.5,0.2,160.4,100,160.1,150,,,,,,,,,,,,,,,,,160.6,150,160.9,100,,,,,,,,,,,,,,,,
2026-07-06T06:02:48.906571+00:00,2026-07-06T06:02:48.906490,2,2,160.5,0.2,160.4,100,160.1,150,,,,,,,,,,,,,,,,,160.6,100,160.9,100,,,,,,,,,,,,,,,,
2026-07-06T06:02:50.014259+00:00,2026-07-06T06:02:50.008698,2,2,160.5,0.2,160.4,78,160.1,150,,,,,,,,,,,,,,,,,160.6,100,160.9,100,,,,,,,,,,,,,,,,
2026-07-06T06:02:50.105845+00:00,2026-07-06T06:02:50.105988,2,2,160.5,0.2,160.4,78,160.1,150,,,,,,,,,,,,,,,,,160.6,55,160.9,100,,,,,,,,,,,,,,,,
2026-07-06T06:02:50.266101+00:00,2026-07-06T06:02:50.266001,1,1,160.35,0.5,160.1,150,,,,,,,,,,,,,,,,,,,160.6,55,,,,,,,,,,,,,,,,,,
2026-07-06T06:02:50.315054+00:00,2026-07-06T06:02:50.315213,1,1,160.35,0.5,160.1,250,,,,,,,,,,,,,,,,,,,160.6,55,,,,,,,,,,,,,,,,,,
2026-07-06T06:02:50.374950+00:00,2026-07-06T06:02:50.374862,1,1,160.35,0.5,160.1,250,,,,,,,,,,,,,,,,,,,160.6,155,,,,,,,,,,,,,,,,,,
2026-07-06T06:02:51.069192+00:00,2026-07-06T06:02:51.068942,1,1,160.35,0.5,160.1,200,,,,,,,,,,,,,,,,,,,160.6,155,,,,,,,,,,,,,,,,,,
2026-07-06T06:02:51.483958+00:00,2026-07-06T06:02:51.483852,1,1,160.35,0.5,160.1,100,,,,,,,,,,,,,,,,,,,160.6,100,,,,,,,,,,,,,,,,,,
2026-07-06T06:02:51.540541+00:00,2026-07-06T06:02:51.540458,2,1,160.5,0.2,160.4,150,160.1,100,,,,,,,,,,,,,,,,,160.6,100,,,,,,,,,,,,,,,,,,
2026-07-06T06:02:51.603349+00:00,2026-07-06T06:02:51.603213,2,2,160.5,0.2,160.4,150,160.1,100,,,,,,,,,,,,,,,,,160.6,100,160.9,150,,,,,,,,,,,,,,,,
2026-07-06T06:02:53.280622+00:00,2026-07-06T06:02:53.280496,2,2,160.5,0.2,160.4,105,160.1,100,,,,,,,,,,,,,,,,,160.6,100,160.9,150,,,,,,,,,,,,,,,,
2026-07-06T06:02:53.431418+00:00,2026-07-06T06:02:53.431312,1,1,160.65,0.5,160.4,105,,,,,,,,,,,,,,,,,,,160.9,150,,,,,,,,,,,,,,,,,,
2026-07-06T06:02:53.501452+00:00,2026-07-06T06:02:53.501326,2,1,160.65,0.5,160.4,105,160.3,100,,,,,,,,,,,,,,,,,160.9,150,,,,,,,,,,,,,,,,,,
2026-07-06T06:02:53.558594+00:00,2026-07-06T06:02:53.553545,2,2,160.6,0.4,160.4,105,160.3,100,,,,,,,,,,,,,,,,,160.8,100,160.9,150,,,,,,,,,,,,,,,,
2026-07-06T06:02:54.658635+00:00,2026-07-06T06:02:54.653525,1,1,160.55,0.5,160.3,100,,,,,,,,,,,,,,,,,,,160.8,100,,,,,,,,,,,,,,,,,,
2026-07-06T06:02:54.710553+00:00,2026-07-06T06:02:54.710528,1,1,160.55,0.5,160.3,250,,,,,,,,,,,,,,,,,,,160.8,100,,,,,,,,,,,,,,,,,,
2026-07-06T06:02:54.767808+00:00,2026-07-06T06:02:54.767651,1,1,160.55,0.5,160.3,250,,,,,,,,,,,,,,,,,,,160.8,250,,,,,,,,,,,,,,,,,,
2026-07-06T06:02:55.229569+00:00,2026-07-06T06:02:55.229719,1,1,160.55,0.5,160.3,250,,,,,,,,,,,,,,,,,,,160.8,200,,,,,,,,,,,,,,,,,,
2026-07-06T06:02:56.609301+00:00,2026-07-06T06:02:56.609241,1,1,160.55,0.5,160.3,150,,,,,,,,,,,,,,,,,,,160.8,150,,,,,,,,,,,,,,,,,,
2026-07-06T06:02:56.658625+00:00,2026-07-06T06:02:56.658005,2,1,160.65,0.3,160.5,100,160.3,150,,,,,,,,,,,,,,,,,160.8,150,,,,,,,,,,,,,,,,,,
2026-07-06T06:02:56.716351+00:00,2026-07-06T06:02:56.716279,2,2,160.65,0.3,160.5,100,160.3,150,,,,,,,,,,,,,,,,,160.8,150,161.0,100,,,,,,,,,,,,,,,,
2026-07-06T06:02:57.338745+00:00,2026-07-06T06:02:57.338610,2,2,160.65,0.3,160.5,100,160.3,150,,,,,,,,,,,,,,,,,160.8,100,161.0,100,,,,,,,,,,,,,,,,
2026-07-06T06:02:57.822243+00:00,2026-07-06T06:02:57.822122,1,1,160.75,0.5,160.5,100,,,,,,,,,,,,,,,,,,,161.0,100,,,,,,,,,,,,,,,,,,
2026-07-06T06:02:57.879656+00:00,2026-07-06T06:02:57.879506,2,1,160.75,0.5,160.5,100,160.4,150,,,,,,,,,,,,,,,,,161.0,100,,,,,,,,,,,,,,,,,,
2026-07-06T06:02:57.902034+00:00,2026-07-06T06:02:57.902193,2,1,160.75,0.5,160.5,100,160.4,150,,,,,,,,,,,,,,,,,161.0,59,,,,,,,,,,,,,,,,,,
2026-07-06T06:02:57.934067+00:00,2026-07-06T06:02:57.934046,2,2,160.7,0.4,160.5,100,160.4,150,,,,,,,,,,,,,,,,,160.9,150,161.0,59,,,,,,,,,,,,,,,,
2026-07-06T06:02:58.395318+00:00,2026-07-06T06:02:58.395258,2,2,160.7,0.4,160.5,100,160.4,150,,,,,,,,,,,,,,,,,160.9,107,161.0,59,,,,,,,,,,,,,,,,
2026-07-06T06:02:58.444990+00:00,2026-07-06T06:02:58.444891,2,2,160.7,0.4,160.5,60,160.4,150,,,,,,,,,,,,,,,,,160.9,107,161.0,59,,,,,,,,,,,,,,,,
2026-07-06T06:02:59.769179+00:00,2026-07-06T06:02:59.769315,1,1,160.65,0.5,160.4,150,,,,,,,,,,,,,,,,,,,160.9,107,,,,,,,,,,,,,,,,,,
2026-07-06T06:02:59.823515+00:00,2026-07-06T06:02:59.823440,2,1,160.65,0.5,160.4,150,160.3,100,,,,,,,,,,,,,,,,,160.9,107,,,,,,,,,,,,,,,,,,
2026-07-06T06:02:59.876319+00:00,2026-07-06T06:02:59.876261,2,2,160.6,0.4,160.4,150,160.3,100,,,,,,,,,,,,,,,,,160.8,100,160.9,107,,,,,,,,,,,,,,,,
2026-07-06T06:03:00.482166+00:00,2026-07-06T06:03:00.482038,2,2,160.6,0.4,160.4,102,160.3,100,,,,,,,,,,,,,,,,,160.8,100,160.9,107,,,,,,,,,,,,,,,,
2026-07-06T06:03:00.991166+00:00,2026-07-06T06:03:00.991043,2,1,160.6,0.4,160.4,102,160.3,100,,,,,,,,,,,,,,,,,160.8,100,,,,,,,,,,,,,,,,,,
2026-07-06T06:03:00.996280+00:00,2026-07-06T06:03:00.996211,1,1,160.55,0.5,160.3,100,,,,,,,,,,,,,,,,,,,160.8,100,,,,,,,,,,,,,,,,,,
2026-07-06T06:03:01.045524+00:00,2026-07-06T06:03:01.045476,2,1,160.6,0.4,160.4,150,160.3,100,,,,,,,,,,,,,,,,,160.8,100,,,,,,,,,,,,,,,,,,
2026-07-06T06:03:01.102566+00:00,2026-07-06T06:03:01.102458,2,2,160.6,0.4,160.4,150,160.3,100,,,,,,,,,,,,,,,,,160.8,100,160.9,150,,,,,,,,,,,,,,,,
2026-07-06T06:03:01.569810+00:00,2026-07-06T06:03:01.569738,2,2,160.6,0.4,160.4,150,160.3,100,,,,,,,,,,,,,,,,,160.8,50,160.9,150,,,,,,,,,,,,,,,,
2026-07-06T06:03:02.092216+00:00,2026-07-06T06:03:02.092136,2,2,160.6,0.4,160.4,150,160.3,100,,,,,,,,,,,,,,,,,160.8,1,160.9,150,,,,,,,,,,,,,,,,
2026-07-06T06:03:02.658659+00:00,2026-07-06T06:03:02.656213,2,1,160.65,0.5,160.4,150,160.3,100,,,,,,,,,,,,,,,,,160.9,106,,,,,,,,,,,,,,,,,,
2026-07-06T06:03:02.930378+00:00,2026-07-06T06:03:02.930341,1,1,160.65,0.5,160.4,150,,,,,,,,,,,,,,,,,,,160.9,106,,,,,,,,,,,,,,,,,,
2026-07-06T06:03:02.983152+00:00,2026-07-06T06:03:02.983094,1,1,160.65,0.5,160.4,150,,,,,,,,,,,,,,,,,,,160.9,6,,,,,,,,,,,,,,,,,,
2026-07-06T06:03:03.037823+00:00,2026-07-06T06:03:03.037748,1,2,160.65,0.5,160.4,150,,,,,,,,,,,,,,,,,,,160.9,6,161.4,100,,,,,,,,,,,,,,,,
2026-07-06T06:03:03.689488+00:00,2026-07-06T06:03:03.689567,1,1,160.9,1.0,160.4,150,,,,,,,,,,,,,,,,,,,161.4,56,,,,,,,,,,,,,,,,,,
2026-07-06T06:03:04.153098+00:00,2026-07-06T06:03:04.153232,0,1,,,,,,,,,,,,,,,,,,,,,,,161.4,56,,,,,,,,,,,,,,,,,,
2026-07-06T06:03:04.218539+00:00,2026-07-06T06:03:04.211315,1,1,161.3,0.2,161.2,115,,,,,,,,,,,,,,,,,,,161.4,56,,,,,,,,,,,,,,,,,,
2026-07-06T06:03:04.257528+00:00,2026-07-06T06:03:04.257461,1,2,161.3,0.2,161.2,115,,,,,,,,,,,,,,,,,,,161.4,56,161.7,150,,,,,,,,,,,,,,,,
2026-07-06T06:03:04.604747+00:00,2026-07-06T06:03:04.604939,1,2,161.3,0.2,161.2,68,,,,,,,,,,,,,,,,,,,161.4,56,161.7,150,,,,,,,,,,,,,,,,
2026-07-06T06:03:05.845718+00:00,2026-07-06T06:03:05.845637,1,2,161.3,0.2,161.2,18,,,,,,,,,,,,,,,,,,,161.4,56,161.7,150,,,,,,,,,,,,,,,,
2026-07-06T06:03:06.091520+00:00,2026-07-06T06:03:06.091408,1,1,161.45,0.5,161.2,18,,,,,,,,,,,,,,,,,,,161.7,150,,,,,,,,,,,,,,,,,,
2026-07-06T06:03:06.143596+00:00,2026-07-06T06:03:06.143560,2,1,161.45,0.5,161.2,18,160.8,100,,,,,,,,,,,,,,,,,161.7,150,,,,,,,,,,,,,,,,,,
2026-07-06T06:03:06.165348+00:00,2026-07-06T06:03:06.165223,1,1,161.25,0.9,160.8,78,,,,,,,,,,,,,,,,,,,161.7,150,,,,,,,,,,,,,,,,,,
2026-07-06T06:03:06.196008+00:00,2026-07-06T06:03:06.195936,1,2,161.05,0.5,160.8,78,,,,,,,,,,,,,,,,,,,161.3,100,161.7,150,,,,,,,,,,,,,,,,
2026-07-06T06:03:07.325743+00:00,2026-07-06T06:03:07.325653,1,1,161.05,0.5,160.8,78,,,,,,,,,,,,,,,,,,,161.3,100,,,,,,,,,,,,,,,,,,
2026-07-06T06:03:07.380639+00:00,2026-07-06T06:03:07.380474,2,1,161.05,0.5,160.8,78,160.7,150,,,,,,,,,,,,,,,,,161.3,100,,,,,,,,,,,,,,,,,,
2026-07-06T06:03:07.433728+00:00,2026-07-06T06:03:07.433592,2,2,161.0,0.4,160.8,78,160.7,150,,,,,,,,,,,,,,,,,161.2,150,161.3,100,,,,,,,,,,,,,,,,
2026-07-06T06:03:07.958589+00:00,2026-07-06T06:03:07.954443,2,2,161.0,0.4,160.8,28,160.7,150,,,,,,,,,,,,,,,,,161.2,150,161.3,100,,,,,,,,,,,,,,,,
2026-07-06T06:03:09.251102+00:00,2026-07-06T06:03:09.251036,1,1,160.95,0.5,160.7,150,,,,,,,,,,,,,,,,,,,161.2,150,,,,,,,,,,,,,,,,,,
2026-07-06T06:03:09.305426+00:00,2026-07-06T06:03:09.305338,1,1,160.95,0.5,160.7,250,,,,,,,,,,,,,,,,,,,161.2,150,,,,,,,,,,,,,,,,,,
2026-07-06T06:03:09.358589+00:00,2026-07-06T06:03:09.357042,1,1,160.95,0.5,160.7,250,,,,,,,,,,,,,,,,,,,161.2,250,,,,,,,,,,,,,,,,,,
2026-07-06T06:03:10.047873+00:00,2026-07-06T06:03:10.047706,1,1,160.95,0.5,160.7,250,,,,,,,,,,,,,,,,,,,161.2,206,,,,,,,,,,,,,,,,,,
2026-07-06T06:03:10.052805+00:00,2026-07-06T06:03:10.054356,1,1,160.95,0.5,160.7,200,,,,,,,,,,,,,,,,,,,161.2,206,,,,,,,,,,,,,,,,,,
2026-07-06T06:03:10.488262+00:00,2026-07-06T06:03:10.488361,1,1,160.95,0.5,160.7,100,,,,,,,,,,,,,,,,,,,161.2,100,,,,,,,,,,,,,,,,,,
2026-07-06T06:03:10.543828+00:00,2026-07-06T06:03:10.543726,2,1,160.95,0.5,160.7,100,160.6,150,,,,,,,,,,,,,,,,,161.2,100,,,,,,,,,,,,,,,,,,
2026-07-06T06:03:10.596784+00:00,2026-07-06T06:03:10.596694,2,2,160.9,0.4,160.7,100,160.6,150,,,,,,,,,,,,,,,,,161.1,150,161.2,100,,,,,,,,,,,,,,,,
2026-07-06T06:03:10.602003+00:00,2026-07-06T06:03:10.601890,2,2,160.9,0.4,160.7,100,160.6,150,,,,,,,,,,,,,,,,,161.1,110,161.2,100,,,,,,,,,,,,,,,,
2026-07-06T06:03:12.179868+00:00,2026-07-06T06:03:12.179783,2,2,160.9,0.4,160.7,50,160.6,150,,,,,,,,,,,,,,,,,161.1,110,161.2,100,,,,,,,,,,,,,,,,
2026-07-06T06:03:12.410943+00:00,2026-07-06T06:03:12.410874,1,1,160.85,0.5,160.6,150,,,,,,,,,,,,,,,,,,,161.1,110,,,,,,,,,,,,,,,,,,
2026-07-06T06:03:12.463915+00:00,2026-07-06T06:03:12.463827,2,1,160.85,0.5,160.6,150,160.5,100,,,,,,,,,,,,,,,,,161.1,110,,,,,,,,,,,,,,,,,,
2026-07-06T06:03:12.513822+00:00,2026-07-06T06:03:12.513774,2,2,160.8,0.4,160.6,150,160.5,100,,,,,,,,,,,,,,,,,161.0,100,161.1,110,,,,,,,,,,,,,,,,
2026-07-06T06:03:12.927875+00:00,2026-07-06T06:03:12.927763,2,2,160.8,0.4,160.6,110,160.5,100,,,,,,,,,,,,,,,,,161.0,100,161.1,110,,,,,,,,,,,,,,,,
2026-07-06T06:03:13.647533+00:00,2026-07-06T06:03:13.647420,2,1,160.8,0.4,160.6,110,160.5,100,,,,,,,,,,,,,,,,,161.0,100,,,,,,,,,,,,,,,,,,
2026-07-06T06:03:13.658601+00:00,2026-07-06T06:03:13.652575,1,1,160.75,0.5,160.5,100,,,,,,,,,,,,,,,,,,,161.0,100,,,,,,,,,,,,,,,,,,
2026-07-06T06:03:13.705651+00:00,2026-07-06T06:03:13.705616,1,1,160.75,0.5,160.5,250,,,,,,,,,,,,,,,,,,,161.0,100,,,,,,,,,,,,,,,,,,
2026-07-06T06:03:13.758592+00:00,2026-07-06T06:03:13.753823,1,1,160.75,0.5,160.5,250,,,,,,,,,,,,,,,,,,,161.0,250,,,,,,,,,,,,,,,,,,
2026-07-06T06:03:14.282689+00:00,2026-07-06T06:03:14.282626,1,1,160.75,0.5,160.5,200,,,,,,,,,,,,,,,,,,,161.0,250,,,,,,,,,,,,,,,,,,
2026-07-06T06:03:15.569797+00:00,2026-07-06T06:03:15.569761,1,1,160.75,0.5,160.5,150,,,,,,,,,,,,,,,,,,,161.0,150,,,,,,,,,,,,,,,,,,
2026-07-06T06:03:15.620870+00:00,2026-07-06T06:03:15.620779,2,1,160.75,0.5,160.5,150,160.2,100,,,,,,,,,,,,,,,,,161.0,150,,,,,,,,,,,,,,,,,,
2026-07-06T06:03:15.687117+00:00,2026-07-06T06:03:15.680789,2,2,160.6,0.2,160.5,150,160.2,100,,,,,,,,,,,,,,,,,160.7,77,161.0,150,,,,,,,,,,,,,,,,
2026-07-06T06:03:16.390519+00:00,2026-07-06T06:03:16.390438,2,2,160.6,0.2,160.5,100,160.2,100,,,,,,,,,,,,,,,,,160.7,77,161.0,150,,,,,,,,,,,,,,,,
2026-07-06T06:03:16.763824+00:00,2026-07-06T06:03:16.763766,2,2,160.6,0.2,160.5,100,160.2,100,,,,,,,,,,,,,,,,,160.7,36,161.0,150,,,,,,,,,,,,,,,,
2026-07-06T06:03:16.813452+00:00,2026-07-06T06:03:16.813388,1,1,160.45,0.5,160.2,100,,,,,,,,,,,,,,,,,,,160.7,36,,,,,,,,,,,,,,,,,,
2026-07-06T06:03:16.869887+00:00,2026-07-06T06:03:16.869786,2,1,160.5,0.4,160.3,150,160.2,100,,,,,,,,,,,,,,,,,160.7,36,,,,,,,,,,,,,,,,,,
2026-07-06T06:03:16.922394+00:00,2026-07-06T06:03:16.922328,2,2,160.5,0.4,160.3,150,160.2,100,,,,,,,,,,,,,,,,,160.7,36,160.8,150,,,,,,,,,,,,,,,,
2026-07-06T06:03:18.498174+00:00,2026-07-06T06:03:18.498068,2,2,160.5,0.4,160.3,100,160.2,100,,,,,,,,,,,,,,,,,160.7,36,160.8,150,,,,,,,,,,,,,,,,
2026-07-06T06:03:18.730842+00:00,2026-07-06T06:03:18.730752,1,1,160.55,0.5,160.3,100,,,,,,,,,,,,,,,,,,,160.8,150,,,,,,,,,,,,,,,,,,
2026-07-06T06:03:18.784839+00:00,2026-07-06T06:03:18.784685,2,1,160.6,0.4,160.4,100,160.3,100,,,,,,,,,,,,,,,,,160.8,150,,,,,,,,,,,,,,,,,,
2026-07-06T06:03:18.840574+00:00,2026-07-06T06:03:18.840445,2,2,160.6,0.4,160.4,100,160.3,100,,,,,,,,,,,,,,,,,160.8,150,160.9,100,,,,,,,,,,,,,,,,
2026-07-06T06:03:19.970629+00:00,2026-07-06T06:03:19.970803,2,1,160.65,0.5,160.4,100,160.3,100,,,,,,,,,,,,,,,,,160.9,100,,,,,,,,,,,,,,,,,,
2026-07-06T06:03:19.976892+00:00,2026-07-06T06:03:19.976765,1,1,160.65,0.5,160.4,100,,,,,,,,,,,,,,,,,,,160.9,100,,,,,,,,,,,,,,,,,,
2026-07-06T06:03:20.048764+00:00,2026-07-06T06:03:20.048665,2,1,160.65,0.5,160.4,100,160.1,150,,,,,,,,,,,,,,,,,160.9,100,,,,,,,,,,,,,,,,,,
2026-07-06T06:03:20.118624+00:00,2026-07-06T06:03:20.112558,2,2,160.5,0.2,160.4,100,160.1,150,,,,,,,,,,,,,,,,,160.6,138,160.9,100,,,,,,,,,,,,,,,,
2026-07-06T06:03:20.407486+00:00,2026-07-06T06:03:20.407406,2,2,160.5,0.2,160.4,56,160.1,150,,,,,,,,,,,,,,,,,160.6,138,160.9,100,,,,,,,,,,,,,,,,
2026-07-06T06:03:20.604760+00:00,2026-07-06T06:03:20.604653,2,2,160.5,0.2,160.4,6,160.1,150,,,,,,,,,,,,,,,,,160.6,138,160.9,100,,,,,,,,,,,,,,,,
2026-07-06T06:03:21.029443+00:00,2026-07-06T06:03:21.029407,2,2,160.5,0.2,160.4,6,160.1,150,,,,,,,,,,,,,,,,,160.6,95,160.9,100,,,,,,,,,,,,,,,,
2026-07-06T06:03:21.890476+00:00,2026-07-06T06:03:21.890095,1,1,160.35,0.5,160.1,150,,,,,,,,,,,,,,,,,,,160.6,95,,,,,,,,,,,,,,,,,,
2026-07-06T06:03:21.949348+00:00,2026-07-06T06:03:21.949437,1,1,160.35,0.5,160.1,250,,,,,,,,,,,,,,,,,,,160.6,95,,,,,,,,,,,,,,,,,,
2026-07-06T06:03:22.003235+00:00,2026-07-06T06:03:22.003121,1,1,160.35,0.5,160.1,250,,,,,,,,,,,,,,,,,,,160.6,195,,,,,,,,,,,,,,,,,,
2026-07-06T06:03:22.479642+00:00,2026-07-06T06:03:22.479487,1,1,160.35,0.5,160.1,250,,,,,,,,,,,,,,,,,,,160.6,149,,,,,,,,,,,,,,,,,,
2026-07-06T06:03:22.548290+00:00,2026-07-06T06:03:22.548162,1,1,160.35,0.5,160.1,206,,,,,,,,,,,,,,,,,,,160.6,149,,,,,,,,,,,,,,,,,,
2026-07-06T06:03:22.658590+00:00,2026-07-06T06:03:22.654172,1,1,160.35,0.5,160.1,206,,,,,,,,,,,,,,,,,,,160.6,99,,,,,,,,,,,,,,,,,,
2026-07-06T06:03:23.158543+00:00,2026-07-06T06:03:23.158358,1,1,160.35,0.5,160.1,100,,,,,,,,,,,,,,,,,,,160.6,99,,,,,,,,,,,,,,,,,,
2026-07-06T06:03:23.211806+00:00,2026-07-06T06:03:23.211692,2,1,160.55,0.1,160.5,150,160.1,100,,,,,,,,,,,,,,,,,160.6,99,,,,,,,,,,,,,,,,,,
2026-07-06T06:03:23.264654+00:00,2026-07-06T06:03:23.264527,2,2,160.55,0.1,160.5,150,160.1,100,,,,,,,,,,,,,,,,,160.6,99,161.0,150,,,,,,,,,,,,,,,,
2026-07-06T06:03:24.114633+00:00,2026-07-06T06:03:24.106564,2,2,160.55,0.1,160.5,150,160.1,100,,,,,,,,,,,,,,,,,160.6,88,161.0,150,,,,,,,,,,,,,,,,
2026-07-06T06:03:24.768353+00:00,2026-07-06T06:03:24.768488,2,2,160.55,0.1,160.5,150,160.1,100,,,,,,,,,,,,,,,,,160.6,38,161.0,150,,,,,,,,,,,,,,,,
2026-07-06T06:03:25.054681+00:00,2026-07-06T06:03:25.054808,1,1,160.75,0.5,160.5,150,,,,,,,,,,,,,,,,,,,161.0,150,,,,,,,,,,,,,,,,,,
2026-07-06T06:03:25.110478+00:00,2026-07-06T06:03:25.110443,1,1,160.75,0.5,160.5,250,,,,,,,,,,,,,,,,,,,161.0,150,,,,,,,,,,,,,,,,,,
2026-07-06T06:03:25.158588+00:00,2026-07-06T06:03:25.156445,1,1,160.75,0.5,160.5,250,,,,,,,,,,,,,,,,,,,161.0,250,,,,,,,,,,,,,,,,,,
2026-07-06T06:03:26.319164+00:00,2026-07-06T06:03:26.319117,1,1,160.75,0.5,160.5,100,,,,,,,,,,,,,,,,,,,161.0,100,,,,,,,,,,,,,,,,,,
2026-07-06T06:03:26.375325+00:00,2026-07-06T06:03:26.375263,2,0,,,161.1,50,160.5,100,,,,,,,,,,,,,,,,,,,,,,,,,,,,,,,,,,,,
2026-07-06T06:03:26.429935+00:00,2026-07-06T06:03:26.429881,2,1,161.35,0.5,161.1,50,160.5,100,,,,,,,,,,,,,,,,,161.6,150,,,,,,,,,,,,,,,,,,
2026-07-06T06:03:26.586241+00:00,2026-07-06T06:03:26.586171,2,1,161.35,0.5,161.1,50,160.5,100,,,,,,,,,,,,,,,,,161.6,109,,,,,,,,,,,,,,,,,,
2026-07-06T06:03:26.737191+00:00,2026-07-06T06:03:26.730393,2,1,161.35,0.5,161.1,39,160.5,100,,,,,,,,,,,,,,,,,161.6,109,,,,,,,,,,,,,,,,,,
2026-07-06T06:03:26.877067+00:00,2026-07-06T06:03:26.877204,2,1,161.35,0.5,161.1,39,160.5,100,,,,,,,,,,,,,,,,,161.6,59,,,,,,,,,,,,,,,,,,
2026-07-06T06:03:27.598697+00:00,2026-07-06T06:03:27.598600,2,1,161.35,0.5,161.1,28,160.5,100,,,,,,,,,,,,,,,,,161.6,59,,,,,,,,,,,,,,,,,,
2026-07-06T06:03:28.040642+00:00,2026-07-06T06:03:28.034994,2,1,161.35,0.5,161.1,5,160.5,100,,,,,,,,,,,,,,,,,161.6,59,,,,,,,,,,,,,,,,,,
2026-07-06T06:03:28.217875+00:00,2026-07-06T06:03:28.217769,1,1,161.35,0.5,161.1,5,,,,,,,,,,,,,,,,,,,161.6,59,,,,,,,,,,,,,,,,,,
2026-07-06T06:03:28.271177+00:00,2026-07-06T06:03:28.271072,2,1,161.35,0.5,161.1,5,160.8,100,,,,,,,,,,,,,,,,,161.6,59,,,,,,,,,,,,,,,,,,
2026-07-06T06:03:28.326409+00:00,2026-07-06T06:03:28.326353,2,2,161.2,0.2,161.1,5,160.8,100,,,,,,,,,,,,,,,,,161.3,100,161.6,59,,,,,,,,,,,,,,,,
2026-07-06T06:03:28.558691+00:00,2026-07-06T06:03:28.556622,1,2,161.05,0.5,160.8,63,,,,,,,,,,,,,,,,,,,161.3,100,161.6,59,,,,,,,,,,,,,,,,
2026-07-06T06:03:28.984300+00:00,2026-07-06T06:03:28.984241,1,2,161.05,0.5,160.8,63,,,,,,,,,,,,,,,,,,,161.3,50,161.6,59,,,,,,,,,,,,,,,,
2026-07-06T06:03:29.479348+00:00,2026-07-06T06:03:29.479231,1,1,161.05,0.5,160.8,63,,,,,,,,,,,,,,,,,,,161.3,50,,,,,,,,,,,,,,,,,,
2026-07-06T06:03:29.536105+00:00,2026-07-06T06:03:29.535991,2,1,161.05,0.5,160.8,63,160.7,150,,,,,,,,,,,,,,,,,161.3,50,,,,,,,,,,,,,,,,,,
2026-07-06T06:03:29.585709+00:00,2026-07-06T06:03:29.585684,2,2,161.0,0.4,160.8,63,160.7,150,,,,,,,,,,,,,,,,,161.2,150,161.3,50,,,,,,,,,,,,,,,,
2026-07-06T06:03:29.615343+00:00,2026-07-06T06:03:29.615283,2,2,161.0,0.4,160.8,54,160.7,150,,,,,,,,,,,,,,,,,161.2,150,161.3,50,,,,,,,,,,,,,,,,
2026-07-06T06:03:29.789550+00:00,2026-07-06T06:03:29.789509,2,2,161.0,0.4,160.8,54,160.7,150,,,,,,,,,,,,,,,,,161.2,105,161.3,50,,,,,,,,,,,,,,,,
2026-07-06T06:03:30.278405+00:00,2026-07-06T06:03:30.278354,2,2,161.0,0.4,160.8,11,160.7,150,,,,,,,,,,,,,,,,,161.2,105,161.3,50,,,,,,,,,,,,,,,,
2026-07-06T06:03:31.091130+00:00,2026-07-06T06:03:31.091058,2,2,161.0,0.4,160.8,11,160.7,150,,,,,,,,,,,,,,,,,161.2,55,161.3,50,,,,,,,,,,,,,,,,
2026-07-06T06:03:31.381271+00:00,2026-07-06T06:03:31.381207,1,1,160.95,0.5,160.7,150,,,,,,,,,,,,,,,,,,,161.2,55,,,,,,,,,,,,,,,,,,
2026-07-06T06:03:31.436224+00:00,2026-07-06T06:03:31.436128,2,1,161.0,0.4,160.8,100,160.7,150,,,,,,,,,,,,,,,,,161.2,55,,,,,,,,,,,,,,,,,,
2026-07-06T06:03:31.489184+00:00,2026-07-06T06:03:31.489147,2,2,161.0,0.4,160.8,100,160.7,150,,,,,,,,,,,,,,,,,161.2,55,161.3,100,,,,,,,,,,,,,,,,
2026-07-06T06:03:31.636218+00:00,2026-07-06T06:03:31.636138,2,2,161.0,0.4,160.8,94,160.7,150,,,,,,,,,,,,,,,,,161.2,55,161.3,100,,,,,,,,,,,,,,,,
2026-07-06T06:03:32.292484+00:00,2026-07-06T06:03:32.292379,2,2,161.0,0.4,160.8,47,160.7,150,,,,,,,,,,,,,,,,,161.2,55,161.3,100,,,,,,,,,,,,,,,,
2026-07-06T06:03:32.641761+00:00,2026-07-06T06:03:32.641702,1,1,161.05,0.5,160.8,47,,,,,,,,,,,,,,,,,,,161.3,100,,,,,,,,,,,,,,,,,,
2026-07-06T06:03:32.691891+00:00,2026-07-06T06:03:32.692100,1,1,161.05,0.5,160.8,197,,,,,,,,,,,,,,,,,,,161.3,100,,,,,,,,,,,,,,,,,,
2026-07-06T06:03:32.758609+00:00,2026-07-06T06:03:32.754249,1,1,161.05,0.5,160.8,197,,,,,,,,,,,,,,,,,,,161.3,250,,,,,,,,,,,,,,,,,,
2026-07-06T06:03:33.199908+00:00,2026-07-06T06:03:33.199827,1,1,161.05,0.5,160.8,197,,,,,,,,,,,,,,,,,,,161.3,200,,,,,,,,,,,,,,,,,,
2026-07-06T06:03:34.209979+00:00,2026-07-06T06:03:34.210102,1,1,161.05,0.5,160.8,197,,,,,,,,,,,,,,,,,,,161.3,154,,,,,,,,,,,,,,,,,,
2026-07-06T06:03:34.539366+00:00,2026-07-06T06:03:34.539259,1,1,161.05,0.5,160.8,197,,,,,,,,,,,,,,,,,,,161.3,150,,,,,,,,,,,,,,,,,,
2026-07-06T06:03:34.544471+00:00,2026-07-06T06:03:34.544403,1,1,161.05,0.5,160.8,150,,,,,,,,,,,,,,,,,,,161.3,150,,,,,,,,,,,,,,,,,,
2026-07-06T06:03:34.615739+00:00,2026-07-06T06:03:34.615812,2,1,161.05,0.5,160.8,150,160.7,100,,,,,,,,,,,,,,,,,161.3,150,,,,,,,,,,,,,,,,,,
2026-07-06T06:03:34.668174+00:00,2026-07-06T06:03:34.668082,2,2,161.0,0.4,160.8,150,160.7,100,,,,,,,,,,,,,,,,,161.2,100,161.3,150,,,,,,,,,,,,,,,,
2026-07-06T06:03:34.797803+00:00,2026-07-06T06:03:34.797765,2,2,161.0,0.4,160.8,110,160.7,100,,,,,,,,,,,,,,,,,161.2,100,161.3,150,,,,,,,,,,,,,,,,
2026-07-06T06:03:35.309347+00:00,2026-07-06T06:03:35.309317,2,2,161.0,0.4,160.8,110,160.7,100,,,,,,,,,,,,,,,,,161.2,50,161.3,150,,,,,,,,,,,,,,,,
2026-07-06T06:03:35.808648+00:00,2026-07-06T06:03:35.808599,1,1,160.95,0.5,160.7,100,,,,,,,,,,,,,,,,,,,161.2,50,,,,,,,,,,,,,,,,,,
2026-07-06T06:03:35.858622+00:00,2026-07-06T06:03:35.852767,1,1,160.95,0.5,160.7,250,,,,,,,,,,,,,,,,,,,161.2,50,,,,,,,,,,,,,,,,,,
2026-07-06T06:03:35.929318+00:00,2026-07-06T06:03:35.929474,1,1,160.95,0.5,160.7,250,,,,,,,,,,,,,,,,,,,161.2,200,,,,,,,,,,,,,,,,,,
2026-07-06T06:03:35.948314+00:00,2026-07-06T06:03:35.948245,1,1,160.95,0.5,160.7,250,,,,,,,,,,,,,,,,,,,161.2,158,,,,,,,,,,,,,,,,,,
2026-07-06T06:03:37.418410+00:00,2026-07-06T06:03:37.418378,1,1,160.95,0.5,160.7,250,,,,,,,,,,,,,,,,,,,161.2,108,,,,,,,,,,,,,,,,,,
2026-07-06T06:03:37.622705+00:00,2026-07-06T06:03:37.622647,1,1,160.95,0.5,160.7,205,,,,,,,,,,,,,,,,,,,161.2,108,,,,,,,,,,,,,,,,,,
2026-07-06T06:03:37.675903+00:00,2026-07-06T06:03:37.675793,1,1,160.95,0.5,160.7,198,,,,,,,,,,,,,,,,,,,161.2,108,,,,,,,,,,,,,,,,,,
2026-07-06T06:03:37.725101+00:00,2026-07-06T06:03:37.725041,1,1,160.95,0.5,160.7,150,,,,,,,,,,,,,,,,,,,161.2,108,,,,,,,,,,,,,,,,,,
2026-07-06T06:03:37.777798+00:00,2026-07-06T06:03:37.777869,2,1,161.1,0.2,161.0,100,160.7,150,,,,,,,,,,,,,,,,,161.2,108,,,,,,,,,,,,,,,,,,
2026-07-06T06:03:37.830585+00:00,2026-07-06T06:03:37.830670,2,2,161.1,0.2,161.0,100,160.7,150,,,,,,,,,,,,,,,,,161.2,108,161.5,100,,,,,,,,,,,,,,,,
2026-07-06T06:03:38.986550+00:00,2026-07-06T06:03:38.986646,1,1,161.25,0.5,161.0,100,,,,,,,,,,,,,,,,,,,161.5,100,,,,,,,,,,,,,,,,,,
2026-07-06T06:03:39.040022+00:00,2026-07-06T06:03:39.039944,2,1,161.25,0.5,161.0,100,160.9,150,,,,,,,,,,,,,,,,,161.5,100,,,,,,,,,,,,,,,,,,
2026-07-06T06:03:39.092691+00:00,2026-07-06T06:03:39.092658,2,2,161.2,0.4,161.0,100,160.9,150,,,,,,,,,,,,,,,,,161.4,150,161.5,100,,,,,,,,,,,,,,,,
2026-07-06T06:03:39.532714+00:00,2026-07-06T06:03:39.532665,2,2,161.2,0.4,161.0,100,160.9,150,,,,,,,,,,,,,,,,,161.4,100,161.5,100,,,,,,,,,,,,,,,,
2026-07-06T06:03:40.885715+00:00,2026-07-06T06:03:40.885627,1,1,161.15,0.5,160.9,150,,,,,,,,,,,,,,,,,,,161.4,100,,,,,,,,,,,,,,,,,,
2026-07-06T06:03:40.940322+00:00,2026-07-06T06:03:40.940233,2,1,161.25,0.3,161.1,100,160.9,150,,,,,,,,,,,,,,,,,161.4,100,,,,,,,,,,,,,,,,,,
2026-07-06T06:03:40.994961+00:00,2026-07-06T06:03:40.994848,2,2,161.25,0.3,161.1,100,160.9,150,,,,,,,,,,,,,,,,,161.4,100,161.6,100,,,,,,,,,,,,,,,,
2026-07-06T06:03:41.184008+00:00,2026-07-06T06:03:41.183954,2,2,161.25,0.3,161.1,55,160.9,150,,,,,,,,,,,,,,,,,161.4,100,161.6,100,,,,,,,,,,,,,,,,
2026-07-06T06:03:41.635448+00:00,2026-07-06T06:03:41.635342,2,2,161.25,0.3,161.1,55,160.9,150,,,,,,,,,,,,,,,,,161.4,50,161.6,100,,,,,,,,,,,,,,,,
2026-07-06T06:03:41.758531+00:00,2026-07-06T06:03:41.757572,2,2,161.25,0.3,161.1,55,160.9,150,,,,,,,,,,,,,,,,,161.4,4,161.6,100,,,,,,,,,,,,,,,,
2026-07-06T06:03:42.146446+00:00,2026-07-06T06:03:42.146586,1,1,161.35,0.5,161.1,55,,,,,,,,,,,,,,,,,,,161.6,100,,,,,,,,,,,,,,,,,,
2026-07-06T06:03:42.201254+00:00,2026-07-06T06:03:42.201226,2,0,,,161.6,50,161.1,55,,,,,,,,,,,,,,,,,,,,,,,,,,,,,,,,,,,,
2026-07-06T06:03:42.269492+00:00,2026-07-06T06:03:42.262914,2,1,161.85,0.5,161.6,27,161.1,55,,,,,,,,,,,,,,,,,162.1,150,,,,,,,,,,,,,,,,,,
2026-07-06T06:03:43.745969+00:00,2026-07-06T06:03:43.745901,2,1,161.85,0.5,161.6,27,161.1,55,,,,,,,,,,,,,,,,,162.1,100,,,,,,,,,,,,,,,,,,
2026-07-06T06:03:44.051057+00:00,2026-07-06T06:03:44.051013,1,1,161.85,0.5,161.6,27,,,,,,,,,,,,,,,,,,,162.1,100,,,,,,,,,,,,,,,,,,
2026-07-06T06:03:44.104990+00:00,2026-07-06T06:03:44.104880,2,1,161.85,0.5,161.6,27,161.4,100,,,,,,,,,,,,,,,,,162.1,100,,,,,,,,,,,,,,,,,,
2026-07-06T06:03:44.158708+00:00,2026-07-06T06:03:44.154049,2,2,161.75,0.3,161.6,27,161.4,100,,,,,,,,,,,,,,,,,161.9,100,162.1,100,,,,,,,,,,,,,,,,
2026-07-06T06:03:44.820079+00:00,2026-07-06T06:03:44.819944,1,2,161.65,0.5,161.4,80,,,,,,,,,,,,,,,,,,,161.9,100,162.1,100,,,,,,,,,,,,,,,,
2026-07-06T06:03:45.309987+00:00,2026-07-06T06:03:45.309904,1,1,161.65,0.5,161.4,80,,,,,,,,,,,,,,,,,,,161.9,100,,,,,,,,,,,,,,,,,,
2026-07-06T06:03:45.358582+00:00,2026-07-06T06:03:45.357842,1,1,161.65,0.5,161.4,230,,,,,,,,,,,,,,,,,,,161.9,100,,,,,,,,,,,,,,,,,,
2026-07-06T06:03:45.415292+00:00,2026-07-06T06:03:45.415268,1,1,161.65,0.5,161.4,230,,,,,,,,,,,,,,,,,,,161.9,250,,,,,,,,,,,,,,,,,,
2026-07-06T06:03:45.884648+00:00,2026-07-06T06:03:45.884573,1,1,161.65,0.5,161.4,230,,,,,,,,,,,,,,,,,,,161.9,200,,,,,,,,,,,,,,,,,,
2026-07-06T06:03:47.210919+00:00,2026-07-06T06:03:47.210842,1,1,161.65,0.5,161.4,150,,,,,,,,,,,,,,,,,,,161.9,150,,,,,,,,,,,,,,,,,,
2026-07-06T06:03:47.268300+00:00,2026-07-06T06:03:47.268213,2,1,161.8,0.2,161.7,100,161.4,150,,,,,,,,,,,,,,,,,161.9,150,,,,,,,,,,,,,,,,,,
2026-07-06T06:03:47.320646+00:00,2026-07-06T06:03:47.320543,2,2,161.8,0.2,161.7,100,161.4,150,,,,,,,,,,,,,,,,,161.9,150,162.2,100,,,,,,,,,,,,,,,,
2026-07-06T06:03:48.468670+00:00,2026-07-06T06:03:48.468598,1,1,161.95,0.5,161.7,100,,,,,,,,,,,,,,,,,,,162.2,100,,,,,,,,,,,,,,,,,,
2026-07-06T06:03:48.523971+00:00,2026-07-06T06:03:48.524050,2,1,161.95,0.5,161.7,100,161.5,150,,,,,,,,,,,,,,,,,162.2,100,,,,,,,,,,,,,,,,,,
2026-07-06T06:03:48.573721+00:00,2026-07-06T06:03:48.573842,2,2,161.8,0.2,161.7,100,161.5,150,,,,,,,,,,,,,,,,,161.9,150,162.2,100,,,,,,,,,,,,,,,,
2026-07-06T06:03:49.387748+00:00,2026-07-06T06:03:49.387697,2,2,161.8,0.2,161.7,100,161.5,150,,,,,,,,,,,,,,,,,161.9,109,162.2,100,,,,,,,,,,,,,,,,
2026-07-06T06:03:49.714781+00:00,2026-07-06T06:03:49.708983,2,2,161.8,0.2,161.7,97,161.5,150,,,,,,,,,,,,,,,,,161.9,109,162.2,100,,,,,,,,,,,,,,,,
2026-07-06T06:03:49.751998+00:00,2026-07-06T06:03:49.751923,2,2,161.8,0.2,161.7,89,161.5,150,,,,,,,,,,,,,,,,,161.9,109,162.2,100,,,,,,,,,,,,,,,,
2026-07-06T06:03:50.374512+00:00,2026-07-06T06:03:50.374459,1,1,161.7,0.4,161.5,150,,,,,,,,,,,,,,,,,,,161.9,109,,,,,,,,,,,,,,,,,,
2026-07-06T06:03:50.427168+00:00,2026-07-06T06:03:50.427063,2,1,161.7,0.4,161.5,150,161.4,100,,,,,,,,,,,,,,,,,161.9,109,,,,,,,,,,,,,,,,,,
2026-07-06T06:03:50.482381+00:00,2026-07-06T06:03:50.482456,2,1,161.7,0.4,161.5,150,161.4,100,,,,,,,,,,,,,,,,,161.9,209,,,,,,,,,,,,,,,,,,
2026-07-06T06:03:51.424820+00:00,2026-07-06T06:03:51.424683,2,1,161.7,0.4,161.5,150,161.4,100,,,,,,,,,,,,,,,,,161.9,166,,,,,,,,,,,,,,,,,,
2026-07-06T06:03:51.631395+00:00,2026-07-06T06:03:51.631307,1,1,161.65,0.5,161.4,100,,,,,,,,,,,,,,,,,,,161.9,100,,,,,,,,,,,,,,,,,,
2026-07-06T06:03:51.685799+00:00,2026-07-06T06:03:51.685682,2,1,161.75,0.3,161.6,150,161.4,100,,,,,,,,,,,,,,,,,161.9,100,,,,,,,,,,,,,,,,,,
2026-07-06T06:03:51.735546+00:00,2026-07-06T06:03:51.735455,2,2,161.75,0.3,161.6,150,161.4,100,,,,,,,,,,,,,,,,,161.9,100,162.1,150,,,,,,,,,,,,,,,,
2026-07-06T06:03:52.115140+00:00,2026-07-06T06:03:52.115050,2,2,161.75,0.3,161.6,103,161.4,100,,,,,,,,,,,,,,,,,161.9,100,162.1,150,,,,,,,,,,,,,,,,
2026-07-06T06:03:52.258623+00:00,2026-07-06T06:03:52.256573,2,2,161.75,0.3,161.6,53,161.4,100,,,,,,,,,,,,,,,,,161.9,100,162.1,150,,,,,,,,,,,,,,,,
2026-07-06T06:03:52.602865+00:00,2026-07-06T06:03:52.602744,2,2,161.75,0.3,161.6,8,161.4,100,,,,,,,,,,,,,,,,,161.9,100,162.1,150,,,,,,,,,,,,,,,,
2026-07-06T06:03:53.534214+00:00,2026-07-06T06:03:53.534183,1,1,161.85,0.5,161.6,8,,,,,,,,,,,,,,,,,,,162.1,150,,,,,,,,,,,,,,,,,,
2026-07-06T06:03:53.585648+00:00,2026-07-06T06:03:53.585544,2,1,161.85,0.5,161.6,8,161.3,100,,,,,,,,,,,,,,,,,162.1,150,,,,,,,,,,,,,,,,,,
2026-07-06T06:03:53.639697+00:00,2026-07-06T06:03:53.639550,2,2,161.7,0.2,161.6,8,161.3,100,,,,,,,,,,,,,,,,,161.8,100,162.1,150,,,,,,,,,,,,,,,,
2026-07-06T06:03:54.316701+00:00,2026-07-06T06:03:54.316543,2,2,161.7,0.2,161.6,8,161.3,100,,,,,,,,,,,,,,,,,161.8,50,162.1,150,,,,,,,,,,,,,,,,
2026-07-06T06:03:54.789244+00:00,2026-07-06T06:03:54.789195,1,1,161.55,0.5,161.3,100,,,,,,,,,,,,,,,,,,,161.8,50,,,,,,,,,,,,,,,,,,
2026-07-06T06:03:54.844089+00:00,2026-07-06T06:03:54.843973,2,1,161.55,0.5,161.3,100,161.0,150,,,,,,,,,,,,,,,,,161.8,50,,,,,,,,,,,,,,,,,,
2026-07-06T06:03:54.896616+00:00,2026-07-06T06:03:54.896524,2,2,161.4,0.2,161.3,100,161.0,150,,,,,,,,,,,,,,,,,161.5,150,161.8,50,,,,,,,,,,,,,,,,
2026-07-06T06:03:55.596305+00:00,2026-07-06T06:03:55.591263,2,2,161.4,0.2,161.3,100,161.0,150,,,,,,,,,,,,,,,,,161.5,147,161.8,50,,,,,,,,,,,,,,,,
2026-07-06T06:03:56.425307+00:00,2026-07-06T06:03:56.425124,2,2,161.4,0.2,161.3,100,161.0,150,,,,,,,,,,,,,,,,,161.5,97,161.8,50,,,,,,,,,,,,,,,,
2026-07-06T06:03:56.696974+00:00,2026-07-06T06:03:56.697077,1,1,161.25,0.5,161.0,150,,,,,,,,,,,,,,,,,,,161.5,97,,,,,,,,,,,,,,,,,,
2026-07-06T06:03:56.753865+00:00,2026-07-06T06:03:56.753930,2,0,,,161.6,3,161.0,150,,,,,,,,,,,,,,,,,,,,,,,,,,,,,,,,,,,,
2026-07-06T06:03:56.807648+00:00,2026-07-06T06:03:56.807563,2,1,161.85,0.5,161.6,3,161.0,150,,,,,,,,,,,,,,,,,162.1,100,,,,,,,,,,,,,,,,,,
2026-07-06T06:03:57.958626+00:00,2026-07-06T06:03:57.948427,1,1,161.85,0.5,161.6,3,,,,,,,,,,,,,,,,,,,162.1,100,,,,,,,,,,,,,,,,,,
2026-07-06T06:03:58.006027+00:00,2026-07-06T06:03:58.005941,2,1,161.9,0.4,161.7,150,161.6,3,,,,,,,,,,,,,,,,,162.1,100,,,,,,,,,,,,,,,,,,
2026-07-06T06:03:58.058652+00:00,2026-07-06T06:03:58.058758,2,2,161.9,0.4,161.7,150,161.6,3,,,,,,,,,,,,,,,,,162.1,100,162.2,150,,,,,,,,,,,,,,,,
2026-07-06T06:03:58.222734+00:00,2026-07-06T06:03:58.195517,2,2,161.9,0.4,161.7,147,161.6,3,,,,,,,,,,,,,,,,,162.1,100,162.2,150,,,,,,,,,,,,,,,,
2026-07-06T06:03:58.532045+00:00,2026-07-06T06:03:58.531968,2,2,161.9,0.4,161.7,147,161.6,3,,,,,,,,,,,,,,,,,162.1,50,162.2,150,,,,,,,,,,,,,,,,
2026-07-06T06:03:58.816680+00:00,2026-07-06T06:03:58.816865,2,2,161.9,0.4,161.7,135,161.6,3,,,,,,,,,,,,,,,,,162.1,50,162.2,150,,,,,,,,,,,,,,,,
2026-07-06T06:03:59.858649+00:00,2026-07-06T06:03:59.856584,1,1,161.95,0.5,161.7,135,,,,,,,,,,,,,,,,,,,162.2,150,,,,,,,,,,,,,,,,,,
2026-07-06T06:03:59.917130+00:00,2026-07-06T06:03:59.916983,2,1,161.95,0.5,161.7,135,161.6,100,,,,,,,,,,,,,,,,,162.2,150,,,,,,,,,,,,,,,,,,
2026-07-06T06:03:59.969908+00:00,2026-07-06T06:03:59.970045,2,2,161.9,0.4,161.7,135,161.6,100,,,,,,,,,,,,,,,,,162.1,100,162.2,150,,,,,,,,,,,,,,,,
2026-07-06T06:04:00.322195+00:00,2026-07-06T06:04:00.322058,2,2,161.9,0.4,161.7,135,161.6,100,,,,,,,,,,,,,,,,,162.1,54,162.2,150,,,,,,,,,,,,,,,,
2026-07-06T06:04:00.377576+00:00,2026-07-06T06:04:00.377515,2,2,161.9,0.4,161.7,90,161.6,100,,,,,,,,,,,,,,,,,162.1,54,162.2,150,,,,,,,,,,,,,,,,
2026-07-06T06:04:00.636413+00:00,2026-07-06T06:04:00.636291,2,2,161.9,0.4,161.7,90,161.6,100,,,,,,,,,,,,,,,,,162.1,4,162.2,150,,,,,,,,,,,,,,,,
2026-07-06T06:04:01.113144+00:00,2026-07-06T06:04:01.113053,1,1,161.85,0.5,161.6,100,,,,,,,,,,,,,,,,,,,162.1,4,,,,,,,,,,,,,,,,,,
2026-07-06T06:04:01.168108+00:00,2026-07-06T06:04:01.167987,2,1,161.85,0.5,161.6,100,161.3,150,,,,,,,,,,,,,,,,,162.1,4,,,,,,,,,,,,,,,,,,
2026-07-06T06:04:01.221059+00:00,2026-07-06T06:04:01.220934,2,2,161.7,0.2,161.6,100,161.3,150,,,,,,,,,,,,,,,,,161.8,150,162.1,4,,,,,,,,,,,,,,,,
2026-07-06T06:04:02.741788+00:00,2026-07-06T06:04:02.741714,2,2,161.7,0.2,161.6,100,161.3,150,,,,,,,,,,,,,,,,,161.8,100,162.1,4,,,,,,,,,,,,,,,,
2026-07-06T06:04:03.021300+00:00,2026-07-06T06:04:03.021200,1,1,161.55,0.5,161.3,150,,,,,,,,,,,,,,,,,,,161.8,100,,,,,,,,,,,,,,,,,,
2026-07-06T06:04:03.058595+00:00,2026-07-06T06:04:03.052127,1,1,161.55,0.5,161.3,150,,,,,,,,,,,,,,,,,,,161.8,57,,,,,,,,,,,,,,,,,,
2026-07-06T06:04:03.077906+00:00,2026-07-06T06:04:03.078078,2,1,161.7,0.2,161.6,100,161.3,150,,,,,,,,,,,,,,,,,161.8,57,,,,,,,,,,,,,,,,,,
2026-07-06T06:04:03.130352+00:00,2026-07-06T06:04:03.130273,2,2,161.7,0.2,161.6,100,161.3,150,,,,,,,,,,,,,,,,,161.8,57,162.1,100,,,,,,,,,,,,,,,,
2026-07-06T06:04:04.275116+00:00,2026-07-06T06:04:04.275001,1,1,161.85,0.5,161.6,100,,,,,,,,,,,,,,,,,,,162.1,100,,,,,,,,,,,,,,,,,,
2026-07-06T06:04:04.327730+00:00,2026-07-06T06:04:04.327624,2,1,161.9,0.4,161.7,150,161.6,100,,,,,,,,,,,,,,,,,162.1,100,,,,,,,,,,,,,,,,,,
2026-07-06T06:04:04.380425+00:00,2026-07-06T06:04:04.380362,2,2,161.9,0.4,161.7,150,161.6,100,,,,,,,,,,,,,,,,,162.1,100,162.2,150,,,,,,,,,,,,,,,,
2026-07-06T06:04:04.864195+00:00,2026-07-06T06:04:04.863918,2,2,161.9,0.4,161.7,150,161.6,100,,,,,,,,,,,,,,,,,162.1,50,162.2,150,,,,,,,,,,,,,,,,
2026-07-06T06:04:05.252559+00:00,2026-07-06T06:04:05.252701,2,2,161.9,0.4,161.7,107,161.6,100,,,,,,,,,,,,,,,,,162.1,50,162.2,150,,,,,,,,,,,,,,,,
2026-07-06T06:04:06.183987+00:00,2026-07-06T06:04:06.183941,1,1,161.95,0.5,161.7,107,,,,,,,,,,,,,,,,,,,162.2,150,,,,,,,,,,,,,,,,,,
2026-07-06T06:04:06.238763+00:00,2026-07-06T06:04:06.238709,2,1,161.95,0.5,161.7,107,161.6,100,,,,,,,,,,,,,,,,,162.2,150,,,,,,,,,,,,,,,,,,
2026-07-06T06:04:06.292735+00:00,2026-07-06T06:04:06.292639,2,2,161.9,0.4,161.7,107,161.6,100,,,,,,,,,,,,,,,,,162.1,100,162.2,150,,,,,,,,,,,,,,,,
2026-07-06T06:04:06.883164+00:00,2026-07-06T06:04:06.883083,2,2,161.9,0.4,161.7,60,161.6,100,,,,,,,,,,,,,,,,,162.1,100,162.2,150,,,,,,,,,,,,,,,,
2026-07-06T06:04:06.939114+00:00,2026-07-06T06:04:06.939084,2,2,161.9,0.4,161.7,60,161.6,100,,,,,,,,,,,,,,,,,162.1,51,162.2,150,,,,,,,,,,,,,,,,
2026-07-06T06:04:06.967810+00:00,2026-07-06T06:04:06.968030,2,2,161.9,0.4,161.7,60,161.6,100,,,,,,,,,,,,,,,,,162.1,1,162.2,150,,,,,,,,,,,,,,,,
2026-07-06T06:04:07.436383+00:00,2026-07-06T06:04:07.436292,1,1,161.85,0.5,161.6,100,,,,,,,,,,,,,,,,,,,162.1,1,,,,,,,,,,,,,,,,,,
2026-07-06T06:04:07.490988+00:00,2026-07-06T06:04:07.490886,2,1,161.85,0.5,161.6,100,161.3,150,,,,,,,,,,,,,,,,,162.1,1,,,,,,,,,,,,,,,,,,
2026-07-06T06:04:07.541059+00:00,2026-07-06T06:04:07.540938,2,2,161.7,0.2,161.6,100,161.3,150,,,,,,,,,,,,,,,,,161.8,150,162.1,1,,,,,,,,,,,,,,,,
2026-07-06T06:04:08.131659+00:00,2026-07-06T06:04:08.131516,2,2,161.7,0.2,161.6,52,161.3,150,,,,,,,,,,,,,,,,,161.8,150,162.1,1,,,,,,,,,,,,,,,,
