recv_time,book_timestamp,n_bids,n_asks,mid,spread,bid_px_0,bid_vol_0,bid_px_1,bid_vol_1,bid_px_2,bid_vol_2,bid_px_3,bid_vol_3,bid_px_4,bid_vol_4,bid_px_5,bid_vol_5,bid_px_6,bid_vol_6,bid_px_7,bid_vol_7,bid_px_8,bid_vol_8,bid_px_9,bid_vol_9,ask_px_0,ask_vol_0,ask_px_1,ask_vol_1,ask_px_2,ask_vol_2,ask_px_3,ask_vol_3,ask_px_4,ask_vol_4,ask_px_5,ask_vol_5,ask_px_6,ask_vol_6,ask_px_7,ask_vol_7,ask_px_8,ask_vol_8,ask_px_9,ask_vol_9
2026-06-30T22:00:00.367495+00:00,2026-06-30T22:00:00.367397,1,1,70.15,0.5,69.9,204,,,,,,,,,,,,,,,,,,,70.4,250,,,,,,,,,,,,,,,,,,
2026-06-30T22:00:00.399005+00:00,2026-06-30T22:00:00.371071,1,2,70.1,0.4,69.9,204,,,,,,,,,,,,,,,,,,,70.3,10,70.4,250,,,,,,,,,,,,,,,,
2026-06-30T22:00:00.682065+00:00,2026-06-30T22:00:00.681839,1,2,70.1,0.4,69.9,150,,,,,,,,,,,,,,,,,,,70.3,10,70.4,150,,,,,,,,,,,,,,,,
2026-06-30T22:00:00.766514+00:00,2026-06-30T22:00:00.746978,2,2,70.1,0.4,69.9,150,69.5,100,,,,,,,,,,,,,,,,,70.3,10,70.4,150,,,,,,,,,,,,,,,,
2026-06-30T22:00:00.829208+00:00,2026-06-30T22:00:00.799972,2,3,69.95,0.1,69.9,150,69.5,100,,,,,,,,,,,,,,,,,70.0,100,70.3,10,70.4,150,,,,,,,,,,,,,,
2026-06-30T22:00:00.881467+00:00,2026-06-30T22:00:00.880616,2,2,69.95,0.1,69.9,150,69.5,100,,,,,,,,,,,,,,,,,70.0,110,70.4,150,,,,,,,,,,,,,,,,
2026-06-30T22:00:01.161056+00:00,2026-06-30T22:00:01.154737,2,2,69.95,0.1,69.9,100,69.5,100,,,,,,,,,,,,,,,,,70.0,110,70.4,150,,,,,,,,,,,,,,,,
2026-06-30T22:00:01.392292+00:00,2026-06-30T22:00:01.388619,2,2,69.95,0.1,69.9,100,69.5,100,,,,,,,,,,,,,,,,,70.0,110,70.4,150,,,,,,,,,,,,,,,,
2026-06-30T22:00:01.902660+00:00,2026-06-30T22:00:01.896730,2,2,69.95,0.1,69.9,100,69.5,100,,,,,,,,,,,,,,,,,70.0,110,70.4,150,,,,,,,,,,,,,,,,
2026-06-30T22:00:02.269672+00:00,2026-06-30T22:00:02.236150,2,2,69.95,0.1,69.9,60,69.5,100,,,,,,,,,,,,,,,,,70.0,110,70.4,150,,,,,,,,,,,,,,,,
2026-06-30T22:00:02.403172+00:00,2026-06-30T22:00:02.400839,2,2,69.95,0.1,69.9,60,69.5,100,,,,,,,,,,,,,,,,,70.0,100,70.4,150,,,,,,,,,,,,,,,,
2026-06-30T22:00:02.413498+00:00,2026-06-30T22:00:02.404238,2,2,69.95,0.1,69.9,60,69.5,100,,,,,,,,,,,,,,,,,70.0,110,70.4,150,,,,,,,,,,,,,,,,
2026-06-30T22:00:02.916015+00:00,2026-06-30T22:00:02.914889,2,2,69.95,0.1,69.9,60,69.5,100,,,,,,,,,,,,,,,,,70.0,110,70.4,150,,,,,,,,,,,,,,,,
2026-06-30T22:00:02.987797+00:00,2026-06-30T22:00:02.986434,1,1,69.75,0.5,69.5,100,,,,,,,,,,,,,,,,,,,70.0,110,,,,,,,,,,,,,,,,,,
2026-06-30T22:00:03.049538+00:00,2026-06-30T22:00:03.039480,2,1,69.8,0.4,69.6,150,69.5,100,,,,,,,,,,,,,,,,,70.0,110,,,,,,,,,,,,,,,,,,
2026-06-30T22:00:03.101062+00:00,2026-06-30T22:00:03.092320,2,2,69.8,0.4,69.6,150,69.5,100,,,,,,,,,,,,,,,,,70.0,110,70.1,150,,,,,,,,,,,,,,,,
2026-06-30T22:00:03.427993+00:00,2026-06-30T22:00:03.418601,2,2,69.8,0.4,69.6,150,69.5,100,,,,,,,,,,,,,,,,,70.0,100,70.1,150,,,,,,,,,,,,,,,,
2026-06-30T22:00:03.704348+00:00,2026-06-30T22:00:03.695866,2,2,69.8,0.4,69.6,150,69.5,100,,,,,,,,,,,,,,,,,70.0,59,70.1,150,,,,,,,,,,,,,,,,
2026-06-30T22:00:03.855552+00:00,2026-06-30T22:00:03.854924,2,1,69.85,0.5,69.6,150,69.5,100,,,,,,,,,,,,,,,,,70.1,150,,,,,,,,,,,,,,,,,,
2026-06-30T22:00:03.865869+00:00,2026-06-30T22:00:03.856674,1,1,69.85,0.5,69.6,150,,,,,,,,,,,,,,,,,,,70.1,150,,,,,,,,,,,,,,,,,,
2026-06-30T22:00:03.910532+00:00,2026-06-30T22:00:03.910078,2,1,69.9,0.4,69.7,100,69.6,150,,,,,,,,,,,,,,,,,70.1,150,,,,,,,,,,,,,,,,,,
2026-06-30T22:00:03.991192+00:00,2026-06-30T22:00:03.961479,2,2,69.9,0.4,69.7,100,69.6,150,,,,,,,,,,,,,,,,,70.1,150,70.2,100,,,,,,,,,,,,,,,,
2026-06-30T22:00:05.374392+00:00,2026-06-30T22:00:05.370153,2,2,69.9,0.4,69.7,50,69.6,150,,,,,,,,,,,,,,,,,70.1,150,70.2,100,,,,,,,,,,,,,,,,
2026-06-30T22:00:05.886450+00:00,2026-06-30T22:00:05.883611,2,2,69.9,0.4,69.7,50,69.6,150,,,,,,,,,,,,,,,,,70.1,106,70.2,100,,,,,,,,,,,,,,,,
2026-06-30T22:00:06.154322+00:00,2026-06-30T22:00:06.148498,1,1,69.95,0.5,69.7,50,,,,,,,,,,,,,,,,,,,70.2,100,,,,,,,,,,,,,,,,,,
2026-06-30T22:00:06.216729+00:00,2026-06-30T22:00:06.210948,2,1,70.05,0.3,69.9,150,69.7,50,,,,,,,,,,,,,,,,,70.2,100,,,,,,,,,,,,,,,,,,
2026-06-30T22:00:06.268453+00:00,2026-06-30T22:00:06.259336,2,2,70.05,0.3,69.9,150,69.7,50,,,,,,,,,,,,,,,,,70.2,100,70.4,150,,,,,,,,,,,,,,,,
2026-06-30T22:00:07.022275+00:00,2026-06-30T22:00:07.017057,1,1,70.15,0.5,69.9,150,,,,,,,,,,,,,,,,,,,70.4,150,,,,,,,,,,,,,,,,,,
2026-06-30T22:00:07.073577+00:00,2026-06-30T22:00:07.069780,2,1,70.15,0.5,69.9,150,69.7,100,,,,,,,,,,,,,,,,,70.4,150,,,,,,,,,,,,,,,,,,
2026-06-30T22:00:07.125064+00:00,2026-06-30T22:00:07.122872,2,2,70.05,0.3,69.9,150,69.7,100,,,,,,,,,,,,,,,,,70.2,100,70.4,150,,,,,,,,,,,,,,,,
2026-06-30T22:00:07.434098+00:00,2026-06-30T22:00:07.424427,2,2,70.05,0.3,69.9,150,69.7,100,,,,,,,,,,,,,,,,,70.2,50,70.4,150,,,,,,,,,,,,,,,,
2026-06-30T22:00:07.649543+00:00,2026-06-30T22:00:07.640483,2,2,70.05,0.3,69.9,109,69.7,100,,,,,,,,,,,,,,,,,70.2,50,70.4,150,,,,,,,,,,,,,,,,
2026-06-30T22:00:08.964619+00:00,2026-06-30T22:00:08.956082,2,2,70.05,0.3,69.9,119,69.7,100,,,,,,,,,,,,,,,,,70.2,50,70.4,150,,,,,,,,,,,,,,,,
2026-06-30T22:00:09.025164+00:00,2026-06-30T22:00:09.025070,2,2,70.05,0.3,69.9,119,69.7,100,,,,,,,,,,,,,,,,,70.2,1,70.4,150,,,,,,,,,,,,,,,,
2026-06-30T22:00:09.323248+00:00,2026-06-30T22:00:09.315517,2,1,70.05,0.3,69.9,10,69.7,100,,,,,,,,,,,,,,,,,70.2,1,,,,,,,,,,,,,,,,,,
2026-06-30T22:00:09.374364+00:00,2026-06-30T22:00:09.371467,2,1,70.05,0.3,69.9,160,69.7,100,,,,,,,,,,,,,,,,,70.2,1,,,,,,,,,,,,,,,,,,
2026-06-30T22:00:09.435805+00:00,2026-06-30T22:00:09.425781,2,2,70.05,0.3,69.9,160,69.7,100,,,,,,,,,,,,,,,,,70.2,1,70.4,150,,,,,,,,,,,,,,,,
2026-06-30T22:00:09.466642+00:00,2026-06-30T22:00:09.463731,2,2,70.05,0.3,69.9,150,69.7,100,,,,,,,,,,,,,,,,,70.2,1,70.4,150,,,,,,,,,,,,,,,,
2026-06-30T22:00:09.486340+00:00,2026-06-30T22:00:09.467066,2,2,70.05,0.3,69.9,160,69.7,100,,,,,,,,,,,,,,,,,70.2,1,70.4,150,,,,,,,,,,,,,,,,
2026-06-30T22:00:09.979292+00:00,2026-06-30T22:00:09.977326,2,2,70.05,0.3,69.9,120,69.7,100,,,,,,,,,,,,,,,,,70.2,1,70.4,150,,,,,,,,,,,,,,,,
2026-06-30T22:00:10.185391+00:00,2026-06-30T22:00:10.178824,1,1,70.15,0.5,69.9,120,,,,,,,,,,,,,,,,,,,70.4,150,,,,,,,,,,,,,,,,,,
2026-06-30T22:00:10.236942+00:00,2026-06-30T22:00:10.231982,2,1,70.25,0.3,70.1,100,69.9,120,,,,,,,,,,,,,,,,,70.4,150,,,,,,,,,,,,,,,,,,
2026-06-30T22:00:10.288865+00:00,2026-06-30T22:00:10.284647,2,2,70.25,0.3,70.1,100,69.9,120,,,,,,,,,,,,,,,,,70.4,150,70.6,100,,,,,,,,,,,,,,,,
2026-06-30T22:00:10.485488+00:00,2026-06-30T22:00:10.479208,2,2,70.25,0.3,70.1,100,69.9,110,,,,,,,,,,,,,,,,,70.4,150,70.6,100,,,,,,,,,,,,,,,,
2026-06-30T22:00:11.544277+00:00,2026-06-30T22:00:11.543837,2,2,70.25,0.3,70.1,60,69.9,110,,,,,,,,,,,,,,,,,70.4,150,70.6,100,,,,,,,,,,,,,,,,
2026-06-30T22:00:11.689615+00:00,2026-06-30T22:00:11.686627,2,2,70.25,0.3,70.1,10,69.9,110,,,,,,,,,,,,,,,,,70.4,150,70.6,100,,,,,,,,,,,,,,,,
2026-06-30T22:00:12.490293+00:00,2026-06-30T22:00:12.481840,1,1,70.35,0.5,70.1,10,,,,,,,,,,,,,,,,,,,70.6,100,,,,,,,,,,,,,,,,,,
2026-06-30T22:00:12.541850+00:00,2026-06-30T22:00:12.534107,2,1,70.35,0.5,70.1,10,69.7,150,,,,,,,,,,,,,,,,,70.6,100,,,,,,,,,,,,,,,,,,
2026-06-30T22:00:12.593031+00:00,2026-06-30T22:00:12.586427,2,2,70.15,0.1,70.1,10,69.7,150,,,,,,,,,,,,,,,,,70.2,150,70.6,100,,,,,,,,,,,,,,,,
2026-06-30T22:00:13.003772+00:00,2026-06-30T22:00:12.999091,2,2,70.15,0.1,70.1,10,69.7,150,,,,,,,,,,,,,,,,,70.2,160,70.6,100,,,,,,,,,,,,,,,,
2026-06-30T22:00:13.343113+00:00,2026-06-30T22:00:13.340261,2,1,70.15,0.1,70.1,10,69.7,150,,,,,,,,,,,,,,,,,70.2,160,,,,,,,,,,,,,,,,,,
2026-06-30T22:00:13.353432+00:00,2026-06-30T22:00:13.344282,1,1,69.95,0.5,69.7,150,,,,,,,,,,,,,,,,,,,70.2,160,,,,,,,,,,,,,,,,,,
2026-06-30T22:00:13.404963+00:00,2026-06-30T22:00:13.397482,1,1,69.95,0.5,69.7,250,,,,,,,,,,,,,,,,,,,70.2,160,,,,,,,,,,,,,,,,,,
2026-06-30T22:00:13.477262+00:00,2026-06-30T22:00:13.470601,1,1,69.95,0.5,69.7,250,,,,,,,,,,,,,,,,,,,70.2,260,,,,,,,,,,,,,,,,,,
2026-06-30T22:00:13.508491+00:00,2026-06-30T22:00:13.503183,1,1,69.95,0.5,69.7,250,,,,,,,,,,,,,,,,,,,70.2,250,,,,,,,,,,,,,,,,,,
2026-06-30T22:00:13.797042+00:00,2026-06-30T22:00:13.792815,1,1,69.95,0.5,69.7,200,,,,,,,,,,,,,,,,,,,70.2,250,,,,,,,,,,,,,,,,,,
2026-06-30T22:00:15.640673+00:00,2026-06-30T22:00:15.640565,1,1,69.95,0.5,69.7,200,,,,,,,,,,,,,,,,,,,70.2,100,,,,,,,,,,,,,,,,,,
2026-06-30T22:00:15.650937+00:00,2026-06-30T22:00:15.642265,1,1,69.95,0.5,69.7,100,,,,,,,,,,,,,,,,,,,70.2,100,,,,,,,,,,,,,,,,,,
2026-06-30T22:00:15.702295+00:00,2026-06-30T22:00:15.695162,2,1,69.95,0.5,69.7,100,69.4,150,,,,,,,,,,,,,,,,,70.2,100,,,,,,,,,,,,,,,,,,
2026-06-30T22:00:15.764780+00:00,2026-06-30T22:00:15.763897,2,2,69.8,0.2,69.7,100,69.4,150,,,,,,,,,,,,,,,,,69.9,139,70.2,100,,,,,,,,,,,,,,,,
2026-06-30T22:00:15.857237+00:00,2026-06-30T22:00:15.850091,2,2,69.8,0.2,69.7,100,69.4,150,,,,,,,,,,,,,,,,,69.9,89,70.2,100,,,,,,,,,,,,,,,,
2026-06-30T22:00:16.021846+00:00,2026-06-30T22:00:16.020488,2,2,69.8,0.2,69.7,110,69.4,150,,,,,,,,,,,,,,,,,69.9,89,70.2,100,,,,,,,,,,,,,,,,
2026-06-30T22:00:16.547392+00:00,2026-06-30T22:00:16.546508,1,1,69.65,0.5,69.4,150,,,,,,,,,,,,,,,,,,,69.9,89,,,,,,,,,,,,,,,,,,
2026-06-30T22:00:16.557789+00:00,2026-06-30T22:00:16.554518,2,1,69.8,0.2,69.7,10,69.4,150,,,,,,,,,,,,,,,,,69.9,89,,,,,,,,,,,,,,,,,,
2026-06-30T22:00:16.609742+00:00,2026-06-30T22:00:16.600495,2,1,69.8,0.2,69.7,110,69.4,150,,,,,,,,,,,,,,,,,69.9,89,,,,,,,,,,,,,,,,,,
2026-06-30T22:00:16.661333+00:00,2026-06-30T22:00:16.653238,2,2,69.8,0.2,69.7,110,69.4,150,,,,,,,,,,,,,,,,,69.9,89,70.2,100,,,,,,,,,,,,,,,,
2026-06-30T22:00:17.061990+00:00,2026-06-30T22:00:17.058871,2,2,69.8,0.2,69.7,100,69.4,150,,,,,,,,,,,,,,,,,69.9,89,70.2,100,,,,,,,,,,,,,,,,
2026-06-30T22:00:17.103407+00:00,2026-06-30T22:00:17.095072,2,2,69.8,0.2,69.7,110,69.4,150,,,,,,,,,,,,,,,,,69.9,89,70.2,100,,,,,,,,,,,,,,,,
2026-06-30T22:00:17.186309+00:00,2026-06-30T22:00:17.177524,2,2,69.8,0.2,69.7,110,69.4,150,,,,,,,,,,,,,,,,,69.9,48,70.2,100,,,,,,,,,,,,,,,,
2026-06-30T22:00:17.608634+00:00,2026-06-30T22:00:17.603050,2,2,69.8,0.2,69.7,110,69.4,150,,,,,,,,,,,,,,,,,69.9,48,70.2,100,,,,,,,,,,,,,,,,
2026-06-30T22:00:17.969213+00:00,2026-06-30T22:00:17.959294,2,1,69.95,0.5,69.7,110,69.4,150,,,,,,,,,,,,,,,,,70.2,98,,,,,,,,,,,,,,,,,,
2026-06-30T22:00:18.113375+00:00,2026-06-30T22:00:18.107190,2,1,69.95,0.5,69.7,100,69.4,150,,,,,,,,,,,,,,,,,70.2,98,,,,,,,,,,,,,,,,,,
2026-06-30T22:00:18.811069+00:00,2026-06-30T22:00:18.803695,1,1,69.95,0.5,69.7,100,,,,,,,,,,,,,,,,,,,70.2,98,,,,,,,,,,,,,,,,,,
2026-06-30T22:00:18.862379+00:00,2026-06-30T22:00:18.857502,2,1,70.05,0.3,69.9,150,69.7,100,,,,,,,,,,,,,,,,,70.2,98,,,,,,,,,,,,,,,,,,
2026-06-30T22:00:18.924405+00:00,2026-06-30T22:00:18.921351,2,2,70.05,0.3,69.9,150,69.7,100,,,,,,,,,,,,,,,,,70.2,98,70.4,150,,,,,,,,,,,,,,,,
2026-06-30T22:00:19.341470+00:00,2026-06-30T22:00:19.332345,2,2,70.05,0.3,69.9,150,69.7,100,,,,,,,,,,,,,,,,,70.2,53,70.4,150,,,,,,,,,,,,,,,,
2026-06-30T22:00:19.711174+00:00,2026-06-30T22:00:19.708985,1,1,70.15,0.5,69.9,150,,,,,,,,,,,,,,,,,,,70.4,150,,,,,,,,,,,,,,,,,,
2026-06-30T22:00:19.762622+00:00,2026-06-30T22:00:19.761794,1,1,70.15,0.5,69.9,250,,,,,,,,,,,,,,,,,,,70.4,150,,,,,,,,,,,,,,,,,,
2026-06-30T22:00:19.824453+00:00,2026-06-30T22:00:19.815116,1,1,70.15,0.5,69.9,250,,,,,,,,,,,,,,,,,,,70.4,250,,,,,,,,,,,,,,,,,,
2026-06-30T22:00:19.834758+00:00,2026-06-30T22:00:19.834313,1,1,70.15,0.5,69.9,202,,,,,,,,,,,,,,,,,,,70.4,250,,,,,,,,,,,,,,,,,,
2026-06-30T22:00:20.070623+00:00,2026-06-30T22:00:20.065052,1,1,70.15,0.5,69.9,202,,,,,,,,,,,,,,,,,,,70.4,200,,,,,,,,,,,,,,,,,,
2026-06-30T22:00:20.317625+00:00,2026-06-30T22:00:20.316640,1,1,70.15,0.5,69.9,156,,,,,,,,,,,,,,,,,,,70.4,200,,,,,,,,,,,,,,,,,,
2026-06-30T22:00:20.925023+00:00,2026-06-30T22:00:20.915785,1,1,70.15,0.5,69.9,156,,,,,,,,,,,,,,,,,,,70.4,156,,,,,,,,,,,,,,,,,,
2026-06-30T22:00:21.983271+00:00,2026-06-30T22:00:21.975859,1,1,70.15,0.5,69.9,100,,,,,,,,,,,,,,,,,,,70.4,100,,,,,,,,,,,,,,,,,,
2026-06-30T22:00:22.034818+00:00,2026-06-30T22:00:22.028716,2,1,70.2,0.4,70.0,150,69.9,100,,,,,,,,,,,,,,,,,70.4,100,,,,,,,,,,,,,,,,,,
2026-06-30T22:00:22.086613+00:00,2026-06-30T22:00:22.081407,2,2,70.2,0.4,70.0,150,69.9,100,,,,,,,,,,,,,,,,,70.4,100,70.5,150,,,,,,,,,,,,,,,,
2026-06-30T22:00:22.189686+00:00,2026-06-30T22:00:22.184617,2,2,70.2,0.4,70.0,150,69.9,100,,,,,,,,,,,,,,,,,70.4,50,70.5,150,,,,,,,,,,,,,,,,
2026-06-30T22:00:22.446753+00:00,2026-06-30T22:00:22.438502,2,2,70.2,0.4,70.0,106,69.9,100,,,,,,,,,,,,,,,,,70.4,50,70.5,150,,,,,,,,,,,,,,,,
2026-06-30T22:00:22.868478+00:00,2026-06-30T22:00:22.868066,2,1,70.25,0.5,70.0,106,69.9,100,,,,,,,,,,,,,,,,,70.5,150,,,,,,,,,,,,,,,,,,
2026-06-30T22:00:22.878844+00:00,2026-06-30T22:00:22.869103,1,1,70.25,0.5,70.0,106,,,,,,,,,,,,,,,,,,,70.5,150,,,,,,,,,,,,,,,,,,
2026-06-30T22:00:22.930102+00:00,2026-06-30T22:00:22.921927,1,1,70.25,0.5,70.0,206,,,,,,,,,,,,,,,,,,,70.5,150,,,,,,,,,,,,,,,,,,
2026-06-30T22:00:22.981523+00:00,2026-06-30T22:00:22.974488,1,1,70.25,0.5,70.0,206,,,,,,,,,,,,,,,,,,,70.5,250,,,,,,,,,,,,,,,,,,
2026-06-30T22:00:24.296248+00:00,2026-06-30T22:00:24.290465,1,1,70.25,0.5,70.0,206,,,,,,,,,,,,,,,,,,,70.5,200,,,,,,,,,,,,,,,,,,
2026-06-30T22:00:24.533580+00:00,2026-06-30T22:00:24.532659,1,1,70.25,0.5,70.0,183,,,,,,,,,,,,,,,,,,,70.5,200,,,,,,,,,,,,,,,,,,
2026-06-30T22:00:24.667789+00:00,2026-06-30T22:00:24.661427,1,2,70.2,0.4,70.0,183,,,,,,,,,,,,,,,,,,,70.4,10,70.5,200,,,,,,,,,,,,,,,,
2026-06-30T22:00:25.140005+00:00,2026-06-30T22:00:25.137107,1,2,70.2,0.4,70.0,100,,,,,,,,,,,,,,,,,,,70.4,10,70.5,100,,,,,,,,,,,,,,,,
2026-06-30T22:00:25.170909+00:00,2026-06-30T22:00:25.168718,1,2,70.2,0.4,70.0,100,,,,,,,,,,,,,,,,,,,70.4,10,70.5,100,,,,,,,,,,,,,,,,
2026-06-30T22:00:25.191407+00:00,2026-06-30T22:00:25.190721,2,2,70.2,0.4,70.0,100,69.8,150,,,,,,,,,,,,,,,,,70.4,10,70.5,100,,,,,,,,,,,,,,,,
2026-06-30T22:00:25.252975+00:00,2026-06-30T22:00:25.243302,2,3,70.15,0.3,70.0,100,69.8,150,,,,,,,,,,,,,,,,,70.3,150,70.4,10,70.5,100,,,,,,,,,,,,,,
2026-06-30T22:00:25.686867+00:00,2026-06-30T22:00:25.676878,2,2,70.15,0.3,70.0,100,69.8,150,,,,,,,,,,,,,,,,,70.3,150,70.5,100,,,,,,,,,,,,,,,,
2026-06-30T22:00:25.697254+00:00,2026-06-30T22:00:25.693869,2,2,70.15,0.3,70.0,100,69.8,150,,,,,,,,,,,,,,,,,70.3,160,70.5,100,,,,,,,,,,,,,,,,
2026-06-30T22:00:26.036519+00:00,2026-06-30T22:00:26.032087,1,1,70.05,0.5,69.8,150,,,,,,,,,,,,,,,,,,,70.3,160,,,,,,,,,,,,,,,,,,
2026-06-30T22:00:26.098726+00:00,2026-06-30T22:00:26.088978,1,1,70.05,0.5,69.8,250,,,,,,,,,,,,,,,,,,,70.3,160,,,,,,,,,,,,,,,,,,
2026-06-30T22:00:26.150141+00:00,2026-06-30T22:00:26.140269,1,1,70.05,0.5,69.8,250,,,,,,,,,,,,,,,,,,,70.3,260,,,,,,,,,,,,,,,,,,
2026-06-30T22:00:26.223131+00:00,2026-06-30T22:00:26.221424,1,1,70.05,0.5,69.8,250,,,,,,,,,,,,,,,,,,,70.3,250,,,,,,,,,,,,,,,,,,
2026-06-30T22:00:28.304625+00:00,2026-06-30T22:00:28.300661,1,1,70.05,0.5,69.8,100,,,,,,,,,,,,,,,,,,,70.3,100,,,,,,,,,,,,,,,,,,
2026-06-30T22:00:28.356267+00:00,2026-06-30T22:00:28.354937,1,1,70.05,0.5,69.8,250,,,,,,,,,,,,,,,,,,,70.3,100,,,,,,,,,,,,,,,,,,
2026-06-30T22:00:28.418272+00:00,2026-06-30T22:00:28.408908,1,1,70.05,0.5,69.8,250,,,,,,,,,,,,,,,,,,,70.3,250,,,,,,,,,,,,,,,,,,
2026-06-30T22:00:28.562260+00:00,2026-06-30T22:00:28.555359,1,1,70.05,0.5,69.8,200,,,,,,,,,,,,,,,,,,,70.3,250,,,,,,,,,,,,,,,,,,
2026-06-30T22:00:29.213014+00:00,2026-06-30T22:00:29.207665,1,1,70.05,0.5,69.8,150,,,,,,,,,,,,,,,,,,,70.3,150,,,,,,,,,,,,,,,,,,
2026-06-30T22:00:29.264659+00:00,2026-06-30T22:00:29.260981,2,1,70.05,0.5,69.8,150,69.7,100,,,,,,,,,,,,,,,,,70.3,150,,,,,,,,,,,,,,,,,,
2026-06-30T22:00:29.315954+00:00,2026-06-30T22:00:29.314002,2,2,70.0,0.4,69.8,150,69.7,100,,,,,,,,,,,,,,,,,70.2,100,70.3,150,,,,,,,,,,,,,,,,
2026-06-30T22:00:30.217603+00:00,2026-06-30T22:00:30.216498,2,2,70.0,0.4,69.8,150,69.7,100,,,,,,,,,,,,,,,,,70.2,54,70.3,150,,,,,,,,,,,,,,,,
2026-06-30T22:00:30.670409+00:00,2026-06-30T22:00:30.662857,2,2,70.0,0.4,69.8,100,69.7,100,,,,,,,,,,,,,,,,,70.2,54,70.3,150,,,,,,,,,,,,,,,,
2026-06-30T22:00:30.753031+00:00,2026-06-30T22:00:30.745202,2,2,70.0,0.4,69.8,55,69.7,100,,,,,,,,,,,,,,,,,70.2,54,70.3,150,,,,,,,,,,,,,,,,
2026-06-30T22:00:31.467689+00:00,2026-06-30T22:00:31.464653,1,1,69.95,0.5,69.7,100,,,,,,,,,,,,,,,,,,,70.2,54,,,,,,,,,,,,,,,,,,
2026-06-30T22:00:31.519395+00:00,2026-06-30T22:00:31.517906,2,1,69.95,0.5,69.7,100,69.6,150,,,,,,,,,,,,,,,,,70.2,54,,,,,,,,,,,,,,,,,,
2026-06-30T22:00:31.571002+00:00,2026-06-30T22:00:31.570918,2,2,69.9,0.4,69.7,100,69.6,150,,,,,,,,,,,,,,,,,70.1,150,70.2,54,,,,,,,,,,,,,,,,
2026-06-30T22:00:31.767340+00:00,2026-06-30T22:00:31.758601,3,2,69.95,0.3,69.8,10,69.7,100,69.6,150,,,,,,,,,,,,,,,70.1,150,70.2,54,,,,,,,,,,,,,,,,
2026-06-30T22:00:32.271331+00:00,2026-06-30T22:00:32.262415,2,2,69.9,0.4,69.7,100,69.6,150,,,,,,,,,,,,,,,,,70.1,150,70.2,54,,,,,,,,,,,,,,,,
2026-06-30T22:00:32.292258+00:00,2026-06-30T22:00:32.289842,3,2,69.95,0.3,69.8,10,69.7,100,69.6,150,,,,,,,,,,,,,,,70.1,102,70.2,54,,,,,,,,,,,,,,,,
2026-06-30T22:00:32.375062+00:00,2026-06-30T22:00:32.368212,2,1,69.95,0.3,69.8,10,69.6,150,,,,,,,,,,,,,,,,,70.1,102,,,,,,,,,,,,,,,,,,
2026-06-30T22:00:32.427176+00:00,2026-06-30T22:00:32.420787,3,1,70.05,0.1,70.0,100,69.8,10,69.6,150,,,,,,,,,,,,,,,70.1,102,,,,,,,,,,,,,,,,,,
2026-06-30T22:00:32.479150+00:00,2026-06-30T22:00:32.472478,3,2,70.05,0.1,70.0,100,69.8,10,69.6,150,,,,,,,,,,,,,,,70.1,102,70.5,100,,,,,,,,,,,,,,,,
2026-06-30T22:00:32.777326+00:00,2026-06-30T22:00:32.769655,3,2,70.05,0.1,70.0,50,69.8,10,69.6,150,,,,,,,,,,,,,,,70.1,102,70.5,100,,,,,,,,,,,,,,,,
2026-06-30T22:00:32.798039+00:00,2026-06-30T22:00:32.797157,2,2,70.05,0.1,70.0,50,69.6,150,,,,,,,,,,,,,,,,,70.1,112,70.5,100,,,,,,,,,,,,,,,,
2026-06-30T22:00:33.302417+00:00,2026-06-30T22:00:33.301773,2,2,70.05,0.1,70.0,50,69.6,150,,,,,,,,,,,,,,,,,70.1,102,70.5,100,,,,,,,,,,,,,,,,
2026-06-30T22:00:33.312775+00:00,2026-06-30T22:00:33.305080,2,2,70.05,0.1,70.0,50,69.6,150,,,,,,,,,,,,,,,,,70.1,112,70.5,100,,,,,,,,,,,,,,,,
2026-06-30T22:00:33.816474+00:00,2026-06-30T22:00:33.809233,2,2,70.05,0.1,70.0,50,69.6,150,,,,,,,,,,,,,,,,,70.1,102,70.5,100,,,,,,,,,,,,,,,,
2026-06-30T22:00:34.633715+00:00,2026-06-30T22:00:34.626199,1,1,70.25,0.5,70.0,50,,,,,,,,,,,,,,,,,,,70.5,100,,,,,,,,,,,,,,,,,,
2026-06-30T22:00:34.685171+00:00,2026-06-30T22:00:34.679123,2,1,70.25,0.5,70.0,50,69.7,150,,,,,,,,,,,,,,,,,70.5,100,,,,,,,,,,,,,,,,,,
2026-06-30T22:00:34.736893+00:00,2026-06-30T22:00:34.730730,2,2,70.1,0.2,70.0,50,69.7,150,,,,,,,,,,,,,,,,,70.2,150,70.5,100,,,,,,,,,,,,,,,,
2026-06-30T22:00:34.767897+00:00,2026-06-30T22:00:34.758775,2,2,70.1,0.2,70.0,50,69.7,150,,,,,,,,,,,,,,,,,70.2,110,70.5,100,,,,,,,,,,,,,,,,
2026-06-30T22:00:34.819700+00:00,2026-06-30T22:00:34.813600,2,2,70.1,0.2,70.0,4,69.7,150,,,,,,,,,,,,,,,,,70.2,110,70.5,100,,,,,,,,,,,,,,,,
2026-06-30T22:00:34.881681+00:00,2026-06-30T22:00:34.877996,1,2,69.95,0.5,69.7,104,,,,,,,,,,,,,,,,,,,70.2,110,70.5,100,,,,,,,,,,,,,,,,
2026-06-30T22:00:35.530428+00:00,2026-06-30T22:00:35.525339,1,1,69.95,0.5,69.7,104,,,,,,,,,,,,,,,,,,,70.2,110,,,,,,,,,,,,,,,,,,
2026-06-30T22:00:35.581496+00:00,2026-06-30T22:00:35.578327,2,1,69.95,0.5,69.7,104,69.6,100,,,,,,,,,,,,,,,,,70.2,110,,,,,,,,,,,,,,,,,,
2026-06-30T22:00:35.632599+00:00,2026-06-30T22:00:35.631540,2,2,69.9,0.4,69.7,104,69.6,100,,,,,,,,,,,,,,,,,70.1,100,70.2,110,,,,,,,,,,,,,,,,
2026-06-30T22:00:37.790761+00:00,2026-06-30T22:00:37.785513,1,1,69.85,0.5,69.6,100,,,,,,,,,,,,,,,,,,,70.1,100,,,,,,,,,,,,,,,,,,
2026-06-30T22:00:37.842409+00:00,2026-06-30T22:00:37.837652,2,1,69.9,0.4,69.7,150,69.6,100,,,,,,,,,,,,,,,,,70.1,100,,,,,,,,,,,,,,,,,,
2026-06-30T22:00:37.894244+00:00,2026-06-30T22:00:37.889748,2,2,69.9,0.4,69.7,150,69.6,100,,,,,,,,,,,,,,,,,70.1,100,70.2,150,,,,,,,,,,,,,,,,
2026-06-30T22:00:37.976884+00:00,2026-06-30T22:00:37.974985,2,2,69.9,0.4,69.7,150,69.6,100,,,,,,,,,,,,,,,,,70.1,56,70.2,150,,,,,,,,,,,,,,,,
2026-06-30T22:00:38.687298+00:00,2026-06-30T22:00:38.685819,2,1,69.95,0.5,69.7,150,69.6,100,,,,,,,,,,,,,,,,,70.2,150,,,,,,,,,,,,,,,,,,
2026-06-30T22:00:38.697697+00:00,2026-06-30T22:00:38.687825,1,1,69.95,0.5,69.7,150,,,,,,,,,,,,,,,,,,,70.2,150,,,,,,,,,,,,,,,,,,
2026-06-30T22:00:38.749395+00:00,2026-06-30T22:00:38.741008,1,1,69.95,0.5,69.7,250,,,,,,,,,,,,,,,,,,,70.2,150,,,,,,,,,,,,,,,,,,
2026-06-30T22:00:38.800805+00:00,2026-06-30T22:00:38.794130,1,1,69.95,0.5,69.7,250,,,,,,,,,,,,,,,,,,,70.2,250,,,,,,,,,,,,,,,,,,
2026-06-30T22:00:39.092795+00:00,2026-06-30T22:00:39.088867,1,1,69.95,0.5,69.7,200,,,,,,,,,,,,,,,,,,,70.2,250,,,,,,,,,,,,,,,,,,
2026-06-30T22:00:39.914715+00:00,2026-06-30T22:00:39.906410,1,1,69.95,0.5,69.7,160,,,,,,,,,,,,,,,,,,,70.2,250,,,,,,,,,,,,,,,,,,
2026-06-30T22:00:40.451427+00:00,2026-06-30T22:00:40.447440,1,1,69.95,0.5,69.7,160,,,,,,,,,,,,,,,,,,,70.2,209,,,,,,,,,,,,,,,,,,
2026-06-30T22:00:40.945925+00:00,2026-06-30T22:00:40.945013,1,1,69.95,0.5,69.7,100,,,,,,,,,,,,,,,,,,,70.2,100,,,,,,,,,,,,,,,,,,
2026-06-30T22:00:41.008097+00:00,2026-06-30T22:00:40.998137,2,1,69.95,0.5,69.7,100,69.5,150,,,,,,,,,,,,,,,,,70.2,100,,,,,,,,,,,,,,,,,,
2026-06-30T22:00:41.059974+00:00,2026-06-30T22:00:41.051491,2,2,69.85,0.3,69.7,100,69.5,150,,,,,,,,,,,,,,,,,70.0,150,70.2,100,,,,,,,,,,,,,,,,
2026-06-30T22:00:41.204747+00:00,2026-06-30T22:00:41.195884,2,2,69.85,0.3,69.7,50,69.5,150,,,,,,,,,,,,,,,,,70.0,150,70.2,100,,,,,,,,,,,,,,,,
2026-06-30T22:00:41.359891+00:00,2026-06-30T22:00:41.356415,2,2,69.85,0.3,69.7,60,69.5,150,,,,,,,,,,,,,,,,,70.0,150,70.2,100,,,,,,,,,,,,,,,,
2026-06-30T22:00:41.854341+00:00,2026-06-30T22:00:41.850718,2,1,69.85,0.3,69.7,10,69.5,150,,,,,,,,,,,,,,,,,70.0,150,,,,,,,,,,,,,,,,,,
2026-06-30T22:00:41.864789+00:00,2026-06-30T22:00:41.864085,2,1,69.8,0.4,69.6,10,69.5,150,,,,,,,,,,,,,,,,,70.0,150,,,,,,,,,,,,,,,,,,
2026-06-30T22:00:41.927115+00:00,2026-06-30T22:00:41.920752,3,1,69.85,0.3,69.7,100,69.6,10,69.5,150,,,,,,,,,,,,,,,70.0,150,,,,,,,,,,,,,,,,,,
2026-06-30T22:00:41.970067+00:00,2026-06-30T22:00:41.968886,3,1,69.85,0.3,69.7,100,69.6,10,69.5,150,,,,,,,,,,,,,,,70.0,127,,,,,,,,,,,,,,,,,,
2026-06-30T22:00:41.980608+00:00,2026-06-30T22:00:41.973605,3,2,69.85,0.3,69.7,100,69.6,10,69.5,150,,,,,,,,,,,,,,,70.0,127,70.2,100,,,,,,,,,,,,,,,,
2026-06-30T22:00:42.369970+00:00,2026-06-30T22:00:42.368333,2,2,69.85,0.3,69.7,100,69.5,150,,,,,,,,,,,,,,,,,70.0,127,70.2,100,,,,,,,,,,,,,,,,
2026-06-30T22:00:42.380325+00:00,2026-06-30T22:00:42.372719,2,2,69.85,0.3,69.7,110,69.5,150,,,,,,,,,,,,,,,,,70.0,127,70.2,100,,,,,,,,,,,,,,,,
2026-06-30T22:00:42.883529+00:00,2026-06-30T22:00:42.879516,2,2,69.85,0.3,69.7,110,69.5,150,,,,,,,,,,,,,,,,,70.0,127,70.2,100,,,,,,,,,,,,,,,,
2026-06-30T22:00:43.307387+00:00,2026-06-30T22:00:43.302756,2,2,69.85,0.3,69.7,60,69.5,150,,,,,,,,,,,,,,,,,70.0,127,70.2,100,,,,,,,,,,,,,,,,
2026-06-30T22:00:43.390099+00:00,2026-06-30T22:00:43.387524,2,2,69.85,0.3,69.7,60,69.5,150,,,,,,,,,,,,,,,,,70.0,127,70.2,100,,,,,,,,,,,,,,,,
2026-06-30T22:00:43.892608+00:00,2026-06-30T22:00:43.891542,2,2,69.85,0.3,69.7,50,69.5,150,,,,,,,,,,,,,,,,,70.0,127,70.2,100,,,,,,,,,,,,,,,,
2026-06-30T22:00:43.903021+00:00,2026-06-30T22:00:43.896324,2,2,69.85,0.3,69.7,60,69.5,150,,,,,,,,,,,,,,,,,70.0,127,70.2,100,,,,,,,,,,,,,,,,
2026-06-30T22:00:44.112771+00:00,2026-06-30T22:00:44.105961,1,1,69.95,0.5,69.7,60,,,,,,,,,,,,,,,,,,,70.2,100,,,,,,,,,,,,,,,,,,
2026-06-30T22:00:44.164579+00:00,2026-06-30T22:00:44.159040,2,1,70.0,0.4,69.8,150,69.7,60,,,,,,,,,,,,,,,,,70.2,100,,,,,,,,,,,,,,,,,,
2026-06-30T22:00:44.216428+00:00,2026-06-30T22:00:44.211076,2,2,70.0,0.4,69.8,150,69.7,60,,,,,,,,,,,,,,,,,70.2,100,70.3,150,,,,,,,,,,,,,,,,
2026-06-30T22:00:44.402729+00:00,2026-06-30T22:00:44.400990,2,2,70.0,0.4,69.8,150,69.7,50,,,,,,,,,,,,,,,,,70.2,100,70.3,150,,,,,,,,,,,,,,,,
2026-06-30T22:00:45.030047+00:00,2026-06-30T22:00:45.028159,1,1,70.05,0.5,69.8,150,,,,,,,,,,,,,,,,,,,70.3,150,,,,,,,,,,,,,,,,,,
2026-06-30T22:00:45.081491+00:00,2026-06-30T22:00:45.080667,2,1,70.05,0.5,69.8,150,69.6,100,,,,,,,,,,,,,,,,,70.3,150,,,,,,,,,,,,,,,,,,
2026-06-30T22:00:45.143167+00:00,2026-06-30T22:00:45.133267,2,2,69.95,0.3,69.8,150,69.6,100,,,,,,,,,,,,,,,,,70.1,100,70.3,150,,,,,,,,,,,,,,,,
2026-06-30T22:00:45.410774+00:00,2026-06-30T22:00:45.409786,2,2,69.95,0.3,69.8,100,69.6,100,,,,,,,,,,,,,,,,,70.1,100,70.3,150,,,,,,,,,,,,,,,,
2026-06-30T22:00:45.915259+00:00,2026-06-30T22:00:45.913405,3,2,70.0,0.2,69.9,10,69.8,100,69.6,100,,,,,,,,,,,,,,,70.1,100,70.3,150,,,,,,,,,,,,,,,,
2026-06-30T22:00:45.997657+00:00,2026-06-30T22:00:45.990890,3,2,70.0,0.2,69.9,10,69.8,100,69.6,100,,,,,,,,,,,,,,,70.1,59,70.3,150,,,,,,,,,,,,,,,,
2026-06-30T22:00:46.428382+00:00,2026-06-30T22:00:46.423328,3,2,70.0,0.2,69.9,10,69.8,100,69.6,100,,,,,,,,,,,,,,,70.1,59,70.3,150,,,,,,,,,,,,,,,,
2026-06-30T22:00:46.930182+00:00,2026-06-30T22:00:46.929646,2,2,69.95,0.3,69.8,100,69.6,100,,,,,,,,,,,,,,,,,70.1,59,70.3,150,,,,,,,,,,,,,,,,
2026-06-30T22:00:47.269039+00:00,2026-06-30T22:00:47.268986,1,1,69.85,0.5,69.6,100,,,,,,,,,,,,,,,,,,,70.1,59,,,,,,,,,,,,,,,,,,
2026-06-30T22:00:47.330496+00:00,2026-06-30T22:00:47.322619,2,1,69.85,0.5,69.6,100,69.4,150,,,,,,,,,,,,,,,,,70.1,59,,,,,,,,,,,,,,,,,,
2026-06-30T22:00:47.382134+00:00,2026-06-30T22:00:47.377883,2,2,69.75,0.3,69.6,100,69.4,150,,,,,,,,,,,,,,,,,69.9,150,70.1,59,,,,,,,,,,,,,,,,
2026-06-30T22:00:47.443932+00:00,2026-06-30T22:00:47.436149,2,2,69.75,0.3,69.6,110,69.4,150,,,,,,,,,,,,,,,,,69.9,150,70.1,59,,,,,,,,,,,,,,,,
2026-06-30T22:00:47.474795+00:00,2026-06-30T22:00:47.465664,2,2,69.75,0.3,69.6,110,69.4,150,,,,,,,,,,,,,,,,,69.9,100,70.1,59,,,,,,,,,,,,,,,,
2026-06-30T22:00:47.946929+00:00,2026-06-30T22:00:47.944146,2,2,69.75,0.3,69.6,110,69.4,150,,,,,,,,,,,,,,,,,69.9,100,70.1,59,,,,,,,,,,,,,,,,
2026-06-30T22:00:48.194109+00:00,2026-06-30T22:00:48.188590,2,1,69.75,0.3,69.6,10,69.4,150,,,,,,,,,,,,,,,,,69.9,100,,,,,,,,,,,,,,,,,,
2026-06-30T22:00:48.245187+00:00,2026-06-30T22:00:48.241672,2,1,69.75,0.3,69.6,110,69.4,150,,,,,,,,,,,,,,,,,69.9,100,,,,,,,,,,,,,,,,,,
2026-06-30T22:00:48.296423+00:00,2026-06-30T22:00:48.294412,2,2,69.75,0.3,69.6,110,69.4,150,,,,,,,,,,,,,,,,,69.9,100,70.1,100,,,,,,,,,,,,,,,,
2026-06-30T22:00:48.450420+00:00,2026-06-30T22:00:48.448290,2,2,69.75,0.3,69.6,100,69.4,150,,,,,,,,,,,,,,,,,69.9,100,70.1,100,,,,,,,,,,,,,,,,
2026-06-30T22:00:48.460698+00:00,2026-06-30T22:00:48.452540,2,2,69.75,0.3,69.6,110,69.4,150,,,,,,,,,,,,,,,,,69.9,100,70.1,100,,,,,,,,,,,,,,,,
2026-06-30T22:00:48.799427+00:00,2026-06-30T22:00:48.795917,2,2,69.75,0.3,69.6,63,69.4,150,,,,,,,,,,,,,,,,,69.9,100,70.1,100,,,,,,,,,,,,,,,,
2026-06-30T22:00:48.963622+00:00,2026-06-30T22:00:48.961450,2,2,69.75,0.3,69.6,63,69.4,150,,,,,,,,,,,,,,,,,69.9,100,70.1,100,,,,,,,,,,,,,,,,
2026-06-30T22:00:49.473227+00:00,2026-06-30T22:00:49.470478,2,2,69.75,0.3,69.6,63,69.4,150,,,,,,,,,,,,,,,,,69.9,100,70.1,100,,,,,,,,,,,,,,,,
2026-06-30T22:00:49.627404+00:00,2026-06-30T22:00:49.624305,2,2,69.75,0.3,69.6,13,69.4,150,,,,,,,,,,,,,,,,,69.9,100,70.1,100,,,,,,,,,,,,,,,,
2026-06-30T22:00:49.976884+00:00,2026-06-30T22:00:49.974823,2,2,69.75,0.3,69.6,3,69.4,150,,,,,,,,,,,,,,,,,69.9,100,70.1,100,,,,,,,,,,,,,,,,
2026-06-30T22:00:49.987253+00:00,2026-06-30T22:00:49.979686,2,2,69.75,0.3,69.6,13,69.4,150,,,,,,,,,,,,,,,,,69.9,100,70.1,100,,,,,,,,,,,,,,,,
2026-06-30T22:00:50.437860+00:00,2026-06-30T22:00:50.432088,1,1,69.85,0.5,69.6,13,,,,,,,,,,,,,,,,,,,70.1,100,,,,,,,,,,,,,,,,,,
2026-06-30T22:00:50.489159+00:00,2026-06-30T22:00:50.485859,2,1,69.85,0.5,69.6,3,69.5,150,,,,,,,,,,,,,,,,,70.1,100,,,,,,,,,,,,,,,,,,
2026-06-30T22:00:50.540394+00:00,2026-06-30T22:00:50.538462,2,2,69.8,0.4,69.6,3,69.5,150,,,,,,,,,,,,,,,,,70.0,150,70.1,100,,,,,,,,,,,,,,,,
2026-06-30T22:00:50.992210+00:00,2026-06-30T22:00:50.991931,2,2,69.8,0.4,69.6,10,69.5,111,,,,,,,,,,,,,,,,,70.0,150,70.1,100,,,,,,,,,,,,,,,,
2026-06-30T22:00:51.354027+00:00,2026-06-30T22:00:51.347721,2,1,69.8,0.4,69.6,10,69.5,111,,,,,,,,,,,,,,,,,70.0,150,,,,,,,,,,,,,,,,,,
2026-06-30T22:00:51.405690+00:00,2026-06-30T22:00:51.399785,3,1,69.8,0.4,69.6,10,69.5,111,69.3,100,,,,,,,,,,,,,,,70.0,150,,,,,,,,,,,,,,,,,,
2026-06-30T22:00:51.457389+00:00,2026-06-30T22:00:51.452035,3,2,69.7,0.2,69.6,10,69.5,111,69.3,100,,,,,,,,,,,,,,,69.8,100,70.0,150,,,,,,,,,,,,,,,,
2026-06-30T22:00:51.498769+00:00,2026-06-30T22:00:51.496032,2,2,69.65,0.3,69.5,111,69.3,100,,,,,,,,,,,,,,,,,69.8,100,70.0,150,,,,,,,,,,,,,,,,
2026-06-30T22:00:51.509176+00:00,2026-06-30T22:00:51.502656,2,2,69.65,0.3,69.5,121,69.3,100,,,,,,,,,,,,,,,,,69.8,100,70.0,150,,,,,,,,,,,,,,,,
2026-06-30T22:00:51.685342+00:00,2026-06-30T22:00:51.684576,2,2,69.65,0.3,69.5,121,69.3,100,,,,,,,,,,,,,,,,,69.8,97,70.0,150,,,,,,,,,,,,,,,,
2026-06-30T22:00:52.016970+00:00,2026-06-30T22:00:52.012740,2,2,69.65,0.3,69.5,121,69.3,100,,,,,,,,,,,,,,,,,69.8,97,70.0,150,,,,,,,,,,,,,,,,
2026-06-30T22:00:52.525248+00:00,2026-06-30T22:00:52.520252,2,2,69.65,0.3,69.5,121,69.3,100,,,,,,,,,,,,,,,,,69.8,97,70.0,150,,,,,,,,,,,,,,,,
2026-06-30T22:00:53.032249+00:00,2026-06-30T22:00:53.028497,2,2,69.65,0.3,69.5,121,69.3,100,,,,,,,,,,,,,,,,,69.8,97,70.0,150,,,,,,,,,,,,,,,,
2026-06-30T22:00:53.536371+00:00,2026-06-30T22:00:53.533225,2,2,69.65,0.3,69.5,111,69.3,100,,,,,,,,,,,,,,,,,69.8,97,70.0,150,,,,,,,,,,,,,,,,
2026-06-30T22:00:53.546711+00:00,2026-06-30T22:00:53.537004,2,2,69.65,0.3,69.5,121,69.3,100,,,,,,,,,,,,,,,,,69.8,97,70.0,150,,,,,,,,,,,,,,,,
2026-06-30T22:00:53.598250+00:00,2026-06-30T22:00:53.594059,2,1,69.65,0.3,69.5,10,69.3,100,,,,,,,,,,,,,,,,,69.8,97,,,,,,,,,,,,,,,,,,
2026-06-30T22:00:53.649660+00:00,2026-06-30T22:00:53.647927,3,1,69.7,0.2,69.6,150,69.5,10,69.3,100,,,,,,,,,,,,,,,69.8,97,,,,,,,,,,,,,,,,,,
2026-06-30T22:00:53.711362+00:00,2026-06-30T22:00:53.701457,3,2,69.7,0.2,69.6,150,69.5,10,69.3,100,,,,,,,,,,,,,,,69.8,97,70.1,150,,,,,,,,,,,,,,,,
2026-06-30T22:00:53.793596+00:00,2026-06-30T22:00:53.787309,3,2,69.7,0.2,69.6,150,69.5,10,69.3,100,,,,,,,,,,,,,,,69.8,47,70.1,150,,,,,,,,,,,,,,,,
2026-06-30T22:00:54.049790+00:00,2026-06-30T22:00:54.044955,2,2,69.7,0.2,69.6,160,69.3,100,,,,,,,,,,,,,,,,,69.8,47,70.1,150,,,,,,,,,,,,,,,,
2026-06-30T22:00:54.513414+00:00,2026-06-30T22:00:54.507875,1,1,69.85,0.5,69.6,160,,,,,,,,,,,,,,,,,,,70.1,150,,,,,,,,,,,,,,,,,,
2026-06-30T22:00:54.554419+00:00,2026-06-30T22:00:54.552395,2,1,69.9,0.4,69.7,10,69.6,150,,,,,,,,,,,,,,,,,70.1,150,,,,,,,,,,,,,,,,,,
2026-06-30T22:00:54.564796+00:00,2026-06-30T22:00:54.560131,2,1,69.9,0.4,69.7,10,69.6,250,,,,,,,,,,,,,,,,,70.1,150,,,,,,,,,,,,,,,,,,
2026-06-30T22:00:54.616025+00:00,2026-06-30T22:00:54.612932,2,1,69.9,0.4,69.7,10,69.6,250,,,,,,,,,,,,,,,,,70.1,250,,,,,,,,,,,,,,,,,,
2026-06-30T22:00:54.842906+00:00,2026-06-30T22:00:54.834777,2,1,69.9,0.4,69.7,10,69.6,250,,,,,,,,,,,,,,,,,70.1,203,,,,,,,,,,,,,,,,,,
2026-06-30T22:00:55.058977+00:00,2026-06-30T22:00:55.055959,1,1,69.85,0.5,69.6,250,,,,,,,,,,,,,,,,,,,70.1,203,,,,,,,,,,,,,,,,,,
2026-06-30T22:00:55.069370+00:00,2026-06-30T22:00:55.059324,2,1,69.9,0.4,69.7,10,69.6,250,,,,,,,,,,,,,,,,,70.1,203,,,,,,,,,,,,,,,,,,
2026-06-30T22:00:55.565388+00:00,2026-06-30T22:00:55.562905,1,1,69.85,0.5,69.6,250,,,,,,,,,,,,,,,,,,,70.1,203,,,,,,,,,,,,,,,,,,
2026-06-30T22:00:55.575748+00:00,2026-06-30T22:00:55.566515,2,1,69.9,0.4,69.7,10,69.6,250,,,,,,,,,,,,,,,,,70.1,203,,,,,,,,,,,,,,,,,,
2026-06-30T22:00:55.885196+00:00,2026-06-30T22:00:55.883526,2,1,69.9,0.4,69.7,10,69.6,250,,,,,,,,,,,,,,,,,70.1,162,,,,,,,,,,,,,,,,,,
2026-06-30T22:00:55.895610+00:00,2026-06-30T22:00:55.892471,2,1,69.9,0.4,69.7,10,69.6,250,,,,,,,,,,,,,,,,,70.1,112,,,,,,,,,,,,,,,,,,
2026-06-30T22:00:56.070742+00:00,2026-06-30T22:00:56.070590,1,1,69.85,0.5,69.6,250,,,,,,,,,,,,,,,,,,,70.1,112,,,,,,,,,,,,,,,,,,
2026-06-30T22:00:56.081239+00:00,2026-06-30T22:00:56.073538,2,1,69.9,0.4,69.7,10,69.6,250,,,,,,,,,,,,,,,,,70.1,112,,,,,,,,,,,,,,,,,,
2026-06-30T22:00:56.544824+00:00,2026-06-30T22:00:56.537595,1,1,69.85,0.5,69.6,212,,,,,,,,,,,,,,,,,,,70.1,112,,,,,,,,,,,,,,,,,,
2026-06-30T22:00:56.759527+00:00,2026-06-30T22:00:56.758142,1,1,69.85,0.5,69.6,100,,,,,,,,,,,,,,,,,,,70.1,100,,,,,,,,,,,,,,,,,,
2026-06-30T22:00:56.821501+00:00,2026-06-30T22:00:56.811476,2,1,70.0,0.2,69.9,150,69.6,100,,,,,,,,,,,,,,,,,70.1,100,,,,,,,,,,,,,,,,,,
2026-06-30T22:00:56.872665+00:00,2026-06-30T22:00:56.864296,2,2,70.0,0.2,69.9,150,69.6,100,,,,,,,,,,,,,,,,,70.1,100,70.4,150,,,,,,,,,,,,,,,,
2026-06-30T22:00:57.683650+00:00,2026-06-30T22:00:57.683225,1,1,70.15,0.5,69.9,150,,,,,,,,,,,,,,,,,,,70.4,150,,,,,,,,,,,,,,,,,,
2026-06-30T22:00:57.746120+00:00,2026-06-30T22:00:57.742293,2,1,70.15,0.5,69.9,150,69.6,100,,,,,,,,,,,,,,,,,70.4,150,,,,,,,,,,,,,,,,,,
2026-06-30T22:00:57.797873+00:00,2026-06-30T22:00:57.794970,2,2,70.0,0.2,69.9,150,69.6,100,,,,,,,,,,,,,,,,,70.1,100,70.4,150,,,,,,,,,,,,,,,,
2026-06-30T22:00:58.054644+00:00,2026-06-30T22:00:58.051815,2,2,70.0,0.2,69.9,100,69.6,100,,,,,,,,,,,,,,,,,70.1,100,70.4,150,,,,,,,,,,,,,,,,
2026-06-30T22:00:58.251061+00:00,2026-06-30T22:00:58.249613,2,2,70.0,0.2,69.9,55,69.6,100,,,,,,,,,,,,,,,,,70.1,100,70.4,150,,,,,,,,,,,,,,,,
2026-06-30T22:00:58.571414+00:00,2026-06-30T22:00:58.570542,2,2,70.0,0.2,69.9,52,69.6,100,,,,,,,,,,,,,,,,,70.1,100,70.4,150,,,,,,,,,,,,,,,,
2026-06-30T22:00:59.918213+00:00,2026-06-30T22:00:59.918020,2,1,70.0,0.2,69.9,52,69.6,100,,,,,,,,,,,,,,,,,70.1,100,,,,,,,,,,,,,,,,,,
2026-06-30T22:00:59.928541+00:00,2026-06-30T22:00:59.919882,1,1,69.85,0.5,69.6,100,,,,,,,,,,,,,,,,,,,70.1,100,,,,,,,,,,,,,,,,,,
2026-06-30T22:00:59.980037+00:00,2026-06-30T22:00:59.973347,2,1,69.85,0.5,69.6,100,69.5,150,,,,,,,,,,,,,,,,,70.1,100,,,,,,,,,,,,,,,,,,
2026-06-30T22:01:00.031468+00:00,2026-06-30T22:01:00.026751,2,2,69.8,0.4,69.6,100,69.5,150,,,,,,,,,,,,,,,,,70.0,150,70.1,100,,,,,,,,,,,,,,,,
2026-06-30T22:01:00.125162+00:00,2026-06-30T22:01:00.118388,3,2,69.85,0.3,69.7,10,69.6,100,69.5,150,,,,,,,,,,,,,,,70.0,150,70.1,100,,,,,,,,,,,,,,,,
2026-06-30T22:01:00.166875+00:00,2026-06-30T22:01:00.166491,2,2,69.8,0.4,69.6,60,69.5,150,,,,,,,,,,,,,,,,,70.0,150,70.1,100,,,,,,,,,,,,,,,,
2026-06-30T22:01:00.824195+00:00,2026-06-30T22:01:00.824038,2,2,69.8,0.4,69.6,60,69.5,150,,,,,,,,,,,,,,,,,70.0,101,70.1,100,,,,,,,,,,,,,,,,
2026-06-30T22:01:00.855030+00:00,2026-06-30T22:01:00.851278,1,1,69.75,0.5,69.5,150,,,,,,,,,,,,,,,,,,,70.0,101,,,,,,,,,,,,,,,,,,
2026-06-30T22:01:00.906216+00:00,2026-06-30T22:01:00.904062,2,1,69.75,0.5,69.5,150,69.4,100,,,,,,,,,,,,,,,,,70.0,101,,,,,,,,,,,,,,,,,,
2026-06-30T22:01:00.957807+00:00,2026-06-30T22:01:00.957052,2,2,69.7,0.4,69.5,150,69.4,100,,,,,,,,,,,,,,,,,69.9,100,70.0,101,,,,,,,,,,,,,,,,
2026-06-30T22:01:01.133756+00:00,2026-06-30T22:01:01.133613,3,2,69.75,0.3,69.6,10,69.5,150,69.4,100,,,,,,,,,,,,,,,69.9,100,70.0,101,,,,,,,,,,,,,,,,
2026-06-30T22:01:01.639049+00:00,2026-06-30T22:01:01.637364,2,2,69.7,0.4,69.5,150,69.4,100,,,,,,,,,,,,,,,,,69.9,100,70.0,101,,,,,,,,,,,,,,,,
2026-06-30T22:01:01.649445+00:00,2026-06-30T22:01:01.640506,3,2,69.75,0.3,69.6,10,69.5,150,69.4,100,,,,,,,,,,,,,,,69.9,100,70.0,101,,,,,,,,,,,,,,,,
2026-06-30T22:01:02.154702+00:00,2026-06-30T22:01:02.147357,3,2,69.75,0.3,69.6,10,69.5,150,69.4,100,,,,,,,,,,,,,,,69.9,100,70.0,101,,,,,,,,,,,,,,,,
2026-06-30T22:01:02.278163+00:00,2026-06-30T22:01:02.274202,2,2,69.7,0.4,69.5,110,69.4,100,,,,,,,,,,,,,,,,,69.9,100,70.0,101,,,,,,,,,,,,,,,,
2026-06-30T22:01:03.082403+00:00,2026-06-30T22:01:03.081613,1,1,69.65,0.5,69.4,100,,,,,,,,,,,,,,,,,,,69.9,100,,,,,,,,,,,,,,,,,,
2026-06-30T22:01:03.144485+00:00,2026-06-30T22:01:03.144320,2,1,69.65,0.5,69.4,100,69.3,150,,,,,,,,,,,,,,,,,69.9,100,,,,,,,,,,,,,,,,,,
2026-06-30T22:01:03.206616+00:00,2026-06-30T22:01:03.197006,2,2,69.6,0.4,69.4,100,69.3,150,,,,,,,,,,,,,,,,,69.8,150,69.9,100,,,,,,,,,,,,,,,,
2026-06-30T22:01:03.802226+00:00,2026-06-30T22:01:03.801368,2,2,69.6,0.4,69.4,100,69.3,150,,,,,,,,,,,,,,,,,69.8,147,69.9,100,,,,,,,,,,,,,,,,
2026-06-30T22:01:04.018617+00:00,2026-06-30T22:01:04.014541,1,1,69.55,0.5,69.3,150,,,,,,,,,,,,,,,,,,,69.8,147,,,,,,,,,,,,,,,,,,
2026-06-30T22:01:04.070448+00:00,2026-06-30T22:01:04.067432,2,1,69.65,0.3,69.5,100,69.3,150,,,,,,,,,,,,,,,,,69.8,147,,,,,,,,,,,,,,,,,,
2026-06-30T22:01:04.122005+00:00,2026-06-30T22:01:04.120478,2,2,69.65,0.3,69.5,100,69.3,150,,,,,,,,,,,,,,,,,69.8,147,70.0,100,,,,,,,,,,,,,,,,
2026-06-30T22:01:04.175821+00:00,2026-06-30T22:01:04.171728,2,2,69.65,0.3,69.5,110,69.3,150,,,,,,,,,,,,,,,,,69.8,147,70.0,100,,,,,,,,,,,,,,,,
2026-06-30T22:01:04.413874+00:00,2026-06-30T22:01:04.406438,2,2,69.65,0.3,69.5,60,69.3,150,,,,,,,,,,,,,,,,,69.8,147,70.0,100,,,,,,,,,,,,,,,,
2026-06-30T22:01:04.681753+00:00,2026-06-30T22:01:04.679979,2,2,69.65,0.3,69.5,60,69.3,150,,,,,,,,,,,,,,,,,69.8,147,70.0,100,,,,,,,,,,,,,,,,
2026-06-30T22:01:05.187046+00:00,2026-06-30T22:01:05.184326,2,2,69.65,0.3,69.5,50,69.3,150,,,,,,,,,,,,,,,,,69.8,147,70.0,100,,,,,,,,,,,,,,,,
2026-06-30T22:01:05.197375+00:00,2026-06-30T22:01:05.187896,2,2,69.65,0.3,69.5,60,69.3,150,,,,,,,,,,,,,,,,,69.8,147,70.0,100,,,,,,,,,,,,,,,,
2026-06-30T22:01:05.485220+00:00,2026-06-30T22:01:05.483784,2,2,69.65,0.3,69.5,60,69.3,150,,,,,,,,,,,,,,,,,69.8,100,70.0,100,,,,,,,,,,,,,,,,
2026-06-30T22:01:05.701404+00:00,2026-06-30T22:01:05.695868,2,2,69.65,0.3,69.5,60,69.3,150,,,,,,,,,,,,,,,,,69.8,100,70.0,100,,,,,,,,,,,,,,,,
2026-06-30T22:01:06.215887+00:00,2026-06-30T22:01:06.206999,2,2,69.65,0.3,69.5,50,69.3,150,,,,,,,,,,,,,,,,,69.8,100,70.0,100,,,,,,,,,,,,,,,,
2026-06-30T22:01:06.226186+00:00,2026-06-30T22:01:06.219499,2,2,69.65,0.3,69.5,60,69.3,150,,,,,,,,,,,,,,,,,69.8,100,70.0,100,,,,,,,,,,,,,,,,
2026-06-30T22:01:06.257199+00:00,2026-06-30T22:01:06.252180,1,1,69.75,0.5,69.5,60,,,,,,,,,,,,,,,,,,,70.0,100,,,,,,,,,,,,,,,,,,
2026-06-30T22:01:06.308575+00:00,2026-06-30T22:01:06.304915,2,1,69.9,0.2,69.8,150,69.5,60,,,,,,,,,,,,,,,,,70.0,100,,,,,,,,,,,,,,,,,,
2026-06-30T22:01:06.359783+00:00,2026-06-30T22:01:06.358211,2,2,69.9,0.2,69.8,150,69.5,60,,,,,,,,,,,,,,,,,70.0,100,70.3,150,,,,,,,,,,,,,,,,
2026-06-30T22:01:06.473096+00:00,2026-06-30T22:01:06.464855,2,2,69.9,0.2,69.8,150,69.5,60,,,,,,,,,,,,,,,,,70.0,50,70.3,150,,,,,,,,,,,,,,,,
2026-06-30T22:01:06.576204+00:00,2026-06-30T22:01:06.570248,2,2,69.9,0.2,69.8,101,69.5,60,,,,,,,,,,,,,,,,,70.0,50,70.3,150,,,,,,,,,,,,,,,,
2026-06-30T22:01:06.730539+00:00,2026-06-30T22:01:06.723978,2,2,69.9,0.2,69.8,101,69.5,50,,,,,,,,,,,,,,,,,70.0,50,70.3,150,,,,,,,,,,,,,,,,
2026-06-30T22:01:07.182201+00:00,2026-06-30T22:01:07.177538,1,1,70.05,0.5,69.8,101,,,,,,,,,,,,,,,,,,,70.3,150,,,,,,,,,,,,,,,,,,
2026-06-30T22:01:07.233643+00:00,2026-06-30T22:01:07.230571,2,1,70.05,0.5,69.8,101,69.4,100,,,,,,,,,,,,,,,,,70.3,150,,,,,,,,,,,,,,,,,,
2026-06-30T22:01:07.285434+00:00,2026-06-30T22:01:07.282836,2,2,69.85,0.1,69.8,101,69.4,100,,,,,,,,,,,,,,,,,69.9,100,70.3,150,,,,,,,,,,,,,,,,
2026-06-30T22:01:07.790939+00:00,2026-06-30T22:01:07.782704,2,2,69.85,0.1,69.8,101,69.4,100,,,,,,,,,,,,,,,,,69.9,52,70.3,150,,,,,,,,,,,,,,,,
2026-06-30T22:01:08.582408+00:00,2026-06-30T22:01:08.575241,2,2,69.85,0.1,69.8,101,69.4,100,,,,,,,,,,,,,,,,,69.9,2,70.3,150,,,,,,,,,,,,,,,,
2026-06-30T22:01:09.052365+00:00,2026-06-30T22:01:09.050961,2,2,69.85,0.1,69.8,98,69.4,100,,,,,,,,,,,,,,,,,69.9,2,70.3,150,,,,,,,,,,,,,,,,
2026-06-30T22:01:09.250510+00:00,2026-06-30T22:01:09.241723,2,2,69.85,0.1,69.8,98,69.4,100,,,,,,,,,,,,,,,,,69.9,12,70.3,150,,,,,,,,,,,,,,,,
2026-06-30T22:01:09.414723+00:00,2026-06-30T22:01:09.413910,1,1,69.65,0.5,69.4,100,,,,,,,,,,,,,,,,,,,69.9,12,,,,,,,,,,,,,,,,,,
2026-06-30T22:01:09.476408+00:00,2026-06-30T22:01:09.467104,2,1,69.65,0.5,69.4,100,69.3,150,,,,,,,,,,,,,,,,,69.9,12,,,,,,,,,,,,,,,,,,
2026-06-30T22:01:09.527623+00:00,2026-06-30T22:01:09.519420,2,2,69.6,0.4,69.4,100,69.3,150,,,,,,,,,,,,,,,,,69.8,150,69.9,12,,,,,,,,,,,,,,,,
2026-06-30T22:01:09.650959+00:00,2026-06-30T22:01:09.644674,2,2,69.6,0.4,69.4,56,69.3,150,,,,,,,,,,,,,,,,,69.8,150,69.9,12,,,,,,,,,,,,,,,,
2026-06-30T22:01:09.754131+00:00,2026-06-30T22:01:09.745552,2,2,69.6,0.4,69.4,56,69.3,150,,,,,,,,,,,,,,,,,69.8,150,69.9,2,,,,,,,,,,,,,,,,
2026-06-30T22:01:10.342872+00:00,2026-06-30T22:01:10.341643,1,1,69.55,0.5,69.3,150,,,,,,,,,,,,,,,,,,,69.8,150,,,,,,,,,,,,,,,,,,
2026-06-30T22:01:10.425831+00:00,2026-06-30T22:01:10.415833,2,1,69.6,0.4,69.4,100,69.3,150,,,,,,,,,,,,,,,,,69.8,150,,,,,,,,,,,,,,,,,,
2026-06-30T22:01:10.477561+00:00,2026-06-30T22:01:10.468745,2,2,69.6,0.4,69.4,100,69.3,150,,,,,,,,,,,,,,,,,69.8,150,69.9,100,,,,,,,,,,,,,,,,
2026-06-30T22:01:10.693767+00:00,2026-06-30T22:01:10.688961,2,2,69.6,0.4,69.4,100,69.3,150,,,,,,,,,,,,,,,,,69.8,100,69.9,100,,,,,,,,,,,,,,,,
2026-06-30T22:01:10.776049+00:00,2026-06-30T22:01:10.771164,2,2,69.6,0.4,69.4,54,69.3,150,,,,,,,,,,,,,,,,,69.8,100,69.9,100,,,,,,,,,,,,,,,,
2026-06-30T22:01:12.579079+00:00,2026-06-30T22:01:12.574659,1,1,69.65,0.5,69.4,54,,,,,,,,,,,,,,,,,,,69.9,100,,,,,,,,,,,,,,,,,,
2026-06-30T22:01:12.630451+00:00,2026-06-30T22:01:12.627454,2,1,69.75,0.3,69.6,150,69.4,54,,,,,,,,,,,,,,,,,69.9,100,,,,,,,,,,,,,,,,,,
2026-06-30T22:01:12.681679+00:00,2026-06-30T22:01:12.680237,2,2,69.75,0.3,69.6,150,69.4,54,,,,,,,,,,,,,,,,,69.9,100,70.1,150,,,,,,,,,,,,,,,,
2026-06-30T22:01:12.805469+00:00,2026-06-30T22:01:12.795956,2,2,69.75,0.3,69.6,150,69.4,54,,,,,,,,,,,,,,,,,69.9,50,70.1,150,,,,,,,,,,,,,,,,
2026-06-30T22:01:13.528307+00:00,2026-06-30T22:01:13.524137,1,1,69.85,0.5,69.6,150,,,,,,,,,,,,,,,,,,,70.1,150,,,,,,,,,,,,,,,,,,
2026-06-30T22:01:13.579498+00:00,2026-06-30T22:01:13.577195,2,1,69.85,0.5,69.6,150,69.4,100,,,,,,,,,,,,,,,,,70.1,150,,,,,,,,,,,,,,,,,,
2026-06-30T22:01:13.641057+00:00,2026-06-30T22:01:13.631243,2,2,69.75,0.3,69.6,150,69.4,100,,,,,,,,,,,,,,,,,69.9,100,70.1,150,,,,,,,,,,,,,,,,
2026-06-30T22:01:14.904562+00:00,2026-06-30T22:01:14.901738,2,2,69.75,0.3,69.6,150,69.4,100,,,,,,,,,,,,,,,,,69.9,50,70.1,150,,,,,,,,,,,,,,,,
2026-06-30T22:01:15.736337+00:00,2026-06-30T22:01:15.734983,1,1,69.65,0.5,69.4,100,,,,,,,,,,,,,,,,,,,69.9,50,,,,,,,,,,,,,,,,,,
2026-06-30T22:01:15.788236+00:00,2026-06-30T22:01:15.786702,2,1,69.75,0.3,69.6,150,69.4,100,,,,,,,,,,,,,,,,,69.9,50,,,,,,,,,,,,,,,,,,
2026-06-30T22:01:15.809044+00:00,2026-06-30T22:01:15.806329,2,1,69.75,0.3,69.6,150,69.4,100,,,,,,,,,,,,,,,,,69.9,3,,,,,,,,,,,,,,,,,,
2026-06-30T22:01:15.871268+00:00,2026-06-30T22:01:15.864175,2,2,69.75,0.3,69.6,150,69.4,100,,,,,,,,,,,,,,,,,69.9,3,70.1,150,,,,,,,,,,,,,,,,
2026-06-30T22:01:16.314430+00:00,2026-06-30T22:01:16.313493,2,2,69.75,0.3,69.6,109,69.4,100,,,,,,,,,,,,,,,,,69.9,3,70.1,150,,,,,,,,,,,,,,,,
2026-06-30T22:01:16.695489+00:00,2026-06-30T22:01:16.687930,1,1,69.85,0.5,69.6,109,,,,,,,,,,,,,,,,,,,70.1,150,,,,,,,,,,,,,,,,,,
2026-06-30T22:01:16.747435+00:00,2026-06-30T22:01:16.740627,2,1,69.95,0.3,69.8,100,69.6,109,,,,,,,,,,,,,,,,,70.1,150,,,,,,,,,,,,,,,,,,
2026-06-30T22:01:16.799360+00:00,2026-06-30T22:01:16.793317,2,2,69.95,0.3,69.8,100,69.6,109,,,,,,,,,,,,,,,,,70.1,150,70.3,100,,,,,,,,,,,,,,,,
2026-06-30T22:01:17.016630+00:00,2026-06-30T22:01:17.008218,2,2,69.95,0.3,69.8,100,69.6,109,,,,,,,,,,,,,,,,,70.1,100,70.3,100,,,,,,,,,,,,,,,,
2026-06-30T22:01:17.451387+00:00,2026-06-30T22:01:17.446582,2,2,69.95,0.3,69.8,60,69.6,109,,,,,,,,,,,,,,,,,70.1,100,70.3,100,,,,,,,,,,,,,,,,
2026-06-30T22:01:18.922781+00:00,2026-06-30T22:01:18.922220,1,1,70.05,0.5,69.8,60,,,,,,,,,,,,,,,,,,,70.3,100,,,,,,,,,,,,,,,,,,
2026-06-30T22:01:18.984734+00:00,2026-06-30T22:01:18.975271,2,1,70.05,0.5,69.8,60,69.7,150,,,,,,,,,,,,,,,,,70.3,100,,,,,,,,,,,,,,,,,,
2026-06-30T22:01:19.036010+00:00,2026-06-30T22:01:19.028470,2,2,70.0,0.4,69.8,60,69.7,150,,,,,,,,,,,,,,,,,70.2,150,70.3,100,,,,,,,,,,,,,,,,
2026-06-30T22:01:19.128743+00:00,2026-06-30T22:01:19.127259,2,2,70.0,0.4,69.8,60,69.7,150,,,,,,,,,,,,,,,,,70.2,100,70.3,100,,,,,,,,,,,,,,,,
2026-06-30T22:01:19.534630+00:00,2026-06-30T22:01:19.527303,2,2,70.0,0.4,69.8,60,69.7,150,,,,,,,,,,,,,,,,,70.2,52,70.3,100,,,,,,,,,,,,,,,,
2026-06-30T22:01:19.844329+00:00,2026-06-30T22:01:19.838986,2,3,69.95,0.3,69.8,60,69.7,150,,,,,,,,,,,,,,,,,70.1,10,70.2,52,70.3,100,,,,,,,,,,,,,,
2026-06-30T22:01:19.854765+00:00,2026-06-30T22:01:19.848013,1,2,69.9,0.4,69.7,150,,,,,,,,,,,,,,,,,,,70.1,10,70.2,52,,,,,,,,,,,,,,,,
2026-06-30T22:01:19.906401+00:00,2026-06-30T22:01:19.900915,2,2,69.9,0.4,69.7,150,69.5,100,,,,,,,,,,,,,,,,,70.1,10,70.2,52,,,,,,,,,,,,,,,,
2026-06-30T22:01:19.957552+00:00,2026-06-30T22:01:19.954370,2,3,69.85,0.3,69.7,150,69.5,100,,,,,,,,,,,,,,,,,70.0,100,70.1,10,70.2,52,,,,,,,,,,,,,,
2026-06-30T22:01:20.132253+00:00,2026-06-30T22:01:20.124436,2,3,69.85,0.3,69.7,108,69.5,100,,,,,,,,,,,,,,,,,70.0,100,70.1,10,70.2,52,,,,,,,,,,,,,,
2026-06-30T22:01:20.347783+00:00,2026-06-30T22:01:20.342742,2,2,69.85,0.3,69.7,108,69.5,100,,,,,,,,,,,,,,,,,70.0,100,70.2,52,,,,,,,,,,,,,,,,
2026-06-30T22:01:21.238290+00:00,2026-06-30T22:01:21.233666,2,2,69.85,0.3,69.7,108,69.5,100,,,,,,,,,,,,,,,,,70.0,50,70.2,52,,,,,,,,,,,,,,,,
2026-06-30T22:01:22.092712+00:00,2026-06-30T22:01:22.085376,1,1,69.75,0.5,69.5,100,,,,,,,,,,,,,,,,,,,70.0,50,,,,,,,,,,,,,,,,,,
2026-06-30T22:01:22.144188+00:00,2026-06-30T22:01:22.140286,2,0,,,70.0,100,69.5,100,,,,,,,,,,,,,,,,,,,,,,,,,,,,,,,,,,,,
2026-06-30T22:01:22.195694+00:00,2026-06-30T22:01:22.193765,2,1,70.25,0.5,70.0,100,69.5,100,,,,,,,,,,,,,,,,,70.5,150,,,,,,,,,,,,,,,,,,
2026-06-30T22:01:22.783724+00:00,2026-06-30T22:01:22.780109,2,1,70.25,0.5,70.0,100,69.5,100,,,,,,,,,,,,,,,,,70.5,103,,,,,,,,,,,,,,,,,,
2026-06-30T22:01:23.010918+00:00,2026-06-30T22:01:23.008779,1,1,70.25,0.5,70.0,100,,,,,,,,,,,,,,,,,,,70.5,103,,,,,,,,,,,,,,,,,,
2026-06-30T22:01:23.081642+00:00,2026-06-30T22:01:23.080776,2,1,70.35,0.3,70.2,89,70.0,100,,,,,,,,,,,,,,,,,70.5,103,,,,,,,,,,,,,,,,,,
2026-06-30T22:01:23.143483+00:00,2026-06-30T22:01:23.139475,2,2,70.35,0.3,70.2,89,70.0,100,,,,,,,,,,,,,,,,,70.5,103,70.6,100,,,,,,,,,,,,,,,,
2026-06-30T22:01:23.369018+00:00,2026-06-30T22:01:23.363018,2,2,70.35,0.3,70.2,89,70.0,100,,,,,,,,,,,,,,,,,70.5,113,70.6,100,,,,,,,,,,,,,,,,
2026-06-30T22:01:23.399933+00:00,2026-06-30T22:01:23.393199,2,2,70.35,0.3,70.2,39,70.0,100,,,,,,,,,,,,,,,,,70.5,113,70.6,100,,,,,,,,,,,,,,,,
2026-06-30T22:01:23.874734+00:00,2026-06-30T22:01:23.871456,2,2,70.35,0.3,70.2,39,70.0,100,,,,,,,,,,,,,,,,,70.5,113,70.6,100,,,,,,,,,,,,,,,,
2026-06-30T22:01:24.378122+00:00,2026-06-30T22:01:24.377354,2,2,70.35,0.3,70.2,39,70.0,100,,,,,,,,,,,,,,,,,70.5,103,70.6,100,,,,,,,,,,,,,,,,
2026-06-30T22:01:24.388541+00:00,2026-06-30T22:01:24.381256,2,2,70.35,0.3,70.2,39,70.0,100,,,,,,,,,,,,,,,,,70.5,113,70.6,100,,,,,,,,,,,,,,,,
2026-06-30T22:01:24.801947+00:00,2026-06-30T22:01:24.800548,2,2,70.35,0.3,70.2,27,70.0,100,,,,,,,,,,,,,,,,,70.5,113,70.6,100,,,,,,,,,,,,,,,,
2026-06-30T22:01:24.894120+00:00,2026-06-30T22:01:24.888954,2,2,70.35,0.3,70.2,27,70.0,100,,,,,,,,,,,,,,,,,70.5,113,70.6,100,,,,,,,,,,,,,,,,
2026-06-30T22:01:25.141055+00:00,2026-06-30T22:01:25.137134,1,2,70.25,0.5,70.0,79,,,,,,,,,,,,,,,,,,,70.5,113,70.6,100,,,,,,,,,,,,,,,,
2026-06-30T22:01:25.254176+00:00,2026-06-30T22:01:25.248781,0,2,,,,,,,,,,,,,,,,,,,,,,,70.5,10,70.6,100,,,,,,,,,,,,,,,,
2026-06-30T22:01:25.305428+00:00,2026-06-30T22:01:25.301536,1,2,70.2,0.6,69.9,150,,,,,,,,,,,,,,,,,,,70.5,10,70.6,100,,,,,,,,,,,,,,,,
2026-06-30T22:01:25.357081+00:00,2026-06-30T22:01:25.354027,1,3,70.15,0.5,69.9,150,,,,,,,,,,,,,,,,,,,70.4,150,70.5,10,70.6,100,,,,,,,,,,,,,,
2026-06-30T22:01:25.398453+00:00,2026-06-30T22:01:25.394678,1,2,70.15,0.5,69.9,150,,,,,,,,,,,,,,,,,,,70.4,150,70.6,100,,,,,,,,,,,,,,,,
2026-06-30T22:01:25.501889+00:00,2026-06-30T22:01:25.499503,1,2,70.15,0.5,69.9,100,,,,,,,,,,,,,,,,,,,70.4,150,70.6,100,,,,,,,,,,,,,,,,
2026-06-30T22:01:26.192442+00:00,2026-06-30T22:01:26.192111,1,1,70.15,0.5,69.9,100,,,,,,,,,,,,,,,,,,,70.4,150,,,,,,,,,,,,,,,,,,
2026-06-30T22:01:26.254130+00:00,2026-06-30T22:01:26.244182,2,1,70.15,0.5,69.9,100,69.8,100,,,,,,,,,,,,,,,,,70.4,150,,,,,,,,,,,,,,,,,,
2026-06-30T22:01:26.305996+00:00,2026-06-30T22:01:26.296540,2,2,70.1,0.4,69.9,100,69.8,100,,,,,,,,,,,,,,,,,70.3,100,70.4,150,,,,,,,,,,,,,,,,
2026-06-30T22:01:27.419749+00:00,2026-06-30T22:01:27.410641,2,3,70.05,0.3,69.9,100,69.8,100,,,,,,,,,,,,,,,,,70.2,10,70.3,100,70.4,150,,,,,,,,,,,,,,
2026-06-30T22:01:27.921926+00:00,2026-06-30T22:01:27.917913,2,3,70.05,0.3,69.9,100,69.8,100,,,,,,,,,,,,,,,,,70.2,10,70.3,100,70.4,150,,,,,,,,,,,,,,
2026-06-30T22:01:28.076336+00:00,2026-06-30T22:01:28.067282,2,2,70.1,0.4,69.9,100,69.8,100,,,,,,,,,,,,,,,,,70.3,67,70.4,150,,,,,,,,,,,,,,,,
2026-06-30T22:01:28.414710+00:00,2026-06-30T22:01:28.410757,1,1,70.05,0.5,69.8,100,,,,,,,,,,,,,,,,,,,70.3,67,,,,,,,,,,,,,,,,,,
2026-06-30T22:01:28.466404+00:00,2026-06-30T22:01:28.464095,2,1,70.05,0.5,69.8,100,69.6,150,,,,,,,,,,,,,,,,,70.3,67,,,,,,,,,,,,,,,,,,
2026-06-30T22:01:28.518186+00:00,2026-06-30T22:01:28.516366,2,2,69.95,0.3,69.8,100,69.6,150,,,,,,,,,,,,,,,,,70.1,150,70.3,67,,,,,,,,,,,,,,,,
2026-06-30T22:01:28.642253+00:00,2026-06-30T22:01:28.635746,2,2,69.95,0.3,69.8,100,69.6,150,,,,,,,,,,,,,,,,,70.1,106,70.3,67,,,,,,,,,,,,,,,,
2026-06-30T22:01:29.357183+00:00,2026-06-30T22:01:29.351397,1,1,69.85,0.5,69.6,150,,,,,,,,,,,,,,,,,,,70.1,106,,,,,,,,,,,,,,,,,,
2026-06-30T22:01:29.408587+00:00,2026-06-30T22:01:29.404184,2,1,70.0,0.2,69.9,100,69.6,150,,,,,,,,,,,,,,,,,70.1,106,,,,,,,,,,,,,,,,,,
2026-06-30T22:01:29.459920+00:00,2026-06-30T22:01:29.457181,2,2,70.0,0.2,69.9,100,69.6,150,,,,,,,,,,,,,,,,,70.1,106,70.4,100,,,,,,,,,,,,,,,,
2026-06-30T22:01:29.624565+00:00,2026-06-30T22:01:29.621761,2,2,70.0,0.2,69.9,57,69.6,150,,,,,,,,,,,,,,,,,70.1,106,70.4,100,,,,,,,,,,,,,,,,
2026-06-30T22:01:29.665643+00:00,2026-06-30T22:01:29.659377,2,2,70.0,0.2,69.9,57,69.6,150,,,,,,,,,,,,,,,,,70.1,56,70.4,100,,,,,,,,,,,,,,,,
2026-06-30T22:01:31.342891+00:00,2026-06-30T22:01:31.341921,2,2,70.0,0.2,69.9,57,69.6,150,,,,,,,,,,,,,,,,,70.1,44,70.4,100,,,,,,,,,,,,,,,,
2026-06-30T22:01:31.456188+00:00,2026-06-30T22:01:31.453499,2,2,70.0,0.2,69.9,8,69.6,150,,,,,,,,,,,,,,,,,70.1,44,70.4,100,,,,,,,,,,,,,,,,
2026-06-30T22:01:31.569961+00:00,2026-06-30T22:01:31.569769,2,1,70.15,0.5,69.9,8,69.6,150,,,,,,,,,,,,,,,,,70.4,100,,,,,,,,,,,,,,,,,,
2026-06-30T22:01:31.580466+00:00,2026-06-30T22:01:31.571420,1,1,70.15,0.5,69.9,8,,,,,,,,,,,,,,,,,,,70.4,100,,,,,,,,,,,,,,,,,,
2026-06-30T22:01:31.642364+00:00,2026-06-30T22:01:31.639119,2,1,70.3,0.2,70.2,150,69.9,8,,,,,,,,,,,,,,,,,70.4,100,,,,,,,,,,,,,,,,,,
2026-06-30T22:01:31.693877+00:00,2026-06-30T22:01:31.689234,2,2,70.3,0.2,70.2,150,69.9,8,,,,,,,,,,,,,,,,,70.4,100,70.7,150,,,,,,,,,,,,,,,,
2026-06-30T22:01:31.775863+00:00,2026-06-30T22:01:31.767850,2,2,70.3,0.2,70.2,150,69.9,8,,,,,,,,,,,,,,,,,70.4,50,70.7,150,,,,,,,,,,,,,,,,
2026-06-30T22:01:31.929373+00:00,2026-06-30T22:01:31.926600,2,2,70.3,0.2,70.2,150,69.9,8,,,,,,,,,,,,,,,,,70.4,7,70.7,150,,,,,,,,,,,,,,,,
2026-06-30T22:01:31.949854+00:00,2026-06-30T22:01:31.947894,2,2,70.3,0.2,70.2,150,69.9,8,,,,,,,,,,,,,,,,,70.4,17,70.7,150,,,,,,,,,,,,,,,,
2026-06-30T22:01:32.461436+00:00,2026-06-30T22:01:32.456563,2,2,70.3,0.2,70.2,150,69.9,8,,,,,,,,,,,,,,,,,70.4,17,70.7,150,,,,,,,,,,,,,,,,
2026-06-30T22:01:32.512750+00:00,2026-06-30T22:01:32.512584,1,2,70.3,0.2,70.2,150,,,,,,,,,,,,,,,,,,,70.4,10,70.7,150,,,,,,,,,,,,,,,,
2026-06-30T22:01:32.574392+00:00,2026-06-30T22:01:32.564606,2,2,70.3,0.2,70.2,150,70.0,100,,,,,,,,,,,,,,,,,70.4,10,70.7,150,,,,,,,,,,,,,,,,
2026-06-30T22:01:32.626312+00:00,2026-06-30T22:01:32.618612,2,3,70.3,0.2,70.2,150,70.0,100,,,,,,,,,,,,,,,,,70.4,10,70.5,100,70.7,150,,,,,,,,,,,,,,
2026-06-30T22:01:32.646570+00:00,2026-06-30T22:01:32.645638,2,3,70.3,0.2,70.2,138,70.0,100,,,,,,,,,,,,,,,,,70.4,10,70.5,100,70.7,150,,,,,,,,,,,,,,
2026-06-30T22:01:32.965835+00:00,2026-06-30T22:01:32.964422,2,2,70.35,0.3,70.2,138,70.0,100,,,,,,,,,,,,,,,,,70.5,110,70.7,150,,,,,,,,,,,,,,,,
2026-06-30T22:01:33.479481+00:00,2026-06-30T22:01:33.473966,2,2,70.35,0.3,70.2,138,70.0,100,,,,,,,,,,,,,,,,,70.5,110,70.7,150,,,,,,,,,,,,,,,,
2026-06-30T22:01:33.552090+00:00,2026-06-30T22:01:33.543995,2,2,70.35,0.3,70.2,138,70.0,100,,,,,,,,,,,,,,,,,70.5,67,70.7,150,,,,,,,,,,,,,,,,
2026-06-30T22:01:33.880918+00:00,2026-06-30T22:01:33.877171,2,2,70.35,0.3,70.2,138,70.0,100,,,,,,,,,,,,,,,,,70.5,17,70.7,150,,,,,,,,,,,,,,,,
2026-06-30T22:01:33.983475+00:00,2026-06-30T22:01:33.977895,2,2,70.35,0.3,70.2,138,70.0,100,,,,,,,,,,,,,,,,,70.5,7,70.7,150,,,,,,,,,,,,,,,,
2026-06-30T22:01:34.748342+00:00,2026-06-30T22:01:34.744642,1,1,70.25,0.5,70.0,100,,,,,,,,,,,,,,,,,,,70.5,7,,,,,,,,,,,,,,,,,,
2026-06-30T22:01:34.799843+00:00,2026-06-30T22:01:34.797283,2,1,70.35,0.3,70.2,150,70.0,100,,,,,,,,,,,,,,,,,70.5,7,,,,,,,,,,,,,,,,,,
2026-06-30T22:01:34.861547+00:00,2026-06-30T22:01:34.852428,2,2,70.35,0.3,70.2,150,70.0,100,,,,,,,,,,,,,,,,,70.5,7,70.7,150,,,,,,,,,,,,,,,,
2026-06-30T22:01:35.500335+00:00,2026-06-30T22:01:35.491204,2,2,70.35,0.3,70.2,150,70.0,100,,,,,,,,,,,,,,,,,70.5,17,70.7,150,,,,,,,,,,,,,,,,
2026-06-30T22:01:35.614084+00:00,2026-06-30T22:01:35.607665,2,2,70.35,0.3,70.2,108,70.0,100,,,,,,,,,,,,,,,,,70.5,17,70.7,150,,,,,,,,,,,,,,,,
2026-06-30T22:01:35.675692+00:00,2026-06-30T22:01:35.673479,1,2,70.35,0.3,70.2,108,,,,,,,,,,,,,,,,,,,70.5,10,70.7,150,,,,,,,,,,,,,,,,
2026-06-30T22:01:35.727614+00:00,2026-06-30T22:01:35.726429,1,2,70.35,0.3,70.2,208,,,,,,,,,,,,,,,,,,,70.5,10,70.7,150,,,,,,,,,,,,,,,,
2026-06-30T22:01:35.779185+00:00,2026-06-30T22:01:35.778901,1,2,70.35,0.3,70.2,208,,,,,,,,,,,,,,,,,,,70.5,10,70.7,250,,,,,,,,,,,,,,,,
2026-06-30T22:01:35.995127+00:00,2026-06-30T22:01:35.986373,1,1,70.45,0.5,70.2,208,,,,,,,,,,,,,,,,,,,70.7,210,,,,,,,,,,,,,,,,,,
2026-06-30T22:01:36.005450+00:00,2026-06-30T22:01:35.996653,1,2,70.4,0.4,70.2,208,,,,,,,,,,,,,,,,,,,70.6,10,70.7,210,,,,,,,,,,,,,,,,
2026-06-30T22:01:36.508109+00:00,2026-06-30T22:01:36.506497,1,1,70.45,0.5,70.2,208,,,,,,,,,,,,,,,,,,,70.7,210,,,,,,,,,,,,,,,,,,
2026-06-30T22:01:36.518544+00:00,2026-06-30T22:01:36.510065,1,2,70.4,0.4,70.2,208,,,,,,,,,,,,,,,,,,,70.6,10,70.7,210,,,,,,,,,,,,,,,,
2026-06-30T22:01:37.022250+00:00,2026-06-30T22:01:37.013852,1,1,70.45,0.5,70.2,208,,,,,,,,,,,,,,,,,,,70.7,210,,,,,,,,,,,,,,,,,,
2026-06-30T22:01:37.909963+00:00,2026-06-30T22:01:37.908963,1,1,70.45,0.5,70.2,100,,,,,,,,,,,,,,,,,,,70.7,100,,,,,,,,,,,,,,,,,,
2026-06-30T22:01:37.961398+00:00,2026-06-30T22:01:37.960905,2,1,70.55,0.3,70.4,150,70.2,100,,,,,,,,,,,,,,,,,70.7,100,,,,,,,,,,,,,,,,,,
2026-06-30T22:01:38.023067+00:00,2026-06-30T22:01:38.014073,2,2,70.55,0.3,70.4,150,70.2,100,,,,,,,,,,,,,,,,,70.7,100,70.9,150,,,,,,,,,,,,,,,,
2026-06-30T22:01:38.033408+00:00,2026-06-30T22:01:38.024226,2,2,70.55,0.3,70.4,150,70.2,100,,,,,,,,,,,,,,,,,70.7,110,70.9,150,,,,,,,,,,,,,,,,
2026-06-30T22:01:38.094793+00:00,2026-06-30T22:01:38.092151,2,2,70.55,0.3,70.4,150,70.2,100,,,,,,,,,,,,,,,,,70.7,60,70.9,150,,,,,,,,,,,,,,,,
2026-06-30T22:01:38.537969+00:00,2026-06-30T22:01:38.531446,2,2,70.55,0.3,70.4,150,70.2,100,,,,,,,,,,,,,,,,,70.7,60,70.9,150,,,,,,,,,,,,,,,,
2026-06-30T22:01:38.835052+00:00,2026-06-30T22:01:38.834079,1,2,70.55,0.3,70.4,150,,,,,,,,,,,,,,,,,,,70.7,10,70.9,150,,,,,,,,,,,,,,,,
2026-06-30T22:01:38.928470+00:00,2026-06-30T22:01:38.927498,2,2,70.65,0.1,70.6,89,70.4,150,,,,,,,,,,,,,,,,,70.7,10,70.9,150,,,,,,,,,,,,,,,,
2026-06-30T22:01:38.959629+00:00,2026-06-30T22:01:38.953375,2,3,70.65,0.1,70.6,89,70.4,150,,,,,,,,,,,,,,,,,70.7,10,70.9,150,71.1,100,,,,,,,,,,,,,,
2026-06-30T22:01:39.042204+00:00,2026-06-30T22:01:39.038235,2,2,70.75,0.3,70.6,89,70.4,150,,,,,,,,,,,,,,,,,70.9,160,71.1,100,,,,,,,,,,,,,,,,
2026-06-30T22:01:39.197860+00:00,2026-06-30T22:01:39.196735,2,2,70.75,0.3,70.6,66,70.4,150,,,,,,,,,,,,,,,,,70.9,160,71.1,100,,,,,,,,,,,,,,,,
2026-06-30T22:01:39.547478+00:00,2026-06-30T22:01:39.545669,2,2,70.75,0.3,70.6,66,70.4,150,,,,,,,,,,,,,,,,,70.9,160,71.1,100,,,,,,,,,,,,,,,,
2026-06-30T22:01:40.060628+00:00,2026-06-30T22:01:40.053718,2,2,70.75,0.3,70.6,66,70.4,150,,,,,,,,,,,,,,,,,70.9,160,71.1,100,,,,,,,,,,,,,,,,
2026-06-30T22:01:40.205161+00:00,2026-06-30T22:01:40.198829,2,2,70.75,0.3,70.6,66,70.4,150,,,,,,,,,,,,,,,,,70.9,110,71.1,100,,,,,,,,,,,,,,,,
2026-06-30T22:01:40.567056+00:00,2026-06-30T22:01:40.560868,2,2,70.75,0.3,70.6,66,70.4,150,,,,,,,,,,,,,,,,,70.9,110,71.1,100,,,,,,,,,,,,,,,,
2026-06-30T22:01:41.071227+00:00,2026-06-30T22:01:41.069448,1,1,70.85,0.5,70.6,66,,,,,,,,,,,,,,,,,,,71.1,100,,,,,,,,,,,,,,,,,,
2026-06-30T22:01:41.081523+00:00,2026-06-30T22:01:41.072870,1,2,70.75,0.3,70.6,66,,,,,,,,,,,,,,,,,,,70.9,10,71.1,100,,,,,,,,,,,,,,,,
2026-06-30T22:01:41.122681+00:00,2026-06-30T22:01:41.122152,2,2,70.75,0.3,70.6,66,70.4,150,,,,,,,,,,,,,,,,,70.9,10,71.1,100,,,,,,,,,,,,,,,,
2026-06-30T22:01:41.184482+00:00,2026-06-30T22:01:41.174427,2,2,70.75,0.3,70.6,66,70.4,150,,,,,,,,,,,,,,,,,70.9,160,71.1,100,,,,,,,,,,,,,,,,
2026-06-30T22:01:41.586039+00:00,2026-06-30T22:01:41.581604,2,2,70.75,0.3,70.6,66,70.4,150,,,,,,,,,,,,,,,,,70.9,160,71.1,100,,,,,,,,,,,,,,,,
2026-06-30T22:01:42.007264+00:00,2026-06-30T22:01:42.006996,2,1,70.75,0.3,70.6,66,70.4,150,,,,,,,,,,,,,,,,,70.9,160,,,,,,,,,,,,,,,,,,
2026-06-30T22:01:42.017551+00:00,2026-06-30T22:01:42.009076,1,1,70.65,0.5,70.4,150,,,,,,,,,,,,,,,,,,,70.9,160,,,,,,,,,,,,,,,,,,
2026-06-30T22:01:42.068582+00:00,2026-06-30T22:01:42.061723,1,1,70.65,0.5,70.4,250,,,,,,,,,,,,,,,,,,,70.9,160,,,,,,,,,,,,,,,,,,
2026-06-30T22:01:42.089138+00:00,2026-06-30T22:01:42.085969,1,1,70.65,0.5,70.4,250,,,,,,,,,,,,,,,,,,,70.9,150,,,,,,,,,,,,,,,,,,
2026-06-30T22:01:42.099423+00:00,2026-06-30T22:01:42.089516,1,2,70.6,0.4,70.4,250,,,,,,,,,,,,,,,,,,,70.8,10,70.9,150,,,,,,,,,,,,,,,,
2026-06-30T22:01:42.119964+00:00,2026-06-30T22:01:42.114693,1,2,70.6,0.4,70.4,250,,,,,,,,,,,,,,,,,,,70.8,10,70.9,250,,,,,,,,,,,,,,,,
2026-06-30T22:01:42.313886+00:00,2026-06-30T22:01:42.305359,1,1,70.65,0.5,70.4,250,,,,,,,,,,,,,,,,,,,70.9,250,,,,,,,,,,,,,,,,,,
2026-06-30T22:01:42.601623+00:00,2026-06-30T22:01:42.596441,1,2,70.6,0.4,70.4,250,,,,,,,,,,,,,,,,,,,70.8,10,70.9,250,,,,,,,,,,,,,,,,
2026-06-30T22:01:43.115334+00:00,2026-06-30T22:01:43.112974,1,2,70.6,0.4,70.4,250,,,,,,,,,,,,,,,,,,,70.8,10,70.9,250,,,,,,,,,,,,,,,,
2026-06-30T22:01:43.300749+00:00,2026-06-30T22:01:43.296083,1,2,70.6,0.4,70.4,208,,,,,,,,,,,,,,,,,,,70.8,10,70.9,250,,,,,,,,,,,,,,,,
2026-06-30T22:01:43.618568+00:00,2026-06-30T22:01:43.618108,1,1,70.65,0.5,70.4,208,,,,,,,,,,,,,,,,,,,70.9,250,,,,,,,,,,,,,,,,,,
2026-06-30T22:01:43.628848+00:00,2026-06-30T22:01:43.622142,1,2,70.6,0.4,70.4,208,,,,,,,,,,,,,,,,,,,70.8,10,70.9,250,,,,,,,,,,,,,,,,
2026-06-30T22:01:43.897512+00:00,2026-06-30T22:01:43.896721,1,1,70.65,0.5,70.4,208,,,,,,,,,,,,,,,,,,,70.9,214,,,,,,,,,,,,,,,,,,
2026-06-30T22:01:44.143796+00:00,2026-06-30T22:01:44.135032,1,2,70.6,0.4,70.4,208,,,,,,,,,,,,,,,,,,,70.8,10,70.9,214,,,,,,,,,,,,,,,,
2026-06-30T22:01:44.228059+00:00,2026-06-30T22:01:44.227965,1,2,70.6,0.4,70.4,208,,,,,,,,,,,,,,,,,,,70.8,10,70.9,100,,,,,,,,,,,,,,,,
2026-06-30T22:01:44.238448+00:00,2026-06-30T22:01:44.229095,1,2,70.6,0.4,70.4,100,,,,,,,,,,,,,,,,,,,70.8,10,70.9,100,,,,,,,,,,,,,,,,
2026-06-30T22:01:44.289867+00:00,2026-06-30T22:01:44.281553,2,2,70.6,0.4,70.4,100,70.2,150,,,,,,,,,,,,,,,,,70.8,10,70.9,100,,,,,,,,,,,,,,,,
2026-06-30T22:01:44.362504+00:00,2026-06-30T22:01:44.352529,2,3,70.55,0.3,70.4,100,70.2,150,,,,,,,,,,,,,,,,,70.7,150,70.8,10,70.9,100,,,,,,,,,,,,,,
2026-06-30T22:01:44.414033+00:00,2026-06-30T22:01:44.412090,2,3,70.55,0.3,70.4,100,70.2,150,,,,,,,,,,,,,,,,,70.7,100,70.8,10,70.9,100,,,,,,,,,,,,,,
2026-06-30T22:01:44.650679+00:00,2026-06-30T22:01:44.646115,2,2,70.55,0.3,70.4,100,70.2,150,,,,,,,,,,,,,,,,,70.7,110,70.9,100,,,,,,,,,,,,,,,,
2026-06-30T22:01:44.969271+00:00,2026-06-30T22:01:44.966584,2,2,70.55,0.3,70.4,57,70.2,150,,,,,,,,,,,,,,,,,70.7,110,70.9,100,,,,,,,,,,,,,,,,
2026-06-30T22:01:45.154425+00:00,2026-06-30T22:01:45.153163,2,2,70.55,0.3,70.4,57,70.2,150,,,,,,,,,,,,,,,,,70.7,110,70.9,100,,,,,,,,,,,,,,,,
2026-06-30T22:01:45.175012+00:00,2026-06-30T22:01:45.170655,1,1,70.45,0.5,70.2,150,,,,,,,,,,,,,,,,,,,70.7,110,,,,,,,,,,,,,,,,,,
2026-06-30T22:01:45.226262+00:00,2026-06-30T22:01:45.222954,2,1,70.5,0.4,70.3,100,70.2,150,,,,,,,,,,,,,,,,,70.7,110,,,,,,,,,,,,,,,,,,
2026-06-30T22:01:45.277854+00:00,2026-06-30T22:01:45.276505,2,2,70.5,0.4,70.3,100,70.2,150,,,,,,,,,,,,,,,,,70.7,110,70.8,100,,,,,,,,,,,,,,,,
2026-06-30T22:01:45.658161+00:00,2026-06-30T22:01:45.657433,2,2,70.5,0.4,70.3,100,70.2,150,,,,,,,,,,,,,,,,,70.7,100,70.8,100,,,,,,,,,,,,,,,,
2026-06-30T22:01:46.520973+00:00,2026-06-30T22:01:46.519269,2,2,70.5,0.4,70.3,100,70.2,150,,,,,,,,,,,,,,,,,70.7,50,70.8,100,,,,,,,,,,,,,,,,
2026-06-30T22:01:47.418418+00:00,2026-06-30T22:01:47.413908,1,1,70.55,0.5,70.3,100,,,,,,,,,,,,,,,,,,,70.8,100,,,,,,,,,,,,,,,,,,
2026-06-30T22:01:47.470084+00:00,2026-06-30T22:01:47.469783,2,0,,,70.8,50,70.3,100,,,,,,,,,,,,,,,,,,,,,,,,,,,,,,,,,,,,
2026-06-30T22:01:47.541368+00:00,2026-06-30T22:01:47.540334,2,1,71.05,0.5,70.8,39,70.3,100,,,,,,,,,,,,,,,,,71.3,150,,,,,,,,,,,,,,,,,,
2026-06-30T22:01:47.675412+00:00,2026-06-30T22:01:47.672306,2,2,71.0,0.4,70.8,39,70.3,100,,,,,,,,,,,,,,,,,71.2,10,71.3,150,,,,,,,,,,,,,,,,
2026-06-30T22:01:48.187045+00:00,2026-06-30T22:01:48.183184,2,2,71.0,0.4,70.8,39,70.3,100,,,,,,,,,,,,,,,,,71.2,10,71.3,150,,,,,,,,,,,,,,,,
2026-06-30T22:01:48.330597+00:00,2026-06-30T22:01:48.330029,1,2,71.0,0.4,70.8,39,,,,,,,,,,,,,,,,,,,71.2,10,71.3,150,,,,,,,,,,,,,,,,
2026-06-30T22:01:48.392232+00:00,2026-06-30T22:01:48.384144,2,2,71.0,0.4,70.8,39,70.5,100,,,,,,,,,,,,,,,,,71.2,10,71.3,150,,,,,,,,,,,,,,,,
2026-06-30T22:01:48.443602+00:00,2026-06-30T22:01:48.437206,2,3,70.9,0.2,70.8,39,70.5,100,,,,,,,,,,,,,,,,,71.0,100,71.2,10,71.3,150,,,,,,,,,,,,,,
2026-06-30T22:01:48.628919+00:00,2026-06-30T22:01:48.627308,2,3,70.9,0.2,70.8,39,70.5,100,,,,,,,,,,,,,,,,,71.0,50,71.2,10,71.3,150,,,,,,,,,,,,,,
2026-06-30T22:01:48.690655+00:00,2026-06-30T22:01:48.690110,2,2,70.9,0.2,70.8,39,70.5,100,,,,,,,,,,,,,,,,,71.0,60,71.3,150,,,,,,,,,,,,,,,,
2026-06-30T22:01:49.089496+00:00,2026-06-30T22:01:49.089188,1,2,70.75,0.5,70.5,91,,,,,,,,,,,,,,,,,,,71.0,60,71.3,150,,,,,,,,,,,,,,,,
2026-06-30T22:01:49.203101+00:00,2026-06-30T22:01:49.201395,1,2,70.75,0.5,70.5,91,,,,,,,,,,,,,,,,,,,71.0,50,71.3,150,,,,,,,,,,,,,,,,
2026-06-30T22:01:49.213507+00:00,2026-06-30T22:01:49.205975,1,3,70.7,0.4,70.5,91,,,,,,,,,,,,,,,,,,,70.9,10,71.0,50,71.3,150,,,,,,,,,,,,,,
2026-06-30T22:01:49.715727+00:00,2026-06-30T22:01:49.714573,1,3,70.7,0.4,70.5,91,,,,,,,,,,,,,,,,,,,70.9,10,71.0,50,71.3,150,,,,,,,,,,,,,,
2026-06-30T22:01:50.228388+00:00,2026-06-30T22:01:50.222126,1,3,70.7,0.4,70.5,91,,,,,,,,,,,,,,,,,,,70.9,10,71.0,50,71.3,150,,,,,,,,,,,,,,
2026-06-30T22:01:50.515115+00:00,2026-06-30T22:01:50.507553,1,2,70.75,0.5,70.5,91,,,,,,,,,,,,,,,,,,,71.0,19,71.3,150,,,,,,,,,,,,,,,,
2026-06-30T22:01:50.586637+00:00,2026-06-30T22:01:50.580601,1,1,70.75,0.5,70.5,91,,,,,,,,,,,,,,,,,,,71.0,19,,,,,,,,,,,,,,,,,,
2026-06-30T22:01:50.637703+00:00,2026-06-30T22:01:50.634131,2,1,70.75,0.5,70.5,91,70.1,150,,,,,,,,,,,,,,,,,71.0,19,,,,,,,,,,,,,,,,,,
2026-06-30T22:01:50.688739+00:00,2026-06-30T22:01:50.686959,2,2,70.55,0.1,70.5,91,70.1,150,,,,,,,,,,,,,,,,,70.6,150,71.0,19,,,,,,,,,,,,,,,,
2026-06-30T22:01:50.730042+00:00,2026-06-30T22:01:50.727957,2,2,70.55,0.1,70.5,91,70.1,150,,,,,,,,,,,,,,,,,70.6,160,71.0,19,,,,,,,,,,,,,,,,
2026-06-30T22:01:50.792128+00:00,2026-06-30T22:01:50.787239,2,2,70.55,0.1,70.5,41,70.1,150,,,,,,,,,,,,,,,,,70.6,160,71.0,19,,,,,,,,,,,,,,,,
2026-06-30T22:01:51.244930+00:00,2026-06-30T22:01:51.240081,2,2,70.55,0.1,70.5,41,70.1,150,,,,,,,,,,,,,,,,,70.6,160,71.0,19,,,,,,,,,,,,,,,,
2026-06-30T22:01:51.492161+00:00,2026-06-30T22:01:51.490367,2,1,70.55,0.1,70.5,41,70.1,150,,,,,,,,,,,,,,,,,70.6,160,,,,,,,,,,,,,,,,,,
2026-06-30T22:01:51.502469+00:00,2026-06-30T22:01:51.492413,1,1,70.35,0.5,70.1,150,,,,,,,,,,,,,,,,,,,70.6,160,,,,,,,,,,,,,,,,,,
2026-06-30T22:01:51.553814+00:00,2026-06-30T22:01:51.544762,2,1,70.55,0.1,70.5,100,70.1,150,,,,,,,,,,,,,,,,,70.6,160,,,,,,,,,,,,,,,,,,
2026-06-30T22:01:51.625990+00:00,2026-06-30T22:01:51.620621,2,2,70.55,0.1,70.5,100,70.1,150,,,,,,,,,,,,,,,,,70.6,160,71.0,100,,,,,,,,,,,,,,,,
2026-06-30T22:01:51.749214+00:00,2026-06-30T22:01:51.748798,2,2,70.55,0.1,70.5,100,70.1,150,,,,,,,,,,,,,,,,,70.6,160,71.0,100,,,,,,,,,,,,,,,,
2026-06-30T22:01:51.995058+00:00,2026-06-30T22:01:51.989411,2,2,70.55,0.1,70.5,100,70.1,150,,,,,,,,,,,,,,,,,70.6,117,71.0,100,,,,,,,,,,,,,,,,
2026-06-30T22:01:52.276096+00:00,2026-06-30T22:01:52.274130,2,2,70.55,0.1,70.5,100,70.1,150,,,,,,,,,,,,,,,,,70.6,117,71.0,100,,,,,,,,,,,,,,,,
2026-06-30T22:01:52.286577+00:00,2026-06-30T22:01:52.276556,2,2,70.55,0.1,70.5,100,70.1,150,,,,,,,,,,,,,,,,,70.6,106,71.0,100,,,,,,,,,,,,,,,,
2026-06-30T22:01:52.779335+00:00,2026-06-30T22:01:52.777792,2,2,70.55,0.1,70.5,100,70.1,150,,,,,,,,,,,,,,,,,70.6,96,71.0,100,,,,,,,,,,,,,,,,
2026-06-30T22:01:52.789648+00:00,2026-06-30T22:01:52.781040,2,2,70.55,0.1,70.5,100,70.1,150,,,,,,,,,,,,,,,,,70.6,106,71.0,100,,,,,,,,,,,,,,,,
2026-06-30T22:01:52.893213+00:00,2026-06-30T22:01:52.893075,2,2,70.55,0.1,70.5,50,70.1,150,,,,,,,,,,,,,,,,,70.6,106,71.0,100,,,,,,,,,,,,,,,,
2026-06-30T22:01:53.292884+00:00,2026-06-30T22:01:53.288434,2,2,70.55,0.1,70.5,50,70.1,150,,,,,,,,,,,,,,,,,70.6,106,71.0,100,,,,,,,,,,,,,,,,
2026-06-30T22:01:53.601211+00:00,2026-06-30T22:01:53.600214,2,2,70.55,0.1,70.5,50,70.1,150,,,,,,,,,,,,,,,,,70.6,95,71.0,100,,,,,,,,,,,,,,,,
2026-06-30T22:01:53.744853+00:00,2026-06-30T22:01:53.743819,2,2,70.55,0.1,70.5,50,70.1,150,,,,,,,,,,,,,,,,,70.6,10,71.0,100,,,,,,,,,,,,,,,,
2026-06-30T22:01:53.755205+00:00,2026-06-30T22:01:53.745171,1,2,70.55,0.1,70.5,50,,,,,,,,,,,,,,,,,,,70.6,10,71.0,100,,,,,,,,,,,,,,,,
2026-06-30T22:01:53.796481+00:00,2026-06-30T22:01:53.795865,2,1,70.8,0.4,70.6,150,70.5,50,,,,,,,,,,,,,,,,,71.0,100,,,,,,,,,,,,,,,,,,
2026-06-30T22:01:53.806809+00:00,2026-06-30T22:01:53.802525,2,2,70.75,0.3,70.6,160,70.5,50,,,,,,,,,,,,,,,,,70.9,10,71.0,100,,,,,,,,,,,,,,,,
2026-06-30T22:01:53.858073+00:00,2026-06-30T22:01:53.848872,2,3,70.75,0.3,70.6,160,70.5,50,,,,,,,,,,,,,,,,,70.9,10,71.0,100,71.1,150,,,,,,,,,,,,,,
2026-06-30T22:01:54.309850+00:00,2026-06-30T22:01:54.307598,2,2,70.8,0.4,70.6,150,70.5,50,,,,,,,,,,,,,,,,,71.0,100,71.1,150,,,,,,,,,,,,,,,,
2026-06-30T22:01:54.320160+00:00,2026-06-30T22:01:54.310952,2,3,70.75,0.3,70.6,150,70.5,50,,,,,,,,,,,,,,,,,70.9,10,71.0,100,71.1,150,,,,,,,,,,,,,,
2026-06-30T22:01:54.700103+00:00,2026-06-30T22:01:54.699492,1,2,70.75,0.3,70.6,150,,,,,,,,,,,,,,,,,,,70.9,10,71.1,150,,,,,,,,,,,,,,,,
2026-06-30T22:01:54.710445+00:00,2026-06-30T22:01:54.703211,1,2,70.75,0.3,70.6,108,,,,,,,,,,,,,,,,,,,70.9,10,71.1,150,,,,,,,,,,,,,,,,
2026-06-30T22:01:54.761914+00:00,2026-06-30T22:01:54.755563,1,2,70.75,0.3,70.6,208,,,,,,,,,,,,,,,,,,,70.9,10,71.1,150,,,,,,,,,,,,,,,,
2026-06-30T22:01:54.813342+00:00,2026-06-30T22:01:54.809092,1,2,70.75,0.3,70.6,208,,,,,,,,,,,,,,,,,,,70.9,10,71.1,250,,,,,,,,,,,,,,,,
2026-06-30T22:01:54.823625+00:00,2026-06-30T22:01:54.818570,1,2,70.8,0.4,70.6,208,,,,,,,,,,,,,,,,,,,71.0,10,71.1,250,,,,,,,,,,,,,,,,
2026-06-30T22:01:55.007743+00:00,2026-06-30T22:01:55.000018,1,2,70.8,0.4,70.6,158,,,,,,,,,,,,,,,,,,,71.0,10,71.1,250,,,,,,,,,,,,,,,,
2026-06-30T22:01:55.326226+00:00,2026-06-30T22:01:55.325807,1,2,70.8,0.4,70.6,158,,,,,,,,,,,,,,,,,,,71.0,10,71.1,250,,,,,,,,,,,,,,,,
2026-06-30T22:01:55.715451+00:00,2026-06-30T22:01:55.711646,1,1,70.85,0.5,70.6,158,,,,,,,,,,,,,,,,,,,71.1,215,,,,,,,,,,,,,,,,,,
2026-06-30T22:01:55.839099+00:00,2026-06-30T22:01:55.832112,1,2,70.8,0.4,70.6,158,,,,,,,,,,,,,,,,,,,71.0,10,71.1,215,,,,,,,,,,,,,,,,
2026-06-30T22:01:56.351887+00:00,2026-06-30T22:01:56.347087,1,2,70.8,0.4,70.6,158,,,,,,,,,,,,,,,,,,,71.0,10,71.1,215,,,,,,,,,,,,,,,,
2026-06-30T22:01:56.855233+00:00,2026-06-30T22:01:56.854266,1,2,70.8,0.4,70.6,158,,,,,,,,,,,,,,,,,,,71.0,10,71.1,215,,,,,,,,,,,,,,,,
2026-06-30T22:01:56.906647+00:00,2026-06-30T22:01:56.903950,1,2,70.8,0.4,70.6,100,,,,,,,,,,,,,,,,,,,71.0,10,71.1,100,,,,,,,,,,,,,,,,
2026-06-30T22:01:56.958084+00:00,2026-06-30T22:01:56.956624,2,2,70.8,0.4,70.6,100,70.2,150,,,,,,,,,,,,,,,,,71.0,10,71.1,100,,,,,,,,,,,,,,,,
2026-06-30T22:01:57.009681+00:00,2026-06-30T22:01:57.009588,2,3,70.65,0.1,70.6,100,70.2,150,,,,,,,,,,,,,,,,,70.7,150,71.0,10,71.1,100,,,,,,,,,,,,,,
2026-06-30T22:01:57.134256+00:00,2026-06-30T22:01:57.129306,2,3,70.65,0.1,70.6,50,70.2,150,,,,,,,,,,,,,,,,,70.7,150,71.0,10,71.1,100,,,,,,,,,,,,,,
2026-06-30T22:01:57.359557+00:00,2026-06-30T22:01:57.358729,2,2,70.65,0.1,70.6,50,70.2,150,,,,,,,,,,,,,,,,,70.7,150,71.1,100,,,,,,,,,,,,,,,,
2026-06-30T22:01:57.369884+00:00,2026-06-30T22:01:57.363849,2,2,70.65,0.1,70.6,50,70.2,150,,,,,,,,,,,,,,,,,70.7,160,71.1,100,,,,,,,,,,,,,,,,
2026-06-30T22:01:57.791482+00:00,2026-06-30T22:01:57.781553,2,2,70.65,0.1,70.6,2,70.2,150,,,,,,,,,,,,,,,,,70.7,160,71.1,100,,,,,,,,,,,,,,,,
2026-06-30T22:01:57.863190+00:00,2026-06-30T22:01:57.862081,2,1,70.65,0.1,70.6,2,70.2,150,,,,,,,,,,,,,,,,,70.7,160,,,,,,,,,,,,,,,,,,
2026-06-30T22:01:57.873456+00:00,2026-06-30T22:01:57.870478,2,1,70.5,0.4,70.3,10,70.2,150,,,,,,,,,,,,,,,,,70.7,150,,,,,,,,,,,,,,,,,,
2026-06-30T22:01:57.924610+00:00,2026-06-30T22:01:57.915388,2,1,70.5,0.4,70.3,110,70.2,150,,,,,,,,,,,,,,,,,70.7,150,,,,,,,,,,,,,,,,,,
2026-06-30T22:01:57.975760+00:00,2026-06-30T22:01:57.967345,2,2,70.5,0.4,70.3,110,70.2,150,,,,,,,,,,,,,,,,,70.7,150,70.8,100,,,,,,,,,,,,,,,,
2026-06-30T22:01:58.376201+00:00,2026-06-30T22:01:58.373958,2,2,70.5,0.4,70.3,100,70.2,150,,,,,,,,,,,,,,,,,70.7,150,70.8,100,,,,,,,,,,,,,,,,
2026-06-30T22:01:58.386617+00:00,2026-06-30T22:01:58.378065,3,2,70.55,0.3,70.4,10,70.3,100,70.2,150,,,,,,,,,,,,,,,70.7,150,70.8,100,,,,,,,,,,,,,,,,
2026-06-30T22:01:58.891928+00:00,2026-06-30T22:01:58.881891,2,2,70.5,0.4,70.3,100,70.2,150,,,,,,,,,,,,,,,,,70.7,150,70.8,100,,,,,,,,,,,,,,,,
2026-06-30T22:01:59.243210+00:00,2026-06-30T22:01:59.234958,2,2,70.5,0.4,70.3,50,70.2,150,,,,,,,,,,,,,,,,,70.7,150,70.8,100,,,,,,,,,,,,,,,,
2026-06-30T22:01:59.891170+00:00,2026-06-30T22:01:59.890032,3,2,70.55,0.3,70.4,10,70.3,50,70.2,150,,,,,,,,,,,,,,,70.7,150,70.8,100,,,,,,,,,,,,,,,,
2026-06-30T22:02:00.086232+00:00,2026-06-30T22:02:00.083562,2,1,70.6,0.4,70.4,10,70.3,50,,,,,,,,,,,,,,,,,70.8,100,,,,,,,,,,,,,,,,,,
2026-06-30T22:02:00.137768+00:00,2026-06-30T22:02:00.137169,2,1,70.6,0.4,70.4,160,70.3,50,,,,,,,,,,,,,,,,,70.8,100,,,,,,,,,,,,,,,,,,
2026-06-30T22:02:00.199295+00:00,2026-06-30T22:02:00.189370,2,2,70.6,0.4,70.4,160,70.3,50,,,,,,,,,,,,,,,,,70.8,100,70.9,150,,,,,,,,,,,,,,,,
2026-06-30T22:02:00.404612+00:00,2026-06-30T22:02:00.394574,2,2,70.6,0.4,70.4,150,70.3,50,,,,,,,,,,,,,,,,,70.8,100,70.9,150,,,,,,,,,,,,,,,,
2026-06-30T22:02:01.020873+00:00,2026-06-30T22:02:01.020607,2,1,70.65,0.5,70.4,150,70.3,50,,,,,,,,,,,,,,,,,70.9,150,,,,,,,,,,,,,,,,,,
2026-06-30T22:02:01.031155+00:00,2026-06-30T22:02:01.021878,1,1,70.65,0.5,70.4,150,,,,,,,,,,,,,,,,,,,70.9,150,,,,,,,,,,,,,,,,,,
2026-06-30T22:02:01.082559+00:00,2026-06-30T22:02:01.074555,2,1,70.65,0.5,70.4,150,70.0,100,,,,,,,,,,,,,,,,,70.9,150,,,,,,,,,,,,,,,,,,
2026-06-30T22:02:01.144386+00:00,2026-06-30T22:02:01.135165,2,2,70.45,0.1,70.4,150,70.0,100,,,,,,,,,,,,,,,,,70.5,100,70.9,150,,,,,,,,,,,,,,,,
2026-06-30T22:02:01.381089+00:00,2026-06-30T22:02:01.373530,2,2,70.45,0.1,70.4,100,70.0,100,,,,,,,,,,,,,,,,,70.5,100,70.9,150,,,,,,,,,,,,,,,,
2026-06-30T22:02:01.412005+00:00,2026-06-30T22:02:01.402851,2,2,70.45,0.1,70.4,110,70.0,100,,,,,,,,,,,,,,,,,70.5,100,70.9,150,,,,,,,,,,,,,,,,
2026-06-30T22:02:01.453523+00:00,2026-06-30T22:02:01.452059,2,2,70.45,0.1,70.4,110,70.0,100,,,,,,,,,,,,,,,,,70.5,77,70.9,150,,,,,,,,,,,,,,,,
2026-06-30T22:02:01.751416+00:00,2026-06-30T22:02:01.749747,2,2,70.45,0.1,70.4,110,70.0,100,,,,,,,,,,,,,,,,,70.5,35,70.9,150,,,,,,,,,,,,,,,,
2026-06-30T22:02:01.927255+00:00,2026-06-30T22:02:01.921610,2,2,70.45,0.1,70.4,110,70.0,100,,,,,,,,,,,,,,,,,70.5,35,70.9,150,,,,,,,,,,,,,,,,
2026-06-30T22:02:02.429099+00:00,2026-06-30T22:02:02.425715,2,2,70.45,0.1,70.4,100,70.0,100,,,,,,,,,,,,,,,,,70.5,35,70.9,150,,,,,,,,,,,,,,,,
2026-06-30T22:02:02.439460+00:00,2026-06-30T22:02:02.429507,2,2,70.45,0.1,70.4,110,70.0,100,,,,,,,,,,,,,,,,,70.5,35,70.9,150,,,,,,,,,,,,,,,,
2026-06-30T22:02:02.768414+00:00,2026-06-30T22:02:02.767649,2,2,70.45,0.1,70.4,99,70.0,100,,,,,,,,,,,,,,,,,70.5,35,70.9,150,,,,,,,,,,,,,,,,
2026-06-30T22:02:02.943683+00:00,2026-06-30T22:02:02.939894,2,2,70.45,0.1,70.4,99,70.0,100,,,,,,,,,,,,,,,,,70.5,45,70.9,150,,,,,,,,,,,,,,,,
2026-06-30T22:02:03.252259+00:00,2026-06-30T22:02:03.247761,2,1,70.45,0.1,70.4,10,70.0,100,,,,,,,,,,,,,,,,,70.5,45,,,,,,,,,,,,,,,,,,
2026-06-30T22:02:03.303452+00:00,2026-06-30T22:02:03.303053,3,1,70.45,0.1,70.4,10,70.0,100,69.9,150,,,,,,,,,,,,,,,70.5,45,,,,,,,,,,,,,,,,,,
2026-06-30T22:02:03.365237+00:00,2026-06-30T22:02:03.356643,2,2,70.2,0.4,70.0,100,69.9,150,,,,,,,,,,,,,,,,,70.4,140,70.5,45,,,,,,,,,,,,,,,,
2026-06-30T22:02:03.447345+00:00,2026-06-30T22:02:03.443704,2,2,70.2,0.4,70.0,100,69.9,150,,,,,,,,,,,,,,,,,70.4,140,70.5,35,,,,,,,,,,,,,,,,
2026-06-30T22:02:03.457678+00:00,2026-06-30T22:02:03.447598,3,2,70.25,0.3,70.1,10,70.0,100,69.9,150,,,,,,,,,,,,,,,70.4,140,70.5,35,,,,,,,,,,,,,,,,
2026-06-30T22:02:03.961261+00:00,2026-06-30T22:02:03.958388,2,2,70.2,0.4,70.0,100,69.9,150,,,,,,,,,,,,,,,,,70.4,97,70.5,35,,,,,,,,,,,,,,,,
2026-06-30T22:02:03.971520+00:00,2026-06-30T22:02:03.961605,3,2,70.25,0.3,70.1,10,70.0,100,69.9,150,,,,,,,,,,,,,,,70.4,97,70.5,35,,,,,,,,,,,,,,,,
2026-06-30T22:02:04.196943+00:00,2026-06-30T22:02:04.192273,2,1,70.25,0.3,70.1,10,69.9,150,,,,,,,,,,,,,,,,,70.4,97,,,,,,,,,,,,,,,,,,
2026-06-30T22:02:04.248771+00:00,2026-06-30T22:02:04.244766,2,1,70.25,0.3,70.1,110,69.9,150,,,,,,,,,,,,,,,,,70.4,97,,,,,,,,,,,,,,,,,,
2026-06-30T22:02:04.300273+00:00,2026-06-30T22:02:04.298056,2,2,70.25,0.3,70.1,110,69.9,150,,,,,,,,,,,,,,,,,70.4,97,70.6,100,,,,,,,,,,,,,,,,
2026-06-30T22:02:04.465893+00:00,2026-06-30T22:02:04.465283,2,2,70.25,0.3,70.1,100,69.9,150,,,,,,,,,,,,,,,,,70.4,97,70.6,100,,,,,,,,,,,,,,,,
2026-06-30T22:02:04.476240+00:00,2026-06-30T22:02:04.468857,2,2,70.25,0.3,70.1,110,69.9,150,,,,,,,,,,,,,,,,,70.4,97,70.6,100,,,,,,,,,,,,,,,,
2026-06-30T22:02:04.980524+00:00,2026-06-30T22:02:04.975810,2,2,70.25,0.3,70.1,110,69.9,150,,,,,,,,,,,,,,,,,70.4,97,70.6,100,,,,,,,,,,,,,,,,
2026-06-30T22:02:05.483946+00:00,2026-06-30T22:02:05.482757,2,2,70.25,0.3,70.1,110,69.9,150,,,,,,,,,,,,,,,,,70.4,97,70.6,100,,,,,,,,,,,,,,,,
2026-06-30T22:02:05.586846+00:00,2026-06-30T22:02:05.584431,2,2,70.25,0.3,70.1,60,69.9,150,,,,,,,,,,,,,,,,,70.4,97,70.6,100,,,,,,,,,,,,,,,,
2026-06-30T22:02:05.966766+00:00,2026-06-30T22:02:05.961973,2,2,70.25,0.3,70.1,16,69.9,150,,,,,,,,,,,,,,,,,70.4,97,70.6,100,,,,,,,,,,,,,,,,
2026-06-30T22:02:05.987293+00:00,2026-06-30T22:02:05.987142,2,2,70.25,0.3,70.1,6,69.9,150,,,,,,,,,,,,,,,,,70.4,97,70.6,100,,,,,,,,,,,,,,,,
2026-06-30T22:02:05.997626+00:00,2026-06-30T22:02:05.989978,2,2,70.25,0.3,70.1,16,69.9,150,,,,,,,,,,,,,,,,,70.4,97,70.6,100,,,,,,,,,,,,,,,,
2026-06-30T22:02:06.417689+00:00,2026-06-30T22:02:06.411929,1,1,70.35,0.5,70.1,16,,,,,,,,,,,,,,,,,,,70.6,100,,,,,,,,,,,,,,,,,,
2026-06-30T22:02:06.468870+00:00,2026-06-30T22:02:06.465050,2,1,70.4,0.4,70.2,150,70.1,16,,,,,,,,,,,,,,,,,70.6,100,,,,,,,,,,,,,,,,,,
2026-06-30T22:02:06.499718+00:00,2026-06-30T22:02:06.493786,2,1,70.4,0.4,70.2,150,70.1,6,,,,,,,,,,,,,,,,,70.6,100,,,,,,,,,,,,,,,,,,
2026-06-30T22:02:06.520334+00:00,2026-06-30T22:02:06.517724,2,2,70.4,0.4,70.2,150,70.1,6,,,,,,,,,,,,,,,,,70.6,100,70.7,150,,,,,,,,,,,,,,,,
2026-06-30T22:02:07.083961+00:00,2026-06-30T22:02:07.082523,2,2,70.4,0.4,70.2,150,70.1,6,,,,,,,,,,,,,,,,,70.6,60,70.7,150,,,,,,,,,,,,,,,,
2026-06-30T22:02:07.360654+00:00,2026-06-30T22:02:07.360197,2,1,70.45,0.5,70.2,150,70.1,6,,,,,,,,,,,,,,,,,70.7,150,,,,,,,,,,,,,,,,,,
2026-06-30T22:02:07.371044+00:00,2026-06-30T22:02:07.361215,1,1,70.45,0.5,70.2,150,,,,,,,,,,,,,,,,,,,70.7,150,,,,,,,,,,,,,,,,,,
2026-06-30T22:02:07.422429+00:00,2026-06-30T22:02:07.413467,2,1,70.45,0.5,70.2,150,70.1,100,,,,,,,,,,,,,,,,,70.7,150,,,,,,,,,,,,,,,,,,
2026-06-30T22:02:07.473616+00:00,2026-06-30T22:02:07.467645,2,2,70.4,0.4,70.2,150,70.1,100,,,,,,,,,,,,,,,,,70.6,100,70.7,150,,,,,,,,,,,,,,,,
2026-06-30T22:02:07.647623+00:00,2026-06-30T22:02:07.641210,2,2,70.4,0.4,70.2,150,70.1,100,,,,,,,,,,,,,,,,,70.6,50,70.7,150,,,,,,,,,,,,,,,,
2026-06-30T22:02:09.571254+00:00,2026-06-30T22:02:09.571183,2,1,70.4,0.4,70.2,150,70.1,100,,,,,,,,,,,,,,,,,70.6,50,,,,,,,,,,,,,,,,,,
2026-06-30T22:02:09.591767+00:00,2026-06-30T22:02:09.584828,1,1,70.35,0.5,70.1,100,,,,,,,,,,,,,,,,,,,70.6,50,,,,,,,,,,,,,,,,,,
2026-06-30T22:02:09.643027+00:00,2026-06-30T22:02:09.638432,2,1,70.4,0.4,70.2,150,70.1,100,,,,,,,,,,,,,,,,,70.6,50,,,,,,,,,,,,,,,,,,
2026-06-30T22:02:09.694409+00:00,2026-06-30T22:02:09.691864,2,2,70.4,0.4,70.2,150,70.1,100,,,,,,,,,,,,,,,,,70.6,50,70.7,150,,,,,,,,,,,,,,,,
2026-06-30T22:02:09.807603+00:00,2026-06-30T22:02:09.799290,2,2,70.4,0.4,70.2,100,70.1,100,,,,,,,,,,,,,,,,,70.6,50,70.7,150,,,,,,,,,,,,,,,,
2026-06-30T22:02:10.524429+00:00,2026-06-30T22:02:10.521698,1,1,70.45,0.5,70.2,100,,,,,,,,,,,,,,,,,,,70.7,150,,,,,,,,,,,,,,,,,,
2026-06-30T22:02:10.575810+00:00,2026-06-30T22:02:10.574447,2,1,70.45,0.5,70.2,100,70.1,100,,,,,,,,,,,,,,,,,70.7,150,,,,,,,,,,,,,,,,,,
2026-06-30T22:02:10.637385+00:00,2026-06-30T22:02:10.627790,2,2,70.4,0.4,70.2,100,70.1,100,,,,,,,,,,,,,,,,,70.6,100,70.7,150,,,,,,,,,,,,,,,,
2026-06-30T22:02:11.910325+00:00,2026-06-30T22:02:11.908326,2,2,70.4,0.4,70.2,50,70.1,100,,,,,,,,,,,,,,,,,70.6,100,70.7,150,,,,,,,,,,,,,,,,
2026-06-30T22:02:12.033824+00:00,2026-06-30T22:02:12.026769,3,2,70.45,0.3,70.3,10,70.2,50,70.1,100,,,,,,,,,,,,,,,70.6,100,70.7,150,,,,,,,,,,,,,,,,
2026-06-30T22:02:12.535313+00:00,2026-06-30T22:02:12.534727,3,2,70.45,0.3,70.3,10,70.2,50,70.1,100,,,,,,,,,,,,,,,70.6,100,70.7,150,,,,,,,,,,,,,,,,
2026-06-30T22:02:12.751509+00:00,2026-06-30T22:02:12.747645,2,1,70.45,0.3,70.3,10,70.1,100,,,,,,,,,,,,,,,,,70.6,100,,,,,,,,,,,,,,,,,,
2026-06-30T22:02:12.803267+00:00,2026-06-30T22:02:12.800268,3,1,70.45,0.3,70.3,10,70.1,100,70.0,150,,,,,,,,,,,,,,,70.6,100,,,,,,,,,,,,,,,,,,
2026-06-30T22:02:12.884743+00:00,2026-06-30T22:02:12.883929,3,2,70.4,0.2,70.3,10,70.1,100,70.0,150,,,,,,,,,,,,,,,70.5,139,70.6,100,,,,,,,,,,,,,,,,
2026-06-30T22:02:13.038954+00:00,2026-06-30T22:02:13.038889,2,2,70.3,0.4,70.1,100,70.0,150,,,,,,,,,,,,,,,,,70.5,139,70.6,100,,,,,,,,,,,,,,,,
2026-06-30T22:02:13.049176+00:00,2026-06-30T22:02:13.042861,3,2,70.35,0.3,70.2,10,70.1,100,70.0,150,,,,,,,,,,,,,,,70.5,139,70.6,100,,,,,,,,,,,,,,,,
2026-06-30T22:02:13.171839+00:00,2026-06-30T22:02:13.164339,3,2,70.35,0.3,70.2,10,70.1,100,70.0,150,,,,,,,,,,,,,,,70.5,94,70.6,100,,,,,,,,,,,,,,,,
2026-06-30T22:02:13.231925+00:00,2026-06-30T22:02:13.231181,3,2,70.35,0.3,70.2,10,70.1,100,70.0,150,,,,,,,,,,,,,,,70.5,82,70.6,100,,,,,,,,,,,,,,,,
2026-06-30T22:02:13.549725+00:00,2026-06-30T22:02:13.547076,2,2,70.3,0.4,70.1,100,70.0,150,,,,,,,,,,,,,,,,,70.5,82,70.6,100,,,,,,,,,,,,,,,,
2026-06-30T22:02:13.560046+00:00,2026-06-30T22:02:13.550642,3,2,70.35,0.3,70.2,10,70.1,100,70.0,150,,,,,,,,,,,,,,,70.5,82,70.6,100,,,,,,,,,,,,,,,,
2026-06-30T22:02:13.683267+00:00,2026-06-30T22:02:13.682722,2,1,70.35,0.3,70.2,10,70.0,150,,,,,,,,,,,,,,,,,70.5,82,,,,,,,,,,,,,,,,,,
2026-06-30T22:02:13.745182+00:00,2026-06-30T22:02:13.738308,3,0,,,70.5,18,70.2,10,70.0,150,,,,,,,,,,,,,,,,,,,,,,,,,,,,,,,,,,
2026-06-30T22:02:13.796719+00:00,2026-06-30T22:02:13.791036,3,1,70.75,0.5,70.5,18,70.2,10,70.0,150,,,,,,,,,,,,,,,71.0,100,,,,,,,,,,,,,,,,,,
2026-06-30T22:02:14.032767+00:00,2026-06-30T22:02:14.025777,1,1,70.5,1.0,70.0,128,,,,,,,,,,,,,,,,,,,71.0,100,,,,,,,,,,,,,,,,,,
2026-06-30T22:02:15.907537+00:00,2026-06-30T22:02:15.907284,0,1,,,,,,,,,,,,,,,,,,,,,,,71.0,100,,,,,,,,,,,,,,,,,,
2026-06-30T22:02:15.980435+00:00,2026-06-30T22:02:15.979644,1,1,70.8,0.4,70.6,138,,,,,,,,,,,,,,,,,,,71.0,100,,,,,,,,,,,,,,,,,,
2026-06-30T22:02:16.011412+00:00,2026-06-30T22:02:16.011324,1,2,70.8,0.4,70.6,138,,,,,,,,,,,,,,,,,,,71.0,100,71.1,150,,,,,,,,,,,,,,,,
2026-06-30T22:02:16.083374+00:00,2026-06-30T22:02:16.074230,1,3,70.75,0.3,70.6,138,,,,,,,,,,,,,,,,,,,70.9,10,71.0,100,71.1,150,,,,,,,,,,,,,,
2026-06-30T22:02:16.134556+00:00,2026-06-30T22:02:16.132132,1,3,70.75,0.3,70.6,88,,,,,,,,,,,,,,,,,,,70.9,10,71.0,100,71.1,150,,,,,,,,,,,,,,
2026-06-30T22:02:16.586476+00:00,2026-06-30T22:02:16.581782,1,3,70.75,0.3,70.6,88,,,,,,,,,,,,,,,,,,,70.9,10,71.0,100,71.1,150,,,,,,,,,,,,,,
2026-06-30T22:02:16.853507+00:00,2026-06-30T22:02:16.845278,1,2,70.75,0.3,70.6,88,,,,,,,,,,,,,,,,,,,70.9,10,71.1,150,,,,,,,,,,,,,,,,
2026-06-30T22:02:16.905283+00:00,2026-06-30T22:02:16.898325,2,2,70.75,0.3,70.6,88,70.1,100,,,,,,,,,,,,,,,,,70.9,10,71.1,150,,,,,,,,,,,,,,,,
2026-06-30T22:02:16.956704+00:00,2026-06-30T22:02:16.952681,1,3,70.35,0.5,70.1,100,,,,,,,,,,,,,,,,,,,70.6,12,70.9,10,71.1,150,,,,,,,,,,,,,,
2026-06-30T22:02:17.090736+00:00,2026-06-30T22:02:17.089446,2,2,70.4,0.4,70.2,10,70.1,100,,,,,,,,,,,,,,,,,70.6,12,71.1,150,,,,,,,,,,,,,,,,
2026-06-30T22:02:17.596017+00:00,2026-06-30T22:02:17.593894,1,2,70.35,0.5,70.1,100,,,,,,,,,,,,,,,,,,,70.6,12,71.1,150,,,,,,,,,,,,,,,,
2026-06-30T22:02:17.606522+00:00,2026-06-30T22:02:17.597425,2,2,70.4,0.4,70.2,10,70.1,100,,,,,,,,,,,,,,,,,70.6,12,71.1,150,,,,,,,,,,,,,,,,
2026-06-30T22:02:18.111806+00:00,2026-06-30T22:02:18.105261,2,2,70.4,0.4,70.2,10,70.1,100,,,,,,,,,,,,,,,,,70.6,12,71.1,150,,,,,,,,,,,,,,,,
2026-06-30T22:02:18.255426+00:00,2026-06-30T22:02:18.247046,1,2,70.35,0.5,70.1,60,,,,,,,,,,,,,,,,,,,70.6,12,71.1,150,,,,,,,,,,,,,,,,
2026-06-30T22:02:19.067490+00:00,2026-06-30T22:02:19.064755,1,1,70.35,0.5,70.1,60,,,,,,,,,,,,,,,,,,,70.6,12,,,,,,,,,,,,,,,,,,
2026-06-30T22:02:19.118921+00:00,2026-06-30T22:02:19.117418,2,1,70.35,0.5,70.1,60,69.8,150,,,,,,,,,,,,,,,,,70.6,12,,,,,,,,,,,,,,,,,,
2026-06-30T22:02:19.170313+00:00,2026-06-30T22:02:19.169914,2,2,70.2,0.2,70.1,60,69.8,150,,,,,,,,,,,,,,,,,70.3,150,70.6,12,,,,,,,,,,,,,,,,
2026-06-30T22:02:19.486959+00:00,2026-06-30T22:02:19.485971,2,2,70.2,0.2,70.1,60,69.8,150,,,,,,,,,,,,,,,,,70.3,138,70.6,12,,,,,,,,,,,,,,,,
2026-06-30T22:02:19.631040+00:00,2026-06-30T22:02:19.623515,2,2,70.2,0.2,70.1,70,69.8,150,,,,,,,,,,,,,,,,,70.3,138,70.6,12,,,,,,,,,,,,,,,,
2026-06-30T22:02:20.010217+00:00,2026-06-30T22:02:20.009475,2,1,70.2,0.2,70.1,10,69.8,150,,,,,,,,,,,,,,,,,70.3,138,,,,,,,,,,,,,,,,,,
2026-06-30T22:02:20.092333+00:00,2026-06-30T22:02:20.082408,3,1,70.25,0.1,70.2,100,70.1,10,69.8,150,,,,,,,,,,,,,,,70.3,138,,,,,,,,,,,,,,,,,,
2026-06-30T22:02:20.143732+00:00,2026-06-30T22:02:20.142785,2,2,70.25,0.1,70.2,110,69.8,150,,,,,,,,,,,,,,,,,70.3,138,70.7,100,,,,,,,,,,,,,,,,
2026-06-30T22:02:20.307630+00:00,2026-06-30T22:02:20.300818,2,2,70.25,0.1,70.2,110,69.8,150,,,,,,,,,,,,,,,,,70.3,88,70.7,100,,,,,,,,,,,,,,,,
2026-06-30T22:02:20.655220+00:00,2026-06-30T22:02:20.650966,2,2,70.25,0.1,70.2,110,69.8,150,,,,,,,,,,,,,,,,,70.3,88,70.7,100,,,,,,,,,,,,,,,,
2026-06-30T22:02:21.096361+00:00,2026-06-30T22:02:21.095489,2,2,70.25,0.1,70.2,110,69.8,150,,,,,,,,,,,,,,,,,70.3,74,70.7,100,,,,,,,,,,,,,,,,
2026-06-30T22:02:21.157942+00:00,2026-06-30T22:02:21.155551,2,2,70.25,0.1,70.2,100,69.8,150,,,,,,,,,,,,,,,,,70.3,74,70.7,100,,,,,,,,,,,,,,,,
2026-06-30T22:02:21.168261+00:00,2026-06-30T22:02:21.158938,2,2,70.25,0.1,70.2,110,69.8,150,,,,,,,,,,,,,,,,,70.3,74,70.7,100,,,,,,,,,,,,,,,,
2026-06-30T22:02:21.670675+00:00,2026-06-30T22:02:21.666259,2,2,70.25,0.1,70.2,110,69.8,150,,,,,,,,,,,,,,,,,70.3,74,70.7,100,,,,,,,,,,,,,,,,
2026-06-30T22:02:22.182972+00:00,2026-06-30T22:02:22.179789,2,2,70.25,0.1,70.2,110,69.8,150,,,,,,,,,,,,,,,,,70.3,74,70.7,100,,,,,,,,,,,,,,,,
2026-06-30T22:02:22.234176+00:00,2026-06-30T22:02:22.225699,1,1,70.45,0.5,70.2,110,,,,,,,,,,,,,,,,,,,70.7,100,,,,,,,,,,,,,,,,,,
2026-06-30T22:02:22.285494+00:00,2026-06-30T22:02:22.277397,2,1,70.55,0.3,70.4,150,70.2,110,,,,,,,,,,,,,,,,,70.7,100,,,,,,,,,,,,,,,,,,
2026-06-30T22:02:22.336788+00:00,2026-06-30T22:02:22.330020,2,2,70.55,0.3,70.4,150,70.2,110,,,,,,,,,,,,,,,,,70.7,100,70.9,150,,,,,,,,,,,,,,,,
2026-06-30T22:02:22.409477+00:00,2026-06-30T22:02:22.408663,2,2,70.55,0.3,70.4,147,70.2,110,,,,,,,,,,,,,,,,,70.7,50,70.9,150,,,,,,,,,,,,,,,,
2026-06-30T22:02:22.686459+00:00,2026-06-30T22:02:22.683539,2,2,70.55,0.3,70.4,147,70.2,100,,,,,,,,,,,,,,,,,70.7,50,70.9,150,,,,,,,,,,,,,,,,
2026-06-30T22:02:23.199221+00:00,2026-06-30T22:02:23.197210,1,1,70.65,0.5,70.4,147,,,,,,,,,,,,,,,,,,,70.9,150,,,,,,,,,,,,,,,,,,
2026-06-30T22:02:23.250353+00:00,2026-06-30T22:02:23.249392,1,1,70.65,0.5,70.4,247,,,,,,,,,,,,,,,,,,,70.9,150,,,,,,,,,,,,,,,,,,
2026-06-30T22:02:23.311790+00:00,2026-06-30T22:02:23.302798,1,1,70.65,0.5,70.4,247,,,,,,,,,,,,,,,,,,,70.9,250,,,,,,,,,,,,,,,,,,
2026-06-30T22:02:24.521458+00:00,2026-06-30T22:02:24.512670,1,1,70.65,0.5,70.4,247,,,,,,,,,,,,,,,,,,,70.9,200,,,,,,,,,,,,,,,,,,
2026-06-30T22:02:25.394112+00:00,2026-06-30T22:02:25.385278,1,1,70.65,0.5,70.4,100,,,,,,,,,,,,,,,,,,,70.9,100,,,,,,,,,,,,,,,,,,
2026-06-30T22:02:25.445614+00:00,2026-06-30T22:02:25.436879,2,1,70.75,0.3,70.6,150,70.4,100,,,,,,,,,,,,,,,,,70.9,100,,,,,,,,,,,,,,,,,,
2026-06-30T22:02:25.497076+00:00,2026-06-30T22:02:25.488677,2,2,70.75,0.3,70.6,150,70.4,100,,,,,,,,,,,,,,,,,70.9,100,71.1,150,,,,,,,,,,,,,,,,
2026-06-30T22:02:26.359181+00:00,2026-06-30T22:02:26.358805,1,1,70.85,0.5,70.6,150,,,,,,,,,,,,,,,,,,,71.1,150,,,,,,,,,,,,,,,,,,
2026-06-30T22:02:26.410474+00:00,2026-06-30T22:02:26.408559,1,1,70.85,0.5,70.6,107,,,,,,,,,,,,,,,,,,,71.1,150,,,,,,,,,,,,,,,,,,
2026-06-30T22:02:26.420775+00:00,2026-06-30T22:02:26.411081,1,1,70.85,0.5,70.6,207,,,,,,,,,,,,,,,,,,,71.1,150,,,,,,,,,,,,,,,,,,
2026-06-30T22:02:26.471952+00:00,2026-06-30T22:02:26.464220,1,1,70.85,0.5,70.6,207,,,,,,,,,,,,,,,,,,,71.1,250,,,,,,,,,,,,,,,,,,
2026-06-30T22:02:26.625985+00:00,2026-06-30T22:02:26.621210,1,1,70.85,0.5,70.6,207,,,,,,,,,,,,,,,,,,,71.1,200,,,,,,,,,,,,,,,,,,
2026-06-30T22:02:26.934215+00:00,2026-06-30T22:02:26.928009,1,1,70.85,0.5,70.6,158,,,,,,,,,,,,,,,,,,,71.1,200,,,,,,,,,,,,,,,,,,
2026-06-30T22:02:27.561269+00:00,2026-06-30T22:02:27.553067,1,1,70.85,0.5,70.6,113,,,,,,,,,,,,,,,,,,,71.1,200,,,,,,,,,,,,,,,,,,
2026-06-30T22:02:27.644223+00:00,2026-06-30T22:02:27.643317,1,1,70.85,0.5,70.6,90,,,,,,,,,,,,,,,,,,,71.1,200,,,,,,,,,,,,,,,,,,
2026-06-30T22:02:27.747297+00:00,2026-06-30T22:02:27.745134,1,2,70.8,0.4,70.6,90,,,,,,,,,,,,,,,,,,,71.0,10,71.1,200,,,,,,,,,,,,,,,,
2026-06-30T22:02:28.251268+00:00,2026-06-30T22:02:28.249753,1,1,70.85,0.5,70.6,90,,,,,,,,,,,,,,,,,,,71.1,200,,,,,,,,,,,,,,,,,,
2026-06-30T22:02:28.261663+00:00,2026-06-30T22:02:28.252995,1,2,70.8,0.4,70.6,90,,,,,,,,,,,,,,,,,,,71.0,10,71.1,200,,,,,,,,,,,,,,,,
2026-06-30T22:02:28.549067+00:00,2026-06-30T22:02:28.547411,1,2,70.8,0.4,70.6,90,,,,,,,,,,,,,,,,,,,71.0,10,71.1,100,,,,,,,,,,,,,,,,
2026-06-30T22:02:28.600638+00:00,2026-06-30T22:02:28.600018,2,2,70.8,0.4,70.6,90,70.0,150,,,,,,,,,,,,,,,,,71.0,10,71.1,100,,,,,,,,,,,,,,,,
2026-06-30T22:02:28.662325+00:00,2026-06-30T22:02:28.654115,1,3,70.25,0.5,70.0,150,,,,,,,,,,,,,,,,,,,70.5,60,71.0,10,71.1,100,,,,,,,,,,,,,,
2026-06-30T22:02:28.734046+00:00,2026-06-30T22:02:28.731733,1,3,70.25,0.5,70.0,150,,,,,,,,,,,,,,,,,,,70.5,10,71.0,10,71.1,100,,,,,,,,,,,,,,
2026-06-30T22:02:28.764789+00:00,2026-06-30T22:02:28.760131,2,2,70.3,0.4,70.1,10,70.0,150,,,,,,,,,,,,,,,,,70.5,10,71.1,100,,,,,,,,,,,,,,,,
2026-06-30T22:02:29.269468+00:00,2026-06-30T22:02:29.267563,2,2,70.3,0.4,70.1,10,70.0,150,,,,,,,,,,,,,,,,,70.5,10,71.1,100,,,,,,,,,,,,,,,,
2026-06-30T22:02:29.525699+00:00,2026-06-30T22:02:29.518604,2,1,70.3,0.4,70.1,10,70.0,150,,,,,,,,,,,,,,,,,70.5,10,,,,,,,,,,,,,,,,,,
2026-06-30T22:02:29.576884+00:00,2026-06-30T22:02:29.570779,2,1,70.3,0.4,70.1,110,70.0,150,,,,,,,,,,,,,,,,,70.5,10,,,,,,,,,,,,,,,,,,
2026-06-30T22:02:29.628094+00:00,2026-06-30T22:02:29.622489,2,2,70.3,0.4,70.1,110,70.0,150,,,,,,,,,,,,,,,,,70.5,10,70.6,100,,,,,,,,,,,,,,,,
2026-06-30T22:02:29.781915+00:00,2026-06-30T22:02:29.780240,3,2,70.35,0.3,70.2,10,70.1,100,70.0,150,,,,,,,,,,,,,,,70.5,10,70.6,100,,,,,,,,,,,,,,,,
2026-06-30T22:02:30.284620+00:00,2026-06-30T22:02:30.284564,2,2,70.3,0.4,70.1,100,70.0,150,,,,,,,,,,,,,,,,,70.5,10,70.6,100,,,,,,,,,,,,,,,,
2026-06-30T22:02:30.294881+00:00,2026-06-30T22:02:30.288297,3,2,70.35,0.3,70.2,10,70.1,100,70.0,150,,,,,,,,,,,,,,,70.5,10,70.6,100,,,,,,,,,,,,,,,,
2026-06-30T22:02:30.449156+00:00,2026-06-30T22:02:30.445332,3,1,70.4,0.4,70.2,10,70.1,100,70.0,150,,,,,,,,,,,,,,,70.6,61,,,,,,,,,,,,,,,,,,
2026-06-30T22:02:30.797156+00:00,2026-06-30T22:02:30.792757,2,1,70.35,0.5,70.1,100,70.0,150,,,,,,,,,,,,,,,,,70.6,61,,,,,,,,,,,,,,,,,,
2026-06-30T22:02:31.514818+00:00,2026-06-30T22:02:31.514320,2,1,70.35,0.5,70.1,100,70.0,150,,,,,,,,,,,,,,,,,70.6,16,,,,,,,,,,,,,,,,,,
2026-06-30T22:02:31.709955+00:00,2026-06-30T22:02:31.708145,1,1,70.35,0.5,70.1,100,,,,,,,,,,,,,,,,,,,70.6,16,,,,,,,,,,,,,,,,,,
2026-06-30T22:02:31.771825+00:00,2026-06-30T22:02:31.762925,2,0,,,70.7,134,70.1,100,,,,,,,,,,,,,,,,,,,,,,,,,,,,,,,,,,,,
2026-06-30T22:02:31.823033+00:00,2026-06-30T22:02:31.815964,2,1,70.95,0.5,70.7,134,70.1,100,,,,,,,,,,,,,,,,,71.2,150,,,,,,,,,,,,,,,,,,
2026-06-30T22:02:32.325032+00:00,2026-06-30T22:02:32.320480,2,2,70.9,0.4,70.7,134,70.1,100,,,,,,,,,,,,,,,,,71.1,10,71.2,150,,,,,,,,,,,,,,,,
2026-06-30T22:02:32.683124+00:00,2026-06-30T22:02:32.677013,1,2,70.9,0.4,70.7,134,,,,,,,,,,,,,,,,,,,71.1,10,71.2,150,,,,,,,,,,,,,,,,
2026-06-30T22:02:32.734473+00:00,2026-06-30T22:02:32.730686,2,2,70.9,0.4,70.7,134,70.5,100,,,,,,,,,,,,,,,,,71.1,10,71.2,150,,,,,,,,,,,,,,,,
2026-06-30T22:02:32.796577+00:00,2026-06-30T22:02:32.794552,2,3,70.85,0.3,70.7,134,70.5,100,,,,,,,,,,,,,,,,,71.0,100,71.1,10,71.2,150,,,,,,,,,,,,,,
2026-06-30T22:02:32.827572+00:00,2026-06-30T22:02:32.825098,2,2,70.85,0.3,70.7,134,70.5,100,,,,,,,,,,,,,,,,,71.0,100,71.2,150,,,,,,,,,,,,,,,,
2026-06-30T22:02:32.837842+00:00,2026-06-30T22:02:32.828756,2,2,70.85,0.3,70.7,134,70.5,100,,,,,,,,,,,,,,,,,71.0,110,71.2,150,,,,,,,,,,,,,,,,
2026-06-30T22:02:32.878804+00:00,2026-06-30T22:02:32.878020,2,2,70.85,0.3,70.7,123,70.5,100,,,,,,,,,,,,,,,,,71.0,110,71.2,150,,,,,,,,,,,,,,,,
2026-06-30T22:02:33.002117+00:00,2026-06-30T22:02:32.996673,2,2,70.85,0.3,70.7,73,70.5,100,,,,,,,,,,,,,,,,,71.0,110,71.2,150,,,,,,,,,,,,,,,,
2026-06-30T22:02:33.340949+00:00,2026-06-30T22:02:33.336892,2,2,70.85,0.3,70.7,73,70.5,100,,,,,,,,,,,,,,,,,71.0,110,71.2,150,,,,,,,,,,,,,,,,
2026-06-30T22:02:33.844358+00:00,2026-06-30T22:02:33.840864,2,2,70.85,0.3,70.7,73,70.5,100,,,,,,,,,,,,,,,,,71.0,100,71.2,150,,,,,,,,,,,,,,,,
2026-06-30T22:02:33.854672+00:00,2026-06-30T22:02:33.844750,2,2,70.85,0.3,70.7,73,70.5,100,,,,,,,,,,,,,,,,,71.0,110,71.2,150,,,,,,,,,,,,,,,,
2026-06-30T22:02:34.357444+00:00,2026-06-30T22:02:34.356609,2,2,70.85,0.3,70.7,73,70.5,100,,,,,,,,,,,,,,,,,71.0,110,71.2,150,,,,,,,,,,,,,,,,
2026-06-30T22:02:34.552451+00:00,2026-06-30T22:02:34.544422,2,2,70.85,0.3,70.7,32,70.5,100,,,,,,,,,,,,,,,,,71.0,110,71.2,150,,,,,,,,,,,,,,,,
2026-06-30T22:02:34.861621+00:00,2026-06-30T22:02:34.860627,2,2,70.85,0.3,70.7,32,70.5,100,,,,,,,,,,,,,,,,,71.0,100,71.2,150,,,,,,,,,,,,,,,,
2026-06-30T22:02:34.871932+00:00,2026-06-30T22:02:34.871512,1,1,70.75,0.5,70.5,100,,,,,,,,,,,,,,,,,,,71.0,110,,,,,,,,,,,,,,,,,,
2026-06-30T22:02:34.933560+00:00,2026-06-30T22:02:34.924022,2,1,70.75,0.5,70.5,100,70.2,150,,,,,,,,,,,,,,,,,71.0,110,,,,,,,,,,,,,,,,,,
2026-06-30T22:02:34.984841+00:00,2026-06-30T22:02:34.977204,2,2,70.6,0.2,70.5,100,70.2,150,,,,,,,,,,,,,,,,,70.7,150,71.0,110,,,,,,,,,,,,,,,,
2026-06-30T22:02:35.087270+00:00,2026-06-30T22:02:35.083143,2,2,70.6,0.2,70.5,60,70.2,150,,,,,,,,,,,,,,,,,70.7,150,71.0,110,,,,,,,,,,,,,,,,
2026-06-30T22:02:35.374317+00:00,2026-06-30T22:02:35.369604,2,2,70.6,0.2,70.5,60,70.2,150,,,,,,,,,,,,,,,,,70.7,150,71.0,100,,,,,,,,,,,,,,,,
2026-06-30T22:02:35.856257+00:00,2026-06-30T22:02:35.848680,1,1,70.45,0.5,70.2,150,,,,,,,,,,,,,,,,,,,70.7,150,,,,,,,,,,,,,,,,,,
2026-06-30T22:02:35.907343+00:00,2026-06-30T22:02:35.901422,2,1,70.55,0.3,70.4,100,70.2,150,,,,,,,,,,,,,,,,,70.7,150,,,,,,,,,,,,,,,,,,
2026-06-30T22:02:35.958504+00:00,2026-06-30T22:02:35.954193,2,2,70.55,0.3,70.4,100,70.2,150,,,,,,,,,,,,,,,,,70.7,150,70.9,100,,,,,,,,,,,,,,,,
2026-06-30T22:02:37.159439+00:00,2026-06-30T22:02:37.155151,2,2,70.55,0.3,70.4,100,70.2,150,,,,,,,,,,,,,,,,,70.7,100,70.9,100,,,,,,,,,,,,,,,,
2026-06-30T22:02:38.039267+00:00,2026-06-30T22:02:38.033552,1,1,70.65,0.5,70.4,100,,,,,,,,,,,,,,,,,,,70.9,100,,,,,,,,,,,,,,,,,,
2026-06-30T22:02:38.090369+00:00,2026-06-30T22:02:38.086703,1,1,70.65,0.5,70.4,250,,,,,,,,,,,,,,,,,,,70.9,100,,,,,,,,,,,,,,,,,,
2026-06-30T22:02:38.169368+00:00,2026-06-30T22:02:38.159338,1,1,70.65,0.5,70.4,250,,,,,,,,,,,,,,,,,,,70.9,250,,,,,,,,,,,,,,,,,,
2026-06-30T22:02:39.020941+00:00,2026-06-30T22:02:39.012163,1,1,70.65,0.5,70.4,150,,,,,,,,,,,,,,,,,,,70.9,150,,,,,,,,,,,,,,,,,,
2026-06-30T22:02:39.072207+00:00,2026-06-30T22:02:39.064585,2,1,70.65,0.5,70.4,150,70.3,100,,,,,,,,,,,,,,,,,70.9,150,,,,,,,,,,,,,,,,,,
2026-06-30T22:02:39.123540+00:00,2026-06-30T22:02:39.116898,2,2,70.6,0.4,70.4,150,70.3,100,,,,,,,,,,,,,,,,,70.8,100,70.9,150,,,,,,,,,,,,,,,,
2026-06-30T22:02:39.318790+00:00,2026-06-30T22:02:39.315205,2,2,70.6,0.4,70.4,100,70.3,100,,,,,,,,,,,,,,,,,70.8,100,70.9,150,,,,,,,,,,,,,,,,
2026-06-30T22:02:40.919057+00:00,2026-06-30T22:02:40.909033,2,3,70.55,0.3,70.4,100,70.3,100,,,,,,,,,,,,,,,,,70.7,10,70.8,100,70.9,150,,,,,,,,,,,,,,
2026-06-30T22:02:40.929326+00:00,2026-06-30T22:02:40.927393,2,2,70.6,0.4,70.4,100,70.3,100,,,,,,,,,,,,,,,,,70.8,67,70.9,150,,,,,,,,,,,,,,,,
2026-06-30T22:02:41.195365+00:00,2026-06-30T22:02:41.194116,2,1,70.6,0.4,70.4,100,70.3,100,,,,,,,,,,,,,,,,,70.8,67,,,,,,,,,,,,,,,,,,
2026-06-30T22:02:41.205597+00:00,2026-06-30T22:02:41.195948,1,1,70.55,0.5,70.3,100,,,,,,,,,,,,,,,,,,,70.8,67,,,,,,,,,,,,,,,,,,
2026-06-30T22:02:41.277615+00:00,2026-06-30T22:02:41.268589,2,1,70.55,0.5,70.3,100,70.0,150,,,,,,,,,,,,,,,,,70.8,67,,,,,,,,,,,,,,,,,,
2026-06-30T22:02:41.329003+00:00,2026-06-30T22:02:41.319788,2,2,70.4,0.2,70.3,100,70.0,150,,,,,,,,,,,,,,,,,70.5,150,70.8,67,,,,,,,,,,,,,,,,
2026-06-30T22:02:41.431641+00:00,2026-06-30T22:02:41.422872,2,2,70.4,0.2,70.3,50,70.0,150,,,,,,,,,,,,,,,,,70.5,150,70.8,67,,,,,,,,,,,,,,,,
2026-06-30T22:02:42.180433+00:00,2026-06-30T22:02:42.173322,1,1,70.25,0.5,70.0,150,,,,,,,,,,,,,,,,,,,70.5,150,,,,,,,,,,,,,,,,,,
2026-06-30T22:02:42.231861+00:00,2026-06-30T22:02:42.225494,2,1,70.3,0.4,70.1,100,70.0,150,,,,,,,,,,,,,,,,,70.5,150,,,,,,,,,,,,,,,,,,
2026-06-30T22:02:42.283071+00:00,2026-06-30T22:02:42.278300,2,2,70.3,0.4,70.1,100,70.0,150,,,,,,,,,,,,,,,,,70.5,150,70.6,100,,,,,,,,,,,,,,,,
2026-06-30T22:02:43.433280+00:00,2026-06-30T22:02:43.431353,3,2,70.35,0.3,70.2,10,70.1,100,70.0,150,,,,,,,,,,,,,,,70.5,150,70.6,100,,,,,,,,,,,,,,,,
2026-06-30T22:02:43.536003+00:00,2026-06-30T22:02:43.530538,2,2,70.3,0.4,70.1,60,70.0,150,,,,,,,,,,,,,,,,,70.5,150,70.6,100,,,,,,,,,,,,,,,,
2026-06-30T22:02:44.378886+00:00,2026-06-30T22:02:44.375822,1,1,70.35,0.5,70.1,60,,,,,,,,,,,,,,,,,,,70.6,100,,,,,,,,,,,,,,,,,,
2026-06-30T22:02:44.430122+00:00,2026-06-30T22:02:44.428043,1,1,70.35,0.5,70.1,210,,,,,,,,,,,,,,,,,,,70.6,100,,,,,,,,,,,,,,,,,,
2026-06-30T22:02:44.460854+00:00,2026-06-30T22:02:44.455961,1,1,70.35,0.5,70.1,210,,,,,,,,,,,,,,,,,,,70.6,52,,,,,,,,,,,,,,,,,,
2026-06-30T22:02:44.481349+00:00,2026-06-30T22:02:44.480560,1,1,70.35,0.5,70.1,210,,,,,,,,,,,,,,,,,,,70.6,202,,,,,,,,,,,,,,,,,,
2026-06-30T22:02:45.341065+00:00,2026-06-30T22:02:45.335341,1,1,70.35,0.5,70.1,150,,,,,,,,,,,,,,,,,,,70.6,150,,,,,,,,,,,,,,,,,,
2026-06-30T22:02:45.392383+00:00,2026-06-30T22:02:45.387572,2,1,70.45,0.3,70.3,100,70.1,150,,,,,,,,,,,,,,,,,70.6,150,,,,,,,,,,,,,,,,,,
2026-06-30T22:02:45.443517+00:00,2026-06-30T22:02:45.440168,2,2,70.45,0.3,70.3,100,70.1,150,,,,,,,,,,,,,,,,,70.6,150,70.8,100,,,,,,,,,,,,,,,,
2026-06-30T22:02:45.638649+00:00,2026-06-30T22:02:45.637136,2,2,70.45,0.3,70.3,50,70.1,150,,,,,,,,,,,,,,,,,70.6,150,70.8,100,,,,,,,,,,,,,,,,
2026-06-30T22:02:47.538769+00:00,2026-06-30T22:02:47.536220,1,1,70.55,0.5,70.3,50,,,,,,,,,,,,,,,,,,,70.8,100,,,,,,,,,,,,,,,,,,
2026-06-30T22:02:47.590222+00:00,2026-06-30T22:02:47.589228,2,1,70.55,0.5,70.3,50,70.0,150,,,,,,,,,,,,,,,,,70.8,100,,,,,,,,,,,,,,,,,,
2026-06-30T22:02:47.652089+00:00,2026-06-30T22:02:47.642030,2,2,70.4,0.2,70.3,50,70.0,150,,,,,,,,,,,,,,,,,70.5,150,70.8,100,,,,,,,,,,,,,,,,
2026-06-30T22:02:47.755121+00:00,2026-06-30T22:02:47.745046,1,2,70.25,0.5,70.0,150,,,,,,,,,,,,,,,,,,,70.5,150,70.8,100,,,,,,,,,,,,,,,,
2026-06-30T22:02:48.502384+00:00,2026-06-30T22:02:48.498171,1,1,70.25,0.5,70.0,150,,,,,,,,,,,,,,,,,,,70.5,150,,,,,,,,,,,,,,,,,,
2026-06-30T22:02:48.554036+00:00,2026-06-30T22:02:48.549579,2,1,70.25,0.5,70.0,150,69.8,100,,,,,,,,,,,,,,,,,70.5,150,,,,,,,,,,,,,,,,,,
2026-06-30T22:02:48.615331+00:00,2026-06-30T22:02:48.614616,2,2,70.15,0.3,70.0,150,69.8,100,,,,,,,,,,,,,,,,,70.3,89,70.5,150,,,,,,,,,,,,,,,,
2026-06-30T22:02:48.983756+00:00,2026-06-30T22:02:48.977641,2,2,70.15,0.3,70.0,160,69.8,100,,,,,,,,,,,,,,,,,70.3,89,70.5,150,,,,,,,,,,,,,,,,
2026-06-30T22:02:49.487406+00:00,2026-06-30T22:02:49.486005,2,2,70.15,0.3,70.0,160,69.8,100,,,,,,,,,,,,,,,,,70.3,89,70.5,150,,,,,,,,,,,,,,,,
2026-06-30T22:02:50.000312+00:00,2026-06-30T22:02:49.990283,2,2,70.15,0.3,70.0,150,69.8,100,,,,,,,,,,,,,,,,,70.3,89,70.5,150,,,,,,,,,,,,,,,,
2026-06-30T22:02:50.427668+00:00,2026-06-30T22:02:50.426914,2,2,70.15,0.3,70.0,150,69.8,100,,,,,,,,,,,,,,,,,70.3,77,70.5,150,,,,,,,,,,,,,,,,
2026-06-30T22:02:50.500325+00:00,2026-06-30T22:02:50.496570,2,2,70.15,0.3,70.0,160,69.8,100,,,,,,,,,,,,,,,,,70.3,77,70.5,150,,,,,,,,,,,,,,,,
2026-06-30T22:02:50.706174+00:00,2026-06-30T22:02:50.697325,2,1,70.15,0.3,70.0,10,69.8,100,,,,,,,,,,,,,,,,,70.3,77,,,,,,,,,,,,,,,,,,
2026-06-30T22:02:50.757594+00:00,2026-06-30T22:02:50.749777,3,1,70.2,0.2,70.1,150,70.0,10,69.8,100,,,,,,,,,,,,,,,70.3,77,,,,,,,,,,,,,,,,,,
2026-06-30T22:02:50.809466+00:00,2026-06-30T22:02:50.801677,3,2,70.2,0.2,70.1,150,70.0,10,69.8,100,,,,,,,,,,,,,,,70.3,77,70.6,150,,,,,,,,,,,,,,,,
2026-06-30T22:02:51.005040+00:00,2026-06-30T22:02:51.003990,2,2,70.2,0.2,70.1,160,69.8,100,,,,,,,,,,,,,,,,,70.3,77,70.6,150,,,,,,,,,,,,,,,,
2026-06-30T22:02:51.198078+00:00,2026-06-30T22:02:51.197474,2,2,70.2,0.2,70.1,160,69.8,100,,,,,,,,,,,,,,,,,70.3,63,70.6,150,,,,,,,,,,,,,,,,
2026-06-30T22:02:51.515771+00:00,2026-06-30T22:02:51.512897,2,2,70.2,0.2,70.1,160,69.8,100,,,,,,,,,,,,,,,,,70.3,63,70.6,150,,,,,,,,,,,,,,,,
2026-06-30T22:02:51.660102+00:00,2026-06-30T22:02:51.659449,1,1,70.35,0.5,70.1,160,,,,,,,,,,,,,,,,,,,70.6,150,,,,,,,,,,,,,,,,,,
2026-06-30T22:02:51.721633+00:00,2026-06-30T22:02:51.713024,2,1,70.4,0.4,70.2,100,70.1,160,,,,,,,,,,,,,,,,,70.6,150,,,,,,,,,,,,,,,,,,
2026-06-30T22:02:51.772891+00:00,2026-06-30T22:02:51.765685,2,2,70.4,0.4,70.2,100,70.1,160,,,,,,,,,,,,,,,,,70.6,150,70.7,100,,,,,,,,,,,,,,,,
2026-06-30T22:02:51.906531+00:00,2026-06-30T22:02:51.896478,2,2,70.4,0.4,70.2,100,70.1,160,,,,,,,,,,,,,,,,,70.6,102,70.7,100,,,,,,,,,,,,,,,,
2026-06-30T22:02:52.019324+00:00,2026-06-30T22:02:52.017826,2,2,70.4,0.4,70.2,100,70.1,150,,,,,,,,,,,,,,,,,70.6,102,70.7,100,,,,,,,,,,,,,,,,
2026-06-30T22:02:52.029621+00:00,2026-06-30T22:02:52.021348,3,2,70.45,0.3,70.3,10,70.2,100,70.1,150,,,,,,,,,,,,,,,70.6,102,70.7,100,,,,,,,,,,,,,,,,
2026-06-30T22:02:52.511906+00:00,2026-06-30T22:02:52.511213,3,2,70.45,0.3,70.3,7,70.2,100,70.1,150,,,,,,,,,,,,,,,70.6,102,70.7,100,,,,,,,,,,,,,,,,
2026-06-30T22:02:52.522247+00:00,2026-06-30T22:02:52.515765,2,2,70.4,0.4,70.2,66,70.1,150,,,,,,,,,,,,,,,,,70.6,102,70.7,100,,,,,,,,,,,,,,,,
2026-06-30T22:02:53.865854+00:00,2026-06-30T22:02:53.859194,1,1,70.45,0.5,70.2,66,,,,,,,,,,,,,,,,,,,70.7,100,,,,,,,,,,,,,,,,,,
2026-06-30T22:02:53.917477+00:00,2026-06-30T22:02:53.911296,2,1,70.5,0.4,70.3,150,70.2,66,,,,,,,,,,,,,,,,,70.7,100,,,,,,,,,,,,,,,,,,
