recv_time,book_timestamp,n_bids,n_asks,mid,spread,bid_px_0,bid_vol_0,bid_px_1,bid_vol_1,bid_px_2,bid_vol_2,bid_px_3,bid_vol_3,bid_px_4,bid_vol_4,bid_px_5,bid_vol_5,bid_px_6,bid_vol_6,bid_px_7,bid_vol_7,bid_px_8,bid_vol_8,bid_px_9,bid_vol_9,ask_px_0,ask_vol_0,ask_px_1,ask_vol_1,ask_px_2,ask_vol_2,ask_px_3,ask_vol_3,ask_px_4,ask_vol_4,ask_px_5,ask_vol_5,ask_px_6,ask_vol_6,ask_px_7,ask_vol_7,ask_px_8,ask_vol_8,ask_px_9,ask_vol_9
2026-06-30T00:00:00.048615+00:00,2026-06-30T10:00:00.040055,2,2,66.2,0.4,66.0,150,65.9,100,,,,,,,,,,,,,,,,,66.4,100,66.5,150,,,,,,,,,,,,,,,,
2026-06-30T00:00:00.070761+00:00,2026-06-30T10:00:00.063697,2,2,66.2,0.4,66.0,100,65.9,100,,,,,,,,,,,,,,,,,66.4,100,66.5,150,,,,,,,,,,,,,,,,
2026-06-30T00:00:00.419052+00:00,2026-06-30T10:00:00.416052,2,2,66.2,0.4,66.0,57,65.9,100,,,,,,,,,,,,,,,,,66.4,100,66.5,150,,,,,,,,,,,,,,,,
2026-06-30T00:00:01.620066+00:00,2026-06-30T10:00:01.613003,2,2,66.2,0.4,66.0,17,65.9,100,,,,,,,,,,,,,,,,,66.4,100,66.5,150,,,,,,,,,,,,,,,,
2026-06-30T00:00:02.185314+00:00,2026-06-30T10:00:02.177303,1,2,66.15,0.5,65.9,67,,,,,,,,,,,,,,,,,,,66.4,100,66.5,150,,,,,,,,,,,,,,,,
2026-06-30T00:00:02.238187+00:00,2026-06-30T10:00:02.233628,1,1,66.15,0.5,65.9,67,,,,,,,,,,,,,,,,,,,66.4,100,,,,,,,,,,,,,,,,,,
2026-06-30T00:00:02.292983+00:00,2026-06-30T10:00:02.289982,2,1,66.15,0.5,65.9,67,65.5,150,,,,,,,,,,,,,,,,,66.4,100,,,,,,,,,,,,,,,,,,
2026-06-30T00:00:02.347356+00:00,2026-06-30T10:00:02.342310,2,2,65.95,0.1,65.9,67,65.5,150,,,,,,,,,,,,,,,,,66.0,150,66.4,100,,,,,,,,,,,,,,,,
2026-06-30T00:00:03.107417+00:00,2026-06-30T10:00:03.099417,1,1,65.75,0.5,65.5,150,,,,,,,,,,,,,,,,,,,66.0,150,,,,,,,,,,,,,,,,,,
2026-06-30T00:00:03.161794+00:00,2026-06-30T10:00:03.155715,2,1,65.9,0.2,65.8,100,65.5,150,,,,,,,,,,,,,,,,,66.0,150,,,,,,,,,,,,,,,,,,
2026-06-30T00:00:03.217065+00:00,2026-06-30T10:00:03.209065,2,2,65.9,0.2,65.8,100,65.5,150,,,,,,,,,,,,,,,,,66.0,150,66.3,100,,,,,,,,,,,,,,,,
2026-06-30T00:00:03.898948+00:00,2026-06-30T10:00:03.888644,2,2,65.9,0.2,65.8,100,65.5,150,,,,,,,,,,,,,,,,,66.0,105,66.3,100,,,,,,,,,,,,,,,,
2026-06-30T00:00:04.290099+00:00,2026-06-30T10:00:04.284030,2,2,65.9,0.2,65.8,50,65.5,150,,,,,,,,,,,,,,,,,66.0,105,66.3,100,,,,,,,,,,,,,,,,
2026-06-30T00:00:04.409877+00:00,2026-06-30T10:00:04.403815,2,2,65.9,0.2,65.8,3,65.5,150,,,,,,,,,,,,,,,,,66.0,105,66.3,100,,,,,,,,,,,,,,,,
2026-06-30T00:00:05.398065+00:00,2026-06-30T10:00:05.396505,2,1,66.05,0.5,65.8,3,65.5,150,,,,,,,,,,,,,,,,,66.3,100,,,,,,,,,,,,,,,,,,
2026-06-30T00:00:05.408643+00:00,2026-06-30T10:00:05.398206,1,1,66.05,0.5,65.8,3,,,,,,,,,,,,,,,,,,,66.3,100,,,,,,,,,,,,,,,,,,
2026-06-30T00:00:05.452912+00:00,2026-06-30T10:00:05.450912,2,1,66.05,0.5,65.8,3,65.5,150,,,,,,,,,,,,,,,,,66.3,100,,,,,,,,,,,,,,,,,,
2026-06-30T00:00:05.507301+00:00,2026-06-30T10:00:05.502273,2,2,65.9,0.2,65.8,3,65.5,150,,,,,,,,,,,,,,,,,66.0,150,66.3,100,,,,,,,,,,,,,,,,
2026-06-30T00:00:06.267493+00:00,2026-06-30T10:00:06.265460,1,1,65.75,0.5,65.5,150,,,,,,,,,,,,,,,,,,,66.0,150,,,,,,,,,,,,,,,,,,
2026-06-30T00:00:06.332936+00:00,2026-06-30T10:00:06.326873,2,1,65.75,0.5,65.5,150,65.4,100,,,,,,,,,,,,,,,,,66.0,150,,,,,,,,,,,,,,,,,,
2026-06-30T00:00:06.387292+00:00,2026-06-30T10:00:06.379247,2,2,65.7,0.4,65.5,150,65.4,100,,,,,,,,,,,,,,,,,65.9,100,66.0,150,,,,,,,,,,,,,,,,
2026-06-30T00:00:06.397870+00:00,2026-06-30T10:00:06.392311,2,2,65.7,0.4,65.5,100,65.4,100,,,,,,,,,,,,,,,,,65.9,100,66.0,150,,,,,,,,,,,,,,,,
2026-06-30T00:00:08.346117+00:00,2026-06-30T10:00:08.340116,2,2,65.7,0.4,65.5,100,65.4,100,,,,,,,,,,,,,,,,,65.9,95,66.0,150,,,,,,,,,,,,,,,,
2026-06-30T00:00:08.562086+00:00,2026-06-30T10:00:08.557023,1,1,65.65,0.5,65.4,100,,,,,,,,,,,,,,,,,,,65.9,95,,,,,,,,,,,,,,,,,,
2026-06-30T00:00:08.617394+00:00,2026-06-30T10:00:08.608394,1,1,65.65,0.5,65.4,250,,,,,,,,,,,,,,,,,,,65.9,95,,,,,,,,,,,,,,,,,,
2026-06-30T00:00:08.671735+00:00,2026-06-30T10:00:08.662735,1,1,65.65,0.5,65.4,250,,,,,,,,,,,,,,,,,,,65.9,245,,,,,,,,,,,,,,,,,,
2026-06-30T00:00:09.435469+00:00,2026-06-30T10:00:09.433469,1,1,65.65,0.5,65.4,250,,,,,,,,,,,,,,,,,,,65.9,150,,,,,,,,,,,,,,,,,,
2026-06-30T00:00:09.446542+00:00,2026-06-30T10:00:09.436470,1,1,65.65,0.5,65.4,150,,,,,,,,,,,,,,,,,,,65.9,150,,,,,,,,,,,,,,,,,,
2026-06-30T00:00:09.498928+00:00,2026-06-30T10:00:09.489367,2,1,65.75,0.3,65.6,100,65.4,150,,,,,,,,,,,,,,,,,65.9,150,,,,,,,,,,,,,,,,,,
2026-06-30T00:00:09.543291+00:00,2026-06-30T10:00:09.542291,2,2,65.75,0.3,65.6,100,65.4,150,,,,,,,,,,,,,,,,,65.9,150,66.1,100,,,,,,,,,,,,,,,,
2026-06-30T00:00:09.662086+00:00,2026-06-30T10:00:09.660086,3,2,65.85,0.1,65.8,5,65.6,100,65.4,150,,,,,,,,,,,,,,,65.9,150,66.1,100,,,,,,,,,,,,,,,,
2026-06-30T00:00:10.618737+00:00,2026-06-30T10:00:10.615178,2,2,65.75,0.3,65.6,55,65.4,150,,,,,,,,,,,,,,,,,65.9,150,66.1,100,,,,,,,,,,,,,,,,
2026-06-30T00:00:11.728309+00:00,2026-06-30T10:00:11.721747,1,1,65.85,0.5,65.6,55,,,,,,,,,,,,,,,,,,,66.1,100,,,,,,,,,,,,,,,,,,
2026-06-30T00:00:11.783179+00:00,2026-06-30T10:00:11.778179,2,1,65.85,0.5,65.6,55,65.5,150,,,,,,,,,,,,,,,,,66.1,100,,,,,,,,,,,,,,,,,,
2026-06-30T00:00:11.837572+00:00,2026-06-30T10:00:11.828525,2,2,65.8,0.4,65.6,55,65.5,150,,,,,,,,,,,,,,,,,66.0,150,66.1,100,,,,,,,,,,,,,,,,
2026-06-30T00:00:12.600154+00:00,2026-06-30T10:00:12.597092,1,1,65.75,0.5,65.5,150,,,,,,,,,,,,,,,,,,,66.0,150,,,,,,,,,,,,,,,,,,
2026-06-30T00:00:12.655472+00:00,2026-06-30T10:00:12.649473,2,1,65.8,0.4,65.6,100,65.5,150,,,,,,,,,,,,,,,,,66.0,150,,,,,,,,,,,,,,,,,,
2026-06-30T00:00:12.708887+00:00,2026-06-30T10:00:12.703328,2,2,65.8,0.4,65.6,100,65.5,150,,,,,,,,,,,,,,,,,66.0,150,66.1,100,,,,,,,,,,,,,,,,
2026-06-30T00:00:12.731030+00:00,2026-06-30T10:00:12.723967,3,2,65.85,0.3,65.7,4,65.6,50,65.5,150,,,,,,,,,,,,,,,66.0,150,66.1,100,,,,,,,,,,,,,,,,
2026-06-30T00:00:13.448891+00:00,2026-06-30T10:00:13.445330,3,2,65.85,0.3,65.7,3,65.6,50,65.5,150,,,,,,,,,,,,,,,66.0,153,66.1,100,,,,,,,,,,,,,,,,
2026-06-30T00:00:14.846462+00:00,2026-06-30T10:00:14.843462,2,2,65.8,0.4,65.6,3,65.5,150,,,,,,,,,,,,,,,,,66.0,153,66.1,100,,,,,,,,,,,,,,,,
2026-06-30T00:00:14.888781+00:00,2026-06-30T10:00:14.883221,1,2,65.8,0.4,65.6,3,,,,,,,,,,,,,,,,,,,66.0,3,66.1,100,,,,,,,,,,,,,,,,
2026-06-30T00:00:14.944144+00:00,2026-06-30T10:00:14.935081,2,2,65.8,0.4,65.6,3,65.5,150,,,,,,,,,,,,,,,,,66.0,3,66.1,100,,,,,,,,,,,,,,,,
2026-06-30T00:00:14.998006+00:00,2026-06-30T10:00:14.989446,2,2,65.8,0.4,65.6,3,65.5,150,,,,,,,,,,,,,,,,,66.0,153,66.1,100,,,,,,,,,,,,,,,,
2026-06-30T00:00:15.454266+00:00,2026-06-30T10:00:15.445203,3,2,65.85,0.3,65.7,4,65.6,3,65.5,150,,,,,,,,,,,,,,,66.0,153,66.1,100,,,,,,,,,,,,,,,,
2026-06-30T00:00:15.758787+00:00,2026-06-30T10:00:15.758274,3,1,65.85,0.3,65.7,4,65.6,3,65.5,150,,,,,,,,,,,,,,,66.0,153,,,,,,,,,,,,,,,,,,
2026-06-30T00:00:15.769869+00:00,2026-06-30T10:00:15.759806,2,1,65.85,0.3,65.7,4,65.5,150,,,,,,,,,,,,,,,,,66.0,153,,,,,,,,,,,,,,,,,,
2026-06-30T00:00:15.814129+00:00,2026-06-30T10:00:15.812137,3,1,65.85,0.3,65.7,4,65.5,150,65.1,100,,,,,,,,,,,,,,,66.0,153,,,,,,,,,,,,,,,,,,
2026-06-30T00:00:15.836261+00:00,2026-06-30T10:00:15.829261,3,1,65.85,0.3,65.7,3,65.5,150,65.1,100,,,,,,,,,,,,,,,66.0,153,,,,,,,,,,,,,,,,,,
2026-06-30T00:00:15.878073+00:00,2026-06-30T10:00:15.870505,2,2,65.55,0.1,65.5,150,65.1,100,,,,,,,,,,,,,,,,,65.6,97,66.0,153,,,,,,,,,,,,,,,,
2026-06-30T00:00:15.910794+00:00,2026-06-30T10:00:15.901732,2,2,65.55,0.1,65.5,150,65.1,100,,,,,,,,,,,,,,,,,65.6,94,66.0,153,,,,,,,,,,,,,,,,
2026-06-30T00:00:16.954198+00:00,2026-06-30T10:00:16.950198,2,2,65.55,0.1,65.5,100,65.1,100,,,,,,,,,,,,,,,,,65.6,94,66.0,153,,,,,,,,,,,,,,,,
2026-06-30T00:00:18.043945+00:00,2026-06-30T10:00:18.041945,2,2,65.55,0.1,65.5,100,65.1,100,,,,,,,,,,,,,,,,,65.6,94,66.0,3,,,,,,,,,,,,,,,,
2026-06-30T00:00:18.055008+00:00,2026-06-30T10:00:18.044083,1,2,65.35,0.5,65.1,100,,,,,,,,,,,,,,,,,,,65.6,94,66.0,3,,,,,,,,,,,,,,,,
2026-06-30T00:00:18.097823+00:00,2026-06-30T10:00:18.096263,1,2,65.35,0.5,65.1,250,,,,,,,,,,,,,,,,,,,65.6,94,66.0,3,,,,,,,,,,,,,,,,
2026-06-30T00:00:18.152187+00:00,2026-06-30T10:00:18.147177,1,2,65.35,0.5,65.1,250,,,,,,,,,,,,,,,,,,,65.6,244,66.0,3,,,,,,,,,,,,,,,,
2026-06-30T00:00:18.934478+00:00,2026-06-30T10:00:18.926414,1,2,65.35,0.5,65.1,150,,,,,,,,,,,,,,,,,,,65.6,150,66.0,3,,,,,,,,,,,,,,,,
2026-06-30T00:00:18.988410+00:00,2026-06-30T10:00:18.979841,2,2,65.35,0.5,65.1,150,65.0,100,,,,,,,,,,,,,,,,,65.6,150,66.0,3,,,,,,,,,,,,,,,,
2026-06-30T00:00:19.043257+00:00,2026-06-30T10:00:19.035194,2,3,65.3,0.4,65.1,150,65.0,100,,,,,,,,,,,,,,,,,65.5,100,65.6,150,66.0,3,,,,,,,,,,,,,,
2026-06-30T00:00:19.076497+00:00,2026-06-30T10:00:19.073497,2,3,65.3,0.4,65.1,100,65.0,100,,,,,,,,,,,,,,,,,65.5,100,65.6,150,66.0,3,,,,,,,,,,,,,,
2026-06-30T00:00:20.737818+00:00,2026-06-30T10:00:20.731267,2,2,65.3,0.4,65.1,100,65.0,100,,,,,,,,,,,,,,,,,65.5,55,65.6,150,,,,,,,,,,,,,,,,
2026-06-30T00:00:21.162198+00:00,2026-06-30T10:00:21.158198,2,3,65.3,0.4,65.1,100,65.0,100,,,,,,,,,,,,,,,,,65.5,55,65.6,150,65.8,7,,,,,,,,,,,,,,
2026-06-30T00:00:21.184323+00:00,2026-06-30T10:00:21.178323,2,3,65.3,0.4,65.1,50,65.0,100,,,,,,,,,,,,,,,,,65.5,55,65.6,150,65.8,7,,,,,,,,,,,,,,
2026-06-30T00:00:21.206481+00:00,2026-06-30T10:00:21.201481,1,2,65.25,0.5,65.0,100,,,,,,,,,,,,,,,,,,,65.5,55,65.8,7,,,,,,,,,,,,,,,,
2026-06-30T00:00:21.259876+00:00,2026-06-30T10:00:21.254813,2,2,65.25,0.5,65.0,100,64.5,150,,,,,,,,,,,,,,,,,65.5,55,65.8,7,,,,,,,,,,,,,,,,
2026-06-30T00:00:21.315182+00:00,2026-06-30T10:00:21.307171,1,3,64.75,0.5,64.5,150,,,,,,,,,,,,,,,,,,,65.0,50,65.5,55,65.8,7,,,,,,,,,,,,,,
2026-06-30T00:00:22.098622+00:00,2026-06-30T10:00:22.089054,1,2,64.75,0.5,64.5,150,,,,,,,,,,,,,,,,,,,65.0,50,65.8,7,,,,,,,,,,,,,,,,
2026-06-30T00:00:22.153945+00:00,2026-06-30T10:00:22.147934,2,2,64.85,0.3,64.7,100,64.5,150,,,,,,,,,,,,,,,,,65.0,50,65.8,7,,,,,,,,,,,,,,,,
2026-06-30T00:00:22.197242+00:00,2026-06-30T10:00:22.194214,2,3,64.85,0.3,64.7,100,64.5,150,,,,,,,,,,,,,,,,,65.0,50,65.2,100,65.8,7,,,,,,,,,,,,,,
2026-06-30T00:00:24.253021+00:00,2026-06-30T10:00:24.246957,2,3,64.85,0.3,64.7,100,64.5,150,,,,,,,,,,,,,,,,,65.0,1,65.2,100,65.8,7,,,,,,,,,,,,,,
2026-06-30T00:00:24.328577+00:00,2026-06-30T10:00:24.318153,2,2,64.85,0.3,64.7,100,64.5,150,,,,,,,,,,,,,,,,,65.0,1,65.2,100,,,,,,,,,,,,,,,,
2026-06-30T00:00:24.372843+00:00,2026-06-30T10:00:24.363780,1,1,64.95,0.5,64.7,100,,,,,,,,,,,,,,,,,,,65.2,100,,,,,,,,,,,,,,,,,,
2026-06-30T00:00:24.427196+00:00,2026-06-30T10:00:24.417253,2,0,,,65.2,50,64.7,100,,,,,,,,,,,,,,,,,,,,,,,,,,,,,,,,,,,,
2026-06-30T00:00:24.492137+00:00,2026-06-30T10:00:24.485075,2,1,65.45,0.5,65.2,50,64.7,100,,,,,,,,,,,,,,,,,65.7,150,,,,,,,,,,,,,,,,,,
2026-06-30T00:00:25.091156+00:00,2026-06-30T10:00:25.086092,2,2,65.4,0.4,65.2,50,64.7,100,,,,,,,,,,,,,,,,,65.6,7,65.7,150,,,,,,,,,,,,,,,,
2026-06-30T00:00:25.254785+00:00,2026-06-30T10:00:25.253785,1,2,65.4,0.4,65.2,50,,,,,,,,,,,,,,,,,,,65.6,7,65.7,150,,,,,,,,,,,,,,,,
2026-06-30T00:00:25.309162+00:00,2026-06-30T10:00:25.307152,2,2,65.4,0.4,65.2,50,65.1,100,,,,,,,,,,,,,,,,,65.6,7,65.7,150,,,,,,,,,,,,,,,,
2026-06-30T00:00:25.342361+00:00,2026-06-30T10:00:25.341361,2,1,65.45,0.5,65.2,50,65.1,100,,,,,,,,,,,,,,,,,65.7,107,,,,,,,,,,,,,,,,,,
2026-06-30T00:00:25.364483+00:00,2026-06-30T10:00:25.361474,2,2,65.4,0.4,65.2,50,65.1,100,,,,,,,,,,,,,,,,,65.6,100,65.7,107,,,,,,,,,,,,,,,,
2026-06-30T00:00:25.854190+00:00,2026-06-30T10:00:25.845138,2,2,65.4,0.4,65.2,50,65.1,100,,,,,,,,,,,,,,,,,65.6,107,65.7,107,,,,,,,,,,,,,,,,
2026-06-30T00:00:25.908045+00:00,2026-06-30T10:00:25.904491,2,2,65.4,0.4,65.2,50,65.1,100,,,,,,,,,,,,,,,,,65.6,63,65.7,107,,,,,,,,,,,,,,,,
2026-06-30T00:00:27.452955+00:00,2026-06-30T10:00:27.443893,2,2,65.4,0.4,65.2,50,65.1,100,,,,,,,,,,,,,,,,,65.6,13,65.7,107,,,,,,,,,,,,,,,,
2026-06-30T00:00:27.540087+00:00,2026-06-30T10:00:27.536017,1,1,65.35,0.5,65.1,100,,,,,,,,,,,,,,,,,,,65.6,13,,,,,,,,,,,,,,,,,,
2026-06-30T00:00:27.595410+00:00,2026-06-30T10:00:27.589410,2,1,65.35,0.5,65.1,100,64.9,150,,,,,,,,,,,,,,,,,65.6,13,,,,,,,,,,,,,,,,,,
2026-06-30T00:00:27.617534+00:00,2026-06-30T10:00:27.615534,2,1,65.35,0.5,65.1,100,64.9,150,,,,,,,,,,,,,,,,,65.6,6,,,,,,,,,,,,,,,,,,
2026-06-30T00:00:27.649818+00:00,2026-06-30T10:00:27.641755,2,2,65.25,0.3,65.1,100,64.9,150,,,,,,,,,,,,,,,,,65.4,150,65.6,6,,,,,,,,,,,,,,,,
2026-06-30T00:00:28.423946+00:00,2026-06-30T10:00:28.415874,2,1,65.25,0.3,65.1,100,64.9,150,,,,,,,,,,,,,,,,,65.4,150,,,,,,,,,,,,,,,,,,
2026-06-30T00:00:28.435010+00:00,2026-06-30T10:00:28.423946,1,1,65.15,0.5,64.9,150,,,,,,,,,,,,,,,,,,,65.4,150,,,,,,,,,,,,,,,,,,
2026-06-30T00:00:28.477817+00:00,2026-06-30T10:00:28.472257,1,1,65.15,0.5,64.9,150,,,,,,,,,,,,,,,,,,,65.4,50,,,,,,,,,,,,,,,,,,
2026-06-30T00:00:28.532187+00:00,2026-06-30T10:00:28.527176,1,2,65.15,0.5,64.9,150,,,,,,,,,,,,,,,,,,,65.4,50,66.0,100,,,,,,,,,,,,,,,,
2026-06-30T00:00:28.576457+00:00,2026-06-30T10:00:28.566376,1,3,65.15,0.5,64.9,150,,,,,,,,,,,,,,,,,,,65.4,50,65.6,6,66.0,100,,,,,,,,,,,,,,
2026-06-30T00:00:29.325936+00:00,2026-06-30T10:00:29.314878,1,3,65.15,0.5,64.9,105,,,,,,,,,,,,,,,,,,,65.4,50,65.6,6,66.0,100,,,,,,,,,,,,,,
2026-06-30T00:00:29.565415+00:00,2026-06-30T10:00:29.556351,1,2,65.25,0.7,64.9,105,,,,,,,,,,,,,,,,,,,65.6,6,66.0,100,,,,,,,,,,,,,,,,
2026-06-30T00:00:29.663094+00:00,2026-06-30T10:00:29.662094,2,2,65.45,0.3,65.3,1,64.9,105,,,,,,,,,,,,,,,,,65.6,6,66.0,100,,,,,,,,,,,,,,,,
2026-06-30T00:00:30.600883+00:00,2026-06-30T10:00:30.591820,2,2,65.45,0.3,65.3,1,64.9,105,,,,,,,,,,,,,,,,,65.6,5,66.0,100,,,,,,,,,,,,,,,,
2026-06-30T00:00:30.698524+00:00,2026-06-30T10:00:30.693942,1,2,65.45,0.3,65.3,1,,,,,,,,,,,,,,,,,,,65.6,5,66.0,100,,,,,,,,,,,,,,,,
2026-06-30T00:00:30.753408+00:00,2026-06-30T10:00:30.746315,1,2,65.45,0.3,65.3,151,,,,,,,,,,,,,,,,,,,65.6,5,66.0,100,,,,,,,,,,,,,,,,
2026-06-30T00:00:30.807749+00:00,2026-06-30T10:00:30.798721,1,3,65.45,0.3,65.3,151,,,,,,,,,,,,,,,,,,,65.6,5,65.8,150,66.0,100,,,,,,,,,,,,,,
2026-06-30T00:00:31.079061+00:00,2026-06-30T10:00:31.072501,1,2,65.55,0.5,65.3,151,,,,,,,,,,,,,,,,,,,65.8,150,66.0,100,,,,,,,,,,,,,,,,
2026-06-30T00:00:31.145475+00:00,2026-06-30T10:00:31.143475,1,2,65.55,0.5,65.3,102,,,,,,,,,,,,,,,,,,,65.8,150,66.0,100,,,,,,,,,,,,,,,,
2026-06-30T00:00:31.581038+00:00,2026-06-30T10:00:31.580037,1,1,65.55,0.5,65.3,102,,,,,,,,,,,,,,,,,,,65.8,150,,,,,,,,,,,,,,,,,,
2026-06-30T00:00:31.636344+00:00,2026-06-30T10:00:31.632344,2,1,65.55,0.5,65.3,102,65.2,100,,,,,,,,,,,,,,,,,65.8,150,,,,,,,,,,,,,,,,,,
2026-06-30T00:00:31.668609+00:00,2026-06-30T10:00:31.663041,2,1,65.55,0.5,65.3,102,65.2,100,,,,,,,,,,,,,,,,,65.8,100,,,,,,,,,,,,,,,,,,
2026-06-30T00:00:31.690755+00:00,2026-06-30T10:00:31.685691,2,2,65.5,0.4,65.3,102,65.2,100,,,,,,,,,,,,,,,,,65.7,100,65.8,100,,,,,,,,,,,,,,,,
2026-06-30T00:00:31.712880+00:00,2026-06-30T10:00:31.710881,2,2,65.5,0.4,65.3,102,65.2,100,,,,,,,,,,,,,,,,,65.7,60,65.8,100,,,,,,,,,,,,,,,,
2026-06-30T00:00:33.668369+00:00,2026-06-30T10:00:33.661801,2,3,65.45,0.3,65.3,102,65.2,100,,,,,,,,,,,,,,,,,65.6,5,65.7,60,65.8,100,,,,,,,,,,,,,,
2026-06-30T00:00:33.712163+00:00,2026-06-30T10:00:33.702101,2,2,65.5,0.4,65.3,102,65.2,100,,,,,,,,,,,,,,,,,65.7,60,65.8,100,,,,,,,,,,,,,,,,
2026-06-30T00:00:33.723234+00:00,2026-06-30T10:00:33.719234,2,2,65.5,0.4,65.3,102,65.2,100,,,,,,,,,,,,,,,,,65.7,65,65.8,100,,,,,,,,,,,,,,,,
2026-06-30T00:00:33.777565+00:00,2026-06-30T10:00:33.774538,3,2,65.55,0.3,65.4,2,65.3,102,65.2,100,,,,,,,,,,,,,,,65.7,15,65.8,100,,,,,,,,,,,,,,,,
2026-06-30T00:00:33.854060+00:00,2026-06-30T10:00:33.853061,2,1,65.55,0.3,65.4,2,65.2,100,,,,,,,,,,,,,,,,,65.7,15,,,,,,,,,,,,,,,,,,
2026-06-30T00:00:33.907463+00:00,2026-06-30T10:00:33.906416,2,1,65.55,0.3,65.4,152,65.2,100,,,,,,,,,,,,,,,,,65.7,15,,,,,,,,,,,,,,,,,,
2026-06-30T00:00:33.961855+00:00,2026-06-30T10:00:33.958855,2,2,65.55,0.3,65.4,152,65.2,100,,,,,,,,,,,,,,,,,65.7,15,65.9,150,,,,,,,,,,,,,,,,
2026-06-30T00:00:34.746364+00:00,2026-06-30T10:00:34.743364,1,2,65.55,0.3,65.4,152,,,,,,,,,,,,,,,,,,,65.7,5,65.9,150,,,,,,,,,,,,,,,,
2026-06-30T00:00:34.800775+00:00,2026-06-30T10:00:34.795721,1,2,65.55,0.3,65.4,252,,,,,,,,,,,,,,,,,,,65.7,5,65.9,150,,,,,,,,,,,,,,,,
2026-06-30T00:00:34.822921+00:00,2026-06-30T10:00:34.814847,1,2,65.55,0.3,65.4,252,,,,,,,,,,,,,,,,,,,65.7,4,65.9,150,,,,,,,,,,,,,,,,
2026-06-30T00:00:34.856109+00:00,2026-06-30T10:00:34.847099,1,2,65.55,0.3,65.4,252,,,,,,,,,,,,,,,,,,,65.7,4,65.9,250,,,,,,,,,,,,,,,,
2026-06-30T00:00:35.594932+00:00,2026-06-30T10:00:35.593932,1,2,65.55,0.3,65.4,207,,,,,,,,,,,,,,,,,,,65.7,4,65.9,250,,,,,,,,,,,,,,,,
2026-06-30T00:00:35.931194+00:00,2026-06-30T10:00:35.929194,1,2,65.55,0.3,65.4,157,,,,,,,,,,,,,,,,,,,65.7,4,65.9,250,,,,,,,,,,,,,,,,
2026-06-30T00:00:35.942258+00:00,2026-06-30T10:00:35.935194,1,2,65.55,0.3,65.4,159,,,,,,,,,,,,,,,,,,,65.7,4,65.9,250,,,,,,,,,,,,,,,,
2026-06-30T00:00:37.018943+00:00,2026-06-30T10:00:37.013384,1,2,65.55,0.3,65.4,102,,,,,,,,,,,,,,,,,,,65.7,4,65.9,100,,,,,,,,,,,,,,,,
2026-06-30T00:00:37.074294+00:00,2026-06-30T10:00:37.066231,2,2,65.55,0.3,65.4,102,65.2,150,,,,,,,,,,,,,,,,,65.7,4,65.9,100,,,,,,,,,,,,,,,,
2026-06-30T00:00:37.127630+00:00,2026-06-30T10:00:37.119630,2,2,65.55,0.3,65.4,102,65.2,150,,,,,,,,,,,,,,,,,65.7,154,65.9,100,,,,,,,,,,,,,,,,
2026-06-30T00:00:37.648203+00:00,2026-06-30T10:00:37.644643,2,2,65.55,0.3,65.4,102,65.2,150,,,,,,,,,,,,,,,,,65.7,106,65.9,100,,,,,,,,,,,,,,,,
2026-06-30T00:00:37.691996+00:00,2026-06-30T10:00:37.686921,2,2,65.55,0.3,65.4,102,65.2,150,,,,,,,,,,,,,,,,,65.7,109,65.9,100,,,,,,,,,,,,,,,,
2026-06-30T00:00:37.929641+00:00,2026-06-30T10:00:37.919579,2,1,65.55,0.3,65.4,2,65.2,150,,,,,,,,,,,,,,,,,65.7,109,,,,,,,,,,,,,,,,,,
2026-06-30T00:00:37.973887+00:00,2026-06-30T10:00:37.970880,3,1,65.6,0.2,65.5,100,65.4,2,65.2,150,,,,,,,,,,,,,,,65.7,109,,,,,,,,,,,,,,,,,,
2026-06-30T00:00:37.984952+00:00,2026-06-30T10:00:37.983943,3,1,65.6,0.2,65.5,100,65.4,2,65.2,150,,,,,,,,,,,,,,,65.7,59,,,,,,,,,,,,,,,,,,
2026-06-30T00:00:38.027788+00:00,2026-06-30T10:00:38.024228,3,2,65.6,0.2,65.5,100,65.4,2,65.2,150,,,,,,,,,,,,,,,65.7,59,66.0,100,,,,,,,,,,,,,,,,
2026-06-30T00:00:38.202960+00:00,2026-06-30T10:00:38.198952,3,2,65.6,0.2,65.5,56,65.4,2,65.2,150,,,,,,,,,,,,,,,65.7,59,66.0,100,,,,,,,,,,,,,,,,
2026-06-30T00:00:40.100168+00:00,2026-06-30T10:00:40.094098,3,2,65.6,0.2,65.5,56,65.4,2,65.2,150,,,,,,,,,,,,,,,65.7,9,66.0,100,,,,,,,,,,,,,,,,
2026-06-30T00:00:40.177535+00:00,2026-06-30T10:00:40.176535,2,2,65.6,0.2,65.5,56,65.4,2,,,,,,,,,,,,,,,,,65.7,3,66.0,100,,,,,,,,,,,,,,,,
2026-06-30T00:00:40.231262+00:00,2026-06-30T10:00:40.230262,3,2,65.65,0.1,65.6,150,65.5,56,65.4,2,,,,,,,,,,,,,,,65.7,3,66.0,100,,,,,,,,,,,,,,,,
2026-06-30T00:00:40.286571+00:00,2026-06-30T10:00:40.284571,3,2,65.8,0.4,65.6,150,65.5,56,65.4,2,,,,,,,,,,,,,,,66.0,100,66.1,150,,,,,,,,,,,,,,,,
2026-06-30T00:00:41.048207+00:00,2026-06-30T10:00:41.046647,3,3,65.7,0.2,65.6,150,65.5,56,65.4,2,,,,,,,,,,,,,,,65.8,3,66.0,100,66.1,150,,,,,,,,,,,,,,
2026-06-30T00:00:41.080923+00:00,2026-06-30T10:00:41.078923,3,2,65.7,0.2,65.6,150,65.5,56,65.4,2,,,,,,,,,,,,,,,65.8,3,66.1,150,,,,,,,,,,,,,,,,
2026-06-30T00:00:41.091986+00:00,2026-06-30T10:00:41.080923,2,2,65.7,0.2,65.6,150,65.4,2,,,,,,,,,,,,,,,,,65.8,3,66.1,150,,,,,,,,,,,,,,,,
2026-06-30T00:00:41.136228+00:00,2026-06-30T10:00:41.134228,3,2,65.7,0.2,65.6,150,65.4,2,65.2,100,,,,,,,,,,,,,,,65.8,3,66.1,150,,,,,,,,,,,,,,,,
2026-06-30T00:00:41.188618+00:00,2026-06-30T10:00:41.188105,3,3,65.65,0.1,65.6,150,65.4,2,65.2,100,,,,,,,,,,,,,,,65.7,100,65.8,3,66.1,150,,,,,,,,,,,,,,
2026-06-30T00:00:42.211946+00:00,2026-06-30T10:00:42.201010,3,3,65.65,0.1,65.6,150,65.4,2,65.2,100,,,,,,,,,,,,,,,65.7,50,65.8,3,66.1,150,,,,,,,,,,,,,,
2026-06-30T00:00:42.297523+00:00,2026-06-30T10:00:42.291477,3,3,65.65,0.1,65.6,150,65.4,2,65.2,100,,,,,,,,,,,,,,,65.7,1,65.8,3,66.1,150,,,,,,,,,,,,,,
2026-06-30T00:00:43.352991+00:00,2026-06-30T10:00:43.344929,2,2,65.55,0.3,65.4,2,65.2,100,,,,,,,,,,,,,,,,,65.7,1,65.8,3,,,,,,,,,,,,,,,,
2026-06-30T00:00:43.407350+00:00,2026-06-30T10:00:43.399305,3,2,65.6,0.2,65.5,150,65.4,2,65.2,100,,,,,,,,,,,,,,,65.7,1,65.8,3,,,,,,,,,,,,,,,,
2026-06-30T00:00:43.450176+00:00,2026-06-30T10:00:43.446112,3,3,65.6,0.2,65.5,150,65.4,2,65.2,100,,,,,,,,,,,,,,,65.7,1,65.8,3,66.0,150,,,,,,,,,,,,,,
2026-06-30T00:00:44.246354+00:00,2026-06-30T10:00:44.243353,2,2,65.65,0.3,65.5,150,65.4,2,,,,,,,,,,,,,,,,,65.8,3,66.0,150,,,,,,,,,,,,,,,,
2026-06-30T00:00:44.300759+00:00,2026-06-30T10:00:44.296695,3,2,65.7,0.2,65.6,100,65.5,150,65.4,2,,,,,,,,,,,,,,,65.8,3,66.0,150,,,,,,,,,,,,,,,,
2026-06-30T00:00:44.311843+00:00,2026-06-30T10:00:44.308843,3,1,65.8,0.4,65.6,100,65.5,150,65.4,2,,,,,,,,,,,,,,,66.0,103,,,,,,,,,,,,,,,,,,
2026-06-30T00:00:44.356093+00:00,2026-06-30T10:00:44.349093,3,2,65.8,0.4,65.6,100,65.5,150,65.4,2,,,,,,,,,,,,,,,66.0,103,66.1,100,,,,,,,,,,,,,,,,
2026-06-30T00:00:44.726037+00:00,2026-06-30T10:00:44.715975,2,2,65.8,0.4,65.6,100,65.5,150,,,,,,,,,,,,,,,,,66.0,103,66.1,100,,,,,,,,,,,,,,,,
2026-06-30T00:00:45.170975+00:00,2026-06-30T10:00:45.162851,2,2,65.8,0.4,65.6,58,65.5,150,,,,,,,,,,,,,,,,,66.0,103,66.1,100,,,,,,,,,,,,,,,,
2026-06-30T00:00:46.426514+00:00,2026-06-30T10:00:46.417504,2,2,65.8,0.4,65.6,58,65.5,150,,,,,,,,,,,,,,,,,66.0,53,66.1,100,,,,,,,,,,,,,,,,
2026-06-30T00:00:46.501044+00:00,2026-06-30T10:00:46.500044,2,1,65.85,0.5,65.6,58,65.5,150,,,,,,,,,,,,,,,,,66.1,100,,,,,,,,,,,,,,,,,,
2026-06-30T00:00:46.512107+00:00,2026-06-30T10:00:46.501218,1,1,65.85,0.5,65.6,58,,,,,,,,,,,,,,,,,,,66.1,100,,,,,,,,,,,,,,,,,,
2026-06-30T00:00:46.556382+00:00,2026-06-30T10:00:46.553383,2,1,65.95,0.3,65.8,150,65.6,58,,,,,,,,,,,,,,,,,66.1,100,,,,,,,,,,,,,,,,,,
2026-06-30T00:00:46.608769+00:00,2026-06-30T10:00:46.606209,2,2,65.95,0.3,65.8,150,65.6,58,,,,,,,,,,,,,,,,,66.1,100,66.3,150,,,,,,,,,,,,,,,,
2026-06-30T00:00:46.653036+00:00,2026-06-30T10:00:46.648025,2,2,65.95,0.3,65.8,105,65.6,58,,,,,,,,,,,,,,,,,66.1,100,66.3,150,,,,,,,,,,,,,,,,
2026-06-30T00:00:47.405434+00:00,2026-06-30T10:00:47.404434,2,1,66.05,0.5,65.8,105,65.6,58,,,,,,,,,,,,,,,,,66.3,150,,,,,,,,,,,,,,,,,,
2026-06-30T00:00:47.416498+00:00,2026-06-30T10:00:47.406435,1,1,66.05,0.5,65.8,105,,,,,,,,,,,,,,,,,,,66.3,150,,,,,,,,,,,,,,,,,,
2026-06-30T00:00:47.469902+00:00,2026-06-30T10:00:47.459839,2,1,66.05,0.5,65.8,105,65.3,100,,,,,,,,,,,,,,,,,66.3,150,,,,,,,,,,,,,,,,,,
2026-06-30T00:00:47.525242+00:00,2026-06-30T10:00:47.514180,2,1,66.05,0.5,65.8,5,65.3,100,,,,,,,,,,,,,,,,,66.3,150,,,,,,,,,,,,,,,,,,
2026-06-30T00:00:48.579924+00:00,2026-06-30T10:00:48.576869,1,1,65.8,1.0,65.3,55,,,,,,,,,,,,,,,,,,,66.3,150,,,,,,,,,,,,,,,,,,
2026-06-30T00:00:49.242789+00:00,2026-06-30T10:00:49.239790,1,1,65.8,1.0,65.3,55,,,,,,,,,,,,,,,,,,,66.3,103,,,,,,,,,,,,,,,,,,
2026-06-30T00:00:49.667781+00:00,2026-06-30T10:00:49.661221,1,0,,,65.3,55,,,,,,,,,,,,,,,,,,,,,,,,,,,,,,,,,,,,,,
2026-06-30T00:00:49.722187+00:00,2026-06-30T10:00:49.713125,2,0,,,65.5,150,65.3,55,,,,,,,,,,,,,,,,,,,,,,,,,,,,,,,,,,,,
2026-06-30T00:00:49.777499+00:00,2026-06-30T10:00:49.767489,2,1,65.75,0.5,65.5,150,65.3,55,,,,,,,,,,,,,,,,,66.0,150,,,,,,,,,,,,,,,,,,
2026-06-30T00:00:50.573331+00:00,2026-06-30T10:00:50.568331,1,1,65.75,0.5,65.5,150,,,,,,,,,,,,,,,,,,,66.0,150,,,,,,,,,,,,,,,,,,
2026-06-30T00:00:50.627684+00:00,2026-06-30T10:00:50.620684,1,1,65.75,0.5,65.5,250,,,,,,,,,,,,,,,,,,,66.0,150,,,,,,,,,,,,,,,,,,
2026-06-30T00:00:50.682084+00:00,2026-06-30T10:00:50.673021,1,1,65.75,0.5,65.5,250,,,,,,,,,,,,,,,,,,,66.0,250,,,,,,,,,,,,,,,,,,
2026-06-30T00:00:50.921163+00:00,2026-06-30T10:00:50.911101,2,1,65.8,0.4,65.6,5,65.5,250,,,,,,,,,,,,,,,,,66.0,250,,,,,,,,,,,,,,,,,,
2026-06-30T00:00:52.796500+00:00,2026-06-30T10:00:52.787490,1,1,65.75,0.5,65.5,250,,,,,,,,,,,,,,,,,,,66.0,250,,,,,,,,,,,,,,,,,,
2026-06-30T00:00:52.828287+00:00,2026-06-30T10:00:52.822726,1,1,65.75,0.5,65.5,100,,,,,,,,,,,,,,,,,,,66.0,100,,,,,,,,,,,,,,,,,,
2026-06-30T00:00:52.894194+00:00,2026-06-30T10:00:52.884132,2,1,65.8,0.4,65.6,150,65.5,100,,,,,,,,,,,,,,,,,66.0,100,,,,,,,,,,,,,,,,,,
2026-06-30T00:00:52.948604+00:00,2026-06-30T10:00:52.938349,2,2,65.8,0.4,65.6,150,65.5,100,,,,,,,,,,,,,,,,,66.0,100,66.1,150,,,,,,,,,,,,,,,,
2026-06-30T00:00:53.100678+00:00,2026-06-30T10:00:53.095615,2,2,65.8,0.4,65.6,155,65.5,100,,,,,,,,,,,,,,,,,66.0,100,66.1,150,,,,,,,,,,,,,,,,
2026-06-30T00:00:53.741152+00:00,2026-06-30T10:00:53.733078,1,1,65.85,0.5,65.6,155,,,,,,,,,,,,,,,,,,,66.1,150,,,,,,,,,,,,,,,,,,
2026-06-30T00:00:53.785426+00:00,2026-06-30T10:00:53.784426,1,1,65.85,0.5,65.6,255,,,,,,,,,,,,,,,,,,,66.1,150,,,,,,,,,,,,,,,,,,
2026-06-30T00:00:53.838834+00:00,2026-06-30T10:00:53.836254,1,1,65.85,0.5,65.6,255,,,,,,,,,,,,,,,,,,,66.1,250,,,,,,,,,,,,,,,,,,
2026-06-30T00:00:54.371986+00:00,2026-06-30T10:00:54.361906,1,1,65.85,0.5,65.6,255,,,,,,,,,,,,,,,,,,,66.1,206,,,,,,,,,,,,,,,,,,
2026-06-30T00:00:54.427334+00:00,2026-06-30T10:00:54.416271,1,1,65.85,0.5,65.6,209,,,,,,,,,,,,,,,,,,,66.1,206,,,,,,,,,,,,,,,,,,
2026-06-30T00:00:54.895043+00:00,2026-06-30T10:00:54.894043,1,1,65.85,0.5,65.6,159,,,,,,,,,,,,,,,,,,,66.1,206,,,,,,,,,,,,,,,,,,
2026-06-30T00:00:56.000775+00:00,2026-06-30T10:00:55.994713,1,1,65.85,0.5,65.6,105,,,,,,,,,,,,,,,,,,,66.1,100,,,,,,,,,,,,,,,,,,
2026-06-30T00:00:56.022898+00:00,2026-06-30T10:00:56.014836,1,1,65.85,0.5,65.6,105,,,,,,,,,,,,,,,,,,,66.1,52,,,,,,,,,,,,,,,,,,
2026-06-30T00:00:56.045023+00:00,2026-06-30T10:00:56.044023,2,1,65.85,0.5,65.6,105,65.5,150,,,,,,,,,,,,,,,,,66.1,52,,,,,,,,,,,,,,,,,,
2026-06-30T00:00:56.098448+00:00,2026-06-30T10:00:56.096887,2,2,65.8,0.4,65.6,105,65.5,150,,,,,,,,,,,,,,,,,66.0,150,66.1,52,,,,,,,,,,,,,,,,
2026-06-30T00:00:56.588295+00:00,2026-06-30T10:00:56.580720,2,2,65.8,0.4,65.6,61,65.5,150,,,,,,,,,,,,,,,,,66.0,150,66.1,52,,,,,,,,,,,,,,,,
2026-06-30T00:00:56.609959+00:00,2026-06-30T10:00:56.601895,2,2,65.8,0.4,65.6,66,65.5,150,,,,,,,,,,,,,,,,,66.0,150,66.1,52,,,,,,,,,,,,,,,,
2026-06-30T00:00:56.893332+00:00,2026-06-30T10:00:56.890333,2,1,65.8,0.4,65.6,5,65.5,150,,,,,,,,,,,,,,,,,66.0,150,,,,,,,,,,,,,,,,,,
2026-06-30T00:00:56.948204+00:00,2026-06-30T10:00:56.942644,2,1,65.8,0.4,65.6,5,65.5,250,,,,,,,,,,,,,,,,,66.0,150,,,,,,,,,,,,,,,,,,
2026-06-30T00:00:57.002091+00:00,2026-06-30T10:00:57.001091,1,1,65.75,0.5,65.5,205,,,,,,,,,,,,,,,,,,,66.0,250,,,,,,,,,,,,,,,,,,
2026-06-30T00:00:59.112303+00:00,2026-06-30T10:00:59.108303,1,1,65.75,0.5,65.5,155,,,,,,,,,,,,,,,,,,,66.0,250,,,,,,,,,,,,,,,,,,
2026-06-30T00:00:59.156566+00:00,2026-06-30T10:00:59.153566,1,1,65.75,0.5,65.5,100,,,,,,,,,,,,,,,,,,,66.0,100,,,,,,,,,,,,,,,,,,
2026-06-30T00:00:59.210022+00:00,2026-06-30T10:00:59.204960,2,1,65.75,0.5,65.5,100,65.1,150,,,,,,,,,,,,,,,,,66.0,100,,,,,,,,,,,,,,,,,,
2026-06-30T00:00:59.265345+00:00,2026-06-30T10:00:59.257335,2,2,65.55,0.1,65.5,100,65.1,150,,,,,,,,,,,,,,,,,65.6,150,66.0,100,,,,,,,,,,,,,,,,
2026-06-30T00:01:00.059651+00:00,2026-06-30T10:01:00.050589,1,1,65.35,0.5,65.1,150,,,,,,,,,,,,,,,,,,,65.6,150,,,,,,,,,,,,,,,,,,
2026-06-30T00:01:00.114965+00:00,2026-06-30T10:01:00.104898,1,1,65.35,0.5,65.1,150,,,,,,,,,,,,,,,,,,,65.6,50,,,,,,,,,,,,,,,,,,
2026-06-30T00:01:00.168337+00:00,2026-06-30T10:01:00.159777,1,2,65.35,0.5,65.1,150,,,,,,,,,,,,,,,,,,,65.6,50,66.2,100,,,,,,,,,,,,,,,,
2026-06-30T00:01:01.169992+00:00,2026-06-30T10:01:01.164912,1,1,65.65,1.1,65.1,150,,,,,,,,,,,,,,,,,,,66.2,100,,,,,,,,,,,,,,,,,,
2026-06-30T00:01:02.313051+00:00,2026-06-30T10:01:02.312051,0,1,,,,,,,,,,,,,,,,,,,,,,,66.2,100,,,,,,,,,,,,,,,,,,
2026-06-30T00:01:02.367923+00:00,2026-06-30T10:01:02.365355,1,1,65.9,0.6,65.6,150,,,,,,,,,,,,,,,,,,,66.2,100,,,,,,,,,,,,,,,,,,
2026-06-30T00:01:02.422283+00:00,2026-06-30T10:01:02.417272,1,2,65.85,0.5,65.6,150,,,,,,,,,,,,,,,,,,,66.1,150,66.2,100,,,,,,,,,,,,,,,,
2026-06-30T00:01:03.218196+00:00,2026-06-30T10:01:03.213637,1,1,65.85,0.5,65.6,150,,,,,,,,,,,,,,,,,,,66.1,150,,,,,,,,,,,,,,,,,,
2026-06-30T00:01:03.273040+00:00,2026-06-30T10:01:03.265974,2,1,65.85,0.5,65.6,150,65.3,100,,,,,,,,,,,,,,,,,66.1,150,,,,,,,,,,,,,,,,,,
2026-06-30T00:01:03.284123+00:00,2026-06-30T10:01:03.277113,2,1,65.85,0.5,65.6,150,65.3,100,,,,,,,,,,,,,,,,,66.1,100,,,,,,,,,,,,,,,,,,
2026-06-30T00:01:03.327952+00:00,2026-06-30T10:01:03.318397,2,2,65.7,0.2,65.6,150,65.3,100,,,,,,,,,,,,,,,,,65.8,100,66.1,100,,,,,,,,,,,,,,,,
2026-06-30T00:01:05.473024+00:00,2026-06-30T10:01:05.472024,2,1,65.7,0.2,65.6,150,65.3,100,,,,,,,,,,,,,,,,,65.8,100,,,,,,,,,,,,,,,,,,
2026-06-30T00:01:05.484087+00:00,2026-06-30T10:01:05.474024,1,1,65.55,0.5,65.3,100,,,,,,,,,,,,,,,,,,,65.8,100,,,,,,,,,,,,,,,,,,
2026-06-30T00:01:05.538478+00:00,2026-06-30T10:01:05.529896,2,1,65.75,0.1,65.7,150,65.3,100,,,,,,,,,,,,,,,,,65.8,100,,,,,,,,,,,,,,,,,,
2026-06-30T00:01:05.593344+00:00,2026-06-30T10:01:05.582281,2,2,65.75,0.1,65.7,150,65.3,100,,,,,,,,,,,,,,,,,65.8,100,66.2,150,,,,,,,,,,,,,,,,
2026-06-30T00:01:05.690015+00:00,2026-06-30T10:01:05.681935,2,2,65.75,0.1,65.7,150,65.3,100,,,,,,,,,,,,,,,,,65.8,58,66.2,150,,,,,,,,,,,,,,,,
2026-06-30T00:01:06.221175+00:00,2026-06-30T10:01:06.214104,2,2,65.75,0.1,65.7,104,65.3,100,,,,,,,,,,,,,,,,,65.8,58,66.2,150,,,,,,,,,,,,,,,,
2026-06-30T00:01:06.375165+00:00,2026-06-30T10:01:06.374165,1,1,65.95,0.5,65.7,104,,,,,,,,,,,,,,,,,,,66.2,150,,,,,,,,,,,,,,,,,,
2026-06-30T00:01:06.428069+00:00,2026-06-30T10:01:06.427511,2,1,65.95,0.5,65.7,104,65.3,100,,,,,,,,,,,,,,,,,66.2,150,,,,,,,,,,,,,,,,,,
2026-06-30T00:01:06.482927+00:00,2026-06-30T10:01:06.479928,2,2,65.75,0.1,65.7,104,65.3,100,,,,,,,,,,,,,,,,,65.8,100,66.2,150,,,,,,,,,,,,,,,,
2026-06-30T00:01:07.350806+00:00,2026-06-30T10:01:07.350806,2,2,65.75,0.1,65.7,104,65.3,100,,,,,,,,,,,,,,,,,65.8,56,66.2,150,,,,,,,,,,,,,,,,
2026-06-30T00:01:07.547622+00:00,2026-06-30T10:01:07.536731,2,2,65.75,0.1,65.7,54,65.3,100,,,,,,,,,,,,,,,,,65.8,56,66.2,150,,,,,,,,,,,,,,,,
2026-06-30T00:01:07.818487+00:00,2026-06-30T10:01:07.813927,2,2,65.75,0.1,65.7,6,65.3,100,,,,,,,,,,,,,,,,,65.8,56,66.2,150,,,,,,,,,,,,,,,,
2026-06-30T00:01:08.427984+00:00,2026-06-30T10:01:08.417585,3,2,65.75,0.1,65.7,6,65.6,5,65.3,100,,,,,,,,,,,,,,,65.8,56,66.2,150,,,,,,,,,,,,,,,,
2026-06-30T00:01:08.645962+00:00,2026-06-30T10:01:08.637952,2,1,65.7,0.2,65.6,5,65.3,100,,,,,,,,,,,,,,,,,65.8,56,,,,,,,,,,,,,,,,,,
2026-06-30T00:01:08.709950+00:00,2026-06-30T10:01:08.700889,3,1,65.7,0.2,65.6,5,65.4,150,65.3,100,,,,,,,,,,,,,,,65.8,56,,,,,,,,,,,,,,,,,,
2026-06-30T00:01:08.765290+00:00,2026-06-30T10:01:08.754375,3,2,65.7,0.2,65.6,5,65.4,150,65.3,100,,,,,,,,,,,,,,,65.8,56,65.9,150,,,,,,,,,,,,,,,,
2026-06-30T00:01:09.539003+00:00,2026-06-30T10:01:09.534437,2,1,65.75,0.3,65.6,5,65.4,150,,,,,,,,,,,,,,,,,65.9,150,,,,,,,,,,,,,,,,,,
2026-06-30T00:01:09.594342+00:00,2026-06-30T10:01:09.586277,3,1,65.8,0.2,65.7,100,65.6,5,65.4,150,,,,,,,,,,,,,,,65.9,150,,,,,,,,,,,,,,,,,,
2026-06-30T00:01:09.648766+00:00,2026-06-30T10:01:09.641207,3,2,65.8,0.2,65.7,50,65.6,5,65.4,150,,,,,,,,,,,,,,,65.9,150,66.2,100,,,,,,,,,,,,,,,,
2026-06-30T00:01:10.475407+00:00,2026-06-30T10:01:10.467397,3,2,65.8,0.2,65.7,50,65.6,5,65.4,150,,,,,,,,,,,,,,,65.9,104,66.2,100,,,,,,,,,,,,,,,,
2026-06-30T00:01:11.051232+00:00,2026-06-30T10:01:11.045170,3,2,65.8,0.2,65.7,4,65.6,5,65.4,150,,,,,,,,,,,,,,,65.9,104,66.2,100,,,,,,,,,,,,,,,,
2026-06-30T00:01:11.607489+00:00,2026-06-30T10:01:11.601443,1,2,65.65,0.5,65.4,150,,,,,,,,,,,,,,,,,,,65.9,104,66.2,100,,,,,,,,,,,,,,,,
2026-06-30T00:01:11.628679+00:00,2026-06-30T10:01:11.625091,2,2,65.75,0.3,65.6,5,65.4,150,,,,,,,,,,,,,,,,,65.9,104,66.2,100,,,,,,,,,,,,,,,,
2026-06-30T00:01:11.760111+00:00,2026-06-30T10:01:11.749207,1,2,65.65,0.5,65.4,105,,,,,,,,,,,,,,,,,,,65.9,104,66.2,100,,,,,,,,,,,,,,,,
2026-06-30T00:01:11.815427+00:00,2026-06-30T10:01:11.809427,0,1,,,,,,,,,,,,,,,,,,,,,,,66.2,100,,,,,,,,,,,,,,,,,,
2026-06-30T00:01:11.868806+00:00,2026-06-30T10:01:11.862238,1,1,65.7,1.0,65.2,150,,,,,,,,,,,,,,,,,,,66.2,100,,,,,,,,,,,,,,,,,,
2026-06-30T00:01:11.924135+00:00,2026-06-30T10:01:11.915070,1,2,65.45,0.5,65.2,150,,,,,,,,,,,,,,,,,,,65.7,150,66.2,100,,,,,,,,,,,,,,,,
2026-06-30T00:01:12.228166+00:00,2026-06-30T10:01:12.225595,2,2,65.65,0.1,65.6,5,65.2,150,,,,,,,,,,,,,,,,,65.7,150,66.2,100,,,,,,,,,,,,,,,,
2026-06-30T00:01:12.696786+00:00,2026-06-30T10:01:12.693786,2,1,65.65,0.1,65.6,5,65.2,150,,,,,,,,,,,,,,,,,65.7,150,,,,,,,,,,,,,,,,,,
2026-06-30T00:01:12.750690+00:00,2026-06-30T10:01:12.746627,3,1,65.65,0.1,65.6,5,65.3,100,65.2,150,,,,,,,,,,,,,,,65.7,150,,,,,,,,,,,,,,,,,,
2026-06-30T00:01:12.805995+00:00,2026-06-30T10:01:12.799995,3,2,65.65,0.1,65.6,5,65.3,100,65.2,150,,,,,,,,,,,,,,,65.7,150,65.8,100,,,,,,,,,,,,,,,,
2026-06-30T00:01:13.858488+00:00,2026-06-30T10:01:13.853928,2,2,65.5,0.4,65.3,100,65.2,150,,,,,,,,,,,,,,,,,65.7,150,65.8,100,,,,,,,,,,,,,,,,
2026-06-30T00:01:14.417325+00:00,2026-06-30T10:01:14.411295,3,2,65.65,0.1,65.6,4,65.3,100,65.2,150,,,,,,,,,,,,,,,65.7,150,65.8,100,,,,,,,,,,,,,,,,
2026-06-30T00:01:14.427930+00:00,2026-06-30T10:01:14.424371,2,2,65.5,0.4,65.3,100,65.2,150,,,,,,,,,,,,,,,,,65.7,150,65.8,100,,,,,,,,,,,,,,,,
2026-06-30T00:01:14.493356+00:00,2026-06-30T10:01:14.487345,3,2,65.6,0.2,65.5,4,65.3,100,65.2,150,,,,,,,,,,,,,,,65.7,150,65.8,100,,,,,,,,,,,,,,,,
2026-06-30T00:01:14.972130+00:00,2026-06-30T10:01:14.968130,2,1,65.65,0.3,65.5,4,65.3,100,,,,,,,,,,,,,,,,,65.8,100,,,,,,,,,,,,,,,,,,
2026-06-30T00:01:15.027441+00:00,2026-06-30T10:01:15.021441,2,1,65.65,0.3,65.5,4,65.3,250,,,,,,,,,,,,,,,,,65.8,100,,,,,,,,,,,,,,,,,,
2026-06-30T00:01:15.081844+00:00,2026-06-30T10:01:15.075774,2,1,65.65,0.3,65.5,4,65.3,250,,,,,,,,,,,,,,,,,65.8,250,,,,,,,,,,,,,,,,,,
2026-06-30T00:01:15.428244+00:00,2026-06-30T10:01:15.427730,2,1,65.65,0.3,65.5,4,65.3,250,,,,,,,,,,,,,,,,,65.8,251,,,,,,,,,,,,,,,,,,
2026-06-30T00:01:15.863207+00:00,2026-06-30T10:01:15.857196,2,1,65.65,0.3,65.5,4,65.3,150,,,,,,,,,,,,,,,,,65.8,151,,,,,,,,,,,,,,,,,,
2026-06-30T00:01:15.917527+00:00,2026-06-30T10:01:15.909527,2,1,65.65,0.3,65.5,4,65.3,250,,,,,,,,,,,,,,,,,65.8,151,,,,,,,,,,,,,,,,,,
2026-06-30T00:01:15.970958+00:00,2026-06-30T10:01:15.963895,1,1,65.55,0.5,65.3,204,,,,,,,,,,,,,,,,,,,65.8,251,,,,,,,,,,,,,,,,,,
2026-06-30T00:01:15.993082+00:00,2026-06-30T10:01:15.989082,2,1,65.65,0.3,65.5,4,65.3,204,,,,,,,,,,,,,,,,,65.8,251,,,,,,,,,,,,,,,,,,
2026-06-30T00:01:18.073083+00:00,2026-06-30T10:01:18.070083,1,1,65.55,0.5,65.3,158,,,,,,,,,,,,,,,,,,,65.8,251,,,,,,,,,,,,,,,,,,
2026-06-30T00:01:18.138023+00:00,2026-06-30T10:01:18.135451,1,1,65.55,0.5,65.3,100,,,,,,,,,,,,,,,,,,,65.8,101,,,,,,,,,,,,,,,,,,
2026-06-30T00:01:18.181809+00:00,2026-06-30T10:01:18.180809,2,1,65.55,0.5,65.3,100,65.0,150,,,,,,,,,,,,,,,,,65.8,101,,,,,,,,,,,,,,,,,,
2026-06-30T00:01:18.237118+00:00,2026-06-30T10:01:18.235118,2,2,65.4,0.2,65.3,100,65.0,150,,,,,,,,,,,,,,,,,65.5,150,65.8,101,,,,,,,,,,,,,,,,
2026-06-30T00:01:18.399856+00:00,2026-06-30T10:01:18.389784,2,2,65.4,0.2,65.3,100,65.0,150,,,,,,,,,,,,,,,,,65.5,150,65.8,100,,,,,,,,,,,,,,,,
2026-06-30T00:01:19.019672+00:00,2026-06-30T10:01:19.017671,1,1,65.25,0.5,65.0,150,,,,,,,,,,,,,,,,,,,65.5,150,,,,,,,,,,,,,,,,,,
2026-06-30T00:01:19.074916+00:00,2026-06-30T10:01:19.070916,2,1,65.4,0.2,65.3,100,65.0,150,,,,,,,,,,,,,,,,,65.5,150,,,,,,,,,,,,,,,,,,
2026-06-30T00:01:19.128718+00:00,2026-06-30T10:01:19.124174,2,2,65.4,0.2,65.3,100,65.0,150,,,,,,,,,,,,,,,,,65.5,150,65.8,100,,,,,,,,,,,,,,,,
2026-06-30T00:01:20.139783+00:00,2026-06-30T10:01:20.135720,2,2,65.4,0.2,65.3,100,65.0,150,,,,,,,,,,,,,,,,,65.5,100,65.8,100,,,,,,,,,,,,,,,,
2026-06-30T00:01:21.293913+00:00,2026-06-30T10:01:21.292904,1,1,65.55,0.5,65.3,100,,,,,,,,,,,,,,,,,,,65.8,100,,,,,,,,,,,,,,,,,,
2026-06-30T00:01:21.347821+00:00,2026-06-30T10:01:21.342261,1,1,65.55,0.5,65.3,250,,,,,,,,,,,,,,,,,,,65.8,100,,,,,,,,,,,,,,,,,,
2026-06-30T00:01:21.413290+00:00,2026-06-30T10:01:21.407280,1,1,65.55,0.5,65.3,250,,,,,,,,,,,,,,,,,,,65.8,250,,,,,,,,,,,,,,,,,,
2026-06-30T00:01:22.185013+00:00,2026-06-30T10:01:22.179013,1,1,65.55,0.5,65.3,150,,,,,,,,,,,,,,,,,,,65.8,150,,,,,,,,,,,,,,,,,,
2026-06-30T00:01:22.237900+00:00,2026-06-30T10:01:22.231323,1,1,65.55,0.5,65.3,250,,,,,,,,,,,,,,,,,,,65.8,150,,,,,,,,,,,,,,,,,,
2026-06-30T00:01:22.259055+00:00,2026-06-30T10:01:22.257495,1,1,65.55,0.5,65.3,250,,,,,,,,,,,,,,,,,,,65.8,100,,,,,,,,,,,,,,,,,,
2026-06-30T00:01:22.292326+00:00,2026-06-30T10:01:22.284255,1,1,65.55,0.5,65.3,250,,,,,,,,,,,,,,,,,,,65.8,200,,,,,,,,,,,,,,,,,,
2026-06-30T00:01:23.881910+00:00,2026-06-30T10:01:23.870847,1,1,65.55,0.5,65.3,250,,,,,,,,,,,,,,,,,,,65.8,156,,,,,,,,,,,,,,,,,,
2026-06-30T00:01:24.371177+00:00,2026-06-30T10:01:24.370177,1,1,65.55,0.5,65.3,250,,,,,,,,,,,,,,,,,,,65.8,106,,,,,,,,,,,,,,,,,,
2026-06-30T00:01:24.469924+00:00,2026-06-30T10:01:24.462819,1,1,65.55,0.5,65.3,100,,,,,,,,,,,,,,,,,,,65.8,100,,,,,,,,,,,,,,,,,,
2026-06-30T00:01:24.525391+00:00,2026-06-30T10:01:24.515351,2,1,65.75,0.1,65.7,150,65.3,100,,,,,,,,,,,,,,,,,65.8,100,,,,,,,,,,,,,,,,,,
2026-06-30T00:01:24.579786+00:00,2026-06-30T10:01:24.568835,2,2,65.75,0.1,65.7,150,65.3,100,,,,,,,,,,,,,,,,,65.8,100,66.2,150,,,,,,,,,,,,,,,,
2026-06-30T00:01:25.340110+00:00,2026-06-30T10:01:25.339110,2,1,65.95,0.5,65.7,150,65.3,100,,,,,,,,,,,,,,,,,66.2,150,,,,,,,,,,,,,,,,,,
2026-06-30T00:01:25.351173+00:00,2026-06-30T10:01:25.340110,1,1,65.95,0.5,65.7,150,,,,,,,,,,,,,,,,,,,66.2,150,,,,,,,,,,,,,,,,,,
2026-06-30T00:01:25.395423+00:00,2026-06-30T10:01:25.393424,2,1,65.95,0.5,65.7,150,65.5,100,,,,,,,,,,,,,,,,,66.2,150,,,,,,,,,,,,,,,,,,
2026-06-30T00:01:25.448802+00:00,2026-06-30T10:01:25.445242,2,2,65.85,0.3,65.7,150,65.5,100,,,,,,,,,,,,,,,,,66.0,100,66.2,150,,,,,,,,,,,,,,,,
2026-06-30T00:01:27.622828+00:00,2026-06-30T10:01:27.621828,2,1,65.85,0.3,65.7,150,65.5,100,,,,,,,,,,,,,,,,,66.0,100,,,,,,,,,,,,,,,,,,
2026-06-30T00:01:27.633892+00:00,2026-06-30T10:01:27.622828,1,1,65.75,0.5,65.5,100,,,,,,,,,,,,,,,,,,,66.0,100,,,,,,,,,,,,,,,,,,
2026-06-30T00:01:27.677187+00:00,2026-06-30T10:01:27.676139,2,0,,,66.0,50,65.5,100,,,,,,,,,,,,,,,,,,,,,,,,,,,,,,,,,,,,
2026-06-30T00:01:27.742145+00:00,2026-06-30T10:01:27.731062,2,1,66.25,0.5,66.0,50,65.5,100,,,,,,,,,,,,,,,,,66.5,150,,,,,,,,,,,,,,,,,,
2026-06-30T00:01:28.501866+00:00,2026-06-30T10:01:28.498867,1,1,66.25,0.5,66.0,50,,,,,,,,,,,,,,,,,,,66.5,150,,,,,,,,,,,,,,,,,,
2026-06-30T00:01:28.557176+00:00,2026-06-30T10:01:28.552176,2,1,66.25,0.5,66.0,50,65.9,100,,,,,,,,,,,,,,,,,66.5,150,,,,,,,,,,,,,,,,,,
2026-06-30T00:01:28.610101+00:00,2026-06-30T10:01:28.605036,2,2,66.2,0.4,66.0,50,65.9,100,,,,,,,,,,,,,,,,,66.4,100,66.5,150,,,,,,,,,,,,,,,,
2026-06-30T00:01:28.676499+00:00,2026-06-30T10:01:28.665622,1,2,66.15,0.5,65.9,100,,,,,,,,,,,,,,,,,,,66.4,100,66.5,150,,,,,,,,,,,,,,,,
2026-06-30T00:01:29.706406+00:00,2026-06-30T10:01:29.704406,1,2,66.15,0.5,65.9,55,,,,,,,,,,,,,,,,,,,66.4,100,66.5,150,,,,,,,,,,,,,,,,
2026-06-30T00:01:30.291089+00:00,2026-06-30T10:01:30.282027,1,2,66.15,0.5,65.9,55,,,,,,,,,,,,,,,,,,,66.4,56,66.5,150,,,,,,,,,,,,,,,,
2026-06-30T00:01:30.779987+00:00,2026-06-30T10:01:30.769068,1,2,66.15,0.5,65.9,5,,,,,,,,,,,,,,,,,,,66.4,56,66.5,150,,,,,,,,,,,,,,,,
2026-06-30T00:01:30.791051+00:00,2026-06-30T10:01:30.783978,1,1,66.15,0.5,65.9,5,,,,,,,,,,,,,,,,,,,66.4,56,,,,,,,,,,,,,,,,,,
2026-06-30T00:01:30.802113+00:00,2026-06-30T10:01:30.791051,0,1,,,,,,,,,,,,,,,,,,,,,,,66.4,56,,,,,,,,,,,,,,,,,,
2026-06-30T00:01:30.846359+00:00,2026-06-30T10:01:30.836297,1,1,65.8,1.2,65.2,150,,,,,,,,,,,,,,,,,,,66.4,56,,,,,,,,,,,,,,,,,,
2026-06-30T00:01:30.899765+00:00,2026-06-30T10:01:30.888803,1,2,65.45,0.5,65.2,150,,,,,,,,,,,,,,,,,,,65.7,150,66.4,56,,,,,,,,,,,,,,,,
2026-06-30T00:01:31.663357+00:00,2026-06-30T10:01:31.660357,1,1,65.45,0.5,65.2,150,,,,,,,,,,,,,,,,,,,65.7,150,,,,,,,,,,,,,,,,,,
2026-06-30T00:01:31.718234+00:00,2026-06-30T10:01:31.712675,2,1,65.65,0.1,65.6,100,65.2,150,,,,,,,,,,,,,,,,,65.7,150,,,,,,,,,,,,,,,,,,
2026-06-30T00:01:31.773092+00:00,2026-06-30T10:01:31.765027,2,2,65.65,0.1,65.6,100,65.2,150,,,,,,,,,,,,,,,,,65.7,150,66.1,100,,,,,,,,,,,,,,,,
2026-06-30T00:01:31.914044+00:00,2026-06-30T10:01:31.903982,2,2,65.65,0.1,65.6,55,65.2,150,,,,,,,,,,,,,,,,,65.7,150,66.1,100,,,,,,,,,,,,,,,,
2026-06-30T00:01:32.881069+00:00,2026-06-30T10:01:32.875005,2,2,65.65,0.1,65.6,5,65.2,150,,,,,,,,,,,,,,,,,65.7,150,66.1,100,,,,,,,,,,,,,,,,
2026-06-30T00:01:32.979252+00:00,2026-06-30T10:01:32.973665,2,2,65.65,0.1,65.6,5,65.2,150,,,,,,,,,,,,,,,,,65.7,109,66.1,100,,,,,,,,,,,,,,,,
2026-06-30T00:01:33.469068+00:00,2026-06-30T10:01:33.461509,2,2,65.65,0.1,65.6,5,65.2,150,,,,,,,,,,,,,,,,,65.7,67,66.1,100,,,,,,,,,,,,,,,,
2026-06-30T00:01:33.947536+00:00,2026-06-30T10:01:33.944489,1,1,65.85,0.5,65.6,5,,,,,,,,,,,,,,,,,,,66.1,100,,,,,,,,,,,,,,,,,,
2026-06-30T00:01:34.001898+00:00,2026-06-30T10:01:33.996835,2,1,65.95,0.3,65.8,150,65.6,5,,,,,,,,,,,,,,,,,66.1,100,,,,,,,,,,,,,,,,,,
2026-06-30T00:01:34.057224+00:00,2026-06-30T10:01:34.050223,2,2,65.95,0.3,65.8,150,65.6,5,,,,,,,,,,,,,,,,,66.1,100,66.3,150,,,,,,,,,,,,,,,,
2026-06-30T00:01:34.820899+00:00,2026-06-30T10:01:34.819899,1,1,66.05,0.5,65.8,150,,,,,,,,,,,,,,,,,,,66.3,150,,,,,,,,,,,,,,,,,,
2026-06-30T00:01:34.876224+00:00,2026-06-30T10:01:34.871224,2,1,66.05,0.5,65.8,150,65.4,100,,,,,,,,,,,,,,,,,66.3,150,,,,,,,,,,,,,,,,,,
2026-06-30T00:01:34.929636+00:00,2026-06-30T10:01:34.923572,2,2,65.85,0.1,65.8,150,65.4,100,,,,,,,,,,,,,,,,,65.9,100,66.3,150,,,,,,,,,,,,,,,,
2026-06-30T00:01:34.940718+00:00,2026-06-30T10:01:34.936637,2,2,65.85,0.1,65.8,103,65.4,100,,,,,,,,,,,,,,,,,65.9,100,66.3,150,,,,,,,,,,,,,,,,
2026-06-30T00:01:34.984967+00:00,2026-06-30T10:01:34.981967,2,2,65.85,0.1,65.8,53,65.4,100,,,,,,,,,,,,,,,,,65.9,100,66.3,150,,,,,,,,,,,,,,,,
2026-06-30T00:01:35.758226+00:00,2026-06-30T10:01:35.750666,2,3,65.85,0.1,65.8,53,65.4,100,,,,,,,,,,,,,,,,,65.9,100,66.0,7,66.3,150,,,,,,,,,,,,,,
2026-06-30T00:01:37.095165+00:00,2026-06-30T10:01:37.090165,2,3,65.85,0.1,65.8,3,65.4,100,,,,,,,,,,,,,,,,,65.9,100,66.0,7,66.3,150,,,,,,,,,,,,,,
2026-06-30T00:01:37.106229+00:00,2026-06-30T10:01:37.104229,1,2,65.65,0.5,65.4,100,,,,,,,,,,,,,,,,,,,65.9,100,66.0,7,,,,,,,,,,,,,,,,
2026-06-30T00:01:37.170707+00:00,2026-06-30T10:01:37.161645,2,2,65.65,0.5,65.4,100,65.1,150,,,,,,,,,,,,,,,,,65.9,100,66.0,7,,,,,,,,,,,,,,,,
2026-06-30T00:01:37.214954+00:00,2026-06-30T10:01:37.212954,2,3,65.5,0.2,65.4,100,65.1,150,,,,,,,,,,,,,,,,,65.6,150,65.9,100,66.0,7,,,,,,,,,,,,,,
2026-06-30T00:01:37.987624+00:00,2026-06-30T10:01:37.978624,1,2,65.35,0.5,65.1,150,,,,,,,,,,,,,,,,,,,65.6,150,66.0,7,,,,,,,,,,,,,,,,
2026-06-30T00:01:38.018889+00:00,2026-06-30T10:01:38.011331,1,2,65.35,0.5,65.1,150,,,,,,,,,,,,,,,,,,,65.6,109,66.0,7,,,,,,,,,,,,,,,,
2026-06-30T00:01:38.041031+00:00,2026-06-30T10:01:38.030969,2,2,65.5,0.2,65.4,100,65.1,150,,,,,,,,,,,,,,,,,65.6,109,66.0,7,,,,,,,,,,,,,,,,
2026-06-30T00:01:38.085327+00:00,2026-06-30T10:01:38.084327,2,3,65.5,0.2,65.4,100,65.1,150,,,,,,,,,,,,,,,,,65.6,109,65.9,100,66.0,7,,,,,,,,,,,,,,
2026-06-30T00:01:39.153048+00:00,2026-06-30T10:01:39.146985,2,3,65.5,0.2,65.4,100,65.1,150,,,,,,,,,,,,,,,,,65.6,59,65.9,100,66.0,7,,,,,,,,,,,,,,
2026-06-30T00:01:39.718429+00:00,2026-06-30T10:01:39.708843,2,3,65.5,0.2,65.4,100,65.1,150,,,,,,,,,,,,,,,,,65.6,12,65.9,100,66.0,7,,,,,,,,,,,,,,
2026-06-30T00:01:40.271223+00:00,2026-06-30T10:01:40.269223,2,2,65.65,0.5,65.4,100,65.1,150,,,,,,,,,,,,,,,,,65.9,100,66.0,7,,,,,,,,,,,,,,,,
2026-06-30T00:01:40.282285+00:00,2026-06-30T10:01:40.271223,1,2,65.65,0.5,65.4,100,,,,,,,,,,,,,,,,,,,65.9,100,66.0,7,,,,,,,,,,,,,,,,
2026-06-30T00:01:40.337592+00:00,2026-06-30T10:01:40.327582,2,2,65.8,0.2,65.7,150,65.4,100,,,,,,,,,,,,,,,,,65.9,100,66.0,7,,,,,,,,,,,,,,,,
2026-06-30T00:01:40.380951+00:00,2026-06-30T10:01:40.379951,2,3,65.8,0.2,65.7,150,65.4,100,,,,,,,,,,,,,,,,,65.9,100,66.0,7,66.2,150,,,,,,,,,,,,,,
2026-06-30T00:01:40.500723+00:00,2026-06-30T10:01:40.499723,2,3,65.8,0.2,65.7,150,65.4,100,,,,,,,,,,,,,,,,,65.9,100,66.0,4,66.2,150,,,,,,,,,,,,,,
2026-06-30T00:01:40.816343+00:00,2026-06-30T10:01:40.814343,2,3,65.8,0.2,65.7,106,65.4,100,,,,,,,,,,,,,,,,,65.9,100,66.0,4,66.2,150,,,,,,,,,,,,,,
2026-06-30T00:01:41.143063+00:00,2026-06-30T10:01:41.140063,1,2,65.85,0.3,65.7,106,,,,,,,,,,,,,,,,,,,66.0,4,66.2,150,,,,,,,,,,,,,,,,
2026-06-30T00:01:41.197395+00:00,2026-06-30T10:01:41.192370,2,2,65.85,0.3,65.7,106,65.4,100,,,,,,,,,,,,,,,,,66.0,4,66.2,150,,,,,,,,,,,,,,,,
2026-06-30T00:01:41.251766+00:00,2026-06-30T10:01:41.244703,2,3,65.8,0.2,65.7,106,65.4,100,,,,,,,,,,,,,,,,,65.9,100,66.0,4,66.2,150,,,,,,,,,,,,,,
2026-06-30T00:01:41.262850+00:00,2026-06-30T10:01:41.256766,2,3,65.8,0.2,65.7,106,65.4,100,,,,,,,,,,,,,,,,,65.9,50,66.0,4,66.2,150,,,,,,,,,,,,,,
2026-06-30T00:01:43.338383+00:00,2026-06-30T10:01:43.333824,2,3,65.8,0.2,65.7,106,65.4,100,,,,,,,,,,,,,,,,,65.9,50,66.0,3,66.2,150,,,,,,,,,,,,,,
2026-06-30T00:01:43.370134+00:00,2026-06-30T10:01:43.362036,2,2,65.85,0.3,65.7,106,65.4,100,,,,,,,,,,,,,,,,,66.0,3,66.2,150,,,,,,,,,,,,,,,,
2026-06-30T00:01:43.447574+00:00,2026-06-30T10:01:43.437563,1,1,65.7,0.6,65.4,100,,,,,,,,,,,,,,,,,,,66.0,3,,,,,,,,,,,,,,,,,,
2026-06-30T00:01:43.501029+00:00,2026-06-30T10:01:43.489968,2,1,65.75,0.5,65.5,150,65.4,100,,,,,,,,,,,,,,,,,66.0,3,,,,,,,,,,,,,,,,,,
2026-06-30T00:01:43.545293+00:00,2026-06-30T10:01:43.541293,2,1,65.75,0.5,65.5,150,65.4,100,,,,,,,,,,,,,,,,,66.0,153,,,,,,,,,,,,,,,,,,
2026-06-30T00:01:44.306109+00:00,2026-06-30T10:01:44.300109,1,1,65.75,0.5,65.5,150,,,,,,,,,,,,,,,,,,,66.0,153,,,,,,,,,,,,,,,,,,
2026-06-30T00:01:44.359019+00:00,2026-06-30T10:01:44.352459,2,1,65.8,0.4,65.6,100,65.5,150,,,,,,,,,,,,,,,,,66.0,153,,,,,,,,,,,,,,,,,,
2026-06-30T00:01:44.425410+00:00,2026-06-30T10:01:44.416347,2,2,65.8,0.4,65.6,100,65.5,150,,,,,,,,,,,,,,,,,66.0,153,66.1,100,,,,,,,,,,,,,,,,
2026-06-30T00:01:44.740075+00:00,2026-06-30T10:01:44.736000,2,2,65.8,0.4,65.6,100,65.5,150,,,,,,,,,,,,,,,,,66.0,152,66.1,100,,,,,,,,,,,,,,,,
2026-06-30T00:01:44.958272+00:00,2026-06-30T10:01:44.951726,2,2,65.8,0.4,65.6,104,65.5,150,,,,,,,,,,,,,,,,,66.0,152,66.1,100,,,,,,,,,,,,,,,,
2026-06-30T00:01:45.470944+00:00,2026-06-30T10:01:45.469945,2,2,65.8,0.4,65.6,104,65.5,150,,,,,,,,,,,,,,,,,66.0,102,66.1,100,,,,,,,,,,,,,,,,
2026-06-30T00:01:45.960783+00:00,2026-06-30T10:01:45.951721,2,3,65.75,0.3,65.6,104,65.5,150,,,,,,,,,,,,,,,,,65.9,1,66.0,102,66.1,100,,,,,,,,,,,,,,
2026-06-30T00:01:46.079098+00:00,2026-06-30T10:01:46.075508,2,2,65.8,0.4,65.6,104,65.5,150,,,,,,,,,,,,,,,,,66.0,55,66.1,100,,,,,,,,,,,,,,,,
2026-06-30T00:01:46.603120+00:00,2026-06-30T10:01:46.598120,1,1,65.85,0.5,65.6,104,,,,,,,,,,,,,,,,,,,66.1,100,,,,,,,,,,,,,,,,,,
2026-06-30T00:01:46.657477+00:00,2026-06-30T10:01:46.652426,2,1,66.05,0.1,66.0,150,65.6,104,,,,,,,,,,,,,,,,,66.1,100,,,,,,,,,,,,,,,,,,
2026-06-30T00:01:46.711864+00:00,2026-06-30T10:01:46.702802,2,2,66.05,0.1,66.0,150,65.6,104,,,,,,,,,,,,,,,,,66.1,100,66.5,150,,,,,,,,,,,,,,,,
2026-06-30T00:01:47.472912+00:00,2026-06-30T10:01:47.469912,2,1,66.25,0.5,66.0,150,65.6,4,,,,,,,,,,,,,,,,,66.5,150,,,,,,,,,,,,,,,,,,
2026-06-30T00:01:47.527279+00:00,2026-06-30T10:01:47.521252,3,1,66.25,0.5,66.0,150,65.8,100,65.6,4,,,,,,,,,,,,,,,66.5,150,,,,,,,,,,,,,,,,,,
2026-06-30T00:01:47.581193+00:00,2026-06-30T10:01:47.578184,3,2,66.15,0.3,66.0,150,65.8,100,65.6,4,,,,,,,,,,,,,,,66.3,50,66.5,150,,,,,,,,,,,,,,,,
2026-06-30T00:01:48.081093+00:00,2026-06-30T10:01:48.072990,3,2,66.15,0.3,66.0,149,65.8,100,65.6,4,,,,,,,,,,,,,,,66.3,50,66.5,150,,,,,,,,,,,,,,,,
2026-06-30T00:01:48.178761+00:00,2026-06-30T10:01:48.169200,3,2,66.15,0.3,66.0,148,65.8,100,65.6,4,,,,,,,,,,,,,,,66.3,50,66.5,150,,,,,,,,,,,,,,,,
2026-06-30T00:01:49.169978+00:00,2026-06-30T10:01:49.168977,2,2,66.15,0.3,66.0,148,65.8,100,,,,,,,,,,,,,,,,,66.3,50,66.5,150,,,,,,,,,,,,,,,,
2026-06-30T00:01:49.691912+00:00,2026-06-30T10:01:49.683850,2,1,66.25,0.5,66.0,148,65.8,100,,,,,,,,,,,,,,,,,66.5,150,,,,,,,,,,,,,,,,,,
2026-06-30T00:01:49.757344+00:00,2026-06-30T10:01:49.756316,2,0,,,66.0,148,65.8,100,,,,,,,,,,,,,,,,,,,,,,,,,,,,,,,,,,,,
2026-06-30T00:01:49.767944+00:00,2026-06-30T10:01:49.757500,1,0,,,65.8,100,,,,,,,,,,,,,,,,,,,,,,,,,,,,,,,,,,,,,,
2026-06-30T00:01:49.822540+00:00,2026-06-30T10:01:49.811540,2,0,,,66.1,150,65.8,100,,,,,,,,,,,,,,,,,,,,,,,,,,,,,,,,,,,,
2026-06-30T00:01:49.877805+00:00,2026-06-30T10:01:49.866933,2,1,66.35,0.5,66.1,150,65.8,100,,,,,,,,,,,,,,,,,66.6,150,,,,,,,,,,,,,,,,,,
2026-06-30T00:01:49.954237+00:00,2026-06-30T10:01:49.950238,2,1,66.35,0.5,66.1,150,65.8,103,,,,,,,,,,,,,,,,,66.6,150,,,,,,,,,,,,,,,,,,
2026-06-30T00:01:50.008105+00:00,2026-06-30T10:01:50.001509,2,1,66.35,0.5,66.1,147,65.8,103,,,,,,,,,,,,,,,,,66.6,150,,,,,,,,,,,,,,,,,,
2026-06-30T00:01:50.215836+00:00,2026-06-30T10:01:50.213739,2,1,66.35,0.5,66.1,144,65.8,103,,,,,,,,,,,,,,,,,66.6,150,,,,,,,,,,,,,,,,,,
2026-06-30T00:01:50.628819+00:00,2026-06-30T10:01:50.628262,2,1,66.35,0.5,66.1,144,65.8,3,,,,,,,,,,,,,,,,,66.6,150,,,,,,,,,,,,,,,,,,
2026-06-30T00:01:50.684142+00:00,2026-06-30T10:01:50.681142,2,1,66.35,0.5,66.1,244,65.8,3,,,,,,,,,,,,,,,,,66.6,150,,,,,,,,,,,,,,,,,,
2026-06-30T00:01:50.738020+00:00,2026-06-30T10:01:50.733459,2,1,66.35,0.5,66.1,244,65.8,3,,,,,,,,,,,,,,,,,66.6,250,,,,,,,,,,,,,,,,,,
2026-06-30T00:01:50.803921+00:00,2026-06-30T10:01:50.795857,2,1,66.35,0.5,66.1,241,65.8,3,,,,,,,,,,,,,,,,,66.6,250,,,,,,,,,,,,,,,,,,
2026-06-30T00:01:50.878955+00:00,2026-06-30T10:01:50.872396,2,1,66.35,0.5,66.1,196,65.8,3,,,,,,,,,,,,,,,,,66.6,250,,,,,,,,,,,,,,,,,,
2026-06-30T00:01:50.967409+00:00,2026-06-30T10:01:50.958399,2,1,66.35,0.5,66.1,194,65.8,3,,,,,,,,,,,,,,,,,66.6,250,,,,,,,,,,,,,,,,,,
2026-06-30T00:01:51.043949+00:00,2026-06-30T10:01:51.038949,2,1,66.35,0.5,66.1,192,65.8,3,,,,,,,,,,,,,,,,,66.6,250,,,,,,,,,,,,,,,,,,
2026-06-30T00:01:51.797492+00:00,2026-06-30T10:01:51.789492,2,1,66.35,0.5,66.1,192,65.8,3,,,,,,,,,,,,,,,,,66.6,200,,,,,,,,,,,,,,,,,,
2026-06-30T00:01:52.896358+00:00,2026-06-30T10:01:52.885294,2,2,66.15,0.1,66.1,192,65.8,3,,,,,,,,,,,,,,,,,66.2,2,66.6,200,,,,,,,,,,,,,,,,
2026-06-30T00:01:52.907418+00:00,2026-06-30T10:01:52.898418,2,2,66.15,0.1,66.1,147,65.8,3,,,,,,,,,,,,,,,,,66.2,2,66.6,200,,,,,,,,,,,,,,,,
2026-06-30T00:01:52.928112+00:00,2026-06-30T10:01:52.923544,2,2,66.15,0.1,66.1,100,65.8,3,,,,,,,,,,,,,,,,,66.2,2,66.6,100,,,,,,,,,,,,,,,,
2026-06-30T00:01:52.982982+00:00,2026-06-30T10:01:52.975919,3,2,66.15,0.1,66.1,100,65.8,3,65.7,150,,,,,,,,,,,,,,,66.2,2,66.6,100,,,,,,,,,,,,,,,,
2026-06-30T00:01:53.037355+00:00,2026-06-30T10:01:53.027446,3,2,66.15,0.1,66.1,100,65.8,3,65.7,150,,,,,,,,,,,,,,,66.2,152,66.6,100,,,,,,,,,,,,,,,,
2026-06-30T00:01:53.797551+00:00,2026-06-30T10:01:53.789524,2,1,66.0,0.4,65.8,3,65.7,150,,,,,,,,,,,,,,,,,66.2,152,,,,,,,,,,,,,,,,,,
2026-06-30T00:01:53.852016+00:00,2026-06-30T10:01:53.841181,3,1,66.15,0.1,66.1,100,65.8,3,65.7,150,,,,,,,,,,,,,,,66.2,152,,,,,,,,,,,,,,,,,,
2026-06-30T00:01:53.896263+00:00,2026-06-30T10:01:53.895263,3,2,66.15,0.1,66.1,100,65.8,3,65.7,150,,,,,,,,,,,,,,,66.2,152,66.6,100,,,,,,,,,,,,,,,,
2026-06-30T00:01:53.907327+00:00,2026-06-30T10:01:53.900318,3,2,66.15,0.1,66.1,100,65.8,3,65.7,150,,,,,,,,,,,,,,,66.2,102,66.6,100,,,,,,,,,,,,,,,,
2026-06-30T00:01:54.557649+00:00,2026-06-30T10:01:54.548603,3,2,66.15,0.1,66.1,100,65.8,3,65.7,150,,,,,,,,,,,,,,,66.2,55,66.6,100,,,,,,,,,,,,,,,,
2026-06-30T00:01:54.634129+00:00,2026-06-30T10:01:54.625065,3,2,66.15,0.1,66.1,100,65.8,3,65.7,150,,,,,,,,,,,,,,,66.2,57,66.6,100,,,,,,,,,,,,,,,,
2026-06-30T00:01:55.527146+00:00,2026-06-30T10:01:55.524146,3,2,66.15,0.1,66.1,100,65.8,3,65.7,150,,,,,,,,,,,,,,,66.2,56,66.6,100,,,,,,,,,,,,,,,,
2026-06-30T00:01:55.647339+00:00,2026-06-30T10:01:55.643339,3,2,66.15,0.1,66.1,51,65.8,3,65.7,150,,,,,,,,,,,,,,,66.2,56,66.6,100,,,,,,,,,,,,,,,,
2026-06-30T00:01:56.007781+00:00,2026-06-30T10:01:56.004237,3,2,66.15,0.1,66.1,51,65.8,3,65.7,150,,,,,,,,,,,,,,,66.2,6,66.6,100,,,,,,,,,,,,,,,,
2026-06-30T00:01:56.084289+00:00,2026-06-30T10:01:56.083289,3,2,66.15,0.1,66.1,51,65.8,3,65.7,150,,,,,,,,,,,,,,,66.2,1,66.6,100,,,,,,,,,,,,,,,,
2026-06-30T00:01:56.095363+00:00,2026-06-30T10:01:56.084289,2,2,66.15,0.1,66.1,51,65.8,3,,,,,,,,,,,,,,,,,66.2,1,66.6,100,,,,,,,,,,,,,,,,
2026-06-30T00:01:56.148742+00:00,2026-06-30T10:01:56.138311,3,1,66.5,0.2,66.4,149,66.1,51,65.8,3,,,,,,,,,,,,,,,66.6,100,,,,,,,,,,,,,,,,,,
2026-06-30T00:01:56.193015+00:00,2026-06-30T10:01:56.191007,3,2,66.5,0.2,66.4,149,66.1,51,65.8,3,,,,,,,,,,,,,,,66.6,100,66.9,150,,,,,,,,,,,,,,,,
2026-06-30T00:01:56.953037+00:00,2026-06-30T10:01:56.950038,2,1,66.65,0.5,66.4,149,65.8,3,,,,,,,,,,,,,,,,,66.9,150,,,,,,,,,,,,,,,,,,
2026-06-30T00:01:56.964101+00:00,2026-06-30T10:01:56.953037,1,1,66.65,0.5,66.4,149,,,,,,,,,,,,,,,,,,,66.9,150,,,,,,,,,,,,,,,,,,
2026-06-30T00:01:57.007369+00:00,2026-06-30T10:01:57.002369,2,1,66.65,0.5,66.4,149,66.1,100,,,,,,,,,,,,,,,,,66.9,150,,,,,,,,,,,,,,,,,,
2026-06-30T00:01:57.060779+00:00,2026-06-30T10:01:57.055716,2,2,66.5,0.2,66.4,149,66.1,100,,,,,,,,,,,,,,,,,66.6,100,66.9,150,,,,,,,,,,,,,,,,
2026-06-30T00:01:57.310965+00:00,2026-06-30T10:01:57.302852,3,2,66.5,0.2,66.4,149,66.1,100,66.0,5,,,,,,,,,,,,,,,66.6,100,66.9,150,,,,,,,,,,,,,,,,
2026-06-30T00:01:58.117791+00:00,2026-06-30T10:01:58.111231,3,2,66.5,0.2,66.4,149,66.1,100,66.0,5,,,,,,,,,,,,,,,66.6,50,66.9,150,,,,,,,,,,,,,,,,
2026-06-30T00:01:58.987644+00:00,2026-06-30T10:01:58.984644,2,2,66.5,0.2,66.4,149,66.1,100,,,,,,,,,,,,,,,,,66.6,50,66.9,150,,,,,,,,,,,,,,,,
2026-06-30T00:01:59.248531+00:00,2026-06-30T10:01:59.246971,1,1,66.35,0.5,66.1,100,,,,,,,,,,,,,,,,,,,66.6,50,,,,,,,,,,,,,,,,,,
2026-06-30T00:01:59.303888+00:00,2026-06-30T10:01:59.300887,2,1,66.5,0.2,66.4,150,66.1,100,,,,,,,,,,,,,,,,,66.6,50,,,,,,,,,,,,,,,,,,
2026-06-30T00:01:59.357242+00:00,2026-06-30T10:01:59.355195,2,2,66.5,0.2,66.4,150,66.1,100,,,,,,,,,,,,,,,,,66.6,50,66.9,150,,,,,,,,,,,,,,,,
2026-06-30T00:02:00.118916+00:00,2026-06-30T10:02:00.110367,1,1,66.65,0.5,66.4,150,,,,,,,,,,,,,,,,,,,66.9,150,,,,,,,,,,,,,,,,,,
2026-06-30T00:02:00.174213+00:00,2026-06-30T10:02:00.164163,2,1,66.65,0.5,66.4,150,66.3,100,,,,,,,,,,,,,,,,,66.9,150,,,,,,,,,,,,,,,,,,
2026-06-30T00:02:00.217805+00:00,2026-06-30T10:02:00.216779,2,2,66.6,0.4,66.4,150,66.3,100,,,,,,,,,,,,,,,,,66.8,100,66.9,150,,,,,,,,,,,,,,,,
2026-06-30T00:02:00.227972+00:00,2026-06-30T10:02:00.222972,2,2,66.6,0.4,66.4,150,66.3,100,,,,,,,,,,,,,,,,,66.8,50,66.9,150,,,,,,,,,,,,,,,,
2026-06-30T00:02:02.336394+00:00,2026-06-30T10:02:02.329394,2,1,66.65,0.5,66.4,150,66.3,100,,,,,,,,,,,,,,,,,66.9,150,,,,,,,,,,,,,,,,,,
2026-06-30T00:02:02.411919+00:00,2026-06-30T10:02:02.409919,1,0,,,66.3,100,,,,,,,,,,,,,,,,,,,,,,,,,,,,,,,,,,,,,,
2026-06-30T00:02:02.467293+00:00,2026-06-30T10:02:02.462293,2,0,,,66.4,150,66.3,100,,,,,,,,,,,,,,,,,,,,,,,,,,,,,,,,,,,,
2026-06-30T00:02:02.521213+00:00,2026-06-30T10:02:02.515150,2,1,66.65,0.5,66.4,150,66.3,100,,,,,,,,,,,,,,,,,66.9,150,,,,,,,,,,,,,,,,,,
2026-06-30T00:02:03.276304+00:00,2026-06-30T10:02:03.271304,1,1,66.65,0.5,66.4,150,,,,,,,,,,,,,,,,,,,66.9,150,,,,,,,,,,,,,,,,,,
2026-06-30T00:02:03.330719+00:00,2026-06-30T10:02:03.325656,2,1,66.7,0.4,66.5,100,66.4,150,,,,,,,,,,,,,,,,,66.9,150,,,,,,,,,,,,,,,,,,
2026-06-30T00:02:03.386027+00:00,2026-06-30T10:02:03.378017,2,2,66.7,0.4,66.5,100,66.4,150,,,,,,,,,,,,,,,,,66.9,150,67.0,100,,,,,,,,,,,,,,,,
2026-06-30T00:02:04.452231+00:00,2026-06-30T10:02:04.447221,2,2,66.7,0.4,66.5,100,66.4,150,,,,,,,,,,,,,,,,,66.9,100,67.0,100,,,,,,,,,,,,,,,,
2026-06-30T00:02:05.539077+00:00,2026-06-30T10:02:05.530507,2,2,66.7,0.4,66.5,51,66.4,150,,,,,,,,,,,,,,,,,66.9,100,67.0,100,,,,,,,,,,,,,,,,
2026-06-30T00:02:05.616570+00:00,2026-06-30T10:02:05.607560,1,1,66.75,0.5,66.5,51,,,,,,,,,,,,,,,,,,,67.0,100,,,,,,,,,,,,,,,,,,
2026-06-30T00:02:05.671005+00:00,2026-06-30T10:02:05.660136,2,1,66.75,0.5,66.5,51,66.4,150,,,,,,,,,,,,,,,,,67.0,100,,,,,,,,,,,,,,,,,,
2026-06-30T00:02:05.726335+00:00,2026-06-30T10:02:05.724335,2,2,66.7,0.4,66.5,51,66.4,150,,,,,,,,,,,,,,,,,66.9,150,67.0,100,,,,,,,,,,,,,,,,
2026-06-30T00:02:06.052134+00:00,2026-06-30T10:02:06.043069,2,2,66.7,0.4,66.5,10,66.4,150,,,,,,,,,,,,,,,,,66.9,150,67.0,100,,,,,,,,,,,,,,,,
2026-06-30T00:02:06.433217+00:00,2026-06-30T10:02:06.432217,2,1,66.7,0.4,66.5,10,66.4,150,,,,,,,,,,,,,,,,,66.9,150,,,,,,,,,,,,,,,,,,
2026-06-30T00:02:06.444281+00:00,2026-06-30T10:02:06.434218,1,1,66.65,0.5,66.4,150,,,,,,,,,,,,,,,,,,,66.9,150,,,,,,,,,,,,,,,,,,
2026-06-30T00:02:06.498138+00:00,2026-06-30T10:02:06.487572,2,1,66.65,0.5,66.4,150,66.2,100,,,,,,,,,,,,,,,,,66.9,150,,,,,,,,,,,,,,,,,,
2026-06-30T00:02:06.541932+00:00,2026-06-30T10:02:06.539932,2,2,66.55,0.3,66.4,150,66.2,100,,,,,,,,,,,,,,,,,66.7,100,66.9,150,,,,,,,,,,,,,,,,
2026-06-30T00:02:06.564059+00:00,2026-06-30T10:02:06.555997,2,2,66.55,0.3,66.4,150,66.2,100,,,,,,,,,,,,,,,,,66.7,50,66.9,150,,,,,,,,,,,,,,,,
2026-06-30T00:02:07.227431+00:00,2026-06-30T10:02:07.219385,3,2,66.6,0.2,66.5,6,66.4,150,66.2,100,,,,,,,,,,,,,,,66.7,50,66.9,150,,,,,,,,,,,,,,,,
2026-06-30T00:02:08.663985+00:00,2026-06-30T10:02:08.660985,3,1,66.7,0.4,66.5,6,66.4,150,66.2,100,,,,,,,,,,,,,,,66.9,150,,,,,,,,,,,,,,,,,,
2026-06-30T00:02:08.783264+00:00,2026-06-30T10:02:08.780264,2,0,,,66.5,6,66.2,100,,,,,,,,,,,,,,,,,,,,,,,,,,,,,,,,,,,,
2026-06-30T00:02:08.848725+00:00,2026-06-30T10:02:08.841165,2,0,,,66.5,156,66.2,100,,,,,,,,,,,,,,,,,,,,,,,,,,,,,,,,,,,,
2026-06-30T00:02:08.892991+00:00,2026-06-30T10:02:08.883929,2,1,66.75,0.5,66.5,156,66.2,100,,,,,,,,,,,,,,,,,67.0,150,,,,,,,,,,,,,,,,,,
2026-06-30T00:02:08.979632+00:00,2026-06-30T10:02:08.975569,2,1,66.75,0.5,66.5,153,66.2,100,,,,,,,,,,,,,,,,,67.0,150,,,,,,,,,,,,,,,,,,
2026-06-30T00:02:09.078246+00:00,2026-06-30T10:02:09.077687,2,1,66.75,0.5,66.5,152,66.2,100,,,,,,,,,,,,,,,,,67.0,150,,,,,,,,,,,,,,,,,,
2026-06-30T00:02:09.251549+00:00,2026-06-30T10:02:09.249549,2,1,66.75,0.5,66.5,151,66.2,100,,,,,,,,,,,,,,,,,67.0,150,,,,,,,,,,,,,,,,,,
2026-06-30T00:02:09.598835+00:00,2026-06-30T10:02:09.594276,1,1,66.75,0.5,66.5,151,,,,,,,,,,,,,,,,,,,67.0,150,,,,,,,,,,,,,,,,,,
2026-06-30T00:02:09.654158+00:00,2026-06-30T10:02:09.647148,1,1,66.75,0.5,66.5,251,,,,,,,,,,,,,,,,,,,67.0,150,,,,,,,,,,,,,,,,,,
2026-06-30T00:02:09.707527+00:00,2026-06-30T10:02:09.699501,1,1,66.75,0.5,66.5,251,,,,,,,,,,,,,,,,,,,67.0,250,,,,,,,,,,,,,,,,,,
2026-06-30T00:02:09.914422+00:00,2026-06-30T10:02:09.912421,1,1,66.75,0.5,66.5,250,,,,,,,,,,,,,,,,,,,67.0,250,,,,,,,,,,,,,,,,,,
2026-06-30T00:02:10.122864+00:00,2026-06-30T10:02:10.112801,1,2,66.65,0.3,66.5,250,,,,,,,,,,,,,,,,,,,66.8,8,67.0,250,,,,,,,,,,,,,,,,
2026-06-30T00:02:10.371205+00:00,2026-06-30T10:02:10.366142,1,1,66.75,0.5,66.5,250,,,,,,,,,,,,,,,,,,,67.0,210,,,,,,,,,,,,,,,,,,
2026-06-30T00:02:10.776421+00:00,2026-06-30T10:02:10.768421,1,1,66.75,0.5,66.5,250,,,,,,,,,,,,,,,,,,,67.0,160,,,,,,,,,,,,,,,,,,
2026-06-30T00:02:11.267365+00:00,2026-06-30T10:02:11.265365,1,2,66.65,0.3,66.5,250,,,,,,,,,,,,,,,,,,,66.8,6,67.0,160,,,,,,,,,,,,,,,,
2026-06-30T00:02:11.288577+00:00,2026-06-30T10:02:11.285018,1,1,66.75,0.5,66.5,250,,,,,,,,,,,,,,,,,,,67.0,160,,,,,,,,,,,,,,,,,,
2026-06-30T00:02:11.342950+00:00,2026-06-30T10:02:11.335887,1,2,66.7,0.4,66.5,250,,,,,,,,,,,,,,,,,,,66.9,6,67.0,160,,,,,,,,,,,,,,,,
2026-06-30T00:02:11.942046+00:00,2026-06-30T10:02:11.939046,1,2,66.7,0.4,66.5,100,,,,,,,,,,,,,,,,,,,66.9,6,67.0,100,,,,,,,,,,,,,,,,
2026-06-30T00:02:12.007510+00:00,2026-06-30T10:02:11.997500,2,1,66.95,0.1,66.9,144,66.5,100,,,,,,,,,,,,,,,,,67.0,100,,,,,,,,,,,,,,,,,,
2026-06-30T00:02:12.060932+00:00,2026-06-30T10:02:12.051870,2,2,66.95,0.1,66.9,144,66.5,100,,,,,,,,,,,,,,,,,67.0,100,67.4,150,,,,,,,,,,,,,,,,
2026-06-30T00:02:12.758161+00:00,2026-06-30T10:02:12.756598,1,1,67.15,0.5,66.9,144,,,,,,,,,,,,,,,,,,,67.4,150,,,,,,,,,,,,,,,,,,
2026-06-30T00:02:12.813005+00:00,2026-06-30T10:02:12.809005,2,1,67.15,0.5,66.9,144,66.6,100,,,,,,,,,,,,,,,,,67.4,150,,,,,,,,,,,,,,,,,,
2026-06-30T00:02:12.889066+00:00,2026-06-30T10:02:12.885478,2,2,67.0,0.2,66.9,144,66.6,100,,,,,,,,,,,,,,,,,67.1,50,67.4,150,,,,,,,,,,,,,,,,
2026-06-30T00:02:14.992210+00:00,2026-06-30T10:02:14.986146,2,1,67.15,0.5,66.9,144,66.6,100,,,,,,,,,,,,,,,,,67.4,150,,,,,,,,,,,,,,,,,,
2026-06-30T00:02:15.111022+00:00,2026-06-30T10:02:15.105959,1,0,,,66.6,100,,,,,,,,,,,,,,,,,,,,,,,,,,,,,,,,,,,,,,
2026-06-30T00:02:15.166341+00:00,2026-06-30T10:02:15.158341,2,0,,,66.7,150,66.6,100,,,,,,,,,,,,,,,,,,,,,,,,,,,,,,,,,,,,
2026-06-30T00:02:15.219306+00:00,2026-06-30T10:02:15.210712,2,1,66.95,0.5,66.7,150,66.6,100,,,,,,,,,,,,,,,,,67.2,150,,,,,,,,,,,,,,,,,,
2026-06-30T00:02:15.263555+00:00,2026-06-30T10:02:15.262554,2,1,66.95,0.5,66.7,155,66.6,100,,,,,,,,,,,,,,,,,67.2,150,,,,,,,,,,,,,,,,,,
2026-06-30T00:02:15.917394+00:00,2026-06-30T10:02:15.908394,2,1,66.95,0.5,66.7,111,66.6,100,,,,,,,,,,,,,,,,,67.2,150,,,,,,,,,,,,,,,,,,
2026-06-30T00:02:15.938611+00:00,2026-06-30T10:02:15.936039,1,1,66.95,0.5,66.7,111,,,,,,,,,,,,,,,,,,,67.2,150,,,,,,,,,,,,,,,,,,
2026-06-30T00:02:15.993958+00:00,2026-06-30T10:02:15.989958,2,1,67.0,0.4,66.8,100,66.7,111,,,,,,,,,,,,,,,,,67.2,150,,,,,,,,,,,,,,,,,,
2026-06-30T00:02:16.047316+00:00,2026-06-30T10:02:16.042269,2,2,67.0,0.4,66.8,100,66.7,111,,,,,,,,,,,,,,,,,67.2,150,67.3,100,,,,,,,,,,,,,,,,
2026-06-30T00:02:16.101173+00:00,2026-06-30T10:02:16.091111,2,2,67.0,0.4,66.8,100,66.7,110,,,,,,,,,,,,,,,,,67.2,150,67.3,100,,,,,,,,,,,,,,,,
2026-06-30T00:02:16.231023+00:00,2026-06-30T10:02:16.229023,2,2,67.0,0.4,66.8,100,66.7,109,,,,,,,,,,,,,,,,,67.2,150,67.3,100,,,,,,,,,,,,,,,,
2026-06-30T00:02:16.557615+00:00,2026-06-30T10:02:16.551606,2,2,67.0,0.4,66.8,59,66.7,109,,,,,,,,,,,,,,,,,67.2,150,67.3,100,,,,,,,,,,,,,,,,
2026-06-30T00:02:16.775314+00:00,2026-06-30T10:02:16.767312,2,2,67.0,0.4,66.8,59,66.7,108,,,,,,,,,,,,,,,,,67.2,150,67.3,100,,,,,,,,,,,,,,,,
2026-06-30T00:02:17.166192+00:00,2026-06-30T10:02:17.158184,2,2,67.0,0.4,66.8,9,66.7,108,,,,,,,,,,,,,,,,,67.2,150,67.3,100,,,,,,,,,,,,,,,,
2026-06-30T00:02:17.296061+00:00,2026-06-30T10:02:17.291061,2,3,66.9,0.2,66.8,9,66.7,108,,,,,,,,,,,,,,,,,67.0,5,67.2,150,67.3,100,,,,,,,,,,,,,,
2026-06-30T00:02:18.098980+00:00,2026-06-30T10:02:18.096419,2,3,66.9,0.2,66.8,9,66.7,107,,,,,,,,,,,,,,,,,67.0,5,67.2,150,67.3,100,,,,,,,,,,,,,,
2026-06-30T00:02:18.274065+00:00,2026-06-30T10:02:18.266993,2,2,66.9,0.2,66.8,9,66.7,1,,,,,,,,,,,,,,,,,67.0,5,67.3,100,,,,,,,,,,,,,,,,
2026-06-30T00:02:18.339033+00:00,2026-06-30T10:02:18.331473,2,2,66.9,0.2,66.8,159,66.7,1,,,,,,,,,,,,,,,,,67.0,5,67.3,100,,,,,,,,,,,,,,,,
2026-06-30T00:02:18.394376+00:00,2026-06-30T10:02:18.385313,2,2,66.9,0.2,66.8,159,66.7,1,,,,,,,,,,,,,,,,,67.0,5,67.3,250,,,,,,,,,,,,,,,,
2026-06-30T00:02:18.469907+00:00,2026-06-30T10:02:18.464844,2,1,67.05,0.5,66.8,159,66.7,1,,,,,,,,,,,,,,,,,67.3,211,,,,,,,,,,,,,,,,,,
2026-06-30T00:02:18.971763+00:00,2026-06-30T10:02:18.969762,1,1,67.05,0.5,66.8,159,,,,,,,,,,,,,,,,,,,67.3,211,,,,,,,,,,,,,,,,,,
2026-06-30T00:02:19.102155+00:00,2026-06-30T10:02:19.098155,1,1,67.05,0.5,66.8,150,,,,,,,,,,,,,,,,,,,67.3,150,,,,,,,,,,,,,,,,,,
2026-06-30T00:02:19.157471+00:00,2026-06-30T10:02:19.150471,2,1,67.05,0.5,66.8,150,66.7,100,,,,,,,,,,,,,,,,,67.3,150,,,,,,,,,,,,,,,,,,
2026-06-30T00:02:19.210948+00:00,2026-06-30T10:02:19.203820,2,2,67.0,0.4,66.8,150,66.7,100,,,,,,,,,,,,,,,,,67.2,100,67.3,150,,,,,,,,,,,,,,,,
2026-06-30T00:02:19.277319+00:00,2026-06-30T10:02:19.269319,2,2,67.0,0.4,66.8,100,66.7,100,,,,,,,,,,,,,,,,,67.2,100,67.3,150,,,,,,,,,,,,,,,,
2026-06-30T00:02:21.398728+00:00,2026-06-30T10:02:21.395168,2,2,67.0,0.4,66.8,50,66.7,100,,,,,,,,,,,,,,,,,67.2,100,67.3,150,,,,,,,,,,,,,,,,
2026-06-30T00:02:21.454057+00:00,2026-06-30T10:02:21.446993,1,1,66.95,0.5,66.7,100,,,,,,,,,,,,,,,,,,,67.2,100,,,,,,,,,,,,,,,,,,
2026-06-30T00:02:21.497369+00:00,2026-06-30T10:02:21.493322,2,1,66.95,0.5,66.7,100,66.3,150,,,,,,,,,,,,,,,,,67.2,100,,,,,,,,,,,,,,,,,,
2026-06-30T00:02:21.551745+00:00,2026-06-30T10:02:21.546682,2,2,66.75,0.1,66.7,100,66.3,150,,,,,,,,,,,,,,,,,66.8,150,67.2,100,,,,,,,,,,,,,,,,
2026-06-30T00:02:22.258419+00:00,2026-06-30T10:02:22.257850,2,1,66.75,0.1,66.7,100,66.3,150,,,,,,,,,,,,,,,,,66.8,150,,,,,,,,,,,,,,,,,,
2026-06-30T00:02:22.268999+00:00,2026-06-30T10:02:22.259437,1,1,66.55,0.5,66.3,150,,,,,,,,,,,,,,,,,,,66.8,150,,,,,,,,,,,,,,,,,,
2026-06-30T00:02:22.313282+00:00,2026-06-30T10:02:22.311282,2,1,66.75,0.1,66.7,100,66.3,150,,,,,,,,,,,,,,,,,66.8,150,,,,,,,,,,,,,,,,,,
2026-06-30T00:02:22.368151+00:00,2026-06-30T10:02:22.366591,2,2,66.75,0.1,66.7,100,66.3,150,,,,,,,,,,,,,,,,,66.8,150,67.2,100,,,,,,,,,,,,,,,,
2026-06-30T00:02:22.935433+00:00,2026-06-30T10:02:22.924369,2,2,66.75,0.1,66.7,100,66.3,150,,,,,,,,,,,,,,,,,66.8,102,67.2,100,,,,,,,,,,,,,,,,
2026-06-30T00:02:23.509794+00:00,2026-06-30T10:02:23.501731,2,2,66.75,0.1,66.7,50,66.3,150,,,,,,,,,,,,,,,,,66.8,102,67.2,100,,,,,,,,,,,,,,,,
2026-06-30T00:02:23.989081+00:00,2026-06-30T10:02:23.978676,2,2,66.75,0.1,66.7,10,66.3,150,,,,,,,,,,,,,,,,,66.8,102,67.2,100,,,,,,,,,,,,,,,,
2026-06-30T00:02:24.609749+00:00,2026-06-30T10:02:24.600686,1,1,66.95,0.5,66.7,10,,,,,,,,,,,,,,,,,,,67.2,100,,,,,,,,,,,,,,,,,,
2026-06-30T00:02:24.665055+00:00,2026-06-30T10:02:24.653993,2,1,66.95,0.5,66.7,10,66.4,150,,,,,,,,,,,,,,,,,67.2,100,,,,,,,,,,,,,,,,,,
2026-06-30T00:02:24.718428+00:00,2026-06-30T10:02:24.710869,2,2,66.8,0.2,66.7,10,66.4,150,,,,,,,,,,,,,,,,,66.9,150,67.2,100,,,,,,,,,,,,,,,,
2026-06-30T00:02:25.338538+00:00,2026-06-30T10:02:25.329979,2,3,66.8,0.2,66.7,10,66.4,150,,,,,,,,,,,,,,,,,66.9,150,67.0,8,67.2,100,,,,,,,,,,,,,,
2026-06-30T00:02:25.427067+00:00,2026-06-30T10:02:25.423067,1,2,66.65,0.5,66.4,150,,,,,,,,,,,,,,,,,,,66.9,150,67.0,8,,,,,,,,,,,,,,,,
2026-06-30T00:02:25.479983+00:00,2026-06-30T10:02:25.473919,2,2,66.65,0.5,66.4,150,66.2,100,,,,,,,,,,,,,,,,,66.9,150,67.0,8,,,,,,,,,,,,,,,,
2026-06-30T00:02:25.535292+00:00,2026-06-30T10:02:25.526225,2,3,66.55,0.3,66.4,150,66.2,100,,,,,,,,,,,,,,,,,66.7,100,66.9,150,67.0,8,,,,,,,,,,,,,,
2026-06-30T00:02:25.621902+00:00,2026-06-30T10:02:25.610839,2,3,66.55,0.3,66.4,100,66.2,100,,,,,,,,,,,,,,,,,66.7,100,66.9,150,67.0,8,,,,,,,,,,,,,,
2026-06-30T00:02:26.547611+00:00,2026-06-30T10:02:26.539585,2,3,66.55,0.3,66.4,100,66.2,100,,,,,,,,,,,,,,,,,66.7,58,66.9,150,67.0,8,,,,,,,,,,,,,,
2026-06-30T00:02:27.724063+00:00,2026-06-30T10:02:27.719062,2,3,66.55,0.3,66.4,50,66.2,100,,,,,,,,,,,,,,,,,66.7,58,66.9,150,67.0,8,,,,,,,,,,,,,,
2026-06-30T00:02:27.767876+00:00,2026-06-30T10:02:27.762312,1,2,66.45,0.5,66.2,100,,,,,,,,,,,,,,,,,,,66.7,58,67.0,8,,,,,,,,,,,,,,,,
2026-06-30T00:02:27.822254+00:00,2026-06-30T10:02:27.816181,2,2,66.45,0.5,66.2,100,66.0,150,,,,,,,,,,,,,,,,,66.7,58,67.0,8,,,,,,,,,,,,,,,,
2026-06-30T00:02:27.877502+00:00,2026-06-30T10:02:27.867491,2,3,66.35,0.3,66.2,100,66.0,150,,,,,,,,,,,,,,,,,66.5,150,66.7,58,67.0,8,,,,,,,,,,,,,,
2026-06-30T00:02:28.280687+00:00,2026-06-30T10:02:28.277677,2,3,66.35,0.3,66.2,100,66.0,150,,,,,,,,,,,,,,,,,66.5,150,66.7,58,67.0,7,,,,,,,,,,,,,,
2026-06-30T00:02:28.552022+00:00,2026-06-30T10:02:28.546959,2,3,66.35,0.3,66.2,100,66.0,150,,,,,,,,,,,,,,,,,66.5,149,66.7,58,67.0,7,,,,,,,,,,,,,,
2026-06-30T00:02:28.607358+00:00,2026-06-30T10:02:28.606358,1,2,66.25,0.5,66.0,150,,,,,,,,,,,,,,,,,,,66.5,149,67.0,7,,,,,,,,,,,,,,,,
2026-06-30T00:02:28.661879+00:00,2026-06-30T10:02:28.657877,2,2,66.45,0.1,66.4,100,66.0,150,,,,,,,,,,,,,,,,,66.5,149,67.0,7,,,,,,,,,,,,,,,,
2026-06-30T00:02:28.717210+00:00,2026-06-30T10:02:28.710210,2,3,66.45,0.1,66.4,100,66.0,150,,,,,,,,,,,,,,,,,66.5,149,66.9,100,67.0,7,,,,,,,,,,,,,,
2026-06-30T00:02:28.999103+00:00,2026-06-30T10:02:28.991457,2,3,66.45,0.1,66.4,100,66.0,150,,,,,,,,,,,,,,,,,66.5,101,66.9,100,67.0,7,,,,,,,,,,,,,,
2026-06-30T00:02:29.848323+00:00,2026-06-30T10:02:29.837948,2,3,66.45,0.1,66.4,50,66.0,150,,,,,,,,,,,,,,,,,66.5,101,66.9,100,67.0,7,,,,,,,,,,,,,,
2026-06-30T00:02:30.141862+00:00,2026-06-30T10:02:30.136763,2,3,66.45,0.1,66.4,5,66.0,150,,,,,,,,,,,,,,,,,66.5,101,66.9,100,67.0,7,,,,,,,,,,,,,,
2026-06-30T00:02:30.928212+00:00,2026-06-30T10:02:30.922212,1,2,66.65,0.5,66.4,5,,,,,,,,,,,,,,,,,,,66.9,100,67.0,7,,,,,,,,,,,,,,,,
2026-06-30T00:02:30.982587+00:00,2026-06-30T10:02:30.975537,2,2,66.65,0.5,66.4,5,66.2,150,,,,,,,,,,,,,,,,,66.9,100,67.0,7,,,,,,,,,,,,,,,,
2026-06-30T00:02:31.048435+00:00,2026-06-30T10:02:31.044886,2,3,66.55,0.3,66.4,5,66.2,150,,,,,,,,,,,,,,,,,66.7,150,66.9,100,67.0,7,,,,,,,,,,,,,,
2026-06-30T00:02:31.768005+00:00,2026-06-30T10:02:31.765005,1,2,66.45,0.5,66.2,150,,,,,,,,,,,,,,,,,,,66.7,150,67.0,7,,,,,,,,,,,,,,,,
2026-06-30T00:02:31.778128+00:00,2026-06-30T10:02:31.772056,1,1,66.45,0.5,66.2,150,,,,,,,,,,,,,,,,,,,66.7,150,,,,,,,,,,,,,,,,,,
2026-06-30T00:02:31.822382+00:00,2026-06-30T10:02:31.817371,2,1,66.45,0.5,66.2,150,66.0,100,,,,,,,,,,,,,,,,,66.7,150,,,,,,,,,,,,,,,,,,
2026-06-30T00:02:31.833444+00:00,2026-06-30T10:02:31.827434,2,2,66.45,0.5,66.2,150,66.0,100,,,,,,,,,,,,,,,,,66.7,150,66.8,8,,,,,,,,,,,,,,,,
2026-06-30T00:02:31.877718+00:00,2026-06-30T10:02:31.873718,2,3,66.35,0.3,66.2,150,66.0,100,,,,,,,,,,,,,,,,,66.5,100,66.7,150,66.8,8,,,,,,,,,,,,,,
2026-06-30T00:02:31.953256+00:00,2026-06-30T10:02:31.946192,2,3,66.35,0.3,66.2,100,66.0,100,,,,,,,,,,,,,,,,,66.5,100,66.7,150,66.8,8,,,,,,,,,,,,,,
2026-06-30T00:02:32.573905+00:00,2026-06-30T10:02:32.562843,2,3,66.35,0.3,66.2,100,66.0,100,,,,,,,,,,,,,,,,,66.5,58,66.7,150,66.8,8,,,,,,,,,,,,,,
2026-06-30T00:02:33.464961+00:00,2026-06-30T10:02:33.457951,2,3,66.35,0.3,66.2,100,66.0,100,,,,,,,,,,,,,,,,,66.5,58,66.7,150,66.8,5,,,,,,,,,,,,,,
2026-06-30T00:02:33.954801+00:00,2026-06-30T10:02:33.947791,2,3,66.35,0.3,66.2,100,66.0,100,,,,,,,,,,,,,,,,,66.5,58,66.7,150,66.8,2,,,,,,,,,,,,,,
2026-06-30T00:02:34.009180+00:00,2026-06-30T10:02:34.000118,2,3,66.35,0.3,66.2,100,66.0,100,,,,,,,,,,,,,,,,,66.5,8,66.7,150,66.8,2,,,,,,,,,,,,,,
2026-06-30T00:02:34.108307+00:00,2026-06-30T10:02:34.098746,1,2,66.25,0.5,66.0,100,,,,,,,,,,,,,,,,,,,66.5,8,66.8,2,,,,,,,,,,,,,,,,
2026-06-30T00:02:34.163154+00:00,2026-06-30T10:02:34.161154,2,2,66.45,0.1,66.4,150,66.0,100,,,,,,,,,,,,,,,,,66.5,8,66.8,2,,,,,,,,,,,,,,,,
2026-06-30T00:02:34.207400+00:00,2026-06-30T10:02:34.203400,2,3,66.45,0.1,66.4,150,66.0,100,,,,,,,,,,,,,,,,,66.5,8,66.8,2,66.9,150,,,,,,,,,,,,,,
2026-06-30T00:02:34.880978+00:00,2026-06-30T10:02:34.872914,2,3,66.45,0.1,66.4,150,66.0,100,,,,,,,,,,,,,,,,,66.5,8,66.8,1,66.9,150,,,,,,,,,,,,,,
2026-06-30T00:02:34.936295+00:00,2026-06-30T10:02:34.928295,1,2,66.6,0.4,66.4,150,,,,,,,,,,,,,,,,,,,66.8,1,66.9,150,,,,,,,,,,,,,,,,
2026-06-30T00:02:34.989747+00:00,2026-06-30T10:02:34.981666,2,2,66.75,0.1,66.7,100,66.4,150,,,,,,,,,,,,,,,,,66.8,1,66.9,150,,,,,,,,,,,,,,,,
2026-06-30T00:02:35.045102+00:00,2026-06-30T10:02:35.034038,2,3,66.75,0.1,66.7,100,66.4,150,,,,,,,,,,,,,,,,,66.8,1,66.9,150,67.2,100,,,,,,,,,,,,,,
2026-06-30T00:02:35.661801+00:00,2026-06-30T10:02:35.656738,2,3,66.75,0.1,66.7,55,66.4,150,,,,,,,,,,,,,,,,,66.8,1,66.9,150,67.2,100,,,,,,,,,,,,,,
2026-06-30T00:02:35.879740+00:00,2026-06-30T10:02:35.874677,3,3,66.75,0.1,66.7,55,66.5,5,66.4,150,,,,,,,,,,,,,,,66.8,1,66.9,150,67.2,100,,,,,,,,,,,,,,
2026-06-30T00:02:36.021171+00:00,2026-06-30T10:02:36.020170,3,2,66.8,0.2,66.7,55,66.5,5,66.4,150,,,,,,,,,,,,,,,66.9,150,67.2,100,,,,,,,,,,,,,,,,
2026-06-30T00:02:36.163196+00:00,2026-06-30T10:02:36.157186,3,2,66.8,0.2,66.7,5,66.5,5,66.4,150,,,,,,,,,,,,,,,66.9,150,67.2,100,,,,,,,,,,,,,,,,
2026-06-30T00:02:36.748136+00:00,2026-06-30T10:02:36.737826,1,2,66.65,0.5,66.4,117,,,,,,,,,,,,,,,,,,,66.9,150,67.2,100,,,,,,,,,,,,,,,,
2026-06-30T00:02:37.018461+00:00,2026-06-30T10:02:37.008893,2,2,66.7,0.4,66.5,5,66.4,117,,,,,,,,,,,,,,,,,66.9,150,67.2,100,,,,,,,,,,,,,,,,
2026-06-30T00:02:37.258034+00:00,2026-06-30T10:02:37.257521,2,1,66.85,0.7,66.5,5,66.4,117,,,,,,,,,,,,,,,,,67.2,100,,,,,,,,,,,,,,,,,,
2026-06-30T00:02:37.268611+00:00,2026-06-30T10:02:37.259052,1,1,66.85,0.7,66.5,5,,,,,,,,,,,,,,,,,,,67.2,100,,,,,,,,,,,,,,,,,,
2026-06-30T00:02:37.312879+00:00,2026-06-30T10:02:37.310879,2,1,66.85,0.7,66.5,5,66.2,150,,,,,,,,,,,,,,,,,67.2,100,,,,,,,,,,,,,,,,,,
2026-06-30T00:02:37.367214+00:00,2026-06-30T10:02:37.363222,2,2,66.6,0.2,66.5,5,66.2,150,,,,,,,,,,,,,,,,,66.7,150,67.2,100,,,,,,,,,,,,,,,,
2026-06-30T00:02:38.094146+00:00,2026-06-30T10:02:38.090146,2,1,66.6,0.2,66.5,5,66.2,150,,,,,,,,,,,,,,,,,66.7,150,,,,,,,,,,,,,,,,,,
2026-06-30T00:02:38.148045+00:00,2026-06-30T10:02:38.143477,2,1,66.6,0.2,66.5,105,66.2,150,,,,,,,,,,,,,,,,,66.7,150,,,,,,,,,,,,,,,,,,
2026-06-30T00:02:38.180763+00:00,2026-06-30T10:02:38.171700,2,1,66.6,0.2,66.5,105,66.2,150,,,,,,,,,,,,,,,,,66.7,101,,,,,,,,,,,,,,,,,,
2026-06-30T00:02:38.202892+00:00,2026-06-30T10:02:38.195827,2,2,66.6,0.2,66.5,105,66.2,150,,,,,,,,,,,,,,,,,66.7,101,67.0,100,,,,,,,,,,,,,,,,
2026-06-30T00:02:38.277931+00:00,2026-06-30T10:02:38.271371,2,2,66.6,0.2,66.5,55,66.2,150,,,,,,,,,,,,,,,,,66.7,101,67.0,100,,,,,,,,,,,,,,,,
2026-06-30T00:02:40.038313+00:00,2026-06-30T10:02:40.038313,2,2,66.6,0.2,66.5,60,66.2,150,,,,,,,,,,,,,,,,,66.7,101,67.0,100,,,,,,,,,,,,,,,,
2026-06-30T00:02:40.169711+00:00,2026-06-30T10:02:40.166648,2,2,66.6,0.2,66.5,12,66.2,150,,,,,,,,,,,,,,,,,66.7,101,67.0,100,,,,,,,,,,,,,,,,
2026-06-30T00:02:40.387750+00:00,2026-06-30T10:02:40.378750,1,2,66.45,0.5,66.2,150,,,,,,,,,,,,,,,,,,,66.7,101,67.0,100,,,,,,,,,,,,,,,,
2026-06-30T00:02:40.420031+00:00,2026-06-30T10:02:40.418021,0,1,,,,,,,,,,,,,,,,,,,,,,,67.0,100,,,,,,,,,,,,,,,,,,
2026-06-30T00:02:40.475346+00:00,2026-06-30T10:02:40.469347,1,1,66.75,0.5,66.5,150,,,,,,,,,,,,,,,,,,,67.0,100,,,,,,,,,,,,,,,,,,
2026-06-30T00:02:40.528747+00:00,2026-06-30T10:02:40.523187,1,1,66.75,0.5,66.5,150,,,,,,,,,,,,,,,,,,,67.0,250,,,,,,,,,,,,,,,,,,
2026-06-30T00:02:40.942126+00:00,2026-06-30T10:02:40.933025,1,1,66.75,0.5,66.5,155,,,,,,,,,,,,,,,,,,,67.0,250,,,,,,,,,,,,,,,,,,
2026-06-30T00:02:41.257760+00:00,2026-06-30T10:02:41.253731,1,1,66.75,0.5,66.5,155,,,,,,,,,,,,,,,,,,,67.0,150,,,,,,,,,,,,,,,,,,
2026-06-30T00:02:41.334274+00:00,2026-06-30T10:02:41.325211,2,1,66.75,0.5,66.5,155,66.1,100,,,,,,,,,,,,,,,,,67.0,150,,,,,,,,,,,,,,,,,,
2026-06-30T00:02:41.387697+00:00,2026-06-30T10:02:41.378697,2,2,66.55,0.1,66.5,155,66.1,100,,,,,,,,,,,,,,,,,66.6,100,67.0,150,,,,,,,,,,,,,,,,
2026-06-30T00:02:41.733084+00:00,2026-06-30T10:02:41.727021,2,2,66.55,0.1,66.5,155,66.1,100,,,,,,,,,,,,,,,,,66.6,53,67.0,150,,,,,,,,,,,,,,,,
2026-06-30T00:02:43.582889+00:00,2026-06-30T10:02:43.577878,2,1,66.55,0.1,66.5,5,66.1,100,,,,,,,,,,,,,,,,,66.6,53,,,,,,,,,,,,,,,,,,
2026-06-30T00:02:43.637300+00:00,2026-06-30T10:02:43.631245,3,1,66.55,0.1,66.5,5,66.4,150,66.1,100,,,,,,,,,,,,,,,66.6,10,,,,,,,,,,,,,,,,,,
2026-06-30T00:02:43.691168+00:00,2026-06-30T10:02:43.684104,3,2,66.55,0.1,66.5,5,66.4,150,66.1,100,,,,,,,,,,,,,,,66.6,10,66.9,150,,,,,,,,,,,,,,,,
2026-06-30T00:02:44.214092+00:00,2026-06-30T10:02:44.204031,2,2,66.5,0.2,66.4,108,66.1,100,,,,,,,,,,,,,,,,,66.6,10,66.9,150,,,,,,,,,,,,,,,,
2026-06-30T00:02:44.433106+00:00,2026-06-30T10:02:44.432106,2,1,66.65,0.5,66.4,108,66.1,100,,,,,,,,,,,,,,,,,66.9,150,,,,,,,,,,,,,,,,,,
2026-06-30T00:02:44.444169+00:00,2026-06-30T10:02:44.433106,1,1,66.65,0.5,66.4,108,,,,,,,,,,,,,,,,,,,66.9,150,,,,,,,,,,,,,,,,,,
2026-06-30T00:02:44.487461+00:00,2026-06-30T10:02:44.485416,2,1,66.65,0.5,66.4,108,66.2,100,,,,,,,,,,,,,,,,,66.9,150,,,,,,,,,,,,,,,,,,
2026-06-30T00:02:44.541843+00:00,2026-06-30T10:02:44.538844,2,2,66.55,0.3,66.4,108,66.2,100,,,,,,,,,,,,,,,,,66.7,100,66.9,150,,,,,,,,,,,,,,,,
2026-06-30T00:02:44.597149+00:00,2026-06-30T10:02:44.589149,2,2,66.55,0.3,66.4,58,66.2,100,,,,,,,,,,,,,,,,,66.7,100,66.9,150,,,,,,,,,,,,,,,,
2026-06-30T00:02:44.836301+00:00,2026-06-30T10:02:44.828311,2,2,66.55,0.3,66.4,58,66.2,100,,,,,,,,,,,,,,,,,66.7,60,66.9,150,,,,,,,,,,,,,,,,
2026-06-30T00:02:44.890646+00:00,2026-06-30T10:02:44.882655,2,2,66.55,0.3,66.4,16,66.2,100,,,,,,,,,,,,,,,,,66.7,60,66.9,150,,,,,,,,,,,,,,,,
2026-06-30T00:02:45.457516+00:00,2026-06-30T10:02:45.454489,2,2,66.55,0.3,66.4,16,66.2,100,,,,,,,,,,,,,,,,,66.7,16,66.9,150,,,,,,,,,,,,,,,,
2026-06-30T00:02:45.511904+00:00,2026-06-30T10:02:45.507894,1,2,66.45,0.5,66.2,100,,,,,,,,,,,,,,,,,,,66.7,16,66.9,150,,,,,,,,,,,,,,,,
2026-06-30T00:02:46.612257+00:00,2026-06-30T10:02:46.602186,1,2,66.45,0.5,66.2,60,,,,,,,,,,,,,,,,,,,66.7,16,66.9,150,,,,,,,,,,,,,,,,
2026-06-30T00:02:46.656503+00:00,2026-06-30T10:02:46.645439,1,1,66.55,0.7,66.2,60,,,,,,,,,,,,,,,,,,,66.9,116,,,,,,,,,,,,,,,,,,
2026-06-30T00:02:46.743110+00:00,2026-06-30T10:02:46.738110,1,0,,,66.2,60,,,,,,,,,,,,,,,,,,,,,,,,,,,,,,,,,,,,,,
2026-06-30T00:02:46.798018+00:00,2026-06-30T10:02:46.794450,2,0,,,66.2,60,65.8,150,,,,,,,,,,,,,,,,,,,,,,,,,,,,,,,,,,,,
2026-06-30T00:02:46.852866+00:00,2026-06-30T10:02:46.846802,2,1,66.25,0.1,66.2,60,65.8,150,,,,,,,,,,,,,,,,,66.3,150,,,,,,,,,,,,,,,,,,
2026-06-30T00:02:47.604347+00:00,2026-06-30T10:02:47.595276,1,1,66.05,0.5,65.8,150,,,,,,,,,,,,,,,,,,,66.3,150,,,,,,,,,,,,,,,,,,
2026-06-30T00:02:47.658205+00:00,2026-06-30T10:02:47.648638,1,1,66.05,0.5,65.8,150,,,,,,,,,,,,,,,,,,,66.3,50,,,,,,,,,,,,,,,,,,
2026-06-30T00:02:47.701980+00:00,2026-06-30T10:02:47.700980,1,2,66.05,0.5,65.8,150,,,,,,,,,,,,,,,,,,,66.3,50,66.9,100,,,,,,,,,,,,,,,,
2026-06-30T00:02:48.688609+00:00,2026-06-30T10:02:48.683040,1,2,66.05,0.5,65.8,150,,,,,,,,,,,,,,,,,,,66.3,46,66.9,100,,,,,,,,,,,,,,,,
2026-06-30T00:02:48.755001+00:00,2026-06-30T10:02:48.752002,1,1,66.35,1.1,65.8,150,,,,,,,,,,,,,,,,,,,66.9,100,,,,,,,,,,,,,,,,,,
2026-06-30T00:02:49.057523+00:00,2026-06-30T10:02:49.054477,2,1,66.65,0.5,66.4,4,65.8,150,,,,,,,,,,,,,,,,,66.9,100,,,,,,,,,,,,,,,,,,
2026-06-30T00:02:49.111872+00:00,2026-06-30T10:02:49.108872,2,2,66.55,0.3,66.4,4,65.8,150,,,,,,,,,,,,,,,,,66.7,3,66.9,100,,,,,,,,,,,,,,,,
2026-06-30T00:02:49.307215+00:00,2026-06-30T10:02:49.305189,2,2,66.55,0.3,66.4,4,65.8,150,,,,,,,,,,,,,,,,,66.7,2,66.9,100,,,,,,,,,,,,,,,,
2026-06-30T00:02:49.906939+00:00,2026-06-30T10:02:49.898939,1,2,66.55,0.3,66.4,4,,,,,,,,,,,,,,,,,,,66.7,2,66.9,100,,,,,,,,,,,,,,,,
2026-06-30T00:02:49.961325+00:00,2026-06-30T10:02:49.954262,1,2,66.55,0.3,66.4,154,,,,,,,,,,,,,,,,,,,66.7,2,66.9,100,,,,,,,,,,,,,,,,
2026-06-30T00:02:50.005584+00:00,2026-06-30T10:02:50.003584,1,2,66.55,0.3,66.4,154,,,,,,,,,,,,,,,,,,,66.7,2,66.9,250,,,,,,,,,,,,,,,,
2026-06-30T00:02:50.757442+00:00,2026-06-30T10:02:50.754442,1,2,66.55,0.3,66.4,154,,,,,,,,,,,,,,,,,,,66.7,2,66.9,150,,,,,,,,,,,,,,,,
2026-06-30T00:02:50.811849+00:00,2026-06-30T10:02:50.806786,2,2,66.55,0.3,66.4,154,66.0,100,,,,,,,,,,,,,,,,,66.7,2,66.9,150,,,,,,,,,,,,,,,,
2026-06-30T00:02:50.867186+00:00,2026-06-30T10:02:50.862186,2,2,66.45,0.1,66.4,154,66.0,100,,,,,,,,,,,,,,,,,66.5,100,66.9,102,,,,,,,,,,,,,,,,
2026-06-30T00:02:52.391784+00:00,2026-06-30T10:02:52.388783,2,2,66.45,0.1,66.4,152,66.0,100,,,,,,,,,,,,,,,,,66.5,100,66.9,102,,,,,,,,,,,,,,,,
2026-06-30T00:02:52.424969+00:00,2026-06-30T10:02:52.421969,2,2,66.45,0.1,66.4,109,66.0,100,,,,,,,,,,,,,,,,,66.5,100,66.9,102,,,,,,,,,,,,,,,,
2026-06-30T00:02:52.979791+00:00,2026-06-30T10:02:52.968860,2,2,66.45,0.1,66.4,109,66.0,100,,,,,,,,,,,,,,,,,66.5,50,66.9,102,,,,,,,,,,,,,,,,
2026-06-30T00:02:53.067369+00:00,2026-06-30T10:02:53.060322,1,1,66.25,0.5,66.0,100,,,,,,,,,,,,,,,,,,,66.5,50,,,,,,,,,,,,,,,,,,
2026-06-30T00:02:53.121241+00:00,2026-06-30T10:02:53.117231,2,1,66.45,0.1,66.4,150,66.0,100,,,,,,,,,,,,,,,,,66.5,50,,,,,,,,,,,,,,,,,,
2026-06-30T00:02:53.176550+00:00,2026-06-30T10:02:53.172550,2,2,66.45,0.1,66.4,150,66.0,100,,,,,,,,,,,,,,,,,66.5,50,66.9,150,,,,,,,,,,,,,,,,
2026-06-30T00:02:53.925102+00:00,2026-06-30T10:02:53.916034,1,1,66.65,0.5,66.4,150,,,,,,,,,,,,,,,,,,,66.9,150,,,,,,,,,,,,,,,,,,
2026-06-30T00:02:53.936170+00:00,2026-06-30T10:02:53.930170,1,1,66.65,0.5,66.4,150,,,,,,,,,,,,,,,,,,,66.9,110,,,,,,,,,,,,,,,,,,
2026-06-30T00:02:53.979015+00:00,2026-06-30T10:02:53.968591,2,1,66.65,0.5,66.4,150,66.3,100,,,,,,,,,,,,,,,,,66.9,110,,,,,,,,,,,,,,,,,,
2026-06-30T00:02:54.045407+00:00,2026-06-30T10:02:54.039407,2,2,66.6,0.4,66.4,150,66.3,100,,,,,,,,,,,,,,,,,66.8,100,66.9,110,,,,,,,,,,,,,,,,
2026-06-30T00:02:55.077334+00:00,2026-06-30T10:02:55.076286,2,2,66.6,0.4,66.4,150,66.3,100,,,,,,,,,,,,,,,,,66.8,50,66.9,110,,,,,,,,,,,,,,,,
2026-06-30T00:02:56.229968+00:00,2026-06-30T10:02:56.227958,1,1,66.55,0.5,66.3,100,,,,,,,,,,,,,,,,,,,66.8,50,,,,,,,,,,,,,,,,,,
2026-06-30T00:02:56.285241+00:00,2026-06-30T10:02:56.279240,2,1,66.65,0.3,66.5,150,66.3,100,,,,,,,,,,,,,,,,,66.8,50,,,,,,,,,,,,,,,,,,
2026-06-30T00:02:56.338646+00:00,2026-06-30T10:02:56.333087,2,2,66.65,0.3,66.5,150,66.3,100,,,,,,,,,,,,,,,,,66.8,50,67.0,150,,,,,,,,,,,,,,,,
2026-06-30T00:02:56.546501+00:00,2026-06-30T10:02:56.545501,2,3,66.6,0.2,66.5,150,66.3,100,,,,,,,,,,,,,,,,,66.7,7,66.8,50,67.0,150,,,,,,,,,,,,,,
2026-06-30T00:02:56.917428+00:00,2026-06-30T10:02:56.915388,2,2,66.65,0.3,66.5,150,66.3,100,,,,,,,,,,,,,,,,,66.8,15,67.0,150,,,,,,,,,,,,,,,,
2026-06-30T00:02:57.037253+00:00,2026-06-30T10:02:57.034206,2,2,66.65,0.3,66.5,150,66.3,100,,,,,,,,,,,,,,,,,66.8,22,67.0,150,,,,,,,,,,,,,,,,
2026-06-30T00:02:57.091155+00:00,2026-06-30T10:02:57.090154,2,2,66.65,0.3,66.5,150,66.3,100,,,,,,,,,,,,,,,,,66.8,7,67.0,150,,,,,,,,,,,,,,,,
2026-06-30T00:02:57.102218+00:00,2026-06-30T10:02:57.091439,1,2,66.65,0.3,66.5,150,,,,,,,,,,,,,,,,,,,66.8,7,67.0,150,,,,,,,,,,,,,,,,
2026-06-30T00:02:57.146485+00:00,2026-06-30T10:02:57.143485,2,2,66.65,0.3,66.5,150,66.4,100,,,,,,,,,,,,,,,,,66.8,7,67.0,150,,,,,,,,,,,,,,,,
2026-06-30T00:02:57.210947+00:00,2026-06-30T10:02:57.205883,2,3,66.65,0.3,66.5,150,66.4,100,,,,,,,,,,,,,,,,,66.8,7,66.9,100,67.0,150,,,,,,,,,,,,,,
2026-06-30T00:02:57.928757+00:00,2026-06-30T10:02:57.924193,2,3,66.65,0.3,66.5,103,66.4,100,,,,,,,,,,,,,,,,,66.8,7,66.9,100,67.0,150,,,,,,,,,,,,,,
2026-06-30T00:02:59.388689+00:00,2026-06-30T10:02:59.387679,2,2,66.65,0.3,66.5,103,66.4,100,,,,,,,,,,,,,,,,,66.8,7,66.9,100,,,,,,,,,,,,,,,,
2026-06-30T00:02:59.399758+00:00,2026-06-30T10:02:59.388689,1,2,66.6,0.4,66.4,100,,,,,,,,,,,,,,,,,,,66.8,7,66.9,100,,,,,,,,,,,,,,,,
2026-06-30T00:02:59.455072+00:00,2026-06-30T10:02:59.454072,2,2,66.6,0.4,66.4,100,66.3,150,,,,,,,,,,,,,,,,,66.8,7,66.9,100,,,,,,,,,,,,,,,,
2026-06-30T00:02:59.509009+00:00,2026-06-30T10:02:59.502450,2,2,66.6,0.4,66.4,100,66.3,150,,,,,,,,,,,,,,,,,66.8,157,66.9,100,,,,,,,,,,,,,,,,
2026-06-30T00:03:00.259816+00:00,2026-06-30T10:03:00.258815,2,1,66.6,0.4,66.4,100,66.3,150,,,,,,,,,,,,,,,,,66.8,157,,,,,,,,,,,,,,,,,,
2026-06-30T00:03:00.270878+00:00,2026-06-30T10:03:00.259816,1,1,66.55,0.5,66.3,150,,,,,,,,,,,,,,,,,,,66.8,157,,,,,,,,,,,,,,,,,,
2026-06-30T00:03:00.315128+00:00,2026-06-30T10:03:00.313129,2,1,66.7,0.2,66.6,100,66.3,150,,,,,,,,,,,,,,,,,66.8,157,,,,,,,,,,,,,,,,,,
2026-06-30T00:03:00.367492+00:00,2026-06-30T10:03:00.365465,2,2,66.7,0.2,66.6,100,66.3,150,,,,,,,,,,,,,,,,,66.8,157,67.1,100,,,,,,,,,,,,,,,,
2026-06-30T00:03:00.497856+00:00,2026-06-30T10:03:00.488296,2,2,66.7,0.2,66.6,100,66.3,150,,,,,,,,,,,,,,,,,66.8,110,67.1,100,,,,,,,,,,,,,,,,
2026-06-30T00:03:01.138188+00:00,2026-06-30T10:03:01.135628,2,2,66.7,0.2,66.6,100,66.3,150,,,,,,,,,,,,,,,,,66.8,118,67.1,100,,,,,,,,,,,,,,,,
2026-06-30T00:03:01.444187+00:00,2026-06-30T10:03:01.439187,2,2,66.7,0.2,66.6,50,66.3,150,,,,,,,,,,,,,,,,,66.8,118,67.1,100,,,,,,,,,,,,,,,,
2026-06-30T00:03:01.519709+00:00,2026-06-30T10:03:01.508766,3,2,66.7,0.2,66.6,50,66.5,1,66.3,150,,,,,,,,,,,,,,,66.8,118,67.1,100,,,,,,,,,,,,,,,,
2026-06-30T00:03:01.617832+00:00,2026-06-30T10:03:01.616272,3,2,66.7,0.2,66.6,9,66.5,1,66.3,150,,,,,,,,,,,,,,,66.8,118,67.1,100,,,,,,,,,,,,,,,,
2026-06-30T00:03:02.577303+00:00,2026-06-30T10:03:02.570247,2,2,66.7,0.2,66.6,9,66.5,1,,,,,,,,,,,,,,,,,66.8,8,67.1,100,,,,,,,,,,,,,,,,
2026-06-30T00:03:02.631200+00:00,2026-06-30T10:03:02.624136,2,2,66.7,0.2,66.6,159,66.5,1,,,,,,,,,,,,,,,,,66.8,8,67.1,100,,,,,,,,,,,,,,,,
2026-06-30T00:03:02.686519+00:00,2026-06-30T10:03:02.678520,2,2,66.7,0.2,66.6,159,66.5,1,,,,,,,,,,,,,,,,,66.8,8,67.1,250,,,,,,,,,,,,,,,,
2026-06-30T00:03:03.143126+00:00,2026-06-30T10:03:03.135063,2,2,66.7,0.2,66.6,159,66.5,1,,,,,,,,,,,,,,,,,66.8,7,67.1,250,,,,,,,,,,,,,,,,
2026-06-30T00:03:03.426064+00:00,2026-06-30T10:03:03.424064,2,2,66.7,0.2,66.6,150,66.5,1,,,,,,,,,,,,,,,,,66.8,7,67.1,150,,,,,,,,,,,,,,,,
2026-06-30T00:03:03.478497+00:00,2026-06-30T10:03:03.475938,3,2,66.7,0.2,66.6,150,66.5,1,66.3,100,,,,,,,,,,,,,,,66.8,7,67.1,150,,,,,,,,,,,,,,,,
2026-06-30T00:03:03.533349+00:00,2026-06-30T10:03:03.530349,3,2,66.7,0.2,66.6,150,66.5,1,66.3,100,,,,,,,,,,,,,,,66.8,107,67.1,150,,,,,,,,,,,,,,,,
2026-06-30T00:03:03.555488+00:00,2026-06-30T10:03:03.546425,3,2,66.7,0.2,66.6,100,66.5,1,66.3,100,,,,,,,,,,,,,,,66.8,107,67.1,150,,,,,,,,,,,,,,,,
2026-06-30T00:03:03.837886+00:00,2026-06-30T10:03:03.834319,3,2,66.7,0.2,66.6,100,66.5,1,66.3,100,,,,,,,,,,,,,,,66.8,67,67.1,150,,,,,,,,,,,,,,,,
2026-06-30T00:03:03.892297+00:00,2026-06-30T10:03:03.886234,3,2,66.7,0.2,66.6,57,66.5,1,66.3,100,,,,,,,,,,,,,,,66.8,67,67.1,150,,,,,,,,,,,,,,,,
2026-06-30T00:03:04.250744+00:00,2026-06-30T10:03:04.245681,3,2,66.7,0.2,66.6,57,66.5,1,66.3,100,,,,,,,,,,,,,,,66.8,74,67.1,150,,,,,,,,,,,,,,,,
2026-06-30T00:03:05.657796+00:00,2026-06-30T10:03:05.653237,3,2,66.7,0.2,66.6,7,66.5,1,66.3,100,,,,,,,,,,,,,,,66.8,74,67.1,150,,,,,,,,,,,,,,,,
2026-06-30T00:03:05.734287+00:00,2026-06-30T10:03:05.733287,3,1,66.7,0.2,66.6,7,66.5,1,66.3,100,,,,,,,,,,,,,,,66.8,74,,,,,,,,,,,,,,,,,,
2026-06-30T00:03:05.745383+00:00,2026-06-30T10:03:05.743383,2,1,66.65,0.3,66.5,1,66.3,100,,,,,,,,,,,,,,,,,66.8,73,,,,,,,,,,,,,,,,,,
2026-06-30T00:03:05.788760+00:00,2026-06-30T10:03:05.788760,3,1,66.65,0.3,66.5,1,66.3,100,65.9,150,,,,,,,,,,,,,,,66.8,73,,,,,,,,,,,,,,,,,,
2026-06-30T00:03:05.844088+00:00,2026-06-30T10:03:05.841088,2,2,66.35,0.1,66.3,100,65.9,150,,,,,,,,,,,,,,,,,66.4,149,66.8,73,,,,,,,,,,,,,,,,
2026-06-30T00:03:06.586536+00:00,2026-06-30T10:03:06.584536,2,2,66.35,0.1,66.3,100,65.9,150,,,,,,,,,,,,,,,,,66.4,149,66.8,6,,,,,,,,,,,,,,,,
2026-06-30T00:03:06.597599+00:00,2026-06-30T10:03:06.586536,1,2,66.15,0.5,65.9,150,,,,,,,,,,,,,,,,,,,66.4,149,66.8,6,,,,,,,,,,,,,,,,
2026-06-30T00:03:06.650603+00:00,2026-06-30T10:03:06.639683,2,2,66.35,0.1,66.3,100,65.9,150,,,,,,,,,,,,,,,,,66.4,149,66.8,6,,,,,,,,,,,,,,,,
2026-06-30T00:03:06.694844+00:00,2026-06-30T10:03:06.691837,2,2,66.35,0.1,66.3,100,65.9,150,,,,,,,,,,,,,,,,,66.4,149,66.8,106,,,,,,,,,,,,,,,,
2026-06-30T00:03:07.323990+00:00,2026-06-30T10:03:07.315927,2,2,66.35,0.1,66.3,100,65.9,150,,,,,,,,,,,,,,,,,66.4,148,66.8,106,,,,,,,,,,,,,,,,
2026-06-30T00:03:07.638253+00:00,2026-06-30T10:03:07.635685,2,2,66.35,0.1,66.3,56,65.9,150,,,,,,,,,,,,,,,,,66.4,148,66.8,106,,,,,,,,,,,,,,,,
2026-06-30T00:03:07.768613+00:00,2026-06-30T10:03:07.758243,2,2,66.35,0.1,66.3,6,65.9,150,,,,,,,,,,,,,,,,,66.4,148,66.8,106,,,,,,,,,,,,,,,,
2026-06-30T00:03:08.770949+00:00,2026-06-30T10:03:08.765886,2,2,66.35,0.1,66.3,6,65.9,150,,,,,,,,,,,,,,,,,66.4,148,66.8,105,,,,,,,,,,,,,,,,
2026-06-30T00:03:08.858025+00:00,2026-06-30T10:03:08.857496,2,2,66.35,0.1,66.3,6,65.9,150,,,,,,,,,,,,,,,,,66.4,105,66.8,105,,,,,,,,,,,,,,,,
2026-06-30T00:03:08.901817+00:00,2026-06-30T10:03:08.897807,1,1,66.55,0.5,66.3,6,,,,,,,,,,,,,,,,,,,66.8,105,,,,,,,,,,,,,,,,,,
2026-06-30T00:03:08.957128+00:00,2026-06-30T10:03:08.950128,2,1,66.55,0.5,66.3,6,66.2,150,,,,,,,,,,,,,,,,,66.8,105,,,,,,,,,,,,,,,,,,
2026-06-30T00:03:09.010059+00:00,2026-06-30T10:03:09.002991,2,2,66.5,0.4,66.3,6,66.2,150,,,,,,,,,,,,,,,,,66.7,150,66.8,105,,,,,,,,,,,,,,,,
2026-06-30T00:03:09.752088+00:00,2026-06-30T10:03:09.748088,1,2,66.45,0.5,66.2,150,,,,,,,,,,,,,,,,,,,66.7,150,66.8,5,,,,,,,,,,,,,,,,
2026-06-30T00:03:09.828662+00:00,2026-06-30T10:03:09.820103,2,2,66.45,0.5,66.2,150,66.0,100,,,,,,,,,,,,,,,,,66.7,150,66.8,5,,,,,,,,,,,,,,,,
2026-06-30T00:03:09.872941+00:00,2026-06-30T10:03:09.871941,2,3,66.3,0.2,66.2,150,66.0,100,,,,,,,,,,,,,,,,,66.4,100,66.7,150,66.8,5,,,,,,,,,,,,,,
2026-06-30T00:03:09.884021+00:00,2026-06-30T10:03:09.875941,2,3,66.3,0.2,66.2,100,66.0,100,,,,,,,,,,,,,,,,,66.4,100,66.7,150,66.8,5,,,,,,,,,,,,,,
2026-06-30T00:03:11.818410+00:00,2026-06-30T10:03:11.810851,2,3,66.3,0.2,66.2,100,66.0,100,,,,,,,,,,,,,,,,,66.4,58,66.7,150,66.8,5,,,,,,,,,,,,,,
2026-06-30T00:03:12.058012+00:00,2026-06-30T10:03:12.057497,2,2,66.3,0.2,66.2,100,66.0,100,,,,,,,,,,,,,,,,,66.4,58,66.8,5,,,,,,,,,,,,,,,,
2026-06-30T00:03:12.068590+00:00,2026-06-30T10:03:12.058150,1,2,66.2,0.4,66.0,100,,,,,,,,,,,,,,,,,,,66.4,58,66.8,5,,,,,,,,,,,,,,,,
2026-06-30T00:03:12.112856+00:00,2026-06-30T10:03:12.110856,1,2,66.2,0.4,66.0,250,,,,,,,,,,,,,,,,,,,66.4,58,66.8,5,,,,,,,,,,,,,,,,
2026-06-30T00:03:12.167197+00:00,2026-06-30T10:03:12.165171,1,3,66.2,0.4,66.0,250,,,,,,,,,,,,,,,,,,,66.4,58,66.5,150,66.8,5,,,,,,,,,,,,,,
2026-06-30T00:03:12.516024+00:00,2026-06-30T10:03:12.505103,1,3,66.2,0.4,66.0,250,,,,,,,,,,,,,,,,,,,66.4,57,66.5,150,66.8,5,,,,,,,,,,,,,,
2026-06-30T00:03:12.937837+00:00,2026-06-30T10:03:12.936267,1,2,66.25,0.5,66.0,150,,,,,,,,,,,,,,,,,,,66.5,150,66.8,5,,,,,,,,,,,,,,,,
2026-06-30T00:03:12.992191+00:00,2026-06-30T10:03:12.989191,2,2,66.35,0.3,66.2,100,66.0,150,,,,,,,,,,,,,,,,,66.5,150,66.8,5,,,,,,,,,,,,,,,,
2026-06-30T00:03:13.047547+00:00,2026-06-30T10:03:13.041547,2,3,66.35,0.3,66.2,100,66.0,150,,,,,,,,,,,,,,,,,66.5,150,66.7,100,66.8,5,,,,,,,,,,,,,,
2026-06-30T00:03:13.800039+00:00,2026-06-30T10:03:13.794965,2,3,66.35,0.3,66.2,60,66.0,150,,,,,,,,,,,,,,,,,66.5,150,66.7,100,66.8,5,,,,,,,,,,,,,,
2026-06-30T00:03:14.039637+00:00,2026-06-30T10:03:14.037627,2,2,66.35,0.3,66.2,60,66.0,150,,,,,,,,,,,,,,,,,66.5,100,66.7,100,,,,,,,,,,,,,,,,
2026-06-30T00:03:14.355149+00:00,2026-06-30T10:03:14.354140,2,3,66.35,0.3,66.2,60,66.0,150,,,,,,,,,,,,,,,,,66.5,100,66.6,7,66.7,100,,,,,,,,,,,,,,
2026-06-30T00:03:14.987966+00:00,2026-06-30T10:03:14.981406,2,3,66.35,0.3,66.2,60,66.0,150,,,,,,,,,,,,,,,,,66.5,58,66.6,7,66.7,100,,,,,,,,,,,,,,
2026-06-30T00:03:15.248430+00:00,2026-06-30T10:03:15.238871,1,2,66.4,0.4,66.2,60,,,,,,,,,,,,,,,,,,,66.6,7,66.7,100,,,,,,,,,,,,,,,,
2026-06-30T00:03:15.303285+00:00,2026-06-30T10:03:15.294222,2,2,66.5,0.2,66.4,150,66.2,60,,,,,,,,,,,,,,,,,66.6,7,66.7,100,,,,,,,,,,,,,,,,
2026-06-30T00:03:15.357626+00:00,2026-06-30T10:03:15.348599,2,3,66.5,0.2,66.4,150,66.2,60,,,,,,,,,,,,,,,,,66.6,7,66.7,100,66.9,150,,,,,,,,,,,,,,
2026-06-30T00:03:16.097662+00:00,2026-06-30T10:03:16.095615,2,2,66.5,0.2,66.4,150,66.2,60,,,,,,,,,,,,,,,,,66.6,7,66.9,150,,,,,,,,,,,,,,,,
2026-06-30T00:03:16.108259+00:00,2026-06-30T10:03:16.097801,1,2,66.5,0.2,66.4,150,,,,,,,,,,,,,,,,,,,66.6,7,66.9,150,,,,,,,,,,,,,,,,
2026-06-30T00:03:16.163104+00:00,2026-06-30T10:03:16.153041,2,2,66.5,0.2,66.4,150,66.2,100,,,,,,,,,,,,,,,,,66.6,7,66.9,150,,,,,,,,,,,,,,,,
2026-06-30T00:03:16.207388+00:00,2026-06-30T10:03:16.205388,2,3,66.5,0.2,66.4,150,66.2,100,,,,,,,,,,,,,,,,,66.6,7,66.7,100,66.9,150,,,,,,,,,,,,,,
2026-06-30T00:03:17.970794+00:00,2026-06-30T10:03:17.966731,2,3,66.5,0.2,66.4,110,66.2,100,,,,,,,,,,,,,,,,,66.6,7,66.7,100,66.9,150,,,,,,,,,,,,,,
2026-06-30T00:03:18.407690+00:00,2026-06-30T10:03:18.403662,1,2,66.4,0.4,66.2,100,,,,,,,,,,,,,,,,,,,66.6,7,66.7,100,,,,,,,,,,,,,,,,
2026-06-30T00:03:18.462087+00:00,2026-06-30T10:03:18.457023,1,2,66.4,0.4,66.2,250,,,,,,,,,,,,,,,,,,,66.6,7,66.7,100,,,,,,,,,,,,,,,,
2026-06-30T00:03:18.517420+00:00,2026-06-30T10:03:18.510420,1,2,66.4,0.4,66.2,250,,,,,,,,,,,,,,,,,,,66.6,7,66.7,250,,,,,,,,,,,,,,,,
2026-06-30T00:03:19.267969+00:00,2026-06-30T10:03:19.262410,1,2,66.4,0.4,66.2,150,,,,,,,,,,,,,,,,,,,66.6,7,66.7,150,,,,,,,,,,,,,,,,
2026-06-30T00:03:19.322815+00:00,2026-06-30T10:03:19.315753,2,2,66.4,0.4,66.2,150,66.1,100,,,,,,,,,,,,,,,,,66.6,7,66.7,150,,,,,,,,,,,,,,,,
2026-06-30T00:03:19.377143+00:00,2026-06-30T10:03:19.368117,2,2,66.4,0.4,66.2,150,66.1,100,,,,,,,,,,,,,,,,,66.6,107,66.7,150,,,,,,,,,,,,,,,,
2026-06-30T00:03:20.148878+00:00,2026-06-30T10:03:20.148364,2,2,66.4,0.4,66.2,150,66.1,100,,,,,,,,,,,,,,,,,66.6,100,66.7,150,,,,,,,,,,,,,,,,
2026-06-30T00:03:20.159949+00:00,2026-06-30T10:03:20.157947,3,2,66.5,0.2,66.4,1,66.2,150,66.1,100,,,,,,,,,,,,,,,66.6,100,66.7,150,,,,,,,,,,,,,,,,
2026-06-30T00:03:20.257782+00:00,2026-06-30T10:03:20.256781,3,2,66.5,0.2,66.4,1,66.2,150,66.1,100,,,,,,,,,,,,,,,66.6,100,66.7,158,,,,,,,,,,,,,,,,
2026-06-30T00:03:20.355444+00:00,2026-06-30T10:03:20.352444,3,2,66.5,0.2,66.4,1,66.2,150,66.1,100,,,,,,,,,,,,,,,66.6,50,66.7,158,,,,,,,,,,,,,,,,
2026-06-30T00:03:21.571746+00:00,2026-06-30T10:03:21.566683,2,2,66.5,0.2,66.4,1,66.1,100,,,,,,,,,,,,,,,,,66.6,50,66.7,8,,,,,,,,,,,,,,,,
2026-06-30T00:03:21.627088+00:00,2026-06-30T10:03:21.620088,2,2,66.5,0.2,66.4,1,66.1,250,,,,,,,,,,,,,,,,,66.6,50,66.7,8,,,,,,,,,,,,,,,,
2026-06-30T00:03:21.680007+00:00,2026-06-30T10:03:21.673941,2,2,66.5,0.2,66.4,1,66.1,250,,,,,,,,,,,,,,,,,66.6,200,66.7,8,,,,,,,,,,,,,,,,
2026-06-30T00:03:22.345347+00:00,2026-06-30T10:03:22.342339,2,2,66.5,0.2,66.4,1,66.1,250,,,,,,,,,,,,,,,,,66.6,200,66.7,5,,,,,,,,,,,,,,,,
2026-06-30T00:03:22.431937+00:00,2026-06-30T10:03:22.423874,2,2,66.5,0.2,66.4,1,66.1,150,,,,,,,,,,,,,,,,,66.6,150,66.7,5,,,,,,,,,,,,,,,,
2026-06-30T00:03:22.508486+00:00,2026-06-30T10:03:22.501926,3,2,66.5,0.2,66.4,1,66.2,100,66.1,150,,,,,,,,,,,,,,,66.6,150,66.7,5,,,,,,,,,,,,,,,,
2026-06-30T00:03:22.519065+00:00,2026-06-30T10:03:22.512504,2,2,66.4,0.4,66.2,51,66.1,150,,,,,,,,,,,,,,,,,66.6,150,66.7,5,,,,,,,,,,,,,,,,
2026-06-30T00:03:22.563329+00:00,2026-06-30T10:03:22.554267,2,2,66.4,0.4,66.2,51,66.1,150,,,,,,,,,,,,,,,,,66.6,150,66.7,105,,,,,,,,,,,,,,,,
2026-06-30T00:03:23.084212+00:00,2026-06-30T10:03:23.073149,2,2,66.4,0.4,66.2,51,66.1,150,,,,,,,,,,,,,,,,,66.6,106,66.7,105,,,,,,,,,,,,,,,,
2026-06-30T00:03:24.216327+00:00,2026-06-30T10:03:24.213327,2,2,66.4,0.4,66.2,10,66.1,150,,,,,,,,,,,,,,,,,66.6,106,66.7,105,,,,,,,,,,,,,,,,
2026-06-30T00:03:24.575327+00:00,2026-06-30T10:03:24.568326,2,2,66.4,0.4,66.2,10,66.1,150,,,,,,,,,,,,,,,,,66.6,56,66.7,105,,,,,,,,,,,,,,,,
2026-06-30T00:03:24.661965+00:00,2026-06-30T10:03:24.650873,2,2,66.4,0.4,66.2,10,66.1,150,,,,,,,,,,,,,,,,,66.6,56,66.7,100,,,,,,,,,,,,,,,,
2026-06-30T00:03:24.717275+00:00,2026-06-30T10:03:24.716275,2,2,66.4,0.4,66.2,10,66.1,150,,,,,,,,,,,,,,,,,66.6,13,66.7,100,,,,,,,,,,,,,,,,
2026-06-30T00:03:24.727402+00:00,2026-06-30T10:03:24.726345,2,1,66.45,0.5,66.2,10,66.1,150,,,,,,,,,,,,,,,,,66.7,100,,,,,,,,,,,,,,,,,,
2026-06-30T00:03:24.738004+00:00,2026-06-30T10:03:24.728443,1,1,66.45,0.5,66.2,10,,,,,,,,,,,,,,,,,,,66.7,100,,,,,,,,,,,,,,,,,,
2026-06-30T00:03:24.781788+00:00,2026-06-30T10:03:24.780788,2,1,66.65,0.1,66.6,150,66.2,10,,,,,,,,,,,,,,,,,66.7,100,,,,,,,,,,,,,,,,,,
2026-06-30T00:03:24.837093+00:00,2026-06-30T10:03:24.834088,2,2,66.65,0.1,66.6,150,66.2,10,,,,,,,,,,,,,,,,,66.7,100,67.1,150,,,,,,,,,,,,,,,,
2026-06-30T00:03:25.618024+00:00,2026-06-30T10:03:25.610465,1,1,66.85,0.5,66.6,150,,,,,,,,,,,,,,,,,,,67.1,150,,,,,,,,,,,,,,,,,,
2026-06-30T00:03:25.672893+00:00,2026-06-30T10:03:25.662823,2,1,66.85,0.5,66.6,150,65.8,100,,,,,,,,,,,,,,,,,67.1,150,,,,,,,,,,,,,,,,,,
2026-06-30T00:03:25.727757+00:00,2026-06-30T10:03:25.718194,2,1,66.85,0.5,66.6,50,65.8,100,,,,,,,,,,,,,,,,,67.1,150,,,,,,,,,,,,,,,,,,
2026-06-30T00:03:26.750886+00:00,2026-06-30T10:03:26.741813,1,1,66.45,1.3,65.8,100,,,,,,,,,,,,,,,,,,,67.1,150,,,,,,,,,,,,,,,,,,
2026-06-30T00:03:27.892367+00:00,2026-06-30T10:03:27.888367,1,0,,,65.8,100,,,,,,,,,,,,,,,,,,,,,,,,,,,,,,,,,,,,,,
2026-06-30T00:03:27.958310+00:00,2026-06-30T10:03:27.949759,2,0,,,66.1,150,65.8,100,,,,,,,,,,,,,,,,,,,,,,,,,,,,,,,,,,,,
2026-06-30T00:03:28.013156+00:00,2026-06-30T10:03:28.003094,2,1,66.35,0.5,66.1,150,65.8,100,,,,,,,,,,,,,,,,,66.6,150,,,,,,,,,,,,,,,,,,
2026-06-30T00:03:28.318194+00:00,2026-06-30T10:03:28.315634,2,1,66.35,0.5,66.1,150,65.8,100,,,,,,,,,,,,,,,,,66.6,104,,,,,,,,,,,,,,,,,,
2026-06-30T00:03:28.373036+00:00,2026-06-30T10:03:28.370036,2,1,66.35,0.5,66.1,103,65.8,100,,,,,,,,,,,,,,,,,66.6,104,,,,,,,,,,,,,,,,,,
2026-06-30T00:03:28.777316+00:00,2026-06-30T10:03:28.772316,1,1,66.35,0.5,66.1,103,,,,,,,,,,,,,,,,,,,66.6,104,,,,,,,,,,,,,,,,,,
2026-06-30T00:03:28.798523+00:00,2026-06-30T10:03:28.794961,1,1,66.35,0.5,66.1,103,,,,,,,,,,,,,,,,,,,66.6,54,,,,,,,,,,,,,,,,,,
2026-06-30T00:03:28.831266+00:00,2026-06-30T10:03:28.825202,2,1,66.4,0.4,66.2,100,66.1,103,,,,,,,,,,,,,,,,,66.6,54,,,,,,,,,,,,,,,,,,
2026-06-30T00:03:28.886577+00:00,2026-06-30T10:03:28.876513,2,2,66.4,0.4,66.2,100,66.1,103,,,,,,,,,,,,,,,,,66.6,54,66.7,100,,,,,,,,,,,,,,,,
2026-06-30T00:03:28.897663+00:00,2026-06-30T10:03:28.888663,2,2,66.4,0.4,66.2,54,66.1,103,,,,,,,,,,,,,,,,,66.6,54,66.7,100,,,,,,,,,,,,,,,,
2026-06-30T00:03:30.312361+00:00,2026-06-30T10:03:30.308361,2,2,66.4,0.4,66.2,54,66.1,103,,,,,,,,,,,,,,,,,66.6,10,66.7,100,,,,,,,,,,,,,,,,
2026-06-30T00:03:30.957198+00:00,2026-06-30T10:03:30.955152,2,2,66.4,0.4,66.2,4,66.1,103,,,,,,,,,,,,,,,,,66.6,10,66.7,100,,,,,,,,,,,,,,,,
2026-06-30T00:03:31.066385+00:00,2026-06-30T10:03:31.060378,1,1,66.45,0.5,66.2,4,,,,,,,,,,,,,,,,,,,66.7,100,,,,,,,,,,,,,,,,,,
2026-06-30T00:03:31.119792+00:00,2026-06-30T10:03:31.114730,2,1,66.55,0.3,66.4,150,66.2,4,,,,,,,,,,,,,,,,,66.7,100,,,,,,,,,,,,,,,,,,
2026-06-30T00:03:31.175126+00:00,2026-06-30T10:03:31.167115,2,2,66.55,0.3,66.4,150,66.2,4,,,,,,,,,,,,,,,,,66.7,100,66.9,150,,,,,,,,,,,,,,,,
2026-06-30T00:03:31.935133+00:00,2026-06-30T10:03:31.933133,1,1,66.65,0.5,66.4,150,,,,,,,,,,,,,,,,,,,66.9,150,,,,,,,,,,,,,,,,,,
2026-06-30T00:03:31.988514+00:00,2026-06-30T10:03:31.985954,2,1,66.65,0.5,66.4,150,65.8,100,,,,,,,,,,,,,,,,,66.9,150,,,,,,,,,,,,,,,,,,
2026-06-30T00:03:32.043374+00:00,2026-06-30T10:03:32.039375,2,1,66.65,0.5,66.4,50,65.8,100,,,,,,,,,,,,,,,,,66.9,150,,,,,,,,,,,,,,,,,,
2026-06-30T00:03:33.568563+00:00,2026-06-30T10:03:33.567003,2,1,66.65,0.5,66.4,3,65.8,100,,,,,,,,,,,,,,,,,66.9,150,,,,,,,,,,,,,,,,,,
2026-06-30T00:03:34.222028+00:00,2026-06-30T10:03:34.221028,1,0,,,65.8,100,,,,,,,,,,,,,,,,,,,,,,,,,,,,,,,,,,,,,,
2026-06-30T00:03:34.277322+00:00,2026-06-30T10:03:34.272322,2,0,,,66.0,150,65.8,100,,,,,,,,,,,,,,,,,,,,,,,,,,,,,,,,,,,,
2026-06-30T00:03:34.331110+00:00,2026-06-30T10:03:34.325071,2,1,66.25,0.5,66.0,150,65.8,100,,,,,,,,,,,,,,,,,66.5,150,,,,,,,,,,,,,,,,,,
2026-06-30T00:03:34.824972+00:00,2026-06-30T10:03:34.817962,2,2,66.25,0.5,66.0,150,65.8,100,,,,,,,,,,,,,,,,,66.5,150,66.7,7,,,,,,,,,,,,,,,,
2026-06-30T00:03:35.096281+00:00,2026-06-30T10:03:35.094281,1,2,66.25,0.5,66.0,150,,,,,,,,,,,,,,,,,,,66.5,150,66.7,7,,,,,,,,,,,,,,,,
2026-06-30T00:03:35.117443+00:00,2026-06-30T10:03:35.114396,1,2,66.25,0.5,66.0,150,,,,,,,,,,,,,,,,,,,66.5,100,66.7,7,,,,,,,,,,,,,,,,
2026-06-30T00:03:35.149679+00:00,2026-06-30T10:03:35.146616,2,2,66.45,0.1,66.4,100,66.0,150,,,,,,,,,,,,,,,,,66.5,100,66.7,7,,,,,,,,,,,,,,,,
2026-06-30T00:03:35.216071+00:00,2026-06-30T10:03:35.211072,2,3,66.45,0.1,66.4,100,66.0,150,,,,,,,,,,,,,,,,,66.5,100,66.7,7,66.9,100,,,,,,,,,,,,,,
2026-06-30T00:03:36.052393+00:00,2026-06-30T10:03:36.044331,2,3,66.45,0.1,66.4,100,66.0,150,,,,,,,,,,,,,,,,,66.5,100,66.7,3,66.9,100,,,,,,,,,,,,,,
2026-06-30T00:03:36.956061+00:00,2026-06-30T10:03:36.952053,2,2,66.45,0.1,66.4,100,66.0,150,,,,,,,,,,,,,,,,,66.5,100,66.9,100,,,,,,,,,,,,,,,,
2026-06-30T00:03:37.227393+00:00,2026-06-30T10:03:37.221341,2,2,66.45,0.1,66.4,100,66.0,150,,,,,,,,,,,,,,,,,66.5,50,66.9,100,,,,,,,,,,,,,,,,
2026-06-30T00:03:37.389040+00:00,2026-06-30T10:03:37.380480,1,1,66.65,0.5,66.4,100,,,,,,,,,,,,,,,,,,,66.9,100,,,,,,,,,,,,,,,,,,
2026-06-30T00:03:37.444368+00:00,2026-06-30T10:03:37.434306,2,1,66.65,0.5,66.4,100,66.3,150,,,,,,,,,,,,,,,,,66.9,100,,,,,,,,,,,,,,,,,,
2026-06-30T00:03:37.498241+00:00,2026-06-30T10:03:37.488681,2,2,66.6,0.4,66.4,100,66.3,150,,,,,,,,,,,,,,,,,66.8,150,66.9,100,,,,,,,,,,,,,,,,
2026-06-30T00:03:38.270993+00:00,2026-06-30T10:03:38.267930,1,1,66.55,0.5,66.3,150,,,,,,,,,,,,,,,,,,,66.8,150,,,,,,,,,,,,,,,,,,
2026-06-30T00:03:38.326304+00:00,2026-06-30T10:03:38.324304,1,1,66.55,0.5,66.3,250,,,,,,,,,,,,,,,,,,,66.8,150,,,,,,,,,,,,,,,,,,
2026-06-30T00:03:38.388771+00:00,2026-06-30T10:03:38.380203,1,1,66.55,0.5,66.3,250,,,,,,,,,,,,,,,,,,,66.8,250,,,,,,,,,,,,,,,,,,
2026-06-30T00:03:39.336043+00:00,2026-06-30T10:03:39.326980,1,1,66.55,0.5,66.3,250,,,,,,,,,,,,,,,,,,,66.8,200,,,,,,,,,,,,,,,,,,
2026-06-30T00:03:39.891840+00:00,2026-06-30T10:03:39.882785,1,2,66.5,0.4,66.3,250,,,,,,,,,,,,,,,,,,,66.7,6,66.8,200,,,,,,,,,,,,,,,,
2026-06-30T00:03:40.545459+00:00,2026-06-30T10:03:40.542459,1,2,66.5,0.4,66.3,250,,,,,,,,,,,,,,,,,,,66.7,6,66.8,100,,,,,,,,,,,,,,,,
2026-06-30T00:03:40.556522+00:00,2026-06-30T10:03:40.545459,1,2,66.5,0.4,66.3,100,,,,,,,,,,,,,,,,,,,66.7,6,66.8,100,,,,,,,,,,,,,,,,
2026-06-30T00:03:40.609980+00:00,2026-06-30T10:03:40.599019,2,2,66.6,0.2,66.5,150,66.3,100,,,,,,,,,,,,,,,,,66.7,6,66.8,100,,,,,,,,,,,,,,,,
2026-06-30T00:03:40.676356+00:00,2026-06-30T10:03:40.672356,2,3,66.6,0.2,66.5,150,66.3,100,,,,,,,,,,,,,,,,,66.7,6,66.8,100,67.0,150,,,,,,,,,,,,,,
