recv_time,book_timestamp,n_bids,n_asks,mid,spread,bid_px_0,bid_vol_0,bid_px_1,bid_vol_1,bid_px_2,bid_vol_2,bid_px_3,bid_vol_3,bid_px_4,bid_vol_4,bid_px_5,bid_vol_5,bid_px_6,bid_vol_6,bid_px_7,bid_vol_7,bid_px_8,bid_vol_8,bid_px_9,bid_vol_9,ask_px_0,ask_vol_0,ask_px_1,ask_vol_1,ask_px_2,ask_vol_2,ask_px_3,ask_vol_3,ask_px_4,ask_vol_4,ask_px_5,ask_vol_5,ask_px_6,ask_vol_6,ask_px_7,ask_vol_7,ask_px_8,ask_vol_8,ask_px_9,ask_vol_9
2026-07-13T22:00:00.442402+00:00,2026-07-13T22:00:00.443789,3,2,81.05,0.1,81.0,2,80.9,100,80.6,150,,,,,,,,,,,,,,,81.1,28,81.4,153,,,,,,,,,,,,,,,,
2026-07-13T22:00:00.488500+00:00,2026-07-13T22:00:00.486127,2,1,81.2,0.4,81.0,2,80.9,100,,,,,,,,,,,,,,,,,81.4,153,,,,,,,,,,,,,,,,,,
2026-07-13T22:00:00.499438+00:00,2026-07-13T22:00:00.499941,2,1,81.2,0.4,81.0,2,80.9,100,,,,,,,,,,,,,,,,,81.4,105,,,,,,,,,,,,,,,,,,
2026-07-13T22:00:00.552333+00:00,2026-07-13T22:00:00.539615,3,1,81.3,0.2,81.2,150,81.0,2,80.9,100,,,,,,,,,,,,,,,81.4,105,,,,,,,,,,,,,,,,,,
2026-07-13T22:00:00.597447+00:00,2026-07-13T22:00:00.594284,3,2,81.3,0.2,81.2,150,81.0,2,80.9,100,,,,,,,,,,,,,,,81.4,105,81.7,150,,,,,,,,,,,,,,,,
2026-07-13T22:00:00.685235+00:00,2026-07-13T22:00:00.677912,3,3,81.3,0.2,81.2,150,81.1,47,80.9,100,,,,,,,,,,,,,,,81.4,100,81.5,50,81.7,150,,,,,,,,,,,,,,
2026-07-13T22:00:01.138973+00:00,2026-07-13T22:00:01.128907,3,3,81.3,0.2,81.2,150,81.1,47,80.9,100,,,,,,,,,,,,,,,81.4,56,81.5,50,81.7,150,,,,,,,,,,,,,,
2026-07-13T22:00:01.747191+00:00,2026-07-13T22:00:01.743717,2,3,81.3,0.2,81.2,150,80.9,100,,,,,,,,,,,,,,,,,81.4,56,81.5,50,81.7,150,,,,,,,,,,,,,,
2026-07-13T22:00:01.757902+00:00,2026-07-13T22:00:01.751605,2,2,81.3,0.2,81.2,197,80.9,100,,,,,,,,,,,,,,,,,81.4,56,81.7,150,,,,,,,,,,,,,,,,
2026-07-13T22:00:01.768636+00:00,2026-07-13T22:00:01.760541,2,3,81.3,0.2,81.2,197,80.9,100,,,,,,,,,,,,,,,,,81.4,56,81.6,50,81.7,150,,,,,,,,,,,,,,
2026-07-13T22:00:02.133149+00:00,2026-07-13T22:00:02.129566,2,4,81.25,0.1,81.2,197,80.9,100,,,,,,,,,,,,,,,,,81.3,61,81.4,56,81.6,50,81.7,150,,,,,,,,,,,,
2026-07-13T22:00:02.164950+00:00,2026-07-13T22:00:02.161670,2,4,81.25,0.1,81.2,150,80.9,100,,,,,,,,,,,,,,,,,81.3,61,81.4,56,81.6,50,81.7,150,,,,,,,,,,,,
2026-07-13T22:00:02.175567+00:00,2026-07-13T22:00:02.174462,2,3,81.25,0.1,81.2,150,80.9,147,,,,,,,,,,,,,,,,,81.3,111,81.4,56,81.7,150,,,,,,,,,,,,,,
2026-07-13T22:00:02.218278+00:00,2026-07-13T22:00:02.212918,2,3,81.25,0.1,81.2,103,80.9,147,,,,,,,,,,,,,,,,,81.3,111,81.4,56,81.7,150,,,,,,,,,,,,,,
2026-07-13T22:00:02.244565+00:00,2026-07-13T22:00:02.241527,2,3,81.25,0.1,81.2,103,80.9,147,,,,,,,,,,,,,,,,,81.3,50,81.4,56,81.7,150,,,,,,,,,,,,,,
2026-07-13T22:00:02.255277+00:00,2026-07-13T22:00:02.246961,2,3,81.25,0.1,81.2,42,80.9,147,,,,,,,,,,,,,,,,,81.3,50,81.4,56,81.7,150,,,,,,,,,,,,,,
2026-07-13T22:00:02.800502+00:00,2026-07-13T22:00:02.793715,3,3,81.25,0.1,81.2,42,81.0,5,80.9,147,,,,,,,,,,,,,,,81.3,50,81.4,56,81.7,150,,,,,,,,,,,,,,
2026-07-13T22:00:02.842788+00:00,2026-07-13T22:00:02.841514,3,2,81.25,0.1,81.2,42,81.0,5,80.9,147,,,,,,,,,,,,,,,81.3,50,81.7,150,,,,,,,,,,,,,,,,
2026-07-13T22:00:02.853423+00:00,2026-07-13T22:00:02.843044,3,2,81.25,0.1,81.2,42,81.0,5,80.9,47,,,,,,,,,,,,,,,81.3,50,81.7,150,,,,,,,,,,,,,,,,
2026-07-13T22:00:02.895587+00:00,2026-07-13T22:00:02.895222,3,2,81.25,0.1,81.2,42,81.0,5,80.9,147,,,,,,,,,,,,,,,81.3,50,81.7,150,,,,,,,,,,,,,,,,
2026-07-13T22:00:02.948436+00:00,2026-07-13T22:00:02.947557,3,3,81.25,0.1,81.2,42,81.0,5,80.9,147,,,,,,,,,,,,,,,81.3,50,81.4,100,81.7,150,,,,,,,,,,,,,,
2026-07-13T22:00:03.278327+00:00,2026-07-13T22:00:03.276069,3,3,81.25,0.1,81.2,42,81.0,5,80.9,147,,,,,,,,,,,,,,,81.3,4,81.4,100,81.7,150,,,,,,,,,,,,,,
2026-07-13T22:00:03.344858+00:00,2026-07-13T22:00:03.334481,1,3,81.1,0.4,80.9,146,,,,,,,,,,,,,,,,,,,81.3,4,81.4,100,81.7,150,,,,,,,,,,,,,,
2026-07-13T22:00:03.602197+00:00,2026-07-13T22:00:03.600081,2,3,81.15,0.3,81.0,5,80.9,146,,,,,,,,,,,,,,,,,81.3,4,81.4,100,81.7,150,,,,,,,,,,,,,,
2026-07-13T22:00:03.654875+00:00,2026-07-13T22:00:03.648543,2,2,81.15,0.3,81.0,5,80.9,146,,,,,,,,,,,,,,,,,81.3,4,81.4,100,,,,,,,,,,,,,,,,
2026-07-13T22:00:03.707984+00:00,2026-07-13T22:00:03.702251,3,2,81.15,0.3,81.0,5,80.9,146,80.4,150,,,,,,,,,,,,,,,81.3,5,81.4,100,,,,,,,,,,,,,,,,
2026-07-13T22:00:03.760792+00:00,2026-07-13T22:00:03.760008,2,2,81.1,0.4,80.9,1,80.4,150,,,,,,,,,,,,,,,,,81.3,5,81.4,100,,,,,,,,,,,,,,,,
2026-07-13T22:00:03.771436+00:00,2026-07-13T22:00:03.770415,3,2,81.15,0.3,81.0,4,80.9,1,80.4,150,,,,,,,,,,,,,,,81.3,5,81.4,100,,,,,,,,,,,,,,,,
2026-07-13T22:00:03.834660+00:00,2026-07-13T22:00:03.830173,1,2,80.85,0.9,80.4,150,,,,,,,,,,,,,,,,,,,81.3,5,81.4,100,,,,,,,,,,,,,,,,
2026-07-13T22:00:03.892589+00:00,2026-07-13T22:00:03.888937,2,2,80.9,0.8,80.5,46,80.4,150,,,,,,,,,,,,,,,,,81.3,5,81.4,100,,,,,,,,,,,,,,,,
2026-07-13T22:00:04.736715+00:00,2026-07-13T22:00:04.730129,2,2,80.9,0.8,80.5,46,80.4,150,,,,,,,,,,,,,,,,,81.3,1,81.4,150,,,,,,,,,,,,,,,,
2026-07-13T22:00:04.789365+00:00,2026-07-13T22:00:04.784283,3,2,81.15,0.3,81.0,2,80.5,46,80.4,150,,,,,,,,,,,,,,,81.3,1,81.4,150,,,,,,,,,,,,,,,,
2026-07-13T22:00:04.895371+00:00,2026-07-13T22:00:04.892032,3,1,81.2,0.4,81.0,2,80.5,46,80.4,150,,,,,,,,,,,,,,,81.4,103,,,,,,,,,,,,,,,,,,
2026-07-13T22:00:04.937531+00:00,2026-07-13T22:00:04.934329,2,1,81.2,0.4,81.0,2,80.4,150,,,,,,,,,,,,,,,,,81.4,103,,,,,,,,,,,,,,,,,,
2026-07-13T22:00:04.948115+00:00,2026-07-13T22:00:04.938669,3,1,81.2,0.4,81.0,2,80.9,46,80.4,150,,,,,,,,,,,,,,,81.4,103,,,,,,,,,,,,,,,,,,
2026-07-13T22:00:05.832845+00:00,2026-07-13T22:00:05.826610,1,1,80.9,1.0,80.4,148,,,,,,,,,,,,,,,,,,,81.4,103,,,,,,,,,,,,,,,,,,
2026-07-13T22:00:05.875648+00:00,2026-07-13T22:00:05.873286,1,2,80.85,0.9,80.4,148,,,,,,,,,,,,,,,,,,,81.3,4,81.4,103,,,,,,,,,,,,,,,,
2026-07-13T22:00:06.003615+00:00,2026-07-13T22:00:06.002113,1,2,80.85,0.9,80.4,148,,,,,,,,,,,,,,,,,,,81.3,4,81.4,50,,,,,,,,,,,,,,,,
2026-07-13T22:00:06.014529+00:00,2026-07-13T22:00:06.013672,1,1,80.85,0.9,80.4,148,,,,,,,,,,,,,,,,,,,81.3,4,,,,,,,,,,,,,,,,,,
2026-07-13T22:00:06.025651+00:00,2026-07-13T22:00:06.017397,1,1,80.85,0.9,80.4,148,,,,,,,,,,,,,,,,,,,81.3,54,,,,,,,,,,,,,,,,,,
2026-07-13T22:00:06.058491+00:00,2026-07-13T22:00:06.055827,2,1,81.05,0.5,80.8,100,80.4,148,,,,,,,,,,,,,,,,,81.3,54,,,,,,,,,,,,,,,,,,
2026-07-13T22:00:06.080201+00:00,2026-07-13T22:00:06.074525,3,1,81.1,0.4,80.9,39,80.8,100,80.4,148,,,,,,,,,,,,,,,81.3,54,,,,,,,,,,,,,,,,,,
2026-07-13T22:00:06.112708+00:00,2026-07-13T22:00:06.108967,3,1,81.1,0.4,80.9,39,80.8,100,80.4,148,,,,,,,,,,,,,,,81.3,154,,,,,,,,,,,,,,,,,,
2026-07-13T22:00:06.166132+00:00,2026-07-13T22:00:06.162661,3,1,81.1,0.4,80.9,39,80.8,100,80.4,148,,,,,,,,,,,,,,,81.3,153,,,,,,,,,,,,,,,,,,
2026-07-13T22:00:06.234320+00:00,2026-07-13T22:00:06.232509,3,1,81.1,0.4,80.9,39,80.8,100,80.4,148,,,,,,,,,,,,,,,81.3,103,,,,,,,,,,,,,,,,,,
2026-07-13T22:00:06.245027+00:00,2026-07-13T22:00:06.236716,3,2,81.1,0.4,80.9,39,80.8,100,80.4,148,,,,,,,,,,,,,,,81.3,103,81.5,50,,,,,,,,,,,,,,,,
2026-07-13T22:00:06.460175+00:00,2026-07-13T22:00:06.451984,4,2,81.15,0.3,81.0,2,80.9,39,80.8,100,80.4,148,,,,,,,,,,,,,81.3,103,81.5,50,,,,,,,,,,,,,,,,
2026-07-13T22:00:06.492650+00:00,2026-07-13T22:00:06.490628,3,2,81.15,0.3,81.0,2,80.8,100,80.4,148,,,,,,,,,,,,,,,81.3,103,81.5,50,,,,,,,,,,,,,,,,
2026-07-13T22:00:06.503513+00:00,2026-07-13T22:00:06.494090,4,2,81.2,0.2,81.1,39,81.0,2,80.8,100,80.4,148,,,,,,,,,,,,,81.3,103,81.5,50,,,,,,,,,,,,,,,,
2026-07-13T22:00:06.823667+00:00,2026-07-13T22:00:06.813814,3,2,81.2,0.2,81.1,39,81.0,2,80.8,100,,,,,,,,,,,,,,,81.3,103,81.5,50,,,,,,,,,,,,,,,,
2026-07-13T22:00:06.876577+00:00,2026-07-13T22:00:06.869141,4,1,81.4,0.2,81.3,47,81.1,39,81.0,2,80.8,100,,,,,,,,,,,,,81.5,50,,,,,,,,,,,,,,,,,,
2026-07-13T22:00:06.887285+00:00,2026-07-13T22:00:06.881742,4,1,81.4,0.2,81.3,44,81.1,39,81.0,2,80.8,100,,,,,,,,,,,,,81.5,50,,,,,,,,,,,,,,,,,,
2026-07-13T22:00:06.897935+00:00,2026-07-13T22:00:06.897068,4,1,81.4,0.2,81.3,41,81.1,39,81.0,2,80.8,100,,,,,,,,,,,,,81.5,50,,,,,,,,,,,,,,,,,,
2026-07-13T22:00:06.908652+00:00,2026-07-13T22:00:06.907740,3,1,81.4,0.2,81.3,41,81.0,2,80.8,100,,,,,,,,,,,,,,,81.5,50,,,,,,,,,,,,,,,,,,
2026-07-13T22:00:06.919287+00:00,2026-07-13T22:00:06.914725,3,1,81.4,0.2,81.3,38,81.0,2,80.8,100,,,,,,,,,,,,,,,81.5,50,,,,,,,,,,,,,,,,,,
2026-07-13T22:00:06.929969+00:00,2026-07-13T22:00:06.921670,3,2,81.4,0.2,81.3,38,81.0,2,80.8,100,,,,,,,,,,,,,,,81.5,50,81.8,150,,,,,,,,,,,,,,,,
2026-07-13T22:00:06.940640+00:00,2026-07-13T22:00:06.934261,3,2,81.4,0.2,81.3,35,81.0,2,80.8,100,,,,,,,,,,,,,,,81.5,50,81.8,150,,,,,,,,,,,,,,,,
2026-07-13T22:00:06.984080+00:00,2026-07-13T22:00:06.975989,3,2,81.4,0.2,81.3,32,81.0,2,80.8,100,,,,,,,,,,,,,,,81.5,50,81.8,150,,,,,,,,,,,,,,,,
2026-07-13T22:00:07.081359+00:00,2026-07-13T22:00:07.078446,3,2,81.5,0.4,81.3,32,81.0,2,80.8,100,,,,,,,,,,,,,,,81.7,50,81.8,150,,,,,,,,,,,,,,,,
2026-07-13T22:00:07.888869+00:00,2026-07-13T22:00:07.881247,3,1,81.55,0.5,81.3,32,81.0,2,80.8,100,,,,,,,,,,,,,,,81.8,150,,,,,,,,,,,,,,,,,,
2026-07-13T22:00:07.923525+00:00,2026-07-13T22:00:07.922730,4,1,81.55,0.5,81.3,32,81.1,50,81.0,2,80.8,100,,,,,,,,,,,,,81.8,150,,,,,,,,,,,,,,,,,,
2026-07-13T22:00:07.934308+00:00,2026-07-13T22:00:07.926069,4,2,81.5,0.4,81.3,32,81.1,50,81.0,2,80.8,100,,,,,,,,,,,,,81.7,50,81.8,150,,,,,,,,,,,,,,,,
2026-07-13T22:00:08.880756+00:00,2026-07-13T22:00:08.870561,3,2,81.4,0.6,81.1,34,81.0,2,80.8,100,,,,,,,,,,,,,,,81.7,50,81.8,150,,,,,,,,,,,,,,,,
2026-07-13T22:00:09.013106+00:00,2026-07-13T22:00:09.012048,2,2,81.35,0.7,81.0,36,80.8,100,,,,,,,,,,,,,,,,,81.7,50,81.8,150,,,,,,,,,,,,,,,,
2026-07-13T22:00:09.175544+00:00,2026-07-13T22:00:09.164898,1,2,81.35,0.7,81.0,36,,,,,,,,,,,,,,,,,,,81.7,50,81.8,150,,,,,,,,,,,,,,,,
2026-07-13T22:00:09.218751+00:00,2026-07-13T22:00:09.217928,2,2,81.5,0.4,81.3,100,81.0,36,,,,,,,,,,,,,,,,,81.7,50,81.8,150,,,,,,,,,,,,,,,,
2026-07-13T22:00:09.273511+00:00,2026-07-13T22:00:09.270330,2,2,81.5,0.4,81.3,100,81.0,36,,,,,,,,,,,,,,,,,81.7,50,81.8,250,,,,,,,,,,,,,,,,
2026-07-13T22:00:09.997547+00:00,2026-07-13T22:00:09.990751,2,2,81.5,0.4,81.3,100,81.0,36,,,,,,,,,,,,,,,,,81.7,50,81.8,100,,,,,,,,,,,,,,,,
2026-07-13T22:00:10.008616+00:00,2026-07-13T22:00:10.002522,2,1,81.55,0.5,81.3,100,81.0,36,,,,,,,,,,,,,,,,,81.8,100,,,,,,,,,,,,,,,,,,
2026-07-13T22:00:10.041300+00:00,2026-07-13T22:00:10.040299,3,1,81.55,0.5,81.3,100,81.0,36,80.6,150,,,,,,,,,,,,,,,81.8,100,,,,,,,,,,,,,,,,,,
2026-07-13T22:00:10.073938+00:00,2026-07-13T22:00:10.071081,3,2,81.35,0.1,81.3,100,81.0,36,80.6,150,,,,,,,,,,,,,,,81.4,1,81.8,100,,,,,,,,,,,,,,,,
2026-07-13T22:00:10.085025+00:00,2026-07-13T22:00:10.083015,4,2,81.35,0.1,81.3,100,81.1,50,81.0,2,80.6,150,,,,,,,,,,,,,81.4,1,81.8,100,,,,,,,,,,,,,,,,
2026-07-13T22:00:10.096050+00:00,2026-07-13T22:00:10.086575,4,3,81.35,0.1,81.3,100,81.1,50,81.0,2,80.6,150,,,,,,,,,,,,,81.4,1,81.7,50,81.8,100,,,,,,,,,,,,,,
2026-07-13T22:00:10.107041+00:00,2026-07-13T22:00:10.096451,2,3,81.2,0.4,81.0,2,80.6,150,,,,,,,,,,,,,,,,,81.4,1,81.7,50,81.8,100,,,,,,,,,,,,,,
2026-07-13T22:00:10.315341+00:00,2026-07-13T22:00:10.314220,2,3,81.2,0.4,81.0,36,80.6,150,,,,,,,,,,,,,,,,,81.4,1,81.5,50,81.8,100,,,,,,,,,,,,,,
2026-07-13T22:00:10.950011+00:00,2026-07-13T22:00:10.945757,2,2,81.2,0.4,81.0,36,80.6,150,,,,,,,,,,,,,,,,,81.4,51,81.8,100,,,,,,,,,,,,,,,,
2026-07-13T22:00:11.074188+00:00,2026-07-13T22:00:11.067849,2,2,81.2,0.4,81.0,36,80.6,150,,,,,,,,,,,,,,,,,81.4,9,81.8,100,,,,,,,,,,,,,,,,
2026-07-13T22:00:11.107225+00:00,2026-07-13T22:00:11.097191,2,2,81.2,0.4,81.0,36,80.6,150,,,,,,,,,,,,,,,,,81.4,7,81.8,100,,,,,,,,,,,,,,,,
2026-07-13T22:00:11.128775+00:00,2026-07-13T22:00:11.122084,1,2,81.0,0.8,80.6,150,,,,,,,,,,,,,,,,,,,81.4,7,81.8,100,,,,,,,,,,,,,,,,
2026-07-13T22:00:11.160788+00:00,2026-07-13T22:00:11.159128,1,1,81.2,1.2,80.6,150,,,,,,,,,,,,,,,,,,,81.8,100,,,,,,,,,,,,,,,,,,
2026-07-13T22:00:11.171488+00:00,2026-07-13T22:00:11.166002,2,2,81.2,1.0,80.7,43,80.6,150,,,,,,,,,,,,,,,,,81.7,50,81.8,100,,,,,,,,,,,,,,,,
2026-07-13T22:00:12.116412+00:00,2026-07-13T22:00:12.110739,2,1,81.25,1.1,80.7,43,80.6,150,,,,,,,,,,,,,,,,,81.8,100,,,,,,,,,,,,,,,,,,
2026-07-13T22:00:12.266142+00:00,2026-07-13T22:00:12.263717,2,2,81.2,1.0,80.7,43,80.6,150,,,,,,,,,,,,,,,,,81.7,50,81.8,100,,,,,,,,,,,,,,,,
2026-07-13T22:00:12.330052+00:00,2026-07-13T22:00:12.326019,2,1,81.2,1.0,80.7,43,80.6,150,,,,,,,,,,,,,,,,,81.7,50,,,,,,,,,,,,,,,,,,
2026-07-13T22:00:12.388452+00:00,2026-07-13T22:00:12.381905,3,1,81.35,0.7,81.0,100,80.7,43,80.6,150,,,,,,,,,,,,,,,81.7,50,,,,,,,,,,,,,,,,,,
2026-07-13T22:00:12.442140+00:00,2026-07-13T22:00:12.434719,3,2,81.25,0.5,81.0,100,80.7,43,80.6,150,,,,,,,,,,,,,,,81.5,100,81.7,50,,,,,,,,,,,,,,,,
2026-07-13T22:00:12.485309+00:00,2026-07-13T22:00:12.480501,2,2,81.25,0.5,81.0,100,80.6,150,,,,,,,,,,,,,,,,,81.5,100,81.7,50,,,,,,,,,,,,,,,,
2026-07-13T22:00:12.495957+00:00,2026-07-13T22:00:12.491475,3,1,81.3,0.4,81.1,50,81.0,100,80.6,150,,,,,,,,,,,,,,,81.5,150,,,,,,,,,,,,,,,,,,
2026-07-13T22:00:12.720598+00:00,2026-07-13T22:00:12.716015,3,1,81.3,0.4,81.1,2,81.0,100,80.6,150,,,,,,,,,,,,,,,81.5,150,,,,,,,,,,,,,,,,,,
2026-07-13T22:00:13.134663+00:00,2026-07-13T22:00:13.132977,2,1,81.25,0.5,81.0,100,80.6,150,,,,,,,,,,,,,,,,,81.5,150,,,,,,,,,,,,,,,,,,
2026-07-13T22:00:13.145571+00:00,2026-07-13T22:00:13.143405,2,1,81.25,0.5,81.0,100,80.6,150,,,,,,,,,,,,,,,,,81.5,100,,,,,,,,,,,,,,,,,,
2026-07-13T22:00:13.156569+00:00,2026-07-13T22:00:13.153582,2,1,81.25,0.5,81.0,100,80.8,45,,,,,,,,,,,,,,,,,81.5,100,,,,,,,,,,,,,,,,,,
2026-07-13T22:00:13.167474+00:00,2026-07-13T22:00:13.156973,2,2,81.2,0.4,81.0,100,80.8,45,,,,,,,,,,,,,,,,,81.4,50,81.5,100,,,,,,,,,,,,,,,,
2026-07-13T22:00:13.178451+00:00,2026-07-13T22:00:13.171019,2,3,81.15,0.3,81.0,100,80.8,45,,,,,,,,,,,,,,,,,81.3,5,81.4,50,81.5,100,,,,,,,,,,,,,,
2026-07-13T22:00:13.210684+00:00,2026-07-13T22:00:13.204312,2,3,81.15,0.3,81.0,250,80.8,45,,,,,,,,,,,,,,,,,81.3,5,81.4,50,81.5,100,,,,,,,,,,,,,,
2026-07-13T22:00:13.264477+00:00,2026-07-13T22:00:13.256495,2,3,81.15,0.3,81.0,250,80.8,45,,,,,,,,,,,,,,,,,81.3,5,81.4,50,81.5,250,,,,,,,,,,,,,,
2026-07-13T22:00:13.371360+00:00,2026-07-13T22:00:13.366747,2,3,81.1,0.2,81.0,250,80.8,45,,,,,,,,,,,,,,,,,81.2,50,81.3,5,81.5,250,,,,,,,,,,,,,,
2026-07-13T22:00:13.958853+00:00,2026-07-13T22:00:13.948162,3,3,81.15,0.1,81.1,39,81.0,250,80.8,45,,,,,,,,,,,,,,,81.2,50,81.3,5,81.5,250,,,,,,,,,,,,,,
2026-07-13T22:00:14.023270+00:00,2026-07-13T22:00:14.019577,3,2,81.2,0.2,81.1,39,81.0,250,80.8,45,,,,,,,,,,,,,,,81.3,5,81.5,250,,,,,,,,,,,,,,,,
2026-07-13T22:00:14.059851+00:00,2026-07-13T22:00:14.052652,2,2,81.15,0.3,81.0,250,80.8,45,,,,,,,,,,,,,,,,,81.3,5,81.5,250,,,,,,,,,,,,,,,,
2026-07-13T22:00:14.244404+00:00,2026-07-13T22:00:14.242637,2,1,81.3,0.4,81.1,45,81.0,250,,,,,,,,,,,,,,,,,81.5,205,,,,,,,,,,,,,,,,,,
2026-07-13T22:00:14.255436+00:00,2026-07-13T22:00:14.246216,2,2,81.25,0.3,81.1,45,81.0,250,,,,,,,,,,,,,,,,,81.4,50,81.5,205,,,,,,,,,,,,,,,,
2026-07-13T22:00:14.391074+00:00,2026-07-13T22:00:14.384825,2,2,81.25,0.3,81.1,45,81.0,250,,,,,,,,,,,,,,,,,81.4,6,81.5,205,,,,,,,,,,,,,,,,
2026-07-13T22:00:14.467540+00:00,2026-07-13T22:00:14.465145,2,1,81.3,0.4,81.1,45,81.0,250,,,,,,,,,,,,,,,,,81.5,255,,,,,,,,,,,,,,,,,,
2026-07-13T22:00:14.912810+00:00,2026-07-13T22:00:14.907059,2,2,81.3,0.4,81.1,45,81.0,250,,,,,,,,,,,,,,,,,81.5,205,81.6,50,,,,,,,,,,,,,,,,
2026-07-13T22:00:14.976430+00:00,2026-07-13T22:00:14.967459,2,2,81.3,0.4,81.1,45,81.0,250,,,,,,,,,,,,,,,,,81.5,161,81.6,50,,,,,,,,,,,,,,,,
2026-07-13T22:00:15.204506+00:00,2026-07-13T22:00:15.191291,2,3,81.2,0.2,81.1,45,81.0,250,,,,,,,,,,,,,,,,,81.3,4,81.5,161,81.6,50,,,,,,,,,,,,,,
2026-07-13T22:00:15.321963+00:00,2026-07-13T22:00:15.320854,2,2,81.15,0.3,81.0,250,80.9,50,,,,,,,,,,,,,,,,,81.3,54,81.5,161,,,,,,,,,,,,,,,,
2026-07-13T22:00:15.500075+00:00,2026-07-13T22:00:15.490141,2,2,81.15,0.3,81.0,150,80.9,50,,,,,,,,,,,,,,,,,81.3,54,81.5,150,,,,,,,,,,,,,,,,
2026-07-13T22:00:15.554169+00:00,2026-07-13T22:00:15.543598,2,2,81.15,0.3,81.0,250,80.9,50,,,,,,,,,,,,,,,,,81.3,54,81.5,150,,,,,,,,,,,,,,,,
2026-07-13T22:00:15.596710+00:00,2026-07-13T22:00:15.596199,2,2,81.15,0.3,81.0,250,80.9,50,,,,,,,,,,,,,,,,,81.3,54,81.5,250,,,,,,,,,,,,,,,,
2026-07-13T22:00:16.085825+00:00,2026-07-13T22:00:16.077586,3,2,81.2,0.2,81.1,2,81.0,250,80.9,50,,,,,,,,,,,,,,,81.3,54,81.5,250,,,,,,,,,,,,,,,,
2026-07-13T22:00:16.193235+00:00,2026-07-13T22:00:16.187968,2,2,81.15,0.3,81.0,250,80.9,50,,,,,,,,,,,,,,,,,81.3,54,81.5,250,,,,,,,,,,,,,,,,
2026-07-13T22:00:16.311547+00:00,2026-07-13T22:00:16.310741,2,2,81.15,0.3,81.0,250,80.9,50,,,,,,,,,,,,,,,,,81.3,54,81.5,100,,,,,,,,,,,,,,,,
2026-07-13T22:00:16.322264+00:00,2026-07-13T22:00:16.312139,2,2,81.15,0.3,81.0,100,80.9,50,,,,,,,,,,,,,,,,,81.3,54,81.5,100,,,,,,,,,,,,,,,,
2026-07-13T22:00:16.343522+00:00,2026-07-13T22:00:16.341575,2,2,81.15,0.3,81.0,100,80.9,50,,,,,,,,,,,,,,,,,81.3,4,81.5,100,,,,,,,,,,,,,,,,
2026-07-13T22:00:16.375292+00:00,2026-07-13T22:00:16.365031,2,2,81.15,0.3,81.0,250,80.9,50,,,,,,,,,,,,,,,,,81.3,4,81.5,100,,,,,,,,,,,,,,,,
2026-07-13T22:00:16.417857+00:00,2026-07-13T22:00:16.417066,1,2,81.15,0.3,81.0,250,,,,,,,,,,,,,,,,,,,81.3,4,81.5,100,,,,,,,,,,,,,,,,
2026-07-13T22:00:16.428623+00:00,2026-07-13T22:00:16.427381,1,2,81.2,0.4,81.0,300,,,,,,,,,,,,,,,,,,,81.4,50,81.5,250,,,,,,,,,,,,,,,,
2026-07-13T22:00:17.216918+00:00,2026-07-13T22:00:17.210188,1,2,81.2,0.4,81.0,300,,,,,,,,,,,,,,,,,,,81.4,54,81.5,250,,,,,,,,,,,,,,,,
2026-07-13T22:00:17.228059+00:00,2026-07-13T22:00:17.217642,2,2,81.25,0.3,81.1,2,81.0,300,,,,,,,,,,,,,,,,,81.4,54,81.5,250,,,,,,,,,,,,,,,,
2026-07-13T22:00:17.510571+00:00,2026-07-13T22:00:17.501332,1,2,81.2,0.4,81.0,300,,,,,,,,,,,,,,,,,,,81.4,54,81.5,250,,,,,,,,,,,,,,,,
2026-07-13T22:00:17.532197+00:00,2026-07-13T22:00:17.530898,1,2,81.2,0.4,81.0,251,,,,,,,,,,,,,,,,,,,81.4,4,81.5,250,,,,,,,,,,,,,,,,
2026-07-13T22:00:17.542947+00:00,2026-07-13T22:00:17.534706,1,3,81.2,0.4,81.0,251,,,,,,,,,,,,,,,,,,,81.4,4,81.5,250,81.7,50,,,,,,,,,,,,,,
2026-07-13T22:00:17.965333+00:00,2026-07-13T22:00:17.963705,2,3,81.25,0.3,81.1,50,81.0,201,,,,,,,,,,,,,,,,,81.4,4,81.5,250,81.7,50,,,,,,,,,,,,,,
2026-07-13T22:00:18.456647+00:00,2026-07-13T22:00:18.451644,2,2,81.3,0.4,81.1,50,81.0,201,,,,,,,,,,,,,,,,,81.5,204,81.7,50,,,,,,,,,,,,,,,,
2026-07-13T22:00:18.655573+00:00,2026-07-13T22:00:18.651096,2,2,81.3,0.4,81.1,50,81.0,150,,,,,,,,,,,,,,,,,81.5,150,81.7,50,,,,,,,,,,,,,,,,
2026-07-13T22:00:18.710386+00:00,2026-07-13T22:00:18.705018,3,2,81.4,0.2,81.3,100,81.1,50,81.0,150,,,,,,,,,,,,,,,81.5,150,81.7,50,,,,,,,,,,,,,,,,
2026-07-13T22:00:18.764506+00:00,2026-07-13T22:00:18.759501,3,3,81.4,0.2,81.3,100,81.1,50,81.0,150,,,,,,,,,,,,,,,81.5,150,81.7,50,81.8,100,,,,,,,,,,,,,,
2026-07-13T22:00:18.808013+00:00,2026-07-13T22:00:18.806273,2,3,81.4,0.2,81.3,100,81.0,150,,,,,,,,,,,,,,,,,81.5,150,81.7,50,81.8,100,,,,,,,,,,,,,,
2026-07-13T22:00:18.819018+00:00,2026-07-13T22:00:18.812393,3,3,81.4,0.2,81.3,100,81.2,50,81.0,150,,,,,,,,,,,,,,,81.5,150,81.7,50,81.8,100,,,,,,,,,,,,,,
2026-07-13T22:00:19.220517+00:00,2026-07-13T22:00:19.218500,3,4,81.35,0.1,81.3,100,81.2,50,81.0,150,,,,,,,,,,,,,,,81.4,6,81.5,150,81.7,50,81.8,100,,,,,,,,,,,,
2026-07-13T22:00:19.231276+00:00,2026-07-13T22:00:19.230281,2,3,81.35,0.1,81.3,100,81.0,150,,,,,,,,,,,,,,,,,81.4,6,81.5,150,81.8,100,,,,,,,,,,,,,,
2026-07-13T22:00:19.241988+00:00,2026-07-13T22:00:19.237299,2,3,81.35,0.1,81.3,100,81.0,200,,,,,,,,,,,,,,,,,81.4,6,81.5,200,81.8,100,,,,,,,,,,,,,,
2026-07-13T22:00:19.476842+00:00,2026-07-13T22:00:19.473199,2,3,81.35,0.1,81.3,100,81.0,50,,,,,,,,,,,,,,,,,81.4,6,81.5,50,81.8,100,,,,,,,,,,,,,,
2026-07-13T22:00:19.530003+00:00,2026-07-13T22:00:19.526162,2,3,81.35,0.1,81.3,100,81.0,200,,,,,,,,,,,,,,,,,81.4,6,81.5,50,81.8,100,,,,,,,,,,,,,,
2026-07-13T22:00:19.583661+00:00,2026-07-13T22:00:19.579110,2,3,81.35,0.1,81.3,100,81.0,200,,,,,,,,,,,,,,,,,81.4,6,81.5,200,81.8,100,,,,,,,,,,,,,,
2026-07-13T22:00:19.740924+00:00,2026-07-13T22:00:19.739507,2,3,81.35,0.1,81.3,97,81.0,200,,,,,,,,,,,,,,,,,81.4,6,81.5,200,81.8,100,,,,,,,,,,,,,,
2026-07-13T22:00:19.828183+00:00,2026-07-13T22:00:19.824484,2,3,81.35,0.1,81.3,58,81.0,200,,,,,,,,,,,,,,,,,81.4,6,81.5,200,81.8,100,,,,,,,,,,,,,,
2026-07-13T22:00:19.860876+00:00,2026-07-13T22:00:19.853998,2,3,81.35,0.1,81.3,58,81.0,200,,,,,,,,,,,,,,,,,81.4,56,81.5,150,81.8,100,,,,,,,,,,,,,,
2026-07-13T22:00:20.172698+00:00,2026-07-13T22:00:20.172281,2,3,81.35,0.1,81.3,58,81.0,200,,,,,,,,,,,,,,,,,81.4,55,81.5,150,81.8,100,,,,,,,,,,,,,,
2026-07-13T22:00:20.357097+00:00,2026-07-13T22:00:20.348222,2,3,81.35,0.1,81.3,33,81.0,200,,,,,,,,,,,,,,,,,81.4,55,81.5,150,81.8,100,,,,,,,,,,,,,,
2026-07-13T22:00:20.563422+00:00,2026-07-13T22:00:20.559347,2,3,81.35,0.1,81.3,33,81.0,200,,,,,,,,,,,,,,,,,81.4,5,81.5,150,81.8,100,,,,,,,,,,,,,,
2026-07-13T22:00:20.670934+00:00,2026-07-13T22:00:20.668163,2,3,81.35,0.1,81.3,33,81.0,150,,,,,,,,,,,,,,,,,81.4,5,81.5,150,81.8,100,,,,,,,,,,,,,,
2026-07-13T22:00:20.681711+00:00,2026-07-13T22:00:20.678652,3,2,81.4,0.2,81.3,33,81.1,50,81.0,150,,,,,,,,,,,,,,,81.5,160,81.8,100,,,,,,,,,,,,,,,,
2026-07-13T22:00:20.965742+00:00,2026-07-13T22:00:20.964549,3,2,81.4,0.2,81.3,22,81.1,50,81.0,150,,,,,,,,,,,,,,,81.5,160,81.8,100,,,,,,,,,,,,,,,,
2026-07-13T22:00:21.075473+00:00,2026-07-13T22:00:21.064805,3,3,81.35,0.1,81.3,22,81.1,50,81.0,150,,,,,,,,,,,,,,,81.4,22,81.5,160,81.8,100,,,,,,,,,,,,,,
2026-07-13T22:00:21.108118+00:00,2026-07-13T22:00:21.106212,2,3,81.35,0.1,81.3,22,81.0,150,,,,,,,,,,,,,,,,,81.4,22,81.5,160,81.8,100,,,,,,,,,,,,,,
2026-07-13T22:00:21.119171+00:00,2026-07-13T22:00:21.118388,2,3,81.35,0.1,81.3,17,81.0,150,,,,,,,,,,,,,,,,,81.4,22,81.5,150,81.8,100,,,,,,,,,,,,,,
2026-07-13T22:00:21.130183+00:00,2026-07-13T22:00:21.125286,2,3,81.35,0.1,81.3,17,81.0,200,,,,,,,,,,,,,,,,,81.4,27,81.5,150,81.8,100,,,,,,,,,,,,,,
2026-07-13T22:00:21.174127+00:00,2026-07-13T22:00:21.169209,2,3,81.35,0.1,81.3,17,81.0,200,,,,,,,,,,,,,,,,,81.4,5,81.5,150,81.8,100,,,,,,,,,,,,,,
2026-07-13T22:00:21.185119+00:00,2026-07-13T22:00:21.174470,1,4,81.15,0.3,81.0,200,,,,,,,,,,,,,,,,,,,81.3,5,81.4,5,81.5,150,81.8,100,,,,,,,,,,,,
2026-07-13T22:00:21.272584+00:00,2026-07-13T22:00:21.262492,1,4,81.15,0.3,81.0,200,,,,,,,,,,,,,,,,,,,81.3,5,81.4,10,81.5,150,81.8,100,,,,,,,,,,,,
2026-07-13T22:00:21.283572+00:00,2026-07-13T22:00:21.281539,1,3,81.2,0.4,81.0,200,,,,,,,,,,,,,,,,,,,81.4,10,81.5,150,81.8,100,,,,,,,,,,,,,,
2026-07-13T22:00:21.381543+00:00,2026-07-13T22:00:21.370850,1,3,81.2,0.4,81.0,151,,,,,,,,,,,,,,,,,,,81.4,10,81.5,150,81.8,100,,,,,,,,,,,,,,
2026-07-13T22:00:21.753284+00:00,2026-07-13T22:00:21.751026,1,3,81.2,0.4,81.0,101,,,,,,,,,,,,,,,,,,,81.4,10,81.5,150,81.8,100,,,,,,,,,,,,,,
2026-07-13T22:00:21.764289+00:00,2026-07-13T22:00:21.762135,2,4,81.25,0.3,81.1,50,81.0,101,,,,,,,,,,,,,,,,,81.4,5,81.5,150,81.6,5,81.8,100,,,,,,,,,,,,
2026-07-13T22:00:21.819218+00:00,2026-07-13T22:00:21.812763,2,3,81.25,0.3,81.1,50,81.0,101,,,,,,,,,,,,,,,,,81.4,5,81.5,150,81.6,5,,,,,,,,,,,,,,
2026-07-13T22:00:21.873461+00:00,2026-07-13T22:00:21.866791,3,3,81.25,0.3,81.1,50,81.0,101,80.8,100,,,,,,,,,,,,,,,81.4,5,81.5,150,81.6,5,,,,,,,,,,,,,,
2026-07-13T22:00:21.927042+00:00,2026-07-13T22:00:21.920016,3,4,81.2,0.2,81.1,50,81.0,101,80.8,100,,,,,,,,,,,,,,,81.3,100,81.4,5,81.5,150,81.6,5,,,,,,,,,,,,
2026-07-13T22:00:22.454848+00:00,2026-07-13T22:00:22.453822,3,4,81.2,0.2,81.1,50,81.0,101,80.8,100,,,,,,,,,,,,,,,81.3,100,81.4,4,81.5,150,81.6,5,,,,,,,,,,,,
2026-07-13T22:00:22.465676+00:00,2026-07-13T22:00:22.462299,3,4,81.2,0.2,81.1,50,81.0,101,80.8,100,,,,,,,,,,,,,,,81.3,53,81.4,4,81.5,150,81.6,5,,,,,,,,,,,,
2026-07-13T22:00:22.636595+00:00,2026-07-13T22:00:22.635601,2,3,81.2,0.2,81.1,50,80.8,100,,,,,,,,,,,,,,,,,81.3,53,81.4,4,81.6,5,,,,,,,,,,,,,,
2026-07-13T22:00:22.689945+00:00,2026-07-13T22:00:22.689393,2,3,81.2,0.2,81.1,50,80.8,250,,,,,,,,,,,,,,,,,81.3,53,81.4,4,81.6,5,,,,,,,,,,,,,,
2026-07-13T22:00:22.744362+00:00,2026-07-13T22:00:22.742383,2,3,81.2,0.2,81.1,50,80.8,250,,,,,,,,,,,,,,,,,81.3,203,81.4,4,81.6,5,,,,,,,,,,,,,,
2026-07-13T22:00:22.808310+00:00,2026-07-13T22:00:22.802846,2,3,81.1,0.4,80.9,50,80.8,250,,,,,,,,,,,,,,,,,81.3,203,81.4,4,81.6,5,,,,,,,,,,,,,,
2026-07-13T22:00:23.070504+00:00,2026-07-13T22:00:23.069010,2,3,81.1,0.4,80.9,9,80.8,250,,,,,,,,,,,,,,,,,81.3,192,81.4,4,81.6,5,,,,,,,,,,,,,,
2026-07-13T22:00:23.220031+00:00,2026-07-13T22:00:23.217913,2,3,81.1,0.4,80.9,9,80.8,250,,,,,,,,,,,,,,,,,81.3,192,81.4,4,81.5,46,,,,,,,,,,,,,,
2026-07-13T22:00:24.784655+00:00,2026-07-13T22:00:24.779506,2,3,81.1,0.4,80.9,9,80.8,250,,,,,,,,,,,,,,,,,81.3,142,81.4,4,81.5,46,,,,,,,,,,,,,,
2026-07-13T22:00:24.977496+00:00,2026-07-13T22:00:24.973000,2,3,81.1,0.4,80.9,9,80.8,150,,,,,,,,,,,,,,,,,81.3,142,81.4,4,81.5,46,,,,,,,,,,,,,,
2026-07-13T22:00:25.031075+00:00,2026-07-13T22:00:25.025491,3,3,81.2,0.2,81.1,100,80.9,9,80.8,150,,,,,,,,,,,,,,,81.3,142,81.4,4,81.5,46,,,,,,,,,,,,,,
2026-07-13T22:00:25.084531+00:00,2026-07-13T22:00:25.078730,3,4,81.2,0.2,81.1,100,80.9,9,80.8,150,,,,,,,,,,,,,,,81.3,142,81.4,4,81.5,46,81.6,100,,,,,,,,,,,,
2026-07-13T22:00:25.095269+00:00,2026-07-13T22:00:25.093355,2,4,81.2,0.2,81.1,150,80.8,150,,,,,,,,,,,,,,,,,81.3,142,81.4,4,81.5,46,81.6,100,,,,,,,,,,,,
2026-07-13T22:00:25.700281+00:00,2026-07-13T22:00:25.699113,2,4,81.2,0.2,81.1,150,80.8,150,,,,,,,,,,,,,,,,,81.3,139,81.4,4,81.5,46,81.6,100,,,,,,,,,,,,
2026-07-13T22:00:25.711263+00:00,2026-07-13T22:00:25.703920,3,4,81.25,0.1,81.2,56,81.1,150,80.8,150,,,,,,,,,,,,,,,81.3,139,81.4,4,81.5,46,81.6,100,,,,,,,,,,,,
2026-07-13T22:00:25.754669+00:00,2026-07-13T22:00:25.750994,3,3,81.25,0.1,81.2,56,81.1,150,80.8,150,,,,,,,,,,,,,,,81.3,139,81.4,4,81.6,100,,,,,,,,,,,,,,
2026-07-13T22:00:25.765460+00:00,2026-07-13T22:00:25.761922,3,4,81.25,0.1,81.2,56,81.1,150,80.8,150,,,,,,,,,,,,,,,81.3,89,81.4,4,81.5,50,81.6,100,,,,,,,,,,,,
2026-07-13T22:00:25.797736+00:00,2026-07-13T22:00:25.796863,2,3,81.3,0.2,81.2,56,81.1,150,,,,,,,,,,,,,,,,,81.4,4,81.5,50,81.6,100,,,,,,,,,,,,,,
2026-07-13T22:00:25.851151+00:00,2026-07-13T22:00:25.849761,2,3,81.3,0.2,81.2,150,81.1,150,,,,,,,,,,,,,,,,,81.4,4,81.5,50,81.6,100,,,,,,,,,,,,,,
2026-07-13T22:00:25.904475+00:00,2026-07-13T22:00:25.902602,2,4,81.3,0.2,81.2,150,81.1,150,,,,,,,,,,,,,,,,,81.4,4,81.5,50,81.6,100,81.7,150,,,,,,,,,,,,
2026-07-13T22:00:26.897797+00:00,2026-07-13T22:00:26.888693,2,3,81.35,0.3,81.2,150,81.1,150,,,,,,,,,,,,,,,,,81.5,4,81.6,100,81.7,150,,,,,,,,,,,,,,
2026-07-13T22:00:26.963326+00:00,2026-07-13T22:00:26.953584,2,4,81.3,0.2,81.2,150,81.1,150,,,,,,,,,,,,,,,,,81.4,6,81.5,4,81.6,100,81.7,150,,,,,,,,,,,,
2026-07-13T22:00:27.018735+00:00,2026-07-13T22:00:27.013916,3,4,81.3,0.2,81.2,150,81.1,100,81.0,50,,,,,,,,,,,,,,,81.4,6,81.5,4,81.6,100,81.7,150,,,,,,,,,,,,
2026-07-13T22:00:27.160098+00:00,2026-07-13T22:00:27.151912,3,2,81.4,0.4,81.2,150,81.1,100,81.0,50,,,,,,,,,,,,,,,81.6,65,81.7,150,,,,,,,,,,,,,,,,
2026-07-13T22:00:27.193278+00:00,2026-07-13T22:00:27.183204,3,3,81.3,0.2,81.2,150,81.1,100,81.0,50,,,,,,,,,,,,,,,81.4,6,81.6,65,81.7,150,,,,,,,,,,,,,,
2026-07-13T22:00:27.248429+00:00,2026-07-13T22:00:27.238933,3,4,81.3,0.2,81.2,150,81.1,100,81.0,50,,,,,,,,,,,,,,,81.4,6,81.5,46,81.6,65,81.7,150,,,,,,,,,,,,
2026-07-13T22:00:27.967849+00:00,2026-07-13T22:00:27.965442,3,4,81.3,0.2,81.2,150,81.1,100,81.0,50,,,,,,,,,,,,,,,81.4,5,81.5,46,81.6,65,81.7,150,,,,,,,,,,,,
2026-07-13T22:00:28.151338+00:00,2026-07-13T22:00:28.148210,2,3,81.3,0.2,81.2,150,81.0,50,,,,,,,,,,,,,,,,,81.4,5,81.5,46,81.7,150,,,,,,,,,,,,,,
2026-07-13T22:00:28.162441+00:00,2026-07-13T22:00:28.152522,2,2,81.35,0.3,81.2,150,81.0,50,,,,,,,,,,,,,,,,,81.5,10,81.7,150,,,,,,,,,,,,,,,,
2026-07-13T22:00:28.206338+00:00,2026-07-13T22:00:28.202137,2,2,81.35,0.3,81.2,250,81.0,50,,,,,,,,,,,,,,,,,81.5,10,81.7,150,,,,,,,,,,,,,,,,
2026-07-13T22:00:28.217417+00:00,2026-07-13T22:00:28.207062,2,2,81.35,0.3,81.2,202,81.0,50,,,,,,,,,,,,,,,,,81.5,10,81.7,150,,,,,,,,,,,,,,,,
2026-07-13T22:00:28.260888+00:00,2026-07-13T22:00:28.254827,2,2,81.35,0.3,81.2,202,81.0,50,,,,,,,,,,,,,,,,,81.5,10,81.7,250,,,,,,,,,,,,,,,,
2026-07-13T22:00:28.282881+00:00,2026-07-13T22:00:28.282009,1,1,81.45,0.5,81.2,202,,,,,,,,,,,,,,,,,,,81.7,250,,,,,,,,,,,,,,,,,,
2026-07-13T22:00:28.293948+00:00,2026-07-13T22:00:28.288789,2,2,81.4,0.4,81.2,202,81.1,50,,,,,,,,,,,,,,,,,81.6,10,81.7,250,,,,,,,,,,,,,,,,
2026-07-13T22:00:28.959183+00:00,2026-07-13T22:00:28.958400,2,2,81.4,0.4,81.2,202,81.1,50,,,,,,,,,,,,,,,,,81.6,10,81.7,100,,,,,,,,,,,,,,,,
2026-07-13T22:00:28.970198+00:00,2026-07-13T22:00:28.960078,2,2,81.4,0.4,81.2,100,81.1,50,,,,,,,,,,,,,,,,,81.6,10,81.7,100,,,,,,,,,,,,,,,,
2026-07-13T22:00:29.013524+00:00,2026-07-13T22:00:29.012820,3,2,81.4,0.4,81.2,100,81.1,50,80.8,150,,,,,,,,,,,,,,,81.6,10,81.7,100,,,,,,,,,,,,,,,,
2026-07-13T22:00:29.067022+00:00,2026-07-13T22:00:29.066173,3,3,81.25,0.1,81.2,100,81.1,50,80.8,150,,,,,,,,,,,,,,,81.3,150,81.6,10,81.7,100,,,,,,,,,,,,,,
2026-07-13T22:00:29.132193+00:00,2026-07-13T22:00:29.125769,3,3,81.25,0.1,81.2,100,81.1,50,80.8,150,,,,,,,,,,,,,,,81.3,150,81.5,10,81.7,100,,,,,,,,,,,,,,
2026-07-13T22:00:29.262498+00:00,2026-07-13T22:00:29.261022,3,4,81.25,0.1,81.2,100,81.1,50,80.8,150,,,,,,,,,,,,,,,81.3,150,81.4,6,81.5,10,81.7,100,,,,,,,,,,,,
2026-07-13T22:00:29.741031+00:00,2026-07-13T22:00:29.739093,2,4,81.25,0.1,81.2,100,80.8,150,,,,,,,,,,,,,,,,,81.3,106,81.4,6,81.5,10,81.7,100,,,,,,,,,,,,
2026-07-13T22:00:29.752172+00:00,2026-07-13T22:00:29.750894,2,3,81.25,0.1,81.2,150,80.8,150,,,,,,,,,,,,,,,,,81.3,106,81.4,6,81.7,110,,,,,,,,,,,,,,
2026-07-13T22:00:29.883175+00:00,2026-07-13T22:00:29.873176,2,3,81.25,0.1,81.2,150,80.8,150,,,,,,,,,,,,,,,,,81.3,106,81.4,5,81.7,110,,,,,,,,,,,,,,
2026-07-13T22:00:30.700842+00:00,2026-07-13T22:00:30.697038,2,3,81.25,0.1,81.2,150,80.8,150,,,,,,,,,,,,,,,,,81.3,50,81.4,5,81.7,110,,,,,,,,,,,,,,
2026-07-13T22:00:30.807927+00:00,2026-07-13T22:00:30.801153,2,2,81.3,0.2,81.2,100,80.8,150,,,,,,,,,,,,,,,,,81.4,5,81.7,110,,,,,,,,,,,,,,,,
2026-07-13T22:00:31.046934+00:00,2026-07-13T22:00:31.045490,3,3,81.3,0.2,81.2,100,81.0,50,80.8,150,,,,,,,,,,,,,,,81.4,5,81.6,50,81.7,100,,,,,,,,,,,,,,
2026-07-13T22:00:31.111377+00:00,2026-07-13T22:00:31.105178,3,2,81.4,0.4,81.2,100,81.0,50,80.8,150,,,,,,,,,,,,,,,81.6,5,81.7,100,,,,,,,,,,,,,,,,
2026-07-13T22:00:31.319064+00:00,2026-07-13T22:00:31.309515,2,1,81.3,0.6,81.0,50,80.8,150,,,,,,,,,,,,,,,,,81.6,5,,,,,,,,,,,,,,,,,,
2026-07-13T22:00:31.362508+00:00,2026-07-13T22:00:31.361709,3,1,81.4,0.4,81.2,100,81.0,50,80.8,150,,,,,,,,,,,,,,,81.6,5,,,,,,,,,,,,,,,,,,
2026-07-13T22:00:31.416249+00:00,2026-07-13T22:00:31.415539,3,2,81.4,0.4,81.2,100,81.0,50,80.8,150,,,,,,,,,,,,,,,81.6,5,81.7,100,,,,,,,,,,,,,,,,
2026-07-13T22:00:31.469706+00:00,2026-07-13T22:00:31.465772,2,2,81.4,0.4,81.2,100,80.8,150,,,,,,,,,,,,,,,,,81.6,5,81.7,100,,,,,,,,,,,,,,,,
2026-07-13T22:00:31.480400+00:00,2026-07-13T22:00:31.477925,3,1,81.45,0.5,81.2,100,81.1,50,80.8,150,,,,,,,,,,,,,,,81.7,115,,,,,,,,,,,,,,,,,,
2026-07-13T22:00:31.907543+00:00,2026-07-13T22:00:31.903125,2,1,81.45,0.5,81.2,150,80.8,150,,,,,,,,,,,,,,,,,81.7,115,,,,,,,,,,,,,,,,,,
2026-07-13T22:00:31.929068+00:00,2026-07-13T22:00:31.924618,2,2,81.35,0.3,81.2,150,80.8,150,,,,,,,,,,,,,,,,,81.5,6,81.7,115,,,,,,,,,,,,,,,,
2026-07-13T22:00:32.121492+00:00,2026-07-13T22:00:32.120247,1,2,81.35,0.3,81.2,150,,,,,,,,,,,,,,,,,,,81.5,6,81.7,115,,,,,,,,,,,,,,,,
2026-07-13T22:00:32.190829+00:00,2026-07-13T22:00:32.189434,2,1,81.65,0.1,81.6,130,81.2,150,,,,,,,,,,,,,,,,,81.7,115,,,,,,,,,,,,,,,,,,
2026-07-13T22:00:32.233883+00:00,2026-07-13T22:00:32.228806,2,2,81.65,0.1,81.6,130,81.2,150,,,,,,,,,,,,,,,,,81.7,115,82.1,150,,,,,,,,,,,,,,,,
2026-07-13T22:00:32.255383+00:00,2026-07-13T22:00:32.250021,2,2,81.65,0.1,81.6,69,81.2,150,,,,,,,,,,,,,,,,,81.7,115,82.1,150,,,,,,,,,,,,,,,,
2026-07-13T22:00:32.352101+00:00,2026-07-13T22:00:32.346533,3,2,81.65,0.1,81.6,69,81.3,50,81.2,100,,,,,,,,,,,,,,,81.7,115,82.1,150,,,,,,,,,,,,,,,,
2026-07-13T22:00:32.708945+00:00,2026-07-13T22:00:32.698211,3,2,81.65,0.1,81.6,44,81.3,50,81.2,100,,,,,,,,,,,,,,,81.7,115,82.1,150,,,,,,,,,,,,,,,,
2026-07-13T22:00:33.088965+00:00,2026-07-13T22:00:33.078480,3,2,81.65,0.1,81.6,39,81.3,50,81.2,100,,,,,,,,,,,,,,,81.7,115,82.1,150,,,,,,,,,,,,,,,,
2026-07-13T22:00:34.214144+00:00,2026-07-13T22:00:34.204298,3,2,81.65,0.1,81.6,14,81.3,50,81.2,100,,,,,,,,,,,,,,,81.7,115,82.1,150,,,,,,,,,,,,,,,,
2026-07-13T22:00:34.431349+00:00,2026-07-13T22:00:34.430016,2,2,81.65,0.1,81.6,14,81.2,100,,,,,,,,,,,,,,,,,81.7,115,82.1,150,,,,,,,,,,,,,,,,
2026-07-13T22:00:34.442268+00:00,2026-07-13T22:00:34.439604,2,2,81.65,0.1,81.6,9,81.2,100,,,,,,,,,,,,,,,,,81.7,100,82.1,150,,,,,,,,,,,,,,,,
2026-07-13T22:00:34.453266+00:00,2026-07-13T22:00:34.446288,3,3,81.65,0.1,81.6,9,81.3,50,81.2,100,,,,,,,,,,,,,,,81.7,100,81.8,10,82.1,150,,,,,,,,,,,,,,
2026-07-13T22:00:34.475175+00:00,2026-07-13T22:00:34.470281,2,2,81.7,0.2,81.6,9,81.3,50,,,,,,,,,,,,,,,,,81.8,10,82.1,150,,,,,,,,,,,,,,,,
2026-07-13T22:00:34.528933+00:00,2026-07-13T22:00:34.522614,3,2,81.7,0.2,81.6,9,81.4,100,81.3,50,,,,,,,,,,,,,,,81.8,10,82.1,150,,,,,,,,,,,,,,,,
2026-07-13T22:00:34.582673+00:00,2026-07-13T22:00:34.575141,3,3,81.7,0.2,81.6,9,81.4,100,81.3,50,,,,,,,,,,,,,,,81.8,10,81.9,100,82.1,150,,,,,,,,,,,,,,
2026-07-13T22:00:35.016715+00:00,2026-07-13T22:00:35.006800,3,3,81.7,0.2,81.6,4,81.4,100,81.3,50,,,,,,,,,,,,,,,81.8,10,81.9,100,82.1,150,,,,,,,,,,,,,,
2026-07-13T22:00:35.082574+00:00,2026-07-13T22:00:35.081159,2,4,81.5,0.2,81.4,100,81.3,50,,,,,,,,,,,,,,,,,81.6,1,81.8,10,81.9,100,82.1,150,,,,,,,,,,,,
2026-07-13T22:00:35.093625+00:00,2026-07-13T22:00:35.086210,2,4,81.5,0.2,81.4,100,81.3,51,,,,,,,,,,,,,,,,,81.6,1,81.8,10,81.9,100,82.1,150,,,,,,,,,,,,
2026-07-13T22:00:35.287228+00:00,2026-07-13T22:00:35.282750,2,3,81.5,0.2,81.4,100,81.3,51,,,,,,,,,,,,,,,,,81.6,1,81.8,10,81.9,100,,,,,,,,,,,,,,
2026-07-13T22:00:35.342144+00:00,2026-07-13T22:00:35.336540,3,3,81.5,0.2,81.4,100,81.3,51,81.1,150,,,,,,,,,,,,,,,81.6,1,81.8,10,81.9,100,,,,,,,,,,,,,,
2026-07-13T22:00:35.353171+00:00,2026-07-13T22:00:35.349124,3,1,81.65,0.5,81.4,100,81.3,51,81.1,150,,,,,,,,,,,,,,,81.9,61,,,,,,,,,,,,,,,,,,
2026-07-13T22:00:35.397451+00:00,2026-07-13T22:00:35.388857,3,2,81.5,0.2,81.4,100,81.3,51,81.1,150,,,,,,,,,,,,,,,81.6,150,81.9,61,,,,,,,,,,,,,,,,
2026-07-13T22:00:36.310163+00:00,2026-07-13T22:00:36.305300,4,2,81.5,0.2,81.4,100,81.3,1,81.2,50,81.1,150,,,,,,,,,,,,,81.6,150,81.9,61,,,,,,,,,,,,,,,,
2026-07-13T22:00:37.243929+00:00,2026-07-13T22:00:37.237259,4,2,81.5,0.2,81.4,75,81.3,1,81.2,50,81.1,150,,,,,,,,,,,,,81.6,150,81.9,61,,,,,,,,,,,,,,,,
2026-07-13T22:00:37.494783+00:00,2026-07-13T22:00:37.489138,4,2,81.5,0.2,81.4,75,81.3,1,81.2,50,81.1,150,,,,,,,,,,,,,81.6,102,81.9,61,,,,,,,,,,,,,,,,
2026-07-13T22:00:37.632837+00:00,2026-07-13T22:00:37.629343,3,1,81.45,0.3,81.3,1,81.2,50,81.1,150,,,,,,,,,,,,,,,81.6,102,,,,,,,,,,,,,,,,,,
2026-07-13T22:00:37.687288+00:00,2026-07-13T22:00:37.681633,3,1,81.45,0.3,81.3,101,81.2,50,81.1,150,,,,,,,,,,,,,,,81.6,102,,,,,,,,,,,,,,,,,,
2026-07-13T22:00:37.740798+00:00,2026-07-13T22:00:37.737308,3,2,81.45,0.3,81.3,101,81.2,50,81.1,150,,,,,,,,,,,,,,,81.6,102,81.8,100,,,,,,,,,,,,,,,,
2026-07-13T22:00:37.937233+00:00,2026-07-13T22:00:37.932063,3,2,81.45,0.3,81.3,56,81.2,50,81.1,150,,,,,,,,,,,,,,,81.6,102,81.8,100,,,,,,,,,,,,,,,,
2026-07-13T22:00:37.959223+00:00,2026-07-13T22:00:37.951945,2,2,81.45,0.3,81.3,106,81.1,150,,,,,,,,,,,,,,,,,81.6,102,81.8,100,,,,,,,,,,,,,,,,
2026-07-13T22:00:38.448662+00:00,2026-07-13T22:00:38.447849,1,2,81.45,0.3,81.3,106,,,,,,,,,,,,,,,,,,,81.6,2,81.8,100,,,,,,,,,,,,,,,,
2026-07-13T22:00:38.502915+00:00,2026-07-13T22:00:38.500843,2,2,81.45,0.3,81.3,106,81.2,150,,,,,,,,,,,,,,,,,81.6,2,81.8,100,,,,,,,,,,,,,,,,
2026-07-13T22:00:38.556574+00:00,2026-07-13T22:00:38.553979,2,3,81.45,0.3,81.3,106,81.2,150,,,,,,,,,,,,,,,,,81.6,2,81.7,150,81.8,100,,,,,,,,,,,,,,
2026-07-13T22:00:38.998072+00:00,2026-07-13T22:00:38.987674,2,3,81.45,0.3,81.3,56,81.2,150,,,,,,,,,,,,,,,,,81.6,2,81.7,150,81.8,100,,,,,,,,,,,,,,
2026-07-13T22:00:39.009250+00:00,2026-07-13T22:00:39.002976,2,3,81.45,0.3,81.3,56,81.2,200,,,,,,,,,,,,,,,,,81.6,2,81.7,150,81.8,100,,,,,,,,,,,,,,
2026-07-13T22:00:39.173711+00:00,2026-07-13T22:00:39.169174,2,3,81.45,0.3,81.3,56,81.2,200,,,,,,,,,,,,,,,,,81.6,1,81.7,150,81.8,100,,,,,,,,,,,,,,
2026-07-13T22:00:39.381420+00:00,2026-07-13T22:00:39.371126,2,3,81.45,0.3,81.3,8,81.2,200,,,,,,,,,,,,,,,,,81.6,1,81.7,150,81.8,100,,,,,,,,,,,,,,
2026-07-13T22:00:39.596160+00:00,2026-07-13T22:00:39.593648,2,2,81.5,0.4,81.3,8,81.2,200,,,,,,,,,,,,,,,,,81.7,101,81.8,100,,,,,,,,,,,,,,,,
2026-07-13T22:00:40.801571+00:00,2026-07-13T22:00:40.794046,1,1,81.45,0.5,81.2,200,,,,,,,,,,,,,,,,,,,81.7,101,,,,,,,,,,,,,,,,,,
2026-07-13T22:00:40.855303+00:00,2026-07-13T22:00:40.846560,2,1,81.45,0.5,81.2,200,81.0,100,,,,,,,,,,,,,,,,,81.7,101,,,,,,,,,,,,,,,,,,
2026-07-13T22:00:40.899699+00:00,2026-07-13T22:00:40.898439,2,2,81.35,0.3,81.2,200,81.0,100,,,,,,,,,,,,,,,,,81.5,100,81.7,101,,,,,,,,,,,,,,,,
2026-07-13T22:00:41.265703+00:00,2026-07-13T22:00:41.265065,3,2,81.4,0.2,81.3,3,81.2,200,81.0,100,,,,,,,,,,,,,,,81.5,100,81.7,101,,,,,,,,,,,,,,,,
2026-07-13T22:00:41.276665+00:00,2026-07-13T22:00:41.266796,3,3,81.4,0.2,81.3,3,81.2,200,81.0,100,,,,,,,,,,,,,,,81.5,100,81.6,3,81.7,101,,,,,,,,,,,,,,
2026-07-13T22:00:41.535293+00:00,2026-07-13T22:00:41.530709,3,3,81.4,0.2,81.3,3,81.2,200,81.0,100,,,,,,,,,,,,,,,81.5,98,81.6,3,81.7,101,,,,,,,,,,,,,,
2026-07-13T22:00:41.546343+00:00,2026-07-13T22:00:41.535800,3,3,81.4,0.2,81.3,3,81.2,200,81.0,100,,,,,,,,,,,,,,,81.5,98,81.6,3,81.7,103,,,,,,,,,,,,,,
2026-07-13T22:00:41.611133+00:00,2026-07-13T22:00:41.609701,3,3,81.4,0.2,81.3,3,81.2,50,81.0,100,,,,,,,,,,,,,,,81.5,98,81.6,3,81.7,2,,,,,,,,,,,,,,
2026-07-13T22:00:41.665655+00:00,2026-07-13T22:00:41.662271,4,3,81.45,0.1,81.4,150,81.3,3,81.2,50,81.0,100,,,,,,,,,,,,,81.5,98,81.6,3,81.7,2,,,,,,,,,,,,,,
2026-07-13T22:00:41.709021+00:00,2026-07-13T22:00:41.706599,4,3,81.45,0.1,81.4,150,81.3,3,81.2,50,81.0,100,,,,,,,,,,,,,81.5,48,81.6,3,81.7,2,,,,,,,,,,,,,,
2026-07-13T22:00:41.719886+00:00,2026-07-13T22:00:41.714009,4,4,81.45,0.1,81.4,150,81.3,3,81.2,50,81.0,100,,,,,,,,,,,,,81.5,48,81.6,3,81.7,2,81.9,150,,,,,,,,,,,,
2026-07-13T22:00:41.762858+00:00,2026-07-13T22:00:41.759881,4,4,81.45,0.1,81.4,150,81.3,3,81.2,50,81.0,100,,,,,,,,,,,,,81.5,48,81.6,3,81.8,2,81.9,150,,,,,,,,,,,,
2026-07-13T22:00:42.343805+00:00,2026-07-13T22:00:42.336011,4,4,81.45,0.1,81.4,150,81.3,3,81.2,50,81.0,100,,,,,,,,,,,,,81.5,48,81.6,2,81.8,2,81.9,150,,,,,,,,,,,,
2026-07-13T22:00:42.770787+00:00,2026-07-13T22:00:42.766833,4,4,81.45,0.1,81.4,150,81.3,3,81.2,50,81.0,100,,,,,,,,,,,,,81.5,48,81.6,1,81.8,2,81.9,150,,,,,,,,,,,,
2026-07-13T22:00:42.781740+00:00,2026-07-13T22:00:42.780292,4,3,81.45,0.1,81.4,150,81.3,3,81.2,50,81.0,100,,,,,,,,,,,,,81.5,48,81.6,1,81.9,150,,,,,,,,,,,,,,
2026-07-13T22:00:42.792745+00:00,2026-07-13T22:00:42.784643,4,3,81.45,0.1,81.4,150,81.3,3,81.2,50,81.0,100,,,,,,,,,,,,,81.5,48,81.6,3,81.9,150,,,,,,,,,,,,,,
2026-07-13T22:00:43.767188+00:00,2026-07-13T22:00:43.759244,4,3,81.45,0.1,81.4,150,81.3,3,81.2,50,81.0,100,,,,,,,,,,,,,81.5,6,81.6,3,81.9,150,,,,,,,,,,,,,,
2026-07-13T22:00:43.821514+00:00,2026-07-13T22:00:43.818744,4,1,81.65,0.5,81.4,150,81.3,3,81.2,50,81.0,100,,,,,,,,,,,,,81.9,109,,,,,,,,,,,,,,,,,,
2026-07-13T22:00:43.854243+00:00,2026-07-13T22:00:43.850864,4,2,81.5,0.2,81.4,150,81.3,3,81.2,50,81.0,100,,,,,,,,,,,,,81.6,1,81.9,109,,,,,,,,,,,,,,,,
2026-07-13T22:00:43.975155+00:00,2026-07-13T22:00:43.971318,3,2,81.5,0.2,81.4,125,81.3,3,81.2,50,,,,,,,,,,,,,,,81.6,1,81.9,109,,,,,,,,,,,,,,,,
2026-07-13T22:00:44.030062+00:00,2026-07-13T22:00:44.022902,3,2,81.5,0.2,81.4,125,81.3,103,81.2,50,,,,,,,,,,,,,,,81.6,1,81.9,109,,,,,,,,,,,,,,,,
2026-07-13T22:00:44.051882+00:00,2026-07-13T22:00:44.047180,2,2,81.5,0.2,81.4,125,81.3,103,,,,,,,,,,,,,,,,,81.6,1,81.9,109,,,,,,,,,,,,,,,,
2026-07-13T22:00:44.062902+00:00,2026-07-13T22:00:44.052450,3,2,81.5,0.2,81.4,125,81.3,103,81.1,50,,,,,,,,,,,,,,,81.6,1,81.9,109,,,,,,,,,,,,,,,,
2026-07-13T22:00:44.084732+00:00,2026-07-13T22:00:44.076193,3,3,81.5,0.2,81.4,125,81.3,103,81.1,50,,,,,,,,,,,,,,,81.6,1,81.8,100,81.9,109,,,,,,,,,,,,,,
2026-07-13T22:00:44.769437+00:00,2026-07-13T22:00:44.768863,2,2,81.45,0.3,81.3,103,81.1,50,,,,,,,,,,,,,,,,,81.6,1,81.8,100,,,,,,,,,,,,,,,,
2026-07-13T22:00:44.833224+00:00,2026-07-13T22:00:44.828983,2,2,81.45,0.3,81.3,253,81.1,50,,,,,,,,,,,,,,,,,81.6,1,81.8,100,,,,,,,,,,,,,,,,
2026-07-13T22:00:44.886443+00:00,2026-07-13T22:00:44.882942,2,2,81.45,0.3,81.3,253,81.1,50,,,,,,,,,,,,,,,,,81.6,1,81.8,250,,,,,,,,,,,,,,,,
2026-07-13T22:00:45.537748+00:00,2026-07-13T22:00:45.527260,2,1,81.55,0.5,81.3,253,81.1,50,,,,,,,,,,,,,,,,,81.8,250,,,,,,,,,,,,,,,,,,
2026-07-13T22:00:45.562808+00:00,2026-07-13T22:00:45.561204,1,1,81.55,0.5,81.3,303,,,,,,,,,,,,,,,,,,,81.8,250,,,,,,,,,,,,,,,,,,
2026-07-13T22:00:45.964122+00:00,2026-07-13T22:00:45.953444,1,1,81.55,0.5,81.3,303,,,,,,,,,,,,,,,,,,,81.8,200,,,,,,,,,,,,,,,,,,
2026-07-13T22:00:46.807945+00:00,2026-07-13T22:00:46.805158,1,1,81.55,0.5,81.3,253,,,,,,,,,,,,,,,,,,,81.8,200,,,,,,,,,,,,,,,,,,
2026-07-13T22:00:46.819011+00:00,2026-07-13T22:00:46.810825,2,1,81.55,0.5,81.3,253,81.2,50,,,,,,,,,,,,,,,,,81.8,200,,,,,,,,,,,,,,,,,,
2026-07-13T22:00:47.130991+00:00,2026-07-13T22:00:47.129828,2,1,81.55,0.5,81.3,253,81.2,50,,,,,,,,,,,,,,,,,81.8,150,,,,,,,,,,,,,,,,,,
2026-07-13T22:00:47.141989+00:00,2026-07-13T22:00:47.131279,2,1,81.55,0.5,81.3,153,81.2,50,,,,,,,,,,,,,,,,,81.8,150,,,,,,,,,,,,,,,,,,
2026-07-13T22:00:47.185549+00:00,2026-07-13T22:00:47.184850,3,1,81.6,0.4,81.4,100,81.3,153,81.2,50,,,,,,,,,,,,,,,81.8,150,,,,,,,,,,,,,,,,,,
2026-07-13T22:00:47.240386+00:00,2026-07-13T22:00:47.237419,3,2,81.6,0.4,81.4,100,81.3,153,81.2,50,,,,,,,,,,,,,,,81.8,150,81.9,100,,,,,,,,,,,,,,,,
2026-07-13T22:00:47.359563+00:00,2026-07-13T22:00:47.356042,3,2,81.6,0.4,81.4,52,81.3,153,81.2,50,,,,,,,,,,,,,,,81.8,150,81.9,100,,,,,,,,,,,,,,,,
2026-07-13T22:00:47.845250+00:00,2026-07-13T22:00:47.838919,3,2,81.6,0.4,81.4,52,81.3,153,81.2,50,,,,,,,,,,,,,,,81.8,101,81.9,100,,,,,,,,,,,,,,,,
2026-07-13T22:00:47.941075+00:00,2026-07-13T22:00:47.939715,3,1,81.65,0.5,81.4,52,81.3,3,81.2,50,,,,,,,,,,,,,,,81.9,100,,,,,,,,,,,,,,,,,,
2026-07-13T22:00:47.951807+00:00,2026-07-13T22:00:47.945614,3,2,81.55,0.3,81.4,52,81.3,3,81.2,50,,,,,,,,,,,,,,,81.7,1,81.9,100,,,,,,,,,,,,,,,,
2026-07-13T22:00:47.967250+00:00,2026-07-13T22:00:47.966145,3,2,81.55,0.3,81.4,42,81.3,3,81.2,50,,,,,,,,,,,,,,,81.7,1,81.9,100,,,,,,,,,,,,,,,,
2026-07-13T22:00:48.004932+00:00,2026-07-13T22:00:48.003565,4,2,81.65,0.1,81.6,128,81.4,42,81.3,3,81.2,50,,,,,,,,,,,,,81.7,1,81.9,100,,,,,,,,,,,,,,,,
2026-07-13T22:00:48.037100+00:00,2026-07-13T22:00:48.036482,4,2,81.65,0.1,81.6,101,81.4,42,81.3,3,81.2,50,,,,,,,,,,,,,81.7,1,81.9,100,,,,,,,,,,,,,,,,
2026-07-13T22:00:48.047757+00:00,2026-07-13T22:00:48.045507,4,3,81.65,0.1,81.6,101,81.4,42,81.3,3,81.2,50,,,,,,,,,,,,,81.7,1,81.9,100,82.1,150,,,,,,,,,,,,,,
2026-07-13T22:00:48.058472+00:00,2026-07-13T22:00:48.051222,4,3,81.65,0.1,81.6,101,81.4,42,81.3,3,81.0,50,,,,,,,,,,,,,81.7,1,81.9,100,82.1,150,,,,,,,,,,,,,,
2026-07-13T22:00:48.122345+00:00,2026-07-13T22:00:48.113395,4,3,81.65,0.1,81.6,51,81.4,42,81.3,3,81.0,50,,,,,,,,,,,,,81.7,1,81.9,100,82.1,150,,,,,,,,,,,,,,
2026-07-13T22:00:48.266224+00:00,2026-07-13T22:00:48.262559,3,3,81.65,0.1,81.6,51,81.4,42,81.3,3,,,,,,,,,,,,,,,81.7,1,81.9,100,82.1,150,,,,,,,,,,,,,,
2026-07-13T22:00:48.276910+00:00,2026-07-13T22:00:48.268023,4,3,81.65,0.1,81.6,51,81.4,42,81.3,3,81.1,50,,,,,,,,,,,,,81.7,1,81.9,100,82.1,150,,,,,,,,,,,,,,
2026-07-13T22:00:49.438975+00:00,2026-07-13T22:00:49.433662,4,2,81.75,0.3,81.6,51,81.4,42,81.3,3,81.1,50,,,,,,,,,,,,,81.9,100,82.1,150,,,,,,,,,,,,,,,,
2026-07-13T22:00:49.481595+00:00,2026-07-13T22:00:49.478473,3,2,81.75,0.3,81.6,51,81.4,42,81.3,3,,,,,,,,,,,,,,,81.9,100,82.1,150,,,,,,,,,,,,,,,,
2026-07-13T22:00:49.492312+00:00,2026-07-13T22:00:49.484097,4,2,81.75,0.3,81.6,51,81.4,42,81.3,3,81.2,50,,,,,,,,,,,,,81.9,100,82.1,150,,,,,,,,,,,,,,,,
2026-07-13T22:00:50.230802+00:00,2026-07-13T22:00:50.220578,4,2,81.75,0.3,81.6,1,81.4,42,81.3,3,81.2,50,,,,,,,,,,,,,81.9,100,82.1,150,,,,,,,,,,,,,,,,
2026-07-13T22:00:50.301869+00:00,2026-07-13T22:00:50.293823,3,1,81.85,0.5,81.6,1,81.3,3,81.2,50,,,,,,,,,,,,,,,82.1,150,,,,,,,,,,,,,,,,,,
2026-07-13T22:00:50.355634+00:00,2026-07-13T22:00:50.346366,3,1,81.85,0.5,81.6,1,81.3,103,81.2,50,,,,,,,,,,,,,,,82.1,150,,,,,,,,,,,,,,,,,,
2026-07-13T22:00:50.409149+00:00,2026-07-13T22:00:50.399420,3,2,81.7,0.2,81.6,1,81.3,103,81.2,50,,,,,,,,,,,,,,,81.8,100,82.1,150,,,,,,,,,,,,,,,,
2026-07-13T22:00:50.799666+00:00,2026-07-13T22:00:50.797011,3,2,81.7,0.2,81.6,1,81.3,103,81.1,50,,,,,,,,,,,,,,,81.8,100,82.1,150,,,,,,,,,,,,,,,,
2026-07-13T22:00:51.109599+00:00,2026-07-13T22:00:51.100021,2,1,81.55,0.5,81.3,103,81.1,50,,,,,,,,,,,,,,,,,81.8,100,,,,,,,,,,,,,,,,,,
2026-07-13T22:00:51.185012+00:00,2026-07-13T22:00:51.174769,3,1,81.55,0.5,81.3,103,81.1,50,81.0,150,,,,,,,,,,,,,,,81.8,100,,,,,,,,,,,,,,,,,,
2026-07-13T22:00:51.217218+00:00,2026-07-13T22:00:51.213012,3,1,81.55,0.5,81.3,103,81.2,50,81.0,150,,,,,,,,,,,,,,,81.8,100,,,,,,,,,,,,,,,,,,
2026-07-13T22:00:51.245867+00:00,2026-07-13T22:00:51.244696,3,2,81.4,0.2,81.3,103,81.2,50,81.0,150,,,,,,,,,,,,,,,81.5,128,81.8,100,,,,,,,,,,,,,,,,
2026-07-13T22:00:51.778594+00:00,2026-07-13T22:00:51.769115,3,2,81.4,0.2,81.3,103,81.2,50,81.0,150,,,,,,,,,,,,,,,81.5,118,81.8,100,,,,,,,,,,,,,,,,
2026-07-13T22:00:51.843404+00:00,2026-07-13T22:00:51.838446,3,2,81.45,0.1,81.4,6,81.3,153,81.0,150,,,,,,,,,,,,,,,81.5,118,81.8,100,,,,,,,,,,,,,,,,
2026-07-13T22:00:51.939326+00:00,2026-07-13T22:00:51.938197,2,2,81.4,0.2,81.3,153,81.0,150,,,,,,,,,,,,,,,,,81.5,118,81.8,100,,,,,,,,,,,,,,,,
2026-07-13T22:00:52.045281+00:00,2026-07-13T22:00:52.042903,2,2,81.4,0.2,81.3,103,81.0,150,,,,,,,,,,,,,,,,,81.5,118,81.8,100,,,,,,,,,,,,,,,,
2026-07-13T22:00:52.055915+00:00,2026-07-13T22:00:52.046804,3,2,81.4,0.2,81.3,103,81.2,50,81.0,150,,,,,,,,,,,,,,,81.5,118,81.8,100,,,,,,,,,,,,,,,,
2026-07-13T22:00:52.172911+00:00,2026-07-13T22:00:52.162871,3,2,81.4,0.2,81.3,59,81.2,50,81.0,150,,,,,,,,,,,,,,,81.5,118,81.8,100,,,,,,,,,,,,,,,,
2026-07-13T22:00:52.378207+00:00,2026-07-13T22:00:52.369967,4,2,81.45,0.1,81.4,14,81.3,59,81.2,50,81.0,150,,,,,,,,,,,,,81.5,107,81.8,100,,,,,,,,,,,,,,,,
2026-07-13T22:00:52.463778+00:00,2026-07-13T22:00:52.460594,3,2,81.45,0.1,81.4,14,81.3,59,81.0,150,,,,,,,,,,,,,,,81.5,57,81.8,100,,,,,,,,,,,,,,,,
2026-07-13T22:00:52.474488+00:00,2026-07-13T22:00:52.468346,3,3,81.45,0.1,81.4,14,81.3,109,81.0,150,,,,,,,,,,,,,,,81.5,57,81.7,50,81.8,100,,,,,,,,,,,,,,
2026-07-13T22:00:52.635221+00:00,2026-07-13T22:00:52.632326,3,3,81.45,0.1,81.4,14,81.3,109,81.0,150,,,,,,,,,,,,,,,81.5,17,81.7,50,81.8,100,,,,,,,,,,,,,,
2026-07-13T22:00:52.817867+00:00,2026-07-13T22:00:52.808368,3,3,81.45,0.1,81.4,19,81.3,109,81.0,150,,,,,,,,,,,,,,,81.5,17,81.7,50,81.8,100,,,,,,,,,,,,,,
2026-07-13T22:00:52.892634+00:00,2026-07-13T22:00:52.890749,3,3,81.45,0.1,81.4,5,81.3,109,81.0,150,,,,,,,,,,,,,,,81.5,3,81.7,50,81.8,100,,,,,,,,,,,,,,
2026-07-13T22:00:53.240520+00:00,2026-07-13T22:00:53.239019,3,2,81.55,0.3,81.4,5,81.3,109,81.0,150,,,,,,,,,,,,,,,81.7,50,81.8,100,,,,,,,,,,,,,,,,
2026-07-13T22:00:53.304781+00:00,2026-07-13T22:00:53.297632,3,1,81.6,0.4,81.4,5,81.3,109,81.0,150,,,,,,,,,,,,,,,81.8,100,,,,,,,,,,,,,,,,,,
2026-07-13T22:00:53.315496+00:00,2026-07-13T22:00:53.312242,4,2,81.65,0.3,81.5,50,81.4,5,81.3,59,81.0,150,,,,,,,,,,,,,81.8,100,82.1,50,,,,,,,,,,,,,,,,
2026-07-13T22:00:53.454344+00:00,2026-07-13T22:00:53.452961,4,1,81.8,0.6,81.5,50,81.4,5,81.3,59,81.0,150,,,,,,,,,,,,,82.1,50,,,,,,,,,,,,,,,,,,
2026-07-13T22:00:53.465019+00:00,2026-07-13T22:00:53.454591,3,1,81.8,0.6,81.5,50,81.4,5,81.0,150,,,,,,,,,,,,,,,82.1,50,,,,,,,,,,,,,,,,,,
2026-07-13T22:00:53.507689+00:00,2026-07-13T22:00:53.506866,4,1,81.85,0.5,81.6,100,81.5,50,81.4,5,81.0,150,,,,,,,,,,,,,82.1,50,,,,,,,,,,,,,,,,,,
2026-07-13T22:00:53.528947+00:00,2026-07-13T22:00:53.527866,3,0,,,81.6,150,81.4,5,81.0,150,,,,,,,,,,,,,,,,,,,,,,,,,,,,,,,,,,
2026-07-13T22:00:53.539583+00:00,2026-07-13T22:00:53.536365,3,1,81.8,0.4,81.6,150,81.4,5,81.0,150,,,,,,,,,,,,,,,82.0,50,,,,,,,,,,,,,,,,,,
2026-07-13T22:00:53.560916+00:00,2026-07-13T22:00:53.559334,3,2,81.8,0.4,81.6,150,81.4,5,81.0,150,,,,,,,,,,,,,,,82.0,50,82.1,100,,,,,,,,,,,,,,,,
2026-07-13T22:00:53.756165+00:00,2026-07-13T22:00:53.755436,3,1,81.85,0.5,81.6,150,81.4,5,81.0,150,,,,,,,,,,,,,,,82.1,100,,,,,,,,,,,,,,,,,,
2026-07-13T22:00:53.777749+00:00,2026-07-13T22:00:53.767252,3,1,81.85,0.5,81.6,150,81.4,5,81.0,150,,,,,,,,,,,,,,,82.1,150,,,,,,,,,,,,,,,,,,
2026-07-13T22:00:54.141752+00:00,2026-07-13T22:00:54.132033,3,1,81.85,0.5,81.6,150,81.4,5,81.0,150,,,,,,,,,,,,,,,82.1,101,,,,,,,,,,,,,,,,,,
2026-07-13T22:00:54.280840+00:00,2026-07-13T22:00:54.280010,2,1,81.85,0.5,81.6,150,81.4,5,,,,,,,,,,,,,,,,,82.1,101,,,,,,,,,,,,,,,,,,
2026-07-13T22:00:54.345341+00:00,2026-07-13T22:00:54.334968,3,0,,,82.2,49,81.6,150,81.4,5,,,,,,,,,,,,,,,,,,,,,,,,,,,,,,,,,,
2026-07-13T22:00:54.403462+00:00,2026-07-13T22:00:54.402137,3,1,82.45,0.5,82.2,14,81.6,150,81.4,5,,,,,,,,,,,,,,,82.7,150,,,,,,,,,,,,,,,,,,
2026-07-13T22:00:54.414360+00:00,2026-07-13T22:00:54.411578,4,1,82.45,0.5,82.2,14,81.7,50,81.6,100,81.4,5,,,,,,,,,,,,,82.7,150,,,,,,,,,,,,,,,,,,
2026-07-13T22:00:54.435964+00:00,2026-07-13T22:00:54.432900,3,1,82.2,1.0,81.7,14,81.6,100,81.4,5,,,,,,,,,,,,,,,82.7,150,,,,,,,,,,,,,,,,,,
2026-07-13T22:00:54.629327+00:00,2026-07-13T22:00:54.626074,2,1,82.15,1.1,81.6,100,81.4,5,,,,,,,,,,,,,,,,,82.7,150,,,,,,,,,,,,,,,,,,
2026-07-13T22:00:54.640419+00:00,2026-07-13T22:00:54.633926,2,2,82.1,1.0,81.6,150,81.4,5,,,,,,,,,,,,,,,,,82.6,36,82.7,150,,,,,,,,,,,,,,,,
2026-07-13T22:00:55.296530+00:00,2026-07-13T22:00:55.292632,2,2,82.1,1.0,81.6,150,81.4,2,,,,,,,,,,,,,,,,,82.6,36,82.7,150,,,,,,,,,,,,,,,,
2026-07-13T22:00:55.910451+00:00,2026-07-13T22:00:55.909974,2,2,82.1,1.0,81.6,100,81.4,2,,,,,,,,,,,,,,,,,82.6,36,82.7,150,,,,,,,,,,,,,,,,
2026-07-13T22:00:55.921123+00:00,2026-07-13T22:00:55.914693,2,2,82.1,1.0,81.6,100,81.5,50,,,,,,,,,,,,,,,,,82.6,36,82.7,150,,,,,,,,,,,,,,,,
2026-07-13T22:00:56.416518+00:00,2026-07-13T22:00:56.408235,2,2,82.1,1.0,81.6,104,81.5,50,,,,,,,,,,,,,,,,,82.6,36,82.7,150,,,,,,,,,,,,,,,,
2026-07-13T22:00:56.544162+00:00,2026-07-13T22:00:56.541250,2,2,82.1,1.0,81.6,54,81.5,50,,,,,,,,,,,,,,,,,82.6,36,82.7,150,,,,,,,,,,,,,,,,
2026-07-13T22:00:56.629955+00:00,2026-07-13T22:00:56.622568,2,2,82.1,1.0,81.6,4,81.5,50,,,,,,,,,,,,,,,,,82.6,36,82.7,150,,,,,,,,,,,,,,,,
2026-07-13T22:00:56.684457+00:00,2026-07-13T22:00:56.675453,2,2,82.1,1.0,81.6,104,81.5,50,,,,,,,,,,,,,,,,,82.6,36,82.7,150,,,,,,,,,,,,,,,,
2026-07-13T22:00:56.737852+00:00,2026-07-13T22:00:56.727689,2,3,81.85,0.5,81.6,104,81.5,50,,,,,,,,,,,,,,,,,82.1,100,82.6,36,82.7,150,,,,,,,,,,,,,,
2026-07-13T22:00:56.931534+00:00,2026-07-13T22:00:56.925839,2,3,81.8,0.4,81.6,104,81.5,50,,,,,,,,,,,,,,,,,82.0,36,82.1,100,82.7,150,,,,,,,,,,,,,,
2026-07-13T22:00:57.164802+00:00,2026-07-13T22:00:57.163673,2,3,81.8,0.4,81.6,104,81.5,50,,,,,,,,,,,,,,,,,82.0,25,82.1,100,82.7,150,,,,,,,,,,,,,,
2026-07-13T22:00:57.362934+00:00,2026-07-13T22:00:57.361097,1,3,81.8,0.4,81.6,104,,,,,,,,,,,,,,,,,,,82.0,25,82.1,100,82.7,150,,,,,,,,,,,,,,
2026-07-13T22:00:57.374130+00:00,2026-07-13T22:00:57.372786,2,3,81.9,0.4,81.7,50,81.6,104,,,,,,,,,,,,,,,,,82.1,100,82.2,25,82.7,150,,,,,,,,,,,,,,
2026-07-13T22:00:57.450627+00:00,2026-07-13T22:00:57.443425,2,2,81.9,0.4,81.7,50,81.6,104,,,,,,,,,,,,,,,,,82.1,100,82.2,25,,,,,,,,,,,,,,,,
2026-07-13T22:00:57.505308+00:00,2026-07-13T22:00:57.496040,3,2,81.9,0.4,81.7,50,81.6,104,81.5,150,,,,,,,,,,,,,,,82.1,100,82.2,25,,,,,,,,,,,,,,,,
2026-07-13T22:00:57.559845+00:00,2026-07-13T22:00:57.549262,3,3,81.85,0.3,81.7,50,81.6,104,81.5,150,,,,,,,,,,,,,,,82.0,150,82.1,100,82.2,25,,,,,,,,,,,,,,
2026-07-13T22:00:57.592405+00:00,2026-07-13T22:00:57.589407,3,2,81.85,0.3,81.7,50,81.6,104,81.5,150,,,,,,,,,,,,,,,82.0,150,82.1,100,,,,,,,,,,,,,,,,
2026-07-13T22:00:57.603425+00:00,2026-07-13T22:00:57.598683,3,2,81.85,0.3,81.7,50,81.6,104,81.5,150,,,,,,,,,,,,,,,82.0,150,82.1,125,,,,,,,,,,,,,,,,
2026-07-13T22:00:58.646455+00:00,2026-07-13T22:00:58.640201,2,2,81.8,0.4,81.6,104,81.5,150,,,,,,,,,,,,,,,,,82.0,150,82.1,125,,,,,,,,,,,,,,,,
2026-07-13T22:00:58.657249+00:00,2026-07-13T22:00:58.650705,2,2,81.8,0.4,81.6,54,81.5,150,,,,,,,,,,,,,,,,,82.0,150,82.1,125,,,,,,,,,,,,,,,,
2026-07-13T22:00:58.668101+00:00,2026-07-13T22:00:58.667551,2,2,81.8,0.4,81.6,54,81.5,200,,,,,,,,,,,,,,,,,82.0,150,82.1,100,,,,,,,,,,,,,,,,
2026-07-13T22:00:58.679145+00:00,2026-07-13T22:00:58.670993,2,3,81.75,0.3,81.6,54,81.5,200,,,,,,,,,,,,,,,,,81.9,25,82.0,150,82.1,100,,,,,,,,,,,,,,
2026-07-13T22:00:58.852418+00:00,2026-07-13T22:00:58.845127,2,3,81.75,0.3,81.6,59,81.5,200,,,,,,,,,,,,,,,,,81.9,25,82.0,150,82.1,100,,,,,,,,,,,,,,
2026-07-13T22:00:59.423094+00:00,2026-07-13T22:00:59.419867,2,3,81.75,0.3,81.6,16,81.5,200,,,,,,,,,,,,,,,,,81.9,25,82.0,150,82.1,100,,,,,,,,,,,,,,
2026-07-13T22:00:59.497867+00:00,2026-07-13T22:00:59.493148,2,3,81.75,0.3,81.6,16,81.5,200,,,,,,,,,,,,,,,,,81.9,26,82.0,150,82.1,100,,,,,,,,,,,,,,
2026-07-13T22:00:59.796054+00:00,2026-07-13T22:00:59.794964,2,2,81.75,0.3,81.6,5,81.5,200,,,,,,,,,,,,,,,,,81.9,16,82.0,150,,,,,,,,,,,,,,,,
2026-07-13T22:00:59.850494+00:00,2026-07-13T22:00:59.842845,3,2,81.75,0.3,81.6,5,81.5,200,81.3,100,,,,,,,,,,,,,,,81.9,16,82.0,150,,,,,,,,,,,,,,,,
2026-07-13T22:00:59.910082+00:00,2026-07-13T22:00:59.907897,3,3,81.7,0.2,81.6,5,81.5,200,81.3,100,,,,,,,,,,,,,,,81.8,89,81.9,16,82.0,150,,,,,,,,,,,,,,
2026-07-13T22:00:59.932125+00:00,2026-07-13T22:00:59.927920,3,3,81.7,0.2,81.6,5,81.5,150,81.3,100,,,,,,,,,,,,,,,81.8,89,81.9,1,82.0,150,,,,,,,,,,,,,,
2026-07-13T22:00:59.943180+00:00,2026-07-13T22:00:59.934852,4,4,81.75,0.1,81.7,50,81.6,5,81.5,150,81.3,100,,,,,,,,,,,,,81.8,89,81.9,1,82.0,150,82.1,15,,,,,,,,,,,,
2026-07-13T22:00:59.954031+00:00,2026-07-13T22:00:59.945165,4,4,81.75,0.1,81.7,50,81.6,4,81.5,150,81.3,100,,,,,,,,,,,,,81.8,89,81.9,1,82.0,150,82.1,15,,,,,,,,,,,,
2026-07-13T22:01:00.147407+00:00,2026-07-13T22:01:00.142418,4,3,81.75,0.1,81.7,50,81.6,4,81.5,150,81.3,100,,,,,,,,,,,,,81.8,89,81.9,1,82.0,150,,,,,,,,,,,,,,
2026-07-13T22:01:00.158466+00:00,2026-07-13T22:01:00.147807,4,4,81.75,0.1,81.7,50,81.6,4,81.5,150,81.3,100,,,,,,,,,,,,,81.8,89,81.9,1,82.0,150,82.2,15,,,,,,,,,,,,
2026-07-13T22:01:00.608818+00:00,2026-07-13T22:01:00.605178,3,3,81.75,0.1,81.7,50,81.6,4,81.3,100,,,,,,,,,,,,,,,81.8,89,81.9,1,82.2,15,,,,,,,,,,,,,,
2026-07-13T22:01:00.663033+00:00,2026-07-13T22:01:00.658432,3,3,81.75,0.1,81.7,50,81.6,154,81.3,100,,,,,,,,,,,,,,,81.8,89,81.9,1,82.2,15,,,,,,,,,,,,,,
2026-07-13T22:01:00.718705+00:00,2026-07-13T22:01:00.710879,3,4,81.75,0.1,81.7,50,81.6,154,81.3,100,,,,,,,,,,,,,,,81.8,89,81.9,1,82.1,150,82.2,15,,,,,,,,,,,,
2026-07-13T22:01:00.762113+00:00,2026-07-13T22:01:00.756632,2,4,81.7,0.2,81.6,154,81.3,100,,,,,,,,,,,,,,,,,81.8,89,81.9,1,82.1,150,82.2,15,,,,,,,,,,,,
2026-07-13T22:01:00.805876+00:00,2026-07-13T22:01:00.803632,2,3,81.7,0.2,81.6,204,81.3,100,,,,,,,,,,,,,,,,,81.8,89,81.9,1,82.1,200,,,,,,,,,,,,,,
2026-07-13T22:01:00.914047+00:00,2026-07-13T22:01:00.913084,2,2,81.7,0.2,81.6,204,81.3,100,,,,,,,,,,,,,,,,,81.8,89,82.1,200,,,,,,,,,,,,,,,,
2026-07-13T22:01:01.236100+00:00,2026-07-13T22:01:01.232667,2,2,81.7,0.2,81.6,154,81.3,100,,,,,,,,,,,,,,,,,81.8,89,82.1,200,,,,,,,,,,,,,,,,
2026-07-13T22:01:01.247085+00:00,2026-07-13T22:01:01.244146,3,3,81.7,0.2,81.6,154,81.5,50,81.3,100,,,,,,,,,,,,,,,81.8,89,81.9,50,82.1,150,,,,,,,,,,,,,,
2026-07-13T22:01:02.495262+00:00,2026-07-13T22:01:02.492022,2,2,81.7,0.2,81.6,154,81.3,100,,,,,,,,,,,,,,,,,81.8,89,82.1,150,,,,,,,,,,,,,,,,
2026-07-13T22:01:02.506288+00:00,2026-07-13T22:01:02.501139,2,3,81.7,0.2,81.6,204,81.3,100,,,,,,,,,,,,,,,,,81.8,89,82.0,50,82.1,150,,,,,,,,,,,,,,
2026-07-13T22:01:02.711042+00:00,2026-07-13T22:01:02.702860,2,3,81.7,0.2,81.6,204,81.3,100,,,,,,,,,,,,,,,,,81.8,42,82.0,50,82.1,150,,,,,,,,,,,,,,
2026-07-13T22:01:02.765837+00:00,2026-07-13T22:01:02.761610,2,3,81.7,0.2,81.6,157,81.3,100,,,,,,,,,,,,,,,,,81.8,42,82.0,50,82.1,150,,,,,,,,,,,,,,
2026-07-13T22:01:02.958931+00:00,2026-07-13T22:01:02.950090,1,2,81.8,0.4,81.6,157,,,,,,,,,,,,,,,,,,,82.0,50,82.1,150,,,,,,,,,,,,,,,,
2026-07-13T22:01:03.012055+00:00,2026-07-13T22:01:03.002023,2,2,81.85,0.3,81.7,100,81.6,157,,,,,,,,,,,,,,,,,82.0,50,82.1,150,,,,,,,,,,,,,,,,
2026-07-13T22:01:03.086778+00:00,2026-07-13T22:01:03.076425,2,3,81.85,0.3,81.7,100,81.6,157,,,,,,,,,,,,,,,,,82.0,50,82.1,150,82.2,100,,,,,,,,,,,,,,
2026-07-13T22:01:03.367786+00:00,2026-07-13T22:01:03.357808,2,3,81.85,0.3,81.7,60,81.6,157,,,,,,,,,,,,,,,,,82.0,50,82.1,150,82.2,100,,,,,,,,,,,,,,
2026-07-13T22:01:03.788587+00:00,2026-07-13T22:01:03.785422,2,2,81.85,0.3,81.7,60,81.5,50,,,,,,,,,,,,,,,,,82.0,50,82.2,100,,,,,,,,,,,,,,,,
2026-07-13T22:01:03.842475+00:00,2026-07-13T22:01:03.836199,3,2,81.85,0.3,81.7,60,81.5,50,81.3,150,,,,,,,,,,,,,,,82.0,50,82.2,100,,,,,,,,,,,,,,,,
2026-07-13T22:01:03.896759+00:00,2026-07-13T22:01:03.888758,3,3,81.75,0.1,81.7,60,81.5,50,81.3,150,,,,,,,,,,,,,,,81.8,150,82.0,50,82.2,100,,,,,,,,,,,,,,
2026-07-13T22:01:04.925765+00:00,2026-07-13T22:01:04.915990,3,3,81.75,0.1,81.7,60,81.5,50,81.3,150,,,,,,,,,,,,,,,81.8,100,82.0,50,82.2,100,,,,,,,,,,,,,,
2026-07-13T22:01:05.203942+00:00,2026-07-13T22:01:05.202319,3,2,81.75,0.1,81.7,60,81.5,50,81.3,150,,,,,,,,,,,,,,,81.8,100,82.2,100,,,,,,,,,,,,,,,,
2026-07-13T22:01:05.214660+00:00,2026-07-13T22:01:05.207318,3,3,81.75,0.1,81.7,60,81.5,50,81.3,150,,,,,,,,,,,,,,,81.8,100,81.9,50,82.2,100,,,,,,,,,,,,,,
2026-07-13T22:01:05.630625+00:00,2026-07-13T22:01:05.621855,4,3,81.75,0.1,81.7,60,81.6,5,81.5,50,81.3,150,,,,,,,,,,,,,81.8,100,81.9,50,82.2,100,,,,,,,,,,,,,,
2026-07-13T22:01:06.137114+00:00,2026-07-13T22:01:06.133230,3,2,81.7,0.2,81.6,5,81.5,50,81.3,150,,,,,,,,,,,,,,,81.8,100,81.9,50,,,,,,,,,,,,,,,,
2026-07-13T22:01:06.190379+00:00,2026-07-13T22:01:06.186006,3,2,81.7,0.2,81.6,5,81.5,150,81.3,150,,,,,,,,,,,,,,,81.8,100,81.9,50,,,,,,,,,,,,,,,,
2026-07-13T22:01:06.243801+00:00,2026-07-13T22:01:06.239657,3,3,81.7,0.2,81.6,5,81.5,150,81.3,150,,,,,,,,,,,,,,,81.8,100,81.9,50,82.0,100,,,,,,,,,,,,,,
2026-07-13T22:01:06.949680+00:00,2026-07-13T22:01:06.943922,2,2,81.75,0.3,81.6,5,81.5,150,,,,,,,,,,,,,,,,,81.9,50,82.0,100,,,,,,,,,,,,,,,,
2026-07-13T22:01:07.003438+00:00,2026-07-13T22:01:06.996492,3,2,81.75,0.3,81.6,5,81.5,150,81.4,150,,,,,,,,,,,,,,,81.9,50,82.0,100,,,,,,,,,,,,,,,,
2026-07-13T22:01:07.057121+00:00,2026-07-13T22:01:07.049358,3,2,81.75,0.3,81.6,5,81.5,150,81.4,150,,,,,,,,,,,,,,,81.9,200,82.0,100,,,,,,,,,,,,,,,,
2026-07-13T22:01:07.078748+00:00,2026-07-13T22:01:07.076702,2,2,81.7,0.4,81.5,105,81.4,150,,,,,,,,,,,,,,,,,81.9,200,82.0,100,,,,,,,,,,,,,,,,
2026-07-13T22:01:07.089813+00:00,2026-07-13T22:01:07.082589,2,2,81.7,0.4,81.5,105,81.4,150,,,,,,,,,,,,,,,,,81.9,150,82.0,150,,,,,,,,,,,,,,,,
2026-07-13T22:01:07.315813+00:00,2026-07-13T22:01:07.313768,2,2,81.7,0.4,81.5,100,81.4,150,,,,,,,,,,,,,,,,,81.9,150,82.0,100,,,,,,,,,,,,,,,,
2026-07-13T22:01:07.326917+00:00,2026-07-13T22:01:07.321539,2,2,81.7,0.4,81.5,100,81.4,200,,,,,,,,,,,,,,,,,81.9,200,82.0,100,,,,,,,,,,,,,,,,
2026-07-13T22:01:07.433990+00:00,2026-07-13T22:01:07.425744,3,2,81.75,0.3,81.6,5,81.5,100,81.4,200,,,,,,,,,,,,,,,81.9,200,82.0,100,,,,,,,,,,,,,,,,
2026-07-13T22:01:07.751060+00:00,2026-07-13T22:01:07.744863,3,2,81.75,0.3,81.6,5,81.5,150,81.4,150,,,,,,,,,,,,,,,81.9,200,82.0,100,,,,,,,,,,,,,,,,
2026-07-13T22:01:08.981375+00:00,2026-07-13T22:01:08.980402,3,2,81.75,0.3,81.6,5,81.5,100,81.4,150,,,,,,,,,,,,,,,81.9,150,82.0,100,,,,,,,,,,,,,,,,
2026-07-13T22:01:08.992150+00:00,2026-07-13T22:01:08.987409,4,3,81.7,0.2,81.6,5,81.5,100,81.4,150,81.3,50,,,,,,,,,,,,,81.8,50,81.9,150,82.0,100,,,,,,,,,,,,,,
2026-07-13T22:01:09.024439+00:00,2026-07-13T22:01:09.020226,4,3,81.7,0.2,81.6,5,81.5,100,81.4,150,81.3,50,,,,,,,,,,,,,81.8,1,81.9,150,82.0,100,,,,,,,,,,,,,,
2026-07-13T22:01:09.184691+00:00,2026-07-13T22:01:09.182965,3,3,81.65,0.3,81.5,55,81.4,150,81.3,50,,,,,,,,,,,,,,,81.8,1,81.9,150,82.0,100,,,,,,,,,,,,,,
2026-07-13T22:01:09.206342+00:00,2026-07-13T22:01:09.203412,2,3,81.65,0.3,81.5,55,81.4,200,,,,,,,,,,,,,,,,,81.8,1,81.9,150,82.0,100,,,,,,,,,,,,,,
2026-07-13T22:01:09.302621+00:00,2026-07-13T22:01:09.294935,1,2,81.6,0.4,81.4,200,,,,,,,,,,,,,,,,,,,81.8,1,81.9,150,,,,,,,,,,,,,,,,
2026-07-13T22:01:09.356639+00:00,2026-07-13T22:01:09.347477,2,2,81.6,0.4,81.4,200,81.2,100,,,,,,,,,,,,,,,,,81.8,1,81.9,150,,,,,,,,,,,,,,,,
2026-07-13T22:01:09.399728+00:00,2026-07-13T22:01:09.397426,3,2,81.7,0.2,81.6,5,81.4,200,81.2,100,,,,,,,,,,,,,,,81.8,1,81.9,150,,,,,,,,,,,,,,,,
2026-07-13T22:01:09.410555+00:00,2026-07-13T22:01:09.400364,3,3,81.65,0.1,81.6,5,81.4,200,81.2,100,,,,,,,,,,,,,,,81.7,100,81.8,1,81.9,150,,,,,,,,,,,,,,
2026-07-13T22:01:10.108861+00:00,2026-07-13T22:01:10.105861,3,2,81.65,0.1,81.6,5,81.4,50,81.2,100,,,,,,,,,,,,,,,81.7,100,81.8,1,,,,,,,,,,,,,,,,
2026-07-13T22:01:10.161937+00:00,2026-07-13T22:01:10.159127,4,2,81.65,0.1,81.6,5,81.4,50,81.3,150,81.2,100,,,,,,,,,,,,,81.7,100,81.8,1,,,,,,,,,,,,,,,,
2026-07-13T22:01:10.194181+00:00,2026-07-13T22:01:10.184853,3,2,81.55,0.3,81.4,6,81.3,150,81.2,100,,,,,,,,,,,,,,,81.7,100,81.8,1,,,,,,,,,,,,,,,,
2026-07-13T22:01:10.215840+00:00,2026-07-13T22:01:10.212921,3,2,81.55,0.3,81.4,6,81.3,150,81.2,100,,,,,,,,,,,,,,,81.7,100,81.8,151,,,,,,,,,,,,,,,,
2026-07-13T22:01:10.280787+00:00,2026-07-13T22:01:10.279542,3,2,81.55,0.3,81.4,6,81.3,150,81.2,100,,,,,,,,,,,,,,,81.7,97,81.8,151,,,,,,,,,,,,,,,,
2026-07-13T22:01:10.291734+00:00,2026-07-13T22:01:10.289780,2,2,81.5,0.4,81.3,200,81.2,100,,,,,,,,,,,,,,,,,81.7,97,81.8,150,,,,,,,,,,,,,,,,
2026-07-13T22:01:10.305030+00:00,2026-07-13T22:01:10.293072,2,2,81.5,0.4,81.3,200,81.2,100,,,,,,,,,,,,,,,,,81.7,147,81.8,150,,,,,,,,,,,,,,,,
2026-07-13T22:01:10.327138+00:00,2026-07-13T22:01:10.321106,3,2,81.65,0.1,81.6,5,81.3,200,81.2,100,,,,,,,,,,,,,,,81.7,147,81.8,150,,,,,,,,,,,,,,,,
2026-07-13T22:01:10.360148+00:00,2026-07-13T22:01:10.352872,3,2,81.65,0.1,81.6,5,81.3,200,81.2,100,,,,,,,,,,,,,,,81.7,34,81.8,150,,,,,,,,,,,,,,,,
2026-07-13T22:01:10.559427+00:00,2026-07-13T22:01:10.556596,4,1,81.75,0.1,81.7,50,81.6,5,81.3,150,81.2,100,,,,,,,,,,,,,81.8,150,,,,,,,,,,,,,,,,,,
2026-07-13T22:01:10.570426+00:00,2026-07-13T22:01:10.562624,4,2,81.75,0.1,81.7,50,81.6,5,81.3,150,81.2,100,,,,,,,,,,,,,81.8,150,82.1,50,,,,,,,,,,,,,,,,
2026-07-13T22:01:10.792188+00:00,2026-07-13T22:01:10.789718,4,1,81.7,0.2,81.6,5,81.5,50,81.3,150,81.2,100,,,,,,,,,,,,,81.8,150,,,,,,,,,,,,,,,,,,
2026-07-13T22:01:10.802951+00:00,2026-07-13T22:01:10.793462,4,2,81.7,0.2,81.6,5,81.5,50,81.3,150,81.2,100,,,,,,,,,,,,,81.8,150,82.0,50,,,,,,,,,,,,,,,,
2026-07-13T22:01:11.299929+00:00,2026-07-13T22:01:11.289651,3,2,81.65,0.3,81.5,5,81.3,150,81.2,100,,,,,,,,,,,,,,,81.8,150,82.0,50,,,,,,,,,,,,,,,,
2026-07-13T22:01:11.416903+00:00,2026-07-13T22:01:11.415848,3,1,81.6,0.4,81.4,50,81.3,150,81.2,100,,,,,,,,,,,,,,,81.8,150,,,,,,,,,,,,,,,,,,
2026-07-13T22:01:11.427553+00:00,2026-07-13T22:01:11.419153,3,2,81.6,0.4,81.4,50,81.3,150,81.2,100,,,,,,,,,,,,,,,81.8,150,81.9,50,,,,,,,,,,,,,,,,
2026-07-13T22:01:12.462056+00:00,2026-07-13T22:01:12.453874,2,2,81.6,0.4,81.4,50,81.3,150,,,,,,,,,,,,,,,,,81.8,150,81.9,50,,,,,,,,,,,,,,,,
2026-07-13T22:01:12.509538+00:00,2026-07-13T22:01:12.505707,3,2,81.75,0.1,81.7,100,81.4,50,81.3,150,,,,,,,,,,,,,,,81.8,150,81.9,50,,,,,,,,,,,,,,,,
2026-07-13T22:01:12.563142+00:00,2026-07-13T22:01:12.560795,3,3,81.75,0.1,81.7,100,81.4,50,81.3,150,,,,,,,,,,,,,,,81.8,150,81.9,50,82.2,100,,,,,,,,,,,,,,
2026-07-13T22:01:12.691609+00:00,2026-07-13T22:01:12.691104,2,3,81.75,0.1,81.7,100,81.3,150,,,,,,,,,,,,,,,,,81.8,150,81.9,50,82.2,100,,,,,,,,,,,,,,
2026-07-13T22:01:12.702300+00:00,2026-07-13T22:01:12.695120,3,3,81.75,0.1,81.7,100,81.5,50,81.3,150,,,,,,,,,,,,,,,81.8,150,81.9,50,82.2,100,,,,,,,,,,,,,,
2026-07-13T22:01:13.111285+00:00,2026-07-13T22:01:13.107036,2,3,81.75,0.1,81.7,100,81.3,150,,,,,,,,,,,,,,,,,81.8,150,81.9,50,82.2,100,,,,,,,,,,,,,,
2026-07-13T22:01:13.122278+00:00,2026-07-13T22:01:13.111593,3,3,81.75,0.1,81.7,100,81.4,50,81.3,150,,,,,,,,,,,,,,,81.8,150,81.9,50,82.2,100,,,,,,,,,,,,,,
2026-07-13T22:01:13.272346+00:00,2026-07-13T22:01:13.267903,2,2,81.8,0.2,81.7,100,81.4,50,,,,,,,,,,,,,,,,,81.9,50,82.2,100,,,,,,,,,,,,,,,,
2026-07-13T22:01:13.325708+00:00,2026-07-13T22:01:13.321617,3,2,81.9,0.4,81.7,100,81.5,150,81.4,50,,,,,,,,,,,,,,,82.1,50,82.2,100,,,,,,,,,,,,,,,,
2026-07-13T22:01:13.336440+00:00,2026-07-13T22:01:13.326279,3,2,81.9,0.4,81.7,100,81.5,150,81.4,50,,,,,,,,,,,,,,,82.1,1,82.2,100,,,,,,,,,,,,,,,,
2026-07-13T22:01:13.347210+00:00,2026-07-13T22:01:13.346163,3,1,81.95,0.5,81.7,100,81.5,150,81.4,50,,,,,,,,,,,,,,,82.2,51,,,,,,,,,,,,,,,,,,
2026-07-13T22:01:13.379586+00:00,2026-07-13T22:01:13.372537,3,2,81.85,0.3,81.7,100,81.5,150,81.4,50,,,,,,,,,,,,,,,82.0,150,82.2,51,,,,,,,,,,,,,,,,
2026-07-13T22:01:13.433035+00:00,2026-07-13T22:01:13.425501,4,2,81.85,0.3,81.7,100,81.6,5,81.5,150,81.4,50,,,,,,,,,,,,,82.0,150,82.2,51,,,,,,,,,,,,,,,,
2026-07-13T22:01:13.550146+00:00,2026-07-13T22:01:13.548761,3,2,81.85,0.3,81.7,100,81.6,5,81.5,200,,,,,,,,,,,,,,,82.0,150,82.2,51,,,,,,,,,,,,,,,,
2026-07-13T22:01:13.598281+00:00,2026-07-13T22:01:13.583736,3,2,81.85,0.3,81.7,100,81.6,5,81.5,200,,,,,,,,,,,,,,,82.0,200,82.2,51,,,,,,,,,,,,,,,,
2026-07-13T22:01:14.017455+00:00,2026-07-13T22:01:14.009824,3,2,81.85,0.3,81.7,100,81.6,5,81.5,150,,,,,,,,,,,,,,,82.0,200,82.2,51,,,,,,,,,,,,,,,,
2026-07-13T22:01:14.028474+00:00,2026-07-13T22:01:14.020876,3,2,81.85,0.3,81.7,80,81.6,5,81.5,200,,,,,,,,,,,,,,,82.0,200,82.2,51,,,,,,,,,,,,,,,,
2026-07-13T22:01:14.223646+00:00,2026-07-13T22:01:14.222456,3,2,81.85,0.3,81.7,66,81.6,5,81.5,200,,,,,,,,,,,,,,,82.0,200,82.2,51,,,,,,,,,,,,,,,,
2026-07-13T22:01:14.234757+00:00,2026-07-13T22:01:14.233942,3,2,81.85,0.3,81.7,47,81.6,5,81.5,150,,,,,,,,,,,,,,,82.0,150,82.2,51,,,,,,,,,,,,,,,,
2026-07-13T22:01:14.245667+00:00,2026-07-13T22:01:14.243150,4,3,81.8,0.2,81.7,47,81.6,5,81.5,150,81.4,50,,,,,,,,,,,,,81.9,45,82.0,150,82.2,51,,,,,,,,,,,,,,
2026-07-13T22:01:14.309896+00:00,2026-07-13T22:01:14.306676,4,4,81.75,0.1,81.7,47,81.6,5,81.5,150,81.4,50,,,,,,,,,,,,,81.8,100,81.9,45,82.0,150,82.2,51,,,,,,,,,,,,
2026-07-13T22:01:14.450043+00:00,2026-07-13T22:01:14.447493,4,3,81.75,0.1,81.7,47,81.6,5,81.5,150,81.4,50,,,,,,,,,,,,,81.8,100,82.0,150,82.2,51,,,,,,,,,,,,,,
2026-07-13T22:01:14.460786+00:00,2026-07-13T22:01:14.451756,4,3,81.75,0.1,81.7,47,81.6,5,81.5,150,81.4,50,,,,,,,,,,,,,81.8,145,82.0,150,82.2,51,,,,,,,,,,,,,,
2026-07-13T22:01:14.525405+00:00,2026-07-13T22:01:14.521378,3,4,81.65,0.1,81.6,5,81.5,150,81.4,50,,,,,,,,,,,,,,,81.7,53,81.8,45,82.0,150,82.2,51,,,,,,,,,,,,
2026-07-13T22:01:15.394456+00:00,2026-07-13T22:01:15.385400,2,4,81.6,0.2,81.5,115,81.4,50,,,,,,,,,,,,,,,,,81.7,53,81.8,45,82.0,150,82.2,51,,,,,,,,,,,,
2026-07-13T22:01:15.437741+00:00,2026-07-13T22:01:15.427709,2,3,81.65,0.3,81.5,115,81.4,50,,,,,,,,,,,,,,,,,81.8,45,82.0,150,82.2,51,,,,,,,,,,,,,,
2026-07-13T22:01:15.535559+00:00,2026-07-13T22:01:15.532211,1,2,81.75,0.5,81.5,115,,,,,,,,,,,,,,,,,,,82.0,150,82.2,51,,,,,,,,,,,,,,,,
2026-07-13T22:01:15.546584+00:00,2026-07-13T22:01:15.544330,2,2,81.8,0.4,81.6,50,81.5,115,,,,,,,,,,,,,,,,,82.0,195,82.2,51,,,,,,,,,,,,,,,,
2026-07-13T22:01:15.623226+00:00,2026-07-13T22:01:15.613533,2,1,81.8,0.4,81.6,50,81.5,115,,,,,,,,,,,,,,,,,82.0,195,,,,,,,,,,,,,,,,,,
2026-07-13T22:01:15.678140+00:00,2026-07-13T22:01:15.667443,2,1,81.8,0.4,81.6,50,81.5,215,,,,,,,,,,,,,,,,,82.0,195,,,,,,,,,,,,,,,,,,
2026-07-13T22:01:15.722274+00:00,2026-07-13T22:01:15.719838,2,1,81.8,0.4,81.6,50,81.5,215,,,,,,,,,,,,,,,,,82.0,295,,,,,,,,,,,,,,,,,,
2026-07-13T22:01:15.993928+00:00,2026-07-13T22:01:15.992605,2,1,81.8,0.4,81.6,50,81.5,215,,,,,,,,,,,,,,,,,82.0,250,,,,,,,,,,,,,,,,,,
2026-07-13T22:01:16.005073+00:00,2026-07-13T22:01:15.996576,2,2,81.8,0.4,81.6,50,81.5,215,,,,,,,,,,,,,,,,,82.0,250,82.1,45,,,,,,,,,,,,,,,,
2026-07-13T22:01:16.435223+00:00,2026-07-13T22:01:16.429583,2,2,81.8,0.4,81.6,50,81.5,100,,,,,,,,,,,,,,,,,82.0,100,82.1,45,,,,,,,,,,,,,,,,
2026-07-13T22:01:16.488427+00:00,2026-07-13T22:01:16.482845,3,2,81.8,0.4,81.6,50,81.5,100,81.3,150,,,,,,,,,,,,,,,82.0,100,82.1,45,,,,,,,,,,,,,,,,
2026-07-13T22:01:16.542117+00:00,2026-07-13T22:01:16.535941,3,3,81.7,0.2,81.6,50,81.5,100,81.3,150,,,,,,,,,,,,,,,81.8,150,82.0,100,82.1,45,,,,,,,,,,,,,,
2026-07-13T22:01:16.618134+00:00,2026-07-13T22:01:16.612951,3,4,81.7,0.2,81.6,50,81.5,100,81.3,150,,,,,,,,,,,,,,,81.8,150,81.9,4,82.0,100,82.1,45,,,,,,,,,,,,
2026-07-13T22:01:16.845482+00:00,2026-07-13T22:01:16.843973,2,3,81.65,0.3,81.5,100,81.3,150,,,,,,,,,,,,,,,,,81.8,150,81.9,4,82.0,100,,,,,,,,,,,,,,
2026-07-13T22:01:16.856546+00:00,2026-07-13T22:01:16.851258,3,3,81.65,0.3,81.5,100,81.4,50,81.3,150,,,,,,,,,,,,,,,81.8,195,81.9,4,82.0,100,,,,,,,,,,,,,,
2026-07-13T22:01:17.612367+00:00,2026-07-13T22:01:17.607128,3,3,81.65,0.3,81.5,50,81.4,50,81.3,150,,,,,,,,,,,,,,,81.8,195,81.9,4,82.0,100,,,,,,,,,,,,,,
2026-07-13T22:01:18.148326+00:00,2026-07-13T22:01:18.147069,3,3,81.65,0.3,81.5,50,81.4,50,81.3,150,,,,,,,,,,,,,,,81.8,184,81.9,4,82.0,100,,,,,,,,,,,,,,
2026-07-13T22:01:18.330052+00:00,2026-07-13T22:01:18.326244,2,3,81.65,0.3,81.5,50,81.3,150,,,,,,,,,,,,,,,,,81.8,139,81.9,4,82.0,100,,,,,,,,,,,,,,
2026-07-13T22:01:18.341045+00:00,2026-07-13T22:01:18.333421,3,4,81.7,0.2,81.6,50,81.5,50,81.3,150,,,,,,,,,,,,,,,81.8,139,81.9,4,82.0,100,82.1,45,,,,,,,,,,,,
2026-07-13T22:01:18.444442+00:00,2026-07-13T22:01:18.434290,3,4,81.7,0.2,81.6,50,81.5,52,81.3,150,,,,,,,,,,,,,,,81.8,139,81.9,4,82.0,100,82.1,45,,,,,,,,,,,,
2026-07-13T22:01:18.649434+00:00,2026-07-13T22:01:18.641914,3,4,81.7,0.2,81.6,50,81.5,52,81.3,150,,,,,,,,,,,,,,,81.8,95,81.9,4,82.0,100,82.1,45,,,,,,,,,,,,
2026-07-13T22:01:18.780584+00:00,2026-07-13T22:01:18.776612,3,3,81.7,0.2,81.6,50,81.5,2,81.3,150,,,,,,,,,,,,,,,81.8,95,81.9,4,82.1,45,,,,,,,,,,,,,,
2026-07-13T22:01:18.835267+00:00,2026-07-13T22:01:18.829333,4,3,81.7,0.2,81.6,50,81.5,2,81.4,100,81.3,150,,,,,,,,,,,,,81.8,95,81.9,4,82.1,45,,,,,,,,,,,,,,
2026-07-13T22:01:18.889028+00:00,2026-07-13T22:01:18.882024,4,3,81.7,0.2,81.6,50,81.5,2,81.4,100,81.3,150,,,,,,,,,,,,,81.8,95,81.9,104,82.1,45,,,,,,,,,,,,,,
2026-07-13T22:01:19.161685+00:00,2026-07-13T22:01:19.159143,4,3,81.7,0.2,81.6,50,81.5,2,81.4,100,81.3,150,,,,,,,,,,,,,81.8,95,81.9,104,82.0,45,,,,,,,,,,,,,,
2026-07-13T22:01:19.568686+00:00,2026-07-13T22:01:19.566856,3,2,81.65,0.3,81.5,2,81.4,100,81.3,150,,,,,,,,,,,,,,,81.8,95,81.9,104,,,,,,,,,,,,,,,,
2026-07-13T22:01:19.579654+00:00,2026-07-13T22:01:19.572979,3,2,81.65,0.3,81.5,2,81.4,150,81.3,150,,,,,,,,,,,,,,,81.8,140,81.9,104,,,,,,,,,,,,,,,,
2026-07-13T22:01:19.601292+00:00,2026-07-13T22:01:19.591667,2,2,81.65,0.3,81.5,2,81.4,150,,,,,,,,,,,,,,,,,81.8,45,81.9,104,,,,,,,,,,,,,,,,
2026-07-13T22:01:19.655667+00:00,2026-07-13T22:01:19.644965,2,2,81.65,0.3,81.5,2,81.4,300,,,,,,,,,,,,,,,,,81.8,45,81.9,104,,,,,,,,,,,,,,,,
2026-07-13T22:01:19.703421+00:00,2026-07-13T22:01:19.697367,2,2,81.65,0.3,81.5,2,81.4,300,,,,,,,,,,,,,,,,,81.8,45,81.9,254,,,,,,,,,,,,,,,,
2026-07-13T22:01:19.725377+00:00,2026-07-13T22:01:19.716940,1,2,81.6,0.4,81.4,252,,,,,,,,,,,,,,,,,,,81.8,45,81.9,254,,,,,,,,,,,,,,,,
2026-07-13T22:01:20.395950+00:00,2026-07-13T22:01:20.385623,1,2,81.6,0.4,81.4,252,,,,,,,,,,,,,,,,,,,81.8,45,81.9,252,,,,,,,,,,,,,,,,
2026-07-13T22:01:20.723993+00:00,2026-07-13T22:01:20.717461,1,1,81.65,0.5,81.4,252,,,,,,,,,,,,,,,,,,,81.9,252,,,,,,,,,,,,,,,,,,
2026-07-13T22:01:20.806449+00:00,2026-07-13T22:01:20.805379,1,1,81.65,0.5,81.4,202,,,,,,,,,,,,,,,,,,,81.9,252,,,,,,,,,,,,,,,,,,
2026-07-13T22:01:20.817491+00:00,2026-07-13T22:01:20.809233,2,1,81.7,0.4,81.5,50,81.4,202,,,,,,,,,,,,,,,,,81.9,252,,,,,,,,,,,,,,,,,,
2026-07-13T22:01:21.824320+00:00,2026-07-13T22:01:21.823464,1,1,81.65,0.5,81.4,202,,,,,,,,,,,,,,,,,,,81.9,252,,,,,,,,,,,,,,,,,,
2026-07-13T22:01:21.899114+00:00,2026-07-13T22:01:21.896850,1,1,81.65,0.5,81.4,252,,,,,,,,,,,,,,,,,,,81.9,252,,,,,,,,,,,,,,,,,,
2026-07-13T22:01:21.909814+00:00,2026-07-13T22:01:21.900194,1,1,81.65,0.5,81.4,252,,,,,,,,,,,,,,,,,,,81.9,302,,,,,,,,,,,,,,,,,,
2026-07-13T22:01:21.942168+00:00,2026-07-13T22:01:21.937115,1,1,81.65,0.5,81.4,200,,,,,,,,,,,,,,,,,,,81.9,202,,,,,,,,,,,,,,,,,,
2026-07-13T22:01:21.996760+00:00,2026-07-13T22:01:21.989564,2,1,81.65,0.5,81.4,200,81.1,100,,,,,,,,,,,,,,,,,81.9,202,,,,,,,,,,,,,,,,,,
2026-07-13T22:01:22.063064+00:00,2026-07-13T22:01:22.054901,2,2,81.5,0.2,81.4,200,81.1,100,,,,,,,,,,,,,,,,,81.6,100,81.9,202,,,,,,,,,,,,,,,,
2026-07-13T22:01:22.117198+00:00,2026-07-13T22:01:22.114511,2,2,81.5,0.2,81.4,150,81.1,100,,,,,,,,,,,,,,,,,81.6,100,81.9,202,,,,,,,,,,,,,,,,
2026-07-13T22:01:22.128246+00:00,2026-07-13T22:01:22.126348,3,2,81.5,0.2,81.4,150,81.2,50,81.1,100,,,,,,,,,,,,,,,81.6,150,81.9,152,,,,,,,,,,,,,,,,
2026-07-13T22:01:22.665491+00:00,2026-07-13T22:01:22.658790,3,2,81.5,0.2,81.4,107,81.2,50,81.1,100,,,,,,,,,,,,,,,81.6,150,81.9,152,,,,,,,,,,,,,,,,
2026-07-13T22:01:22.752567+00:00,2026-07-13T22:01:22.750974,3,2,81.5,0.2,81.4,107,81.2,50,81.1,100,,,,,,,,,,,,,,,81.6,150,81.9,2,,,,,,,,,,,,,,,,
2026-07-13T22:01:22.763606+00:00,2026-07-13T22:01:22.753002,2,2,81.4,0.4,81.2,50,81.1,100,,,,,,,,,,,,,,,,,81.6,150,81.9,2,,,,,,,,,,,,,,,,
2026-07-13T22:01:22.806686+00:00,2026-07-13T22:01:22.805116,3,2,81.4,0.4,81.2,50,81.1,100,81.0,150,,,,,,,,,,,,,,,81.6,150,81.9,2,,,,,,,,,,,,,,,,
2026-07-13T22:01:22.860611+00:00,2026-07-13T22:01:22.857804,3,3,81.35,0.3,81.2,50,81.1,100,81.0,150,,,,,,,,,,,,,,,81.5,150,81.6,150,81.9,2,,,,,,,,,,,,,,
2026-07-13T22:01:23.942306+00:00,2026-07-13T22:01:23.937963,2,3,81.3,0.4,81.1,100,81.0,150,,,,,,,,,,,,,,,,,81.5,150,81.6,150,81.9,2,,,,,,,,,,,,,,
2026-07-13T22:01:23.986208+00:00,2026-07-13T22:01:23.984351,2,3,81.3,0.4,81.1,150,81.0,150,,,,,,,,,,,,,,,,,81.5,200,81.6,100,81.9,2,,,,,,,,,,,,,,
2026-07-13T22:01:24.362499+00:00,2026-07-13T22:01:24.360964,2,3,81.3,0.4,81.1,150,81.0,150,,,,,,,,,,,,,,,,,81.5,153,81.6,100,81.9,2,,,,,,,,,,,,,,
2026-07-13T22:01:24.430026+00:00,2026-07-13T22:01:24.419555,2,3,81.3,0.4,81.1,150,81.0,150,,,,,,,,,,,,,,,,,81.5,152,81.6,100,81.9,2,,,,,,,,,,,,,,
2026-07-13T22:01:24.560289+00:00,2026-07-13T22:01:24.549773,2,3,81.3,0.4,81.1,150,81.0,150,,,,,,,,,,,,,,,,,81.5,151,81.6,100,81.9,2,,,,,,,,,,,,,,
2026-07-13T22:01:24.818648+00:00,2026-07-13T22:01:24.817615,2,3,81.3,0.4,81.1,100,81.0,150,,,,,,,,,,,,,,,,,81.5,151,81.6,100,81.9,2,,,,,,,,,,,,,,
2026-07-13T22:01:24.829514+00:00,2026-07-13T22:01:24.828425,3,4,81.35,0.3,81.2,50,81.1,100,81.0,150,,,,,,,,,,,,,,,81.5,101,81.6,100,81.7,50,81.9,2,,,,,,,,,,,,
2026-07-13T22:01:24.893856+00:00,2026-07-13T22:01:24.884552,3,3,81.35,0.3,81.2,50,81.1,100,81.0,150,,,,,,,,,,,,,,,81.5,101,81.6,100,81.7,50,,,,,,,,,,,,,,
2026-07-13T22:01:25.109725+00:00,2026-07-13T22:01:25.109198,2,2,81.35,0.3,81.2,50,81.0,150,,,,,,,,,,,,,,,,,81.5,101,81.7,50,,,,,,,,,,,,,,,,
2026-07-13T22:01:25.163124+00:00,2026-07-13T22:01:25.161302,2,2,81.35,0.3,81.2,50,81.0,250,,,,,,,,,,,,,,,,,81.5,101,81.7,50,,,,,,,,,,,,,,,,
2026-07-13T22:01:25.216674+00:00,2026-07-13T22:01:25.215058,2,2,81.35,0.3,81.2,50,81.0,250,,,,,,,,,,,,,,,,,81.5,201,81.7,50,,,,,,,,,,,,,,,,
2026-07-13T22:01:25.248975+00:00,2026-07-13T22:01:25.246690,2,2,81.3,0.4,81.1,50,81.0,250,,,,,,,,,,,,,,,,,81.5,201,81.7,50,,,,,,,,,,,,,,,,
2026-07-13T22:01:25.825941+00:00,2026-07-13T22:01:25.815849,2,2,81.3,0.4,81.1,50,81.0,250,,,,,,,,,,,,,,,,,81.5,201,81.7,56,,,,,,,,,,,,,,,,
2026-07-13T22:01:25.921533+00:00,2026-07-13T22:01:25.914544,2,2,81.3,0.4,81.1,50,81.0,100,,,,,,,,,,,,,,,,,81.5,100,81.7,56,,,,,,,,,,,,,,,,
2026-07-13T22:01:25.975003+00:00,2026-07-13T22:01:25.966989,3,2,81.45,0.1,81.4,150,81.1,50,81.0,100,,,,,,,,,,,,,,,81.5,100,81.7,56,,,,,,,,,,,,,,,,
2026-07-13T22:01:26.028917+00:00,2026-07-13T22:01:26.024522,3,3,81.45,0.1,81.4,108,81.1,50,81.0,100,,,,,,,,,,,,,,,81.5,100,81.7,56,81.9,150,,,,,,,,,,,,,,
2026-07-13T22:01:26.050567+00:00,2026-07-13T22:01:26.044988,3,3,81.45,0.1,81.4,58,81.1,50,81.0,100,,,,,,,,,,,,,,,81.5,100,81.7,56,81.9,150,,,,,,,,,,,,,,
2026-07-13T22:01:26.093557+00:00,2026-07-13T22:01:26.091156,3,3,81.45,0.1,81.4,58,81.1,50,81.0,100,,,,,,,,,,,,,,,81.5,150,81.7,6,81.9,150,,,,,,,,,,,,,,
2026-07-13T22:01:26.369213+00:00,2026-07-13T22:01:26.366269,3,3,81.45,0.1,81.4,27,81.1,50,81.0,100,,,,,,,,,,,,,,,81.5,150,81.7,6,81.9,150,,,,,,,,,,,,,,
2026-07-13T22:01:26.508360+00:00,2026-07-13T22:01:26.503182,2,3,81.45,0.1,81.4,27,81.0,100,,,,,,,,,,,,,,,,,81.5,150,81.7,6,81.9,150,,,,,,,,,,,,,,
2026-07-13T22:01:26.519359+00:00,2026-07-13T22:01:26.512906,2,3,81.3,0.4,81.1,50,81.0,100,,,,,,,,,,,,,,,,,81.5,150,81.7,6,81.9,150,,,,,,,,,,,,,,
2026-07-13T22:01:26.947776+00:00,2026-07-13T22:01:26.941057,2,4,81.3,0.4,81.1,50,81.0,100,,,,,,,,,,,,,,,,,81.5,100,81.7,6,81.8,50,81.9,150,,,,,,,,,,,,
2026-07-13T22:01:27.161443+00:00,2026-07-13T22:01:27.157305,2,3,81.3,0.4,81.1,50,81.0,100,,,,,,,,,,,,,,,,,81.5,100,81.7,6,81.9,200,,,,,,,,,,,,,,
2026-07-13T22:01:27.314391+00:00,2026-07-13T22:01:27.313072,2,3,81.3,0.4,81.1,50,81.0,100,,,,,,,,,,,,,,,,,81.5,97,81.7,6,81.9,200,,,,,,,,,,,,,,
2026-07-13T22:01:27.336021+00:00,2026-07-13T22:01:27.325460,3,3,81.35,0.3,81.2,100,81.1,50,81.0,100,,,,,,,,,,,,,,,81.5,97,81.7,6,81.9,200,,,,,,,,,,,,,,
2026-07-13T22:01:27.367964+00:00,2026-07-13T22:01:27.367371,3,3,81.35,0.3,81.2,100,81.1,50,81.0,100,,,,,,,,,,,,,,,81.5,47,81.7,6,81.9,150,,,,,,,,,,,,,,
2026-07-13T22:01:27.378651+00:00,2026-07-13T22:01:27.377966,3,3,81.4,0.2,81.3,50,81.2,100,81.0,100,,,,,,,,,,,,,,,81.5,47,81.7,6,81.9,200,,,,,,,,,,,,,,
2026-07-13T22:01:27.442764+00:00,2026-07-13T22:01:27.438623,2,3,81.4,0.2,81.3,50,81.0,100,,,,,,,,,,,,,,,,,81.5,47,81.7,4,81.9,200,,,,,,,,,,,,,,
2026-07-13T22:01:27.453657+00:00,2026-07-13T22:01:27.448719,3,3,81.45,0.1,81.4,100,81.3,50,81.0,100,,,,,,,,,,,,,,,81.5,47,81.7,4,81.9,200,,,,,,,,,,,,,,
2026-07-13T22:01:27.604739+00:00,2026-07-13T22:01:27.599973,2,3,81.45,0.1,81.4,100,81.0,100,,,,,,,,,,,,,,,,,81.5,47,81.7,4,81.9,200,,,,,,,,,,,,,,
2026-07-13T22:01:27.615425+00:00,2026-07-13T22:01:27.605024,3,2,81.6,0.2,81.5,3,81.4,100,81.0,100,,,,,,,,,,,,,,,81.7,4,81.9,200,,,,,,,,,,,,,,,,
2026-07-13T22:01:27.657804+00:00,2026-07-13T22:01:27.655251,3,2,81.65,0.1,81.6,39,81.5,3,81.0,100,,,,,,,,,,,,,,,81.7,4,81.9,200,,,,,,,,,,,,,,,,
2026-07-13T22:01:27.970393+00:00,2026-07-13T22:01:27.964589,1,2,81.35,0.7,81.0,100,,,,,,,,,,,,,,,,,,,81.7,4,81.9,200,,,,,,,,,,,,,,,,
2026-07-13T22:01:28.045128+00:00,2026-07-13T22:01:28.040870,2,3,81.4,0.6,81.1,17,81.0,100,,,,,,,,,,,,,,,,,81.7,4,81.8,50,81.9,150,,,,,,,,,,,,,,
2026-07-13T22:01:28.163169+00:00,2026-07-13T22:01:28.157740,1,3,81.35,0.7,81.0,67,,,,,,,,,,,,,,,,,,,81.7,4,81.8,50,81.9,150,,,,,,,,,,,,,,
2026-07-13T22:01:28.269326+00:00,2026-07-13T22:01:28.268195,0,3,,,,,,,,,,,,,,,,,,,,,,,81.7,4,81.8,50,81.9,150,,,,,,,,,,,,,,
2026-07-13T22:01:28.322277+00:00,2026-07-13T22:01:28.320956,1,3,81.6,0.2,81.5,100,,,,,,,,,,,,,,,,,,,81.7,4,81.8,50,81.9,150,,,,,,,,,,,,,,
2026-07-13T22:01:28.375533+00:00,2026-07-13T22:01:28.373787,1,4,81.6,0.2,81.5,100,,,,,,,,,,,,,,,,,,,81.7,4,81.8,50,81.9,150,82.0,100,,,,,,,,,,,,
2026-07-13T22:01:29.081489+00:00,2026-07-13T22:01:29.074017,1,3,81.6,0.2,81.5,100,,,,,,,,,,,,,,,,,,,81.7,4,81.8,50,82.0,100,,,,,,,,,,,,,,
2026-07-13T22:01:29.135128+00:00,2026-07-13T22:01:29.127128,2,3,81.6,0.2,81.5,100,81.0,150,,,,,,,,,,,,,,,,,81.7,4,81.8,50,82.0,100,,,,,,,,,,,,,,
2026-07-13T22:01:29.188657+00:00,2026-07-13T22:01:29.181747,1,4,81.25,0.5,81.0,150,,,,,,,,,,,,,,,,,,,81.5,50,81.7,4,81.8,50,82.0,100,,,,,,,,,,,,
2026-07-13T22:01:29.252662+00:00,2026-07-13T22:01:29.245523,2,4,81.3,0.4,81.1,39,81.0,150,,,,,,,,,,,,,,,,,81.5,50,81.7,4,81.8,50,82.0,100,,,,,,,,,,,,
2026-07-13T22:01:29.476803+00:00,2026-07-13T22:01:29.466403,2,4,81.3,0.4,81.1,39,81.0,150,,,,,,,,,,,,,,,,,81.5,5,81.7,4,81.8,50,82.0,100,,,,,,,,,,,,
2026-07-13T22:01:29.711919+00:00,2026-07-13T22:01:29.709414,2,3,81.4,0.6,81.1,39,81.0,150,,,,,,,,,,,,,,,,,81.7,4,81.8,50,82.0,100,,,,,,,,,,,,,,
2026-07-13T22:01:29.754306+00:00,2026-07-13T22:01:29.750586,1,3,81.35,0.7,81.0,150,,,,,,,,,,,,,,,,,,,81.7,4,81.8,50,82.0,100,,,,,,,,,,,,,,
2026-07-13T22:01:29.989374+00:00,2026-07-13T22:01:29.980396,1,3,81.35,0.7,81.0,150,,,,,,,,,,,,,,,,,,,81.7,2,81.8,50,82.0,100,,,,,,,,,,,,,,
2026-07-13T22:01:31.221254+00:00,2026-07-13T22:01:31.220656,1,1,81.5,1.0,81.0,150,,,,,,,,,,,,,,,,,,,82.0,100,,,,,,,,,,,,,,,,,,
2026-07-13T22:01:31.232077+00:00,2026-07-13T22:01:31.224642,1,2,81.45,0.9,81.0,150,,,,,,,,,,,,,,,,,,,81.9,50,82.0,100,,,,,,,,,,,,,,,,
2026-07-13T22:01:31.434581+00:00,2026-07-13T22:01:31.427199,1,1,81.45,0.9,81.0,150,,,,,,,,,,,,,,,,,,,81.9,50,,,,,,,,,,,,,,,,,,
2026-07-13T22:01:31.488077+00:00,2026-07-13T22:01:31.481572,1,1,81.45,0.9,81.0,250,,,,,,,,,,,,,,,,,,,81.9,50,,,,,,,,,,,,,,,,,,
2026-07-13T22:01:31.541635+00:00,2026-07-13T22:01:31.536945,1,2,81.25,0.5,81.0,250,,,,,,,,,,,,,,,,,,,81.5,100,81.9,50,,,,,,,,,,,,,,,,
2026-07-13T22:01:31.637755+00:00,2026-07-13T22:01:31.632845,1,2,81.25,0.5,81.0,250,,,,,,,,,,,,,,,,,,,81.5,100,81.7,50,,,,,,,,,,,,,,,,
2026-07-13T22:01:31.822705+00:00,2026-07-13T22:01:31.817577,2,2,81.3,0.4,81.1,39,81.0,250,,,,,,,,,,,,,,,,,81.5,100,81.7,50,,,,,,,,,,,,,,,,
2026-07-13T22:01:32.239165+00:00,2026-07-13T22:01:32.235325,2,2,81.3,0.4,81.1,39,81.0,100,,,,,,,,,,,,,,,,,81.5,100,81.7,50,,,,,,,,,,,,,,,,
2026-07-13T22:01:32.292690+00:00,2026-07-13T22:01:32.289430,3,1,81.6,0.2,81.5,50,81.1,39,81.0,100,,,,,,,,,,,,,,,81.7,50,,,,,,,,,,,,,,,,,,
2026-07-13T22:01:32.324562+00:00,2026-07-13T22:01:32.316903,3,0,,,81.5,50,81.1,39,81.0,100,,,,,,,,,,,,,,,,,,,,,,,,,,,,,,,,,,
2026-07-13T22:01:32.357049+00:00,2026-07-13T22:01:32.346663,3,1,81.75,0.5,81.5,50,81.1,39,81.0,100,,,,,,,,,,,,,,,82.0,150,,,,,,,,,,,,,,,,,,
2026-07-13T22:01:32.431815+00:00,2026-07-13T22:01:32.422708,2,1,81.75,0.5,81.5,50,81.0,100,,,,,,,,,,,,,,,,,82.0,150,,,,,,,,,,,,,,,,,,
2026-07-13T22:01:32.496202+00:00,2026-07-13T22:01:32.491180,3,2,81.7,0.4,81.5,50,81.4,50,81.0,100,,,,,,,,,,,,,,,81.9,50,82.0,150,,,,,,,,,,,,,,,,
2026-07-13T22:01:33.571541+00:00,2026-07-13T22:01:33.568365,3,2,81.7,0.4,81.5,4,81.4,50,81.0,100,,,,,,,,,,,,,,,81.9,50,82.0,150,,,,,,,,,,,,,,,,
2026-07-13T22:01:33.972354+00:00,2026-07-13T22:01:33.970320,2,2,81.7,0.4,81.5,4,81.0,100,,,,,,,,,,,,,,,,,81.9,50,82.0,150,,,,,,,,,,,,,,,,
2026-07-13T22:01:33.982987+00:00,2026-07-13T22:01:33.981803,3,2,81.8,0.4,81.6,50,81.5,4,81.0,100,,,,,,,,,,,,,,,82.0,150,82.1,50,,,,,,,,,,,,,,,,
2026-07-13T22:01:34.206968+00:00,2026-07-13T22:01:34.206072,3,2,81.8,0.4,81.6,50,81.5,4,81.0,100,,,,,,,,,,,,,,,82.0,148,82.1,50,,,,,,,,,,,,,,,,
2026-07-13T22:01:34.430825+00:00,2026-07-13T22:01:34.426055,3,2,81.8,0.4,81.6,50,81.5,4,81.0,100,,,,,,,,,,,,,,,82.0,98,82.1,50,,,,,,,,,,,,,,,,
2026-07-13T22:01:34.591327+00:00,2026-07-13T22:01:34.590107,2,2,81.8,0.4,81.6,50,81.5,4,,,,,,,,,,,,,,,,,82.0,98,82.1,50,,,,,,,,,,,,,,,,
2026-07-13T22:01:34.644344+00:00,2026-07-13T22:01:34.642673,2,2,81.8,0.4,81.6,150,81.5,4,,,,,,,,,,,,,,,,,82.0,98,82.1,50,,,,,,,,,,,,,,,,
2026-07-13T22:01:34.697797+00:00,2026-07-13T22:01:34.695502,2,2,81.8,0.4,81.6,150,81.5,4,,,,,,,,,,,,,,,,,82.0,98,82.1,150,,,,,,,,,,,,,,,,
2026-07-13T22:01:35.250271+00:00,2026-07-13T22:01:35.246827,2,2,81.8,0.4,81.6,100,81.5,4,,,,,,,,,,,,,,,,,82.0,98,82.1,150,,,,,,,,,,,,,,,,
2026-07-13T22:01:35.261327+00:00,2026-07-13T22:01:35.257671,3,3,81.75,0.3,81.6,100,81.5,4,81.4,50,,,,,,,,,,,,,,,81.9,50,82.0,98,82.1,100,,,,,,,,,,,,,,
2026-07-13T22:01:35.412700+00:00,2026-07-13T22:01:35.403890,2,2,81.75,0.3,81.6,100,81.4,50,,,,,,,,,,,,,,,,,81.9,50,82.1,100,,,,,,,,,,,,,,,,
2026-07-13T22:01:35.467798+00:00,2026-07-13T22:01:35.461807,3,1,81.85,0.5,81.6,100,81.4,50,81.2,150,,,,,,,,,,,,,,,82.1,100,,,,,,,,,,,,,,,,,,
2026-07-13T22:01:35.478840+00:00,2026-07-13T22:01:35.468190,3,2,81.8,0.4,81.6,100,81.4,50,81.2,150,,,,,,,,,,,,,,,82.0,50,82.1,100,,,,,,,,,,,,,,,,
2026-07-13T22:01:35.511205+00:00,2026-07-13T22:01:35.509314,3,3,81.65,0.1,81.6,100,81.4,50,81.2,150,,,,,,,,,,,,,,,81.7,150,82.0,50,82.1,100,,,,,,,,,,,,,,
2026-07-13T22:01:35.684694+00:00,2026-07-13T22:01:35.683605,3,3,81.65,0.1,81.6,100,81.4,50,81.2,150,,,,,,,,,,,,,,,81.7,150,81.9,50,82.1,100,,,,,,,,,,,,,,
2026-07-13T22:01:36.194179+00:00,2026-07-13T22:01:36.186095,3,3,81.65,0.1,81.6,58,81.4,50,81.2,150,,,,,,,,,,,,,,,81.7,150,81.9,50,82.1,100,,,,,,,,,,,,,,
2026-07-13T22:01:36.540243+00:00,2026-07-13T22:01:36.532597,3,3,81.65,0.1,81.6,58,81.4,50,81.2,150,,,,,,,,,,,,,,,81.7,100,81.9,50,82.1,100,,,,,,,,,,,,,,
2026-07-13T22:01:36.691727+00:00,2026-07-13T22:01:36.683371,3,3,81.65,0.1,81.6,58,81.4,50,81.2,150,,,,,,,,,,,,,,,81.7,98,81.9,50,82.1,100,,,,,,,,,,,,,,
2026-07-13T22:01:37.210035+00:00,2026-07-13T22:01:37.209411,3,3,81.65,0.1,81.6,58,81.4,55,81.2,150,,,,,,,,,,,,,,,81.7,98,81.9,50,82.1,100,,,,,,,,,,,,,,
2026-07-13T22:01:37.231752+00:00,2026-07-13T22:01:37.227938,3,3,81.65,0.1,81.6,58,81.4,55,81.2,150,,,,,,,,,,,,,,,81.7,99,81.9,50,82.1,100,,,,,,,,,,,,,,
2026-07-13T22:01:37.757795+00:00,2026-07-13T22:01:37.755539,2,2,81.55,0.3,81.4,55,81.2,150,,,,,,,,,,,,,,,,,81.7,99,81.9,50,,,,,,,,,,,,,,,,
2026-07-13T22:01:37.823669+00:00,2026-07-13T22:01:37.818368,3,2,81.55,0.3,81.4,54,81.3,100,81.2,150,,,,,,,,,,,,,,,81.7,99,81.9,50,,,,,,,,,,,,,,,,
2026-07-13T22:01:37.866734+00:00,2026-07-13T22:01:37.865747,3,3,81.55,0.3,81.4,54,81.3,100,81.2,150,,,,,,,,,,,,,,,81.7,99,81.8,100,81.9,50,,,,,,,,,,,,,,
2026-07-13T22:01:37.920378+00:00,2026-07-13T22:01:37.913428,3,3,81.55,0.3,81.4,54,81.3,100,81.2,150,,,,,,,,,,,,,,,81.7,97,81.8,100,81.9,50,,,,,,,,,,,,,,
2026-07-13T22:01:37.931238+00:00,2026-07-13T22:01:37.930164,3,2,81.55,0.3,81.4,54,81.3,100,81.2,150,,,,,,,,,,,,,,,81.7,97,81.8,100,,,,,,,,,,,,,,,,
2026-07-13T22:01:37.942009+00:00,2026-07-13T22:01:37.934319,3,2,81.55,0.3,81.4,54,81.3,100,81.2,150,,,,,,,,,,,,,,,81.7,97,81.8,150,,,,,,,,,,,,,,,,
2026-07-13T22:01:38.565840+00:00,2026-07-13T22:01:38.564590,2,2,81.55,0.3,81.4,54,81.3,100,,,,,,,,,,,,,,,,,81.7,1,81.8,150,,,,,,,,,,,,,,,,
2026-07-13T22:01:38.620049+00:00,2026-07-13T22:01:38.617283,2,2,81.55,0.3,81.4,204,81.3,100,,,,,,,,,,,,,,,,,81.7,1,81.8,150,,,,,,,,,,,,,,,,
2026-07-13T22:01:38.662787+00:00,2026-07-13T22:01:38.655679,2,1,81.6,0.4,81.4,204,81.3,100,,,,,,,,,,,,,,,,,81.8,101,,,,,,,,,,,,,,,,,,
2026-07-13T22:01:38.673533+00:00,2026-07-13T22:01:38.671073,2,2,81.6,0.4,81.4,204,81.3,100,,,,,,,,,,,,,,,,,81.8,101,81.9,150,,,,,,,,,,,,,,,,
2026-07-13T22:01:39.185534+00:00,2026-07-13T22:01:39.182788,2,2,81.6,0.4,81.4,154,81.3,150,,,,,,,,,,,,,,,,,81.8,51,81.9,150,,,,,,,,,,,,,,,,
2026-07-13T22:01:39.196509+00:00,2026-07-13T22:01:39.186887,2,3,81.55,0.3,81.4,154,81.3,150,,,,,,,,,,,,,,,,,81.7,50,81.8,51,81.9,150,,,,,,,,,,,,,,
2026-07-13T22:01:39.631126+00:00,2026-07-13T22:01:39.623010,3,3,81.55,0.3,81.4,154,81.3,100,81.2,50,,,,,,,,,,,,,,,81.7,50,81.8,51,81.9,150,,,,,,,,,,,,,,
2026-07-13T22:01:39.849700+00:00,2026-07-13T22:01:39.848442,2,3,81.55,0.3,81.4,154,81.3,100,,,,,,,,,,,,,,,,,81.7,50,81.8,51,81.9,150,,,,,,,,,,,,,,
2026-07-13T22:01:39.860664+00:00,2026-07-13T22:01:39.852726,2,3,81.55,0.3,81.4,154,81.3,150,,,,,,,,,,,,,,,,,81.7,50,81.8,51,81.9,150,,,,,,,,,,,,,,
2026-07-13T22:01:40.400975+00:00,2026-07-13T22:01:40.394476,2,3,81.55,0.3,81.4,153,81.3,150,,,,,,,,,,,,,,,,,81.7,50,81.8,51,81.9,150,,,,,,,,,,,,,,
2026-07-13T22:01:40.502235+00:00,2026-07-13T22:01:40.497731,2,3,81.55,0.3,81.4,153,81.3,100,,,,,,,,,,,,,,,,,81.7,50,81.8,51,81.9,150,,,,,,,,,,,,,,
2026-07-13T22:01:40.513221+00:00,2026-07-13T22:01:40.510213,3,3,81.65,0.3,81.5,50,81.4,153,81.3,100,,,,,,,,,,,,,,,81.8,51,81.9,150,82.0,50,,,,,,,,,,,,,,
2026-07-13T22:01:40.780312+00:00,2026-07-13T22:01:40.769834,3,3,81.65,0.3,81.5,50,81.4,153,81.3,100,,,,,,,,,,,,,,,81.8,1,81.9,150,82.0,50,,,,,,,,,,,,,,
2026-07-13T22:01:40.929353+00:00,2026-07-13T22:01:40.923001,2,2,81.7,0.4,81.5,50,81.4,153,,,,,,,,,,,,,,,,,81.9,150,82.0,50,,,,,,,,,,,,,,,,
2026-07-13T22:01:40.940039+00:00,2026-07-13T22:01:40.938785,2,1,81.7,0.4,81.5,50,81.4,153,,,,,,,,,,,,,,,,,81.9,150,,,,,,,,,,,,,,,,,,
2026-07-13T22:01:40.950774+00:00,2026-07-13T22:01:40.942968,2,2,81.7,0.4,81.5,50,81.4,153,,,,,,,,,,,,,,,,,81.9,150,82.1,50,,,,,,,,,,,,,,,,
2026-07-13T22:01:40.982708+00:00,2026-07-13T22:01:40.977480,3,2,81.85,0.1,81.8,100,81.5,50,81.4,153,,,,,,,,,,,,,,,81.9,150,82.1,50,,,,,,,,,,,,,,,,
2026-07-13T22:01:41.035614+00:00,2026-07-13T22:01:41.030180,3,3,81.85,0.1,81.8,100,81.5,50,81.4,153,,,,,,,,,,,,,,,81.9,150,82.1,50,82.3,100,,,,,,,,,,,,,,
2026-07-13T22:01:41.365900+00:00,2026-07-13T22:01:41.360886,2,3,81.85,0.1,81.8,100,81.4,153,,,,,,,,,,,,,,,,,81.9,150,82.1,50,82.3,100,,,,,,,,,,,,,,
2026-07-13T22:01:41.376828+00:00,2026-07-13T22:01:41.366228,3,3,81.85,0.1,81.8,100,81.6,50,81.4,153,,,,,,,,,,,,,,,81.9,150,82.1,50,82.3,100,,,,,,,,,,,,,,
2026-07-13T22:01:41.462621+00:00,2026-07-13T22:01:41.457105,3,3,81.85,0.1,81.8,100,81.6,50,81.4,153,,,,,,,,,,,,,,,81.9,103,82.1,50,82.3,100,,,,,,,,,,,,,,
2026-07-13T22:01:41.590700+00:00,2026-07-13T22:01:41.588081,3,3,81.85,0.1,81.8,100,81.6,50,81.4,153,,,,,,,,,,,,,,,81.9,103,82.0,50,82.3,100,,,,,,,,,,,,,,
2026-07-13T22:01:41.644031+00:00,2026-07-13T22:01:41.639851,3,3,81.85,0.1,81.8,100,81.6,50,81.4,153,,,,,,,,,,,,,,,81.9,101,82.0,50,82.3,100,,,,,,,,,,,,,,
2026-07-13T22:01:41.729210+00:00,2026-07-13T22:01:41.727689,3,2,81.9,0.2,81.8,100,81.6,50,81.4,3,,,,,,,,,,,,,,,82.0,50,82.3,100,,,,,,,,,,,,,,,,
2026-07-13T22:01:41.787629+00:00,2026-07-13T22:01:41.781684,3,2,81.9,0.2,81.8,250,81.6,50,81.4,3,,,,,,,,,,,,,,,82.0,50,82.3,100,,,,,,,,,,,,,,,,
2026-07-13T22:01:41.798486+00:00,2026-07-13T22:01:41.796093,3,2,82.0,0.4,81.8,250,81.6,50,81.4,3,,,,,,,,,,,,,,,82.2,50,82.3,100,,,,,,,,,,,,,,,,
2026-07-13T22:01:41.841398+00:00,2026-07-13T22:01:41.834327,3,2,82.0,0.4,81.8,250,81.6,50,81.4,3,,,,,,,,,,,,,,,82.2,50,82.3,250,,,,,,,,,,,,,,,,
2026-07-13T22:01:42.426607+00:00,2026-07-13T22:01:42.417509,3,2,82.0,0.4,81.8,250,81.6,50,81.4,2,,,,,,,,,,,,,,,82.2,50,82.3,250,,,,,,,,,,,,,,,,
2026-07-13T22:01:42.895310+00:00,2026-07-13T22:01:42.886179,3,1,82.05,0.5,81.8,250,81.6,50,81.4,1,,,,,,,,,,,,,,,82.3,250,,,,,,,,,,,,,,,,,,
2026-07-13T22:01:42.948346+00:00,2026-07-13T22:01:42.947829,2,1,82.05,0.5,81.8,250,81.6,50,,,,,,,,,,,,,,,,,82.3,250,,,,,,,,,,,,,,,,,,
2026-07-13T22:01:43.001396+00:00,2026-07-13T22:01:42.996064,2,1,82.05,0.5,81.8,250,81.6,50,,,,,,,,,,,,,,,,,82.3,201,,,,,,,,,,,,,,,,,,
2026-07-13T22:01:43.054771+00:00,2026-07-13T22:01:43.049806,2,1,82.05,0.5,81.8,203,81.6,50,,,,,,,,,,,,,,,,,82.3,201,,,,,,,,,,,,,,,,,,
2026-07-13T22:01:43.065686+00:00,2026-07-13T22:01:43.062616,1,1,82.05,0.5,81.8,203,,,,,,,,,,,,,,,,,,,82.3,201,,,,,,,,,,,,,,,,,,
2026-07-13T22:01:43.076634+00:00,2026-07-13T22:01:43.069885,2,2,82.0,0.4,81.8,203,81.7,50,,,,,,,,,,,,,,,,,82.2,50,82.3,201,,,,,,,,,,,,,,,,
2026-07-13T22:01:44.089506+00:00,2026-07-13T22:01:44.085618,2,2,82.0,0.4,81.8,150,81.7,50,,,,,,,,,,,,,,,,,82.2,50,82.3,150,,,,,,,,,,,,,,,,
2026-07-13T22:01:44.142776+00:00,2026-07-13T22:01:44.138413,2,2,82.0,0.4,81.8,250,81.7,50,,,,,,,,,,,,,,,,,82.2,50,82.3,150,,,,,,,,,,,,,,,,
2026-07-13T22:01:44.195628+00:00,2026-07-13T22:01:44.191514,2,2,82.0,0.4,81.8,250,81.7,50,,,,,,,,,,,,,,,,,82.2,50,82.3,250,,,,,,,,,,,,,,,,
2026-07-13T22:01:44.897328+00:00,2026-07-13T22:01:44.890786,2,2,82.0,0.4,81.8,100,81.7,50,,,,,,,,,,,,,,,,,82.2,50,82.3,100,,,,,,,,,,,,,,,,
2026-07-13T22:01:44.951301+00:00,2026-07-13T22:01:44.945072,2,2,82.0,0.4,81.8,250,81.7,50,,,,,,,,,,,,,,,,,82.2,50,82.3,100,,,,,,,,,,,,,,,,
2026-07-13T22:01:44.994335+00:00,2026-07-13T22:01:44.990875,2,1,82.05,0.5,81.8,250,81.7,50,,,,,,,,,,,,,,,,,82.3,100,,,,,,,,,,,,,,,,,,
2026-07-13T22:01:45.005290+00:00,2026-07-13T22:01:44.997713,2,1,82.05,0.5,81.8,250,81.7,50,,,,,,,,,,,,,,,,,82.3,250,,,,,,,,,,,,,,,,,,
2026-07-13T22:01:45.082164+00:00,2026-07-13T22:01:45.071527,2,2,81.85,0.1,81.8,250,81.7,50,,,,,,,,,,,,,,,,,81.9,6,82.3,250,,,,,,,,,,,,,,,,
2026-07-13T22:01:45.169971+00:00,2026-07-13T22:01:45.168165,1,2,81.85,0.1,81.8,300,,,,,,,,,,,,,,,,,,,81.9,6,82.3,250,,,,,,,,,,,,,,,,
2026-07-13T22:01:45.180948+00:00,2026-07-13T22:01:45.172106,1,3,81.85,0.1,81.8,300,,,,,,,,,,,,,,,,,,,81.9,6,82.2,40,82.3,250,,,,,,,,,,,,,,
2026-07-13T22:01:45.804882+00:00,2026-07-13T22:01:45.801957,1,2,81.85,0.1,81.8,250,,,,,,,,,,,,,,,,,,,81.9,6,82.3,250,,,,,,,,,,,,,,,,
2026-07-13T22:01:45.815883+00:00,2026-07-13T22:01:45.810714,2,3,81.85,0.1,81.8,250,81.7,50,,,,,,,,,,,,,,,,,81.9,6,82.1,40,82.3,250,,,,,,,,,,,,,,
2026-07-13T22:01:46.028744+00:00,2026-07-13T22:01:46.026915,2,3,81.85,0.1,81.8,250,81.7,50,,,,,,,,,,,,,,,,,81.9,5,82.1,40,82.3,250,,,,,,,,,,,,,,
2026-07-13T22:01:46.522722+00:00,2026-07-13T22:01:46.521054,3,3,81.85,0.1,81.8,250,81.7,50,81.6,1,,,,,,,,,,,,,,,81.9,5,82.1,40,82.3,250,,,,,,,,,,,,,,
2026-07-13T22:01:47.039025+00:00,2026-07-13T22:01:47.034823,2,3,81.85,0.1,81.8,250,81.6,1,,,,,,,,,,,,,,,,,81.9,5,82.1,40,82.3,250,,,,,,,,,,,,,,
2026-07-13T22:01:47.050001+00:00,2026-07-13T22:01:47.039357,2,3,81.85,0.1,81.8,250,81.6,51,,,,,,,,,,,,,,,,,81.9,5,82.1,40,82.3,250,,,,,,,,,,,,,,
2026-07-13T22:01:47.135278+00:00,2026-07-13T22:01:47.129167,2,1,82.05,0.5,81.8,250,81.6,51,,,,,,,,,,,,,,,,,82.3,245,,,,,,,,,,,,,,,,,,
2026-07-13T22:01:47.156563+00:00,2026-07-13T22:01:47.153607,2,2,81.9,0.2,81.8,250,81.6,51,,,,,,,,,,,,,,,,,82.0,5,82.3,245,,,,,,,,,,,,,,,,
2026-07-13T22:01:47.252573+00:00,2026-07-13T22:01:47.251460,2,2,81.9,0.2,81.8,250,81.6,51,,,,,,,,,,,,,,,,,82.0,5,82.3,150,,,,,,,,,,,,,,,,
2026-07-13T22:01:47.263441+00:00,2026-07-13T22:01:47.252865,2,2,81.9,0.2,81.8,150,81.6,51,,,,,,,,,,,,,,,,,82.0,5,82.3,150,,,,,,,,,,,,,,,,
2026-07-13T22:01:47.296645+00:00,2026-07-13T22:01:47.291703,2,1,82.05,0.5,81.8,150,81.6,51,,,,,,,,,,,,,,,,,82.3,115,,,,,,,,,,,,,,,,,,
2026-07-13T22:01:47.318723+00:00,2026-07-13T22:01:47.308005,2,1,82.05,0.5,81.8,150,81.6,151,,,,,,,,,,,,,,,,,82.3,115,,,,,,,,,,,,,,,,,,
2026-07-13T22:01:47.351206+00:00,2026-07-13T22:01:47.347528,2,1,82.05,0.5,81.8,110,81.6,151,,,,,,,,,,,,,,,,,82.3,115,,,,,,,,,,,,,,,,,,
2026-07-13T22:01:47.373320+00:00,2026-07-13T22:01:47.362552,2,2,81.95,0.3,81.8,110,81.6,151,,,,,,,,,,,,,,,,,82.1,100,82.3,115,,,,,,,,,,,,,,,,
2026-07-13T22:01:47.634875+00:00,2026-07-13T22:01:47.629567,2,3,81.9,0.2,81.8,110,81.6,151,,,,,,,,,,,,,,,,,82.0,5,82.1,100,82.3,115,,,,,,,,,,,,,,
2026-07-13T22:01:47.915374+00:00,2026-07-13T22:01:47.909546,2,2,81.95,0.3,81.8,110,81.6,151,,,,,,,,,,,,,,,,,82.1,58,82.3,115,,,,,,,,,,,,,,,,
2026-07-13T22:01:48.054614+00:00,2026-07-13T22:01:48.052194,2,1,81.95,0.3,81.8,110,81.6,151,,,,,,,,,,,,,,,,,82.1,58,,,,,,,,,,,,,,,,,,
2026-07-13T22:01:48.065358+00:00,2026-07-13T22:01:48.054897,1,1,81.85,0.5,81.6,151,,,,,,,,,,,,,,,,,,,82.1,58,,,,,,,,,,,,,,,,,,
2026-07-13T22:01:48.130059+00:00,2026-07-13T22:01:48.121443,1,1,81.85,0.5,81.6,301,,,,,,,,,,,,,,,,,,,82.1,58,,,,,,,,,,,,,,,,,,
2026-07-13T22:01:48.169408+00:00,2026-07-13T22:01:48.161427,1,2,81.8,0.4,81.6,301,,,,,,,,,,,,,,,,,,,82.0,4,82.1,58,,,,,,,,,,,,,,,,
2026-07-13T22:01:48.180362+00:00,2026-07-13T22:01:48.174486,1,2,81.8,0.4,81.6,301,,,,,,,,,,,,,,,,,,,82.0,4,82.1,208,,,,,,,,,,,,,,,,
2026-07-13T22:01:49.927141+00:00,2026-07-13T22:01:49.921421,1,2,81.8,0.4,81.6,259,,,,,,,,,,,,,,,,,,,82.0,4,82.1,208,,,,,,,,,,,,,,,,
2026-07-13T22:01:49.959223+00:00,2026-07-13T22:01:49.951546,2,2,81.85,0.3,81.7,2,81.6,259,,,,,,,,,,,,,,,,,82.0,4,82.1,208,,,,,,,,,,,,,,,,
2026-07-13T22:01:50.023564+00:00,2026-07-13T22:01:50.016649,2,2,81.85,0.3,81.7,2,81.6,259,,,,,,,,,,,,,,,,,82.0,45,82.1,208,,,,,,,,,,,,,,,,
2026-07-13T22:01:50.424209+00:00,2026-07-13T22:01:50.418504,2,2,81.85,0.3,81.7,2,81.6,159,,,,,,,,,,,,,,,,,82.0,45,82.1,150,,,,,,,,,,,,,,,,
2026-07-13T22:01:50.478363+00:00,2026-07-13T22:01:50.471573,2,2,81.85,0.3,81.7,102,81.6,159,,,,,,,,,,,,,,,,,82.0,45,82.1,150,,,,,,,,,,,,,,,,
2026-07-13T22:01:50.532116+00:00,2026-07-13T22:01:50.523892,2,3,81.85,0.3,81.7,102,81.6,159,,,,,,,,,,,,,,,,,82.0,45,82.1,150,82.2,100,,,,,,,,,,,,,,
2026-07-13T22:01:50.928657+00:00,2026-07-13T22:01:50.923601,2,3,81.85,0.3,81.7,102,81.6,159,,,,,,,,,,,,,,,,,82.0,44,82.1,150,82.2,100,,,,,,,,,,,,,,
2026-07-13T22:01:50.967313+00:00,2026-07-13T22:01:50.965613,2,3,81.85,0.3,81.7,99,81.6,159,,,,,,,,,,,,,,,,,82.0,44,82.1,150,82.2,100,,,,,,,,,,,,,,
2026-07-13T22:01:51.041975+00:00,2026-07-13T22:01:51.040442,2,3,81.85,0.3,81.7,99,81.6,150,,,,,,,,,,,,,,,,,82.0,44,82.1,150,82.2,100,,,,,,,,,,,,,,
2026-07-13T22:01:51.052650+00:00,2026-07-13T22:01:51.051872,3,4,81.8,0.2,81.7,99,81.6,150,81.5,50,,,,,,,,,,,,,,,81.9,39,82.0,3,82.1,150,82.2,100,,,,,,,,,,,,
2026-07-13T22:01:51.063410+00:00,2026-07-13T22:01:51.055314,3,4,81.8,0.2,81.7,99,81.6,150,81.5,50,,,,,,,,,,,,,,,81.9,80,82.0,3,82.1,150,82.2,100,,,,,,,,,,,,
2026-07-13T22:01:51.158975+00:00,2026-07-13T22:01:51.156244,3,5,81.75,0.1,81.7,99,81.6,150,81.5,50,,,,,,,,,,,,,,,81.8,39,81.9,41,82.0,3,82.1,150,82.2,100,,,,,,,,,,
2026-07-13T22:01:51.237113+00:00,2026-07-13T22:01:51.232434,2,4,81.75,0.1,81.7,99,81.5,50,,,,,,,,,,,,,,,,,81.8,39,81.9,41,82.0,3,82.2,100,,,,,,,,,,,,
2026-07-13T22:01:51.290567+00:00,2026-07-13T22:01:51.285447,3,4,81.75,0.1,81.7,99,81.5,50,81.4,150,,,,,,,,,,,,,,,81.8,39,81.9,41,82.0,3,82.2,100,,,,,,,,,,,,
2026-07-13T22:01:51.343683+00:00,2026-07-13T22:01:51.339054,3,4,81.75,0.1,81.7,99,81.5,50,81.4,150,,,,,,,,,,,,,,,81.8,39,81.9,191,82.0,3,82.2,100,,,,,,,,,,,,
2026-07-13T22:01:51.428553+00:00,2026-07-13T22:01:51.422535,3,4,81.75,0.1,81.7,49,81.5,50,81.4,150,,,,,,,,,,,,,,,81.8,39,81.9,191,82.0,3,82.2,100,,,,,,,,,,,,
2026-07-13T22:01:51.566128+00:00,2026-07-13T22:01:51.562383,3,4,81.75,0.1,81.7,52,81.5,50,81.4,150,,,,,,,,,,,,,,,81.8,39,81.9,191,82.0,3,82.2,100,,,,,,,,,,,,
2026-07-13T22:01:51.597778+00:00,2026-07-13T22:01:51.590105,3,4,81.75,0.1,81.7,27,81.5,50,81.4,150,,,,,,,,,,,,,,,81.8,39,81.9,191,82.0,3,82.2,100,,,,,,,,,,,,
2026-07-13T22:01:51.703551+00:00,2026-07-13T22:01:51.700729,3,3,81.8,0.2,81.7,27,81.5,50,81.4,150,,,,,,,,,,,,,,,81.9,190,82.0,3,82.2,100,,,,,,,,,,,,,,
2026-07-13T22:01:52.105347+00:00,2026-07-13T22:01:52.103477,2,3,81.8,0.2,81.7,27,81.4,150,,,,,,,,,,,,,,,,,81.9,190,82.0,3,82.2,100,,,,,,,,,,,,,,
2026-07-13T22:01:52.115933+00:00,2026-07-13T22:01:52.112048,2,3,81.8,0.2,81.7,22,81.4,150,,,,,,,,,,,,,,,,,81.9,150,82.0,3,82.2,100,,,,,,,,,,,,,,
2026-07-13T22:01:52.126522+00:00,2026-07-13T22:01:52.119036,3,3,81.8,0.2,81.7,22,81.5,50,81.4,150,,,,,,,,,,,,,,,81.9,185,82.0,3,82.2,100,,,,,,,,,,,,,,
2026-07-13T22:01:52.337638+00:00,2026-07-13T22:01:52.335558,3,3,81.8,0.2,81.7,22,81.5,50,81.4,150,,,,,,,,,,,,,,,81.9,150,82.0,3,82.2,100,,,,,,,,,,,,,,
2026-07-13T22:01:52.348691+00:00,2026-07-13T22:01:52.340515,3,3,81.8,0.2,81.7,22,81.5,50,81.4,150,,,,,,,,,,,,,,,81.9,150,82.0,38,82.2,100,,,,,,,,,,,,,,
2026-07-13T22:01:53.179620+00:00,2026-07-13T22:01:53.174663,2,3,81.8,0.2,81.7,22,81.4,150,,,,,,,,,,,,,,,,,81.9,150,82.0,38,82.2,100,,,,,,,,,,,,,,
2026-07-13T22:01:53.190317+00:00,2026-07-13T22:01:53.188163,3,3,81.8,0.2,81.7,17,81.5,50,81.4,150,,,,,,,,,,,,,,,81.9,150,82.0,3,82.2,100,,,,,,,,,,,,,,
2026-07-13T22:01:53.200967+00:00,2026-07-13T22:01:53.191622,3,3,81.8,0.2,81.7,17,81.5,50,81.4,150,,,,,,,,,,,,,,,81.9,150,82.0,33,82.2,100,,,,,,,,,,,,,,
2026-07-13T22:01:53.540665+00:00,2026-07-13T22:01:53.530370,2,3,81.7,0.4,81.5,17,81.4,150,,,,,,,,,,,,,,,,,81.9,150,82.0,33,82.2,100,,,,,,,,,,,,,,
2026-07-13T22:01:53.583376+00:00,2026-07-13T22:01:53.576921,2,2,81.7,0.4,81.5,17,81.4,150,,,,,,,,,,,,,,,,,81.9,150,82.0,33,,,,,,,,,,,,,,,,
2026-07-13T22:01:53.636467+00:00,2026-07-13T22:01:53.629490,3,2,81.7,0.4,81.5,17,81.4,150,81.3,100,,,,,,,,,,,,,,,81.9,150,82.0,33,,,,,,,,,,,,,,,,
