recv_time,book_timestamp,n_bids,n_asks,mid,spread,bid_px_0,bid_vol_0,bid_px_1,bid_vol_1,bid_px_2,bid_vol_2,bid_px_3,bid_vol_3,bid_px_4,bid_vol_4,bid_px_5,bid_vol_5,bid_px_6,bid_vol_6,bid_px_7,bid_vol_7,bid_px_8,bid_vol_8,bid_px_9,bid_vol_9,ask_px_0,ask_vol_0,ask_px_1,ask_vol_1,ask_px_2,ask_vol_2,ask_px_3,ask_vol_3,ask_px_4,ask_vol_4,ask_px_5,ask_vol_5,ask_px_6,ask_vol_6,ask_px_7,ask_vol_7,ask_px_8,ask_vol_8,ask_px_9,ask_vol_9
2026-07-01T01:00:00.005658+00:00,2026-07-01T00:59:59.998131,2,1,81.95,0.5,81.7,156,81.6,1,,,,,,,,,,,,,,,,,82.2,250,,,,,,,,,,,,,,,,,,
2026-07-01T01:00:00.378609+00:00,2026-07-01T01:00:00.334064,2,2,81.8,0.2,81.7,156,81.6,1,,,,,,,,,,,,,,,,,81.9,4,82.2,250,,,,,,,,,,,,,,,,
2026-07-01T01:00:00.462107+00:00,2026-07-01T01:00:00.441660,2,2,81.8,0.2,81.7,100,81.6,1,,,,,,,,,,,,,,,,,81.9,4,82.2,100,,,,,,,,,,,,,,,,
2026-07-01T01:00:00.504862+00:00,2026-07-01T01:00:00.497080,3,2,81.8,0.2,81.7,100,81.6,1,81.2,150,,,,,,,,,,,,,,,81.9,4,82.2,100,,,,,,,,,,,,,,,,
2026-07-01T01:00:00.556494+00:00,2026-07-01T01:00:00.552760,2,3,81.65,0.1,81.6,1,81.2,150,,,,,,,,,,,,,,,,,81.7,50,81.9,4,82.2,100,,,,,,,,,,,,,,
2026-07-01T01:00:00.875651+00:00,2026-07-01T01:00:00.846191,2,3,81.65,0.1,81.6,1,81.2,150,,,,,,,,,,,,,,,,,81.7,50,81.9,3,82.2,100,,,,,,,,,,,,,,
2026-07-01T01:00:01.502644+00:00,2026-07-01T01:00:01.494858,2,3,81.65,0.1,81.6,1,81.2,150,,,,,,,,,,,,,,,,,81.7,50,81.9,2,82.2,100,,,,,,,,,,,,,,
2026-07-01T01:00:01.862675+00:00,2026-07-01T01:00:01.861442,2,3,81.65,0.1,81.6,1,81.2,150,,,,,,,,,,,,,,,,,81.7,50,81.9,1,82.2,100,,,,,,,,,,,,,,
2026-07-01T01:00:02.535004+00:00,2026-07-01T01:00:02.528302,2,2,81.75,0.3,81.6,1,81.2,150,,,,,,,,,,,,,,,,,81.9,1,82.2,100,,,,,,,,,,,,,,,,
2026-07-01T01:00:02.790669+00:00,2026-07-01T01:00:02.789802,2,1,81.75,0.3,81.6,1,81.2,150,,,,,,,,,,,,,,,,,81.9,1,,,,,,,,,,,,,,,,,,
2026-07-01T01:00:02.851920+00:00,2026-07-01T01:00:02.844418,3,1,81.75,0.3,81.6,1,81.4,100,81.2,150,,,,,,,,,,,,,,,81.9,1,,,,,,,,,,,,,,,,,,
2026-07-01T01:00:02.913494+00:00,2026-07-01T01:00:02.909383,3,1,81.75,0.3,81.6,1,81.4,100,81.2,150,,,,,,,,,,,,,,,81.9,101,,,,,,,,,,,,,,,,,,
2026-07-01T01:00:03.363439+00:00,2026-07-01T01:00:03.356929,3,1,81.75,0.3,81.6,1,81.4,100,81.2,150,,,,,,,,,,,,,,,81.9,56,,,,,,,,,,,,,,,,,,
2026-07-01T01:00:03.455550+00:00,2026-07-01T01:00:03.447657,3,1,81.75,0.3,81.6,1,81.4,100,81.2,150,,,,,,,,,,,,,,,81.9,57,,,,,,,,,,,,,,,,,,
2026-07-01T01:00:03.609251+00:00,2026-07-01T01:00:03.607093,2,1,81.75,0.3,81.6,1,81.4,100,,,,,,,,,,,,,,,,,81.9,57,,,,,,,,,,,,,,,,,,
2026-07-01T01:00:03.681438+00:00,2026-07-01T01:00:03.680463,3,1,81.8,0.2,81.7,147,81.6,1,81.4,100,,,,,,,,,,,,,,,81.9,57,,,,,,,,,,,,,,,,,,
2026-07-01T01:00:03.722469+00:00,2026-07-01T01:00:03.718061,3,2,81.8,0.2,81.7,147,81.6,1,81.4,100,,,,,,,,,,,,,,,81.9,57,82.2,150,,,,,,,,,,,,,,,,
2026-07-01T01:00:04.697129+00:00,2026-07-01T01:00:04.687619,3,2,81.8,0.2,81.7,97,81.6,1,81.4,100,,,,,,,,,,,,,,,81.9,57,82.2,150,,,,,,,,,,,,,,,,
2026-07-01T01:00:05.839043+00:00,2026-07-01T01:00:05.830458,2,2,81.8,0.2,81.7,97,81.4,100,,,,,,,,,,,,,,,,,81.9,57,82.2,150,,,,,,,,,,,,,,,,
2026-07-01T01:00:05.972882+00:00,2026-07-01T01:00:05.964973,1,2,81.8,0.2,81.7,97,,,,,,,,,,,,,,,,,,,81.9,1,82.2,150,,,,,,,,,,,,,,,,
2026-07-01T01:00:06.024432+00:00,2026-07-01T01:00:06.020326,2,2,81.8,0.2,81.7,97,81.6,100,,,,,,,,,,,,,,,,,81.9,1,82.2,150,,,,,,,,,,,,,,,,
2026-07-01T01:00:06.076002+00:00,2026-07-01T01:00:06.074143,2,3,81.8,0.2,81.7,97,81.6,100,,,,,,,,,,,,,,,,,81.9,1,82.1,100,82.2,150,,,,,,,,,,,,,,
2026-07-01T01:00:06.485831+00:00,2026-07-01T01:00:06.478868,2,3,81.8,0.2,81.7,97,81.6,101,,,,,,,,,,,,,,,,,81.9,1,82.1,100,82.2,150,,,,,,,,,,,,,,
2026-07-01T01:00:06.745941+00:00,2026-07-01T01:00:06.743182,2,2,81.9,0.4,81.7,97,81.6,101,,,,,,,,,,,,,,,,,82.1,51,82.2,150,,,,,,,,,,,,,,,,
2026-07-01T01:00:06.776845+00:00,2026-07-01T01:00:06.774409,1,1,81.85,0.5,81.6,101,,,,,,,,,,,,,,,,,,,82.1,51,,,,,,,,,,,,,,,,,,
2026-07-01T01:00:06.828027+00:00,2026-07-01T01:00:06.821351,1,2,81.75,0.3,81.6,101,,,,,,,,,,,,,,,,,,,81.9,7,82.1,51,,,,,,,,,,,,,,,,
2026-07-01T01:00:06.838361+00:00,2026-07-01T01:00:06.830647,2,2,81.8,0.2,81.7,150,81.6,55,,,,,,,,,,,,,,,,,81.9,7,82.1,51,,,,,,,,,,,,,,,,
2026-07-01T01:00:06.889735+00:00,2026-07-01T01:00:06.881769,2,3,81.8,0.2,81.7,150,81.6,55,,,,,,,,,,,,,,,,,81.9,7,82.1,51,82.2,150,,,,,,,,,,,,,,
2026-07-01T01:00:07.776197+00:00,2026-07-01T01:00:07.766258,2,3,81.8,0.2,81.7,150,81.6,55,,,,,,,,,,,,,,,,,81.9,5,82.1,51,82.2,150,,,,,,,,,,,,,,
2026-07-01T01:00:07.910250+00:00,2026-07-01T01:00:07.902989,2,3,81.8,0.2,81.7,150,81.6,55,,,,,,,,,,,,,,,,,81.9,4,82.1,51,82.2,150,,,,,,,,,,,,,,
2026-07-01T01:00:07.941077+00:00,2026-07-01T01:00:07.936871,2,2,81.9,0.4,81.7,150,81.6,55,,,,,,,,,,,,,,,,,82.1,51,82.2,150,,,,,,,,,,,,,,,,
2026-07-01T01:00:07.992280+00:00,2026-07-01T01:00:07.988139,2,3,81.85,0.3,81.7,150,81.6,55,,,,,,,,,,,,,,,,,82.0,2,82.1,51,82.2,150,,,,,,,,,,,,,,
2026-07-01T01:00:08.556063+00:00,2026-07-01T01:00:08.549369,2,3,81.85,0.3,81.7,110,81.6,55,,,,,,,,,,,,,,,,,82.0,2,82.1,51,82.2,150,,,,,,,,,,,,,,
2026-07-01T01:00:08.905051+00:00,2026-07-01T01:00:08.899912,2,3,81.85,0.3,81.7,60,81.6,55,,,,,,,,,,,,,,,,,82.0,2,82.1,51,82.2,150,,,,,,,,,,,,,,
2026-07-01T01:00:09.131662+00:00,2026-07-01T01:00:09.130174,2,2,81.85,0.3,81.7,60,81.6,1,,,,,,,,,,,,,,,,,82.0,2,82.2,150,,,,,,,,,,,,,,,,
2026-07-01T01:00:09.192977+00:00,2026-07-01T01:00:09.183242,2,2,81.85,0.3,81.7,60,81.6,101,,,,,,,,,,,,,,,,,82.0,2,82.2,150,,,,,,,,,,,,,,,,
2026-07-01T01:00:09.244255+00:00,2026-07-01T01:00:09.236105,2,3,81.85,0.3,81.7,60,81.6,101,,,,,,,,,,,,,,,,,82.0,2,82.1,100,82.2,150,,,,,,,,,,,,,,
2026-07-01T01:00:09.943789+00:00,2026-07-01T01:00:09.936077,1,2,81.8,0.4,81.6,101,,,,,,,,,,,,,,,,,,,82.0,2,82.1,100,,,,,,,,,,,,,,,,
2026-07-01T01:00:09.954006+00:00,2026-07-01T01:00:09.953013,1,2,81.8,0.4,81.6,101,,,,,,,,,,,,,,,,,,,82.0,1,82.1,100,,,,,,,,,,,,,,,,
2026-07-01T01:00:09.994994+00:00,2026-07-01T01:00:09.988571,2,2,81.8,0.4,81.6,101,81.3,150,,,,,,,,,,,,,,,,,82.0,1,82.1,100,,,,,,,,,,,,,,,,
2026-07-01T01:00:10.046399+00:00,2026-07-01T01:00:10.040436,2,3,81.7,0.2,81.6,101,81.3,150,,,,,,,,,,,,,,,,,81.8,150,82.0,1,82.1,100,,,,,,,,,,,,,,
2026-07-01T01:00:10.682721+00:00,2026-07-01T01:00:10.675553,2,3,81.7,0.2,81.6,101,81.3,150,,,,,,,,,,,,,,,,,81.8,106,82.0,1,82.1,100,,,,,,,,,,,,,,
2026-07-01T01:00:10.806196+00:00,2026-07-01T01:00:10.801246,2,2,81.7,0.2,81.6,101,81.3,150,,,,,,,,,,,,,,,,,81.8,106,82.1,100,,,,,,,,,,,,,,,,
2026-07-01T01:00:11.011700+00:00,2026-07-01T01:00:11.008679,2,2,81.7,0.2,81.6,51,81.3,150,,,,,,,,,,,,,,,,,81.8,106,82.1,100,,,,,,,,,,,,,,,,
2026-07-01T01:00:11.125542+00:00,2026-07-01T01:00:11.124394,2,2,81.7,0.2,81.6,51,81.3,150,,,,,,,,,,,,,,,,,81.8,103,82.1,100,,,,,,,,,,,,,,,,
2026-07-01T01:00:12.290429+00:00,2026-07-01T01:00:12.289814,2,1,81.7,0.2,81.6,51,81.3,150,,,,,,,,,,,,,,,,,81.8,103,,,,,,,,,,,,,,,,,,
2026-07-01T01:00:12.300722+00:00,2026-07-01T01:00:12.291582,1,1,81.55,0.5,81.3,150,,,,,,,,,,,,,,,,,,,81.8,103,,,,,,,,,,,,,,,,,,
2026-07-01T01:00:12.351942+00:00,2026-07-01T01:00:12.344854,2,1,81.7,0.2,81.6,100,81.3,150,,,,,,,,,,,,,,,,,81.8,103,,,,,,,,,,,,,,,,,,
2026-07-01T01:00:12.403512+00:00,2026-07-01T01:00:12.397314,2,2,81.7,0.2,81.6,100,81.3,150,,,,,,,,,,,,,,,,,81.8,103,82.1,100,,,,,,,,,,,,,,,,
2026-07-01T01:00:13.103333+00:00,2026-07-01T01:00:13.098081,1,1,81.85,0.5,81.6,100,,,,,,,,,,,,,,,,,,,82.1,100,,,,,,,,,,,,,,,,,,
2026-07-01T01:00:13.123876+00:00,2026-07-01T01:00:13.118358,1,1,81.85,0.5,81.6,50,,,,,,,,,,,,,,,,,,,82.1,100,,,,,,,,,,,,,,,,,,
2026-07-01T01:00:13.154632+00:00,2026-07-01T01:00:13.150755,2,1,81.85,0.5,81.6,50,81.4,150,,,,,,,,,,,,,,,,,82.1,100,,,,,,,,,,,,,,,,,,
2026-07-01T01:00:13.216682+00:00,2026-07-01T01:00:13.212755,2,2,81.75,0.3,81.6,50,81.4,150,,,,,,,,,,,,,,,,,81.9,150,82.1,100,,,,,,,,,,,,,,,,
2026-07-01T01:00:14.140341+00:00,2026-07-01T01:00:14.136763,3,2,81.8,0.2,81.7,4,81.6,50,81.4,150,,,,,,,,,,,,,,,81.9,150,82.1,100,,,,,,,,,,,,,,,,
2026-07-01T01:00:14.427912+00:00,2026-07-01T01:00:14.421030,3,2,81.8,0.2,81.7,3,81.6,50,81.4,150,,,,,,,,,,,,,,,81.9,150,82.1,100,,,,,,,,,,,,,,,,
2026-07-01T01:00:15.078173+00:00,2026-07-01T01:00:15.077043,2,2,81.75,0.3,81.6,50,81.4,150,,,,,,,,,,,,,,,,,81.9,150,82.1,100,,,,,,,,,,,,,,,,
2026-07-01T01:00:15.232440+00:00,2026-07-01T01:00:15.224544,1,2,81.65,0.5,81.4,150,,,,,,,,,,,,,,,,,,,81.9,150,82.1,100,,,,,,,,,,,,,,,,
2026-07-01T01:00:15.458397+00:00,2026-07-01T01:00:15.450607,1,1,81.65,0.5,81.4,150,,,,,,,,,,,,,,,,,,,81.9,150,,,,,,,,,,,,,,,,,,
2026-07-01T01:00:15.509828+00:00,2026-07-01T01:00:15.503407,2,1,81.65,0.5,81.4,150,81.0,100,,,,,,,,,,,,,,,,,81.9,150,,,,,,,,,,,,,,,,,,
2026-07-01T01:00:15.573111+00:00,2026-07-01T01:00:15.571925,2,2,81.45,0.1,81.4,150,81.0,100,,,,,,,,,,,,,,,,,81.5,97,81.9,150,,,,,,,,,,,,,,,,
2026-07-01T01:00:16.024145+00:00,2026-07-01T01:00:16.023494,2,2,81.45,0.1,81.4,150,81.0,100,,,,,,,,,,,,,,,,,81.5,92,81.9,150,,,,,,,,,,,,,,,,
2026-07-01T01:00:16.116246+00:00,2026-07-01T01:00:16.113341,2,2,81.45,0.1,81.4,150,81.0,100,,,,,,,,,,,,,,,,,81.5,87,81.9,150,,,,,,,,,,,,,,,,
2026-07-01T01:00:16.240374+00:00,2026-07-01T01:00:16.232698,2,2,81.45,0.1,81.4,150,81.0,100,,,,,,,,,,,,,,,,,81.5,82,81.9,150,,,,,,,,,,,,,,,,
2026-07-01T01:00:16.271311+00:00,2026-07-01T01:00:16.270358,1,1,81.25,0.5,81.0,100,,,,,,,,,,,,,,,,,,,81.5,82,,,,,,,,,,,,,,,,,,
2026-07-01T01:00:16.332897+00:00,2026-07-01T01:00:16.324328,2,1,81.4,0.2,81.3,150,81.0,100,,,,,,,,,,,,,,,,,81.5,82,,,,,,,,,,,,,,,,,,
2026-07-01T01:00:16.385014+00:00,2026-07-01T01:00:16.383736,2,2,81.4,0.2,81.3,150,81.0,100,,,,,,,,,,,,,,,,,81.5,71,81.8,150,,,,,,,,,,,,,,,,
2026-07-01T01:00:16.967116+00:00,2026-07-01T01:00:16.966061,2,2,81.4,0.2,81.3,102,81.0,100,,,,,,,,,,,,,,,,,81.5,59,81.8,150,,,,,,,,,,,,,,,,
2026-07-01T01:00:17.028659+00:00,2026-07-01T01:00:17.028311,2,2,81.4,0.2,81.3,102,81.0,100,,,,,,,,,,,,,,,,,81.5,54,81.8,150,,,,,,,,,,,,,,,,
2026-07-01T01:00:17.131210+00:00,2026-07-01T01:00:17.124144,2,2,81.4,0.2,81.3,102,81.0,100,,,,,,,,,,,,,,,,,81.5,49,81.8,150,,,,,,,,,,,,,,,,
2026-07-01T01:00:17.336250+00:00,2026-07-01T01:00:17.334675,2,2,81.4,0.2,81.3,52,81.0,100,,,,,,,,,,,,,,,,,81.5,44,81.8,150,,,,,,,,,,,,,,,,
2026-07-01T01:00:17.439459+00:00,2026-07-01T01:00:17.437678,2,1,81.55,0.5,81.3,52,81.0,100,,,,,,,,,,,,,,,,,81.8,146,,,,,,,,,,,,,,,,,,
2026-07-01T01:00:17.799307+00:00,2026-07-01T01:00:17.790728,2,1,81.55,0.5,81.3,52,81.0,100,,,,,,,,,,,,,,,,,81.8,146,,,,,,,,,,,,,,,,,,
2026-07-01T01:00:18.614638+00:00,2026-07-01T01:00:18.609317,1,1,81.55,0.5,81.3,52,,,,,,,,,,,,,,,,,,,81.8,146,,,,,,,,,,,,,,,,,,
2026-07-01T01:00:18.666051+00:00,2026-07-01T01:00:18.663959,1,1,81.55,0.5,81.3,152,,,,,,,,,,,,,,,,,,,81.8,146,,,,,,,,,,,,,,,,,,
2026-07-01T01:00:18.717417+00:00,2026-07-01T01:00:18.714982,1,1,81.55,0.5,81.3,152,,,,,,,,,,,,,,,,,,,81.8,246,,,,,,,,,,,,,,,,,,
2026-07-01T01:00:19.158593+00:00,2026-07-01T01:00:19.155993,2,1,81.65,0.3,81.5,4,81.3,152,,,,,,,,,,,,,,,,,81.8,246,,,,,,,,,,,,,,,,,,
2026-07-01T01:00:19.343670+00:00,2026-07-01T01:00:19.341548,2,1,81.65,0.3,81.5,4,81.3,152,,,,,,,,,,,,,,,,,81.8,248,,,,,,,,,,,,,,,,,,
2026-07-01T01:00:19.436150+00:00,2026-07-01T01:00:19.434601,2,1,81.65,0.3,81.5,4,81.3,100,,,,,,,,,,,,,,,,,81.8,102,,,,,,,,,,,,,,,,,,
2026-07-01T01:00:19.446413+00:00,2026-07-01T01:00:19.440510,1,1,81.55,0.5,81.3,54,,,,,,,,,,,,,,,,,,,81.8,102,,,,,,,,,,,,,,,,,,
2026-07-01T01:00:19.497859+00:00,2026-07-01T01:00:19.490295,2,1,81.55,0.5,81.3,54,81.0,150,,,,,,,,,,,,,,,,,81.8,102,,,,,,,,,,,,,,,,,,
2026-07-01T01:00:19.549174+00:00,2026-07-01T01:00:19.543138,2,2,81.4,0.2,81.3,54,81.0,150,,,,,,,,,,,,,,,,,81.5,150,81.8,102,,,,,,,,,,,,,,,,
2026-07-01T01:00:21.375220+00:00,2026-07-01T01:00:21.370808,2,2,81.4,0.2,81.3,54,81.0,150,,,,,,,,,,,,,,,,,81.5,148,81.8,102,,,,,,,,,,,,,,,,
2026-07-01T01:00:21.447217+00:00,2026-07-01T01:00:21.444270,2,2,81.4,0.2,81.3,54,81.0,150,,,,,,,,,,,,,,,,,81.5,146,81.8,102,,,,,,,,,,,,,,,,
2026-07-01T01:00:21.467854+00:00,2026-07-01T01:00:21.467163,2,2,81.4,0.2,81.3,54,81.0,150,,,,,,,,,,,,,,,,,81.5,144,81.8,102,,,,,,,,,,,,,,,,
2026-07-01T01:00:21.498662+00:00,2026-07-01T01:00:21.495410,3,2,81.45,0.1,81.4,2,81.3,54,81.0,150,,,,,,,,,,,,,,,81.5,144,81.8,102,,,,,,,,,,,,,,,,
2026-07-01T01:00:21.560458+00:00,2026-07-01T01:00:21.552985,2,2,81.4,0.2,81.3,6,81.0,150,,,,,,,,,,,,,,,,,81.5,144,81.8,102,,,,,,,,,,,,,,,,
2026-07-01T01:00:21.768717+00:00,2026-07-01T01:00:21.767931,2,2,81.4,0.2,81.3,6,81.0,150,,,,,,,,,,,,,,,,,81.5,144,81.8,2,,,,,,,,,,,,,,,,
2026-07-01T01:00:21.779146+00:00,2026-07-01T01:00:21.769616,1,2,81.25,0.5,81.0,150,,,,,,,,,,,,,,,,,,,81.5,144,81.8,2,,,,,,,,,,,,,,,,
2026-07-01T01:00:21.831140+00:00,2026-07-01T01:00:21.822569,2,2,81.3,0.4,81.1,100,81.0,150,,,,,,,,,,,,,,,,,81.5,144,81.8,2,,,,,,,,,,,,,,,,
2026-07-01T01:00:21.892969+00:00,2026-07-01T01:00:21.886016,2,3,81.3,0.4,81.1,100,81.0,150,,,,,,,,,,,,,,,,,81.5,144,81.6,100,81.8,2,,,,,,,,,,,,,,
2026-07-01T01:00:22.140244+00:00,2026-07-01T01:00:22.138472,2,3,81.3,0.4,81.1,100,81.0,150,,,,,,,,,,,,,,,,,81.5,96,81.6,100,81.8,2,,,,,,,,,,,,,,
2026-07-01T01:00:22.501780+00:00,2026-07-01T01:00:22.492706,2,3,81.3,0.4,81.1,100,81.0,150,,,,,,,,,,,,,,,,,81.5,96,81.6,100,81.8,1,,,,,,,,,,,,,,
2026-07-01T01:00:22.604547+00:00,2026-07-01T01:00:22.598013,1,2,81.35,0.5,81.1,100,,,,,,,,,,,,,,,,,,,81.6,100,81.8,1,,,,,,,,,,,,,,,,
2026-07-01T01:00:22.655849+00:00,2026-07-01T01:00:22.650626,2,2,81.45,0.3,81.3,150,81.1,100,,,,,,,,,,,,,,,,,81.6,100,81.8,1,,,,,,,,,,,,,,,,
2026-07-01T01:00:22.707533+00:00,2026-07-01T01:00:22.703132,2,2,81.45,0.3,81.3,150,81.1,100,,,,,,,,,,,,,,,,,81.6,100,81.8,151,,,,,,,,,,,,,,,,
2026-07-01T01:00:23.253031+00:00,2026-07-01T01:00:23.248321,2,2,81.45,0.3,81.3,150,81.1,100,,,,,,,,,,,,,,,,,81.6,100,81.8,150,,,,,,,,,,,,,,,,
2026-07-01T01:00:23.664600+00:00,2026-07-01T01:00:23.657550,2,2,81.45,0.3,81.3,100,81.1,100,,,,,,,,,,,,,,,,,81.6,100,81.8,150,,,,,,,,,,,,,,,,
2026-07-01T01:00:23.991766+00:00,2026-07-01T01:00:23.991704,3,2,81.5,0.2,81.4,5,81.3,100,81.1,100,,,,,,,,,,,,,,,81.6,100,81.8,150,,,,,,,,,,,,,,,,
2026-07-01T01:00:24.946965+00:00,2026-07-01T01:00:24.944357,2,1,81.6,0.4,81.4,5,81.3,100,,,,,,,,,,,,,,,,,81.8,150,,,,,,,,,,,,,,,,,,
2026-07-01T01:00:24.998349+00:00,2026-07-01T01:00:24.997609,3,1,81.6,0.4,81.4,5,81.3,100,81.0,100,,,,,,,,,,,,,,,81.8,150,,,,,,,,,,,,,,,,,,
2026-07-01T01:00:25.060287+00:00,2026-07-01T01:00:25.052319,3,2,81.45,0.1,81.4,5,81.3,100,81.0,100,,,,,,,,,,,,,,,81.5,100,81.8,150,,,,,,,,,,,,,,,,
2026-07-01T01:00:25.070699+00:00,2026-07-01T01:00:25.064673,2,2,81.4,0.2,81.3,62,81.0,100,,,,,,,,,,,,,,,,,81.5,100,81.8,150,,,,,,,,,,,,,,,,
2026-07-01T01:00:25.577591+00:00,2026-07-01T01:00:25.576338,2,2,81.4,0.2,81.3,62,81.0,100,,,,,,,,,,,,,,,,,81.5,95,81.8,150,,,,,,,,,,,,,,,,
2026-07-01T01:00:25.598260+00:00,2026-07-01T01:00:25.595787,2,2,81.4,0.2,81.3,21,81.0,100,,,,,,,,,,,,,,,,,81.5,95,81.8,150,,,,,,,,,,,,,,,,
2026-07-01T01:00:25.763477+00:00,2026-07-01T01:00:25.761868,2,1,81.4,0.2,81.3,21,81.0,100,,,,,,,,,,,,,,,,,81.5,95,,,,,,,,,,,,,,,,,,
2026-07-01T01:00:25.773785+00:00,2026-07-01T01:00:25.767045,1,1,81.25,0.5,81.0,50,,,,,,,,,,,,,,,,,,,81.5,95,,,,,,,,,,,,,,,,,,
2026-07-01T01:00:25.825899+00:00,2026-07-01T01:00:25.816073,2,1,81.25,0.5,81.0,50,80.8,150,,,,,,,,,,,,,,,,,81.5,95,,,,,,,,,,,,,,,,,,
2026-07-01T01:00:25.890463+00:00,2026-07-01T01:00:25.889031,2,2,81.15,0.3,81.0,50,80.8,150,,,,,,,,,,,,,,,,,81.3,127,81.5,95,,,,,,,,,,,,,,,,
2026-07-01T01:00:26.158904+00:00,2026-07-01T01:00:26.153024,2,2,81.15,0.3,81.0,50,80.8,150,,,,,,,,,,,,,,,,,81.3,122,81.5,95,,,,,,,,,,,,,,,,
2026-07-01T01:00:26.292469+00:00,2026-07-01T01:00:26.292363,2,2,81.15,0.3,81.0,50,80.8,150,,,,,,,,,,,,,,,,,81.3,117,81.5,95,,,,,,,,,,,,,,,,
2026-07-01T01:00:27.823879+00:00,2026-07-01T01:00:27.822057,2,2,81.15,0.3,81.0,50,80.8,150,,,,,,,,,,,,,,,,,81.3,67,81.5,95,,,,,,,,,,,,,,,,
2026-07-01T01:00:28.111947+00:00,2026-07-01T01:00:28.108860,1,1,81.05,0.5,80.8,150,,,,,,,,,,,,,,,,,,,81.3,67,,,,,,,,,,,,,,,,,,
2026-07-01T01:00:28.163062+00:00,2026-07-01T01:00:28.162135,2,1,81.1,0.4,80.9,100,80.8,150,,,,,,,,,,,,,,,,,81.3,67,,,,,,,,,,,,,,,,,,
2026-07-01T01:00:28.183746+00:00,2026-07-01T01:00:28.181284,2,1,81.1,0.4,80.9,100,80.8,150,,,,,,,,,,,,,,,,,81.3,20,,,,,,,,,,,,,,,,,,
2026-07-01T01:00:28.214529+00:00,2026-07-01T01:00:28.214148,2,2,81.1,0.4,80.9,100,80.8,150,,,,,,,,,,,,,,,,,81.3,20,81.4,100,,,,,,,,,,,,,,,,
2026-07-01T01:00:28.943061+00:00,2026-07-01T01:00:28.940117,1,1,81.15,0.5,80.9,100,,,,,,,,,,,,,,,,,,,81.4,100,,,,,,,,,,,,,,,,,,
2026-07-01T01:00:28.994408+00:00,2026-07-01T01:00:28.992687,2,1,81.25,0.3,81.1,150,80.9,100,,,,,,,,,,,,,,,,,81.4,100,,,,,,,,,,,,,,,,,,
2026-07-01T01:00:29.055999+00:00,2026-07-01T01:00:29.046042,2,2,81.25,0.3,81.1,150,80.9,100,,,,,,,,,,,,,,,,,81.4,100,81.6,150,,,,,,,,,,,,,,,,
2026-07-01T01:00:29.803579+00:00,2026-07-01T01:00:29.801276,2,2,81.25,0.3,81.1,150,80.9,100,,,,,,,,,,,,,,,,,81.4,52,81.6,150,,,,,,,,,,,,,,,,
2026-07-01T01:00:29.937895+00:00,2026-07-01T01:00:29.929422,2,2,81.25,0.3,81.1,150,80.9,100,,,,,,,,,,,,,,,,,81.4,2,81.6,150,,,,,,,,,,,,,,,,
2026-07-01T01:00:30.485681+00:00,2026-07-01T01:00:30.483893,3,2,81.3,0.2,81.2,3,81.1,150,80.9,100,,,,,,,,,,,,,,,81.4,2,81.6,150,,,,,,,,,,,,,,,,
2026-07-01T01:00:30.649371+00:00,2026-07-01T01:00:30.643044,3,3,81.3,0.2,81.2,3,81.1,150,80.9,100,,,,,,,,,,,,,,,81.4,2,81.5,3,81.6,150,,,,,,,,,,,,,,
2026-07-01T01:00:31.194005+00:00,2026-07-01T01:00:31.190473,3,3,81.3,0.2,81.2,3,81.1,150,80.9,100,,,,,,,,,,,,,,,81.4,2,81.5,2,81.6,150,,,,,,,,,,,,,,
2026-07-01T01:00:31.276833+00:00,2026-07-01T01:00:31.271470,2,2,81.35,0.3,81.2,3,81.1,150,,,,,,,,,,,,,,,,,81.5,2,81.6,150,,,,,,,,,,,,,,,,
2026-07-01T01:00:31.328423+00:00,2026-07-01T01:00:31.324006,3,2,81.4,0.2,81.3,100,81.2,3,81.1,150,,,,,,,,,,,,,,,81.5,2,81.6,150,,,,,,,,,,,,,,,,
2026-07-01T01:00:31.390371+00:00,2026-07-01T01:00:31.386506,3,3,81.4,0.2,81.3,100,81.2,3,81.1,150,,,,,,,,,,,,,,,81.5,2,81.6,150,81.8,100,,,,,,,,,,,,,,
2026-07-01T01:00:32.046528+00:00,2026-07-01T01:00:32.037823,3,2,81.45,0.3,81.3,100,81.2,3,81.1,150,,,,,,,,,,,,,,,81.6,102,81.8,100,,,,,,,,,,,,,,,,
2026-07-01T01:00:32.108093+00:00,2026-07-01T01:00:32.103181,2,1,81.55,0.5,81.3,100,81.2,3,,,,,,,,,,,,,,,,,81.8,100,,,,,,,,,,,,,,,,,,
2026-07-01T01:00:32.159517+00:00,2026-07-01T01:00:32.153811,3,1,81.6,0.4,81.4,150,81.3,100,81.2,3,,,,,,,,,,,,,,,81.8,100,,,,,,,,,,,,,,,,,,
2026-07-01T01:00:32.210833+00:00,2026-07-01T01:00:32.206381,3,2,81.6,0.4,81.4,150,81.3,100,81.2,3,,,,,,,,,,,,,,,81.8,100,81.9,150,,,,,,,,,,,,,,,,
2026-07-01T01:00:33.443374+00:00,2026-07-01T01:00:33.442362,3,2,81.6,0.4,81.4,138,81.3,100,81.2,3,,,,,,,,,,,,,,,81.8,100,81.9,150,,,,,,,,,,,,,,,,
2026-07-01T01:00:33.484520+00:00,2026-07-01T01:00:33.483657,3,3,81.5,0.2,81.4,138,81.3,100,81.2,3,,,,,,,,,,,,,,,81.6,1,81.8,100,81.9,150,,,,,,,,,,,,,,
2026-07-01T01:00:33.525624+00:00,2026-07-01T01:00:33.516219,3,2,81.6,0.4,81.4,138,81.3,100,81.2,3,,,,,,,,,,,,,,,81.8,100,81.9,150,,,,,,,,,,,,,,,,
2026-07-01T01:00:34.441317+00:00,2026-07-01T01:00:34.434732,2,1,81.65,0.5,81.4,138,81.2,3,,,,,,,,,,,,,,,,,81.9,150,,,,,,,,,,,,,,,,,,
2026-07-01T01:00:34.492619+00:00,2026-07-01T01:00:34.487777,3,1,81.65,0.5,81.4,138,81.3,100,81.2,3,,,,,,,,,,,,,,,81.9,150,,,,,,,,,,,,,,,,,,
2026-07-01T01:00:34.543977+00:00,2026-07-01T01:00:34.543283,3,3,81.5,0.2,81.4,138,81.3,100,81.2,3,,,,,,,,,,,,,,,81.6,1,81.8,100,81.9,150,,,,,,,,,,,,,,
2026-07-01T01:00:34.574955+00:00,2026-07-01T01:00:34.574569,3,2,81.6,0.4,81.4,138,81.3,100,81.2,3,,,,,,,,,,,,,,,81.8,100,81.9,150,,,,,,,,,,,,,,,,
2026-07-01T01:00:34.759205+00:00,2026-07-01T01:00:34.754793,3,3,81.5,0.2,81.4,138,81.3,100,81.2,3,,,,,,,,,,,,,,,81.6,1,81.8,100,81.9,150,,,,,,,,,,,,,,
2026-07-01T01:00:34.800390+00:00,2026-07-01T01:00:34.790871,3,2,81.6,0.4,81.4,138,81.3,100,81.2,3,,,,,,,,,,,,,,,81.8,100,81.9,150,,,,,,,,,,,,,,,,
2026-07-01T01:00:35.263620+00:00,2026-07-01T01:00:35.261475,2,1,81.55,0.5,81.3,100,81.2,3,,,,,,,,,,,,,,,,,81.8,100,,,,,,,,,,,,,,,,,,
2026-07-01T01:00:35.314961+00:00,2026-07-01T01:00:35.314430,3,1,81.6,0.4,81.4,150,81.3,100,81.2,3,,,,,,,,,,,,,,,81.8,100,,,,,,,,,,,,,,,,,,
2026-07-01T01:00:35.376746+00:00,2026-07-01T01:00:35.366817,3,2,81.6,0.4,81.4,150,81.3,100,81.2,3,,,,,,,,,,,,,,,81.8,100,81.9,150,,,,,,,,,,,,,,,,
2026-07-01T01:00:35.969213+00:00,2026-07-01T01:00:35.960322,3,3,81.5,0.2,81.4,150,81.3,100,81.2,3,,,,,,,,,,,,,,,81.6,1,81.8,100,81.9,150,,,,,,,,,,,,,,
2026-07-01T01:00:36.080000+00:00,2026-07-01T01:00:36.072462,3,2,81.6,0.4,81.4,150,81.3,100,81.2,3,,,,,,,,,,,,,,,81.8,100,81.9,150,,,,,,,,,,,,,,,,
2026-07-01T01:00:36.158639+00:00,2026-07-01T01:00:36.117110,3,3,81.5,0.2,81.4,150,81.3,100,81.2,3,,,,,,,,,,,,,,,81.6,1,81.8,100,81.9,150,,,,,,,,,,,,,,
2026-07-01T01:00:36.303628+00:00,2026-07-01T01:00:36.300555,3,3,81.5,0.2,81.4,100,81.3,100,81.2,3,,,,,,,,,,,,,,,81.6,1,81.8,100,81.9,150,,,,,,,,,,,,,,
2026-07-01T01:00:37.038992+00:00,2026-07-01T01:00:37.038504,3,2,81.6,0.4,81.4,100,81.3,100,81.2,3,,,,,,,,,,,,,,,81.8,100,81.9,150,,,,,,,,,,,,,,,,
2026-07-01T01:00:37.604530+00:00,2026-07-01T01:00:37.598396,2,1,81.65,0.5,81.4,100,81.2,3,,,,,,,,,,,,,,,,,81.9,150,,,,,,,,,,,,,,,,,,
2026-07-01T01:00:37.655551+00:00,2026-07-01T01:00:37.653655,3,1,81.75,0.3,81.6,100,81.4,100,81.2,3,,,,,,,,,,,,,,,81.9,150,,,,,,,,,,,,,,,,,,
2026-07-01T01:00:37.706843+00:00,2026-07-01T01:00:37.705718,3,2,81.75,0.3,81.6,100,81.4,100,81.2,3,,,,,,,,,,,,,,,81.9,150,82.1,100,,,,,,,,,,,,,,,,
2026-07-01T01:00:38.414966+00:00,2026-07-01T01:00:38.408271,3,2,81.75,0.3,81.6,50,81.4,100,81.2,3,,,,,,,,,,,,,,,81.9,150,82.1,100,,,,,,,,,,,,,,,,
2026-07-01T01:00:38.425246+00:00,2026-07-01T01:00:38.421779,2,1,81.85,0.5,81.6,50,81.2,3,,,,,,,,,,,,,,,,,82.1,100,,,,,,,,,,,,,,,,,,
2026-07-01T01:00:38.476561+00:00,2026-07-01T01:00:38.474455,3,1,81.85,0.5,81.6,50,81.5,150,81.2,3,,,,,,,,,,,,,,,82.1,100,,,,,,,,,,,,,,,,,,
2026-07-01T01:00:38.527921+00:00,2026-07-01T01:00:38.527108,3,2,81.8,0.4,81.6,50,81.5,150,81.2,3,,,,,,,,,,,,,,,82.0,150,82.1,100,,,,,,,,,,,,,,,,
2026-07-01T01:00:38.548475+00:00,2026-07-01T01:00:38.545807,2,2,81.8,0.4,81.6,50,81.5,150,,,,,,,,,,,,,,,,,82.0,150,82.1,100,,,,,,,,,,,,,,,,
2026-07-01T01:00:38.558732+00:00,2026-07-01T01:00:38.554897,3,2,81.8,0.4,81.6,50,81.5,150,81.4,5,,,,,,,,,,,,,,,82.0,150,82.1,100,,,,,,,,,,,,,,,,
2026-07-01T01:00:38.958003+00:00,2026-07-01T01:00:38.952469,3,2,81.8,0.4,81.6,10,81.5,150,81.4,5,,,,,,,,,,,,,,,82.0,150,82.1,100,,,,,,,,,,,,,,,,
2026-07-01T01:00:40.015868+00:00,2026-07-01T01:00:40.010403,2,2,81.75,0.5,81.5,115,81.4,5,,,,,,,,,,,,,,,,,82.0,150,82.1,100,,,,,,,,,,,,,,,,
2026-07-01T01:00:40.467163+00:00,2026-07-01T01:00:40.466080,2,2,81.75,0.5,81.5,115,81.4,5,,,,,,,,,,,,,,,,,82.0,110,82.1,100,,,,,,,,,,,,,,,,
2026-07-01T01:00:40.518757+00:00,2026-07-01T01:00:40.514764,2,2,81.75,0.5,81.5,65,81.4,5,,,,,,,,,,,,,,,,,82.0,110,82.1,100,,,,,,,,,,,,,,,,
2026-07-01T01:00:40.764682+00:00,2026-07-01T01:00:40.759271,2,1,81.75,0.5,81.5,65,81.4,5,,,,,,,,,,,,,,,,,82.0,110,,,,,,,,,,,,,,,,,,
2026-07-01T01:00:40.816041+00:00,2026-07-01T01:00:40.811456,3,1,81.75,0.5,81.5,65,81.4,5,81.3,100,,,,,,,,,,,,,,,82.0,110,,,,,,,,,,,,,,,,,,
2026-07-01T01:00:40.867239+00:00,2026-07-01T01:00:40.863687,3,2,81.65,0.3,81.5,65,81.4,5,81.3,100,,,,,,,,,,,,,,,81.8,100,82.0,110,,,,,,,,,,,,,,,,
2026-07-01T01:00:41.584290+00:00,2026-07-01T01:00:41.582110,2,1,81.6,0.4,81.4,5,81.3,100,,,,,,,,,,,,,,,,,81.8,100,,,,,,,,,,,,,,,,,,
2026-07-01T01:00:41.656149+00:00,2026-07-01T01:00:41.648534,3,1,81.6,0.4,81.4,5,81.3,100,81.2,150,,,,,,,,,,,,,,,81.8,100,,,,,,,,,,,,,,,,,,
2026-07-01T01:00:41.707455+00:00,2026-07-01T01:00:41.700480,3,2,81.55,0.3,81.4,5,81.3,100,81.2,150,,,,,,,,,,,,,,,81.7,150,81.8,100,,,,,,,,,,,,,,,,
2026-07-01T01:00:43.536491+00:00,2026-07-01T01:00:43.528814,3,2,81.55,0.3,81.4,5,81.3,100,81.2,150,,,,,,,,,,,,,,,81.7,108,81.8,100,,,,,,,,,,,,,,,,
2026-07-01T01:00:43.926282+00:00,2026-07-01T01:00:43.919533,2,1,81.55,0.3,81.4,5,81.2,150,,,,,,,,,,,,,,,,,81.7,108,,,,,,,,,,,,,,,,,,
2026-07-01T01:00:43.977768+00:00,2026-07-01T01:00:43.976487,3,1,81.55,0.3,81.4,5,81.2,150,81.1,100,,,,,,,,,,,,,,,81.7,108,,,,,,,,,,,,,,,,,,
2026-07-01T01:00:44.029550+00:00,2026-07-01T01:00:44.029450,3,2,81.5,0.2,81.4,5,81.2,150,81.1,100,,,,,,,,,,,,,,,81.6,100,81.7,108,,,,,,,,,,,,,,,,
2026-07-01T01:00:44.102282+00:00,2026-07-01T01:00:44.098392,2,2,81.4,0.4,81.2,110,81.1,100,,,,,,,,,,,,,,,,,81.6,100,81.7,108,,,,,,,,,,,,,,,,
2026-07-01T01:00:44.257291+00:00,2026-07-01T01:00:44.252027,3,2,81.5,0.2,81.4,5,81.2,110,81.1,100,,,,,,,,,,,,,,,81.6,100,81.7,108,,,,,,,,,,,,,,,,
2026-07-01T01:00:44.690272+00:00,2026-07-01T01:00:44.685071,3,2,81.5,0.2,81.4,5,81.2,110,81.1,100,,,,,,,,,,,,,,,81.6,50,81.7,108,,,,,,,,,,,,,,,,
2026-07-01T01:00:44.762155+00:00,2026-07-01T01:00:44.755113,2,1,81.5,0.2,81.4,5,81.1,100,,,,,,,,,,,,,,,,,81.6,50,,,,,,,,,,,,,,,,,,
2026-07-01T01:00:44.813424+00:00,2026-07-01T01:00:44.808045,3,1,81.5,0.2,81.4,5,81.2,150,81.1,100,,,,,,,,,,,,,,,81.6,50,,,,,,,,,,,,,,,,,,
2026-07-01T01:00:44.864983+00:00,2026-07-01T01:00:44.860942,3,2,81.5,0.2,81.4,5,81.2,150,81.1,100,,,,,,,,,,,,,,,81.6,50,81.7,150,,,,,,,,,,,,,,,,
2026-07-01T01:00:46.251443+00:00,2026-07-01T01:00:46.247164,2,2,81.4,0.4,81.2,115,81.1,100,,,,,,,,,,,,,,,,,81.6,50,81.7,150,,,,,,,,,,,,,,,,
2026-07-01T01:00:46.799318+00:00,2026-07-01T01:00:46.792695,2,1,81.45,0.5,81.2,115,81.1,100,,,,,,,,,,,,,,,,,81.7,150,,,,,,,,,,,,,,,,,,
2026-07-01T01:00:47.107793+00:00,2026-07-01T01:00:47.106185,1,1,81.45,0.5,81.2,115,,,,,,,,,,,,,,,,,,,81.7,150,,,,,,,,,,,,,,,,,,
2026-07-01T01:00:47.159401+00:00,2026-07-01T01:00:47.156888,2,1,81.55,0.3,81.4,100,81.2,115,,,,,,,,,,,,,,,,,81.7,150,,,,,,,,,,,,,,,,,,
2026-07-01T01:00:47.220924+00:00,2026-07-01T01:00:47.210958,2,2,81.55,0.3,81.4,100,81.2,115,,,,,,,,,,,,,,,,,81.7,150,81.9,100,,,,,,,,,,,,,,,,
2026-07-01T01:00:47.374393+00:00,2026-07-01T01:00:47.368688,2,2,81.55,0.3,81.4,100,81.2,115,,,,,,,,,,,,,,,,,81.7,109,81.9,100,,,,,,,,,,,,,,,,
2026-07-01T01:00:47.528434+00:00,2026-07-01T01:00:47.520811,2,3,81.5,0.2,81.4,100,81.2,115,,,,,,,,,,,,,,,,,81.6,6,81.7,109,81.9,100,,,,,,,,,,,,,,
2026-07-01T01:00:47.918302+00:00,2026-07-01T01:00:47.916990,1,2,81.5,0.2,81.4,100,,,,,,,,,,,,,,,,,,,81.6,6,81.9,100,,,,,,,,,,,,,,,,
2026-07-01T01:00:47.979716+00:00,2026-07-01T01:00:47.970083,2,2,81.5,0.2,81.4,100,81.3,150,,,,,,,,,,,,,,,,,81.6,6,81.9,100,,,,,,,,,,,,,,,,
2026-07-01T01:00:48.030999+00:00,2026-07-01T01:00:48.024486,2,3,81.5,0.2,81.4,100,81.3,150,,,,,,,,,,,,,,,,,81.6,6,81.8,150,81.9,100,,,,,,,,,,,,,,
2026-07-01T01:00:48.545767+00:00,2026-07-01T01:00:48.539316,2,2,81.6,0.4,81.4,100,81.3,151,,,,,,,,,,,,,,,,,81.8,150,81.9,100,,,,,,,,,,,,,,,,
2026-07-01T01:00:48.576690+00:00,2026-07-01T01:00:48.576378,2,3,81.55,0.3,81.4,100,81.3,151,,,,,,,,,,,,,,,,,81.7,6,81.8,150,81.9,100,,,,,,,,,,,,,,
2026-07-01T01:00:48.905467+00:00,2026-07-01T01:00:48.900580,2,2,81.6,0.4,81.4,100,81.3,151,,,,,,,,,,,,,,,,,81.8,106,81.9,100,,,,,,,,,,,,,,,,
2026-07-01T01:00:48.947108+00:00,2026-07-01T01:00:48.937423,2,3,81.55,0.3,81.4,100,81.3,151,,,,,,,,,,,,,,,,,81.7,5,81.8,106,81.9,100,,,,,,,,,,,,,,
2026-07-01T01:00:49.573920+00:00,2026-07-01T01:00:49.563872,2,3,81.55,0.3,81.4,60,81.3,151,,,,,,,,,,,,,,,,,81.7,5,81.8,106,81.9,100,,,,,,,,,,,,,,
2026-07-01T01:00:50.047372+00:00,2026-07-01T01:00:50.041655,2,3,81.55,0.3,81.4,60,81.3,151,,,,,,,,,,,,,,,,,81.7,3,81.8,106,81.9,100,,,,,,,,,,,,,,
2026-07-01T01:00:50.273065+00:00,2026-07-01T01:00:50.272990,1,2,81.5,0.4,81.3,151,,,,,,,,,,,,,,,,,,,81.7,3,81.8,106,,,,,,,,,,,,,,,,
2026-07-01T01:00:50.334703+00:00,2026-07-01T01:00:50.325129,2,2,81.6,0.2,81.5,100,81.3,151,,,,,,,,,,,,,,,,,81.7,3,81.8,106,,,,,,,,,,,,,,,,
2026-07-01T01:00:50.385838+00:00,2026-07-01T01:00:50.377196,2,3,81.6,0.2,81.5,100,81.3,151,,,,,,,,,,,,,,,,,81.7,3,81.8,106,82.0,100,,,,,,,,,,,,,,
2026-07-01T01:00:51.016112+00:00,2026-07-01T01:00:51.007570,2,2,81.65,0.3,81.5,100,81.3,151,,,,,,,,,,,,,,,,,81.8,59,82.0,100,,,,,,,,,,,,,,,,
2026-07-01T01:00:51.088089+00:00,2026-07-01T01:00:51.080926,2,1,81.75,0.5,81.5,100,81.3,1,,,,,,,,,,,,,,,,,82.0,100,,,,,,,,,,,,,,,,,,
2026-07-01T01:00:51.139912+00:00,2026-07-01T01:00:51.135325,3,1,81.85,0.3,81.7,150,81.5,100,81.3,1,,,,,,,,,,,,,,,82.0,100,,,,,,,,,,,,,,,,,,
2026-07-01T01:00:51.191414+00:00,2026-07-01T01:00:51.189050,3,2,81.85,0.3,81.7,150,81.5,100,81.3,1,,,,,,,,,,,,,,,82.0,100,82.2,150,,,,,,,,,,,,,,,,
2026-07-01T01:00:53.118399+00:00,2026-07-01T01:00:53.114399,3,2,81.85,0.3,81.7,150,81.5,100,81.3,1,,,,,,,,,,,,,,,82.0,50,82.2,150,,,,,,,,,,,,,,,,
2026-07-01T01:00:53.438572+00:00,2026-07-01T01:00:53.434978,1,1,81.95,0.5,81.7,150,,,,,,,,,,,,,,,,,,,82.2,150,,,,,,,,,,,,,,,,,,
2026-07-01T01:00:53.459204+00:00,2026-07-01T01:00:53.450191,2,1,81.95,0.5,81.7,150,81.5,5,,,,,,,,,,,,,,,,,82.2,150,,,,,,,,,,,,,,,,,,
2026-07-01T01:00:53.489874+00:00,2026-07-01T01:00:53.486030,2,1,81.95,0.5,81.7,250,81.5,5,,,,,,,,,,,,,,,,,82.2,150,,,,,,,,,,,,,,,,,,
2026-07-01T01:00:53.541264+00:00,2026-07-01T01:00:53.538676,2,1,81.95,0.5,81.7,250,81.5,5,,,,,,,,,,,,,,,,,82.2,250,,,,,,,,,,,,,,,,,,
2026-07-01T01:00:54.248041+00:00,2026-07-01T01:00:54.245896,2,1,81.95,0.5,81.7,100,81.5,5,,,,,,,,,,,,,,,,,82.2,100,,,,,,,,,,,,,,,,,,
2026-07-01T01:00:54.309571+00:00,2026-07-01T01:00:54.299547,3,1,82.0,0.4,81.8,150,81.7,100,81.5,5,,,,,,,,,,,,,,,82.2,100,,,,,,,,,,,,,,,,,,
2026-07-01T01:00:54.361249+00:00,2026-07-01T01:00:54.358895,3,2,82.0,0.4,81.8,150,81.7,100,81.5,5,,,,,,,,,,,,,,,82.2,100,82.3,150,,,,,,,,,,,,,,,,
2026-07-01T01:00:55.224799+00:00,2026-07-01T01:00:55.224307,3,2,82.0,0.4,81.8,150,81.7,100,81.5,5,,,,,,,,,,,,,,,82.2,50,82.3,150,,,,,,,,,,,,,,,,
2026-07-01T01:00:55.748530+00:00,2026-07-01T01:00:55.747371,3,2,82.0,0.4,81.8,139,81.7,100,81.5,5,,,,,,,,,,,,,,,82.2,50,82.3,150,,,,,,,,,,,,,,,,
2026-07-01T01:00:56.600676+00:00,2026-07-01T01:00:56.593962,2,1,82.05,0.5,81.8,139,81.5,5,,,,,,,,,,,,,,,,,82.3,150,,,,,,,,,,,,,,,,,,
2026-07-01T01:00:56.651927+00:00,2026-07-01T01:00:56.647764,2,1,82.05,0.5,81.8,239,81.5,5,,,,,,,,,,,,,,,,,82.3,150,,,,,,,,,,,,,,,,,,
2026-07-01T01:00:56.703099+00:00,2026-07-01T01:00:56.700385,2,1,82.05,0.5,81.8,239,81.5,5,,,,,,,,,,,,,,,,,82.3,250,,,,,,,,,,,,,,,,,,
2026-07-01T01:00:57.055425+00:00,2026-07-01T01:00:57.054366,2,1,82.05,0.5,81.8,227,81.5,5,,,,,,,,,,,,,,,,,82.3,250,,,,,,,,,,,,,,,,,,
2026-07-01T01:00:57.413908+00:00,2026-07-01T01:00:57.413238,2,1,82.05,0.5,81.8,177,81.5,5,,,,,,,,,,,,,,,,,82.3,250,,,,,,,,,,,,,,,,,,
2026-07-01T01:00:57.445131+00:00,2026-07-01T01:00:57.445073,2,1,82.05,0.5,81.8,100,81.5,5,,,,,,,,,,,,,,,,,82.3,100,,,,,,,,,,,,,,,,,,
2026-07-01T01:00:57.496383+00:00,2026-07-01T01:00:57.496329,3,1,82.05,0.5,81.8,100,81.5,5,81.3,150,,,,,,,,,,,,,,,82.3,100,,,,,,,,,,,,,,,,,,
2026-07-01T01:00:57.558449+00:00,2026-07-01T01:00:57.550535,2,2,81.65,0.3,81.5,5,81.3,150,,,,,,,,,,,,,,,,,81.8,50,82.3,100,,,,,,,,,,,,,,,,
2026-07-01T01:00:57.630595+00:00,2026-07-01T01:00:57.627700,2,2,81.65,0.3,81.5,5,81.3,150,,,,,,,,,,,,,,,,,81.8,4,82.3,100,,,,,,,,,,,,,,,,
2026-07-01T01:00:58.678818+00:00,2026-07-01T01:00:58.678219,1,2,81.55,0.5,81.3,110,,,,,,,,,,,,,,,,,,,81.8,4,82.3,100,,,,,,,,,,,,,,,,
2026-07-01T01:00:59.006468+00:00,2026-07-01T01:00:59.001562,2,2,81.7,0.2,81.6,6,81.3,110,,,,,,,,,,,,,,,,,81.8,4,82.3,100,,,,,,,,,,,,,,,,
2026-07-01T01:00:59.448252+00:00,2026-07-01T01:00:59.438852,2,2,81.7,0.2,81.6,5,81.3,110,,,,,,,,,,,,,,,,,81.8,4,82.3,100,,,,,,,,,,,,,,,,
2026-07-01T01:00:59.530288+00:00,2026-07-01T01:00:59.521561,1,2,81.55,0.5,81.3,65,,,,,,,,,,,,,,,,,,,81.8,4,82.3,100,,,,,,,,,,,,,,,,
2026-07-01T01:00:59.551021+00:00,2026-07-01T01:00:59.545466,2,2,81.7,0.2,81.6,5,81.3,65,,,,,,,,,,,,,,,,,81.8,4,82.3,100,,,,,,,,,,,,,,,,
2026-07-01T01:00:59.755455+00:00,2026-07-01T01:00:59.754887,2,1,81.7,0.2,81.6,5,81.3,65,,,,,,,,,,,,,,,,,81.8,4,,,,,,,,,,,,,,,,,,
2026-07-01T01:00:59.817293+00:00,2026-07-01T01:00:59.816400,3,1,81.7,0.2,81.6,5,81.4,100,81.3,65,,,,,,,,,,,,,,,81.8,4,,,,,,,,,,,,,,,,,,
2026-07-01T01:00:59.878968+00:00,2026-07-01T01:00:59.869211,3,2,81.7,0.2,81.6,5,81.4,100,81.3,65,,,,,,,,,,,,,,,81.8,4,81.9,100,,,,,,,,,,,,,,,,
2026-07-01T01:01:00.238476+00:00,2026-07-01T01:01:00.228618,3,2,81.7,0.2,81.6,4,81.4,100,81.3,65,,,,,,,,,,,,,,,81.8,4,81.9,100,,,,,,,,,,,,,,,,
2026-07-01T01:01:00.609746+00:00,2026-07-01T01:01:00.605031,2,1,81.75,0.3,81.6,4,81.4,100,,,,,,,,,,,,,,,,,81.9,100,,,,,,,,,,,,,,,,,,
2026-07-01T01:01:00.661423+00:00,2026-07-01T01:01:00.657680,2,1,81.75,0.3,81.6,154,81.4,100,,,,,,,,,,,,,,,,,81.9,100,,,,,,,,,,,,,,,,,,
2026-07-01T01:01:00.713220+00:00,2026-07-01T01:01:00.709311,2,2,81.75,0.3,81.6,154,81.4,100,,,,,,,,,,,,,,,,,81.9,100,82.1,150,,,,,,,,,,,,,,,,
2026-07-01T01:01:01.226878+00:00,2026-07-01T01:01:01.223411,2,2,81.75,0.3,81.6,153,81.4,100,,,,,,,,,,,,,,,,,81.9,100,82.1,150,,,,,,,,,,,,,,,,
2026-07-01T01:01:02.237598+00:00,2026-07-01T01:01:02.228140,2,2,81.75,0.3,81.6,153,81.4,100,,,,,,,,,,,,,,,,,81.9,103,82.1,150,,,,,,,,,,,,,,,,
2026-07-01T01:01:02.927009+00:00,2026-07-01T01:01:02.925469,1,2,81.75,0.3,81.6,153,,,,,,,,,,,,,,,,,,,81.9,3,82.1,150,,,,,,,,,,,,,,,,
2026-07-01T01:01:02.989047+00:00,2026-07-01T01:01:02.979345,1,2,81.75,0.3,81.6,253,,,,,,,,,,,,,,,,,,,81.9,3,82.1,150,,,,,,,,,,,,,,,,
2026-07-01T01:01:03.040510+00:00,2026-07-01T01:01:03.032517,1,2,81.75,0.3,81.6,253,,,,,,,,,,,,,,,,,,,81.9,3,82.1,250,,,,,,,,,,,,,,,,
2026-07-01T01:01:03.566103+00:00,2026-07-01T01:01:03.558232,1,1,81.85,0.5,81.6,253,,,,,,,,,,,,,,,,,,,82.1,206,,,,,,,,,,,,,,,,,,
2026-07-01T01:01:03.586949+00:00,2026-07-01T01:01:03.578556,1,2,81.75,0.3,81.6,253,,,,,,,,,,,,,,,,,,,81.9,3,82.1,206,,,,,,,,,,,,,,,,
2026-07-01T01:01:03.690423+00:00,2026-07-01T01:01:03.684033,1,1,81.85,0.5,81.6,253,,,,,,,,,,,,,,,,,,,82.1,159,,,,,,,,,,,,,,,,,,
2026-07-01T01:01:03.773268+00:00,2026-07-01T01:01:03.766468,1,1,81.85,0.5,81.6,103,,,,,,,,,,,,,,,,,,,82.1,100,,,,,,,,,,,,,,,,,,
2026-07-01T01:01:03.824808+00:00,2026-07-01T01:01:03.823298,2,0,,,82.1,50,81.6,103,,,,,,,,,,,,,,,,,,,,,,,,,,,,,,,,,,,,
2026-07-01T01:01:03.835294+00:00,2026-07-01T01:01:03.832891,2,0,,,82.1,47,81.6,103,,,,,,,,,,,,,,,,,,,,,,,,,,,,,,,,,,,,
2026-07-01T01:01:03.898053+00:00,2026-07-01T01:01:03.896901,2,1,82.35,0.5,82.1,46,81.6,103,,,,,,,,,,,,,,,,,82.6,150,,,,,,,,,,,,,,,,,,
2026-07-01T01:01:04.126466+00:00,2026-07-01T01:01:04.125044,2,1,82.35,0.5,82.1,4,81.6,103,,,,,,,,,,,,,,,,,82.6,150,,,,,,,,,,,,,,,,,,
2026-07-01T01:01:05.674129+00:00,2026-07-01T01:01:05.665324,2,1,82.35,0.5,82.1,4,81.6,103,,,,,,,,,,,,,,,,,82.6,101,,,,,,,,,,,,,,,,,,
2026-07-01T01:01:05.797840+00:00,2026-07-01T01:01:05.789253,2,1,82.35,0.5,82.1,4,81.6,103,,,,,,,,,,,,,,,,,82.6,51,,,,,,,,,,,,,,,,,,
2026-07-01T01:01:06.097580+00:00,2026-07-01T01:01:06.090221,2,1,82.35,0.5,82.1,4,81.6,3,,,,,,,,,,,,,,,,,82.6,51,,,,,,,,,,,,,,,,,,
2026-07-01T01:01:06.149087+00:00,2026-07-01T01:01:06.143123,3,1,82.35,0.5,82.1,4,82.0,100,81.6,3,,,,,,,,,,,,,,,82.6,51,,,,,,,,,,,,,,,,,,
2026-07-01T01:01:06.200865+00:00,2026-07-01T01:01:06.197188,3,2,82.3,0.4,82.1,4,82.0,100,81.6,3,,,,,,,,,,,,,,,82.5,100,82.6,51,,,,,,,,,,,,,,,,
2026-07-01T01:01:06.221887+00:00,2026-07-01T01:01:06.220921,2,2,82.25,0.5,82.0,100,81.6,3,,,,,,,,,,,,,,,,,82.5,100,82.6,51,,,,,,,,,,,,,,,,
2026-07-01T01:01:06.863059+00:00,2026-07-01T01:01:06.854921,2,2,82.25,0.5,82.0,53,81.6,3,,,,,,,,,,,,,,,,,82.5,100,82.6,51,,,,,,,,,,,,,,,,
2026-07-01T01:01:06.935250+00:00,2026-07-01T01:01:06.932087,2,1,82.25,0.5,82.0,53,81.6,3,,,,,,,,,,,,,,,,,82.5,100,,,,,,,,,,,,,,,,,,
2026-07-01T01:01:06.997616+00:00,2026-07-01T01:01:06.988691,3,1,82.25,0.5,82.0,53,81.9,150,81.6,3,,,,,,,,,,,,,,,82.5,100,,,,,,,,,,,,,,,,,,
2026-07-01T01:01:07.049388+00:00,2026-07-01T01:01:07.041313,3,2,82.2,0.4,82.0,53,81.9,150,81.6,3,,,,,,,,,,,,,,,82.4,150,82.5,100,,,,,,,,,,,,,,,,
2026-07-01T01:01:07.907507+00:00,2026-07-01T01:01:07.899057,3,2,82.2,0.4,82.0,53,81.9,150,81.6,3,,,,,,,,,,,,,,,82.4,100,82.5,100,,,,,,,,,,,,,,,,
2026-07-01T01:01:09.253333+00:00,2026-07-01T01:01:09.251815,2,1,82.15,0.5,81.9,150,81.6,3,,,,,,,,,,,,,,,,,82.4,100,,,,,,,,,,,,,,,,,,
2026-07-01T01:01:09.263666+00:00,2026-07-01T01:01:09.253690,1,1,82.15,0.5,81.9,150,,,,,,,,,,,,,,,,,,,82.4,100,,,,,,,,,,,,,,,,,,
2026-07-01T01:01:09.315058+00:00,2026-07-01T01:01:09.305066,2,1,82.2,0.4,82.0,100,81.9,150,,,,,,,,,,,,,,,,,82.4,100,,,,,,,,,,,,,,,,,,
2026-07-01T01:01:09.366943+00:00,2026-07-01T01:01:09.358232,2,2,82.2,0.4,82.0,100,81.9,150,,,,,,,,,,,,,,,,,82.4,100,82.5,100,,,,,,,,,,,,,,,,
2026-07-01T01:01:10.006602+00:00,2026-07-01T01:01:10.005543,2,2,82.2,0.4,82.0,100,81.9,150,,,,,,,,,,,,,,,,,82.4,50,82.5,100,,,,,,,,,,,,,,,,
2026-07-01T01:01:10.130494+00:00,2026-07-01T01:01:10.123473,1,1,82.25,0.5,82.0,100,,,,,,,,,,,,,,,,,,,82.5,100,,,,,,,,,,,,,,,,,,
2026-07-01T01:01:10.182276+00:00,2026-07-01T01:01:10.180053,2,0,,,82.6,50,82.0,100,,,,,,,,,,,,,,,,,,,,,,,,,,,,,,,,,,,,
2026-07-01T01:01:10.267471+00:00,2026-07-01T01:01:10.266544,2,1,82.85,0.5,82.6,38,82.0,100,,,,,,,,,,,,,,,,,83.1,150,,,,,,,,,,,,,,,,,,
2026-07-01T01:01:10.443022+00:00,2026-07-01T01:01:10.434648,2,1,82.85,0.5,82.6,13,82.0,100,,,,,,,,,,,,,,,,,83.1,150,,,,,,,,,,,,,,,,,,
2026-07-01T01:01:10.648471+00:00,2026-07-01T01:01:10.644687,1,1,82.55,1.1,82.0,100,,,,,,,,,,,,,,,,,,,83.1,150,,,,,,,,,,,,,,,,,,
2026-07-01T01:01:11.980418+00:00,2026-07-01T01:01:11.975161,2,1,82.55,1.1,82.0,100,81.8,5,,,,,,,,,,,,,,,,,83.1,150,,,,,,,,,,,,,,,,,,
2026-07-01T01:01:12.412480+00:00,2026-07-01T01:01:12.411960,1,1,82.45,1.3,81.8,5,,,,,,,,,,,,,,,,,,,83.1,150,,,,,,,,,,,,,,,,,,
2026-07-01T01:01:12.474187+00:00,2026-07-01T01:01:12.464791,2,1,82.55,1.1,82.0,100,81.8,5,,,,,,,,,,,,,,,,,83.1,150,,,,,,,,,,,,,,,,,,
2026-07-01T01:01:12.546533+00:00,2026-07-01T01:01:12.540264,2,2,82.25,0.5,82.0,100,81.8,5,,,,,,,,,,,,,,,,,82.5,100,83.1,150,,,,,,,,,,,,,,,,
2026-07-01T01:01:13.299260+00:00,2026-07-01T01:01:13.291376,2,1,82.25,0.5,82.0,100,81.8,5,,,,,,,,,,,,,,,,,82.5,100,,,,,,,,,,,,,,,,,,
2026-07-01T01:01:13.350726+00:00,2026-07-01T01:01:13.344486,3,1,82.25,0.5,82.0,100,81.8,5,81.7,150,,,,,,,,,,,,,,,82.5,100,,,,,,,,,,,,,,,,,,
2026-07-01T01:01:13.411952+00:00,2026-07-01T01:01:13.411123,3,2,82.1,0.2,82.0,100,81.8,5,81.7,150,,,,,,,,,,,,,,,82.2,147,82.5,100,,,,,,,,,,,,,,,,
2026-07-01T01:01:14.111296+00:00,2026-07-01T01:01:14.106592,3,2,82.1,0.2,82.0,100,81.8,5,81.7,150,,,,,,,,,,,,,,,82.2,122,82.5,100,,,,,,,,,,,,,,,,
2026-07-01T01:01:14.276330+00:00,2026-07-01T01:01:14.271543,3,2,82.1,0.2,82.0,100,81.8,4,81.7,150,,,,,,,,,,,,,,,82.2,122,82.5,100,,,,,,,,,,,,,,,,
2026-07-01T01:01:14.286825+00:00,2026-07-01T01:01:14.281703,3,2,82.1,0.2,82.0,50,81.8,4,81.7,150,,,,,,,,,,,,,,,82.2,124,82.5,100,,,,,,,,,,,,,,,,
2026-07-01T01:01:14.317856+00:00,2026-07-01T01:01:14.317054,3,2,82.1,0.2,82.0,50,81.8,4,81.7,150,,,,,,,,,,,,,,,82.2,111,82.5,100,,,,,,,,,,,,,,,,
2026-07-01T01:01:14.833128+00:00,2026-07-01T01:01:14.827887,3,2,82.1,0.2,82.0,50,81.8,4,81.7,150,,,,,,,,,,,,,,,82.2,67,82.5,100,,,,,,,,,,,,,,,,
2026-07-01T01:01:15.605287+00:00,2026-07-01T01:01:15.598426,2,1,82.0,0.4,81.8,4,81.7,150,,,,,,,,,,,,,,,,,82.2,67,,,,,,,,,,,,,,,,,,
2026-07-01T01:01:15.656772+00:00,2026-07-01T01:01:15.656450,2,1,82.0,0.4,81.8,104,81.7,150,,,,,,,,,,,,,,,,,82.2,67,,,,,,,,,,,,,,,,,,
2026-07-01T01:01:15.708397+00:00,2026-07-01T01:01:15.708209,2,2,82.0,0.4,81.8,104,81.7,150,,,,,,,,,,,,,,,,,82.2,67,82.3,100,,,,,,,,,,,,,,,,
2026-07-01T01:01:15.894606+00:00,2026-07-01T01:01:15.887292,2,2,82.0,0.4,81.8,102,81.7,150,,,,,,,,,,,,,,,,,82.2,67,82.3,100,,,,,,,,,,,,,,,,
2026-07-01T01:01:16.463271+00:00,2026-07-01T01:01:16.455080,1,2,82.0,0.4,81.8,102,,,,,,,,,,,,,,,,,,,82.2,2,82.3,100,,,,,,,,,,,,,,,,
2026-07-01T01:01:16.514586+00:00,2026-07-01T01:01:16.513089,2,2,82.15,0.1,82.1,150,81.8,102,,,,,,,,,,,,,,,,,82.2,2,82.3,100,,,,,,,,,,,,,,,,
2026-07-01T01:01:16.565975+00:00,2026-07-01T01:01:16.564813,2,3,82.15,0.1,82.1,150,81.8,102,,,,,,,,,,,,,,,,,82.2,2,82.3,100,82.6,150,,,,,,,,,,,,,,
2026-07-01T01:01:16.947348+00:00,2026-07-01T01:01:16.939732,2,3,82.15,0.1,82.1,150,81.8,101,,,,,,,,,,,,,,,,,82.2,2,82.3,100,82.6,150,,,,,,,,,,,,,,
2026-07-01T01:01:17.009050+00:00,2026-07-01T01:01:17.001896,2,3,82.15,0.1,82.1,150,81.8,100,,,,,,,,,,,,,,,,,82.2,2,82.3,100,82.6,150,,,,,,,,,,,,,,
2026-07-01T01:01:18.500220+00:00,2026-07-01T01:01:18.492472,2,3,82.15,0.1,82.1,100,81.8,100,,,,,,,,,,,,,,,,,82.2,2,82.3,100,82.6,150,,,,,,,,,,,,,,
2026-07-01T01:01:18.768315+00:00,2026-07-01T01:01:18.762614,1,2,82.15,0.1,82.1,100,,,,,,,,,,,,,,,,,,,82.2,2,82.6,150,,,,,,,,,,,,,,,,
2026-07-01T01:01:18.819575+00:00,2026-07-01T01:01:18.815290,2,2,82.15,0.1,82.1,100,81.8,100,,,,,,,,,,,,,,,,,82.2,2,82.6,150,,,,,,,,,,,,,,,,
2026-07-01T01:01:18.870786+00:00,2026-07-01T01:01:18.867766,2,3,82.15,0.1,82.1,100,81.8,100,,,,,,,,,,,,,,,,,82.2,2,82.3,100,82.6,150,,,,,,,,,,,,,,
2026-07-01T01:01:18.984160+00:00,2026-07-01T01:01:18.976316,3,3,82.15,0.1,82.1,100,81.9,1,81.8,100,,,,,,,,,,,,,,,82.2,2,82.3,100,82.6,150,,,,,,,,,,,,,,
2026-07-01T01:01:19.623165+00:00,2026-07-01T01:01:19.621207,2,2,82.05,0.3,81.9,1,81.8,100,,,,,,,,,,,,,,,,,82.2,2,82.3,100,,,,,,,,,,,,,,,,
2026-07-01T01:01:19.674476+00:00,2026-07-01T01:01:19.674072,2,2,82.05,0.3,81.9,1,81.8,250,,,,,,,,,,,,,,,,,82.2,2,82.3,100,,,,,,,,,,,,,,,,
2026-07-01T01:01:19.736200+00:00,2026-07-01T01:01:19.727557,2,2,82.05,0.3,81.9,1,81.8,250,,,,,,,,,,,,,,,,,82.2,2,82.3,250,,,,,,,,,,,,,,,,
2026-07-01T01:01:20.556603+00:00,2026-07-01T01:01:20.551319,2,1,82.1,0.4,81.9,1,81.8,250,,,,,,,,,,,,,,,,,82.3,202,,,,,,,,,,,,,,,,,,
2026-07-01T01:01:20.577157+00:00,2026-07-01T01:01:20.572106,2,2,82.05,0.3,81.9,1,81.8,250,,,,,,,,,,,,,,,,,82.2,6,82.3,202,,,,,,,,,,,,,,,,
2026-07-01T01:01:20.648383+00:00,2026-07-01T01:01:20.647292,2,2,82.05,0.3,81.9,1,81.8,250,,,,,,,,,,,,,,,,,82.2,3,82.3,202,,,,,,,,,,,,,,,,
2026-07-01T01:01:21.813932+00:00,2026-07-01T01:01:21.806405,1,2,82.0,0.4,81.8,250,,,,,,,,,,,,,,,,,,,82.2,3,82.3,202,,,,,,,,,,,,,,,,
2026-07-01T01:01:21.926682+00:00,2026-07-01T01:01:21.923102,1,2,82.0,0.4,81.8,150,,,,,,,,,,,,,,,,,,,82.2,3,82.3,150,,,,,,,,,,,,,,,,
2026-07-01T01:01:21.988319+00:00,2026-07-01T01:01:21.978828,2,1,82.25,0.1,82.2,97,81.8,150,,,,,,,,,,,,,,,,,82.3,150,,,,,,,,,,,,,,,,,,
2026-07-01T01:01:22.039540+00:00,2026-07-01T01:01:22.031522,2,2,82.25,0.1,82.2,97,81.8,150,,,,,,,,,,,,,,,,,82.3,150,82.7,100,,,,,,,,,,,,,,,,
2026-07-01T01:01:22.667013+00:00,2026-07-01T01:01:22.661667,2,2,82.25,0.1,82.2,97,81.8,150,,,,,,,,,,,,,,,,,82.3,100,82.7,100,,,,,,,,,,,,,,,,
2026-07-01T01:01:22.790164+00:00,2026-07-01T01:01:22.782184,1,1,82.45,0.5,82.2,97,,,,,,,,,,,,,,,,,,,82.7,100,,,,,,,,,,,,,,,,,,
2026-07-01T01:01:22.841933+00:00,2026-07-01T01:01:22.836453,1,1,82.45,0.5,82.2,247,,,,,,,,,,,,,,,,,,,82.7,100,,,,,,,,,,,,,,,,,,
2026-07-01T01:01:22.893879+00:00,2026-07-01T01:01:22.891257,1,1,82.45,0.5,82.2,247,,,,,,,,,,,,,,,,,,,82.7,250,,,,,,,,,,,,,,,,,,
2026-07-01T01:01:24.668888+00:00,2026-07-01T01:01:24.661599,1,2,82.25,0.1,82.2,247,,,,,,,,,,,,,,,,,,,82.3,8,82.7,250,,,,,,,,,,,,,,,,
2026-07-01T01:01:24.771808+00:00,2026-07-01T01:01:24.768061,1,1,82.45,0.5,82.2,247,,,,,,,,,,,,,,,,,,,82.7,208,,,,,,,,,,,,,,,,,,
2026-07-01T01:01:24.998266+00:00,2026-07-01T01:01:24.991429,1,1,82.45,0.5,82.2,202,,,,,,,,,,,,,,,,,,,82.7,208,,,,,,,,,,,,,,,,,,
2026-07-01T01:01:25.091049+00:00,2026-07-01T01:01:25.087436,1,1,82.45,0.5,82.2,150,,,,,,,,,,,,,,,,,,,82.7,150,,,,,,,,,,,,,,,,,,
2026-07-01T01:01:25.142650+00:00,2026-07-01T01:01:25.142143,2,1,82.5,0.4,82.3,100,82.2,150,,,,,,,,,,,,,,,,,82.7,150,,,,,,,,,,,,,,,,,,
2026-07-01T01:01:25.204057+00:00,2026-07-01T01:01:25.196036,2,2,82.5,0.4,82.3,100,82.2,150,,,,,,,,,,,,,,,,,82.7,150,82.8,100,,,,,,,,,,,,,,,,
2026-07-01T01:01:25.953624+00:00,2026-07-01T01:01:25.945261,1,1,82.55,0.5,82.3,100,,,,,,,,,,,,,,,,,,,82.8,100,,,,,,,,,,,,,,,,,,
2026-07-01T01:01:26.005106+00:00,2026-07-01T01:01:26.002491,2,1,82.6,0.4,82.4,150,82.3,100,,,,,,,,,,,,,,,,,82.8,100,,,,,,,,,,,,,,,,,,
2026-07-01T01:01:26.056674+00:00,2026-07-01T01:01:26.053427,2,2,82.6,0.4,82.4,150,82.3,100,,,,,,,,,,,,,,,,,82.8,100,82.9,150,,,,,,,,,,,,,,,,
2026-07-01T01:01:26.621916+00:00,2026-07-01T01:01:26.612108,2,2,82.6,0.4,82.4,150,82.3,100,,,,,,,,,,,,,,,,,82.8,54,82.9,150,,,,,,,,,,,,,,,,
2026-07-01T01:01:26.930358+00:00,2026-07-01T01:01:26.927649,2,2,82.6,0.4,82.4,100,82.3,100,,,,,,,,,,,,,,,,,82.8,54,82.9,150,,,,,,,,,,,,,,,,
2026-07-01T01:01:27.617980+00:00,2026-07-01T01:01:27.615026,3,2,82.6,0.4,82.4,100,82.3,100,82.1,5,,,,,,,,,,,,,,,82.8,54,82.9,150,,,,,,,,,,,,,,,,
2026-07-01T01:01:27.690186+00:00,2026-07-01T01:01:27.681323,3,2,82.6,0.4,82.4,55,82.3,100,82.1,5,,,,,,,,,,,,,,,82.8,54,82.9,150,,,,,,,,,,,,,,,,
2026-07-01T01:01:28.257511+00:00,2026-07-01T01:01:28.252107,2,1,82.65,0.5,82.4,55,82.1,5,,,,,,,,,,,,,,,,,82.9,150,,,,,,,,,,,,,,,,,,
2026-07-01T01:01:28.309145+00:00,2026-07-01T01:01:28.304554,2,1,82.65,0.5,82.4,155,82.1,5,,,,,,,,,,,,,,,,,82.9,150,,,,,,,,,,,,,,,,,,
2026-07-01T01:01:28.339866+00:00,2026-07-01T01:01:28.339262,2,1,82.65,0.5,82.4,154,82.1,5,,,,,,,,,,,,,,,,,82.9,150,,,,,,,,,,,,,,,,,,
2026-07-01T01:01:28.360680+00:00,2026-07-01T01:01:28.356353,2,1,82.65,0.5,82.4,154,82.1,5,,,,,,,,,,,,,,,,,82.9,250,,,,,,,,,,,,,,,,,,
2026-07-01T01:01:28.597195+00:00,2026-07-01T01:01:28.589166,2,1,82.65,0.5,82.4,106,82.1,5,,,,,,,,,,,,,,,,,82.9,250,,,,,,,,,,,,,,,,,,
2026-07-01T01:01:28.987071+00:00,2026-07-01T01:01:28.984436,2,1,82.65,0.5,82.4,106,82.1,5,,,,,,,,,,,,,,,,,82.9,200,,,,,,,,,,,,,,,,,,
2026-07-01T01:01:29.048570+00:00,2026-07-01T01:01:29.044169,2,1,82.65,0.5,82.4,106,82.1,5,,,,,,,,,,,,,,,,,82.9,151,,,,,,,,,,,,,,,,,,
2026-07-01T01:01:29.109882+00:00,2026-07-01T01:01:29.108604,2,1,82.65,0.5,82.4,100,82.1,5,,,,,,,,,,,,,,,,,82.9,100,,,,,,,,,,,,,,,,,,
2026-07-01T01:01:29.171395+00:00,2026-07-01T01:01:29.161506,3,1,82.65,0.5,82.4,100,82.2,150,82.1,5,,,,,,,,,,,,,,,82.9,100,,,,,,,,,,,,,,,,,,
2026-07-01T01:01:29.222634+00:00,2026-07-01T01:01:29.214710,3,2,82.55,0.3,82.4,100,82.2,150,82.1,5,,,,,,,,,,,,,,,82.7,150,82.9,100,,,,,,,,,,,,,,,,
2026-07-01T01:01:31.143884+00:00,2026-07-01T01:01:31.141764,3,2,82.55,0.3,82.4,50,82.2,150,82.1,5,,,,,,,,,,,,,,,82.7,150,82.9,100,,,,,,,,,,,,,,,,
2026-07-01T01:01:31.410478+00:00,2026-07-01T01:01:31.410072,3,1,82.55,0.3,82.4,50,82.2,150,82.1,5,,,,,,,,,,,,,,,82.7,150,,,,,,,,,,,,,,,,,,
2026-07-01T01:01:31.420732+00:00,2026-07-01T01:01:31.411409,2,1,82.45,0.5,82.2,150,82.1,5,,,,,,,,,,,,,,,,,82.7,150,,,,,,,,,,,,,,,,,,
2026-07-01T01:01:31.471989+00:00,2026-07-01T01:01:31.464466,3,1,82.5,0.4,82.3,100,82.2,150,82.1,5,,,,,,,,,,,,,,,82.7,150,,,,,,,,,,,,,,,,,,
2026-07-01T01:01:31.523312+00:00,2026-07-01T01:01:31.516665,3,2,82.5,0.4,82.3,100,82.2,150,82.1,5,,,,,,,,,,,,,,,82.7,150,82.8,100,,,,,,,,,,,,,,,,
2026-07-01T01:01:32.278028+00:00,2026-07-01T01:01:32.270666,2,1,82.55,0.5,82.3,100,82.1,5,,,,,,,,,,,,,,,,,82.8,100,,,,,,,,,,,,,,,,,,
2026-07-01T01:01:32.329164+00:00,2026-07-01T01:01:32.323484,3,1,82.55,0.5,82.3,100,82.2,150,82.1,5,,,,,,,,,,,,,,,82.8,100,,,,,,,,,,,,,,,,,,
2026-07-01T01:01:32.390480+00:00,2026-07-01T01:01:32.383882,3,2,82.5,0.4,82.3,100,82.2,150,82.1,5,,,,,,,,,,,,,,,82.7,150,82.8,100,,,,,,,,,,,,,,,,
2026-07-01T01:01:32.484047+00:00,2026-07-01T01:01:32.482521,3,2,82.5,0.4,82.3,97,82.2,150,82.1,5,,,,,,,,,,,,,,,82.7,150,82.8,100,,,,,,,,,,,,,,,,
2026-07-01T01:01:32.587383+00:00,2026-07-01T01:01:32.578168,3,3,82.4,0.2,82.3,97,82.2,150,82.1,5,,,,,,,,,,,,,,,82.5,1,82.7,150,82.8,100,,,,,,,,,,,,,,
2026-07-01T01:01:32.680015+00:00,2026-07-01T01:01:32.670860,3,2,82.5,0.4,82.3,97,82.2,150,82.1,5,,,,,,,,,,,,,,,82.7,150,82.8,100,,,,,,,,,,,,,,,,
2026-07-01T01:01:33.203405+00:00,2026-07-01T01:01:33.201057,3,2,82.5,0.4,82.3,97,82.2,150,82.1,5,,,,,,,,,,,,,,,82.7,100,82.8,100,,,,,,,,,,,,,,,,
2026-07-01T01:01:33.428909+00:00,2026-07-01T01:01:33.424664,3,2,82.5,0.4,82.3,50,82.2,150,82.1,5,,,,,,,,,,,,,,,82.7,100,82.8,100,,,,,,,,,,,,,,,,
2026-07-01T01:01:34.579382+00:00,2026-07-01T01:01:34.571397,2,1,82.45,0.5,82.2,150,82.1,5,,,,,,,,,,,,,,,,,82.7,100,,,,,,,,,,,,,,,,,,
2026-07-01T01:01:34.630934+00:00,2026-07-01T01:01:34.624472,3,1,82.45,0.5,82.2,150,82.1,5,82.0,100,,,,,,,,,,,,,,,82.7,100,,,,,,,,,,,,,,,,,,
2026-07-01T01:01:34.682771+00:00,2026-07-01T01:01:34.677654,3,2,82.35,0.3,82.2,150,82.1,5,82.0,100,,,,,,,,,,,,,,,82.5,100,82.7,100,,,,,,,,,,,,,,,,
2026-07-01T01:01:35.310955+00:00,2026-07-01T01:01:35.309200,3,2,82.35,0.3,82.2,150,82.1,5,82.0,100,,,,,,,,,,,,,,,82.5,50,82.7,100,,,,,,,,,,,,,,,,
2026-07-01T01:01:35.444223+00:00,2026-07-01T01:01:35.439396,2,1,82.3,0.4,82.1,5,82.0,100,,,,,,,,,,,,,,,,,82.5,50,,,,,,,,,,,,,,,,,,
2026-07-01T01:01:35.495632+00:00,2026-07-01T01:01:35.494066,2,1,82.3,0.4,82.1,155,82.0,100,,,,,,,,,,,,,,,,,82.5,50,,,,,,,,,,,,,,,,,,
2026-07-01T01:01:35.557600+00:00,2026-07-01T01:01:35.548230,2,2,82.3,0.4,82.1,155,82.0,100,,,,,,,,,,,,,,,,,82.5,50,82.6,150,,,,,,,,,,,,,,,,
2026-07-01T01:01:36.369118+00:00,2026-07-01T01:01:36.359477,2,2,82.3,0.4,82.1,155,82.0,100,,,,,,,,,,,,,,,,,82.5,5,82.6,150,,,,,,,,,,,,,,,,
2026-07-01T01:01:36.768345+00:00,2026-07-01T01:01:36.764620,2,2,82.3,0.4,82.1,155,82.0,100,,,,,,,,,,,,,,,,,82.5,6,82.6,150,,,,,,,,,,,,,,,,
2026-07-01T01:01:37.480037+00:00,2026-07-01T01:01:37.470520,2,2,82.3,0.4,82.1,155,82.0,100,,,,,,,,,,,,,,,,,82.5,5,82.6,150,,,,,,,,,,,,,,,,
2026-07-01T01:01:37.737335+00:00,2026-07-01T01:01:37.733289,1,1,82.35,0.5,82.1,155,,,,,,,,,,,,,,,,,,,82.6,150,,,,,,,,,,,,,,,,,,
2026-07-01T01:01:37.788679+00:00,2026-07-01T01:01:37.786313,2,1,82.45,0.3,82.3,100,82.1,155,,,,,,,,,,,,,,,,,82.6,150,,,,,,,,,,,,,,,,,,
2026-07-01T01:01:37.850169+00:00,2026-07-01T01:01:37.844213,2,2,82.45,0.3,82.3,100,82.1,155,,,,,,,,,,,,,,,,,82.6,150,82.8,100,,,,,,,,,,,,,,,,
2026-07-01T01:01:38.044973+00:00,2026-07-01T01:01:38.035534,2,2,82.45,0.3,82.3,54,82.1,155,,,,,,,,,,,,,,,,,82.6,150,82.8,100,,,,,,,,,,,,,,,,
2026-07-01T01:01:38.342448+00:00,2026-07-01T01:01:38.340401,2,2,82.45,0.3,82.3,54,82.1,154,,,,,,,,,,,,,,,,,82.6,150,82.8,100,,,,,,,,,,,,,,,,
2026-07-01T01:01:38.610210+00:00,2026-07-01T01:01:38.603125,2,1,82.55,0.5,82.3,54,82.1,4,,,,,,,,,,,,,,,,,82.8,100,,,,,,,,,,,,,,,,,,
2026-07-01T01:01:38.620505+00:00,2026-07-01T01:01:38.614953,2,2,82.4,0.2,82.3,54,82.1,4,,,,,,,,,,,,,,,,,82.5,2,82.8,100,,,,,,,,,,,,,,,,
2026-07-01T01:01:38.661628+00:00,2026-07-01T01:01:38.655385,2,2,82.4,0.2,82.3,54,82.1,154,,,,,,,,,,,,,,,,,82.5,2,82.8,100,,,,,,,,,,,,,,,,
2026-07-01T01:01:38.713108+00:00,2026-07-01T01:01:38.708309,2,3,82.4,0.2,82.3,54,82.1,154,,,,,,,,,,,,,,,,,82.5,2,82.6,150,82.8,100,,,,,,,,,,,,,,
2026-07-01T01:01:38.836379+00:00,2026-07-01T01:01:38.831206,2,3,82.4,0.2,82.3,54,82.1,154,,,,,,,,,,,,,,,,,82.5,1,82.6,150,82.8,100,,,,,,,,,,,,,,
2026-07-01T01:01:39.411255+00:00,2026-07-01T01:01:39.404992,2,2,82.45,0.3,82.3,54,82.1,154,,,,,,,,,,,,,,,,,82.6,150,82.8,100,,,,,,,,,,,,,,,,
2026-07-01T01:01:39.576162+00:00,2026-07-01T01:01:39.570010,2,2,82.45,0.3,82.3,4,82.1,154,,,,,,,,,,,,,,,,,82.6,150,82.8,100,,,,,,,,,,,,,,,,
2026-07-01T01:01:40.423279+00:00,2026-07-01T01:01:40.421649,2,3,82.4,0.2,82.3,4,82.1,154,,,,,,,,,,,,,,,,,82.5,1,82.6,150,82.8,100,,,,,,,,,,,,,,
2026-07-01T01:01:40.444055+00:00,2026-07-01T01:01:40.435836,2,2,82.45,0.3,82.3,4,82.1,150,,,,,,,,,,,,,,,,,82.6,150,82.8,100,,,,,,,,,,,,,,,,
2026-07-01T01:01:40.639558+00:00,2026-07-01T01:01:40.634916,2,2,82.45,0.3,82.3,9,82.1,150,,,,,,,,,,,,,,,,,82.6,151,82.8,100,,,,,,,,,,,,,,,,
2026-07-01T01:01:40.649904+00:00,2026-07-01T01:01:40.645363,2,2,82.45,0.3,82.3,4,82.1,150,,,,,,,,,,,,,,,,,82.6,151,82.8,100,,,,,,,,,,,,,,,,
2026-07-01T01:01:40.906363+00:00,2026-07-01T01:01:40.899042,1,1,82.35,0.5,82.1,150,,,,,,,,,,,,,,,,,,,82.6,151,,,,,,,,,,,,,,,,,,
2026-07-01T01:01:40.957758+00:00,2026-07-01T01:01:40.952160,2,1,82.35,0.5,82.1,150,81.9,100,,,,,,,,,,,,,,,,,82.6,151,,,,,,,,,,,,,,,,,,
2026-07-01T01:01:41.009595+00:00,2026-07-01T01:01:41.005064,2,2,82.25,0.3,82.1,150,81.9,100,,,,,,,,,,,,,,,,,82.4,100,82.6,151,,,,,,,,,,,,,,,,
2026-07-01T01:01:41.213967+00:00,2026-07-01T01:01:41.211070,3,2,82.3,0.2,82.2,5,82.1,150,81.9,100,,,,,,,,,,,,,,,82.4,100,82.6,151,,,,,,,,,,,,,,,,
2026-07-01T01:01:41.614321+00:00,2026-07-01T01:01:41.611132,3,2,82.3,0.2,82.2,5,82.1,150,81.9,100,,,,,,,,,,,,,,,82.4,58,82.6,151,,,,,,,,,,,,,,,,
2026-07-01T01:01:41.634864+00:00,2026-07-01T01:01:41.624798,3,2,82.3,0.2,82.2,5,82.1,150,81.9,100,,,,,,,,,,,,,,,82.4,8,82.6,151,,,,,,,,,,,,,,,,
2026-07-01T01:01:41.768396+00:00,2026-07-01T01:01:41.764742,2,2,82.3,0.2,82.2,5,81.9,100,,,,,,,,,,,,,,,,,82.4,8,82.6,1,,,,,,,,,,,,,,,,
2026-07-01T01:01:41.819599+00:00,2026-07-01T01:01:41.817272,3,2,82.3,0.2,82.2,5,82.0,150,81.9,100,,,,,,,,,,,,,,,82.4,8,82.6,1,,,,,,,,,,,,,,,,
2026-07-01T01:01:41.873995+00:00,2026-07-01T01:01:41.870589,3,3,82.3,0.2,82.2,5,82.0,150,81.9,100,,,,,,,,,,,,,,,82.4,8,82.5,150,82.6,1,,,,,,,,,,,,,,
2026-07-01T01:01:42.900780+00:00,2026-07-01T01:01:42.893481,3,3,82.3,0.2,82.2,4,82.0,150,81.9,100,,,,,,,,,,,,,,,82.4,8,82.5,150,82.6,1,,,,,,,,,,,,,,
2026-07-01T01:01:43.476147+00:00,2026-07-01T01:01:43.474935,3,3,82.3,0.2,82.2,3,82.0,150,81.9,100,,,,,,,,,,,,,,,82.4,8,82.5,150,82.6,1,,,,,,,,,,,,,,
2026-07-01T01:01:43.742598+00:00,2026-07-01T01:01:43.734198,3,2,82.35,0.3,82.2,3,82.0,150,81.9,100,,,,,,,,,,,,,,,82.5,108,82.6,1,,,,,,,,,,,,,,,,
2026-07-01T01:01:43.906736+00:00,2026-07-01T01:01:43.901113,3,2,82.35,0.3,82.2,2,82.0,150,81.9,100,,,,,,,,,,,,,,,82.5,108,82.6,1,,,,,,,,,,,,,,,,
2026-07-01T01:01:44.060907+00:00,2026-07-01T01:01:44.059214,2,2,82.35,0.3,82.2,2,82.0,150,,,,,,,,,,,,,,,,,82.5,108,82.6,1,,,,,,,,,,,,,,,,
2026-07-01T01:01:44.112336+00:00,2026-07-01T01:01:44.110945,3,2,82.35,0.3,82.2,2,82.1,100,82.0,150,,,,,,,,,,,,,,,82.5,108,82.6,1,,,,,,,,,,,,,,,,
2026-07-01T01:01:44.163731+00:00,2026-07-01T01:01:44.162897,3,2,82.35,0.3,82.2,2,82.1,100,82.0,150,,,,,,,,,,,,,,,82.5,108,82.6,101,,,,,,,,,,,,,,,,
2026-07-01T01:01:44.286671+00:00,2026-07-01T01:01:44.279915,3,2,82.35,0.3,82.2,1,82.1,100,82.0,150,,,,,,,,,,,,,,,82.5,108,82.6,101,,,,,,,,,,,,,,,,
2026-07-01T01:01:44.635009+00:00,2026-07-01T01:01:44.634799,2,2,82.3,0.4,82.1,100,82.0,150,,,,,,,,,,,,,,,,,82.5,108,82.6,101,,,,,,,,,,,,,,,,
2026-07-01T01:01:44.932395+00:00,2026-07-01T01:01:44.926729,1,1,82.35,0.5,82.1,100,,,,,,,,,,,,,,,,,,,82.6,101,,,,,,,,,,,,,,,,,,
2026-07-01T01:01:44.983905+00:00,2026-07-01T01:01:44.979200,1,1,82.35,0.5,82.1,250,,,,,,,,,,,,,,,,,,,82.6,101,,,,,,,,,,,,,,,,,,
2026-07-01T01:01:45.035126+00:00,2026-07-01T01:01:45.032006,1,1,82.35,0.5,82.1,250,,,,,,,,,,,,,,,,,,,82.6,251,,,,,,,,,,,,,,,,,,
2026-07-01T01:01:45.865539+00:00,2026-07-01T01:01:45.856156,1,1,82.35,0.5,82.1,250,,,,,,,,,,,,,,,,,,,82.6,201,,,,,,,,,,,,,,,,,,
2026-07-01T01:01:47.222052+00:00,2026-07-01T01:01:47.219592,1,1,82.35,0.5,82.1,150,,,,,,,,,,,,,,,,,,,82.6,150,,,,,,,,,,,,,,,,,,
2026-07-01T01:01:47.283895+00:00,2026-07-01T01:01:47.274775,2,1,82.45,0.3,82.3,100,82.1,150,,,,,,,,,,,,,,,,,82.6,150,,,,,,,,,,,,,,,,,,
2026-07-01T01:01:47.294246+00:00,2026-07-01T01:01:47.284869,2,1,82.45,0.3,82.3,100,82.1,150,,,,,,,,,,,,,,,,,82.6,103,,,,,,,,,,,,,,,,,,
2026-07-01T01:01:47.335431+00:00,2026-07-01T01:01:47.328000,2,2,82.45,0.3,82.3,100,82.1,150,,,,,,,,,,,,,,,,,82.6,103,82.8,100,,,,,,,,,,,,,,,,
2026-07-01T01:01:47.530555+00:00,2026-07-01T01:01:47.526107,3,2,82.45,0.3,82.3,100,82.2,4,82.1,150,,,,,,,,,,,,,,,82.6,103,82.8,100,,,,,,,,,,,,,,,,
2026-07-01T01:01:47.663425+00:00,2026-07-01T01:01:47.657406,3,3,82.4,0.2,82.3,100,82.2,4,82.1,150,,,,,,,,,,,,,,,82.5,2,82.6,103,82.8,100,,,,,,,,,,,,,,
2026-07-01T01:01:47.970926+00:00,2026-07-01T01:01:47.966316,3,2,82.45,0.3,82.3,100,82.2,4,82.1,150,,,,,,,,,,,,,,,82.6,55,82.8,100,,,,,,,,,,,,,,,,
2026-07-01T01:01:48.093627+00:00,2026-07-01T01:01:48.089299,2,1,82.55,0.5,82.3,100,82.2,4,,,,,,,,,,,,,,,,,82.8,100,,,,,,,,,,,,,,,,,,
2026-07-01T01:01:48.156352+00:00,2026-07-01T01:01:48.155013,3,1,82.7,0.2,82.6,136,82.3,100,82.2,4,,,,,,,,,,,,,,,82.8,100,,,,,,,,,,,,,,,,,,
2026-07-01T01:01:48.187198+00:00,2026-07-01T01:01:48.183701,3,1,82.7,0.2,82.6,111,82.3,100,82.2,4,,,,,,,,,,,,,,,82.8,100,,,,,,,,,,,,,,,,,,
2026-07-01T01:01:48.207793+00:00,2026-07-01T01:01:48.201592,3,2,82.7,0.2,82.6,111,82.3,100,82.2,4,,,,,,,,,,,,,,,82.8,100,83.1,150,,,,,,,,,,,,,,,,
2026-07-01T01:01:49.316402+00:00,2026-07-01T01:01:49.312585,3,2,82.7,0.2,82.6,64,82.3,100,82.2,4,,,,,,,,,,,,,,,82.8,100,83.1,150,,,,,,,,,,,,,,,,
2026-07-01T01:01:49.378379+00:00,2026-07-01T01:01:49.375475,3,2,82.7,0.2,82.6,62,82.3,100,82.2,4,,,,,,,,,,,,,,,82.8,100,83.1,150,,,,,,,,,,,,,,,,
2026-07-01T01:01:49.891122+00:00,2026-07-01T01:01:49.883011,3,2,82.7,0.2,82.6,62,82.3,100,82.2,4,,,,,,,,,,,,,,,82.8,52,83.1,150,,,,,,,,,,,,,,,,
2026-07-01T01:01:50.107399+00:00,2026-07-01T01:01:50.098172,3,2,82.7,0.2,82.6,62,82.3,100,82.2,4,,,,,,,,,,,,,,,82.8,2,83.1,150,,,,,,,,,,,,,,,,
2026-07-01T01:01:50.384327+00:00,2026-07-01T01:01:50.383606,2,1,82.85,0.5,82.6,62,82.2,4,,,,,,,,,,,,,,,,,83.1,150,,,,,,,,,,,,,,,,,,
2026-07-01T01:01:50.446028+00:00,2026-07-01T01:01:50.436076,3,1,82.9,0.4,82.7,100,82.6,62,82.2,4,,,,,,,,,,,,,,,83.1,150,,,,,,,,,,,,,,,,,,
2026-07-01T01:01:50.497416+00:00,2026-07-01T01:01:50.488239,3,2,82.9,0.4,82.7,100,82.6,62,82.2,4,,,,,,,,,,,,,,,83.1,150,83.2,100,,,,,,,,,,,,,,,,
2026-07-01T01:01:50.600081+00:00,2026-07-01T01:01:50.597975,3,2,82.9,0.4,82.7,75,82.6,62,82.2,4,,,,,,,,,,,,,,,83.1,150,83.2,100,,,,,,,,,,,,,,,,
2026-07-01T01:01:50.815627+00:00,2026-07-01T01:01:50.809174,3,2,82.9,0.4,82.7,50,82.6,62,82.2,4,,,,,,,,,,,,,,,83.1,150,83.2,100,,,,,,,,,,,,,,,,
2026-07-01T01:01:51.022694+00:00,2026-07-01T01:01:51.020891,3,2,82.9,0.4,82.7,25,82.6,62,82.2,4,,,,,,,,,,,,,,,83.1,150,83.2,100,,,,,,,,,,,,,,,,
2026-07-01T01:01:51.237305+00:00,2026-07-01T01:01:51.231820,2,2,82.85,0.5,82.6,62,82.2,4,,,,,,,,,,,,,,,,,83.1,150,83.2,100,,,,,,,,,,,,,,,,
2026-07-01T01:01:51.258041+00:00,2026-07-01T01:01:51.255561,1,1,82.7,1.0,82.2,4,,,,,,,,,,,,,,,,,,,83.2,100,,,,,,,,,,,,,,,,,,
2026-07-01T01:01:51.320233+00:00,2026-07-01T01:01:51.315401,2,1,82.8,0.8,82.4,150,82.2,4,,,,,,,,,,,,,,,,,83.2,100,,,,,,,,,,,,,,,,,,
2026-07-01T01:01:51.372080+00:00,2026-07-01T01:01:51.369007,2,2,82.65,0.5,82.4,150,82.2,4,,,,,,,,,,,,,,,,,82.9,150,83.2,100,,,,,,,,,,,,,,,,
2026-07-01T01:01:52.005618+00:00,2026-07-01T01:01:51.999554,2,3,82.5,0.2,82.4,150,82.2,4,,,,,,,,,,,,,,,,,82.6,3,82.9,150,83.2,100,,,,,,,,,,,,,,
2026-07-01T01:01:52.262417+00:00,2026-07-01T01:01:52.258312,2,3,82.5,0.2,82.4,100,82.2,4,,,,,,,,,,,,,,,,,82.6,3,82.9,150,83.2,100,,,,,,,,,,,,,,
2026-07-01T01:01:52.406117+00:00,2026-07-01T01:01:52.396843,2,3,82.5,0.2,82.4,100,82.2,4,,,,,,,,,,,,,,,,,82.6,2,82.9,150,83.2,100,,,,,,,,,,,,,,
2026-07-01T01:01:52.991756+00:00,2026-07-01T01:01:52.989506,2,3,82.5,0.2,82.4,100,82.2,3,,,,,,,,,,,,,,,,,82.6,2,82.9,150,83.2,100,,,,,,,,,,,,,,
2026-07-01T01:01:53.032974+00:00,2026-07-01T01:01:53.031224,1,2,82.65,0.5,82.4,100,,,,,,,,,,,,,,,,,,,82.9,150,83.2,100,,,,,,,,,,,,,,,,
2026-07-01T01:01:53.063782+00:00,2026-07-01T01:01:53.056955,1,2,82.65,0.5,82.4,51,,,,,,,,,,,,,,,,,,,82.9,150,83.2,100,,,,,,,,,,,,,,,,
2026-07-01T01:01:53.546635+00:00,2026-07-01T01:01:53.542717,1,1,82.65,0.5,82.4,51,,,,,,,,,,,,,,,,,,,82.9,150,,,,,,,,,,,,,,,,,,
2026-07-01T01:01:53.587768+00:00,2026-07-01T01:01:53.582314,1,2,82.55,0.3,82.4,55,,,,,,,,,,,,,,,,,,,82.7,3,82.9,150,,,,,,,,,,,,,,,,
2026-07-01T01:01:53.598121+00:00,2026-07-01T01:01:53.597913,2,2,82.6,0.2,82.5,100,82.4,55,,,,,,,,,,,,,,,,,82.7,3,82.9,150,,,,,,,,,,,,,,,,
2026-07-01T01:01:53.659530+00:00,2026-07-01T01:01:53.651463,2,3,82.6,0.2,82.5,100,82.4,55,,,,,,,,,,,,,,,,,82.7,3,82.9,150,83.0,100,,,,,,,,,,,,,,
2026-07-01T01:01:54.040306+00:00,2026-07-01T01:01:54.035096,2,3,82.6,0.2,82.5,100,82.4,55,,,,,,,,,,,,,,,,,82.7,2,82.9,150,83.0,100,,,,,,,,,,,,,,
2026-07-01T01:01:54.338404+00:00,2026-07-01T01:01:54.331188,2,2,82.7,0.4,82.5,100,82.4,55,,,,,,,,,,,,,,,,,82.9,102,83.0,100,,,,,,,,,,,,,,,,
2026-07-01T01:01:54.430939+00:00,2026-07-01T01:01:54.423250,2,1,82.75,0.5,82.5,100,82.4,4,,,,,,,,,,,,,,,,,83.0,100,,,,,,,,,,,,,,,,,,
2026-07-01T01:01:54.482538+00:00,2026-07-01T01:01:54.477060,3,1,82.75,0.5,82.5,100,82.4,4,82.3,150,,,,,,,,,,,,,,,83.0,100,,,,,,,,,,,,,,,,,,
2026-07-01T01:01:54.534130+00:00,2026-07-01T01:01:54.529330,3,2,82.65,0.3,82.5,100,82.4,4,82.3,150,,,,,,,,,,,,,,,82.8,150,83.0,100,,,,,,,,,,,,,,,,
2026-07-01T01:01:55.047719+00:00,2026-07-01T01:01:55.044987,3,3,82.6,0.2,82.5,100,82.4,4,82.3,150,,,,,,,,,,,,,,,82.7,2,82.8,150,83.0,100,,,,,,,,,,,,,,
2026-07-01T01:01:56.062536+00:00,2026-07-01T01:01:56.057686,3,3,82.6,0.2,82.5,100,82.4,4,82.3,150,,,,,,,,,,,,,,,82.7,1,82.8,150,83.0,100,,,,,,,,,,,,,,
2026-07-01T01:01:56.258104+00:00,2026-07-01T01:01:56.249825,3,3,82.6,0.2,82.5,75,82.4,4,82.3,150,,,,,,,,,,,,,,,82.7,1,82.8,150,83.0,100,,,,,,,,,,,,,,
2026-07-01T01:01:56.464158+00:00,2026-07-01T01:01:56.460460,3,3,82.6,0.2,82.5,50,82.4,4,82.3,150,,,,,,,,,,,,,,,82.7,1,82.8,150,83.0,100,,,,,,,,,,,,,,
2026-07-01T01:01:56.670682+00:00,2026-07-01T01:01:56.670351,3,3,82.6,0.2,82.5,25,82.4,4,82.3,150,,,,,,,,,,,,,,,82.7,1,82.8,150,83.0,100,,,,,,,,,,,,,,
2026-07-01T01:01:56.712074+00:00,2026-07-01T01:01:56.707674,2,2,82.55,0.3,82.4,4,82.3,150,,,,,,,,,,,,,,,,,82.7,1,82.8,150,,,,,,,,,,,,,,,,
2026-07-01T01:01:56.764027+00:00,2026-07-01T01:01:56.760440,3,2,82.55,0.3,82.4,4,82.3,150,81.9,100,,,,,,,,,,,,,,,82.7,1,82.8,150,,,,,,,,,,,,,,,,
2026-07-01T01:01:56.815290+00:00,2026-07-01T01:01:56.813886,2,3,82.35,0.1,82.3,150,81.9,100,,,,,,,,,,,,,,,,,82.4,96,82.7,1,82.8,150,,,,,,,,,,,,,,
2026-07-01T01:01:57.113022+00:00,2026-07-01T01:01:57.109144,2,3,82.35,0.1,82.3,150,81.9,100,,,,,,,,,,,,,,,,,82.4,92,82.7,1,82.8,150,,,,,,,,,,,,,,
2026-07-01T01:01:57.596459+00:00,2026-07-01T01:01:57.590597,1,2,82.15,0.5,81.9,100,,,,,,,,,,,,,,,,,,,82.4,92,82.7,1,,,,,,,,,,,,,,,,
2026-07-01T01:01:57.606824+00:00,2026-07-01T01:01:57.605100,1,2,82.15,0.5,81.9,100,,,,,,,,,,,,,,,,,,,82.4,52,82.7,1,,,,,,,,,,,,,,,,
2026-07-01T01:01:57.648159+00:00,2026-07-01T01:01:57.646189,2,2,82.2,0.4,82.0,150,81.9,100,,,,,,,,,,,,,,,,,82.4,52,82.7,1,,,,,,,,,,,,,,,,
2026-07-01T01:01:57.710310+00:00,2026-07-01T01:01:57.700253,2,3,82.2,0.4,82.0,150,81.9,100,,,,,,,,,,,,,,,,,82.4,52,82.5,150,82.7,1,,,,,,,,,,,,,,
2026-07-01T01:01:58.709353+00:00,2026-07-01T01:01:58.708005,2,3,82.2,0.4,82.0,150,81.9,100,,,,,,,,,,,,,,,,,82.4,38,82.5,150,82.7,1,,,,,,,,,,,,,,
2026-07-01T01:01:58.740228+00:00,2026-07-01T01:01:58.737300,2,3,82.2,0.4,82.0,108,81.9,100,,,,,,,,,,,,,,,,,82.4,38,82.5,150,82.7,1,,,,,,,,,,,,,,
2026-07-01T01:01:59.869767+00:00,2026-07-01T01:01:59.868487,1,2,82.25,0.5,82.0,108,,,,,,,,,,,,,,,,,,,82.5,150,82.7,1,,,,,,,,,,,,,,,,
2026-07-01T01:01:59.921058+00:00,2026-07-01T01:01:59.920604,2,2,82.35,0.3,82.2,100,82.0,108,,,,,,,,,,,,,,,,,82.5,150,82.7,1,,,,,,,,,,,,,,,,
2026-07-01T01:01:59.982812+00:00,2026-07-01T01:01:59.973220,2,2,82.35,0.3,82.2,100,82.0,108,,,,,,,,,,,,,,,,,82.5,150,82.7,101,,,,,,,,,,,,,,,,
2026-07-01T01:02:00.734671+00:00,2026-07-01T01:02:00.726229,2,2,82.35,0.3,82.2,50,82.0,108,,,,,,,,,,,,,,,,,82.5,150,82.7,101,,,,,,,,,,,,,,,,
2026-07-01T01:02:00.755363+00:00,2026-07-01T01:02:00.754906,2,1,82.45,0.5,82.2,50,82.0,108,,,,,,,,,,,,,,,,,82.7,101,,,,,,,,,,,,,,,,,,
2026-07-01T01:02:00.765665+00:00,2026-07-01T01:02:00.756112,1,1,82.45,0.5,82.2,50,,,,,,,,,,,,,,,,,,,82.7,101,,,,,,,,,,,,,,,,,,
2026-07-01T01:02:00.816999+00:00,2026-07-01T01:02:00.808715,2,1,82.45,0.5,82.2,50,81.9,150,,,,,,,,,,,,,,,,,82.7,101,,,,,,,,,,,,,,,,,,
2026-07-01T01:02:00.868348+00:00,2026-07-01T01:02:00.861641,2,2,82.3,0.2,82.2,50,81.9,150,,,,,,,,,,,,,,,,,82.4,150,82.7,101,,,,,,,,,,,,,,,,
2026-07-01T01:02:00.909480+00:00,2026-07-01T01:02:00.906172,2,2,82.3,0.2,82.2,10,81.9,150,,,,,,,,,,,,,,,,,82.4,150,82.7,101,,,,,,,,,,,,,,,,
2026-07-01T01:02:00.992297+00:00,2026-07-01T01:02:00.988033,2,2,82.3,0.2,82.2,10,81.9,150,,,,,,,,,,,,,,,,,82.4,150,82.7,100,,,,,,,,,,,,,,,,
2026-07-01T01:02:01.371882+00:00,2026-07-01T01:02:01.361959,1,2,82.15,0.5,81.9,150,,,,,,,,,,,,,,,,,,,82.4,150,82.7,100,,,,,,,,,,,,,,,,
2026-07-01T01:02:02.518731+00:00,2026-07-01T01:02:02.517891,2,2,82.35,0.1,82.3,2,81.9,150,,,,,,,,,,,,,,,,,82.4,150,82.7,100,,,,,,,,,,,,,,,,
2026-07-01T01:02:02.836090+00:00,2026-07-01T01:02:02.835369,1,2,82.15,0.5,81.9,102,,,,,,,,,,,,,,,,,,,82.4,150,82.7,100,,,,,,,,,,,,,,,,
2026-07-01T01:02:03.030456+00:00,2026-07-01T01:02:03.029715,2,1,82.35,0.1,82.3,5,81.9,102,,,,,,,,,,,,,,,,,82.4,150,,,,,,,,,,,,,,,,,,
2026-07-01T01:02:03.050939+00:00,2026-07-01T01:02:03.047561,1,1,82.15,0.5,81.9,102,,,,,,,,,,,,,,,,,,,82.4,150,,,,,,,,,,,,,,,,,,
2026-07-01T01:02:03.081688+00:00,2026-07-01T01:02:03.081024,2,1,82.15,0.5,81.9,102,81.8,100,,,,,,,,,,,,,,,,,82.4,150,,,,,,,,,,,,,,,,,,
2026-07-01T01:02:03.112482+00:00,2026-07-01T01:02:03.112081,3,1,82.3,0.2,82.2,5,81.9,102,81.8,100,,,,,,,,,,,,,,,82.4,150,,,,,,,,,,,,,,,,,,
2026-07-01T01:02:03.133069+00:00,2026-07-01T01:02:03.133011,3,2,82.25,0.1,82.2,5,81.9,102,81.8,100,,,,,,,,,,,,,,,82.3,100,82.4,150,,,,,,,,,,,,,,,,
2026-07-01T01:02:03.492555+00:00,2026-07-01T01:02:03.484855,3,2,82.25,0.1,82.2,5,81.9,102,81.8,100,,,,,,,,,,,,,,,82.3,60,82.4,150,,,,,,,,,,,,,,,,
2026-07-01T01:02:03.564379+00:00,2026-07-01T01:02:03.556725,3,2,82.25,0.1,82.2,3,81.9,102,81.8,100,,,,,,,,,,,,,,,82.3,60,82.4,150,,,,,,,,,,,,,,,,
2026-07-01T01:02:03.922066+00:00,2026-07-01T01:02:03.917026,2,1,82.25,0.1,82.2,3,81.8,100,,,,,,,,,,,,,,,,,82.3,60,,,,,,,,,,,,,,,,,,
2026-07-01T01:02:03.973540+00:00,2026-07-01T01:02:03.969323,3,1,82.25,0.1,82.2,3,81.8,100,81.5,150,,,,,,,,,,,,,,,82.3,60,,,,,,,,,,,,,,,,,,
2026-07-01T01:02:04.035511+00:00,2026-07-01T01:02:04.034366,2,2,81.9,0.2,81.8,100,81.5,150,,,,,,,,,,,,,,,,,82.0,144,82.3,60,,,,,,,,,,,,,,,,
2026-07-01T01:02:04.056170+00:00,2026-07-01T01:02:04.053012,2,2,81.9,0.2,81.8,100,81.5,150,,,,,,,,,,,,,,,,,82.0,95,82.3,60,,,,,,,,,,,,,,,,
2026-07-01T01:02:04.107446+00:00,2026-07-01T01:02:04.098255,2,2,81.9,0.2,81.8,100,81.5,150,,,,,,,,,,,,,,,,,82.0,70,82.3,60,,,,,,,,,,,,,,,,
2026-07-01T01:02:04.313142+00:00,2026-07-01T01:02:04.308719,2,2,81.9,0.2,81.8,100,81.5,150,,,,,,,,,,,,,,,,,82.0,45,82.3,60,,,,,,,,,,,,,,,,
2026-07-01T01:02:04.405699+00:00,2026-07-01T01:02:04.404518,2,2,81.9,0.2,81.8,100,81.5,150,,,,,,,,,,,,,,,,,82.0,43,82.3,60,,,,,,,,,,,,,,,,
2026-07-01T01:02:04.528997+00:00,2026-07-01T01:02:04.521436,2,2,81.9,0.2,81.8,100,81.5,150,,,,,,,,,,,,,,,,,82.0,18,82.3,60,,,,,,,,,,,,,,,,
2026-07-01T01:02:04.734254+00:00,2026-07-01T01:02:04.730662,2,1,82.05,0.5,81.8,100,81.5,150,,,,,,,,,,,,,,,,,82.3,60,,,,,,,,,,,,,,,,,,
2026-07-01T01:02:04.949542+00:00,2026-07-01T01:02:04.943826,2,1,82.05,0.5,81.8,50,81.5,150,,,,,,,,,,,,,,,,,82.3,60,,,,,,,,,,,,,,,,,,
2026-07-01T01:02:05.093633+00:00,2026-07-01T01:02:05.088893,2,1,82.05,0.5,81.8,4,81.5,150,,,,,,,,,,,,,,,,,82.3,60,,,,,,,,,,,,,,,,,,
2026-07-01T01:02:05.638874+00:00,2026-07-01T01:02:05.630656,2,1,82.05,0.5,81.8,4,81.5,150,,,,,,,,,,,,,,,,,82.3,12,,,,,,,,,,,,,,,,,,
2026-07-01T01:02:06.192859+00:00,2026-07-01T01:02:06.188576,1,0,,,81.5,150,,,,,,,,,,,,,,,,,,,,,,,,,,,,,,,,,,,,,,
2026-07-01T01:02:06.244278+00:00,2026-07-01T01:02:06.241827,2,0,,,81.6,100,81.5,150,,,,,,,,,,,,,,,,,,,,,,,,,,,,,,,,,,,,
2026-07-01T01:02:06.295652+00:00,2026-07-01T01:02:06.295056,2,1,81.85,0.5,81.6,100,81.5,150,,,,,,,,,,,,,,,,,82.1,100,,,,,,,,,,,,,,,,,,
2026-07-01T01:02:07.069957+00:00,2026-07-01T01:02:07.060976,2,1,81.85,0.5,81.6,50,81.5,150,,,,,,,,,,,,,,,,,82.1,100,,,,,,,,,,,,,,,,,,
2026-07-01T01:02:07.090646+00:00,2026-07-01T01:02:07.082483,1,1,81.85,0.5,81.6,50,,,,,,,,,,,,,,,,,,,82.1,100,,,,,,,,,,,,,,,,,,
2026-07-01T01:02:07.142099+00:00,2026-07-01T01:02:07.136445,2,0,,,82.1,50,81.6,50,,,,,,,,,,,,,,,,,,,,,,,,,,,,,,,,,,,,
2026-07-01T01:02:07.193685+00:00,2026-07-01T01:02:07.189162,2,1,82.35,0.5,82.1,50,81.6,50,,,,,,,,,,,,,,,,,82.6,150,,,,,,,,,,,,,,,,,,
2026-07-01T01:02:07.571874+00:00,2026-07-01T01:02:07.567544,2,2,82.25,0.3,82.1,50,81.6,50,,,,,,,,,,,,,,,,,82.4,6,82.6,150,,,,,,,,,,,,,,,,
2026-07-01T01:02:07.828736+00:00,2026-07-01T01:02:07.819423,2,2,82.25,0.3,82.1,3,81.6,50,,,,,,,,,,,,,,,,,82.4,6,82.6,150,,,,,,,,,,,,,,,,
2026-07-01T01:02:08.977573+00:00,2026-07-01T01:02:08.972907,2,2,82.25,0.3,82.1,4,81.6,50,,,,,,,,,,,,,,,,,82.4,6,82.6,150,,,,,,,,,,,,,,,,
2026-07-01T01:02:09.008495+00:00,2026-07-01T01:02:09.002115,2,2,82.25,0.3,82.1,3,81.6,50,,,,,,,,,,,,,,,,,82.4,6,82.6,150,,,,,,,,,,,,,,,,
2026-07-01T01:02:09.172743+00:00,2026-07-01T01:02:09.167492,1,2,82.0,0.8,81.6,3,,,,,,,,,,,,,,,,,,,82.4,6,82.6,150,,,,,,,,,,,,,,,,
2026-07-01T01:02:09.357250+00:00,2026-07-01T01:02:09.349818,0,2,,,,,,,,,,,,,,,,,,,,,,,82.4,6,82.6,150,,,,,,,,,,,,,,,,
2026-07-01T01:02:09.408558+00:00,2026-07-01T01:02:09.404656,1,2,82.05,0.7,81.7,100,,,,,,,,,,,,,,,,,,,82.4,6,82.6,150,,,,,,,,,,,,,,,,
2026-07-01T01:02:09.480938+00:00,2026-07-01T01:02:09.475123,1,3,81.95,0.5,81.7,100,,,,,,,,,,,,,,,,,,,82.2,100,82.4,6,82.6,150,,,,,,,,,,,,,,
2026-07-01T01:02:09.780576+00:00,2026-07-01T01:02:09.779335,2,3,82.15,0.1,82.1,1,81.7,100,,,,,,,,,,,,,,,,,82.2,100,82.4,6,82.6,150,,,,,,,,,,,,,,
2026-07-01T01:02:10.131665+00:00,2026-07-01T01:02:10.125264,2,3,82.15,0.1,82.1,1,81.7,100,,,,,,,,,,,,,,,,,82.2,100,82.4,5,82.6,150,,,,,,,,,,,,,,
2026-07-01T01:02:10.162741+00:00,2026-07-01T01:02:10.154361,1,3,81.95,0.5,81.7,100,,,,,,,,,,,,,,,,,,,82.2,100,82.4,5,82.6,150,,,,,,,,,,,,,,
2026-07-01T01:02:10.255613+00:00,2026-07-01T01:02:10.245666,1,2,81.95,0.5,81.7,100,,,,,,,,,,,,,,,,,,,82.2,100,82.4,5,,,,,,,,,,,,,,,,
2026-07-01T01:02:10.296644+00:00,2026-07-01T01:02:10.296476,2,2,81.95,0.5,81.7,100,81.5,150,,,,,,,,,,,,,,,,,82.2,100,82.4,5,,,,,,,,,,,,,,,,
2026-07-01T01:02:10.358815+00:00,2026-07-01T01:02:10.349152,2,3,81.85,0.3,81.7,100,81.5,150,,,,,,,,,,,,,,,,,82.0,150,82.2,100,82.4,5,,,,,,,,,,,,,,
2026-07-01T01:02:10.389869+00:00,2026-07-01T01:02:10.381866,2,3,81.85,0.3,81.7,100,81.5,150,,,,,,,,,,,,,,,,,82.0,125,82.2,100,82.4,5,,,,,,,,,,,,,,
2026-07-01T01:02:10.596828+00:00,2026-07-01T01:02:10.593122,2,3,81.85,0.3,81.7,100,81.5,150,,,,,,,,,,,,,,,,,82.0,100,82.2,100,82.4,5,,,,,,,,,,,,,,
2026-07-01T01:02:10.751586+00:00,2026-07-01T01:02:10.747897,2,3,81.85,0.3,81.7,100,81.5,150,,,,,,,,,,,,,,,,,82.0,51,82.2,100,82.4,5,,,,,,,,,,,,,,
2026-07-01T01:02:10.802982+00:00,2026-07-01T01:02:10.802086,2,3,81.85,0.3,81.7,100,81.5,150,,,,,,,,,,,,,,,,,82.0,26,82.2,100,82.4,5,,,,,,,,,,,,,,
2026-07-01T01:02:11.018247+00:00,2026-07-01T01:02:11.011177,2,3,81.85,0.3,81.7,100,81.5,150,,,,,,,,,,,,,,,,,82.0,1,82.2,100,82.4,5,,,,,,,,,,,,,,
2026-07-01T01:02:11.223099+00:00,2026-07-01T01:02:11.223032,2,2,81.95,0.5,81.7,100,81.5,150,,,,,,,,,,,,,,,,,82.2,100,82.4,5,,,,,,,,,,,,,,,,
2026-07-01T01:02:11.233418+00:00,2026-07-01T01:02:11.227239,2,2,81.95,0.5,81.7,100,81.5,150,,,,,,,,,,,,,,,,,82.2,98,82.4,5,,,,,,,,,,,,,,,,
2026-07-01T01:02:11.284787+00:00,2026-07-01T01:02:11.282659,2,2,81.95,0.5,81.7,50,81.5,150,,,,,,,,,,,,,,,,,82.2,98,82.4,5,,,,,,,,,,,,,,,,
2026-07-01T01:02:11.438344+00:00,2026-07-01T01:02:11.433086,2,2,81.95,0.5,81.7,50,81.5,150,,,,,,,,,,,,,,,,,82.2,96,82.4,5,,,,,,,,,,,,,,,,
2026-07-01T01:02:11.643041+00:00,2026-07-01T01:02:11.638869,2,2,81.95,0.5,81.7,50,81.5,150,,,,,,,,,,,,,,,,,82.2,94,82.4,5,,,,,,,,,,,,,,,,
2026-07-01T01:02:12.536682+00:00,2026-07-01T01:02:12.531034,1,1,81.95,0.9,81.5,150,,,,,,,,,,,,,,,,,,,82.4,5,,,,,,,,,,,,,,,,,,
2026-07-01T01:02:12.587876+00:00,2026-07-01T01:02:12.584241,2,1,82.05,0.7,81.7,100,81.5,150,,,,,,,,,,,,,,,,,82.4,5,,,,,,,,,,,,,,,,,,
2026-07-01T01:02:12.639100+00:00,2026-07-01T01:02:12.637377,2,2,81.95,0.5,81.7,100,81.5,150,,,,,,,,,,,,,,,,,82.2,100,82.4,5,,,,,,,,,,,,,,,,
2026-07-01T01:02:13.399142+00:00,2026-07-01T01:02:13.391181,2,2,81.95,0.5,81.7,50,81.5,150,,,,,,,,,,,,,,,,,82.2,100,82.4,5,,,,,,,,,,,,,,,,
2026-07-01T01:02:13.409449+00:00,2026-07-01T01:02:13.403643,1,2,81.95,0.5,81.7,50,,,,,,,,,,,,,,,,,,,82.2,100,82.4,5,,,,,,,,,,,,,,,,
2026-07-01T01:02:13.460844+00:00,2026-07-01T01:02:13.457087,2,2,82.15,0.1,82.1,150,81.7,50,,,,,,,,,,,,,,,,,82.2,100,82.4,5,,,,,,,,,,,,,,,,
2026-07-01T01:02:13.532482+00:00,2026-07-01T01:02:13.526745,2,3,82.15,0.1,82.1,150,81.7,50,,,,,,,,,,,,,,,,,82.2,100,82.4,5,82.6,150,,,,,,,,,,,,,,
2026-07-01T01:02:15.054959+00:00,2026-07-01T01:02:15.049697,2,3,82.15,0.1,82.1,150,81.7,50,,,,,,,,,,,,,,,,,82.2,100,82.4,4,82.6,150,,,,,,,,,,,,,,
2026-07-01T01:02:15.454968+00:00,2026-07-01T01:02:15.447669,2,3,82.15,0.1,82.1,150,81.7,50,,,,,,,,,,,,,,,,,82.2,50,82.4,4,82.6,150,,,,,,,,,,,,,,
2026-07-01T01:02:15.660709+00:00,2026-07-01T01:02:15.653625,2,3,82.15,0.1,82.1,102,81.7,50,,,,,,,,,,,,,,,,,82.2,50,82.4,4,82.6,150,,,,,,,,,,,,,,
2026-07-01T01:02:15.701865+00:00,2026-07-01T01:02:15.693743,1,2,82.25,0.3,82.1,102,,,,,,,,,,,,,,,,,,,82.4,4,82.6,150,,,,,,,,,,,,,,,,
2026-07-01T01:02:15.753422+00:00,2026-07-01T01:02:15.746992,2,2,82.25,0.3,82.1,102,81.7,100,,,,,,,,,,,,,,,,,82.4,4,82.6,150,,,,,,,,,,,,,,,,
2026-07-01T01:02:15.804600+00:00,2026-07-01T01:02:15.800232,2,3,82.15,0.1,82.1,102,81.7,100,,,,,,,,,,,,,,,,,82.2,100,82.4,4,82.6,150,,,,,,,,,,,,,,
2026-07-01T01:02:16.593700+00:00,2026-07-01T01:02:16.584970,1,2,81.95,0.5,81.7,100,,,,,,,,,,,,,,,,,,,82.2,100,82.4,4,,,,,,,,,,,,,,,,
2026-07-01T01:02:16.655359+00:00,2026-07-01T01:02:16.645991,2,2,82.1,0.2,82.0,150,81.7,100,,,,,,,,,,,,,,,,,82.2,100,82.4,4,,,,,,,,,,,,,,,,
2026-07-01T01:02:16.706531+00:00,2026-07-01T01:02:16.699017,2,3,82.1,0.2,82.0,150,81.7,100,,,,,,,,,,,,,,,,,82.2,100,82.4,4,82.5,150,,,,,,,,,,,,,,
2026-07-01T01:02:17.107508+00:00,2026-07-01T01:02:17.097615,2,3,82.1,0.2,82.0,109,81.7,100,,,,,,,,,,,,,,,,,82.2,100,82.4,4,82.5,150,,,,,,,,,,,,,,
2026-07-01T01:02:17.560563+00:00,2026-07-01T01:02:17.553690,2,3,82.1,0.2,82.0,109,81.7,100,,,,,,,,,,,,,,,,,82.2,50,82.4,4,82.5,150,,,,,,,,,,,,,,
2026-07-01T01:02:17.673197+00:00,2026-07-01T01:02:17.670716,2,3,82.1,0.2,82.0,109,81.7,100,,,,,,,,,,,,,,,,,82.2,50,82.4,2,82.5,150,,,,,,,,,,,,,,
2026-07-01T01:02:17.857378+00:00,2026-07-01T01:02:17.855530,2,3,82.1,0.2,82.0,112,81.7,100,,,,,,,,,,,,,,,,,82.2,50,82.4,2,82.5,150,,,,,,,,,,,,,,
2026-07-01T01:02:18.053724+00:00,2026-07-01T01:02:18.047969,2,3,82.1,0.2,82.0,112,81.7,100,,,,,,,,,,,,,,,,,82.2,5,82.4,2,82.5,150,,,,,,,,,,,,,,
2026-07-01T01:02:18.772553+00:00,2026-07-01T01:02:18.770105,2,3,82.1,0.2,82.0,111,81.7,100,,,,,,,,,,,,,,,,,82.2,5,82.4,2,82.5,150,,,,,,,,,,,,,,
2026-07-01T01:02:18.854921+00:00,2026-07-01T01:02:18.854263,2,2,82.2,0.4,82.0,111,81.7,100,,,,,,,,,,,,,,,,,82.4,2,82.5,150,,,,,,,,,,,,,,,,
2026-07-01T01:02:18.865185+00:00,2026-07-01T01:02:18.855433,1,2,82.2,0.4,82.0,111,,,,,,,,,,,,,,,,,,,82.4,2,82.5,150,,,,,,,,,,,,,,,,
2026-07-01T01:02:18.916546+00:00,2026-07-01T01:02:18.909545,1,2,82.2,0.4,82.0,210,,,,,,,,,,,,,,,,,,,82.4,2,82.5,150,,,,,,,,,,,,,,,,
2026-07-01T01:02:18.967900+00:00,2026-07-01T01:02:18.964061,1,2,82.2,0.4,82.0,210,,,,,,,,,,,,,,,,,,,82.4,2,82.5,250,,,,,,,,,,,,,,,,
2026-07-01T01:02:19.676989+00:00,2026-07-01T01:02:19.666929,1,1,82.25,0.5,82.0,210,,,,,,,,,,,,,,,,,,,82.5,202,,,,,,,,,,,,,,,,,,
2026-07-01T01:02:19.759125+00:00,2026-07-01T01:02:19.756025,1,1,82.25,0.5,82.0,101,,,,,,,,,,,,,,,,,,,82.5,100,,,,,,,,,,,,,,,,,,
2026-07-01T01:02:19.811092+00:00,2026-07-01T01:02:19.808928,1,1,82.25,0.5,82.0,251,,,,,,,,,,,,,,,,,,,82.5,100,,,,,,,,,,,,,,,,,,
2026-07-01T01:02:19.862244+00:00,2026-07-01T01:02:19.862065,1,1,82.25,0.5,82.0,251,,,,,,,,,,,,,,,,,,,82.5,250,,,,,,,,,,,,,,,,,,
2026-07-01T01:02:21.625687+00:00,2026-07-01T01:02:21.624812,1,2,82.15,0.3,82.0,251,,,,,,,,,,,,,,,,,,,82.3,4,82.5,250,,,,,,,,,,,,,,,,
2026-07-01T01:02:21.831550+00:00,2026-07-01T01:02:21.827230,1,2,82.15,0.3,82.0,201,,,,,,,,,,,,,,,,,,,82.3,4,82.5,250,,,,,,,,,,,,,,,,
2026-07-01T01:02:21.955707+00:00,2026-07-01T01:02:21.951440,1,2,82.15,0.3,82.0,203,,,,,,,,,,,,,,,,,,,82.3,4,82.5,250,,,,,,,,,,,,,,,,
2026-07-01T01:02:21.997058+00:00,2026-07-01T01:02:21.990963,1,2,82.15,0.3,82.0,203,,,,,,,,,,,,,,,,,,,82.3,3,82.5,250,,,,,,,,,,,,,,,,
2026-07-01T01:02:22.017913+00:00,2026-07-01T01:02:22.017197,1,2,82.15,0.3,82.0,203,,,,,,,,,,,,,,,,,,,82.3,3,82.5,150,,,,,,,,,,,,,,,,
2026-07-01T01:02:22.028301+00:00,2026-07-01T01:02:22.018388,1,2,82.15,0.3,82.0,152,,,,,,,,,,,,,,,,,,,82.3,3,82.5,150,,,,,,,,,,,,,,,,
2026-07-01T01:02:22.080226+00:00,2026-07-01T01:02:22.070465,2,2,82.15,0.3,82.0,152,81.9,100,,,,,,,,,,,,,,,,,82.3,3,82.5,150,,,,,,,,,,,,,,,,
2026-07-01T01:02:22.131750+00:00,2026-07-01T01:02:22.122788,2,3,82.15,0.3,82.0,152,81.9,100,,,,,,,,,,,,,,,,,82.3,3,82.4,100,82.5,150,,,,,,,,,,,,,,
2026-07-01T01:02:22.656152+00:00,2026-07-01T01:02:22.648602,2,3,82.15,0.3,82.0,152,81.9,100,,,,,,,,,,,,,,,,,82.3,2,82.4,100,82.5,150,,,,,,,,,,,,,,
2026-07-01T01:02:22.923336+00:00,2026-07-01T01:02:22.922595,2,2,82.15,0.3,82.0,2,81.9,100,,,,,,,,,,,,,,,,,82.3,2,82.4,100,,,,,,,,,,,,,,,,
2026-07-01T01:02:22.985609+00:00,2026-07-01T01:02:22.977049,2,2,82.15,0.3,82.0,2,81.9,250,,,,,,,,,,,,,,,,,82.3,2,82.4,100,,,,,,,,,,,,,,,,
2026-07-01T01:02:23.037269+00:00,2026-07-01T01:02:23.029717,2,2,82.15,0.3,82.0,2,81.9,250,,,,,,,,,,,,,,,,,82.3,2,82.4,250,,,,,,,,,,,,,,,,
2026-07-01T01:02:23.078371+00:00,2026-07-01T01:02:23.072188,2,2,82.15,0.3,82.0,2,81.9,250,,,,,,,,,,,,,,,,,82.3,1,82.4,250,,,,,,,,,,,,,,,,
2026-07-01T01:02:23.663318+00:00,2026-07-01T01:02:23.660234,2,1,82.2,0.4,82.0,2,81.9,250,,,,,,,,,,,,,,,,,82.4,210,,,,,,,,,,,,,,,,,,
2026-07-01T01:02:23.725248+00:00,2026-07-01T01:02:23.716600,1,1,82.15,0.5,81.9,205,,,,,,,,,,,,,,,,,,,82.4,210,,,,,,,,,,,,,,,,,,
2026-07-01T01:02:23.889166+00:00,2026-07-01T01:02:23.881899,1,1,82.15,0.5,81.9,205,,,,,,,,,,,,,,,,,,,82.4,160,,,,,,,,,,,,,,,,,,
2026-07-01T01:02:25.185486+00:00,2026-07-01T01:02:25.177935,1,1,82.15,0.5,81.9,150,,,,,,,,,,,,,,,,,,,82.4,150,,,,,,,,,,,,,,,,,,
2026-07-01T01:02:25.237638+00:00,2026-07-01T01:02:25.230499,1,1,82.15,0.5,81.9,250,,,,,,,,,,,,,,,,,,,82.4,150,,,,,,,,,,,,,,,,,,
2026-07-01T01:02:25.289399+00:00,2026-07-01T01:02:25.283360,1,1,82.15,0.5,81.9,250,,,,,,,,,,,,,,,,,,,82.4,250,,,,,,,,,,,,,,,,,,
2026-07-01T01:02:25.700847+00:00,2026-07-01T01:02:25.699596,1,2,82.1,0.4,81.9,250,,,,,,,,,,,,,,,,,,,82.3,6,82.4,250,,,,,,,,,,,,,,,,
2026-07-01T01:02:25.844765+00:00,2026-07-01T01:02:25.844262,1,1,82.15,0.5,81.9,250,,,,,,,,,,,,,,,,,,,82.4,207,,,,,,,,,,,,,,,,,,
2026-07-01T01:02:25.989695+00:00,2026-07-01T01:02:25.988002,1,1,82.15,0.5,81.9,250,,,,,,,,,,,,,,,,,,,82.4,157,,,,,,,,,,,,,,,,,,
2026-07-01T01:02:26.082556+00:00,2026-07-01T01:02:26.080561,1,2,82.1,0.4,81.9,250,,,,,,,,,,,,,,,,,,,82.3,7,82.4,157,,,,,,,,,,,,,,,,
2026-07-01T01:02:26.093048+00:00,2026-07-01T01:02:26.087595,1,2,82.1,0.4,81.9,100,,,,,,,,,,,,,,,,,,,82.3,7,82.4,100,,,,,,,,,,,,,,,,
2026-07-01T01:02:26.153903+00:00,2026-07-01T01:02:26.152957,2,1,82.35,0.1,82.3,140,81.9,100,,,,,,,,,,,,,,,,,82.4,100,,,,,,,,,,,,,,,,,,
2026-07-01T01:02:26.195312+00:00,2026-07-01T01:02:26.192011,2,2,82.35,0.1,82.3,140,81.9,100,,,,,,,,,,,,,,,,,82.4,100,82.8,150,,,,,,,,,,,,,,,,
2026-07-01T01:02:26.277931+00:00,2026-07-01T01:02:26.271393,2,2,82.35,0.1,82.3,115,81.9,100,,,,,,,,,,,,,,,,,82.4,100,82.8,150,,,,,,,,,,,,,,,,
2026-07-01T01:02:26.452090+00:00,2026-07-01T01:02:26.448833,2,2,82.35,0.1,82.3,69,81.9,100,,,,,,,,,,,,,,,,,82.4,100,82.8,150,,,,,,,,,,,,,,,,
2026-07-01T01:02:26.483351+00:00,2026-07-01T01:02:26.480593,2,2,82.35,0.1,82.3,44,81.9,100,,,,,,,,,,,,,,,,,82.4,100,82.8,150,,,,,,,,,,,,,,,,
2026-07-01T01:02:26.698764+00:00,2026-07-01T01:02:26.688933,2,2,82.35,0.1,82.3,19,81.9,100,,,,,,,,,,,,,,,,,82.4,100,82.8,150,,,,,,,,,,,,,,,,
2026-07-01T01:02:26.903665+00:00,2026-07-01T01:02:26.897969,1,2,82.15,0.5,81.9,100,,,,,,,,,,,,,,,,,,,82.4,100,82.8,150,,,,,,,,,,,,,,,,
2026-07-01T01:02:27.068399+00:00,2026-07-01T01:02:27.059235,1,2,82.15,0.5,81.9,60,,,,,,,,,,,,,,,,,,,82.4,100,82.8,150,,,,,,,,,,,,,,,,
2026-07-01T01:02:27.109496+00:00,2026-07-01T01:02:27.109066,1,3,82.1,0.4,81.9,60,,,,,,,,,,,,,,,,,,,82.3,6,82.4,100,82.8,150,,,,,,,,,,,,,,
2026-07-01T01:02:27.591470+00:00,2026-07-01T01:02:27.582938,1,2,82.15,0.5,81.9,60,,,,,,,,,,,,,,,,,,,82.4,60,82.8,150,,,,,,,,,,,,,,,,
2026-07-01T01:02:28.095190+00:00,2026-07-01T01:02:28.092117,1,2,82.15,0.5,81.9,60,,,,,,,,,,,,,,,,,,,82.4,10,82.8,150,,,,,,,,,,,,,,,,
2026-07-01T01:02:28.341908+00:00,2026-07-01T01:02:28.340169,0,1,,,,,,,,,,,,,,,,,,,,,,,82.8,150,,,,,,,,,,,,,,,,,,
2026-07-01T01:02:28.403335+00:00,2026-07-01T01:02:28.393861,1,1,82.45,0.7,82.1,100,,,,,,,,,,,,,,,,,,,82.8,150,,,,,,,,,,,,,,,,,,
2026-07-01T01:02:28.454497+00:00,2026-07-01T01:02:28.447124,1,2,82.35,0.5,82.1,100,,,,,,,,,,,,,,,,,,,82.6,100,82.8,150,,,,,,,,,,,,,,,,
2026-07-01T01:02:29.255510+00:00,2026-07-01T01:02:29.245630,1,1,82.35,0.5,82.1,100,,,,,,,,,,,,,,,,,,,82.6,100,,,,,,,,,,,,,,,,,,
2026-07-01T01:02:29.307095+00:00,2026-07-01T01:02:29.298755,2,1,82.35,0.5,82.1,100,81.8,150,,,,,,,,,,,,,,,,,82.6,100,,,,,,,,,,,,,,,,,,
2026-07-01T01:02:29.358504+00:00,2026-07-01T01:02:29.352354,2,2,82.2,0.2,82.1,100,81.8,150,,,,,,,,,,,,,,,,,82.3,150,82.6,100,,,,,,,,,,,,,,,,
2026-07-01T01:02:29.767821+00:00,2026-07-01T01:02:29.766875,2,2,82.2,0.2,82.1,60,81.8,150,,,,,,,,,,,,,,,,,82.3,150,82.6,100,,,,,,,,,,,,,,,,
2026-07-01T01:02:30.209056+00:00,2026-07-01T01:02:30.202075,2,2,82.2,0.2,82.1,60,81.8,150,,,,,,,,,,,,,,,,,82.3,100,82.6,100,,,,,,,,,,,,,,,,
2026-07-01T01:02:30.291019+00:00,2026-07-01T01:02:30.281516,2,2,82.2,0.2,82.1,60,81.8,150,,,,,,,,,,,,,,,,,82.3,56,82.6,100,,,,,,,,,,,,,,,,
2026-07-01T01:02:31.361706+00:00,2026-07-01T01:02:31.353072,2,2,82.2,0.2,82.1,13,81.8,150,,,,,,,,,,,,,,,,,82.3,56,82.6,100,,,,,,,,,,,,,,,,
2026-07-01T01:02:31.505441+00:00,2026-07-01T01:02:31.501729,1,1,82.05,0.5,81.8,150,,,,,,,,,,,,,,,,,,,82.3,56,,,,,,,,,,,,,,,,,,
2026-07-01T01:02:31.556932+00:00,2026-07-01T01:02:31.555325,1,1,82.05,0.5,81.8,250,,,,,,,,,,,,,,,,,,,82.3,56,,,,,,,,,,,,,,,,,,
2026-07-01T01:02:31.608226+00:00,2026-07-01T01:02:31.608132,1,1,82.05,0.5,81.8,250,,,,,,,,,,,,,,,,,,,82.3,156,,,,,,,,,,,,,,,,,,
2026-07-01T01:02:32.308576+00:00,2026-07-01T01:02:32.308089,1,1,82.05,0.5,81.8,250,,,,,,,,,,,,,,,,,,,82.3,106,,,,,,,,,,,,,,,,,,
2026-07-01T01:02:32.411169+00:00,2026-07-01T01:02:32.407827,1,1,82.05,0.5,81.8,100,,,,,,,,,,,,,,,,,,,82.3,100,,,,,,,,,,,,,,,,,,
2026-07-01T01:02:32.462463+00:00,2026-07-01T01:02:32.461630,2,0,,,82.4,50,81.8,100,,,,,,,,,,,,,,,,,,,,,,,,,,,,,,,,,,,,
2026-07-01T01:02:32.524372+00:00,2026-07-01T01:02:32.514314,2,1,82.65,0.5,82.4,50,81.8,100,,,,,,,,,,,,,,,,,82.9,150,,,,,,,,,,,,,,,,,,
2026-07-01T01:02:32.544950+00:00,2026-07-01T01:02:32.540306,2,1,82.65,0.5,82.4,25,81.8,100,,,,,,,,,,,,,,,,,82.9,150,,,,,,,,,,,,,,,,,,
2026-07-01T01:02:32.760201+00:00,2026-07-01T01:02:32.751134,1,1,82.35,1.1,81.8,100,,,,,,,,,,,,,,,,,,,82.9,150,,,,,,,,,,,,,,,,,,
2026-07-01T01:02:32.770473+00:00,2026-07-01T01:02:32.769265,1,1,82.35,1.1,81.8,100,,,,,,,,,,,,,,,,,,,82.9,106,,,,,,,,,,,,,,,,,,
2026-07-01T01:02:34.381950+00:00,2026-07-01T01:02:34.377467,1,2,82.1,0.6,81.8,100,,,,,,,,,,,,,,,,,,,82.4,6,82.9,106,,,,,,,,,,,,,,,,
2026-07-01T01:02:34.669323+00:00,2026-07-01T01:02:34.660840,0,2,,,,,,,,,,,,,,,,,,,,,,,82.4,6,82.9,106,,,,,,,,,,,,,,,,
2026-07-01T01:02:34.720378+00:00,2026-07-01T01:02:34.713324,1,2,82.25,0.3,82.1,100,,,,,,,,,,,,,,,,,,,82.4,6,82.9,106,,,,,,,,,,,,,,,,
2026-07-01T01:02:34.771473+00:00,2026-07-01T01:02:34.766620,1,3,82.25,0.3,82.1,100,,,,,,,,,,,,,,,,,,,82.4,6,82.6,100,82.9,106,,,,,,,,,,,,,,
2026-07-01T01:02:35.573725+00:00,2026-07-01T01:02:35.567726,1,2,82.25,0.3,82.1,100,,,,,,,,,,,,,,,,,,,82.4,6,82.6,100,,,,,,,,,,,,,,,,
2026-07-01T01:02:35.624920+00:00,2026-07-01T01:02:35.620102,2,2,82.25,0.3,82.1,100,82.0,150,,,,,,,,,,,,,,,,,82.4,6,82.6,100,,,,,,,,,,,,,,,,
2026-07-01T01:02:35.676218+00:00,2026-07-01T01:02:35.672665,2,3,82.25,0.3,82.1,100,82.0,150,,,,,,,,,,,,,,,,,82.4,6,82.5,150,82.6,100,,,,,,,,,,,,,,
2026-07-01T01:02:36.571354+00:00,2026-07-01T01:02:36.570019,2,3,82.25,0.3,82.1,50,82.0,150,,,,,,,,,,,,,,,,,82.4,6,82.5,150,82.6,100,,,,,,,,,,,,,,
2026-07-01T01:02:37.820940+00:00,2026-07-01T01:02:37.820820,2,2,82.25,0.3,82.1,50,82.0,150,,,,,,,,,,,,,,,,,82.4,6,82.5,150,,,,,,,,,,,,,,,,
2026-07-01T01:02:37.831162+00:00,2026-07-01T01:02:37.822376,1,2,82.2,0.4,82.0,150,,,,,,,,,,,,,,,,,,,82.4,6,82.5,150,,,,,,,,,,,,,,,,
2026-07-01T01:02:37.882179+00:00,2026-07-01T01:02:37.875971,1,2,82.2,0.4,82.0,250,,,,,,,,,,,,,,,,,,,82.4,6,82.5,150,,,,,,,,,,,,,,,,
2026-07-01T01:02:37.933236+00:00,2026-07-01T01:02:37.929005,1,2,82.2,0.4,82.0,250,,,,,,,,,,,,,,,,,,,82.4,6,82.5,250,,,,,,,,,,,,,,,,
2026-07-01T01:02:38.004990+00:00,2026-07-01T01:02:38.003972,1,2,82.2,0.4,82.0,201,,,,,,,,,,,,,,,,,,,82.4,6,82.5,250,,,,,,,,,,,,,,,,
2026-07-01T01:02:38.680819+00:00,2026-07-01T01:02:38.679275,1,2,82.2,0.4,82.0,151,,,,,,,,,,,,,,,,,,,82.4,6,82.5,250,,,,,,,,,,,,,,,,
2026-07-01T01:02:38.731967+00:00,2026-07-01T01:02:38.727912,1,2,82.2,0.4,82.0,100,,,,,,,,,,,,,,,,,,,82.4,6,82.5,100,,,,,,,,,,,,,,,,
2026-07-01T01:02:38.783055+00:00,2026-07-01T01:02:38.780806,2,2,82.2,0.4,82.0,100,81.5,150,,,,,,,,,,,,,,,,,82.4,6,82.5,100,,,,,,,,,,,,,,,,
2026-07-01T01:02:38.856531+00:00,2026-07-01T01:02:38.855256,1,3,81.75,0.5,81.5,150,,,,,,,,,,,,,,,,,,,82.0,47,82.4,6,82.5,100,,,,,,,,,,,,,,
2026-07-01T01:02:38.979016+00:00,2026-07-01T01:02:38.977591,1,3,81.75,0.5,81.5,150,,,,,,,,,,,,,,,,,,,82.0,22,82.4,6,82.5,100,,,,,,,,,,,,,,
2026-07-01T01:02:39.193426+00:00,2026-07-01T01:02:39.186880,1,2,81.95,0.9,81.5,150,,,,,,,,,,,,,,,,,,,82.4,6,82.5,100,,,,,,,,,,,,,,,,
2026-07-01T01:02:40.789519+00:00,2026-07-01T01:02:40.785570,1,2,81.95,0.9,81.5,100,,,,,,,,,,,,,,,,,,,82.4,6,82.5,100,,,,,,,,,,,,,,,,
2026-07-01T01:02:40.983971+00:00,2026-07-01T01:02:40.982232,1,1,81.95,0.9,81.5,100,,,,,,,,,,,,,,,,,,,82.4,6,,,,,,,,,,,,,,,,,,
2026-07-01T01:02:41.045765+00:00,2026-07-01T01:02:41.036064,2,1,82.0,0.8,81.6,100,81.5,100,,,,,,,,,,,,,,,,,82.4,6,,,,,,,,,,,,,,,,,,
2026-07-01T01:02:41.097095+00:00,2026-07-01T01:02:41.088739,2,2,81.85,0.5,81.6,100,81.5,100,,,,,,,,,,,,,,,,,82.1,100,82.4,6,,,,,,,,,,,,,,,,
2026-07-01T01:02:41.199579+00:00,2026-07-01T01:02:41.194485,2,2,81.85,0.5,81.6,100,81.5,100,,,,,,,,,,,,,,,,,82.1,54,82.4,6,,,,,,,,,,,,,,,,
2026-07-01T01:02:41.896608+00:00,2026-07-01T01:02:41.890951,1,2,81.85,0.5,81.6,100,,,,,,,,,,,,,,,,,,,82.1,54,82.4,6,,,,,,,,,,,,,,,,
2026-07-01T01:02:41.953283+00:00,2026-07-01T01:02:41.943517,2,2,82.0,0.2,81.9,150,81.6,100,,,,,,,,,,,,,,,,,82.1,54,82.4,6,,,,,,,,,,,,,,,,
2026-07-01T01:02:42.004636+00:00,2026-07-01T01:02:41.997071,2,2,82.0,0.2,81.9,150,81.6,100,,,,,,,,,,,,,,,,,82.1,54,82.4,156,,,,,,,,,,,,,,,,
2026-07-01T01:02:42.834907+00:00,2026-07-01T01:02:42.825273,2,2,82.0,0.2,81.9,105,81.6,100,,,,,,,,,,,,,,,,,82.1,54,82.4,156,,,,,,,,,,,,,,,,
2026-07-01T01:02:42.896228+00:00,2026-07-01T01:02:42.893139,2,2,82.0,0.2,81.9,55,81.6,100,,,,,,,,,,,,,,,,,82.1,54,82.4,156,,,,,,,,,,,,,,,,
2026-07-01T01:02:43.417933+00:00,2026-07-01T01:02:43.415294,2,2,82.0,0.2,81.9,55,81.6,100,,,,,,,,,,,,,,,,,82.1,29,82.4,156,,,,,,,,,,,,,,,,
2026-07-01T01:02:43.634027+00:00,2026-07-01T01:02:43.626742,2,2,82.0,0.2,81.9,55,81.6,100,,,,,,,,,,,,,,,,,82.1,4,82.4,156,,,,,,,,,,,,,,,,
2026-07-01T01:02:43.839179+00:00,2026-07-01T01:02:43.836971,2,1,82.15,0.5,81.9,55,81.6,100,,,,,,,,,,,,,,,,,82.4,156,,,,,,,,,,,,,,,,,,
2026-07-01T01:02:44.146535+00:00,2026-07-01T01:02:44.142867,1,1,82.15,0.5,81.9,55,,,,,,,,,,,,,,,,,,,82.4,156,,,,,,,,,,,,,,,,,,
2026-07-01T01:02:44.197506+00:00,2026-07-01T01:02:44.195819,2,1,82.2,0.4,82.0,100,81.9,55,,,,,,,,,,,,,,,,,82.4,156,,,,,,,,,,,,,,,,,,
2026-07-01T01:02:44.258880+00:00,2026-07-01T01:02:44.248889,2,2,82.2,0.4,82.0,100,81.9,55,,,,,,,,,,,,,,,,,82.4,156,82.5,100,,,,,,,,,,,,,,,,
2026-07-01T01:02:45.006021+00:00,2026-07-01T01:02:44.998915,2,2,82.2,0.4,82.0,50,81.9,55,,,,,,,,,,,,,,,,,82.4,156,82.5,100,,,,,,,,,,,,,,,,
2026-07-01T01:02:45.057207+00:00,2026-07-01T01:02:45.052250,1,2,82.2,0.4,82.0,50,,,,,,,,,,,,,,,,,,,82.4,6,82.5,100,,,,,,,,,,,,,,,,
2026-07-01T01:02:45.108802+00:00,2026-07-01T01:02:45.104509,2,2,82.2,0.4,82.0,50,81.7,150,,,,,,,,,,,,,,,,,82.4,6,82.5,100,,,,,,,,,,,,,,,,
2026-07-01T01:02:45.159988+00:00,2026-07-01T01:02:45.157154,2,3,82.1,0.2,82.0,50,81.7,150,,,,,,,,,,,,,,,,,82.2,150,82.4,6,82.5,100,,,,,,,,,,,,,,
2026-07-01T01:02:45.293247+00:00,2026-07-01T01:02:45.290991,2,3,82.1,0.2,82.0,50,81.7,150,,,,,,,,,,,,,,,,,82.2,123,82.4,6,82.5,100,,,,,,,,,,,,,,
2026-07-01T01:02:45.508567+00:00,2026-07-01T01:02:45.502634,2,3,82.1,0.2,82.0,50,81.7,150,,,,,,,,,,,,,,,,,82.2,112,82.4,6,82.5,100,,,,,,,,,,,,,,
2026-07-01T01:02:45.518997+00:00,2026-07-01T01:02:45.510524,2,3,82.1,0.2,82.0,50,81.7,150,,,,,,,,,,,,,,,,,82.2,110,82.4,6,82.5,100,,,,,,,,,,,,,,
2026-07-01T01:02:45.724650+00:00,2026-07-01T01:02:45.715881,2,3,82.1,0.2,82.0,50,81.7,150,,,,,,,,,,,,,,,,,82.2,108,82.4,6,82.5,100,,,,,,,,,,,,,,
2026-07-01T01:02:45.931139+00:00,2026-07-01T01:02:45.921099,2,3,82.1,0.2,82.0,50,81.7,150,,,,,,,,,,,,,,,,,82.2,107,82.4,6,82.5,100,,,,,,,,,,,,,,
2026-07-01T01:02:46.506272+00:00,2026-07-01T01:02:46.505977,2,3,82.1,0.2,82.0,50,81.7,150,,,,,,,,,,,,,,,,,82.2,64,82.4,6,82.5,100,,,,,,,,,,,,,,
2026-07-01T01:02:46.568361+00:00,2026-07-01T01:02:46.559135,2,3,82.1,0.2,82.0,50,81.7,150,,,,,,,,,,,,,,,,,82.2,64,82.4,5,82.5,100,,,,,,,,,,,,,,
2026-07-01T01:02:47.106256+00:00,2026-07-01T01:02:47.104653,1,3,81.95,0.5,81.7,150,,,,,,,,,,,,,,,,,,,82.2,64,82.4,5,82.5,100,,,,,,,,,,,,,,
2026-07-01T01:02:47.147241+00:00,2026-07-01T01:02:47.137496,1,3,81.95,0.5,81.7,150,,,,,,,,,,,,,,,,,,,82.2,64,82.4,4,82.5,100,,,,,,,,,,,,,,
2026-07-01T01:02:47.311098+00:00,2026-07-01T01:02:47.303190,1,2,81.95,0.5,81.7,150,,,,,,,,,,,,,,,,,,,82.2,64,82.4,4,,,,,,,,,,,,,,,,
2026-07-01T01:02:47.362142+00:00,2026-07-01T01:02:47.355707,2,2,82.0,0.4,81.8,100,81.7,150,,,,,,,,,,,,,,,,,82.2,64,82.4,4,,,,,,,,,,,,,,,,
2026-07-01T01:02:47.413340+00:00,2026-07-01T01:02:47.409337,2,3,82.0,0.4,81.8,100,81.7,150,,,,,,,,,,,,,,,,,82.2,64,82.3,100,82.4,4,,,,,,,,,,,,,,
2026-07-01T01:02:47.813126+00:00,2026-07-01T01:02:47.804121,2,3,82.0,0.4,81.8,100,81.7,150,,,,,,,,,,,,,,,,,82.2,64,82.3,100,82.4,3,,,,,,,,,,,,,,
2026-07-01T01:02:48.212109+00:00,2026-07-01T01:02:48.211520,1,2,82.05,0.5,81.8,100,,,,,,,,,,,,,,,,,,,82.3,100,82.4,3,,,,,,,,,,,,,,,,
2026-07-01T01:02:48.273806+00:00,2026-07-01T01:02:48.264267,2,2,82.15,0.3,82.0,150,81.8,100,,,,,,,,,,,,,,,,,82.3,100,82.4,3,,,,,,,,,,,,,,,,
2026-07-01T01:02:48.325075+00:00,2026-07-01T01:02:48.316363,2,3,82.15,0.3,82.0,150,81.8,100,,,,,,,,,,,,,,,,,82.3,100,82.4,3,82.5,150,,,,,,,,,,,,,,
2026-07-01T01:02:49.215019+00:00,2026-07-01T01:02:49.211752,2,3,82.15,0.3,82.0,100,81.8,100,,,,,,,,,,,,,,,,,82.3,100,82.4,3,82.5,150,,,,,,,,,,,,,,
2026-07-01T01:02:50.200896+00:00,2026-07-01T01:02:50.199171,2,3,82.15,0.3,82.0,100,81.8,100,,,,,,,,,,,,,,,,,82.3,100,82.4,2,82.5,150,,,,,,,,,,,,,,
2026-07-01T01:02:50.467514+00:00,2026-07-01T01:02:50.467336,2,2,82.2,0.4,82.0,100,81.8,100,,,,,,,,,,,,,,,,,82.4,2,82.5,150,,,,,,,,,,,,,,,,
2026-07-01T01:02:50.477788+00:00,2026-07-01T01:02:50.468550,1,2,82.2,0.4,82.0,100,,,,,,,,,,,,,,,,,,,82.4,2,82.5,150,,,,,,,,,,,,,,,,
2026-07-01T01:02:50.529232+00:00,2026-07-01T01:02:50.522395,2,2,82.2,0.4,82.0,100,81.6,100,,,,,,,,,,,,,,,,,82.4,2,82.5,150,,,,,,,,,,,,,,,,
2026-07-01T01:02:50.580569+00:00,2026-07-01T01:02:50.575887,2,3,82.05,0.1,82.0,100,81.6,100,,,,,,,,,,,,,,,,,82.1,100,82.4,2,82.5,150,,,,,,,,,,,,,,
2026-07-01T01:02:50.714047+00:00,2026-07-01T01:02:50.711972,2,3,82.05,0.1,82.0,59,81.6,100,,,,,,,,,,,,,,,,,82.1,100,82.4,2,82.5,150,,,,,,,,,,,,,,
2026-07-01T01:02:51.348323+00:00,2026-07-01T01:02:51.344703,2,3,82.05,0.1,82.0,9,81.6,100,,,,,,,,,,,,,,,,,82.1,100,82.4,2,82.5,150,,,,,,,,,,,,,,
2026-07-01T01:02:51.379270+00:00,2026-07-01T01:02:51.372156,1,2,81.85,0.5,81.6,100,,,,,,,,,,,,,,,,,,,82.1,100,82.4,2,,,,,,,,,,,,,,,,
2026-07-01T01:02:51.430605+00:00,2026-07-01T01:02:51.425051,2,2,81.85,0.5,81.6,100,81.3,150,,,,,,,,,,,,,,,,,82.1,100,82.4,2,,,,,,,,,,,,,,,,
2026-07-01T01:02:51.492641+00:00,2026-07-01T01:02:51.491399,2,3,81.7,0.2,81.6,100,81.3,150,,,,,,,,,,,,,,,,,81.8,147,82.1,100,82.4,2,,,,,,,,,,,,,,
2026-07-01T01:02:52.518481+00:00,2026-07-01T01:02:52.517655,2,3,81.7,0.2,81.6,100,81.3,150,,,,,,,,,,,,,,,,,81.8,136,82.1,100,82.4,2,,,,,,,,,,,,,,
2026-07-01T01:02:52.528941+00:00,2026-07-01T01:02:52.527485,2,2,81.7,0.2,81.6,100,81.3,150,,,,,,,,,,,,,,,,,81.8,136,82.1,100,,,,,,,,,,,,,,,,
2026-07-01T01:02:53.634363+00:00,2026-07-01T01:02:53.631737,1,1,81.55,0.5,81.3,150,,,,,,,,,,,,,,,,,,,81.8,136,,,,,,,,,,,,,,,,,,
2026-07-01T01:02:53.706394+00:00,2026-07-01T01:02:53.704218,2,1,81.75,0.1,81.7,100,81.3,150,,,,,,,,,,,,,,,,,81.8,136,,,,,,,,,,,,,,,,,,
2026-07-01T01:02:53.757708+00:00,2026-07-01T01:02:53.753918,2,2,81.75,0.1,81.7,100,81.3,150,,,,,,,,,,,,,,,,,81.8,136,82.2,100,,,,,,,,,,,,,,,,
2026-07-01T01:02:53.933013+00:00,2026-07-01T01:02:53.929167,2,2,81.75,0.1,81.7,100,81.3,150,,,,,,,,,,,,,,,,,81.8,132,82.2,100,,,,,,,,,,,,,,,,
2026-07-01T01:02:54.076543+00:00,2026-07-01T01:02:54.066764,2,2,81.75,0.1,81.7,100,81.3,150,,,,,,,,,,,,,,,,,81.8,128,82.2,100,,,,,,,,,,,,,,,,
2026-07-01T01:02:54.148793+00:00,2026-07-01T01:02:54.139140,2,2,81.75,0.1,81.7,100,81.3,150,,,,,,,,,,,,,,,,,81.8,124,82.2,100,,,,,,,,,,,,,,,,
2026-07-01T01:02:54.169329+00:00,2026-07-01T01:02:54.162259,2,2,81.75,0.1,81.7,100,81.3,150,,,,,,,,,,,,,,,,,81.8,120,82.2,100,,,,,,,,,,,,,,,,
2026-07-01T01:02:54.261413+00:00,2026-07-01T01:02:54.257455,2,2,81.75,0.1,81.7,100,81.3,150,,,,,,,,,,,,,,,,,81.8,116,82.2,100,,,,,,,,,,,,,,,,
2026-07-01T01:02:54.537534+00:00,2026-07-01T01:02:54.534369,1,1,81.95,0.5,81.7,100,,,,,,,,,,,,,,,,,,,82.2,100,,,,,,,,,,,,,,,,,,
2026-07-01T01:02:54.547791+00:00,2026-07-01T01:02:54.537765,2,1,82.0,0.4,81.8,4,81.7,100,,,,,,,,,,,,,,,,,82.2,100,,,,,,,,,,,,,,,,,,
2026-07-01T01:02:54.598961+00:00,2026-07-01T01:02:54.590004,3,1,82.0,0.4,81.8,4,81.7,100,81.5,150,,,,,,,,,,,,,,,82.2,100,,,,,,,,,,,,,,,,,,
2026-07-01T01:02:54.650281+00:00,2026-07-01T01:02:54.644626,3,2,81.9,0.2,81.8,4,81.7,100,81.5,150,,,,,,,,,,,,,,,82.0,150,82.2,100,,,,,,,,,,,,,,,,
2026-07-01T01:02:55.294462+00:00,2026-07-01T01:02:55.288220,3,2,81.9,0.2,81.8,3,81.7,100,81.5,150,,,,,,,,,,,,,,,82.0,150,82.2,100,,,,,,,,,,,,,,,,
2026-07-01T01:02:55.304763+00:00,2026-07-01T01:02:55.295177,3,3,81.9,0.2,81.8,3,81.7,100,81.5,150,,,,,,,,,,,,,,,82.0,150,82.1,2,82.2,100,,,,,,,,,,,,,,
2026-07-01T01:02:55.519374+00:00,2026-07-01T01:02:55.514005,3,3,81.9,0.2,81.8,3,81.7,100,81.5,150,,,,,,,,,,,,,,,82.0,100,82.1,2,82.2,100,,,,,,,,,,,,,,
2026-07-01T01:02:56.562456+00:00,2026-07-01T01:02:56.557093,3,3,81.9,0.2,81.8,3,81.7,100,81.5,150,,,,,,,,,,,,,,,82.0,100,82.1,1,82.2,100,,,,,,,,,,,,,,
2026-07-01T01:02:56.819186+00:00,2026-07-01T01:02:56.816381,2,2,81.9,0.2,81.8,3,81.5,150,,,,,,,,,,,,,,,,,82.0,100,82.1,1,,,,,,,,,,,,,,,,
2026-07-01T01:02:56.870454+00:00,2026-07-01T01:02:56.869460,2,2,81.9,0.2,81.8,103,81.5,150,,,,,,,,,,,,,,,,,82.0,100,82.1,1,,,,,,,,,,,,,,,,
2026-07-01T01:02:56.932246+00:00,2026-07-01T01:02:56.922330,2,3,81.9,0.2,81.8,103,81.5,150,,,,,,,,,,,,,,,,,82.0,100,82.1,1,82.3,100,,,,,,,,,,,,,,
2026-07-01T01:02:57.628647+00:00,2026-07-01T01:02:57.619890,2,3,81.9,0.2,81.8,103,81.5,150,,,,,,,,,,,,,,,,,82.0,50,82.1,1,82.3,100,,,,,,,,,,,,,,
2026-07-01T01:02:57.700815+00:00,2026-07-01T01:02:57.698841,1,2,81.95,0.3,81.8,103,,,,,,,,,,,,,,,,,,,82.1,1,82.3,100,,,,,,,,,,,,,,,,
2026-07-01T01:02:57.752356+00:00,2026-07-01T01:02:57.750876,2,2,82.05,0.1,82.0,150,81.8,103,,,,,,,,,,,,,,,,,82.1,1,82.3,100,,,,,,,,,,,,,,,,
2026-07-01T01:02:57.803804+00:00,2026-07-01T01:02:57.802657,2,3,82.05,0.1,82.0,150,81.8,103,,,,,,,,,,,,,,,,,82.1,1,82.3,100,82.5,150,,,,,,,,,,,,,,
2026-07-01T01:02:59.064307+00:00,2026-07-01T01:02:59.063421,2,3,82.05,0.1,82.0,139,81.8,103,,,,,,,,,,,,,,,,,82.1,1,82.3,100,82.5,150,,,,,,,,,,,,,,
2026-07-01T01:02:59.738957+00:00,2026-07-01T01:02:59.729203,2,2,82.15,0.3,82.0,139,81.8,103,,,,,,,,,,,,,,,,,82.3,51,82.5,150,,,,,,,,,,,,,,,,
2026-07-01T01:02:59.983902+00:00,2026-07-01T01:02:59.977488,2,1,82.25,0.5,82.0,139,81.8,3,,,,,,,,,,,,,,,,,82.5,150,,,,,,,,,,,,,,,,,,
2026-07-01T01:03:00.034964+00:00,2026-07-01T01:03:00.030826,2,1,82.25,0.5,82.0,139,81.8,103,,,,,,,,,,,,,,,,,82.5,150,,,,,,,,,,,,,,,,,,
2026-07-01T01:03:00.085962+00:00,2026-07-01T01:03:00.083387,2,2,82.15,0.3,82.0,139,81.8,103,,,,,,,,,,,,,,,,,82.3,100,82.5,150,,,,,,,,,,,,,,,,
2026-07-01T01:03:00.863349+00:00,2026-07-01T01:03:00.859479,1,1,82.05,0.5,81.8,103,,,,,,,,,,,,,,,,,,,82.3,100,,,,,,,,,,,,,,,,,,
2026-07-01T01:03:00.914573+00:00,2026-07-01T01:03:00.911604,2,1,82.1,0.4,81.9,150,81.8,103,,,,,,,,,,,,,,,,,82.3,100,,,,,,,,,,,,,,,,,,
2026-07-01T01:03:00.976550+00:00,2026-07-01T01:03:00.966851,2,2,82.1,0.4,81.9,150,81.8,103,,,,,,,,,,,,,,,,,82.3,100,82.4,150,,,,,,,,,,,,,,,,
2026-07-01T01:03:01.702445+00:00,2026-07-01T01:03:01.701659,2,2,82.1,0.4,81.9,147,81.8,103,,,,,,,,,,,,,,,,,82.3,100,82.4,150,,,,,,,,,,,,,,,,
2026-07-01T01:03:01.845611+00:00,2026-07-01T01:03:01.836022,2,2,82.1,0.4,81.9,147,81.8,103,,,,,,,,,,,,,,,,,82.3,50,82.4,150,,,,,,,,,,,,,,,,
2026-07-01T01:03:03.144757+00:00,2026-07-01T01:03:03.138107,2,1,82.15,0.5,81.9,147,81.8,3,,,,,,,,,,,,,,,,,82.4,150,,,,,,,,,,,,,,,,,,
2026-07-01T01:03:03.195846+00:00,2026-07-01T01:03:03.190646,2,1,82.15,0.5,81.9,147,81.8,103,,,,,,,,,,,,,,,,,82.4,150,,,,,,,,,,,,,,,,,,
2026-07-01T01:03:03.246898+00:00,2026-07-01T01:03:03.243428,2,2,82.1,0.4,81.9,147,81.8,103,,,,,,,,,,,,,,,,,82.3,100,82.4,150,,,,,,,,,,,,,,,,
2026-07-01T01:03:03.574670+00:00,2026-07-01T01:03:03.568492,2,2,82.1,0.4,81.9,147,81.8,102,,,,,,,,,,,,,,,,,82.3,100,82.4,150,,,,,,,,,,,,,,,,
2026-07-01T01:03:03.953096+00:00,2026-07-01T01:03:03.943068,2,2,82.1,0.4,81.9,147,81.8,102,,,,,,,,,,,,,,,,,82.3,50,82.4,150,,,,,,,,,,,,,,,,
2026-07-01T01:03:04.025085+00:00,2026-07-01T01:03:04.022625,1,1,82.05,0.5,81.8,102,,,,,,,,,,,,,,,,,,,82.3,50,,,,,,,,,,,,,,,,,,
2026-07-01T01:03:04.076438+00:00,2026-07-01T01:03:04.075062,2,1,82.05,0.5,81.8,102,81.7,150,,,,,,,,,,,,,,,,,82.3,50,,,,,,,,,,,,,,,,,,
2026-07-01T01:03:04.137822+00:00,2026-07-01T01:03:04.128065,2,2,82.0,0.4,81.8,102,81.7,150,,,,,,,,,,,,,,,,,82.2,150,82.3,50,,,,,,,,,,,,,,,,
2026-07-01T01:03:04.730931+00:00,2026-07-01T01:03:04.721033,2,2,82.0,0.4,81.8,101,81.7,150,,,,,,,,,,,,,,,,,82.2,150,82.3,50,,,,,,,,,,,,,,,,
2026-07-01T01:03:05.660826+00:00,2026-07-01T01:03:05.659067,2,2,82.0,0.4,81.8,100,81.7,150,,,,,,,,,,,,,,,,,82.2,150,82.3,50,,,,,,,,,,,,,,,,
2026-07-01T01:03:06.304451+00:00,2026-07-01T01:03:06.302901,1,1,81.95,0.5,81.7,150,,,,,,,,,,,,,,,,,,,82.2,150,,,,,,,,,,,,,,,,,,
2026-07-01T01:03:06.355586+00:00,2026-07-01T01:03:06.352447,2,1,82.0,0.4,81.8,100,81.7,150,,,,,,,,,,,,,,,,,82.2,150,,,,,,,,,,,,,,,,,,
2026-07-01T01:03:06.416990+00:00,2026-07-01T01:03:06.416752,2,2,82.0,0.4,81.8,100,81.7,150,,,,,,,,,,,,,,,,,82.2,150,82.3,100,,,,,,,,,,,,,,,,
2026-07-01T01:03:07.183982+00:00,2026-07-01T01:03:07.182637,1,1,82.05,0.5,81.8,100,,,,,,,,,,,,,,,,,,,82.3,100,,,,,,,,,,,,,,,,,,
2026-07-01T01:03:07.245352+00:00,2026-07-01T01:03:07.235553,2,1,82.1,0.4,81.9,150,81.8,100,,,,,,,,,,,,,,,,,82.3,100,,,,,,,,,,,,,,,,,,
2026-07-01T01:03:07.296513+00:00,2026-07-01T01:03:07.287966,2,2,82.1,0.4,81.9,150,81.8,100,,,,,,,,,,,,,,,,,82.3,100,82.4,150,,,,,,,,,,,,,,,,
2026-07-01T01:03:07.409015+00:00,2026-07-01T01:03:07.400286,2,2,82.1,0.4,81.9,150,81.8,100,,,,,,,,,,,,,,,,,82.3,55,82.4,150,,,,,,,,,,,,,,,,
2026-07-01T01:03:07.572579+00:00,2026-07-01T01:03:07.562815,2,3,82.05,0.3,81.9,150,81.8,100,,,,,,,,,,,,,,,,,82.2,5,82.3,55,82.4,150,,,,,,,,,,,,,,
2026-07-01T01:03:08.216335+00:00,2026-07-01T01:03:08.214254,2,3,82.05,0.3,81.9,100,81.8,100,,,,,,,,,,,,,,,,,82.2,5,82.3,55,82.4,150,,,,,,,,,,,,,,
2026-07-01T01:03:09.472863+00:00,2026-07-01T01:03:09.469058,1,2,82.05,0.3,81.9,100,,,,,,,,,,,,,,,,,,,82.2,5,82.4,150,,,,,,,,,,,,,,,,
2026-07-01T01:03:09.524064+00:00,2026-07-01T01:03:09.523359,2,1,82.3,0.2,82.2,95,81.9,100,,,,,,,,,,,,,,,,,82.4,150,,,,,,,,,,,,,,,,,,
2026-07-01T01:03:09.585493+00:00,2026-07-01T01:03:09.575636,2,2,82.3,0.2,82.2,95,81.9,100,,,,,,,,,,,,,,,,,82.4,150,82.7,100,,,,,,,,,,,,,,,,
2026-07-01T01:03:09.636699+00:00,2026-07-01T01:03:09.635408,2,2,82.3,0.2,82.2,90,81.9,100,,,,,,,,,,,,,,,,,82.4,150,82.7,100,,,,,,,,,,,,,,,,
