recv_time,book_timestamp,n_bids,n_asks,mid,spread,bid_px_0,bid_vol_0,bid_px_1,bid_vol_1,bid_px_2,bid_vol_2,bid_px_3,bid_vol_3,bid_px_4,bid_vol_4,bid_px_5,bid_vol_5,bid_px_6,bid_vol_6,bid_px_7,bid_vol_7,bid_px_8,bid_vol_8,bid_px_9,bid_vol_9,ask_px_0,ask_vol_0,ask_px_1,ask_vol_1,ask_px_2,ask_vol_2,ask_px_3,ask_vol_3,ask_px_4,ask_vol_4,ask_px_5,ask_vol_5,ask_px_6,ask_vol_6,ask_px_7,ask_vol_7,ask_px_8,ask_vol_8,ask_px_9,ask_vol_9
2026-06-29T18:35:16.220561+00:00,2026-06-30T04:35:16.102798,2,2,112.5,0.2,112.4,150,112.1,100,,,,,,,,,,,,,,,,,112.6,57,112.9,150,,,,,,,,,,,,,,,,
2026-06-29T18:35:17.827846+00:00,2026-06-30T04:35:17.826819,1,1,112.35,0.5,112.1,100,,,,,,,,,,,,,,,,,,,112.6,57,,,,,,,,,,,,,,,,,,
2026-06-29T18:35:17.881295+00:00,2026-06-30T04:35:17.879295,2,1,112.55,0.1,112.5,150,112.1,100,,,,,,,,,,,,,,,,,112.6,57,,,,,,,,,,,,,,,,,,
2026-06-29T18:35:17.947673+00:00,2026-06-30T04:35:17.939665,2,2,112.55,0.1,112.5,150,112.1,100,,,,,,,,,,,,,,,,,112.6,57,113.0,150,,,,,,,,,,,,,,,,
2026-06-29T18:35:18.814072+00:00,2026-06-30T04:35:18.813073,1,1,112.75,0.5,112.5,150,,,,,,,,,,,,,,,,,,,113.0,150,,,,,,,,,,,,,,,,,,
2026-06-29T18:35:18.867453+00:00,2026-06-30T04:35:18.864386,2,1,112.75,0.5,112.5,150,112.4,100,,,,,,,,,,,,,,,,,113.0,150,,,,,,,,,,,,,,,,,,
2026-06-29T18:35:18.921368+00:00,2026-06-30T04:35:18.917358,2,2,112.7,0.4,112.5,150,112.4,100,,,,,,,,,,,,,,,,,112.9,100,113.0,150,,,,,,,,,,,,,,,,
2026-06-29T18:35:20.984674+00:00,2026-06-30T04:35:20.983674,2,2,112.7,0.4,112.5,150,112.4,100,,,,,,,,,,,,,,,,,112.9,50,113.0,150,,,,,,,,,,,,,,,,
2026-06-29T18:35:20.995675+00:00,2026-06-30T04:35:20.993674,1,1,112.65,0.5,112.4,100,,,,,,,,,,,,,,,,,,,112.9,50,,,,,,,,,,,,,,,,,,
2026-06-29T18:35:21.050674+00:00,2026-06-30T04:35:21.046675,2,1,112.65,0.5,112.4,100,112.2,150,,,,,,,,,,,,,,,,,112.9,50,,,,,,,,,,,,,,,,,,
2026-06-29T18:35:21.105738+00:00,2026-06-30T04:35:21.098738,2,2,112.55,0.3,112.4,100,112.2,150,,,,,,,,,,,,,,,,,112.7,150,112.9,50,,,,,,,,,,,,,,,,
2026-06-29T18:35:21.974562+00:00,2026-06-30T04:35:21.974562,1,1,112.45,0.5,112.2,150,,,,,,,,,,,,,,,,,,,112.7,150,,,,,,,,,,,,,,,,,,
2026-06-29T18:35:22.029669+00:00,2026-06-30T04:35:22.025668,2,1,112.6,0.2,112.5,100,112.2,150,,,,,,,,,,,,,,,,,112.7,150,,,,,,,,,,,,,,,,,,
2026-06-29T18:35:22.084769+00:00,2026-06-30T04:35:22.079769,2,2,112.6,0.2,112.5,100,112.2,150,,,,,,,,,,,,,,,,,112.7,150,113.0,100,,,,,,,,,,,,,,,,
2026-06-29T18:35:23.094813+00:00,2026-06-30T04:35:23.089813,2,2,112.6,0.2,112.5,100,112.2,150,,,,,,,,,,,,,,,,,112.7,100,113.0,100,,,,,,,,,,,,,,,,
2026-06-29T18:35:24.059914+00:00,2026-06-30T04:35:24.051865,2,2,112.6,0.2,112.5,56,112.2,150,,,,,,,,,,,,,,,,,112.7,100,113.0,100,,,,,,,,,,,,,,,,
2026-06-29T18:35:24.157479+00:00,2026-06-30T04:35:24.154409,1,1,112.75,0.5,112.5,56,,,,,,,,,,,,,,,,,,,113.0,100,,,,,,,,,,,,,,,,,,
2026-06-29T18:35:24.212094+00:00,2026-06-30T04:35:24.207042,1,1,112.75,0.5,112.5,206,,,,,,,,,,,,,,,,,,,113.0,100,,,,,,,,,,,,,,,,,,
2026-06-29T18:35:24.267326+00:00,2026-06-30T04:35:24.263296,1,1,112.75,0.5,112.5,206,,,,,,,,,,,,,,,,,,,113.0,250,,,,,,,,,,,,,,,,,,
2026-06-29T18:35:24.616555+00:00,2026-06-30T04:35:24.609554,2,1,112.8,0.4,112.6,5,112.5,206,,,,,,,,,,,,,,,,,113.0,250,,,,,,,,,,,,,,,,,,
2026-06-29T18:35:25.137143+00:00,2026-06-30T04:35:25.136143,2,1,112.8,0.4,112.6,5,112.5,206,,,,,,,,,,,,,,,,,113.0,150,,,,,,,,,,,,,,,,,,
2026-06-29T18:35:25.147746+00:00,2026-06-30T04:35:25.137302,2,1,112.8,0.4,112.6,5,112.5,150,,,,,,,,,,,,,,,,,113.0,150,,,,,,,,,,,,,,,,,,
2026-06-29T18:35:25.201874+00:00,2026-06-30T04:35:25.197873,3,1,112.8,0.4,112.6,5,112.5,150,112.3,100,,,,,,,,,,,,,,,113.0,100,,,,,,,,,,,,,,,,,,
2026-06-29T18:35:25.257274+00:00,2026-06-30T04:35:25.246275,3,2,112.7,0.2,112.6,5,112.5,150,112.3,100,,,,,,,,,,,,,,,112.8,100,113.0,100,,,,,,,,,,,,,,,,
2026-06-29T18:35:25.725997+00:00,2026-06-30T04:35:25.714997,2,2,112.65,0.3,112.5,150,112.3,100,,,,,,,,,,,,,,,,,112.8,100,113.0,100,,,,,,,,,,,,,,,,
2026-06-29T18:35:25.935561+00:00,2026-06-30T04:35:25.925513,2,2,112.65,0.3,112.5,125,112.3,100,,,,,,,,,,,,,,,,,112.8,100,113.0,100,,,,,,,,,,,,,,,,
2026-06-29T18:35:25.957658+00:00,2026-06-30T04:35:25.946610,2,2,112.65,0.3,112.5,100,112.3,100,,,,,,,,,,,,,,,,,112.8,100,113.0,100,,,,,,,,,,,,,,,,
2026-06-29T18:35:26.141720+00:00,2026-06-30T04:35:26.134658,2,2,112.65,0.3,112.5,75,112.3,100,,,,,,,,,,,,,,,,,112.8,100,113.0,100,,,,,,,,,,,,,,,,
2026-06-29T18:35:26.163824+00:00,2026-06-30T04:35:26.155775,2,2,112.65,0.3,112.5,50,112.3,100,,,,,,,,,,,,,,,,,112.8,100,113.0,100,,,,,,,,,,,,,,,,
2026-06-29T18:35:26.348808+00:00,2026-06-30T04:35:26.342247,2,2,112.65,0.3,112.5,25,112.3,100,,,,,,,,,,,,,,,,,112.8,100,113.0,100,,,,,,,,,,,,,,,,
2026-06-29T18:35:26.370950+00:00,2026-06-30T04:35:26.365888,1,2,112.55,0.5,112.3,100,,,,,,,,,,,,,,,,,,,112.8,100,113.0,100,,,,,,,,,,,,,,,,
2026-06-29T18:35:27.304999+00:00,2026-06-30T04:35:27.303999,1,2,112.55,0.5,112.3,100,,,,,,,,,,,,,,,,,,,112.8,50,113.0,100,,,,,,,,,,,,,,,,
2026-06-29T18:35:27.327123+00:00,2026-06-30T04:35:27.319123,1,1,112.55,0.5,112.3,100,,,,,,,,,,,,,,,,,,,112.8,50,,,,,,,,,,,,,,,,,,
2026-06-29T18:35:27.381057+00:00,2026-06-30T04:35:27.372994,2,1,112.55,0.5,112.3,100,112.1,150,,,,,,,,,,,,,,,,,112.8,50,,,,,,,,,,,,,,,,,,
2026-06-29T18:35:27.425303+00:00,2026-06-30T04:35:27.424303,2,2,112.45,0.3,112.3,100,112.1,150,,,,,,,,,,,,,,,,,112.6,150,112.8,50,,,,,,,,,,,,,,,,
2026-06-29T18:35:28.307564+00:00,2026-06-30T04:35:28.301539,1,1,112.35,0.5,112.1,150,,,,,,,,,,,,,,,,,,,112.6,150,,,,,,,,,,,,,,,,,,
2026-06-29T18:35:28.328753+00:00,2026-06-30T04:35:28.327181,1,1,112.35,0.5,112.1,106,,,,,,,,,,,,,,,,,,,112.6,150,,,,,,,,,,,,,,,,,,
2026-06-29T18:35:28.361958+00:00,2026-06-30T04:35:28.353897,2,1,112.5,0.2,112.4,100,112.1,106,,,,,,,,,,,,,,,,,112.6,150,,,,,,,,,,,,,,,,,,
2026-06-29T18:35:28.417312+00:00,2026-06-30T04:35:28.406229,2,2,112.5,0.2,112.4,100,112.1,106,,,,,,,,,,,,,,,,,112.6,150,112.9,100,,,,,,,,,,,,,,,,
2026-06-29T18:35:28.796351+00:00,2026-06-30T04:35:28.789351,2,2,112.5,0.2,112.4,100,112.1,106,,,,,,,,,,,,,,,,,112.6,101,112.9,100,,,,,,,,,,,,,,,,
2026-06-29T18:35:29.282148+00:00,2026-06-30T04:35:29.278147,3,2,112.55,0.1,112.5,4,112.4,100,112.1,106,,,,,,,,,,,,,,,112.6,101,112.9,100,,,,,,,,,,,,,,,,
2026-06-29T18:35:29.467389+00:00,2026-06-30T04:35:29.465361,2,2,112.5,0.2,112.4,54,112.1,106,,,,,,,,,,,,,,,,,112.6,101,112.9,100,,,,,,,,,,,,,,,,
2026-06-29T18:35:30.483223+00:00,2026-06-30T04:35:30.480223,1,1,112.65,0.5,112.4,54,,,,,,,,,,,,,,,,,,,112.9,100,,,,,,,,,,,,,,,,,,
2026-06-29T18:35:30.537576+00:00,2026-06-30T04:35:30.533530,2,1,112.65,0.5,112.4,54,112.2,150,,,,,,,,,,,,,,,,,112.9,100,,,,,,,,,,,,,,,,,,
2026-06-29T18:35:30.591930+00:00,2026-06-30T04:35:30.585868,2,2,112.55,0.3,112.4,54,112.2,150,,,,,,,,,,,,,,,,,112.7,150,112.9,100,,,,,,,,,,,,,,,,
2026-06-29T18:35:30.657933+00:00,2026-06-30T04:35:30.652333,2,2,112.55,0.3,112.4,54,112.2,150,,,,,,,,,,,,,,,,,112.7,109,112.9,100,,,,,,,,,,,,,,,,
2026-06-29T18:35:30.712313+00:00,2026-06-30T04:35:30.710313,2,2,112.55,0.3,112.4,11,112.2,150,,,,,,,,,,,,,,,,,112.7,109,112.9,100,,,,,,,,,,,,,,,,
2026-06-29T18:35:31.469966+00:00,2026-06-30T04:35:31.462901,1,1,112.45,0.5,112.2,150,,,,,,,,,,,,,,,,,,,112.7,109,,,,,,,,,,,,,,,,,,
2026-06-29T18:35:31.525274+00:00,2026-06-30T04:35:31.516213,1,1,112.45,0.5,112.2,250,,,,,,,,,,,,,,,,,,,112.7,109,,,,,,,,,,,,,,,,,,
2026-06-29T18:35:31.578126+00:00,2026-06-30T04:35:31.573031,1,1,112.45,0.5,112.2,200,,,,,,,,,,,,,,,,,,,112.7,209,,,,,,,,,,,,,,,,,,
2026-06-29T18:35:32.056257+00:00,2026-06-30T04:35:32.045194,1,1,112.45,0.5,112.2,157,,,,,,,,,,,,,,,,,,,112.7,209,,,,,,,,,,,,,,,,,,
2026-06-29T18:35:32.296369+00:00,2026-06-30T04:35:32.293369,2,1,112.6,0.2,112.5,5,112.2,157,,,,,,,,,,,,,,,,,112.7,209,,,,,,,,,,,,,,,,,,
2026-06-29T18:35:33.668463+00:00,2026-06-30T04:35:33.660918,2,1,112.6,0.2,112.5,5,112.2,100,,,,,,,,,,,,,,,,,112.7,100,,,,,,,,,,,,,,,,,,
2026-06-29T18:35:33.679030+00:00,2026-06-30T04:35:33.677473,1,1,112.45,0.5,112.2,50,,,,,,,,,,,,,,,,,,,112.7,100,,,,,,,,,,,,,,,,,,
2026-06-29T18:35:33.723239+00:00,2026-06-30T04:35:33.715190,2,1,112.45,0.5,112.2,50,112.1,150,,,,,,,,,,,,,,,,,112.7,100,,,,,,,,,,,,,,,,,,
2026-06-29T18:35:33.777516+00:00,2026-06-30T04:35:33.770476,2,2,112.4,0.4,112.2,50,112.1,150,,,,,,,,,,,,,,,,,112.6,150,112.7,100,,,,,,,,,,,,,,,,
2026-06-29T18:35:34.092014+00:00,2026-06-30T04:35:34.089014,3,2,112.5,0.2,112.4,5,112.2,50,112.1,150,,,,,,,,,,,,,,,112.6,150,112.7,100,,,,,,,,,,,,,,,,
2026-06-29T18:35:34.449929+00:00,2026-06-30T04:35:34.443853,3,2,112.5,0.2,112.4,4,112.2,50,112.1,150,,,,,,,,,,,,,,,112.6,150,112.7,100,,,,,,,,,,,,,,,,
2026-06-29T18:35:34.537492+00:00,2026-06-30T04:35:34.534446,3,2,112.5,0.2,112.4,4,112.2,50,112.1,150,,,,,,,,,,,,,,,112.6,150,112.7,102,,,,,,,,,,,,,,,,
2026-06-29T18:35:34.625049+00:00,2026-06-30T04:35:34.622049,3,2,112.5,0.2,112.4,4,112.2,50,112.1,150,,,,,,,,,,,,,,,112.6,150,112.7,2,,,,,,,,,,,,,,,,
2026-06-29T18:35:34.636113+00:00,2026-06-30T04:35:34.628112,2,2,112.5,0.2,112.4,4,112.1,150,,,,,,,,,,,,,,,,,112.6,150,112.7,2,,,,,,,,,,,,,,,,
2026-06-29T18:35:34.677921+00:00,2026-06-30T04:35:34.676921,3,2,112.5,0.2,112.4,4,112.2,100,112.1,150,,,,,,,,,,,,,,,112.6,150,112.7,2,,,,,,,,,,,,,,,,
2026-06-29T18:35:34.731331+00:00,2026-06-30T04:35:34.729330,3,2,112.5,0.2,112.4,4,112.2,100,112.1,150,,,,,,,,,,,,,,,112.6,150,112.7,102,,,,,,,,,,,,,,,,
2026-06-29T18:35:34.742394+00:00,2026-06-30T04:35:34.739394,3,2,112.5,0.2,112.4,4,112.2,100,112.1,150,,,,,,,,,,,,,,,112.6,150,112.7,101,,,,,,,,,,,,,,,,
2026-06-29T18:35:34.906456+00:00,2026-06-30T04:35:34.903456,3,2,112.5,0.2,112.4,4,112.2,100,112.1,150,,,,,,,,,,,,,,,112.6,150,112.7,100,,,,,,,,,,,,,,,,
2026-06-29T18:35:35.252295+00:00,2026-06-30T04:35:35.249296,3,2,112.5,0.2,112.4,4,112.2,100,112.1,150,,,,,,,,,,,,,,,112.6,105,112.7,100,,,,,,,,,,,,,,,,
2026-06-29T18:35:35.569819+00:00,2026-06-30T04:35:35.568819,3,2,112.5,0.2,112.4,4,112.2,100,112.1,150,,,,,,,,,,,,,,,112.6,80,112.7,100,,,,,,,,,,,,,,,,
2026-06-29T18:35:35.602961+00:00,2026-06-30T04:35:35.597960,3,2,112.5,0.2,112.4,4,112.2,100,112.1,150,,,,,,,,,,,,,,,112.6,55,112.7,100,,,,,,,,,,,,,,,,
2026-06-29T18:35:35.787952+00:00,2026-06-30T04:35:35.784401,2,2,112.4,0.4,112.2,54,112.1,150,,,,,,,,,,,,,,,,,112.6,30,112.7,100,,,,,,,,,,,,,,,,
2026-06-29T18:35:35.809609+00:00,2026-06-30T04:35:35.805546,2,2,112.4,0.4,112.2,54,112.1,150,,,,,,,,,,,,,,,,,112.6,5,112.7,100,,,,,,,,,,,,,,,,
2026-06-29T18:35:35.993311+00:00,2026-06-30T04:35:35.991311,2,1,112.45,0.5,112.2,54,112.1,150,,,,,,,,,,,,,,,,,112.7,100,,,,,,,,,,,,,,,,,,
2026-06-29T18:35:36.361900+00:00,2026-06-30T04:35:36.352837,3,1,112.55,0.3,112.4,6,112.2,54,112.1,150,,,,,,,,,,,,,,,112.7,100,,,,,,,,,,,,,,,,,,
2026-06-29T18:35:36.665388+00:00,2026-06-30T04:35:36.657388,3,1,112.55,0.3,112.4,5,112.2,54,112.1,150,,,,,,,,,,,,,,,112.7,100,,,,,,,,,,,,,,,,,,
2026-06-29T18:35:36.828397+00:00,2026-06-30T04:35:36.823838,2,1,112.55,0.3,112.4,5,112.2,54,,,,,,,,,,,,,,,,,112.7,100,,,,,,,,,,,,,,,,,,
2026-06-29T18:35:36.883311+00:00,2026-06-30T04:35:36.878311,3,0,,,112.8,50,112.4,5,112.2,54,,,,,,,,,,,,,,,,,,,,,,,,,,,,,,,,,,
2026-06-29T18:35:36.937668+00:00,2026-06-30T04:35:36.932621,3,1,113.05,0.5,112.8,50,112.4,5,112.2,54,,,,,,,,,,,,,,,113.3,150,,,,,,,,,,,,,,,,,,
2026-06-29T18:35:36.947857+00:00,2026-06-30T04:35:36.937843,3,1,113.05,0.5,112.8,10,112.4,5,112.2,54,,,,,,,,,,,,,,,113.3,150,,,,,,,,,,,,,,,,,,
2026-06-29T18:35:37.395435+00:00,2026-06-30T04:35:37.394435,3,1,113.05,0.5,112.8,10,112.4,5,112.2,54,,,,,,,,,,,,,,,113.3,109,,,,,,,,,,,,,,,,,,
2026-06-29T18:35:37.602696+00:00,2026-06-30T04:35:37.597696,2,1,112.85,0.9,112.4,5,112.2,54,,,,,,,,,,,,,,,,,113.3,109,,,,,,,,,,,,,,,,,,
2026-06-29T18:35:37.790582+00:00,2026-06-30T04:35:37.782483,1,1,112.85,0.9,112.4,5,,,,,,,,,,,,,,,,,,,113.3,109,,,,,,,,,,,,,,,,,,
2026-06-29T18:35:37.845642+00:00,2026-06-30T04:35:37.839641,2,1,112.85,0.9,112.4,5,112.3,100,,,,,,,,,,,,,,,,,113.3,109,,,,,,,,,,,,,,,,,,
2026-06-29T18:35:37.922955+00:00,2026-06-30T04:35:37.920955,1,2,112.55,0.5,112.3,55,,,,,,,,,,,,,,,,,,,112.8,100,113.3,109,,,,,,,,,,,,,,,,
2026-06-29T18:35:39.570130+00:00,2026-06-30T04:35:39.568129,1,2,112.55,0.5,112.3,10,,,,,,,,,,,,,,,,,,,112.8,100,113.3,109,,,,,,,,,,,,,,,,
2026-06-29T18:35:39.995042+00:00,2026-06-30T04:35:39.985988,1,1,112.55,0.5,112.3,10,,,,,,,,,,,,,,,,,,,112.8,100,,,,,,,,,,,,,,,,,,
2026-06-29T18:35:40.027254+00:00,2026-06-30T04:35:40.024254,0,1,,,,,,,,,,,,,,,,,,,,,,,112.8,100,,,,,,,,,,,,,,,,,,
2026-06-29T18:35:40.047483+00:00,2026-06-30T04:35:40.044442,1,1,112.45,0.7,112.1,150,,,,,,,,,,,,,,,,,,,112.8,58,,,,,,,,,,,,,,,,,,
2026-06-29T18:35:40.101773+00:00,2026-06-30T04:35:40.094723,1,2,112.35,0.5,112.1,150,,,,,,,,,,,,,,,,,,,112.6,150,112.8,58,,,,,,,,,,,,,,,,
2026-06-29T18:35:40.982110+00:00,2026-06-30T04:35:40.972047,1,1,112.35,0.5,112.1,150,,,,,,,,,,,,,,,,,,,112.6,150,,,,,,,,,,,,,,,,,,
2026-06-29T18:35:41.026354+00:00,2026-06-30T04:35:41.024354,1,1,112.35,0.5,112.1,250,,,,,,,,,,,,,,,,,,,112.6,150,,,,,,,,,,,,,,,,,,
2026-06-29T18:35:41.077724+00:00,2026-06-30T04:35:41.076697,1,1,112.35,0.5,112.1,250,,,,,,,,,,,,,,,,,,,112.6,250,,,,,,,,,,,,,,,,,,
2026-06-29T18:35:42.167334+00:00,2026-06-30T04:35:42.160334,1,1,112.35,0.5,112.1,200,,,,,,,,,,,,,,,,,,,112.6,250,,,,,,,,,,,,,,,,,,
2026-06-29T18:35:42.232796+00:00,2026-06-30T04:35:42.223732,1,1,112.35,0.5,112.1,200,,,,,,,,,,,,,,,,,,,112.6,201,,,,,,,,,,,,,,,,,,
2026-06-29T18:35:43.155102+00:00,2026-06-30T04:35:43.151102,1,1,112.35,0.5,112.1,100,,,,,,,,,,,,,,,,,,,112.6,100,,,,,,,,,,,,,,,,,,
2026-06-29T18:35:43.207968+00:00,2026-06-30T04:35:43.203409,2,1,112.45,0.3,112.3,150,112.1,100,,,,,,,,,,,,,,,,,112.6,100,,,,,,,,,,,,,,,,,,
2026-06-29T18:35:43.261846+00:00,2026-06-30T04:35:43.255784,2,2,112.45,0.3,112.3,150,112.1,100,,,,,,,,,,,,,,,,,112.6,100,112.8,150,,,,,,,,,,,,,,,,
2026-06-29T18:35:44.031147+00:00,2026-06-30T04:35:44.024085,2,2,112.45,0.3,112.3,150,112.1,100,,,,,,,,,,,,,,,,,112.6,75,112.8,150,,,,,,,,,,,,,,,,
2026-06-29T18:35:44.042210+00:00,2026-06-30T04:35:44.036140,2,2,112.45,0.3,112.3,150,112.1,100,,,,,,,,,,,,,,,,,112.6,50,112.8,150,,,,,,,,,,,,,,,,
2026-06-29T18:35:44.138360+00:00,2026-06-30T04:35:44.132801,1,1,112.55,0.5,112.3,150,,,,,,,,,,,,,,,,,,,112.8,150,,,,,,,,,,,,,,,,,,
2026-06-29T18:35:44.193222+00:00,2026-06-30T04:35:44.185159,2,1,112.6,0.4,112.4,100,112.3,150,,,,,,,,,,,,,,,,,112.8,150,,,,,,,,,,,,,,,,,,
2026-06-29T18:35:44.248096+00:00,2026-06-30T04:35:44.237664,2,2,112.6,0.4,112.4,100,112.3,150,,,,,,,,,,,,,,,,,112.8,150,112.9,100,,,,,,,,,,,,,,,,
2026-06-29T18:35:44.269754+00:00,2026-06-30T04:35:44.267743,2,2,112.6,0.4,112.4,50,112.3,150,,,,,,,,,,,,,,,,,112.8,150,112.9,100,,,,,,,,,,,,,,,,
2026-06-29T18:35:46.314204+00:00,2026-06-30T04:35:46.311204,1,1,112.65,0.5,112.4,50,,,,,,,,,,,,,,,,,,,112.9,100,,,,,,,,,,,,,,,,,,
2026-06-29T18:35:46.378657+00:00,2026-06-30T04:35:46.373095,2,1,112.65,0.5,112.4,50,112.3,150,,,,,,,,,,,,,,,,,112.9,100,,,,,,,,,,,,,,,,,,
2026-06-29T18:35:46.389738+00:00,2026-06-30T04:35:46.382676,1,1,112.6,0.6,112.3,150,,,,,,,,,,,,,,,,,,,112.9,100,,,,,,,,,,,,,,,,,,
2026-06-29T18:35:46.445061+00:00,2026-06-30T04:35:46.433986,1,2,112.55,0.5,112.3,150,,,,,,,,,,,,,,,,,,,112.8,150,112.9,100,,,,,,,,,,,,,,,,
2026-06-29T18:35:47.300843+00:00,2026-06-30T04:35:47.291766,1,1,112.55,0.5,112.3,150,,,,,,,,,,,,,,,,,,,112.8,150,,,,,,,,,,,,,,,,,,
2026-06-29T18:35:47.356170+00:00,2026-06-30T04:35:47.345107,2,1,112.55,0.5,112.3,150,112.1,100,,,,,,,,,,,,,,,,,112.8,150,,,,,,,,,,,,,,,,,,
2026-06-29T18:35:47.409072+00:00,2026-06-30T04:35:47.399513,2,2,112.45,0.3,112.3,150,112.1,100,,,,,,,,,,,,,,,,,112.6,100,112.8,150,,,,,,,,,,,,,,,,
2026-06-29T18:35:47.475461+00:00,2026-06-30T04:35:47.467450,2,2,112.45,0.3,112.3,150,112.1,100,,,,,,,,,,,,,,,,,112.6,50,112.8,150,,,,,,,,,,,,,,,,
2026-06-29T18:35:47.518271+00:00,2026-06-30T04:35:47.508702,2,2,112.45,0.3,112.3,104,112.1,100,,,,,,,,,,,,,,,,,112.6,50,112.8,150,,,,,,,,,,,,,,,,
2026-06-29T18:35:47.682874+00:00,2026-06-30T04:35:47.679874,2,1,112.55,0.5,112.3,104,112.1,100,,,,,,,,,,,,,,,,,112.8,150,,,,,,,,,,,,,,,,,,
2026-06-29T18:35:48.440943+00:00,2026-06-30T04:35:48.437933,2,1,112.55,0.5,112.3,104,112.1,100,,,,,,,,,,,,,,,,,112.8,100,,,,,,,,,,,,,,,,,,
2026-06-29T18:35:49.084091+00:00,2026-06-30T04:35:49.076029,2,1,112.55,0.5,112.3,104,112.1,100,,,,,,,,,,,,,,,,,112.8,54,,,,,,,,,,,,,,,,,,
2026-06-29T18:35:49.485266+00:00,2026-06-30T04:35:49.480266,1,0,,,112.1,100,,,,,,,,,,,,,,,,,,,,,,,,,,,,,,,,,,,,,,
2026-06-29T18:35:49.538654+00:00,2026-06-30T04:35:49.533095,2,0,,,112.5,150,112.1,100,,,,,,,,,,,,,,,,,,,,,,,,,,,,,,,,,,,,
2026-06-29T18:35:49.593977+00:00,2026-06-30T04:35:49.585906,2,1,112.75,0.5,112.5,150,112.1,100,,,,,,,,,,,,,,,,,113.0,150,,,,,,,,,,,,,,,,,,
2026-06-29T18:35:49.647329+00:00,2026-06-30T04:35:49.646282,2,1,112.75,0.5,112.5,107,112.1,100,,,,,,,,,,,,,,,,,113.0,150,,,,,,,,,,,,,,,,,,
2026-06-29T18:35:50.453048+00:00,2026-06-30T04:35:50.452048,1,1,112.75,0.5,112.5,107,,,,,,,,,,,,,,,,,,,113.0,150,,,,,,,,,,,,,,,,,,
2026-06-29T18:35:50.507389+00:00,2026-06-30T04:35:50.504362,2,1,112.75,0.5,112.5,107,112.3,100,,,,,,,,,,,,,,,,,113.0,150,,,,,,,,,,,,,,,,,,
2026-06-29T18:35:50.561771+00:00,2026-06-30T04:35:50.557760,2,2,112.65,0.3,112.5,107,112.3,100,,,,,,,,,,,,,,,,,112.8,100,113.0,150,,,,,,,,,,,,,,,,
2026-06-29T18:35:51.309821+00:00,2026-06-30T04:35:51.301758,2,2,112.65,0.3,112.5,107,112.3,100,,,,,,,,,,,,,,,,,112.8,56,113.0,150,,,,,,,,,,,,,,,,
2026-06-29T18:35:51.365165+00:00,2026-06-30T04:35:51.356101,2,2,112.65,0.3,112.5,67,112.3,100,,,,,,,,,,,,,,,,,112.8,56,113.0,150,,,,,,,,,,,,,,,,
2026-06-29T18:35:52.264918+00:00,2026-06-30T04:35:52.256868,2,2,112.65,0.3,112.5,67,112.3,100,,,,,,,,,,,,,,,,,112.8,12,113.0,150,,,,,,,,,,,,,,,,
2026-06-29T18:35:52.318705+00:00,2026-06-30T04:35:52.311156,2,2,112.65,0.3,112.5,23,112.3,100,,,,,,,,,,,,,,,,,112.8,12,113.0,150,,,,,,,,,,,,,,,,
2026-06-29T18:35:52.646592+00:00,2026-06-30T04:35:52.639592,1,1,112.55,0.5,112.3,100,,,,,,,,,,,,,,,,,,,112.8,12,,,,,,,,,,,,,,,,,,
2026-06-29T18:35:52.698988+00:00,2026-06-30T04:35:52.696428,2,1,112.55,0.5,112.3,100,112.2,150,,,,,,,,,,,,,,,,,112.8,12,,,,,,,,,,,,,,,,,,
2026-06-29T18:35:52.710068+00:00,2026-06-30T04:35:52.704006,2,1,112.55,0.5,112.3,50,112.2,150,,,,,,,,,,,,,,,,,112.8,12,,,,,,,,,,,,,,,,,,
2026-06-29T18:35:52.754315+00:00,2026-06-30T04:35:52.744253,2,2,112.5,0.4,112.3,50,112.2,150,,,,,,,,,,,,,,,,,112.7,150,112.8,12,,,,,,,,,,,,,,,,
2026-06-29T18:35:52.906296+00:00,2026-06-30T04:35:52.901288,2,2,112.5,0.4,112.3,50,112.2,150,,,,,,,,,,,,,,,,,112.7,100,112.8,12,,,,,,,,,,,,,,,,
2026-06-29T18:35:52.937526+00:00,2026-06-30T04:35:52.935481,2,2,112.5,0.4,112.3,1,112.2,150,,,,,,,,,,,,,,,,,112.7,100,112.8,12,,,,,,,,,,,,,,,,
2026-06-29T18:35:53.111084+00:00,2026-06-30T04:35:53.110083,2,2,112.5,0.4,112.3,1,112.2,150,,,,,,,,,,,,,,,,,112.7,75,112.8,12,,,,,,,,,,,,,,,,
2026-06-29T18:35:53.122133+00:00,2026-06-30T04:35:53.113084,2,2,112.5,0.4,112.3,1,112.2,150,,,,,,,,,,,,,,,,,112.7,50,112.8,12,,,,,,,,,,,,,,,,
2026-06-29T18:35:53.329837+00:00,2026-06-30T04:35:53.324789,2,2,112.5,0.4,112.3,1,112.2,150,,,,,,,,,,,,,,,,,112.7,44,112.8,12,,,,,,,,,,,,,,,,
2026-06-29T18:35:53.612178+00:00,2026-06-30T04:35:53.610178,2,1,112.5,0.4,112.3,1,112.2,150,,,,,,,,,,,,,,,,,112.7,44,,,,,,,,,,,,,,,,,,
2026-06-29T18:35:53.623241+00:00,2026-06-30T04:35:53.616178,1,1,112.45,0.5,112.2,150,,,,,,,,,,,,,,,,,,,112.7,44,,,,,,,,,,,,,,,,,,
2026-06-29T18:35:53.677588+00:00,2026-06-30T04:35:53.676580,2,1,112.6,0.2,112.5,100,112.2,150,,,,,,,,,,,,,,,,,112.7,44,,,,,,,,,,,,,,,,,,
2026-06-29T18:35:53.732001+00:00,2026-06-30T04:35:53.723936,2,2,112.6,0.2,112.5,100,112.2,150,,,,,,,,,,,,,,,,,112.7,44,113.0,100,,,,,,,,,,,,,,,,
2026-06-29T18:35:54.632985+00:00,2026-06-30T04:35:54.624923,3,2,112.6,0.2,112.5,100,112.4,5,112.2,150,,,,,,,,,,,,,,,112.7,44,113.0,100,,,,,,,,,,,,,,,,
2026-06-29T18:35:54.807215+00:00,2026-06-30T04:35:54.803168,3,2,112.6,0.2,112.5,50,112.4,5,112.2,150,,,,,,,,,,,,,,,112.7,44,113.0,100,,,,,,,,,,,,,,,,
2026-06-29T18:35:55.807358+00:00,2026-06-30T04:35:55.798358,2,1,112.75,0.5,112.5,50,112.4,5,,,,,,,,,,,,,,,,,113.0,100,,,,,,,,,,,,,,,,,,
2026-06-29T18:35:55.860797+00:00,2026-06-30T04:35:55.849734,2,1,112.75,0.5,112.5,50,112.4,155,,,,,,,,,,,,,,,,,113.0,100,,,,,,,,,,,,,,,,,,
2026-06-29T18:35:55.904976+00:00,2026-06-30T04:35:55.901976,2,2,112.7,0.4,112.5,50,112.4,155,,,,,,,,,,,,,,,,,112.9,150,113.0,100,,,,,,,,,,,,,,,,
2026-06-29T18:35:56.395344+00:00,2026-06-30T04:35:56.387333,2,2,112.7,0.4,112.5,50,112.4,154,,,,,,,,,,,,,,,,,112.9,150,113.0,100,,,,,,,,,,,,,,,,
2026-06-29T18:35:56.787409+00:00,2026-06-30T04:35:56.780409,1,1,112.65,0.5,112.4,154,,,,,,,,,,,,,,,,,,,112.9,150,,,,,,,,,,,,,,,,,,
2026-06-29T18:35:56.841855+00:00,2026-06-30T04:35:56.832792,2,1,112.65,0.5,112.4,154,112.1,100,,,,,,,,,,,,,,,,,112.9,150,,,,,,,,,,,,,,,,,,
2026-06-29T18:35:56.897166+00:00,2026-06-30T04:35:56.886104,2,2,112.5,0.2,112.4,154,112.1,100,,,,,,,,,,,,,,,,,112.6,100,112.9,150,,,,,,,,,,,,,,,,
2026-06-29T18:35:56.917865+00:00,2026-06-30T04:35:56.910294,2,2,112.5,0.2,112.4,104,112.1,100,,,,,,,,,,,,,,,,,112.6,100,112.9,150,,,,,,,,,,,,,,,,
2026-06-29T18:35:58.187446+00:00,2026-06-30T04:35:58.185403,2,2,112.5,0.2,112.4,104,112.1,100,,,,,,,,,,,,,,,,,112.6,59,112.9,150,,,,,,,,,,,,,,,,
2026-06-29T18:35:58.418243+00:00,2026-06-30T04:35:58.415244,2,2,112.5,0.2,112.4,107,112.1,100,,,,,,,,,,,,,,,,,112.6,59,112.9,150,,,,,,,,,,,,,,,,
2026-06-29T18:35:58.958417+00:00,2026-06-30T04:35:58.955342,2,1,112.5,0.2,112.4,107,112.1,100,,,,,,,,,,,,,,,,,112.6,59,,,,,,,,,,,,,,,,,,
2026-06-29T18:35:58.969500+00:00,2026-06-30T04:35:58.958541,2,1,112.5,0.2,112.4,3,112.1,100,,,,,,,,,,,,,,,,,112.6,59,,,,,,,,,,,,,,,,,,
2026-06-29T18:35:59.013782+00:00,2026-06-30T04:35:59.009782,3,1,112.5,0.2,112.4,3,112.2,150,112.1,100,,,,,,,,,,,,,,,112.6,59,,,,,,,,,,,,,,,,,,
2026-06-29T18:35:59.024846+00:00,2026-06-30T04:35:59.016782,2,1,112.4,0.4,112.2,103,112.1,100,,,,,,,,,,,,,,,,,112.6,59,,,,,,,,,,,,,,,,,,
2026-06-29T18:35:59.067670+00:00,2026-06-30T04:35:59.062111,2,2,112.4,0.4,112.2,103,112.1,100,,,,,,,,,,,,,,,,,112.6,59,112.7,150,,,,,,,,,,,,,,,,
2026-06-29T18:35:59.946274+00:00,2026-06-30T04:35:59.942274,1,1,112.45,0.5,112.2,103,,,,,,,,,,,,,,,,,,,112.7,150,,,,,,,,,,,,,,,,,,
2026-06-29T18:36:00.000678+00:00,2026-06-30T04:35:59.994614,2,1,112.45,0.5,112.2,103,112.1,100,,,,,,,,,,,,,,,,,112.7,150,,,,,,,,,,,,,,,,,,
2026-06-29T18:36:00.056052+00:00,2026-06-30T04:36:00.048042,2,2,112.4,0.4,112.2,103,112.1,100,,,,,,,,,,,,,,,,,112.6,100,112.7,150,,,,,,,,,,,,,,,,
2026-06-29T18:36:00.163295+00:00,2026-06-30T04:36:00.153222,2,2,112.4,0.4,112.2,103,112.1,100,,,,,,,,,,,,,,,,,112.6,52,112.7,150,,,,,,,,,,,,,,,,
2026-06-29T18:36:00.641451+00:00,2026-06-30T04:36:00.640451,2,2,112.4,0.4,112.2,61,112.1,100,,,,,,,,,,,,,,,,,112.6,52,112.7,150,,,,,,,,,,,,,,,,
2026-06-29T18:36:00.738642+00:00,2026-06-30T04:36:00.737632,3,2,112.5,0.2,112.4,6,112.2,61,112.1,100,,,,,,,,,,,,,,,112.6,52,112.7,150,,,,,,,,,,,,,,,,
2026-06-29T18:36:01.077972+00:00,2026-06-30T04:36:01.071886,3,2,112.5,0.2,112.4,6,112.2,61,112.1,100,,,,,,,,,,,,,,,112.6,2,112.7,150,,,,,,,,,,,,,,,,
2026-06-29T18:36:01.634296+00:00,2026-06-30T04:36:01.633296,2,2,112.4,0.4,112.2,19,112.1,100,,,,,,,,,,,,,,,,,112.6,2,112.7,150,,,,,,,,,,,,,,,,
2026-06-29T18:36:01.808467+00:00,2026-06-30T04:36:01.801908,3,2,112.5,0.2,112.4,5,112.2,19,112.1,100,,,,,,,,,,,,,,,112.6,2,112.7,150,,,,,,,,,,,,,,,,
2026-06-29T18:36:02.147889+00:00,2026-06-30T04:36:02.143299,2,1,112.5,0.2,112.4,5,112.1,100,,,,,,,,,,,,,,,,,112.6,2,,,,,,,,,,,,,,,,,,
2026-06-29T18:36:02.202276+00:00,2026-06-30T04:36:02.195205,3,1,112.5,0.2,112.4,5,112.1,100,111.6,150,,,,,,,,,,,,,,,112.6,2,,,,,,,,,,,,,,,,,,
2026-06-29T18:36:02.257587+00:00,2026-06-30T04:36:02.251587,1,2,111.85,0.5,111.6,150,,,,,,,,,,,,,,,,,,,112.1,86,112.6,2,,,,,,,,,,,,,,,,
2026-06-29T18:36:03.105387+00:00,2026-06-30T04:36:03.104379,1,1,111.85,0.5,111.6,150,,,,,,,,,,,,,,,,,,,112.1,86,,,,,,,,,,,,,,,,,,
2026-06-29T18:36:03.158308+00:00,2026-06-30T04:36:03.156749,2,1,112.0,0.2,111.9,100,111.6,150,,,,,,,,,,,,,,,,,112.1,86,,,,,,,,,,,,,,,,,,
2026-06-29T18:36:03.180005+00:00,2026-06-30T04:36:03.177995,2,1,112.0,0.2,111.9,100,111.6,150,,,,,,,,,,,,,,,,,112.1,36,,,,,,,,,,,,,,,,,,
2026-06-29T18:36:03.213190+00:00,2026-06-30T04:36:03.209190,2,2,112.0,0.2,111.9,100,111.6,150,,,,,,,,,,,,,,,,,112.1,36,112.4,100,,,,,,,,,,,,,,,,
2026-06-29T18:36:04.777916+00:00,2026-06-30T04:36:04.776869,2,1,112.15,0.5,111.9,100,111.6,150,,,,,,,,,,,,,,,,,112.4,89,,,,,,,,,,,,,,,,,,
2026-06-29T18:36:05.309008+00:00,2026-06-30T04:36:05.306448,1,1,112.15,0.5,111.9,100,,,,,,,,,,,,,,,,,,,112.4,89,,,,,,,,,,,,,,,,,,
2026-06-29T18:36:05.342215+00:00,2026-06-30T04:36:05.335152,1,1,112.15,0.5,111.9,50,,,,,,,,,,,,,,,,,,,112.4,89,,,,,,,,,,,,,,,,,,
2026-06-29T18:36:05.364337+00:00,2026-06-30T04:36:05.359337,1,1,112.15,0.5,111.9,200,,,,,,,,,,,,,,,,,,,112.4,89,,,,,,,,,,,,,,,,,,
2026-06-29T18:36:05.417697+00:00,2026-06-30T04:36:05.412643,1,1,112.15,0.5,111.9,200,,,,,,,,,,,,,,,,,,,112.4,239,,,,,,,,,,,,,,,,,,
2026-06-29T18:36:06.275559+00:00,2026-06-30T04:36:06.272560,1,1,112.15,0.5,111.9,150,,,,,,,,,,,,,,,,,,,112.4,150,,,,,,,,,,,,,,,,,,
2026-06-29T18:36:06.327945+00:00,2026-06-30T04:36:06.321899,2,1,112.15,0.5,111.9,150,111.6,100,,,,,,,,,,,,,,,,,112.4,150,,,,,,,,,,,,,,,,,,
2026-06-29T18:36:06.393340+00:00,2026-06-30T04:36:06.391339,2,2,112.0,0.2,111.9,150,111.6,100,,,,,,,,,,,,,,,,,112.1,53,112.4,150,,,,,,,,,,,,,,,,
2026-06-29T18:36:06.588864+00:00,2026-06-30T04:36:06.580320,2,3,112.0,0.2,111.9,150,111.6,100,,,,,,,,,,,,,,,,,112.1,53,112.4,150,112.5,5,,,,,,,,,,,,,,
2026-06-29T18:36:06.751262+00:00,2026-06-30T04:36:06.747252,2,3,112.0,0.2,111.9,150,111.6,100,,,,,,,,,,,,,,,,,112.1,52,112.4,150,112.5,5,,,,,,,,,,,,,,
2026-06-29T18:36:07.393058+00:00,2026-06-30T04:36:07.390058,2,3,112.0,0.2,111.9,150,111.6,100,,,,,,,,,,,,,,,,,112.1,2,112.4,150,112.5,5,,,,,,,,,,,,,,
2026-06-29T18:36:07.567200+00:00,2026-06-30T04:36:07.562154,2,2,112.15,0.5,111.9,150,111.6,100,,,,,,,,,,,,,,,,,112.4,150,112.5,5,,,,,,,,,,,,,,,,
2026-06-29T18:36:08.469631+00:00,2026-06-30T04:36:08.468630,1,1,112.05,0.9,111.6,100,,,,,,,,,,,,,,,,,,,112.5,5,,,,,,,,,,,,,,,,,,
2026-06-29T18:36:08.524923+00:00,2026-06-30T04:36:08.520924,2,1,112.2,0.6,111.9,150,111.6,100,,,,,,,,,,,,,,,,,112.5,5,,,,,,,,,,,,,,,,,,
2026-06-29T18:36:08.578287+00:00,2026-06-30T04:36:08.573712,2,2,112.15,0.5,111.9,150,111.6,100,,,,,,,,,,,,,,,,,112.4,150,112.5,5,,,,,,,,,,,,,,,,
2026-06-29T18:36:08.872326+00:00,2026-06-30T04:36:08.861252,2,2,112.15,0.5,111.9,150,111.6,100,,,,,,,,,,,,,,,,,112.4,109,112.5,5,,,,,,,,,,,,,,,,
2026-06-29T18:36:09.447672+00:00,2026-06-30T04:36:09.441103,1,2,112.15,0.5,111.9,150,,,,,,,,,,,,,,,,,,,112.4,109,112.5,5,,,,,,,,,,,,,,,,
2026-06-29T18:36:09.502038+00:00,2026-06-30T04:36:09.492985,2,2,112.35,0.1,112.3,100,111.9,150,,,,,,,,,,,,,,,,,112.4,109,112.5,5,,,,,,,,,,,,,,,,
2026-06-29T18:36:09.557363+00:00,2026-06-30T04:36:09.551363,2,3,112.35,0.1,112.3,50,111.9,150,,,,,,,,,,,,,,,,,112.4,109,112.5,5,112.8,100,,,,,,,,,,,,,,
2026-06-29T18:36:11.614264+00:00,2026-06-30T04:36:11.613264,2,3,112.35,0.1,112.3,50,111.9,150,,,,,,,,,,,,,,,,,112.4,59,112.5,5,112.8,100,,,,,,,,,,,,,,
2026-06-29T18:36:11.636378+00:00,2026-06-30T04:36:11.630387,1,2,112.4,0.2,112.3,50,,,,,,,,,,,,,,,,,,,112.5,5,112.8,100,,,,,,,,,,,,,,,,
2026-06-29T18:36:11.688796+00:00,2026-06-30T04:36:11.684236,2,1,112.7,0.2,112.6,145,112.3,50,,,,,,,,,,,,,,,,,112.8,100,,,,,,,,,,,,,,,,,,
2026-06-29T18:36:11.744160+00:00,2026-06-30T04:36:11.741160,2,1,112.7,0.2,112.6,140,112.3,50,,,,,,,,,,,,,,,,,112.8,100,,,,,,,,,,,,,,,,,,
2026-06-29T18:36:11.755224+00:00,2026-06-30T04:36:11.749223,2,2,112.7,0.2,112.6,140,112.3,50,,,,,,,,,,,,,,,,,112.8,100,113.1,150,,,,,,,,,,,,,,,,
2026-06-29T18:36:12.610998+00:00,2026-06-30T04:36:12.608998,1,1,112.85,0.5,112.6,140,,,,,,,,,,,,,,,,,,,113.1,150,,,,,,,,,,,,,,,,,,
2026-06-29T18:36:12.666336+00:00,2026-06-30T04:36:12.663336,2,1,112.85,0.5,112.6,140,112.2,100,,,,,,,,,,,,,,,,,113.1,150,,,,,,,,,,,,,,,,,,
2026-06-29T18:36:12.719728+00:00,2026-06-30T04:36:12.716665,2,2,112.65,0.1,112.6,140,112.2,100,,,,,,,,,,,,,,,,,112.7,100,113.1,150,,,,,,,,,,,,,,,,
2026-06-29T18:36:12.786181+00:00,2026-06-30T04:36:12.779181,2,2,112.65,0.1,112.6,99,112.2,100,,,,,,,,,,,,,,,,,112.7,100,113.1,150,,,,,,,,,,,,,,,,
2026-06-29T18:36:12.968943+00:00,2026-06-30T04:36:12.967383,2,2,112.65,0.1,112.6,74,112.2,100,,,,,,,,,,,,,,,,,112.7,100,113.1,150,,,,,,,,,,,,,,,,
2026-06-29T18:36:12.980024+00:00,2026-06-30T04:36:12.975962,2,2,112.65,0.1,112.6,49,112.2,100,,,,,,,,,,,,,,,,,112.7,100,113.1,150,,,,,,,,,,,,,,,,
2026-06-29T18:36:13.187364+00:00,2026-06-30T04:36:13.186336,1,2,112.45,0.5,112.2,100,,,,,,,,,,,,,,,,,,,112.7,100,113.1,150,,,,,,,,,,,,,,,,
2026-06-29T18:36:13.719948+00:00,2026-06-30T04:36:13.712886,1,2,112.45,0.5,112.2,100,,,,,,,,,,,,,,,,,,,112.7,50,113.1,150,,,,,,,,,,,,,,,,
2026-06-29T18:36:14.349757+00:00,2026-06-30T04:36:14.339703,1,2,112.45,0.5,112.2,57,,,,,,,,,,,,,,,,,,,112.7,50,113.1,150,,,,,,,,,,,,,,,,
2026-06-29T18:36:14.808015+00:00,2026-06-30T04:36:14.801989,1,1,112.45,0.5,112.2,57,,,,,,,,,,,,,,,,,,,112.7,50,,,,,,,,,,,,,,,,,,
2026-06-29T18:36:14.863400+00:00,2026-06-30T04:36:14.854337,2,1,112.45,0.5,112.2,57,111.9,150,,,,,,,,,,,,,,,,,112.7,50,,,,,,,,,,,,,,,,,,
2026-06-29T18:36:14.917759+00:00,2026-06-30T04:36:14.907806,2,2,112.3,0.2,112.2,57,111.9,150,,,,,,,,,,,,,,,,,112.4,150,112.7,50,,,,,,,,,,,,,,,,
2026-06-29T18:36:15.777467+00:00,2026-06-30T04:36:15.774466,1,1,112.15,0.5,111.9,150,,,,,,,,,,,,,,,,,,,112.4,150,,,,,,,,,,,,,,,,,,
2026-06-29T18:36:15.820814+00:00,2026-06-30T04:36:15.818814,1,1,112.15,0.5,111.9,150,,,,,,,,,,,,,,,,,,,112.4,100,,,,,,,,,,,,,,,,,,
2026-06-29T18:36:15.842970+00:00,2026-06-30T04:36:15.833878,2,1,112.2,0.4,112.0,100,111.9,150,,,,,,,,,,,,,,,,,112.4,100,,,,,,,,,,,,,,,,,,
2026-06-29T18:36:15.887218+00:00,2026-06-30T04:36:15.885218,2,2,112.2,0.4,112.0,100,111.9,150,,,,,,,,,,,,,,,,,112.4,100,112.5,100,,,,,,,,,,,,,,,,
2026-06-29T18:36:17.298172+00:00,2026-06-30T04:36:17.290612,2,2,112.2,0.4,112.0,100,111.9,150,,,,,,,,,,,,,,,,,112.4,100,112.5,105,,,,,,,,,,,,,,,,
2026-06-29T18:36:17.971148+00:00,2026-06-30T04:36:17.965086,1,1,112.25,0.5,112.0,100,,,,,,,,,,,,,,,,,,,112.5,105,,,,,,,,,,,,,,,,,,
2026-06-29T18:36:17.982211+00:00,2026-06-30T04:36:17.977201,1,1,112.25,0.5,112.0,50,,,,,,,,,,,,,,,,,,,112.5,105,,,,,,,,,,,,,,,,,,
2026-06-29T18:36:18.026483+00:00,2026-06-30T04:36:18.017473,2,1,112.25,0.5,112.0,50,111.8,150,,,,,,,,,,,,,,,,,112.5,105,,,,,,,,,,,,,,,,,,
2026-06-29T18:36:18.078871+00:00,2026-06-30T04:36:18.069311,2,2,112.15,0.3,112.0,50,111.8,150,,,,,,,,,,,,,,,,,112.3,150,112.5,105,,,,,,,,,,,,,,,,
2026-06-29T18:36:18.948675+00:00,2026-06-30T04:36:18.942114,1,2,112.05,0.5,111.8,150,,,,,,,,,,,,,,,,,,,112.3,150,112.5,5,,,,,,,,,,,,,,,,
2026-06-29T18:36:19.004019+00:00,2026-06-30T04:36:18.994946,2,2,112.05,0.5,111.8,150,111.6,100,,,,,,,,,,,,,,,,,112.3,150,112.5,5,,,,,,,,,,,,,,,,
2026-06-29T18:36:19.058406+00:00,2026-06-30T04:36:19.048845,2,3,111.95,0.3,111.8,150,111.6,100,,,,,,,,,,,,,,,,,112.1,100,112.3,150,112.5,5,,,,,,,,,,,,,,
2026-06-29T18:36:20.026037+00:00,2026-06-30T04:36:20.015975,2,3,111.95,0.3,111.8,150,111.6,100,,,,,,,,,,,,,,,,,112.1,58,112.3,150,112.5,5,,,,,,,,,,,,,,
2026-06-29T18:36:20.037100+00:00,2026-06-30T04:36:20.033100,2,3,111.95,0.3,111.8,150,111.6,100,,,,,,,,,,,,,,,,,112.1,8,112.3,150,112.5,5,,,,,,,,,,,,,,
2026-06-29T18:36:21.125360+00:00,2026-06-30T04:36:21.124351,2,2,111.95,0.3,111.8,150,111.6,100,,,,,,,,,,,,,,,,,112.1,8,112.5,5,,,,,,,,,,,,,,,,
2026-06-29T18:36:21.136423+00:00,2026-06-30T04:36:21.125360,1,2,111.85,0.5,111.6,100,,,,,,,,,,,,,,,,,,,112.1,8,112.5,5,,,,,,,,,,,,,,,,
2026-06-29T18:36:21.178749+00:00,2026-06-30T04:36:21.178236,2,2,112.0,0.2,111.9,150,111.6,100,,,,,,,,,,,,,,,,,112.1,8,112.5,5,,,,,,,,,,,,,,,,
2026-06-29T18:36:21.234077+00:00,2026-06-30T04:36:21.231077,2,3,112.0,0.2,111.9,150,111.6,100,,,,,,,,,,,,,,,,,112.1,8,112.4,150,112.5,5,,,,,,,,,,,,,,
2026-06-29T18:36:22.125175+00:00,2026-06-30T04:36:22.124175,1,2,112.15,0.5,111.9,150,,,,,,,,,,,,,,,,,,,112.4,150,112.5,5,,,,,,,,,,,,,,,,
2026-06-29T18:36:22.147320+00:00,2026-06-30T04:36:22.139320,1,2,112.15,0.5,111.9,150,,,,,,,,,,,,,,,,,,,112.4,100,112.5,5,,,,,,,,,,,,,,,,
2026-06-29T18:36:22.179605+00:00,2026-06-30T04:36:22.173543,2,2,112.2,0.4,112.0,100,111.9,150,,,,,,,,,,,,,,,,,112.4,100,112.5,5,,,,,,,,,,,,,,,,
2026-06-29T18:36:22.234926+00:00,2026-06-30T04:36:22.226851,2,2,112.2,0.4,112.0,100,111.9,150,,,,,,,,,,,,,,,,,112.4,100,112.5,105,,,,,,,,,,,,,,,,
2026-06-29T18:36:23.298296+00:00,2026-06-30T04:36:23.288735,2,2,112.2,0.4,112.0,58,111.9,150,,,,,,,,,,,,,,,,,112.4,100,112.5,105,,,,,,,,,,,,,,,,
2026-06-29T18:36:24.274361+00:00,2026-06-30T04:36:24.264288,2,2,112.2,0.4,112.0,10,111.9,150,,,,,,,,,,,,,,,,,112.4,100,112.5,105,,,,,,,,,,,,,,,,
2026-06-29T18:36:24.285439+00:00,2026-06-30T04:36:24.284439,2,1,112.25,0.5,112.0,10,111.9,150,,,,,,,,,,,,,,,,,112.5,105,,,,,,,,,,,,,,,,,,
2026-06-29T18:36:24.296502+00:00,2026-06-30T04:36:24.285439,1,1,112.25,0.5,112.0,10,,,,,,,,,,,,,,,,,,,112.5,105,,,,,,,,,,,,,,,,,,
2026-06-29T18:36:24.339850+00:00,2026-06-30T04:36:24.337840,2,1,112.25,0.5,112.0,10,111.9,150,,,,,,,,,,,,,,,,,112.5,105,,,,,,,,,,,,,,,,,,
2026-06-29T18:36:24.395176+00:00,2026-06-30T04:36:24.389176,2,2,112.2,0.4,112.0,10,111.9,150,,,,,,,,,,,,,,,,,112.4,150,112.5,105,,,,,,,,,,,,,,,,
2026-06-29T18:36:25.289609+00:00,2026-06-30T04:36:25.284546,1,2,112.15,0.5,111.9,150,,,,,,,,,,,,,,,,,,,112.4,150,112.5,5,,,,,,,,,,,,,,,,
2026-06-29T18:36:25.344920+00:00,2026-06-30T04:36:25.336857,2,2,112.15,0.5,111.9,150,111.7,100,,,,,,,,,,,,,,,,,112.4,150,112.5,5,,,,,,,,,,,,,,,,
2026-06-29T18:36:25.397294+00:00,2026-06-30T04:36:25.391248,2,2,112.05,0.3,111.9,150,111.7,100,,,,,,,,,,,,,,,,,112.2,100,112.4,150,,,,,,,,,,,,,,,,
2026-06-29T18:36:26.274619+00:00,2026-06-30T04:36:26.267608,2,2,112.05,0.3,111.9,107,111.7,100,,,,,,,,,,,,,,,,,112.2,100,112.4,150,,,,,,,,,,,,,,,,
2026-06-29T18:36:26.373301+00:00,2026-06-30T04:36:26.365214,2,2,112.05,0.3,111.9,107,111.7,100,,,,,,,,,,,,,,,,,112.2,50,112.4,150,,,,,,,,,,,,,,,,
2026-06-29T18:36:27.295438+00:00,2026-06-30T04:36:27.292438,2,3,112.05,0.3,111.9,107,111.7,100,,,,,,,,,,,,,,,,,112.2,50,112.3,5,112.4,150,,,,,,,,,,,,,,
2026-06-29T18:36:27.447446+00:00,2026-06-30T04:36:27.445446,1,2,111.95,0.5,111.7,100,,,,,,,,,,,,,,,,,,,112.2,50,112.3,5,,,,,,,,,,,,,,,,
2026-06-29T18:36:27.499853+00:00,2026-06-30T04:36:27.498852,2,2,112.0,0.4,111.8,150,111.7,100,,,,,,,,,,,,,,,,,112.2,50,112.3,5,,,,,,,,,,,,,,,,
2026-06-29T18:36:27.566231+00:00,2026-06-30T04:36:27.565231,2,2,112.0,0.4,111.8,150,111.7,100,,,,,,,,,,,,,,,,,112.2,50,112.3,155,,,,,,,,,,,,,,,,
2026-06-29T18:36:28.446118+00:00,2026-06-30T04:36:28.445118,1,1,112.05,0.5,111.8,150,,,,,,,,,,,,,,,,,,,112.3,155,,,,,,,,,,,,,,,,,,
2026-06-29T18:36:28.508606+00:00,2026-06-30T04:36:28.500047,2,1,112.05,0.5,111.8,150,111.6,100,,,,,,,,,,,,,,,,,112.3,155,,,,,,,,,,,,,,,,,,
2026-06-29T18:36:28.563937+00:00,2026-06-30T04:36:28.552872,2,2,111.95,0.3,111.8,150,111.6,100,,,,,,,,,,,,,,,,,112.1,100,112.3,155,,,,,,,,,,,,,,,,
2026-06-29T18:36:29.767750+00:00,2026-06-30T04:36:29.757740,3,2,112.05,0.1,112.0,1,111.8,150,111.6,100,,,,,,,,,,,,,,,112.1,100,112.3,155,,,,,,,,,,,,,,,,
2026-06-29T18:36:29.929934+00:00,2026-06-30T04:36:29.920812,2,2,111.95,0.3,111.8,150,111.6,100,,,,,,,,,,,,,,,,,112.1,100,112.3,155,,,,,,,,,,,,,,,,
2026-06-29T18:36:30.583197+00:00,2026-06-30T04:36:30.580197,2,2,111.95,0.3,111.8,150,111.6,100,,,,,,,,,,,,,,,,,112.1,50,112.3,155,,,,,,,,,,,,,,,,
2026-06-29T18:36:30.627437+00:00,2026-06-30T04:36:30.618438,1,2,111.85,0.5,111.6,100,,,,,,,,,,,,,,,,,,,112.1,50,112.3,5,,,,,,,,,,,,,,,,
2026-06-29T18:36:30.681780+00:00,2026-06-30T04:36:30.670727,2,2,112.05,0.1,112.0,150,111.6,100,,,,,,,,,,,,,,,,,112.1,50,112.3,5,,,,,,,,,,,,,,,,
2026-06-29T18:36:30.725971+00:00,2026-06-30T04:36:30.722971,2,3,112.05,0.1,112.0,150,111.6,100,,,,,,,,,,,,,,,,,112.1,50,112.3,5,112.5,150,,,,,,,,,,,,,,
2026-06-29T18:36:31.084391+00:00,2026-06-30T04:36:31.082391,2,3,112.05,0.1,112.0,150,111.6,100,,,,,,,,,,,,,,,,,112.1,9,112.3,5,112.5,150,,,,,,,,,,,,,,
2026-06-29T18:36:31.574146+00:00,2026-06-30T04:36:31.571146,2,3,112.05,0.1,112.0,101,111.6,100,,,,,,,,,,,,,,,,,112.1,9,112.3,5,112.5,150,,,,,,,,,,,,,,
2026-06-29T18:36:31.607333+00:00,2026-06-30T04:36:31.606324,2,2,112.15,0.3,112.0,101,111.6,100,,,,,,,,,,,,,,,,,112.3,5,112.5,150,,,,,,,,,,,,,,,,
2026-06-29T18:36:31.617429+00:00,2026-06-30T04:36:31.607511,1,2,112.15,0.3,112.0,101,,,,,,,,,,,,,,,,,,,112.3,5,112.5,150,,,,,,,,,,,,,,,,
2026-06-29T18:36:31.660805+00:00,2026-06-30T04:36:31.659805,2,2,112.2,0.2,112.1,100,112.0,101,,,,,,,,,,,,,,,,,112.3,5,112.5,150,,,,,,,,,,,,,,,,
2026-06-29T18:36:31.716119+00:00,2026-06-30T04:36:31.713119,2,3,112.2,0.2,112.1,100,112.0,101,,,,,,,,,,,,,,,,,112.3,5,112.5,150,112.6,100,,,,,,,,,,,,,,
2026-06-29T18:36:32.705196+00:00,2026-06-30T04:36:32.704196,2,2,112.3,0.4,112.1,100,112.0,101,,,,,,,,,,,,,,,,,112.5,105,112.6,100,,,,,,,,,,,,,,,,
2026-06-29T18:36:33.029909+00:00,2026-06-30T04:36:33.020847,2,3,112.2,0.2,112.1,100,112.0,101,,,,,,,,,,,,,,,,,112.3,5,112.5,105,112.6,100,,,,,,,,,,,,,,
2026-06-29T18:36:33.779982+00:00,2026-06-30T04:36:33.776918,2,2,112.2,0.2,112.1,100,112.0,101,,,,,,,,,,,,,,,,,112.3,5,112.6,100,,,,,,,,,,,,,,,,
2026-06-29T18:36:33.791055+00:00,2026-06-30T04:36:33.780982,1,2,112.2,0.2,112.1,100,,,,,,,,,,,,,,,,,,,112.3,5,112.6,100,,,,,,,,,,,,,,,,
2026-06-29T18:36:33.835308+00:00,2026-06-30T04:36:33.830308,2,2,112.2,0.2,112.1,100,111.9,150,,,,,,,,,,,,,,,,,112.3,5,112.6,100,,,,,,,,,,,,,,,,
2026-06-29T18:36:33.888781+00:00,2026-06-30T04:36:33.883222,2,3,112.2,0.2,112.1,100,111.9,150,,,,,,,,,,,,,,,,,112.3,5,112.4,150,112.6,100,,,,,,,,,,,,,,
2026-06-29T18:36:34.064416+00:00,2026-06-30T04:36:34.055353,2,2,112.25,0.3,112.1,100,111.9,150,,,,,,,,,,,,,,,,,112.4,111,112.6,100,,,,,,,,,,,,,,,,
2026-06-29T18:36:34.768266+00:00,2026-06-30T04:36:34.767752,2,1,112.25,0.3,112.1,100,111.9,150,,,,,,,,,,,,,,,,,112.4,111,,,,,,,,,,,,,,,,,,
2026-06-29T18:36:34.778844+00:00,2026-06-30T04:36:34.769284,1,1,112.15,0.5,111.9,150,,,,,,,,,,,,,,,,,,,112.4,111,,,,,,,,,,,,,,,,,,
2026-06-29T18:36:34.867364+00:00,2026-06-30T04:36:34.857354,2,1,112.3,0.2,112.2,100,111.9,150,,,,,,,,,,,,,,,,,112.4,61,,,,,,,,,,,,,,,,,,
2026-06-29T18:36:34.921828+00:00,2026-06-30T04:36:34.912764,2,2,112.3,0.2,112.2,100,111.9,150,,,,,,,,,,,,,,,,,112.4,61,112.7,100,,,,,,,,,,,,,,,,
2026-06-29T18:36:36.332154+00:00,2026-06-30T04:36:36.323091,2,2,112.3,0.2,112.2,53,111.9,150,,,,,,,,,,,,,,,,,112.4,61,112.7,100,,,,,,,,,,,,,,,,
2026-06-29T18:36:36.942261+00:00,2026-06-30T04:36:36.939262,1,1,112.45,0.5,112.2,53,,,,,,,,,,,,,,,,,,,112.7,100,,,,,,,,,,,,,,,,,,
2026-06-29T18:36:36.975463+00:00,2026-06-30T04:36:36.970464,1,1,112.45,0.5,112.2,53,,,,,,,,,,,,,,,,,,,112.7,50,,,,,,,,,,,,,,,,,,
2026-06-29T18:36:36.997590+00:00,2026-06-30T04:36:36.992590,2,1,112.6,0.2,112.5,150,112.2,53,,,,,,,,,,,,,,,,,112.7,50,,,,,,,,,,,,,,,,,,
2026-06-29T18:36:37.039923+00:00,2026-06-30T04:36:37.039923,2,1,112.6,0.2,112.5,100,112.2,53,,,,,,,,,,,,,,,,,112.7,50,,,,,,,,,,,,,,,,,,
2026-06-29T18:36:37.050994+00:00,2026-06-30T04:36:37.045931,2,2,112.6,0.2,112.5,100,112.2,53,,,,,,,,,,,,,,,,,112.7,50,113.0,150,,,,,,,,,,,,,,,,
2026-06-29T18:36:37.257388+00:00,2026-06-30T04:36:37.257388,2,2,112.6,0.2,112.5,50,112.2,53,,,,,,,,,,,,,,,,,112.7,50,113.0,150,,,,,,,,,,,,,,,,
2026-06-29T18:36:37.464295+00:00,2026-06-30T04:36:37.463295,2,2,112.6,0.2,112.5,25,112.2,53,,,,,,,,,,,,,,,,,112.7,50,113.0,150,,,,,,,,,,,,,,,,
2026-06-29T18:36:37.475357+00:00,2026-06-30T04:36:37.466286,1,2,112.45,0.5,112.2,53,,,,,,,,,,,,,,,,,,,112.7,50,113.0,150,,,,,,,,,,,,,,,,
2026-06-29T18:36:37.898202+00:00,2026-06-30T04:36:37.892642,2,2,112.45,0.5,112.2,53,112.1,5,,,,,,,,,,,,,,,,,112.7,50,113.0,150,,,,,,,,,,,,,,,,
2026-06-29T18:36:37.975209+00:00,2026-06-30T04:36:37.971200,1,1,112.55,0.9,112.1,5,,,,,,,,,,,,,,,,,,,113.0,150,,,,,,,,,,,,,,,,,,
2026-06-29T18:36:38.028588+00:00,2026-06-30T04:36:38.024029,2,1,112.65,0.7,112.3,100,112.1,5,,,,,,,,,,,,,,,,,113.0,150,,,,,,,,,,,,,,,,,,
2026-06-29T18:36:38.083917+00:00,2026-06-30T04:36:38.078916,2,2,112.55,0.5,112.3,100,112.1,5,,,,,,,,,,,,,,,,,112.8,100,113.0,150,,,,,,,,,,,,,,,,
2026-06-29T18:36:38.324038+00:00,2026-06-30T04:36:38.315990,2,2,112.55,0.5,112.3,100,112.1,5,,,,,,,,,,,,,,,,,112.8,51,113.0,150,,,,,,,,,,,,,,,,
2026-06-29T18:36:38.931228+00:00,2026-06-30T04:36:38.924164,2,3,112.35,0.1,112.3,100,112.1,5,,,,,,,,,,,,,,,,,112.4,2,112.8,51,113.0,150,,,,,,,,,,,,,,
2026-06-29T18:36:39.083346+00:00,2026-06-30T04:36:39.076293,2,2,112.55,0.5,112.3,100,112.1,5,,,,,,,,,,,,,,,,,112.8,3,113.0,150,,,,,,,,,,,,,,,,
2026-06-29T18:36:39.193861+00:00,2026-06-30T04:36:39.183861,2,3,112.35,0.1,112.3,100,112.1,5,,,,,,,,,,,,,,,,,112.4,2,112.8,3,113.0,150,,,,,,,,,,,,,,
2026-06-29T18:36:39.422056+00:00,2026-06-30T04:36:39.417009,2,1,112.65,0.7,112.3,100,112.1,5,,,,,,,,,,,,,,,,,113.0,150,,,,,,,,,,,,,,,,,,
2026-06-29T18:36:39.466254+00:00,2026-06-30T04:36:39.465254,2,2,112.35,0.1,112.3,100,112.1,5,,,,,,,,,,,,,,,,,112.4,1,113.0,150,,,,,,,,,,,,,,,,
2026-06-29T18:36:40.109023+00:00,2026-06-30T04:36:40.098588,2,1,112.35,0.1,112.3,100,112.1,5,,,,,,,,,,,,,,,,,112.4,1,,,,,,,,,,,,,,,,,,
2026-06-29T18:36:40.153280+00:00,2026-06-30T04:36:40.152287,3,1,112.35,0.1,112.3,100,112.1,5,111.8,150,,,,,,,,,,,,,,,112.4,1,,,,,,,,,,,,,,,,,,
2026-06-29T18:36:40.218273+00:00,2026-06-30T04:36:40.211704,2,2,112.2,0.2,112.1,5,111.8,150,,,,,,,,,,,,,,,,,112.3,50,112.4,1,,,,,,,,,,,,,,,,
2026-06-29T18:36:40.946645+00:00,2026-06-30T04:36:40.938645,1,2,112.05,0.5,111.8,150,,,,,,,,,,,,,,,,,,,112.3,50,112.4,1,,,,,,,,,,,,,,,,
2026-06-29T18:36:41.184311+00:00,2026-06-30T04:36:41.183310,1,1,112.1,0.6,111.8,150,,,,,,,,,,,,,,,,,,,112.4,1,,,,,,,,,,,,,,,,,,
2026-06-29T18:36:41.195373+00:00,2026-06-30T04:36:41.186310,2,1,112.3,0.2,112.2,100,111.8,150,,,,,,,,,,,,,,,,,112.4,1,,,,,,,,,,,,,,,,,,
2026-06-29T18:36:41.237711+00:00,2026-06-30T04:36:41.227736,2,0,,,112.2,100,111.8,150,,,,,,,,,,,,,,,,,,,,,,,,,,,,,,,,,,,,
2026-06-29T18:36:41.248324+00:00,2026-06-30T04:36:41.238765,2,1,112.45,0.5,112.2,100,111.8,150,,,,,,,,,,,,,,,,,112.7,100,,,,,,,,,,,,,,,,,,
2026-06-29T18:36:41.877947+00:00,2026-06-30T04:36:41.870857,2,1,112.45,0.5,112.2,100,111.8,150,,,,,,,,,,,,,,,,,112.7,55,,,,,,,,,,,,,,,,,,
2026-06-29T18:36:41.932822+00:00,2026-06-30T04:36:41.924759,2,1,112.45,0.5,112.2,55,111.8,150,,,,,,,,,,,,,,,,,112.7,55,,,,,,,,,,,,,,,,,,
2026-06-29T18:36:43.012218+00:00,2026-06-30T04:36:43.002154,3,1,112.45,0.5,112.2,55,112.1,6,111.8,150,,,,,,,,,,,,,,,112.7,55,,,,,,,,,,,,,,,,,,
2026-06-29T18:36:43.274438+00:00,2026-06-30T04:36:43.263376,2,1,112.45,0.5,112.2,55,112.1,6,,,,,,,,,,,,,,,,,112.7,55,,,,,,,,,,,,,,,,,,
2026-06-29T18:36:43.318270+00:00,2026-06-30T04:36:43.317756,3,1,112.5,0.4,112.3,150,112.2,55,112.1,6,,,,,,,,,,,,,,,112.7,55,,,,,,,,,,,,,,,,,,
2026-06-29T18:36:43.373147+00:00,2026-06-30T04:36:43.372146,3,1,112.5,0.4,112.3,100,112.2,55,112.1,6,,,,,,,,,,,,,,,112.7,55,,,,,,,,,,,,,,,,,,
2026-06-29T18:36:43.384209+00:00,2026-06-30T04:36:43.377199,3,2,112.5,0.4,112.3,100,112.2,55,112.1,6,,,,,,,,,,,,,,,112.7,55,112.8,150,,,,,,,,,,,,,,,,
2026-06-29T18:36:43.492932+00:00,2026-06-30T04:36:43.485877,3,2,112.5,0.4,112.3,50,112.2,55,112.1,6,,,,,,,,,,,,,,,112.7,55,112.8,150,,,,,,,,,,,,,,,,
2026-06-29T18:36:43.698857+00:00,2026-06-30T04:36:43.697297,2,2,112.45,0.5,112.2,55,112.1,6,,,,,,,,,,,,,,,,,112.7,55,112.8,150,,,,,,,,,,,,,,,,
2026-06-29T18:36:44.298378+00:00,2026-06-30T04:36:44.292819,1,1,112.45,0.7,112.1,6,,,,,,,,,,,,,,,,,,,112.8,150,,,,,,,,,,,,,,,,,,
2026-06-29T18:36:44.353224+00:00,2026-06-30T04:36:44.345160,1,1,112.45,0.7,112.1,106,,,,,,,,,,,,,,,,,,,112.8,150,,,,,,,,,,,,,,,,,,
2026-06-29T18:36:44.397500+00:00,2026-06-30T04:36:44.397500,1,2,112.35,0.5,112.1,106,,,,,,,,,,,,,,,,,,,112.6,100,112.8,150,,,,,,,,,,,,,,,,
2026-06-29T18:36:44.887407+00:00,2026-06-30T04:36:44.882364,1,2,112.35,0.5,112.1,104,,,,,,,,,,,,,,,,,,,112.6,100,112.8,150,,,,,,,,,,,,,,,,
2026-06-29T18:36:45.487293+00:00,2026-06-30T04:36:45.480293,1,2,112.35,0.5,112.1,54,,,,,,,,,,,,,,,,,,,112.6,100,112.8,150,,,,,,,,,,,,,,,,
2026-06-29T18:36:46.432249+00:00,2026-06-30T04:36:46.429249,1,1,112.35,0.5,112.1,54,,,,,,,,,,,,,,,,,,,112.6,100,,,,,,,,,,,,,,,,,,
2026-06-29T18:36:46.487561+00:00,2026-06-30T04:36:46.483561,2,1,112.35,0.5,112.1,54,111.8,150,,,,,,,,,,,,,,,,,112.6,100,,,,,,,,,,,,,,,,,,
2026-06-29T18:36:46.540973+00:00,2026-06-30T04:36:46.536910,2,2,112.2,0.2,112.1,54,111.8,150,,,,,,,,,,,,,,,,,112.3,150,112.6,100,,,,,,,,,,,,,,,,
2026-06-29T18:36:46.942217+00:00,2026-06-30T04:36:46.938216,2,2,112.2,0.2,112.1,59,111.8,150,,,,,,,,,,,,,,,,,112.3,150,112.6,100,,,,,,,,,,,,,,,,
2026-06-29T18:36:47.454081+00:00,2026-06-30T04:36:47.451081,2,1,112.2,0.2,112.1,59,111.8,150,,,,,,,,,,,,,,,,,112.3,150,,,,,,,,,,,,,,,,,,
2026-06-29T18:36:47.465146+00:00,2026-06-30T04:36:47.454081,2,1,112.2,0.2,112.1,5,111.8,150,,,,,,,,,,,,,,,,,112.3,150,,,,,,,,,,,,,,,,,,
2026-06-29T18:36:47.507975+00:00,2026-06-30T04:36:47.506406,2,1,112.2,0.2,112.1,105,111.8,150,,,,,,,,,,,,,,,,,112.3,150,,,,,,,,,,,,,,,,,,
2026-06-29T18:36:47.573887+00:00,2026-06-30T04:36:47.562824,2,2,112.2,0.2,112.1,105,111.8,150,,,,,,,,,,,,,,,,,112.3,150,112.6,100,,,,,,,,,,,,,,,,
2026-06-29T18:36:47.596013+00:00,2026-06-30T04:36:47.586950,2,2,112.2,0.2,112.1,55,111.8,150,,,,,,,,,,,,,,,,,112.3,150,112.6,100,,,,,,,,,,,,,,,,
2026-06-29T18:36:48.103926+00:00,2026-06-30T04:36:48.093864,2,2,112.2,0.2,112.1,61,111.8,150,,,,,,,,,,,,,,,,,112.3,150,112.6,100,,,,,,,,,,,,,,,,
2026-06-29T18:36:49.247623+00:00,2026-06-30T04:36:49.243596,2,2,112.2,0.2,112.1,61,111.8,150,,,,,,,,,,,,,,,,,112.3,102,112.6,100,,,,,,,,,,,,,,,,
2026-06-29T18:36:49.597481+00:00,2026-06-30T04:36:49.591481,1,1,112.35,0.5,112.1,61,,,,,,,,,,,,,,,,,,,112.6,100,,,,,,,,,,,,,,,,,,
2026-06-29T18:36:49.650926+00:00,2026-06-30T04:36:49.643832,2,1,112.35,0.5,112.1,61,112.0,150,,,,,,,,,,,,,,,,,112.6,100,,,,,,,,,,,,,,,,,,
2026-06-29T18:36:49.694770+00:00,2026-06-30T04:36:49.691770,2,1,112.35,0.5,112.1,11,112.0,150,,,,,,,,,,,,,,,,,112.6,100,,,,,,,,,,,,,,,,,,
2026-06-29T18:36:49.705833+00:00,2026-06-30T04:36:49.696770,2,2,112.3,0.4,112.1,11,112.0,150,,,,,,,,,,,,,,,,,112.5,150,112.6,100,,,,,,,,,,,,,,,,
2026-06-29T18:36:50.622865+00:00,2026-06-30T04:36:50.614802,2,1,112.3,0.4,112.1,6,112.0,150,,,,,,,,,,,,,,,,,112.5,150,,,,,,,,,,,,,,,,,,
2026-06-29T18:36:50.677242+00:00,2026-06-30T04:36:50.667296,3,1,112.3,0.4,112.1,6,112.0,150,111.6,100,,,,,,,,,,,,,,,112.5,150,,,,,,,,,,,,,,,,,,
2026-06-29T18:36:50.731124+00:00,2026-06-30T04:36:50.722060,2,2,112.05,0.1,112.0,150,111.6,100,,,,,,,,,,,,,,,,,112.1,94,112.5,150,,,,,,,,,,,,,,,,
2026-06-29T18:36:51.297396+00:00,2026-06-30T04:36:51.287386,2,2,112.05,0.1,112.0,150,111.6,100,,,,,,,,,,,,,,,,,112.1,54,112.5,150,,,,,,,,,,,,,,,,
2026-06-29T18:36:51.406166+00:00,2026-06-30T04:36:51.403158,2,2,112.05,0.1,112.0,150,111.6,100,,,,,,,,,,,,,,,,,112.1,47,112.5,150,,,,,,,,,,,,,,,,
2026-06-29T18:36:51.808908+00:00,2026-06-30T04:36:51.798516,2,2,112.05,0.1,112.0,100,111.6,100,,,,,,,,,,,,,,,,,112.1,47,112.5,150,,,,,,,,,,,,,,,,
2026-06-29T18:36:52.103422+00:00,2026-06-30T04:36:52.101422,2,2,112.05,0.1,112.0,100,111.6,100,,,,,,,,,,,,,,,,,112.1,40,112.5,150,,,,,,,,,,,,,,,,
2026-06-29T18:36:52.787490+00:00,2026-06-30T04:36:52.784464,1,1,111.85,0.5,111.6,100,,,,,,,,,,,,,,,,,,,112.1,40,,,,,,,,,,,,,,,,,,
2026-06-29T18:36:52.808671+00:00,2026-06-30T04:36:52.803106,2,1,111.9,0.4,111.7,150,111.6,100,,,,,,,,,,,,,,,,,112.1,40,,,,,,,,,,,,,,,,,,
2026-06-29T18:36:52.864015+00:00,2026-06-30T04:36:52.858005,3,2,112.05,0.1,112.0,5,111.7,150,111.6,100,,,,,,,,,,,,,,,112.1,40,112.2,150,,,,,,,,,,,,,,,,
2026-06-29T18:36:53.777167+00:00,2026-06-30T04:36:53.776141,3,1,112.1,0.2,112.0,5,111.7,150,111.6,100,,,,,,,,,,,,,,,112.2,150,,,,,,,,,,,,,,,,,,
2026-06-29T18:36:53.787765+00:00,2026-06-30T04:36:53.778205,2,1,112.1,0.2,112.0,5,111.7,150,,,,,,,,,,,,,,,,,112.2,150,,,,,,,,,,,,,,,,,,
2026-06-29T18:36:53.842121+00:00,2026-06-30T04:36:53.831059,3,1,112.1,0.2,112.0,5,111.8,100,111.7,150,,,,,,,,,,,,,,,112.2,150,,,,,,,,,,,,,,,,,,
2026-06-29T18:36:53.886367+00:00,2026-06-30T04:36:53.884367,3,2,112.1,0.2,112.0,5,111.8,100,111.7,150,,,,,,,,,,,,,,,112.2,150,112.3,100,,,,,,,,,,,,,,,,
2026-06-29T18:36:53.918632+00:00,2026-06-30T04:36:53.909072,2,2,112.0,0.4,111.8,55,111.7,150,,,,,,,,,,,,,,,,,112.2,150,112.3,100,,,,,,,,,,,,,,,,
2026-06-29T18:36:55.038807+00:00,2026-06-30T04:36:55.038293,3,2,112.1,0.2,112.0,6,111.8,55,111.7,150,,,,,,,,,,,,,,,112.2,150,112.3,100,,,,,,,,,,,,,,,,
2026-06-29T18:36:55.452009+00:00,2026-06-30T04:36:55.449009,2,2,112.0,0.4,111.8,14,111.7,150,,,,,,,,,,,,,,,,,112.2,150,112.3,100,,,,,,,,,,,,,,,,
2026-06-29T18:36:55.919692+00:00,2026-06-30T04:36:55.913626,1,1,112.05,0.5,111.8,14,,,,,,,,,,,,,,,,,,,112.3,100,,,,,,,,,,,,,,,,,,
2026-06-29T18:36:55.963938+00:00,2026-06-30T04:36:55.962938,2,1,112.05,0.5,111.8,14,111.7,150,,,,,,,,,,,,,,,,,112.3,100,,,,,,,,,,,,,,,,,,
2026-06-29T18:36:56.028907+00:00,2026-06-30T04:36:56.027347,1,1,112.0,0.6,111.7,114,,,,,,,,,,,,,,,,,,,112.3,100,,,,,,,,,,,,,,,,,,
2026-06-29T18:36:56.039990+00:00,2026-06-30T04:36:56.029917,1,2,111.95,0.5,111.7,114,,,,,,,,,,,,,,,,,,,112.2,150,112.3,100,,,,,,,,,,,,,,,,
2026-06-29T18:36:56.377778+00:00,2026-06-30T04:36:56.373209,1,2,111.95,0.5,111.7,72,,,,,,,,,,,,,,,,,,,112.2,150,112.3,100,,,,,,,,,,,,,,,,
2026-06-29T18:36:56.944057+00:00,2026-06-30T04:36:56.938046,1,1,111.95,0.5,111.7,72,,,,,,,,,,,,,,,,,,,112.2,150,,,,,,,,,,,,,,,,,,
2026-06-29T18:36:56.997916+00:00,2026-06-30T04:36:56.990356,2,1,111.95,0.5,111.7,72,111.5,100,,,,,,,,,,,,,,,,,112.2,150,,,,,,,,,,,,,,,,,,
2026-06-29T18:36:57.052285+00:00,2026-06-30T04:36:57.043222,2,2,111.85,0.3,111.7,72,111.5,100,,,,,,,,,,,,,,,,,112.0,100,112.2,150,,,,,,,,,,,,,,,,
2026-06-29T18:36:57.138358+00:00,2026-06-30T04:36:57.136807,2,2,111.85,0.3,111.7,72,111.5,100,,,,,,,,,,,,,,,,,112.0,75,112.2,150,,,,,,,,,,,,,,,,
2026-06-29T18:36:57.148936+00:00,2026-06-30T04:36:57.140378,2,2,111.85,0.3,111.7,72,111.5,100,,,,,,,,,,,,,,,,,112.0,50,112.2,150,,,,,,,,,,,,,,,,
2026-06-29T18:36:57.357584+00:00,2026-06-30T04:36:57.350584,2,1,111.95,0.5,111.7,72,111.5,100,,,,,,,,,,,,,,,,,112.2,150,,,,,,,,,,,,,,,,,,
2026-06-29T18:36:58.135575+00:00,2026-06-30T04:36:58.133575,2,1,111.95,0.5,111.7,22,111.5,100,,,,,,,,,,,,,,,,,112.2,150,,,,,,,,,,,,,,,,,,
2026-06-29T18:36:58.233297+00:00,2026-06-30T04:36:58.227296,3,1,112.05,0.3,111.9,4,111.7,22,111.5,100,,,,,,,,,,,,,,,112.2,150,,,,,,,,,,,,,,,,,,
2026-06-29T18:36:59.065937+00:00,2026-06-30T04:36:59.063937,3,1,112.05,0.3,111.9,3,111.7,22,111.5,100,,,,,,,,,,,,,,,112.2,150,,,,,,,,,,,,,,,,,,
2026-06-29T18:36:59.088011+00:00,2026-06-30T04:36:59.086010,2,0,,,111.9,3,111.5,100,,,,,,,,,,,,,,,,,,,,,,,,,,,,,,,,,,,,
2026-06-29T18:36:59.143307+00:00,2026-06-30T04:36:59.135261,3,0,,,111.9,3,111.5,100,111.1,150,,,,,,,,,,,,,,,,,,,,,,,,,,,,,,,,,,
2026-06-29T18:36:59.198074+00:00,2026-06-30T04:36:59.190479,2,1,111.55,0.1,111.5,100,111.1,150,,,,,,,,,,,,,,,,,111.6,147,,,,,,,,,,,,,,,,,,
2026-06-29T18:36:59.372434+00:00,2026-06-30T04:36:59.368434,2,1,111.55,0.1,111.5,100,111.1,150,,,,,,,,,,,,,,,,,111.6,97,,,,,,,,,,,,,,,,,,
2026-06-29T18:36:59.587677+00:00,2026-06-30T04:36:59.580129,2,1,111.55,0.1,111.5,100,111.1,150,,,,,,,,,,,,,,,,,111.6,47,,,,,,,,,,,,,,,,,,
2026-06-29T18:36:59.800182+00:00,2026-06-30T04:36:59.794182,2,0,,,111.5,100,111.1,150,,,,,,,,,,,,,,,,,,,,,,,,,,,,,,,,,,,,
2026-06-29T18:37:00.108491+00:00,2026-06-30T04:37:00.100491,1,0,,,111.1,150,,,,,,,,,,,,,,,,,,,,,,,,,,,,,,,,,,,,,,
2026-06-29T18:37:00.163567+00:00,2026-06-30T04:37:00.153568,2,0,,,111.6,100,111.1,150,,,,,,,,,,,,,,,,,,,,,,,,,,,,,,,,,,,,
2026-06-29T18:37:00.207568+00:00,2026-06-30T04:37:00.205567,2,1,111.85,0.5,111.6,100,111.1,150,,,,,,,,,,,,,,,,,112.1,100,,,,,,,,,,,,,,,,,,
2026-06-29T18:37:00.251709+00:00,2026-06-30T04:37:00.245709,2,1,111.85,0.5,111.6,50,111.1,150,,,,,,,,,,,,,,,,,112.1,100,,,,,,,,,,,,,,,,,,
2026-06-29T18:37:01.296966+00:00,2026-06-30T04:37:01.295966,2,1,111.85,0.5,111.6,50,111.1,150,,,,,,,,,,,,,,,,,112.1,105,,,,,,,,,,,,,,,,,,
2026-06-29T18:37:02.089200+00:00,2026-06-30T04:37:02.086200,2,1,111.85,0.5,111.6,50,111.1,150,,,,,,,,,,,,,,,,,112.1,104,,,,,,,,,,,,,,,,,,
2026-06-29T18:37:02.254327+00:00,2026-06-30T04:37:02.243327,1,1,111.85,0.5,111.6,50,,,,,,,,,,,,,,,,,,,112.1,104,,,,,,,,,,,,,,,,,,
2026-06-29T18:37:02.298326+00:00,2026-06-30T04:37:02.296326,1,1,111.85,0.5,111.6,200,,,,,,,,,,,,,,,,,,,112.1,104,,,,,,,,,,,,,,,,,,
2026-06-29T18:37:02.353490+00:00,2026-06-30T04:37:02.352489,1,1,111.85,0.5,111.6,150,,,,,,,,,,,,,,,,,,,112.1,254,,,,,,,,,,,,,,,,,,
2026-06-29T18:37:02.408490+00:00,2026-06-30T04:37:02.402490,1,1,111.85,0.5,111.6,150,,,,,,,,,,,,,,,,,,,112.1,253,,,,,,,,,,,,,,,,,,
2026-06-29T18:37:03.244252+00:00,2026-06-30T04:37:03.233251,1,1,111.85,0.5,111.6,150,,,,,,,,,,,,,,,,,,,112.1,252,,,,,,,,,,,,,,,,,,
2026-06-29T18:37:03.288321+00:00,2026-06-30T04:37:03.285320,1,1,111.85,0.5,111.6,150,,,,,,,,,,,,,,,,,,,112.1,152,,,,,,,,,,,,,,,,,,
2026-06-29T18:37:03.342925+00:00,2026-06-30T04:37:03.337925,2,1,111.85,0.5,111.6,150,111.3,100,,,,,,,,,,,,,,,,,112.1,152,,,,,,,,,,,,,,,,,,
2026-06-29T18:37:03.398087+00:00,2026-06-30T04:37:03.391087,2,2,111.7,0.2,111.6,150,111.3,100,,,,,,,,,,,,,,,,,111.8,100,112.1,152,,,,,,,,,,,,,,,,
2026-06-29T18:37:03.409141+00:00,2026-06-30T04:37:03.405087,2,2,111.7,0.2,111.6,150,111.3,100,,,,,,,,,,,,,,,,,111.8,75,112.1,152,,,,,,,,,,,,,,,,
2026-06-29T18:37:03.431140+00:00,2026-06-30T04:37:03.420141,2,2,111.7,0.2,111.6,150,111.3,100,,,,,,,,,,,,,,,,,111.8,50,112.1,152,,,,,,,,,,,,,,,,
2026-06-29T18:37:03.618232+00:00,2026-06-30T04:37:03.615231,2,2,111.7,0.2,111.6,150,111.3,100,,,,,,,,,,,,,,,,,111.8,25,112.1,152,,,,,,,,,,,,,,,,
2026-06-29T18:37:03.640232+00:00,2026-06-30T04:37:03.629232,2,1,111.85,0.5,111.6,150,111.3,100,,,,,,,,,,,,,,,,,112.1,152,,,,,,,,,,,,,,,,,,
2026-06-29T18:37:04.473983+00:00,2026-06-30T04:37:04.463169,2,1,111.85,0.5,111.6,100,111.3,100,,,,,,,,,,,,,,,,,112.1,152,,,,,,,,,,,,,,,,,,
2026-06-29T18:37:04.506983+00:00,2026-06-30T04:37:04.501983,2,1,111.85,0.5,111.6,100,111.3,100,,,,,,,,,,,,,,,,,112.1,110,,,,,,,,,,,,,,,,,,
2026-06-29T18:37:05.407886+00:00,2026-06-30T04:37:05.403886,1,0,,,111.3,100,,,,,,,,,,,,,,,,,,,,,,,,,,,,,,,,,,,,,,
2026-06-29T18:37:05.462887+00:00,2026-06-30T04:37:05.456886,2,0,,,111.6,150,111.3,100,,,,,,,,,,,,,,,,,,,,,,,,,,,,,,,,,,,,
2026-06-29T18:37:05.517887+00:00,2026-06-30T04:37:05.511886,2,1,111.85,0.5,111.6,150,111.3,100,,,,,,,,,,,,,,,,,112.1,150,,,,,,,,,,,,,,,,,,
2026-06-29T18:37:06.452198+00:00,2026-06-30T04:37:06.446198,1,1,111.85,0.5,111.6,150,,,,,,,,,,,,,,,,,,,112.1,150,,,,,,,,,,,,,,,,,,
2026-06-29T18:37:06.507197+00:00,2026-06-30T04:37:06.500198,2,1,112.0,0.2,111.9,100,111.6,150,,,,,,,,,,,,,,,,,112.1,150,,,,,,,,,,,,,,,,,,
2026-06-29T18:37:06.562199+00:00,2026-06-30T04:37:06.552199,2,2,112.0,0.2,111.9,100,111.6,150,,,,,,,,,,,,,,,,,112.1,150,112.4,100,,,,,,,,,,,,,,,,
2026-06-29T18:37:06.573198+00:00,2026-06-30T04:37:06.570198,2,2,112.0,0.2,111.9,50,111.6,150,,,,,,,,,,,,,,,,,112.1,150,112.4,100,,,,,,,,,,,,,,,,
2026-06-29T18:37:07.650760+00:00,2026-06-30T04:37:07.647708,2,2,112.0,0.2,111.9,50,111.6,150,,,,,,,,,,,,,,,,,112.1,147,112.4,100,,,,,,,,,,,,,,,,
2026-06-29T18:37:08.573892+00:00,2026-06-30T04:37:08.565892,1,1,112.15,0.5,111.9,50,,,,,,,,,,,,,,,,,,,112.4,100,,,,,,,,,,,,,,,,,,
2026-06-29T18:37:08.628957+00:00,2026-06-30T04:37:08.618047,2,1,112.15,0.5,111.9,50,111.7,150,,,,,,,,,,,,,,,,,112.4,100,,,,,,,,,,,,,,,,,,
2026-06-29T18:37:08.672957+00:00,2026-06-30T04:37:08.671956,2,2,112.05,0.3,111.9,50,111.7,150,,,,,,,,,,,,,,,,,112.2,150,112.4,100,,,,,,,,,,,,,,,,
2026-06-29T18:37:08.683957+00:00,2026-06-30T04:37:08.675957,1,2,111.95,0.5,111.7,150,,,,,,,,,,,,,,,,,,,112.2,150,112.4,100,,,,,,,,,,,,,,,,
2026-06-29T18:37:09.398376+00:00,2026-06-30T04:37:09.394375,1,3,111.85,0.3,111.7,150,,,,,,,,,,,,,,,,,,,112.0,5,112.2,150,112.4,100,,,,,,,,,,,,,,
2026-06-29T18:37:09.617739+00:00,2026-06-30T04:37:09.608740,1,2,111.85,0.3,111.7,150,,,,,,,,,,,,,,,,,,,112.0,5,112.2,150,,,,,,,,,,,,,,,,
2026-06-29T18:37:09.672854+00:00,2026-06-30T04:37:09.662795,1,2,111.85,0.3,111.7,250,,,,,,,,,,,,,,,,,,,112.0,5,112.2,150,,,,,,,,,,,,,,,,
2026-06-29T18:37:09.715462+00:00,2026-06-30T04:37:09.715462,1,2,111.85,0.3,111.7,250,,,,,,,,,,,,,,,,,,,112.0,5,112.2,250,,,,,,,,,,,,,,,,
2026-06-29T18:37:09.902099+00:00,2026-06-30T04:37:09.891033,1,2,111.85,0.3,111.7,250,,,,,,,,,,,,,,,,,,,112.0,4,112.2,250,,,,,,,,,,,,,,,,
2026-06-29T18:37:10.792948+00:00,2026-06-30T04:37:10.783884,1,2,111.85,0.3,111.7,200,,,,,,,,,,,,,,,,,,,112.0,4,112.2,250,,,,,,,,,,,,,,,,
2026-06-29T18:37:11.728818+00:00,2026-06-30T04:37:11.727818,1,1,111.95,0.5,111.7,100,,,,,,,,,,,,,,,,,,,112.2,100,,,,,,,,,,,,,,,,,,
2026-06-29T18:37:11.783818+00:00,2026-06-30T04:37:11.782818,1,1,111.95,0.5,111.7,250,,,,,,,,,,,,,,,,,,,112.2,100,,,,,,,,,,,,,,,,,,
2026-06-29T18:37:11.838935+00:00,2026-06-30T04:37:11.834935,1,1,111.95,0.5,111.7,250,,,,,,,,,,,,,,,,,,,112.2,250,,,,,,,,,,,,,,,,,,
2026-06-29T18:37:11.937935+00:00,2026-06-30T04:37:11.935935,1,2,111.9,0.4,111.7,250,,,,,,,,,,,,,,,,,,,112.1,4,112.2,250,,,,,,,,,,,,,,,,
2026-06-29T18:37:12.158047+00:00,2026-06-30T04:37:12.153047,1,2,111.9,0.4,111.7,210,,,,,,,,,,,,,,,,,,,112.1,4,112.2,250,,,,,,,,,,,,,,,,
2026-06-29T18:37:12.772933+00:00,2026-06-30T04:37:12.768932,1,2,111.9,0.4,111.7,210,,,,,,,,,,,,,,,,,,,112.1,4,112.2,150,,,,,,,,,,,,,,,,
2026-06-29T18:37:12.783932+00:00,2026-06-30T04:37:12.773932,1,2,111.9,0.4,111.7,150,,,,,,,,,,,,,,,,,,,112.1,4,112.2,150,,,,,,,,,,,,,,,,
2026-06-29T18:37:12.827994+00:00,2026-06-30T04:37:12.822993,1,2,111.9,0.4,111.7,250,,,,,,,,,,,,,,,,,,,112.1,4,112.2,150,,,,,,,,,,,,,,,,
2026-06-29T18:37:12.882993+00:00,2026-06-30T04:37:12.875993,1,2,111.9,0.4,111.7,250,,,,,,,,,,,,,,,,,,,112.1,4,112.2,250,,,,,,,,,,,,,,,,
2026-06-29T18:37:12.893993+00:00,2026-06-30T04:37:12.889994,1,2,111.9,0.4,111.7,200,,,,,,,,,,,,,,,,,,,112.1,4,112.2,250,,,,,,,,,,,,,,,,
2026-06-29T18:37:14.827672+00:00,2026-06-30T04:37:14.818672,1,1,111.95,0.5,111.7,200,,,,,,,,,,,,,,,,,,,112.2,212,,,,,,,,,,,,,,,,,,
2026-06-29T18:37:14.893739+00:00,2026-06-30T04:37:14.889740,1,1,111.95,0.5,111.7,100,,,,,,,,,,,,,,,,,,,112.2,100,,,,,,,,,,,,,,,,,,
2026-06-29T18:37:14.948740+00:00,2026-06-30T04:37:14.942739,1,1,111.95,0.5,111.7,250,,,,,,,,,,,,,,,,,,,112.2,100,,,,,,,,,,,,,,,,,,
2026-06-29T18:37:15.003349+00:00,2026-06-30T04:37:14.998349,1,1,111.95,0.5,111.7,200,,,,,,,,,,,,,,,,,,,112.2,250,,,,,,,,,,,,,,,,,,
2026-06-29T18:37:15.938550+00:00,2026-06-30T04:37:15.931550,1,1,111.95,0.5,111.7,150,,,,,,,,,,,,,,,,,,,112.2,150,,,,,,,,,,,,,,,,,,
2026-06-29T18:37:16.015620+00:00,2026-06-30T04:37:16.004619,2,1,111.95,0.5,111.7,150,111.4,100,,,,,,,,,,,,,,,,,112.2,150,,,,,,,,,,,,,,,,,,
2026-06-29T18:37:16.059620+00:00,2026-06-30T04:37:16.056620,2,2,111.8,0.2,111.7,150,111.4,100,,,,,,,,,,,,,,,,,111.9,100,112.2,150,,,,,,,,,,,,,,,,
2026-06-29T18:37:16.070178+00:00,2026-06-30T04:37:16.064620,2,3,111.8,0.2,111.7,150,111.4,100,,,,,,,,,,,,,,,,,111.9,100,112.1,5,112.2,150,,,,,,,,,,,,,,
2026-06-29T18:37:16.862524+00:00,2026-06-30T04:37:16.859523,2,3,111.8,0.2,111.7,101,111.4,100,,,,,,,,,,,,,,,,,111.9,100,112.1,5,112.2,150,,,,,,,,,,,,,,
2026-06-29T18:37:17.060203+00:00,2026-06-30T04:37:17.052203,2,3,111.8,0.2,111.7,101,111.4,100,,,,,,,,,,,,,,,,,111.9,50,112.1,5,112.2,150,,,,,,,,,,,,,,
2026-06-29T18:37:17.334824+00:00,2026-06-30T04:37:17.332824,2,2,111.8,0.2,111.7,101,111.4,100,,,,,,,,,,,,,,,,,111.9,50,112.2,150,,,,,,,,,,,,,,,,
2026-06-29T18:37:18.060927+00:00,2026-06-30T04:37:18.054927,1,1,111.65,0.5,111.4,100,,,,,,,,,,,,,,,,,,,111.9,50,,,,,,,,,,,,,,,,,,
2026-06-29T18:37:18.115987+00:00,2026-06-30T04:37:18.107986,2,1,111.7,0.4,111.5,150,111.4,100,,,,,,,,,,,,,,,,,111.9,50,,,,,,,,,,,,,,,,,,
2026-06-29T18:37:18.171058+00:00,2026-06-30T04:37:18.160058,2,2,111.7,0.4,111.5,150,111.4,100,,,,,,,,,,,,,,,,,111.9,50,112.0,150,,,,,,,,,,,,,,,,
2026-06-29T18:37:19.080916+00:00,2026-06-30T04:37:19.069916,2,2,111.7,0.4,111.5,150,111.4,100,,,,,,,,,,,,,,,,,111.9,1,112.0,150,,,,,,,,,,,,,,,,
2026-06-29T18:37:19.113973+00:00,2026-06-30T04:37:19.112973,1,1,111.75,0.5,111.5,150,,,,,,,,,,,,,,,,,,,112.0,150,,,,,,,,,,,,,,,,,,
2026-06-29T18:37:19.169081+00:00,2026-06-30T04:37:19.165082,2,1,111.85,0.3,111.7,100,111.5,150,,,,,,,,,,,,,,,,,112.0,100,,,,,,,,,,,,,,,,,,
2026-06-29T18:37:19.224081+00:00,2026-06-30T04:37:19.218082,2,2,111.85,0.3,111.7,100,111.5,150,,,,,,,,,,,,,,,,,112.0,100,112.2,100,,,,,,,,,,,,,,,,
2026-06-29T18:37:21.224027+00:00,2026-06-30T04:37:21.217027,1,1,111.95,0.5,111.7,100,,,,,,,,,,,,,,,,,,,112.2,100,,,,,,,,,,,,,,,,,,
2026-06-29T18:37:21.268027+00:00,2026-06-30T04:37:21.266027,1,1,111.95,0.5,111.7,100,,,,,,,,,,,,,,,,,,,112.2,50,,,,,,,,,,,,,,,,,,
2026-06-29T18:37:21.279027+00:00,2026-06-30T04:37:21.269028,2,1,112.15,0.1,112.1,150,111.7,100,,,,,,,,,,,,,,,,,112.2,50,,,,,,,,,,,,,,,,,,
2026-06-29T18:37:21.323100+00:00,2026-06-30T04:37:21.320099,2,2,112.15,0.1,112.1,150,111.7,100,,,,,,,,,,,,,,,,,112.2,50,112.6,150,,,,,,,,,,,,,,,,
2026-06-29T18:37:22.279864+00:00,2026-06-30T04:37:22.274863,1,1,112.35,0.5,112.1,150,,,,,,,,,,,,,,,,,,,112.6,150,,,,,,,,,,,,,,,,,,
2026-06-29T18:37:22.334980+00:00,2026-06-30T04:37:22.327978,2,1,112.4,0.4,112.2,100,112.1,150,,,,,,,,,,,,,,,,,112.6,150,,,,,,,,,,,,,,,,,,
2026-06-29T18:37:22.390039+00:00,2026-06-30T04:37:22.383040,2,2,112.4,0.4,112.2,100,112.1,150,,,,,,,,,,,,,,,,,112.6,150,112.7,100,,,,,,,,,,,,,,,,
2026-06-29T18:37:23.556499+00:00,2026-06-30T04:37:23.549499,2,2,112.4,0.4,112.2,50,112.1,150,,,,,,,,,,,,,,,,,112.6,150,112.7,100,,,,,,,,,,,,,,,,
2026-06-29T18:37:24.381682+00:00,2026-06-30T04:37:24.374682,1,1,112.45,0.5,112.2,50,,,,,,,,,,,,,,,,,,,112.7,100,,,,,,,,,,,,,,,,,,
2026-06-29T18:37:24.436815+00:00,2026-06-30T04:37:24.428814,2,1,112.45,0.5,112.2,50,111.9,150,,,,,,,,,,,,,,,,,112.7,100,,,,,,,,,,,,,,,,,,
2026-06-29T18:37:24.502462+00:00,2026-06-30T04:37:24.501463,2,2,112.3,0.2,112.2,50,111.9,150,,,,,,,,,,,,,,,,,112.4,150,112.7,100,,,,,,,,,,,,,,,,
2026-06-29T18:37:24.546462+00:00,2026-06-30T04:37:24.537462,2,2,112.3,0.2,112.2,1,111.9,150,,,,,,,,,,,,,,,,,112.4,150,112.7,100,,,,,,,,,,,,,,,,
2026-06-29T18:37:25.445977+00:00,2026-06-30T04:37:25.434977,2,1,112.3,0.2,112.2,1,111.9,150,,,,,,,,,,,,,,,,,112.4,150,,,,,,,,,,,,,,,,,,
2026-06-29T18:37:25.456977+00:00,2026-06-30T04:37:25.446977,1,1,112.15,0.5,111.9,150,,,,,,,,,,,,,,,,,,,112.4,150,,,,,,,,,,,,,,,,,,
2026-06-29T18:37:25.489977+00:00,2026-06-30T04:37:25.488977,1,1,112.15,0.5,111.9,250,,,,,,,,,,,,,,,,,,,112.4,150,,,,,,,,,,,,,,,,,,
2026-06-29T18:37:25.545120+00:00,2026-06-30T04:37:25.541120,1,1,112.15,0.5,111.9,250,,,,,,,,,,,,,,,,,,,112.4,250,,,,,,,,,,,,,,,,,,
2026-06-29T18:37:27.557988+00:00,2026-06-30T04:37:27.556988,1,1,112.15,0.5,111.9,100,,,,,,,,,,,,,,,,,,,112.4,100,,,,,,,,,,,,,,,,,,
2026-06-29T18:37:27.591051+00:00,2026-06-30T04:37:27.583051,1,1,112.15,0.5,111.9,100,,,,,,,,,,,,,,,,,,,112.4,50,,,,,,,,,,,,,,,,,,
2026-06-29T18:37:27.613050+00:00,2026-06-30T04:37:27.609051,2,1,112.15,0.5,111.9,100,111.8,150,,,,,,,,,,,,,,,,,112.4,50,,,,,,,,,,,,,,,,,,
2026-06-29T18:37:27.668051+00:00,2026-06-30T04:37:27.663052,2,2,112.1,0.4,111.9,100,111.8,150,,,,,,,,,,,,,,,,,112.3,150,112.4,50,,,,,,,,,,,,,,,,
2026-06-29T18:37:28.602578+00:00,2026-06-30T04:37:28.596578,1,1,112.05,0.5,111.8,150,,,,,,,,,,,,,,,,,,,112.3,150,,,,,,,,,,,,,,,,,,
2026-06-29T18:37:28.657578+00:00,2026-06-30T04:37:28.650578,2,1,112.15,0.3,112.0,100,111.8,150,,,,,,,,,,,,,,,,,112.3,150,,,,,,,,,,,,,,,,,,
2026-06-29T18:37:28.734578+00:00,2026-06-30T04:37:28.725577,2,2,112.15,0.3,112.0,100,111.8,150,,,,,,,,,,,,,,,,,112.3,150,112.5,100,,,,,,,,,,,,,,,,
2026-06-29T18:37:29.579080+00:00,2026-06-30T04:37:29.576081,2,3,112.15,0.3,112.0,100,111.8,150,,,,,,,,,,,,,,,,,112.3,150,112.4,4,112.5,100,,,,,,,,,,,,,,
2026-06-29T18:37:30.292851+00:00,2026-06-30T04:37:30.290851,2,3,112.15,0.3,112.0,100,111.8,150,,,,,,,,,,,,,,,,,112.3,150,112.4,2,112.5,100,,,,,,,,,,,,,,
2026-06-29T18:37:30.722038+00:00,2026-06-30T04:37:30.717038,1,2,112.2,0.4,112.0,100,,,,,,,,,,,,,,,,,,,112.4,2,112.5,100,,,,,,,,,,,,,,,,
2026-06-29T18:37:30.733093+00:00,2026-06-30T04:37:30.722203,1,2,112.2,0.4,112.0,100,,,,,,,,,,,,,,,,,,,112.4,1,112.5,100,,,,,,,,,,,,,,,,
2026-06-29T18:37:30.777152+00:00,2026-06-30T04:37:30.770152,1,2,112.2,0.4,112.0,250,,,,,,,,,,,,,,,,,,,112.4,1,112.5,100,,,,,,,,,,,,,,,,
2026-06-29T18:37:30.832152+00:00,2026-06-30T04:37:30.822152,1,2,112.2,0.4,112.0,250,,,,,,,,,,,,,,,,,,,112.4,1,112.5,250,,,,,,,,,,,,,,,,
2026-06-29T18:37:30.876152+00:00,2026-06-30T04:37:30.873152,1,1,112.25,0.5,112.0,250,,,,,,,,,,,,,,,,,,,112.5,250,,,,,,,,,,,,,,,,,,
2026-06-29T18:37:31.800160+00:00,2026-06-30T04:37:31.790161,1,1,112.25,0.5,112.0,150,,,,,,,,,,,,,,,,,,,112.5,150,,,,,,,,,,,,,,,,,,
2026-06-29T18:37:31.844161+00:00,2026-06-30T04:37:31.840160,2,1,112.25,0.5,112.0,150,111.9,100,,,,,,,,,,,,,,,,,112.5,150,,,,,,,,,,,,,,,,,,
2026-06-29T18:37:31.855160+00:00,2026-06-30T04:37:31.852160,2,1,112.25,0.5,112.0,150,111.9,100,,,,,,,,,,,,,,,,,112.5,110,,,,,,,,,,,,,,,,,,
2026-06-29T18:37:31.866160+00:00,2026-06-30T04:37:31.864161,2,1,112.25,0.5,112.0,100,111.9,100,,,,,,,,,,,,,,,,,112.5,110,,,,,,,,,,,,,,,,,,
2026-06-29T18:37:31.899230+00:00,2026-06-30T04:37:31.894230,2,2,112.2,0.4,112.0,100,111.9,100,,,,,,,,,,,,,,,,,112.4,100,112.5,110,,,,,,,,,,,,,,,,
2026-06-29T18:37:32.317476+00:00,2026-06-30T04:37:32.313476,3,2,112.25,0.3,112.1,6,112.0,100,111.9,100,,,,,,,,,,,,,,,112.4,100,112.5,110,,,,,,,,,,,,,,,,
2026-06-29T18:37:32.647879+00:00,2026-06-30T04:37:32.639879,3,2,112.25,0.3,112.1,5,112.0,100,111.9,100,,,,,,,,,,,,,,,112.4,100,112.5,110,,,,,,,,,,,,,,,,
2026-06-29T18:37:33.374345+00:00,2026-06-30T04:37:33.364346,3,2,112.25,0.3,112.1,4,112.0,100,111.9,100,,,,,,,,,,,,,,,112.4,100,112.5,110,,,,,,,,,,,,,,,,
2026-06-29T18:37:33.693643+00:00,2026-06-30T04:37:33.691642,3,2,112.25,0.3,112.1,1,112.0,100,111.9,100,,,,,,,,,,,,,,,112.4,100,112.5,110,,,,,,,,,,,,,,,,
2026-06-29T18:37:33.880894+00:00,2026-06-30T04:37:33.877894,2,1,112.25,0.3,112.1,1,111.9,100,,,,,,,,,,,,,,,,,112.4,100,,,,,,,,,,,,,,,,,,
2026-06-29T18:37:33.935893+00:00,2026-06-30T04:37:33.929894,2,1,112.25,0.3,112.1,1,111.9,250,,,,,,,,,,,,,,,,,112.4,100,,,,,,,,,,,,,,,,,,
2026-06-29T18:37:33.946894+00:00,2026-06-30T04:37:33.940894,1,1,112.15,0.5,111.9,250,,,,,,,,,,,,,,,,,,,112.4,100,,,,,,,,,,,,,,,,,,
2026-06-29T18:37:33.990893+00:00,2026-06-30T04:37:33.981893,1,1,112.15,0.5,111.9,250,,,,,,,,,,,,,,,,,,,112.4,250,,,,,,,,,,,,,,,,,,
2026-06-29T18:37:34.957554+00:00,2026-06-30T04:37:34.949555,1,1,112.15,0.5,111.9,150,,,,,,,,,,,,,,,,,,,112.4,150,,,,,,,,,,,,,,,,,,
2026-06-29T18:37:35.012555+00:00,2026-06-30T04:37:35.001557,1,1,112.15,0.5,111.9,250,,,,,,,,,,,,,,,,,,,112.4,150,,,,,,,,,,,,,,,,,,
2026-06-29T18:37:35.056614+00:00,2026-06-30T04:37:35.054614,1,1,112.15,0.5,111.9,250,,,,,,,,,,,,,,,,,,,112.4,250,,,,,,,,,,,,,,,,,,
2026-06-29T18:37:35.516215+00:00,2026-06-30T04:37:35.509215,1,1,112.15,0.5,111.9,250,,,,,,,,,,,,,,,,,,,112.4,255,,,,,,,,,,,,,,,,,,
2026-06-29T18:37:36.032729+00:00,2026-06-30T04:37:36.022729,1,1,112.15,0.5,111.9,250,,,,,,,,,,,,,,,,,,,112.4,205,,,,,,,,,,,,,,,,,,
2026-06-29T18:37:36.834059+00:00,2026-06-30T04:37:36.825060,1,1,112.15,0.5,111.9,250,,,,,,,,,,,,,,,,,,,112.4,204,,,,,,,,,,,,,,,,,,
2026-06-29T18:37:37.043322+00:00,2026-06-30T04:37:37.038322,1,1,112.15,0.5,111.9,100,,,,,,,,,,,,,,,,,,,112.4,104,,,,,,,,,,,,,,,,,,
2026-06-29T18:37:37.098322+00:00,2026-06-30T04:37:37.091322,2,1,112.15,0.5,111.9,100,111.7,150,,,,,,,,,,,,,,,,,112.4,104,,,,,,,,,,,,,,,,,,
2026-06-29T18:37:37.153379+00:00,2026-06-30T04:37:37.145378,2,2,112.05,0.3,111.9,100,111.7,150,,,,,,,,,,,,,,,,,112.2,150,112.4,104,,,,,,,,,,,,,,,,
2026-06-29T18:37:37.416708+00:00,2026-06-30T04:37:37.408709,2,2,112.05,0.3,111.9,100,111.7,150,,,,,,,,,,,,,,,,,112.2,150,112.4,102,,,,,,,,,,,,,,,,
2026-06-29T18:37:37.678908+00:00,2026-06-30T04:37:37.672907,2,2,112.05,0.3,111.9,100,111.7,150,,,,,,,,,,,,,,,,,112.2,150,112.4,101,,,,,,,,,,,,,,,,
2026-06-29T18:37:38.119292+00:00,2026-06-30T04:37:38.111293,1,2,111.95,0.5,111.7,150,,,,,,,,,,,,,,,,,,,112.2,150,112.4,1,,,,,,,,,,,,,,,,
2026-06-29T18:37:38.174399+00:00,2026-06-30T04:37:38.166399,1,2,111.95,0.5,111.7,250,,,,,,,,,,,,,,,,,,,112.2,150,112.4,1,,,,,,,,,,,,,,,,
2026-06-29T18:37:38.229524+00:00,2026-06-30T04:37:38.218586,1,2,111.95,0.5,111.7,250,,,,,,,,,,,,,,,,,,,112.2,250,112.4,1,,,,,,,,,,,,,,,,
2026-06-29T18:37:39.966431+00:00,2026-06-30T04:37:39.958430,2,2,112.1,0.2,112.0,5,111.7,250,,,,,,,,,,,,,,,,,112.2,250,112.4,1,,,,,,,,,,,,,,,,
2026-06-29T18:37:40.208566+00:00,2026-06-30T04:37:40.200565,2,2,112.1,0.2,112.0,5,111.7,100,,,,,,,,,,,,,,,,,112.2,100,112.4,1,,,,,,,,,,,,,,,,
2026-06-29T18:37:40.252124+00:00,2026-06-30T04:37:40.241124,2,2,112.1,0.2,112.0,5,111.7,100,,,,,,,,,,,,,,,,,112.2,50,112.4,1,,,,,,,,,,,,,,,,
2026-06-29T18:37:40.263124+00:00,2026-06-30T04:37:40.253125,3,2,112.1,0.2,112.0,5,111.9,150,111.7,100,,,,,,,,,,,,,,,112.2,50,112.4,1,,,,,,,,,,,,,,,,
2026-06-29T18:37:40.307126+00:00,2026-06-30T04:37:40.306125,3,2,112.1,0.2,112.0,5,111.9,150,111.7,100,,,,,,,,,,,,,,,112.2,50,112.4,151,,,,,,,,,,,,,,,,
2026-06-29T18:37:40.560427+00:00,2026-06-30T04:37:40.554427,2,2,112.05,0.3,111.9,108,111.7,100,,,,,,,,,,,,,,,,,112.2,50,112.4,151,,,,,,,,,,,,,,,,
2026-06-29T18:37:41.286482+00:00,2026-06-30T04:37:41.276482,1,1,112.15,0.5,111.9,108,,,,,,,,,,,,,,,,,,,112.4,151,,,,,,,,,,,,,,,,,,
2026-06-29T18:37:41.330482+00:00,2026-06-30T04:37:41.327482,2,1,112.2,0.4,112.0,100,111.9,108,,,,,,,,,,,,,,,,,112.4,151,,,,,,,,,,,,,,,,,,
2026-06-29T18:37:41.385481+00:00,2026-06-30T04:37:41.381482,2,2,112.2,0.4,112.0,100,111.9,108,,,,,,,,,,,,,,,,,112.4,151,112.5,100,,,,,,,,,,,,,,,,
2026-06-29T18:37:42.352850+00:00,2026-06-30T04:37:42.347849,2,2,112.2,0.4,112.0,100,111.9,108,,,,,,,,,,,,,,,,,112.4,101,112.5,100,,,,,,,,,,,,,,,,
2026-06-29T18:37:43.297473+00:00,2026-06-30T04:37:43.291473,2,2,112.2,0.4,112.0,100,111.9,108,,,,,,,,,,,,,,,,,112.4,53,112.5,100,,,,,,,,,,,,,,,,
2026-06-29T18:37:43.363473+00:00,2026-06-30T04:37:43.361473,1,1,112.25,0.5,112.0,100,,,,,,,,,,,,,,,,,,,112.5,100,,,,,,,,,,,,,,,,,,
2026-06-29T18:37:43.418473+00:00,2026-06-30T04:37:43.415473,2,1,112.35,0.3,112.2,150,112.0,100,,,,,,,,,,,,,,,,,112.5,100,,,,,,,,,,,,,,,,,,
2026-06-29T18:37:43.473541+00:00,2026-06-30T04:37:43.470541,2,2,112.35,0.3,112.2,150,112.0,100,,,,,,,,,,,,,,,,,112.5,100,112.7,150,,,,,,,,,,,,,,,,
2026-06-29T18:37:44.441210+00:00,2026-06-30T04:37:44.438210,1,1,112.45,0.5,112.2,150,,,,,,,,,,,,,,,,,,,112.7,150,,,,,,,,,,,,,,,,,,
2026-06-29T18:37:44.496263+00:00,2026-06-30T04:37:44.495263,2,1,112.45,0.5,112.2,150,111.8,100,,,,,,,,,,,,,,,,,112.7,150,,,,,,,,,,,,,,,,,,
2026-06-29T18:37:44.551315+00:00,2026-06-30T04:37:44.548315,2,2,112.25,0.1,112.2,150,111.8,100,,,,,,,,,,,,,,,,,112.3,100,112.7,150,,,,,,,,,,,,,,,,
2026-06-29T18:37:45.497076+00:00,2026-06-30T04:37:45.494076,2,2,112.25,0.1,112.2,104,111.8,100,,,,,,,,,,,,,,,,,112.3,100,112.7,150,,,,,,,,,,,,,,,,
2026-06-29T18:37:45.849342+00:00,2026-06-30T04:37:45.843342,2,2,112.25,0.1,112.2,104,111.8,100,,,,,,,,,,,,,,,,,112.3,104,112.7,150,,,,,,,,,,,,,,,,
2026-06-29T18:37:46.058465+00:00,2026-06-30T04:37:46.053465,3,2,112.25,0.1,112.2,104,112.0,1,111.8,100,,,,,,,,,,,,,,,112.3,104,112.7,150,,,,,,,,,,,,,,,,
2026-06-29T18:37:46.531355+00:00,2026-06-30T04:37:46.523356,2,1,112.15,0.3,112.0,1,111.8,100,,,,,,,,,,,,,,,,,112.3,104,,,,,,,,,,,,,,,,,,
2026-06-29T18:37:46.586355+00:00,2026-06-30T04:37:46.576356,2,1,112.15,0.3,112.0,151,111.8,100,,,,,,,,,,,,,,,,,112.3,104,,,,,,,,,,,,,,,,,,
2026-06-29T18:37:46.629929+00:00,2026-06-30T04:37:46.628929,2,2,112.15,0.3,112.0,151,111.8,100,,,,,,,,,,,,,,,,,112.3,104,112.5,150,,,,,,,,,,,,,,,,
2026-06-29T18:37:46.651929+00:00,2026-06-30T04:37:46.644929,2,2,112.15,0.3,112.0,101,111.8,100,,,,,,,,,,,,,,,,,112.3,104,112.5,150,,,,,,,,,,,,,,,,
2026-06-29T18:37:46.904993+00:00,2026-06-30T04:37:46.895993,2,2,112.15,0.3,112.0,103,111.8,100,,,,,,,,,,,,,,,,,112.3,104,112.5,150,,,,,,,,,,,,,,,,
2026-06-29T18:37:47.608597+00:00,2026-06-30T04:37:47.603597,1,2,112.15,0.3,112.0,103,,,,,,,,,,,,,,,,,,,112.3,4,112.5,150,,,,,,,,,,,,,,,,
2026-06-29T18:37:47.641174+00:00,2026-06-30T04:37:47.634174,1,2,112.15,0.3,112.0,102,,,,,,,,,,,,,,,,,,,112.3,4,112.5,150,,,,,,,,,,,,,,,,
2026-06-29T18:37:47.663174+00:00,2026-06-30T04:37:47.657174,2,2,112.2,0.2,112.1,100,112.0,102,,,,,,,,,,,,,,,,,112.3,4,112.5,150,,,,,,,,,,,,,,,,
2026-06-29T18:37:47.718174+00:00,2026-06-30T04:37:47.710175,2,3,112.2,0.2,112.1,100,112.0,102,,,,,,,,,,,,,,,,,112.3,4,112.5,150,112.6,100,,,,,,,,,,,,,,
2026-06-29T18:37:48.026469+00:00,2026-06-30T04:37:48.025470,2,3,112.2,0.2,112.1,100,112.0,101,,,,,,,,,,,,,,,,,112.3,4,112.5,150,112.6,100,,,,,,,,,,,,,,
2026-06-29T18:37:48.774843+00:00,2026-06-30T04:37:48.771843,2,3,112.2,0.2,112.1,50,112.0,101,,,,,,,,,,,,,,,,,112.3,4,112.5,150,112.6,100,,,,,,,,,,,,,,
2026-06-29T18:37:49.686812+00:00,2026-06-30T04:37:49.683812,1,2,112.2,0.2,112.1,50,,,,,,,,,,,,,,,,,,,112.3,4,112.6,100,,,,,,,,,,,,,,,,
2026-06-29T18:37:49.741975+00:00,2026-06-30T04:37:49.736976,2,2,112.2,0.2,112.1,50,111.7,150,,,,,,,,,,,,,,,,,112.3,4,112.6,100,,,,,,,,,,,,,,,,
2026-06-29T18:37:49.797031+00:00,2026-06-30T04:37:49.790030,2,3,112.15,0.1,112.1,50,111.7,150,,,,,,,,,,,,,,,,,112.2,150,112.3,4,112.6,100,,,,,,,,,,,,,,
2026-06-29T18:37:49.840596+00:00,2026-06-30T04:37:49.839596,2,3,112.15,0.1,112.1,50,111.7,150,,,,,,,,,,,,,,,,,112.2,101,112.3,4,112.6,100,,,,,,,,,,,,,,
2026-06-29T18:37:50.775244+00:00,2026-06-30T04:37:50.766243,1,2,111.95,0.5,111.7,150,,,,,,,,,,,,,,,,,,,112.2,101,112.3,4,,,,,,,,,,,,,,,,
2026-06-29T18:37:50.829812+00:00,2026-06-30T04:37:50.826812,1,2,111.95,0.5,111.7,250,,,,,,,,,,,,,,,,,,,112.2,51,112.3,4,,,,,,,,,,,,,,,,
2026-06-29T18:37:50.873869+00:00,2026-06-30T04:37:50.870870,1,2,111.95,0.5,111.7,250,,,,,,,,,,,,,,,,,,,112.2,151,112.3,4,,,,,,,,,,,,,,,,
2026-06-29T18:37:52.488933+00:00,2026-06-30T04:37:52.482934,1,2,111.95,0.5,111.7,250,,,,,,,,,,,,,,,,,,,112.2,102,112.3,4,,,,,,,,,,,,,,,,
2026-06-29T18:37:52.851573+00:00,2026-06-30T04:37:52.843513,1,2,111.95,0.5,111.7,100,,,,,,,,,,,,,,,,,,,112.2,100,112.3,4,,,,,,,,,,,,,,,,
2026-06-29T18:37:52.906573+00:00,2026-06-30T04:37:52.901573,2,0,,,112.4,46,111.7,100,,,,,,,,,,,,,,,,,,,,,,,,,,,,,,,,,,,,
2026-06-29T18:37:52.961143+00:00,2026-06-30T04:37:52.950142,2,1,112.65,0.5,112.4,46,111.7,100,,,,,,,,,,,,,,,,,112.9,150,,,,,,,,,,,,,,,,,,
2026-06-29T18:37:53.005142+00:00,2026-06-30T04:37:52.998143,1,1,112.3,1.2,111.7,100,,,,,,,,,,,,,,,,,,,112.9,150,,,,,,,,,,,,,,,,,,
2026-06-29T18:37:53.929331+00:00,2026-06-30T04:37:53.924330,0,1,,,,,,,,,,,,,,,,,,,,,,,112.9,150,,,,,,,,,,,,,,,,,,
2026-06-29T18:37:53.984329+00:00,2026-06-30T04:37:53.983330,1,1,112.5,0.8,112.1,100,,,,,,,,,,,,,,,,,,,112.9,150,,,,,,,,,,,,,,,,,,
2026-06-29T18:37:54.050329+00:00,2026-06-30T04:37:54.042329,1,2,112.35,0.5,112.1,100,,,,,,,,,,,,,,,,,,,112.6,100,112.9,150,,,,,,,,,,,,,,,,
2026-06-29T18:37:55.051585+00:00,2026-06-30T04:37:55.044585,1,2,112.35,0.5,112.1,100,,,,,,,,,,,,,,,,,,,112.6,50,112.9,150,,,,,,,,,,,,,,,,
2026-06-29T18:37:56.008418+00:00,2026-06-30T04:37:56.004418,1,1,112.35,0.5,112.1,100,,,,,,,,,,,,,,,,,,,112.6,50,,,,,,,,,,,,,,,,,,
2026-06-29T18:37:56.062988+00:00,2026-06-30T04:37:56.057986,2,1,112.35,0.5,112.1,100,111.5,150,,,,,,,,,,,,,,,,,112.6,50,,,,,,,,,,,,,,,,,,
2026-06-29T18:37:56.117521+00:00,2026-06-30T04:37:56.113520,1,2,111.75,0.5,111.5,150,,,,,,,,,,,,,,,,,,,112.0,50,112.6,50,,,,,,,,,,,,,,,,
2026-06-29T18:37:56.788811+00:00,2026-06-30T04:37:56.786811,1,3,111.75,0.5,111.5,150,,,,,,,,,,,,,,,,,,,112.0,50,112.4,5,112.6,50,,,,,,,,,,,,,,
2026-06-29T18:37:57.085938+00:00,2026-06-30T04:37:57.083937,1,2,111.75,0.5,111.5,150,,,,,,,,,,,,,,,,,,,112.0,50,112.4,5,,,,,,,,,,,,,,,,
2026-06-29T18:37:57.141005+00:00,2026-06-30T04:37:57.136004,2,2,111.85,0.3,111.7,100,111.5,150,,,,,,,,,,,,,,,,,112.0,50,112.4,5,,,,,,,,,,,,,,,,
2026-06-29T18:37:57.163084+00:00,2026-06-30T04:37:57.158082,2,1,112.05,0.7,111.7,100,111.5,150,,,,,,,,,,,,,,,,,112.4,5,,,,,,,,,,,,,,,,,,
2026-06-29T18:37:57.218084+00:00,2026-06-30T04:37:57.210083,2,2,111.95,0.5,111.7,100,111.5,150,,,,,,,,,,,,,,,,,112.2,100,112.4,5,,,,,,,,,,,,,,,,
2026-06-29T18:37:58.516259+00:00,2026-06-30T04:37:58.513259,2,2,111.95,0.5,111.7,100,111.5,150,,,,,,,,,,,,,,,,,112.2,60,112.4,5,,,,,,,,,,,,,,,,
2026-06-29T18:37:59.175657+00:00,2026-06-30T04:37:59.169658,1,2,111.95,0.5,111.7,100,,,,,,,,,,,,,,,,,,,112.2,60,112.4,5,,,,,,,,,,,,,,,,
2026-06-29T18:37:59.230719+00:00,2026-06-30T04:37:59.225720,2,1,112.35,0.1,112.3,90,111.7,100,,,,,,,,,,,,,,,,,112.4,5,,,,,,,,,,,,,,,,,,
2026-06-29T18:37:59.274778+00:00,2026-06-30T04:37:59.273778,2,0,,,112.3,90,111.7,100,,,,,,,,,,,,,,,,,,,,,,,,,,,,,,,,,,,,
2026-06-29T18:37:59.285778+00:00,2026-06-30T04:37:59.276777,2,1,112.55,0.5,112.3,90,111.7,100,,,,,,,,,,,,,,,,,112.8,150,,,,,,,,,,,,,,,,,,
2026-06-29T18:37:59.605027+00:00,2026-06-30T04:37:59.599028,2,1,112.55,0.5,112.3,41,111.7,100,,,,,,,,,,,,,,,,,112.8,150,,,,,,,,,,,,,,,,,,
2026-06-29T18:37:59.736380+00:00,2026-06-30T04:37:59.731379,2,1,112.55,0.5,112.3,16,111.7,100,,,,,,,,,,,,,,,,,112.8,150,,,,,,,,,,,,,,,,,,
2026-06-29T18:37:59.758379+00:00,2026-06-30T04:37:59.749379,1,1,112.25,1.1,111.7,100,,,,,,,,,,,,,,,,,,,112.8,150,,,,,,,,,,,,,,,,,,
2026-06-29T18:37:59.956492+00:00,2026-06-30T04:37:59.951492,2,2,112.15,0.3,112.0,1,111.7,100,,,,,,,,,,,,,,,,,112.3,5,112.8,150,,,,,,,,,,,,,,,,
2026-06-29T18:38:00.176871+00:00,2026-06-30T04:38:00.173871,1,2,112.0,0.6,111.7,60,,,,,,,,,,,,,,,,,,,112.3,5,112.8,150,,,,,,,,,,,,,,,,
2026-06-29T18:38:00.264930+00:00,2026-06-30T04:38:00.262930,0,2,,,,,,,,,,,,,,,,,,,,,,,112.3,5,112.8,150,,,,,,,,,,,,,,,,
2026-06-29T18:38:00.319991+00:00,2026-06-30T04:38:00.314990,1,2,112.1,0.4,111.9,100,,,,,,,,,,,,,,,,,,,112.3,5,112.8,150,,,,,,,,,,,,,,,,
2026-06-29T18:38:00.374990+00:00,2026-06-30T04:38:00.368990,1,3,112.1,0.4,111.9,100,,,,,,,,,,,,,,,,,,,112.3,5,112.4,100,112.8,150,,,,,,,,,,,,,,
2026-06-29T18:38:01.396820+00:00,2026-06-30T04:38:01.387819,1,2,112.15,0.5,111.9,100,,,,,,,,,,,,,,,,,,,112.4,55,112.8,150,,,,,,,,,,,,,,,,
2026-06-29T18:38:01.881293+00:00,2026-06-30T04:38:01.878292,1,3,112.1,0.4,111.9,100,,,,,,,,,,,,,,,,,,,112.3,5,112.4,55,112.8,150,,,,,,,,,,,,,,
2026-06-29T18:38:02.331593+00:00,2026-06-30T04:38:02.329593,1,2,112.1,0.4,111.9,100,,,,,,,,,,,,,,,,,,,112.3,5,112.4,55,,,,,,,,,,,,,,,,
2026-06-29T18:38:02.342592+00:00,2026-06-30T04:38:02.334593,2,2,112.15,0.3,112.0,1,111.9,100,,,,,,,,,,,,,,,,,112.3,5,112.4,55,,,,,,,,,,,,,,,,
2026-06-29T18:38:02.386593+00:00,2026-06-30T04:38:02.382593,3,2,112.15,0.3,112.0,1,111.9,100,111.4,150,,,,,,,,,,,,,,,112.3,5,112.4,55,,,,,,,,,,,,,,,,
2026-06-29T18:38:02.441593+00:00,2026-06-30T04:38:02.438593,1,3,111.65,0.5,111.4,150,,,,,,,,,,,,,,,,,,,111.9,49,112.3,5,112.4,55,,,,,,,,,,,,,,
2026-06-29T18:38:02.562775+00:00,2026-06-30T04:38:02.553775,1,3,111.65,0.5,111.4,150,,,,,,,,,,,,,,,,,,,111.9,24,112.3,5,112.4,55,,,,,,,,,,,,,,
2026-06-29T18:38:02.595775+00:00,2026-06-30T04:38:02.591775,1,3,111.65,0.5,111.4,150,,,,,,,,,,,,,,,,,,,111.9,8,112.3,5,112.4,55,,,,,,,,,,,,,,
2026-06-29T18:38:02.903044+00:00,2026-06-30T04:38:02.893046,1,3,111.65,0.5,111.4,150,,,,,,,,,,,,,,,,,,,111.9,7,112.3,5,112.4,55,,,,,,,,,,,,,,
2026-06-29T18:38:03.188710+00:00,2026-06-30T04:38:03.179710,1,3,111.65,0.5,111.4,150,,,,,,,,,,,,,,,,,,,111.9,7,112.3,4,112.4,55,,,,,,,,,,,,,,
2026-06-29T18:38:03.441821+00:00,2026-06-30T04:38:03.438822,1,0,,,111.4,150,,,,,,,,,,,,,,,,,,,,,,,,,,,,,,,,,,,,,,
2026-06-29T18:38:03.496821+00:00,2026-06-30T04:38:03.488821,1,0,,,111.4,250,,,,,,,,,,,,,,,,,,,,,,,,,,,,,,,,,,,,,,
2026-06-29T18:38:03.540887+00:00,2026-06-30T04:38:03.538886,1,1,111.65,0.5,111.4,250,,,,,,,,,,,,,,,,,,,111.9,100,,,,,,,,,,,,,,,,,,
2026-06-29T18:38:04.124191+00:00,2026-06-30T04:38:04.114192,1,1,111.65,0.5,111.4,250,,,,,,,,,,,,,,,,,,,111.9,59,,,,,,,,,,,,,,,,,,
2026-06-29T18:38:04.223253+00:00,2026-06-30T04:38:04.213191,1,2,111.65,0.5,111.4,250,,,,,,,,,,,,,,,,,,,111.9,59,112.3,4,,,,,,,,,,,,,,,,
2026-06-29T18:38:05.222428+00:00,2026-06-30T04:38:05.220429,1,2,111.65,0.5,111.4,250,,,,,,,,,,,,,,,,,,,111.9,58,112.3,4,,,,,,,,,,,,,,,,
2026-06-29T18:38:05.497799+00:00,2026-06-30T04:38:05.492799,1,2,111.65,0.5,111.4,100,,,,,,,,,,,,,,,,,,,111.9,58,112.3,4,,,,,,,,,,,,,,,,
2026-06-29T18:38:05.563799+00:00,2026-06-30T04:38:05.554799,2,1,112.2,0.2,112.1,92,111.4,100,,,,,,,,,,,,,,,,,112.3,4,,,,,,,,,,,,,,,,,,
2026-06-29T18:38:05.618799+00:00,2026-06-30T04:38:05.613800,2,2,112.2,0.2,112.1,92,111.4,100,,,,,,,,,,,,,,,,,112.3,4,112.6,150,,,,,,,,,,,,,,,,
2026-06-29T18:38:05.651863+00:00,2026-06-30T04:38:05.649864,2,2,112.2,0.2,112.1,48,111.4,100,,,,,,,,,,,,,,,,,112.3,4,112.6,150,,,,,,,,,,,,,,,,
2026-06-29T18:38:05.772916+00:00,2026-06-30T04:38:05.763863,2,2,112.2,0.2,112.1,23,111.4,100,,,,,,,,,,,,,,,,,112.3,4,112.6,150,,,,,,,,,,,,,,,,
2026-06-29T18:38:05.816916+00:00,2026-06-30T04:38:05.810917,1,2,111.85,0.9,111.4,100,,,,,,,,,,,,,,,,,,,112.3,4,112.6,150,,,,,,,,,,,,,,,,
2026-06-29T18:38:06.190671+00:00,2026-06-30T04:38:06.179671,2,2,112.1,0.4,111.9,1,111.4,100,,,,,,,,,,,,,,,,,112.3,4,112.6,150,,,,,,,,,,,,,,,,
2026-06-29T18:38:06.598061+00:00,2026-06-30T04:38:06.596061,1,2,112.1,0.4,111.9,1,,,,,,,,,,,,,,,,,,,112.3,4,112.6,150,,,,,,,,,,,,,,,,
2026-06-29T18:38:06.653061+00:00,2026-06-30T04:38:06.650062,1,2,112.1,0.4,111.9,101,,,,,,,,,,,,,,,,,,,112.3,4,112.6,150,,,,,,,,,,,,,,,,
2026-06-29T18:38:06.708062+00:00,2026-06-30T04:38:06.704062,1,3,112.1,0.4,111.9,101,,,,,,,,,,,,,,,,,,,112.3,4,112.4,100,112.6,150,,,,,,,,,,,,,,
2026-06-29T18:38:07.717706+00:00,2026-06-30T04:38:07.711706,1,2,112.15,0.5,111.9,101,,,,,,,,,,,,,,,,,,,112.4,100,112.6,150,,,,,,,,,,,,,,,,
2026-06-29T18:38:08.685870+00:00,2026-06-30T04:38:08.683870,1,1,112.15,0.5,111.9,101,,,,,,,,,,,,,,,,,,,112.4,100,,,,,,,,,,,,,,,,,,
2026-06-29T18:38:08.740933+00:00,2026-06-30T04:38:08.737870,2,1,112.15,0.5,111.9,101,111.2,150,,,,,,,,,,,,,,,,,112.4,100,,,,,,,,,,,,,,,,,,
2026-06-29T18:38:08.795996+00:00,2026-06-30T04:38:08.793996,1,2,111.45,0.5,111.2,150,,,,,,,,,,,,,,,,,,,111.7,49,112.4,100,,,,,,,,,,,,,,,,
2026-06-29T18:38:08.829051+00:00,2026-06-30T04:38:08.821051,1,2,111.45,0.5,111.2,150,,,,,,,,,,,,,,,,,,,111.7,46,112.4,100,,,,,,,,,,,,,,,,
2026-06-29T18:38:08.840051+00:00,2026-06-30T04:38:08.831051,1,2,111.45,0.5,111.2,150,,,,,,,,,,,,,,,,,,,111.7,23,112.4,100,,,,,,,,,,,,,,,,
2026-06-29T18:38:08.994051+00:00,2026-06-30T04:38:08.984051,1,1,111.8,1.2,111.2,150,,,,,,,,,,,,,,,,,,,112.4,100,,,,,,,,,,,,,,,,,,
2026-06-29T18:38:09.214124+00:00,2026-06-30T04:38:09.208124,2,1,112.15,0.5,111.9,3,111.2,150,,,,,,,,,,,,,,,,,112.4,100,,,,,,,,,,,,,,,,,,
2026-06-29T18:38:09.291185+00:00,2026-06-30T04:38:09.286185,2,2,112.05,0.3,111.9,3,111.2,150,,,,,,,,,,,,,,,,,112.2,3,112.4,100,,,,,,,,,,,,,,,,
2026-06-29T18:38:09.346258+00:00,2026-06-30T04:38:09.342258,1,2,111.7,1.0,111.2,150,,,,,,,,,,,,,,,,,,,112.2,3,112.4,100,,,,,,,,,,,,,,,,
2026-06-29T18:38:09.555368+00:00,2026-06-30T04:38:09.546367,2,2,112.05,0.3,111.9,3,111.2,150,,,,,,,,,,,,,,,,,112.2,3,112.4,100,,,,,,,,,,,,,,,,
2026-06-29T18:38:09.763954+00:00,2026-06-30T04:38:09.755954,2,1,112.05,0.3,111.9,3,111.2,150,,,,,,,,,,,,,,,,,112.2,3,,,,,,,,,,,,,,,,,,
2026-06-29T18:38:09.796954+00:00,2026-06-30T04:38:09.787954,1,1,111.7,1.0,111.2,150,,,,,,,,,,,,,,,,,,,112.2,3,,,,,,,,,,,,,,,,,,
2026-06-29T18:38:09.818955+00:00,2026-06-30T04:38:09.807955,2,1,111.75,0.9,111.3,100,111.2,150,,,,,,,,,,,,,,,,,112.2,3,,,,,,,,,,,,,,,,,,
2026-06-29T18:38:09.862954+00:00,2026-06-30T04:38:09.859954,2,2,111.55,0.5,111.3,100,111.2,150,,,,,,,,,,,,,,,,,111.8,100,112.2,3,,,,,,,,,,,,,,,,
2026-06-29T18:38:10.279998+00:00,2026-06-30T04:38:10.276998,2,2,111.55,0.5,111.3,100,111.2,150,,,,,,,,,,,,,,,,,111.8,97,112.2,3,,,,,,,,,,,,,,,,
2026-06-29T18:38:11.851721+00:00,2026-06-30T04:38:11.849721,1,2,111.55,0.5,111.3,100,,,,,,,,,,,,,,,,,,,111.8,97,112.2,3,,,,,,,,,,,,,,,,
2026-06-29T18:38:11.906721+00:00,2026-06-30T04:38:11.905721,2,1,112.0,0.4,111.8,53,111.3,100,,,,,,,,,,,,,,,,,112.2,3,,,,,,,,,,,,,,,,,,
2026-06-29T18:38:11.961721+00:00,2026-06-30T04:38:11.959721,2,2,112.0,0.4,111.8,53,111.3,100,,,,,,,,,,,,,,,,,112.2,3,112.3,150,,,,,,,,,,,,,,,,
2026-06-29T18:38:12.005791+00:00,2026-06-30T04:38:11.996791,2,2,112.0,0.4,111.8,3,111.3,100,,,,,,,,,,,,,,,,,112.2,3,112.3,150,,,,,,,,,,,,,,,,
2026-06-29T18:38:12.941779+00:00,2026-06-30T04:38:12.931022,1,2,112.0,0.4,111.8,3,,,,,,,,,,,,,,,,,,,112.2,3,112.3,150,,,,,,,,,,,,,,,,
2026-06-29T18:38:12.985857+00:00,2026-06-30T04:38:12.981857,2,2,112.1,0.2,112.0,100,111.8,3,,,,,,,,,,,,,,,,,112.2,3,112.3,150,,,,,,,,,,,,,,,,
2026-06-29T18:38:13.007857+00:00,2026-06-30T04:38:13.003858,2,2,112.1,0.2,112.0,75,111.8,3,,,,,,,,,,,,,,,,,112.2,3,112.3,150,,,,,,,,,,,,,,,,
2026-06-29T18:38:13.040858+00:00,2026-06-30T04:38:13.033858,2,3,112.1,0.2,112.0,75,111.8,3,,,,,,,,,,,,,,,,,112.2,3,112.3,150,112.5,100,,,,,,,,,,,,,,
2026-06-29T18:38:13.051857+00:00,2026-06-30T04:38:13.040858,2,3,112.1,0.2,112.0,50,111.8,3,,,,,,,,,,,,,,,,,112.2,3,112.3,150,112.5,100,,,,,,,,,,,,,,
2026-06-29T18:38:13.216912+00:00,2026-06-30T04:38:13.212912,2,3,112.1,0.2,112.0,26,111.8,3,,,,,,,,,,,,,,,,,112.2,3,112.3,150,112.5,100,,,,,,,,,,,,,,
2026-06-29T18:38:13.624341+00:00,2026-06-30T04:38:13.623342,2,3,112.1,0.2,112.0,1,111.8,3,,,,,,,,,,,,,,,,,112.2,3,112.3,150,112.5,100,,,,,,,,,,,,,,
2026-06-29T18:38:13.657341+00:00,2026-06-30T04:38:13.650341,1,3,112.0,0.4,111.8,3,,,,,,,,,,,,,,,,,,,112.2,3,112.3,150,112.5,100,,,,,,,,,,,,,,
2026-06-29T18:38:13.668341+00:00,2026-06-30T04:38:13.660341,1,3,112.0,0.4,111.8,1,,,,,,,,,,,,,,,,,,,112.2,3,112.3,150,112.5,100,,,,,,,,,,,,,,
2026-06-29T18:38:13.876613+00:00,2026-06-30T04:38:13.869612,0,3,,,,,,,,,,,,,,,,,,,,,,,112.2,3,112.3,150,112.5,100,,,,,,,,,,,,,,
2026-06-29T18:38:14.909418+00:00,2026-06-30T04:38:14.903419,1,3,112.0,0.4,111.8,3,,,,,,,,,,,,,,,,,,,112.2,3,112.3,150,112.5,100,,,,,,,,,,,,,,
2026-06-29T18:38:14.942504+00:00,2026-06-30T04:38:14.941503,0,3,,,,,,,,,,,,,,,,,,,,,,,112.2,3,112.3,150,112.5,100,,,,,,,,,,,,,,
2026-06-29T18:38:14.953504+00:00,2026-06-30T04:38:14.943504,0,2,,,,,,,,,,,,,,,,,,,,,,,112.3,150,112.5,100,,,,,,,,,,,,,,,,
2026-06-29T18:38:15.019640+00:00,2026-06-30T04:38:15.015639,0,1,,,,,,,,,,,,,,,,,,,,,,,112.5,100,,,,,,,,,,,,,,,,,,
2026-06-29T18:38:15.074696+00:00,2026-06-30T04:38:15.068696,1,1,111.85,1.3,111.2,150,,,,,,,,,,,,,,,,,,,112.5,100,,,,,,,,,,,,,,,,,,
2026-06-29T18:38:15.129696+00:00,2026-06-30T04:38:15.120696,1,2,111.45,0.5,111.2,150,,,,,,,,,,,,,,,,,,,111.7,150,112.5,100,,,,,,,,,,,,,,,,
2026-06-29T18:38:15.250863+00:00,2026-06-30T04:38:15.242863,1,2,111.45,0.5,111.2,150,,,,,,,,,,,,,,,,,,,111.7,125,112.5,100,,,,,,,,,,,,,,,,
2026-06-29T18:38:15.317047+00:00,2026-06-30T04:38:15.315047,1,2,111.45,0.5,111.2,150,,,,,,,,,,,,,,,,,,,111.7,100,112.5,100,,,,,,,,,,,,,,,,
2026-06-29T18:38:15.460099+00:00,2026-06-30T04:38:15.450099,1,2,111.45,0.5,111.2,150,,,,,,,,,,,,,,,,,,,111.7,75,112.5,100,,,,,,,,,,,,,,,,
2026-06-29T18:38:15.493099+00:00,2026-06-30T04:38:15.492099,1,3,111.45,0.5,111.2,150,,,,,,,,,,,,,,,,,,,111.7,72,112.0,4,112.5,100,,,,,,,,,,,,,,
2026-06-29T18:38:15.559099+00:00,2026-06-30T04:38:15.555099,1,3,111.45,0.5,111.2,150,,,,,,,,,,,,,,,,,,,111.7,68,112.0,4,112.5,100,,,,,,,,,,,,,,
2026-06-29T18:38:15.669099+00:00,2026-06-30T04:38:15.663099,1,3,111.45,0.5,111.2,150,,,,,,,,,,,,,,,,,,,111.7,43,112.0,4,112.5,100,,,,,,,,,,,,,,
2026-06-29T18:38:16.098022+00:00,2026-06-30T04:38:16.087147,1,2,111.45,0.5,111.2,150,,,,,,,,,,,,,,,,,,,111.7,43,112.0,4,,,,,,,,,,,,,,,,
2026-06-29T18:38:16.142022+00:00,2026-06-30T04:38:16.141022,2,2,111.6,0.2,111.5,100,111.2,150,,,,,,,,,,,,,,,,,111.7,43,112.0,4,,,,,,,,,,,,,,,,
2026-06-29T18:38:16.197097+00:00,2026-06-30T04:38:16.192097,2,2,111.6,0.2,111.5,100,111.2,150,,,,,,,,,,,,,,,,,111.7,43,112.0,104,,,,,,,,,,,,,,,,
2026-06-29T18:38:16.208097+00:00,2026-06-30T04:38:16.207097,2,2,111.6,0.2,111.5,50,111.2,150,,,,,,,,,,,,,,,,,111.7,43,112.0,104,,,,,,,,,,,,,,,,
2026-06-29T18:38:16.503944+00:00,2026-06-30T04:38:16.494944,2,2,111.6,0.2,111.5,50,111.2,150,,,,,,,,,,,,,,,,,111.7,43,112.0,103,,,,,,,,,,,,,,,,
2026-06-29T18:38:17.526931+00:00,2026-06-30T04:38:17.523931,2,2,111.6,0.2,111.5,50,111.2,150,,,,,,,,,,,,,,,,,111.7,43,112.0,102,,,,,,,,,,,,,,,,
2026-06-29T18:38:18.176488+00:00,2026-06-30T04:38:18.175487,2,1,111.75,0.5,111.5,50,111.2,150,,,,,,,,,,,,,,,,,112.0,102,,,,,,,,,,,,,,,,,,
2026-06-29T18:38:18.187487+00:00,2026-06-30T04:38:18.180487,1,1,111.75,0.5,111.5,50,,,,,,,,,,,,,,,,,,,112.0,102,,,,,,,,,,,,,,,,,,
2026-06-29T18:38:18.242487+00:00,2026-06-30T04:38:18.233487,1,1,111.75,0.5,111.5,200,,,,,,,,,,,,,,,,,,,112.0,102,,,,,,,,,,,,,,,,,,
2026-06-29T18:38:18.286608+00:00,2026-06-30T04:38:18.285608,1,1,111.75,0.5,111.5,200,,,,,,,,,,,,,,,,,,,112.0,252,,,,,,,,,,,,,,,,,,
2026-06-29T18:38:18.319124+00:00,2026-06-30T04:38:18.314124,1,1,111.75,0.5,111.5,150,,,,,,,,,,,,,,,,,,,112.0,252,,,,,,,,,,,,,,,,,,
2026-06-29T18:38:18.550314+00:00,2026-06-30T04:38:18.544314,2,1,111.85,0.3,111.7,5,111.5,150,,,,,,,,,,,,,,,,,112.0,252,,,,,,,,,,,,,,,,,,
2026-06-29T18:38:18.561379+00:00,2026-06-30T04:38:18.557378,1,1,111.75,0.5,111.5,150,,,,,,,,,,,,,,,,,,,112.0,252,,,,,,,,,,,,,,,,,,
2026-06-29T18:38:18.770002+00:00,2026-06-30T04:38:18.759001,2,1,111.8,0.4,111.6,5,111.5,150,,,,,,,,,,,,,,,,,112.0,252,,,,,,,,,,,,,,,,,,
2026-06-29T18:38:18.781001+00:00,2026-06-30T04:38:18.775001,2,1,111.8,0.4,111.6,5,111.5,150,,,,,,,,,,,,,,,,,112.0,210,,,,,,,,,,,,,,,,,,
2026-06-29T18:38:19.254460+00:00,2026-06-30T04:38:19.247460,2,1,111.8,0.4,111.6,5,111.5,150,,,,,,,,,,,,,,,,,112.0,150,,,,,,,,,,,,,,,,,,
2026-06-29T18:38:19.309460+00:00,2026-06-30T04:38:19.299461,3,1,111.8,0.4,111.6,5,111.5,150,111.2,100,,,,,,,,,,,,,,,112.0,150,,,,,,,,,,,,,,,,,,
2026-06-29T18:38:19.364523+00:00,2026-06-30T04:38:19.353522,3,2,111.65,0.1,111.6,5,111.5,150,111.2,100,,,,,,,,,,,,,,,111.7,100,112.0,150,,,,,,,,,,,,,,,,
2026-06-29T18:38:19.901121+00:00,2026-06-30T04:38:19.899121,3,3,111.65,0.1,111.6,5,111.5,150,111.2,100,,,,,,,,,,,,,,,111.7,100,111.9,2,112.0,150,,,,,,,,,,,,,,
2026-06-29T18:38:20.429669+00:00,2026-06-30T04:38:20.427668,2,3,111.6,0.2,111.5,105,111.2,100,,,,,,,,,,,,,,,,,111.7,100,111.9,2,112.0,150,,,,,,,,,,,,,,
2026-06-29T18:38:21.067332+00:00,2026-06-30T04:38:21.061332,3,3,111.65,0.1,111.6,5,111.5,105,111.2,100,,,,,,,,,,,,,,,111.7,100,111.9,2,112.0,150,,,,,,,,,,,,,,
2026-06-29T18:38:21.341720+00:00,2026-06-30T04:38:21.340721,3,2,111.65,0.1,111.6,5,111.5,105,111.2,100,,,,,,,,,,,,,,,111.7,100,111.9,2,,,,,,,,,,,,,,,,
2026-06-29T18:38:21.352720+00:00,2026-06-30T04:38:21.341720,2,2,111.65,0.1,111.6,5,111.2,100,,,,,,,,,,,,,,,,,111.7,100,111.9,2,,,,,,,,,,,,,,,,
2026-06-29T18:38:21.407235+00:00,2026-06-30T04:38:21.399235,2,2,111.65,0.1,111.6,5,111.2,250,,,,,,,,,,,,,,,,,111.7,100,111.9,2,,,,,,,,,,,,,,,,
2026-06-29T18:38:21.462308+00:00,2026-06-30T04:38:21.454309,2,2,111.65,0.1,111.6,5,111.2,250,,,,,,,,,,,,,,,,,111.7,250,111.9,2,,,,,,,,,,,,,,,,
2026-06-29T18:38:22.417677+00:00,2026-06-30T04:38:22.409677,2,2,111.65,0.1,111.6,5,111.2,150,,,,,,,,,,,,,,,,,111.7,150,111.9,2,,,,,,,,,,,,,,,,
2026-06-29T18:38:22.472730+00:00,2026-06-30T04:38:22.463731,3,2,111.65,0.1,111.6,5,111.2,150,111.0,100,,,,,,,,,,,,,,,111.7,150,111.9,2,,,,,,,,,,,,,,,,
2026-06-29T18:38:22.527919+00:00,2026-06-30T04:38:22.518919,2,3,111.35,0.3,111.2,150,111.0,100,,,,,,,,,,,,,,,,,111.5,95,111.7,150,111.9,2,,,,,,,,,,,,,,
2026-06-29T18:38:22.648056+00:00,2026-06-30T04:38:22.642056,2,3,111.35,0.3,111.2,150,111.0,100,,,,,,,,,,,,,,,,,111.5,91,111.7,150,111.9,2,,,,,,,,,,,,,,
2026-06-29T18:38:23.275065+00:00,2026-06-30T04:38:23.264066,2,3,111.35,0.3,111.2,109,111.0,100,,,,,,,,,,,,,,,,,111.5,91,111.7,150,111.9,2,,,,,,,,,,,,,,
2026-06-29T18:38:24.452383+00:00,2026-06-30T04:38:24.450383,2,3,111.35,0.3,111.2,68,111.0,100,,,,,,,,,,,,,,,,,111.5,91,111.7,150,111.9,2,,,,,,,,,,,,,,
2026-06-29T18:38:24.518382+00:00,2026-06-30T04:38:24.510383,1,2,111.25,0.5,111.0,100,,,,,,,,,,,,,,,,,,,111.5,91,111.9,2,,,,,,,,,,,,,,,,
2026-06-29T18:38:24.573441+00:00,2026-06-30T04:38:24.566441,2,2,111.25,0.5,111.0,100,110.5,150,,,,,,,,,,,,,,,,,111.5,91,111.9,2,,,,,,,,,,,,,,,,
2026-06-29T18:38:24.628500+00:00,2026-06-30T04:38:24.620501,1,3,110.75,0.5,110.5,150,,,,,,,,,,,,,,,,,,,111.0,50,111.5,91,111.9,2,,,,,,,,,,,,,,
2026-06-29T18:38:25.573084+00:00,2026-06-30T04:38:25.572083,1,2,110.75,0.5,110.5,150,,,,,,,,,,,,,,,,,,,111.0,50,111.9,2,,,,,,,,,,,,,,,,
2026-06-29T18:38:25.584083+00:00,2026-06-30T04:38:25.578084,1,1,110.75,0.5,110.5,150,,,,,,,,,,,,,,,,,,,111.0,50,,,,,,,,,,,,,,,,,,
2026-06-29T18:38:25.639187+00:00,2026-06-30T04:38:25.638187,2,1,110.85,0.3,110.7,100,110.5,150,,,,,,,,,,,,,,,,,111.0,50,,,,,,,,,,,,,,,,,,
2026-06-29T18:38:25.694318+00:00,2026-06-30T04:38:25.690318,2,2,110.85,0.3,110.7,100,110.5,150,,,,,,,,,,,,,,,,,111.0,50,111.2,100,,,,,,,,,,,,,,,,
2026-06-29T18:38:26.692812+00:00,2026-06-30T04:38:26.682811,2,1,110.95,0.5,110.7,100,110.5,150,,,,,,,,,,,,,,,,,111.2,100,,,,,,,,,,,,,,,,,,
2026-06-29T18:38:26.957070+00:00,2026-06-30T04:38:26.953070,2,2,110.95,0.5,110.7,100,110.5,150,,,,,,,,,,,,,,,,,111.2,100,111.6,5,,,,,,,,,,,,,,,,
2026-06-29T18:38:27.539431+00:00,2026-06-30T04:38:27.529432,2,2,110.95,0.5,110.7,100,110.5,150,,,,,,,,,,,,,,,,,111.2,99,111.6,5,,,,,,,,,,,,,,,,
2026-06-29T18:38:27.680752+00:00,2026-06-30T04:38:27.673622,1,2,110.95,0.5,110.7,100,,,,,,,,,,,,,,,,,,,111.2,99,111.6,5,,,,,,,,,,,,,,,,
2026-06-29T18:38:27.735813+00:00,2026-06-30T04:38:27.728813,2,1,111.45,0.3,111.3,51,110.7,100,,,,,,,,,,,,,,,,,111.6,5,,,,,,,,,,,,,,,,,,
2026-06-29T18:38:27.790871+00:00,2026-06-30T04:38:27.782872,2,2,111.45,0.3,111.3,51,110.7,100,,,,,,,,,,,,,,,,,111.6,5,111.8,150,,,,,,,,,,,,,,,,
2026-06-29T18:38:27.933871+00:00,2026-06-30T04:38:27.926872,2,1,111.55,0.5,111.3,51,110.7,100,,,,,,,,,,,,,,,,,111.8,109,,,,,,,,,,,,,,,,,,
2026-06-29T18:38:27.955929+00:00,2026-06-30T04:38:27.950930,2,2,111.45,0.3,111.3,51,110.7,100,,,,,,,,,,,,,,,,,111.6,5,111.8,109,,,,,,,,,,,,,,,,
2026-06-29T18:38:28.747734+00:00,2026-06-30T04:38:28.742733,1,2,111.45,0.3,111.3,51,,,,,,,,,,,,,,,,,,,111.6,5,111.8,109,,,,,,,,,,,,,,,,
2026-06-29T18:38:28.802733+00:00,2026-06-30T04:38:28.796734,2,1,111.55,0.5,111.3,51,111.0,100,,,,,,,,,,,,,,,,,111.8,64,,,,,,,,,,,,,,,,,,
2026-06-29T18:38:28.857864+00:00,2026-06-30T04:38:28.848865,2,2,111.4,0.2,111.3,51,111.0,100,,,,,,,,,,,,,,,,,111.5,100,111.8,64,,,,,,,,,,,,,,,,
2026-06-29T18:38:28.978134+00:00,2026-06-30T04:38:28.975133,2,2,111.4,0.2,111.3,51,111.0,100,,,,,,,,,,,,,,,,,111.5,54,111.8,64,,,,,,,,,,,,,,,,
2026-06-29T18:38:30.838289+00:00,2026-06-30T04:38:30.836290,1,1,111.25,0.5,111.0,100,,,,,,,,,,,,,,,,,,,111.5,54,,,,,,,,,,,,,,,,,,
2026-06-29T18:38:30.892964+00:00,2026-06-30T04:38:30.888964,1,1,111.25,0.5,111.0,250,,,,,,,,,,,,,,,,,,,111.5,54,,,,,,,,,,,,,,,,,,
2026-06-29T18:38:30.947964+00:00,2026-06-30T04:38:30.946964,1,1,111.25,0.5,111.0,200,,,,,,,,,,,,,,,,,,,111.5,204,,,,,,,,,,,,,,,,,,
2026-06-29T18:38:31.903714+00:00,2026-06-30T04:38:31.901713,1,1,111.25,0.5,111.0,200,,,,,,,,,,,,,,,,,,,111.5,150,,,,,,,,,,,,,,,,,,
2026-06-29T18:38:31.914714+00:00,2026-06-30T04:38:31.903714,1,1,111.25,0.5,111.0,150,,,,,,,,,,,,,,,,,,,111.5,150,,,,,,,,,,,,,,,,,,
2026-06-29T18:38:31.958714+00:00,2026-06-30T04:38:31.956714,2,1,111.25,0.5,111.0,150,110.7,100,,,,,,,,,,,,,,,,,111.5,150,,,,,,,,,,,,,,,,,,
2026-06-29T18:38:32.013714+00:00,2026-06-30T04:38:32.008714,2,2,111.1,0.2,111.0,150,110.7,100,,,,,,,,,,,,,,,,,111.2,100,111.5,150,,,,,,,,,,,,,,,,
2026-06-29T18:38:32.552867+00:00,2026-06-30T04:38:32.543866,2,2,111.1,0.2,111.0,108,110.7,100,,,,,,,,,,,,,,,,,111.2,100,111.5,150,,,,,,,,,,,,,,,,
2026-06-29T18:38:33.069357+00:00,2026-06-30T04:38:33.065357,2,2,111.1,0.2,111.0,108,110.7,100,,,,,,,,,,,,,,,,,111.2,100,111.5,155,,,,,,,,,,,,,,,,
2026-06-29T18:38:33.124357+00:00,2026-06-30T04:38:33.120357,2,2,111.1,0.2,111.0,66,110.7,100,,,,,,,,,,,,,,,,,111.2,100,111.5,155,,,,,,,,,,,,,,,,
2026-06-29T18:38:33.354697+00:00,2026-06-30T04:38:33.348698,2,2,111.1,0.2,111.0,66,110.7,100,,,,,,,,,,,,,,,,,111.2,99,111.5,155,,,,,,,,,,,,,,,,
2026-06-29T18:38:33.728150+00:00,2026-06-30T04:38:33.721150,2,2,111.1,0.2,111.0,66,110.7,100,,,,,,,,,,,,,,,,,111.2,56,111.5,155,,,,,,,,,,,,,,,,
2026-06-29T18:38:34.002467+00:00,2026-06-30T04:38:33.996468,1,2,110.95,0.5,110.7,100,,,,,,,,,,,,,,,,,,,111.2,56,111.5,5,,,,,,,,,,,,,,,,
2026-06-29T18:38:34.057538+00:00,2026-06-30T04:38:34.049538,2,2,111.0,0.4,110.8,150,110.7,100,,,,,,,,,,,,,,,,,111.2,56,111.5,5,,,,,,,,,,,,,,,,
2026-06-29T18:38:34.112211+00:00,2026-06-30T04:38:34.109211,2,3,111.0,0.4,110.8,150,110.7,100,,,,,,,,,,,,,,,,,111.2,56,111.3,150,111.5,5,,,,,,,,,,,,,,
2026-06-29T18:38:34.750355+00:00,2026-06-30T04:38:34.747356,2,3,111.0,0.4,110.8,105,110.7,100,,,,,,,,,,,,,,,,,111.2,56,111.3,150,111.5,5,,,,,,,,,,,,,,
2026-06-29T18:38:35.068813+00:00,2026-06-30T04:38:35.064813,1,2,111.05,0.5,110.8,105,,,,,,,,,,,,,,,,,,,111.3,150,111.5,5,,,,,,,,,,,,,,,,
2026-06-29T18:38:35.123813+00:00,2026-06-30T04:38:35.118814,2,2,111.1,0.4,110.9,100,110.8,105,,,,,,,,,,,,,,,,,111.3,100,111.5,5,,,,,,,,,,,,,,,,
2026-06-29T18:38:35.178813+00:00,2026-06-30T04:38:35.169814,2,3,111.1,0.4,110.9,100,110.8,105,,,,,,,,,,,,,,,,,111.3,100,111.4,100,111.5,5,,,,,,,,,,,,,,
2026-06-29T18:38:37.182349+00:00,2026-06-30T04:38:37.171350,1,2,111.15,0.5,110.9,100,,,,,,,,,,,,,,,,,,,111.4,100,111.5,5,,,,,,,,,,,,,,,,
2026-06-29T18:38:37.215412+00:00,2026-06-30T04:38:37.214411,1,2,111.15,0.5,110.9,100,,,,,,,,,,,,,,,,,,,111.4,50,111.5,5,,,,,,,,,,,,,,,,
2026-06-29T18:38:37.226412+00:00,2026-06-30T04:38:37.225412,2,2,111.15,0.5,110.9,100,110.8,150,,,,,,,,,,,,,,,,,111.4,50,111.5,5,,,,,,,,,,,,,,,,
2026-06-29T18:38:37.281462+00:00,2026-06-30T04:38:37.278461,2,3,111.1,0.4,110.9,100,110.8,150,,,,,,,,,,,,,,,,,111.3,150,111.4,50,111.5,5,,,,,,,,,,,,,,
2026-06-29T18:38:38.227427+00:00,2026-06-30T04:38:38.225427,2,2,111.1,0.4,110.9,100,110.8,150,,,,,,,,,,,,,,,,,111.3,150,111.5,5,,,,,,,,,,,,,,,,
2026-06-29T18:38:38.238427+00:00,2026-06-30T04:38:38.230428,1,2,111.05,0.5,110.8,150,,,,,,,,,,,,,,,,,,,111.3,150,111.5,5,,,,,,,,,,,,,,,,
2026-06-29T18:38:38.282481+00:00,2026-06-30T04:38:38.279481,2,2,111.2,0.2,111.1,100,110.8,150,,,,,,,,,,,,,,,,,111.3,150,111.5,5,,,,,,,,,,,,,,,,
2026-06-29T18:38:38.348481+00:00,2026-06-30T04:38:38.346481,2,3,111.2,0.2,111.1,100,110.8,150,,,,,,,,,,,,,,,,,111.3,150,111.5,5,111.6,100,,,,,,,,,,,,,,
2026-06-29T18:38:39.327496+00:00,2026-06-30T04:38:39.320496,2,3,111.2,0.2,111.1,100,110.8,150,,,,,,,,,,,,,,,,,111.3,100,111.5,5,111.6,100,,,,,,,,,,,,,,
2026-06-29T18:38:40.340108+00:00,2026-06-30T04:38:40.333108,1,2,111.3,0.4,111.1,100,,,,,,,,,,,,,,,,,,,111.5,5,111.6,100,,,,,,,,,,,,,,,,
2026-06-29T18:38:40.395174+00:00,2026-06-30T04:38:40.386107,2,2,111.3,0.4,111.1,100,111.0,150,,,,,,,,,,,,,,,,,111.5,5,111.6,100,,,,,,,,,,,,,,,,
2026-06-29T18:38:40.439175+00:00,2026-06-30T04:38:40.438175,2,2,111.3,0.4,111.1,100,111.0,150,,,,,,,,,,,,,,,,,111.5,155,111.6,100,,,,,,,,,,,,,,,,
2026-06-29T18:38:41.375011+00:00,2026-06-30T04:38:41.365011,2,2,111.3,0.4,111.1,100,111.0,150,,,,,,,,,,,,,,,,,111.5,109,111.6,100,,,,,,,,,,,,,,,,
2026-06-29T18:38:41.408068+00:00,2026-06-30T04:38:41.400068,1,1,111.25,0.5,111.0,150,,,,,,,,,,,,,,,,,,,111.5,109,,,,,,,,,,,,,,,,,,
2026-06-29T18:38:41.430068+00:00,2026-06-30T04:38:41.426068,1,1,111.25,0.5,111.0,150,,,,,,,,,,,,,,,,,,,111.5,59,,,,,,,,,,,,,,,,,,
2026-06-29T18:38:41.463067+00:00,2026-06-30T04:38:41.453068,2,1,111.3,0.4,111.1,100,111.0,150,,,,,,,,,,,,,,,,,111.5,59,,,,,,,,,,,,,,,,,,
2026-06-29T18:38:41.507067+00:00,2026-06-30T04:38:41.505067,2,2,111.3,0.4,111.1,100,111.0,150,,,,,,,,,,,,,,,,,111.5,59,111.6,100,,,,,,,,,,,,,,,,
2026-06-29T18:38:42.760217+00:00,2026-06-30T04:38:42.750218,2,2,111.3,0.4,111.1,59,111.0,150,,,,,,,,,,,,,,,,,111.5,59,111.6,100,,,,,,,,,,,,,,,,
2026-06-29T18:38:43.507395+00:00,2026-06-30T04:38:43.497395,1,1,111.35,0.5,111.1,59,,,,,,,,,,,,,,,,,,,111.6,100,,,,,,,,,,,,,,,,,,
2026-06-29T18:38:43.551396+00:00,2026-06-30T04:38:43.551396,2,1,111.45,0.3,111.3,150,111.1,59,,,,,,,,,,,,,,,,,111.6,100,,,,,,,,,,,,,,,,,,
2026-06-29T18:38:43.606396+00:00,2026-06-30T04:38:43.602395,2,2,111.45,0.3,111.3,150,111.1,59,,,,,,,,,,,,,,,,,111.6,100,111.8,150,,,,,,,,,,,,,,,,
2026-06-29T18:38:43.782541+00:00,2026-06-30T04:38:43.771663,2,2,111.45,0.3,111.3,125,111.1,59,,,,,,,,,,,,,,,,,111.6,100,111.8,150,,,,,,,,,,,,,,,,
