recv_time,book_timestamp,n_bids,n_asks,mid,spread,bid_px_0,bid_vol_0,bid_px_1,bid_vol_1,bid_px_2,bid_vol_2,bid_px_3,bid_vol_3,bid_px_4,bid_vol_4,bid_px_5,bid_vol_5,bid_px_6,bid_vol_6,bid_px_7,bid_vol_7,bid_px_8,bid_vol_8,bid_px_9,bid_vol_9,ask_px_0,ask_vol_0,ask_px_1,ask_vol_1,ask_px_2,ask_vol_2,ask_px_3,ask_vol_3,ask_px_4,ask_vol_4,ask_px_5,ask_vol_5,ask_px_6,ask_vol_6,ask_px_7,ask_vol_7,ask_px_8,ask_vol_8,ask_px_9,ask_vol_9
2026-07-03T09:00:00.584247+00:00,2026-07-03T09:00:00.507471,2,1,113.45,0.5,113.2,14,112.7,150,,,,,,,,,,,,,,,,,113.7,50,,,,,,,,,,,,,,,,,,
2026-07-03T09:00:00.972269+00:00,2026-07-03T09:00:00.972116,1,1,113.45,0.5,113.2,14,,,,,,,,,,,,,,,,,,,113.7,50,,,,,,,,,,,,,,,,,,
2026-07-03T09:00:01.044052+00:00,2026-07-03T09:00:01.022895,1,1,113.45,0.5,113.2,164,,,,,,,,,,,,,,,,,,,113.7,50,,,,,,,,,,,,,,,,,,
2026-07-03T09:00:01.091584+00:00,2026-07-03T09:00:01.072924,1,1,113.45,0.5,113.2,164,,,,,,,,,,,,,,,,,,,113.7,200,,,,,,,,,,,,,,,,,,
2026-07-03T09:00:01.323026+00:00,2026-07-03T09:00:01.323131,1,1,113.45,0.5,113.2,150,,,,,,,,,,,,,,,,,,,113.7,150,,,,,,,,,,,,,,,,,,
2026-07-03T09:00:01.384544+00:00,2026-07-03T09:00:01.384427,2,1,113.45,0.5,113.2,150,113.0,100,,,,,,,,,,,,,,,,,113.7,150,,,,,,,,,,,,,,,,,,
2026-07-03T09:00:01.416616+00:00,2026-07-03T09:00:01.409906,2,1,113.45,0.5,113.2,139,113.0,100,,,,,,,,,,,,,,,,,113.7,150,,,,,,,,,,,,,,,,,,
2026-07-03T09:00:01.451671+00:00,2026-07-03T09:00:01.440672,2,2,113.35,0.3,113.2,139,113.0,100,,,,,,,,,,,,,,,,,113.5,100,113.7,150,,,,,,,,,,,,,,,,
2026-07-03T09:00:01.527406+00:00,2026-07-03T09:00:01.527294,2,2,113.35,0.3,113.2,93,113.0,100,,,,,,,,,,,,,,,,,113.5,100,113.7,150,,,,,,,,,,,,,,,,
2026-07-03T09:00:03.991206+00:00,2026-07-03T09:00:03.991378,2,2,113.35,0.3,113.2,43,113.0,100,,,,,,,,,,,,,,,,,113.5,100,113.7,150,,,,,,,,,,,,,,,,
2026-07-03T09:00:04.136377+00:00,2026-07-03T09:00:04.128196,1,1,113.25,0.5,113.0,100,,,,,,,,,,,,,,,,,,,113.5,100,,,,,,,,,,,,,,,,,,
2026-07-03T09:00:04.186441+00:00,2026-07-03T09:00:04.186381,2,1,113.25,0.5,113.0,100,112.7,150,,,,,,,,,,,,,,,,,113.5,100,,,,,,,,,,,,,,,,,,
2026-07-03T09:00:04.240464+00:00,2026-07-03T09:00:04.240354,2,2,113.1,0.2,113.0,100,112.7,150,,,,,,,,,,,,,,,,,113.2,150,113.5,100,,,,,,,,,,,,,,,,
2026-07-03T09:00:04.509251+00:00,2026-07-03T09:00:04.509221,1,1,112.95,0.5,112.7,150,,,,,,,,,,,,,,,,,,,113.2,150,,,,,,,,,,,,,,,,,,
2026-07-03T09:00:04.558549+00:00,2026-07-03T09:00:04.558085,2,1,113.0,0.4,112.8,100,112.7,150,,,,,,,,,,,,,,,,,113.2,150,,,,,,,,,,,,,,,,,,
2026-07-03T09:00:04.622100+00:00,2026-07-03T09:00:04.621985,2,2,113.0,0.4,112.8,100,112.7,150,,,,,,,,,,,,,,,,,113.2,150,113.3,100,,,,,,,,,,,,,,,,
2026-07-03T09:00:05.092302+00:00,2026-07-03T09:00:05.092222,2,2,113.0,0.4,112.8,100,112.7,150,,,,,,,,,,,,,,,,,113.2,109,113.3,100,,,,,,,,,,,,,,,,
2026-07-03T09:00:06.043838+00:00,2026-07-03T09:00:06.043806,2,2,113.0,0.4,112.8,100,112.7,150,,,,,,,,,,,,,,,,,113.2,59,113.3,100,,,,,,,,,,,,,,,,
2026-07-03T09:00:07.292866+00:00,2026-07-03T09:00:07.292792,1,1,113.05,0.5,112.8,100,,,,,,,,,,,,,,,,,,,113.3,100,,,,,,,,,,,,,,,,,,
2026-07-03T09:00:07.349935+00:00,2026-07-03T09:00:07.350018,2,1,113.15,0.3,113.0,150,112.8,100,,,,,,,,,,,,,,,,,113.3,100,,,,,,,,,,,,,,,,,,
2026-07-03T09:00:07.400576+00:00,2026-07-03T09:00:07.400454,2,2,113.15,0.3,113.0,150,112.8,100,,,,,,,,,,,,,,,,,113.3,100,113.5,150,,,,,,,,,,,,,,,,
2026-07-03T09:00:07.676121+00:00,2026-07-03T09:00:07.676000,1,1,113.25,0.5,113.0,150,,,,,,,,,,,,,,,,,,,113.5,150,,,,,,,,,,,,,,,,,,
2026-07-03T09:00:07.728354+00:00,2026-07-03T09:00:07.728248,2,1,113.25,0.5,113.0,150,112.8,100,,,,,,,,,,,,,,,,,113.5,150,,,,,,,,,,,,,,,,,,
2026-07-03T09:00:07.766608+00:00,2026-07-03T09:00:07.766537,2,1,113.25,0.5,113.0,150,112.8,100,,,,,,,,,,,,,,,,,113.5,110,,,,,,,,,,,,,,,,,,
2026-07-03T09:00:07.781948+00:00,2026-07-03T09:00:07.781837,2,2,113.15,0.3,113.0,150,112.8,100,,,,,,,,,,,,,,,,,113.3,100,113.5,110,,,,,,,,,,,,,,,,
2026-07-03T09:00:08.316684+00:00,2026-07-03T09:00:08.316774,2,2,113.15,0.3,113.0,150,112.8,100,,,,,,,,,,,,,,,,,113.3,54,113.5,110,,,,,,,,,,,,,,,,
2026-07-03T09:00:08.846904+00:00,2026-07-03T09:00:08.846792,2,2,113.15,0.3,113.0,109,112.8,100,,,,,,,,,,,,,,,,,113.3,54,113.5,110,,,,,,,,,,,,,,,,
2026-07-03T09:00:10.452684+00:00,2026-07-03T09:00:10.452818,1,1,113.05,0.5,112.8,100,,,,,,,,,,,,,,,,,,,113.3,54,,,,,,,,,,,,,,,,,,
2026-07-03T09:00:10.503747+00:00,2026-07-03T09:00:10.503670,2,1,113.15,0.3,113.0,150,112.8,100,,,,,,,,,,,,,,,,,113.3,54,,,,,,,,,,,,,,,,,,
2026-07-03T09:00:10.564490+00:00,2026-07-03T09:00:10.564349,2,2,113.15,0.3,113.0,150,112.8,100,,,,,,,,,,,,,,,,,113.3,54,113.5,150,,,,,,,,,,,,,,,,
2026-07-03T09:00:10.833323+00:00,2026-07-03T09:00:10.833231,2,1,113.25,0.5,113.0,150,112.8,100,,,,,,,,,,,,,,,,,113.5,150,,,,,,,,,,,,,,,,,,
2026-07-03T09:00:10.838432+00:00,2026-07-03T09:00:10.838396,1,1,113.25,0.5,113.0,150,,,,,,,,,,,,,,,,,,,113.5,150,,,,,,,,,,,,,,,,,,
2026-07-03T09:00:10.891414+00:00,2026-07-03T09:00:10.891378,1,1,113.25,0.5,113.0,250,,,,,,,,,,,,,,,,,,,113.5,150,,,,,,,,,,,,,,,,,,
2026-07-03T09:00:10.940802+00:00,2026-07-03T09:00:10.940713,1,1,113.25,0.5,113.0,250,,,,,,,,,,,,,,,,,,,113.5,250,,,,,,,,,,,,,,,,,,
2026-07-03T09:00:11.635078+00:00,2026-07-03T09:00:11.635002,1,1,113.25,0.5,113.0,250,,,,,,,,,,,,,,,,,,,113.5,203,,,,,,,,,,,,,,,,,,
2026-07-03T09:00:13.617556+00:00,2026-07-03T09:00:13.617443,1,1,113.25,0.5,113.0,250,,,,,,,,,,,,,,,,,,,113.5,100,,,,,,,,,,,,,,,,,,
2026-07-03T09:00:13.622517+00:00,2026-07-03T09:00:13.622625,1,1,113.25,0.5,113.0,100,,,,,,,,,,,,,,,,,,,113.5,100,,,,,,,,,,,,,,,,,,
2026-07-03T09:00:13.674993+00:00,2026-07-03T09:00:13.674930,2,1,113.4,0.2,113.3,150,113.0,100,,,,,,,,,,,,,,,,,113.5,100,,,,,,,,,,,,,,,,,,
2026-07-03T09:00:13.725643+00:00,2026-07-03T09:00:13.725895,2,2,113.4,0.2,113.3,150,113.0,100,,,,,,,,,,,,,,,,,113.5,100,113.7,150,,,,,,,,,,,,,,,,
2026-07-03T09:00:13.998057+00:00,2026-07-03T09:00:13.998013,1,1,113.5,0.4,113.3,150,,,,,,,,,,,,,,,,,,,113.7,150,,,,,,,,,,,,,,,,,,
2026-07-03T09:00:14.058598+00:00,2026-07-03T09:00:14.047525,2,1,113.5,0.4,113.3,150,113.1,100,,,,,,,,,,,,,,,,,113.7,150,,,,,,,,,,,,,,,,,,
2026-07-03T09:00:14.106007+00:00,2026-07-03T09:00:14.106145,2,2,113.45,0.3,113.3,150,113.1,100,,,,,,,,,,,,,,,,,113.6,100,113.7,150,,,,,,,,,,,,,,,,
2026-07-03T09:00:14.510789+00:00,2026-07-03T09:00:14.510548,2,2,113.45,0.3,113.3,100,113.1,100,,,,,,,,,,,,,,,,,113.6,100,113.7,150,,,,,,,,,,,,,,,,
2026-07-03T09:00:16.571718+00:00,2026-07-03T09:00:16.571872,2,2,113.45,0.3,113.3,100,113.1,100,,,,,,,,,,,,,,,,,113.6,50,113.7,150,,,,,,,,,,,,,,,,
2026-07-03T09:00:16.783130+00:00,2026-07-03T09:00:16.783009,1,1,113.35,0.5,113.1,100,,,,,,,,,,,,,,,,,,,113.6,50,,,,,,,,,,,,,,,,,,
2026-07-03T09:00:16.834618+00:00,2026-07-03T09:00:16.834500,2,1,113.45,0.3,113.3,150,113.1,100,,,,,,,,,,,,,,,,,113.6,50,,,,,,,,,,,,,,,,,,
2026-07-03T09:00:16.892216+00:00,2026-07-03T09:00:16.892132,2,2,113.45,0.3,113.3,150,113.1,100,,,,,,,,,,,,,,,,,113.6,50,113.8,150,,,,,,,,,,,,,,,,
2026-07-03T09:00:17.156589+00:00,2026-07-03T09:00:17.156726,1,1,113.55,0.5,113.3,150,,,,,,,,,,,,,,,,,,,113.8,150,,,,,,,,,,,,,,,,,,
2026-07-03T09:00:17.239151+00:00,2026-07-03T09:00:17.239052,2,1,113.6,0.4,113.4,100,113.3,150,,,,,,,,,,,,,,,,,113.8,150,,,,,,,,,,,,,,,,,,
2026-07-03T09:00:17.296866+00:00,2026-07-03T09:00:17.296801,2,2,113.6,0.4,113.4,100,113.3,150,,,,,,,,,,,,,,,,,113.8,150,113.9,100,,,,,,,,,,,,,,,,
2026-07-03T09:00:17.308796+00:00,2026-07-03T09:00:17.308618,2,2,113.6,0.4,113.4,51,113.3,150,,,,,,,,,,,,,,,,,113.8,150,113.9,100,,,,,,,,,,,,,,,,
2026-07-03T09:00:19.942933+00:00,2026-07-03T09:00:19.942827,2,1,113.65,0.5,113.4,51,113.3,150,,,,,,,,,,,,,,,,,113.9,100,,,,,,,,,,,,,,,,,,
2026-07-03T09:00:19.947908+00:00,2026-07-03T09:00:19.947991,1,1,113.65,0.5,113.4,51,,,,,,,,,,,,,,,,,,,113.9,100,,,,,,,,,,,,,,,,,,
2026-07-03T09:00:20.001207+00:00,2026-07-03T09:00:20.001108,2,1,113.7,0.4,113.5,150,113.4,51,,,,,,,,,,,,,,,,,113.9,100,,,,,,,,,,,,,,,,,,
2026-07-03T09:00:20.063642+00:00,2026-07-03T09:00:20.063750,2,1,113.7,0.4,113.5,150,113.4,51,,,,,,,,,,,,,,,,,113.9,250,,,,,,,,,,,,,,,,,,
2026-07-03T09:00:20.207871+00:00,2026-07-03T09:00:20.207791,2,1,113.7,0.4,113.5,106,113.4,51,,,,,,,,,,,,,,,,,113.9,250,,,,,,,,,,,,,,,,,,
2026-07-03T09:00:20.347497+00:00,2026-07-03T09:00:20.347477,1,1,113.7,0.4,113.5,106,,,,,,,,,,,,,,,,,,,113.9,150,,,,,,,,,,,,,,,,,,
2026-07-03T09:00:20.403876+00:00,2026-07-03T09:00:20.403830,2,1,113.7,0.4,113.5,106,113.4,100,,,,,,,,,,,,,,,,,113.9,150,,,,,,,,,,,,,,,,,,
2026-07-03T09:00:20.458610+00:00,2026-07-03T09:00:20.456091,2,1,113.7,0.4,113.5,106,113.4,100,,,,,,,,,,,,,,,,,113.9,250,,,,,,,,,,,,,,,,,,
2026-07-03T09:00:22.963761+00:00,2026-07-03T09:00:22.963911,2,1,113.7,0.4,113.5,56,113.4,100,,,,,,,,,,,,,,,,,113.9,250,,,,,,,,,,,,,,,,,,
2026-07-03T09:00:23.107083+00:00,2026-07-03T09:00:23.106927,1,1,113.65,0.5,113.4,100,,,,,,,,,,,,,,,,,,,113.9,100,,,,,,,,,,,,,,,,,,
2026-07-03T09:00:23.158597+00:00,2026-07-03T09:00:23.156685,2,1,113.65,0.5,113.4,100,113.1,150,,,,,,,,,,,,,,,,,113.9,100,,,,,,,,,,,,,,,,,,
2026-07-03T09:00:23.210808+00:00,2026-07-03T09:00:23.210937,2,2,113.5,0.2,113.4,100,113.1,150,,,,,,,,,,,,,,,,,113.6,150,113.9,100,,,,,,,,,,,,,,,,
2026-07-03T09:00:23.311223+00:00,2026-07-03T09:00:23.295157,2,2,113.5,0.2,113.4,100,113.1,150,,,,,,,,,,,,,,,,,113.6,139,113.9,100,,,,,,,,,,,,,,,,
2026-07-03T09:00:23.510265+00:00,2026-07-03T09:00:23.510034,1,1,113.35,0.5,113.1,150,,,,,,,,,,,,,,,,,,,113.6,139,,,,,,,,,,,,,,,,,,
2026-07-03T09:00:23.565132+00:00,2026-07-03T09:00:23.564955,1,1,113.35,0.5,113.1,150,,,,,,,,,,,,,,,,,,,113.6,39,,,,,,,,,,,,,,,,,,
2026-07-03T09:00:23.620428+00:00,2026-07-03T09:00:23.620210,1,2,113.35,0.5,113.1,150,,,,,,,,,,,,,,,,,,,113.6,39,114.1,100,,,,,,,,,,,,,,,,
2026-07-03T09:00:23.708371+00:00,2026-07-03T09:00:23.702965,1,2,113.35,0.5,113.1,150,,,,,,,,,,,,,,,,,,,113.6,27,114.1,100,,,,,,,,,,,,,,,,
2026-07-03T09:00:25.019994+00:00,2026-07-03T09:00:25.019932,1,1,113.6,1.0,113.1,150,,,,,,,,,,,,,,,,,,,114.1,77,,,,,,,,,,,,,,,,,,
2026-07-03T09:00:26.269170+00:00,2026-07-03T09:00:26.269092,0,1,,,,,,,,,,,,,,,,,,,,,,,114.1,77,,,,,,,,,,,,,,,,,,
2026-07-03T09:00:26.331300+00:00,2026-07-03T09:00:26.325823,1,1,114.0,0.2,113.9,127,,,,,,,,,,,,,,,,,,,114.1,77,,,,,,,,,,,,,,,,,,
2026-07-03T09:00:26.369656+00:00,2026-07-03T09:00:26.369544,1,2,114.0,0.2,113.9,127,,,,,,,,,,,,,,,,,,,114.1,77,114.4,150,,,,,,,,,,,,,,,,
2026-07-03T09:00:26.675032+00:00,2026-07-03T09:00:26.674967,1,1,114.15,0.5,113.9,127,,,,,,,,,,,,,,,,,,,114.4,150,,,,,,,,,,,,,,,,,,
2026-07-03T09:00:26.728202+00:00,2026-07-03T09:00:26.728106,2,1,114.15,0.5,113.9,127,113.4,100,,,,,,,,,,,,,,,,,114.4,150,,,,,,,,,,,,,,,,,,
2026-07-03T09:00:26.780278+00:00,2026-07-03T09:00:26.780518,2,1,114.15,0.5,113.9,27,113.4,100,,,,,,,,,,,,,,,,,114.4,109,,,,,,,,,,,,,,,,,,
2026-07-03T09:00:29.431030+00:00,2026-07-03T09:00:29.430856,1,0,,,113.4,100,,,,,,,,,,,,,,,,,,,,,,,,,,,,,,,,,,,,,,
2026-07-03T09:00:29.486342+00:00,2026-07-03T09:00:29.486225,2,0,,,113.7,150,113.4,100,,,,,,,,,,,,,,,,,,,,,,,,,,,,,,,,,,,,
2026-07-03T09:00:29.538895+00:00,2026-07-03T09:00:29.539024,2,1,113.95,0.5,113.7,150,113.4,100,,,,,,,,,,,,,,,,,114.2,150,,,,,,,,,,,,,,,,,,
2026-07-03T09:00:29.834550+00:00,2026-07-03T09:00:29.834501,1,1,113.95,0.5,113.7,150,,,,,,,,,,,,,,,,,,,114.2,150,,,,,,,,,,,,,,,,,,
2026-07-03T09:00:29.888078+00:00,2026-07-03T09:00:29.888010,2,1,114.05,0.3,113.9,100,113.7,150,,,,,,,,,,,,,,,,,114.2,150,,,,,,,,,,,,,,,,,,
2026-07-03T09:00:29.957718+00:00,2026-07-03T09:00:29.958014,2,2,114.05,0.3,113.9,100,113.7,150,,,,,,,,,,,,,,,,,114.2,150,114.4,100,,,,,,,,,,,,,,,,
2026-07-03T09:00:31.341116+00:00,2026-07-03T09:00:31.341077,2,2,114.05,0.3,113.9,100,113.7,150,,,,,,,,,,,,,,,,,114.2,100,114.4,100,,,,,,,,,,,,,,,,
2026-07-03T09:00:32.593253+00:00,2026-07-03T09:00:32.593412,1,1,114.15,0.5,113.9,100,,,,,,,,,,,,,,,,,,,114.4,100,,,,,,,,,,,,,,,,,,
2026-07-03T09:00:32.647787+00:00,2026-07-03T09:00:32.647883,2,1,114.15,0.5,113.9,100,113.8,150,,,,,,,,,,,,,,,,,114.4,100,,,,,,,,,,,,,,,,,,
2026-07-03T09:00:32.700487+00:00,2026-07-03T09:00:32.700665,2,2,114.1,0.4,113.9,100,113.8,150,,,,,,,,,,,,,,,,,114.3,150,114.4,100,,,,,,,,,,,,,,,,
2026-07-03T09:00:32.730744+00:00,2026-07-03T09:00:32.730715,2,2,114.1,0.4,113.9,54,113.8,150,,,,,,,,,,,,,,,,,114.3,150,114.4,100,,,,,,,,,,,,,,,,
2026-07-03T09:00:33.012049+00:00,2026-07-03T09:00:33.012009,2,1,114.1,0.4,113.9,54,113.8,150,,,,,,,,,,,,,,,,,114.3,150,,,,,,,,,,,,,,,,,,
2026-07-03T09:00:33.022468+00:00,2026-07-03T09:00:33.022273,1,1,114.05,0.5,113.8,150,,,,,,,,,,,,,,,,,,,114.3,150,,,,,,,,,,,,,,,,,,
2026-07-03T09:00:33.070724+00:00,2026-07-03T09:00:33.070655,2,1,114.05,0.5,113.8,150,113.6,100,,,,,,,,,,,,,,,,,114.3,150,,,,,,,,,,,,,,,,,,
2026-07-03T09:00:33.124622+00:00,2026-07-03T09:00:33.124750,2,2,113.95,0.3,113.8,150,113.6,100,,,,,,,,,,,,,,,,,114.1,100,114.3,150,,,,,,,,,,,,,,,,
2026-07-03T09:00:33.502587+00:00,2026-07-03T09:00:33.502441,2,2,113.95,0.3,113.8,100,113.6,100,,,,,,,,,,,,,,,,,114.1,100,114.3,150,,,,,,,,,,,,,,,,
2026-07-03T09:00:35.609439+00:00,2026-07-03T09:00:35.609391,2,2,113.95,0.3,113.8,50,113.6,100,,,,,,,,,,,,,,,,,114.1,100,114.3,150,,,,,,,,,,,,,,,,
2026-07-03T09:00:35.758628+00:00,2026-07-03T09:00:35.754272,1,1,113.85,0.5,113.6,100,,,,,,,,,,,,,,,,,,,114.1,100,,,,,,,,,,,,,,,,,,
2026-07-03T09:00:35.809641+00:00,2026-07-03T09:00:35.809526,2,1,113.85,0.5,113.6,100,113.5,150,,,,,,,,,,,,,,,,,114.1,100,,,,,,,,,,,,,,,,,,
2026-07-03T09:00:35.862344+00:00,2026-07-03T09:00:35.862294,2,2,113.8,0.4,113.6,100,113.5,150,,,,,,,,,,,,,,,,,114.0,150,114.1,100,,,,,,,,,,,,,,,,
2026-07-03T09:00:36.005865+00:00,2026-07-03T09:00:36.005698,2,2,113.8,0.4,113.6,100,113.5,150,,,,,,,,,,,,,,,,,114.0,104,114.1,100,,,,,,,,,,,,,,,,
2026-07-03T09:00:36.178546+00:00,2026-07-03T09:00:36.178431,1,1,113.75,0.5,113.5,150,,,,,,,,,,,,,,,,,,,114.0,104,,,,,,,,,,,,,,,,,,
2026-07-03T09:00:36.237924+00:00,2026-07-03T09:00:36.237796,2,1,113.85,0.3,113.7,100,113.5,150,,,,,,,,,,,,,,,,,114.0,104,,,,,,,,,,,,,,,,,,
2026-07-03T09:00:36.293878+00:00,2026-07-03T09:00:36.293833,2,2,113.85,0.3,113.7,100,113.5,150,,,,,,,,,,,,,,,,,114.0,104,114.2,100,,,,,,,,,,,,,,,,
2026-07-03T09:00:36.702227+00:00,2026-07-03T09:00:36.702153,2,2,113.85,0.3,113.7,100,113.5,150,,,,,,,,,,,,,,,,,114.0,61,114.2,100,,,,,,,,,,,,,,,,
2026-07-03T09:00:38.916148+00:00,2026-07-03T09:00:38.916021,1,1,113.95,0.5,113.7,100,,,,,,,,,,,,,,,,,,,114.2,100,,,,,,,,,,,,,,,,,,
2026-07-03T09:00:38.970984+00:00,2026-07-03T09:00:38.970884,2,1,114.05,0.3,113.9,150,113.7,100,,,,,,,,,,,,,,,,,114.2,100,,,,,,,,,,,,,,,,,,
2026-07-03T09:00:39.020280+00:00,2026-07-03T09:00:39.020153,2,2,114.05,0.3,113.9,150,113.7,100,,,,,,,,,,,,,,,,,114.2,100,114.4,150,,,,,,,,,,,,,,,,
2026-07-03T09:00:39.348815+00:00,2026-07-03T09:00:39.348681,1,1,114.15,0.5,113.9,150,,,,,,,,,,,,,,,,,,,114.4,150,,,,,,,,,,,,,,,,,,
2026-07-03T09:00:39.399435+00:00,2026-07-03T09:00:39.399399,2,1,114.15,0.5,113.9,150,113.7,100,,,,,,,,,,,,,,,,,114.4,150,,,,,,,,,,,,,,,,,,
2026-07-03T09:00:39.453555+00:00,2026-07-03T09:00:39.453694,2,2,114.05,0.3,113.9,150,113.7,100,,,,,,,,,,,,,,,,,114.2,100,114.4,150,,,,,,,,,,,,,,,,
2026-07-03T09:00:39.821108+00:00,2026-07-03T09:00:39.820997,2,2,114.05,0.3,113.9,100,113.7,100,,,,,,,,,,,,,,,,,114.2,100,114.4,150,,,,,,,,,,,,,,,,
2026-07-03T09:00:41.877570+00:00,2026-07-03T09:00:41.877436,2,2,114.05,0.3,113.9,100,113.7,100,,,,,,,,,,,,,,,,,114.2,50,114.4,150,,,,,,,,,,,,,,,,
2026-07-03T09:00:42.074485+00:00,2026-07-03T09:00:42.074411,1,1,113.95,0.5,113.7,100,,,,,,,,,,,,,,,,,,,114.2,50,,,,,,,,,,,,,,,,,,
2026-07-03T09:00:42.129701+00:00,2026-07-03T09:00:42.129592,1,1,113.95,0.5,113.7,250,,,,,,,,,,,,,,,,,,,114.2,50,,,,,,,,,,,,,,,,,,
2026-07-03T09:00:42.182354+00:00,2026-07-03T09:00:42.182300,1,1,113.95,0.5,113.7,250,,,,,,,,,,,,,,,,,,,114.2,200,,,,,,,,,,,,,,,,,,
2026-07-03T09:00:42.510364+00:00,2026-07-03T09:00:42.510267,1,1,113.95,0.5,113.7,150,,,,,,,,,,,,,,,,,,,114.2,150,,,,,,,,,,,,,,,,,,
2026-07-03T09:00:42.566282+00:00,2026-07-03T09:00:42.566169,2,1,114.05,0.3,113.9,100,113.7,150,,,,,,,,,,,,,,,,,114.2,150,,,,,,,,,,,,,,,,,,
2026-07-03T09:00:42.621116+00:00,2026-07-03T09:00:42.621206,2,2,114.05,0.3,113.9,100,113.7,150,,,,,,,,,,,,,,,,,114.2,150,114.4,100,,,,,,,,,,,,,,,,
2026-07-03T09:00:44.032419+00:00,2026-07-03T09:00:44.032336,2,2,114.05,0.3,113.9,50,113.7,150,,,,,,,,,,,,,,,,,114.2,150,114.4,100,,,,,,,,,,,,,,,,
2026-07-03T09:00:45.237217+00:00,2026-07-03T09:00:45.237105,1,1,114.15,0.5,113.9,50,,,,,,,,,,,,,,,,,,,114.4,100,,,,,,,,,,,,,,,,,,
2026-07-03T09:00:45.290411+00:00,2026-07-03T09:00:45.290497,2,1,114.15,0.5,113.9,50,113.5,150,,,,,,,,,,,,,,,,,114.4,100,,,,,,,,,,,,,,,,,,
2026-07-03T09:00:45.342946+00:00,2026-07-03T09:00:45.342894,2,2,113.95,0.1,113.9,50,113.5,150,,,,,,,,,,,,,,,,,114.0,150,114.4,100,,,,,,,,,,,,,,,,
2026-07-03T09:00:45.679960+00:00,2026-07-03T09:00:45.679887,1,1,113.75,0.5,113.5,150,,,,,,,,,,,,,,,,,,,114.0,150,,,,,,,,,,,,,,,,,,
2026-07-03T09:00:45.732321+00:00,2026-07-03T09:00:45.732147,1,1,113.75,0.5,113.5,250,,,,,,,,,,,,,,,,,,,114.0,150,,,,,,,,,,,,,,,,,,
2026-07-03T09:00:45.784262+00:00,2026-07-03T09:00:45.784396,1,1,113.75,0.5,113.5,250,,,,,,,,,,,,,,,,,,,114.0,250,,,,,,,,,,,,,,,,,,
2026-07-03T09:00:46.142451+00:00,2026-07-03T09:00:46.142300,1,1,113.75,0.5,113.5,200,,,,,,,,,,,,,,,,,,,114.0,250,,,,,,,,,,,,,,,,,,
2026-07-03T09:00:48.249567+00:00,2026-07-03T09:00:48.249458,1,1,113.75,0.5,113.5,150,,,,,,,,,,,,,,,,,,,114.0,250,,,,,,,,,,,,,,,,,,
2026-07-03T09:00:48.358657+00:00,2026-07-03T09:00:48.353814,1,1,113.75,0.5,113.5,110,,,,,,,,,,,,,,,,,,,114.0,250,,,,,,,,,,,,,,,,,,
2026-07-03T09:00:48.398562+00:00,2026-07-03T09:00:48.398442,1,1,113.75,0.5,113.5,100,,,,,,,,,,,,,,,,,,,114.0,100,,,,,,,,,,,,,,,,,,
2026-07-03T09:00:48.458561+00:00,2026-07-03T09:00:48.455314,2,1,113.75,0.5,113.5,100,112.9,150,,,,,,,,,,,,,,,,,114.0,100,,,,,,,,,,,,,,,,,,
2026-07-03T09:00:48.517068+00:00,2026-07-03T09:00:48.512084,1,2,113.15,0.5,112.9,150,,,,,,,,,,,,,,,,,,,113.4,16,114.0,100,,,,,,,,,,,,,,,,
2026-07-03T09:00:48.841408+00:00,2026-07-03T09:00:48.841288,1,1,113.15,0.5,112.9,150,,,,,,,,,,,,,,,,,,,113.4,16,,,,,,,,,,,,,,,,,,
2026-07-03T09:00:48.894472+00:00,2026-07-03T09:00:48.894574,2,1,113.3,0.2,113.2,100,112.9,150,,,,,,,,,,,,,,,,,113.4,16,,,,,,,,,,,,,,,,,,
2026-07-03T09:00:48.947764+00:00,2026-07-03T09:00:48.947625,2,2,113.3,0.2,113.2,100,112.9,150,,,,,,,,,,,,,,,,,113.4,16,113.7,100,,,,,,,,,,,,,,,,
2026-07-03T09:00:49.994432+00:00,2026-07-03T09:00:49.987254,2,2,113.3,0.2,113.2,100,112.9,150,,,,,,,,,,,,,,,,,113.4,5,113.7,100,,,,,,,,,,,,,,,,
2026-07-03T09:00:50.306020+00:00,2026-07-03T09:00:50.305893,2,1,113.45,0.5,113.2,100,112.9,150,,,,,,,,,,,,,,,,,113.7,55,,,,,,,,,,,,,,,,,,
2026-07-03T09:00:51.551222+00:00,2026-07-03T09:00:51.553393,1,1,113.45,0.5,113.2,100,,,,,,,,,,,,,,,,,,,113.7,55,,,,,,,,,,,,,,,,,,
2026-07-03T09:00:51.612837+00:00,2026-07-03T09:00:51.612783,2,1,113.65,0.1,113.6,150,113.2,100,,,,,,,,,,,,,,,,,113.7,55,,,,,,,,,,,,,,,,,,
2026-07-03T09:00:51.667153+00:00,2026-07-03T09:00:51.667080,2,2,113.65,0.1,113.6,150,113.2,100,,,,,,,,,,,,,,,,,113.7,55,114.1,150,,,,,,,,,,,,,,,,
2026-07-03T09:00:52.001745+00:00,2026-07-03T09:00:52.001715,1,1,113.85,0.5,113.6,150,,,,,,,,,,,,,,,,,,,114.1,150,,,,,,,,,,,,,,,,,,
2026-07-03T09:00:52.058608+00:00,2026-07-03T09:00:52.054178,2,1,113.85,0.5,113.6,150,113.5,100,,,,,,,,,,,,,,,,,114.1,150,,,,,,,,,,,,,,,,,,
2026-07-03T09:00:52.106820+00:00,2026-07-03T09:00:52.106694,2,2,113.8,0.4,113.6,150,113.5,100,,,,,,,,,,,,,,,,,114.0,100,114.1,150,,,,,,,,,,,,,,,,
2026-07-03T09:00:52.466792+00:00,2026-07-03T09:00:52.466735,2,2,113.8,0.4,113.6,100,113.5,100,,,,,,,,,,,,,,,,,114.0,100,114.1,150,,,,,,,,,,,,,,,,
2026-07-03T09:00:53.629376+00:00,2026-07-03T09:00:53.624166,2,2,113.8,0.4,113.6,89,113.5,100,,,,,,,,,,,,,,,,,114.0,100,114.1,150,,,,,,,,,,,,,,,,
2026-07-03T09:00:53.845636+00:00,2026-07-03T09:00:53.845583,2,2,113.8,0.4,113.6,89,113.5,100,,,,,,,,,,,,,,,,,114.0,57,114.1,150,,,,,,,,,,,,,,,,
2026-07-03T09:00:54.575315+00:00,2026-07-03T09:00:54.575462,2,2,113.8,0.4,113.6,39,113.5,100,,,,,,,,,,,,,,,,,114.0,57,114.1,150,,,,,,,,,,,,,,,,
2026-07-03T09:00:54.722631+00:00,2026-07-03T09:00:54.722804,1,1,113.75,0.5,113.5,100,,,,,,,,,,,,,,,,,,,114.0,57,,,,,,,,,,,,,,,,,,
2026-07-03T09:00:54.775004+00:00,2026-07-03T09:00:54.774912,2,1,113.75,0.5,113.5,100,113.1,150,,,,,,,,,,,,,,,,,114.0,57,,,,,,,,,,,,,,,,,,
2026-07-03T09:00:54.834500+00:00,2026-07-03T09:00:54.834457,2,2,113.55,0.1,113.5,100,113.1,150,,,,,,,,,,,,,,,,,113.6,150,114.0,57,,,,,,,,,,,,,,,,
2026-07-03T09:00:55.164031+00:00,2026-07-03T09:00:55.163953,1,1,113.35,0.5,113.1,150,,,,,,,,,,,,,,,,,,,113.6,150,,,,,,,,,,,,,,,,,,
2026-07-03T09:00:55.216164+00:00,2026-07-03T09:00:55.216395,2,1,113.55,0.1,113.5,100,113.1,150,,,,,,,,,,,,,,,,,113.6,150,,,,,,,,,,,,,,,,,,
2026-07-03T09:00:55.271089+00:00,2026-07-03T09:00:55.270879,2,2,113.55,0.1,113.5,100,113.1,150,,,,,,,,,,,,,,,,,113.6,150,114.0,100,,,,,,,,,,,,,,,,
2026-07-03T09:00:55.459163+00:00,2026-07-03T09:00:55.459094,2,2,113.55,0.1,113.5,55,113.1,150,,,,,,,,,,,,,,,,,113.6,150,114.0,100,,,,,,,,,,,,,,,,
2026-07-03T09:00:56.992639+00:00,2026-07-03T09:00:56.992800,2,2,113.55,0.1,113.5,6,113.1,150,,,,,,,,,,,,,,,,,113.6,150,114.0,100,,,,,,,,,,,,,,,,
2026-07-03T09:00:57.886668+00:00,2026-07-03T09:00:57.886599,1,1,113.75,0.5,113.5,6,,,,,,,,,,,,,,,,,,,114.0,100,,,,,,,,,,,,,,,,,,
2026-07-03T09:00:57.939848+00:00,2026-07-03T09:00:57.939821,2,1,113.75,0.5,113.5,6,113.3,150,,,,,,,,,,,,,,,,,114.0,100,,,,,,,,,,,,,,,,,,
2026-07-03T09:00:57.994988+00:00,2026-07-03T09:00:57.995094,2,2,113.65,0.3,113.5,6,113.3,150,,,,,,,,,,,,,,,,,113.8,150,114.0,100,,,,,,,,,,,,,,,,
2026-07-03T09:00:58.321552+00:00,2026-07-03T09:00:58.321485,2,1,113.65,0.3,113.5,6,113.3,150,,,,,,,,,,,,,,,,,113.8,150,,,,,,,,,,,,,,,,,,
2026-07-03T09:00:58.326848+00:00,2026-07-03T09:00:58.326663,1,1,113.55,0.5,113.3,150,,,,,,,,,,,,,,,,,,,113.8,150,,,,,,,,,,,,,,,,,,
2026-07-03T09:00:58.377411+00:00,2026-07-03T09:00:58.377548,2,1,113.6,0.4,113.4,100,113.3,150,,,,,,,,,,,,,,,,,113.8,150,,,,,,,,,,,,,,,,,,
2026-07-03T09:00:58.428399+00:00,2026-07-03T09:00:58.428314,2,2,113.6,0.4,113.4,100,113.3,150,,,,,,,,,,,,,,,,,113.8,150,113.9,100,,,,,,,,,,,,,,,,
2026-07-03T09:00:58.734632+00:00,2026-07-03T09:00:58.734524,2,2,113.6,0.4,113.4,100,113.3,150,,,,,,,,,,,,,,,,,113.8,100,113.9,100,,,,,,,,,,,,,,,,
2026-07-03T09:00:59.013944+00:00,2026-07-03T09:00:59.013819,2,2,113.6,0.4,113.4,100,113.3,150,,,,,,,,,,,,,,,,,113.8,53,113.9,100,,,,,,,,,,,,,,,,
2026-07-03T09:01:00.895395+00:00,2026-07-03T09:01:00.895329,2,2,113.6,0.4,113.4,50,113.3,150,,,,,,,,,,,,,,,,,113.8,53,113.9,100,,,,,,,,,,,,,,,,
2026-07-03T09:01:01.058571+00:00,2026-07-03T09:01:01.044134,1,1,113.65,0.5,113.4,50,,,,,,,,,,,,,,,,,,,113.9,100,,,,,,,,,,,,,,,,,,
2026-07-03T09:01:01.103961+00:00,2026-07-03T09:01:01.103872,2,1,113.7,0.4,113.5,150,113.4,50,,,,,,,,,,,,,,,,,113.9,100,,,,,,,,,,,,,,,,,,
2026-07-03T09:01:01.156619+00:00,2026-07-03T09:01:01.156541,2,2,113.7,0.4,113.5,150,113.4,50,,,,,,,,,,,,,,,,,113.9,100,114.0,150,,,,,,,,,,,,,,,,
2026-07-03T09:01:01.190752+00:00,2026-07-03T09:01:01.190727,2,2,113.7,0.4,113.5,150,113.4,50,,,,,,,,,,,,,,,,,113.9,59,114.0,150,,,,,,,,,,,,,,,,
2026-07-03T09:01:01.486051+00:00,2026-07-03T09:01:01.485949,1,1,113.75,0.5,113.5,150,,,,,,,,,,,,,,,,,,,114.0,150,,,,,,,,,,,,,,,,,,
2026-07-03T09:01:01.540747+00:00,2026-07-03T09:01:01.540624,2,1,113.75,0.5,113.5,150,113.2,100,,,,,,,,,,,,,,,,,114.0,150,,,,,,,,,,,,,,,,,,
2026-07-03T09:01:01.593124+00:00,2026-07-03T09:01:01.593043,2,2,113.6,0.2,113.5,150,113.2,100,,,,,,,,,,,,,,,,,113.7,100,114.0,150,,,,,,,,,,,,,,,,
2026-07-03T09:01:03.001890+00:00,2026-07-03T09:01:03.001780,2,2,113.6,0.2,113.5,100,113.2,100,,,,,,,,,,,,,,,,,113.7,100,114.0,150,,,,,,,,,,,,,,,,
2026-07-03T09:01:04.209004+00:00,2026-07-03T09:01:04.208873,1,1,113.45,0.5,113.2,100,,,,,,,,,,,,,,,,,,,113.7,100,,,,,,,,,,,,,,,,,,
2026-07-03T09:01:04.251768+00:00,2026-07-03T09:01:04.254202,1,1,113.45,0.5,113.2,250,,,,,,,,,,,,,,,,,,,113.7,100,,,,,,,,,,,,,,,,,,
2026-07-03T09:01:04.311736+00:00,2026-07-03T09:01:04.311630,1,1,113.45,0.5,113.2,250,,,,,,,,,,,,,,,,,,,113.7,250,,,,,,,,,,,,,,,,,,
2026-07-03T09:01:04.647132+00:00,2026-07-03T09:01:04.646995,1,1,113.45,0.5,113.2,150,,,,,,,,,,,,,,,,,,,113.7,150,,,,,,,,,,,,,,,,,,
2026-07-03T09:01:04.700913+00:00,2026-07-03T09:01:04.701011,2,1,113.45,0.5,113.2,150,113.1,100,,,,,,,,,,,,,,,,,113.7,150,,,,,,,,,,,,,,,,,,
2026-07-03T09:01:04.752688+00:00,2026-07-03T09:01:04.752902,2,2,113.4,0.4,113.2,150,113.1,100,,,,,,,,,,,,,,,,,113.6,100,113.7,150,,,,,,,,,,,,,,,,
2026-07-03T09:01:05.105787+00:00,2026-07-03T09:01:05.105736,2,2,113.4,0.4,113.2,100,113.1,100,,,,,,,,,,,,,,,,,113.6,100,113.7,150,,,,,,,,,,,,,,,,
2026-07-03T09:01:07.158595+00:00,2026-07-03T09:01:07.157268,2,2,113.4,0.4,113.2,100,113.1,100,,,,,,,,,,,,,,,,,113.6,50,113.7,150,,,,,,,,,,,,,,,,
2026-07-03T09:01:07.278174+00:00,2026-07-03T09:01:07.278021,2,2,113.4,0.4,113.2,100,113.1,100,,,,,,,,,,,,,,,,,113.6,4,113.7,150,,,,,,,,,,,,,,,,
2026-07-03T09:01:07.368092+00:00,2026-07-03T09:01:07.368031,1,1,113.35,0.5,113.1,100,,,,,,,,,,,,,,,,,,,113.6,4,,,,,,,,,,,,,,,,,,
2026-07-03T09:01:07.420443+00:00,2026-07-03T09:01:07.420335,2,1,113.35,0.5,113.1,100,113.0,150,,,,,,,,,,,,,,,,,113.6,4,,,,,,,,,,,,,,,,,,
2026-07-03T09:01:07.474434+00:00,2026-07-03T09:01:07.474249,2,2,113.3,0.4,113.1,100,113.0,150,,,,,,,,,,,,,,,,,113.5,150,113.6,4,,,,,,,,,,,,,,,,
2026-07-03T09:01:07.807846+00:00,2026-07-03T09:01:07.807804,1,1,113.25,0.5,113.0,150,,,,,,,,,,,,,,,,,,,113.5,150,,,,,,,,,,,,,,,,,,
2026-07-03T09:01:07.858625+00:00,2026-07-03T09:01:07.857620,2,1,113.45,0.1,113.4,100,113.0,150,,,,,,,,,,,,,,,,,113.5,150,,,,,,,,,,,,,,,,,,
2026-07-03T09:01:07.915532+00:00,2026-07-03T09:01:07.915489,2,2,113.45,0.1,113.4,100,113.0,150,,,,,,,,,,,,,,,,,113.5,150,113.9,100,,,,,,,,,,,,,,,,
2026-07-03T09:01:08.316676+00:00,2026-07-03T09:01:08.311562,2,2,113.45,0.1,113.4,89,113.0,150,,,,,,,,,,,,,,,,,113.5,150,113.9,100,,,,,,,,,,,,,,,,
2026-07-03T09:01:08.380728+00:00,2026-07-03T09:01:08.380960,2,2,113.45,0.1,113.4,47,113.0,150,,,,,,,,,,,,,,,,,113.5,150,113.9,100,,,,,,,,,,,,,,,,
2026-07-03T09:01:09.279882+00:00,2026-07-03T09:01:09.279771,2,2,113.45,0.1,113.4,47,113.0,150,,,,,,,,,,,,,,,,,113.5,100,113.9,100,,,,,,,,,,,,,,,,
2026-07-03T09:01:10.428605+00:00,2026-07-03T09:01:10.428552,2,2,113.45,0.1,113.4,1,113.0,150,,,,,,,,,,,,,,,,,113.5,100,113.9,100,,,,,,,,,,,,,,,,
2026-07-03T09:01:10.528364+00:00,2026-07-03T09:01:10.528286,1,1,113.65,0.5,113.4,1,,,,,,,,,,,,,,,,,,,113.9,100,,,,,,,,,,,,,,,,,,
2026-07-03T09:01:10.573026+00:00,2026-07-03T09:01:10.567818,0,1,,,,,,,,,,,,,,,,,,,,,,,113.9,100,,,,,,,,,,,,,,,,,,
2026-07-03T09:01:10.588796+00:00,2026-07-03T09:01:10.588496,1,1,113.45,0.9,113.0,150,,,,,,,,,,,,,,,,,,,113.9,100,,,,,,,,,,,,,,,,,,
2026-07-03T09:01:10.632938+00:00,2026-07-03T09:01:10.632873,1,2,113.25,0.5,113.0,150,,,,,,,,,,,,,,,,,,,113.5,150,113.9,100,,,,,,,,,,,,,,,,
2026-07-03T09:01:10.968899+00:00,2026-07-03T09:01:10.968793,1,1,113.25,0.5,113.0,150,,,,,,,,,,,,,,,,,,,113.5,150,,,,,,,,,,,,,,,,,,
2026-07-03T09:01:11.022390+00:00,2026-07-03T09:01:11.022257,2,1,113.25,0.5,113.0,150,112.8,100,,,,,,,,,,,,,,,,,113.5,150,,,,,,,,,,,,,,,,,,
2026-07-03T09:01:11.090278+00:00,2026-07-03T09:01:11.090159,2,2,113.15,0.3,113.0,150,112.8,100,,,,,,,,,,,,,,,,,113.3,100,113.5,150,,,,,,,,,,,,,,,,
2026-07-03T09:01:11.433412+00:00,2026-07-03T09:01:11.433705,2,2,113.15,0.3,113.0,100,112.8,100,,,,,,,,,,,,,,,,,113.3,100,113.5,150,,,,,,,,,,,,,,,,
2026-07-03T09:01:12.079296+00:00,2026-07-03T09:01:12.079232,2,2,113.15,0.3,113.0,100,112.8,100,,,,,,,,,,,,,,,,,113.3,55,113.5,150,,,,,,,,,,,,,,,,
2026-07-03T09:01:12.678167+00:00,2026-07-03T09:01:12.678094,2,2,113.15,0.3,113.0,100,112.8,100,,,,,,,,,,,,,,,,,113.3,12,113.5,150,,,,,,,,,,,,,,,,
2026-07-03T09:01:12.732506+00:00,2026-07-03T09:01:12.732379,2,2,113.15,0.3,113.0,55,112.8,100,,,,,,,,,,,,,,,,,113.3,12,113.5,150,,,,,,,,,,,,,,,,
2026-07-03T09:01:13.545249+00:00,2026-07-03T09:01:13.545092,2,2,113.15,0.3,113.0,5,112.8,100,,,,,,,,,,,,,,,,,113.3,12,113.5,150,,,,,,,,,,,,,,,,
2026-07-03T09:01:13.691822+00:00,2026-07-03T09:01:13.691770,1,1,113.05,0.5,112.8,100,,,,,,,,,,,,,,,,,,,113.3,12,,,,,,,,,,,,,,,,,,
2026-07-03T09:01:13.745892+00:00,2026-07-03T09:01:13.745836,2,1,113.05,0.5,112.8,100,112.4,150,,,,,,,,,,,,,,,,,113.3,12,,,,,,,,,,,,,,,,,,
2026-07-03T09:01:13.808248+00:00,2026-07-03T09:01:13.802242,2,2,112.85,0.1,112.8,100,112.4,150,,,,,,,,,,,,,,,,,112.9,115,113.3,12,,,,,,,,,,,,,,,,
2026-07-03T09:01:14.144381+00:00,2026-07-03T09:01:14.144316,1,1,112.65,0.5,112.4,150,,,,,,,,,,,,,,,,,,,112.9,115,,,,,,,,,,,,,,,,,,
2026-07-03T09:01:14.198462+00:00,2026-07-03T09:01:14.198351,1,1,112.65,0.5,112.4,150,,,,,,,,,,,,,,,,,,,112.9,15,,,,,,,,,,,,,,,,,,
2026-07-03T09:01:14.263872+00:00,2026-07-03T09:01:14.263753,1,2,112.65,0.5,112.4,150,,,,,,,,,,,,,,,,,,,112.9,15,113.6,100,,,,,,,,,,,,,,,,
2026-07-03T09:01:14.780003+00:00,2026-07-03T09:01:14.779873,1,1,113.0,1.2,112.4,150,,,,,,,,,,,,,,,,,,,113.6,100,,,,,,,,,,,,,,,,,,
2026-07-03T09:01:15.664420+00:00,2026-07-03T09:01:15.664325,1,1,113.0,1.2,112.4,100,,,,,,,,,,,,,,,,,,,113.6,100,,,,,,,,,,,,,,,,,,
2026-07-03T09:01:16.863705+00:00,2026-07-03T09:01:16.864037,0,1,,,,,,,,,,,,,,,,,,,,,,,113.6,100,,,,,,,,,,,,,,,,,,
2026-07-03T09:01:16.964388+00:00,2026-07-03T09:01:16.964188,1,2,112.95,0.5,112.7,150,,,,,,,,,,,,,,,,,,,113.2,150,113.6,100,,,,,,,,,,,,,,,,
2026-07-03T09:01:17.306183+00:00,2026-07-03T09:01:17.306319,1,1,112.95,0.5,112.7,150,,,,,,,,,,,,,,,,,,,113.2,150,,,,,,,,,,,,,,,,,,
2026-07-03T09:01:17.358660+00:00,2026-07-03T09:01:17.354581,2,1,113.0,0.4,112.8,100,112.7,150,,,,,,,,,,,,,,,,,113.2,150,,,,,,,,,,,,,,,,,,
2026-07-03T09:01:17.415476+00:00,2026-07-03T09:01:17.415406,2,1,113.0,0.4,112.8,100,112.7,150,,,,,,,,,,,,,,,,,113.2,250,,,,,,,,,,,,,,,,,,
2026-07-03T09:01:18.037465+00:00,2026-07-03T09:01:18.037305,2,1,113.0,0.4,112.8,100,112.7,150,,,,,,,,,,,,,,,,,113.2,206,,,,,,,,,,,,,,,,,,
2026-07-03T09:01:18.086968+00:00,2026-07-03T09:01:18.086928,2,1,113.0,0.4,112.8,53,112.7,150,,,,,,,,,,,,,,,,,113.2,206,,,,,,,,,,,,,,,,,,
2026-07-03T09:01:19.708331+00:00,2026-07-03T09:01:19.708281,2,1,113.0,0.4,112.8,6,112.7,150,,,,,,,,,,,,,,,,,113.2,206,,,,,,,,,,,,,,,,,,
2026-07-03T09:01:19.874692+00:00,2026-07-03T09:01:19.874847,1,1,112.95,0.5,112.7,106,,,,,,,,,,,,,,,,,,,113.2,206,,,,,,,,,,,,,,,,,,
2026-07-03T09:01:20.012123+00:00,2026-07-03T09:01:20.011980,0,1,,,,,,,,,,,,,,,,,,,,,,,113.2,100,,,,,,,,,,,,,,,,,,
2026-07-03T09:01:20.067098+00:00,2026-07-03T09:01:20.066891,1,1,113.1,0.2,113.0,150,,,,,,,,,,,,,,,,,,,113.2,100,,,,,,,,,,,,,,,,,,
2026-07-03T09:01:20.120075+00:00,2026-07-03T09:01:20.119866,1,2,113.1,0.2,113.0,150,,,,,,,,,,,,,,,,,,,113.2,100,113.5,150,,,,,,,,,,,,,,,,
2026-07-03T09:01:20.467791+00:00,2026-07-03T09:01:20.467916,1,1,113.25,0.5,113.0,150,,,,,,,,,,,,,,,,,,,113.5,150,,,,,,,,,,,,,,,,,,
2026-07-03T09:01:20.522623+00:00,2026-07-03T09:01:20.522592,2,1,113.25,0.5,113.0,150,112.6,100,,,,,,,,,,,,,,,,,113.5,150,,,,,,,,,,,,,,,,,,
2026-07-03T09:01:20.577930+00:00,2026-07-03T09:01:20.577821,2,2,113.05,0.1,113.0,150,112.6,100,,,,,,,,,,,,,,,,,113.1,100,113.5,150,,,,,,,,,,,,,,,,
2026-07-03T09:01:21.931254+00:00,2026-07-03T09:01:21.931082,2,2,113.05,0.1,113.0,150,112.6,100,,,,,,,,,,,,,,,,,113.1,50,113.5,150,,,,,,,,,,,,,,,,
2026-07-03T09:01:23.191046+00:00,2026-07-03T09:01:23.190976,2,1,113.05,0.1,113.0,150,112.6,100,,,,,,,,,,,,,,,,,113.1,50,,,,,,,,,,,,,,,,,,
2026-07-03T09:01:23.196057+00:00,2026-07-03T09:01:23.196143,1,1,112.85,0.5,112.6,100,,,,,,,,,,,,,,,,,,,113.1,50,,,,,,,,,,,,,,,,,,
2026-07-03T09:01:23.252019+00:00,2026-07-03T09:01:23.251948,2,1,113.05,0.1,113.0,150,112.6,100,,,,,,,,,,,,,,,,,113.1,50,,,,,,,,,,,,,,,,,,
2026-07-03T09:01:23.304990+00:00,2026-07-03T09:01:23.304836,2,2,113.05,0.1,113.0,150,112.6,100,,,,,,,,,,,,,,,,,113.1,50,113.5,150,,,,,,,,,,,,,,,,
2026-07-03T09:01:23.375862+00:00,2026-07-03T09:01:23.375991,2,2,113.05,0.1,113.0,150,112.6,100,,,,,,,,,,,,,,,,,113.1,4,113.5,150,,,,,,,,,,,,,,,,
2026-07-03T09:01:23.632851+00:00,2026-07-03T09:01:23.632816,1,1,113.25,0.5,113.0,150,,,,,,,,,,,,,,,,,,,113.5,150,,,,,,,,,,,,,,,,,,
2026-07-03T09:01:23.682652+00:00,2026-07-03T09:01:23.682554,1,1,113.25,0.5,113.0,250,,,,,,,,,,,,,,,,,,,113.5,150,,,,,,,,,,,,,,,,,,
2026-07-03T09:01:23.739023+00:00,2026-07-03T09:01:23.739099,1,1,113.25,0.5,113.0,250,,,,,,,,,,,,,,,,,,,113.5,250,,,,,,,,,,,,,,,,,,
2026-07-03T09:01:24.048505+00:00,2026-07-03T09:01:24.058727,1,1,113.25,0.5,113.0,250,,,,,,,,,,,,,,,,,,,113.5,200,,,,,,,,,,,,,,,,,,
2026-07-03T09:01:26.358559+00:00,2026-07-03T09:01:26.357556,1,1,113.25,0.5,113.0,100,,,,,,,,,,,,,,,,,,,113.5,100,,,,,,,,,,,,,,,,,,
2026-07-03T09:01:26.415003+00:00,2026-07-03T09:01:26.414946,2,1,113.4,0.2,113.3,150,113.0,100,,,,,,,,,,,,,,,,,113.5,100,,,,,,,,,,,,,,,,,,
2026-07-03T09:01:26.470166+00:00,2026-07-03T09:01:26.470103,2,2,113.4,0.2,113.3,150,113.0,100,,,,,,,,,,,,,,,,,113.5,100,113.8,150,,,,,,,,,,,,,,,,
2026-07-03T09:01:26.792465+00:00,2026-07-03T09:01:26.792373,1,1,113.55,0.5,113.3,150,,,,,,,,,,,,,,,,,,,113.8,150,,,,,,,,,,,,,,,,,,
2026-07-03T09:01:26.846301+00:00,2026-07-03T09:01:26.846156,2,1,113.55,0.5,113.3,150,113.0,100,,,,,,,,,,,,,,,,,113.8,150,,,,,,,,,,,,,,,,,,
2026-07-03T09:01:26.895922+00:00,2026-07-03T09:01:26.895824,2,2,113.4,0.2,113.3,150,113.0,100,,,,,,,,,,,,,,,,,113.5,100,113.8,150,,,,,,,,,,,,,,,,
2026-07-03T09:01:27.968165+00:00,2026-07-03T09:01:27.962502,2,2,113.4,0.2,113.3,138,113.0,100,,,,,,,,,,,,,,,,,113.5,100,113.8,150,,,,,,,,,,,,,,,,
2026-07-03T09:01:28.258594+00:00,2026-07-03T09:01:28.257423,2,2,113.4,0.2,113.3,138,113.0,100,,,,,,,,,,,,,,,,,113.5,50,113.8,150,,,,,,,,,,,,,,,,
2026-07-03T09:01:29.407150+00:00,2026-07-03T09:01:29.407083,2,2,113.4,0.2,113.3,138,113.0,100,,,,,,,,,,,,,,,,,113.5,10,113.8,150,,,,,,,,,,,,,,,,
2026-07-03T09:01:29.525480+00:00,2026-07-03T09:01:29.525622,1,1,113.25,0.5,113.0,100,,,,,,,,,,,,,,,,,,,113.5,10,,,,,,,,,,,,,,,,,,
2026-07-03T09:01:29.579667+00:00,2026-07-03T09:01:29.579537,2,1,113.35,0.3,113.2,150,113.0,100,,,,,,,,,,,,,,,,,113.5,10,,,,,,,,,,,,,,,,,,
2026-07-03T09:01:29.632715+00:00,2026-07-03T09:01:29.632620,2,2,113.35,0.3,113.2,150,113.0,100,,,,,,,,,,,,,,,,,113.5,10,113.7,150,,,,,,,,,,,,,,,,
2026-07-03T09:01:29.952162+00:00,2026-07-03T09:01:29.952133,1,1,113.45,0.5,113.2,150,,,,,,,,,,,,,,,,,,,113.7,150,,,,,,,,,,,,,,,,,,
2026-07-03T09:01:30.004390+00:00,2026-07-03T09:01:30.004263,2,1,113.5,0.4,113.3,100,113.2,150,,,,,,,,,,,,,,,,,113.7,150,,,,,,,,,,,,,,,,,,
2026-07-03T09:01:30.058621+00:00,2026-07-03T09:01:30.054720,2,2,113.5,0.4,113.3,100,113.2,150,,,,,,,,,,,,,,,,,113.7,150,113.8,100,,,,,,,,,,,,,,,,
2026-07-03T09:01:32.687063+00:00,2026-07-03T09:01:32.687228,1,1,113.55,0.5,113.3,100,,,,,,,,,,,,,,,,,,,113.8,100,,,,,,,,,,,,,,,,,,
2026-07-03T09:01:32.741013+00:00,2026-07-03T09:01:32.740961,2,1,113.55,0.5,113.3,100,113.1,150,,,,,,,,,,,,,,,,,113.8,100,,,,,,,,,,,,,,,,,,
2026-07-03T09:01:32.795101+00:00,2026-07-03T09:01:32.794984,2,2,113.45,0.3,113.3,100,113.1,150,,,,,,,,,,,,,,,,,113.6,150,113.8,100,,,,,,,,,,,,,,,,
2026-07-03T09:01:33.113931+00:00,2026-07-03T09:01:33.113842,1,1,113.35,0.5,113.1,150,,,,,,,,,,,,,,,,,,,113.6,150,,,,,,,,,,,,,,,,,,
2026-07-03T09:01:33.169890+00:00,2026-07-03T09:01:33.169776,2,1,113.45,0.3,113.3,100,113.1,150,,,,,,,,,,,,,,,,,113.6,150,,,,,,,,,,,,,,,,,,
2026-07-03T09:01:33.218805+00:00,2026-07-03T09:01:33.218736,2,2,113.45,0.3,113.3,100,113.1,150,,,,,,,,,,,,,,,,,113.6,150,113.8,100,,,,,,,,,,,,,,,,
2026-07-03T09:01:34.574696+00:00,2026-07-03T09:01:34.574562,2,2,113.45,0.3,113.3,100,113.1,150,,,,,,,,,,,,,,,,,113.6,100,113.8,100,,,,,,,,,,,,,,,,
2026-07-03T09:01:35.069167+00:00,2026-07-03T09:01:35.069049,2,2,113.45,0.3,113.3,57,113.1,150,,,,,,,,,,,,,,,,,113.6,100,113.8,100,,,,,,,,,,,,,,,,
2026-07-03T09:01:35.853515+00:00,2026-07-03T09:01:35.853441,1,1,113.55,0.5,113.3,57,,,,,,,,,,,,,,,,,,,113.8,100,,,,,,,,,,,,,,,,,,
2026-07-03T09:01:35.901537+00:00,2026-07-03T09:01:35.901481,1,1,113.55,0.5,113.3,207,,,,,,,,,,,,,,,,,,,113.8,100,,,,,,,,,,,,,,,,,,
2026-07-03T09:01:35.958555+00:00,2026-07-03T09:01:35.952122,1,1,113.55,0.5,113.3,207,,,,,,,,,,,,,,,,,,,113.8,250,,,,,,,,,,,,,,,,,,
2026-07-03T09:01:36.276323+00:00,2026-07-03T09:01:36.276257,1,1,113.55,0.5,113.3,150,,,,,,,,,,,,,,,,,,,113.8,150,,,,,,,,,,,,,,,,,,
2026-07-03T09:01:36.333140+00:00,2026-07-03T09:01:36.333011,2,1,113.55,0.5,113.3,150,113.1,100,,,,,,,,,,,,,,,,,113.8,150,,,,,,,,,,,,,,,,,,
2026-07-03T09:01:36.385643+00:00,2026-07-03T09:01:36.385557,2,2,113.45,0.3,113.3,150,113.1,100,,,,,,,,,,,,,,,,,113.6,100,113.8,150,,,,,,,,,,,,,,,,
2026-07-03T09:01:36.680611+00:00,2026-07-03T09:01:36.680490,2,2,113.45,0.3,113.3,150,113.1,100,,,,,,,,,,,,,,,,,113.6,50,113.8,150,,,,,,,,,,,,,,,,
2026-07-03T09:01:37.158738+00:00,2026-07-03T09:01:37.153174,2,2,113.45,0.3,113.3,102,113.1,100,,,,,,,,,,,,,,,,,113.6,50,113.8,150,,,,,,,,,,,,,,,,
2026-07-03T09:01:38.787713+00:00,2026-07-03T09:01:38.787930,2,1,113.55,0.5,113.3,102,113.1,100,,,,,,,,,,,,,,,,,113.8,150,,,,,,,,,,,,,,,,,,
2026-07-03T09:01:39.010992+00:00,2026-07-03T09:01:39.010955,1,0,,,113.1,100,,,,,,,,,,,,,,,,,,,,,,,,,,,,,,,,,,,,,,
2026-07-03T09:01:39.064923+00:00,2026-07-03T09:01:39.064801,2,0,,,113.3,150,113.1,100,,,,,,,,,,,,,,,,,,,,,,,,,,,,,,,,,,,,
2026-07-03T09:01:39.117678+00:00,2026-07-03T09:01:39.117580,2,1,113.55,0.5,113.3,150,113.1,100,,,,,,,,,,,,,,,,,113.8,150,,,,,,,,,,,,,,,,,,
2026-07-03T09:01:39.436561+00:00,2026-07-03T09:01:39.436524,1,1,113.55,0.5,113.3,150,,,,,,,,,,,,,,,,,,,113.8,150,,,,,,,,,,,,,,,,,,
2026-07-03T09:01:39.501269+00:00,2026-07-03T09:01:39.495717,2,1,113.7,0.2,113.6,89,113.3,150,,,,,,,,,,,,,,,,,113.8,150,,,,,,,,,,,,,,,,,,
2026-07-03T09:01:39.561447+00:00,2026-07-03T09:01:39.561367,2,2,113.7,0.2,113.6,89,113.3,150,,,,,,,,,,,,,,,,,113.8,150,114.1,100,,,,,,,,,,,,,,,,
2026-07-03T09:01:39.851946+00:00,2026-07-03T09:01:39.852792,2,2,113.7,0.2,113.6,45,113.3,150,,,,,,,,,,,,,,,,,113.8,150,114.1,100,,,,,,,,,,,,,,,,
2026-07-03T09:01:40.895660+00:00,2026-07-03T09:01:40.895577,2,2,113.7,0.2,113.6,45,113.3,150,,,,,,,,,,,,,,,,,113.8,100,114.1,100,,,,,,,,,,,,,,,,
2026-07-03T09:01:42.171366+00:00,2026-07-03T09:01:42.171239,1,1,113.85,0.5,113.6,45,,,,,,,,,,,,,,,,,,,114.1,100,,,,,,,,,,,,,,,,,,
2026-07-03T09:01:42.226251+00:00,2026-07-03T09:01:42.226129,2,1,113.85,0.5,113.6,45,113.5,150,,,,,,,,,,,,,,,,,114.1,100,,,,,,,,,,,,,,,,,,
2026-07-03T09:01:42.279030+00:00,2026-07-03T09:01:42.278906,2,2,113.8,0.4,113.6,45,113.5,150,,,,,,,,,,,,,,,,,114.0,150,114.1,100,,,,,,,,,,,,,,,,
2026-07-03T09:01:42.611558+00:00,2026-07-03T09:01:42.611399,1,1,113.75,0.5,113.5,150,,,,,,,,,,,,,,,,,,,114.0,150,,,,,,,,,,,,,,,,,,
2026-07-03T09:01:42.667761+00:00,2026-07-03T09:01:42.667885,1,1,113.75,0.5,113.5,250,,,,,,,,,,,,,,,,,,,114.0,150,,,,,,,,,,,,,,,,,,
2026-07-03T09:01:42.721579+00:00,2026-07-03T09:01:42.721476,1,1,113.75,0.5,113.5,250,,,,,,,,,,,,,,,,,,,114.0,250,,,,,,,,,,,,,,,,,,
2026-07-03T09:01:43.001823+00:00,2026-07-03T09:01:43.002036,1,1,113.75,0.5,113.5,250,,,,,,,,,,,,,,,,,,,114.0,200,,,,,,,,,,,,,,,,,,
2026-07-03T09:01:45.105417+00:00,2026-07-03T09:01:45.105562,1,1,113.75,0.5,113.5,250,,,,,,,,,,,,,,,,,,,114.0,150,,,,,,,,,,,,,,,,,,
2026-07-03T09:01:45.116001+00:00,2026-07-03T09:01:45.115886,1,1,113.75,0.5,113.5,250,,,,,,,,,,,,,,,,,,,114.0,104,,,,,,,,,,,,,,,,,,
2026-07-03T09:01:45.334812+00:00,2026-07-03T09:01:45.334716,1,1,113.75,0.5,113.5,100,,,,,,,,,,,,,,,,,,,114.0,100,,,,,,,,,,,,,,,,,,
2026-07-03T09:01:45.385997+00:00,2026-07-03T09:01:45.386112,2,0,,,114.2,50,113.5,100,,,,,,,,,,,,,,,,,,,,,,,,,,,,,,,,,,,,
2026-07-03T09:01:45.450899+00:00,2026-07-03T09:01:45.445247,1,1,114.05,1.1,113.5,100,,,,,,,,,,,,,,,,,,,114.6,150,,,,,,,,,,,,,,,,,,
2026-07-03T09:01:45.774311+00:00,2026-07-03T09:01:45.774285,0,1,,,,,,,,,,,,,,,,,,,,,,,114.6,150,,,,,,,,,,,,,,,,,,
2026-07-03T09:01:45.828070+00:00,2026-07-03T09:01:45.827963,1,1,114.2,0.8,113.8,100,,,,,,,,,,,,,,,,,,,114.6,150,,,,,,,,,,,,,,,,,,
2026-07-03T09:01:45.879824+00:00,2026-07-03T09:01:45.880049,1,2,114.05,0.5,113.8,100,,,,,,,,,,,,,,,,,,,114.3,100,114.6,150,,,,,,,,,,,,,,,,
2026-07-03T09:01:47.214514+00:00,2026-07-03T09:01:47.214446,1,2,114.05,0.5,113.8,100,,,,,,,,,,,,,,,,,,,114.3,50,114.6,150,,,,,,,,,,,,,,,,
2026-07-03T09:01:48.496974+00:00,2026-07-03T09:01:48.496836,1,1,114.05,0.5,113.8,100,,,,,,,,,,,,,,,,,,,114.3,50,,,,,,,,,,,,,,,,,,
2026-07-03T09:01:48.550250+00:00,2026-07-03T09:01:48.550160,2,1,114.05,0.5,113.8,100,113.7,150,,,,,,,,,,,,,,,,,114.3,50,,,,,,,,,,,,,,,,,,
2026-07-03T09:01:48.603216+00:00,2026-07-03T09:01:48.603166,2,2,114.0,0.4,113.8,100,113.7,150,,,,,,,,,,,,,,,,,114.2,150,114.3,50,,,,,,,,,,,,,,,,
2026-07-03T09:01:48.938418+00:00,2026-07-03T09:01:48.938556,1,1,113.95,0.5,113.7,150,,,,,,,,,,,,,,,,,,,114.2,150,,,,,,,,,,,,,,,,,,
2026-07-03T09:01:48.991526+00:00,2026-07-03T09:01:48.991657,2,1,114.15,0.1,114.1,100,113.7,150,,,,,,,,,,,,,,,,,114.2,150,,,,,,,,,,,,,,,,,,
2026-07-03T09:01:49.004034+00:00,2026-07-03T09:01:48.996597,2,1,114.15,0.1,114.1,93,113.7,150,,,,,,,,,,,,,,,,,114.2,150,,,,,,,,,,,,,,,,,,
2026-07-03T09:01:49.045430+00:00,2026-07-03T09:01:49.045346,2,2,114.15,0.1,114.1,93,113.7,150,,,,,,,,,,,,,,,,,114.2,150,114.6,100,,,,,,,,,,,,,,,,
2026-07-03T09:01:49.321264+00:00,2026-07-03T09:01:49.321103,2,2,114.15,0.1,114.1,93,113.7,150,,,,,,,,,,,,,,,,,114.2,100,114.6,100,,,,,,,,,,,,,,,,
2026-07-03T09:01:51.427171+00:00,2026-07-03T09:01:51.427099,2,2,114.15,0.1,114.1,93,113.7,150,,,,,,,,,,,,,,,,,114.2,50,114.6,100,,,,,,,,,,,,,,,,
2026-07-03T09:01:51.667187+00:00,2026-07-03T09:01:51.667134,1,1,114.35,0.5,114.1,93,,,,,,,,,,,,,,,,,,,114.6,100,,,,,,,,,,,,,,,,,,
2026-07-03T09:01:51.719570+00:00,2026-07-03T09:01:51.719464,2,1,114.35,0.5,114.1,93,114.0,150,,,,,,,,,,,,,,,,,114.6,100,,,,,,,,,,,,,,,,,,
2026-07-03T09:01:51.771224+00:00,2026-07-03T09:01:51.771069,2,2,114.3,0.4,114.1,93,114.0,150,,,,,,,,,,,,,,,,,114.5,150,114.6,100,,,,,,,,,,,,,,,,
2026-07-03T09:01:52.099387+00:00,2026-07-03T09:01:52.099314,1,1,114.25,0.5,114.0,150,,,,,,,,,,,,,,,,,,,114.5,150,,,,,,,,,,,,,,,,,,
2026-07-03T09:01:52.153097+00:00,2026-07-03T09:01:52.153176,1,1,114.25,0.5,114.0,250,,,,,,,,,,,,,,,,,,,114.5,150,,,,,,,,,,,,,,,,,,
2026-07-03T09:01:52.213013+00:00,2026-07-03T09:01:52.213127,1,1,114.25,0.5,114.0,250,,,,,,,,,,,,,,,,,,,114.5,250,,,,,,,,,,,,,,,,,,
2026-07-03T09:01:53.212776+00:00,2026-07-03T09:01:53.212966,1,1,114.25,0.5,114.0,203,,,,,,,,,,,,,,,,,,,114.5,250,,,,,,,,,,,,,,,,,,
2026-07-03T09:01:53.535084+00:00,2026-07-03T09:01:53.535057,1,1,114.25,0.5,114.0,203,,,,,,,,,,,,,,,,,,,114.5,200,,,,,,,,,,,,,,,,,,
2026-07-03T09:01:54.217176+00:00,2026-07-03T09:01:54.217355,1,1,114.25,0.5,114.0,203,,,,,,,,,,,,,,,,,,,114.5,155,,,,,,,,,,,,,,,,,,
2026-07-03T09:01:54.825324+00:00,2026-07-03T09:01:54.825250,1,1,114.25,0.5,114.0,203,,,,,,,,,,,,,,,,,,,114.5,100,,,,,,,,,,,,,,,,,,
2026-07-03T09:01:54.830509+00:00,2026-07-03T09:01:54.830461,1,1,114.25,0.5,114.0,100,,,,,,,,,,,,,,,,,,,114.5,100,,,,,,,,,,,,,,,,,,
2026-07-03T09:01:54.883363+00:00,2026-07-03T09:01:54.883258,2,1,114.4,0.2,114.3,150,114.0,100,,,,,,,,,,,,,,,,,114.5,100,,,,,,,,,,,,,,,,,,
2026-07-03T09:01:54.934948+00:00,2026-07-03T09:01:54.935145,2,2,114.4,0.2,114.3,150,114.0,100,,,,,,,,,,,,,,,,,114.5,100,114.8,150,,,,,,,,,,,,,,,,
2026-07-03T09:01:55.268651+00:00,2026-07-03T09:01:55.268573,1,1,114.55,0.5,114.3,150,,,,,,,,,,,,,,,,,,,114.8,150,,,,,,,,,,,,,,,,,,
2026-07-03T09:01:55.273877+00:00,2026-07-03T09:01:55.273801,1,1,114.55,0.5,114.3,110,,,,,,,,,,,,,,,,,,,114.8,150,,,,,,,,,,,,,,,,,,
2026-07-03T09:01:55.321137+00:00,2026-07-03T09:01:55.321018,2,1,114.55,0.5,114.3,110,114.1,100,,,,,,,,,,,,,,,,,114.8,150,,,,,,,,,,,,,,,,,,
2026-07-03T09:01:55.374459+00:00,2026-07-03T09:01:55.374297,2,2,114.45,0.3,114.3,110,114.1,100,,,,,,,,,,,,,,,,,114.6,100,114.8,150,,,,,,,,,,,,,,,,
2026-07-03T09:01:55.528781+00:00,2026-07-03T09:01:55.522986,2,2,114.45,0.3,114.3,107,114.1,100,,,,,,,,,,,,,,,,,114.6,100,114.8,150,,,,,,,,,,,,,,,,
2026-07-03T09:01:55.642956+00:00,2026-07-03T09:01:55.642875,2,2,114.45,0.3,114.3,107,114.1,100,,,,,,,,,,,,,,,,,114.6,50,114.8,150,,,,,,,,,,,,,,,,
2026-07-03T09:01:56.186764+00:00,2026-07-03T09:01:56.186618,2,2,114.45,0.3,114.3,61,114.1,100,,,,,,,,,,,,,,,,,114.6,50,114.8,150,,,,,,,,,,,,,,,,
2026-07-03T09:01:57.749847+00:00,2026-07-03T09:01:57.749814,2,1,114.55,0.5,114.3,61,114.1,100,,,,,,,,,,,,,,,,,114.8,150,,,,,,,,,,,,,,,,,,
2026-07-03T09:01:57.988693+00:00,2026-07-03T09:01:57.988596,1,0,,,114.1,100,,,,,,,,,,,,,,,,,,,,,,,,,,,,,,,,,,,,,,
2026-07-03T09:01:58.046560+00:00,2026-07-03T09:01:58.046496,2,0,,,114.1,100,113.7,150,,,,,,,,,,,,,,,,,,,,,,,,,,,,,,,,,,,,
2026-07-03T09:01:58.099524+00:00,2026-07-03T09:01:58.099483,2,1,114.15,0.1,114.1,100,113.7,150,,,,,,,,,,,,,,,,,114.2,150,,,,,,,,,,,,,,,,,,
2026-07-03T09:01:58.139695+00:00,2026-07-03T09:01:58.134288,2,1,114.15,0.1,114.1,100,113.7,150,,,,,,,,,,,,,,,,,114.2,147,,,,,,,,,,,,,,,,,,
2026-07-03T09:01:58.430568+00:00,2026-07-03T09:01:58.430657,1,1,113.95,0.5,113.7,150,,,,,,,,,,,,,,,,,,,114.2,147,,,,,,,,,,,,,,,,,,
2026-07-03T09:01:58.483677+00:00,2026-07-03T09:01:58.483545,1,1,113.95,0.5,113.7,150,,,,,,,,,,,,,,,,,,,114.2,47,,,,,,,,,,,,,,,,,,
2026-07-03T09:01:58.541366+00:00,2026-07-03T09:01:58.541230,1,2,113.95,0.5,113.7,150,,,,,,,,,,,,,,,,,,,114.2,47,114.9,100,,,,,,,,,,,,,,,,
2026-07-03T09:01:59.864636+00:00,2026-07-03T09:01:59.864236,1,1,114.3,1.2,113.7,150,,,,,,,,,,,,,,,,,,,114.9,97,,,,,,,,,,,,,,,,,,
2026-07-03T09:02:01.152068+00:00,2026-07-03T09:02:01.151918,0,1,,,,,,,,,,,,,,,,,,,,,,,114.9,97,,,,,,,,,,,,,,,,,,
2026-07-03T09:02:01.213522+00:00,2026-07-03T09:02:01.208129,1,1,114.6,0.6,114.3,147,,,,,,,,,,,,,,,,,,,114.9,97,,,,,,,,,,,,,,,,,,
2026-07-03T09:02:01.259794+00:00,2026-07-03T09:02:01.259930,1,2,114.55,0.5,114.3,147,,,,,,,,,,,,,,,,,,,114.8,150,114.9,97,,,,,,,,,,,,,,,,
2026-07-03T09:02:01.592263+00:00,2026-07-03T09:02:01.592167,1,1,114.55,0.5,114.3,147,,,,,,,,,,,,,,,,,,,114.8,150,,,,,,,,,,,,,,,,,,
2026-07-03T09:02:01.645389+00:00,2026-07-03T09:02:01.645337,2,1,114.55,0.5,114.3,147,113.9,100,,,,,,,,,,,,,,,,,114.8,150,,,,,,,,,,,,,,,,,,
2026-07-03T09:02:01.698503+00:00,2026-07-03T09:02:01.698674,2,2,114.35,0.1,114.3,147,113.9,100,,,,,,,,,,,,,,,,,114.4,100,114.8,150,,,,,,,,,,,,,,,,
2026-07-03T09:02:01.963750+00:00,2026-07-03T09:02:01.963693,2,2,114.35,0.1,114.3,147,113.9,100,,,,,,,,,,,,,,,,,114.4,50,114.8,150,,,,,,,,,,,,,,,,
2026-07-03T09:02:04.071006+00:00,2026-07-03T09:02:04.070931,2,1,114.55,0.5,114.3,147,113.9,100,,,,,,,,,,,,,,,,,114.8,150,,,,,,,,,,,,,,,,,,
2026-07-03T09:02:04.312792+00:00,2026-07-03T09:02:04.312940,1,0,,,113.9,100,,,,,,,,,,,,,,,,,,,,,,,,,,,,,,,,,,,,,,
2026-07-03T09:02:04.370216+00:00,2026-07-03T09:02:04.370166,2,0,,,114.5,150,113.9,100,,,,,,,,,,,,,,,,,,,,,,,,,,,,,,,,,,,,
2026-07-03T09:02:04.422876+00:00,2026-07-03T09:02:04.422821,2,1,114.75,0.5,114.5,150,113.9,100,,,,,,,,,,,,,,,,,115.0,150,,,,,,,,,,,,,,,,,,
2026-07-03T09:02:04.754180+00:00,2026-07-03T09:02:04.754073,1,1,114.75,0.5,114.5,150,,,,,,,,,,,,,,,,,,,115.0,150,,,,,,,,,,,,,,,,,,
2026-07-03T09:02:04.806666+00:00,2026-07-03T09:02:04.806550,2,1,114.75,0.5,114.5,150,114.4,100,,,,,,,,,,,,,,,,,115.0,150,,,,,,,,,,,,,,,,,,
2026-07-03T09:02:04.858564+00:00,2026-07-03T09:02:04.853310,2,2,114.7,0.4,114.5,150,114.4,100,,,,,,,,,,,,,,,,,114.9,100,115.0,150,,,,,,,,,,,,,,,,
2026-07-03T09:02:05.883481+00:00,2026-07-03T09:02:05.883317,2,2,114.7,0.4,114.5,150,114.4,100,,,,,,,,,,,,,,,,,114.9,56,115.0,150,,,,,,,,,,,,,,,,
2026-07-03T09:02:06.212531+00:00,2026-07-03T09:02:06.212624,2,2,114.7,0.4,114.5,150,114.4,100,,,,,,,,,,,,,,,,,114.9,6,115.0,150,,,,,,,,,,,,,,,,
2026-07-03T09:02:07.000449+00:00,2026-07-03T09:02:07.000645,2,2,114.7,0.4,114.5,107,114.4,100,,,,,,,,,,,,,,,,,114.9,6,115.0,150,,,,,,,,,,,,,,,,
2026-07-03T09:02:07.480354+00:00,2026-07-03T09:02:07.480241,1,1,114.65,0.5,114.4,100,,,,,,,,,,,,,,,,,,,114.9,6,,,,,,,,,,,,,,,,,,
2026-07-03T09:02:07.533851+00:00,2026-07-03T09:02:07.533746,2,1,114.7,0.4,114.5,150,114.4,100,,,,,,,,,,,,,,,,,114.9,6,,,,,,,,,,,,,,,,,,
2026-07-03T09:02:07.588883+00:00,2026-07-03T09:02:07.588959,2,2,114.7,0.4,114.5,150,114.4,100,,,,,,,,,,,,,,,,,114.9,6,115.0,150,,,,,,,,,,,,,,,,
2026-07-03T09:02:07.915653+00:00,2026-07-03T09:02:07.915607,1,1,114.75,0.5,114.5,150,,,,,,,,,,,,,,,,,,,115.0,150,,,,,,,,,,,,,,,,,,
2026-07-03T09:02:07.973948+00:00,2026-07-03T09:02:07.968585,2,1,114.9,0.2,114.8,97,114.5,150,,,,,,,,,,,,,,,,,115.0,150,,,,,,,,,,,,,,,,,,
2026-07-03T09:02:08.017755+00:00,2026-07-03T09:02:08.017621,2,2,114.9,0.2,114.8,97,114.5,150,,,,,,,,,,,,,,,,,115.0,150,115.3,100,,,,,,,,,,,,,,,,
2026-07-03T09:02:08.319995+00:00,2026-07-03T09:02:08.320063,2,2,114.9,0.2,114.8,97,114.5,150,,,,,,,,,,,,,,,,,115.0,100,115.3,100,,,,,,,,,,,,,,,,
2026-07-03T09:02:08.657102+00:00,2026-07-03T09:02:08.651869,2,2,114.9,0.2,114.8,97,114.5,150,,,,,,,,,,,,,,,,,115.0,97,115.3,100,,,,,,,,,,,,,,,,
2026-07-03T09:02:10.425401+00:00,2026-07-03T09:02:10.425328,2,2,114.9,0.2,114.8,97,114.5,150,,,,,,,,,,,,,,,,,115.0,47,115.3,100,,,,,,,,,,,,,,,,
2026-07-03T09:02:10.642667+00:00,2026-07-03T09:02:10.642597,1,1,115.05,0.5,114.8,97,,,,,,,,,,,,,,,,,,,115.3,100,,,,,,,,,,,,,,,,,,
2026-07-03T09:02:10.692146+00:00,2026-07-03T09:02:10.692024,2,1,115.25,0.1,115.2,150,114.8,97,,,,,,,,,,,,,,,,,115.3,100,,,,,,,,,,,,,,,,,,
2026-07-03T09:02:10.748428+00:00,2026-07-03T09:02:10.748504,2,2,115.25,0.1,115.2,150,114.8,97,,,,,,,,,,,,,,,,,115.3,100,115.7,150,,,,,,,,,,,,,,,,
2026-07-03T09:02:11.079401+00:00,2026-07-03T09:02:11.072853,1,1,115.45,0.5,115.2,147,,,,,,,,,,,,,,,,,,,115.7,150,,,,,,,,,,,,,,,,,,
2026-07-03T09:02:11.128482+00:00,2026-07-03T09:02:11.128566,2,1,115.45,0.5,115.2,147,115.1,100,,,,,,,,,,,,,,,,,115.7,150,,,,,,,,,,,,,,,,,,
2026-07-03T09:02:11.178269+00:00,2026-07-03T09:02:11.178223,2,2,115.4,0.4,115.2,147,115.1,100,,,,,,,,,,,,,,,,,115.6,100,115.7,150,,,,,,,,,,,,,,,,
2026-07-03T09:02:11.278428+00:00,2026-07-03T09:02:11.273257,2,2,115.4,0.4,115.2,136,115.1,100,,,,,,,,,,,,,,,,,115.6,100,115.7,150,,,,,,,,,,,,,,,,
2026-07-03T09:02:12.531727+00:00,2026-07-03T09:02:12.531839,2,2,115.4,0.4,115.2,136,115.1,100,,,,,,,,,,,,,,,,,115.6,50,115.7,150,,,,,,,,,,,,,,,,
2026-07-03T09:02:13.803042+00:00,2026-07-03T09:02:13.802967,1,1,115.35,0.5,115.1,100,,,,,,,,,,,,,,,,,,,115.6,50,,,,,,,,,,,,,,,,,,
2026-07-03T09:02:13.863781+00:00,2026-07-03T09:02:13.863738,2,1,115.4,0.4,115.2,150,115.1,100,,,,,,,,,,,,,,,,,115.6,50,,,,,,,,,,,,,,,,,,
2026-07-03T09:02:13.904448+00:00,2026-07-03T09:02:13.904391,2,2,115.4,0.4,115.2,150,115.1,100,,,,,,,,,,,,,,,,,115.6,50,115.7,150,,,,,,,,,,,,,,,,
2026-07-03T09:02:14.236204+00:00,2026-07-03T09:02:14.236133,1,1,115.45,0.5,115.2,150,,,,,,,,,,,,,,,,,,,115.7,150,,,,,,,,,,,,,,,,,,
2026-07-03T09:02:14.290395+00:00,2026-07-03T09:02:14.290303,2,1,115.5,0.4,115.3,100,115.2,150,,,,,,,,,,,,,,,,,115.7,150,,,,,,,,,,,,,,,,,,
2026-07-03T09:02:14.342603+00:00,2026-07-03T09:02:14.342723,2,2,115.5,0.4,115.3,100,115.2,150,,,,,,,,,,,,,,,,,115.7,150,115.8,100,,,,,,,,,,,,,,,,
2026-07-03T09:02:14.674293+00:00,2026-07-03T09:02:14.674226,2,2,115.5,0.4,115.3,100,115.2,150,,,,,,,,,,,,,,,,,115.7,100,115.8,100,,,,,,,,,,,,,,,,
2026-07-03T09:02:16.079660+00:00,2026-07-03T09:02:16.079452,2,2,115.5,0.4,115.3,100,115.2,150,,,,,,,,,,,,,,,,,115.7,56,115.8,100,,,,,,,,,,,,,,,,
2026-07-03T09:02:16.506850+00:00,2026-07-03T09:02:16.501134,2,2,115.5,0.4,115.3,88,115.2,150,,,,,,,,,,,,,,,,,115.7,56,115.8,100,,,,,,,,,,,,,,,,
2026-07-03T09:02:16.782739+00:00,2026-07-03T09:02:16.782683,2,2,115.5,0.4,115.3,88,115.2,150,,,,,,,,,,,,,,,,,115.7,6,115.8,100,,,,,,,,,,,,,,,,
2026-07-03T09:02:16.964109+00:00,2026-07-03T09:02:16.964073,1,1,115.55,0.5,115.3,88,,,,,,,,,,,,,,,,,,,115.8,100,,,,,,,,,,,,,,,,,,
2026-07-03T09:02:17.083400+00:00,2026-07-03T09:02:17.079689,2,2,115.7,0.2,115.6,116,115.3,88,,,,,,,,,,,,,,,,,115.8,100,116.1,150,,,,,,,,,,,,,,,,
2026-07-03T09:02:17.098501+00:00,2026-07-03T09:02:17.159378,2,2,115.7,0.2,115.6,94,115.3,88,,,,,,,,,,,,,,,,,115.8,100,116.1,150,,,,,,,,,,,,,,,,
2026-07-03T09:02:17.395922+00:00,2026-07-03T09:02:17.395812,1,1,115.85,0.5,115.6,94,,,,,,,,,,,,,,,,,,,116.1,150,,,,,,,,,,,,,,,,,,
2026-07-03T09:02:17.451513+00:00,2026-07-03T09:02:17.451408,2,1,115.85,0.5,115.6,94,115.1,100,,,,,,,,,,,,,,,,,116.1,150,,,,,,,,,,,,,,,,,,
2026-07-03T09:02:17.505503+00:00,2026-07-03T09:02:17.505391,1,2,115.35,0.5,115.1,100,,,,,,,,,,,,,,,,,,,115.6,6,116.1,150,,,,,,,,,,,,,,,,
2026-07-03T09:02:18.964327+00:00,2026-07-03T09:02:18.964223,1,2,115.35,0.5,115.1,50,,,,,,,,,,,,,,,,,,,115.6,6,116.1,150,,,,,,,,,,,,,,,,
2026-07-03T09:02:19.096809+00:00,2026-07-03T09:02:19.096742,1,2,115.35,0.5,115.1,2,,,,,,,,,,,,,,,,,,,115.6,6,116.1,150,,,,,,,,,,,,,,,,
2026-07-03T09:02:20.140455+00:00,2026-07-03T09:02:20.140269,1,1,115.35,0.5,115.1,2,,,,,,,,,,,,,,,,,,,115.6,6,,,,,,,,,,,,,,,,,,
2026-07-03T09:02:20.196037+00:00,2026-07-03T09:02:20.195945,2,1,115.4,0.4,115.2,150,115.1,2,,,,,,,,,,,,,,,,,115.6,6,,,,,,,,,,,,,,,,,,
2026-07-03T09:02:20.249484+00:00,2026-07-03T09:02:20.249364,2,2,115.4,0.4,115.2,150,115.1,2,,,,,,,,,,,,,,,,,115.6,6,115.7,150,,,,,,,,,,,,,,,,
2026-07-03T09:02:20.556059+00:00,2026-07-03T09:02:20.556248,1,1,115.45,0.5,115.2,150,,,,,,,,,,,,,,,,,,,115.7,150,,,,,,,,,,,,,,,,,,
2026-07-03T09:02:20.614861+00:00,2026-07-03T09:02:20.614802,2,1,115.5,0.4,115.3,100,115.2,150,,,,,,,,,,,,,,,,,115.7,150,,,,,,,,,,,,,,,,,,
2026-07-03T09:02:20.658574+00:00,2026-07-03T09:02:20.657305,2,2,115.5,0.4,115.3,100,115.2,150,,,,,,,,,,,,,,,,,115.7,150,115.8,100,,,,,,,,,,,,,,,,
2026-07-03T09:02:21.074499+00:00,2026-07-03T09:02:21.074310,2,2,115.5,0.4,115.3,50,115.2,150,,,,,,,,,,,,,,,,,115.7,150,115.8,100,,,,,,,,,,,,,,,,
2026-07-03T09:02:22.534885+00:00,2026-07-03T09:02:22.534795,2,2,115.5,0.4,115.3,7,115.2,150,,,,,,,,,,,,,,,,,115.7,150,115.8,100,,,,,,,,,,,,,,,,
2026-07-03T09:02:23.180516+00:00,2026-07-03T09:02:23.180365,1,2,115.45,0.5,115.2,107,,,,,,,,,,,,,,,,,,,115.7,150,115.8,100,,,,,,,,,,,,,,,,
2026-07-03T09:02:23.306804+00:00,2026-07-03T09:02:23.307041,0,1,,,,,,,,,,,,,,,,,,,,,,,115.8,100,,,,,,,,,,,,,,,,,,
2026-07-03T09:02:23.356328+00:00,2026-07-03T09:02:23.356257,1,1,115.35,0.9,114.9,150,,,,,,,,,,,,,,,,,,,115.8,100,,,,,,,,,,,,,,,,,,
2026-07-03T09:02:23.420571+00:00,2026-07-03T09:02:23.413228,1,2,115.15,0.5,114.9,150,,,,,,,,,,,,,,,,,,,115.4,139,115.8,100,,,,,,,,,,,,,,,,
2026-07-03T09:02:23.740077+00:00,2026-07-03T09:02:23.739977,1,1,115.15,0.5,114.9,150,,,,,,,,,,,,,,,,,,,115.4,139,,,,,,,,,,,,,,,,,,
2026-07-03T09:02:23.791291+00:00,2026-07-03T09:02:23.791422,1,1,115.15,0.5,114.9,250,,,,,,,,,,,,,,,,,,,115.4,139,,,,,,,,,,,,,,,,,,
2026-07-03T09:02:23.844160+00:00,2026-07-03T09:02:23.844073,1,1,115.15,0.5,114.9,250,,,,,,,,,,,,,,,,,,,115.4,239,,,,,,,,,,,,,,,,,,
2026-07-03T09:02:25.288043+00:00,2026-07-03T09:02:25.287906,1,1,115.15,0.5,114.9,200,,,,,,,,,,,,,,,,,,,115.4,239,,,,,,,,,,,,,,,,,,
2026-07-03T09:02:26.464471+00:00,2026-07-03T09:02:26.464387,1,1,115.15,0.5,114.9,100,,,,,,,,,,,,,,,,,,,115.4,100,,,,,,,,,,,,,,,,,,
2026-07-03T09:02:26.519792+00:00,2026-07-03T09:02:26.519927,2,1,115.25,0.3,115.1,150,114.9,100,,,,,,,,,,,,,,,,,115.4,100,,,,,,,,,,,,,,,,,,
2026-07-03T09:02:26.572466+00:00,2026-07-03T09:02:26.572335,2,2,115.25,0.3,115.1,150,114.9,100,,,,,,,,,,,,,,,,,115.4,100,115.6,150,,,,,,,,,,,,,,,,
2026-07-03T09:02:26.798793+00:00,2026-07-03T09:02:26.792365,2,2,115.25,0.3,115.1,150,114.9,100,,,,,,,,,,,,,,,,,115.4,88,115.6,150,,,,,,,,,,,,,,,,
2026-07-03T09:02:26.900143+00:00,2026-07-03T09:02:26.900076,1,1,115.35,0.5,115.1,150,,,,,,,,,,,,,,,,,,,115.6,150,,,,,,,,,,,,,,,,,,
2026-07-03T09:02:26.958804+00:00,2026-07-03T09:02:26.958699,1,1,115.35,0.5,115.1,250,,,,,,,,,,,,,,,,,,,115.6,150,,,,,,,,,,,,,,,,,,
2026-07-03T09:02:27.009163+00:00,2026-07-03T09:02:27.009055,1,1,115.35,0.5,115.1,250,,,,,,,,,,,,,,,,,,,115.6,250,,,,,,,,,,,,,,,,,,
2026-07-03T09:02:27.405981+00:00,2026-07-03T09:02:27.405762,1,1,115.35,0.5,115.1,200,,,,,,,,,,,,,,,,,,,115.6,250,,,,,,,,,,,,,,,,,,
2026-07-03T09:02:29.510451+00:00,2026-07-03T09:02:29.510359,1,1,115.35,0.5,115.1,150,,,,,,,,,,,,,,,,,,,115.6,250,,,,,,,,,,,,,,,,,,
2026-07-03T09:02:29.628027+00:00,2026-07-03T09:02:29.628008,1,1,115.35,0.5,115.1,100,,,,,,,,,,,,,,,,,,,115.6,100,,,,,,,,,,,,,,,,,,
2026-07-03T09:02:29.683774+00:00,2026-07-03T09:02:29.683670,2,1,115.35,0.5,115.1,100,114.4,150,,,,,,,,,,,,,,,,,115.6,100,,,,,,,,,,,,,,,,,,
2026-07-03T09:02:29.746342+00:00,2026-07-03T09:02:29.740973,1,2,114.65,0.5,114.4,150,,,,,,,,,,,,,,,,,,,114.9,13,115.6,100,,,,,,,,,,,,,,,,
2026-07-03T09:02:30.063703+00:00,2026-07-03T09:02:30.063945,1,1,114.65,0.5,114.4,150,,,,,,,,,,,,,,,,,,,114.9,13,,,,,,,,,,,,,,,,,,
2026-07-03T09:02:30.115536+00:00,2026-07-03T09:02:30.115736,2,0,,,114.9,87,114.4,150,,,,,,,,,,,,,,,,,,,,,,,,,,,,,,,,,,,,
2026-07-03T09:02:30.170559+00:00,2026-07-03T09:02:30.170454,2,1,115.15,0.5,114.9,87,114.4,150,,,,,,,,,,,,,,,,,115.4,100,,,,,,,,,,,,,,,,,,
2026-07-03T09:02:32.792664+00:00,2026-07-03T09:02:32.792744,1,1,115.15,0.5,114.9,87,,,,,,,,,,,,,,,,,,,115.4,100,,,,,,,,,,,,,,,,,,
2026-07-03T09:02:32.845258+00:00,2026-07-03T09:02:32.845100,2,1,115.25,0.3,115.1,150,114.9,87,,,,,,,,,,,,,,,,,115.4,100,,,,,,,,,,,,,,,,,,
2026-07-03T09:02:32.897000+00:00,2026-07-03T09:02:32.896943,2,2,115.25,0.3,115.1,150,114.9,87,,,,,,,,,,,,,,,,,115.4,100,115.6,150,,,,,,,,,,,,,,,,
2026-07-03T09:02:33.224020+00:00,2026-07-03T09:02:33.223937,1,1,115.35,0.5,115.1,150,,,,,,,,,,,,,,,,,,,115.6,150,,,,,,,,,,,,,,,,,,
2026-07-03T09:02:33.276831+00:00,2026-07-03T09:02:33.276776,2,1,115.35,0.5,115.1,150,114.8,100,,,,,,,,,,,,,,,,,115.6,150,,,,,,,,,,,,,,,,,,
2026-07-03T09:02:33.333130+00:00,2026-07-03T09:02:33.333009,2,2,115.2,0.2,115.1,150,114.8,100,,,,,,,,,,,,,,,,,115.3,100,115.6,150,,,,,,,,,,,,,,,,
2026-07-03T09:02:33.670062+00:00,2026-07-03T09:02:33.670007,2,2,115.2,0.2,115.1,150,114.8,100,,,,,,,,,,,,,,,,,115.3,50,115.6,150,,,,,,,,,,,,,,,,
2026-07-03T09:02:34.358591+00:00,2026-07-03T09:02:34.356894,2,2,115.2,0.2,115.1,150,114.8,100,,,,,,,,,,,,,,,,,115.3,9,115.6,150,,,,,,,,,,,,,,,,
2026-07-03T09:02:34.994065+00:00,2026-07-03T09:02:34.993964,2,1,115.35,0.5,115.1,150,114.8,100,,,,,,,,,,,,,,,,,115.6,110,,,,,,,,,,,,,,,,,,
2026-07-03T09:02:35.859745+00:00,2026-07-03T09:02:35.859591,2,1,115.35,0.5,115.1,100,114.8,100,,,,,,,,,,,,,,,,,115.6,110,,,,,,,,,,,,,,,,,,
2026-07-03T09:02:35.950113+00:00,2026-07-03T09:02:35.950012,1,0,,,114.8,100,,,,,,,,,,,,,,,,,,,,,,,,,,,,,,,,,,,,,,
2026-07-03T09:02:36.005349+00:00,2026-07-03T09:02:36.005299,2,0,,,115.2,150,114.8,100,,,,,,,,,,,,,,,,,,,,,,,,,,,,,,,,,,,,
2026-07-03T09:02:36.063960+00:00,2026-07-03T09:02:36.063821,2,1,115.45,0.5,115.2,150,114.8,100,,,,,,,,,,,,,,,,,115.7,150,,,,,,,,,,,,,,,,,,
2026-07-03T09:02:36.386910+00:00,2026-07-03T09:02:36.386863,1,1,115.45,0.5,115.2,150,,,,,,,,,,,,,,,,,,,115.7,150,,,,,,,,,,,,,,,,,,
2026-07-03T09:02:36.464386+00:00,2026-07-03T09:02:36.464252,2,1,115.45,0.5,115.2,150,115.1,100,,,,,,,,,,,,,,,,,115.7,150,,,,,,,,,,,,,,,,,,
2026-07-03T09:02:36.518031+00:00,2026-07-03T09:02:36.517897,2,2,115.4,0.4,115.2,150,115.1,100,,,,,,,,,,,,,,,,,115.6,100,115.7,150,,,,,,,,,,,,,,,,
2026-07-03T09:02:37.507553+00:00,2026-07-03T09:02:37.501558,2,2,115.4,0.4,115.2,147,115.1,100,,,,,,,,,,,,,,,,,115.6,100,115.7,150,,,,,,,,,,,,,,,,
2026-07-03T09:02:39.112236+00:00,2026-07-03T09:02:39.112186,1,1,115.35,0.5,115.1,100,,,,,,,,,,,,,,,,,,,115.6,100,,,,,,,,,,,,,,,,,,
2026-07-03T09:02:39.166923+00:00,2026-07-03T09:02:39.166821,2,1,115.35,0.5,115.1,100,115.0,150,,,,,,,,,,,,,,,,,115.6,100,,,,,,,,,,,,,,,,,,
2026-07-03T09:02:39.220730+00:00,2026-07-03T09:02:39.220621,2,2,115.3,0.4,115.1,100,115.0,150,,,,,,,,,,,,,,,,,115.5,150,115.6,100,,,,,,,,,,,,,,,,
2026-07-03T09:02:39.572430+00:00,2026-07-03T09:02:39.572320,1,1,115.25,0.5,115.0,150,,,,,,,,,,,,,,,,,,,115.5,150,,,,,,,,,,,,,,,,,,
2026-07-03T09:02:39.626747+00:00,2026-07-03T09:02:39.626818,1,1,115.25,0.5,115.0,250,,,,,,,,,,,,,,,,,,,115.5,150,,,,,,,,,,,,,,,,,,
2026-07-03T09:02:39.680104+00:00,2026-07-03T09:02:39.679998,1,1,115.25,0.5,115.0,250,,,,,,,,,,,,,,,,,,,115.5,250,,,,,,,,,,,,,,,,,,
2026-07-03T09:02:40.190708+00:00,2026-07-03T09:02:40.190851,1,1,115.25,0.5,115.0,250,,,,,,,,,,,,,,,,,,,115.5,228,,,,,,,,,,,,,,,,,,
2026-07-03T09:02:40.310798+00:00,2026-07-03T09:02:40.310916,1,1,115.25,0.5,115.0,201,,,,,,,,,,,,,,,,,,,115.5,228,,,,,,,,,,,,,,,,,,
2026-07-03T09:02:42.103024+00:00,2026-07-03T09:02:42.102931,1,1,115.25,0.5,115.0,201,,,,,,,,,,,,,,,,,,,115.5,179,,,,,,,,,,,,,,,,,,
2026-07-03T09:02:42.134430+00:00,2026-07-03T09:02:42.134378,1,1,115.25,0.5,115.0,201,,,,,,,,,,,,,,,,,,,115.5,129,,,,,,,,,,,,,,,,,,
2026-07-03T09:02:42.274487+00:00,2026-07-03T09:02:42.274383,1,1,115.25,0.5,115.0,100,,,,,,,,,,,,,,,,,,,115.5,100,,,,,,,,,,,,,,,,,,
2026-07-03T09:02:42.329193+00:00,2026-07-03T09:02:42.329073,2,0,,,115.5,50,115.0,100,,,,,,,,,,,,,,,,,,,,,,,,,,,,,,,,,,,,
2026-07-03T09:02:42.383949+00:00,2026-07-03T09:02:42.383890,2,1,115.75,0.5,115.5,50,115.0,100,,,,,,,,,,,,,,,,,116.0,150,,,,,,,,,,,,,,,,,,
2026-07-03T09:02:42.733241+00:00,2026-07-03T09:02:42.733052,1,1,115.75,0.5,115.5,50,,,,,,,,,,,,,,,,,,,116.0,150,,,,,,,,,,,,,,,,,,
2026-07-03T09:02:42.758001+00:00,2026-07-03T09:02:42.752509,1,1,115.75,0.5,115.5,27,,,,,,,,,,,,,,,,,,,116.0,150,,,,,,,,,,,,,,,,,,
2026-07-03T09:02:42.778630+00:00,2026-07-03T09:02:42.778458,0,1,,,,,,,,,,,,,,,,,,,,,,,116.0,150,,,,,,,,,,,,,,,,,,
2026-07-03T09:02:42.783773+00:00,2026-07-03T09:02:42.783709,1,1,115.75,0.5,115.5,100,,,,,,,,,,,,,,,,,,,116.0,150,,,,,,,,,,,,,,,,,,
2026-07-03T09:02:42.842260+00:00,2026-07-03T09:02:42.842183,1,1,115.75,0.5,115.5,100,,,,,,,,,,,,,,,,,,,116.0,250,,,,,,,,,,,,,,,,,,
2026-07-03T09:02:44.073031+00:00,2026-07-03T09:02:44.067748,1,1,115.75,0.5,115.5,89,,,,,,,,,,,,,,,,,,,116.0,250,,,,,,,,,,,,,,,,,,
2026-07-03T09:02:45.374358+00:00,2026-07-03T09:02:45.369494,1,1,115.75,0.5,115.5,77,,,,,,,,,,,,,,,,,,,116.0,250,,,,,,,,,,,,,,,,,,
2026-07-03T09:02:45.438484+00:00,2026-07-03T09:02:45.438331,1,1,115.75,0.5,115.5,77,,,,,,,,,,,,,,,,,,,116.0,100,,,,,,,,,,,,,,,,,,
2026-07-03T09:02:45.491356+00:00,2026-07-03T09:02:45.491188,2,1,115.75,0.5,115.5,77,114.6,150,,,,,,,,,,,,,,,,,116.0,100,,,,,,,,,,,,,,,,,,
2026-07-03T09:02:45.545105+00:00,2026-07-03T09:02:45.545031,1,2,114.85,0.5,114.6,150,,,,,,,,,,,,,,,,,,,115.1,73,116.0,100,,,,,,,,,,,,,,,,
2026-07-03T09:02:45.556469+00:00,2026-07-03T09:02:45.550173,1,2,114.85,0.5,114.6,150,,,,,,,,,,,,,,,,,,,115.1,27,116.0,100,,,,,,,,,,,,,,,,
2026-07-03T09:02:45.895838+00:00,2026-07-03T09:02:45.895667,1,1,114.85,0.5,114.6,150,,,,,,,,,,,,,,,,,,,115.1,27,,,,,,,,,,,,,,,,,,
2026-07-03T09:02:45.949247+00:00,2026-07-03T09:02:45.949402,2,1,115.05,0.1,115.0,100,114.6,150,,,,,,,,,,,,,,,,,115.1,27,,,,,,,,,,,,,,,,,,
2026-07-03T09:02:45.997974+00:00,2026-07-03T09:02:45.997830,2,2,115.05,0.1,115.0,100,114.6,150,,,,,,,,,,,,,,,,,115.1,27,115.5,100,,,,,,,,,,,,,,,,
2026-07-03T09:02:46.345517+00:00,2026-07-03T09:02:46.345419,2,1,115.25,0.5,115.0,100,114.6,150,,,,,,,,,,,,,,,,,115.5,77,,,,,,,,,,,,,,,,,,
2026-07-03T09:02:46.848989+00:00,2026-07-03T09:02:46.848755,2,1,115.25,0.5,115.0,100,114.6,150,,,,,,,,,,,,,,,,,115.5,37,,,,,,,,,,,,,,,,,,
2026-07-03T09:02:47.305666+00:00,2026-07-03T09:02:47.305603,2,1,115.25,0.5,115.0,53,114.6,150,,,,,,,,,,,,,,,,,115.5,37,,,,,,,,,,,,,,,,,,
2026-07-03T09:02:48.503871+00:00,2026-07-03T09:02:48.503838,2,1,115.25,0.5,115.0,3,114.6,150,,,,,,,,,,,,,,,,,115.5,37,,,,,,,,,,,,,,,,,,
2026-07-03T09:02:48.597210+00:00,2026-07-03T09:02:48.597300,1,1,115.25,0.5,115.0,3,,,,,,,,,,,,,,,,,,,115.5,37,,,,,,,,,,,,,,,,,,
2026-07-03T09:02:48.663527+00:00,2026-07-03T09:02:48.658794,2,1,115.4,0.2,115.3,139,115.0,3,,,,,,,,,,,,,,,,,115.5,37,,,,,,,,,,,,,,,,,,
2026-07-03T09:02:48.704952+00:00,2026-07-03T09:02:48.704873,2,2,115.4,0.2,115.3,139,115.0,3,,,,,,,,,,,,,,,,,115.5,37,115.8,150,,,,,,,,,,,,,,,,
2026-07-03T09:02:49.058611+00:00,2026-07-03T09:02:49.053077,1,1,115.55,0.5,115.3,139,,,,,,,,,,,,,,,,,,,115.8,150,,,,,,,,,,,,,,,,,,
2026-07-03T09:02:49.112799+00:00,2026-07-03T09:02:49.112735,2,1,115.55,0.5,115.3,139,114.9,100,,,,,,,,,,,,,,,,,115.8,150,,,,,,,,,,,,,,,,,,
2026-07-03T09:02:49.170592+00:00,2026-07-03T09:02:49.170432,2,2,115.35,0.1,115.3,139,114.9,100,,,,,,,,,,,,,,,,,115.4,100,115.8,150,,,,,,,,,,,,,,,,
2026-07-03T09:02:49.779781+00:00,2026-07-03T09:02:49.771428,2,2,115.35,0.1,115.3,139,114.9,100,,,,,,,,,,,,,,,,,115.4,89,115.8,150,,,,,,,,,,,,,,,,
2026-07-03T09:02:50.451187+00:00,2026-07-03T09:02:50.451152,2,2,115.35,0.1,115.3,139,114.9,100,,,,,,,,,,,,,,,,,115.4,44,115.8,150,,,,,,,,,,,,,,,,
2026-07-03T09:02:50.614625+00:00,2026-07-03T09:02:50.614438,2,2,115.35,0.1,115.3,89,114.9,100,,,,,,,,,,,,,,,,,115.4,44,115.8,150,,,,,,,,,,,,,,,,
2026-07-03T09:02:51.374541+00:00,2026-07-03T09:02:51.374493,2,2,115.35,0.1,115.3,89,114.9,100,,,,,,,,,,,,,,,,,115.4,1,115.8,150,,,,,,,,,,,,,,,,
2026-07-03T09:02:51.758575+00:00,2026-07-03T09:02:51.755143,1,1,115.15,0.5,114.9,100,,,,,,,,,,,,,,,,,,,115.4,1,,,,,,,,,,,,,,,,,,
2026-07-03T09:02:51.813913+00:00,2026-07-03T09:02:51.813993,2,1,115.3,0.2,115.2,150,114.9,100,,,,,,,,,,,,,,,,,115.4,1,,,,,,,,,,,,,,,,,,
2026-07-03T09:02:51.866042+00:00,2026-07-03T09:02:51.865973,2,2,115.3,0.2,115.2,150,114.9,100,,,,,,,,,,,,,,,,,115.4,1,115.7,150,,,,,,,,,,,,,,,,
2026-07-03T09:02:51.937929+00:00,2026-07-03T09:02:51.927944,2,1,115.45,0.5,115.2,150,114.9,100,,,,,,,,,,,,,,,,,115.7,150,,,,,,,,,,,,,,,,,,
2026-07-03T09:02:52.225647+00:00,2026-07-03T09:02:52.225581,1,1,115.45,0.5,115.2,150,,,,,,,,,,,,,,,,,,,115.7,150,,,,,,,,,,,,,,,,,,
2026-07-03T09:02:52.290180+00:00,2026-07-03T09:02:52.284899,2,1,115.65,0.1,115.6,99,115.2,150,,,,,,,,,,,,,,,,,115.7,150,,,,,,,,,,,,,,,,,,
2026-07-03T09:02:52.331462+00:00,2026-07-03T09:02:52.331425,2,2,115.65,0.1,115.6,99,115.2,150,,,,,,,,,,,,,,,,,115.7,150,116.1,100,,,,,,,,,,,,,,,,
2026-07-03T09:02:52.720014+00:00,2026-07-03T09:02:52.720187,2,2,115.65,0.1,115.6,49,115.2,150,,,,,,,,,,,,,,,,,115.7,150,116.1,100,,,,,,,,,,,,,,,,
2026-07-03T09:02:53.246303+00:00,2026-07-03T09:02:53.241090,2,2,115.65,0.1,115.6,38,115.2,150,,,,,,,,,,,,,,,,,115.7,150,116.1,100,,,,,,,,,,,,,,,,
2026-07-03T09:02:54.556526+00:00,2026-07-03T09:02:54.551604,2,2,115.65,0.1,115.6,26,115.2,150,,,,,,,,,,,,,,,,,115.7,150,116.1,100,,,,,,,,,,,,,,,,
2026-07-03T09:02:54.829708+00:00,2026-07-03T09:02:54.829636,1,2,115.45,0.5,115.2,126,,,,,,,,,,,,,,,,,,,115.7,150,116.1,100,,,,,,,,,,,,,,,,
2026-07-03T09:02:54.919422+00:00,2026-07-03T09:02:54.919531,0,1,,,,,,,,,,,,,,,,,,,,,,,116.1,100,,,,,,,,,,,,,,,,,,
2026-07-03T09:02:54.971799+00:00,2026-07-03T09:02:54.971759,1,1,115.65,0.9,115.2,150,,,,,,,,,,,,,,,,,,,116.1,100,,,,,,,,,,,,,,,,,,
2026-07-03T09:02:55.023510+00:00,2026-07-03T09:02:55.023460,1,2,115.45,0.5,115.2,150,,,,,,,,,,,,,,,,,,,115.7,150,116.1,100,,,,,,,,,,,,,,,,
2026-07-03T09:02:55.385804+00:00,2026-07-03T09:02:55.385662,1,1,115.45,0.5,115.2,150,,,,,,,,,,,,,,,,,,,115.7,150,,,,,,,,,,,,,,,,,,
2026-07-03T09:02:55.438888+00:00,2026-07-03T09:02:55.438771,2,1,115.45,0.5,115.2,150,115.1,100,,,,,,,,,,,,,,,,,115.7,150,,,,,,,,,,,,,,,,,,
2026-07-03T09:02:55.491429+00:00,2026-07-03T09:02:55.491508,2,2,115.4,0.4,115.2,150,115.1,100,,,,,,,,,,,,,,,,,115.6,100,115.7,150,,,,,,,,,,,,,,,,
2026-07-03T09:02:55.867856+00:00,2026-07-03T09:02:55.862207,2,2,115.4,0.4,115.2,150,115.1,100,,,,,,,,,,,,,,,,,115.6,88,115.7,150,,,,,,,,,,,,,,,,
2026-07-03T09:02:58.082105+00:00,2026-07-03T09:02:58.082048,1,1,115.35,0.5,115.1,100,,,,,,,,,,,,,,,,,,,115.6,88,,,,,,,,,,,,,,,,,,
2026-07-03T09:02:58.138412+00:00,2026-07-03T09:02:58.138254,2,1,115.45,0.3,115.3,150,115.1,100,,,,,,,,,,,,,,,,,115.6,88,,,,,,,,,,,,,,,,,,
2026-07-03T09:02:58.191610+00:00,2026-07-03T09:02:58.191495,2,2,115.45,0.3,115.3,150,115.1,100,,,,,,,,,,,,,,,,,115.6,88,115.8,150,,,,,,,,,,,,,,,,
2026-07-03T09:02:58.546513+00:00,2026-07-03T09:02:58.546387,1,1,115.55,0.5,115.3,150,,,,,,,,,,,,,,,,,,,115.8,150,,,,,,,,,,,,,,,,,,
2026-07-03T09:02:58.601266+00:00,2026-07-03T09:02:58.601104,2,1,115.55,0.5,115.3,150,115.1,100,,,,,,,,,,,,,,,,,115.8,150,,,,,,,,,,,,,,,,,,
2026-07-03T09:02:58.658575+00:00,2026-07-03T09:02:58.654541,2,2,115.45,0.3,115.3,150,115.1,100,,,,,,,,,,,,,,,,,115.6,100,115.8,150,,,,,,,,,,,,,,,,
2026-07-03T09:03:01.090500+00:00,2026-07-03T09:03:01.090370,2,2,115.45,0.3,115.3,150,115.1,100,,,,,,,,,,,,,,,,,115.6,50,115.8,150,,,,,,,,,,,,,,,,
2026-07-03T09:03:01.244752+00:00,2026-07-03T09:03:01.244628,1,1,115.35,0.5,115.1,100,,,,,,,,,,,,,,,,,,,115.6,50,,,,,,,,,,,,,,,,,,
2026-07-03T09:03:01.298130+00:00,2026-07-03T09:03:01.298053,2,1,115.4,0.4,115.2,150,115.1,100,,,,,,,,,,,,,,,,,115.6,50,,,,,,,,,,,,,,,,,,
2026-07-03T09:03:01.354452+00:00,2026-07-03T09:03:01.354372,2,2,115.4,0.4,115.2,150,115.1,100,,,,,,,,,,,,,,,,,115.6,50,115.7,150,,,,,,,,,,,,,,,,
2026-07-03T09:03:01.708356+00:00,2026-07-03T09:03:01.708256,1,1,115.45,0.5,115.2,150,,,,,,,,,,,,,,,,,,,115.7,150,,,,,,,,,,,,,,,,,,
2026-07-03T09:03:01.758644+00:00,2026-07-03T09:03:01.756335,2,1,115.5,0.4,115.3,100,115.2,150,,,,,,,,,,,,,,,,,115.7,150,,,,,,,,,,,,,,,,,,
2026-07-03T09:03:01.814425+00:00,2026-07-03T09:03:01.814342,2,2,115.5,0.4,115.3,100,115.2,150,,,,,,,,,,,,,,,,,115.7,150,115.8,100,,,,,,,,,,,,,,,,
2026-07-03T09:03:03.198997+00:00,2026-07-03T09:03:03.198864,2,2,115.5,0.4,115.3,100,115.2,150,,,,,,,,,,,,,,,,,115.7,100,115.8,100,,,,,,,,,,,,,,,,
2026-07-03T09:03:04.408159+00:00,2026-07-03T09:03:04.408092,2,1,115.55,0.5,115.3,100,115.2,150,,,,,,,,,,,,,,,,,115.8,100,,,,,,,,,,,,,,,,,,
2026-07-03T09:03:04.413394+00:00,2026-07-03T09:03:04.413267,1,1,115.55,0.5,115.3,100,,,,,,,,,,,,,,,,,,,115.8,100,,,,,,,,,,,,,,,,,,
2026-07-03T09:03:04.469114+00:00,2026-07-03T09:03:04.469196,2,1,115.55,0.5,115.3,100,115.1,150,,,,,,,,,,,,,,,,,115.8,100,,,,,,,,,,,,,,,,,,
2026-07-03T09:03:04.523442+00:00,2026-07-03T09:03:04.523392,2,2,115.45,0.3,115.3,100,115.1,150,,,,,,,,,,,,,,,,,115.6,150,115.8,100,,,,,,,,,,,,,,,,
2026-07-03T09:03:04.868711+00:00,2026-07-03T09:03:04.868875,1,1,115.35,0.5,115.1,150,,,,,,,,,,,,,,,,,,,115.6,150,,,,,,,,,,,,,,,,,,
2026-07-03T09:03:04.922329+00:00,2026-07-03T09:03:04.922215,2,1,115.35,0.5,115.1,150,115.0,100,,,,,,,,,,,,,,,,,115.6,150,,,,,,,,,,,,,,,,,,
2026-07-03T09:03:04.975449+00:00,2026-07-03T09:03:04.975424,2,2,115.3,0.4,115.1,150,115.0,100,,,,,,,,,,,,,,,,,115.5,100,115.6,150,,,,,,,,,,,,,,,,
2026-07-03T09:03:05.405576+00:00,2026-07-03T09:03:05.405462,2,2,115.3,0.4,115.1,109,115.0,100,,,,,,,,,,,,,,,,,115.5,100,115.6,150,,,,,,,,,,,,,,,,
2026-07-03T09:03:07.458648+00:00,2026-07-03T09:03:07.451563,2,2,115.3,0.4,115.1,59,115.0,100,,,,,,,,,,,,,,,,,115.5,100,115.6,150,,,,,,,,,,,,,,,,
2026-07-03T09:03:07.581116+00:00,2026-07-03T09:03:07.581044,1,1,115.25,0.5,115.0,100,,,,,,,,,,,,,,,,,,,115.5,100,,,,,,,,,,,,,,,,,,
2026-07-03T09:03:07.635740+00:00,2026-07-03T09:03:07.635680,2,1,115.25,0.5,115.0,100,114.7,150,,,,,,,,,,,,,,,,,115.5,100,,,,,,,,,,,,,,,,,,
2026-07-03T09:03:07.695846+00:00,2026-07-03T09:03:07.691081,2,2,115.1,0.2,115.0,100,114.7,150,,,,,,,,,,,,,,,,,115.2,136,115.5,100,,,,,,,,,,,,,,,,
2026-07-03T09:03:08.028409+00:00,2026-07-03T09:03:08.028300,1,1,114.95,0.5,114.7,150,,,,,,,,,,,,,,,,,,,115.2,136,,,,,,,,,,,,,,,,,,
2026-07-03T09:03:08.081726+00:00,2026-07-03T09:03:08.081676,1,1,114.95,0.5,114.7,150,,,,,,,,,,,,,,,,,,,115.2,36,,,,,,,,,,,,,,,,,,
2026-07-03T09:03:08.136301+00:00,2026-07-03T09:03:08.136172,1,2,114.95,0.5,114.7,150,,,,,,,,,,,,,,,,,,,115.2,36,115.9,100,,,,,,,,,,,,,,,,
2026-07-03T09:03:09.567155+00:00,2026-07-03T09:03:09.567030,1,2,114.95,0.5,114.7,100,,,,,,,,,,,,,,,,,,,115.2,36,115.9,100,,,,,,,,,,,,,,,,
2026-07-03T09:03:10.742138+00:00,2026-07-03T09:03:10.742056,0,1,,,,,,,,,,,,,,,,,,,,,,,115.9,100,,,,,,,,,,,,,,,,,,
2026-07-03T09:03:10.797381+00:00,2026-07-03T09:03:10.797307,1,1,115.5,0.8,115.1,150,,,,,,,,,,,,,,,,,,,115.9,100,,,,,,,,,,,,,,,,,,
2026-07-03T09:03:10.858631+00:00,2026-07-03T09:03:10.849727,1,2,115.35,0.5,115.1,150,,,,,,,,,,,,,,,,,,,115.6,150,115.9,100,,,,,,,,,,,,,,,,
2026-07-03T09:03:11.190458+00:00,2026-07-03T09:03:11.190349,1,1,115.35,0.5,115.1,150,,,,,,,,,,,,,,,,,,,115.6,150,,,,,,,,,,,,,,,,,,
2026-07-03T09:03:11.243953+00:00,2026-07-03T09:03:11.243855,2,1,115.35,0.5,115.1,150,114.9,100,,,,,,,,,,,,,,,,,115.6,150,,,,,,,,,,,,,,,,,,
2026-07-03T09:03:11.297850+00:00,2026-07-03T09:03:11.297745,2,2,115.25,0.3,115.1,150,114.9,100,,,,,,,,,,,,,,,,,115.4,100,115.6,150,,,,,,,,,,,,,,,,
2026-07-03T09:03:11.678024+00:00,2026-07-03T09:03:11.677910,2,2,115.25,0.3,115.1,100,114.9,100,,,,,,,,,,,,,,,,,115.4,100,115.6,150,,,,,,,,,,,,,,,,
2026-07-03T09:03:12.825313+00:00,2026-07-03T09:03:12.816681,2,2,115.25,0.3,115.1,97,114.9,100,,,,,,,,,,,,,,,,,115.4,100,115.6,150,,,,,,,,,,,,,,,,
2026-07-03T09:03:13.782316+00:00,2026-07-03T09:03:13.782275,2,2,115.25,0.3,115.1,47,114.9,100,,,,,,,,,,,,,,,,,115.4,100,115.6,150,,,,,,,,,,,,,,,,
2026-07-03T09:03:13.903065+00:00,2026-07-03T09:03:13.902991,1,1,115.15,0.5,114.9,100,,,,,,,,,,,,,,,,,,,115.4,100,,,,,,,,,,,,,,,,,,
2026-07-03T09:03:13.958499+00:00,2026-07-03T09:03:13.958652,2,1,115.15,0.5,114.9,100,114.5,150,,,,,,,,,,,,,,,,,115.4,100,,,,,,,,,,,,,,,,,,
2026-07-03T09:03:14.007167+00:00,2026-07-03T09:03:14.007081,2,2,114.95,0.1,114.9,100,114.5,150,,,,,,,,,,,,,,,,,115.0,150,115.4,100,,,,,,,,,,,,,,,,
2026-07-03T09:03:14.351689+00:00,2026-07-03T09:03:14.351612,1,1,114.75,0.5,114.5,150,,,,,,,,,,,,,,,,,,,115.0,150,,,,,,,,,,,,,,,,,,
2026-07-03T09:03:14.369254+00:00,2026-07-03T09:03:14.369127,1,1,114.75,0.5,114.5,102,,,,,,,,,,,,,,,,,,,115.0,150,,,,,,,,,,,,,,,,,,
2026-07-03T09:03:14.405541+00:00,2026-07-03T09:03:14.405433,1,1,114.75,0.5,114.5,202,,,,,,,,,,,,,,,,,,,115.0,150,,,,,,,,,,,,,,,,,,
2026-07-03T09:03:14.458554+00:00,2026-07-03T09:03:14.452531,1,1,114.75,0.5,114.5,202,,,,,,,,,,,,,,,,,,,115.0,250,,,,,,,,,,,,,,,,,,
2026-07-03T09:03:15.231627+00:00,2026-07-03T09:03:15.226384,1,1,114.75,0.5,114.5,202,,,,,,,,,,,,,,,,,,,115.0,247,,,,,,,,,,,,,,,,,,
2026-07-03T09:03:15.869462+00:00,2026-07-03T09:03:15.869191,1,1,114.75,0.5,114.5,202,,,,,,,,,,,,,,,,,,,115.0,197,,,,,,,,,,,,,,,,,,
2026-07-03T09:03:17.061071+00:00,2026-07-03T09:03:17.060952,1,1,114.75,0.5,114.5,100,,,,,,,,,,,,,,,,,,,115.0,100,,,,,,,,,,,,,,,,,,
2026-07-03T09:03:17.118186+00:00,2026-07-03T09:03:17.118107,2,1,114.85,0.3,114.7,150,114.5,100,,,,,,,,,,,,,,,,,115.0,100,,,,,,,,,,,,,,,,,,
2026-07-03T09:03:17.170645+00:00,2026-07-03T09:03:17.170530,2,2,114.85,0.3,114.7,150,114.5,100,,,,,,,,,,,,,,,,,115.0,100,115.2,150,,,,,,,,,,,,,,,,
2026-07-03T09:03:17.511840+00:00,2026-07-03T09:03:17.511657,1,1,114.95,0.5,114.7,150,,,,,,,,,,,,,,,,,,,115.2,150,,,,,,,,,,,,,,,,,,
2026-07-03T09:03:17.516897+00:00,2026-07-03T09:03:17.516841,1,1,114.95,0.5,114.7,150,,,,,,,,,,,,,,,,,,,115.2,109,,,,,,,,,,,,,,,,,,
2026-07-03T09:03:17.568007+00:00,2026-07-03T09:03:17.567898,2,1,115.0,0.4,114.8,100,114.7,150,,,,,,,,,,,,,,,,,115.2,109,,,,,,,,,,,,,,,,,,
2026-07-03T09:03:17.624292+00:00,2026-07-03T09:03:17.624153,2,2,115.0,0.4,114.8,100,114.7,150,,,,,,,,,,,,,,,,,115.2,109,115.3,100,,,,,,,,,,,,,,,,
2026-07-03T09:03:17.994366+00:00,2026-07-03T09:03:17.994248,2,2,115.0,0.4,114.8,50,114.7,150,,,,,,,,,,,,,,,,,115.2,109,115.3,100,,,,,,,,,,,,,,,,
2026-07-03T09:03:18.988738+00:00,2026-07-03T09:03:18.988602,2,2,115.0,0.4,114.8,9,114.7,150,,,,,,,,,,,,,,,,,115.2,109,115.3,100,,,,,,,,,,,,,,,,
2026-07-03T09:03:19.564261+00:00,2026-07-03T09:03:19.564223,2,2,115.0,0.4,114.8,9,114.7,150,,,,,,,,,,,,,,,,,115.2,65,115.3,100,,,,,,,,,,,,,,,,
2026-07-03T09:03:20.224111+00:00,2026-07-03T09:03:20.224304,1,1,115.05,0.5,114.8,9,,,,,,,,,,,,,,,,,,,115.3,100,,,,,,,,,,,,,,,,,,
2026-07-03T09:03:20.274884+00:00,2026-07-03T09:03:20.275001,2,1,115.1,0.4,114.9,150,114.8,9,,,,,,,,,,,,,,,,,115.3,100,,,,,,,,,,,,,,,,,,
2026-07-03T09:03:20.337364+00:00,2026-07-03T09:03:20.337278,2,2,115.1,0.4,114.9,150,114.8,9,,,,,,,,,,,,,,,,,115.3,100,115.4,150,,,,,,,,,,,,,,,,
2026-07-03T09:03:20.678445+00:00,2026-07-03T09:03:20.678348,1,1,115.15,0.5,114.9,150,,,,,,,,,,,,,,,,,,,115.4,150,,,,,,,,,,,,,,,,,,
2026-07-03T09:03:20.732287+00:00,2026-07-03T09:03:20.732259,2,1,115.15,0.5,114.9,150,114.4,100,,,,,,,,,,,,,,,,,115.4,150,,,,,,,,,,,,,,,,,,
2026-07-03T09:03:20.758321+00:00,2026-07-03T09:03:20.758425,2,1,115.15,0.5,114.9,104,114.4,100,,,,,,,,,,,,,,,,,115.4,150,,,,,,,,,,,,,,,,,,
2026-07-03T09:03:20.786764+00:00,2026-07-03T09:03:20.786693,2,1,115.15,0.5,114.9,4,114.4,100,,,,,,,,,,,,,,,,,115.4,150,,,,,,,,,,,,,,,,,,
2026-07-03T09:03:22.228198+00:00,2026-07-03T09:03:22.228150,1,1,114.9,1.0,114.4,54,,,,,,,,,,,,,,,,,,,115.4,150,,,,,,,,,,,,,,,,,,
2026-07-03T09:03:23.385648+00:00,2026-07-03T09:03:23.385772,1,0,,,114.4,54,,,,,,,,,,,,,,,,,,,,,,,,,,,,,,,,,,,,,,
2026-07-03T09:03:23.439470+00:00,2026-07-03T09:03:23.439364,1,0,,,114.4,204,,,,,,,,,,,,,,,,,,,,,,,,,,,,,,,,,,,,,,
2026-07-03T09:03:23.496123+00:00,2026-07-03T09:03:23.496216,1,1,114.65,0.5,114.4,204,,,,,,,,,,,,,,,,,,,114.9,150,,,,,,,,,,,,,,,,,,
2026-07-03T09:03:23.523660+00:00,2026-07-03T09:03:23.523560,1,1,114.65,0.5,114.4,204,,,,,,,,,,,,,,,,,,,114.9,102,,,,,,,,,,,,,,,,,,
2026-07-03T09:03:23.836515+00:00,2026-07-03T09:03:23.836414,1,1,114.65,0.5,114.4,150,,,,,,,,,,,,,,,,,,,114.9,102,,,,,,,,,,,,,,,,,,
2026-07-03T09:03:23.893628+00:00,2026-07-03T09:03:23.893770,2,1,114.85,0.1,114.8,100,114.4,150,,,,,,,,,,,,,,,,,114.9,102,,,,,,,,,,,,,,,,,,
2026-07-03T09:03:23.949509+00:00,2026-07-03T09:03:23.949382,2,2,114.85,0.1,114.8,100,114.4,150,,,,,,,,,,,,,,,,,114.9,102,115.3,100,,,,,,,,,,,,,,,,
2026-07-03T09:03:24.336738+00:00,2026-07-03T09:03:24.336671,2,2,114.85,0.1,114.8,50,114.4,150,,,,,,,,,,,,,,,,,114.9,102,115.3,100,,,,,,,,,,,,,,,,
2026-07-03T09:03:24.533023+00:00,2026-07-03T09:03:24.532900,2,2,114.85,0.1,114.8,50,114.4,150,,,,,,,,,,,,,,,,,114.9,61,115.3,100,,,,,,,,,,,,,,,,
2026-07-03T09:03:26.443028+00:00,2026-07-03T09:03:26.442906,1,2,114.65,0.5,114.4,150,,,,,,,,,,,,,,,,,,,114.9,61,115.3,100,,,,,,,,,,,,,,,,
2026-07-03T09:03:26.546675+00:00,2026-07-03T09:03:26.546614,0,1,,,,,,,,,,,,,,,,,,,,,,,115.3,100,,,,,,,,,,,,,,,,,,
2026-07-03T09:03:26.601052+00:00,2026-07-03T09:03:26.600975,1,1,115.1,0.4,114.9,150,,,,,,,,,,,,,,,,,,,115.3,100,,,,,,,,,,,,,,,,,,
2026-07-03T09:03:26.653631+00:00,2026-07-03T09:03:26.653718,1,2,115.1,0.4,114.9,150,,,,,,,,,,,,,,,,,,,115.3,100,115.4,150,,,,,,,,,,,,,,,,
2026-07-03T09:03:27.004673+00:00,2026-07-03T09:03:27.004591,1,1,115.15,0.5,114.9,150,,,,,,,,,,,,,,,,,,,115.4,150,,,,,,,,,,,,,,,,,,
2026-07-03T09:03:27.058582+00:00,2026-07-03T09:03:27.052673,2,1,115.15,0.5,114.9,150,114.5,100,,,,,,,,,,,,,,,,,115.4,150,,,,,,,,,,,,,,,,,,
2026-07-03T09:03:27.111228+00:00,2026-07-03T09:03:27.111154,2,2,114.95,0.1,114.9,150,114.5,100,,,,,,,,,,,,,,,,,115.0,100,115.4,150,,,,,,,,,,,,,,,,
2026-07-03T09:03:27.509634+00:00,2026-07-03T09:03:27.509760,2,2,114.95,0.1,114.9,108,114.5,100,,,,,,,,,,,,,,,,,115.0,100,115.4,150,,,,,,,,,,,,,,,,
2026-07-03T09:03:28.526484+00:00,2026-07-03T09:03:28.526355,2,2,114.95,0.1,114.9,108,114.5,100,,,,,,,,,,,,,,,,,115.0,50,115.4,150,,,,,,,,,,,,,,,,
2026-07-03T09:03:28.959168+00:00,2026-07-03T09:03:28.959274,2,2,114.95,0.1,114.9,64,114.5,100,,,,,,,,,,,,,,,,,115.0,50,115.4,150,,,,,,,,,,,,,,,,
2026-07-03T09:03:29.726954+00:00,2026-07-03T09:03:29.726782,1,1,114.75,0.5,114.5,100,,,,,,,,,,,,,,,,,,,115.0,50,,,,,,,,,,,,,,,,,,
2026-07-03T09:03:29.785169+00:00,2026-07-03T09:03:29.785078,2,1,114.75,0.5,114.5,100,114.4,150,,,,,,,,,,,,,,,,,115.0,50,,,,,,,,,,,,,,,,,,
2026-07-03T09:03:29.842326+00:00,2026-07-03T09:03:29.842175,2,2,114.7,0.4,114.5,100,114.4,150,,,,,,,,,,,,,,,,,114.9,150,115.0,50,,,,,,,,,,,,,,,,
2026-07-03T09:03:30.164956+00:00,2026-07-03T09:03:30.164840,1,1,114.65,0.5,114.4,150,,,,,,,,,,,,,,,,,,,114.9,150,,,,,,,,,,,,,,,,,,
2026-07-03T09:03:30.219819+00:00,2026-07-03T09:03:30.219778,2,1,114.7,0.4,114.5,100,114.4,150,,,,,,,,,,,,,,,,,114.9,150,,,,,,,,,,,,,,,,,,
2026-07-03T09:03:30.272769+00:00,2026-07-03T09:03:30.272697,2,2,114.7,0.4,114.5,100,114.4,150,,,,,,,,,,,,,,,,,114.9,150,115.0,100,,,,,,,,,,,,,,,,
2026-07-03T09:03:30.682860+00:00,2026-07-03T09:03:30.682739,2,2,114.7,0.4,114.5,50,114.4,150,,,,,,,,,,,,,,,,,114.9,150,115.0,100,,,,,,,,,,,,,,,,
2026-07-03T09:03:32.895537+00:00,2026-07-03T09:03:32.895428,1,1,114.75,0.5,114.5,50,,,,,,,,,,,,,,,,,,,115.0,100,,,,,,,,,,,,,,,,,,
2026-07-03T09:03:32.949121+00:00,2026-07-03T09:03:32.949230,1,1,114.75,0.5,114.5,200,,,,,,,,,,,,,,,,,,,115.0,100,,,,,,,,,,,,,,,,,,
2026-07-03T09:03:33.001616+00:00,2026-07-03T09:03:33.001744,1,1,114.75,0.5,114.5,200,,,,,,,,,,,,,,,,,,,115.0,250,,,,,,,,,,,,,,,,,,
2026-07-03T09:03:33.324074+00:00,2026-07-03T09:03:33.324238,1,1,114.75,0.5,114.5,200,,,,,,,,,,,,,,,,,,,115.0,150,,,,,,,,,,,,,,,,,,
2026-07-03T09:03:33.329304+00:00,2026-07-03T09:03:33.329381,1,1,114.75,0.5,114.5,150,,,,,,,,,,,,,,,,,,,115.0,150,,,,,,,,,,,,,,,,,,
2026-07-03T09:03:33.380025+00:00,2026-07-03T09:03:33.379896,2,1,114.75,0.5,114.5,150,114.4,100,,,,,,,,,,,,,,,,,115.0,150,,,,,,,,,,,,,,,,,,
2026-07-03T09:03:33.430488+00:00,2026-07-03T09:03:33.430638,2,2,114.7,0.4,114.5,150,114.4,100,,,,,,,,,,,,,,,,,114.9,100,115.0,150,,,,,,,,,,,,,,,,
2026-07-03T09:03:33.486419+00:00,2026-07-03T09:03:33.486325,2,2,114.7,0.4,114.5,150,114.4,100,,,,,,,,,,,,,,,,,114.9,54,115.0,150,,,,,,,,,,,,,,,,
2026-07-03T09:03:35.499062+00:00,2026-07-03T09:03:35.499035,2,2,114.7,0.4,114.5,150,114.4,100,,,,,,,,,,,,,,,,,114.9,10,115.0,150,,,,,,,,,,,,,,,,
2026-07-03T09:03:36.028397+00:00,2026-07-03T09:03:36.028348,2,2,114.7,0.4,114.5,102,114.4,100,,,,,,,,,,,,,,,,,114.9,10,115.0,150,,,,,,,,,,,,,,,,
2026-07-03T09:03:36.058589+00:00,2026-07-03T09:03:36.056431,1,1,114.65,0.5,114.4,100,,,,,,,,,,,,,,,,,,,114.9,10,,,,,,,,,,,,,,,,,,
2026-07-03T09:03:36.109593+00:00,2026-07-03T09:03:36.109525,2,1,114.65,0.5,114.4,100,114.3,150,,,,,,,,,,,,,,,,,114.9,10,,,,,,,,,,,,,,,,,,
2026-07-03T09:03:36.168753+00:00,2026-07-03T09:03:36.163000,2,2,114.6,0.4,114.4,100,114.3,150,,,,,,,,,,,,,,,,,114.8,147,114.9,10,,,,,,,,,,,,,,,,
2026-07-03T09:03:36.488054+00:00,2026-07-03T09:03:36.488145,1,1,114.55,0.5,114.3,150,,,,,,,,,,,,,,,,,,,114.8,147,,,,,,,,,,,,,,,,,,
2026-07-03T09:03:36.540831+00:00,2026-07-03T09:03:36.540948,2,1,114.75,0.1,114.7,100,114.3,150,,,,,,,,,,,,,,,,,114.8,147,,,,,,,,,,,,,,,,,,
2026-07-03T09:03:36.592936+00:00,2026-07-03T09:03:36.592811,2,2,114.75,0.1,114.7,100,114.3,150,,,,,,,,,,,,,,,,,114.8,147,115.2,100,,,,,,,,,,,,,,,,
2026-07-03T09:03:36.626076+00:00,2026-07-03T09:03:36.620243,2,2,114.75,0.1,114.7,100,114.3,150,,,,,,,,,,,,,,,,,114.8,136,115.2,100,,,,,,,,,,,,,,,,
2026-07-03T09:03:39.082960+00:00,2026-07-03T09:03:39.082884,2,2,114.75,0.1,114.7,100,114.3,150,,,,,,,,,,,,,,,,,114.8,86,115.2,100,,,,,,,,,,,,,,,,
2026-07-03T09:03:39.218665+00:00,2026-07-03T09:03:39.218569,1,1,114.95,0.5,114.7,100,,,,,,,,,,,,,,,,,,,115.2,100,,,,,,,,,,,,,,,,,,
2026-07-03T09:03:39.272831+00:00,2026-07-03T09:03:39.272759,2,1,114.95,0.5,114.7,100,114.5,150,,,,,,,,,,,,,,,,,115.2,100,,,,,,,,,,,,,,,,,,
2026-07-03T09:03:39.324857+00:00,2026-07-03T09:03:39.324794,2,2,114.85,0.3,114.7,100,114.5,150,,,,,,,,,,,,,,,,,115.0,150,115.2,100,,,,,,,,,,,,,,,,
2026-07-03T09:03:39.647288+00:00,2026-07-03T09:03:39.647235,1,1,114.75,0.5,114.5,150,,,,,,,,,,,,,,,,,,,115.0,150,,,,,,,,,,,,,,,,,,
2026-07-03T09:03:39.698567+00:00,2026-07-03T09:03:39.698420,2,1,114.85,0.3,114.7,100,114.5,150,,,,,,,,,,,,,,,,,115.0,150,,,,,,,,,,,,,,,,,,
2026-07-03T09:03:39.758620+00:00,2026-07-03T09:03:39.754504,2,2,114.85,0.3,114.7,100,114.5,150,,,,,,,,,,,,,,,,,115.0,150,115.2,100,,,,,,,,,,,,,,,,
2026-07-03T09:03:41.189862+00:00,2026-07-03T09:03:41.190058,2,2,114.85,0.3,114.7,100,114.5,150,,,,,,,,,,,,,,,,,115.0,100,115.2,100,,,,,,,,,,,,,,,,
2026-07-03T09:03:41.950406+00:00,2026-07-03T09:03:41.950370,2,2,114.85,0.3,114.7,100,114.5,150,,,,,,,,,,,,,,,,,115.0,59,115.2,100,,,,,,,,,,,,,,,,
2026-07-03T09:03:42.378728+00:00,2026-07-03T09:03:42.378624,1,1,114.95,0.5,114.7,100,,,,,,,,,,,,,,,,,,,115.2,100,,,,,,,,,,,,,,,,,,
2026-07-03T09:03:42.468411+00:00,2026-07-03T09:03:42.462197,2,1,115.05,0.3,114.9,139,114.7,100,,,,,,,,,,,,,,,,,115.2,100,,,,,,,,,,,,,,,,,,
2026-07-03T09:03:42.510617+00:00,2026-07-03T09:03:42.510450,2,2,115.05,0.3,114.9,139,114.7,100,,,,,,,,,,,,,,,,,115.2,100,115.4,150,,,,,,,,,,,,,,,,
2026-07-03T09:03:42.809351+00:00,2026-07-03T09:03:42.809236,1,1,115.15,0.5,114.9,139,,,,,,,,,,,,,,,,,,,115.4,150,,,,,,,,,,,,,,,,,,
2026-07-03T09:03:42.858539+00:00,2026-07-03T09:03:42.853520,2,1,115.15,0.5,114.9,139,114.7,100,,,,,,,,,,,,,,,,,115.4,150,,,,,,,,,,,,,,,,,,
2026-07-03T09:03:42.914512+00:00,2026-07-03T09:03:42.914577,2,2,115.05,0.3,114.9,139,114.7,100,,,,,,,,,,,,,,,,,115.2,100,115.4,150,,,,,,,,,,,,,,,,
2026-07-03T09:03:43.297510+00:00,2026-07-03T09:03:43.297415,2,2,115.05,0.3,114.9,139,114.7,100,,,,,,,,,,,,,,,,,115.2,50,115.4,150,,,,,,,,,,,,,,,,
2026-07-03T09:03:44.493960+00:00,2026-07-03T09:03:44.488967,2,2,115.05,0.3,114.9,136,114.7,100,,,,,,,,,,,,,,,,,115.2,50,115.4,150,,,,,,,,,,,,,,,,
2026-07-03T09:03:45.479257+00:00,2026-07-03T09:03:45.479372,2,2,115.05,0.3,114.9,86,114.7,100,,,,,,,,,,,,,,,,,115.2,50,115.4,150,,,,,,,,,,,,,,,,
2026-07-03T09:03:45.566453+00:00,2026-07-03T09:03:45.566387,1,1,114.95,0.5,114.7,100,,,,,,,,,,,,,,,,,,,115.2,50,,,,,,,,,,,,,,,,,,
2026-07-03T09:03:45.621423+00:00,2026-07-03T09:03:45.621386,2,1,114.95,0.5,114.7,100,114.6,150,,,,,,,,,,,,,,,,,115.2,50,,,,,,,,,,,,,,,,,,
2026-07-03T09:03:45.674954+00:00,2026-07-03T09:03:45.675033,2,2,114.9,0.4,114.7,100,114.6,150,,,,,,,,,,,,,,,,,115.1,150,115.2,50,,,,,,,,,,,,,,,,
2026-07-03T09:03:45.969382+00:00,2026-07-03T09:03:45.969350,1,1,114.85,0.5,114.6,150,,,,,,,,,,,,,,,,,,,115.1,150,,,,,,,,,,,,,,,,,,
2026-07-03T09:03:46.021226+00:00,2026-07-03T09:03:46.021107,2,1,114.95,0.3,114.8,100,114.6,150,,,,,,,,,,,,,,,,,115.1,150,,,,,,,,,,,,,,,,,,
2026-07-03T09:03:46.084667+00:00,2026-07-03T09:03:46.084642,2,2,114.95,0.3,114.8,100,114.6,150,,,,,,,,,,,,,,,,,115.1,150,115.3,100,,,,,,,,,,,,,,,,
2026-07-03T09:03:47.533139+00:00,2026-07-03T09:03:47.533113,2,2,114.95,0.3,114.8,100,114.6,150,,,,,,,,,,,,,,,,,115.1,100,115.3,100,,,,,,,,,,,,,,,,
2026-07-03T09:03:48.730853+00:00,2026-07-03T09:03:48.730813,1,1,115.05,0.5,114.8,100,,,,,,,,,,,,,,,,,,,115.3,100,,,,,,,,,,,,,,,,,,
2026-07-03T09:03:48.784745+00:00,2026-07-03T09:03:48.784690,2,1,115.05,0.5,114.8,100,114.7,150,,,,,,,,,,,,,,,,,115.3,100,,,,,,,,,,,,,,,,,,
2026-07-03T09:03:48.837705+00:00,2026-07-03T09:03:48.837660,2,2,115.0,0.4,114.8,100,114.7,150,,,,,,,,,,,,,,,,,115.2,150,115.3,100,,,,,,,,,,,,,,,,
2026-07-03T09:03:49.134826+00:00,2026-07-03T09:03:49.134775,1,1,114.95,0.5,114.7,150,,,,,,,,,,,,,,,,,,,115.2,150,,,,,,,,,,,,,,,,,,
2026-07-03T09:03:49.188606+00:00,2026-07-03T09:03:49.188680,1,1,114.95,0.5,114.7,250,,,,,,,,,,,,,,,,,,,115.2,150,,,,,,,,,,,,,,,,,,
2026-07-03T09:03:49.241480+00:00,2026-07-03T09:03:49.241341,1,1,114.95,0.5,114.7,250,,,,,,,,,,,,,,,,,,,115.2,250,,,,,,,,,,,,,,,,,,
2026-07-03T09:03:49.642171+00:00,2026-07-03T09:03:49.641973,1,1,114.95,0.5,114.7,250,,,,,,,,,,,,,,,,,,,115.2,200,,,,,,,,,,,,,,,,,,
2026-07-03T09:03:51.776817+00:00,2026-07-03T09:03:51.776679,1,1,114.95,0.5,114.7,250,,,,,,,,,,,,,,,,,,,115.2,150,,,,,,,,,,,,,,,,,,
2026-07-03T09:03:51.891249+00:00,2026-07-03T09:03:51.891151,1,1,114.95,0.5,114.7,100,,,,,,,,,,,,,,,,,,,115.2,100,,,,,,,,,,,,,,,,,,
2026-07-03T09:03:51.946269+00:00,2026-07-03T09:03:51.946170,2,0,,,115.3,50,114.7,100,,,,,,,,,,,,,,,,,,,,,,,,,,,,,,,,,,,,
2026-07-03T09:03:52.001011+00:00,2026-07-03T09:03:52.000830,2,1,115.55,0.5,115.3,50,114.7,100,,,,,,,,,,,,,,,,,115.8,150,,,,,,,,,,,,,,,,,,
2026-07-03T09:03:52.291926+00:00,2026-07-03T09:03:52.291879,1,1,115.55,0.5,115.3,50,,,,,,,,,,,,,,,,,,,115.8,150,,,,,,,,,,,,,,,,,,
2026-07-03T09:03:52.350231+00:00,2026-07-03T09:03:52.350135,2,1,115.55,0.5,115.3,50,115.2,100,,,,,,,,,,,,,,,,,115.8,150,,,,,,,,,,,,,,,,,,
2026-07-03T09:03:52.397034+00:00,2026-07-03T09:03:52.393004,2,2,115.5,0.4,115.3,47,115.2,100,,,,,,,,,,,,,,,,,115.7,100,115.8,150,,,,,,,,,,,,,,,,
2026-07-03T09:03:55.058729+00:00,2026-07-03T09:03:55.058630,2,1,115.5,0.4,115.3,47,115.2,100,,,,,,,,,,,,,,,,,115.7,100,,,,,,,,,,,,,,,,,,
2026-07-03T09:03:55.063854+00:00,2026-07-03T09:03:55.063797,1,1,115.45,0.5,115.2,100,,,,,,,,,,,,,,,,,,,115.7,100,,,,,,,,,,,,,,,,,,
2026-07-03T09:03:55.108548+00:00,2026-07-03T09:03:55.108306,2,1,115.45,0.5,115.2,100,114.9,150,,,,,,,,,,,,,,,,,115.7,100,,,,,,,,,,,,,,,,,,
2026-07-03T09:03:55.169822+00:00,2026-07-03T09:03:55.169756,2,2,115.3,0.2,115.2,100,114.9,150,,,,,,,,,,,,,,,,,115.4,150,115.7,100,,,,,,,,,,,,,,,,
2026-07-03T09:03:55.452932+00:00,2026-07-03T09:03:55.453095,1,1,115.15,0.5,114.9,150,,,,,,,,,,,,,,,,,,,115.4,150,,,,,,,,,,,,,,,,,,
2026-07-03T09:03:55.513448+00:00,2026-07-03T09:03:55.513358,2,1,115.3,0.2,115.2,100,114.9,150,,,,,,,,,,,,,,,,,115.4,150,,,,,,,,,,,,,,,,,,
2026-07-03T09:03:55.566647+00:00,2026-07-03T09:03:55.566521,2,2,115.3,0.2,115.2,100,114.9,150,,,,,,,,,,,,,,,,,115.4,150,115.7,100,,,,,,,,,,,,,,,,
2026-07-03T09:03:55.996490+00:00,2026-07-03T09:03:55.996415,2,2,115.3,0.2,115.2,100,114.9,150,,,,,,,,,,,,,,,,,115.4,100,115.7,100,,,,,,,,,,,,,,,,
2026-07-03T09:03:57.417856+00:00,2026-07-03T09:03:57.417727,2,2,115.3,0.2,115.2,53,114.9,150,,,,,,,,,,,,,,,,,115.4,100,115.7,100,,,,,,,,,,,,,,,,
2026-07-03T09:03:58.102612+00:00,2026-07-03T09:03:58.102732,2,2,115.3,0.2,115.2,53,114.9,150,,,,,,,,,,,,,,,,,115.4,50,115.7,100,,,,,,,,,,,,,,,,
2026-07-03T09:03:58.225599+00:00,2026-07-03T09:03:58.225549,1,1,115.45,0.5,115.2,53,,,,,,,,,,,,,,,,,,,115.7,100,,,,,,,,,,,,,,,,,,
2026-07-03T09:03:58.279958+00:00,2026-07-03T09:03:58.279897,2,1,115.6,0.2,115.5,150,115.2,53,,,,,,,,,,,,,,,,,115.7,100,,,,,,,,,,,,,,,,,,
2026-07-03T09:03:58.332169+00:00,2026-07-03T09:03:58.332118,2,2,115.6,0.2,115.5,150,115.2,53,,,,,,,,,,,,,,,,,115.7,100,116.0,150,,,,,,,,,,,,,,,,
2026-07-03T09:03:58.487068+00:00,2026-07-03T09:03:58.486957,2,2,115.6,0.2,115.5,107,115.2,53,,,,,,,,,,,,,,,,,115.7,100,116.0,150,,,,,,,,,,,,,,,,
2026-07-03T09:03:58.622775+00:00,2026-07-03T09:03:58.622648,1,1,115.75,0.5,115.5,107,,,,,,,,,,,,,,,,,,,116.0,150,,,,,,,,,,,,,,,,,,
2026-07-03T09:03:58.677706+00:00,2026-07-03T09:03:58.677630,2,1,115.75,0.5,115.5,107,115.2,100,,,,,,,,,,,,,,,,,116.0,150,,,,,,,,,,,,,,,,,,
2026-07-03T09:03:58.731777+00:00,2026-07-03T09:03:58.731640,2,2,115.6,0.2,115.5,107,115.2,100,,,,,,,,,,,,,,,,,115.7,100,116.0,150,,,,,,,,,,,,,,,,
2026-07-03T09:04:00.532020+00:00,2026-07-03T09:04:00.531954,2,2,115.6,0.2,115.5,63,115.2,100,,,,,,,,,,,,,,,,,115.7,100,116.0,150,,,,,,,,,,,,,,,,
2026-07-03T09:04:01.381828+00:00,2026-07-03T09:04:01.381697,2,1,115.6,0.2,115.5,63,115.2,100,,,,,,,,,,,,,,,,,115.7,100,,,,,,,,,,,,,,,,,,
2026-07-03T09:04:01.386790+00:00,2026-07-03T09:04:01.386881,1,1,115.45,0.5,115.2,100,,,,,,,,,,,,,,,,,,,115.7,100,,,,,,,,,,,,,,,,,,
2026-07-03T09:04:01.440900+00:00,2026-07-03T09:04:01.440800,2,1,115.45,0.5,115.2,100,115.1,150,,,,,,,,,,,,,,,,,115.7,100,,,,,,,,,,,,,,,,,,
2026-07-03T09:04:01.493738+00:00,2026-07-03T09:04:01.493637,2,2,115.4,0.4,115.2,100,115.1,150,,,,,,,,,,,,,,,,,115.6,150,115.7,100,,,,,,,,,,,,,,,,
2026-07-03T09:04:01.785787+00:00,2026-07-03T09:04:01.785671,1,1,115.35,0.5,115.1,150,,,,,,,,,,,,,,,,,,,115.6,150,,,,,,,,,,,,,,,,,,
2026-07-03T09:04:01.840683+00:00,2026-07-03T09:04:01.840566,2,1,115.5,0.2,115.4,100,115.1,150,,,,,,,,,,,,,,,,,115.6,150,,,,,,,,,,,,,,,,,,
2026-07-03T09:04:01.889856+00:00,2026-07-03T09:04:01.889808,2,2,115.5,0.2,115.4,100,115.1,150,,,,,,,,,,,,,,,,,115.6,150,115.9,100,,,,,,,,,,,,,,,,
2026-07-03T09:04:02.075675+00:00,2026-07-03T09:04:02.075861,2,2,115.5,0.2,115.4,100,115.1,150,,,,,,,,,,,,,,,,,115.6,106,115.9,100,,,,,,,,,,,,,,,,
2026-07-03T09:04:02.358592+00:00,2026-07-03T09:04:02.357014,2,2,115.5,0.2,115.4,50,115.1,150,,,,,,,,,,,,,,,,,115.6,106,115.9,100,,,,,,,,,,,,,,,,
2026-07-03T09:04:04.547972+00:00,2026-07-03T09:04:04.547905,1,1,115.65,0.5,115.4,50,,,,,,,,,,,,,,,,,,,115.9,100,,,,,,,,,,,,,,,,,,
2026-07-03T09:04:04.602415+00:00,2026-07-03T09:04:04.602352,2,1,115.65,0.5,115.4,50,115.3,150,,,,,,,,,,,,,,,,,115.9,100,,,,,,,,,,,,,,,,,,
2026-07-03T09:04:04.658672+00:00,2026-07-03T09:04:04.649830,2,2,115.6,0.4,115.4,50,115.3,150,,,,,,,,,,,,,,,,,115.8,150,115.9,100,,,,,,,,,,,,,,,,
2026-07-03T09:04:04.944895+00:00,2026-07-03T09:04:04.944843,1,1,115.55,0.5,115.3,150,,,,,,,,,,,,,,,,,,,115.8,150,,,,,,,,,,,,,,,,,,
2026-07-03T09:04:05.001272+00:00,2026-07-03T09:04:05.001131,2,1,115.55,0.5,115.3,150,115.2,100,,,,,,,,,,,,,,,,,115.8,150,,,,,,,,,,,,,,,,,,
2026-07-03T09:04:05.058655+00:00,2026-07-03T09:04:05.054449,2,2,115.5,0.4,115.3,150,115.2,100,,,,,,,,,,,,,,,,,115.7,100,115.8,150,,,,,,,,,,,,,,,,
2026-07-03T09:04:06.521814+00:00,2026-07-03T09:04:06.521727,2,2,115.5,0.4,115.3,150,115.2,100,,,,,,,,,,,,,,,,,115.7,50,115.8,150,,,,,,,,,,,,,,,,
2026-07-03T09:04:07.659853+00:00,2026-07-03T09:04:07.659714,2,2,115.5,0.4,115.3,150,115.2,100,,,,,,,,,,,,,,,,,115.7,8,115.8,150,,,,,,,,,,,,,,,,
2026-07-03T09:04:07.710738+00:00,2026-07-03T09:04:07.710647,1,1,115.45,0.5,115.2,100,,,,,,,,,,,,,,,,,,,115.7,8,,,,,,,,,,,,,,,,,,
2026-07-03T09:04:07.765308+00:00,2026-07-03T09:04:07.765189,1,1,115.45,0.5,115.2,250,,,,,,,,,,,,,,,,,,,115.7,8,,,,,,,,,,,,,,,,,,
2026-07-03T09:04:07.818036+00:00,2026-07-03T09:04:07.817990,1,1,115.45,0.5,115.2,250,,,,,,,,,,,,,,,,,,,115.7,158,,,,,,,,,,,,,,,,,,
2026-07-03T09:04:08.104432+00:00,2026-07-03T09:04:08.104401,1,1,115.45,0.5,115.2,250,,,,,,,,,,,,,,,,,,,115.7,150,,,,,,,,,,,,,,,,,,
2026-07-03T09:04:08.109691+00:00,2026-07-03T09:04:08.109568,1,1,115.45,0.5,115.2,150,,,,,,,,,,,,,,,,,,,115.7,150,,,,,,,,,,,,,,,,,,
2026-07-03T09:04:08.158623+00:00,2026-07-03T09:04:08.158358,2,1,115.5,0.4,115.3,100,115.2,150,,,,,,,,,,,,,,,,,115.7,150,,,,,,,,,,,,,,,,,,
2026-07-03T09:04:08.214892+00:00,2026-07-03T09:04:08.215044,2,2,115.5,0.4,115.3,100,115.2,150,,,,,,,,,,,,,,,,,115.7,150,115.8,100,,,,,,,,,,,,,,,,
2026-07-03T09:04:08.680836+00:00,2026-07-03T09:04:08.680705,2,2,115.5,0.4,115.3,50,115.2,150,,,,,,,,,,,,,,,,,115.7,150,115.8,100,,,,,,,,,,,,,,,,
2026-07-03T09:04:09.943018+00:00,2026-07-03T09:04:09.943154,2,2,115.5,0.4,115.3,10,115.2,150,,,,,,,,,,,,,,,,,115.7,150,115.8,100,,,,,,,,,,,,,,,,
2026-07-03T09:04:10.787142+00:00,2026-07-03T09:04:10.787070,1,2,115.45,0.5,115.2,110,,,,,,,,,,,,,,,,,,,115.7,150,115.8,100,,,,,,,,,,,,,,,,
2026-07-03T09:04:10.884875+00:00,2026-07-03T09:04:10.884712,0,1,,,,,,,,,,,,,,,,,,,,,,,115.8,100,,,,,,,,,,,,,,,,,,
2026-07-03T09:04:10.936895+00:00,2026-07-03T09:04:10.936819,1,1,115.5,0.6,115.2,150,,,,,,,,,,,,,,,,,,,115.8,100,,,,,,,,,,,,,,,,,,
2026-07-03T09:04:10.991255+00:00,2026-07-03T09:04:10.991174,1,2,115.45,0.5,115.2,150,,,,,,,,,,,,,,,,,,,115.7,150,115.8,100,,,,,,,,,,,,,,,,
2026-07-03T09:04:11.063941+00:00,2026-07-03T09:04:11.063803,1,2,115.45,0.5,115.2,150,,,,,,,,,,,,,,,,,,,115.7,107,115.8,100,,,,,,,,,,,,,,,,
2026-07-03T09:04:11.269129+00:00,2026-07-03T09:04:11.269235,1,1,115.45,0.5,115.2,150,,,,,,,,,,,,,,,,,,,115.7,107,,,,,,,,,,,,,,,,,,
2026-07-03T09:04:11.322411+00:00,2026-07-03T09:04:11.322254,1,1,115.45,0.5,115.2,250,,,,,,,,,,,,,,,,,,,115.7,107,,,,,,,,,,,,,,,,,,
2026-07-03T09:04:11.375757+00:00,2026-07-03T09:04:11.375657,1,1,115.45,0.5,115.2,250,,,,,,,,,,,,,,,,,,,115.7,207,,,,,,,,,,,,,,,,,,
2026-07-03T09:04:11.527187+00:00,2026-07-03T09:04:11.527130,1,1,115.45,0.5,115.2,203,,,,,,,,,,,,,,,,,,,115.7,207,,,,,,,,,,,,,,,,,,
2026-07-03T09:04:12.894371+00:00,2026-07-03T09:04:12.894527,1,1,115.45,0.5,115.2,153,,,,,,,,,,,,,,,,,,,115.7,207,,,,,,,,,,,,,,,,,,
2026-07-03T09:04:13.281388+00:00,2026-07-03T09:04:13.281527,1,1,115.45,0.5,115.2,153,,,,,,,,,,,,,,,,,,,115.7,163,,,,,,,,,,,,,,,,,,
2026-07-03T09:04:14.058576+00:00,2026-07-03T09:04:14.051220,1,1,115.45,0.5,115.2,100,,,,,,,,,,,,,,,,,,,115.7,100,,,,,,,,,,,,,,,,,,
2026-07-03T09:04:14.108356+00:00,2026-07-03T09:04:14.108257,2,1,115.5,0.4,115.3,150,115.2,100,,,,,,,,,,,,,,,,,115.7,100,,,,,,,,,,,,,,,,,,
2026-07-03T09:04:14.158595+00:00,2026-07-03T09:04:14.156039,2,2,115.5,0.4,115.3,150,115.2,100,,,,,,,,,,,,,,,,,115.7,100,115.8,150,,,,,,,,,,,,,,,,
2026-07-03T09:04:14.414133+00:00,2026-07-03T09:04:14.414085,2,2,115.5,0.4,115.3,110,115.2,100,,,,,,,,,,,,,,,,,115.7,100,115.8,150,,,,,,,,,,,,,,,,
2026-07-03T09:04:14.428776+00:00,2026-07-03T09:04:14.428713,1,1,115.55,0.5,115.3,110,,,,,,,,,,,,,,,,,,,115.8,150,,,,,,,,,,,,,,,,,,
2026-07-03T09:04:14.482092+00:00,2026-07-03T09:04:14.482020,1,1,115.55,0.5,115.3,210,,,,,,,,,,,,,,,,,,,115.8,150,,,,,,,,,,,,,,,,,,
2026-07-03T09:04:14.534776+00:00,2026-07-03T09:04:14.534875,1,1,115.55,0.5,115.3,210,,,,,,,,,,,,,,,,,,,115.8,250,,,,,,,,,,,,,,,,,,
2026-07-03T09:04:15.000762+00:00,2026-07-03T09:04:15.000652,1,1,115.55,0.5,115.3,160,,,,,,,,,,,,,,,,,,,115.8,250,,,,,,,,,,,,,,,,,,
2026-07-03T09:04:16.934479+00:00,2026-07-03T09:04:16.934425,1,1,115.55,0.5,115.3,160,,,,,,,,,,,,,,,,,,,115.8,201,,,,,,,,,,,,,,,,,,
2026-07-03T09:04:17.112661+00:00,2026-07-03T09:04:17.112617,1,1,115.55,0.5,115.3,110,,,,,,,,,,,,,,,,,,,115.8,201,,,,,,,,,,,,,,,,,,
2026-07-03T09:04:17.216910+00:00,2026-07-03T09:04:17.216851,1,1,115.55,0.5,115.3,100,,,,,,,,,,,,,,,,,,,115.8,100,,,,,,,,,,,,,,,,,,
2026-07-03T09:04:17.279944+00:00,2026-07-03T09:04:17.279769,2,1,115.55,0.5,115.3,100,114.8,150,,,,,,,,,,,,,,,,,115.8,100,,,,,,,,,,,,,,,,,,
2026-07-03T09:04:17.333158+00:00,2026-07-03T09:04:17.333294,1,2,115.05,0.5,114.8,150,,,,,,,,,,,,,,,,,,,115.3,50,115.8,100,,,,,,,,,,,,,,,,
2026-07-03T09:04:17.344503+00:00,2026-07-03T09:04:17.338315,1,2,115.05,0.5,114.8,150,,,,,,,,,,,,,,,,,,,115.3,47,115.8,100,,,,,,,,,,,,,,,,
2026-07-03T09:04:17.589116+00:00,2026-07-03T09:04:17.588943,1,1,115.05,0.5,114.8,150,,,,,,,,,,,,,,,,,,,115.3,47,,,,,,,,,,,,,,,,,,
2026-07-03T09:04:17.642222+00:00,2026-07-03T09:04:17.642384,1,1,115.05,0.5,114.8,250,,,,,,,,,,,,,,,,,,,115.3,47,,,,,,,,,,,,,,,,,,
2026-07-03T09:04:17.694453+00:00,2026-07-03T09:04:17.694341,1,1,115.05,0.5,114.8,250,,,,,,,,,,,,,,,,,,,115.3,147,,,,,,,,,,,,,,,,,,
2026-07-03T09:04:19.218028+00:00,2026-07-03T09:04:19.217993,1,1,115.05,0.5,114.8,200,,,,,,,,,,,,,,,,,,,115.3,147,,,,,,,,,,,,,,,,,,
2026-07-03T09:04:19.580364+00:00,2026-07-03T09:04:19.580246,1,1,115.05,0.5,114.8,200,,,,,,,,,,,,,,,,,,,115.3,107,,,,,,,,,,,,,,,,,,
2026-07-03T09:04:20.391421+00:00,2026-07-03T09:04:20.391298,1,1,115.05,0.5,114.8,100,,,,,,,,,,,,,,,,,,,115.3,100,,,,,,,,,,,,,,,,,,
2026-07-03T09:04:20.445622+00:00,2026-07-03T09:04:20.445714,2,1,115.2,0.2,115.1,150,114.8,100,,,,,,,,,,,,,,,,,115.3,100,,,,,,,,,,,,,,,,,,
2026-07-03T09:04:20.498927+00:00,2026-07-03T09:04:20.498801,2,2,115.2,0.2,115.1,150,114.8,100,,,,,,,,,,,,,,,,,115.3,100,115.6,150,,,,,,,,,,,,,,,,
2026-07-03T09:04:20.744913+00:00,2026-07-03T09:04:20.744839,1,1,115.35,0.5,115.1,150,,,,,,,,,,,,,,,,,,,115.6,150,,,,,,,,,,,,,,,,,,
2026-07-03T09:04:20.797934+00:00,2026-07-03T09:04:20.797786,2,1,115.35,0.5,115.1,150,114.8,100,,,,,,,,,,,,,,,,,115.6,150,,,,,,,,,,,,,,,,,,
2026-07-03T09:04:20.858644+00:00,2026-07-03T09:04:20.852962,2,2,115.2,0.2,115.1,150,114.8,100,,,,,,,,,,,,,,,,,115.3,100,115.6,150,,,,,,,,,,,,,,,,
2026-07-03T09:04:21.144231+00:00,2026-07-03T09:04:21.144165,2,2,115.2,0.2,115.1,110,114.8,100,,,,,,,,,,,,,,,,,115.3,100,115.6,150,,,,,,,,,,,,,,,,
2026-07-03T09:04:21.326348+00:00,2026-07-03T09:04:21.326307,2,2,115.2,0.2,115.1,60,114.8,100,,,,,,,,,,,,,,,,,115.3,100,115.6,150,,,,,,,,,,,,,,,,
2026-07-03T09:04:23.316631+00:00,2026-07-03T09:04:23.316519,2,2,115.2,0.2,115.1,12,114.8,100,,,,,,,,,,,,,,,,,115.3,100,115.6,150,,,,,,,,,,,,,,,,
2026-07-03T09:04:23.431897+00:00,2026-07-03T09:04:23.431777,1,2,115.05,0.5,114.8,62,,,,,,,,,,,,,,,,,,,115.3,100,115.6,150,,,,,,,,,,,,,,,,
2026-07-03T09:04:23.558709+00:00,2026-07-03T09:04:23.552055,1,1,115.05,0.5,114.8,62,,,,,,,,,,,,,,,,,,,115.3,100,,,,,,,,,,,,,,,,,,
2026-07-03T09:04:23.601511+00:00,2026-07-03T09:04:23.601437,2,1,115.05,0.5,114.8,62,114.5,150,,,,,,,,,,,,,,,,,115.3,100,,,,,,,,,,,,,,,,,,
2026-07-03T09:04:23.662153+00:00,2026-07-03T09:04:23.656638,2,2,114.9,0.2,114.8,62,114.5,150,,,,,,,,,,,,,,,,,115.0,147,115.3,100,,,,,,,,,,,,,,,,
