recv_time,book_timestamp,n_bids,n_asks,mid,spread,bid_px_0,bid_vol_0,bid_px_1,bid_vol_1,bid_px_2,bid_vol_2,bid_px_3,bid_vol_3,bid_px_4,bid_vol_4,bid_px_5,bid_vol_5,bid_px_6,bid_vol_6,bid_px_7,bid_vol_7,bid_px_8,bid_vol_8,bid_px_9,bid_vol_9,ask_px_0,ask_vol_0,ask_px_1,ask_vol_1,ask_px_2,ask_vol_2,ask_px_3,ask_vol_3,ask_px_4,ask_vol_4,ask_px_5,ask_vol_5,ask_px_6,ask_vol_6,ask_px_7,ask_vol_7,ask_px_8,ask_vol_8,ask_px_9,ask_vol_9
2026-07-07T18:00:00.000870+00:00,2026-07-07T18:00:00.000817,1,1,141.65,0.5,141.4,162,,,,,,,,,,,,,,,,,,,141.9,162,,,,,,,,,,,,,,,,,,
2026-07-07T18:00:00.173858+00:00,2026-07-07T18:00:00.085555,2,2,141.75,0.3,141.6,100,141.4,162,,,,,,,,,,,,,,,,,141.9,162,142.1,100,,,,,,,,,,,,,,,,
2026-07-07T18:00:00.834504+00:00,2026-07-07T18:00:00.812462,2,2,141.75,0.3,141.6,100,141.4,162,,,,,,,,,,,,,,,,,141.9,119,142.1,100,,,,,,,,,,,,,,,,
2026-07-07T18:00:01.776801+00:00,2026-07-07T18:00:01.768461,2,2,141.75,0.3,141.6,89,141.4,162,,,,,,,,,,,,,,,,,141.9,119,142.1,100,,,,,,,,,,,,,,,,
2026-07-07T18:00:02.933638+00:00,2026-07-07T18:00:02.933509,2,2,141.75,0.3,141.6,39,141.4,162,,,,,,,,,,,,,,,,,141.9,119,142.1,100,,,,,,,,,,,,,,,,
2026-07-07T18:00:03.043815+00:00,2026-07-07T18:00:03.049934,2,1,141.85,0.5,141.6,39,141.4,12,,,,,,,,,,,,,,,,,142.1,100,,,,,,,,,,,,,,,,,,
2026-07-07T18:00:03.108698+00:00,2026-07-07T18:00:03.108628,3,1,141.95,0.3,141.8,150,141.6,39,141.4,12,,,,,,,,,,,,,,,142.1,100,,,,,,,,,,,,,,,,,,
2026-07-07T18:00:03.141456+00:00,2026-07-07T18:00:03.154840,2,1,142.05,0.5,141.8,150,141.4,12,,,,,,,,,,,,,,,,,142.3,150,,,,,,,,,,,,,,,,,,
2026-07-07T18:00:03.206692+00:00,2026-07-07T18:00:03.203874,3,1,142.05,0.5,141.8,150,141.6,100,141.4,12,,,,,,,,,,,,,,,142.3,150,,,,,,,,,,,,,,,,,,
2026-07-07T18:00:03.267307+00:00,2026-07-07T18:00:03.267187,3,2,141.95,0.3,141.8,150,141.6,100,141.4,12,,,,,,,,,,,,,,,142.1,100,142.3,150,,,,,,,,,,,,,,,,
2026-07-07T18:00:03.348680+00:00,2026-07-07T18:00:03.348818,2,2,141.95,0.3,141.8,150,141.6,112,,,,,,,,,,,,,,,,,142.1,100,142.3,150,,,,,,,,,,,,,,,,
2026-07-07T18:00:03.358616+00:00,2026-07-07T18:00:03.353985,2,3,141.9,0.2,141.8,150,141.6,112,,,,,,,,,,,,,,,,,142.0,12,142.1,100,142.3,150,,,,,,,,,,,,,,
2026-07-07T18:00:04.058632+00:00,2026-07-07T18:00:04.057988,2,2,141.95,0.3,141.8,150,141.6,112,,,,,,,,,,,,,,,,,142.1,68,142.3,150,,,,,,,,,,,,,,,,
2026-07-07T18:00:04.374865+00:00,2026-07-07T18:00:04.374822,3,2,141.95,0.3,141.8,150,141.7,12,141.6,100,,,,,,,,,,,,,,,142.1,68,142.3,150,,,,,,,,,,,,,,,,
2026-07-07T18:00:04.379894+00:00,2026-07-07T18:00:04.379990,3,2,141.95,0.3,141.8,150,141.7,12,141.6,100,,,,,,,,,,,,,,,142.1,80,142.3,150,,,,,,,,,,,,,,,,
2026-07-07T18:00:05.039825+00:00,2026-07-07T18:00:05.039750,3,2,141.95,0.3,141.8,100,141.7,12,141.6,100,,,,,,,,,,,,,,,142.1,80,142.3,150,,,,,,,,,,,,,,,,
2026-07-07T18:00:06.218531+00:00,2026-07-07T18:00:06.218445,2,1,141.9,0.4,141.7,12,141.6,100,,,,,,,,,,,,,,,,,142.1,80,,,,,,,,,,,,,,,,,,
2026-07-07T18:00:06.272998+00:00,2026-07-07T18:00:06.272847,2,1,141.9,0.4,141.7,12,141.6,250,,,,,,,,,,,,,,,,,142.1,80,,,,,,,,,,,,,,,,,,
2026-07-07T18:00:06.321955+00:00,2026-07-07T18:00:06.321852,2,1,141.9,0.4,141.7,12,141.6,150,,,,,,,,,,,,,,,,,142.1,162,,,,,,,,,,,,,,,,,,
2026-07-07T18:00:06.375929+00:00,2026-07-07T18:00:06.375843,3,1,141.95,0.3,141.8,100,141.7,12,141.6,150,,,,,,,,,,,,,,,142.1,162,,,,,,,,,,,,,,,,,,
2026-07-07T18:00:06.429605+00:00,2026-07-07T18:00:06.429517,3,2,141.95,0.3,141.8,100,141.7,12,141.6,150,,,,,,,,,,,,,,,142.1,162,142.3,100,,,,,,,,,,,,,,,,
2026-07-07T18:00:07.177634+00:00,2026-07-07T18:00:07.177461,3,2,141.95,0.3,141.8,50,141.7,12,141.6,150,,,,,,,,,,,,,,,142.1,162,142.3,100,,,,,,,,,,,,,,,,
2026-07-07T18:00:08.141233+00:00,2026-07-07T18:00:08.136809,2,2,141.95,0.3,141.8,38,141.6,150,,,,,,,,,,,,,,,,,142.1,162,142.3,100,,,,,,,,,,,,,,,,
2026-07-07T18:00:08.158620+00:00,2026-07-07T18:00:08.156697,2,3,141.9,0.2,141.8,38,141.6,162,,,,,,,,,,,,,,,,,142.0,12,142.1,150,142.3,100,,,,,,,,,,,,,,
2026-07-07T18:00:09.284031+00:00,2026-07-07T18:00:09.283924,1,3,141.8,0.4,141.6,150,,,,,,,,,,,,,,,,,,,142.0,12,142.1,150,142.3,100,,,,,,,,,,,,,,
2026-07-07T18:00:09.378850+00:00,2026-07-07T18:00:09.378814,1,2,141.8,0.4,141.6,12,,,,,,,,,,,,,,,,,,,142.0,12,142.3,100,,,,,,,,,,,,,,,,
2026-07-07T18:00:09.433904+00:00,2026-07-07T18:00:09.433806,2,2,141.8,0.4,141.6,12,141.3,150,,,,,,,,,,,,,,,,,142.0,12,142.3,100,,,,,,,,,,,,,,,,
2026-07-07T18:00:09.484805+00:00,2026-07-07T18:00:09.484729,2,2,141.7,0.2,141.6,12,141.3,150,,,,,,,,,,,,,,,,,141.8,150,142.0,12,,,,,,,,,,,,,,,,
2026-07-07T18:00:09.560195+00:00,2026-07-07T18:00:09.560054,3,2,141.7,0.2,141.6,12,141.4,100,141.3,150,,,,,,,,,,,,,,,141.8,150,142.0,12,,,,,,,,,,,,,,,,
2026-07-07T18:00:09.609527+00:00,2026-07-07T18:00:09.609496,3,3,141.7,0.2,141.6,12,141.4,100,141.3,150,,,,,,,,,,,,,,,141.8,150,141.9,100,142.0,12,,,,,,,,,,,,,,
2026-07-07T18:00:10.916832+00:00,2026-07-07T18:00:10.916760,2,2,141.6,0.4,141.4,100,141.3,150,,,,,,,,,,,,,,,,,141.8,150,141.9,100,,,,,,,,,,,,,,,,
2026-07-07T18:00:10.921855+00:00,2026-07-07T18:00:10.922024,3,2,141.75,0.1,141.7,12,141.4,100,141.3,150,,,,,,,,,,,,,,,141.8,150,141.9,100,,,,,,,,,,,,,,,,
2026-07-07T18:00:10.927266+00:00,2026-07-07T18:00:10.927231,3,3,141.75,0.1,141.7,12,141.4,100,141.3,150,,,,,,,,,,,,,,,141.8,150,141.9,100,142.0,12,,,,,,,,,,,,,,
2026-07-07T18:00:11.428022+00:00,2026-07-07T18:00:11.428128,2,3,141.6,0.4,141.4,62,141.3,150,,,,,,,,,,,,,,,,,141.8,150,141.9,100,142.0,12,,,,,,,,,,,,,,
2026-07-07T18:00:11.433500+00:00,2026-07-07T18:00:11.433417,2,2,141.6,0.4,141.4,62,141.3,150,,,,,,,,,,,,,,,,,141.8,150,141.9,100,,,,,,,,,,,,,,,,
2026-07-07T18:00:11.438743+00:00,2026-07-07T18:00:11.438693,3,3,141.65,0.3,141.5,12,141.4,62,141.3,150,,,,,,,,,,,,,,,141.8,150,141.9,100,142.0,12,,,,,,,,,,,,,,
2026-07-07T18:00:12.542416+00:00,2026-07-07T18:00:12.542316,2,2,141.7,0.4,141.5,12,141.4,62,,,,,,,,,,,,,,,,,141.9,100,142.0,12,,,,,,,,,,,,,,,,
2026-07-07T18:00:12.579580+00:00,2026-07-07T18:00:12.579443,1,2,141.65,0.5,141.4,30,,,,,,,,,,,,,,,,,,,141.9,100,142.0,12,,,,,,,,,,,,,,,,
2026-07-07T18:00:12.600131+00:00,2026-07-07T18:00:12.600212,2,2,141.7,0.4,141.5,150,141.4,30,,,,,,,,,,,,,,,,,141.9,100,142.0,12,,,,,,,,,,,,,,,,
2026-07-07T18:00:12.653883+00:00,2026-07-07T18:00:12.653774,2,2,141.7,0.4,141.5,150,141.4,30,,,,,,,,,,,,,,,,,141.9,100,142.0,162,,,,,,,,,,,,,,,,
2026-07-07T18:00:12.664349+00:00,2026-07-07T18:00:12.664183,1,1,141.75,0.5,141.5,150,,,,,,,,,,,,,,,,,,,142.0,162,,,,,,,,,,,,,,,,,,
2026-07-07T18:00:12.720265+00:00,2026-07-07T18:00:12.720108,2,1,141.75,0.5,141.5,150,141.1,100,,,,,,,,,,,,,,,,,142.0,162,,,,,,,,,,,,,,,,,,
2026-07-07T18:00:12.782837+00:00,2026-07-07T18:00:12.776536,2,2,141.55,0.1,141.5,150,141.1,100,,,,,,,,,,,,,,,,,141.6,88,142.0,162,,,,,,,,,,,,,,,,
2026-07-07T18:00:13.456988+00:00,2026-07-07T18:00:13.456882,2,2,141.55,0.1,141.5,150,141.1,100,,,,,,,,,,,,,,,,,141.6,88,142.0,150,,,,,,,,,,,,,,,,
2026-07-07T18:00:13.462237+00:00,2026-07-07T18:00:13.462124,2,3,141.55,0.1,141.5,150,141.1,100,,,,,,,,,,,,,,,,,141.6,76,141.9,12,142.0,150,,,,,,,,,,,,,,
2026-07-07T18:00:13.534077+00:00,2026-07-07T18:00:13.534006,2,3,141.55,0.1,141.5,100,141.1,100,,,,,,,,,,,,,,,,,141.6,76,141.9,12,142.0,150,,,,,,,,,,,,,,
2026-07-07T18:00:13.570841+00:00,2026-07-07T18:00:13.570809,2,3,141.55,0.1,141.5,100,141.1,100,,,,,,,,,,,,,,,,,141.6,33,141.9,12,142.0,150,,,,,,,,,,,,,,
2026-07-07T18:00:14.726453+00:00,2026-07-07T18:00:14.726367,2,2,141.55,0.1,141.5,112,141.1,100,,,,,,,,,,,,,,,,,141.6,33,142.0,150,,,,,,,,,,,,,,,,
2026-07-07T18:00:14.731595+00:00,2026-07-07T18:00:14.731531,2,3,141.55,0.1,141.5,112,141.1,100,,,,,,,,,,,,,,,,,141.6,33,141.8,12,142.0,150,,,,,,,,,,,,,,
2026-07-07T18:00:15.644420+00:00,2026-07-07T18:00:15.644310,2,3,141.55,0.1,141.5,62,141.1,100,,,,,,,,,,,,,,,,,141.6,33,141.8,12,142.0,150,,,,,,,,,,,,,,
2026-07-07T18:00:15.658626+00:00,2026-07-07T18:00:15.656734,2,3,141.55,0.1,141.5,13,141.1,100,,,,,,,,,,,,,,,,,141.6,33,141.8,12,142.0,150,,,,,,,,,,,,,,
2026-07-07T18:00:15.708028+00:00,2026-07-07T18:00:15.707990,2,2,141.55,0.1,141.5,13,141.1,100,,,,,,,,,,,,,,,,,141.6,33,141.8,12,,,,,,,,,,,,,,,,
2026-07-07T18:00:15.713290+00:00,2026-07-07T18:00:15.713181,2,2,141.55,0.1,141.5,12,141.1,100,,,,,,,,,,,,,,,,,141.6,33,141.8,12,,,,,,,,,,,,,,,,
2026-07-07T18:00:15.767474+00:00,2026-07-07T18:00:15.767383,3,2,141.55,0.1,141.5,12,141.1,100,140.7,150,,,,,,,,,,,,,,,141.6,33,141.8,12,,,,,,,,,,,,,,,,
2026-07-07T18:00:15.833659+00:00,2026-07-07T18:00:15.826867,1,2,140.95,0.5,140.7,150,,,,,,,,,,,,,,,,,,,141.2,104,141.8,12,,,,,,,,,,,,,,,,
2026-07-07T18:00:15.882540+00:00,2026-07-07T18:00:15.882455,1,2,140.95,0.5,140.7,150,,,,,,,,,,,,,,,,,,,141.2,4,141.8,12,,,,,,,,,,,,,,,,
2026-07-07T18:00:15.938940+00:00,2026-07-07T18:00:15.938800,1,3,140.95,0.5,140.7,150,,,,,,,,,,,,,,,,,,,141.2,4,141.7,100,141.8,12,,,,,,,,,,,,,,
2026-07-07T18:00:15.986397+00:00,2026-07-07T18:00:15.986345,1,2,140.95,0.5,140.7,150,,,,,,,,,,,,,,,,,,,141.2,4,141.7,100,,,,,,,,,,,,,,,,
2026-07-07T18:00:15.991440+00:00,2026-07-07T18:00:15.991546,1,3,140.95,0.5,140.7,150,,,,,,,,,,,,,,,,,,,141.2,4,141.7,100,141.8,12,,,,,,,,,,,,,,
2026-07-07T18:00:16.283022+00:00,2026-07-07T18:00:16.277665,1,2,141.2,1.0,140.7,150,,,,,,,,,,,,,,,,,,,141.7,100,141.8,12,,,,,,,,,,,,,,,,
2026-07-07T18:00:17.752616+00:00,2026-07-07T18:00:17.752582,1,2,141.2,1.0,140.7,100,,,,,,,,,,,,,,,,,,,141.7,100,141.8,12,,,,,,,,,,,,,,,,
2026-07-07T18:00:18.878486+00:00,2026-07-07T18:00:18.878424,0,2,,,,,,,,,,,,,,,,,,,,,,,141.7,100,141.8,12,,,,,,,,,,,,,,,,
2026-07-07T18:00:18.944062+00:00,2026-07-07T18:00:18.943991,1,2,141.45,0.5,141.2,150,,,,,,,,,,,,,,,,,,,141.7,100,141.8,12,,,,,,,,,,,,,,,,
2026-07-07T18:00:18.993215+00:00,2026-07-07T18:00:18.993098,1,2,141.45,0.5,141.2,150,,,,,,,,,,,,,,,,,,,141.7,150,141.8,12,,,,,,,,,,,,,,,,
2026-07-07T18:00:19.005417+00:00,2026-07-07T18:00:19.005497,1,1,141.45,0.5,141.2,150,,,,,,,,,,,,,,,,,,,141.7,150,,,,,,,,,,,,,,,,,,
2026-07-07T18:00:19.010583+00:00,2026-07-07T18:00:19.010680,1,1,141.45,0.5,141.2,150,,,,,,,,,,,,,,,,,,,141.7,162,,,,,,,,,,,,,,,,,,
2026-07-07T18:00:19.041001+00:00,2026-07-07T18:00:19.041218,2,1,141.45,0.5,141.2,150,140.9,100,,,,,,,,,,,,,,,,,141.7,162,,,,,,,,,,,,,,,,,,
2026-07-07T18:00:19.099705+00:00,2026-07-07T18:00:19.099603,2,2,141.3,0.2,141.2,150,140.9,100,,,,,,,,,,,,,,,,,141.4,100,141.7,162,,,,,,,,,,,,,,,,
2026-07-07T18:00:19.751111+00:00,2026-07-07T18:00:19.751035,2,2,141.3,0.2,141.2,150,140.9,100,,,,,,,,,,,,,,,,,141.4,58,141.7,162,,,,,,,,,,,,,,,,
2026-07-07T18:00:19.889305+00:00,2026-07-07T18:00:19.889232,2,2,141.3,0.2,141.2,100,140.9,100,,,,,,,,,,,,,,,,,141.4,58,141.7,162,,,,,,,,,,,,,,,,
2026-07-07T18:00:21.949111+00:00,2026-07-07T18:00:21.948915,2,2,141.3,0.2,141.2,100,140.9,100,,,,,,,,,,,,,,,,,141.4,8,141.7,162,,,,,,,,,,,,,,,,
2026-07-07T18:00:22.058761+00:00,2026-07-07T18:00:22.058665,1,2,141.15,0.5,140.9,100,,,,,,,,,,,,,,,,,,,141.4,8,141.7,12,,,,,,,,,,,,,,,,
2026-07-07T18:00:22.106032+00:00,2026-07-07T18:00:22.105961,1,2,141.15,0.5,140.9,250,,,,,,,,,,,,,,,,,,,141.4,8,141.7,12,,,,,,,,,,,,,,,,
2026-07-07T18:00:22.158652+00:00,2026-07-07T18:00:22.153711,1,2,141.15,0.5,140.9,150,,,,,,,,,,,,,,,,,,,141.4,150,141.7,12,,,,,,,,,,,,,,,,
2026-07-07T18:00:22.208283+00:00,2026-07-07T18:00:22.208170,2,2,141.3,0.2,141.2,100,140.9,150,,,,,,,,,,,,,,,,,141.4,150,141.7,12,,,,,,,,,,,,,,,,
2026-07-07T18:00:22.269192+00:00,2026-07-07T18:00:22.268980,2,2,141.3,0.2,141.2,100,140.9,150,,,,,,,,,,,,,,,,,141.4,150,141.7,112,,,,,,,,,,,,,,,,
2026-07-07T18:00:22.563787+00:00,2026-07-07T18:00:22.563758,2,2,141.3,0.2,141.2,53,140.9,150,,,,,,,,,,,,,,,,,141.4,150,141.7,112,,,,,,,,,,,,,,,,
2026-07-07T18:00:24.080395+00:00,2026-07-07T18:00:24.080266,2,2,141.3,0.2,141.2,53,140.9,150,,,,,,,,,,,,,,,,,141.4,100,141.7,112,,,,,,,,,,,,,,,,
2026-07-07T18:00:24.214981+00:00,2026-07-07T18:00:24.214932,2,2,141.3,0.2,141.2,53,140.9,150,,,,,,,,,,,,,,,,,141.4,56,141.7,112,,,,,,,,,,,,,,,,
2026-07-07T18:00:25.212160+00:00,2026-07-07T18:00:25.212042,1,1,141.45,0.5,141.2,53,,,,,,,,,,,,,,,,,,,141.7,112,,,,,,,,,,,,,,,,,,
2026-07-07T18:00:25.275878+00:00,2026-07-07T18:00:25.275808,2,1,141.55,0.3,141.4,150,141.2,53,,,,,,,,,,,,,,,,,141.7,112,,,,,,,,,,,,,,,,,,
2026-07-07T18:00:25.323645+00:00,2026-07-07T18:00:25.323778,1,1,141.55,0.3,141.4,150,,,,,,,,,,,,,,,,,,,141.7,12,,,,,,,,,,,,,,,,,,
2026-07-07T18:00:25.329053+00:00,2026-07-07T18:00:25.328946,1,2,141.55,0.3,141.4,150,,,,,,,,,,,,,,,,,,,141.7,12,141.9,150,,,,,,,,,,,,,,,,
2026-07-07T18:00:25.378071+00:00,2026-07-07T18:00:25.378206,2,2,141.55,0.3,141.4,150,141.1,100,,,,,,,,,,,,,,,,,141.7,12,141.9,150,,,,,,,,,,,,,,,,
2026-07-07T18:00:25.430444+00:00,2026-07-07T18:00:25.430547,2,3,141.5,0.2,141.4,150,141.1,100,,,,,,,,,,,,,,,,,141.6,100,141.7,12,141.9,150,,,,,,,,,,,,,,
2026-07-07T18:00:25.529977+00:00,2026-07-07T18:00:25.529852,2,3,141.5,0.2,141.4,150,141.1,100,,,,,,,,,,,,,,,,,141.6,100,141.8,12,141.9,150,,,,,,,,,,,,,,
2026-07-07T18:00:26.186295+00:00,2026-07-07T18:00:26.186248,2,3,141.5,0.2,141.4,150,141.1,100,,,,,,,,,,,,,,,,,141.6,50,141.8,12,141.9,150,,,,,,,,,,,,,,
2026-07-07T18:00:26.506766+00:00,2026-07-07T18:00:26.495620,2,3,141.5,0.2,141.4,146,141.1,100,,,,,,,,,,,,,,,,,141.6,50,141.8,12,141.9,150,,,,,,,,,,,,,,
2026-07-07T18:00:26.538743+00:00,2026-07-07T18:00:26.538671,2,3,141.5,0.2,141.4,146,141.1,100,,,,,,,,,,,,,,,,,141.6,50,141.7,12,141.9,150,,,,,,,,,,,,,,
2026-07-07T18:00:27.097785+00:00,2026-07-07T18:00:27.091499,2,3,141.5,0.2,141.4,134,141.1,100,,,,,,,,,,,,,,,,,141.6,50,141.7,12,141.9,150,,,,,,,,,,,,,,
2026-07-07T18:00:27.717546+00:00,2026-07-07T18:00:27.709168,2,3,141.5,0.2,141.4,123,141.1,100,,,,,,,,,,,,,,,,,141.6,50,141.7,12,141.9,150,,,,,,,,,,,,,,
2026-07-07T18:00:28.333000+00:00,2026-07-07T18:00:28.332822,2,2,141.55,0.3,141.4,123,141.1,100,,,,,,,,,,,,,,,,,141.7,12,141.9,150,,,,,,,,,,,,,,,,
2026-07-07T18:00:28.382657+00:00,2026-07-07T18:00:28.382505,2,1,141.55,0.3,141.4,123,141.1,100,,,,,,,,,,,,,,,,,141.7,12,,,,,,,,,,,,,,,,,,
2026-07-07T18:00:28.387798+00:00,2026-07-07T18:00:28.387697,1,1,141.4,0.6,141.1,100,,,,,,,,,,,,,,,,,,,141.7,12,,,,,,,,,,,,,,,,,,
2026-07-07T18:00:28.437111+00:00,2026-07-07T18:00:28.437029,2,1,141.4,0.6,141.1,100,141.0,150,,,,,,,,,,,,,,,,,141.7,12,,,,,,,,,,,,,,,,,,
2026-07-07T18:00:28.483963+00:00,2026-07-07T18:00:28.483927,1,1,141.35,0.7,141.0,150,,,,,,,,,,,,,,,,,,,141.7,12,,,,,,,,,,,,,,,,,,
2026-07-07T18:00:28.489286+00:00,2026-07-07T18:00:28.489128,1,2,141.25,0.5,141.0,150,,,,,,,,,,,,,,,,,,,141.5,150,141.7,12,,,,,,,,,,,,,,,,
2026-07-07T18:00:28.536433+00:00,2026-07-07T18:00:28.536321,2,2,141.35,0.3,141.2,100,141.0,150,,,,,,,,,,,,,,,,,141.5,107,141.7,12,,,,,,,,,,,,,,,,
2026-07-07T18:00:28.558579+00:00,2026-07-07T18:00:28.553672,2,2,141.35,0.3,141.2,100,141.0,150,,,,,,,,,,,,,,,,,141.5,107,141.6,12,,,,,,,,,,,,,,,,
2026-07-07T18:00:28.593714+00:00,2026-07-07T18:00:28.593604,2,3,141.35,0.3,141.2,100,141.0,150,,,,,,,,,,,,,,,,,141.5,107,141.6,12,141.7,100,,,,,,,,,,,,,,
2026-07-07T18:00:30.463434+00:00,2026-07-07T18:00:30.453023,2,3,141.35,0.3,141.2,89,141.0,150,,,,,,,,,,,,,,,,,141.5,107,141.6,12,141.7,100,,,,,,,,,,,,,,
2026-07-07T18:00:30.489458+00:00,2026-07-07T18:00:30.489411,2,3,141.35,0.3,141.2,39,141.0,150,,,,,,,,,,,,,,,,,141.5,107,141.6,12,141.7,100,,,,,,,,,,,,,,
2026-07-07T18:00:30.562890+00:00,2026-07-07T18:00:30.562845,2,3,141.3,0.2,141.2,39,141.0,150,,,,,,,,,,,,,,,,,141.4,12,141.5,107,141.7,100,,,,,,,,,,,,,,
2026-07-07T18:00:31.554964+00:00,2026-07-07T18:00:31.554817,1,2,141.3,0.2,141.2,39,,,,,,,,,,,,,,,,,,,141.4,12,141.7,100,,,,,,,,,,,,,,,,
2026-07-07T18:00:31.601001+00:00,2026-07-07T18:00:31.600908,2,2,141.3,0.2,141.2,39,140.9,150,,,,,,,,,,,,,,,,,141.4,12,141.7,100,,,,,,,,,,,,,,,,
2026-07-07T18:00:31.647835+00:00,2026-07-07T18:00:31.647769,1,1,141.15,0.5,140.9,150,,,,,,,,,,,,,,,,,,,141.4,12,,,,,,,,,,,,,,,,,,
2026-07-07T18:00:31.658814+00:00,2026-07-07T18:00:31.658886,1,1,141.15,0.5,140.9,150,,,,,,,,,,,,,,,,,,,141.4,162,,,,,,,,,,,,,,,,,,
2026-07-07T18:00:31.703107+00:00,2026-07-07T18:00:31.703004,2,1,141.15,0.5,140.9,150,140.6,100,,,,,,,,,,,,,,,,,141.4,162,,,,,,,,,,,,,,,,,,
2026-07-07T18:00:31.768394+00:00,2026-07-07T18:00:31.762386,2,2,141.0,0.2,140.9,150,140.6,100,,,,,,,,,,,,,,,,,141.1,89,141.4,162,,,,,,,,,,,,,,,,
2026-07-07T18:00:34.579010+00:00,2026-07-07T18:00:34.578956,2,3,141.0,0.2,140.9,150,140.6,100,,,,,,,,,,,,,,,,,141.1,89,141.2,12,141.4,150,,,,,,,,,,,,,,
2026-07-07T18:00:34.705779+00:00,2026-07-07T18:00:34.705730,2,3,141.0,0.2,140.9,100,140.6,100,,,,,,,,,,,,,,,,,141.1,89,141.2,12,141.4,150,,,,,,,,,,,,,,
2026-07-07T18:00:34.710817+00:00,2026-07-07T18:00:34.710934,1,2,140.85,0.5,140.6,100,,,,,,,,,,,,,,,,,,,141.1,89,141.2,12,,,,,,,,,,,,,,,,
2026-07-07T18:00:34.766943+00:00,2026-07-07T18:00:34.766857,2,2,140.9,0.4,140.7,150,140.6,100,,,,,,,,,,,,,,,,,141.1,89,141.2,12,,,,,,,,,,,,,,,,
2026-07-07T18:00:34.810528+00:00,2026-07-07T18:00:34.810472,1,1,140.95,0.5,140.7,150,,,,,,,,,,,,,,,,,,,141.2,12,,,,,,,,,,,,,,,,,,
2026-07-07T18:00:34.815731+00:00,2026-07-07T18:00:34.815634,1,1,140.95,0.5,140.7,150,,,,,,,,,,,,,,,,,,,141.2,162,,,,,,,,,,,,,,,,,,
2026-07-07T18:00:34.854506+00:00,2026-07-07T18:00:34.854655,1,1,140.95,0.5,140.7,250,,,,,,,,,,,,,,,,,,,141.2,162,,,,,,,,,,,,,,,,,,
2026-07-07T18:00:34.919667+00:00,2026-07-07T18:00:34.919550,1,1,140.95,0.5,140.7,250,,,,,,,,,,,,,,,,,,,141.2,262,,,,,,,,,,,,,,,,,,
2026-07-07T18:00:36.784887+00:00,2026-07-07T18:00:36.784841,1,1,140.95,0.5,140.7,250,,,,,,,,,,,,,,,,,,,141.2,212,,,,,,,,,,,,,,,,,,
2026-07-07T18:00:36.837019+00:00,2026-07-07T18:00:36.837106,2,1,141.0,0.4,140.8,12,140.7,250,,,,,,,,,,,,,,,,,141.2,212,,,,,,,,,,,,,,,,,,
2026-07-07T18:00:36.842357+00:00,2026-07-07T18:00:36.842274,2,2,141.0,0.4,140.8,12,140.7,250,,,,,,,,,,,,,,,,,141.2,212,141.4,12,,,,,,,,,,,,,,,,
2026-07-07T18:00:37.102044+00:00,2026-07-07T18:00:37.102012,1,1,140.95,0.5,140.7,250,,,,,,,,,,,,,,,,,,,141.2,212,,,,,,,,,,,,,,,,,,
2026-07-07T18:00:37.107242+00:00,2026-07-07T18:00:37.107186,2,1,141.05,0.3,140.9,12,140.7,250,,,,,,,,,,,,,,,,,141.2,212,,,,,,,,,,,,,,,,,,
2026-07-07T18:00:37.112469+00:00,2026-07-07T18:00:37.112370,2,1,141.05,0.3,140.9,12,140.7,250,,,,,,,,,,,,,,,,,141.2,224,,,,,,,,,,,,,,,,,,
2026-07-07T18:00:37.193826+00:00,2026-07-07T18:00:37.193682,1,1,140.95,0.5,140.7,219,,,,,,,,,,,,,,,,,,,141.2,224,,,,,,,,,,,,,,,,,,
2026-07-07T18:00:37.658563+00:00,2026-07-07T18:00:37.656052,1,1,140.95,0.5,140.7,219,,,,,,,,,,,,,,,,,,,141.2,175,,,,,,,,,,,,,,,,,,
2026-07-07T18:00:37.872662+00:00,2026-07-07T18:00:37.872854,1,1,140.95,0.5,140.7,100,,,,,,,,,,,,,,,,,,,141.2,112,,,,,,,,,,,,,,,,,,
2026-07-07T18:00:37.927685+00:00,2026-07-07T18:00:37.927634,2,1,141.05,0.3,140.9,150,140.7,100,,,,,,,,,,,,,,,,,141.2,112,,,,,,,,,,,,,,,,,,
2026-07-07T18:00:37.985405+00:00,2026-07-07T18:00:37.985334,2,1,141.05,0.3,140.9,150,140.7,100,,,,,,,,,,,,,,,,,141.2,12,,,,,,,,,,,,,,,,,,
2026-07-07T18:00:37.990674+00:00,2026-07-07T18:00:37.990545,1,2,141.05,0.3,140.9,150,,,,,,,,,,,,,,,,,,,141.2,12,141.4,150,,,,,,,,,,,,,,,,
2026-07-07T18:00:38.043276+00:00,2026-07-07T18:00:38.043197,2,2,141.05,0.3,140.9,150,140.7,100,,,,,,,,,,,,,,,,,141.2,12,141.4,150,,,,,,,,,,,,,,,,
2026-07-07T18:00:38.095538+00:00,2026-07-07T18:00:38.095432,2,2,141.05,0.3,140.9,150,140.7,100,,,,,,,,,,,,,,,,,141.2,112,141.4,150,,,,,,,,,,,,,,,,
2026-07-07T18:00:38.891434+00:00,2026-07-07T18:00:38.891626,2,2,141.05,0.3,140.9,150,140.7,100,,,,,,,,,,,,,,,,,141.2,62,141.4,150,,,,,,,,,,,,,,,,
2026-07-07T18:00:41.042301+00:00,2026-07-07T18:00:41.042235,1,1,140.95,0.5,140.7,100,,,,,,,,,,,,,,,,,,,141.2,62,,,,,,,,,,,,,,,,,,
2026-07-07T18:00:41.073416+00:00,2026-07-07T18:00:41.073370,1,1,140.95,0.5,140.7,50,,,,,,,,,,,,,,,,,,,141.2,62,,,,,,,,,,,,,,,,,,
2026-07-07T18:00:41.097493+00:00,2026-07-07T18:00:41.097350,2,1,141.1,0.2,141.0,150,140.7,50,,,,,,,,,,,,,,,,,141.2,62,,,,,,,,,,,,,,,,,,
2026-07-07T18:00:41.149267+00:00,2026-07-07T18:00:41.149399,1,1,141.25,0.5,141.0,150,,,,,,,,,,,,,,,,,,,141.5,150,,,,,,,,,,,,,,,,,,
2026-07-07T18:00:41.154511+00:00,2026-07-07T18:00:41.154628,1,2,141.2,0.4,141.0,162,,,,,,,,,,,,,,,,,,,141.4,12,141.5,150,,,,,,,,,,,,,,,,
2026-07-07T18:00:41.203717+00:00,2026-07-07T18:00:41.203612,2,2,141.2,0.4,141.0,162,140.7,100,,,,,,,,,,,,,,,,,141.4,12,141.5,150,,,,,,,,,,,,,,,,
2026-07-07T18:00:41.258652+00:00,2026-07-07T18:00:41.254471,2,3,141.1,0.2,141.0,162,140.7,100,,,,,,,,,,,,,,,,,141.2,100,141.4,12,141.5,150,,,,,,,,,,,,,,
2026-07-07T18:00:42.158574+00:00,2026-07-07T18:00:42.158357,2,2,141.1,0.2,141.0,150,140.7,100,,,,,,,,,,,,,,,,,141.2,100,141.5,150,,,,,,,,,,,,,,,,
2026-07-07T18:00:42.171832+00:00,2026-07-07T18:00:42.171778,2,3,141.1,0.2,141.0,162,140.7,100,,,,,,,,,,,,,,,,,141.2,100,141.3,12,141.5,150,,,,,,,,,,,,,,
2026-07-07T18:00:42.800331+00:00,2026-07-07T18:00:42.800235,2,3,141.1,0.2,141.0,115,140.7,100,,,,,,,,,,,,,,,,,141.2,100,141.3,12,141.5,150,,,,,,,,,,,,,,
2026-07-07T18:00:43.183133+00:00,2026-07-07T18:00:43.183312,2,3,141.1,0.2,141.0,65,140.7,100,,,,,,,,,,,,,,,,,141.2,100,141.3,12,141.5,150,,,,,,,,,,,,,,
2026-07-07T18:00:43.944167+00:00,2026-07-07T18:00:43.944008,2,3,141.1,0.2,141.0,65,140.7,100,,,,,,,,,,,,,,,,,141.2,58,141.3,12,141.5,150,,,,,,,,,,,,,,
2026-07-07T18:00:44.206863+00:00,2026-07-07T18:00:44.206788,2,2,141.1,0.2,141.0,12,140.7,100,,,,,,,,,,,,,,,,,141.2,58,141.3,12,,,,,,,,,,,,,,,,
2026-07-07T18:00:44.258647+00:00,2026-07-07T18:00:44.257754,3,2,141.1,0.2,141.0,12,140.7,100,140.5,150,,,,,,,,,,,,,,,141.2,58,141.3,12,,,,,,,,,,,,,,,,
2026-07-07T18:00:44.312745+00:00,2026-07-07T18:00:44.312566,2,1,141.15,0.3,141.0,12,140.5,150,,,,,,,,,,,,,,,,,141.3,12,,,,,,,,,,,,,,,,,,
2026-07-07T18:00:44.317935+00:00,2026-07-07T18:00:44.317812,1,2,140.75,0.5,140.5,150,,,,,,,,,,,,,,,,,,,141.0,138,141.3,12,,,,,,,,,,,,,,,,
2026-07-07T18:00:44.372847+00:00,2026-07-07T18:00:44.372625,2,2,140.9,0.2,140.8,100,140.5,150,,,,,,,,,,,,,,,,,141.0,138,141.3,12,,,,,,,,,,,,,,,,
2026-07-07T18:00:44.464362+00:00,2026-07-07T18:00:44.464121,2,3,140.9,0.2,140.8,100,140.5,150,,,,,,,,,,,,,,,,,141.0,138,141.2,12,141.3,100,,,,,,,,,,,,,,
2026-07-07T18:00:44.944514+00:00,2026-07-07T18:00:44.944441,2,2,140.9,0.2,140.8,100,140.5,150,,,,,,,,,,,,,,,,,141.0,150,141.3,100,,,,,,,,,,,,,,,,
2026-07-07T18:00:45.016800+00:00,2026-07-07T18:00:45.016710,2,2,140.9,0.2,140.8,54,140.5,150,,,,,,,,,,,,,,,,,141.0,150,141.3,100,,,,,,,,,,,,,,,,
2026-07-07T18:00:45.301428+00:00,2026-07-07T18:00:45.301348,2,2,140.9,0.2,140.8,4,140.5,150,,,,,,,,,,,,,,,,,141.0,150,141.3,100,,,,,,,,,,,,,,,,
2026-07-07T18:00:45.591191+00:00,2026-07-07T18:00:45.591133,2,2,140.9,0.2,140.8,4,140.5,150,,,,,,,,,,,,,,,,,141.0,109,141.3,100,,,,,,,,,,,,,,,,
2026-07-07T18:00:47.371546+00:00,2026-07-07T18:00:47.371494,1,2,140.9,0.2,140.8,4,,,,,,,,,,,,,,,,,,,141.0,12,141.3,100,,,,,,,,,,,,,,,,
2026-07-07T18:00:47.427469+00:00,2026-07-07T18:00:47.427349,2,2,140.9,0.2,140.8,4,140.7,150,,,,,,,,,,,,,,,,,141.0,12,141.3,100,,,,,,,,,,,,,,,,
2026-07-07T18:00:47.475422+00:00,2026-07-07T18:00:47.475338,1,2,140.85,0.3,140.7,150,,,,,,,,,,,,,,,,,,,141.0,12,141.2,150,,,,,,,,,,,,,,,,
2026-07-07T18:00:47.530911+00:00,2026-07-07T18:00:47.530808,2,2,140.85,0.3,140.7,150,140.4,100,,,,,,,,,,,,,,,,,141.0,12,141.2,150,,,,,,,,,,,,,,,,
2026-07-07T18:00:47.584383+00:00,2026-07-07T18:00:47.584228,2,3,140.8,0.2,140.7,150,140.4,100,,,,,,,,,,,,,,,,,140.9,100,141.0,12,141.2,150,,,,,,,,,,,,,,
2026-07-07T18:00:47.706125+00:00,2026-07-07T18:00:47.706032,2,2,140.8,0.2,140.7,150,140.4,100,,,,,,,,,,,,,,,,,140.9,100,141.2,150,,,,,,,,,,,,,,,,
2026-07-07T18:00:47.711240+00:00,2026-07-07T18:00:47.711206,2,2,140.8,0.2,140.7,150,140.4,100,,,,,,,,,,,,,,,,,140.9,100,141.2,162,,,,,,,,,,,,,,,,
2026-07-07T18:00:47.741365+00:00,2026-07-07T18:00:47.735569,2,2,140.8,0.2,140.7,150,140.4,100,,,,,,,,,,,,,,,,,140.9,89,141.2,162,,,,,,,,,,,,,,,,
2026-07-07T18:00:49.511961+00:00,2026-07-07T18:00:49.511919,2,2,140.8,0.2,140.7,100,140.4,100,,,,,,,,,,,,,,,,,140.9,89,141.2,162,,,,,,,,,,,,,,,,
2026-07-07T18:00:50.529560+00:00,2026-07-07T18:00:50.529510,2,2,140.8,0.2,140.7,100,140.4,100,,,,,,,,,,,,,,,,,140.9,89,141.2,12,,,,,,,,,,,,,,,,
2026-07-07T18:00:50.534609+00:00,2026-07-07T18:00:50.534694,1,2,140.65,0.5,140.4,100,,,,,,,,,,,,,,,,,,,140.9,89,141.2,12,,,,,,,,,,,,,,,,
2026-07-07T18:00:50.584123+00:00,2026-07-07T18:00:50.584059,1,2,140.65,0.5,140.4,250,,,,,,,,,,,,,,,,,,,140.9,89,141.2,12,,,,,,,,,,,,,,,,
2026-07-07T18:00:50.650109+00:00,2026-07-07T18:00:50.649988,1,2,140.65,0.5,140.4,150,,,,,,,,,,,,,,,,,,,140.9,150,141.2,12,,,,,,,,,,,,,,,,
2026-07-07T18:00:50.700520+00:00,2026-07-07T18:00:50.700435,1,2,140.65,0.5,140.4,250,,,,,,,,,,,,,,,,,,,140.9,150,141.2,12,,,,,,,,,,,,,,,,
2026-07-07T18:00:50.722297+00:00,2026-07-07T18:00:50.722206,1,2,140.65,0.5,140.4,250,,,,,,,,,,,,,,,,,,,140.9,150,141.1,12,,,,,,,,,,,,,,,,
2026-07-07T18:00:50.758604+00:00,2026-07-07T18:00:50.754511,1,2,140.65,0.5,140.4,250,,,,,,,,,,,,,,,,,,,140.9,250,141.1,12,,,,,,,,,,,,,,,,
2026-07-07T18:00:51.480673+00:00,2026-07-07T18:00:51.480574,1,2,140.65,0.5,140.4,250,,,,,,,,,,,,,,,,,,,140.9,250,141.0,12,,,,,,,,,,,,,,,,
2026-07-07T18:00:53.702272+00:00,2026-07-07T18:00:53.702418,1,2,140.65,0.5,140.4,100,,,,,,,,,,,,,,,,,,,140.9,100,141.0,12,,,,,,,,,,,,,,,,
2026-07-07T18:00:53.734191+00:00,2026-07-07T18:00:53.734065,1,2,140.65,0.5,140.4,50,,,,,,,,,,,,,,,,,,,140.9,100,141.0,12,,,,,,,,,,,,,,,,
2026-07-07T18:00:53.757269+00:00,2026-07-07T18:00:53.757112,1,2,140.65,0.5,140.4,200,,,,,,,,,,,,,,,,,,,140.9,100,141.0,12,,,,,,,,,,,,,,,,
2026-07-07T18:00:53.809991+00:00,2026-07-07T18:00:53.809870,1,2,140.65,0.5,140.4,150,,,,,,,,,,,,,,,,,,,140.9,150,141.0,12,,,,,,,,,,,,,,,,
2026-07-07T18:00:53.866331+00:00,2026-07-07T18:00:53.866175,2,2,140.75,0.3,140.6,100,140.4,150,,,,,,,,,,,,,,,,,140.9,150,141.0,12,,,,,,,,,,,,,,,,
2026-07-07T18:00:53.918291+00:00,2026-07-07T18:00:53.918168,2,3,140.75,0.3,140.6,100,140.4,150,,,,,,,,,,,,,,,,,140.9,150,141.0,12,141.1,100,,,,,,,,,,,,,,
2026-07-07T18:00:53.993553+00:00,2026-07-07T18:00:53.993750,2,3,140.75,0.3,140.6,100,140.4,150,,,,,,,,,,,,,,,,,140.9,150,141.1,100,141.2,12,,,,,,,,,,,,,,
2026-07-07T18:00:55.505023+00:00,2026-07-07T18:00:55.504962,2,2,140.75,0.3,140.6,100,140.4,150,,,,,,,,,,,,,,,,,140.9,150,141.1,112,,,,,,,,,,,,,,,,
2026-07-07T18:00:56.758674+00:00,2026-07-07T18:00:56.757088,2,3,140.75,0.3,140.6,100,140.4,150,,,,,,,,,,,,,,,,,140.9,150,141.0,12,141.1,100,,,,,,,,,,,,,,
2026-07-07T18:00:56.858653+00:00,2026-07-07T18:00:56.857124,1,2,140.8,0.4,140.6,100,,,,,,,,,,,,,,,,,,,141.0,12,141.1,100,,,,,,,,,,,,,,,,
2026-07-07T18:00:56.916735+00:00,2026-07-07T18:00:56.916962,2,2,140.8,0.4,140.6,100,140.3,150,,,,,,,,,,,,,,,,,141.0,12,141.1,100,,,,,,,,,,,,,,,,
2026-07-07T18:00:56.970396+00:00,2026-07-07T18:00:56.970327,1,1,140.65,0.7,140.3,150,,,,,,,,,,,,,,,,,,,141.0,12,,,,,,,,,,,,,,,,,,
2026-07-07T18:00:56.975602+00:00,2026-07-07T18:00:56.975523,1,2,140.55,0.5,140.3,150,,,,,,,,,,,,,,,,,,,140.8,150,141.0,12,,,,,,,,,,,,,,,,
2026-07-07T18:00:57.026437+00:00,2026-07-07T18:00:57.026371,2,2,140.55,0.5,140.3,150,140.2,100,,,,,,,,,,,,,,,,,140.8,150,141.0,12,,,,,,,,,,,,,,,,
2026-07-07T18:00:57.081116+00:00,2026-07-07T18:00:57.081044,2,3,140.5,0.4,140.3,150,140.2,100,,,,,,,,,,,,,,,,,140.7,100,140.8,150,141.0,12,,,,,,,,,,,,,,
2026-07-07T18:00:57.274125+00:00,2026-07-07T18:00:57.274098,2,3,140.5,0.4,140.3,150,140.2,100,,,,,,,,,,,,,,,,,140.7,100,140.8,150,141.0,12,,,,,,,,,,,,,,
2026-07-07T18:00:57.542859+00:00,2026-07-07T18:00:57.542732,2,3,140.5,0.4,140.3,102,140.2,100,,,,,,,,,,,,,,,,,140.7,100,140.8,150,141.0,12,,,,,,,,,,,,,,
2026-07-07T18:00:57.893233+00:00,2026-07-07T18:00:57.893071,2,3,140.5,0.4,140.3,102,140.2,100,,,,,,,,,,,,,,,,,140.7,50,140.8,150,141.0,12,,,,,,,,,,,,,,
2026-07-07T18:00:59.285524+00:00,2026-07-07T18:00:59.285469,2,2,140.5,0.4,140.3,102,140.2,100,,,,,,,,,,,,,,,,,140.7,50,140.8,150,,,,,,,,,,,,,,,,
2026-07-07T18:00:59.290774+00:00,2026-07-07T18:00:59.290693,2,3,140.5,0.4,140.3,102,140.2,100,,,,,,,,,,,,,,,,,140.7,50,140.8,150,141.1,12,,,,,,,,,,,,,,
2026-07-07T18:00:59.306445+00:00,2026-07-07T18:00:59.306324,2,3,140.5,0.4,140.3,102,140.2,100,,,,,,,,,,,,,,,,,140.7,3,140.8,150,141.1,12,,,,,,,,,,,,,,
2026-07-07T18:00:59.800364+00:00,2026-07-07T18:00:59.800289,2,3,140.5,0.4,140.3,53,140.2,100,,,,,,,,,,,,,,,,,140.7,3,140.8,150,141.1,12,,,,,,,,,,,,,,
2026-07-07T18:01:00.012761+00:00,2026-07-07T18:01:00.012663,2,2,140.55,0.5,140.3,53,140.2,100,,,,,,,,,,,,,,,,,140.8,103,141.1,12,,,,,,,,,,,,,,,,
2026-07-07T18:01:00.028328+00:00,2026-07-07T18:01:00.028296,1,1,140.65,0.9,140.2,100,,,,,,,,,,,,,,,,,,,141.1,12,,,,,,,,,,,,,,,,,,
2026-07-07T18:01:00.082917+00:00,2026-07-07T18:01:00.083040,1,1,140.65,0.9,140.2,250,,,,,,,,,,,,,,,,,,,141.1,12,,,,,,,,,,,,,,,,,,
2026-07-07T18:01:00.136420+00:00,2026-07-07T18:01:00.136385,1,2,140.45,0.5,140.2,150,,,,,,,,,,,,,,,,,,,140.7,150,141.1,12,,,,,,,,,,,,,,,,
2026-07-07T18:01:00.192639+00:00,2026-07-07T18:01:00.192781,2,2,140.6,0.2,140.5,100,140.2,150,,,,,,,,,,,,,,,,,140.7,150,141.1,12,,,,,,,,,,,,,,,,
2026-07-07T18:01:00.245637+00:00,2026-07-07T18:01:00.245560,2,3,140.6,0.2,140.5,100,140.2,150,,,,,,,,,,,,,,,,,140.7,150,141.0,100,141.1,12,,,,,,,,,,,,,,
2026-07-07T18:01:00.297379+00:00,2026-07-07T18:01:00.297259,2,2,140.6,0.2,140.5,100,140.2,150,,,,,,,,,,,,,,,,,140.7,150,141.0,112,,,,,,,,,,,,,,,,
2026-07-07T18:01:03.190023+00:00,2026-07-07T18:01:03.190141,1,1,140.75,0.5,140.5,100,,,,,,,,,,,,,,,,,,,141.0,112,,,,,,,,,,,,,,,,,,
2026-07-07T18:01:03.244212+00:00,2026-07-07T18:01:03.244187,2,1,140.75,0.5,140.5,100,140.2,150,,,,,,,,,,,,,,,,,141.0,112,,,,,,,,,,,,,,,,,,
2026-07-07T18:01:03.294632+00:00,2026-07-07T18:01:03.294507,2,2,140.6,0.2,140.5,100,140.2,150,,,,,,,,,,,,,,,,,140.7,150,141.0,112,,,,,,,,,,,,,,,,
2026-07-07T18:01:03.299848+00:00,2026-07-07T18:01:03.299749,1,2,140.45,0.5,140.2,150,,,,,,,,,,,,,,,,,,,140.7,150,141.0,12,,,,,,,,,,,,,,,,
2026-07-07T18:01:03.311068+00:00,2026-07-07T18:01:03.310993,1,2,140.45,0.5,140.2,150,,,,,,,,,,,,,,,,,,,140.7,150,141.0,12,,,,,,,,,,,,,,,,
2026-07-07T18:01:03.358619+00:00,2026-07-07T18:01:03.353974,2,2,140.6,0.2,140.5,100,140.2,150,,,,,,,,,,,,,,,,,140.7,150,141.0,12,,,,,,,,,,,,,,,,
2026-07-07T18:01:03.404304+00:00,2026-07-07T18:01:03.404456,2,2,140.6,0.2,140.5,100,140.2,150,,,,,,,,,,,,,,,,,140.7,150,141.0,112,,,,,,,,,,,,,,,,
2026-07-07T18:01:04.224934+00:00,2026-07-07T18:01:04.224810,2,2,140.6,0.2,140.5,100,140.2,150,,,,,,,,,,,,,,,,,140.7,100,141.0,112,,,,,,,,,,,,,,,,
2026-07-07T18:01:04.388276+00:00,2026-07-07T18:01:04.388204,2,2,140.6,0.2,140.5,100,140.2,150,,,,,,,,,,,,,,,,,140.7,56,141.0,112,,,,,,,,,,,,,,,,
2026-07-07T18:01:06.332479+00:00,2026-07-07T18:01:06.332281,2,2,140.6,0.2,140.5,100,140.2,150,,,,,,,,,,,,,,,,,140.7,6,141.0,112,,,,,,,,,,,,,,,,
2026-07-07T18:01:06.351538+00:00,2026-07-07T18:01:06.351396,1,1,140.75,0.5,140.5,100,,,,,,,,,,,,,,,,,,,141.0,112,,,,,,,,,,,,,,,,,,
2026-07-07T18:01:06.409286+00:00,2026-07-07T18:01:06.409100,2,1,140.85,0.3,140.7,150,140.5,100,,,,,,,,,,,,,,,,,141.0,112,,,,,,,,,,,,,,,,,,
2026-07-07T18:01:06.458584+00:00,2026-07-07T18:01:06.457122,1,2,140.85,0.3,140.7,150,,,,,,,,,,,,,,,,,,,141.0,12,141.2,150,,,,,,,,,,,,,,,,
2026-07-07T18:01:06.511908+00:00,2026-07-07T18:01:06.511825,2,2,140.85,0.3,140.7,150,140.5,100,,,,,,,,,,,,,,,,,141.0,12,141.2,150,,,,,,,,,,,,,,,,
2026-07-07T18:01:06.564695+00:00,2026-07-07T18:01:06.564588,2,2,140.85,0.3,140.7,150,140.5,100,,,,,,,,,,,,,,,,,141.0,112,141.2,150,,,,,,,,,,,,,,,,
2026-07-07T18:01:08.441535+00:00,2026-07-07T18:01:08.441449,2,2,140.85,0.3,140.7,150,140.5,100,,,,,,,,,,,,,,,,,141.0,62,141.2,150,,,,,,,,,,,,,,,,
2026-07-07T18:01:08.664168+00:00,2026-07-07T18:01:08.664023,2,2,140.85,0.3,140.7,107,140.5,100,,,,,,,,,,,,,,,,,141.0,62,141.2,150,,,,,,,,,,,,,,,,
2026-07-07T18:01:08.897789+00:00,2026-07-07T18:01:08.897715,3,2,140.85,0.3,140.7,107,140.6,12,140.5,100,,,,,,,,,,,,,,,141.0,74,141.2,150,,,,,,,,,,,,,,,,
2026-07-07T18:01:09.223734+00:00,2026-07-07T18:01:09.223611,2,2,140.85,0.3,140.7,107,140.5,100,,,,,,,,,,,,,,,,,141.0,62,141.2,150,,,,,,,,,,,,,,,,
2026-07-07T18:01:09.228920+00:00,2026-07-07T18:01:09.228837,2,2,140.85,0.3,140.7,119,140.5,100,,,,,,,,,,,,,,,,,141.0,74,141.2,150,,,,,,,,,,,,,,,,
2026-07-07T18:01:09.292018+00:00,2026-07-07T18:01:09.291911,2,2,140.85,0.3,140.7,119,140.5,100,,,,,,,,,,,,,,,,,141.0,28,141.2,150,,,,,,,,,,,,,,,,
2026-07-07T18:01:09.536472+00:00,2026-07-07T18:01:09.536380,2,1,140.85,0.3,140.7,12,140.5,100,,,,,,,,,,,,,,,,,141.0,28,,,,,,,,,,,,,,,,,,
2026-07-07T18:01:09.589150+00:00,2026-07-07T18:01:09.589018,3,1,140.85,0.3,140.7,12,140.6,150,140.5,100,,,,,,,,,,,,,,,141.0,28,,,,,,,,,,,,,,,,,,
2026-07-07T18:01:09.620805+00:00,2026-07-07T18:01:09.620767,3,1,140.85,0.3,140.7,12,140.6,150,140.5,100,,,,,,,,,,,,,,,141.0,12,,,,,,,,,,,,,,,,,,
2026-07-07T18:01:09.626072+00:00,2026-07-07T18:01:09.625951,2,1,140.85,0.3,140.7,12,140.6,150,,,,,,,,,,,,,,,,,141.0,12,,,,,,,,,,,,,,,,,,
2026-07-07T18:01:09.641666+00:00,2026-07-07T18:01:09.641524,2,2,140.85,0.3,140.7,12,140.6,150,,,,,,,,,,,,,,,,,141.0,12,141.1,150,,,,,,,,,,,,,,,,
2026-07-07T18:01:09.675177+00:00,2026-07-07T18:01:09.675070,3,2,140.9,0.2,140.8,100,140.7,12,140.6,150,,,,,,,,,,,,,,,141.0,12,141.1,150,,,,,,,,,,,,,,,,
2026-07-07T18:01:09.728409+00:00,2026-07-07T18:01:09.728356,3,3,140.9,0.2,140.8,100,140.7,12,140.6,150,,,,,,,,,,,,,,,141.0,12,141.1,150,141.3,100,,,,,,,,,,,,,,
2026-07-07T18:01:09.917131+00:00,2026-07-07T18:01:09.917103,3,3,140.9,0.2,140.8,59,140.7,12,140.6,150,,,,,,,,,,,,,,,141.0,12,141.1,150,141.3,100,,,,,,,,,,,,,,
2026-07-07T18:01:10.547614+00:00,2026-07-07T18:01:10.547545,3,2,140.95,0.3,140.8,59,140.7,12,140.6,150,,,,,,,,,,,,,,,141.1,112,141.3,100,,,,,,,,,,,,,,,,
2026-07-07T18:01:11.110249+00:00,2026-07-07T18:01:11.104071,3,2,140.95,0.3,140.8,37,140.7,12,140.6,150,,,,,,,,,,,,,,,141.1,112,141.3,100,,,,,,,,,,,,,,,,
2026-07-07T18:01:11.246717+00:00,2026-07-07T18:01:11.246641,3,2,140.95,0.3,140.8,37,140.6,150,140.5,12,,,,,,,,,,,,,,,141.1,112,141.3,100,,,,,,,,,,,,,,,,
2026-07-07T18:01:11.251854+00:00,2026-07-07T18:01:11.251798,3,3,140.9,0.2,140.8,37,140.6,150,140.5,12,,,,,,,,,,,,,,,141.0,12,141.1,112,141.3,100,,,,,,,,,,,,,,
2026-07-07T18:01:12.505061+00:00,2026-07-07T18:01:12.505014,2,3,140.9,0.2,140.8,37,140.6,150,,,,,,,,,,,,,,,,,141.0,12,141.1,112,141.3,100,,,,,,,,,,,,,,
2026-07-07T18:01:12.510341+00:00,2026-07-07T18:01:12.510256,3,2,140.95,0.3,140.8,37,140.7,11,140.6,150,,,,,,,,,,,,,,,141.1,112,141.3,100,,,,,,,,,,,,,,,,
2026-07-07T18:01:12.515488+00:00,2026-07-07T18:01:12.515433,3,3,140.9,0.2,140.8,37,140.7,11,140.6,150,,,,,,,,,,,,,,,141.0,11,141.1,112,141.3,100,,,,,,,,,,,,,,
2026-07-07T18:01:12.658654+00:00,2026-07-07T18:01:12.655495,3,2,140.95,0.3,140.8,37,140.7,11,140.6,150,,,,,,,,,,,,,,,141.1,73,141.3,100,,,,,,,,,,,,,,,,
2026-07-07T18:01:12.696734+00:00,2026-07-07T18:01:12.696701,2,1,141.05,0.5,140.8,37,140.7,11,,,,,,,,,,,,,,,,,141.3,100,,,,,,,,,,,,,,,,,,
2026-07-07T18:01:12.750826+00:00,2026-07-07T18:01:12.750730,3,1,141.1,0.4,140.9,150,140.8,37,140.7,11,,,,,,,,,,,,,,,141.3,100,,,,,,,,,,,,,,,,,,
2026-07-07T18:01:12.770815+00:00,2026-07-07T18:01:12.770711,3,1,141.1,0.4,140.9,150,140.8,37,140.7,12,,,,,,,,,,,,,,,141.3,100,,,,,,,,,,,,,,,,,,
2026-07-07T18:01:12.776010+00:00,2026-07-07T18:01:12.775889,3,2,141.05,0.3,140.9,150,140.8,37,140.7,12,,,,,,,,,,,,,,,141.2,12,141.3,100,,,,,,,,,,,,,,,,
2026-07-07T18:01:12.781267+00:00,2026-07-07T18:01:12.781177,2,1,141.05,0.3,140.9,150,140.7,12,,,,,,,,,,,,,,,,,141.2,12,,,,,,,,,,,,,,,,,,
2026-07-07T18:01:12.804058+00:00,2026-07-07T18:01:12.804025,2,2,141.05,0.3,140.9,150,140.7,12,,,,,,,,,,,,,,,,,141.2,12,141.4,150,,,,,,,,,,,,,,,,
2026-07-07T18:01:12.835646+00:00,2026-07-07T18:01:12.835571,3,2,141.05,0.3,140.9,150,140.7,12,140.6,100,,,,,,,,,,,,,,,141.2,12,141.4,150,,,,,,,,,,,,,,,,
2026-07-07T18:01:12.891945+00:00,2026-07-07T18:01:12.891872,3,3,141.0,0.2,140.9,150,140.7,12,140.6,100,,,,,,,,,,,,,,,141.1,100,141.2,12,141.4,150,,,,,,,,,,,,,,
2026-07-07T18:01:13.031428+00:00,2026-07-07T18:01:13.031395,2,3,141.0,0.2,140.9,150,140.6,100,,,,,,,,,,,,,,,,,141.1,100,141.2,12,141.4,150,,,,,,,,,,,,,,
2026-07-07T18:01:13.036624+00:00,2026-07-07T18:01:13.036577,2,2,141.0,0.2,140.9,150,140.6,100,,,,,,,,,,,,,,,,,141.1,100,141.4,150,,,,,,,,,,,,,,,,
2026-07-07T18:01:13.041878+00:00,2026-07-07T18:01:13.041816,3,2,141.0,0.2,140.9,150,140.8,12,140.6,100,,,,,,,,,,,,,,,141.1,112,141.4,150,,,,,,,,,,,,,,,,
2026-07-07T18:01:13.734948+00:00,2026-07-07T18:01:13.728683,3,2,141.0,0.2,140.9,138,140.8,12,140.6,100,,,,,,,,,,,,,,,141.1,112,141.4,150,,,,,,,,,,,,,,,,
2026-07-07T18:01:13.800161+00:00,2026-07-07T18:01:13.800060,2,2,141.0,0.2,140.9,138,140.6,100,,,,,,,,,,,,,,,,,141.1,100,141.4,150,,,,,,,,,,,,,,,,
2026-07-07T18:01:13.805349+00:00,2026-07-07T18:01:13.805284,3,3,140.95,0.1,140.9,138,140.6,100,140.5,12,,,,,,,,,,,,,,,141.0,12,141.1,100,141.4,150,,,,,,,,,,,,,,
2026-07-07T18:01:14.301935+00:00,2026-07-07T18:01:14.301857,3,3,140.95,0.1,140.9,91,140.6,100,140.5,12,,,,,,,,,,,,,,,141.0,12,141.1,100,141.4,150,,,,,,,,,,,,,,
2026-07-07T18:01:14.817173+00:00,2026-07-07T18:01:14.816999,3,3,140.95,0.1,140.9,41,140.6,100,140.5,12,,,,,,,,,,,,,,,141.0,12,141.1,100,141.4,150,,,,,,,,,,,,,,
2026-07-07T18:01:15.308780+00:00,2026-07-07T18:01:15.308632,2,3,140.8,0.4,140.6,100,140.5,12,,,,,,,,,,,,,,,,,141.0,12,141.1,100,141.4,150,,,,,,,,,,,,,,
2026-07-07T18:01:15.852971+00:00,2026-07-07T18:01:15.853104,2,2,140.8,0.4,140.6,100,140.5,12,,,,,,,,,,,,,,,,,141.0,12,141.1,100,,,,,,,,,,,,,,,,
2026-07-07T18:01:15.911901+00:00,2026-07-07T18:01:15.912039,3,2,140.8,0.4,140.6,100,140.5,12,140.1,150,,,,,,,,,,,,,,,141.0,12,141.1,100,,,,,,,,,,,,,,,,
2026-07-07T18:01:15.945970+00:00,2026-07-07T18:01:15.945877,2,1,140.75,0.5,140.5,12,140.1,150,,,,,,,,,,,,,,,,,141.0,12,,,,,,,,,,,,,,,,,,
2026-07-07T18:01:15.976904+00:00,2026-07-07T18:01:15.969511,2,2,140.55,0.1,140.5,12,140.1,150,,,,,,,,,,,,,,,,,140.6,127,141.0,12,,,,,,,,,,,,,,,,
2026-07-07T18:01:15.999294+00:00,2026-07-07T18:01:15.999538,3,2,140.55,0.1,140.5,12,140.4,100,140.1,150,,,,,,,,,,,,,,,140.6,127,141.0,12,,,,,,,,,,,,,,,,
2026-07-07T18:01:16.055429+00:00,2026-07-07T18:01:16.055315,3,3,140.55,0.1,140.5,12,140.4,100,140.1,150,,,,,,,,,,,,,,,140.6,127,140.9,100,141.0,12,,,,,,,,,,,,,,
2026-07-07T18:01:16.067265+00:00,2026-07-07T18:01:16.067183,2,2,140.5,0.2,140.4,100,140.1,150,,,,,,,,,,,,,,,,,140.6,127,140.9,100,,,,,,,,,,,,,,,,
2026-07-07T18:01:16.072446+00:00,2026-07-07T18:01:16.072391,2,3,140.5,0.2,140.4,112,140.1,150,,,,,,,,,,,,,,,,,140.6,127,140.7,12,140.9,100,,,,,,,,,,,,,,
2026-07-07T18:01:16.912931+00:00,2026-07-07T18:01:16.913034,2,3,140.5,0.2,140.4,112,140.1,150,,,,,,,,,,,,,,,,,140.6,83,140.7,12,140.9,100,,,,,,,,,,,,,,
2026-07-07T18:01:16.923327+00:00,2026-07-07T18:01:16.923477,2,3,140.5,0.2,140.4,62,140.1,150,,,,,,,,,,,,,,,,,140.6,83,140.7,12,140.9,100,,,,,,,,,,,,,,
2026-07-07T18:01:18.086151+00:00,2026-07-07T18:01:18.086096,2,3,140.5,0.2,140.4,62,140.1,150,,,,,,,,,,,,,,,,,140.6,39,140.7,12,140.9,100,,,,,,,,,,,,,,
2026-07-07T18:01:18.748098+00:00,2026-07-07T18:01:18.748180,2,2,140.55,0.3,140.4,62,140.1,150,,,,,,,,,,,,,,,,,140.7,4,140.9,100,,,,,,,,,,,,,,,,
2026-07-07T18:01:18.836507+00:00,2026-07-07T18:01:18.836399,2,1,140.65,0.5,140.4,50,140.1,150,,,,,,,,,,,,,,,,,140.9,100,,,,,,,,,,,,,,,,,,
2026-07-07T18:01:18.841718+00:00,2026-07-07T18:01:18.841616,3,2,140.65,0.3,140.5,12,140.4,50,140.1,150,,,,,,,,,,,,,,,140.8,12,140.9,100,,,,,,,,,,,,,,,,
2026-07-07T18:01:19.019196+00:00,2026-07-07T18:01:19.019072,2,2,140.65,0.3,140.5,12,140.4,50,,,,,,,,,,,,,,,,,140.8,12,140.9,100,,,,,,,,,,,,,,,,
2026-07-07T18:01:19.032351+00:00,2026-07-07T18:01:19.032214,1,2,140.6,0.4,140.4,12,,,,,,,,,,,,,,,,,,,140.8,12,140.9,100,,,,,,,,,,,,,,,,
2026-07-07T18:01:19.072650+00:00,2026-07-07T18:01:19.072746,2,2,140.75,0.1,140.7,150,140.4,12,,,,,,,,,,,,,,,,,140.8,12,140.9,100,,,,,,,,,,,,,,,,
2026-07-07T18:01:19.110059+00:00,2026-07-07T18:01:19.110031,1,1,140.75,0.1,140.7,150,,,,,,,,,,,,,,,,,,,140.8,12,,,,,,,,,,,,,,,,,,
2026-07-07T18:01:19.127214+00:00,2026-07-07T18:01:19.127158,1,2,140.75,0.1,140.7,150,,,,,,,,,,,,,,,,,,,140.8,12,141.2,150,,,,,,,,,,,,,,,,
2026-07-07T18:01:19.158692+00:00,2026-07-07T18:01:19.154269,2,2,140.75,0.1,140.7,150,140.1,100,,,,,,,,,,,,,,,,,140.8,12,141.2,150,,,,,,,,,,,,,,,,
2026-07-07T18:01:19.217008+00:00,2026-07-07T18:01:19.216916,2,2,140.75,0.1,140.7,50,140.1,100,,,,,,,,,,,,,,,,,140.8,12,141.2,150,,,,,,,,,,,,,,,,
2026-07-07T18:01:19.841747+00:00,2026-07-07T18:01:19.841684,2,2,140.75,0.1,140.7,6,140.1,100,,,,,,,,,,,,,,,,,140.8,12,141.2,150,,,,,,,,,,,,,,,,
2026-07-07T18:01:20.302817+00:00,2026-07-07T18:01:20.302733,2,1,140.95,0.5,140.7,6,140.1,100,,,,,,,,,,,,,,,,,141.2,150,,,,,,,,,,,,,,,,,,
2026-07-07T18:01:20.380434+00:00,2026-07-07T18:01:20.380289,3,2,140.9,0.4,140.7,6,140.5,12,140.1,100,,,,,,,,,,,,,,,141.1,12,141.2,150,,,,,,,,,,,,,,,,
2026-07-07T18:01:20.441674+00:00,2026-07-07T18:01:20.433940,2,2,140.8,0.6,140.5,12,140.1,100,,,,,,,,,,,,,,,,,141.1,12,141.2,150,,,,,,,,,,,,,,,,
2026-07-07T18:01:20.641975+00:00,2026-07-07T18:01:20.641860,1,1,140.65,1.1,140.1,100,,,,,,,,,,,,,,,,,,,141.2,150,,,,,,,,,,,,,,,,,,
2026-07-07T18:01:20.646967+00:00,2026-07-07T18:01:20.647090,2,2,140.75,0.5,140.5,12,140.1,100,,,,,,,,,,,,,,,,,141.0,12,141.2,150,,,,,,,,,,,,,,,,
2026-07-07T18:01:21.657098+00:00,2026-07-07T18:01:21.657420,2,2,140.6,0.6,140.3,12,140.1,100,,,,,,,,,,,,,,,,,140.9,12,141.2,150,,,,,,,,,,,,,,,,
2026-07-07T18:01:22.185217+00:00,2026-07-07T18:01:22.185085,2,1,140.6,0.6,140.3,12,140.1,100,,,,,,,,,,,,,,,,,140.9,12,,,,,,,,,,,,,,,,,,
2026-07-07T18:01:22.251450+00:00,2026-07-07T18:01:22.251400,3,1,140.6,0.6,140.3,12,140.1,100,139.9,150,,,,,,,,,,,,,,,140.9,12,,,,,,,,,,,,,,,,,,
2026-07-07T18:01:22.272197+00:00,2026-07-07T18:01:22.272140,2,1,140.6,0.6,140.3,12,139.9,150,,,,,,,,,,,,,,,,,140.9,12,,,,,,,,,,,,,,,,,,
2026-07-07T18:01:22.319696+00:00,2026-07-07T18:01:22.314937,2,2,140.35,0.1,140.3,112,139.9,150,,,,,,,,,,,,,,,,,140.4,144,140.9,12,,,,,,,,,,,,,,,,
2026-07-07T18:01:22.377851+00:00,2026-07-07T18:01:22.377967,2,3,140.35,0.1,140.3,112,139.9,150,,,,,,,,,,,,,,,,,140.4,144,140.8,100,140.9,12,,,,,,,,,,,,,,
2026-07-07T18:01:22.421696+00:00,2026-07-07T18:01:22.421515,2,3,140.35,0.1,140.3,100,139.9,150,,,,,,,,,,,,,,,,,140.4,144,140.8,100,140.9,12,,,,,,,,,,,,,,
2026-07-07T18:01:22.426876+00:00,2026-07-07T18:01:22.426801,2,2,140.35,0.1,140.3,100,139.9,150,,,,,,,,,,,,,,,,,140.4,144,140.8,100,,,,,,,,,,,,,,,,
2026-07-07T18:01:22.432139+00:00,2026-07-07T18:01:22.432042,2,3,140.35,0.1,140.3,112,139.9,150,,,,,,,,,,,,,,,,,140.4,144,140.6,12,140.8,100,,,,,,,,,,,,,,
2026-07-07T18:01:22.810542+00:00,2026-07-07T18:01:22.810636,2,3,140.35,0.1,140.3,69,139.9,150,,,,,,,,,,,,,,,,,140.4,144,140.6,12,140.8,100,,,,,,,,,,,,,,
2026-07-07T18:01:23.200332+00:00,2026-07-07T18:01:23.200279,2,3,140.35,0.1,140.3,69,139.9,150,,,,,,,,,,,,,,,,,140.4,94,140.6,12,140.8,100,,,,,,,,,,,,,,
2026-07-07T18:01:23.275807+00:00,2026-07-07T18:01:23.275677,2,3,140.35,0.1,140.3,69,139.9,150,,,,,,,,,,,,,,,,,140.4,52,140.6,12,140.8,100,,,,,,,,,,,,,,
2026-07-07T18:01:25.356939+00:00,2026-07-07T18:01:25.356903,2,2,140.45,0.3,140.3,69,139.9,150,,,,,,,,,,,,,,,,,140.6,12,140.8,100,,,,,,,,,,,,,,,,
2026-07-07T18:01:25.362107+00:00,2026-07-07T18:01:25.362074,1,2,140.45,0.3,140.3,69,,,,,,,,,,,,,,,,,,,140.6,12,140.8,100,,,,,,,,,,,,,,,,
2026-07-07T18:01:25.414849+00:00,2026-07-07T18:01:25.414763,2,2,140.45,0.3,140.3,69,140.2,150,,,,,,,,,,,,,,,,,140.6,12,140.8,100,,,,,,,,,,,,,,,,
2026-07-07T18:01:25.431543+00:00,2026-07-07T18:01:25.431446,2,1,140.45,0.3,140.3,12,140.2,150,,,,,,,,,,,,,,,,,140.6,12,,,,,,,,,,,,,,,,,,
2026-07-07T18:01:25.467655+00:00,2026-07-07T18:01:25.467525,2,2,140.45,0.3,140.3,12,140.2,150,,,,,,,,,,,,,,,,,140.6,12,140.7,150,,,,,,,,,,,,,,,,
2026-07-07T18:01:25.486560+00:00,2026-07-07T18:01:25.486478,3,2,140.45,0.3,140.3,12,140.2,150,140.0,100,,,,,,,,,,,,,,,140.6,12,140.7,150,,,,,,,,,,,,,,,,
2026-07-07T18:01:25.539258+00:00,2026-07-07T18:01:25.539201,3,3,140.4,0.2,140.3,12,140.2,150,140.0,100,,,,,,,,,,,,,,,140.5,100,140.6,12,140.7,150,,,,,,,,,,,,,,
2026-07-07T18:01:26.698033+00:00,2026-07-07T18:01:26.698187,2,2,140.35,0.3,140.2,150,140.0,100,,,,,,,,,,,,,,,,,140.5,100,140.7,150,,,,,,,,,,,,,,,,
2026-07-07T18:01:26.703500+00:00,2026-07-07T18:01:26.703413,3,2,140.35,0.3,140.2,150,140.1,12,140.0,100,,,,,,,,,,,,,,,140.5,100,140.7,150,,,,,,,,,,,,,,,,
2026-07-07T18:01:26.708656+00:00,2026-07-07T18:01:26.708612,3,2,140.35,0.3,140.2,150,140.1,12,140.0,100,,,,,,,,,,,,,,,140.5,112,140.7,150,,,,,,,,,,,,,,,,
2026-07-07T18:01:27.413877+00:00,2026-07-07T18:01:27.410193,3,2,140.35,0.3,140.2,150,140.1,12,140.0,100,,,,,,,,,,,,,,,140.5,62,140.7,150,,,,,,,,,,,,,,,,
2026-07-07T18:01:28.523324+00:00,2026-07-07T18:01:28.523292,2,1,140.3,0.4,140.1,12,140.0,100,,,,,,,,,,,,,,,,,140.5,62,,,,,,,,,,,,,,,,,,
2026-07-07T18:01:28.579093+00:00,2026-07-07T18:01:28.579054,2,1,140.3,0.4,140.1,12,140.0,250,,,,,,,,,,,,,,,,,140.5,62,,,,,,,,,,,,,,,,,,
2026-07-07T18:01:28.589561+00:00,2026-07-07T18:01:28.589475,2,1,140.3,0.4,140.1,12,140.0,250,,,,,,,,,,,,,,,,,140.5,12,,,,,,,,,,,,,,,,,,
2026-07-07T18:01:28.594711+00:00,2026-07-07T18:01:28.594659,2,1,140.3,0.4,140.1,12,140.0,150,,,,,,,,,,,,,,,,,140.5,12,,,,,,,,,,,,,,,,,,
2026-07-07T18:01:28.633140+00:00,2026-07-07T18:01:28.633041,2,1,140.3,0.4,140.1,12,140.0,150,,,,,,,,,,,,,,,,,140.5,162,,,,,,,,,,,,,,,,,,
2026-07-07T18:01:28.644175+00:00,2026-07-07T18:01:28.644087,2,1,140.3,0.4,140.1,12,140.0,250,,,,,,,,,,,,,,,,,140.5,162,,,,,,,,,,,,,,,,,,
2026-07-07T18:01:28.696899+00:00,2026-07-07T18:01:28.697034,2,1,140.3,0.4,140.1,12,140.0,250,,,,,,,,,,,,,,,,,140.5,262,,,,,,,,,,,,,,,,,,
2026-07-07T18:01:28.718791+00:00,2026-07-07T18:01:28.718925,1,1,140.25,0.5,140.0,250,,,,,,,,,,,,,,,,,,,140.5,250,,,,,,,,,,,,,,,,,,
2026-07-07T18:01:28.724225+00:00,2026-07-07T18:01:28.724132,1,2,140.2,0.4,140.0,262,,,,,,,,,,,,,,,,,,,140.4,12,140.5,250,,,,,,,,,,,,,,,,
2026-07-07T18:01:29.479679+00:00,2026-07-07T18:01:29.479612,1,2,140.2,0.4,140.0,250,,,,,,,,,,,,,,,,,,,140.4,12,140.5,250,,,,,,,,,,,,,,,,
2026-07-07T18:01:29.484798+00:00,2026-07-07T18:01:29.484773,1,1,140.25,0.5,140.0,250,,,,,,,,,,,,,,,,,,,140.5,250,,,,,,,,,,,,,,,,,,
2026-07-07T18:01:29.490067+00:00,2026-07-07T18:01:29.489971,2,2,140.25,0.3,140.1,12,140.0,250,,,,,,,,,,,,,,,,,140.4,12,140.5,250,,,,,,,,,,,,,,,,
2026-07-07T18:01:29.526037+00:00,2026-07-07T18:01:29.525932,2,1,140.3,0.4,140.1,12,140.0,250,,,,,,,,,,,,,,,,,140.5,212,,,,,,,,,,,,,,,,,,
2026-07-07T18:01:31.631036+00:00,2026-07-07T18:01:31.631005,2,1,140.3,0.4,140.1,12,140.0,250,,,,,,,,,,,,,,,,,140.5,162,,,,,,,,,,,,,,,,,,
2026-07-07T18:01:31.687857+00:00,2026-07-07T18:01:31.687784,2,1,140.3,0.4,140.1,12,140.0,100,,,,,,,,,,,,,,,,,140.5,100,,,,,,,,,,,,,,,,,,
2026-07-07T18:01:31.742383+00:00,2026-07-07T18:01:31.742350,3,0,,,140.5,50,140.1,12,140.0,100,,,,,,,,,,,,,,,,,,,,,,,,,,,,,,,,,,
2026-07-07T18:01:31.758581+00:00,2026-07-07T18:01:31.753734,2,0,,,140.5,50,140.1,12,,,,,,,,,,,,,,,,,,,,,,,,,,,,,,,,,,,,
2026-07-07T18:01:31.807120+00:00,2026-07-07T18:01:31.800994,3,1,140.75,0.5,140.5,39,140.4,100,140.1,12,,,,,,,,,,,,,,,141.0,150,,,,,,,,,,,,,,,,,,
2026-07-07T18:01:31.875618+00:00,2026-07-07T18:01:31.875491,3,2,140.7,0.4,140.5,39,140.4,100,140.1,12,,,,,,,,,,,,,,,140.9,100,141.0,150,,,,,,,,,,,,,,,,
2026-07-07T18:01:32.007603+00:00,2026-07-07T18:01:32.007568,3,2,140.7,0.4,140.5,39,140.4,100,140.2,12,,,,,,,,,,,,,,,140.9,100,141.0,150,,,,,,,,,,,,,,,,
2026-07-07T18:01:32.012834+00:00,2026-07-07T18:01:32.012733,3,3,140.65,0.3,140.5,39,140.4,100,140.2,12,,,,,,,,,,,,,,,140.8,12,140.9,100,141.0,150,,,,,,,,,,,,,,
2026-07-07T18:01:32.268918+00:00,2026-07-07T18:01:32.268805,2,2,140.7,0.4,140.5,39,140.4,100,,,,,,,,,,,,,,,,,140.9,100,141.0,150,,,,,,,,,,,,,,,,
2026-07-07T18:01:32.274025+00:00,2026-07-07T18:01:32.273973,2,2,140.7,0.4,140.5,39,140.4,112,,,,,,,,,,,,,,,,,140.9,100,141.0,150,,,,,,,,,,,,,,,,
2026-07-07T18:01:32.279207+00:00,2026-07-07T18:01:32.279152,2,3,140.6,0.2,140.5,39,140.4,112,,,,,,,,,,,,,,,,,140.7,12,140.9,100,141.0,150,,,,,,,,,,,,,,
2026-07-07T18:01:33.536159+00:00,2026-07-07T18:01:33.536099,2,2,140.7,0.4,140.5,39,140.4,100,,,,,,,,,,,,,,,,,140.9,100,141.0,150,,,,,,,,,,,,,,,,
2026-07-07T18:01:33.541394+00:00,2026-07-07T18:01:33.541326,3,3,140.55,0.1,140.5,39,140.4,100,140.2,12,,,,,,,,,,,,,,,140.6,12,140.9,100,141.0,150,,,,,,,,,,,,,,
2026-07-07T18:01:33.738500+00:00,2026-07-07T18:01:33.738708,3,2,140.7,0.4,140.5,39,140.4,100,140.2,12,,,,,,,,,,,,,,,140.9,62,141.0,150,,,,,,,,,,,,,,,,
2026-07-07T18:01:33.799040+00:00,2026-07-07T18:01:33.798999,3,2,140.7,0.4,140.5,39,140.4,100,140.2,12,,,,,,,,,,,,,,,140.9,62,141.0,150,,,,,,,,,,,,,,,,
2026-07-07T18:01:33.804269+00:00,2026-07-07T18:01:33.804250,3,3,140.65,0.3,140.5,39,140.4,100,140.2,12,,,,,,,,,,,,,,,140.8,12,140.9,62,141.0,150,,,,,,,,,,,,,,
2026-07-07T18:01:34.735995+00:00,2026-07-07T18:01:34.729636,3,3,140.65,0.3,140.5,27,140.4,100,140.2,12,,,,,,,,,,,,,,,140.8,12,140.9,62,141.0,150,,,,,,,,,,,,,,
2026-07-07T18:01:34.858626+00:00,2026-07-07T18:01:34.851101,2,2,140.6,0.4,140.4,100,140.2,12,,,,,,,,,,,,,,,,,140.8,12,140.9,62,,,,,,,,,,,,,,,,
2026-07-07T18:01:34.917723+00:00,2026-07-07T18:01:34.917653,3,2,140.6,0.4,140.4,100,140.2,12,139.8,150,,,,,,,,,,,,,,,140.8,12,140.9,62,,,,,,,,,,,,,,,,
2026-07-07T18:01:34.928144+00:00,2026-07-07T18:01:34.928042,2,1,140.5,0.6,140.2,12,139.8,150,,,,,,,,,,,,,,,,,140.8,12,,,,,,,,,,,,,,,,,,
2026-07-07T18:01:34.974988+00:00,2026-07-07T18:01:34.974855,2,2,140.25,0.1,140.2,12,139.8,150,,,,,,,,,,,,,,,,,140.3,150,140.8,12,,,,,,,,,,,,,,,,
2026-07-07T18:01:34.980194+00:00,2026-07-07T18:01:34.980132,2,2,140.25,0.1,140.2,12,139.8,150,,,,,,,,,,,,,,,,,140.3,50,140.8,12,,,,,,,,,,,,,,,,
2026-07-07T18:01:35.036791+00:00,2026-07-07T18:01:35.036669,2,2,140.25,0.1,140.2,12,139.8,150,,,,,,,,,,,,,,,,,140.3,50,140.8,112,,,,,,,,,,,,,,,,
2026-07-07T18:01:35.068051+00:00,2026-07-07T18:01:35.067966,1,2,140.05,0.5,139.8,150,,,,,,,,,,,,,,,,,,,140.3,50,140.8,100,,,,,,,,,,,,,,,,
2026-07-07T18:01:35.073358+00:00,2026-07-07T18:01:35.073235,2,2,140.15,0.3,140.0,12,139.8,150,,,,,,,,,,,,,,,,,140.3,62,140.8,100,,,,,,,,,,,,,,,,
2026-07-07T18:01:35.848213+00:00,2026-07-07T18:01:35.848096,2,2,140.15,0.3,140.0,12,139.8,150,,,,,,,,,,,,,,,,,140.3,12,140.8,100,,,,,,,,,,,,,,,,
2026-07-07T18:01:36.737007+00:00,2026-07-07T18:01:36.736930,2,1,140.4,0.8,140.0,12,139.8,150,,,,,,,,,,,,,,,,,140.8,100,,,,,,,,,,,,,,,,,,
2026-07-07T18:01:36.834854+00:00,2026-07-07T18:01:36.834740,2,1,140.4,0.8,140.0,12,139.8,150,,,,,,,,,,,,,,,,,140.8,100,,,,,,,,,,,,,,,,,,
2026-07-07T18:01:36.840016+00:00,2026-07-07T18:01:36.839902,2,2,140.35,0.7,140.0,12,139.8,150,,,,,,,,,,,,,,,,,140.7,12,140.8,100,,,,,,,,,,,,,,,,
2026-07-07T18:01:37.958595+00:00,2026-07-07T18:01:37.954630,2,1,140.4,0.8,140.0,12,139.8,150,,,,,,,,,,,,,,,,,140.8,62,,,,,,,,,,,,,,,,,,
2026-07-07T18:01:38.027838+00:00,2026-07-07T18:01:38.027811,1,1,140.4,0.8,140.0,12,,,,,,,,,,,,,,,,,,,140.8,62,,,,,,,,,,,,,,,,,,
2026-07-07T18:01:38.081273+00:00,2026-07-07T18:01:38.081198,2,1,140.6,0.4,140.4,150,140.0,12,,,,,,,,,,,,,,,,,140.8,62,,,,,,,,,,,,,,,,,,
2026-07-07T18:01:38.091657+00:00,2026-07-07T18:01:38.091572,2,0,,,140.4,150,140.0,12,,,,,,,,,,,,,,,,,,,,,,,,,,,,,,,,,,,,
2026-07-07T18:01:38.135937+00:00,2026-07-07T18:01:38.135844,2,1,140.65,0.5,140.4,150,140.0,12,,,,,,,,,,,,,,,,,140.9,150,,,,,,,,,,,,,,,,,,
2026-07-07T18:01:38.158541+00:00,2026-07-07T18:01:38.148307,3,1,140.65,0.5,140.4,150,140.2,100,140.0,12,,,,,,,,,,,,,,,140.9,150,,,,,,,,,,,,,,,,,,
2026-07-07T18:01:38.194982+00:00,2026-07-07T18:01:38.194925,3,1,140.65,0.5,140.4,105,140.2,100,140.0,12,,,,,,,,,,,,,,,140.9,150,,,,,,,,,,,,,,,,,,
2026-07-07T18:01:38.205357+00:00,2026-07-07T18:01:38.205321,3,2,140.55,0.3,140.4,105,140.2,100,140.0,12,,,,,,,,,,,,,,,140.7,100,140.9,150,,,,,,,,,,,,,,,,
2026-07-07T18:01:38.658592+00:00,2026-07-07T18:01:38.657438,3,2,140.55,0.3,140.4,64,140.2,100,140.0,12,,,,,,,,,,,,,,,140.7,100,140.9,150,,,,,,,,,,,,,,,,
2026-07-07T18:01:38.858616+00:00,2026-07-07T18:01:38.855992,3,3,140.5,0.2,140.4,64,140.2,100,140.1,12,,,,,,,,,,,,,,,140.6,12,140.7,100,140.9,150,,,,,,,,,,,,,,
2026-07-07T18:01:39.370854+00:00,2026-07-07T18:01:39.370733,2,2,140.55,0.3,140.4,64,140.2,100,,,,,,,,,,,,,,,,,140.7,100,140.9,150,,,,,,,,,,,,,,,,
2026-07-07T18:01:39.376039+00:00,2026-07-07T18:01:39.375932,2,3,140.45,0.1,140.4,64,140.2,112,,,,,,,,,,,,,,,,,140.5,12,140.7,100,140.9,150,,,,,,,,,,,,,,
2026-07-07T18:01:40.381457+00:00,2026-07-07T18:01:40.381390,2,2,140.55,0.3,140.4,64,140.2,112,,,,,,,,,,,,,,,,,140.7,69,140.9,150,,,,,,,,,,,,,,,,
2026-07-07T18:01:40.641955+00:00,2026-07-07T18:01:40.642104,2,2,140.55,0.3,140.4,64,140.2,112,,,,,,,,,,,,,,,,,140.7,69,140.9,150,,,,,,,,,,,,,,,,
2026-07-07T18:01:40.647193+00:00,2026-07-07T18:01:40.647275,2,3,140.5,0.2,140.4,64,140.2,112,,,,,,,,,,,,,,,,,140.6,12,140.7,69,140.9,150,,,,,,,,,,,,,,
2026-07-07T18:01:41.188963+00:00,2026-07-07T18:01:41.188925,1,2,140.4,0.4,140.2,112,,,,,,,,,,,,,,,,,,,140.6,12,140.7,69,,,,,,,,,,,,,,,,
2026-07-07T18:01:41.247167+00:00,2026-07-07T18:01:41.247128,1,2,140.4,0.4,140.2,262,,,,,,,,,,,,,,,,,,,140.6,12,140.7,69,,,,,,,,,,,,,,,,
2026-07-07T18:01:41.258719+00:00,2026-07-07T18:01:41.258667,1,1,140.4,0.4,140.2,162,,,,,,,,,,,,,,,,,,,140.6,12,,,,,,,,,,,,,,,,,,
2026-07-07T18:01:41.300204+00:00,2026-07-07T18:01:41.300090,1,2,140.4,0.4,140.2,162,,,,,,,,,,,,,,,,,,,140.6,12,140.7,150,,,,,,,,,,,,,,,,
2026-07-07T18:01:41.310925+00:00,2026-07-07T18:01:41.310859,2,2,140.5,0.2,140.4,100,140.2,162,,,,,,,,,,,,,,,,,140.6,12,140.7,150,,,,,,,,,,,,,,,,
2026-07-07T18:01:41.357966+00:00,2026-07-07T18:01:41.358369,2,3,140.5,0.2,140.4,100,140.2,162,,,,,,,,,,,,,,,,,140.6,12,140.7,150,140.9,100,,,,,,,,,,,,,,
2026-07-07T18:01:41.407740+00:00,2026-07-07T18:01:41.407615,2,3,140.5,0.2,140.4,100,140.2,150,,,,,,,,,,,,,,,,,140.6,12,140.7,150,140.9,100,,,,,,,,,,,,,,
2026-07-07T18:01:41.413000+00:00,2026-07-07T18:01:41.412951,2,2,140.55,0.3,140.4,100,140.2,162,,,,,,,,,,,,,,,,,140.7,150,140.9,100,,,,,,,,,,,,,,,,
2026-07-07T18:01:41.418029+00:00,2026-07-07T18:01:41.418206,2,3,140.45,0.1,140.4,100,140.2,162,,,,,,,,,,,,,,,,,140.5,12,140.7,150,140.9,100,,,,,,,,,,,,,,
2026-07-07T18:01:42.232466+00:00,2026-07-07T18:01:42.232332,2,3,140.45,0.1,140.4,50,140.2,162,,,,,,,,,,,,,,,,,140.5,12,140.7,150,140.9,100,,,,,,,,,,,,,,
2026-07-07T18:01:43.930526+00:00,2026-07-07T18:01:43.930486,2,2,140.55,0.3,140.4,50,140.2,150,,,,,,,,,,,,,,,,,140.7,150,140.9,100,,,,,,,,,,,,,,,,
2026-07-07T18:01:43.935765+00:00,2026-07-07T18:01:43.935655,3,2,140.55,0.3,140.4,50,140.3,12,140.2,150,,,,,,,,,,,,,,,140.7,150,140.9,100,,,,,,,,,,,,,,,,
2026-07-07T18:01:43.940874+00:00,2026-07-07T18:01:43.940824,3,3,140.5,0.2,140.4,50,140.3,12,140.2,150,,,,,,,,,,,,,,,140.6,12,140.7,150,140.9,100,,,,,,,,,,,,,,
2026-07-07T18:01:44.338637+00:00,2026-07-07T18:01:44.338750,2,3,140.45,0.3,140.3,12,140.2,150,,,,,,,,,,,,,,,,,140.6,12,140.7,150,140.9,100,,,,,,,,,,,,,,
2026-07-07T18:01:44.358766+00:00,2026-07-07T18:01:44.358703,2,2,140.45,0.3,140.3,12,140.2,150,,,,,,,,,,,,,,,,,140.6,12,140.9,100,,,,,,,,,,,,,,,,
2026-07-07T18:01:44.363793+00:00,2026-07-07T18:01:44.363884,1,2,140.45,0.3,140.3,12,,,,,,,,,,,,,,,,,,,140.6,12,140.9,100,,,,,,,,,,,,,,,,
2026-07-07T18:01:44.458808+00:00,2026-07-07T18:01:44.411594,2,1,140.45,0.3,140.3,12,140.2,150,,,,,,,,,,,,,,,,,140.6,12,,,,,,,,,,,,,,,,,,
2026-07-07T18:01:44.469007+00:00,2026-07-07T18:01:44.468945,2,2,140.45,0.3,140.3,12,140.2,150,,,,,,,,,,,,,,,,,140.6,12,140.7,150,,,,,,,,,,,,,,,,
2026-07-07T18:01:44.474223+00:00,2026-07-07T18:01:44.474124,3,2,140.45,0.3,140.3,12,140.2,150,140.1,100,,,,,,,,,,,,,,,140.6,12,140.7,150,,,,,,,,,,,,,,,,
2026-07-07T18:01:44.564314+00:00,2026-07-07T18:01:44.563967,3,2,140.45,0.3,140.3,12,140.2,150,140.1,100,,,,,,,,,,,,,,,140.6,112,140.7,150,,,,,,,,,,,,,,,,
2026-07-07T18:01:45.600800+00:00,2026-07-07T18:01:45.600672,2,2,140.4,0.4,140.2,122,140.1,100,,,,,,,,,,,,,,,,,140.6,112,140.7,150,,,,,,,,,,,,,,,,
2026-07-07T18:01:46.459157+00:00,2026-07-07T18:01:46.459262,2,2,140.4,0.4,140.2,72,140.1,100,,,,,,,,,,,,,,,,,140.6,112,140.7,150,,,,,,,,,,,,,,,,
2026-07-07T18:01:47.134780+00:00,2026-07-07T18:01:47.134760,2,2,140.4,0.4,140.2,72,140.1,100,,,,,,,,,,,,,,,,,140.6,67,140.7,150,,,,,,,,,,,,,,,,
2026-07-07T18:01:47.211256+00:00,2026-07-07T18:01:47.211227,2,3,140.35,0.3,140.2,84,140.1,100,,,,,,,,,,,,,,,,,140.5,12,140.6,67,140.7,150,,,,,,,,,,,,,,
2026-07-07T18:01:47.518235+00:00,2026-07-07T18:01:47.518132,2,2,140.35,0.3,140.2,12,140.1,100,,,,,,,,,,,,,,,,,140.5,12,140.6,67,,,,,,,,,,,,,,,,
2026-07-07T18:01:47.571377+00:00,2026-07-07T18:01:47.571277,3,2,140.35,0.3,140.2,12,140.1,100,139.8,150,,,,,,,,,,,,,,,140.5,12,140.6,67,,,,,,,,,,,,,,,,
2026-07-07T18:01:47.581951+00:00,2026-07-07T18:01:47.581796,2,1,140.35,0.3,140.2,12,139.8,150,,,,,,,,,,,,,,,,,140.5,12,,,,,,,,,,,,,,,,,,
2026-07-07T18:01:47.629230+00:00,2026-07-07T18:01:47.629110,2,2,140.25,0.1,140.2,12,139.8,150,,,,,,,,,,,,,,,,,140.3,150,140.5,12,,,,,,,,,,,,,,,,
2026-07-07T18:01:47.639656+00:00,2026-07-07T18:01:47.639613,3,2,140.25,0.1,140.2,12,140.1,100,139.8,150,,,,,,,,,,,,,,,140.3,150,140.5,12,,,,,,,,,,,,,,,,
2026-07-07T18:01:47.689914+00:00,2026-07-07T18:01:47.689809,3,3,140.25,0.1,140.2,12,140.1,100,139.8,150,,,,,,,,,,,,,,,140.3,150,140.5,12,140.6,100,,,,,,,,,,,,,,
2026-07-07T18:01:47.976051+00:00,2026-07-07T18:01:47.976177,2,2,140.2,0.2,140.1,100,139.8,150,,,,,,,,,,,,,,,,,140.3,150,140.6,100,,,,,,,,,,,,,,,,
2026-07-07T18:01:47.981386+00:00,2026-07-07T18:01:47.981357,3,2,140.2,0.2,140.1,100,140.0,12,139.8,150,,,,,,,,,,,,,,,140.3,162,140.6,100,,,,,,,,,,,,,,,,
2026-07-07T18:01:48.618635+00:00,2026-07-07T18:01:48.618488,3,2,140.2,0.2,140.1,53,140.0,12,139.8,150,,,,,,,,,,,,,,,140.3,162,140.6,100,,,,,,,,,,,,,,,,
2026-07-07T18:01:50.495145+00:00,2026-07-07T18:01:50.495257,2,2,140.2,0.2,140.1,53,139.8,150,,,,,,,,,,,,,,,,,140.3,150,140.6,100,,,,,,,,,,,,,,,,
2026-07-07T18:01:50.500475+00:00,2026-07-07T18:01:50.500434,3,2,140.2,0.2,140.1,53,139.9,12,139.8,150,,,,,,,,,,,,,,,140.3,162,140.6,100,,,,,,,,,,,,,,,,
2026-07-07T18:01:50.684686+00:00,2026-07-07T18:01:50.684639,2,2,140.2,0.2,140.1,53,139.9,12,,,,,,,,,,,,,,,,,140.3,12,140.6,100,,,,,,,,,,,,,,,,
2026-07-07T18:01:50.739693+00:00,2026-07-07T18:01:50.739645,3,2,140.2,0.2,140.1,53,139.9,12,139.5,150,,,,,,,,,,,,,,,140.3,12,140.6,100,,,,,,,,,,,,,,,,
2026-07-07T18:01:50.744893+00:00,2026-07-07T18:01:50.744833,2,1,140.1,0.4,139.9,12,139.5,150,,,,,,,,,,,,,,,,,140.3,12,,,,,,,,,,,,,,,,,,
2026-07-07T18:01:50.792641+00:00,2026-07-07T18:01:50.792735,2,2,139.95,0.1,139.9,12,139.5,150,,,,,,,,,,,,,,,,,140.0,150,140.3,12,,,,,,,,,,,,,,,,
2026-07-07T18:01:50.803213+00:00,2026-07-07T18:01:50.803108,3,2,139.95,0.1,139.9,12,139.7,100,139.5,150,,,,,,,,,,,,,,,140.0,150,140.3,12,,,,,,,,,,,,,,,,
2026-07-07T18:01:50.854503+00:00,2026-07-07T18:01:50.854605,3,3,139.95,0.1,139.9,12,139.7,100,139.5,150,,,,,,,,,,,,,,,140.0,150,140.2,100,140.3,12,,,,,,,,,,,,,,
2026-07-07T18:01:51.009698+00:00,2026-07-07T18:01:51.009628,2,2,139.85,0.3,139.7,100,139.5,150,,,,,,,,,,,,,,,,,140.0,150,140.2,100,,,,,,,,,,,,,,,,
2026-07-07T18:01:51.014910+00:00,2026-07-07T18:01:51.014835,3,2,139.95,0.1,139.9,12,139.7,100,139.5,150,,,,,,,,,,,,,,,140.0,150,140.2,112,,,,,,,,,,,,,,,,
2026-07-07T18:01:51.769510+00:00,2026-07-07T18:01:51.764779,2,2,139.85,0.3,139.7,100,139.5,150,,,,,,,,,,,,,,,,,140.0,104,140.2,112,,,,,,,,,,,,,,,,
2026-07-07T18:01:51.785272+00:00,2026-07-07T18:01:51.785089,2,3,139.85,0.3,139.7,100,139.5,150,,,,,,,,,,,,,,,,,140.0,92,140.2,100,140.4,12,,,,,,,,,,,,,,
2026-07-07T18:01:52.292168+00:00,2026-07-07T18:01:52.292057,2,2,139.85,0.3,139.7,100,139.5,150,,,,,,,,,,,,,,,,,140.0,92,140.2,100,,,,,,,,,,,,,,,,
2026-07-07T18:01:52.297371+00:00,2026-07-07T18:01:52.297326,3,2,139.9,0.2,139.8,12,139.7,100,139.5,150,,,,,,,,,,,,,,,140.0,92,140.2,100,,,,,,,,,,,,,,,,
2026-07-07T18:01:52.302410+00:00,2026-07-07T18:01:52.302559,3,3,139.9,0.2,139.8,12,139.7,100,139.5,150,,,,,,,,,,,,,,,140.0,92,140.2,100,140.5,12,,,,,,,,,,,,,,
2026-07-07T18:01:53.309540+00:00,2026-07-07T18:01:53.309700,2,2,139.85,0.3,139.7,100,139.5,150,,,,,,,,,,,,,,,,,140.0,92,140.2,100,,,,,,,,,,,,,,,,
2026-07-07T18:01:53.314954+00:00,2026-07-07T18:01:53.314920,3,3,139.95,0.1,139.9,12,139.7,100,139.5,150,,,,,,,,,,,,,,,140.0,92,140.2,100,140.4,12,,,,,,,,,,,,,,
2026-07-07T18:01:53.847080+00:00,2026-07-07T18:01:53.847048,2,2,140.05,0.3,139.9,12,139.7,100,,,,,,,,,,,,,,,,,140.2,100,140.4,12,,,,,,,,,,,,,,,,
2026-07-07T18:01:53.902018+00:00,2026-07-07T18:01:53.901910,3,2,140.1,0.2,140.0,150,139.9,12,139.7,100,,,,,,,,,,,,,,,140.2,100,140.4,12,,,,,,,,,,,,,,,,
2026-07-07T18:01:53.907225+00:00,2026-07-07T18:01:53.907118,2,1,140.2,0.4,140.0,150,139.9,12,,,,,,,,,,,,,,,,,140.4,12,,,,,,,,,,,,,,,,,,
2026-07-07T18:01:53.958639+00:00,2026-07-07T18:01:53.955841,2,2,140.2,0.4,140.0,250,139.9,12,,,,,,,,,,,,,,,,,140.4,12,140.5,150,,,,,,,,,,,,,,,,
2026-07-07T18:01:54.016999+00:00,2026-07-07T18:01:54.017119,2,2,140.2,0.4,140.0,250,139.9,12,,,,,,,,,,,,,,,,,140.4,12,140.5,250,,,,,,,,,,,,,,,,
2026-07-07T18:01:55.008853+00:00,2026-07-07T18:01:55.008779,2,1,140.25,0.5,140.0,250,139.9,12,,,,,,,,,,,,,,,,,140.5,220,,,,,,,,,,,,,,,,,,
2026-07-07T18:01:55.952128+00:00,2026-07-07T18:01:55.952288,2,1,140.25,0.5,140.0,205,139.9,12,,,,,,,,,,,,,,,,,140.5,220,,,,,,,,,,,,,,,,,,
2026-07-07T18:01:57.005995+00:00,2026-07-07T18:01:57.005924,2,1,140.25,0.5,140.0,205,139.9,12,,,,,,,,,,,,,,,,,140.5,100,,,,,,,,,,,,,,,,,,
2026-07-07T18:01:57.011009+00:00,2026-07-07T18:01:57.011093,2,1,140.25,0.5,140.0,100,139.9,12,,,,,,,,,,,,,,,,,140.5,100,,,,,,,,,,,,,,,,,,
2026-07-07T18:01:57.058580+00:00,2026-07-07T18:01:57.054263,3,1,140.3,0.4,140.1,150,140.0,100,139.9,12,,,,,,,,,,,,,,,140.5,100,,,,,,,,,,,,,,,,,,
2026-07-07T18:01:57.070340+00:00,2026-07-07T18:01:57.070260,2,0,,,140.1,150,139.9,12,,,,,,,,,,,,,,,,,,,,,,,,,,,,,,,,,,,,
2026-07-07T18:01:57.124226+00:00,2026-07-07T18:01:57.124192,3,1,140.4,0.4,140.2,100,140.1,150,139.9,12,,,,,,,,,,,,,,,140.6,150,,,,,,,,,,,,,,,,,,
2026-07-07T18:01:57.179881+00:00,2026-07-07T18:01:57.179772,3,2,140.4,0.4,140.2,100,140.1,150,139.9,12,,,,,,,,,,,,,,,140.6,150,140.7,100,,,,,,,,,,,,,,,,
2026-07-07T18:01:57.336046+00:00,2026-07-07T18:01:57.335929,2,2,140.4,0.4,140.2,110,140.1,150,,,,,,,,,,,,,,,,,140.6,150,140.7,100,,,,,,,,,,,,,,,,
2026-07-07T18:01:57.341197+00:00,2026-07-07T18:01:57.341100,2,2,140.4,0.4,140.2,110,140.1,150,,,,,,,,,,,,,,,,,140.6,160,140.7,100,,,,,,,,,,,,,,,,
2026-07-07T18:01:57.551804+00:00,2026-07-07T18:01:57.552010,2,2,140.4,0.4,140.2,67,140.1,150,,,,,,,,,,,,,,,,,140.6,160,140.7,100,,,,,,,,,,,,,,,,
2026-07-07T18:01:58.358160+00:00,2026-07-07T18:01:58.352055,2,2,140.4,0.4,140.2,46,140.1,150,,,,,,,,,,,,,,,,,140.6,150,140.7,112,,,,,,,,,,,,,,,,
2026-07-07T18:01:58.869366+00:00,2026-07-07T18:01:58.869310,2,2,140.4,0.4,140.2,46,140.1,162,,,,,,,,,,,,,,,,,140.6,150,140.7,100,,,,,,,,,,,,,,,,
2026-07-07T18:01:58.874542+00:00,2026-07-07T18:01:58.874469,2,3,140.35,0.3,140.2,46,140.1,162,,,,,,,,,,,,,,,,,140.5,12,140.6,150,140.7,100,,,,,,,,,,,,,,
2026-07-07T18:01:59.058753+00:00,2026-07-07T18:01:59.058630,2,2,140.4,0.4,140.2,46,140.1,162,,,,,,,,,,,,,,,,,140.6,112,140.7,100,,,,,,,,,,,,,,,,
2026-07-07T18:02:00.141483+00:00,2026-07-07T18:02:00.141379,2,2,140.4,0.4,140.2,46,140.1,150,,,,,,,,,,,,,,,,,140.6,112,140.7,100,,,,,,,,,,,,,,,,
2026-07-07T18:02:00.158667+00:00,2026-07-07T18:02:00.146613,2,3,140.35,0.3,140.2,58,140.1,150,,,,,,,,,,,,,,,,,140.5,12,140.6,112,140.7,100,,,,,,,,,,,,,,
2026-07-07T18:02:00.179083+00:00,2026-07-07T18:02:00.178966,1,2,140.35,0.3,140.2,58,,,,,,,,,,,,,,,,,,,140.5,12,140.7,100,,,,,,,,,,,,,,,,
2026-07-07T18:02:00.232494+00:00,2026-07-07T18:02:00.232442,2,2,140.45,0.1,140.4,150,140.2,58,,,,,,,,,,,,,,,,,140.5,12,140.7,100,,,,,,,,,,,,,,,,
2026-07-07T18:02:00.237774+00:00,2026-07-07T18:02:00.237670,2,1,140.45,0.1,140.4,150,140.2,12,,,,,,,,,,,,,,,,,140.5,12,,,,,,,,,,,,,,,,,,
2026-07-07T18:02:00.280386+00:00,2026-07-07T18:02:00.280276,2,2,140.45,0.1,140.4,150,140.2,12,,,,,,,,,,,,,,,,,140.5,12,140.9,150,,,,,,,,,,,,,,,,
2026-07-07T18:02:00.291196+00:00,2026-07-07T18:02:00.291134,3,2,140.45,0.1,140.4,150,140.2,12,139.9,100,,,,,,,,,,,,,,,140.5,12,140.9,150,,,,,,,,,,,,,,,,
2026-07-07T18:02:00.341319+00:00,2026-07-07T18:02:00.341258,3,2,140.45,0.1,140.4,50,140.2,12,139.9,100,,,,,,,,,,,,,,,140.5,12,140.9,150,,,,,,,,,,,,,,,,
2026-07-07T18:02:00.423239+00:00,2026-07-07T18:02:00.416526,3,2,140.45,0.1,140.4,39,140.2,12,139.9,100,,,,,,,,,,,,,,,140.5,12,140.9,150,,,,,,,,,,,,,,,,
2026-07-07T18:02:01.194979+00:00,2026-07-07T18:02:01.195113,3,1,140.65,0.5,140.4,39,140.2,12,139.9,100,,,,,,,,,,,,,,,140.9,112,,,,,,,,,,,,,,,,,,
2026-07-07T18:02:01.408047+00:00,2026-07-07T18:02:01.407926,3,1,140.65,0.5,140.4,39,140.2,12,139.9,100,,,,,,,,,,,,,,,140.9,112,,,,,,,,,,,,,,,,,,
2026-07-07T18:02:01.413179+00:00,2026-07-07T18:02:01.413100,3,2,140.6,0.4,140.4,39,140.2,12,139.9,100,,,,,,,,,,,,,,,140.8,12,140.9,112,,,,,,,,,,,,,,,,
2026-07-07T18:02:01.631595+00:00,2026-07-07T18:02:01.625431,3,2,140.6,0.4,140.4,27,140.2,12,139.9,100,,,,,,,,,,,,,,,140.8,12,140.9,112,,,,,,,,,,,,,,,,
2026-07-07T18:02:02.546059+00:00,2026-07-07T18:02:02.545936,3,1,140.65,0.5,140.4,27,140.2,12,139.9,100,,,,,,,,,,,,,,,140.9,84,,,,,,,,,,,,,,,,,,
2026-07-07T18:02:03.349183+00:00,2026-07-07T18:02:03.351788,2,0,,,140.2,12,139.9,100,,,,,,,,,,,,,,,,,,,,,,,,,,,,,,,,,,,,
2026-07-07T18:02:03.396167+00:00,2026-07-07T18:02:03.396069,1,0,,,140.2,12,,,,,,,,,,,,,,,,,,,,,,,,,,,,,,,,,,,,,,
2026-07-07T18:02:03.413800+00:00,2026-07-07T18:02:03.413770,2,0,,,140.2,12,140.1,150,,,,,,,,,,,,,,,,,,,,,,,,,,,,,,,,,,,,
2026-07-07T18:02:03.451465+00:00,2026-07-07T18:02:03.451415,2,0,,,140.2,112,140.1,150,,,,,,,,,,,,,,,,,,,,,,,,,,,,,,,,,,,,
2026-07-07T18:02:03.466279+00:00,2026-07-07T18:02:03.466163,2,1,140.4,0.4,140.2,112,140.1,150,,,,,,,,,,,,,,,,,140.6,150,,,,,,,,,,,,,,,,,,
2026-07-07T18:02:03.504798+00:00,2026-07-07T18:02:03.504725,2,2,140.4,0.4,140.2,112,140.1,150,,,,,,,,,,,,,,,,,140.6,150,140.7,100,,,,,,,,,,,,,,,,
2026-07-07T18:02:03.694176+00:00,2026-07-07T18:02:03.694076,2,2,140.4,0.4,140.2,112,140.1,150,,,,,,,,,,,,,,,,,140.6,150,140.7,100,,,,,,,,,,,,,,,,
2026-07-07T18:02:03.699329+00:00,2026-07-07T18:02:03.699227,2,2,140.4,0.4,140.2,112,140.1,150,,,,,,,,,,,,,,,,,140.6,153,140.7,100,,,,,,,,,,,,,,,,
2026-07-07T18:02:05.416373+00:00,2026-07-07T18:02:05.416323,2,2,140.4,0.4,140.2,112,140.1,150,,,,,,,,,,,,,,,,,140.6,103,140.7,100,,,,,,,,,,,,,,,,
2026-07-07T18:02:05.625573+00:00,2026-07-07T18:02:05.625466,2,2,140.4,0.4,140.2,112,140.1,150,,,,,,,,,,,,,,,,,140.6,54,140.7,100,,,,,,,,,,,,,,,,
2026-07-07T18:02:06.522019+00:00,2026-07-07T18:02:06.521955,1,2,140.4,0.4,140.2,112,,,,,,,,,,,,,,,,,,,140.6,3,140.7,100,,,,,,,,,,,,,,,,
2026-07-07T18:02:06.566046+00:00,2026-07-07T18:02:06.566177,1,1,140.4,0.4,140.2,12,,,,,,,,,,,,,,,,,,,140.6,3,,,,,,,,,,,,,,,,,,
2026-07-07T18:02:06.571365+00:00,2026-07-07T18:02:06.571324,2,1,140.5,0.2,140.4,150,140.2,12,,,,,,,,,,,,,,,,,140.6,3,,,,,,,,,,,,,,,,,,
2026-07-07T18:02:06.612724+00:00,2026-07-07T18:02:06.612863,3,1,140.5,0.2,140.4,150,140.2,12,140.1,100,,,,,,,,,,,,,,,140.6,3,,,,,,,,,,,,,,,,,,
2026-07-07T18:02:06.629904+00:00,2026-07-07T18:02:06.629991,3,2,140.5,0.2,140.4,150,140.2,12,140.1,100,,,,,,,,,,,,,,,140.6,3,140.9,150,,,,,,,,,,,,,,,,
2026-07-07T18:02:06.666418+00:00,2026-07-07T18:02:06.666375,3,2,140.5,0.2,140.4,150,140.2,12,140.1,100,,,,,,,,,,,,,,,140.6,103,140.9,150,,,,,,,,,,,,,,,,
2026-07-07T18:02:07.527225+00:00,2026-07-07T18:02:07.527185,3,2,140.5,0.2,140.4,150,140.2,12,140.1,100,,,,,,,,,,,,,,,140.6,53,140.9,150,,,,,,,,,,,,,,,,
2026-07-07T18:02:08.839918+00:00,2026-07-07T18:02:08.834152,3,2,140.5,0.2,140.4,139,140.2,12,140.1,100,,,,,,,,,,,,,,,140.6,53,140.9,150,,,,,,,,,,,,,,,,
2026-07-07T18:02:09.658634+00:00,2026-07-07T18:02:09.653015,3,2,140.5,0.2,140.4,139,140.2,12,140.1,100,,,,,,,,,,,,,,,140.6,3,140.9,150,,,,,,,,,,,,,,,,
2026-07-07T18:02:09.684667+00:00,2026-07-07T18:02:09.684601,2,1,140.4,0.4,140.2,12,140.1,100,,,,,,,,,,,,,,,,,140.6,3,,,,,,,,,,,,,,,,,,
2026-07-07T18:02:09.721357+00:00,2026-07-07T18:02:09.721269,1,0,,,140.2,12,,,,,,,,,,,,,,,,,,,,,,,,,,,,,,,,,,,,,,
2026-07-07T18:02:09.739936+00:00,2026-07-07T18:02:09.740018,2,0,,,140.3,150,140.2,12,,,,,,,,,,,,,,,,,,,,,,,,,,,,,,,,,,,,
2026-07-07T18:02:09.778004+00:00,2026-07-07T18:02:09.777913,2,0,,,140.3,150,140.2,112,,,,,,,,,,,,,,,,,,,,,,,,,,,,,,,,,,,,
2026-07-07T18:02:09.793597+00:00,2026-07-07T18:02:09.793521,2,1,140.5,0.4,140.3,150,140.2,112,,,,,,,,,,,,,,,,,140.7,150,,,,,,,,,,,,,,,,,,
2026-07-07T18:02:09.831452+00:00,2026-07-07T18:02:09.831376,2,1,140.5,0.4,140.3,150,140.2,112,,,,,,,,,,,,,,,,,140.7,250,,,,,,,,,,,,,,,,,,
2026-07-07T18:02:09.975146+00:00,2026-07-07T18:02:09.975093,3,1,140.5,0.4,140.3,150,140.2,100,140.1,12,,,,,,,,,,,,,,,140.7,250,,,,,,,,,,,,,,,,,,
2026-07-07T18:02:10.480887+00:00,2026-07-07T18:02:10.480851,2,1,140.5,0.4,140.3,150,140.2,100,,,,,,,,,,,,,,,,,140.7,250,,,,,,,,,,,,,,,,,,
2026-07-07T18:02:10.486093+00:00,2026-07-07T18:02:10.486027,2,1,140.5,0.4,140.3,162,140.2,100,,,,,,,,,,,,,,,,,140.7,250,,,,,,,,,,,,,,,,,,
2026-07-07T18:02:10.983122+00:00,2026-07-07T18:02:10.983273,2,1,140.5,0.4,140.3,119,140.2,100,,,,,,,,,,,,,,,,,140.7,250,,,,,,,,,,,,,,,,,,
2026-07-07T18:02:11.487639+00:00,2026-07-07T18:02:11.487544,2,1,140.5,0.4,140.3,107,140.2,100,,,,,,,,,,,,,,,,,140.7,250,,,,,,,,,,,,,,,,,,
2026-07-07T18:02:11.498562+00:00,2026-07-07T18:02:11.498482,2,1,140.5,0.4,140.3,107,140.2,112,,,,,,,,,,,,,,,,,140.7,250,,,,,,,,,,,,,,,,,,
2026-07-07T18:02:11.815804+00:00,2026-07-07T18:02:11.815707,2,1,140.5,0.4,140.3,57,140.2,112,,,,,,,,,,,,,,,,,140.7,250,,,,,,,,,,,,,,,,,,
2026-07-07T18:02:12.858564+00:00,2026-07-07T18:02:12.848415,1,1,140.45,0.5,140.2,112,,,,,,,,,,,,,,,,,,,140.7,100,,,,,,,,,,,,,,,,,,
2026-07-07T18:02:12.885889+00:00,2026-07-07T18:02:12.885996,1,0,,,140.2,12,,,,,,,,,,,,,,,,,,,,,,,,,,,,,,,,,,,,,,
2026-07-07T18:02:12.902038+00:00,2026-07-07T18:02:12.901995,2,0,,,140.2,12,140.0,150,,,,,,,,,,,,,,,,,,,,,,,,,,,,,,,,,,,,
2026-07-07T18:02:12.940924+00:00,2026-07-07T18:02:12.940792,3,0,,,140.3,100,140.2,12,140.0,150,,,,,,,,,,,,,,,,,,,,,,,,,,,,,,,,,,
2026-07-07T18:02:12.951281+00:00,2026-07-07T18:02:12.951193,3,1,140.4,0.2,140.3,100,140.2,12,140.0,150,,,,,,,,,,,,,,,140.5,150,,,,,,,,,,,,,,,,,,
2026-07-07T18:02:12.993662+00:00,2026-07-07T18:02:12.993580,3,2,140.4,0.2,140.3,100,140.2,12,140.0,150,,,,,,,,,,,,,,,140.5,150,140.8,100,,,,,,,,,,,,,,,,
2026-07-07T18:02:13.005252+00:00,2026-07-07T18:02:13.005150,3,2,140.4,0.2,140.3,100,140.1,12,140.0,150,,,,,,,,,,,,,,,140.5,150,140.8,100,,,,,,,,,,,,,,,,
2026-07-07T18:02:13.089025+00:00,2026-07-07T18:02:13.088947,3,2,140.4,0.2,140.3,53,140.1,12,140.0,150,,,,,,,,,,,,,,,140.5,150,140.8,100,,,,,,,,,,,,,,,,
2026-07-07T18:02:13.658622+00:00,2026-07-07T18:02:13.655972,3,2,140.4,0.2,140.3,53,140.1,12,140.0,150,,,,,,,,,,,,,,,140.5,110,140.8,100,,,,,,,,,,,,,,,,
2026-07-07T18:02:14.265950+00:00,2026-07-07T18:02:14.265842,3,2,140.4,0.2,140.3,53,140.1,12,140.0,150,,,,,,,,,,,,,,,140.5,67,140.8,100,,,,,,,,,,,,,,,,
2026-07-07T18:02:15.017351+00:00,2026-07-07T18:02:15.017259,3,2,140.4,0.2,140.3,53,140.2,12,140.0,150,,,,,,,,,,,,,,,140.5,67,140.8,100,,,,,,,,,,,,,,,,
2026-07-07T18:02:15.974728+00:00,2026-07-07T18:02:15.974611,3,2,140.4,0.2,140.3,53,140.2,12,140.0,150,,,,,,,,,,,,,,,140.5,17,140.8,100,,,,,,,,,,,,,,,,
2026-07-07T18:02:16.004670+00:00,2026-07-07T18:02:16.004609,2,1,140.55,0.5,140.3,53,140.2,12,,,,,,,,,,,,,,,,,140.8,100,,,,,,,,,,,,,,,,,,
2026-07-07T18:02:16.025522+00:00,2026-07-07T18:02:16.025409,2,1,140.55,0.5,140.3,53,140.2,12,,,,,,,,,,,,,,,,,140.8,100,,,,,,,,,,,,,,,,,,
2026-07-07T18:02:16.068787+00:00,2026-07-07T18:02:16.068950,1,0,,,140.2,12,,,,,,,,,,,,,,,,,,,,,,,,,,,,,,,,,,,,,,
2026-07-07T18:02:16.074279+00:00,2026-07-07T18:02:16.074155,2,0,,,140.6,150,140.2,12,,,,,,,,,,,,,,,,,,,,,,,,,,,,,,,,,,,,
2026-07-07T18:02:16.126216+00:00,2026-07-07T18:02:16.126118,2,1,140.85,0.5,140.6,150,140.2,12,,,,,,,,,,,,,,,,,141.1,150,,,,,,,,,,,,,,,,,,
2026-07-07T18:02:16.131458+00:00,2026-07-07T18:02:16.131399,2,1,140.85,0.5,140.6,150,140.2,112,,,,,,,,,,,,,,,,,141.1,150,,,,,,,,,,,,,,,,,,
2026-07-07T18:02:16.182850+00:00,2026-07-07T18:02:16.182755,2,2,140.65,0.1,140.6,150,140.2,112,,,,,,,,,,,,,,,,,140.7,100,141.1,150,,,,,,,,,,,,,,,,
2026-07-07T18:02:16.781546+00:00,2026-07-07T18:02:16.781444,2,2,140.65,0.1,140.6,150,140.2,100,,,,,,,,,,,,,,,,,140.7,100,141.1,150,,,,,,,,,,,,,,,,
2026-07-07T18:02:16.786740+00:00,2026-07-07T18:02:16.786666,3,2,140.65,0.1,140.6,150,140.4,12,140.2,100,,,,,,,,,,,,,,,140.7,100,141.1,150,,,,,,,,,,,,,,,,
2026-07-07T18:02:18.544767+00:00,2026-07-07T18:02:18.544713,3,2,140.65,0.1,140.6,105,140.4,12,140.2,100,,,,,,,,,,,,,,,140.7,100,141.1,150,,,,,,,,,,,,,,,,
2026-07-07T18:02:19.181262+00:00,2026-07-07T18:02:19.181109,2,1,140.55,0.3,140.4,12,140.2,100,,,,,,,,,,,,,,,,,140.7,100,,,,,,,,,,,,,,,,,,
2026-07-07T18:02:19.235024+00:00,2026-07-07T18:02:19.235155,3,1,140.65,0.1,140.6,150,140.4,12,140.2,100,,,,,,,,,,,,,,,140.7,100,,,,,,,,,,,,,,,,,,
2026-07-07T18:02:19.240436+00:00,2026-07-07T18:02:19.240406,2,0,,,140.6,150,140.4,12,,,,,,,,,,,,,,,,,,,,,,,,,,,,,,,,,,,,
2026-07-07T18:02:19.287958+00:00,2026-07-07T18:02:19.287835,2,1,140.85,0.5,140.6,150,140.4,12,,,,,,,,,,,,,,,,,141.1,150,,,,,,,,,,,,,,,,,,
2026-07-07T18:02:19.293189+00:00,2026-07-07T18:02:19.293096,2,1,140.85,0.5,140.6,150,140.4,112,,,,,,,,,,,,,,,,,141.1,150,,,,,,,,,,,,,,,,,,
2026-07-07T18:02:19.298163+00:00,2026-07-07T18:02:19.298293,2,1,140.85,0.5,140.6,150,140.4,112,,,,,,,,,,,,,,,,,141.1,150,,,,,,,,,,,,,,,,,,
2026-07-07T18:02:19.344834+00:00,2026-07-07T18:02:19.344982,2,2,140.75,0.3,140.6,150,140.4,112,,,,,,,,,,,,,,,,,140.9,100,141.1,150,,,,,,,,,,,,,,,,
2026-07-07T18:02:19.810485+00:00,2026-07-07T18:02:19.803548,3,2,140.75,0.3,140.6,138,140.4,100,140.3,12,,,,,,,,,,,,,,,140.9,100,141.1,150,,,,,,,,,,,,,,,,
2026-07-07T18:02:20.235846+00:00,2026-07-07T18:02:20.235710,3,2,140.75,0.3,140.6,88,140.4,100,140.3,12,,,,,,,,,,,,,,,140.9,100,141.1,150,,,,,,,,,,,,,,,,
2026-07-07T18:02:20.748918+00:00,2026-07-07T18:02:20.748834,3,2,140.75,0.3,140.6,47,140.4,100,140.3,12,,,,,,,,,,,,,,,140.9,100,141.1,150,,,,,,,,,,,,,,,,
2026-07-07T18:02:21.845951+00:00,2026-07-07T18:02:21.845889,2,2,140.65,0.5,140.4,98,140.3,12,,,,,,,,,,,,,,,,,140.9,100,141.1,150,,,,,,,,,,,,,,,,
2026-07-07T18:02:22.319286+00:00,2026-07-07T18:02:22.319421,2,2,140.65,0.5,140.4,98,140.2,12,,,,,,,,,,,,,,,,,140.9,100,141.1,150,,,,,,,,,,,,,,,,
2026-07-07T18:02:22.342193+00:00,2026-07-07T18:02:22.342070,2,1,140.65,0.5,140.4,48,140.2,12,,,,,,,,,,,,,,,,,140.9,100,,,,,,,,,,,,,,,,,,
2026-07-07T18:02:22.395505+00:00,2026-07-07T18:02:22.395459,3,1,140.65,0.5,140.4,48,140.2,12,139.8,150,,,,,,,,,,,,,,,140.9,100,,,,,,,,,,,,,,,,,,
2026-07-07T18:02:22.400704+00:00,2026-07-07T18:02:22.400632,3,0,,,140.4,48,140.2,12,139.8,150,,,,,,,,,,,,,,,,,,,,,,,,,,,,,,,,,,
2026-07-07T18:02:22.405934+00:00,2026-07-07T18:02:22.405807,2,0,,,140.2,12,139.8,150,,,,,,,,,,,,,,,,,,,,,,,,,,,,,,,,,,,,
2026-07-07T18:02:22.460395+00:00,2026-07-07T18:02:22.454731,3,1,140.25,0.1,140.2,12,140.0,100,139.8,150,,,,,,,,,,,,,,,140.3,127,,,,,,,,,,,,,,,,,,
2026-07-07T18:02:22.513458+00:00,2026-07-07T18:02:22.513329,3,2,140.25,0.1,140.2,12,140.0,100,139.8,150,,,,,,,,,,,,,,,140.3,127,140.5,100,,,,,,,,,,,,,,,,
2026-07-07T18:02:22.828102+00:00,2026-07-07T18:02:22.828013,3,2,140.2,0.2,140.1,12,140.0,100,139.8,150,,,,,,,,,,,,,,,140.3,127,140.5,100,,,,,,,,,,,,,,,,
2026-07-07T18:02:22.896964+00:00,2026-07-07T18:02:22.896836,3,2,140.2,0.2,140.1,12,140.0,100,139.8,150,,,,,,,,,,,,,,,140.3,86,140.5,100,,,,,,,,,,,,,,,,
2026-07-07T18:02:24.458625+00:00,2026-07-07T18:02:24.452055,2,2,140.15,0.3,140.0,62,139.8,150,,,,,,,,,,,,,,,,,140.3,86,140.5,100,,,,,,,,,,,,,,,,
2026-07-07T18:02:24.591235+00:00,2026-07-07T18:02:24.585095,2,2,140.15,0.3,140.0,62,139.8,150,,,,,,,,,,,,,,,,,140.3,74,140.5,100,,,,,,,,,,,,,,,,
2026-07-07T18:02:25.089779+00:00,2026-07-07T18:02:25.089670,3,2,140.2,0.2,140.1,11,140.0,62,139.8,150,,,,,,,,,,,,,,,140.3,74,140.5,111,,,,,,,,,,,,,,,,
2026-07-07T18:02:25.503492+00:00,2026-07-07T18:02:25.503627,2,1,140.3,0.4,140.1,11,140.0,62,,,,,,,,,,,,,,,,,140.5,111,,,,,,,,,,,,,,,,,,
2026-07-07T18:02:25.558651+00:00,2026-07-07T18:02:25.558453,2,1,140.4,0.2,140.3,150,140.1,11,,,,,,,,,,,,,,,,,140.5,11,,,,,,,,,,,,,,,,,,
2026-07-07T18:02:25.602479+00:00,2026-07-07T18:02:25.602420,1,0,,,140.3,150,,,,,,,,,,,,,,,,,,,,,,,,,,,,,,,,,,,,,,
2026-07-07T18:02:25.607643+00:00,2026-07-07T18:02:25.607599,1,0,,,140.3,161,,,,,,,,,,,,,,,,,,,,,,,,,,,,,,,,,,,,,,
2026-07-07T18:02:25.612809+00:00,2026-07-07T18:02:25.612787,1,2,140.45,0.3,140.3,161,,,,,,,,,,,,,,,,,,,140.6,11,140.8,150,,,,,,,,,,,,,,,,
2026-07-07T18:02:25.617873+00:00,2026-07-07T18:02:25.617949,2,2,140.45,0.3,140.3,161,140.1,100,,,,,,,,,,,,,,,,,140.6,11,140.8,150,,,,,,,,,,,,,,,,
2026-07-07T18:02:25.674244+00:00,2026-07-07T18:02:25.674141,2,2,140.45,0.3,140.3,161,140.1,100,,,,,,,,,,,,,,,,,140.6,111,140.8,150,,,,,,,,,,,,,,,,
2026-07-07T18:02:25.906095+00:00,2026-07-07T18:02:25.899819,2,2,140.45,0.3,140.3,149,140.1,100,,,,,,,,,,,,,,,,,140.6,111,140.8,150,,,,,,,,,,,,,,,,
2026-07-07T18:02:26.118431+00:00,2026-07-07T18:02:26.118320,2,2,140.45,0.3,140.3,138,140.1,100,,,,,,,,,,,,,,,,,140.6,111,140.8,150,,,,,,,,,,,,,,,,
2026-07-07T18:02:26.123694+00:00,2026-07-07T18:02:26.123544,2,2,140.45,0.3,140.3,138,140.1,100,,,,,,,,,,,,,,,,,140.6,100,140.8,150,,,,,,,,,,,,,,,,
2026-07-07T18:02:26.128660+00:00,2026-07-07T18:02:26.128816,2,2,140.45,0.3,140.3,138,140.1,111,,,,,,,,,,,,,,,,,140.6,100,140.8,150,,,,,,,,,,,,,,,,
2026-07-07T18:02:26.133934+00:00,2026-07-07T18:02:26.134060,2,3,140.4,0.2,140.3,138,140.1,111,,,,,,,,,,,,,,,,,140.5,11,140.6,100,140.8,150,,,,,,,,,,,,,,
2026-07-07T18:02:26.558562+00:00,2026-07-07T18:02:26.558285,2,3,140.4,0.2,140.3,88,140.1,111,,,,,,,,,,,,,,,,,140.5,11,140.6,100,140.8,150,,,,,,,,,,,,,,
2026-07-07T18:02:27.140203+00:00,2026-07-07T18:02:27.140125,2,2,140.45,0.3,140.3,88,140.1,100,,,,,,,,,,,,,,,,,140.6,100,140.8,150,,,,,,,,,,,,,,,,
2026-07-07T18:02:27.145370+00:00,2026-07-07T18:02:27.145309,3,2,140.45,0.3,140.3,88,140.2,12,140.1,100,,,,,,,,,,,,,,,140.6,100,140.8,150,,,,,,,,,,,,,,,,
2026-07-07T18:02:27.150392+00:00,2026-07-07T18:02:27.150480,3,3,140.4,0.2,140.3,88,140.2,12,140.1,100,,,,,,,,,,,,,,,140.5,12,140.6,100,140.8,150,,,,,,,,,,,,,,
2026-07-07T18:02:28.020654+00:00,2026-07-07T18:02:28.020625,3,2,140.45,0.3,140.3,88,140.2,12,140.1,100,,,,,,,,,,,,,,,140.6,72,140.8,150,,,,,,,,,,,,,,,,
2026-07-07T18:02:28.569632+00:00,2026-07-07T18:02:28.569810,3,2,140.45,0.3,140.3,39,140.2,12,140.1,100,,,,,,,,,,,,,,,140.6,72,140.8,150,,,,,,,,,,,,,,,,
2026-07-07T18:02:28.665338+00:00,2026-07-07T18:02:28.665224,2,2,140.45,0.3,140.3,51,140.1,100,,,,,,,,,,,,,,,,,140.6,72,140.8,150,,,,,,,,,,,,,,,,
2026-07-07T18:02:28.670305+00:00,2026-07-07T18:02:28.670415,2,1,140.45,0.3,140.3,12,140.1,100,,,,,,,,,,,,,,,,,140.6,72,,,,,,,,,,,,,,,,,,
2026-07-07T18:02:28.675754+00:00,2026-07-07T18:02:28.675642,1,1,140.35,0.5,140.1,62,,,,,,,,,,,,,,,,,,,140.6,72,,,,,,,,,,,,,,,,,,
2026-07-07T18:02:28.726862+00:00,2026-07-07T18:02:28.726753,1,0,,,139.8,150,,,,,,,,,,,,,,,,,,,,,,,,,,,,,,,,,,,,,,
2026-07-07T18:02:28.817072+00:00,2026-07-07T18:02:28.810054,2,1,140.2,0.2,140.1,100,139.8,150,,,,,,,,,,,,,,,,,140.3,127,,,,,,,,,,,,,,,,,,
2026-07-07T18:02:28.860334+00:00,2026-07-07T18:02:28.860263,2,2,140.2,0.2,140.1,100,139.8,150,,,,,,,,,,,,,,,,,140.3,127,140.6,100,,,,,,,,,,,,,,,,
2026-07-07T18:02:28.919420+00:00,2026-07-07T18:02:28.919323,3,2,140.25,0.1,140.2,12,140.1,100,139.8,150,,,,,,,,,,,,,,,140.3,127,140.6,100,,,,,,,,,,,,,,,,
2026-07-07T18:02:28.924548+00:00,2026-07-07T18:02:28.924477,3,3,140.25,0.1,140.2,12,140.1,100,139.8,150,,,,,,,,,,,,,,,140.3,127,140.6,100,140.7,12,,,,,,,,,,,,,,
2026-07-07T18:02:29.433531+00:00,2026-07-07T18:02:29.433424,2,3,140.2,0.2,140.1,100,139.8,150,,,,,,,,,,,,,,,,,140.3,127,140.6,100,140.7,12,,,,,,,,,,,,,,
2026-07-07T18:02:29.438771+00:00,2026-07-07T18:02:29.438662,2,2,140.2,0.2,140.1,100,139.8,150,,,,,,,,,,,,,,,,,140.3,115,140.6,100,,,,,,,,,,,,,,,,
2026-07-07T18:02:29.443834+00:00,2026-07-07T18:02:29.443808,2,3,140.2,0.2,140.1,100,139.8,150,,,,,,,,,,,,,,,,,140.3,115,140.6,100,140.7,12,,,,,,,,,,,,,,
2026-07-07T18:02:29.953269+00:00,2026-07-07T18:02:29.953552,3,2,140.25,0.1,140.2,12,140.1,100,139.8,150,,,,,,,,,,,,,,,140.3,115,140.6,112,,,,,,,,,,,,,,,,
2026-07-07T18:02:30.230786+00:00,2026-07-07T18:02:30.230867,3,2,140.25,0.1,140.2,12,140.1,100,139.8,150,,,,,,,,,,,,,,,140.3,67,140.6,112,,,,,,,,,,,,,,,,
2026-07-07T18:02:30.780732+00:00,2026-07-07T18:02:30.780566,2,2,140.2,0.2,140.1,62,139.8,150,,,,,,,,,,,,,,,,,140.3,67,140.6,112,,,,,,,,,,,,,,,,
2026-07-07T18:02:31.237243+00:00,2026-07-07T18:02:31.237167,2,2,140.2,0.2,140.1,62,139.8,150,,,,,,,,,,,,,,,,,140.3,67,140.6,100,,,,,,,,,,,,,,,,
2026-07-07T18:02:31.242266+00:00,2026-07-07T18:02:31.242429,2,3,140.2,0.2,140.1,74,139.8,150,,,,,,,,,,,,,,,,,140.3,67,140.4,12,140.6,100,,,,,,,,,,,,,,
2026-07-07T18:02:31.859396+00:00,2026-07-07T18:02:31.859274,1,2,140.25,0.3,140.1,74,,,,,,,,,,,,,,,,,,,140.4,12,140.6,100,,,,,,,,,,,,,,,,
2026-07-07T18:02:31.909270+00:00,2026-07-07T18:02:31.909421,2,2,140.25,0.3,140.1,74,140.0,150,,,,,,,,,,,,,,,,,140.4,12,140.6,100,,,,,,,,,,,,,,,,
2026-07-07T18:02:31.914668+00:00,2026-07-07T18:02:31.914600,2,1,140.25,0.3,140.1,12,140.0,150,,,,,,,,,,,,,,,,,140.4,12,,,,,,,,,,,,,,,,,,
2026-07-07T18:02:31.966633+00:00,2026-07-07T18:02:31.966591,3,2,140.25,0.3,140.1,12,140.0,150,139.8,100,,,,,,,,,,,,,,,140.4,12,140.5,150,,,,,,,,,,,,,,,,
2026-07-07T18:02:32.023167+00:00,2026-07-07T18:02:32.023084,3,3,140.2,0.2,140.1,12,140.0,150,139.8,100,,,,,,,,,,,,,,,140.3,100,140.4,12,140.5,150,,,,,,,,,,,,,,
2026-07-07T18:02:32.269585+00:00,2026-07-07T18:02:32.269717,3,3,140.2,0.2,140.1,12,140.0,150,139.8,100,,,,,,,,,,,,,,,140.3,56,140.4,12,140.5,150,,,,,,,,,,,,,,
2026-07-07T18:02:32.888828+00:00,2026-07-07T18:02:32.888775,2,3,140.15,0.3,140.0,112,139.8,100,,,,,,,,,,,,,,,,,140.3,56,140.4,12,140.5,150,,,,,,,,,,,,,,
2026-07-07T18:02:33.858558+00:00,2026-07-07T18:02:33.854912,2,3,140.15,0.3,140.0,68,139.8,100,,,,,,,,,,,,,,,,,140.3,56,140.4,12,140.5,150,,,,,,,,,,,,,,
2026-07-07T18:02:35.000800+00:00,2026-07-07T18:02:35.000660,2,3,140.15,0.3,140.0,18,139.8,100,,,,,,,,,,,,,,,,,140.3,56,140.4,12,140.5,150,,,,,,,,,,,,,,
2026-07-07T18:02:35.020930+00:00,2026-07-07T18:02:35.021070,1,2,140.05,0.5,139.8,100,,,,,,,,,,,,,,,,,,,140.3,56,140.4,12,,,,,,,,,,,,,,,,
2026-07-07T18:02:35.076066+00:00,2026-07-07T18:02:35.075972,2,1,140.1,0.6,139.8,100,139.4,150,,,,,,,,,,,,,,,,,140.4,12,,,,,,,,,,,,,,,,,,
2026-07-07T18:02:35.081046+00:00,2026-07-07T18:02:35.081126,1,1,139.9,1.0,139.4,150,,,,,,,,,,,,,,,,,,,140.4,12,,,,,,,,,,,,,,,,,,
2026-07-07T18:02:35.142858+00:00,2026-07-07T18:02:35.135701,1,2,139.65,0.5,139.4,150,,,,,,,,,,,,,,,,,,,139.9,27,140.4,12,,,,,,,,,,,,,,,,
2026-07-07T18:02:35.190389+00:00,2026-07-07T18:02:35.190260,1,3,139.65,0.5,139.4,150,,,,,,,,,,,,,,,,,,,139.9,27,140.4,12,140.7,100,,,,,,,,,,,,,,
2026-07-07T18:02:35.264778+00:00,2026-07-07T18:02:35.264749,2,2,139.7,0.4,139.5,12,139.4,150,,,,,,,,,,,,,,,,,139.9,27,140.7,100,,,,,,,,,,,,,,,,
2026-07-07T18:02:35.269978+00:00,2026-07-07T18:02:35.269919,2,3,139.7,0.4,139.5,12,139.4,150,,,,,,,,,,,,,,,,,139.9,27,140.4,12,140.7,100,,,,,,,,,,,,,,
2026-07-07T18:02:37.109218+00:00,2026-07-07T18:02:37.109061,1,3,139.65,0.5,139.4,112,,,,,,,,,,,,,,,,,,,139.9,27,140.4,12,140.7,100,,,,,,,,,,,,,,
2026-07-07T18:02:38.058588+00:00,2026-07-07T18:02:38.056197,2,2,139.7,0.4,139.5,12,139.4,112,,,,,,,,,,,,,,,,,139.9,27,140.7,100,,,,,,,,,,,,,,,,
2026-07-07T18:02:38.068892+00:00,2026-07-07T18:02:38.068817,2,3,139.7,0.4,139.5,12,139.4,112,,,,,,,,,,,,,,,,,139.9,27,140.3,12,140.7,100,,,,,,,,,,,,,,
2026-07-07T18:02:38.187100+00:00,2026-07-07T18:02:38.187012,1,2,139.9,0.8,139.5,12,,,,,,,,,,,,,,,,,,,140.3,12,140.7,100,,,,,,,,,,,,,,,,
2026-07-07T18:02:38.243219+00:00,2026-07-07T18:02:38.243146,2,1,140.0,0.6,139.7,150,139.5,12,,,,,,,,,,,,,,,,,140.3,12,,,,,,,,,,,,,,,,,,
2026-07-07T18:02:38.297057+00:00,2026-07-07T18:02:38.296964,2,2,139.95,0.5,139.7,150,139.5,112,,,,,,,,,,,,,,,,,140.2,150,140.3,12,,,,,,,,,,,,,,,,
2026-07-07T18:02:38.322761+00:00,2026-07-07T18:02:38.322718,2,1,139.95,0.5,139.7,150,139.5,100,,,,,,,,,,,,,,,,,140.2,150,,,,,,,,,,,,,,,,,,
2026-07-07T18:02:38.328066+00:00,2026-07-07T18:02:38.327897,3,1,140.0,0.4,139.8,12,139.7,150,139.5,100,,,,,,,,,,,,,,,140.2,150,,,,,,,,,,,,,,,,,,
2026-07-07T18:02:38.333277+00:00,2026-07-07T18:02:38.333181,3,2,140.0,0.4,139.8,12,139.7,150,139.5,100,,,,,,,,,,,,,,,140.2,150,140.3,12,,,,,,,,,,,,,,,,
2026-07-07T18:02:38.351299+00:00,2026-07-07T18:02:38.351231,3,3,139.9,0.2,139.8,12,139.7,150,139.5,100,,,,,,,,,,,,,,,140.0,100,140.2,150,140.3,12,,,,,,,,,,,,,,
2026-07-07T18:02:41.328127+00:00,2026-07-07T18:02:41.328071,2,3,139.85,0.3,139.7,112,139.5,100,,,,,,,,,,,,,,,,,140.0,100,140.2,150,140.3,12,,,,,,,,,,,,,,
2026-07-07T18:02:41.350303+00:00,2026-07-07T18:02:41.350218,1,2,139.75,0.5,139.5,100,,,,,,,,,,,,,,,,,,,140.0,100,140.3,12,,,,,,,,,,,,,,,,
2026-07-07T18:02:41.404660+00:00,2026-07-07T18:02:41.404811,1,1,139.9,0.8,139.5,150,,,,,,,,,,,,,,,,,,,140.3,12,,,,,,,,,,,,,,,,,,
2026-07-07T18:02:41.458626+00:00,2026-07-07T18:02:41.454812,1,2,139.75,0.5,139.5,250,,,,,,,,,,,,,,,,,,,140.0,150,140.3,12,,,,,,,,,,,,,,,,
2026-07-07T18:02:41.546158+00:00,2026-07-07T18:02:41.546103,1,2,139.75,0.5,139.5,250,,,,,,,,,,,,,,,,,,,140.0,250,140.3,12,,,,,,,,,,,,,,,,
2026-07-07T18:02:41.598006+00:00,2026-07-07T18:02:41.597954,1,1,139.75,0.5,139.5,250,,,,,,,,,,,,,,,,,,,140.0,250,,,,,,,,,,,,,,,,,,
2026-07-07T18:02:41.603374+00:00,2026-07-07T18:02:41.603160,2,1,139.8,0.4,139.6,12,139.5,250,,,,,,,,,,,,,,,,,140.0,250,,,,,,,,,,,,,,,,,,
2026-07-07T18:02:41.608555+00:00,2026-07-07T18:02:41.608481,2,2,139.8,0.4,139.6,12,139.5,250,,,,,,,,,,,,,,,,,140.0,250,140.2,12,,,,,,,,,,,,,,,,
2026-07-07T18:02:41.774392+00:00,2026-07-07T18:02:41.774585,2,2,139.8,0.4,139.6,12,139.5,250,,,,,,,,,,,,,,,,,140.0,208,140.2,12,,,,,,,,,,,,,,,,
2026-07-07T18:02:43.386384+00:00,2026-07-07T18:02:43.386508,2,2,139.8,0.4,139.6,12,139.5,250,,,,,,,,,,,,,,,,,140.0,159,140.2,12,,,,,,,,,,,,,,,,
2026-07-07T18:02:43.391793+00:00,2026-07-07T18:02:43.391690,2,2,139.8,0.4,139.6,12,139.5,250,,,,,,,,,,,,,,,,,140.0,109,140.2,12,,,,,,,,,,,,,,,,
2026-07-07T18:02:44.558673+00:00,2026-07-07T18:02:44.503357,2,2,139.8,0.4,139.6,12,139.5,250,,,,,,,,,,,,,,,,,140.0,100,140.2,12,,,,,,,,,,,,,,,,
2026-07-07T18:02:44.564387+00:00,2026-07-07T18:02:44.563783,2,2,139.8,0.4,139.6,12,139.5,100,,,,,,,,,,,,,,,,,140.0,100,140.2,12,,,,,,,,,,,,,,,,
2026-07-07T18:02:44.580522+00:00,2026-07-07T18:02:44.574167,3,1,140.15,0.1,140.1,27,139.6,12,139.5,100,,,,,,,,,,,,,,,140.2,12,,,,,,,,,,,,,,,,,,
2026-07-07T18:02:44.596059+00:00,2026-07-07T18:02:44.595946,2,1,140.15,0.1,140.1,27,139.6,12,,,,,,,,,,,,,,,,,140.2,12,,,,,,,,,,,,,,,,,,
2026-07-07T18:02:44.617515+00:00,2026-07-07T18:02:44.617471,1,1,140.15,0.1,140.1,27,,,,,,,,,,,,,,,,,,,140.2,12,,,,,,,,,,,,,,,,,,
2026-07-07T18:02:44.627911+00:00,2026-07-07T18:02:44.627709,1,2,140.15,0.1,140.1,27,,,,,,,,,,,,,,,,,,,140.2,12,140.6,150,,,,,,,,,,,,,,,,
2026-07-07T18:02:44.633115+00:00,2026-07-07T18:02:44.633078,2,2,140.15,0.1,140.1,27,139.9,12,,,,,,,,,,,,,,,,,140.2,12,140.6,150,,,,,,,,,,,,,,,,
2026-07-07T18:02:44.654048+00:00,2026-07-07T18:02:44.654147,3,2,140.15,0.1,140.1,27,139.9,12,139.8,100,,,,,,,,,,,,,,,140.2,12,140.6,150,,,,,,,,,,,,,,,,
2026-07-07T18:02:44.706827+00:00,2026-07-07T18:02:44.706767,3,3,140.15,0.1,140.1,27,139.9,12,139.8,100,,,,,,,,,,,,,,,140.2,12,140.3,100,140.6,150,,,,,,,,,,,,,,
2026-07-07T18:02:45.207490+00:00,2026-07-07T18:02:45.207372,1,3,140.0,0.4,139.8,98,,,,,,,,,,,,,,,,,,,140.2,12,140.3,100,140.6,150,,,,,,,,,,,,,,
2026-07-07T18:02:45.494395+00:00,2026-07-07T18:02:45.494629,1,2,140.05,0.5,139.8,98,,,,,,,,,,,,,,,,,,,140.3,62,140.6,150,,,,,,,,,,,,,,,,
2026-07-07T18:02:45.643833+00:00,2026-07-07T18:02:45.643801,2,2,140.1,0.4,139.9,12,139.8,98,,,,,,,,,,,,,,,,,140.3,74,140.6,150,,,,,,,,,,,,,,,,
2026-07-07T18:02:47.679457+00:00,2026-07-07T18:02:47.679364,2,1,140.1,0.4,139.9,12,139.8,98,,,,,,,,,,,,,,,,,140.3,74,,,,,,,,,,,,,,,,,,
2026-07-07T18:02:47.731583+00:00,2026-07-07T18:02:47.731515,3,1,140.1,0.4,139.9,12,139.8,98,139.5,150,,,,,,,,,,,,,,,140.3,74,,,,,,,,,,,,,,,,,,
2026-07-07T18:02:47.758541+00:00,2026-07-07T18:02:47.755828,2,1,140.1,0.4,139.9,12,139.5,150,,,,,,,,,,,,,,,,,140.3,12,,,,,,,,,,,,,,,,,,
2026-07-07T18:02:47.786498+00:00,2026-07-07T18:02:47.786472,2,2,139.95,0.1,139.9,12,139.5,150,,,,,,,,,,,,,,,,,140.0,150,140.3,12,,,,,,,,,,,,,,,,
2026-07-07T18:02:47.797213+00:00,2026-07-07T18:02:47.790706,2,2,139.95,0.1,139.9,12,139.5,150,,,,,,,,,,,,,,,,,140.0,139,140.3,12,,,,,,,,,,,,,,,,
2026-07-07T18:02:47.817752+00:00,2026-07-07T18:02:47.817848,2,2,139.95,0.1,139.9,12,139.5,150,,,,,,,,,,,,,,,,,140.0,39,140.3,12,,,,,,,,,,,,,,,,
2026-07-07T18:02:47.871917+00:00,2026-07-07T18:02:47.871798,2,3,139.95,0.1,139.9,12,139.5,150,,,,,,,,,,,,,,,,,140.0,39,140.3,12,140.5,100,,,,,,,,,,,,,,
2026-07-07T18:02:48.809843+00:00,2026-07-07T18:02:48.809734,1,3,139.75,0.5,139.5,120,,,,,,,,,,,,,,,,,,,140.0,39,140.3,12,140.5,100,,,,,,,,,,,,,,
2026-07-07T18:02:48.914993+00:00,2026-07-07T18:02:48.914969,2,2,139.8,0.4,139.6,12,139.5,120,,,,,,,,,,,,,,,,,140.0,39,140.5,100,,,,,,,,,,,,,,,,
2026-07-07T18:02:48.920262+00:00,2026-07-07T18:02:48.920163,2,3,139.8,0.4,139.6,12,139.5,120,,,,,,,,,,,,,,,,,140.0,39,140.3,12,140.5,100,,,,,,,,,,,,,,
2026-07-07T18:02:49.712040+00:00,2026-07-07T18:02:49.712263,2,2,139.95,0.7,139.6,12,139.5,120,,,,,,,,,,,,,,,,,140.3,12,140.5,100,,,,,,,,,,,,,,,,
2026-07-07T18:02:50.837337+00:00,2026-07-07T18:02:50.837509,1,2,139.95,0.7,139.6,12,,,,,,,,,,,,,,,,,,,140.3,12,140.5,100,,,,,,,,,,,,,,,,
2026-07-07T18:02:50.893833+00:00,2026-07-07T18:02:50.893742,2,2,140.25,0.1,140.2,150,139.6,12,,,,,,,,,,,,,,,,,140.3,12,140.5,100,,,,,,,,,,,,,,,,
2026-07-07T18:02:50.925306+00:00,2026-07-07T18:02:50.925231,2,1,140.25,0.1,140.2,150,139.6,12,,,,,,,,,,,,,,,,,140.3,12,,,,,,,,,,,,,,,,,,
2026-07-07T18:02:50.930337+00:00,2026-07-07T18:02:50.930425,1,1,140.25,0.1,140.2,150,,,,,,,,,,,,,,,,,,,140.3,12,,,,,,,,,,,,,,,,,,
2026-07-07T18:02:50.935515+00:00,2026-07-07T18:02:50.935619,2,0,,,140.2,150,140.1,12,,,,,,,,,,,,,,,,,,,,,,,,,,,,,,,,,,,,
2026-07-07T18:02:50.940831+00:00,2026-07-07T18:02:50.940783,2,1,140.3,0.2,140.2,150,140.1,12,,,,,,,,,,,,,,,,,140.4,12,,,,,,,,,,,,,,,,,,
2026-07-07T18:02:50.946124+00:00,2026-07-07T18:02:50.946019,2,2,140.3,0.2,140.2,150,140.1,12,,,,,,,,,,,,,,,,,140.4,12,140.7,150,,,,,,,,,,,,,,,,
2026-07-07T18:02:50.975944+00:00,2026-07-07T18:02:50.975829,3,2,140.3,0.2,140.2,150,140.1,12,139.9,100,,,,,,,,,,,,,,,140.4,12,140.7,150,,,,,,,,,,,,,,,,
2026-07-07T18:02:51.031857+00:00,2026-07-07T18:02:51.031736,3,2,140.3,0.2,140.2,150,140.1,12,139.9,100,,,,,,,,,,,,,,,140.4,112,140.7,150,,,,,,,,,,,,,,,,
2026-07-07T18:02:51.538875+00:00,2026-07-07T18:02:51.538837,3,2,140.3,0.2,140.2,150,140.1,12,139.9,100,,,,,,,,,,,,,,,140.4,68,140.7,150,,,,,,,,,,,,,,,,
2026-07-07T18:02:51.596602+00:00,2026-07-07T18:02:51.596465,3,2,140.3,0.2,140.2,110,140.1,12,139.9,100,,,,,,,,,,,,,,,140.4,68,140.7,150,,,,,,,,,,,,,,,,
2026-07-07T18:02:51.870849+00:00,2026-07-07T18:02:51.870729,3,2,140.3,0.2,140.2,60,140.1,12,139.9,100,,,,,,,,,,,,,,,140.4,68,140.7,150,,,,,,,,,,,,,,,,
2026-07-07T18:02:51.949773+00:00,2026-07-07T18:02:51.949857,2,2,140.3,0.2,140.2,60,139.9,100,,,,,,,,,,,,,,,,,140.4,68,140.7,150,,,,,,,,,,,,,,,,
2026-07-07T18:02:51.954943+00:00,2026-07-07T18:02:51.955072,2,3,140.3,0.2,140.2,72,139.9,100,,,,,,,,,,,,,,,,,140.4,68,140.5,12,140.7,150,,,,,,,,,,,,,,
2026-07-07T18:02:52.653629+00:00,2026-07-07T18:02:52.653589,2,3,140.3,0.2,140.2,72,139.9,100,,,,,,,,,,,,,,,,,140.4,20,140.5,12,140.7,150,,,,,,,,,,,,,,
2026-07-07T18:02:52.715218+00:00,2026-07-07T18:02:52.715345,2,2,140.3,0.2,140.2,60,139.9,100,,,,,,,,,,,,,,,,,140.4,20,140.7,150,,,,,,,,,,,,,,,,
2026-07-07T18:02:52.720625+00:00,2026-07-07T18:02:52.720547,3,3,140.35,0.1,140.3,12,140.2,60,139.9,100,,,,,,,,,,,,,,,140.4,20,140.6,12,140.7,150,,,,,,,,,,,,,,
2026-07-07T18:02:53.264468+00:00,2026-07-07T18:02:53.264315,2,3,140.3,0.2,140.2,24,139.9,100,,,,,,,,,,,,,,,,,140.4,20,140.6,12,140.7,150,,,,,,,,,,,,,,
2026-07-07T18:02:53.477751+00:00,2026-07-07T18:02:53.477718,3,2,140.35,0.1,140.3,12,140.2,24,139.9,100,,,,,,,,,,,,,,,140.4,20,140.7,150,,,,,,,,,,,,,,,,
2026-07-07T18:02:53.483083+00:00,2026-07-07T18:02:53.482916,3,2,140.35,0.1,140.3,12,140.2,24,139.9,100,,,,,,,,,,,,,,,140.4,20,140.7,162,,,,,,,,,,,,,,,,
2026-07-07T18:02:53.979234+00:00,2026-07-07T18:02:53.979158,1,2,140.15,0.5,139.9,86,,,,,,,,,,,,,,,,,,,140.4,20,140.7,162,,,,,,,,,,,,,,,,
2026-07-07T18:02:53.992403+00:00,2026-07-07T18:02:53.992505,1,2,140.15,0.5,139.9,86,,,,,,,,,,,,,,,,,,,140.4,20,140.7,150,,,,,,,,,,,,,,,,
2026-07-07T18:02:53.997928+00:00,2026-07-07T18:02:53.997766,2,2,140.2,0.4,140.0,12,139.9,86,,,,,,,,,,,,,,,,,140.4,20,140.7,162,,,,,,,,,,,,,,,,
2026-07-07T18:02:54.003133+00:00,2026-07-07T18:02:54.002939,2,2,140.2,0.4,140.0,12,139.9,86,,,,,,,,,,,,,,,,,140.4,20,140.7,12,,,,,,,,,,,,,,,,
2026-07-07T18:02:54.058641+00:00,2026-07-07T18:02:54.055926,2,2,140.2,0.4,140.0,12,139.9,236,,,,,,,,,,,,,,,,,140.4,20,140.7,12,,,,,,,,,,,,,,,,
2026-07-07T18:02:54.085319+00:00,2026-07-07T18:02:54.085257,2,1,140.35,0.7,140.0,12,139.9,150,,,,,,,,,,,,,,,,,140.7,12,,,,,,,,,,,,,,,,,,
2026-07-07T18:02:54.109565+00:00,2026-07-07T18:02:54.109416,2,2,140.2,0.4,140.0,12,139.9,150,,,,,,,,,,,,,,,,,140.4,150,140.7,12,,,,,,,,,,,,,,,,
2026-07-07T18:02:54.137052+00:00,2026-07-07T18:02:54.137015,2,2,140.2,0.4,140.0,12,139.9,150,,,,,,,,,,,,,,,,,140.4,50,140.7,12,,,,,,,,,,,,,,,,
2026-07-07T18:02:54.194405+00:00,2026-07-07T18:02:54.194286,2,3,140.2,0.4,140.0,12,139.9,150,,,,,,,,,,,,,,,,,140.4,50,140.7,12,140.9,100,,,,,,,,,,,,,,
2026-07-07T18:02:55.425122+00:00,2026-07-07T18:02:55.425312,2,3,140.2,0.4,140.0,12,139.9,150,,,,,,,,,,,,,,,,,140.4,6,140.7,12,140.9,100,,,,,,,,,,,,,,
2026-07-07T18:02:56.116027+00:00,2026-07-07T18:02:56.115984,1,3,140.15,0.5,139.9,112,,,,,,,,,,,,,,,,,,,140.4,6,140.7,12,140.9,100,,,,,,,,,,,,,,
2026-07-07T18:02:57.164028+00:00,2026-07-07T18:02:57.163947,0,2,,,,,,,,,,,,,,,,,,,,,,,140.7,12,140.9,100,,,,,,,,,,,,,,,,
2026-07-07T18:02:57.216814+00:00,2026-07-07T18:02:57.216758,1,2,140.45,0.5,140.2,150,,,,,,,,,,,,,,,,,,,140.7,12,140.9,100,,,,,,,,,,,,,,,,
2026-07-07T18:02:57.274198+00:00,2026-07-07T18:02:57.274105,1,1,140.45,0.5,140.2,150,,,,,,,,,,,,,,,,,,,140.7,12,,,,,,,,,,,,,,,,,,
2026-07-07T18:02:57.279374+00:00,2026-07-07T18:02:57.279333,1,1,140.45,0.5,140.2,150,,,,,,,,,,,,,,,,,,,140.7,150,,,,,,,,,,,,,,,,,,
2026-07-07T18:02:57.284583+00:00,2026-07-07T18:02:57.284519,2,1,140.5,0.4,140.3,12,140.2,150,,,,,,,,,,,,,,,,,140.7,162,,,,,,,,,,,,,,,,,,
2026-07-07T18:02:57.332838+00:00,2026-07-07T18:02:57.332772,3,1,140.5,0.4,140.3,12,140.2,150,139.9,100,,,,,,,,,,,,,,,140.7,162,,,,,,,,,,,,,,,,,,
2026-07-07T18:02:57.387902+00:00,2026-07-07T18:02:57.387858,3,2,140.35,0.1,140.3,12,140.2,150,139.9,100,,,,,,,,,,,,,,,140.4,100,140.7,162,,,,,,,,,,,,,,,,
2026-07-07T18:02:57.792905+00:00,2026-07-07T18:02:57.793071,2,2,140.3,0.2,140.2,150,139.9,100,,,,,,,,,,,,,,,,,140.4,100,140.7,150,,,,,,,,,,,,,,,,
2026-07-07T18:02:57.798335+00:00,2026-07-07T18:02:57.798306,3,2,140.35,0.1,140.3,12,140.2,150,139.9,100,,,,,,,,,,,,,,,140.4,100,140.7,150,,,,,,,,,,,,,,,,
2026-07-07T18:02:57.803522+00:00,2026-07-07T18:02:57.803451,3,3,140.35,0.1,140.3,12,140.2,150,139.9,100,,,,,,,,,,,,,,,140.4,100,140.6,12,140.7,150,,,,,,,,,,,,,,
2026-07-07T18:02:57.979348+00:00,2026-07-07T18:02:57.979217,3,3,140.35,0.1,140.3,12,140.2,150,139.9,100,,,,,,,,,,,,,,,140.4,52,140.6,12,140.7,150,,,,,,,,,,,,,,
2026-07-07T18:02:58.176934+00:00,2026-07-07T18:02:58.176896,3,3,140.35,0.1,140.3,12,140.2,150,139.9,100,,,,,,,,,,,,,,,140.4,2,140.6,12,140.7,150,,,,,,,,,,,,,,
2026-07-07T18:02:58.306828+00:00,2026-07-07T18:02:58.306955,2,3,140.3,0.2,140.2,150,139.9,100,,,,,,,,,,,,,,,,,140.4,2,140.6,12,140.7,150,,,,,,,,,,,,,,
2026-07-07T18:02:58.312151+00:00,2026-07-07T18:02:58.312101,2,2,140.3,0.2,140.2,150,139.9,100,,,,,,,,,,,,,,,,,140.4,2,140.7,150,,,,,,,,,,,,,,,,
2026-07-07T18:02:58.317368+00:00,2026-07-07T18:02:58.317316,3,1,140.55,0.3,140.4,10,140.2,150,139.9,100,,,,,,,,,,,,,,,140.7,162,,,,,,,,,,,,,,,,,,
2026-07-07T18:03:00.280035+00:00,2026-07-07T18:03:00.279865,3,1,140.55,0.3,140.4,10,140.2,150,139.9,100,,,,,,,,,,,,,,,140.7,112,,,,,,,,,,,,,,,,,,
2026-07-07T18:03:00.333580+00:00,2026-07-07T18:03:00.333425,2,1,140.55,0.3,140.4,10,139.9,100,,,,,,,,,,,,,,,,,140.7,12,,,,,,,,,,,,,,,,,,
2026-07-07T18:03:00.382623+00:00,2026-07-07T18:03:00.382531,3,1,140.65,0.1,140.6,150,140.4,10,139.9,100,,,,,,,,,,,,,,,140.7,12,,,,,,,,,,,,,,,,,,
2026-07-07T18:03:00.438298+00:00,2026-07-07T18:03:00.438373,3,2,140.65,0.1,140.6,150,140.4,10,139.9,100,,,,,,,,,,,,,,,140.7,12,141.1,150,,,,,,,,,,,,,,,,
2026-07-07T18:03:00.443605+00:00,2026-07-07T18:03:00.443553,2,2,140.65,0.1,140.6,150,140.4,10,,,,,,,,,,,,,,,,,140.7,12,141.1,150,,,,,,,,,,,,,,,,
2026-07-07T18:03:00.494203+00:00,2026-07-07T18:03:00.494134,2,2,140.65,0.1,140.6,150,140.4,110,,,,,,,,,,,,,,,,,140.7,12,141.1,150,,,,,,,,,,,,,,,,
2026-07-07T18:03:00.549300+00:00,2026-07-07T18:03:00.549277,2,3,140.65,0.1,140.6,150,140.4,110,,,,,,,,,,,,,,,,,140.7,12,140.9,100,141.1,150,,,,,,,,,,,,,,
2026-07-07T18:03:00.579680+00:00,2026-07-07T18:03:00.579576,2,2,140.75,0.3,140.6,150,140.4,100,,,,,,,,,,,,,,,,,140.9,100,141.1,150,,,,,,,,,,,,,,,,
2026-07-07T18:03:00.584830+00:00,2026-07-07T18:03:00.584757,3,3,140.7,0.2,140.6,150,140.5,12,140.4,100,,,,,,,,,,,,,,,140.8,12,140.9,100,141.1,150,,,,,,,,,,,,,,
2026-07-07T18:03:02.331709+00:00,2026-07-07T18:03:02.331666,3,3,140.7,0.2,140.6,103,140.5,12,140.4,100,,,,,,,,,,,,,,,140.8,12,140.9,100,141.1,150,,,,,,,,,,,,,,
2026-07-07T18:03:02.392426+00:00,2026-07-07T18:03:02.392271,3,2,140.75,0.3,140.6,103,140.5,12,140.4,100,,,,,,,,,,,,,,,140.9,100,141.1,150,,,,,,,,,,,,,,,,
2026-07-07T18:03:03.358559+00:00,2026-07-07T18:03:03.356027,2,2,140.75,0.3,140.6,115,140.4,100,,,,,,,,,,,,,,,,,140.9,112,141.1,150,,,,,,,,,,,,,,,,
2026-07-07T18:03:03.493671+00:00,2026-07-07T18:03:03.493619,2,1,140.75,0.3,140.6,12,140.4,100,,,,,,,,,,,,,,,,,140.9,112,,,,,,,,,,,,,,,,,,
2026-07-07T18:03:03.548493+00:00,2026-07-07T18:03:03.548607,2,1,140.75,0.3,140.6,162,140.4,100,,,,,,,,,,,,,,,,,140.9,112,,,,,,,,,,,,,,,,,,
2026-07-07T18:03:03.603133+00:00,2026-07-07T18:03:03.603104,2,2,140.75,0.3,140.6,162,140.4,100,,,,,,,,,,,,,,,,,140.9,12,141.1,150,,,,,,,,,,,,,,,,
2026-07-07T18:03:03.608370+00:00,2026-07-07T18:03:03.608259,1,2,140.75,0.3,140.6,162,,,,,,,,,,,,,,,,,,,140.9,12,141.1,150,,,,,,,,,,,,,,,,
2026-07-07T18:03:03.663871+00:00,2026-07-07T18:03:03.663753,1,2,140.75,0.3,140.6,262,,,,,,,,,,,,,,,,,,,140.9,12,141.1,150,,,,,,,,,,,,,,,,
2026-07-07T18:03:03.715136+00:00,2026-07-07T18:03:03.715007,1,2,140.75,0.3,140.6,262,,,,,,,,,,,,,,,,,,,140.9,12,141.1,250,,,,,,,,,,,,,,,,
2026-07-07T18:03:04.500662+00:00,2026-07-07T18:03:04.500581,1,1,140.85,0.5,140.6,262,,,,,,,,,,,,,,,,,,,141.1,212,,,,,,,,,,,,,,,,,,
2026-07-07T18:03:05.874294+00:00,2026-07-07T18:03:05.874438,1,1,140.85,0.5,140.6,250,,,,,,,,,,,,,,,,,,,141.1,212,,,,,,,,,,,,,,,,,,
2026-07-07T18:03:05.879769+00:00,2026-07-07T18:03:05.879632,2,1,140.9,0.4,140.7,12,140.6,250,,,,,,,,,,,,,,,,,141.1,224,,,,,,,,,,,,,,,,,,
2026-07-07T18:03:06.611038+00:00,2026-07-07T18:03:06.610961,2,1,140.9,0.4,140.7,12,140.6,250,,,,,,,,,,,,,,,,,141.1,174,,,,,,,,,,,,,,,,,,
2026-07-07T18:03:06.657329+00:00,2026-07-07T18:03:06.657488,2,1,140.9,0.4,140.7,12,140.6,100,,,,,,,,,,,,,,,,,141.1,112,,,,,,,,,,,,,,,,,,
2026-07-07T18:03:06.718110+00:00,2026-07-07T18:03:06.711704,3,1,141.0,0.2,140.9,139,140.7,12,140.6,100,,,,,,,,,,,,,,,141.1,112,,,,,,,,,,,,,,,,,,
