recv_time,book_timestamp,n_bids,n_asks,mid,spread,bid_px_0,bid_vol_0,bid_px_1,bid_vol_1,bid_px_2,bid_vol_2,bid_px_3,bid_vol_3,bid_px_4,bid_vol_4,bid_px_5,bid_vol_5,bid_px_6,bid_vol_6,bid_px_7,bid_vol_7,bid_px_8,bid_vol_8,bid_px_9,bid_vol_9,ask_px_0,ask_vol_0,ask_px_1,ask_vol_1,ask_px_2,ask_vol_2,ask_px_3,ask_vol_3,ask_px_4,ask_vol_4,ask_px_5,ask_vol_5,ask_px_6,ask_vol_6,ask_px_7,ask_vol_7,ask_px_8,ask_vol_8,ask_px_9,ask_vol_9
2026-06-30T21:00:00.056382+00:00,2026-07-01T07:00:00.047382,2,1,70.4,0.4,70.2,109,70.1,100,,,,,,,,,,,,,,,,,70.6,50,,,,,,,,,,,,,,,,,,
2026-06-30T21:00:00.077899+00:00,2026-07-01T07:00:00.069898,1,1,70.35,0.5,70.1,100,,,,,,,,,,,,,,,,,,,70.6,50,,,,,,,,,,,,,,,,,,
2026-06-30T21:00:00.131913+00:00,2026-07-01T07:00:00.123913,1,1,70.35,0.5,70.1,250,,,,,,,,,,,,,,,,,,,70.6,50,,,,,,,,,,,,,,,,,,
2026-06-30T21:00:00.186913+00:00,2026-07-01T07:00:00.175913,1,1,70.35,0.5,70.1,250,,,,,,,,,,,,,,,,,,,70.6,200,,,,,,,,,,,,,,,,,,
2026-06-30T21:00:00.481995+00:00,2026-07-01T07:00:00.478995,1,1,70.35,0.5,70.1,250,,,,,,,,,,,,,,,,,,,70.6,157,,,,,,,,,,,,,,,,,,
2026-06-30T21:00:00.995558+00:00,2026-07-01T07:00:00.991559,1,1,70.35,0.5,70.1,150,,,,,,,,,,,,,,,,,,,70.6,150,,,,,,,,,,,,,,,,,,
2026-06-30T21:00:01.028076+00:00,2026-07-01T07:00:01.027076,1,1,70.35,0.5,70.1,100,,,,,,,,,,,,,,,,,,,70.6,150,,,,,,,,,,,,,,,,,,
2026-06-30T21:00:01.050076+00:00,2026-07-01T07:00:01.045076,2,1,70.55,0.1,70.5,100,70.1,100,,,,,,,,,,,,,,,,,70.6,150,,,,,,,,,,,,,,,,,,
2026-06-30T21:00:01.082111+00:00,2026-07-01T07:00:01.080110,2,1,70.55,0.1,70.5,100,70.1,100,,,,,,,,,,,,,,,,,70.6,160,,,,,,,,,,,,,,,,,,
2026-06-30T21:00:01.104109+00:00,2026-07-01T07:00:01.097110,2,2,70.55,0.1,70.5,100,70.1,100,,,,,,,,,,,,,,,,,70.6,160,71.0,100,,,,,,,,,,,,,,,,
2026-06-30T21:00:01.590585+00:00,2026-07-01T07:00:01.588526,2,2,70.55,0.1,70.5,100,70.1,100,,,,,,,,,,,,,,,,,70.6,160,71.0,100,,,,,,,,,,,,,,,,
2026-06-30T21:00:02.037956+00:00,2026-07-01T07:00:02.026956,2,2,70.55,0.1,70.5,58,70.1,100,,,,,,,,,,,,,,,,,70.6,160,71.0,100,,,,,,,,,,,,,,,,
2026-06-30T21:00:02.103644+00:00,2026-07-01T07:00:02.096643,2,2,70.55,0.1,70.5,58,70.1,100,,,,,,,,,,,,,,,,,70.6,160,71.0,100,,,,,,,,,,,,,,,,
2026-06-30T21:00:02.604440+00:00,2026-07-01T07:00:02.600926,2,2,70.55,0.1,70.5,58,70.1,100,,,,,,,,,,,,,,,,,70.6,150,71.0,100,,,,,,,,,,,,,,,,
2026-06-30T21:00:02.614957+00:00,2026-07-01T07:00:02.605440,2,2,70.55,0.1,70.5,58,70.1,100,,,,,,,,,,,,,,,,,70.6,160,71.0,100,,,,,,,,,,,,,,,,
2026-06-30T21:00:03.111373+00:00,2026-07-01T07:00:03.109851,2,2,70.55,0.1,70.5,58,70.1,100,,,,,,,,,,,,,,,,,70.6,150,71.0,100,,,,,,,,,,,,,,,,
2026-06-30T21:00:03.122369+00:00,2026-07-01T07:00:03.113369,2,2,70.55,0.1,70.5,58,70.1,100,,,,,,,,,,,,,,,,,70.6,160,71.0,100,,,,,,,,,,,,,,,,
2026-06-30T21:00:03.230918+00:00,2026-07-01T07:00:03.230918,2,2,70.55,0.1,70.5,58,70.1,100,,,,,,,,,,,,,,,,,70.6,10,71.0,100,,,,,,,,,,,,,,,,
2026-06-30T21:00:03.241435+00:00,2026-07-01T07:00:03.236919,1,2,70.55,0.1,70.5,58,,,,,,,,,,,,,,,,,,,70.6,10,71.0,100,,,,,,,,,,,,,,,,
2026-06-30T21:00:03.296434+00:00,2026-07-01T07:00:03.285435,2,2,70.55,0.1,70.5,58,69.8,150,,,,,,,,,,,,,,,,,70.6,10,71.0,100,,,,,,,,,,,,,,,,
2026-06-30T21:00:03.350951+00:00,2026-07-01T07:00:03.341435,1,3,70.05,0.5,69.8,150,,,,,,,,,,,,,,,,,,,70.3,92,70.6,10,71.0,100,,,,,,,,,,,,,,
2026-06-30T21:00:03.624995+00:00,2026-07-01T07:00:03.616994,1,2,70.05,0.5,69.8,150,,,,,,,,,,,,,,,,,,,70.3,92,71.0,100,,,,,,,,,,,,,,,,
2026-06-30T21:00:04.126650+00:00,2026-07-01T07:00:04.123650,2,2,70.1,0.4,69.9,10,69.8,150,,,,,,,,,,,,,,,,,70.3,92,71.0,100,,,,,,,,,,,,,,,,
2026-06-30T21:00:04.158719+00:00,2026-07-01T07:00:04.149723,2,1,70.1,0.4,69.9,10,69.8,150,,,,,,,,,,,,,,,,,70.3,92,,,,,,,,,,,,,,,,,,
2026-06-30T21:00:04.212899+00:00,2026-07-01T07:00:04.202900,3,1,70.2,0.2,70.1,100,69.9,10,69.8,150,,,,,,,,,,,,,,,70.3,92,,,,,,,,,,,,,,,,,,
2026-06-30T21:00:04.267415+00:00,2026-07-01T07:00:04.259415,3,2,70.2,0.2,70.1,100,69.9,10,69.8,150,,,,,,,,,,,,,,,70.3,92,70.6,100,,,,,,,,,,,,,,,,
2026-06-30T21:00:04.629449+00:00,2026-07-01T07:00:04.627449,2,2,70.2,0.2,70.1,100,69.8,150,,,,,,,,,,,,,,,,,70.3,92,70.6,100,,,,,,,,,,,,,,,,
2026-06-30T21:00:04.640802+00:00,2026-07-01T07:00:04.631449,2,2,70.2,0.2,70.1,110,69.8,150,,,,,,,,,,,,,,,,,70.3,92,70.6,100,,,,,,,,,,,,,,,,
2026-06-30T21:00:05.138628+00:00,2026-07-01T07:00:05.135628,2,2,70.2,0.2,70.1,100,69.8,150,,,,,,,,,,,,,,,,,70.3,92,70.6,100,,,,,,,,,,,,,,,,
2026-06-30T21:00:05.149628+00:00,2026-07-01T07:00:05.139629,2,2,70.2,0.2,70.1,110,69.8,150,,,,,,,,,,,,,,,,,70.3,92,70.6,100,,,,,,,,,,,,,,,,
2026-06-30T21:00:05.648756+00:00,2026-07-01T07:00:05.643757,2,2,70.2,0.2,70.1,100,69.8,150,,,,,,,,,,,,,,,,,70.3,92,70.6,100,,,,,,,,,,,,,,,,
2026-06-30T21:00:06.401701+00:00,2026-07-01T07:00:06.397182,1,1,70.35,0.5,70.1,100,,,,,,,,,,,,,,,,,,,70.6,100,,,,,,,,,,,,,,,,,,
2026-06-30T21:00:06.445115+00:00,2026-07-01T07:00:06.440216,1,1,70.35,0.5,70.1,58,,,,,,,,,,,,,,,,,,,70.6,100,,,,,,,,,,,,,,,,,,
2026-06-30T21:00:06.488629+00:00,2026-07-01T07:00:06.479634,1,1,70.35,0.5,70.1,208,,,,,,,,,,,,,,,,,,,70.6,100,,,,,,,,,,,,,,,,,,
2026-06-30T21:00:06.532146+00:00,2026-07-01T07:00:06.527146,1,1,70.35,0.5,70.1,208,,,,,,,,,,,,,,,,,,,70.6,250,,,,,,,,,,,,,,,,,,
2026-06-30T21:00:06.933303+00:00,2026-07-01T07:00:06.932787,1,1,70.35,0.5,70.1,165,,,,,,,,,,,,,,,,,,,70.6,250,,,,,,,,,,,,,,,,,,
2026-06-30T21:00:07.298704+00:00,2026-07-01T07:00:07.289704,1,1,70.35,0.5,70.1,165,,,,,,,,,,,,,,,,,,,70.6,200,,,,,,,,,,,,,,,,,,
2026-06-30T21:00:07.309704+00:00,2026-07-01T07:00:07.308704,1,1,70.35,0.5,70.1,165,,,,,,,,,,,,,,,,,,,70.6,150,,,,,,,,,,,,,,,,,,
2026-06-30T21:00:07.320704+00:00,2026-07-01T07:00:07.310704,1,1,70.35,0.5,70.1,150,,,,,,,,,,,,,,,,,,,70.6,150,,,,,,,,,,,,,,,,,,
2026-06-30T21:00:07.385736+00:00,2026-07-01T07:00:07.374737,2,1,70.35,0.5,70.1,150,69.8,100,,,,,,,,,,,,,,,,,70.6,150,,,,,,,,,,,,,,,,,,
2026-06-30T21:00:07.429763+00:00,2026-07-01T07:00:07.426763,2,2,70.2,0.2,70.1,150,69.8,100,,,,,,,,,,,,,,,,,70.3,100,70.6,150,,,,,,,,,,,,,,,,
2026-06-30T21:00:08.642342+00:00,2026-07-01T07:00:08.638342,2,2,70.2,0.2,70.1,150,69.8,100,,,,,,,,,,,,,,,,,70.3,56,70.6,150,,,,,,,,,,,,,,,,
2026-06-30T21:00:09.199069+00:00,2026-07-01T07:00:09.191069,2,2,70.2,0.2,70.1,150,69.8,100,,,,,,,,,,,,,,,,,70.3,66,70.6,150,,,,,,,,,,,,,,,,
2026-06-30T21:00:09.582297+00:00,2026-07-01T07:00:09.580299,2,1,70.2,0.2,70.1,150,69.8,100,,,,,,,,,,,,,,,,,70.3,66,,,,,,,,,,,,,,,,,,
2026-06-30T21:00:09.593297+00:00,2026-07-01T07:00:09.582297,1,1,70.05,0.5,69.8,100,,,,,,,,,,,,,,,,,,,70.3,66,,,,,,,,,,,,,,,,,,
2026-06-30T21:00:09.636814+00:00,2026-07-01T07:00:09.633813,2,1,70.1,0.4,69.9,150,69.8,100,,,,,,,,,,,,,,,,,70.3,66,,,,,,,,,,,,,,,,,,
2026-06-30T21:00:09.690199+00:00,2026-07-01T07:00:09.686199,2,2,70.1,0.4,69.9,150,69.8,100,,,,,,,,,,,,,,,,,70.3,66,70.4,150,,,,,,,,,,,,,,,,
2026-06-30T21:00:09.701216+00:00,2026-07-01T07:00:09.695199,2,2,70.1,0.4,69.9,150,69.8,100,,,,,,,,,,,,,,,,,70.3,56,70.4,150,,,,,,,,,,,,,,,,
2026-06-30T21:00:10.478764+00:00,2026-07-01T07:00:10.471766,1,1,70.15,0.5,69.9,150,,,,,,,,,,,,,,,,,,,70.4,150,,,,,,,,,,,,,,,,,,
2026-06-30T21:00:10.542862+00:00,2026-07-01T07:00:10.533862,1,1,70.15,0.5,69.9,250,,,,,,,,,,,,,,,,,,,70.4,150,,,,,,,,,,,,,,,,,,
2026-06-30T21:00:10.586863+00:00,2026-07-01T07:00:10.582863,1,1,70.15,0.5,69.9,250,,,,,,,,,,,,,,,,,,,70.4,250,,,,,,,,,,,,,,,,,,
2026-06-30T21:00:11.503604+00:00,2026-07-01T07:00:11.500603,1,1,70.15,0.5,69.9,250,,,,,,,,,,,,,,,,,,,70.4,200,,,,,,,,,,,,,,,,,,
2026-06-30T21:00:12.751657+00:00,2026-07-01T07:00:12.741847,1,1,70.15,0.5,69.9,100,,,,,,,,,,,,,,,,,,,70.4,100,,,,,,,,,,,,,,,,,,
2026-06-30T21:00:12.805488+00:00,2026-07-01T07:00:12.794487,2,1,70.3,0.2,70.2,150,69.9,100,,,,,,,,,,,,,,,,,70.4,100,,,,,,,,,,,,,,,,,,
2026-06-30T21:00:12.849488+00:00,2026-07-01T07:00:12.848488,2,2,70.3,0.2,70.2,150,69.9,100,,,,,,,,,,,,,,,,,70.4,100,70.7,150,,,,,,,,,,,,,,,,
2026-06-30T21:00:13.234027+00:00,2026-07-01T07:00:13.233027,2,2,70.3,0.2,70.2,160,69.9,100,,,,,,,,,,,,,,,,,70.4,100,70.7,150,,,,,,,,,,,,,,,,
2026-06-30T21:00:13.639915+00:00,2026-07-01T07:00:13.638915,1,1,70.45,0.5,70.2,160,,,,,,,,,,,,,,,,,,,70.7,150,,,,,,,,,,,,,,,,,,
2026-06-30T21:00:13.694431+00:00,2026-07-01T07:00:13.691431,2,1,70.5,0.4,70.3,100,70.2,160,,,,,,,,,,,,,,,,,70.7,150,,,,,,,,,,,,,,,,,,
2026-06-30T21:00:13.749431+00:00,2026-07-01T07:00:13.744431,2,2,70.5,0.4,70.3,100,70.2,150,,,,,,,,,,,,,,,,,70.7,150,70.8,100,,,,,,,,,,,,,,,,
2026-06-30T21:00:14.352103+00:00,2026-07-01T07:00:14.347586,2,2,70.5,0.4,70.3,100,70.2,150,,,,,,,,,,,,,,,,,70.7,101,70.8,100,,,,,,,,,,,,,,,,
2026-06-30T21:00:15.254398+00:00,2026-07-01T07:00:15.253398,2,3,70.45,0.3,70.3,100,70.2,150,,,,,,,,,,,,,,,,,70.6,10,70.7,101,70.8,100,,,,,,,,,,,,,,
2026-06-30T21:00:15.770694+00:00,2026-07-01T07:00:15.768693,2,2,70.5,0.4,70.3,100,70.2,150,,,,,,,,,,,,,,,,,70.7,101,70.8,100,,,,,,,,,,,,,,,,
2026-06-30T21:00:15.781694+00:00,2026-07-01T07:00:15.770694,2,3,70.45,0.3,70.3,100,70.2,150,,,,,,,,,,,,,,,,,70.6,10,70.7,101,70.8,100,,,,,,,,,,,,,,
2026-06-30T21:00:15.912266+00:00,2026-07-01T07:00:15.903750,1,2,70.45,0.3,70.3,100,,,,,,,,,,,,,,,,,,,70.6,10,70.8,100,,,,,,,,,,,,,,,,
2026-06-30T21:00:15.967266+00:00,2026-07-01T07:00:15.959266,2,2,70.55,0.1,70.5,150,70.3,100,,,,,,,,,,,,,,,,,70.6,10,70.8,100,,,,,,,,,,,,,,,,
2026-06-30T21:00:16.010795+00:00,2026-07-01T07:00:16.008794,2,3,70.55,0.1,70.5,150,70.3,100,,,,,,,,,,,,,,,,,70.6,10,70.8,100,71.0,150,,,,,,,,,,,,,,
2026-06-30T21:00:16.284403+00:00,2026-07-01T07:00:16.277403,2,2,70.65,0.3,70.5,150,70.3,100,,,,,,,,,,,,,,,,,70.8,110,71.0,150,,,,,,,,,,,,,,,,
2026-06-30T21:00:16.425469+00:00,2026-07-01T07:00:16.421469,2,2,70.65,0.3,70.5,110,70.3,100,,,,,,,,,,,,,,,,,70.8,110,71.0,150,,,,,,,,,,,,,,,,
2026-06-30T21:00:16.803782+00:00,2026-07-01T07:00:16.802497,1,2,70.65,0.3,70.5,110,,,,,,,,,,,,,,,,,,,70.8,10,71.0,150,,,,,,,,,,,,,,,,
2026-06-30T21:00:16.858666+00:00,2026-07-01T07:00:16.854667,2,2,70.65,0.3,70.5,110,70.1,100,,,,,,,,,,,,,,,,,70.8,10,71.0,150,,,,,,,,,,,,,,,,
2026-06-30T21:00:16.913666+00:00,2026-07-01T07:00:16.907667,2,3,70.55,0.1,70.5,110,70.1,100,,,,,,,,,,,,,,,,,70.6,100,70.8,10,71.0,150,,,,,,,,,,,,,,
2026-06-30T21:00:17.308961+00:00,2026-07-01T07:00:17.304961,2,2,70.55,0.1,70.5,110,70.1,100,,,,,,,,,,,,,,,,,70.6,110,71.0,150,,,,,,,,,,,,,,,,
2026-06-30T21:00:17.461294+00:00,2026-07-01T07:00:17.450776,1,2,70.35,0.5,70.1,100,,,,,,,,,,,,,,,,,,,70.6,110,71.0,150,,,,,,,,,,,,,,,,
2026-06-30T21:00:17.818012+00:00,2026-07-01T07:00:17.810011,1,2,70.35,0.5,70.1,100,,,,,,,,,,,,,,,,,,,70.6,100,71.0,150,,,,,,,,,,,,,,,,
2026-06-30T21:00:17.884039+00:00,2026-07-01T07:00:17.874039,1,2,70.35,0.5,70.1,50,,,,,,,,,,,,,,,,,,,70.6,100,71.0,150,,,,,,,,,,,,,,,,
2026-06-30T21:00:19.008421+00:00,2026-07-01T07:00:18.999422,1,2,70.35,0.5,70.1,50,,,,,,,,,,,,,,,,,,,70.6,52,71.0,150,,,,,,,,,,,,,,,,
2026-06-30T21:00:19.073422+00:00,2026-07-01T07:00:19.062423,1,1,70.35,0.5,70.1,50,,,,,,,,,,,,,,,,,,,70.6,52,,,,,,,,,,,,,,,,,,
2026-06-30T21:00:19.128421+00:00,2026-07-01T07:00:19.119421,2,1,70.35,0.5,70.1,50,69.8,150,,,,,,,,,,,,,,,,,70.6,52,,,,,,,,,,,,,,,,,,
2026-06-30T21:00:19.172420+00:00,2026-07-01T07:00:19.168420,2,2,70.2,0.2,70.1,50,69.8,150,,,,,,,,,,,,,,,,,70.3,150,70.6,52,,,,,,,,,,,,,,,,
2026-06-30T21:00:19.707959+00:00,2026-07-01T07:00:19.698960,2,2,70.2,0.2,70.1,9,69.8,150,,,,,,,,,,,,,,,,,70.3,150,70.6,52,,,,,,,,,,,,,,,,
2026-06-30T21:00:19.969863+00:00,2026-07-01T07:00:19.966864,1,1,70.05,0.5,69.8,150,,,,,,,,,,,,,,,,,,,70.3,150,,,,,,,,,,,,,,,,,,
2026-06-30T21:00:19.991340+00:00,2026-07-01T07:00:19.980340,1,1,70.05,0.5,69.8,100,,,,,,,,,,,,,,,,,,,70.3,150,,,,,,,,,,,,,,,,,,
2026-06-30T21:00:20.023373+00:00,2026-07-01T07:00:20.018855,2,1,70.1,0.4,69.9,100,69.8,100,,,,,,,,,,,,,,,,,70.3,150,,,,,,,,,,,,,,,,,,
2026-06-30T21:00:20.078373+00:00,2026-07-01T07:00:20.072372,2,2,70.1,0.4,69.9,100,69.8,100,,,,,,,,,,,,,,,,,70.3,150,70.4,100,,,,,,,,,,,,,,,,
2026-06-30T21:00:22.257306+00:00,2026-07-01T07:00:22.248306,1,1,70.15,0.5,69.9,100,,,,,,,,,,,,,,,,,,,70.4,100,,,,,,,,,,,,,,,,,,
2026-06-30T21:00:22.311865+00:00,2026-07-01T07:00:22.301870,2,1,70.15,0.5,69.9,100,69.7,150,,,,,,,,,,,,,,,,,70.4,100,,,,,,,,,,,,,,,,,,
2026-06-30T21:00:22.356334+00:00,2026-07-01T07:00:22.353334,2,2,70.05,0.3,69.9,100,69.7,150,,,,,,,,,,,,,,,,,70.2,150,70.4,100,,,,,,,,,,,,,,,,
2026-06-30T21:00:22.367334+00:00,2026-07-01T07:00:22.362334,2,2,70.05,0.3,69.9,100,69.7,150,,,,,,,,,,,,,,,,,70.2,40,70.4,100,,,,,,,,,,,,,,,,
2026-06-30T21:00:22.779547+00:00,2026-07-01T07:00:22.769546,2,1,70.15,0.5,69.9,100,69.7,150,,,,,,,,,,,,,,,,,70.4,99,,,,,,,,,,,,,,,,,,
2026-06-30T21:00:23.128876+00:00,2026-07-01T07:00:23.126876,2,0,,,69.9,100,69.7,150,,,,,,,,,,,,,,,,,,,,,,,,,,,,,,,,,,,,
2026-06-30T21:00:23.139876+00:00,2026-07-01T07:00:23.130876,1,0,,,69.7,150,,,,,,,,,,,,,,,,,,,,,,,,,,,,,,,,,,,,,,
2026-06-30T21:00:23.183757+00:00,2026-07-01T07:00:23.182757,2,0,,,70.0,100,69.7,150,,,,,,,,,,,,,,,,,,,,,,,,,,,,,,,,,,,,
2026-06-30T21:00:23.249608+00:00,2026-07-01T07:00:23.243608,2,1,70.25,0.5,70.0,100,69.7,150,,,,,,,,,,,,,,,,,70.5,100,,,,,,,,,,,,,,,,,,
2026-06-30T21:00:23.404052+00:00,2026-07-01T07:00:23.401052,2,1,70.25,0.5,70.0,60,69.7,150,,,,,,,,,,,,,,,,,70.5,100,,,,,,,,,,,,,,,,,,
2026-06-30T21:00:24.214396+00:00,2026-07-01T07:00:24.204396,2,1,70.25,0.5,70.0,10,69.7,150,,,,,,,,,,,,,,,,,70.5,100,,,,,,,,,,,,,,,,,,
2026-06-30T21:00:25.418024+00:00,2026-07-01T07:00:25.408024,1,1,70.25,0.5,70.0,10,,,,,,,,,,,,,,,,,,,70.5,100,,,,,,,,,,,,,,,,,,
2026-06-30T21:00:25.472576+00:00,2026-07-01T07:00:25.463024,2,0,,,70.5,50,70.0,10,,,,,,,,,,,,,,,,,,,,,,,,,,,,,,,,,,,,
2026-06-30T21:00:25.516550+00:00,2026-07-01T07:00:25.515549,2,1,70.75,0.5,70.5,50,70.0,10,,,,,,,,,,,,,,,,,71.0,150,,,,,,,,,,,,,,,,,,
2026-06-30T21:00:25.878601+00:00,2026-07-01T07:00:25.868601,2,2,70.7,0.4,70.5,50,70.0,10,,,,,,,,,,,,,,,,,70.9,10,71.0,150,,,,,,,,,,,,,,,,
2026-06-30T21:00:26.305279+00:00,2026-07-01T07:00:26.294283,1,2,70.7,0.4,70.5,50,,,,,,,,,,,,,,,,,,,70.9,10,71.0,150,,,,,,,,,,,,,,,,
2026-06-30T21:00:26.349278+00:00,2026-07-01T07:00:26.347279,2,2,70.7,0.4,70.5,50,70.2,100,,,,,,,,,,,,,,,,,70.9,10,71.0,150,,,,,,,,,,,,,,,,
2026-06-30T21:00:26.381857+00:00,2026-07-01T07:00:26.377856,2,2,70.7,0.4,70.5,50,70.2,100,,,,,,,,,,,,,,,,,70.9,10,71.0,150,,,,,,,,,,,,,,,,
2026-06-30T21:00:26.403503+00:00,2026-07-01T07:00:26.400868,2,3,70.6,0.2,70.5,50,70.2,100,,,,,,,,,,,,,,,,,70.7,100,70.9,10,71.0,150,,,,,,,,,,,,,,
2026-06-30T21:00:26.884901+00:00,2026-07-01T07:00:26.882901,2,2,70.6,0.2,70.5,50,70.2,100,,,,,,,,,,,,,,,,,70.7,100,71.0,150,,,,,,,,,,,,,,,,
2026-06-30T21:00:26.895900+00:00,2026-07-01T07:00:26.885900,2,2,70.6,0.2,70.5,50,70.2,100,,,,,,,,,,,,,,,,,70.7,110,71.0,150,,,,,,,,,,,,,,,,
2026-06-30T21:00:27.398990+00:00,2026-07-01T07:00:27.392990,2,2,70.6,0.2,70.5,50,70.2,100,,,,,,,,,,,,,,,,,70.7,110,71.0,150,,,,,,,,,,,,,,,,
2026-06-30T21:00:27.901392+00:00,2026-07-01T07:00:27.900392,2,2,70.6,0.2,70.5,50,70.2,100,,,,,,,,,,,,,,,,,70.7,110,71.0,150,,,,,,,,,,,,,,,,
2026-06-30T21:00:28.076062+00:00,2026-07-01T07:00:28.072062,2,2,70.6,0.2,70.5,50,70.2,100,,,,,,,,,,,,,,,,,70.7,66,71.0,150,,,,,,,,,,,,,,,,
2026-06-30T21:00:28.131062+00:00,2026-07-01T07:00:28.125063,2,2,70.6,0.2,70.5,1,70.2,100,,,,,,,,,,,,,,,,,70.7,66,71.0,150,,,,,,,,,,,,,,,,
2026-06-30T21:00:28.360396+00:00,2026-07-01T07:00:28.353397,2,2,70.6,0.2,70.5,1,70.2,100,,,,,,,,,,,,,,,,,70.7,16,71.0,150,,,,,,,,,,,,,,,,
2026-06-30T21:00:28.414913+00:00,2026-07-01T07:00:28.408912,2,2,70.6,0.2,70.5,1,70.2,100,,,,,,,,,,,,,,,,,70.7,16,71.0,150,,,,,,,,,,,,,,,,
2026-06-30T21:00:28.578479+00:00,2026-07-01T07:00:28.572479,1,1,70.45,0.5,70.2,100,,,,,,,,,,,,,,,,,,,70.7,16,,,,,,,,,,,,,,,,,,
2026-06-30T21:00:28.633480+00:00,2026-07-01T07:00:28.624480,2,1,70.45,0.5,70.2,100,69.8,150,,,,,,,,,,,,,,,,,70.7,16,,,,,,,,,,,,,,,,,,
2026-06-30T21:00:28.687515+00:00,2026-07-01T07:00:28.677517,2,2,70.25,0.1,70.2,100,69.8,150,,,,,,,,,,,,,,,,,70.3,150,70.7,16,,,,,,,,,,,,,,,,
2026-06-30T21:00:28.916623+00:00,2026-07-01T07:00:28.914623,2,2,70.25,0.1,70.2,100,69.8,150,,,,,,,,,,,,,,,,,70.3,150,70.7,6,,,,,,,,,,,,,,,,
2026-06-30T21:00:28.927623+00:00,2026-07-01T07:00:28.916623,2,2,70.25,0.1,70.2,110,69.8,150,,,,,,,,,,,,,,,,,70.3,150,70.7,6,,,,,,,,,,,,,,,,
2026-06-30T21:00:29.429696+00:00,2026-07-01T07:00:29.423695,2,2,70.25,0.1,70.2,110,69.8,150,,,,,,,,,,,,,,,,,70.3,150,70.7,6,,,,,,,,,,,,,,,,
2026-06-30T21:00:29.462709+00:00,2026-07-01T07:00:29.457709,2,1,70.25,0.1,70.2,10,69.8,150,,,,,,,,,,,,,,,,,70.3,150,,,,,,,,,,,,,,,,,,
2026-06-30T21:00:29.518053+00:00,2026-07-01T07:00:29.513052,2,1,70.25,0.1,70.2,10,69.8,150,,,,,,,,,,,,,,,,,70.3,50,,,,,,,,,,,,,,,,,,
2026-06-30T21:00:29.572746+00:00,2026-07-01T07:00:29.564746,2,2,70.25,0.1,70.2,10,69.8,150,,,,,,,,,,,,,,,,,70.3,50,70.9,100,,,,,,,,,,,,,,,,
2026-06-30T21:00:29.799595+00:00,2026-07-01T07:00:29.788595,2,2,70.25,0.1,70.2,10,69.8,150,,,,,,,,,,,,,,,,,70.3,10,70.9,100,,,,,,,,,,,,,,,,
2026-06-30T21:00:29.931095+00:00,2026-07-01T07:00:29.928095,1,2,70.05,0.5,69.8,150,,,,,,,,,,,,,,,,,,,70.3,10,70.9,100,,,,,,,,,,,,,,,,
2026-06-30T21:00:29.941500+00:00,2026-07-01T07:00:29.931095,2,2,70.1,0.4,69.9,10,69.8,150,,,,,,,,,,,,,,,,,70.3,10,70.9,100,,,,,,,,,,,,,,,,
2026-06-30T21:00:30.444621+00:00,2026-07-01T07:00:30.438620,2,2,70.1,0.4,69.9,10,69.8,150,,,,,,,,,,,,,,,,,70.3,10,70.9,100,,,,,,,,,,,,,,,,
2026-06-30T21:00:30.466620+00:00,2026-07-01T07:00:30.463621,2,1,70.4,1.0,69.9,10,69.8,150,,,,,,,,,,,,,,,,,70.9,60,,,,,,,,,,,,,,,,,,
2026-06-30T21:00:30.946901+00:00,2026-07-01T07:00:30.942902,1,1,70.35,1.1,69.8,150,,,,,,,,,,,,,,,,,,,70.9,60,,,,,,,,,,,,,,,,,,
2026-06-30T21:00:31.734327+00:00,2026-07-01T07:00:31.732380,0,1,,,,,,,,,,,,,,,,,,,,,,,70.9,60,,,,,,,,,,,,,,,,,,
2026-06-30T21:00:31.789337+00:00,2026-07-01T07:00:31.784337,1,1,70.6,0.6,70.3,150,,,,,,,,,,,,,,,,,,,70.9,60,,,,,,,,,,,,,,,,,,
2026-06-30T21:00:31.844349+00:00,2026-07-01T07:00:31.837852,1,2,70.55,0.5,70.3,150,,,,,,,,,,,,,,,,,,,70.8,150,70.9,60,,,,,,,,,,,,,,,,
2026-06-30T21:00:31.965158+00:00,2026-07-01T07:00:31.957158,1,3,70.5,0.4,70.3,150,,,,,,,,,,,,,,,,,,,70.7,10,70.8,150,70.9,60,,,,,,,,,,,,,,
2026-06-30T21:00:32.469413+00:00,2026-07-01T07:00:32.463412,1,3,70.5,0.4,70.3,150,,,,,,,,,,,,,,,,,,,70.7,10,70.8,150,70.9,60,,,,,,,,,,,,,,
2026-06-30T21:00:32.578431+00:00,2026-07-01T07:00:32.573431,1,2,70.55,0.5,70.3,150,,,,,,,,,,,,,,,,,,,70.8,110,70.9,60,,,,,,,,,,,,,,,,
2026-06-30T21:00:32.632947+00:00,2026-07-01T07:00:32.621947,1,1,70.55,0.5,70.3,150,,,,,,,,,,,,,,,,,,,70.8,110,,,,,,,,,,,,,,,,,,
2026-06-30T21:00:32.676448+00:00,2026-07-01T07:00:32.675448,2,1,70.55,0.5,70.3,150,70.1,100,,,,,,,,,,,,,,,,,70.8,110,,,,,,,,,,,,,,,,,,
2026-06-30T21:00:32.731448+00:00,2026-07-01T07:00:32.728449,2,2,70.45,0.3,70.3,150,70.1,100,,,,,,,,,,,,,,,,,70.6,100,70.8,110,,,,,,,,,,,,,,,,
2026-06-30T21:00:34.488254+00:00,2026-07-01T07:00:34.483253,3,2,70.5,0.2,70.4,10,70.3,150,70.1,100,,,,,,,,,,,,,,,70.6,100,70.8,110,,,,,,,,,,,,,,,,
2026-06-30T21:00:34.736419+00:00,2026-07-01T07:00:34.729419,2,2,70.45,0.3,70.3,110,70.1,100,,,,,,,,,,,,,,,,,70.6,100,70.8,110,,,,,,,,,,,,,,,,
2026-06-30T21:00:34.899252+00:00,2026-07-01T07:00:34.892736,1,1,70.35,0.5,70.1,100,,,,,,,,,,,,,,,,,,,70.6,100,,,,,,,,,,,,,,,,,,
2026-06-30T21:00:34.962420+00:00,2026-07-01T07:00:34.958829,2,0,,,70.6,50,70.1,100,,,,,,,,,,,,,,,,,,,,,,,,,,,,,,,,,,,,
2026-06-30T21:00:35.016232+00:00,2026-07-01T07:00:35.013233,2,1,70.85,0.5,70.6,50,70.1,100,,,,,,,,,,,,,,,,,71.1,150,,,,,,,,,,,,,,,,,,
2026-06-30T21:00:35.497797+00:00,2026-07-01T07:00:35.496797,2,2,70.8,0.4,70.6,50,70.1,100,,,,,,,,,,,,,,,,,71.0,10,71.1,150,,,,,,,,,,,,,,,,
2026-06-30T21:00:35.794376+00:00,2026-07-01T07:00:35.785847,1,2,70.8,0.4,70.6,50,,,,,,,,,,,,,,,,,,,71.0,10,71.1,150,,,,,,,,,,,,,,,,
2026-06-30T21:00:35.849375+00:00,2026-07-01T07:00:35.840375,1,2,70.8,0.4,70.6,150,,,,,,,,,,,,,,,,,,,71.0,10,71.1,150,,,,,,,,,,,,,,,,
2026-06-30T21:00:35.893375+00:00,2026-07-01T07:00:35.888374,1,2,70.8,0.4,70.6,150,,,,,,,,,,,,,,,,,,,71.0,10,71.1,250,,,,,,,,,,,,,,,,
2026-06-30T21:00:36.002856+00:00,2026-07-01T07:00:36.000855,1,1,70.85,0.5,70.6,150,,,,,,,,,,,,,,,,,,,71.1,250,,,,,,,,,,,,,,,,,,
2026-06-30T21:00:36.013856+00:00,2026-07-01T07:00:36.005856,1,2,70.8,0.4,70.6,150,,,,,,,,,,,,,,,,,,,71.0,10,71.1,250,,,,,,,,,,,,,,,,
2026-06-30T21:00:36.516926+00:00,2026-07-01T07:00:36.514926,1,2,70.8,0.4,70.6,150,,,,,,,,,,,,,,,,,,,71.0,10,71.1,250,,,,,,,,,,,,,,,,
2026-06-30T21:00:36.845866+00:00,2026-07-01T07:00:36.836865,1,2,70.8,0.4,70.6,100,,,,,,,,,,,,,,,,,,,71.0,10,71.1,250,,,,,,,,,,,,,,,,
2026-06-30T21:00:37.020995+00:00,2026-07-01T07:00:37.017994,1,1,70.85,0.5,70.6,100,,,,,,,,,,,,,,,,,,,71.1,250,,,,,,,,,,,,,,,,,,
2026-06-30T21:00:38.083642+00:00,2026-07-01T07:00:38.073111,1,1,70.85,0.5,70.6,100,,,,,,,,,,,,,,,,,,,71.1,100,,,,,,,,,,,,,,,,,,
2026-06-30T21:00:38.128123+00:00,2026-07-01T07:00:38.124123,2,1,70.85,0.5,70.6,100,70.0,150,,,,,,,,,,,,,,,,,71.1,100,,,,,,,,,,,,,,,,,,
2026-06-30T21:00:38.182641+00:00,2026-07-01T07:00:38.178640,1,2,70.25,0.5,70.0,150,,,,,,,,,,,,,,,,,,,70.5,50,71.1,100,,,,,,,,,,,,,,,,
2026-06-30T21:00:38.950226+00:00,2026-07-01T07:00:38.943226,1,1,70.25,0.5,70.0,150,,,,,,,,,,,,,,,,,,,70.5,50,,,,,,,,,,,,,,,,,,
2026-06-30T21:00:39.004041+00:00,2026-07-01T07:00:38.996041,2,1,70.4,0.2,70.3,100,70.0,150,,,,,,,,,,,,,,,,,70.5,50,,,,,,,,,,,,,,,,,,
2026-06-30T21:00:39.059240+00:00,2026-07-01T07:00:39.052240,2,2,70.4,0.2,70.3,100,70.0,150,,,,,,,,,,,,,,,,,70.5,50,70.8,100,,,,,,,,,,,,,,,,
2026-06-30T21:00:40.086710+00:00,2026-07-01T07:00:40.078710,2,2,70.4,0.2,70.3,100,70.0,150,,,,,,,,,,,,,,,,,70.5,4,70.8,100,,,,,,,,,,,,,,,,
2026-06-30T21:00:41.037456+00:00,2026-07-01T07:00:41.029456,2,1,70.55,0.5,70.3,100,70.0,150,,,,,,,,,,,,,,,,,70.8,54,,,,,,,,,,,,,,,,,,
2026-06-30T21:00:41.239286+00:00,2026-07-01T07:00:41.231286,1,1,70.55,0.5,70.3,100,,,,,,,,,,,,,,,,,,,70.8,54,,,,,,,,,,,,,,,,,,
2026-06-30T21:00:41.294197+00:00,2026-07-01T07:00:41.285196,2,1,70.65,0.3,70.5,150,70.3,100,,,,,,,,,,,,,,,,,70.8,54,,,,,,,,,,,,,,,,,,
2026-06-30T21:00:41.347652+00:00,2026-07-01T07:00:41.337652,2,2,70.65,0.3,70.5,150,70.3,100,,,,,,,,,,,,,,,,,70.8,54,71.0,150,,,,,,,,,,,,,,,,
2026-06-30T21:00:42.111985+00:00,2026-07-01T07:00:42.104985,1,1,70.75,0.5,70.5,150,,,,,,,,,,,,,,,,,,,71.0,150,,,,,,,,,,,,,,,,,,
2026-06-30T21:00:42.166811+00:00,2026-07-01T07:00:42.158798,1,1,70.75,0.5,70.5,250,,,,,,,,,,,,,,,,,,,71.0,150,,,,,,,,,,,,,,,,,,
2026-06-30T21:00:42.222105+00:00,2026-07-01T07:00:42.219105,1,1,70.75,0.5,70.5,250,,,,,,,,,,,,,,,,,,,71.0,250,,,,,,,,,,,,,,,,,,
2026-06-30T21:00:43.140440+00:00,2026-07-01T07:00:43.139440,1,1,70.75,0.5,70.5,250,,,,,,,,,,,,,,,,,,,71.0,200,,,,,,,,,,,,,,,,,,
2026-06-30T21:00:43.260882+00:00,2026-07-01T07:00:43.259882,1,1,70.75,0.5,70.5,210,,,,,,,,,,,,,,,,,,,71.0,200,,,,,,,,,,,,,,,,,,
2026-06-30T21:00:44.396995+00:00,2026-07-01T07:00:44.393995,1,1,70.75,0.5,70.5,100,,,,,,,,,,,,,,,,,,,71.0,100,,,,,,,,,,,,,,,,,,
2026-06-30T21:00:44.451996+00:00,2026-07-01T07:00:44.446996,2,1,70.8,0.4,70.6,150,70.5,100,,,,,,,,,,,,,,,,,71.0,100,,,,,,,,,,,,,,,,,,
2026-06-30T21:00:44.517356+00:00,2026-07-01T07:00:44.509356,2,2,70.8,0.4,70.6,150,70.5,100,,,,,,,,,,,,,,,,,71.0,100,71.1,150,,,,,,,,,,,,,,,,
2026-06-30T21:00:44.571875+00:00,2026-07-01T07:00:44.569355,2,3,70.75,0.3,70.6,150,70.5,100,,,,,,,,,,,,,,,,,70.9,10,71.0,100,71.1,150,,,,,,,,,,,,,,
2026-06-30T21:00:45.074635+00:00,2026-07-01T07:00:45.073635,2,2,70.8,0.4,70.6,150,70.5,100,,,,,,,,,,,,,,,,,71.0,100,71.1,150,,,,,,,,,,,,,,,,
2026-06-30T21:00:45.085988+00:00,2026-07-01T07:00:45.077635,2,3,70.75,0.3,70.6,150,70.5,100,,,,,,,,,,,,,,,,,70.9,10,71.0,100,71.1,150,,,,,,,,,,,,,,
2026-06-30T21:00:45.293007+00:00,2026-07-01T07:00:45.285008,1,2,70.75,0.3,70.6,150,,,,,,,,,,,,,,,,,,,70.9,10,71.1,150,,,,,,,,,,,,,,,,
2026-06-30T21:00:45.325125+00:00,2026-07-01T07:00:45.317522,1,2,70.75,0.3,70.6,100,,,,,,,,,,,,,,,,,,,70.9,10,71.1,150,,,,,,,,,,,,,,,,
2026-06-30T21:00:45.336024+00:00,2026-07-01T07:00:45.335123,2,2,70.75,0.3,70.6,100,70.5,100,,,,,,,,,,,,,,,,,70.9,10,71.1,150,,,,,,,,,,,,,,,,
2026-06-30T21:00:45.391025+00:00,2026-07-01T07:00:45.388025,2,3,70.75,0.3,70.6,100,70.5,100,,,,,,,,,,,,,,,,,70.9,10,71.0,100,71.1,150,,,,,,,,,,,,,,
2026-06-30T21:00:45.587568+00:00,2026-07-01T07:00:45.585568,2,3,70.75,0.3,70.6,100,70.5,100,,,,,,,,,,,,,,,,,70.9,10,71.0,100,71.1,150,,,,,,,,,,,,,,
2026-06-30T21:00:46.100558+00:00,2026-07-01T07:00:46.094559,2,3,70.75,0.3,70.6,100,70.5,100,,,,,,,,,,,,,,,,,70.9,10,71.0,100,71.1,150,,,,,,,,,,,,,,
2026-06-30T21:00:46.601685+00:00,2026-07-01T07:00:46.597685,2,2,70.8,0.4,70.6,100,70.5,100,,,,,,,,,,,,,,,,,71.0,100,71.1,150,,,,,,,,,,,,,,,,
2026-06-30T21:00:46.612685+00:00,2026-07-01T07:00:46.601685,2,3,70.75,0.3,70.6,100,70.5,100,,,,,,,,,,,,,,,,,70.9,10,71.0,100,71.1,150,,,,,,,,,,,,,,
2026-06-30T21:00:47.106240+00:00,2026-07-01T07:00:47.104776,2,2,70.8,0.4,70.6,100,70.5,100,,,,,,,,,,,,,,,,,71.0,100,71.1,150,,,,,,,,,,,,,,,,
2026-06-30T21:00:47.117239+00:00,2026-07-01T07:00:47.110238,2,3,70.75,0.3,70.6,100,70.5,100,,,,,,,,,,,,,,,,,70.9,10,71.0,100,71.1,150,,,,,,,,,,,,,,
2026-06-30T21:00:47.573819+00:00,2026-07-01T07:00:47.566818,1,2,70.7,0.4,70.5,100,,,,,,,,,,,,,,,,,,,70.9,10,71.0,100,,,,,,,,,,,,,,,,
2026-06-30T21:00:47.616799+00:00,2026-07-01T07:00:47.614276,1,1,70.75,0.5,70.5,100,,,,,,,,,,,,,,,,,,,71.0,100,,,,,,,,,,,,,,,,,,
2026-06-30T21:00:47.627797+00:00,2026-07-01T07:00:47.619796,2,2,70.7,0.4,70.5,100,70.3,150,,,,,,,,,,,,,,,,,70.9,10,71.0,100,,,,,,,,,,,,,,,,
2026-06-30T21:00:47.693389+00:00,2026-07-01T07:00:47.686390,2,3,70.65,0.3,70.5,100,70.3,150,,,,,,,,,,,,,,,,,70.8,150,70.9,10,71.0,100,,,,,,,,,,,,,,
2026-06-30T21:00:47.803137+00:00,2026-07-01T07:00:47.801137,2,3,70.65,0.3,70.5,60,70.3,150,,,,,,,,,,,,,,,,,70.8,150,70.9,10,71.0,100,,,,,,,,,,,,,,
2026-06-30T21:00:48.131157+00:00,2026-07-01T07:00:48.125157,2,2,70.65,0.3,70.5,60,70.3,150,,,,,,,,,,,,,,,,,70.8,160,71.0,100,,,,,,,,,,,,,,,,
2026-06-30T21:00:48.446343+00:00,2026-07-01T07:00:48.443328,1,1,70.55,0.5,70.3,150,,,,,,,,,,,,,,,,,,,70.8,160,,,,,,,,,,,,,,,,,,
2026-06-30T21:00:48.499680+00:00,2026-07-01T07:00:48.495163,1,1,70.55,0.5,70.3,250,,,,,,,,,,,,,,,,,,,70.8,160,,,,,,,,,,,,,,,,,,
2026-06-30T21:00:48.553715+00:00,2026-07-01T07:00:48.547715,1,1,70.55,0.5,70.3,250,,,,,,,,,,,,,,,,,,,70.8,260,,,,,,,,,,,,,,,,,,
2026-06-30T21:00:48.640508+00:00,2026-07-01T07:00:48.629493,1,1,70.55,0.5,70.3,250,,,,,,,,,,,,,,,,,,,70.8,250,,,,,,,,,,,,,,,,,,
2026-06-30T21:00:49.493093+00:00,2026-07-01T07:00:49.483093,1,1,70.55,0.5,70.3,250,,,,,,,,,,,,,,,,,,,70.8,200,,,,,,,,,,,,,,,,,,
2026-06-30T21:00:50.742207+00:00,2026-07-01T07:00:50.738207,1,1,70.55,0.5,70.3,100,,,,,,,,,,,,,,,,,,,70.8,100,,,,,,,,,,,,,,,,,,
2026-06-30T21:00:50.797216+00:00,2026-07-01T07:00:50.789699,2,1,70.6,0.4,70.4,150,70.3,100,,,,,,,,,,,,,,,,,70.8,100,,,,,,,,,,,,,,,,,,
2026-06-30T21:00:50.863215+00:00,2026-07-01T07:00:50.859215,2,2,70.6,0.4,70.4,150,70.3,100,,,,,,,,,,,,,,,,,70.8,100,70.9,150,,,,,,,,,,,,,,,,
2026-06-30T21:00:51.156489+00:00,2026-07-01T07:00:51.148411,2,3,70.55,0.3,70.4,150,70.3,100,,,,,,,,,,,,,,,,,70.7,10,70.8,100,70.9,150,,,,,,,,,,,,,,
2026-06-30T21:00:51.594393+00:00,2026-07-01T07:00:51.590394,2,2,70.6,0.4,70.4,150,70.3,100,,,,,,,,,,,,,,,,,70.8,60,70.9,150,,,,,,,,,,,,,,,,
2026-06-30T21:00:51.605405+00:00,2026-07-01T07:00:51.603404,1,1,70.65,0.5,70.4,150,,,,,,,,,,,,,,,,,,,70.9,150,,,,,,,,,,,,,,,,,,
2026-06-30T21:00:51.660801+00:00,2026-07-01T07:00:51.656802,2,2,70.6,0.4,70.4,150,70.2,100,,,,,,,,,,,,,,,,,70.8,10,70.9,150,,,,,,,,,,,,,,,,
2026-06-30T21:00:51.715328+00:00,2026-07-01T07:00:51.710328,2,3,70.55,0.3,70.4,150,70.2,100,,,,,,,,,,,,,,,,,70.7,100,70.8,10,70.9,150,,,,,,,,,,,,,,
2026-06-30T21:00:52.163866+00:00,2026-07-01T07:00:52.162865,2,2,70.55,0.3,70.4,150,70.2,100,,,,,,,,,,,,,,,,,70.7,100,70.9,150,,,,,,,,,,,,,,,,
2026-06-30T21:00:52.174866+00:00,2026-07-01T07:00:52.166866,2,2,70.55,0.3,70.4,150,70.2,100,,,,,,,,,,,,,,,,,70.7,110,70.9,150,,,,,,,,,,,,,,,,
2026-06-30T21:00:52.677451+00:00,2026-07-01T07:00:52.670935,2,2,70.55,0.3,70.4,150,70.2,100,,,,,,,,,,,,,,,,,70.7,100,70.9,150,,,,,,,,,,,,,,,,
2026-06-30T21:00:53.703717+00:00,2026-07-01T07:00:53.696717,2,2,70.55,0.3,70.4,150,70.2,100,,,,,,,,,,,,,,,,,70.7,50,70.9,150,,,,,,,,,,,,,,,,
2026-06-30T21:00:53.921785+00:00,2026-07-01T07:00:53.917268,1,1,70.45,0.5,70.2,100,,,,,,,,,,,,,,,,,,,70.7,50,,,,,,,,,,,,,,,,,,
2026-06-30T21:00:53.976785+00:00,2026-07-01T07:00:53.969784,2,1,70.6,0.2,70.5,150,70.2,100,,,,,,,,,,,,,,,,,70.7,50,,,,,,,,,,,,,,,,,,
2026-06-30T21:00:54.029851+00:00,2026-07-01T07:00:54.022851,2,2,70.6,0.2,70.5,150,70.2,100,,,,,,,,,,,,,,,,,70.7,50,71.0,150,,,,,,,,,,,,,,,,
2026-06-30T21:00:54.191951+00:00,2026-07-01T07:00:54.182433,2,2,70.6,0.2,70.5,150,70.2,100,,,,,,,,,,,,,,,,,70.7,3,71.0,150,,,,,,,,,,,,,,,,
2026-06-30T21:00:54.772560+00:00,2026-07-01T07:00:54.769560,1,1,70.75,0.5,70.5,150,,,,,,,,,,,,,,,,,,,71.0,150,,,,,,,,,,,,,,,,,,
2026-06-30T21:00:54.828031+00:00,2026-07-01T07:00:54.820030,2,1,70.8,0.4,70.6,100,70.5,150,,,,,,,,,,,,,,,,,71.0,150,,,,,,,,,,,,,,,,,,
2026-06-30T21:00:54.883030+00:00,2026-07-01T07:00:54.872030,2,2,70.8,0.4,70.6,100,70.5,150,,,,,,,,,,,,,,,,,71.0,150,71.1,100,,,,,,,,,,,,,,,,
2026-06-30T21:00:54.992373+00:00,2026-07-01T07:00:54.990373,1,2,70.75,0.5,70.5,150,,,,,,,,,,,,,,,,,,,71.0,150,71.1,100,,,,,,,,,,,,,,,,
2026-06-30T21:00:55.811014+00:00,2026-07-01T07:00:55.803014,1,2,70.75,0.5,70.5,150,,,,,,,,,,,,,,,,,,,71.0,100,71.1,100,,,,,,,,,,,,,,,,
2026-06-30T21:00:56.445397+00:00,2026-07-01T07:00:56.440398,1,2,70.75,0.5,70.5,50,,,,,,,,,,,,,,,,,,,71.0,100,71.1,100,,,,,,,,,,,,,,,,
2026-06-30T21:00:56.705783+00:00,2026-07-01T07:00:56.702783,1,3,70.7,0.4,70.5,50,,,,,,,,,,,,,,,,,,,70.9,10,71.0,100,71.1,100,,,,,,,,,,,,,,
2026-06-30T21:00:57.087485+00:00,2026-07-01T07:00:57.079171,0,2,,,,,,,,,,,,,,,,,,,,,,,70.9,10,71.1,100,,,,,,,,,,,,,,,,
2026-06-30T21:00:57.142494+00:00,2026-07-01T07:00:57.131494,1,2,70.6,0.6,70.3,150,,,,,,,,,,,,,,,,,,,70.9,10,71.1,100,,,,,,,,,,,,,,,,
2026-06-30T21:00:57.186508+00:00,2026-07-01T07:00:57.183508,1,3,70.55,0.5,70.3,150,,,,,,,,,,,,,,,,,,,70.8,150,70.9,10,71.1,100,,,,,,,,,,,,,,
2026-06-30T21:00:57.218502+00:00,2026-07-01T07:00:57.207505,1,2,70.55,0.5,70.3,150,,,,,,,,,,,,,,,,,,,70.8,150,71.1,100,,,,,,,,,,,,,,,,
2026-06-30T21:00:57.393517+00:00,2026-07-01T07:00:57.384517,1,2,70.55,0.5,70.3,106,,,,,,,,,,,,,,,,,,,70.8,150,71.1,100,,,,,,,,,,,,,,,,
2026-06-30T21:00:57.931096+00:00,2026-07-01T07:00:57.925096,1,1,70.55,0.5,70.3,106,,,,,,,,,,,,,,,,,,,70.8,150,,,,,,,,,,,,,,,,,,
2026-06-30T21:00:57.985943+00:00,2026-07-01T07:00:57.983943,2,1,70.6,0.4,70.4,100,70.3,106,,,,,,,,,,,,,,,,,70.8,150,,,,,,,,,,,,,,,,,,
2026-06-30T21:00:58.040595+00:00,2026-07-01T07:00:58.037596,2,2,70.6,0.4,70.4,100,70.3,106,,,,,,,,,,,,,,,,,70.8,150,70.9,100,,,,,,,,,,,,,,,,
2026-06-30T21:00:58.892706+00:00,2026-07-01T07:00:58.889706,2,2,70.6,0.4,70.4,100,70.3,106,,,,,,,,,,,,,,,,,70.8,105,70.9,100,,,,,,,,,,,,,,,,
2026-06-30T21:00:59.481741+00:00,2026-07-01T07:00:59.472741,2,2,70.6,0.4,70.4,54,70.3,106,,,,,,,,,,,,,,,,,70.8,105,70.9,100,,,,,,,,,,,,,,,,
2026-06-30T21:01:00.049852+00:00,2026-07-01T07:01:00.039851,2,2,70.6,0.4,70.4,54,70.3,106,,,,,,,,,,,,,,,,,70.8,55,70.9,100,,,,,,,,,,,,,,,,
2026-06-30T21:01:00.247231+00:00,2026-07-01T07:01:00.238390,1,1,70.65,0.5,70.4,54,,,,,,,,,,,,,,,,,,,70.9,100,,,,,,,,,,,,,,,,,,
2026-06-30T21:01:00.300876+00:00,2026-07-01T07:01:00.291877,2,1,70.7,0.4,70.5,150,70.4,54,,,,,,,,,,,,,,,,,70.9,100,,,,,,,,,,,,,,,,,,
2026-06-30T21:01:00.355888+00:00,2026-07-01T07:01:00.344888,2,2,70.7,0.4,70.5,150,70.4,54,,,,,,,,,,,,,,,,,70.9,100,71.0,150,,,,,,,,,,,,,,,,
2026-06-30T21:01:00.453894+00:00,2026-07-01T07:01:00.448894,2,2,70.7,0.4,70.5,101,70.4,54,,,,,,,,,,,,,,,,,70.9,100,71.0,150,,,,,,,,,,,,,,,,
2026-06-30T21:01:01.098469+00:00,2026-07-01T07:01:01.094469,1,1,70.75,0.5,70.5,101,,,,,,,,,,,,,,,,,,,71.0,150,,,,,,,,,,,,,,,,,,
2026-06-30T21:01:01.153469+00:00,2026-07-01T07:01:01.146469,2,1,70.75,0.5,70.5,101,70.3,100,,,,,,,,,,,,,,,,,71.0,150,,,,,,,,,,,,,,,,,,
2026-06-30T21:01:01.208497+00:00,2026-07-01T07:01:01.199496,2,2,70.65,0.3,70.5,101,70.3,100,,,,,,,,,,,,,,,,,70.8,100,71.0,150,,,,,,,,,,,,,,,,
2026-06-30T21:01:01.636555+00:00,2026-07-01T07:01:01.633556,2,2,70.65,0.3,70.5,101,70.3,100,,,,,,,,,,,,,,,,,70.8,51,71.0,150,,,,,,,,,,,,,,,,
2026-06-30T21:01:02.151110+00:00,2026-07-01T07:01:02.148111,2,2,70.65,0.3,70.5,101,70.3,100,,,,,,,,,,,,,,,,,70.8,1,71.0,150,,,,,,,,,,,,,,,,
2026-06-30T21:01:02.600735+00:00,2026-07-01T07:01:02.594736,2,1,70.75,0.5,70.5,101,70.3,100,,,,,,,,,,,,,,,,,71.0,150,,,,,,,,,,,,,,,,,,
2026-06-30T21:01:03.404755+00:00,2026-07-01T07:01:03.399163,1,0,,,70.3,100,,,,,,,,,,,,,,,,,,,,,,,,,,,,,,,,,,,,,,
2026-06-30T21:01:03.458582+00:00,2026-07-01T07:01:03.450967,2,0,,,70.4,150,70.3,100,,,,,,,,,,,,,,,,,,,,,,,,,,,,,,,,,,,,
2026-06-30T21:01:03.511982+00:00,2026-07-01T07:01:03.503466,2,1,70.65,0.5,70.4,150,70.3,100,,,,,,,,,,,,,,,,,70.9,150,,,,,,,,,,,,,,,,,,
2026-06-30T21:01:04.183175+00:00,2026-07-01T07:01:04.181175,2,1,70.65,0.5,70.4,150,70.3,100,,,,,,,,,,,,,,,,,70.9,108,,,,,,,,,,,,,,,,,,
2026-06-30T21:01:04.237868+00:00,2026-07-01T07:01:04.233855,2,1,70.65,0.5,70.4,104,70.3,100,,,,,,,,,,,,,,,,,70.9,108,,,,,,,,,,,,,,,,,,
2026-06-30T21:01:04.259273+00:00,2026-07-01T07:01:04.256381,1,1,70.65,0.5,70.4,104,,,,,,,,,,,,,,,,,,,70.9,58,,,,,,,,,,,,,,,,,,
2026-06-30T21:01:04.314273+00:00,2026-07-01T07:01:04.309273,2,1,70.8,0.2,70.7,100,70.4,104,,,,,,,,,,,,,,,,,70.9,58,,,,,,,,,,,,,,,,,,
2026-06-30T21:01:04.368330+00:00,2026-07-01T07:01:04.361811,2,2,70.8,0.2,70.7,100,70.4,104,,,,,,,,,,,,,,,,,70.9,58,71.2,100,,,,,,,,,,,,,,,,
2026-06-30T21:01:04.775427+00:00,2026-07-01T07:01:04.772427,2,2,70.8,0.2,70.7,100,70.4,104,,,,,,,,,,,,,,,,,70.9,68,71.2,100,,,,,,,,,,,,,,,,
2026-06-30T21:01:05.279506+00:00,2026-07-01T07:01:05.277506,2,2,70.8,0.2,70.7,100,70.4,104,,,,,,,,,,,,,,,,,70.9,58,71.2,100,,,,,,,,,,,,,,,,
2026-06-30T21:01:05.290505+00:00,2026-07-01T07:01:05.287505,2,2,70.8,0.2,70.7,100,70.4,104,,,,,,,,,,,,,,,,,70.9,68,71.2,100,,,,,,,,,,,,,,,,
2026-06-30T21:01:05.792568+00:00,2026-07-01T07:01:05.788567,2,2,70.8,0.2,70.7,100,70.4,104,,,,,,,,,,,,,,,,,70.9,68,71.2,100,,,,,,,,,,,,,,,,
2026-06-30T21:01:05.913579+00:00,2026-07-01T07:01:05.910579,2,2,70.8,0.2,70.7,55,70.4,104,,,,,,,,,,,,,,,,,70.9,68,71.2,100,,,,,,,,,,,,,,,,
2026-06-30T21:01:06.295511+00:00,2026-07-01T07:01:06.292511,2,2,70.8,0.2,70.7,55,70.4,104,,,,,,,,,,,,,,,,,70.9,58,71.2,100,,,,,,,,,,,,,,,,
2026-06-30T21:01:06.371818+00:00,2026-07-01T07:01:06.360819,2,2,70.8,0.2,70.7,55,70.4,104,,,,,,,,,,,,,,,,,70.9,8,71.2,100,,,,,,,,,,,,,,,,
2026-06-30T21:01:06.568330+00:00,2026-07-01T07:01:06.559157,1,1,70.95,0.5,70.7,55,,,,,,,,,,,,,,,,,,,71.2,100,,,,,,,,,,,,,,,,,,
2026-06-30T21:01:06.622667+00:00,2026-07-01T07:01:06.611666,2,1,71.0,0.4,70.8,150,70.7,55,,,,,,,,,,,,,,,,,71.2,100,,,,,,,,,,,,,,,,,,
2026-06-30T21:01:06.666667+00:00,2026-07-01T07:01:06.663667,2,2,71.0,0.4,70.8,150,70.7,55,,,,,,,,,,,,,,,,,71.2,100,71.3,150,,,,,,,,,,,,,,,,
2026-06-30T21:01:06.808589+00:00,2026-07-01T07:01:06.800067,2,3,70.95,0.3,70.8,150,70.7,55,,,,,,,,,,,,,,,,,71.1,10,71.2,100,71.3,150,,,,,,,,,,,,,,
2026-06-30T21:01:07.311500+00:00,2026-07-01T07:01:07.310500,2,3,70.95,0.3,70.8,150,70.7,55,,,,,,,,,,,,,,,,,71.1,10,71.2,100,71.3,150,,,,,,,,,,,,,,
2026-06-30T21:01:07.421526+00:00,2026-07-01T07:01:07.418528,1,2,70.95,0.3,70.8,150,,,,,,,,,,,,,,,,,,,71.1,10,71.3,150,,,,,,,,,,,,,,,,
2026-06-30T21:01:07.476569+00:00,2026-07-01T07:01:07.471555,2,2,70.95,0.3,70.8,150,70.5,100,,,,,,,,,,,,,,,,,71.1,10,71.3,150,,,,,,,,,,,,,,,,
2026-06-30T21:01:07.530324+00:00,2026-07-01T07:01:07.524534,2,3,70.9,0.2,70.8,150,70.5,100,,,,,,,,,,,,,,,,,71.0,100,71.1,10,71.3,150,,,,,,,,,,,,,,
2026-06-30T21:01:07.825511+00:00,2026-07-01T07:01:07.818512,2,2,70.9,0.2,70.8,150,70.5,100,,,,,,,,,,,,,,,,,71.0,110,71.3,150,,,,,,,,,,,,,,,,
2026-06-30T21:01:08.334205+00:00,2026-07-01T07:01:08.327205,2,2,70.9,0.2,70.8,150,70.5,100,,,,,,,,,,,,,,,,,71.0,110,71.3,150,,,,,,,,,,,,,,,,
2026-06-30T21:01:08.519424+00:00,2026-07-01T07:01:08.518909,2,2,70.9,0.2,70.8,100,70.5,100,,,,,,,,,,,,,,,,,71.0,110,71.3,150,,,,,,,,,,,,,,,,
2026-06-30T21:01:08.836467+00:00,2026-07-01T07:01:08.836467,2,2,70.9,0.2,70.8,100,70.5,100,,,,,,,,,,,,,,,,,71.0,110,71.3,150,,,,,,,,,,,,,,,,
2026-06-30T21:01:09.351548+00:00,2026-07-01T07:01:09.343547,2,2,70.9,0.2,70.8,100,70.5,100,,,,,,,,,,,,,,,,,71.0,110,71.3,150,,,,,,,,,,,,,,,,
2026-06-30T21:01:09.721070+00:00,2026-07-01T07:01:09.719057,1,1,70.75,0.5,70.5,100,,,,,,,,,,,,,,,,,,,71.0,110,,,,,,,,,,,,,,,,,,
2026-06-30T21:01:09.774134+00:00,2026-07-01T07:01:09.772618,2,1,70.8,0.4,70.6,150,70.5,100,,,,,,,,,,,,,,,,,71.0,110,,,,,,,,,,,,,,,,,,
2026-06-30T21:01:09.826710+00:00,2026-07-01T07:01:09.823194,2,2,70.8,0.4,70.6,150,70.5,100,,,,,,,,,,,,,,,,,71.0,110,71.1,150,,,,,,,,,,,,,,,,
2026-06-30T21:01:09.859074+00:00,2026-07-01T07:01:09.850741,2,2,70.8,0.4,70.6,150,70.5,100,,,,,,,,,,,,,,,,,71.0,100,71.1,150,,,,,,,,,,,,,,,,
2026-06-30T21:01:10.121106+00:00,2026-07-01T07:01:10.118106,2,2,70.8,0.4,70.6,150,70.5,100,,,,,,,,,,,,,,,,,71.0,59,71.1,150,,,,,,,,,,,,,,,,
2026-06-30T21:01:10.582160+00:00,2026-07-01T07:01:10.581160,1,1,70.85,0.5,70.6,150,,,,,,,,,,,,,,,,,,,71.1,150,,,,,,,,,,,,,,,,,,
2026-06-30T21:01:10.636518+00:00,2026-07-01T07:01:10.631518,1,1,70.85,0.5,70.6,250,,,,,,,,,,,,,,,,,,,71.1,150,,,,,,,,,,,,,,,,,,
2026-06-30T21:01:10.701546+00:00,2026-07-01T07:01:10.695547,1,1,70.85,0.5,70.6,250,,,,,,,,,,,,,,,,,,,71.1,250,,,,,,,,,,,,,,,,,,
2026-06-30T21:01:12.737852+00:00,2026-07-01T07:01:12.728852,1,1,70.85,0.5,70.6,200,,,,,,,,,,,,,,,,,,,71.1,250,,,,,,,,,,,,,,,,,,
2026-06-30T21:01:12.879898+00:00,2026-07-01T07:01:12.878382,1,1,70.85,0.5,70.6,200,,,,,,,,,,,,,,,,,,,71.1,100,,,,,,,,,,,,,,,,,,
2026-06-30T21:01:12.890898+00:00,2026-07-01T07:01:12.880898,1,1,70.85,0.5,70.6,100,,,,,,,,,,,,,,,,,,,71.1,100,,,,,,,,,,,,,,,,,,
2026-06-30T21:01:12.934899+00:00,2026-07-01T07:01:12.933899,2,1,70.85,0.5,70.6,100,70.4,150,,,,,,,,,,,,,,,,,71.1,100,,,,,,,,,,,,,,,,,,
2026-06-30T21:01:12.989447+00:00,2026-07-01T07:01:12.986925,2,2,70.75,0.3,70.6,100,70.4,150,,,,,,,,,,,,,,,,,70.9,150,71.1,100,,,,,,,,,,,,,,,,
2026-06-30T21:01:13.752117+00:00,2026-07-01T07:01:13.750117,1,1,70.65,0.5,70.4,150,,,,,,,,,,,,,,,,,,,70.9,150,,,,,,,,,,,,,,,,,,
2026-06-30T21:01:13.807117+00:00,2026-07-01T07:01:13.803117,2,1,70.75,0.3,70.6,100,70.4,150,,,,,,,,,,,,,,,,,70.9,150,,,,,,,,,,,,,,,,,,
2026-06-30T21:01:13.861150+00:00,2026-07-01T07:01:13.855150,2,2,70.75,0.3,70.6,100,70.4,150,,,,,,,,,,,,,,,,,70.9,150,71.1,100,,,,,,,,,,,,,,,,
2026-06-30T21:01:14.467993+00:00,2026-07-01T07:01:14.457174,2,2,70.75,0.3,70.6,100,70.4,150,,,,,,,,,,,,,,,,,70.9,102,71.1,100,,,,,,,,,,,,,,,,
2026-06-30T21:01:14.796681+00:00,2026-07-01T07:01:14.790681,2,2,70.75,0.3,70.6,100,70.4,150,,,,,,,,,,,,,,,,,70.9,52,71.1,100,,,,,,,,,,,,,,,,
2026-06-30T21:01:16.046866+00:00,2026-07-01T07:01:16.041346,1,1,70.85,0.5,70.6,100,,,,,,,,,,,,,,,,,,,71.1,100,,,,,,,,,,,,,,,,,,
2026-06-30T21:01:16.111512+00:00,2026-07-01T07:01:16.110513,2,1,70.95,0.3,70.8,108,70.6,100,,,,,,,,,,,,,,,,,71.1,100,,,,,,,,,,,,,,,,,,
2026-06-30T21:01:16.177512+00:00,2026-07-01T07:01:16.168512,2,2,70.95,0.3,70.8,108,70.6,100,,,,,,,,,,,,,,,,,71.1,100,71.3,150,,,,,,,,,,,,,,,,
2026-06-30T21:01:16.395885+00:00,2026-07-01T07:01:16.390886,2,3,70.9,0.2,70.8,108,70.6,100,,,,,,,,,,,,,,,,,71.0,10,71.1,100,71.3,150,,,,,,,,,,,,,,
2026-06-30T21:01:16.898834+00:00,2026-07-01T07:01:16.894834,2,2,70.95,0.3,70.8,108,70.6,100,,,,,,,,,,,,,,,,,71.1,100,71.3,150,,,,,,,,,,,,,,,,
2026-06-30T21:01:16.909729+00:00,2026-07-01T07:01:16.908834,2,2,70.9,0.2,70.8,108,70.6,100,,,,,,,,,,,,,,,,,71.0,10,71.3,150,,,,,,,,,,,,,,,,
2026-06-30T21:01:16.920223+00:00,2026-07-01T07:01:16.910707,1,2,70.9,0.2,70.8,108,,,,,,,,,,,,,,,,,,,71.0,10,71.3,150,,,,,,,,,,,,,,,,
2026-06-30T21:01:16.963740+00:00,2026-07-01T07:01:16.962740,2,2,70.9,0.2,70.8,108,70.7,100,,,,,,,,,,,,,,,,,71.0,10,71.3,150,,,,,,,,,,,,,,,,
2026-06-30T21:01:17.018417+00:00,2026-07-01T07:01:17.015417,2,3,70.9,0.2,70.8,108,70.7,100,,,,,,,,,,,,,,,,,71.0,10,71.2,100,71.3,150,,,,,,,,,,,,,,
2026-06-30T21:01:17.418263+00:00,2026-07-01T07:01:17.413749,2,3,70.95,0.3,70.8,108,70.7,100,,,,,,,,,,,,,,,,,71.1,10,71.2,100,71.3,150,,,,,,,,,,,,,,
2026-06-30T21:01:17.845121+00:00,2026-07-01T07:01:17.838122,2,3,70.95,0.3,70.8,63,70.7,100,,,,,,,,,,,,,,,,,71.1,10,71.2,100,71.3,150,,,,,,,,,,,,,,
2026-06-30T21:01:17.920181+00:00,2026-07-01T07:01:17.918665,2,2,71.0,0.4,70.8,63,70.7,100,,,,,,,,,,,,,,,,,71.2,100,71.3,150,,,,,,,,,,,,,,,,
2026-06-30T21:01:17.930696+00:00,2026-07-01T07:01:17.922182,2,3,70.95,0.3,70.8,63,70.7,100,,,,,,,,,,,,,,,,,71.1,10,71.2,100,71.3,150,,,,,,,,,,,,,,
2026-06-30T21:01:18.434144+00:00,2026-07-01T07:01:18.430145,2,3,70.95,0.3,70.8,63,70.7,100,,,,,,,,,,,,,,,,,71.1,10,71.2,100,71.3,150,,,,,,,,,,,,,,
2026-06-30T21:01:18.456145+00:00,2026-07-01T07:01:18.445144,2,3,70.95,0.3,70.8,16,70.7,100,,,,,,,,,,,,,,,,,71.1,10,71.2,100,71.3,150,,,,,,,,,,,,,,
2026-06-30T21:01:18.938730+00:00,2026-07-01T07:01:18.936730,2,3,70.95,0.3,70.8,16,70.7,100,,,,,,,,,,,,,,,,,71.1,10,71.2,100,71.3,150,,,,,,,,,,,,,,
2026-06-30T21:01:19.070218+00:00,2026-07-01T07:01:19.060772,1,3,70.9,0.4,70.7,66,,,,,,,,,,,,,,,,,,,71.1,10,71.2,100,71.3,150,,,,,,,,,,,,,,
2026-06-30T21:01:19.223230+00:00,2026-07-01T07:01:19.217230,1,2,70.9,0.4,70.7,66,,,,,,,,,,,,,,,,,,,71.1,10,71.2,100,,,,,,,,,,,,,,,,
2026-06-30T21:01:19.277744+00:00,2026-07-01T07:01:19.269744,2,2,70.9,0.4,70.7,66,70.3,150,,,,,,,,,,,,,,,,,71.1,10,71.2,100,,,,,,,,,,,,,,,,
2026-06-30T21:01:19.332253+00:00,2026-07-01T07:01:19.322253,2,3,70.75,0.1,70.7,66,70.3,150,,,,,,,,,,,,,,,,,70.8,150,71.1,10,71.2,100,,,,,,,,,,,,,,
2026-06-30T21:01:19.451312+00:00,2026-07-01T07:01:19.441311,2,2,70.75,0.1,70.7,66,70.3,150,,,,,,,,,,,,,,,,,70.8,150,71.2,100,,,,,,,,,,,,,,,,
2026-06-30T21:01:20.076339+00:00,2026-07-01T07:01:20.073339,1,1,70.55,0.5,70.3,150,,,,,,,,,,,,,,,,,,,70.8,150,,,,,,,,,,,,,,,,,,
2026-06-30T21:01:20.131350+00:00,2026-07-01T07:01:20.127349,2,1,70.7,0.2,70.6,100,70.3,150,,,,,,,,,,,,,,,,,70.8,150,,,,,,,,,,,,,,,,,,
2026-06-30T21:01:20.186349+00:00,2026-07-01T07:01:20.181349,2,2,70.7,0.2,70.6,100,70.3,150,,,,,,,,,,,,,,,,,70.8,150,71.1,100,,,,,,,,,,,,,,,,
2026-06-30T21:01:20.461389+00:00,2026-07-01T07:01:20.451390,2,2,70.7,0.2,70.6,100,70.3,150,,,,,,,,,,,,,,,,,70.8,160,71.1,100,,,,,,,,,,,,,,,,
2026-06-30T21:01:20.964449+00:00,2026-07-01T07:01:20.961450,2,2,70.7,0.2,70.6,100,70.3,150,,,,,,,,,,,,,,,,,70.8,160,71.1,100,,,,,,,,,,,,,,,,
2026-06-30T21:01:21.469018+00:00,2026-07-01T07:01:21.465018,2,2,70.7,0.2,70.6,100,70.3,150,,,,,,,,,,,,,,,,,70.8,150,71.1,100,,,,,,,,,,,,,,,,
2026-06-30T21:01:22.386149+00:00,2026-07-01T07:01:22.381148,1,1,70.85,0.5,70.6,100,,,,,,,,,,,,,,,,,,,71.1,100,,,,,,,,,,,,,,,,,,
2026-06-30T21:01:22.440667+00:00,2026-07-01T07:01:22.433149,2,1,70.85,0.5,70.6,100,70.2,150,,,,,,,,,,,,,,,,,71.1,100,,,,,,,,,,,,,,,,,,
2026-06-30T21:01:22.495184+00:00,2026-07-01T07:01:22.487184,2,2,70.65,0.1,70.6,100,70.2,150,,,,,,,,,,,,,,,,,70.7,150,71.1,100,,,,,,,,,,,,,,,,
2026-06-30T21:01:22.978370+00:00,2026-07-01T07:01:22.977369,2,2,70.65,0.1,70.6,100,70.2,150,,,,,,,,,,,,,,,,,70.7,160,71.1,100,,,,,,,,,,,,,,,,
2026-06-30T21:01:23.241179+00:00,2026-07-01T07:01:23.238179,1,1,70.45,0.5,70.2,150,,,,,,,,,,,,,,,,,,,70.7,160,,,,,,,,,,,,,,,,,,
2026-06-30T21:01:23.296178+00:00,2026-07-01T07:01:23.290178,2,1,70.6,0.2,70.5,100,70.2,150,,,,,,,,,,,,,,,,,70.7,160,,,,,,,,,,,,,,,,,,
2026-06-30T21:01:23.349840+00:00,2026-07-01T07:01:23.343231,2,2,70.6,0.2,70.5,100,70.2,150,,,,,,,,,,,,,,,,,70.7,160,71.0,100,,,,,,,,,,,,,,,,
2026-06-30T21:01:23.491758+00:00,2026-07-01T07:01:23.486758,2,2,70.6,0.2,70.5,100,70.2,150,,,,,,,,,,,,,,,,,70.7,160,71.0,100,,,,,,,,,,,,,,,,
2026-06-30T21:01:23.992222+00:00,2026-07-01T07:01:23.990221,2,2,70.6,0.2,70.5,100,70.2,150,,,,,,,,,,,,,,,,,70.7,150,71.0,100,,,,,,,,,,,,,,,,
2026-06-30T21:01:24.756942+00:00,2026-07-01T07:01:24.753942,2,2,70.6,0.2,70.5,100,70.2,150,,,,,,,,,,,,,,,,,70.7,110,71.0,100,,,,,,,,,,,,,,,,
2026-06-30T21:01:25.337648+00:00,2026-07-01T07:01:25.330649,2,2,70.6,0.2,70.5,100,70.2,150,,,,,,,,,,,,,,,,,70.7,60,71.0,100,,,,,,,,,,,,,,,,
2026-06-30T21:01:25.511247+00:00,2026-07-01T07:01:25.502797,2,2,70.6,0.2,70.5,100,70.2,150,,,,,,,,,,,,,,,,,70.7,70,71.0,100,,,,,,,,,,,,,,,,
2026-06-30T21:01:25.544244+00:00,2026-07-01T07:01:25.543243,1,2,70.6,0.2,70.5,100,,,,,,,,,,,,,,,,,,,70.7,10,71.0,100,,,,,,,,,,,,,,,,
2026-06-30T21:01:25.598492+00:00,2026-07-01T07:01:25.596492,2,2,70.6,0.2,70.5,100,70.4,150,,,,,,,,,,,,,,,,,70.7,10,71.0,100,,,,,,,,,,,,,,,,
2026-06-30T21:01:25.653040+00:00,2026-07-01T07:01:25.649040,2,3,70.6,0.2,70.5,100,70.4,150,,,,,,,,,,,,,,,,,70.7,10,70.9,150,71.0,100,,,,,,,,,,,,,,
2026-06-30T21:01:26.012685+00:00,2026-07-01T07:01:26.009684,2,2,70.7,0.4,70.5,100,70.4,150,,,,,,,,,,,,,,,,,70.9,150,71.0,100,,,,,,,,,,,,,,,,
2026-06-30T21:01:26.023685+00:00,2026-07-01T07:01:26.012685,2,3,70.65,0.3,70.5,100,70.4,150,,,,,,,,,,,,,,,,,70.8,10,70.9,150,71.0,100,,,,,,,,,,,,,,
2026-06-30T21:01:26.153786+00:00,2026-07-01T07:01:26.150786,2,2,70.7,0.4,70.5,100,70.4,150,,,,,,,,,,,,,,,,,70.9,111,71.0,100,,,,,,,,,,,,,,,,
2026-06-30T21:01:26.405534+00:00,2026-07-01T07:01:26.402534,1,1,70.65,0.5,70.4,150,,,,,,,,,,,,,,,,,,,70.9,111,,,,,,,,,,,,,,,,,,
2026-06-30T21:01:26.460547+00:00,2026-07-01T07:01:26.455547,2,1,70.7,0.4,70.5,100,70.4,150,,,,,,,,,,,,,,,,,70.9,111,,,,,,,,,,,,,,,,,,
2026-06-30T21:01:26.514580+00:00,2026-07-01T07:01:26.510580,2,2,70.7,0.4,70.5,100,70.4,150,,,,,,,,,,,,,,,,,70.9,111,71.0,100,,,,,,,,,,,,,,,,
2026-06-30T21:01:27.441299+00:00,2026-07-01T07:01:27.433766,2,2,70.7,0.4,70.5,100,70.4,150,,,,,,,,,,,,,,,,,70.9,61,71.0,100,,,,,,,,,,,,,,,,
2026-06-30T21:01:28.426250+00:00,2026-07-01T07:01:28.424249,2,2,70.7,0.4,70.5,54,70.4,150,,,,,,,,,,,,,,,,,70.9,61,71.0,100,,,,,,,,,,,,,,,,
2026-06-30T21:01:28.709985+00:00,2026-07-01T07:01:28.704985,1,1,70.75,0.5,70.5,54,,,,,,,,,,,,,,,,,,,71.0,100,,,,,,,,,,,,,,,,,,
2026-06-30T21:01:28.764018+00:00,2026-07-01T07:01:28.757018,2,1,70.85,0.3,70.7,150,70.5,54,,,,,,,,,,,,,,,,,71.0,100,,,,,,,,,,,,,,,,,,
2026-06-30T21:01:28.819017+00:00,2026-07-01T07:01:28.810017,2,2,70.85,0.3,70.7,150,70.5,54,,,,,,,,,,,,,,,,,71.0,100,71.2,150,,,,,,,,,,,,,,,,
2026-06-30T21:01:29.048568+00:00,2026-07-01T07:01:29.037568,2,2,70.85,0.3,70.7,150,70.5,54,,,,,,,,,,,,,,,,,71.0,110,71.2,150,,,,,,,,,,,,,,,,
2026-06-30T21:01:29.551123+00:00,2026-07-01T07:01:29.548123,2,2,70.85,0.3,70.7,150,70.5,54,,,,,,,,,,,,,,,,,71.0,60,71.2,150,,,,,,,,,,,,,,,,
2026-06-30T21:01:29.561641+00:00,2026-07-01T07:01:29.561123,2,2,70.85,0.3,70.7,104,70.5,54,,,,,,,,,,,,,,,,,71.0,60,71.2,150,,,,,,,,,,,,,,,,
2026-06-30T21:01:29.576161+00:00,2026-07-01T07:01:29.564640,1,2,70.85,0.3,70.7,104,,,,,,,,,,,,,,,,,,,71.0,10,71.2,150,,,,,,,,,,,,,,,,
2026-06-30T21:01:29.620160+00:00,2026-07-01T07:01:29.617160,2,2,70.85,0.3,70.7,104,70.5,100,,,,,,,,,,,,,,,,,71.0,10,71.2,150,,,,,,,,,,,,,,,,
2026-06-30T21:01:29.674676+00:00,2026-07-01T07:01:29.670676,2,2,70.85,0.3,70.7,104,70.5,100,,,,,,,,,,,,,,,,,71.0,110,71.2,150,,,,,,,,,,,,,,,,
2026-06-30T21:01:30.055545+00:00,2026-07-01T07:01:30.051545,2,2,70.85,0.3,70.7,104,70.5,100,,,,,,,,,,,,,,,,,71.0,100,71.2,150,,,,,,,,,,,,,,,,
2026-06-30T21:01:30.066544+00:00,2026-07-01T07:01:30.055545,2,2,70.85,0.3,70.7,104,70.5,100,,,,,,,,,,,,,,,,,71.0,110,71.2,150,,,,,,,,,,,,,,,,
2026-06-30T21:01:30.561656+00:00,2026-07-01T07:01:30.558156,2,2,70.85,0.3,70.7,104,70.5,100,,,,,,,,,,,,,,,,,71.0,100,71.2,150,,,,,,,,,,,,,,,,
2026-06-30T21:01:30.572652+00:00,2026-07-01T07:01:30.562652,2,2,70.85,0.3,70.7,104,70.5,100,,,,,,,,,,,,,,,,,71.0,110,71.2,150,,,,,,,,,,,,,,,,
2026-06-30T21:01:31.076707+00:00,2026-07-01T07:01:31.070707,2,2,70.85,0.3,70.7,104,70.5,100,,,,,,,,,,,,,,,,,71.0,110,71.2,150,,,,,,,,,,,,,,,,
2026-06-30T21:01:31.581777+00:00,2026-07-01T07:01:31.576355,2,2,70.85,0.3,70.7,104,70.5,100,,,,,,,,,,,,,,,,,71.0,100,71.2,150,,,,,,,,,,,,,,,,
2026-06-30T21:01:31.592774+00:00,2026-07-01T07:01:31.589774,2,2,70.85,0.3,70.7,104,70.5,100,,,,,,,,,,,,,,,,,71.0,110,71.2,150,,,,,,,,,,,,,,,,
2026-06-30T21:01:31.658785+00:00,2026-07-01T07:01:31.650785,2,2,70.85,0.3,70.7,104,70.5,100,,,,,,,,,,,,,,,,,71.0,60,71.2,150,,,,,,,,,,,,,,,,
2026-06-30T21:01:31.888811+00:00,2026-07-01T07:01:31.881810,1,1,70.75,0.5,70.5,100,,,,,,,,,,,,,,,,,,,71.0,60,,,,,,,,,,,,,,,,,,
2026-06-30T21:01:31.941845+00:00,2026-07-01T07:01:31.936498,1,1,70.75,0.5,70.5,250,,,,,,,,,,,,,,,,,,,71.0,60,,,,,,,,,,,,,,,,,,
2026-06-30T21:01:31.996823+00:00,2026-07-01T07:01:31.989823,1,1,70.75,0.5,70.5,250,,,,,,,,,,,,,,,,,,,71.0,210,,,,,,,,,,,,,,,,,,
2026-06-30T21:01:32.072261+00:00,2026-07-01T07:01:32.065260,1,1,70.75,0.5,70.5,250,,,,,,,,,,,,,,,,,,,71.0,162,,,,,,,,,,,,,,,,,,
2026-06-30T21:01:32.094260+00:00,2026-07-01T07:01:32.094260,1,1,70.75,0.5,70.5,250,,,,,,,,,,,,,,,,,,,71.0,152,,,,,,,,,,,,,,,,,,
2026-06-30T21:01:32.604874+00:00,2026-07-01T07:01:32.600357,1,2,70.7,0.4,70.5,250,,,,,,,,,,,,,,,,,,,70.9,10,71.0,152,,,,,,,,,,,,,,,,
2026-06-30T21:01:32.734453+00:00,2026-07-01T07:01:32.727454,1,2,70.7,0.4,70.5,150,,,,,,,,,,,,,,,,,,,70.9,10,71.0,150,,,,,,,,,,,,,,,,
2026-06-30T21:01:32.788485+00:00,2026-07-01T07:01:32.779485,2,2,70.8,0.2,70.7,100,70.5,150,,,,,,,,,,,,,,,,,70.9,10,71.0,150,,,,,,,,,,,,,,,,
2026-06-30T21:01:32.842519+00:00,2026-07-01T07:01:32.833518,2,3,70.8,0.2,70.7,100,70.5,150,,,,,,,,,,,,,,,,,70.9,10,71.0,150,71.2,100,,,,,,,,,,,,,,
2026-06-30T21:01:33.112685+00:00,2026-07-01T07:01:33.107683,2,2,70.85,0.3,70.7,100,70.5,150,,,,,,,,,,,,,,,,,71.0,160,71.2,100,,,,,,,,,,,,,,,,
2026-06-30T21:01:33.620025+00:00,2026-07-01T07:01:33.615509,2,2,70.85,0.3,70.7,100,70.5,150,,,,,,,,,,,,,,,,,71.0,160,71.2,100,,,,,,,,,,,,,,,,
2026-06-30T21:01:33.771601+00:00,2026-07-01T07:01:33.762602,2,2,70.85,0.3,70.7,100,70.5,150,,,,,,,,,,,,,,,,,71.0,110,71.2,100,,,,,,,,,,,,,,,,
2026-06-30T21:01:34.121164+00:00,2026-07-01T07:01:34.118164,2,2,70.85,0.3,70.7,100,70.5,150,,,,,,,,,,,,,,,,,71.0,100,71.2,100,,,,,,,,,,,,,,,,
2026-06-30T21:01:34.132092+00:00,2026-07-01T07:01:34.123165,2,2,70.85,0.3,70.7,100,70.5,150,,,,,,,,,,,,,,,,,71.0,110,71.2,100,,,,,,,,,,,,,,,,
2026-06-30T21:01:34.634838+00:00,2026-07-01T07:01:34.630838,2,2,70.85,0.3,70.7,100,70.5,150,,,,,,,,,,,,,,,,,71.0,110,71.2,100,,,,,,,,,,,,,,,,
2026-06-30T21:01:35.045902+00:00,2026-07-01T07:01:35.045902,1,2,70.85,0.3,70.7,100,,,,,,,,,,,,,,,,,,,71.0,10,71.2,100,,,,,,,,,,,,,,,,
2026-06-30T21:01:35.099935+00:00,2026-07-01T07:01:35.098935,2,2,70.85,0.3,70.7,100,70.6,150,,,,,,,,,,,,,,,,,71.0,10,71.2,100,,,,,,,,,,,,,,,,
2026-06-30T21:01:35.142965+00:00,2026-07-01T07:01:35.138965,2,2,70.9,0.4,70.7,100,70.6,150,,,,,,,,,,,,,,,,,71.1,10,71.2,100,,,,,,,,,,,,,,,,
2026-06-30T21:01:35.153965+00:00,2026-07-01T07:01:35.150966,2,2,70.9,0.4,70.7,100,70.6,150,,,,,,,,,,,,,,,,,71.1,160,71.2,100,,,,,,,,,,,,,,,,
2026-06-30T21:01:35.649398+00:00,2026-07-01T07:01:35.646845,2,3,70.85,0.3,70.7,100,70.6,150,,,,,,,,,,,,,,,,,71.0,10,71.1,150,71.2,100,,,,,,,,,,,,,,
2026-06-30T21:01:35.877935+00:00,2026-07-01T07:01:35.870934,2,2,70.9,0.4,70.7,100,70.6,150,,,,,,,,,,,,,,,,,71.1,110,71.2,100,,,,,,,,,,,,,,,,
2026-06-30T21:01:35.888946+00:00,2026-07-01T07:01:35.887945,2,1,70.9,0.4,70.7,100,70.6,150,,,,,,,,,,,,,,,,,71.1,110,,,,,,,,,,,,,,,,,,
2026-06-30T21:01:35.899946+00:00,2026-07-01T07:01:35.889946,1,1,70.85,0.5,70.6,150,,,,,,,,,,,,,,,,,,,71.1,110,,,,,,,,,,,,,,,,,,
2026-06-30T21:01:35.943323+00:00,2026-07-01T07:01:35.942323,1,1,70.85,0.5,70.6,250,,,,,,,,,,,,,,,,,,,71.1,110,,,,,,,,,,,,,,,,,,
2026-06-30T21:01:35.998345+00:00,2026-07-01T07:01:35.994344,1,1,70.85,0.5,70.6,250,,,,,,,,,,,,,,,,,,,71.1,210,,,,,,,,,,,,,,,,,,
2026-06-30T21:01:36.174348+00:00,2026-07-01T07:01:36.163348,1,2,70.8,0.4,70.6,250,,,,,,,,,,,,,,,,,,,71.0,10,71.1,210,,,,,,,,,,,,,,,,
2026-06-30T21:01:36.675400+00:00,2026-07-01T07:01:36.672401,1,1,70.85,0.5,70.6,250,,,,,,,,,,,,,,,,,,,71.1,210,,,,,,,,,,,,,,,,,,
2026-06-30T21:01:36.686401+00:00,2026-07-01T07:01:36.677401,1,2,70.8,0.4,70.6,250,,,,,,,,,,,,,,,,,,,71.0,10,71.1,210,,,,,,,,,,,,,,,,
2026-06-30T21:01:37.189972+00:00,2026-07-01T07:01:37.184972,1,2,70.8,0.4,70.6,250,,,,,,,,,,,,,,,,,,,71.0,10,71.1,210,,,,,,,,,,,,,,,,
2026-06-30T21:01:37.692529+00:00,2026-07-01T07:01:37.689112,1,1,70.85,0.5,70.6,250,,,,,,,,,,,,,,,,,,,71.1,210,,,,,,,,,,,,,,,,,,
2026-06-30T21:01:37.703540+00:00,2026-07-01T07:01:37.693540,1,2,70.8,0.4,70.6,250,,,,,,,,,,,,,,,,,,,71.0,10,71.1,210,,,,,,,,,,,,,,,,
2026-06-30T21:01:38.207929+00:00,2026-07-01T07:01:38.204929,1,2,70.8,0.4,70.6,100,,,,,,,,,,,,,,,,,,,71.0,10,71.1,100,,,,,,,,,,,,,,,,
2026-06-30T21:01:38.262483+00:00,2026-07-01T07:01:38.259961,2,2,70.8,0.4,70.6,100,70.5,150,,,,,,,,,,,,,,,,,71.0,10,71.1,100,,,,,,,,,,,,,,,,
2026-06-30T21:01:38.316524+00:00,2026-07-01T07:01:38.313523,2,2,70.8,0.4,70.6,100,70.5,150,,,,,,,,,,,,,,,,,71.0,160,71.1,100,,,,,,,,,,,,,,,,
2026-06-30T21:01:38.708205+00:00,2026-07-01T07:01:38.705204,2,2,70.8,0.4,70.6,100,70.5,150,,,,,,,,,,,,,,,,,71.0,150,71.1,100,,,,,,,,,,,,,,,,
2026-06-30T21:01:38.719204+00:00,2026-07-01T07:01:38.708205,2,3,70.75,0.3,70.6,100,70.5,150,,,,,,,,,,,,,,,,,70.9,10,71.0,150,71.1,100,,,,,,,,,,,,,,
2026-06-30T21:01:39.056577+00:00,2026-07-01T07:01:39.050576,1,2,70.7,0.4,70.5,150,,,,,,,,,,,,,,,,,,,70.9,10,71.0,150,,,,,,,,,,,,,,,,
2026-06-30T21:01:39.110652+00:00,2026-07-01T07:01:39.105124,2,2,70.75,0.3,70.6,100,70.5,150,,,,,,,,,,,,,,,,,70.9,10,71.0,150,,,,,,,,,,,,,,,,
2026-06-30T21:01:39.165168+00:00,2026-07-01T07:01:39.158168,2,3,70.75,0.3,70.6,100,70.5,150,,,,,,,,,,,,,,,,,70.9,10,71.0,150,71.1,100,,,,,,,,,,,,,,
2026-06-30T21:01:39.219610+00:00,2026-07-01T07:01:39.218034,2,2,70.8,0.4,70.6,100,70.5,150,,,,,,,,,,,,,,,,,71.0,150,71.1,100,,,,,,,,,,,,,,,,
2026-06-30T21:01:39.230465+00:00,2026-07-01T07:01:39.221607,2,3,70.75,0.3,70.6,100,70.5,150,,,,,,,,,,,,,,,,,70.9,10,71.0,150,71.1,100,,,,,,,,,,,,,,
2026-06-30T21:01:39.732289+00:00,2026-07-01T07:01:39.729276,2,3,70.75,0.3,70.6,100,70.5,150,,,,,,,,,,,,,,,,,70.9,10,71.0,150,71.1,100,,,,,,,,,,,,,,
2026-06-30T21:01:40.146838+00:00,2026-07-01T07:01:40.137838,2,3,70.75,0.3,70.6,50,70.5,150,,,,,,,,,,,,,,,,,70.9,10,71.0,150,71.1,100,,,,,,,,,,,,,,
2026-06-30T21:01:40.244899+00:00,2026-07-01T07:01:40.236900,2,3,70.75,0.3,70.6,50,70.5,150,,,,,,,,,,,,,,,,,70.9,10,71.0,150,71.1,100,,,,,,,,,,,,,,
2026-06-30T21:01:40.748978+00:00,2026-07-01T07:01:40.744977,2,3,70.75,0.3,70.6,50,70.5,150,,,,,,,,,,,,,,,,,70.9,10,71.0,150,71.1,100,,,,,,,,,,,,,,
2026-06-30T21:01:41.252188+00:00,2026-07-01T07:01:41.248524,2,2,70.8,0.4,70.6,50,70.5,150,,,,,,,,,,,,,,,,,71.0,150,71.1,100,,,,,,,,,,,,,,,,
2026-06-30T21:01:41.262766+00:00,2026-07-01T07:01:41.254185,2,3,70.75,0.3,70.6,50,70.5,150,,,,,,,,,,,,,,,,,70.9,10,71.0,150,71.1,100,,,,,,,,,,,,,,
2026-06-30T21:01:41.371747+00:00,2026-07-01T07:01:41.368746,1,2,70.75,0.3,70.6,50,,,,,,,,,,,,,,,,,,,70.9,10,71.1,100,,,,,,,,,,,,,,,,
2026-06-30T21:01:41.425780+00:00,2026-07-01T07:01:41.421781,2,2,70.75,0.3,70.6,50,70.5,150,,,,,,,,,,,,,,,,,70.9,10,71.1,100,,,,,,,,,,,,,,,,
2026-06-30T21:01:41.480329+00:00,2026-07-01T07:01:41.473781,2,3,70.75,0.3,70.6,50,70.5,150,,,,,,,,,,,,,,,,,70.9,10,71.0,150,71.1,100,,,,,,,,,,,,,,
2026-06-30T21:01:41.763953+00:00,2026-07-01T07:01:41.760953,2,3,70.75,0.3,70.6,50,70.5,150,,,,,,,,,,,,,,,,,70.9,10,71.0,150,71.1,100,,,,,,,,,,,,,,
2026-06-30T21:01:42.236094+00:00,2026-07-01T07:01:42.227095,1,2,70.7,0.4,70.5,150,,,,,,,,,,,,,,,,,,,70.9,10,71.0,150,,,,,,,,,,,,,,,,
2026-06-30T21:01:42.246617+00:00,2026-07-01T07:01:42.244617,1,2,70.7,0.4,70.5,100,,,,,,,,,,,,,,,,,,,70.9,10,71.0,150,,,,,,,,,,,,,,,,
2026-06-30T21:01:42.279618+00:00,2026-07-01T07:01:42.276617,1,2,70.7,0.4,70.5,100,,,,,,,,,,,,,,,,,,,70.9,10,71.0,150,,,,,,,,,,,,,,,,
2026-06-30T21:01:42.290617+00:00,2026-07-01T07:01:42.280617,2,2,70.7,0.4,70.5,100,70.3,100,,,,,,,,,,,,,,,,,70.9,10,71.0,150,,,,,,,,,,,,,,,,
2026-06-30T21:01:42.335112+00:00,2026-07-01T07:01:42.334112,2,3,70.65,0.3,70.5,100,70.3,100,,,,,,,,,,,,,,,,,70.8,100,70.9,10,71.0,150,,,,,,,,,,,,,,
2026-06-30T21:01:42.785169+00:00,2026-07-01T07:01:42.784169,2,2,70.65,0.3,70.5,100,70.3,100,,,,,,,,,,,,,,,,,70.8,110,71.0,150,,,,,,,,,,,,,,,,
2026-06-30T21:01:43.289813+00:00,2026-07-01T07:01:43.288813,2,2,70.65,0.3,70.5,100,70.3,100,,,,,,,,,,,,,,,,,70.8,100,71.0,150,,,,,,,,,,,,,,,,
2026-06-30T21:01:43.300813+00:00,2026-07-01T07:01:43.291813,2,2,70.65,0.3,70.5,100,70.3,100,,,,,,,,,,,,,,,,,70.8,110,71.0,150,,,,,,,,,,,,,,,,
2026-06-30T21:01:43.750282+00:00,2026-07-01T07:01:43.742282,2,2,70.65,0.3,70.5,100,70.3,100,,,,,,,,,,,,,,,,,70.8,65,71.0,150,,,,,,,,,,,,,,,,
2026-06-30T21:01:43.804291+00:00,2026-07-01T07:01:43.800291,2,2,70.65,0.3,70.5,100,70.3,100,,,,,,,,,,,,,,,,,70.8,65,71.0,150,,,,,,,,,,,,,,,,
2026-06-30T21:01:44.307078+00:00,2026-07-01T07:01:44.304082,2,2,70.65,0.3,70.5,100,70.3,100,,,,,,,,,,,,,,,,,70.8,55,71.0,150,,,,,,,,,,,,,,,,
2026-06-30T21:01:44.318079+00:00,2026-07-01T07:01:44.307078,2,2,70.65,0.3,70.5,100,70.3,100,,,,,,,,,,,,,,,,,70.8,65,71.0,150,,,,,,,,,,,,,,,,
2026-06-30T21:01:44.340079+00:00,2026-07-01T07:01:44.330079,2,2,70.65,0.3,70.5,60,70.3,100,,,,,,,,,,,,,,,,,70.8,65,71.0,150,,,,,,,,,,,,,,,,
2026-06-30T21:01:44.362299+00:00,2026-07-01T07:01:44.351079,2,2,70.65,0.3,70.5,10,70.3,100,,,,,,,,,,,,,,,,,70.8,65,71.0,150,,,,,,,,,,,,,,,,
2026-06-30T21:01:44.536275+00:00,2026-07-01T07:01:44.530273,1,1,70.55,0.5,70.3,100,,,,,,,,,,,,,,,,,,,70.8,65,,,,,,,,,,,,,,,,,,
2026-06-30T21:01:44.591274+00:00,2026-07-01T07:01:44.583274,2,1,70.55,0.5,70.3,100,70.0,150,,,,,,,,,,,,,,,,,70.8,65,,,,,,,,,,,,,,,,,,
2026-06-30T21:01:44.645284+00:00,2026-07-01T07:01:44.635284,2,2,70.4,0.2,70.3,100,70.0,150,,,,,,,,,,,,,,,,,70.5,150,70.8,65,,,,,,,,,,,,,,,,
2026-06-30T21:01:44.820266+00:00,2026-07-01T07:01:44.816265,2,2,70.4,0.2,70.3,100,70.0,150,,,,,,,,,,,,,,,,,70.5,160,70.8,55,,,,,,,,,,,,,,,,
2026-06-30T21:01:45.321247+00:00,2026-07-01T07:01:45.320246,2,2,70.4,0.2,70.3,100,70.0,150,,,,,,,,,,,,,,,,,70.5,150,70.8,55,,,,,,,,,,,,,,,,
2026-06-30T21:01:45.332247+00:00,2026-07-01T07:01:45.325247,2,2,70.4,0.2,70.3,100,70.0,150,,,,,,,,,,,,,,,,,70.5,160,70.8,55,,,,,,,,,,,,,,,,
2026-06-30T21:01:45.397279+00:00,2026-07-01T07:01:45.391279,1,1,70.25,0.5,70.0,150,,,,,,,,,,,,,,,,,,,70.5,160,,,,,,,,,,,,,,,,,,
2026-06-30T21:01:45.451639+00:00,2026-07-01T07:01:45.445639,2,1,70.45,0.1,70.4,100,70.0,150,,,,,,,,,,,,,,,,,70.5,160,,,,,,,,,,,,,,,,,,
2026-06-30T21:01:45.505592+00:00,2026-07-01T07:01:45.499593,2,2,70.45,0.1,70.4,100,70.0,150,,,,,,,,,,,,,,,,,70.5,160,70.9,100,,,,,,,,,,,,,,,,
2026-06-30T21:01:45.832480+00:00,2026-07-01T07:01:45.828952,2,2,70.45,0.1,70.4,100,70.0,150,,,,,,,,,,,,,,,,,70.5,150,70.9,100,,,,,,,,,,,,,,,,
2026-06-30T21:01:45.843552+00:00,2026-07-01T07:01:45.832480,2,2,70.45,0.1,70.4,100,70.0,150,,,,,,,,,,,,,,,,,70.5,160,70.9,100,,,,,,,,,,,,,,,,
2026-06-30T21:01:46.344994+00:00,2026-07-01T07:01:46.340994,2,2,70.45,0.1,70.4,100,70.0,150,,,,,,,,,,,,,,,,,70.5,160,70.9,100,,,,,,,,,,,,,,,,
2026-06-30T21:01:46.849413+00:00,2026-07-01T07:01:46.849413,2,2,70.45,0.1,70.4,100,70.0,150,,,,,,,,,,,,,,,,,70.5,160,70.9,100,,,,,,,,,,,,,,,,
2026-06-30T21:01:46.969460+00:00,2026-07-01T07:01:46.963461,2,2,70.45,0.1,70.4,100,70.0,150,,,,,,,,,,,,,,,,,70.5,119,70.9,100,,,,,,,,,,,,,,,,
2026-06-30T21:01:47.363397+00:00,2026-07-01T07:01:47.362397,2,2,70.45,0.1,70.4,100,70.0,150,,,,,,,,,,,,,,,,,70.5,119,70.9,100,,,,,,,,,,,,,,,,
2026-06-30T21:01:47.701383+00:00,2026-07-01T07:01:47.697382,1,2,70.45,0.1,70.4,100,,,,,,,,,,,,,,,,,,,70.5,10,70.9,100,,,,,,,,,,,,,,,,
2026-06-30T21:01:47.756310+00:00,2026-07-01T07:01:47.750781,2,2,70.45,0.1,70.4,100,70.1,150,,,,,,,,,,,,,,,,,70.5,10,70.9,100,,,,,,,,,,,,,,,,
2026-06-30T21:01:47.811310+00:00,2026-07-01T07:01:47.804311,2,3,70.45,0.1,70.4,100,70.1,150,,,,,,,,,,,,,,,,,70.5,10,70.6,150,70.9,100,,,,,,,,,,,,,,
2026-06-30T21:01:47.865343+00:00,2026-07-01T07:01:47.864343,2,2,70.5,0.2,70.4,100,70.1,150,,,,,,,,,,,,,,,,,70.6,150,70.9,100,,,,,,,,,,,,,,,,
2026-06-30T21:01:47.876343+00:00,2026-07-01T07:01:47.868345,2,2,70.5,0.2,70.4,100,70.1,150,,,,,,,,,,,,,,,,,70.6,160,70.9,100,,,,,,,,,,,,,,,,
2026-06-30T21:01:48.379897+00:00,2026-07-01T07:01:48.374897,2,2,70.5,0.2,70.4,100,70.1,150,,,,,,,,,,,,,,,,,70.6,160,70.9,100,,,,,,,,,,,,,,,,
2026-06-30T21:01:48.542480+00:00,2026-07-01T07:01:48.536479,2,2,70.5,0.2,70.4,100,70.1,150,,,,,,,,,,,,,,,,,70.6,110,70.9,100,,,,,,,,,,,,,,,,
2026-06-30T21:01:48.563998+00:00,2026-07-01T07:01:48.554479,1,1,70.35,0.5,70.1,150,,,,,,,,,,,,,,,,,,,70.6,110,,,,,,,,,,,,,,,,,,
2026-06-30T21:01:48.618512+00:00,2026-07-01T07:01:48.607513,2,1,70.45,0.3,70.3,100,70.1,150,,,,,,,,,,,,,,,,,70.6,110,,,,,,,,,,,,,,,,,,
2026-06-30T21:01:48.662513+00:00,2026-07-01T07:01:48.660512,2,2,70.45,0.3,70.3,100,70.1,150,,,,,,,,,,,,,,,,,70.6,110,70.8,100,,,,,,,,,,,,,,,,
2026-06-30T21:01:48.901980+00:00,2026-07-01T07:01:48.893980,2,2,70.45,0.3,70.3,100,70.1,150,,,,,,,,,,,,,,,,,70.6,100,70.8,100,,,,,,,,,,,,,,,,
2026-06-30T21:01:48.912981+00:00,2026-07-01T07:01:48.906981,2,3,70.4,0.2,70.3,100,70.1,150,,,,,,,,,,,,,,,,,70.5,10,70.6,100,70.8,100,,,,,,,,,,,,,,
2026-06-30T21:01:49.252644+00:00,2026-07-01T07:01:49.241643,2,2,70.45,0.3,70.3,100,70.1,150,,,,,,,,,,,,,,,,,70.6,100,70.8,100,,,,,,,,,,,,,,,,
2026-06-30T21:01:50.311654+00:00,2026-07-01T07:01:50.301655,2,2,70.45,0.3,70.3,60,70.1,150,,,,,,,,,,,,,,,,,70.6,100,70.8,100,,,,,,,,,,,,,,,,
2026-06-30T21:01:50.431112+00:00,2026-07-01T07:01:50.423112,2,3,70.4,0.2,70.3,60,70.1,150,,,,,,,,,,,,,,,,,70.5,10,70.6,100,70.8,100,,,,,,,,,,,,,,
2026-06-30T21:01:50.715158+00:00,2026-07-01T07:01:50.704159,2,3,70.4,0.2,70.3,10,70.1,150,,,,,,,,,,,,,,,,,70.5,10,70.6,100,70.8,100,,,,,,,,,,,,,,
2026-06-30T21:01:50.869182+00:00,2026-07-01T07:01:50.863183,1,2,70.4,0.2,70.3,10,,,,,,,,,,,,,,,,,,,70.5,10,70.8,100,,,,,,,,,,,,,,,,
2026-06-30T21:01:50.923225+00:00,2026-07-01T07:01:50.917698,1,2,70.4,0.2,70.3,160,,,,,,,,,,,,,,,,,,,70.5,10,70.8,100,,,,,,,,,,,,,,,,
2026-06-30T21:01:50.933794+00:00,2026-07-01T07:01:50.929223,1,1,70.55,0.5,70.3,160,,,,,,,,,,,,,,,,,,,70.8,100,,,,,,,,,,,,,,,,,,
2026-06-30T21:01:50.944180+00:00,2026-07-01T07:01:50.937794,1,2,70.5,0.4,70.3,160,,,,,,,,,,,,,,,,,,,70.7,10,70.8,100,,,,,,,,,,,,,,,,
2026-06-30T21:01:50.976695+00:00,2026-07-01T07:01:50.970695,1,2,70.5,0.4,70.3,160,,,,,,,,,,,,,,,,,,,70.7,10,70.8,250,,,,,,,,,,,,,,,,
2026-06-30T21:01:51.447779+00:00,2026-07-01T07:01:51.445779,1,2,70.5,0.4,70.3,160,,,,,,,,,,,,,,,,,,,70.7,10,70.8,250,,,,,,,,,,,,,,,,
2026-06-30T21:01:51.722952+00:00,2026-07-01T07:01:51.716952,1,2,70.5,0.4,70.3,150,,,,,,,,,,,,,,,,,,,70.7,10,70.8,150,,,,,,,,,,,,,,,,
2026-06-30T21:01:51.778286+00:00,2026-07-01T07:01:51.768286,2,2,70.5,0.4,70.3,150,70.1,100,,,,,,,,,,,,,,,,,70.7,10,70.8,150,,,,,,,,,,,,,,,,
2026-06-30T21:01:51.821802+00:00,2026-07-01T07:01:51.820802,2,3,70.45,0.3,70.3,150,70.1,100,,,,,,,,,,,,,,,,,70.6,100,70.7,10,70.8,150,,,,,,,,,,,,,,
2026-06-30T21:01:51.964329+00:00,2026-07-01T07:01:51.959831,2,3,70.4,0.2,70.3,150,70.1,100,,,,,,,,,,,,,,,,,70.5,10,70.6,100,70.8,150,,,,,,,,,,,,,,
2026-06-30T21:01:52.468881+00:00,2026-07-01T07:01:52.466881,2,3,70.4,0.2,70.3,150,70.1,100,,,,,,,,,,,,,,,,,70.5,10,70.6,100,70.8,150,,,,,,,,,,,,,,
2026-06-30T21:01:52.809956+00:00,2026-07-01T07:01:52.807955,2,3,70.4,0.2,70.3,100,70.1,100,,,,,,,,,,,,,,,,,70.5,10,70.6,100,70.8,150,,,,,,,,,,,,,,
2026-06-30T21:01:52.974951+00:00,2026-07-01T07:01:52.970433,2,2,70.45,0.3,70.3,100,70.1,100,,,,,,,,,,,,,,,,,70.6,100,70.8,150,,,,,,,,,,,,,,,,
2026-06-30T21:01:53.502004+00:00,2026-07-01T07:01:53.493008,2,2,70.45,0.3,70.3,100,70.1,100,,,,,,,,,,,,,,,,,70.6,52,70.8,150,,,,,,,,,,,,,,,,
2026-06-30T21:01:54.028084+00:00,2026-07-01T07:01:54.025085,1,1,70.35,0.5,70.1,100,,,,,,,,,,,,,,,,,,,70.6,52,,,,,,,,,,,,,,,,,,
2026-06-30T21:01:54.083084+00:00,2026-07-01T07:01:54.078084,2,1,70.4,0.4,70.2,150,70.1,100,,,,,,,,,,,,,,,,,70.6,52,,,,,,,,,,,,,,,,,,
2026-06-30T21:01:54.137117+00:00,2026-07-01T07:01:54.131117,2,2,70.4,0.4,70.2,150,70.1,100,,,,,,,,,,,,,,,,,70.6,52,70.7,150,,,,,,,,,,,,,,,,
2026-06-30T21:01:54.876169+00:00,2026-07-01T07:01:54.876169,2,1,70.45,0.5,70.2,150,70.1,100,,,,,,,,,,,,,,,,,70.7,150,,,,,,,,,,,,,,,,,,
2026-06-30T21:01:54.930199+00:00,2026-07-01T07:01:54.921199,1,1,70.45,0.5,70.2,100,,,,,,,,,,,,,,,,,,,70.7,150,,,,,,,,,,,,,,,,,,
2026-06-30T21:01:54.951716+00:00,2026-07-01T07:01:54.950199,2,1,70.55,0.3,70.4,100,70.2,100,,,,,,,,,,,,,,,,,70.7,150,,,,,,,,,,,,,,,,,,
2026-06-30T21:01:54.994265+00:00,2026-07-01T07:01:54.987264,2,1,70.55,0.3,70.4,100,70.2,100,,,,,,,,,,,,,,,,,70.7,160,,,,,,,,,,,,,,,,,,
2026-06-30T21:01:55.004780+00:00,2026-07-01T07:01:55.003264,2,2,70.55,0.3,70.4,100,70.2,100,,,,,,,,,,,,,,,,,70.7,160,70.9,100,,,,,,,,,,,,,,,,
2026-06-30T21:01:55.504579+00:00,2026-07-01T07:01:55.501065,2,2,70.55,0.3,70.4,100,70.2,100,,,,,,,,,,,,,,,,,70.7,160,70.9,100,,,,,,,,,,,,,,,,
2026-06-30T21:01:56.009811+00:00,2026-07-01T07:01:56.004810,2,2,70.55,0.3,70.4,100,70.2,100,,,,,,,,,,,,,,,,,70.7,160,70.9,100,,,,,,,,,,,,,,,,
2026-06-30T21:01:56.393203+00:00,2026-07-01T07:01:56.383203,2,2,70.55,0.3,70.4,53,70.2,100,,,,,,,,,,,,,,,,,70.7,160,70.9,100,,,,,,,,,,,,,,,,
2026-06-30T21:01:56.513682+00:00,2026-07-01T07:01:56.512682,2,2,70.55,0.3,70.4,53,70.2,100,,,,,,,,,,,,,,,,,70.7,160,70.9,100,,,,,,,,,,,,,,,,
2026-06-30T21:01:56.941918+00:00,2026-07-01T07:01:56.933918,2,2,70.55,0.3,70.4,12,70.2,100,,,,,,,,,,,,,,,,,70.7,160,70.9,100,,,,,,,,,,,,,,,,
2026-06-30T21:01:57.018937+00:00,2026-07-01T07:01:57.017937,2,2,70.55,0.3,70.4,12,70.2,100,,,,,,,,,,,,,,,,,70.7,150,70.9,100,,,,,,,,,,,,,,,,
2026-06-30T21:01:57.029937+00:00,2026-07-01T07:01:57.023937,1,2,70.45,0.5,70.2,62,,,,,,,,,,,,,,,,,,,70.7,160,70.9,100,,,,,,,,,,,,,,,,
2026-06-30T21:01:57.193481+00:00,2026-07-01T07:01:57.187481,0,2,,,,,,,,,,,,,,,,,,,,,,,70.7,10,70.9,100,,,,,,,,,,,,,,,,
2026-06-30T21:01:57.247963+00:00,2026-07-01T07:01:57.241964,1,2,70.15,1.1,69.6,150,,,,,,,,,,,,,,,,,,,70.7,10,70.9,100,,,,,,,,,,,,,,,,
2026-06-30T21:01:57.302478+00:00,2026-07-01T07:01:57.294477,1,3,69.85,0.5,69.6,150,,,,,,,,,,,,,,,,,,,70.1,150,70.7,10,70.9,100,,,,,,,,,,,,,,
2026-06-30T21:01:57.532992+00:00,2026-07-01T07:01:57.527992,1,2,69.85,0.5,69.6,150,,,,,,,,,,,,,,,,,,,70.1,150,70.9,100,,,,,,,,,,,,,,,,
2026-06-30T21:01:58.068065+00:00,2026-07-01T07:01:58.061065,1,1,69.85,0.5,69.6,150,,,,,,,,,,,,,,,,,,,70.1,150,,,,,,,,,,,,,,,,,,
2026-06-30T21:01:58.112067+00:00,2026-07-01T07:01:58.111065,2,1,69.95,0.3,69.8,100,69.6,150,,,,,,,,,,,,,,,,,70.1,150,,,,,,,,,,,,,,,,,,
2026-06-30T21:01:58.167082+00:00,2026-07-01T07:01:58.164082,2,2,69.95,0.3,69.8,100,69.6,150,,,,,,,,,,,,,,,,,70.1,150,70.3,100,,,,,,,,,,,,,,,,
2026-06-30T21:01:59.142197+00:00,2026-07-01T07:01:59.132198,2,2,69.95,0.3,69.8,50,69.6,150,,,,,,,,,,,,,,,,,70.1,150,70.3,100,,,,,,,,,,,,,,,,
2026-06-30T21:02:00.358758+00:00,2026-07-01T07:02:00.350758,1,1,70.05,0.5,69.8,50,,,,,,,,,,,,,,,,,,,70.3,100,,,,,,,,,,,,,,,,,,
2026-06-30T21:02:00.424750+00:00,2026-07-01T07:02:00.414758,2,1,70.05,0.5,69.8,50,69.5,150,,,,,,,,,,,,,,,,,70.3,100,,,,,,,,,,,,,,,,,,
2026-06-30T21:02:00.468748+00:00,2026-07-01T07:02:00.466747,2,2,69.9,0.2,69.8,50,69.5,150,,,,,,,,,,,,,,,,,70.0,150,70.3,100,,,,,,,,,,,,,,,,
2026-06-30T21:02:01.057064+00:00,2026-07-01T07:02:01.052129,2,2,69.9,0.2,69.8,60,69.5,150,,,,,,,,,,,,,,,,,70.0,150,70.3,100,,,,,,,,,,,,,,,,
2026-06-30T21:02:01.219619+00:00,2026-07-01T07:02:01.218102,2,1,69.9,0.2,69.8,60,69.5,150,,,,,,,,,,,,,,,,,70.0,150,,,,,,,,,,,,,,,,,,
2026-06-30T21:02:01.230134+00:00,2026-07-01T07:02:01.220139,2,1,69.9,0.2,69.8,10,69.5,150,,,,,,,,,,,,,,,,,70.0,150,,,,,,,,,,,,,,,,,,
2026-06-30T21:02:01.241151+00:00,2026-07-01T07:02:01.238134,1,1,69.75,0.5,69.5,110,,,,,,,,,,,,,,,,,,,70.0,150,,,,,,,,,,,,,,,,,,
2026-06-30T21:02:01.283600+00:00,2026-07-01T07:02:01.273186,2,1,69.85,0.3,69.7,100,69.5,110,,,,,,,,,,,,,,,,,70.0,150,,,,,,,,,,,,,,,,,,
2026-06-30T21:02:01.338011+00:00,2026-07-01T07:02:01.327010,2,2,69.85,0.3,69.7,100,69.5,110,,,,,,,,,,,,,,,,,70.0,150,70.2,100,,,,,,,,,,,,,,,,
2026-06-30T21:02:03.353401+00:00,2026-07-01T07:02:03.345402,2,2,69.85,0.3,69.7,50,69.5,110,,,,,,,,,,,,,,,,,70.0,150,70.2,100,,,,,,,,,,,,,,,,
2026-06-30T21:02:03.529907+00:00,2026-07-01T07:02:03.522906,1,1,69.95,0.5,69.7,50,,,,,,,,,,,,,,,,,,,70.2,100,,,,,,,,,,,,,,,,,,
2026-06-30T21:02:03.584422+00:00,2026-07-01T07:02:03.583422,2,1,69.95,0.5,69.7,50,69.5,150,,,,,,,,,,,,,,,,,70.2,100,,,,,,,,,,,,,,,,,,
2026-06-30T21:02:03.639422+00:00,2026-07-01T07:02:03.629423,2,2,69.85,0.3,69.7,50,69.5,150,,,,,,,,,,,,,,,,,70.0,150,70.2,100,,,,,,,,,,,,,,,,
2026-06-30T21:02:04.394364+00:00,2026-07-01T07:02:04.384364,1,1,69.75,0.5,69.5,150,,,,,,,,,,,,,,,,,,,70.0,150,,,,,,,,,,,,,,,,,,
2026-06-30T21:02:04.449853+00:00,2026-07-01T07:02:04.438853,2,1,69.8,0.4,69.6,100,69.5,150,,,,,,,,,,,,,,,,,70.0,150,,,,,,,,,,,,,,,,,,
2026-06-30T21:02:04.493853+00:00,2026-07-01T07:02:04.492853,2,2,69.8,0.4,69.6,100,69.5,150,,,,,,,,,,,,,,,,,70.0,150,70.1,100,,,,,,,,,,,,,,,,
2026-06-30T21:02:05.107939+00:00,2026-07-01T07:02:05.099938,3,2,69.85,0.3,69.7,10,69.6,100,69.5,150,,,,,,,,,,,,,,,70.0,150,70.1,100,,,,,,,,,,,,,,,,
2026-06-30T21:02:05.458831+00:00,2026-07-01T07:02:05.454831,2,2,69.8,0.4,69.6,60,69.5,150,,,,,,,,,,,,,,,,,70.0,150,70.1,100,,,,,,,,,,,,,,,,
2026-06-30T21:02:06.697661+00:00,2026-07-01T07:02:06.689661,1,1,69.85,0.5,69.6,60,,,,,,,,,,,,,,,,,,,70.1,100,,,,,,,,,,,,,,,,,,
2026-06-30T21:02:06.741661+00:00,2026-07-01T07:02:06.740660,2,1,69.85,0.5,69.6,60,69.3,150,,,,,,,,,,,,,,,,,70.1,100,,,,,,,,,,,,,,,,,,
2026-06-30T21:02:06.795965+00:00,2026-07-01T07:02:06.794403,2,2,69.7,0.2,69.6,60,69.3,150,,,,,,,,,,,,,,,,,69.8,150,70.1,100,,,,,,,,,,,,,,,,
2026-06-30T21:02:07.550257+00:00,2026-07-01T07:02:07.548257,1,1,69.55,0.5,69.3,150,,,,,,,,,,,,,,,,,,,69.8,150,,,,,,,,,,,,,,,,,,
2026-06-30T21:02:07.561256+00:00,2026-07-01T07:02:07.560257,1,1,69.55,0.5,69.3,100,,,,,,,,,,,,,,,,,,,69.8,150,,,,,,,,,,,,,,,,,,
2026-06-30T21:02:07.604783+00:00,2026-07-01T07:02:07.600783,2,1,69.6,0.4,69.4,100,69.3,100,,,,,,,,,,,,,,,,,69.8,150,,,,,,,,,,,,,,,,,,
2026-06-30T21:02:07.626206+00:00,2026-07-01T07:02:07.622689,3,1,69.65,0.3,69.5,10,69.4,100,69.3,100,,,,,,,,,,,,,,,69.8,150,,,,,,,,,,,,,,,,,,
2026-06-30T21:02:07.691721+00:00,2026-07-01T07:02:07.688720,3,2,69.65,0.3,69.5,10,69.4,100,69.3,100,,,,,,,,,,,,,,,69.8,150,69.9,100,,,,,,,,,,,,,,,,
2026-06-30T21:02:08.132460+00:00,2026-07-01T07:02:08.131459,3,2,69.65,0.3,69.5,10,69.4,100,69.3,100,,,,,,,,,,,,,,,69.8,150,69.9,100,,,,,,,,,,,,,,,,
2026-06-30T21:02:08.645049+00:00,2026-07-01T07:02:08.636050,2,2,69.6,0.4,69.4,100,69.3,100,,,,,,,,,,,,,,,,,69.8,150,69.9,100,,,,,,,,,,,,,,,,
2026-06-30T21:02:09.146080+00:00,2026-07-01T07:02:09.142080,3,2,69.65,0.3,69.5,10,69.4,100,69.3,100,,,,,,,,,,,,,,,69.8,150,69.9,100,,,,,,,,,,,,,,,,
2026-06-30T21:02:09.657993+00:00,2026-07-01T07:02:09.650992,3,2,69.65,0.3,69.5,10,69.4,100,69.3,100,,,,,,,,,,,,,,,69.8,150,69.9,100,,,,,,,,,,,,,,,,
2026-06-30T21:02:09.680005+00:00,2026-07-01T07:02:09.669993,2,2,69.6,0.4,69.4,60,69.3,100,,,,,,,,,,,,,,,,,69.8,150,69.9,100,,,,,,,,,,,,,,,,
2026-06-30T21:02:09.855296+00:00,2026-07-01T07:02:09.850297,1,1,69.65,0.5,69.4,60,,,,,,,,,,,,,,,,,,,69.9,100,,,,,,,,,,,,,,,,,,
2026-06-30T21:02:09.910538+00:00,2026-07-01T07:02:09.903538,2,1,69.65,0.5,69.4,60,69.2,150,,,,,,,,,,,,,,,,,69.9,100,,,,,,,,,,,,,,,,,,
2026-06-30T21:02:09.965040+00:00,2026-07-01T07:02:09.960040,2,1,69.65,0.5,69.4,60,69.2,150,,,,,,,,,,,,,,,,,69.9,100,,,,,,,,,,,,,,,,,,
2026-06-30T21:02:10.162569+00:00,2026-07-01T07:02:10.157568,3,1,69.7,0.4,69.5,10,69.4,60,69.2,150,,,,,,,,,,,,,,,69.9,100,,,,,,,,,,,,,,,,,,
2026-06-30T21:02:10.547624+00:00,2026-07-01T07:02:10.541623,3,1,69.7,0.4,69.5,10,69.4,60,69.2,150,,,,,,,,,,,,,,,69.9,59,,,,,,,,,,,,,,,,,,
2026-06-30T21:02:10.689635+00:00,2026-07-01T07:02:10.686636,2,1,69.65,0.5,69.4,60,69.2,150,,,,,,,,,,,,,,,,,69.9,59,,,,,,,,,,,,,,,,,,
2026-06-30T21:02:10.722636+00:00,2026-07-01T07:02:10.721636,3,1,69.7,0.4,69.5,10,69.4,60,69.2,150,,,,,,,,,,,,,,,69.9,59,,,,,,,,,,,,,,,,,,
2026-06-30T21:02:10.744150+00:00,2026-07-01T07:02:10.736150,2,0,,,69.5,10,69.2,150,,,,,,,,,,,,,,,,,,,,,,,,,,,,,,,,,,,,
2026-06-30T21:02:10.799646+00:00,2026-07-01T07:02:10.788646,3,0,,,69.5,10,69.4,100,69.2,150,,,,,,,,,,,,,,,,,,,,,,,,,,,,,,,,,,
2026-06-30T21:02:10.843161+00:00,2026-07-01T07:02:10.841161,3,1,69.7,0.4,69.5,10,69.4,100,69.2,150,,,,,,,,,,,,,,,69.9,100,,,,,,,,,,,,,,,,,,
2026-06-30T21:02:11.227702+00:00,2026-07-01T07:02:11.225702,2,1,69.65,0.5,69.4,100,69.2,150,,,,,,,,,,,,,,,,,69.9,100,,,,,,,,,,,,,,,,,,
2026-06-30T21:02:11.784771+00:00,2026-07-01T07:02:11.779265,2,1,69.65,0.5,69.4,50,69.2,150,,,,,,,,,,,,,,,,,69.9,100,,,,,,,,,,,,,,,,,,
2026-06-30T21:02:12.495510+00:00,2026-07-01T07:02:12.492510,2,1,69.65,0.5,69.4,50,69.2,150,,,,,,,,,,,,,,,,,69.9,51,,,,,,,,,,,,,,,,,,
2026-06-30T21:02:13.018773+00:00,2026-07-01T07:02:13.009773,1,1,69.65,0.5,69.4,50,,,,,,,,,,,,,,,,,,,69.9,51,,,,,,,,,,,,,,,,,,
2026-06-30T21:02:13.073773+00:00,2026-07-01T07:02:13.062773,2,1,69.8,0.2,69.7,150,69.4,50,,,,,,,,,,,,,,,,,69.9,51,,,,,,,,,,,,,,,,,,
2026-06-30T21:02:13.127319+00:00,2026-07-01T07:02:13.123804,2,2,69.8,0.2,69.7,150,69.4,50,,,,,,,,,,,,,,,,,69.9,51,70.2,150,,,,,,,,,,,,,,,,
2026-06-30T21:02:13.706603+00:00,2026-07-01T07:02:13.703590,2,2,69.8,0.2,69.7,102,69.4,50,,,,,,,,,,,,,,,,,69.9,51,70.2,150,,,,,,,,,,,,,,,,
2026-06-30T21:02:13.893032+00:00,2026-07-01T07:02:13.888032,2,2,69.8,0.2,69.7,52,69.4,50,,,,,,,,,,,,,,,,,69.9,51,70.2,150,,,,,,,,,,,,,,,,
2026-06-30T21:02:13.904032+00:00,2026-07-01T07:02:13.897033,1,1,69.95,0.5,69.7,52,,,,,,,,,,,,,,,,,,,70.2,150,,,,,,,,,,,,,,,,,,
2026-06-30T21:02:13.958042+00:00,2026-07-01T07:02:13.949042,2,1,69.95,0.5,69.7,52,69.1,100,,,,,,,,,,,,,,,,,70.2,150,,,,,,,,,,,,,,,,,,
2026-06-30T21:02:14.013043+00:00,2026-07-01T07:02:14.004042,1,2,69.35,0.5,69.1,100,,,,,,,,,,,,,,,,,,,69.6,48,70.2,150,,,,,,,,,,,,,,,,
2026-06-30T21:02:14.188072+00:00,2026-07-01T07:02:14.188072,1,2,69.35,0.5,69.1,100,,,,,,,,,,,,,,,,,,,69.6,3,70.2,150,,,,,,,,,,,,,,,,
2026-06-30T21:02:14.254073+00:00,2026-07-01T07:02:14.248074,2,2,69.4,0.4,69.2,10,69.1,100,,,,,,,,,,,,,,,,,69.6,3,70.2,150,,,,,,,,,,,,,,,,
2026-06-30T21:02:14.757675+00:00,2026-07-01T07:02:14.753158,1,2,69.35,0.5,69.1,100,,,,,,,,,,,,,,,,,,,69.6,3,70.2,150,,,,,,,,,,,,,,,,
2026-06-30T21:02:14.768516+00:00,2026-07-01T07:02:14.758675,2,2,69.4,0.4,69.2,10,69.1,100,,,,,,,,,,,,,,,,,69.6,3,70.2,150,,,,,,,,,,,,,,,,
2026-06-30T21:02:15.270534+00:00,2026-07-01T07:02:15.262533,1,2,69.35,0.5,69.1,100,,,,,,,,,,,,,,,,,,,69.6,3,70.2,150,,,,,,,,,,,,,,,,
2026-06-30T21:02:16.208327+00:00,2026-07-01T07:02:16.201327,1,1,69.35,0.5,69.1,100,,,,,,,,,,,,,,,,,,,69.6,3,,,,,,,,,,,,,,,,,,
2026-06-30T21:02:16.263342+00:00,2026-07-01T07:02:16.253330,2,1,69.35,0.5,69.1,100,68.9,150,,,,,,,,,,,,,,,,,69.6,3,,,,,,,,,,,,,,,,,,
2026-06-30T21:02:16.317345+00:00,2026-07-01T07:02:16.310441,2,2,69.25,0.3,69.1,100,68.9,150,,,,,,,,,,,,,,,,,69.4,150,69.6,3,,,,,,,,,,,,,,,,
2026-06-30T21:02:16.481378+00:00,2026-07-01T07:02:16.470378,2,2,69.25,0.3,69.1,100,68.9,150,,,,,,,,,,,,,,,,,69.4,100,69.6,3,,,,,,,,,,,,,,,,
2026-06-30T21:02:16.776066+00:00,2026-07-01T07:02:16.775066,2,2,69.25,0.3,69.1,110,68.9,150,,,,,,,,,,,,,,,,,69.4,100,69.6,3,,,,,,,,,,,,,,,,
2026-06-30T21:02:17.060629+00:00,2026-07-01T07:02:17.058629,2,1,69.25,0.3,69.1,110,68.9,150,,,,,,,,,,,,,,,,,69.4,100,,,,,,,,,,,,,,,,,,
2026-06-30T21:02:17.071630+00:00,2026-07-01T07:02:17.060629,2,1,69.25,0.3,69.1,10,68.9,150,,,,,,,,,,,,,,,,,69.4,100,,,,,,,,,,,,,,,,,,
2026-06-30T21:02:17.126146+00:00,2026-07-01T07:02:17.119145,2,0,,,69.1,10,68.9,150,,,,,,,,,,,,,,,,,,,,,,,,,,,,,,,,,,,,
2026-06-30T21:02:17.180604+00:00,2026-07-01T07:02:17.172604,2,1,69.55,0.9,69.1,10,68.9,150,,,,,,,,,,,,,,,,,70.0,100,,,,,,,,,,,,,,,,,,
2026-06-30T21:02:17.289249+00:00,2026-07-01T07:02:17.281249,1,1,69.45,1.1,68.9,150,,,,,,,,,,,,,,,,,,,70.0,100,,,,,,,,,,,,,,,,,,
2026-06-30T21:02:19.369720+00:00,2026-07-01T07:02:19.363719,0,1,,,,,,,,,,,,,,,,,,,,,,,70.0,100,,,,,,,,,,,,,,,,,,
2026-06-30T21:02:19.424720+00:00,2026-07-01T07:02:19.415720,1,1,69.8,0.4,69.6,150,,,,,,,,,,,,,,,,,,,70.0,100,,,,,,,,,,,,,,,,,,
2026-06-30T21:02:19.479732+00:00,2026-07-01T07:02:19.468731,1,2,69.8,0.4,69.6,150,,,,,,,,,,,,,,,,,,,70.0,100,70.1,150,,,,,,,,,,,,,,,,
2026-06-30T21:02:20.203813+00:00,2026-07-01T07:02:20.199814,1,2,69.8,0.4,69.6,100,,,,,,,,,,,,,,,,,,,70.0,100,70.1,150,,,,,,,,,,,,,,,,
2026-06-30T21:02:20.236542+00:00,2026-07-01T07:02:20.225813,1,1,69.85,0.5,69.6,100,,,,,,,,,,,,,,,,,,,70.1,150,,,,,,,,,,,,,,,,,,
2026-06-30T21:02:20.280823+00:00,2026-07-01T07:02:20.277824,2,1,69.85,0.5,69.6,100,69.2,100,,,,,,,,,,,,,,,,,70.1,150,,,,,,,,,,,,,,,,,,
2026-06-30T21:02:20.335338+00:00,2026-07-01T07:02:20.330338,2,2,69.65,0.1,69.6,100,69.2,100,,,,,,,,,,,,,,,,,69.7,100,70.1,150,,,,,,,,,,,,,,,,
2026-06-30T21:02:20.807893+00:00,2026-07-01T07:02:20.803904,2,2,69.65,0.1,69.6,110,69.2,100,,,,,,,,,,,,,,,,,69.7,100,70.1,150,,,,,,,,,,,,,,,,
2026-06-30T21:02:21.300955+00:00,2026-07-01T07:02:21.291956,2,2,69.65,0.1,69.6,70,69.2,100,,,,,,,,,,,,,,,,,69.7,100,70.1,150,,,,,,,,,,,,,,,,
2026-06-30T21:02:21.311955+00:00,2026-07-01T07:02:21.310955,2,2,69.65,0.1,69.6,70,69.2,100,,,,,,,,,,,,,,,,,69.7,100,70.1,150,,,,,,,,,,,,,,,,
2026-06-30T21:02:21.816529+00:00,2026-07-01T07:02:21.816529,2,2,69.65,0.1,69.6,60,69.2,100,,,,,,,,,,,,,,,,,69.7,100,70.1,150,,,,,,,,,,,,,,,,
2026-06-30T21:02:21.827558+00:00,2026-07-01T07:02:21.820530,2,2,69.65,0.1,69.6,70,69.2,100,,,,,,,,,,,,,,,,,69.7,100,70.1,150,,,,,,,,,,,,,,,,
2026-06-30T21:02:22.318847+00:00,2026-07-01T07:02:22.312847,2,2,69.65,0.1,69.6,20,69.2,100,,,,,,,,,,,,,,,,,69.7,100,70.1,150,,,,,,,,,,,,,,,,
2026-06-30T21:02:22.329847+00:00,2026-07-01T07:02:22.327848,2,2,69.65,0.1,69.6,20,69.2,100,,,,,,,,,,,,,,,,,69.7,100,70.1,150,,,,,,,,,,,,,,,,
2026-06-30T21:02:22.525764+00:00,2026-07-01T07:02:22.524764,2,1,69.65,0.1,69.6,10,69.2,100,,,,,,,,,,,,,,,,,69.7,100,,,,,,,,,,,,,,,,,,
2026-06-30T21:02:22.579824+00:00,2026-07-01T07:02:22.577807,2,1,69.65,0.1,69.6,10,69.2,250,,,,,,,,,,,,,,,,,69.7,100,,,,,,,,,,,,,,,,,,
2026-06-30T21:02:22.633538+00:00,2026-07-01T07:02:22.630538,2,1,69.65,0.1,69.6,10,69.2,250,,,,,,,,,,,,,,,,,69.7,250,,,,,,,,,,,,,,,,,,
2026-06-30T21:02:22.846843+00:00,2026-07-01T07:02:22.845843,1,1,69.45,0.5,69.2,250,,,,,,,,,,,,,,,,,,,69.7,250,,,,,,,,,,,,,,,,,,
2026-06-30T21:02:22.857843+00:00,2026-07-01T07:02:22.848841,2,1,69.5,0.4,69.3,10,69.2,250,,,,,,,,,,,,,,,,,69.7,250,,,,,,,,,,,,,,,,,,
2026-06-30T21:02:23.360185+00:00,2026-07-01T07:02:23.358185,1,1,69.45,0.5,69.2,250,,,,,,,,,,,,,,,,,,,69.7,250,,,,,,,,,,,,,,,,,,
2026-06-30T21:02:23.393184+00:00,2026-07-01T07:02:23.385185,1,1,69.45,0.5,69.2,150,,,,,,,,,,,,,,,,,,,69.7,150,,,,,,,,,,,,,,,,,,
2026-06-30T21:02:23.458596+00:00,2026-07-01T07:02:23.447597,2,1,69.45,0.5,69.2,150,69.1,100,,,,,,,,,,,,,,,,,69.7,150,,,,,,,,,,,,,,,,,,
2026-06-30T21:02:23.502595+00:00,2026-07-01T07:02:23.501595,2,2,69.4,0.4,69.2,150,69.1,100,,,,,,,,,,,,,,,,,69.6,100,69.7,150,,,,,,,,,,,,,,,,
2026-06-30T21:02:23.862785+00:00,2026-07-01T07:02:23.861785,3,2,69.45,0.3,69.3,10,69.2,150,69.1,100,,,,,,,,,,,,,,,69.6,100,69.7,150,,,,,,,,,,,,,,,,
2026-06-30T21:02:24.376834+00:00,2026-07-01T07:02:24.374834,3,2,69.45,0.3,69.3,10,69.2,150,69.1,100,,,,,,,,,,,,,,,69.6,50,69.7,150,,,,,,,,,,,,,,,,
2026-06-30T21:02:24.881397+00:00,2026-07-01T07:02:24.878398,2,2,69.4,0.4,69.2,150,69.1,100,,,,,,,,,,,,,,,,,69.6,50,69.7,150,,,,,,,,,,,,,,,,
2026-06-30T21:02:24.892398+00:00,2026-07-01T07:02:24.882397,3,2,69.45,0.3,69.3,10,69.2,150,69.1,100,,,,,,,,,,,,,,,69.6,50,69.7,150,,,,,,,,,,,,,,,,
2026-06-30T21:02:25.396907+00:00,2026-07-01T07:02:25.389907,3,2,69.45,0.3,69.3,10,69.2,150,69.1,100,,,,,,,,,,,,,,,69.6,50,69.7,150,,,,,,,,,,,,,,,,
2026-06-30T21:02:25.407907+00:00,2026-07-01T07:02:25.402908,3,2,69.45,0.3,69.3,10,69.2,150,69.1,100,,,,,,,,,,,,,,,69.6,2,69.7,150,,,,,,,,,,,,,,,,
2026-06-30T21:02:25.690504+00:00,2026-07-01T07:02:25.685505,2,1,69.45,0.3,69.3,10,69.1,100,,,,,,,,,,,,,,,,,69.6,2,,,,,,,,,,,,,,,,,,
2026-06-30T21:02:25.745504+00:00,2026-07-01T07:02:25.738505,3,1,69.45,0.3,69.3,10,69.1,100,69.0,150,,,,,,,,,,,,,,,69.6,2,,,,,,,,,,,,,,,,,,
2026-06-30T21:02:25.799060+00:00,2026-07-01T07:02:25.793544,3,2,69.4,0.2,69.3,10,69.1,100,69.0,150,,,,,,,,,,,,,,,69.5,150,69.6,2,,,,,,,,,,,,,,,,
2026-06-30T21:02:25.919528+00:00,2026-07-01T07:02:25.915528,3,2,69.35,0.3,69.2,10,69.1,100,69.0,150,,,,,,,,,,,,,,,69.5,150,69.6,2,,,,,,,,,,,,,,,,
2026-06-30T21:02:26.424591+00:00,2026-07-01T07:02:26.423591,3,2,69.35,0.3,69.2,10,69.1,100,69.0,150,,,,,,,,,,,,,,,69.5,150,69.6,2,,,,,,,,,,,,,,,,
2026-06-30T21:02:26.479597+00:00,2026-07-01T07:02:26.477597,3,2,69.35,0.3,69.2,10,69.1,100,69.0,150,,,,,,,,,,,,,,,69.5,100,69.6,2,,,,,,,,,,,,,,,,
2026-06-30T21:02:26.567124+00:00,2026-07-01T07:02:26.561123,2,1,69.35,0.3,69.2,10,69.0,150,,,,,,,,,,,,,,,,,69.5,100,,,,,,,,,,,,,,,,,,
2026-06-30T21:02:26.611612+00:00,2026-07-01T07:02:26.610611,3,1,69.45,0.1,69.4,100,69.2,10,69.0,150,,,,,,,,,,,,,,,69.5,100,,,,,,,,,,,,,,,,,,
2026-06-30T21:02:26.666623+00:00,2026-07-01T07:02:26.663623,3,2,69.45,0.1,69.4,100,69.2,10,69.0,150,,,,,,,,,,,,,,,69.5,100,69.9,100,,,,,,,,,,,,,,,,
2026-06-30T21:02:26.939659+00:00,2026-07-01T07:02:26.932659,2,2,69.45,0.1,69.4,110,69.0,150,,,,,,,,,,,,,,,,,69.5,100,69.9,100,,,,,,,,,,,,,,,,
2026-06-30T21:02:27.444717+00:00,2026-07-01T07:02:27.439717,2,2,69.45,0.1,69.4,110,69.0,150,,,,,,,,,,,,,,,,,69.5,100,69.9,100,,,,,,,,,,,,,,,,
2026-06-30T21:02:27.947123+00:00,2026-07-01T07:02:27.944123,2,2,69.45,0.1,69.4,100,69.0,150,,,,,,,,,,,,,,,,,69.5,100,69.9,100,,,,,,,,,,,,,,,,
2026-06-30T21:02:27.957942+00:00,2026-07-01T07:02:27.948124,2,2,69.45,0.1,69.4,110,69.0,150,,,,,,,,,,,,,,,,,69.5,100,69.9,100,,,,,,,,,,,,,,,,
2026-06-30T21:02:28.459847+00:00,2026-07-01T07:02:28.452847,2,2,69.45,0.1,69.4,100,69.0,150,,,,,,,,,,,,,,,,,69.5,100,69.9,100,,,,,,,,,,,,,,,,
2026-06-30T21:02:28.470847+00:00,2026-07-01T07:02:28.459847,2,2,69.45,0.1,69.4,110,69.0,150,,,,,,,,,,,,,,,,,69.5,100,69.9,100,,,,,,,,,,,,,,,,
2026-06-30T21:02:28.481846+00:00,2026-07-01T07:02:28.471847,2,2,69.45,0.1,69.4,110,69.0,150,,,,,,,,,,,,,,,,,69.5,57,69.9,100,,,,,,,,,,,,,,,,
2026-06-30T21:02:28.591859+00:00,2026-07-01T07:02:28.583859,2,2,69.45,0.1,69.4,110,69.0,150,,,,,,,,,,,,,,,,,69.5,7,69.9,100,,,,,,,,,,,,,,,,
2026-06-30T21:02:28.854899+00:00,2026-07-01T07:02:28.847898,1,1,69.65,0.5,69.4,110,,,,,,,,,,,,,,,,,,,69.9,100,,,,,,,,,,,,,,,,,,
2026-06-30T21:02:28.908782+00:00,2026-07-01T07:02:28.908183,2,1,69.7,0.4,69.5,150,69.4,110,,,,,,,,,,,,,,,,,69.9,100,,,,,,,,,,,,,,,,,,
2026-06-30T21:02:28.963791+00:00,2026-07-01T07:02:28.959791,2,2,69.7,0.4,69.5,150,69.4,110,,,,,,,,,,,,,,,,,69.9,100,70.0,150,,,,,,,,,,,,,,,,
2026-06-30T21:02:28.974791+00:00,2026-07-01T07:02:28.963791,2,2,69.7,0.4,69.5,150,69.4,100,,,,,,,,,,,,,,,,,69.9,100,70.0,150,,,,,,,,,,,,,,,,
2026-06-30T21:02:29.728357+00:00,2026-07-01T07:02:29.719524,1,1,69.75,0.5,69.5,150,,,,,,,,,,,,,,,,,,,70.0,150,,,,,,,,,,,,,,,,,,
2026-06-30T21:02:29.783012+00:00,2026-07-01T07:02:29.772013,1,1,69.75,0.5,69.5,250,,,,,,,,,,,,,,,,,,,70.0,150,,,,,,,,,,,,,,,,,,
2026-06-30T21:02:29.827011+00:00,2026-07-01T07:02:29.825011,1,1,69.75,0.5,69.5,250,,,,,,,,,,,,,,,,,,,70.0,250,,,,,,,,,,,,,,,,,,
2026-06-30T21:02:32.023832+00:00,2026-07-01T07:02:32.015832,1,1,69.75,0.5,69.5,100,,,,,,,,,,,,,,,,,,,70.0,100,,,,,,,,,,,,,,,,,,
2026-06-30T21:02:32.079301+00:00,2026-07-01T07:02:32.067832,2,1,69.85,0.3,69.7,150,69.5,100,,,,,,,,,,,,,,,,,70.0,100,,,,,,,,,,,,,,,,,,
2026-06-30T21:02:32.123299+00:00,2026-07-01T07:02:32.121299,2,2,69.85,0.3,69.7,150,69.5,100,,,,,,,,,,,,,,,,,70.0,100,70.2,150,,,,,,,,,,,,,,,,
2026-06-30T21:02:32.857915+00:00,2026-07-01T07:02:32.849915,2,2,69.85,0.3,69.7,100,69.5,100,,,,,,,,,,,,,,,,,70.0,100,70.2,150,,,,,,,,,,,,,,,,
2026-06-30T21:02:32.891396+00:00,2026-07-01T07:02:32.881397,1,1,69.95,0.5,69.7,100,,,,,,,,,,,,,,,,,,,70.2,150,,,,,,,,,,,,,,,,,,
2026-06-30T21:02:32.935396+00:00,2026-07-01T07:02:32.933397,2,1,69.95,0.5,69.7,100,69.5,100,,,,,,,,,,,,,,,,,70.2,150,,,,,,,,,,,,,,,,,,
2026-06-30T21:02:32.989407+00:00,2026-07-01T07:02:32.986859,2,2,69.85,0.3,69.7,100,69.5,100,,,,,,,,,,,,,,,,,70.0,100,70.2,150,,,,,,,,,,,,,,,,
2026-06-30T21:02:33.504467+00:00,2026-07-01T07:02:33.493468,2,2,69.85,0.3,69.7,100,69.5,100,,,,,,,,,,,,,,,,,70.0,110,70.2,150,,,,,,,,,,,,,,,,
2026-06-30T21:02:34.008180+00:00,2026-07-01T07:02:34.002179,2,2,69.85,0.3,69.7,100,69.5,100,,,,,,,,,,,,,,,,,70.0,110,70.2,150,,,,,,,,,,,,,,,,
2026-06-30T21:02:34.509910+00:00,2026-07-01T07:02:34.507378,2,2,69.85,0.3,69.7,100,69.5,100,,,,,,,,,,,,,,,,,70.0,100,70.2,150,,,,,,,,,,,,,,,,
2026-06-30T21:02:35.181803+00:00,2026-07-01T07:02:35.178282,1,1,69.75,0.5,69.5,100,,,,,,,,,,,,,,,,,,,70.0,100,,,,,,,,,,,,,,,,,,
2026-06-30T21:02:35.236799+00:00,2026-07-01T07:02:35.229800,2,1,69.8,0.4,69.6,150,69.5,100,,,,,,,,,,,,,,,,,70.0,100,,,,,,,,,,,,,,,,,,
2026-06-30T21:02:35.291078+00:00,2026-07-01T07:02:35.283078,2,2,69.8,0.4,69.6,150,69.5,100,,,,,,,,,,,,,,,,,70.0,100,70.1,150,,,,,,,,,,,,,,,,
2026-06-30T21:02:36.042134+00:00,2026-07-01T07:02:36.042134,2,1,69.85,0.5,69.6,150,69.5,100,,,,,,,,,,,,,,,,,70.1,150,,,,,,,,,,,,,,,,,,
2026-06-30T21:02:36.106333+00:00,2026-07-01T07:02:36.095819,2,1,69.9,0.4,69.7,100,69.6,150,,,,,,,,,,,,,,,,,70.1,150,,,,,,,,,,,,,,,,,,
2026-06-30T21:02:36.181802+00:00,2026-07-01T07:02:36.173823,2,2,69.9,0.4,69.7,100,69.6,150,,,,,,,,,,,,,,,,,70.1,150,70.2,100,,,,,,,,,,,,,,,,
2026-06-30T21:02:37.060916+00:00,2026-07-01T07:02:37.050917,2,2,69.9,0.4,69.7,53,69.6,150,,,,,,,,,,,,,,,,,70.1,150,70.2,100,,,,,,,,,,,,,,,,
2026-06-30T21:02:38.143050+00:00,2026-07-01T07:02:38.135050,2,2,69.9,0.4,69.7,13,69.6,150,,,,,,,,,,,,,,,,,70.1,150,70.2,100,,,,,,,,,,,,,,,,
2026-06-30T21:02:38.338764+00:00,2026-07-01T07:02:38.337764,1,1,69.95,0.5,69.7,13,,,,,,,,,,,,,,,,,,,70.2,100,,,,,,,,,,,,,,,,,,
2026-06-30T21:02:38.394077+00:00,2026-07-01T07:02:38.391077,1,1,69.95,0.5,69.7,163,,,,,,,,,,,,,,,,,,,70.2,100,,,,,,,,,,,,,,,,,,
2026-06-30T21:02:38.448658+00:00,2026-07-01T07:02:38.443658,1,1,69.95,0.5,69.7,163,,,,,,,,,,,,,,,,,,,70.2,250,,,,,,,,,,,,,,,,,,
2026-06-30T21:02:39.235183+00:00,2026-07-01T07:02:39.233183,1,1,69.95,0.5,69.7,150,,,,,,,,,,,,,,,,,,,70.2,150,,,,,,,,,,,,,,,,,,
2026-06-30T21:02:39.290197+00:00,2026-07-01T07:02:39.284710,2,1,69.95,0.5,69.7,150,69.4,100,,,,,,,,,,,,,,,,,70.2,150,,,,,,,,,,,,,,,,,,
2026-06-30T21:02:39.345197+00:00,2026-07-01T07:02:39.338197,2,2,69.8,0.2,69.7,150,69.4,100,,,,,,,,,,,,,,,,,69.9,100,70.2,150,,,,,,,,,,,,,,,,
2026-06-30T21:02:39.585146+00:00,2026-07-01T07:02:39.583146,2,2,69.8,0.2,69.7,102,69.4,100,,,,,,,,,,,,,,,,,69.9,100,70.2,150,,,,,,,,,,,,,,,,
2026-06-30T21:02:40.661974+00:00,2026-07-01T07:02:40.654974,2,2,69.8,0.2,69.7,102,69.4,100,,,,,,,,,,,,,,,,,69.9,51,70.2,150,,,,,,,,,,,,,,,,
2026-06-30T21:02:41.190144+00:00,2026-07-01T07:02:41.181588,2,2,69.8,0.2,69.7,61,69.4,100,,,,,,,,,,,,,,,,,69.9,51,70.2,150,,,,,,,,,,,,,,,,
2026-06-30T21:02:41.289034+00:00,2026-07-01T07:02:41.288034,2,2,69.8,0.2,69.7,11,69.4,100,,,,,,,,,,,,,,,,,69.9,51,70.2,150,,,,,,,,,,,,,,,,
2026-06-30T21:02:41.507079+00:00,2026-07-01T07:02:41.500078,1,1,69.65,0.5,69.4,100,,,,,,,,,,,,,,,,,,,69.9,51,,,,,,,,,,,,,,,,,,
2026-06-30T21:02:41.561108+00:00,2026-07-01T07:02:41.555594,2,1,69.65,0.5,69.4,100,69.0,150,,,,,,,,,,,,,,,,,69.9,51,,,,,,,,,,,,,,,,,,
2026-06-30T21:02:41.638108+00:00,2026-07-01T07:02:41.627108,2,2,69.45,0.1,69.4,100,69.0,150,,,,,,,,,,,,,,,,,69.5,150,69.9,51,,,,,,,,,,,,,,,,
2026-06-30T21:02:42.064073+00:00,2026-07-01T07:02:42.058073,2,2,69.45,0.1,69.4,110,69.0,150,,,,,,,,,,,,,,,,,69.5,150,69.9,51,,,,,,,,,,,,,,,,
2026-06-30T21:02:42.403108+00:00,2026-07-01T07:02:42.394108,2,1,69.45,0.1,69.4,10,69.0,150,,,,,,,,,,,,,,,,,69.5,150,,,,,,,,,,,,,,,,,,
2026-06-30T21:02:42.458108+00:00,2026-07-01T07:02:42.447108,3,1,69.45,0.1,69.4,10,69.3,100,69.0,150,,,,,,,,,,,,,,,69.5,150,,,,,,,,,,,,,,,,,,
2026-06-30T21:02:42.502587+00:00,2026-07-01T07:02:42.500588,3,2,69.45,0.1,69.4,10,69.3,100,69.0,150,,,,,,,,,,,,,,,69.5,150,69.8,100,,,,,,,,,,,,,,,,
2026-06-30T21:02:42.568103+00:00,2026-07-01T07:02:42.561104,2,2,69.4,0.2,69.3,100,69.0,150,,,,,,,,,,,,,,,,,69.5,150,69.8,100,,,,,,,,,,,,,,,,
2026-06-30T21:02:43.223638+00:00,2026-07-01T07:02:43.221638,2,2,69.4,0.2,69.3,100,69.0,150,,,,,,,,,,,,,,,,,69.5,108,69.8,100,,,,,,,,,,,,,,,,
2026-06-30T21:02:43.343696+00:00,2026-07-01T07:02:43.342697,2,2,69.4,0.2,69.3,100,69.0,150,,,,,,,,,,,,,,,,,69.5,58,69.8,100,,,,,,,,,,,,,,,,
2026-06-30T21:02:44.084268+00:00,2026-07-01T07:02:44.079268,2,2,69.4,0.2,69.3,110,69.0,150,,,,,,,,,,,,,,,,,69.5,58,69.8,100,,,,,,,,,,,,,,,,
2026-06-30T21:02:44.332430+00:00,2026-07-01T07:02:44.330429,2,2,69.4,0.2,69.3,110,69.0,150,,,,,,,,,,,,,,,,,69.5,16,69.8,100,,,,,,,,,,,,,,,,
2026-06-30T21:02:44.582229+00:00,2026-07-01T07:02:44.579229,2,2,69.4,0.2,69.3,100,69.0,150,,,,,,,,,,,,,,,,,69.5,16,69.8,100,,,,,,,,,,,,,,,,
2026-06-30T21:02:44.592746+00:00,2026-07-01T07:02:44.582229,2,2,69.4,0.2,69.3,110,69.0,150,,,,,,,,,,,,,,,,,69.5,16,69.8,100,,,,,,,,,,,,,,,,
2026-06-30T21:02:44.689327+00:00,2026-07-01T07:02:44.681326,1,1,69.55,0.5,69.3,110,,,,,,,,,,,,,,,,,,,69.8,100,,,,,,,,,,,,,,,,,,
2026-06-30T21:02:44.743398+00:00,2026-07-01T07:02:44.733398,2,1,69.65,0.3,69.5,150,69.3,110,,,,,,,,,,,,,,,,,69.8,100,,,,,,,,,,,,,,,,,,
2026-06-30T21:02:44.797429+00:00,2026-07-01T07:02:44.787429,2,2,69.65,0.3,69.5,150,69.3,110,,,,,,,,,,,,,,,,,69.8,100,70.0,150,,,,,,,,,,,,,,,,
2026-06-30T21:02:45.089286+00:00,2026-07-01T07:02:45.087285,2,2,69.65,0.3,69.5,150,69.3,100,,,,,,,,,,,,,,,,,69.8,100,70.0,150,,,,,,,,,,,,,,,,
2026-06-30T21:02:45.504966+00:00,2026-07-01T07:02:45.499966,2,2,69.65,0.3,69.5,100,69.3,100,,,,,,,,,,,,,,,,,69.8,100,70.0,150,,,,,,,,,,,,,,,,
2026-06-30T21:02:45.559493+00:00,2026-07-01T07:02:45.557494,2,1,69.75,0.5,69.5,100,69.3,100,,,,,,,,,,,,,,,,,70.0,150,,,,,,,,,,,,,,,,,,
2026-06-30T21:02:45.570981+00:00,2026-07-01T07:02:45.559493,1,1,69.75,0.5,69.5,100,,,,,,,,,,,,,,,,,,,70.0,150,,,,,,,,,,,,,,,,,,
2026-06-30T21:02:45.614980+00:00,2026-07-01T07:02:45.610981,2,1,69.75,0.5,69.5,100,69.2,100,,,,,,,,,,,,,,,,,70.0,150,,,,,,,,,,,,,,,,,,
2026-06-30T21:02:45.669497+00:00,2026-07-01T07:02:45.668496,2,2,69.6,0.2,69.5,100,69.2,100,,,,,,,,,,,,,,,,,69.7,100,70.0,150,,,,,,,,,,,,,,,,
2026-06-30T21:02:47.112564+00:00,2026-07-01T07:02:47.102564,2,2,69.6,0.2,69.5,100,69.2,100,,,,,,,,,,,,,,,,,69.7,110,70.0,150,,,,,,,,,,,,,,,,
2026-06-30T21:02:47.611417+00:00,2026-07-01T07:02:47.610008,2,2,69.6,0.2,69.5,50,69.2,100,,,,,,,,,,,,,,,,,69.7,110,70.0,150,,,,,,,,,,,,,,,,
2026-06-30T21:02:47.829770+00:00,2026-07-01T07:02:47.819769,2,2,69.6,0.2,69.5,7,69.2,100,,,,,,,,,,,,,,,,,69.7,110,70.0,150,,,,,,,,,,,,,,,,
2026-06-30T21:02:47.840622+00:00,2026-07-01T07:02:47.839770,2,1,69.6,0.2,69.5,7,69.2,100,,,,,,,,,,,,,,,,,69.7,110,,,,,,,,,,,,,,,,,,
2026-06-30T21:02:47.851619+00:00,2026-07-01T07:02:47.840622,1,1,69.45,0.5,69.2,100,,,,,,,,,,,,,,,,,,,69.7,110,,,,,,,,,,,,,,,,,,
2026-06-30T21:02:47.895618+00:00,2026-07-01T07:02:47.892619,2,1,69.45,0.5,69.2,100,68.6,150,,,,,,,,,,,,,,,,,69.7,110,,,,,,,,,,,,,,,,,,
2026-06-30T21:02:47.950637+00:00,2026-07-01T07:02:47.948618,1,2,68.85,0.5,68.6,150,,,,,,,,,,,,,,,,,,,69.1,50,69.7,110,,,,,,,,,,,,,,,,
2026-06-30T21:02:48.123937+00:00,2026-07-01T07:02:48.117937,2,2,68.9,0.4,68.7,10,68.6,150,,,,,,,,,,,,,,,,,69.1,50,69.7,100,,,,,,,,,,,,,,,,
2026-06-30T21:02:48.625349+00:00,2026-07-01T07:02:48.624348,2,2,68.9,0.4,68.7,10,68.6,150,,,,,,,,,,,,,,,,,69.1,50,69.7,100,,,,,,,,,,,,,,,,
2026-06-30T21:02:48.723387+00:00,2026-07-01T07:02:48.718388,2,1,68.9,0.4,68.7,10,68.6,150,,,,,,,,,,,,,,,,,69.1,50,,,,,,,,,,,,,,,,,,
2026-06-30T21:02:48.778364+00:00,2026-07-01T07:02:48.771365,3,1,69.0,0.2,68.9,100,68.7,10,68.6,150,,,,,,,,,,,,,,,69.1,50,,,,,,,,,,,,,,,,,,
2026-06-30T21:02:48.833384+00:00,2026-07-01T07:02:48.824381,3,2,69.0,0.2,68.9,100,68.7,10,68.6,150,,,,,,,,,,,,,,,69.1,50,69.4,100,,,,,,,,,,,,,,,,
2026-06-30T21:02:49.139683+00:00,2026-07-01T07:02:49.133682,2,2,69.0,0.2,68.9,110,68.6,150,,,,,,,,,,,,,,,,,69.1,50,69.4,100,,,,,,,,,,,,,,,,
2026-06-30T21:02:49.467696+00:00,2026-07-01T07:02:49.462696,2,2,69.0,0.2,68.9,110,68.6,150,,,,,,,,,,,,,,,,,69.1,3,69.4,100,,,,,,,,,,,,,,,,
2026-06-30T21:02:49.642500+00:00,2026-07-01T07:02:49.637498,2,2,69.0,0.2,68.9,100,68.6,150,,,,,,,,,,,,,,,,,69.1,3,69.4,100,,,,,,,,,,,,,,,,
2026-06-30T21:02:49.653500+00:00,2026-07-01T07:02:49.650498,2,2,69.0,0.2,68.9,110,68.6,150,,,,,,,,,,,,,,,,,69.1,3,69.4,100,,,,,,,,,,,,,,,,
2026-06-30T21:02:49.719021+00:00,2026-07-01T07:02:49.714021,2,2,69.0,0.2,68.9,60,68.6,150,,,,,,,,,,,,,,,,,69.1,3,69.4,100,,,,,,,,,,,,,,,,
2026-06-30T21:02:50.164179+00:00,2026-07-01T07:02:50.158179,2,2,69.0,0.2,68.9,60,68.6,150,,,,,,,,,,,,,,,,,69.1,3,69.4,100,,,,,,,,,,,,,,,,
2026-06-30T21:02:50.664473+00:00,2026-07-01T07:02:50.662473,2,2,69.0,0.2,68.9,50,68.6,150,,,,,,,,,,,,,,,,,69.1,3,69.4,100,,,,,,,,,,,,,,,,
2026-06-30T21:02:50.675474+00:00,2026-07-01T07:02:50.665475,2,2,69.0,0.2,68.9,60,68.6,150,,,,,,,,,,,,,,,,,69.1,3,69.4,100,,,,,,,,,,,,,,,,
2026-06-30T21:02:51.003613+00:00,2026-07-01T07:02:51.002613,2,1,69.15,0.5,68.9,60,68.6,150,,,,,,,,,,,,,,,,,69.4,100,,,,,,,,,,,,,,,,,,
2026-06-30T21:02:51.014612+00:00,2026-07-01T07:02:51.004613,1,1,69.15,0.5,68.9,60,,,,,,,,,,,,,,,,,,,69.4,100,,,,,,,,,,,,,,,,,,
2026-06-30T21:02:51.058613+00:00,2026-07-01T07:02:51.056612,2,1,69.3,0.2,69.2,150,68.9,60,,,,,,,,,,,,,,,,,69.4,100,,,,,,,,,,,,,,,,,,
2026-06-30T21:02:51.112666+00:00,2026-07-01T07:02:51.110665,2,2,69.3,0.2,69.2,150,68.9,60,,,,,,,,,,,,,,,,,69.4,100,69.7,150,,,,,,,,,,,,,,,,
2026-06-30T21:02:51.178665+00:00,2026-07-01T07:02:51.173665,2,2,69.3,0.2,69.2,160,68.9,50,,,,,,,,,,,,,,,,,69.4,100,69.7,150,,,,,,,,,,,,,,,,
2026-06-30T21:02:51.684729+00:00,2026-07-01T07:02:51.681728,2,2,69.3,0.2,69.2,160,68.9,50,,,,,,,,,,,,,,,,,69.4,100,69.7,150,,,,,,,,,,,,,,,,
2026-06-30T21:02:51.783516+00:00,2026-07-01T07:02:51.780744,2,2,69.3,0.2,69.2,160,68.9,50,,,,,,,,,,,,,,,,,69.4,50,69.7,150,,,,,,,,,,,,,,,,
2026-06-30T21:02:51.882763+00:00,2026-07-01T07:02:51.881763,1,1,69.45,0.5,69.2,160,,,,,,,,,,,,,,,,,,,69.7,150,,,,,,,,,,,,,,,,,,
2026-06-30T21:02:51.948777+00:00,2026-07-01T07:02:51.938777,2,1,69.45,0.5,69.2,160,68.8,100,,,,,,,,,,,,,,,,,69.7,150,,,,,,,,,,,,,,,,,,
2026-06-30T21:02:52.003770+00:00,2026-07-01T07:02:51.993771,2,2,69.25,0.1,69.2,160,68.8,100,,,,,,,,,,,,,,,,,69.3,100,69.7,150,,,,,,,,,,,,,,,,
2026-06-30T21:02:52.190314+00:00,2026-07-01T07:02:52.187314,2,2,69.25,0.1,69.2,150,68.8,100,,,,,,,,,,,,,,,,,69.3,100,69.7,150,,,,,,,,,,,,,,,,
2026-06-30T21:02:52.201805+00:00,2026-07-01T07:02:52.192315,2,2,69.25,0.1,69.2,160,68.8,100,,,,,,,,,,,,,,,,,69.3,100,69.7,150,,,,,,,,,,,,,,,,
2026-06-30T21:02:52.664661+00:00,2026-07-01T07:02:52.660660,2,2,69.25,0.1,69.2,160,68.8,100,,,,,,,,,,,,,,,,,69.3,57,69.7,150,,,,,,,,,,,,,,,,
2026-06-30T21:02:52.697660+00:00,2026-07-01T07:02:52.694660,2,2,69.25,0.1,69.2,150,68.8,100,,,,,,,,,,,,,,,,,69.3,57,69.7,150,,,,,,,,,,,,,,,,
2026-06-30T21:02:52.708659+00:00,2026-07-01T07:02:52.698661,2,2,69.25,0.1,69.2,160,68.8,100,,,,,,,,,,,,,,,,,69.3,57,69.7,150,,,,,,,,,,,,,,,,
2026-06-30T21:02:53.211424+00:00,2026-07-01T07:02:53.207610,2,2,69.25,0.1,69.2,160,68.8,100,,,,,,,,,,,,,,,,,69.3,57,69.7,150,,,,,,,,,,,,,,,,
2026-06-30T21:02:53.740017+00:00,2026-07-01T07:02:53.739016,2,2,69.25,0.1,69.2,108,68.8,100,,,,,,,,,,,,,,,,,69.3,57,69.7,150,,,,,,,,,,,,,,,,
2026-06-30T21:02:53.750891+00:00,2026-07-01T07:02:53.747889,2,2,69.25,0.1,69.2,118,68.8,100,,,,,,,,,,,,,,,,,69.3,57,69.7,150,,,,,,,,,,,,,,,,
2026-06-30T21:02:53.880859+00:00,2026-07-01T07:02:53.877858,2,2,69.25,0.1,69.2,118,68.8,100,,,,,,,,,,,,,,,,,69.3,7,69.7,150,,,,,,,,,,,,,,,,
2026-06-30T21:02:54.175106+00:00,2026-07-01T07:02:54.168106,2,1,69.25,0.1,69.2,10,68.8,100,,,,,,,,,,,,,,,,,69.3,7,,,,,,,,,,,,,,,,,,
2026-06-30T21:02:54.230106+00:00,2026-07-01T07:02:54.221106,3,1,69.25,0.1,69.2,10,69.1,150,68.8,100,,,,,,,,,,,,,,,69.3,7,,,,,,,,,,,,,,,,,,
2026-06-30T21:02:54.263056+00:00,2026-07-01T07:02:54.257056,2,1,69.2,0.2,69.1,160,68.8,100,,,,,,,,,,,,,,,,,69.3,7,,,,,,,,,,,,,,,,,,
2026-06-30T21:02:54.285056+00:00,2026-07-01T07:02:54.274056,2,2,69.2,0.2,69.1,160,68.8,100,,,,,,,,,,,,,,,,,69.3,7,69.6,150,,,,,,,,,,,,,,,,
2026-06-30T21:02:54.769114+00:00,2026-07-01T07:02:54.765114,2,2,69.2,0.2,69.1,160,68.8,100,,,,,,,,,,,,,,,,,69.3,7,69.6,150,,,,,,,,,,,,,,,,
2026-06-30T21:02:55.054156+00:00,2026-07-01T07:02:55.050156,1,1,69.35,0.5,69.1,160,,,,,,,,,,,,,,,,,,,69.6,150,,,,,,,,,,,,,,,,,,
2026-06-30T21:02:55.109155+00:00,2026-07-01T07:02:55.103156,1,1,69.35,0.5,69.1,260,,,,,,,,,,,,,,,,,,,69.6,150,,,,,,,,,,,,,,,,,,
2026-06-30T21:02:55.163166+00:00,2026-07-01T07:02:55.155166,1,1,69.35,0.5,69.1,260,,,,,,,,,,,,,,,,,,,69.6,250,,,,,,,,,,,,,,,,,,
2026-06-30T21:02:55.273188+00:00,2026-07-01T07:02:55.269188,1,1,69.35,0.5,69.1,250,,,,,,,,,,,,,,,,,,,69.6,250,,,,,,,,,,,,,,,,,,
2026-06-30T21:02:56.041085+00:00,2026-07-01T07:02:56.036083,1,1,69.35,0.5,69.1,200,,,,,,,,,,,,,,,,,,,69.6,250,,,,,,,,,,,,,,,,,,
2026-06-30T21:02:57.329919+00:00,2026-07-01T07:02:57.327920,1,1,69.35,0.5,69.1,200,,,,,,,,,,,,,,,,,,,69.6,100,,,,,,,,,,,,,,,,,,
2026-06-30T21:02:57.340919+00:00,2026-07-01T07:02:57.329919,1,1,69.35,0.5,69.1,100,,,,,,,,,,,,,,,,,,,69.6,100,,,,,,,,,,,,,,,,,,
2026-06-30T21:02:57.407362+00:00,2026-07-01T07:02:57.396362,2,1,69.35,0.5,69.1,100,68.9,150,,,,,,,,,,,,,,,,,69.6,100,,,,,,,,,,,,,,,,,,
2026-06-30T21:02:57.450888+00:00,2026-07-01T07:02:57.449888,2,2,69.25,0.3,69.1,100,68.9,150,,,,,,,,,,,,,,,,,69.4,150,69.6,100,,,,,,,,,,,,,,,,
2026-06-30T21:02:57.483416+00:00,2026-07-01T07:02:57.478416,2,2,69.25,0.3,69.1,100,68.9,150,,,,,,,,,,,,,,,,,69.4,106,69.6,100,,,,,,,,,,,,,,,,
2026-06-30T21:02:57.789488+00:00,2026-07-01T07:02:57.787488,2,2,69.25,0.3,69.1,110,68.9,150,,,,,,,,,,,,,,,,,69.4,106,69.6,100,,,,,,,,,,,,,,,,
2026-06-30T21:02:58.095537+00:00,2026-07-01T07:02:58.092538,2,2,69.25,0.3,69.1,110,68.9,150,,,,,,,,,,,,,,,,,69.4,56,69.6,100,,,,,,,,,,,,,,,,
2026-06-30T21:02:58.216540+00:00,2026-07-01T07:02:58.211540,2,1,69.25,0.3,69.1,10,68.9,150,,,,,,,,,,,,,,,,,69.4,56,,,,,,,,,,,,,,,,,,
2026-06-30T21:02:58.271067+00:00,2026-07-01T07:02:58.264066,2,1,69.25,0.3,69.1,110,68.9,150,,,,,,,,,,,,,,,,,69.4,56,,,,,,,,,,,,,,,,,,
2026-06-30T21:02:58.293561+00:00,2026-07-01T07:02:58.291560,2,1,69.25,0.3,69.1,100,68.9,150,,,,,,,,,,,,,,,,,69.4,56,,,,,,,,,,,,,,,,,,
2026-06-30T21:02:58.304560+00:00,2026-07-01T07:02:58.295560,2,1,69.25,0.3,69.1,110,68.9,150,,,,,,,,,,,,,,,,,69.4,56,,,,,,,,,,,,,,,,,,
2026-06-30T21:02:58.326560+00:00,2026-07-01T07:02:58.319560,2,2,69.25,0.3,69.1,110,68.9,150,,,,,,,,,,,,,,,,,69.4,56,69.6,100,,,,,,,,,,,,,,,,
2026-06-30T21:02:58.807789+00:00,2026-07-01T07:02:58.803788,2,2,69.25,0.3,69.1,110,68.9,150,,,,,,,,,,,,,,,,,69.4,56,69.6,100,,,,,,,,,,,,,,,,
2026-06-30T21:02:59.310284+00:00,2026-07-01T07:02:59.307283,2,2,69.25,0.3,69.1,100,68.9,150,,,,,,,,,,,,,,,,,69.4,56,69.6,100,,,,,,,,,,,,,,,,
2026-06-30T21:02:59.321283+00:00,2026-07-01T07:02:59.312284,2,2,69.25,0.3,69.1,110,68.9,150,,,,,,,,,,,,,,,,,69.4,56,69.6,100,,,,,,,,,,,,,,,,
2026-06-30T21:02:59.822175+00:00,2026-07-01T07:02:59.819175,2,2,69.25,0.3,69.1,100,68.9,150,,,,,,,,,,,,,,,,,69.4,56,69.6,100,,,,,,,,,,,,,,,,
2026-06-30T21:02:59.832695+00:00,2026-07-01T07:02:59.824176,2,2,69.25,0.3,69.1,110,68.9,150,,,,,,,,,,,,,,,,,69.4,56,69.6,100,,,,,,,,,,,,,,,,
2026-06-30T21:03:00.204357+00:00,2026-07-01T07:03:00.198340,2,2,69.25,0.3,69.1,110,68.9,150,,,,,,,,,,,,,,,,,69.4,6,69.6,100,,,,,,,,,,,,,,,,
2026-06-30T21:03:00.336332+00:00,2026-07-01T07:03:00.327332,2,2,69.25,0.3,69.1,100,68.9,150,,,,,,,,,,,,,,,,,69.4,6,69.6,100,,,,,,,,,,,,,,,,
2026-06-30T21:03:00.510485+00:00,2026-07-01T07:03:00.506485,1,1,69.35,0.5,69.1,100,,,,,,,,,,,,,,,,,,,69.6,100,,,,,,,,,,,,,,,,,,
2026-06-30T21:03:00.576395+00:00,2026-07-01T07:03:00.572395,2,0,,,69.7,50,69.1,100,,,,,,,,,,,,,,,,,,,,,,,,,,,,,,,,,,,,
2026-06-30T21:03:00.641865+00:00,2026-07-01T07:03:00.631871,2,1,69.95,0.5,69.7,50,69.1,100,,,,,,,,,,,,,,,,,70.2,150,,,,,,,,,,,,,,,,,,
2026-06-30T21:03:01.342942+00:00,2026-07-01T07:03:01.336682,2,2,69.9,0.4,69.7,50,69.1,100,,,,,,,,,,,,,,,,,70.1,10,70.2,150,,,,,,,,,,,,,,,,
2026-06-30T21:03:01.375942+00:00,2026-07-01T07:03:01.372942,1,2,69.9,0.4,69.7,50,,,,,,,,,,,,,,,,,,,70.1,10,70.2,150,,,,,,,,,,,,,,,,
2026-06-30T21:03:01.430941+00:00,2026-07-01T07:03:01.425942,2,2,69.9,0.4,69.7,50,69.5,100,,,,,,,,,,,,,,,,,70.1,10,70.2,150,,,,,,,,,,,,,,,,
