recv_time,book_timestamp,n_bids,n_asks,mid,spread,bid_px_0,bid_vol_0,bid_px_1,bid_vol_1,bid_px_2,bid_vol_2,bid_px_3,bid_vol_3,bid_px_4,bid_vol_4,bid_px_5,bid_vol_5,bid_px_6,bid_vol_6,bid_px_7,bid_vol_7,bid_px_8,bid_vol_8,bid_px_9,bid_vol_9,ask_px_0,ask_vol_0,ask_px_1,ask_vol_1,ask_px_2,ask_vol_2,ask_px_3,ask_vol_3,ask_px_4,ask_vol_4,ask_px_5,ask_vol_5,ask_px_6,ask_vol_6,ask_px_7,ask_vol_7,ask_px_8,ask_vol_8,ask_px_9,ask_vol_9
2026-07-02T22:00:00.053108+00:00,2026-07-02T22:00:00.111176,1,2,122.35,0.5,122.1,250,,,,,,,,,,,,,,,,,,,122.6,250,122.7,5,,,,,,,,,,,,,,,,
2026-07-02T22:00:00.386897+00:00,2026-07-02T22:00:00.386818,1,2,122.35,0.5,122.1,250,,,,,,,,,,,,,,,,,,,122.6,204,122.7,5,,,,,,,,,,,,,,,,
2026-07-02T22:00:00.528139+00:00,2026-07-02T22:00:00.521337,1,2,122.35,0.5,122.1,250,,,,,,,,,,,,,,,,,,,122.6,193,122.7,5,,,,,,,,,,,,,,,,
2026-07-02T22:00:01.160828+00:00,2026-07-02T22:00:01.152359,1,2,122.35,0.5,122.1,250,,,,,,,,,,,,,,,,,,,122.6,193,122.7,3,,,,,,,,,,,,,,,,
2026-07-02T22:00:01.293630+00:00,2026-07-02T22:00:01.273795,1,2,122.35,0.5,122.1,200,,,,,,,,,,,,,,,,,,,122.6,193,122.7,3,,,,,,,,,,,,,,,,
2026-07-02T22:00:02.271200+00:00,2026-07-02T22:00:02.254038,1,2,122.35,0.5,122.1,100,,,,,,,,,,,,,,,,,,,122.6,100,122.7,3,,,,,,,,,,,,,,,,
2026-07-02T22:00:02.292746+00:00,2026-07-02T22:00:02.306315,2,2,122.4,0.4,122.2,150,122.1,100,,,,,,,,,,,,,,,,,122.6,100,122.7,3,,,,,,,,,,,,,,,,
2026-07-02T22:00:02.368737+00:00,2026-07-02T22:00:02.368670,2,2,122.4,0.4,122.2,150,122.1,100,,,,,,,,,,,,,,,,,122.6,100,122.7,153,,,,,,,,,,,,,,,,
2026-07-02T22:00:02.812243+00:00,2026-07-02T22:00:02.812134,1,1,122.45,0.5,122.2,150,,,,,,,,,,,,,,,,,,,122.7,153,,,,,,,,,,,,,,,,,,
2026-07-02T22:00:02.858589+00:00,2026-07-02T22:00:02.856736,1,1,122.45,0.5,122.2,250,,,,,,,,,,,,,,,,,,,122.7,153,,,,,,,,,,,,,,,,,,
2026-07-02T22:00:02.915009+00:00,2026-07-02T22:00:02.914922,1,1,122.45,0.5,122.2,250,,,,,,,,,,,,,,,,,,,122.7,253,,,,,,,,,,,,,,,,,,
2026-07-02T22:00:03.205577+00:00,2026-07-02T22:00:03.205460,2,1,122.5,0.4,122.3,3,122.2,250,,,,,,,,,,,,,,,,,122.7,253,,,,,,,,,,,,,,,,,,
2026-07-02T22:00:03.391177+00:00,2026-07-02T22:00:03.391118,1,1,122.45,0.5,122.2,203,,,,,,,,,,,,,,,,,,,122.7,253,,,,,,,,,,,,,,,,,,
2026-07-02T22:00:03.406601+00:00,2026-07-02T22:00:03.406537,2,1,122.5,0.4,122.3,3,122.2,203,,,,,,,,,,,,,,,,,122.7,253,,,,,,,,,,,,,,,,,,
2026-07-02T22:00:05.124805+00:00,2026-07-02T22:00:05.124694,2,1,122.5,0.4,122.3,2,122.2,203,,,,,,,,,,,,,,,,,122.7,253,,,,,,,,,,,,,,,,,,
2026-07-02T22:00:05.419061+00:00,2026-07-02T22:00:05.418980,2,1,122.5,0.4,122.3,2,122.2,203,,,,,,,,,,,,,,,,,122.7,103,,,,,,,,,,,,,,,,,,
2026-07-02T22:00:05.424212+00:00,2026-07-02T22:00:05.424134,2,1,122.5,0.4,122.3,2,122.2,100,,,,,,,,,,,,,,,,,122.7,103,,,,,,,,,,,,,,,,,,
2026-07-02T22:00:05.473085+00:00,2026-07-02T22:00:05.473040,3,1,122.5,0.4,122.3,2,122.2,100,122.0,150,,,,,,,,,,,,,,,122.7,103,,,,,,,,,,,,,,,,,,
2026-07-02T22:00:05.498156+00:00,2026-07-02T22:00:05.498300,2,1,122.45,0.5,122.2,52,122.0,150,,,,,,,,,,,,,,,,,122.7,103,,,,,,,,,,,,,,,,,,
2026-07-02T22:00:05.511921+00:00,2026-07-02T22:00:05.511803,3,1,122.5,0.4,122.3,2,122.2,52,122.0,150,,,,,,,,,,,,,,,122.7,103,,,,,,,,,,,,,,,,,,
2026-07-02T22:00:05.530189+00:00,2026-07-02T22:00:05.530301,3,2,122.4,0.2,122.3,2,122.2,52,122.0,150,,,,,,,,,,,,,,,122.5,150,122.7,103,,,,,,,,,,,,,,,,
2026-07-02T22:00:05.541001+00:00,2026-07-02T22:00:05.534383,3,2,122.4,0.2,122.3,2,122.2,52,122.0,150,,,,,,,,,,,,,,,122.5,139,122.7,103,,,,,,,,,,,,,,,,
2026-07-02T22:00:05.708124+00:00,2026-07-02T22:00:05.701866,3,2,122.4,0.2,122.3,2,122.2,52,122.0,150,,,,,,,,,,,,,,,122.5,127,122.7,103,,,,,,,,,,,,,,,,
2026-07-02T22:00:05.870169+00:00,2026-07-02T22:00:05.870029,3,2,122.4,0.2,122.3,2,122.2,52,122.0,150,,,,,,,,,,,,,,,122.5,115,122.7,103,,,,,,,,,,,,,,,,
2026-07-02T22:00:05.974222+00:00,2026-07-02T22:00:05.974354,2,2,122.4,0.2,122.3,2,122.0,150,,,,,,,,,,,,,,,,,122.5,115,122.7,3,,,,,,,,,,,,,,,,
2026-07-02T22:00:06.027527+00:00,2026-07-02T22:00:06.027654,3,2,122.4,0.2,122.3,2,122.1,100,122.0,150,,,,,,,,,,,,,,,122.5,115,122.7,3,,,,,,,,,,,,,,,,
2026-07-02T22:00:06.080974+00:00,2026-07-02T22:00:06.081066,3,3,122.4,0.2,122.3,2,122.1,100,122.0,150,,,,,,,,,,,,,,,122.5,115,122.6,100,122.7,3,,,,,,,,,,,,,,
2026-07-02T22:00:07.157253+00:00,2026-07-02T22:00:07.157192,3,3,122.4,0.2,122.3,2,122.1,100,122.0,150,,,,,,,,,,,,,,,122.5,74,122.6,100,122.7,3,,,,,,,,,,,,,,
2026-07-02T22:00:07.606703+00:00,2026-07-02T22:00:07.606645,2,3,122.3,0.4,122.1,52,122.0,150,,,,,,,,,,,,,,,,,122.5,74,122.6,100,122.7,3,,,,,,,,,,,,,,
2026-07-02T22:00:07.619716+00:00,2026-07-02T22:00:07.619586,3,3,122.4,0.2,122.3,2,122.1,52,122.0,150,,,,,,,,,,,,,,,122.5,74,122.6,100,122.7,3,,,,,,,,,,,,,,
2026-07-02T22:00:07.640528+00:00,2026-07-02T22:00:07.640431,2,3,122.3,0.4,122.1,52,122.0,150,,,,,,,,,,,,,,,,,122.5,74,122.6,100,122.7,3,,,,,,,,,,,,,,
2026-07-02T22:00:07.658576+00:00,2026-07-02T22:00:07.650826,3,3,122.4,0.2,122.3,2,122.1,52,122.0,150,,,,,,,,,,,,,,,122.5,74,122.6,100,122.7,3,,,,,,,,,,,,,,
2026-07-02T22:00:08.581857+00:00,2026-07-02T22:00:08.581758,2,2,122.45,0.3,122.3,2,122.1,52,,,,,,,,,,,,,,,,,122.6,100,122.7,3,,,,,,,,,,,,,,,,
2026-07-02T22:00:08.631025+00:00,2026-07-02T22:00:08.630908,2,2,122.45,0.3,122.3,2,122.1,52,,,,,,,,,,,,,,,,,122.6,100,122.7,2,,,,,,,,,,,,,,,,
2026-07-02T22:00:08.636187+00:00,2026-07-02T22:00:08.636071,3,2,122.5,0.2,122.4,150,122.3,2,122.1,52,,,,,,,,,,,,,,,122.6,100,122.7,2,,,,,,,,,,,,,,,,
2026-07-02T22:00:08.686391+00:00,2026-07-02T22:00:08.686362,3,3,122.5,0.2,122.4,150,122.3,2,122.1,52,,,,,,,,,,,,,,,122.6,100,122.7,2,122.9,150,,,,,,,,,,,,,,
2026-07-02T22:00:08.922890+00:00,2026-07-02T22:00:08.922802,3,2,122.5,0.2,122.4,150,122.3,2,122.1,52,,,,,,,,,,,,,,,122.6,100,122.9,150,,,,,,,,,,,,,,,,
2026-07-02T22:00:09.134645+00:00,2026-07-02T22:00:09.134528,2,1,122.65,0.5,122.4,150,122.3,2,,,,,,,,,,,,,,,,,122.9,150,,,,,,,,,,,,,,,,,,
2026-07-02T22:00:09.188276+00:00,2026-07-02T22:00:09.188358,3,1,122.65,0.5,122.4,150,122.3,2,121.9,100,,,,,,,,,,,,,,,122.9,150,,,,,,,,,,,,,,,,,,
2026-07-02T22:00:09.240274+00:00,2026-07-02T22:00:09.240155,3,1,122.65,0.5,122.4,50,122.3,2,121.9,100,,,,,,,,,,,,,,,122.9,150,,,,,,,,,,,,,,,,,,
2026-07-02T22:00:09.713224+00:00,2026-07-02T22:00:09.713199,2,1,122.6,0.6,122.3,2,121.9,100,,,,,,,,,,,,,,,,,122.9,150,,,,,,,,,,,,,,,,,,
2026-07-02T22:00:10.145622+00:00,2026-07-02T22:00:10.145502,2,1,122.6,0.6,122.3,2,121.9,100,,,,,,,,,,,,,,,,,122.9,110,,,,,,,,,,,,,,,,,,
2026-07-02T22:00:10.278158+00:00,2026-07-02T22:00:10.278069,1,1,122.4,1.0,121.9,100,,,,,,,,,,,,,,,,,,,122.9,110,,,,,,,,,,,,,,,,,,
2026-07-02T22:00:10.370350+00:00,2026-07-02T22:00:10.370238,2,1,122.6,0.6,122.3,5,121.9,100,,,,,,,,,,,,,,,,,122.9,110,,,,,,,,,,,,,,,,,,
2026-07-02T22:00:10.479538+00:00,2026-07-02T22:00:10.479413,1,1,122.4,1.0,121.9,100,,,,,,,,,,,,,,,,,,,122.9,110,,,,,,,,,,,,,,,,,,
2026-07-02T22:00:10.583612+00:00,2026-07-02T22:00:10.583739,2,1,122.55,0.7,122.2,5,121.9,100,,,,,,,,,,,,,,,,,122.9,110,,,,,,,,,,,,,,,,,,
2026-07-02T22:00:10.790736+00:00,2026-07-02T22:00:10.790814,1,1,122.4,1.0,121.9,62,,,,,,,,,,,,,,,,,,,122.9,110,,,,,,,,,,,,,,,,,,
2026-07-02T22:00:10.937865+00:00,2026-07-02T22:00:10.937803,2,1,122.55,0.7,122.2,5,121.9,62,,,,,,,,,,,,,,,,,122.9,110,,,,,,,,,,,,,,,,,,
2026-07-02T22:00:11.078871+00:00,2026-07-02T22:00:11.078769,2,1,122.55,0.7,122.2,5,121.9,62,,,,,,,,,,,,,,,,,122.9,103,,,,,,,,,,,,,,,,,,
2026-07-02T22:00:11.705351+00:00,2026-07-02T22:00:11.705168,2,1,122.55,0.7,122.2,5,121.9,62,,,,,,,,,,,,,,,,,122.9,62,,,,,,,,,,,,,,,,,,
2026-07-02T22:00:11.750145+00:00,2026-07-02T22:00:11.750025,2,0,,,122.2,5,121.9,62,,,,,,,,,,,,,,,,,,,,,,,,,,,,,,,,,,,,
2026-07-02T22:00:11.792539+00:00,2026-07-02T22:00:11.792495,3,0,,,122.5,150,122.2,5,121.9,62,,,,,,,,,,,,,,,,,,,,,,,,,,,,,,,,,,
2026-07-02T22:00:11.849060+00:00,2026-07-02T22:00:11.848992,3,1,122.75,0.5,122.5,150,122.2,5,121.9,62,,,,,,,,,,,,,,,123.0,150,,,,,,,,,,,,,,,,,,
2026-07-02T22:00:11.880783+00:00,2026-07-02T22:00:11.880933,3,1,122.75,0.5,122.5,143,122.2,5,121.9,62,,,,,,,,,,,,,,,123.0,150,,,,,,,,,,,,,,,,,,
2026-07-02T22:00:12.290154+00:00,2026-07-02T22:00:12.290077,2,1,122.75,0.5,122.5,143,122.2,5,,,,,,,,,,,,,,,,,123.0,150,,,,,,,,,,,,,,,,,,
2026-07-02T22:00:12.342483+00:00,2026-07-02T22:00:12.342369,2,1,122.75,0.5,122.5,243,122.2,5,,,,,,,,,,,,,,,,,123.0,150,,,,,,,,,,,,,,,,,,
2026-07-02T22:00:12.399963+00:00,2026-07-02T22:00:12.399850,2,1,122.75,0.5,122.5,243,122.2,5,,,,,,,,,,,,,,,,,123.0,250,,,,,,,,,,,,,,,,,,
2026-07-02T22:00:13.922483+00:00,2026-07-02T22:00:13.922417,2,1,122.75,0.5,122.5,193,122.2,5,,,,,,,,,,,,,,,,,123.0,250,,,,,,,,,,,,,,,,,,
2026-07-02T22:00:14.481961+00:00,2026-07-02T22:00:14.481849,2,1,122.75,0.5,122.5,193,122.2,5,,,,,,,,,,,,,,,,,123.0,203,,,,,,,,,,,,,,,,,,
2026-07-02T22:00:14.537822+00:00,2026-07-02T22:00:14.537692,2,1,122.75,0.5,122.5,144,122.2,5,,,,,,,,,,,,,,,,,123.0,203,,,,,,,,,,,,,,,,,,
2026-07-02T22:00:14.901361+00:00,2026-07-02T22:00:14.901293,2,1,122.75,0.5,122.5,144,122.2,5,,,,,,,,,,,,,,,,,123.0,100,,,,,,,,,,,,,,,,,,
2026-07-02T22:00:14.906605+00:00,2026-07-02T22:00:14.906490,2,1,122.75,0.5,122.5,100,122.2,5,,,,,,,,,,,,,,,,,123.0,100,,,,,,,,,,,,,,,,,,
2026-07-02T22:00:14.958777+00:00,2026-07-02T22:00:14.953926,3,1,122.75,0.5,122.5,100,122.3,150,122.2,5,,,,,,,,,,,,,,,123.0,100,,,,,,,,,,,,,,,,,,
2026-07-02T22:00:15.024358+00:00,2026-07-02T22:00:15.018081,3,2,122.65,0.3,122.5,100,122.3,150,122.2,5,,,,,,,,,,,,,,,122.8,139,123.0,100,,,,,,,,,,,,,,,,
2026-07-02T22:00:15.072187+00:00,2026-07-02T22:00:15.072031,3,2,122.65,0.3,122.5,100,122.3,150,122.2,5,,,,,,,,,,,,,,,122.8,94,123.0,100,,,,,,,,,,,,,,,,
2026-07-02T22:00:15.082615+00:00,2026-07-02T22:00:15.082513,3,2,122.65,0.3,122.5,100,122.3,150,122.2,5,,,,,,,,,,,,,,,122.8,87,123.0,100,,,,,,,,,,,,,,,,
2026-07-02T22:00:15.124375+00:00,2026-07-02T22:00:15.124239,3,2,122.65,0.3,122.5,53,122.3,150,122.2,5,,,,,,,,,,,,,,,122.8,87,123.0,100,,,,,,,,,,,,,,,,
2026-07-02T22:00:15.458645+00:00,2026-07-02T22:00:15.443353,3,1,122.65,0.3,122.5,53,122.3,150,122.2,5,,,,,,,,,,,,,,,122.8,87,,,,,,,,,,,,,,,,,,
2026-07-02T22:00:15.469109+00:00,2026-07-02T22:00:15.469042,2,1,122.55,0.5,122.3,150,122.2,5,,,,,,,,,,,,,,,,,122.8,87,,,,,,,,,,,,,,,,,,
2026-07-02T22:00:15.569108+00:00,2026-07-02T22:00:15.569475,3,1,122.6,0.4,122.4,100,122.3,150,122.2,5,,,,,,,,,,,,,,,122.8,87,,,,,,,,,,,,,,,,,,
2026-07-02T22:00:15.576477+00:00,2026-07-02T22:00:15.575928,3,2,122.6,0.4,122.4,100,122.3,150,122.2,5,,,,,,,,,,,,,,,122.8,87,122.9,100,,,,,,,,,,,,,,,,
2026-07-02T22:00:16.030790+00:00,2026-07-02T22:00:16.030754,3,2,122.6,0.4,122.4,50,122.3,150,122.2,5,,,,,,,,,,,,,,,122.8,87,122.9,100,,,,,,,,,,,,,,,,
2026-07-02T22:00:17.783696+00:00,2026-07-02T22:00:17.783893,3,2,122.6,0.4,122.4,50,122.3,150,122.2,4,,,,,,,,,,,,,,,122.8,87,122.9,100,,,,,,,,,,,,,,,,
2026-07-02T22:00:18.070058+00:00,2026-07-02T22:00:18.069969,2,1,122.65,0.5,122.4,50,122.2,4,,,,,,,,,,,,,,,,,122.9,100,,,,,,,,,,,,,,,,,,
2026-07-02T22:00:18.086893+00:00,2026-07-02T22:00:18.086706,2,1,122.65,0.5,122.4,43,122.2,4,,,,,,,,,,,,,,,,,122.9,100,,,,,,,,,,,,,,,,,,
2026-07-02T22:00:18.123083+00:00,2026-07-02T22:00:18.123177,2,1,122.65,0.5,122.4,43,122.2,154,,,,,,,,,,,,,,,,,122.9,100,,,,,,,,,,,,,,,,,,
2026-07-02T22:00:18.179157+00:00,2026-07-02T22:00:18.179058,2,2,122.55,0.3,122.4,43,122.2,154,,,,,,,,,,,,,,,,,122.7,150,122.9,100,,,,,,,,,,,,,,,,
2026-07-02T22:00:18.504755+00:00,2026-07-02T22:00:18.504685,2,2,122.55,0.3,122.4,43,122.2,154,,,,,,,,,,,,,,,,,122.7,106,122.9,100,,,,,,,,,,,,,,,,
2026-07-02T22:00:18.612158+00:00,2026-07-02T22:00:18.612115,1,1,122.45,0.5,122.2,154,,,,,,,,,,,,,,,,,,,122.7,106,,,,,,,,,,,,,,,,,,
2026-07-02T22:00:18.666152+00:00,2026-07-02T22:00:18.666075,2,1,122.45,0.5,122.2,154,121.9,100,,,,,,,,,,,,,,,,,122.7,106,,,,,,,,,,,,,,,,,,
2026-07-02T22:00:18.727258+00:00,2026-07-02T22:00:18.720943,2,2,122.3,0.2,122.2,154,121.9,100,,,,,,,,,,,,,,,,,122.4,94,122.7,106,,,,,,,,,,,,,,,,
2026-07-02T22:00:18.886388+00:00,2026-07-02T22:00:18.886314,2,2,122.3,0.2,122.2,154,121.9,100,,,,,,,,,,,,,,,,,122.4,87,122.7,106,,,,,,,,,,,,,,,,
2026-07-02T22:00:19.338602+00:00,2026-07-02T22:00:19.338453,2,2,122.3,0.2,122.2,152,121.9,100,,,,,,,,,,,,,,,,,122.4,87,122.7,106,,,,,,,,,,,,,,,,
2026-07-02T22:00:20.192577+00:00,2026-07-02T22:00:20.192496,2,2,122.3,0.2,122.2,152,121.9,100,,,,,,,,,,,,,,,,,122.4,37,122.7,106,,,,,,,,,,,,,,,,
2026-07-02T22:00:21.235074+00:00,2026-07-02T22:00:21.235193,2,1,122.3,0.2,122.2,2,121.9,100,,,,,,,,,,,,,,,,,122.4,37,,,,,,,,,,,,,,,,,,
2026-07-02T22:00:21.289001+00:00,2026-07-02T22:00:21.288878,3,0,,,122.5,113,122.2,2,121.9,100,,,,,,,,,,,,,,,,,,,,,,,,,,,,,,,,,,
2026-07-02T22:00:21.342241+00:00,2026-07-02T22:00:21.342207,3,1,122.75,0.5,122.5,113,122.2,2,121.9,100,,,,,,,,,,,,,,,123.0,150,,,,,,,,,,,,,,,,,,
2026-07-02T22:00:21.450663+00:00,2026-07-02T22:00:21.444694,3,1,122.75,0.5,122.5,107,122.2,2,121.9,100,,,,,,,,,,,,,,,123.0,150,,,,,,,,,,,,,,,,,,
2026-07-02T22:00:21.490247+00:00,2026-07-02T22:00:21.490334,3,1,122.75,0.5,122.5,100,122.2,2,121.9,100,,,,,,,,,,,,,,,123.0,150,,,,,,,,,,,,,,,,,,
2026-07-02T22:00:21.774308+00:00,2026-07-02T22:00:21.774224,2,1,122.75,0.5,122.5,100,122.2,2,,,,,,,,,,,,,,,,,123.0,150,,,,,,,,,,,,,,,,,,
2026-07-02T22:00:21.827831+00:00,2026-07-02T22:00:21.827797,3,1,122.75,0.5,122.5,52,122.2,2,122.1,100,,,,,,,,,,,,,,,123.0,150,,,,,,,,,,,,,,,,,,
2026-07-02T22:00:21.881840+00:00,2026-07-02T22:00:21.881719,3,2,122.55,0.1,122.5,52,122.2,2,122.1,100,,,,,,,,,,,,,,,122.6,100,123.0,150,,,,,,,,,,,,,,,,
2026-07-02T22:00:22.133639+00:00,2026-07-02T22:00:22.133526,3,2,122.55,0.1,122.5,52,122.2,1,122.1,100,,,,,,,,,,,,,,,122.6,100,123.0,150,,,,,,,,,,,,,,,,
2026-07-02T22:00:22.298738+00:00,2026-07-02T22:00:22.298653,3,2,122.55,0.1,122.5,52,122.2,1,122.1,100,,,,,,,,,,,,,,,122.6,50,123.0,150,,,,,,,,,,,,,,,,
2026-07-02T22:00:22.892237+00:00,2026-07-02T22:00:22.892161,3,2,122.55,0.1,122.5,52,122.2,1,122.1,100,,,,,,,,,,,,,,,122.6,43,123.0,150,,,,,,,,,,,,,,,,
2026-07-02T22:00:24.292545+00:00,2026-07-02T22:00:24.292491,3,2,122.55,0.1,122.5,52,122.2,1,122.1,100,,,,,,,,,,,,,,,122.6,48,123.0,150,,,,,,,,,,,,,,,,
2026-07-02T22:00:24.400671+00:00,2026-07-02T22:00:24.400828,2,1,122.4,0.4,122.2,1,122.1,100,,,,,,,,,,,,,,,,,122.6,48,,,,,,,,,,,,,,,,,,
2026-07-02T22:00:24.406110+00:00,2026-07-02T22:00:24.406044,2,0,,,122.2,1,122.1,100,,,,,,,,,,,,,,,,,,,,,,,,,,,,,,,,,,,,
2026-07-02T22:00:24.455378+00:00,2026-07-02T22:00:24.455506,3,0,,,122.2,1,122.1,100,122.0,150,,,,,,,,,,,,,,,,,,,,,,,,,,,,,,,,,,
2026-07-02T22:00:24.509543+00:00,2026-07-02T22:00:24.509456,3,1,122.35,0.3,122.2,1,122.1,100,122.0,150,,,,,,,,,,,,,,,122.5,150,,,,,,,,,,,,,,,,,,
2026-07-02T22:00:24.651540+00:00,2026-07-02T22:00:24.651469,3,2,122.35,0.3,122.2,1,122.1,100,122.0,150,,,,,,,,,,,,,,,122.5,150,122.6,5,,,,,,,,,,,,,,,,
2026-07-02T22:00:24.935751+00:00,2026-07-02T22:00:24.935635,2,2,122.35,0.3,122.2,1,122.0,150,,,,,,,,,,,,,,,,,122.5,150,122.6,5,,,,,,,,,,,,,,,,
2026-07-02T22:00:24.989988+00:00,2026-07-02T22:00:24.989942,3,2,122.45,0.1,122.4,58,122.2,1,122.0,150,,,,,,,,,,,,,,,122.5,150,122.6,5,,,,,,,,,,,,,,,,
2026-07-02T22:00:25.044286+00:00,2026-07-02T22:00:25.044147,3,3,122.45,0.1,122.4,58,122.2,1,122.0,150,,,,,,,,,,,,,,,122.5,150,122.6,5,122.9,100,,,,,,,,,,,,,,
2026-07-02T22:00:26.509327+00:00,2026-07-02T22:00:26.509505,3,3,122.45,0.1,122.4,58,122.2,1,122.0,150,,,,,,,,,,,,,,,122.5,100,122.6,5,122.9,100,,,,,,,,,,,,,,
2026-07-02T22:00:27.566036+00:00,2026-07-02T22:00:27.565938,2,2,122.5,0.2,122.4,58,122.2,1,,,,,,,,,,,,,,,,,122.6,5,122.9,100,,,,,,,,,,,,,,,,
2026-07-02T22:00:27.619646+00:00,2026-07-02T22:00:27.619773,3,2,122.5,0.2,122.4,58,122.2,1,122.1,150,,,,,,,,,,,,,,,122.6,5,122.9,100,,,,,,,,,,,,,,,,
2026-07-02T22:00:27.669205+00:00,2026-07-02T22:00:27.669011,3,2,122.5,0.2,122.4,58,122.2,1,122.1,150,,,,,,,,,,,,,,,122.6,155,122.9,100,,,,,,,,,,,,,,,,
2026-07-02T22:00:28.093888+00:00,2026-07-02T22:00:28.094016,3,1,122.5,0.2,122.4,58,122.2,1,122.1,150,,,,,,,,,,,,,,,122.6,155,,,,,,,,,,,,,,,,,,
2026-07-02T22:00:28.099300+00:00,2026-07-02T22:00:28.099213,2,1,122.4,0.4,122.2,1,122.1,150,,,,,,,,,,,,,,,,,122.6,155,,,,,,,,,,,,,,,,,,
2026-07-02T22:00:28.149225+00:00,2026-07-02T22:00:28.149171,3,1,122.45,0.3,122.3,100,122.2,1,122.1,150,,,,,,,,,,,,,,,122.6,155,,,,,,,,,,,,,,,,,,
2026-07-02T22:00:28.202214+00:00,2026-07-02T22:00:28.202308,3,2,122.45,0.3,122.3,100,122.2,1,122.1,150,,,,,,,,,,,,,,,122.6,155,122.8,100,,,,,,,,,,,,,,,,
2026-07-02T22:00:28.623598+00:00,2026-07-02T22:00:28.623530,3,2,122.45,0.3,122.3,100,122.2,1,122.1,150,,,,,,,,,,,,,,,122.6,105,122.8,100,,,,,,,,,,,,,,,,
2026-07-02T22:00:28.687168+00:00,2026-07-02T22:00:28.687035,3,2,122.45,0.3,122.3,100,122.2,1,122.1,150,,,,,,,,,,,,,,,122.6,110,122.8,100,,,,,,,,,,,,,,,,
2026-07-02T22:00:29.372230+00:00,2026-07-02T22:00:29.372054,3,2,122.45,0.3,122.3,100,122.2,1,122.1,150,,,,,,,,,,,,,,,122.6,67,122.8,100,,,,,,,,,,,,,,,,
2026-07-02T22:00:29.703408+00:00,2026-07-02T22:00:29.703217,3,2,122.45,0.3,122.3,100,122.2,1,122.1,150,,,,,,,,,,,,,,,122.6,66,122.8,100,,,,,,,,,,,,,,,,
2026-07-02T22:00:29.982835+00:00,2026-07-02T22:00:29.982770,3,2,122.45,0.3,122.3,100,122.2,1,122.1,150,,,,,,,,,,,,,,,122.6,25,122.8,100,,,,,,,,,,,,,,,,
2026-07-02T22:00:30.036926+00:00,2026-07-02T22:00:30.036782,3,2,122.45,0.3,122.3,55,122.2,1,122.1,150,,,,,,,,,,,,,,,122.6,25,122.8,100,,,,,,,,,,,,,,,,
2026-07-02T22:00:30.058641+00:00,2026-07-02T22:00:30.047350,3,2,122.45,0.3,122.3,55,122.2,1,122.1,150,,,,,,,,,,,,,,,122.6,23,122.8,100,,,,,,,,,,,,,,,,
2026-07-02T22:00:30.540577+00:00,2026-07-02T22:00:30.540510,3,1,122.55,0.5,122.3,55,122.2,1,122.1,150,,,,,,,,,,,,,,,122.8,77,,,,,,,,,,,,,,,,,,
2026-07-02T22:00:30.708391+00:00,2026-07-02T22:00:30.708498,3,1,122.55,0.5,122.3,48,122.2,1,122.1,150,,,,,,,,,,,,,,,122.8,77,,,,,,,,,,,,,,,,,,
2026-07-02T22:00:30.724516+00:00,2026-07-02T22:00:30.724449,2,1,122.55,0.5,122.3,48,122.2,1,,,,,,,,,,,,,,,,,122.8,77,,,,,,,,,,,,,,,,,,
2026-07-02T22:00:30.777081+00:00,2026-07-02T22:00:30.777001,3,0,,,122.8,73,122.3,48,122.2,1,,,,,,,,,,,,,,,,,,,,,,,,,,,,,,,,,,
2026-07-02T22:00:30.782350+00:00,2026-07-02T22:00:30.782222,3,0,,,122.8,23,122.3,48,122.2,1,,,,,,,,,,,,,,,,,,,,,,,,,,,,,,,,,,
2026-07-02T22:00:30.842855+00:00,2026-07-02T22:00:30.836191,2,1,122.8,1.0,122.3,48,122.2,1,,,,,,,,,,,,,,,,,123.3,150,,,,,,,,,,,,,,,,,,
2026-07-02T22:00:31.260788+00:00,2026-07-02T22:00:31.260748,1,1,122.75,1.1,122.2,1,,,,,,,,,,,,,,,,,,,123.3,150,,,,,,,,,,,,,,,,,,
2026-07-02T22:00:31.315971+00:00,2026-07-02T22:00:31.315841,2,1,122.9,0.8,122.5,100,122.2,1,,,,,,,,,,,,,,,,,123.3,150,,,,,,,,,,,,,,,,,,
2026-07-02T22:00:31.368868+00:00,2026-07-02T22:00:31.368672,2,2,122.75,0.5,122.5,100,122.2,1,,,,,,,,,,,,,,,,,123.0,100,123.3,150,,,,,,,,,,,,,,,,
2026-07-02T22:00:31.728727+00:00,2026-07-02T22:00:31.728600,2,3,122.55,0.1,122.5,100,122.2,1,,,,,,,,,,,,,,,,,122.6,4,123.0,100,123.3,150,,,,,,,,,,,,,,
2026-07-02T22:00:31.917736+00:00,2026-07-02T22:00:31.917662,2,2,122.75,0.5,122.5,100,122.2,1,,,,,,,,,,,,,,,,,123.0,100,123.3,150,,,,,,,,,,,,,,,,
2026-07-02T22:00:32.096369+00:00,2026-07-02T22:00:32.090558,2,2,122.75,0.5,122.5,100,122.2,1,,,,,,,,,,,,,,,,,123.0,100,123.3,150,,,,,,,,,,,,,,,,
2026-07-02T22:00:32.218496+00:00,2026-07-02T22:00:32.218373,1,2,122.75,0.5,122.5,100,,,,,,,,,,,,,,,,,,,123.0,100,123.3,150,,,,,,,,,,,,,,,,
2026-07-02T22:00:32.508897+00:00,2026-07-02T22:00:32.508850,1,2,122.75,0.5,122.5,90,,,,,,,,,,,,,,,,,,,123.0,100,123.3,150,,,,,,,,,,,,,,,,
2026-07-02T22:00:32.703329+00:00,2026-07-02T22:00:32.703109,1,2,122.75,0.5,122.5,87,,,,,,,,,,,,,,,,,,,123.0,100,123.3,150,,,,,,,,,,,,,,,,
2026-07-02T22:00:32.837234+00:00,2026-07-02T22:00:32.837128,1,2,122.75,0.5,122.5,87,,,,,,,,,,,,,,,,,,,123.0,50,123.3,150,,,,,,,,,,,,,,,,
2026-07-02T22:00:33.891672+00:00,2026-07-02T22:00:33.891636,1,1,122.75,0.5,122.5,87,,,,,,,,,,,,,,,,,,,123.0,50,,,,,,,,,,,,,,,,,,
2026-07-02T22:00:33.944872+00:00,2026-07-02T22:00:33.944795,2,1,122.75,0.5,122.5,87,122.3,150,,,,,,,,,,,,,,,,,123.0,50,,,,,,,,,,,,,,,,,,
2026-07-02T22:00:33.997570+00:00,2026-07-02T22:00:33.997444,2,2,122.65,0.3,122.5,87,122.3,150,,,,,,,,,,,,,,,,,122.8,150,123.0,50,,,,,,,,,,,,,,,,
2026-07-02T22:00:34.423422+00:00,2026-07-02T22:00:34.423356,1,1,122.55,0.5,122.3,150,,,,,,,,,,,,,,,,,,,122.8,150,,,,,,,,,,,,,,,,,,
2026-07-02T22:00:34.473913+00:00,2026-07-02T22:00:34.469358,2,1,122.75,0.1,122.7,100,122.3,150,,,,,,,,,,,,,,,,,122.8,143,,,,,,,,,,,,,,,,,,
2026-07-02T22:00:34.505069+00:00,2026-07-02T22:00:34.504935,2,1,122.75,0.1,122.7,100,122.3,150,,,,,,,,,,,,,,,,,122.8,127,,,,,,,,,,,,,,,,,,
2026-07-02T22:00:34.531842+00:00,2026-07-02T22:00:34.531623,2,2,122.75,0.1,122.7,100,122.3,150,,,,,,,,,,,,,,,,,122.8,127,123.2,100,,,,,,,,,,,,,,,,
2026-07-02T22:00:34.580831+00:00,2026-07-02T22:00:34.575363,2,2,122.75,0.1,122.7,100,122.3,150,,,,,,,,,,,,,,,,,122.8,110,123.2,100,,,,,,,,,,,,,,,,
2026-07-02T22:00:34.942776+00:00,2026-07-02T22:00:34.942707,2,2,122.75,0.1,122.7,100,122.3,150,,,,,,,,,,,,,,,,,122.8,60,123.2,100,,,,,,,,,,,,,,,,
2026-07-02T22:00:35.524067+00:00,2026-07-02T22:00:35.523957,2,2,122.75,0.1,122.7,57,122.3,150,,,,,,,,,,,,,,,,,122.8,60,123.2,100,,,,,,,,,,,,,,,,
2026-07-02T22:00:37.058584+00:00,2026-07-02T22:00:37.046498,1,1,122.95,0.5,122.7,57,,,,,,,,,,,,,,,,,,,123.2,100,,,,,,,,,,,,,,,,,,
2026-07-02T22:00:37.114062+00:00,2026-07-02T22:00:37.108204,2,1,123.0,0.4,122.8,144,122.7,57,,,,,,,,,,,,,,,,,123.2,100,,,,,,,,,,,,,,,,,,
2026-07-02T22:00:37.159992+00:00,2026-07-02T22:00:37.159958,2,2,123.0,0.4,122.8,144,122.7,57,,,,,,,,,,,,,,,,,123.2,100,123.3,150,,,,,,,,,,,,,,,,
2026-07-02T22:00:37.585354+00:00,2026-07-02T22:00:37.585265,1,1,123.05,0.5,122.8,144,,,,,,,,,,,,,,,,,,,123.3,150,,,,,,,,,,,,,,,,,,
2026-07-02T22:00:37.641236+00:00,2026-07-02T22:00:37.641177,2,1,123.05,0.5,122.8,144,122.7,100,,,,,,,,,,,,,,,,,123.3,150,,,,,,,,,,,,,,,,,,
2026-07-02T22:00:37.688355+00:00,2026-07-02T22:00:37.688269,2,2,123.0,0.4,122.8,144,122.7,100,,,,,,,,,,,,,,,,,123.2,100,123.3,150,,,,,,,,,,,,,,,,
2026-07-02T22:00:38.509122+00:00,2026-07-02T22:00:38.508986,2,2,123.0,0.4,122.8,128,122.7,100,,,,,,,,,,,,,,,,,123.2,100,123.3,150,,,,,,,,,,,,,,,,
2026-07-02T22:00:38.763985+00:00,2026-07-02T22:00:38.763869,3,2,123.0,0.4,122.8,128,122.7,100,122.5,5,,,,,,,,,,,,,,,123.2,100,123.3,150,,,,,,,,,,,,,,,,
2026-07-02T22:00:39.177107+00:00,2026-07-02T22:00:39.176985,3,2,123.0,0.4,122.8,128,122.7,100,122.5,5,,,,,,,,,,,,,,,123.2,50,123.3,150,,,,,,,,,,,,,,,,
2026-07-02T22:00:40.214869+00:00,2026-07-02T22:00:40.214762,2,1,122.95,0.5,122.7,100,122.5,5,,,,,,,,,,,,,,,,,123.2,50,,,,,,,,,,,,,,,,,,
2026-07-02T22:00:40.240538+00:00,2026-07-02T22:00:40.240811,2,1,122.95,0.5,122.7,100,122.5,5,,,,,,,,,,,,,,,,,123.2,1,,,,,,,,,,,,,,,,,,
2026-07-02T22:00:40.268104+00:00,2026-07-02T22:00:40.268034,3,1,123.1,0.2,123.0,150,122.7,100,122.5,5,,,,,,,,,,,,,,,123.2,1,,,,,,,,,,,,,,,,,,
2026-07-02T22:00:40.321975+00:00,2026-07-02T22:00:40.321935,3,2,123.1,0.2,123.0,150,122.7,100,122.5,5,,,,,,,,,,,,,,,123.2,1,123.5,150,,,,,,,,,,,,,,,,
2026-07-02T22:00:40.746581+00:00,2026-07-02T22:00:40.746534,2,1,123.25,0.5,123.0,150,122.5,5,,,,,,,,,,,,,,,,,123.5,150,,,,,,,,,,,,,,,,,,
2026-07-02T22:00:40.810673+00:00,2026-07-02T22:00:40.804576,3,1,123.3,0.4,123.1,89,123.0,150,122.5,5,,,,,,,,,,,,,,,123.5,150,,,,,,,,,,,,,,,,,,
2026-07-02T22:00:40.856399+00:00,2026-07-02T22:00:40.856160,3,2,123.3,0.4,123.1,89,123.0,150,122.5,5,,,,,,,,,,,,,,,123.5,150,123.6,100,,,,,,,,,,,,,,,,
2026-07-02T22:00:41.288950+00:00,2026-07-02T22:00:41.288869,3,2,123.3,0.4,123.1,89,123.0,150,122.5,5,,,,,,,,,,,,,,,123.5,100,123.6,100,,,,,,,,,,,,,,,,
2026-07-02T22:00:41.306889+00:00,2026-07-02T22:00:41.306763,3,2,123.3,0.4,123.1,40,123.0,150,122.5,5,,,,,,,,,,,,,,,123.5,100,123.6,100,,,,,,,,,,,,,,,,
2026-07-02T22:00:41.448294+00:00,2026-07-02T22:00:41.442062,3,2,123.3,0.4,123.1,39,123.0,150,122.5,5,,,,,,,,,,,,,,,123.5,100,123.6,100,,,,,,,,,,,,,,,,
2026-07-02T22:00:41.818843+00:00,2026-07-02T22:00:41.812763,3,2,123.3,0.4,123.1,37,123.0,150,122.5,5,,,,,,,,,,,,,,,123.5,100,123.6,100,,,,,,,,,,,,,,,,
2026-07-02T22:00:41.849172+00:00,2026-07-02T22:00:41.849145,2,2,123.25,0.5,123.0,140,122.5,5,,,,,,,,,,,,,,,,,123.5,100,123.6,100,,,,,,,,,,,,,,,,
2026-07-02T22:00:43.358555+00:00,2026-07-02T22:00:43.355414,1,2,123.25,0.5,123.0,140,,,,,,,,,,,,,,,,,,,123.5,55,123.6,100,,,,,,,,,,,,,,,,
2026-07-02T22:00:43.379852+00:00,2026-07-02T22:00:43.379703,0,1,,,,,,,,,,,,,,,,,,,,,,,123.6,100,,,,,,,,,,,,,,,,,,
2026-07-02T22:00:43.444982+00:00,2026-07-02T22:00:43.437995,1,1,123.45,0.3,123.3,119,,,,,,,,,,,,,,,,,,,123.6,100,,,,,,,,,,,,,,,,,,
2026-07-02T22:00:43.466796+00:00,2026-07-02T22:00:43.466725,1,1,123.45,0.3,123.3,69,,,,,,,,,,,,,,,,,,,123.6,100,,,,,,,,,,,,,,,,,,
2026-07-02T22:00:43.486115+00:00,2026-07-02T22:00:43.486041,1,2,123.45,0.3,123.3,69,,,,,,,,,,,,,,,,,,,123.6,100,123.8,150,,,,,,,,,,,,,,,,
2026-07-02T22:00:43.906800+00:00,2026-07-02T22:00:43.906754,1,1,123.55,0.5,123.3,69,,,,,,,,,,,,,,,,,,,123.8,150,,,,,,,,,,,,,,,,,,
2026-07-02T22:00:43.954731+00:00,2026-07-02T22:00:43.954897,2,1,123.55,0.5,123.3,69,122.8,100,,,,,,,,,,,,,,,,,123.8,150,,,,,,,,,,,,,,,,,,
2026-07-02T22:00:43.969937+00:00,2026-07-02T22:00:43.969814,2,1,123.55,0.5,123.3,21,122.8,100,,,,,,,,,,,,,,,,,123.8,150,,,,,,,,,,,,,,,,,,
2026-07-02T22:00:44.017172+00:00,2026-07-02T22:00:44.017111,1,2,123.05,0.5,122.8,100,,,,,,,,,,,,,,,,,,,123.3,79,123.8,150,,,,,,,,,,,,,,,,
2026-07-02T22:00:44.833712+00:00,2026-07-02T22:00:44.833603,1,2,123.05,0.5,122.8,105,,,,,,,,,,,,,,,,,,,123.3,79,123.8,150,,,,,,,,,,,,,,,,
2026-07-02T22:00:45.519195+00:00,2026-07-02T22:00:45.519138,1,2,123.05,0.5,122.8,105,,,,,,,,,,,,,,,,,,,123.3,29,123.8,150,,,,,,,,,,,,,,,,
2026-07-02T22:00:46.535230+00:00,2026-07-02T22:00:46.535204,1,1,123.05,0.5,122.8,105,,,,,,,,,,,,,,,,,,,123.3,29,,,,,,,,,,,,,,,,,,
2026-07-02T22:00:46.587939+00:00,2026-07-02T22:00:46.587835,2,1,123.05,0.5,122.8,105,122.7,150,,,,,,,,,,,,,,,,,123.3,29,,,,,,,,,,,,,,,,,,
2026-07-02T22:00:46.641971+00:00,2026-07-02T22:00:46.641942,2,2,123.0,0.4,122.8,105,122.7,150,,,,,,,,,,,,,,,,,123.2,150,123.3,29,,,,,,,,,,,,,,,,
2026-07-02T22:00:46.651701+00:00,2026-07-02T22:00:46.645561,2,2,123.0,0.4,122.8,105,122.7,150,,,,,,,,,,,,,,,,,123.2,139,123.3,29,,,,,,,,,,,,,,,,
2026-07-02T22:00:47.069359+00:00,2026-07-02T22:00:47.069324,2,1,123.0,0.4,122.8,5,122.7,150,,,,,,,,,,,,,,,,,123.2,139,,,,,,,,,,,,,,,,,,
2026-07-02T22:00:47.126582+00:00,2026-07-02T22:00:47.126690,3,1,123.15,0.1,123.1,100,122.8,5,122.7,150,,,,,,,,,,,,,,,123.2,139,,,,,,,,,,,,,,,,,,
2026-07-02T22:00:47.176200+00:00,2026-07-02T22:00:47.176087,3,2,123.15,0.1,123.1,100,122.8,5,122.7,150,,,,,,,,,,,,,,,123.2,139,123.6,100,,,,,,,,,,,,,,,,
2026-07-02T22:00:47.658729+00:00,2026-07-02T22:00:47.658633,3,2,123.15,0.1,123.1,100,122.8,5,122.7,150,,,,,,,,,,,,,,,123.2,89,123.6,100,,,,,,,,,,,,,,,,
2026-07-02T22:00:47.664052+00:00,2026-07-02T22:00:47.663876,3,2,123.15,0.1,123.1,100,122.8,5,122.7,150,,,,,,,,,,,,,,,123.2,42,123.6,100,,,,,,,,,,,,,,,,
2026-07-02T22:00:47.701172+00:00,2026-07-02T22:00:47.694153,3,2,123.15,0.1,123.1,100,122.8,5,122.7,150,,,,,,,,,,,,,,,123.2,31,123.6,100,,,,,,,,,,,,,,,,
2026-07-02T22:00:47.787084+00:00,2026-07-02T22:00:47.786944,3,2,123.15,0.1,123.1,100,122.8,5,122.7,150,,,,,,,,,,,,,,,123.2,15,123.6,100,,,,,,,,,,,,,,,,
2026-07-02T22:00:47.911280+00:00,2026-07-02T22:00:47.911450,3,2,123.15,0.1,123.1,100,122.8,3,122.7,150,,,,,,,,,,,,,,,123.2,15,123.6,100,,,,,,,,,,,,,,,,
2026-07-02T22:00:48.423448+00:00,2026-07-02T22:00:48.423347,3,2,123.15,0.1,123.1,100,122.8,2,122.7,150,,,,,,,,,,,,,,,123.2,15,123.6,100,,,,,,,,,,,,,,,,
2026-07-02T22:00:49.701477+00:00,2026-07-02T22:00:49.701615,2,1,123.35,0.5,123.1,100,122.8,2,,,,,,,,,,,,,,,,,123.6,100,,,,,,,,,,,,,,,,,,
2026-07-02T22:00:49.760192+00:00,2026-07-02T22:00:49.754005,3,1,123.4,0.4,123.2,139,123.1,100,122.8,2,,,,,,,,,,,,,,,123.6,100,,,,,,,,,,,,,,,,,,
2026-07-02T22:00:49.781276+00:00,2026-07-02T22:00:49.781121,3,1,123.4,0.4,123.2,123,123.1,100,122.8,2,,,,,,,,,,,,,,,123.6,100,,,,,,,,,,,,,,,,,,
2026-07-02T22:00:49.807507+00:00,2026-07-02T22:00:49.807439,3,2,123.4,0.4,123.2,73,123.1,100,122.8,2,,,,,,,,,,,,,,,123.6,100,123.7,150,,,,,,,,,,,,,,,,
2026-07-02T22:00:49.924933+00:00,2026-07-02T22:00:49.924816,3,2,123.4,0.4,123.2,73,123.1,100,122.8,1,,,,,,,,,,,,,,,123.6,100,123.7,150,,,,,,,,,,,,,,,,
2026-07-02T22:00:50.229937+00:00,2026-07-02T22:00:50.229897,2,1,123.45,0.5,123.2,73,122.8,1,,,,,,,,,,,,,,,,,123.7,150,,,,,,,,,,,,,,,,,,
2026-07-02T22:00:50.283323+00:00,2026-07-02T22:00:50.283230,3,1,123.45,0.5,123.2,73,123.0,100,122.8,1,,,,,,,,,,,,,,,123.7,150,,,,,,,,,,,,,,,,,,
2026-07-02T22:00:50.337692+00:00,2026-07-02T22:00:50.337585,3,2,123.35,0.3,123.2,73,123.0,100,122.8,1,,,,,,,,,,,,,,,123.5,100,123.7,150,,,,,,,,,,,,,,,,
2026-07-02T22:00:50.443799+00:00,2026-07-02T22:00:50.443699,3,2,123.35,0.3,123.2,67,123.0,100,122.8,1,,,,,,,,,,,,,,,123.5,100,123.7,150,,,,,,,,,,,,,,,,
2026-07-02T22:00:50.679846+00:00,2026-07-02T22:00:50.679777,3,2,123.35,0.3,123.2,61,123.0,100,122.8,1,,,,,,,,,,,,,,,123.5,100,123.7,150,,,,,,,,,,,,,,,,
2026-07-02T22:00:50.930339+00:00,2026-07-02T22:00:50.930231,3,2,123.35,0.3,123.2,55,123.0,100,122.8,1,,,,,,,,,,,,,,,123.5,100,123.7,150,,,,,,,,,,,,,,,,
2026-07-02T22:00:51.871923+00:00,2026-07-02T22:00:51.871879,3,2,123.35,0.3,123.2,55,123.0,100,122.8,1,,,,,,,,,,,,,,,123.5,50,123.7,150,,,,,,,,,,,,,,,,
2026-07-02T22:00:52.615328+00:00,2026-07-02T22:00:52.611122,2,2,123.35,0.3,123.2,44,123.0,100,,,,,,,,,,,,,,,,,123.5,50,123.7,150,,,,,,,,,,,,,,,,
2026-07-02T22:00:52.863710+00:00,2026-07-02T22:00:52.863891,1,1,123.25,0.5,123.0,100,,,,,,,,,,,,,,,,,,,123.5,50,,,,,,,,,,,,,,,,,,
2026-07-02T22:00:52.918885+00:00,2026-07-02T22:00:52.918822,2,1,123.25,0.5,123.0,100,122.8,150,,,,,,,,,,,,,,,,,123.5,50,,,,,,,,,,,,,,,,,,
2026-07-02T22:00:52.971088+00:00,2026-07-02T22:00:52.970993,2,2,123.15,0.3,123.0,100,122.8,150,,,,,,,,,,,,,,,,,123.3,150,123.5,50,,,,,,,,,,,,,,,,
2026-07-02T22:00:53.387222+00:00,2026-07-02T22:00:53.387092,2,1,123.15,0.3,123.0,100,122.8,150,,,,,,,,,,,,,,,,,123.3,150,,,,,,,,,,,,,,,,,,
2026-07-02T22:00:53.392593+00:00,2026-07-02T22:00:53.392387,1,1,123.05,0.5,122.8,150,,,,,,,,,,,,,,,,,,,123.3,150,,,,,,,,,,,,,,,,,,
2026-07-02T22:00:53.442709+00:00,2026-07-02T22:00:53.442562,2,1,123.25,0.1,123.2,100,122.8,150,,,,,,,,,,,,,,,,,123.3,150,,,,,,,,,,,,,,,,,,
2026-07-02T22:00:53.497026+00:00,2026-07-02T22:00:53.496945,2,2,123.25,0.1,123.2,100,122.8,150,,,,,,,,,,,,,,,,,123.3,150,123.7,100,,,,,,,,,,,,,,,,
2026-07-02T22:00:54.030921+00:00,2026-07-02T22:00:54.030885,2,2,123.25,0.1,123.2,50,122.8,150,,,,,,,,,,,,,,,,,123.3,150,123.7,100,,,,,,,,,,,,,,,,
2026-07-02T22:00:55.058590+00:00,2026-07-02T22:00:55.057980,3,2,123.25,0.1,123.2,50,123.0,5,122.8,150,,,,,,,,,,,,,,,123.3,151,123.7,100,,,,,,,,,,,,,,,,
2026-07-02T22:00:55.267878+00:00,2026-07-02T22:00:55.267771,3,2,123.25,0.1,123.2,50,123.0,5,122.8,150,,,,,,,,,,,,,,,123.3,150,123.7,100,,,,,,,,,,,,,,,,
2026-07-02T22:00:55.722466+00:00,2026-07-02T22:00:55.722323,3,2,123.25,0.1,123.2,50,123.0,5,122.8,150,,,,,,,,,,,,,,,123.3,151,123.7,100,,,,,,,,,,,,,,,,
2026-07-02T22:00:56.026084+00:00,2026-07-02T22:00:56.025959,2,2,123.25,0.1,123.2,50,123.0,5,,,,,,,,,,,,,,,,,123.3,1,123.7,100,,,,,,,,,,,,,,,,
2026-07-02T22:00:56.089797+00:00,2026-07-02T22:00:56.089625,3,2,123.25,0.1,123.2,50,123.0,5,122.9,150,,,,,,,,,,,,,,,123.3,1,123.7,100,,,,,,,,,,,,,,,,
2026-07-02T22:00:56.143365+00:00,2026-07-02T22:00:56.143250,2,3,123.15,0.3,123.0,5,122.9,150,,,,,,,,,,,,,,,,,123.3,1,123.4,150,123.7,100,,,,,,,,,,,,,,
2026-07-02T22:00:56.550335+00:00,2026-07-02T22:00:56.550468,2,2,123.15,0.3,123.0,5,122.9,150,,,,,,,,,,,,,,,,,123.3,1,123.4,150,,,,,,,,,,,,,,,,
2026-07-02T22:00:56.602462+00:00,2026-07-02T22:00:56.602403,3,2,123.15,0.3,123.0,5,122.9,150,122.8,100,,,,,,,,,,,,,,,123.3,1,123.4,150,,,,,,,,,,,,,,,,
2026-07-02T22:00:56.651127+00:00,2026-07-02T22:00:56.651061,3,2,123.15,0.3,123.0,5,122.9,150,122.8,100,,,,,,,,,,,,,,,123.3,101,123.4,150,,,,,,,,,,,,,,,,
2026-07-02T22:00:58.153149+00:00,2026-07-02T22:00:58.153035,3,2,123.15,0.3,123.0,3,122.9,150,122.8,100,,,,,,,,,,,,,,,123.3,101,123.4,150,,,,,,,,,,,,,,,,
2026-07-02T22:00:58.201878+00:00,2026-07-02T22:00:58.201796,3,2,123.15,0.3,123.0,3,122.9,150,122.8,100,,,,,,,,,,,,,,,123.3,51,123.4,150,,,,,,,,,,,,,,,,
2026-07-02T22:00:58.335998+00:00,2026-07-02T22:00:58.335911,3,2,123.15,0.3,123.0,1,122.9,150,122.8,100,,,,,,,,,,,,,,,123.3,51,123.4,150,,,,,,,,,,,,,,,,
2026-07-02T22:00:58.828546+00:00,2026-07-02T22:00:58.828754,2,2,123.1,0.4,122.9,102,122.8,100,,,,,,,,,,,,,,,,,123.3,51,123.4,150,,,,,,,,,,,,,,,,
2026-07-02T22:00:59.190952+00:00,2026-07-02T22:00:59.190787,2,2,123.1,0.4,122.9,102,122.8,100,,,,,,,,,,,,,,,,,123.3,57,123.4,150,,,,,,,,,,,,,,,,
2026-07-02T22:00:59.196219+00:00,2026-07-02T22:00:59.196063,1,1,123.05,0.5,122.8,100,,,,,,,,,,,,,,,,,,,123.3,57,,,,,,,,,,,,,,,,,,
2026-07-02T22:00:59.253343+00:00,2026-07-02T22:00:59.253304,2,1,123.05,0.5,122.8,100,122.6,150,,,,,,,,,,,,,,,,,123.3,57,,,,,,,,,,,,,,,,,,
2026-07-02T22:00:59.308029+00:00,2026-07-02T22:00:59.307946,2,2,122.95,0.3,122.8,100,122.6,150,,,,,,,,,,,,,,,,,123.1,150,123.3,57,,,,,,,,,,,,,,,,
2026-07-02T22:00:59.501961+00:00,2026-07-02T22:00:59.496056,2,2,122.95,0.3,122.8,100,122.6,150,,,,,,,,,,,,,,,,,123.1,139,123.3,57,,,,,,,,,,,,,,,,
2026-07-02T22:00:59.729751+00:00,2026-07-02T22:00:59.729697,1,2,122.85,0.5,122.6,150,,,,,,,,,,,,,,,,,,,123.1,139,123.3,6,,,,,,,,,,,,,,,,
2026-07-02T22:00:59.784096+00:00,2026-07-02T22:00:59.784058,2,2,123.05,0.1,123.0,100,122.6,150,,,,,,,,,,,,,,,,,123.1,139,123.3,6,,,,,,,,,,,,,,,,
2026-07-02T22:00:59.841418+00:00,2026-07-02T22:00:59.841289,2,3,123.05,0.1,123.0,100,122.6,150,,,,,,,,,,,,,,,,,123.1,139,123.3,6,123.5,100,,,,,,,,,,,,,,
2026-07-02T22:01:00.338373+00:00,2026-07-02T22:01:00.338259,2,3,123.05,0.1,123.0,100,122.6,150,,,,,,,,,,,,,,,,,123.1,89,123.3,6,123.5,100,,,,,,,,,,,,,,
2026-07-02T22:01:00.811623+00:00,2026-07-02T22:01:00.805641,2,3,123.05,0.1,123.0,77,122.6,150,,,,,,,,,,,,,,,,,123.1,89,123.3,6,123.5,100,,,,,,,,,,,,,,
2026-07-02T22:01:00.857202+00:00,2026-07-02T22:01:00.857400,2,3,123.05,0.1,123.0,77,122.6,150,,,,,,,,,,,,,,,,,123.1,42,123.3,6,123.5,100,,,,,,,,,,,,,,
2026-07-02T22:01:01.116059+00:00,2026-07-02T22:01:01.115915,2,3,123.05,0.1,123.0,77,122.6,150,,,,,,,,,,,,,,,,,123.1,42,123.3,5,123.5,100,,,,,,,,,,,,,,
2026-07-02T22:01:01.325977+00:00,2026-07-02T22:01:01.326110,2,3,123.05,0.1,123.0,79,122.6,150,,,,,,,,,,,,,,,,,123.1,42,123.3,5,123.5,100,,,,,,,,,,,,,,
2026-07-02T22:01:02.120692+00:00,2026-07-02T22:01:02.120792,2,3,123.05,0.1,123.0,78,122.6,150,,,,,,,,,,,,,,,,,123.1,42,123.3,5,123.5,100,,,,,,,,,,,,,,
2026-07-02T22:01:02.358584+00:00,2026-07-02T22:01:02.357369,1,2,123.15,0.3,123.0,78,,,,,,,,,,,,,,,,,,,123.3,5,123.5,100,,,,,,,,,,,,,,,,
2026-07-02T22:01:02.416811+00:00,2026-07-02T22:01:02.416770,2,2,123.15,0.3,123.0,78,122.8,150,,,,,,,,,,,,,,,,,123.3,5,123.5,100,,,,,,,,,,,,,,,,
2026-07-02T22:01:02.444414+00:00,2026-07-02T22:01:02.444268,2,1,123.25,0.5,123.0,78,122.8,150,,,,,,,,,,,,,,,,,123.5,55,,,,,,,,,,,,,,,,,,
2026-07-02T22:01:02.473006+00:00,2026-07-02T22:01:02.472972,2,2,123.15,0.3,123.0,78,122.8,150,,,,,,,,,,,,,,,,,123.3,150,123.5,55,,,,,,,,,,,,,,,,
2026-07-02T22:01:02.490552+00:00,2026-07-02T22:01:02.490443,2,2,123.15,0.3,123.0,78,122.8,150,,,,,,,,,,,,,,,,,123.3,155,123.5,55,,,,,,,,,,,,,,,,
2026-07-02T22:01:02.895275+00:00,2026-07-02T22:01:02.895201,2,1,123.15,0.3,123.0,1,122.8,150,,,,,,,,,,,,,,,,,123.3,155,,,,,,,,,,,,,,,,,,
2026-07-02T22:01:02.948141+00:00,2026-07-02T22:01:02.948038,2,1,123.15,0.3,123.0,1,122.8,250,,,,,,,,,,,,,,,,,123.3,155,,,,,,,,,,,,,,,,,,
2026-07-02T22:01:03.002634+00:00,2026-07-02T22:01:03.002591,2,1,123.15,0.3,123.0,1,122.8,250,,,,,,,,,,,,,,,,,123.3,255,,,,,,,,,,,,,,,,,,
2026-07-02T22:01:03.120017+00:00,2026-07-02T22:01:03.119959,2,1,123.15,0.3,123.0,1,122.8,250,,,,,,,,,,,,,,,,,123.3,254,,,,,,,,,,,,,,,,,,
2026-07-02T22:01:04.552785+00:00,2026-07-02T22:01:04.552716,2,1,123.15,0.3,123.0,1,122.8,250,,,,,,,,,,,,,,,,,123.3,204,,,,,,,,,,,,,,,,,,
2026-07-02T22:01:04.743781+00:00,2026-07-02T22:01:04.737581,1,1,123.05,0.5,122.8,250,,,,,,,,,,,,,,,,,,,123.3,204,,,,,,,,,,,,,,,,,,
2026-07-02T22:01:04.803439+00:00,2026-07-02T22:01:04.797018,1,1,123.05,0.5,122.8,250,,,,,,,,,,,,,,,,,,,123.3,204,,,,,,,,,,,,,,,,,,
2026-07-02T22:01:05.537533+00:00,2026-07-02T22:01:05.530541,1,1,123.05,0.5,122.8,100,,,,,,,,,,,,,,,,,,,123.3,104,,,,,,,,,,,,,,,,,,
2026-07-02T22:01:05.584281+00:00,2026-07-02T22:01:05.578116,1,1,123.05,0.5,122.8,250,,,,,,,,,,,,,,,,,,,123.3,104,,,,,,,,,,,,,,,,,,
2026-07-02T22:01:05.640376+00:00,2026-07-02T22:01:05.640281,1,1,123.05,0.5,122.8,250,,,,,,,,,,,,,,,,,,,123.3,254,,,,,,,,,,,,,,,,,,
2026-07-02T22:01:05.756685+00:00,2026-07-02T22:01:05.749830,1,1,123.05,0.5,122.8,250,,,,,,,,,,,,,,,,,,,123.3,254,,,,,,,,,,,,,,,,,,
2026-07-02T22:01:05.797527+00:00,2026-07-02T22:01:05.791507,1,1,123.05,0.5,122.8,250,,,,,,,,,,,,,,,,,,,123.3,254,,,,,,,,,,,,,,,,,,
2026-07-02T22:01:05.823494+00:00,2026-07-02T22:01:05.823400,2,1,123.1,0.4,122.9,1,122.8,250,,,,,,,,,,,,,,,,,123.3,254,,,,,,,,,,,,,,,,,,
2026-07-02T22:01:06.058600+00:00,2026-07-02T22:01:06.052324,2,1,123.1,0.4,122.9,1,122.8,150,,,,,,,,,,,,,,,,,123.3,154,,,,,,,,,,,,,,,,,,
2026-07-02T22:01:06.110638+00:00,2026-07-02T22:01:06.110534,3,1,123.1,0.4,122.9,1,122.8,150,122.7,100,,,,,,,,,,,,,,,123.3,154,,,,,,,,,,,,,,,,,,
2026-07-02T22:01:06.158569+00:00,2026-07-02T22:01:06.158255,3,2,123.05,0.3,122.9,1,122.8,150,122.7,100,,,,,,,,,,,,,,,123.2,100,123.3,154,,,,,,,,,,,,,,,,
2026-07-02T22:01:08.096124+00:00,2026-07-02T22:01:08.096093,2,2,123.0,0.4,122.8,150,122.7,100,,,,,,,,,,,,,,,,,123.2,100,123.3,154,,,,,,,,,,,,,,,,
2026-07-02T22:01:08.694247+00:00,2026-07-02T22:01:08.694154,1,2,122.95,0.5,122.7,100,,,,,,,,,,,,,,,,,,,123.2,100,123.3,4,,,,,,,,,,,,,,,,
2026-07-02T22:01:08.726049+00:00,2026-07-02T22:01:08.726011,1,2,122.95,0.5,122.7,58,,,,,,,,,,,,,,,,,,,123.2,100,123.3,4,,,,,,,,,,,,,,,,
2026-07-02T22:01:08.749820+00:00,2026-07-02T22:01:08.749766,2,2,123.0,0.4,122.8,150,122.7,58,,,,,,,,,,,,,,,,,123.2,100,123.3,4,,,,,,,,,,,,,,,,
2026-07-02T22:01:08.823904+00:00,2026-07-02T22:01:08.824038,2,2,123.0,0.4,122.8,150,122.7,58,,,,,,,,,,,,,,,,,123.2,100,123.3,154,,,,,,,,,,,,,,,,
2026-07-02T22:01:09.217549+00:00,2026-07-02T22:01:09.217330,1,1,123.05,0.5,122.8,150,,,,,,,,,,,,,,,,,,,123.3,154,,,,,,,,,,,,,,,,,,
2026-07-02T22:01:09.270029+00:00,2026-07-02T22:01:09.270110,2,1,123.05,0.5,122.8,150,122.5,100,,,,,,,,,,,,,,,,,123.3,154,,,,,,,,,,,,,,,,,,
2026-07-02T22:01:09.323916+00:00,2026-07-02T22:01:09.323884,2,2,122.9,0.2,122.8,150,122.5,100,,,,,,,,,,,,,,,,,123.0,100,123.3,154,,,,,,,,,,,,,,,,
2026-07-02T22:01:09.358771+00:00,2026-07-02T22:01:09.358685,2,2,122.9,0.2,122.8,104,122.5,100,,,,,,,,,,,,,,,,,123.0,100,123.3,154,,,,,,,,,,,,,,,,
2026-07-02T22:01:11.880616+00:00,2026-07-02T22:01:11.880515,1,2,122.75,0.5,122.5,100,,,,,,,,,,,,,,,,,,,123.0,100,123.3,4,,,,,,,,,,,,,,,,
2026-07-02T22:01:11.931309+00:00,2026-07-02T22:01:11.931232,2,2,122.85,0.3,122.7,150,122.5,100,,,,,,,,,,,,,,,,,123.0,100,123.3,4,,,,,,,,,,,,,,,,
2026-07-02T22:01:11.988803+00:00,2026-07-02T22:01:11.988743,2,3,122.85,0.3,122.7,150,122.5,100,,,,,,,,,,,,,,,,,123.0,100,123.2,150,123.3,4,,,,,,,,,,,,,,
2026-07-02T22:01:12.377702+00:00,2026-07-02T22:01:12.377634,1,2,122.95,0.5,122.7,150,,,,,,,,,,,,,,,,,,,123.2,150,123.3,4,,,,,,,,,,,,,,,,
2026-07-02T22:01:12.450687+00:00,2026-07-02T22:01:12.450542,2,2,122.95,0.5,122.7,150,122.6,100,,,,,,,,,,,,,,,,,123.2,150,123.3,4,,,,,,,,,,,,,,,,
2026-07-02T22:01:12.504477+00:00,2026-07-02T22:01:12.504391,2,3,122.85,0.3,122.7,150,122.6,100,,,,,,,,,,,,,,,,,123.0,100,123.2,150,123.3,4,,,,,,,,,,,,,,
2026-07-02T22:01:13.685195+00:00,2026-07-02T22:01:13.685067,2,3,122.85,0.3,122.7,150,122.6,100,,,,,,,,,,,,,,,,,123.0,100,123.2,150,123.3,3,,,,,,,,,,,,,,
2026-07-02T22:01:14.599010+00:00,2026-07-02T22:01:14.598972,2,3,122.85,0.3,122.7,150,122.6,100,,,,,,,,,,,,,,,,,123.0,100,123.2,150,123.3,2,,,,,,,,,,,,,,
2026-07-02T22:01:14.604245+00:00,2026-07-02T22:01:14.604166,2,2,122.85,0.3,122.7,150,122.6,100,,,,,,,,,,,,,,,,,123.0,100,123.2,150,,,,,,,,,,,,,,,,
2026-07-02T22:01:15.044645+00:00,2026-07-02T22:01:15.044603,1,1,122.8,0.4,122.6,100,,,,,,,,,,,,,,,,,,,123.0,100,,,,,,,,,,,,,,,,,,
2026-07-02T22:01:15.098755+00:00,2026-07-02T22:01:15.098656,2,1,122.8,0.4,122.6,100,122.5,150,,,,,,,,,,,,,,,,,123.0,100,,,,,,,,,,,,,,,,,,
2026-07-02T22:01:15.139714+00:00,2026-07-02T22:01:15.139666,2,1,122.8,0.4,122.6,50,122.5,150,,,,,,,,,,,,,,,,,123.0,100,,,,,,,,,,,,,,,,,,
2026-07-02T22:01:15.152651+00:00,2026-07-02T22:01:15.152553,2,1,122.8,0.4,122.6,50,122.5,150,,,,,,,,,,,,,,,,,123.0,250,,,,,,,,,,,,,,,,,,
2026-07-02T22:01:15.570535+00:00,2026-07-02T22:01:15.570387,1,1,122.75,0.5,122.5,150,,,,,,,,,,,,,,,,,,,123.0,150,,,,,,,,,,,,,,,,,,
2026-07-02T22:01:15.664642+00:00,2026-07-02T22:01:15.664232,2,1,122.75,0.5,122.5,150,122.2,100,,,,,,,,,,,,,,,,,123.0,150,,,,,,,,,,,,,,,,,,
2026-07-02T22:01:15.679776+00:00,2026-07-02T22:01:15.679633,2,2,122.6,0.2,122.5,150,122.2,100,,,,,,,,,,,,,,,,,122.7,100,123.0,150,,,,,,,,,,,,,,,,
2026-07-02T22:01:16.514324+00:00,2026-07-02T22:01:16.507981,2,2,122.6,0.2,122.5,150,122.2,100,,,,,,,,,,,,,,,,,122.7,97,123.0,150,,,,,,,,,,,,,,,,
2026-07-02T22:01:16.836100+00:00,2026-07-02T22:01:16.829891,2,2,122.6,0.2,122.5,150,122.2,100,,,,,,,,,,,,,,,,,122.7,89,123.0,150,,,,,,,,,,,,,,,,
2026-07-02T22:01:17.246366+00:00,2026-07-02T22:01:17.246321,2,2,122.6,0.2,122.5,100,122.2,100,,,,,,,,,,,,,,,,,122.7,89,123.0,150,,,,,,,,,,,,,,,,
2026-07-02T22:01:17.504263+00:00,2026-07-02T22:01:17.504073,2,3,122.6,0.2,122.5,100,122.2,100,,,,,,,,,,,,,,,,,122.7,89,123.0,150,123.1,5,,,,,,,,,,,,,,
2026-07-02T22:01:18.203051+00:00,2026-07-02T22:01:18.202936,1,2,122.45,0.5,122.2,100,,,,,,,,,,,,,,,,,,,122.7,89,123.1,5,,,,,,,,,,,,,,,,
2026-07-02T22:01:18.258620+00:00,2026-07-02T22:01:18.254884,1,2,122.45,0.5,122.2,250,,,,,,,,,,,,,,,,,,,122.7,89,123.1,5,,,,,,,,,,,,,,,,
2026-07-02T22:01:18.312885+00:00,2026-07-02T22:01:18.312763,1,2,122.45,0.5,122.2,250,,,,,,,,,,,,,,,,,,,122.7,239,123.1,5,,,,,,,,,,,,,,,,
2026-07-02T22:01:18.732036+00:00,2026-07-02T22:01:18.731943,1,2,122.45,0.5,122.2,150,,,,,,,,,,,,,,,,,,,122.7,150,123.1,5,,,,,,,,,,,,,,,,
2026-07-02T22:01:18.789194+00:00,2026-07-02T22:01:18.789126,2,2,122.45,0.5,122.2,150,122.1,100,,,,,,,,,,,,,,,,,122.7,150,123.1,5,,,,,,,,,,,,,,,,
2026-07-02T22:01:18.841443+00:00,2026-07-02T22:01:18.841534,2,3,122.4,0.4,122.2,150,122.1,100,,,,,,,,,,,,,,,,,122.6,100,122.7,150,123.1,5,,,,,,,,,,,,,,
2026-07-02T22:01:19.358691+00:00,2026-07-02T22:01:19.354814,2,3,122.4,0.4,122.2,100,122.1,100,,,,,,,,,,,,,,,,,122.6,100,122.7,150,123.1,5,,,,,,,,,,,,,,
2026-07-02T22:01:19.558647+00:00,2026-07-02T22:01:19.553919,2,3,122.4,0.4,122.2,100,122.1,100,,,,,,,,,,,,,,,,,122.6,60,122.7,150,123.1,5,,,,,,,,,,,,,,
2026-07-02T22:01:20.615931+00:00,2026-07-02T22:01:20.615860,2,3,122.4,0.4,122.2,53,122.1,100,,,,,,,,,,,,,,,,,122.6,60,122.7,150,123.1,5,,,,,,,,,,,,,,
2026-07-02T22:01:20.621312+00:00,2026-07-02T22:01:20.621162,2,2,122.4,0.4,122.2,53,122.1,100,,,,,,,,,,,,,,,,,122.6,60,122.7,150,,,,,,,,,,,,,,,,
2026-07-02T22:01:21.366921+00:00,2026-07-02T22:01:21.366799,1,1,122.35,0.5,122.1,100,,,,,,,,,,,,,,,,,,,122.6,60,,,,,,,,,,,,,,,,,,
2026-07-02T22:01:21.415194+00:00,2026-07-02T22:01:21.415337,2,1,122.35,0.5,122.1,100,121.7,150,,,,,,,,,,,,,,,,,122.6,60,,,,,,,,,,,,,,,,,,
2026-07-02T22:01:21.458593+00:00,2026-07-02T22:01:21.452089,2,1,122.35,0.5,122.1,50,121.7,150,,,,,,,,,,,,,,,,,122.6,60,,,,,,,,,,,,,,,,,,
2026-07-02T22:01:21.480571+00:00,2026-07-02T22:01:21.474769,2,2,122.15,0.1,122.1,50,121.7,150,,,,,,,,,,,,,,,,,122.2,127,122.6,60,,,,,,,,,,,,,,,,
2026-07-02T22:01:21.621943+00:00,2026-07-02T22:01:21.621800,2,3,122.15,0.1,122.1,50,121.7,150,,,,,,,,,,,,,,,,,122.2,127,122.6,60,122.9,6,,,,,,,,,,,,,,
2026-07-02T22:01:21.798574+00:00,2026-07-02T22:01:21.793725,2,3,122.15,0.1,122.1,50,121.7,150,,,,,,,,,,,,,,,,,122.2,104,122.6,60,122.9,6,,,,,,,,,,,,,,
2026-07-02T22:01:21.814161+00:00,2026-07-02T22:01:21.814077,2,3,122.15,0.1,122.1,50,121.7,150,,,,,,,,,,,,,,,,,122.2,88,122.6,60,122.9,6,,,,,,,,,,,,,,
2026-07-02T22:01:21.895425+00:00,2026-07-02T22:01:21.895343,1,2,121.95,0.5,121.7,150,,,,,,,,,,,,,,,,,,,122.2,88,122.9,6,,,,,,,,,,,,,,,,
2026-07-02T22:01:21.949653+00:00,2026-07-02T22:01:21.949513,2,1,122.55,0.7,122.2,12,121.7,150,,,,,,,,,,,,,,,,,122.9,6,,,,,,,,,,,,,,,,,,
2026-07-02T22:01:22.004411+00:00,2026-07-02T22:01:22.004347,2,2,122.45,0.5,122.2,12,121.7,150,,,,,,,,,,,,,,,,,122.7,100,122.9,6,,,,,,,,,,,,,,,,
2026-07-02T22:01:23.567039+00:00,2026-07-02T22:01:23.567007,1,2,122.2,1.0,121.7,112,,,,,,,,,,,,,,,,,,,122.7,100,122.9,6,,,,,,,,,,,,,,,,
2026-07-02T22:01:23.613396+00:00,2026-07-02T22:01:23.613272,1,2,122.2,1.0,121.7,96,,,,,,,,,,,,,,,,,,,122.7,100,122.9,6,,,,,,,,,,,,,,,,
2026-07-02T22:01:24.524326+00:00,2026-07-02T22:01:24.524211,0,2,,,,,,,,,,,,,,,,,,,,,,,122.7,100,122.9,6,,,,,,,,,,,,,,,,
2026-07-02T22:01:24.595198+00:00,2026-07-02T22:01:24.595100,1,2,122.4,0.6,122.1,150,,,,,,,,,,,,,,,,,,,122.7,100,122.9,6,,,,,,,,,,,,,,,,
2026-07-02T22:01:24.642549+00:00,2026-07-02T22:01:24.642393,1,3,122.35,0.5,122.1,150,,,,,,,,,,,,,,,,,,,122.6,150,122.7,100,122.9,6,,,,,,,,,,,,,,
2026-07-02T22:01:25.058622+00:00,2026-07-02T22:01:25.053520,1,2,122.35,0.5,122.1,150,,,,,,,,,,,,,,,,,,,122.6,150,122.9,6,,,,,,,,,,,,,,,,
2026-07-02T22:01:25.111030+00:00,2026-07-02T22:01:25.111174,2,2,122.35,0.5,122.1,150,121.7,100,,,,,,,,,,,,,,,,,122.6,150,122.9,6,,,,,,,,,,,,,,,,
2026-07-02T22:01:25.163835+00:00,2026-07-02T22:01:25.163772,2,3,122.15,0.1,122.1,150,121.7,100,,,,,,,,,,,,,,,,,122.2,100,122.6,150,122.9,6,,,,,,,,,,,,,,
2026-07-02T22:01:25.211045+00:00,2026-07-02T22:01:25.210943,2,3,122.15,0.1,122.1,150,121.7,100,,,,,,,,,,,,,,,,,122.2,84,122.6,150,122.9,6,,,,,,,,,,,,,,
2026-07-02T22:01:25.672632+00:00,2026-07-02T22:01:25.672576,2,2,122.15,0.1,122.1,100,121.7,100,,,,,,,,,,,,,,,,,122.2,84,122.6,150,,,,,,,,,,,,,,,,
2026-07-02T22:01:25.740638+00:00,2026-07-02T22:01:25.740534,2,3,122.15,0.1,122.1,100,121.7,100,,,,,,,,,,,,,,,,,122.2,84,122.6,150,122.7,6,,,,,,,,,,,,,,
2026-07-02T22:01:27.697360+00:00,2026-07-02T22:01:27.697238,1,2,121.95,0.5,121.7,100,,,,,,,,,,,,,,,,,,,122.2,84,122.7,2,,,,,,,,,,,,,,,,
2026-07-02T22:01:27.764057+00:00,2026-07-02T22:01:27.753441,2,2,122.05,0.3,121.9,150,121.7,100,,,,,,,,,,,,,,,,,122.2,84,122.7,2,,,,,,,,,,,,,,,,
2026-07-02T22:01:27.779689+00:00,2026-07-02T22:01:27.779579,2,2,122.05,0.3,121.9,100,121.7,100,,,,,,,,,,,,,,,,,122.2,84,122.7,2,,,,,,,,,,,,,,,,
2026-07-02T22:01:27.806188+00:00,2026-07-02T22:01:27.806095,2,3,122.05,0.3,121.9,100,121.7,100,,,,,,,,,,,,,,,,,122.2,84,122.4,150,122.7,2,,,,,,,,,,,,,,
2026-07-02T22:01:27.816516+00:00,2026-07-02T22:01:27.816705,2,3,122.05,0.3,121.9,84,121.7,100,,,,,,,,,,,,,,,,,122.2,84,122.4,150,122.7,2,,,,,,,,,,,,,,
2026-07-02T22:01:28.214521+00:00,2026-07-02T22:01:28.214473,1,2,122.15,0.5,121.9,84,,,,,,,,,,,,,,,,,,,122.4,150,122.7,2,,,,,,,,,,,,,,,,
2026-07-02T22:01:28.270928+00:00,2026-07-02T22:01:28.270817,2,2,122.15,0.5,121.9,84,121.7,100,,,,,,,,,,,,,,,,,122.4,150,122.7,2,,,,,,,,,,,,,,,,
2026-07-02T22:01:28.324505+00:00,2026-07-02T22:01:28.324591,2,3,122.05,0.3,121.9,84,121.7,100,,,,,,,,,,,,,,,,,122.2,100,122.4,150,122.7,2,,,,,,,,,,,,,,
2026-07-02T22:01:29.019539+00:00,2026-07-02T22:01:29.019394,2,3,122.05,0.3,121.9,84,121.7,100,,,,,,,,,,,,,,,,,122.2,84,122.4,150,122.7,2,,,,,,,,,,,,,,
2026-07-02T22:01:29.620049+00:00,2026-07-02T22:01:29.619933,2,3,122.05,0.3,121.9,68,121.7,100,,,,,,,,,,,,,,,,,122.2,84,122.4,150,122.7,2,,,,,,,,,,,,,,
2026-07-02T22:01:29.886056+00:00,2026-07-02T22:01:29.885927,2,3,122.05,0.3,121.9,18,121.7,100,,,,,,,,,,,,,,,,,122.2,84,122.4,150,122.7,2,,,,,,,,,,,,,,
2026-07-02T22:01:30.858701+00:00,2026-07-02T22:01:30.857376,1,2,121.95,0.5,121.7,100,,,,,,,,,,,,,,,,,,,122.2,84,122.7,2,,,,,,,,,,,,,,,,
2026-07-02T22:01:30.878920+00:00,2026-07-02T22:01:30.878860,1,1,121.95,0.5,121.7,100,,,,,,,,,,,,,,,,,,,122.2,84,,,,,,,,,,,,,,,,,,
2026-07-02T22:01:30.918699+00:00,2026-07-02T22:01:30.918850,2,1,121.95,0.5,121.7,100,121.2,150,,,,,,,,,,,,,,,,,122.2,84,,,,,,,,,,,,,,,,,,
2026-07-02T22:01:30.985793+00:00,2026-07-02T22:01:30.975607,1,2,121.45,0.5,121.2,150,,,,,,,,,,,,,,,,,,,121.7,33,122.2,84,,,,,,,,,,,,,,,,
2026-07-02T22:01:31.021319+00:00,2026-07-02T22:01:31.021216,1,2,121.45,0.5,121.2,150,,,,,,,,,,,,,,,,,,,121.7,17,122.2,84,,,,,,,,,,,,,,,,
2026-07-02T22:01:31.378322+00:00,2026-07-02T22:01:31.378272,1,1,121.45,0.5,121.2,150,,,,,,,,,,,,,,,,,,,121.7,17,,,,,,,,,,,,,,,,,,
2026-07-02T22:01:31.431095+00:00,2026-07-02T22:01:31.431029,2,1,121.6,0.2,121.5,100,121.2,150,,,,,,,,,,,,,,,,,121.7,17,,,,,,,,,,,,,,,,,,
2026-07-02T22:01:31.484678+00:00,2026-07-02T22:01:31.484582,2,2,121.6,0.2,121.5,100,121.2,150,,,,,,,,,,,,,,,,,121.7,17,122.0,100,,,,,,,,,,,,,,,,
2026-07-02T22:01:31.940715+00:00,2026-07-02T22:01:31.940591,2,1,121.75,0.5,121.5,100,121.2,150,,,,,,,,,,,,,,,,,122.0,67,,,,,,,,,,,,,,,,,,
2026-07-02T22:01:32.418065+00:00,2026-07-02T22:01:32.417939,2,1,121.75,0.5,121.5,84,121.2,150,,,,,,,,,,,,,,,,,122.0,67,,,,,,,,,,,,,,,,,,
2026-07-02T22:01:33.896516+00:00,2026-07-02T22:01:33.896324,2,2,121.75,0.5,121.5,84,121.2,150,,,,,,,,,,,,,,,,,122.0,67,122.4,5,,,,,,,,,,,,,,,,
2026-07-02T22:01:34.020779+00:00,2026-07-02T22:01:34.020709,2,2,121.75,0.5,121.5,84,121.2,150,,,,,,,,,,,,,,,,,122.0,51,122.4,5,,,,,,,,,,,,,,,,
2026-07-02T22:01:34.025954+00:00,2026-07-02T22:01:34.025894,1,2,121.75,0.5,121.5,84,,,,,,,,,,,,,,,,,,,122.0,51,122.4,5,,,,,,,,,,,,,,,,
2026-07-02T22:01:34.045084+00:00,2026-07-02T22:01:34.044953,1,2,121.75,0.5,121.5,84,,,,,,,,,,,,,,,,,,,122.0,1,122.4,5,,,,,,,,,,,,,,,,
2026-07-02T22:01:34.078931+00:00,2026-07-02T22:01:34.079051,2,2,121.9,0.2,121.8,150,121.5,84,,,,,,,,,,,,,,,,,122.0,1,122.4,5,,,,,,,,,,,,,,,,
2026-07-02T22:01:34.134024+00:00,2026-07-02T22:01:34.133961,2,3,121.9,0.2,121.8,150,121.5,84,,,,,,,,,,,,,,,,,122.0,1,122.3,150,122.4,5,,,,,,,,,,,,,,
2026-07-02T22:01:34.220806+00:00,2026-07-02T22:01:34.220738,2,3,121.9,0.2,121.8,148,121.5,84,,,,,,,,,,,,,,,,,122.0,1,122.3,150,122.4,5,,,,,,,,,,,,,,
2026-07-02T22:01:34.538161+00:00,2026-07-02T22:01:34.538107,1,2,122.05,0.5,121.8,148,,,,,,,,,,,,,,,,,,,122.3,150,122.4,5,,,,,,,,,,,,,,,,
2026-07-02T22:01:34.594124+00:00,2026-07-02T22:01:34.594212,2,2,122.05,0.5,121.8,148,121.6,100,,,,,,,,,,,,,,,,,122.3,150,122.4,5,,,,,,,,,,,,,,,,
2026-07-02T22:01:34.646849+00:00,2026-07-02T22:01:34.646726,2,3,121.95,0.3,121.8,148,121.6,100,,,,,,,,,,,,,,,,,122.1,100,122.3,150,122.4,5,,,,,,,,,,,,,,
2026-07-02T22:01:37.188996+00:00,2026-07-02T22:01:37.188935,1,2,121.85,0.5,121.6,100,,,,,,,,,,,,,,,,,,,122.1,100,122.4,5,,,,,,,,,,,,,,,,
2026-07-02T22:01:37.244357+00:00,2026-07-02T22:01:37.244234,2,2,121.9,0.4,121.7,150,121.6,100,,,,,,,,,,,,,,,,,122.1,100,122.4,5,,,,,,,,,,,,,,,,
2026-07-02T22:01:37.293731+00:00,2026-07-02T22:01:37.293618,2,3,121.9,0.4,121.7,150,121.6,100,,,,,,,,,,,,,,,,,122.1,100,122.2,150,122.4,5,,,,,,,,,,,,,,
2026-07-02T22:01:37.700592+00:00,2026-07-02T22:01:37.700467,1,2,121.95,0.5,121.7,150,,,,,,,,,,,,,,,,,,,122.2,150,122.4,5,,,,,,,,,,,,,,,,
2026-07-02T22:01:37.758611+00:00,2026-07-02T22:01:37.755584,2,2,121.95,0.5,121.7,150,121.4,100,,,,,,,,,,,,,,,,,122.2,150,122.4,5,,,,,,,,,,,,,,,,
2026-07-02T22:01:37.808839+00:00,2026-07-02T22:01:37.809018,2,3,121.8,0.2,121.7,150,121.4,100,,,,,,,,,,,,,,,,,121.9,100,122.2,150,122.4,5,,,,,,,,,,,,,,
2026-07-02T22:01:38.141989+00:00,2026-07-02T22:01:38.141935,2,3,121.8,0.2,121.7,150,121.4,100,,,,,,,,,,,,,,,,,121.9,54,122.2,150,122.4,5,,,,,,,,,,,,,,
2026-07-02T22:01:38.258579+00:00,2026-07-02T22:01:38.252823,2,3,121.8,0.2,121.7,150,121.4,100,,,,,,,,,,,,,,,,,121.9,4,122.2,150,122.4,5,,,,,,,,,,,,,,
2026-07-02T22:01:39.827947+00:00,2026-07-02T22:01:39.827883,2,3,121.8,0.2,121.7,150,121.4,100,,,,,,,,,,,,,,,,,121.9,2,122.2,150,122.4,5,,,,,,,,,,,,,,
2026-07-02T22:01:39.848899+00:00,2026-07-02T22:01:39.848803,2,2,121.8,0.2,121.7,150,121.4,100,,,,,,,,,,,,,,,,,121.9,2,122.2,150,,,,,,,,,,,,,,,,
2026-07-02T22:01:39.981326+00:00,2026-07-02T22:01:39.981148,2,2,121.8,0.2,121.7,150,121.4,100,,,,,,,,,,,,,,,,,121.9,2,122.2,155,,,,,,,,,,,,,,,,
2026-07-02T22:01:40.351361+00:00,2026-07-02T22:01:40.351328,1,2,121.65,0.5,121.4,100,,,,,,,,,,,,,,,,,,,121.9,2,122.2,5,,,,,,,,,,,,,,,,
2026-07-02T22:01:40.358599+00:00,2026-07-02T22:01:40.356993,1,0,,,121.4,100,,,,,,,,,,,,,,,,,,,,,,,,,,,,,,,,,,,,,,
2026-07-02T22:01:40.406183+00:00,2026-07-02T22:01:40.406095,2,0,,,121.8,150,121.4,100,,,,,,,,,,,,,,,,,,,,,,,,,,,,,,,,,,,,
2026-07-02T22:01:40.458894+00:00,2026-07-02T22:01:40.458760,2,1,122.05,0.5,121.8,150,121.4,100,,,,,,,,,,,,,,,,,122.3,150,,,,,,,,,,,,,,,,,,
2026-07-02T22:01:40.631576+00:00,2026-07-02T22:01:40.631506,2,1,122.05,0.5,121.8,148,121.4,100,,,,,,,,,,,,,,,,,122.3,150,,,,,,,,,,,,,,,,,,
2026-07-02T22:01:40.858551+00:00,2026-07-02T22:01:40.856919,1,1,122.05,0.5,121.8,148,,,,,,,,,,,,,,,,,,,122.3,150,,,,,,,,,,,,,,,,,,
2026-07-02T22:01:40.916501+00:00,2026-07-02T22:01:40.916449,1,1,122.05,0.5,121.8,248,,,,,,,,,,,,,,,,,,,122.3,150,,,,,,,,,,,,,,,,,,
2026-07-02T22:01:40.973425+00:00,2026-07-02T22:01:40.973647,1,1,122.05,0.5,121.8,248,,,,,,,,,,,,,,,,,,,122.3,250,,,,,,,,,,,,,,,,,,
2026-07-02T22:01:41.196628+00:00,2026-07-02T22:01:41.196568,1,2,122.0,0.4,121.8,248,,,,,,,,,,,,,,,,,,,122.2,6,122.3,250,,,,,,,,,,,,,,,,
2026-07-02T22:01:41.225730+00:00,2026-07-02T22:01:41.225597,1,1,122.05,0.5,121.8,248,,,,,,,,,,,,,,,,,,,122.3,216,,,,,,,,,,,,,,,,,,
2026-07-02T22:01:41.746182+00:00,2026-07-02T22:01:41.746424,1,1,122.05,0.5,121.8,248,,,,,,,,,,,,,,,,,,,122.3,170,,,,,,,,,,,,,,,,,,
2026-07-02T22:01:42.224165+00:00,2026-07-02T22:01:42.224004,1,2,122.0,0.4,121.8,248,,,,,,,,,,,,,,,,,,,122.2,5,122.3,170,,,,,,,,,,,,,,,,
2026-07-02T22:01:42.471773+00:00,2026-07-02T22:01:42.471710,1,1,122.05,0.5,121.8,248,,,,,,,,,,,,,,,,,,,122.3,125,,,,,,,,,,,,,,,,,,
2026-07-02T22:01:42.836418+00:00,2026-07-02T22:01:42.836289,1,1,122.05,0.5,121.8,199,,,,,,,,,,,,,,,,,,,122.3,125,,,,,,,,,,,,,,,,,,
2026-07-02T22:01:43.360703+00:00,2026-07-02T22:01:43.360565,1,1,122.05,0.5,121.8,199,,,,,,,,,,,,,,,,,,,122.3,81,,,,,,,,,,,,,,,,,,
2026-07-02T22:01:43.512975+00:00,2026-07-02T22:01:43.512940,1,1,122.05,0.5,121.8,100,,,,,,,,,,,,,,,,,,,122.3,81,,,,,,,,,,,,,,,,,,
2026-07-02T22:01:43.558572+00:00,2026-07-02T22:01:43.557277,2,0,,,122.3,69,121.8,100,,,,,,,,,,,,,,,,,,,,,,,,,,,,,,,,,,,,
2026-07-02T22:01:43.628812+00:00,2026-07-02T22:01:43.622360,2,1,122.55,0.5,122.3,40,121.8,100,,,,,,,,,,,,,,,,,122.8,150,,,,,,,,,,,,,,,,,,
2026-07-02T22:01:44.027155+00:00,2026-07-02T22:01:44.027063,1,1,122.55,0.5,122.3,40,,,,,,,,,,,,,,,,,,,122.8,150,,,,,,,,,,,,,,,,,,
2026-07-02T22:01:44.085969+00:00,2026-07-02T22:01:44.085812,1,1,122.55,0.5,122.3,140,,,,,,,,,,,,,,,,,,,122.8,150,,,,,,,,,,,,,,,,,,
2026-07-02T22:01:44.141016+00:00,2026-07-02T22:01:44.140885,1,1,122.55,0.5,122.3,140,,,,,,,,,,,,,,,,,,,122.8,250,,,,,,,,,,,,,,,,,,
2026-07-02T22:01:44.580456+00:00,2026-07-02T22:01:44.580538,1,1,122.55,0.5,122.3,140,,,,,,,,,,,,,,,,,,,122.8,200,,,,,,,,,,,,,,,,,,
2026-07-02T22:01:46.669071+00:00,2026-07-02T22:01:46.668996,1,1,122.55,0.5,122.3,100,,,,,,,,,,,,,,,,,,,122.8,100,,,,,,,,,,,,,,,,,,
2026-07-02T22:01:46.687085+00:00,2026-07-02T22:01:46.686949,1,1,122.55,0.5,122.3,100,,,,,,,,,,,,,,,,,,,122.8,50,,,,,,,,,,,,,,,,,,
2026-07-02T22:01:46.726039+00:00,2026-07-02T22:01:46.725916,1,1,122.55,0.5,122.3,250,,,,,,,,,,,,,,,,,,,122.8,50,,,,,,,,,,,,,,,,,,
2026-07-02T22:01:46.778502+00:00,2026-07-02T22:01:46.778348,1,1,122.55,0.5,122.3,250,,,,,,,,,,,,,,,,,,,122.8,200,,,,,,,,,,,,,,,,,,
2026-07-02T22:01:47.195475+00:00,2026-07-02T22:01:47.195409,1,1,122.55,0.5,122.3,150,,,,,,,,,,,,,,,,,,,122.8,150,,,,,,,,,,,,,,,,,,
2026-07-02T22:01:47.258423+00:00,2026-07-02T22:01:47.252254,2,1,122.7,0.2,122.6,78,122.3,150,,,,,,,,,,,,,,,,,122.8,150,,,,,,,,,,,,,,,,,,
2026-07-02T22:01:47.302670+00:00,2026-07-02T22:01:47.302542,2,2,122.7,0.2,122.6,78,122.3,150,,,,,,,,,,,,,,,,,122.8,150,123.1,100,,,,,,,,,,,,,,,,
2026-07-02T22:01:47.356392+00:00,2026-07-02T22:01:47.356312,3,2,122.7,0.2,122.6,78,122.3,150,122.1,4,,,,,,,,,,,,,,,122.8,150,123.1,100,,,,,,,,,,,,,,,,
2026-07-02T22:01:48.500675+00:00,2026-07-02T22:01:48.500551,3,2,122.7,0.2,122.6,78,122.3,150,122.1,2,,,,,,,,,,,,,,,122.8,150,123.1,100,,,,,,,,,,,,,,,,
2026-07-02T22:01:48.846967+00:00,2026-07-02T22:01:48.846885,3,2,122.7,0.2,122.6,28,122.3,150,122.1,2,,,,,,,,,,,,,,,122.8,150,123.1,100,,,,,,,,,,,,,,,,
2026-07-02T22:01:49.826838+00:00,2026-07-02T22:01:49.826974,3,2,122.7,0.2,122.6,24,122.3,150,122.1,2,,,,,,,,,,,,,,,122.8,150,123.1,100,,,,,,,,,,,,,,,,
2026-07-02T22:01:49.832236+00:00,2026-07-02T22:01:49.832193,2,1,122.85,0.5,122.6,24,122.1,2,,,,,,,,,,,,,,,,,123.1,100,,,,,,,,,,,,,,,,,,
2026-07-02T22:01:49.884228+00:00,2026-07-02T22:01:49.884141,3,1,122.85,0.5,122.6,24,122.2,150,122.1,2,,,,,,,,,,,,,,,123.1,100,,,,,,,,,,,,,,,,,,
2026-07-02T22:01:49.936750+00:00,2026-07-02T22:01:49.936707,3,2,122.65,0.1,122.6,24,122.2,150,122.1,2,,,,,,,,,,,,,,,122.7,150,123.1,100,,,,,,,,,,,,,,,,
2026-07-02T22:01:50.007322+00:00,2026-07-02T22:01:50.007190,3,2,122.65,0.1,122.6,21,122.2,150,122.1,2,,,,,,,,,,,,,,,122.7,150,123.1,100,,,,,,,,,,,,,,,,
2026-07-02T22:01:50.058565+00:00,2026-07-02T22:01:50.057714,3,2,122.65,0.1,122.6,18,122.2,150,122.1,2,,,,,,,,,,,,,,,122.7,150,123.1,100,,,,,,,,,,,,,,,,
2026-07-02T22:01:50.278978+00:00,2026-07-02T22:01:50.278893,3,2,122.65,0.1,122.6,15,122.2,150,122.1,2,,,,,,,,,,,,,,,122.7,150,123.1,100,,,,,,,,,,,,,,,,
2026-07-02T22:01:50.358525+00:00,2026-07-02T22:01:50.358672,2,1,122.45,0.5,122.2,150,122.1,2,,,,,,,,,,,,,,,,,122.7,150,,,,,,,,,,,,,,,,,,
2026-07-02T22:01:50.381382+00:00,2026-07-02T22:01:50.381300,2,2,122.35,0.3,122.2,150,122.1,2,,,,,,,,,,,,,,,,,122.5,3,122.7,150,,,,,,,,,,,,,,,,
2026-07-02T22:01:50.410530+00:00,2026-07-02T22:01:50.410398,3,2,122.4,0.2,122.3,100,122.2,150,122.1,2,,,,,,,,,,,,,,,122.5,3,122.7,150,,,,,,,,,,,,,,,,
2026-07-02T22:01:50.458626+00:00,2026-07-02T22:01:50.457388,3,3,122.4,0.2,122.3,100,122.2,150,122.1,2,,,,,,,,,,,,,,,122.5,3,122.7,150,122.8,100,,,,,,,,,,,,,,
2026-07-02T22:01:50.953049+00:00,2026-07-02T22:01:50.952986,3,3,122.4,0.2,122.3,50,122.2,150,122.1,2,,,,,,,,,,,,,,,122.5,3,122.7,150,122.8,100,,,,,,,,,,,,,,
2026-07-02T22:01:50.958544+00:00,2026-07-02T22:01:50.958203,3,3,122.4,0.2,122.3,50,122.2,150,122.1,2,,,,,,,,,,,,,,,122.5,2,122.7,150,122.8,100,,,,,,,,,,,,,,
2026-07-02T22:01:51.120040+00:00,2026-07-02T22:01:51.119867,3,3,122.4,0.2,122.3,3,122.2,150,122.1,2,,,,,,,,,,,,,,,122.5,2,122.7,150,122.8,100,,,,,,,,,,,,,,
2026-07-02T22:01:52.143897+00:00,2026-07-02T22:01:52.143988,2,3,122.35,0.3,122.2,108,122.1,2,,,,,,,,,,,,,,,,,122.5,2,122.7,150,122.8,100,,,,,,,,,,,,,,
2026-07-02T22:01:52.706753+00:00,2026-07-02T22:01:52.706634,2,2,122.45,0.5,122.2,108,122.1,2,,,,,,,,,,,,,,,,,122.7,103,122.8,100,,,,,,,,,,,,,,,,
2026-07-02T22:01:52.995802+00:00,2026-07-02T22:01:52.995626,1,1,122.45,0.7,122.1,2,,,,,,,,,,,,,,,,,,,122.8,100,,,,,,,,,,,,,,,,,,
2026-07-02T22:01:53.027323+00:00,2026-07-02T22:01:53.027227,1,1,122.45,0.7,122.1,2,,,,,,,,,,,,,,,,,,,122.8,50,,,,,,,,,,,,,,,,,,
2026-07-02T22:01:53.048196+00:00,2026-07-02T22:01:53.048041,1,1,122.45,0.7,122.1,152,,,,,,,,,,,,,,,,,,,122.8,50,,,,,,,,,,,,,,,,,,
2026-07-02T22:01:53.114099+00:00,2026-07-02T22:01:53.113902,1,2,122.35,0.5,122.1,152,,,,,,,,,,,,,,,,,,,122.6,150,122.8,50,,,,,,,,,,,,,,,,
2026-07-02T22:01:53.219980+00:00,2026-07-02T22:01:53.219896,1,3,122.3,0.4,122.1,152,,,,,,,,,,,,,,,,,,,122.5,3,122.6,150,122.8,50,,,,,,,,,,,,,,
2026-07-02T22:01:53.516935+00:00,2026-07-02T22:01:53.516827,1,2,122.3,0.4,122.1,152,,,,,,,,,,,,,,,,,,,122.5,3,122.6,150,,,,,,,,,,,,,,,,
2026-07-02T22:01:53.569263+00:00,2026-07-02T22:01:53.569225,1,2,122.3,0.4,122.1,252,,,,,,,,,,,,,,,,,,,122.5,3,122.6,150,,,,,,,,,,,,,,,,
2026-07-02T22:01:53.625349+00:00,2026-07-02T22:01:53.625292,1,2,122.3,0.4,122.1,252,,,,,,,,,,,,,,,,,,,122.5,3,122.6,250,,,,,,,,,,,,,,,,
2026-07-02T22:01:55.132103+00:00,2026-07-02T22:01:55.131984,1,1,122.35,0.5,122.1,252,,,,,,,,,,,,,,,,,,,122.6,203,,,,,,,,,,,,,,,,,,
2026-07-02T22:01:55.203729+00:00,2026-07-02T22:01:55.203591,1,2,122.3,0.4,122.1,252,,,,,,,,,,,,,,,,,,,122.5,5,122.6,203,,,,,,,,,,,,,,,,
2026-07-02T22:01:55.374548+00:00,2026-07-02T22:01:55.374335,1,2,122.3,0.4,122.1,250,,,,,,,,,,,,,,,,,,,122.5,5,122.6,203,,,,,,,,,,,,,,,,
2026-07-02T22:01:55.652366+00:00,2026-07-02T22:01:55.652303,1,1,122.35,0.5,122.1,250,,,,,,,,,,,,,,,,,,,122.6,203,,,,,,,,,,,,,,,,,,
2026-07-02T22:01:56.174132+00:00,2026-07-02T22:01:56.174006,1,1,122.35,0.5,122.1,100,,,,,,,,,,,,,,,,,,,122.6,100,,,,,,,,,,,,,,,,,,
2026-07-02T22:01:56.241002+00:00,2026-07-02T22:01:56.240905,2,1,122.45,0.3,122.3,150,122.1,100,,,,,,,,,,,,,,,,,122.6,100,,,,,,,,,,,,,,,,,,
2026-07-02T22:01:56.246278+00:00,2026-07-02T22:01:56.246095,2,1,122.45,0.3,122.3,106,122.1,100,,,,,,,,,,,,,,,,,122.6,100,,,,,,,,,,,,,,,,,,
2026-07-02T22:01:56.296627+00:00,2026-07-02T22:01:56.296558,2,2,122.45,0.3,122.3,106,122.1,100,,,,,,,,,,,,,,,,,122.6,100,122.8,150,,,,,,,,,,,,,,,,
2026-07-02T22:01:56.679697+00:00,2026-07-02T22:01:56.679530,1,1,122.55,0.5,122.3,106,,,,,,,,,,,,,,,,,,,122.8,150,,,,,,,,,,,,,,,,,,
2026-07-02T22:01:56.735627+00:00,2026-07-02T22:01:56.735569,2,1,122.55,0.5,122.3,106,122.1,100,,,,,,,,,,,,,,,,,122.8,150,,,,,,,,,,,,,,,,,,
2026-07-02T22:01:56.758629+00:00,2026-07-02T22:01:56.750888,2,1,122.55,0.5,122.3,59,122.1,100,,,,,,,,,,,,,,,,,122.8,150,,,,,,,,,,,,,,,,,,
2026-07-02T22:01:56.784492+00:00,2026-07-02T22:01:56.784393,2,2,122.45,0.3,122.3,59,122.1,100,,,,,,,,,,,,,,,,,122.6,100,122.8,150,,,,,,,,,,,,,,,,
2026-07-02T22:01:57.239073+00:00,2026-07-02T22:01:57.238940,2,2,122.45,0.3,122.3,59,122.1,100,,,,,,,,,,,,,,,,,122.6,50,122.8,150,,,,,,,,,,,,,,,,
2026-07-02T22:01:57.270604+00:00,2026-07-02T22:01:57.270473,2,2,122.45,0.3,122.3,59,122.1,100,,,,,,,,,,,,,,,,,122.6,9,122.8,150,,,,,,,,,,,,,,,,
2026-07-02T22:01:57.513325+00:00,2026-07-02T22:01:57.513271,2,2,122.45,0.3,122.3,59,122.1,100,,,,,,,,,,,,,,,,,122.6,15,122.8,150,,,,,,,,,,,,,,,,
2026-07-02T22:01:58.474165+00:00,2026-07-02T22:01:58.474082,2,1,122.55,0.5,122.3,59,122.1,100,,,,,,,,,,,,,,,,,122.8,120,,,,,,,,,,,,,,,,,,
2026-07-02T22:01:58.500281+00:00,2026-07-02T22:01:58.500188,2,2,122.45,0.3,122.3,60,122.1,100,,,,,,,,,,,,,,,,,122.6,5,122.8,120,,,,,,,,,,,,,,,,
2026-07-02T22:01:59.347592+00:00,2026-07-02T22:01:59.347534,2,1,122.55,0.5,122.3,60,122.1,100,,,,,,,,,,,,,,,,,122.8,75,,,,,,,,,,,,,,,,,,
2026-07-02T22:01:59.352787+00:00,2026-07-02T22:01:59.352713,2,0,,,122.3,1,122.1,100,,,,,,,,,,,,,,,,,,,,,,,,,,,,,,,,,,,,
2026-07-02T22:01:59.413229+00:00,2026-07-02T22:01:59.413129,2,0,,,122.3,1,122.1,250,,,,,,,,,,,,,,,,,,,,,,,,,,,,,,,,,,,,
2026-07-02T22:01:59.469134+00:00,2026-07-02T22:01:59.469017,2,1,122.45,0.3,122.3,1,122.1,250,,,,,,,,,,,,,,,,,122.6,150,,,,,,,,,,,,,,,,,,
2026-07-02T22:01:59.571933+00:00,2026-07-02T22:01:59.572064,2,1,122.45,0.3,122.3,1,122.1,250,,,,,,,,,,,,,,,,,122.6,155,,,,,,,,,,,,,,,,,,
2026-07-02T22:01:59.840482+00:00,2026-07-02T22:01:59.840400,2,1,122.45,0.3,122.3,1,122.1,150,,,,,,,,,,,,,,,,,122.6,155,,,,,,,,,,,,,,,,,,
2026-07-02T22:01:59.892203+00:00,2026-07-02T22:01:59.892384,3,1,122.5,0.2,122.4,100,122.3,1,122.1,150,,,,,,,,,,,,,,,122.6,155,,,,,,,,,,,,,,,,,,
2026-07-02T22:01:59.908018+00:00,2026-07-02T22:01:59.907930,3,1,122.5,0.2,122.4,58,122.3,1,122.1,150,,,,,,,,,,,,,,,122.6,155,,,,,,,,,,,,,,,,,,
2026-07-02T22:01:59.948639+00:00,2026-07-02T22:01:59.948502,3,2,122.5,0.2,122.4,58,122.3,1,122.1,150,,,,,,,,,,,,,,,122.6,155,122.9,100,,,,,,,,,,,,,,,,
2026-07-02T22:02:00.211040+00:00,2026-07-02T22:02:00.211285,3,2,122.5,0.2,122.4,58,122.3,1,122.1,150,,,,,,,,,,,,,,,122.6,153,122.9,100,,,,,,,,,,,,,,,,
2026-07-02T22:02:00.380487+00:00,2026-07-02T22:02:00.380450,3,2,122.5,0.2,122.4,11,122.3,1,122.1,150,,,,,,,,,,,,,,,122.6,153,122.9,100,,,,,,,,,,,,,,,,
2026-07-02T22:02:00.845630+00:00,2026-07-02T22:02:00.845568,2,2,122.5,0.2,122.4,11,122.1,150,,,,,,,,,,,,,,,,,122.6,153,122.9,100,,,,,,,,,,,,,,,,
2026-07-02T22:02:01.458546+00:00,2026-07-02T22:02:01.455349,2,2,122.5,0.2,122.4,11,122.1,150,,,,,,,,,,,,,,,,,122.6,103,122.9,100,,,,,,,,,,,,,,,,
2026-07-02T22:02:01.530744+00:00,2026-07-02T22:02:01.530662,2,2,122.5,0.2,122.4,11,122.1,150,,,,,,,,,,,,,,,,,122.6,59,122.9,100,,,,,,,,,,,,,,,,
2026-07-02T22:02:02.522973+00:00,2026-07-02T22:02:02.522813,1,2,122.5,0.2,122.4,11,,,,,,,,,,,,,,,,,,,122.6,3,122.9,100,,,,,,,,,,,,,,,,
2026-07-02T22:02:02.587822+00:00,2026-07-02T22:02:02.580607,2,1,122.85,0.1,122.8,135,122.4,11,,,,,,,,,,,,,,,,,122.9,100,,,,,,,,,,,,,,,,,,
2026-07-02T22:02:02.632510+00:00,2026-07-02T22:02:02.632431,2,2,122.85,0.1,122.8,135,122.4,11,,,,,,,,,,,,,,,,,122.9,100,123.3,150,,,,,,,,,,,,,,,,
2026-07-02T22:02:02.678071+00:00,2026-07-02T22:02:02.677987,2,2,122.85,0.1,122.8,129,122.4,11,,,,,,,,,,,,,,,,,122.9,100,123.3,150,,,,,,,,,,,,,,,,
2026-07-02T22:02:02.920266+00:00,2026-07-02T22:02:02.920192,2,2,122.85,0.1,122.8,123,122.4,11,,,,,,,,,,,,,,,,,122.9,100,123.3,150,,,,,,,,,,,,,,,,
2026-07-02T22:02:03.002132+00:00,2026-07-02T22:02:03.002000,1,1,123.05,0.5,122.8,123,,,,,,,,,,,,,,,,,,,123.3,150,,,,,,,,,,,,,,,,,,
2026-07-02T22:02:03.063924+00:00,2026-07-02T22:02:03.063775,2,1,123.05,0.5,122.8,123,122.3,100,,,,,,,,,,,,,,,,,123.3,150,,,,,,,,,,,,,,,,,,
2026-07-02T22:02:03.108098+00:00,2026-07-02T22:02:03.108010,2,1,123.05,0.5,122.8,23,122.3,100,,,,,,,,,,,,,,,,,123.3,150,,,,,,,,,,,,,,,,,,
2026-07-02T22:02:03.569867+00:00,2026-07-02T22:02:03.569777,2,1,123.05,0.5,122.8,23,122.3,100,,,,,,,,,,,,,,,,,123.3,100,,,,,,,,,,,,,,,,,,
2026-07-02T22:02:03.926418+00:00,2026-07-02T22:02:03.921082,2,1,123.05,0.5,122.8,12,122.3,100,,,,,,,,,,,,,,,,,123.3,100,,,,,,,,,,,,,,,,,,
2026-07-02T22:02:05.069589+00:00,2026-07-02T22:02:05.063804,1,1,122.8,1.0,122.3,100,,,,,,,,,,,,,,,,,,,123.3,100,,,,,,,,,,,,,,,,,,
2026-07-02T22:02:05.675763+00:00,2026-07-02T22:02:05.675834,1,1,122.8,1.0,122.3,100,,,,,,,,,,,,,,,,,,,123.3,50,,,,,,,,,,,,,,,,,,
2026-07-02T22:02:05.686550+00:00,2026-07-02T22:02:05.686437,1,0,,,122.3,100,,,,,,,,,,,,,,,,,,,,,,,,,,,,,,,,,,,,,,
2026-07-02T22:02:05.741849+00:00,2026-07-02T22:02:05.741658,2,0,,,122.4,150,122.3,100,,,,,,,,,,,,,,,,,,,,,,,,,,,,,,,,,,,,
2026-07-02T22:02:05.794710+00:00,2026-07-02T22:02:05.794601,2,1,122.65,0.5,122.4,150,122.3,100,,,,,,,,,,,,,,,,,122.9,150,,,,,,,,,,,,,,,,,,
2026-07-02T22:02:06.158608+00:00,2026-07-02T22:02:06.158076,1,1,122.65,0.5,122.4,150,,,,,,,,,,,,,,,,,,,122.9,150,,,,,,,,,,,,,,,,,,
2026-07-02T22:02:06.216347+00:00,2026-07-02T22:02:06.216205,1,1,122.65,0.5,122.4,250,,,,,,,,,,,,,,,,,,,122.9,150,,,,,,,,,,,,,,,,,,
2026-07-02T22:02:06.269442+00:00,2026-07-02T22:02:06.269580,1,1,122.65,0.5,122.4,250,,,,,,,,,,,,,,,,,,,122.9,250,,,,,,,,,,,,,,,,,,
2026-07-02T22:02:06.358610+00:00,2026-07-02T22:02:06.355196,1,1,122.65,0.5,122.4,250,,,,,,,,,,,,,,,,,,,122.9,203,,,,,,,,,,,,,,,,,,
2026-07-02T22:02:07.312888+00:00,2026-07-02T22:02:07.312996,1,1,122.65,0.5,122.4,210,,,,,,,,,,,,,,,,,,,122.9,203,,,,,,,,,,,,,,,,,,
2026-07-02T22:02:07.795109+00:00,2026-07-02T22:02:07.794931,1,1,122.65,0.5,122.4,210,,,,,,,,,,,,,,,,,,,122.9,153,,,,,,,,,,,,,,,,,,
2026-07-02T22:02:08.846568+00:00,2026-07-02T22:02:08.846344,1,1,122.65,0.5,122.4,100,,,,,,,,,,,,,,,,,,,122.9,100,,,,,,,,,,,,,,,,,,
2026-07-02T22:02:08.899869+00:00,2026-07-02T22:02:08.899753,2,1,122.8,0.2,122.7,150,122.4,100,,,,,,,,,,,,,,,,,122.9,100,,,,,,,,,,,,,,,,,,
2026-07-02T22:02:08.948717+00:00,2026-07-02T22:02:08.948866,2,2,122.8,0.2,122.7,150,122.4,100,,,,,,,,,,,,,,,,,122.9,100,123.2,150,,,,,,,,,,,,,,,,
2026-07-02T22:02:09.324045+00:00,2026-07-02T22:02:09.323947,1,1,122.95,0.5,122.7,150,,,,,,,,,,,,,,,,,,,123.2,150,,,,,,,,,,,,,,,,,,
2026-07-02T22:02:09.395721+00:00,2026-07-02T22:02:09.395544,2,1,122.95,0.5,122.7,150,122.6,100,,,,,,,,,,,,,,,,,123.2,150,,,,,,,,,,,,,,,,,,
2026-07-02T22:02:09.444415+00:00,2026-07-02T22:02:09.444310,2,2,122.9,0.4,122.7,150,122.6,100,,,,,,,,,,,,,,,,,123.1,100,123.2,150,,,,,,,,,,,,,,,,
2026-07-02T22:02:09.776777+00:00,2026-07-02T22:02:09.776570,3,2,122.9,0.4,122.7,150,122.6,100,122.5,5,,,,,,,,,,,,,,,123.1,100,123.2,150,,,,,,,,,,,,,,,,
2026-07-02T22:02:09.952020+00:00,2026-07-02T22:02:09.952124,3,2,122.9,0.4,122.7,100,122.6,100,122.5,5,,,,,,,,,,,,,,,123.1,100,123.2,150,,,,,,,,,,,,,,,,
2026-07-02T22:02:11.047255+00:00,2026-07-02T22:02:11.047171,3,2,122.9,0.4,122.7,100,122.6,100,122.5,4,,,,,,,,,,,,,,,123.1,100,123.2,150,,,,,,,,,,,,,,,,
2026-07-02T22:02:12.006414+00:00,2026-07-02T22:02:12.006317,2,1,122.85,0.5,122.6,100,122.5,4,,,,,,,,,,,,,,,,,123.1,100,,,,,,,,,,,,,,,,,,
2026-07-02T22:02:12.064088+00:00,2026-07-02T22:02:12.063749,3,1,122.85,0.5,122.6,100,122.5,4,122.4,150,,,,,,,,,,,,,,,123.1,100,,,,,,,,,,,,,,,,,,
2026-07-02T22:02:12.109551+00:00,2026-07-02T22:02:12.109717,3,2,122.75,0.3,122.6,100,122.5,4,122.4,150,,,,,,,,,,,,,,,122.9,150,123.1,100,,,,,,,,,,,,,,,,
2026-07-02T22:02:12.499562+00:00,2026-07-02T22:02:12.499496,2,1,122.7,0.4,122.5,4,122.4,150,,,,,,,,,,,,,,,,,122.9,150,,,,,,,,,,,,,,,,,,
2026-07-02T22:02:12.548558+00:00,2026-07-02T22:02:12.546104,2,1,122.7,0.4,122.5,4,122.4,250,,,,,,,,,,,,,,,,,122.9,150,,,,,,,,,,,,,,,,,,
2026-07-02T22:02:12.608264+00:00,2026-07-02T22:02:12.608182,2,1,122.7,0.4,122.5,4,122.4,250,,,,,,,,,,,,,,,,,122.9,250,,,,,,,,,,,,,,,,,,
2026-07-02T22:02:14.638374+00:00,2026-07-02T22:02:14.638546,1,1,122.65,0.5,122.4,213,,,,,,,,,,,,,,,,,,,122.9,250,,,,,,,,,,,,,,,,,,
2026-07-02T22:02:15.158557+00:00,2026-07-02T22:02:15.157415,1,1,122.65,0.5,122.4,100,,,,,,,,,,,,,,,,,,,122.9,100,,,,,,,,,,,,,,,,,,
2026-07-02T22:02:15.219683+00:00,2026-07-02T22:02:15.219597,2,1,122.65,0.5,122.4,100,122.1,150,,,,,,,,,,,,,,,,,122.9,100,,,,,,,,,,,,,,,,,,
2026-07-02T22:02:15.269319+00:00,2026-07-02T22:02:15.269289,2,2,122.5,0.2,122.4,100,122.1,150,,,,,,,,,,,,,,,,,122.6,150,122.9,100,,,,,,,,,,,,,,,,
2026-07-02T22:02:15.664302+00:00,2026-07-02T22:02:15.664134,1,1,122.35,0.5,122.1,150,,,,,,,,,,,,,,,,,,,122.6,150,,,,,,,,,,,,,,,,,,
2026-07-02T22:02:15.769312+00:00,2026-07-02T22:02:15.769159,2,2,122.4,0.4,122.2,100,122.1,150,,,,,,,,,,,,,,,,,122.6,150,122.7,100,,,,,,,,,,,,,,,,
2026-07-02T22:02:15.869089+00:00,2026-07-02T22:02:15.869012,2,2,122.4,0.4,122.2,100,122.1,150,,,,,,,,,,,,,,,,,122.6,145,122.7,100,,,,,,,,,,,,,,,,
2026-07-02T22:02:16.273456+00:00,2026-07-02T22:02:16.273392,2,2,122.4,0.4,122.2,50,122.1,150,,,,,,,,,,,,,,,,,122.6,145,122.7,100,,,,,,,,,,,,,,,,
2026-07-02T22:02:16.686296+00:00,2026-07-02T22:02:16.686174,3,2,122.55,0.1,122.5,5,122.2,50,122.1,150,,,,,,,,,,,,,,,122.6,145,122.7,100,,,,,,,,,,,,,,,,
2026-07-02T22:02:17.590759+00:00,2026-07-02T22:02:17.590665,3,2,122.55,0.1,122.5,4,122.2,50,122.1,150,,,,,,,,,,,,,,,122.6,145,122.7,100,,,,,,,,,,,,,,,,
2026-07-02T22:02:18.327591+00:00,2026-07-02T22:02:18.327507,2,1,122.6,0.2,122.5,4,122.2,50,,,,,,,,,,,,,,,,,122.7,100,,,,,,,,,,,,,,,,,,
2026-07-02T22:02:18.383703+00:00,2026-07-02T22:02:18.383569,1,1,122.45,0.5,122.2,154,,,,,,,,,,,,,,,,,,,122.7,100,,,,,,,,,,,,,,,,,,
2026-07-02T22:02:18.469524+00:00,2026-07-02T22:02:18.469447,1,1,122.45,0.5,122.2,154,,,,,,,,,,,,,,,,,,,122.7,250,,,,,,,,,,,,,,,,,,
2026-07-02T22:02:18.734751+00:00,2026-07-02T22:02:18.734891,1,1,122.45,0.5,122.2,154,,,,,,,,,,,,,,,,,,,122.7,201,,,,,,,,,,,,,,,,,,
2026-07-02T22:02:18.823711+00:00,2026-07-02T22:02:18.823662,1,1,122.45,0.5,122.2,150,,,,,,,,,,,,,,,,,,,122.7,150,,,,,,,,,,,,,,,,,,
2026-07-02T22:02:18.878704+00:00,2026-07-02T22:02:18.878587,2,1,122.45,0.5,122.2,150,122.1,100,,,,,,,,,,,,,,,,,122.7,150,,,,,,,,,,,,,,,,,,
2026-07-02T22:02:18.931412+00:00,2026-07-02T22:02:18.931339,2,2,122.4,0.4,122.2,150,122.1,100,,,,,,,,,,,,,,,,,122.6,100,122.7,150,,,,,,,,,,,,,,,,
2026-07-02T22:02:20.058800+00:00,2026-07-02T22:02:20.058676,3,2,122.55,0.1,122.5,5,122.2,150,122.1,100,,,,,,,,,,,,,,,122.6,100,122.7,150,,,,,,,,,,,,,,,,
2026-07-02T22:02:20.497652+00:00,2026-07-02T22:02:20.497448,2,2,122.4,0.4,122.2,105,122.1,100,,,,,,,,,,,,,,,,,122.6,100,122.7,150,,,,,,,,,,,,,,,,
2026-07-02T22:02:20.885682+00:00,2026-07-02T22:02:20.885535,3,2,122.5,0.2,122.4,5,122.2,105,122.1,100,,,,,,,,,,,,,,,122.6,100,122.7,150,,,,,,,,,,,,,,,,
2026-07-02T22:02:21.525035+00:00,2026-07-02T22:02:21.525006,2,1,122.5,0.2,122.4,5,122.1,100,,,,,,,,,,,,,,,,,122.6,100,,,,,,,,,,,,,,,,,,
2026-07-02T22:02:21.580075+00:00,2026-07-02T22:02:21.579987,2,1,122.5,0.2,122.4,5,122.1,250,,,,,,,,,,,,,,,,,122.6,100,,,,,,,,,,,,,,,,,,
2026-07-02T22:02:21.633600+00:00,2026-07-02T22:02:21.633542,2,1,122.5,0.2,122.4,5,122.1,250,,,,,,,,,,,,,,,,,122.6,250,,,,,,,,,,,,,,,,,,
2026-07-02T22:02:21.867805+00:00,2026-07-02T22:02:21.867729,2,1,122.5,0.2,122.4,4,122.1,250,,,,,,,,,,,,,,,,,122.6,250,,,,,,,,,,,,,,,,,,
2026-07-02T22:02:21.982447+00:00,2026-07-02T22:02:21.982332,2,1,122.5,0.2,122.4,4,122.1,150,,,,,,,,,,,,,,,,,122.6,150,,,,,,,,,,,,,,,,,,
2026-07-02T22:02:22.035520+00:00,2026-07-02T22:02:22.035444,3,1,122.5,0.2,122.4,4,122.2,100,122.1,150,,,,,,,,,,,,,,,122.6,150,,,,,,,,,,,,,,,,,,
2026-07-02T22:02:22.100577+00:00,2026-07-02T22:02:22.100656,3,2,122.5,0.2,122.4,4,122.2,100,122.1,150,,,,,,,,,,,,,,,122.6,150,122.7,100,,,,,,,,,,,,,,,,
2026-07-02T22:02:22.130716+00:00,2026-07-02T22:02:22.124887,3,2,122.5,0.2,122.4,4,122.2,100,122.1,150,,,,,,,,,,,,,,,122.6,138,122.7,100,,,,,,,,,,,,,,,,
2026-07-02T22:02:22.342447+00:00,2026-07-02T22:02:22.342340,3,2,122.5,0.2,122.4,4,122.2,100,122.1,150,,,,,,,,,,,,,,,122.6,90,122.7,100,,,,,,,,,,,,,,,,
2026-07-02T22:02:22.397654+00:00,2026-07-02T22:02:22.397622,2,2,122.4,0.4,122.2,62,122.1,150,,,,,,,,,,,,,,,,,122.6,90,122.7,100,,,,,,,,,,,,,,,,
2026-07-02T22:02:23.490506+00:00,2026-07-02T22:02:23.490365,2,2,122.4,0.4,122.2,62,122.1,150,,,,,,,,,,,,,,,,,122.6,48,122.7,100,,,,,,,,,,,,,,,,
2026-07-02T22:02:24.689402+00:00,2026-07-02T22:02:24.689299,1,1,122.45,0.5,122.2,62,,,,,,,,,,,,,,,,,,,122.7,100,,,,,,,,,,,,,,,,,,
2026-07-02T22:02:24.694628+00:00,2026-07-02T22:02:24.694538,1,1,122.45,0.5,122.2,14,,,,,,,,,,,,,,,,,,,122.7,100,,,,,,,,,,,,,,,,,,
2026-07-02T22:02:24.711875+00:00,2026-07-02T22:02:24.711756,0,1,,,,,,,,,,,,,,,,,,,,,,,122.7,100,,,,,,,,,,,,,,,,,,
2026-07-02T22:02:24.752971+00:00,2026-07-02T22:02:24.752839,1,1,122.65,0.1,122.6,150,,,,,,,,,,,,,,,,,,,122.7,100,,,,,,,,,,,,,,,,,,
2026-07-02T22:02:24.806449+00:00,2026-07-02T22:02:24.806385,1,2,122.65,0.1,122.6,150,,,,,,,,,,,,,,,,,,,122.7,100,123.1,150,,,,,,,,,,,,,,,,
2026-07-02T22:02:25.158609+00:00,2026-07-02T22:02:25.154523,1,1,122.85,0.5,122.6,150,,,,,,,,,,,,,,,,,,,123.1,150,,,,,,,,,,,,,,,,,,
2026-07-02T22:02:25.206942+00:00,2026-07-02T22:02:25.206829,2,1,122.85,0.5,122.6,150,122.1,100,,,,,,,,,,,,,,,,,123.1,150,,,,,,,,,,,,,,,,,,
2026-07-02T22:02:25.259255+00:00,2026-07-02T22:02:25.259127,2,1,122.85,0.5,122.6,50,122.1,100,,,,,,,,,,,,,,,,,123.1,150,,,,,,,,,,,,,,,,,,
2026-07-02T22:02:25.493046+00:00,2026-07-02T22:02:25.492912,3,1,122.85,0.5,122.6,50,122.4,5,122.1,100,,,,,,,,,,,,,,,123.1,150,,,,,,,,,,,,,,,,,,
2026-07-02T22:02:26.755392+00:00,2026-07-02T22:02:26.756642,3,1,122.85,0.5,122.6,50,122.4,5,122.1,100,,,,,,,,,,,,,,,123.1,100,,,,,,,,,,,,,,,,,,
2026-07-02T22:02:27.729706+00:00,2026-07-02T22:02:27.729646,3,1,122.85,0.5,122.6,5,122.4,5,122.1,100,,,,,,,,,,,,,,,123.1,100,,,,,,,,,,,,,,,,,,
2026-07-02T22:02:27.853993+00:00,2026-07-02T22:02:27.854168,2,0,,,122.4,5,122.1,100,,,,,,,,,,,,,,,,,,,,,,,,,,,,,,,,,,,,
2026-07-02T22:02:27.914238+00:00,2026-07-02T22:02:27.914205,3,0,,,122.6,150,122.4,5,122.1,100,,,,,,,,,,,,,,,,,,,,,,,,,,,,,,,,,,
2026-07-02T22:02:27.958628+00:00,2026-07-02T22:02:27.957213,3,1,122.85,0.5,122.6,150,122.4,5,122.1,100,,,,,,,,,,,,,,,123.1,150,,,,,,,,,,,,,,,,,,
2026-07-02T22:02:28.313291+00:00,2026-07-02T22:02:28.313259,2,1,122.85,0.5,122.6,150,122.4,5,,,,,,,,,,,,,,,,,123.1,150,,,,,,,,,,,,,,,,,,
2026-07-02T22:02:28.368486+00:00,2026-07-02T22:02:28.368664,3,1,122.9,0.4,122.7,100,122.6,150,122.4,5,,,,,,,,,,,,,,,123.1,150,,,,,,,,,,,,,,,,,,
2026-07-02T22:02:28.427892+00:00,2026-07-02T22:02:28.427792,3,2,122.9,0.4,122.7,100,122.6,150,122.4,5,,,,,,,,,,,,,,,123.1,150,123.2,100,,,,,,,,,,,,,,,,
2026-07-02T22:02:28.873491+00:00,2026-07-02T22:02:28.873372,3,2,122.9,0.4,122.7,100,122.6,150,122.4,5,,,,,,,,,,,,,,,123.1,100,123.2,100,,,,,,,,,,,,,,,,
2026-07-02T22:02:30.210930+00:00,2026-07-02T22:02:30.210859,3,2,122.9,0.4,122.7,100,122.6,150,122.4,4,,,,,,,,,,,,,,,123.1,100,123.2,100,,,,,,,,,,,,,,,,
2026-07-02T22:02:30.484755+00:00,2026-07-02T22:02:30.484650,2,2,122.9,0.4,122.7,100,122.6,150,,,,,,,,,,,,,,,,,123.1,100,123.2,100,,,,,,,,,,,,,,,,
2026-07-02T22:02:30.979912+00:00,2026-07-02T22:02:30.979807,2,2,122.9,0.4,122.7,100,122.6,150,,,,,,,,,,,,,,,,,123.1,50,123.2,100,,,,,,,,,,,,,,,,
2026-07-02T22:02:31.021614+00:00,2026-07-02T22:02:31.021434,1,1,122.95,0.5,122.7,100,,,,,,,,,,,,,,,,,,,123.2,100,,,,,,,,,,,,,,,,,,
2026-07-02T22:02:31.077351+00:00,2026-07-02T22:02:31.077206,2,1,123.1,0.2,123.0,150,122.7,100,,,,,,,,,,,,,,,,,123.2,100,,,,,,,,,,,,,,,,,,
2026-07-02T22:02:31.145514+00:00,2026-07-02T22:02:31.145408,2,2,123.1,0.2,123.0,150,122.7,100,,,,,,,,,,,,,,,,,123.2,100,123.5,150,,,,,,,,,,,,,,,,
2026-07-02T22:02:31.481852+00:00,2026-07-02T22:02:31.481800,1,1,123.25,0.5,123.0,150,,,,,,,,,,,,,,,,,,,123.5,150,,,,,,,,,,,,,,,,,,
2026-07-02T22:02:31.536403+00:00,2026-07-02T22:02:31.536349,2,1,123.25,0.5,123.0,150,122.6,100,,,,,,,,,,,,,,,,,123.5,150,,,,,,,,,,,,,,,,,,
2026-07-02T22:02:31.589462+00:00,2026-07-02T22:02:31.589343,2,2,123.05,0.1,123.0,150,122.6,100,,,,,,,,,,,,,,,,,123.1,100,123.5,150,,,,,,,,,,,,,,,,
2026-07-02T22:02:31.914987+00:00,2026-07-02T22:02:31.915102,2,2,123.05,0.1,123.0,150,122.6,100,,,,,,,,,,,,,,,,,123.1,58,123.5,150,,,,,,,,,,,,,,,,
2026-07-02T22:02:33.087381+00:00,2026-07-02T22:02:33.087552,2,2,123.05,0.1,123.0,150,122.6,100,,,,,,,,,,,,,,,,,123.1,8,123.5,150,,,,,,,,,,,,,,,,
2026-07-02T22:02:34.203691+00:00,2026-07-02T22:02:34.203549,1,1,122.85,0.5,122.6,100,,,,,,,,,,,,,,,,,,,123.1,8,,,,,,,,,,,,,,,,,,
2026-07-02T22:02:34.258591+00:00,2026-07-02T22:02:34.252290,2,1,123.05,0.1,123.0,150,122.6,100,,,,,,,,,,,,,,,,,123.1,8,,,,,,,,,,,,,,,,,,
2026-07-02T22:02:34.307859+00:00,2026-07-02T22:02:34.307740,2,2,123.05,0.1,123.0,150,122.6,100,,,,,,,,,,,,,,,,,123.1,8,123.5,150,,,,,,,,,,,,,,,,
2026-07-02T22:02:34.639667+00:00,2026-07-02T22:02:34.639619,1,1,123.25,0.5,123.0,150,,,,,,,,,,,,,,,,,,,123.5,150,,,,,,,,,,,,,,,,,,
2026-07-02T22:02:34.695113+00:00,2026-07-02T22:02:34.695051,1,1,123.25,0.5,123.0,250,,,,,,,,,,,,,,,,,,,123.5,150,,,,,,,,,,,,,,,,,,
2026-07-02T22:02:34.747734+00:00,2026-07-02T22:02:34.747591,1,1,123.25,0.5,123.0,250,,,,,,,,,,,,,,,,,,,123.5,250,,,,,,,,,,,,,,,,,,
2026-07-02T22:02:37.214610+00:00,2026-07-02T22:02:37.214479,1,1,123.25,0.5,123.0,201,,,,,,,,,,,,,,,,,,,123.5,250,,,,,,,,,,,,,,,,,,
2026-07-02T22:02:37.350283+00:00,2026-07-02T22:02:37.350237,1,1,123.25,0.5,123.0,151,,,,,,,,,,,,,,,,,,,123.5,250,,,,,,,,,,,,,,,,,,
2026-07-02T22:02:37.368975+00:00,2026-07-02T22:02:37.368811,1,1,123.25,0.5,123.0,100,,,,,,,,,,,,,,,,,,,123.5,100,,,,,,,,,,,,,,,,,,
2026-07-02T22:02:37.417451+00:00,2026-07-02T22:02:37.417342,2,1,123.25,0.5,123.0,100,122.6,150,,,,,,,,,,,,,,,,,123.5,100,,,,,,,,,,,,,,,,,,
2026-07-02T22:02:37.473864+00:00,2026-07-02T22:02:37.473779,2,2,123.05,0.1,123.0,100,122.6,150,,,,,,,,,,,,,,,,,123.1,150,123.5,100,,,,,,,,,,,,,,,,
2026-07-02T22:02:37.801702+00:00,2026-07-02T22:02:37.801590,1,1,122.85,0.5,122.6,150,,,,,,,,,,,,,,,,,,,123.1,150,,,,,,,,,,,,,,,,,,
2026-07-02T22:02:37.873819+00:00,2026-07-02T22:02:37.858632,2,1,123.05,0.1,123.0,100,122.6,150,,,,,,,,,,,,,,,,,123.1,150,,,,,,,,,,,,,,,,,,
2026-07-02T22:02:37.920512+00:00,2026-07-02T22:02:37.920358,2,2,123.05,0.1,123.0,100,122.6,150,,,,,,,,,,,,,,,,,123.1,150,123.5,100,,,,,,,,,,,,,,,,
2026-07-02T22:02:39.329680+00:00,2026-07-02T22:02:39.329537,2,2,123.05,0.1,123.0,100,122.6,150,,,,,,,,,,,,,,,,,123.1,108,123.5,100,,,,,,,,,,,,,,,,
2026-07-02T22:02:39.458585+00:00,2026-07-02T22:02:39.458075,2,2,123.05,0.1,123.0,50,122.6,150,,,,,,,,,,,,,,,,,123.1,108,123.5,100,,,,,,,,,,,,,,,,
2026-07-02T22:02:39.518429+00:00,2026-07-02T22:02:39.518299,2,3,123.05,0.1,123.0,50,122.6,150,,,,,,,,,,,,,,,,,123.1,108,123.4,4,123.5,100,,,,,,,,,,,,,,
2026-07-02T22:02:40.444687+00:00,2026-07-02T22:02:40.444617,2,3,123.05,0.1,123.0,50,122.6,150,,,,,,,,,,,,,,,,,123.1,108,123.4,3,123.5,100,,,,,,,,,,,,,,
2026-07-02T22:02:40.527694+00:00,2026-07-02T22:02:40.527468,1,2,123.2,0.4,123.0,50,,,,,,,,,,,,,,,,,,,123.4,3,123.5,100,,,,,,,,,,,,,,,,
2026-07-02T22:02:40.580490+00:00,2026-07-02T22:02:40.580350,2,2,123.2,0.4,123.0,50,122.7,150,,,,,,,,,,,,,,,,,123.4,3,123.5,100,,,,,,,,,,,,,,,,
2026-07-02T22:02:40.632138+00:00,2026-07-02T22:02:40.631947,2,3,123.1,0.2,123.0,50,122.7,150,,,,,,,,,,,,,,,,,123.2,150,123.4,3,123.5,100,,,,,,,,,,,,,,
2026-07-02T22:02:40.972248+00:00,2026-07-02T22:02:40.972101,1,2,122.95,0.5,122.7,150,,,,,,,,,,,,,,,,,,,123.2,150,123.4,3,,,,,,,,,,,,,,,,
2026-07-02T22:02:41.027557+00:00,2026-07-02T22:02:41.027497,1,2,122.95,0.5,122.7,250,,,,,,,,,,,,,,,,,,,123.2,150,123.4,3,,,,,,,,,,,,,,,,
2026-07-02T22:02:41.080456+00:00,2026-07-02T22:02:41.080320,1,2,122.95,0.5,122.7,250,,,,,,,,,,,,,,,,,,,123.2,250,123.4,3,,,,,,,,,,,,,,,,
2026-07-02T22:02:41.179828+00:00,2026-07-02T22:02:41.179585,1,2,122.95,0.5,122.7,207,,,,,,,,,,,,,,,,,,,123.2,250,123.4,3,,,,,,,,,,,,,,,,
2026-07-02T22:02:41.514640+00:00,2026-07-02T22:02:41.514950,1,2,122.95,0.5,122.7,207,,,,,,,,,,,,,,,,,,,123.2,200,123.4,3,,,,,,,,,,,,,,,,
2026-07-02T22:02:43.347178+00:00,2026-07-02T22:02:43.347124,1,2,122.95,0.5,122.7,207,,,,,,,,,,,,,,,,,,,123.2,152,123.4,3,,,,,,,,,,,,,,,,
2026-07-02T22:02:43.629429+00:00,2026-07-02T22:02:43.629340,1,2,122.95,0.5,122.7,207,,,,,,,,,,,,,,,,,,,123.2,102,123.4,3,,,,,,,,,,,,,,,,
2026-07-02T22:02:43.683937+00:00,2026-07-02T22:02:43.683905,1,2,122.95,0.5,122.7,100,,,,,,,,,,,,,,,,,,,123.2,100,123.4,3,,,,,,,,,,,,,,,,
2026-07-02T22:02:43.739921+00:00,2026-07-02T22:02:43.740061,2,1,123.3,0.2,123.2,50,122.7,100,,,,,,,,,,,,,,,,,123.4,3,,,,,,,,,,,,,,,,,,
2026-07-02T22:02:43.793489+00:00,2026-07-02T22:02:43.793594,2,2,123.3,0.2,123.2,50,122.7,100,,,,,,,,,,,,,,,,,123.4,3,123.7,150,,,,,,,,,,,,,,,,
2026-07-02T22:02:44.132334+00:00,2026-07-02T22:02:44.132187,1,2,123.3,0.2,123.2,50,,,,,,,,,,,,,,,,,,,123.4,3,123.7,150,,,,,,,,,,,,,,,,
2026-07-02T22:02:44.186973+00:00,2026-07-02T22:02:44.186867,1,2,123.3,0.2,123.2,150,,,,,,,,,,,,,,,,,,,123.4,3,123.7,150,,,,,,,,,,,,,,,,
2026-07-02T22:02:44.240408+00:00,2026-07-02T22:02:44.240479,1,2,123.3,0.2,123.2,150,,,,,,,,,,,,,,,,,,,123.4,3,123.7,250,,,,,,,,,,,,,,,,
2026-07-02T22:02:44.276427+00:00,2026-07-02T22:02:44.276314,1,2,123.3,0.2,123.2,101,,,,,,,,,,,,,,,,,,,123.4,3,123.7,250,,,,,,,,,,,,,,,,
2026-07-02T22:02:44.522905+00:00,2026-07-02T22:02:44.523068,1,2,123.3,0.2,123.2,101,,,,,,,,,,,,,,,,,,,123.4,2,123.7,250,,,,,,,,,,,,,,,,
2026-07-02T22:02:45.781962+00:00,2026-07-02T22:02:45.775398,1,1,123.45,0.5,123.2,89,,,,,,,,,,,,,,,,,,,123.7,202,,,,,,,,,,,,,,,,,,
2026-07-02T22:02:46.819941+00:00,2026-07-02T22:02:46.819779,1,1,123.45,0.5,123.2,89,,,,,,,,,,,,,,,,,,,123.7,159,,,,,,,,,,,,,,,,,,
2026-07-02T22:02:46.846539+00:00,2026-07-02T22:02:46.846406,1,1,123.45,0.5,123.2,89,,,,,,,,,,,,,,,,,,,123.7,100,,,,,,,,,,,,,,,,,,
2026-07-02T22:02:46.908597+00:00,2026-07-02T22:02:46.908559,2,1,123.45,0.5,123.2,89,123.1,3,,,,,,,,,,,,,,,,,123.7,100,,,,,,,,,,,,,,,,,,
2026-07-02T22:02:46.913862+00:00,2026-07-02T22:02:46.913739,3,1,123.45,0.5,123.2,89,123.1,3,122.9,150,,,,,,,,,,,,,,,123.7,100,,,,,,,,,,,,,,,,,,
2026-07-02T22:02:46.958566+00:00,2026-07-02T22:02:46.957851,3,2,123.3,0.2,123.2,89,123.1,3,122.9,150,,,,,,,,,,,,,,,123.4,150,123.7,100,,,,,,,,,,,,,,,,
2026-07-02T22:02:47.294995+00:00,2026-07-02T22:02:47.294935,2,1,123.25,0.3,123.1,3,122.9,150,,,,,,,,,,,,,,,,,123.4,150,,,,,,,,,,,,,,,,,,
2026-07-02T22:02:47.349009+00:00,2026-07-02T22:02:47.348982,2,1,123.25,0.3,123.1,103,122.9,150,,,,,,,,,,,,,,,,,123.4,150,,,,,,,,,,,,,,,,,,
2026-07-02T22:02:47.401593+00:00,2026-07-02T22:02:47.401487,2,2,123.25,0.3,123.1,103,122.9,150,,,,,,,,,,,,,,,,,123.4,150,123.6,100,,,,,,,,,,,,,,,,
2026-07-02T22:02:47.605159+00:00,2026-07-02T22:02:47.605265,2,2,123.25,0.3,123.1,103,122.9,150,,,,,,,,,,,,,,,,,123.4,152,123.6,100,,,,,,,,,,,,,,,,
2026-07-02T22:02:48.819497+00:00,2026-07-02T22:02:48.819409,2,2,123.25,0.3,123.1,103,122.9,150,,,,,,,,,,,,,,,,,123.4,151,123.6,100,,,,,,,,,,,,,,,,
2026-07-02T22:02:48.965760+00:00,2026-07-02T22:02:48.965695,2,2,123.25,0.3,123.1,103,122.9,150,,,,,,,,,,,,,,,,,123.4,150,123.6,100,,,,,,,,,,,,,,,,
2026-07-02T22:02:49.363908+00:00,2026-07-02T22:02:49.363782,2,2,123.25,0.3,123.1,60,122.9,150,,,,,,,,,,,,,,,,,123.4,150,123.6,100,,,,,,,,,,,,,,,,
2026-07-02T22:02:50.019701+00:00,2026-07-02T22:02:50.019609,1,1,123.35,0.5,123.1,60,,,,,,,,,,,,,,,,,,,123.6,100,,,,,,,,,,,,,,,,,,
2026-07-02T22:02:50.024881+00:00,2026-07-02T22:02:50.024803,1,1,123.35,0.5,123.1,10,,,,,,,,,,,,,,,,,,,123.6,100,,,,,,,,,,,,,,,,,,
2026-07-02T22:02:50.069199+00:00,2026-07-02T22:02:50.069149,2,1,123.35,0.5,123.1,10,123.0,150,,,,,,,,,,,,,,,,,123.6,100,,,,,,,,,,,,,,,,,,
2026-07-02T22:02:50.120613+00:00,2026-07-02T22:02:50.120492,2,2,123.3,0.4,123.1,10,123.0,150,,,,,,,,,,,,,,,,,123.5,150,123.6,100,,,,,,,,,,,,,,,,
2026-07-02T22:02:50.458636+00:00,2026-07-02T22:02:50.456383,1,1,123.25,0.5,123.0,150,,,,,,,,,,,,,,,,,,,123.5,150,,,,,,,,,,,,,,,,,,
2026-07-02T22:02:50.509738+00:00,2026-07-02T22:02:50.509684,2,1,123.25,0.5,123.0,150,122.9,100,,,,,,,,,,,,,,,,,123.5,150,,,,,,,,,,,,,,,,,,
2026-07-02T22:02:50.558617+00:00,2026-07-02T22:02:50.556976,2,2,123.2,0.4,123.0,150,122.9,100,,,,,,,,,,,,,,,,,123.4,100,123.5,150,,,,,,,,,,,,,,,,
2026-07-02T22:02:52.130855+00:00,2026-07-02T22:02:52.130702,2,2,123.2,0.4,123.0,100,122.9,100,,,,,,,,,,,,,,,,,123.4,100,123.5,150,,,,,,,,,,,,,,,,
2026-07-02T22:02:53.179411+00:00,2026-07-02T22:02:53.179319,1,1,123.15,0.5,122.9,100,,,,,,,,,,,,,,,,,,,123.4,100,,,,,,,,,,,,,,,,,,
2026-07-02T22:02:53.229827+00:00,2026-07-02T22:02:53.229710,2,1,123.15,0.5,122.9,100,122.6,150,,,,,,,,,,,,,,,,,123.4,100,,,,,,,,,,,,,,,,,,
2026-07-02T22:02:53.293716+00:00,2026-07-02T22:02:53.293686,2,2,123.0,0.2,122.9,100,122.6,150,,,,,,,,,,,,,,,,,123.1,150,123.4,100,,,,,,,,,,,,,,,,
2026-07-02T22:02:53.611994+00:00,2026-07-02T22:02:53.611843,2,1,123.0,0.2,122.9,100,122.6,150,,,,,,,,,,,,,,,,,123.1,150,,,,,,,,,,,,,,,,,,
2026-07-02T22:02:53.617159+00:00,2026-07-02T22:02:53.617024,1,1,122.85,0.5,122.6,150,,,,,,,,,,,,,,,,,,,123.1,150,,,,,,,,,,,,,,,,,,
2026-07-02T22:02:53.669063+00:00,2026-07-02T22:02:53.668872,2,1,122.9,0.4,122.7,100,122.6,150,,,,,,,,,,,,,,,,,123.1,150,,,,,,,,,,,,,,,,,,
2026-07-02T22:02:53.721027+00:00,2026-07-02T22:02:53.720896,2,2,122.9,0.4,122.7,100,122.6,150,,,,,,,,,,,,,,,,,123.1,150,123.2,100,,,,,,,,,,,,,,,,
2026-07-02T22:02:54.184868+00:00,2026-07-02T22:02:54.184821,2,2,122.9,0.4,122.7,100,122.6,150,,,,,,,,,,,,,,,,,123.1,100,123.2,100,,,,,,,,,,,,,,,,
2026-07-02T22:02:55.610896+00:00,2026-07-02T22:02:55.610771,2,2,122.9,0.4,122.7,100,122.6,150,,,,,,,,,,,,,,,,,123.1,56,123.2,100,,,,,,,,,,,,,,,,
2026-07-02T22:02:55.649253+00:00,2026-07-02T22:02:55.649386,2,2,122.9,0.4,122.7,100,122.6,150,,,,,,,,,,,,,,,,,123.1,102,123.2,100,,,,,,,,,,,,,,,,
2026-07-02T22:02:55.654718+00:00,2026-07-02T22:02:55.654622,3,2,122.95,0.3,122.8,4,122.7,100,122.6,150,,,,,,,,,,,,,,,123.1,102,123.2,100,,,,,,,,,,,,,,,,
2026-07-02T22:02:56.291930+00:00,2026-07-02T22:02:56.291860,3,2,122.95,0.3,122.8,4,122.7,100,122.6,150,,,,,,,,,,,,,,,123.1,52,123.2,100,,,,,,,,,,,,,,,,
2026-07-02T22:02:56.347763+00:00,2026-07-02T22:02:56.347683,2,2,122.95,0.3,122.8,4,122.7,100,,,,,,,,,,,,,,,,,123.1,46,123.2,100,,,,,,,,,,,,,,,,
2026-07-02T22:02:56.396091+00:00,2026-07-02T22:02:56.396183,1,2,122.9,0.4,122.7,100,,,,,,,,,,,,,,,,,,,123.1,46,123.2,100,,,,,,,,,,,,,,,,
2026-07-02T22:02:56.401427+00:00,2026-07-02T22:02:56.401386,2,0,,,123.4,4,122.7,100,,,,,,,,,,,,,,,,,,,,,,,,,,,,,,,,,,,,
2026-07-02T22:02:56.474383+00:00,2026-07-02T22:02:56.467731,1,1,123.3,1.2,122.7,100,,,,,,,,,,,,,,,,,,,123.9,150,,,,,,,,,,,,,,,,,,
2026-07-02T22:02:56.531917+00:00,2026-07-02T22:02:56.532032,1,1,123.3,1.2,122.7,100,,,,,,,,,,,,,,,,,,,123.9,148,,,,,,,,,,,,,,,,,,
2026-07-02T22:02:56.773918+00:00,2026-07-02T22:02:56.773844,0,1,,,,,,,,,,,,,,,,,,,,,,,123.9,148,,,,,,,,,,,,,,,,,,
2026-07-02T22:02:56.825911+00:00,2026-07-02T22:02:56.825806,1,1,123.55,0.7,123.2,100,,,,,,,,,,,,,,,,,,,123.9,148,,,,,,,,,,,,,,,,,,
2026-07-02T22:02:56.878236+00:00,2026-07-02T22:02:56.878387,1,2,123.45,0.5,123.2,100,,,,,,,,,,,,,,,,,,,123.7,100,123.9,148,,,,,,,,,,,,,,,,
2026-07-02T22:02:56.932168+00:00,2026-07-02T22:02:56.932361,1,2,123.45,0.5,123.2,98,,,,,,,,,,,,,,,,,,,123.7,100,123.9,148,,,,,,,,,,,,,,,,
2026-07-02T22:02:58.472727+00:00,2026-07-02T22:02:58.472605,1,2,123.45,0.5,123.2,48,,,,,,,,,,,,,,,,,,,123.7,100,123.9,148,,,,,,,,,,,,,,,,
2026-07-02T22:02:59.510355+00:00,2026-07-02T22:02:59.510276,1,1,123.45,0.5,123.2,48,,,,,,,,,,,,,,,,,,,123.7,100,,,,,,,,,,,,,,,,,,
2026-07-02T22:02:59.558568+00:00,2026-07-02T22:02:59.557962,2,1,123.45,0.5,123.2,48,122.8,150,,,,,,,,,,,,,,,,,123.7,100,,,,,,,,,,,,,,,,,,
2026-07-02T22:02:59.625523+00:00,2026-07-02T22:02:59.625401,2,2,123.25,0.1,123.2,48,122.8,150,,,,,,,,,,,,,,,,,123.3,150,123.7,100,,,,,,,,,,,,,,,,
2026-07-02T22:02:59.758679+00:00,2026-07-02T22:02:59.752421,2,2,123.25,0.1,123.2,48,122.8,150,,,,,,,,,,,,,,,,,123.3,153,123.7,100,,,,,,,,,,,,,,,,
2026-07-02T22:02:59.933096+00:00,2026-07-02T22:02:59.933231,1,1,123.05,0.5,122.8,150,,,,,,,,,,,,,,,,,,,123.3,153,,,,,,,,,,,,,,,,,,
2026-07-02T22:02:59.987677+00:00,2026-07-02T22:02:59.987373,2,1,123.2,0.2,123.1,100,122.8,150,,,,,,,,,,,,,,,,,123.3,153,,,,,,,,,,,,,,,,,,
2026-07-02T22:03:00.040922+00:00,2026-07-02T22:03:00.040810,2,2,123.2,0.2,123.1,100,122.8,150,,,,,,,,,,,,,,,,,123.3,153,123.6,100,,,,,,,,,,,,,,,,
2026-07-02T22:03:00.528000+00:00,2026-07-02T22:03:00.527921,2,2,123.2,0.2,123.1,100,122.8,150,,,,,,,,,,,,,,,,,123.3,103,123.6,100,,,,,,,,,,,,,,,,
2026-07-02T22:03:00.758631+00:00,2026-07-02T22:03:00.756790,2,2,123.2,0.2,123.1,100,122.8,150,,,,,,,,,,,,,,,,,123.3,102,123.6,100,,,,,,,,,,,,,,,,
2026-07-02T22:03:01.709784+00:00,2026-07-02T22:03:01.709697,2,2,123.2,0.2,123.1,100,122.8,150,,,,,,,,,,,,,,,,,123.3,101,123.6,100,,,,,,,,,,,,,,,,
2026-07-02T22:03:01.920753+00:00,2026-07-02T22:03:01.920686,2,2,123.2,0.2,123.1,100,122.8,150,,,,,,,,,,,,,,,,,123.3,100,123.6,100,,,,,,,,,,,,,,,,
2026-07-02T22:03:02.634224+00:00,2026-07-02T22:03:02.634374,2,2,123.2,0.2,123.1,100,122.8,150,,,,,,,,,,,,,,,,,123.3,50,123.6,100,,,,,,,,,,,,,,,,
2026-07-02T22:03:02.676442+00:00,2026-07-02T22:03:02.676340,1,1,123.35,0.5,123.1,100,,,,,,,,,,,,,,,,,,,123.6,100,,,,,,,,,,,,,,,,,,
2026-07-02T22:03:02.731444+00:00,2026-07-02T22:03:02.731324,2,1,123.35,0.5,123.1,100,123.0,150,,,,,,,,,,,,,,,,,123.6,100,,,,,,,,,,,,,,,,,,
2026-07-02T22:03:02.799394+00:00,2026-07-02T22:03:02.799191,2,2,123.3,0.4,123.1,100,123.0,150,,,,,,,,,,,,,,,,,123.5,150,123.6,100,,,,,,,,,,,,,,,,
2026-07-02T22:03:03.094767+00:00,2026-07-02T22:03:03.094672,1,1,123.25,0.5,123.0,150,,,,,,,,,,,,,,,,,,,123.5,150,,,,,,,,,,,,,,,,,,
2026-07-02T22:03:03.149151+00:00,2026-07-02T22:03:03.149232,2,1,123.25,0.5,123.0,150,122.9,100,,,,,,,,,,,,,,,,,123.5,150,,,,,,,,,,,,,,,,,,
2026-07-02T22:03:03.201220+00:00,2026-07-02T22:03:03.201385,2,2,123.2,0.4,123.0,150,122.9,100,,,,,,,,,,,,,,,,,123.4,100,123.5,150,,,,,,,,,,,,,,,,
2026-07-02T22:03:04.358612+00:00,2026-07-02T22:03:04.350747,2,2,123.2,0.4,123.0,102,122.9,100,,,,,,,,,,,,,,,,,123.4,100,123.5,150,,,,,,,,,,,,,,,,
2026-07-02T22:03:04.742922+00:00,2026-07-02T22:03:04.742817,2,2,123.2,0.4,123.0,102,122.9,100,,,,,,,,,,,,,,,,,123.4,50,123.5,150,,,,,,,,,,,,,,,,
2026-07-02T22:03:05.851490+00:00,2026-07-02T22:03:05.851414,1,1,123.15,0.5,122.9,100,,,,,,,,,,,,,,,,,,,123.4,50,,,,,,,,,,,,,,,,,,
2026-07-02T22:03:05.904249+00:00,2026-07-02T22:03:05.904331,2,1,123.2,0.4,123.0,150,122.9,100,,,,,,,,,,,,,,,,,123.4,50,,,,,,,,,,,,,,,,,,
2026-07-02T22:03:05.930929+00:00,2026-07-02T22:03:05.931100,2,1,123.2,0.4,123.0,150,122.9,100,,,,,,,,,,,,,,,,,123.4,10,,,,,,,,,,,,,,,,,,
2026-07-02T22:03:05.956929+00:00,2026-07-02T22:03:05.957003,2,2,123.2,0.4,123.0,150,122.9,100,,,,,,,,,,,,,,,,,123.4,10,123.5,150,,,,,,,,,,,,,,,,
2026-07-02T22:03:06.004002+00:00,2026-07-02T22:03:06.003893,2,2,123.2,0.4,123.0,150,122.9,100,,,,,,,,,,,,,,,,,123.4,14,123.5,150,,,,,,,,,,,,,,,,
2026-07-02T22:03:06.275110+00:00,2026-07-02T22:03:06.275020,1,2,123.2,0.4,123.0,150,,,,,,,,,,,,,,,,,,,123.4,4,123.5,150,,,,,,,,,,,,,,,,
2026-07-02T22:03:06.333077+00:00,2026-07-02T22:03:06.332998,2,2,123.35,0.1,123.3,100,123.0,150,,,,,,,,,,,,,,,,,123.4,4,123.5,150,,,,,,,,,,,,,,,,
2026-07-02T22:03:06.385378+00:00,2026-07-02T22:03:06.385330,2,3,123.35,0.1,123.3,100,123.0,150,,,,,,,,,,,,,,,,,123.4,4,123.5,150,123.8,100,,,,,,,,,,,,,,
2026-07-02T22:03:06.427724+00:00,2026-07-02T22:03:06.427604,2,2,123.4,0.2,123.3,100,123.0,150,,,,,,,,,,,,,,,,,123.5,112,123.8,100,,,,,,,,,,,,,,,,
2026-07-02T22:03:09.005727+00:00,2026-07-02T22:03:09.005666,2,2,123.4,0.2,123.3,50,123.0,150,,,,,,,,,,,,,,,,,123.5,112,123.8,100,,,,,,,,,,,,,,,,
2026-07-02T22:03:09.010984+00:00,2026-07-02T22:03:09.010900,1,1,123.55,0.5,123.3,50,,,,,,,,,,,,,,,,,,,123.8,100,,,,,,,,,,,,,,,,,,
2026-07-02T22:03:09.064296+00:00,2026-07-02T22:03:09.064398,2,1,123.55,0.5,123.3,50,123.1,150,,,,,,,,,,,,,,,,,123.8,100,,,,,,,,,,,,,,,,,,
2026-07-02T22:03:09.116733+00:00,2026-07-02T22:03:09.116618,2,2,123.45,0.3,123.3,50,123.1,150,,,,,,,,,,,,,,,,,123.6,150,123.8,100,,,,,,,,,,,,,,,,
2026-07-02T22:03:09.443719+00:00,2026-07-02T22:03:09.443872,1,1,123.35,0.5,123.1,150,,,,,,,,,,,,,,,,,,,123.6,150,,,,,,,,,,,,,,,,,,
2026-07-02T22:03:09.496452+00:00,2026-07-02T22:03:09.496526,1,1,123.35,0.5,123.1,250,,,,,,,,,,,,,,,,,,,123.6,150,,,,,,,,,,,,,,,,,,
2026-07-02T22:03:09.550642+00:00,2026-07-02T22:03:09.550509,1,1,123.35,0.5,123.1,250,,,,,,,,,,,,,,,,,,,123.6,250,,,,,,,,,,,,,,,,,,
2026-07-02T22:03:11.019691+00:00,2026-07-02T22:03:11.019662,1,1,123.35,0.5,123.1,201,,,,,,,,,,,,,,,,,,,123.6,250,,,,,,,,,,,,,,,,,,
2026-07-02T22:03:12.170094+00:00,2026-07-02T22:03:12.169985,1,1,123.35,0.5,123.1,100,,,,,,,,,,,,,,,,,,,123.6,100,,,,,,,,,,,,,,,,,,
2026-07-02T22:03:12.223127+00:00,2026-07-02T22:03:12.223037,1,1,123.35,0.5,123.1,250,,,,,,,,,,,,,,,,,,,123.6,100,,,,,,,,,,,,,,,,,,
2026-07-02T22:03:12.275612+00:00,2026-07-02T22:03:12.275512,1,1,123.35,0.5,123.1,250,,,,,,,,,,,,,,,,,,,123.6,250,,,,,,,,,,,,,,,,,,
2026-07-02T22:03:12.604282+00:00,2026-07-02T22:03:12.604187,1,1,123.35,0.5,123.1,150,,,,,,,,,,,,,,,,,,,123.6,150,,,,,,,,,,,,,,,,,,
2026-07-02T22:03:12.658570+00:00,2026-07-02T22:03:12.655174,2,1,123.45,0.3,123.3,100,123.1,150,,,,,,,,,,,,,,,,,123.6,150,,,,,,,,,,,,,,,,,,
2026-07-02T22:03:12.713257+00:00,2026-07-02T22:03:12.713182,2,2,123.45,0.3,123.3,100,123.1,150,,,,,,,,,,,,,,,,,123.6,150,123.8,100,,,,,,,,,,,,,,,,
2026-07-02T22:03:13.923285+00:00,2026-07-02T22:03:13.923147,2,3,123.4,0.2,123.3,100,123.1,150,,,,,,,,,,,,,,,,,123.5,3,123.6,150,123.8,100,,,,,,,,,,,,,,
2026-07-02T22:03:14.158598+00:00,2026-07-02T22:03:14.156810,3,3,123.4,0.2,123.3,100,123.2,1,123.1,150,,,,,,,,,,,,,,,123.5,3,123.6,150,123.8,100,,,,,,,,,,,,,,
2026-07-02T22:03:14.634482+00:00,2026-07-02T22:03:14.628010,3,3,123.4,0.2,123.3,93,123.2,1,123.1,150,,,,,,,,,,,,,,,123.5,3,123.6,150,123.8,100,,,,,,,,,,,,,,
2026-07-02T22:03:14.878205+00:00,2026-07-02T22:03:14.878153,3,3,123.4,0.2,123.3,93,123.2,1,123.1,150,,,,,,,,,,,,,,,123.5,2,123.6,150,123.8,100,,,,,,,,,,,,,,
2026-07-02T22:03:15.280857+00:00,2026-07-02T22:03:15.280789,3,2,123.45,0.3,123.3,93,123.2,1,123.1,150,,,,,,,,,,,,,,,123.6,102,123.8,100,,,,,,,,,,,,,,,,
2026-07-02T22:03:15.303308+00:00,2026-07-02T22:03:15.303250,3,3,123.4,0.2,123.3,93,123.2,1,123.1,150,,,,,,,,,,,,,,,123.5,2,123.6,102,123.8,100,,,,,,,,,,,,,,
2026-07-02T22:03:15.325687+00:00,2026-07-02T22:03:15.325567,3,2,123.4,0.2,123.3,93,123.2,1,123.1,150,,,,,,,,,,,,,,,123.5,2,123.8,100,,,,,,,,,,,,,,,,
2026-07-02T22:03:15.330806+00:00,2026-07-02T22:03:15.330713,2,2,123.4,0.2,123.3,93,123.2,1,,,,,,,,,,,,,,,,,123.5,2,123.8,100,,,,,,,,,,,,,,,,
2026-07-02T22:03:15.379907+00:00,2026-07-02T22:03:15.379992,3,2,123.4,0.2,123.3,93,123.2,1,123.0,150,,,,,,,,,,,,,,,123.5,2,123.8,100,,,,,,,,,,,,,,,,
2026-07-02T22:03:15.426844+00:00,2026-07-02T22:03:15.427121,3,2,123.4,0.2,123.3,93,123.2,1,123.0,150,,,,,,,,,,,,,,,123.5,152,123.8,100,,,,,,,,,,,,,,,,
2026-07-02T22:03:15.763973+00:00,2026-07-02T22:03:15.763921,2,1,123.35,0.3,123.2,1,123.0,150,,,,,,,,,,,,,,,,,123.5,152,,,,,,,,,,,,,,,,,,
2026-07-02T22:03:15.821894+00:00,2026-07-02T22:03:15.821797,3,1,123.35,0.3,123.2,1,123.1,100,123.0,150,,,,,,,,,,,,,,,123.5,152,,,,,,,,,,,,,,,,,,
2026-07-02T22:03:15.874375+00:00,2026-07-02T22:03:15.874140,3,2,123.35,0.3,123.2,1,123.1,100,123.0,150,,,,,,,,,,,,,,,123.5,152,123.6,100,,,,,,,,,,,,,,,,
2026-07-02T22:03:17.388924+00:00,2026-07-02T22:03:17.388784,3,2,123.35,0.3,123.2,1,123.1,100,123.0,150,,,,,,,,,,,,,,,123.5,102,123.6,100,,,,,,,,,,,,,,,,
2026-07-02T22:03:17.695955+00:00,2026-07-02T22:03:17.696089,2,2,123.3,0.4,123.1,59,123.0,150,,,,,,,,,,,,,,,,,123.5,102,123.6,100,,,,,,,,,,,,,,,,
2026-07-02T22:03:18.491014+00:00,2026-07-02T22:03:18.490945,1,1,123.35,0.5,123.1,59,,,,,,,,,,,,,,,,,,,123.6,100,,,,,,,,,,,,,,,,,,
2026-07-02T22:03:18.545636+00:00,2026-07-02T22:03:18.545585,2,1,123.45,0.3,123.3,150,123.1,59,,,,,,,,,,,,,,,,,123.6,100,,,,,,,,,,,,,,,,,,
2026-07-02T22:03:18.597919+00:00,2026-07-02T22:03:18.598010,2,2,123.45,0.3,123.3,150,123.1,59,,,,,,,,,,,,,,,,,123.6,100,123.8,150,,,,,,,,,,,,,,,,
2026-07-02T22:03:18.928964+00:00,2026-07-02T22:03:18.928837,1,1,123.55,0.5,123.3,150,,,,,,,,,,,,,,,,,,,123.8,150,,,,,,,,,,,,,,,,,,
2026-07-02T22:03:18.984718+00:00,2026-07-02T22:03:18.984631,2,1,123.55,0.5,123.3,150,123.1,100,,,,,,,,,,,,,,,,,123.8,150,,,,,,,,,,,,,,,,,,
2026-07-02T22:03:19.045979+00:00,2026-07-02T22:03:19.045908,2,2,123.45,0.3,123.3,150,123.1,100,,,,,,,,,,,,,,,,,123.6,100,123.8,150,,,,,,,,,,,,,,,,
2026-07-02T22:03:19.402596+00:00,2026-07-02T22:03:19.402437,2,2,123.45,0.3,123.3,150,123.1,100,,,,,,,,,,,,,,,,,123.6,103,123.8,150,,,,,,,,,,,,,,,,
2026-07-02T22:03:19.781809+00:00,2026-07-02T22:03:19.781676,2,2,123.45,0.3,123.3,101,123.1,100,,,,,,,,,,,,,,,,,123.6,103,123.8,150,,,,,,,,,,,,,,,,
2026-07-02T22:03:21.347278+00:00,2026-07-02T22:03:21.347206,2,2,123.45,0.3,123.3,101,123.1,100,,,,,,,,,,,,,,,,,123.6,102,123.8,150,,,,,,,,,,,,,,,,
2026-07-02T22:03:21.599932+00:00,2026-07-02T22:03:21.599894,2,2,123.45,0.3,123.3,101,123.1,100,,,,,,,,,,,,,,,,,123.6,52,123.8,150,,,,,,,,,,,,,,,,
2026-07-02T22:03:21.652365+00:00,2026-07-02T22:03:21.652250,1,1,123.35,0.5,123.1,100,,,,,,,,,,,,,,,,,,,123.6,52,,,,,,,,,,,,,,,,,,
2026-07-02T22:03:21.707199+00:00,2026-07-02T22:03:21.707139,1,1,123.35,0.5,123.1,250,,,,,,,,,,,,,,,,,,,123.6,52,,,,,,,,,,,,,,,,,,
2026-07-02T22:03:21.758630+00:00,2026-07-02T22:03:21.754317,1,1,123.35,0.5,123.1,250,,,,,,,,,,,,,,,,,,,123.6,202,,,,,,,,,,,,,,,,,,
2026-07-02T22:03:22.099885+00:00,2026-07-02T22:03:22.099794,1,1,123.35,0.5,123.1,150,,,,,,,,,,,,,,,,,,,123.6,152,,,,,,,,,,,,,,,,,,
2026-07-02T22:03:22.154651+00:00,2026-07-02T22:03:22.154495,1,1,123.35,0.5,123.1,250,,,,,,,,,,,,,,,,,,,123.6,152,,,,,,,,,,,,,,,,,,
2026-07-02T22:03:22.209184+00:00,2026-07-02T22:03:22.209058,1,1,123.35,0.5,123.1,250,,,,,,,,,,,,,,,,,,,123.6,252,,,,,,,,,,,,,,,,,,
2026-07-02T22:03:23.706734+00:00,2026-07-02T22:03:23.706684,1,1,123.35,0.5,123.1,250,,,,,,,,,,,,,,,,,,,123.6,202,,,,,,,,,,,,,,,,,,
2026-07-02T22:03:23.885037+00:00,2026-07-02T22:03:23.884911,1,1,123.35,0.5,123.1,250,,,,,,,,,,,,,,,,,,,123.6,155,,,,,,,,,,,,,,,,,,
2026-07-02T22:03:24.447099+00:00,2026-07-02T22:03:24.446844,2,1,123.45,0.3,123.3,4,123.1,250,,,,,,,,,,,,,,,,,123.6,155,,,,,,,,,,,,,,,,,,
2026-07-02T22:03:24.813604+00:00,2026-07-02T22:03:24.813721,2,1,123.45,0.3,123.3,4,123.1,100,,,,,,,,,,,,,,,,,123.6,100,,,,,,,,,,,,,,,,,,
