recv_time,book_timestamp,n_bids,n_asks,mid,spread,bid_px_0,bid_vol_0,bid_px_1,bid_vol_1,bid_px_2,bid_vol_2,bid_px_3,bid_vol_3,bid_px_4,bid_vol_4,bid_px_5,bid_vol_5,bid_px_6,bid_vol_6,bid_px_7,bid_vol_7,bid_px_8,bid_vol_8,bid_px_9,bid_vol_9,ask_px_0,ask_vol_0,ask_px_1,ask_vol_1,ask_px_2,ask_vol_2,ask_px_3,ask_vol_3,ask_px_4,ask_vol_4,ask_px_5,ask_vol_5,ask_px_6,ask_vol_6,ask_px_7,ask_vol_7,ask_px_8,ask_vol_8,ask_px_9,ask_vol_9
2026-07-08T21:00:00.673449+00:00,2026-07-08T21:00:00.652653,1,1,145.15,0.5,144.9,100,,,,,,,,,,,,,,,,,,,145.4,100,,,,,,,,,,,,,,,,,,
2026-07-08T21:00:00.715467+00:00,2026-07-08T21:00:00.705767,2,1,145.15,0.5,144.9,100,144.6,150,,,,,,,,,,,,,,,,,145.4,100,,,,,,,,,,,,,,,,,,
2026-07-08T21:00:00.774384+00:00,2026-07-08T21:00:00.774278,2,2,145.0,0.2,144.9,100,144.6,150,,,,,,,,,,,,,,,,,145.1,150,145.4,100,,,,,,,,,,,,,,,,
2026-07-08T21:00:02.114757+00:00,2026-07-08T21:00:02.040971,2,2,145.0,0.2,144.9,100,144.6,150,,,,,,,,,,,,,,,,,145.1,100,145.4,100,,,,,,,,,,,,,,,,
2026-07-08T21:00:02.732508+00:00,2026-07-08T21:00:02.732384,1,1,144.85,0.5,144.6,150,,,,,,,,,,,,,,,,,,,145.1,100,,,,,,,,,,,,,,,,,,
2026-07-08T21:00:02.785593+00:00,2026-07-08T21:00:02.785476,2,1,145.0,0.2,144.9,100,144.6,150,,,,,,,,,,,,,,,,,145.1,100,,,,,,,,,,,,,,,,,,
2026-07-08T21:00:02.821753+00:00,2026-07-08T21:00:02.821916,2,1,145.0,0.2,144.9,56,144.6,150,,,,,,,,,,,,,,,,,145.1,100,,,,,,,,,,,,,,,,,,
2026-07-08T21:00:02.853536+00:00,2026-07-08T21:00:02.853372,2,2,145.0,0.2,144.9,56,144.6,150,,,,,,,,,,,,,,,,,145.1,100,145.4,100,,,,,,,,,,,,,,,,
2026-07-08T21:00:03.824942+00:00,2026-07-08T21:00:03.824826,1,1,145.15,0.5,144.9,56,,,,,,,,,,,,,,,,,,,145.4,100,,,,,,,,,,,,,,,,,,
2026-07-08T21:00:03.878326+00:00,2026-07-08T21:00:03.878242,2,1,145.15,0.5,144.9,56,144.8,150,,,,,,,,,,,,,,,,,145.4,100,,,,,,,,,,,,,,,,,,
2026-07-08T21:00:03.927653+00:00,2026-07-08T21:00:03.927565,2,2,145.1,0.4,144.9,56,144.8,150,,,,,,,,,,,,,,,,,145.3,150,145.4,100,,,,,,,,,,,,,,,,
2026-07-08T21:00:04.203285+00:00,2026-07-08T21:00:04.203237,2,2,145.1,0.4,144.9,6,144.8,150,,,,,,,,,,,,,,,,,145.3,150,145.4,100,,,,,,,,,,,,,,,,
2026-07-08T21:00:04.439098+00:00,2026-07-08T21:00:04.438965,2,2,145.1,0.4,144.9,6,144.8,150,,,,,,,,,,,,,,,,,145.3,110,145.4,100,,,,,,,,,,,,,,,,
2026-07-08T21:00:05.912341+00:00,2026-07-08T21:00:05.912261,2,1,145.1,0.4,144.9,6,144.8,150,,,,,,,,,,,,,,,,,145.3,110,,,,,,,,,,,,,,,,,,
2026-07-08T21:00:05.917634+00:00,2026-07-08T21:00:05.917456,1,1,145.05,0.5,144.8,150,,,,,,,,,,,,,,,,,,,145.3,110,,,,,,,,,,,,,,,,,,
2026-07-08T21:00:05.971437+00:00,2026-07-08T21:00:05.971317,2,1,145.05,0.5,144.8,150,144.6,100,,,,,,,,,,,,,,,,,145.3,110,,,,,,,,,,,,,,,,,,
2026-07-08T21:00:06.021548+00:00,2026-07-08T21:00:06.021448,2,2,144.95,0.3,144.8,150,144.6,100,,,,,,,,,,,,,,,,,145.1,100,145.3,110,,,,,,,,,,,,,,,,
2026-07-08T21:00:06.312019+00:00,2026-07-08T21:00:06.311966,2,2,144.95,0.3,144.8,100,144.6,100,,,,,,,,,,,,,,,,,145.1,100,145.3,110,,,,,,,,,,,,,,,,
2026-07-08T21:00:06.981695+00:00,2026-07-08T21:00:06.981536,2,1,144.95,0.3,144.8,100,144.6,100,,,,,,,,,,,,,,,,,145.1,100,,,,,,,,,,,,,,,,,,
2026-07-08T21:00:06.986867+00:00,2026-07-08T21:00:06.986707,1,1,144.85,0.5,144.6,100,,,,,,,,,,,,,,,,,,,145.1,100,,,,,,,,,,,,,,,,,,
2026-07-08T21:00:07.037543+00:00,2026-07-08T21:00:07.037470,2,1,145.0,0.2,144.9,150,144.6,100,,,,,,,,,,,,,,,,,145.1,100,,,,,,,,,,,,,,,,,,
2026-07-08T21:00:07.110589+00:00,2026-07-08T21:00:07.110480,2,2,145.0,0.2,144.9,150,144.6,100,,,,,,,,,,,,,,,,,145.1,100,145.4,150,,,,,,,,,,,,,,,,
2026-07-08T21:00:08.428414+00:00,2026-07-08T21:00:08.428290,2,2,145.0,0.2,144.9,100,144.6,100,,,,,,,,,,,,,,,,,145.1,100,145.4,150,,,,,,,,,,,,,,,,
2026-07-08T21:00:08.515035+00:00,2026-07-08T21:00:08.515190,2,2,145.0,0.2,144.9,100,144.6,100,,,,,,,,,,,,,,,,,145.1,60,145.4,150,,,,,,,,,,,,,,,,
2026-07-08T21:00:09.077058+00:00,2026-07-08T21:00:09.077025,1,1,145.15,0.5,144.9,100,,,,,,,,,,,,,,,,,,,145.4,150,,,,,,,,,,,,,,,,,,
2026-07-08T21:00:09.134118+00:00,2026-07-08T21:00:09.134007,2,1,145.15,0.5,144.9,100,144.7,100,,,,,,,,,,,,,,,,,145.4,150,,,,,,,,,,,,,,,,,,
2026-07-08T21:00:09.186978+00:00,2026-07-08T21:00:09.186908,2,2,145.05,0.3,144.9,100,144.7,100,,,,,,,,,,,,,,,,,145.2,100,145.4,150,,,,,,,,,,,,,,,,
2026-07-08T21:00:10.190401+00:00,2026-07-08T21:00:10.190299,1,1,144.95,0.5,144.7,100,,,,,,,,,,,,,,,,,,,145.2,100,,,,,,,,,,,,,,,,,,
2026-07-08T21:00:10.246235+00:00,2026-07-08T21:00:10.246322,2,1,144.95,0.5,144.7,100,144.5,150,,,,,,,,,,,,,,,,,145.2,100,,,,,,,,,,,,,,,,,,
2026-07-08T21:00:10.299936+00:00,2026-07-08T21:00:10.299815,2,2,144.85,0.3,144.7,100,144.5,150,,,,,,,,,,,,,,,,,145.0,150,145.2,100,,,,,,,,,,,,,,,,
2026-07-08T21:00:10.533080+00:00,2026-07-08T21:00:10.533039,2,2,144.85,0.3,144.7,50,144.5,150,,,,,,,,,,,,,,,,,145.0,150,145.2,100,,,,,,,,,,,,,,,,
2026-07-08T21:00:12.241102+00:00,2026-07-08T21:00:12.241070,1,1,144.75,0.5,144.5,150,,,,,,,,,,,,,,,,,,,145.0,150,,,,,,,,,,,,,,,,,,
2026-07-08T21:00:12.296141+00:00,2026-07-08T21:00:12.296080,2,1,144.85,0.3,144.7,58,144.5,150,,,,,,,,,,,,,,,,,145.0,150,,,,,,,,,,,,,,,,,,
2026-07-08T21:00:12.349245+00:00,2026-07-08T21:00:12.349192,2,2,144.85,0.3,144.7,58,144.5,150,,,,,,,,,,,,,,,,,145.0,150,145.2,100,,,,,,,,,,,,,,,,
2026-07-08T21:00:12.640059+00:00,2026-07-08T21:00:12.639955,2,2,144.85,0.3,144.7,8,144.5,150,,,,,,,,,,,,,,,,,145.0,150,145.2,100,,,,,,,,,,,,,,,,
2026-07-08T21:00:12.920033+00:00,2026-07-08T21:00:12.919943,2,2,144.85,0.3,144.7,8,144.5,150,,,,,,,,,,,,,,,,,145.0,105,145.2,100,,,,,,,,,,,,,,,,
2026-07-08T21:00:13.353849+00:00,2026-07-08T21:00:13.353976,1,1,144.95,0.5,144.7,8,,,,,,,,,,,,,,,,,,,145.2,100,,,,,,,,,,,,,,,,,,
2026-07-08T21:00:13.407519+00:00,2026-07-08T21:00:13.407469,1,1,144.95,0.5,144.7,158,,,,,,,,,,,,,,,,,,,145.2,100,,,,,,,,,,,,,,,,,,
2026-07-08T21:00:13.460744+00:00,2026-07-08T21:00:13.460654,1,1,144.95,0.5,144.7,158,,,,,,,,,,,,,,,,,,,145.2,250,,,,,,,,,,,,,,,,,,
2026-07-08T21:00:14.748715+00:00,2026-07-08T21:00:14.748588,1,1,144.95,0.5,144.7,108,,,,,,,,,,,,,,,,,,,145.2,250,,,,,,,,,,,,,,,,,,
2026-07-08T21:00:15.403368+00:00,2026-07-08T21:00:15.403264,1,1,144.95,0.5,144.7,108,,,,,,,,,,,,,,,,,,,145.2,150,,,,,,,,,,,,,,,,,,
2026-07-08T21:00:15.458621+00:00,2026-07-08T21:00:15.451363,2,1,144.95,0.5,144.7,108,144.1,100,,,,,,,,,,,,,,,,,145.2,150,,,,,,,,,,,,,,,,,,
2026-07-08T21:00:15.509405+00:00,2026-07-08T21:00:15.509374,2,1,144.95,0.5,144.7,8,144.1,100,,,,,,,,,,,,,,,,,145.2,150,,,,,,,,,,,,,,,,,,
2026-07-08T21:00:16.055159+00:00,2026-07-08T21:00:16.055321,1,1,144.65,1.1,144.1,68,,,,,,,,,,,,,,,,,,,145.2,150,,,,,,,,,,,,,,,,,,
2026-07-08T21:00:16.514755+00:00,2026-07-08T21:00:16.514710,1,0,,,144.1,68,,,,,,,,,,,,,,,,,,,,,,,,,,,,,,,,,,,,,,
2026-07-08T21:00:16.571063+00:00,2026-07-08T21:00:16.570982,2,0,,,144.1,68,143.9,150,,,,,,,,,,,,,,,,,,,,,,,,,,,,,,,,,,,,
2026-07-08T21:00:16.623204+00:00,2026-07-08T21:00:16.623132,2,1,144.25,0.3,144.1,68,143.9,150,,,,,,,,,,,,,,,,,144.4,150,,,,,,,,,,,,,,,,,,
2026-07-08T21:00:16.632276+00:00,2026-07-08T21:00:16.626926,2,1,144.25,0.3,144.1,68,143.9,150,,,,,,,,,,,,,,,,,144.4,85,,,,,,,,,,,,,,,,,,
2026-07-08T21:00:16.805875+00:00,2026-07-08T21:00:16.805807,2,1,144.25,0.3,144.1,68,143.9,150,,,,,,,,,,,,,,,,,144.4,35,,,,,,,,,,,,,,,,,,
2026-07-08T21:00:17.220345+00:00,2026-07-08T21:00:17.220186,2,1,144.25,0.3,144.1,26,143.9,150,,,,,,,,,,,,,,,,,144.4,35,,,,,,,,,,,,,,,,,,
2026-07-08T21:00:18.558634+00:00,2026-07-08T21:00:18.556831,1,1,144.15,0.5,143.9,150,,,,,,,,,,,,,,,,,,,144.4,35,,,,,,,,,,,,,,,,,,
2026-07-08T21:00:18.617882+00:00,2026-07-08T21:00:18.617792,2,1,144.15,0.5,143.9,150,143.8,100,,,,,,,,,,,,,,,,,144.4,35,,,,,,,,,,,,,,,,,,
2026-07-08T21:00:18.670187+00:00,2026-07-08T21:00:18.670099,2,2,144.1,0.4,143.9,150,143.8,100,,,,,,,,,,,,,,,,,144.3,100,144.4,35,,,,,,,,,,,,,,,,
2026-07-08T21:00:18.770276+00:00,2026-07-08T21:00:18.770165,2,2,144.1,0.4,143.9,150,143.8,100,,,,,,,,,,,,,,,,,144.3,54,144.4,35,,,,,,,,,,,,,,,,
2026-07-08T21:00:18.915595+00:00,2026-07-08T21:00:18.915561,2,2,144.1,0.4,143.9,150,143.8,100,,,,,,,,,,,,,,,,,144.3,4,144.4,35,,,,,,,,,,,,,,,,
2026-07-08T21:00:19.263995+00:00,2026-07-08T21:00:19.263874,2,2,144.1,0.4,143.9,102,143.8,100,,,,,,,,,,,,,,,,,144.3,4,144.4,35,,,,,,,,,,,,,,,,
2026-07-08T21:00:19.684427+00:00,2026-07-08T21:00:19.684348,1,1,144.05,0.5,143.8,100,,,,,,,,,,,,,,,,,,,144.3,4,,,,,,,,,,,,,,,,,,
2026-07-08T21:00:19.738975+00:00,2026-07-08T21:00:19.738835,2,1,144.1,0.4,143.9,150,143.8,100,,,,,,,,,,,,,,,,,144.3,4,,,,,,,,,,,,,,,,,,
2026-07-08T21:00:19.813814+00:00,2026-07-08T21:00:19.813748,2,2,144.1,0.4,143.9,150,143.8,100,,,,,,,,,,,,,,,,,144.3,4,144.4,150,,,,,,,,,,,,,,,,
2026-07-08T21:00:19.836803+00:00,2026-07-08T21:00:19.836729,2,1,144.15,0.5,143.9,150,143.8,100,,,,,,,,,,,,,,,,,144.4,110,,,,,,,,,,,,,,,,,,
2026-07-08T21:00:21.022739+00:00,2026-07-08T21:00:21.022882,2,1,144.15,0.5,143.9,150,143.8,100,,,,,,,,,,,,,,,,,144.4,60,,,,,,,,,,,,,,,,,,
2026-07-08T21:00:21.726774+00:00,2026-07-08T21:00:21.726660,1,1,144.15,0.5,143.9,150,,,,,,,,,,,,,,,,,,,144.4,60,,,,,,,,,,,,,,,,,,
2026-07-08T21:00:21.777400+00:00,2026-07-08T21:00:21.777308,2,1,144.25,0.3,144.1,100,143.9,150,,,,,,,,,,,,,,,,,144.4,60,,,,,,,,,,,,,,,,,,
2026-07-08T21:00:21.833749+00:00,2026-07-08T21:00:21.833628,2,2,144.25,0.3,144.1,100,143.9,150,,,,,,,,,,,,,,,,,144.4,60,144.6,100,,,,,,,,,,,,,,,,
2026-07-08T21:00:22.307339+00:00,2026-07-08T21:00:22.307284,2,2,144.25,0.3,144.1,60,143.9,150,,,,,,,,,,,,,,,,,144.4,60,144.6,100,,,,,,,,,,,,,,,,
2026-07-08T21:00:22.868730+00:00,2026-07-08T21:00:22.868952,1,1,144.35,0.5,144.1,60,,,,,,,,,,,,,,,,,,,144.6,100,,,,,,,,,,,,,,,,,,
2026-07-08T21:00:22.924589+00:00,2026-07-08T21:00:22.924526,1,1,144.35,0.5,144.1,210,,,,,,,,,,,,,,,,,,,144.6,100,,,,,,,,,,,,,,,,,,
2026-07-08T21:00:22.977045+00:00,2026-07-08T21:00:22.976864,1,1,144.35,0.5,144.1,210,,,,,,,,,,,,,,,,,,,144.6,250,,,,,,,,,,,,,,,,,,
2026-07-08T21:00:23.303709+00:00,2026-07-08T21:00:23.297251,1,1,144.35,0.5,144.1,198,,,,,,,,,,,,,,,,,,,144.6,250,,,,,,,,,,,,,,,,,,
2026-07-08T21:00:23.819523+00:00,2026-07-08T21:00:23.819687,1,1,144.35,0.5,144.1,152,,,,,,,,,,,,,,,,,,,144.6,250,,,,,,,,,,,,,,,,,,
2026-07-08T21:00:24.884627+00:00,2026-07-08T21:00:24.884791,1,1,144.35,0.5,144.1,150,,,,,,,,,,,,,,,,,,,144.6,150,,,,,,,,,,,,,,,,,,
2026-07-08T21:00:24.937993+00:00,2026-07-08T21:00:24.937882,2,1,144.35,0.5,144.1,150,143.6,100,,,,,,,,,,,,,,,,,144.6,150,,,,,,,,,,,,,,,,,,
2026-07-08T21:00:24.989871+00:00,2026-07-08T21:00:24.989735,2,1,144.35,0.5,144.1,50,143.6,100,,,,,,,,,,,,,,,,,144.6,150,,,,,,,,,,,,,,,,,,
2026-07-08T21:00:25.229127+00:00,2026-07-08T21:00:25.229048,2,1,144.35,0.5,144.1,50,143.6,100,,,,,,,,,,,,,,,,,144.6,52,,,,,,,,,,,,,,,,,,
2026-07-08T21:00:26.032085+00:00,2026-07-08T21:00:26.032009,1,0,,,143.6,100,,,,,,,,,,,,,,,,,,,,,,,,,,,,,,,,,,,,,,
2026-07-08T21:00:26.086448+00:00,2026-07-08T21:00:26.086559,2,0,,,144.1,150,143.6,100,,,,,,,,,,,,,,,,,,,,,,,,,,,,,,,,,,,,
2026-07-08T21:00:26.137140+00:00,2026-07-08T21:00:26.137024,2,1,144.35,0.5,144.1,150,143.6,100,,,,,,,,,,,,,,,,,144.6,150,,,,,,,,,,,,,,,,,,
2026-07-08T21:00:27.339728+00:00,2026-07-08T21:00:27.339612,2,1,144.35,0.5,144.1,150,143.6,100,,,,,,,,,,,,,,,,,144.6,100,,,,,,,,,,,,,,,,,,
2026-07-08T21:00:28.058796+00:00,2026-07-08T21:00:28.058666,1,1,144.35,0.5,144.1,150,,,,,,,,,,,,,,,,,,,144.6,100,,,,,,,,,,,,,,,,,,
2026-07-08T21:00:28.102450+00:00,2026-07-08T21:00:28.102406,2,1,144.35,0.5,144.1,150,144.0,100,,,,,,,,,,,,,,,,,144.6,100,,,,,,,,,,,,,,,,,,
2026-07-08T21:00:28.158616+00:00,2026-07-08T21:00:28.153250,2,2,144.3,0.4,144.1,150,144.0,100,,,,,,,,,,,,,,,,,144.5,100,144.6,100,,,,,,,,,,,,,,,,
2026-07-08T21:00:29.195528+00:00,2026-07-08T21:00:29.195500,1,1,144.25,0.5,144.0,100,,,,,,,,,,,,,,,,,,,144.5,100,,,,,,,,,,,,,,,,,,
2026-07-08T21:00:29.248229+00:00,2026-07-08T21:00:29.248408,2,1,144.35,0.3,144.2,150,144.0,100,,,,,,,,,,,,,,,,,144.5,100,,,,,,,,,,,,,,,,,,
2026-07-08T21:00:29.259234+00:00,2026-07-08T21:00:29.252876,2,1,144.35,0.3,144.2,139,144.0,100,,,,,,,,,,,,,,,,,144.5,100,,,,,,,,,,,,,,,,,,
2026-07-08T21:00:29.302079+00:00,2026-07-08T21:00:29.302011,2,2,144.35,0.3,144.2,139,144.0,100,,,,,,,,,,,,,,,,,144.5,100,144.7,150,,,,,,,,,,,,,,,,
2026-07-08T21:00:29.447218+00:00,2026-07-08T21:00:29.447103,2,2,144.35,0.3,144.2,139,144.0,100,,,,,,,,,,,,,,,,,144.5,50,144.7,150,,,,,,,,,,,,,,,,
2026-07-08T21:00:31.104350+00:00,2026-07-08T21:00:31.104204,2,2,144.35,0.3,144.2,90,144.0,100,,,,,,,,,,,,,,,,,144.5,50,144.7,150,,,,,,,,,,,,,,,,
2026-07-08T21:00:31.208489+00:00,2026-07-08T21:00:31.208399,1,1,144.45,0.5,144.2,90,,,,,,,,,,,,,,,,,,,144.7,150,,,,,,,,,,,,,,,,,,
2026-07-08T21:00:31.258620+00:00,2026-07-08T21:00:31.258087,2,1,144.45,0.5,144.2,90,144.1,100,,,,,,,,,,,,,,,,,144.7,150,,,,,,,,,,,,,,,,,,
2026-07-08T21:00:31.315992+00:00,2026-07-08T21:00:31.315939,2,2,144.4,0.4,144.2,90,144.1,100,,,,,,,,,,,,,,,,,144.6,100,144.7,150,,,,,,,,,,,,,,,,
2026-07-08T21:00:31.558592+00:00,2026-07-08T21:00:31.556489,2,2,144.4,0.4,144.2,90,144.1,100,,,,,,,,,,,,,,,,,144.6,50,144.7,150,,,,,,,,,,,,,,,,
2026-07-08T21:00:32.353690+00:00,2026-07-08T21:00:32.353643,1,1,144.35,0.5,144.1,100,,,,,,,,,,,,,,,,,,,144.6,50,,,,,,,,,,,,,,,,,,
2026-07-08T21:00:32.412683+00:00,2026-07-08T21:00:32.412499,1,1,144.35,0.5,144.1,250,,,,,,,,,,,,,,,,,,,144.6,50,,,,,,,,,,,,,,,,,,
2026-07-08T21:00:32.466140+00:00,2026-07-08T21:00:32.465989,1,1,144.35,0.5,144.1,250,,,,,,,,,,,,,,,,,,,144.6,200,,,,,,,,,,,,,,,,,,
2026-07-08T21:00:33.722720+00:00,2026-07-08T21:00:33.722656,1,1,144.35,0.5,144.1,200,,,,,,,,,,,,,,,,,,,144.6,200,,,,,,,,,,,,,,,,,,
2026-07-08T21:00:34.379656+00:00,2026-07-08T21:00:34.379474,1,1,144.35,0.5,144.1,150,,,,,,,,,,,,,,,,,,,144.6,150,,,,,,,,,,,,,,,,,,
2026-07-08T21:00:34.434516+00:00,2026-07-08T21:00:34.434430,1,1,144.35,0.5,144.1,250,,,,,,,,,,,,,,,,,,,144.6,150,,,,,,,,,,,,,,,,,,
2026-07-08T21:00:34.487174+00:00,2026-07-08T21:00:34.487112,1,1,144.35,0.5,144.1,250,,,,,,,,,,,,,,,,,,,144.6,250,,,,,,,,,,,,,,,,,,
2026-07-08T21:00:35.518297+00:00,2026-07-08T21:00:35.518262,1,1,144.35,0.5,144.1,100,,,,,,,,,,,,,,,,,,,144.6,100,,,,,,,,,,,,,,,,,,
2026-07-08T21:00:35.579700+00:00,2026-07-08T21:00:35.579497,2,1,144.35,0.5,144.1,100,144.0,150,,,,,,,,,,,,,,,,,144.6,100,,,,,,,,,,,,,,,,,,
2026-07-08T21:00:35.632093+00:00,2026-07-08T21:00:35.632017,2,2,144.3,0.4,144.1,100,144.0,150,,,,,,,,,,,,,,,,,144.5,150,144.6,100,,,,,,,,,,,,,,,,
2026-07-08T21:00:35.827839+00:00,2026-07-08T21:00:35.827793,2,2,144.3,0.4,144.1,50,144.0,150,,,,,,,,,,,,,,,,,144.5,150,144.6,100,,,,,,,,,,,,,,,,
2026-07-08T21:00:37.410734+00:00,2026-07-08T21:00:37.410873,2,2,144.3,0.4,144.1,50,144.0,150,,,,,,,,,,,,,,,,,144.5,108,144.6,100,,,,,,,,,,,,,,,,
2026-07-08T21:00:37.541470+00:00,2026-07-08T21:00:37.541621,1,1,144.25,0.5,144.0,150,,,,,,,,,,,,,,,,,,,144.5,108,,,,,,,,,,,,,,,,,,
2026-07-08T21:00:37.595967+00:00,2026-07-08T21:00:37.595889,1,1,144.25,0.5,144.0,250,,,,,,,,,,,,,,,,,,,144.5,108,,,,,,,,,,,,,,,,,,
2026-07-08T21:00:37.649092+00:00,2026-07-08T21:00:37.648999,1,1,144.25,0.5,144.0,250,,,,,,,,,,,,,,,,,,,144.5,208,,,,,,,,,,,,,,,,,,
2026-07-08T21:00:38.688312+00:00,2026-07-08T21:00:38.688206,1,1,144.25,0.5,144.0,100,,,,,,,,,,,,,,,,,,,144.5,100,,,,,,,,,,,,,,,,,,
2026-07-08T21:00:38.743288+00:00,2026-07-08T21:00:38.743406,2,1,144.35,0.3,144.2,150,144.0,100,,,,,,,,,,,,,,,,,144.5,100,,,,,,,,,,,,,,,,,,
2026-07-08T21:00:38.796660+00:00,2026-07-08T21:00:38.796463,2,2,144.35,0.3,144.2,150,144.0,100,,,,,,,,,,,,,,,,,144.5,100,144.7,150,,,,,,,,,,,,,,,,
2026-07-08T21:00:39.022081+00:00,2026-07-08T21:00:39.021932,2,2,144.35,0.3,144.2,106,144.0,100,,,,,,,,,,,,,,,,,144.5,100,144.7,150,,,,,,,,,,,,,,,,
2026-07-08T21:00:40.041161+00:00,2026-07-08T21:00:40.040981,2,2,144.35,0.3,144.2,56,144.0,100,,,,,,,,,,,,,,,,,144.5,100,144.7,150,,,,,,,,,,,,,,,,
2026-07-08T21:00:40.699122+00:00,2026-07-08T21:00:40.698993,2,1,144.45,0.5,144.2,56,144.0,100,,,,,,,,,,,,,,,,,144.7,150,,,,,,,,,,,,,,,,,,
2026-07-08T21:00:40.704249+00:00,2026-07-08T21:00:40.704180,1,1,144.45,0.5,144.2,56,,,,,,,,,,,,,,,,,,,144.7,150,,,,,,,,,,,,,,,,,,
2026-07-08T21:00:40.758605+00:00,2026-07-08T21:00:40.756872,2,1,144.45,0.5,144.2,56,144.0,100,,,,,,,,,,,,,,,,,144.7,150,,,,,,,,,,,,,,,,,,
2026-07-08T21:00:40.810168+00:00,2026-07-08T21:00:40.810046,2,2,144.35,0.3,144.2,56,144.0,100,,,,,,,,,,,,,,,,,144.5,100,144.7,150,,,,,,,,,,,,,,,,
2026-07-08T21:00:41.850408+00:00,2026-07-08T21:00:41.850295,1,1,144.25,0.5,144.0,100,,,,,,,,,,,,,,,,,,,144.5,100,,,,,,,,,,,,,,,,,,
2026-07-08T21:00:41.905646+00:00,2026-07-08T21:00:41.905529,2,1,144.25,0.5,144.0,100,143.7,150,,,,,,,,,,,,,,,,,144.5,100,,,,,,,,,,,,,,,,,,
2026-07-08T21:00:41.958614+00:00,2026-07-08T21:00:41.958254,2,2,144.1,0.2,144.0,100,143.7,150,,,,,,,,,,,,,,,,,144.2,150,144.5,100,,,,,,,,,,,,,,,,
2026-07-08T21:00:42.158679+00:00,2026-07-08T21:00:42.147967,2,2,144.1,0.2,144.0,50,143.7,150,,,,,,,,,,,,,,,,,144.2,150,144.5,100,,,,,,,,,,,,,,,,
2026-07-08T21:00:43.864196+00:00,2026-07-08T21:00:43.864405,1,1,143.95,0.5,143.7,150,,,,,,,,,,,,,,,,,,,144.2,150,,,,,,,,,,,,,,,,,,
2026-07-08T21:00:43.971744+00:00,2026-07-08T21:00:43.971581,2,2,144.0,0.4,143.8,100,143.7,150,,,,,,,,,,,,,,,,,144.2,102,144.3,100,,,,,,,,,,,,,,,,
2026-07-08T21:00:44.258734+00:00,2026-07-08T21:00:44.258633,2,2,144.0,0.4,143.8,50,143.7,150,,,,,,,,,,,,,,,,,144.2,102,144.3,100,,,,,,,,,,,,,,,,
2026-07-08T21:00:45.012505+00:00,2026-07-08T21:00:45.012459,1,1,144.05,0.5,143.8,50,,,,,,,,,,,,,,,,,,,144.3,100,,,,,,,,,,,,,,,,,,
2026-07-08T21:00:45.069045+00:00,2026-07-08T21:00:45.068907,2,1,144.1,0.4,143.9,150,143.8,50,,,,,,,,,,,,,,,,,144.3,100,,,,,,,,,,,,,,,,,,
2026-07-08T21:00:45.122927+00:00,2026-07-08T21:00:45.122804,2,2,144.1,0.4,143.9,150,143.8,50,,,,,,,,,,,,,,,,,144.3,100,144.4,150,,,,,,,,,,,,,,,,
2026-07-08T21:00:45.915109+00:00,2026-07-08T21:00:45.915039,2,2,144.1,0.4,143.9,150,143.8,50,,,,,,,,,,,,,,,,,144.3,56,144.4,150,,,,,,,,,,,,,,,,
2026-07-08T21:00:46.320038+00:00,2026-07-08T21:00:46.319915,2,2,144.1,0.4,143.9,150,143.8,50,,,,,,,,,,,,,,,,,144.3,6,144.4,150,,,,,,,,,,,,,,,,
2026-07-08T21:00:47.026653+00:00,2026-07-08T21:00:47.026617,1,1,144.15,0.5,143.9,150,,,,,,,,,,,,,,,,,,,144.4,150,,,,,,,,,,,,,,,,,,
2026-07-08T21:00:47.085512+00:00,2026-07-08T21:00:47.085387,2,1,144.2,0.4,144.0,100,143.9,150,,,,,,,,,,,,,,,,,144.4,150,,,,,,,,,,,,,,,,,,
2026-07-08T21:00:47.138498+00:00,2026-07-08T21:00:47.138656,2,2,144.2,0.4,144.0,100,143.9,150,,,,,,,,,,,,,,,,,144.4,150,144.5,100,,,,,,,,,,,,,,,,
2026-07-08T21:00:48.177556+00:00,2026-07-08T21:00:48.177459,1,1,144.25,0.5,144.0,100,,,,,,,,,,,,,,,,,,,144.5,100,,,,,,,,,,,,,,,,,,
2026-07-08T21:00:48.231996+00:00,2026-07-08T21:00:48.231951,1,1,144.25,0.5,144.0,250,,,,,,,,,,,,,,,,,,,144.5,100,,,,,,,,,,,,,,,,,,
2026-07-08T21:00:48.296612+00:00,2026-07-08T21:00:48.296392,1,1,144.25,0.5,144.0,250,,,,,,,,,,,,,,,,,,,144.5,250,,,,,,,,,,,,,,,,,,
2026-07-08T21:00:48.425072+00:00,2026-07-08T21:00:48.425224,1,1,144.25,0.5,144.0,250,,,,,,,,,,,,,,,,,,,144.5,200,,,,,,,,,,,,,,,,,,
2026-07-08T21:00:50.193638+00:00,2026-07-08T21:00:50.193619,1,1,144.25,0.5,144.0,150,,,,,,,,,,,,,,,,,,,144.5,150,,,,,,,,,,,,,,,,,,
2026-07-08T21:00:50.248536+00:00,2026-07-08T21:00:50.248422,2,1,144.25,0.5,144.0,150,143.9,100,,,,,,,,,,,,,,,,,144.5,150,,,,,,,,,,,,,,,,,,
2026-07-08T21:00:50.301413+00:00,2026-07-08T21:00:50.301377,2,2,144.2,0.4,144.0,150,143.9,100,,,,,,,,,,,,,,,,,144.4,100,144.5,150,,,,,,,,,,,,,,,,
2026-07-08T21:00:50.589899+00:00,2026-07-08T21:00:50.590055,2,2,144.2,0.4,144.0,100,143.9,100,,,,,,,,,,,,,,,,,144.4,100,144.5,150,,,,,,,,,,,,,,,,
2026-07-08T21:00:50.633688+00:00,2026-07-08T21:00:50.633858,2,2,144.2,0.4,144.0,54,143.9,100,,,,,,,,,,,,,,,,,144.4,100,144.5,150,,,,,,,,,,,,,,,,
2026-07-08T21:00:51.223919+00:00,2026-07-08T21:00:51.223868,2,2,144.2,0.4,144.0,10,143.9,100,,,,,,,,,,,,,,,,,144.4,100,144.5,150,,,,,,,,,,,,,,,,
2026-07-08T21:00:51.346024+00:00,2026-07-08T21:00:51.346175,1,1,144.15,0.5,143.9,100,,,,,,,,,,,,,,,,,,,144.4,100,,,,,,,,,,,,,,,,,,
2026-07-08T21:00:51.401612+00:00,2026-07-08T21:00:51.401717,2,1,144.15,0.5,143.9,100,143.2,150,,,,,,,,,,,,,,,,,144.4,100,,,,,,,,,,,,,,,,,,
2026-07-08T21:00:51.468433+00:00,2026-07-08T21:00:51.462680,1,2,143.45,0.5,143.2,150,,,,,,,,,,,,,,,,,,,143.7,27,144.4,100,,,,,,,,,,,,,,,,
2026-07-08T21:00:51.720590+00:00,2026-07-08T21:00:51.720541,1,1,143.8,1.2,143.2,150,,,,,,,,,,,,,,,,,,,144.4,78,,,,,,,,,,,,,,,,,,
2026-07-08T21:00:52.695798+00:00,2026-07-08T21:00:52.695671,1,1,143.8,1.2,143.2,100,,,,,,,,,,,,,,,,,,,144.4,78,,,,,,,,,,,,,,,,,,
2026-07-08T21:00:53.207548+00:00,2026-07-08T21:00:53.207512,1,1,143.8,1.2,143.2,100,,,,,,,,,,,,,,,,,,,144.4,31,,,,,,,,,,,,,,,,,,
2026-07-08T21:00:53.354483+00:00,2026-07-08T21:00:53.354577,1,0,,,143.2,100,,,,,,,,,,,,,,,,,,,,,,,,,,,,,,,,,,,,,,
2026-07-08T21:00:53.402342+00:00,2026-07-08T21:00:53.402442,2,0,,,143.9,100,143.2,100,,,,,,,,,,,,,,,,,,,,,,,,,,,,,,,,,,,,
2026-07-08T21:00:53.459491+00:00,2026-07-08T21:00:53.459397,2,1,144.15,0.5,143.9,100,143.2,100,,,,,,,,,,,,,,,,,144.4,100,,,,,,,,,,,,,,,,,,
2026-07-08T21:00:53.484981+00:00,2026-07-08T21:00:53.479253,2,1,144.15,0.5,143.9,65,143.2,100,,,,,,,,,,,,,,,,,144.4,100,,,,,,,,,,,,,,,,,,
2026-07-08T21:00:53.752520+00:00,2026-07-08T21:00:53.752691,2,1,144.15,0.5,143.9,23,143.2,100,,,,,,,,,,,,,,,,,144.4,100,,,,,,,,,,,,,,,,,,
2026-07-08T21:00:54.318091+00:00,2026-07-08T21:00:54.318027,1,1,143.8,1.2,143.2,100,,,,,,,,,,,,,,,,,,,144.4,100,,,,,,,,,,,,,,,,,,
2026-07-08T21:00:54.509939+00:00,2026-07-08T21:00:54.509868,0,1,,,,,,,,,,,,,,,,,,,,,,,144.4,100,,,,,,,,,,,,,,,,,,
2026-07-08T21:00:54.558580+00:00,2026-07-08T21:00:54.557867,1,1,143.9,1.0,143.4,150,,,,,,,,,,,,,,,,,,,144.4,100,,,,,,,,,,,,,,,,,,
2026-07-08T21:00:54.616103+00:00,2026-07-08T21:00:54.616042,1,2,143.65,0.5,143.4,150,,,,,,,,,,,,,,,,,,,143.9,150,144.4,100,,,,,,,,,,,,,,,,
2026-07-08T21:00:56.514039+00:00,2026-07-08T21:00:56.513944,1,1,143.65,0.5,143.4,150,,,,,,,,,,,,,,,,,,,143.9,150,,,,,,,,,,,,,,,,,,
2026-07-08T21:00:56.564101+00:00,2026-07-08T21:00:56.564041,1,1,143.65,0.5,143.4,250,,,,,,,,,,,,,,,,,,,143.9,150,,,,,,,,,,,,,,,,,,
2026-07-08T21:00:56.619375+00:00,2026-07-08T21:00:56.619289,1,1,143.65,0.5,143.4,250,,,,,,,,,,,,,,,,,,,143.9,250,,,,,,,,,,,,,,,,,,
2026-07-08T21:00:57.670905+00:00,2026-07-08T21:00:57.670817,1,1,143.65,0.5,143.4,100,,,,,,,,,,,,,,,,,,,143.9,100,,,,,,,,,,,,,,,,,,
2026-07-08T21:00:57.726674+00:00,2026-07-08T21:00:57.726578,2,1,143.7,0.4,143.5,150,143.4,100,,,,,,,,,,,,,,,,,143.9,100,,,,,,,,,,,,,,,,,,
2026-07-08T21:00:57.779810+00:00,2026-07-08T21:00:57.779736,2,2,143.7,0.4,143.5,150,143.4,100,,,,,,,,,,,,,,,,,143.9,100,144.0,150,,,,,,,,,,,,,,,,
2026-07-08T21:00:59.007289+00:00,2026-07-08T21:00:59.007192,2,2,143.7,0.4,143.5,100,143.4,100,,,,,,,,,,,,,,,,,143.9,100,144.0,150,,,,,,,,,,,,,,,,
2026-07-08T21:00:59.672469+00:00,2026-07-08T21:00:59.672384,1,1,143.75,0.5,143.5,100,,,,,,,,,,,,,,,,,,,144.0,150,,,,,,,,,,,,,,,,,,
2026-07-08T21:00:59.726563+00:00,2026-07-08T21:00:59.726480,2,1,143.75,0.5,143.5,100,143.4,100,,,,,,,,,,,,,,,,,144.0,150,,,,,,,,,,,,,,,,,,
2026-07-08T21:00:59.802125+00:00,2026-07-08T21:00:59.801991,2,2,143.7,0.4,143.5,100,143.4,100,,,,,,,,,,,,,,,,,143.9,100,144.0,150,,,,,,,,,,,,,,,,
2026-07-08T21:01:00.834923+00:00,2026-07-08T21:01:00.834794,1,1,143.65,0.5,143.4,100,,,,,,,,,,,,,,,,,,,143.9,100,,,,,,,,,,,,,,,,,,
2026-07-08T21:01:00.890290+00:00,2026-07-08T21:01:00.890011,2,1,143.65,0.5,143.4,100,143.3,150,,,,,,,,,,,,,,,,,143.9,100,,,,,,,,,,,,,,,,,,
2026-07-08T21:01:00.953345+00:00,2026-07-08T21:01:00.947538,2,2,143.6,0.4,143.4,100,143.3,150,,,,,,,,,,,,,,,,,143.8,138,143.9,100,,,,,,,,,,,,,,,,
2026-07-08T21:01:01.064702+00:00,2026-07-08T21:01:01.064556,2,2,143.6,0.4,143.4,100,143.3,150,,,,,,,,,,,,,,,,,143.8,88,143.9,100,,,,,,,,,,,,,,,,
2026-07-08T21:01:01.967231+00:00,2026-07-08T21:01:01.967434,2,2,143.6,0.4,143.4,58,143.3,150,,,,,,,,,,,,,,,,,143.8,88,143.9,100,,,,,,,,,,,,,,,,
2026-07-08T21:01:02.852488+00:00,2026-07-08T21:01:02.852329,2,1,143.6,0.4,143.4,58,143.3,150,,,,,,,,,,,,,,,,,143.8,88,,,,,,,,,,,,,,,,,,
2026-07-08T21:01:02.858652+00:00,2026-07-08T21:01:02.857509,1,1,143.55,0.5,143.3,150,,,,,,,,,,,,,,,,,,,143.8,88,,,,,,,,,,,,,,,,,,
2026-07-08T21:01:02.911463+00:00,2026-07-08T21:01:02.911704,2,1,143.55,0.5,143.3,150,143.2,100,,,,,,,,,,,,,,,,,143.8,39,,,,,,,,,,,,,,,,,,
2026-07-08T21:01:02.965697+00:00,2026-07-08T21:01:02.965631,2,2,143.5,0.4,143.3,150,143.2,100,,,,,,,,,,,,,,,,,143.7,100,143.8,39,,,,,,,,,,,,,,,,
2026-07-08T21:01:03.222709+00:00,2026-07-08T21:01:03.222604,2,2,143.5,0.4,143.3,100,143.2,100,,,,,,,,,,,,,,,,,143.7,100,143.8,39,,,,,,,,,,,,,,,,
2026-07-08T21:01:03.996901+00:00,2026-07-08T21:01:03.996800,1,1,143.45,0.5,143.2,100,,,,,,,,,,,,,,,,,,,143.7,100,,,,,,,,,,,,,,,,,,
2026-07-08T21:01:04.050488+00:00,2026-07-08T21:01:04.050590,2,1,143.55,0.3,143.4,150,143.2,100,,,,,,,,,,,,,,,,,143.7,100,,,,,,,,,,,,,,,,,,
2026-07-08T21:01:04.101698+00:00,2026-07-08T21:01:04.101676,2,2,143.55,0.3,143.4,150,143.2,100,,,,,,,,,,,,,,,,,143.7,100,143.9,150,,,,,,,,,,,,,,,,
2026-07-08T21:01:04.963856+00:00,2026-07-08T21:01:04.963995,2,2,143.55,0.3,143.4,105,143.2,100,,,,,,,,,,,,,,,,,143.7,100,143.9,150,,,,,,,,,,,,,,,,
2026-07-08T21:01:06.020776+00:00,2026-07-08T21:01:06.020668,1,1,143.65,0.5,143.4,105,,,,,,,,,,,,,,,,,,,143.9,150,,,,,,,,,,,,,,,,,,
2026-07-08T21:01:06.076080+00:00,2026-07-08T21:01:06.075931,2,1,143.65,0.5,143.4,105,143.0,100,,,,,,,,,,,,,,,,,143.9,150,,,,,,,,,,,,,,,,,,
2026-07-08T21:01:06.128422+00:00,2026-07-08T21:01:06.128358,2,2,143.45,0.1,143.4,105,143.0,100,,,,,,,,,,,,,,,,,143.5,100,143.9,150,,,,,,,,,,,,,,,,
2026-07-08T21:01:06.147566+00:00,2026-07-08T21:01:06.153397,2,2,143.45,0.1,143.4,105,143.0,100,,,,,,,,,,,,,,,,,143.5,56,143.9,150,,,,,,,,,,,,,,,,
2026-07-08T21:01:07.163951+00:00,2026-07-08T21:01:07.163854,1,1,143.25,0.5,143.0,100,,,,,,,,,,,,,,,,,,,143.5,56,,,,,,,,,,,,,,,,,,
2026-07-08T21:01:07.214660+00:00,2026-07-08T21:01:07.214551,2,1,143.35,0.3,143.2,150,143.0,100,,,,,,,,,,,,,,,,,143.5,56,,,,,,,,,,,,,,,,,,
2026-07-08T21:01:07.267693+00:00,2026-07-08T21:01:07.267559,2,2,143.35,0.3,143.2,150,143.0,100,,,,,,,,,,,,,,,,,143.5,56,143.7,150,,,,,,,,,,,,,,,,
2026-07-08T21:01:07.444402+00:00,2026-07-08T21:01:07.444355,2,2,143.35,0.3,143.2,100,143.0,100,,,,,,,,,,,,,,,,,143.5,56,143.7,150,,,,,,,,,,,,,,,,
2026-07-08T21:01:07.921479+00:00,2026-07-08T21:01:07.914962,2,2,143.35,0.3,143.2,100,143.0,100,,,,,,,,,,,,,,,,,143.5,45,143.7,150,,,,,,,,,,,,,,,,
2026-07-08T21:01:09.178727+00:00,2026-07-08T21:01:09.178620,1,1,143.45,0.5,143.2,100,,,,,,,,,,,,,,,,,,,143.7,150,,,,,,,,,,,,,,,,,,
2026-07-08T21:01:09.240920+00:00,2026-07-08T21:01:09.241036,2,1,143.5,0.4,143.3,100,143.2,100,,,,,,,,,,,,,,,,,143.7,150,,,,,,,,,,,,,,,,,,
2026-07-08T21:01:09.294571+00:00,2026-07-08T21:01:09.294422,2,2,143.5,0.4,143.3,100,143.2,100,,,,,,,,,,,,,,,,,143.7,150,143.8,100,,,,,,,,,,,,,,,,
2026-07-08T21:01:09.500169+00:00,2026-07-08T21:01:09.500087,2,2,143.5,0.4,143.3,100,143.2,100,,,,,,,,,,,,,,,,,143.7,100,143.8,100,,,,,,,,,,,,,,,,
2026-07-08T21:01:10.321780+00:00,2026-07-08T21:01:10.321664,1,1,143.55,0.5,143.3,100,,,,,,,,,,,,,,,,,,,143.8,100,,,,,,,,,,,,,,,,,,
2026-07-08T21:01:10.377227+00:00,2026-07-08T21:01:10.377099,2,1,143.6,0.4,143.4,150,143.3,100,,,,,,,,,,,,,,,,,143.8,100,,,,,,,,,,,,,,,,,,
2026-07-08T21:01:10.431297+00:00,2026-07-08T21:01:10.431213,2,2,143.6,0.4,143.4,150,143.3,100,,,,,,,,,,,,,,,,,143.8,100,143.9,150,,,,,,,,,,,,,,,,
2026-07-08T21:01:11.608311+00:00,2026-07-08T21:01:11.608457,2,2,143.6,0.4,143.4,150,143.3,100,,,,,,,,,,,,,,,,,143.8,50,143.9,150,,,,,,,,,,,,,,,,
2026-07-08T21:01:12.342701+00:00,2026-07-08T21:01:12.342649,2,1,143.65,0.5,143.4,150,143.3,100,,,,,,,,,,,,,,,,,143.9,150,,,,,,,,,,,,,,,,,,
2026-07-08T21:01:12.347738+00:00,2026-07-08T21:01:12.347826,1,1,143.65,0.5,143.4,150,,,,,,,,,,,,,,,,,,,143.9,150,,,,,,,,,,,,,,,,,,
2026-07-08T21:01:12.400262+00:00,2026-07-08T21:01:12.400361,1,1,143.65,0.5,143.4,250,,,,,,,,,,,,,,,,,,,143.9,150,,,,,,,,,,,,,,,,,,
2026-07-08T21:01:12.445038+00:00,2026-07-08T21:01:12.444933,1,1,143.65,0.5,143.4,250,,,,,,,,,,,,,,,,,,,143.9,106,,,,,,,,,,,,,,,,,,
2026-07-08T21:01:12.458766+00:00,2026-07-08T21:01:12.458683,1,1,143.65,0.5,143.4,250,,,,,,,,,,,,,,,,,,,143.9,206,,,,,,,,,,,,,,,,,,
2026-07-08T21:01:13.487126+00:00,2026-07-08T21:01:13.487070,1,1,143.65,0.5,143.4,100,,,,,,,,,,,,,,,,,,,143.9,100,,,,,,,,,,,,,,,,,,
2026-07-08T21:01:13.542467+00:00,2026-07-08T21:01:13.542355,1,1,143.65,0.5,143.4,250,,,,,,,,,,,,,,,,,,,143.9,100,,,,,,,,,,,,,,,,,,
2026-07-08T21:01:13.591487+00:00,2026-07-08T21:01:13.591583,1,1,143.65,0.5,143.4,250,,,,,,,,,,,,,,,,,,,143.9,250,,,,,,,,,,,,,,,,,,
2026-07-08T21:01:13.729459+00:00,2026-07-08T21:01:13.729405,1,1,143.65,0.5,143.4,250,,,,,,,,,,,,,,,,,,,143.9,200,,,,,,,,,,,,,,,,,,
2026-07-08T21:01:13.898225+00:00,2026-07-08T21:01:13.898132,1,1,143.65,0.5,143.4,205,,,,,,,,,,,,,,,,,,,143.9,200,,,,,,,,,,,,,,,,,,
2026-07-08T21:01:15.535133+00:00,2026-07-08T21:01:15.535073,1,1,143.65,0.5,143.4,150,,,,,,,,,,,,,,,,,,,143.9,150,,,,,,,,,,,,,,,,,,
2026-07-08T21:01:15.552874+00:00,2026-07-08T21:01:15.552743,1,1,143.65,0.5,143.4,109,,,,,,,,,,,,,,,,,,,143.9,150,,,,,,,,,,,,,,,,,,
2026-07-08T21:01:15.592391+00:00,2026-07-08T21:01:15.592267,2,1,143.65,0.5,143.4,109,143.3,100,,,,,,,,,,,,,,,,,143.9,150,,,,,,,,,,,,,,,,,,
2026-07-08T21:01:15.644699+00:00,2026-07-08T21:01:15.644606,2,2,143.6,0.4,143.4,109,143.3,100,,,,,,,,,,,,,,,,,143.8,100,143.9,150,,,,,,,,,,,,,,,,
2026-07-08T21:01:15.838428+00:00,2026-07-08T21:01:15.838394,2,2,143.6,0.4,143.4,109,143.3,100,,,,,,,,,,,,,,,,,143.8,50,143.9,150,,,,,,,,,,,,,,,,
2026-07-08T21:01:16.647114+00:00,2026-07-08T21:01:16.646999,1,1,143.55,0.5,143.3,100,,,,,,,,,,,,,,,,,,,143.8,50,,,,,,,,,,,,,,,,,,
2026-07-08T21:01:16.704099+00:00,2026-07-08T21:01:16.704058,2,1,143.55,0.5,143.3,100,143.2,150,,,,,,,,,,,,,,,,,143.8,50,,,,,,,,,,,,,,,,,,
2026-07-08T21:01:16.769900+00:00,2026-07-08T21:01:16.770046,2,2,143.5,0.4,143.3,100,143.2,150,,,,,,,,,,,,,,,,,143.7,150,143.8,50,,,,,,,,,,,,,,,,
2026-07-08T21:01:17.947878+00:00,2026-07-08T21:01:17.947772,2,2,143.5,0.4,143.3,100,143.2,150,,,,,,,,,,,,,,,,,143.7,100,143.8,50,,,,,,,,,,,,,,,,
2026-07-08T21:01:18.081148+00:00,2026-07-08T21:01:18.081102,2,2,143.5,0.4,143.3,100,143.2,150,,,,,,,,,,,,,,,,,143.7,56,143.8,50,,,,,,,,,,,,,,,,
2026-07-08T21:01:18.693942+00:00,2026-07-08T21:01:18.694048,2,1,143.5,0.4,143.3,100,143.2,150,,,,,,,,,,,,,,,,,143.7,56,,,,,,,,,,,,,,,,,,
2026-07-08T21:01:18.699363+00:00,2026-07-08T21:01:18.699233,1,1,143.45,0.5,143.2,150,,,,,,,,,,,,,,,,,,,143.7,56,,,,,,,,,,,,,,,,,,
2026-07-08T21:01:18.752581+00:00,2026-07-08T21:01:18.752522,2,0,,,143.7,44,143.2,150,,,,,,,,,,,,,,,,,,,,,,,,,,,,,,,,,,,,
2026-07-08T21:01:18.807855+00:00,2026-07-08T21:01:18.807725,2,1,143.95,0.5,143.7,44,143.2,150,,,,,,,,,,,,,,,,,144.2,100,,,,,,,,,,,,,,,,,,
2026-07-08T21:01:19.822039+00:00,2026-07-08T21:01:19.821961,1,1,143.95,0.5,143.7,44,,,,,,,,,,,,,,,,,,,144.2,100,,,,,,,,,,,,,,,,,,
2026-07-08T21:01:19.880492+00:00,2026-07-08T21:01:19.880448,2,1,144.05,0.3,143.9,150,143.7,44,,,,,,,,,,,,,,,,,144.2,100,,,,,,,,,,,,,,,,,,
2026-07-08T21:01:19.892875+00:00,2026-07-08T21:01:19.884895,2,1,144.05,0.3,143.9,127,143.7,44,,,,,,,,,,,,,,,,,144.2,100,,,,,,,,,,,,,,,,,,
2026-07-08T21:01:19.933098+00:00,2026-07-08T21:01:19.932945,2,2,144.05,0.3,143.9,127,143.7,44,,,,,,,,,,,,,,,,,144.2,100,144.4,150,,,,,,,,,,,,,,,,
2026-07-08T21:01:20.058565+00:00,2026-07-08T21:01:20.052683,2,2,144.05,0.3,143.9,127,143.7,44,,,,,,,,,,,,,,,,,144.2,50,144.4,150,,,,,,,,,,,,,,,,
2026-07-08T21:01:20.398440+00:00,2026-07-08T21:01:20.383574,2,2,144.05,0.3,143.9,116,143.7,44,,,,,,,,,,,,,,,,,144.2,50,144.4,150,,,,,,,,,,,,,,,,
2026-07-08T21:01:20.992847+00:00,2026-07-08T21:01:20.985050,2,2,144.05,0.3,143.9,113,143.7,44,,,,,,,,,,,,,,,,,144.2,50,144.4,150,,,,,,,,,,,,,,,,
2026-07-08T21:01:21.858139+00:00,2026-07-08T21:01:21.858299,1,1,144.15,0.5,143.9,113,,,,,,,,,,,,,,,,,,,144.4,150,,,,,,,,,,,,,,,,,,
2026-07-08T21:01:21.918145+00:00,2026-07-08T21:01:21.918016,2,1,144.15,0.5,143.9,113,143.3,100,,,,,,,,,,,,,,,,,144.4,150,,,,,,,,,,,,,,,,,,
2026-07-08T21:01:21.971453+00:00,2026-07-08T21:01:21.971662,2,1,144.15,0.5,143.9,13,143.3,100,,,,,,,,,,,,,,,,,144.4,150,,,,,,,,,,,,,,,,,,
2026-07-08T21:01:22.232087+00:00,2026-07-08T21:01:22.231974,1,1,143.85,1.1,143.3,100,,,,,,,,,,,,,,,,,,,144.4,150,,,,,,,,,,,,,,,,,,
2026-07-08T21:01:22.651449+00:00,2026-07-08T21:01:22.651423,1,1,143.85,1.1,143.3,58,,,,,,,,,,,,,,,,,,,144.4,150,,,,,,,,,,,,,,,,,,
2026-07-08T21:01:22.986268+00:00,2026-07-08T21:01:22.986213,1,0,,,143.3,58,,,,,,,,,,,,,,,,,,,,,,,,,,,,,,,,,,,,,,
2026-07-08T21:01:23.039271+00:00,2026-07-08T21:01:23.039209,2,0,,,143.3,58,143.1,150,,,,,,,,,,,,,,,,,,,,,,,,,,,,,,,,,,,,
2026-07-08T21:01:23.104107+00:00,2026-07-08T21:01:23.097139,2,1,143.45,0.3,143.3,58,143.1,150,,,,,,,,,,,,,,,,,143.6,147,,,,,,,,,,,,,,,,,,
2026-07-08T21:01:24.338161+00:00,2026-07-08T21:01:24.337954,2,1,143.45,0.3,143.3,8,143.1,150,,,,,,,,,,,,,,,,,143.6,147,,,,,,,,,,,,,,,,,,
2026-07-08T21:01:25.026732+00:00,2026-07-08T21:01:25.026605,1,1,143.35,0.5,143.1,150,,,,,,,,,,,,,,,,,,,143.6,147,,,,,,,,,,,,,,,,,,
2026-07-08T21:01:25.079882+00:00,2026-07-08T21:01:25.079995,2,1,143.45,0.3,143.3,100,143.1,150,,,,,,,,,,,,,,,,,143.6,147,,,,,,,,,,,,,,,,,,
2026-07-08T21:01:25.132761+00:00,2026-07-08T21:01:25.132664,2,2,143.45,0.3,143.3,100,143.1,150,,,,,,,,,,,,,,,,,143.6,147,143.8,100,,,,,,,,,,,,,,,,
2026-07-08T21:01:25.763741+00:00,2026-07-08T21:01:25.763913,2,2,143.45,0.3,143.3,100,143.1,150,,,,,,,,,,,,,,,,,143.6,102,143.8,100,,,,,,,,,,,,,,,,
2026-07-08T21:01:26.147951+00:00,2026-07-08T21:01:26.147879,1,1,143.55,0.5,143.3,100,,,,,,,,,,,,,,,,,,,143.8,100,,,,,,,,,,,,,,,,,,
2026-07-08T21:01:26.203747+00:00,2026-07-08T21:01:26.203623,2,1,143.55,0.5,143.3,100,143.1,150,,,,,,,,,,,,,,,,,143.8,100,,,,,,,,,,,,,,,,,,
2026-07-08T21:01:26.258779+00:00,2026-07-08T21:01:26.258702,2,2,143.45,0.3,143.3,100,143.1,150,,,,,,,,,,,,,,,,,143.6,150,143.8,100,,,,,,,,,,,,,,,,
2026-07-08T21:01:26.443914+00:00,2026-07-08T21:01:26.443859,2,2,143.45,0.3,143.3,50,143.1,150,,,,,,,,,,,,,,,,,143.6,150,143.8,100,,,,,,,,,,,,,,,,
2026-07-08T21:01:26.684760+00:00,2026-07-08T21:01:26.684639,2,2,143.45,0.3,143.3,3,143.1,150,,,,,,,,,,,,,,,,,143.6,150,143.8,100,,,,,,,,,,,,,,,,
2026-07-08T21:01:28.187325+00:00,2026-07-08T21:01:28.187206,1,1,143.35,0.5,143.1,150,,,,,,,,,,,,,,,,,,,143.6,150,,,,,,,,,,,,,,,,,,
2026-07-08T21:01:28.241510+00:00,2026-07-08T21:01:28.241417,2,1,143.35,0.5,143.1,150,142.9,100,,,,,,,,,,,,,,,,,143.6,150,,,,,,,,,,,,,,,,,,
2026-07-08T21:01:28.295237+00:00,2026-07-08T21:01:28.295340,2,2,143.25,0.3,143.1,150,142.9,100,,,,,,,,,,,,,,,,,143.4,100,143.6,150,,,,,,,,,,,,,,,,
2026-07-08T21:01:29.312617+00:00,2026-07-08T21:01:29.312543,1,1,143.15,0.5,142.9,100,,,,,,,,,,,,,,,,,,,143.4,100,,,,,,,,,,,,,,,,,,
2026-07-08T21:01:29.367128+00:00,2026-07-08T21:01:29.367008,1,1,143.15,0.5,142.9,250,,,,,,,,,,,,,,,,,,,143.4,100,,,,,,,,,,,,,,,,,,
2026-07-08T21:01:29.417127+00:00,2026-07-08T21:01:29.417097,1,1,143.15,0.5,142.9,250,,,,,,,,,,,,,,,,,,,143.4,250,,,,,,,,,,,,,,,,,,
2026-07-08T21:01:30.657813+00:00,2026-07-08T21:01:30.657944,1,1,143.15,0.5,142.9,200,,,,,,,,,,,,,,,,,,,143.4,250,,,,,,,,,,,,,,,,,,
2026-07-08T21:01:31.348504+00:00,2026-07-08T21:01:31.348437,1,1,143.15,0.5,142.9,150,,,,,,,,,,,,,,,,,,,143.4,150,,,,,,,,,,,,,,,,,,
2026-07-08T21:01:31.403367+00:00,2026-07-08T21:01:31.403332,2,1,143.15,0.5,142.9,150,142.7,100,,,,,,,,,,,,,,,,,143.4,150,,,,,,,,,,,,,,,,,,
2026-07-08T21:01:31.469439+00:00,2026-07-08T21:01:31.462992,2,2,143.05,0.3,142.9,150,142.7,100,,,,,,,,,,,,,,,,,143.2,77,143.4,150,,,,,,,,,,,,,,,,
2026-07-08T21:01:32.496638+00:00,2026-07-08T21:01:32.496535,1,1,142.95,0.5,142.7,100,,,,,,,,,,,,,,,,,,,143.2,77,,,,,,,,,,,,,,,,,,
2026-07-08T21:01:32.545900+00:00,2026-07-08T21:01:32.545858,2,1,143.1,0.2,143.0,150,142.7,100,,,,,,,,,,,,,,,,,143.2,77,,,,,,,,,,,,,,,,,,
2026-07-08T21:01:32.601423+00:00,2026-07-08T21:01:32.601299,2,2,143.1,0.2,143.0,150,142.7,100,,,,,,,,,,,,,,,,,143.2,77,143.5,150,,,,,,,,,,,,,,,,
2026-07-08T21:01:32.769359+00:00,2026-07-08T21:01:32.769292,2,2,143.1,0.2,143.0,100,142.7,100,,,,,,,,,,,,,,,,,143.2,77,143.5,150,,,,,,,,,,,,,,,,
2026-07-08T21:01:34.511233+00:00,2026-07-08T21:01:34.511188,1,1,143.25,0.5,143.0,100,,,,,,,,,,,,,,,,,,,143.5,150,,,,,,,,,,,,,,,,,,
2026-07-08T21:01:34.566857+00:00,2026-07-08T21:01:34.566723,2,1,143.25,0.5,143.0,100,142.8,100,,,,,,,,,,,,,,,,,143.5,150,,,,,,,,,,,,,,,,,,
2026-07-08T21:01:34.619246+00:00,2026-07-08T21:01:34.619342,2,2,143.15,0.3,143.0,100,142.8,100,,,,,,,,,,,,,,,,,143.3,100,143.5,150,,,,,,,,,,,,,,,,
2026-07-08T21:01:35.658590+00:00,2026-07-08T21:01:35.653904,1,1,143.05,0.5,142.8,100,,,,,,,,,,,,,,,,,,,143.3,100,,,,,,,,,,,,,,,,,,
2026-07-08T21:01:35.716568+00:00,2026-07-08T21:01:35.716504,1,1,143.05,0.5,142.8,250,,,,,,,,,,,,,,,,,,,143.3,100,,,,,,,,,,,,,,,,,,
2026-07-08T21:01:35.769905+00:00,2026-07-08T21:01:35.769787,1,1,143.05,0.5,142.8,250,,,,,,,,,,,,,,,,,,,143.3,250,,,,,,,,,,,,,,,,,,
2026-07-08T21:01:36.930417+00:00,2026-07-08T21:01:36.930310,1,1,143.05,0.5,142.8,250,,,,,,,,,,,,,,,,,,,143.3,200,,,,,,,,,,,,,,,,,,
2026-07-08T21:01:37.458675+00:00,2026-07-08T21:01:37.458572,1,1,143.05,0.5,142.8,250,,,,,,,,,,,,,,,,,,,143.3,160,,,,,,,,,,,,,,,,,,
2026-07-08T21:01:37.674797+00:00,2026-07-08T21:01:37.674762,1,1,143.05,0.5,142.8,150,,,,,,,,,,,,,,,,,,,143.3,150,,,,,,,,,,,,,,,,,,
2026-07-08T21:01:37.729362+00:00,2026-07-08T21:01:37.729230,2,1,143.2,0.2,143.1,100,142.8,150,,,,,,,,,,,,,,,,,143.3,150,,,,,,,,,,,,,,,,,,
2026-07-08T21:01:37.782338+00:00,2026-07-08T21:01:37.782426,2,2,143.2,0.2,143.1,100,142.8,150,,,,,,,,,,,,,,,,,143.3,150,143.6,100,,,,,,,,,,,,,,,,
2026-07-08T21:01:38.820974+00:00,2026-07-08T21:01:38.821112,2,1,143.35,0.5,143.1,100,142.8,150,,,,,,,,,,,,,,,,,143.6,100,,,,,,,,,,,,,,,,,,
2026-07-08T21:01:38.826458+00:00,2026-07-08T21:01:38.826269,1,1,143.35,0.5,143.1,100,,,,,,,,,,,,,,,,,,,143.6,100,,,,,,,,,,,,,,,,,,
2026-07-08T21:01:38.880210+00:00,2026-07-08T21:01:38.880091,2,1,143.35,0.5,143.1,100,142.8,150,,,,,,,,,,,,,,,,,143.6,100,,,,,,,,,,,,,,,,,,
2026-07-08T21:01:38.935201+00:00,2026-07-08T21:01:38.935053,2,2,143.2,0.2,143.1,100,142.8,150,,,,,,,,,,,,,,,,,143.3,150,143.6,100,,,,,,,,,,,,,,,,
2026-07-08T21:01:38.974178+00:00,2026-07-08T21:01:38.974123,2,2,143.2,0.2,143.1,100,142.8,150,,,,,,,,,,,,,,,,,143.3,105,143.6,100,,,,,,,,,,,,,,,,
2026-07-08T21:01:39.037151+00:00,2026-07-08T21:01:39.037081,2,2,143.2,0.2,143.1,100,142.8,150,,,,,,,,,,,,,,,,,143.3,55,143.6,100,,,,,,,,,,,,,,,,
2026-07-08T21:01:40.533591+00:00,2026-07-08T21:01:40.533473,2,2,143.2,0.2,143.1,59,142.8,150,,,,,,,,,,,,,,,,,143.3,55,143.6,100,,,,,,,,,,,,,,,,
2026-07-08T21:01:40.835914+00:00,2026-07-08T21:01:40.835768,1,1,143.05,0.5,142.8,150,,,,,,,,,,,,,,,,,,,143.3,55,,,,,,,,,,,,,,,,,,
2026-07-08T21:01:40.890982+00:00,2026-07-08T21:01:40.890819,2,1,143.15,0.3,143.0,100,142.8,150,,,,,,,,,,,,,,,,,143.3,55,,,,,,,,,,,,,,,,,,
2026-07-08T21:01:40.942100+00:00,2026-07-08T21:01:40.942065,2,2,143.15,0.3,143.0,100,142.8,150,,,,,,,,,,,,,,,,,143.3,55,143.5,100,,,,,,,,,,,,,,,,
2026-07-08T21:01:41.144341+00:00,2026-07-08T21:01:41.144229,2,2,143.15,0.3,143.0,100,142.8,150,,,,,,,,,,,,,,,,,143.3,5,143.5,100,,,,,,,,,,,,,,,,
2026-07-08T21:01:41.990720+00:00,2026-07-08T21:01:41.990648,1,1,143.25,0.5,143.0,100,,,,,,,,,,,,,,,,,,,143.5,100,,,,,,,,,,,,,,,,,,
2026-07-08T21:01:42.031636+00:00,2026-07-08T21:01:42.025023,1,1,143.25,0.5,143.0,100,,,,,,,,,,,,,,,,,,,143.5,89,,,,,,,,,,,,,,,,,,
2026-07-08T21:01:42.046906+00:00,2026-07-08T21:01:42.047048,2,1,143.45,0.1,143.4,150,143.0,100,,,,,,,,,,,,,,,,,143.5,89,,,,,,,,,,,,,,,,,,
2026-07-08T21:01:42.102350+00:00,2026-07-08T21:01:42.102243,2,2,143.45,0.1,143.4,150,143.0,100,,,,,,,,,,,,,,,,,143.5,89,143.9,150,,,,,,,,,,,,,,,,
2026-07-08T21:01:43.183152+00:00,2026-07-08T21:01:43.183076,2,2,143.45,0.1,143.4,150,143.0,100,,,,,,,,,,,,,,,,,143.5,49,143.9,150,,,,,,,,,,,,,,,,
2026-07-08T21:01:43.237725+00:00,2026-07-08T21:01:43.237616,2,2,143.45,0.1,143.4,107,143.0,100,,,,,,,,,,,,,,,,,143.5,49,143.9,150,,,,,,,,,,,,,,,,
2026-07-08T21:01:43.251485+00:00,2026-07-08T21:01:43.251428,2,1,143.65,0.5,143.4,107,143.0,100,,,,,,,,,,,,,,,,,143.9,149,,,,,,,,,,,,,,,,,,
2026-07-08T21:01:44.068786+00:00,2026-07-08T21:01:44.069800,2,1,143.7,0.4,143.5,100,143.4,107,,,,,,,,,,,,,,,,,143.9,149,,,,,,,,,,,,,,,,,,
2026-07-08T21:01:44.116390+00:00,2026-07-08T21:01:44.116633,2,2,143.7,0.4,143.5,100,143.4,107,,,,,,,,,,,,,,,,,143.9,149,144.0,100,,,,,,,,,,,,,,,,
2026-07-08T21:01:45.158665+00:00,2026-07-08T21:01:45.147633,1,1,143.75,0.5,143.5,100,,,,,,,,,,,,,,,,,,,144.0,100,,,,,,,,,,,,,,,,,,
2026-07-08T21:01:45.210622+00:00,2026-07-08T21:01:45.210530,2,1,143.9,0.2,143.8,150,143.5,100,,,,,,,,,,,,,,,,,144.0,100,,,,,,,,,,,,,,,,,,
2026-07-08T21:01:45.264815+00:00,2026-07-08T21:01:45.264766,2,2,143.9,0.2,143.8,150,143.5,100,,,,,,,,,,,,,,,,,144.0,100,144.3,150,,,,,,,,,,,,,,,,
2026-07-08T21:01:45.358570+00:00,2026-07-08T21:01:45.355371,2,2,143.9,0.2,143.8,150,143.5,100,,,,,,,,,,,,,,,,,144.0,50,144.3,150,,,,,,,,,,,,,,,,
2026-07-08T21:01:45.891230+00:00,2026-07-08T21:01:45.885139,2,2,143.9,0.2,143.8,139,143.5,100,,,,,,,,,,,,,,,,,144.0,50,144.3,150,,,,,,,,,,,,,,,,
2026-07-08T21:01:45.972977+00:00,2026-07-08T21:01:45.967440,2,2,143.9,0.2,143.8,127,143.5,100,,,,,,,,,,,,,,,,,144.0,50,144.3,150,,,,,,,,,,,,,,,,
2026-07-08T21:01:46.310639+00:00,2026-07-08T21:01:46.310567,2,2,143.9,0.2,143.8,127,143.5,100,,,,,,,,,,,,,,,,,144.0,5,144.3,150,,,,,,,,,,,,,,,,
2026-07-08T21:01:46.358618+00:00,2026-07-08T21:01:46.354911,2,2,143.9,0.2,143.8,87,143.5,100,,,,,,,,,,,,,,,,,144.0,5,144.3,150,,,,,,,,,,,,,,,,
2026-07-08T21:01:46.821311+00:00,2026-07-08T21:01:46.821269,2,1,144.05,0.5,143.8,87,143.5,100,,,,,,,,,,,,,,,,,144.3,150,,,,,,,,,,,,,,,,,,
2026-07-08T21:01:46.876079+00:00,2026-07-08T21:01:46.875990,2,1,144.05,0.5,143.8,40,143.5,100,,,,,,,,,,,,,,,,,144.3,150,,,,,,,,,,,,,,,,,,
2026-07-08T21:01:47.179034+00:00,2026-07-08T21:01:47.178951,1,1,144.05,0.5,143.8,40,,,,,,,,,,,,,,,,,,,144.3,150,,,,,,,,,,,,,,,,,,
2026-07-08T21:01:47.244009+00:00,2026-07-08T21:01:47.237066,2,1,144.15,0.3,144.0,86,143.8,40,,,,,,,,,,,,,,,,,144.3,150,,,,,,,,,,,,,,,,,,
2026-07-08T21:01:47.284498+00:00,2026-07-08T21:01:47.284578,2,2,144.15,0.3,144.0,86,143.8,40,,,,,,,,,,,,,,,,,144.3,150,144.5,100,,,,,,,,,,,,,,,,
2026-07-08T21:01:47.468217+00:00,2026-07-08T21:01:47.468103,2,2,144.15,0.3,144.0,86,143.8,40,,,,,,,,,,,,,,,,,144.3,100,144.5,100,,,,,,,,,,,,,,,,
2026-07-08T21:01:48.321826+00:00,2026-07-08T21:01:48.321955,1,1,144.25,0.5,144.0,86,,,,,,,,,,,,,,,,,,,144.5,100,,,,,,,,,,,,,,,,,,
2026-07-08T21:01:48.378430+00:00,2026-07-08T21:01:48.378288,2,1,144.25,0.5,144.0,86,143.5,150,,,,,,,,,,,,,,,,,144.5,100,,,,,,,,,,,,,,,,,,
2026-07-08T21:01:48.432892+00:00,2026-07-08T21:01:48.432985,1,2,143.75,0.5,143.5,150,,,,,,,,,,,,,,,,,,,144.0,64,144.5,100,,,,,,,,,,,,,,,,
2026-07-08T21:01:49.485069+00:00,2026-07-08T21:01:49.485318,1,2,143.75,0.5,143.5,150,,,,,,,,,,,,,,,,,,,144.0,17,144.5,100,,,,,,,,,,,,,,,,
2026-07-08T21:01:49.575958+00:00,2026-07-08T21:01:49.575830,1,1,144.0,1.0,143.5,150,,,,,,,,,,,,,,,,,,,144.5,67,,,,,,,,,,,,,,,,,,
2026-07-08T21:01:50.338931+00:00,2026-07-08T21:01:50.338788,1,0,,,143.5,150,,,,,,,,,,,,,,,,,,,,,,,,,,,,,,,,,,,,,,
2026-07-08T21:01:50.392821+00:00,2026-07-08T21:01:50.392729,2,0,,,143.9,100,143.5,150,,,,,,,,,,,,,,,,,,,,,,,,,,,,,,,,,,,,
2026-07-08T21:01:50.447510+00:00,2026-07-08T21:01:50.447443,2,1,144.15,0.5,143.9,100,143.5,150,,,,,,,,,,,,,,,,,144.4,100,,,,,,,,,,,,,,,,,,
2026-07-08T21:01:51.484285+00:00,2026-07-08T21:01:51.484197,1,1,144.15,0.5,143.9,100,,,,,,,,,,,,,,,,,,,144.4,100,,,,,,,,,,,,,,,,,,
2026-07-08T21:01:51.558616+00:00,2026-07-08T21:01:51.554959,2,1,144.3,0.2,144.2,104,143.9,100,,,,,,,,,,,,,,,,,144.4,100,,,,,,,,,,,,,,,,,,
2026-07-08T21:01:51.612611+00:00,2026-07-08T21:01:51.612494,2,2,144.3,0.2,144.2,104,143.9,100,,,,,,,,,,,,,,,,,144.4,100,144.7,150,,,,,,,,,,,,,,,,
2026-07-08T21:01:51.736638+00:00,2026-07-08T21:01:51.736513,2,2,144.3,0.2,144.2,54,143.9,100,,,,,,,,,,,,,,,,,144.4,100,144.7,150,,,,,,,,,,,,,,,,
2026-07-08T21:01:52.537604+00:00,2026-07-08T21:01:52.537431,2,2,144.3,0.2,144.2,8,143.9,100,,,,,,,,,,,,,,,,,144.4,100,144.7,150,,,,,,,,,,,,,,,,
2026-07-08T21:01:53.502682+00:00,2026-07-08T21:01:53.502584,1,1,144.45,0.5,144.2,8,,,,,,,,,,,,,,,,,,,144.7,150,,,,,,,,,,,,,,,,,,
2026-07-08T21:01:53.530950+00:00,2026-07-08T21:01:53.530843,1,1,144.45,0.5,144.2,8,,,,,,,,,,,,,,,,,,,144.7,107,,,,,,,,,,,,,,,,,,
2026-07-08T21:01:53.558617+00:00,2026-07-08T21:01:53.558171,2,1,144.45,0.5,144.2,8,144.0,100,,,,,,,,,,,,,,,,,144.7,107,,,,,,,,,,,,,,,,,,
2026-07-08T21:01:53.609965+00:00,2026-07-08T21:01:53.609881,2,2,144.35,0.3,144.2,8,144.0,100,,,,,,,,,,,,,,,,,144.5,100,144.7,107,,,,,,,,,,,,,,,,
2026-07-08T21:01:53.847856+00:00,2026-07-08T21:01:53.847709,1,2,144.25,0.5,144.0,58,,,,,,,,,,,,,,,,,,,144.5,100,144.7,107,,,,,,,,,,,,,,,,
2026-07-08T21:01:54.667567+00:00,2026-07-08T21:01:54.667707,1,1,144.25,0.5,144.0,58,,,,,,,,,,,,,,,,,,,144.5,100,,,,,,,,,,,,,,,,,,
2026-07-08T21:01:54.721966+00:00,2026-07-08T21:01:54.721902,2,1,144.25,0.5,144.0,58,143.8,150,,,,,,,,,,,,,,,,,144.5,100,,,,,,,,,,,,,,,,,,
2026-07-08T21:01:54.773997+00:00,2026-07-08T21:01:54.773967,2,2,144.15,0.3,144.0,58,143.8,150,,,,,,,,,,,,,,,,,144.3,150,144.5,100,,,,,,,,,,,,,,,,
2026-07-08T21:01:55.958567+00:00,2026-07-08T21:01:55.953898,2,2,144.15,0.3,144.0,8,143.8,150,,,,,,,,,,,,,,,,,144.3,150,144.5,100,,,,,,,,,,,,,,,,
2026-07-08T21:01:56.669038+00:00,2026-07-08T21:01:56.668857,1,1,144.05,0.5,143.8,150,,,,,,,,,,,,,,,,,,,144.3,150,,,,,,,,,,,,,,,,,,
2026-07-08T21:01:56.733590+00:00,2026-07-08T21:01:56.733525,2,1,144.05,0.5,143.8,150,143.7,100,,,,,,,,,,,,,,,,,144.3,150,,,,,,,,,,,,,,,,,,
2026-07-08T21:01:56.791456+00:00,2026-07-08T21:01:56.791273,2,2,144.0,0.4,143.8,150,143.7,100,,,,,,,,,,,,,,,,,144.2,100,144.3,150,,,,,,,,,,,,,,,,
2026-07-08T21:01:57.214191+00:00,2026-07-08T21:01:57.214057,2,2,144.0,0.4,143.8,150,143.7,100,,,,,,,,,,,,,,,,,144.2,52,144.3,150,,,,,,,,,,,,,,,,
2026-07-08T21:01:57.828893+00:00,2026-07-08T21:01:57.829056,1,1,143.95,0.5,143.7,100,,,,,,,,,,,,,,,,,,,144.2,52,,,,,,,,,,,,,,,,,,
2026-07-08T21:01:57.883182+00:00,2026-07-08T21:01:57.883125,1,1,143.95,0.5,143.7,250,,,,,,,,,,,,,,,,,,,144.2,52,,,,,,,,,,,,,,,,,,
2026-07-08T21:01:57.931264+00:00,2026-07-08T21:01:57.931175,1,1,143.95,0.5,143.7,250,,,,,,,,,,,,,,,,,,,144.2,202,,,,,,,,,,,,,,,,,,
2026-07-08T21:01:58.058626+00:00,2026-07-08T21:01:58.056203,1,1,143.95,0.5,143.7,200,,,,,,,,,,,,,,,,,,,144.2,202,,,,,,,,,,,,,,,,,,
2026-07-08T21:01:58.302458+00:00,2026-07-08T21:01:58.302404,1,1,143.95,0.5,143.7,200,,,,,,,,,,,,,,,,,,,144.2,157,,,,,,,,,,,,,,,,,,
2026-07-08T21:01:59.844638+00:00,2026-07-08T21:01:59.844547,1,1,143.95,0.5,143.7,150,,,,,,,,,,,,,,,,,,,144.2,150,,,,,,,,,,,,,,,,,,
2026-07-08T21:01:59.898935+00:00,2026-07-08T21:01:59.899016,2,1,143.95,0.5,143.7,150,143.2,100,,,,,,,,,,,,,,,,,144.2,150,,,,,,,,,,,,,,,,,,
2026-07-08T21:01:59.950306+00:00,2026-07-08T21:01:59.950186,2,1,143.95,0.5,143.7,50,143.2,100,,,,,,,,,,,,,,,,,144.2,150,,,,,,,,,,,,,,,,,,
2026-07-08T21:02:00.168775+00:00,2026-07-08T21:02:00.168630,1,1,143.7,1.0,143.2,100,,,,,,,,,,,,,,,,,,,144.2,150,,,,,,,,,,,,,,,,,,
2026-07-08T21:02:00.988501+00:00,2026-07-08T21:02:00.988738,1,0,,,143.2,100,,,,,,,,,,,,,,,,,,,,,,,,,,,,,,,,,,,,,,
2026-07-08T21:02:01.044440+00:00,2026-07-08T21:02:01.044408,2,0,,,143.2,100,142.4,150,,,,,,,,,,,,,,,,,,,,,,,,,,,,,,,,,,,,
2026-07-08T21:02:01.108019+00:00,2026-07-08T21:02:01.101393,1,1,142.65,0.5,142.4,150,,,,,,,,,,,,,,,,,,,142.9,47,,,,,,,,,,,,,,,,,,
2026-07-08T21:02:01.562920+00:00,2026-07-08T21:02:01.558664,1,1,142.65,0.5,142.4,150,,,,,,,,,,,,,,,,,,,142.9,36,,,,,,,,,,,,,,,,,,
2026-07-08T21:02:01.636097+00:00,2026-07-08T21:02:01.630727,1,0,,,142.4,150,,,,,,,,,,,,,,,,,,,,,,,,,,,,,,,,,,,,,,
2026-07-08T21:02:03.058572+00:00,2026-07-08T21:02:03.054980,2,0,,,143.5,100,142.4,150,,,,,,,,,,,,,,,,,,,,,,,,,,,,,,,,,,,,
2026-07-08T21:02:03.123303+00:00,2026-07-08T21:02:03.117348,2,1,143.75,0.5,143.5,76,142.4,150,,,,,,,,,,,,,,,,,144.0,100,,,,,,,,,,,,,,,,,,
2026-07-08T21:02:03.375191+00:00,2026-07-08T21:02:03.371481,2,1,143.75,0.5,143.5,64,142.4,150,,,,,,,,,,,,,,,,,144.0,100,,,,,,,,,,,,,,,,,,
2026-07-08T21:02:03.986875+00:00,2026-07-08T21:02:03.978692,2,1,143.75,0.5,143.5,53,142.4,150,,,,,,,,,,,,,,,,,144.0,100,,,,,,,,,,,,,,,,,,
2026-07-08T21:02:04.106137+00:00,2026-07-08T21:02:04.106016,2,1,143.75,0.5,143.5,11,142.4,150,,,,,,,,,,,,,,,,,144.0,100,,,,,,,,,,,,,,,,,,
2026-07-08T21:02:04.150492+00:00,2026-07-08T21:02:04.150602,1,1,143.75,0.5,143.5,11,,,,,,,,,,,,,,,,,,,144.0,100,,,,,,,,,,,,,,,,,,
2026-07-08T21:02:04.207747+00:00,2026-07-08T21:02:04.207611,2,1,143.75,0.5,143.5,11,143.2,150,,,,,,,,,,,,,,,,,144.0,100,,,,,,,,,,,,,,,,,,
2026-07-08T21:02:04.258595+00:00,2026-07-08T21:02:04.257387,2,2,143.6,0.2,143.5,11,143.2,150,,,,,,,,,,,,,,,,,143.7,150,144.0,100,,,,,,,,,,,,,,,,
2026-07-08T21:02:04.337342+00:00,2026-07-08T21:02:04.331697,2,2,143.6,0.2,143.5,8,143.2,150,,,,,,,,,,,,,,,,,143.7,100,144.0,100,,,,,,,,,,,,,,,,
2026-07-08T21:02:06.167380+00:00,2026-07-08T21:02:06.167294,1,1,143.45,0.5,143.2,150,,,,,,,,,,,,,,,,,,,143.7,100,,,,,,,,,,,,,,,,,,
2026-07-08T21:02:06.220789+00:00,2026-07-08T21:02:06.220676,2,1,143.45,0.5,143.2,150,142.7,100,,,,,,,,,,,,,,,,,143.7,100,,,,,,,,,,,,,,,,,,
2026-07-08T21:02:06.270676+00:00,2026-07-08T21:02:06.270547,2,1,143.45,0.5,143.2,50,142.7,100,,,,,,,,,,,,,,,,,143.7,100,,,,,,,,,,,,,,,,,,
2026-07-08T21:02:06.440489+00:00,2026-07-08T21:02:06.440403,2,1,143.45,0.5,143.2,50,142.7,100,,,,,,,,,,,,,,,,,143.7,50,,,,,,,,,,,,,,,,,,
2026-07-08T21:02:07.316146+00:00,2026-07-08T21:02:07.316077,1,0,,,142.7,100,,,,,,,,,,,,,,,,,,,,,,,,,,,,,,,,,,,,,,
2026-07-08T21:02:07.336070+00:00,2026-07-08T21:02:07.336211,1,0,,,142.7,56,,,,,,,,,,,,,,,,,,,,,,,,,,,,,,,,,,,,,,
2026-07-08T21:02:07.370225+00:00,2026-07-08T21:02:07.370316,2,0,,,143.0,150,142.7,56,,,,,,,,,,,,,,,,,,,,,,,,,,,,,,,,,,,,
2026-07-08T21:02:07.423180+00:00,2026-07-08T21:02:07.423108,2,1,143.25,0.5,143.0,150,142.7,56,,,,,,,,,,,,,,,,,143.5,150,,,,,,,,,,,,,,,,,,
2026-07-08T21:02:08.564658+00:00,2026-07-08T21:02:08.564516,2,1,143.25,0.5,143.0,150,142.7,56,,,,,,,,,,,,,,,,,143.5,100,,,,,,,,,,,,,,,,,,
2026-07-08T21:02:09.328748+00:00,2026-07-08T21:02:09.328610,1,1,143.25,0.5,143.0,150,,,,,,,,,,,,,,,,,,,143.5,100,,,,,,,,,,,,,,,,,,
2026-07-08T21:02:09.381808+00:00,2026-07-08T21:02:09.381679,2,1,143.25,0.5,143.0,150,142.7,100,,,,,,,,,,,,,,,,,143.5,100,,,,,,,,,,,,,,,,,,
2026-07-08T21:02:09.436300+00:00,2026-07-08T21:02:09.436138,2,2,143.1,0.2,143.0,150,142.7,100,,,,,,,,,,,,,,,,,143.2,100,143.5,100,,,,,,,,,,,,,,,,
2026-07-08T21:02:09.588002+00:00,2026-07-08T21:02:09.582168,2,2,143.1,0.2,143.0,150,142.7,100,,,,,,,,,,,,,,,,,143.2,97,143.5,100,,,,,,,,,,,,,,,,
2026-07-08T21:02:10.478425+00:00,2026-07-08T21:02:10.478367,1,1,142.95,0.5,142.7,100,,,,,,,,,,,,,,,,,,,143.2,97,,,,,,,,,,,,,,,,,,
2026-07-08T21:02:10.534307+00:00,2026-07-08T21:02:10.534275,2,0,,,143.2,53,142.7,100,,,,,,,,,,,,,,,,,,,,,,,,,,,,,,,,,,,,
2026-07-08T21:02:10.590122+00:00,2026-07-08T21:02:10.589983,2,1,143.45,0.5,143.2,53,142.7,100,,,,,,,,,,,,,,,,,143.7,150,,,,,,,,,,,,,,,,,,
2026-07-08T21:02:10.669314+00:00,2026-07-08T21:02:10.669485,2,1,143.45,0.5,143.2,53,142.7,100,,,,,,,,,,,,,,,,,143.7,100,,,,,,,,,,,,,,,,,,
2026-07-08T21:02:12.489916+00:00,2026-07-08T21:02:12.489777,1,1,143.45,0.5,143.2,53,,,,,,,,,,,,,,,,,,,143.7,100,,,,,,,,,,,,,,,,,,
2026-07-08T21:02:12.545174+00:00,2026-07-08T21:02:12.545104,2,1,143.55,0.3,143.4,100,143.2,53,,,,,,,,,,,,,,,,,143.7,100,,,,,,,,,,,,,,,,,,
2026-07-08T21:02:12.600180+00:00,2026-07-08T21:02:12.600129,2,2,143.55,0.3,143.4,100,143.2,53,,,,,,,,,,,,,,,,,143.7,100,143.9,100,,,,,,,,,,,,,,,,
2026-07-08T21:02:12.778574+00:00,2026-07-08T21:02:12.778779,2,2,143.55,0.3,143.4,100,143.2,53,,,,,,,,,,,,,,,,,143.7,50,143.9,100,,,,,,,,,,,,,,,,
2026-07-08T21:02:13.643901+00:00,2026-07-08T21:02:13.643823,1,1,143.65,0.5,143.4,100,,,,,,,,,,,,,,,,,,,143.9,100,,,,,,,,,,,,,,,,,,
2026-07-08T21:02:13.699195+00:00,2026-07-08T21:02:13.699056,1,1,143.65,0.5,143.4,250,,,,,,,,,,,,,,,,,,,143.9,100,,,,,,,,,,,,,,,,,,
2026-07-08T21:02:13.752146+00:00,2026-07-08T21:02:13.752029,1,1,143.65,0.5,143.4,250,,,,,,,,,,,,,,,,,,,143.9,250,,,,,,,,,,,,,,,,,,
2026-07-08T21:02:13.979143+00:00,2026-07-08T21:02:13.979068,1,1,143.65,0.5,143.4,209,,,,,,,,,,,,,,,,,,,143.9,250,,,,,,,,,,,,,,,,,,
2026-07-08T21:02:14.884599+00:00,2026-07-08T21:02:14.884720,1,1,143.65,0.5,143.4,209,,,,,,,,,,,,,,,,,,,143.9,200,,,,,,,,,,,,,,,,,,
2026-07-08T21:02:15.653357+00:00,2026-07-08T21:02:15.653494,1,1,143.65,0.5,143.4,150,,,,,,,,,,,,,,,,,,,143.9,150,,,,,,,,,,,,,,,,,,
2026-07-08T21:02:15.701130+00:00,2026-07-08T21:02:15.699531,2,1,143.7,0.4,143.5,100,143.4,150,,,,,,,,,,,,,,,,,143.9,150,,,,,,,,,,,,,,,,,,
2026-07-08T21:02:15.758584+00:00,2026-07-08T21:02:15.755153,2,2,143.7,0.4,143.5,100,143.4,150,,,,,,,,,,,,,,,,,143.9,150,144.0,100,,,,,,,,,,,,,,,,
2026-07-08T21:02:16.801909+00:00,2026-07-08T21:02:16.801850,1,1,143.75,0.5,143.5,100,,,,,,,,,,,,,,,,,,,144.0,100,,,,,,,,,,,,,,,,,,
2026-07-08T21:02:16.855216+00:00,2026-07-08T21:02:16.855298,2,1,143.75,0.5,143.5,100,143.3,150,,,,,,,,,,,,,,,,,144.0,100,,,,,,,,,,,,,,,,,,
2026-07-08T21:02:16.911861+00:00,2026-07-08T21:02:16.911802,2,2,143.65,0.3,143.5,100,143.3,150,,,,,,,,,,,,,,,,,143.8,150,144.0,100,,,,,,,,,,,,,,,,
2026-07-08T21:02:16.965682+00:00,2026-07-08T21:02:16.965546,2,2,143.65,0.3,143.5,100,143.3,150,,,,,,,,,,,,,,,,,143.8,108,144.0,100,,,,,,,,,,,,,,,,
2026-07-08T21:02:17.044737+00:00,2026-07-08T21:02:17.044675,2,2,143.65,0.3,143.5,50,143.3,150,,,,,,,,,,,,,,,,,143.8,108,144.0,100,,,,,,,,,,,,,,,,
2026-07-08T21:02:17.384628+00:00,2026-07-08T21:02:17.378556,2,2,143.65,0.3,143.5,47,143.3,150,,,,,,,,,,,,,,,,,143.8,108,144.0,100,,,,,,,,,,,,,,,,
2026-07-08T21:02:17.672004+00:00,2026-07-08T21:02:17.671900,2,2,143.65,0.3,143.5,47,143.3,150,,,,,,,,,,,,,,,,,143.8,65,144.0,100,,,,,,,,,,,,,,,,
2026-07-08T21:02:18.818526+00:00,2026-07-08T21:02:18.818377,1,1,143.55,0.5,143.3,150,,,,,,,,,,,,,,,,,,,143.8,65,,,,,,,,,,,,,,,,,,
2026-07-08T21:02:18.873689+00:00,2026-07-08T21:02:18.873862,2,1,143.55,0.5,143.3,150,143.2,100,,,,,,,,,,,,,,,,,143.8,65,,,,,,,,,,,,,,,,,,
2026-07-08T21:02:18.928835+00:00,2026-07-08T21:02:18.928735,2,2,143.5,0.4,143.3,150,143.2,100,,,,,,,,,,,,,,,,,143.7,100,143.8,65,,,,,,,,,,,,,,,,
2026-07-08T21:02:19.158638+00:00,2026-07-08T21:02:19.147378,2,2,143.5,0.4,143.3,100,143.2,100,,,,,,,,,,,,,,,,,143.7,100,143.8,65,,,,,,,,,,,,,,,,
2026-07-08T21:02:19.953483+00:00,2026-07-08T21:02:19.958218,1,1,143.45,0.5,143.2,100,,,,,,,,,,,,,,,,,,,143.7,100,,,,,,,,,,,,,,,,,,
2026-07-08T21:02:20.019032+00:00,2026-07-08T21:02:20.018986,2,1,143.6,0.2,143.5,150,143.2,100,,,,,,,,,,,,,,,,,143.7,100,,,,,,,,,,,,,,,,,,
2026-07-08T21:02:20.083616+00:00,2026-07-08T21:02:20.083447,2,2,143.6,0.2,143.5,150,143.2,100,,,,,,,,,,,,,,,,,143.7,100,144.0,150,,,,,,,,,,,,,,,,
2026-07-08T21:02:21.984671+00:00,2026-07-08T21:02:21.984608,1,1,143.75,0.5,143.5,150,,,,,,,,,,,,,,,,,,,144.0,150,,,,,,,,,,,,,,,,,,
2026-07-08T21:02:22.038249+00:00,2026-07-08T21:02:22.038133,2,1,143.75,0.5,143.5,150,143.2,100,,,,,,,,,,,,,,,,,144.0,150,,,,,,,,,,,,,,,,,,
2026-07-08T21:02:22.091037+00:00,2026-07-08T21:02:22.090862,2,2,143.6,0.2,143.5,150,143.2,100,,,,,,,,,,,,,,,,,143.7,100,144.0,150,,,,,,,,,,,,,,,,
2026-07-08T21:02:23.140941+00:00,2026-07-08T21:02:23.140905,1,1,143.45,0.5,143.2,100,,,,,,,,,,,,,,,,,,,143.7,100,,,,,,,,,,,,,,,,,,
2026-07-08T21:02:23.193734+00:00,2026-07-08T21:02:23.193656,2,1,143.55,0.3,143.4,150,143.2,100,,,,,,,,,,,,,,,,,143.7,100,,,,,,,,,,,,,,,,,,
2026-07-08T21:02:23.245904+00:00,2026-07-08T21:02:23.245847,2,2,143.55,0.3,143.4,150,143.2,100,,,,,,,,,,,,,,,,,143.7,100,143.9,150,,,,,,,,,,,,,,,,
2026-07-08T21:02:23.380791+00:00,2026-07-08T21:02:23.380653,2,2,143.55,0.3,143.4,100,143.2,100,,,,,,,,,,,,,,,,,143.7,100,143.9,150,,,,,,,,,,,,,,,,
2026-07-08T21:02:24.192191+00:00,2026-07-08T21:02:24.192086,2,2,143.55,0.3,143.4,52,143.2,100,,,,,,,,,,,,,,,,,143.7,100,143.9,150,,,,,,,,,,,,,,,,
2026-07-08T21:02:25.142729+00:00,2026-07-08T21:02:25.142629,1,1,143.65,0.5,143.4,52,,,,,,,,,,,,,,,,,,,143.9,150,,,,,,,,,,,,,,,,,,
2026-07-08T21:02:25.198699+00:00,2026-07-08T21:02:25.198608,2,1,143.65,0.5,143.4,52,143.3,100,,,,,,,,,,,,,,,,,143.9,150,,,,,,,,,,,,,,,,,,
2026-07-08T21:02:25.247739+00:00,2026-07-08T21:02:25.247647,2,2,143.6,0.4,143.4,52,143.3,100,,,,,,,,,,,,,,,,,143.8,100,143.9,150,,,,,,,,,,,,,,,,
2026-07-08T21:02:25.489296+00:00,2026-07-08T21:02:25.489152,2,2,143.6,0.4,143.4,2,143.3,100,,,,,,,,,,,,,,,,,143.8,100,143.9,150,,,,,,,,,,,,,,,,
2026-07-08T21:02:26.301953+00:00,2026-07-08T21:02:26.301910,1,1,143.55,0.5,143.3,100,,,,,,,,,,,,,,,,,,,143.8,100,,,,,,,,,,,,,,,,,,
2026-07-08T21:02:26.364443+00:00,2026-07-08T21:02:26.364353,2,1,143.55,0.5,143.3,100,142.8,150,,,,,,,,,,,,,,,,,143.8,100,,,,,,,,,,,,,,,,,,
2026-07-08T21:02:26.427224+00:00,2026-07-08T21:02:26.427094,1,2,143.05,0.5,142.8,150,,,,,,,,,,,,,,,,,,,143.3,50,143.8,100,,,,,,,,,,,,,,,,
2026-07-08T21:02:27.358559+00:00,2026-07-08T21:02:27.354081,1,2,143.05,0.5,142.8,150,,,,,,,,,,,,,,,,,,,143.3,3,143.8,100,,,,,,,,,,,,,,,,
2026-07-08T21:02:27.876937+00:00,2026-07-08T21:02:27.876895,1,2,143.05,0.5,142.8,110,,,,,,,,,,,,,,,,,,,143.3,3,143.8,100,,,,,,,,,,,,,,,,
2026-07-08T21:02:28.305897+00:00,2026-07-08T21:02:28.305785,1,1,143.05,0.5,142.8,110,,,,,,,,,,,,,,,,,,,143.3,3,,,,,,,,,,,,,,,,,,
2026-07-08T21:02:28.358668+00:00,2026-07-08T21:02:28.354201,1,1,143.05,0.5,142.8,210,,,,,,,,,,,,,,,,,,,143.3,3,,,,,,,,,,,,,,,,,,
2026-07-08T21:02:28.412123+00:00,2026-07-08T21:02:28.412065,1,1,143.05,0.5,142.8,210,,,,,,,,,,,,,,,,,,,143.3,103,,,,,,,,,,,,,,,,,,
2026-07-08T21:02:29.482625+00:00,2026-07-08T21:02:29.482507,1,1,143.05,0.5,142.8,100,,,,,,,,,,,,,,,,,,,143.3,100,,,,,,,,,,,,,,,,,,
2026-07-08T21:02:29.538932+00:00,2026-07-08T21:02:29.538860,2,1,143.25,0.1,143.2,150,142.8,100,,,,,,,,,,,,,,,,,143.3,100,,,,,,,,,,,,,,,,,,
2026-07-08T21:02:29.591503+00:00,2026-07-08T21:02:29.591470,2,2,143.25,0.1,143.2,150,142.8,100,,,,,,,,,,,,,,,,,143.3,100,143.7,150,,,,,,,,,,,,,,,,
2026-07-08T21:02:29.658599+00:00,2026-07-08T21:02:29.657732,2,2,143.25,0.1,143.2,150,142.8,100,,,,,,,,,,,,,,,,,143.3,50,143.7,150,,,,,,,,,,,,,,,,
2026-07-08T21:02:31.466206+00:00,2026-07-08T21:02:31.466146,1,1,143.45,0.5,143.2,150,,,,,,,,,,,,,,,,,,,143.7,150,,,,,,,,,,,,,,,,,,
2026-07-08T21:02:31.521072+00:00,2026-07-08T21:02:31.520905,2,1,143.45,0.5,143.2,150,142.9,100,,,,,,,,,,,,,,,,,143.7,150,,,,,,,,,,,,,,,,,,
2026-07-08T21:02:31.574486+00:00,2026-07-08T21:02:31.574422,2,2,143.3,0.2,143.2,150,142.9,100,,,,,,,,,,,,,,,,,143.4,100,143.7,150,,,,,,,,,,,,,,,,
2026-07-08T21:02:31.816720+00:00,2026-07-08T21:02:31.816607,2,2,143.3,0.2,143.2,100,142.9,100,,,,,,,,,,,,,,,,,143.4,100,143.7,150,,,,,,,,,,,,,,,,
2026-07-08T21:02:32.643092+00:00,2026-07-08T21:02:32.643222,2,1,143.3,0.2,143.2,100,142.9,100,,,,,,,,,,,,,,,,,143.4,100,,,,,,,,,,,,,,,,,,
2026-07-08T21:02:32.648303+00:00,2026-07-08T21:02:32.648373,1,1,143.15,0.5,142.9,100,,,,,,,,,,,,,,,,,,,143.4,100,,,,,,,,,,,,,,,,,,
2026-07-08T21:02:32.698261+00:00,2026-07-08T21:02:32.698142,1,1,143.15,0.5,142.9,250,,,,,,,,,,,,,,,,,,,143.4,100,,,,,,,,,,,,,,,,,,
2026-07-08T21:02:32.750526+00:00,2026-07-08T21:02:32.750645,1,1,143.15,0.5,142.9,250,,,,,,,,,,,,,,,,,,,143.4,250,,,,,,,,,,,,,,,,,,
2026-07-08T21:02:33.348840+00:00,2026-07-08T21:02:33.348765,1,1,143.15,0.5,142.9,250,,,,,,,,,,,,,,,,,,,143.4,206,,,,,,,,,,,,,,,,,,
2026-07-08T21:02:33.921329+00:00,2026-07-08T21:02:33.921242,1,1,143.15,0.5,142.9,200,,,,,,,,,,,,,,,,,,,143.4,206,,,,,,,,,,,,,,,,,,
2026-07-08T21:02:34.421975+00:00,2026-07-08T21:02:34.421817,1,1,143.15,0.5,142.9,200,,,,,,,,,,,,,,,,,,,143.4,165,,,,,,,,,,,,,,,,,,
2026-07-08T21:02:34.628757+00:00,2026-07-08T21:02:34.628632,1,1,143.15,0.5,142.9,150,,,,,,,,,,,,,,,,,,,143.4,150,,,,,,,,,,,,,,,,,,
2026-07-08T21:02:34.684236+00:00,2026-07-08T21:02:34.684132,2,1,143.15,0.5,142.9,150,142.7,100,,,,,,,,,,,,,,,,,143.4,150,,,,,,,,,,,,,,,,,,
2026-07-08T21:02:34.737343+00:00,2026-07-08T21:02:34.737459,2,2,143.05,0.3,142.9,150,142.7,100,,,,,,,,,,,,,,,,,143.2,100,143.4,150,,,,,,,,,,,,,,,,
2026-07-08T21:02:35.808453+00:00,2026-07-08T21:02:35.808643,1,1,142.95,0.5,142.7,100,,,,,,,,,,,,,,,,,,,143.2,100,,,,,,,,,,,,,,,,,,
2026-07-08T21:02:35.859371+00:00,2026-07-08T21:02:35.859460,2,1,142.95,0.5,142.7,100,142.6,150,,,,,,,,,,,,,,,,,143.2,100,,,,,,,,,,,,,,,,,,
2026-07-08T21:02:35.925836+00:00,2026-07-08T21:02:35.920121,2,2,142.9,0.4,142.7,100,142.6,150,,,,,,,,,,,,,,,,,143.1,147,143.2,100,,,,,,,,,,,,,,,,
2026-07-08T21:02:37.791222+00:00,2026-07-08T21:02:37.791188,1,1,142.85,0.5,142.6,150,,,,,,,,,,,,,,,,,,,143.1,147,,,,,,,,,,,,,,,,,,
2026-07-08T21:02:37.846022+00:00,2026-07-08T21:02:37.845861,2,1,143.05,0.1,143.0,100,142.6,150,,,,,,,,,,,,,,,,,143.1,147,,,,,,,,,,,,,,,,,,
2026-07-08T21:02:37.913793+00:00,2026-07-08T21:02:37.913707,2,2,143.05,0.1,143.0,100,142.6,150,,,,,,,,,,,,,,,,,143.1,147,143.5,100,,,,,,,,,,,,,,,,
2026-07-08T21:02:38.085028+00:00,2026-07-08T21:02:38.085227,2,2,143.05,0.1,143.0,100,142.6,150,,,,,,,,,,,,,,,,,143.1,97,143.5,100,,,,,,,,,,,,,,,,
2026-07-08T21:02:38.969642+00:00,2026-07-08T21:02:38.969612,1,1,143.25,0.5,143.0,100,,,,,,,,,,,,,,,,,,,143.5,100,,,,,,,,,,,,,,,,,,
2026-07-08T21:02:39.023937+00:00,2026-07-08T21:02:39.023827,2,1,143.3,0.4,143.1,150,143.0,100,,,,,,,,,,,,,,,,,143.5,100,,,,,,,,,,,,,,,,,,
2026-07-08T21:02:39.077994+00:00,2026-07-08T21:02:39.077936,2,2,143.3,0.4,143.1,150,143.0,100,,,,,,,,,,,,,,,,,143.5,100,143.6,150,,,,,,,,,,,,,,,,
2026-07-08T21:02:40.194675+00:00,2026-07-08T21:02:40.194524,2,2,143.3,0.4,143.1,150,143.0,100,,,,,,,,,,,,,,,,,143.5,50,143.6,150,,,,,,,,,,,,,,,,
2026-07-08T21:02:40.980013+00:00,2026-07-08T21:02:40.979878,1,1,143.35,0.5,143.1,150,,,,,,,,,,,,,,,,,,,143.6,150,,,,,,,,,,,,,,,,,,
2026-07-08T21:02:41.039879+00:00,2026-07-08T21:02:41.039848,1,1,143.35,0.5,143.1,250,,,,,,,,,,,,,,,,,,,143.6,150,,,,,,,,,,,,,,,,,,
2026-07-08T21:02:41.088524+00:00,2026-07-08T21:02:41.088369,1,1,143.35,0.5,143.1,250,,,,,,,,,,,,,,,,,,,143.6,250,,,,,,,,,,,,,,,,,,
2026-07-08T21:02:42.132600+00:00,2026-07-08T21:02:42.132484,1,1,143.35,0.5,143.1,100,,,,,,,,,,,,,,,,,,,143.6,100,,,,,,,,,,,,,,,,,,
2026-07-08T21:02:42.184479+00:00,2026-07-08T21:02:42.184653,2,1,143.4,0.4,143.2,150,143.1,100,,,,,,,,,,,,,,,,,143.6,100,,,,,,,,,,,,,,,,,,
2026-07-08T21:02:42.240838+00:00,2026-07-08T21:02:42.240933,2,2,143.4,0.4,143.2,150,143.1,100,,,,,,,,,,,,,,,,,143.6,100,143.7,150,,,,,,,,,,,,,,,,
2026-07-08T21:02:42.299807+00:00,2026-07-08T21:02:42.299662,2,2,143.4,0.4,143.2,150,143.1,100,,,,,,,,,,,,,,,,,143.6,50,143.7,150,,,,,,,,,,,,,,,,
2026-07-08T21:02:44.169109+00:00,2026-07-08T21:02:44.168985,1,1,143.45,0.5,143.2,150,,,,,,,,,,,,,,,,,,,143.7,150,,,,,,,,,,,,,,,,,,
2026-07-08T21:02:44.196183+00:00,2026-07-08T21:02:44.196302,2,1,143.5,0.4,143.3,100,143.2,150,,,,,,,,,,,,,,,,,143.7,150,,,,,,,,,,,,,,,,,,
2026-07-08T21:02:44.248918+00:00,2026-07-08T21:02:44.248790,2,2,143.5,0.4,143.3,100,143.2,150,,,,,,,,,,,,,,,,,143.7,150,143.8,100,,,,,,,,,,,,,,,,
2026-07-08T21:02:44.406186+00:00,2026-07-08T21:02:44.406061,2,2,143.5,0.4,143.3,100,143.2,150,,,,,,,,,,,,,,,,,143.7,100,143.8,100,,,,,,,,,,,,,,,,
2026-07-08T21:02:45.292027+00:00,2026-07-08T21:02:45.291909,2,1,143.55,0.5,143.3,100,143.2,150,,,,,,,,,,,,,,,,,143.8,100,,,,,,,,,,,,,,,,,,
2026-07-08T21:02:45.297120+00:00,2026-07-08T21:02:45.297087,1,1,143.55,0.5,143.3,100,,,,,,,,,,,,,,,,,,,143.8,100,,,,,,,,,,,,,,,,,,
2026-07-08T21:02:45.350273+00:00,2026-07-08T21:02:45.350424,2,1,143.6,0.4,143.4,150,143.3,100,,,,,,,,,,,,,,,,,143.8,100,,,,,,,,,,,,,,,,,,
2026-07-08T21:02:45.404259+00:00,2026-07-08T21:02:45.404197,2,2,143.6,0.4,143.4,150,143.3,100,,,,,,,,,,,,,,,,,143.8,100,143.9,150,,,,,,,,,,,,,,,,
2026-07-08T21:02:45.779703+00:00,2026-07-08T21:02:45.774225,2,2,143.6,0.4,143.4,147,143.3,100,,,,,,,,,,,,,,,,,143.8,100,143.9,150,,,,,,,,,,,,,,,,
2026-07-08T21:02:46.516880+00:00,2026-07-08T21:02:46.517054,2,2,143.6,0.4,143.4,147,143.3,100,,,,,,,,,,,,,,,,,143.8,50,143.9,150,,,,,,,,,,,,,,,,
2026-07-08T21:02:47.305071+00:00,2026-07-08T21:02:47.305296,1,1,143.65,0.5,143.4,147,,,,,,,,,,,,,,,,,,,143.9,150,,,,,,,,,,,,,,,,,,
2026-07-08T21:02:47.358609+00:00,2026-07-08T21:02:47.354990,2,1,143.65,0.5,143.4,147,142.9,100,,,,,,,,,,,,,,,,,143.9,150,,,,,,,,,,,,,,,,,,
2026-07-08T21:02:47.413758+00:00,2026-07-08T21:02:47.413684,2,1,143.65,0.5,143.4,47,142.9,100,,,,,,,,,,,,,,,,,143.9,150,,,,,,,,,,,,,,,,,,
2026-07-08T21:02:47.621447+00:00,2026-07-08T21:02:47.614554,2,1,143.65,0.5,143.4,44,142.9,100,,,,,,,,,,,,,,,,,143.9,150,,,,,,,,,,,,,,,,,,
2026-07-08T21:02:48.454123+00:00,2026-07-08T21:02:48.454254,1,0,,,142.9,100,,,,,,,,,,,,,,,,,,,,,,,,,,,,,,,,,,,,,,
2026-07-08T21:02:48.514038+00:00,2026-07-08T21:02:48.513956,2,0,,,142.9,100,142.7,150,,,,,,,,,,,,,,,,,,,,,,,,,,,,,,,,,,,,
2026-07-08T21:02:48.578625+00:00,2026-07-08T21:02:48.571986,2,1,143.05,0.3,142.9,100,142.7,150,,,,,,,,,,,,,,,,,143.2,147,,,,,,,,,,,,,,,,,,
2026-07-08T21:02:48.628906+00:00,2026-07-08T21:02:48.628734,2,1,143.05,0.3,142.9,100,142.7,150,,,,,,,,,,,,,,,,,143.2,97,,,,,,,,,,,,,,,,,,
2026-07-08T21:02:50.472757+00:00,2026-07-08T21:02:50.472720,1,1,142.95,0.5,142.7,150,,,,,,,,,,,,,,,,,,,143.2,97,,,,,,,,,,,,,,,,,,
2026-07-08T21:02:50.527820+00:00,2026-07-08T21:02:50.527737,2,0,,,143.5,3,142.7,150,,,,,,,,,,,,,,,,,,,,,,,,,,,,,,,,,,,,
2026-07-08T21:02:50.617759+00:00,2026-07-08T21:02:50.584514,1,1,143.35,1.3,142.7,150,,,,,,,,,,,,,,,,,,,144.0,100,,,,,,,,,,,,,,,,,,
2026-07-08T21:02:50.733083+00:00,2026-07-08T21:02:50.733280,1,1,143.35,1.3,142.7,150,,,,,,,,,,,,,,,,,,,144.0,50,,,,,,,,,,,,,,,,,,
2026-07-08T21:02:51.622051+00:00,2026-07-08T21:02:51.621964,0,1,,,,,,,,,,,,,,,,,,,,,,,144.0,50,,,,,,,,,,,,,,,,,,
2026-07-08T21:02:51.675289+00:00,2026-07-08T21:02:51.675184,1,1,143.6,0.8,143.2,150,,,,,,,,,,,,,,,,,,,144.0,50,,,,,,,,,,,,,,,,,,
2026-07-08T21:02:51.744125+00:00,2026-07-08T21:02:51.744042,1,2,143.45,0.5,143.2,150,,,,,,,,,,,,,,,,,,,143.7,150,144.0,50,,,,,,,,,,,,,,,,
2026-07-08T21:02:52.358631+00:00,2026-07-08T21:02:52.356307,1,2,143.45,0.5,143.2,108,,,,,,,,,,,,,,,,,,,143.7,150,144.0,50,,,,,,,,,,,,,,,,
2026-07-08T21:02:52.840730+00:00,2026-07-08T21:02:52.840683,1,2,143.45,0.5,143.2,108,,,,,,,,,,,,,,,,,,,143.7,100,144.0,50,,,,,,,,,,,,,,,,
2026-07-08T21:02:52.997189+00:00,2026-07-08T21:02:52.997124,1,2,143.45,0.5,143.2,62,,,,,,,,,,,,,,,,,,,143.7,100,144.0,50,,,,,,,,,,,,,,,,
2026-07-08T21:02:53.632545+00:00,2026-07-08T21:02:53.632421,1,1,143.45,0.5,143.2,62,,,,,,,,,,,,,,,,,,,143.7,100,,,,,,,,,,,,,,,,,,
2026-07-08T21:02:53.690341+00:00,2026-07-08T21:02:53.690230,2,1,143.5,0.4,143.3,100,143.2,62,,,,,,,,,,,,,,,,,143.7,100,,,,,,,,,,,,,,,,,,
2026-07-08T21:02:53.738492+00:00,2026-07-08T21:02:53.738647,2,2,143.5,0.4,143.3,100,143.2,62,,,,,,,,,,,,,,,,,143.7,100,143.8,100,,,,,,,,,,,,,,,,
2026-07-08T21:02:54.799215+00:00,2026-07-08T21:02:54.799142,1,1,143.55,0.5,143.3,100,,,,,,,,,,,,,,,,,,,143.8,100,,,,,,,,,,,,,,,,,,
2026-07-08T21:02:54.869215+00:00,2026-07-08T21:02:54.869041,2,1,143.55,0.5,143.3,100,143.2,150,,,,,,,,,,,,,,,,,143.8,100,,,,,,,,,,,,,,,,,,
2026-07-08T21:02:54.909924+00:00,2026-07-08T21:02:54.909864,2,1,143.55,0.5,143.3,58,143.2,150,,,,,,,,,,,,,,,,,143.8,100,,,,,,,,,,,,,,,,,,
2026-07-08T21:02:54.925637+00:00,2026-07-08T21:02:54.925599,2,2,143.5,0.4,143.3,58,143.2,150,,,,,,,,,,,,,,,,,143.7,150,143.8,100,,,,,,,,,,,,,,,,
2026-07-08T21:02:54.958570+00:00,2026-07-08T21:02:54.952885,2,2,143.5,0.4,143.3,58,143.2,150,,,,,,,,,,,,,,,,,143.7,100,143.8,100,,,,,,,,,,,,,,,,
2026-07-08T21:02:56.794571+00:00,2026-07-08T21:02:56.794459,1,1,143.45,0.5,143.2,150,,,,,,,,,,,,,,,,,,,143.7,100,,,,,,,,,,,,,,,,,,
2026-07-08T21:02:56.848425+00:00,2026-07-08T21:02:56.848399,2,1,143.5,0.4,143.3,100,143.2,150,,,,,,,,,,,,,,,,,143.7,100,,,,,,,,,,,,,,,,,,
2026-07-08T21:02:56.900418+00:00,2026-07-08T21:02:56.900356,2,2,143.5,0.4,143.3,100,143.2,150,,,,,,,,,,,,,,,,,143.7,100,143.8,100,,,,,,,,,,,,,,,,
2026-07-08T21:02:56.994047+00:00,2026-07-08T21:02:56.993958,2,2,143.5,0.4,143.3,100,143.2,150,,,,,,,,,,,,,,,,,143.7,57,143.8,100,,,,,,,,,,,,,,,,
2026-07-08T21:02:57.057466+00:00,2026-07-08T21:02:57.057717,2,2,143.5,0.4,143.3,100,143.2,150,,,,,,,,,,,,,,,,,143.7,7,143.8,100,,,,,,,,,,,,,,,,
2026-07-08T21:02:57.984725+00:00,2026-07-08T21:02:57.984647,1,1,143.55,0.5,143.3,100,,,,,,,,,,,,,,,,,,,143.8,100,,,,,,,,,,,,,,,,,,
2026-07-08T21:02:58.035763+00:00,2026-07-08T21:02:58.035937,2,0,,,143.8,50,143.3,100,,,,,,,,,,,,,,,,,,,,,,,,,,,,,,,,,,,,
2026-07-08T21:02:58.102831+00:00,2026-07-08T21:02:58.097359,2,1,144.05,0.5,143.8,16,143.3,100,,,,,,,,,,,,,,,,,144.3,150,,,,,,,,,,,,,,,,,,
2026-07-08T21:02:58.558582+00:00,2026-07-08T21:02:58.557544,1,1,143.8,1.0,143.3,71,,,,,,,,,,,,,,,,,,,144.3,150,,,,,,,,,,,,,,,,,,
2026-07-08T21:02:59.169142+00:00,2026-07-08T21:02:59.169023,1,1,143.8,1.0,143.3,71,,,,,,,,,,,,,,,,,,,144.3,100,,,,,,,,,,,,,,,,,,
2026-07-08T21:02:59.958639+00:00,2026-07-08T21:02:59.956409,0,1,,,,,,,,,,,,,,,,,,,,,,,144.3,100,,,,,,,,,,,,,,,,,,
2026-07-08T21:03:00.008040+00:00,2026-07-08T21:03:00.007999,1,1,143.9,0.8,143.5,100,,,,,,,,,,,,,,,,,,,144.3,100,,,,,,,,,,,,,,,,,,
2026-07-08T21:03:00.064667+00:00,2026-07-08T21:03:00.064602,1,2,143.75,0.5,143.5,100,,,,,,,,,,,,,,,,,,,144.0,100,144.3,100,,,,,,,,,,,,,,,,
2026-07-08T21:03:01.147372+00:00,2026-07-08T21:03:01.147340,1,1,143.75,0.5,143.5,100,,,,,,,,,,,,,,,,,,,144.0,100,,,,,,,,,,,,,,,,,,
2026-07-08T21:03:01.201692+00:00,2026-07-08T21:03:01.201609,2,1,143.75,0.5,143.5,100,143.3,150,,,,,,,,,,,,,,,,,144.0,100,,,,,,,,,,,,,,,,,,
2026-07-08T21:03:01.258615+00:00,2026-07-08T21:03:01.254997,2,2,143.65,0.3,143.5,100,143.3,150,,,,,,,,,,,,,,,,,143.8,150,144.0,100,,,,,,,,,,,,,,,,
2026-07-08T21:03:01.282215+00:00,2026-07-08T21:03:01.282054,2,2,143.65,0.3,143.5,100,143.3,150,,,,,,,,,,,,,,,,,143.8,100,144.0,100,,,,,,,,,,,,,,,,
2026-07-08T21:03:03.118620+00:00,2026-07-08T21:03:03.118552,1,1,143.55,0.5,143.3,150,,,,,,,,,,,,,,,,,,,143.8,100,,,,,,,,,,,,,,,,,,
2026-07-08T21:03:03.173933+00:00,2026-07-08T21:03:03.173856,1,1,143.55,0.5,143.3,250,,,,,,,,,,,,,,,,,,,143.8,100,,,,,,,,,,,,,,,,,,
2026-07-08T21:03:03.226615+00:00,2026-07-08T21:03:03.226542,1,1,143.55,0.5,143.3,250,,,,,,,,,,,,,,,,,,,143.8,200,,,,,,,,,,,,,,,,,,
2026-07-08T21:03:03.440165+00:00,2026-07-08T21:03:03.440123,1,1,143.55,0.5,143.3,200,,,,,,,,,,,,,,,,,,,143.8,200,,,,,,,,,,,,,,,,,,
2026-07-08T21:03:03.507598+00:00,2026-07-08T21:03:03.507501,1,1,143.55,0.5,143.3,153,,,,,,,,,,,,,,,,,,,143.8,200,,,,,,,,,,,,,,,,,,
2026-07-08T21:03:04.002749+00:00,2026-07-08T21:03:04.002841,1,1,143.55,0.5,143.3,153,,,,,,,,,,,,,,,,,,,143.8,154,,,,,,,,,,,,,,,,,,
2026-07-08T21:03:04.310071+00:00,2026-07-08T21:03:04.309896,1,1,143.55,0.5,143.3,100,,,,,,,,,,,,,,,,,,,143.8,100,,,,,,,,,,,,,,,,,,
2026-07-08T21:03:04.365979+00:00,2026-07-08T21:03:04.365826,2,1,143.55,0.5,143.3,100,143.2,150,,,,,,,,,,,,,,,,,143.8,100,,,,,,,,,,,,,,,,,,
2026-07-08T21:03:04.420375+00:00,2026-07-08T21:03:04.420487,2,2,143.5,0.4,143.3,100,143.2,150,,,,,,,,,,,,,,,,,143.7,150,143.8,100,,,,,,,,,,,,,,,,
2026-07-08T21:03:05.548976+00:00,2026-07-08T21:03:05.548910,2,2,143.5,0.4,143.3,50,143.2,150,,,,,,,,,,,,,,,,,143.7,150,143.8,100,,,,,,,,,,,,,,,,
2026-07-08T21:03:06.009623+00:00,2026-07-08T21:03:06.003368,2,2,143.5,0.4,143.3,50,143.2,150,,,,,,,,,,,,,,,,,143.7,139,143.8,100,,,,,,,,,,,,,,,,
2026-07-08T21:03:06.280092+00:00,2026-07-08T21:03:06.279995,1,1,143.45,0.5,143.2,150,,,,,,,,,,,,,,,,,,,143.7,139,,,,,,,,,,,,,,,,,,
2026-07-08T21:03:06.335974+00:00,2026-07-08T21:03:06.335926,2,1,143.6,0.2,143.5,100,143.2,150,,,,,,,,,,,,,,,,,143.7,139,,,,,,,,,,,,,,,,,,
2026-07-08T21:03:06.395213+00:00,2026-07-08T21:03:06.395133,2,2,143.6,0.2,143.5,100,143.2,150,,,,,,,,,,,,,,,,,143.7,139,144.0,100,,,,,,,,,,,,,,,,
2026-07-08T21:03:06.694019+00:00,2026-07-08T21:03:06.693948,2,2,143.6,0.2,143.5,100,143.2,150,,,,,,,,,,,,,,,,,143.7,97,144.0,100,,,,,,,,,,,,,,,,
2026-07-08T21:03:07.474446+00:00,2026-07-08T21:03:07.474424,1,1,143.75,0.5,143.5,100,,,,,,,,,,,,,,,,,,,144.0,100,,,,,,,,,,,,,,,,,,
2026-07-08T21:03:07.527921+00:00,2026-07-08T21:03:07.528009,1,1,143.75,0.5,143.5,250,,,,,,,,,,,,,,,,,,,144.0,100,,,,,,,,,,,,,,,,,,
2026-07-08T21:03:07.580279+00:00,2026-07-08T21:03:07.580138,1,1,143.75,0.5,143.5,250,,,,,,,,,,,,,,,,,,,144.0,250,,,,,,,,,,,,,,,,,,
2026-07-08T21:03:07.658609+00:00,2026-07-08T21:03:07.656942,1,1,143.75,0.5,143.5,200,,,,,,,,,,,,,,,,,,,144.0,250,,,,,,,,,,,,,,,,,,
2026-07-08T21:03:09.449835+00:00,2026-07-08T21:03:09.449769,1,1,143.75,0.5,143.5,150,,,,,,,,,,,,,,,,,,,144.0,150,,,,,,,,,,,,,,,,,,
2026-07-08T21:03:09.504026+00:00,2026-07-08T21:03:09.503995,2,1,143.75,0.5,143.5,150,143.2,100,,,,,,,,,,,,,,,,,144.0,150,,,,,,,,,,,,,,,,,,
2026-07-08T21:03:09.558628+00:00,2026-07-08T21:03:09.551920,2,2,143.6,0.2,143.5,150,143.2,100,,,,,,,,,,,,,,,,,143.7,100,144.0,150,,,,,,,,,,,,,,,,
2026-07-08T21:03:09.765501+00:00,2026-07-08T21:03:09.765374,2,2,143.6,0.2,143.5,100,143.2,100,,,,,,,,,,,,,,,,,143.7,100,144.0,150,,,,,,,,,,,,,,,,
2026-07-08T21:03:10.629672+00:00,2026-07-08T21:03:10.629779,2,1,143.6,0.2,143.5,100,143.2,100,,,,,,,,,,,,,,,,,143.7,100,,,,,,,,,,,,,,,,,,
2026-07-08T21:03:10.635020+00:00,2026-07-08T21:03:10.634924,1,1,143.45,0.5,143.2,100,,,,,,,,,,,,,,,,,,,143.7,100,,,,,,,,,,,,,,,,,,
2026-07-08T21:03:10.686829+00:00,2026-07-08T21:03:10.686748,2,1,143.55,0.3,143.4,150,143.2,100,,,,,,,,,,,,,,,,,143.7,100,,,,,,,,,,,,,,,,,,
2026-07-08T21:03:10.740347+00:00,2026-07-08T21:03:10.740264,2,2,143.55,0.3,143.4,150,143.2,100,,,,,,,,,,,,,,,,,143.7,100,143.9,150,,,,,,,,,,,,,,,,
2026-07-08T21:03:10.891766+00:00,2026-07-08T21:03:10.891674,2,2,143.55,0.3,143.4,150,143.2,100,,,,,,,,,,,,,,,,,143.7,57,143.9,150,,,,,,,,,,,,,,,,
2026-07-08T21:03:11.887486+00:00,2026-07-08T21:03:11.887430,2,2,143.55,0.3,143.4,100,143.2,100,,,,,,,,,,,,,,,,,143.7,57,143.9,150,,,,,,,,,,,,,,,,
2026-07-08T21:03:12.611353+00:00,2026-07-08T21:03:12.611274,1,1,143.65,0.5,143.4,100,,,,,,,,,,,,,,,,,,,143.9,150,,,,,,,,,,,,,,,,,,
2026-07-08T21:03:12.664914+00:00,2026-07-08T21:03:12.664826,2,1,143.7,0.4,143.5,100,143.4,100,,,,,,,,,,,,,,,,,143.9,150,,,,,,,,,,,,,,,,,,
2026-07-08T21:03:12.713178+00:00,2026-07-08T21:03:12.713314,2,2,143.7,0.4,143.5,100,143.4,100,,,,,,,,,,,,,,,,,143.9,150,144.0,100,,,,,,,,,,,,,,,,
2026-07-08T21:03:13.796257+00:00,2026-07-08T21:03:13.796227,1,1,143.75,0.5,143.5,100,,,,,,,,,,,,,,,,,,,144.0,100,,,,,,,,,,,,,,,,,,
2026-07-08T21:03:13.850023+00:00,2026-07-08T21:03:13.849947,2,1,143.75,0.5,143.5,100,142.7,150,,,,,,,,,,,,,,,,,144.0,100,,,,,,,,,,,,,,,,,,
2026-07-08T21:03:13.915724+00:00,2026-07-08T21:03:13.909565,1,2,142.95,0.5,142.7,150,,,,,,,,,,,,,,,,,,,143.2,27,144.0,100,,,,,,,,,,,,,,,,
2026-07-08T21:03:13.942756+00:00,2026-07-08T21:03:13.942883,1,1,143.35,1.3,142.7,150,,,,,,,,,,,,,,,,,,,144.0,77,,,,,,,,,,,,,,,,,,
2026-07-08T21:03:15.389353+00:00,2026-07-08T21:03:15.389250,1,1,143.35,1.3,142.7,110,,,,,,,,,,,,,,,,,,,144.0,77,,,,,,,,,,,,,,,,,,
2026-07-08T21:03:15.771278+00:00,2026-07-08T21:03:15.771135,1,0,,,142.7,110,,,,,,,,,,,,,,,,,,,,,,,,,,,,,,,,,,,,,,
2026-07-08T21:03:15.824018+00:00,2026-07-08T21:03:15.823964,2,0,,,143.0,100,142.7,110,,,,,,,,,,,,,,,,,,,,,,,,,,,,,,,,,,,,
2026-07-08T21:03:15.876951+00:00,2026-07-08T21:03:15.877049,2,1,143.25,0.5,143.0,100,142.7,110,,,,,,,,,,,,,,,,,143.5,100,,,,,,,,,,,,,,,,,,
2026-07-08T21:03:16.053488+00:00,2026-07-08T21:03:16.053378,2,1,143.25,0.5,143.0,100,142.7,110,,,,,,,,,,,,,,,,,143.5,50,,,,,,,,,,,,,,,,,,
2026-07-08T21:03:16.450130+00:00,2026-07-08T21:03:16.450215,2,1,143.25,0.5,143.0,100,142.7,110,,,,,,,,,,,,,,,,,143.5,10,,,,,,,,,,,,,,,,,,
2026-07-08T21:03:16.503168+00:00,2026-07-08T21:03:16.503309,2,1,143.25,0.5,143.0,51,142.7,110,,,,,,,,,,,,,,,,,143.5,10,,,,,,,,,,,,,,,,,,
2026-07-08T21:03:16.959202+00:00,2026-07-08T21:03:16.959076,1,1,143.25,0.5,143.0,51,,,,,,,,,,,,,,,,,,,143.5,10,,,,,,,,,,,,,,,,,,
2026-07-08T21:03:17.015752+00:00,2026-07-08T21:03:17.015677,2,1,143.45,0.1,143.4,150,143.0,51,,,,,,,,,,,,,,,,,143.5,10,,,,,,,,,,,,,,,,,,
2026-07-08T21:03:17.024715+00:00,2026-07-08T21:03:17.019516,2,1,143.45,0.1,143.4,139,143.0,51,,,,,,,,,,,,,,,,,143.5,10,,,,,,,,,,,,,,,,,,
2026-07-08T21:03:17.064897+00:00,2026-07-08T21:03:17.064814,2,2,143.45,0.1,143.4,139,143.0,51,,,,,,,,,,,,,,,,,143.5,10,143.8,150,,,,,,,,,,,,,,,,
2026-07-08T21:03:17.089135+00:00,2026-07-08T21:03:17.089082,2,1,143.6,0.4,143.4,139,143.0,51,,,,,,,,,,,,,,,,,143.8,150,,,,,,,,,,,,,,,,,,
2026-07-08T21:03:18.930924+00:00,2026-07-08T21:03:18.931043,1,1,143.6,0.4,143.4,139,,,,,,,,,,,,,,,,,,,143.8,150,,,,,,,,,,,,,,,,,,
2026-07-08T21:03:18.981199+00:00,2026-07-08T21:03:18.981080,2,1,143.6,0.4,143.4,139,143.1,100,,,,,,,,,,,,,,,,,143.8,150,,,,,,,,,,,,,,,,,,
2026-07-08T21:03:19.037731+00:00,2026-07-08T21:03:19.037657,2,2,143.5,0.2,143.4,139,143.1,100,,,,,,,,,,,,,,,,,143.6,100,143.8,150,,,,,,,,,,,,,,,,
2026-07-08T21:03:19.999245+00:00,2026-07-08T21:03:19.999401,2,2,143.5,0.2,143.4,97,143.1,100,,,,,,,,,,,,,,,,,143.6,100,143.8,150,,,,,,,,,,,,,,,,
2026-07-08T21:03:20.121912+00:00,2026-07-08T21:03:20.121800,1,1,143.35,0.5,143.1,100,,,,,,,,,,,,,,,,,,,143.6,100,,,,,,,,,,,,,,,,,,
2026-07-08T21:03:20.174620+00:00,2026-07-08T21:03:20.174568,2,1,143.4,0.4,143.2,150,143.1,100,,,,,,,,,,,,,,,,,143.6,100,,,,,,,,,,,,,,,,,,
2026-07-08T21:03:20.229302+00:00,2026-07-08T21:03:20.229184,2,2,143.4,0.4,143.2,150,143.1,100,,,,,,,,,,,,,,,,,143.6,100,143.7,150,,,,,,,,,,,,,,,,
2026-07-08T21:03:20.269024+00:00,2026-07-08T21:03:20.268787,2,2,143.4,0.4,143.2,150,143.1,100,,,,,,,,,,,,,,,,,143.6,50,143.7,150,,,,,,,,,,,,,,,,
2026-07-08T21:03:21.725500+00:00,2026-07-08T21:03:21.725314,2,2,143.4,0.4,143.2,150,143.1,100,,,,,,,,,,,,,,,,,143.6,1,143.7,150,,,,,,,,,,,,,,,,
2026-07-08T21:03:22.104050+00:00,2026-07-08T21:03:22.103953,1,1,143.45,0.5,143.2,150,,,,,,,,,,,,,,,,,,,143.7,150,,,,,,,,,,,,,,,,,,
2026-07-08T21:03:22.158577+00:00,2026-07-08T21:03:22.154832,2,1,143.6,0.2,143.5,100,143.2,150,,,,,,,,,,,,,,,,,143.7,150,,,,,,,,,,,,,,,,,,
2026-07-08T21:03:22.214422+00:00,2026-07-08T21:03:22.214287,2,2,143.6,0.2,143.5,100,143.2,150,,,,,,,,,,,,,,,,,143.7,150,144.0,100,,,,,,,,,,,,,,,,
2026-07-08T21:03:22.420828+00:00,2026-07-08T21:03:22.420983,2,2,143.6,0.2,143.5,50,143.2,150,,,,,,,,,,,,,,,,,143.7,150,144.0,100,,,,,,,,,,,,,,,,
2026-07-08T21:03:22.891263+00:00,2026-07-08T21:03:22.891389,2,2,143.6,0.2,143.5,1,143.2,150,,,,,,,,,,,,,,,,,143.7,150,144.0,100,,,,,,,,,,,,,,,,
2026-07-08T21:03:23.280084+00:00,2026-07-08T21:03:23.280001,1,1,143.75,0.5,143.5,1,,,,,,,,,,,,,,,,,,,144.0,100,,,,,,,,,,,,,,,,,,
2026-07-08T21:03:23.338075+00:00,2026-07-08T21:03:23.338194,2,1,143.75,0.5,143.5,1,143.3,150,,,,,,,,,,,,,,,,,144.0,100,,,,,,,,,,,,,,,,,,
2026-07-08T21:03:23.394001+00:00,2026-07-08T21:03:23.394101,2,2,143.65,0.3,143.5,1,143.3,150,,,,,,,,,,,,,,,,,143.8,150,144.0,100,,,,,,,,,,,,,,,,
2026-07-08T21:03:24.480619+00:00,2026-07-08T21:03:24.480556,2,2,143.65,0.3,143.5,1,143.3,150,,,,,,,,,,,,,,,,,143.8,107,144.0,100,,,,,,,,,,,,,,,,
2026-07-08T21:03:24.533679+00:00,2026-07-08T21:03:24.533586,1,2,143.55,0.5,143.3,101,,,,,,,,,,,,,,,,,,,143.8,107,144.0,100,,,,,,,,,,,,,,,,
2026-07-08T21:03:25.269606+00:00,2026-07-08T21:03:25.269476,1,1,143.55,0.5,143.3,101,,,,,,,,,,,,,,,,,,,143.8,107,,,,,,,,,,,,,,,,,,
2026-07-08T21:03:25.322600+00:00,2026-07-08T21:03:25.322489,2,1,143.6,0.4,143.4,100,143.3,101,,,,,,,,,,,,,,,,,143.8,107,,,,,,,,,,,,,,,,,,
2026-07-08T21:03:25.376180+00:00,2026-07-08T21:03:25.376274,2,2,143.6,0.4,143.4,100,143.3,101,,,,,,,,,,,,,,,,,143.8,107,143.9,100,,,,,,,,,,,,,,,,
2026-07-08T21:03:26.447944+00:00,2026-07-08T21:03:26.447876,1,1,143.65,0.5,143.4,100,,,,,,,,,,,,,,,,,,,143.9,100,,,,,,,,,,,,,,,,,,
2026-07-08T21:03:26.500720+00:00,2026-07-08T21:03:26.500637,2,1,143.65,0.5,143.4,100,143.3,150,,,,,,,,,,,,,,,,,143.9,100,,,,,,,,,,,,,,,,,,
2026-07-08T21:03:26.556297+00:00,2026-07-08T21:03:26.556213,2,2,143.6,0.4,143.4,100,143.3,150,,,,,,,,,,,,,,,,,143.8,150,143.9,100,,,,,,,,,,,,,,,,
2026-07-08T21:03:26.640300+00:00,2026-07-08T21:03:26.640480,2,2,143.6,0.4,143.4,50,143.3,150,,,,,,,,,,,,,,,,,143.8,150,143.9,100,,,,,,,,,,,,,,,,
2026-07-08T21:03:26.985390+00:00,2026-07-08T21:03:26.985357,2,2,143.6,0.4,143.4,3,143.3,150,,,,,,,,,,,,,,,,,143.8,150,143.9,100,,,,,,,,,,,,,,,,
2026-07-08T21:03:28.429363+00:00,2026-07-08T21:03:28.429259,1,1,143.55,0.5,143.3,150,,,,,,,,,,,,,,,,,,,143.8,150,,,,,,,,,,,,,,,,,,
2026-07-08T21:03:28.482657+00:00,2026-07-08T21:03:28.482743,2,1,143.55,0.5,143.3,150,143.1,100,,,,,,,,,,,,,,,,,143.8,150,,,,,,,,,,,,,,,,,,
2026-07-08T21:03:28.531796+00:00,2026-07-08T21:03:28.531671,2,2,143.45,0.3,143.3,150,143.1,100,,,,,,,,,,,,,,,,,143.6,100,143.8,150,,,,,,,,,,,,,,,,
2026-07-08T21:03:28.779532+00:00,2026-07-08T21:03:28.779615,2,2,143.45,0.3,143.3,100,143.1,100,,,,,,,,,,,,,,,,,143.6,100,143.8,150,,,,,,,,,,,,,,,,
2026-07-08T21:03:29.608883+00:00,2026-07-08T21:03:29.608830,1,1,143.35,0.5,143.1,100,,,,,,,,,,,,,,,,,,,143.6,100,,,,,,,,,,,,,,,,,,
2026-07-08T21:03:29.664902+00:00,2026-07-08T21:03:29.665080,2,1,143.45,0.3,143.3,150,143.1,100,,,,,,,,,,,,,,,,,143.6,100,,,,,,,,,,,,,,,,,,
2026-07-08T21:03:29.718963+00:00,2026-07-08T21:03:29.718835,2,2,143.45,0.3,143.3,150,143.1,100,,,,,,,,,,,,,,,,,143.6,100,143.8,150,,,,,,,,,,,,,,,,
2026-07-08T21:03:30.882744+00:00,2026-07-08T21:03:30.882613,2,2,143.45,0.3,143.3,100,143.1,100,,,,,,,,,,,,,,,,,143.6,100,143.8,150,,,,,,,,,,,,,,,,
2026-07-08T21:03:31.589248+00:00,2026-07-08T21:03:31.589143,1,1,143.55,0.5,143.3,100,,,,,,,,,,,,,,,,,,,143.8,150,,,,,,,,,,,,,,,,,,
2026-07-08T21:03:31.644056+00:00,2026-07-08T21:03:31.644020,2,1,143.55,0.5,143.3,100,143.1,100,,,,,,,,,,,,,,,,,143.8,150,,,,,,,,,,,,,,,,,,
2026-07-08T21:03:31.696962+00:00,2026-07-08T21:03:31.697105,2,2,143.45,0.3,143.3,100,143.1,100,,,,,,,,,,,,,,,,,143.6,100,143.8,150,,,,,,,,,,,,,,,,
2026-07-08T21:03:32.037530+00:00,2026-07-08T21:03:32.037399,2,2,143.45,0.3,143.3,100,143.1,100,,,,,,,,,,,,,,,,,143.6,55,143.8,150,,,,,,,,,,,,,,,,
2026-07-08T21:03:32.680264+00:00,2026-07-08T21:03:32.680092,2,2,143.45,0.3,143.3,100,143.1,100,,,,,,,,,,,,,,,,,143.6,8,143.8,150,,,,,,,,,,,,,,,,
2026-07-08T21:03:32.769551+00:00,2026-07-08T21:03:32.769510,1,1,143.35,0.5,143.1,100,,,,,,,,,,,,,,,,,,,143.6,8,,,,,,,,,,,,,,,,,,
2026-07-08T21:03:32.826330+00:00,2026-07-08T21:03:32.826222,2,1,143.35,0.5,143.1,100,142.9,150,,,,,,,,,,,,,,,,,143.6,8,,,,,,,,,,,,,,,,,,
2026-07-08T21:03:32.879166+00:00,2026-07-08T21:03:32.879060,2,2,143.25,0.3,143.1,100,142.9,150,,,,,,,,,,,,,,,,,143.4,150,143.6,8,,,,,,,,,,,,,,,,
2026-07-08T21:03:32.999906+00:00,2026-07-08T21:03:32.999665,2,2,143.25,0.3,143.1,50,142.9,150,,,,,,,,,,,,,,,,,143.4,150,143.6,8,,,,,,,,,,,,,,,,
2026-07-08T21:03:33.163920+00:00,2026-07-08T21:03:33.163814,2,2,143.25,0.3,143.1,10,142.9,150,,,,,,,,,,,,,,,,,143.4,150,143.6,8,,,,,,,,,,,,,,,,
2026-07-08T21:03:34.621958+00:00,2026-07-08T21:03:34.622122,2,2,143.25,0.3,143.1,10,142.9,150,,,,,,,,,,,,,,,,,143.4,110,143.6,8,,,,,,,,,,,,,,,,
2026-07-08T21:03:34.677049+00:00,2026-07-08T21:03:34.676889,1,2,143.15,0.5,142.9,113,,,,,,,,,,,,,,,,,,,143.4,110,143.6,8,,,,,,,,,,,,,,,,
2026-07-08T21:03:34.746580+00:00,2026-07-08T21:03:34.746465,1,1,143.15,0.5,142.9,113,,,,,,,,,,,,,,,,,,,143.4,110,,,,,,,,,,,,,,,,,,
2026-07-08T21:03:34.829856+00:00,2026-07-08T21:03:34.829797,1,1,143.15,0.5,142.9,213,,,,,,,,,,,,,,,,,,,143.4,110,,,,,,,,,,,,,,,,,,
2026-07-08T21:03:34.890026+00:00,2026-07-08T21:03:34.889918,1,1,143.15,0.5,142.9,213,,,,,,,,,,,,,,,,,,,143.4,210,,,,,,,,,,,,,,,,,,
2026-07-08T21:03:35.102271+00:00,2026-07-08T21:03:35.102440,1,1,143.15,0.5,142.9,163,,,,,,,,,,,,,,,,,,,143.4,210,,,,,,,,,,,,,,,,,,
2026-07-08T21:03:35.934720+00:00,2026-07-08T21:03:35.934600,1,1,143.15,0.5,142.9,100,,,,,,,,,,,,,,,,,,,143.4,100,,,,,,,,,,,,,,,,,,
2026-07-08T21:03:35.990669+00:00,2026-07-08T21:03:35.990464,2,1,143.15,0.5,142.9,100,142.6,150,,,,,,,,,,,,,,,,,143.4,100,,,,,,,,,,,,,,,,,,
2026-07-08T21:03:36.048506+00:00,2026-07-08T21:03:36.042983,2,2,143.0,0.2,142.9,100,142.6,150,,,,,,,,,,,,,,,,,143.1,136,143.4,100,,,,,,,,,,,,,,,,
2026-07-08T21:03:36.684456+00:00,2026-07-08T21:03:36.684422,2,2,143.0,0.2,142.9,100,142.6,150,,,,,,,,,,,,,,,,,143.1,95,143.4,100,,,,,,,,,,,,,,,,
2026-07-08T21:03:37.209012+00:00,2026-07-08T21:03:37.208948,2,2,143.0,0.2,142.9,50,142.6,150,,,,,,,,,,,,,,,,,143.1,95,143.4,100,,,,,,,,,,,,,,,,
2026-07-08T21:03:37.299718+00:00,2026-07-08T21:03:37.299568,2,2,143.0,0.2,142.9,50,142.6,150,,,,,,,,,,,,,,,,,143.1,54,143.4,100,,,,,,,,,,,,,,,,
2026-07-08T21:03:37.935653+00:00,2026-07-08T21:03:37.935603,1,1,142.85,0.5,142.6,150,,,,,,,,,,,,,,,,,,,143.1,54,,,,,,,,,,,,,,,,,,
2026-07-08T21:03:37.990964+00:00,2026-07-08T21:03:37.990912,2,1,142.9,0.4,142.7,100,142.6,150,,,,,,,,,,,,,,,,,143.1,54,,,,,,,,,,,,,,,,,,
2026-07-08T21:03:38.044328+00:00,2026-07-08T21:03:38.044246,2,2,142.9,0.4,142.7,100,142.6,150,,,,,,,,,,,,,,,,,143.1,54,143.2,100,,,,,,,,,,,,,,,,
2026-07-08T21:03:39.091105+00:00,2026-07-08T21:03:39.091033,2,1,142.95,0.5,142.7,100,142.6,150,,,,,,,,,,,,,,,,,143.2,100,,,,,,,,,,,,,,,,,,
2026-07-08T21:03:39.096225+00:00,2026-07-08T21:03:39.096192,1,1,142.95,0.5,142.7,100,,,,,,,,,,,,,,,,,,,143.2,100,,,,,,,,,,,,,,,,,,
2026-07-08T21:03:39.150092+00:00,2026-07-08T21:03:39.150249,2,1,143.15,0.1,143.1,150,142.7,100,,,,,,,,,,,,,,,,,143.2,100,,,,,,,,,,,,,,,,,,
2026-07-08T21:03:39.202976+00:00,2026-07-08T21:03:39.202889,2,2,143.15,0.1,143.1,150,142.7,100,,,,,,,,,,,,,,,,,143.2,100,143.6,150,,,,,,,,,,,,,,,,
2026-07-08T21:03:39.319649+00:00,2026-07-08T21:03:39.319586,2,2,143.15,0.1,143.1,100,142.7,100,,,,,,,,,,,,,,,,,143.2,100,143.6,150,,,,,,,,,,,,,,,,
2026-07-08T21:03:40.458570+00:00,2026-07-08T21:03:40.454816,2,2,143.15,0.1,143.1,55,142.7,100,,,,,,,,,,,,,,,,,143.2,100,143.6,150,,,,,,,,,,,,,,,,
2026-07-08T21:03:41.098220+00:00,2026-07-08T21:03:41.098122,1,1,143.35,0.5,143.1,55,,,,,,,,,,,,,,,,,,,143.6,150,,,,,,,,,,,,,,,,,,
2026-07-08T21:03:41.163843+00:00,2026-07-08T21:03:41.163772,2,1,143.35,0.5,143.1,55,142.7,100,,,,,,,,,,,,,,,,,143.6,150,,,,,,,,,,,,,,,,,,
2026-07-08T21:03:41.207831+00:00,2026-07-08T21:03:41.207786,2,2,143.15,0.1,143.1,55,142.7,100,,,,,,,,,,,,,,,,,143.2,100,143.6,150,,,,,,,,,,,,,,,,
2026-07-08T21:03:41.373800+00:00,2026-07-08T21:03:41.373727,2,2,143.15,0.1,143.1,55,142.7,100,,,,,,,,,,,,,,,,,143.2,50,143.6,150,,,,,,,,,,,,,,,,
2026-07-08T21:03:41.594104+00:00,2026-07-08T21:03:41.594037,2,2,143.15,0.1,143.1,9,142.7,100,,,,,,,,,,,,,,,,,143.2,50,143.6,150,,,,,,,,,,,,,,,,
2026-07-08T21:03:42.258634+00:00,2026-07-08T21:03:42.253337,1,1,142.95,0.5,142.7,100,,,,,,,,,,,,,,,,,,,143.2,50,,,,,,,,,,,,,,,,,,
2026-07-08T21:03:42.306445+00:00,2026-07-08T21:03:42.306576,2,1,142.95,0.5,142.7,100,142.6,150,,,,,,,,,,,,,,,,,143.2,50,,,,,,,,,,,,,,,,,,
2026-07-08T21:03:42.358549+00:00,2026-07-08T21:03:42.356805,2,2,142.9,0.4,142.7,100,142.6,150,,,,,,,,,,,,,,,,,143.1,150,143.2,50,,,,,,,,,,,,,,,,
2026-07-08T21:03:43.239348+00:00,2026-07-08T21:03:43.239210,2,2,142.9,0.4,142.7,100,142.6,150,,,,,,,,,,,,,,,,,143.1,104,143.2,50,,,,,,,,,,,,,,,,
2026-07-08T21:03:43.484807+00:00,2026-07-08T21:03:43.484708,2,2,142.9,0.4,142.7,100,142.6,150,,,,,,,,,,,,,,,,,143.1,54,143.2,50,,,,,,,,,,,,,,,,
2026-07-08T21:03:44.258626+00:00,2026-07-08T21:03:44.254036,1,1,142.85,0.5,142.6,150,,,,,,,,,,,,,,,,,,,143.1,54,,,,,,,,,,,,,,,,,,
2026-07-08T21:03:44.316629+00:00,2026-07-08T21:03:44.316540,2,1,142.85,0.5,142.6,150,142.4,100,,,,,,,,,,,,,,,,,143.1,54,,,,,,,,,,,,,,,,,,
2026-07-08T21:03:44.369922+00:00,2026-07-08T21:03:44.369866,2,2,142.75,0.3,142.6,150,142.4,100,,,,,,,,,,,,,,,,,142.9,100,143.1,54,,,,,,,,,,,,,,,,
2026-07-08T21:03:45.418491+00:00,2026-07-08T21:03:45.418417,1,1,142.65,0.5,142.4,100,,,,,,,,,,,,,,,,,,,142.9,100,,,,,,,,,,,,,,,,,,
2026-07-08T21:03:45.474235+00:00,2026-07-08T21:03:45.474351,2,1,142.7,0.4,142.5,150,142.4,100,,,,,,,,,,,,,,,,,142.9,100,,,,,,,,,,,,,,,,,,
2026-07-08T21:03:45.525997+00:00,2026-07-08T21:03:45.525863,2,2,142.7,0.4,142.5,150,142.4,100,,,,,,,,,,,,,,,,,142.9,100,143.0,150,,,,,,,,,,,,,,,,
2026-07-08T21:03:45.596150+00:00,2026-07-08T21:03:45.596027,2,2,142.7,0.4,142.5,150,142.4,100,,,,,,,,,,,,,,,,,142.9,50,143.0,150,,,,,,,,,,,,,,,,
2026-07-08T21:03:47.424032+00:00,2026-07-08T21:03:47.423988,1,1,142.75,0.5,142.5,150,,,,,,,,,,,,,,,,,,,143.0,150,,,,,,,,,,,,,,,,,,
2026-07-08T21:03:47.478683+00:00,2026-07-08T21:03:47.478609,2,1,142.8,0.4,142.6,100,142.5,150,,,,,,,,,,,,,,,,,143.0,150,,,,,,,,,,,,,,,,,,
2026-07-08T21:03:47.540813+00:00,2026-07-08T21:03:47.540685,2,2,142.8,0.4,142.6,100,142.5,150,,,,,,,,,,,,,,,,,143.0,150,143.1,100,,,,,,,,,,,,,,,,
2026-07-08T21:03:47.758591+00:00,2026-07-08T21:03:47.756919,2,2,142.8,0.4,142.6,50,142.5,150,,,,,,,,,,,,,,,,,143.0,150,143.1,100,,,,,,,,,,,,,,,,
2026-07-08T21:03:48.447183+00:00,2026-07-08T21:03:48.447105,2,2,142.8,0.4,142.6,6,142.5,150,,,,,,,,,,,,,,,,,143.0,150,143.1,100,,,,,,,,,,,,,,,,
2026-07-08T21:03:48.581517+00:00,2026-07-08T21:03:48.581480,2,1,142.85,0.5,142.6,6,142.5,150,,,,,,,,,,,,,,,,,143.1,100,,,,,,,,,,,,,,,,,,
2026-07-08T21:03:48.586551+00:00,2026-07-08T21:03:48.586623,1,1,142.85,0.5,142.6,6,,,,,,,,,,,,,,,,,,,143.1,100,,,,,,,,,,,,,,,,,,
2026-07-08T21:03:48.642080+00:00,2026-07-08T21:03:48.641958,2,1,142.85,0.5,142.6,6,142.2,150,,,,,,,,,,,,,,,,,143.1,100,,,,,,,,,,,,,,,,,,
2026-07-08T21:03:48.695170+00:00,2026-07-08T21:03:48.695262,2,2,142.65,0.1,142.6,6,142.2,150,,,,,,,,,,,,,,,,,142.7,150,143.1,100,,,,,,,,,,,,,,,,
2026-07-08T21:03:48.924809+00:00,2026-07-08T21:03:48.924619,2,2,142.65,0.1,142.6,6,142.2,150,,,,,,,,,,,,,,,,,142.7,108,143.1,100,,,,,,,,,,,,,,,,
2026-07-08T21:03:48.978275+00:00,2026-07-08T21:03:48.978250,1,2,142.45,0.5,142.2,150,,,,,,,,,,,,,,,,,,,142.7,108,143.1,100,,,,,,,,,,,,,,,,
2026-07-08T21:03:49.865536+00:00,2026-07-08T21:03:49.865667,1,2,142.45,0.5,142.2,100,,,,,,,,,,,,,,,,,,,142.7,108,143.1,100,,,,,,,,,,,,,,,,
2026-07-08T21:03:50.385600+00:00,2026-07-08T21:03:50.385535,1,2,142.45,0.5,142.2,100,,,,,,,,,,,,,,,,,,,142.7,67,143.1,100,,,,,,,,,,,,,,,,
2026-07-08T21:03:50.606159+00:00,2026-07-08T21:03:50.606019,1,1,142.45,0.5,142.2,100,,,,,,,,,,,,,,,,,,,142.7,67,,,,,,,,,,,,,,,,,,
2026-07-08T21:03:50.659064+00:00,2026-07-08T21:03:50.658962,2,1,142.45,0.5,142.2,100,142.0,100,,,,,,,,,,,,,,,,,142.7,67,,,,,,,,,,,,,,,,,,
2026-07-08T21:03:50.712301+00:00,2026-07-08T21:03:50.712173,2,2,142.35,0.3,142.2,100,142.0,100,,,,,,,,,,,,,,,,,142.5,100,142.7,67,,,,,,,,,,,,,,,,
2026-07-08T21:03:51.769107+00:00,2026-07-08T21:03:51.768922,1,1,142.25,0.5,142.0,100,,,,,,,,,,,,,,,,,,,142.5,100,,,,,,,,,,,,,,,,,,
2026-07-08T21:03:51.817696+00:00,2026-07-08T21:03:51.817611,2,1,142.45,0.1,142.4,150,142.0,100,,,,,,,,,,,,,,,,,142.5,100,,,,,,,,,,,,,,,,,,
2026-07-08T21:03:51.870394+00:00,2026-07-08T21:03:51.870541,2,2,142.45,0.1,142.4,150,142.0,100,,,,,,,,,,,,,,,,,142.5,100,142.9,150,,,,,,,,,,,,,,,,
2026-07-08T21:03:51.922759+00:00,2026-07-08T21:03:51.922584,2,2,142.45,0.1,142.4,150,142.0,100,,,,,,,,,,,,,,,,,142.5,50,142.9,150,,,,,,,,,,,,,,,,
2026-07-08T21:03:53.011746+00:00,2026-07-08T21:03:53.011691,2,2,142.45,0.1,142.4,103,142.0,100,,,,,,,,,,,,,,,,,142.5,50,142.9,150,,,,,,,,,,,,,,,,
2026-07-08T21:03:53.766321+00:00,2026-07-08T21:03:53.766285,1,1,142.65,0.5,142.4,103,,,,,,,,,,,,,,,,,,,142.9,150,,,,,,,,,,,,,,,,,,
2026-07-08T21:03:53.821412+00:00,2026-07-08T21:03:53.821537,2,1,142.65,0.5,142.4,103,142.0,100,,,,,,,,,,,,,,,,,142.9,150,,,,,,,,,,,,,,,,,,
2026-07-08T21:03:53.875166+00:00,2026-07-08T21:03:53.875082,2,2,142.45,0.1,142.4,103,142.0,100,,,,,,,,,,,,,,,,,142.5,100,142.9,150,,,,,,,,,,,,,,,,
2026-07-08T21:03:54.027685+00:00,2026-07-08T21:03:54.027640,2,2,142.45,0.1,142.4,103,142.0,100,,,,,,,,,,,,,,,,,142.5,50,142.9,150,,,,,,,,,,,,,,,,
2026-07-08T21:03:54.713276+00:00,2026-07-08T21:03:54.713169,2,2,142.45,0.1,142.4,103,142.0,100,,,,,,,,,,,,,,,,,142.5,5,142.9,150,,,,,,,,,,,,,,,,
2026-07-08T21:03:54.768107+00:00,2026-07-08T21:03:54.768044,2,2,142.45,0.1,142.4,58,142.0,100,,,,,,,,,,,,,,,,,142.5,5,142.9,150,,,,,,,,,,,,,,,,
2026-07-08T21:03:54.927696+00:00,2026-07-08T21:03:54.927637,1,1,142.25,0.5,142.0,100,,,,,,,,,,,,,,,,,,,142.5,5,,,,,,,,,,,,,,,,,,
2026-07-08T21:03:54.982310+00:00,2026-07-08T21:03:54.982233,1,1,142.25,0.5,142.0,250,,,,,,,,,,,,,,,,,,,142.5,5,,,,,,,,,,,,,,,,,,
2026-07-08T21:03:55.032395+00:00,2026-07-08T21:03:55.032308,1,1,142.25,0.5,142.0,250,,,,,,,,,,,,,,,,,,,142.5,155,,,,,,,,,,,,,,,,,,
2026-07-08T21:03:56.189450+00:00,2026-07-08T21:03:56.189613,1,1,142.25,0.5,142.0,200,,,,,,,,,,,,,,,,,,,142.5,155,,,,,,,,,,,,,,,,,,
2026-07-08T21:03:56.930600+00:00,2026-07-08T21:03:56.930513,1,1,142.25,0.5,142.0,150,,,,,,,,,,,,,,,,,,,142.5,150,,,,,,,,,,,,,,,,,,
2026-07-08T21:03:56.982277+00:00,2026-07-08T21:03:56.982387,2,1,142.4,0.2,142.3,100,142.0,150,,,,,,,,,,,,,,,,,142.5,150,,,,,,,,,,,,,,,,,,
2026-07-08T21:03:57.038569+00:00,2026-07-08T21:03:57.038427,2,2,142.4,0.2,142.3,100,142.0,150,,,,,,,,,,,,,,,,,142.5,150,142.8,100,,,,,,,,,,,,,,,,
2026-07-08T21:03:58.089992+00:00,2026-07-08T21:03:58.089917,1,1,142.55,0.5,142.3,100,,,,,,,,,,,,,,,,,,,142.8,100,,,,,,,,,,,,,,,,,,
2026-07-08T21:03:58.146066+00:00,2026-07-08T21:03:58.146157,2,1,142.55,0.5,142.3,100,142.1,150,,,,,,,,,,,,,,,,,142.8,100,,,,,,,,,,,,,,,,,,
2026-07-08T21:03:58.199433+00:00,2026-07-08T21:03:58.199356,2,2,142.45,0.3,142.3,100,142.1,150,,,,,,,,,,,,,,,,,142.6,150,142.8,100,,,,,,,,,,,,,,,,
2026-07-08T21:03:58.247058+00:00,2026-07-08T21:03:58.246979,2,2,142.45,0.3,142.3,100,142.1,150,,,,,,,,,,,,,,,,,142.6,100,142.8,100,,,,,,,,,,,,,,,,
2026-07-08T21:03:58.727644+00:00,2026-07-08T21:03:58.727514,2,2,142.45,0.3,142.3,100,142.1,150,,,,,,,,,,,,,,,,,142.6,58,142.8,100,,,,,,,,,,,,,,,,
2026-07-08T21:04:00.092811+00:00,2026-07-08T21:04:00.093028,1,1,142.35,0.5,142.1,150,,,,,,,,,,,,,,,,,,,142.6,58,,,,,,,,,,,,,,,,,,
2026-07-08T21:04:00.118882+00:00,2026-07-08T21:04:00.119101,1,1,142.35,0.5,142.1,107,,,,,,,,,,,,,,,,,,,142.6,58,,,,,,,,,,,,,,,,,,
2026-07-08T21:04:00.148122+00:00,2026-07-08T21:04:00.148000,2,1,142.55,0.1,142.5,100,142.1,107,,,,,,,,,,,,,,,,,142.6,58,,,,,,,,,,,,,,,,,,
2026-07-08T21:04:00.200760+00:00,2026-07-08T21:04:00.200868,2,2,142.55,0.1,142.5,100,142.1,107,,,,,,,,,,,,,,,,,142.6,58,143.0,100,,,,,,,,,,,,,,,,
2026-07-08T21:04:00.354248+00:00,2026-07-08T21:04:00.354171,2,2,142.55,0.1,142.5,100,142.1,107,,,,,,,,,,,,,,,,,142.6,8,143.0,100,,,,,,,,,,,,,,,,
2026-07-08T21:04:01.076286+00:00,2026-07-08T21:04:01.076198,2,2,142.55,0.1,142.5,58,142.1,107,,,,,,,,,,,,,,,,,142.6,8,143.0,100,,,,,,,,,,,,,,,,
2026-07-08T21:04:01.258611+00:00,2026-07-08T21:04:01.253178,1,1,142.75,0.5,142.5,58,,,,,,,,,,,,,,,,,,,143.0,100,,,,,,,,,,,,,,,,,,
2026-07-08T21:04:01.307350+00:00,2026-07-08T21:04:01.307279,1,1,142.75,0.5,142.5,208,,,,,,,,,,,,,,,,,,,143.0,100,,,,,,,,,,,,,,,,,,
2026-07-08T21:04:01.360002+00:00,2026-07-08T21:04:01.360152,1,1,142.75,0.5,142.5,208,,,,,,,,,,,,,,,,,,,143.0,250,,,,,,,,,,,,,,,,,,
2026-07-08T21:04:02.074183+00:00,2026-07-08T21:04:02.074108,1,1,142.75,0.5,142.5,208,,,,,,,,,,,,,,,,,,,143.0,201,,,,,,,,,,,,,,,,,,
2026-07-08T21:04:03.181983+00:00,2026-07-08T21:04:03.181851,1,1,142.75,0.5,142.5,162,,,,,,,,,,,,,,,,,,,143.0,201,,,,,,,,,,,,,,,,,,
2026-07-08T21:04:03.268962+00:00,2026-07-08T21:04:03.268857,1,1,142.75,0.5,142.5,150,,,,,,,,,,,,,,,,,,,143.0,150,,,,,,,,,,,,,,,,,,
2026-07-08T21:04:03.323832+00:00,2026-07-08T21:04:03.323805,2,1,142.75,0.5,142.5,150,142.2,100,,,,,,,,,,,,,,,,,143.0,150,,,,,,,,,,,,,,,,,,
2026-07-08T21:04:03.372713+00:00,2026-07-08T21:04:03.372797,2,2,142.6,0.2,142.5,150,142.2,100,,,,,,,,,,,,,,,,,142.7,100,143.0,150,,,,,,,,,,,,,,,,
2026-07-08T21:04:04.404883+00:00,2026-07-08T21:04:04.404743,2,2,142.6,0.2,142.5,109,142.2,100,,,,,,,,,,,,,,,,,142.7,100,143.0,150,,,,,,,,,,,,,,,,
2026-07-08T21:04:04.410056+00:00,2026-07-08T21:04:04.409933,2,1,142.6,0.2,142.5,109,142.2,100,,,,,,,,,,,,,,,,,142.7,100,,,,,,,,,,,,,,,,,,
2026-07-08T21:04:04.415163+00:00,2026-07-08T21:04:04.415120,1,1,142.45,0.5,142.2,100,,,,,,,,,,,,,,,,,,,142.7,100,,,,,,,,,,,,,,,,,,
2026-07-08T21:04:04.474377+00:00,2026-07-08T21:04:04.474201,1,1,142.45,0.5,142.2,250,,,,,,,,,,,,,,,,,,,142.7,100,,,,,,,,,,,,,,,,,,
2026-07-08T21:04:04.523884+00:00,2026-07-08T21:04:04.523755,1,1,142.45,0.5,142.2,250,,,,,,,,,,,,,,,,,,,142.7,250,,,,,,,,,,,,,,,,,,
2026-07-08T21:04:04.565202+00:00,2026-07-08T21:04:04.565068,1,1,142.45,0.5,142.2,250,,,,,,,,,,,,,,,,,,,142.7,200,,,,,,,,,,,,,,,,,,
2026-07-08T21:04:06.426290+00:00,2026-07-08T21:04:06.426214,1,1,142.45,0.5,142.2,250,,,,,,,,,,,,,,,,,,,142.7,150,,,,,,,,,,,,,,,,,,
2026-07-08T21:04:06.431311+00:00,2026-07-08T21:04:06.431384,1,1,142.45,0.5,142.2,150,,,,,,,,,,,,,,,,,,,142.7,150,,,,,,,,,,,,,,,,,,
2026-07-08T21:04:06.484892+00:00,2026-07-08T21:04:06.484815,2,1,142.55,0.3,142.4,100,142.2,150,,,,,,,,,,,,,,,,,142.7,150,,,,,,,,,,,,,,,,,,
2026-07-08T21:04:06.542905+00:00,2026-07-08T21:04:06.542810,2,2,142.55,0.3,142.4,100,142.2,150,,,,,,,,,,,,,,,,,142.7,150,142.9,100,,,,,,,,,,,,,,,,
2026-07-08T21:04:06.671269+00:00,2026-07-08T21:04:06.671152,2,2,142.55,0.3,142.4,100,142.2,150,,,,,,,,,,,,,,,,,142.7,100,142.9,100,,,,,,,,,,,,,,,,
2026-07-08T21:04:07.361362+00:00,2026-07-08T21:04:07.361248,2,2,142.55,0.3,142.4,100,142.2,150,,,,,,,,,,,,,,,,,142.7,54,142.9,100,,,,,,,,,,,,,,,,
2026-07-08T21:04:07.580710+00:00,2026-07-08T21:04:07.580573,1,1,142.65,0.5,142.4,100,,,,,,,,,,,,,,,,,,,142.9,100,,,,,,,,,,,,,,,,,,
2026-07-08T21:04:07.635380+00:00,2026-07-08T21:04:07.635242,2,1,142.75,0.3,142.6,150,142.4,100,,,,,,,,,,,,,,,,,142.9,100,,,,,,,,,,,,,,,,,,
2026-07-08T21:04:07.685437+00:00,2026-07-08T21:04:07.685364,2,2,142.75,0.3,142.6,150,142.4,100,,,,,,,,,,,,,,,,,142.9,100,143.1,150,,,,,,,,,,,,,,,,
2026-07-08T21:04:08.775727+00:00,2026-07-08T21:04:08.775660,2,2,142.75,0.3,142.6,150,142.4,100,,,,,,,,,,,,,,,,,142.9,50,143.1,150,,,,,,,,,,,,,,,,
2026-07-08T21:04:09.592993+00:00,2026-07-08T21:04:09.592909,1,1,142.85,0.5,142.6,150,,,,,,,,,,,,,,,,,,,143.1,150,,,,,,,,,,,,,,,,,,
2026-07-08T21:04:09.648066+00:00,2026-07-08T21:04:09.647964,1,1,142.85,0.5,142.6,250,,,,,,,,,,,,,,,,,,,143.1,150,,,,,,,,,,,,,,,,,,
2026-07-08T21:04:09.701266+00:00,2026-07-08T21:04:09.701208,1,1,142.85,0.5,142.6,250,,,,,,,,,,,,,,,,,,,143.1,250,,,,,,,,,,,,,,,,,,
2026-07-08T21:04:10.750415+00:00,2026-07-08T21:04:10.750137,1,1,142.85,0.5,142.6,100,,,,,,,,,,,,,,,,,,,143.1,100,,,,,,,,,,,,,,,,,,
2026-07-08T21:04:10.799325+00:00,2026-07-08T21:04:10.799137,2,1,142.9,0.4,142.7,150,142.6,100,,,,,,,,,,,,,,,,,143.1,100,,,,,,,,,,,,,,,,,,
2026-07-08T21:04:10.858941+00:00,2026-07-08T21:04:10.858698,2,2,142.9,0.4,142.7,150,142.6,100,,,,,,,,,,,,,,,,,143.1,100,143.2,150,,,,,,,,,,,,,,,,
2026-07-08T21:04:10.883903+00:00,2026-07-08T21:04:10.883872,2,2,142.9,0.4,142.7,150,142.6,100,,,,,,,,,,,,,,,,,143.1,50,143.2,150,,,,,,,,,,,,,,,,
2026-07-08T21:04:12.507407+00:00,2026-07-08T21:04:12.507351,2,2,142.9,0.4,142.7,150,142.6,100,,,,,,,,,,,,,,,,,143.1,4,143.2,150,,,,,,,,,,,,,,,,
2026-07-08T21:04:12.751462+00:00,2026-07-08T21:04:12.751380,2,1,142.95,0.5,142.7,150,142.6,100,,,,,,,,,,,,,,,,,143.2,150,,,,,,,,,,,,,,,,,,
2026-07-08T21:04:12.756585+00:00,2026-07-08T21:04:12.756545,1,1,142.95,0.5,142.7,150,,,,,,,,,,,,,,,,,,,143.2,150,,,,,,,,,,,,,,,,,,
2026-07-08T21:04:12.816252+00:00,2026-07-08T21:04:12.809396,2,1,143.0,0.4,142.8,97,142.7,150,,,,,,,,,,,,,,,,,143.2,150,,,,,,,,,,,,,,,,,,
2026-07-08T21:04:12.858766+00:00,2026-07-08T21:04:12.858684,2,2,143.0,0.4,142.8,97,142.7,150,,,,,,,,,,,,,,,,,143.2,150,143.3,100,,,,,,,,,,,,,,,,
2026-07-08T21:04:12.932098+00:00,2026-07-08T21:04:12.926009,2,2,143.0,0.4,142.8,86,142.7,150,,,,,,,,,,,,,,,,,143.2,150,143.3,100,,,,,,,,,,,,,,,,
2026-07-08T21:04:12.995439+00:00,2026-07-08T21:04:12.995573,2,2,143.0,0.4,142.8,86,142.7,150,,,,,,,,,,,,,,,,,143.2,100,143.3,100,,,,,,,,,,,,,,,,
