recv_time,book_timestamp,n_bids,n_asks,mid,spread,bid_px_0,bid_vol_0,bid_px_1,bid_vol_1,bid_px_2,bid_vol_2,bid_px_3,bid_vol_3,bid_px_4,bid_vol_4,bid_px_5,bid_vol_5,bid_px_6,bid_vol_6,bid_px_7,bid_vol_7,bid_px_8,bid_vol_8,bid_px_9,bid_vol_9,ask_px_0,ask_vol_0,ask_px_1,ask_vol_1,ask_px_2,ask_vol_2,ask_px_3,ask_vol_3,ask_px_4,ask_vol_4,ask_px_5,ask_vol_5,ask_px_6,ask_vol_6,ask_px_7,ask_vol_7,ask_px_8,ask_vol_8,ask_px_9,ask_vol_9
2026-07-04T23:00:00.180140+00:00,2026-07-04T23:00:00.103440,2,2,137.15,0.3,137.0,150,136.8,100,,,,,,,,,,,,,,,,,137.3,50,137.5,150,,,,,,,,,,,,,,,,
2026-07-04T23:00:00.239559+00:00,2026-07-04T23:00:00.203440,2,2,137.15,0.3,137.0,108,136.8,100,,,,,,,,,,,,,,,,,137.3,50,137.5,150,,,,,,,,,,,,,,,,
2026-07-04T23:00:01.269638+00:00,2026-07-04T23:00:01.269509,2,2,137.15,0.3,137.0,108,136.8,100,,,,,,,,,,,,,,,,,137.3,7,137.5,150,,,,,,,,,,,,,,,,
2026-07-04T23:00:01.888844+00:00,2026-07-04T23:00:01.888812,2,1,137.15,0.3,137.0,108,136.8,100,,,,,,,,,,,,,,,,,137.3,7,,,,,,,,,,,,,,,,,,
2026-07-04T23:00:01.894069+00:00,2026-07-04T23:00:01.893995,1,1,137.05,0.5,136.8,100,,,,,,,,,,,,,,,,,,,137.3,7,,,,,,,,,,,,,,,,,,
2026-07-04T23:00:01.947644+00:00,2026-07-04T23:00:01.947550,2,1,137.05,0.5,136.8,100,136.7,150,,,,,,,,,,,,,,,,,137.3,7,,,,,,,,,,,,,,,,,,
2026-07-04T23:00:02.000413+00:00,2026-07-04T23:00:02.000301,2,2,137.0,0.4,136.8,100,136.7,150,,,,,,,,,,,,,,,,,137.2,150,137.3,7,,,,,,,,,,,,,,,,
2026-07-04T23:00:02.221227+00:00,2026-07-04T23:00:02.221103,2,2,137.0,0.4,136.8,100,136.7,150,,,,,,,,,,,,,,,,,137.2,100,137.3,7,,,,,,,,,,,,,,,,
2026-07-04T23:00:02.328361+00:00,2026-07-04T23:00:02.328312,1,1,136.95,0.5,136.7,150,,,,,,,,,,,,,,,,,,,137.2,100,,,,,,,,,,,,,,,,,,
2026-07-04T23:00:02.381333+00:00,2026-07-04T23:00:02.381176,2,1,137.1,0.2,137.0,100,136.7,150,,,,,,,,,,,,,,,,,137.2,100,,,,,,,,,,,,,,,,,,
2026-07-04T23:00:02.437621+00:00,2026-07-04T23:00:02.437712,2,2,137.1,0.2,137.0,100,136.7,150,,,,,,,,,,,,,,,,,137.2,100,137.5,100,,,,,,,,,,,,,,,,
2026-07-04T23:00:02.876701+00:00,2026-07-04T23:00:02.876857,2,2,137.1,0.2,137.0,54,136.7,150,,,,,,,,,,,,,,,,,137.2,100,137.5,100,,,,,,,,,,,,,,,,
2026-07-04T23:00:04.328452+00:00,2026-07-04T23:00:04.328645,2,2,137.1,0.2,137.0,54,136.7,150,,,,,,,,,,,,,,,,,137.2,50,137.5,100,,,,,,,,,,,,,,,,
2026-07-04T23:00:05.058570+00:00,2026-07-04T23:00:05.054936,1,1,137.25,0.5,137.0,54,,,,,,,,,,,,,,,,,,,137.5,100,,,,,,,,,,,,,,,,,,
2026-07-04T23:00:05.110406+00:00,2026-07-04T23:00:05.110254,2,1,137.35,0.3,137.2,150,137.0,54,,,,,,,,,,,,,,,,,137.5,100,,,,,,,,,,,,,,,,,,
2026-07-04T23:00:05.164163+00:00,2026-07-04T23:00:05.164034,2,2,137.35,0.3,137.2,150,137.0,54,,,,,,,,,,,,,,,,,137.5,100,137.7,150,,,,,,,,,,,,,,,,
2026-07-04T23:00:05.505920+00:00,2026-07-04T23:00:05.505746,1,1,137.45,0.5,137.2,150,,,,,,,,,,,,,,,,,,,137.7,150,,,,,,,,,,,,,,,,,,
2026-07-04T23:00:05.565520+00:00,2026-07-04T23:00:05.565410,2,1,137.45,0.5,137.2,150,137.0,100,,,,,,,,,,,,,,,,,137.7,150,,,,,,,,,,,,,,,,,,
2026-07-04T23:00:05.617980+00:00,2026-07-04T23:00:05.617913,2,2,137.35,0.3,137.2,150,137.0,100,,,,,,,,,,,,,,,,,137.5,100,137.7,150,,,,,,,,,,,,,,,,
2026-07-04T23:00:06.107014+00:00,2026-07-04T23:00:06.101585,2,2,137.35,0.3,137.2,147,137.0,100,,,,,,,,,,,,,,,,,137.5,100,137.7,150,,,,,,,,,,,,,,,,
2026-07-04T23:00:06.436337+00:00,2026-07-04T23:00:06.436276,2,2,137.35,0.3,137.2,147,137.0,100,,,,,,,,,,,,,,,,,137.5,50,137.7,150,,,,,,,,,,,,,,,,
2026-07-04T23:00:06.496182+00:00,2026-07-04T23:00:06.489602,2,2,137.35,0.3,137.2,136,137.0,100,,,,,,,,,,,,,,,,,137.5,50,137.7,150,,,,,,,,,,,,,,,,
2026-07-04T23:00:06.777935+00:00,2026-07-04T23:00:06.772471,2,2,137.35,0.3,137.2,124,137.0,100,,,,,,,,,,,,,,,,,137.5,50,137.7,150,,,,,,,,,,,,,,,,
2026-07-04T23:00:07.032000+00:00,2026-07-04T23:00:07.031897,2,2,137.35,0.3,137.2,124,137.0,100,,,,,,,,,,,,,,,,,137.5,7,137.7,150,,,,,,,,,,,,,,,,
2026-07-04T23:00:08.177564+00:00,2026-07-04T23:00:08.177746,2,1,137.45,0.5,137.2,124,137.0,100,,,,,,,,,,,,,,,,,137.7,115,,,,,,,,,,,,,,,,,,
2026-07-04T23:00:08.218207+00:00,2026-07-04T23:00:08.218090,1,0,,,137.0,100,,,,,,,,,,,,,,,,,,,,,,,,,,,,,,,,,,,,,,
2026-07-04T23:00:08.273848+00:00,2026-07-04T23:00:08.273765,2,0,,,137.2,150,137.0,100,,,,,,,,,,,,,,,,,,,,,,,,,,,,,,,,,,,,
2026-07-04T23:00:08.326496+00:00,2026-07-04T23:00:08.326406,2,1,137.45,0.5,137.2,150,137.0,100,,,,,,,,,,,,,,,,,137.7,150,,,,,,,,,,,,,,,,,,
2026-07-04T23:00:08.581177+00:00,2026-07-04T23:00:08.544639,2,1,137.45,0.5,137.2,150,137.0,100,,,,,,,,,,,,,,,,,137.7,100,,,,,,,,,,,,,,,,,,
2026-07-04T23:00:08.670911+00:00,2026-07-04T23:00:08.670830,1,1,137.45,0.5,137.2,150,,,,,,,,,,,,,,,,,,,137.7,100,,,,,,,,,,,,,,,,,,
2026-07-04T23:00:08.725548+00:00,2026-07-04T23:00:08.725465,1,1,137.45,0.5,137.2,250,,,,,,,,,,,,,,,,,,,137.7,100,,,,,,,,,,,,,,,,,,
2026-07-04T23:00:08.778825+00:00,2026-07-04T23:00:08.778740,1,1,137.45,0.5,137.2,250,,,,,,,,,,,,,,,,,,,137.7,200,,,,,,,,,,,,,,,,,,
2026-07-04T23:00:10.558646+00:00,2026-07-04T23:00:10.554790,1,1,137.45,0.5,137.2,225,,,,,,,,,,,,,,,,,,,137.7,200,,,,,,,,,,,,,,,,,,
2026-07-04T23:00:10.712354+00:00,2026-07-04T23:00:10.712319,1,1,137.45,0.5,137.2,175,,,,,,,,,,,,,,,,,,,137.7,200,,,,,,,,,,,,,,,,,,
2026-07-04T23:00:11.381743+00:00,2026-07-04T23:00:11.381892,1,1,137.45,0.5,137.2,100,,,,,,,,,,,,,,,,,,,137.7,100,,,,,,,,,,,,,,,,,,
2026-07-04T23:00:11.436162+00:00,2026-07-04T23:00:11.436071,2,1,137.45,0.5,137.2,100,137.0,150,,,,,,,,,,,,,,,,,137.7,100,,,,,,,,,,,,,,,,,,
2026-07-04T23:00:11.488825+00:00,2026-07-04T23:00:11.488683,2,2,137.35,0.3,137.2,100,137.0,150,,,,,,,,,,,,,,,,,137.5,150,137.7,100,,,,,,,,,,,,,,,,
2026-07-04T23:00:11.864265+00:00,2026-07-04T23:00:11.864140,1,1,137.25,0.5,137.0,150,,,,,,,,,,,,,,,,,,,137.5,150,,,,,,,,,,,,,,,,,,
2026-07-04T23:00:11.887575+00:00,2026-07-04T23:00:11.887532,2,1,137.3,0.4,137.1,100,137.0,150,,,,,,,,,,,,,,,,,137.5,150,,,,,,,,,,,,,,,,,,
2026-07-04T23:00:11.937654+00:00,2026-07-04T23:00:11.937609,2,2,137.3,0.4,137.1,100,137.0,150,,,,,,,,,,,,,,,,,137.5,150,137.6,100,,,,,,,,,,,,,,,,
2026-07-04T23:00:12.818333+00:00,2026-07-04T23:00:12.818545,2,2,137.3,0.4,137.1,50,137.0,150,,,,,,,,,,,,,,,,,137.5,150,137.6,100,,,,,,,,,,,,,,,,
2026-07-04T23:00:14.542894+00:00,2026-07-04T23:00:14.542826,1,1,137.35,0.5,137.1,50,,,,,,,,,,,,,,,,,,,137.6,100,,,,,,,,,,,,,,,,,,
2026-07-04T23:00:14.598134+00:00,2026-07-04T23:00:14.598043,2,1,137.35,0.5,137.1,50,136.9,150,,,,,,,,,,,,,,,,,137.6,100,,,,,,,,,,,,,,,,,,
2026-07-04T23:00:14.652417+00:00,2026-07-04T23:00:14.652313,2,2,137.25,0.3,137.1,50,136.9,150,,,,,,,,,,,,,,,,,137.4,150,137.6,100,,,,,,,,,,,,,,,,
2026-07-04T23:00:14.925443+00:00,2026-07-04T23:00:14.925648,1,2,137.15,0.5,136.9,150,,,,,,,,,,,,,,,,,,,137.4,150,137.6,100,,,,,,,,,,,,,,,,
2026-07-04T23:00:14.994761+00:00,2026-07-04T23:00:14.994630,1,1,137.15,0.5,136.9,150,,,,,,,,,,,,,,,,,,,137.4,150,,,,,,,,,,,,,,,,,,
2026-07-04T23:00:15.046852+00:00,2026-07-04T23:00:15.046811,2,1,137.15,0.5,136.9,150,136.7,100,,,,,,,,,,,,,,,,,137.4,150,,,,,,,,,,,,,,,,,,
2026-07-04T23:00:15.099372+00:00,2026-07-04T23:00:15.099328,2,2,137.05,0.3,136.9,150,136.7,100,,,,,,,,,,,,,,,,,137.2,100,137.4,150,,,,,,,,,,,,,,,,
2026-07-04T23:00:16.830056+00:00,2026-07-04T23:00:16.829983,2,2,137.05,0.3,136.9,107,136.7,100,,,,,,,,,,,,,,,,,137.2,100,137.4,150,,,,,,,,,,,,,,,,
2026-07-04T23:00:17.042818+00:00,2026-07-04T23:00:17.042708,2,2,137.05,0.3,136.9,57,136.7,100,,,,,,,,,,,,,,,,,137.2,100,137.4,150,,,,,,,,,,,,,,,,
2026-07-04T23:00:17.707481+00:00,2026-07-04T23:00:17.707401,1,1,136.95,0.5,136.7,100,,,,,,,,,,,,,,,,,,,137.2,100,,,,,,,,,,,,,,,,,,
2026-07-04T23:00:17.763655+00:00,2026-07-04T23:00:17.763750,2,1,136.95,0.5,136.7,100,136.6,150,,,,,,,,,,,,,,,,,137.2,100,,,,,,,,,,,,,,,,,,
2026-07-04T23:00:17.809559+00:00,2026-07-04T23:00:17.809526,2,2,136.9,0.4,136.7,100,136.6,150,,,,,,,,,,,,,,,,,137.1,150,137.2,100,,,,,,,,,,,,,,,,
2026-07-04T23:00:18.158634+00:00,2026-07-04T23:00:18.153610,1,1,136.85,0.5,136.6,150,,,,,,,,,,,,,,,,,,,137.1,150,,,,,,,,,,,,,,,,,,
2026-07-04T23:00:18.217993+00:00,2026-07-04T23:00:18.217921,2,1,136.9,0.4,136.7,100,136.6,150,,,,,,,,,,,,,,,,,137.1,150,,,,,,,,,,,,,,,,,,
2026-07-04T23:00:18.270416+00:00,2026-07-04T23:00:18.270503,2,2,136.9,0.4,136.7,100,136.6,150,,,,,,,,,,,,,,,,,137.1,150,137.2,100,,,,,,,,,,,,,,,,
2026-07-04T23:00:18.758675+00:00,2026-07-04T23:00:18.755056,2,2,136.9,0.4,136.7,100,136.6,150,,,,,,,,,,,,,,,,,137.1,109,137.2,100,,,,,,,,,,,,,,,,
2026-07-04T23:00:19.149396+00:00,2026-07-04T23:00:19.149257,2,2,136.9,0.4,136.7,50,136.6,150,,,,,,,,,,,,,,,,,137.1,109,137.2,100,,,,,,,,,,,,,,,,
2026-07-04T23:00:19.417902+00:00,2026-07-04T23:00:19.417768,2,2,136.9,0.4,136.7,5,136.6,150,,,,,,,,,,,,,,,,,137.1,109,137.2,100,,,,,,,,,,,,,,,,
2026-07-04T23:00:20.443043+00:00,2026-07-04T23:00:20.442983,2,2,136.9,0.4,136.7,5,136.6,150,,,,,,,,,,,,,,,,,137.1,62,137.2,100,,,,,,,,,,,,,,,,
2026-07-04T23:00:20.866551+00:00,2026-07-04T23:00:20.866752,1,1,136.95,0.5,136.7,5,,,,,,,,,,,,,,,,,,,137.2,100,,,,,,,,,,,,,,,,,,
2026-07-04T23:00:20.919727+00:00,2026-07-04T23:00:20.919929,2,1,137.0,0.4,136.8,150,136.7,5,,,,,,,,,,,,,,,,,137.2,100,,,,,,,,,,,,,,,,,,
2026-07-04T23:00:20.975150+00:00,2026-07-04T23:00:20.975052,2,2,137.0,0.4,136.8,150,136.7,5,,,,,,,,,,,,,,,,,137.2,100,137.3,150,,,,,,,,,,,,,,,,
2026-07-04T23:00:21.098043+00:00,2026-07-04T23:00:21.098010,2,2,137.0,0.4,136.8,105,136.7,5,,,,,,,,,,,,,,,,,137.2,100,137.3,150,,,,,,,,,,,,,,,,
2026-07-04T23:00:21.258618+00:00,2026-07-04T23:00:21.255555,2,2,137.0,0.4,136.8,55,136.7,5,,,,,,,,,,,,,,,,,137.2,100,137.3,150,,,,,,,,,,,,,,,,
2026-07-04T23:00:21.323917+00:00,2026-07-04T23:00:21.323883,1,1,137.05,0.5,136.8,55,,,,,,,,,,,,,,,,,,,137.3,150,,,,,,,,,,,,,,,,,,
2026-07-04T23:00:21.381168+00:00,2026-07-04T23:00:21.381326,2,1,137.05,0.5,136.8,55,136.1,100,,,,,,,,,,,,,,,,,137.3,150,,,,,,,,,,,,,,,,,,
2026-07-04T23:00:21.447769+00:00,2026-07-04T23:00:21.440608,1,2,136.35,0.5,136.1,100,,,,,,,,,,,,,,,,,,,136.6,22,137.3,150,,,,,,,,,,,,,,,,
2026-07-04T23:00:21.672499+00:00,2026-07-04T23:00:21.672345,1,1,136.7,1.2,136.1,100,,,,,,,,,,,,,,,,,,,137.3,129,,,,,,,,,,,,,,,,,,
2026-07-04T23:00:24.024465+00:00,2026-07-04T23:00:24.024421,1,0,,,136.1,100,,,,,,,,,,,,,,,,,,,,,,,,,,,,,,,,,,,,,,
2026-07-04T23:00:24.081409+00:00,2026-07-04T23:00:24.081303,2,0,,,136.2,150,136.1,100,,,,,,,,,,,,,,,,,,,,,,,,,,,,,,,,,,,,
2026-07-04T23:00:24.133950+00:00,2026-07-04T23:00:24.133869,2,1,136.45,0.5,136.2,150,136.1,100,,,,,,,,,,,,,,,,,136.7,150,,,,,,,,,,,,,,,,,,
2026-07-04T23:00:24.492347+00:00,2026-07-04T23:00:24.492291,1,1,136.45,0.5,136.2,150,,,,,,,,,,,,,,,,,,,136.7,150,,,,,,,,,,,,,,,,,,
2026-07-04T23:00:24.544861+00:00,2026-07-04T23:00:24.544774,2,1,136.6,0.2,136.5,100,136.2,150,,,,,,,,,,,,,,,,,136.7,150,,,,,,,,,,,,,,,,,,
2026-07-04T23:00:24.597147+00:00,2026-07-04T23:00:24.597118,2,2,136.6,0.2,136.5,100,136.2,150,,,,,,,,,,,,,,,,,136.7,150,137.0,100,,,,,,,,,,,,,,,,
2026-07-04T23:00:25.417993+00:00,2026-07-04T23:00:25.417928,2,2,136.6,0.2,136.5,100,136.2,150,,,,,,,,,,,,,,,,,136.7,100,137.0,100,,,,,,,,,,,,,,,,
2026-07-04T23:00:25.469173+00:00,2026-07-04T23:00:25.469096,2,2,136.6,0.2,136.5,54,136.2,150,,,,,,,,,,,,,,,,,136.7,100,137.0,100,,,,,,,,,,,,,,,,
2026-07-04T23:00:26.210736+00:00,2026-07-04T23:00:26.203945,2,2,136.6,0.2,136.5,54,136.2,150,,,,,,,,,,,,,,,,,136.7,97,137.0,100,,,,,,,,,,,,,,,,
2026-07-04T23:00:27.187559+00:00,2026-07-04T23:00:27.187446,1,1,136.75,0.5,136.5,54,,,,,,,,,,,,,,,,,,,137.0,100,,,,,,,,,,,,,,,,,,
2026-07-04T23:00:27.229963+00:00,2026-07-04T23:00:27.229846,1,1,136.75,0.5,136.5,54,,,,,,,,,,,,,,,,,,,137.0,52,,,,,,,,,,,,,,,,,,
2026-07-04T23:00:27.240294+00:00,2026-07-04T23:00:27.240234,1,1,136.75,0.5,136.5,204,,,,,,,,,,,,,,,,,,,137.0,52,,,,,,,,,,,,,,,,,,
2026-07-04T23:00:27.312468+00:00,2026-07-04T23:00:27.312368,1,1,136.75,0.5,136.5,204,,,,,,,,,,,,,,,,,,,137.0,202,,,,,,,,,,,,,,,,,,
2026-07-04T23:00:27.524996+00:00,2026-07-04T23:00:27.524941,1,1,136.75,0.5,136.5,204,,,,,,,,,,,,,,,,,,,137.0,152,,,,,,,,,,,,,,,,,,
2026-07-04T23:00:27.658582+00:00,2026-07-04T23:00:27.650783,1,1,136.75,0.5,136.5,150,,,,,,,,,,,,,,,,,,,137.0,150,,,,,,,,,,,,,,,,,,
2026-07-04T23:00:27.704364+00:00,2026-07-04T23:00:27.704282,2,1,136.9,0.2,136.8,100,136.5,150,,,,,,,,,,,,,,,,,137.0,150,,,,,,,,,,,,,,,,,,
2026-07-04T23:00:27.758623+00:00,2026-07-04T23:00:27.756589,2,2,136.9,0.2,136.8,100,136.5,150,,,,,,,,,,,,,,,,,137.0,150,137.3,100,,,,,,,,,,,,,,,,
2026-07-04T23:00:29.717322+00:00,2026-07-04T23:00:29.717176,2,2,136.9,0.2,136.8,50,136.5,150,,,,,,,,,,,,,,,,,137.0,150,137.3,100,,,,,,,,,,,,,,,,
2026-07-04T23:00:29.814463+00:00,2026-07-04T23:00:29.805973,2,2,136.9,0.2,136.8,47,136.5,150,,,,,,,,,,,,,,,,,137.0,150,137.3,100,,,,,,,,,,,,,,,,
2026-07-04T23:00:30.358577+00:00,2026-07-04T23:00:30.356855,1,1,137.05,0.5,136.8,47,,,,,,,,,,,,,,,,,,,137.3,100,,,,,,,,,,,,,,,,,,
2026-07-04T23:00:30.416925+00:00,2026-07-04T23:00:30.416798,2,1,137.05,0.5,136.8,47,136.4,150,,,,,,,,,,,,,,,,,137.3,100,,,,,,,,,,,,,,,,,,
2026-07-04T23:00:30.469872+00:00,2026-07-04T23:00:30.469817,2,2,136.85,0.1,136.8,47,136.4,150,,,,,,,,,,,,,,,,,136.9,150,137.3,100,,,,,,,,,,,,,,,,
2026-07-04T23:00:30.586776+00:00,2026-07-04T23:00:30.586625,2,2,136.85,0.1,136.8,22,136.4,150,,,,,,,,,,,,,,,,,136.9,150,137.3,100,,,,,,,,,,,,,,,,
2026-07-04T23:00:30.809891+00:00,2026-07-04T23:00:30.809859,1,1,136.65,0.5,136.4,150,,,,,,,,,,,,,,,,,,,136.9,150,,,,,,,,,,,,,,,,,,
2026-07-04T23:00:30.864914+00:00,2026-07-04T23:00:30.864880,1,1,136.65,0.5,136.4,250,,,,,,,,,,,,,,,,,,,136.9,150,,,,,,,,,,,,,,,,,,
2026-07-04T23:00:30.922835+00:00,2026-07-04T23:00:30.922743,1,1,136.65,0.5,136.4,250,,,,,,,,,,,,,,,,,,,136.9,250,,,,,,,,,,,,,,,,,,
2026-07-04T23:00:31.220816+00:00,2026-07-04T23:00:31.220691,1,1,136.65,0.5,136.4,250,,,,,,,,,,,,,,,,,,,136.9,206,,,,,,,,,,,,,,,,,,
2026-07-04T23:00:31.825550+00:00,2026-07-04T23:00:31.825450,1,1,136.65,0.5,136.4,200,,,,,,,,,,,,,,,,,,,136.9,206,,,,,,,,,,,,,,,,,,
2026-07-04T23:00:33.414149+00:00,2026-07-04T23:00:33.414098,1,1,136.65,0.5,136.4,154,,,,,,,,,,,,,,,,,,,136.9,206,,,,,,,,,,,,,,,,,,
2026-07-04T23:00:33.523148+00:00,2026-07-04T23:00:33.523087,1,1,136.65,0.5,136.4,100,,,,,,,,,,,,,,,,,,,136.9,100,,,,,,,,,,,,,,,,,,
2026-07-04T23:00:33.575772+00:00,2026-07-04T23:00:33.575725,2,1,136.65,0.5,136.4,100,136.1,150,,,,,,,,,,,,,,,,,136.9,100,,,,,,,,,,,,,,,,,,
2026-07-04T23:00:33.632947+00:00,2026-07-04T23:00:33.633141,2,2,136.5,0.2,136.4,100,136.1,150,,,,,,,,,,,,,,,,,136.6,150,136.9,100,,,,,,,,,,,,,,,,
2026-07-04T23:00:33.958613+00:00,2026-07-04T23:00:33.957808,2,2,136.5,0.2,136.4,50,136.1,150,,,,,,,,,,,,,,,,,136.6,150,136.9,100,,,,,,,,,,,,,,,,
2026-07-04T23:00:33.974312+00:00,2026-07-04T23:00:33.974250,1,1,136.35,0.5,136.1,150,,,,,,,,,,,,,,,,,,,136.6,150,,,,,,,,,,,,,,,,,,
2026-07-04T23:00:34.029519+00:00,2026-07-04T23:00:34.029460,1,1,136.35,0.5,136.1,250,,,,,,,,,,,,,,,,,,,136.6,150,,,,,,,,,,,,,,,,,,
2026-07-04T23:00:34.082991+00:00,2026-07-04T23:00:34.082804,1,1,136.35,0.5,136.1,250,,,,,,,,,,,,,,,,,,,136.6,250,,,,,,,,,,,,,,,,,,
2026-07-04T23:00:34.654429+00:00,2026-07-04T23:00:34.648790,1,1,136.35,0.5,136.1,250,,,,,,,,,,,,,,,,,,,136.6,247,,,,,,,,,,,,,,,,,,
2026-07-04T23:00:36.064070+00:00,2026-07-04T23:00:36.063950,1,1,136.35,0.5,136.1,200,,,,,,,,,,,,,,,,,,,136.6,247,,,,,,,,,,,,,,,,,,
2026-07-04T23:00:36.429451+00:00,2026-07-04T23:00:36.429325,1,1,136.35,0.5,136.1,200,,,,,,,,,,,,,,,,,,,136.6,199,,,,,,,,,,,,,,,,,,
2026-07-04T23:00:36.686852+00:00,2026-07-04T23:00:36.686813,1,1,136.35,0.5,136.1,200,,,,,,,,,,,,,,,,,,,136.6,100,,,,,,,,,,,,,,,,,,
2026-07-04T23:00:36.692067+00:00,2026-07-04T23:00:36.691997,1,1,136.35,0.5,136.1,100,,,,,,,,,,,,,,,,,,,136.6,100,,,,,,,,,,,,,,,,,,
2026-07-04T23:00:36.741215+00:00,2026-07-04T23:00:36.741437,1,1,136.35,0.5,136.1,250,,,,,,,,,,,,,,,,,,,136.6,100,,,,,,,,,,,,,,,,,,
2026-07-04T23:00:36.794140+00:00,2026-07-04T23:00:36.794045,1,1,136.35,0.5,136.1,250,,,,,,,,,,,,,,,,,,,136.6,250,,,,,,,,,,,,,,,,,,
2026-07-04T23:00:37.137944+00:00,2026-07-04T23:00:37.137891,1,1,136.35,0.5,136.1,150,,,,,,,,,,,,,,,,,,,136.6,150,,,,,,,,,,,,,,,,,,
2026-07-04T23:00:37.191986+00:00,2026-07-04T23:00:37.191875,1,1,136.35,0.5,136.1,250,,,,,,,,,,,,,,,,,,,136.6,150,,,,,,,,,,,,,,,,,,
2026-07-04T23:00:37.245053+00:00,2026-07-04T23:00:37.244990,1,1,136.35,0.5,136.1,250,,,,,,,,,,,,,,,,,,,136.6,250,,,,,,,,,,,,,,,,,,
2026-07-04T23:00:39.852603+00:00,2026-07-04T23:00:39.852800,1,1,136.35,0.5,136.1,100,,,,,,,,,,,,,,,,,,,136.6,100,,,,,,,,,,,,,,,,,,
2026-07-04T23:00:39.907349+00:00,2026-07-04T23:00:39.907250,2,1,136.4,0.4,136.2,150,136.1,100,,,,,,,,,,,,,,,,,136.6,100,,,,,,,,,,,,,,,,,,
2026-07-04T23:00:39.959977+00:00,2026-07-04T23:00:39.959852,2,2,136.4,0.4,136.2,150,136.1,100,,,,,,,,,,,,,,,,,136.6,100,136.7,150,,,,,,,,,,,,,,,,
2026-07-04T23:00:40.275193+00:00,2026-07-04T23:00:40.275057,2,2,136.4,0.4,136.2,100,136.1,100,,,,,,,,,,,,,,,,,136.6,100,136.7,150,,,,,,,,,,,,,,,,
2026-07-04T23:00:40.295119+00:00,2026-07-04T23:00:40.295057,2,1,136.45,0.5,136.2,100,136.1,100,,,,,,,,,,,,,,,,,136.7,150,,,,,,,,,,,,,,,,,,
2026-07-04T23:00:40.300335+00:00,2026-07-04T23:00:40.300234,1,1,136.45,0.5,136.2,100,,,,,,,,,,,,,,,,,,,136.7,150,,,,,,,,,,,,,,,,,,
2026-07-04T23:00:40.353066+00:00,2026-07-04T23:00:40.352957,2,1,136.5,0.4,136.3,100,136.2,100,,,,,,,,,,,,,,,,,136.7,150,,,,,,,,,,,,,,,,,,
2026-07-04T23:00:40.403307+00:00,2026-07-04T23:00:40.403263,2,2,136.5,0.4,136.3,100,136.2,100,,,,,,,,,,,,,,,,,136.7,150,136.8,100,,,,,,,,,,,,,,,,
2026-07-04T23:00:42.330301+00:00,2026-07-04T23:00:42.330275,2,2,136.5,0.4,136.3,100,136.2,100,,,,,,,,,,,,,,,,,136.7,100,136.8,100,,,,,,,,,,,,,,,,
2026-07-04T23:00:43.033380+00:00,2026-07-04T23:00:43.033298,2,1,136.55,0.5,136.3,100,136.2,100,,,,,,,,,,,,,,,,,136.8,100,,,,,,,,,,,,,,,,,,
2026-07-04T23:00:43.038611+00:00,2026-07-04T23:00:43.038464,1,1,136.55,0.5,136.3,100,,,,,,,,,,,,,,,,,,,136.8,100,,,,,,,,,,,,,,,,,,
2026-07-04T23:00:43.092987+00:00,2026-07-04T23:00:43.092898,2,1,136.55,0.5,136.3,100,136.0,150,,,,,,,,,,,,,,,,,136.8,100,,,,,,,,,,,,,,,,,,
2026-07-04T23:00:43.145775+00:00,2026-07-04T23:00:43.145711,2,2,136.4,0.2,136.3,100,136.0,150,,,,,,,,,,,,,,,,,136.5,150,136.8,100,,,,,,,,,,,,,,,,
2026-07-04T23:00:43.458664+00:00,2026-07-04T23:00:43.451160,1,1,136.25,0.5,136.0,150,,,,,,,,,,,,,,,,,,,136.5,150,,,,,,,,,,,,,,,,,,
2026-07-04T23:00:43.510546+00:00,2026-07-04T23:00:43.510497,1,1,136.25,0.5,136.0,250,,,,,,,,,,,,,,,,,,,136.5,150,,,,,,,,,,,,,,,,,,
2026-07-04T23:00:43.558603+00:00,2026-07-04T23:00:43.557919,1,1,136.25,0.5,136.0,250,,,,,,,,,,,,,,,,,,,136.5,250,,,,,,,,,,,,,,,,,,
2026-07-04T23:00:43.727177+00:00,2026-07-04T23:00:43.727025,1,1,136.25,0.5,136.0,204,,,,,,,,,,,,,,,,,,,136.5,250,,,,,,,,,,,,,,,,,,
2026-07-04T23:00:44.494178+00:00,2026-07-04T23:00:44.494079,1,1,136.25,0.5,136.0,154,,,,,,,,,,,,,,,,,,,136.5,250,,,,,,,,,,,,,,,,,,
2026-07-04T23:00:46.199204+00:00,2026-07-04T23:00:46.199336,1,1,136.25,0.5,136.0,100,,,,,,,,,,,,,,,,,,,136.5,100,,,,,,,,,,,,,,,,,,
2026-07-04T23:00:46.258612+00:00,2026-07-04T23:00:46.254075,2,1,136.25,0.5,136.0,100,135.4,150,,,,,,,,,,,,,,,,,136.5,100,,,,,,,,,,,,,,,,,,
2026-07-04T23:00:46.318930+00:00,2026-07-04T23:00:46.311972,1,2,135.65,0.5,135.4,150,,,,,,,,,,,,,,,,,,,135.9,47,136.5,100,,,,,,,,,,,,,,,,
2026-07-04T23:00:46.614031+00:00,2026-07-04T23:00:46.614121,1,1,135.65,0.5,135.4,150,,,,,,,,,,,,,,,,,,,135.9,47,,,,,,,,,,,,,,,,,,
2026-07-04T23:00:46.685506+00:00,2026-07-04T23:00:46.685626,2,1,135.75,0.3,135.6,100,135.4,150,,,,,,,,,,,,,,,,,135.9,47,,,,,,,,,,,,,,,,,,
2026-07-04T23:00:46.739369+00:00,2026-07-04T23:00:46.739235,2,2,135.75,0.3,135.6,100,135.4,150,,,,,,,,,,,,,,,,,135.9,47,136.1,100,,,,,,,,,,,,,,,,
2026-07-04T23:00:46.759731+00:00,2026-07-04T23:00:46.754568,2,2,135.75,0.3,135.6,100,135.4,150,,,,,,,,,,,,,,,,,135.9,36,136.1,100,,,,,,,,,,,,,,,,
2026-07-04T23:00:47.174626+00:00,2026-07-04T23:00:47.174564,2,1,135.85,0.5,135.6,100,135.4,150,,,,,,,,,,,,,,,,,136.1,89,,,,,,,,,,,,,,,,,,
2026-07-04T23:00:48.698730+00:00,2026-07-04T23:00:48.698645,2,1,135.85,0.5,135.6,50,135.4,150,,,,,,,,,,,,,,,,,136.1,89,,,,,,,,,,,,,,,,,,
2026-07-04T23:00:49.359352+00:00,2026-07-04T23:00:49.359294,1,1,135.85,0.5,135.6,50,,,,,,,,,,,,,,,,,,,136.1,89,,,,,,,,,,,,,,,,,,
2026-07-04T23:00:49.422897+00:00,2026-07-04T23:00:49.415765,2,1,135.95,0.3,135.8,139,135.6,50,,,,,,,,,,,,,,,,,136.1,89,,,,,,,,,,,,,,,,,,
2026-07-04T23:00:49.467113+00:00,2026-07-04T23:00:49.467001,2,2,135.95,0.3,135.8,139,135.6,50,,,,,,,,,,,,,,,,,136.1,89,136.3,150,,,,,,,,,,,,,,,,
2026-07-04T23:00:49.793455+00:00,2026-07-04T23:00:49.793289,1,1,136.05,0.5,135.8,139,,,,,,,,,,,,,,,,,,,136.3,150,,,,,,,,,,,,,,,,,,
2026-07-04T23:00:49.847555+00:00,2026-07-04T23:00:49.847371,2,1,136.05,0.5,135.8,139,135.2,100,,,,,,,,,,,,,,,,,136.3,150,,,,,,,,,,,,,,,,,,
2026-07-04T23:00:49.899973+00:00,2026-07-04T23:00:49.899918,2,1,136.05,0.5,135.8,39,135.2,100,,,,,,,,,,,,,,,,,136.3,150,,,,,,,,,,,,,,,,,,
2026-07-04T23:00:50.758664+00:00,2026-07-04T23:00:50.756035,2,1,136.05,0.5,135.8,39,135.2,100,,,,,,,,,,,,,,,,,136.3,100,,,,,,,,,,,,,,,,,,
2026-07-04T23:00:51.731004+00:00,2026-07-04T23:00:51.730922,1,1,135.75,1.1,135.2,94,,,,,,,,,,,,,,,,,,,136.3,100,,,,,,,,,,,,,,,,,,
2026-07-04T23:00:52.524108+00:00,2026-07-04T23:00:52.524252,1,0,,,135.2,94,,,,,,,,,,,,,,,,,,,,,,,,,,,,,,,,,,,,,,
2026-07-04T23:00:52.578131+00:00,2026-07-04T23:00:52.578091,2,0,,,135.5,150,135.2,94,,,,,,,,,,,,,,,,,,,,,,,,,,,,,,,,,,,,
2026-07-04T23:00:52.631954+00:00,2026-07-04T23:00:52.631845,2,1,135.75,0.5,135.5,150,135.2,94,,,,,,,,,,,,,,,,,136.0,150,,,,,,,,,,,,,,,,,,
2026-07-04T23:00:52.858597+00:00,2026-07-04T23:00:52.858424,2,1,135.75,0.5,135.5,150,135.2,94,,,,,,,,,,,,,,,,,136.0,100,,,,,,,,,,,,,,,,,,
2026-07-04T23:00:52.958572+00:00,2026-07-04T23:00:52.954725,1,1,135.75,0.5,135.5,150,,,,,,,,,,,,,,,,,,,136.0,100,,,,,,,,,,,,,,,,,,
2026-07-04T23:00:53.007103+00:00,2026-07-04T23:00:53.007008,2,1,135.8,0.4,135.6,100,135.5,150,,,,,,,,,,,,,,,,,136.0,100,,,,,,,,,,,,,,,,,,
2026-07-04T23:00:53.058571+00:00,2026-07-04T23:00:53.053963,2,2,135.8,0.4,135.6,100,135.5,150,,,,,,,,,,,,,,,,,136.0,100,136.1,100,,,,,,,,,,,,,,,,
2026-07-04T23:00:54.758631+00:00,2026-07-04T23:00:54.751310,2,2,135.8,0.4,135.6,100,135.5,150,,,,,,,,,,,,,,,,,136.0,57,136.1,100,,,,,,,,,,,,,,,,
2026-07-04T23:00:54.971802+00:00,2026-07-04T23:00:54.971765,2,2,135.8,0.4,135.6,100,135.5,150,,,,,,,,,,,,,,,,,136.0,7,136.1,100,,,,,,,,,,,,,,,,
2026-07-04T23:00:55.382030+00:00,2026-07-04T23:00:55.381962,2,1,135.85,0.5,135.6,100,135.5,150,,,,,,,,,,,,,,,,,136.1,100,,,,,,,,,,,,,,,,,,
2026-07-04T23:00:55.682246+00:00,2026-07-04T23:00:55.682382,1,1,135.85,0.5,135.6,100,,,,,,,,,,,,,,,,,,,136.1,100,,,,,,,,,,,,,,,,,,
2026-07-04T23:00:55.744700+00:00,2026-07-04T23:00:55.744592,2,0,,,136.1,50,135.6,100,,,,,,,,,,,,,,,,,,,,,,,,,,,,,,,,,,,,
2026-07-04T23:00:55.810191+00:00,2026-07-04T23:00:55.804899,2,1,136.35,0.5,136.1,47,135.6,100,,,,,,,,,,,,,,,,,136.6,150,,,,,,,,,,,,,,,,,,
2026-07-04T23:00:56.112359+00:00,2026-07-04T23:00:56.112444,1,1,136.35,0.5,136.1,47,,,,,,,,,,,,,,,,,,,136.6,150,,,,,,,,,,,,,,,,,,
2026-07-04T23:00:56.158717+00:00,2026-07-04T23:00:56.158555,2,1,136.35,0.5,136.1,47,136.0,100,,,,,,,,,,,,,,,,,136.6,150,,,,,,,,,,,,,,,,,,
2026-07-04T23:00:56.218650+00:00,2026-07-04T23:00:56.218605,2,2,136.3,0.4,136.1,47,136.0,100,,,,,,,,,,,,,,,,,136.5,100,136.6,150,,,,,,,,,,,,,,,,
2026-07-04T23:00:56.508138+00:00,2026-07-04T23:00:56.508028,2,2,136.3,0.4,136.1,1,136.0,100,,,,,,,,,,,,,,,,,136.5,100,136.6,150,,,,,,,,,,,,,,,,
2026-07-04T23:00:57.133777+00:00,2026-07-04T23:00:57.133714,1,2,136.25,0.5,136.0,51,,,,,,,,,,,,,,,,,,,136.5,100,136.6,150,,,,,,,,,,,,,,,,
2026-07-04T23:00:57.658650+00:00,2026-07-04T23:00:57.657104,1,2,136.25,0.5,136.0,11,,,,,,,,,,,,,,,,,,,136.5,100,136.6,150,,,,,,,,,,,,,,,,
2026-07-04T23:00:58.858561+00:00,2026-07-04T23:00:58.857778,1,1,136.25,0.5,136.0,11,,,,,,,,,,,,,,,,,,,136.5,100,,,,,,,,,,,,,,,,,,
2026-07-04T23:00:58.906947+00:00,2026-07-04T23:00:58.906901,2,1,136.25,0.5,136.0,11,135.4,150,,,,,,,,,,,,,,,,,136.5,100,,,,,,,,,,,,,,,,,,
2026-07-04T23:00:58.964031+00:00,2026-07-04T23:00:58.963984,1,2,135.65,0.5,135.4,150,,,,,,,,,,,,,,,,,,,135.9,139,136.5,100,,,,,,,,,,,,,,,,
2026-07-04T23:00:59.191930+00:00,2026-07-04T23:00:59.191780,1,2,135.65,0.5,135.4,150,,,,,,,,,,,,,,,,,,,135.9,89,136.5,100,,,,,,,,,,,,,,,,
2026-07-04T23:00:59.272116+00:00,2026-07-04T23:00:59.272037,1,1,135.65,0.5,135.4,150,,,,,,,,,,,,,,,,,,,135.9,89,,,,,,,,,,,,,,,,,,
2026-07-04T23:00:59.325569+00:00,2026-07-04T23:00:59.325528,2,1,135.75,0.3,135.6,100,135.4,150,,,,,,,,,,,,,,,,,135.9,89,,,,,,,,,,,,,,,,,,
2026-07-04T23:00:59.385106+00:00,2026-07-04T23:00:59.384883,2,2,135.75,0.3,135.6,100,135.4,150,,,,,,,,,,,,,,,,,135.9,89,136.1,100,,,,,,,,,,,,,,,,
2026-07-04T23:01:01.299073+00:00,2026-07-04T23:01:01.299000,2,2,135.75,0.3,135.6,100,135.4,150,,,,,,,,,,,,,,,,,135.9,39,136.1,100,,,,,,,,,,,,,,,,
2026-07-04T23:01:02.018385+00:00,2026-07-04T23:01:02.018569,1,1,135.85,0.5,135.6,100,,,,,,,,,,,,,,,,,,,136.1,100,,,,,,,,,,,,,,,,,,
2026-07-04T23:01:02.074238+00:00,2026-07-04T23:01:02.074157,2,1,135.9,0.4,135.7,150,135.6,100,,,,,,,,,,,,,,,,,136.1,100,,,,,,,,,,,,,,,,,,
2026-07-04T23:01:02.125809+00:00,2026-07-04T23:01:02.125700,2,2,135.9,0.4,135.7,150,135.6,100,,,,,,,,,,,,,,,,,136.1,100,136.2,150,,,,,,,,,,,,,,,,
2026-07-04T23:01:02.367402+00:00,2026-07-04T23:01:02.367276,2,2,135.9,0.4,135.7,150,135.6,100,,,,,,,,,,,,,,,,,136.1,60,136.2,150,,,,,,,,,,,,,,,,
2026-07-04T23:01:02.435408+00:00,2026-07-04T23:01:02.435305,2,1,135.95,0.5,135.7,150,135.6,100,,,,,,,,,,,,,,,,,136.2,150,,,,,,,,,,,,,,,,,,
2026-07-04T23:01:02.440561+00:00,2026-07-04T23:01:02.440471,1,1,135.95,0.5,135.7,150,,,,,,,,,,,,,,,,,,,136.2,150,,,,,,,,,,,,,,,,,,
2026-07-04T23:01:02.493386+00:00,2026-07-04T23:01:02.493214,2,1,135.95,0.5,135.7,150,135.5,100,,,,,,,,,,,,,,,,,136.2,150,,,,,,,,,,,,,,,,,,
2026-07-04T23:01:02.543380+00:00,2026-07-04T23:01:02.543186,2,2,135.85,0.3,135.7,150,135.5,100,,,,,,,,,,,,,,,,,136.0,100,136.2,150,,,,,,,,,,,,,,,,
2026-07-04T23:01:03.463946+00:00,2026-07-04T23:01:03.463862,2,2,135.85,0.3,135.7,100,135.5,100,,,,,,,,,,,,,,,,,136.0,100,136.2,150,,,,,,,,,,,,,,,,
2026-07-04T23:01:04.985274+00:00,2026-07-04T23:01:04.985447,2,2,135.85,0.3,135.7,100,135.5,100,,,,,,,,,,,,,,,,,136.0,59,136.2,150,,,,,,,,,,,,,,,,
2026-07-04T23:01:05.181929+00:00,2026-07-04T23:01:05.181870,1,1,135.75,0.5,135.5,100,,,,,,,,,,,,,,,,,,,136.0,59,,,,,,,,,,,,,,,,,,
2026-07-04T23:01:05.236918+00:00,2026-07-04T23:01:05.236838,2,1,135.75,0.5,135.5,100,135.4,150,,,,,,,,,,,,,,,,,136.0,59,,,,,,,,,,,,,,,,,,
2026-07-04T23:01:05.289784+00:00,2026-07-04T23:01:05.289690,2,2,135.7,0.4,135.5,100,135.4,150,,,,,,,,,,,,,,,,,135.9,150,136.0,59,,,,,,,,,,,,,,,,
2026-07-04T23:01:05.558662+00:00,2026-07-04T23:01:05.558285,2,2,135.7,0.4,135.5,50,135.4,150,,,,,,,,,,,,,,,,,135.9,150,136.0,59,,,,,,,,,,,,,,,,
2026-07-04T23:01:05.599467+00:00,2026-07-04T23:01:05.599330,1,1,135.65,0.5,135.4,150,,,,,,,,,,,,,,,,,,,135.9,150,,,,,,,,,,,,,,,,,,
2026-07-04T23:01:05.653355+00:00,2026-07-04T23:01:05.653445,2,1,135.7,0.4,135.5,100,135.4,150,,,,,,,,,,,,,,,,,135.9,150,,,,,,,,,,,,,,,,,,
2026-07-04T23:01:05.705498+00:00,2026-07-04T23:01:05.705397,2,2,135.7,0.4,135.5,100,135.4,150,,,,,,,,,,,,,,,,,135.9,150,136.0,100,,,,,,,,,,,,,,,,
2026-07-04T23:01:07.675267+00:00,2026-07-04T23:01:07.675158,2,2,135.7,0.4,135.5,50,135.4,150,,,,,,,,,,,,,,,,,135.9,150,136.0,100,,,,,,,,,,,,,,,,
2026-07-04T23:01:08.339018+00:00,2026-07-04T23:01:08.338905,2,1,135.75,0.5,135.5,50,135.4,150,,,,,,,,,,,,,,,,,136.0,100,,,,,,,,,,,,,,,,,,
2026-07-04T23:01:08.344143+00:00,2026-07-04T23:01:08.344092,1,1,135.75,0.5,135.5,50,,,,,,,,,,,,,,,,,,,136.0,100,,,,,,,,,,,,,,,,,,
2026-07-04T23:01:08.398057+00:00,2026-07-04T23:01:08.398009,2,1,135.75,0.5,135.5,50,135.3,150,,,,,,,,,,,,,,,,,136.0,100,,,,,,,,,,,,,,,,,,
2026-07-04T23:01:08.458749+00:00,2026-07-04T23:01:08.458633,2,2,135.65,0.3,135.5,50,135.3,150,,,,,,,,,,,,,,,,,135.8,150,136.0,100,,,,,,,,,,,,,,,,
2026-07-04T23:01:08.755478+00:00,2026-07-04T23:01:08.755752,1,1,135.55,0.5,135.3,150,,,,,,,,,,,,,,,,,,,135.8,150,,,,,,,,,,,,,,,,,,
2026-07-04T23:01:08.815705+00:00,2026-07-04T23:01:08.815657,2,1,135.55,0.5,135.3,150,135.1,100,,,,,,,,,,,,,,,,,135.8,150,,,,,,,,,,,,,,,,,,
2026-07-04T23:01:08.863889+00:00,2026-07-04T23:01:08.863760,2,2,135.45,0.3,135.3,150,135.1,100,,,,,,,,,,,,,,,,,135.6,100,135.8,150,,,,,,,,,,,,,,,,
2026-07-04T23:01:09.738685+00:00,2026-07-04T23:01:09.732126,2,2,135.45,0.3,135.3,150,135.1,100,,,,,,,,,,,,,,,,,135.6,97,135.8,150,,,,,,,,,,,,,,,,
2026-07-04T23:01:09.788674+00:00,2026-07-04T23:01:09.788455,2,2,135.45,0.3,135.3,100,135.1,100,,,,,,,,,,,,,,,,,135.6,97,135.8,150,,,,,,,,,,,,,,,,
2026-07-04T23:01:10.637352+00:00,2026-07-04T23:01:10.637306,2,2,135.45,0.3,135.3,100,135.1,100,,,,,,,,,,,,,,,,,135.6,72,135.8,150,,,,,,,,,,,,,,,,
2026-07-04T23:01:11.046524+00:00,2026-07-04T23:01:11.046448,2,2,135.45,0.3,135.3,100,135.1,100,,,,,,,,,,,,,,,,,135.6,29,135.8,150,,,,,,,,,,,,,,,,
2026-07-04T23:01:11.500618+00:00,2026-07-04T23:01:11.500537,2,1,135.45,0.3,135.3,100,135.1,100,,,,,,,,,,,,,,,,,135.6,29,,,,,,,,,,,,,,,,,,
2026-07-04T23:01:11.505618+00:00,2026-07-04T23:01:11.505700,1,1,135.35,0.5,135.1,100,,,,,,,,,,,,,,,,,,,135.6,29,,,,,,,,,,,,,,,,,,
2026-07-04T23:01:11.558431+00:00,2026-07-04T23:01:11.558536,2,1,135.5,0.2,135.4,150,135.1,100,,,,,,,,,,,,,,,,,135.6,29,,,,,,,,,,,,,,,,,,
2026-07-04T23:01:11.606236+00:00,2026-07-04T23:01:11.606157,2,2,135.5,0.2,135.4,150,135.1,100,,,,,,,,,,,,,,,,,135.6,29,135.9,150,,,,,,,,,,,,,,,,
2026-07-04T23:01:11.894343+00:00,2026-07-04T23:01:11.894234,2,2,135.5,0.2,135.4,100,135.1,100,,,,,,,,,,,,,,,,,135.6,29,135.9,150,,,,,,,,,,,,,,,,
2026-07-04T23:01:11.958598+00:00,2026-07-04T23:01:11.917259,1,1,135.65,0.5,135.4,100,,,,,,,,,,,,,,,,,,,135.9,150,,,,,,,,,,,,,,,,,,
2026-07-04T23:01:11.974830+00:00,2026-07-04T23:01:11.974783,2,1,135.8,0.2,135.7,100,135.4,100,,,,,,,,,,,,,,,,,135.9,150,,,,,,,,,,,,,,,,,,
2026-07-04T23:01:12.028113+00:00,2026-07-04T23:01:12.027986,2,2,135.8,0.2,135.7,100,135.4,100,,,,,,,,,,,,,,,,,135.9,150,136.2,100,,,,,,,,,,,,,,,,
2026-07-04T23:01:12.175103+00:00,2026-07-04T23:01:12.175222,2,2,135.8,0.2,135.7,59,135.4,100,,,,,,,,,,,,,,,,,135.9,150,136.2,100,,,,,,,,,,,,,,,,
2026-07-04T23:01:13.304150+00:00,2026-07-04T23:01:13.298465,2,2,135.8,0.2,135.7,56,135.4,100,,,,,,,,,,,,,,,,,135.9,150,136.2,100,,,,,,,,,,,,,,,,
2026-07-04T23:01:13.999942+00:00,2026-07-04T23:01:13.999890,2,2,135.8,0.2,135.7,6,135.4,100,,,,,,,,,,,,,,,,,135.9,150,136.2,100,,,,,,,,,,,,,,,,
2026-07-04T23:01:14.658586+00:00,2026-07-04T23:01:14.655648,1,1,135.95,0.5,135.7,6,,,,,,,,,,,,,,,,,,,136.2,100,,,,,,,,,,,,,,,,,,
2026-07-04T23:01:14.714104+00:00,2026-07-04T23:01:14.714025,2,1,135.95,0.5,135.7,6,134.9,150,,,,,,,,,,,,,,,,,136.2,100,,,,,,,,,,,,,,,,,,
2026-07-04T23:01:14.770544+00:00,2026-07-04T23:01:14.762454,1,2,135.15,0.5,134.9,150,,,,,,,,,,,,,,,,,,,135.4,147,136.2,100,,,,,,,,,,,,,,,,
2026-07-04T23:01:14.779547+00:00,2026-07-04T23:01:14.774167,1,2,135.15,0.5,134.9,150,,,,,,,,,,,,,,,,,,,135.4,144,136.2,100,,,,,,,,,,,,,,,,
2026-07-04T23:01:15.079407+00:00,2026-07-04T23:01:15.079300,1,1,135.15,0.5,134.9,150,,,,,,,,,,,,,,,,,,,135.4,144,,,,,,,,,,,,,,,,,,
2026-07-04T23:01:15.135556+00:00,2026-07-04T23:01:15.135411,1,1,135.15,0.5,134.9,250,,,,,,,,,,,,,,,,,,,135.4,144,,,,,,,,,,,,,,,,,,
2026-07-04T23:01:15.193619+00:00,2026-07-04T23:01:15.193426,1,1,135.15,0.5,134.9,250,,,,,,,,,,,,,,,,,,,135.4,244,,,,,,,,,,,,,,,,,,
2026-07-04T23:01:15.788103+00:00,2026-07-04T23:01:15.787928,1,1,135.15,0.5,134.9,208,,,,,,,,,,,,,,,,,,,135.4,244,,,,,,,,,,,,,,,,,,
2026-07-04T23:01:16.108798+00:00,2026-07-04T23:01:16.108683,1,1,135.15,0.5,134.9,158,,,,,,,,,,,,,,,,,,,135.4,244,,,,,,,,,,,,,,,,,,
2026-07-04T23:01:16.902395+00:00,2026-07-04T23:01:16.902333,1,1,135.15,0.5,134.9,158,,,,,,,,,,,,,,,,,,,135.4,198,,,,,,,,,,,,,,,,,,
2026-07-04T23:01:17.826679+00:00,2026-07-04T23:01:17.826858,1,1,135.15,0.5,134.9,100,,,,,,,,,,,,,,,,,,,135.4,100,,,,,,,,,,,,,,,,,,
2026-07-04T23:01:17.893897+00:00,2026-07-04T23:01:17.893794,2,1,135.15,0.5,134.9,100,134.6,150,,,,,,,,,,,,,,,,,135.4,100,,,,,,,,,,,,,,,,,,
2026-07-04T23:01:17.956823+00:00,2026-07-04T23:01:17.951175,2,2,135.0,0.2,134.9,100,134.6,150,,,,,,,,,,,,,,,,,135.1,147,135.4,100,,,,,,,,,,,,,,,,
2026-07-04T23:01:18.214717+00:00,2026-07-04T23:01:18.214657,2,2,135.0,0.2,134.9,50,134.6,150,,,,,,,,,,,,,,,,,135.1,147,135.4,100,,,,,,,,,,,,,,,,
2026-07-04T23:01:18.244846+00:00,2026-07-04T23:01:18.244703,1,1,134.85,0.5,134.6,150,,,,,,,,,,,,,,,,,,,135.1,147,,,,,,,,,,,,,,,,,,
2026-07-04T23:01:18.299156+00:00,2026-07-04T23:01:18.299014,2,1,134.9,0.4,134.7,100,134.6,150,,,,,,,,,,,,,,,,,135.1,147,,,,,,,,,,,,,,,,,,
2026-07-04T23:01:18.352240+00:00,2026-07-04T23:01:18.352095,2,2,134.9,0.4,134.7,100,134.6,150,,,,,,,,,,,,,,,,,135.1,147,135.2,100,,,,,,,,,,,,,,,,
2026-07-04T23:01:19.058635+00:00,2026-07-04T23:01:19.058320,2,2,134.9,0.4,134.7,58,134.6,150,,,,,,,,,,,,,,,,,135.1,147,135.2,100,,,,,,,,,,,,,,,,
2026-07-04T23:01:20.014306+00:00,2026-07-04T23:01:20.009983,2,2,134.9,0.4,134.7,58,134.6,150,,,,,,,,,,,,,,,,,135.1,136,135.2,100,,,,,,,,,,,,,,,,
2026-07-04T23:01:20.323795+00:00,2026-07-04T23:01:20.323754,2,2,134.9,0.4,134.7,8,134.6,150,,,,,,,,,,,,,,,,,135.1,136,135.2,100,,,,,,,,,,,,,,,,
2026-07-04T23:01:20.658773+00:00,2026-07-04T23:01:20.658709,2,2,134.9,0.4,134.7,8,134.6,150,,,,,,,,,,,,,,,,,135.1,111,135.2,100,,,,,,,,,,,,,,,,
2026-07-04T23:01:21.001634+00:00,2026-07-04T23:01:21.001436,1,1,134.95,0.5,134.7,8,,,,,,,,,,,,,,,,,,,135.2,100,,,,,,,,,,,,,,,,,,
2026-07-04T23:01:21.063976+00:00,2026-07-04T23:01:21.063792,2,1,135.0,0.4,134.8,150,134.7,8,,,,,,,,,,,,,,,,,135.2,100,,,,,,,,,,,,,,,,,,
2026-07-04T23:01:21.107498+00:00,2026-07-04T23:01:21.107453,2,2,135.0,0.4,134.8,150,134.7,8,,,,,,,,,,,,,,,,,135.2,100,135.3,150,,,,,,,,,,,,,,,,
2026-07-04T23:01:21.407824+00:00,2026-07-04T23:01:21.407755,1,1,135.05,0.5,134.8,150,,,,,,,,,,,,,,,,,,,135.3,150,,,,,,,,,,,,,,,,,,
2026-07-04T23:01:21.458588+00:00,2026-07-04T23:01:21.457737,2,1,135.05,0.5,134.8,150,134.6,100,,,,,,,,,,,,,,,,,135.3,150,,,,,,,,,,,,,,,,,,
2026-07-04T23:01:21.522140+00:00,2026-07-04T23:01:21.516715,2,2,134.95,0.3,134.8,150,134.6,100,,,,,,,,,,,,,,,,,135.1,88,135.3,150,,,,,,,,,,,,,,,,
2026-07-04T23:01:22.442253+00:00,2026-07-04T23:01:22.442378,2,2,134.95,0.3,134.8,100,134.6,100,,,,,,,,,,,,,,,,,135.1,88,135.3,150,,,,,,,,,,,,,,,,
2026-07-04T23:01:22.820078+00:00,2026-07-04T23:01:22.820031,2,2,134.95,0.3,134.8,100,134.6,100,,,,,,,,,,,,,,,,,135.1,48,135.3,150,,,,,,,,,,,,,,,,
2026-07-04T23:01:23.958575+00:00,2026-07-04T23:01:23.955885,2,2,134.95,0.3,134.8,56,134.6,100,,,,,,,,,,,,,,,,,135.1,48,135.3,150,,,,,,,,,,,,,,,,
2026-07-04T23:01:24.165035+00:00,2026-07-04T23:01:24.164916,1,1,134.85,0.5,134.6,100,,,,,,,,,,,,,,,,,,,135.1,48,,,,,,,,,,,,,,,,,,
2026-07-04T23:01:24.221383+00:00,2026-07-04T23:01:24.221242,2,1,134.85,0.5,134.6,100,134.5,150,,,,,,,,,,,,,,,,,135.1,48,,,,,,,,,,,,,,,,,,
2026-07-04T23:01:24.274056+00:00,2026-07-04T23:01:24.273950,2,2,134.75,0.3,134.6,100,134.5,150,,,,,,,,,,,,,,,,,134.9,150,135.1,48,,,,,,,,,,,,,,,,
2026-07-04T23:01:24.498737+00:00,2026-07-04T23:01:24.498599,2,2,134.75,0.3,134.6,100,134.5,150,,,,,,,,,,,,,,,,,134.9,100,135.1,48,,,,,,,,,,,,,,,,
2026-07-04T23:01:24.568388+00:00,2026-07-04T23:01:24.568241,2,1,134.75,0.3,134.6,100,134.5,150,,,,,,,,,,,,,,,,,134.9,100,,,,,,,,,,,,,,,,,,
2026-07-04T23:01:24.573649+00:00,2026-07-04T23:01:24.573435,1,1,134.7,0.4,134.5,150,,,,,,,,,,,,,,,,,,,134.9,100,,,,,,,,,,,,,,,,,,
2026-07-04T23:01:24.623799+00:00,2026-07-04T23:01:24.623743,2,1,134.75,0.3,134.6,100,134.5,150,,,,,,,,,,,,,,,,,134.9,100,,,,,,,,,,,,,,,,,,
2026-07-04T23:01:24.678987+00:00,2026-07-04T23:01:24.678899,2,2,134.75,0.3,134.6,100,134.5,150,,,,,,,,,,,,,,,,,134.9,100,135.1,100,,,,,,,,,,,,,,,,
2026-07-04T23:01:25.452940+00:00,2026-07-04T23:01:25.447563,2,2,134.75,0.3,134.6,100,134.5,150,,,,,,,,,,,,,,,,,134.9,89,135.1,100,,,,,,,,,,,,,,,,
2026-07-04T23:01:26.548548+00:00,2026-07-04T23:01:26.548388,2,2,134.75,0.3,134.6,100,134.5,150,,,,,,,,,,,,,,,,,134.9,44,135.1,100,,,,,,,,,,,,,,,,
2026-07-04T23:01:27.329333+00:00,2026-07-04T23:01:27.329213,1,1,134.85,0.5,134.6,100,,,,,,,,,,,,,,,,,,,135.1,100,,,,,,,,,,,,,,,,,,
2026-07-04T23:01:27.384318+00:00,2026-07-04T23:01:27.384220,2,1,134.9,0.4,134.7,150,134.6,100,,,,,,,,,,,,,,,,,135.1,100,,,,,,,,,,,,,,,,,,
2026-07-04T23:01:27.432953+00:00,2026-07-04T23:01:27.432881,2,2,134.9,0.4,134.7,150,134.6,100,,,,,,,,,,,,,,,,,135.1,100,135.2,150,,,,,,,,,,,,,,,,
2026-07-04T23:01:27.735250+00:00,2026-07-04T23:01:27.735176,1,1,134.95,0.5,134.7,150,,,,,,,,,,,,,,,,,,,135.2,150,,,,,,,,,,,,,,,,,,
2026-07-04T23:01:27.790108+00:00,2026-07-04T23:01:27.789990,2,1,134.95,0.5,134.7,150,134.5,100,,,,,,,,,,,,,,,,,135.2,150,,,,,,,,,,,,,,,,,,
2026-07-04T23:01:27.853030+00:00,2026-07-04T23:01:27.852937,2,2,134.85,0.3,134.7,150,134.5,100,,,,,,,,,,,,,,,,,135.0,100,135.2,150,,,,,,,,,,,,,,,,
2026-07-04T23:01:28.717482+00:00,2026-07-04T23:01:28.717703,2,2,134.85,0.3,134.7,150,134.5,100,,,,,,,,,,,,,,,,,135.0,50,135.2,150,,,,,,,,,,,,,,,,
2026-07-04T23:01:28.973049+00:00,2026-07-04T23:01:28.973213,2,2,134.85,0.3,134.7,105,134.5,100,,,,,,,,,,,,,,,,,135.0,50,135.2,150,,,,,,,,,,,,,,,,
2026-07-04T23:01:30.491635+00:00,2026-07-04T23:01:30.491556,1,1,134.75,0.5,134.5,100,,,,,,,,,,,,,,,,,,,135.0,50,,,,,,,,,,,,,,,,,,
2026-07-04T23:01:30.548577+00:00,2026-07-04T23:01:30.548710,2,1,134.75,0.5,134.5,100,134.3,150,,,,,,,,,,,,,,,,,135.0,50,,,,,,,,,,,,,,,,,,
2026-07-04T23:01:30.602525+00:00,2026-07-04T23:01:30.602442,2,2,134.65,0.3,134.5,100,134.3,150,,,,,,,,,,,,,,,,,134.8,150,135.0,50,,,,,,,,,,,,,,,,
2026-07-04T23:01:30.824218+00:00,2026-07-04T23:01:30.824169,2,2,134.65,0.3,134.5,100,134.3,150,,,,,,,,,,,,,,,,,134.8,100,135.0,50,,,,,,,,,,,,,,,,
2026-07-04T23:01:30.905866+00:00,2026-07-04T23:01:30.905763,1,1,134.55,0.5,134.3,150,,,,,,,,,,,,,,,,,,,134.8,100,,,,,,,,,,,,,,,,,,
2026-07-04T23:01:30.958611+00:00,2026-07-04T23:01:30.954344,2,1,134.6,0.4,134.4,100,134.3,150,,,,,,,,,,,,,,,,,134.8,100,,,,,,,,,,,,,,,,,,
2026-07-04T23:01:31.012129+00:00,2026-07-04T23:01:31.012024,2,2,134.6,0.4,134.4,100,134.3,150,,,,,,,,,,,,,,,,,134.8,100,134.9,100,,,,,,,,,,,,,,,,
2026-07-04T23:01:31.828170+00:00,2026-07-04T23:01:31.822766,2,2,134.6,0.4,134.4,100,134.3,150,,,,,,,,,,,,,,,,,134.8,88,134.9,100,,,,,,,,,,,,,,,,
2026-07-04T23:01:32.118933+00:00,2026-07-04T23:01:32.119070,2,2,134.6,0.4,134.4,100,134.3,150,,,,,,,,,,,,,,,,,134.8,46,134.9,100,,,,,,,,,,,,,,,,
2026-07-04T23:01:32.984800+00:00,2026-07-04T23:01:32.984750,2,2,134.6,0.4,134.4,50,134.3,150,,,,,,,,,,,,,,,,,134.8,46,134.9,100,,,,,,,,,,,,,,,,
2026-07-04T23:01:33.254297+00:00,2026-07-04T23:01:33.254183,2,2,134.6,0.4,134.4,50,134.3,150,,,,,,,,,,,,,,,,,134.8,3,134.9,100,,,,,,,,,,,,,,,,
2026-07-04T23:01:33.649887+00:00,2026-07-04T23:01:33.649828,1,1,134.65,0.5,134.4,50,,,,,,,,,,,,,,,,,,,134.9,100,,,,,,,,,,,,,,,,,,
2026-07-04T23:01:33.712479+00:00,2026-07-04T23:01:33.712329,2,0,,,135.2,50,134.4,50,,,,,,,,,,,,,,,,,,,,,,,,,,,,,,,,,,,,
2026-07-04T23:01:33.777456+00:00,2026-07-04T23:01:33.771350,2,1,135.45,0.5,135.2,15,134.4,50,,,,,,,,,,,,,,,,,135.7,150,,,,,,,,,,,,,,,,,,
2026-07-04T23:01:34.060628+00:00,2026-07-04T23:01:34.060861,1,1,135.45,0.5,135.2,15,,,,,,,,,,,,,,,,,,,135.7,150,,,,,,,,,,,,,,,,,,
2026-07-04T23:01:34.115428+00:00,2026-07-04T23:01:34.115365,2,1,135.45,0.5,135.2,15,134.9,100,,,,,,,,,,,,,,,,,135.7,150,,,,,,,,,,,,,,,,,,
2026-07-04T23:01:34.169739+00:00,2026-07-04T23:01:34.169674,2,2,135.3,0.2,135.2,15,134.9,100,,,,,,,,,,,,,,,,,135.4,100,135.7,150,,,,,,,,,,,,,,,,
2026-07-04T23:01:35.097839+00:00,2026-07-04T23:01:35.097777,1,2,135.15,0.5,134.9,100,,,,,,,,,,,,,,,,,,,135.4,100,135.7,150,,,,,,,,,,,,,,,,
2026-07-04T23:01:35.574530+00:00,2026-07-04T23:01:35.574412,1,2,135.15,0.5,134.9,53,,,,,,,,,,,,,,,,,,,135.4,100,135.7,150,,,,,,,,,,,,,,,,
2026-07-04T23:01:36.822025+00:00,2026-07-04T23:01:36.822152,1,1,135.15,0.5,134.9,53,,,,,,,,,,,,,,,,,,,135.4,100,,,,,,,,,,,,,,,,,,
2026-07-04T23:01:36.875615+00:00,2026-07-04T23:01:36.875528,2,1,135.15,0.5,134.9,53,134.4,150,,,,,,,,,,,,,,,,,135.4,100,,,,,,,,,,,,,,,,,,
2026-07-04T23:01:36.929877+00:00,2026-07-04T23:01:36.929620,1,2,134.65,0.5,134.4,150,,,,,,,,,,,,,,,,,,,134.9,97,135.4,100,,,,,,,,,,,,,,,,
2026-07-04T23:01:37.206653+00:00,2026-07-04T23:01:37.206544,1,2,134.65,0.5,134.4,100,,,,,,,,,,,,,,,,,,,134.9,97,135.4,100,,,,,,,,,,,,,,,,
2026-07-04T23:01:37.223053+00:00,2026-07-04T23:01:37.223197,1,1,134.65,0.5,134.4,100,,,,,,,,,,,,,,,,,,,134.9,97,,,,,,,,,,,,,,,,,,
2026-07-04T23:01:37.236912+00:00,2026-07-04T23:01:37.236777,1,1,134.65,0.5,134.4,100,,,,,,,,,,,,,,,,,,,134.9,53,,,,,,,,,,,,,,,,,,
2026-07-04T23:01:37.277052+00:00,2026-07-04T23:01:37.276941,1,1,134.65,0.5,134.4,200,,,,,,,,,,,,,,,,,,,134.9,53,,,,,,,,,,,,,,,,,,
2026-07-04T23:01:37.329149+00:00,2026-07-04T23:01:37.329056,1,1,134.65,0.5,134.4,200,,,,,,,,,,,,,,,,,,,134.9,153,,,,,,,,,,,,,,,,,,
2026-07-04T23:01:38.379932+00:00,2026-07-04T23:01:38.380091,1,1,134.65,0.5,134.4,159,,,,,,,,,,,,,,,,,,,134.9,153,,,,,,,,,,,,,,,,,,
2026-07-04T23:01:39.312760+00:00,2026-07-04T23:01:39.312722,1,1,134.65,0.5,134.4,109,,,,,,,,,,,,,,,,,,,134.9,153,,,,,,,,,,,,,,,,,,
2026-07-04T23:01:39.983456+00:00,2026-07-04T23:01:39.983330,1,1,134.65,0.5,134.4,100,,,,,,,,,,,,,,,,,,,134.9,100,,,,,,,,,,,,,,,,,,
2026-07-04T23:01:40.039347+00:00,2026-07-04T23:01:40.039285,2,1,134.65,0.5,134.4,100,134.3,150,,,,,,,,,,,,,,,,,134.9,100,,,,,,,,,,,,,,,,,,
2026-07-04T23:01:40.102255+00:00,2026-07-04T23:01:40.096327,2,2,134.6,0.4,134.4,100,134.3,150,,,,,,,,,,,,,,,,,134.8,138,134.9,100,,,,,,,,,,,,,,,,
2026-07-04T23:01:40.279696+00:00,2026-07-04T23:01:40.279838,2,2,134.6,0.4,134.4,100,134.3,150,,,,,,,,,,,,,,,,,134.8,98,134.9,100,,,,,,,,,,,,,,,,
2026-07-04T23:01:40.385193+00:00,2026-07-04T23:01:40.385114,1,1,134.55,0.5,134.3,150,,,,,,,,,,,,,,,,,,,134.8,98,,,,,,,,,,,,,,,,,,
2026-07-04T23:01:40.440150+00:00,2026-07-04T23:01:40.440055,2,1,134.65,0.3,134.5,100,134.3,150,,,,,,,,,,,,,,,,,134.8,98,,,,,,,,,,,,,,,,,,
2026-07-04T23:01:40.493014+00:00,2026-07-04T23:01:40.492919,2,2,134.65,0.3,134.5,100,134.3,150,,,,,,,,,,,,,,,,,134.8,98,135.0,100,,,,,,,,,,,,,,,,
2026-07-04T23:01:41.419778+00:00,2026-07-04T23:01:41.419693,2,2,134.65,0.3,134.5,50,134.3,150,,,,,,,,,,,,,,,,,134.8,98,135.0,100,,,,,,,,,,,,,,,,
2026-07-04T23:01:41.760165+00:00,2026-07-04T23:01:41.755038,2,2,134.65,0.3,134.5,50,134.3,150,,,,,,,,,,,,,,,,,134.8,87,135.0,100,,,,,,,,,,,,,,,,
2026-07-04T23:01:42.313086+00:00,2026-07-04T23:01:42.307405,2,2,134.65,0.3,134.5,50,134.3,150,,,,,,,,,,,,,,,,,134.8,53,135.0,100,,,,,,,,,,,,,,,,
2026-07-04T23:01:43.143413+00:00,2026-07-04T23:01:43.143265,2,1,134.75,0.5,134.5,50,134.3,150,,,,,,,,,,,,,,,,,135.0,100,,,,,,,,,,,,,,,,,,
2026-07-04T23:01:43.148606+00:00,2026-07-04T23:01:43.148438,1,1,134.75,0.5,134.5,50,,,,,,,,,,,,,,,,,,,135.0,100,,,,,,,,,,,,,,,,,,
2026-07-04T23:01:43.201639+00:00,2026-07-04T23:01:43.201507,2,0,,,135.1,50,134.5,50,,,,,,,,,,,,,,,,,,,,,,,,,,,,,,,,,,,,
2026-07-04T23:01:43.268175+00:00,2026-07-04T23:01:43.262104,2,1,135.35,0.5,135.1,39,134.5,50,,,,,,,,,,,,,,,,,135.6,150,,,,,,,,,,,,,,,,,,
2026-07-04T23:01:43.527212+00:00,2026-07-04T23:01:43.527145,1,1,135.05,1.1,134.5,39,,,,,,,,,,,,,,,,,,,135.6,150,,,,,,,,,,,,,,,,,,
2026-07-04T23:01:43.570114+00:00,2026-07-04T23:01:43.570240,0,1,,,,,,,,,,,,,,,,,,,,,,,135.6,150,,,,,,,,,,,,,,,,,,
2026-07-04T23:01:43.625422+00:00,2026-07-04T23:01:43.625297,1,1,135.3,0.6,135.0,100,,,,,,,,,,,,,,,,,,,135.6,150,,,,,,,,,,,,,,,,,,
2026-07-04T23:01:43.682384+00:00,2026-07-04T23:01:43.682214,1,2,135.25,0.5,135.0,100,,,,,,,,,,,,,,,,,,,135.5,100,135.6,150,,,,,,,,,,,,,,,,
2026-07-04T23:01:44.926310+00:00,2026-07-04T23:01:44.926228,1,2,135.25,0.5,135.0,60,,,,,,,,,,,,,,,,,,,135.5,100,135.6,150,,,,,,,,,,,,,,,,
2026-07-04T23:01:44.943673+00:00,2026-07-04T23:01:44.935026,1,2,135.25,0.5,135.0,49,,,,,,,,,,,,,,,,,,,135.5,100,135.6,150,,,,,,,,,,,,,,,,
2026-07-04T23:01:46.310992+00:00,2026-07-04T23:01:46.311088,1,1,135.25,0.5,135.0,49,,,,,,,,,,,,,,,,,,,135.5,100,,,,,,,,,,,,,,,,,,
2026-07-04T23:01:46.358596+00:00,2026-07-04T23:01:46.358424,2,1,135.25,0.5,135.0,49,134.3,150,,,,,,,,,,,,,,,,,135.5,100,,,,,,,,,,,,,,,,,,
2026-07-04T23:01:46.425276+00:00,2026-07-04T23:01:46.419383,1,2,134.55,0.5,134.3,150,,,,,,,,,,,,,,,,,,,134.8,90,135.5,100,,,,,,,,,,,,,,,,
2026-07-04T23:01:46.732013+00:00,2026-07-04T23:01:46.732150,1,1,134.55,0.5,134.3,150,,,,,,,,,,,,,,,,,,,134.8,90,,,,,,,,,,,,,,,,,,
2026-07-04T23:01:46.787616+00:00,2026-07-04T23:01:46.787529,2,1,134.7,0.2,134.6,100,134.3,150,,,,,,,,,,,,,,,,,134.8,90,,,,,,,,,,,,,,,,,,
2026-07-04T23:01:46.839500+00:00,2026-07-04T23:01:46.839652,2,2,134.7,0.2,134.6,100,134.3,150,,,,,,,,,,,,,,,,,134.8,90,135.1,100,,,,,,,,,,,,,,,,
2026-07-04T23:01:47.326222+00:00,2026-07-04T23:01:47.326382,2,2,134.7,0.2,134.6,100,134.3,150,,,,,,,,,,,,,,,,,134.8,50,135.1,100,,,,,,,,,,,,,,,,
2026-07-04T23:01:47.913112+00:00,2026-07-04T23:01:47.912974,2,2,134.7,0.2,134.6,100,134.3,150,,,,,,,,,,,,,,,,,134.8,9,135.1,100,,,,,,,,,,,,,,,,
2026-07-04T23:01:49.472438+00:00,2026-07-04T23:01:49.472565,1,1,134.85,0.5,134.6,100,,,,,,,,,,,,,,,,,,,135.1,100,,,,,,,,,,,,,,,,,,
2026-07-04T23:01:49.527707+00:00,2026-07-04T23:01:49.527643,2,1,134.9,0.4,134.7,150,134.6,100,,,,,,,,,,,,,,,,,135.1,100,,,,,,,,,,,,,,,,,,
2026-07-04T23:01:49.580920+00:00,2026-07-04T23:01:49.580997,2,2,134.9,0.4,134.7,150,134.6,100,,,,,,,,,,,,,,,,,135.1,100,135.2,150,,,,,,,,,,,,,,,,
2026-07-04T23:01:49.844707+00:00,2026-07-04T23:01:49.844590,2,2,134.9,0.4,134.7,100,134.6,100,,,,,,,,,,,,,,,,,135.1,100,135.2,150,,,,,,,,,,,,,,,,
2026-07-04T23:01:49.896460+00:00,2026-07-04T23:01:49.896572,1,1,134.95,0.5,134.7,100,,,,,,,,,,,,,,,,,,,135.2,150,,,,,,,,,,,,,,,,,,
2026-07-04T23:01:49.950347+00:00,2026-07-04T23:01:49.950182,2,1,134.95,0.5,134.7,100,134.3,100,,,,,,,,,,,,,,,,,135.2,150,,,,,,,,,,,,,,,,,,
2026-07-04T23:01:50.003430+00:00,2026-07-04T23:01:50.003332,2,2,134.75,0.1,134.7,100,134.3,100,,,,,,,,,,,,,,,,,134.8,100,135.2,150,,,,,,,,,,,,,,,,
2026-07-04T23:01:51.899715+00:00,2026-07-04T23:01:51.899668,2,2,134.75,0.1,134.7,100,134.3,100,,,,,,,,,,,,,,,,,134.8,50,135.2,150,,,,,,,,,,,,,,,,
2026-07-04T23:01:52.635616+00:00,2026-07-04T23:01:52.635745,1,1,134.55,0.5,134.3,100,,,,,,,,,,,,,,,,,,,134.8,50,,,,,,,,,,,,,,,,,,
2026-07-04T23:01:52.690087+00:00,2026-07-04T23:01:52.690011,2,0,,,134.8,100,134.3,100,,,,,,,,,,,,,,,,,,,,,,,,,,,,,,,,,,,,
2026-07-04T23:01:52.745598+00:00,2026-07-04T23:01:52.745481,2,1,135.05,0.5,134.8,100,134.3,100,,,,,,,,,,,,,,,,,135.3,150,,,,,,,,,,,,,,,,,,
2026-07-04T23:01:53.058626+00:00,2026-07-04T23:01:53.054413,1,1,135.05,0.5,134.8,100,,,,,,,,,,,,,,,,,,,135.3,150,,,,,,,,,,,,,,,,,,
2026-07-04T23:01:53.112470+00:00,2026-07-04T23:01:53.112352,2,1,135.15,0.3,135.0,100,134.8,100,,,,,,,,,,,,,,,,,135.3,150,,,,,,,,,,,,,,,,,,
2026-07-04T23:01:53.164654+00:00,2026-07-04T23:01:53.164534,2,2,135.15,0.3,135.0,100,134.8,100,,,,,,,,,,,,,,,,,135.3,150,135.5,100,,,,,,,,,,,,,,,,
2026-07-04T23:01:55.799527+00:00,2026-07-04T23:01:55.799440,1,1,135.25,0.5,135.0,100,,,,,,,,,,,,,,,,,,,135.5,100,,,,,,,,,,,,,,,,,,
2026-07-04T23:01:55.858601+00:00,2026-07-04T23:01:55.853902,2,1,135.25,0.5,135.0,100,134.6,150,,,,,,,,,,,,,,,,,135.5,100,,,,,,,,,,,,,,,,,,
2026-07-04T23:01:55.907160+00:00,2026-07-04T23:01:55.907075,2,2,135.05,0.1,135.0,100,134.6,150,,,,,,,,,,,,,,,,,135.1,150,135.5,100,,,,,,,,,,,,,,,,
2026-07-04T23:01:56.219185+00:00,2026-07-04T23:01:56.219157,1,1,134.85,0.5,134.6,150,,,,,,,,,,,,,,,,,,,135.1,150,,,,,,,,,,,,,,,,,,
2026-07-04T23:01:56.303743+00:00,2026-07-04T23:01:56.303713,2,1,135.05,0.1,135.0,100,134.6,150,,,,,,,,,,,,,,,,,135.1,150,,,,,,,,,,,,,,,,,,
2026-07-04T23:01:56.358581+00:00,2026-07-04T23:01:56.356957,2,2,135.05,0.1,135.0,100,134.6,150,,,,,,,,,,,,,,,,,135.1,150,135.5,100,,,,,,,,,,,,,,,,
2026-07-04T23:01:58.214758+00:00,2026-07-04T23:01:58.214719,2,2,135.05,0.1,135.0,100,134.6,150,,,,,,,,,,,,,,,,,135.1,100,135.5,100,,,,,,,,,,,,,,,,
2026-07-04T23:01:58.963983+00:00,2026-07-04T23:01:58.963832,1,1,135.25,0.5,135.0,100,,,,,,,,,,,,,,,,,,,135.5,100,,,,,,,,,,,,,,,,,,
2026-07-04T23:01:59.014904+00:00,2026-07-04T23:01:59.014859,2,1,135.25,0.5,135.0,100,134.9,150,,,,,,,,,,,,,,,,,135.5,100,,,,,,,,,,,,,,,,,,
2026-07-04T23:01:59.068238+00:00,2026-07-04T23:01:59.068166,2,2,135.2,0.4,135.0,100,134.9,150,,,,,,,,,,,,,,,,,135.4,150,135.5,100,,,,,,,,,,,,,,,,
2026-07-04T23:01:59.410854+00:00,2026-07-04T23:01:59.410788,1,1,135.15,0.5,134.9,150,,,,,,,,,,,,,,,,,,,135.4,150,,,,,,,,,,,,,,,,,,
2026-07-04T23:01:59.464935+00:00,2026-07-04T23:01:59.464880,2,1,135.25,0.3,135.1,100,134.9,150,,,,,,,,,,,,,,,,,135.4,150,,,,,,,,,,,,,,,,,,
2026-07-04T23:01:59.518187+00:00,2026-07-04T23:01:59.518099,2,2,135.25,0.3,135.1,100,134.9,150,,,,,,,,,,,,,,,,,135.4,150,135.6,100,,,,,,,,,,,,,,,,
2026-07-04T23:01:59.891914+00:00,2026-07-04T23:01:59.891877,2,2,135.25,0.3,135.1,53,134.9,150,,,,,,,,,,,,,,,,,135.4,150,135.6,100,,,,,,,,,,,,,,,,
2026-07-04T23:02:00.321322+00:00,2026-07-04T23:02:00.321182,2,2,135.25,0.3,135.1,53,134.9,150,,,,,,,,,,,,,,,,,135.4,100,135.6,100,,,,,,,,,,,,,,,,
2026-07-04T23:02:00.592373+00:00,2026-07-04T23:02:00.585838,2,2,135.25,0.3,135.1,42,134.9,150,,,,,,,,,,,,,,,,,135.4,100,135.6,100,,,,,,,,,,,,,,,,
2026-07-04T23:02:02.122246+00:00,2026-07-04T23:02:02.122358,1,1,135.35,0.5,135.1,42,,,,,,,,,,,,,,,,,,,135.6,100,,,,,,,,,,,,,,,,,,
2026-07-04T23:02:02.176792+00:00,2026-07-04T23:02:02.176666,2,1,135.35,0.5,135.1,42,135.0,150,,,,,,,,,,,,,,,,,135.6,100,,,,,,,,,,,,,,,,,,
2026-07-04T23:02:02.229499+00:00,2026-07-04T23:02:02.229412,2,2,135.3,0.4,135.1,42,135.0,150,,,,,,,,,,,,,,,,,135.5,150,135.6,100,,,,,,,,,,,,,,,,
2026-07-04T23:02:02.427609+00:00,2026-07-04T23:02:02.427494,2,2,135.3,0.4,135.1,42,135.0,150,,,,,,,,,,,,,,,,,135.5,100,135.6,100,,,,,,,,,,,,,,,,
2026-07-04T23:02:02.572917+00:00,2026-07-04T23:02:02.573057,1,1,135.25,0.5,135.0,150,,,,,,,,,,,,,,,,,,,135.5,100,,,,,,,,,,,,,,,,,,
2026-07-04T23:02:02.627672+00:00,2026-07-04T23:02:02.627593,2,1,135.25,0.5,135.0,150,134.7,100,,,,,,,,,,,,,,,,,135.5,100,,,,,,,,,,,,,,,,,,
2026-07-04T23:02:02.680343+00:00,2026-07-04T23:02:02.680260,2,2,135.1,0.2,135.0,150,134.7,100,,,,,,,,,,,,,,,,,135.2,100,135.5,100,,,,,,,,,,,,,,,,
2026-07-04T23:02:03.858669+00:00,2026-07-04T23:02:03.852419,2,2,135.1,0.2,135.0,150,134.7,100,,,,,,,,,,,,,,,,,135.2,54,135.5,100,,,,,,,,,,,,,,,,
2026-07-04T23:02:04.536671+00:00,2026-07-04T23:02:04.536806,2,2,135.1,0.2,135.0,150,134.7,100,,,,,,,,,,,,,,,,,135.2,4,135.5,100,,,,,,,,,,,,,,,,
2026-07-04T23:02:05.280482+00:00,2026-07-04T23:02:05.280374,2,1,135.1,0.2,135.0,150,134.7,100,,,,,,,,,,,,,,,,,135.2,4,,,,,,,,,,,,,,,,,,
2026-07-04T23:02:05.285568+00:00,2026-07-04T23:02:05.285527,1,1,134.95,0.5,134.7,100,,,,,,,,,,,,,,,,,,,135.2,4,,,,,,,,,,,,,,,,,,
2026-07-04T23:02:05.339276+00:00,2026-07-04T23:02:05.339220,2,0,,,135.2,146,134.7,100,,,,,,,,,,,,,,,,,,,,,,,,,,,,,,,,,,,,
2026-07-04T23:02:05.390215+00:00,2026-07-04T23:02:05.390081,2,1,135.45,0.5,135.2,146,134.7,100,,,,,,,,,,,,,,,,,135.7,150,,,,,,,,,,,,,,,,,,
2026-07-04T23:02:05.734978+00:00,2026-07-04T23:02:05.734884,1,1,135.45,0.5,135.2,146,,,,,,,,,,,,,,,,,,,135.7,150,,,,,,,,,,,,,,,,,,
2026-07-04T23:02:05.786129+00:00,2026-07-04T23:02:05.786012,2,1,135.65,0.1,135.6,100,135.2,146,,,,,,,,,,,,,,,,,135.7,150,,,,,,,,,,,,,,,,,,
2026-07-04T23:02:05.839960+00:00,2026-07-04T23:02:05.839850,2,2,135.65,0.1,135.6,100,135.2,146,,,,,,,,,,,,,,,,,135.7,150,136.1,100,,,,,,,,,,,,,,,,
2026-07-04T23:02:05.910287+00:00,2026-07-04T23:02:05.904881,2,2,135.65,0.1,135.6,88,135.2,146,,,,,,,,,,,,,,,,,135.7,150,136.1,100,,,,,,,,,,,,,,,,
2026-07-04T23:02:06.653347+00:00,2026-07-04T23:02:06.653318,2,2,135.65,0.1,135.6,88,135.2,146,,,,,,,,,,,,,,,,,135.7,100,136.1,100,,,,,,,,,,,,,,,,
2026-07-04T23:02:07.230352+00:00,2026-07-04T23:02:07.223352,2,2,135.65,0.1,135.6,77,135.2,146,,,,,,,,,,,,,,,,,135.7,100,136.1,100,,,,,,,,,,,,,,,,
2026-07-04T23:02:08.445524+00:00,2026-07-04T23:02:08.445447,1,1,135.85,0.5,135.6,77,,,,,,,,,,,,,,,,,,,136.1,100,,,,,,,,,,,,,,,,,,
2026-07-04T23:02:08.501804+00:00,2026-07-04T23:02:08.501563,1,1,135.85,0.5,135.6,227,,,,,,,,,,,,,,,,,,,136.1,100,,,,,,,,,,,,,,,,,,
2026-07-04T23:02:08.554274+00:00,2026-07-04T23:02:08.554244,1,1,135.85,0.5,135.6,227,,,,,,,,,,,,,,,,,,,136.1,250,,,,,,,,,,,,,,,,,,
2026-07-04T23:02:08.763939+00:00,2026-07-04T23:02:08.763783,1,1,135.85,0.5,135.6,227,,,,,,,,,,,,,,,,,,,136.1,200,,,,,,,,,,,,,,,,,,
2026-07-04T23:02:08.898353+00:00,2026-07-04T23:02:08.898237,1,1,135.85,0.5,135.6,150,,,,,,,,,,,,,,,,,,,136.1,150,,,,,,,,,,,,,,,,,,
2026-07-04T23:02:08.948254+00:00,2026-07-04T23:02:08.948384,1,1,135.85,0.5,135.6,250,,,,,,,,,,,,,,,,,,,136.1,150,,,,,,,,,,,,,,,,,,
2026-07-04T23:02:09.010728+00:00,2026-07-04T23:02:09.010672,1,1,135.85,0.5,135.6,250,,,,,,,,,,,,,,,,,,,136.1,250,,,,,,,,,,,,,,,,,,
2026-07-04T23:02:09.173968+00:00,2026-07-04T23:02:09.173897,1,1,135.85,0.5,135.6,202,,,,,,,,,,,,,,,,,,,136.1,250,,,,,,,,,,,,,,,,,,
2026-07-04T23:02:10.858584+00:00,2026-07-04T23:02:10.856873,1,1,135.85,0.5,135.6,202,,,,,,,,,,,,,,,,,,,136.1,200,,,,,,,,,,,,,,,,,,
2026-07-04T23:02:11.608471+00:00,2026-07-04T23:02:11.608354,1,1,135.85,0.5,135.6,100,,,,,,,,,,,,,,,,,,,136.1,100,,,,,,,,,,,,,,,,,,
2026-07-04T23:02:11.668589+00:00,2026-07-04T23:02:11.662407,2,1,136.05,0.1,136.0,138,135.6,100,,,,,,,,,,,,,,,,,136.1,100,,,,,,,,,,,,,,,,,,
2026-07-04T23:02:11.758857+00:00,2026-07-04T23:02:11.758688,2,2,136.05,0.1,136.0,138,135.6,100,,,,,,,,,,,,,,,,,136.1,100,136.4,150,,,,,,,,,,,,,,,,
2026-07-04T23:02:12.064059+00:00,2026-07-04T23:02:12.064009,2,1,136.2,0.4,136.0,138,135.6,100,,,,,,,,,,,,,,,,,136.4,150,,,,,,,,,,,,,,,,,,
2026-07-04T23:02:12.069103+00:00,2026-07-04T23:02:12.069187,1,1,136.2,0.4,136.0,138,,,,,,,,,,,,,,,,,,,136.4,150,,,,,,,,,,,,,,,,,,
2026-07-04T23:02:12.123110+00:00,2026-07-04T23:02:12.123035,2,1,136.2,0.4,136.0,138,135.7,100,,,,,,,,,,,,,,,,,136.4,150,,,,,,,,,,,,,,,,,,
2026-07-04T23:02:12.176048+00:00,2026-07-04T23:02:12.175998,2,2,136.1,0.2,136.0,138,135.7,100,,,,,,,,,,,,,,,,,136.2,100,136.4,150,,,,,,,,,,,,,,,,
2026-07-04T23:02:12.692938+00:00,2026-07-04T23:02:12.686555,2,2,136.1,0.2,136.0,127,135.7,100,,,,,,,,,,,,,,,,,136.2,100,136.4,150,,,,,,,,,,,,,,,,
2026-07-04T23:02:12.972313+00:00,2026-07-04T23:02:12.972114,2,2,136.1,0.2,136.0,127,135.7,100,,,,,,,,,,,,,,,,,136.2,50,136.4,150,,,,,,,,,,,,,,,,
2026-07-04T23:02:14.775777+00:00,2026-07-04T23:02:14.775695,1,1,135.95,0.5,135.7,100,,,,,,,,,,,,,,,,,,,136.2,50,,,,,,,,,,,,,,,,,,
2026-07-04T23:02:14.831747+00:00,2026-07-04T23:02:14.831617,2,1,136.0,0.4,135.8,150,135.7,100,,,,,,,,,,,,,,,,,136.2,50,,,,,,,,,,,,,,,,,,
2026-07-04T23:02:14.884914+00:00,2026-07-04T23:02:14.884793,2,2,136.0,0.4,135.8,150,135.7,100,,,,,,,,,,,,,,,,,136.2,50,136.3,150,,,,,,,,,,,,,,,,
2026-07-04T23:02:15.134415+00:00,2026-07-04T23:02:15.134366,2,2,136.0,0.4,135.8,100,135.7,100,,,,,,,,,,,,,,,,,136.2,50,136.3,150,,,,,,,,,,,,,,,,
2026-07-04T23:02:15.228970+00:00,2026-07-04T23:02:15.228907,1,1,136.05,0.5,135.8,100,,,,,,,,,,,,,,,,,,,136.3,150,,,,,,,,,,,,,,,,,,
2026-07-04T23:02:15.281593+00:00,2026-07-04T23:02:15.281520,1,1,136.05,0.5,135.8,200,,,,,,,,,,,,,,,,,,,136.3,150,,,,,,,,,,,,,,,,,,
2026-07-04T23:02:15.337106+00:00,2026-07-04T23:02:15.336965,1,1,136.05,0.5,135.8,200,,,,,,,,,,,,,,,,,,,136.3,250,,,,,,,,,,,,,,,,,,
2026-07-04T23:02:16.102664+00:00,2026-07-04T23:02:16.102536,1,1,136.05,0.5,135.8,157,,,,,,,,,,,,,,,,,,,136.3,250,,,,,,,,,,,,,,,,,,
2026-07-04T23:02:17.938810+00:00,2026-07-04T23:02:17.938661,1,1,136.05,0.5,135.8,100,,,,,,,,,,,,,,,,,,,136.3,100,,,,,,,,,,,,,,,,,,
2026-07-04T23:02:17.993175+00:00,2026-07-04T23:02:17.993021,2,1,136.05,0.5,135.8,100,135.3,150,,,,,,,,,,,,,,,,,136.3,100,,,,,,,,,,,,,,,,,,
2026-07-04T23:02:18.045509+00:00,2026-07-04T23:02:18.045454,1,2,135.55,0.5,135.3,150,,,,,,,,,,,,,,,,,,,135.8,50,136.3,100,,,,,,,,,,,,,,,,
2026-07-04T23:02:18.392427+00:00,2026-07-04T23:02:18.392322,1,1,135.55,0.5,135.3,150,,,,,,,,,,,,,,,,,,,135.8,50,,,,,,,,,,,,,,,,,,
2026-07-04T23:02:18.445016+00:00,2026-07-04T23:02:18.444961,2,1,135.6,0.4,135.4,100,135.3,150,,,,,,,,,,,,,,,,,135.8,50,,,,,,,,,,,,,,,,,,
2026-07-04T23:02:18.497435+00:00,2026-07-04T23:02:18.497544,2,2,135.6,0.4,135.4,100,135.3,150,,,,,,,,,,,,,,,,,135.8,50,135.9,100,,,,,,,,,,,,,,,,
2026-07-04T23:02:19.296722+00:00,2026-07-04T23:02:19.296621,2,1,135.65,0.5,135.4,100,135.3,150,,,,,,,,,,,,,,,,,135.9,100,,,,,,,,,,,,,,,,,,
2026-07-04T23:02:21.140728+00:00,2026-07-04T23:02:21.140631,1,1,135.65,0.5,135.4,100,,,,,,,,,,,,,,,,,,,135.9,100,,,,,,,,,,,,,,,,,,
2026-07-04T23:02:21.196372+00:00,2026-07-04T23:02:21.196341,2,0,,,136.0,50,135.4,100,,,,,,,,,,,,,,,,,,,,,,,,,,,,,,,,,,,,
2026-07-04T23:02:21.254040+00:00,2026-07-04T23:02:21.253938,2,1,136.25,0.5,136.0,50,135.4,100,,,,,,,,,,,,,,,,,136.5,150,,,,,,,,,,,,,,,,,,
2026-07-04T23:02:21.453899+00:00,2026-07-04T23:02:21.454015,1,1,135.95,1.1,135.4,100,,,,,,,,,,,,,,,,,,,136.5,150,,,,,,,,,,,,,,,,,,
2026-07-04T23:02:21.551184+00:00,2026-07-04T23:02:21.551085,0,1,,,,,,,,,,,,,,,,,,,,,,,136.5,150,,,,,,,,,,,,,,,,,,
2026-07-04T23:02:21.603245+00:00,2026-07-04T23:02:21.603092,1,1,136.15,0.7,135.8,100,,,,,,,,,,,,,,,,,,,136.5,150,,,,,,,,,,,,,,,,,,
2026-07-04T23:02:21.658605+00:00,2026-07-04T23:02:21.654195,1,2,136.05,0.5,135.8,100,,,,,,,,,,,,,,,,,,,136.3,100,136.5,150,,,,,,,,,,,,,,,,
2026-07-04T23:02:23.318770+00:00,2026-07-04T23:02:23.318604,1,2,136.05,0.5,135.8,57,,,,,,,,,,,,,,,,,,,136.3,100,136.5,150,,,,,,,,,,,,,,,,
2026-07-04T23:02:23.534298+00:00,2026-07-04T23:02:23.534111,1,2,136.05,0.5,135.8,57,,,,,,,,,,,,,,,,,,,136.3,50,136.5,150,,,,,,,,,,,,,,,,
2026-07-04T23:02:23.816396+00:00,2026-07-04T23:02:23.816299,1,2,136.05,0.5,135.8,57,,,,,,,,,,,,,,,,,,,136.3,3,136.5,150,,,,,,,,,,,,,,,,
2026-07-04T23:02:24.310154+00:00,2026-07-04T23:02:24.310086,1,1,136.05,0.5,135.8,57,,,,,,,,,,,,,,,,,,,136.3,3,,,,,,,,,,,,,,,,,,
2026-07-04T23:02:24.358629+00:00,2026-07-04T23:02:24.357797,2,1,136.05,0.5,135.8,57,135.4,150,,,,,,,,,,,,,,,,,136.3,3,,,,,,,,,,,,,,,,,,
2026-07-04T23:02:24.416451+00:00,2026-07-04T23:02:24.416607,2,2,135.85,0.1,135.8,57,135.4,150,,,,,,,,,,,,,,,,,135.9,150,136.3,3,,,,,,,,,,,,,,,,
2026-07-04T23:02:24.729470+00:00,2026-07-04T23:02:24.729284,1,1,135.65,0.5,135.4,150,,,,,,,,,,,,,,,,,,,135.9,150,,,,,,,,,,,,,,,,,,
2026-07-04T23:02:24.785165+00:00,2026-07-04T23:02:24.785297,1,1,135.65,0.5,135.4,150,,,,,,,,,,,,,,,,,,,135.9,50,,,,,,,,,,,,,,,,,,
2026-07-04T23:02:24.840219+00:00,2026-07-04T23:02:24.840091,1,2,135.65,0.5,135.4,150,,,,,,,,,,,,,,,,,,,135.9,50,136.4,100,,,,,,,,,,,,,,,,
2026-07-04T23:02:25.652518+00:00,2026-07-04T23:02:25.652321,1,1,135.9,1.0,135.4,150,,,,,,,,,,,,,,,,,,,136.4,100,,,,,,,,,,,,,,,,,,
2026-07-04T23:02:26.022497+00:00,2026-07-04T23:02:26.022461,1,1,135.9,1.0,135.4,150,,,,,,,,,,,,,,,,,,,136.4,84,,,,,,,,,,,,,,,,,,
2026-07-04T23:02:27.472013+00:00,2026-07-04T23:02:27.471962,0,1,,,,,,,,,,,,,,,,,,,,,,,136.4,84,,,,,,,,,,,,,,,,,,
2026-07-04T23:02:27.525542+00:00,2026-07-04T23:02:27.525432,1,1,136.15,0.5,135.9,150,,,,,,,,,,,,,,,,,,,136.4,84,,,,,,,,,,,,,,,,,,
2026-07-04T23:02:27.578852+00:00,2026-07-04T23:02:27.578736,1,1,136.15,0.5,135.9,150,,,,,,,,,,,,,,,,,,,136.4,234,,,,,,,,,,,,,,,,,,
2026-07-04T23:02:27.894054+00:00,2026-07-04T23:02:27.893993,1,1,136.15,0.5,135.9,150,,,,,,,,,,,,,,,,,,,136.4,150,,,,,,,,,,,,,,,,,,
2026-07-04T23:02:27.946802+00:00,2026-07-04T23:02:27.946753,2,1,136.15,0.5,135.9,150,135.6,100,,,,,,,,,,,,,,,,,136.4,150,,,,,,,,,,,,,,,,,,
2026-07-04T23:02:27.999683+00:00,2026-07-04T23:02:27.999603,2,2,136.0,0.2,135.9,150,135.6,100,,,,,,,,,,,,,,,,,136.1,100,136.4,150,,,,,,,,,,,,,,,,
2026-07-04T23:02:28.452147+00:00,2026-07-04T23:02:28.446232,2,2,136.0,0.2,135.9,147,135.6,100,,,,,,,,,,,,,,,,,136.1,100,136.4,150,,,,,,,,,,,,,,,,
2026-07-04T23:02:29.873045+00:00,2026-07-04T23:02:29.873016,2,2,136.0,0.2,135.9,147,135.6,100,,,,,,,,,,,,,,,,,136.1,50,136.4,150,,,,,,,,,,,,,,,,
2026-07-04T23:02:30.635338+00:00,2026-07-04T23:02:30.635258,1,1,135.85,0.5,135.6,100,,,,,,,,,,,,,,,,,,,136.1,50,,,,,,,,,,,,,,,,,,
2026-07-04T23:02:30.689668+00:00,2026-07-04T23:02:30.689608,2,1,136.0,0.2,135.9,150,135.6,100,,,,,,,,,,,,,,,,,136.1,50,,,,,,,,,,,,,,,,,,
2026-07-04T23:02:30.737969+00:00,2026-07-04T23:02:30.738097,2,2,136.0,0.2,135.9,150,135.6,100,,,,,,,,,,,,,,,,,136.1,50,136.4,150,,,,,,,,,,,,,,,,
2026-07-04T23:02:30.958643+00:00,2026-07-04T23:02:30.956143,2,2,136.0,0.2,135.9,150,135.6,100,,,,,,,,,,,,,,,,,136.1,4,136.4,150,,,,,,,,,,,,,,,,
2026-07-04T23:02:31.053279+00:00,2026-07-04T23:02:31.053199,1,1,136.15,0.5,135.9,150,,,,,,,,,,,,,,,,,,,136.4,150,,,,,,,,,,,,,,,,,,
2026-07-04T23:02:31.108675+00:00,2026-07-04T23:02:31.108598,2,1,136.2,0.4,136.0,100,135.9,150,,,,,,,,,,,,,,,,,136.4,150,,,,,,,,,,,,,,,,,,
2026-07-04T23:02:31.158616+00:00,2026-07-04T23:02:31.156442,2,2,136.2,0.4,136.0,100,135.9,150,,,,,,,,,,,,,,,,,136.4,150,136.5,100,,,,,,,,,,,,,,,,
2026-07-04T23:02:33.795334+00:00,2026-07-04T23:02:33.795216,1,1,136.25,0.5,136.0,100,,,,,,,,,,,,,,,,,,,136.5,100,,,,,,,,,,,,,,,,,,
2026-07-04T23:02:33.853041+00:00,2026-07-04T23:02:33.852950,1,1,136.25,0.5,136.0,250,,,,,,,,,,,,,,,,,,,136.5,100,,,,,,,,,,,,,,,,,,
2026-07-04T23:02:33.907083+00:00,2026-07-04T23:02:33.906838,1,1,136.25,0.5,136.0,250,,,,,,,,,,,,,,,,,,,136.5,250,,,,,,,,,,,,,,,,,,
2026-07-04T23:02:34.216699+00:00,2026-07-04T23:02:34.216565,1,1,136.25,0.5,136.0,150,,,,,,,,,,,,,,,,,,,136.5,150,,,,,,,,,,,,,,,,,,
2026-07-04T23:02:34.272986+00:00,2026-07-04T23:02:34.272910,1,1,136.25,0.5,136.0,250,,,,,,,,,,,,,,,,,,,136.5,150,,,,,,,,,,,,,,,,,,
2026-07-04T23:02:34.325665+00:00,2026-07-04T23:02:34.325630,1,1,136.25,0.5,136.0,250,,,,,,,,,,,,,,,,,,,136.5,250,,,,,,,,,,,,,,,,,,
2026-07-04T23:02:34.650463+00:00,2026-07-04T23:02:34.650397,1,1,136.25,0.5,136.0,208,,,,,,,,,,,,,,,,,,,136.5,250,,,,,,,,,,,,,,,,,,
2026-07-04T23:02:36.247606+00:00,2026-07-04T23:02:36.247537,1,1,136.25,0.5,136.0,158,,,,,,,,,,,,,,,,,,,136.5,250,,,,,,,,,,,,,,,,,,
2026-07-04T23:02:36.635035+00:00,2026-07-04T23:02:36.634870,1,1,136.25,0.5,136.0,117,,,,,,,,,,,,,,,,,,,136.5,250,,,,,,,,,,,,,,,,,,
2026-07-04T23:02:36.958624+00:00,2026-07-04T23:02:36.956969,1,1,136.25,0.5,136.0,100,,,,,,,,,,,,,,,,,,,136.5,100,,,,,,,,,,,,,,,,,,
2026-07-04T23:02:37.013573+00:00,2026-07-04T23:02:37.013440,2,1,136.25,0.5,136.0,100,135.5,150,,,,,,,,,,,,,,,,,136.5,100,,,,,,,,,,,,,,,,,,
2026-07-04T23:02:37.068391+00:00,2026-07-04T23:02:37.068325,1,2,135.75,0.5,135.5,150,,,,,,,,,,,,,,,,,,,136.0,50,136.5,100,,,,,,,,,,,,,,,,
2026-07-04T23:02:37.378752+00:00,2026-07-04T23:02:37.378867,1,1,135.75,0.5,135.5,150,,,,,,,,,,,,,,,,,,,136.0,50,,,,,,,,,,,,,,,,,,
2026-07-04T23:02:37.434905+00:00,2026-07-04T23:02:37.428674,2,1,135.9,0.2,135.8,100,135.5,150,,,,,,,,,,,,,,,,,136.0,47,,,,,,,,,,,,,,,,,,
2026-07-04T23:02:37.490103+00:00,2026-07-04T23:02:37.490206,2,2,135.9,0.2,135.8,100,135.5,150,,,,,,,,,,,,,,,,,136.0,47,136.3,100,,,,,,,,,,,,,,,,
2026-07-04T23:02:38.363870+00:00,2026-07-04T23:02:38.363800,2,2,135.9,0.2,135.8,50,135.5,150,,,,,,,,,,,,,,,,,136.0,47,136.3,100,,,,,,,,,,,,,,,,
2026-07-04T23:02:39.194490+00:00,2026-07-04T23:02:39.194648,2,2,135.9,0.2,135.8,50,135.5,150,,,,,,,,,,,,,,,,,136.0,7,136.3,100,,,,,,,,,,,,,,,,
2026-07-04T23:02:40.124465+00:00,2026-07-04T23:02:40.124386,1,1,136.05,0.5,135.8,50,,,,,,,,,,,,,,,,,,,136.3,100,,,,,,,,,,,,,,,,,,
2026-07-04T23:02:40.179722+00:00,2026-07-04T23:02:40.179649,2,0,,,136.3,50,135.8,50,,,,,,,,,,,,,,,,,,,,,,,,,,,,,,,,,,,,
2026-07-04T23:02:40.234969+00:00,2026-07-04T23:02:40.234765,2,1,136.55,0.5,136.3,50,135.8,50,,,,,,,,,,,,,,,,,136.8,150,,,,,,,,,,,,,,,,,,
2026-07-04T23:02:40.411527+00:00,2026-07-04T23:02:40.411666,2,1,136.55,0.5,136.3,50,135.8,50,,,,,,,,,,,,,,,,,136.8,100,,,,,,,,,,,,,,,,,,
2026-07-04T23:02:40.540094+00:00,2026-07-04T23:02:40.536134,1,1,136.55,0.5,136.3,47,,,,,,,,,,,,,,,,,,,136.8,100,,,,,,,,,,,,,,,,,,
2026-07-04T23:02:40.599112+00:00,2026-07-04T23:02:40.599212,2,1,136.55,0.5,136.3,47,136.0,100,,,,,,,,,,,,,,,,,136.8,100,,,,,,,,,,,,,,,,,,
2026-07-04T23:02:40.648056+00:00,2026-07-04T23:02:40.648002,2,2,136.4,0.2,136.3,47,136.0,100,,,,,,,,,,,,,,,,,136.5,100,136.8,100,,,,,,,,,,,,,,,,
2026-07-04T23:02:40.789725+00:00,2026-07-04T23:02:40.789644,2,2,136.4,0.2,136.3,4,136.0,100,,,,,,,,,,,,,,,,,136.5,100,136.8,100,,,,,,,,,,,,,,,,
2026-07-04T23:02:42.537722+00:00,2026-07-04T23:02:42.537808,2,2,136.4,0.2,136.3,4,136.0,100,,,,,,,,,,,,,,,,,136.5,50,136.8,100,,,,,,,,,,,,,,,,
2026-07-04T23:02:43.290310+00:00,2026-07-04T23:02:43.290281,1,1,136.25,0.5,136.0,100,,,,,,,,,,,,,,,,,,,136.5,50,,,,,,,,,,,,,,,,,,
2026-07-04T23:02:43.345551+00:00,2026-07-04T23:02:43.345479,2,1,136.25,0.5,136.0,100,135.9,150,,,,,,,,,,,,,,,,,136.5,50,,,,,,,,,,,,,,,,,,
2026-07-04T23:02:43.398702+00:00,2026-07-04T23:02:43.398639,2,2,136.2,0.4,136.0,100,135.9,150,,,,,,,,,,,,,,,,,136.4,150,136.5,50,,,,,,,,,,,,,,,,
2026-07-04T23:02:43.700835+00:00,2026-07-04T23:02:43.700992,2,1,136.2,0.4,136.0,100,135.9,150,,,,,,,,,,,,,,,,,136.4,150,,,,,,,,,,,,,,,,,,
2026-07-04T23:02:43.706075+00:00,2026-07-04T23:02:43.706153,1,1,136.15,0.5,135.9,150,,,,,,,,,,,,,,,,,,,136.4,150,,,,,,,,,,,,,,,,,,
2026-07-04T23:02:43.756270+00:00,2026-07-04T23:02:43.756341,2,1,136.3,0.2,136.2,100,135.9,150,,,,,,,,,,,,,,,,,136.4,150,,,,,,,,,,,,,,,,,,
2026-07-04T23:02:43.809982+00:00,2026-07-04T23:02:43.810067,2,2,136.3,0.2,136.2,100,135.9,150,,,,,,,,,,,,,,,,,136.4,150,136.7,100,,,,,,,,,,,,,,,,
2026-07-04T23:02:43.836789+00:00,2026-07-04T23:02:43.836942,2,2,136.3,0.2,136.2,59,135.9,150,,,,,,,,,,,,,,,,,136.4,150,136.7,100,,,,,,,,,,,,,,,,
2026-07-04T23:02:44.696742+00:00,2026-07-04T23:02:44.696611,2,2,136.3,0.2,136.2,9,135.9,150,,,,,,,,,,,,,,,,,136.4,150,136.7,100,,,,,,,,,,,,,,,,
2026-07-04T23:02:45.358565+00:00,2026-07-04T23:02:45.357123,2,2,136.3,0.2,136.2,9,135.9,150,,,,,,,,,,,,,,,,,136.4,103,136.7,100,,,,,,,,,,,,,,,,
2026-07-04T23:02:45.868927+00:00,2026-07-04T23:02:45.868799,2,2,136.3,0.2,136.2,9,135.9,150,,,,,,,,,,,,,,,,,136.4,59,136.7,100,,,,,,,,,,,,,,,,
2026-07-04T23:02:46.058601+00:00,2026-07-04T23:02:46.048019,1,2,136.15,0.5,135.9,150,,,,,,,,,,,,,,,,,,,136.4,59,136.7,100,,,,,,,,,,,,,,,,
2026-07-04T23:02:46.463661+00:00,2026-07-04T23:02:46.463857,0,1,,,,,,,,,,,,,,,,,,,,,,,136.7,100,,,,,,,,,,,,,,,,,,
2026-07-04T23:02:46.539778+00:00,2026-07-04T23:02:46.539908,1,1,136.4,0.6,136.1,150,,,,,,,,,,,,,,,,,,,136.7,100,,,,,,,,,,,,,,,,,,
2026-07-04T23:02:46.595281+00:00,2026-07-04T23:02:46.595203,1,2,136.35,0.5,136.1,150,,,,,,,,,,,,,,,,,,,136.6,150,136.7,100,,,,,,,,,,,,,,,,
2026-07-04T23:02:46.763891+00:00,2026-07-04T23:02:46.764018,1,2,136.35,0.5,136.1,150,,,,,,,,,,,,,,,,,,,136.6,100,136.7,100,,,,,,,,,,,,,,,,
2026-07-04T23:02:46.864671+00:00,2026-07-04T23:02:46.864563,1,1,136.35,0.5,136.1,150,,,,,,,,,,,,,,,,,,,136.6,100,,,,,,,,,,,,,,,,,,
2026-07-04T23:02:46.917116+00:00,2026-07-04T23:02:46.916991,2,1,136.35,0.5,136.1,150,135.8,100,,,,,,,,,,,,,,,,,136.6,100,,,,,,,,,,,,,,,,,,
2026-07-04T23:02:46.969756+00:00,2026-07-04T23:02:46.969687,2,2,136.2,0.2,136.1,150,135.8,100,,,,,,,,,,,,,,,,,136.3,100,136.6,100,,,,,,,,,,,,,,,,
2026-07-04T23:02:48.858638+00:00,2026-07-04T23:02:48.856195,2,2,136.2,0.2,136.1,150,135.8,100,,,,,,,,,,,,,,,,,136.3,50,136.6,100,,,,,,,,,,,,,,,,
2026-07-04T23:02:49.647451+00:00,2026-07-04T23:02:49.647404,1,1,136.05,0.5,135.8,100,,,,,,,,,,,,,,,,,,,136.3,50,,,,,,,,,,,,,,,,,,
2026-07-04T23:02:49.702007+00:00,2026-07-04T23:02:49.701959,2,0,,,136.3,100,135.8,100,,,,,,,,,,,,,,,,,,,,,,,,,,,,,,,,,,,,
2026-07-04T23:02:49.756148+00:00,2026-07-04T23:02:49.756063,2,1,136.55,0.5,136.3,100,135.8,100,,,,,,,,,,,,,,,,,136.8,150,,,,,,,,,,,,,,,,,,
2026-07-04T23:02:50.023513+00:00,2026-07-04T23:02:50.023474,1,1,136.55,0.5,136.3,100,,,,,,,,,,,,,,,,,,,136.8,150,,,,,,,,,,,,,,,,,,
2026-07-04T23:02:50.075793+00:00,2026-07-04T23:02:50.075694,2,1,136.55,0.5,136.3,100,136.1,100,,,,,,,,,,,,,,,,,136.8,150,,,,,,,,,,,,,,,,,,
2026-07-04T23:02:50.150748+00:00,2026-07-04T23:02:50.150619,2,2,136.45,0.3,136.3,100,136.1,100,,,,,,,,,,,,,,,,,136.6,100,136.8,150,,,,,,,,,,,,,,,,
2026-07-04T23:02:52.809338+00:00,2026-07-04T23:02:52.809285,1,1,136.35,0.5,136.1,100,,,,,,,,,,,,,,,,,,,136.6,100,,,,,,,,,,,,,,,,,,
2026-07-04T23:02:52.858569+00:00,2026-07-04T23:02:52.854703,2,1,136.35,0.5,136.1,100,136.0,150,,,,,,,,,,,,,,,,,136.6,100,,,,,,,,,,,,,,,,,,
2026-07-04T23:02:52.917342+00:00,2026-07-04T23:02:52.917264,2,2,136.3,0.4,136.1,100,136.0,150,,,,,,,,,,,,,,,,,136.5,150,136.6,100,,,,,,,,,,,,,,,,
2026-07-04T23:02:53.155726+00:00,2026-07-04T23:02:53.155815,2,2,136.3,0.4,136.1,50,136.0,150,,,,,,,,,,,,,,,,,136.5,150,136.6,100,,,,,,,,,,,,,,,,
2026-07-04T23:02:53.206640+00:00,2026-07-04T23:02:53.206550,1,1,136.25,0.5,136.0,150,,,,,,,,,,,,,,,,,,,136.5,150,,,,,,,,,,,,,,,,,,
2026-07-04T23:02:53.258582+00:00,2026-07-04T23:02:53.257466,2,1,136.25,0.5,136.0,150,135.9,100,,,,,,,,,,,,,,,,,136.5,150,,,,,,,,,,,,,,,,,,
2026-07-04T23:02:53.311161+00:00,2026-07-04T23:02:53.311080,2,2,136.2,0.4,136.0,150,135.9,100,,,,,,,,,,,,,,,,,136.4,100,136.5,150,,,,,,,,,,,,,,,,
2026-07-04T23:02:54.704275+00:00,2026-07-04T23:02:54.704418,2,2,136.2,0.4,136.0,103,135.9,100,,,,,,,,,,,,,,,,,136.4,100,136.5,150,,,,,,,,,,,,,,,,
2026-07-04T23:02:55.212125+00:00,2026-07-04T23:02:55.212073,2,2,136.2,0.4,136.0,103,135.9,100,,,,,,,,,,,,,,,,,136.4,50,136.5,150,,,,,,,,,,,,,,,,
2026-07-04T23:02:55.821873+00:00,2026-07-04T23:02:55.821739,2,2,136.2,0.4,136.0,103,135.9,100,,,,,,,,,,,,,,,,,136.4,8,136.5,150,,,,,,,,,,,,,,,,
2026-07-04T23:02:55.969742+00:00,2026-07-04T23:02:55.969709,1,1,136.15,0.5,135.9,100,,,,,,,,,,,,,,,,,,,136.4,8,,,,,,,,,,,,,,,,,,
2026-07-04T23:02:56.026292+00:00,2026-07-04T23:02:56.026379,2,1,136.2,0.4,136.0,150,135.9,100,,,,,,,,,,,,,,,,,136.4,8,,,,,,,,,,,,,,,,,,
2026-07-04T23:02:56.075793+00:00,2026-07-04T23:02:56.075677,2,2,136.2,0.4,136.0,150,135.9,100,,,,,,,,,,,,,,,,,136.4,8,136.5,150,,,,,,,,,,,,,,,,
2026-07-04T23:02:56.358609+00:00,2026-07-04T23:02:56.357677,1,1,136.25,0.5,136.0,150,,,,,,,,,,,,,,,,,,,136.5,150,,,,,,,,,,,,,,,,,,
2026-07-04T23:02:56.418209+00:00,2026-07-04T23:02:56.418161,2,1,136.4,0.2,136.3,100,136.0,150,,,,,,,,,,,,,,,,,136.5,150,,,,,,,,,,,,,,,,,,
2026-07-04T23:02:56.471012+00:00,2026-07-04T23:02:56.471080,2,2,136.4,0.2,136.3,100,136.0,150,,,,,,,,,,,,,,,,,136.5,150,136.8,100,,,,,,,,,,,,,,,,
2026-07-04T23:02:57.368898+00:00,2026-07-04T23:02:57.369024,2,2,136.4,0.2,136.3,50,136.0,150,,,,,,,,,,,,,,,,,136.5,150,136.8,100,,,,,,,,,,,,,,,,
2026-07-04T23:02:58.302400+00:00,2026-07-04T23:02:58.302563,2,2,136.4,0.2,136.3,7,136.0,150,,,,,,,,,,,,,,,,,136.5,150,136.8,100,,,,,,,,,,,,,,,,
2026-07-04T23:02:58.813156+00:00,2026-07-04T23:02:58.813035,1,2,136.25,0.5,136.0,150,,,,,,,,,,,,,,,,,,,136.5,150,136.8,100,,,,,,,,,,,,,,,,
2026-07-04T23:02:59.130154+00:00,2026-07-04T23:02:59.130076,1,1,136.4,0.8,136.0,150,,,,,,,,,,,,,,,,,,,136.8,100,,,,,,,,,,,,,,,,,,
2026-07-04T23:02:59.135262+00:00,2026-07-04T23:02:59.135219,0,1,,,,,,,,,,,,,,,,,,,,,,,136.8,100,,,,,,,,,,,,,,,,,,
2026-07-04T23:02:59.187518+00:00,2026-07-04T23:02:59.187413,1,1,136.5,0.6,136.2,150,,,,,,,,,,,,,,,,,,,136.8,100,,,,,,,,,,,,,,,,,,
2026-07-04T23:02:59.243088+00:00,2026-07-04T23:02:59.243013,1,2,136.45,0.5,136.2,150,,,,,,,,,,,,,,,,,,,136.7,150,136.8,100,,,,,,,,,,,,,,,,
2026-07-04T23:02:59.474090+00:00,2026-07-04T23:02:59.474267,1,2,136.45,0.5,136.2,100,,,,,,,,,,,,,,,,,,,136.7,150,136.8,100,,,,,,,,,,,,,,,,
2026-07-04T23:02:59.526978+00:00,2026-07-04T23:02:59.526880,1,1,136.45,0.5,136.2,100,,,,,,,,,,,,,,,,,,,136.7,150,,,,,,,,,,,,,,,,,,
2026-07-04T23:02:59.577384+00:00,2026-07-04T23:02:59.577321,2,1,136.45,0.5,136.2,100,136.1,100,,,,,,,,,,,,,,,,,136.7,150,,,,,,,,,,,,,,,,,,
2026-07-04T23:02:59.628353+00:00,2026-07-04T23:02:59.628252,2,2,136.4,0.4,136.2,100,136.1,100,,,,,,,,,,,,,,,,,136.6,100,136.7,150,,,,,,,,,,,,,,,,
2026-07-04T23:03:01.358544+00:00,2026-07-04T23:03:01.354806,2,2,136.4,0.4,136.2,100,136.1,100,,,,,,,,,,,,,,,,,136.6,58,136.7,150,,,,,,,,,,,,,,,,
2026-07-04T23:03:01.532673+00:00,2026-07-04T23:03:01.532608,2,2,136.4,0.4,136.2,100,136.1,100,,,,,,,,,,,,,,,,,136.6,8,136.7,150,,,,,,,,,,,,,,,,
2026-07-04T23:03:02.299854+00:00,2026-07-04T23:03:02.299803,1,1,136.35,0.5,136.1,100,,,,,,,,,,,,,,,,,,,136.6,8,,,,,,,,,,,,,,,,,,
2026-07-04T23:03:02.354026+00:00,2026-07-04T23:03:02.354102,2,1,136.35,0.5,136.1,100,135.9,150,,,,,,,,,,,,,,,,,136.6,8,,,,,,,,,,,,,,,,,,
2026-07-04T23:03:02.406746+00:00,2026-07-04T23:03:02.406665,2,2,136.25,0.3,136.1,100,135.9,150,,,,,,,,,,,,,,,,,136.4,150,136.6,8,,,,,,,,,,,,,,,,
2026-07-04T23:03:02.681009+00:00,2026-07-04T23:03:02.680944,2,1,136.25,0.3,136.1,100,135.9,150,,,,,,,,,,,,,,,,,136.4,150,,,,,,,,,,,,,,,,,,
2026-07-04T23:03:02.686016+00:00,2026-07-04T23:03:02.686092,1,1,136.15,0.5,135.9,150,,,,,,,,,,,,,,,,,,,136.4,150,,,,,,,,,,,,,,,,,,
2026-07-04T23:03:02.738592+00:00,2026-07-04T23:03:02.738495,2,1,136.3,0.2,136.2,100,135.9,150,,,,,,,,,,,,,,,,,136.4,150,,,,,,,,,,,,,,,,,,
2026-07-04T23:03:02.787323+00:00,2026-07-04T23:03:02.787197,2,2,136.3,0.2,136.2,100,135.9,150,,,,,,,,,,,,,,,,,136.4,150,136.7,100,,,,,,,,,,,,,,,,
2026-07-04T23:03:03.640622+00:00,2026-07-04T23:03:03.640538,2,2,136.3,0.2,136.2,100,135.9,150,,,,,,,,,,,,,,,,,136.4,100,136.7,100,,,,,,,,,,,,,,,,
2026-07-04T23:03:05.463886+00:00,2026-07-04T23:03:05.463759,1,1,136.45,0.5,136.2,100,,,,,,,,,,,,,,,,,,,136.7,100,,,,,,,,,,,,,,,,,,
2026-07-04T23:03:05.516845+00:00,2026-07-04T23:03:05.516761,2,1,136.45,0.5,136.2,100,136.1,150,,,,,,,,,,,,,,,,,136.7,100,,,,,,,,,,,,,,,,,,
2026-07-04T23:03:05.570850+00:00,2026-07-04T23:03:05.570778,2,2,136.4,0.4,136.2,100,136.1,150,,,,,,,,,,,,,,,,,136.6,150,136.7,100,,,,,,,,,,,,,,,,
2026-07-04T23:03:05.747306+00:00,2026-07-04T23:03:05.747147,2,2,136.4,0.4,136.2,100,136.1,150,,,,,,,,,,,,,,,,,136.6,100,136.7,100,,,,,,,,,,,,,,,,
2026-07-04T23:03:05.844830+00:00,2026-07-04T23:03:05.844746,1,1,136.35,0.5,136.1,150,,,,,,,,,,,,,,,,,,,136.6,100,,,,,,,,,,,,,,,,,,
2026-07-04T23:03:05.899585+00:00,2026-07-04T23:03:05.899523,2,1,136.5,0.2,136.4,100,136.1,150,,,,,,,,,,,,,,,,,136.6,100,,,,,,,,,,,,,,,,,,
2026-07-04T23:03:05.951361+00:00,2026-07-04T23:03:05.951280,2,2,136.5,0.2,136.4,100,136.1,150,,,,,,,,,,,,,,,,,136.6,100,136.9,100,,,,,,,,,,,,,,,,
2026-07-04T23:03:06.185441+00:00,2026-07-04T23:03:06.185322,2,2,136.5,0.2,136.4,94,136.1,150,,,,,,,,,,,,,,,,,136.6,100,136.9,100,,,,,,,,,,,,,,,,
2026-07-04T23:03:06.219491+00:00,2026-07-04T23:03:06.219300,2,2,136.5,0.2,136.4,52,136.1,150,,,,,,,,,,,,,,,,,136.6,100,136.9,100,,,,,,,,,,,,,,,,
2026-07-04T23:03:07.858569+00:00,2026-07-04T23:03:07.855395,2,2,136.5,0.2,136.4,52,136.1,150,,,,,,,,,,,,,,,,,136.6,50,136.9,100,,,,,,,,,,,,,,,,
2026-07-04T23:03:08.625252+00:00,2026-07-04T23:03:08.625141,1,1,136.65,0.5,136.4,52,,,,,,,,,,,,,,,,,,,136.9,100,,,,,,,,,,,,,,,,,,
2026-07-04T23:03:08.682630+00:00,2026-07-04T23:03:08.680096,2,1,136.75,0.3,136.6,150,136.4,52,,,,,,,,,,,,,,,,,136.9,100,,,,,,,,,,,,,,,,,,
2026-07-04T23:03:08.737861+00:00,2026-07-04T23:03:08.737780,2,2,136.75,0.3,136.6,150,136.4,52,,,,,,,,,,,,,,,,,136.9,100,137.1,150,,,,,,,,,,,,,,,,
2026-07-04T23:03:09.004218+00:00,2026-07-04T23:03:09.004106,1,1,136.85,0.5,136.6,150,,,,,,,,,,,,,,,,,,,137.1,150,,,,,,,,,,,,,,,,,,
2026-07-04T23:03:09.056535+00:00,2026-07-04T23:03:09.056670,2,1,136.85,0.5,136.6,150,136.2,100,,,,,,,,,,,,,,,,,137.1,150,,,,,,,,,,,,,,,,,,
2026-07-04T23:03:09.109822+00:00,2026-07-04T23:03:09.109716,2,2,136.65,0.1,136.6,150,136.2,100,,,,,,,,,,,,,,,,,136.7,100,137.1,150,,,,,,,,,,,,,,,,
2026-07-04T23:03:09.958613+00:00,2026-07-04T23:03:09.953473,2,2,136.65,0.1,136.6,150,136.2,100,,,,,,,,,,,,,,,,,136.7,50,137.1,150,,,,,,,,,,,,,,,,
2026-07-04T23:03:10.278394+00:00,2026-07-04T23:03:10.278293,2,2,136.65,0.1,136.6,150,136.2,100,,,,,,,,,,,,,,,,,136.7,9,137.1,150,,,,,,,,,,,,,,,,
2026-07-04T23:03:11.864204+00:00,2026-07-04T23:03:11.864042,2,0,,,136.7,141,136.2,100,,,,,,,,,,,,,,,,,,,,,,,,,,,,,,,,,,,,
2026-07-04T23:03:11.907040+00:00,2026-07-04T23:03:11.906929,2,1,136.95,0.5,136.7,141,136.2,100,,,,,,,,,,,,,,,,,137.2,150,,,,,,,,,,,,,,,,,,
2026-07-04T23:03:12.064465+00:00,2026-07-04T23:03:12.064618,2,1,136.95,0.5,136.7,141,136.2,100,,,,,,,,,,,,,,,,,137.2,100,,,,,,,,,,,,,,,,,,
2026-07-04T23:03:12.167406+00:00,2026-07-04T23:03:12.167291,1,1,136.95,0.5,136.7,141,,,,,,,,,,,,,,,,,,,137.2,100,,,,,,,,,,,,,,,,,,
2026-07-04T23:03:12.221842+00:00,2026-07-04T23:03:12.221785,2,1,137.0,0.4,136.8,100,136.7,141,,,,,,,,,,,,,,,,,137.2,100,,,,,,,,,,,,,,,,,,
2026-07-04T23:03:12.274043+00:00,2026-07-04T23:03:12.273937,2,2,137.0,0.4,136.8,100,136.7,141,,,,,,,,,,,,,,,,,137.2,100,137.3,100,,,,,,,,,,,,,,,,
2026-07-04T23:03:12.805536+00:00,2026-07-04T23:03:12.800156,2,2,137.0,0.4,136.8,97,136.7,141,,,,,,,,,,,,,,,,,137.2,100,137.3,100,,,,,,,,,,,,,,,,
2026-07-04T23:03:13.883065+00:00,2026-07-04T23:03:13.882949,2,2,137.0,0.4,136.8,56,136.7,141,,,,,,,,,,,,,,,,,137.2,100,137.3,100,,,,,,,,,,,,,,,,
2026-07-04T23:03:14.172936+00:00,2026-07-04T23:03:14.172837,2,2,137.0,0.4,136.8,56,136.7,141,,,,,,,,,,,,,,,,,137.2,50,137.3,100,,,,,,,,,,,,,,,,
2026-07-04T23:03:14.439298+00:00,2026-07-04T23:03:14.439114,2,2,137.0,0.4,136.8,56,136.7,141,,,,,,,,,,,,,,,,,137.2,7,137.3,100,,,,,,,,,,,,,,,,
2026-07-04T23:03:14.971132+00:00,2026-07-04T23:03:14.971058,1,1,137.05,0.5,136.8,56,,,,,,,,,,,,,,,,,,,137.3,100,,,,,,,,,,,,,,,,,,
2026-07-04T23:03:15.027415+00:00,2026-07-04T23:03:15.027292,2,0,,,137.3,50,136.8,56,,,,,,,,,,,,,,,,,,,,,,,,,,,,,,,,,,,,
2026-07-04T23:03:15.094928+00:00,2026-07-04T23:03:15.086148,2,1,137.55,0.5,137.3,16,136.8,56,,,,,,,,,,,,,,,,,137.8,150,,,,,,,,,,,,,,,,,,
2026-07-04T23:03:15.328530+00:00,2026-07-04T23:03:15.328392,1,1,137.55,0.5,137.3,16,,,,,,,,,,,,,,,,,,,137.8,150,,,,,,,,,,,,,,,,,,
2026-07-04T23:03:15.381380+00:00,2026-07-04T23:03:15.381247,2,1,137.55,0.5,137.3,16,137.0,100,,,,,,,,,,,,,,,,,137.8,150,,,,,,,,,,,,,,,,,,
2026-07-04T23:03:15.424559+00:00,2026-07-04T23:03:15.418219,1,1,137.4,0.8,137.0,100,,,,,,,,,,,,,,,,,,,137.8,150,,,,,,,,,,,,,,,,,,
2026-07-04T23:03:15.444926+00:00,2026-07-04T23:03:15.445015,1,2,137.25,0.5,137.0,100,,,,,,,,,,,,,,,,,,,137.5,100,137.8,150,,,,,,,,,,,,,,,,
2026-07-04T23:03:15.535585+00:00,2026-07-04T23:03:15.535535,1,2,137.25,0.5,137.0,51,,,,,,,,,,,,,,,,,,,137.5,100,137.8,150,,,,,,,,,,,,,,,,
2026-07-04T23:03:15.781783+00:00,2026-07-04T23:03:15.781662,1,2,137.25,0.5,137.0,26,,,,,,,,,,,,,,,,,,,137.5,100,137.8,150,,,,,,,,,,,,,,,,
2026-07-04T23:03:16.279430+00:00,2026-07-04T23:03:16.279318,1,2,137.25,0.5,137.0,26,,,,,,,,,,,,,,,,,,,137.5,50,137.8,150,,,,,,,,,,,,,,,,
2026-07-04T23:03:18.137603+00:00,2026-07-04T23:03:18.137504,1,1,137.25,0.5,137.0,26,,,,,,,,,,,,,,,,,,,137.5,50,,,,,,,,,,,,,,,,,,
2026-07-04T23:03:18.190775+00:00,2026-07-04T23:03:18.190706,2,1,137.25,0.5,137.0,26,136.8,150,,,,,,,,,,,,,,,,,137.5,50,,,,,,,,,,,,,,,,,,
2026-07-04T23:03:18.255493+00:00,2026-07-04T23:03:18.249216,2,2,137.15,0.3,137.0,26,136.8,150,,,,,,,,,,,,,,,,,137.3,146,137.5,50,,,,,,,,,,,,,,,,
2026-07-04T23:03:18.386409+00:00,2026-07-04T23:03:18.386383,2,2,137.15,0.3,137.0,26,136.8,150,,,,,,,,,,,,,,,,,137.3,96,137.5,50,,,,,,,,,,,,,,,,
2026-07-04T23:03:18.488408+00:00,2026-07-04T23:03:18.488266,1,1,137.05,0.5,136.8,150,,,,,,,,,,,,,,,,,,,137.3,96,,,,,,,,,,,,,,,,,,
2026-07-04T23:03:18.543544+00:00,2026-07-04T23:03:18.543430,2,1,137.15,0.3,137.0,100,136.8,150,,,,,,,,,,,,,,,,,137.3,96,,,,,,,,,,,,,,,,,,
2026-07-04T23:03:18.609011+00:00,2026-07-04T23:03:18.608902,2,2,137.15,0.3,137.0,100,136.8,150,,,,,,,,,,,,,,,,,137.3,96,137.5,100,,,,,,,,,,,,,,,,
2026-07-04T23:03:19.219523+00:00,2026-07-04T23:03:19.215092,2,2,137.15,0.3,137.0,100,136.8,150,,,,,,,,,,,,,,,,,137.3,84,137.5,100,,,,,,,,,,,,,,,,
2026-07-04T23:03:19.341825+00:00,2026-07-04T23:03:19.336493,2,2,137.15,0.3,137.0,100,136.8,150,,,,,,,,,,,,,,,,,137.3,73,137.5,100,,,,,,,,,,,,,,,,
2026-07-04T23:03:20.494681+00:00,2026-07-04T23:03:20.494610,2,2,137.15,0.3,137.0,100,136.8,150,,,,,,,,,,,,,,,,,137.3,23,137.5,100,,,,,,,,,,,,,,,,
2026-07-04T23:03:21.174302+00:00,2026-07-04T23:03:21.174240,2,1,137.25,0.5,137.0,100,136.8,150,,,,,,,,,,,,,,,,,137.5,100,,,,,,,,,,,,,,,,,,
2026-07-04T23:03:21.300023+00:00,2026-07-04T23:03:21.299925,1,1,137.25,0.5,137.0,100,,,,,,,,,,,,,,,,,,,137.5,100,,,,,,,,,,,,,,,,,,
2026-07-04T23:03:21.352291+00:00,2026-07-04T23:03:21.352219,2,0,,,137.5,50,137.0,100,,,,,,,,,,,,,,,,,,,,,,,,,,,,,,,,,,,,
2026-07-04T23:03:21.419754+00:00,2026-07-04T23:03:21.411237,2,1,137.75,0.5,137.5,27,137.0,100,,,,,,,,,,,,,,,,,138.0,150,,,,,,,,,,,,,,,,,,
2026-07-04T23:03:21.665600+00:00,2026-07-04T23:03:21.665489,1,1,137.75,0.5,137.5,27,,,,,,,,,,,,,,,,,,,138.0,150,,,,,,,,,,,,,,,,,,
2026-07-04T23:03:21.717965+00:00,2026-07-04T23:03:21.718087,2,1,137.75,0.5,137.5,27,137.4,100,,,,,,,,,,,,,,,,,138.0,150,,,,,,,,,,,,,,,,,,
2026-07-04T23:03:21.770200+00:00,2026-07-04T23:03:21.770135,2,2,137.7,0.4,137.5,27,137.4,100,,,,,,,,,,,,,,,,,137.9,100,138.0,150,,,,,,,,,,,,,,,,
2026-07-04T23:03:22.603807+00:00,2026-07-04T23:03:22.603944,2,2,137.7,0.4,137.5,27,137.4,100,,,,,,,,,,,,,,,,,137.9,50,138.0,150,,,,,,,,,,,,,,,,
2026-07-04T23:03:23.277795+00:00,2026-07-04T23:03:23.272593,2,2,137.7,0.4,137.5,16,137.4,100,,,,,,,,,,,,,,,,,137.9,50,138.0,150,,,,,,,,,,,,,,,,
2026-07-04T23:03:23.631432+00:00,2026-07-04T23:03:23.631379,1,2,137.65,0.5,137.4,74,,,,,,,,,,,,,,,,,,,137.9,50,138.0,150,,,,,,,,,,,,,,,,
2026-07-04T23:03:24.458623+00:00,2026-07-04T23:03:24.457558,1,1,137.65,0.5,137.4,74,,,,,,,,,,,,,,,,,,,137.9,50,,,,,,,,,,,,,,,,,,
2026-07-04T23:03:24.516513+00:00,2026-07-04T23:03:24.516604,2,1,137.65,0.5,137.4,74,137.3,150,,,,,,,,,,,,,,,,,137.9,50,,,,,,,,,,,,,,,,,,
2026-07-04T23:03:24.569577+00:00,2026-07-04T23:03:24.569458,2,2,137.6,0.4,137.4,74,137.3,150,,,,,,,,,,,,,,,,,137.8,150,137.9,50,,,,,,,,,,,,,,,,
2026-07-04T23:03:24.709854+00:00,2026-07-04T23:03:24.710014,2,2,137.6,0.4,137.4,74,137.3,150,,,,,,,,,,,,,,,,,137.8,100,137.9,50,,,,,,,,,,,,,,,,
2026-07-04T23:03:24.822095+00:00,2026-07-04T23:03:24.822192,1,1,137.55,0.5,137.3,150,,,,,,,,,,,,,,,,,,,137.8,100,,,,,,,,,,,,,,,,,,
2026-07-04T23:03:24.876814+00:00,2026-07-04T23:03:24.876755,2,1,137.7,0.2,137.6,100,137.3,150,,,,,,,,,,,,,,,,,137.8,100,,,,,,,,,,,,,,,,,,
2026-07-04T23:03:24.929836+00:00,2026-07-04T23:03:24.929701,2,2,137.7,0.2,137.6,100,137.3,150,,,,,,,,,,,,,,,,,137.8,100,138.1,100,,,,,,,,,,,,,,,,
2026-07-04T23:03:25.717540+00:00,2026-07-04T23:03:25.717435,2,2,137.7,0.2,137.6,57,137.3,150,,,,,,,,,,,,,,,,,137.8,100,138.1,100,,,,,,,,,,,,,,,,
2026-07-04T23:03:25.799935+00:00,2026-07-04T23:03:25.799834,2,2,137.7,0.2,137.6,32,137.3,150,,,,,,,,,,,,,,,,,137.8,100,138.1,100,,,,,,,,,,,,,,,,
2026-07-04T23:03:26.865775+00:00,2026-07-04T23:03:26.865699,1,2,137.55,0.5,137.3,150,,,,,,,,,,,,,,,,,,,137.8,100,138.1,100,,,,,,,,,,,,,,,,
2026-07-04T23:03:27.619335+00:00,2026-07-04T23:03:27.619404,1,1,137.7,0.8,137.3,150,,,,,,,,,,,,,,,,,,,138.1,100,,,,,,,,,,,,,,,,,,
2026-07-04T23:03:27.624649+00:00,2026-07-04T23:03:27.624534,0,1,,,,,,,,,,,,,,,,,,,,,,,138.1,100,,,,,,,,,,,,,,,,,,
2026-07-04T23:03:27.674861+00:00,2026-07-04T23:03:27.674797,1,1,137.7,0.8,137.3,150,,,,,,,,,,,,,,,,,,,138.1,100,,,,,,,,,,,,,,,,,,
2026-07-04T23:03:27.727090+00:00,2026-07-04T23:03:27.727054,1,2,137.55,0.5,137.3,150,,,,,,,,,,,,,,,,,,,137.8,150,138.1,100,,,,,,,,,,,,,,,,
2026-07-04T23:03:27.815526+00:00,2026-07-04T23:03:27.815503,1,2,137.55,0.5,137.3,150,,,,,,,,,,,,,,,,,,,137.8,101,138.1,100,,,,,,,,,,,,,,,,
2026-07-04T23:03:27.981426+00:00,2026-07-04T23:03:27.981351,1,1,137.55,0.5,137.3,150,,,,,,,,,,,,,,,,,,,137.8,101,,,,,,,,,,,,,,,,,,
2026-07-04T23:03:28.034448+00:00,2026-07-04T23:03:28.034365,2,1,137.6,0.4,137.4,100,137.3,150,,,,,,,,,,,,,,,,,137.8,101,,,,,,,,,,,,,,,,,,
2026-07-04T23:03:28.088864+00:00,2026-07-04T23:03:28.088800,2,2,137.6,0.4,137.4,100,137.3,150,,,,,,,,,,,,,,,,,137.8,101,137.9,100,,,,,,,,,,,,,,,,
2026-07-04T23:03:28.975572+00:00,2026-07-04T23:03:28.975697,2,2,137.6,0.4,137.4,50,137.3,150,,,,,,,,,,,,,,,,,137.8,101,137.9,100,,,,,,,,,,,,,,,,
2026-07-04T23:03:29.831737+00:00,2026-07-04T23:03:29.826735,2,2,137.6,0.4,137.4,50,137.3,150,,,,,,,,,,,,,,,,,137.8,44,137.9,100,,,,,,,,,,,,,,,,
2026-07-04T23:03:30.784624+00:00,2026-07-04T23:03:30.784743,1,1,137.65,0.5,137.4,50,,,,,,,,,,,,,,,,,,,137.9,100,,,,,,,,,,,,,,,,,,
2026-07-04T23:03:30.823733+00:00,2026-07-04T23:03:30.823647,1,1,137.65,0.5,137.4,7,,,,,,,,,,,,,,,,,,,137.9,100,,,,,,,,,,,,,,,,,,
2026-07-04T23:03:30.839234+00:00,2026-07-04T23:03:30.839154,2,0,,,137.9,50,137.4,7,,,,,,,,,,,,,,,,,,,,,,,,,,,,,,,,,,,,
2026-07-04T23:03:30.894259+00:00,2026-07-04T23:03:30.894212,2,1,138.15,0.5,137.9,50,137.4,7,,,,,,,,,,,,,,,,,138.4,150,,,,,,,,,,,,,,,,,,
2026-07-04T23:03:31.082208+00:00,2026-07-04T23:03:31.082053,1,1,137.9,1.0,137.4,7,,,,,,,,,,,,,,,,,,,138.4,150,,,,,,,,,,,,,,,,,,
2026-07-04T23:03:31.139626+00:00,2026-07-04T23:03:31.139487,0,1,,,,,,,,,,,,,,,,,,,,,,,138.4,150,,,,,,,,,,,,,,,,,,
2026-07-04T23:03:31.193360+00:00,2026-07-04T23:03:31.193505,1,1,137.95,0.9,137.5,100,,,,,,,,,,,,,,,,,,,138.4,150,,,,,,,,,,,,,,,,,,
2026-07-04T23:03:31.246383+00:00,2026-07-04T23:03:31.246305,1,2,137.75,0.5,137.5,100,,,,,,,,,,,,,,,,,,,138.0,100,138.4,150,,,,,,,,,,,,,,,,
2026-07-04T23:03:32.870828+00:00,2026-07-04T23:03:32.870696,1,2,137.75,0.5,137.5,55,,,,,,,,,,,,,,,,,,,138.0,100,138.4,150,,,,,,,,,,,,,,,,
2026-07-04T23:03:33.189480+00:00,2026-07-04T23:03:33.189385,1,2,137.75,0.5,137.5,5,,,,,,,,,,,,,,,,,,,138.0,100,138.4,150,,,,,,,,,,,,,,,,
2026-07-04T23:03:33.948428+00:00,2026-07-04T23:03:33.948322,1,1,137.75,0.5,137.5,5,,,,,,,,,,,,,,,,,,,138.0,100,,,,,,,,,,,,,,,,,,
2026-07-04T23:03:33.991456+00:00,2026-07-04T23:03:33.991409,0,1,,,,,,,,,,,,,,,,,,,,,,,138.0,100,,,,,,,,,,,,,,,,,,
2026-07-04T23:03:34.001874+00:00,2026-07-04T23:03:34.002050,1,1,137.55,0.9,137.1,150,,,,,,,,,,,,,,,,,,,138.0,100,,,,,,,,,,,,,,,,,,
2026-07-04T23:03:34.063646+00:00,2026-07-04T23:03:34.063880,1,2,137.35,0.5,137.1,150,,,,,,,,,,,,,,,,,,,137.6,150,138.0,100,,,,,,,,,,,,,,,,
2026-07-04T23:03:34.303783+00:00,2026-07-04T23:03:34.303679,1,1,137.35,0.5,137.1,150,,,,,,,,,,,,,,,,,,,137.6,150,,,,,,,,,,,,,,,,,,
2026-07-04T23:03:34.358691+00:00,2026-07-04T23:03:34.357718,1,1,137.35,0.5,137.1,250,,,,,,,,,,,,,,,,,,,137.6,150,,,,,,,,,,,,,,,,,,
2026-07-04T23:03:34.417174+00:00,2026-07-04T23:03:34.417108,1,1,137.35,0.5,137.1,250,,,,,,,,,,,,,,,,,,,137.6,250,,,,,,,,,,,,,,,,,,
2026-07-04T23:03:34.969450+00:00,2026-07-04T23:03:34.962288,1,1,137.35,0.5,137.1,250,,,,,,,,,,,,,,,,,,,137.6,227,,,,,,,,,,,,,,,,,,
2026-07-04T23:03:35.299785+00:00,2026-07-04T23:03:35.299850,1,1,137.35,0.5,137.1,200,,,,,,,,,,,,,,,,,,,137.6,227,,,,,,,,,,,,,,,,,,
2026-07-04T23:03:35.978565+00:00,2026-07-04T23:03:35.978503,1,1,137.35,0.5,137.1,200,,,,,,,,,,,,,,,,,,,137.6,183,,,,,,,,,,,,,,,,,,
2026-07-04T23:03:36.416119+00:00,2026-07-04T23:03:36.410180,1,1,137.35,0.5,137.1,200,,,,,,,,,,,,,,,,,,,137.6,171,,,,,,,,,,,,,,,,,,
2026-07-04T23:03:36.573815+00:00,2026-07-04T23:03:36.573961,1,1,137.35,0.5,137.1,200,,,,,,,,,,,,,,,,,,,137.6,124,,,,,,,,,,,,,,,,,,
2026-07-04T23:03:37.116599+00:00,2026-07-04T23:03:37.116548,1,1,137.35,0.5,137.1,100,,,,,,,,,,,,,,,,,,,137.6,100,,,,,,,,,,,,,,,,,,
2026-07-04T23:03:37.171357+00:00,2026-07-04T23:03:37.171218,2,0,,,137.7,50,137.1,100,,,,,,,,,,,,,,,,,,,,,,,,,,,,,,,,,,,,
2026-07-04T23:03:37.226391+00:00,2026-07-04T23:03:37.226308,2,1,137.95,0.5,137.7,50,137.1,100,,,,,,,,,,,,,,,,,138.2,150,,,,,,,,,,,,,,,,,,
2026-07-04T23:03:37.471460+00:00,2026-07-04T23:03:37.471578,1,1,137.95,0.5,137.7,50,,,,,,,,,,,,,,,,,,,138.2,150,,,,,,,,,,,,,,,,,,
2026-07-04T23:03:37.525566+00:00,2026-07-04T23:03:37.525450,1,1,137.95,0.5,137.7,150,,,,,,,,,,,,,,,,,,,138.2,150,,,,,,,,,,,,,,,,,,
2026-07-04T23:03:37.578707+00:00,2026-07-04T23:03:37.578670,1,1,137.95,0.5,137.7,150,,,,,,,,,,,,,,,,,,,138.2,250,,,,,,,,,,,,,,,,,,
2026-07-04T23:03:38.291806+00:00,2026-07-04T23:03:38.287971,1,1,137.95,0.5,137.7,105,,,,,,,,,,,,,,,,,,,138.2,250,,,,,,,,,,,,,,,,,,
2026-07-04T23:03:40.281548+00:00,2026-07-04T23:03:40.281457,1,1,137.95,0.5,137.7,100,,,,,,,,,,,,,,,,,,,138.2,100,,,,,,,,,,,,,,,,,,
2026-07-04T23:03:40.337008+00:00,2026-07-04T23:03:40.336876,2,1,137.95,0.5,137.7,100,137.2,150,,,,,,,,,,,,,,,,,138.2,100,,,,,,,,,,,,,,,,,,
2026-07-04T23:03:40.415624+00:00,2026-07-04T23:03:40.415455,1,2,137.45,0.5,137.2,150,,,,,,,,,,,,,,,,,,,137.7,50,138.2,100,,,,,,,,,,,,,,,,
2026-07-04T23:03:40.629317+00:00,2026-07-04T23:03:40.629265,1,1,137.45,0.5,137.2,150,,,,,,,,,,,,,,,,,,,137.7,50,,,,,,,,,,,,,,,,,,
2026-07-04T23:03:40.684543+00:00,2026-07-04T23:03:40.684429,2,1,137.6,0.2,137.5,100,137.2,150,,,,,,,,,,,,,,,,,137.7,50,,,,,,,,,,,,,,,,,,
2026-07-04T23:03:40.740020+00:00,2026-07-04T23:03:40.739927,2,2,137.6,0.2,137.5,100,137.2,150,,,,,,,,,,,,,,,,,137.7,50,138.0,100,,,,,,,,,,,,,,,,
2026-07-04T23:03:41.583904+00:00,2026-07-04T23:03:41.584045,2,1,137.75,0.5,137.5,100,137.2,150,,,,,,,,,,,,,,,,,138.0,100,,,,,,,,,,,,,,,,,,
2026-07-04T23:03:43.470785+00:00,2026-07-04T23:03:43.470741,1,1,137.75,0.5,137.5,100,,,,,,,,,,,,,,,,,,,138.0,100,,,,,,,,,,,,,,,,,,
2026-07-04T23:03:43.523585+00:00,2026-07-04T23:03:43.523469,2,1,137.85,0.3,137.7,150,137.5,100,,,,,,,,,,,,,,,,,138.0,100,,,,,,,,,,,,,,,,,,
2026-07-04T23:03:43.576072+00:00,2026-07-04T23:03:43.575999,2,2,137.85,0.3,137.7,150,137.5,100,,,,,,,,,,,,,,,,,138.0,100,138.2,150,,,,,,,,,,,,,,,,
2026-07-04T23:03:43.750380+00:00,2026-07-04T23:03:43.750299,2,2,137.85,0.3,137.7,100,137.5,100,,,,,,,,,,,,,,,,,138.0,100,138.2,150,,,,,,,,,,,,,,,,
2026-07-04T23:03:43.794760+00:00,2026-07-04T23:03:43.794662,1,1,137.95,0.5,137.7,100,,,,,,,,,,,,,,,,,,,138.2,150,,,,,,,,,,,,,,,,,,
2026-07-04T23:03:43.850482+00:00,2026-07-04T23:03:43.850434,2,1,137.95,0.5,137.7,100,137.4,100,,,,,,,,,,,,,,,,,138.2,150,,,,,,,,,,,,,,,,,,
2026-07-04T23:03:43.898655+00:00,2026-07-04T23:03:43.898544,2,2,137.8,0.2,137.7,100,137.4,100,,,,,,,,,,,,,,,,,137.9,100,138.2,150,,,,,,,,,,,,,,,,
2026-07-04T23:03:44.927314+00:00,2026-07-04T23:03:44.927288,2,2,137.8,0.2,137.7,51,137.4,100,,,,,,,,,,,,,,,,,137.9,100,138.2,150,,,,,,,,,,,,,,,,
2026-07-04T23:03:45.569202+00:00,2026-07-04T23:03:45.569099,2,2,137.8,0.2,137.7,51,137.4,100,,,,,,,,,,,,,,,,,137.9,57,138.2,150,,,,,,,,,,,,,,,,
2026-07-04T23:03:45.830513+00:00,2026-07-04T23:03:45.830464,2,2,137.8,0.2,137.7,26,137.4,100,,,,,,,,,,,,,,,,,137.9,57,138.2,150,,,,,,,,,,,,,,,,
2026-07-04T23:03:46.147596+00:00,2026-07-04T23:03:46.147544,1,2,137.65,0.5,137.4,78,,,,,,,,,,,,,,,,,,,137.9,57,138.2,150,,,,,,,,,,,,,,,,
2026-07-04T23:03:46.629781+00:00,2026-07-04T23:03:46.629698,1,1,137.65,0.5,137.4,78,,,,,,,,,,,,,,,,,,,137.9,57,,,,,,,,,,,,,,,,,,
2026-07-04T23:03:46.687339+00:00,2026-07-04T23:03:46.687426,2,1,137.65,0.5,137.4,78,137.1,150,,,,,,,,,,,,,,,,,137.9,57,,,,,,,,,,,,,,,,,,
2026-07-04T23:03:46.736372+00:00,2026-07-04T23:03:46.736456,2,2,137.5,0.2,137.4,78,137.1,150,,,,,,,,,,,,,,,,,137.6,150,137.9,57,,,,,,,,,,,,,,,,
2026-07-04T23:03:46.956144+00:00,2026-07-04T23:03:46.956078,1,1,137.35,0.5,137.1,150,,,,,,,,,,,,,,,,,,,137.6,150,,,,,,,,,,,,,,,,,,
2026-07-04T23:03:47.011968+00:00,2026-07-04T23:03:47.011896,2,1,137.5,0.2,137.4,100,137.1,150,,,,,,,,,,,,,,,,,137.6,150,,,,,,,,,,,,,,,,,,
2026-07-04T23:03:47.064057+00:00,2026-07-04T23:03:47.063979,2,2,137.5,0.2,137.4,100,137.1,150,,,,,,,,,,,,,,,,,137.6,150,137.9,100,,,,,,,,,,,,,,,,
2026-07-04T23:03:47.341253+00:00,2026-07-04T23:03:47.341142,2,2,137.5,0.2,137.4,100,137.1,150,,,,,,,,,,,,,,,,,137.6,101,137.9,100,,,,,,,,,,,,,,,,
2026-07-04T23:03:47.977193+00:00,2026-07-04T23:03:47.977109,2,2,137.5,0.2,137.4,50,137.1,150,,,,,,,,,,,,,,,,,137.6,101,137.9,100,,,,,,,,,,,,,,,,
2026-07-04T23:03:48.311465+00:00,2026-07-04T23:03:48.311421,2,2,137.5,0.2,137.4,10,137.1,150,,,,,,,,,,,,,,,,,137.6,101,137.9,100,,,,,,,,,,,,,,,,
2026-07-04T23:03:49.540919+00:00,2026-07-04T23:03:49.535392,2,2,137.5,0.2,137.4,10,137.1,150,,,,,,,,,,,,,,,,,137.6,90,137.9,100,,,,,,,,,,,,,,,,
2026-07-04T23:03:49.795593+00:00,2026-07-04T23:03:49.795516,1,1,137.65,0.5,137.4,10,,,,,,,,,,,,,,,,,,,137.9,100,,,,,,,,,,,,,,,,,,
2026-07-04T23:03:49.848493+00:00,2026-07-04T23:03:49.858622,2,1,137.75,0.3,137.6,150,137.4,10,,,,,,,,,,,,,,,,,137.9,100,,,,,,,,,,,,,,,,,,
2026-07-04T23:03:49.906085+00:00,2026-07-04T23:03:49.906184,2,2,137.75,0.3,137.6,150,137.4,10,,,,,,,,,,,,,,,,,137.9,100,138.1,150,,,,,,,,,,,,,,,,
2026-07-04T23:03:50.032041+00:00,2026-07-04T23:03:50.031937,2,2,137.75,0.3,137.6,150,137.4,10,,,,,,,,,,,,,,,,,137.9,50,138.1,150,,,,,,,,,,,,,,,,
2026-07-04T23:03:50.123785+00:00,2026-07-04T23:03:50.123679,1,1,137.85,0.5,137.6,150,,,,,,,,,,,,,,,,,,,138.1,150,,,,,,,,,,,,,,,,,,
2026-07-04T23:03:50.177532+00:00,2026-07-04T23:03:50.177423,2,1,137.85,0.5,137.6,150,137.5,100,,,,,,,,,,,,,,,,,138.1,150,,,,,,,,,,,,,,,,,,
2026-07-04T23:03:50.229997+00:00,2026-07-04T23:03:50.229885,2,2,137.8,0.4,137.6,150,137.5,100,,,,,,,,,,,,,,,,,138.0,100,138.1,150,,,,,,,,,,,,,,,,
2026-07-04T23:03:52.958643+00:00,2026-07-04T23:03:52.954838,1,1,137.75,0.5,137.5,100,,,,,,,,,,,,,,,,,,,138.0,100,,,,,,,,,,,,,,,,,,
2026-07-04T23:03:53.014021+00:00,2026-07-04T23:03:53.013930,2,1,137.75,0.5,137.5,100,137.4,150,,,,,,,,,,,,,,,,,138.0,100,,,,,,,,,,,,,,,,,,
2026-07-04T23:03:53.067212+00:00,2026-07-04T23:03:53.067150,2,2,137.7,0.4,137.5,100,137.4,150,,,,,,,,,,,,,,,,,137.9,150,138.0,100,,,,,,,,,,,,,,,,
2026-07-04T23:03:53.283364+00:00,2026-07-04T23:03:53.283490,1,1,137.65,0.5,137.4,150,,,,,,,,,,,,,,,,,,,137.9,150,,,,,,,,,,,,,,,,,,
2026-07-04T23:03:53.338505+00:00,2026-07-04T23:03:53.338453,1,1,137.65,0.5,137.4,250,,,,,,,,,,,,,,,,,,,137.9,150,,,,,,,,,,,,,,,,,,
2026-07-04T23:03:53.386781+00:00,2026-07-04T23:03:53.386683,1,1,137.65,0.5,137.4,250,,,,,,,,,,,,,,,,,,,137.9,250,,,,,,,,,,,,,,,,,,
2026-07-04T23:03:54.292115+00:00,2026-07-04T23:03:54.292065,1,1,137.65,0.5,137.4,200,,,,,,,,,,,,,,,,,,,137.9,250,,,,,,,,,,,,,,,,,,
2026-07-04T23:03:55.154551+00:00,2026-07-04T23:03:55.154838,1,1,137.65,0.5,137.4,200,,,,,,,,,,,,,,,,,,,137.9,201,,,,,,,,,,,,,,,,,,
2026-07-04T23:03:56.136151+00:00,2026-07-04T23:03:56.136070,1,1,137.65,0.5,137.4,100,,,,,,,,,,,,,,,,,,,137.9,100,,,,,,,,,,,,,,,,,,
2026-07-04T23:03:56.193906+00:00,2026-07-04T23:03:56.193702,2,1,137.65,0.5,137.4,100,137.3,150,,,,,,,,,,,,,,,,,137.9,100,,,,,,,,,,,,,,,,,,
2026-07-04T23:03:56.247480+00:00,2026-07-04T23:03:56.247367,2,2,137.6,0.4,137.4,100,137.3,150,,,,,,,,,,,,,,,,,137.8,150,137.9,100,,,,,,,,,,,,,,,,
2026-07-04T23:03:56.398661+00:00,2026-07-04T23:03:56.398547,2,2,137.6,0.4,137.4,50,137.3,150,,,,,,,,,,,,,,,,,137.8,150,137.9,100,,,,,,,,,,,,,,,,
2026-07-04T23:03:56.445320+00:00,2026-07-04T23:03:56.445273,1,1,137.55,0.5,137.3,150,,,,,,,,,,,,,,,,,,,137.8,150,,,,,,,,,,,,,,,,,,
2026-07-04T23:03:56.499920+00:00,2026-07-04T23:03:56.499839,2,1,137.55,0.5,137.3,150,137.1,100,,,,,,,,,,,,,,,,,137.8,150,,,,,,,,,,,,,,,,,,
2026-07-04T23:03:56.558634+00:00,2026-07-04T23:03:56.551561,2,2,137.45,0.3,137.3,150,137.1,100,,,,,,,,,,,,,,,,,137.6,100,137.8,150,,,,,,,,,,,,,,,,
2026-07-04T23:03:58.505855+00:00,2026-07-04T23:03:58.505752,2,2,137.45,0.3,137.3,100,137.1,100,,,,,,,,,,,,,,,,,137.6,100,137.8,150,,,,,,,,,,,,,,,,
2026-07-04T23:03:58.802836+00:00,2026-07-04T23:03:58.802756,2,2,137.45,0.3,137.3,100,137.1,100,,,,,,,,,,,,,,,,,137.6,53,137.8,150,,,,,,,,,,,,,,,,
2026-07-04T23:03:59.300856+00:00,2026-07-04T23:03:59.300974,1,1,137.35,0.5,137.1,100,,,,,,,,,,,,,,,,,,,137.6,53,,,,,,,,,,,,,,,,,,
2026-07-04T23:03:59.350159+00:00,2026-07-04T23:03:59.350227,1,1,137.35,0.5,137.1,250,,,,,,,,,,,,,,,,,,,137.6,53,,,,,,,,,,,,,,,,,,
2026-07-04T23:03:59.406258+00:00,2026-07-04T23:03:59.406346,1,1,137.35,0.5,137.1,250,,,,,,,,,,,,,,,,,,,137.6,203,,,,,,,,,,,,,,,,,,
2026-07-04T23:03:59.607680+00:00,2026-07-04T23:03:59.607561,1,1,137.35,0.5,137.1,150,,,,,,,,,,,,,,,,,,,137.6,150,,,,,,,,,,,,,,,,,,
2026-07-04T23:03:59.663609+00:00,2026-07-04T23:03:59.663711,2,1,137.4,0.4,137.2,100,137.1,150,,,,,,,,,,,,,,,,,137.6,150,,,,,,,,,,,,,,,,,,
2026-07-04T23:03:59.716775+00:00,2026-07-04T23:03:59.716666,2,2,137.4,0.4,137.2,100,137.1,150,,,,,,,,,,,,,,,,,137.6,150,137.7,100,,,,,,,,,,,,,,,,
2026-07-04T23:04:00.610260+00:00,2026-07-04T23:04:00.610181,2,2,137.4,0.4,137.2,50,137.1,150,,,,,,,,,,,,,,,,,137.6,150,137.7,100,,,,,,,,,,,,,,,,
2026-07-04T23:04:02.457017+00:00,2026-07-04T23:04:02.457200,1,1,137.45,0.5,137.2,50,,,,,,,,,,,,,,,,,,,137.7,100,,,,,,,,,,,,,,,,,,
2026-07-04T23:04:02.516928+00:00,2026-07-04T23:04:02.516839,1,1,137.45,0.5,137.2,200,,,,,,,,,,,,,,,,,,,137.7,100,,,,,,,,,,,,,,,,,,
2026-07-04T23:04:02.568124+00:00,2026-07-04T23:04:02.567979,1,1,137.45,0.5,137.2,200,,,,,,,,,,,,,,,,,,,137.7,250,,,,,,,,,,,,,,,,,,
2026-07-04T23:04:02.718131+00:00,2026-07-04T23:04:02.718107,1,1,137.45,0.5,137.2,150,,,,,,,,,,,,,,,,,,,137.7,250,,,,,,,,,,,,,,,,,,
2026-07-04T23:04:02.786769+00:00,2026-07-04T23:04:02.786657,1,1,137.45,0.5,137.2,150,,,,,,,,,,,,,,,,,,,137.7,150,,,,,,,,,,,,,,,,,,
2026-07-04T23:04:02.843104+00:00,2026-07-04T23:04:02.843203,2,1,137.45,0.5,137.2,150,137.0,100,,,,,,,,,,,,,,,,,137.7,150,,,,,,,,,,,,,,,,,,
2026-07-04T23:04:02.895602+00:00,2026-07-04T23:04:02.895458,2,2,137.35,0.3,137.2,150,137.0,100,,,,,,,,,,,,,,,,,137.5,100,137.7,150,,,,,,,,,,,,,,,,
2026-07-04T23:04:03.796751+00:00,2026-07-04T23:04:03.796689,2,2,137.35,0.3,137.2,150,137.0,100,,,,,,,,,,,,,,,,,137.5,58,137.7,150,,,,,,,,,,,,,,,,
2026-07-04T23:04:03.858621+00:00,2026-07-04T23:04:03.850850,2,2,137.35,0.3,137.2,108,137.0,100,,,,,,,,,,,,,,,,,137.5,58,137.7,150,,,,,,,,,,,,,,,,
2026-07-04T23:04:04.823242+00:00,2026-07-04T23:04:04.823207,2,2,137.35,0.3,137.2,58,137.0,100,,,,,,,,,,,,,,,,,137.5,58,137.7,150,,,,,,,,,,,,,,,,
2026-07-04T23:04:05.627331+00:00,2026-07-04T23:04:05.627248,1,1,137.25,0.5,137.0,100,,,,,,,,,,,,,,,,,,,137.5,58,,,,,,,,,,,,,,,,,,
2026-07-04T23:04:05.683197+00:00,2026-07-04T23:04:05.683320,2,1,137.25,0.5,137.0,100,136.8,150,,,,,,,,,,,,,,,,,137.5,58,,,,,,,,,,,,,,,,,,
2026-07-04T23:04:05.751536+00:00,2026-07-04T23:04:05.745177,2,2,137.15,0.3,137.0,100,136.8,150,,,,,,,,,,,,,,,,,137.3,147,137.5,58,,,,,,,,,,,,,,,,
2026-07-04T23:04:05.864873+00:00,2026-07-04T23:04:05.864810,2,2,137.15,0.3,137.0,100,136.8,150,,,,,,,,,,,,,,,,,137.3,122,137.5,58,,,,,,,,,,,,,,,,
2026-07-04T23:04:05.958890+00:00,2026-07-04T23:04:05.958763,1,1,137.05,0.5,136.8,150,,,,,,,,,,,,,,,,,,,137.3,122,,,,,,,,,,,,,,,,,,
2026-07-04T23:04:06.004712+00:00,2026-07-04T23:04:06.004654,2,1,137.2,0.2,137.1,100,136.8,150,,,,,,,,,,,,,,,,,137.3,122,,,,,,,,,,,,,,,,,,
2026-07-04T23:04:06.058648+00:00,2026-07-04T23:04:06.054155,2,2,137.2,0.2,137.1,100,136.8,150,,,,,,,,,,,,,,,,,137.3,122,137.6,100,,,,,,,,,,,,,,,,
2026-07-04T23:04:06.463971+00:00,2026-07-04T23:04:06.463874,2,2,137.2,0.2,137.1,100,136.8,150,,,,,,,,,,,,,,,,,137.3,80,137.6,100,,,,,,,,,,,,,,,,
2026-07-04T23:04:06.880722+00:00,2026-07-04T23:04:06.880586,2,2,137.2,0.2,137.1,100,136.8,150,,,,,,,,,,,,,,,,,137.3,30,137.6,100,,,,,,,,,,,,,,,,
2026-07-04T23:04:06.991602+00:00,2026-07-04T23:04:06.991538,2,2,137.2,0.2,137.1,53,136.8,150,,,,,,,,,,,,,,,,,137.3,30,137.6,100,,,,,,,,,,,,,,,,
2026-07-04T23:04:08.794393+00:00,2026-07-04T23:04:08.794345,1,1,137.35,0.5,137.1,53,,,,,,,,,,,,,,,,,,,137.6,100,,,,,,,,,,,,,,,,,,
2026-07-04T23:04:08.858619+00:00,2026-07-04T23:04:08.847896,2,1,137.4,0.4,137.2,150,137.1,53,,,,,,,,,,,,,,,,,137.6,100,,,,,,,,,,,,,,,,,,
2026-07-04T23:04:08.907392+00:00,2026-07-04T23:04:08.907503,2,2,137.4,0.4,137.2,150,137.1,53,,,,,,,,,,,,,,,,,137.6,100,137.7,150,,,,,,,,,,,,,,,,
2026-07-04T23:04:08.987683+00:00,2026-07-04T23:04:08.987544,2,2,137.4,0.4,137.2,150,137.1,53,,,,,,,,,,,,,,,,,137.6,50,137.7,150,,,,,,,,,,,,,,,,
2026-07-04T23:04:09.114233+00:00,2026-07-04T23:04:09.114098,1,1,137.45,0.5,137.2,150,,,,,,,,,,,,,,,,,,,137.7,150,,,,,,,,,,,,,,,,,,
2026-07-04T23:04:09.168840+00:00,2026-07-04T23:04:09.168693,2,1,137.45,0.5,137.2,150,137.1,100,,,,,,,,,,,,,,,,,137.7,150,,,,,,,,,,,,,,,,,,
2026-07-04T23:04:09.221132+00:00,2026-07-04T23:04:09.221285,2,2,137.4,0.4,137.2,150,137.1,100,,,,,,,,,,,,,,,,,137.6,100,137.7,150,,,,,,,,,,,,,,,,
