recv_time,book_timestamp,n_bids,n_asks,mid,spread,bid_px_0,bid_vol_0,bid_px_1,bid_vol_1,bid_px_2,bid_vol_2,bid_px_3,bid_vol_3,bid_px_4,bid_vol_4,bid_px_5,bid_vol_5,bid_px_6,bid_vol_6,bid_px_7,bid_vol_7,bid_px_8,bid_vol_8,bid_px_9,bid_vol_9,ask_px_0,ask_vol_0,ask_px_1,ask_vol_1,ask_px_2,ask_vol_2,ask_px_3,ask_vol_3,ask_px_4,ask_vol_4,ask_px_5,ask_vol_5,ask_px_6,ask_vol_6,ask_px_7,ask_vol_7,ask_px_8,ask_vol_8,ask_px_9,ask_vol_9
2026-07-05T22:00:01.047733+00:00,2026-07-05T22:00:01.014954,2,2,165.7,0.4,165.5,54,165.4,100,,,,,,,,,,,,,,,,,165.9,107,166.0,100,,,,,,,,,,,,,,,,
2026-07-05T22:00:01.859263+00:00,2026-07-05T22:00:01.888379,1,1,165.75,0.5,165.5,54,,,,,,,,,,,,,,,,,,,166.0,100,,,,,,,,,,,,,,,,,,
2026-07-05T22:00:01.951909+00:00,2026-07-05T22:00:01.941692,2,1,165.85,0.3,165.7,150,165.5,54,,,,,,,,,,,,,,,,,166.0,100,,,,,,,,,,,,,,,,,,
2026-07-05T22:00:02.005495+00:00,2026-07-05T22:00:02.005395,2,2,165.85,0.3,165.7,150,165.5,54,,,,,,,,,,,,,,,,,166.0,100,166.2,150,,,,,,,,,,,,,,,,
2026-07-05T22:00:02.829779+00:00,2026-07-05T22:00:02.829897,1,1,165.95,0.5,165.7,150,,,,,,,,,,,,,,,,,,,166.2,150,,,,,,,,,,,,,,,,,,
2026-07-05T22:00:02.882545+00:00,2026-07-05T22:00:02.874424,2,1,165.95,0.5,165.7,150,165.4,100,,,,,,,,,,,,,,,,,166.2,150,,,,,,,,,,,,,,,,,,
2026-07-05T22:00:02.937228+00:00,2026-07-05T22:00:02.937089,2,2,165.8,0.2,165.7,150,165.4,100,,,,,,,,,,,,,,,,,165.9,100,166.2,150,,,,,,,,,,,,,,,,
2026-07-05T22:00:03.267273+00:00,2026-07-05T22:00:03.267091,2,2,165.8,0.2,165.7,150,165.4,100,,,,,,,,,,,,,,,,,165.9,51,166.2,150,,,,,,,,,,,,,,,,
2026-07-05T22:00:03.926691+00:00,2026-07-05T22:00:03.926581,2,2,165.8,0.2,165.7,100,165.4,100,,,,,,,,,,,,,,,,,165.9,51,166.2,150,,,,,,,,,,,,,,,,
2026-07-05T22:00:05.084707+00:00,2026-07-05T22:00:05.084525,1,1,165.65,0.5,165.4,100,,,,,,,,,,,,,,,,,,,165.9,51,,,,,,,,,,,,,,,,,,
2026-07-05T22:00:05.135869+00:00,2026-07-05T22:00:05.135787,2,1,165.65,0.5,165.4,100,165.3,150,,,,,,,,,,,,,,,,,165.9,51,,,,,,,,,,,,,,,,,,
2026-07-05T22:00:05.197501+00:00,2026-07-05T22:00:05.197410,2,2,165.6,0.4,165.4,100,165.3,150,,,,,,,,,,,,,,,,,165.8,150,165.9,51,,,,,,,,,,,,,,,,
2026-07-05T22:00:05.335791+00:00,2026-07-05T22:00:05.330251,2,2,165.6,0.4,165.4,100,165.3,150,,,,,,,,,,,,,,,,,165.8,139,165.9,51,,,,,,,,,,,,,,,,
2026-07-05T22:00:05.989866+00:00,2026-07-05T22:00:05.989809,1,1,165.55,0.5,165.3,150,,,,,,,,,,,,,,,,,,,165.8,139,,,,,,,,,,,,,,,,,,
2026-07-05T22:00:06.032451+00:00,2026-07-05T22:00:06.032314,1,1,165.55,0.5,165.3,100,,,,,,,,,,,,,,,,,,,165.8,139,,,,,,,,,,,,,,,,,,
2026-07-05T22:00:06.042584+00:00,2026-07-05T22:00:06.042673,2,1,165.75,0.1,165.7,100,165.3,100,,,,,,,,,,,,,,,,,165.8,139,,,,,,,,,,,,,,,,,,
2026-07-05T22:00:06.092425+00:00,2026-07-05T22:00:06.092314,2,2,165.75,0.1,165.7,100,165.3,100,,,,,,,,,,,,,,,,,165.8,139,166.2,100,,,,,,,,,,,,,,,,
2026-07-05T22:00:08.171565+00:00,2026-07-05T22:00:08.171475,2,2,165.75,0.1,165.7,50,165.3,100,,,,,,,,,,,,,,,,,165.8,139,166.2,100,,,,,,,,,,,,,,,,
2026-07-05T22:00:08.258795+00:00,2026-07-05T22:00:08.258748,1,1,165.95,0.5,165.7,50,,,,,,,,,,,,,,,,,,,166.2,100,,,,,,,,,,,,,,,,,,
2026-07-05T22:00:08.305736+00:00,2026-07-05T22:00:08.305636,2,1,165.95,0.5,165.7,50,165.3,150,,,,,,,,,,,,,,,,,166.2,100,,,,,,,,,,,,,,,,,,
2026-07-05T22:00:08.358909+00:00,2026-07-05T22:00:08.358838,2,2,165.75,0.1,165.7,50,165.3,150,,,,,,,,,,,,,,,,,165.8,150,166.2,100,,,,,,,,,,,,,,,,
2026-07-05T22:00:09.150820+00:00,2026-07-05T22:00:09.150736,1,1,165.55,0.5,165.3,150,,,,,,,,,,,,,,,,,,,165.8,150,,,,,,,,,,,,,,,,,,
2026-07-05T22:00:09.206176+00:00,2026-07-05T22:00:09.206085,2,1,165.7,0.2,165.6,100,165.3,150,,,,,,,,,,,,,,,,,165.8,150,,,,,,,,,,,,,,,,,,
2026-07-05T22:00:09.271551+00:00,2026-07-05T22:00:09.262506,2,2,165.7,0.2,165.6,100,165.3,150,,,,,,,,,,,,,,,,,165.8,138,166.1,100,,,,,,,,,,,,,,,,
2026-07-05T22:00:10.228241+00:00,2026-07-05T22:00:10.228207,2,2,165.7,0.2,165.6,100,165.3,150,,,,,,,,,,,,,,,,,165.8,88,166.1,100,,,,,,,,,,,,,,,,
2026-07-05T22:00:11.469332+00:00,2026-07-05T22:00:11.469166,1,1,165.85,0.5,165.6,250,,,,,,,,,,,,,,,,,,,166.1,100,,,,,,,,,,,,,,,,,,
2026-07-05T22:00:11.564436+00:00,2026-07-05T22:00:11.564240,1,1,165.85,0.5,165.6,250,,,,,,,,,,,,,,,,,,,166.1,250,,,,,,,,,,,,,,,,,,
2026-07-05T22:00:11.791265+00:00,2026-07-05T22:00:11.791175,1,1,165.85,0.5,165.6,250,,,,,,,,,,,,,,,,,,,166.1,205,,,,,,,,,,,,,,,,,,
2026-07-05T22:00:11.841813+00:00,2026-07-05T22:00:11.841975,1,1,165.85,0.5,165.6,201,,,,,,,,,,,,,,,,,,,166.1,205,,,,,,,,,,,,,,,,,,
2026-07-05T22:00:12.334115+00:00,2026-07-05T22:00:12.334058,1,1,165.85,0.5,165.6,150,,,,,,,,,,,,,,,,,,,166.1,150,,,,,,,,,,,,,,,,,,
2026-07-05T22:00:12.389959+00:00,2026-07-05T22:00:12.389856,2,1,165.85,0.5,165.6,150,165.5,100,,,,,,,,,,,,,,,,,166.1,150,,,,,,,,,,,,,,,,,,
2026-07-05T22:00:12.440581+00:00,2026-07-05T22:00:12.440351,2,1,165.85,0.5,165.6,150,165.5,100,,,,,,,,,,,,,,,,,166.1,103,,,,,,,,,,,,,,,,,,
2026-07-05T22:00:12.445758+00:00,2026-07-05T22:00:12.445629,2,2,165.8,0.4,165.6,150,165.5,100,,,,,,,,,,,,,,,,,166.0,100,166.1,103,,,,,,,,,,,,,,,,
2026-07-05T22:00:13.110200+00:00,2026-07-05T22:00:13.110150,2,2,165.8,0.4,165.6,107,165.5,100,,,,,,,,,,,,,,,,,166.0,100,166.1,103,,,,,,,,,,,,,,,,
2026-07-05T22:00:13.764007+00:00,2026-07-05T22:00:13.763862,2,2,165.8,0.4,165.6,67,165.5,100,,,,,,,,,,,,,,,,,166.0,100,166.1,103,,,,,,,,,,,,,,,,
2026-07-05T22:00:14.492956+00:00,2026-07-05T22:00:14.493131,2,2,165.8,0.4,165.6,17,165.5,100,,,,,,,,,,,,,,,,,166.0,100,166.1,103,,,,,,,,,,,,,,,,
2026-07-05T22:00:14.592853+00:00,2026-07-05T22:00:14.582819,1,1,165.75,0.5,165.5,100,,,,,,,,,,,,,,,,,,,166.0,100,,,,,,,,,,,,,,,,,,
2026-07-05T22:00:14.639976+00:00,2026-07-05T22:00:14.639883,2,1,165.75,0.5,165.5,100,165.3,150,,,,,,,,,,,,,,,,,166.0,100,,,,,,,,,,,,,,,,,,
2026-07-05T22:00:14.693720+00:00,2026-07-05T22:00:14.693619,2,2,165.65,0.3,165.5,100,165.3,150,,,,,,,,,,,,,,,,,165.8,150,166.0,100,,,,,,,,,,,,,,,,
2026-07-05T22:00:15.500371+00:00,2026-07-05T22:00:15.500242,1,1,165.55,0.5,165.3,150,,,,,,,,,,,,,,,,,,,165.8,150,,,,,,,,,,,,,,,,,,
2026-07-05T22:00:15.553350+00:00,2026-07-05T22:00:15.553515,2,1,165.7,0.2,165.6,100,165.3,150,,,,,,,,,,,,,,,,,165.8,150,,,,,,,,,,,,,,,,,,
2026-07-05T22:00:15.608799+00:00,2026-07-05T22:00:15.608724,2,2,165.7,0.2,165.6,100,165.3,150,,,,,,,,,,,,,,,,,165.8,150,166.1,100,,,,,,,,,,,,,,,,
2026-07-05T22:00:17.746315+00:00,2026-07-05T22:00:17.746184,2,1,165.85,0.5,165.6,100,165.3,150,,,,,,,,,,,,,,,,,166.1,100,,,,,,,,,,,,,,,,,,
2026-07-05T22:00:17.751272+00:00,2026-07-05T22:00:17.751366,1,1,165.85,0.5,165.6,100,,,,,,,,,,,,,,,,,,,166.1,100,,,,,,,,,,,,,,,,,,
2026-07-05T22:00:17.805266+00:00,2026-07-05T22:00:17.805133,2,1,165.85,0.5,165.6,100,165.2,150,,,,,,,,,,,,,,,,,166.1,100,,,,,,,,,,,,,,,,,,
2026-07-05T22:00:17.854198+00:00,2026-07-05T22:00:17.854319,2,2,165.65,0.1,165.6,100,165.2,150,,,,,,,,,,,,,,,,,165.7,150,166.1,100,,,,,,,,,,,,,,,,
2026-07-05T22:00:17.970005+00:00,2026-07-05T22:00:17.969968,2,2,165.65,0.1,165.6,100,165.2,150,,,,,,,,,,,,,,,,,165.7,103,166.1,100,,,,,,,,,,,,,,,,
2026-07-05T22:00:18.468842+00:00,2026-07-05T22:00:18.462681,2,2,165.65,0.1,165.6,100,165.2,150,,,,,,,,,,,,,,,,,165.7,92,166.1,100,,,,,,,,,,,,,,,,
2026-07-05T22:00:18.665440+00:00,2026-07-05T22:00:18.665311,1,1,165.45,0.5,165.2,150,,,,,,,,,,,,,,,,,,,165.7,92,,,,,,,,,,,,,,,,,,
2026-07-05T22:00:18.705784+00:00,2026-07-05T22:00:18.705673,1,1,165.45,0.5,165.2,100,,,,,,,,,,,,,,,,,,,165.7,92,,,,,,,,,,,,,,,,,,
2026-07-05T22:00:18.720596+00:00,2026-07-05T22:00:18.720468,2,1,165.65,0.1,165.6,100,165.2,100,,,,,,,,,,,,,,,,,165.7,92,,,,,,,,,,,,,,,,,,
2026-07-05T22:00:18.773814+00:00,2026-07-05T22:00:18.773696,2,2,165.65,0.1,165.6,100,165.2,100,,,,,,,,,,,,,,,,,165.7,92,166.1,100,,,,,,,,,,,,,,,,
2026-07-05T22:00:19.768376+00:00,2026-07-05T22:00:19.762452,2,2,165.65,0.1,165.6,100,165.2,100,,,,,,,,,,,,,,,,,165.7,81,166.1,100,,,,,,,,,,,,,,,,
2026-07-05T22:00:20.833480+00:00,2026-07-05T22:00:20.833312,2,2,165.65,0.1,165.6,50,165.2,100,,,,,,,,,,,,,,,,,165.7,81,166.1,100,,,,,,,,,,,,,,,,
2026-07-05T22:00:20.912182+00:00,2026-07-05T22:00:20.912057,1,1,165.85,0.5,165.6,50,,,,,,,,,,,,,,,,,,,166.1,100,,,,,,,,,,,,,,,,,,
2026-07-05T22:00:20.966692+00:00,2026-07-05T22:00:20.966667,2,1,165.85,0.5,165.6,50,165.5,150,,,,,,,,,,,,,,,,,166.1,100,,,,,,,,,,,,,,,,,,
2026-07-05T22:00:21.020065+00:00,2026-07-05T22:00:21.019980,2,2,165.8,0.4,165.6,50,165.5,150,,,,,,,,,,,,,,,,,166.0,150,166.1,100,,,,,,,,,,,,,,,,
2026-07-05T22:00:21.828075+00:00,2026-07-05T22:00:21.828041,1,1,165.75,0.5,165.5,150,,,,,,,,,,,,,,,,,,,166.0,150,,,,,,,,,,,,,,,,,,
2026-07-05T22:00:21.865626+00:00,2026-07-05T22:00:21.865496,1,1,165.75,0.5,165.5,150,,,,,,,,,,,,,,,,,,,166.0,108,,,,,,,,,,,,,,,,,,
2026-07-05T22:00:21.883694+00:00,2026-07-05T22:00:21.883629,1,1,165.75,0.5,165.5,250,,,,,,,,,,,,,,,,,,,166.0,108,,,,,,,,,,,,,,,,,,
2026-07-05T22:00:21.935792+00:00,2026-07-05T22:00:21.935762,1,1,165.75,0.5,165.5,250,,,,,,,,,,,,,,,,,,,166.0,208,,,,,,,,,,,,,,,,,,
2026-07-05T22:00:22.939717+00:00,2026-07-05T22:00:22.939664,1,1,165.75,0.5,165.5,200,,,,,,,,,,,,,,,,,,,166.0,208,,,,,,,,,,,,,,,,,,
2026-07-05T22:00:23.840721+00:00,2026-07-05T22:00:23.840674,1,1,165.75,0.5,165.5,155,,,,,,,,,,,,,,,,,,,166.0,208,,,,,,,,,,,,,,,,,,
2026-07-05T22:00:24.068902+00:00,2026-07-05T22:00:24.068976,1,1,165.75,0.5,165.5,155,,,,,,,,,,,,,,,,,,,166.0,100,,,,,,,,,,,,,,,,,,
2026-07-05T22:00:24.074265+00:00,2026-07-05T22:00:24.074149,1,1,165.75,0.5,165.5,100,,,,,,,,,,,,,,,,,,,166.0,100,,,,,,,,,,,,,,,,,,
2026-07-05T22:00:24.123890+00:00,2026-07-05T22:00:24.123810,2,1,165.75,0.5,165.5,100,165.3,150,,,,,,,,,,,,,,,,,166.0,100,,,,,,,,,,,,,,,,,,
2026-07-05T22:00:24.177363+00:00,2026-07-05T22:00:24.177320,2,2,165.65,0.3,165.5,100,165.3,150,,,,,,,,,,,,,,,,,165.8,150,166.0,100,,,,,,,,,,,,,,,,
2026-07-05T22:00:24.989842+00:00,2026-07-05T22:00:24.989757,1,1,165.55,0.5,165.3,150,,,,,,,,,,,,,,,,,,,165.8,150,,,,,,,,,,,,,,,,,,
2026-07-05T22:00:25.046472+00:00,2026-07-05T22:00:25.046356,2,1,165.7,0.2,165.6,100,165.3,150,,,,,,,,,,,,,,,,,165.8,150,,,,,,,,,,,,,,,,,,
2026-07-05T22:00:25.099771+00:00,2026-07-05T22:00:25.099685,2,2,165.7,0.2,165.6,100,165.3,150,,,,,,,,,,,,,,,,,165.8,150,166.1,100,,,,,,,,,,,,,,,,
2026-07-05T22:00:27.148344+00:00,2026-07-05T22:00:27.148263,2,2,165.7,0.2,165.6,50,165.3,150,,,,,,,,,,,,,,,,,165.8,150,166.1,100,,,,,,,,,,,,,,,,
2026-07-05T22:00:27.227077+00:00,2026-07-05T22:00:27.227030,1,1,165.85,0.5,165.6,50,,,,,,,,,,,,,,,,,,,166.1,100,,,,,,,,,,,,,,,,,,
2026-07-05T22:00:27.283381+00:00,2026-07-05T22:00:27.283501,2,1,165.85,0.5,165.6,50,165.2,150,,,,,,,,,,,,,,,,,166.1,100,,,,,,,,,,,,,,,,,,
2026-07-05T22:00:27.338167+00:00,2026-07-05T22:00:27.338095,2,2,165.65,0.1,165.6,50,165.2,150,,,,,,,,,,,,,,,,,165.7,150,166.1,100,,,,,,,,,,,,,,,,
2026-07-05T22:00:28.153240+00:00,2026-07-05T22:00:28.153204,1,1,165.45,0.5,165.2,150,,,,,,,,,,,,,,,,,,,165.7,150,,,,,,,,,,,,,,,,,,
2026-07-05T22:00:28.208252+00:00,2026-07-05T22:00:28.208329,2,1,165.55,0.3,165.4,100,165.2,150,,,,,,,,,,,,,,,,,165.7,150,,,,,,,,,,,,,,,,,,
2026-07-05T22:00:28.258593+00:00,2026-07-05T22:00:28.255879,2,2,165.55,0.3,165.4,100,165.2,150,,,,,,,,,,,,,,,,,165.7,150,165.9,100,,,,,,,,,,,,,,,,
2026-07-05T22:00:28.753367+00:00,2026-07-05T22:00:28.753213,2,2,165.55,0.3,165.4,100,165.2,150,,,,,,,,,,,,,,,,,165.7,102,165.9,100,,,,,,,,,,,,,,,,
2026-07-05T22:00:29.258578+00:00,2026-07-05T22:00:29.255666,2,2,165.55,0.3,165.4,50,165.2,150,,,,,,,,,,,,,,,,,165.7,102,165.9,100,,,,,,,,,,,,,,,,
2026-07-05T22:00:29.841436+00:00,2026-07-05T22:00:29.841301,2,2,165.55,0.3,165.4,50,165.2,150,,,,,,,,,,,,,,,,,165.7,61,165.9,100,,,,,,,,,,,,,,,,
2026-07-05T22:00:30.395540+00:00,2026-07-05T22:00:30.395448,1,1,165.65,0.5,165.4,50,,,,,,,,,,,,,,,,,,,165.9,100,,,,,,,,,,,,,,,,,,
2026-07-05T22:00:30.458709+00:00,2026-07-05T22:00:30.458625,2,1,165.65,0.5,165.4,50,165.3,150,,,,,,,,,,,,,,,,,165.9,100,,,,,,,,,,,,,,,,,,
2026-07-05T22:00:30.501427+00:00,2026-07-05T22:00:30.501390,2,2,165.6,0.4,165.4,50,165.3,150,,,,,,,,,,,,,,,,,165.8,150,165.9,100,,,,,,,,,,,,,,,,
2026-07-05T22:00:31.314683+00:00,2026-07-05T22:00:31.314649,1,1,165.55,0.5,165.3,150,,,,,,,,,,,,,,,,,,,165.8,150,,,,,,,,,,,,,,,,,,
2026-07-05T22:00:31.370390+00:00,2026-07-05T22:00:31.370270,2,1,165.55,0.5,165.3,150,164.9,100,,,,,,,,,,,,,,,,,165.8,150,,,,,,,,,,,,,,,,,,
2026-07-05T22:00:31.423416+00:00,2026-07-05T22:00:31.423303,2,2,165.35,0.1,165.3,150,164.9,100,,,,,,,,,,,,,,,,,165.4,100,165.8,150,,,,,,,,,,,,,,,,
2026-07-05T22:00:31.579797+00:00,2026-07-05T22:00:31.574241,2,2,165.35,0.1,165.3,150,164.9,100,,,,,,,,,,,,,,,,,165.4,88,165.8,150,,,,,,,,,,,,,,,,
2026-07-05T22:00:33.555100+00:00,2026-07-05T22:00:33.555302,1,1,165.15,0.5,164.9,100,,,,,,,,,,,,,,,,,,,165.4,88,,,,,,,,,,,,,,,,,,
2026-07-05T22:00:33.616713+00:00,2026-07-05T22:00:33.616493,2,0,,,165.4,62,164.9,100,,,,,,,,,,,,,,,,,,,,,,,,,,,,,,,,,,,,
2026-07-05T22:00:33.670558+00:00,2026-07-05T22:00:33.670422,2,1,165.65,0.5,165.4,62,164.9,100,,,,,,,,,,,,,,,,,165.9,150,,,,,,,,,,,,,,,,,,
2026-07-05T22:00:34.473011+00:00,2026-07-05T22:00:34.473228,1,1,165.65,0.5,165.4,62,,,,,,,,,,,,,,,,,,,165.9,150,,,,,,,,,,,,,,,,,,
2026-07-05T22:00:34.525781+00:00,2026-07-05T22:00:34.525992,2,1,165.7,0.4,165.5,100,165.4,62,,,,,,,,,,,,,,,,,165.9,150,,,,,,,,,,,,,,,,,,
2026-07-05T22:00:34.579244+00:00,2026-07-05T22:00:34.579106,2,2,165.7,0.4,165.5,100,165.4,62,,,,,,,,,,,,,,,,,165.9,150,166.0,100,,,,,,,,,,,,,,,,
2026-07-05T22:00:35.524474+00:00,2026-07-05T22:00:35.524384,2,2,165.7,0.4,165.5,100,165.4,62,,,,,,,,,,,,,,,,,165.9,100,166.0,100,,,,,,,,,,,,,,,,
2026-07-05T22:00:36.564269+00:00,2026-07-05T22:00:36.564146,2,2,165.7,0.4,165.5,60,165.4,62,,,,,,,,,,,,,,,,,165.9,100,166.0,100,,,,,,,,,,,,,,,,
2026-07-05T22:00:36.722156+00:00,2026-07-05T22:00:36.722367,2,1,165.75,0.5,165.5,60,165.4,62,,,,,,,,,,,,,,,,,166.0,100,,,,,,,,,,,,,,,,,,
2026-07-05T22:00:36.727829+00:00,2026-07-05T22:00:36.727635,1,1,165.75,0.5,165.5,60,,,,,,,,,,,,,,,,,,,166.0,100,,,,,,,,,,,,,,,,,,
2026-07-05T22:00:36.781870+00:00,2026-07-05T22:00:36.781756,2,1,165.8,0.4,165.6,150,165.5,60,,,,,,,,,,,,,,,,,166.0,100,,,,,,,,,,,,,,,,,,
2026-07-05T22:00:36.832819+00:00,2026-07-05T22:00:36.832698,2,2,165.8,0.4,165.6,150,165.5,60,,,,,,,,,,,,,,,,,166.0,100,166.1,150,,,,,,,,,,,,,,,,
2026-07-05T22:00:37.631789+00:00,2026-07-05T22:00:37.631657,2,2,165.8,0.4,165.6,150,165.5,60,,,,,,,,,,,,,,,,,166.0,50,166.1,150,,,,,,,,,,,,,,,,
2026-07-05T22:00:37.636962+00:00,2026-07-05T22:00:37.636861,1,1,165.85,0.5,165.6,150,,,,,,,,,,,,,,,,,,,166.1,150,,,,,,,,,,,,,,,,,,
2026-07-05T22:00:37.688167+00:00,2026-07-05T22:00:37.688261,2,1,165.9,0.4,165.7,100,165.6,150,,,,,,,,,,,,,,,,,166.1,150,,,,,,,,,,,,,,,,,,
2026-07-05T22:00:37.738880+00:00,2026-07-05T22:00:37.738779,2,2,165.9,0.4,165.7,100,165.6,150,,,,,,,,,,,,,,,,,166.1,150,166.2,100,,,,,,,,,,,,,,,,
2026-07-05T22:00:39.738645+00:00,2026-07-05T22:00:39.738560,2,2,165.9,0.4,165.7,100,165.6,150,,,,,,,,,,,,,,,,,166.1,100,166.2,100,,,,,,,,,,,,,,,,
2026-07-05T22:00:39.887255+00:00,2026-07-05T22:00:39.887101,1,1,165.95,0.5,165.7,100,,,,,,,,,,,,,,,,,,,166.2,100,,,,,,,,,,,,,,,,,,
2026-07-05T22:00:39.940060+00:00,2026-07-05T22:00:39.939960,2,1,166.0,0.4,165.8,150,165.7,100,,,,,,,,,,,,,,,,,166.2,100,,,,,,,,,,,,,,,,,,
2026-07-05T22:00:39.993865+00:00,2026-07-05T22:00:39.993717,2,2,166.0,0.4,165.8,150,165.7,100,,,,,,,,,,,,,,,,,166.2,100,166.3,150,,,,,,,,,,,,,,,,
2026-07-05T22:00:40.792254+00:00,2026-07-05T22:00:40.787133,1,1,166.05,0.5,165.8,116,,,,,,,,,,,,,,,,,,,166.3,150,,,,,,,,,,,,,,,,,,
2026-07-05T22:00:40.802982+00:00,2026-07-05T22:00:40.796523,1,1,166.05,0.5,165.8,104,,,,,,,,,,,,,,,,,,,166.3,150,,,,,,,,,,,,,,,,,,
2026-07-05T22:00:40.845742+00:00,2026-07-05T22:00:40.845635,2,1,166.05,0.5,165.8,104,165.2,100,,,,,,,,,,,,,,,,,166.3,150,,,,,,,,,,,,,,,,,,
2026-07-05T22:00:40.899294+00:00,2026-07-05T22:00:40.899177,2,1,166.05,0.5,165.8,4,165.2,100,,,,,,,,,,,,,,,,,166.3,150,,,,,,,,,,,,,,,,,,
2026-07-05T22:00:40.954522+00:00,2026-07-05T22:00:40.954719,1,1,165.75,1.1,165.2,60,,,,,,,,,,,,,,,,,,,166.3,150,,,,,,,,,,,,,,,,,,
2026-07-05T22:00:41.469054+00:00,2026-07-05T22:00:41.468983,1,1,165.75,1.1,165.2,20,,,,,,,,,,,,,,,,,,,166.3,150,,,,,,,,,,,,,,,,,,
2026-07-05T22:00:41.844474+00:00,2026-07-05T22:00:41.844340,1,1,165.75,1.1,165.2,20,,,,,,,,,,,,,,,,,,,166.3,100,,,,,,,,,,,,,,,,,,
2026-07-05T22:00:42.601745+00:00,2026-07-05T22:00:42.601672,1,1,165.75,1.1,165.2,20,,,,,,,,,,,,,,,,,,,166.3,53,,,,,,,,,,,,,,,,,,
2026-07-05T22:00:43.051220+00:00,2026-07-05T22:00:43.051131,1,0,,,165.2,20,,,,,,,,,,,,,,,,,,,,,,,,,,,,,,,,,,,,,,
2026-07-05T22:00:43.105473+00:00,2026-07-05T22:00:43.105639,2,0,,,165.2,20,165.0,150,,,,,,,,,,,,,,,,,,,,,,,,,,,,,,,,,,,,
2026-07-05T22:00:43.152485+00:00,2026-07-05T22:00:43.152744,2,1,165.35,0.3,165.2,20,165.0,150,,,,,,,,,,,,,,,,,165.5,150,,,,,,,,,,,,,,,,,,
2026-07-05T22:00:43.758588+00:00,2026-07-05T22:00:43.756951,2,1,165.35,0.3,165.2,20,165.0,150,,,,,,,,,,,,,,,,,165.5,101,,,,,,,,,,,,,,,,,,
2026-07-05T22:00:43.950928+00:00,2026-07-05T22:00:43.950834,2,1,165.35,0.3,165.2,20,165.0,150,,,,,,,,,,,,,,,,,165.5,51,,,,,,,,,,,,,,,,,,
2026-07-05T22:00:43.958630+00:00,2026-07-05T22:00:43.956006,1,1,165.25,0.5,165.0,150,,,,,,,,,,,,,,,,,,,165.5,51,,,,,,,,,,,,,,,,,,
2026-07-05T22:00:44.009583+00:00,2026-07-05T22:00:44.009473,2,1,165.25,0.5,165.0,150,164.9,100,,,,,,,,,,,,,,,,,165.5,51,,,,,,,,,,,,,,,,,,
2026-07-05T22:00:44.058593+00:00,2026-07-05T22:00:44.057511,2,2,165.2,0.4,165.0,150,164.9,100,,,,,,,,,,,,,,,,,165.4,100,165.5,51,,,,,,,,,,,,,,,,
2026-07-05T22:00:45.271439+00:00,2026-07-05T22:00:45.271400,2,2,165.2,0.4,165.0,108,164.9,100,,,,,,,,,,,,,,,,,165.4,100,165.5,51,,,,,,,,,,,,,,,,
2026-07-05T22:00:46.058686+00:00,2026-07-05T22:00:46.057743,2,2,165.2,0.4,165.0,108,164.9,100,,,,,,,,,,,,,,,,,165.4,50,165.5,51,,,,,,,,,,,,,,,,
2026-07-05T22:00:46.213810+00:00,2026-07-05T22:00:46.213702,1,1,165.15,0.5,164.9,100,,,,,,,,,,,,,,,,,,,165.4,50,,,,,,,,,,,,,,,,,,
2026-07-05T22:00:46.269127+00:00,2026-07-05T22:00:46.269033,2,1,165.25,0.3,165.1,150,164.9,100,,,,,,,,,,,,,,,,,165.4,50,,,,,,,,,,,,,,,,,,
2026-07-05T22:00:46.321819+00:00,2026-07-05T22:00:46.321778,2,2,165.25,0.3,165.1,150,164.9,100,,,,,,,,,,,,,,,,,165.4,50,165.6,150,,,,,,,,,,,,,,,,
2026-07-05T22:00:47.117123+00:00,2026-07-05T22:00:47.116933,1,1,165.35,0.5,165.1,150,,,,,,,,,,,,,,,,,,,165.6,150,,,,,,,,,,,,,,,,,,
2026-07-05T22:00:47.171299+00:00,2026-07-05T22:00:47.171128,2,1,165.4,0.4,165.2,100,165.1,150,,,,,,,,,,,,,,,,,165.6,150,,,,,,,,,,,,,,,,,,
2026-07-05T22:00:47.224169+00:00,2026-07-05T22:00:47.224000,2,2,165.4,0.4,165.2,100,165.1,150,,,,,,,,,,,,,,,,,165.6,150,165.7,100,,,,,,,,,,,,,,,,
2026-07-05T22:00:48.164104+00:00,2026-07-05T22:00:48.164016,2,2,165.4,0.4,165.2,100,165.1,150,,,,,,,,,,,,,,,,,165.6,100,165.7,100,,,,,,,,,,,,,,,,
2026-07-05T22:00:49.251645+00:00,2026-07-05T22:00:49.251563,2,2,165.4,0.4,165.2,100,165.1,150,,,,,,,,,,,,,,,,,165.6,60,165.7,100,,,,,,,,,,,,,,,,
2026-07-05T22:00:49.309363+00:00,2026-07-05T22:00:49.309283,2,2,165.4,0.4,165.2,53,165.1,150,,,,,,,,,,,,,,,,,165.6,60,165.7,100,,,,,,,,,,,,,,,,
2026-07-05T22:00:49.371063+00:00,2026-07-05T22:00:49.371016,2,1,165.45,0.5,165.2,53,165.1,150,,,,,,,,,,,,,,,,,165.7,100,,,,,,,,,,,,,,,,,,
2026-07-05T22:00:49.376310+00:00,2026-07-05T22:00:49.376208,1,1,165.45,0.5,165.2,53,,,,,,,,,,,,,,,,,,,165.7,100,,,,,,,,,,,,,,,,,,
2026-07-05T22:00:49.427901+00:00,2026-07-05T22:00:49.428103,2,1,165.45,0.5,165.2,53,165.0,150,,,,,,,,,,,,,,,,,165.7,100,,,,,,,,,,,,,,,,,,
2026-07-05T22:00:49.484086+00:00,2026-07-05T22:00:49.483972,2,2,165.35,0.3,165.2,53,165.0,150,,,,,,,,,,,,,,,,,165.5,150,165.7,100,,,,,,,,,,,,,,,,
2026-07-05T22:00:50.270481+00:00,2026-07-05T22:00:50.270421,2,2,165.35,0.3,165.2,53,165.0,150,,,,,,,,,,,,,,,,,165.5,100,165.7,100,,,,,,,,,,,,,,,,
2026-07-05T22:00:50.275705+00:00,2026-07-05T22:00:50.275637,1,1,165.25,0.5,165.0,150,,,,,,,,,,,,,,,,,,,165.5,100,,,,,,,,,,,,,,,,,,
2026-07-05T22:00:50.330899+00:00,2026-07-05T22:00:50.330997,2,1,165.25,0.5,165.0,150,164.9,100,,,,,,,,,,,,,,,,,165.5,100,,,,,,,,,,,,,,,,,,
2026-07-05T22:00:50.383798+00:00,2026-07-05T22:00:50.383909,2,2,165.2,0.4,165.0,150,164.9,100,,,,,,,,,,,,,,,,,165.4,100,165.5,100,,,,,,,,,,,,,,,,
2026-07-05T22:00:51.787407+00:00,2026-07-05T22:00:51.779903,2,2,165.2,0.4,165.0,150,164.9,100,,,,,,,,,,,,,,,,,165.4,88,165.5,100,,,,,,,,,,,,,,,,
2026-07-05T22:00:52.375394+00:00,2026-07-05T22:00:52.375571,2,2,165.2,0.4,165.0,150,164.9,100,,,,,,,,,,,,,,,,,165.4,38,165.5,100,,,,,,,,,,,,,,,,
2026-07-05T22:00:52.542132+00:00,2026-07-05T22:00:52.542041,1,1,165.15,0.5,164.9,100,,,,,,,,,,,,,,,,,,,165.4,38,,,,,,,,,,,,,,,,,,
2026-07-05T22:00:52.597034+00:00,2026-07-05T22:00:52.596945,2,0,,,165.7,112,164.9,100,,,,,,,,,,,,,,,,,,,,,,,,,,,,,,,,,,,,
2026-07-05T22:00:52.662217+00:00,2026-07-05T22:00:52.655206,2,1,165.95,0.5,165.7,89,164.9,100,,,,,,,,,,,,,,,,,166.2,150,,,,,,,,,,,,,,,,,,
2026-07-05T22:00:53.438168+00:00,2026-07-05T22:00:53.438105,1,1,165.95,0.5,165.7,89,,,,,,,,,,,,,,,,,,,166.2,150,,,,,,,,,,,,,,,,,,
2026-07-05T22:00:53.500645+00:00,2026-07-05T22:00:53.500603,2,1,165.95,0.5,165.7,89,165.4,100,,,,,,,,,,,,,,,,,166.2,150,,,,,,,,,,,,,,,,,,
2026-07-05T22:00:53.558622+00:00,2026-07-05T22:00:53.552649,2,2,165.8,0.2,165.7,89,165.4,100,,,,,,,,,,,,,,,,,165.9,100,166.2,150,,,,,,,,,,,,,,,,
2026-07-05T22:00:53.743099+00:00,2026-07-05T22:00:53.743053,2,2,165.8,0.2,165.7,49,165.4,100,,,,,,,,,,,,,,,,,165.9,100,166.2,150,,,,,,,,,,,,,,,,
2026-07-05T22:00:54.109494+00:00,2026-07-05T22:00:54.104029,2,2,165.8,0.2,165.7,37,165.4,100,,,,,,,,,,,,,,,,,165.9,100,166.2,150,,,,,,,,,,,,,,,,
2026-07-05T22:00:54.318679+00:00,2026-07-05T22:00:54.318505,2,2,165.8,0.2,165.7,37,165.4,100,,,,,,,,,,,,,,,,,165.9,58,166.2,150,,,,,,,,,,,,,,,,
2026-07-05T22:00:54.484742+00:00,2026-07-05T22:00:54.484617,2,2,165.8,0.2,165.7,37,165.4,100,,,,,,,,,,,,,,,,,165.9,8,166.2,150,,,,,,,,,,,,,,,,
2026-07-05T22:00:55.702139+00:00,2026-07-05T22:00:55.702084,1,1,165.65,0.5,165.4,100,,,,,,,,,,,,,,,,,,,165.9,8,,,,,,,,,,,,,,,,,,
2026-07-05T22:00:55.758569+00:00,2026-07-05T22:00:55.754751,2,1,165.65,0.5,165.4,100,165.2,150,,,,,,,,,,,,,,,,,165.9,8,,,,,,,,,,,,,,,,,,
2026-07-05T22:00:55.809654+00:00,2026-07-05T22:00:55.809608,2,2,165.55,0.3,165.4,100,165.2,150,,,,,,,,,,,,,,,,,165.7,150,165.9,8,,,,,,,,,,,,,,,,
2026-07-05T22:00:56.591827+00:00,2026-07-05T22:00:56.592003,2,2,165.55,0.3,165.4,100,165.2,150,,,,,,,,,,,,,,,,,165.7,100,165.9,8,,,,,,,,,,,,,,,,
2026-07-05T22:00:56.607857+00:00,2026-07-05T22:00:56.607789,1,1,165.45,0.5,165.2,150,,,,,,,,,,,,,,,,,,,165.7,100,,,,,,,,,,,,,,,,,,
2026-07-05T22:00:56.665537+00:00,2026-07-05T22:00:56.665418,2,1,165.65,0.1,165.6,100,165.2,150,,,,,,,,,,,,,,,,,165.7,100,,,,,,,,,,,,,,,,,,
2026-07-05T22:00:56.718771+00:00,2026-07-05T22:00:56.718705,2,2,165.65,0.1,165.6,100,165.2,150,,,,,,,,,,,,,,,,,165.7,100,166.1,100,,,,,,,,,,,,,,,,
2026-07-05T22:00:57.745691+00:00,2026-07-05T22:00:57.745586,2,2,165.65,0.1,165.6,54,165.2,150,,,,,,,,,,,,,,,,,165.7,100,166.1,100,,,,,,,,,,,,,,,,
2026-07-05T22:00:58.351868+00:00,2026-07-05T22:00:58.351736,2,2,165.65,0.1,165.6,54,165.2,150,,,,,,,,,,,,,,,,,165.7,55,166.1,100,,,,,,,,,,,,,,,,
2026-07-05T22:00:58.751042+00:00,2026-07-05T22:00:58.750914,2,2,165.65,0.1,165.6,4,165.2,150,,,,,,,,,,,,,,,,,165.7,55,166.1,100,,,,,,,,,,,,,,,,
2026-07-05T22:00:58.863920+00:00,2026-07-05T22:00:58.863801,1,1,165.85,0.5,165.6,4,,,,,,,,,,,,,,,,,,,166.1,100,,,,,,,,,,,,,,,,,,
2026-07-05T22:00:58.929302+00:00,2026-07-05T22:00:58.929263,2,1,165.85,0.5,165.6,4,165.4,150,,,,,,,,,,,,,,,,,166.1,100,,,,,,,,,,,,,,,,,,
2026-07-05T22:00:59.020600+00:00,2026-07-05T22:00:59.020707,2,2,165.75,0.3,165.6,4,165.4,150,,,,,,,,,,,,,,,,,165.9,150,166.1,100,,,,,,,,,,,,,,,,
2026-07-05T22:00:59.070638+00:00,2026-07-05T22:00:59.064291,1,2,165.65,0.5,165.4,150,,,,,,,,,,,,,,,,,,,165.9,150,166.1,100,,,,,,,,,,,,,,,,
2026-07-05T22:00:59.769227+00:00,2026-07-05T22:00:59.769129,1,1,165.65,0.5,165.4,150,,,,,,,,,,,,,,,,,,,165.9,150,,,,,,,,,,,,,,,,,,
2026-07-05T22:00:59.821199+00:00,2026-07-05T22:00:59.821095,2,1,165.65,0.5,165.4,150,165.3,100,,,,,,,,,,,,,,,,,165.9,150,,,,,,,,,,,,,,,,,,
2026-07-05T22:00:59.876016+00:00,2026-07-05T22:00:59.875919,2,2,165.6,0.4,165.4,150,165.3,100,,,,,,,,,,,,,,,,,165.8,100,165.9,150,,,,,,,,,,,,,,,,
2026-07-05T22:01:00.807099+00:00,2026-07-05T22:01:00.807040,2,2,165.6,0.4,165.4,150,165.3,100,,,,,,,,,,,,,,,,,165.8,50,165.9,150,,,,,,,,,,,,,,,,
2026-07-05T22:01:02.077087+00:00,2026-07-05T22:01:02.077001,1,1,165.55,0.5,165.3,100,,,,,,,,,,,,,,,,,,,165.8,50,,,,,,,,,,,,,,,,,,
2026-07-05T22:01:02.131144+00:00,2026-07-05T22:01:02.131232,2,1,165.55,0.5,165.3,100,165.2,150,,,,,,,,,,,,,,,,,165.8,50,,,,,,,,,,,,,,,,,,
2026-07-05T22:01:02.184170+00:00,2026-07-05T22:01:02.184051,2,2,165.5,0.4,165.3,100,165.2,150,,,,,,,,,,,,,,,,,165.7,150,165.8,50,,,,,,,,,,,,,,,,
2026-07-05T22:01:02.924841+00:00,2026-07-05T22:01:02.924791,2,2,165.5,0.4,165.3,100,165.2,150,,,,,,,,,,,,,,,,,165.7,100,165.8,50,,,,,,,,,,,,,,,,
2026-07-05T22:01:02.930097+00:00,2026-07-05T22:01:02.930005,1,1,165.45,0.5,165.2,150,,,,,,,,,,,,,,,,,,,165.7,100,,,,,,,,,,,,,,,,,,
2026-07-05T22:01:02.987169+00:00,2026-07-05T22:01:02.987126,2,1,165.45,0.5,165.2,150,165.1,100,,,,,,,,,,,,,,,,,165.7,100,,,,,,,,,,,,,,,,,,
2026-07-05T22:01:03.037859+00:00,2026-07-05T22:01:03.037741,2,2,165.4,0.4,165.2,150,165.1,100,,,,,,,,,,,,,,,,,165.6,100,165.7,100,,,,,,,,,,,,,,,,
2026-07-05T22:01:03.628907+00:00,2026-07-05T22:01:03.628761,2,2,165.4,0.4,165.2,105,165.1,100,,,,,,,,,,,,,,,,,165.6,100,165.7,100,,,,,,,,,,,,,,,,
2026-07-05T22:01:05.035120+00:00,2026-07-05T22:01:05.035028,2,2,165.4,0.4,165.2,105,165.1,100,,,,,,,,,,,,,,,,,165.6,50,165.7,100,,,,,,,,,,,,,,,,
2026-07-05T22:01:05.237756+00:00,2026-07-05T22:01:05.237728,1,1,165.35,0.5,165.1,100,,,,,,,,,,,,,,,,,,,165.6,50,,,,,,,,,,,,,,,,,,
2026-07-05T22:01:05.293232+00:00,2026-07-05T22:01:05.293136,1,1,165.35,0.5,165.1,250,,,,,,,,,,,,,,,,,,,165.6,50,,,,,,,,,,,,,,,,,,
2026-07-05T22:01:05.346239+00:00,2026-07-05T22:01:05.346327,1,1,165.35,0.5,165.1,250,,,,,,,,,,,,,,,,,,,165.6,200,,,,,,,,,,,,,,,,,,
2026-07-05T22:01:06.093670+00:00,2026-07-05T22:01:06.093523,1,1,165.35,0.5,165.1,150,,,,,,,,,,,,,,,,,,,165.6,150,,,,,,,,,,,,,,,,,,
2026-07-05T22:01:06.158647+00:00,2026-07-05T22:01:06.147147,2,1,165.4,0.4,165.2,100,165.1,150,,,,,,,,,,,,,,,,,165.6,150,,,,,,,,,,,,,,,,,,
2026-07-05T22:01:06.213970+00:00,2026-07-05T22:01:06.213943,2,2,165.4,0.4,165.2,100,165.1,150,,,,,,,,,,,,,,,,,165.6,150,165.7,100,,,,,,,,,,,,,,,,
2026-07-05T22:01:07.139928+00:00,2026-07-05T22:01:07.139892,2,2,165.4,0.4,165.2,100,165.1,150,,,,,,,,,,,,,,,,,165.6,100,165.7,100,,,,,,,,,,,,,,,,
2026-07-05T22:01:08.400828+00:00,2026-07-05T22:01:08.400777,1,1,165.45,0.5,165.2,100,,,,,,,,,,,,,,,,,,,165.7,100,,,,,,,,,,,,,,,,,,
2026-07-05T22:01:08.458642+00:00,2026-07-05T22:01:08.449816,2,1,165.6,0.2,165.5,150,165.2,100,,,,,,,,,,,,,,,,,165.7,100,,,,,,,,,,,,,,,,,,
2026-07-05T22:01:08.508986+00:00,2026-07-05T22:01:08.508862,2,2,165.6,0.2,165.5,150,165.2,100,,,,,,,,,,,,,,,,,165.7,100,166.0,150,,,,,,,,,,,,,,,,
2026-07-05T22:01:08.744285+00:00,2026-07-05T22:01:08.737451,2,2,165.6,0.2,165.5,143,165.2,100,,,,,,,,,,,,,,,,,165.7,100,166.0,150,,,,,,,,,,,,,,,,
2026-07-05T22:01:09.244734+00:00,2026-07-05T22:01:09.244675,2,2,165.6,0.2,165.5,143,165.2,100,,,,,,,,,,,,,,,,,165.7,50,166.0,150,,,,,,,,,,,,,,,,
2026-07-05T22:01:09.269284+00:00,2026-07-05T22:01:09.269249,1,1,165.75,0.5,165.5,143,,,,,,,,,,,,,,,,,,,166.0,150,,,,,,,,,,,,,,,,,,
2026-07-05T22:01:09.322985+00:00,2026-07-05T22:01:09.322940,1,1,165.75,0.5,165.5,243,,,,,,,,,,,,,,,,,,,166.0,150,,,,,,,,,,,,,,,,,,
2026-07-05T22:01:09.375933+00:00,2026-07-05T22:01:09.375842,1,1,165.75,0.5,165.5,243,,,,,,,,,,,,,,,,,,,166.0,250,,,,,,,,,,,,,,,,,,
2026-07-05T22:01:11.168348+00:00,2026-07-05T22:01:11.162499,1,1,165.75,0.5,165.5,240,,,,,,,,,,,,,,,,,,,166.0,250,,,,,,,,,,,,,,,,,,
2026-07-05T22:01:11.364202+00:00,2026-07-05T22:01:11.363979,1,1,165.75,0.5,165.5,240,,,,,,,,,,,,,,,,,,,166.0,200,,,,,,,,,,,,,,,,,,
2026-07-05T22:01:11.558625+00:00,2026-07-05T22:01:11.555143,1,1,165.75,0.5,165.5,100,,,,,,,,,,,,,,,,,,,166.0,100,,,,,,,,,,,,,,,,,,
2026-07-05T22:01:11.663760+00:00,2026-07-05T22:01:11.664046,1,1,165.75,0.5,165.5,250,,,,,,,,,,,,,,,,,,,166.0,100,,,,,,,,,,,,,,,,,,
2026-07-05T22:01:11.758643+00:00,2026-07-05T22:01:11.670266,1,1,165.75,0.5,165.5,250,,,,,,,,,,,,,,,,,,,166.0,250,,,,,,,,,,,,,,,,,,
2026-07-05T22:01:12.284363+00:00,2026-07-05T22:01:12.284189,1,1,165.75,0.5,165.5,206,,,,,,,,,,,,,,,,,,,166.0,250,,,,,,,,,,,,,,,,,,
2026-07-05T22:01:12.427429+00:00,2026-07-05T22:01:12.427380,1,1,165.75,0.5,165.5,150,,,,,,,,,,,,,,,,,,,166.0,150,,,,,,,,,,,,,,,,,,
2026-07-05T22:01:12.480101+00:00,2026-07-05T22:01:12.480049,2,1,165.75,0.5,165.5,150,165.2,100,,,,,,,,,,,,,,,,,166.0,150,,,,,,,,,,,,,,,,,,
2026-07-05T22:01:12.534777+00:00,2026-07-05T22:01:12.534730,2,2,165.6,0.2,165.5,150,165.2,100,,,,,,,,,,,,,,,,,165.7,100,166.0,150,,,,,,,,,,,,,,,,
2026-07-05T22:01:13.412816+00:00,2026-07-05T22:01:13.412739,2,2,165.6,0.2,165.5,150,165.2,100,,,,,,,,,,,,,,,,,165.7,52,166.0,150,,,,,,,,,,,,,,,,
2026-07-05T22:01:13.530118+00:00,2026-07-05T22:01:13.530058,2,2,165.6,0.2,165.5,100,165.2,100,,,,,,,,,,,,,,,,,165.7,52,166.0,150,,,,,,,,,,,,,,,,
2026-07-05T22:01:13.909635+00:00,2026-07-05T22:01:13.909549,2,2,165.6,0.2,165.5,56,165.2,100,,,,,,,,,,,,,,,,,165.7,52,166.0,150,,,,,,,,,,,,,,,,
2026-07-05T22:01:14.481301+00:00,2026-07-05T22:01:14.481240,2,2,165.6,0.2,165.5,56,165.2,100,,,,,,,,,,,,,,,,,165.7,6,166.0,150,,,,,,,,,,,,,,,,
2026-07-05T22:01:14.724084+00:00,2026-07-05T22:01:14.724249,1,1,165.45,0.5,165.2,100,,,,,,,,,,,,,,,,,,,165.7,6,,,,,,,,,,,,,,,,,,
2026-07-05T22:01:14.777553+00:00,2026-07-05T22:01:14.777702,2,1,165.45,0.5,165.2,100,165.1,150,,,,,,,,,,,,,,,,,165.7,6,,,,,,,,,,,,,,,,,,
2026-07-05T22:01:14.832435+00:00,2026-07-05T22:01:14.832575,2,2,165.4,0.4,165.2,100,165.1,150,,,,,,,,,,,,,,,,,165.6,150,165.7,6,,,,,,,,,,,,,,,,
2026-07-05T22:01:15.589911+00:00,2026-07-05T22:01:15.589859,1,1,165.35,0.5,165.1,150,,,,,,,,,,,,,,,,,,,165.6,150,,,,,,,,,,,,,,,,,,
2026-07-05T22:01:15.644665+00:00,2026-07-05T22:01:15.644521,2,1,165.5,0.2,165.4,100,165.1,150,,,,,,,,,,,,,,,,,165.6,150,,,,,,,,,,,,,,,,,,
2026-07-05T22:01:15.697907+00:00,2026-07-05T22:01:15.698041,2,2,165.5,0.2,165.4,100,165.1,150,,,,,,,,,,,,,,,,,165.6,150,165.9,100,,,,,,,,,,,,,,,,
2026-07-05T22:01:17.235161+00:00,2026-07-05T22:01:17.235061,2,2,165.5,0.2,165.4,54,165.1,150,,,,,,,,,,,,,,,,,165.6,150,165.9,100,,,,,,,,,,,,,,,,
2026-07-05T22:01:17.740082+00:00,2026-07-05T22:01:17.740200,2,2,165.5,0.2,165.4,4,165.1,150,,,,,,,,,,,,,,,,,165.6,150,165.9,100,,,,,,,,,,,,,,,,
2026-07-05T22:01:17.881726+00:00,2026-07-05T22:01:17.881694,2,1,165.65,0.5,165.4,4,165.1,150,,,,,,,,,,,,,,,,,165.9,100,,,,,,,,,,,,,,,,,,
2026-07-05T22:01:17.887004+00:00,2026-07-05T22:01:17.886877,1,1,165.65,0.5,165.4,4,,,,,,,,,,,,,,,,,,,165.9,100,,,,,,,,,,,,,,,,,,
2026-07-05T22:01:17.936655+00:00,2026-07-05T22:01:17.936542,2,1,165.65,0.5,165.4,4,164.9,150,,,,,,,,,,,,,,,,,165.9,100,,,,,,,,,,,,,,,,,,
2026-07-05T22:01:17.992018+00:00,2026-07-05T22:01:17.991954,1,2,165.15,0.5,164.9,150,,,,,,,,,,,,,,,,,,,165.4,146,165.9,100,,,,,,,,,,,,,,,,
2026-07-05T22:01:18.752702+00:00,2026-07-05T22:01:18.752640,1,1,165.15,0.5,164.9,150,,,,,,,,,,,,,,,,,,,165.4,146,,,,,,,,,,,,,,,,,,
2026-07-05T22:01:18.805726+00:00,2026-07-05T22:01:18.805695,2,1,165.2,0.4,165.0,100,164.9,150,,,,,,,,,,,,,,,,,165.4,146,,,,,,,,,,,,,,,,,,
2026-07-05T22:01:18.858379+00:00,2026-07-05T22:01:18.858504,2,2,165.2,0.4,165.0,100,164.9,150,,,,,,,,,,,,,,,,,165.4,146,165.5,100,,,,,,,,,,,,,,,,
2026-07-05T22:01:19.798773+00:00,2026-07-05T22:01:19.798633,2,2,165.2,0.4,165.0,100,164.9,150,,,,,,,,,,,,,,,,,165.4,96,165.5,100,,,,,,,,,,,,,,,,
2026-07-05T22:01:21.048333+00:00,2026-07-05T22:01:21.048173,1,1,165.25,0.5,165.0,100,,,,,,,,,,,,,,,,,,,165.5,100,,,,,,,,,,,,,,,,,,
2026-07-05T22:01:21.103211+00:00,2026-07-05T22:01:21.103361,2,1,165.3,0.4,165.1,150,165.0,100,,,,,,,,,,,,,,,,,165.5,100,,,,,,,,,,,,,,,,,,
2026-07-05T22:01:21.158721+00:00,2026-07-05T22:01:21.151955,2,2,165.3,0.4,165.1,150,165.0,100,,,,,,,,,,,,,,,,,165.5,100,165.6,150,,,,,,,,,,,,,,,,
2026-07-05T22:01:21.698936+00:00,2026-07-05T22:01:21.698893,2,2,165.3,0.4,165.1,150,165.0,100,,,,,,,,,,,,,,,,,165.5,56,165.6,150,,,,,,,,,,,,,,,,
2026-07-05T22:01:21.907370+00:00,2026-07-05T22:01:21.907339,2,2,165.3,0.4,165.1,150,165.0,100,,,,,,,,,,,,,,,,,165.5,6,165.6,150,,,,,,,,,,,,,,,,
2026-07-05T22:01:21.912640+00:00,2026-07-05T22:01:21.912564,1,1,165.35,0.5,165.1,150,,,,,,,,,,,,,,,,,,,165.6,150,,,,,,,,,,,,,,,,,,
2026-07-05T22:01:21.964153+00:00,2026-07-05T22:01:21.964042,2,1,165.4,0.4,165.2,100,165.1,150,,,,,,,,,,,,,,,,,165.6,150,,,,,,,,,,,,,,,,,,
2026-07-05T22:01:22.018803+00:00,2026-07-05T22:01:22.018700,2,2,165.4,0.4,165.2,100,165.1,150,,,,,,,,,,,,,,,,,165.6,150,165.7,100,,,,,,,,,,,,,,,,
2026-07-05T22:01:24.210640+00:00,2026-07-05T22:01:24.210594,1,1,165.45,0.5,165.2,100,,,,,,,,,,,,,,,,,,,165.7,100,,,,,,,,,,,,,,,,,,
2026-07-05T22:01:24.265309+00:00,2026-07-05T22:01:24.265206,2,1,165.45,0.5,165.2,100,165.1,150,,,,,,,,,,,,,,,,,165.7,100,,,,,,,,,,,,,,,,,,
2026-07-05T22:01:24.318740+00:00,2026-07-05T22:01:24.318607,2,2,165.4,0.4,165.2,100,165.1,150,,,,,,,,,,,,,,,,,165.6,150,165.7,100,,,,,,,,,,,,,,,,
2026-07-05T22:01:24.528429+00:00,2026-07-05T22:01:24.528317,2,2,165.4,0.4,165.2,60,165.1,150,,,,,,,,,,,,,,,,,165.6,150,165.7,100,,,,,,,,,,,,,,,,
2026-07-05T22:01:25.074586+00:00,2026-07-05T22:01:25.074477,1,1,165.35,0.5,165.1,150,,,,,,,,,,,,,,,,,,,165.6,150,,,,,,,,,,,,,,,,,,
2026-07-05T22:01:25.129176+00:00,2026-07-05T22:01:25.129049,2,1,165.4,0.4,165.2,100,165.1,150,,,,,,,,,,,,,,,,,165.6,150,,,,,,,,,,,,,,,,,,
2026-07-05T22:01:25.181260+00:00,2026-07-05T22:01:25.181382,2,2,165.4,0.4,165.2,100,165.1,150,,,,,,,,,,,,,,,,,165.6,150,165.7,100,,,,,,,,,,,,,,,,
2026-07-05T22:01:25.731170+00:00,2026-07-05T22:01:25.731093,2,2,165.4,0.4,165.2,51,165.1,150,,,,,,,,,,,,,,,,,165.6,150,165.7,100,,,,,,,,,,,,,,,,
2026-07-05T22:01:27.372894+00:00,2026-07-05T22:01:27.372823,1,1,165.45,0.5,165.2,51,,,,,,,,,,,,,,,,,,,165.7,100,,,,,,,,,,,,,,,,,,
2026-07-05T22:01:27.422577+00:00,2026-07-05T22:01:27.422670,2,1,165.55,0.3,165.4,150,165.2,51,,,,,,,,,,,,,,,,,165.7,100,,,,,,,,,,,,,,,,,,
2026-07-05T22:01:27.473736+00:00,2026-07-05T22:01:27.473690,2,2,165.55,0.3,165.4,150,165.2,51,,,,,,,,,,,,,,,,,165.7,100,165.9,150,,,,,,,,,,,,,,,,
2026-07-05T22:01:28.234929+00:00,2026-07-05T22:01:28.234885,1,1,165.65,0.5,165.4,150,,,,,,,,,,,,,,,,,,,165.9,150,,,,,,,,,,,,,,,,,,
2026-07-05T22:01:28.289850+00:00,2026-07-05T22:01:28.289682,2,1,165.65,0.5,165.4,150,165.0,100,,,,,,,,,,,,,,,,,165.9,150,,,,,,,,,,,,,,,,,,
2026-07-05T22:01:28.342583+00:00,2026-07-05T22:01:28.342501,2,2,165.45,0.1,165.4,150,165.0,100,,,,,,,,,,,,,,,,,165.5,100,165.9,150,,,,,,,,,,,,,,,,
2026-07-05T22:01:30.338205+00:00,2026-07-05T22:01:30.338140,2,2,165.45,0.1,165.4,150,165.0,100,,,,,,,,,,,,,,,,,165.5,50,165.9,150,,,,,,,,,,,,,,,,
2026-07-05T22:01:30.528439+00:00,2026-07-05T22:01:30.528358,1,1,165.25,0.5,165.0,100,,,,,,,,,,,,,,,,,,,165.5,50,,,,,,,,,,,,,,,,,,
2026-07-05T22:01:30.580437+00:00,2026-07-05T22:01:30.580356,2,1,165.45,0.1,165.4,150,165.0,100,,,,,,,,,,,,,,,,,165.5,50,,,,,,,,,,,,,,,,,,
2026-07-05T22:01:30.638172+00:00,2026-07-05T22:01:30.638132,2,2,165.45,0.1,165.4,150,165.0,100,,,,,,,,,,,,,,,,,165.5,50,165.9,150,,,,,,,,,,,,,,,,
2026-07-05T22:01:31.391561+00:00,2026-07-05T22:01:31.391441,1,1,165.65,0.5,165.4,150,,,,,,,,,,,,,,,,,,,165.9,150,,,,,,,,,,,,,,,,,,
2026-07-05T22:01:31.450300+00:00,2026-07-05T22:01:31.450382,1,1,165.65,0.5,165.4,250,,,,,,,,,,,,,,,,,,,165.9,150,,,,,,,,,,,,,,,,,,
2026-07-05T22:01:31.503555+00:00,2026-07-05T22:01:31.503408,1,1,165.65,0.5,165.4,250,,,,,,,,,,,,,,,,,,,165.9,250,,,,,,,,,,,,,,,,,,
2026-07-05T22:01:32.444997+00:00,2026-07-05T22:01:32.445114,1,1,165.65,0.5,165.4,250,,,,,,,,,,,,,,,,,,,165.9,200,,,,,,,,,,,,,,,,,,
2026-07-05T22:01:32.845970+00:00,2026-07-05T22:01:32.845793,1,1,165.65,0.5,165.4,250,,,,,,,,,,,,,,,,,,,165.9,159,,,,,,,,,,,,,,,,,,
2026-07-05T22:01:33.692599+00:00,2026-07-05T22:01:33.692546,1,1,165.65,0.5,165.4,100,,,,,,,,,,,,,,,,,,,165.9,100,,,,,,,,,,,,,,,,,,
2026-07-05T22:01:33.747466+00:00,2026-07-05T22:01:33.747301,2,1,165.8,0.2,165.7,150,165.4,100,,,,,,,,,,,,,,,,,165.9,100,,,,,,,,,,,,,,,,,,
2026-07-05T22:01:33.800835+00:00,2026-07-05T22:01:33.800715,2,2,165.8,0.2,165.7,150,165.4,100,,,,,,,,,,,,,,,,,165.9,100,166.2,150,,,,,,,,,,,,,,,,
2026-07-05T22:01:34.521526+00:00,2026-07-05T22:01:34.515866,2,2,165.8,0.2,165.7,147,165.4,100,,,,,,,,,,,,,,,,,165.9,100,166.2,150,,,,,,,,,,,,,,,,
2026-07-05T22:01:34.553376+00:00,2026-07-05T22:01:34.553595,2,1,165.95,0.5,165.7,147,165.4,100,,,,,,,,,,,,,,,,,166.2,150,,,,,,,,,,,,,,,,,,
2026-07-05T22:01:34.558898+00:00,2026-07-05T22:01:34.558780,1,1,165.95,0.5,165.7,147,,,,,,,,,,,,,,,,,,,166.2,150,,,,,,,,,,,,,,,,,,
2026-07-05T22:01:34.608536+00:00,2026-07-05T22:01:34.608426,2,1,165.95,0.5,165.7,147,165.4,100,,,,,,,,,,,,,,,,,166.2,150,,,,,,,,,,,,,,,,,,
2026-07-05T22:01:34.682189+00:00,2026-07-05T22:01:34.682096,2,2,165.8,0.2,165.7,147,165.4,100,,,,,,,,,,,,,,,,,165.9,100,166.2,150,,,,,,,,,,,,,,,,
2026-07-05T22:01:35.190390+00:00,2026-07-05T22:01:35.190624,2,2,165.8,0.2,165.7,102,165.4,100,,,,,,,,,,,,,,,,,165.9,100,166.2,150,,,,,,,,,,,,,,,,
2026-07-05T22:01:35.701185+00:00,2026-07-05T22:01:35.701081,2,2,165.8,0.2,165.7,102,165.4,100,,,,,,,,,,,,,,,,,165.9,60,166.2,150,,,,,,,,,,,,,,,,
2026-07-05T22:01:36.719679+00:00,2026-07-05T22:01:36.719581,2,2,165.8,0.2,165.7,52,165.4,100,,,,,,,,,,,,,,,,,165.9,60,166.2,150,,,,,,,,,,,,,,,,
2026-07-05T22:01:36.858652+00:00,2026-07-05T22:01:36.854593,1,1,165.65,0.5,165.4,100,,,,,,,,,,,,,,,,,,,165.9,60,,,,,,,,,,,,,,,,,,
2026-07-05T22:01:36.889343+00:00,2026-07-05T22:01:36.889208,1,1,165.65,0.5,165.4,100,,,,,,,,,,,,,,,,,,,165.9,15,,,,,,,,,,,,,,,,,,
2026-07-05T22:01:36.910055+00:00,2026-07-05T22:01:36.909978,2,1,165.65,0.5,165.4,100,165.3,150,,,,,,,,,,,,,,,,,165.9,15,,,,,,,,,,,,,,,,,,
2026-07-05T22:01:36.957337+00:00,2026-07-05T22:01:36.957490,2,2,165.6,0.4,165.4,100,165.3,150,,,,,,,,,,,,,,,,,165.8,150,165.9,15,,,,,,,,,,,,,,,,
2026-07-05T22:01:37.739753+00:00,2026-07-05T22:01:37.739686,1,1,165.55,0.5,165.3,150,,,,,,,,,,,,,,,,,,,165.8,150,,,,,,,,,,,,,,,,,,
2026-07-05T22:01:37.789919+00:00,2026-07-05T22:01:37.790002,2,1,165.7,0.2,165.6,100,165.3,150,,,,,,,,,,,,,,,,,165.8,150,,,,,,,,,,,,,,,,,,
2026-07-05T22:01:37.846071+00:00,2026-07-05T22:01:37.846023,2,2,165.7,0.2,165.6,100,165.3,150,,,,,,,,,,,,,,,,,165.8,150,166.1,100,,,,,,,,,,,,,,,,
2026-07-05T22:01:38.449800+00:00,2026-07-05T22:01:38.443974,2,2,165.7,0.2,165.6,89,165.3,150,,,,,,,,,,,,,,,,,165.8,150,166.1,100,,,,,,,,,,,,,,,,
2026-07-05T22:01:38.827068+00:00,2026-07-05T22:01:38.826957,2,2,165.7,0.2,165.6,39,165.3,150,,,,,,,,,,,,,,,,,165.8,150,166.1,100,,,,,,,,,,,,,,,,
2026-07-05T22:01:40.016568+00:00,2026-07-05T22:01:40.016473,1,1,165.85,0.5,165.6,39,,,,,,,,,,,,,,,,,,,166.1,100,,,,,,,,,,,,,,,,,,
2026-07-05T22:01:40.070487+00:00,2026-07-05T22:01:40.070235,2,1,165.85,0.5,165.6,39,165.2,150,,,,,,,,,,,,,,,,,166.1,100,,,,,,,,,,,,,,,,,,
2026-07-05T22:01:40.130060+00:00,2026-07-05T22:01:40.130175,2,2,165.65,0.1,165.6,39,165.2,150,,,,,,,,,,,,,,,,,165.7,150,166.1,100,,,,,,,,,,,,,,,,
2026-07-05T22:01:40.899524+00:00,2026-07-05T22:01:40.899425,1,1,165.45,0.5,165.2,150,,,,,,,,,,,,,,,,,,,165.7,150,,,,,,,,,,,,,,,,,,
2026-07-05T22:01:40.934894+00:00,2026-07-05T22:01:40.934781,1,1,165.45,0.5,165.2,100,,,,,,,,,,,,,,,,,,,165.7,150,,,,,,,,,,,,,,,,,,
2026-07-05T22:01:40.952826+00:00,2026-07-05T22:01:40.952774,2,1,165.55,0.3,165.4,100,165.2,100,,,,,,,,,,,,,,,,,165.7,150,,,,,,,,,,,,,,,,,,
2026-07-05T22:01:41.004763+00:00,2026-07-05T22:01:41.004934,2,2,165.55,0.3,165.4,100,165.2,100,,,,,,,,,,,,,,,,,165.7,150,165.9,100,,,,,,,,,,,,,,,,
2026-07-05T22:01:43.040209+00:00,2026-07-05T22:01:43.040078,2,2,165.55,0.3,165.4,50,165.2,100,,,,,,,,,,,,,,,,,165.7,150,165.9,100,,,,,,,,,,,,,,,,
2026-07-05T22:01:43.187761+00:00,2026-07-05T22:01:43.187707,1,1,165.65,0.5,165.4,50,,,,,,,,,,,,,,,,,,,165.9,100,,,,,,,,,,,,,,,,,,
2026-07-05T22:01:43.242554+00:00,2026-07-05T22:01:43.242428,2,1,165.65,0.5,165.4,50,165.0,150,,,,,,,,,,,,,,,,,165.9,100,,,,,,,,,,,,,,,,,,
2026-07-05T22:01:43.306488+00:00,2026-07-05T22:01:43.300266,2,2,165.45,0.1,165.4,50,165.0,150,,,,,,,,,,,,,,,,,165.5,139,165.9,100,,,,,,,,,,,,,,,,
2026-07-05T22:01:44.058557+00:00,2026-07-05T22:01:44.052997,1,1,165.25,0.5,165.0,150,,,,,,,,,,,,,,,,,,,165.5,139,,,,,,,,,,,,,,,,,,
2026-07-05T22:01:44.114082+00:00,2026-07-05T22:01:44.113901,2,1,165.35,0.3,165.2,100,165.0,150,,,,,,,,,,,,,,,,,165.5,139,,,,,,,,,,,,,,,,,,
2026-07-05T22:01:44.157638+00:00,2026-07-05T22:01:44.157902,2,2,165.35,0.3,165.2,59,165.0,150,,,,,,,,,,,,,,,,,165.5,139,165.7,100,,,,,,,,,,,,,,,,
2026-07-05T22:01:45.149374+00:00,2026-07-05T22:01:45.149246,2,2,165.35,0.3,165.2,9,165.0,150,,,,,,,,,,,,,,,,,165.5,139,165.7,100,,,,,,,,,,,,,,,,
2026-07-05T22:01:46.358570+00:00,2026-07-05T22:01:46.346635,1,1,165.45,0.5,165.2,9,,,,,,,,,,,,,,,,,,,165.7,100,,,,,,,,,,,,,,,,,,
2026-07-05T22:01:46.400462+00:00,2026-07-05T22:01:46.400317,2,1,165.45,0.5,165.2,9,164.9,150,,,,,,,,,,,,,,,,,165.7,100,,,,,,,,,,,,,,,,,,
2026-07-05T22:01:46.458645+00:00,2026-07-05T22:01:46.455830,2,2,165.3,0.2,165.2,9,164.9,150,,,,,,,,,,,,,,,,,165.4,150,165.7,100,,,,,,,,,,,,,,,,
2026-07-05T22:01:46.975468+00:00,2026-07-05T22:01:46.975615,2,2,165.3,0.2,165.2,9,164.9,150,,,,,,,,,,,,,,,,,165.4,108,165.7,100,,,,,,,,,,,,,,,,
2026-07-05T22:01:47.218006+00:00,2026-07-05T22:01:47.217885,2,1,165.3,0.2,165.2,9,164.9,150,,,,,,,,,,,,,,,,,165.4,108,,,,,,,,,,,,,,,,,,
2026-07-05T22:01:47.223180+00:00,2026-07-05T22:01:47.223048,1,1,165.15,0.5,164.9,150,,,,,,,,,,,,,,,,,,,165.4,108,,,,,,,,,,,,,,,,,,
2026-07-05T22:01:47.255584+00:00,2026-07-05T22:01:47.255526,1,1,165.15,0.5,164.9,100,,,,,,,,,,,,,,,,,,,165.4,108,,,,,,,,,,,,,,,,,,
2026-07-05T22:01:47.271070+00:00,2026-07-05T22:01:47.271022,1,1,165.15,0.5,164.9,200,,,,,,,,,,,,,,,,,,,165.4,108,,,,,,,,,,,,,,,,,,
2026-07-05T22:01:47.325765+00:00,2026-07-05T22:01:47.325664,1,1,165.15,0.5,164.9,200,,,,,,,,,,,,,,,,,,,165.4,208,,,,,,,,,,,,,,,,,,
2026-07-05T22:01:47.526228+00:00,2026-07-05T22:01:47.526172,1,1,165.15,0.5,164.9,152,,,,,,,,,,,,,,,,,,,165.4,208,,,,,,,,,,,,,,,,,,
2026-07-05T22:01:49.350373+00:00,2026-07-05T22:01:49.355834,1,1,165.15,0.5,164.9,102,,,,,,,,,,,,,,,,,,,165.4,208,,,,,,,,,,,,,,,,,,
2026-07-05T22:01:49.513957+00:00,2026-07-05T22:01:49.513877,1,1,165.15,0.5,164.9,100,,,,,,,,,,,,,,,,,,,165.4,100,,,,,,,,,,,,,,,,,,
2026-07-05T22:01:49.568706+00:00,2026-07-05T22:01:49.568585,2,1,165.15,0.5,164.9,100,164.3,150,,,,,,,,,,,,,,,,,165.4,100,,,,,,,,,,,,,,,,,,
2026-07-05T22:01:49.633316+00:00,2026-07-05T22:01:49.626781,1,2,164.55,0.5,164.3,150,,,,,,,,,,,,,,,,,,,164.8,44,165.4,100,,,,,,,,,,,,,,,,
2026-07-05T22:01:50.382939+00:00,2026-07-05T22:01:50.382873,1,1,164.55,0.5,164.3,150,,,,,,,,,,,,,,,,,,,164.8,44,,,,,,,,,,,,,,,,,,
2026-07-05T22:01:50.444373+00:00,2026-07-05T22:01:50.444355,2,1,164.65,0.3,164.5,100,164.3,150,,,,,,,,,,,,,,,,,164.8,44,,,,,,,,,,,,,,,,,,
2026-07-05T22:01:50.500247+00:00,2026-07-05T22:01:50.500173,2,2,164.65,0.3,164.5,100,164.3,150,,,,,,,,,,,,,,,,,164.8,44,165.0,100,,,,,,,,,,,,,,,,
2026-07-05T22:01:50.942872+00:00,2026-07-05T22:01:50.943112,2,2,164.65,0.3,164.5,100,164.3,150,,,,,,,,,,,,,,,,,164.8,2,165.0,100,,,,,,,,,,,,,,,,
2026-07-05T22:01:51.469126+00:00,2026-07-05T22:01:51.469284,2,2,164.65,0.3,164.5,50,164.3,150,,,,,,,,,,,,,,,,,164.8,2,165.0,100,,,,,,,,,,,,,,,,
2026-07-05T22:01:52.694263+00:00,2026-07-05T22:01:52.694177,1,1,164.75,0.5,164.5,50,,,,,,,,,,,,,,,,,,,165.0,100,,,,,,,,,,,,,,,,,,
2026-07-05T22:01:52.758553+00:00,2026-07-05T22:01:52.755804,2,1,164.9,0.2,164.8,150,164.5,50,,,,,,,,,,,,,,,,,165.0,100,,,,,,,,,,,,,,,,,,
2026-07-05T22:01:52.811600+00:00,2026-07-05T22:01:52.811546,2,2,164.9,0.2,164.8,150,164.5,50,,,,,,,,,,,,,,,,,165.0,100,165.3,150,,,,,,,,,,,,,,,,
2026-07-05T22:01:53.489923+00:00,2026-07-05T22:01:53.489748,2,2,164.9,0.2,164.8,150,164.5,50,,,,,,,,,,,,,,,,,165.0,60,165.3,150,,,,,,,,,,,,,,,,
2026-07-05T22:01:53.554265+00:00,2026-07-05T22:01:53.554160,1,1,165.05,0.5,164.8,150,,,,,,,,,,,,,,,,,,,165.3,150,,,,,,,,,,,,,,,,,,
2026-07-05T22:01:53.577411+00:00,2026-07-05T22:01:53.577361,1,1,165.05,0.5,164.8,100,,,,,,,,,,,,,,,,,,,165.3,150,,,,,,,,,,,,,,,,,,
2026-07-05T22:01:53.609861+00:00,2026-07-05T22:01:53.609803,2,1,165.05,0.5,164.8,100,164.3,100,,,,,,,,,,,,,,,,,165.3,150,,,,,,,,,,,,,,,,,,
2026-07-05T22:01:53.658569+00:00,2026-07-05T22:01:53.658220,1,1,164.8,1.0,164.3,100,,,,,,,,,,,,,,,,,,,165.3,150,,,,,,,,,,,,,,,,,,
2026-07-05T22:01:55.169746+00:00,2026-07-05T22:01:55.169631,1,1,164.8,1.0,164.3,60,,,,,,,,,,,,,,,,,,,165.3,150,,,,,,,,,,,,,,,,,,
2026-07-05T22:01:55.683127+00:00,2026-07-05T22:01:55.683095,1,1,164.8,1.0,164.3,10,,,,,,,,,,,,,,,,,,,165.3,150,,,,,,,,,,,,,,,,,,
2026-07-05T22:01:55.874502+00:00,2026-07-05T22:01:55.874416,1,0,,,164.3,10,,,,,,,,,,,,,,,,,,,,,,,,,,,,,,,,,,,,,,
2026-07-05T22:01:55.928622+00:00,2026-07-05T22:01:55.928552,2,0,,,164.3,10,164.1,150,,,,,,,,,,,,,,,,,,,,,,,,,,,,,,,,,,,,
2026-07-05T22:01:55.983570+00:00,2026-07-05T22:01:55.983446,2,1,164.45,0.3,164.3,10,164.1,150,,,,,,,,,,,,,,,,,164.6,150,,,,,,,,,,,,,,,,,,
2026-07-05T22:01:56.719685+00:00,2026-07-05T22:01:56.719796,1,1,164.35,0.5,164.1,150,,,,,,,,,,,,,,,,,,,164.6,150,,,,,,,,,,,,,,,,,,
2026-07-05T22:01:56.773676+00:00,2026-07-05T22:01:56.773587,2,1,164.4,0.4,164.2,100,164.1,150,,,,,,,,,,,,,,,,,164.6,150,,,,,,,,,,,,,,,,,,
2026-07-05T22:01:56.826901+00:00,2026-07-05T22:01:56.826823,2,2,164.4,0.4,164.2,100,164.1,150,,,,,,,,,,,,,,,,,164.6,107,164.7,100,,,,,,,,,,,,,,,,
2026-07-05T22:01:57.159424+00:00,2026-07-05T22:01:57.152264,2,2,164.4,0.4,164.2,100,164.1,150,,,,,,,,,,,,,,,,,164.6,96,164.7,100,,,,,,,,,,,,,,,,
2026-07-05T22:01:57.791045+00:00,2026-07-05T22:01:57.790917,2,2,164.4,0.4,164.2,50,164.1,150,,,,,,,,,,,,,,,,,164.6,96,164.7,100,,,,,,,,,,,,,,,,
2026-07-05T22:01:59.037969+00:00,2026-07-05T22:01:59.037946,1,1,164.45,0.5,164.2,50,,,,,,,,,,,,,,,,,,,164.7,100,,,,,,,,,,,,,,,,,,
2026-07-05T22:01:59.093802+00:00,2026-07-05T22:01:59.093721,2,1,164.55,0.3,164.4,150,164.2,50,,,,,,,,,,,,,,,,,164.7,100,,,,,,,,,,,,,,,,,,
2026-07-05T22:01:59.146708+00:00,2026-07-05T22:01:59.146594,2,2,164.55,0.3,164.4,150,164.2,50,,,,,,,,,,,,,,,,,164.7,100,164.9,150,,,,,,,,,,,,,,,,
2026-07-05T22:01:59.883077+00:00,2026-07-05T22:01:59.883003,1,1,164.65,0.5,164.4,150,,,,,,,,,,,,,,,,,,,164.9,150,,,,,,,,,,,,,,,,,,
2026-07-05T22:01:59.898747+00:00,2026-07-05T22:01:59.898624,1,1,164.65,0.5,164.4,100,,,,,,,,,,,,,,,,,,,164.9,150,,,,,,,,,,,,,,,,,,
2026-07-05T22:01:59.934286+00:00,2026-07-05T22:01:59.934253,2,1,164.65,0.5,164.4,100,164.3,100,,,,,,,,,,,,,,,,,164.9,150,,,,,,,,,,,,,,,,,,
2026-07-05T22:01:59.990607+00:00,2026-07-05T22:01:59.990469,2,2,164.6,0.4,164.4,100,164.3,100,,,,,,,,,,,,,,,,,164.8,100,164.9,150,,,,,,,,,,,,,,,,
2026-07-05T22:02:02.005360+00:00,2026-07-05T22:02:02.005320,2,2,164.6,0.4,164.4,50,164.3,100,,,,,,,,,,,,,,,,,164.8,100,164.9,150,,,,,,,,,,,,,,,,
2026-07-05T22:02:02.199525+00:00,2026-07-05T22:02:02.199410,1,1,164.55,0.5,164.3,100,,,,,,,,,,,,,,,,,,,164.8,100,,,,,,,,,,,,,,,,,,
2026-07-05T22:02:02.252560+00:00,2026-07-05T22:02:02.252505,2,1,164.55,0.5,164.3,100,164.1,150,,,,,,,,,,,,,,,,,164.8,100,,,,,,,,,,,,,,,,,,
2026-07-05T22:02:02.320580+00:00,2026-07-05T22:02:02.314021,2,2,164.45,0.3,164.3,100,164.1,150,,,,,,,,,,,,,,,,,164.6,138,164.8,100,,,,,,,,,,,,,,,,
2026-07-05T22:02:03.045375+00:00,2026-07-05T22:02:03.045319,1,1,164.35,0.5,164.1,150,,,,,,,,,,,,,,,,,,,164.6,138,,,,,,,,,,,,,,,,,,
2026-07-05T22:02:03.101108+00:00,2026-07-05T22:02:03.101053,2,1,164.45,0.3,164.3,100,164.1,150,,,,,,,,,,,,,,,,,164.6,138,,,,,,,,,,,,,,,,,,
2026-07-05T22:02:03.158596+00:00,2026-07-05T22:02:03.150629,2,2,164.45,0.3,164.3,100,164.1,150,,,,,,,,,,,,,,,,,164.6,138,164.8,100,,,,,,,,,,,,,,,,
2026-07-05T22:02:03.705740+00:00,2026-07-05T22:02:03.705631,2,2,164.45,0.3,164.3,58,164.1,150,,,,,,,,,,,,,,,,,164.6,138,164.8,100,,,,,,,,,,,,,,,,
2026-07-05T22:02:04.112433+00:00,2026-07-05T22:02:04.112366,2,2,164.45,0.3,164.3,8,164.1,150,,,,,,,,,,,,,,,,,164.6,138,164.8,100,,,,,,,,,,,,,,,,
2026-07-05T22:02:05.358560+00:00,2026-07-05T22:02:05.356183,1,1,164.55,0.5,164.3,8,,,,,,,,,,,,,,,,,,,164.8,100,,,,,,,,,,,,,,,,,,
2026-07-05T22:02:05.414473+00:00,2026-07-05T22:02:05.414425,2,1,164.55,0.5,164.3,8,164.0,150,,,,,,,,,,,,,,,,,164.8,100,,,,,,,,,,,,,,,,,,
2026-07-05T22:02:05.467651+00:00,2026-07-05T22:02:05.467577,2,2,164.4,0.2,164.3,8,164.0,150,,,,,,,,,,,,,,,,,164.5,150,164.8,100,,,,,,,,,,,,,,,,
2026-07-05T22:02:05.967754+00:00,2026-07-05T22:02:05.962140,2,2,164.4,0.2,164.3,8,164.0,150,,,,,,,,,,,,,,,,,164.5,139,164.8,100,,,,,,,,,,,,,,,,
2026-07-05T22:02:06.215311+00:00,2026-07-05T22:02:06.215214,1,1,164.25,0.5,164.0,150,,,,,,,,,,,,,,,,,,,164.5,139,,,,,,,,,,,,,,,,,,
2026-07-05T22:02:06.269993+00:00,2026-07-05T22:02:06.269856,1,1,164.25,0.5,164.0,250,,,,,,,,,,,,,,,,,,,164.5,139,,,,,,,,,,,,,,,,,,
2026-07-05T22:02:06.323403+00:00,2026-07-05T22:02:06.323273,1,1,164.25,0.5,164.0,250,,,,,,,,,,,,,,,,,,,164.5,239,,,,,,,,,,,,,,,,,,
2026-07-05T22:02:07.174853+00:00,2026-07-05T22:02:07.174737,1,1,164.25,0.5,164.0,250,,,,,,,,,,,,,,,,,,,164.5,194,,,,,,,,,,,,,,,,,,
2026-07-05T22:02:08.322606+00:00,2026-07-05T22:02:08.322474,1,1,164.25,0.5,164.0,200,,,,,,,,,,,,,,,,,,,164.5,194,,,,,,,,,,,,,,,,,,
2026-07-05T22:02:08.525481+00:00,2026-07-05T22:02:08.525421,1,1,164.25,0.5,164.0,100,,,,,,,,,,,,,,,,,,,164.5,100,,,,,,,,,,,,,,,,,,
2026-07-05T22:02:08.607775+00:00,2026-07-05T22:02:08.607595,2,1,164.35,0.3,164.2,150,164.0,100,,,,,,,,,,,,,,,,,164.5,100,,,,,,,,,,,,,,,,,,
2026-07-05T22:02:08.658653+00:00,2026-07-05T22:02:08.655094,2,2,164.35,0.3,164.2,150,164.0,100,,,,,,,,,,,,,,,,,164.5,100,164.7,150,,,,,,,,,,,,,,,,
2026-07-05T22:02:08.742177+00:00,2026-07-05T22:02:08.742044,2,2,164.35,0.3,164.2,104,164.0,100,,,,,,,,,,,,,,,,,164.5,100,164.7,150,,,,,,,,,,,,,,,,
2026-07-05T22:02:09.377994+00:00,2026-07-05T22:02:09.377920,1,1,164.45,0.5,164.2,104,,,,,,,,,,,,,,,,,,,164.7,150,,,,,,,,,,,,,,,,,,
2026-07-05T22:02:09.434651+00:00,2026-07-05T22:02:09.434547,2,1,164.45,0.5,164.2,104,164.0,100,,,,,,,,,,,,,,,,,164.7,150,,,,,,,,,,,,,,,,,,
2026-07-05T22:02:09.487436+00:00,2026-07-05T22:02:09.487311,2,2,164.35,0.3,164.2,104,164.0,100,,,,,,,,,,,,,,,,,164.5,100,164.7,150,,,,,,,,,,,,,,,,
2026-07-05T22:02:09.858667+00:00,2026-07-05T22:02:09.855937,2,2,164.35,0.3,164.2,104,164.0,100,,,,,,,,,,,,,,,,,164.5,54,164.7,150,,,,,,,,,,,,,,,,
2026-07-05T22:02:10.380534+00:00,2026-07-05T22:02:10.380704,2,2,164.35,0.3,164.2,104,164.0,100,,,,,,,,,,,,,,,,,164.5,4,164.7,150,,,,,,,,,,,,,,,,
2026-07-05T22:02:11.714717+00:00,2026-07-05T22:02:11.714636,1,1,164.25,0.5,164.0,100,,,,,,,,,,,,,,,,,,,164.5,4,,,,,,,,,,,,,,,,,,
2026-07-05T22:02:11.770065+00:00,2026-07-05T22:02:11.769977,2,1,164.3,0.4,164.1,150,164.0,100,,,,,,,,,,,,,,,,,164.5,4,,,,,,,,,,,,,,,,,,
2026-07-05T22:02:11.823500+00:00,2026-07-05T22:02:11.823418,2,2,164.3,0.4,164.1,150,164.0,100,,,,,,,,,,,,,,,,,164.5,4,164.6,150,,,,,,,,,,,,,,,,
2026-07-05T22:02:12.487478+00:00,2026-07-05T22:02:12.487598,2,1,164.35,0.5,164.1,150,164.0,100,,,,,,,,,,,,,,,,,164.6,104,,,,,,,,,,,,,,,,,,
2026-07-05T22:02:12.541581+00:00,2026-07-05T22:02:12.541524,1,1,164.35,0.5,164.1,150,,,,,,,,,,,,,,,,,,,164.6,104,,,,,,,,,,,,,,,,,,
2026-07-05T22:02:12.589034+00:00,2026-07-05T22:02:12.588893,2,1,164.55,0.1,164.5,100,164.1,150,,,,,,,,,,,,,,,,,164.6,104,,,,,,,,,,,,,,,,,,
2026-07-05T22:02:12.644871+00:00,2026-07-05T22:02:12.644744,2,2,164.55,0.1,164.5,100,164.1,150,,,,,,,,,,,,,,,,,164.6,104,165.0,100,,,,,,,,,,,,,,,,
2026-07-05T22:02:12.838625+00:00,2026-07-05T22:02:12.838536,2,2,164.55,0.1,164.5,100,164.1,150,,,,,,,,,,,,,,,,,164.6,56,165.0,100,,,,,,,,,,,,,,,,
2026-07-05T22:02:14.596965+00:00,2026-07-05T22:02:14.596800,2,2,164.55,0.1,164.5,100,164.1,150,,,,,,,,,,,,,,,,,164.6,6,165.0,100,,,,,,,,,,,,,,,,
2026-07-05T22:02:14.877792+00:00,2026-07-05T22:02:14.877683,1,1,164.75,0.5,164.5,100,,,,,,,,,,,,,,,,,,,165.0,100,,,,,,,,,,,,,,,,,,
2026-07-05T22:02:14.932945+00:00,2026-07-05T22:02:14.932844,2,1,164.75,0.5,164.5,100,164.4,150,,,,,,,,,,,,,,,,,165.0,100,,,,,,,,,,,,,,,,,,
2026-07-05T22:02:14.985928+00:00,2026-07-05T22:02:14.985884,2,2,164.7,0.4,164.5,100,164.4,150,,,,,,,,,,,,,,,,,164.9,150,165.0,100,,,,,,,,,,,,,,,,
2026-07-05T22:02:15.702588+00:00,2026-07-05T22:02:15.702470,1,1,164.65,0.5,164.4,150,,,,,,,,,,,,,,,,,,,164.9,150,,,,,,,,,,,,,,,,,,
2026-07-05T22:02:15.758769+00:00,2026-07-05T22:02:15.758654,1,1,164.65,0.5,164.4,250,,,,,,,,,,,,,,,,,,,164.9,150,,,,,,,,,,,,,,,,,,
2026-07-05T22:02:15.802282+00:00,2026-07-05T22:02:15.802367,1,1,164.65,0.5,164.4,250,,,,,,,,,,,,,,,,,,,164.9,250,,,,,,,,,,,,,,,,,,
2026-07-05T22:02:16.704827+00:00,2026-07-05T22:02:16.704757,1,1,164.65,0.5,164.4,250,,,,,,,,,,,,,,,,,,,164.9,200,,,,,,,,,,,,,,,,,,
2026-07-05T22:02:18.039752+00:00,2026-07-05T22:02:18.039671,1,1,164.65,0.5,164.4,100,,,,,,,,,,,,,,,,,,,164.9,100,,,,,,,,,,,,,,,,,,
2026-07-05T22:02:18.091377+00:00,2026-07-05T22:02:18.091250,2,1,164.8,0.2,164.7,150,164.4,100,,,,,,,,,,,,,,,,,164.9,100,,,,,,,,,,,,,,,,,,
2026-07-05T22:02:18.146726+00:00,2026-07-05T22:02:18.146659,2,2,164.8,0.2,164.7,150,164.4,100,,,,,,,,,,,,,,,,,164.9,100,165.2,150,,,,,,,,,,,,,,,,
2026-07-05T22:02:18.503597+00:00,2026-07-05T22:02:18.503737,2,2,164.8,0.2,164.7,104,164.4,100,,,,,,,,,,,,,,,,,164.9,100,165.2,150,,,,,,,,,,,,,,,,
2026-07-05T22:02:18.814596+00:00,2026-07-05T22:02:18.814491,2,2,164.8,0.2,164.7,104,164.4,100,,,,,,,,,,,,,,,,,164.9,50,165.2,150,,,,,,,,,,,,,,,,
2026-07-05T22:02:18.869945+00:00,2026-07-05T22:02:18.869872,1,1,164.95,0.5,164.7,104,,,,,,,,,,,,,,,,,,,165.2,150,,,,,,,,,,,,,,,,,,
2026-07-05T22:02:18.927446+00:00,2026-07-05T22:02:18.927303,2,1,164.95,0.5,164.7,104,164.4,100,,,,,,,,,,,,,,,,,165.2,150,,,,,,,,,,,,,,,,,,
2026-07-05T22:02:18.980451+00:00,2026-07-05T22:02:18.980328,2,2,164.8,0.2,164.7,104,164.4,100,,,,,,,,,,,,,,,,,164.9,100,165.2,150,,,,,,,,,,,,,,,,
2026-07-05T22:02:20.925530+00:00,2026-07-05T22:02:20.925452,2,2,164.8,0.2,164.7,104,164.4,100,,,,,,,,,,,,,,,,,164.9,50,165.2,150,,,,,,,,,,,,,,,,
2026-07-05T22:02:21.201940+00:00,2026-07-05T22:02:21.201872,1,1,164.65,0.5,164.4,100,,,,,,,,,,,,,,,,,,,164.9,50,,,,,,,,,,,,,,,,,,
2026-07-05T22:02:21.252030+00:00,2026-07-05T22:02:21.251960,2,0,,,164.9,100,164.4,100,,,,,,,,,,,,,,,,,,,,,,,,,,,,,,,,,,,,
2026-07-05T22:02:21.318315+00:00,2026-07-05T22:02:21.318226,2,1,165.15,0.5,164.9,100,164.4,100,,,,,,,,,,,,,,,,,165.4,150,,,,,,,,,,,,,,,,,,
2026-07-05T22:02:21.713513+00:00,2026-07-05T22:02:21.707215,2,1,165.15,0.5,164.9,89,164.4,100,,,,,,,,,,,,,,,,,165.4,150,,,,,,,,,,,,,,,,,,
2026-07-05T22:02:21.805347+00:00,2026-07-05T22:02:21.805211,2,1,165.15,0.5,164.9,47,164.4,100,,,,,,,,,,,,,,,,,165.4,150,,,,,,,,,,,,,,,,,,
2026-07-05T22:02:22.028460+00:00,2026-07-05T22:02:22.028342,1,1,165.15,0.5,164.9,47,,,,,,,,,,,,,,,,,,,165.4,150,,,,,,,,,,,,,,,,,,
2026-07-05T22:02:22.086694+00:00,2026-07-05T22:02:22.086586,1,1,165.15,0.5,164.9,147,,,,,,,,,,,,,,,,,,,165.4,150,,,,,,,,,,,,,,,,,,
2026-07-05T22:02:22.135023+00:00,2026-07-05T22:02:22.134910,1,1,165.15,0.5,164.9,147,,,,,,,,,,,,,,,,,,,165.4,250,,,,,,,,,,,,,,,,,,
2026-07-05T22:02:23.096766+00:00,2026-07-05T22:02:23.096614,1,1,165.15,0.5,164.9,97,,,,,,,,,,,,,,,,,,,165.4,250,,,,,,,,,,,,,,,,,,
2026-07-05T22:02:24.330654+00:00,2026-07-05T22:02:24.330550,1,1,165.15,0.5,164.9,57,,,,,,,,,,,,,,,,,,,165.4,250,,,,,,,,,,,,,,,,,,
2026-07-05T22:02:24.372623+00:00,2026-07-05T22:02:24.372531,1,1,165.15,0.5,164.9,57,,,,,,,,,,,,,,,,,,,165.4,100,,,,,,,,,,,,,,,,,,
2026-07-05T22:02:24.425778+00:00,2026-07-05T22:02:24.425680,2,1,165.15,0.5,164.9,57,164.2,150,,,,,,,,,,,,,,,,,165.4,100,,,,,,,,,,,,,,,,,,
2026-07-05T22:02:24.490194+00:00,2026-07-05T22:02:24.484254,1,2,164.45,0.5,164.2,150,,,,,,,,,,,,,,,,,,,164.7,82,165.4,100,,,,,,,,,,,,,,,,
2026-07-05T22:02:25.193085+00:00,2026-07-05T22:02:25.192921,1,1,164.45,0.5,164.2,150,,,,,,,,,,,,,,,,,,,164.7,82,,,,,,,,,,,,,,,,,,
2026-07-05T22:02:25.198383+00:00,2026-07-05T22:02:25.198222,1,1,164.45,0.5,164.2,100,,,,,,,,,,,,,,,,,,,164.7,82,,,,,,,,,,,,,,,,,,
2026-07-05T22:02:25.245952+00:00,2026-07-05T22:02:25.245864,2,1,164.65,0.1,164.6,100,164.2,100,,,,,,,,,,,,,,,,,164.7,82,,,,,,,,,,,,,,,,,,
2026-07-05T22:02:25.300202+00:00,2026-07-05T22:02:25.300116,2,2,164.65,0.1,164.6,100,164.2,100,,,,,,,,,,,,,,,,,164.7,82,165.1,100,,,,,,,,,,,,,,,,
2026-07-05T22:02:25.383013+00:00,2026-07-05T22:02:25.382905,2,2,164.65,0.1,164.6,100,164.2,100,,,,,,,,,,,,,,,,,164.7,40,165.1,100,,,,,,,,,,,,,,,,
2026-07-05T22:02:25.660519+00:00,2026-07-05T22:02:25.651008,2,2,164.65,0.1,164.6,89,164.2,100,,,,,,,,,,,,,,,,,164.7,40,165.1,100,,,,,,,,,,,,,,,,
2026-07-05T22:02:27.306202+00:00,2026-07-05T22:02:27.306124,2,2,164.65,0.1,164.6,39,164.2,100,,,,,,,,,,,,,,,,,164.7,40,165.1,100,,,,,,,,,,,,,,,,
2026-07-05T22:02:27.509544+00:00,2026-07-05T22:02:27.509462,2,1,164.85,0.5,164.6,39,164.2,100,,,,,,,,,,,,,,,,,165.1,97,,,,,,,,,,,,,,,,,,
2026-07-05T22:02:27.534894+00:00,2026-07-05T22:02:27.534779,1,1,164.85,0.5,164.6,39,,,,,,,,,,,,,,,,,,,165.1,97,,,,,,,,,,,,,,,,,,
2026-07-05T22:02:27.586821+00:00,2026-07-05T22:02:27.586705,2,1,164.85,0.5,164.6,39,164.3,150,,,,,,,,,,,,,,,,,165.1,97,,,,,,,,,,,,,,,,,,
2026-07-05T22:02:27.638958+00:00,2026-07-05T22:02:27.638893,2,2,164.7,0.2,164.6,39,164.3,150,,,,,,,,,,,,,,,,,164.8,150,165.1,97,,,,,,,,,,,,,,,,
2026-07-05T22:02:28.353544+00:00,2026-07-05T22:02:28.353482,1,1,164.55,0.5,164.3,150,,,,,,,,,,,,,,,,,,,164.8,150,,,,,,,,,,,,,,,,,,
2026-07-05T22:02:28.404732+00:00,2026-07-05T22:02:28.404984,2,1,164.55,0.5,164.3,150,164.1,100,,,,,,,,,,,,,,,,,164.8,150,,,,,,,,,,,,,,,,,,
2026-07-05T22:02:28.458587+00:00,2026-07-05T22:02:28.453815,2,2,164.45,0.3,164.3,150,164.1,100,,,,,,,,,,,,,,,,,164.6,100,164.8,150,,,,,,,,,,,,,,,,
2026-07-05T22:02:29.410964+00:00,2026-07-05T22:02:29.410803,2,2,164.45,0.3,164.3,100,164.1,100,,,,,,,,,,,,,,,,,164.6,100,164.8,150,,,,,,,,,,,,,,,,
2026-07-05T22:02:30.690261+00:00,2026-07-05T22:02:30.690172,1,1,164.35,0.5,164.1,100,,,,,,,,,,,,,,,,,,,164.6,100,,,,,,,,,,,,,,,,,,
2026-07-05T22:02:30.747686+00:00,2026-07-05T22:02:30.747560,2,1,164.35,0.5,164.1,100,163.9,150,,,,,,,,,,,,,,,,,164.6,100,,,,,,,,,,,,,,,,,,
2026-07-05T22:02:30.801085+00:00,2026-07-05T22:02:30.800975,2,2,164.25,0.3,164.1,100,163.9,150,,,,,,,,,,,,,,,,,164.4,150,164.6,100,,,,,,,,,,,,,,,,
2026-07-05T22:02:30.886266+00:00,2026-07-05T22:02:30.880672,2,2,164.25,0.3,164.1,100,163.9,150,,,,,,,,,,,,,,,,,164.4,139,164.6,100,,,,,,,,,,,,,,,,
2026-07-05T22:02:31.132921+00:00,2026-07-05T22:02:31.132811,2,2,164.25,0.3,164.1,100,163.9,150,,,,,,,,,,,,,,,,,164.4,95,164.6,100,,,,,,,,,,,,,,,,
2026-07-05T22:02:31.516233+00:00,2026-07-05T22:02:31.516103,1,1,164.15,0.5,163.9,100,,,,,,,,,,,,,,,,,,,164.4,95,,,,,,,,,,,,,,,,,,
2026-07-05T22:02:31.584799+00:00,2026-07-05T22:02:31.584639,2,1,164.25,0.3,164.1,100,163.9,100,,,,,,,,,,,,,,,,,164.4,95,,,,,,,,,,,,,,,,,,
2026-07-05T22:02:31.634298+00:00,2026-07-05T22:02:31.634178,2,2,164.25,0.3,164.1,100,163.9,100,,,,,,,,,,,,,,,,,164.4,95,164.6,100,,,,,,,,,,,,,,,,
2026-07-05T22:02:33.043053+00:00,2026-07-05T22:02:33.043229,2,2,164.25,0.3,164.1,54,163.9,100,,,,,,,,,,,,,,,,,164.4,95,164.6,100,,,,,,,,,,,,,,,,
2026-07-05T22:02:33.516216+00:00,2026-07-05T22:02:33.509810,2,2,164.25,0.3,164.1,54,163.9,100,,,,,,,,,,,,,,,,,164.4,83,164.6,100,,,,,,,,,,,,,,,,
2026-07-05T22:02:33.565768+00:00,2026-07-05T22:02:33.565729,2,2,164.25,0.3,164.1,6,163.9,100,,,,,,,,,,,,,,,,,164.4,83,164.6,100,,,,,,,,,,,,,,,,
2026-07-05T22:02:33.576157+00:00,2026-07-05T22:02:33.576077,2,2,164.25,0.3,164.1,6,163.9,100,,,,,,,,,,,,,,,,,164.4,33,164.6,100,,,,,,,,,,,,,,,,
2026-07-05T22:02:33.858585+00:00,2026-07-05T22:02:33.855254,1,1,164.35,0.5,164.1,6,,,,,,,,,,,,,,,,,,,164.6,100,,,,,,,,,,,,,,,,,,
2026-07-05T22:02:33.907164+00:00,2026-07-05T22:02:33.907118,2,1,164.5,0.2,164.4,150,164.1,6,,,,,,,,,,,,,,,,,164.6,100,,,,,,,,,,,,,,,,,,
2026-07-05T22:02:33.960676+00:00,2026-07-05T22:02:33.960575,2,2,164.5,0.2,164.4,150,164.1,6,,,,,,,,,,,,,,,,,164.6,100,164.9,150,,,,,,,,,,,,,,,,
2026-07-05T22:02:34.024678+00:00,2026-07-05T22:02:34.018760,2,2,164.5,0.2,164.4,138,164.1,6,,,,,,,,,,,,,,,,,164.6,100,164.9,150,,,,,,,,,,,,,,,,
2026-07-05T22:02:34.164160+00:00,2026-07-05T22:02:34.164049,2,2,164.5,0.2,164.4,91,164.1,6,,,,,,,,,,,,,,,,,164.6,100,164.9,150,,,,,,,,,,,,,,,,
2026-07-05T22:02:34.686085+00:00,2026-07-05T22:02:34.685975,2,1,164.65,0.5,164.4,91,164.1,6,,,,,,,,,,,,,,,,,164.9,150,,,,,,,,,,,,,,,,,,
2026-07-05T22:02:34.691529+00:00,2026-07-05T22:02:34.688630,1,1,164.65,0.5,164.4,91,,,,,,,,,,,,,,,,,,,164.9,150,,,,,,,,,,,,,,,,,,
2026-07-05T22:02:34.740320+00:00,2026-07-05T22:02:34.740223,2,1,164.65,0.5,164.4,91,163.6,100,,,,,,,,,,,,,,,,,164.9,150,,,,,,,,,,,,,,,,,,
2026-07-05T22:02:34.796719+00:00,2026-07-05T22:02:34.796613,1,2,163.85,0.5,163.6,100,,,,,,,,,,,,,,,,,,,164.1,9,164.9,150,,,,,,,,,,,,,,,,
2026-07-05T22:02:35.680236+00:00,2026-07-05T22:02:35.680055,1,1,164.25,1.3,163.6,100,,,,,,,,,,,,,,,,,,,164.9,109,,,,,,,,,,,,,,,,,,
2026-07-05T22:02:37.045471+00:00,2026-07-05T22:02:37.045343,1,0,,,163.6,100,,,,,,,,,,,,,,,,,,,,,,,,,,,,,,,,,,,,,,
2026-07-05T22:02:37.096171+00:00,2026-07-05T22:02:37.096066,2,0,,,163.8,150,163.6,100,,,,,,,,,,,,,,,,,,,,,,,,,,,,,,,,,,,,
2026-07-05T22:02:37.151851+00:00,2026-07-05T22:02:37.151759,2,1,164.05,0.5,163.8,150,163.6,100,,,,,,,,,,,,,,,,,164.3,150,,,,,,,,,,,,,,,,,,
2026-07-05T22:02:37.858610+00:00,2026-07-05T22:02:37.852999,1,1,164.05,0.5,163.8,150,,,,,,,,,,,,,,,,,,,164.3,150,,,,,,,,,,,,,,,,,,
2026-07-05T22:02:37.906298+00:00,2026-07-05T22:02:37.906243,2,1,164.15,0.3,164.0,100,163.8,150,,,,,,,,,,,,,,,,,164.3,150,,,,,,,,,,,,,,,,,,
2026-07-05T22:02:37.959504+00:00,2026-07-05T22:02:37.959405,2,2,164.15,0.3,164.0,100,163.8,150,,,,,,,,,,,,,,,,,164.3,150,164.5,100,,,,,,,,,,,,,,,,
2026-07-05T22:02:40.089561+00:00,2026-07-05T22:02:40.084253,2,2,164.15,0.3,164.0,100,163.8,150,,,,,,,,,,,,,,,,,164.3,138,164.5,100,,,,,,,,,,,,,,,,
2026-07-05T22:02:40.206707+00:00,2026-07-05T22:02:40.206627,1,1,164.25,0.5,164.0,100,,,,,,,,,,,,,,,,,,,164.5,100,,,,,,,,,,,,,,,,,,
2026-07-05T22:02:40.258629+00:00,2026-07-05T22:02:40.255295,2,1,164.25,0.5,164.0,100,163.9,150,,,,,,,,,,,,,,,,,164.5,100,,,,,,,,,,,,,,,,,,
2026-07-05T22:02:40.314922+00:00,2026-07-05T22:02:40.314781,2,2,164.2,0.4,164.0,100,163.9,150,,,,,,,,,,,,,,,,,164.4,150,164.5,100,,,,,,,,,,,,,,,,
2026-07-05T22:02:41.013792+00:00,2026-07-05T22:02:41.013657,1,1,164.15,0.5,163.9,150,,,,,,,,,,,,,,,,,,,164.4,150,,,,,,,,,,,,,,,,,,
2026-07-05T22:02:41.067992+00:00,2026-07-05T22:02:41.067862,2,1,164.25,0.3,164.1,100,163.9,150,,,,,,,,,,,,,,,,,164.4,150,,,,,,,,,,,,,,,,,,
2026-07-05T22:02:41.121348+00:00,2026-07-05T22:02:41.121247,2,2,164.25,0.3,164.1,100,163.9,150,,,,,,,,,,,,,,,,,164.4,150,164.6,100,,,,,,,,,,,,,,,,
2026-07-05T22:02:42.050650+00:00,2026-07-05T22:02:42.050569,2,2,164.25,0.3,164.1,50,163.9,150,,,,,,,,,,,,,,,,,164.4,150,164.6,100,,,,,,,,,,,,,,,,
2026-07-05T22:02:43.369014+00:00,2026-07-05T22:02:43.368968,1,1,164.35,0.5,164.1,50,,,,,,,,,,,,,,,,,,,164.6,100,,,,,,,,,,,,,,,,,,
2026-07-05T22:02:43.423725+00:00,2026-07-05T22:02:43.423685,2,1,164.35,0.5,164.1,50,163.9,150,,,,,,,,,,,,,,,,,164.6,100,,,,,,,,,,,,,,,,,,
2026-07-05T22:02:43.476648+00:00,2026-07-05T22:02:43.476572,2,2,164.25,0.3,164.1,50,163.9,150,,,,,,,,,,,,,,,,,164.4,150,164.6,100,,,,,,,,,,,,,,,,
2026-07-05T22:02:44.158639+00:00,2026-07-05T22:02:44.155109,1,2,164.15,0.5,163.9,150,,,,,,,,,,,,,,,,,,,164.4,150,164.6,100,,,,,,,,,,,,,,,,
2026-07-05T22:02:44.174845+00:00,2026-07-05T22:02:44.174744,1,1,164.15,0.5,163.9,150,,,,,,,,,,,,,,,,,,,164.4,150,,,,,,,,,,,,,,,,,,
2026-07-05T22:02:44.227752+00:00,2026-07-05T22:02:44.227726,2,1,164.15,0.5,163.9,150,163.8,100,,,,,,,,,,,,,,,,,164.4,150,,,,,,,,,,,,,,,,,,
2026-07-05T22:02:44.300686+00:00,2026-07-05T22:02:44.300642,2,2,164.1,0.4,163.9,150,163.8,100,,,,,,,,,,,,,,,,,164.3,100,164.4,150,,,,,,,,,,,,,,,,
2026-07-05T22:02:46.271224+00:00,2026-07-05T22:02:46.271102,2,2,164.1,0.4,163.9,100,163.8,100,,,,,,,,,,,,,,,,,164.3,100,164.4,150,,,,,,,,,,,,,,,,
2026-07-05T22:02:46.473674+00:00,2026-07-05T22:02:46.473558,2,2,164.1,0.4,163.9,100,163.8,100,,,,,,,,,,,,,,,,,164.3,55,164.4,150,,,,,,,,,,,,,,,,
2026-07-05T22:02:46.531286+00:00,2026-07-05T22:02:46.531144,1,1,164.05,0.5,163.8,100,,,,,,,,,,,,,,,,,,,164.3,55,,,,,,,,,,,,,,,,,,
2026-07-05T22:02:46.586917+00:00,2026-07-05T22:02:46.586782,2,1,164.05,0.5,163.8,100,163.5,150,,,,,,,,,,,,,,,,,164.3,55,,,,,,,,,,,,,,,,,,
2026-07-05T22:02:46.640364+00:00,2026-07-05T22:02:46.640200,2,2,163.9,0.2,163.8,100,163.5,150,,,,,,,,,,,,,,,,,164.0,150,164.3,55,,,,,,,,,,,,,,,,
2026-07-05T22:02:47.352263+00:00,2026-07-05T22:02:47.352441,2,1,163.9,0.2,163.8,100,163.5,150,,,,,,,,,,,,,,,,,164.0,150,,,,,,,,,,,,,,,,,,
2026-07-05T22:02:47.358573+00:00,2026-07-05T22:02:47.357610,1,1,163.75,0.5,163.5,150,,,,,,,,,,,,,,,,,,,164.0,150,,,,,,,,,,,,,,,,,,
2026-07-05T22:02:47.407929+00:00,2026-07-05T22:02:47.407815,2,1,163.8,0.4,163.6,100,163.5,150,,,,,,,,,,,,,,,,,164.0,150,,,,,,,,,,,,,,,,,,
2026-07-05T22:02:47.463875+00:00,2026-07-05T22:02:47.464050,2,2,163.8,0.4,163.6,100,163.5,150,,,,,,,,,,,,,,,,,164.0,150,164.1,100,,,,,,,,,,,,,,,,
2026-07-05T22:02:48.326079+00:00,2026-07-05T22:02:48.326003,2,2,163.8,0.4,163.6,100,163.5,150,,,,,,,,,,,,,,,,,164.0,100,164.1,100,,,,,,,,,,,,,,,,
2026-07-05T22:02:49.694497+00:00,2026-07-05T22:02:49.694392,1,1,163.85,0.5,163.6,100,,,,,,,,,,,,,,,,,,,164.1,100,,,,,,,,,,,,,,,,,,
2026-07-05T22:02:49.764081+00:00,2026-07-05T22:02:49.763918,2,1,163.85,0.5,163.6,100,163.4,150,,,,,,,,,,,,,,,,,164.1,100,,,,,,,,,,,,,,,,,,
2026-07-05T22:02:49.798148+00:00,2026-07-05T22:02:49.798074,2,2,163.75,0.3,163.6,100,163.4,150,,,,,,,,,,,,,,,,,163.9,150,164.1,100,,,,,,,,,,,,,,,,
2026-07-05T22:02:50.432964+00:00,2026-07-05T22:02:50.432829,2,2,163.75,0.3,163.6,100,163.4,150,,,,,,,,,,,,,,,,,163.9,100,164.1,100,,,,,,,,,,,,,,,,
2026-07-05T22:02:50.516489+00:00,2026-07-05T22:02:50.516433,1,1,163.65,0.5,163.4,150,,,,,,,,,,,,,,,,,,,163.9,100,,,,,,,,,,,,,,,,,,
2026-07-05T22:02:50.570498+00:00,2026-07-05T22:02:50.570466,2,1,163.65,0.5,163.4,150,163.3,100,,,,,,,,,,,,,,,,,163.9,100,,,,,,,,,,,,,,,,,,
2026-07-05T22:02:50.622285+00:00,2026-07-05T22:02:50.622238,2,2,163.6,0.4,163.4,150,163.3,100,,,,,,,,,,,,,,,,,163.8,100,163.9,100,,,,,,,,,,,,,,,,
2026-07-05T22:02:51.392625+00:00,2026-07-05T22:02:51.392569,2,2,163.6,0.4,163.4,150,163.3,100,,,,,,,,,,,,,,,,,163.8,54,163.9,100,,,,,,,,,,,,,,,,
2026-07-05T22:02:52.539919+00:00,2026-07-05T22:02:52.539887,2,2,163.6,0.4,163.4,150,163.3,100,,,,,,,,,,,,,,,,,163.8,4,163.9,100,,,,,,,,,,,,,,,,
2026-07-05T22:02:52.854028+00:00,2026-07-05T22:02:52.853947,1,1,163.55,0.5,163.3,100,,,,,,,,,,,,,,,,,,,163.8,4,,,,,,,,,,,,,,,,,,
2026-07-05T22:02:52.909133+00:00,2026-07-05T22:02:52.909026,2,1,163.7,0.2,163.6,150,163.3,100,,,,,,,,,,,,,,,,,163.8,4,,,,,,,,,,,,,,,,,,
2026-07-05T22:02:52.958641+00:00,2026-07-05T22:02:52.956404,2,2,163.7,0.2,163.6,150,163.3,100,,,,,,,,,,,,,,,,,163.8,4,164.1,150,,,,,,,,,,,,,,,,
2026-07-05T22:02:53.675593+00:00,2026-07-05T22:02:53.675754,1,1,163.85,0.5,163.6,150,,,,,,,,,,,,,,,,,,,164.1,150,,,,,,,,,,,,,,,,,,
2026-07-05T22:02:53.730058+00:00,2026-07-05T22:02:53.730143,2,1,163.95,0.3,163.8,100,163.6,150,,,,,,,,,,,,,,,,,164.1,150,,,,,,,,,,,,,,,,,,
2026-07-05T22:02:53.783279+00:00,2026-07-05T22:02:53.783388,2,2,163.95,0.3,163.8,100,163.6,150,,,,,,,,,,,,,,,,,164.1,150,164.3,100,,,,,,,,,,,,,,,,
2026-07-05T22:02:54.492322+00:00,2026-07-05T22:02:54.492128,2,2,163.95,0.3,163.8,100,163.6,150,,,,,,,,,,,,,,,,,164.1,110,164.3,100,,,,,,,,,,,,,,,,
2026-07-05T22:02:54.648663+00:00,2026-07-05T22:02:54.648592,2,2,163.95,0.3,163.8,100,163.6,150,,,,,,,,,,,,,,,,,164.1,60,164.3,100,,,,,,,,,,,,,,,,
2026-07-05T22:02:56.015477+00:00,2026-07-05T22:02:56.015375,1,1,164.05,0.5,163.8,100,,,,,,,,,,,,,,,,,,,164.3,100,,,,,,,,,,,,,,,,,,
2026-07-05T22:02:56.066923+00:00,2026-07-05T22:02:56.067072,2,1,164.15,0.3,164.0,150,163.8,100,,,,,,,,,,,,,,,,,164.3,100,,,,,,,,,,,,,,,,,,
2026-07-05T22:02:56.076699+00:00,2026-07-05T22:02:56.071086,2,1,164.15,0.3,164.0,138,163.8,100,,,,,,,,,,,,,,,,,164.3,100,,,,,,,,,,,,,,,,,,
2026-07-05T22:02:56.121163+00:00,2026-07-05T22:02:56.121290,2,2,164.15,0.3,164.0,138,163.8,100,,,,,,,,,,,,,,,,,164.3,100,164.5,150,,,,,,,,,,,,,,,,
2026-07-05T22:02:56.763833+00:00,2026-07-05T22:02:56.763761,2,2,164.15,0.3,164.0,138,163.8,100,,,,,,,,,,,,,,,,,164.3,50,164.5,150,,,,,,,,,,,,,,,,
2026-07-05T22:02:56.837320+00:00,2026-07-05T22:02:56.837223,1,1,164.25,0.5,164.0,138,,,,,,,,,,,,,,,,,,,164.5,150,,,,,,,,,,,,,,,,,,
2026-07-05T22:02:56.889193+00:00,2026-07-05T22:02:56.889094,2,1,164.25,0.5,164.0,138,163.8,100,,,,,,,,,,,,,,,,,164.5,150,,,,,,,,,,,,,,,,,,
2026-07-05T22:02:56.944467+00:00,2026-07-05T22:02:56.944353,2,2,164.15,0.3,164.0,138,163.8,100,,,,,,,,,,,,,,,,,164.3,100,164.5,150,,,,,,,,,,,,,,,,
2026-07-05T22:02:58.860933+00:00,2026-07-05T22:02:58.861222,2,2,164.15,0.3,164.0,138,163.8,100,,,,,,,,,,,,,,,,,164.3,50,164.5,150,,,,,,,,,,,,,,,,
2026-07-05T22:02:59.140653+00:00,2026-07-05T22:02:59.140582,2,2,164.15,0.3,164.0,94,163.8,100,,,,,,,,,,,,,,,,,164.3,50,164.5,150,,,,,,,,,,,,,,,,
2026-07-05T22:02:59.176723+00:00,2026-07-05T22:02:59.176679,1,1,164.05,0.5,163.8,100,,,,,,,,,,,,,,,,,,,164.3,50,,,,,,,,,,,,,,,,,,
2026-07-05T22:02:59.232387+00:00,2026-07-05T22:02:59.232529,2,1,164.05,0.5,163.8,100,163.7,150,,,,,,,,,,,,,,,,,164.3,50,,,,,,,,,,,,,,,,,,
2026-07-05T22:02:59.285013+00:00,2026-07-05T22:02:59.284845,2,2,164.0,0.4,163.8,100,163.7,150,,,,,,,,,,,,,,,,,164.2,150,164.3,50,,,,,,,,,,,,,,,,
2026-07-05T22:02:59.996367+00:00,2026-07-05T22:02:59.996565,2,1,164.0,0.4,163.8,100,163.7,150,,,,,,,,,,,,,,,,,164.2,150,,,,,,,,,,,,,,,,,,
2026-07-05T22:03:00.001857+00:00,2026-07-05T22:03:00.001735,1,1,163.95,0.5,163.7,150,,,,,,,,,,,,,,,,,,,164.2,150,,,,,,,,,,,,,,,,,,
2026-07-05T22:03:00.058533+00:00,2026-07-05T22:03:00.055077,2,1,164.1,0.2,164.0,100,163.7,150,,,,,,,,,,,,,,,,,164.2,150,,,,,,,,,,,,,,,,,,
2026-07-05T22:03:00.106035+00:00,2026-07-05T22:03:00.105992,2,2,164.1,0.2,164.0,100,163.7,150,,,,,,,,,,,,,,,,,164.2,150,164.5,100,,,,,,,,,,,,,,,,
2026-07-05T22:03:02.339504+00:00,2026-07-05T22:03:02.339402,1,1,164.25,0.5,164.0,100,,,,,,,,,,,,,,,,,,,164.5,100,,,,,,,,,,,,,,,,,,
2026-07-05T22:03:02.394126+00:00,2026-07-05T22:03:02.394043,2,1,164.25,0.5,164.0,100,163.8,150,,,,,,,,,,,,,,,,,164.5,100,,,,,,,,,,,,,,,,,,
2026-07-05T22:03:02.458574+00:00,2026-07-05T22:03:02.448558,2,2,164.15,0.3,164.0,100,163.8,150,,,,,,,,,,,,,,,,,164.3,150,164.5,100,,,,,,,,,,,,,,,,
2026-07-05T22:03:03.085674+00:00,2026-07-05T22:03:03.085791,2,2,164.15,0.3,164.0,100,163.8,150,,,,,,,,,,,,,,,,,164.3,100,164.5,100,,,,,,,,,,,,,,,,
2026-07-05T22:03:03.162160+00:00,2026-07-05T22:03:03.162086,1,1,164.05,0.5,163.8,150,,,,,,,,,,,,,,,,,,,164.3,100,,,,,,,,,,,,,,,,,,
2026-07-05T22:03:03.214660+00:00,2026-07-05T22:03:03.214741,2,1,164.2,0.2,164.1,100,163.8,150,,,,,,,,,,,,,,,,,164.3,100,,,,,,,,,,,,,,,,,,
2026-07-05T22:03:03.225904+00:00,2026-07-05T22:03:03.219419,2,1,164.2,0.2,164.1,89,163.8,150,,,,,,,,,,,,,,,,,164.3,100,,,,,,,,,,,,,,,,,,
2026-07-05T22:03:03.268233+00:00,2026-07-05T22:03:03.268167,2,2,164.2,0.2,164.1,89,163.8,150,,,,,,,,,,,,,,,,,164.3,100,164.6,100,,,,,,,,,,,,,,,,
2026-07-05T22:03:05.190556+00:00,2026-07-05T22:03:05.190439,2,2,164.2,0.2,164.1,89,163.8,150,,,,,,,,,,,,,,,,,164.3,50,164.6,100,,,,,,,,,,,,,,,,
2026-07-05T22:03:05.500195+00:00,2026-07-05T22:03:05.500358,2,1,164.35,0.5,164.1,89,163.8,150,,,,,,,,,,,,,,,,,164.6,100,,,,,,,,,,,,,,,,,,
2026-07-05T22:03:05.505683+00:00,2026-07-05T22:03:05.505566,1,1,164.35,0.5,164.1,89,,,,,,,,,,,,,,,,,,,164.6,100,,,,,,,,,,,,,,,,,,
2026-07-05T22:03:05.558626+00:00,2026-07-05T22:03:05.558461,1,1,164.35,0.5,164.1,239,,,,,,,,,,,,,,,,,,,164.6,100,,,,,,,,,,,,,,,,,,
2026-07-05T22:03:05.611479+00:00,2026-07-05T22:03:05.611412,1,1,164.35,0.5,164.1,239,,,,,,,,,,,,,,,,,,,164.6,250,,,,,,,,,,,,,,,,,,
2026-07-05T22:03:06.296608+00:00,2026-07-05T22:03:06.291626,1,1,164.35,0.5,164.1,216,,,,,,,,,,,,,,,,,,,164.6,250,,,,,,,,,,,,,,,,,,
2026-07-05T22:03:06.326137+00:00,2026-07-05T22:03:06.326064,1,1,164.35,0.5,164.1,150,,,,,,,,,,,,,,,,,,,164.6,150,,,,,,,,,,,,,,,,,,
2026-07-05T22:03:06.376884+00:00,2026-07-05T22:03:06.376781,2,1,164.35,0.5,164.1,150,163.7,100,,,,,,,,,,,,,,,,,164.6,150,,,,,,,,,,,,,,,,,,
2026-07-05T22:03:06.432256+00:00,2026-07-05T22:03:06.432169,2,2,164.15,0.1,164.1,150,163.7,100,,,,,,,,,,,,,,,,,164.2,100,164.6,150,,,,,,,,,,,,,,,,
2026-07-05T22:03:07.304995+00:00,2026-07-05T22:03:07.304906,2,2,164.15,0.1,164.1,150,163.7,100,,,,,,,,,,,,,,,,,164.2,50,164.6,150,,,,,,,,,,,,,,,,
2026-07-05T22:03:07.610380+00:00,2026-07-05T22:03:07.604197,2,2,164.15,0.1,164.1,147,163.7,100,,,,,,,,,,,,,,,,,164.2,50,164.6,150,,,,,,,,,,,,,,,,
2026-07-05T22:03:08.665596+00:00,2026-07-05T22:03:08.665501,1,1,163.95,0.5,163.7,100,,,,,,,,,,,,,,,,,,,164.2,50,,,,,,,,,,,,,,,,,,
2026-07-05T22:03:08.720609+00:00,2026-07-05T22:03:08.720514,1,1,163.95,0.5,163.7,250,,,,,,,,,,,,,,,,,,,164.2,50,,,,,,,,,,,,,,,,,,
2026-07-05T22:03:08.776628+00:00,2026-07-05T22:03:08.776587,1,1,163.95,0.5,163.7,250,,,,,,,,,,,,,,,,,,,164.2,200,,,,,,,,,,,,,,,,,,
2026-07-05T22:03:09.485838+00:00,2026-07-05T22:03:09.485791,1,1,163.95,0.5,163.7,150,,,,,,,,,,,,,,,,,,,164.2,150,,,,,,,,,,,,,,,,,,
2026-07-05T22:03:09.540200+00:00,2026-07-05T22:03:09.540117,1,1,163.95,0.5,163.7,250,,,,,,,,,,,,,,,,,,,164.2,150,,,,,,,,,,,,,,,,,,
2026-07-05T22:03:09.592309+00:00,2026-07-05T22:03:09.592438,1,1,163.95,0.5,163.7,250,,,,,,,,,,,,,,,,,,,164.2,250,,,,,,,,,,,,,,,,,,
2026-07-05T22:03:09.980711+00:00,2026-07-05T22:03:09.980839,1,1,163.95,0.5,163.7,201,,,,,,,,,,,,,,,,,,,164.2,250,,,,,,,,,,,,,,,,,,
2026-07-05T22:03:11.058579+00:00,2026-07-05T22:03:11.057998,1,1,163.95,0.5,163.7,158,,,,,,,,,,,,,,,,,,,164.2,250,,,,,,,,,,,,,,,,,,
2026-07-05T22:03:11.564576+00:00,2026-07-05T22:03:11.564341,1,1,163.95,0.5,163.7,108,,,,,,,,,,,,,,,,,,,164.2,250,,,,,,,,,,,,,,,,,,
2026-07-05T22:03:11.830600+00:00,2026-07-05T22:03:11.830723,1,1,163.95,0.5,163.7,100,,,,,,,,,,,,,,,,,,,164.2,100,,,,,,,,,,,,,,,,,,
2026-07-05T22:03:11.886292+00:00,2026-07-05T22:03:11.886186,2,1,163.95,0.5,163.7,100,163.2,150,,,,,,,,,,,,,,,,,164.2,100,,,,,,,,,,,,,,,,,,
2026-07-05T22:03:11.949831+00:00,2026-07-05T22:03:11.943700,1,2,163.45,0.5,163.2,150,,,,,,,,,,,,,,,,,,,163.7,36,164.2,100,,,,,,,,,,,,,,,,
2026-07-05T22:03:12.647567+00:00,2026-07-05T22:03:12.647305,1,1,163.45,0.5,163.2,150,,,,,,,,,,,,,,,,,,,163.7,36,,,,,,,,,,,,,,,,,,
2026-07-05T22:03:12.695194+00:00,2026-07-05T22:03:12.695068,2,1,163.55,0.3,163.4,100,163.2,150,,,,,,,,,,,,,,,,,163.7,36,,,,,,,,,,,,,,,,,,
2026-07-05T22:03:12.758632+00:00,2026-07-05T22:03:12.753650,2,2,163.55,0.3,163.4,100,163.2,150,,,,,,,,,,,,,,,,,163.7,36,163.9,100,,,,,,,,,,,,,,,,
2026-07-05T22:03:12.875173+00:00,2026-07-05T22:03:12.869566,2,2,163.55,0.3,163.4,100,163.2,150,,,,,,,,,,,,,,,,,163.7,24,163.9,100,,,,,,,,,,,,,,,,
2026-07-05T22:03:13.622005+00:00,2026-07-05T22:03:13.621876,2,1,163.65,0.5,163.4,100,163.2,150,,,,,,,,,,,,,,,,,163.9,74,,,,,,,,,,,,,,,,,,
2026-07-05T22:03:14.901384+00:00,2026-07-05T22:03:14.901310,2,1,163.65,0.5,163.4,100,163.2,150,,,,,,,,,,,,,,,,,163.9,33,,,,,,,,,,,,,,,,,,
2026-07-05T22:03:14.990376+00:00,2026-07-05T22:03:14.990262,1,1,163.65,0.5,163.4,100,,,,,,,,,,,,,,,,,,,163.9,33,,,,,,,,,,,,,,,,,,
2026-07-05T22:03:15.043759+00:00,2026-07-05T22:03:15.043665,2,1,163.85,0.1,163.8,150,163.4,100,,,,,,,,,,,,,,,,,163.9,33,,,,,,,,,,,,,,,,,,
2026-07-05T22:03:15.101308+00:00,2026-07-05T22:03:15.101452,2,2,163.85,0.1,163.8,150,163.4,100,,,,,,,,,,,,,,,,,163.9,33,164.3,150,,,,,,,,,,,,,,,,
2026-07-05T22:03:15.796675+00:00,2026-07-05T22:03:15.796553,2,2,163.85,0.1,163.8,100,163.4,100,,,,,,,,,,,,,,,,,163.9,33,164.3,150,,,,,,,,,,,,,,,,
2026-07-05T22:03:15.807022+00:00,2026-07-05T22:03:15.807002,1,1,164.05,0.5,163.8,100,,,,,,,,,,,,,,,,,,,164.3,150,,,,,,,,,,,,,,,,,,
2026-07-05T22:03:15.858557+00:00,2026-07-05T22:03:15.854128,2,1,164.05,0.5,163.8,100,163.7,100,,,,,,,,,,,,,,,,,164.3,150,,,,,,,,,,,,,,,,,,
2026-07-05T22:03:15.914324+00:00,2026-07-05T22:03:15.914201,2,2,164.0,0.4,163.8,100,163.7,100,,,,,,,,,,,,,,,,,164.2,100,164.3,150,,,,,,,,,,,,,,,,
2026-07-05T22:03:15.964250+00:00,2026-07-05T22:03:15.964173,2,2,164.0,0.4,163.8,55,163.7,100,,,,,,,,,,,,,,,,,164.2,100,164.3,150,,,,,,,,,,,,,,,,
2026-07-05T22:03:17.924368+00:00,2026-07-05T22:03:17.924221,2,2,164.0,0.4,163.8,5,163.7,100,,,,,,,,,,,,,,,,,164.2,100,164.3,150,,,,,,,,,,,,,,,,
2026-07-05T22:03:18.151723+00:00,2026-07-05T22:03:18.151681,2,1,164.0,0.4,163.8,5,163.7,100,,,,,,,,,,,,,,,,,164.2,100,,,,,,,,,,,,,,,,,,
2026-07-05T22:03:18.158590+00:00,2026-07-05T22:03:18.156826,1,1,163.95,0.5,163.7,100,,,,,,,,,,,,,,,,,,,164.2,100,,,,,,,,,,,,,,,,,,
2026-07-05T22:03:18.208118+00:00,2026-07-05T22:03:18.208202,2,1,163.95,0.5,163.7,100,163.3,150,,,,,,,,,,,,,,,,,164.2,100,,,,,,,,,,,,,,,,,,
2026-07-05T22:03:18.257295+00:00,2026-07-05T22:03:18.257434,2,2,163.75,0.1,163.7,100,163.3,150,,,,,,,,,,,,,,,,,163.8,150,164.2,100,,,,,,,,,,,,,,,,
2026-07-05T22:03:18.858546+00:00,2026-07-05T22:03:18.856880,2,2,163.75,0.1,163.7,100,163.3,150,,,,,,,,,,,,,,,,,163.8,103,164.2,100,,,,,,,,,,,,,,,,
2026-07-05T22:03:18.970259+00:00,2026-07-05T22:03:18.970132,1,1,163.55,0.5,163.3,150,,,,,,,,,,,,,,,,,,,163.8,103,,,,,,,,,,,,,,,,,,
2026-07-05T22:03:19.025461+00:00,2026-07-05T22:03:19.025287,2,1,163.75,0.1,163.7,100,163.3,150,,,,,,,,,,,,,,,,,163.8,103,,,,,,,,,,,,,,,,,,
2026-07-05T22:03:19.078043+00:00,2026-07-05T22:03:19.077978,2,2,163.75,0.1,163.7,100,163.3,150,,,,,,,,,,,,,,,,,163.8,103,164.2,100,,,,,,,,,,,,,,,,
2026-07-05T22:03:20.030137+00:00,2026-07-05T22:03:20.030036,2,2,163.75,0.1,163.7,50,163.3,150,,,,,,,,,,,,,,,,,163.8,103,164.2,100,,,,,,,,,,,,,,,,
2026-07-05T22:03:21.316924+00:00,2026-07-05T22:03:21.317045,1,1,163.95,0.5,163.7,50,,,,,,,,,,,,,,,,,,,164.2,100,,,,,,,,,,,,,,,,,,
2026-07-05T22:03:21.369884+00:00,2026-07-05T22:03:21.369818,1,1,163.95,0.5,163.7,200,,,,,,,,,,,,,,,,,,,164.2,100,,,,,,,,,,,,,,,,,,
2026-07-05T22:03:21.423753+00:00,2026-07-05T22:03:21.423728,1,1,163.95,0.5,163.7,200,,,,,,,,,,,,,,,,,,,164.2,250,,,,,,,,,,,,,,,,,,
2026-07-05T22:03:22.129933+00:00,2026-07-05T22:03:22.130031,1,1,163.95,0.5,163.7,150,,,,,,,,,,,,,,,,,,,164.2,150,,,,,,,,,,,,,,,,,,
2026-07-05T22:03:22.135259+00:00,2026-07-05T22:03:22.135216,1,1,163.95,0.5,163.7,100,,,,,,,,,,,,,,,,,,,164.2,150,,,,,,,,,,,,,,,,,,
2026-07-05T22:03:22.183311+00:00,2026-07-05T22:03:22.183286,2,1,164.05,0.3,163.9,100,163.7,100,,,,,,,,,,,,,,,,,164.2,150,,,,,,,,,,,,,,,,,,
2026-07-05T22:03:22.236272+00:00,2026-07-05T22:03:22.236214,2,2,164.05,0.3,163.9,100,163.7,100,,,,,,,,,,,,,,,,,164.2,150,164.4,100,,,,,,,,,,,,,,,,
2026-07-05T22:03:23.081580+00:00,2026-07-05T22:03:23.081540,2,2,164.05,0.3,163.9,100,163.7,100,,,,,,,,,,,,,,,,,164.2,102,164.4,100,,,,,,,,,,,,,,,,
2026-07-05T22:03:24.269042+00:00,2026-07-05T22:03:24.268883,2,2,164.05,0.3,163.9,50,163.7,100,,,,,,,,,,,,,,,,,164.2,102,164.4,100,,,,,,,,,,,,,,,,
2026-07-05T22:03:24.480635+00:00,2026-07-05T22:03:24.480614,1,1,164.15,0.5,163.9,50,,,,,,,,,,,,,,,,,,,164.4,100,,,,,,,,,,,,,,,,,,
2026-07-05T22:03:24.535121+00:00,2026-07-05T22:03:24.535054,2,1,164.15,0.5,163.9,50,163.8,150,,,,,,,,,,,,,,,,,164.4,100,,,,,,,,,,,,,,,,,,
2026-07-05T22:03:24.586668+00:00,2026-07-05T22:03:24.586569,2,2,164.1,0.4,163.9,50,163.8,150,,,,,,,,,,,,,,,,,164.3,150,164.4,100,,,,,,,,,,,,,,,,
2026-07-05T22:03:25.290974+00:00,2026-07-05T22:03:25.290929,1,1,164.05,0.5,163.8,150,,,,,,,,,,,,,,,,,,,164.3,150,,,,,,,,,,,,,,,,,,
2026-07-05T22:03:25.344855+00:00,2026-07-05T22:03:25.344753,1,1,164.05,0.5,163.8,250,,,,,,,,,,,,,,,,,,,164.3,150,,,,,,,,,,,,,,,,,,
2026-07-05T22:03:25.397717+00:00,2026-07-05T22:03:25.397679,1,1,164.05,0.5,163.8,250,,,,,,,,,,,,,,,,,,,164.3,250,,,,,,,,,,,,,,,,,,
2026-07-05T22:03:27.642992+00:00,2026-07-05T22:03:27.642839,1,1,164.05,0.5,163.8,100,,,,,,,,,,,,,,,,,,,164.3,100,,,,,,,,,,,,,,,,,,
2026-07-05T22:03:27.698274+00:00,2026-07-05T22:03:27.698200,2,1,164.1,0.4,163.9,150,163.8,100,,,,,,,,,,,,,,,,,164.3,100,,,,,,,,,,,,,,,,,,
2026-07-05T22:03:27.758782+00:00,2026-07-05T22:03:27.758629,2,2,164.1,0.4,163.9,150,163.8,100,,,,,,,,,,,,,,,,,164.3,100,164.4,150,,,,,,,,,,,,,,,,
2026-07-05T22:03:28.101223+00:00,2026-07-05T22:03:28.101166,2,2,164.1,0.4,163.9,150,163.8,100,,,,,,,,,,,,,,,,,164.3,54,164.4,150,,,,,,,,,,,,,,,,
2026-07-05T22:03:28.458574+00:00,2026-07-05T22:03:28.446154,1,1,164.15,0.5,163.9,150,,,,,,,,,,,,,,,,,,,164.4,150,,,,,,,,,,,,,,,,,,
2026-07-05T22:03:28.474664+00:00,2026-07-05T22:03:28.474462,1,1,164.15,0.5,163.9,100,,,,,,,,,,,,,,,,,,,164.4,150,,,,,,,,,,,,,,,,,,
2026-07-05T22:03:28.516788+00:00,2026-07-05T22:03:28.516613,2,1,164.2,0.4,164.0,100,163.9,100,,,,,,,,,,,,,,,,,164.4,150,,,,,,,,,,,,,,,,,,
2026-07-05T22:03:28.564559+00:00,2026-07-05T22:03:28.564684,2,2,164.2,0.4,164.0,100,163.9,100,,,,,,,,,,,,,,,,,164.4,150,164.5,100,,,,,,,,,,,,,,,,
2026-07-05T22:03:29.910490+00:00,2026-07-05T22:03:29.910382,2,2,164.2,0.4,164.0,59,163.9,100,,,,,,,,,,,,,,,,,164.4,150,164.5,100,,,,,,,,,,,,,,,,
2026-07-05T22:03:30.807529+00:00,2026-07-05T22:03:30.807502,1,1,164.25,0.5,164.0,59,,,,,,,,,,,,,,,,,,,164.5,100,,,,,,,,,,,,,,,,,,
2026-07-05T22:03:30.857130+00:00,2026-07-05T22:03:30.857336,2,1,164.25,0.5,164.0,59,163.6,150,,,,,,,,,,,,,,,,,164.5,100,,,,,,,,,,,,,,,,,,
2026-07-05T22:03:30.913901+00:00,2026-07-05T22:03:30.913823,2,2,164.05,0.1,164.0,59,163.6,150,,,,,,,,,,,,,,,,,164.1,150,164.5,100,,,,,,,,,,,,,,,,
2026-07-05T22:03:31.404075+00:00,2026-07-05T22:03:31.403953,2,2,164.05,0.1,164.0,15,163.6,150,,,,,,,,,,,,,,,,,164.1,150,164.5,100,,,,,,,,,,,,,,,,
2026-07-05T22:03:31.620413+00:00,2026-07-05T22:03:31.620298,1,1,163.85,0.5,163.6,150,,,,,,,,,,,,,,,,,,,164.1,150,,,,,,,,,,,,,,,,,,
2026-07-05T22:03:31.669716+00:00,2026-07-05T22:03:31.669630,2,1,163.95,0.3,163.8,100,163.6,150,,,,,,,,,,,,,,,,,164.1,150,,,,,,,,,,,,,,,,,,
2026-07-05T22:03:31.727295+00:00,2026-07-05T22:03:31.727206,2,2,163.95,0.3,163.8,100,163.6,150,,,,,,,,,,,,,,,,,164.1,150,164.3,100,,,,,,,,,,,,,,,,
2026-07-05T22:03:32.633442+00:00,2026-07-05T22:03:32.633401,2,2,163.95,0.3,163.8,100,163.6,150,,,,,,,,,,,,,,,,,164.1,100,164.3,100,,,,,,,,,,,,,,,,
2026-07-05T22:03:32.819379+00:00,2026-07-05T22:03:32.813199,2,2,163.95,0.3,163.8,100,163.6,150,,,,,,,,,,,,,,,,,164.1,89,164.3,100,,,,,,,,,,,,,,,,
2026-07-05T22:03:33.366613+00:00,2026-07-05T22:03:33.366523,2,2,163.95,0.3,163.8,100,163.6,150,,,,,,,,,,,,,,,,,164.1,40,164.3,100,,,,,,,,,,,,,,,,
2026-07-05T22:03:33.873013+00:00,2026-07-05T22:03:33.872863,2,2,163.95,0.3,163.8,57,163.6,150,,,,,,,,,,,,,,,,,164.1,40,164.3,100,,,,,,,,,,,,,,,,
2026-07-05T22:03:33.985485+00:00,2026-07-05T22:03:33.985405,1,1,164.05,0.5,163.8,57,,,,,,,,,,,,,,,,,,,164.3,100,,,,,,,,,,,,,,,,,,
2026-07-05T22:03:34.038778+00:00,2026-07-05T22:03:34.038751,2,0,,,164.3,50,163.8,57,,,,,,,,,,,,,,,,,,,,,,,,,,,,,,,,,,,,
2026-07-05T22:03:34.093525+00:00,2026-07-05T22:03:34.093690,2,1,164.55,0.5,164.3,50,163.8,57,,,,,,,,,,,,,,,,,164.8,150,,,,,,,,,,,,,,,,,,
2026-07-05T22:03:34.104288+00:00,2026-07-05T22:03:34.097874,2,1,164.55,0.5,164.3,39,163.8,57,,,,,,,,,,,,,,,,,164.8,150,,,,,,,,,,,,,,,,,,
2026-07-05T22:03:34.785055+00:00,2026-07-05T22:03:34.784947,1,1,164.55,0.5,164.3,39,,,,,,,,,,,,,,,,,,,164.8,150,,,,,,,,,,,,,,,,,,
2026-07-05T22:03:34.834153+00:00,2026-07-05T22:03:34.834065,2,1,164.55,0.5,164.3,39,163.9,100,,,,,,,,,,,,,,,,,164.8,150,,,,,,,,,,,,,,,,,,
2026-07-05T22:03:34.887380+00:00,2026-07-05T22:03:34.887351,2,2,164.35,0.1,164.3,39,163.9,100,,,,,,,,,,,,,,,,,164.4,100,164.8,150,,,,,,,,,,,,,,,,
2026-07-05T22:03:35.463800+00:00,2026-07-05T22:03:35.463911,1,2,164.15,0.5,163.9,100,,,,,,,,,,,,,,,,,,,164.4,100,164.8,150,,,,,,,,,,,,,,,,
2026-07-05T22:03:36.088664+00:00,2026-07-05T22:03:36.088550,1,2,164.15,0.5,163.9,100,,,,,,,,,,,,,,,,,,,164.4,51,164.8,150,,,,,,,,,,,,,,,,
2026-07-05T22:03:36.670462+00:00,2026-07-05T22:03:36.670353,1,2,164.15,0.5,163.9,55,,,,,,,,,,,,,,,,,,,164.4,51,164.8,150,,,,,,,,,,,,,,,,
2026-07-05T22:03:36.845526+00:00,2026-07-05T22:03:36.845411,1,2,164.15,0.5,163.9,55,,,,,,,,,,,,,,,,,,,164.4,1,164.8,150,,,,,,,,,,,,,,,,
2026-07-05T22:03:37.150806+00:00,2026-07-05T22:03:37.150974,1,1,164.15,0.5,163.9,55,,,,,,,,,,,,,,,,,,,164.4,1,,,,,,,,,,,,,,,,,,
2026-07-05T22:03:37.204050+00:00,2026-07-05T22:03:37.203967,2,1,164.15,0.5,163.9,55,163.5,150,,,,,,,,,,,,,,,,,164.4,1,,,,,,,,,,,,,,,,,,
2026-07-05T22:03:37.252328+00:00,2026-07-05T22:03:37.252453,2,2,163.95,0.1,163.9,55,163.5,150,,,,,,,,,,,,,,,,,164.0,150,164.4,1,,,,,,,,,,,,,,,,
2026-07-05T22:03:37.269807+00:00,2026-07-05T22:03:37.263340,2,2,163.95,0.1,163.9,55,163.5,150,,,,,,,,,,,,,,,,,164.0,139,164.4,1,,,,,,,,,,,,,,,,
2026-07-05T22:03:37.940456+00:00,2026-07-05T22:03:37.940340,1,1,163.75,0.5,163.5,150,,,,,,,,,,,,,,,,,,,164.0,139,,,,,,,,,,,,,,,,,,
2026-07-05T22:03:37.995450+00:00,2026-07-05T22:03:37.995658,1,1,163.75,0.5,163.5,150,,,,,,,,,,,,,,,,,,,164.0,39,,,,,,,,,,,,,,,,,,
2026-07-05T22:03:38.049281+00:00,2026-07-05T22:03:38.049416,1,2,163.75,0.5,163.5,150,,,,,,,,,,,,,,,,,,,164.0,39,164.5,100,,,,,,,,,,,,,,,,
2026-07-05T22:03:38.952228+00:00,2026-07-05T22:03:38.952090,1,1,164.0,1.0,163.5,150,,,,,,,,,,,,,,,,,,,164.5,89,,,,,,,,,,,,,,,,,,
2026-07-05T22:03:39.696354+00:00,2026-07-05T22:03:39.696286,1,1,164.0,1.0,163.5,150,,,,,,,,,,,,,,,,,,,164.5,48,,,,,,,,,,,,,,,,,,
2026-07-05T22:03:40.311874+00:00,2026-07-05T22:03:40.311777,0,1,,,,,,,,,,,,,,,,,,,,,,,164.5,48,,,,,,,,,,,,,,,,,,
2026-07-05T22:03:40.365064+00:00,2026-07-05T22:03:40.365000,1,1,164.35,0.3,164.2,150,,,,,,,,,,,,,,,,,,,164.5,48,,,,,,,,,,,,,,,,,,
2026-07-05T22:03:40.419146+00:00,2026-07-05T22:03:40.419047,1,2,164.35,0.3,164.2,150,,,,,,,,,,,,,,,,,,,164.5,48,164.7,150,,,,,,,,,,,,,,,,
2026-07-05T22:03:40.433970+00:00,2026-07-05T22:03:40.428039,1,2,164.35,0.3,164.2,139,,,,,,,,,,,,,,,,,,,164.5,48,164.7,150,,,,,,,,,,,,,,,,
2026-07-05T22:03:41.104103+00:00,2026-07-05T22:03:41.104068,1,1,164.45,0.5,164.2,139,,,,,,,,,,,,,,,,,,,164.7,150,,,,,,,,,,,,,,,,,,
2026-07-05T22:03:41.114454+00:00,2026-07-05T22:03:41.114432,1,1,164.45,0.5,164.2,89,,,,,,,,,,,,,,,,,,,164.7,150,,,,,,,,,,,,,,,,,,
2026-07-05T22:03:41.160572+00:00,2026-07-05T22:03:41.160510,2,1,164.45,0.5,164.2,89,163.8,100,,,,,,,,,,,,,,,,,164.7,150,,,,,,,,,,,,,,,,,,
2026-07-05T22:03:41.214028+00:00,2026-07-05T22:03:41.214224,2,2,164.25,0.1,164.2,89,163.8,100,,,,,,,,,,,,,,,,,164.3,100,164.7,150,,,,,,,,,,,,,,,,
2026-07-05T22:03:41.654057+00:00,2026-07-05T22:03:41.653877,2,2,164.25,0.1,164.2,41,163.8,100,,,,,,,,,,,,,,,,,164.3,100,164.7,150,,,,,,,,,,,,,,,,
2026-07-05T22:03:42.195450+00:00,2026-07-05T22:03:42.195575,2,2,164.25,0.1,164.2,41,163.8,100,,,,,,,,,,,,,,,,,164.3,53,164.7,150,,,,,,,,,,,,,,,,
2026-07-05T22:03:43.051521+00:00,2026-07-05T22:03:43.045545,2,2,164.25,0.1,164.2,29,163.8,100,,,,,,,,,,,,,,,,,164.3,53,164.7,150,,,,,,,,,,,,,,,,
2026-07-05T22:03:43.165734+00:00,2026-07-05T22:03:43.165644,2,2,164.25,0.1,164.2,29,163.8,100,,,,,,,,,,,,,,,,,164.3,3,164.7,150,,,,,,,,,,,,,,,,
2026-07-05T22:03:43.469071+00:00,2026-07-05T22:03:43.468998,2,1,164.25,0.1,164.2,29,163.8,100,,,,,,,,,,,,,,,,,164.3,3,,,,,,,,,,,,,,,,,,
2026-07-05T22:03:43.474081+00:00,2026-07-05T22:03:43.474152,1,1,164.05,0.5,163.8,100,,,,,,,,,,,,,,,,,,,164.3,3,,,,,,,,,,,,,,,,,,
2026-07-05T22:03:43.528044+00:00,2026-07-05T22:03:43.527991,2,1,164.05,0.5,163.8,100,163.6,150,,,,,,,,,,,,,,,,,164.3,3,,,,,,,,,,,,,,,,,,
2026-07-05T22:03:43.580790+00:00,2026-07-05T22:03:43.580720,2,2,163.95,0.3,163.8,100,163.6,150,,,,,,,,,,,,,,,,,164.1,150,164.3,3,,,,,,,,,,,,,,,,
2026-07-05T22:03:44.271107+00:00,2026-07-05T22:03:44.271054,1,1,163.85,0.5,163.6,150,,,,,,,,,,,,,,,,,,,164.1,150,,,,,,,,,,,,,,,,,,
2026-07-05T22:03:44.325316+00:00,2026-07-05T22:03:44.325292,1,1,163.85,0.5,163.6,150,,,,,,,,,,,,,,,,,,,164.1,50,,,,,,,,,,,,,,,,,,
2026-07-05T22:03:44.380353+00:00,2026-07-05T22:03:44.380268,1,2,163.85,0.5,163.6,150,,,,,,,,,,,,,,,,,,,164.1,50,164.6,100,,,,,,,,,,,,,,,,
2026-07-05T22:03:45.274899+00:00,2026-07-05T22:03:45.274877,1,1,164.1,1.0,163.6,150,,,,,,,,,,,,,,,,,,,164.6,100,,,,,,,,,,,,,,,,,,
2026-07-05T22:03:46.634721+00:00,2026-07-05T22:03:46.634622,0,1,,,,,,,,,,,,,,,,,,,,,,,164.6,100,,,,,,,,,,,,,,,,,,
2026-07-05T22:03:46.687359+00:00,2026-07-05T22:03:46.687257,1,1,164.4,0.4,164.2,150,,,,,,,,,,,,,,,,,,,164.6,100,,,,,,,,,,,,,,,,,,
2026-07-05T22:03:46.743048+00:00,2026-07-05T22:03:46.743177,1,2,164.4,0.4,164.2,150,,,,,,,,,,,,,,,,,,,164.6,100,164.7,150,,,,,,,,,,,,,,,,
2026-07-05T22:03:47.384029+00:00,2026-07-05T22:03:47.383976,1,2,164.4,0.4,164.2,150,,,,,,,,,,,,,,,,,,,164.6,50,164.7,150,,,,,,,,,,,,,,,,
2026-07-05T22:03:47.434103+00:00,2026-07-05T22:03:47.434054,1,1,164.45,0.5,164.2,150,,,,,,,,,,,,,,,,,,,164.7,150,,,,,,,,,,,,,,,,,,
2026-07-05T22:03:47.486980+00:00,2026-07-05T22:03:47.486890,2,1,164.45,0.5,164.2,150,163.9,100,,,,,,,,,,,,,,,,,164.7,150,,,,,,,,,,,,,,,,,,
2026-07-05T22:03:47.539864+00:00,2026-07-05T22:03:47.539954,2,2,164.3,0.2,164.2,150,163.9,100,,,,,,,,,,,,,,,,,164.4,100,164.7,150,,,,,,,,,,,,,,,,
2026-07-05T22:03:48.575406+00:00,2026-07-05T22:03:48.568632,2,2,164.3,0.2,164.2,139,163.9,100,,,,,,,,,,,,,,,,,164.4,100,164.7,150,,,,,,,,,,,,,,,,
2026-07-05T22:03:48.638941+00:00,2026-07-05T22:03:48.638903,2,2,164.3,0.2,164.2,96,163.9,100,,,,,,,,,,,,,,,,,164.4,100,164.7,150,,,,,,,,,,,,,,,,
2026-07-05T22:03:49.491770+00:00,2026-07-05T22:03:49.491689,2,2,164.3,0.2,164.2,96,163.9,100,,,,,,,,,,,,,,,,,164.4,50,164.7,150,,,,,,,,,,,,,,,,
2026-07-05T22:03:49.679423+00:00,2026-07-05T22:03:49.679599,2,2,164.3,0.2,164.2,96,163.9,100,,,,,,,,,,,,,,,,,164.4,2,164.7,150,,,,,,,,,,,,,,,,
2026-07-05T22:03:49.799574+00:00,2026-07-05T22:03:49.799472,1,1,164.15,0.5,163.9,100,,,,,,,,,,,,,,,,,,,164.4,2,,,,,,,,,,,,,,,,,,
2026-07-05T22:03:49.854505+00:00,2026-07-05T22:03:49.854600,2,1,164.2,0.4,164.0,150,163.9,100,,,,,,,,,,,,,,,,,164.4,2,,,,,,,,,,,,,,,,,,
2026-07-05T22:03:49.907327+00:00,2026-07-05T22:03:49.907286,2,2,164.2,0.4,164.0,150,163.9,100,,,,,,,,,,,,,,,,,164.4,2,164.5,150,,,,,,,,,,,,,,,,
2026-07-05T22:03:50.589608+00:00,2026-07-05T22:03:50.589525,2,1,164.25,0.5,164.0,150,163.9,100,,,,,,,,,,,,,,,,,164.5,150,,,,,,,,,,,,,,,,,,
2026-07-05T22:03:50.594818+00:00,2026-07-05T22:03:50.594724,1,1,164.25,0.5,164.0,150,,,,,,,,,,,,,,,,,,,164.5,150,,,,,,,,,,,,,,,,,,
2026-07-05T22:03:50.648202+00:00,2026-07-05T22:03:50.648120,2,1,164.4,0.2,164.3,100,164.0,150,,,,,,,,,,,,,,,,,164.5,150,,,,,,,,,,,,,,,,,,
2026-07-05T22:03:50.701478+00:00,2026-07-05T22:03:50.701349,2,2,164.4,0.2,164.3,100,164.0,150,,,,,,,,,,,,,,,,,164.5,150,164.8,100,,,,,,,,,,,,,,,,
2026-07-05T22:03:52.634431+00:00,2026-07-05T22:03:52.634330,2,2,164.4,0.2,164.3,60,164.0,150,,,,,,,,,,,,,,,,,164.5,150,164.8,100,,,,,,,,,,,,,,,,
2026-07-05T22:03:52.958590+00:00,2026-07-05T22:03:52.954418,1,1,164.55,0.5,164.3,60,,,,,,,,,,,,,,,,,,,164.8,100,,,,,,,,,,,,,,,,,,
2026-07-05T22:03:53.015220+00:00,2026-07-05T22:03:53.015135,2,1,164.55,0.5,164.3,60,164.0,150,,,,,,,,,,,,,,,,,164.8,100,,,,,,,,,,,,,,,,,,
2026-07-05T22:03:53.065344+00:00,2026-07-05T22:03:53.065228,2,2,164.4,0.2,164.3,60,164.0,150,,,,,,,,,,,,,,,,,164.5,150,164.8,100,,,,,,,,,,,,,,,,
2026-07-05T22:03:53.758563+00:00,2026-07-05T22:03:53.754936,1,1,164.25,0.5,164.0,100,,,,,,,,,,,,,,,,,,,164.5,150,,,,,,,,,,,,,,,,,,
2026-07-05T22:03:53.809555+00:00,2026-07-05T22:03:53.809490,2,1,164.4,0.2,164.3,100,164.0,100,,,,,,,,,,,,,,,,,164.5,150,,,,,,,,,,,,,,,,,,
2026-07-05T22:03:53.859103+00:00,2026-07-05T22:03:53.859073,2,2,164.4,0.2,164.3,100,164.0,100,,,,,,,,,,,,,,,,,164.5,150,164.8,100,,,,,,,,,,,,,,,,
2026-07-05T22:03:54.775349+00:00,2026-07-05T22:03:54.775317,2,2,164.4,0.2,164.3,100,164.0,100,,,,,,,,,,,,,,,,,164.5,105,164.8,100,,,,,,,,,,,,,,,,
2026-07-05T22:03:55.864469+00:00,2026-07-05T22:03:55.864604,2,2,164.4,0.2,164.3,50,164.0,100,,,,,,,,,,,,,,,,,164.5,105,164.8,100,,,,,,,,,,,,,,,,
2026-07-05T22:03:56.118616+00:00,2026-07-05T22:03:56.118584,1,1,164.55,0.5,164.3,50,,,,,,,,,,,,,,,,,,,164.8,100,,,,,,,,,,,,,,,,,,
2026-07-05T22:03:56.174058+00:00,2026-07-05T22:03:56.173965,2,1,164.55,0.5,164.3,50,163.9,150,,,,,,,,,,,,,,,,,164.8,100,,,,,,,,,,,,,,,,,,
2026-07-05T22:03:56.221858+00:00,2026-07-05T22:03:56.221764,2,2,164.35,0.1,164.3,50,163.9,150,,,,,,,,,,,,,,,,,164.4,150,164.8,100,,,,,,,,,,,,,,,,
2026-07-05T22:03:56.911114+00:00,2026-07-05T22:03:56.910958,1,1,164.15,0.5,163.9,150,,,,,,,,,,,,,,,,,,,164.4,150,,,,,,,,,,,,,,,,,,
2026-07-05T22:03:56.971584+00:00,2026-07-05T22:03:56.971544,1,1,164.15,0.5,163.9,250,,,,,,,,,,,,,,,,,,,164.4,150,,,,,,,,,,,,,,,,,,
2026-07-05T22:03:57.025171+00:00,2026-07-05T22:03:57.025048,1,1,164.15,0.5,163.9,250,,,,,,,,,,,,,,,,,,,164.4,250,,,,,,,,,,,,,,,,,,
2026-07-05T22:03:57.972343+00:00,2026-07-05T22:03:57.972271,1,1,164.15,0.5,163.9,200,,,,,,,,,,,,,,,,,,,164.4,250,,,,,,,,,,,,,,,,,,
2026-07-05T22:03:59.275981+00:00,2026-07-05T22:03:59.275885,1,1,164.15,0.5,163.9,100,,,,,,,,,,,,,,,,,,,164.4,100,,,,,,,,,,,,,,,,,,
2026-07-05T22:03:59.332960+00:00,2026-07-05T22:03:59.333067,2,1,164.15,0.5,163.9,100,163.7,150,,,,,,,,,,,,,,,,,164.4,100,,,,,,,,,,,,,,,,,,
2026-07-05T22:03:59.384798+00:00,2026-07-05T22:03:59.384728,2,2,164.05,0.3,163.9,100,163.7,150,,,,,,,,,,,,,,,,,164.2,150,164.4,100,,,,,,,,,,,,,,,,
2026-07-05T22:04:00.079607+00:00,2026-07-05T22:04:00.079460,2,1,164.05,0.3,163.9,50,163.7,150,,,,,,,,,,,,,,,,,164.2,150,,,,,,,,,,,,,,,,,,
2026-07-05T22:04:00.084777+00:00,2026-07-05T22:04:00.084654,1,1,163.95,0.5,163.7,150,,,,,,,,,,,,,,,,,,,164.2,150,,,,,,,,,,,,,,,,,,
2026-07-05T22:04:00.137788+00:00,2026-07-05T22:04:00.137700,2,1,164.05,0.3,163.9,100,163.7,150,,,,,,,,,,,,,,,,,164.2,150,,,,,,,,,,,,,,,,,,
2026-07-05T22:04:00.191003+00:00,2026-07-05T22:04:00.190806,2,2,164.05,0.3,163.9,100,163.7,150,,,,,,,,,,,,,,,,,164.2,150,164.4,100,,,,,,,,,,,,,,,,
2026-07-05T22:04:01.570580+00:00,2026-07-05T22:04:01.570494,2,2,164.05,0.3,163.9,100,163.7,150,,,,,,,,,,,,,,,,,164.2,101,164.4,100,,,,,,,,,,,,,,,,
2026-07-05T22:04:02.186614+00:00,2026-07-05T22:04:02.186489,2,2,164.05,0.3,163.9,50,163.7,150,,,,,,,,,,,,,,,,,164.2,101,164.4,100,,,,,,,,,,,,,,,,
2026-07-05T22:04:02.437577+00:00,2026-07-05T22:04:02.437480,1,1,164.15,0.5,163.9,50,,,,,,,,,,,,,,,,,,,164.4,100,,,,,,,,,,,,,,,,,,
2026-07-05T22:04:02.494224+00:00,2026-07-05T22:04:02.494100,2,1,164.15,0.5,163.9,50,163.8,150,,,,,,,,,,,,,,,,,164.4,100,,,,,,,,,,,,,,,,,,
2026-07-05T22:04:02.546671+00:00,2026-07-05T22:04:02.546762,2,2,164.1,0.4,163.9,50,163.8,150,,,,,,,,,,,,,,,,,164.3,150,164.4,100,,,,,,,,,,,,,,,,
2026-07-05T22:04:03.246205+00:00,2026-07-05T22:04:03.246353,1,1,164.05,0.5,163.8,150,,,,,,,,,,,,,,,,,,,164.3,150,,,,,,,,,,,,,,,,,,
2026-07-05T22:04:03.299029+00:00,2026-07-05T22:04:03.298919,2,1,164.05,0.5,163.8,150,163.6,100,,,,,,,,,,,,,,,,,164.3,150,,,,,,,,,,,,,,,,,,
2026-07-05T22:04:03.358629+00:00,2026-07-05T22:04:03.353771,2,2,163.95,0.3,163.8,150,163.6,100,,,,,,,,,,,,,,,,,164.1,100,164.3,150,,,,,,,,,,,,,,,,
2026-07-05T22:04:03.626152+00:00,2026-07-05T22:04:03.620596,2,2,163.95,0.3,163.8,150,163.6,100,,,,,,,,,,,,,,,,,164.1,89,164.3,150,,,,,,,,,,,,,,,,
2026-07-05T22:04:04.070281+00:00,2026-07-05T22:04:04.070123,2,2,163.95,0.3,163.8,101,163.6,100,,,,,,,,,,,,,,,,,164.1,89,164.3,150,,,,,,,,,,,,,,,,
2026-07-05T22:04:04.293460+00:00,2026-07-05T22:04:04.293405,2,2,163.95,0.3,163.8,51,163.6,100,,,,,,,,,,,,,,,,,164.1,89,164.3,150,,,,,,,,,,,,,,,,
2026-07-05T22:04:05.571408+00:00,2026-07-05T22:04:05.571266,2,2,163.95,0.3,163.8,9,163.6,100,,,,,,,,,,,,,,,,,164.1,89,164.3,150,,,,,,,,,,,,,,,,
2026-07-05T22:04:05.600649+00:00,2026-07-05T22:04:05.600522,1,1,163.85,0.5,163.6,100,,,,,,,,,,,,,,,,,,,164.1,89,,,,,,,,,,,,,,,,,,
2026-07-05T22:04:05.654240+00:00,2026-07-05T22:04:05.654381,2,1,163.85,0.5,163.6,100,163.3,150,,,,,,,,,,,,,,,,,164.1,89,,,,,,,,,,,,,,,,,,
2026-07-05T22:04:05.717645+00:00,2026-07-05T22:04:05.711765,2,2,163.7,0.2,163.6,100,163.3,150,,,,,,,,,,,,,,,,,163.8,127,164.1,89,,,,,,,,,,,,,,,,
2026-07-05T22:04:06.398606+00:00,2026-07-05T22:04:06.398572,2,2,163.7,0.2,163.6,50,163.3,150,,,,,,,,,,,,,,,,,163.8,127,164.1,89,,,,,,,,,,,,,,,,
2026-07-05T22:04:06.403907+00:00,2026-07-05T22:04:06.403788,2,1,163.7,0.2,163.6,50,163.3,150,,,,,,,,,,,,,,,,,163.8,127,,,,,,,,,,,,,,,,,,
2026-07-05T22:04:06.409029+00:00,2026-07-05T22:04:06.408972,1,1,163.55,0.5,163.3,150,,,,,,,,,,,,,,,,,,,163.8,127,,,,,,,,,,,,,,,,,,
2026-07-05T22:04:06.464115+00:00,2026-07-05T22:04:06.463882,2,1,163.65,0.3,163.5,100,163.3,150,,,,,,,,,,,,,,,,,163.8,127,,,,,,,,,,,,,,,,,,
2026-07-05T22:04:06.515682+00:00,2026-07-05T22:04:06.515564,2,2,163.65,0.3,163.5,100,163.3,150,,,,,,,,,,,,,,,,,163.8,127,164.0,100,,,,,,,,,,,,,,,,
2026-07-05T22:04:06.995434+00:00,2026-07-05T22:04:06.995325,2,2,163.65,0.3,163.5,100,163.3,150,,,,,,,,,,,,,,,,,163.8,84,164.0,100,,,,,,,,,,,,,,,,
2026-07-05T22:04:08.506937+00:00,2026-07-05T22:04:08.506811,2,2,163.65,0.3,163.5,50,163.3,150,,,,,,,,,,,,,,,,,163.8,84,164.0,100,,,,,,,,,,,,,,,,
2026-07-05T22:04:08.758582+00:00,2026-07-05T22:04:08.756569,1,1,163.75,0.5,163.5,50,,,,,,,,,,,,,,,,,,,164.0,100,,,,,,,,,,,,,,,,,,
2026-07-05T22:04:08.816315+00:00,2026-07-05T22:04:08.816264,1,1,163.75,0.5,163.5,200,,,,,,,,,,,,,,,,,,,164.0,100,,,,,,,,,,,,,,,,,,
2026-07-05T22:04:08.864434+00:00,2026-07-05T22:04:08.864394,1,1,163.75,0.5,163.5,200,,,,,,,,,,,,,,,,,,,164.0,250,,,,,,,,,,,,,,,,,,
2026-07-05T22:04:09.568909+00:00,2026-07-05T22:04:09.568801,1,1,163.75,0.5,163.5,150,,,,,,,,,,,,,,,,,,,164.0,150,,,,,,,,,,,,,,,,,,
2026-07-05T22:04:09.623693+00:00,2026-07-05T22:04:09.623604,2,1,163.75,0.5,163.5,150,163.3,100,,,,,,,,,,,,,,,,,164.0,150,,,,,,,,,,,,,,,,,,
2026-07-05T22:04:09.679756+00:00,2026-07-05T22:04:09.679625,2,2,163.65,0.3,163.5,150,163.3,100,,,,,,,,,,,,,,,,,163.8,100,164.0,150,,,,,,,,,,,,,,,,
2026-07-05T22:04:10.338889+00:00,2026-07-05T22:04:10.331721,2,2,163.65,0.3,163.5,150,163.3,100,,,,,,,,,,,,,,,,,163.8,88,164.0,150,,,,,,,,,,,,,,,,
2026-07-05T22:04:10.559896+00:00,2026-07-05T22:04:10.559834,2,2,163.65,0.3,163.5,150,163.3,100,,,,,,,,,,,,,,,,,163.8,38,164.0,150,,,,,,,,,,,,,,,,
2026-07-05T22:04:11.922755+00:00,2026-07-05T22:04:11.922663,1,1,163.55,0.5,163.3,100,,,,,,,,,,,,,,,,,,,163.8,38,,,,,,,,,,,,,,,,,,
2026-07-05T22:04:11.970517+00:00,2026-07-05T22:04:11.970643,2,1,163.75,0.1,163.7,150,163.3,100,,,,,,,,,,,,,,,,,163.8,38,,,,,,,,,,,,,,,,,,
2026-07-05T22:04:12.023890+00:00,2026-07-05T22:04:12.023838,2,2,163.75,0.1,163.7,150,163.3,100,,,,,,,,,,,,,,,,,163.8,38,164.2,150,,,,,,,,,,,,,,,,
2026-07-05T22:04:12.717206+00:00,2026-07-05T22:04:12.717141,2,2,163.75,0.1,163.7,100,163.3,100,,,,,,,,,,,,,,,,,163.8,38,164.2,150,,,,,,,,,,,,,,,,
2026-07-05T22:04:12.735414+00:00,2026-07-05T22:04:12.735538,1,1,163.95,0.5,163.7,100,,,,,,,,,,,,,,,,,,,164.2,150,,,,,,,,,,,,,,,,,,
2026-07-05T22:04:12.789416+00:00,2026-07-05T22:04:12.789320,2,1,163.95,0.5,163.7,100,163.6,100,,,,,,,,,,,,,,,,,164.2,150,,,,,,,,,,,,,,,,,,
2026-07-05T22:04:12.843059+00:00,2026-07-05T22:04:12.842993,2,2,163.9,0.4,163.7,100,163.6,100,,,,,,,,,,,,,,,,,164.1,100,164.2,150,,,,,,,,,,,,,,,,
2026-07-05T22:04:13.613828+00:00,2026-07-05T22:04:13.613765,2,2,163.9,0.4,163.7,59,163.6,100,,,,,,,,,,,,,,,,,164.1,100,164.2,150,,,,,,,,,,,,,,,,
2026-07-05T22:04:15.082229+00:00,2026-07-05T22:04:15.082116,1,1,163.85,0.5,163.6,100,,,,,,,,,,,,,,,,,,,164.1,100,,,,,,,,,,,,,,,,,,
2026-07-05T22:04:15.139378+00:00,2026-07-05T22:04:15.139269,2,1,163.85,0.5,163.6,100,163.2,150,,,,,,,,,,,,,,,,,164.1,100,,,,,,,,,,,,,,,,,,
2026-07-05T22:04:15.196853+00:00,2026-07-05T22:04:15.197016,2,2,163.65,0.1,163.6,100,163.2,150,,,,,,,,,,,,,,,,,163.7,150,164.1,100,,,,,,,,,,,,,,,,
2026-07-05T22:04:15.893242+00:00,2026-07-05T22:04:15.893204,2,1,163.65,0.1,163.6,100,163.2,150,,,,,,,,,,,,,,,,,163.7,150,,,,,,,,,,,,,,,,,,
