recv_time,book_timestamp,n_bids,n_asks,mid,spread,bid_px_0,bid_vol_0,bid_px_1,bid_vol_1,bid_px_2,bid_vol_2,bid_px_3,bid_vol_3,bid_px_4,bid_vol_4,bid_px_5,bid_vol_5,bid_px_6,bid_vol_6,bid_px_7,bid_vol_7,bid_px_8,bid_vol_8,bid_px_9,bid_vol_9,ask_px_0,ask_vol_0,ask_px_1,ask_vol_1,ask_px_2,ask_vol_2,ask_px_3,ask_vol_3,ask_px_4,ask_vol_4,ask_px_5,ask_vol_5,ask_px_6,ask_vol_6,ask_px_7,ask_vol_7,ask_px_8,ask_vol_8,ask_px_9,ask_vol_9
2026-07-09T00:00:00.029782+00:00,2026-07-09T00:00:00.029722,2,2,136.95,0.3,136.8,150,136.6,100,,,,,,,,,,,,,,,,,137.1,100,137.3,150,,,,,,,,,,,,,,,,
2026-07-09T00:00:00.837439+00:00,2026-07-09T00:00:00.837365,2,2,136.95,0.3,136.8,150,136.6,100,,,,,,,,,,,,,,,,,137.1,60,137.3,150,,,,,,,,,,,,,,,,
2026-07-09T00:00:01.563966+00:00,2026-07-09T00:00:01.563852,1,1,137.05,0.5,136.8,150,,,,,,,,,,,,,,,,,,,137.3,150,,,,,,,,,,,,,,,,,,
2026-07-09T00:00:01.619835+00:00,2026-07-09T00:00:01.619676,2,1,137.2,0.2,137.1,100,136.8,150,,,,,,,,,,,,,,,,,137.3,150,,,,,,,,,,,,,,,,,,
2026-07-09T00:00:01.673780+00:00,2026-07-09T00:00:01.673705,2,2,137.2,0.2,137.1,100,136.8,150,,,,,,,,,,,,,,,,,137.3,150,137.6,100,,,,,,,,,,,,,,,,
2026-07-09T00:00:02.014060+00:00,2026-07-09T00:00:02.001347,2,2,137.2,0.2,137.1,50,136.8,150,,,,,,,,,,,,,,,,,137.3,150,137.6,100,,,,,,,,,,,,,,,,
2026-07-09T00:00:02.871010+00:00,2026-07-09T00:00:02.870886,2,2,137.2,0.2,137.1,50,136.8,150,,,,,,,,,,,,,,,,,137.3,103,137.6,100,,,,,,,,,,,,,,,,
2026-07-09T00:00:03.085047+00:00,2026-07-09T00:00:03.084958,1,1,137.35,0.5,137.1,50,,,,,,,,,,,,,,,,,,,137.6,100,,,,,,,,,,,,,,,,,,
2026-07-09T00:00:03.139530+00:00,2026-07-09T00:00:03.139623,2,1,137.5,0.2,137.4,150,137.1,50,,,,,,,,,,,,,,,,,137.6,100,,,,,,,,,,,,,,,,,,
2026-07-09T00:00:03.193272+00:00,2026-07-09T00:00:03.193192,2,2,137.5,0.2,137.4,150,137.1,50,,,,,,,,,,,,,,,,,137.6,100,137.9,150,,,,,,,,,,,,,,,,
2026-07-09T00:00:04.118056+00:00,2026-07-09T00:00:04.117982,2,2,137.5,0.2,137.4,100,137.1,50,,,,,,,,,,,,,,,,,137.6,100,137.9,150,,,,,,,,,,,,,,,,
2026-07-09T00:00:04.730612+00:00,2026-07-09T00:00:04.730431,1,1,137.65,0.5,137.4,100,,,,,,,,,,,,,,,,,,,137.9,150,,,,,,,,,,,,,,,,,,
2026-07-09T00:00:04.786117+00:00,2026-07-09T00:00:04.785937,2,1,137.65,0.5,137.4,100,136.9,100,,,,,,,,,,,,,,,,,137.9,150,,,,,,,,,,,,,,,,,,
2026-07-09T00:00:04.842233+00:00,2026-07-09T00:00:04.842153,1,1,137.4,1.0,136.9,100,,,,,,,,,,,,,,,,,,,137.9,150,,,,,,,,,,,,,,,,,,
2026-07-09T00:00:04.951653+00:00,2026-07-09T00:00:04.951552,1,1,137.4,1.0,136.9,55,,,,,,,,,,,,,,,,,,,137.9,150,,,,,,,,,,,,,,,,,,
2026-07-09T00:00:06.228197+00:00,2026-07-09T00:00:06.228149,1,1,137.4,1.0,136.9,5,,,,,,,,,,,,,,,,,,,137.9,150,,,,,,,,,,,,,,,,,,
2026-07-09T00:00:06.242725+00:00,2026-07-09T00:00:06.242642,1,0,,,136.9,5,,,,,,,,,,,,,,,,,,,,,,,,,,,,,,,,,,,,,,
2026-07-09T00:00:06.300982+00:00,2026-07-09T00:00:06.300938,1,0,,,136.9,155,,,,,,,,,,,,,,,,,,,,,,,,,,,,,,,,,,,,,,
2026-07-09T00:00:06.354221+00:00,2026-07-09T00:00:06.354321,1,1,137.15,0.5,136.9,155,,,,,,,,,,,,,,,,,,,137.4,150,,,,,,,,,,,,,,,,,,
2026-07-09T00:00:06.509604+00:00,2026-07-09T00:00:06.509737,1,1,137.15,0.5,136.9,155,,,,,,,,,,,,,,,,,,,137.4,110,,,,,,,,,,,,,,,,,,
2026-07-09T00:00:07.896325+00:00,2026-07-09T00:00:07.896189,1,1,137.15,0.5,136.9,150,,,,,,,,,,,,,,,,,,,137.4,110,,,,,,,,,,,,,,,,,,
2026-07-09T00:00:07.945754+00:00,2026-07-09T00:00:07.945732,2,1,137.3,0.2,137.2,100,136.9,150,,,,,,,,,,,,,,,,,137.4,110,,,,,,,,,,,,,,,,,,
2026-07-09T00:00:07.997852+00:00,2026-07-09T00:00:07.997773,2,2,137.3,0.2,137.2,100,136.9,150,,,,,,,,,,,,,,,,,137.4,110,137.7,100,,,,,,,,,,,,,,,,
2026-07-09T00:00:08.287012+00:00,2026-07-09T00:00:08.286921,2,2,137.3,0.2,137.2,100,136.9,150,,,,,,,,,,,,,,,,,137.4,60,137.7,100,,,,,,,,,,,,,,,,
2026-07-09T00:00:09.409265+00:00,2026-07-09T00:00:09.409225,1,1,137.45,0.5,137.2,100,,,,,,,,,,,,,,,,,,,137.7,100,,,,,,,,,,,,,,,,,,
2026-07-09T00:00:09.463893+00:00,2026-07-09T00:00:09.463838,2,1,137.5,0.4,137.3,150,137.2,100,,,,,,,,,,,,,,,,,137.7,100,,,,,,,,,,,,,,,,,,
2026-07-09T00:00:09.513083+00:00,2026-07-09T00:00:09.512961,2,2,137.5,0.4,137.3,150,137.2,100,,,,,,,,,,,,,,,,,137.7,100,137.8,150,,,,,,,,,,,,,,,,
2026-07-09T00:00:11.058657+00:00,2026-07-09T00:00:11.055046,1,1,137.55,0.5,137.3,150,,,,,,,,,,,,,,,,,,,137.8,150,,,,,,,,,,,,,,,,,,
2026-07-09T00:00:11.105430+00:00,2026-07-09T00:00:11.105359,2,1,137.55,0.5,137.3,150,137.0,100,,,,,,,,,,,,,,,,,137.8,150,,,,,,,,,,,,,,,,,,
2026-07-09T00:00:11.163823+00:00,2026-07-09T00:00:11.163743,2,2,137.4,0.2,137.3,150,137.0,100,,,,,,,,,,,,,,,,,137.5,100,137.8,150,,,,,,,,,,,,,,,,
2026-07-09T00:00:12.499885+00:00,2026-07-09T00:00:12.499840,2,2,137.4,0.2,137.3,150,137.0,100,,,,,,,,,,,,,,,,,137.5,50,137.8,150,,,,,,,,,,,,,,,,
2026-07-09T00:00:12.569563+00:00,2026-07-09T00:00:12.569501,1,1,137.25,0.5,137.0,100,,,,,,,,,,,,,,,,,,,137.5,50,,,,,,,,,,,,,,,,,,
2026-07-09T00:00:12.624640+00:00,2026-07-09T00:00:12.624515,2,1,137.4,0.2,137.3,150,137.0,100,,,,,,,,,,,,,,,,,137.5,50,,,,,,,,,,,,,,,,,,
2026-07-09T00:00:12.698259+00:00,2026-07-09T00:00:12.698161,2,2,137.4,0.2,137.3,150,137.0,100,,,,,,,,,,,,,,,,,137.5,50,137.8,150,,,,,,,,,,,,,,,,
2026-07-09T00:00:13.058584+00:00,2026-07-09T00:00:13.055967,2,2,137.4,0.2,137.3,101,137.0,100,,,,,,,,,,,,,,,,,137.5,50,137.8,150,,,,,,,,,,,,,,,,
2026-07-09T00:00:14.083400+00:00,2026-07-09T00:00:14.083322,2,2,137.4,0.2,137.3,61,137.0,100,,,,,,,,,,,,,,,,,137.5,50,137.8,150,,,,,,,,,,,,,,,,
2026-07-09T00:00:14.216100+00:00,2026-07-09T00:00:14.216021,1,1,137.55,0.5,137.3,61,,,,,,,,,,,,,,,,,,,137.8,150,,,,,,,,,,,,,,,,,,
2026-07-09T00:00:14.272474+00:00,2026-07-09T00:00:14.272416,1,1,137.55,0.5,137.3,161,,,,,,,,,,,,,,,,,,,137.8,150,,,,,,,,,,,,,,,,,,
2026-07-09T00:00:14.321200+00:00,2026-07-09T00:00:14.321105,1,1,137.55,0.5,137.3,161,,,,,,,,,,,,,,,,,,,137.8,250,,,,,,,,,,,,,,,,,,
2026-07-09T00:00:14.605406+00:00,2026-07-09T00:00:14.605336,1,1,137.55,0.5,137.3,161,,,,,,,,,,,,,,,,,,,137.8,200,,,,,,,,,,,,,,,,,,
2026-07-09T00:00:15.263797+00:00,2026-07-09T00:00:15.263763,1,1,137.55,0.5,137.3,161,,,,,,,,,,,,,,,,,,,137.8,157,,,,,,,,,,,,,,,,,,
2026-07-09T00:00:15.758645+00:00,2026-07-09T00:00:15.751708,1,1,137.55,0.5,137.3,100,,,,,,,,,,,,,,,,,,,137.8,100,,,,,,,,,,,,,,,,,,
2026-07-09T00:00:15.806556+00:00,2026-07-09T00:00:15.806447,2,1,137.55,0.5,137.3,100,137.2,150,,,,,,,,,,,,,,,,,137.8,100,,,,,,,,,,,,,,,,,,
2026-07-09T00:00:15.860507+00:00,2026-07-09T00:00:15.860603,2,2,137.5,0.4,137.3,100,137.2,150,,,,,,,,,,,,,,,,,137.7,150,137.8,100,,,,,,,,,,,,,,,,
2026-07-09T00:00:16.713771+00:00,2026-07-09T00:00:16.713637,2,2,137.5,0.4,137.3,100,137.2,150,,,,,,,,,,,,,,,,,137.7,100,137.8,100,,,,,,,,,,,,,,,,
2026-07-09T00:00:17.376014+00:00,2026-07-09T00:00:17.375937,2,1,137.5,0.4,137.3,100,137.2,150,,,,,,,,,,,,,,,,,137.7,100,,,,,,,,,,,,,,,,,,
2026-07-09T00:00:17.381236+00:00,2026-07-09T00:00:17.381111,1,1,137.45,0.5,137.2,150,,,,,,,,,,,,,,,,,,,137.7,100,,,,,,,,,,,,,,,,,,
2026-07-09T00:00:17.430080+00:00,2026-07-09T00:00:17.430006,2,1,137.6,0.2,137.5,100,137.2,150,,,,,,,,,,,,,,,,,137.7,100,,,,,,,,,,,,,,,,,,
2026-07-09T00:00:17.487289+00:00,2026-07-09T00:00:17.487220,2,2,137.6,0.2,137.5,100,137.2,150,,,,,,,,,,,,,,,,,137.7,100,138.0,100,,,,,,,,,,,,,,,,
2026-07-09T00:00:17.825284+00:00,2026-07-09T00:00:17.825203,2,2,137.6,0.2,137.5,100,137.2,150,,,,,,,,,,,,,,,,,137.7,54,138.0,100,,,,,,,,,,,,,,,,
2026-07-09T00:00:17.880193+00:00,2026-07-09T00:00:17.880110,2,2,137.6,0.2,137.5,58,137.2,150,,,,,,,,,,,,,,,,,137.7,54,138.0,100,,,,,,,,,,,,,,,,
2026-07-09T00:00:18.873985+00:00,2026-07-09T00:00:18.874075,2,2,137.6,0.2,137.5,8,137.2,150,,,,,,,,,,,,,,,,,137.7,54,138.0,100,,,,,,,,,,,,,,,,
2026-07-09T00:00:18.915635+00:00,2026-07-09T00:00:18.915541,1,1,137.75,0.5,137.5,8,,,,,,,,,,,,,,,,,,,138.0,100,,,,,,,,,,,,,,,,,,
2026-07-09T00:00:18.975765+00:00,2026-07-09T00:00:18.975656,2,0,,,138.0,50,137.5,8,,,,,,,,,,,,,,,,,,,,,,,,,,,,,,,,,,,,
2026-07-09T00:00:19.030370+00:00,2026-07-09T00:00:19.030490,2,1,138.25,0.5,138.0,50,137.5,8,,,,,,,,,,,,,,,,,138.5,150,,,,,,,,,,,,,,,,,,
2026-07-09T00:00:20.027423+00:00,2026-07-09T00:00:20.021180,2,1,138.25,0.5,138.0,47,137.5,8,,,,,,,,,,,,,,,,,138.5,150,,,,,,,,,,,,,,,,,,
2026-07-09T00:00:20.541084+00:00,2026-07-09T00:00:20.541255,1,1,138.25,0.5,138.0,47,,,,,,,,,,,,,,,,,,,138.5,150,,,,,,,,,,,,,,,,,,
2026-07-09T00:00:20.601976+00:00,2026-07-09T00:00:20.601902,2,1,138.25,0.5,138.0,47,137.5,100,,,,,,,,,,,,,,,,,138.5,150,,,,,,,,,,,,,,,,,,
2026-07-09T00:00:20.658768+00:00,2026-07-09T00:00:20.647245,1,2,137.75,0.5,137.5,100,,,,,,,,,,,,,,,,,,,138.0,53,138.5,150,,,,,,,,,,,,,,,,
2026-07-09T00:00:20.980977+00:00,2026-07-09T00:00:20.980933,1,2,137.75,0.5,137.5,50,,,,,,,,,,,,,,,,,,,138.0,53,138.5,150,,,,,,,,,,,,,,,,
2026-07-09T00:00:21.102818+00:00,2026-07-09T00:00:21.103009,1,2,137.75,0.5,137.5,50,,,,,,,,,,,,,,,,,,,138.0,13,138.5,150,,,,,,,,,,,,,,,,
2026-07-09T00:00:21.344220+00:00,2026-07-09T00:00:21.336500,1,2,137.75,0.5,137.5,50,,,,,,,,,,,,,,,,,,,138.0,10,138.5,150,,,,,,,,,,,,,,,,
2026-07-09T00:00:22.086593+00:00,2026-07-09T00:00:22.086518,1,1,137.75,0.5,137.5,50,,,,,,,,,,,,,,,,,,,138.0,10,,,,,,,,,,,,,,,,,,
2026-07-09T00:00:22.144562+00:00,2026-07-09T00:00:22.144727,1,1,137.75,0.5,137.5,200,,,,,,,,,,,,,,,,,,,138.0,10,,,,,,,,,,,,,,,,,,
2026-07-09T00:00:22.190252+00:00,2026-07-09T00:00:22.190228,1,1,137.75,0.5,137.5,151,,,,,,,,,,,,,,,,,,,138.0,10,,,,,,,,,,,,,,,,,,
2026-07-09T00:00:22.200708+00:00,2026-07-09T00:00:22.200586,1,1,137.75,0.5,137.5,151,,,,,,,,,,,,,,,,,,,138.0,160,,,,,,,,,,,,,,,,,,
2026-07-09T00:00:23.037768+00:00,2026-07-09T00:00:23.037876,1,1,137.75,0.5,137.5,151,,,,,,,,,,,,,,,,,,,138.0,110,,,,,,,,,,,,,,,,,,
2026-07-09T00:00:23.710215+00:00,2026-07-09T00:00:23.710124,1,1,137.75,0.5,137.5,150,,,,,,,,,,,,,,,,,,,138.0,110,,,,,,,,,,,,,,,,,,
2026-07-09T00:00:23.757988+00:00,2026-07-09T00:00:23.758103,2,1,137.95,0.1,137.9,100,137.5,150,,,,,,,,,,,,,,,,,138.0,110,,,,,,,,,,,,,,,,,,
2026-07-09T00:00:23.816319+00:00,2026-07-09T00:00:23.816415,2,2,137.95,0.1,137.9,100,137.5,150,,,,,,,,,,,,,,,,,138.0,110,138.4,100,,,,,,,,,,,,,,,,
2026-07-09T00:00:25.143143+00:00,2026-07-09T00:00:25.143085,2,2,137.95,0.1,137.9,100,137.5,150,,,,,,,,,,,,,,,,,138.0,60,138.4,100,,,,,,,,,,,,,,,,
2026-07-09T00:00:25.254515+00:00,2026-07-09T00:00:25.254406,1,1,138.15,0.5,137.9,100,,,,,,,,,,,,,,,,,,,138.4,100,,,,,,,,,,,,,,,,,,
2026-07-09T00:00:25.307918+00:00,2026-07-09T00:00:25.307795,2,1,138.2,0.4,138.0,150,137.9,100,,,,,,,,,,,,,,,,,138.4,100,,,,,,,,,,,,,,,,,,
2026-07-09T00:00:25.358608+00:00,2026-07-09T00:00:25.355865,2,2,138.2,0.4,138.0,150,137.9,100,,,,,,,,,,,,,,,,,138.4,100,138.5,150,,,,,,,,,,,,,,,,
2026-07-09T00:00:26.870265+00:00,2026-07-09T00:00:26.870200,1,1,138.25,0.5,138.0,150,,,,,,,,,,,,,,,,,,,138.5,150,,,,,,,,,,,,,,,,,,
2026-07-09T00:00:26.895524+00:00,2026-07-09T00:00:26.895667,1,1,138.25,0.5,138.0,150,,,,,,,,,,,,,,,,,,,138.5,104,,,,,,,,,,,,,,,,,,
2026-07-09T00:00:26.924558+00:00,2026-07-09T00:00:26.924480,2,1,138.25,0.5,138.0,150,137.9,100,,,,,,,,,,,,,,,,,138.5,104,,,,,,,,,,,,,,,,,,
2026-07-09T00:00:26.974148+00:00,2026-07-09T00:00:26.974090,2,2,138.2,0.4,138.0,150,137.9,100,,,,,,,,,,,,,,,,,138.4,100,138.5,104,,,,,,,,,,,,,,,,
2026-07-09T00:00:27.251100+00:00,2026-07-09T00:00:27.250924,2,2,138.2,0.4,138.0,150,137.9,100,,,,,,,,,,,,,,,,,138.4,50,138.5,104,,,,,,,,,,,,,,,,
2026-07-09T00:00:28.148838+00:00,2026-07-09T00:00:28.148762,2,2,138.2,0.4,138.0,105,137.9,100,,,,,,,,,,,,,,,,,138.4,50,138.5,104,,,,,,,,,,,,,,,,
2026-07-09T00:00:28.412038+00:00,2026-07-09T00:00:28.411993,2,1,138.2,0.4,138.0,105,137.9,100,,,,,,,,,,,,,,,,,138.4,50,,,,,,,,,,,,,,,,,,
2026-07-09T00:00:28.417091+00:00,2026-07-09T00:00:28.417176,1,1,138.15,0.5,137.9,100,,,,,,,,,,,,,,,,,,,138.4,50,,,,,,,,,,,,,,,,,,
2026-07-09T00:00:28.469362+00:00,2026-07-09T00:00:28.469304,1,1,138.15,0.5,137.9,250,,,,,,,,,,,,,,,,,,,138.4,50,,,,,,,,,,,,,,,,,,
2026-07-09T00:00:28.519791+00:00,2026-07-09T00:00:28.519662,1,1,138.15,0.5,137.9,250,,,,,,,,,,,,,,,,,,,138.4,200,,,,,,,,,,,,,,,,,,
2026-07-09T00:00:28.650257+00:00,2026-07-09T00:00:28.650120,1,1,138.15,0.5,137.9,202,,,,,,,,,,,,,,,,,,,138.4,200,,,,,,,,,,,,,,,,,,
2026-07-09T00:00:29.363962+00:00,2026-07-09T00:00:29.363788,1,1,138.15,0.5,137.9,202,,,,,,,,,,,,,,,,,,,138.4,150,,,,,,,,,,,,,,,,,,
2026-07-09T00:00:30.029948+00:00,2026-07-09T00:00:30.029872,1,1,138.15,0.5,137.9,150,,,,,,,,,,,,,,,,,,,138.4,150,,,,,,,,,,,,,,,,,,
2026-07-09T00:00:30.083167+00:00,2026-07-09T00:00:30.083137,1,1,138.15,0.5,137.9,250,,,,,,,,,,,,,,,,,,,138.4,150,,,,,,,,,,,,,,,,,,
2026-07-09T00:00:30.138874+00:00,2026-07-09T00:00:30.138799,1,1,138.15,0.5,137.9,250,,,,,,,,,,,,,,,,,,,138.4,250,,,,,,,,,,,,,,,,,,
2026-07-09T00:00:31.469431+00:00,2026-07-09T00:00:31.469643,1,1,138.15,0.5,137.9,250,,,,,,,,,,,,,,,,,,,138.4,200,,,,,,,,,,,,,,,,,,
2026-07-09T00:00:31.575321+00:00,2026-07-09T00:00:31.575218,1,1,138.15,0.5,137.9,250,,,,,,,,,,,,,,,,,,,138.4,100,,,,,,,,,,,,,,,,,,
2026-07-09T00:00:31.580523+00:00,2026-07-09T00:00:31.580402,1,1,138.15,0.5,137.9,100,,,,,,,,,,,,,,,,,,,138.4,100,,,,,,,,,,,,,,,,,,
2026-07-09T00:00:31.640111+00:00,2026-07-09T00:00:31.640023,2,1,138.25,0.3,138.1,150,137.9,100,,,,,,,,,,,,,,,,,138.4,100,,,,,,,,,,,,,,,,,,
2026-07-09T00:00:31.691624+00:00,2026-07-09T00:00:31.691752,2,2,138.25,0.3,138.1,150,137.9,100,,,,,,,,,,,,,,,,,138.4,100,138.6,150,,,,,,,,,,,,,,,,
2026-07-09T00:00:32.609558+00:00,2026-07-09T00:00:32.609473,2,2,138.25,0.3,138.1,150,137.9,100,,,,,,,,,,,,,,,,,138.4,53,138.6,150,,,,,,,,,,,,,,,,
2026-07-09T00:00:33.177222+00:00,2026-07-09T00:00:33.168566,2,2,138.25,0.3,138.1,147,137.9,100,,,,,,,,,,,,,,,,,138.4,53,138.6,150,,,,,,,,,,,,,,,,
2026-07-09T00:00:33.203155+00:00,2026-07-09T00:00:33.203081,1,1,138.35,0.5,138.1,147,,,,,,,,,,,,,,,,,,,138.6,150,,,,,,,,,,,,,,,,,,
2026-07-09T00:00:33.249014+00:00,2026-07-09T00:00:33.249182,2,1,138.35,0.5,138.1,147,137.9,100,,,,,,,,,,,,,,,,,138.6,150,,,,,,,,,,,,,,,,,,
2026-07-09T00:00:33.303023+00:00,2026-07-09T00:00:33.302772,2,2,138.25,0.3,138.1,147,137.9,100,,,,,,,,,,,,,,,,,138.4,100,138.6,150,,,,,,,,,,,,,,,,
2026-07-09T00:00:33.577917+00:00,2026-07-09T00:00:33.577833,2,2,138.25,0.3,138.1,147,137.9,100,,,,,,,,,,,,,,,,,138.4,50,138.6,150,,,,,,,,,,,,,,,,
2026-07-09T00:00:34.485685+00:00,2026-07-09T00:00:34.479582,2,2,138.25,0.3,138.1,124,137.9,100,,,,,,,,,,,,,,,,,138.4,50,138.6,150,,,,,,,,,,,,,,,,
2026-07-09T00:00:34.746779+00:00,2026-07-09T00:00:34.746978,1,1,138.15,0.5,137.9,100,,,,,,,,,,,,,,,,,,,138.4,50,,,,,,,,,,,,,,,,,,
2026-07-09T00:00:34.804143+00:00,2026-07-09T00:00:34.804314,2,1,138.15,0.5,137.9,100,137.6,150,,,,,,,,,,,,,,,,,138.4,50,,,,,,,,,,,,,,,,,,
2026-07-09T00:00:34.858002+00:00,2026-07-09T00:00:34.858169,2,2,138.0,0.2,137.9,100,137.6,150,,,,,,,,,,,,,,,,,138.1,150,138.4,50,,,,,,,,,,,,,,,,
2026-07-09T00:00:35.852003+00:00,2026-07-09T00:00:35.812109,2,2,138.0,0.2,137.9,100,137.6,150,,,,,,,,,,,,,,,,,138.1,138,138.4,50,,,,,,,,,,,,,,,,
2026-07-09T00:00:36.007907+00:00,2026-07-09T00:00:36.007840,2,2,138.0,0.2,137.9,100,137.6,150,,,,,,,,,,,,,,,,,138.1,97,138.4,50,,,,,,,,,,,,,,,,
2026-07-09T00:00:36.358559+00:00,2026-07-09T00:00:36.357617,1,1,137.85,0.5,137.6,150,,,,,,,,,,,,,,,,,,,138.1,97,,,,,,,,,,,,,,,,,,
2026-07-09T00:00:36.410995+00:00,2026-07-09T00:00:36.410833,2,0,,,138.2,3,137.6,150,,,,,,,,,,,,,,,,,,,,,,,,,,,,,,,,,,,,
2026-07-09T00:00:36.458066+00:00,2026-07-09T00:00:36.458306,2,1,138.45,0.5,138.2,3,137.6,150,,,,,,,,,,,,,,,,,138.7,100,,,,,,,,,,,,,,,,,,
2026-07-09T00:00:37.063903+00:00,2026-07-09T00:00:37.063778,1,1,138.15,1.1,137.6,109,,,,,,,,,,,,,,,,,,,138.7,100,,,,,,,,,,,,,,,,,,
2026-07-09T00:00:37.842386+00:00,2026-07-09T00:00:37.842484,1,1,138.15,1.1,137.6,59,,,,,,,,,,,,,,,,,,,138.7,100,,,,,,,,,,,,,,,,,,
2026-07-09T00:00:37.908597+00:00,2026-07-09T00:00:37.908476,0,1,,,,,,,,,,,,,,,,,,,,,,,138.7,100,,,,,,,,,,,,,,,,,,
2026-07-09T00:00:37.965197+00:00,2026-07-09T00:00:37.965161,1,1,138.25,0.9,137.8,150,,,,,,,,,,,,,,,,,,,138.7,100,,,,,,,,,,,,,,,,,,
2026-07-09T00:00:38.018077+00:00,2026-07-09T00:00:38.018015,1,2,138.05,0.5,137.8,150,,,,,,,,,,,,,,,,,,,138.3,150,138.7,100,,,,,,,,,,,,,,,,
2026-07-09T00:00:39.521439+00:00,2026-07-09T00:00:39.521385,1,1,138.05,0.5,137.8,150,,,,,,,,,,,,,,,,,,,138.3,150,,,,,,,,,,,,,,,,,,
2026-07-09T00:00:39.574481+00:00,2026-07-09T00:00:39.574413,2,1,138.05,0.5,137.8,150,137.5,100,,,,,,,,,,,,,,,,,138.3,150,,,,,,,,,,,,,,,,,,
2026-07-09T00:00:39.623987+00:00,2026-07-09T00:00:39.623920,2,2,137.9,0.2,137.8,150,137.5,100,,,,,,,,,,,,,,,,,138.0,100,138.3,150,,,,,,,,,,,,,,,,
2026-07-09T00:00:39.950069+00:00,2026-07-09T00:00:39.950159,2,2,137.9,0.2,137.8,100,137.5,100,,,,,,,,,,,,,,,,,138.0,100,138.3,150,,,,,,,,,,,,,,,,
2026-07-09T00:00:40.819520+00:00,2026-07-09T00:00:40.819457,2,2,137.9,0.2,137.8,51,137.5,100,,,,,,,,,,,,,,,,,138.0,100,138.3,150,,,,,,,,,,,,,,,,
2026-07-09T00:00:41.070806+00:00,2026-07-09T00:00:41.070745,1,1,137.75,0.5,137.5,100,,,,,,,,,,,,,,,,,,,138.0,100,,,,,,,,,,,,,,,,,,
2026-07-09T00:00:41.124293+00:00,2026-07-09T00:00:41.124176,1,1,137.75,0.5,137.5,250,,,,,,,,,,,,,,,,,,,138.0,100,,,,,,,,,,,,,,,,,,
2026-07-09T00:00:41.176584+00:00,2026-07-09T00:00:41.176497,1,1,137.75,0.5,137.5,250,,,,,,,,,,,,,,,,,,,138.0,250,,,,,,,,,,,,,,,,,,
2026-07-09T00:00:42.054613+00:00,2026-07-09T00:00:42.054692,1,1,137.75,0.5,137.5,200,,,,,,,,,,,,,,,,,,,138.0,250,,,,,,,,,,,,,,,,,,
2026-07-09T00:00:42.680213+00:00,2026-07-09T00:00:42.680118,1,1,137.75,0.5,137.5,150,,,,,,,,,,,,,,,,,,,138.0,150,,,,,,,,,,,,,,,,,,
2026-07-09T00:00:42.737435+00:00,2026-07-09T00:00:42.737324,2,1,137.75,0.5,137.5,150,137.4,100,,,,,,,,,,,,,,,,,138.0,150,,,,,,,,,,,,,,,,,,
2026-07-09T00:00:42.792636+00:00,2026-07-09T00:00:42.792526,2,2,137.7,0.4,137.5,150,137.4,100,,,,,,,,,,,,,,,,,137.9,100,138.0,150,,,,,,,,,,,,,,,,
2026-07-09T00:00:43.458666+00:00,2026-07-09T00:00:43.455825,2,2,137.7,0.4,137.5,150,137.4,100,,,,,,,,,,,,,,,,,137.9,51,138.0,150,,,,,,,,,,,,,,,,
2026-07-09T00:00:44.158562+00:00,2026-07-09T00:00:44.155094,2,2,137.7,0.4,137.5,100,137.4,100,,,,,,,,,,,,,,,,,137.9,51,138.0,150,,,,,,,,,,,,,,,,
2026-07-09T00:00:44.231614+00:00,2026-07-09T00:00:44.231519,1,1,137.65,0.5,137.4,100,,,,,,,,,,,,,,,,,,,137.9,51,,,,,,,,,,,,,,,,,,
2026-07-09T00:00:44.286728+00:00,2026-07-09T00:00:44.286867,2,1,137.65,0.5,137.4,100,137.2,150,,,,,,,,,,,,,,,,,137.9,51,,,,,,,,,,,,,,,,,,
2026-07-09T00:00:44.361910+00:00,2026-07-09T00:00:44.355602,2,2,137.55,0.3,137.4,100,137.2,150,,,,,,,,,,,,,,,,,137.7,139,137.9,51,,,,,,,,,,,,,,,,
2026-07-09T00:00:45.848612+00:00,2026-07-09T00:00:45.848581,1,1,137.45,0.5,137.2,150,,,,,,,,,,,,,,,,,,,137.7,139,,,,,,,,,,,,,,,,,,
2026-07-09T00:00:45.858983+00:00,2026-07-09T00:00:45.858939,1,1,137.45,0.5,137.2,150,,,,,,,,,,,,,,,,,,,137.7,93,,,,,,,,,,,,,,,,,,
2026-07-09T00:00:45.899635+00:00,2026-07-09T00:00:45.899544,2,1,137.6,0.2,137.5,100,137.2,150,,,,,,,,,,,,,,,,,137.7,93,,,,,,,,,,,,,,,,,,
2026-07-09T00:00:45.912553+00:00,2026-07-09T00:00:45.912509,2,1,137.6,0.2,137.5,52,137.2,150,,,,,,,,,,,,,,,,,137.7,93,,,,,,,,,,,,,,,,,,
2026-07-09T00:00:45.958563+00:00,2026-07-09T00:00:45.956393,2,2,137.6,0.2,137.5,52,137.2,150,,,,,,,,,,,,,,,,,137.7,93,138.0,100,,,,,,,,,,,,,,,,
2026-07-09T00:00:46.279741+00:00,2026-07-09T00:00:46.279621,2,2,137.6,0.2,137.5,2,137.2,150,,,,,,,,,,,,,,,,,137.7,93,138.0,100,,,,,,,,,,,,,,,,
2026-07-09T00:00:46.318947+00:00,2026-07-09T00:00:46.313113,2,2,137.6,0.2,137.5,2,137.2,150,,,,,,,,,,,,,,,,,137.7,90,138.0,100,,,,,,,,,,,,,,,,
2026-07-09T00:00:47.406585+00:00,2026-07-09T00:00:47.406451,1,1,137.75,0.5,137.5,2,,,,,,,,,,,,,,,,,,,138.0,100,,,,,,,,,,,,,,,,,,
2026-07-09T00:00:47.434607+00:00,2026-07-09T00:00:47.434480,0,1,,,,,,,,,,,,,,,,,,,,,,,138.0,100,,,,,,,,,,,,,,,,,,
2026-07-09T00:00:47.456148+00:00,2026-07-09T00:00:47.456267,1,1,137.75,0.5,137.5,150,,,,,,,,,,,,,,,,,,,138.0,100,,,,,,,,,,,,,,,,,,
2026-07-09T00:00:47.514268+00:00,2026-07-09T00:00:47.514180,1,1,137.75,0.5,137.5,150,,,,,,,,,,,,,,,,,,,138.0,250,,,,,,,,,,,,,,,,,,
2026-07-09T00:00:48.383164+00:00,2026-07-09T00:00:48.383093,1,1,137.75,0.5,137.5,100,,,,,,,,,,,,,,,,,,,138.0,250,,,,,,,,,,,,,,,,,,
2026-07-09T00:00:49.012212+00:00,2026-07-09T00:00:49.012092,1,1,137.75,0.5,137.5,100,,,,,,,,,,,,,,,,,,,138.0,150,,,,,,,,,,,,,,,,,,
2026-07-09T00:00:49.058666+00:00,2026-07-09T00:00:49.055418,2,1,137.75,0.5,137.5,100,137.3,100,,,,,,,,,,,,,,,,,138.0,150,,,,,,,,,,,,,,,,,,
2026-07-09T00:00:49.116093+00:00,2026-07-09T00:00:49.116030,2,2,137.65,0.3,137.5,100,137.3,100,,,,,,,,,,,,,,,,,137.8,100,138.0,150,,,,,,,,,,,,,,,,
2026-07-09T00:00:50.491192+00:00,2026-07-09T00:00:50.491052,2,2,137.65,0.3,137.5,50,137.3,100,,,,,,,,,,,,,,,,,137.8,100,138.0,150,,,,,,,,,,,,,,,,
2026-07-09T00:00:50.569297+00:00,2026-07-09T00:00:50.569186,1,1,137.55,0.5,137.3,100,,,,,,,,,,,,,,,,,,,137.8,100,,,,,,,,,,,,,,,,,,
2026-07-09T00:00:50.621605+00:00,2026-07-09T00:00:50.621578,1,1,137.55,0.5,137.3,250,,,,,,,,,,,,,,,,,,,137.8,100,,,,,,,,,,,,,,,,,,
2026-07-09T00:00:50.674064+00:00,2026-07-09T00:00:50.673944,1,1,137.55,0.5,137.3,250,,,,,,,,,,,,,,,,,,,137.8,250,,,,,,,,,,,,,,,,,,
2026-07-09T00:00:51.895788+00:00,2026-07-09T00:00:51.895646,1,1,137.55,0.5,137.3,250,,,,,,,,,,,,,,,,,,,137.8,208,,,,,,,,,,,,,,,,,,
2026-07-09T00:00:52.171682+00:00,2026-07-09T00:00:52.171561,1,1,137.55,0.5,137.3,150,,,,,,,,,,,,,,,,,,,137.8,150,,,,,,,,,,,,,,,,,,
2026-07-09T00:00:52.228326+00:00,2026-07-09T00:00:52.228210,2,1,137.75,0.1,137.7,100,137.3,150,,,,,,,,,,,,,,,,,137.8,150,,,,,,,,,,,,,,,,,,
2026-07-09T00:00:52.281247+00:00,2026-07-09T00:00:52.281206,2,2,137.75,0.1,137.7,100,137.3,150,,,,,,,,,,,,,,,,,137.8,150,138.2,100,,,,,,,,,,,,,,,,
2026-07-09T00:00:52.547412+00:00,2026-07-09T00:00:52.547549,2,2,137.75,0.1,137.7,100,137.3,150,,,,,,,,,,,,,,,,,137.8,100,138.2,100,,,,,,,,,,,,,,,,
2026-07-09T00:00:52.939143+00:00,2026-07-09T00:00:52.939067,2,2,137.75,0.1,137.7,100,137.3,150,,,,,,,,,,,,,,,,,137.8,60,138.2,100,,,,,,,,,,,,,,,,
2026-07-09T00:00:53.731074+00:00,2026-07-09T00:00:53.731207,1,1,137.95,0.5,137.7,100,,,,,,,,,,,,,,,,,,,138.2,100,,,,,,,,,,,,,,,,,,
2026-07-09T00:00:53.787330+00:00,2026-07-09T00:00:53.787244,2,1,137.95,0.5,137.7,100,137.5,150,,,,,,,,,,,,,,,,,138.2,100,,,,,,,,,,,,,,,,,,
2026-07-09T00:00:53.840536+00:00,2026-07-09T00:00:53.840632,2,2,137.85,0.3,137.7,100,137.5,150,,,,,,,,,,,,,,,,,138.0,150,138.2,100,,,,,,,,,,,,,,,,
2026-07-09T00:00:54.707599+00:00,2026-07-09T00:00:54.707544,2,2,137.85,0.3,137.7,50,137.5,150,,,,,,,,,,,,,,,,,138.0,150,138.2,100,,,,,,,,,,,,,,,,
2026-07-09T00:00:55.331627+00:00,2026-07-09T00:00:55.331511,2,1,137.85,0.3,137.7,50,137.5,150,,,,,,,,,,,,,,,,,138.0,150,,,,,,,,,,,,,,,,,,
2026-07-09T00:00:55.336785+00:00,2026-07-09T00:00:55.336705,1,1,137.75,0.5,137.5,150,,,,,,,,,,,,,,,,,,,138.0,150,,,,,,,,,,,,,,,,,,
2026-07-09T00:00:55.388406+00:00,2026-07-09T00:00:55.388289,2,1,137.75,0.5,137.5,150,137.3,100,,,,,,,,,,,,,,,,,138.0,150,,,,,,,,,,,,,,,,,,
2026-07-09T00:00:55.441845+00:00,2026-07-09T00:00:55.441761,2,2,137.65,0.3,137.5,150,137.3,100,,,,,,,,,,,,,,,,,137.8,100,138.0,150,,,,,,,,,,,,,,,,
2026-07-09T00:00:55.985790+00:00,2026-07-09T00:00:55.985891,2,2,137.65,0.3,137.5,110,137.3,100,,,,,,,,,,,,,,,,,137.8,100,138.0,150,,,,,,,,,,,,,,,,
2026-07-09T00:00:56.753241+00:00,2026-07-09T00:00:56.754904,2,2,137.65,0.3,137.5,110,137.3,100,,,,,,,,,,,,,,,,,137.8,50,138.0,150,,,,,,,,,,,,,,,,
2026-07-09T00:00:56.896207+00:00,2026-07-09T00:00:56.896164,1,1,137.55,0.5,137.3,100,,,,,,,,,,,,,,,,,,,137.8,50,,,,,,,,,,,,,,,,,,
2026-07-09T00:00:56.951702+00:00,2026-07-09T00:00:56.951610,2,1,137.6,0.4,137.4,150,137.3,100,,,,,,,,,,,,,,,,,137.8,50,,,,,,,,,,,,,,,,,,
2026-07-09T00:00:56.956745+00:00,2026-07-09T00:00:56.956823,2,1,137.6,0.4,137.4,102,137.3,100,,,,,,,,,,,,,,,,,137.8,50,,,,,,,,,,,,,,,,,,
2026-07-09T00:00:57.004933+00:00,2026-07-09T00:00:57.004881,2,2,137.6,0.4,137.4,102,137.3,100,,,,,,,,,,,,,,,,,137.8,50,137.9,150,,,,,,,,,,,,,,,,
2026-07-09T00:00:58.501813+00:00,2026-07-09T00:00:58.501689,1,1,137.65,0.5,137.4,102,,,,,,,,,,,,,,,,,,,137.9,150,,,,,,,,,,,,,,,,,,
2026-07-09T00:00:58.558701+00:00,2026-07-09T00:00:58.553542,2,1,137.7,0.4,137.5,100,137.4,102,,,,,,,,,,,,,,,,,137.9,150,,,,,,,,,,,,,,,,,,
2026-07-09T00:00:58.612473+00:00,2026-07-09T00:00:58.612390,2,2,137.7,0.4,137.5,100,137.4,102,,,,,,,,,,,,,,,,,137.9,150,138.0,100,,,,,,,,,,,,,,,,
2026-07-09T00:00:59.605031+00:00,2026-07-09T00:00:59.604931,2,2,137.7,0.4,137.5,100,137.4,102,,,,,,,,,,,,,,,,,137.9,104,138.0,100,,,,,,,,,,,,,,,,
2026-07-09T00:01:00.070291+00:00,2026-07-09T00:01:00.070148,1,1,137.75,0.5,137.5,100,,,,,,,,,,,,,,,,,,,138.0,100,,,,,,,,,,,,,,,,,,
2026-07-09T00:01:00.120113+00:00,2026-07-09T00:01:00.120023,2,1,137.8,0.4,137.6,150,137.5,100,,,,,,,,,,,,,,,,,138.0,100,,,,,,,,,,,,,,,,,,
2026-07-09T00:01:00.174563+00:00,2026-07-09T00:01:00.174495,2,2,137.8,0.4,137.6,150,137.5,100,,,,,,,,,,,,,,,,,138.0,100,138.1,150,,,,,,,,,,,,,,,,
2026-07-09T00:01:01.030293+00:00,2026-07-09T00:01:01.030219,2,2,137.8,0.4,137.6,100,137.5,100,,,,,,,,,,,,,,,,,138.0,100,138.1,150,,,,,,,,,,,,,,,,
2026-07-09T00:01:01.069004+00:00,2026-07-09T00:01:01.069133,2,2,137.8,0.4,137.6,57,137.5,100,,,,,,,,,,,,,,,,,138.0,100,138.1,150,,,,,,,,,,,,,,,,
2026-07-09T00:01:01.661430+00:00,2026-07-09T00:01:01.661580,1,1,137.85,0.5,137.6,57,,,,,,,,,,,,,,,,,,,138.1,150,,,,,,,,,,,,,,,,,,
2026-07-09T00:01:01.716538+00:00,2026-07-09T00:01:01.716427,2,1,137.95,0.3,137.8,100,137.6,57,,,,,,,,,,,,,,,,,138.1,150,,,,,,,,,,,,,,,,,,
2026-07-09T00:01:01.774988+00:00,2026-07-09T00:01:01.774904,2,2,137.95,0.3,137.8,100,137.6,57,,,,,,,,,,,,,,,,,138.1,150,138.3,100,,,,,,,,,,,,,,,,
2026-07-09T00:01:02.068730+00:00,2026-07-09T00:01:02.068992,2,2,137.95,0.3,137.8,100,137.6,57,,,,,,,,,,,,,,,,,138.1,101,138.3,100,,,,,,,,,,,,,,,,
2026-07-09T00:01:03.158622+00:00,2026-07-09T00:01:03.153200,2,2,137.95,0.3,137.8,50,137.6,57,,,,,,,,,,,,,,,,,138.1,101,138.3,100,,,,,,,,,,,,,,,,
2026-07-09T00:01:03.197867+00:00,2026-07-09T00:01:03.198002,2,2,137.95,0.3,137.8,50,137.6,57,,,,,,,,,,,,,,,,,138.1,55,138.3,100,,,,,,,,,,,,,,,,
2026-07-09T00:01:03.232572+00:00,2026-07-09T00:01:03.232541,1,1,138.05,0.5,137.8,50,,,,,,,,,,,,,,,,,,,138.3,100,,,,,,,,,,,,,,,,,,
2026-07-09T00:01:03.290884+00:00,2026-07-09T00:01:03.290816,1,1,138.05,0.5,137.8,200,,,,,,,,,,,,,,,,,,,138.3,100,,,,,,,,,,,,,,,,,,
2026-07-09T00:01:03.341027+00:00,2026-07-09T00:01:03.341122,1,1,138.05,0.5,137.8,200,,,,,,,,,,,,,,,,,,,138.3,250,,,,,,,,,,,,,,,,,,
2026-07-09T00:01:04.824743+00:00,2026-07-09T00:01:04.824631,1,1,138.05,0.5,137.8,200,,,,,,,,,,,,,,,,,,,138.3,150,,,,,,,,,,,,,,,,,,
2026-07-09T00:01:04.829860+00:00,2026-07-09T00:01:04.829812,1,1,138.05,0.5,137.8,150,,,,,,,,,,,,,,,,,,,138.3,150,,,,,,,,,,,,,,,,,,
2026-07-09T00:01:04.884496+00:00,2026-07-09T00:01:04.884378,2,1,138.05,0.5,137.8,150,137.7,100,,,,,,,,,,,,,,,,,138.3,150,,,,,,,,,,,,,,,,,,
2026-07-09T00:01:04.938506+00:00,2026-07-09T00:01:04.938776,2,2,138.0,0.4,137.8,150,137.7,100,,,,,,,,,,,,,,,,,138.2,100,138.3,150,,,,,,,,,,,,,,,,
2026-07-09T00:01:06.397077+00:00,2026-07-09T00:01:06.397206,1,1,137.95,0.5,137.7,100,,,,,,,,,,,,,,,,,,,138.2,100,,,,,,,,,,,,,,,,,,
2026-07-09T00:01:06.447911+00:00,2026-07-09T00:01:06.447825,2,1,138.0,0.4,137.8,150,137.7,100,,,,,,,,,,,,,,,,,138.2,100,,,,,,,,,,,,,,,,,,
2026-07-09T00:01:06.504063+00:00,2026-07-09T00:01:06.503999,2,2,138.0,0.4,137.8,150,137.7,100,,,,,,,,,,,,,,,,,138.2,100,138.3,150,,,,,,,,,,,,,,,,
2026-07-09T00:01:07.326100+00:00,2026-07-09T00:01:07.326021,2,2,138.0,0.4,137.8,150,137.7,100,,,,,,,,,,,,,,,,,138.2,50,138.3,150,,,,,,,,,,,,,,,,
2026-07-09T00:01:07.990560+00:00,2026-07-09T00:01:07.990679,1,1,138.05,0.5,137.8,150,,,,,,,,,,,,,,,,,,,138.3,150,,,,,,,,,,,,,,,,,,
2026-07-09T00:01:08.043304+00:00,2026-07-09T00:01:08.043186,2,1,138.15,0.3,138.0,100,137.8,150,,,,,,,,,,,,,,,,,138.3,150,,,,,,,,,,,,,,,,,,
2026-07-09T00:01:08.093931+00:00,2026-07-09T00:01:08.093840,2,2,138.15,0.3,138.0,100,137.8,150,,,,,,,,,,,,,,,,,138.3,150,138.5,100,,,,,,,,,,,,,,,,
2026-07-09T00:01:09.434546+00:00,2026-07-09T00:01:09.434459,2,2,138.15,0.3,138.0,100,137.8,150,,,,,,,,,,,,,,,,,138.3,100,138.5,100,,,,,,,,,,,,,,,,
2026-07-09T00:01:09.523829+00:00,2026-07-09T00:01:09.523998,2,2,138.15,0.3,138.0,55,137.8,150,,,,,,,,,,,,,,,,,138.3,100,138.5,100,,,,,,,,,,,,,,,,
2026-07-09T00:01:09.558673+00:00,2026-07-09T00:01:09.558596,2,1,138.25,0.5,138.0,55,137.8,150,,,,,,,,,,,,,,,,,138.5,100,,,,,,,,,,,,,,,,,,
2026-07-09T00:01:09.563871+00:00,2026-07-09T00:01:09.563793,1,1,138.25,0.5,138.0,55,,,,,,,,,,,,,,,,,,,138.5,100,,,,,,,,,,,,,,,,,,
2026-07-09T00:01:09.616788+00:00,2026-07-09T00:01:09.616735,1,1,138.25,0.5,138.0,205,,,,,,,,,,,,,,,,,,,138.5,100,,,,,,,,,,,,,,,,,,
2026-07-09T00:01:09.670903+00:00,2026-07-09T00:01:09.670870,1,1,138.25,0.5,138.0,205,,,,,,,,,,,,,,,,,,,138.5,250,,,,,,,,,,,,,,,,,,
2026-07-09T00:01:11.146658+00:00,2026-07-09T00:01:11.146615,1,1,138.25,0.5,138.0,205,,,,,,,,,,,,,,,,,,,138.5,150,,,,,,,,,,,,,,,,,,
2026-07-09T00:01:11.148495+00:00,2026-07-09T00:01:11.158642,1,1,138.25,0.5,138.0,150,,,,,,,,,,,,,,,,,,,138.5,150,,,,,,,,,,,,,,,,,,
2026-07-09T00:01:11.214460+00:00,2026-07-09T00:01:11.214361,2,1,138.25,0.5,138.0,150,137.7,100,,,,,,,,,,,,,,,,,138.5,150,,,,,,,,,,,,,,,,,,
2026-07-09T00:01:11.274804+00:00,2026-07-09T00:01:11.274737,2,2,138.1,0.2,138.0,150,137.7,100,,,,,,,,,,,,,,,,,138.2,100,138.5,150,,,,,,,,,,,,,,,,
2026-07-09T00:01:11.543247+00:00,2026-07-09T00:01:11.543091,2,2,138.1,0.2,138.0,150,137.7,100,,,,,,,,,,,,,,,,,138.2,50,138.5,150,,,,,,,,,,,,,,,,
2026-07-09T00:01:12.723502+00:00,2026-07-09T00:01:12.723693,1,1,137.95,0.5,137.7,100,,,,,,,,,,,,,,,,,,,138.2,50,,,,,,,,,,,,,,,,,,
2026-07-09T00:01:12.785824+00:00,2026-07-09T00:01:12.785653,2,1,138.1,0.2,138.0,150,137.7,100,,,,,,,,,,,,,,,,,138.2,50,,,,,,,,,,,,,,,,,,
2026-07-09T00:01:12.834503+00:00,2026-07-09T00:01:12.834591,2,2,138.1,0.2,138.0,150,137.7,100,,,,,,,,,,,,,,,,,138.2,50,138.5,150,,,,,,,,,,,,,,,,
2026-07-09T00:01:14.328889+00:00,2026-07-09T00:01:14.328826,1,1,138.25,0.5,138.0,150,,,,,,,,,,,,,,,,,,,138.5,150,,,,,,,,,,,,,,,,,,
2026-07-09T00:01:14.341226+00:00,2026-07-09T00:01:14.341160,1,1,138.25,0.5,138.0,104,,,,,,,,,,,,,,,,,,,138.5,150,,,,,,,,,,,,,,,,,,
2026-07-09T00:01:14.381461+00:00,2026-07-09T00:01:14.381408,2,1,138.25,0.5,138.0,104,137.9,100,,,,,,,,,,,,,,,,,138.5,150,,,,,,,,,,,,,,,,,,
2026-07-09T00:01:14.436082+00:00,2026-07-09T00:01:14.436015,2,2,138.2,0.4,138.0,104,137.9,100,,,,,,,,,,,,,,,,,138.4,100,138.5,150,,,,,,,,,,,,,,,,
2026-07-09T00:01:15.821907+00:00,2026-07-09T00:01:15.821807,2,2,138.2,0.4,138.0,54,137.9,100,,,,,,,,,,,,,,,,,138.4,100,138.5,150,,,,,,,,,,,,,,,,
2026-07-09T00:01:15.887426+00:00,2026-07-09T00:01:15.887310,1,1,138.15,0.5,137.9,100,,,,,,,,,,,,,,,,,,,138.4,100,,,,,,,,,,,,,,,,,,
2026-07-09T00:01:15.941352+00:00,2026-07-09T00:01:15.941235,2,1,138.15,0.5,137.9,100,137.7,150,,,,,,,,,,,,,,,,,138.4,100,,,,,,,,,,,,,,,,,,
2026-07-09T00:01:15.990772+00:00,2026-07-09T00:01:15.990665,2,2,138.05,0.3,137.9,100,137.7,150,,,,,,,,,,,,,,,,,138.2,150,138.4,100,,,,,,,,,,,,,,,,
2026-07-09T00:01:17.488332+00:00,2026-07-09T00:01:17.488293,1,1,137.95,0.5,137.7,150,,,,,,,,,,,,,,,,,,,138.2,150,,,,,,,,,,,,,,,,,,
2026-07-09T00:01:17.542576+00:00,2026-07-09T00:01:17.542498,2,1,138.1,0.2,138.0,100,137.7,150,,,,,,,,,,,,,,,,,138.2,150,,,,,,,,,,,,,,,,,,
2026-07-09T00:01:17.592332+00:00,2026-07-09T00:01:17.592219,2,2,138.1,0.2,138.0,100,137.7,150,,,,,,,,,,,,,,,,,138.2,150,138.5,100,,,,,,,,,,,,,,,,
2026-07-09T00:01:17.930040+00:00,2026-07-09T00:01:17.929960,2,2,138.1,0.2,138.0,50,137.7,150,,,,,,,,,,,,,,,,,138.2,150,138.5,100,,,,,,,,,,,,,,,,
2026-07-09T00:01:18.304007+00:00,2026-07-09T00:01:18.304106,2,2,138.1,0.2,138.0,8,137.7,150,,,,,,,,,,,,,,,,,138.2,150,138.5,100,,,,,,,,,,,,,,,,
2026-07-09T00:01:19.049638+00:00,2026-07-09T00:01:19.049561,1,1,138.25,0.5,138.0,8,,,,,,,,,,,,,,,,,,,138.5,100,,,,,,,,,,,,,,,,,,
2026-07-09T00:01:19.105603+00:00,2026-07-09T00:01:19.105463,2,1,138.25,0.5,138.0,8,137.6,150,,,,,,,,,,,,,,,,,138.5,100,,,,,,,,,,,,,,,,,,
2026-07-09T00:01:19.169183+00:00,2026-07-09T00:01:19.169345,2,2,138.05,0.1,138.0,8,137.6,150,,,,,,,,,,,,,,,,,138.1,150,138.5,100,,,,,,,,,,,,,,,,
2026-07-09T00:01:20.679514+00:00,2026-07-09T00:01:20.679392,2,1,138.05,0.1,138.0,8,137.6,150,,,,,,,,,,,,,,,,,138.1,150,,,,,,,,,,,,,,,,,,
2026-07-09T00:01:20.684483+00:00,2026-07-09T00:01:20.684568,1,1,137.85,0.5,137.6,150,,,,,,,,,,,,,,,,,,,138.1,150,,,,,,,,,,,,,,,,,,
2026-07-09T00:01:20.737888+00:00,2026-07-09T00:01:20.737715,1,1,137.85,0.5,137.6,250,,,,,,,,,,,,,,,,,,,138.1,150,,,,,,,,,,,,,,,,,,
2026-07-09T00:01:20.788745+00:00,2026-07-09T00:01:20.788624,1,1,137.85,0.5,137.6,250,,,,,,,,,,,,,,,,,,,138.1,250,,,,,,,,,,,,,,,,,,
2026-07-09T00:01:21.482121+00:00,2026-07-09T00:01:21.482011,1,1,137.85,0.5,137.6,250,,,,,,,,,,,,,,,,,,,138.1,205,,,,,,,,,,,,,,,,,,
2026-07-09T00:01:22.102331+00:00,2026-07-09T00:01:22.102243,1,1,137.85,0.5,137.6,250,,,,,,,,,,,,,,,,,,,138.1,155,,,,,,,,,,,,,,,,,,
2026-07-09T00:01:22.227979+00:00,2026-07-09T00:01:22.227944,1,1,137.85,0.5,137.6,100,,,,,,,,,,,,,,,,,,,138.1,100,,,,,,,,,,,,,,,,,,
2026-07-09T00:01:22.278717+00:00,2026-07-09T00:01:22.278609,2,1,137.9,0.4,137.7,150,137.6,100,,,,,,,,,,,,,,,,,138.1,100,,,,,,,,,,,,,,,,,,
2026-07-09T00:01:22.337820+00:00,2026-07-09T00:01:22.337744,2,2,137.9,0.4,137.7,150,137.6,100,,,,,,,,,,,,,,,,,138.1,100,138.2,150,,,,,,,,,,,,,,,,
2026-07-09T00:01:23.109051+00:00,2026-07-09T00:01:23.108914,2,2,137.9,0.4,137.7,150,137.6,100,,,,,,,,,,,,,,,,,138.1,51,138.2,150,,,,,,,,,,,,,,,,
2026-07-09T00:01:23.841546+00:00,2026-07-09T00:01:23.841519,1,1,137.95,0.5,137.7,150,,,,,,,,,,,,,,,,,,,138.2,150,,,,,,,,,,,,,,,,,,
2026-07-09T00:01:23.895776+00:00,2026-07-09T00:01:23.895711,2,1,137.95,0.5,137.7,150,137.5,100,,,,,,,,,,,,,,,,,138.2,150,,,,,,,,,,,,,,,,,,
2026-07-09T00:01:23.950495+00:00,2026-07-09T00:01:23.950401,2,2,137.85,0.3,137.7,150,137.5,100,,,,,,,,,,,,,,,,,138.0,100,138.2,150,,,,,,,,,,,,,,,,
2026-07-09T00:01:25.387675+00:00,2026-07-09T00:01:25.387638,2,1,137.85,0.3,137.7,150,137.5,100,,,,,,,,,,,,,,,,,138.0,100,,,,,,,,,,,,,,,,,,
2026-07-09T00:01:25.392871+00:00,2026-07-09T00:01:25.392816,1,1,137.75,0.5,137.5,100,,,,,,,,,,,,,,,,,,,138.0,100,,,,,,,,,,,,,,,,,,
2026-07-09T00:01:25.441953+00:00,2026-07-09T00:01:25.441876,2,1,137.8,0.4,137.6,150,137.5,100,,,,,,,,,,,,,,,,,138.0,100,,,,,,,,,,,,,,,,,,
2026-07-09T00:01:25.494243+00:00,2026-07-09T00:01:25.494433,2,2,137.8,0.4,137.6,150,137.5,100,,,,,,,,,,,,,,,,,138.0,100,138.1,150,,,,,,,,,,,,,,,,
2026-07-09T00:01:25.658652+00:00,2026-07-09T00:01:25.653259,2,2,137.8,0.4,137.6,108,137.5,100,,,,,,,,,,,,,,,,,138.0,100,138.1,150,,,,,,,,,,,,,,,,
2026-07-09T00:01:27.006465+00:00,2026-07-09T00:01:27.006385,1,1,137.85,0.5,137.6,108,,,,,,,,,,,,,,,,,,,138.1,150,,,,,,,,,,,,,,,,,,
2026-07-09T00:01:27.061873+00:00,2026-07-09T00:01:27.061790,2,1,137.85,0.5,137.6,108,137.4,100,,,,,,,,,,,,,,,,,138.1,150,,,,,,,,,,,,,,,,,,
2026-07-09T00:01:27.114819+00:00,2026-07-09T00:01:27.114701,2,2,137.75,0.3,137.6,108,137.4,100,,,,,,,,,,,,,,,,,137.9,100,138.1,150,,,,,,,,,,,,,,,,
2026-07-09T00:01:27.802032+00:00,2026-07-09T00:01:27.801934,2,2,137.75,0.3,137.6,65,137.4,100,,,,,,,,,,,,,,,,,137.9,100,138.1,150,,,,,,,,,,,,,,,,
2026-07-09T00:01:28.414842+00:00,2026-07-09T00:01:28.414785,2,2,137.75,0.3,137.6,65,137.4,100,,,,,,,,,,,,,,,,,137.9,50,138.1,150,,,,,,,,,,,,,,,,
2026-07-09T00:01:28.551063+00:00,2026-07-09T00:01:28.550967,1,1,137.65,0.5,137.4,100,,,,,,,,,,,,,,,,,,,137.9,50,,,,,,,,,,,,,,,,,,
2026-07-09T00:01:28.611715+00:00,2026-07-09T00:01:28.611545,2,1,137.65,0.5,137.4,100,137.2,150,,,,,,,,,,,,,,,,,137.9,50,,,,,,,,,,,,,,,,,,
2026-07-09T00:01:28.664544+00:00,2026-07-09T00:01:28.664637,2,2,137.55,0.3,137.4,100,137.2,150,,,,,,,,,,,,,,,,,137.7,150,137.9,50,,,,,,,,,,,,,,,,
2026-07-09T00:01:30.169069+00:00,2026-07-09T00:01:30.169035,2,1,137.55,0.3,137.4,100,137.2,150,,,,,,,,,,,,,,,,,137.7,150,,,,,,,,,,,,,,,,,,
2026-07-09T00:01:30.174326+00:00,2026-07-09T00:01:30.174254,1,1,137.45,0.5,137.2,150,,,,,,,,,,,,,,,,,,,137.7,150,,,,,,,,,,,,,,,,,,
2026-07-09T00:01:30.229882+00:00,2026-07-09T00:01:30.229667,2,1,137.55,0.3,137.4,100,137.2,150,,,,,,,,,,,,,,,,,137.7,150,,,,,,,,,,,,,,,,,,
2026-07-09T00:01:30.278211+00:00,2026-07-09T00:01:30.278130,2,2,137.55,0.3,137.4,100,137.2,150,,,,,,,,,,,,,,,,,137.7,150,137.9,100,,,,,,,,,,,,,,,,
2026-07-09T00:01:30.576400+00:00,2026-07-09T00:01:30.576350,2,2,137.55,0.3,137.4,50,137.2,150,,,,,,,,,,,,,,,,,137.7,150,137.9,100,,,,,,,,,,,,,,,,
2026-07-09T00:01:30.952499+00:00,2026-07-09T00:01:30.952396,2,2,137.55,0.3,137.4,50,137.2,150,,,,,,,,,,,,,,,,,137.7,109,137.9,100,,,,,,,,,,,,,,,,
2026-07-09T00:01:31.716585+00:00,2026-07-09T00:01:31.716547,1,1,137.65,0.5,137.4,50,,,,,,,,,,,,,,,,,,,137.9,100,,,,,,,,,,,,,,,,,,
2026-07-09T00:01:31.769661+00:00,2026-07-09T00:01:31.769763,2,1,137.65,0.5,137.4,50,137.3,150,,,,,,,,,,,,,,,,,137.9,100,,,,,,,,,,,,,,,,,,
2026-07-09T00:01:31.827357+00:00,2026-07-09T00:01:31.827300,2,2,137.6,0.4,137.4,50,137.3,150,,,,,,,,,,,,,,,,,137.8,150,137.9,100,,,,,,,,,,,,,,,,
2026-07-09T00:01:32.683511+00:00,2026-07-09T00:01:32.683470,1,2,137.55,0.5,137.3,150,,,,,,,,,,,,,,,,,,,137.8,150,137.9,100,,,,,,,,,,,,,,,,
2026-07-09T00:01:33.337776+00:00,2026-07-09T00:01:33.337729,1,1,137.55,0.5,137.3,150,,,,,,,,,,,,,,,,,,,137.8,150,,,,,,,,,,,,,,,,,,
2026-07-09T00:01:33.389915+00:00,2026-07-09T00:01:33.389818,2,1,137.55,0.5,137.3,150,136.9,100,,,,,,,,,,,,,,,,,137.8,150,,,,,,,,,,,,,,,,,,
2026-07-09T00:01:33.443430+00:00,2026-07-09T00:01:33.443311,2,2,137.35,0.1,137.3,150,136.9,100,,,,,,,,,,,,,,,,,137.4,100,137.8,150,,,,,,,,,,,,,,,,
2026-07-09T00:01:34.789098+00:00,2026-07-09T00:01:34.788952,2,2,137.35,0.1,137.3,100,136.9,100,,,,,,,,,,,,,,,,,137.4,100,137.8,150,,,,,,,,,,,,,,,,
2026-07-09T00:01:34.880395+00:00,2026-07-09T00:01:34.880289,1,1,137.15,0.5,136.9,100,,,,,,,,,,,,,,,,,,,137.4,100,,,,,,,,,,,,,,,,,,
2026-07-09T00:01:34.932352+00:00,2026-07-09T00:01:34.932489,2,1,137.25,0.3,137.1,150,136.9,100,,,,,,,,,,,,,,,,,137.4,100,,,,,,,,,,,,,,,,,,
2026-07-09T00:01:34.988088+00:00,2026-07-09T00:01:34.988030,2,2,137.25,0.3,137.1,150,136.9,100,,,,,,,,,,,,,,,,,137.4,100,137.6,150,,,,,,,,,,,,,,,,
2026-07-09T00:01:36.499180+00:00,2026-07-09T00:01:36.499113,1,1,137.35,0.5,137.1,150,,,,,,,,,,,,,,,,,,,137.6,150,,,,,,,,,,,,,,,,,,
2026-07-09T00:01:36.558604+00:00,2026-07-09T00:01:36.553258,2,1,137.35,0.5,137.1,150,136.7,100,,,,,,,,,,,,,,,,,137.6,150,,,,,,,,,,,,,,,,,,
2026-07-09T00:01:36.606431+00:00,2026-07-09T00:01:36.606331,2,2,137.15,0.1,137.1,150,136.7,100,,,,,,,,,,,,,,,,,137.2,100,137.6,150,,,,,,,,,,,,,,,,
2026-07-09T00:01:36.890708+00:00,2026-07-09T00:01:36.890662,2,2,137.15,0.1,137.1,100,136.7,100,,,,,,,,,,,,,,,,,137.2,100,137.6,150,,,,,,,,,,,,,,,,
2026-07-09T00:01:38.039940+00:00,2026-07-09T00:01:38.039859,2,1,137.15,0.1,137.1,100,136.7,100,,,,,,,,,,,,,,,,,137.2,100,,,,,,,,,,,,,,,,,,
2026-07-09T00:01:38.045128+00:00,2026-07-09T00:01:38.045032,1,1,136.95,0.5,136.7,100,,,,,,,,,,,,,,,,,,,137.2,100,,,,,,,,,,,,,,,,,,
2026-07-09T00:01:38.101050+00:00,2026-07-09T00:01:38.101135,2,1,136.95,0.5,136.7,100,136.6,150,,,,,,,,,,,,,,,,,137.2,100,,,,,,,,,,,,,,,,,,
2026-07-09T00:01:38.150478+00:00,2026-07-09T00:01:38.150377,2,2,136.9,0.4,136.7,100,136.6,150,,,,,,,,,,,,,,,,,137.1,150,137.2,100,,,,,,,,,,,,,,,,
2026-07-09T00:01:38.249362+00:00,2026-07-09T00:01:38.241568,2,2,136.9,0.4,136.7,100,136.6,150,,,,,,,,,,,,,,,,,137.1,147,137.2,100,,,,,,,,,,,,,,,,
2026-07-09T00:01:38.317300+00:00,2026-07-09T00:01:38.317181,2,2,136.9,0.4,136.7,100,136.6,150,,,,,,,,,,,,,,,,,137.1,102,137.2,100,,,,,,,,,,,,,,,,
2026-07-09T00:01:39.002515+00:00,2026-07-09T00:01:39.002391,2,2,136.9,0.4,136.7,50,136.6,150,,,,,,,,,,,,,,,,,137.1,102,137.2,100,,,,,,,,,,,,,,,,
2026-07-09T00:01:39.658619+00:00,2026-07-09T00:01:39.655970,1,1,136.85,0.5,136.6,150,,,,,,,,,,,,,,,,,,,137.1,102,,,,,,,,,,,,,,,,,,
2026-07-09T00:01:39.715780+00:00,2026-07-09T00:01:39.715724,2,1,136.9,0.4,136.7,100,136.6,150,,,,,,,,,,,,,,,,,137.1,102,,,,,,,,,,,,,,,,,,
2026-07-09T00:01:39.768874+00:00,2026-07-09T00:01:39.768817,2,2,136.9,0.4,136.7,100,136.6,150,,,,,,,,,,,,,,,,,137.1,102,137.2,100,,,,,,,,,,,,,,,,
2026-07-09T00:01:39.892975+00:00,2026-07-09T00:01:39.892808,2,2,136.9,0.4,136.7,58,136.6,150,,,,,,,,,,,,,,,,,137.1,102,137.2,100,,,,,,,,,,,,,,,,
2026-07-09T00:01:41.106400+00:00,2026-07-09T00:01:41.106342,2,2,136.9,0.4,136.7,8,136.6,150,,,,,,,,,,,,,,,,,137.1,102,137.2,100,,,,,,,,,,,,,,,,
2026-07-09T00:01:41.206947+00:00,2026-07-09T00:01:41.207058,1,1,136.95,0.5,136.7,8,,,,,,,,,,,,,,,,,,,137.2,100,,,,,,,,,,,,,,,,,,
2026-07-09T00:01:41.263987+00:00,2026-07-09T00:01:41.263814,2,1,137.0,0.4,136.8,150,136.7,8,,,,,,,,,,,,,,,,,137.2,100,,,,,,,,,,,,,,,,,,
2026-07-09T00:01:41.312910+00:00,2026-07-09T00:01:41.312820,2,2,137.0,0.4,136.8,150,136.7,8,,,,,,,,,,,,,,,,,137.2,100,137.3,150,,,,,,,,,,,,,,,,
2026-07-09T00:01:42.548537+00:00,2026-07-09T00:01:42.548409,2,2,137.0,0.4,136.8,150,136.7,8,,,,,,,,,,,,,,,,,137.2,51,137.3,150,,,,,,,,,,,,,,,,
2026-07-09T00:01:42.824737+00:00,2026-07-09T00:01:42.824622,1,1,137.05,0.5,136.8,150,,,,,,,,,,,,,,,,,,,137.3,150,,,,,,,,,,,,,,,,,,
2026-07-09T00:01:42.879931+00:00,2026-07-09T00:01:42.879831,2,1,137.05,0.5,136.8,150,136.4,100,,,,,,,,,,,,,,,,,137.3,150,,,,,,,,,,,,,,,,,,
2026-07-09T00:01:42.933371+00:00,2026-07-09T00:01:42.933267,2,2,136.85,0.1,136.8,150,136.4,100,,,,,,,,,,,,,,,,,136.9,100,137.3,150,,,,,,,,,,,,,,,,
2026-07-09T00:01:43.217280+00:00,2026-07-09T00:01:43.217222,2,2,136.85,0.1,136.8,100,136.4,100,,,,,,,,,,,,,,,,,136.9,100,137.3,150,,,,,,,,,,,,,,,,
2026-07-09T00:01:43.530191+00:00,2026-07-09T00:01:43.530329,2,2,136.85,0.1,136.8,100,136.4,100,,,,,,,,,,,,,,,,,136.9,59,137.3,150,,,,,,,,,,,,,,,,
2026-07-09T00:01:44.175923+00:00,2026-07-09T00:01:44.169697,2,2,136.85,0.1,136.8,100,136.4,100,,,,,,,,,,,,,,,,,136.9,48,137.3,150,,,,,,,,,,,,,,,,
2026-07-09T00:01:44.369595+00:00,2026-07-09T00:01:44.369572,1,1,136.65,0.5,136.4,100,,,,,,,,,,,,,,,,,,,136.9,48,,,,,,,,,,,,,,,,,,
2026-07-09T00:01:44.423908+00:00,2026-07-09T00:01:44.424072,1,1,136.65,0.5,136.4,250,,,,,,,,,,,,,,,,,,,136.9,48,,,,,,,,,,,,,,,,,,
2026-07-09T00:01:44.477802+00:00,2026-07-09T00:01:44.477706,1,1,136.65,0.5,136.4,250,,,,,,,,,,,,,,,,,,,136.9,198,,,,,,,,,,,,,,,,,,
2026-07-09T00:01:45.324757+00:00,2026-07-09T00:01:45.324655,1,1,136.65,0.5,136.4,200,,,,,,,,,,,,,,,,,,,136.9,198,,,,,,,,,,,,,,,,,,
2026-07-09T00:01:45.987456+00:00,2026-07-09T00:01:45.987350,1,1,136.65,0.5,136.4,150,,,,,,,,,,,,,,,,,,,136.9,150,,,,,,,,,,,,,,,,,,
2026-07-09T00:01:46.043276+00:00,2026-07-09T00:01:46.043413,2,1,136.65,0.5,136.4,150,136.1,100,,,,,,,,,,,,,,,,,136.9,150,,,,,,,,,,,,,,,,,,
2026-07-09T00:01:46.107417+00:00,2026-07-09T00:01:46.107561,2,2,136.5,0.2,136.4,150,136.1,100,,,,,,,,,,,,,,,,,136.6,100,136.9,150,,,,,,,,,,,,,,,,
2026-07-09T00:01:47.314638+00:00,2026-07-09T00:01:47.314527,2,2,136.5,0.2,136.4,103,136.1,100,,,,,,,,,,,,,,,,,136.6,100,136.9,150,,,,,,,,,,,,,,,,
2026-07-09T00:01:47.532321+00:00,2026-07-09T00:01:47.532215,1,1,136.35,0.5,136.1,100,,,,,,,,,,,,,,,,,,,136.6,100,,,,,,,,,,,,,,,,,,
2026-07-09T00:01:47.585221+00:00,2026-07-09T00:01:47.585139,1,1,136.35,0.5,136.1,250,,,,,,,,,,,,,,,,,,,136.6,100,,,,,,,,,,,,,,,,,,
2026-07-09T00:01:47.638173+00:00,2026-07-09T00:01:47.638080,1,1,136.35,0.5,136.1,250,,,,,,,,,,,,,,,,,,,136.6,250,,,,,,,,,,,,,,,,,,
2026-07-09T00:01:48.047844+00:00,2026-07-09T00:01:48.042287,1,1,136.35,0.5,136.1,250,,,,,,,,,,,,,,,,,,,136.6,238,,,,,,,,,,,,,,,,,,
2026-07-09T00:01:49.163784+00:00,2026-07-09T00:01:49.163972,1,1,136.35,0.5,136.1,150,,,,,,,,,,,,,,,,,,,136.6,150,,,,,,,,,,,,,,,,,,
2026-07-09T00:01:49.217249+00:00,2026-07-09T00:01:49.217114,2,1,136.45,0.3,136.3,100,136.1,150,,,,,,,,,,,,,,,,,136.6,150,,,,,,,,,,,,,,,,,,
2026-07-09T00:01:49.270309+00:00,2026-07-09T00:01:49.270478,2,2,136.45,0.3,136.3,100,136.1,150,,,,,,,,,,,,,,,,,136.6,150,136.8,100,,,,,,,,,,,,,,,,
2026-07-09T00:01:49.539360+00:00,2026-07-09T00:01:49.539558,2,2,136.45,0.3,136.3,50,136.1,150,,,,,,,,,,,,,,,,,136.6,150,136.8,100,,,,,,,,,,,,,,,,
2026-07-09T00:01:50.163943+00:00,2026-07-09T00:01:50.163795,2,2,136.45,0.3,136.3,50,136.1,150,,,,,,,,,,,,,,,,,136.6,104,136.8,100,,,,,,,,,,,,,,,,
2026-07-09T00:01:50.694060+00:00,2026-07-09T00:01:50.693948,1,1,136.55,0.5,136.3,50,,,,,,,,,,,,,,,,,,,136.8,100,,,,,,,,,,,,,,,,,,
2026-07-09T00:01:50.749328+00:00,2026-07-09T00:01:50.749257,2,1,136.55,0.5,136.3,50,136.1,150,,,,,,,,,,,,,,,,,136.8,100,,,,,,,,,,,,,,,,,,
2026-07-09T00:01:50.801260+00:00,2026-07-09T00:01:50.801347,2,2,136.45,0.3,136.3,50,136.1,150,,,,,,,,,,,,,,,,,136.6,150,136.8,100,,,,,,,,,,,,,,,,
2026-07-09T00:01:51.595267+00:00,2026-07-09T00:01:51.595163,2,2,136.45,0.3,136.3,50,136.1,150,,,,,,,,,,,,,,,,,136.6,100,136.8,100,,,,,,,,,,,,,,,,
2026-07-09T00:01:52.324162+00:00,2026-07-09T00:01:52.324045,2,1,136.45,0.3,136.3,50,136.1,150,,,,,,,,,,,,,,,,,136.6,100,,,,,,,,,,,,,,,,,,
2026-07-09T00:01:52.329305+00:00,2026-07-09T00:01:52.329210,1,1,136.35,0.5,136.1,150,,,,,,,,,,,,,,,,,,,136.6,100,,,,,,,,,,,,,,,,,,
2026-07-09T00:01:52.381995+00:00,2026-07-09T00:01:52.381888,2,1,136.35,0.5,136.1,150,136.0,100,,,,,,,,,,,,,,,,,136.6,100,,,,,,,,,,,,,,,,,,
2026-07-09T00:01:52.432829+00:00,2026-07-09T00:01:52.432728,2,2,136.3,0.4,136.1,150,136.0,100,,,,,,,,,,,,,,,,,136.5,100,136.6,100,,,,,,,,,,,,,,,,
2026-07-09T00:01:53.703959+00:00,2026-07-09T00:01:53.703910,2,2,136.3,0.4,136.1,150,136.0,100,,,,,,,,,,,,,,,,,136.5,50,136.6,100,,,,,,,,,,,,,,,,
2026-07-09T00:01:53.858585+00:00,2026-07-09T00:01:53.855401,1,1,136.25,0.5,136.0,100,,,,,,,,,,,,,,,,,,,136.5,50,,,,,,,,,,,,,,,,,,
2026-07-09T00:01:53.905682+00:00,2026-07-09T00:01:53.905575,2,1,136.35,0.3,136.2,150,136.0,100,,,,,,,,,,,,,,,,,136.5,50,,,,,,,,,,,,,,,,,,
2026-07-09T00:01:53.969388+00:00,2026-07-09T00:01:53.969497,2,2,136.35,0.3,136.2,150,136.0,100,,,,,,,,,,,,,,,,,136.5,50,136.7,150,,,,,,,,,,,,,,,,
2026-07-09T00:01:54.458589+00:00,2026-07-09T00:01:54.454678,2,2,136.35,0.3,136.2,105,136.0,100,,,,,,,,,,,,,,,,,136.5,50,136.7,150,,,,,,,,,,,,,,,,
2026-07-09T00:01:55.505564+00:00,2026-07-09T00:01:55.505537,1,1,136.45,0.5,136.2,105,,,,,,,,,,,,,,,,,,,136.7,150,,,,,,,,,,,,,,,,,,
2026-07-09T00:01:55.564055+00:00,2026-07-09T00:01:55.563951,2,1,136.45,0.5,136.2,105,136.0,100,,,,,,,,,,,,,,,,,136.7,150,,,,,,,,,,,,,,,,,,
2026-07-09T00:01:55.608926+00:00,2026-07-09T00:01:55.609126,2,2,136.35,0.3,136.2,105,136.0,100,,,,,,,,,,,,,,,,,136.5,100,136.7,150,,,,,,,,,,,,,,,,
2026-07-09T00:01:55.812720+00:00,2026-07-09T00:01:55.812610,2,2,136.35,0.3,136.2,105,136.0,100,,,,,,,,,,,,,,,,,136.5,50,136.7,150,,,,,,,,,,,,,,,,
2026-07-09T00:01:57.020427+00:00,2026-07-09T00:01:57.020562,2,2,136.35,0.3,136.2,105,136.0,100,,,,,,,,,,,,,,,,,136.5,9,136.7,150,,,,,,,,,,,,,,,,
2026-07-09T00:01:57.025641+00:00,2026-07-09T00:01:57.025754,1,1,136.25,0.5,136.0,100,,,,,,,,,,,,,,,,,,,136.5,9,,,,,,,,,,,,,,,,,,
2026-07-09T00:01:57.081097+00:00,2026-07-09T00:01:57.080969,2,1,136.4,0.2,136.3,150,136.0,100,,,,,,,,,,,,,,,,,136.5,9,,,,,,,,,,,,,,,,,,
2026-07-09T00:01:57.134086+00:00,2026-07-09T00:01:57.133952,2,2,136.4,0.2,136.3,150,136.0,100,,,,,,,,,,,,,,,,,136.5,9,136.8,150,,,,,,,,,,,,,,,,
2026-07-09T00:01:57.921678+00:00,2026-07-09T00:01:57.921549,2,1,136.55,0.5,136.3,150,136.0,100,,,,,,,,,,,,,,,,,136.8,109,,,,,,,,,,,,,,,,,,
2026-07-09T00:01:58.666822+00:00,2026-07-09T00:01:58.666677,1,1,136.55,0.5,136.3,150,,,,,,,,,,,,,,,,,,,136.8,109,,,,,,,,,,,,,,,,,,
2026-07-09T00:01:58.720202+00:00,2026-07-09T00:01:58.720322,2,1,136.7,0.2,136.6,100,136.3,150,,,,,,,,,,,,,,,,,136.8,109,,,,,,,,,,,,,,,,,,
2026-07-09T00:01:58.774311+00:00,2026-07-09T00:01:58.774194,2,2,136.7,0.2,136.6,100,136.3,150,,,,,,,,,,,,,,,,,136.8,109,137.1,100,,,,,,,,,,,,,,,,
2026-07-09T00:01:59.084786+00:00,2026-07-09T00:01:59.084935,2,2,136.7,0.2,136.6,54,136.3,150,,,,,,,,,,,,,,,,,136.8,109,137.1,100,,,,,,,,,,,,,,,,
2026-07-09T00:02:00.030483+00:00,2026-07-09T00:02:00.030650,2,2,136.7,0.2,136.6,54,136.3,150,,,,,,,,,,,,,,,,,136.8,59,137.1,100,,,,,,,,,,,,,,,,
2026-07-09T00:02:00.184954+00:00,2026-07-09T00:02:00.184836,2,1,136.85,0.5,136.6,54,136.3,150,,,,,,,,,,,,,,,,,137.1,100,,,,,,,,,,,,,,,,,,
2026-07-09T00:02:00.189924+00:00,2026-07-09T00:02:00.190005,1,1,136.85,0.5,136.6,54,,,,,,,,,,,,,,,,,,,137.1,100,,,,,,,,,,,,,,,,,,
2026-07-09T00:02:00.243669+00:00,2026-07-09T00:02:00.243753,2,1,136.9,0.4,136.7,150,136.6,54,,,,,,,,,,,,,,,,,137.1,100,,,,,,,,,,,,,,,,,,
2026-07-09T00:02:00.292108+00:00,2026-07-09T00:02:00.292010,2,2,136.9,0.4,136.7,150,136.6,54,,,,,,,,,,,,,,,,,137.1,100,137.2,150,,,,,,,,,,,,,,,,
2026-07-09T00:02:00.858650+00:00,2026-07-09T00:02:00.853909,2,2,136.9,0.4,136.7,104,136.6,54,,,,,,,,,,,,,,,,,137.1,100,137.2,150,,,,,,,,,,,,,,,,
2026-07-09T00:02:01.838435+00:00,2026-07-09T00:02:01.838413,1,1,136.95,0.5,136.7,104,,,,,,,,,,,,,,,,,,,137.2,150,,,,,,,,,,,,,,,,,,
2026-07-09T00:02:01.892454+00:00,2026-07-09T00:02:01.892333,2,1,136.95,0.5,136.7,104,136.5,100,,,,,,,,,,,,,,,,,137.2,150,,,,,,,,,,,,,,,,,,
2026-07-09T00:02:01.943457+00:00,2026-07-09T00:02:01.943340,2,2,136.85,0.3,136.7,104,136.5,100,,,,,,,,,,,,,,,,,137.0,100,137.2,150,,,,,,,,,,,,,,,,
2026-07-09T00:02:02.139301+00:00,2026-07-09T00:02:02.139175,2,2,136.85,0.3,136.7,104,136.5,100,,,,,,,,,,,,,,,,,137.0,50,137.2,150,,,,,,,,,,,,,,,,
2026-07-09T00:02:02.538157+00:00,2026-07-09T00:02:02.538114,2,2,136.85,0.3,136.7,104,136.5,100,,,,,,,,,,,,,,,,,137.0,10,137.2,150,,,,,,,,,,,,,,,,
2026-07-09T00:02:02.998908+00:00,2026-07-09T00:02:02.999067,2,1,136.95,0.5,136.7,104,136.5,100,,,,,,,,,,,,,,,,,137.2,150,,,,,,,,,,,,,,,,,,
2026-07-09T00:02:03.358675+00:00,2026-07-09T00:02:03.351172,1,0,,,136.5,100,,,,,,,,,,,,,,,,,,,,,,,,,,,,,,,,,,,,,,
2026-07-09T00:02:03.405829+00:00,2026-07-09T00:02:03.405747,1,0,,,136.5,250,,,,,,,,,,,,,,,,,,,,,,,,,,,,,,,,,,,,,,
2026-07-09T00:02:03.458614+00:00,2026-07-09T00:02:03.457207,1,1,136.75,0.5,136.5,250,,,,,,,,,,,,,,,,,,,137.0,150,,,,,,,,,,,,,,,,,,
2026-07-09T00:02:04.247706+00:00,2026-07-09T00:02:04.247649,1,1,136.75,0.5,136.5,250,,,,,,,,,,,,,,,,,,,137.0,100,,,,,,,,,,,,,,,,,,
2026-07-09T00:02:04.692697+00:00,2026-07-09T00:02:04.692668,1,1,136.75,0.5,136.5,250,,,,,,,,,,,,,,,,,,,137.0,54,,,,,,,,,,,,,,,,,,
2026-07-09T00:02:05.000698+00:00,2026-07-09T00:02:05.000600,1,1,136.75,0.5,136.5,150,,,,,,,,,,,,,,,,,,,137.0,54,,,,,,,,,,,,,,,,,,
2026-07-09T00:02:05.069477+00:00,2026-07-09T00:02:05.063038,2,1,136.85,0.3,136.7,88,136.5,150,,,,,,,,,,,,,,,,,137.0,54,,,,,,,,,,,,,,,,,,
2026-07-09T00:02:05.104332+00:00,2026-07-09T00:02:05.104250,2,2,136.85,0.3,136.7,88,136.5,150,,,,,,,,,,,,,,,,,137.0,54,137.2,100,,,,,,,,,,,,,,,,
2026-07-09T00:02:06.355874+00:00,2026-07-09T00:02:06.355977,2,2,136.85,0.3,136.7,88,136.5,150,,,,,,,,,,,,,,,,,137.0,4,137.2,100,,,,,,,,,,,,,,,,
2026-07-09T00:02:06.422882+00:00,2026-07-09T00:02:06.416522,2,2,136.85,0.3,136.7,77,136.5,150,,,,,,,,,,,,,,,,,137.0,4,137.2,100,,,,,,,,,,,,,,,,
2026-07-09T00:02:06.509803+00:00,2026-07-09T00:02:06.509956,2,1,136.95,0.5,136.7,77,136.5,150,,,,,,,,,,,,,,,,,137.2,100,,,,,,,,,,,,,,,,,,
2026-07-09T00:02:06.515183+00:00,2026-07-09T00:02:06.515140,1,1,136.95,0.5,136.7,77,,,,,,,,,,,,,,,,,,,137.2,100,,,,,,,,,,,,,,,,,,
2026-07-09T00:02:06.575282+00:00,2026-07-09T00:02:06.569926,2,1,137.05,0.3,136.9,147,136.7,77,,,,,,,,,,,,,,,,,137.2,100,,,,,,,,,,,,,,,,,,
2026-07-09T00:02:06.618873+00:00,2026-07-09T00:02:06.618678,2,2,137.05,0.3,136.9,147,136.7,77,,,,,,,,,,,,,,,,,137.2,100,137.4,150,,,,,,,,,,,,,,,,
2026-07-09T00:02:08.163643+00:00,2026-07-09T00:02:08.163811,1,1,137.15,0.5,136.9,147,,,,,,,,,,,,,,,,,,,137.4,150,,,,,,,,,,,,,,,,,,
2026-07-09T00:02:08.216230+00:00,2026-07-09T00:02:08.216117,2,1,137.15,0.5,136.9,147,136.5,100,,,,,,,,,,,,,,,,,137.4,150,,,,,,,,,,,,,,,,,,
2026-07-09T00:02:08.264456+00:00,2026-07-09T00:02:08.264370,2,2,136.95,0.1,136.9,147,136.5,100,,,,,,,,,,,,,,,,,137.0,100,137.4,150,,,,,,,,,,,,,,,,
2026-07-09T00:02:08.329207+00:00,2026-07-09T00:02:08.329415,2,2,136.95,0.1,136.9,105,136.5,100,,,,,,,,,,,,,,,,,137.0,100,137.4,150,,,,,,,,,,,,,,,,
2026-07-09T00:02:08.458627+00:00,2026-07-09T00:02:08.457812,2,2,136.95,0.1,136.9,105,136.5,100,,,,,,,,,,,,,,,,,137.0,50,137.4,150,,,,,,,,,,,,,,,,
2026-07-09T00:02:09.033662+00:00,2026-07-09T00:02:09.033612,2,2,136.95,0.1,136.9,64,136.5,100,,,,,,,,,,,,,,,,,137.0,50,137.4,150,,,,,,,,,,,,,,,,
2026-07-09T00:02:09.678741+00:00,2026-07-09T00:02:09.678699,1,1,136.75,0.5,136.5,100,,,,,,,,,,,,,,,,,,,137.0,50,,,,,,,,,,,,,,,,,,
2026-07-09T00:02:09.736870+00:00,2026-07-09T00:02:09.736975,2,1,136.85,0.3,136.7,150,136.5,100,,,,,,,,,,,,,,,,,137.0,50,,,,,,,,,,,,,,,,,,
2026-07-09T00:02:09.791503+00:00,2026-07-09T00:02:09.791596,2,2,136.85,0.3,136.7,150,136.5,100,,,,,,,,,,,,,,,,,137.0,50,137.2,150,,,,,,,,,,,,,,,,
2026-07-09T00:02:10.071813+00:00,2026-07-09T00:02:10.071788,2,2,136.85,0.3,136.7,150,136.5,100,,,,,,,,,,,,,,,,,137.0,10,137.2,150,,,,,,,,,,,,,,,,
2026-07-09T00:02:10.126452+00:00,2026-07-09T00:02:10.126601,2,2,136.85,0.3,136.7,109,136.5,100,,,,,,,,,,,,,,,,,137.0,10,137.2,150,,,,,,,,,,,,,,,,
2026-07-09T00:02:10.577743+00:00,2026-07-09T00:02:10.577642,2,1,136.95,0.5,136.7,109,136.5,100,,,,,,,,,,,,,,,,,137.2,110,,,,,,,,,,,,,,,,,,
2026-07-09T00:02:11.322500+00:00,2026-07-09T00:02:11.322391,1,1,136.95,0.5,136.7,109,,,,,,,,,,,,,,,,,,,137.2,110,,,,,,,,,,,,,,,,,,
2026-07-09T00:02:11.381047+00:00,2026-07-09T00:02:11.380902,2,1,137.05,0.3,136.9,100,136.7,109,,,,,,,,,,,,,,,,,137.2,110,,,,,,,,,,,,,,,,,,
2026-07-09T00:02:11.437143+00:00,2026-07-09T00:02:11.437100,2,2,137.05,0.3,136.9,100,136.7,109,,,,,,,,,,,,,,,,,137.2,110,137.4,100,,,,,,,,,,,,,,,,
2026-07-09T00:02:12.688363+00:00,2026-07-09T00:02:12.688288,2,2,137.05,0.3,136.9,100,136.7,109,,,,,,,,,,,,,,,,,137.2,60,137.4,100,,,,,,,,,,,,,,,,
2026-07-09T00:02:12.847681+00:00,2026-07-09T00:02:12.847858,1,1,137.15,0.5,136.9,100,,,,,,,,,,,,,,,,,,,137.4,100,,,,,,,,,,,,,,,,,,
2026-07-09T00:02:12.898277+00:00,2026-07-09T00:02:12.898189,1,1,137.15,0.5,136.9,250,,,,,,,,,,,,,,,,,,,137.4,100,,,,,,,,,,,,,,,,,,
2026-07-09T00:02:12.964104+00:00,2026-07-09T00:02:12.963859,1,1,137.15,0.5,136.9,250,,,,,,,,,,,,,,,,,,,137.4,250,,,,,,,,,,,,,,,,,,
2026-07-09T00:02:13.720477+00:00,2026-07-09T00:02:13.720436,1,1,137.15,0.5,136.9,250,,,,,,,,,,,,,,,,,,,137.4,204,,,,,,,,,,,,,,,,,,
2026-07-09T00:02:14.486853+00:00,2026-07-09T00:02:14.486786,1,1,137.15,0.5,136.9,250,,,,,,,,,,,,,,,,,,,137.4,150,,,,,,,,,,,,,,,,,,
2026-07-09T00:02:14.500461+00:00,2026-07-09T00:02:14.500142,1,1,137.15,0.5,136.9,150,,,,,,,,,,,,,,,,,,,137.4,150,,,,,,,,,,,,,,,,,,
2026-07-09T00:02:14.558617+00:00,2026-07-09T00:02:14.556989,2,1,137.3,0.2,137.2,100,136.9,150,,,,,,,,,,,,,,,,,137.4,150,,,,,,,,,,,,,,,,,,
2026-07-09T00:02:14.618227+00:00,2026-07-09T00:02:14.618158,2,2,137.3,0.2,137.2,100,136.9,150,,,,,,,,,,,,,,,,,137.4,150,137.7,100,,,,,,,,,,,,,,,,
2026-07-09T00:02:14.804001+00:00,2026-07-09T00:02:14.803957,2,2,137.3,0.2,137.2,100,136.9,150,,,,,,,,,,,,,,,,,137.4,100,137.7,100,,,,,,,,,,,,,,,,
2026-07-09T00:02:15.939025+00:00,2026-07-09T00:02:15.938940,2,2,137.3,0.2,137.2,58,136.9,150,,,,,,,,,,,,,,,,,137.4,100,137.7,100,,,,,,,,,,,,,,,,
2026-07-09T00:02:16.009373+00:00,2026-07-09T00:02:16.009351,1,1,137.45,0.5,137.2,58,,,,,,,,,,,,,,,,,,,137.7,100,,,,,,,,,,,,,,,,,,
2026-07-09T00:02:16.063875+00:00,2026-07-09T00:02:16.063779,1,1,137.45,0.5,137.2,208,,,,,,,,,,,,,,,,,,,137.7,100,,,,,,,,,,,,,,,,,,
2026-07-09T00:02:16.115008+00:00,2026-07-09T00:02:16.114918,1,1,137.45,0.5,137.2,208,,,,,,,,,,,,,,,,,,,137.7,250,,,,,,,,,,,,,,,,,,
2026-07-09T00:02:16.910606+00:00,2026-07-09T00:02:16.906542,1,1,137.45,0.5,137.2,182,,,,,,,,,,,,,,,,,,,137.7,200,,,,,,,,,,,,,,,,,,
2026-07-09T00:02:17.602362+00:00,2026-07-09T00:02:17.602209,1,1,137.45,0.5,137.2,135,,,,,,,,,,,,,,,,,,,137.7,200,,,,,,,,,,,,,,,,,,
2026-07-09T00:02:17.673966+00:00,2026-07-09T00:02:17.674040,1,1,137.45,0.5,137.2,135,,,,,,,,,,,,,,,,,,,137.7,150,,,,,,,,,,,,,,,,,,
2026-07-09T00:02:17.722921+00:00,2026-07-09T00:02:17.722877,2,1,137.45,0.5,137.2,135,136.7,100,,,,,,,,,,,,,,,,,137.7,150,,,,,,,,,,,,,,,,,,
2026-07-09T00:02:17.780234+00:00,2026-07-09T00:02:17.780119,2,1,137.45,0.5,137.2,35,136.7,100,,,,,,,,,,,,,,,,,137.7,150,,,,,,,,,,,,,,,,,,
2026-07-09T00:02:19.045768+00:00,2026-07-09T00:02:19.045730,2,1,137.45,0.5,137.2,35,136.7,100,,,,,,,,,,,,,,,,,137.7,100,,,,,,,,,,,,,,,,,,
2026-07-09T00:02:19.170190+00:00,2026-07-09T00:02:19.170120,1,0,,,136.7,100,,,,,,,,,,,,,,,,,,,,,,,,,,,,,,,,,,,,,,
2026-07-09T00:02:19.224685+00:00,2026-07-09T00:02:19.224794,2,0,,,136.8,150,136.7,100,,,,,,,,,,,,,,,,,,,,,,,,,,,,,,,,,,,,
2026-07-09T00:02:19.277988+00:00,2026-07-09T00:02:19.277936,2,1,137.05,0.5,136.8,150,136.7,100,,,,,,,,,,,,,,,,,137.3,150,,,,,,,,,,,,,,,,,,
2026-07-09T00:02:20.835476+00:00,2026-07-09T00:02:20.835381,1,1,137.05,0.5,136.8,150,,,,,,,,,,,,,,,,,,,137.3,150,,,,,,,,,,,,,,,,,,
2026-07-09T00:02:20.885657+00:00,2026-07-09T00:02:20.885589,2,1,137.2,0.2,137.1,100,136.8,150,,,,,,,,,,,,,,,,,137.3,150,,,,,,,,,,,,,,,,,,
2026-07-09T00:02:20.939539+00:00,2026-07-09T00:02:20.939632,2,2,137.2,0.2,137.1,100,136.8,150,,,,,,,,,,,,,,,,,137.3,150,137.6,100,,,,,,,,,,,,,,,,
2026-07-09T00:02:21.150214+00:00,2026-07-09T00:02:21.150175,2,2,137.2,0.2,137.1,100,136.8,150,,,,,,,,,,,,,,,,,137.3,100,137.6,100,,,,,,,,,,,,,,,,
2026-07-09T00:02:21.768038+00:00,2026-07-09T00:02:21.767994,2,2,137.2,0.2,137.1,100,136.8,150,,,,,,,,,,,,,,,,,137.3,57,137.6,100,,,,,,,,,,,,,,,,
2026-07-09T00:02:22.332659+00:00,2026-07-09T00:02:22.332608,1,1,137.35,0.5,137.1,100,,,,,,,,,,,,,,,,,,,137.6,100,,,,,,,,,,,,,,,,,,
2026-07-09T00:02:22.390231+00:00,2026-07-09T00:02:22.390366,2,1,137.35,0.5,137.1,100,137.0,150,,,,,,,,,,,,,,,,,137.6,100,,,,,,,,,,,,,,,,,,
2026-07-09T00:02:22.489816+00:00,2026-07-09T00:02:22.489762,2,2,137.3,0.4,137.1,100,137.0,150,,,,,,,,,,,,,,,,,137.5,150,137.6,100,,,,,,,,,,,,,,,,
2026-07-09T00:02:23.289395+00:00,2026-07-09T00:02:23.289310,2,2,137.3,0.4,137.1,100,137.0,150,,,,,,,,,,,,,,,,,137.5,100,137.6,100,,,,,,,,,,,,,,,,
2026-07-09T00:02:23.488143+00:00,2026-07-09T00:02:23.488017,2,2,137.3,0.4,137.1,59,137.0,150,,,,,,,,,,,,,,,,,137.5,100,137.6,100,,,,,,,,,,,,,,,,
2026-07-09T00:02:23.997384+00:00,2026-07-09T00:02:23.997257,1,1,137.25,0.5,137.0,150,,,,,,,,,,,,,,,,,,,137.5,100,,,,,,,,,,,,,,,,,,
2026-07-09T00:02:24.050942+00:00,2026-07-09T00:02:24.051031,2,1,137.25,0.5,137.0,150,136.9,100,,,,,,,,,,,,,,,,,137.5,100,,,,,,,,,,,,,,,,,,
2026-07-09T00:02:24.105413+00:00,2026-07-09T00:02:24.105360,2,2,137.2,0.4,137.0,150,136.9,100,,,,,,,,,,,,,,,,,137.4,100,137.5,100,,,,,,,,,,,,,,,,
2026-07-09T00:02:25.544919+00:00,2026-07-09T00:02:25.544861,1,1,137.15,0.5,136.9,100,,,,,,,,,,,,,,,,,,,137.4,100,,,,,,,,,,,,,,,,,,
2026-07-09T00:02:25.600296+00:00,2026-07-09T00:02:25.600165,2,1,137.35,0.1,137.3,150,136.9,100,,,,,,,,,,,,,,,,,137.4,100,,,,,,,,,,,,,,,,,,
2026-07-09T00:02:25.652827+00:00,2026-07-09T00:02:25.652735,2,2,137.35,0.1,137.3,150,136.9,100,,,,,,,,,,,,,,,,,137.4,100,137.8,150,,,,,,,,,,,,,,,,
2026-07-09T00:02:26.548880+00:00,2026-07-09T00:02:26.548743,2,2,137.35,0.1,137.3,103,136.9,100,,,,,,,,,,,,,,,,,137.4,100,137.8,150,,,,,,,,,,,,,,,,
2026-07-09T00:02:27.158655+00:00,2026-07-09T00:02:27.155313,1,1,137.55,0.5,137.3,103,,,,,,,,,,,,,,,,,,,137.8,150,,,,,,,,,,,,,,,,,,
2026-07-09T00:02:27.215270+00:00,2026-07-09T00:02:27.215371,2,1,137.55,0.5,137.3,103,137.0,100,,,,,,,,,,,,,,,,,137.8,150,,,,,,,,,,,,,,,,,,
2026-07-09T00:02:27.285410+00:00,2026-07-09T00:02:27.285304,2,2,137.4,0.2,137.3,103,137.0,100,,,,,,,,,,,,,,,,,137.5,100,137.8,150,,,,,,,,,,,,,,,,
2026-07-09T00:02:27.510576+00:00,2026-07-09T00:02:27.510460,2,2,137.4,0.2,137.3,103,137.0,100,,,,,,,,,,,,,,,,,137.5,50,137.8,150,,,,,,,,,,,,,,,,
2026-07-09T00:02:28.712021+00:00,2026-07-09T00:02:28.711905,2,1,137.4,0.2,137.3,103,137.0,100,,,,,,,,,,,,,,,,,137.5,50,,,,,,,,,,,,,,,,,,
2026-07-09T00:02:28.717240+00:00,2026-07-09T00:02:28.717062,1,1,137.25,0.5,137.0,100,,,,,,,,,,,,,,,,,,,137.5,50,,,,,,,,,,,,,,,,,,
2026-07-09T00:02:28.770662+00:00,2026-07-09T00:02:28.770589,2,1,137.35,0.3,137.2,150,137.0,100,,,,,,,,,,,,,,,,,137.5,50,,,,,,,,,,,,,,,,,,
2026-07-09T00:02:28.820312+00:00,2026-07-09T00:02:28.820147,2,2,137.35,0.3,137.2,150,137.0,100,,,,,,,,,,,,,,,,,137.5,50,137.6,150,,,,,,,,,,,,,,,,
2026-07-09T00:02:29.703569+00:00,2026-07-09T00:02:29.703413,2,2,137.35,0.3,137.2,100,137.0,100,,,,,,,,,,,,,,,,,137.5,50,137.6,150,,,,,,,,,,,,,,,,
2026-07-09T00:02:30.341866+00:00,2026-07-09T00:02:30.341775,1,1,137.4,0.4,137.2,100,,,,,,,,,,,,,,,,,,,137.6,150,,,,,,,,,,,,,,,,,,
2026-07-09T00:02:30.393570+00:00,2026-07-09T00:02:30.393515,2,1,137.4,0.4,137.2,100,137.0,100,,,,,,,,,,,,,,,,,137.6,150,,,,,,,,,,,,,,,,,,
2026-07-09T00:02:30.450095+00:00,2026-07-09T00:02:30.449998,2,2,137.35,0.3,137.2,100,137.0,100,,,,,,,,,,,,,,,,,137.5,100,137.6,150,,,,,,,,,,,,,,,,
2026-07-09T00:02:31.270553+00:00,2026-07-09T00:02:31.270423,2,2,137.35,0.3,137.2,100,137.0,100,,,,,,,,,,,,,,,,,137.5,53,137.6,150,,,,,,,,,,,,,,,,
2026-07-09T00:02:31.758685+00:00,2026-07-09T00:02:31.754344,2,2,137.35,0.3,137.2,100,137.0,100,,,,,,,,,,,,,,,,,137.5,3,137.6,150,,,,,,,,,,,,,,,,
2026-07-09T00:02:31.877322+00:00,2026-07-09T00:02:31.877212,1,1,137.25,0.5,137.0,100,,,,,,,,,,,,,,,,,,,137.5,3,,,,,,,,,,,,,,,,,,
2026-07-09T00:02:31.929490+00:00,2026-07-09T00:02:31.929404,2,1,137.25,0.5,137.0,100,136.9,150,,,,,,,,,,,,,,,,,137.5,3,,,,,,,,,,,,,,,,,,
2026-07-09T00:02:31.986204+00:00,2026-07-09T00:02:31.986149,2,2,137.2,0.4,137.0,100,136.9,150,,,,,,,,,,,,,,,,,137.4,150,137.5,3,,,,,,,,,,,,,,,,
2026-07-09T00:02:33.358552+00:00,2026-07-09T00:02:33.354268,2,2,137.2,0.4,137.0,54,136.9,150,,,,,,,,,,,,,,,,,137.4,150,137.5,3,,,,,,,,,,,,,,,,
2026-07-09T00:02:33.504449+00:00,2026-07-09T00:02:33.504626,1,1,137.15,0.5,136.9,150,,,,,,,,,,,,,,,,,,,137.4,150,,,,,,,,,,,,,,,,,,
2026-07-09T00:02:33.558640+00:00,2026-07-09T00:02:33.554662,2,1,137.2,0.4,137.0,100,136.9,150,,,,,,,,,,,,,,,,,137.4,150,,,,,,,,,,,,,,,,,,
2026-07-09T00:02:33.612712+00:00,2026-07-09T00:02:33.612633,2,2,137.2,0.4,137.0,100,136.9,150,,,,,,,,,,,,,,,,,137.4,150,137.5,100,,,,,,,,,,,,,,,,
2026-07-09T00:02:33.919412+00:00,2026-07-09T00:02:33.919280,2,2,137.2,0.4,137.0,50,136.9,150,,,,,,,,,,,,,,,,,137.4,150,137.5,100,,,,,,,,,,,,,,,,
2026-07-09T00:02:35.041780+00:00,2026-07-09T00:02:35.041620,1,1,137.25,0.5,137.0,50,,,,,,,,,,,,,,,,,,,137.5,100,,,,,,,,,,,,,,,,,,
2026-07-09T00:02:35.096381+00:00,2026-07-09T00:02:35.096211,2,1,137.25,0.5,137.0,50,136.7,150,,,,,,,,,,,,,,,,,137.5,100,,,,,,,,,,,,,,,,,,
2026-07-09T00:02:35.163793+00:00,2026-07-09T00:02:35.163900,2,2,137.05,0.1,137.0,50,136.7,150,,,,,,,,,,,,,,,,,137.1,150,137.5,100,,,,,,,,,,,,,,,,
2026-07-09T00:02:36.666705+00:00,2026-07-09T00:02:36.666824,1,1,136.9,0.4,136.7,150,,,,,,,,,,,,,,,,,,,137.1,150,,,,,,,,,,,,,,,,,,
2026-07-09T00:02:36.721485+00:00,2026-07-09T00:02:36.721399,2,1,137.0,0.2,136.9,100,136.7,150,,,,,,,,,,,,,,,,,137.1,150,,,,,,,,,,,,,,,,,,
2026-07-09T00:02:36.746076+00:00,2026-07-09T00:02:36.745886,2,1,137.0,0.2,136.9,100,136.7,150,,,,,,,,,,,,,,,,,137.1,108,,,,,,,,,,,,,,,,,,
2026-07-09T00:02:36.774018+00:00,2026-07-09T00:02:36.773915,2,2,137.0,0.2,136.9,100,136.7,150,,,,,,,,,,,,,,,,,137.1,108,137.4,100,,,,,,,,,,,,,,,,
2026-07-09T00:02:38.128782+00:00,2026-07-09T00:02:38.128725,2,2,137.0,0.2,136.9,50,136.7,150,,,,,,,,,,,,,,,,,137.1,108,137.4,100,,,,,,,,,,,,,,,,
2026-07-09T00:02:38.211198+00:00,2026-07-09T00:02:38.211089,1,1,137.15,0.5,136.9,50,,,,,,,,,,,,,,,,,,,137.4,100,,,,,,,,,,,,,,,,,,
2026-07-09T00:02:38.265568+00:00,2026-07-09T00:02:38.265491,2,1,137.15,0.5,136.9,50,136.8,150,,,,,,,,,,,,,,,,,137.4,100,,,,,,,,,,,,,,,,,,
2026-07-09T00:02:38.318898+00:00,2026-07-09T00:02:38.318831,2,2,137.1,0.4,136.9,50,136.8,150,,,,,,,,,,,,,,,,,137.3,150,137.4,100,,,,,,,,,,,,,,,,
2026-07-09T00:02:39.825367+00:00,2026-07-09T00:02:39.825322,1,1,137.05,0.5,136.8,150,,,,,,,,,,,,,,,,,,,137.3,150,,,,,,,,,,,,,,,,,,
2026-07-09T00:02:39.881122+00:00,2026-07-09T00:02:39.880997,1,1,137.05,0.5,136.8,250,,,,,,,,,,,,,,,,,,,137.3,150,,,,,,,,,,,,,,,,,,
2026-07-09T00:02:39.934269+00:00,2026-07-09T00:02:39.934207,1,1,137.05,0.5,136.8,209,,,,,,,,,,,,,,,,,,,137.3,250,,,,,,,,,,,,,,,,,,
2026-07-09T00:02:40.235222+00:00,2026-07-09T00:02:40.235169,1,1,137.05,0.5,136.8,159,,,,,,,,,,,,,,,,,,,137.3,250,,,,,,,,,,,,,,,,,,
2026-07-09T00:02:41.373000+00:00,2026-07-09T00:02:41.372914,1,1,137.05,0.5,136.8,100,,,,,,,,,,,,,,,,,,,137.3,100,,,,,,,,,,,,,,,,,,
2026-07-09T00:02:41.429296+00:00,2026-07-09T00:02:41.429224,2,1,137.05,0.5,136.8,100,136.3,150,,,,,,,,,,,,,,,,,137.3,100,,,,,,,,,,,,,,,,,,
2026-07-09T00:02:41.479838+00:00,2026-07-09T00:02:41.479711,1,2,136.55,0.5,136.3,150,,,,,,,,,,,,,,,,,,,136.8,50,137.3,100,,,,,,,,,,,,,,,,
2026-07-09T00:02:42.168695+00:00,2026-07-09T00:02:42.168789,1,2,136.55,0.5,136.3,150,,,,,,,,,,,,,,,,,,,136.8,10,137.3,100,,,,,,,,,,,,,,,,
2026-07-09T00:02:42.291018+00:00,2026-07-09T00:02:42.290938,1,1,136.8,1.0,136.3,150,,,,,,,,,,,,,,,,,,,137.3,100,,,,,,,,,,,,,,,,,,
2026-07-09T00:02:42.988329+00:00,2026-07-09T00:02:42.988245,1,0,,,136.3,150,,,,,,,,,,,,,,,,,,,,,,,,,,,,,,,,,,,,,,
2026-07-09T00:02:43.039964+00:00,2026-07-09T00:02:43.039875,2,0,,,136.3,150,136.2,100,,,,,,,,,,,,,,,,,,,,,,,,,,,,,,,,,,,,
2026-07-09T00:02:43.096334+00:00,2026-07-09T00:02:43.096277,2,1,136.5,0.4,136.3,150,136.2,100,,,,,,,,,,,,,,,,,136.7,100,,,,,,,,,,,,,,,,,,
2026-07-09T00:02:44.400435+00:00,2026-07-09T00:02:44.400329,2,1,136.5,0.4,136.3,150,136.2,100,,,,,,,,,,,,,,,,,136.7,50,,,,,,,,,,,,,,,,,,
2026-07-09T00:02:44.534447+00:00,2026-07-09T00:02:44.534375,1,1,136.45,0.5,136.2,100,,,,,,,,,,,,,,,,,,,136.7,50,,,,,,,,,,,,,,,,,,
2026-07-09T00:02:44.590083+00:00,2026-07-09T00:02:44.590041,2,0,,,136.9,100,136.2,100,,,,,,,,,,,,,,,,,,,,,,,,,,,,,,,,,,,,
2026-07-09T00:02:44.644061+00:00,2026-07-09T00:02:44.643961,2,1,137.15,0.5,136.9,100,136.2,100,,,,,,,,,,,,,,,,,137.4,150,,,,,,,,,,,,,,,,,,
2026-07-09T00:02:44.871947+00:00,2026-07-09T00:02:44.864703,2,1,137.15,0.5,136.9,89,136.2,100,,,,,,,,,,,,,,,,,137.4,150,,,,,,,,,,,,,,,,,,
2026-07-09T00:02:45.258640+00:00,2026-07-09T00:02:45.247568,2,1,137.15,0.5,136.9,47,136.2,100,,,,,,,,,,,,,,,,,137.4,150,,,,,,,,,,,,,,,,,,
2026-07-09T00:02:46.158587+00:00,2026-07-09T00:02:46.150133,1,1,137.15,0.5,136.9,47,,,,,,,,,,,,,,,,,,,137.4,150,,,,,,,,,,,,,,,,,,
2026-07-09T00:02:46.203823+00:00,2026-07-09T00:02:46.203756,2,1,137.15,0.5,136.9,47,136.6,100,,,,,,,,,,,,,,,,,137.4,150,,,,,,,,,,,,,,,,,,
2026-07-09T00:02:46.256181+00:00,2026-07-09T00:02:46.256081,2,2,137.0,0.2,136.9,47,136.6,100,,,,,,,,,,,,,,,,,137.1,100,137.4,150,,,,,,,,,,,,,,,,
2026-07-09T00:02:46.514674+00:00,2026-07-09T00:02:46.514534,2,2,137.0,0.2,136.9,47,136.6,100,,,,,,,,,,,,,,,,,137.1,50,137.4,150,,,,,,,,,,,,,,,,
2026-07-09T00:02:47.698046+00:00,2026-07-09T00:02:47.697952,1,1,136.85,0.5,136.6,100,,,,,,,,,,,,,,,,,,,137.1,50,,,,,,,,,,,,,,,,,,
2026-07-09T00:02:47.748570+00:00,2026-07-09T00:02:47.748530,2,1,136.85,0.5,136.6,100,136.5,150,,,,,,,,,,,,,,,,,137.1,50,,,,,,,,,,,,,,,,,,
2026-07-09T00:02:47.803543+00:00,2026-07-09T00:02:47.803401,2,2,136.8,0.4,136.6,100,136.5,150,,,,,,,,,,,,,,,,,137.0,150,137.1,50,,,,,,,,,,,,,,,,
2026-07-09T00:02:48.674691+00:00,2026-07-09T00:02:48.674608,2,2,136.8,0.4,136.6,50,136.5,150,,,,,,,,,,,,,,,,,137.0,150,137.1,50,,,,,,,,,,,,,,,,
2026-07-09T00:02:49.040648+00:00,2026-07-09T00:02:49.040518,2,2,136.8,0.4,136.6,50,136.5,150,,,,,,,,,,,,,,,,,137.0,110,137.1,50,,,,,,,,,,,,,,,,
2026-07-09T00:02:49.311255+00:00,2026-07-09T00:02:49.311197,1,1,136.75,0.5,136.5,150,,,,,,,,,,,,,,,,,,,137.0,110,,,,,,,,,,,,,,,,,,
2026-07-09T00:02:49.364900+00:00,2026-07-09T00:02:49.364768,2,1,136.8,0.4,136.6,100,136.5,150,,,,,,,,,,,,,,,,,137.0,110,,,,,,,,,,,,,,,,,,
2026-07-09T00:02:49.416160+00:00,2026-07-09T00:02:49.416069,2,2,136.8,0.4,136.6,100,136.5,150,,,,,,,,,,,,,,,,,137.0,110,137.1,100,,,,,,,,,,,,,,,,
2026-07-09T00:02:49.730997+00:00,2026-07-09T00:02:49.725116,2,2,136.8,0.4,136.6,100,136.5,150,,,,,,,,,,,,,,,,,137.0,99,137.1,100,,,,,,,,,,,,,,,,
2026-07-09T00:02:50.853027+00:00,2026-07-09T00:02:50.853173,1,1,136.85,0.5,136.6,100,,,,,,,,,,,,,,,,,,,137.1,100,,,,,,,,,,,,,,,,,,
2026-07-09T00:02:50.912356+00:00,2026-07-09T00:02:50.912254,2,1,136.85,0.5,136.6,100,136.5,150,,,,,,,,,,,,,,,,,137.1,100,,,,,,,,,,,,,,,,,,
2026-07-09T00:02:50.961314+00:00,2026-07-09T00:02:50.961415,2,2,136.8,0.4,136.6,100,136.5,150,,,,,,,,,,,,,,,,,137.0,150,137.1,100,,,,,,,,,,,,,,,,
2026-07-09T00:02:51.227184+00:00,2026-07-09T00:02:51.227044,2,2,136.8,0.4,136.6,100,136.5,150,,,,,,,,,,,,,,,,,137.0,102,137.1,100,,,,,,,,,,,,,,,,
2026-07-09T00:02:52.470476+00:00,2026-07-09T00:02:52.470389,1,1,136.75,0.5,136.5,150,,,,,,,,,,,,,,,,,,,137.0,102,,,,,,,,,,,,,,,,,,
2026-07-09T00:02:52.523859+00:00,2026-07-09T00:02:52.523983,2,1,136.8,0.4,136.6,100,136.5,150,,,,,,,,,,,,,,,,,137.0,102,,,,,,,,,,,,,,,,,,
2026-07-09T00:02:52.574117+00:00,2026-07-09T00:02:52.574034,2,2,136.8,0.4,136.6,100,136.5,150,,,,,,,,,,,,,,,,,137.0,102,137.1,100,,,,,,,,,,,,,,,,
2026-07-09T00:02:52.887900+00:00,2026-07-09T00:02:52.887830,2,2,136.8,0.4,136.6,50,136.5,150,,,,,,,,,,,,,,,,,137.0,102,137.1,100,,,,,,,,,,,,,,,,
2026-07-09T00:02:54.018656+00:00,2026-07-09T00:02:54.018625,1,1,136.85,0.5,136.6,50,,,,,,,,,,,,,,,,,,,137.1,100,,,,,,,,,,,,,,,,,,
2026-07-09T00:02:54.073114+00:00,2026-07-09T00:02:54.073033,2,1,137.0,0.2,136.9,150,136.6,50,,,,,,,,,,,,,,,,,137.1,100,,,,,,,,,,,,,,,,,,
2026-07-09T00:02:54.125604+00:00,2026-07-09T00:02:54.125524,2,2,137.0,0.2,136.9,150,136.6,50,,,,,,,,,,,,,,,,,137.1,100,137.4,150,,,,,,,,,,,,,,,,
2026-07-09T00:02:55.543967+00:00,2026-07-09T00:02:55.543840,2,2,137.0,0.2,136.9,101,136.6,50,,,,,,,,,,,,,,,,,137.1,100,137.4,150,,,,,,,,,,,,,,,,
2026-07-09T00:02:55.635778+00:00,2026-07-09T00:02:55.635700,1,1,137.15,0.5,136.9,101,,,,,,,,,,,,,,,,,,,137.4,150,,,,,,,,,,,,,,,,,,
2026-07-09T00:02:55.689125+00:00,2026-07-09T00:02:55.689204,2,1,137.15,0.5,136.9,101,136.4,100,,,,,,,,,,,,,,,,,137.4,150,,,,,,,,,,,,,,,,,,
2026-07-09T00:02:55.750588+00:00,2026-07-09T00:02:55.750516,2,1,137.15,0.5,136.9,1,136.4,100,,,,,,,,,,,,,,,,,137.4,150,,,,,,,,,,,,,,,,,,
2026-07-09T00:02:56.020000+00:00,2026-07-09T00:02:56.019906,1,1,136.9,1.0,136.4,100,,,,,,,,,,,,,,,,,,,137.4,150,,,,,,,,,,,,,,,,,,
2026-07-09T00:02:57.179663+00:00,2026-07-09T00:02:57.179624,1,0,,,136.4,100,,,,,,,,,,,,,,,,,,,,,,,,,,,,,,,,,,,,,,
2026-07-09T00:02:57.232640+00:00,2026-07-09T00:02:57.232526,2,0,,,136.4,100,136.2,150,,,,,,,,,,,,,,,,,,,,,,,,,,,,,,,,,,,,
2026-07-09T00:02:57.285964+00:00,2026-07-09T00:02:57.285888,2,1,136.55,0.3,136.4,100,136.2,150,,,,,,,,,,,,,,,,,136.7,150,,,,,,,,,,,,,,,,,,
2026-07-09T00:02:58.805503+00:00,2026-07-09T00:02:58.805595,1,1,136.45,0.5,136.2,150,,,,,,,,,,,,,,,,,,,136.7,150,,,,,,,,,,,,,,,,,,
2026-07-09T00:02:58.853151+00:00,2026-07-09T00:02:58.853314,2,1,136.65,0.1,136.6,100,136.2,150,,,,,,,,,,,,,,,,,136.7,150,,,,,,,,,,,,,,,,,,
2026-07-09T00:02:58.906796+00:00,2026-07-09T00:02:58.906700,2,2,136.65,0.1,136.6,100,136.2,150,,,,,,,,,,,,,,,,,136.7,150,137.1,100,,,,,,,,,,,,,,,,
2026-07-09T00:02:59.203676+00:00,2026-07-09T00:02:59.203518,2,2,136.65,0.1,136.6,50,136.2,150,,,,,,,,,,,,,,,,,136.7,150,137.1,100,,,,,,,,,,,,,,,,
2026-07-09T00:03:00.340018+00:00,2026-07-09T00:03:00.340153,1,1,136.85,0.5,136.6,50,,,,,,,,,,,,,,,,,,,137.1,100,,,,,,,,,,,,,,,,,,
2026-07-09T00:03:00.395028+00:00,2026-07-09T00:03:00.395151,2,1,136.85,0.5,136.6,50,136.2,150,,,,,,,,,,,,,,,,,137.1,100,,,,,,,,,,,,,,,,,,
2026-07-09T00:03:00.448611+00:00,2026-07-09T00:03:00.448538,2,2,136.65,0.1,136.6,50,136.2,150,,,,,,,,,,,,,,,,,136.7,150,137.1,100,,,,,,,,,,,,,,,,
2026-07-09T00:03:00.478149+00:00,2026-07-09T00:03:00.478074,2,2,136.65,0.1,136.6,50,136.2,150,,,,,,,,,,,,,,,,,136.7,104,137.1,100,,,,,,,,,,,,,,,,
2026-07-09T00:03:00.532197+00:00,2026-07-09T00:03:00.532105,2,2,136.65,0.1,136.6,8,136.2,150,,,,,,,,,,,,,,,,,136.7,104,137.1,100,,,,,,,,,,,,,,,,
2026-07-09T00:03:01.258680+00:00,2026-07-09T00:03:01.254871,2,2,136.65,0.1,136.6,8,136.2,150,,,,,,,,,,,,,,,,,136.7,54,137.1,100,,,,,,,,,,,,,,,,
2026-07-09T00:03:01.965048+00:00,2026-07-09T00:03:01.964988,1,1,136.45,0.5,136.2,150,,,,,,,,,,,,,,,,,,,136.7,54,,,,,,,,,,,,,,,,,,
2026-07-09T00:03:02.018034+00:00,2026-07-09T00:03:02.017967,2,1,136.55,0.3,136.4,100,136.2,150,,,,,,,,,,,,,,,,,136.7,54,,,,,,,,,,,,,,,,,,
2026-07-09T00:03:02.075634+00:00,2026-07-09T00:03:02.075557,2,2,136.55,0.3,136.4,100,136.2,150,,,,,,,,,,,,,,,,,136.7,54,136.9,100,,,,,,,,,,,,,,,,
2026-07-09T00:03:02.734874+00:00,2026-07-09T00:03:02.734727,2,2,136.55,0.3,136.4,100,136.2,150,,,,,,,,,,,,,,,,,136.7,10,136.9,100,,,,,,,,,,,,,,,,
2026-07-09T00:03:03.503420+00:00,2026-07-09T00:03:03.503368,1,1,136.65,0.5,136.4,100,,,,,,,,,,,,,,,,,,,136.9,100,,,,,,,,,,,,,,,,,,
2026-07-09T00:03:03.558631+00:00,2026-07-09T00:03:03.553674,2,1,136.8,0.2,136.7,150,136.4,100,,,,,,,,,,,,,,,,,136.9,100,,,,,,,,,,,,,,,,,,
2026-07-09T00:03:03.641615+00:00,2026-07-09T00:03:03.641483,2,2,136.8,0.2,136.7,150,136.4,100,,,,,,,,,,,,,,,,,136.9,100,137.2,150,,,,,,,,,,,,,,,,
2026-07-09T00:03:04.278673+00:00,2026-07-09T00:03:04.273183,2,2,136.8,0.2,136.7,139,136.4,100,,,,,,,,,,,,,,,,,136.9,100,137.2,150,,,,,,,,,,,,,,,,
2026-07-09T00:03:05.126490+00:00,2026-07-09T00:03:05.126429,1,1,136.95,0.5,136.7,139,,,,,,,,,,,,,,,,,,,137.2,150,,,,,,,,,,,,,,,,,,
2026-07-09T00:03:05.180018+00:00,2026-07-09T00:03:05.179968,2,1,136.95,0.5,136.7,139,136.1,100,,,,,,,,,,,,,,,,,137.2,150,,,,,,,,,,,,,,,,,,
2026-07-09T00:03:05.233955+00:00,2026-07-09T00:03:05.233902,2,1,136.95,0.5,136.7,39,136.1,100,,,,,,,,,,,,,,,,,137.2,150,,,,,,,,,,,,,,,,,,
2026-07-09T00:03:05.526621+00:00,2026-07-09T00:03:05.526531,1,1,136.65,1.1,136.1,89,,,,,,,,,,,,,,,,,,,137.2,150,,,,,,,,,,,,,,,,,,
2026-07-09T00:03:06.697436+00:00,2026-07-09T00:03:06.697317,1,0,,,136.1,89,,,,,,,,,,,,,,,,,,,,,,,,,,,,,,,,,,,,,,
2026-07-09T00:03:06.749845+00:00,2026-07-09T00:03:06.749724,2,0,,,136.1,89,135.9,150,,,,,,,,,,,,,,,,,,,,,,,,,,,,,,,,,,,,
2026-07-09T00:03:06.803998+00:00,2026-07-09T00:03:06.804085,2,1,136.25,0.3,136.1,89,135.9,150,,,,,,,,,,,,,,,,,136.4,150,,,,,,,,,,,,,,,,,,
2026-07-09T00:03:06.813750+00:00,2026-07-09T00:03:06.808604,2,1,136.25,0.3,136.1,89,135.9,150,,,,,,,,,,,,,,,,,136.4,139,,,,,,,,,,,,,,,,,,
2026-07-09T00:03:06.844899+00:00,2026-07-09T00:03:06.844775,2,1,136.25,0.3,136.1,89,135.9,150,,,,,,,,,,,,,,,,,136.4,96,,,,,,,,,,,,,,,,,,
2026-07-09T00:03:07.332528+00:00,2026-07-09T00:03:07.332425,2,1,136.25,0.3,136.1,47,135.9,150,,,,,,,,,,,,,,,,,136.4,96,,,,,,,,,,,,,,,,,,
2026-07-09T00:03:07.632615+00:00,2026-07-09T00:03:07.632537,1,1,136.15,0.5,135.9,150,,,,,,,,,,,,,,,,,,,136.4,96,,,,,,,,,,,,,,,,,,
2026-07-09T00:03:07.919571+00:00,2026-07-09T00:03:07.912790,1,1,136.15,0.5,135.9,150,,,,,,,,,,,,,,,,,,,136.4,84,,,,,,,,,,,,,,,,,,
2026-07-09T00:03:08.341200+00:00,2026-07-09T00:03:08.341127,2,1,136.35,0.1,136.3,100,135.9,150,,,,,,,,,,,,,,,,,136.4,84,,,,,,,,,,,,,,,,,,
2026-07-09T00:03:08.396653+00:00,2026-07-09T00:03:08.396526,2,2,136.35,0.1,136.3,100,135.9,150,,,,,,,,,,,,,,,,,136.4,84,136.8,100,,,,,,,,,,,,,,,,
2026-07-09T00:03:09.130701+00:00,2026-07-09T00:03:09.124433,2,2,136.35,0.1,136.3,100,135.9,150,,,,,,,,,,,,,,,,,136.4,73,136.8,100,,,,,,,,,,,,,,,,
2026-07-09T00:03:09.758586+00:00,2026-07-09T00:03:09.755739,2,2,136.35,0.1,136.3,50,135.9,150,,,,,,,,,,,,,,,,,136.4,73,136.8,100,,,,,,,,,,,,,,,,
2026-07-09T00:03:09.803947+00:00,2026-07-09T00:03:09.803834,2,2,136.35,0.1,136.3,3,135.9,150,,,,,,,,,,,,,,,,,136.4,73,136.8,100,,,,,,,,,,,,,,,,
2026-07-09T00:03:09.858576+00:00,2026-07-09T00:03:09.855777,1,1,136.55,0.5,136.3,3,,,,,,,,,,,,,,,,,,,136.8,100,,,,,,,,,,,,,,,,,,
2026-07-09T00:03:09.913045+00:00,2026-07-09T00:03:09.912955,2,1,136.6,0.4,136.4,150,136.3,3,,,,,,,,,,,,,,,,,136.8,100,,,,,,,,,,,,,,,,,,
2026-07-09T00:03:09.968918+00:00,2026-07-09T00:03:09.968809,2,2,136.6,0.4,136.4,150,136.3,3,,,,,,,,,,,,,,,,,136.8,100,136.9,150,,,,,,,,,,,,,,,,
2026-07-09T00:03:11.450768+00:00,2026-07-09T00:03:11.450733,1,1,136.65,0.5,136.4,150,,,,,,,,,,,,,,,,,,,136.9,150,,,,,,,,,,,,,,,,,,
2026-07-09T00:03:11.508682+00:00,2026-07-09T00:03:11.508594,2,1,136.65,0.5,136.4,150,136.0,100,,,,,,,,,,,,,,,,,136.9,150,,,,,,,,,,,,,,,,,,
2026-07-09T00:03:11.558623+00:00,2026-07-09T00:03:11.555490,2,2,136.45,0.1,136.4,150,136.0,100,,,,,,,,,,,,,,,,,136.5,100,136.9,150,,,,,,,,,,,,,,,,
2026-07-09T00:03:11.869041+00:00,2026-07-09T00:03:11.868905,2,2,136.45,0.1,136.4,100,136.0,100,,,,,,,,,,,,,,,,,136.5,100,136.9,150,,,,,,,,,,,,,,,,
2026-07-09T00:03:12.055944+00:00,2026-07-09T00:03:12.049900,2,2,136.45,0.1,136.4,100,136.0,100,,,,,,,,,,,,,,,,,136.5,97,136.9,150,,,,,,,,,,,,,,,,
2026-07-09T00:03:12.759724+00:00,2026-07-09T00:03:12.752974,2,2,136.45,0.1,136.4,97,136.0,100,,,,,,,,,,,,,,,,,136.5,97,136.9,150,,,,,,,,,,,,,,,,
2026-07-09T00:03:13.024088+00:00,2026-07-09T00:03:13.023981,1,1,136.25,0.5,136.0,100,,,,,,,,,,,,,,,,,,,136.5,97,,,,,,,,,,,,,,,,,,
2026-07-09T00:03:13.079277+00:00,2026-07-09T00:03:13.079222,1,1,136.25,0.5,136.0,250,,,,,,,,,,,,,,,,,,,136.5,97,,,,,,,,,,,,,,,,,,
2026-07-09T00:03:13.131698+00:00,2026-07-09T00:03:13.131602,1,1,136.25,0.5,136.0,250,,,,,,,,,,,,,,,,,,,136.5,247,,,,,,,,,,,,,,,,,,
2026-07-09T00:03:13.986021+00:00,2026-07-09T00:03:13.985975,1,1,136.25,0.5,136.0,200,,,,,,,,,,,,,,,,,,,136.5,247,,,,,,,,,,,,,,,,,,
2026-07-09T00:03:14.033579+00:00,2026-07-09T00:03:14.033496,1,1,136.25,0.5,136.0,200,,,,,,,,,,,,,,,,,,,136.5,202,,,,,,,,,,,,,,,,,,
2026-07-09T00:03:14.615222+00:00,2026-07-09T00:03:14.615104,1,1,136.25,0.5,136.0,150,,,,,,,,,,,,,,,,,,,136.5,150,,,,,,,,,,,,,,,,,,
2026-07-09T00:03:14.670224+00:00,2026-07-09T00:03:14.670152,1,1,136.25,0.5,136.0,250,,,,,,,,,,,,,,,,,,,136.5,150,,,,,,,,,,,,,,,,,,
2026-07-09T00:03:14.722792+00:00,2026-07-09T00:03:14.722749,1,1,136.25,0.5,136.0,250,,,,,,,,,,,,,,,,,,,136.5,250,,,,,,,,,,,,,,,,,,
2026-07-09T00:03:16.099224+00:00,2026-07-09T00:03:16.099078,1,1,136.25,0.5,136.0,200,,,,,,,,,,,,,,,,,,,136.5,250,,,,,,,,,,,,,,,,,,
2026-07-09T00:03:16.186371+00:00,2026-07-09T00:03:16.186271,1,1,136.25,0.5,136.0,100,,,,,,,,,,,,,,,,,,,136.5,100,,,,,,,,,,,,,,,,,,
2026-07-09T00:03:16.235397+00:00,2026-07-09T00:03:16.235349,2,1,136.25,0.5,136.0,100,135.6,150,,,,,,,,,,,,,,,,,136.5,100,,,,,,,,,,,,,,,,,,
2026-07-09T00:03:16.292035+00:00,2026-07-09T00:03:16.291938,2,2,136.05,0.1,136.0,100,135.6,150,,,,,,,,,,,,,,,,,136.1,150,136.5,100,,,,,,,,,,,,,,,,
2026-07-09T00:03:16.614453+00:00,2026-07-09T00:03:16.614294,2,2,136.05,0.1,136.0,100,135.6,150,,,,,,,,,,,,,,,,,136.1,103,136.5,100,,,,,,,,,,,,,,,,
2026-07-09T00:03:17.776866+00:00,2026-07-09T00:03:17.776993,1,1,135.85,0.5,135.6,150,,,,,,,,,,,,,,,,,,,136.1,103,,,,,,,,,,,,,,,,,,
2026-07-09T00:03:17.833165+00:00,2026-07-09T00:03:17.833002,2,1,135.85,0.5,135.6,150,135.5,100,,,,,,,,,,,,,,,,,136.1,103,,,,,,,,,,,,,,,,,,
2026-07-09T00:03:17.886298+00:00,2026-07-09T00:03:17.886202,2,2,135.8,0.4,135.6,150,135.5,100,,,,,,,,,,,,,,,,,136.0,100,136.1,103,,,,,,,,,,,,,,,,
2026-07-09T00:03:18.174304+00:00,2026-07-09T00:03:18.174205,2,2,135.8,0.4,135.6,150,135.5,100,,,,,,,,,,,,,,,,,136.0,50,136.1,103,,,,,,,,,,,,,,,,
2026-07-09T00:03:18.821001+00:00,2026-07-09T00:03:18.811733,2,2,135.8,0.4,135.6,150,135.5,100,,,,,,,,,,,,,,,,,136.0,47,136.1,103,,,,,,,,,,,,,,,,
2026-07-09T00:03:19.368925+00:00,2026-07-09T00:03:19.368893,2,1,135.8,0.4,135.6,150,135.5,100,,,,,,,,,,,,,,,,,136.0,47,,,,,,,,,,,,,,,,,,
2026-07-09T00:03:19.374184+00:00,2026-07-09T00:03:19.374041,1,1,135.75,0.5,135.5,100,,,,,,,,,,,,,,,,,,,136.0,47,,,,,,,,,,,,,,,,,,
2026-07-09T00:03:19.429021+00:00,2026-07-09T00:03:19.428927,2,1,135.9,0.2,135.8,150,135.5,100,,,,,,,,,,,,,,,,,136.0,47,,,,,,,,,,,,,,,,,,
2026-07-09T00:03:19.481884+00:00,2026-07-09T00:03:19.481773,2,2,135.9,0.2,135.8,150,135.5,100,,,,,,,,,,,,,,,,,136.0,47,136.3,150,,,,,,,,,,,,,,,,
2026-07-09T00:03:20.108476+00:00,2026-07-09T00:03:20.108381,2,2,135.9,0.2,135.8,109,135.5,100,,,,,,,,,,,,,,,,,136.0,47,136.3,150,,,,,,,,,,,,,,,,
2026-07-09T00:03:20.330319+00:00,2026-07-09T00:03:20.330224,2,2,135.9,0.2,135.8,59,135.5,100,,,,,,,,,,,,,,,,,136.0,47,136.3,150,,,,,,,,,,,,,,,,
2026-07-09T00:03:20.949014+00:00,2026-07-09T00:03:20.948954,1,1,136.05,0.5,135.8,59,,,,,,,,,,,,,,,,,,,136.3,150,,,,,,,,,,,,,,,,,,
2026-07-09T00:03:21.004223+00:00,2026-07-09T00:03:21.004090,1,1,136.05,0.5,135.8,159,,,,,,,,,,,,,,,,,,,136.3,150,,,,,,,,,,,,,,,,,,
2026-07-09T00:03:21.058626+00:00,2026-07-09T00:03:21.056336,1,1,136.05,0.5,135.8,159,,,,,,,,,,,,,,,,,,,136.3,250,,,,,,,,,,,,,,,,,,
2026-07-09T00:03:21.184661+00:00,2026-07-09T00:03:21.184529,1,1,136.05,0.5,135.8,159,,,,,,,,,,,,,,,,,,,136.3,205,,,,,,,,,,,,,,,,,,
2026-07-09T00:03:21.236054+00:00,2026-07-09T00:03:21.236196,1,1,136.05,0.5,135.8,111,,,,,,,,,,,,,,,,,,,136.3,205,,,,,,,,,,,,,,,,,,
2026-07-09T00:03:22.458591+00:00,2026-07-09T00:03:22.455161,1,1,136.05,0.5,135.8,62,,,,,,,,,,,,,,,,,,,136.3,205,,,,,,,,,,,,,,,,,,
2026-07-09T00:03:22.534332+00:00,2026-07-09T00:03:22.534267,1,1,136.05,0.5,135.8,62,,,,,,,,,,,,,,,,,,,136.3,100,,,,,,,,,,,,,,,,,,
2026-07-09T00:03:22.586937+00:00,2026-07-09T00:03:22.586836,2,1,136.05,0.5,135.8,62,135.5,150,,,,,,,,,,,,,,,,,136.3,100,,,,,,,,,,,,,,,,,,
2026-07-09T00:03:22.639671+00:00,2026-07-09T00:03:22.639522,2,2,135.9,0.2,135.8,62,135.5,150,,,,,,,,,,,,,,,,,136.0,150,136.3,100,,,,,,,,,,,,,,,,
2026-07-09T00:03:24.109966+00:00,2026-07-09T00:03:24.109906,1,1,135.75,0.5,135.5,150,,,,,,,,,,,,,,,,,,,136.0,150,,,,,,,,,,,,,,,,,,
2026-07-09T00:03:24.165469+00:00,2026-07-09T00:03:24.165343,2,1,135.8,0.4,135.6,100,135.5,150,,,,,,,,,,,,,,,,,136.0,150,,,,,,,,,,,,,,,,,,
2026-07-09T00:03:24.228880+00:00,2026-07-09T00:03:24.228765,2,2,135.8,0.4,135.6,100,135.5,150,,,,,,,,,,,,,,,,,136.0,150,136.1,100,,,,,,,,,,,,,,,,
2026-07-09T00:03:24.458547+00:00,2026-07-09T00:03:24.457357,2,2,135.8,0.4,135.6,100,135.5,150,,,,,,,,,,,,,,,,,136.0,107,136.1,100,,,,,,,,,,,,,,,,
2026-07-09T00:03:24.490825+00:00,2026-07-09T00:03:24.490779,2,2,135.8,0.4,135.6,100,135.5,150,,,,,,,,,,,,,,,,,136.0,57,136.1,100,,,,,,,,,,,,,,,,
2026-07-09T00:03:25.700538+00:00,2026-07-09T00:03:25.700418,1,1,135.85,0.5,135.6,100,,,,,,,,,,,,,,,,,,,136.1,100,,,,,,,,,,,,,,,,,,
2026-07-09T00:03:25.758555+00:00,2026-07-09T00:03:25.753849,2,1,135.85,0.5,135.6,100,135.5,150,,,,,,,,,,,,,,,,,136.1,100,,,,,,,,,,,,,,,,,,
2026-07-09T00:03:25.807874+00:00,2026-07-09T00:03:25.807768,2,2,135.8,0.4,135.6,100,135.5,150,,,,,,,,,,,,,,,,,136.0,150,136.1,100,,,,,,,,,,,,,,,,
2026-07-09T00:03:26.606419+00:00,2026-07-09T00:03:26.606381,2,2,135.8,0.4,135.6,100,135.5,150,,,,,,,,,,,,,,,,,136.0,100,136.1,100,,,,,,,,,,,,,,,,
2026-07-09T00:03:27.280936+00:00,2026-07-09T00:03:27.280845,2,1,135.8,0.4,135.6,100,135.5,150,,,,,,,,,,,,,,,,,136.0,100,,,,,,,,,,,,,,,,,,
2026-07-09T00:03:27.286085+00:00,2026-07-09T00:03:27.286051,1,1,135.75,0.5,135.5,150,,,,,,,,,,,,,,,,,,,136.0,100,,,,,,,,,,,,,,,,,,
2026-07-09T00:03:27.339241+00:00,2026-07-09T00:03:27.339125,2,1,135.8,0.4,135.6,100,135.5,150,,,,,,,,,,,,,,,,,136.0,100,,,,,,,,,,,,,,,,,,
2026-07-09T00:03:27.393569+00:00,2026-07-09T00:03:27.393542,2,2,135.8,0.4,135.6,100,135.5,150,,,,,,,,,,,,,,,,,136.0,100,136.1,100,,,,,,,,,,,,,,,,
2026-07-09T00:03:28.767622+00:00,2026-07-09T00:03:28.767570,2,2,135.8,0.4,135.6,50,135.5,150,,,,,,,,,,,,,,,,,136.0,100,136.1,100,,,,,,,,,,,,,,,,
2026-07-09T00:03:28.858600+00:00,2026-07-09T00:03:28.854122,1,1,135.85,0.5,135.6,50,,,,,,,,,,,,,,,,,,,136.1,100,,,,,,,,,,,,,,,,,,
2026-07-09T00:03:28.912810+00:00,2026-07-09T00:03:28.912761,2,1,136.0,0.2,135.9,150,135.6,50,,,,,,,,,,,,,,,,,136.1,100,,,,,,,,,,,,,,,,,,
2026-07-09T00:03:28.966548+00:00,2026-07-09T00:03:28.966467,2,2,136.0,0.2,135.9,150,135.6,50,,,,,,,,,,,,,,,,,136.1,100,136.4,150,,,,,,,,,,,,,,,,
2026-07-09T00:03:29.487389+00:00,2026-07-09T00:03:29.487298,2,2,136.0,0.2,135.9,110,135.6,50,,,,,,,,,,,,,,,,,136.1,100,136.4,150,,,,,,,,,,,,,,,,
2026-07-09T00:03:30.447821+00:00,2026-07-09T00:03:30.447747,1,1,136.15,0.5,135.9,110,,,,,,,,,,,,,,,,,,,136.4,150,,,,,,,,,,,,,,,,,,
2026-07-09T00:03:30.502764+00:00,2026-07-09T00:03:30.502693,2,1,136.15,0.5,135.9,110,135.5,100,,,,,,,,,,,,,,,,,136.4,150,,,,,,,,,,,,,,,,,,
2026-07-09T00:03:30.553281+00:00,2026-07-09T00:03:30.553182,2,2,135.95,0.1,135.9,110,135.5,100,,,,,,,,,,,,,,,,,136.0,100,136.4,150,,,,,,,,,,,,,,,,
2026-07-09T00:03:30.891145+00:00,2026-07-09T00:03:30.891259,2,2,135.95,0.1,135.9,60,135.5,100,,,,,,,,,,,,,,,,,136.0,100,136.4,150,,,,,,,,,,,,,,,,
2026-07-09T00:03:32.022955+00:00,2026-07-09T00:03:32.022860,1,1,135.75,0.5,135.5,100,,,,,,,,,,,,,,,,,,,136.0,100,,,,,,,,,,,,,,,,,,
2026-07-09T00:03:32.079459+00:00,2026-07-09T00:03:32.079367,2,1,135.85,0.3,135.7,150,135.5,100,,,,,,,,,,,,,,,,,136.0,100,,,,,,,,,,,,,,,,,,
2026-07-09T00:03:32.135680+00:00,2026-07-09T00:03:32.135607,2,2,135.85,0.3,135.7,150,135.5,100,,,,,,,,,,,,,,,,,136.0,100,136.2,150,,,,,,,,,,,,,,,,
2026-07-09T00:03:32.944227+00:00,2026-07-09T00:03:32.944360,2,2,135.85,0.3,135.7,150,135.5,100,,,,,,,,,,,,,,,,,136.0,50,136.2,150,,,,,,,,,,,,,,,,
2026-07-09T00:03:33.609033+00:00,2026-07-09T00:03:33.608970,1,1,135.95,0.5,135.7,150,,,,,,,,,,,,,,,,,,,136.2,150,,,,,,,,,,,,,,,,,,
2026-07-09T00:03:33.663824+00:00,2026-07-09T00:03:33.663703,2,1,135.95,0.5,135.7,150,135.6,100,,,,,,,,,,,,,,,,,136.2,150,,,,,,,,,,,,,,,,,,
2026-07-09T00:03:33.715378+00:00,2026-07-09T00:03:33.715318,2,2,135.9,0.4,135.7,150,135.6,100,,,,,,,,,,,,,,,,,136.1,100,136.2,150,,,,,,,,,,,,,,,,
2026-07-09T00:03:33.884791+00:00,2026-07-09T00:03:33.884897,2,2,135.9,0.4,135.7,150,135.6,100,,,,,,,,,,,,,,,,,136.1,53,136.2,150,,,,,,,,,,,,,,,,
2026-07-09T00:03:35.190107+00:00,2026-07-09T00:03:35.190014,1,1,135.85,0.5,135.6,100,,,,,,,,,,,,,,,,,,,136.1,53,,,,,,,,,,,,,,,,,,
2026-07-09T00:03:35.246256+00:00,2026-07-09T00:03:35.246129,2,1,135.9,0.4,135.7,150,135.6,100,,,,,,,,,,,,,,,,,136.1,53,,,,,,,,,,,,,,,,,,
2026-07-09T00:03:35.299884+00:00,2026-07-09T00:03:35.299757,2,2,135.9,0.4,135.7,150,135.6,100,,,,,,,,,,,,,,,,,136.1,53,136.2,150,,,,,,,,,,,,,,,,
2026-07-09T00:03:36.689339+00:00,2026-07-09T00:03:36.689300,2,2,135.9,0.4,135.7,150,135.6,100,,,,,,,,,,,,,,,,,136.1,8,136.2,150,,,,,,,,,,,,,,,,
2026-07-09T00:03:36.771430+00:00,2026-07-09T00:03:36.771308,1,1,135.95,0.5,135.7,150,,,,,,,,,,,,,,,,,,,136.2,150,,,,,,,,,,,,,,,,,,
2026-07-09T00:03:36.834489+00:00,2026-07-09T00:03:36.834443,2,1,136.1,0.2,136.0,100,135.7,150,,,,,,,,,,,,,,,,,136.2,150,,,,,,,,,,,,,,,,,,
2026-07-09T00:03:36.888336+00:00,2026-07-09T00:03:36.888208,2,2,136.1,0.2,136.0,100,135.7,150,,,,,,,,,,,,,,,,,136.2,150,136.5,100,,,,,,,,,,,,,,,,
2026-07-09T00:03:37.234231+00:00,2026-07-09T00:03:37.234170,2,2,136.1,0.2,136.0,50,135.7,150,,,,,,,,,,,,,,,,,136.2,150,136.5,100,,,,,,,,,,,,,,,,
2026-07-09T00:03:38.354090+00:00,2026-07-09T00:03:38.353995,1,1,136.25,0.5,136.0,50,,,,,,,,,,,,,,,,,,,136.5,100,,,,,,,,,,,,,,,,,,
2026-07-09T00:03:38.410550+00:00,2026-07-09T00:03:38.410442,2,1,136.25,0.5,136.0,50,135.7,150,,,,,,,,,,,,,,,,,136.5,100,,,,,,,,,,,,,,,,,,
2026-07-09T00:03:38.458551+00:00,2026-07-09T00:03:38.457832,2,2,136.1,0.2,136.0,50,135.7,150,,,,,,,,,,,,,,,,,136.2,150,136.5,100,,,,,,,,,,,,,,,,
2026-07-09T00:03:39.942834+00:00,2026-07-09T00:03:39.942782,1,1,135.95,0.5,135.7,150,,,,,,,,,,,,,,,,,,,136.2,150,,,,,,,,,,,,,,,,,,
2026-07-09T00:03:39.995781+00:00,2026-07-09T00:03:39.995691,2,1,136.1,0.2,136.0,100,135.7,150,,,,,,,,,,,,,,,,,136.2,150,,,,,,,,,,,,,,,,,,
2026-07-09T00:03:40.050477+00:00,2026-07-09T00:03:40.050404,2,2,136.1,0.2,136.0,100,135.7,150,,,,,,,,,,,,,,,,,136.2,150,136.5,100,,,,,,,,,,,,,,,,
2026-07-09T00:03:41.453672+00:00,2026-07-09T00:03:41.453568,2,2,136.1,0.2,136.0,50,135.7,150,,,,,,,,,,,,,,,,,136.2,150,136.5,100,,,,,,,,,,,,,,,,
2026-07-09T00:03:41.513917+00:00,2026-07-09T00:03:41.513841,1,1,136.25,0.5,136.0,50,,,,,,,,,,,,,,,,,,,136.5,100,,,,,,,,,,,,,,,,,,
2026-07-09T00:03:41.569251+00:00,2026-07-09T00:03:41.569111,2,1,136.25,0.5,136.0,3,135.9,150,,,,,,,,,,,,,,,,,136.5,100,,,,,,,,,,,,,,,,,,
2026-07-09T00:03:41.619632+00:00,2026-07-09T00:03:41.619485,2,2,136.2,0.4,136.0,3,135.9,150,,,,,,,,,,,,,,,,,136.4,150,136.5,100,,,,,,,,,,,,,,,,
2026-07-09T00:03:42.638388+00:00,2026-07-09T00:03:42.638261,1,2,136.15,0.5,135.9,104,,,,,,,,,,,,,,,,,,,136.4,150,136.5,100,,,,,,,,,,,,,,,,
2026-07-09T00:03:43.104629+00:00,2026-07-09T00:03:43.104558,1,1,136.15,0.5,135.9,104,,,,,,,,,,,,,,,,,,,136.4,150,,,,,,,,,,,,,,,,,,
2026-07-09T00:03:43.163933+00:00,2026-07-09T00:03:43.163802,2,1,136.15,0.5,135.9,104,135.6,100,,,,,,,,,,,,,,,,,136.4,150,,,,,,,,,,,,,,,,,,
2026-07-09T00:03:43.212032+00:00,2026-07-09T00:03:43.211914,2,2,136.0,0.2,135.9,104,135.6,100,,,,,,,,,,,,,,,,,136.1,100,136.4,150,,,,,,,,,,,,,,,,
2026-07-09T00:03:43.607188+00:00,2026-07-09T00:03:43.607293,2,2,136.0,0.2,135.9,104,135.6,100,,,,,,,,,,,,,,,,,136.1,52,136.4,150,,,,,,,,,,,,,,,,
2026-07-09T00:03:44.673927+00:00,2026-07-09T00:03:44.673854,2,1,136.0,0.2,135.9,104,135.6,100,,,,,,,,,,,,,,,,,136.1,52,,,,,,,,,,,,,,,,,,
2026-07-09T00:03:44.679115+00:00,2026-07-09T00:03:44.679010,1,1,135.85,0.5,135.6,100,,,,,,,,,,,,,,,,,,,136.1,52,,,,,,,,,,,,,,,,,,
2026-07-09T00:03:44.732820+00:00,2026-07-09T00:03:44.732759,2,1,135.85,0.5,135.6,100,135.3,150,,,,,,,,,,,,,,,,,136.1,52,,,,,,,,,,,,,,,,,,
2026-07-09T00:03:44.803022+00:00,2026-07-09T00:03:44.802921,2,2,135.7,0.2,135.6,100,135.3,150,,,,,,,,,,,,,,,,,135.8,150,136.1,52,,,,,,,,,,,,,,,,
2026-07-09T00:03:45.274123+00:00,2026-07-09T00:03:45.274266,2,2,135.7,0.2,135.6,53,135.3,150,,,,,,,,,,,,,,,,,135.8,150,136.1,52,,,,,,,,,,,,,,,,
2026-07-09T00:03:45.613043+00:00,2026-07-09T00:03:45.613011,2,2,135.7,0.2,135.6,53,135.3,150,,,,,,,,,,,,,,,,,135.8,100,136.1,52,,,,,,,,,,,,,,,,
2026-07-09T00:03:45.931374+00:00,2026-07-09T00:03:45.931323,2,2,135.7,0.2,135.6,53,135.3,150,,,,,,,,,,,,,,,,,135.8,54,136.1,52,,,,,,,,,,,,,,,,
2026-07-09T00:03:46.255879+00:00,2026-07-09T00:03:46.257378,2,1,135.7,0.2,135.6,53,135.3,150,,,,,,,,,,,,,,,,,135.8,54,,,,,,,,,,,,,,,,,,
2026-07-09T00:03:46.269412+00:00,2026-07-09T00:03:46.269280,1,1,135.55,0.5,135.3,150,,,,,,,,,,,,,,,,,,,135.8,54,,,,,,,,,,,,,,,,,,
2026-07-09T00:03:46.318958+00:00,2026-07-09T00:03:46.318837,2,1,135.65,0.3,135.5,100,135.3,150,,,,,,,,,,,,,,,,,135.8,54,,,,,,,,,,,,,,,,,,
2026-07-09T00:03:46.381292+00:00,2026-07-09T00:03:46.381122,2,2,135.65,0.3,135.5,100,135.3,150,,,,,,,,,,,,,,,,,135.8,54,136.0,100,,,,,,,,,,,,,,,,
2026-07-09T00:03:47.718094+00:00,2026-07-09T00:03:47.717981,2,2,135.65,0.3,135.5,100,135.3,150,,,,,,,,,,,,,,,,,135.8,4,136.0,100,,,,,,,,,,,,,,,,
2026-07-09T00:03:47.858739+00:00,2026-07-09T00:03:47.853541,1,1,135.75,0.5,135.5,100,,,,,,,,,,,,,,,,,,,136.0,100,,,,,,,,,,,,,,,,,,
2026-07-09T00:03:47.918209+00:00,2026-07-09T00:03:47.918085,2,1,135.95,0.1,135.9,150,135.5,100,,,,,,,,,,,,,,,,,136.0,100,,,,,,,,,,,,,,,,,,
2026-07-09T00:03:47.971182+00:00,2026-07-09T00:03:47.971127,2,2,135.95,0.1,135.9,150,135.5,100,,,,,,,,,,,,,,,,,136.0,100,136.4,150,,,,,,,,,,,,,,,,
2026-07-09T00:03:48.058645+00:00,2026-07-09T00:03:48.056999,2,2,135.95,0.1,135.9,150,135.5,100,,,,,,,,,,,,,,,,,136.0,55,136.4,150,,,,,,,,,,,,,,,,
2026-07-09T00:03:49.431957+00:00,2026-07-09T00:03:49.431892,1,1,136.15,0.5,135.9,150,,,,,,,,,,,,,,,,,,,136.4,150,,,,,,,,,,,,,,,,,,
2026-07-09T00:03:49.489366+00:00,2026-07-09T00:03:49.489261,2,1,136.15,0.5,135.9,150,135.4,100,,,,,,,,,,,,,,,,,136.4,150,,,,,,,,,,,,,,,,,,
2026-07-09T00:03:49.543449+00:00,2026-07-09T00:03:49.543333,2,1,136.15,0.5,135.9,50,135.4,100,,,,,,,,,,,,,,,,,136.4,150,,,,,,,,,,,,,,,,,,
2026-07-09T00:03:49.828255+00:00,2026-07-09T00:03:49.828413,2,1,136.15,0.5,135.9,50,135.4,100,,,,,,,,,,,,,,,,,136.4,100,,,,,,,,,,,,,,,,,,
2026-07-09T00:03:51.024116+00:00,2026-07-09T00:03:51.024343,2,0,,,135.9,50,135.4,100,,,,,,,,,,,,,,,,,,,,,,,,,,,,,,,,,,,,
2026-07-09T00:03:51.029672+00:00,2026-07-09T00:03:51.029583,1,0,,,135.4,100,,,,,,,,,,,,,,,,,,,,,,,,,,,,,,,,,,,,,,
2026-07-09T00:03:51.079463+00:00,2026-07-09T00:03:51.079345,2,0,,,135.6,150,135.4,100,,,,,,,,,,,,,,,,,,,,,,,,,,,,,,,,,,,,
2026-07-09T00:03:51.132271+00:00,2026-07-09T00:03:51.132409,2,1,135.85,0.5,135.6,150,135.4,100,,,,,,,,,,,,,,,,,136.1,150,,,,,,,,,,,,,,,,,,
2026-07-09T00:03:51.937334+00:00,2026-07-09T00:03:51.937268,2,1,135.85,0.5,135.6,150,135.4,100,,,,,,,,,,,,,,,,,136.1,100,,,,,,,,,,,,,,,,,,
2026-07-09T00:03:52.605239+00:00,2026-07-09T00:03:52.605181,1,1,135.85,0.5,135.6,150,,,,,,,,,,,,,,,,,,,136.1,100,,,,,,,,,,,,,,,,,,
2026-07-09T00:03:52.658610+00:00,2026-07-09T00:03:52.654003,2,1,135.95,0.3,135.8,100,135.6,150,,,,,,,,,,,,,,,,,136.1,100,,,,,,,,,,,,,,,,,,
2026-07-09T00:03:52.712233+00:00,2026-07-09T00:03:52.712074,2,2,135.95,0.3,135.8,100,135.6,150,,,,,,,,,,,,,,,,,136.1,100,136.3,100,,,,,,,,,,,,,,,,
2026-07-09T00:03:54.051214+00:00,2026-07-09T00:03:54.051094,2,2,135.95,0.3,135.8,100,135.6,150,,,,,,,,,,,,,,,,,136.1,50,136.3,100,,,,,,,,,,,,,,,,
2026-07-09T00:03:54.188932+00:00,2026-07-09T00:03:54.189084,1,1,136.05,0.5,135.8,100,,,,,,,,,,,,,,,,,,,136.3,100,,,,,,,,,,,,,,,,,,
2026-07-09T00:03:54.243645+00:00,2026-07-09T00:03:54.243769,2,1,136.2,0.2,136.1,150,135.8,100,,,,,,,,,,,,,,,,,136.3,100,,,,,,,,,,,,,,,,,,
2026-07-09T00:03:54.299066+00:00,2026-07-09T00:03:54.298976,2,2,136.2,0.2,136.1,150,135.8,100,,,,,,,,,,,,,,,,,136.3,100,136.6,150,,,,,,,,,,,,,,,,
2026-07-09T00:03:55.766132+00:00,2026-07-09T00:03:55.765912,1,1,136.35,0.5,136.1,150,,,,,,,,,,,,,,,,,,,136.6,150,,,,,,,,,,,,,,,,,,
2026-07-09T00:03:55.820425+00:00,2026-07-09T00:03:55.820336,2,1,136.35,0.5,136.1,150,136.0,100,,,,,,,,,,,,,,,,,136.6,150,,,,,,,,,,,,,,,,,,
2026-07-09T00:03:55.874063+00:00,2026-07-09T00:03:55.873963,2,2,136.3,0.4,136.1,150,136.0,100,,,,,,,,,,,,,,,,,136.5,100,136.6,150,,,,,,,,,,,,,,,,
2026-07-09T00:03:56.158550+00:00,2026-07-09T00:03:56.155767,2,2,136.3,0.4,136.1,150,136.0,100,,,,,,,,,,,,,,,,,136.5,50,136.6,150,,,,,,,,,,,,,,,,
2026-07-09T00:03:57.350268+00:00,2026-07-09T00:03:57.350188,1,1,136.25,0.5,136.0,100,,,,,,,,,,,,,,,,,,,136.5,50,,,,,,,,,,,,,,,,,,
2026-07-09T00:03:57.404161+00:00,2026-07-09T00:03:57.404119,2,1,136.3,0.4,136.1,150,136.0,100,,,,,,,,,,,,,,,,,136.5,50,,,,,,,,,,,,,,,,,,
2026-07-09T00:03:57.458644+00:00,2026-07-09T00:03:57.455501,2,2,136.3,0.4,136.1,150,136.0,100,,,,,,,,,,,,,,,,,136.5,50,136.6,150,,,,,,,,,,,,,,,,
2026-07-09T00:03:57.995139+00:00,2026-07-09T00:03:57.989567,2,2,136.3,0.4,136.1,147,136.0,100,,,,,,,,,,,,,,,,,136.5,50,136.6,150,,,,,,,,,,,,,,,,
2026-07-09T00:03:58.025436+00:00,2026-07-09T00:03:58.025310,2,2,136.3,0.4,136.1,99,136.0,100,,,,,,,,,,,,,,,,,136.5,50,136.6,150,,,,,,,,,,,,,,,,
2026-07-09T00:03:58.318545+00:00,2026-07-09T00:03:58.318389,2,2,136.3,0.4,136.1,49,136.0,100,,,,,,,,,,,,,,,,,136.5,50,136.6,150,,,,,,,,,,,,,,,,
2026-07-09T00:03:58.491906+00:00,2026-07-09T00:03:58.491844,2,2,136.3,0.4,136.1,2,136.0,100,,,,,,,,,,,,,,,,,136.5,50,136.6,150,,,,,,,,,,,,,,,,
2026-07-09T00:03:58.923252+00:00,2026-07-09T00:03:58.923151,2,1,136.35,0.5,136.1,2,136.0,100,,,,,,,,,,,,,,,,,136.6,150,,,,,,,,,,,,,,,,,,
2026-07-09T00:03:58.928492+00:00,2026-07-09T00:03:58.928316,1,1,136.35,0.5,136.1,2,,,,,,,,,,,,,,,,,,,136.6,150,,,,,,,,,,,,,,,,,,
2026-07-09T00:03:58.971922+00:00,2026-07-09T00:03:58.971874,0,1,,,,,,,,,,,,,,,,,,,,,,,136.6,150,,,,,,,,,,,,,,,,,,
2026-07-09T00:03:58.977076+00:00,2026-07-09T00:03:58.977037,1,1,136.3,0.6,136.0,100,,,,,,,,,,,,,,,,,,,136.6,150,,,,,,,,,,,,,,,,,,
2026-07-09T00:03:59.032696+00:00,2026-07-09T00:03:59.032781,1,2,136.25,0.5,136.0,100,,,,,,,,,,,,,,,,,,,136.5,100,136.6,150,,,,,,,,,,,,,,,,
2026-07-09T00:03:59.979549+00:00,2026-07-09T00:03:59.979467,1,2,136.25,0.5,136.0,100,,,,,,,,,,,,,,,,,,,136.5,60,136.6,150,,,,,,,,,,,,,,,,
2026-07-09T00:04:00.423169+00:00,2026-07-09T00:04:00.423048,1,2,136.25,0.5,136.0,50,,,,,,,,,,,,,,,,,,,136.5,60,136.6,150,,,,,,,,,,,,,,,,
2026-07-09T00:04:00.512579+00:00,2026-07-09T00:04:00.512469,1,1,136.25,0.5,136.0,50,,,,,,,,,,,,,,,,,,,136.5,60,,,,,,,,,,,,,,,,,,
2026-07-09T00:04:00.564892+00:00,2026-07-09T00:04:00.564840,2,1,136.25,0.5,136.0,50,135.5,150,,,,,,,,,,,,,,,,,136.5,60,,,,,,,,,,,,,,,,,,
2026-07-09T00:04:00.631055+00:00,2026-07-09T00:04:00.625265,1,2,135.75,0.5,135.5,150,,,,,,,,,,,,,,,,,,,136.0,97,136.5,60,,,,,,,,,,,,,,,,
2026-07-09T00:04:02.087800+00:00,2026-07-09T00:04:02.087641,1,1,135.75,0.5,135.5,150,,,,,,,,,,,,,,,,,,,136.0,97,,,,,,,,,,,,,,,,,,
2026-07-09T00:04:02.140028+00:00,2026-07-09T00:04:02.139951,2,0,,,136.2,3,135.5,150,,,,,,,,,,,,,,,,,,,,,,,,,,,,,,,,,,,,
2026-07-09T00:04:02.196293+00:00,2026-07-09T00:04:02.196200,2,1,136.45,0.5,136.2,3,135.5,150,,,,,,,,,,,,,,,,,136.7,100,,,,,,,,,,,,,,,,,,
2026-07-09T00:04:02.534944+00:00,2026-07-09T00:04:02.534842,1,1,136.1,1.2,135.5,103,,,,,,,,,,,,,,,,,,,136.7,100,,,,,,,,,,,,,,,,,,
2026-07-09T00:04:03.680563+00:00,2026-07-09T00:04:03.680469,0,1,,,,,,,,,,,,,,,,,,,,,,,136.7,100,,,,,,,,,,,,,,,,,,
2026-07-09T00:04:03.734693+00:00,2026-07-09T00:04:03.734609,1,1,136.4,0.6,136.1,150,,,,,,,,,,,,,,,,,,,136.7,100,,,,,,,,,,,,,,,,,,
2026-07-09T00:04:03.787228+00:00,2026-07-09T00:04:03.787306,1,2,136.35,0.5,136.1,150,,,,,,,,,,,,,,,,,,,136.6,150,136.7,100,,,,,,,,,,,,,,,,
2026-07-09T00:04:04.397300+00:00,2026-07-09T00:04:04.397261,1,2,136.35,0.5,136.1,109,,,,,,,,,,,,,,,,,,,136.6,150,136.7,100,,,,,,,,,,,,,,,,
2026-07-09T00:04:05.248303+00:00,2026-07-09T00:04:05.248142,1,1,136.35,0.5,136.1,109,,,,,,,,,,,,,,,,,,,136.6,150,,,,,,,,,,,,,,,,,,
2026-07-09T00:04:05.301835+00:00,2026-07-09T00:04:05.301943,2,1,136.35,0.5,136.1,109,135.6,100,,,,,,,,,,,,,,,,,136.6,150,,,,,,,,,,,,,,,,,,
2026-07-09T00:04:05.358711+00:00,2026-07-09T00:04:05.358664,2,1,136.35,0.5,136.1,9,135.6,100,,,,,,,,,,,,,,,,,136.6,150,,,,,,,,,,,,,,,,,,
2026-07-09T00:04:06.696742+00:00,2026-07-09T00:04:06.696601,2,1,136.35,0.5,136.1,9,135.6,100,,,,,,,,,,,,,,,,,136.6,100,,,,,,,,,,,,,,,,,,
2026-07-09T00:04:06.842408+00:00,2026-07-09T00:04:06.842376,1,0,,,135.6,100,,,,,,,,,,,,,,,,,,,,,,,,,,,,,,,,,,,,,,
2026-07-09T00:04:06.897889+00:00,2026-07-09T00:04:06.897807,2,0,,,135.8,150,135.6,100,,,,,,,,,,,,,,,,,,,,,,,,,,,,,,,,,,,,
2026-07-09T00:04:06.950904+00:00,2026-07-09T00:04:06.950848,2,1,136.05,0.5,135.8,150,135.6,100,,,,,,,,,,,,,,,,,136.3,150,,,,,,,,,,,,,,,,,,
2026-07-09T00:04:07.289275+00:00,2026-07-09T00:04:07.289410,2,1,136.05,0.5,135.8,150,135.6,100,,,,,,,,,,,,,,,,,136.3,108,,,,,,,,,,,,,,,,,,
2026-07-09T00:04:07.820225+00:00,2026-07-09T00:04:07.820072,2,1,136.05,0.5,135.8,150,135.6,100,,,,,,,,,,,,,,,,,136.3,60,,,,,,,,,,,,,,,,,,
2026-07-09T00:04:08.435879+00:00,2026-07-09T00:04:08.435734,1,1,136.05,0.5,135.8,150,,,,,,,,,,,,,,,,,,,136.3,60,,,,,,,,,,,,,,,,,,
2026-07-09T00:04:08.488956+00:00,2026-07-09T00:04:08.489112,2,1,136.1,0.4,135.9,100,135.8,150,,,,,,,,,,,,,,,,,136.3,60,,,,,,,,,,,,,,,,,,
2026-07-09T00:04:08.546459+00:00,2026-07-09T00:04:08.546352,2,2,136.1,0.4,135.9,100,135.8,150,,,,,,,,,,,,,,,,,136.3,60,136.4,100,,,,,,,,,,,,,,,,
2026-07-09T00:04:08.858651+00:00,2026-07-09T00:04:08.853954,2,2,136.1,0.4,135.9,50,135.8,150,,,,,,,,,,,,,,,,,136.3,60,136.4,100,,,,,,,,,,,,,,,,
2026-07-09T00:04:10.005456+00:00,2026-07-09T00:04:10.005338,1,1,136.15,0.5,135.9,50,,,,,,,,,,,,,,,,,,,136.4,100,,,,,,,,,,,,,,,,,,
2026-07-09T00:04:10.022960+00:00,2026-07-09T00:04:10.022848,1,1,136.15,0.5,135.9,2,,,,,,,,,,,,,,,,,,,136.4,100,,,,,,,,,,,,,,,,,,
2026-07-09T00:04:10.058609+00:00,2026-07-09T00:04:10.056382,2,1,136.25,0.3,136.1,150,135.9,2,,,,,,,,,,,,,,,,,136.4,100,,,,,,,,,,,,,,,,,,
2026-07-09T00:04:10.115636+00:00,2026-07-09T00:04:10.115572,2,2,136.25,0.3,136.1,150,135.9,2,,,,,,,,,,,,,,,,,136.4,100,136.6,150,,,,,,,,,,,,,,,,
2026-07-09T00:04:10.958557+00:00,2026-07-09T00:04:10.957030,2,2,136.25,0.3,136.1,100,135.9,2,,,,,,,,,,,,,,,,,136.4,100,136.6,150,,,,,,,,,,,,,,,,
2026-07-09T00:04:11.600458+00:00,2026-07-09T00:04:11.600360,1,1,136.35,0.5,136.1,100,,,,,,,,,,,,,,,,,,,136.6,150,,,,,,,,,,,,,,,,,,
2026-07-09T00:04:11.658621+00:00,2026-07-09T00:04:11.654912,2,1,136.35,0.5,136.1,100,135.7,100,,,,,,,,,,,,,,,,,136.6,150,,,,,,,,,,,,,,,,,,
2026-07-09T00:04:11.713952+00:00,2026-07-09T00:04:11.714084,2,2,136.15,0.1,136.1,100,135.7,100,,,,,,,,,,,,,,,,,136.2,100,136.6,150,,,,,,,,,,,,,,,,
