recv_time,book_timestamp,n_bids,n_asks,mid,spread,bid_px_0,bid_vol_0,bid_px_1,bid_vol_1,bid_px_2,bid_vol_2,bid_px_3,bid_vol_3,bid_px_4,bid_vol_4,bid_px_5,bid_vol_5,bid_px_6,bid_vol_6,bid_px_7,bid_vol_7,bid_px_8,bid_vol_8,bid_px_9,bid_vol_9,ask_px_0,ask_vol_0,ask_px_1,ask_vol_1,ask_px_2,ask_vol_2,ask_px_3,ask_vol_3,ask_px_4,ask_vol_4,ask_px_5,ask_vol_5,ask_px_6,ask_vol_6,ask_px_7,ask_vol_7,ask_px_8,ask_vol_8,ask_px_9,ask_vol_9
2026-07-06T07:00:00.723214+00:00,2026-07-06T07:00:00.712295,1,1,164.55,0.5,164.3,150,,,,,,,,,,,,,,,,,,,164.8,150,,,,,,,,,,,,,,,,,,
2026-07-06T07:00:00.770684+00:00,2026-07-06T07:00:00.770563,2,1,164.55,0.5,164.3,150,164.1,100,,,,,,,,,,,,,,,,,164.8,150,,,,,,,,,,,,,,,,,,
2026-07-06T07:00:00.828586+00:00,2026-07-06T07:00:00.828450,2,2,164.45,0.3,164.3,150,164.1,100,,,,,,,,,,,,,,,,,164.6,100,164.8,150,,,,,,,,,,,,,,,,
2026-07-06T07:00:01.855105+00:00,2026-07-06T07:00:01.853641,2,1,164.45,0.3,164.3,150,164.1,100,,,,,,,,,,,,,,,,,164.6,100,,,,,,,,,,,,,,,,,,
2026-07-06T07:00:01.866152+00:00,2026-07-06T07:00:01.866058,1,1,164.35,0.5,164.1,100,,,,,,,,,,,,,,,,,,,164.6,100,,,,,,,,,,,,,,,,,,
2026-07-06T07:00:01.959302+00:00,2026-07-06T07:00:01.912584,2,1,164.45,0.3,164.3,150,164.1,100,,,,,,,,,,,,,,,,,164.6,53,,,,,,,,,,,,,,,,,,
2026-07-06T07:00:01.976385+00:00,2026-07-06T07:00:01.976271,2,2,164.45,0.3,164.3,150,164.1,100,,,,,,,,,,,,,,,,,164.6,53,164.8,150,,,,,,,,,,,,,,,,
2026-07-06T07:00:03.882957+00:00,2026-07-06T07:00:03.883075,1,1,164.55,0.5,164.3,150,,,,,,,,,,,,,,,,,,,164.8,150,,,,,,,,,,,,,,,,,,
2026-07-06T07:00:03.951332+00:00,2026-07-06T07:00:03.951481,2,1,164.55,0.5,164.3,150,164.2,100,,,,,,,,,,,,,,,,,164.8,150,,,,,,,,,,,,,,,,,,
2026-07-06T07:00:04.009223+00:00,2026-07-06T07:00:04.009072,2,2,164.5,0.4,164.3,150,164.2,100,,,,,,,,,,,,,,,,,164.7,100,164.8,150,,,,,,,,,,,,,,,,
2026-07-06T07:00:05.030939+00:00,2026-07-06T07:00:05.030842,1,1,164.45,0.5,164.2,100,,,,,,,,,,,,,,,,,,,164.7,100,,,,,,,,,,,,,,,,,,
2026-07-06T07:00:05.085358+00:00,2026-07-06T07:00:05.085334,2,1,164.45,0.5,164.2,100,164.1,150,,,,,,,,,,,,,,,,,164.7,100,,,,,,,,,,,,,,,,,,
2026-07-06T07:00:05.132015+00:00,2026-07-06T07:00:05.128355,2,2,164.4,0.4,164.2,100,164.1,150,,,,,,,,,,,,,,,,,164.6,150,164.7,100,,,,,,,,,,,,,,,,
2026-07-06T07:00:05.475882+00:00,2026-07-06T07:00:05.475791,2,2,164.4,0.4,164.2,57,164.1,150,,,,,,,,,,,,,,,,,164.6,150,164.7,100,,,,,,,,,,,,,,,,
2026-07-06T07:00:05.635512+00:00,2026-07-06T07:00:05.635472,2,2,164.4,0.4,164.2,7,164.1,150,,,,,,,,,,,,,,,,,164.6,150,164.7,100,,,,,,,,,,,,,,,,
2026-07-06T07:00:06.100319+00:00,2026-07-06T07:00:06.100250,1,2,164.35,0.5,164.1,117,,,,,,,,,,,,,,,,,,,164.6,150,164.7,100,,,,,,,,,,,,,,,,
2026-07-06T07:00:06.565649+00:00,2026-07-06T07:00:06.565538,1,2,164.35,0.5,164.1,117,,,,,,,,,,,,,,,,,,,164.6,108,164.7,100,,,,,,,,,,,,,,,,
2026-07-06T07:00:07.064608+00:00,2026-07-06T07:00:07.064525,1,1,164.35,0.5,164.1,117,,,,,,,,,,,,,,,,,,,164.6,108,,,,,,,,,,,,,,,,,,
2026-07-06T07:00:07.117217+00:00,2026-07-06T07:00:07.117325,2,1,164.35,0.5,164.1,117,163.8,100,,,,,,,,,,,,,,,,,164.6,108,,,,,,,,,,,,,,,,,,
2026-07-06T07:00:07.170231+00:00,2026-07-06T07:00:07.170158,2,2,164.2,0.2,164.1,117,163.8,100,,,,,,,,,,,,,,,,,164.3,100,164.6,108,,,,,,,,,,,,,,,,
2026-07-06T07:00:07.692415+00:00,2026-07-06T07:00:07.692307,2,2,164.2,0.2,164.1,117,163.8,100,,,,,,,,,,,,,,,,,164.3,50,164.6,108,,,,,,,,,,,,,,,,
2026-07-06T07:00:08.200958+00:00,2026-07-06T07:00:08.200921,1,1,164.05,0.5,163.8,100,,,,,,,,,,,,,,,,,,,164.3,50,,,,,,,,,,,,,,,,,,
2026-07-06T07:00:08.258540+00:00,2026-07-06T07:00:08.254810,2,0,,,164.3,100,163.8,100,,,,,,,,,,,,,,,,,,,,,,,,,,,,,,,,,,,,
2026-07-06T07:00:08.310228+00:00,2026-07-06T07:00:08.310142,2,1,164.55,0.5,164.3,100,163.8,100,,,,,,,,,,,,,,,,,164.8,150,,,,,,,,,,,,,,,,,,
2026-07-06T07:00:09.221945+00:00,2026-07-06T07:00:09.221841,2,1,164.55,0.5,164.3,100,163.8,100,,,,,,,,,,,,,,,,,164.8,108,,,,,,,,,,,,,,,,,,
2026-07-06T07:00:09.801109+00:00,2026-07-06T07:00:09.800976,2,1,164.55,0.5,164.3,100,163.8,100,,,,,,,,,,,,,,,,,164.8,58,,,,,,,,,,,,,,,,,,
2026-07-06T07:00:10.225319+00:00,2026-07-06T07:00:10.225224,1,1,164.55,0.5,164.3,100,,,,,,,,,,,,,,,,,,,164.8,58,,,,,,,,,,,,,,,,,,
2026-07-06T07:00:10.279870+00:00,2026-07-06T07:00:10.279782,2,1,164.65,0.3,164.5,100,164.3,100,,,,,,,,,,,,,,,,,164.8,58,,,,,,,,,,,,,,,,,,
2026-07-06T07:00:10.333315+00:00,2026-07-06T07:00:10.333235,2,2,164.65,0.3,164.5,100,164.3,100,,,,,,,,,,,,,,,,,164.8,58,165.0,100,,,,,,,,,,,,,,,,
2026-07-06T07:00:11.364331+00:00,2026-07-06T07:00:11.364230,1,1,164.75,0.5,164.5,100,,,,,,,,,,,,,,,,,,,165.0,100,,,,,,,,,,,,,,,,,,
2026-07-06T07:00:11.463914+00:00,2026-07-06T07:00:11.463827,2,1,164.9,0.2,164.8,150,164.5,100,,,,,,,,,,,,,,,,,165.0,100,,,,,,,,,,,,,,,,,,
2026-07-06T07:00:11.469083+00:00,2026-07-06T07:00:11.469007,2,2,164.9,0.2,164.8,150,164.5,100,,,,,,,,,,,,,,,,,165.0,100,165.3,150,,,,,,,,,,,,,,,,
2026-07-06T07:00:12.821518+00:00,2026-07-06T07:00:12.821395,2,2,164.9,0.2,164.8,105,164.5,100,,,,,,,,,,,,,,,,,165.0,100,165.3,150,,,,,,,,,,,,,,,,
2026-07-06T07:00:13.380815+00:00,2026-07-06T07:00:13.380692,2,2,164.9,0.2,164.8,105,164.5,100,,,,,,,,,,,,,,,,,165.0,57,165.3,150,,,,,,,,,,,,,,,,
2026-07-06T07:00:13.385967+00:00,2026-07-06T07:00:13.385891,1,1,165.05,0.5,164.8,105,,,,,,,,,,,,,,,,,,,165.3,150,,,,,,,,,,,,,,,,,,
2026-07-06T07:00:13.439599+00:00,2026-07-06T07:00:13.439502,2,1,165.05,0.5,164.8,105,164.7,100,,,,,,,,,,,,,,,,,165.3,150,,,,,,,,,,,,,,,,,,
2026-07-06T07:00:13.493237+00:00,2026-07-06T07:00:13.493185,2,2,165.0,0.4,164.8,105,164.7,100,,,,,,,,,,,,,,,,,165.2,100,165.3,150,,,,,,,,,,,,,,,,
2026-07-06T07:00:14.011865+00:00,2026-07-06T07:00:14.011812,2,2,165.0,0.4,164.8,105,164.7,100,,,,,,,,,,,,,,,,,165.2,50,165.3,150,,,,,,,,,,,,,,,,
2026-07-06T07:00:14.526493+00:00,2026-07-06T07:00:14.526676,1,1,164.95,0.5,164.7,100,,,,,,,,,,,,,,,,,,,165.2,50,,,,,,,,,,,,,,,,,,
2026-07-06T07:00:14.580530+00:00,2026-07-06T07:00:14.580468,2,1,164.95,0.5,164.7,100,164.6,150,,,,,,,,,,,,,,,,,165.2,50,,,,,,,,,,,,,,,,,,
2026-07-06T07:00:14.635667+00:00,2026-07-06T07:00:14.635597,2,2,164.9,0.4,164.7,100,164.6,150,,,,,,,,,,,,,,,,,165.1,150,165.2,50,,,,,,,,,,,,,,,,
2026-07-06T07:00:16.090077+00:00,2026-07-06T07:00:16.089913,2,2,164.9,0.4,164.7,56,164.6,150,,,,,,,,,,,,,,,,,165.1,150,165.2,50,,,,,,,,,,,,,,,,
2026-07-06T07:00:16.119196+00:00,2026-07-06T07:00:16.114995,2,2,164.9,0.4,164.7,56,164.6,150,,,,,,,,,,,,,,,,,165.1,100,165.2,50,,,,,,,,,,,,,,,,
2026-07-06T07:00:16.548389+00:00,2026-07-06T07:00:16.548341,1,1,164.85,0.5,164.6,150,,,,,,,,,,,,,,,,,,,165.1,100,,,,,,,,,,,,,,,,,,
2026-07-06T07:00:16.603664+00:00,2026-07-06T07:00:16.603580,2,1,164.9,0.4,164.7,100,164.6,150,,,,,,,,,,,,,,,,,165.1,100,,,,,,,,,,,,,,,,,,
2026-07-06T07:00:16.647995+00:00,2026-07-06T07:00:16.647905,2,1,164.9,0.4,164.7,100,164.6,150,,,,,,,,,,,,,,,,,165.1,57,,,,,,,,,,,,,,,,,,
2026-07-06T07:00:16.658604+00:00,2026-07-06T07:00:16.653212,2,2,164.9,0.4,164.7,100,164.6,150,,,,,,,,,,,,,,,,,165.1,57,165.2,100,,,,,,,,,,,,,,,,
2026-07-06T07:00:17.691707+00:00,2026-07-06T07:00:17.691633,1,1,164.95,0.5,164.7,100,,,,,,,,,,,,,,,,,,,165.2,100,,,,,,,,,,,,,,,,,,
2026-07-06T07:00:17.749775+00:00,2026-07-06T07:00:17.743881,2,1,165.1,0.2,165.0,147,164.7,100,,,,,,,,,,,,,,,,,165.2,100,,,,,,,,,,,,,,,,,,
2026-07-06T07:00:17.785080+00:00,2026-07-06T07:00:17.784980,2,1,165.1,0.2,165.0,112,164.7,100,,,,,,,,,,,,,,,,,165.2,100,,,,,,,,,,,,,,,,,,
2026-07-06T07:00:17.793682+00:00,2026-07-06T07:00:17.793637,2,2,165.1,0.2,165.0,112,164.7,100,,,,,,,,,,,,,,,,,165.2,100,165.5,150,,,,,,,,,,,,,,,,
2026-07-06T07:00:17.878218+00:00,2026-07-06T07:00:17.878155,2,2,165.1,0.2,165.0,77,164.7,100,,,,,,,,,,,,,,,,,165.2,100,165.5,150,,,,,,,,,,,,,,,,
2026-07-06T07:00:17.969332+00:00,2026-07-06T07:00:17.969295,2,2,165.1,0.2,165.0,42,164.7,100,,,,,,,,,,,,,,,,,165.2,100,165.5,150,,,,,,,,,,,,,,,,
2026-07-06T07:00:18.058580+00:00,2026-07-06T07:00:18.056492,2,2,165.1,0.2,165.0,7,164.7,100,,,,,,,,,,,,,,,,,165.2,100,165.5,150,,,,,,,,,,,,,,,,
2026-07-06T07:00:18.151679+00:00,2026-07-06T07:00:18.151642,1,2,164.95,0.5,164.7,100,,,,,,,,,,,,,,,,,,,165.2,100,165.5,150,,,,,,,,,,,,,,,,
2026-07-06T07:00:18.229478+00:00,2026-07-06T07:00:18.229452,1,2,164.95,0.5,164.7,100,,,,,,,,,,,,,,,,,,,165.2,50,165.5,150,,,,,,,,,,,,,,,,
2026-07-06T07:00:18.275605+00:00,2026-07-06T07:00:18.275562,1,2,164.95,0.5,164.7,60,,,,,,,,,,,,,,,,,,,165.2,50,165.5,150,,,,,,,,,,,,,,,,
2026-07-06T07:00:19.722591+00:00,2026-07-06T07:00:19.722752,0,1,,,,,,,,,,,,,,,,,,,,,,,165.5,150,,,,,,,,,,,,,,,,,,
2026-07-06T07:00:19.780077+00:00,2026-07-06T07:00:19.780022,1,1,165.15,0.7,164.8,100,,,,,,,,,,,,,,,,,,,165.5,150,,,,,,,,,,,,,,,,,,
2026-07-06T07:00:19.839166+00:00,2026-07-06T07:00:19.839091,1,2,165.05,0.5,164.8,100,,,,,,,,,,,,,,,,,,,165.3,100,165.5,150,,,,,,,,,,,,,,,,
2026-07-06T07:00:20.851479+00:00,2026-07-06T07:00:20.851428,1,1,165.05,0.5,164.8,100,,,,,,,,,,,,,,,,,,,165.3,100,,,,,,,,,,,,,,,,,,
2026-07-06T07:00:20.929188+00:00,2026-07-06T07:00:20.929090,2,1,165.05,0.5,164.8,100,164.5,150,,,,,,,,,,,,,,,,,165.3,100,,,,,,,,,,,,,,,,,,
2026-07-06T07:00:20.985178+00:00,2026-07-06T07:00:20.984984,2,2,164.9,0.2,164.8,100,164.5,150,,,,,,,,,,,,,,,,,165.0,150,165.3,100,,,,,,,,,,,,,,,,
2026-07-06T07:00:22.457077+00:00,2026-07-06T07:00:22.457020,2,2,164.9,0.2,164.8,100,164.5,150,,,,,,,,,,,,,,,,,165.0,100,165.3,100,,,,,,,,,,,,,,,,
2026-07-06T07:00:22.892514+00:00,2026-07-06T07:00:22.892430,1,1,164.75,0.5,164.5,150,,,,,,,,,,,,,,,,,,,165.0,100,,,,,,,,,,,,,,,,,,
2026-07-06T07:00:22.947491+00:00,2026-07-06T07:00:22.947426,2,1,164.9,0.2,164.8,100,164.5,150,,,,,,,,,,,,,,,,,165.0,100,,,,,,,,,,,,,,,,,,
2026-07-06T07:00:22.999885+00:00,2026-07-06T07:00:22.999797,2,2,164.9,0.2,164.8,100,164.5,150,,,,,,,,,,,,,,,,,165.0,100,165.3,100,,,,,,,,,,,,,,,,
2026-07-06T07:00:24.043184+00:00,2026-07-06T07:00:24.043087,1,1,165.05,0.5,164.8,100,,,,,,,,,,,,,,,,,,,165.3,100,,,,,,,,,,,,,,,,,,
2026-07-06T07:00:24.099259+00:00,2026-07-06T07:00:24.099063,2,1,165.05,0.5,164.8,100,164.6,150,,,,,,,,,,,,,,,,,165.3,100,,,,,,,,,,,,,,,,,,
2026-07-06T07:00:24.119737+00:00,2026-07-06T07:00:24.119623,2,1,165.05,0.5,164.8,57,164.6,150,,,,,,,,,,,,,,,,,165.3,100,,,,,,,,,,,,,,,,,,
2026-07-06T07:00:24.158563+00:00,2026-07-06T07:00:24.151972,2,2,164.95,0.3,164.8,57,164.6,150,,,,,,,,,,,,,,,,,165.1,150,165.3,100,,,,,,,,,,,,,,,,
2026-07-06T07:00:24.623857+00:00,2026-07-06T07:00:24.623954,2,2,164.95,0.3,164.8,7,164.6,150,,,,,,,,,,,,,,,,,165.1,150,165.3,100,,,,,,,,,,,,,,,,
2026-07-06T07:00:24.725466+00:00,2026-07-06T07:00:24.725428,2,2,164.95,0.3,164.8,7,164.6,150,,,,,,,,,,,,,,,,,165.1,107,165.3,100,,,,,,,,,,,,,,,,
2026-07-06T07:00:26.058635+00:00,2026-07-06T07:00:26.053773,1,1,164.85,0.5,164.6,150,,,,,,,,,,,,,,,,,,,165.1,107,,,,,,,,,,,,,,,,,,
2026-07-06T07:00:26.108744+00:00,2026-07-06T07:00:26.108566,2,1,164.85,0.5,164.6,150,164.5,100,,,,,,,,,,,,,,,,,165.1,107,,,,,,,,,,,,,,,,,,
2026-07-06T07:00:26.158664+00:00,2026-07-06T07:00:26.156001,2,2,164.8,0.4,164.6,150,164.5,100,,,,,,,,,,,,,,,,,165.0,100,165.1,107,,,,,,,,,,,,,,,,
2026-07-06T07:00:26.729648+00:00,2026-07-06T07:00:26.729524,2,2,164.8,0.4,164.6,100,164.5,100,,,,,,,,,,,,,,,,,165.0,100,165.1,107,,,,,,,,,,,,,,,,
2026-07-06T07:00:27.205827+00:00,2026-07-06T07:00:27.205717,1,1,164.75,0.5,164.5,100,,,,,,,,,,,,,,,,,,,165.0,100,,,,,,,,,,,,,,,,,,
2026-07-06T07:00:27.258562+00:00,2026-07-06T07:00:27.254483,2,1,164.8,0.4,164.6,150,164.5,100,,,,,,,,,,,,,,,,,165.0,100,,,,,,,,,,,,,,,,,,
2026-07-06T07:00:27.312528+00:00,2026-07-06T07:00:27.312404,2,2,164.8,0.4,164.6,150,164.5,100,,,,,,,,,,,,,,,,,165.0,100,165.1,150,,,,,,,,,,,,,,,,
2026-07-06T07:00:27.889644+00:00,2026-07-06T07:00:27.889586,2,2,164.8,0.4,164.6,150,164.5,100,,,,,,,,,,,,,,,,,165.0,59,165.1,150,,,,,,,,,,,,,,,,
2026-07-06T07:00:28.858648+00:00,2026-07-06T07:00:28.855548,2,2,164.8,0.4,164.6,100,164.5,100,,,,,,,,,,,,,,,,,165.0,59,165.1,150,,,,,,,,,,,,,,,,
2026-07-06T07:00:29.210036+00:00,2026-07-06T07:00:29.209978,1,1,164.85,0.5,164.6,100,,,,,,,,,,,,,,,,,,,165.1,150,,,,,,,,,,,,,,,,,,
2026-07-06T07:00:29.266346+00:00,2026-07-06T07:00:29.266262,1,1,164.85,0.5,164.6,200,,,,,,,,,,,,,,,,,,,165.1,150,,,,,,,,,,,,,,,,,,
2026-07-06T07:00:29.319479+00:00,2026-07-06T07:00:29.319363,1,1,164.85,0.5,164.6,200,,,,,,,,,,,,,,,,,,,165.1,250,,,,,,,,,,,,,,,,,,
2026-07-06T07:00:30.367218+00:00,2026-07-06T07:00:30.367162,1,1,164.85,0.5,164.6,100,,,,,,,,,,,,,,,,,,,165.1,100,,,,,,,,,,,,,,,,,,
2026-07-06T07:00:30.422077+00:00,2026-07-06T07:00:30.422176,2,1,164.85,0.5,164.6,100,164.3,150,,,,,,,,,,,,,,,,,165.1,100,,,,,,,,,,,,,,,,,,
2026-07-06T07:00:30.474957+00:00,2026-07-06T07:00:30.475104,2,2,164.7,0.2,164.6,100,164.3,150,,,,,,,,,,,,,,,,,164.8,150,165.1,100,,,,,,,,,,,,,,,,
2026-07-06T07:00:30.969109+00:00,2026-07-06T07:00:30.968990,2,2,164.7,0.2,164.6,50,164.3,150,,,,,,,,,,,,,,,,,164.8,150,165.1,100,,,,,,,,,,,,,,,,
2026-07-06T07:00:32.375704+00:00,2026-07-06T07:00:32.375634,1,1,164.55,0.5,164.3,150,,,,,,,,,,,,,,,,,,,164.8,150,,,,,,,,,,,,,,,,,,
2026-07-06T07:00:32.428752+00:00,2026-07-06T07:00:32.428920,2,1,164.55,0.5,164.3,150,164.2,100,,,,,,,,,,,,,,,,,164.8,150,,,,,,,,,,,,,,,,,,
2026-07-06T07:00:32.482288+00:00,2026-07-06T07:00:32.482198,2,2,164.5,0.4,164.3,150,164.2,100,,,,,,,,,,,,,,,,,164.7,100,164.8,150,,,,,,,,,,,,,,,,
2026-07-06T07:00:33.079566+00:00,2026-07-06T07:00:33.079460,2,2,164.5,0.4,164.3,100,164.2,100,,,,,,,,,,,,,,,,,164.7,100,164.8,150,,,,,,,,,,,,,,,,
2026-07-06T07:00:33.257699+00:00,2026-07-06T07:00:33.257876,2,2,164.5,0.4,164.3,56,164.2,100,,,,,,,,,,,,,,,,,164.7,100,164.8,150,,,,,,,,,,,,,,,,
2026-07-06T07:00:33.526079+00:00,2026-07-06T07:00:33.526005,1,1,164.45,0.5,164.2,100,,,,,,,,,,,,,,,,,,,164.7,100,,,,,,,,,,,,,,,,,,
2026-07-06T07:00:33.578103+00:00,2026-07-06T07:00:33.578189,2,1,164.45,0.5,164.2,100,163.8,150,,,,,,,,,,,,,,,,,164.7,100,,,,,,,,,,,,,,,,,,
2026-07-06T07:00:33.635314+00:00,2026-07-06T07:00:33.635436,2,2,164.25,0.1,164.2,100,163.8,150,,,,,,,,,,,,,,,,,164.3,150,164.7,100,,,,,,,,,,,,,,,,
2026-07-06T07:00:33.647055+00:00,2026-07-06T07:00:33.639694,2,2,164.25,0.1,164.2,100,163.8,150,,,,,,,,,,,,,,,,,164.3,144,164.7,100,,,,,,,,,,,,,,,,
2026-07-06T07:00:33.689444+00:00,2026-07-06T07:00:33.684037,2,2,164.25,0.1,164.2,100,163.8,150,,,,,,,,,,,,,,,,,164.3,133,164.7,100,,,,,,,,,,,,,,,,
2026-07-06T07:00:33.705019+00:00,2026-07-06T07:00:33.704934,2,1,164.45,0.5,164.2,100,163.8,150,,,,,,,,,,,,,,,,,164.7,100,,,,,,,,,,,,,,,,,,
2026-07-06T07:00:35.189624+00:00,2026-07-06T07:00:35.189583,2,1,164.45,0.5,164.2,50,163.8,150,,,,,,,,,,,,,,,,,164.7,100,,,,,,,,,,,,,,,,,,
2026-07-06T07:00:35.538500+00:00,2026-07-06T07:00:35.538387,1,0,,,163.8,150,,,,,,,,,,,,,,,,,,,,,,,,,,,,,,,,,,,,,,
2026-07-06T07:00:35.592935+00:00,2026-07-06T07:00:35.592821,2,0,,,164.1,100,163.8,150,,,,,,,,,,,,,,,,,,,,,,,,,,,,,,,,,,,,
2026-07-06T07:00:35.645731+00:00,2026-07-06T07:00:35.645634,2,1,164.35,0.5,164.1,100,163.8,150,,,,,,,,,,,,,,,,,164.6,100,,,,,,,,,,,,,,,,,,
2026-07-06T07:00:36.356549+00:00,2026-07-06T07:00:36.356715,2,1,164.35,0.5,164.1,100,163.8,150,,,,,,,,,,,,,,,,,164.6,86,,,,,,,,,,,,,,,,,,
2026-07-06T07:00:36.691104+00:00,2026-07-06T07:00:36.691007,1,1,164.35,0.5,164.1,100,,,,,,,,,,,,,,,,,,,164.6,86,,,,,,,,,,,,,,,,,,
2026-07-06T07:00:36.753615+00:00,2026-07-06T07:00:36.747110,2,1,164.55,0.1,164.5,139,164.1,100,,,,,,,,,,,,,,,,,164.6,86,,,,,,,,,,,,,,,,,,
2026-07-06T07:00:36.797611+00:00,2026-07-06T07:00:36.797706,2,2,164.55,0.1,164.5,139,164.1,100,,,,,,,,,,,,,,,,,164.6,86,165.0,150,,,,,,,,,,,,,,,,
2026-07-06T07:00:36.919817+00:00,2026-07-06T07:00:36.919679,2,2,164.55,0.1,164.5,139,164.1,100,,,,,,,,,,,,,,,,,164.6,38,165.0,150,,,,,,,,,,,,,,,,
2026-07-06T07:00:37.284025+00:00,2026-07-06T07:00:37.277734,2,2,164.55,0.1,164.5,136,164.1,100,,,,,,,,,,,,,,,,,164.6,38,165.0,150,,,,,,,,,,,,,,,,
2026-07-06T07:00:37.299657+00:00,2026-07-06T07:00:37.299554,2,2,164.55,0.1,164.5,86,164.1,100,,,,,,,,,,,,,,,,,164.6,38,165.0,150,,,,,,,,,,,,,,,,
2026-07-06T07:00:38.697510+00:00,2026-07-06T07:00:38.697423,1,1,164.75,0.5,164.5,86,,,,,,,,,,,,,,,,,,,165.0,150,,,,,,,,,,,,,,,,,,
2026-07-06T07:00:38.750775+00:00,2026-07-06T07:00:38.750725,2,1,164.75,0.5,164.5,86,164.2,100,,,,,,,,,,,,,,,,,165.0,150,,,,,,,,,,,,,,,,,,
2026-07-06T07:00:38.805467+00:00,2026-07-06T07:00:38.805374,2,2,164.6,0.2,164.5,86,164.2,100,,,,,,,,,,,,,,,,,164.7,100,165.0,150,,,,,,,,,,,,,,,,
2026-07-06T07:00:39.851158+00:00,2026-07-06T07:00:39.851096,2,1,164.6,0.2,164.5,86,164.2,100,,,,,,,,,,,,,,,,,164.7,100,,,,,,,,,,,,,,,,,,
2026-07-06T07:00:39.858576+00:00,2026-07-06T07:00:39.856279,1,1,164.45,0.5,164.2,100,,,,,,,,,,,,,,,,,,,164.7,100,,,,,,,,,,,,,,,,,,
2026-07-06T07:00:39.908789+00:00,2026-07-06T07:00:39.908688,1,1,164.45,0.5,164.2,250,,,,,,,,,,,,,,,,,,,164.7,100,,,,,,,,,,,,,,,,,,
2026-07-06T07:00:39.958718+00:00,2026-07-06T07:00:39.958647,1,1,164.45,0.5,164.2,250,,,,,,,,,,,,,,,,,,,164.7,250,,,,,,,,,,,,,,,,,,
2026-07-06T07:00:41.126945+00:00,2026-07-06T07:00:41.126807,1,1,164.45,0.5,164.2,209,,,,,,,,,,,,,,,,,,,164.7,250,,,,,,,,,,,,,,,,,,
2026-07-06T07:00:41.469581+00:00,2026-07-06T07:00:41.469672,1,1,164.45,0.5,164.2,209,,,,,,,,,,,,,,,,,,,164.7,200,,,,,,,,,,,,,,,,,,
2026-07-06T07:00:41.858621+00:00,2026-07-06T07:00:41.857267,1,1,164.45,0.5,164.2,150,,,,,,,,,,,,,,,,,,,164.7,150,,,,,,,,,,,,,,,,,,
2026-07-06T07:00:41.917163+00:00,2026-07-06T07:00:41.917042,2,1,164.45,0.5,164.2,150,164.0,100,,,,,,,,,,,,,,,,,164.7,150,,,,,,,,,,,,,,,,,,
2026-07-06T07:00:41.969935+00:00,2026-07-06T07:00:41.969865,2,2,164.35,0.3,164.2,150,164.0,100,,,,,,,,,,,,,,,,,164.5,100,164.7,150,,,,,,,,,,,,,,,,
2026-07-06T07:00:42.148237+00:00,2026-07-06T07:00:42.148207,2,2,164.35,0.3,164.2,150,164.0,100,,,,,,,,,,,,,,,,,164.5,55,164.7,150,,,,,,,,,,,,,,,,
2026-07-06T07:00:43.015473+00:00,2026-07-06T07:00:43.015639,1,1,164.25,0.5,164.0,100,,,,,,,,,,,,,,,,,,,164.5,55,,,,,,,,,,,,,,,,,,
2026-07-06T07:00:43.072092+00:00,2026-07-06T07:00:43.071956,2,1,164.25,0.5,164.0,100,163.8,150,,,,,,,,,,,,,,,,,164.5,55,,,,,,,,,,,,,,,,,,
2026-07-06T07:00:43.124837+00:00,2026-07-06T07:00:43.124731,2,2,164.15,0.3,164.0,100,163.8,150,,,,,,,,,,,,,,,,,164.3,150,164.5,55,,,,,,,,,,,,,,,,
2026-07-06T07:00:43.594166+00:00,2026-07-06T07:00:43.594093,2,2,164.15,0.3,164.0,100,163.8,150,,,,,,,,,,,,,,,,,164.3,100,164.5,55,,,,,,,,,,,,,,,,
2026-07-06T07:00:45.022022+00:00,2026-07-06T07:00:45.021992,1,1,164.05,0.5,163.8,150,,,,,,,,,,,,,,,,,,,164.3,100,,,,,,,,,,,,,,,,,,
2026-07-06T07:00:45.075038+00:00,2026-07-06T07:00:45.074946,2,1,164.15,0.3,164.0,100,163.8,150,,,,,,,,,,,,,,,,,164.3,100,,,,,,,,,,,,,,,,,,
2026-07-06T07:00:45.144643+00:00,2026-07-06T07:00:45.144541,2,2,164.15,0.3,164.0,100,163.8,150,,,,,,,,,,,,,,,,,164.3,100,164.5,100,,,,,,,,,,,,,,,,
2026-07-06T07:00:45.702729+00:00,2026-07-06T07:00:45.702537,2,2,164.15,0.3,164.0,100,163.8,150,,,,,,,,,,,,,,,,,164.3,50,164.5,100,,,,,,,,,,,,,,,,
2026-07-06T07:00:46.178685+00:00,2026-07-06T07:00:46.178639,1,1,164.25,0.5,164.0,100,,,,,,,,,,,,,,,,,,,164.5,100,,,,,,,,,,,,,,,,,,
2026-07-06T07:00:46.189218+00:00,2026-07-06T07:00:46.189080,1,1,164.25,0.5,164.0,54,,,,,,,,,,,,,,,,,,,164.5,100,,,,,,,,,,,,,,,,,,
2026-07-06T07:00:46.235480+00:00,2026-07-06T07:00:46.235399,2,1,164.35,0.3,164.2,150,164.0,54,,,,,,,,,,,,,,,,,164.5,100,,,,,,,,,,,,,,,,,,
2026-07-06T07:00:46.289512+00:00,2026-07-06T07:00:46.289425,2,2,164.35,0.3,164.2,150,164.0,54,,,,,,,,,,,,,,,,,164.5,100,164.7,150,,,,,,,,,,,,,,,,
2026-07-06T07:00:47.340644+00:00,2026-07-06T07:00:47.340524,2,2,164.35,0.3,164.2,150,164.0,54,,,,,,,,,,,,,,,,,164.5,57,164.7,150,,,,,,,,,,,,,,,,
2026-07-06T07:00:47.813711+00:00,2026-07-06T07:00:47.813597,2,2,164.35,0.3,164.2,150,164.0,54,,,,,,,,,,,,,,,,,164.5,7,164.7,150,,,,,,,,,,,,,,,,
2026-07-06T07:00:48.195674+00:00,2026-07-06T07:00:48.195801,1,1,164.45,0.5,164.2,150,,,,,,,,,,,,,,,,,,,164.7,150,,,,,,,,,,,,,,,,,,
2026-07-06T07:00:48.251221+00:00,2026-07-06T07:00:48.251140,2,1,164.5,0.4,164.3,100,164.2,150,,,,,,,,,,,,,,,,,164.7,150,,,,,,,,,,,,,,,,,,
2026-07-06T07:00:48.304819+00:00,2026-07-06T07:00:48.304755,2,2,164.5,0.4,164.3,100,164.2,150,,,,,,,,,,,,,,,,,164.7,150,164.8,100,,,,,,,,,,,,,,,,
2026-07-06T07:00:48.989020+00:00,2026-07-06T07:00:48.988891,2,2,164.5,0.4,164.3,53,164.2,150,,,,,,,,,,,,,,,,,164.7,150,164.8,100,,,,,,,,,,,,,,,,
2026-07-06T07:00:49.344587+00:00,2026-07-06T07:00:49.344463,1,1,164.55,0.5,164.3,53,,,,,,,,,,,,,,,,,,,164.8,100,,,,,,,,,,,,,,,,,,
2026-07-06T07:00:49.396383+00:00,2026-07-06T07:00:49.396310,2,1,164.55,0.5,164.3,53,164.2,150,,,,,,,,,,,,,,,,,164.8,100,,,,,,,,,,,,,,,,,,
2026-07-06T07:00:49.458646+00:00,2026-07-06T07:00:49.456954,2,2,164.5,0.4,164.3,53,164.2,150,,,,,,,,,,,,,,,,,164.7,150,164.8,100,,,,,,,,,,,,,,,,
2026-07-06T07:00:49.944366+00:00,2026-07-06T07:00:49.944313,2,2,164.5,0.4,164.3,53,164.2,150,,,,,,,,,,,,,,,,,164.7,100,164.8,100,,,,,,,,,,,,,,,,
2026-07-06T07:00:51.358575+00:00,2026-07-06T07:00:51.350594,1,1,164.45,0.5,164.2,150,,,,,,,,,,,,,,,,,,,164.7,100,,,,,,,,,,,,,,,,,,
2026-07-06T07:00:51.408188+00:00,2026-07-06T07:00:51.408121,2,1,164.45,0.5,164.2,150,164.1,100,,,,,,,,,,,,,,,,,164.7,100,,,,,,,,,,,,,,,,,,
2026-07-06T07:00:51.467068+00:00,2026-07-06T07:00:51.466954,2,2,164.4,0.4,164.2,150,164.1,100,,,,,,,,,,,,,,,,,164.6,100,164.7,100,,,,,,,,,,,,,,,,
2026-07-06T07:00:52.051819+00:00,2026-07-06T07:00:52.051699,2,2,164.4,0.4,164.2,150,164.1,100,,,,,,,,,,,,,,,,,164.6,50,164.7,100,,,,,,,,,,,,,,,,
2026-07-06T07:00:52.337744+00:00,2026-07-06T07:00:52.337691,2,2,164.4,0.4,164.2,150,164.1,100,,,,,,,,,,,,,,,,,164.6,2,164.7,100,,,,,,,,,,,,,,,,
2026-07-06T07:00:52.523385+00:00,2026-07-06T07:00:52.523330,1,1,164.35,0.5,164.1,100,,,,,,,,,,,,,,,,,,,164.6,2,,,,,,,,,,,,,,,,,,
2026-07-06T07:00:52.589209+00:00,2026-07-06T07:00:52.582490,2,1,164.5,0.2,164.4,147,164.1,100,,,,,,,,,,,,,,,,,164.6,2,,,,,,,,,,,,,,,,,,
2026-07-06T07:00:52.630817+00:00,2026-07-06T07:00:52.630930,2,2,164.5,0.2,164.4,147,164.1,100,,,,,,,,,,,,,,,,,164.6,2,164.9,150,,,,,,,,,,,,,,,,
2026-07-06T07:00:52.636284+00:00,2026-07-06T07:00:52.636242,2,2,164.5,0.2,164.4,112,164.1,100,,,,,,,,,,,,,,,,,164.6,2,164.9,150,,,,,,,,,,,,,,,,
2026-07-06T07:00:52.725587+00:00,2026-07-06T07:00:52.725520,2,2,164.5,0.2,164.4,77,164.1,100,,,,,,,,,,,,,,,,,164.6,2,164.9,150,,,,,,,,,,,,,,,,
2026-07-06T07:00:52.817066+00:00,2026-07-06T07:00:52.817174,2,2,164.5,0.2,164.4,42,164.1,100,,,,,,,,,,,,,,,,,164.6,2,164.9,150,,,,,,,,,,,,,,,,
2026-07-06T07:00:52.906556+00:00,2026-07-06T07:00:52.906429,2,2,164.5,0.2,164.4,7,164.1,100,,,,,,,,,,,,,,,,,164.6,2,164.9,150,,,,,,,,,,,,,,,,
2026-07-06T07:00:52.991813+00:00,2026-07-06T07:00:52.991982,1,2,164.35,0.5,164.1,100,,,,,,,,,,,,,,,,,,,164.6,2,164.9,150,,,,,,,,,,,,,,,,
2026-07-06T07:00:54.158705+00:00,2026-07-06T07:00:54.154167,1,1,164.5,0.8,164.1,100,,,,,,,,,,,,,,,,,,,164.9,102,,,,,,,,,,,,,,,,,,
2026-07-06T07:00:54.523363+00:00,2026-07-06T07:00:54.523248,0,1,,,,,,,,,,,,,,,,,,,,,,,164.9,102,,,,,,,,,,,,,,,,,,
2026-07-06T07:00:54.576330+00:00,2026-07-06T07:00:54.576229,1,1,164.6,0.6,164.3,100,,,,,,,,,,,,,,,,,,,164.9,102,,,,,,,,,,,,,,,,,,
2026-07-06T07:00:54.630292+00:00,2026-07-06T07:00:54.630236,1,2,164.55,0.5,164.3,100,,,,,,,,,,,,,,,,,,,164.8,100,164.9,102,,,,,,,,,,,,,,,,
2026-07-06T07:00:54.845093+00:00,2026-07-06T07:00:54.844975,1,2,164.55,0.5,164.3,65,,,,,,,,,,,,,,,,,,,164.8,100,164.9,102,,,,,,,,,,,,,,,,
2026-07-06T07:00:54.935900+00:00,2026-07-06T07:00:54.935846,1,2,164.55,0.5,164.3,48,,,,,,,,,,,,,,,,,,,164.8,100,164.9,102,,,,,,,,,,,,,,,,
2026-07-06T07:00:55.683824+00:00,2026-07-06T07:00:55.683704,1,1,164.55,0.5,164.3,48,,,,,,,,,,,,,,,,,,,164.8,100,,,,,,,,,,,,,,,,,,
2026-07-06T07:00:55.736634+00:00,2026-07-06T07:00:55.736739,2,1,164.55,0.5,164.3,48,163.9,150,,,,,,,,,,,,,,,,,164.8,100,,,,,,,,,,,,,,,,,,
2026-07-06T07:00:55.789826+00:00,2026-07-06T07:00:55.789727,2,2,164.35,0.1,164.3,48,163.9,150,,,,,,,,,,,,,,,,,164.4,150,164.8,100,,,,,,,,,,,,,,,,
2026-07-06T07:00:56.293835+00:00,2026-07-06T07:00:56.293778,2,2,164.35,0.1,164.3,48,163.9,150,,,,,,,,,,,,,,,,,164.4,100,164.8,100,,,,,,,,,,,,,,,,
2026-07-06T07:00:57.682967+00:00,2026-07-06T07:00:57.683086,1,1,164.15,0.5,163.9,150,,,,,,,,,,,,,,,,,,,164.4,100,,,,,,,,,,,,,,,,,,
2026-07-06T07:00:57.732344+00:00,2026-07-06T07:00:57.732310,2,1,164.3,0.2,164.2,100,163.9,150,,,,,,,,,,,,,,,,,164.4,100,,,,,,,,,,,,,,,,,,
2026-07-06T07:00:57.785251+00:00,2026-07-06T07:00:57.785127,2,2,164.3,0.2,164.2,100,163.9,150,,,,,,,,,,,,,,,,,164.4,100,164.7,100,,,,,,,,,,,,,,,,
2026-07-06T07:00:58.412234+00:00,2026-07-06T07:00:58.412121,2,2,164.3,0.2,164.2,100,163.9,150,,,,,,,,,,,,,,,,,164.4,50,164.7,100,,,,,,,,,,,,,,,,
2026-07-06T07:00:58.844840+00:00,2026-07-06T07:00:58.844820,1,1,164.45,0.5,164.2,100,,,,,,,,,,,,,,,,,,,164.7,100,,,,,,,,,,,,,,,,,,
2026-07-06T07:00:58.898410+00:00,2026-07-06T07:00:58.898332,2,1,164.55,0.3,164.4,150,164.2,100,,,,,,,,,,,,,,,,,164.7,100,,,,,,,,,,,,,,,,,,
2026-07-06T07:00:58.948726+00:00,2026-07-06T07:00:58.948618,2,2,164.55,0.3,164.4,150,164.2,100,,,,,,,,,,,,,,,,,164.7,100,164.9,150,,,,,,,,,,,,,,,,
2026-07-06T07:00:59.342211+00:00,2026-07-06T07:00:59.342137,2,2,164.55,0.3,164.4,103,164.2,100,,,,,,,,,,,,,,,,,164.7,100,164.9,150,,,,,,,,,,,,,,,,
2026-07-06T07:01:00.351035+00:00,2026-07-06T07:01:00.350952,2,2,164.55,0.3,164.4,103,164.2,100,,,,,,,,,,,,,,,,,164.7,53,164.9,150,,,,,,,,,,,,,,,,
2026-07-06T07:01:00.531724+00:00,2026-07-06T07:01:00.531683,2,2,164.55,0.3,164.4,103,164.2,100,,,,,,,,,,,,,,,,,164.7,3,164.9,150,,,,,,,,,,,,,,,,
2026-07-06T07:01:00.842451+00:00,2026-07-06T07:01:00.842366,1,1,164.65,0.5,164.4,103,,,,,,,,,,,,,,,,,,,164.9,150,,,,,,,,,,,,,,,,,,
2026-07-06T07:01:00.909382+00:00,2026-07-06T07:01:00.902048,2,1,164.75,0.3,164.6,77,164.4,103,,,,,,,,,,,,,,,,,164.9,150,,,,,,,,,,,,,,,,,,
2026-07-06T07:01:00.949381+00:00,2026-07-06T07:01:00.949345,2,2,164.75,0.3,164.6,77,164.4,103,,,,,,,,,,,,,,,,,164.9,150,165.1,100,,,,,,,,,,,,,,,,
2026-07-06T07:01:02.006735+00:00,2026-07-06T07:01:02.006896,2,1,164.85,0.5,164.6,77,164.4,103,,,,,,,,,,,,,,,,,165.1,100,,,,,,,,,,,,,,,,,,
2026-07-06T07:01:02.012257+00:00,2026-07-06T07:01:02.012073,1,1,164.85,0.5,164.6,77,,,,,,,,,,,,,,,,,,,165.1,100,,,,,,,,,,,,,,,,,,
2026-07-06T07:01:02.096296+00:00,2026-07-06T07:01:02.096255,2,1,164.85,0.5,164.6,77,164.2,150,,,,,,,,,,,,,,,,,165.1,100,,,,,,,,,,,,,,,,,,
2026-07-06T07:01:02.152753+00:00,2026-07-06T07:01:02.152653,2,2,164.65,0.1,164.6,77,164.2,150,,,,,,,,,,,,,,,,,164.7,150,165.1,100,,,,,,,,,,,,,,,,
2026-07-06T07:01:02.640202+00:00,2026-07-06T07:01:02.640078,2,2,164.65,0.1,164.6,77,164.2,150,,,,,,,,,,,,,,,,,164.7,100,165.1,100,,,,,,,,,,,,,,,,
2026-07-06T07:01:02.842700+00:00,2026-07-06T07:01:02.842562,2,2,164.65,0.1,164.6,33,164.2,150,,,,,,,,,,,,,,,,,164.7,100,165.1,100,,,,,,,,,,,,,,,,
2026-07-06T07:01:03.358580+00:00,2026-07-06T07:01:03.354956,1,2,164.45,0.5,164.2,140,,,,,,,,,,,,,,,,,,,164.7,100,165.1,100,,,,,,,,,,,,,,,,
2026-07-06T07:01:04.006192+00:00,2026-07-06T07:01:04.006055,1,1,164.45,0.5,164.2,140,,,,,,,,,,,,,,,,,,,164.7,100,,,,,,,,,,,,,,,,,,
2026-07-06T07:01:04.059137+00:00,2026-07-06T07:01:04.059063,1,1,164.45,0.5,164.2,240,,,,,,,,,,,,,,,,,,,164.7,100,,,,,,,,,,,,,,,,,,
2026-07-06T07:01:04.112291+00:00,2026-07-06T07:01:04.112215,1,1,164.45,0.5,164.2,240,,,,,,,,,,,,,,,,,,,164.7,200,,,,,,,,,,,,,,,,,,
2026-07-06T07:01:05.208254+00:00,2026-07-06T07:01:05.208190,1,1,164.45,0.5,164.2,100,,,,,,,,,,,,,,,,,,,164.7,100,,,,,,,,,,,,,,,,,,
2026-07-06T07:01:05.263696+00:00,2026-07-06T07:01:05.263815,2,1,164.5,0.4,164.3,150,164.2,100,,,,,,,,,,,,,,,,,164.7,100,,,,,,,,,,,,,,,,,,
2026-07-06T07:01:05.316514+00:00,2026-07-06T07:01:05.316443,2,2,164.5,0.4,164.3,150,164.2,100,,,,,,,,,,,,,,,,,164.7,100,164.8,150,,,,,,,,,,,,,,,,
2026-07-06T07:01:06.858641+00:00,2026-07-06T07:01:06.854890,2,2,164.5,0.4,164.3,150,164.2,100,,,,,,,,,,,,,,,,,164.7,50,164.8,150,,,,,,,,,,,,,,,,
2026-07-06T07:01:07.010276+00:00,2026-07-06T07:01:07.010503,2,2,164.5,0.4,164.3,101,164.2,100,,,,,,,,,,,,,,,,,164.7,50,164.8,150,,,,,,,,,,,,,,,,
2026-07-06T07:01:07.167892+00:00,2026-07-06T07:01:07.167790,1,1,164.55,0.5,164.3,101,,,,,,,,,,,,,,,,,,,164.8,150,,,,,,,,,,,,,,,,,,
2026-07-06T07:01:07.223622+00:00,2026-07-06T07:01:07.223792,2,1,164.55,0.5,164.3,101,164.1,100,,,,,,,,,,,,,,,,,164.8,150,,,,,,,,,,,,,,,,,,
2026-07-06T07:01:07.277233+00:00,2026-07-06T07:01:07.277062,2,2,164.45,0.3,164.3,101,164.1,100,,,,,,,,,,,,,,,,,164.6,100,164.8,150,,,,,,,,,,,,,,,,
2026-07-06T07:01:08.368915+00:00,2026-07-06T07:01:08.369045,1,1,164.35,0.5,164.1,100,,,,,,,,,,,,,,,,,,,164.6,100,,,,,,,,,,,,,,,,,,
2026-07-06T07:01:08.428318+00:00,2026-07-06T07:01:08.428233,2,1,164.35,0.5,164.1,100,164.0,150,,,,,,,,,,,,,,,,,164.6,100,,,,,,,,,,,,,,,,,,
2026-07-06T07:01:08.479346+00:00,2026-07-06T07:01:08.479317,2,2,164.3,0.4,164.1,100,164.0,150,,,,,,,,,,,,,,,,,164.5,150,164.6,100,,,,,,,,,,,,,,,,
2026-07-06T07:01:08.725141+00:00,2026-07-06T07:01:08.724979,2,2,164.3,0.4,164.1,100,164.0,150,,,,,,,,,,,,,,,,,164.5,109,164.6,100,,,,,,,,,,,,,,,,
2026-07-06T07:01:09.702637+00:00,2026-07-06T07:01:09.702804,2,2,164.3,0.4,164.1,100,164.0,150,,,,,,,,,,,,,,,,,164.5,65,164.6,100,,,,,,,,,,,,,,,,
2026-07-06T07:01:10.331215+00:00,2026-07-06T07:01:10.331100,1,1,164.25,0.5,164.0,150,,,,,,,,,,,,,,,,,,,164.5,65,,,,,,,,,,,,,,,,,,
2026-07-06T07:01:10.385255+00:00,2026-07-06T07:01:10.385128,2,1,164.3,0.4,164.1,100,164.0,150,,,,,,,,,,,,,,,,,164.5,65,,,,,,,,,,,,,,,,,,
2026-07-06T07:01:10.437604+00:00,2026-07-06T07:01:10.437579,2,2,164.3,0.4,164.1,100,164.0,150,,,,,,,,,,,,,,,,,164.5,65,164.6,100,,,,,,,,,,,,,,,,
2026-07-06T07:01:11.093524+00:00,2026-07-06T07:01:11.107554,2,2,164.3,0.4,164.1,50,164.0,150,,,,,,,,,,,,,,,,,164.5,65,164.6,100,,,,,,,,,,,,,,,,
2026-07-06T07:01:11.564168+00:00,2026-07-06T07:01:11.564037,1,1,164.35,0.5,164.1,50,,,,,,,,,,,,,,,,,,,164.6,100,,,,,,,,,,,,,,,,,,
2026-07-06T07:01:11.658561+00:00,2026-07-06T07:01:11.633280,2,2,164.4,0.4,164.2,150,164.1,50,,,,,,,,,,,,,,,,,164.6,100,164.7,150,,,,,,,,,,,,,,,,
2026-07-06T07:01:13.221381+00:00,2026-07-06T07:01:13.221330,2,2,164.4,0.4,164.2,100,164.1,50,,,,,,,,,,,,,,,,,164.6,100,164.7,150,,,,,,,,,,,,,,,,
2026-07-06T07:01:13.488016+00:00,2026-07-06T07:01:13.487925,1,1,164.45,0.5,164.2,100,,,,,,,,,,,,,,,,,,,164.7,150,,,,,,,,,,,,,,,,,,
2026-07-06T07:01:13.543584+00:00,2026-07-06T07:01:13.543555,2,1,164.45,0.5,164.2,100,163.8,100,,,,,,,,,,,,,,,,,164.7,150,,,,,,,,,,,,,,,,,,
2026-07-06T07:01:13.601265+00:00,2026-07-06T07:01:13.601461,2,2,164.25,0.1,164.2,100,163.8,100,,,,,,,,,,,,,,,,,164.3,100,164.7,150,,,,,,,,,,,,,,,,
2026-07-06T07:01:14.699354+00:00,2026-07-06T07:01:14.699483,1,1,164.05,0.5,163.8,100,,,,,,,,,,,,,,,,,,,164.3,100,,,,,,,,,,,,,,,,,,
2026-07-06T07:01:14.749965+00:00,2026-07-06T07:01:14.749816,2,1,164.1,0.4,163.9,150,163.8,100,,,,,,,,,,,,,,,,,164.3,100,,,,,,,,,,,,,,,,,,
2026-07-06T07:01:14.813331+00:00,2026-07-06T07:01:14.813142,2,2,164.1,0.4,163.9,150,163.8,100,,,,,,,,,,,,,,,,,164.3,100,164.4,150,,,,,,,,,,,,,,,,
2026-07-06T07:01:15.332685+00:00,2026-07-06T07:01:15.332622,2,2,164.1,0.4,163.9,100,163.8,100,,,,,,,,,,,,,,,,,164.3,100,164.4,150,,,,,,,,,,,,,,,,
2026-07-06T07:01:16.669955+00:00,2026-07-06T07:01:16.669914,2,1,164.15,0.5,163.9,100,163.8,100,,,,,,,,,,,,,,,,,164.4,150,,,,,,,,,,,,,,,,,,
2026-07-06T07:01:16.675208+00:00,2026-07-06T07:01:16.675086,1,1,164.15,0.5,163.9,100,,,,,,,,,,,,,,,,,,,164.4,150,,,,,,,,,,,,,,,,,,
2026-07-06T07:01:16.732321+00:00,2026-07-06T07:01:16.732294,2,1,164.15,0.5,163.9,100,163.7,100,,,,,,,,,,,,,,,,,164.4,150,,,,,,,,,,,,,,,,,,
2026-07-06T07:01:16.788048+00:00,2026-07-06T07:01:16.787891,2,2,164.05,0.3,163.9,100,163.7,100,,,,,,,,,,,,,,,,,164.2,100,164.4,150,,,,,,,,,,,,,,,,
2026-07-06T07:01:17.125956+00:00,2026-07-06T07:01:17.126136,2,2,164.05,0.3,163.9,100,163.7,100,,,,,,,,,,,,,,,,,164.2,55,164.4,150,,,,,,,,,,,,,,,,
2026-07-06T07:01:17.437177+00:00,2026-07-06T07:01:17.437086,2,2,164.05,0.3,163.9,50,163.7,100,,,,,,,,,,,,,,,,,164.2,55,164.4,150,,,,,,,,,,,,,,,,
2026-07-06T07:01:17.869382+00:00,2026-07-06T07:01:17.869170,1,1,163.95,0.5,163.7,100,,,,,,,,,,,,,,,,,,,164.2,55,,,,,,,,,,,,,,,,,,
2026-07-06T07:01:17.924004+00:00,2026-07-06T07:01:17.923909,2,1,163.95,0.5,163.7,100,163.4,150,,,,,,,,,,,,,,,,,164.2,55,,,,,,,,,,,,,,,,,,
2026-07-06T07:01:17.977076+00:00,2026-07-06T07:01:17.977223,2,2,163.8,0.2,163.7,100,163.4,150,,,,,,,,,,,,,,,,,163.9,150,164.2,55,,,,,,,,,,,,,,,,
2026-07-06T07:01:17.988850+00:00,2026-07-06T07:01:17.982080,2,2,163.8,0.2,163.7,100,163.4,150,,,,,,,,,,,,,,,,,163.9,138,164.2,55,,,,,,,,,,,,,,,,
2026-07-06T07:01:18.368109+00:00,2026-07-06T07:01:18.362386,2,2,163.8,0.2,163.7,100,163.4,150,,,,,,,,,,,,,,,,,163.9,127,164.2,55,,,,,,,,,,,,,,,,
2026-07-06T07:01:19.541551+00:00,2026-07-06T07:01:19.541419,2,2,163.8,0.2,163.7,50,163.4,150,,,,,,,,,,,,,,,,,163.9,127,164.2,55,,,,,,,,,,,,,,,,
2026-07-06T07:01:19.841772+00:00,2026-07-06T07:01:19.841692,1,1,163.65,0.5,163.4,150,,,,,,,,,,,,,,,,,,,163.9,127,,,,,,,,,,,,,,,,,,
2026-07-06T07:01:19.896864+00:00,2026-07-06T07:01:19.896730,2,1,163.8,0.2,163.7,100,163.4,150,,,,,,,,,,,,,,,,,163.9,127,,,,,,,,,,,,,,,,,,
2026-07-06T07:01:19.947073+00:00,2026-07-06T07:01:19.947033,2,2,163.8,0.2,163.7,100,163.4,150,,,,,,,,,,,,,,,,,163.9,127,164.2,100,,,,,,,,,,,,,,,,
2026-07-06T07:01:21.026707+00:00,2026-07-06T07:01:21.026594,2,1,163.95,0.5,163.7,100,163.4,150,,,,,,,,,,,,,,,,,164.2,100,,,,,,,,,,,,,,,,,,
2026-07-06T07:01:21.031909+00:00,2026-07-06T07:01:21.031785,1,1,163.95,0.5,163.7,100,,,,,,,,,,,,,,,,,,,164.2,100,,,,,,,,,,,,,,,,,,
2026-07-06T07:01:21.085090+00:00,2026-07-06T07:01:21.085048,2,1,163.95,0.5,163.7,100,163.5,150,,,,,,,,,,,,,,,,,164.2,100,,,,,,,,,,,,,,,,,,
2026-07-06T07:01:21.134107+00:00,2026-07-06T07:01:21.134014,2,2,163.85,0.3,163.7,100,163.5,150,,,,,,,,,,,,,,,,,164.0,150,164.2,100,,,,,,,,,,,,,,,,
2026-07-06T07:01:21.646812+00:00,2026-07-06T07:01:21.646774,2,2,163.85,0.3,163.7,50,163.5,150,,,,,,,,,,,,,,,,,164.0,150,164.2,100,,,,,,,,,,,,,,,,
2026-07-06T07:01:22.307184+00:00,2026-07-06T07:01:22.307323,2,2,163.85,0.3,163.7,9,163.5,150,,,,,,,,,,,,,,,,,164.0,150,164.2,100,,,,,,,,,,,,,,,,
2026-07-06T07:01:23.008447+00:00,2026-07-06T07:01:22.997010,1,1,163.75,0.5,163.5,150,,,,,,,,,,,,,,,,,,,164.0,150,,,,,,,,,,,,,,,,,,
2026-07-06T07:01:23.058667+00:00,2026-07-06T07:01:23.058796,2,1,163.8,0.4,163.6,100,163.5,150,,,,,,,,,,,,,,,,,164.0,150,,,,,,,,,,,,,,,,,,
2026-07-06T07:01:23.112541+00:00,2026-07-06T07:01:23.112423,2,2,163.8,0.4,163.6,100,163.5,150,,,,,,,,,,,,,,,,,164.0,150,164.1,100,,,,,,,,,,,,,,,,
2026-07-06T07:01:23.758619+00:00,2026-07-06T07:01:23.754495,2,2,163.8,0.4,163.6,50,163.5,150,,,,,,,,,,,,,,,,,164.0,150,164.1,100,,,,,,,,,,,,,,,,
2026-07-06T07:01:24.192438+00:00,2026-07-06T07:01:24.192625,1,1,163.85,0.5,163.6,50,,,,,,,,,,,,,,,,,,,164.1,100,,,,,,,,,,,,,,,,,,
2026-07-06T07:01:24.247265+00:00,2026-07-06T07:01:24.247154,2,1,163.95,0.3,163.8,150,163.6,50,,,,,,,,,,,,,,,,,164.1,100,,,,,,,,,,,,,,,,,,
2026-07-06T07:01:24.300869+00:00,2026-07-06T07:01:24.300610,2,2,163.95,0.3,163.8,150,163.6,50,,,,,,,,,,,,,,,,,164.1,100,164.3,150,,,,,,,,,,,,,,,,
2026-07-06T07:01:24.921624+00:00,2026-07-06T07:01:24.915564,2,2,163.95,0.3,163.8,150,163.6,50,,,,,,,,,,,,,,,,,164.1,97,164.3,150,,,,,,,,,,,,,,,,
2026-07-06T07:01:25.864785+00:00,2026-07-06T07:01:25.864737,2,2,163.95,0.3,163.8,100,163.6,50,,,,,,,,,,,,,,,,,164.1,97,164.3,150,,,,,,,,,,,,,,,,
2026-07-06T07:01:26.167101+00:00,2026-07-06T07:01:26.167287,1,1,164.05,0.5,163.8,100,,,,,,,,,,,,,,,,,,,164.3,150,,,,,,,,,,,,,,,,,,
2026-07-06T07:01:26.227201+00:00,2026-07-06T07:01:26.227287,2,1,164.05,0.5,163.8,100,163.7,100,,,,,,,,,,,,,,,,,164.3,150,,,,,,,,,,,,,,,,,,
2026-07-06T07:01:26.280575+00:00,2026-07-06T07:01:26.280462,2,2,164.0,0.4,163.8,100,163.7,100,,,,,,,,,,,,,,,,,164.2,100,164.3,150,,,,,,,,,,,,,,,,
2026-07-06T07:01:27.242819+00:00,2026-07-06T07:01:27.242709,2,2,164.0,0.4,163.8,56,163.7,100,,,,,,,,,,,,,,,,,164.2,100,164.3,150,,,,,,,,,,,,,,,,
2026-07-06T07:01:27.358652+00:00,2026-07-06T07:01:27.355359,1,1,163.95,0.5,163.7,100,,,,,,,,,,,,,,,,,,,164.2,100,,,,,,,,,,,,,,,,,,
2026-07-06T07:01:27.409977+00:00,2026-07-06T07:01:27.410147,2,1,163.95,0.5,163.7,100,163.4,150,,,,,,,,,,,,,,,,,164.2,100,,,,,,,,,,,,,,,,,,
2026-07-06T07:01:27.463201+00:00,2026-07-06T07:01:27.463118,2,2,163.8,0.2,163.7,100,163.4,150,,,,,,,,,,,,,,,,,163.9,150,164.2,100,,,,,,,,,,,,,,,,
2026-07-06T07:01:27.473713+00:00,2026-07-06T07:01:27.473613,2,2,163.8,0.2,163.7,100,163.4,150,,,,,,,,,,,,,,,,,163.9,115,164.2,100,,,,,,,,,,,,,,,,
2026-07-06T07:01:27.557985+00:00,2026-07-06T07:01:27.558313,2,2,163.8,0.2,163.7,100,163.4,150,,,,,,,,,,,,,,,,,163.9,80,164.2,100,,,,,,,,,,,,,,,,
2026-07-06T07:01:27.971889+00:00,2026-07-06T07:01:27.971800,2,2,163.8,0.2,163.7,50,163.4,150,,,,,,,,,,,,,,,,,163.9,80,164.2,100,,,,,,,,,,,,,,,,
2026-07-06T07:01:29.358587+00:00,2026-07-06T07:01:29.356638,1,1,163.65,0.5,163.4,150,,,,,,,,,,,,,,,,,,,163.9,80,,,,,,,,,,,,,,,,,,
2026-07-06T07:01:29.413858+00:00,2026-07-06T07:01:29.413796,1,1,163.65,0.5,163.4,250,,,,,,,,,,,,,,,,,,,163.9,80,,,,,,,,,,,,,,,,,,
2026-07-06T07:01:29.467132+00:00,2026-07-06T07:01:29.467099,1,1,163.65,0.5,163.4,250,,,,,,,,,,,,,,,,,,,163.9,180,,,,,,,,,,,,,,,,,,
2026-07-06T07:01:30.079145+00:00,2026-07-06T07:01:30.079038,1,1,163.65,0.5,163.4,200,,,,,,,,,,,,,,,,,,,163.9,180,,,,,,,,,,,,,,,,,,
2026-07-06T07:01:30.513964+00:00,2026-07-06T07:01:30.513909,1,1,163.65,0.5,163.4,100,,,,,,,,,,,,,,,,,,,163.9,100,,,,,,,,,,,,,,,,,,
2026-07-06T07:01:30.567793+00:00,2026-07-06T07:01:30.567683,1,1,163.65,0.5,163.4,250,,,,,,,,,,,,,,,,,,,163.9,100,,,,,,,,,,,,,,,,,,
2026-07-06T07:01:30.619642+00:00,2026-07-06T07:01:30.619809,1,1,163.65,0.5,163.4,250,,,,,,,,,,,,,,,,,,,163.9,250,,,,,,,,,,,,,,,,,,
2026-07-06T07:01:31.506909+00:00,2026-07-06T07:01:31.507051,1,1,163.65,0.5,163.4,250,,,,,,,,,,,,,,,,,,,163.9,215,,,,,,,,,,,,,,,,,,
2026-07-06T07:01:31.591946+00:00,2026-07-06T07:01:31.592106,1,1,163.65,0.5,163.4,250,,,,,,,,,,,,,,,,,,,163.9,180,,,,,,,,,,,,,,,,,,
2026-07-06T07:01:31.684069+00:00,2026-07-06T07:01:31.684048,1,1,163.65,0.5,163.4,250,,,,,,,,,,,,,,,,,,,163.9,145,,,,,,,,,,,,,,,,,,
2026-07-06T07:01:31.774417+00:00,2026-07-06T07:01:31.774364,1,1,163.65,0.5,163.4,250,,,,,,,,,,,,,,,,,,,163.9,121,,,,,,,,,,,,,,,,,,
2026-07-06T07:01:32.190360+00:00,2026-07-06T07:01:32.190193,1,1,163.65,0.5,163.4,200,,,,,,,,,,,,,,,,,,,163.9,121,,,,,,,,,,,,,,,,,,
2026-07-06T07:01:32.534320+00:00,2026-07-06T07:01:32.534194,1,1,163.65,0.5,163.4,150,,,,,,,,,,,,,,,,,,,163.9,121,,,,,,,,,,,,,,,,,,
2026-07-06T07:01:32.589352+00:00,2026-07-06T07:01:32.589522,2,1,163.75,0.3,163.6,100,163.4,150,,,,,,,,,,,,,,,,,163.9,121,,,,,,,,,,,,,,,,,,
2026-07-06T07:01:32.635037+00:00,2026-07-06T07:01:32.634926,2,1,163.75,0.3,163.6,100,163.4,150,,,,,,,,,,,,,,,,,163.9,72,,,,,,,,,,,,,,,,,,
2026-07-06T07:01:32.640274+00:00,2026-07-06T07:01:32.640141,2,2,163.75,0.3,163.6,100,163.4,150,,,,,,,,,,,,,,,,,163.9,72,164.1,100,,,,,,,,,,,,,,,,
2026-07-06T07:01:33.677807+00:00,2026-07-06T07:01:33.677714,1,1,163.85,0.5,163.6,100,,,,,,,,,,,,,,,,,,,164.1,100,,,,,,,,,,,,,,,,,,
2026-07-06T07:01:33.728998+00:00,2026-07-06T07:01:33.728866,2,1,163.9,0.4,163.7,150,163.6,100,,,,,,,,,,,,,,,,,164.1,100,,,,,,,,,,,,,,,,,,
2026-07-06T07:01:33.784987+00:00,2026-07-06T07:01:33.784847,2,2,163.9,0.4,163.7,150,163.6,100,,,,,,,,,,,,,,,,,164.1,100,164.2,150,,,,,,,,,,,,,,,,
2026-07-06T07:01:34.304712+00:00,2026-07-06T07:01:34.304584,2,2,163.9,0.4,163.7,100,163.6,100,,,,,,,,,,,,,,,,,164.1,100,164.2,150,,,,,,,,,,,,,,,,
2026-07-06T07:01:34.605998+00:00,2026-07-06T07:01:34.606212,2,2,163.9,0.4,163.7,56,163.6,100,,,,,,,,,,,,,,,,,164.1,100,164.2,150,,,,,,,,,,,,,,,,
2026-07-06T07:01:35.697614+00:00,2026-07-06T07:01:35.697469,1,1,163.95,0.5,163.7,56,,,,,,,,,,,,,,,,,,,164.2,150,,,,,,,,,,,,,,,,,,
2026-07-06T07:01:35.758589+00:00,2026-07-06T07:01:35.752772,2,1,163.95,0.5,163.7,56,163.4,100,,,,,,,,,,,,,,,,,164.2,150,,,,,,,,,,,,,,,,,,
2026-07-06T07:01:35.805896+00:00,2026-07-06T07:01:35.806067,2,2,163.8,0.2,163.7,56,163.4,100,,,,,,,,,,,,,,,,,163.9,100,164.2,150,,,,,,,,,,,,,,,,
2026-07-06T07:01:36.194390+00:00,2026-07-06T07:01:36.194357,2,2,163.8,0.2,163.7,56,163.4,100,,,,,,,,,,,,,,,,,163.9,55,164.2,150,,,,,,,,,,,,,,,,
2026-07-06T07:01:36.421215+00:00,2026-07-06T07:01:36.421144,2,2,163.8,0.2,163.7,6,163.4,100,,,,,,,,,,,,,,,,,163.9,55,164.2,150,,,,,,,,,,,,,,,,
2026-07-06T07:01:36.839753+00:00,2026-07-06T07:01:36.839632,1,1,163.65,0.5,163.4,100,,,,,,,,,,,,,,,,,,,163.9,55,,,,,,,,,,,,,,,,,,
2026-07-06T07:01:36.892092+00:00,2026-07-06T07:01:36.891981,2,1,163.65,0.5,163.4,100,163.0,150,,,,,,,,,,,,,,,,,163.9,55,,,,,,,,,,,,,,,,,,
2026-07-06T07:01:36.947337+00:00,2026-07-06T07:01:36.947232,2,2,163.45,0.1,163.4,100,163.0,150,,,,,,,,,,,,,,,,,163.5,150,163.9,55,,,,,,,,,,,,,,,,
2026-07-06T07:01:38.041078+00:00,2026-07-06T07:01:38.035399,2,2,163.45,0.1,163.4,100,163.0,150,,,,,,,,,,,,,,,,,163.5,147,163.9,55,,,,,,,,,,,,,,,,
2026-07-06T07:01:38.067273+00:00,2026-07-06T07:01:38.067145,2,2,163.45,0.1,163.4,100,163.0,150,,,,,,,,,,,,,,,,,163.5,103,163.9,55,,,,,,,,,,,,,,,,
2026-07-06T07:01:38.864389+00:00,2026-07-06T07:01:38.864276,1,1,163.25,0.5,163.0,150,,,,,,,,,,,,,,,,,,,163.5,103,,,,,,,,,,,,,,,,,,
2026-07-06T07:01:38.921241+00:00,2026-07-06T07:01:38.921389,1,1,163.25,0.5,163.0,150,,,,,,,,,,,,,,,,,,,163.5,3,,,,,,,,,,,,,,,,,,
2026-07-06T07:01:38.970922+00:00,2026-07-06T07:01:38.970863,1,2,163.25,0.5,163.0,150,,,,,,,,,,,,,,,,,,,163.5,3,164.1,100,,,,,,,,,,,,,,,,
2026-07-06T07:01:39.188346+00:00,2026-07-06T07:01:39.188255,1,2,163.25,0.5,163.0,105,,,,,,,,,,,,,,,,,,,163.5,3,164.1,100,,,,,,,,,,,,,,,,
2026-07-06T07:01:39.356661+00:00,2026-07-06T07:01:39.350346,1,1,163.55,1.1,163.0,105,,,,,,,,,,,,,,,,,,,164.1,100,,,,,,,,,,,,,,,,,,
2026-07-06T07:01:40.001056+00:00,2026-07-06T07:01:40.000982,0,1,,,,,,,,,,,,,,,,,,,,,,,164.1,100,,,,,,,,,,,,,,,,,,
2026-07-06T07:01:40.058616+00:00,2026-07-06T07:01:40.054488,1,1,163.8,0.6,163.5,150,,,,,,,,,,,,,,,,,,,164.1,100,,,,,,,,,,,,,,,,,,
2026-07-06T07:01:40.106913+00:00,2026-07-06T07:01:40.106827,1,2,163.75,0.5,163.5,150,,,,,,,,,,,,,,,,,,,164.0,150,164.1,100,,,,,,,,,,,,,,,,
2026-07-06T07:01:40.574130+00:00,2026-07-06T07:01:40.574030,1,2,163.75,0.5,163.5,150,,,,,,,,,,,,,,,,,,,164.0,100,164.1,100,,,,,,,,,,,,,,,,
2026-07-06T07:01:42.029631+00:00,2026-07-06T07:01:42.029515,1,1,163.75,0.5,163.5,150,,,,,,,,,,,,,,,,,,,164.0,100,,,,,,,,,,,,,,,,,,
2026-07-06T07:01:42.082410+00:00,2026-07-06T07:01:42.082225,2,1,163.75,0.5,163.5,150,163.4,100,,,,,,,,,,,,,,,,,164.0,100,,,,,,,,,,,,,,,,,,
2026-07-06T07:01:42.131890+00:00,2026-07-06T07:01:42.131854,2,2,163.7,0.4,163.5,150,163.4,100,,,,,,,,,,,,,,,,,163.9,100,164.0,100,,,,,,,,,,,,,,,,
2026-07-06T07:01:42.678007+00:00,2026-07-06T07:01:42.677934,2,2,163.7,0.4,163.5,150,163.4,100,,,,,,,,,,,,,,,,,163.9,50,164.0,100,,,,,,,,,,,,,,,,
2026-07-06T07:01:43.156170+00:00,2026-07-06T07:01:43.156316,1,1,163.65,0.5,163.4,100,,,,,,,,,,,,,,,,,,,163.9,50,,,,,,,,,,,,,,,,,,
2026-07-06T07:01:43.217482+00:00,2026-07-06T07:01:43.217568,2,1,163.8,0.2,163.7,150,163.4,100,,,,,,,,,,,,,,,,,163.9,50,,,,,,,,,,,,,,,,,,
2026-07-06T07:01:43.229200+00:00,2026-07-06T07:01:43.222136,2,1,163.8,0.2,163.7,147,163.4,100,,,,,,,,,,,,,,,,,163.9,50,,,,,,,,,,,,,,,,,,
2026-07-06T07:01:43.276374+00:00,2026-07-06T07:01:43.276229,2,2,163.8,0.2,163.7,147,163.4,100,,,,,,,,,,,,,,,,,163.9,50,164.2,150,,,,,,,,,,,,,,,,
2026-07-06T07:01:44.068445+00:00,2026-07-06T07:01:44.068365,2,2,163.8,0.2,163.7,105,163.4,100,,,,,,,,,,,,,,,,,163.9,50,164.2,150,,,,,,,,,,,,,,,,
2026-07-06T07:01:44.837397+00:00,2026-07-06T07:01:44.837345,2,2,163.8,0.2,163.7,55,163.4,100,,,,,,,,,,,,,,,,,163.9,50,164.2,150,,,,,,,,,,,,,,,,
2026-07-06T07:01:45.187831+00:00,2026-07-06T07:01:45.187989,1,1,163.95,0.5,163.7,55,,,,,,,,,,,,,,,,,,,164.2,150,,,,,,,,,,,,,,,,,,
2026-07-06T07:01:45.242860+00:00,2026-07-06T07:01:45.242743,2,1,163.95,0.5,163.7,55,163.4,100,,,,,,,,,,,,,,,,,164.2,150,,,,,,,,,,,,,,,,,,
2026-07-06T07:01:45.296272+00:00,2026-07-06T07:01:45.296148,2,2,163.8,0.2,163.7,55,163.4,100,,,,,,,,,,,,,,,,,163.9,100,164.2,150,,,,,,,,,,,,,,,,
2026-07-06T07:01:46.326818+00:00,2026-07-06T07:01:46.326734,1,1,163.65,0.5,163.4,100,,,,,,,,,,,,,,,,,,,163.9,100,,,,,,,,,,,,,,,,,,
2026-07-06T07:01:46.382049+00:00,2026-07-06T07:01:46.381974,2,1,163.65,0.5,163.4,100,163.3,150,,,,,,,,,,,,,,,,,163.9,100,,,,,,,,,,,,,,,,,,
2026-07-06T07:01:46.435524+00:00,2026-07-06T07:01:46.435399,2,2,163.6,0.4,163.4,100,163.3,150,,,,,,,,,,,,,,,,,163.8,150,163.9,100,,,,,,,,,,,,,,,,
2026-07-06T07:01:47.872510+00:00,2026-07-06T07:01:47.872395,2,2,163.6,0.4,163.4,100,163.3,150,,,,,,,,,,,,,,,,,163.8,107,163.9,100,,,,,,,,,,,,,,,,
2026-07-06T07:01:48.350078+00:00,2026-07-06T07:01:48.350234,1,1,163.55,0.5,163.3,150,,,,,,,,,,,,,,,,,,,163.8,107,,,,,,,,,,,,,,,,,,
2026-07-06T07:01:48.406243+00:00,2026-07-06T07:01:48.406060,2,1,163.65,0.3,163.5,100,163.3,150,,,,,,,,,,,,,,,,,163.8,107,,,,,,,,,,,,,,,,,,
2026-07-06T07:01:48.421750+00:00,2026-07-06T07:01:48.421692,2,1,163.65,0.3,163.5,100,163.3,150,,,,,,,,,,,,,,,,,163.8,60,,,,,,,,,,,,,,,,,,
2026-07-06T07:01:48.459149+00:00,2026-07-06T07:01:48.459106,2,2,163.65,0.3,163.5,100,163.3,150,,,,,,,,,,,,,,,,,163.8,60,164.0,100,,,,,,,,,,,,,,,,
2026-07-06T07:01:48.998665+00:00,2026-07-06T07:01:48.998553,2,2,163.65,0.3,163.5,100,163.3,150,,,,,,,,,,,,,,,,,163.8,10,164.0,100,,,,,,,,,,,,,,,,
2026-07-06T07:01:49.460003+00:00,2026-07-06T07:01:49.459898,2,2,163.65,0.3,163.5,54,163.3,150,,,,,,,,,,,,,,,,,163.8,10,164.0,100,,,,,,,,,,,,,,,,
2026-07-06T07:01:49.487512+00:00,2026-07-06T07:01:49.487416,1,1,163.75,0.5,163.5,54,,,,,,,,,,,,,,,,,,,164.0,100,,,,,,,,,,,,,,,,,,
2026-07-06T07:01:49.551522+00:00,2026-07-06T07:01:49.544838,2,1,163.95,0.1,163.9,147,163.5,54,,,,,,,,,,,,,,,,,164.0,100,,,,,,,,,,,,,,,,,,
2026-07-06T07:01:49.593941+00:00,2026-07-06T07:01:49.593847,2,2,163.95,0.1,163.9,147,163.5,54,,,,,,,,,,,,,,,,,164.0,100,164.4,150,,,,,,,,,,,,,,,,
2026-07-06T07:01:51.399289+00:00,2026-07-06T07:01:51.399462,2,2,163.95,0.1,163.9,106,163.5,54,,,,,,,,,,,,,,,,,164.0,100,164.4,150,,,,,,,,,,,,,,,,
2026-07-06T07:01:51.512297+00:00,2026-07-06T07:01:51.512204,1,1,164.15,0.5,163.9,106,,,,,,,,,,,,,,,,,,,164.4,150,,,,,,,,,,,,,,,,,,
2026-07-06T07:01:51.555444+00:00,2026-07-06T07:01:51.556995,2,1,164.15,0.5,163.9,106,163.4,100,,,,,,,,,,,,,,,,,164.4,150,,,,,,,,,,,,,,,,,,
2026-07-06T07:01:51.620302+00:00,2026-07-06T07:01:51.620252,2,1,164.15,0.5,163.9,6,163.4,100,,,,,,,,,,,,,,,,,164.4,150,,,,,,,,,,,,,,,,,,
2026-07-06T07:01:52.658800+00:00,2026-07-06T07:01:52.658675,1,0,,,163.4,100,,,,,,,,,,,,,,,,,,,,,,,,,,,,,,,,,,,,,,
2026-07-06T07:01:52.704750+00:00,2026-07-06T07:01:52.704629,1,0,,,163.4,250,,,,,,,,,,,,,,,,,,,,,,,,,,,,,,,,,,,,,,
2026-07-06T07:01:52.755891+00:00,2026-07-06T07:01:52.755838,1,1,163.65,0.5,163.4,250,,,,,,,,,,,,,,,,,,,163.9,150,,,,,,,,,,,,,,,,,,
2026-07-06T07:01:53.285097+00:00,2026-07-06T07:01:53.285025,1,1,163.65,0.5,163.4,200,,,,,,,,,,,,,,,,,,,163.9,150,,,,,,,,,,,,,,,,,,
2026-07-06T07:01:54.673871+00:00,2026-07-06T07:01:54.673837,1,1,163.65,0.5,163.4,150,,,,,,,,,,,,,,,,,,,163.9,150,,,,,,,,,,,,,,,,,,
2026-07-06T07:01:54.727500+00:00,2026-07-06T07:01:54.727456,2,1,163.8,0.2,163.7,100,163.4,150,,,,,,,,,,,,,,,,,163.9,150,,,,,,,,,,,,,,,,,,
2026-07-06T07:01:54.775432+00:00,2026-07-06T07:01:54.775356,2,2,163.8,0.2,163.7,100,163.4,150,,,,,,,,,,,,,,,,,163.9,150,164.2,100,,,,,,,,,,,,,,,,
2026-07-06T07:01:55.390532+00:00,2026-07-06T07:01:55.390409,2,2,163.8,0.2,163.7,50,163.4,150,,,,,,,,,,,,,,,,,163.9,150,164.2,100,,,,,,,,,,,,,,,,
2026-07-06T07:01:55.808679+00:00,2026-07-06T07:01:55.808590,2,1,163.95,0.5,163.7,50,163.4,150,,,,,,,,,,,,,,,,,164.2,100,,,,,,,,,,,,,,,,,,
2026-07-06T07:01:55.813819+00:00,2026-07-06T07:01:55.813749,1,1,163.95,0.5,163.7,50,,,,,,,,,,,,,,,,,,,164.2,100,,,,,,,,,,,,,,,,,,
2026-07-06T07:01:55.867020+00:00,2026-07-06T07:01:55.866924,2,1,163.95,0.5,163.7,50,163.5,150,,,,,,,,,,,,,,,,,164.2,100,,,,,,,,,,,,,,,,,,
2026-07-06T07:01:55.919818+00:00,2026-07-06T07:01:55.919969,2,2,163.85,0.3,163.7,50,163.5,150,,,,,,,,,,,,,,,,,164.0,150,164.2,100,,,,,,,,,,,,,,,,
2026-07-06T07:01:56.425389+00:00,2026-07-06T07:01:56.419686,2,2,163.85,0.3,163.7,50,163.5,150,,,,,,,,,,,,,,,,,164.0,147,164.2,100,,,,,,,,,,,,,,,,
2026-07-06T07:01:57.498656+00:00,2026-07-06T07:01:57.498571,1,2,163.75,0.5,163.5,150,,,,,,,,,,,,,,,,,,,164.0,147,164.2,100,,,,,,,,,,,,,,,,
2026-07-06T07:01:57.713464+00:00,2026-07-06T07:01:57.713391,1,2,163.75,0.5,163.5,150,,,,,,,,,,,,,,,,,,,164.0,101,164.2,100,,,,,,,,,,,,,,,,
2026-07-06T07:01:57.739100+00:00,2026-07-06T07:01:57.733075,1,2,163.75,0.5,163.5,150,,,,,,,,,,,,,,,,,,,164.0,90,164.2,100,,,,,,,,,,,,,,,,
2026-07-06T07:01:57.833590+00:00,2026-07-06T07:01:57.833419,1,1,163.75,0.5,163.5,150,,,,,,,,,,,,,,,,,,,164.0,90,,,,,,,,,,,,,,,,,,
2026-07-06T07:01:57.886592+00:00,2026-07-06T07:01:57.886771,2,1,163.85,0.3,163.7,100,163.5,150,,,,,,,,,,,,,,,,,164.0,90,,,,,,,,,,,,,,,,,,
2026-07-06T07:01:57.940143+00:00,2026-07-06T07:01:57.939943,2,2,163.85,0.3,163.7,100,163.5,150,,,,,,,,,,,,,,,,,164.0,90,164.2,100,,,,,,,,,,,,,,,,
2026-07-06T07:01:58.330801+00:00,2026-07-06T07:01:58.330719,2,2,163.85,0.3,163.7,100,163.5,150,,,,,,,,,,,,,,,,,164.0,42,164.2,100,,,,,,,,,,,,,,,,
2026-07-06T07:01:58.985773+00:00,2026-07-06T07:01:58.985666,2,1,163.95,0.5,163.7,100,163.5,150,,,,,,,,,,,,,,,,,164.2,100,,,,,,,,,,,,,,,,,,
2026-07-06T07:01:58.990959+00:00,2026-07-06T07:01:58.990838,1,1,163.95,0.5,163.7,100,,,,,,,,,,,,,,,,,,,164.2,100,,,,,,,,,,,,,,,,,,
2026-07-06T07:01:59.048980+00:00,2026-07-06T07:01:59.048854,2,0,,,164.3,50,163.7,100,,,,,,,,,,,,,,,,,,,,,,,,,,,,,,,,,,,,
2026-07-06T07:01:59.115488+00:00,2026-07-06T07:01:59.108700,2,1,164.55,0.5,164.3,39,163.7,100,,,,,,,,,,,,,,,,,164.8,150,,,,,,,,,,,,,,,,,,
2026-07-06T07:01:59.622506+00:00,2026-07-06T07:01:59.622356,1,1,164.25,1.1,163.7,89,,,,,,,,,,,,,,,,,,,164.8,150,,,,,,,,,,,,,,,,,,
2026-07-06T07:02:00.993451+00:00,2026-07-06T07:02:00.993390,0,1,,,,,,,,,,,,,,,,,,,,,,,164.8,150,,,,,,,,,,,,,,,,,,
2026-07-06T07:02:01.048041+00:00,2026-07-06T07:02:01.047862,1,1,164.4,0.8,164.0,100,,,,,,,,,,,,,,,,,,,164.8,150,,,,,,,,,,,,,,,,,,
2026-07-06T07:02:01.098903+00:00,2026-07-06T07:02:01.098794,1,2,164.25,0.5,164.0,100,,,,,,,,,,,,,,,,,,,164.5,100,164.8,150,,,,,,,,,,,,,,,,
2026-07-06T07:02:01.728497+00:00,2026-07-06T07:02:01.728640,1,2,164.25,0.5,164.0,50,,,,,,,,,,,,,,,,,,,164.5,100,164.8,150,,,,,,,,,,,,,,,,
2026-07-06T07:02:02.158595+00:00,2026-07-06T07:02:02.153145,1,1,164.25,0.5,164.0,50,,,,,,,,,,,,,,,,,,,164.5,100,,,,,,,,,,,,,,,,,,
2026-07-06T07:02:02.210882+00:00,2026-07-06T07:02:02.210992,2,1,164.25,0.5,164.0,50,163.8,150,,,,,,,,,,,,,,,,,164.5,100,,,,,,,,,,,,,,,,,,
2026-07-06T07:02:02.258576+00:00,2026-07-06T07:02:02.256018,2,2,164.15,0.3,164.0,50,163.8,150,,,,,,,,,,,,,,,,,164.3,150,164.5,100,,,,,,,,,,,,,,,,
2026-07-06T07:02:03.841227+00:00,2026-07-06T07:02:03.841396,1,2,164.05,0.5,163.8,150,,,,,,,,,,,,,,,,,,,164.3,150,164.5,100,,,,,,,,,,,,,,,,
2026-07-06T07:02:04.155289+00:00,2026-07-06T07:02:04.155100,1,1,164.05,0.5,163.8,150,,,,,,,,,,,,,,,,,,,164.3,150,,,,,,,,,,,,,,,,,,
2026-07-06T07:02:04.207834+00:00,2026-07-06T07:02:04.207954,2,1,164.05,0.5,163.8,150,163.7,100,,,,,,,,,,,,,,,,,164.3,150,,,,,,,,,,,,,,,,,,
2026-07-06T07:02:04.260091+00:00,2026-07-06T07:02:04.259952,2,2,164.0,0.4,163.8,150,163.7,100,,,,,,,,,,,,,,,,,164.2,100,164.3,150,,,,,,,,,,,,,,,,
2026-07-06T07:02:04.481016+00:00,2026-07-06T07:02:04.480984,2,2,164.0,0.4,163.8,150,163.7,100,,,,,,,,,,,,,,,,,164.2,60,164.3,150,,,,,,,,,,,,,,,,
2026-07-06T07:02:05.318241+00:00,2026-07-06T07:02:05.318394,1,1,163.95,0.5,163.7,100,,,,,,,,,,,,,,,,,,,164.2,60,,,,,,,,,,,,,,,,,,
2026-07-06T07:02:05.373124+00:00,2026-07-06T07:02:05.373021,2,1,164.0,0.4,163.8,150,163.7,100,,,,,,,,,,,,,,,,,164.2,60,,,,,,,,,,,,,,,,,,
2026-07-06T07:02:05.424923+00:00,2026-07-06T07:02:05.424871,2,2,164.0,0.4,163.8,150,163.7,100,,,,,,,,,,,,,,,,,164.2,60,164.3,150,,,,,,,,,,,,,,,,
2026-07-06T07:02:05.896302+00:00,2026-07-06T07:02:05.896436,2,2,164.0,0.4,163.8,150,163.7,100,,,,,,,,,,,,,,,,,164.2,10,164.3,150,,,,,,,,,,,,,,,,
2026-07-06T07:02:07.313639+00:00,2026-07-06T07:02:07.313545,1,1,164.05,0.5,163.8,150,,,,,,,,,,,,,,,,,,,164.3,150,,,,,,,,,,,,,,,,,,
2026-07-06T07:02:07.369457+00:00,2026-07-06T07:02:07.369371,1,1,164.05,0.5,163.8,250,,,,,,,,,,,,,,,,,,,164.3,150,,,,,,,,,,,,,,,,,,
2026-07-06T07:02:07.416935+00:00,2026-07-06T07:02:07.416858,1,1,164.05,0.5,163.8,250,,,,,,,,,,,,,,,,,,,164.3,250,,,,,,,,,,,,,,,,,,
2026-07-06T07:02:08.479803+00:00,2026-07-06T07:02:08.479766,1,1,164.05,0.5,163.8,100,,,,,,,,,,,,,,,,,,,164.3,100,,,,,,,,,,,,,,,,,,
2026-07-06T07:02:08.533633+00:00,2026-07-06T07:02:08.533557,2,1,164.05,0.5,163.8,100,163.6,150,,,,,,,,,,,,,,,,,164.3,100,,,,,,,,,,,,,,,,,,
2026-07-06T07:02:08.586010+00:00,2026-07-06T07:02:08.585934,2,2,163.95,0.3,163.8,100,163.6,150,,,,,,,,,,,,,,,,,164.1,150,164.3,100,,,,,,,,,,,,,,,,
2026-07-06T07:02:09.946766+00:00,2026-07-06T07:02:09.936711,2,2,163.95,0.3,163.8,100,163.6,150,,,,,,,,,,,,,,,,,164.1,127,164.3,100,,,,,,,,,,,,,,,,
2026-07-06T07:02:10.153084+00:00,2026-07-06T07:02:10.153012,2,2,163.95,0.3,163.8,50,163.6,150,,,,,,,,,,,,,,,,,164.1,127,164.3,100,,,,,,,,,,,,,,,,
2026-07-06T07:02:10.496745+00:00,2026-07-06T07:02:10.496648,1,1,163.85,0.5,163.6,150,,,,,,,,,,,,,,,,,,,164.1,127,,,,,,,,,,,,,,,,,,
2026-07-06T07:02:10.558596+00:00,2026-07-06T07:02:10.554611,2,1,164.05,0.1,164.0,100,163.6,150,,,,,,,,,,,,,,,,,164.1,127,,,,,,,,,,,,,,,,,,
2026-07-06T07:02:10.607802+00:00,2026-07-06T07:02:10.607692,2,2,164.05,0.1,164.0,100,163.6,150,,,,,,,,,,,,,,,,,164.1,127,164.5,100,,,,,,,,,,,,,,,,
2026-07-06T07:02:11.658590+00:00,2026-07-06T07:02:11.630363,1,1,164.25,0.5,164.0,100,,,,,,,,,,,,,,,,,,,164.5,100,,,,,,,,,,,,,,,,,,
2026-07-06T07:02:11.693327+00:00,2026-07-06T07:02:11.693276,1,1,164.25,0.5,164.0,250,,,,,,,,,,,,,,,,,,,164.5,100,,,,,,,,,,,,,,,,,,
2026-07-06T07:02:11.758625+00:00,2026-07-06T07:02:11.743230,1,1,164.25,0.5,164.0,250,,,,,,,,,,,,,,,,,,,164.5,250,,,,,,,,,,,,,,,,,,
2026-07-06T07:02:11.875291+00:00,2026-07-06T07:02:11.875176,1,1,164.25,0.5,164.0,208,,,,,,,,,,,,,,,,,,,164.5,250,,,,,,,,,,,,,,,,,,
2026-07-06T07:02:12.257333+00:00,2026-07-06T07:02:12.257503,1,1,164.25,0.5,164.0,158,,,,,,,,,,,,,,,,,,,164.5,250,,,,,,,,,,,,,,,,,,
2026-07-06T07:02:13.658602+00:00,2026-07-06T07:02:13.657141,1,1,164.25,0.5,164.0,150,,,,,,,,,,,,,,,,,,,164.5,150,,,,,,,,,,,,,,,,,,
2026-07-06T07:02:13.718136+00:00,2026-07-06T07:02:13.718078,2,1,164.25,0.5,164.0,150,163.7,100,,,,,,,,,,,,,,,,,164.5,150,,,,,,,,,,,,,,,,,,
2026-07-06T07:02:13.770634+00:00,2026-07-06T07:02:13.770500,2,2,164.1,0.2,164.0,150,163.7,100,,,,,,,,,,,,,,,,,164.2,100,164.5,150,,,,,,,,,,,,,,,,
2026-07-06T07:02:13.791368+00:00,2026-07-06T07:02:13.791343,2,2,164.1,0.2,164.0,150,163.7,100,,,,,,,,,,,,,,,,,164.2,60,164.5,150,,,,,,,,,,,,,,,,
2026-07-06T07:02:14.371255+00:00,2026-07-06T07:02:14.371113,2,2,164.1,0.2,164.0,100,163.7,100,,,,,,,,,,,,,,,,,164.2,60,164.5,150,,,,,,,,,,,,,,,,
2026-07-06T07:02:14.800773+00:00,2026-07-06T07:02:14.800644,2,1,164.1,0.2,164.0,100,163.7,100,,,,,,,,,,,,,,,,,164.2,60,,,,,,,,,,,,,,,,,,
2026-07-06T07:02:14.805844+00:00,2026-07-06T07:02:14.805813,1,1,163.95,0.5,163.7,100,,,,,,,,,,,,,,,,,,,164.2,60,,,,,,,,,,,,,,,,,,
2026-07-06T07:02:14.852792+00:00,2026-07-06T07:02:14.852711,2,1,164.05,0.3,163.9,150,163.7,100,,,,,,,,,,,,,,,,,164.2,60,,,,,,,,,,,,,,,,,,
2026-07-06T07:02:14.905301+00:00,2026-07-06T07:02:14.905412,2,2,164.05,0.3,163.9,150,163.7,100,,,,,,,,,,,,,,,,,164.2,60,164.4,150,,,,,,,,,,,,,,,,
2026-07-06T07:02:16.478585+00:00,2026-07-06T07:02:16.478507,2,2,164.05,0.3,163.9,100,163.7,100,,,,,,,,,,,,,,,,,164.2,60,164.4,150,,,,,,,,,,,,,,,,
2026-07-06T07:02:16.824176+00:00,2026-07-06T07:02:16.824082,1,1,164.15,0.5,163.9,100,,,,,,,,,,,,,,,,,,,164.4,150,,,,,,,,,,,,,,,,,,
2026-07-06T07:02:16.880397+00:00,2026-07-06T07:02:16.880366,2,1,164.15,0.5,163.9,100,163.4,100,,,,,,,,,,,,,,,,,164.4,150,,,,,,,,,,,,,,,,,,
2026-07-06T07:02:16.939918+00:00,2026-07-06T07:02:16.939808,1,1,163.9,1.0,163.4,100,,,,,,,,,,,,,,,,,,,164.4,150,,,,,,,,,,,,,,,,,,
2026-07-06T07:02:17.743527+00:00,2026-07-06T07:02:17.743372,1,1,163.9,1.0,163.4,52,,,,,,,,,,,,,,,,,,,164.4,150,,,,,,,,,,,,,,,,,,
2026-07-06T07:02:17.958623+00:00,2026-07-06T07:02:17.954799,1,0,,,163.4,52,,,,,,,,,,,,,,,,,,,,,,,,,,,,,,,,,,,,,,
2026-07-06T07:02:18.015045+00:00,2026-07-06T07:02:18.014938,2,0,,,163.4,52,163.0,150,,,,,,,,,,,,,,,,,,,,,,,,,,,,,,,,,,,,
2026-07-06T07:02:18.076927+00:00,2026-07-06T07:02:18.071031,2,1,163.45,0.1,163.4,52,163.0,150,,,,,,,,,,,,,,,,,163.5,105,,,,,,,,,,,,,,,,,,
2026-07-06T07:02:18.587583+00:00,2026-07-06T07:02:18.587691,2,1,163.45,0.1,163.4,2,163.0,150,,,,,,,,,,,,,,,,,163.5,105,,,,,,,,,,,,,,,,,,
2026-07-06T07:02:19.993496+00:00,2026-07-06T07:02:19.993623,1,1,163.25,0.5,163.0,150,,,,,,,,,,,,,,,,,,,163.5,105,,,,,,,,,,,,,,,,,,
2026-07-06T07:02:20.047327+00:00,2026-07-06T07:02:20.047303,1,1,163.25,0.5,163.0,150,,,,,,,,,,,,,,,,,,,163.5,5,,,,,,,,,,,,,,,,,,
2026-07-06T07:02:20.101718+00:00,2026-07-06T07:02:20.101597,1,2,163.25,0.5,163.0,150,,,,,,,,,,,,,,,,,,,163.5,5,164.2,100,,,,,,,,,,,,,,,,
2026-07-06T07:02:20.696191+00:00,2026-07-06T07:02:20.696113,1,2,163.25,0.5,163.0,100,,,,,,,,,,,,,,,,,,,163.5,5,164.2,100,,,,,,,,,,,,,,,,
2026-07-06T07:02:21.124214+00:00,2026-07-06T07:02:21.124146,0,1,,,,,,,,,,,,,,,,,,,,,,,164.2,100,,,,,,,,,,,,,,,,,,
2026-07-06T07:02:21.179062+00:00,2026-07-06T07:02:21.178946,1,1,163.8,0.8,163.4,150,,,,,,,,,,,,,,,,,,,164.2,100,,,,,,,,,,,,,,,,,,
2026-07-06T07:02:21.232101+00:00,2026-07-06T07:02:21.231982,1,2,163.65,0.5,163.4,150,,,,,,,,,,,,,,,,,,,163.9,150,164.2,100,,,,,,,,,,,,,,,,
2026-07-06T07:02:22.802612+00:00,2026-07-06T07:02:22.802481,1,2,163.65,0.5,163.4,100,,,,,,,,,,,,,,,,,,,163.9,150,164.2,100,,,,,,,,,,,,,,,,
2026-07-06T07:02:23.158597+00:00,2026-07-06T07:02:23.156638,1,1,163.65,0.5,163.4,100,,,,,,,,,,,,,,,,,,,163.9,150,,,,,,,,,,,,,,,,,,
2026-07-06T07:02:23.207466+00:00,2026-07-06T07:02:23.207410,2,1,163.7,0.4,163.5,100,163.4,100,,,,,,,,,,,,,,,,,163.9,150,,,,,,,,,,,,,,,,,,
2026-07-06T07:02:23.258611+00:00,2026-07-06T07:02:23.254189,2,2,163.7,0.4,163.5,100,163.4,100,,,,,,,,,,,,,,,,,163.9,150,164.0,100,,,,,,,,,,,,,,,,
2026-07-06T07:02:23.705908+00:00,2026-07-06T07:02:23.705787,2,2,163.7,0.4,163.5,100,163.4,100,,,,,,,,,,,,,,,,,163.9,107,164.0,100,,,,,,,,,,,,,,,,
2026-07-06T07:02:24.281260+00:00,2026-07-06T07:02:24.281207,1,1,163.75,0.5,163.5,100,,,,,,,,,,,,,,,,,,,164.0,100,,,,,,,,,,,,,,,,,,
2026-07-06T07:02:24.335879+00:00,2026-07-06T07:02:24.336007,1,1,163.75,0.5,163.5,250,,,,,,,,,,,,,,,,,,,164.0,100,,,,,,,,,,,,,,,,,,
2026-07-06T07:02:24.388916+00:00,2026-07-06T07:02:24.388791,1,1,163.75,0.5,163.5,250,,,,,,,,,,,,,,,,,,,164.0,250,,,,,,,,,,,,,,,,,,
2026-07-06T07:02:24.720644+00:00,2026-07-06T07:02:24.720799,1,1,163.75,0.5,163.5,208,,,,,,,,,,,,,,,,,,,164.0,250,,,,,,,,,,,,,,,,,,
2026-07-06T07:02:24.858638+00:00,2026-07-06T07:02:24.858181,1,1,163.75,0.5,163.5,208,,,,,,,,,,,,,,,,,,,164.0,200,,,,,,,,,,,,,,,,,,
2026-07-06T07:02:26.319764+00:00,2026-07-06T07:02:26.319899,1,1,163.75,0.5,163.5,150,,,,,,,,,,,,,,,,,,,164.0,150,,,,,,,,,,,,,,,,,,
2026-07-06T07:02:26.374920+00:00,2026-07-06T07:02:26.374820,2,1,163.75,0.5,163.5,150,163.3,100,,,,,,,,,,,,,,,,,164.0,150,,,,,,,,,,,,,,,,,,
2026-07-06T07:02:26.428502+00:00,2026-07-06T07:02:26.428451,2,2,163.65,0.3,163.5,150,163.3,100,,,,,,,,,,,,,,,,,163.8,100,164.0,150,,,,,,,,,,,,,,,,
2026-07-06T07:02:27.016579+00:00,2026-07-06T07:02:27.016479,2,2,163.65,0.3,163.5,100,163.3,100,,,,,,,,,,,,,,,,,163.8,100,164.0,150,,,,,,,,,,,,,,,,
2026-07-06T07:02:27.443489+00:00,2026-07-06T07:02:27.443432,2,1,163.65,0.3,163.5,100,163.3,100,,,,,,,,,,,,,,,,,163.8,100,,,,,,,,,,,,,,,,,,
2026-07-06T07:02:27.448721+00:00,2026-07-06T07:02:27.448606,1,1,163.55,0.5,163.3,100,,,,,,,,,,,,,,,,,,,163.8,100,,,,,,,,,,,,,,,,,,
2026-07-06T07:02:27.499036+00:00,2026-07-06T07:02:27.498971,2,1,163.6,0.4,163.4,150,163.3,100,,,,,,,,,,,,,,,,,163.8,100,,,,,,,,,,,,,,,,,,
2026-07-06T07:02:27.558660+00:00,2026-07-06T07:02:27.554493,2,2,163.6,0.4,163.4,150,163.3,100,,,,,,,,,,,,,,,,,163.8,100,163.9,150,,,,,,,,,,,,,,,,
2026-07-06T07:02:29.482605+00:00,2026-07-06T07:02:29.482524,1,1,163.65,0.5,163.4,150,,,,,,,,,,,,,,,,,,,163.9,150,,,,,,,,,,,,,,,,,,
2026-07-06T07:02:29.539339+00:00,2026-07-06T07:02:29.539230,2,1,163.65,0.5,163.4,150,163.3,100,,,,,,,,,,,,,,,,,163.9,150,,,,,,,,,,,,,,,,,,
2026-07-06T07:02:29.593507+00:00,2026-07-06T07:02:29.593433,2,2,163.6,0.4,163.4,150,163.3,100,,,,,,,,,,,,,,,,,163.8,100,163.9,150,,,,,,,,,,,,,,,,
2026-07-06T07:02:30.608925+00:00,2026-07-06T07:02:30.609045,1,1,163.55,0.5,163.3,100,,,,,,,,,,,,,,,,,,,163.8,100,,,,,,,,,,,,,,,,,,
2026-07-06T07:02:30.658606+00:00,2026-07-06T07:02:30.656885,2,1,163.55,0.5,163.3,100,163.1,150,,,,,,,,,,,,,,,,,163.8,100,,,,,,,,,,,,,,,,,,
2026-07-06T07:02:30.715322+00:00,2026-07-06T07:02:30.715288,2,2,163.45,0.3,163.3,100,163.1,150,,,,,,,,,,,,,,,,,163.6,150,163.8,100,,,,,,,,,,,,,,,,
2026-07-06T07:02:31.179076+00:00,2026-07-06T07:02:31.179015,2,2,163.45,0.3,163.3,100,163.1,150,,,,,,,,,,,,,,,,,163.6,107,163.8,100,,,,,,,,,,,,,,,,
2026-07-06T07:02:31.244560+00:00,2026-07-06T07:02:31.244406,2,2,163.45,0.3,163.3,50,163.1,150,,,,,,,,,,,,,,,,,163.6,107,163.8,100,,,,,,,,,,,,,,,,
2026-07-06T07:02:31.640817+00:00,2026-07-06T07:02:31.640696,2,2,163.45,0.3,163.3,50,163.1,150,,,,,,,,,,,,,,,,,163.6,61,163.8,100,,,,,,,,,,,,,,,,
2026-07-06T07:02:32.647431+00:00,2026-07-06T07:02:32.647362,1,1,163.35,0.5,163.1,150,,,,,,,,,,,,,,,,,,,163.6,61,,,,,,,,,,,,,,,,,,
2026-07-06T07:02:32.692413+00:00,2026-07-06T07:02:32.692389,1,1,163.35,0.5,163.1,103,,,,,,,,,,,,,,,,,,,163.6,61,,,,,,,,,,,,,,,,,,
2026-07-06T07:02:32.697659+00:00,2026-07-06T07:02:32.697540,1,1,163.35,0.5,163.1,203,,,,,,,,,,,,,,,,,,,163.6,61,,,,,,,,,,,,,,,,,,
2026-07-06T07:02:32.758560+00:00,2026-07-06T07:02:32.754402,1,1,163.35,0.5,163.1,203,,,,,,,,,,,,,,,,,,,163.6,161,,,,,,,,,,,,,,,,,,
2026-07-06T07:02:33.298551+00:00,2026-07-06T07:02:33.298476,1,1,163.35,0.5,163.1,203,,,,,,,,,,,,,,,,,,,163.6,114,,,,,,,,,,,,,,,,,,
2026-07-06T07:02:33.358565+00:00,2026-07-06T07:02:33.353439,1,1,163.35,0.5,163.1,153,,,,,,,,,,,,,,,,,,,163.6,114,,,,,,,,,,,,,,,,,,
2026-07-06T07:02:33.768687+00:00,2026-07-06T07:02:33.768631,1,1,163.35,0.5,163.1,100,,,,,,,,,,,,,,,,,,,163.6,100,,,,,,,,,,,,,,,,,,
2026-07-06T07:02:33.823714+00:00,2026-07-06T07:02:33.823532,2,1,163.4,0.4,163.2,150,163.1,100,,,,,,,,,,,,,,,,,163.6,100,,,,,,,,,,,,,,,,,,
2026-07-06T07:02:33.877215+00:00,2026-07-06T07:02:33.877093,2,2,163.4,0.4,163.2,150,163.1,100,,,,,,,,,,,,,,,,,163.6,100,163.7,150,,,,,,,,,,,,,,,,
2026-07-06T07:02:34.257214+00:00,2026-07-06T07:02:34.257845,2,2,163.4,0.4,163.2,103,163.1,100,,,,,,,,,,,,,,,,,163.6,100,163.7,150,,,,,,,,,,,,,,,,
2026-07-06T07:02:35.783456+00:00,2026-07-06T07:02:35.783349,2,2,163.4,0.4,163.2,63,163.1,100,,,,,,,,,,,,,,,,,163.6,100,163.7,150,,,,,,,,,,,,,,,,
2026-07-06T07:02:35.809482+00:00,2026-07-06T07:02:35.809359,1,1,163.45,0.5,163.2,63,,,,,,,,,,,,,,,,,,,163.7,150,,,,,,,,,,,,,,,,,,
2026-07-06T07:02:35.858691+00:00,2026-07-06T07:02:35.854737,2,1,163.45,0.5,163.2,63,162.8,100,,,,,,,,,,,,,,,,,163.7,150,,,,,,,,,,,,,,,,,,
2026-07-06T07:02:35.926190+00:00,2026-07-06T07:02:35.925996,2,2,163.25,0.1,163.2,63,162.8,100,,,,,,,,,,,,,,,,,163.3,100,163.7,150,,,,,,,,,,,,,,,,
2026-07-06T07:02:36.930980+00:00,2026-07-06T07:02:36.930887,1,1,163.05,0.5,162.8,100,,,,,,,,,,,,,,,,,,,163.3,100,,,,,,,,,,,,,,,,,,
2026-07-06T07:02:36.985121+00:00,2026-07-06T07:02:36.985308,2,1,163.05,0.5,162.8,100,162.6,150,,,,,,,,,,,,,,,,,163.3,100,,,,,,,,,,,,,,,,,,
2026-07-06T07:02:37.049052+00:00,2026-07-06T07:02:37.042815,2,2,162.95,0.3,162.8,100,162.6,150,,,,,,,,,,,,,,,,,163.1,138,163.3,100,,,,,,,,,,,,,,,,
2026-07-06T07:02:37.516796+00:00,2026-07-06T07:02:37.516666,2,2,162.95,0.3,162.8,100,162.6,150,,,,,,,,,,,,,,,,,163.1,88,163.3,100,,,,,,,,,,,,,,,,
2026-07-06T07:02:37.820286+00:00,2026-07-06T07:02:37.820144,2,2,162.95,0.3,162.8,100,162.6,150,,,,,,,,,,,,,,,,,163.1,42,163.3,100,,,,,,,,,,,,,,,,
2026-07-06T07:02:38.975945+00:00,2026-07-06T07:02:38.975909,2,1,162.95,0.3,162.8,100,162.6,150,,,,,,,,,,,,,,,,,163.1,42,,,,,,,,,,,,,,,,,,
2026-07-06T07:02:38.980984+00:00,2026-07-06T07:02:38.981047,1,1,162.85,0.5,162.6,150,,,,,,,,,,,,,,,,,,,163.1,42,,,,,,,,,,,,,,,,,,
2026-07-06T07:02:39.035188+00:00,2026-07-06T07:02:39.035101,2,1,162.95,0.3,162.8,100,162.6,150,,,,,,,,,,,,,,,,,163.1,42,,,,,,,,,,,,,,,,,,
2026-07-06T07:02:39.084087+00:00,2026-07-06T07:02:39.084008,2,2,162.95,0.3,162.8,100,162.6,150,,,,,,,,,,,,,,,,,163.1,42,163.3,100,,,,,,,,,,,,,,,,
2026-07-06T07:02:39.671169+00:00,2026-07-06T07:02:39.671087,2,2,162.95,0.3,162.8,50,162.6,150,,,,,,,,,,,,,,,,,163.1,42,163.3,100,,,,,,,,,,,,,,,,
2026-07-06T07:02:40.090925+00:00,2026-07-06T07:02:40.091000,2,1,163.05,0.5,162.8,50,162.6,150,,,,,,,,,,,,,,,,,163.3,100,,,,,,,,,,,,,,,,,,
2026-07-06T07:02:40.096220+00:00,2026-07-06T07:02:40.096153,1,1,163.05,0.5,162.8,50,,,,,,,,,,,,,,,,,,,163.3,100,,,,,,,,,,,,,,,,,,
2026-07-06T07:02:40.189711+00:00,2026-07-06T07:02:40.189616,2,1,163.1,0.4,162.9,150,162.8,50,,,,,,,,,,,,,,,,,163.3,100,,,,,,,,,,,,,,,,,,
2026-07-06T07:02:40.237147+00:00,2026-07-06T07:02:40.236954,2,2,163.1,0.4,162.9,150,162.8,50,,,,,,,,,,,,,,,,,163.3,100,163.4,150,,,,,,,,,,,,,,,,
2026-07-06T07:02:41.733403+00:00,2026-07-06T07:02:41.733353,2,2,163.1,0.4,162.9,150,162.8,50,,,,,,,,,,,,,,,,,163.3,50,163.4,150,,,,,,,,,,,,,,,,
2026-07-06T07:02:42.141510+00:00,2026-07-06T07:02:42.141402,1,1,163.15,0.5,162.9,150,,,,,,,,,,,,,,,,,,,163.4,150,,,,,,,,,,,,,,,,,,
2026-07-06T07:02:42.195792+00:00,2026-07-06T07:02:42.195659,2,1,163.15,0.5,162.9,150,162.8,100,,,,,,,,,,,,,,,,,163.4,150,,,,,,,,,,,,,,,,,,
2026-07-06T07:02:42.250112+00:00,2026-07-06T07:02:42.250244,2,2,163.1,0.4,162.9,150,162.8,100,,,,,,,,,,,,,,,,,163.3,100,163.4,150,,,,,,,,,,,,,,,,
2026-07-06T07:02:43.289185+00:00,2026-07-06T07:02:43.289062,2,1,163.1,0.4,162.9,150,162.8,100,,,,,,,,,,,,,,,,,163.3,100,,,,,,,,,,,,,,,,,,
2026-07-06T07:02:43.294347+00:00,2026-07-06T07:02:43.294231,1,1,163.05,0.5,162.8,100,,,,,,,,,,,,,,,,,,,163.3,100,,,,,,,,,,,,,,,,,,
2026-07-06T07:02:43.344911+00:00,2026-07-06T07:02:43.344793,2,1,163.15,0.3,163.0,150,162.8,100,,,,,,,,,,,,,,,,,163.3,100,,,,,,,,,,,,,,,,,,
2026-07-06T07:02:43.401296+00:00,2026-07-06T07:02:43.401271,2,2,163.15,0.3,163.0,150,162.8,100,,,,,,,,,,,,,,,,,163.3,100,163.5,150,,,,,,,,,,,,,,,,
2026-07-06T07:02:43.842299+00:00,2026-07-06T07:02:43.842182,2,2,163.15,0.3,163.0,150,162.8,100,,,,,,,,,,,,,,,,,163.3,50,163.5,150,,,,,,,,,,,,,,,,
2026-07-06T07:02:45.304736+00:00,2026-07-06T07:02:45.304685,1,1,163.25,0.5,163.0,150,,,,,,,,,,,,,,,,,,,163.5,150,,,,,,,,,,,,,,,,,,
2026-07-06T07:02:45.358593+00:00,2026-07-06T07:02:45.354201,1,1,163.25,0.5,163.0,250,,,,,,,,,,,,,,,,,,,163.5,150,,,,,,,,,,,,,,,,,,
2026-07-06T07:02:45.412448+00:00,2026-07-06T07:02:45.412329,1,1,163.25,0.5,163.0,250,,,,,,,,,,,,,,,,,,,163.5,250,,,,,,,,,,,,,,,,,,
2026-07-06T07:02:45.950714+00:00,2026-07-06T07:02:45.950875,1,1,163.25,0.5,163.0,250,,,,,,,,,,,,,,,,,,,163.5,200,,,,,,,,,,,,,,,,,,
2026-07-06T07:02:46.458545+00:00,2026-07-06T07:02:46.456529,1,1,163.25,0.5,163.0,100,,,,,,,,,,,,,,,,,,,163.5,100,,,,,,,,,,,,,,,,,,
2026-07-06T07:02:46.511412+00:00,2026-07-06T07:02:46.511293,2,1,163.3,0.4,163.1,150,163.0,100,,,,,,,,,,,,,,,,,163.5,100,,,,,,,,,,,,,,,,,,
2026-07-06T07:02:46.565183+00:00,2026-07-06T07:02:46.565123,2,2,163.3,0.4,163.1,150,163.0,100,,,,,,,,,,,,,,,,,163.5,100,163.6,150,,,,,,,,,,,,,,,,
2026-07-06T07:02:48.058594+00:00,2026-07-06T07:02:48.056345,2,2,163.3,0.4,163.1,150,163.0,100,,,,,,,,,,,,,,,,,163.5,50,163.6,150,,,,,,,,,,,,,,,,
2026-07-06T07:02:48.396130+00:00,2026-07-06T07:02:48.395971,2,2,163.3,0.4,163.1,106,163.0,100,,,,,,,,,,,,,,,,,163.5,50,163.6,150,,,,,,,,,,,,,,,,
2026-07-06T07:02:48.458650+00:00,2026-07-06T07:02:48.457954,2,1,163.35,0.5,163.1,106,163.0,100,,,,,,,,,,,,,,,,,163.6,150,,,,,,,,,,,,,,,,,,
2026-07-06T07:02:48.469647+00:00,2026-07-06T07:02:48.469544,1,1,163.35,0.5,163.1,106,,,,,,,,,,,,,,,,,,,163.6,150,,,,,,,,,,,,,,,,,,
2026-07-06T07:02:48.522071+00:00,2026-07-06T07:02:48.521941,2,1,163.4,0.4,163.2,100,163.1,106,,,,,,,,,,,,,,,,,163.6,150,,,,,,,,,,,,,,,,,,
2026-07-06T07:02:48.575316+00:00,2026-07-06T07:02:48.575157,2,2,163.4,0.4,163.2,100,163.1,106,,,,,,,,,,,,,,,,,163.6,150,163.7,100,,,,,,,,,,,,,,,,
2026-07-06T07:02:48.636129+00:00,2026-07-06T07:02:48.630586,2,2,163.4,0.4,163.2,88,163.1,106,,,,,,,,,,,,,,,,,163.6,150,163.7,100,,,,,,,,,,,,,,,,
2026-07-06T07:02:48.965470+00:00,2026-07-06T07:02:48.959182,2,2,163.4,0.4,163.2,77,163.1,106,,,,,,,,,,,,,,,,,163.6,150,163.7,100,,,,,,,,,,,,,,,,
2026-07-06T07:02:49.616019+00:00,2026-07-06T07:02:49.615897,2,1,163.45,0.5,163.2,77,163.1,106,,,,,,,,,,,,,,,,,163.7,100,,,,,,,,,,,,,,,,,,
2026-07-06T07:02:49.620995+00:00,2026-07-06T07:02:49.621088,1,1,163.45,0.5,163.2,77,,,,,,,,,,,,,,,,,,,163.7,100,,,,,,,,,,,,,,,,,,
2026-07-06T07:02:49.670331+00:00,2026-07-06T07:02:49.670245,2,1,163.45,0.5,163.2,77,162.8,150,,,,,,,,,,,,,,,,,163.7,100,,,,,,,,,,,,,,,,,,
2026-07-06T07:02:49.723870+00:00,2026-07-06T07:02:49.723773,2,2,163.25,0.1,163.2,77,162.8,150,,,,,,,,,,,,,,,,,163.3,150,163.7,100,,,,,,,,,,,,,,,,
2026-07-06T07:02:49.764135+00:00,2026-07-06T07:02:49.764085,2,2,163.25,0.1,163.2,29,162.8,150,,,,,,,,,,,,,,,,,163.3,150,163.7,100,,,,,,,,,,,,,,,,
2026-07-06T07:02:50.158540+00:00,2026-07-06T07:02:50.158458,2,2,163.25,0.1,163.2,29,162.8,150,,,,,,,,,,,,,,,,,163.3,100,163.7,100,,,,,,,,,,,,,,,,
2026-07-06T07:02:51.392554+00:00,2026-07-06T07:02:51.392677,2,2,163.25,0.1,163.2,29,162.8,150,,,,,,,,,,,,,,,,,163.3,60,163.7,100,,,,,,,,,,,,,,,,
2026-07-06T07:02:51.649812+00:00,2026-07-06T07:02:51.649786,1,1,163.05,0.5,162.8,150,,,,,,,,,,,,,,,,,,,163.3,60,,,,,,,,,,,,,,,,,,
2026-07-06T07:02:51.711532+00:00,2026-07-06T07:02:51.711447,2,1,163.1,0.4,162.9,100,162.8,150,,,,,,,,,,,,,,,,,163.3,60,,,,,,,,,,,,,,,,,,
2026-07-06T07:02:51.758578+00:00,2026-07-06T07:02:51.754415,2,2,163.1,0.4,162.9,100,162.8,150,,,,,,,,,,,,,,,,,163.3,60,163.4,100,,,,,,,,,,,,,,,,
2026-07-06T07:02:52.273479+00:00,2026-07-06T07:02:52.273370,2,2,163.1,0.4,162.9,100,162.8,150,,,,,,,,,,,,,,,,,163.3,10,163.4,100,,,,,,,,,,,,,,,,
2026-07-06T07:02:52.781096+00:00,2026-07-06T07:02:52.781025,1,1,163.15,0.5,162.9,100,,,,,,,,,,,,,,,,,,,163.4,100,,,,,,,,,,,,,,,,,,
2026-07-06T07:02:52.855196+00:00,2026-07-06T07:02:52.855375,2,0,,,163.5,50,162.9,100,,,,,,,,,,,,,,,,,,,,,,,,,,,,,,,,,,,,
2026-07-06T07:02:52.918686+00:00,2026-07-06T07:02:52.912656,2,1,163.75,0.5,163.5,16,162.9,100,,,,,,,,,,,,,,,,,164.0,150,,,,,,,,,,,,,,,,,,
2026-07-06T07:02:52.954173+00:00,2026-07-06T07:02:52.954045,1,1,163.45,1.1,162.9,100,,,,,,,,,,,,,,,,,,,164.0,150,,,,,,,,,,,,,,,,,,
2026-07-06T07:02:54.382685+00:00,2026-07-06T07:02:54.382624,1,1,163.45,1.1,162.9,100,,,,,,,,,,,,,,,,,,,164.0,100,,,,,,,,,,,,,,,,,,
2026-07-06T07:02:54.817669+00:00,2026-07-06T07:02:54.817589,0,1,,,,,,,,,,,,,,,,,,,,,,,164.0,100,,,,,,,,,,,,,,,,,,
2026-07-06T07:02:54.870262+00:00,2026-07-06T07:02:54.870214,1,1,163.5,1.0,163.0,100,,,,,,,,,,,,,,,,,,,164.0,100,,,,,,,,,,,,,,,,,,
2026-07-06T07:02:54.922819+00:00,2026-07-06T07:02:54.922717,1,2,163.25,0.5,163.0,100,,,,,,,,,,,,,,,,,,,163.5,100,164.0,100,,,,,,,,,,,,,,,,
2026-07-06T07:02:55.965492+00:00,2026-07-06T07:02:55.965439,1,1,163.25,0.5,163.0,100,,,,,,,,,,,,,,,,,,,163.5,100,,,,,,,,,,,,,,,,,,
2026-07-06T07:02:56.018909+00:00,2026-07-06T07:02:56.018809,1,1,163.25,0.5,163.0,250,,,,,,,,,,,,,,,,,,,163.5,100,,,,,,,,,,,,,,,,,,
2026-07-06T07:02:56.070065+00:00,2026-07-06T07:02:56.070018,1,1,163.25,0.5,163.0,250,,,,,,,,,,,,,,,,,,,163.5,250,,,,,,,,,,,,,,,,,,
2026-07-06T07:02:56.493261+00:00,2026-07-06T07:02:56.493207,1,1,163.25,0.5,163.0,250,,,,,,,,,,,,,,,,,,,163.5,200,,,,,,,,,,,,,,,,,,
2026-07-06T07:02:57.974853+00:00,2026-07-06T07:02:57.975000,1,1,163.25,0.5,163.0,250,,,,,,,,,,,,,,,,,,,163.5,150,,,,,,,,,,,,,,,,,,
2026-07-06T07:02:57.980230+00:00,2026-07-06T07:02:57.980156,1,1,163.25,0.5,163.0,150,,,,,,,,,,,,,,,,,,,163.5,150,,,,,,,,,,,,,,,,,,
2026-07-06T07:02:58.033135+00:00,2026-07-06T07:02:58.033078,2,1,163.35,0.3,163.2,100,163.0,150,,,,,,,,,,,,,,,,,163.5,150,,,,,,,,,,,,,,,,,,
2026-07-06T07:02:58.081308+00:00,2026-07-06T07:02:58.081201,2,2,163.35,0.3,163.2,100,163.0,150,,,,,,,,,,,,,,,,,163.5,150,163.7,100,,,,,,,,,,,,,,,,
2026-07-06T07:02:58.603019+00:00,2026-07-06T07:02:58.602956,2,2,163.35,0.3,163.2,100,163.0,150,,,,,,,,,,,,,,,,,163.5,100,163.7,100,,,,,,,,,,,,,,,,
2026-07-06T07:02:59.126887+00:00,2026-07-06T07:02:59.126837,1,1,163.45,0.5,163.2,100,,,,,,,,,,,,,,,,,,,163.7,100,,,,,,,,,,,,,,,,,,
2026-07-06T07:02:59.182003+00:00,2026-07-06T07:02:59.181930,2,1,163.45,0.5,163.2,100,163.1,150,,,,,,,,,,,,,,,,,163.7,100,,,,,,,,,,,,,,,,,,
2026-07-06T07:02:59.234797+00:00,2026-07-06T07:02:59.234616,2,2,163.4,0.4,163.2,100,163.1,150,,,,,,,,,,,,,,,,,163.6,150,163.7,100,,,,,,,,,,,,,,,,
2026-07-06T07:03:00.711980+00:00,2026-07-06T07:03:00.711833,2,2,163.4,0.4,163.2,100,163.1,150,,,,,,,,,,,,,,,,,163.6,100,163.7,100,,,,,,,,,,,,,,,,
2026-07-06T07:03:01.135485+00:00,2026-07-06T07:03:01.135382,2,1,163.4,0.4,163.2,100,163.1,150,,,,,,,,,,,,,,,,,163.6,100,,,,,,,,,,,,,,,,,,
2026-07-06T07:03:01.140472+00:00,2026-07-06T07:03:01.140541,1,1,163.35,0.5,163.1,150,,,,,,,,,,,,,,,,,,,163.6,100,,,,,,,,,,,,,,,,,,
2026-07-06T07:03:01.194219+00:00,2026-07-06T07:03:01.194314,2,1,163.4,0.4,163.2,100,163.1,150,,,,,,,,,,,,,,,,,163.6,100,,,,,,,,,,,,,,,,,,
2026-07-06T07:03:01.227011+00:00,2026-07-06T07:03:01.226885,2,1,163.4,0.4,163.2,100,163.1,150,,,,,,,,,,,,,,,,,163.6,53,,,,,,,,,,,,,,,,,,
2026-07-06T07:03:01.248164+00:00,2026-07-06T07:03:01.248261,2,2,163.4,0.4,163.2,100,163.1,150,,,,,,,,,,,,,,,,,163.6,53,163.7,100,,,,,,,,,,,,,,,,
2026-07-06T07:03:02.286718+00:00,2026-07-06T07:03:02.286917,1,1,163.45,0.5,163.2,100,,,,,,,,,,,,,,,,,,,163.7,100,,,,,,,,,,,,,,,,,,
2026-07-06T07:03:02.344212+00:00,2026-07-06T07:03:02.344313,2,1,163.6,0.2,163.5,150,163.2,100,,,,,,,,,,,,,,,,,163.7,100,,,,,,,,,,,,,,,,,,
2026-07-06T07:03:02.397328+00:00,2026-07-06T07:03:02.397250,2,2,163.6,0.2,163.5,150,163.2,100,,,,,,,,,,,,,,,,,163.7,100,164.0,150,,,,,,,,,,,,,,,,
2026-07-06T07:03:02.869591+00:00,2026-07-06T07:03:02.869695,2,2,163.6,0.2,163.5,100,163.2,100,,,,,,,,,,,,,,,,,163.7,100,164.0,150,,,,,,,,,,,,,,,,
2026-07-06T07:03:03.345172+00:00,2026-07-06T07:03:03.338382,2,2,163.6,0.2,163.5,88,163.2,100,,,,,,,,,,,,,,,,,163.7,100,164.0,150,,,,,,,,,,,,,,,,
2026-07-06T07:03:04.301760+00:00,2026-07-06T07:03:04.301665,1,1,163.75,0.5,163.5,88,,,,,,,,,,,,,,,,,,,164.0,150,,,,,,,,,,,,,,,,,,
2026-07-06T07:03:04.363767+00:00,2026-07-06T07:03:04.363962,2,1,163.75,0.5,163.5,88,163.0,100,,,,,,,,,,,,,,,,,164.0,150,,,,,,,,,,,,,,,,,,
2026-07-06T07:03:04.421986+00:00,2026-07-06T07:03:04.410004,1,2,163.25,0.5,163.0,100,,,,,,,,,,,,,,,,,,,163.5,12,164.0,150,,,,,,,,,,,,,,,,
2026-07-06T07:03:04.652576+00:00,2026-07-06T07:03:04.652698,1,2,163.25,0.5,163.0,51,,,,,,,,,,,,,,,,,,,163.5,12,164.0,150,,,,,,,,,,,,,,,,
2026-07-06T07:03:04.977804+00:00,2026-07-06T07:03:04.977642,1,2,163.25,0.5,163.0,1,,,,,,,,,,,,,,,,,,,163.5,12,164.0,150,,,,,,,,,,,,,,,,
2026-07-06T07:03:05.452025+00:00,2026-07-06T07:03:05.451915,1,1,163.25,0.5,163.0,1,,,,,,,,,,,,,,,,,,,163.5,12,,,,,,,,,,,,,,,,,,
2026-07-06T07:03:05.504942+00:00,2026-07-06T07:03:05.504874,2,1,163.25,0.5,163.0,1,162.8,150,,,,,,,,,,,,,,,,,163.5,12,,,,,,,,,,,,,,,,,,
2026-07-06T07:03:05.584189+00:00,2026-07-06T07:03:05.584083,2,2,163.15,0.3,163.0,1,162.8,150,,,,,,,,,,,,,,,,,163.3,150,163.5,12,,,,,,,,,,,,,,,,
2026-07-06T07:03:06.234195+00:00,2026-07-06T07:03:06.234129,2,2,163.15,0.3,163.0,1,162.8,150,,,,,,,,,,,,,,,,,163.3,104,163.5,12,,,,,,,,,,,,,,,,
2026-07-06T07:03:06.795867+00:00,2026-07-06T07:03:06.795930,1,2,163.05,0.5,162.8,109,,,,,,,,,,,,,,,,,,,163.3,104,163.5,12,,,,,,,,,,,,,,,,
2026-07-06T07:03:07.031995+00:00,2026-07-06T07:03:07.032134,1,2,163.05,0.5,162.8,109,,,,,,,,,,,,,,,,,,,163.3,54,163.5,12,,,,,,,,,,,,,,,,
2026-07-06T07:03:07.471712+00:00,2026-07-06T07:03:07.471588,1,1,163.05,0.5,162.8,109,,,,,,,,,,,,,,,,,,,163.3,54,,,,,,,,,,,,,,,,,,
2026-07-06T07:03:07.526115+00:00,2026-07-06T07:03:07.526082,2,1,163.1,0.4,162.9,100,162.8,109,,,,,,,,,,,,,,,,,163.3,54,,,,,,,,,,,,,,,,,,
2026-07-06T07:03:07.578678+00:00,2026-07-06T07:03:07.578611,2,2,163.1,0.4,162.9,100,162.8,109,,,,,,,,,,,,,,,,,163.3,54,163.4,100,,,,,,,,,,,,,,,,
2026-07-06T07:03:08.641503+00:00,2026-07-06T07:03:08.641458,1,1,163.15,0.5,162.9,100,,,,,,,,,,,,,,,,,,,163.4,100,,,,,,,,,,,,,,,,,,
2026-07-06T07:03:08.697716+00:00,2026-07-06T07:03:08.697681,1,1,163.15,0.5,162.9,250,,,,,,,,,,,,,,,,,,,163.4,100,,,,,,,,,,,,,,,,,,
2026-07-06T07:03:08.750539+00:00,2026-07-06T07:03:08.750443,1,1,163.15,0.5,162.9,250,,,,,,,,,,,,,,,,,,,163.4,250,,,,,,,,,,,,,,,,,,
2026-07-06T07:03:09.140409+00:00,2026-07-06T07:03:09.140357,1,1,163.15,0.5,162.9,250,,,,,,,,,,,,,,,,,,,163.4,200,,,,,,,,,,,,,,,,,,
2026-07-06T07:03:09.427062+00:00,2026-07-06T07:03:09.426952,1,1,163.15,0.5,162.9,250,,,,,,,,,,,,,,,,,,,163.4,157,,,,,,,,,,,,,,,,,,
2026-07-06T07:03:10.632739+00:00,2026-07-06T07:03:10.632715,1,1,163.15,0.5,162.9,150,,,,,,,,,,,,,,,,,,,163.4,150,,,,,,,,,,,,,,,,,,
2026-07-06T07:03:10.691747+00:00,2026-07-06T07:03:10.691717,2,1,163.3,0.2,163.2,100,162.9,150,,,,,,,,,,,,,,,,,163.4,150,,,,,,,,,,,,,,,,,,
2026-07-06T07:03:10.745610+00:00,2026-07-06T07:03:10.745540,2,2,163.3,0.2,163.2,100,162.9,150,,,,,,,,,,,,,,,,,163.4,150,163.7,100,,,,,,,,,,,,,,,,
2026-07-06T07:03:10.900326+00:00,2026-07-06T07:03:10.900231,2,2,163.3,0.2,163.2,51,162.9,150,,,,,,,,,,,,,,,,,163.4,150,163.7,100,,,,,,,,,,,,,,,,
2026-07-06T07:03:11.269926+00:00,2026-07-06T07:03:11.269807,2,2,163.3,0.2,163.2,51,162.9,150,,,,,,,,,,,,,,,,,163.4,100,163.7,100,,,,,,,,,,,,,,,,
2026-07-06T07:03:11.803803+00:00,2026-07-06T07:03:11.803772,1,1,163.45,0.5,163.2,51,,,,,,,,,,,,,,,,,,,163.7,100,,,,,,,,,,,,,,,,,,
2026-07-06T07:03:11.858574+00:00,2026-07-06T07:03:11.857473,2,1,163.45,0.5,163.2,51,163.0,150,,,,,,,,,,,,,,,,,163.7,100,,,,,,,,,,,,,,,,,,
2026-07-06T07:03:11.910845+00:00,2026-07-06T07:03:11.910741,2,2,163.35,0.3,163.2,51,163.0,150,,,,,,,,,,,,,,,,,163.5,150,163.7,100,,,,,,,,,,,,,,,,
2026-07-06T07:03:11.991639+00:00,2026-07-06T07:03:11.991553,2,2,163.35,0.3,163.2,3,163.0,150,,,,,,,,,,,,,,,,,163.5,150,163.7,100,,,,,,,,,,,,,,,,
2026-07-06T07:03:13.450144+00:00,2026-07-06T07:03:13.449996,1,2,163.25,0.5,163.0,103,,,,,,,,,,,,,,,,,,,163.5,150,163.7,100,,,,,,,,,,,,,,,,
2026-07-06T07:03:13.800277+00:00,2026-07-06T07:03:13.800220,1,1,163.25,0.5,163.0,103,,,,,,,,,,,,,,,,,,,163.5,150,,,,,,,,,,,,,,,,,,
2026-07-06T07:03:13.851825+00:00,2026-07-06T07:03:13.852037,2,1,163.25,0.5,163.0,103,162.9,100,,,,,,,,,,,,,,,,,163.5,150,,,,,,,,,,,,,,,,,,
2026-07-06T07:03:13.908133+00:00,2026-07-06T07:03:13.908039,2,2,163.2,0.4,163.0,103,162.9,100,,,,,,,,,,,,,,,,,163.4,100,163.5,150,,,,,,,,,,,,,,,,
2026-07-06T07:03:14.958700+00:00,2026-07-06T07:03:14.956475,1,1,163.15,0.5,162.9,100,,,,,,,,,,,,,,,,,,,163.4,100,,,,,,,,,,,,,,,,,,
2026-07-06T07:03:15.019410+00:00,2026-07-06T07:03:15.019364,1,1,163.15,0.5,162.9,250,,,,,,,,,,,,,,,,,,,163.4,100,,,,,,,,,,,,,,,,,,
2026-07-06T07:03:15.071943+00:00,2026-07-06T07:03:15.071820,1,1,163.15,0.5,162.9,250,,,,,,,,,,,,,,,,,,,163.4,250,,,,,,,,,,,,,,,,,,
2026-07-06T07:03:15.558636+00:00,2026-07-06T07:03:15.555378,1,1,163.15,0.5,162.9,200,,,,,,,,,,,,,,,,,,,163.4,250,,,,,,,,,,,,,,,,,,
2026-07-06T07:03:16.964204+00:00,2026-07-06T07:03:16.964125,1,1,163.15,0.5,162.9,150,,,,,,,,,,,,,,,,,,,163.4,150,,,,,,,,,,,,,,,,,,
2026-07-06T07:03:17.020085+00:00,2026-07-06T07:03:17.020038,2,1,163.15,0.5,162.9,150,162.8,100,,,,,,,,,,,,,,,,,163.4,150,,,,,,,,,,,,,,,,,,
2026-07-06T07:03:17.074650+00:00,2026-07-06T07:03:17.074730,2,2,163.1,0.4,162.9,150,162.8,100,,,,,,,,,,,,,,,,,163.3,100,163.4,150,,,,,,,,,,,,,,,,
2026-07-06T07:03:18.126678+00:00,2026-07-06T07:03:18.126550,1,1,163.05,0.5,162.8,100,,,,,,,,,,,,,,,,,,,163.3,100,,,,,,,,,,,,,,,,,,
2026-07-06T07:03:18.191012+00:00,2026-07-06T07:03:18.190886,2,1,163.2,0.2,163.1,150,162.8,100,,,,,,,,,,,,,,,,,163.3,100,,,,,,,,,,,,,,,,,,
2026-07-06T07:03:18.234277+00:00,2026-07-06T07:03:18.234387,2,2,163.2,0.2,163.1,150,162.8,100,,,,,,,,,,,,,,,,,163.3,100,163.6,150,,,,,,,,,,,,,,,,
2026-07-06T07:03:19.778970+00:00,2026-07-06T07:03:19.778819,2,2,163.2,0.2,163.1,100,162.8,100,,,,,,,,,,,,,,,,,163.3,100,163.6,150,,,,,,,,,,,,,,,,
2026-07-06T07:03:20.129545+00:00,2026-07-06T07:03:20.129433,1,1,163.35,0.5,163.1,100,,,,,,,,,,,,,,,,,,,163.6,150,,,,,,,,,,,,,,,,,,
2026-07-06T07:03:20.181277+00:00,2026-07-06T07:03:20.181174,2,1,163.35,0.5,163.1,100,162.9,100,,,,,,,,,,,,,,,,,163.6,150,,,,,,,,,,,,,,,,,,
2026-07-06T07:03:20.237362+00:00,2026-07-06T07:03:20.237253,2,2,163.25,0.3,163.1,100,162.9,100,,,,,,,,,,,,,,,,,163.4,100,163.6,150,,,,,,,,,,,,,,,,
2026-07-06T07:03:21.286437+00:00,2026-07-06T07:03:21.286365,1,1,163.15,0.5,162.9,100,,,,,,,,,,,,,,,,,,,163.4,100,,,,,,,,,,,,,,,,,,
2026-07-06T07:03:21.336392+00:00,2026-07-06T07:03:21.336503,1,1,163.15,0.5,162.9,250,,,,,,,,,,,,,,,,,,,163.4,100,,,,,,,,,,,,,,,,,,
2026-07-06T07:03:21.389355+00:00,2026-07-06T07:03:21.389275,1,1,163.15,0.5,162.9,250,,,,,,,,,,,,,,,,,,,163.4,250,,,,,,,,,,,,,,,,,,
2026-07-06T07:03:21.886281+00:00,2026-07-06T07:03:21.886120,1,1,163.15,0.5,162.9,200,,,,,,,,,,,,,,,,,,,163.4,250,,,,,,,,,,,,,,,,,,
2026-07-06T07:03:23.158610+00:00,2026-07-06T07:03:23.155209,1,1,163.15,0.5,162.9,200,,,,,,,,,,,,,,,,,,,163.4,206,,,,,,,,,,,,,,,,,,
2026-07-06T07:03:23.291297+00:00,2026-07-06T07:03:23.291201,1,1,163.15,0.5,162.9,150,,,,,,,,,,,,,,,,,,,163.4,150,,,,,,,,,,,,,,,,,,
2026-07-06T07:03:23.345853+00:00,2026-07-06T07:03:23.345768,2,1,163.15,0.5,162.9,150,162.7,100,,,,,,,,,,,,,,,,,163.4,150,,,,,,,,,,,,,,,,,,
2026-07-06T07:03:23.396791+00:00,2026-07-06T07:03:23.396712,2,2,163.05,0.3,162.9,150,162.7,100,,,,,,,,,,,,,,,,,163.2,100,163.4,150,,,,,,,,,,,,,,,,
2026-07-06T07:03:23.993218+00:00,2026-07-06T07:03:23.993171,2,2,163.05,0.3,162.9,100,162.7,100,,,,,,,,,,,,,,,,,163.2,100,163.4,150,,,,,,,,,,,,,,,,
2026-07-06T07:03:24.448328+00:00,2026-07-06T07:03:24.448273,1,1,162.95,0.5,162.7,100,,,,,,,,,,,,,,,,,,,163.2,100,,,,,,,,,,,,,,,,,,
2026-07-06T07:03:24.500608+00:00,2026-07-06T07:03:24.500506,2,1,162.95,0.5,162.7,100,162.3,150,,,,,,,,,,,,,,,,,163.2,100,,,,,,,,,,,,,,,,,,
2026-07-06T07:03:24.568578+00:00,2026-07-06T07:03:24.562713,2,2,162.75,0.1,162.7,100,162.3,150,,,,,,,,,,,,,,,,,162.8,138,163.2,100,,,,,,,,,,,,,,,,
2026-07-06T07:03:24.954885+00:00,2026-07-06T07:03:24.950195,2,2,162.75,0.1,162.7,100,162.3,150,,,,,,,,,,,,,,,,,162.8,127,163.2,100,,,,,,,,,,,,,,,,
2026-07-06T07:03:25.730938+00:00,2026-07-06T07:03:25.724274,2,2,162.75,0.1,162.7,100,162.3,150,,,,,,,,,,,,,,,,,162.8,115,163.2,100,,,,,,,,,,,,,,,,
2026-07-06T07:03:26.102098+00:00,2026-07-06T07:03:26.101979,2,2,162.75,0.1,162.7,50,162.3,150,,,,,,,,,,,,,,,,,162.8,115,163.2,100,,,,,,,,,,,,,,,,
2026-07-06T07:03:26.453966+00:00,2026-07-06T07:03:26.454072,1,1,162.55,0.5,162.3,150,,,,,,,,,,,,,,,,,,,162.8,115,,,,,,,,,,,,,,,,,,
2026-07-06T07:03:26.509370+00:00,2026-07-06T07:03:26.509252,2,1,162.65,0.3,162.5,100,162.3,150,,,,,,,,,,,,,,,,,162.8,115,,,,,,,,,,,,,,,,,,
2026-07-06T07:03:26.558637+00:00,2026-07-06T07:03:26.557376,2,2,162.65,0.3,162.5,100,162.3,150,,,,,,,,,,,,,,,,,162.8,115,163.0,100,,,,,,,,,,,,,,,,
2026-07-06T07:03:27.318538+00:00,2026-07-06T07:03:27.318491,2,2,162.65,0.3,162.5,100,162.3,150,,,,,,,,,,,,,,,,,162.8,70,163.0,100,,,,,,,,,,,,,,,,
2026-07-06T07:03:27.603923+00:00,2026-07-06T07:03:27.603891,2,1,162.75,0.5,162.5,100,162.3,150,,,,,,,,,,,,,,,,,163.0,100,,,,,,,,,,,,,,,,,,
2026-07-06T07:03:27.609157+00:00,2026-07-06T07:03:27.609057,1,1,162.75,0.5,162.5,100,,,,,,,,,,,,,,,,,,,163.0,100,,,,,,,,,,,,,,,,,,
2026-07-06T07:03:27.658571+00:00,2026-07-06T07:03:27.656987,2,1,162.95,0.1,162.9,150,162.5,100,,,,,,,,,,,,,,,,,163.0,100,,,,,,,,,,,,,,,,,,
2026-07-06T07:03:27.715102+00:00,2026-07-06T07:03:27.714983,2,2,162.95,0.1,162.9,150,162.5,100,,,,,,,,,,,,,,,,,163.0,100,163.4,150,,,,,,,,,,,,,,,,
2026-07-06T07:03:28.158582+00:00,2026-07-06T07:03:28.156896,2,2,162.95,0.1,162.9,150,162.5,100,,,,,,,,,,,,,,,,,163.0,50,163.4,150,,,,,,,,,,,,,,,,
2026-07-06T07:03:28.887014+00:00,2026-07-06T07:03:28.886883,2,2,162.95,0.1,162.9,104,162.5,100,,,,,,,,,,,,,,,,,163.0,50,163.4,150,,,,,,,,,,,,,,,,
2026-07-06T07:03:29.617915+00:00,2026-07-06T07:03:29.618080,1,1,163.15,0.5,162.9,104,,,,,,,,,,,,,,,,,,,163.4,150,,,,,,,,,,,,,,,,,,
2026-07-06T07:03:29.672924+00:00,2026-07-06T07:03:29.672865,2,1,163.15,0.5,162.9,104,162.6,100,,,,,,,,,,,,,,,,,163.4,150,,,,,,,,,,,,,,,,,,
2026-07-06T07:03:29.732134+00:00,2026-07-06T07:03:29.732069,2,2,163.0,0.2,162.9,104,162.6,100,,,,,,,,,,,,,,,,,163.1,100,163.4,150,,,,,,,,,,,,,,,,
2026-07-06T07:03:30.264831+00:00,2026-07-06T07:03:30.264778,2,2,163.0,0.2,162.9,104,162.6,100,,,,,,,,,,,,,,,,,163.1,50,163.4,150,,,,,,,,,,,,,,,,
2026-07-06T07:03:30.770045+00:00,2026-07-06T07:03:30.770167,1,1,162.85,0.5,162.6,100,,,,,,,,,,,,,,,,,,,163.1,50,,,,,,,,,,,,,,,,,,
2026-07-06T07:03:30.819500+00:00,2026-07-06T07:03:30.819383,2,1,162.9,0.4,162.7,150,162.6,100,,,,,,,,,,,,,,,,,163.1,50,,,,,,,,,,,,,,,,,,
2026-07-06T07:03:30.872402+00:00,2026-07-06T07:03:30.872499,2,2,162.9,0.4,162.7,150,162.6,100,,,,,,,,,,,,,,,,,163.1,50,163.2,150,,,,,,,,,,,,,,,,
2026-07-06T07:03:30.937322+00:00,2026-07-06T07:03:30.937252,2,2,162.9,0.4,162.7,150,162.6,100,,,,,,,,,,,,,,,,,163.1,5,163.2,150,,,,,,,,,,,,,,,,
2026-07-06T07:03:32.421403+00:00,2026-07-06T07:03:32.421302,2,2,162.9,0.4,162.7,100,162.6,100,,,,,,,,,,,,,,,,,163.1,5,163.2,150,,,,,,,,,,,,,,,,
2026-07-06T07:03:32.783313+00:00,2026-07-06T07:03:32.783196,2,1,162.95,0.5,162.7,100,162.6,100,,,,,,,,,,,,,,,,,163.2,150,,,,,,,,,,,,,,,,,,
2026-07-06T07:03:32.788275+00:00,2026-07-06T07:03:32.788381,1,1,162.95,0.5,162.7,100,,,,,,,,,,,,,,,,,,,163.2,150,,,,,,,,,,,,,,,,,,
2026-07-06T07:03:32.840844+00:00,2026-07-06T07:03:32.840792,2,1,163.15,0.1,163.1,100,162.7,100,,,,,,,,,,,,,,,,,163.2,150,,,,,,,,,,,,,,,,,,
2026-07-06T07:03:32.889459+00:00,2026-07-06T07:03:32.889607,2,2,163.15,0.1,163.1,100,162.7,100,,,,,,,,,,,,,,,,,163.2,150,163.6,100,,,,,,,,,,,,,,,,
2026-07-06T07:03:33.932939+00:00,2026-07-06T07:03:33.932878,1,1,163.35,0.5,163.1,100,,,,,,,,,,,,,,,,,,,163.6,100,,,,,,,,,,,,,,,,,,
2026-07-06T07:03:33.987009+00:00,2026-07-06T07:03:33.986874,2,1,163.35,0.5,163.1,100,162.6,150,,,,,,,,,,,,,,,,,163.6,100,,,,,,,,,,,,,,,,,,
2026-07-06T07:03:34.039511+00:00,2026-07-06T07:03:34.039405,1,2,162.85,0.5,162.6,150,,,,,,,,,,,,,,,,,,,163.1,50,163.6,100,,,,,,,,,,,,,,,,
2026-07-06T07:03:34.531794+00:00,2026-07-06T07:03:34.531746,1,2,162.85,0.5,162.6,100,,,,,,,,,,,,,,,,,,,163.1,50,163.6,100,,,,,,,,,,,,,,,,
2026-07-06T07:03:35.945723+00:00,2026-07-06T07:03:35.945687,1,1,162.85,0.5,162.6,100,,,,,,,,,,,,,,,,,,,163.1,50,,,,,,,,,,,,,,,,,,
2026-07-06T07:03:35.999112+00:00,2026-07-06T07:03:35.999059,2,1,163.0,0.2,162.9,100,162.6,100,,,,,,,,,,,,,,,,,163.1,50,,,,,,,,,,,,,,,,,,
2026-07-06T07:03:36.051746+00:00,2026-07-06T07:03:36.051664,2,2,163.0,0.2,162.9,100,162.6,100,,,,,,,,,,,,,,,,,163.1,50,163.4,100,,,,,,,,,,,,,,,,
2026-07-06T07:03:36.070054+00:00,2026-07-06T07:03:36.069950,2,2,163.0,0.2,162.9,100,162.6,100,,,,,,,,,,,,,,,,,163.1,4,163.4,100,,,,,,,,,,,,,,,,
2026-07-06T07:03:36.639505+00:00,2026-07-06T07:03:36.639721,2,2,163.0,0.2,162.9,50,162.6,100,,,,,,,,,,,,,,,,,163.1,4,163.4,100,,,,,,,,,,,,,,,,
2026-07-06T07:03:37.094355+00:00,2026-07-06T07:03:37.094276,1,1,163.15,0.5,162.9,50,,,,,,,,,,,,,,,,,,,163.4,100,,,,,,,,,,,,,,,,,,
2026-07-06T07:03:37.149700+00:00,2026-07-06T07:03:37.149577,2,1,163.25,0.3,163.1,150,162.9,50,,,,,,,,,,,,,,,,,163.4,100,,,,,,,,,,,,,,,,,,
2026-07-06T07:03:37.202515+00:00,2026-07-06T07:03:37.202420,2,2,163.25,0.3,163.1,150,162.9,50,,,,,,,,,,,,,,,,,163.4,100,163.6,150,,,,,,,,,,,,,,,,
2026-07-06T07:03:37.570556+00:00,2026-07-06T07:03:37.570683,2,2,163.25,0.3,163.1,110,162.9,50,,,,,,,,,,,,,,,,,163.4,100,163.6,150,,,,,,,,,,,,,,,,
2026-07-06T07:03:38.172972+00:00,2026-07-06T07:03:38.172867,2,2,163.25,0.3,163.1,66,162.9,50,,,,,,,,,,,,,,,,,163.4,100,163.6,150,,,,,,,,,,,,,,,,
2026-07-06T07:03:38.745928+00:00,2026-07-06T07:03:38.746051,2,2,163.25,0.3,163.1,16,162.9,50,,,,,,,,,,,,,,,,,163.4,100,163.6,150,,,,,,,,,,,,,,,,
2026-07-06T07:03:39.104974+00:00,2026-07-06T07:03:39.104900,1,1,163.35,0.5,163.1,16,,,,,,,,,,,,,,,,,,,163.6,150,,,,,,,,,,,,,,,,,,
2026-07-06T07:03:39.158561+00:00,2026-07-06T07:03:39.154121,2,1,163.35,0.5,163.1,16,162.7,100,,,,,,,,,,,,,,,,,163.6,150,,,,,,,,,,,,,,,,,,
2026-07-06T07:03:39.212224+00:00,2026-07-06T07:03:39.212113,2,2,163.15,0.1,163.1,16,162.7,100,,,,,,,,,,,,,,,,,163.2,100,163.6,150,,,,,,,,,,,,,,,,
2026-07-06T07:03:39.803227+00:00,2026-07-06T07:03:39.803181,2,2,163.15,0.1,163.1,16,162.7,100,,,,,,,,,,,,,,,,,163.2,53,163.6,150,,,,,,,,,,,,,,,,
2026-07-06T07:03:40.258593+00:00,2026-07-06T07:03:40.256941,1,1,162.95,0.5,162.7,100,,,,,,,,,,,,,,,,,,,163.2,53,,,,,,,,,,,,,,,,,,
2026-07-06T07:03:40.308786+00:00,2026-07-06T07:03:40.308691,2,1,162.95,0.5,162.7,100,162.6,150,,,,,,,,,,,,,,,,,163.2,53,,,,,,,,,,,,,,,,,,
2026-07-06T07:03:40.364070+00:00,2026-07-06T07:03:40.364010,2,2,162.9,0.4,162.7,100,162.6,150,,,,,,,,,,,,,,,,,163.1,150,163.2,53,,,,,,,,,,,,,,,,
2026-07-06T07:03:40.903051+00:00,2026-07-06T07:03:40.897506,2,2,162.9,0.4,162.7,100,162.6,150,,,,,,,,,,,,,,,,,163.1,128,163.2,53,,,,,,,,,,,,,,,,
2026-07-06T07:03:41.036638+00:00,2026-07-06T07:03:41.036859,2,2,162.9,0.4,162.7,100,162.6,150,,,,,,,,,,,,,,,,,163.1,86,163.2,53,,,,,,,,,,,,,,,,
2026-07-06T07:03:42.264182+00:00,2026-07-06T07:03:42.264162,1,1,162.85,0.5,162.6,150,,,,,,,,,,,,,,,,,,,163.1,86,,,,,,,,,,,,,,,,,,
2026-07-06T07:03:42.317007+00:00,2026-07-06T07:03:42.316945,2,1,163.0,0.2,162.9,100,162.6,150,,,,,,,,,,,,,,,,,163.1,86,,,,,,,,,,,,,,,,,,
2026-07-06T07:03:42.371585+00:00,2026-07-06T07:03:42.371485,2,2,163.0,0.2,162.9,100,162.6,150,,,,,,,,,,,,,,,,,163.1,86,163.4,100,,,,,,,,,,,,,,,,
2026-07-06T07:03:42.963852+00:00,2026-07-06T07:03:42.963805,2,2,163.0,0.2,162.9,50,162.6,150,,,,,,,,,,,,,,,,,163.1,86,163.4,100,,,,,,,,,,,,,,,,
2026-07-06T07:03:43.418667+00:00,2026-07-06T07:03:43.418574,1,1,163.15,0.5,162.9,50,,,,,,,,,,,,,,,,,,,163.4,100,,,,,,,,,,,,,,,,,,
2026-07-06T07:03:43.477301+00:00,2026-07-06T07:03:43.477208,2,1,163.2,0.4,163.0,150,162.9,50,,,,,,,,,,,,,,,,,163.4,100,,,,,,,,,,,,,,,,,,
2026-07-06T07:03:43.529990+00:00,2026-07-06T07:03:43.530078,2,1,163.2,0.4,163.0,150,162.9,50,,,,,,,,,,,,,,,,,163.4,250,,,,,,,,,,,,,,,,,,
2026-07-06T07:03:45.425468+00:00,2026-07-06T07:03:45.425339,1,1,163.2,0.4,163.0,150,,,,,,,,,,,,,,,,,,,163.4,150,,,,,,,,,,,,,,,,,,
2026-07-06T07:03:45.479134+00:00,2026-07-06T07:03:45.479211,2,1,163.25,0.3,163.1,100,163.0,150,,,,,,,,,,,,,,,,,163.4,150,,,,,,,,,,,,,,,,,,
2026-07-06T07:03:45.531164+00:00,2026-07-06T07:03:45.531014,2,2,163.25,0.3,163.1,100,163.0,150,,,,,,,,,,,,,,,,,163.4,150,163.6,100,,,,,,,,,,,,,,,,
2026-07-06T07:03:46.584379+00:00,2026-07-06T07:03:46.584327,1,1,163.35,0.5,163.1,100,,,,,,,,,,,,,,,,,,,163.6,100,,,,,,,,,,,,,,,,,,
2026-07-06T07:03:46.639960+00:00,2026-07-06T07:03:46.639901,1,1,163.35,0.5,163.1,250,,,,,,,,,,,,,,,,,,,163.6,100,,,,,,,,,,,,,,,,,,
2026-07-06T07:03:46.693752+00:00,2026-07-06T07:03:46.693724,1,1,163.35,0.5,163.1,250,,,,,,,,,,,,,,,,,,,163.6,250,,,,,,,,,,,,,,,,,,
2026-07-06T07:03:47.169571+00:00,2026-07-06T07:03:47.169512,1,1,163.35,0.5,163.1,200,,,,,,,,,,,,,,,,,,,163.6,250,,,,,,,,,,,,,,,,,,
2026-07-06T07:03:47.964083+00:00,2026-07-06T07:03:47.964046,1,1,163.35,0.5,163.1,153,,,,,,,,,,,,,,,,,,,163.6,250,,,,,,,,,,,,,,,,,,
2026-07-06T07:03:48.469211+00:00,2026-07-06T07:03:48.469087,1,1,163.35,0.5,163.1,110,,,,,,,,,,,,,,,,,,,163.6,250,,,,,,,,,,,,,,,,,,
2026-07-06T07:03:48.580519+00:00,2026-07-06T07:03:48.580595,1,1,163.35,0.5,163.1,110,,,,,,,,,,,,,,,,,,,163.6,150,,,,,,,,,,,,,,,,,,
2026-07-06T07:03:48.638033+00:00,2026-07-06T07:03:48.637961,2,1,163.35,0.5,163.1,110,162.6,100,,,,,,,,,,,,,,,,,163.6,150,,,,,,,,,,,,,,,,,,
2026-07-06T07:03:48.691114+00:00,2026-07-06T07:03:48.691061,2,1,163.35,0.5,163.1,10,162.6,100,,,,,,,,,,,,,,,,,163.6,150,,,,,,,,,,,,,,,,,,
2026-07-06T07:03:49.594722+00:00,2026-07-06T07:03:49.594562,2,1,163.35,0.5,163.1,10,162.6,100,,,,,,,,,,,,,,,,,163.6,110,,,,,,,,,,,,,,,,,,
2026-07-06T07:03:49.772792+00:00,2026-07-06T07:03:49.772769,1,0,,,162.6,100,,,,,,,,,,,,,,,,,,,,,,,,,,,,,,,,,,,,,,
2026-07-06T07:03:49.829700+00:00,2026-07-06T07:03:49.829812,2,0,,,162.7,150,162.6,100,,,,,,,,,,,,,,,,,,,,,,,,,,,,,,,,,,,,
2026-07-06T07:03:49.883698+00:00,2026-07-06T07:03:49.883641,2,1,162.95,0.5,162.7,150,162.6,100,,,,,,,,,,,,,,,,,163.2,150,,,,,,,,,,,,,,,,,,
2026-07-06T07:03:51.330734+00:00,2026-07-06T07:03:51.330612,2,1,162.95,0.5,162.7,150,162.6,100,,,,,,,,,,,,,,,,,163.2,100,,,,,,,,,,,,,,,,,,
2026-07-06T07:03:51.747459+00:00,2026-07-06T07:03:51.747385,1,1,162.95,0.5,162.7,150,,,,,,,,,,,,,,,,,,,163.2,100,,,,,,,,,,,,,,,,,,
2026-07-06T07:03:51.798205+00:00,2026-07-06T07:03:51.798185,2,1,163.05,0.3,162.9,100,162.7,150,,,,,,,,,,,,,,,,,163.2,100,,,,,,,,,,,,,,,,,,
2026-07-06T07:03:51.858602+00:00,2026-07-06T07:03:51.853185,2,2,163.05,0.3,162.9,100,162.7,150,,,,,,,,,,,,,,,,,163.2,100,163.4,100,,,,,,,,,,,,,,,,
2026-07-06T07:03:52.942451+00:00,2026-07-06T07:03:52.942390,1,1,163.15,0.5,162.9,100,,,,,,,,,,,,,,,,,,,163.4,100,,,,,,,,,,,,,,,,,,
2026-07-06T07:03:52.994879+00:00,2026-07-06T07:03:52.994749,2,1,163.15,0.5,162.9,100,162.6,150,,,,,,,,,,,,,,,,,163.4,100,,,,,,,,,,,,,,,,,,
2026-07-06T07:03:53.051993+00:00,2026-07-06T07:03:53.051924,2,2,162.95,0.1,162.9,100,162.6,150,,,,,,,,,,,,,,,,,163.0,150,163.4,100,,,,,,,,,,,,,,,,
2026-07-06T07:03:53.197168+00:00,2026-07-06T07:03:53.197040,2,2,162.95,0.1,162.9,100,162.6,150,,,,,,,,,,,,,,,,,163.0,105,163.4,100,,,,,,,,,,,,,,,,
2026-07-06T07:03:53.444011+00:00,2026-07-06T07:03:53.443878,2,2,162.95,0.1,162.9,100,162.6,150,,,,,,,,,,,,,,,,,163.0,55,163.4,100,,,,,,,,,,,,,,,,
2026-07-06T07:03:54.908090+00:00,2026-07-06T07:03:54.908023,1,1,162.8,0.4,162.6,150,,,,,,,,,,,,,,,,,,,163.0,55,,,,,,,,,,,,,,,,,,
2026-07-06T07:03:54.958591+00:00,2026-07-06T07:03:54.958364,2,1,162.9,0.2,162.8,100,162.6,150,,,,,,,,,,,,,,,,,163.0,55,,,,,,,,,,,,,,,,,,
2026-07-06T07:03:55.015945+00:00,2026-07-06T07:03:55.015822,2,2,162.9,0.2,162.8,100,162.6,150,,,,,,,,,,,,,,,,,163.0,55,163.3,100,,,,,,,,,,,,,,,,
2026-07-06T07:03:56.106737+00:00,2026-07-06T07:03:56.106559,1,1,163.05,0.5,162.8,100,,,,,,,,,,,,,,,,,,,163.3,100,,,,,,,,,,,,,,,,,,
2026-07-06T07:03:56.156833+00:00,2026-07-06T07:03:56.156952,2,1,163.2,0.2,163.1,150,162.8,100,,,,,,,,,,,,,,,,,163.3,100,,,,,,,,,,,,,,,,,,
2026-07-06T07:03:56.215285+00:00,2026-07-06T07:03:56.215172,2,2,163.2,0.2,163.1,150,162.8,100,,,,,,,,,,,,,,,,,163.3,100,163.6,150,,,,,,,,,,,,,,,,
2026-07-06T07:03:56.680931+00:00,2026-07-06T07:03:56.680822,2,2,163.2,0.2,163.1,104,162.8,100,,,,,,,,,,,,,,,,,163.3,100,163.6,150,,,,,,,,,,,,,,,,
2026-07-06T07:03:57.279589+00:00,2026-07-06T07:03:57.273670,2,2,163.2,0.2,163.1,93,162.8,100,,,,,,,,,,,,,,,,,163.3,100,163.6,150,,,,,,,,,,,,,,,,
2026-07-06T07:03:57.700862+00:00,2026-07-06T07:03:57.700726,2,2,163.2,0.2,163.1,43,162.8,100,,,,,,,,,,,,,,,,,163.3,100,163.6,150,,,,,,,,,,,,,,,,
2026-07-06T07:03:58.069377+00:00,2026-07-06T07:03:58.069238,1,1,163.35,0.5,163.1,43,,,,,,,,,,,,,,,,,,,163.6,150,,,,,,,,,,,,,,,,,,
2026-07-06T07:03:58.123970+00:00,2026-07-06T07:03:58.123891,2,1,163.35,0.5,163.1,43,162.8,100,,,,,,,,,,,,,,,,,163.6,150,,,,,,,,,,,,,,,,,,
2026-07-06T07:03:58.186328+00:00,2026-07-06T07:03:58.186207,2,2,163.2,0.2,163.1,43,162.8,100,,,,,,,,,,,,,,,,,163.3,100,163.6,150,,,,,,,,,,,,,,,,
2026-07-06T07:03:59.270368+00:00,2026-07-06T07:03:59.270268,1,1,163.05,0.5,162.8,100,,,,,,,,,,,,,,,,,,,163.3,100,,,,,,,,,,,,,,,,,,
2026-07-06T07:03:59.325567+00:00,2026-07-06T07:03:59.325402,2,1,163.05,0.5,162.8,100,162.6,150,,,,,,,,,,,,,,,,,163.3,100,,,,,,,,,,,,,,,,,,
2026-07-06T07:03:59.378437+00:00,2026-07-06T07:03:59.378575,2,2,162.95,0.3,162.8,100,162.6,150,,,,,,,,,,,,,,,,,163.1,150,163.3,100,,,,,,,,,,,,,,,,
2026-07-06T07:03:59.807058+00:00,2026-07-06T07:03:59.807203,2,2,162.95,0.3,162.8,50,162.6,150,,,,,,,,,,,,,,,,,163.1,150,163.3,100,,,,,,,,,,,,,,,,
2026-07-06T07:04:00.394223+00:00,2026-07-06T07:04:00.394148,2,2,162.95,0.3,162.8,50,162.6,150,,,,,,,,,,,,,,,,,163.1,107,163.3,100,,,,,,,,,,,,,,,,
2026-07-06T07:04:01.231089+00:00,2026-07-06T07:04:01.231043,1,1,162.85,0.5,162.6,150,,,,,,,,,,,,,,,,,,,163.1,107,,,,,,,,,,,,,,,,,,
2026-07-06T07:04:01.284765+00:00,2026-07-06T07:04:01.284743,2,1,162.85,0.5,162.6,150,162.4,100,,,,,,,,,,,,,,,,,163.1,107,,,,,,,,,,,,,,,,,,
2026-07-06T07:04:01.338896+00:00,2026-07-06T07:04:01.338821,2,2,162.75,0.3,162.6,150,162.4,100,,,,,,,,,,,,,,,,,162.9,100,163.1,107,,,,,,,,,,,,,,,,
2026-07-06T07:04:01.458652+00:00,2026-07-06T07:04:01.450476,2,2,162.75,0.3,162.6,104,162.4,100,,,,,,,,,,,,,,,,,162.9,100,163.1,107,,,,,,,,,,,,,,,,
2026-07-06T07:04:02.433558+00:00,2026-07-06T07:04:02.433437,1,1,162.65,0.5,162.4,100,,,,,,,,,,,,,,,,,,,162.9,100,,,,,,,,,,,,,,,,,,
2026-07-06T07:04:02.450546+00:00,2026-07-06T07:04:02.450516,1,1,162.65,0.5,162.4,100,,,,,,,,,,,,,,,,,,,162.9,51,,,,,,,,,,,,,,,,,,
2026-07-06T07:04:02.485468+00:00,2026-07-06T07:04:02.485349,2,1,162.7,0.4,162.5,150,162.4,100,,,,,,,,,,,,,,,,,162.9,51,,,,,,,,,,,,,,,,,,
2026-07-06T07:04:02.538473+00:00,2026-07-06T07:04:02.538428,2,2,162.7,0.4,162.5,150,162.4,100,,,,,,,,,,,,,,,,,162.9,51,163.0,150,,,,,,,,,,,,,,,,
2026-07-06T07:04:03.831533+00:00,2026-07-06T07:04:03.825786,2,2,162.7,0.4,162.5,150,162.4,100,,,,,,,,,,,,,,,,,162.9,40,163.0,150,,,,,,,,,,,,,,,,
2026-07-06T07:04:04.042117+00:00,2026-07-06T07:04:04.042329,2,2,162.7,0.4,162.5,100,162.4,100,,,,,,,,,,,,,,,,,162.9,40,163.0,150,,,,,,,,,,,,,,,,
2026-07-06T07:04:04.392820+00:00,2026-07-06T07:04:04.392675,2,1,162.75,0.5,162.5,100,162.4,100,,,,,,,,,,,,,,,,,163.0,150,,,,,,,,,,,,,,,,,,
2026-07-06T07:04:04.398078+00:00,2026-07-06T07:04:04.397878,1,1,162.75,0.5,162.5,100,,,,,,,,,,,,,,,,,,,163.0,150,,,,,,,,,,,,,,,,,,
2026-07-06T07:04:04.447799+00:00,2026-07-06T07:04:04.448029,2,1,162.9,0.2,162.8,100,162.5,100,,,,,,,,,,,,,,,,,163.0,150,,,,,,,,,,,,,,,,,,
2026-07-06T07:04:04.505012+00:00,2026-07-06T07:04:04.504779,2,2,162.9,0.2,162.8,100,162.5,100,,,,,,,,,,,,,,,,,163.0,150,163.3,100,,,,,,,,,,,,,,,,
2026-07-06T07:04:05.591733+00:00,2026-07-06T07:04:05.591867,1,1,163.05,0.5,162.8,100,,,,,,,,,,,,,,,,,,,163.3,100,,,,,,,,,,,,,,,,,,
2026-07-06T07:04:05.646426+00:00,2026-07-06T07:04:05.646329,2,1,163.05,0.5,162.8,100,162.4,150,,,,,,,,,,,,,,,,,163.3,100,,,,,,,,,,,,,,,,,,
2026-07-06T07:04:05.699256+00:00,2026-07-06T07:04:05.699179,2,2,162.85,0.1,162.8,100,162.4,150,,,,,,,,,,,,,,,,,162.9,150,163.3,100,,,,,,,,,,,,,,,,
2026-07-06T07:04:06.740698+00:00,2026-07-06T07:04:06.729851,2,2,162.85,0.1,162.8,100,162.4,150,,,,,,,,,,,,,,,,,162.9,138,163.3,100,,,,,,,,,,,,,,,,
2026-07-06T07:04:07.558143+00:00,2026-07-06T07:04:07.558270,1,1,162.65,0.5,162.4,150,,,,,,,,,,,,,,,,,,,162.9,138,,,,,,,,,,,,,,,,,,
2026-07-06T07:04:07.615424+00:00,2026-07-06T07:04:07.615367,1,1,162.65,0.5,162.4,150,,,,,,,,,,,,,,,,,,,162.9,38,,,,,,,,,,,,,,,,,,
2026-07-06T07:04:07.664952+00:00,2026-07-06T07:04:07.664807,1,2,162.65,0.5,162.4,150,,,,,,,,,,,,,,,,,,,162.9,38,163.4,100,,,,,,,,,,,,,,,,
2026-07-06T07:04:08.749921+00:00,2026-07-06T07:04:08.750040,0,1,,,,,,,,,,,,,,,,,,,,,,,163.4,100,,,,,,,,,,,,,,,,,,
2026-07-06T07:04:08.808062+00:00,2026-07-06T07:04:08.807906,1,1,163.1,0.6,162.8,150,,,,,,,,,,,,,,,,,,,163.4,100,,,,,,,,,,,,,,,,,,
2026-07-06T07:04:08.856120+00:00,2026-07-06T07:04:08.856255,1,2,163.05,0.5,162.8,150,,,,,,,,,,,,,,,,,,,163.3,150,163.4,100,,,,,,,,,,,,,,,,
2026-07-06T07:04:10.721213+00:00,2026-07-06T07:04:10.721169,1,1,163.05,0.5,162.8,150,,,,,,,,,,,,,,,,,,,163.3,150,,,,,,,,,,,,,,,,,,
2026-07-06T07:04:10.769170+00:00,2026-07-06T07:04:10.769040,2,1,163.05,0.5,162.8,150,162.3,100,,,,,,,,,,,,,,,,,163.3,150,,,,,,,,,,,,,,,,,,
