recv_time,book_timestamp,n_bids,n_asks,mid,spread,bid_px_0,bid_vol_0,bid_px_1,bid_vol_1,bid_px_2,bid_vol_2,bid_px_3,bid_vol_3,bid_px_4,bid_vol_4,bid_px_5,bid_vol_5,bid_px_6,bid_vol_6,bid_px_7,bid_vol_7,bid_px_8,bid_vol_8,bid_px_9,bid_vol_9,ask_px_0,ask_vol_0,ask_px_1,ask_vol_1,ask_px_2,ask_vol_2,ask_px_3,ask_vol_3,ask_px_4,ask_vol_4,ask_px_5,ask_vol_5,ask_px_6,ask_vol_6,ask_px_7,ask_vol_7,ask_px_8,ask_vol_8,ask_px_9,ask_vol_9
2026-07-05T16:00:00.979727+00:00,2026-07-05T16:00:00.979618,2,2,165.4,0.2,165.3,40,165.0,100,,,,,,,,,,,,,,,,,165.5,100,165.8,155,,,,,,,,,,,,,,,,
2026-07-05T16:00:01.069725+00:00,2026-07-05T16:00:01.057122,2,2,165.4,0.2,165.3,40,165.0,100,,,,,,,,,,,,,,,,,165.5,53,165.8,155,,,,,,,,,,,,,,,,
2026-07-05T16:00:01.418867+00:00,2026-07-05T16:00:01.418799,1,2,165.25,0.5,165.0,100,,,,,,,,,,,,,,,,,,,165.5,53,165.8,5,,,,,,,,,,,,,,,,
2026-07-05T16:00:01.473284+00:00,2026-07-05T16:00:01.473223,2,2,165.25,0.5,165.0,100,164.9,150,,,,,,,,,,,,,,,,,165.5,53,165.8,5,,,,,,,,,,,,,,,,
2026-07-05T16:00:01.490407+00:00,2026-07-05T16:00:01.490308,2,2,165.25,0.5,165.0,100,164.9,150,,,,,,,,,,,,,,,,,165.5,53,165.8,5,,,,,,,,,,,,,,,,
2026-07-05T16:00:01.524794+00:00,2026-07-05T16:00:01.524685,2,3,165.2,0.4,165.0,100,164.9,150,,,,,,,,,,,,,,,,,165.4,150,165.5,53,165.8,5,,,,,,,,,,,,,,
2026-07-05T16:00:02.101790+00:00,2026-07-05T16:00:02.101708,2,3,165.2,0.4,165.0,100,164.9,150,,,,,,,,,,,,,,,,,165.4,108,165.5,53,165.8,5,,,,,,,,,,,,,,
2026-07-05T16:00:02.162521+00:00,2026-07-05T16:00:02.162422,2,3,165.2,0.4,165.0,100,164.9,150,,,,,,,,,,,,,,,,,165.4,58,165.5,53,165.8,5,,,,,,,,,,,,,,
2026-07-05T16:00:02.228461+00:00,2026-07-05T16:00:02.228360,2,2,165.2,0.4,165.0,100,164.9,150,,,,,,,,,,,,,,,,,165.4,58,165.8,5,,,,,,,,,,,,,,,,
2026-07-05T16:00:02.233618+00:00,2026-07-05T16:00:02.233522,1,2,165.15,0.5,164.9,150,,,,,,,,,,,,,,,,,,,165.4,58,165.8,5,,,,,,,,,,,,,,,,
2026-07-05T16:00:02.296778+00:00,2026-07-05T16:00:02.296716,2,2,165.25,0.3,165.1,100,164.9,150,,,,,,,,,,,,,,,,,165.4,58,165.8,5,,,,,,,,,,,,,,,,
2026-07-05T16:00:02.335891+00:00,2026-07-05T16:00:02.335819,2,3,165.25,0.3,165.1,100,164.9,150,,,,,,,,,,,,,,,,,165.4,58,165.6,100,165.8,5,,,,,,,,,,,,,,
2026-07-05T16:00:02.502798+00:00,2026-07-05T16:00:02.502651,2,2,165.25,0.3,165.1,100,164.9,150,,,,,,,,,,,,,,,,,165.4,58,165.6,100,,,,,,,,,,,,,,,,
2026-07-05T16:00:02.507908+00:00,2026-07-05T16:00:02.507819,2,3,165.25,0.3,165.1,100,164.9,150,,,,,,,,,,,,,,,,,165.4,58,165.6,100,165.8,5,,,,,,,,,,,,,,
2026-07-05T16:00:02.581663+00:00,2026-07-05T16:00:02.581609,2,3,165.25,0.3,165.1,52,164.9,150,,,,,,,,,,,,,,,,,165.4,58,165.6,100,165.8,5,,,,,,,,,,,,,,
2026-07-05T16:00:03.266072+00:00,2026-07-05T16:00:03.265959,2,2,165.25,0.3,165.1,52,164.9,150,,,,,,,,,,,,,,,,,165.4,58,165.6,100,,,,,,,,,,,,,,,,
2026-07-05T16:00:03.715506+00:00,2026-07-05T16:00:03.715462,2,2,165.25,0.3,165.1,4,164.9,150,,,,,,,,,,,,,,,,,165.4,58,165.6,100,,,,,,,,,,,,,,,,
2026-07-05T16:00:04.355735+00:00,2026-07-05T16:00:04.355890,1,2,165.15,0.5,164.9,104,,,,,,,,,,,,,,,,,,,165.4,58,165.6,100,,,,,,,,,,,,,,,,
2026-07-05T16:00:04.578973+00:00,2026-07-05T16:00:04.578894,0,1,,,,,,,,,,,,,,,,,,,,,,,165.6,100,,,,,,,,,,,,,,,,,,
2026-07-05T16:00:04.634311+00:00,2026-07-05T16:00:04.634473,1,1,165.35,0.5,165.1,150,,,,,,,,,,,,,,,,,,,165.6,100,,,,,,,,,,,,,,,,,,
2026-07-05T16:00:04.690947+00:00,2026-07-05T16:00:04.690868,1,1,165.35,0.5,165.1,150,,,,,,,,,,,,,,,,,,,165.6,250,,,,,,,,,,,,,,,,,,
2026-07-05T16:00:04.696221+00:00,2026-07-05T16:00:04.696110,1,1,165.35,0.5,165.1,150,,,,,,,,,,,,,,,,,,,165.6,202,,,,,,,,,,,,,,,,,,
2026-07-05T16:00:05.395159+00:00,2026-07-05T16:00:05.395043,1,1,165.35,0.5,165.1,150,,,,,,,,,,,,,,,,,,,165.6,150,,,,,,,,,,,,,,,,,,
2026-07-05T16:00:05.443741+00:00,2026-07-05T16:00:05.443710,2,1,165.35,0.5,165.1,150,165.0,100,,,,,,,,,,,,,,,,,165.6,150,,,,,,,,,,,,,,,,,,
2026-07-05T16:00:05.500918+00:00,2026-07-05T16:00:05.500745,2,2,165.3,0.4,165.1,150,165.0,100,,,,,,,,,,,,,,,,,165.5,100,165.6,150,,,,,,,,,,,,,,,,
2026-07-05T16:00:06.464807+00:00,2026-07-05T16:00:06.464735,2,2,165.3,0.4,165.1,100,165.0,100,,,,,,,,,,,,,,,,,165.5,100,165.6,150,,,,,,,,,,,,,,,,
2026-07-05T16:00:06.699013+00:00,2026-07-05T16:00:06.698908,2,2,165.3,0.4,165.1,100,165.0,100,,,,,,,,,,,,,,,,,165.5,57,165.6,150,,,,,,,,,,,,,,,,
2026-07-05T16:00:07.319963+00:00,2026-07-05T16:00:07.319842,2,2,165.3,0.4,165.1,58,165.0,100,,,,,,,,,,,,,,,,,165.5,57,165.6,150,,,,,,,,,,,,,,,,
2026-07-05T16:00:07.745288+00:00,2026-07-05T16:00:07.745471,1,1,165.25,0.5,165.0,100,,,,,,,,,,,,,,,,,,,165.5,57,,,,,,,,,,,,,,,,,,
2026-07-05T16:00:07.797467+00:00,2026-07-05T16:00:07.797708,2,1,165.25,0.5,165.0,100,164.8,150,,,,,,,,,,,,,,,,,165.5,57,,,,,,,,,,,,,,,,,,
2026-07-05T16:00:07.858634+00:00,2026-07-05T16:00:07.854314,2,2,165.15,0.3,165.0,100,164.8,150,,,,,,,,,,,,,,,,,165.3,150,165.5,57,,,,,,,,,,,,,,,,
2026-07-05T16:00:08.558542+00:00,2026-07-05T16:00:08.554655,1,1,165.05,0.5,164.8,150,,,,,,,,,,,,,,,,,,,165.3,150,,,,,,,,,,,,,,,,,,
2026-07-05T16:00:08.573902+00:00,2026-07-05T16:00:08.574021,1,1,165.05,0.5,164.8,100,,,,,,,,,,,,,,,,,,,165.3,150,,,,,,,,,,,,,,,,,,
2026-07-05T16:00:08.609684+00:00,2026-07-05T16:00:08.609555,2,1,165.1,0.4,164.9,100,164.8,100,,,,,,,,,,,,,,,,,165.3,150,,,,,,,,,,,,,,,,,,
2026-07-05T16:00:08.658626+00:00,2026-07-05T16:00:08.658103,2,2,165.1,0.4,164.9,100,164.8,100,,,,,,,,,,,,,,,,,165.3,150,165.4,100,,,,,,,,,,,,,,,,
2026-07-05T16:00:10.248199+00:00,2026-07-05T16:00:10.248291,2,2,165.1,0.4,164.9,100,164.8,100,,,,,,,,,,,,,,,,,165.3,102,165.4,100,,,,,,,,,,,,,,,,
2026-07-05T16:00:10.631850+00:00,2026-07-05T16:00:10.631771,2,2,165.1,0.4,164.9,100,164.8,100,,,,,,,,,,,,,,,,,165.3,52,165.4,100,,,,,,,,,,,,,,,,
2026-07-05T16:00:10.732800+00:00,2026-07-05T16:00:10.732943,2,2,165.1,0.4,164.9,100,164.8,100,,,,,,,,,,,,,,,,,165.3,11,165.4,100,,,,,,,,,,,,,,,,
2026-07-05T16:00:10.904671+00:00,2026-07-05T16:00:10.904594,2,1,165.15,0.5,164.9,100,164.8,100,,,,,,,,,,,,,,,,,165.4,100,,,,,,,,,,,,,,,,,,
2026-07-05T16:00:10.909951+00:00,2026-07-05T16:00:10.909785,1,1,165.15,0.5,164.9,100,,,,,,,,,,,,,,,,,,,165.4,100,,,,,,,,,,,,,,,,,,
2026-07-05T16:00:10.958625+00:00,2026-07-05T16:00:10.957032,2,1,165.25,0.3,165.1,150,164.9,100,,,,,,,,,,,,,,,,,165.4,100,,,,,,,,,,,,,,,,,,
2026-07-05T16:00:11.015735+00:00,2026-07-05T16:00:11.015663,2,2,165.25,0.3,165.1,150,164.9,100,,,,,,,,,,,,,,,,,165.4,100,165.6,150,,,,,,,,,,,,,,,,
2026-07-05T16:00:11.764523+00:00,2026-07-05T16:00:11.763958,1,1,165.35,0.5,165.1,150,,,,,,,,,,,,,,,,,,,165.6,150,,,,,,,,,,,,,,,,,,
2026-07-05T16:00:11.769655+00:00,2026-07-05T16:00:11.769416,2,1,165.4,0.4,165.2,100,165.1,150,,,,,,,,,,,,,,,,,165.6,150,,,,,,,,,,,,,,,,,,
2026-07-05T16:00:11.859033+00:00,2026-07-05T16:00:11.858747,2,2,165.4,0.4,165.2,100,165.1,150,,,,,,,,,,,,,,,,,165.6,150,165.7,100,,,,,,,,,,,,,,,,
2026-07-05T16:00:12.354182+00:00,2026-07-05T16:00:12.354376,2,2,165.4,0.4,165.2,51,165.1,150,,,,,,,,,,,,,,,,,165.6,150,165.7,100,,,,,,,,,,,,,,,,
2026-07-05T16:00:12.738176+00:00,2026-07-05T16:00:12.737968,2,2,165.4,0.4,165.2,51,165.1,150,,,,,,,,,,,,,,,,,165.6,100,165.7,100,,,,,,,,,,,,,,,,
2026-07-05T16:00:13.969758+00:00,2026-07-05T16:00:13.969586,2,2,165.4,0.4,165.2,51,165.1,150,,,,,,,,,,,,,,,,,165.6,54,165.7,100,,,,,,,,,,,,,,,,
2026-07-05T16:00:14.069146+00:00,2026-07-05T16:00:14.069331,2,1,165.45,0.5,165.2,51,165.1,150,,,,,,,,,,,,,,,,,165.7,100,,,,,,,,,,,,,,,,,,
2026-07-05T16:00:14.074608+00:00,2026-07-05T16:00:14.074493,1,1,165.45,0.5,165.2,51,,,,,,,,,,,,,,,,,,,165.7,100,,,,,,,,,,,,,,,,,,
2026-07-05T16:00:14.125745+00:00,2026-07-05T16:00:14.125690,2,1,165.45,0.5,165.2,51,165.0,150,,,,,,,,,,,,,,,,,165.7,100,,,,,,,,,,,,,,,,,,
2026-07-05T16:00:14.195483+00:00,2026-07-05T16:00:14.195332,2,2,165.35,0.3,165.2,51,165.0,150,,,,,,,,,,,,,,,,,165.5,150,165.7,100,,,,,,,,,,,,,,,,
2026-07-05T16:00:14.841533+00:00,2026-07-05T16:00:14.841677,2,2,165.35,0.3,165.2,51,165.0,150,,,,,,,,,,,,,,,,,165.5,100,165.7,100,,,,,,,,,,,,,,,,
2026-07-05T16:00:14.880132+00:00,2026-07-05T16:00:14.880096,1,1,165.25,0.5,165.0,150,,,,,,,,,,,,,,,,,,,165.5,100,,,,,,,,,,,,,,,,,,
2026-07-05T16:00:14.935363+00:00,2026-07-05T16:00:14.935222,2,1,165.25,0.5,165.0,150,164.9,100,,,,,,,,,,,,,,,,,165.5,100,,,,,,,,,,,,,,,,,,
2026-07-05T16:00:14.989824+00:00,2026-07-05T16:00:14.989669,2,2,165.2,0.4,165.0,150,164.9,100,,,,,,,,,,,,,,,,,165.4,100,165.5,100,,,,,,,,,,,,,,,,
2026-07-05T16:00:16.952715+00:00,2026-07-05T16:00:16.952624,2,2,165.2,0.4,165.0,150,164.9,100,,,,,,,,,,,,,,,,,165.4,50,165.5,100,,,,,,,,,,,,,,,,
2026-07-05T16:00:17.246174+00:00,2026-07-05T16:00:17.246058,1,1,165.15,0.5,164.9,100,,,,,,,,,,,,,,,,,,,165.4,50,,,,,,,,,,,,,,,,,,
2026-07-05T16:00:17.301947+00:00,2026-07-05T16:00:17.302096,2,0,,,165.5,100,164.9,100,,,,,,,,,,,,,,,,,,,,,,,,,,,,,,,,,,,,
2026-07-05T16:00:17.369488+00:00,2026-07-05T16:00:17.363017,2,1,165.75,0.5,165.5,77,164.9,100,,,,,,,,,,,,,,,,,166.0,150,,,,,,,,,,,,,,,,,,
2026-07-05T16:00:17.658562+00:00,2026-07-05T16:00:17.656393,2,1,165.75,0.5,165.5,32,164.9,100,,,,,,,,,,,,,,,,,166.0,150,,,,,,,,,,,,,,,,,,
2026-07-05T16:00:18.043628+00:00,2026-07-05T16:00:18.043571,1,1,165.75,0.5,165.5,32,,,,,,,,,,,,,,,,,,,166.0,150,,,,,,,,,,,,,,,,,,
2026-07-05T16:00:18.097931+00:00,2026-07-05T16:00:18.097768,2,1,165.75,0.5,165.5,32,165.3,100,,,,,,,,,,,,,,,,,166.0,150,,,,,,,,,,,,,,,,,,
2026-07-05T16:00:18.149669+00:00,2026-07-05T16:00:18.149530,2,2,165.65,0.3,165.5,32,165.3,100,,,,,,,,,,,,,,,,,165.8,100,166.0,150,,,,,,,,,,,,,,,,
2026-07-05T16:00:19.058579+00:00,2026-07-05T16:00:19.058016,2,2,165.65,0.3,165.5,32,165.3,100,,,,,,,,,,,,,,,,,165.8,50,166.0,150,,,,,,,,,,,,,,,,
2026-07-05T16:00:20.413559+00:00,2026-07-05T16:00:20.413449,1,1,165.55,0.5,165.3,100,,,,,,,,,,,,,,,,,,,165.8,50,,,,,,,,,,,,,,,,,,
2026-07-05T16:00:20.467907+00:00,2026-07-05T16:00:20.467779,2,1,165.55,0.5,165.3,100,165.1,150,,,,,,,,,,,,,,,,,165.8,50,,,,,,,,,,,,,,,,,,
2026-07-05T16:00:20.520769+00:00,2026-07-05T16:00:20.520675,2,2,165.45,0.3,165.3,100,165.1,150,,,,,,,,,,,,,,,,,165.6,150,165.8,50,,,,,,,,,,,,,,,,
2026-07-05T16:00:21.170458+00:00,2026-07-05T16:00:21.170357,2,2,165.45,0.3,165.3,100,165.1,150,,,,,,,,,,,,,,,,,165.6,100,165.8,50,,,,,,,,,,,,,,,,
2026-07-05T16:00:21.222875+00:00,2026-07-05T16:00:21.222728,1,1,165.35,0.5,165.1,150,,,,,,,,,,,,,,,,,,,165.6,100,,,,,,,,,,,,,,,,,,
2026-07-05T16:00:21.280157+00:00,2026-07-05T16:00:21.280089,2,1,165.45,0.3,165.3,100,165.1,150,,,,,,,,,,,,,,,,,165.6,100,,,,,,,,,,,,,,,,,,
2026-07-05T16:00:21.334212+00:00,2026-07-05T16:00:21.334157,2,2,165.45,0.3,165.3,100,165.1,150,,,,,,,,,,,,,,,,,165.6,100,165.8,100,,,,,,,,,,,,,,,,
2026-07-05T16:00:22.327371+00:00,2026-07-05T16:00:22.327238,2,2,165.45,0.3,165.3,53,165.1,150,,,,,,,,,,,,,,,,,165.6,100,165.8,100,,,,,,,,,,,,,,,,
2026-07-05T16:00:23.282528+00:00,2026-07-05T16:00:23.282452,2,2,165.45,0.3,165.3,53,165.1,150,,,,,,,,,,,,,,,,,165.6,50,165.8,100,,,,,,,,,,,,,,,,
2026-07-05T16:00:23.574995+00:00,2026-07-05T16:00:23.574925,1,1,165.55,0.5,165.3,53,,,,,,,,,,,,,,,,,,,165.8,100,,,,,,,,,,,,,,,,,,
2026-07-05T16:00:23.629609+00:00,2026-07-05T16:00:23.629575,2,1,165.7,0.2,165.6,150,165.3,53,,,,,,,,,,,,,,,,,165.8,100,,,,,,,,,,,,,,,,,,
2026-07-05T16:00:23.682131+00:00,2026-07-05T16:00:23.682057,2,2,165.7,0.2,165.6,150,165.3,53,,,,,,,,,,,,,,,,,165.8,100,166.1,150,,,,,,,,,,,,,,,,
2026-07-05T16:00:24.387088+00:00,2026-07-05T16:00:24.386987,2,1,165.85,0.5,165.6,150,165.3,53,,,,,,,,,,,,,,,,,166.1,150,,,,,,,,,,,,,,,,,,
2026-07-05T16:00:24.392365+00:00,2026-07-05T16:00:24.392199,1,1,165.85,0.5,165.6,150,,,,,,,,,,,,,,,,,,,166.1,150,,,,,,,,,,,,,,,,,,
2026-07-05T16:00:24.464097+00:00,2026-07-05T16:00:24.463916,2,1,165.85,0.5,165.6,150,165.3,100,,,,,,,,,,,,,,,,,166.1,150,,,,,,,,,,,,,,,,,,
2026-07-05T16:00:24.507508+00:00,2026-07-05T16:00:24.507355,2,2,165.7,0.2,165.6,150,165.3,100,,,,,,,,,,,,,,,,,165.8,100,166.1,150,,,,,,,,,,,,,,,,
2026-07-05T16:00:26.735423+00:00,2026-07-05T16:00:26.735568,1,1,165.55,0.5,165.3,100,,,,,,,,,,,,,,,,,,,165.8,100,,,,,,,,,,,,,,,,,,
2026-07-05T16:00:26.790843+00:00,2026-07-05T16:00:26.790682,2,1,165.75,0.1,165.7,150,165.3,100,,,,,,,,,,,,,,,,,165.8,100,,,,,,,,,,,,,,,,,,
2026-07-05T16:00:26.843477+00:00,2026-07-05T16:00:26.843331,2,2,165.75,0.1,165.7,150,165.3,100,,,,,,,,,,,,,,,,,165.8,100,166.2,150,,,,,,,,,,,,,,,,
2026-07-05T16:00:26.917642+00:00,2026-07-05T16:00:26.910931,2,2,165.75,0.1,165.7,147,165.3,100,,,,,,,,,,,,,,,,,165.8,100,166.2,150,,,,,,,,,,,,,,,,
2026-07-05T16:00:27.463985+00:00,2026-07-05T16:00:27.463861,2,2,165.75,0.1,165.7,98,165.3,100,,,,,,,,,,,,,,,,,165.8,100,166.2,150,,,,,,,,,,,,,,,,
2026-07-05T16:00:27.491541+00:00,2026-07-05T16:00:27.491397,2,2,165.75,0.1,165.7,98,165.3,100,,,,,,,,,,,,,,,,,165.8,50,166.2,150,,,,,,,,,,,,,,,,
2026-07-05T16:00:27.558643+00:00,2026-07-05T16:00:27.557791,1,1,165.95,0.5,165.7,98,,,,,,,,,,,,,,,,,,,166.2,150,,,,,,,,,,,,,,,,,,
2026-07-05T16:00:27.617812+00:00,2026-07-05T16:00:27.617681,2,1,165.95,0.5,165.7,98,165.3,100,,,,,,,,,,,,,,,,,166.2,150,,,,,,,,,,,,,,,,,,
2026-07-05T16:00:27.669054+00:00,2026-07-05T16:00:27.668920,2,2,165.75,0.1,165.7,98,165.3,100,,,,,,,,,,,,,,,,,165.8,100,166.2,150,,,,,,,,,,,,,,,,
2026-07-05T16:00:29.345505+00:00,2026-07-05T16:00:29.345398,2,2,165.75,0.1,165.7,98,165.3,100,,,,,,,,,,,,,,,,,165.8,59,166.2,150,,,,,,,,,,,,,,,,
2026-07-05T16:00:29.898884+00:00,2026-07-05T16:00:29.898847,1,1,165.55,0.5,165.3,100,,,,,,,,,,,,,,,,,,,165.8,59,,,,,,,,,,,,,,,,,,
2026-07-05T16:00:29.949252+00:00,2026-07-05T16:00:29.949368,1,1,165.55,0.5,165.3,250,,,,,,,,,,,,,,,,,,,165.8,59,,,,,,,,,,,,,,,,,,
2026-07-05T16:00:30.007708+00:00,2026-07-05T16:00:30.007581,1,1,165.55,0.5,165.3,250,,,,,,,,,,,,,,,,,,,165.8,209,,,,,,,,,,,,,,,,,,
2026-07-05T16:00:30.725013+00:00,2026-07-05T16:00:30.724897,1,1,165.55,0.5,165.3,150,,,,,,,,,,,,,,,,,,,165.8,150,,,,,,,,,,,,,,,,,,
2026-07-05T16:00:30.730150+00:00,2026-07-05T16:00:30.730115,1,1,165.55,0.5,165.3,150,,,,,,,,,,,,,,,,,,,165.8,101,,,,,,,,,,,,,,,,,,
2026-07-05T16:00:30.781125+00:00,2026-07-05T16:00:30.781077,2,1,165.6,0.4,165.4,100,165.3,150,,,,,,,,,,,,,,,,,165.8,101,,,,,,,,,,,,,,,,,,
2026-07-05T16:00:30.833517+00:00,2026-07-05T16:00:30.833365,2,2,165.6,0.4,165.4,100,165.3,150,,,,,,,,,,,,,,,,,165.8,101,165.9,100,,,,,,,,,,,,,,,,
2026-07-05T16:00:33.058603+00:00,2026-07-05T16:00:33.057756,1,1,165.65,0.5,165.4,100,,,,,,,,,,,,,,,,,,,165.9,100,,,,,,,,,,,,,,,,,,
2026-07-05T16:00:33.116994+00:00,2026-07-05T16:00:33.116832,2,1,165.7,0.4,165.5,150,165.4,100,,,,,,,,,,,,,,,,,165.9,100,,,,,,,,,,,,,,,,,,
2026-07-05T16:00:33.172749+00:00,2026-07-05T16:00:33.172626,2,2,165.7,0.4,165.5,150,165.4,100,,,,,,,,,,,,,,,,,165.9,100,166.0,150,,,,,,,,,,,,,,,,
2026-07-05T16:00:33.858608+00:00,2026-07-05T16:00:33.852828,2,2,165.7,0.4,165.5,100,165.4,100,,,,,,,,,,,,,,,,,165.9,100,166.0,150,,,,,,,,,,,,,,,,
2026-07-05T16:00:33.888835+00:00,2026-07-05T16:00:33.888735,1,1,165.75,0.5,165.5,100,,,,,,,,,,,,,,,,,,,166.0,150,,,,,,,,,,,,,,,,,,
2026-07-05T16:00:33.958614+00:00,2026-07-05T16:00:33.956744,2,1,165.75,0.5,165.5,100,165.4,100,,,,,,,,,,,,,,,,,166.0,150,,,,,,,,,,,,,,,,,,
2026-07-05T16:00:34.019610+00:00,2026-07-05T16:00:34.019497,2,2,165.7,0.4,165.5,100,165.4,100,,,,,,,,,,,,,,,,,165.9,100,166.0,150,,,,,,,,,,,,,,,,
2026-07-05T16:00:34.445046+00:00,2026-07-05T16:00:34.444918,2,2,165.7,0.4,165.5,60,165.4,100,,,,,,,,,,,,,,,,,165.9,100,166.0,150,,,,,,,,,,,,,,,,
2026-07-05T16:00:35.913618+00:00,2026-07-05T16:00:35.913491,2,2,165.7,0.4,165.5,60,165.4,100,,,,,,,,,,,,,,,,,165.9,50,166.0,150,,,,,,,,,,,,,,,,
2026-07-05T16:00:36.226837+00:00,2026-07-05T16:00:36.226676,1,1,165.65,0.5,165.4,100,,,,,,,,,,,,,,,,,,,165.9,50,,,,,,,,,,,,,,,,,,
2026-07-05T16:00:36.280471+00:00,2026-07-05T16:00:36.280375,2,1,165.65,0.5,165.4,100,165.1,150,,,,,,,,,,,,,,,,,165.9,50,,,,,,,,,,,,,,,,,,
2026-07-05T16:00:36.333171+00:00,2026-07-05T16:00:36.333004,2,2,165.5,0.2,165.4,100,165.1,150,,,,,,,,,,,,,,,,,165.6,150,165.9,50,,,,,,,,,,,,,,,,
2026-07-05T16:00:36.857047+00:00,2026-07-05T16:00:36.857228,2,2,165.5,0.2,165.4,54,165.1,150,,,,,,,,,,,,,,,,,165.6,150,165.9,50,,,,,,,,,,,,,,,,
2026-07-05T16:00:37.073633+00:00,2026-07-05T16:00:37.073582,1,1,165.35,0.5,165.1,150,,,,,,,,,,,,,,,,,,,165.6,150,,,,,,,,,,,,,,,,,,
2026-07-05T16:00:37.127004+00:00,2026-07-05T16:00:37.126935,2,1,165.5,0.2,165.4,100,165.1,150,,,,,,,,,,,,,,,,,165.6,150,,,,,,,,,,,,,,,,,,
2026-07-05T16:00:37.177030+00:00,2026-07-05T16:00:37.176973,2,2,165.5,0.2,165.4,100,165.1,150,,,,,,,,,,,,,,,,,165.6,150,165.9,100,,,,,,,,,,,,,,,,
2026-07-05T16:00:38.068974+00:00,2026-07-05T16:00:38.068903,2,2,165.5,0.2,165.4,50,165.1,150,,,,,,,,,,,,,,,,,165.6,150,165.9,100,,,,,,,,,,,,,,,,
2026-07-05T16:00:39.396441+00:00,2026-07-05T16:00:39.396326,2,1,165.65,0.5,165.4,50,165.1,150,,,,,,,,,,,,,,,,,165.9,100,,,,,,,,,,,,,,,,,,
2026-07-05T16:00:39.401573+00:00,2026-07-05T16:00:39.401500,1,1,165.65,0.5,165.4,50,,,,,,,,,,,,,,,,,,,165.9,100,,,,,,,,,,,,,,,,,,
2026-07-05T16:00:39.450910+00:00,2026-07-05T16:00:39.450876,2,1,165.65,0.5,165.4,50,165.1,150,,,,,,,,,,,,,,,,,165.9,100,,,,,,,,,,,,,,,,,,
2026-07-05T16:00:39.509051+00:00,2026-07-05T16:00:39.508960,2,2,165.5,0.2,165.4,50,165.1,150,,,,,,,,,,,,,,,,,165.6,150,165.9,100,,,,,,,,,,,,,,,,
2026-07-05T16:00:40.128098+00:00,2026-07-05T16:00:40.128067,2,2,165.5,0.2,165.4,50,165.1,150,,,,,,,,,,,,,,,,,165.6,100,165.9,100,,,,,,,,,,,,,,,,
2026-07-05T16:00:40.233129+00:00,2026-07-05T16:00:40.233029,1,1,165.35,0.5,165.1,150,,,,,,,,,,,,,,,,,,,165.6,100,,,,,,,,,,,,,,,,,,
2026-07-05T16:00:40.287984+00:00,2026-07-05T16:00:40.287905,2,1,165.45,0.3,165.3,100,165.1,150,,,,,,,,,,,,,,,,,165.6,100,,,,,,,,,,,,,,,,,,
2026-07-05T16:00:40.341289+00:00,2026-07-05T16:00:40.341214,2,2,165.45,0.3,165.3,100,165.1,150,,,,,,,,,,,,,,,,,165.6,100,165.8,100,,,,,,,,,,,,,,,,
2026-07-05T16:00:41.921475+00:00,2026-07-05T16:00:41.921612,2,2,165.45,0.3,165.3,100,165.1,150,,,,,,,,,,,,,,,,,165.6,60,165.8,100,,,,,,,,,,,,,,,,
2026-07-05T16:00:42.232487+00:00,2026-07-05T16:00:42.232438,2,2,165.45,0.3,165.3,100,165.1,150,,,,,,,,,,,,,,,,,165.6,10,165.8,100,,,,,,,,,,,,,,,,
2026-07-05T16:00:42.567966+00:00,2026-07-05T16:00:42.556253,1,1,165.55,0.5,165.3,100,,,,,,,,,,,,,,,,,,,165.8,100,,,,,,,,,,,,,,,,,,
2026-07-05T16:00:42.616483+00:00,2026-07-05T16:00:42.616415,2,1,165.7,0.2,165.6,150,165.3,100,,,,,,,,,,,,,,,,,165.8,100,,,,,,,,,,,,,,,,,,
2026-07-05T16:00:42.668790+00:00,2026-07-05T16:00:42.668870,2,2,165.7,0.2,165.6,150,165.3,100,,,,,,,,,,,,,,,,,165.8,100,166.1,150,,,,,,,,,,,,,,,,
2026-07-05T16:00:43.396020+00:00,2026-07-05T16:00:43.395967,1,1,165.85,0.5,165.6,150,,,,,,,,,,,,,,,,,,,166.1,150,,,,,,,,,,,,,,,,,,
2026-07-05T16:00:43.458660+00:00,2026-07-05T16:00:43.448545,2,1,165.85,0.5,165.6,150,165.0,100,,,,,,,,,,,,,,,,,166.1,150,,,,,,,,,,,,,,,,,,
2026-07-05T16:00:43.504035+00:00,2026-07-05T16:00:43.503988,2,1,165.85,0.5,165.6,50,165.0,100,,,,,,,,,,,,,,,,,166.1,150,,,,,,,,,,,,,,,,,,
2026-07-05T16:00:44.341412+00:00,2026-07-05T16:00:44.341537,2,1,165.85,0.5,165.6,50,165.0,100,,,,,,,,,,,,,,,,,166.1,100,,,,,,,,,,,,,,,,,,
2026-07-05T16:00:44.479227+00:00,2026-07-05T16:00:44.473458,2,1,165.85,0.5,165.6,47,165.0,100,,,,,,,,,,,,,,,,,166.1,100,,,,,,,,,,,,,,,,,,
2026-07-05T16:00:44.505310+00:00,2026-07-05T16:00:44.505246,2,1,165.85,0.5,165.6,2,165.0,100,,,,,,,,,,,,,,,,,166.1,100,,,,,,,,,,,,,,,,,,
2026-07-05T16:00:45.723384+00:00,2026-07-05T16:00:45.723296,1,0,,,165.0,100,,,,,,,,,,,,,,,,,,,,,,,,,,,,,,,,,,,,,,
2026-07-05T16:00:45.780126+00:00,2026-07-05T16:00:45.780016,2,0,,,165.1,150,165.0,100,,,,,,,,,,,,,,,,,,,,,,,,,,,,,,,,,,,,
2026-07-05T16:00:45.833978+00:00,2026-07-05T16:00:45.833866,2,1,165.35,0.5,165.1,150,165.0,100,,,,,,,,,,,,,,,,,165.6,150,,,,,,,,,,,,,,,,,,
2026-07-05T16:00:46.449074+00:00,2026-07-05T16:00:46.448981,2,1,165.35,0.5,165.1,150,165.0,100,,,,,,,,,,,,,,,,,165.6,100,,,,,,,,,,,,,,,,,,
2026-07-05T16:00:46.558553+00:00,2026-07-05T16:00:46.554964,1,1,165.35,0.5,165.1,150,,,,,,,,,,,,,,,,,,,165.6,100,,,,,,,,,,,,,,,,,,
2026-07-05T16:00:46.591823+00:00,2026-07-05T16:00:46.585966,1,1,165.35,0.5,165.1,150,,,,,,,,,,,,,,,,,,,165.6,97,,,,,,,,,,,,,,,,,,
2026-07-05T16:00:46.612656+00:00,2026-07-05T16:00:46.612566,2,1,165.5,0.2,165.4,100,165.1,150,,,,,,,,,,,,,,,,,165.6,97,,,,,,,,,,,,,,,,,,
2026-07-05T16:00:46.679240+00:00,2026-07-05T16:00:46.679140,2,2,165.5,0.2,165.4,100,165.1,150,,,,,,,,,,,,,,,,,165.6,97,165.9,100,,,,,,,,,,,,,,,,
2026-07-05T16:00:48.558594+00:00,2026-07-05T16:00:48.557045,2,2,165.5,0.2,165.4,100,165.1,150,,,,,,,,,,,,,,,,,165.6,47,165.9,100,,,,,,,,,,,,,,,,
2026-07-05T16:00:48.888226+00:00,2026-07-05T16:00:48.888174,1,1,165.65,0.5,165.4,100,,,,,,,,,,,,,,,,,,,165.9,100,,,,,,,,,,,,,,,,,,
2026-07-05T16:00:48.942670+00:00,2026-07-05T16:00:48.942490,2,1,165.7,0.4,165.5,150,165.4,100,,,,,,,,,,,,,,,,,165.9,100,,,,,,,,,,,,,,,,,,
2026-07-05T16:00:48.996620+00:00,2026-07-05T16:00:48.996710,2,2,165.7,0.4,165.5,150,165.4,100,,,,,,,,,,,,,,,,,165.9,100,166.0,150,,,,,,,,,,,,,,,,
2026-07-05T16:00:49.237056+00:00,2026-07-05T16:00:49.236944,2,2,165.7,0.4,165.5,150,165.4,100,,,,,,,,,,,,,,,,,165.9,51,166.0,150,,,,,,,,,,,,,,,,
2026-07-05T16:00:49.737415+00:00,2026-07-05T16:00:49.737349,1,1,165.75,0.5,165.5,150,,,,,,,,,,,,,,,,,,,166.0,150,,,,,,,,,,,,,,,,,,
2026-07-05T16:00:49.794665+00:00,2026-07-05T16:00:49.794574,1,1,165.75,0.5,165.5,250,,,,,,,,,,,,,,,,,,,166.0,150,,,,,,,,,,,,,,,,,,
2026-07-05T16:00:49.849001+00:00,2026-07-05T16:00:49.848926,1,1,165.75,0.5,165.5,250,,,,,,,,,,,,,,,,,,,166.0,250,,,,,,,,,,,,,,,,,,
2026-07-05T16:00:50.298777+00:00,2026-07-05T16:00:50.298981,1,1,165.75,0.5,165.5,201,,,,,,,,,,,,,,,,,,,166.0,250,,,,,,,,,,,,,,,,,,
2026-07-05T16:00:50.717183+00:00,2026-07-05T16:00:50.717050,1,1,165.75,0.5,165.5,151,,,,,,,,,,,,,,,,,,,166.0,250,,,,,,,,,,,,,,,,,,
2026-07-05T16:00:50.948564+00:00,2026-07-05T16:00:50.948484,1,1,165.75,0.5,165.5,151,,,,,,,,,,,,,,,,,,,166.0,204,,,,,,,,,,,,,,,,,,
2026-07-05T16:00:52.050404+00:00,2026-07-05T16:00:52.050301,1,1,165.75,0.5,165.5,100,,,,,,,,,,,,,,,,,,,166.0,100,,,,,,,,,,,,,,,,,,
2026-07-05T16:00:52.103476+00:00,2026-07-05T16:00:52.103298,2,1,165.75,0.5,165.5,100,165.4,150,,,,,,,,,,,,,,,,,166.0,100,,,,,,,,,,,,,,,,,,
2026-07-05T16:00:52.156317+00:00,2026-07-05T16:00:52.156267,2,2,165.7,0.4,165.5,100,165.4,150,,,,,,,,,,,,,,,,,165.9,150,166.0,100,,,,,,,,,,,,,,,,
2026-07-05T16:00:52.823992+00:00,2026-07-05T16:00:52.823939,2,2,165.7,0.4,165.5,50,165.4,150,,,,,,,,,,,,,,,,,165.9,150,166.0,100,,,,,,,,,,,,,,,,
2026-07-05T16:00:52.903770+00:00,2026-07-05T16:00:52.903701,1,1,165.65,0.5,165.4,150,,,,,,,,,,,,,,,,,,,165.9,150,,,,,,,,,,,,,,,,,,
2026-07-05T16:00:52.958611+00:00,2026-07-05T16:00:52.958448,2,1,165.65,0.5,165.4,150,165.3,100,,,,,,,,,,,,,,,,,165.9,150,,,,,,,,,,,,,,,,,,
2026-07-05T16:00:53.010706+00:00,2026-07-05T16:00:53.010606,2,2,165.6,0.4,165.4,150,165.3,100,,,,,,,,,,,,,,,,,165.8,100,165.9,150,,,,,,,,,,,,,,,,
2026-07-05T16:00:54.853725+00:00,2026-07-05T16:00:54.853861,2,2,165.6,0.4,165.4,101,165.3,100,,,,,,,,,,,,,,,,,165.8,100,165.9,150,,,,,,,,,,,,,,,,
2026-07-05T16:00:54.880844+00:00,2026-07-05T16:00:54.880728,2,2,165.6,0.4,165.4,101,165.3,100,,,,,,,,,,,,,,,,,165.8,50,165.9,150,,,,,,,,,,,,,,,,
2026-07-05T16:00:55.218687+00:00,2026-07-05T16:00:55.218811,2,1,165.6,0.4,165.4,101,165.3,100,,,,,,,,,,,,,,,,,165.8,50,,,,,,,,,,,,,,,,,,
2026-07-05T16:00:55.223907+00:00,2026-07-05T16:00:55.223988,1,1,165.55,0.5,165.3,100,,,,,,,,,,,,,,,,,,,165.8,50,,,,,,,,,,,,,,,,,,
2026-07-05T16:00:55.275979+00:00,2026-07-05T16:00:55.275918,2,1,165.55,0.5,165.3,100,165.1,150,,,,,,,,,,,,,,,,,165.8,50,,,,,,,,,,,,,,,,,,
2026-07-05T16:00:55.331367+00:00,2026-07-05T16:00:55.331260,2,2,165.45,0.3,165.3,100,165.1,150,,,,,,,,,,,,,,,,,165.6,150,165.8,50,,,,,,,,,,,,,,,,
2026-07-05T16:00:56.064744+00:00,2026-07-05T16:00:56.064702,1,1,165.35,0.5,165.1,150,,,,,,,,,,,,,,,,,,,165.6,150,,,,,,,,,,,,,,,,,,
2026-07-05T16:00:56.121757+00:00,2026-07-05T16:00:56.121609,2,1,165.55,0.1,165.5,100,165.1,150,,,,,,,,,,,,,,,,,165.6,150,,,,,,,,,,,,,,,,,,
2026-07-05T16:00:56.173866+00:00,2026-07-05T16:00:56.173767,2,2,165.55,0.1,165.5,100,165.1,150,,,,,,,,,,,,,,,,,165.6,150,166.0,100,,,,,,,,,,,,,,,,
2026-07-05T16:00:58.384174+00:00,2026-07-05T16:00:58.384058,2,1,165.75,0.5,165.5,100,165.1,150,,,,,,,,,,,,,,,,,166.0,100,,,,,,,,,,,,,,,,,,
2026-07-05T16:00:58.389382+00:00,2026-07-05T16:00:58.389248,1,1,165.75,0.5,165.5,100,,,,,,,,,,,,,,,,,,,166.0,100,,,,,,,,,,,,,,,,,,
2026-07-05T16:00:58.440563+00:00,2026-07-05T16:00:58.440409,2,1,165.75,0.5,165.5,100,165.0,150,,,,,,,,,,,,,,,,,166.0,100,,,,,,,,,,,,,,,,,,
2026-07-05T16:00:58.499833+00:00,2026-07-05T16:00:58.499709,1,2,165.25,0.5,165.0,150,,,,,,,,,,,,,,,,,,,165.5,50,166.0,100,,,,,,,,,,,,,,,,
2026-07-05T16:00:59.087776+00:00,2026-07-05T16:00:59.087674,1,1,165.5,1.0,165.0,150,,,,,,,,,,,,,,,,,,,166.0,100,,,,,,,,,,,,,,,,,,
2026-07-05T16:00:59.228323+00:00,2026-07-05T16:00:59.228229,1,0,,,165.0,150,,,,,,,,,,,,,,,,,,,,,,,,,,,,,,,,,,,,,,
2026-07-05T16:00:59.281283+00:00,2026-07-05T16:00:59.281372,2,0,,,165.1,100,165.0,150,,,,,,,,,,,,,,,,,,,,,,,,,,,,,,,,,,,,
2026-07-05T16:00:59.335098+00:00,2026-07-05T16:00:59.335013,2,1,165.35,0.5,165.1,100,165.0,150,,,,,,,,,,,,,,,,,165.6,100,,,,,,,,,,,,,,,,,,
2026-07-05T16:01:01.208462+00:00,2026-07-05T16:01:01.208369,2,1,165.35,0.5,165.1,100,165.0,150,,,,,,,,,,,,,,,,,165.6,50,,,,,,,,,,,,,,,,,,
2026-07-05T16:01:01.554178+00:00,2026-07-05T16:01:01.554300,1,1,165.35,0.5,165.1,100,,,,,,,,,,,,,,,,,,,165.6,50,,,,,,,,,,,,,,,,,,
2026-07-05T16:01:01.608819+00:00,2026-07-05T16:01:01.608699,2,1,165.55,0.1,165.5,150,165.1,100,,,,,,,,,,,,,,,,,165.6,50,,,,,,,,,,,,,,,,,,
2026-07-05T16:01:01.658646+00:00,2026-07-05T16:01:01.656735,2,2,165.55,0.1,165.5,150,165.1,100,,,,,,,,,,,,,,,,,165.6,50,166.0,150,,,,,,,,,,,,,,,,
2026-07-05T16:01:02.381546+00:00,2026-07-05T16:01:02.381779,2,2,165.55,0.1,165.5,105,165.1,100,,,,,,,,,,,,,,,,,165.6,50,166.0,150,,,,,,,,,,,,,,,,
2026-07-05T16:01:02.418714+00:00,2026-07-05T16:01:02.418651,2,1,165.75,0.5,165.5,105,165.1,100,,,,,,,,,,,,,,,,,166.0,150,,,,,,,,,,,,,,,,,,
2026-07-05T16:01:02.423736+00:00,2026-07-05T16:01:02.423838,1,1,165.75,0.5,165.5,105,,,,,,,,,,,,,,,,,,,166.0,150,,,,,,,,,,,,,,,,,,
2026-07-05T16:01:02.479476+00:00,2026-07-05T16:01:02.479385,2,1,165.75,0.5,165.5,105,165.2,100,,,,,,,,,,,,,,,,,166.0,150,,,,,,,,,,,,,,,,,,
2026-07-05T16:01:02.532505+00:00,2026-07-05T16:01:02.532375,2,2,165.6,0.2,165.5,105,165.2,100,,,,,,,,,,,,,,,,,165.7,100,166.0,150,,,,,,,,,,,,,,,,
2026-07-05T16:01:02.668297+00:00,2026-07-05T16:01:02.662541,2,2,165.6,0.2,165.5,102,165.2,100,,,,,,,,,,,,,,,,,165.7,100,166.0,150,,,,,,,,,,,,,,,,
2026-07-05T16:01:02.850036+00:00,2026-07-05T16:01:02.849948,2,2,165.6,0.2,165.5,77,165.2,100,,,,,,,,,,,,,,,,,165.7,100,166.0,150,,,,,,,,,,,,,,,,
2026-07-05T16:01:04.715928+00:00,2026-07-05T16:01:04.715810,1,1,165.45,0.5,165.2,100,,,,,,,,,,,,,,,,,,,165.7,100,,,,,,,,,,,,,,,,,,
2026-07-05T16:01:04.772202+00:00,2026-07-05T16:01:04.772113,1,1,165.45,0.5,165.2,250,,,,,,,,,,,,,,,,,,,165.7,100,,,,,,,,,,,,,,,,,,
2026-07-05T16:01:04.848049+00:00,2026-07-05T16:01:04.848215,1,1,165.45,0.5,165.2,250,,,,,,,,,,,,,,,,,,,165.7,250,,,,,,,,,,,,,,,,,,
2026-07-05T16:01:05.475430+00:00,2026-07-05T16:01:05.475311,1,1,165.45,0.5,165.2,200,,,,,,,,,,,,,,,,,,,165.7,250,,,,,,,,,,,,,,,,,,
2026-07-05T16:01:05.587663+00:00,2026-07-05T16:01:05.587514,1,1,165.45,0.5,165.2,150,,,,,,,,,,,,,,,,,,,165.7,150,,,,,,,,,,,,,,,,,,
2026-07-05T16:01:05.642116+00:00,2026-07-05T16:01:05.642301,2,1,165.45,0.5,165.2,150,165.0,100,,,,,,,,,,,,,,,,,165.7,150,,,,,,,,,,,,,,,,,,
2026-07-05T16:01:05.695600+00:00,2026-07-05T16:01:05.695713,2,2,165.35,0.3,165.2,150,165.0,100,,,,,,,,,,,,,,,,,165.5,100,165.7,150,,,,,,,,,,,,,,,,
2026-07-05T16:01:06.013703+00:00,2026-07-05T16:01:06.013554,2,2,165.35,0.3,165.2,150,165.0,100,,,,,,,,,,,,,,,,,165.5,56,165.7,150,,,,,,,,,,,,,,,,
2026-07-05T16:01:07.445510+00:00,2026-07-05T16:01:07.445652,2,2,165.35,0.3,165.2,150,165.0,100,,,,,,,,,,,,,,,,,165.5,10,165.7,150,,,,,,,,,,,,,,,,
2026-07-05T16:01:07.534991+00:00,2026-07-05T16:01:07.534878,2,1,165.45,0.5,165.2,150,165.0,100,,,,,,,,,,,,,,,,,165.7,110,,,,,,,,,,,,,,,,,,
2026-07-05T16:01:07.906030+00:00,2026-07-05T16:01:07.906156,1,0,,,165.0,100,,,,,,,,,,,,,,,,,,,,,,,,,,,,,,,,,,,,,,
2026-07-05T16:01:07.959711+00:00,2026-07-05T16:01:07.959619,2,0,,,165.3,150,165.0,100,,,,,,,,,,,,,,,,,,,,,,,,,,,,,,,,,,,,
2026-07-05T16:01:08.012790+00:00,2026-07-05T16:01:08.012731,2,1,165.55,0.5,165.3,150,165.0,100,,,,,,,,,,,,,,,,,165.8,150,,,,,,,,,,,,,,,,,,
2026-07-05T16:01:08.750223+00:00,2026-07-05T16:01:08.750115,1,1,165.55,0.5,165.3,150,,,,,,,,,,,,,,,,,,,165.8,150,,,,,,,,,,,,,,,,,,
2026-07-05T16:01:08.798963+00:00,2026-07-05T16:01:08.798920,2,1,165.6,0.4,165.4,100,165.3,150,,,,,,,,,,,,,,,,,165.8,150,,,,,,,,,,,,,,,,,,
2026-07-05T16:01:08.858617+00:00,2026-07-05T16:01:08.851081,2,2,165.6,0.4,165.4,100,165.3,150,,,,,,,,,,,,,,,,,165.8,150,165.9,100,,,,,,,,,,,,,,,,
2026-07-05T16:01:09.657586+00:00,2026-07-05T16:01:09.657861,2,2,165.6,0.4,165.4,100,165.3,150,,,,,,,,,,,,,,,,,165.8,100,165.9,100,,,,,,,,,,,,,,,,
2026-07-05T16:01:11.067436+00:00,2026-07-05T16:01:11.067315,1,1,165.65,0.5,165.4,100,,,,,,,,,,,,,,,,,,,165.9,100,,,,,,,,,,,,,,,,,,
2026-07-05T16:01:11.118745+00:00,2026-07-05T16:01:11.118626,1,1,165.65,0.5,165.4,250,,,,,,,,,,,,,,,,,,,165.9,100,,,,,,,,,,,,,,,,,,
2026-07-05T16:01:11.174234+00:00,2026-07-05T16:01:11.174118,1,1,165.65,0.5,165.4,250,,,,,,,,,,,,,,,,,,,165.9,250,,,,,,,,,,,,,,,,,,
2026-07-05T16:01:11.830877+00:00,2026-07-05T16:01:11.830761,1,1,165.65,0.5,165.4,200,,,,,,,,,,,,,,,,,,,165.9,250,,,,,,,,,,,,,,,,,,
2026-07-05T16:01:11.901360+00:00,2026-07-05T16:01:11.901629,1,1,165.65,0.5,165.4,150,,,,,,,,,,,,,,,,,,,165.9,150,,,,,,,,,,,,,,,,,,
2026-07-05T16:01:11.964233+00:00,2026-07-05T16:01:11.964112,2,1,165.65,0.5,165.4,150,165.0,100,,,,,,,,,,,,,,,,,165.9,150,,,,,,,,,,,,,,,,,,
2026-07-05T16:01:12.014521+00:00,2026-07-05T16:01:12.014445,2,2,165.45,0.1,165.4,150,165.0,100,,,,,,,,,,,,,,,,,165.5,100,165.9,150,,,,,,,,,,,,,,,,
2026-07-05T16:01:12.204327+00:00,2026-07-05T16:01:12.204184,2,2,165.45,0.1,165.4,102,165.0,100,,,,,,,,,,,,,,,,,165.5,100,165.9,150,,,,,,,,,,,,,,,,
2026-07-05T16:01:13.958580+00:00,2026-07-05T16:01:13.956358,2,2,165.45,0.1,165.4,52,165.0,100,,,,,,,,,,,,,,,,,165.5,100,165.9,150,,,,,,,,,,,,,,,,
2026-07-05T16:01:14.126190+00:00,2026-07-05T16:01:14.121101,2,2,165.45,0.1,165.4,41,165.0,100,,,,,,,,,,,,,,,,,165.5,100,165.9,150,,,,,,,,,,,,,,,,
2026-07-05T16:01:14.228087+00:00,2026-07-05T16:01:14.228064,1,1,165.25,0.5,165.0,100,,,,,,,,,,,,,,,,,,,165.5,100,,,,,,,,,,,,,,,,,,
2026-07-05T16:01:14.280930+00:00,2026-07-05T16:01:14.281047,2,1,165.25,0.5,165.0,100,164.9,150,,,,,,,,,,,,,,,,,165.5,100,,,,,,,,,,,,,,,,,,
2026-07-05T16:01:14.333870+00:00,2026-07-05T16:01:14.333790,2,2,165.2,0.4,165.0,100,164.9,150,,,,,,,,,,,,,,,,,165.4,150,165.5,100,,,,,,,,,,,,,,,,
2026-07-05T16:01:15.069731+00:00,2026-07-05T16:01:15.069635,1,1,165.15,0.5,164.9,150,,,,,,,,,,,,,,,,,,,165.4,150,,,,,,,,,,,,,,,,,,
2026-07-05T16:01:15.126046+00:00,2026-07-05T16:01:15.125937,1,1,165.15,0.5,164.9,250,,,,,,,,,,,,,,,,,,,165.4,150,,,,,,,,,,,,,,,,,,
2026-07-05T16:01:15.175412+00:00,2026-07-05T16:01:15.175374,1,1,165.15,0.5,164.9,250,,,,,,,,,,,,,,,,,,,165.4,250,,,,,,,,,,,,,,,,,,
2026-07-05T16:01:17.388091+00:00,2026-07-05T16:01:17.388215,1,1,165.15,0.5,164.9,100,,,,,,,,,,,,,,,,,,,165.4,100,,,,,,,,,,,,,,,,,,
2026-07-05T16:01:17.442478+00:00,2026-07-05T16:01:17.442411,2,1,165.15,0.5,164.9,100,164.8,150,,,,,,,,,,,,,,,,,165.4,100,,,,,,,,,,,,,,,,,,
2026-07-05T16:01:17.494875+00:00,2026-07-05T16:01:17.494784,2,2,165.1,0.4,164.9,100,164.8,150,,,,,,,,,,,,,,,,,165.3,150,165.4,100,,,,,,,,,,,,,,,,
2026-07-05T16:01:18.123165+00:00,2026-07-05T16:01:18.123037,2,2,165.1,0.4,164.9,100,164.8,150,,,,,,,,,,,,,,,,,165.3,100,165.4,100,,,,,,,,,,,,,,,,
2026-07-05T16:01:18.233336+00:00,2026-07-05T16:01:18.233262,1,1,165.05,0.5,164.8,150,,,,,,,,,,,,,,,,,,,165.3,100,,,,,,,,,,,,,,,,,,
2026-07-05T16:01:18.288248+00:00,2026-07-05T16:01:18.288394,2,1,165.1,0.4,164.9,100,164.8,150,,,,,,,,,,,,,,,,,165.3,100,,,,,,,,,,,,,,,,,,
2026-07-05T16:01:18.340592+00:00,2026-07-05T16:01:18.340487,2,2,165.1,0.4,164.9,100,164.8,150,,,,,,,,,,,,,,,,,165.3,100,165.4,100,,,,,,,,,,,,,,,,
2026-07-05T16:01:20.231346+00:00,2026-07-05T16:01:20.231207,2,2,165.1,0.4,164.9,100,164.8,150,,,,,,,,,,,,,,,,,165.3,50,165.4,100,,,,,,,,,,,,,,,,
2026-07-05T16:01:20.558578+00:00,2026-07-05T16:01:20.556702,1,1,165.15,0.5,164.9,100,,,,,,,,,,,,,,,,,,,165.4,100,,,,,,,,,,,,,,,,,,
2026-07-05T16:01:20.614325+00:00,2026-07-05T16:01:20.614527,2,1,165.3,0.2,165.2,150,164.9,100,,,,,,,,,,,,,,,,,165.4,100,,,,,,,,,,,,,,,,,,
2026-07-05T16:01:20.669952+00:00,2026-07-05T16:01:20.670123,2,2,165.3,0.2,165.2,150,164.9,100,,,,,,,,,,,,,,,,,165.4,100,165.7,150,,,,,,,,,,,,,,,,
2026-07-05T16:01:20.701834+00:00,2026-07-05T16:01:20.695397,2,2,165.3,0.2,165.2,138,164.9,100,,,,,,,,,,,,,,,,,165.4,100,165.7,150,,,,,,,,,,,,,,,,
2026-07-05T16:01:21.394881+00:00,2026-07-05T16:01:21.394773,1,1,165.45,0.5,165.2,138,,,,,,,,,,,,,,,,,,,165.7,150,,,,,,,,,,,,,,,,,,
2026-07-05T16:01:21.449058+00:00,2026-07-05T16:01:21.448957,2,1,165.45,0.5,165.2,138,164.6,100,,,,,,,,,,,,,,,,,165.7,150,,,,,,,,,,,,,,,,,,
2026-07-05T16:01:21.505615+00:00,2026-07-05T16:01:21.505492,2,1,165.45,0.5,165.2,38,164.6,100,,,,,,,,,,,,,,,,,165.7,150,,,,,,,,,,,,,,,,,,
2026-07-05T16:01:22.191904+00:00,2026-07-05T16:01:22.191774,2,1,165.45,0.5,165.2,34,164.6,100,,,,,,,,,,,,,,,,,165.7,150,,,,,,,,,,,,,,,,,,
2026-07-05T16:01:22.895897+00:00,2026-07-05T16:01:22.895822,2,1,165.45,0.5,165.2,9,164.6,100,,,,,,,,,,,,,,,,,165.7,150,,,,,,,,,,,,,,,,,,
2026-07-05T16:01:22.916049+00:00,2026-07-05T16:01:22.909974,2,2,165.4,0.4,165.2,9,164.6,100,,,,,,,,,,,,,,,,,165.6,10,165.7,150,,,,,,,,,,,,,,,,
2026-07-05T16:01:23.724004+00:00,2026-07-05T16:01:23.723929,1,1,165.1,1.0,164.6,100,,,,,,,,,,,,,,,,,,,165.6,10,,,,,,,,,,,,,,,,,,
2026-07-05T16:01:23.780855+00:00,2026-07-05T16:01:23.780727,2,1,165.1,1.0,164.6,100,164.4,150,,,,,,,,,,,,,,,,,165.6,10,,,,,,,,,,,,,,,,,,
2026-07-05T16:01:23.843716+00:00,2026-07-05T16:01:23.838233,2,2,164.75,0.3,164.6,100,164.4,150,,,,,,,,,,,,,,,,,164.9,128,165.6,10,,,,,,,,,,,,,,,,
2026-07-05T16:01:24.505445+00:00,2026-07-05T16:01:24.505360,2,2,164.75,0.3,164.6,50,164.4,150,,,,,,,,,,,,,,,,,164.9,128,165.6,10,,,,,,,,,,,,,,,,
2026-07-05T16:01:24.558552+00:00,2026-07-05T16:01:24.558266,1,2,164.65,0.5,164.4,150,,,,,,,,,,,,,,,,,,,164.9,128,165.6,10,,,,,,,,,,,,,,,,
2026-07-05T16:01:24.610980+00:00,2026-07-05T16:01:24.610936,2,2,164.85,0.1,164.8,100,164.4,150,,,,,,,,,,,,,,,,,164.9,128,165.6,10,,,,,,,,,,,,,,,,
2026-07-05T16:01:24.655230+00:00,2026-07-05T16:01:24.655382,2,3,164.85,0.1,164.8,100,164.4,150,,,,,,,,,,,,,,,,,164.9,128,165.3,100,165.6,10,,,,,,,,,,,,,,
2026-07-05T16:01:24.958681+00:00,2026-07-05T16:01:24.956967,2,3,164.85,0.1,164.8,100,164.4,150,,,,,,,,,,,,,,,,,164.9,83,165.3,100,165.6,10,,,,,,,,,,,,,,
2026-07-05T16:01:25.929819+00:00,2026-07-05T16:01:25.929777,2,3,164.85,0.1,164.8,100,164.4,150,,,,,,,,,,,,,,,,,164.9,40,165.3,100,165.6,10,,,,,,,,,,,,,,
2026-07-05T16:01:26.619131+00:00,2026-07-05T16:01:26.619000,2,3,164.85,0.1,164.8,50,164.4,150,,,,,,,,,,,,,,,,,164.9,40,165.3,100,165.6,10,,,,,,,,,,,,,,
2026-07-05T16:01:26.877904+00:00,2026-07-05T16:01:26.872631,2,3,164.85,0.1,164.8,50,164.4,150,,,,,,,,,,,,,,,,,164.9,29,165.3,100,165.6,10,,,,,,,,,,,,,,
2026-07-05T16:01:26.893608+00:00,2026-07-05T16:01:26.893365,1,2,165.05,0.5,164.8,50,,,,,,,,,,,,,,,,,,,165.3,100,165.6,10,,,,,,,,,,,,,,,,
2026-07-05T16:01:26.937364+00:00,2026-07-05T16:01:26.937286,2,2,165.1,0.4,164.9,150,164.8,50,,,,,,,,,,,,,,,,,165.3,100,165.6,10,,,,,,,,,,,,,,,,
2026-07-05T16:01:26.994523+00:00,2026-07-05T16:01:26.994419,2,3,165.1,0.4,164.9,150,164.8,50,,,,,,,,,,,,,,,,,165.3,100,165.4,150,165.6,10,,,,,,,,,,,,,,
2026-07-05T16:01:27.716427+00:00,2026-07-05T16:01:27.716322,1,2,165.15,0.5,164.9,150,,,,,,,,,,,,,,,,,,,165.4,150,165.6,10,,,,,,,,,,,,,,,,
2026-07-05T16:01:27.775754+00:00,2026-07-05T16:01:27.775630,2,2,165.15,0.5,164.9,150,164.7,100,,,,,,,,,,,,,,,,,165.4,150,165.6,10,,,,,,,,,,,,,,,,
2026-07-05T16:01:27.839746+00:00,2026-07-05T16:01:27.839702,2,3,165.05,0.3,164.9,150,164.7,100,,,,,,,,,,,,,,,,,165.2,100,165.4,150,165.6,10,,,,,,,,,,,,,,
2026-07-05T16:01:27.920924+00:00,2026-07-05T16:01:27.920865,3,2,165.1,0.2,165.0,10,164.9,150,164.7,100,,,,,,,,,,,,,,,165.2,100,165.4,150,,,,,,,,,,,,,,,,
2026-07-05T16:01:27.926160+00:00,2026-07-05T16:01:27.926099,3,2,165.1,0.2,165.0,10,164.9,150,164.7,100,,,,,,,,,,,,,,,165.2,100,165.4,150,,,,,,,,,,,,,,,,
2026-07-05T16:01:27.931483+00:00,2026-07-05T16:01:27.931357,2,2,165.05,0.3,164.9,148,164.7,100,,,,,,,,,,,,,,,,,165.2,100,165.4,150,,,,,,,,,,,,,,,,
2026-07-05T16:01:28.675056+00:00,2026-07-05T16:01:28.675021,2,2,165.05,0.3,164.9,148,164.7,100,,,,,,,,,,,,,,,,,165.2,50,165.4,150,,,,,,,,,,,,,,,,
2026-07-05T16:01:30.048098+00:00,2026-07-05T16:01:30.048267,1,1,164.95,0.5,164.7,100,,,,,,,,,,,,,,,,,,,165.2,50,,,,,,,,,,,,,,,,,,
2026-07-05T16:01:30.107507+00:00,2026-07-05T16:01:30.107430,2,1,165.15,0.1,165.1,150,164.7,100,,,,,,,,,,,,,,,,,165.2,50,,,,,,,,,,,,,,,,,,
2026-07-05T16:01:30.158587+00:00,2026-07-05T16:01:30.158198,2,2,165.15,0.1,165.1,150,164.7,100,,,,,,,,,,,,,,,,,165.2,50,165.6,150,,,,,,,,,,,,,,,,
2026-07-05T16:01:30.858651+00:00,2026-07-05T16:01:30.855213,2,2,165.15,0.1,165.1,100,164.7,100,,,,,,,,,,,,,,,,,165.2,50,165.6,150,,,,,,,,,,,,,,,,
2026-07-05T16:01:30.887597+00:00,2026-07-05T16:01:30.887558,1,1,165.35,0.5,165.1,100,,,,,,,,,,,,,,,,,,,165.6,150,,,,,,,,,,,,,,,,,,
2026-07-05T16:01:30.944946+00:00,2026-07-05T16:01:30.944861,2,1,165.35,0.5,165.1,100,165.0,100,,,,,,,,,,,,,,,,,165.6,150,,,,,,,,,,,,,,,,,,
2026-07-05T16:01:30.997509+00:00,2026-07-05T16:01:30.997365,2,2,165.3,0.4,165.1,100,165.0,100,,,,,,,,,,,,,,,,,165.5,100,165.6,150,,,,,,,,,,,,,,,,
2026-07-05T16:01:32.945382+00:00,2026-07-05T16:01:32.945344,3,3,165.3,0.2,165.2,10,165.1,100,165.0,100,,,,,,,,,,,,,,,165.4,10,165.5,100,165.6,150,,,,,,,,,,,,,,
2026-07-05T16:01:32.950656+00:00,2026-07-05T16:01:32.950545,2,2,165.3,0.4,165.1,100,165.0,100,,,,,,,,,,,,,,,,,165.5,100,165.6,150,,,,,,,,,,,,,,,,
2026-07-05T16:01:32.955829+00:00,2026-07-05T16:01:32.955758,2,2,165.3,0.4,165.1,98,165.0,100,,,,,,,,,,,,,,,,,165.5,100,165.6,150,,,,,,,,,,,,,,,,
2026-07-05T16:01:32.976625+00:00,2026-07-05T16:01:32.976520,2,2,165.3,0.4,165.1,48,165.0,100,,,,,,,,,,,,,,,,,165.5,100,165.6,150,,,,,,,,,,,,,,,,
2026-07-05T16:01:33.217983+00:00,2026-07-05T16:01:33.217850,1,1,165.25,0.5,165.0,100,,,,,,,,,,,,,,,,,,,165.5,100,,,,,,,,,,,,,,,,,,
2026-07-05T16:01:33.279610+00:00,2026-07-05T16:01:33.279527,2,1,165.25,0.5,165.0,100,164.7,150,,,,,,,,,,,,,,,,,165.5,100,,,,,,,,,,,,,,,,,,
2026-07-05T16:01:33.326153+00:00,2026-07-05T16:01:33.326074,2,1,165.25,0.5,165.0,59,164.7,150,,,,,,,,,,,,,,,,,165.5,100,,,,,,,,,,,,,,,,,,
2026-07-05T16:01:33.331390+00:00,2026-07-05T16:01:33.331253,2,2,165.1,0.2,165.0,59,164.7,150,,,,,,,,,,,,,,,,,165.2,150,165.5,100,,,,,,,,,,,,,,,,
2026-07-05T16:01:34.052133+00:00,2026-07-05T16:01:34.052041,1,1,164.95,0.5,164.7,150,,,,,,,,,,,,,,,,,,,165.2,150,,,,,,,,,,,,,,,,,,
2026-07-05T16:01:34.104933+00:00,2026-07-05T16:01:34.105069,2,1,165.15,0.1,165.1,100,164.7,150,,,,,,,,,,,,,,,,,165.2,150,,,,,,,,,,,,,,,,,,
2026-07-05T16:01:34.160859+00:00,2026-07-05T16:01:34.160717,2,2,165.15,0.1,165.1,100,164.7,150,,,,,,,,,,,,,,,,,165.2,150,165.6,100,,,,,,,,,,,,,,,,
2026-07-05T16:01:34.458656+00:00,2026-07-05T16:01:34.453807,2,2,165.15,0.1,165.1,57,164.7,150,,,,,,,,,,,,,,,,,165.2,150,165.6,100,,,,,,,,,,,,,,,,
2026-07-05T16:01:35.081274+00:00,2026-07-05T16:01:35.081426,2,2,165.15,0.1,165.1,7,164.7,150,,,,,,,,,,,,,,,,,165.2,150,165.6,100,,,,,,,,,,,,,,,,
2026-07-05T16:01:35.591987+00:00,2026-07-05T16:01:35.592096,2,2,165.15,0.1,165.1,7,164.7,150,,,,,,,,,,,,,,,,,165.2,110,165.6,100,,,,,,,,,,,,,,,,
2026-07-05T16:01:36.384964+00:00,2026-07-05T16:01:36.384873,1,1,165.35,0.5,165.1,7,,,,,,,,,,,,,,,,,,,165.6,100,,,,,,,,,,,,,,,,,,
2026-07-05T16:01:36.438506+00:00,2026-07-05T16:01:36.438449,2,1,165.35,0.5,165.1,7,164.9,150,,,,,,,,,,,,,,,,,165.6,100,,,,,,,,,,,,,,,,,,
2026-07-05T16:01:36.489121+00:00,2026-07-05T16:01:36.489004,2,2,165.25,0.3,165.1,7,164.9,150,,,,,,,,,,,,,,,,,165.4,150,165.6,100,,,,,,,,,,,,,,,,
2026-07-05T16:01:36.658618+00:00,2026-07-05T16:01:36.657555,1,2,165.15,0.5,164.9,110,,,,,,,,,,,,,,,,,,,165.4,150,165.6,100,,,,,,,,,,,,,,,,
2026-07-05T16:01:37.190282+00:00,2026-07-05T16:01:37.190158,1,2,165.15,0.5,164.9,60,,,,,,,,,,,,,,,,,,,165.4,150,165.6,100,,,,,,,,,,,,,,,,
2026-07-05T16:01:37.214488+00:00,2026-07-05T16:01:37.214416,1,1,165.15,0.5,164.9,60,,,,,,,,,,,,,,,,,,,165.4,150,,,,,,,,,,,,,,,,,,
2026-07-05T16:01:37.267266+00:00,2026-07-05T16:01:37.267360,2,1,165.15,0.5,164.9,60,164.6,100,,,,,,,,,,,,,,,,,165.4,150,,,,,,,,,,,,,,,,,,
2026-07-05T16:01:37.320069+00:00,2026-07-05T16:01:37.320217,2,2,165.0,0.2,164.9,60,164.6,100,,,,,,,,,,,,,,,,,165.1,100,165.4,150,,,,,,,,,,,,,,,,
2026-07-05T16:01:37.746442+00:00,2026-07-05T16:01:37.740897,2,2,165.0,0.2,164.9,60,164.6,100,,,,,,,,,,,,,,,,,165.1,97,165.4,150,,,,,,,,,,,,,,,,
2026-07-05T16:01:38.551849+00:00,2026-07-05T16:01:38.551740,2,2,165.0,0.2,164.9,60,164.6,100,,,,,,,,,,,,,,,,,165.1,49,165.4,150,,,,,,,,,,,,,,,,
2026-07-05T16:01:39.314590+00:00,2026-07-05T16:01:39.314436,2,2,165.0,0.2,164.9,10,164.6,100,,,,,,,,,,,,,,,,,165.1,49,165.4,150,,,,,,,,,,,,,,,,
2026-07-05T16:01:39.542796+00:00,2026-07-05T16:01:39.542687,2,1,165.0,0.2,164.9,10,164.6,100,,,,,,,,,,,,,,,,,165.1,49,,,,,,,,,,,,,,,,,,
2026-07-05T16:01:39.547945+00:00,2026-07-05T16:01:39.547849,1,1,164.85,0.5,164.6,100,,,,,,,,,,,,,,,,,,,165.1,49,,,,,,,,,,,,,,,,,,
2026-07-05T16:01:39.596559+00:00,2026-07-05T16:01:39.596518,2,1,165.05,0.1,165.0,150,164.6,100,,,,,,,,,,,,,,,,,165.1,49,,,,,,,,,,,,,,,,,,
2026-07-05T16:01:39.658580+00:00,2026-07-05T16:01:39.653348,2,2,165.05,0.1,165.0,150,164.6,100,,,,,,,,,,,,,,,,,165.1,49,165.5,150,,,,,,,,,,,,,,,,
2026-07-05T16:01:40.369354+00:00,2026-07-05T16:01:40.369291,2,1,165.25,0.5,165.0,150,164.6,100,,,,,,,,,,,,,,,,,165.5,150,,,,,,,,,,,,,,,,,,
2026-07-05T16:01:40.374652+00:00,2026-07-05T16:01:40.374477,1,1,165.25,0.5,165.0,150,,,,,,,,,,,,,,,,,,,165.5,150,,,,,,,,,,,,,,,,,,
2026-07-05T16:01:40.429936+00:00,2026-07-05T16:01:40.429761,2,1,165.3,0.4,165.1,100,165.0,150,,,,,,,,,,,,,,,,,165.5,150,,,,,,,,,,,,,,,,,,
2026-07-05T16:01:40.478800+00:00,2026-07-05T16:01:40.479020,2,2,165.3,0.4,165.1,100,165.0,150,,,,,,,,,,,,,,,,,165.5,150,165.6,100,,,,,,,,,,,,,,,,
2026-07-05T16:01:40.822800+00:00,2026-07-05T16:01:40.822737,2,2,165.3,0.4,165.1,60,165.0,150,,,,,,,,,,,,,,,,,165.5,150,165.6,100,,,,,,,,,,,,,,,,
2026-07-05T16:01:41.376401+00:00,2026-07-05T16:01:41.376345,2,2,165.3,0.4,165.1,60,165.0,150,,,,,,,,,,,,,,,,,165.5,106,165.6,100,,,,,,,,,,,,,,,,
2026-07-05T16:01:41.423096+00:00,2026-07-05T16:01:41.423043,2,2,165.3,0.4,165.1,10,165.0,150,,,,,,,,,,,,,,,,,165.5,106,165.6,100,,,,,,,,,,,,,,,,
2026-07-05T16:01:42.706183+00:00,2026-07-05T16:01:42.706115,1,1,165.35,0.5,165.1,10,,,,,,,,,,,,,,,,,,,165.6,100,,,,,,,,,,,,,,,,,,
2026-07-05T16:01:42.758654+00:00,2026-07-05T16:01:42.751732,2,1,165.35,0.5,165.1,10,164.8,150,,,,,,,,,,,,,,,,,165.6,100,,,,,,,,,,,,,,,,,,
2026-07-05T16:01:42.812682+00:00,2026-07-05T16:01:42.812627,2,2,165.2,0.2,165.1,10,164.8,150,,,,,,,,,,,,,,,,,165.3,150,165.6,100,,,,,,,,,,,,,,,,
2026-07-05T16:01:43.530193+00:00,2026-07-05T16:01:43.530137,1,2,165.05,0.5,164.8,110,,,,,,,,,,,,,,,,,,,165.3,150,165.6,100,,,,,,,,,,,,,,,,
2026-07-05T16:01:43.535344+00:00,2026-07-05T16:01:43.535313,1,1,165.05,0.5,164.8,110,,,,,,,,,,,,,,,,,,,165.3,150,,,,,,,,,,,,,,,,,,
2026-07-05T16:01:43.574824+00:00,2026-07-05T16:01:43.574725,1,1,165.05,0.5,164.8,110,,,,,,,,,,,,,,,,,,,165.3,106,,,,,,,,,,,,,,,,,,
2026-07-05T16:01:43.590336+00:00,2026-07-05T16:01:43.590267,1,1,165.05,0.5,164.8,210,,,,,,,,,,,,,,,,,,,165.3,106,,,,,,,,,,,,,,,,,,
2026-07-05T16:01:43.643962+00:00,2026-07-05T16:01:43.643895,1,1,165.05,0.5,164.8,210,,,,,,,,,,,,,,,,,,,165.3,206,,,,,,,,,,,,,,,,,,
2026-07-05T16:01:44.692206+00:00,2026-07-05T16:01:44.692177,1,1,165.05,0.5,164.8,164,,,,,,,,,,,,,,,,,,,165.3,206,,,,,,,,,,,,,,,,,,
2026-07-05T16:01:45.641510+00:00,2026-07-05T16:01:45.641654,1,1,165.05,0.5,164.8,114,,,,,,,,,,,,,,,,,,,165.3,206,,,,,,,,,,,,,,,,,,
2026-07-05T16:01:45.700070+00:00,2026-07-05T16:01:45.699948,1,1,165.05,0.5,164.8,69,,,,,,,,,,,,,,,,,,,165.3,206,,,,,,,,,,,,,,,,,,
2026-07-05T16:01:45.858643+00:00,2026-07-05T16:01:45.857882,1,1,165.05,0.5,164.8,69,,,,,,,,,,,,,,,,,,,165.3,100,,,,,,,,,,,,,,,,,,
2026-07-05T16:01:45.919482+00:00,2026-07-05T16:01:45.919368,2,1,165.05,0.5,164.8,69,164.4,150,,,,,,,,,,,,,,,,,165.3,100,,,,,,,,,,,,,,,,,,
2026-07-05T16:01:46.007383+00:00,2026-07-05T16:01:46.000225,2,2,164.85,0.1,164.8,69,164.4,150,,,,,,,,,,,,,,,,,164.9,147,165.3,100,,,,,,,,,,,,,,,,
2026-07-05T16:01:46.251947+00:00,2026-07-05T16:01:46.246380,2,2,164.85,0.1,164.8,69,164.4,150,,,,,,,,,,,,,,,,,164.9,136,165.3,100,,,,,,,,,,,,,,,,
2026-07-05T16:01:46.698103+00:00,2026-07-05T16:01:46.698058,1,1,164.65,0.5,164.4,150,,,,,,,,,,,,,,,,,,,164.9,136,,,,,,,,,,,,,,,,,,
2026-07-05T16:01:46.758611+00:00,2026-07-05T16:01:46.753608,2,1,164.8,0.2,164.7,100,164.4,150,,,,,,,,,,,,,,,,,164.9,136,,,,,,,,,,,,,,,,,,
2026-07-05T16:01:46.806734+00:00,2026-07-05T16:01:46.806684,2,2,164.8,0.2,164.7,100,164.4,150,,,,,,,,,,,,,,,,,164.9,136,165.2,100,,,,,,,,,,,,,,,,
2026-07-05T16:01:47.749058+00:00,2026-07-05T16:01:47.748939,2,2,164.8,0.2,164.7,50,164.4,150,,,,,,,,,,,,,,,,,164.9,136,165.2,100,,,,,,,,,,,,,,,,
2026-07-05T16:01:48.015959+00:00,2026-07-05T16:01:48.015874,2,2,164.8,0.2,164.7,50,164.4,150,,,,,,,,,,,,,,,,,164.9,111,165.2,100,,,,,,,,,,,,,,,,
2026-07-05T16:01:48.193836+00:00,2026-07-05T16:01:48.193715,2,2,164.8,0.2,164.7,50,164.4,150,,,,,,,,,,,,,,,,,164.9,68,165.2,100,,,,,,,,,,,,,,,,
2026-07-05T16:01:48.215720+00:00,2026-07-05T16:01:48.209936,2,2,164.8,0.2,164.7,50,164.4,150,,,,,,,,,,,,,,,,,164.9,56,165.2,100,,,,,,,,,,,,,,,,
2026-07-05T16:01:48.301927+00:00,2026-07-05T16:01:48.301891,2,2,164.8,0.2,164.7,50,164.4,150,,,,,,,,,,,,,,,,,164.9,52,165.2,100,,,,,,,,,,,,,,,,
2026-07-05T16:01:49.044537+00:00,2026-07-05T16:01:49.044443,1,1,164.95,0.5,164.7,50,,,,,,,,,,,,,,,,,,,165.2,100,,,,,,,,,,,,,,,,,,
2026-07-05T16:01:49.101027+00:00,2026-07-05T16:01:49.100962,2,1,165.05,0.3,164.9,150,164.7,50,,,,,,,,,,,,,,,,,165.2,100,,,,,,,,,,,,,,,,,,
2026-07-05T16:01:49.158597+00:00,2026-07-05T16:01:49.151320,2,2,165.05,0.3,164.9,150,164.7,50,,,,,,,,,,,,,,,,,165.2,100,165.4,150,,,,,,,,,,,,,,,,
2026-07-05T16:01:49.858632+00:00,2026-07-05T16:01:49.855942,1,1,165.15,0.5,164.9,100,,,,,,,,,,,,,,,,,,,165.4,150,,,,,,,,,,,,,,,,,,
2026-07-05T16:01:49.915192+00:00,2026-07-05T16:01:49.915125,2,1,165.15,0.5,164.9,100,164.7,100,,,,,,,,,,,,,,,,,165.4,150,,,,,,,,,,,,,,,,,,
2026-07-05T16:01:49.968914+00:00,2026-07-05T16:01:49.968866,2,2,165.05,0.3,164.9,100,164.7,100,,,,,,,,,,,,,,,,,165.2,100,165.4,150,,,,,,,,,,,,,,,,
2026-07-05T16:01:51.954689+00:00,2026-07-05T16:01:51.958135,2,2,165.05,0.3,164.9,50,164.7,100,,,,,,,,,,,,,,,,,165.2,100,165.4,150,,,,,,,,,,,,,,,,
2026-07-05T16:01:52.207569+00:00,2026-07-05T16:01:52.207453,1,1,164.95,0.5,164.7,100,,,,,,,,,,,,,,,,,,,165.2,100,,,,,,,,,,,,,,,,,,
2026-07-05T16:01:52.258586+00:00,2026-07-05T16:01:52.256928,2,1,164.95,0.5,164.7,100,164.5,150,,,,,,,,,,,,,,,,,165.2,100,,,,,,,,,,,,,,,,,,
2026-07-05T16:01:52.313724+00:00,2026-07-05T16:01:52.313699,2,2,164.85,0.3,164.7,100,164.5,150,,,,,,,,,,,,,,,,,165.0,150,165.2,100,,,,,,,,,,,,,,,,
2026-07-05T16:01:52.344817+00:00,2026-07-05T16:01:52.344906,2,2,164.85,0.3,164.7,100,164.5,150,,,,,,,,,,,,,,,,,165.0,107,165.2,100,,,,,,,,,,,,,,,,
2026-07-05T16:01:53.020164+00:00,2026-07-05T16:01:53.020329,1,1,164.75,0.5,164.5,150,,,,,,,,,,,,,,,,,,,165.0,107,,,,,,,,,,,,,,,,,,
2026-07-05T16:01:53.039537+00:00,2026-07-05T16:01:53.039454,1,1,164.75,0.5,164.5,150,,,,,,,,,,,,,,,,,,,165.0,88,,,,,,,,,,,,,,,,,,
2026-07-05T16:01:53.054971+00:00,2026-07-05T16:01:53.048841,1,1,164.75,0.5,164.5,150,,,,,,,,,,,,,,,,,,,165.0,88,,,,,,,,,,,,,,,,,,
2026-07-05T16:01:53.075839+00:00,2026-07-05T16:01:53.075707,2,1,164.85,0.3,164.7,100,164.5,150,,,,,,,,,,,,,,,,,165.0,88,,,,,,,,,,,,,,,,,,
2026-07-05T16:01:53.131004+00:00,2026-07-05T16:01:53.130964,2,2,164.85,0.3,164.7,100,164.5,150,,,,,,,,,,,,,,,,,165.0,88,165.2,100,,,,,,,,,,,,,,,,
2026-07-05T16:01:53.880323+00:00,2026-07-05T16:01:53.880135,2,2,164.85,0.3,164.7,100,164.5,150,,,,,,,,,,,,,,,,,165.0,48,165.2,100,,,,,,,,,,,,,,,,
2026-07-05T16:01:54.025792+00:00,2026-07-05T16:01:54.025697,2,1,164.95,0.5,164.7,100,164.5,150,,,,,,,,,,,,,,,,,165.2,98,,,,,,,,,,,,,,,,,,
2026-07-05T16:01:54.880751+00:00,2026-07-05T16:01:54.880876,2,1,164.95,0.5,164.7,52,164.5,150,,,,,,,,,,,,,,,,,165.2,98,,,,,,,,,,,,,,,,,,
2026-07-05T16:01:55.363901+00:00,2026-07-05T16:01:55.363837,1,1,164.95,0.5,164.7,52,,,,,,,,,,,,,,,,,,,165.2,98,,,,,,,,,,,,,,,,,,
2026-07-05T16:01:55.433429+00:00,2026-07-05T16:01:55.427260,2,1,165.15,0.1,165.1,140,164.7,52,,,,,,,,,,,,,,,,,165.2,98,,,,,,,,,,,,,,,,,,
2026-07-05T16:01:55.475739+00:00,2026-07-05T16:01:55.475626,2,2,165.15,0.1,165.1,140,164.7,52,,,,,,,,,,,,,,,,,165.2,98,165.6,150,,,,,,,,,,,,,,,,
2026-07-05T16:01:55.791337+00:00,2026-07-05T16:01:55.791205,2,2,165.15,0.1,165.1,140,164.7,52,,,,,,,,,,,,,,,,,165.2,55,165.6,150,,,,,,,,,,,,,,,,
2026-07-05T16:01:56.131651+00:00,2026-07-05T16:01:56.131786,2,2,165.15,0.1,165.1,140,164.7,52,,,,,,,,,,,,,,,,,165.2,5,165.6,150,,,,,,,,,,,,,,,,
2026-07-05T16:01:56.184726+00:00,2026-07-05T16:01:56.184833,1,1,165.35,0.5,165.1,140,,,,,,,,,,,,,,,,,,,165.6,150,,,,,,,,,,,,,,,,,,
2026-07-05T16:01:56.238861+00:00,2026-07-05T16:01:56.238803,2,1,165.35,0.5,165.1,140,164.9,100,,,,,,,,,,,,,,,,,165.6,150,,,,,,,,,,,,,,,,,,
2026-07-05T16:01:56.293238+00:00,2026-07-05T16:01:56.293151,2,2,165.25,0.3,165.1,140,164.9,100,,,,,,,,,,,,,,,,,165.4,100,165.6,150,,,,,,,,,,,,,,,,
2026-07-05T16:01:56.348490+00:00,2026-07-05T16:01:56.358681,2,2,165.25,0.3,165.1,95,164.9,100,,,,,,,,,,,,,,,,,165.4,100,165.6,150,,,,,,,,,,,,,,,,
2026-07-05T16:01:56.837494+00:00,2026-07-05T16:01:56.837374,2,2,165.25,0.3,165.1,46,164.9,100,,,,,,,,,,,,,,,,,165.4,100,165.6,150,,,,,,,,,,,,,,,,
2026-07-05T16:01:57.449108+00:00,2026-07-05T16:01:57.448987,2,2,165.25,0.3,165.1,46,164.9,100,,,,,,,,,,,,,,,,,165.4,55,165.6,150,,,,,,,,,,,,,,,,
2026-07-05T16:01:58.058548+00:00,2026-07-05T16:01:58.057604,2,2,165.25,0.3,165.1,46,164.9,100,,,,,,,,,,,,,,,,,165.4,53,165.6,150,,,,,,,,,,,,,,,,
2026-07-05T16:01:58.292508+00:00,2026-07-05T16:01:58.292657,1,2,165.15,0.5,164.9,96,,,,,,,,,,,,,,,,,,,165.4,53,165.6,150,,,,,,,,,,,,,,,,
2026-07-05T16:01:58.524592+00:00,2026-07-05T16:01:58.524545,1,1,165.15,0.5,164.9,96,,,,,,,,,,,,,,,,,,,165.4,53,,,,,,,,,,,,,,,,,,
2026-07-05T16:01:58.572365+00:00,2026-07-05T16:01:58.572338,1,1,165.15,0.5,164.9,96,,,,,,,,,,,,,,,,,,,165.4,9,,,,,,,,,,,,,,,,,,
2026-07-05T16:01:58.577591+00:00,2026-07-05T16:01:58.577492,2,1,165.15,0.5,164.9,96,164.5,150,,,,,,,,,,,,,,,,,165.4,9,,,,,,,,,,,,,,,,,,
2026-07-05T16:01:58.630366+00:00,2026-07-05T16:01:58.630272,2,2,164.95,0.1,164.9,96,164.5,150,,,,,,,,,,,,,,,,,165.0,150,165.4,9,,,,,,,,,,,,,,,,
2026-07-05T16:01:59.346811+00:00,2026-07-05T16:01:59.346729,1,1,164.75,0.5,164.5,150,,,,,,,,,,,,,,,,,,,165.0,150,,,,,,,,,,,,,,,,,,
2026-07-05T16:01:59.400815+00:00,2026-07-05T16:01:59.400928,1,1,164.75,0.5,164.5,150,,,,,,,,,,,,,,,,,,,165.0,50,,,,,,,,,,,,,,,,,,
2026-07-05T16:01:59.463641+00:00,2026-07-05T16:01:59.463801,1,2,164.75,0.5,164.5,150,,,,,,,,,,,,,,,,,,,165.0,50,165.6,100,,,,,,,,,,,,,,,,
2026-07-05T16:02:00.403092+00:00,2026-07-05T16:02:00.403238,1,2,164.75,0.5,164.5,100,,,,,,,,,,,,,,,,,,,165.0,50,165.6,100,,,,,,,,,,,,,,,,
2026-07-05T16:02:01.688660+00:00,2026-07-05T16:02:01.688543,0,1,,,,,,,,,,,,,,,,,,,,,,,165.6,100,,,,,,,,,,,,,,,,,,
2026-07-05T16:02:01.742150+00:00,2026-07-05T16:02:01.742258,1,1,165.15,0.9,164.7,150,,,,,,,,,,,,,,,,,,,165.6,100,,,,,,,,,,,,,,,,,,
2026-07-05T16:02:01.793276+00:00,2026-07-05T16:02:01.793232,1,2,164.95,0.5,164.7,150,,,,,,,,,,,,,,,,,,,165.2,150,165.6,100,,,,,,,,,,,,,,,,
2026-07-05T16:02:02.463956+00:00,2026-07-05T16:02:02.463849,1,2,164.95,0.5,164.7,150,,,,,,,,,,,,,,,,,,,165.2,100,165.6,100,,,,,,,,,,,,,,,,
2026-07-05T16:02:02.524267+00:00,2026-07-05T16:02:02.524234,1,1,164.95,0.5,164.7,150,,,,,,,,,,,,,,,,,,,165.2,100,,,,,,,,,,,,,,,,,,
2026-07-05T16:02:02.558564+00:00,2026-07-05T16:02:02.557391,2,1,165.0,0.4,164.8,100,164.7,150,,,,,,,,,,,,,,,,,165.2,100,,,,,,,,,,,,,,,,,,
2026-07-05T16:02:02.618685+00:00,2026-07-05T16:02:02.618806,2,2,165.0,0.4,164.8,100,164.7,150,,,,,,,,,,,,,,,,,165.2,100,165.3,100,,,,,,,,,,,,,,,,
2026-07-05T16:02:02.684562+00:00,2026-07-05T16:02:02.684502,2,2,165.0,0.4,164.8,60,164.7,150,,,,,,,,,,,,,,,,,165.2,100,165.3,100,,,,,,,,,,,,,,,,
2026-07-05T16:02:03.075720+00:00,2026-07-05T16:02:03.075566,2,2,165.0,0.4,164.8,60,164.7,150,,,,,,,,,,,,,,,,,165.2,100,165.3,100,,,,,,,,,,,,,,,,
2026-07-05T16:02:03.080904+00:00,2026-07-05T16:02:03.080822,2,2,165.0,0.4,164.8,60,164.7,150,,,,,,,,,,,,,,,,,165.2,98,165.3,100,,,,,,,,,,,,,,,,
2026-07-05T16:02:03.615391+00:00,2026-07-05T16:02:03.615286,2,2,165.0,0.4,164.8,60,164.7,150,,,,,,,,,,,,,,,,,165.2,50,165.3,100,,,,,,,,,,,,,,,,
2026-07-05T16:02:04.148505+00:00,2026-07-05T16:02:04.158651,2,2,165.0,0.4,164.8,12,164.7,150,,,,,,,,,,,,,,,,,165.2,50,165.3,100,,,,,,,,,,,,,,,,
2026-07-05T16:02:04.637648+00:00,2026-07-05T16:02:04.637517,2,2,165.0,0.4,164.8,12,164.7,150,,,,,,,,,,,,,,,,,165.2,9,165.3,100,,,,,,,,,,,,,,,,
2026-07-05T16:02:04.849219+00:00,2026-07-05T16:02:04.849170,1,1,165.05,0.5,164.8,12,,,,,,,,,,,,,,,,,,,165.3,100,,,,,,,,,,,,,,,,,,
2026-07-05T16:02:04.904128+00:00,2026-07-05T16:02:04.904110,2,0,,,165.4,50,164.8,12,,,,,,,,,,,,,,,,,,,,,,,,,,,,,,,,,,,,
2026-07-05T16:02:04.969355+00:00,2026-07-05T16:02:04.963271,2,1,165.65,0.5,165.4,27,164.8,12,,,,,,,,,,,,,,,,,165.9,150,,,,,,,,,,,,,,,,,,
2026-07-05T16:02:05.676194+00:00,2026-07-05T16:02:05.676062,1,1,165.65,0.5,165.4,27,,,,,,,,,,,,,,,,,,,165.9,150,,,,,,,,,,,,,,,,,,
2026-07-05T16:02:05.729590+00:00,2026-07-05T16:02:05.729392,2,1,165.65,0.5,165.4,27,165.0,100,,,,,,,,,,,,,,,,,165.9,150,,,,,,,,,,,,,,,,,,
2026-07-05T16:02:05.782736+00:00,2026-07-05T16:02:05.782616,2,2,165.45,0.1,165.4,27,165.0,100,,,,,,,,,,,,,,,,,165.5,100,165.9,150,,,,,,,,,,,,,,,,
2026-07-05T16:02:06.725086+00:00,2026-07-05T16:02:06.724975,1,2,165.25,0.5,165.0,77,,,,,,,,,,,,,,,,,,,165.5,100,165.9,150,,,,,,,,,,,,,,,,
2026-07-05T16:02:08.011023+00:00,2026-07-05T16:02:08.010968,1,1,165.25,0.5,165.0,77,,,,,,,,,,,,,,,,,,,165.5,100,,,,,,,,,,,,,,,,,,
2026-07-05T16:02:08.063648+00:00,2026-07-05T16:02:08.063824,2,1,165.25,0.5,165.0,77,164.8,150,,,,,,,,,,,,,,,,,165.5,100,,,,,,,,,,,,,,,,,,
2026-07-05T16:02:08.093959+00:00,2026-07-05T16:02:08.093927,2,1,165.25,0.5,165.0,77,164.8,150,,,,,,,,,,,,,,,,,165.5,100,,,,,,,,,,,,,,,,,,
2026-07-05T16:02:08.099188+00:00,2026-07-05T16:02:08.099105,2,1,165.25,0.5,165.0,77,164.8,150,,,,,,,,,,,,,,,,,165.5,98,,,,,,,,,,,,,,,,,,
2026-07-05T16:02:08.119739+00:00,2026-07-05T16:02:08.119649,2,2,165.15,0.3,165.0,77,164.8,150,,,,,,,,,,,,,,,,,165.3,150,165.5,98,,,,,,,,,,,,,,,,
2026-07-05T16:02:08.836932+00:00,2026-07-05T16:02:08.836866,2,2,165.15,0.3,165.0,27,164.8,150,,,,,,,,,,,,,,,,,165.3,150,165.5,98,,,,,,,,,,,,,,,,
2026-07-05T16:02:08.841975+00:00,2026-07-05T16:02:08.842101,1,1,165.05,0.5,164.8,150,,,,,,,,,,,,,,,,,,,165.3,150,,,,,,,,,,,,,,,,,,
2026-07-05T16:02:08.892254+00:00,2026-07-05T16:02:08.892182,2,1,165.1,0.4,164.9,100,164.8,150,,,,,,,,,,,,,,,,,165.3,150,,,,,,,,,,,,,,,,,,
2026-07-05T16:02:08.947072+00:00,2026-07-05T16:02:08.946893,2,2,165.1,0.4,164.9,100,164.8,150,,,,,,,,,,,,,,,,,165.3,150,165.4,100,,,,,,,,,,,,,,,,
2026-07-05T16:02:10.547387+00:00,2026-07-05T16:02:10.541673,2,2,165.1,0.4,164.9,100,164.8,150,,,,,,,,,,,,,,,,,165.3,139,165.4,100,,,,,,,,,,,,,,,,
2026-07-05T16:02:10.942841+00:00,2026-07-05T16:02:10.942967,2,2,165.1,0.4,164.9,50,164.8,150,,,,,,,,,,,,,,,,,165.3,139,165.4,100,,,,,,,,,,,,,,,,
2026-07-05T16:02:11.174683+00:00,2026-07-05T16:02:11.174650,1,1,165.15,0.5,164.9,50,,,,,,,,,,,,,,,,,,,165.4,100,,,,,,,,,,,,,,,,,,
2026-07-05T16:02:11.229337+00:00,2026-07-05T16:02:11.229230,2,1,165.2,0.4,165.0,150,164.9,50,,,,,,,,,,,,,,,,,165.4,100,,,,,,,,,,,,,,,,,,
2026-07-05T16:02:11.282119+00:00,2026-07-05T16:02:11.282074,2,2,165.2,0.4,165.0,150,164.9,50,,,,,,,,,,,,,,,,,165.4,100,165.5,150,,,,,,,,,,,,,,,,
2026-07-05T16:02:11.470020+00:00,2026-07-05T16:02:11.469353,2,2,165.2,0.4,165.0,101,164.9,50,,,,,,,,,,,,,,,,,165.4,100,165.5,150,,,,,,,,,,,,,,,,
2026-07-05T16:02:11.972302+00:00,2026-07-05T16:02:11.972156,2,2,165.2,0.4,165.0,54,164.9,50,,,,,,,,,,,,,,,,,165.4,100,165.5,150,,,,,,,,,,,,,,,,
2026-07-05T16:02:12.004363+00:00,2026-07-05T16:02:12.004263,1,1,165.25,0.5,165.0,54,,,,,,,,,,,,,,,,,,,165.5,150,,,,,,,,,,,,,,,,,,
2026-07-05T16:02:12.058612+00:00,2026-07-05T16:02:12.054139,2,1,165.25,0.5,165.0,54,164.5,100,,,,,,,,,,,,,,,,,165.5,150,,,,,,,,,,,,,,,,,,
2026-07-05T16:02:12.111984+00:00,2026-07-05T16:02:12.111900,1,2,164.75,0.5,164.5,100,,,,,,,,,,,,,,,,,,,165.0,46,165.5,150,,,,,,,,,,,,,,,,
2026-07-05T16:02:12.648233+00:00,2026-07-05T16:02:12.642535,1,1,165.0,1.0,164.5,100,,,,,,,,,,,,,,,,,,,165.5,150,,,,,,,,,,,,,,,,,,
2026-07-05T16:02:13.113285+00:00,2026-07-05T16:02:13.113175,1,2,164.9,0.8,164.5,100,,,,,,,,,,,,,,,,,,,165.3,10,165.5,150,,,,,,,,,,,,,,,,
2026-07-05T16:02:13.139718+00:00,2026-07-05T16:02:13.139552,1,1,165.0,1.0,164.5,100,,,,,,,,,,,,,,,,,,,165.5,150,,,,,,,,,,,,,,,,,,
2026-07-05T16:02:13.150144+00:00,2026-07-05T16:02:13.149971,1,1,165.0,1.0,164.5,100,,,,,,,,,,,,,,,,,,,165.5,148,,,,,,,,,,,,,,,,,,
2026-07-05T16:02:14.332102+00:00,2026-07-05T16:02:14.332290,1,0,,,164.5,100,,,,,,,,,,,,,,,,,,,,,,,,,,,,,,,,,,,,,,
2026-07-05T16:02:14.386857+00:00,2026-07-05T16:02:14.382401,2,0,,,164.5,100,164.1,150,,,,,,,,,,,,,,,,,,,,,,,,,,,,,,,,,,,,
2026-07-05T16:02:14.459407+00:00,2026-07-05T16:02:14.452643,2,1,164.55,0.1,164.5,100,164.1,150,,,,,,,,,,,,,,,,,164.6,106,,,,,,,,,,,,,,,,,,
2026-07-05T16:02:14.710514+00:00,2026-07-05T16:02:14.710471,2,1,164.55,0.1,164.5,100,164.1,150,,,,,,,,,,,,,,,,,164.6,62,,,,,,,,,,,,,,,,,,
2026-07-05T16:02:15.103864+00:00,2026-07-05T16:02:15.103752,2,1,164.55,0.1,164.5,100,164.1,150,,,,,,,,,,,,,,,,,164.6,12,,,,,,,,,,,,,,,,,,
2026-07-05T16:02:15.158614+00:00,2026-07-05T16:02:15.158443,1,1,164.35,0.5,164.1,150,,,,,,,,,,,,,,,,,,,164.6,12,,,,,,,,,,,,,,,,,,
2026-07-05T16:02:15.216252+00:00,2026-07-05T16:02:15.216187,2,0,,,164.7,88,164.1,150,,,,,,,,,,,,,,,,,,,,,,,,,,,,,,,,,,,,
2026-07-05T16:02:15.269860+00:00,2026-07-05T16:02:15.269795,2,1,164.95,0.5,164.7,88,164.1,150,,,,,,,,,,,,,,,,,165.2,100,,,,,,,,,,,,,,,,,,
2026-07-05T16:02:17.211046+00:00,2026-07-05T16:02:17.210927,2,1,164.95,0.5,164.7,88,164.1,150,,,,,,,,,,,,,,,,,165.2,50,,,,,,,,,,,,,,,,,,
2026-07-05T16:02:17.523896+00:00,2026-07-05T16:02:17.523742,1,1,164.95,0.5,164.7,88,,,,,,,,,,,,,,,,,,,165.2,50,,,,,,,,,,,,,,,,,,
2026-07-05T16:02:17.572537+00:00,2026-07-05T16:02:17.572447,2,1,165.1,0.2,165.0,150,164.7,88,,,,,,,,,,,,,,,,,165.2,50,,,,,,,,,,,,,,,,,,
2026-07-05T16:02:17.629192+00:00,2026-07-05T16:02:17.629070,2,2,165.1,0.2,165.0,150,164.7,88,,,,,,,,,,,,,,,,,165.2,50,165.5,150,,,,,,,,,,,,,,,,
2026-07-05T16:02:18.007718+00:00,2026-07-05T16:02:18.007611,2,2,165.1,0.2,165.0,110,164.7,88,,,,,,,,,,,,,,,,,165.2,50,165.5,150,,,,,,,,,,,,,,,,
2026-07-05T16:02:18.171274+00:00,2026-07-05T16:02:18.171084,2,2,165.1,0.2,165.0,110,164.7,88,,,,,,,,,,,,,,,,,165.2,48,165.5,150,,,,,,,,,,,,,,,,
2026-07-05T16:02:18.327630+00:00,2026-07-05T16:02:18.327548,1,1,165.25,0.5,165.0,110,,,,,,,,,,,,,,,,,,,165.5,150,,,,,,,,,,,,,,,,,,
2026-07-05T16:02:18.389766+00:00,2026-07-05T16:02:18.387983,2,1,165.35,0.3,165.2,89,165.0,110,,,,,,,,,,,,,,,,,165.5,150,,,,,,,,,,,,,,,,,,
2026-07-05T16:02:18.432803+00:00,2026-07-05T16:02:18.432651,2,2,165.35,0.3,165.2,89,165.0,110,,,,,,,,,,,,,,,,,165.5,150,165.7,100,,,,,,,,,,,,,,,,
2026-07-05T16:02:18.616962+00:00,2026-07-05T16:02:18.616823,2,2,165.35,0.3,165.2,89,165.0,110,,,,,,,,,,,,,,,,,165.5,109,165.7,100,,,,,,,,,,,,,,,,
2026-07-05T16:02:19.369251+00:00,2026-07-05T16:02:19.369477,2,2,165.35,0.3,165.2,39,165.0,110,,,,,,,,,,,,,,,,,165.5,109,165.7,100,,,,,,,,,,,,,,,,
2026-07-05T16:02:19.605758+00:00,2026-07-05T16:02:19.605627,2,2,165.35,0.3,165.2,39,165.0,110,,,,,,,,,,,,,,,,,165.5,66,165.7,100,,,,,,,,,,,,,,,,
2026-07-05T16:02:20.681384+00:00,2026-07-05T16:02:20.681352,1,1,165.45,0.5,165.2,39,,,,,,,,,,,,,,,,,,,165.7,100,,,,,,,,,,,,,,,,,,
2026-07-05T16:02:20.737013+00:00,2026-07-05T16:02:20.731847,2,1,165.55,0.3,165.4,150,165.2,39,,,,,,,,,,,,,,,,,165.7,100,,,,,,,,,,,,,,,,,,
2026-07-05T16:02:20.791143+00:00,2026-07-05T16:02:20.791026,2,2,165.55,0.3,165.4,150,165.2,39,,,,,,,,,,,,,,,,,165.7,100,165.9,150,,,,,,,,,,,,,,,,
2026-07-05T16:02:21.027788+00:00,2026-07-05T16:02:21.022087,2,2,165.55,0.3,165.4,138,165.2,39,,,,,,,,,,,,,,,,,165.7,100,165.9,150,,,,,,,,,,,,,,,,
2026-07-05T16:02:21.488963+00:00,2026-07-05T16:02:21.488930,1,1,165.65,0.5,165.4,138,,,,,,,,,,,,,,,,,,,165.9,150,,,,,,,,,,,,,,,,,,
2026-07-05T16:02:21.543772+00:00,2026-07-05T16:02:21.543713,2,1,165.65,0.5,165.4,138,165.1,100,,,,,,,,,,,,,,,,,165.9,150,,,,,,,,,,,,,,,,,,
2026-07-05T16:02:21.596713+00:00,2026-07-05T16:02:21.596667,2,2,165.5,0.2,165.4,138,165.1,100,,,,,,,,,,,,,,,,,165.6,100,165.9,150,,,,,,,,,,,,,,,,
2026-07-05T16:02:22.486593+00:00,2026-07-05T16:02:22.486478,2,2,165.5,0.2,165.4,97,165.1,100,,,,,,,,,,,,,,,,,165.6,100,165.9,150,,,,,,,,,,,,,,,,
2026-07-05T16:02:22.979672+00:00,2026-07-05T16:02:22.979592,2,2,165.5,0.2,165.4,50,165.1,100,,,,,,,,,,,,,,,,,165.6,100,165.9,150,,,,,,,,,,,,,,,,
2026-07-05T16:02:23.846015+00:00,2026-07-05T16:02:23.845899,1,1,165.35,0.5,165.1,100,,,,,,,,,,,,,,,,,,,165.6,100,,,,,,,,,,,,,,,,,,
2026-07-05T16:02:23.900594+00:00,2026-07-05T16:02:23.900462,1,1,165.35,0.5,165.1,250,,,,,,,,,,,,,,,,,,,165.6,100,,,,,,,,,,,,,,,,,,
2026-07-05T16:02:23.949149+00:00,2026-07-05T16:02:23.949039,1,1,165.35,0.5,165.1,250,,,,,,,,,,,,,,,,,,,165.6,250,,,,,,,,,,,,,,,,,,
2026-07-05T16:02:24.606354+00:00,2026-07-05T16:02:24.606238,1,1,165.35,0.5,165.1,250,,,,,,,,,,,,,,,,,,,165.6,206,,,,,,,,,,,,,,,,,,
2026-07-05T16:02:24.649807+00:00,2026-07-05T16:02:24.649692,1,1,165.35,0.5,165.1,150,,,,,,,,,,,,,,,,,,,165.6,150,,,,,,,,,,,,,,,,,,
2026-07-05T16:02:24.704471+00:00,2026-07-05T16:02:24.704378,2,1,165.5,0.2,165.4,100,165.1,150,,,,,,,,,,,,,,,,,165.6,150,,,,,,,,,,,,,,,,,,
2026-07-05T16:02:24.775323+00:00,2026-07-05T16:02:24.775264,2,2,165.5,0.2,165.4,100,165.1,150,,,,,,,,,,,,,,,,,165.6,150,165.9,100,,,,,,,,,,,,,,,,
2026-07-05T16:02:25.686067+00:00,2026-07-05T16:02:25.685925,2,2,165.5,0.2,165.4,50,165.1,150,,,,,,,,,,,,,,,,,165.6,150,165.9,100,,,,,,,,,,,,,,,,
2026-07-05T16:02:27.007707+00:00,2026-07-05T16:02:27.007637,1,1,165.65,0.5,165.4,50,,,,,,,,,,,,,,,,,,,165.9,100,,,,,,,,,,,,,,,,,,
2026-07-05T16:02:27.058629+00:00,2026-07-05T16:02:27.057322,2,1,165.65,0.5,165.4,50,165.1,150,,,,,,,,,,,,,,,,,165.9,100,,,,,,,,,,,,,,,,,,
2026-07-05T16:02:27.116368+00:00,2026-07-05T16:02:27.116294,2,2,165.5,0.2,165.4,50,165.1,150,,,,,,,,,,,,,,,,,165.6,150,165.9,100,,,,,,,,,,,,,,,,
2026-07-05T16:02:27.742799+00:00,2026-07-05T16:02:27.742738,2,2,165.5,0.2,165.4,50,165.1,150,,,,,,,,,,,,,,,,,165.6,100,165.9,100,,,,,,,,,,,,,,,,
2026-07-05T16:02:27.829964+00:00,2026-07-05T16:02:27.830087,1,1,165.35,0.5,165.1,150,,,,,,,,,,,,,,,,,,,165.6,100,,,,,,,,,,,,,,,,,,
2026-07-05T16:02:27.884351+00:00,2026-07-05T16:02:27.884510,2,1,165.4,0.4,165.2,100,165.1,150,,,,,,,,,,,,,,,,,165.6,100,,,,,,,,,,,,,,,,,,
2026-07-05T16:02:27.937766+00:00,2026-07-05T16:02:27.937568,2,2,165.4,0.4,165.2,100,165.1,150,,,,,,,,,,,,,,,,,165.6,100,165.7,100,,,,,,,,,,,,,,,,
2026-07-05T16:02:29.909537+00:00,2026-07-05T16:02:29.909474,2,2,165.4,0.4,165.2,100,165.1,150,,,,,,,,,,,,,,,,,165.6,57,165.7,100,,,,,,,,,,,,,,,,
2026-07-05T16:02:30.170135+00:00,2026-07-05T16:02:30.170036,1,1,165.45,0.5,165.2,100,,,,,,,,,,,,,,,,,,,165.7,100,,,,,,,,,,,,,,,,,,
2026-07-05T16:02:30.221652+00:00,2026-07-05T16:02:30.221766,2,1,165.6,0.2,165.5,150,165.2,100,,,,,,,,,,,,,,,,,165.7,100,,,,,,,,,,,,,,,,,,
2026-07-05T16:02:30.279405+00:00,2026-07-05T16:02:30.279358,2,2,165.6,0.2,165.5,150,165.2,100,,,,,,,,,,,,,,,,,165.7,100,166.0,150,,,,,,,,,,,,,,,,
2026-07-05T16:02:30.992671+00:00,2026-07-05T16:02:30.992588,1,1,165.75,0.5,165.5,150,,,,,,,,,,,,,,,,,,,166.0,150,,,,,,,,,,,,,,,,,,
2026-07-05T16:02:31.052289+00:00,2026-07-05T16:02:31.052371,2,1,165.75,0.5,165.5,150,165.2,100,,,,,,,,,,,,,,,,,166.0,150,,,,,,,,,,,,,,,,,,
2026-07-05T16:02:31.105005+00:00,2026-07-05T16:02:31.105097,2,2,165.6,0.2,165.5,150,165.2,100,,,,,,,,,,,,,,,,,165.7,100,166.0,150,,,,,,,,,,,,,,,,
2026-07-05T16:02:32.031744+00:00,2026-07-05T16:02:32.031662,2,2,165.6,0.2,165.5,100,165.2,100,,,,,,,,,,,,,,,,,165.7,100,166.0,150,,,,,,,,,,,,,,,,
2026-07-05T16:02:33.336752+00:00,2026-07-05T16:02:33.336668,1,1,165.45,0.5,165.2,100,,,,,,,,,,,,,,,,,,,165.7,100,,,,,,,,,,,,,,,,,,
2026-07-05T16:02:33.386522+00:00,2026-07-05T16:02:33.386412,1,1,165.45,0.5,165.2,250,,,,,,,,,,,,,,,,,,,165.7,100,,,,,,,,,,,,,,,,,,
2026-07-05T16:02:33.444689+00:00,2026-07-05T16:02:33.444659,1,1,165.45,0.5,165.2,250,,,,,,,,,,,,,,,,,,,165.7,250,,,,,,,,,,,,,,,,,,
2026-07-05T16:02:33.984753+00:00,2026-07-05T16:02:33.984677,1,1,165.45,0.5,165.2,207,,,,,,,,,,,,,,,,,,,165.7,250,,,,,,,,,,,,,,,,,,
2026-07-05T16:02:34.135209+00:00,2026-07-05T16:02:34.135087,1,1,165.45,0.5,165.2,157,,,,,,,,,,,,,,,,,,,165.7,250,,,,,,,,,,,,,,,,,,
2026-07-05T16:02:34.155699+00:00,2026-07-05T16:02:34.155862,1,1,165.45,0.5,165.2,150,,,,,,,,,,,,,,,,,,,165.7,150,,,,,,,,,,,,,,,,,,
2026-07-05T16:02:34.210310+00:00,2026-07-05T16:02:34.210281,2,1,165.45,0.5,165.2,150,164.8,100,,,,,,,,,,,,,,,,,165.7,150,,,,,,,,,,,,,,,,,,
2026-07-05T16:02:34.263899+00:00,2026-07-05T16:02:34.263749,2,2,165.25,0.1,165.2,150,164.8,100,,,,,,,,,,,,,,,,,165.3,100,165.7,150,,,,,,,,,,,,,,,,
2026-07-05T16:02:35.472515+00:00,2026-07-05T16:02:35.467566,2,2,165.25,0.1,165.2,150,164.8,100,,,,,,,,,,,,,,,,,165.3,88,165.7,150,,,,,,,,,,,,,,,,
2026-07-05T16:02:36.500965+00:00,2026-07-05T16:02:36.500890,1,1,165.05,0.5,164.8,100,,,,,,,,,,,,,,,,,,,165.3,88,,,,,,,,,,,,,,,,,,
2026-07-05T16:02:36.555815+00:00,2026-07-05T16:02:36.555790,2,0,,,165.3,62,164.8,100,,,,,,,,,,,,,,,,,,,,,,,,,,,,,,,,,,,,
2026-07-05T16:02:36.612076+00:00,2026-07-05T16:02:36.611971,2,1,165.55,0.5,165.3,62,164.8,100,,,,,,,,,,,,,,,,,165.8,150,,,,,,,,,,,,,,,,,,
2026-07-05T16:02:36.781654+00:00,2026-07-05T16:02:36.775301,2,1,165.55,0.5,165.3,39,164.8,100,,,,,,,,,,,,,,,,,165.8,150,,,,,,,,,,,,,,,,,,
2026-07-05T16:02:37.320190+00:00,2026-07-05T16:02:37.320285,1,1,165.55,0.5,165.3,39,,,,,,,,,,,,,,,,,,,165.8,150,,,,,,,,,,,,,,,,,,
2026-07-05T16:02:37.373996+00:00,2026-07-05T16:02:37.373955,2,1,165.55,0.5,165.3,39,164.9,100,,,,,,,,,,,,,,,,,165.8,150,,,,,,,,,,,,,,,,,,
2026-07-05T16:02:37.426636+00:00,2026-07-05T16:02:37.426559,2,2,165.35,0.1,165.3,39,164.9,100,,,,,,,,,,,,,,,,,165.4,100,165.8,150,,,,,,,,,,,,,,,,
2026-07-05T16:02:38.321581+00:00,2026-07-05T16:02:38.321681,2,2,165.35,0.1,165.3,39,164.9,100,,,,,,,,,,,,,,,,,165.4,50,165.8,150,,,,,,,,,,,,,,,,
2026-07-05T16:02:39.665914+00:00,2026-07-05T16:02:39.665843,1,1,165.15,0.5,164.9,100,,,,,,,,,,,,,,,,,,,165.4,50,,,,,,,,,,,,,,,,,,
2026-07-05T16:02:39.720870+00:00,2026-07-05T16:02:39.720792,2,1,165.15,0.5,164.9,100,164.4,150,,,,,,,,,,,,,,,,,165.4,50,,,,,,,,,,,,,,,,,,
2026-07-05T16:02:39.773675+00:00,2026-07-05T16:02:39.773644,1,2,164.65,0.5,164.4,150,,,,,,,,,,,,,,,,,,,164.9,50,165.4,50,,,,,,,,,,,,,,,,
2026-07-05T16:02:39.785971+00:00,2026-07-05T16:02:39.778815,1,2,164.65,0.5,164.4,150,,,,,,,,,,,,,,,,,,,164.9,27,165.4,50,,,,,,,,,,,,,,,,
2026-07-05T16:02:40.429080+00:00,2026-07-05T16:02:40.429025,1,1,164.9,1.0,164.4,150,,,,,,,,,,,,,,,,,,,165.4,27,,,,,,,,,,,,,,,,,,
2026-07-05T16:02:40.490833+00:00,2026-07-05T16:02:40.490735,1,0,,,164.4,150,,,,,,,,,,,,,,,,,,,,,,,,,,,,,,,,,,,,,,
2026-07-05T16:02:40.544288+00:00,2026-07-05T16:02:40.544140,2,0,,,164.8,100,164.4,150,,,,,,,,,,,,,,,,,,,,,,,,,,,,,,,,,,,,
2026-07-05T16:02:40.597343+00:00,2026-07-05T16:02:40.597222,2,1,165.05,0.5,164.8,100,164.4,150,,,,,,,,,,,,,,,,,165.3,100,,,,,,,,,,,,,,,,,,
2026-07-05T16:02:41.370943+00:00,2026-07-05T16:02:41.370874,2,1,165.05,0.5,164.8,55,164.4,150,,,,,,,,,,,,,,,,,165.3,100,,,,,,,,,,,,,,,,,,
2026-07-05T16:02:42.545869+00:00,2026-07-05T16:02:42.545744,2,1,165.05,0.5,164.8,55,164.4,150,,,,,,,,,,,,,,,,,165.3,50,,,,,,,,,,,,,,,,,,
2026-07-05T16:02:42.828555+00:00,2026-07-05T16:02:42.828435,1,1,165.05,0.5,164.8,55,,,,,,,,,,,,,,,,,,,165.3,50,,,,,,,,,,,,,,,,,,
2026-07-05T16:02:42.883217+00:00,2026-07-05T16:02:42.883116,2,1,165.1,0.4,164.9,150,164.8,55,,,,,,,,,,,,,,,,,165.3,50,,,,,,,,,,,,,,,,,,
2026-07-05T16:02:42.936252+00:00,2026-07-05T16:02:42.936081,2,2,165.1,0.4,164.9,150,164.8,55,,,,,,,,,,,,,,,,,165.3,50,165.4,150,,,,,,,,,,,,,,,,
2026-07-05T16:02:43.080213+00:00,2026-07-05T16:02:43.080163,2,2,165.1,0.4,164.9,150,164.8,55,,,,,,,,,,,,,,,,,165.3,2,165.4,150,,,,,,,,,,,,,,,,
2026-07-05T16:02:43.653849+00:00,2026-07-05T16:02:43.653763,1,1,165.15,0.5,164.9,150,,,,,,,,,,,,,,,,,,,165.4,150,,,,,,,,,,,,,,,,,,
2026-07-05T16:02:43.708265+00:00,2026-07-05T16:02:43.708164,1,1,165.15,0.5,164.9,250,,,,,,,,,,,,,,,,,,,165.4,150,,,,,,,,,,,,,,,,,,
2026-07-05T16:02:43.758617+00:00,2026-07-05T16:02:43.756359,1,1,165.15,0.5,164.9,250,,,,,,,,,,,,,,,,,,,165.4,250,,,,,,,,,,,,,,,,,,
2026-07-05T16:02:44.739310+00:00,2026-07-05T16:02:44.739070,1,1,165.15,0.5,164.9,200,,,,,,,,,,,,,,,,,,,165.4,250,,,,,,,,,,,,,,,,,,
2026-07-05T16:02:45.838078+00:00,2026-07-05T16:02:45.837955,1,1,165.15,0.5,164.9,155,,,,,,,,,,,,,,,,,,,165.4,250,,,,,,,,,,,,,,,,,,
2026-07-05T16:02:45.958945+00:00,2026-07-05T16:02:45.953366,1,1,165.15,0.5,164.9,143,,,,,,,,,,,,,,,,,,,165.4,250,,,,,,,,,,,,,,,,,,
2026-07-05T16:02:45.991427+00:00,2026-07-05T16:02:45.991374,1,1,165.15,0.5,164.9,100,,,,,,,,,,,,,,,,,,,165.4,100,,,,,,,,,,,,,,,,,,
2026-07-05T16:02:46.045933+00:00,2026-07-05T16:02:46.045887,2,1,165.15,0.5,164.9,100,164.3,150,,,,,,,,,,,,,,,,,165.4,100,,,,,,,,,,,,,,,,,,
2026-07-05T16:02:46.098984+00:00,2026-07-05T16:02:46.098850,1,2,164.55,0.5,164.3,150,,,,,,,,,,,,,,,,,,,164.8,50,165.4,100,,,,,,,,,,,,,,,,
2026-07-05T16:02:46.815401+00:00,2026-07-05T16:02:46.815504,1,1,164.55,0.5,164.3,150,,,,,,,,,,,,,,,,,,,164.8,50,,,,,,,,,,,,,,,,,,
2026-07-05T16:02:46.847055+00:00,2026-07-05T16:02:46.847182,1,1,164.55,0.5,164.3,100,,,,,,,,,,,,,,,,,,,164.8,50,,,,,,,,,,,,,,,,,,
2026-07-05T16:02:46.869281+00:00,2026-07-05T16:02:46.869117,1,1,164.55,0.5,164.3,200,,,,,,,,,,,,,,,,,,,164.8,50,,,,,,,,,,,,,,,,,,
2026-07-05T16:02:46.923236+00:00,2026-07-05T16:02:46.923345,1,1,164.55,0.5,164.3,200,,,,,,,,,,,,,,,,,,,164.8,150,,,,,,,,,,,,,,,,,,
2026-07-05T16:02:47.628621+00:00,2026-07-05T16:02:47.628468,1,1,164.55,0.5,164.3,200,,,,,,,,,,,,,,,,,,,164.8,101,,,,,,,,,,,,,,,,,,
2026-07-05T16:02:48.980486+00:00,2026-07-05T16:02:48.980382,1,1,164.55,0.5,164.3,150,,,,,,,,,,,,,,,,,,,164.8,101,,,,,,,,,,,,,,,,,,
2026-07-05T16:02:49.158588+00:00,2026-07-05T16:02:49.154539,1,1,164.55,0.5,164.3,100,,,,,,,,,,,,,,,,,,,164.8,100,,,,,,,,,,,,,,,,,,
2026-07-05T16:02:49.207467+00:00,2026-07-05T16:02:49.207286,2,1,164.65,0.3,164.5,150,164.3,100,,,,,,,,,,,,,,,,,164.8,100,,,,,,,,,,,,,,,,,,
2026-07-05T16:02:49.263900+00:00,2026-07-05T16:02:49.263773,2,2,164.65,0.3,164.5,150,164.3,100,,,,,,,,,,,,,,,,,164.8,100,165.0,150,,,,,,,,,,,,,,,,
2026-07-05T16:02:49.974702+00:00,2026-07-05T16:02:49.974609,1,1,164.75,0.5,164.5,150,,,,,,,,,,,,,,,,,,,165.0,150,,,,,,,,,,,,,,,,,,
2026-07-05T16:02:50.030608+00:00,2026-07-05T16:02:50.030503,2,1,164.75,0.5,164.5,150,164.4,100,,,,,,,,,,,,,,,,,165.0,150,,,,,,,,,,,,,,,,,,
2026-07-05T16:02:50.082618+00:00,2026-07-05T16:02:50.082536,2,2,164.7,0.4,164.5,150,164.4,100,,,,,,,,,,,,,,,,,164.9,100,165.0,150,,,,,,,,,,,,,,,,
2026-07-05T16:02:52.316116+00:00,2026-07-05T16:02:52.316009,1,1,164.65,0.5,164.4,100,,,,,,,,,,,,,,,,,,,164.9,100,,,,,,,,,,,,,,,,,,
2026-07-05T16:02:52.371521+00:00,2026-07-05T16:02:52.371446,2,1,164.7,0.4,164.5,150,164.4,100,,,,,,,,,,,,,,,,,164.9,100,,,,,,,,,,,,,,,,,,
2026-07-05T16:02:52.424373+00:00,2026-07-05T16:02:52.424258,2,2,164.7,0.4,164.5,150,164.4,100,,,,,,,,,,,,,,,,,164.9,100,165.0,150,,,,,,,,,,,,,,,,
2026-07-05T16:02:53.136196+00:00,2026-07-05T16:02:53.136080,1,1,164.75,0.5,164.5,150,,,,,,,,,,,,,,,,,,,165.0,150,,,,,,,,,,,,,,,,,,
2026-07-05T16:02:53.141411+00:00,2026-07-05T16:02:53.141290,1,1,164.75,0.5,164.5,150,,,,,,,,,,,,,,,,,,,165.0,100,,,,,,,,,,,,,,,,,,
2026-07-05T16:02:53.190681+00:00,2026-07-05T16:02:53.190581,1,1,164.75,0.5,164.5,250,,,,,,,,,,,,,,,,,,,165.0,100,,,,,,,,,,,,,,,,,,
2026-07-05T16:02:53.244326+00:00,2026-07-05T16:02:53.244239,1,1,164.75,0.5,164.5,250,,,,,,,,,,,,,,,,,,,165.0,200,,,,,,,,,,,,,,,,,,
2026-07-05T16:02:55.273564+00:00,2026-07-05T16:02:55.273516,1,1,164.75,0.5,164.5,250,,,,,,,,,,,,,,,,,,,165.0,150,,,,,,,,,,,,,,,,,,
2026-07-05T16:02:55.478353+00:00,2026-07-05T16:02:55.478298,1,1,164.75,0.5,164.5,100,,,,,,,,,,,,,,,,,,,165.0,100,,,,,,,,,,,,,,,,,,
2026-07-05T16:02:55.534307+00:00,2026-07-05T16:02:55.534276,2,1,164.95,0.1,164.9,150,164.5,100,,,,,,,,,,,,,,,,,165.0,100,,,,,,,,,,,,,,,,,,
2026-07-05T16:02:55.587214+00:00,2026-07-05T16:02:55.587092,2,2,164.95,0.1,164.9,150,164.5,100,,,,,,,,,,,,,,,,,165.0,100,165.4,150,,,,,,,,,,,,,,,,
2026-07-05T16:02:55.592366+00:00,2026-07-05T16:02:55.592288,2,2,164.95,0.1,164.9,106,164.5,100,,,,,,,,,,,,,,,,,165.0,100,165.4,150,,,,,,,,,,,,,,,,
2026-07-05T16:02:56.205496+00:00,2026-07-05T16:02:56.205691,2,2,164.95,0.1,164.9,64,164.5,100,,,,,,,,,,,,,,,,,165.0,100,165.4,150,,,,,,,,,,,,,,,,
2026-07-05T16:02:56.299860+00:00,2026-07-05T16:02:56.299758,1,1,165.15,0.5,164.9,64,,,,,,,,,,,,,,,,,,,165.4,150,,,,,,,,,,,,,,,,,,
2026-07-05T16:02:56.353923+00:00,2026-07-05T16:02:56.353807,2,1,165.15,0.5,164.9,64,164.4,100,,,,,,,,,,,,,,,,,165.4,150,,,,,,,,,,,,,,,,,,
2026-07-05T16:02:56.407682+00:00,2026-07-05T16:02:56.407566,1,2,164.65,0.5,164.4,100,,,,,,,,,,,,,,,,,,,164.9,36,165.4,150,,,,,,,,,,,,,,,,
2026-07-05T16:02:57.383291+00:00,2026-07-05T16:02:57.383155,1,1,164.9,1.0,164.4,100,,,,,,,,,,,,,,,,,,,165.4,136,,,,,,,,,,,,,,,,,,
2026-07-05T16:02:58.645288+00:00,2026-07-05T16:02:58.645253,1,0,,,164.4,100,,,,,,,,,,,,,,,,,,,,,,,,,,,,,,,,,,,,,,
2026-07-05T16:02:58.704001+00:00,2026-07-05T16:02:58.703848,1,0,,,164.4,250,,,,,,,,,,,,,,,,,,,,,,,,,,,,,,,,,,,,,,
2026-07-05T16:02:58.758669+00:00,2026-07-05T16:02:58.756541,1,1,164.65,0.5,164.4,250,,,,,,,,,,,,,,,,,,,164.9,150,,,,,,,,,,,,,,,,,,
2026-07-05T16:02:59.464425+00:00,2026-07-05T16:02:59.464372,1,1,164.65,0.5,164.4,150,,,,,,,,,,,,,,,,,,,164.9,150,,,,,,,,,,,,,,,,,,
2026-07-05T16:02:59.496306+00:00,2026-07-05T16:02:59.496272,1,1,164.65,0.5,164.4,150,,,,,,,,,,,,,,,,,,,164.9,100,,,,,,,,,,,,,,,,,,
2026-07-05T16:02:59.518073+00:00,2026-07-05T16:02:59.518011,1,0,,,164.4,150,,,,,,,,,,,,,,,,,,,,,,,,,,,,,,,,,,,,,,
2026-07-05T16:02:59.572453+00:00,2026-07-05T16:02:59.572354,1,1,164.9,1.0,164.4,150,,,,,,,,,,,,,,,,,,,165.4,100,,,,,,,,,,,,,,,,,,
2026-07-05T16:03:00.227075+00:00,2026-07-05T16:03:00.227007,1,1,164.9,1.0,164.4,150,,,,,,,,,,,,,,,,,,,165.4,60,,,,,,,,,,,,,,,,,,
2026-07-05T16:03:01.601590+00:00,2026-07-05T16:03:01.601515,1,1,164.9,1.0,164.4,150,,,,,,,,,,,,,,,,,,,165.4,10,,,,,,,,,,,,,,,,,,
2026-07-05T16:03:01.809896+00:00,2026-07-05T16:03:01.809841,0,1,,,,,,,,,,,,,,,,,,,,,,,165.4,10,,,,,,,,,,,,,,,,,,
2026-07-05T16:03:01.872719+00:00,2026-07-05T16:03:01.865542,1,1,165.2,0.4,165.0,139,,,,,,,,,,,,,,,,,,,165.4,10,,,,,,,,,,,,,,,,,,
2026-07-05T16:03:01.916992+00:00,2026-07-05T16:03:01.917099,1,2,165.2,0.4,165.0,139,,,,,,,,,,,,,,,,,,,165.4,10,165.5,150,,,,,,,,,,,,,,,,
2026-07-05T16:03:02.625270+00:00,2026-07-05T16:03:02.625189,1,1,165.25,0.5,165.0,139,,,,,,,,,,,,,,,,,,,165.5,150,,,,,,,,,,,,,,,,,,
2026-07-05T16:03:02.673463+00:00,2026-07-05T16:03:02.673413,2,1,165.25,0.5,165.0,139,164.7,100,,,,,,,,,,,,,,,,,165.5,150,,,,,,,,,,,,,,,,,,
2026-07-05T16:03:02.726617+00:00,2026-07-05T16:03:02.726740,2,2,165.1,0.2,165.0,139,164.7,100,,,,,,,,,,,,,,,,,165.2,100,165.5,150,,,,,,,,,,,,,,,,
2026-07-05T16:03:03.000016+00:00,2026-07-05T16:03:02.999866,2,2,165.1,0.2,165.0,139,164.7,100,,,,,,,,,,,,,,,,,165.2,54,165.5,150,,,,,,,,,,,,,,,,
2026-07-05T16:03:03.663824+00:00,2026-07-05T16:03:03.663765,2,2,165.1,0.2,165.0,94,164.7,100,,,,,,,,,,,,,,,,,165.2,54,165.5,150,,,,,,,,,,,,,,,,
2026-07-05T16:03:03.719260+00:00,2026-07-05T16:03:03.719155,2,2,165.1,0.2,165.0,94,164.7,100,,,,,,,,,,,,,,,,,165.2,4,165.5,150,,,,,,,,,,,,,,,,
2026-07-05T16:03:04.970751+00:00,2026-07-05T16:03:04.970854,1,1,164.95,0.5,164.7,100,,,,,,,,,,,,,,,,,,,165.2,4,,,,,,,,,,,,,,,,,,
2026-07-05T16:03:05.026428+00:00,2026-07-05T16:03:05.026317,2,1,165.0,0.4,164.8,150,164.7,100,,,,,,,,,,,,,,,,,165.2,4,,,,,,,,,,,,,,,,,,
2026-07-05T16:03:05.079138+00:00,2026-07-05T16:03:05.079059,2,2,165.0,0.4,164.8,150,164.7,100,,,,,,,,,,,,,,,,,165.2,4,165.3,150,,,,,,,,,,,,,,,,
2026-07-05T16:03:05.227144+00:00,2026-07-05T16:03:05.226859,2,2,165.0,0.4,164.8,106,164.7,100,,,,,,,,,,,,,,,,,165.2,4,165.3,150,,,,,,,,,,,,,,,,
2026-07-05T16:03:05.785210+00:00,2026-07-05T16:03:05.785173,1,1,165.05,0.5,164.8,106,,,,,,,,,,,,,,,,,,,165.3,150,,,,,,,,,,,,,,,,,,
2026-07-05T16:03:05.826466+00:00,2026-07-05T16:03:05.826391,1,1,165.05,0.5,164.8,106,,,,,,,,,,,,,,,,,,,165.3,100,,,,,,,,,,,,,,,,,,
2026-07-05T16:03:05.841573+00:00,2026-07-05T16:03:05.841659,2,1,165.15,0.3,165.0,100,164.8,106,,,,,,,,,,,,,,,,,165.3,100,,,,,,,,,,,,,,,,,,
2026-07-05T16:03:05.895004+00:00,2026-07-05T16:03:05.894888,2,2,165.15,0.3,165.0,100,164.8,106,,,,,,,,,,,,,,,,,165.3,100,165.5,100,,,,,,,,,,,,,,,,
2026-07-05T16:03:06.709676+00:00,2026-07-05T16:03:06.709618,2,2,165.15,0.3,165.0,100,164.8,106,,,,,,,,,,,,,,,,,165.3,52,165.5,100,,,,,,,,,,,,,,,,
2026-07-05T16:03:07.205842+00:00,2026-07-05T16:03:07.205704,2,2,165.15,0.3,165.0,100,164.8,106,,,,,,,,,,,,,,,,,165.3,11,165.5,100,,,,,,,,,,,,,,,,
2026-07-05T16:03:07.712195+00:00,2026-07-05T16:03:07.712317,2,2,165.15,0.3,165.0,52,164.8,106,,,,,,,,,,,,,,,,,165.3,11,165.5,100,,,,,,,,,,,,,,,,
2026-07-05T16:03:07.934920+00:00,2026-07-05T16:03:07.934847,2,1,165.25,0.5,165.0,52,164.8,106,,,,,,,,,,,,,,,,,165.5,61,,,,,,,,,,,,,,,,,,
2026-07-05T16:03:08.133572+00:00,2026-07-05T16:03:08.133501,1,1,165.25,0.5,165.0,52,,,,,,,,,,,,,,,,,,,165.5,61,,,,,,,,,,,,,,,,,,
2026-07-05T16:03:08.200734+00:00,2026-07-05T16:03:08.193856,2,1,165.45,0.1,165.4,127,165.0,52,,,,,,,,,,,,,,,,,165.5,17,,,,,,,,,,,,,,,,,,
2026-07-05T16:03:08.243378+00:00,2026-07-05T16:03:08.243449,2,2,165.45,0.1,165.4,127,165.0,52,,,,,,,,,,,,,,,,,165.5,17,165.8,150,,,,,,,,,,,,,,,,
2026-07-05T16:03:08.958607+00:00,2026-07-05T16:03:08.949774,1,1,165.6,0.4,165.4,127,,,,,,,,,,,,,,,,,,,165.8,150,,,,,,,,,,,,,,,,,,
2026-07-05T16:03:09.006409+00:00,2026-07-05T16:03:09.006259,2,1,165.6,0.4,165.4,127,165.3,100,,,,,,,,,,,,,,,,,165.8,150,,,,,,,,,,,,,,,,,,
2026-07-05T16:03:09.059041+00:00,2026-07-05T16:03:09.058923,2,1,165.6,0.4,165.4,127,165.3,100,,,,,,,,,,,,,,,,,165.8,250,,,,,,,,,,,,,,,,,,
2026-07-05T16:03:10.042905+00:00,2026-07-05T16:03:10.042767,2,1,165.6,0.4,165.4,127,165.3,100,,,,,,,,,,,,,,,,,165.8,200,,,,,,,,,,,,,,,,,,
2026-07-05T16:03:11.295265+00:00,2026-07-05T16:03:11.295158,2,1,165.6,0.4,165.4,127,165.3,100,,,,,,,,,,,,,,,,,165.8,100,,,,,,,,,,,,,,,,,,
2026-07-05T16:03:11.300443+00:00,2026-07-05T16:03:11.300346,1,1,165.55,0.5,165.3,100,,,,,,,,,,,,,,,,,,,165.8,100,,,,,,,,,,,,,,,,,,
2026-07-05T16:03:11.472846+00:00,2026-07-05T16:03:11.464844,2,2,165.65,0.3,165.5,147,165.3,100,,,,,,,,,,,,,,,,,165.8,100,166.0,150,,,,,,,,,,,,,,,,
2026-07-05T16:03:12.113860+00:00,2026-07-05T16:03:12.113741,1,1,165.75,0.5,165.5,147,,,,,,,,,,,,,,,,,,,166.0,150,,,,,,,,,,,,,,,,,,
2026-07-05T16:03:12.158599+00:00,2026-07-05T16:03:12.157546,2,1,165.75,0.5,165.5,147,165.3,100,,,,,,,,,,,,,,,,,166.0,150,,,,,,,,,,,,,,,,,,
2026-07-05T16:03:12.200732+00:00,2026-07-05T16:03:12.200811,2,1,165.75,0.5,165.5,97,165.3,100,,,,,,,,,,,,,,,,,166.0,150,,,,,,,,,,,,,,,,,,
2026-07-05T16:03:12.216548+00:00,2026-07-05T16:03:12.216504,2,2,165.65,0.3,165.5,97,165.3,100,,,,,,,,,,,,,,,,,165.8,100,166.0,150,,,,,,,,,,,,,,,,
2026-07-05T16:03:14.306223+00:00,2026-07-05T16:03:14.306146,2,2,165.65,0.3,165.5,47,165.3,100,,,,,,,,,,,,,,,,,165.8,100,166.0,150,,,,,,,,,,,,,,,,
2026-07-05T16:03:14.498251+00:00,2026-07-05T16:03:14.498428,2,1,165.65,0.3,165.5,47,165.3,100,,,,,,,,,,,,,,,,,165.8,100,,,,,,,,,,,,,,,,,,
2026-07-05T16:03:14.503714+00:00,2026-07-05T16:03:14.503598,1,1,165.55,0.5,165.3,100,,,,,,,,,,,,,,,,,,,165.8,100,,,,,,,,,,,,,,,,,,
2026-07-05T16:03:14.558570+00:00,2026-07-05T16:03:14.554794,2,1,165.55,0.5,165.3,100,165.1,150,,,,,,,,,,,,,,,,,165.8,100,,,,,,,,,,,,,,,,,,
2026-07-05T16:03:14.607891+00:00,2026-07-05T16:03:14.607990,2,2,165.45,0.3,165.3,100,165.1,150,,,,,,,,,,,,,,,,,165.6,150,165.8,100,,,,,,,,,,,,,,,,
2026-07-05T16:03:15.275157+00:00,2026-07-05T16:03:15.275088,1,1,165.35,0.5,165.1,150,,,,,,,,,,,,,,,,,,,165.6,150,,,,,,,,,,,,,,,,,,
2026-07-05T16:03:15.329597+00:00,2026-07-05T16:03:15.329562,2,1,165.45,0.3,165.3,100,165.1,150,,,,,,,,,,,,,,,,,165.6,150,,,,,,,,,,,,,,,,,,
2026-07-05T16:03:15.379385+00:00,2026-07-05T16:03:15.379011,2,2,165.45,0.3,165.3,100,165.1,150,,,,,,,,,,,,,,,,,165.6,150,165.8,100,,,,,,,,,,,,,,,,
2026-07-05T16:03:16.414495+00:00,2026-07-05T16:03:16.414422,2,2,165.45,0.3,165.3,50,165.1,150,,,,,,,,,,,,,,,,,165.6,150,165.8,100,,,,,,,,,,,,,,,,
2026-07-05T16:03:17.658624+00:00,2026-07-05T16:03:17.657431,1,1,165.55,0.5,165.3,50,,,,,,,,,,,,,,,,,,,165.8,100,,,,,,,,,,,,,,,,,,
2026-07-05T16:03:17.716934+00:00,2026-07-05T16:03:17.716825,2,1,165.55,0.5,165.3,50,165.2,150,,,,,,,,,,,,,,,,,165.8,100,,,,,,,,,,,,,,,,,,
2026-07-05T16:03:17.769373+00:00,2026-07-05T16:03:17.769284,2,2,165.5,0.4,165.3,50,165.2,150,,,,,,,,,,,,,,,,,165.7,150,165.8,100,,,,,,,,,,,,,,,,
2026-07-05T16:03:18.437197+00:00,2026-07-05T16:03:18.437126,1,1,165.45,0.5,165.2,150,,,,,,,,,,,,,,,,,,,165.7,150,,,,,,,,,,,,,,,,,,
2026-07-05T16:03:18.492309+00:00,2026-07-05T16:03:18.492238,2,1,165.5,0.4,165.3,100,165.2,150,,,,,,,,,,,,,,,,,165.7,150,,,,,,,,,,,,,,,,,,
2026-07-05T16:03:18.542947+00:00,2026-07-05T16:03:18.543059,2,2,165.5,0.4,165.3,100,165.2,150,,,,,,,,,,,,,,,,,165.7,150,165.8,100,,,,,,,,,,,,,,,,
2026-07-05T16:03:18.670946+00:00,2026-07-05T16:03:18.670841,2,2,165.5,0.4,165.3,60,165.2,150,,,,,,,,,,,,,,,,,165.7,150,165.8,100,,,,,,,,,,,,,,,,
2026-07-05T16:03:20.585725+00:00,2026-07-05T16:03:20.585590,2,2,165.5,0.4,165.3,60,165.2,150,,,,,,,,,,,,,,,,,165.7,100,165.8,100,,,,,,,,,,,,,,,,
2026-07-05T16:03:20.823531+00:00,2026-07-05T16:03:20.823493,1,1,165.55,0.5,165.3,60,,,,,,,,,,,,,,,,,,,165.8,100,,,,,,,,,,,,,,,,,,
2026-07-05T16:03:20.875581+00:00,2026-07-05T16:03:20.875502,2,1,165.6,0.4,165.4,150,165.3,18,,,,,,,,,,,,,,,,,165.8,100,,,,,,,,,,,,,,,,,,
2026-07-05T16:03:20.931822+00:00,2026-07-05T16:03:20.931710,2,2,165.6,0.4,165.4,150,165.3,18,,,,,,,,,,,,,,,,,165.8,100,165.9,150,,,,,,,,,,,,,,,,
2026-07-05T16:03:21.596077+00:00,2026-07-05T16:03:21.596046,1,1,165.65,0.5,165.4,150,,,,,,,,,,,,,,,,,,,165.9,150,,,,,,,,,,,,,,,,,,
2026-07-05T16:03:21.658532+00:00,2026-07-05T16:03:21.655255,2,1,165.65,0.5,165.4,150,165.0,100,,,,,,,,,,,,,,,,,165.9,150,,,,,,,,,,,,,,,,,,
2026-07-05T16:03:21.712454+00:00,2026-07-05T16:03:21.712132,2,2,165.45,0.1,165.4,150,165.0,100,,,,,,,,,,,,,,,,,165.5,100,165.9,150,,,,,,,,,,,,,,,,
2026-07-05T16:03:22.013248+00:00,2026-07-05T16:03:22.013195,2,2,165.45,0.1,165.4,105,165.0,100,,,,,,,,,,,,,,,,,165.5,100,165.9,150,,,,,,,,,,,,,,,,
2026-07-05T16:03:22.681445+00:00,2026-07-05T16:03:22.681387,2,2,165.45,0.1,165.4,105,165.0,100,,,,,,,,,,,,,,,,,165.5,50,165.9,150,,,,,,,,,,,,,,,,
2026-07-05T16:03:22.701537+00:00,2026-07-05T16:03:22.695623,2,2,165.45,0.1,165.4,105,165.0,100,,,,,,,,,,,,,,,,,165.5,47,165.9,150,,,,,,,,,,,,,,,,
2026-07-05T16:03:23.094597+00:00,2026-07-05T16:03:23.094502,2,2,165.45,0.1,165.4,105,165.0,100,,,,,,,,,,,,,,,,,165.5,5,165.9,150,,,,,,,,,,,,,,,,
2026-07-05T16:03:23.984693+00:00,2026-07-05T16:03:23.984638,1,1,165.25,0.5,165.0,100,,,,,,,,,,,,,,,,,,,165.5,5,,,,,,,,,,,,,,,,,,
2026-07-05T16:03:24.039388+00:00,2026-07-05T16:03:24.039265,2,1,165.45,0.1,165.4,150,165.0,100,,,,,,,,,,,,,,,,,165.5,5,,,,,,,,,,,,,,,,,,
2026-07-05T16:03:24.097091+00:00,2026-07-05T16:03:24.096981,2,2,165.45,0.1,165.4,150,165.0,100,,,,,,,,,,,,,,,,,165.5,5,165.9,150,,,,,,,,,,,,,,,,
2026-07-05T16:03:24.768994+00:00,2026-07-05T16:03:24.768857,1,1,165.65,0.5,165.4,150,,,,,,,,,,,,,,,,,,,165.9,150,,,,,,,,,,,,,,,,,,
2026-07-05T16:03:24.821809+00:00,2026-07-05T16:03:24.821776,2,1,165.65,0.5,165.4,150,165.2,100,,,,,,,,,,,,,,,,,165.9,150,,,,,,,,,,,,,,,,,,
2026-07-05T16:03:24.874742+00:00,2026-07-05T16:03:24.874633,2,2,165.55,0.3,165.4,150,165.2,100,,,,,,,,,,,,,,,,,165.7,100,165.9,150,,,,,,,,,,,,,,,,
2026-07-05T16:03:25.317816+00:00,2026-07-05T16:03:25.312810,2,2,165.55,0.3,165.4,147,165.2,100,,,,,,,,,,,,,,,,,165.7,100,165.9,150,,,,,,,,,,,,,,,,
2026-07-05T16:03:27.066424+00:00,2026-07-05T16:03:27.066539,2,2,165.55,0.3,165.4,147,165.2,100,,,,,,,,,,,,,,,,,165.7,58,165.9,150,,,,,,,,,,,,,,,,
2026-07-05T16:03:27.154714+00:00,2026-07-05T16:03:27.154814,1,1,165.45,0.5,165.2,100,,,,,,,,,,,,,,,,,,,165.7,58,,,,,,,,,,,,,,,,,,
2026-07-05T16:03:27.207251+00:00,2026-07-05T16:03:27.207139,2,1,165.5,0.4,165.3,150,165.2,100,,,,,,,,,,,,,,,,,165.7,58,,,,,,,,,,,,,,,,,,
2026-07-05T16:03:27.258543+00:00,2026-07-05T16:03:27.256456,2,2,165.5,0.4,165.3,150,165.2,100,,,,,,,,,,,,,,,,,165.7,58,165.8,150,,,,,,,,,,,,,,,,
2026-07-05T16:03:27.564001+00:00,2026-07-05T16:03:27.563902,2,2,165.5,0.4,165.3,105,165.2,100,,,,,,,,,,,,,,,,,165.7,58,165.8,150,,,,,,,,,,,,,,,,
2026-07-05T16:03:27.926371+00:00,2026-07-05T16:03:27.926297,1,1,165.55,0.5,165.3,105,,,,,,,,,,,,,,,,,,,165.8,150,,,,,,,,,,,,,,,,,,
2026-07-05T16:03:27.979616+00:00,2026-07-05T16:03:27.979485,2,1,165.65,0.3,165.5,100,165.3,105,,,,,,,,,,,,,,,,,165.8,150,,,,,,,,,,,,,,,,,,
2026-07-05T16:03:28.036600+00:00,2026-07-05T16:03:28.036416,2,2,165.65,0.3,165.5,100,165.3,105,,,,,,,,,,,,,,,,,165.8,150,166.0,100,,,,,,,,,,,,,,,,
2026-07-05T16:03:29.048364+00:00,2026-07-05T16:03:29.048295,2,2,165.65,0.3,165.5,50,165.3,105,,,,,,,,,,,,,,,,,165.8,150,166.0,100,,,,,,,,,,,,,,,,
2026-07-05T16:03:30.316032+00:00,2026-07-05T16:03:30.316175,1,1,165.75,0.5,165.5,50,,,,,,,,,,,,,,,,,,,166.0,100,,,,,,,,,,,,,,,,,,
2026-07-05T16:03:30.368812+00:00,2026-07-05T16:03:30.368950,2,1,165.75,0.5,165.5,50,165.1,150,,,,,,,,,,,,,,,,,166.0,100,,,,,,,,,,,,,,,,,,
2026-07-05T16:03:30.421916+00:00,2026-07-05T16:03:30.421831,2,2,165.55,0.1,165.5,50,165.1,150,,,,,,,,,,,,,,,,,165.6,150,166.0,100,,,,,,,,,,,,,,,,
2026-07-05T16:03:30.534937+00:00,2026-07-05T16:03:30.535084,2,2,165.55,0.1,165.5,50,165.1,150,,,,,,,,,,,,,,,,,165.6,101,166.0,100,,,,,,,,,,,,,,,,
2026-07-05T16:03:30.765744+00:00,2026-07-05T16:03:30.759538,2,2,165.55,0.1,165.5,50,165.1,150,,,,,,,,,,,,,,,,,165.6,98,166.0,100,,,,,,,,,,,,,,,,
2026-07-05T16:03:31.010328+00:00,2026-07-05T16:03:31.010304,2,2,165.55,0.1,165.5,50,165.1,150,,,,,,,,,,,,,,,,,165.6,56,166.0,100,,,,,,,,,,,,,,,,
2026-07-05T16:03:31.090774+00:00,2026-07-05T16:03:31.090922,1,1,165.35,0.5,165.1,150,,,,,,,,,,,,,,,,,,,165.6,56,,,,,,,,,,,,,,,,,,
2026-07-05T16:03:31.102158+00:00,2026-07-05T16:03:31.102038,1,1,165.35,0.5,165.1,150,,,,,,,,,,,,,,,,,,,165.6,6,,,,,,,,,,,,,,,,,,
2026-07-05T16:03:31.146689+00:00,2026-07-05T16:03:31.146575,2,1,165.5,0.2,165.4,100,165.1,150,,,,,,,,,,,,,,,,,165.6,6,,,,,,,,,,,,,,,,,,
2026-07-05T16:03:31.197913+00:00,2026-07-05T16:03:31.197769,2,2,165.5,0.2,165.4,100,165.1,150,,,,,,,,,,,,,,,,,165.6,6,165.9,100,,,,,,,,,,,,,,,,
2026-07-05T16:03:31.960831+00:00,2026-07-05T16:03:31.956149,2,1,165.65,0.5,165.4,100,165.1,150,,,,,,,,,,,,,,,,,165.9,100,,,,,,,,,,,,,,,,,,
2026-07-05T16:03:31.986932+00:00,2026-07-05T16:03:31.986811,2,1,165.65,0.5,165.4,60,165.1,150,,,,,,,,,,,,,,,,,165.9,100,,,,,,,,,,,,,,,,,,
2026-07-05T16:03:33.258595+00:00,2026-07-05T16:03:33.257324,2,1,165.65,0.5,165.4,10,165.1,150,,,,,,,,,,,,,,,,,165.9,100,,,,,,,,,,,,,,,,,,
2026-07-05T16:03:33.479939+00:00,2026-07-05T16:03:33.479810,1,1,165.65,0.5,165.4,10,,,,,,,,,,,,,,,,,,,165.9,100,,,,,,,,,,,,,,,,,,
2026-07-05T16:03:33.532446+00:00,2026-07-05T16:03:33.532357,2,0,,,166.0,50,165.4,10,,,,,,,,,,,,,,,,,,,,,,,,,,,,,,,,,,,,
2026-07-05T16:03:33.604528+00:00,2026-07-05T16:03:33.599967,2,1,166.25,0.5,166.0,41,165.4,10,,,,,,,,,,,,,,,,,166.5,150,,,,,,,,,,,,,,,,,,
2026-07-05T16:03:34.254903+00:00,2026-07-05T16:03:34.254989,1,1,166.25,0.5,166.0,41,,,,,,,,,,,,,,,,,,,166.5,150,,,,,,,,,,,,,,,,,,
2026-07-05T16:03:34.308129+00:00,2026-07-05T16:03:34.308026,2,1,166.25,0.5,166.0,41,165.5,100,,,,,,,,,,,,,,,,,166.5,150,,,,,,,,,,,,,,,,,,
2026-07-05T16:03:34.371624+00:00,2026-07-05T16:03:34.371520,1,2,165.75,0.5,165.5,100,,,,,,,,,,,,,,,,,,,166.0,59,166.5,150,,,,,,,,,,,,,,,,
2026-07-05T16:03:35.202256+00:00,2026-07-05T16:03:35.202134,1,2,165.75,0.5,165.5,58,,,,,,,,,,,,,,,,,,,166.0,59,166.5,150,,,,,,,,,,,,,,,,
2026-07-05T16:03:35.370134+00:00,2026-07-05T16:03:35.369998,1,2,165.75,0.5,165.5,8,,,,,,,,,,,,,,,,,,,166.0,59,166.5,150,,,,,,,,,,,,,,,,
2026-07-05T16:03:36.297186+00:00,2026-07-05T16:03:36.297040,1,2,165.75,0.5,165.5,8,,,,,,,,,,,,,,,,,,,166.0,18,166.5,150,,,,,,,,,,,,,,,,
2026-07-05T16:03:36.643955+00:00,2026-07-05T16:03:36.643790,1,1,165.75,0.5,165.5,8,,,,,,,,,,,,,,,,,,,166.0,18,,,,,,,,,,,,,,,,,,
2026-07-05T16:03:36.697205+00:00,2026-07-05T16:03:36.697332,1,1,165.75,0.5,165.5,158,,,,,,,,,,,,,,,,,,,166.0,18,,,,,,,,,,,,,,,,,,
2026-07-05T16:03:36.750994+00:00,2026-07-05T16:03:36.750811,1,1,165.75,0.5,165.5,158,,,,,,,,,,,,,,,,,,,166.0,168,,,,,,,,,,,,,,,,,,
2026-07-05T16:03:37.429446+00:00,2026-07-05T16:03:37.429360,1,1,165.75,0.5,165.5,150,,,,,,,,,,,,,,,,,,,166.0,150,,,,,,,,,,,,,,,,,,
2026-07-05T16:03:37.477867+00:00,2026-07-05T16:03:37.477997,1,1,165.75,0.5,165.5,100,,,,,,,,,,,,,,,,,,,166.0,150,,,,,,,,,,,,,,,,,,
2026-07-05T16:03:37.483227+00:00,2026-07-05T16:03:37.483137,1,1,165.75,0.5,165.5,200,,,,,,,,,,,,,,,,,,,166.0,150,,,,,,,,,,,,,,,,,,
2026-07-05T16:03:37.530768+00:00,2026-07-05T16:03:37.530655,1,1,165.75,0.5,165.5,200,,,,,,,,,,,,,,,,,,,166.0,250,,,,,,,,,,,,,,,,,,
2026-07-05T16:03:38.416654+00:00,2026-07-05T16:03:38.416628,1,1,165.75,0.5,165.5,160,,,,,,,,,,,,,,,,,,,166.0,250,,,,,,,,,,,,,,,,,,
2026-07-05T16:03:39.534401+00:00,2026-07-05T16:03:39.534340,1,1,165.75,0.5,165.5,160,,,,,,,,,,,,,,,,,,,166.0,200,,,,,,,,,,,,,,,,,,
2026-07-05T16:03:39.816763+00:00,2026-07-05T16:03:39.816687,1,1,165.75,0.5,165.5,160,,,,,,,,,,,,,,,,,,,166.0,100,,,,,,,,,,,,,,,,,,
2026-07-05T16:03:39.821760+00:00,2026-07-05T16:03:39.821854,1,1,165.75,0.5,165.5,100,,,,,,,,,,,,,,,,,,,166.0,100,,,,,,,,,,,,,,,,,,
2026-07-05T16:03:39.876904+00:00,2026-07-05T16:03:39.877048,2,1,165.75,0.5,165.5,100,165.2,150,,,,,,,,,,,,,,,,,166.0,100,,,,,,,,,,,,,,,,,,
2026-07-05T16:03:39.941478+00:00,2026-07-05T16:03:39.933498,2,2,165.6,0.2,165.5,100,165.2,150,,,,,,,,,,,,,,,,,165.7,147,166.0,100,,,,,,,,,,,,,,,,
2026-07-05T16:03:40.589731+00:00,2026-07-05T16:03:40.589683,1,1,165.45,0.5,165.2,150,,,,,,,,,,,,,,,,,,,165.7,147,,,,,,,,,,,,,,,,,,
2026-07-05T16:03:40.644743+00:00,2026-07-05T16:03:40.644558,2,1,165.6,0.2,165.5,100,165.2,150,,,,,,,,,,,,,,,,,165.7,147,,,,,,,,,,,,,,,,,,
2026-07-05T16:03:40.697384+00:00,2026-07-05T16:03:40.697343,2,2,165.6,0.2,165.5,100,165.2,150,,,,,,,,,,,,,,,,,165.7,147,166.0,100,,,,,,,,,,,,,,,,
2026-07-05T16:03:41.224545+00:00,2026-07-05T16:03:41.218192,2,2,165.6,0.2,165.5,100,165.2,150,,,,,,,,,,,,,,,,,165.7,136,166.0,100,,,,,,,,,,,,,,,,
2026-07-05T16:03:42.388249+00:00,2026-07-05T16:03:42.388162,2,2,165.6,0.2,165.5,100,165.2,150,,,,,,,,,,,,,,,,,165.7,94,166.0,100,,,,,,,,,,,,,,,,
2026-07-05T16:03:42.874189+00:00,2026-07-05T16:03:42.874058,2,2,165.6,0.2,165.5,100,165.2,150,,,,,,,,,,,,,,,,,165.7,48,166.0,100,,,,,,,,,,,,,,,,
2026-07-05T16:03:42.986526+00:00,2026-07-05T16:03:42.986440,1,1,165.75,0.5,165.5,100,,,,,,,,,,,,,,,,,,,166.0,100,,,,,,,,,,,,,,,,,,
2026-07-05T16:03:43.042219+00:00,2026-07-05T16:03:43.042319,2,1,165.85,0.3,165.7,150,165.5,100,,,,,,,,,,,,,,,,,166.0,100,,,,,,,,,,,,,,,,,,
2026-07-05T16:03:43.096167+00:00,2026-07-05T16:03:43.096057,2,2,165.85,0.3,165.7,150,165.5,100,,,,,,,,,,,,,,,,,166.0,100,166.2,150,,,,,,,,,,,,,,,,
2026-07-05T16:03:43.674427+00:00,2026-07-05T16:03:43.668471,2,2,165.85,0.3,165.7,139,165.5,100,,,,,,,,,,,,,,,,,166.0,100,166.2,150,,,,,,,,,,,,,,,,
2026-07-05T16:03:43.753344+00:00,2026-07-05T16:03:43.753300,1,1,165.95,0.5,165.7,139,,,,,,,,,,,,,,,,,,,166.2,150,,,,,,,,,,,,,,,,,,
2026-07-05T16:03:43.806858+00:00,2026-07-05T16:03:43.806816,2,1,165.95,0.5,165.7,139,165.4,100,,,,,,,,,,,,,,,,,166.2,150,,,,,,,,,,,,,,,,,,
2026-07-05T16:03:43.825101+00:00,2026-07-05T16:03:43.825266,2,1,165.95,0.5,165.7,89,165.4,100,,,,,,,,,,,,,,,,,166.2,150,,,,,,,,,,,,,,,,,,
2026-07-05T16:03:43.860738+00:00,2026-07-05T16:03:43.860653,2,2,165.8,0.2,165.7,89,165.4,100,,,,,,,,,,,,,,,,,165.9,100,166.2,150,,,,,,,,,,,,,,,,
2026-07-05T16:03:45.783815+00:00,2026-07-05T16:03:45.783771,2,2,165.8,0.2,165.7,41,165.4,100,,,,,,,,,,,,,,,,,165.9,100,166.2,150,,,,,,,,,,,,,,,,
2026-07-05T16:03:45.944356+00:00,2026-07-05T16:03:45.944523,1,2,165.65,0.5,165.4,91,,,,,,,,,,,,,,,,,,,165.9,100,166.2,150,,,,,,,,,,,,,,,,
2026-07-05T16:03:46.151208+00:00,2026-07-05T16:03:46.151130,1,1,165.65,0.5,165.4,91,,,,,,,,,,,,,,,,,,,165.9,100,,,,,,,,,,,,,,,,,,
2026-07-05T16:03:46.203521+00:00,2026-07-05T16:03:46.203639,2,1,165.65,0.5,165.4,91,165.0,150,,,,,,,,,,,,,,,,,165.9,100,,,,,,,,,,,,,,,,,,
2026-07-05T16:03:46.240887+00:00,2026-07-05T16:03:46.240807,2,1,165.65,0.5,165.4,91,165.0,150,,,,,,,,,,,,,,,,,165.9,56,,,,,,,,,,,,,,,,,,
2026-07-05T16:03:46.268669+00:00,2026-07-05T16:03:46.262714,2,2,165.45,0.1,165.4,91,165.0,150,,,,,,,,,,,,,,,,,165.5,127,165.9,56,,,,,,,,,,,,,,,,
2026-07-05T16:03:46.787402+00:00,2026-07-05T16:03:46.787293,2,2,165.45,0.1,165.4,91,165.0,150,,,,,,,,,,,,,,,,,165.5,84,165.9,56,,,,,,,,,,,,,,,,
2026-07-05T16:03:46.916556+00:00,2026-07-05T16:03:46.916686,1,1,165.25,0.5,165.0,150,,,,,,,,,,,,,,,,,,,165.5,84,,,,,,,,,,,,,,,,,,
2026-07-05T16:03:46.972340+00:00,2026-07-05T16:03:46.972471,2,0,,,165.7,16,165.0,150,,,,,,,,,,,,,,,,,,,,,,,,,,,,,,,,,,,,
2026-07-05T16:03:47.024302+00:00,2026-07-05T16:03:47.024197,2,1,165.95,0.5,165.7,16,165.0,150,,,,,,,,,,,,,,,,,166.2,100,,,,,,,,,,,,,,,,,,
2026-07-05T16:03:48.069006+00:00,2026-07-05T16:03:48.068801,1,1,165.6,1.2,165.0,116,,,,,,,,,,,,,,,,,,,166.2,100,,,,,,,,,,,,,,,,,,
2026-07-05T16:03:48.558620+00:00,2026-07-05T16:03:48.556040,1,1,165.6,1.2,165.0,76,,,,,,,,,,,,,,,,,,,166.2,100,,,,,,,,,,,,,,,,,,
2026-07-05T16:03:49.312613+00:00,2026-07-05T16:03:49.312511,0,1,,,,,,,,,,,,,,,,,,,,,,,166.2,100,,,,,,,,,,,,,,,,,,
2026-07-05T16:03:49.366444+00:00,2026-07-05T16:03:49.366415,1,1,165.7,1.0,165.2,150,,,,,,,,,,,,,,,,,,,166.2,100,,,,,,,,,,,,,,,,,,
2026-07-05T16:03:49.421040+00:00,2026-07-05T16:03:49.420949,1,2,165.45,0.5,165.2,150,,,,,,,,,,,,,,,,,,,165.7,150,166.2,100,,,,,,,,,,,,,,,,
2026-07-05T16:03:50.081411+00:00,2026-07-05T16:03:50.081287,1,1,165.45,0.5,165.2,150,,,,,,,,,,,,,,,,,,,165.7,150,,,,,,,,,,,,,,,,,,
2026-07-05T16:03:50.136063+00:00,2026-07-05T16:03:50.135876,1,1,165.45,0.5,165.2,250,,,,,,,,,,,,,,,,,,,165.7,150,,,,,,,,,,,,,,,,,,
2026-07-05T16:03:50.185921+00:00,2026-07-05T16:03:50.185802,1,1,165.45,0.5,165.2,200,,,,,,,,,,,,,,,,,,,165.7,150,,,,,,,,,,,,,,,,,,
2026-07-05T16:03:50.190928+00:00,2026-07-05T16:03:50.191023,1,1,165.45,0.5,165.2,200,,,,,,,,,,,,,,,,,,,165.7,250,,,,,,,,,,,,,,,,,,
2026-07-05T16:03:52.304550+00:00,2026-07-05T16:03:52.304478,1,1,165.45,0.5,165.2,150,,,,,,,,,,,,,,,,,,,165.7,250,,,,,,,,,,,,,,,,,,
2026-07-05T16:03:52.478038+00:00,2026-07-05T16:03:52.477944,1,1,165.45,0.5,165.2,100,,,,,,,,,,,,,,,,,,,165.7,100,,,,,,,,,,,,,,,,,,
2026-07-05T16:03:52.546928+00:00,2026-07-05T16:03:52.546794,2,1,165.45,0.5,165.2,100,164.9,150,,,,,,,,,,,,,,,,,165.7,100,,,,,,,,,,,,,,,,,,
2026-07-05T16:03:52.608584+00:00,2026-07-05T16:03:52.602926,2,2,165.3,0.2,165.2,100,164.9,150,,,,,,,,,,,,,,,,,165.4,139,165.7,100,,,,,,,,,,,,,,,,
2026-07-05T16:03:52.933320+00:00,2026-07-05T16:03:52.933243,2,2,165.3,0.2,165.2,53,164.9,150,,,,,,,,,,,,,,,,,165.4,139,165.7,100,,,,,,,,,,,,,,,,
2026-07-05T16:03:53.244348+00:00,2026-07-05T16:03:53.244197,1,1,165.15,0.5,164.9,150,,,,,,,,,,,,,,,,,,,165.4,139,,,,,,,,,,,,,,,,,,
2026-07-05T16:03:53.301602+00:00,2026-07-05T16:03:53.301478,2,1,165.3,0.2,165.2,100,164.9,150,,,,,,,,,,,,,,,,,165.4,139,,,,,,,,,,,,,,,,,,
2026-07-05T16:03:53.352690+00:00,2026-07-05T16:03:53.352829,2,2,165.3,0.2,165.2,100,164.9,150,,,,,,,,,,,,,,,,,165.4,139,165.7,100,,,,,,,,,,,,,,,,
2026-07-05T16:03:54.427678+00:00,2026-07-05T16:03:54.427515,2,2,165.3,0.2,165.2,50,164.9,150,,,,,,,,,,,,,,,,,165.4,139,165.7,100,,,,,,,,,,,,,,,,
2026-07-05T16:03:55.658604+00:00,2026-07-05T16:03:55.656055,1,1,165.45,0.5,165.2,50,,,,,,,,,,,,,,,,,,,165.7,100,,,,,,,,,,,,,,,,,,
2026-07-05T16:03:55.710251+00:00,2026-07-05T16:03:55.710158,2,1,165.45,0.5,165.2,50,165.0,150,,,,,,,,,,,,,,,,,165.7,100,,,,,,,,,,,,,,,,,,
2026-07-05T16:03:55.765154+00:00,2026-07-05T16:03:55.765340,2,2,165.35,0.3,165.2,50,165.0,150,,,,,,,,,,,,,,,,,165.5,150,165.7,100,,,,,,,,,,,,,,,,
2026-07-05T16:03:56.409658+00:00,2026-07-05T16:03:56.409778,1,1,165.25,0.5,165.0,150,,,,,,,,,,,,,,,,,,,165.5,150,,,,,,,,,,,,,,,,,,
2026-07-05T16:03:56.474455+00:00,2026-07-05T16:03:56.474354,2,1,165.35,0.3,165.2,100,165.0,150,,,,,,,,,,,,,,,,,165.5,150,,,,,,,,,,,,,,,,,,
2026-07-05T16:03:56.484773+00:00,2026-07-05T16:03:56.484742,2,1,165.35,0.3,165.2,100,165.0,150,,,,,,,,,,,,,,,,,165.5,100,,,,,,,,,,,,,,,,,,
2026-07-05T16:03:56.527840+00:00,2026-07-05T16:03:56.527701,2,2,165.35,0.3,165.2,100,165.0,150,,,,,,,,,,,,,,,,,165.5,100,165.7,100,,,,,,,,,,,,,,,,
2026-07-05T16:03:57.081666+00:00,2026-07-05T16:03:57.081615,2,2,165.35,0.3,165.2,100,165.0,150,,,,,,,,,,,,,,,,,165.5,53,165.7,100,,,,,,,,,,,,,,,,
2026-07-05T16:03:58.591897+00:00,2026-07-05T16:03:58.591834,2,2,165.35,0.3,165.2,100,165.0,150,,,,,,,,,,,,,,,,,165.5,3,165.7,100,,,,,,,,,,,,,,,,
2026-07-05T16:03:58.817386+00:00,2026-07-05T16:03:58.817312,2,1,165.45,0.5,165.2,100,165.0,150,,,,,,,,,,,,,,,,,165.7,100,,,,,,,,,,,,,,,,,,
2026-07-05T16:03:58.822585+00:00,2026-07-05T16:03:58.822468,1,1,165.45,0.5,165.2,100,,,,,,,,,,,,,,,,,,,165.7,100,,,,,,,,,,,,,,,,,,
2026-07-05T16:03:58.876717+00:00,2026-07-05T16:03:58.876613,2,1,165.6,0.2,165.5,150,165.2,100,,,,,,,,,,,,,,,,,165.7,100,,,,,,,,,,,,,,,,,,
2026-07-05T16:03:58.928343+00:00,2026-07-05T16:03:58.928251,2,2,165.6,0.2,165.5,150,165.2,100,,,,,,,,,,,,,,,,,165.7,100,166.0,150,,,,,,,,,,,,,,,,
2026-07-05T16:03:59.581981+00:00,2026-07-05T16:03:59.581947,1,1,165.75,0.5,165.5,150,,,,,,,,,,,,,,,,,,,166.0,150,,,,,,,,,,,,,,,,,,
2026-07-05T16:03:59.636676+00:00,2026-07-05T16:03:59.636625,2,1,165.75,0.5,165.5,150,165.0,100,,,,,,,,,,,,,,,,,166.0,150,,,,,,,,,,,,,,,,,,
2026-07-05T16:03:59.690038+00:00,2026-07-05T16:03:59.689901,2,1,165.75,0.5,165.5,50,165.0,100,,,,,,,,,,,,,,,,,166.0,150,,,,,,,,,,,,,,,,,,
2026-07-05T16:04:00.058572+00:00,2026-07-05T16:04:00.058438,2,1,165.75,0.5,165.5,6,165.0,100,,,,,,,,,,,,,,,,,166.0,150,,,,,,,,,,,,,,,,,,
2026-07-05T16:04:00.700978+00:00,2026-07-05T16:04:00.700881,2,1,165.75,0.5,165.5,6,165.0,100,,,,,,,,,,,,,,,,,166.0,100,,,,,,,,,,,,,,,,,,
2026-07-05T16:04:01.985653+00:00,2026-07-05T16:04:01.985564,1,0,,,165.0,100,,,,,,,,,,,,,,,,,,,,,,,,,,,,,,,,,,,,,,
2026-07-05T16:04:02.037368+00:00,2026-07-05T16:04:02.037335,2,0,,,165.1,150,165.0,100,,,,,,,,,,,,,,,,,,,,,,,,,,,,,,,,,,,,
2026-07-05T16:04:02.088676+00:00,2026-07-05T16:04:02.088611,2,1,165.35,0.5,165.1,150,165.0,100,,,,,,,,,,,,,,,,,165.6,150,,,,,,,,,,,,,,,,,,
2026-07-05T16:04:02.669439+00:00,2026-07-05T16:04:02.669568,2,1,165.35,0.5,165.1,150,165.0,100,,,,,,,,,,,,,,,,,165.6,109,,,,,,,,,,,,,,,,,,
