recv_time,book_timestamp,n_bids,n_asks,mid,spread,bid_px_0,bid_vol_0,bid_px_1,bid_vol_1,bid_px_2,bid_vol_2,bid_px_3,bid_vol_3,bid_px_4,bid_vol_4,bid_px_5,bid_vol_5,bid_px_6,bid_vol_6,bid_px_7,bid_vol_7,bid_px_8,bid_vol_8,bid_px_9,bid_vol_9,ask_px_0,ask_vol_0,ask_px_1,ask_vol_1,ask_px_2,ask_vol_2,ask_px_3,ask_vol_3,ask_px_4,ask_vol_4,ask_px_5,ask_vol_5,ask_px_6,ask_vol_6,ask_px_7,ask_vol_7,ask_px_8,ask_vol_8,ask_px_9,ask_vol_9
2026-07-08T19:00:00.025017+00:00,2026-07-08T19:00:00.010008,1,1,150.15,0.5,149.9,108,,,,,,,,,,,,,,,,,,,150.4,150,,,,,,,,,,,,,,,,,,
2026-07-08T19:00:00.090002+00:00,2026-07-08T19:00:00.117956,2,2,150.1,0.4,149.9,108,149.8,100,,,,,,,,,,,,,,,,,150.3,100,150.4,150,,,,,,,,,,,,,,,,
2026-07-08T19:00:00.272160+00:00,2026-07-08T19:00:00.221651,1,1,150.05,0.5,149.8,100,,,,,,,,,,,,,,,,,,,150.3,100,,,,,,,,,,,,,,,,,,
2026-07-08T19:00:00.296403+00:00,2026-07-08T19:00:00.274743,1,1,150.05,0.5,149.8,250,,,,,,,,,,,,,,,,,,,150.3,100,,,,,,,,,,,,,,,,,,
2026-07-08T19:00:00.338780+00:00,2026-07-08T19:00:00.338603,1,1,150.05,0.5,149.8,250,,,,,,,,,,,,,,,,,,,150.3,250,,,,,,,,,,,,,,,,,,
2026-07-08T19:00:01.422329+00:00,2026-07-08T19:00:01.422464,1,1,150.05,0.5,149.8,250,,,,,,,,,,,,,,,,,,,150.3,206,,,,,,,,,,,,,,,,,,
2026-07-08T19:00:01.469252+00:00,2026-07-08T19:00:01.445549,1,1,150.05,0.5,149.8,200,,,,,,,,,,,,,,,,,,,150.3,206,,,,,,,,,,,,,,,,,,
2026-07-08T19:00:03.190092+00:00,2026-07-08T19:00:03.190233,1,1,150.05,0.5,149.8,200,,,,,,,,,,,,,,,,,,,150.3,150,,,,,,,,,,,,,,,,,,
2026-07-08T19:00:03.195495+00:00,2026-07-08T19:00:03.195380,1,1,150.05,0.5,149.8,150,,,,,,,,,,,,,,,,,,,150.3,150,,,,,,,,,,,,,,,,,,
2026-07-08T19:00:03.241054+00:00,2026-07-08T19:00:03.237525,2,1,150.05,0.5,149.8,150,149.5,100,,,,,,,,,,,,,,,,,150.3,150,,,,,,,,,,,,,,,,,,
2026-07-08T19:00:03.301194+00:00,2026-07-08T19:00:03.301164,2,2,149.9,0.2,149.8,150,149.5,100,,,,,,,,,,,,,,,,,150.0,100,150.3,150,,,,,,,,,,,,,,,,
2026-07-08T19:00:03.391444+00:00,2026-07-08T19:00:03.391329,1,1,149.75,0.5,149.5,100,,,,,,,,,,,,,,,,,,,150.0,100,,,,,,,,,,,,,,,,,,
2026-07-08T19:00:03.445438+00:00,2026-07-08T19:00:03.445308,2,1,149.85,0.3,149.7,150,149.5,100,,,,,,,,,,,,,,,,,150.0,100,,,,,,,,,,,,,,,,,,
2026-07-08T19:00:03.494059+00:00,2026-07-08T19:00:03.493993,2,2,149.85,0.3,149.7,150,149.5,100,,,,,,,,,,,,,,,,,150.0,100,150.2,150,,,,,,,,,,,,,,,,
2026-07-08T19:00:03.556929+00:00,2026-07-08T19:00:03.554666,2,2,149.85,0.3,149.7,60,149.5,100,,,,,,,,,,,,,,,,,150.0,100,150.2,150,,,,,,,,,,,,,,,,
2026-07-08T19:00:05.025431+00:00,2026-07-08T19:00:05.019320,2,2,149.85,0.3,149.7,60,149.5,100,,,,,,,,,,,,,,,,,150.0,97,150.2,150,,,,,,,,,,,,,,,,
2026-07-08T19:00:05.115493+00:00,2026-07-08T19:00:05.115427,2,2,149.85,0.3,149.7,16,149.5,100,,,,,,,,,,,,,,,,,150.0,97,150.2,150,,,,,,,,,,,,,,,,
2026-07-08T19:00:06.358548+00:00,2026-07-08T19:00:06.356675,1,1,149.95,0.5,149.7,16,,,,,,,,,,,,,,,,,,,150.2,150,,,,,,,,,,,,,,,,,,
2026-07-08T19:00:06.409918+00:00,2026-07-08T19:00:06.409808,2,1,149.95,0.5,149.7,16,149.4,100,,,,,,,,,,,,,,,,,150.2,150,,,,,,,,,,,,,,,,,,
2026-07-08T19:00:06.466195+00:00,2026-07-08T19:00:06.466114,2,2,149.8,0.2,149.7,16,149.4,100,,,,,,,,,,,,,,,,,149.9,100,150.2,150,,,,,,,,,,,,,,,,
2026-07-08T19:00:06.552502+00:00,2026-07-08T19:00:06.552421,1,1,149.65,0.5,149.4,100,,,,,,,,,,,,,,,,,,,149.9,100,,,,,,,,,,,,,,,,,,
2026-07-08T19:00:06.558622+00:00,2026-07-08T19:00:06.557764,1,1,149.65,0.5,149.4,100,,,,,,,,,,,,,,,,,,,149.9,59,,,,,,,,,,,,,,,,,,
2026-07-08T19:00:06.602983+00:00,2026-07-08T19:00:06.602949,2,1,149.65,0.5,149.4,100,149.0,150,,,,,,,,,,,,,,,,,149.9,59,,,,,,,,,,,,,,,,,,
2026-07-08T19:00:06.670641+00:00,2026-07-08T19:00:06.664732,2,2,149.45,0.1,149.4,100,149.0,150,,,,,,,,,,,,,,,,,149.5,147,149.9,59,,,,,,,,,,,,,,,,
2026-07-08T19:00:06.961643+00:00,2026-07-08T19:00:06.955311,2,2,149.45,0.1,149.4,100,149.0,150,,,,,,,,,,,,,,,,,149.5,136,149.9,59,,,,,,,,,,,,,,,,
2026-07-08T19:00:07.151489+00:00,2026-07-08T19:00:07.151419,2,2,149.45,0.1,149.4,100,149.0,150,,,,,,,,,,,,,,,,,149.5,87,149.9,59,,,,,,,,,,,,,,,,
2026-07-08T19:00:07.442624+00:00,2026-07-08T19:00:07.433986,2,2,149.45,0.1,149.4,100,149.0,150,,,,,,,,,,,,,,,,,149.5,75,149.9,59,,,,,,,,,,,,,,,,
2026-07-08T19:00:07.718841+00:00,2026-07-08T19:00:07.718766,2,2,149.45,0.1,149.4,100,149.0,150,,,,,,,,,,,,,,,,,149.5,25,149.9,59,,,,,,,,,,,,,,,,
2026-07-08T19:00:07.742848+00:00,2026-07-08T19:00:07.742751,2,1,149.65,0.5,149.4,100,149.0,150,,,,,,,,,,,,,,,,,149.9,42,,,,,,,,,,,,,,,,,,
2026-07-08T19:00:09.458572+00:00,2026-07-08T19:00:09.457519,2,1,149.65,0.5,149.4,58,149.0,150,,,,,,,,,,,,,,,,,149.9,42,,,,,,,,,,,,,,,,,,
2026-07-08T19:00:09.521094+00:00,2026-07-08T19:00:09.521207,1,0,,,149.0,150,,,,,,,,,,,,,,,,,,,,,,,,,,,,,,,,,,,,,,
2026-07-08T19:00:09.580635+00:00,2026-07-08T19:00:09.580453,2,0,,,149.8,100,149.0,150,,,,,,,,,,,,,,,,,,,,,,,,,,,,,,,,,,,,
2026-07-08T19:00:09.632929+00:00,2026-07-08T19:00:09.632847,2,1,150.05,0.5,149.8,100,149.0,150,,,,,,,,,,,,,,,,,150.3,100,,,,,,,,,,,,,,,,,,
2026-07-08T19:00:09.715577+00:00,2026-07-08T19:00:09.715467,1,1,150.05,0.5,149.8,100,,,,,,,,,,,,,,,,,,,150.3,100,,,,,,,,,,,,,,,,,,
2026-07-08T19:00:09.779534+00:00,2026-07-08T19:00:09.773759,2,1,150.15,0.3,150.0,127,149.8,100,,,,,,,,,,,,,,,,,150.3,100,,,,,,,,,,,,,,,,,,
2026-07-08T19:00:09.826596+00:00,2026-07-08T19:00:09.826535,2,2,150.15,0.3,150.0,127,149.8,100,,,,,,,,,,,,,,,,,150.3,100,150.5,150,,,,,,,,,,,,,,,,
2026-07-08T19:00:09.883496+00:00,2026-07-08T19:00:09.883420,2,2,150.15,0.3,150.0,77,149.8,100,,,,,,,,,,,,,,,,,150.3,100,150.5,150,,,,,,,,,,,,,,,,
2026-07-08T19:00:10.904678+00:00,2026-07-08T19:00:10.897963,2,2,150.15,0.3,150.0,74,149.8,100,,,,,,,,,,,,,,,,,150.3,100,150.5,150,,,,,,,,,,,,,,,,
2026-07-08T19:00:11.995046+00:00,2026-07-08T19:00:11.995017,2,2,150.15,0.3,150.0,24,149.8,100,,,,,,,,,,,,,,,,,150.3,100,150.5,150,,,,,,,,,,,,,,,,
2026-07-08T19:00:12.686547+00:00,2026-07-08T19:00:12.686433,1,1,150.25,0.5,150.0,24,,,,,,,,,,,,,,,,,,,150.5,150,,,,,,,,,,,,,,,,,,
2026-07-08T19:00:12.740877+00:00,2026-07-08T19:00:12.740796,2,1,150.25,0.5,150.0,24,149.8,100,,,,,,,,,,,,,,,,,150.5,150,,,,,,,,,,,,,,,,,,
2026-07-08T19:00:12.796009+00:00,2026-07-08T19:00:12.795937,2,2,150.15,0.3,150.0,24,149.8,100,,,,,,,,,,,,,,,,,150.3,100,150.5,150,,,,,,,,,,,,,,,,
2026-07-08T19:00:12.884134+00:00,2026-07-08T19:00:12.884064,1,1,150.05,0.5,149.8,100,,,,,,,,,,,,,,,,,,,150.3,100,,,,,,,,,,,,,,,,,,
2026-07-08T19:00:12.947066+00:00,2026-07-08T19:00:12.947220,2,1,150.05,0.5,149.8,100,149.4,150,,,,,,,,,,,,,,,,,150.3,100,,,,,,,,,,,,,,,,,,
2026-07-08T19:00:12.998147+00:00,2026-07-08T19:00:12.998300,2,2,149.85,0.1,149.8,100,149.4,150,,,,,,,,,,,,,,,,,149.9,150,150.3,100,,,,,,,,,,,,,,,,
2026-07-08T19:00:14.099179+00:00,2026-07-08T19:00:14.099130,2,2,149.85,0.1,149.8,50,149.4,150,,,,,,,,,,,,,,,,,149.9,150,150.3,100,,,,,,,,,,,,,,,,
2026-07-08T19:00:15.874940+00:00,2026-07-08T19:00:15.874887,1,1,149.65,0.5,149.4,150,,,,,,,,,,,,,,,,,,,149.9,150,,,,,,,,,,,,,,,,,,
2026-07-08T19:00:15.930224+00:00,2026-07-08T19:00:15.930113,2,1,149.7,0.4,149.5,100,149.4,150,,,,,,,,,,,,,,,,,149.9,150,,,,,,,,,,,,,,,,,,
2026-07-08T19:00:15.984700+00:00,2026-07-08T19:00:15.984628,2,2,149.7,0.4,149.5,100,149.4,150,,,,,,,,,,,,,,,,,149.9,150,150.0,100,,,,,,,,,,,,,,,,
2026-07-08T19:00:16.052705+00:00,2026-07-08T19:00:16.052566,1,1,149.75,0.5,149.5,100,,,,,,,,,,,,,,,,,,,150.0,100,,,,,,,,,,,,,,,,,,
2026-07-08T19:00:16.108136+00:00,2026-07-08T19:00:16.108229,2,1,149.75,0.5,149.5,100,149.3,150,,,,,,,,,,,,,,,,,150.0,100,,,,,,,,,,,,,,,,,,
2026-07-08T19:00:16.164168+00:00,2026-07-08T19:00:16.164056,2,2,149.65,0.3,149.5,100,149.3,150,,,,,,,,,,,,,,,,,149.8,150,150.0,100,,,,,,,,,,,,,,,,
2026-07-08T19:00:16.344026+00:00,2026-07-08T19:00:16.343906,2,2,149.65,0.3,149.5,100,149.3,150,,,,,,,,,,,,,,,,,149.8,107,150.0,100,,,,,,,,,,,,,,,,
2026-07-08T19:00:17.494293+00:00,2026-07-08T19:00:17.490411,2,2,149.65,0.3,149.5,53,149.3,150,,,,,,,,,,,,,,,,,149.8,104,150.0,100,,,,,,,,,,,,,,,,
2026-07-08T19:00:18.258690+00:00,2026-07-08T19:00:18.257210,2,2,149.65,0.3,149.5,53,149.3,150,,,,,,,,,,,,,,,,,149.8,54,150.0,100,,,,,,,,,,,,,,,,
2026-07-08T19:00:18.432927+00:00,2026-07-08T19:00:18.432844,2,2,149.65,0.3,149.5,5,149.3,150,,,,,,,,,,,,,,,,,149.8,54,150.0,100,,,,,,,,,,,,,,,,
2026-07-08T19:00:19.041653+00:00,2026-07-08T19:00:19.041537,1,1,149.55,0.5,149.3,150,,,,,,,,,,,,,,,,,,,149.8,54,,,,,,,,,,,,,,,,,,
2026-07-08T19:00:19.095685+00:00,2026-07-08T19:00:19.095624,2,1,149.55,0.5,149.3,150,149.1,100,,,,,,,,,,,,,,,,,149.8,54,,,,,,,,,,,,,,,,,,
2026-07-08T19:00:19.158667+00:00,2026-07-08T19:00:19.148331,2,2,149.45,0.3,149.3,150,149.1,100,,,,,,,,,,,,,,,,,149.6,100,149.8,54,,,,,,,,,,,,,,,,
2026-07-08T19:00:19.213812+00:00,2026-07-08T19:00:19.213746,2,1,149.45,0.3,149.3,150,149.1,100,,,,,,,,,,,,,,,,,149.6,100,,,,,,,,,,,,,,,,,,
2026-07-08T19:00:19.219022+00:00,2026-07-08T19:00:19.218909,1,1,149.35,0.5,149.1,100,,,,,,,,,,,,,,,,,,,149.6,100,,,,,,,,,,,,,,,,,,
2026-07-08T19:00:19.270916+00:00,2026-07-08T19:00:19.270763,2,0,,,149.6,50,149.1,100,,,,,,,,,,,,,,,,,,,,,,,,,,,,,,,,,,,,
2026-07-08T19:00:19.326921+00:00,2026-07-08T19:00:19.326769,2,1,149.85,0.5,149.6,50,149.1,100,,,,,,,,,,,,,,,,,150.1,150,,,,,,,,,,,,,,,,,,
2026-07-08T19:00:19.908072+00:00,2026-07-08T19:00:19.907945,2,1,149.85,0.5,149.6,50,149.1,100,,,,,,,,,,,,,,,,,150.1,101,,,,,,,,,,,,,,,,,,
2026-07-08T19:00:20.364992+00:00,2026-07-08T19:00:20.364852,2,1,149.85,0.5,149.6,50,149.1,100,,,,,,,,,,,,,,,,,150.1,51,,,,,,,,,,,,,,,,,,
2026-07-08T19:00:21.995281+00:00,2026-07-08T19:00:21.995129,2,1,149.85,0.5,149.6,6,149.1,100,,,,,,,,,,,,,,,,,150.1,51,,,,,,,,,,,,,,,,,,
2026-07-08T19:00:22.204093+00:00,2026-07-08T19:00:22.204049,1,1,149.85,0.5,149.6,6,,,,,,,,,,,,,,,,,,,150.1,51,,,,,,,,,,,,,,,,,,
2026-07-08T19:00:22.257709+00:00,2026-07-08T19:00:22.257590,2,1,149.85,0.5,149.6,6,149.2,100,,,,,,,,,,,,,,,,,150.1,51,,,,,,,,,,,,,,,,,,
2026-07-08T19:00:22.310346+00:00,2026-07-08T19:00:22.310292,2,2,149.65,0.1,149.6,6,149.2,100,,,,,,,,,,,,,,,,,149.7,100,150.1,51,,,,,,,,,,,,,,,,
2026-07-08T19:00:22.380809+00:00,2026-07-08T19:00:22.380678,1,1,149.45,0.5,149.2,100,,,,,,,,,,,,,,,,,,,149.7,100,,,,,,,,,,,,,,,,,,
2026-07-08T19:00:22.435800+00:00,2026-07-08T19:00:22.435653,1,1,149.45,0.5,149.2,250,,,,,,,,,,,,,,,,,,,149.7,100,,,,,,,,,,,,,,,,,,
2026-07-08T19:00:22.472354+00:00,2026-07-08T19:00:22.472323,1,1,149.45,0.5,149.2,250,,,,,,,,,,,,,,,,,,,149.7,50,,,,,,,,,,,,,,,,,,
2026-07-08T19:00:22.488815+00:00,2026-07-08T19:00:22.488689,1,1,149.45,0.5,149.2,250,,,,,,,,,,,,,,,,,,,149.7,200,,,,,,,,,,,,,,,,,,
2026-07-08T19:00:23.005433+00:00,2026-07-08T19:00:23.005309,1,1,149.45,0.5,149.2,250,,,,,,,,,,,,,,,,,,,149.7,158,,,,,,,,,,,,,,,,,,
2026-07-08T19:00:24.644280+00:00,2026-07-08T19:00:24.644415,1,1,149.45,0.5,149.2,200,,,,,,,,,,,,,,,,,,,149.7,158,,,,,,,,,,,,,,,,,,
2026-07-08T19:00:25.359322+00:00,2026-07-08T19:00:25.359286,1,1,149.45,0.5,149.2,200,,,,,,,,,,,,,,,,,,,149.7,150,,,,,,,,,,,,,,,,,,
2026-07-08T19:00:25.364618+00:00,2026-07-08T19:00:25.364452,1,1,149.45,0.5,149.2,150,,,,,,,,,,,,,,,,,,,149.7,150,,,,,,,,,,,,,,,,,,
2026-07-08T19:00:25.418306+00:00,2026-07-08T19:00:25.418437,2,1,149.6,0.2,149.5,100,149.2,150,,,,,,,,,,,,,,,,,149.7,150,,,,,,,,,,,,,,,,,,
2026-07-08T19:00:25.471623+00:00,2026-07-08T19:00:25.471553,2,2,149.6,0.2,149.5,100,149.2,150,,,,,,,,,,,,,,,,,149.7,150,150.0,100,,,,,,,,,,,,,,,,
2026-07-08T19:00:25.554870+00:00,2026-07-08T19:00:25.555023,2,1,149.75,0.5,149.5,100,149.2,150,,,,,,,,,,,,,,,,,150.0,100,,,,,,,,,,,,,,,,,,
2026-07-08T19:00:25.560464+00:00,2026-07-08T19:00:25.560198,1,1,149.75,0.5,149.5,100,,,,,,,,,,,,,,,,,,,150.0,100,,,,,,,,,,,,,,,,,,
2026-07-08T19:00:25.614213+00:00,2026-07-08T19:00:25.614080,2,1,149.75,0.5,149.5,100,149.4,150,,,,,,,,,,,,,,,,,150.0,100,,,,,,,,,,,,,,,,,,
2026-07-08T19:00:25.669272+00:00,2026-07-08T19:00:25.669146,2,2,149.7,0.4,149.5,100,149.4,150,,,,,,,,,,,,,,,,,149.9,150,150.0,100,,,,,,,,,,,,,,,,
2026-07-08T19:00:26.758675+00:00,2026-07-08T19:00:26.754192,2,2,149.7,0.4,149.5,50,149.4,150,,,,,,,,,,,,,,,,,149.9,150,150.0,100,,,,,,,,,,,,,,,,
2026-07-08T19:00:27.389939+00:00,2026-07-08T19:00:27.390078,2,2,149.7,0.4,149.5,50,149.4,150,,,,,,,,,,,,,,,,,149.9,102,150.0,100,,,,,,,,,,,,,,,,
2026-07-08T19:00:28.523224+00:00,2026-07-08T19:00:28.523383,1,1,149.65,0.5,149.4,150,,,,,,,,,,,,,,,,,,,149.9,102,,,,,,,,,,,,,,,,,,
2026-07-08T19:00:28.590148+00:00,2026-07-08T19:00:28.590054,2,1,149.75,0.3,149.6,100,149.4,150,,,,,,,,,,,,,,,,,149.9,102,,,,,,,,,,,,,,,,,,
2026-07-08T19:00:28.641404+00:00,2026-07-08T19:00:28.641502,2,2,149.75,0.3,149.6,100,149.4,150,,,,,,,,,,,,,,,,,149.9,102,150.1,100,,,,,,,,,,,,,,,,
2026-07-08T19:00:28.723134+00:00,2026-07-08T19:00:28.723035,1,1,149.85,0.5,149.6,100,,,,,,,,,,,,,,,,,,,150.1,100,,,,,,,,,,,,,,,,,,
2026-07-08T19:00:28.777468+00:00,2026-07-08T19:00:28.777435,2,1,149.95,0.3,149.8,150,149.6,100,,,,,,,,,,,,,,,,,150.1,100,,,,,,,,,,,,,,,,,,
2026-07-08T19:00:28.830494+00:00,2026-07-08T19:00:28.830706,2,2,149.95,0.3,149.8,150,149.6,100,,,,,,,,,,,,,,,,,150.1,100,150.3,150,,,,,,,,,,,,,,,,
2026-07-08T19:00:28.858651+00:00,2026-07-08T19:00:28.858189,2,2,149.95,0.3,149.8,100,149.6,100,,,,,,,,,,,,,,,,,150.1,100,150.3,150,,,,,,,,,,,,,,,,
2026-07-08T19:00:29.328792+00:00,2026-07-08T19:00:29.322855,2,2,149.95,0.3,149.8,97,149.6,100,,,,,,,,,,,,,,,,,150.1,100,150.3,150,,,,,,,,,,,,,,,,
2026-07-08T19:00:31.001244+00:00,2026-07-08T19:00:31.001112,2,2,149.95,0.3,149.8,47,149.6,100,,,,,,,,,,,,,,,,,150.1,100,150.3,150,,,,,,,,,,,,,,,,
2026-07-08T19:00:31.691077+00:00,2026-07-08T19:00:31.690976,2,1,150.05,0.5,149.8,47,149.6,100,,,,,,,,,,,,,,,,,150.3,150,,,,,,,,,,,,,,,,,,
2026-07-08T19:00:31.696059+00:00,2026-07-08T19:00:31.696160,1,1,150.05,0.5,149.8,47,,,,,,,,,,,,,,,,,,,150.3,150,,,,,,,,,,,,,,,,,,
2026-07-08T19:00:31.748771+00:00,2026-07-08T19:00:31.748698,2,1,150.05,0.5,149.8,47,149.4,100,,,,,,,,,,,,,,,,,150.3,150,,,,,,,,,,,,,,,,,,
2026-07-08T19:00:31.801699+00:00,2026-07-08T19:00:31.801528,2,2,149.85,0.1,149.8,47,149.4,100,,,,,,,,,,,,,,,,,149.9,100,150.3,150,,,,,,,,,,,,,,,,
2026-07-08T19:00:31.885892+00:00,2026-07-08T19:00:31.886035,1,1,149.65,0.5,149.4,100,,,,,,,,,,,,,,,,,,,149.9,100,,,,,,,,,,,,,,,,,,
2026-07-08T19:00:31.944189+00:00,2026-07-08T19:00:31.944142,2,1,149.65,0.5,149.4,100,149.2,150,,,,,,,,,,,,,,,,,149.9,100,,,,,,,,,,,,,,,,,,
2026-07-08T19:00:31.997559+00:00,2026-07-08T19:00:31.997469,2,2,149.55,0.3,149.4,100,149.2,150,,,,,,,,,,,,,,,,,149.7,150,149.9,100,,,,,,,,,,,,,,,,
2026-07-08T19:00:32.675287+00:00,2026-07-08T19:00:32.675230,2,2,149.55,0.3,149.4,54,149.2,150,,,,,,,,,,,,,,,,,149.7,150,149.9,100,,,,,,,,,,,,,,,,
2026-07-08T19:00:33.058763+00:00,2026-07-08T19:00:33.058689,2,2,149.55,0.3,149.4,54,149.2,150,,,,,,,,,,,,,,,,,149.7,100,149.9,100,,,,,,,,,,,,,,,,
2026-07-08T19:00:33.279566+00:00,2026-07-08T19:00:33.279504,2,2,149.55,0.3,149.4,7,149.2,150,,,,,,,,,,,,,,,,,149.7,100,149.9,100,,,,,,,,,,,,,,,,
2026-07-08T19:00:34.858586+00:00,2026-07-08T19:00:34.852049,1,1,149.45,0.5,149.2,150,,,,,,,,,,,,,,,,,,,149.7,100,,,,,,,,,,,,,,,,,,
2026-07-08T19:00:34.914170+00:00,2026-07-08T19:00:34.914085,2,1,149.45,0.5,149.2,150,149.0,100,,,,,,,,,,,,,,,,,149.7,100,,,,,,,,,,,,,,,,,,
2026-07-08T19:00:34.988813+00:00,2026-07-08T19:00:34.974091,2,2,149.35,0.3,149.2,150,149.0,100,,,,,,,,,,,,,,,,,149.5,97,149.7,100,,,,,,,,,,,,,,,,
2026-07-08T19:00:35.051963+00:00,2026-07-08T19:00:35.051819,1,1,149.25,0.5,149.0,100,,,,,,,,,,,,,,,,,,,149.5,97,,,,,,,,,,,,,,,,,,
2026-07-08T19:00:35.102473+00:00,2026-07-08T19:00:35.102625,2,1,149.4,0.2,149.3,150,149.0,100,,,,,,,,,,,,,,,,,149.5,97,,,,,,,,,,,,,,,,,,
2026-07-08T19:00:35.158560+00:00,2026-07-08T19:00:35.153242,2,2,149.4,0.2,149.3,150,149.0,100,,,,,,,,,,,,,,,,,149.5,47,149.8,150,,,,,,,,,,,,,,,,
2026-07-08T19:00:37.319523+00:00,2026-07-08T19:00:37.319402,2,2,149.4,0.2,149.3,100,149.0,100,,,,,,,,,,,,,,,,,149.5,47,149.8,150,,,,,,,,,,,,,,,,
2026-07-08T19:00:38.020523+00:00,2026-07-08T19:00:38.020382,1,1,149.55,0.5,149.3,100,,,,,,,,,,,,,,,,,,,149.8,150,,,,,,,,,,,,,,,,,,
2026-07-08T19:00:38.076240+00:00,2026-07-08T19:00:38.076101,2,1,149.55,0.5,149.3,100,149.2,100,,,,,,,,,,,,,,,,,149.8,150,,,,,,,,,,,,,,,,,,
2026-07-08T19:00:38.129497+00:00,2026-07-08T19:00:38.129425,2,2,149.45,0.3,149.3,100,149.2,100,,,,,,,,,,,,,,,,,149.6,100,149.8,150,,,,,,,,,,,,,,,,
2026-07-08T19:00:38.211579+00:00,2026-07-08T19:00:38.211471,1,1,149.4,0.4,149.2,100,,,,,,,,,,,,,,,,,,,149.6,100,,,,,,,,,,,,,,,,,,
2026-07-08T19:00:38.267190+00:00,2026-07-08T19:00:38.267058,2,1,149.4,0.4,149.2,100,149.1,150,,,,,,,,,,,,,,,,,149.6,100,,,,,,,,,,,,,,,,,,
2026-07-08T19:00:38.316129+00:00,2026-07-08T19:00:38.316227,2,1,149.4,0.4,149.2,100,149.1,150,,,,,,,,,,,,,,,,,149.6,250,,,,,,,,,,,,,,,,,,
2026-07-08T19:00:39.428680+00:00,2026-07-08T19:00:39.428601,2,1,149.4,0.4,149.2,50,149.1,150,,,,,,,,,,,,,,,,,149.6,250,,,,,,,,,,,,,,,,,,
2026-07-08T19:00:39.608231+00:00,2026-07-08T19:00:39.608369,2,1,149.4,0.4,149.2,50,149.1,150,,,,,,,,,,,,,,,,,149.6,207,,,,,,,,,,,,,,,,,,
2026-07-08T19:00:41.183864+00:00,2026-07-08T19:00:41.183756,1,1,149.35,0.5,149.1,150,,,,,,,,,,,,,,,,,,,149.6,150,,,,,,,,,,,,,,,,,,
2026-07-08T19:00:41.238465+00:00,2026-07-08T19:00:41.238393,2,1,149.35,0.5,149.1,150,149.0,100,,,,,,,,,,,,,,,,,149.6,150,,,,,,,,,,,,,,,,,,
2026-07-08T19:00:41.304479+00:00,2026-07-08T19:00:41.304322,2,2,149.3,0.4,149.1,150,149.0,100,,,,,,,,,,,,,,,,,149.5,100,149.6,150,,,,,,,,,,,,,,,,
2026-07-08T19:00:41.373515+00:00,2026-07-08T19:00:41.373658,1,1,149.25,0.5,149.0,100,,,,,,,,,,,,,,,,,,,149.5,100,,,,,,,,,,,,,,,,,,
2026-07-08T19:00:41.425909+00:00,2026-07-08T19:00:41.425820,2,1,149.25,0.5,149.0,100,148.9,150,,,,,,,,,,,,,,,,,149.5,100,,,,,,,,,,,,,,,,,,
2026-07-08T19:00:41.480775+00:00,2026-07-08T19:00:41.480709,2,2,149.2,0.4,149.0,100,148.9,150,,,,,,,,,,,,,,,,,149.4,150,149.5,100,,,,,,,,,,,,,,,,
2026-07-08T19:00:43.112276+00:00,2026-07-08T19:00:43.101936,2,2,149.2,0.4,149.0,100,148.9,150,,,,,,,,,,,,,,,,,149.4,139,149.5,100,,,,,,,,,,,,,,,,
2026-07-08T19:00:43.386447+00:00,2026-07-08T19:00:43.386410,2,2,149.2,0.4,149.0,100,148.9,150,,,,,,,,,,,,,,,,,149.4,92,149.5,100,,,,,,,,,,,,,,,,
2026-07-08T19:00:43.586343+00:00,2026-07-08T19:00:43.586505,2,2,149.2,0.4,149.0,100,148.9,150,,,,,,,,,,,,,,,,,149.4,42,149.5,100,,,,,,,,,,,,,,,,
2026-07-08T19:00:43.770864+00:00,2026-07-08T19:00:43.763307,2,2,149.2,0.4,149.0,100,148.9,150,,,,,,,,,,,,,,,,,149.4,30,149.5,100,,,,,,,,,,,,,,,,
2026-07-08T19:00:44.318639+00:00,2026-07-08T19:00:44.318736,2,2,149.2,0.4,149.0,57,148.9,150,,,,,,,,,,,,,,,,,149.4,30,149.5,100,,,,,,,,,,,,,,,,
2026-07-08T19:00:44.358638+00:00,2026-07-08T19:00:44.356340,1,1,149.15,0.5,148.9,150,,,,,,,,,,,,,,,,,,,149.4,30,,,,,,,,,,,,,,,,,,
2026-07-08T19:00:44.412503+00:00,2026-07-08T19:00:44.412399,2,1,149.25,0.3,149.1,100,148.9,150,,,,,,,,,,,,,,,,,149.4,30,,,,,,,,,,,,,,,,,,
2026-07-08T19:00:44.468150+00:00,2026-07-08T19:00:44.468067,2,2,149.25,0.3,149.1,100,148.9,150,,,,,,,,,,,,,,,,,149.4,30,149.6,100,,,,,,,,,,,,,,,,
2026-07-08T19:00:44.534513+00:00,2026-07-08T19:00:44.534409,1,1,149.35,0.5,149.1,100,,,,,,,,,,,,,,,,,,,149.6,100,,,,,,,,,,,,,,,,,,
2026-07-08T19:00:44.588229+00:00,2026-07-08T19:00:44.588062,2,0,,,149.7,50,149.1,100,,,,,,,,,,,,,,,,,,,,,,,,,,,,,,,,,,,,
2026-07-08T19:00:44.649805+00:00,2026-07-08T19:00:44.643015,2,1,149.95,0.5,149.7,27,149.1,100,,,,,,,,,,,,,,,,,150.2,150,,,,,,,,,,,,,,,,,,
2026-07-08T19:00:45.745354+00:00,2026-07-08T19:00:45.745455,1,1,149.65,1.1,149.1,100,,,,,,,,,,,,,,,,,,,150.2,150,,,,,,,,,,,,,,,,,,
2026-07-08T19:00:47.522475+00:00,2026-07-08T19:00:47.522411,0,1,,,,,,,,,,,,,,,,,,,,,,,150.2,150,,,,,,,,,,,,,,,,,,
2026-07-08T19:00:47.575653+00:00,2026-07-08T19:00:47.575535,1,1,149.85,0.7,149.5,100,,,,,,,,,,,,,,,,,,,150.2,150,,,,,,,,,,,,,,,,,,
2026-07-08T19:00:47.628116+00:00,2026-07-08T19:00:47.627996,1,2,149.7,0.4,149.5,100,,,,,,,,,,,,,,,,,,,149.9,100,150.2,150,,,,,,,,,,,,,,,,
2026-07-08T19:00:47.691238+00:00,2026-07-08T19:00:47.691383,1,1,149.7,0.4,149.5,100,,,,,,,,,,,,,,,,,,,149.9,100,,,,,,,,,,,,,,,,,,
2026-07-08T19:00:47.750063+00:00,2026-07-08T19:00:47.749883,2,1,149.7,0.4,149.5,100,149.1,150,,,,,,,,,,,,,,,,,149.9,100,,,,,,,,,,,,,,,,,,
2026-07-08T19:00:47.798401+00:00,2026-07-08T19:00:47.798366,2,2,149.55,0.1,149.5,100,149.1,150,,,,,,,,,,,,,,,,,149.6,150,149.9,100,,,,,,,,,,,,,,,,
2026-07-08T19:00:47.858634+00:00,2026-07-08T19:00:47.851917,2,2,149.55,0.1,149.5,50,149.1,150,,,,,,,,,,,,,,,,,149.6,150,149.9,100,,,,,,,,,,,,,,,,
2026-07-08T19:00:48.592246+00:00,2026-07-08T19:00:48.592110,2,2,149.55,0.1,149.5,50,149.1,150,,,,,,,,,,,,,,,,,149.6,104,149.9,100,,,,,,,,,,,,,,,,
2026-07-08T19:00:48.647079+00:00,2026-07-08T19:00:48.647019,2,2,149.55,0.1,149.5,5,149.1,150,,,,,,,,,,,,,,,,,149.6,104,149.9,100,,,,,,,,,,,,,,,,
2026-07-08T19:00:49.772751+00:00,2026-07-08T19:00:49.766353,2,2,149.55,0.1,149.5,5,149.1,150,,,,,,,,,,,,,,,,,149.6,93,149.9,100,,,,,,,,,,,,,,,,
2026-07-08T19:00:49.967917+00:00,2026-07-08T19:00:49.967846,1,2,149.35,0.5,149.1,105,,,,,,,,,,,,,,,,,,,149.6,93,149.9,100,,,,,,,,,,,,,,,,
2026-07-08T19:00:50.681961+00:00,2026-07-08T19:00:50.681906,1,1,149.35,0.5,149.1,105,,,,,,,,,,,,,,,,,,,149.6,93,,,,,,,,,,,,,,,,,,
2026-07-08T19:00:50.731035+00:00,2026-07-08T19:00:50.730908,2,1,149.4,0.4,149.2,100,149.1,105,,,,,,,,,,,,,,,,,149.6,93,,,,,,,,,,,,,,,,,,
2026-07-08T19:00:50.786962+00:00,2026-07-08T19:00:50.786909,2,2,149.4,0.4,149.2,100,149.1,105,,,,,,,,,,,,,,,,,149.6,93,149.7,100,,,,,,,,,,,,,,,,
2026-07-08T19:00:50.857025+00:00,2026-07-08T19:00:50.856858,1,1,149.45,0.5,149.2,100,,,,,,,,,,,,,,,,,,,149.7,100,,,,,,,,,,,,,,,,,,
2026-07-08T19:00:50.911523+00:00,2026-07-08T19:00:50.911343,1,1,149.45,0.5,149.2,250,,,,,,,,,,,,,,,,,,,149.7,100,,,,,,,,,,,,,,,,,,
2026-07-08T19:00:50.975323+00:00,2026-07-08T19:00:50.975194,1,1,149.45,0.5,149.2,250,,,,,,,,,,,,,,,,,,,149.7,250,,,,,,,,,,,,,,,,,,
2026-07-08T19:00:50.990944+00:00,2026-07-08T19:00:50.990876,1,1,149.45,0.5,149.2,250,,,,,,,,,,,,,,,,,,,149.7,207,,,,,,,,,,,,,,,,,,
2026-07-08T19:00:52.034379+00:00,2026-07-08T19:00:52.034225,1,1,149.45,0.5,149.2,209,,,,,,,,,,,,,,,,,,,149.7,207,,,,,,,,,,,,,,,,,,
2026-07-08T19:00:52.074619+00:00,2026-07-08T19:00:52.074481,1,1,149.45,0.5,149.2,159,,,,,,,,,,,,,,,,,,,149.7,207,,,,,,,,,,,,,,,,,,
2026-07-08T19:00:52.571304+00:00,2026-07-08T19:00:52.571237,1,1,149.45,0.5,149.2,159,,,,,,,,,,,,,,,,,,,149.7,164,,,,,,,,,,,,,,,,,,
2026-07-08T19:00:53.838775+00:00,2026-07-08T19:00:53.838649,1,1,149.45,0.5,149.2,150,,,,,,,,,,,,,,,,,,,149.7,150,,,,,,,,,,,,,,,,,,
2026-07-08T19:00:53.894576+00:00,2026-07-08T19:00:53.894733,2,1,149.5,0.4,149.3,100,149.2,150,,,,,,,,,,,,,,,,,149.7,150,,,,,,,,,,,,,,,,,,
2026-07-08T19:00:53.947430+00:00,2026-07-08T19:00:53.947355,2,2,149.5,0.4,149.3,100,149.2,150,,,,,,,,,,,,,,,,,149.7,150,149.8,100,,,,,,,,,,,,,,,,
2026-07-08T19:00:54.018533+00:00,2026-07-08T19:00:54.014384,2,2,149.5,0.4,149.3,100,149.2,150,,,,,,,,,,,,,,,,,149.7,138,149.8,100,,,,,,,,,,,,,,,,
2026-07-08T19:00:54.034240+00:00,2026-07-08T19:00:54.034056,1,1,149.55,0.5,149.3,100,,,,,,,,,,,,,,,,,,,149.8,100,,,,,,,,,,,,,,,,,,
2026-07-08T19:00:54.081250+00:00,2026-07-08T19:00:54.081131,2,1,149.6,0.4,149.4,150,149.3,100,,,,,,,,,,,,,,,,,149.8,100,,,,,,,,,,,,,,,,,,
2026-07-08T19:00:54.135410+00:00,2026-07-08T19:00:54.135382,2,2,149.6,0.4,149.4,150,149.3,100,,,,,,,,,,,,,,,,,149.8,100,149.9,150,,,,,,,,,,,,,,,,
2026-07-08T19:00:54.181195+00:00,2026-07-08T19:00:54.181081,2,2,149.6,0.4,149.4,100,149.3,100,,,,,,,,,,,,,,,,,149.8,100,149.9,150,,,,,,,,,,,,,,,,
2026-07-08T19:00:55.627029+00:00,2026-07-08T19:00:55.626891,2,2,149.6,0.4,149.4,59,149.3,100,,,,,,,,,,,,,,,,,149.8,100,149.9,150,,,,,,,,,,,,,,,,
2026-07-08T19:00:55.980365+00:00,2026-07-08T19:00:55.973802,2,2,149.6,0.4,149.4,59,149.3,100,,,,,,,,,,,,,,,,,149.8,89,149.9,150,,,,,,,,,,,,,,,,
2026-07-08T19:00:56.434198+00:00,2026-07-08T19:00:56.427920,2,2,149.6,0.4,149.4,59,149.3,100,,,,,,,,,,,,,,,,,149.8,77,149.9,150,,,,,,,,,,,,,,,,
2026-07-08T19:00:56.901527+00:00,2026-07-08T19:00:56.895459,2,2,149.6,0.4,149.4,59,149.3,100,,,,,,,,,,,,,,,,,149.8,66,149.9,150,,,,,,,,,,,,,,,,
2026-07-08T19:00:57.001330+00:00,2026-07-08T19:00:57.001452,1,1,149.65,0.5,149.4,59,,,,,,,,,,,,,,,,,,,149.9,150,,,,,,,,,,,,,,,,,,
2026-07-08T19:00:57.058609+00:00,2026-07-08T19:00:57.056494,1,1,149.65,0.5,149.4,59,,,,,,,,,,,,,,,,,,,149.9,50,,,,,,,,,,,,,,,,,,
2026-07-08T19:00:57.112574+00:00,2026-07-08T19:00:57.112416,1,2,149.65,0.5,149.4,59,,,,,,,,,,,,,,,,,,,149.9,50,150.4,100,,,,,,,,,,,,,,,,
2026-07-08T19:00:57.195502+00:00,2026-07-08T19:00:57.195324,0,1,,,,,,,,,,,,,,,,,,,,,,,150.4,100,,,,,,,,,,,,,,,,,,
2026-07-08T19:00:57.253563+00:00,2026-07-08T19:00:57.253420,1,1,150.15,0.5,149.9,150,,,,,,,,,,,,,,,,,,,150.4,100,,,,,,,,,,,,,,,,,,
2026-07-08T19:00:57.300810+00:00,2026-07-08T19:00:57.300933,1,1,150.15,0.5,149.9,150,,,,,,,,,,,,,,,,,,,150.4,250,,,,,,,,,,,,,,,,,,
2026-07-08T19:00:57.640226+00:00,2026-07-08T19:00:57.639986,1,1,150.15,0.5,149.9,150,,,,,,,,,,,,,,,,,,,150.4,210,,,,,,,,,,,,,,,,,,
2026-07-08T19:00:58.340968+00:00,2026-07-08T19:00:58.340863,1,1,150.15,0.5,149.9,150,,,,,,,,,,,,,,,,,,,150.4,160,,,,,,,,,,,,,,,,,,
2026-07-08T19:00:59.260150+00:00,2026-07-08T19:00:59.260025,1,1,150.15,0.5,149.9,108,,,,,,,,,,,,,,,,,,,150.4,160,,,,,,,,,,,,,,,,,,
2026-07-08T19:00:59.808872+00:00,2026-07-08T19:00:59.808817,1,1,150.15,0.5,149.9,108,,,,,,,,,,,,,,,,,,,150.4,113,,,,,,,,,,,,,,,,,,
2026-07-08T19:00:59.864252+00:00,2026-07-08T19:00:59.864178,1,1,150.15,0.5,149.9,65,,,,,,,,,,,,,,,,,,,150.4,113,,,,,,,,,,,,,,,,,,
2026-07-08T19:01:00.219410+00:00,2026-07-08T19:01:00.219278,2,1,150.2,0.4,150.0,100,149.9,65,,,,,,,,,,,,,,,,,150.4,113,,,,,,,,,,,,,,,,,,
2026-07-08T19:01:00.272930+00:00,2026-07-08T19:01:00.272644,2,2,150.2,0.4,150.0,100,149.9,65,,,,,,,,,,,,,,,,,150.4,113,150.5,100,,,,,,,,,,,,,,,,
2026-07-08T19:01:00.352660+00:00,2026-07-08T19:01:00.352845,1,1,150.25,0.5,150.0,100,,,,,,,,,,,,,,,,,,,150.5,100,,,,,,,,,,,,,,,,,,
2026-07-08T19:01:00.410685+00:00,2026-07-08T19:01:00.410558,2,1,150.25,0.5,150.0,100,149.8,150,,,,,,,,,,,,,,,,,150.5,100,,,,,,,,,,,,,,,,,,
2026-07-08T19:01:00.451099+00:00,2026-07-08T19:01:00.451336,2,1,150.25,0.5,150.0,100,149.8,150,,,,,,,,,,,,,,,,,150.5,50,,,,,,,,,,,,,,,,,,
2026-07-08T19:01:00.461992+00:00,2026-07-08T19:01:00.461924,2,2,150.15,0.3,150.0,100,149.8,150,,,,,,,,,,,,,,,,,150.3,150,150.5,50,,,,,,,,,,,,,,,,
2026-07-08T19:01:00.944262+00:00,2026-07-08T19:01:00.944176,2,2,150.15,0.3,150.0,100,149.8,150,,,,,,,,,,,,,,,,,150.3,104,150.5,50,,,,,,,,,,,,,,,,
2026-07-08T19:01:02.169720+00:00,2026-07-08T19:01:02.162866,2,2,150.15,0.3,150.0,77,149.8,150,,,,,,,,,,,,,,,,,150.3,104,150.5,50,,,,,,,,,,,,,,,,
2026-07-08T19:01:02.561316+00:00,2026-07-08T19:01:02.561175,2,2,150.15,0.3,150.0,77,149.8,150,,,,,,,,,,,,,,,,,150.3,54,150.5,50,,,,,,,,,,,,,,,,
2026-07-08T19:01:03.326237+00:00,2026-07-08T19:01:03.326155,1,1,150.05,0.5,149.8,150,,,,,,,,,,,,,,,,,,,150.3,54,,,,,,,,,,,,,,,,,,
2026-07-08T19:01:03.380923+00:00,2026-07-08T19:01:03.380781,2,1,150.15,0.3,150.0,100,149.8,150,,,,,,,,,,,,,,,,,150.3,54,,,,,,,,,,,,,,,,,,
2026-07-08T19:01:03.434538+00:00,2026-07-08T19:01:03.434425,2,2,150.15,0.3,150.0,100,149.8,150,,,,,,,,,,,,,,,,,150.3,54,150.5,100,,,,,,,,,,,,,,,,
2026-07-08T19:01:03.512402+00:00,2026-07-08T19:01:03.512353,1,1,150.25,0.5,150.0,100,,,,,,,,,,,,,,,,,,,150.5,100,,,,,,,,,,,,,,,,,,
2026-07-08T19:01:03.569197+00:00,2026-07-08T19:01:03.569075,2,1,150.45,0.1,150.4,150,150.0,100,,,,,,,,,,,,,,,,,150.5,100,,,,,,,,,,,,,,,,,,
2026-07-08T19:01:03.618883+00:00,2026-07-08T19:01:03.618833,2,2,150.45,0.1,150.4,150,150.0,100,,,,,,,,,,,,,,,,,150.5,100,150.9,150,,,,,,,,,,,,,,,,
2026-07-08T19:01:03.816333+00:00,2026-07-08T19:01:03.816211,2,2,150.45,0.1,150.4,104,150.0,100,,,,,,,,,,,,,,,,,150.5,100,150.9,150,,,,,,,,,,,,,,,,
2026-07-08T19:01:04.668261+00:00,2026-07-08T19:01:04.668483,2,2,150.45,0.1,150.4,104,150.0,100,,,,,,,,,,,,,,,,,150.5,50,150.9,150,,,,,,,,,,,,,,,,
2026-07-08T19:01:04.789961+00:00,2026-07-08T19:01:04.782881,2,2,150.45,0.1,150.4,81,150.0,100,,,,,,,,,,,,,,,,,150.5,50,150.9,150,,,,,,,,,,,,,,,,
2026-07-08T19:01:06.091442+00:00,2026-07-08T19:01:06.085528,2,2,150.45,0.1,150.4,70,150.0,100,,,,,,,,,,,,,,,,,150.5,50,150.9,150,,,,,,,,,,,,,,,,
2026-07-08T19:01:06.483770+00:00,2026-07-08T19:01:06.483663,2,1,150.65,0.5,150.4,70,150.0,100,,,,,,,,,,,,,,,,,150.9,150,,,,,,,,,,,,,,,,,,
2026-07-08T19:01:06.488978+00:00,2026-07-08T19:01:06.488833,1,1,150.65,0.5,150.4,70,,,,,,,,,,,,,,,,,,,150.9,150,,,,,,,,,,,,,,,,,,
2026-07-08T19:01:06.542725+00:00,2026-07-08T19:01:06.542607,2,1,150.65,0.5,150.4,70,150.1,100,,,,,,,,,,,,,,,,,150.9,150,,,,,,,,,,,,,,,,,,
2026-07-08T19:01:06.596455+00:00,2026-07-08T19:01:06.596272,2,2,150.5,0.2,150.4,70,150.1,100,,,,,,,,,,,,,,,,,150.6,100,150.9,150,,,,,,,,,,,,,,,,
2026-07-08T19:01:06.673858+00:00,2026-07-08T19:01:06.673762,1,1,150.35,0.5,150.1,100,,,,,,,,,,,,,,,,,,,150.6,100,,,,,,,,,,,,,,,,,,
2026-07-08T19:01:06.734244+00:00,2026-07-08T19:01:06.734157,2,1,150.35,0.5,150.1,100,149.8,150,,,,,,,,,,,,,,,,,150.6,100,,,,,,,,,,,,,,,,,,
2026-07-08T19:01:06.776459+00:00,2026-07-08T19:01:06.776310,2,1,150.35,0.5,150.1,100,149.8,150,,,,,,,,,,,,,,,,,150.6,50,,,,,,,,,,,,,,,,,,
2026-07-08T19:01:06.786880+00:00,2026-07-08T19:01:06.786781,2,2,150.2,0.2,150.1,100,149.8,150,,,,,,,,,,,,,,,,,150.3,150,150.6,50,,,,,,,,,,,,,,,,
2026-07-08T19:01:06.879548+00:00,2026-07-08T19:01:06.879443,2,2,150.2,0.2,150.1,59,149.8,150,,,,,,,,,,,,,,,,,150.3,150,150.6,50,,,,,,,,,,,,,,,,
2026-07-08T19:01:08.883506+00:00,2026-07-08T19:01:08.883363,2,2,150.2,0.2,150.1,59,149.8,150,,,,,,,,,,,,,,,,,150.3,100,150.6,50,,,,,,,,,,,,,,,,
2026-07-08T19:01:08.956759+00:00,2026-07-08T19:01:08.956944,2,2,150.2,0.2,150.1,59,149.8,150,,,,,,,,,,,,,,,,,150.3,59,150.6,50,,,,,,,,,,,,,,,,
2026-07-08T19:01:09.647046+00:00,2026-07-08T19:01:09.647236,1,1,150.05,0.5,149.8,150,,,,,,,,,,,,,,,,,,,150.3,59,,,,,,,,,,,,,,,,,,
2026-07-08T19:01:09.699953+00:00,2026-07-08T19:01:09.699904,2,1,150.2,0.2,150.1,100,149.8,150,,,,,,,,,,,,,,,,,150.3,59,,,,,,,,,,,,,,,,,,
2026-07-08T19:01:09.780494+00:00,2026-07-08T19:01:09.780412,2,2,150.2,0.2,150.1,100,149.8,150,,,,,,,,,,,,,,,,,150.3,59,150.6,100,,,,,,,,,,,,,,,,
2026-07-08T19:01:09.843461+00:00,2026-07-08T19:01:09.843574,1,1,150.35,0.5,150.1,100,,,,,,,,,,,,,,,,,,,150.6,100,,,,,,,,,,,,,,,,,,
2026-07-08T19:01:09.896452+00:00,2026-07-08T19:01:09.896383,1,1,150.35,0.5,150.1,250,,,,,,,,,,,,,,,,,,,150.6,100,,,,,,,,,,,,,,,,,,
2026-07-08T19:01:09.949515+00:00,2026-07-08T19:01:09.949440,1,1,150.35,0.5,150.1,250,,,,,,,,,,,,,,,,,,,150.6,250,,,,,,,,,,,,,,,,,,
2026-07-08T19:01:12.835567+00:00,2026-07-08T19:01:12.835689,1,1,150.35,0.5,150.1,150,,,,,,,,,,,,,,,,,,,150.6,150,,,,,,,,,,,,,,,,,,
2026-07-08T19:01:12.892992+00:00,2026-07-08T19:01:12.892865,1,1,150.35,0.5,150.1,250,,,,,,,,,,,,,,,,,,,150.6,150,,,,,,,,,,,,,,,,,,
2026-07-08T19:01:12.945692+00:00,2026-07-08T19:01:12.945659,1,1,150.35,0.5,150.1,250,,,,,,,,,,,,,,,,,,,150.6,250,,,,,,,,,,,,,,,,,,
2026-07-08T19:01:13.005659+00:00,2026-07-08T19:01:13.005527,1,1,150.35,0.5,150.1,100,,,,,,,,,,,,,,,,,,,150.6,100,,,,,,,,,,,,,,,,,,
2026-07-08T19:01:13.060591+00:00,2026-07-08T19:01:13.060711,1,1,150.35,0.5,150.1,250,,,,,,,,,,,,,,,,,,,150.6,100,,,,,,,,,,,,,,,,,,
2026-07-08T19:01:13.111202+00:00,2026-07-08T19:01:13.111099,1,1,150.35,0.5,150.1,250,,,,,,,,,,,,,,,,,,,150.6,250,,,,,,,,,,,,,,,,,,
2026-07-08T19:01:13.145792+00:00,2026-07-08T19:01:13.145736,1,1,150.35,0.5,150.1,200,,,,,,,,,,,,,,,,,,,150.6,250,,,,,,,,,,,,,,,,,,
2026-07-08T19:01:14.489300+00:00,2026-07-08T19:01:14.489259,1,1,150.35,0.5,150.1,152,,,,,,,,,,,,,,,,,,,150.6,250,,,,,,,,,,,,,,,,,,
2026-07-08T19:01:15.464041+00:00,2026-07-08T19:01:15.464013,1,1,150.35,0.5,150.1,152,,,,,,,,,,,,,,,,,,,150.6,208,,,,,,,,,,,,,,,,,,
2026-07-08T19:01:15.999484+00:00,2026-07-08T19:01:15.999604,1,1,150.35,0.5,150.1,150,,,,,,,,,,,,,,,,,,,150.6,150,,,,,,,,,,,,,,,,,,
2026-07-08T19:01:16.058609+00:00,2026-07-08T19:01:16.054190,2,1,150.5,0.2,150.4,100,150.1,150,,,,,,,,,,,,,,,,,150.6,150,,,,,,,,,,,,,,,,,,
2026-07-08T19:01:16.106991+00:00,2026-07-08T19:01:16.106912,2,2,150.5,0.2,150.4,100,150.1,150,,,,,,,,,,,,,,,,,150.6,150,150.9,100,,,,,,,,,,,,,,,,
2026-07-08T19:01:16.168469+00:00,2026-07-08T19:01:16.168441,1,1,150.65,0.5,150.4,100,,,,,,,,,,,,,,,,,,,150.9,100,,,,,,,,,,,,,,,,,,
2026-07-08T19:01:16.223423+00:00,2026-07-08T19:01:16.223539,2,1,150.7,0.4,150.5,150,150.4,100,,,,,,,,,,,,,,,,,150.9,100,,,,,,,,,,,,,,,,,,
2026-07-08T19:01:16.273674+00:00,2026-07-08T19:01:16.273584,2,2,150.7,0.4,150.5,150,150.4,100,,,,,,,,,,,,,,,,,150.9,100,151.0,150,,,,,,,,,,,,,,,,
2026-07-08T19:01:17.251396+00:00,2026-07-08T19:01:17.251504,2,2,150.7,0.4,150.5,100,150.4,100,,,,,,,,,,,,,,,,,150.9,100,151.0,150,,,,,,,,,,,,,,,,
2026-07-08T19:01:19.163867+00:00,2026-07-08T19:01:19.163785,1,1,150.75,0.5,150.5,100,,,,,,,,,,,,,,,,,,,151.0,150,,,,,,,,,,,,,,,,,,
2026-07-08T19:01:19.213628+00:00,2026-07-08T19:01:19.213490,2,1,150.75,0.5,150.5,100,150.2,100,,,,,,,,,,,,,,,,,151.0,150,,,,,,,,,,,,,,,,,,
2026-07-08T19:01:19.255604+00:00,2026-07-08T19:01:19.257340,2,2,150.6,0.2,150.5,100,150.2,100,,,,,,,,,,,,,,,,,150.7,100,151.0,150,,,,,,,,,,,,,,,,
2026-07-08T19:01:19.330065+00:00,2026-07-08T19:01:19.330035,1,1,150.45,0.5,150.2,100,,,,,,,,,,,,,,,,,,,150.7,100,,,,,,,,,,,,,,,,,,
2026-07-08T19:01:19.360360+00:00,2026-07-08T19:01:19.360234,1,1,150.45,0.5,150.2,50,,,,,,,,,,,,,,,,,,,150.7,100,,,,,,,,,,,,,,,,,,
2026-07-08T19:01:19.385595+00:00,2026-07-08T19:01:19.385678,1,1,150.45,0.5,150.2,200,,,,,,,,,,,,,,,,,,,150.7,100,,,,,,,,,,,,,,,,,,
2026-07-08T19:01:19.458619+00:00,2026-07-08T19:01:19.456353,1,1,150.45,0.5,150.2,200,,,,,,,,,,,,,,,,,,,150.7,250,,,,,,,,,,,,,,,,,,
2026-07-08T19:01:21.468772+00:00,2026-07-08T19:01:21.468578,1,1,150.45,0.5,150.2,150,,,,,,,,,,,,,,,,,,,150.7,250,,,,,,,,,,,,,,,,,,
2026-07-08T19:01:22.177205+00:00,2026-07-08T19:01:22.177069,1,1,150.45,0.5,150.2,150,,,,,,,,,,,,,,,,,,,150.7,210,,,,,,,,,,,,,,,,,,
2026-07-08T19:01:22.322996+00:00,2026-07-08T19:01:22.322872,1,1,150.45,0.5,150.2,150,,,,,,,,,,,,,,,,,,,150.7,150,,,,,,,,,,,,,,,,,,
2026-07-08T19:01:22.376086+00:00,2026-07-08T19:01:22.375975,2,1,150.45,0.5,150.2,150,150.1,100,,,,,,,,,,,,,,,,,150.7,150,,,,,,,,,,,,,,,,,,
2026-07-08T19:01:22.428847+00:00,2026-07-08T19:01:22.428727,2,2,150.4,0.4,150.2,150,150.1,100,,,,,,,,,,,,,,,,,150.6,100,150.7,150,,,,,,,,,,,,,,,,
2026-07-08T19:01:22.512152+00:00,2026-07-08T19:01:22.512049,1,1,150.35,0.5,150.1,100,,,,,,,,,,,,,,,,,,,150.6,100,,,,,,,,,,,,,,,,,,
2026-07-08T19:01:22.558545+00:00,2026-07-08T19:01:22.558478,2,1,150.45,0.3,150.3,150,150.1,100,,,,,,,,,,,,,,,,,150.6,100,,,,,,,,,,,,,,,,,,
2026-07-08T19:01:22.616020+00:00,2026-07-08T19:01:22.615972,2,2,150.45,0.3,150.3,150,150.1,100,,,,,,,,,,,,,,,,,150.6,100,150.8,150,,,,,,,,,,,,,,,,
2026-07-08T19:01:22.731198+00:00,2026-07-08T19:01:22.731066,2,2,150.45,0.3,150.3,110,150.1,100,,,,,,,,,,,,,,,,,150.6,100,150.8,150,,,,,,,,,,,,,,,,
2026-07-08T19:01:23.141115+00:00,2026-07-08T19:01:23.135176,2,2,150.45,0.3,150.3,110,150.1,100,,,,,,,,,,,,,,,,,150.6,89,150.8,150,,,,,,,,,,,,,,,,
2026-07-08T19:01:23.578681+00:00,2026-07-08T19:01:23.578651,2,2,150.45,0.3,150.3,60,150.1,100,,,,,,,,,,,,,,,,,150.6,89,150.8,150,,,,,,,,,,,,,,,,
2026-07-08T19:01:24.474938+00:00,2026-07-08T19:01:24.474832,2,2,150.45,0.3,150.3,60,150.1,100,,,,,,,,,,,,,,,,,150.6,47,150.8,150,,,,,,,,,,,,,,,,
2026-07-08T19:01:25.483307+00:00,2026-07-08T19:01:25.483175,1,1,150.55,0.5,150.3,60,,,,,,,,,,,,,,,,,,,150.8,150,,,,,,,,,,,,,,,,,,
2026-07-08T19:01:25.530690+00:00,2026-07-08T19:01:25.530427,1,1,150.55,0.5,150.3,160,,,,,,,,,,,,,,,,,,,150.8,150,,,,,,,,,,,,,,,,,,
2026-07-08T19:01:25.589969+00:00,2026-07-08T19:01:25.589880,1,1,150.55,0.5,150.3,160,,,,,,,,,,,,,,,,,,,150.8,250,,,,,,,,,,,,,,,,,,
2026-07-08T19:01:25.670873+00:00,2026-07-08T19:01:25.670806,1,1,150.55,0.5,150.3,100,,,,,,,,,,,,,,,,,,,150.8,100,,,,,,,,,,,,,,,,,,
2026-07-08T19:01:25.687833+00:00,2026-07-08T19:01:25.687711,1,1,150.55,0.5,150.3,50,,,,,,,,,,,,,,,,,,,150.8,100,,,,,,,,,,,,,,,,,,
2026-07-08T19:01:25.725300+00:00,2026-07-08T19:01:25.725419,2,1,150.55,0.5,150.3,50,149.9,150,,,,,,,,,,,,,,,,,150.8,100,,,,,,,,,,,,,,,,,,
2026-07-08T19:01:25.789443+00:00,2026-07-08T19:01:25.783207,2,2,150.35,0.1,150.3,50,149.9,150,,,,,,,,,,,,,,,,,150.4,138,150.8,100,,,,,,,,,,,,,,,,
2026-07-08T19:01:27.809746+00:00,2026-07-08T19:01:27.809523,1,2,150.15,0.5,149.9,150,,,,,,,,,,,,,,,,,,,150.4,138,150.8,100,,,,,,,,,,,,,,,,
2026-07-08T19:01:28.401276+00:00,2026-07-08T19:01:28.395658,1,2,150.15,0.5,149.9,150,,,,,,,,,,,,,,,,,,,150.4,115,150.8,100,,,,,,,,,,,,,,,,
2026-07-08T19:01:28.641214+00:00,2026-07-08T19:01:28.641114,1,1,150.15,0.5,149.9,150,,,,,,,,,,,,,,,,,,,150.4,115,,,,,,,,,,,,,,,,,,
2026-07-08T19:01:28.696944+00:00,2026-07-08T19:01:28.696852,2,1,150.3,0.2,150.2,100,149.9,150,,,,,,,,,,,,,,,,,150.4,115,,,,,,,,,,,,,,,,,,
2026-07-08T19:01:28.749444+00:00,2026-07-08T19:01:28.749376,2,2,150.3,0.2,150.2,100,149.9,150,,,,,,,,,,,,,,,,,150.4,115,150.7,100,,,,,,,,,,,,,,,,
2026-07-08T19:01:28.833609+00:00,2026-07-08T19:01:28.833507,1,1,150.45,0.5,150.2,100,,,,,,,,,,,,,,,,,,,150.7,100,,,,,,,,,,,,,,,,,,
2026-07-08T19:01:28.886171+00:00,2026-07-08T19:01:28.885897,1,1,150.45,0.5,150.2,250,,,,,,,,,,,,,,,,,,,150.7,100,,,,,,,,,,,,,,,,,,
2026-07-08T19:01:28.938622+00:00,2026-07-08T19:01:28.938479,1,1,150.45,0.5,150.2,250,,,,,,,,,,,,,,,,,,,150.7,250,,,,,,,,,,,,,,,,,,
2026-07-08T19:01:31.804730+00:00,2026-07-08T19:01:31.804673,1,1,150.45,0.5,150.2,150,,,,,,,,,,,,,,,,,,,150.7,150,,,,,,,,,,,,,,,,,,
2026-07-08T19:01:31.858600+00:00,2026-07-08T19:01:31.853531,2,1,150.45,0.5,150.2,150,150.1,100,,,,,,,,,,,,,,,,,150.7,150,,,,,,,,,,,,,,,,,,
2026-07-08T19:01:31.911015+00:00,2026-07-08T19:01:31.910888,2,2,150.4,0.4,150.2,150,150.1,100,,,,,,,,,,,,,,,,,150.6,100,150.7,150,,,,,,,,,,,,,,,,
2026-07-08T19:01:31.963914+00:00,2026-07-08T19:01:31.963785,2,2,150.4,0.4,150.2,150,150.1,100,,,,,,,,,,,,,,,,,150.6,50,150.7,150,,,,,,,,,,,,,,,,
2026-07-08T19:01:31.992320+00:00,2026-07-08T19:01:31.992170,1,1,150.35,0.5,150.1,100,,,,,,,,,,,,,,,,,,,150.6,50,,,,,,,,,,,,,,,,,,
2026-07-08T19:01:32.051663+00:00,2026-07-08T19:01:32.051557,1,1,150.35,0.5,150.1,250,,,,,,,,,,,,,,,,,,,150.6,50,,,,,,,,,,,,,,,,,,
2026-07-08T19:01:32.102951+00:00,2026-07-08T19:01:32.102884,1,1,150.35,0.5,150.1,250,,,,,,,,,,,,,,,,,,,150.6,200,,,,,,,,,,,,,,,,,,
2026-07-08T19:01:32.428228+00:00,2026-07-08T19:01:32.428152,1,1,150.35,0.5,150.1,203,,,,,,,,,,,,,,,,,,,150.6,200,,,,,,,,,,,,,,,,,,
2026-07-08T19:01:33.535196+00:00,2026-07-08T19:01:33.535081,1,1,150.35,0.5,150.1,203,,,,,,,,,,,,,,,,,,,150.6,155,,,,,,,,,,,,,,,,,,
2026-07-08T19:01:34.506748+00:00,2026-07-08T19:01:34.506624,1,1,150.35,0.5,150.1,157,,,,,,,,,,,,,,,,,,,150.6,155,,,,,,,,,,,,,,,,,,
2026-07-08T19:01:34.965659+00:00,2026-07-08T19:01:34.965607,1,1,150.35,0.5,150.1,150,,,,,,,,,,,,,,,,,,,150.6,150,,,,,,,,,,,,,,,,,,
2026-07-08T19:01:35.020214+00:00,2026-07-08T19:01:35.020098,2,1,150.35,0.5,150.1,150,150.0,100,,,,,,,,,,,,,,,,,150.6,150,,,,,,,,,,,,,,,,,,
2026-07-08T19:01:35.073334+00:00,2026-07-08T19:01:35.073246,2,2,150.3,0.4,150.1,150,150.0,100,,,,,,,,,,,,,,,,,150.5,100,150.6,150,,,,,,,,,,,,,,,,
2026-07-08T19:01:35.158555+00:00,2026-07-08T19:01:35.156679,1,1,150.25,0.5,150.0,100,,,,,,,,,,,,,,,,,,,150.5,100,,,,,,,,,,,,,,,,,,
2026-07-08T19:01:35.217826+00:00,2026-07-08T19:01:35.217618,1,1,150.25,0.5,150.0,250,,,,,,,,,,,,,,,,,,,150.5,100,,,,,,,,,,,,,,,,,,
2026-07-08T19:01:35.270060+00:00,2026-07-08T19:01:35.270000,1,1,150.25,0.5,150.0,250,,,,,,,,,,,,,,,,,,,150.5,250,,,,,,,,,,,,,,,,,,
2026-07-08T19:01:36.074058+00:00,2026-07-08T19:01:36.074189,1,1,150.25,0.5,150.0,250,,,,,,,,,,,,,,,,,,,150.5,208,,,,,,,,,,,,,,,,,,
2026-07-08T19:01:36.226885+00:00,2026-07-08T19:01:36.226810,1,1,150.25,0.5,150.0,200,,,,,,,,,,,,,,,,,,,150.5,208,,,,,,,,,,,,,,,,,,
2026-07-08T19:01:38.127119+00:00,2026-07-08T19:01:38.127077,1,1,150.25,0.5,150.0,150,,,,,,,,,,,,,,,,,,,150.5,150,,,,,,,,,,,,,,,,,,
2026-07-08T19:01:38.180716+00:00,2026-07-08T19:01:38.180620,2,1,150.25,0.5,150.0,150,149.8,100,,,,,,,,,,,,,,,,,150.5,150,,,,,,,,,,,,,,,,,,
2026-07-08T19:01:38.235324+00:00,2026-07-08T19:01:38.235449,2,2,150.15,0.3,150.0,150,149.8,100,,,,,,,,,,,,,,,,,150.3,100,150.5,150,,,,,,,,,,,,,,,,
2026-07-08T19:01:38.283400+00:00,2026-07-08T19:01:38.283340,2,2,150.15,0.3,150.0,150,149.8,100,,,,,,,,,,,,,,,,,150.3,50,150.5,150,,,,,,,,,,,,,,,,
2026-07-08T19:01:38.326594+00:00,2026-07-08T19:01:38.326558,1,1,150.05,0.5,149.8,100,,,,,,,,,,,,,,,,,,,150.3,50,,,,,,,,,,,,,,,,,,
2026-07-08T19:01:38.379839+00:00,2026-07-08T19:01:38.379814,2,1,150.1,0.4,149.9,150,149.8,100,,,,,,,,,,,,,,,,,150.3,50,,,,,,,,,,,,,,,,,,
2026-07-08T19:01:38.430917+00:00,2026-07-08T19:01:38.430883,2,1,150.1,0.4,149.9,150,149.8,100,,,,,,,,,,,,,,,,,150.3,200,,,,,,,,,,,,,,,,,,
2026-07-08T19:01:38.831370+00:00,2026-07-08T19:01:38.831330,2,1,150.1,0.4,149.9,109,149.8,100,,,,,,,,,,,,,,,,,150.3,200,,,,,,,,,,,,,,,,,,
2026-07-08T19:01:39.704778+00:00,2026-07-08T19:01:39.704756,2,1,150.1,0.4,149.9,109,149.8,100,,,,,,,,,,,,,,,,,150.3,154,,,,,,,,,,,,,,,,,,
2026-07-08T19:01:39.758927+00:00,2026-07-08T19:01:39.758853,2,1,150.1,0.4,149.9,64,149.8,100,,,,,,,,,,,,,,,,,150.3,154,,,,,,,,,,,,,,,,,,
2026-07-08T19:01:41.304253+00:00,2026-07-08T19:01:41.304163,1,1,150.1,0.4,149.9,64,,,,,,,,,,,,,,,,,,,150.3,150,,,,,,,,,,,,,,,,,,
2026-07-08T19:01:41.358573+00:00,2026-07-08T19:01:41.356201,2,1,150.2,0.2,150.1,100,149.9,64,,,,,,,,,,,,,,,,,150.3,150,,,,,,,,,,,,,,,,,,
2026-07-08T19:01:41.414321+00:00,2026-07-08T19:01:41.414234,2,2,150.2,0.2,150.1,100,149.9,64,,,,,,,,,,,,,,,,,150.3,150,150.6,100,,,,,,,,,,,,,,,,
2026-07-08T19:01:41.488976+00:00,2026-07-08T19:01:41.488894,1,1,150.35,0.5,150.1,100,,,,,,,,,,,,,,,,,,,150.6,100,,,,,,,,,,,,,,,,,,
2026-07-08T19:01:41.540930+00:00,2026-07-08T19:01:41.540804,2,1,150.35,0.5,150.1,100,149.5,150,,,,,,,,,,,,,,,,,150.6,100,,,,,,,,,,,,,,,,,,
2026-07-08T19:01:41.611483+00:00,2026-07-08T19:01:41.603375,1,2,149.75,0.5,149.5,150,,,,,,,,,,,,,,,,,,,150.0,16,150.6,100,,,,,,,,,,,,,,,,
2026-07-08T19:01:42.492696+00:00,2026-07-08T19:01:42.492637,1,1,150.05,1.1,149.5,150,,,,,,,,,,,,,,,,,,,150.6,66,,,,,,,,,,,,,,,,,,
2026-07-08T19:01:43.231453+00:00,2026-07-08T19:01:43.231335,1,1,150.05,1.1,149.5,150,,,,,,,,,,,,,,,,,,,150.6,20,,,,,,,,,,,,,,,,,,
2026-07-08T19:01:43.909475+00:00,2026-07-08T19:01:43.909291,1,1,150.05,1.1,149.5,108,,,,,,,,,,,,,,,,,,,150.6,20,,,,,,,,,,,,,,,,,,
2026-07-08T19:01:44.468471+00:00,2026-07-08T19:01:44.468436,1,0,,,149.5,108,,,,,,,,,,,,,,,,,,,,,,,,,,,,,,,,,,,,,,
2026-07-08T19:01:44.519196+00:00,2026-07-08T19:01:44.519123,2,0,,,150.1,100,149.5,108,,,,,,,,,,,,,,,,,,,,,,,,,,,,,,,,,,,,
2026-07-08T19:01:44.573915+00:00,2026-07-08T19:01:44.574010,2,1,150.35,0.5,150.1,100,149.5,108,,,,,,,,,,,,,,,,,150.6,100,,,,,,,,,,,,,,,,,,
2026-07-08T19:01:44.584026+00:00,2026-07-08T19:01:44.578299,2,1,150.35,0.5,150.1,88,149.5,108,,,,,,,,,,,,,,,,,150.6,100,,,,,,,,,,,,,,,,,,
2026-07-08T19:01:44.599588+00:00,2026-07-08T19:01:44.599459,2,1,150.35,0.5,150.1,88,149.5,108,,,,,,,,,,,,,,,,,150.6,50,,,,,,,,,,,,,,,,,,
2026-07-08T19:01:44.651876+00:00,2026-07-08T19:01:44.651753,1,1,150.35,0.5,150.1,88,,,,,,,,,,,,,,,,,,,150.6,50,,,,,,,,,,,,,,,,,,
2026-07-08T19:01:44.705297+00:00,2026-07-08T19:01:44.705113,2,1,150.35,0.5,150.1,88,150.0,150,,,,,,,,,,,,,,,,,150.6,50,,,,,,,,,,,,,,,,,,
2026-07-08T19:01:44.758583+00:00,2026-07-08T19:01:44.757645,2,2,150.3,0.4,150.1,88,150.0,150,,,,,,,,,,,,,,,,,150.5,150,150.6,50,,,,,,,,,,,,,,,,
2026-07-08T19:01:45.610473+00:00,2026-07-08T19:01:45.610422,2,2,150.3,0.4,150.1,88,150.0,150,,,,,,,,,,,,,,,,,150.5,108,150.6,50,,,,,,,,,,,,,,,,
2026-07-08T19:01:46.728466+00:00,2026-07-08T19:01:46.728360,2,2,150.3,0.4,150.1,88,150.0,150,,,,,,,,,,,,,,,,,150.5,58,150.6,50,,,,,,,,,,,,,,,,
2026-07-08T19:01:47.627809+00:00,2026-07-08T19:01:47.627720,1,1,150.25,0.5,150.0,150,,,,,,,,,,,,,,,,,,,150.5,58,,,,,,,,,,,,,,,,,,
2026-07-08T19:01:47.681770+00:00,2026-07-08T19:01:47.681943,2,1,150.45,0.1,150.4,100,150.0,150,,,,,,,,,,,,,,,,,150.5,58,,,,,,,,,,,,,,,,,,
2026-07-08T19:01:47.691003+00:00,2026-07-08T19:01:47.685924,2,1,150.45,0.1,150.4,89,150.0,150,,,,,,,,,,,,,,,,,150.5,58,,,,,,,,,,,,,,,,,,
2026-07-08T19:01:47.734448+00:00,2026-07-08T19:01:47.734409,2,2,150.45,0.1,150.4,89,150.0,150,,,,,,,,,,,,,,,,,150.5,58,150.9,100,,,,,,,,,,,,,,,,
2026-07-08T19:01:47.817489+00:00,2026-07-08T19:01:47.817602,1,1,150.65,0.5,150.4,89,,,,,,,,,,,,,,,,,,,150.9,100,,,,,,,,,,,,,,,,,,
2026-07-08T19:01:47.881398+00:00,2026-07-08T19:01:47.876236,2,1,150.75,0.3,150.6,127,150.4,89,,,,,,,,,,,,,,,,,150.9,100,,,,,,,,,,,,,,,,,,
2026-07-08T19:01:47.923186+00:00,2026-07-08T19:01:47.923132,2,2,150.75,0.3,150.6,127,150.4,89,,,,,,,,,,,,,,,,,150.9,100,151.1,150,,,,,,,,,,,,,,,,
2026-07-08T19:01:48.658713+00:00,2026-07-08T19:01:48.656722,2,2,150.75,0.3,150.6,83,150.4,89,,,,,,,,,,,,,,,,,150.9,100,151.1,150,,,,,,,,,,,,,,,,
2026-07-08T19:01:48.906942+00:00,2026-07-08T19:01:48.906880,2,2,150.75,0.3,150.6,33,150.4,89,,,,,,,,,,,,,,,,,150.9,100,151.1,150,,,,,,,,,,,,,,,,
2026-07-08T19:01:50.709032+00:00,2026-07-08T19:01:50.703014,2,2,150.75,0.3,150.6,22,150.4,89,,,,,,,,,,,,,,,,,150.9,100,151.1,150,,,,,,,,,,,,,,,,
2026-07-08T19:01:50.788765+00:00,2026-07-08T19:01:50.788619,1,1,150.85,0.5,150.6,22,,,,,,,,,,,,,,,,,,,151.1,150,,,,,,,,,,,,,,,,,,
2026-07-08T19:01:50.843451+00:00,2026-07-08T19:01:50.843385,2,1,150.85,0.5,150.6,22,150.2,100,,,,,,,,,,,,,,,,,151.1,150,,,,,,,,,,,,,,,,,,
2026-07-08T19:01:50.896560+00:00,2026-07-08T19:01:50.896483,2,2,150.65,0.1,150.6,22,150.2,100,,,,,,,,,,,,,,,,,150.7,100,151.1,150,,,,,,,,,,,,,,,,
2026-07-08T19:01:50.980568+00:00,2026-07-08T19:01:50.980417,1,1,150.45,0.5,150.2,100,,,,,,,,,,,,,,,,,,,150.7,100,,,,,,,,,,,,,,,,,,
2026-07-08T19:01:51.014406+00:00,2026-07-08T19:01:51.014330,1,1,150.45,0.5,150.2,50,,,,,,,,,,,,,,,,,,,150.7,100,,,,,,,,,,,,,,,,,,
2026-07-08T19:01:51.030536+00:00,2026-07-08T19:01:51.030372,2,1,150.45,0.5,150.2,50,149.9,150,,,,,,,,,,,,,,,,,150.7,100,,,,,,,,,,,,,,,,,,
2026-07-08T19:01:51.084976+00:00,2026-07-08T19:01:51.084896,2,2,150.3,0.2,150.2,50,149.9,150,,,,,,,,,,,,,,,,,150.4,150,150.7,100,,,,,,,,,,,,,,,,
2026-07-08T19:01:51.118606+00:00,2026-07-08T19:01:51.118559,2,2,150.3,0.2,150.2,9,149.9,150,,,,,,,,,,,,,,,,,150.4,150,150.7,100,,,,,,,,,,,,,,,,
2026-07-08T19:01:51.632381+00:00,2026-07-08T19:01:51.625781,2,2,150.3,0.2,150.2,9,149.9,150,,,,,,,,,,,,,,,,,150.4,139,150.7,100,,,,,,,,,,,,,,,,
2026-07-08T19:01:52.022877+00:00,2026-07-08T19:01:52.017210,2,2,150.3,0.2,150.2,9,149.9,150,,,,,,,,,,,,,,,,,150.4,127,150.7,100,,,,,,,,,,,,,,,,
2026-07-08T19:01:53.122001+00:00,2026-07-08T19:01:53.121873,1,2,150.15,0.5,149.9,109,,,,,,,,,,,,,,,,,,,150.4,127,150.7,100,,,,,,,,,,,,,,,,
2026-07-08T19:01:53.259197+00:00,2026-07-08T19:01:53.259089,1,2,150.15,0.5,149.9,109,,,,,,,,,,,,,,,,,,,150.4,85,150.7,100,,,,,,,,,,,,,,,,
2026-07-08T19:01:53.964099+00:00,2026-07-08T19:01:53.963911,1,1,150.15,0.5,149.9,109,,,,,,,,,,,,,,,,,,,150.4,85,,,,,,,,,,,,,,,,,,
2026-07-08T19:01:54.018928+00:00,2026-07-08T19:01:54.018895,2,1,150.25,0.3,150.1,100,149.9,109,,,,,,,,,,,,,,,,,150.4,85,,,,,,,,,,,,,,,,,,
2026-07-08T19:01:54.075120+00:00,2026-07-08T19:01:54.074996,2,2,150.25,0.3,150.1,100,149.9,109,,,,,,,,,,,,,,,,,150.4,85,150.6,100,,,,,,,,,,,,,,,,
2026-07-08T19:01:54.139095+00:00,2026-07-08T19:01:54.138997,1,1,150.35,0.5,150.1,100,,,,,,,,,,,,,,,,,,,150.6,100,,,,,,,,,,,,,,,,,,
2026-07-08T19:01:54.192871+00:00,2026-07-08T19:01:54.192766,2,1,150.4,0.4,150.2,150,150.1,100,,,,,,,,,,,,,,,,,150.6,100,,,,,,,,,,,,,,,,,,
2026-07-08T19:01:54.246949+00:00,2026-07-08T19:01:54.247060,2,2,150.4,0.4,150.2,150,150.1,100,,,,,,,,,,,,,,,,,150.6,100,150.7,150,,,,,,,,,,,,,,,,
2026-07-08T19:01:56.322025+00:00,2026-07-08T19:01:56.321804,2,2,150.4,0.4,150.2,150,150.1,100,,,,,,,,,,,,,,,,,150.6,52,150.7,150,,,,,,,,,,,,,,,,
2026-07-08T19:01:57.128613+00:00,2026-07-08T19:01:57.128804,1,1,150.45,0.5,150.2,150,,,,,,,,,,,,,,,,,,,150.7,150,,,,,,,,,,,,,,,,,,
2026-07-08T19:01:57.184513+00:00,2026-07-08T19:01:57.184316,2,1,150.45,0.5,150.2,150,150.0,100,,,,,,,,,,,,,,,,,150.7,150,,,,,,,,,,,,,,,,,,
2026-07-08T19:01:57.237641+00:00,2026-07-08T19:01:57.237511,2,2,150.35,0.3,150.2,150,150.0,100,,,,,,,,,,,,,,,,,150.5,100,150.7,150,,,,,,,,,,,,,,,,
2026-07-08T19:01:57.312675+00:00,2026-07-08T19:01:57.312568,1,1,150.25,0.5,150.0,100,,,,,,,,,,,,,,,,,,,150.5,100,,,,,,,,,,,,,,,,,,
2026-07-08T19:01:57.358579+00:00,2026-07-08T19:01:57.355449,2,1,150.35,0.3,150.2,150,150.0,100,,,,,,,,,,,,,,,,,150.5,100,,,,,,,,,,,,,,,,,,
2026-07-08T19:01:57.408019+00:00,2026-07-08T19:01:57.408173,2,2,150.35,0.3,150.2,150,150.0,100,,,,,,,,,,,,,,,,,150.5,100,150.7,150,,,,,,,,,,,,,,,,
2026-07-08T19:01:58.158647+00:00,2026-07-08T19:01:58.147049,2,2,150.35,0.3,150.2,108,150.0,100,,,,,,,,,,,,,,,,,150.5,100,150.7,150,,,,,,,,,,,,,,,,
2026-07-08T19:01:58.737975+00:00,2026-07-08T19:01:58.737865,2,2,150.35,0.3,150.2,59,150.0,100,,,,,,,,,,,,,,,,,150.5,100,150.7,150,,,,,,,,,,,,,,,,
2026-07-08T19:01:59.409240+00:00,2026-07-08T19:01:59.409193,2,2,150.35,0.3,150.2,59,150.0,100,,,,,,,,,,,,,,,,,150.5,50,150.7,150,,,,,,,,,,,,,,,,
2026-07-08T19:02:00.290399+00:00,2026-07-08T19:02:00.290513,1,1,150.45,0.5,150.2,59,,,,,,,,,,,,,,,,,,,150.7,150,,,,,,,,,,,,,,,,,,
2026-07-08T19:02:00.345055+00:00,2026-07-08T19:02:00.344946,2,1,150.5,0.4,150.3,100,150.2,59,,,,,,,,,,,,,,,,,150.7,150,,,,,,,,,,,,,,,,,,
2026-07-08T19:02:00.398598+00:00,2026-07-08T19:02:00.398504,2,2,150.5,0.4,150.3,100,150.2,59,,,,,,,,,,,,,,,,,150.7,150,150.8,100,,,,,,,,,,,,,,,,
2026-07-08T19:02:00.458569+00:00,2026-07-08T19:02:00.457108,1,1,150.55,0.5,150.3,100,,,,,,,,,,,,,,,,,,,150.8,100,,,,,,,,,,,,,,,,,,
2026-07-08T19:02:00.515554+00:00,2026-07-08T19:02:00.515387,2,1,150.55,0.5,150.3,100,149.8,150,,,,,,,,,,,,,,,,,150.8,100,,,,,,,,,,,,,,,,,,
2026-07-08T19:02:00.571166+00:00,2026-07-08T19:02:00.571066,1,2,150.05,0.5,149.8,150,,,,,,,,,,,,,,,,,,,150.3,50,150.8,100,,,,,,,,,,,,,,,,
2026-07-08T19:02:01.306110+00:00,2026-07-08T19:02:01.300281,1,2,150.05,0.5,149.8,150,,,,,,,,,,,,,,,,,,,150.3,28,150.8,100,,,,,,,,,,,,,,,,
2026-07-08T19:02:01.529170+00:00,2026-07-08T19:02:01.529333,1,1,150.3,1.0,149.8,150,,,,,,,,,,,,,,,,,,,150.8,78,,,,,,,,,,,,,,,,,,
2026-07-08T19:02:02.378893+00:00,2026-07-08T19:02:02.378773,1,1,150.3,1.0,149.8,150,,,,,,,,,,,,,,,,,,,150.8,34,,,,,,,,,,,,,,,,,,
2026-07-08T19:02:03.453214+00:00,2026-07-08T19:02:03.453306,1,0,,,149.8,150,,,,,,,,,,,,,,,,,,,,,,,,,,,,,,,,,,,,,,
2026-07-08T19:02:03.507682+00:00,2026-07-08T19:02:03.507635,2,0,,,150.5,100,149.8,150,,,,,,,,,,,,,,,,,,,,,,,,,,,,,,,,,,,,
2026-07-08T19:02:03.558590+00:00,2026-07-08T19:02:03.556275,2,1,150.75,0.5,150.5,100,149.8,150,,,,,,,,,,,,,,,,,151.0,100,,,,,,,,,,,,,,,,,,
2026-07-08T19:02:03.624377+00:00,2026-07-08T19:02:03.624319,1,1,150.75,0.5,150.5,100,,,,,,,,,,,,,,,,,,,151.0,100,,,,,,,,,,,,,,,,,,
2026-07-08T19:02:03.658698+00:00,2026-07-08T19:02:03.655865,1,1,150.75,0.5,150.5,100,,,,,,,,,,,,,,,,,,,151.0,50,,,,,,,,,,,,,,,,,,
2026-07-08T19:02:03.698822+00:00,2026-07-08T19:02:03.685739,2,1,150.8,0.4,150.6,139,150.5,100,,,,,,,,,,,,,,,,,151.0,50,,,,,,,,,,,,,,,,,,
2026-07-08T19:02:03.730082+00:00,2026-07-08T19:02:03.730048,2,2,150.8,0.4,150.6,139,150.5,100,,,,,,,,,,,,,,,,,151.0,50,151.1,150,,,,,,,,,,,,,,,,
2026-07-08T19:02:05.150352+00:00,2026-07-08T19:02:05.144597,2,2,150.8,0.4,150.6,128,150.5,100,,,,,,,,,,,,,,,,,151.0,50,151.1,150,,,,,,,,,,,,,,,,
2026-07-08T19:02:05.771917+00:00,2026-07-08T19:02:05.771778,2,1,150.85,0.5,150.6,128,150.5,100,,,,,,,,,,,,,,,,,151.1,150,,,,,,,,,,,,,,,,,,
2026-07-08T19:02:06.616240+00:00,2026-07-08T19:02:06.616117,1,1,150.85,0.5,150.6,128,,,,,,,,,,,,,,,,,,,151.1,150,,,,,,,,,,,,,,,,,,
2026-07-08T19:02:06.669371+00:00,2026-07-08T19:02:06.669338,2,1,150.9,0.4,150.7,100,150.6,128,,,,,,,,,,,,,,,,,151.1,150,,,,,,,,,,,,,,,,,,
2026-07-08T19:02:06.710363+00:00,2026-07-08T19:02:06.674274,2,1,150.9,0.4,150.7,88,150.6,128,,,,,,,,,,,,,,,,,151.1,150,,,,,,,,,,,,,,,,,,
2026-07-08T19:02:06.726084+00:00,2026-07-08T19:02:06.725955,2,2,150.9,0.4,150.7,88,150.6,128,,,,,,,,,,,,,,,,,151.1,150,151.2,100,,,,,,,,,,,,,,,,
2026-07-08T19:02:06.785282+00:00,2026-07-08T19:02:06.785207,1,1,150.95,0.5,150.7,88,,,,,,,,,,,,,,,,,,,151.2,100,,,,,,,,,,,,,,,,,,
2026-07-08T19:02:06.837369+00:00,2026-07-08T19:02:06.837346,2,1,150.95,0.5,150.7,88,150.4,150,,,,,,,,,,,,,,,,,151.2,100,,,,,,,,,,,,,,,,,,
2026-07-08T19:02:06.892269+00:00,2026-07-08T19:02:06.892387,2,2,150.8,0.2,150.7,88,150.4,150,,,,,,,,,,,,,,,,,150.9,150,151.2,100,,,,,,,,,,,,,,,,
2026-07-08T19:02:08.952303+00:00,2026-07-08T19:02:08.952171,2,2,150.8,0.2,150.7,88,150.4,150,,,,,,,,,,,,,,,,,150.9,109,151.2,100,,,,,,,,,,,,,,,,
2026-07-08T19:02:09.780209+00:00,2026-07-08T19:02:09.780132,2,1,150.8,0.2,150.7,88,150.4,150,,,,,,,,,,,,,,,,,150.9,109,,,,,,,,,,,,,,,,,,
2026-07-08T19:02:09.785407+00:00,2026-07-08T19:02:09.785290,1,1,150.65,0.5,150.4,150,,,,,,,,,,,,,,,,,,,150.9,109,,,,,,,,,,,,,,,,,,
2026-07-08T19:02:09.840836+00:00,2026-07-08T19:02:09.840742,2,1,150.75,0.3,150.6,100,150.4,150,,,,,,,,,,,,,,,,,150.9,109,,,,,,,,,,,,,,,,,,
2026-07-08T19:02:09.890868+00:00,2026-07-08T19:02:09.890833,2,2,150.75,0.3,150.6,100,150.4,150,,,,,,,,,,,,,,,,,150.9,109,151.1,100,,,,,,,,,,,,,,,,
2026-07-08T19:02:09.943924+00:00,2026-07-08T19:02:09.943838,2,1,150.85,0.5,150.6,100,150.4,150,,,,,,,,,,,,,,,,,151.1,100,,,,,,,,,,,,,,,,,,
2026-07-08T19:02:09.949232+00:00,2026-07-08T19:02:09.949027,1,1,150.85,0.5,150.6,100,,,,,,,,,,,,,,,,,,,151.1,100,,,,,,,,,,,,,,,,,,
2026-07-08T19:02:09.980735+00:00,2026-07-08T19:02:09.980672,1,1,150.85,0.5,150.6,100,,,,,,,,,,,,,,,,,,,151.1,50,,,,,,,,,,,,,,,,,,
2026-07-08T19:02:09.997473+00:00,2026-07-08T19:02:09.997618,1,1,150.85,0.5,150.6,250,,,,,,,,,,,,,,,,,,,151.1,50,,,,,,,,,,,,,,,,,,
2026-07-08T19:02:10.058603+00:00,2026-07-08T19:02:10.050100,1,1,150.85,0.5,150.6,250,,,,,,,,,,,,,,,,,,,151.1,200,,,,,,,,,,,,,,,,,,
2026-07-08T19:02:10.406058+00:00,2026-07-08T19:02:10.399762,1,1,150.85,0.5,150.6,239,,,,,,,,,,,,,,,,,,,151.1,200,,,,,,,,,,,,,,,,,,
2026-07-08T19:02:12.805777+00:00,2026-07-08T19:02:12.805863,1,1,150.85,0.5,150.6,195,,,,,,,,,,,,,,,,,,,151.1,200,,,,,,,,,,,,,,,,,,
2026-07-08T19:02:12.946840+00:00,2026-07-08T19:02:12.946782,1,1,150.85,0.5,150.6,150,,,,,,,,,,,,,,,,,,,151.1,150,,,,,,,,,,,,,,,,,,
2026-07-08T19:02:13.001594+00:00,2026-07-08T19:02:13.001508,1,1,150.85,0.5,150.6,250,,,,,,,,,,,,,,,,,,,151.1,150,,,,,,,,,,,,,,,,,,
2026-07-08T19:02:13.058564+00:00,2026-07-08T19:02:13.054089,1,1,150.85,0.5,150.6,250,,,,,,,,,,,,,,,,,,,151.1,250,,,,,,,,,,,,,,,,,,
2026-07-08T19:02:13.110917+00:00,2026-07-08T19:02:13.110783,1,1,150.85,0.5,150.6,100,,,,,,,,,,,,,,,,,,,151.1,100,,,,,,,,,,,,,,,,,,
2026-07-08T19:02:13.168860+00:00,2026-07-08T19:02:13.168764,1,1,150.85,0.5,150.6,250,,,,,,,,,,,,,,,,,,,151.1,100,,,,,,,,,,,,,,,,,,
2026-07-08T19:02:13.216484+00:00,2026-07-08T19:02:13.216415,1,1,150.85,0.5,150.6,250,,,,,,,,,,,,,,,,,,,151.1,250,,,,,,,,,,,,,,,,,,
2026-07-08T19:02:13.758614+00:00,2026-07-08T19:02:13.757690,1,1,150.85,0.5,150.6,207,,,,,,,,,,,,,,,,,,,151.1,250,,,,,,,,,,,,,,,,,,
2026-07-08T19:02:14.194131+00:00,2026-07-08T19:02:14.194053,1,1,150.85,0.5,150.6,207,,,,,,,,,,,,,,,,,,,151.1,200,,,,,,,,,,,,,,,,,,
2026-07-08T19:02:14.350340+00:00,2026-07-08T19:02:14.335639,1,1,150.85,0.5,150.6,195,,,,,,,,,,,,,,,,,,,151.1,200,,,,,,,,,,,,,,,,,,
2026-07-08T19:02:16.108274+00:00,2026-07-08T19:02:16.108253,1,1,150.85,0.5,150.6,150,,,,,,,,,,,,,,,,,,,151.1,150,,,,,,,,,,,,,,,,,,
2026-07-08T19:02:16.158612+00:00,2026-07-08T19:02:16.156931,2,1,150.85,0.5,150.6,150,150.3,100,,,,,,,,,,,,,,,,,151.1,150,,,,,,,,,,,,,,,,,,
2026-07-08T19:02:16.192931+00:00,2026-07-08T19:02:16.193055,2,1,150.85,0.5,150.6,150,150.3,100,,,,,,,,,,,,,,,,,151.1,109,,,,,,,,,,,,,,,,,,
2026-07-08T19:02:16.212843+00:00,2026-07-08T19:02:16.212944,2,2,150.7,0.2,150.6,150,150.3,100,,,,,,,,,,,,,,,,,150.8,100,151.1,109,,,,,,,,,,,,,,,,
2026-07-08T19:02:16.269332+00:00,2026-07-08T19:02:16.269235,1,1,150.55,0.5,150.3,100,,,,,,,,,,,,,,,,,,,150.8,100,,,,,,,,,,,,,,,,,,
2026-07-08T19:02:16.300434+00:00,2026-07-08T19:02:16.300377,1,1,150.55,0.5,150.3,100,,,,,,,,,,,,,,,,,,,150.8,50,,,,,,,,,,,,,,,,,,
2026-07-08T19:02:16.324868+00:00,2026-07-08T19:02:16.324835,2,1,150.65,0.3,150.5,150,150.3,100,,,,,,,,,,,,,,,,,150.8,50,,,,,,,,,,,,,,,,,,
2026-07-08T19:02:16.375600+00:00,2026-07-08T19:02:16.375559,2,2,150.65,0.3,150.5,150,150.3,100,,,,,,,,,,,,,,,,,150.8,50,151.0,150,,,,,,,,,,,,,,,,
2026-07-08T19:02:17.517786+00:00,2026-07-08T19:02:17.517749,2,2,150.65,0.3,150.5,150,150.3,100,,,,,,,,,,,,,,,,,150.8,10,151.0,150,,,,,,,,,,,,,,,,
2026-07-08T19:02:18.406175+00:00,2026-07-08T19:02:18.406139,2,1,150.75,0.5,150.5,150,150.3,100,,,,,,,,,,,,,,,,,151.0,110,,,,,,,,,,,,,,,,,,
2026-07-08T19:02:19.267304+00:00,2026-07-08T19:02:19.267268,1,1,150.75,0.5,150.5,150,,,,,,,,,,,,,,,,,,,151.0,110,,,,,,,,,,,,,,,,,,
2026-07-08T19:02:19.315947+00:00,2026-07-08T19:02:19.315895,2,1,150.8,0.4,150.6,100,150.5,150,,,,,,,,,,,,,,,,,151.0,110,,,,,,,,,,,,,,,,,,
2026-07-08T19:02:19.368869+00:00,2026-07-08T19:02:19.368822,2,2,150.8,0.4,150.6,100,150.5,150,,,,,,,,,,,,,,,,,151.0,110,151.1,100,,,,,,,,,,,,,,,,
2026-07-08T19:02:19.444844+00:00,2026-07-08T19:02:19.444736,1,1,150.85,0.5,150.6,100,,,,,,,,,,,,,,,,,,,151.1,100,,,,,,,,,,,,,,,,,,
2026-07-08T19:02:19.492430+00:00,2026-07-08T19:02:19.492395,1,1,150.85,0.5,150.6,250,,,,,,,,,,,,,,,,,,,151.1,100,,,,,,,,,,,,,,,,,,
2026-07-08T19:02:19.546405+00:00,2026-07-08T19:02:19.546313,1,1,150.85,0.5,150.6,250,,,,,,,,,,,,,,,,,,,151.1,250,,,,,,,,,,,,,,,,,,
2026-07-08T19:02:20.515936+00:00,2026-07-08T19:02:20.515797,1,1,150.85,0.5,150.6,250,,,,,,,,,,,,,,,,,,,151.1,200,,,,,,,,,,,,,,,,,,
2026-07-08T19:02:22.426837+00:00,2026-07-08T19:02:22.426770,1,1,150.85,0.5,150.6,150,,,,,,,,,,,,,,,,,,,151.1,150,,,,,,,,,,,,,,,,,,
2026-07-08T19:02:22.489760+00:00,2026-07-08T19:02:22.483525,2,1,150.95,0.3,150.8,89,150.6,150,,,,,,,,,,,,,,,,,151.1,150,,,,,,,,,,,,,,,,,,
2026-07-08T19:02:22.534752+00:00,2026-07-08T19:02:22.534690,2,2,150.95,0.3,150.8,89,150.6,150,,,,,,,,,,,,,,,,,151.1,150,151.3,100,,,,,,,,,,,,,,,,
2026-07-08T19:02:22.604525+00:00,2026-07-08T19:02:22.604468,1,1,151.05,0.5,150.8,89,,,,,,,,,,,,,,,,,,,151.3,100,,,,,,,,,,,,,,,,,,
2026-07-08T19:02:22.631492+00:00,2026-07-08T19:02:22.631409,1,1,151.05,0.5,150.8,89,,,,,,,,,,,,,,,,,,,151.3,50,,,,,,,,,,,,,,,,,,
2026-07-08T19:02:22.658662+00:00,2026-07-08T19:02:22.656325,2,1,151.05,0.5,150.8,89,150.7,150,,,,,,,,,,,,,,,,,151.3,50,,,,,,,,,,,,,,,,,,
2026-07-08T19:02:22.709292+00:00,2026-07-08T19:02:22.709488,2,2,151.0,0.4,150.8,89,150.7,150,,,,,,,,,,,,,,,,,151.2,150,151.3,50,,,,,,,,,,,,,,,,
2026-07-08T19:02:24.738922+00:00,2026-07-08T19:02:24.738887,2,2,151.0,0.4,150.8,89,150.7,150,,,,,,,,,,,,,,,,,151.2,100,151.3,50,,,,,,,,,,,,,,,,
2026-07-08T19:02:25.591062+00:00,2026-07-08T19:02:25.590985,1,1,150.95,0.5,150.7,150,,,,,,,,,,,,,,,,,,,151.2,100,,,,,,,,,,,,,,,,,,
2026-07-08T19:02:25.670363+00:00,2026-07-08T19:02:25.663286,2,1,151.1,0.2,151.0,97,150.7,150,,,,,,,,,,,,,,,,,151.2,100,,,,,,,,,,,,,,,,,,
2026-07-08T19:02:25.708019+00:00,2026-07-08T19:02:25.707903,2,2,151.1,0.2,151.0,97,150.7,150,,,,,,,,,,,,,,,,,151.2,100,151.5,100,,,,,,,,,,,,,,,,
2026-07-08T19:02:25.769342+00:00,2026-07-08T19:02:25.769451,1,1,151.25,0.5,151.0,97,,,,,,,,,,,,,,,,,,,151.5,100,,,,,,,,,,,,,,,,,,
2026-07-08T19:02:25.822312+00:00,2026-07-08T19:02:25.822236,2,1,151.25,0.5,151.0,97,150.9,150,,,,,,,,,,,,,,,,,151.5,100,,,,,,,,,,,,,,,,,,
2026-07-08T19:02:25.878094+00:00,2026-07-08T19:02:25.878192,2,2,151.2,0.4,151.0,97,150.9,150,,,,,,,,,,,,,,,,,151.4,150,151.5,100,,,,,,,,,,,,,,,,
2026-07-08T19:02:26.824098+00:00,2026-07-08T19:02:26.824066,2,2,151.2,0.4,151.0,56,150.9,150,,,,,,,,,,,,,,,,,151.4,150,151.5,100,,,,,,,,,,,,,,,,
2026-07-08T19:02:26.846587+00:00,2026-07-08T19:02:26.846717,2,2,151.2,0.4,151.0,56,150.9,150,,,,,,,,,,,,,,,,,151.4,100,151.5,100,,,,,,,,,,,,,,,,
2026-07-08T19:02:28.758594+00:00,2026-07-08T19:02:28.757285,1,1,151.15,0.5,150.9,150,,,,,,,,,,,,,,,,,,,151.4,100,,,,,,,,,,,,,,,,,,
2026-07-08T19:02:28.818451+00:00,2026-07-08T19:02:28.818390,2,1,151.2,0.4,151.0,100,150.9,150,,,,,,,,,,,,,,,,,151.4,100,,,,,,,,,,,,,,,,,,
2026-07-08T19:02:28.870966+00:00,2026-07-08T19:02:28.870866,2,2,151.2,0.4,151.0,100,150.9,150,,,,,,,,,,,,,,,,,151.4,100,151.5,100,,,,,,,,,,,,,,,,
2026-07-08T19:02:28.931154+00:00,2026-07-08T19:02:28.931116,1,1,151.25,0.5,151.0,100,,,,,,,,,,,,,,,,,,,151.5,100,,,,,,,,,,,,,,,,,,
2026-07-08T19:02:28.985974+00:00,2026-07-08T19:02:28.985827,2,1,151.35,0.3,151.2,150,151.0,100,,,,,,,,,,,,,,,,,151.5,100,,,,,,,,,,,,,,,,,,
2026-07-08T19:02:29.038786+00:00,2026-07-08T19:02:29.038754,2,2,151.35,0.3,151.2,150,151.0,100,,,,,,,,,,,,,,,,,151.5,100,151.7,150,,,,,,,,,,,,,,,,
2026-07-08T19:02:29.192782+00:00,2026-07-08T19:02:29.184633,2,2,151.35,0.3,151.2,147,151.0,100,,,,,,,,,,,,,,,,,151.5,100,151.7,150,,,,,,,,,,,,,,,,
2026-07-08T19:02:29.882265+00:00,2026-07-08T19:02:29.882148,2,2,151.35,0.3,151.2,103,151.0,100,,,,,,,,,,,,,,,,,151.5,100,151.7,150,,,,,,,,,,,,,,,,
2026-07-08T19:02:31.109544+00:00,2026-07-08T19:02:31.109379,2,2,151.35,0.3,151.2,53,151.0,100,,,,,,,,,,,,,,,,,151.5,100,151.7,150,,,,,,,,,,,,,,,,
2026-07-08T19:02:31.481919+00:00,2026-07-08T19:02:31.481779,2,2,151.35,0.3,151.2,6,151.0,100,,,,,,,,,,,,,,,,,151.5,100,151.7,150,,,,,,,,,,,,,,,,
2026-07-08T19:02:31.924543+00:00,2026-07-08T19:02:31.924677,1,1,151.45,0.5,151.2,6,,,,,,,,,,,,,,,,,,,151.7,150,,,,,,,,,,,,,,,,,,
2026-07-08T19:02:31.979984+00:00,2026-07-08T19:02:31.980074,2,1,151.45,0.5,151.2,6,150.9,100,,,,,,,,,,,,,,,,,151.7,150,,,,,,,,,,,,,,,,,,
2026-07-08T19:02:32.033278+00:00,2026-07-08T19:02:32.033208,2,2,151.3,0.2,151.2,6,150.9,100,,,,,,,,,,,,,,,,,151.4,100,151.7,150,,,,,,,,,,,,,,,,
2026-07-08T19:02:32.094305+00:00,2026-07-08T19:02:32.094258,1,1,151.15,0.5,150.9,100,,,,,,,,,,,,,,,,,,,151.4,100,,,,,,,,,,,,,,,,,,
2026-07-08T19:02:32.164129+00:00,2026-07-08T19:02:32.163942,2,1,151.15,0.5,150.9,100,150.5,150,,,,,,,,,,,,,,,,,151.4,100,,,,,,,,,,,,,,,,,,
2026-07-08T19:02:32.208868+00:00,2026-07-08T19:02:32.208805,2,2,150.95,0.1,150.9,100,150.5,150,,,,,,,,,,,,,,,,,151.0,150,151.4,100,,,,,,,,,,,,,,,,
2026-07-08T19:02:32.749750+00:00,2026-07-08T19:02:32.742777,2,2,150.95,0.1,150.9,100,150.5,150,,,,,,,,,,,,,,,,,151.0,147,151.4,100,,,,,,,,,,,,,,,,
2026-07-08T19:02:33.169531+00:00,2026-07-08T19:02:33.169468,2,2,150.95,0.1,150.9,100,150.5,150,,,,,,,,,,,,,,,,,151.0,97,151.4,100,,,,,,,,,,,,,,,,
2026-07-08T19:02:33.448205+00:00,2026-07-08T19:02:33.448149,2,2,150.95,0.1,150.9,100,150.5,150,,,,,,,,,,,,,,,,,151.0,51,151.4,100,,,,,,,,,,,,,,,,
2026-07-08T19:02:35.088955+00:00,2026-07-08T19:02:35.088891,1,1,150.75,0.5,150.5,150,,,,,,,,,,,,,,,,,,,151.0,51,,,,,,,,,,,,,,,,,,
2026-07-08T19:02:35.135392+00:00,2026-07-08T19:02:35.135323,1,1,150.75,0.5,150.5,150,,,,,,,,,,,,,,,,,,,151.0,10,,,,,,,,,,,,,,,,,,
2026-07-08T19:02:35.145577+00:00,2026-07-08T19:02:35.145647,2,0,,,151.0,90,150.5,150,,,,,,,,,,,,,,,,,,,,,,,,,,,,,,,,,,,,
2026-07-08T19:02:35.205994+00:00,2026-07-08T19:02:35.205894,2,1,151.25,0.5,151.0,90,150.5,150,,,,,,,,,,,,,,,,,151.5,100,,,,,,,,,,,,,,,,,,
2026-07-08T19:02:35.259702+00:00,2026-07-08T19:02:35.259650,1,1,151.25,0.5,151.0,90,,,,,,,,,,,,,,,,,,,151.5,100,,,,,,,,,,,,,,,,,,
2026-07-08T19:02:35.279248+00:00,2026-07-08T19:02:35.279162,1,1,151.25,0.5,151.0,90,,,,,,,,,,,,,,,,,,,151.5,50,,,,,,,,,,,,,,,,,,
2026-07-08T19:02:35.311903+00:00,2026-07-08T19:02:35.312067,2,1,151.45,0.1,151.4,150,151.0,90,,,,,,,,,,,,,,,,,151.5,50,,,,,,,,,,,,,,,,,,
2026-07-08T19:02:35.323907+00:00,2026-07-08T19:02:35.317840,2,1,151.45,0.1,151.4,147,151.0,90,,,,,,,,,,,,,,,,,151.5,50,,,,,,,,,,,,,,,,,,
2026-07-08T19:02:35.367051+00:00,2026-07-08T19:02:35.367171,2,2,151.45,0.1,151.4,147,151.0,90,,,,,,,,,,,,,,,,,151.5,50,151.8,150,,,,,,,,,,,,,,,,
2026-07-08T19:02:36.467295+00:00,2026-07-08T19:02:36.462215,2,2,151.45,0.1,151.4,136,151.0,90,,,,,,,,,,,,,,,,,151.5,50,151.8,150,,,,,,,,,,,,,,,,
2026-07-08T19:02:37.280770+00:00,2026-07-08T19:02:37.280654,2,2,151.45,0.1,151.4,96,151.0,90,,,,,,,,,,,,,,,,,151.5,50,151.8,150,,,,,,,,,,,,,,,,
2026-07-08T19:02:37.435910+00:00,2026-07-08T19:02:37.435789,2,2,151.45,0.1,151.4,46,151.0,90,,,,,,,,,,,,,,,,,151.5,50,151.8,150,,,,,,,,,,,,,,,,
2026-07-08T19:02:37.978342+00:00,2026-07-08T19:02:37.972774,2,2,151.45,0.1,151.4,34,151.0,90,,,,,,,,,,,,,,,,,151.5,50,151.8,150,,,,,,,,,,,,,,,,
2026-07-08T19:02:38.259765+00:00,2026-07-08T19:02:38.259594,1,1,151.6,0.4,151.4,34,,,,,,,,,,,,,,,,,,,151.8,150,,,,,,,,,,,,,,,,,,
2026-07-08T19:02:38.312697+00:00,2026-07-08T19:02:38.312535,2,1,151.6,0.4,151.4,34,151.0,100,,,,,,,,,,,,,,,,,151.8,150,,,,,,,,,,,,,,,,,,
2026-07-08T19:02:38.364172+00:00,2026-07-08T19:02:38.364296,2,2,151.45,0.1,151.4,34,151.0,100,,,,,,,,,,,,,,,,,151.5,100,151.8,150,,,,,,,,,,,,,,,,
2026-07-08T19:02:38.421707+00:00,2026-07-08T19:02:38.421648,2,1,151.45,0.1,151.4,34,151.0,100,,,,,,,,,,,,,,,,,151.5,100,,,,,,,,,,,,,,,,,,
2026-07-08T19:02:38.426920+00:00,2026-07-08T19:02:38.426814,1,1,151.25,0.5,151.0,100,,,,,,,,,,,,,,,,,,,151.5,100,,,,,,,,,,,,,,,,,,
2026-07-08T19:02:38.482140+00:00,2026-07-08T19:02:38.482025,2,1,151.25,0.5,151.0,100,150.7,150,,,,,,,,,,,,,,,,,151.5,100,,,,,,,,,,,,,,,,,,
2026-07-08T19:02:38.545550+00:00,2026-07-08T19:02:38.539464,2,2,151.1,0.2,151.0,100,150.7,150,,,,,,,,,,,,,,,,,151.2,138,151.5,100,,,,,,,,,,,,,,,,
2026-07-08T19:02:38.884766+00:00,2026-07-08T19:02:38.884659,2,2,151.1,0.2,151.0,100,150.7,150,,,,,,,,,,,,,,,,,151.2,93,151.5,100,,,,,,,,,,,,,,,,
2026-07-08T19:02:38.939812+00:00,2026-07-08T19:02:38.939702,2,2,151.1,0.2,151.0,60,150.7,150,,,,,,,,,,,,,,,,,151.2,93,151.5,100,,,,,,,,,,,,,,,,
2026-07-08T19:02:39.539615+00:00,2026-07-08T19:02:39.539762,2,2,151.1,0.2,151.0,10,150.7,150,,,,,,,,,,,,,,,,,151.2,93,151.5,100,,,,,,,,,,,,,,,,
2026-07-08T19:02:41.419853+00:00,2026-07-08T19:02:41.419748,1,1,150.95,0.5,150.7,150,,,,,,,,,,,,,,,,,,,151.2,93,,,,,,,,,,,,,,,,,,
2026-07-08T19:02:41.473807+00:00,2026-07-08T19:02:41.473716,1,1,150.95,0.5,150.7,250,,,,,,,,,,,,,,,,,,,151.2,93,,,,,,,,,,,,,,,,,,
2026-07-08T19:02:41.529338+00:00,2026-07-08T19:02:41.529156,1,1,150.95,0.5,150.7,250,,,,,,,,,,,,,,,,,,,151.2,193,,,,,,,,,,,,,,,,,,
2026-07-08T19:02:41.589929+00:00,2026-07-08T19:02:41.589861,1,1,150.95,0.5,150.7,100,,,,,,,,,,,,,,,,,,,151.2,100,,,,,,,,,,,,,,,,,,
2026-07-08T19:02:41.643461+00:00,2026-07-08T19:02:41.643352,2,1,151.05,0.3,150.9,150,150.7,100,,,,,,,,,,,,,,,,,151.2,100,,,,,,,,,,,,,,,,,,
2026-07-08T19:02:41.648687+00:00,2026-07-08T19:02:41.648601,2,1,151.05,0.3,150.9,100,150.7,100,,,,,,,,,,,,,,,,,151.2,100,,,,,,,,,,,,,,,,,,
2026-07-08T19:02:41.697235+00:00,2026-07-08T19:02:41.697193,2,2,151.05,0.3,150.9,100,150.7,100,,,,,,,,,,,,,,,,,151.2,100,151.4,150,,,,,,,,,,,,,,,,
2026-07-08T19:02:42.228162+00:00,2026-07-08T19:02:42.228099,2,2,151.05,0.3,150.9,60,150.7,100,,,,,,,,,,,,,,,,,151.2,100,151.4,150,,,,,,,,,,,,,,,,
2026-07-08T19:02:43.217533+00:00,2026-07-08T19:02:43.211843,2,2,151.05,0.3,150.9,60,150.7,100,,,,,,,,,,,,,,,,,151.2,89,151.4,150,,,,,,,,,,,,,,,,
2026-07-08T19:02:43.705682+00:00,2026-07-08T19:02:43.705591,2,2,151.05,0.3,150.9,60,150.7,100,,,,,,,,,,,,,,,,,151.2,39,151.4,150,,,,,,,,,,,,,,,,
2026-07-08T19:02:44.240869+00:00,2026-07-08T19:02:44.240724,2,1,151.15,0.5,150.9,60,150.7,100,,,,,,,,,,,,,,,,,151.4,143,,,,,,,,,,,,,,,,,,
2026-07-08T19:02:44.583720+00:00,2026-07-08T19:02:44.583499,1,1,151.15,0.5,150.9,60,,,,,,,,,,,,,,,,,,,151.4,143,,,,,,,,,,,,,,,,,,
2026-07-08T19:02:44.638014+00:00,2026-07-08T19:02:44.637921,2,1,151.2,0.4,151.0,100,150.9,60,,,,,,,,,,,,,,,,,151.4,143,,,,,,,,,,,,,,,,,,
2026-07-08T19:02:44.691955+00:00,2026-07-08T19:02:44.691759,2,2,151.2,0.4,151.0,100,150.9,60,,,,,,,,,,,,,,,,,151.4,143,151.5,100,,,,,,,,,,,,,,,,
2026-07-08T19:02:44.751783+00:00,2026-07-08T19:02:44.751680,1,1,151.25,0.5,151.0,100,,,,,,,,,,,,,,,,,,,151.5,100,,,,,,,,,,,,,,,,,,
2026-07-08T19:02:44.777757+00:00,2026-07-08T19:02:44.777669,1,1,151.25,0.5,151.0,55,,,,,,,,,,,,,,,,,,,151.5,100,,,,,,,,,,,,,,,,,,
2026-07-08T19:02:44.804636+00:00,2026-07-08T19:02:44.804725,2,1,151.25,0.5,151.0,55,150.5,150,,,,,,,,,,,,,,,,,151.5,100,,,,,,,,,,,,,,,,,,
2026-07-08T19:02:44.869199+00:00,2026-07-08T19:02:44.869127,1,2,150.75,0.5,150.5,150,,,,,,,,,,,,,,,,,,,151.0,95,151.5,100,,,,,,,,,,,,,,,,
2026-07-08T19:02:45.812349+00:00,2026-07-08T19:02:45.812275,1,2,150.75,0.5,150.5,150,,,,,,,,,,,,,,,,,,,151.0,45,151.5,100,,,,,,,,,,,,,,,,
2026-07-08T19:02:45.855176+00:00,2026-07-08T19:02:45.849619,1,2,150.75,0.5,150.5,150,,,,,,,,,,,,,,,,,,,151.0,42,151.5,100,,,,,,,,,,,,,,,,
2026-07-08T19:02:47.746907+00:00,2026-07-08T19:02:47.746801,1,1,150.75,0.5,150.5,150,,,,,,,,,,,,,,,,,,,151.0,42,,,,,,,,,,,,,,,,,,
2026-07-08T19:02:47.799382+00:00,2026-07-08T19:02:47.799324,2,1,150.95,0.1,150.9,100,150.5,150,,,,,,,,,,,,,,,,,151.0,42,,,,,,,,,,,,,,,,,,
2026-07-08T19:02:47.856094+00:00,2026-07-08T19:02:47.856046,2,2,150.95,0.1,150.9,100,150.5,150,,,,,,,,,,,,,,,,,151.0,42,151.4,100,,,,,,,,,,,,,,,,
2026-07-08T19:02:47.922008+00:00,2026-07-08T19:02:47.921899,2,1,151.15,0.5,150.9,100,150.5,150,,,,,,,,,,,,,,,,,151.4,92,,,,,,,,,,,,,,,,,,
2026-07-08T19:02:47.932245+00:00,2026-07-08T19:02:47.932321,1,1,151.15,0.5,150.9,100,,,,,,,,,,,,,,,,,,,151.4,92,,,,,,,,,,,,,,,,,,
2026-07-08T19:02:47.982534+00:00,2026-07-08T19:02:47.982344,2,1,151.3,0.2,151.2,150,150.9,100,,,,,,,,,,,,,,,,,151.4,92,,,,,,,,,,,,,,,,,,
2026-07-08T19:02:48.034975+00:00,2026-07-08T19:02:48.034894,2,2,151.3,0.2,151.2,150,150.9,100,,,,,,,,,,,,,,,,,151.4,92,151.7,150,,,,,,,,,,,,,,,,
2026-07-08T19:02:48.311303+00:00,2026-07-08T19:02:48.311240,2,2,151.3,0.2,151.2,150,150.9,100,,,,,,,,,,,,,,,,,151.4,45,151.7,150,,,,,,,,,,,,,,,,
2026-07-08T19:02:49.340674+00:00,2026-07-08T19:02:49.340624,2,2,151.3,0.2,151.2,108,150.9,100,,,,,,,,,,,,,,,,,151.4,45,151.7,150,,,,,,,,,,,,,,,,
2026-07-08T19:02:50.032261+00:00,2026-07-08T19:02:50.032217,2,1,151.45,0.5,151.2,108,150.9,100,,,,,,,,,,,,,,,,,151.7,145,,,,,,,,,,,,,,,,,,
2026-07-08T19:02:50.887114+00:00,2026-07-08T19:02:50.887065,2,1,151.45,0.5,151.2,67,150.9,100,,,,,,,,,,,,,,,,,151.7,145,,,,,,,,,,,,,,,,,,
2026-07-08T19:02:50.918718+00:00,2026-07-08T19:02:50.918624,1,1,151.45,0.5,151.2,67,,,,,,,,,,,,,,,,,,,151.7,145,,,,,,,,,,,,,,,,,,
2026-07-08T19:02:50.973974+00:00,2026-07-08T19:02:50.974065,1,1,151.45,0.5,151.2,167,,,,,,,,,,,,,,,,,,,151.7,145,,,,,,,,,,,,,,,,,,
2026-07-08T19:02:51.027481+00:00,2026-07-08T19:02:51.027398,1,1,151.45,0.5,151.2,167,,,,,,,,,,,,,,,,,,,151.7,245,,,,,,,,,,,,,,,,,,
2026-07-08T19:02:51.085446+00:00,2026-07-08T19:02:51.085350,1,1,151.45,0.5,151.2,100,,,,,,,,,,,,,,,,,,,151.7,100,,,,,,,,,,,,,,,,,,
2026-07-08T19:02:51.109666+00:00,2026-07-08T19:02:51.104619,1,1,151.45,0.5,151.2,86,,,,,,,,,,,,,,,,,,,151.7,100,,,,,,,,,,,,,,,,,,
2026-07-08T19:02:51.140821+00:00,2026-07-08T19:02:51.140679,2,1,151.45,0.5,151.2,86,151.1,150,,,,,,,,,,,,,,,,,151.7,100,,,,,,,,,,,,,,,,,,
2026-07-08T19:02:51.189748+00:00,2026-07-08T19:02:51.189662,2,2,151.4,0.4,151.2,86,151.1,150,,,,,,,,,,,,,,,,,151.6,150,151.7,100,,,,,,,,,,,,,,,,
2026-07-08T19:02:51.353817+00:00,2026-07-08T19:02:51.349800,2,2,151.4,0.4,151.2,82,151.1,150,,,,,,,,,,,,,,,,,151.6,150,151.7,100,,,,,,,,,,,,,,,,
2026-07-08T19:02:52.140087+00:00,2026-07-08T19:02:52.140176,2,2,151.4,0.4,151.2,82,151.1,150,,,,,,,,,,,,,,,,,151.6,100,151.7,100,,,,,,,,,,,,,,,,
2026-07-08T19:02:52.158661+00:00,2026-07-08T19:02:52.145441,2,2,151.4,0.4,151.2,78,151.1,150,,,,,,,,,,,,,,,,,151.6,100,151.7,100,,,,,,,,,,,,,,,,
2026-07-08T19:02:53.745852+00:00,2026-07-08T19:02:53.745750,2,2,151.4,0.4,151.2,74,151.1,150,,,,,,,,,,,,,,,,,151.6,100,151.7,100,,,,,,,,,,,,,,,,
2026-07-08T19:02:54.081759+00:00,2026-07-08T19:02:54.081884,1,1,151.35,0.5,151.1,150,,,,,,,,,,,,,,,,,,,151.6,100,,,,,,,,,,,,,,,,,,
2026-07-08T19:02:54.137073+00:00,2026-07-08T19:02:54.136918,2,1,151.35,0.5,151.1,150,150.9,100,,,,,,,,,,,,,,,,,151.6,100,,,,,,,,,,,,,,,,,,
2026-07-08T19:02:54.189718+00:00,2026-07-08T19:02:54.189592,2,2,151.25,0.3,151.1,150,150.9,100,,,,,,,,,,,,,,,,,151.4,100,151.6,100,,,,,,,,,,,,,,,,
2026-07-08T19:02:54.244299+00:00,2026-07-08T19:02:54.244164,2,1,151.25,0.3,151.1,150,150.9,100,,,,,,,,,,,,,,,,,151.4,50,,,,,,,,,,,,,,,,,,
2026-07-08T19:02:54.249405+00:00,2026-07-08T19:02:54.249336,1,1,151.15,0.5,150.9,100,,,,,,,,,,,,,,,,,,,151.4,50,,,,,,,,,,,,,,,,,,
2026-07-08T19:02:54.302297+00:00,2026-07-08T19:02:54.302222,2,1,151.2,0.4,151.0,150,150.9,100,,,,,,,,,,,,,,,,,151.4,50,,,,,,,,,,,,,,,,,,
2026-07-08T19:02:54.351441+00:00,2026-07-08T19:02:54.351363,2,2,151.2,0.4,151.0,150,150.9,100,,,,,,,,,,,,,,,,,151.4,50,151.5,150,,,,,,,,,,,,,,,,
2026-07-08T19:02:57.238907+00:00,2026-07-08T19:02:57.238866,2,1,151.25,0.5,151.0,150,150.9,100,,,,,,,,,,,,,,,,,151.5,150,,,,,,,,,,,,,,,,,,
2026-07-08T19:02:57.244114+00:00,2026-07-08T19:02:57.244035,1,1,151.25,0.5,151.0,150,,,,,,,,,,,,,,,,,,,151.5,150,,,,,,,,,,,,,,,,,,
2026-07-08T19:02:57.298458+00:00,2026-07-08T19:02:57.298312,2,1,151.25,0.5,151.0,150,150.9,100,,,,,,,,,,,,,,,,,151.5,150,,,,,,,,,,,,,,,,,,
2026-07-08T19:02:57.350417+00:00,2026-07-08T19:02:57.350296,2,2,151.2,0.4,151.0,150,150.9,100,,,,,,,,,,,,,,,,,151.4,100,151.5,150,,,,,,,,,,,,,,,,
2026-07-08T19:02:57.409918+00:00,2026-07-08T19:02:57.409748,1,1,151.15,0.5,150.9,100,,,,,,,,,,,,,,,,,,,151.4,100,,,,,,,,,,,,,,,,,,
2026-07-08T19:02:57.465226+00:00,2026-07-08T19:02:57.465144,1,1,151.15,0.5,150.9,250,,,,,,,,,,,,,,,,,,,151.4,100,,,,,,,,,,,,,,,,,,
2026-07-08T19:02:57.516727+00:00,2026-07-08T19:02:57.516620,1,1,151.15,0.5,150.9,250,,,,,,,,,,,,,,,,,,,151.4,250,,,,,,,,,,,,,,,,,,
2026-07-08T19:02:58.506233+00:00,2026-07-08T19:02:58.506057,1,1,151.15,0.5,150.9,200,,,,,,,,,,,,,,,,,,,151.4,250,,,,,,,,,,,,,,,,,,
2026-07-08T19:03:00.402344+00:00,2026-07-08T19:03:00.402271,1,1,151.15,0.5,150.9,200,,,,,,,,,,,,,,,,,,,151.4,150,,,,,,,,,,,,,,,,,,
2026-07-08T19:03:00.407456+00:00,2026-07-08T19:03:00.407418,1,1,151.15,0.5,150.9,150,,,,,,,,,,,,,,,,,,,151.4,150,,,,,,,,,,,,,,,,,,
2026-07-08T19:03:00.458605+00:00,2026-07-08T19:03:00.455805,2,1,151.2,0.4,151.0,100,150.9,150,,,,,,,,,,,,,,,,,151.4,150,,,,,,,,,,,,,,,,,,
2026-07-08T19:03:00.513493+00:00,2026-07-08T19:03:00.513397,2,2,151.2,0.4,151.0,100,150.9,150,,,,,,,,,,,,,,,,,151.4,150,151.5,100,,,,,,,,,,,,,,,,
2026-07-08T19:03:00.572950+00:00,2026-07-08T19:03:00.572811,1,1,151.25,0.5,151.0,100,,,,,,,,,,,,,,,,,,,151.5,100,,,,,,,,,,,,,,,,,,
2026-07-08T19:03:00.622309+00:00,2026-07-08T19:03:00.622272,2,1,151.3,0.4,151.1,150,151.0,100,,,,,,,,,,,,,,,,,151.5,100,,,,,,,,,,,,,,,,,,
2026-07-08T19:03:00.682527+00:00,2026-07-08T19:03:00.682443,2,2,151.3,0.4,151.1,150,151.0,100,,,,,,,,,,,,,,,,,151.5,100,151.6,150,,,,,,,,,,,,,,,,
2026-07-08T19:03:00.700667+00:00,2026-07-08T19:03:00.700621,2,2,151.3,0.4,151.1,150,151.0,100,,,,,,,,,,,,,,,,,151.5,54,151.6,150,,,,,,,,,,,,,,,,
2026-07-08T19:03:01.288447+00:00,2026-07-08T19:03:01.288285,2,2,151.3,0.4,151.1,150,151.0,100,,,,,,,,,,,,,,,,,151.5,7,151.6,150,,,,,,,,,,,,,,,,
2026-07-08T19:03:01.894524+00:00,2026-07-08T19:03:01.894445,2,2,151.3,0.4,151.1,104,151.0,100,,,,,,,,,,,,,,,,,151.5,7,151.6,150,,,,,,,,,,,,,,,,
2026-07-08T19:03:02.676423+00:00,2026-07-08T19:03:02.676389,2,1,151.35,0.5,151.1,104,151.0,100,,,,,,,,,,,,,,,,,151.6,107,,,,,,,,,,,,,,,,,,
2026-07-08T19:03:03.567382+00:00,2026-07-08T19:03:03.567314,1,1,151.35,0.5,151.1,104,,,,,,,,,,,,,,,,,,,151.6,107,,,,,,,,,,,,,,,,,,
2026-07-08T19:03:03.643906+00:00,2026-07-08T19:03:03.643832,2,1,151.4,0.4,151.2,100,151.1,104,,,,,,,,,,,,,,,,,151.6,107,,,,,,,,,,,,,,,,,,
2026-07-08T19:03:03.696220+00:00,2026-07-08T19:03:03.696322,2,2,151.4,0.4,151.2,100,151.1,104,,,,,,,,,,,,,,,,,151.6,107,151.7,100,,,,,,,,,,,,,,,,
2026-07-08T19:03:03.731542+00:00,2026-07-08T19:03:03.731428,1,1,151.45,0.5,151.2,100,,,,,,,,,,,,,,,,,,,151.7,100,,,,,,,,,,,,,,,,,,
2026-07-08T19:03:03.785694+00:00,2026-07-08T19:03:03.785592,2,1,151.45,0.5,151.2,100,151.0,150,,,,,,,,,,,,,,,,,151.7,100,,,,,,,,,,,,,,,,,,
2026-07-08T19:03:03.838580+00:00,2026-07-08T19:03:03.838433,2,2,151.35,0.3,151.2,100,151.0,150,,,,,,,,,,,,,,,,,151.5,150,151.7,100,,,,,,,,,,,,,,,,
2026-07-08T19:03:03.982010+00:00,2026-07-08T19:03:03.981948,2,2,151.35,0.3,151.2,96,151.0,150,,,,,,,,,,,,,,,,,151.5,150,151.7,100,,,,,,,,,,,,,,,,
2026-07-08T19:03:04.012983+00:00,2026-07-08T19:03:04.012833,2,2,151.35,0.3,151.2,96,151.0,150,,,,,,,,,,,,,,,,,151.5,104,151.7,100,,,,,,,,,,,,,,,,
2026-07-08T19:03:04.207969+00:00,2026-07-08T19:03:04.199526,2,2,151.35,0.3,151.2,84,151.0,150,,,,,,,,,,,,,,,,,151.5,104,151.7,100,,,,,,,,,,,,,,,,
2026-07-08T19:03:04.772799+00:00,2026-07-08T19:03:04.772717,2,2,151.35,0.3,151.2,80,151.0,150,,,,,,,,,,,,,,,,,151.5,104,151.7,100,,,,,,,,,,,,,,,,
2026-07-08T19:03:04.784800+00:00,2026-07-08T19:03:04.784952,2,2,151.35,0.3,151.2,80,151.0,150,,,,,,,,,,,,,,,,,151.5,54,151.7,100,,,,,,,,,,,,,,,,
2026-07-08T19:03:05.582350+00:00,2026-07-08T19:03:05.582504,2,2,151.35,0.3,151.2,76,151.0,150,,,,,,,,,,,,,,,,,151.5,54,151.7,100,,,,,,,,,,,,,,,,
2026-07-08T19:03:06.377984+00:00,2026-07-08T19:03:06.377853,2,2,151.35,0.3,151.2,72,151.0,150,,,,,,,,,,,,,,,,,151.5,54,151.7,100,,,,,,,,,,,,,,,,
2026-07-08T19:03:06.754114+00:00,2026-07-08T19:03:06.753967,1,1,151.25,0.5,151.0,150,,,,,,,,,,,,,,,,,,,151.5,54,,,,,,,,,,,,,,,,,,
2026-07-08T19:03:06.806503+00:00,2026-07-08T19:03:06.806405,2,1,151.25,0.5,151.0,150,150.9,100,,,,,,,,,,,,,,,,,151.5,54,,,,,,,,,,,,,,,,,,
2026-07-08T19:03:06.858559+00:00,2026-07-08T19:03:06.855183,2,2,151.2,0.4,151.0,150,150.9,100,,,,,,,,,,,,,,,,,151.4,100,151.5,54,,,,,,,,,,,,,,,,
2026-07-08T19:03:06.890695+00:00,2026-07-08T19:03:06.890803,2,1,151.2,0.4,151.0,150,150.9,100,,,,,,,,,,,,,,,,,151.4,50,,,,,,,,,,,,,,,,,,
2026-07-08T19:03:06.895876+00:00,2026-07-08T19:03:06.895934,1,1,151.15,0.5,150.9,100,,,,,,,,,,,,,,,,,,,151.4,50,,,,,,,,,,,,,,,,,,
2026-07-08T19:03:06.962027+00:00,2026-07-08T19:03:06.955467,2,1,151.25,0.3,151.1,139,150.9,100,,,,,,,,,,,,,,,,,151.4,50,,,,,,,,,,,,,,,,,,
2026-07-08T19:03:07.008936+00:00,2026-07-08T19:03:07.008763,2,2,151.25,0.3,151.1,139,150.9,100,,,,,,,,,,,,,,,,,151.4,50,151.6,150,,,,,,,,,,,,,,,,
2026-07-08T19:03:07.178325+00:00,2026-07-08T19:03:07.178220,2,2,151.25,0.3,151.1,135,150.9,100,,,,,,,,,,,,,,,,,151.4,50,151.6,150,,,,,,,,,,,,,,,,
2026-07-08T19:03:07.968917+00:00,2026-07-08T19:03:07.968827,2,2,151.25,0.3,151.1,131,150.9,100,,,,,,,,,,,,,,,,,151.4,50,151.6,150,,,,,,,,,,,,,,,,
2026-07-08T19:03:08.558621+00:00,2026-07-08T19:03:08.554813,2,2,151.25,0.3,151.1,82,150.9,100,,,,,,,,,,,,,,,,,151.4,50,151.6,150,,,,,,,,,,,,,,,,
2026-07-08T19:03:08.757690+00:00,2026-07-08T19:03:08.757817,2,2,151.25,0.3,151.1,78,150.9,100,,,,,,,,,,,,,,,,,151.4,50,151.6,150,,,,,,,,,,,,,,,,
2026-07-08T19:03:09.000120+00:00,2026-07-08T19:03:09.000033,2,1,151.35,0.5,151.1,78,150.9,100,,,,,,,,,,,,,,,,,151.6,150,,,,,,,,,,,,,,,,,,
2026-07-08T19:03:09.913565+00:00,2026-07-08T19:03:09.913473,1,1,151.35,0.5,151.1,78,,,,,,,,,,,,,,,,,,,151.6,150,,,,,,,,,,,,,,,,,,
2026-07-08T19:03:09.953726+00:00,2026-07-08T19:03:09.958119,1,1,151.35,0.5,151.1,78,,,,,,,,,,,,,,,,,,,151.6,50,,,,,,,,,,,,,,,,,,
2026-07-08T19:03:10.020753+00:00,2026-07-08T19:03:10.020686,1,2,151.35,0.5,151.1,78,,,,,,,,,,,,,,,,,,,151.6,50,152.1,100,,,,,,,,,,,,,,,,
2026-07-08T19:03:10.036156+00:00,2026-07-08T19:03:10.036307,1,2,151.35,0.5,151.1,38,,,,,,,,,,,,,,,,,,,151.6,50,152.1,100,,,,,,,,,,,,,,,,
2026-07-08T19:03:10.064119+00:00,2026-07-08T19:03:10.064222,0,1,,,,,,,,,,,,,,,,,,,,,,,152.1,100,,,,,,,,,,,,,,,,,,
2026-07-08T19:03:10.113725+00:00,2026-07-08T19:03:10.113876,1,1,151.8,0.6,151.5,150,,,,,,,,,,,,,,,,,,,152.1,100,,,,,,,,,,,,,,,,,,
2026-07-08T19:03:10.167083+00:00,2026-07-08T19:03:10.167025,1,2,151.75,0.5,151.5,150,,,,,,,,,,,,,,,,,,,152.0,150,152.1,100,,,,,,,,,,,,,,,,
2026-07-08T19:03:11.179721+00:00,2026-07-08T19:03:11.179665,1,2,151.75,0.5,151.5,146,,,,,,,,,,,,,,,,,,,152.0,150,152.1,100,,,,,,,,,,,,,,,,
2026-07-08T19:03:11.589280+00:00,2026-07-08T19:03:11.582747,1,2,151.75,0.5,151.5,134,,,,,,,,,,,,,,,,,,,152.0,150,152.1,100,,,,,,,,,,,,,,,,
2026-07-08T19:03:11.971755+00:00,2026-07-08T19:03:11.971699,1,2,151.75,0.5,151.5,130,,,,,,,,,,,,,,,,,,,152.0,150,152.1,100,,,,,,,,,,,,,,,,
2026-07-08T19:03:12.051161+00:00,2026-07-08T19:03:12.051108,1,2,151.75,0.5,151.5,82,,,,,,,,,,,,,,,,,,,152.0,150,152.1,100,,,,,,,,,,,,,,,,
2026-07-08T19:03:13.075278+00:00,2026-07-08T19:03:13.075215,1,1,151.75,0.5,151.5,82,,,,,,,,,,,,,,,,,,,152.0,150,,,,,,,,,,,,,,,,,,
2026-07-08T19:03:13.129100+00:00,2026-07-08T19:03:13.128954,2,1,151.75,0.5,151.5,82,151.3,100,,,,,,,,,,,,,,,,,152.0,150,,,,,,,,,,,,,,,,,,
2026-07-08T19:03:13.181750+00:00,2026-07-08T19:03:13.181904,2,2,151.65,0.3,151.5,82,151.3,100,,,,,,,,,,,,,,,,,151.8,100,152.0,150,,,,,,,,,,,,,,,,
2026-07-08T19:03:13.208153+00:00,2026-07-08T19:03:13.208130,2,2,151.65,0.3,151.5,82,151.3,100,,,,,,,,,,,,,,,,,151.8,50,152.0,150,,,,,,,,,,,,,,,,
2026-07-08T19:03:13.223772+00:00,2026-07-08T19:03:13.223720,1,1,151.55,0.5,151.3,100,,,,,,,,,,,,,,,,,,,151.8,50,,,,,,,,,,,,,,,,,,
2026-07-08T19:03:13.275349+00:00,2026-07-08T19:03:13.275500,1,1,151.55,0.5,151.3,250,,,,,,,,,,,,,,,,,,,151.8,50,,,,,,,,,,,,,,,,,,
2026-07-08T19:03:13.345496+00:00,2026-07-08T19:03:13.345358,1,1,151.55,0.5,151.3,250,,,,,,,,,,,,,,,,,,,151.8,200,,,,,,,,,,,,,,,,,,
2026-07-08T19:03:13.571774+00:00,2026-07-08T19:03:13.571887,1,1,151.55,0.5,151.3,246,,,,,,,,,,,,,,,,,,,151.8,200,,,,,,,,,,,,,,,,,,
2026-07-08T19:03:14.358632+00:00,2026-07-08T19:03:14.356025,1,1,151.55,0.5,151.3,242,,,,,,,,,,,,,,,,,,,151.8,200,,,,,,,,,,,,,,,,,,
2026-07-08T19:03:15.158539+00:00,2026-07-08T19:03:15.147721,1,1,151.55,0.5,151.3,238,,,,,,,,,,,,,,,,,,,151.8,200,,,,,,,,,,,,,,,,,,
2026-07-08T19:03:15.312653+00:00,2026-07-08T19:03:15.312815,1,1,151.55,0.5,151.3,238,,,,,,,,,,,,,,,,,,,151.8,150,,,,,,,,,,,,,,,,,,
2026-07-08T19:03:15.979582+00:00,2026-07-08T19:03:15.979701,1,1,151.55,0.5,151.3,234,,,,,,,,,,,,,,,,,,,151.8,150,,,,,,,,,,,,,,,,,,
2026-07-08T19:03:16.236641+00:00,2026-07-08T19:03:16.236535,1,1,151.55,0.5,151.3,150,,,,,,,,,,,,,,,,,,,151.8,150,,,,,,,,,,,,,,,,,,
2026-07-08T19:03:16.290374+00:00,2026-07-08T19:03:16.290326,1,1,151.55,0.5,151.3,250,,,,,,,,,,,,,,,,,,,151.8,150,,,,,,,,,,,,,,,,,,
2026-07-08T19:03:16.353501+00:00,2026-07-08T19:03:16.353312,1,1,151.55,0.5,151.3,250,,,,,,,,,,,,,,,,,,,151.8,250,,,,,,,,,,,,,,,,,,
2026-07-08T19:03:16.393190+00:00,2026-07-08T19:03:16.393330,1,1,151.55,0.5,151.3,250,,,,,,,,,,,,,,,,,,,151.8,100,,,,,,,,,,,,,,,,,,
2026-07-08T19:03:16.398620+00:00,2026-07-08T19:03:16.398478,1,1,151.55,0.5,151.3,100,,,,,,,,,,,,,,,,,,,151.8,100,,,,,,,,,,,,,,,,,,
2026-07-08T19:03:16.453390+00:00,2026-07-08T19:03:16.453296,2,1,151.55,0.5,151.3,100,151.1,150,,,,,,,,,,,,,,,,,151.8,100,,,,,,,,,,,,,,,,,,
2026-07-08T19:03:16.507200+00:00,2026-07-08T19:03:16.507034,2,2,151.45,0.3,151.3,100,151.1,150,,,,,,,,,,,,,,,,,151.6,150,151.8,100,,,,,,,,,,,,,,,,
2026-07-08T19:03:16.522968+00:00,2026-07-08T19:03:16.522861,2,2,151.45,0.3,151.3,100,151.1,150,,,,,,,,,,,,,,,,,151.6,110,151.8,100,,,,,,,,,,,,,,,,
2026-07-08T19:03:16.768840+00:00,2026-07-08T19:03:16.768731,2,2,151.45,0.3,151.3,96,151.1,150,,,,,,,,,,,,,,,,,151.6,110,151.8,100,,,,,,,,,,,,,,,,
2026-07-08T19:03:17.476161+00:00,2026-07-08T19:03:17.476113,2,2,151.45,0.3,151.3,46,151.1,150,,,,,,,,,,,,,,,,,151.6,110,151.8,100,,,,,,,,,,,,,,,,
2026-07-08T19:03:19.134168+00:00,2026-07-08T19:03:19.134101,2,2,151.45,0.3,151.3,42,151.1,150,,,,,,,,,,,,,,,,,151.6,110,151.8,100,,,,,,,,,,,,,,,,
2026-07-08T19:03:19.420995+00:00,2026-07-08T19:03:19.420921,2,1,151.45,0.3,151.3,42,151.1,150,,,,,,,,,,,,,,,,,151.6,110,,,,,,,,,,,,,,,,,,
2026-07-08T19:03:19.426175+00:00,2026-07-08T19:03:19.426081,1,1,151.35,0.5,151.1,150,,,,,,,,,,,,,,,,,,,151.6,110,,,,,,,,,,,,,,,,,,
2026-07-08T19:03:19.470474+00:00,2026-07-08T19:03:19.470364,2,1,151.4,0.4,151.2,100,151.1,150,,,,,,,,,,,,,,,,,151.6,110,,,,,,,,,,,,,,,,,,
2026-07-08T19:03:19.525550+00:00,2026-07-08T19:03:19.525444,2,2,151.4,0.4,151.2,100,151.1,150,,,,,,,,,,,,,,,,,151.6,110,151.7,100,,,,,,,,,,,,,,,,
2026-07-08T19:03:19.558654+00:00,2026-07-08T19:03:19.557141,1,1,151.45,0.5,151.2,100,,,,,,,,,,,,,,,,,,,151.7,100,,,,,,,,,,,,,,,,,,
2026-07-08T19:03:19.583792+00:00,2026-07-08T19:03:19.583863,1,1,151.45,0.5,151.2,50,,,,,,,,,,,,,,,,,,,151.7,100,,,,,,,,,,,,,,,,,,
2026-07-08T19:03:19.615474+00:00,2026-07-08T19:03:19.615331,2,1,151.5,0.4,151.3,150,151.2,50,,,,,,,,,,,,,,,,,151.7,100,,,,,,,,,,,,,,,,,,
2026-07-08T19:03:19.670240+00:00,2026-07-08T19:03:19.670177,2,2,151.5,0.4,151.3,150,151.2,50,,,,,,,,,,,,,,,,,151.7,100,151.8,150,,,,,,,,,,,,,,,,
2026-07-08T19:03:19.770152+00:00,2026-07-08T19:03:19.770232,2,2,151.5,0.4,151.3,150,151.2,50,,,,,,,,,,,,,,,,,151.7,55,151.8,150,,,,,,,,,,,,,,,,
2026-07-08T19:03:19.928732+00:00,2026-07-08T19:03:19.928551,2,2,151.5,0.4,151.3,146,151.2,50,,,,,,,,,,,,,,,,,151.7,55,151.8,150,,,,,,,,,,,,,,,,
2026-07-08T19:03:20.720994+00:00,2026-07-08T19:03:20.720957,2,2,151.5,0.4,151.3,142,151.2,50,,,,,,,,,,,,,,,,,151.7,55,151.8,150,,,,,,,,,,,,,,,,
2026-07-08T19:03:21.507803+00:00,2026-07-08T19:03:21.507690,2,2,151.5,0.4,151.3,138,151.2,50,,,,,,,,,,,,,,,,,151.7,55,151.8,150,,,,,,,,,,,,,,,,
2026-07-08T19:03:21.690212+00:00,2026-07-08T19:03:21.690188,2,2,151.5,0.4,151.3,88,151.2,50,,,,,,,,,,,,,,,,,151.7,55,151.8,150,,,,,,,,,,,,,,,,
2026-07-08T19:03:21.768848+00:00,2026-07-08T19:03:21.768762,2,2,151.5,0.4,151.3,88,151.2,50,,,,,,,,,,,,,,,,,151.7,7,151.8,150,,,,,,,,,,,,,,,,
2026-07-08T19:03:22.297015+00:00,2026-07-08T19:03:22.296993,2,2,151.5,0.4,151.3,84,151.2,50,,,,,,,,,,,,,,,,,151.7,7,151.8,150,,,,,,,,,,,,,,,,
2026-07-08T19:03:22.582441+00:00,2026-07-08T19:03:22.582297,1,1,151.55,0.5,151.3,84,,,,,,,,,,,,,,,,,,,151.8,150,,,,,,,,,,,,,,,,,,
2026-07-08T19:03:22.636379+00:00,2026-07-08T19:03:22.636458,1,1,151.55,0.5,151.3,184,,,,,,,,,,,,,,,,,,,151.8,150,,,,,,,,,,,,,,,,,,
2026-07-08T19:03:22.688790+00:00,2026-07-08T19:03:22.688649,1,1,151.55,0.5,151.3,184,,,,,,,,,,,,,,,,,,,151.8,250,,,,,,,,,,,,,,,,,,
2026-07-08T19:03:22.725436+00:00,2026-07-08T19:03:22.725278,1,1,151.55,0.5,151.3,100,,,,,,,,,,,,,,,,,,,151.8,100,,,,,,,,,,,,,,,,,,
2026-07-08T19:03:22.779263+00:00,2026-07-08T19:03:22.779088,2,1,151.55,0.5,151.3,100,150.9,150,,,,,,,,,,,,,,,,,151.8,100,,,,,,,,,,,,,,,,,,
2026-07-08T19:03:22.832649+00:00,2026-07-08T19:03:22.832500,2,2,151.35,0.1,151.3,100,150.9,150,,,,,,,,,,,,,,,,,151.4,150,151.8,100,,,,,,,,,,,,,,,,
2026-07-08T19:03:23.107715+00:00,2026-07-08T19:03:23.107529,2,2,151.35,0.1,151.3,96,150.9,150,,,,,,,,,,,,,,,,,151.4,150,151.8,100,,,,,,,,,,,,,,,,
2026-07-08T19:03:23.797331+00:00,2026-07-08T19:03:23.797196,2,2,151.35,0.1,151.3,46,150.9,150,,,,,,,,,,,,,,,,,151.4,150,151.8,100,,,,,,,,,,,,,,,,
2026-07-08T19:03:23.919751+00:00,2026-07-08T19:03:23.919684,2,2,151.35,0.1,151.3,42,150.9,150,,,,,,,,,,,,,,,,,151.4,150,151.8,100,,,,,,,,,,,,,,,,
2026-07-08T19:03:24.712254+00:00,2026-07-08T19:03:24.712193,2,2,151.35,0.1,151.3,38,150.9,150,,,,,,,,,,,,,,,,,151.4,150,151.8,100,,,,,,,,,,,,,,,,
2026-07-08T19:03:25.015007+00:00,2026-07-08T19:03:25.015114,1,2,151.15,0.5,150.9,139,,,,,,,,,,,,,,,,,,,151.4,150,151.8,100,,,,,,,,,,,,,,,,
2026-07-08T19:03:25.595625+00:00,2026-07-08T19:03:25.595749,1,2,151.15,0.5,150.9,139,,,,,,,,,,,,,,,,,,,151.4,103,151.8,100,,,,,,,,,,,,,,,,
2026-07-08T19:03:25.745191+00:00,2026-07-08T19:03:25.745168,1,1,151.15,0.5,150.9,139,,,,,,,,,,,,,,,,,,,151.4,103,,,,,,,,,,,,,,,,,,
2026-07-08T19:03:25.798270+00:00,2026-07-08T19:03:25.798237,2,1,151.2,0.4,151.0,100,150.9,139,,,,,,,,,,,,,,,,,151.4,103,,,,,,,,,,,,,,,,,,
2026-07-08T19:03:25.852102+00:00,2026-07-08T19:03:25.852179,2,2,151.2,0.4,151.0,100,150.9,139,,,,,,,,,,,,,,,,,151.4,103,151.5,100,,,,,,,,,,,,,,,,
2026-07-08T19:03:25.886454+00:00,2026-07-08T19:03:25.886391,1,1,151.25,0.5,151.0,100,,,,,,,,,,,,,,,,,,,151.5,100,,,,,,,,,,,,,,,,,,
2026-07-08T19:03:25.905522+00:00,2026-07-08T19:03:25.905419,1,1,151.25,0.5,151.0,50,,,,,,,,,,,,,,,,,,,151.5,100,,,,,,,,,,,,,,,,,,
2026-07-08T19:03:25.937441+00:00,2026-07-08T19:03:25.937360,2,1,151.3,0.4,151.1,150,151.0,50,,,,,,,,,,,,,,,,,151.5,100,,,,,,,,,,,,,,,,,,
2026-07-08T19:03:25.991214+00:00,2026-07-08T19:03:25.991161,2,2,151.3,0.4,151.1,150,151.0,50,,,,,,,,,,,,,,,,,151.5,100,151.6,150,,,,,,,,,,,,,,,,
2026-07-08T19:03:27.208504+00:00,2026-07-08T19:03:27.208429,2,2,151.3,0.4,151.1,107,151.0,50,,,,,,,,,,,,,,,,,151.5,100,151.6,150,,,,,,,,,,,,,,,,
2026-07-08T19:03:27.715120+00:00,2026-07-08T19:03:27.715254,2,2,151.3,0.4,151.1,62,151.0,50,,,,,,,,,,,,,,,,,151.5,100,151.6,150,,,,,,,,,,,,,,,,
2026-07-08T19:03:28.907212+00:00,2026-07-08T19:03:28.907373,1,1,151.35,0.5,151.1,62,,,,,,,,,,,,,,,,,,,151.6,150,,,,,,,,,,,,,,,,,,
2026-07-08T19:03:28.964262+00:00,2026-07-08T19:03:28.964219,2,1,151.35,0.5,151.1,62,151.0,100,,,,,,,,,,,,,,,,,151.6,150,,,,,,,,,,,,,,,,,,
2026-07-08T19:03:29.017698+00:00,2026-07-08T19:03:29.017625,2,2,151.3,0.4,151.1,62,151.0,100,,,,,,,,,,,,,,,,,151.5,100,151.6,150,,,,,,,,,,,,,,,,
2026-07-08T19:03:29.048140+00:00,2026-07-08T19:03:29.048029,1,1,151.25,0.5,151.0,100,,,,,,,,,,,,,,,,,,,151.5,100,,,,,,,,,,,,,,,,,,
2026-07-08T19:03:29.101322+00:00,2026-07-08T19:03:29.101409,2,1,151.25,0.5,151.0,100,150.9,150,,,,,,,,,,,,,,,,,151.5,100,,,,,,,,,,,,,,,,,,
2026-07-08T19:03:29.158681+00:00,2026-07-08T19:03:29.150826,2,2,151.2,0.4,151.0,100,150.9,150,,,,,,,,,,,,,,,,,151.4,150,151.5,100,,,,,,,,,,,,,,,,
2026-07-08T19:03:30.119589+00:00,2026-07-08T19:03:30.119722,2,2,151.2,0.4,151.0,50,150.9,150,,,,,,,,,,,,,,,,,151.4,150,151.5,100,,,,,,,,,,,,,,,,
2026-07-08T19:03:30.485404+00:00,2026-07-08T19:03:30.479258,2,2,151.2,0.4,151.0,50,150.9,150,,,,,,,,,,,,,,,,,151.4,138,151.5,100,,,,,,,,,,,,,,,,
2026-07-08T19:03:31.193928+00:00,2026-07-08T19:03:31.193738,2,2,151.2,0.4,151.0,50,150.9,150,,,,,,,,,,,,,,,,,151.4,91,151.5,100,,,,,,,,,,,,,,,,
2026-07-08T19:03:32.072489+00:00,2026-07-08T19:03:32.072615,1,1,151.15,0.5,150.9,150,,,,,,,,,,,,,,,,,,,151.4,91,,,,,,,,,,,,,,,,,,
2026-07-08T19:03:32.127093+00:00,2026-07-08T19:03:32.127165,2,1,151.15,0.5,150.9,150,150.8,100,,,,,,,,,,,,,,,,,151.4,91,,,,,,,,,,,,,,,,,,
2026-07-08T19:03:32.188702+00:00,2026-07-08T19:03:32.183157,2,2,151.1,0.4,150.9,150,150.8,100,,,,,,,,,,,,,,,,,151.3,89,151.4,91,,,,,,,,,,,,,,,,
2026-07-08T19:03:32.210100+00:00,2026-07-08T19:03:32.209981,1,1,151.05,0.5,150.8,100,,,,,,,,,,,,,,,,,,,151.3,89,,,,,,,,,,,,,,,,,,
2026-07-08T19:03:32.226654+00:00,2026-07-08T19:03:32.226582,1,1,151.05,0.5,150.8,50,,,,,,,,,,,,,,,,,,,151.3,89,,,,,,,,,,,,,,,,,,
2026-07-08T19:03:32.268389+00:00,2026-07-08T19:03:32.268216,2,1,151.2,0.2,151.1,150,150.8,50,,,,,,,,,,,,,,,,,151.3,89,,,,,,,,,,,,,,,,,,
2026-07-08T19:03:32.321229+00:00,2026-07-08T19:03:32.321195,2,2,151.2,0.2,151.1,150,150.8,50,,,,,,,,,,,,,,,,,151.3,89,151.6,150,,,,,,,,,,,,,,,,
2026-07-08T19:03:32.405724+00:00,2026-07-08T19:03:32.405839,2,2,151.2,0.2,151.1,101,150.8,50,,,,,,,,,,,,,,,,,151.3,89,151.6,150,,,,,,,,,,,,,,,,
2026-07-08T19:03:32.980676+00:00,2026-07-08T19:03:32.980630,2,2,151.2,0.2,151.1,101,150.8,50,,,,,,,,,,,,,,,,,151.3,46,151.6,150,,,,,,,,,,,,,,,,
2026-07-08T19:03:33.100188+00:00,2026-07-08T19:03:33.093935,2,2,151.2,0.2,151.1,101,150.8,50,,,,,,,,,,,,,,,,,151.3,34,151.6,150,,,,,,,,,,,,,,,,
2026-07-08T19:03:33.396313+00:00,2026-07-08T19:03:33.389995,2,2,151.2,0.2,151.1,101,150.8,50,,,,,,,,,,,,,,,,,151.3,23,151.6,150,,,,,,,,,,,,,,,,
2026-07-08T19:03:34.334458+00:00,2026-07-08T19:03:34.334409,2,2,151.2,0.2,151.1,51,150.8,50,,,,,,,,,,,,,,,,,151.3,23,151.6,150,,,,,,,,,,,,,,,,
2026-07-08T19:03:35.198218+00:00,2026-07-08T19:03:35.198113,2,2,151.2,0.2,151.1,7,150.8,50,,,,,,,,,,,,,,,,,151.3,23,151.6,150,,,,,,,,,,,,,,,,
2026-07-08T19:03:35.235208+00:00,2026-07-08T19:03:35.235132,1,1,151.35,0.5,151.1,7,,,,,,,,,,,,,,,,,,,151.6,150,,,,,,,,,,,,,,,,,,
2026-07-08T19:03:35.290475+00:00,2026-07-08T19:03:35.290389,2,1,151.35,0.5,151.1,7,150.9,100,,,,,,,,,,,,,,,,,151.6,150,,,,,,,,,,,,,,,,,,
2026-07-08T19:03:35.339336+00:00,2026-07-08T19:03:35.339254,2,2,151.25,0.3,151.1,7,150.9,100,,,,,,,,,,,,,,,,,151.4,100,151.6,150,,,,,,,,,,,,,,,,
2026-07-08T19:03:35.378495+00:00,2026-07-08T19:03:35.378426,1,1,151.15,0.5,150.9,100,,,,,,,,,,,,,,,,,,,151.4,100,,,,,,,,,,,,,,,,,,
2026-07-08T19:03:35.433634+00:00,2026-07-08T19:03:35.433739,2,1,151.15,0.5,150.9,100,150.5,150,,,,,,,,,,,,,,,,,151.4,100,,,,,,,,,,,,,,,,,,
2026-07-08T19:03:35.484272+00:00,2026-07-08T19:03:35.484198,2,2,150.95,0.1,150.9,100,150.5,150,,,,,,,,,,,,,,,,,151.0,150,151.4,100,,,,,,,,,,,,,,,,
2026-07-08T19:03:35.747526+00:00,2026-07-08T19:03:35.738960,2,2,150.95,0.1,150.9,100,150.5,150,,,,,,,,,,,,,,,,,151.0,147,151.4,100,,,,,,,,,,,,,,,,
2026-07-08T19:03:35.768279+00:00,2026-07-08T19:03:35.768231,2,2,150.95,0.1,150.9,100,150.5,150,,,,,,,,,,,,,,,,,151.0,100,151.4,100,,,,,,,,,,,,,,,,
2026-07-08T19:03:36.439739+00:00,2026-07-08T19:03:36.439595,2,2,150.95,0.1,150.9,50,150.5,150,,,,,,,,,,,,,,,,,151.0,100,151.4,100,,,,,,,,,,,,,,,,
2026-07-08T19:03:37.281014+00:00,2026-07-08T19:03:37.280978,2,2,150.95,0.1,150.9,50,150.5,150,,,,,,,,,,,,,,,,,151.0,96,151.4,100,,,,,,,,,,,,,,,,
2026-07-08T19:03:38.070251+00:00,2026-07-08T19:03:38.070382,2,2,150.95,0.1,150.9,50,150.5,150,,,,,,,,,,,,,,,,,151.0,92,151.4,100,,,,,,,,,,,,,,,,
2026-07-08T19:03:38.398634+00:00,2026-07-08T19:03:38.398501,1,1,150.75,0.5,150.5,150,,,,,,,,,,,,,,,,,,,151.0,92,,,,,,,,,,,,,,,,,,
2026-07-08T19:03:38.458553+00:00,2026-07-08T19:03:38.453219,2,1,150.95,0.1,150.9,100,150.5,150,,,,,,,,,,,,,,,,,151.0,92,,,,,,,,,,,,,,,,,,
2026-07-08T19:03:38.507923+00:00,2026-07-08T19:03:38.507818,2,2,150.95,0.1,150.9,100,150.5,150,,,,,,,,,,,,,,,,,151.0,92,151.4,100,,,,,,,,,,,,,,,,
2026-07-08T19:03:38.538531+00:00,2026-07-08T19:03:38.538438,2,1,151.15,0.5,150.9,100,150.5,150,,,,,,,,,,,,,,,,,151.4,100,,,,,,,,,,,,,,,,,,
2026-07-08T19:03:38.543511+00:00,2026-07-08T19:03:38.543617,1,1,151.15,0.5,150.9,100,,,,,,,,,,,,,,,,,,,151.4,100,,,,,,,,,,,,,,,,,,
2026-07-08T19:03:38.549003+00:00,2026-07-08T19:03:38.548888,1,1,151.15,0.5,150.9,50,,,,,,,,,,,,,,,,,,,151.4,100,,,,,,,,,,,,,,,,,,
2026-07-08T19:03:38.596716+00:00,2026-07-08T19:03:38.596641,2,1,151.2,0.4,151.0,150,150.9,50,,,,,,,,,,,,,,,,,151.4,100,,,,,,,,,,,,,,,,,,
2026-07-08T19:03:38.626397+00:00,2026-07-08T19:03:38.626296,2,1,151.2,0.4,151.0,150,150.9,50,,,,,,,,,,,,,,,,,151.4,55,,,,,,,,,,,,,,,,,,
2026-07-08T19:03:38.658641+00:00,2026-07-08T19:03:38.650095,2,2,151.2,0.4,151.0,150,150.9,50,,,,,,,,,,,,,,,,,151.4,55,151.5,150,,,,,,,,,,,,,,,,
2026-07-08T19:03:39.295368+00:00,2026-07-08T19:03:39.295290,2,2,151.2,0.4,151.0,101,150.9,50,,,,,,,,,,,,,,,,,151.4,55,151.5,150,,,,,,,,,,,,,,,,
2026-07-08T19:03:40.656834+00:00,2026-07-08T19:03:40.656960,2,2,151.2,0.4,151.0,51,150.9,50,,,,,,,,,,,,,,,,,151.4,55,151.5,150,,,,,,,,,,,,,,,,
2026-07-08T19:03:41.558550+00:00,2026-07-08T19:03:41.558404,1,1,151.25,0.5,151.0,51,,,,,,,,,,,,,,,,,,,151.5,150,,,,,,,,,,,,,,,,,,
2026-07-08T19:03:41.618345+00:00,2026-07-08T19:03:41.618489,2,1,151.25,0.5,151.0,51,150.9,100,,,,,,,,,,,,,,,,,151.5,150,,,,,,,,,,,,,,,,,,
2026-07-08T19:03:41.673550+00:00,2026-07-08T19:03:41.673473,2,2,151.2,0.4,151.0,51,150.9,100,,,,,,,,,,,,,,,,,151.4,100,151.5,150,,,,,,,,,,,,,,,,
2026-07-08T19:03:41.704089+00:00,2026-07-08T19:03:41.703996,1,1,151.15,0.5,150.9,100,,,,,,,,,,,,,,,,,,,151.4,100,,,,,,,,,,,,,,,,,,
2026-07-08T19:03:41.758540+00:00,2026-07-08T19:03:41.755063,2,1,151.15,0.5,150.9,100,150.6,150,,,,,,,,,,,,,,,,,151.4,100,,,,,,,,,,,,,,,,,,
2026-07-08T19:03:41.811265+00:00,2026-07-08T19:03:41.811208,2,2,151.0,0.2,150.9,100,150.6,150,,,,,,,,,,,,,,,,,151.1,150,151.4,100,,,,,,,,,,,,,,,,
2026-07-08T19:03:42.758565+00:00,2026-07-08T19:03:42.757663,2,2,151.0,0.2,150.9,50,150.6,150,,,,,,,,,,,,,,,,,151.1,150,151.4,100,,,,,,,,,,,,,,,,
2026-07-08T19:03:42.827236+00:00,2026-07-08T19:03:42.827353,2,2,151.0,0.2,150.9,50,150.6,150,,,,,,,,,,,,,,,,,151.1,146,151.4,100,,,,,,,,,,,,,,,,
2026-07-08T19:03:43.634035+00:00,2026-07-08T19:03:43.630006,2,2,151.0,0.2,150.9,50,150.6,150,,,,,,,,,,,,,,,,,151.1,139,151.4,100,,,,,,,,,,,,,,,,
2026-07-08T19:03:44.232660+00:00,2026-07-08T19:03:44.223524,2,2,151.0,0.2,150.9,50,150.6,150,,,,,,,,,,,,,,,,,151.1,128,151.4,100,,,,,,,,,,,,,,,,
2026-07-08T19:03:44.470593+00:00,2026-07-08T19:03:44.470543,2,2,151.0,0.2,150.9,50,150.6,150,,,,,,,,,,,,,,,,,151.1,124,151.4,100,,,,,,,,,,,,,,,,
2026-07-08T19:03:44.728394+00:00,2026-07-08T19:03:44.728342,1,1,150.85,0.5,150.6,150,,,,,,,,,,,,,,,,,,,151.1,124,,,,,,,,,,,,,,,,,,
2026-07-08T19:03:44.781078+00:00,2026-07-08T19:03:44.780969,1,1,150.85,0.5,150.6,150,,,,,,,,,,,,,,,,,,,151.1,24,,,,,,,,,,,,,,,,,,
2026-07-08T19:03:44.838164+00:00,2026-07-08T19:03:44.838040,1,2,150.85,0.5,150.6,150,,,,,,,,,,,,,,,,,,,151.1,24,151.7,100,,,,,,,,,,,,,,,,
2026-07-08T19:03:44.870150+00:00,2026-07-08T19:03:44.870079,0,1,,,,,,,,,,,,,,,,,,,,,,,151.7,100,,,,,,,,,,,,,,,,,,
2026-07-08T19:03:44.965194+00:00,2026-07-08T19:03:44.939301,1,1,151.6,0.2,151.5,139,,,,,,,,,,,,,,,,,,,151.7,100,,,,,,,,,,,,,,,,,,
2026-07-08T19:03:45.002009+00:00,2026-07-08T19:03:45.001950,1,2,151.6,0.2,151.5,139,,,,,,,,,,,,,,,,,,,151.7,100,152.0,150,,,,,,,,,,,,,,,,
2026-07-08T19:03:45.177411+00:00,2026-07-08T19:03:45.177353,1,2,151.6,0.2,151.5,139,,,,,,,,,,,,,,,,,,,151.7,56,152.0,150,,,,,,,,,,,,,,,,
2026-07-08T19:03:46.301964+00:00,2026-07-08T19:03:46.295354,1,2,151.6,0.2,151.5,136,,,,,,,,,,,,,,,,,,,151.7,56,152.0,150,,,,,,,,,,,,,,,,
2026-07-08T19:03:46.977908+00:00,2026-07-08T19:03:46.977833,1,2,151.6,0.2,151.5,86,,,,,,,,,,,,,,,,,,,151.7,56,152.0,150,,,,,,,,,,,,,,,,
2026-07-08T19:03:47.896178+00:00,2026-07-08T19:03:47.895991,1,1,151.75,0.5,151.5,86,,,,,,,,,,,,,,,,,,,152.0,150,,,,,,,,,,,,,,,,,,
2026-07-08T19:03:47.950890+00:00,2026-07-08T19:03:47.950825,2,1,151.75,0.5,151.5,86,151.1,100,,,,,,,,,,,,,,,,,152.0,150,,,,,,,,,,,,,,,,,,
2026-07-08T19:03:48.003798+00:00,2026-07-08T19:03:48.003705,2,2,151.55,0.1,151.5,86,151.1,100,,,,,,,,,,,,,,,,,151.6,100,152.0,150,,,,,,,,,,,,,,,,
2026-07-08T19:03:48.053888+00:00,2026-07-08T19:03:48.054081,1,1,151.35,0.5,151.1,100,,,,,,,,,,,,,,,,,,,151.6,100,,,,,,,,,,,,,,,,,,
2026-07-08T19:03:48.116444+00:00,2026-07-08T19:03:48.116295,2,1,151.45,0.3,151.3,150,151.1,100,,,,,,,,,,,,,,,,,151.6,100,,,,,,,,,,,,,,,,,,
2026-07-08T19:03:48.168873+00:00,2026-07-08T19:03:48.168814,2,2,151.45,0.3,151.3,150,151.1,100,,,,,,,,,,,,,,,,,151.6,100,151.8,150,,,,,,,,,,,,,,,,
2026-07-08T19:03:48.470130+00:00,2026-07-08T19:03:48.470065,2,2,151.45,0.3,151.3,150,151.1,100,,,,,,,,,,,,,,,,,151.6,96,151.8,150,,,,,,,,,,,,,,,,
2026-07-08T19:03:48.924073+00:00,2026-07-08T19:03:48.918299,2,2,151.45,0.3,151.3,150,151.1,100,,,,,,,,,,,,,,,,,151.6,82,151.8,150,,,,,,,,,,,,,,,,
2026-07-08T19:03:49.094459+00:00,2026-07-08T19:03:49.094259,2,2,151.45,0.3,151.3,100,151.1,100,,,,,,,,,,,,,,,,,151.6,82,151.8,150,,,,,,,,,,,,,,,,
2026-07-08T19:03:49.289162+00:00,2026-07-08T19:03:49.289049,2,2,151.45,0.3,151.3,100,151.1,100,,,,,,,,,,,,,,,,,151.6,78,151.8,150,,,,,,,,,,,,,,,,
2026-07-08T19:03:50.077218+00:00,2026-07-08T19:03:50.077061,2,2,151.45,0.3,151.3,100,151.1,100,,,,,,,,,,,,,,,,,151.6,74,151.8,150,,,,,,,,,,,,,,,,
2026-07-08T19:03:50.885008+00:00,2026-07-08T19:03:50.884935,2,2,151.45,0.3,151.3,100,151.1,100,,,,,,,,,,,,,,,,,151.6,70,151.8,150,,,,,,,,,,,,,,,,
2026-07-08T19:03:51.058606+00:00,2026-07-08T19:03:51.052496,1,1,151.55,0.5,151.3,100,,,,,,,,,,,,,,,,,,,151.8,150,,,,,,,,,,,,,,,,,,
2026-07-08T19:03:51.112303+00:00,2026-07-08T19:03:51.112241,2,1,151.6,0.4,151.4,100,151.3,100,,,,,,,,,,,,,,,,,151.8,150,,,,,,,,,,,,,,,,,,
2026-07-08T19:03:51.164790+00:00,2026-07-08T19:03:51.164913,2,2,151.6,0.4,151.4,100,151.3,100,,,,,,,,,,,,,,,,,151.8,150,151.9,100,,,,,,,,,,,,,,,,
2026-07-08T19:03:51.208124+00:00,2026-07-08T19:03:51.208058,2,2,151.6,0.4,151.4,50,151.3,100,,,,,,,,,,,,,,,,,151.8,150,151.9,100,,,,,,,,,,,,,,,,
2026-07-08T19:03:51.222838+00:00,2026-07-08T19:03:51.222979,1,1,151.65,0.5,151.4,50,,,,,,,,,,,,,,,,,,,151.9,100,,,,,,,,,,,,,,,,,,
