recv_time,book_timestamp,n_bids,n_asks,mid,spread,bid_px_0,bid_vol_0,bid_px_1,bid_vol_1,bid_px_2,bid_vol_2,bid_px_3,bid_vol_3,bid_px_4,bid_vol_4,bid_px_5,bid_vol_5,bid_px_6,bid_vol_6,bid_px_7,bid_vol_7,bid_px_8,bid_vol_8,bid_px_9,bid_vol_9,ask_px_0,ask_vol_0,ask_px_1,ask_vol_1,ask_px_2,ask_vol_2,ask_px_3,ask_vol_3,ask_px_4,ask_vol_4,ask_px_5,ask_vol_5,ask_px_6,ask_vol_6,ask_px_7,ask_vol_7,ask_px_8,ask_vol_8,ask_px_9,ask_vol_9
2026-07-03T16:58:09.761917+00:00,2026-07-03T16:58:09.730652,3,3,115.8,0.2,115.7,59,115.5,50,115.4,100,,,,,,,,,,,,,,,115.9,100,116.0,150,116.2,150,,,,,,,,,,,,,,
2026-07-03T16:58:10.013894+00:00,2026-07-03T16:58:09.974020,2,2,115.7,0.4,115.5,50,115.4,100,,,,,,,,,,,,,,,,,115.9,100,116.0,150,,,,,,,,,,,,,,,,
2026-07-03T16:58:10.037150+00:00,2026-07-03T16:58:10.037007,3,2,115.7,0.4,115.5,50,115.4,100,115.3,150,,,,,,,,,,,,,,,115.9,100,116.0,150,,,,,,,,,,,,,,,,
2026-07-03T16:58:10.110543+00:00,2026-07-03T16:58:10.110387,3,3,115.65,0.3,115.5,50,115.4,100,115.3,150,,,,,,,,,,,,,,,115.8,150,115.9,100,116.0,150,,,,,,,,,,,,,,
2026-07-03T16:58:10.158613+00:00,2026-07-03T16:58:10.157986,3,3,115.65,0.3,115.5,50,115.4,100,115.3,150,,,,,,,,,,,,,,,115.8,150,115.9,100,116.0,150,,,,,,,,,,,,,,
2026-07-03T16:58:10.374227+00:00,2026-07-03T16:58:10.374170,3,3,115.65,0.3,115.5,50,115.4,100,115.3,150,,,,,,,,,,,,,,,115.8,150,115.9,100,116.0,150,,,,,,,,,,,,,,
2026-07-03T16:58:10.588798+00:00,2026-07-03T16:58:10.588714,3,3,115.65,0.3,115.5,50,115.4,100,115.3,150,,,,,,,,,,,,,,,115.8,150,115.9,100,116.0,150,,,,,,,,,,,,,,
2026-07-03T16:58:10.779616+00:00,2026-07-03T16:58:10.780120,3,3,115.65,0.3,115.5,50,115.4,100,115.3,150,,,,,,,,,,,,,,,115.8,150,115.9,100,116.0,150,,,,,,,,,,,,,,
2026-07-03T16:58:10.999588+00:00,2026-07-03T16:58:10.989502,2,3,115.6,0.4,115.4,100,115.3,150,,,,,,,,,,,,,,,,,115.8,150,115.9,100,116.0,150,,,,,,,,,,,,,,
2026-07-03T16:58:11.196216+00:00,2026-07-03T16:58:11.195978,2,2,115.6,0.4,115.4,100,115.3,150,,,,,,,,,,,,,,,,,115.8,150,115.9,100,,,,,,,,,,,,,,,,
2026-07-03T16:58:11.207457+00:00,2026-07-03T16:58:11.207405,2,3,115.6,0.4,115.4,100,115.3,150,,,,,,,,,,,,,,,,,115.8,150,115.9,100,116.3,200,,,,,,,,,,,,,,
2026-07-03T16:58:11.411928+00:00,2026-07-03T16:58:11.412068,2,3,115.6,0.4,115.4,100,115.3,150,,,,,,,,,,,,,,,,,115.8,150,115.9,100,116.3,200,,,,,,,,,,,,,,
2026-07-03T16:58:11.631947+00:00,2026-07-03T16:58:11.631818,2,3,115.6,0.4,115.4,100,115.3,150,,,,,,,,,,,,,,,,,115.8,150,115.9,100,116.3,200,,,,,,,,,,,,,,
2026-07-03T16:58:11.835022+00:00,2026-07-03T16:58:11.834994,2,3,115.6,0.4,115.4,100,115.3,150,,,,,,,,,,,,,,,,,115.8,150,115.9,100,116.3,200,,,,,,,,,,,,,,
2026-07-03T16:58:11.924461+00:00,2026-07-03T16:58:11.916303,1,2,115.55,0.5,115.3,150,,,,,,,,,,,,,,,,,,,115.8,150,116.3,200,,,,,,,,,,,,,,,,
2026-07-03T16:58:11.973810+00:00,2026-07-03T16:58:11.973956,2,2,115.7,0.2,115.6,100,115.3,150,,,,,,,,,,,,,,,,,115.8,150,116.3,200,,,,,,,,,,,,,,,,
2026-07-03T16:58:12.040590+00:00,2026-07-03T16:58:12.040383,2,3,115.7,0.2,115.6,100,115.3,150,,,,,,,,,,,,,,,,,115.8,150,116.1,100,116.3,200,,,,,,,,,,,,,,
2026-07-03T16:58:12.238599+00:00,2026-07-03T16:58:12.238773,2,3,115.7,0.2,115.6,100,115.3,150,,,,,,,,,,,,,,,,,115.8,150,116.1,100,116.3,200,,,,,,,,,,,,,,
2026-07-03T16:58:12.451943+00:00,2026-07-03T16:58:12.458744,2,3,115.7,0.2,115.6,100,115.3,150,,,,,,,,,,,,,,,,,115.8,150,116.0,200,116.1,100,,,,,,,,,,,,,,
2026-07-03T16:58:12.658567+00:00,2026-07-03T16:58:12.648344,2,3,115.7,0.2,115.6,100,115.3,150,,,,,,,,,,,,,,,,,115.8,150,116.0,200,116.1,100,,,,,,,,,,,,,,
2026-07-03T16:58:12.869196+00:00,2026-07-03T16:58:12.869134,2,3,115.7,0.2,115.6,100,115.3,150,,,,,,,,,,,,,,,,,115.8,150,116.0,200,116.1,100,,,,,,,,,,,,,,
2026-07-03T16:58:13.063765+00:00,2026-07-03T16:58:13.063713,2,3,115.7,0.2,115.6,100,115.3,150,,,,,,,,,,,,,,,,,115.8,100,116.0,200,116.1,100,,,,,,,,,,,,,,
2026-07-03T16:58:13.069031+00:00,2026-07-03T16:58:13.068905,2,3,115.7,0.2,115.6,100,115.3,150,,,,,,,,,,,,,,,,,115.8,100,116.0,200,116.1,100,,,,,,,,,,,,,,
2026-07-03T16:58:13.163582+00:00,2026-07-03T16:58:13.163844,1,2,115.8,0.4,115.6,100,,,,,,,,,,,,,,,,,,,116.0,200,116.1,100,,,,,,,,,,,,,,,,
2026-07-03T16:58:13.219479+00:00,2026-07-03T16:58:13.219443,2,2,115.9,0.2,115.8,150,115.6,100,,,,,,,,,,,,,,,,,116.0,200,116.1,100,,,,,,,,,,,,,,,,
2026-07-03T16:58:13.267325+00:00,2026-07-03T16:58:13.267275,2,2,115.95,0.3,115.8,150,115.6,100,,,,,,,,,,,,,,,,,116.1,100,116.3,350,,,,,,,,,,,,,,,,
2026-07-03T16:58:13.473229+00:00,2026-07-03T16:58:13.473158,2,2,115.95,0.3,115.8,150,115.6,100,,,,,,,,,,,,,,,,,116.1,100,116.3,350,,,,,,,,,,,,,,,,
2026-07-03T16:58:13.640350+00:00,2026-07-03T16:58:13.639893,2,2,115.95,0.3,115.8,101,115.6,100,,,,,,,,,,,,,,,,,116.1,100,116.3,350,,,,,,,,,,,,,,,,
2026-07-03T16:58:13.680457+00:00,2026-07-03T16:58:13.680344,2,2,115.95,0.3,115.8,101,115.6,100,,,,,,,,,,,,,,,,,116.1,100,116.3,350,,,,,,,,,,,,,,,,
2026-07-03T16:58:13.896707+00:00,2026-07-03T16:58:13.896866,2,2,115.95,0.3,115.8,101,115.6,100,,,,,,,,,,,,,,,,,116.1,100,116.3,350,,,,,,,,,,,,,,,,
2026-07-03T16:58:14.093406+00:00,2026-07-03T16:58:14.093295,2,2,115.95,0.3,115.8,101,115.6,100,,,,,,,,,,,,,,,,,116.1,100,116.3,150,,,,,,,,,,,,,,,,
2026-07-03T16:58:14.098636+00:00,2026-07-03T16:58:14.098555,2,2,115.95,0.3,115.8,101,115.6,100,,,,,,,,,,,,,,,,,116.1,100,116.3,350,,,,,,,,,,,,,,,,
2026-07-03T16:58:14.340421+00:00,2026-07-03T16:58:14.341069,2,2,115.95,0.3,115.8,101,115.6,100,,,,,,,,,,,,,,,,,116.1,100,116.3,350,,,,,,,,,,,,,,,,
2026-07-03T16:58:14.533672+00:00,2026-07-03T16:58:14.533856,2,2,115.95,0.3,115.8,101,115.6,100,,,,,,,,,,,,,,,,,116.1,100,116.3,350,,,,,,,,,,,,,,,,
2026-07-03T16:58:14.745768+00:00,2026-07-03T16:58:14.745632,2,2,115.95,0.3,115.8,101,115.6,100,,,,,,,,,,,,,,,,,116.1,100,116.3,150,,,,,,,,,,,,,,,,
2026-07-03T16:58:14.758615+00:00,2026-07-03T16:58:14.750806,2,2,115.95,0.3,115.8,101,115.6,100,,,,,,,,,,,,,,,,,116.1,100,116.3,350,,,,,,,,,,,,,,,,
2026-07-03T16:58:14.940020+00:00,2026-07-03T16:58:14.939263,2,2,115.95,0.3,115.8,101,115.6,100,,,,,,,,,,,,,,,,,116.1,100,116.3,150,,,,,,,,,,,,,,,,
2026-07-03T16:58:14.958625+00:00,2026-07-03T16:58:14.952146,2,2,115.95,0.3,115.8,101,115.6,100,,,,,,,,,,,,,,,,,116.1,100,116.3,350,,,,,,,,,,,,,,,,
2026-07-03T16:58:15.090443+00:00,2026-07-03T16:58:15.078761,1,1,116.05,0.5,115.8,101,,,,,,,,,,,,,,,,,,,116.3,350,,,,,,,,,,,,,,,,,,
2026-07-03T16:58:15.145097+00:00,2026-07-03T16:58:15.144755,2,1,116.05,0.5,115.8,101,115.5,100,,,,,,,,,,,,,,,,,116.3,350,,,,,,,,,,,,,,,,,,
2026-07-03T16:58:15.152835+00:00,2026-07-03T16:58:15.152723,2,1,116.05,0.5,115.8,101,115.5,100,,,,,,,,,,,,,,,,,116.3,150,,,,,,,,,,,,,,,,,,
2026-07-03T16:58:15.157971+00:00,2026-07-03T16:58:15.157907,2,2,116.0,0.4,115.8,101,115.5,100,,,,,,,,,,,,,,,,,116.2,200,116.3,150,,,,,,,,,,,,,,,,
2026-07-03T16:58:15.178391+00:00,2026-07-03T16:58:15.178334,2,2,116.0,0.4,115.8,101,115.5,100,,,,,,,,,,,,,,,,,116.2,150,116.3,150,,,,,,,,,,,,,,,,
2026-07-03T16:58:15.197637+00:00,2026-07-03T16:58:15.197563,2,3,115.9,0.2,115.8,101,115.5,100,,,,,,,,,,,,,,,,,116.0,100,116.2,150,116.3,150,,,,,,,,,,,,,,
2026-07-03T16:58:15.345416+00:00,2026-07-03T16:58:15.357220,2,3,115.9,0.2,115.8,101,115.5,100,,,,,,,,,,,,,,,,,116.0,50,116.2,200,116.3,150,,,,,,,,,,,,,,
2026-07-03T16:58:15.569743+00:00,2026-07-03T16:58:15.569621,2,2,115.9,0.2,115.8,101,115.5,100,,,,,,,,,,,,,,,,,116.0,50,116.3,150,,,,,,,,,,,,,,,,
2026-07-03T16:58:15.575019+00:00,2026-07-03T16:58:15.574827,2,3,115.9,0.2,115.8,101,115.5,100,,,,,,,,,,,,,,,,,116.0,50,116.2,200,116.3,150,,,,,,,,,,,,,,
2026-07-03T16:58:15.785940+00:00,2026-07-03T16:58:15.785921,2,3,115.9,0.2,115.8,101,115.5,100,,,,,,,,,,,,,,,,,116.0,50,116.2,200,116.3,150,,,,,,,,,,,,,,
2026-07-03T16:58:15.985511+00:00,2026-07-03T16:58:15.976665,2,3,115.9,0.2,115.8,101,115.5,100,,,,,,,,,,,,,,,,,116.0,50,116.2,200,116.3,150,,,,,,,,,,,,,,
2026-07-03T16:58:16.202579+00:00,2026-07-03T16:58:16.202501,2,3,115.9,0.2,115.8,101,115.5,100,,,,,,,,,,,,,,,,,116.0,50,116.2,200,116.3,150,,,,,,,,,,,,,,
2026-07-03T16:58:16.301466+00:00,2026-07-03T16:58:16.301394,2,3,115.9,0.2,115.8,101,115.5,100,,,,,,,,,,,,,,,,,116.0,8,116.2,200,116.3,150,,,,,,,,,,,,,,
2026-07-03T16:58:16.326410+00:00,2026-07-03T16:58:16.326563,1,2,115.75,0.5,115.5,100,,,,,,,,,,,,,,,,,,,116.0,8,116.2,200,,,,,,,,,,,,,,,,
2026-07-03T16:58:16.381779+00:00,2026-07-03T16:58:16.381438,2,2,115.8,0.4,115.6,150,115.5,100,,,,,,,,,,,,,,,,,116.0,8,116.2,200,,,,,,,,,,,,,,,,
2026-07-03T16:58:16.405098+00:00,2026-07-03T16:58:16.404988,2,2,115.8,0.4,115.6,150,115.5,100,,,,,,,,,,,,,,,,,116.0,8,116.1,200,,,,,,,,,,,,,,,,
2026-07-03T16:58:16.434931+00:00,2026-07-03T16:58:16.435070,2,2,115.8,0.4,115.6,150,115.5,100,,,,,,,,,,,,,,,,,116.0,8,116.1,350,,,,,,,,,,,,,,,,
2026-07-03T16:58:16.600539+00:00,2026-07-03T16:58:16.600408,2,2,115.8,0.4,115.6,150,115.5,100,,,,,,,,,,,,,,,,,116.0,8,116.1,350,,,,,,,,,,,,,,,,
2026-07-03T16:58:16.801597+00:00,2026-07-03T16:58:16.801506,2,2,115.8,0.4,115.6,150,115.5,100,,,,,,,,,,,,,,,,,116.0,8,116.1,150,,,,,,,,,,,,,,,,
2026-07-03T16:58:16.806706+00:00,2026-07-03T16:58:16.806681,2,2,115.8,0.4,115.6,150,115.5,100,,,,,,,,,,,,,,,,,116.0,208,116.1,150,,,,,,,,,,,,,,,,
2026-07-03T16:58:16.865016+00:00,2026-07-03T16:58:16.864645,2,2,115.8,0.4,115.6,150,115.5,100,,,,,,,,,,,,,,,,,116.0,159,116.1,150,,,,,,,,,,,,,,,,
2026-07-03T16:58:17.005424+00:00,2026-07-03T16:58:17.005107,2,1,115.85,0.5,115.6,150,115.5,100,,,,,,,,,,,,,,,,,116.1,150,,,,,,,,,,,,,,,,,,
2026-07-03T16:58:17.017120+00:00,2026-07-03T16:58:17.017012,2,2,115.8,0.4,115.6,150,115.5,141,,,,,,,,,,,,,,,,,116.0,159,116.1,150,,,,,,,,,,,,,,,,
2026-07-03T16:58:17.221931+00:00,2026-07-03T16:58:17.221884,2,1,115.85,0.5,115.6,150,115.5,141,,,,,,,,,,,,,,,,,116.1,150,,,,,,,,,,,,,,,,,,
2026-07-03T16:58:17.227216+00:00,2026-07-03T16:58:17.227103,2,2,115.8,0.4,115.6,150,115.5,141,,,,,,,,,,,,,,,,,116.0,159,116.1,150,,,,,,,,,,,,,,,,
2026-07-03T16:58:17.300000+00:00,2026-07-03T16:58:17.299905,2,2,115.8,0.4,115.6,150,115.5,141,,,,,,,,,,,,,,,,,116.0,109,116.1,150,,,,,,,,,,,,,,,,
2026-07-03T16:58:17.430789+00:00,2026-07-03T16:58:17.430728,2,2,115.8,0.4,115.6,150,115.5,191,,,,,,,,,,,,,,,,,116.0,109,116.1,150,,,,,,,,,,,,,,,,
2026-07-03T16:58:17.646476+00:00,2026-07-03T16:58:17.646380,2,2,115.8,0.4,115.6,150,115.5,191,,,,,,,,,,,,,,,,,116.0,109,116.1,150,,,,,,,,,,,,,,,,
2026-07-03T16:58:17.858570+00:00,2026-07-03T16:58:17.851919,3,2,115.9,0.4,115.7,91,115.6,150,115.5,100,,,,,,,,,,,,,,,116.1,150,116.4,109,,,,,,,,,,,,,,,,
2026-07-03T16:58:18.058600+00:00,2026-07-03T16:58:18.056443,3,1,115.9,0.4,115.7,91,115.6,150,115.5,100,,,,,,,,,,,,,,,116.1,150,,,,,,,,,,,,,,,,,,
2026-07-03T16:58:18.079438+00:00,2026-07-03T16:58:18.079569,3,2,115.9,0.4,115.7,91,115.6,150,115.5,100,,,,,,,,,,,,,,,116.1,150,116.3,109,,,,,,,,,,,,,,,,
2026-07-03T16:58:18.258365+00:00,2026-07-03T16:58:18.258598,2,2,115.9,0.4,115.7,91,115.6,150,,,,,,,,,,,,,,,,,116.1,150,116.3,109,,,,,,,,,,,,,,,,
2026-07-03T16:58:18.272785+00:00,2026-07-03T16:58:18.272747,1,1,115.85,0.5,115.6,150,,,,,,,,,,,,,,,,,,,116.1,150,,,,,,,,,,,,,,,,,,
2026-07-03T16:58:18.277843+00:00,2026-07-03T16:58:18.278014,2,2,115.9,0.4,115.7,91,115.6,150,,,,,,,,,,,,,,,,,116.1,150,116.3,109,,,,,,,,,,,,,,,,
2026-07-03T16:58:18.304593+00:00,2026-07-03T16:58:18.304480,3,2,116.0,0.2,115.9,100,115.7,91,115.6,150,,,,,,,,,,,,,,,116.1,150,116.3,109,,,,,,,,,,,,,,,,
2026-07-03T16:58:18.374070+00:00,2026-07-03T16:58:18.373967,3,3,116.0,0.2,115.9,100,115.7,91,115.6,150,,,,,,,,,,,,,,,116.1,150,116.3,109,116.4,100,,,,,,,,,,,,,,
2026-07-03T16:58:18.484324+00:00,2026-07-03T16:58:18.484229,2,2,116.0,0.2,115.9,100,115.6,150,,,,,,,,,,,,,,,,,116.1,150,116.4,100,,,,,,,,,,,,,,,,
2026-07-03T16:58:18.489310+00:00,2026-07-03T16:58:18.489420,3,3,116.0,0.2,115.9,100,115.7,91,115.6,150,,,,,,,,,,,,,,,116.1,150,116.3,109,116.4,100,,,,,,,,,,,,,,
2026-07-03T16:58:18.710497+00:00,2026-07-03T16:58:18.710679,3,2,116.0,0.2,115.9,100,115.7,91,115.6,150,,,,,,,,,,,,,,,116.1,150,116.4,100,,,,,,,,,,,,,,,,
2026-07-03T16:58:18.715929+00:00,2026-07-03T16:58:18.715898,3,3,116.0,0.2,115.9,100,115.7,91,115.6,150,,,,,,,,,,,,,,,116.1,150,116.3,109,116.4,100,,,,,,,,,,,,,,
2026-07-03T16:58:18.927104+00:00,2026-07-03T16:58:18.927042,3,3,116.0,0.2,115.9,100,115.7,91,115.6,150,,,,,,,,,,,,,,,116.1,150,116.3,109,116.4,100,,,,,,,,,,,,,,
2026-07-03T16:58:19.132250+00:00,2026-07-03T16:58:19.132430,3,2,116.0,0.2,115.9,100,115.8,91,115.6,150,,,,,,,,,,,,,,,116.1,150,116.4,100,,,,,,,,,,,,,,,,
2026-07-03T16:58:19.137669+00:00,2026-07-03T16:58:19.137630,3,3,116.0,0.2,115.9,100,115.8,91,115.6,150,,,,,,,,,,,,,,,116.1,150,116.3,109,116.4,100,,,,,,,,,,,,,,
2026-07-03T16:58:19.326348+00:00,2026-07-03T16:58:19.326261,3,2,116.0,0.2,115.9,100,115.8,91,115.6,150,,,,,,,,,,,,,,,116.1,150,116.4,100,,,,,,,,,,,,,,,,
2026-07-03T16:58:19.336717+00:00,2026-07-03T16:58:19.336650,3,2,116.0,0.2,115.9,100,115.8,91,115.6,150,,,,,,,,,,,,,,,116.1,150,116.4,209,,,,,,,,,,,,,,,,
2026-07-03T16:58:19.416874+00:00,2026-07-03T16:58:19.416739,3,2,116.0,0.2,115.9,100,115.8,91,115.6,150,,,,,,,,,,,,,,,116.1,100,116.4,209,,,,,,,,,,,,,,,,
2026-07-03T16:58:19.484061+00:00,2026-07-03T16:58:19.484031,3,1,116.15,0.5,115.9,100,115.8,91,115.6,150,,,,,,,,,,,,,,,116.4,209,,,,,,,,,,,,,,,,,,
2026-07-03T16:58:19.489333+00:00,2026-07-03T16:58:19.489192,2,1,116.15,0.5,115.9,100,115.8,91,,,,,,,,,,,,,,,,,116.4,209,,,,,,,,,,,,,,,,,,
2026-07-03T16:58:19.564047+00:00,2026-07-03T16:58:19.564015,2,1,116.15,0.5,115.9,250,115.8,91,,,,,,,,,,,,,,,,,116.4,209,,,,,,,,,,,,,,,,,,
2026-07-03T16:58:19.610277+00:00,2026-07-03T16:58:19.610172,2,1,116.15,0.5,115.9,250,115.8,91,,,,,,,,,,,,,,,,,116.4,359,,,,,,,,,,,,,,,,,,
2026-07-03T16:58:19.816122+00:00,2026-07-03T16:58:19.816493,2,1,116.15,0.5,115.9,250,115.8,91,,,,,,,,,,,,,,,,,116.4,359,,,,,,,,,,,,,,,,,,
2026-07-03T16:58:20.014312+00:00,2026-07-03T16:58:20.014259,2,1,116.15,0.5,115.9,250,115.8,91,,,,,,,,,,,,,,,,,116.4,359,,,,,,,,,,,,,,,,,,
2026-07-03T16:58:20.201699+00:00,2026-07-03T16:58:20.201592,2,1,116.15,0.5,115.9,250,115.8,91,,,,,,,,,,,,,,,,,116.4,250,,,,,,,,,,,,,,,,,,
2026-07-03T16:58:20.206821+00:00,2026-07-03T16:58:20.206749,2,1,116.15,0.5,115.9,250,115.8,91,,,,,,,,,,,,,,,,,116.4,359,,,,,,,,,,,,,,,,,,
2026-07-03T16:58:20.433676+00:00,2026-07-03T16:58:20.433526,2,2,116.05,0.3,115.9,250,115.6,91,,,,,,,,,,,,,,,,,116.2,109,116.4,250,,,,,,,,,,,,,,,,
2026-07-03T16:58:20.626274+00:00,2026-07-03T16:58:20.626209,2,1,116.15,0.5,115.9,250,115.6,91,,,,,,,,,,,,,,,,,116.4,250,,,,,,,,,,,,,,,,,,
2026-07-03T16:58:20.631436+00:00,2026-07-03T16:58:20.631360,2,2,116.0,0.2,115.9,250,115.6,91,,,,,,,,,,,,,,,,,116.1,109,116.4,250,,,,,,,,,,,,,,,,
2026-07-03T16:58:20.851301+00:00,2026-07-03T16:58:20.851258,2,1,116.15,0.5,115.9,250,115.6,91,,,,,,,,,,,,,,,,,116.4,250,,,,,,,,,,,,,,,,,,
2026-07-03T16:58:20.858607+00:00,2026-07-03T16:58:20.856414,2,2,116.0,0.2,115.9,250,115.6,91,,,,,,,,,,,,,,,,,116.1,109,116.4,250,,,,,,,,,,,,,,,,
2026-07-03T16:58:21.058606+00:00,2026-07-03T16:58:21.045706,2,2,116.0,0.2,115.9,250,115.6,91,,,,,,,,,,,,,,,,,116.1,109,116.4,250,,,,,,,,,,,,,,,,
2026-07-03T16:58:21.279513+00:00,2026-07-03T16:58:21.279404,1,1,116.15,0.5,115.9,250,,,,,,,,,,,,,,,,,,,116.4,250,,,,,,,,,,,,,,,,,,
2026-07-03T16:58:21.284790+00:00,2026-07-03T16:58:21.284623,2,2,116.0,0.2,115.9,250,115.6,91,,,,,,,,,,,,,,,,,116.1,109,116.4,250,,,,,,,,,,,,,,,,
2026-07-03T16:58:21.428873+00:00,2026-07-03T16:58:21.428737,2,2,116.0,0.2,115.9,150,115.6,91,,,,,,,,,,,,,,,,,116.1,109,116.4,150,,,,,,,,,,,,,,,,
2026-07-03T16:58:21.463919+00:00,2026-07-03T16:58:21.463856,2,1,116.15,0.5,115.9,150,115.8,100,,,,,,,,,,,,,,,,,116.4,150,,,,,,,,,,,,,,,,,,
2026-07-03T16:58:21.469145+00:00,2026-07-03T16:58:21.469070,3,2,116.0,0.2,115.9,150,115.8,100,115.6,91,,,,,,,,,,,,,,,116.1,109,116.4,150,,,,,,,,,,,,,,,,
2026-07-03T16:58:21.525346+00:00,2026-07-03T16:58:21.525434,3,3,116.0,0.2,115.9,150,115.8,100,115.6,91,,,,,,,,,,,,,,,116.1,109,116.3,100,116.4,150,,,,,,,,,,,,,,
2026-07-03T16:58:21.530816+00:00,2026-07-03T16:58:21.530671,3,3,116.0,0.2,115.9,150,115.8,100,115.6,91,,,,,,,,,,,,,,,116.1,59,116.3,100,116.4,150,,,,,,,,,,,,,,
2026-07-03T16:58:21.671189+00:00,2026-07-03T16:58:21.671074,2,2,116.1,0.4,115.9,150,115.8,100,,,,,,,,,,,,,,,,,116.3,100,116.4,150,,,,,,,,,,,,,,,,
2026-07-03T16:58:21.676212+00:00,2026-07-03T16:58:21.676510,3,3,116.0,0.2,115.9,150,115.8,100,115.6,141,,,,,,,,,,,,,,,116.1,59,116.3,100,116.4,150,,,,,,,,,,,,,,
2026-07-03T16:58:21.904578+00:00,2026-07-03T16:58:21.904751,2,2,116.1,0.4,115.9,150,115.8,100,,,,,,,,,,,,,,,,,116.3,100,116.4,150,,,,,,,,,,,,,,,,
2026-07-03T16:58:21.910033+00:00,2026-07-03T16:58:21.909945,3,3,116.0,0.2,115.9,150,115.8,100,115.6,141,,,,,,,,,,,,,,,116.1,59,116.3,100,116.4,150,,,,,,,,,,,,,,
2026-07-03T16:58:22.099696+00:00,2026-07-03T16:58:22.099829,2,2,116.1,0.4,115.9,150,115.8,100,,,,,,,,,,,,,,,,,116.3,100,116.4,150,,,,,,,,,,,,,,,,
2026-07-03T16:58:22.105077+00:00,2026-07-03T16:58:22.105005,3,3,116.0,0.2,115.9,150,115.8,100,115.6,141,,,,,,,,,,,,,,,116.1,59,116.3,100,116.4,150,,,,,,,,,,,,,,
2026-07-03T16:58:22.310937+00:00,2026-07-03T16:58:22.310796,3,3,116.0,0.2,115.9,150,115.8,100,115.6,141,,,,,,,,,,,,,,,116.1,59,116.3,100,116.4,150,,,,,,,,,,,,,,
2026-07-03T16:58:22.520599+00:00,2026-07-03T16:58:22.520418,3,3,116.0,0.2,115.9,150,115.8,100,115.6,141,,,,,,,,,,,,,,,116.1,59,116.3,100,116.4,150,,,,,,,,,,,,,,
2026-07-03T16:58:22.647626+00:00,2026-07-03T16:58:22.647764,2,2,115.95,0.3,115.8,100,115.6,141,,,,,,,,,,,,,,,,,116.1,59,116.3,100,,,,,,,,,,,,,,,,
2026-07-03T16:58:22.697978+00:00,2026-07-03T16:58:22.697933,3,2,115.95,0.3,115.8,100,115.7,150,115.6,141,,,,,,,,,,,,,,,116.1,59,116.3,100,,,,,,,,,,,,,,,,
2026-07-03T16:58:22.744900+00:00,2026-07-03T16:58:22.744798,3,1,116.05,0.5,115.8,100,115.7,150,115.6,141,,,,,,,,,,,,,,,116.3,100,,,,,,,,,,,,,,,,,,
2026-07-03T16:58:22.750380+00:00,2026-07-03T16:58:22.750240,3,3,115.95,0.3,115.8,100,115.7,150,115.6,141,,,,,,,,,,,,,,,116.1,59,116.2,150,116.3,100,,,,,,,,,,,,,,
2026-07-03T16:58:22.940629+00:00,2026-07-03T16:58:22.940463,2,2,116.0,0.4,115.8,100,115.7,150,,,,,,,,,,,,,,,,,116.2,150,116.3,100,,,,,,,,,,,,,,,,
2026-07-03T16:58:22.945818+00:00,2026-07-03T16:58:22.945707,2,2,116.0,0.4,115.8,100,115.7,291,,,,,,,,,,,,,,,,,116.2,150,116.3,159,,,,,,,,,,,,,,,,
2026-07-03T16:58:23.064339+00:00,2026-07-03T16:58:23.064139,2,2,116.0,0.4,115.8,60,115.7,291,,,,,,,,,,,,,,,,,116.2,150,116.3,159,,,,,,,,,,,,,,,,
2026-07-03T16:58:23.158617+00:00,2026-07-03T16:58:23.152799,2,2,116.0,0.4,115.8,60,115.7,291,,,,,,,,,,,,,,,,,116.2,150,116.3,159,,,,,,,,,,,,,,,,
2026-07-03T16:58:23.364012+00:00,2026-07-03T16:58:23.363883,2,2,116.0,0.4,115.8,60,115.7,150,,,,,,,,,,,,,,,,,116.2,150,116.3,100,,,,,,,,,,,,,,,,
2026-07-03T16:58:23.369187+00:00,2026-07-03T16:58:23.369107,2,2,116.0,0.4,115.8,60,115.7,291,,,,,,,,,,,,,,,,,116.2,150,116.3,159,,,,,,,,,,,,,,,,
2026-07-03T16:58:23.571372+00:00,2026-07-03T16:58:23.571261,2,2,116.0,0.4,115.8,60,115.7,291,,,,,,,,,,,,,,,,,116.2,150,116.3,100,,,,,,,,,,,,,,,,
2026-07-03T16:58:23.576559+00:00,2026-07-03T16:58:23.576432,2,2,116.0,0.4,115.8,60,115.7,150,,,,,,,,,,,,,,,,,116.2,150,116.3,100,,,,,,,,,,,,,,,,
2026-07-03T16:58:23.581767+00:00,2026-07-03T16:58:23.581690,2,2,116.0,0.4,115.8,60,115.7,291,,,,,,,,,,,,,,,,,116.2,150,116.3,159,,,,,,,,,,,,,,,,
2026-07-03T16:58:23.658830+00:00,2026-07-03T16:58:23.658703,2,2,116.0,0.4,115.8,60,115.7,291,,,,,,,,,,,,,,,,,116.2,100,116.3,159,,,,,,,,,,,,,,,,
2026-07-03T16:58:23.664130+00:00,2026-07-03T16:58:23.664017,2,2,116.0,0.4,115.8,17,115.7,291,,,,,,,,,,,,,,,,,116.2,100,116.3,159,,,,,,,,,,,,,,,,
2026-07-03T16:58:23.806741+00:00,2026-07-03T16:58:23.806659,2,2,116.0,0.4,115.8,17,115.7,291,,,,,,,,,,,,,,,,,116.2,100,116.3,159,,,,,,,,,,,,,,,,
2026-07-03T16:58:24.021393+00:00,2026-07-03T16:58:24.021360,2,2,116.0,0.4,115.8,17,115.7,291,,,,,,,,,,,,,,,,,116.2,100,116.3,100,,,,,,,,,,,,,,,,
2026-07-03T16:58:24.026427+00:00,2026-07-03T16:58:24.026526,2,2,116.0,0.4,115.8,17,115.7,291,,,,,,,,,,,,,,,,,116.2,100,116.3,159,,,,,,,,,,,,,,,,
2026-07-03T16:58:24.231193+00:00,2026-07-03T16:58:24.231023,2,2,116.0,0.4,115.8,17,115.7,150,,,,,,,,,,,,,,,,,116.2,100,116.3,100,,,,,,,,,,,,,,,,
2026-07-03T16:58:24.236843+00:00,2026-07-03T16:58:24.236359,2,2,116.0,0.4,115.8,17,115.7,291,,,,,,,,,,,,,,,,,116.2,159,116.3,100,,,,,,,,,,,,,,,,
2026-07-03T16:58:24.458818+00:00,2026-07-03T16:58:24.458697,2,2,116.0,0.4,115.8,17,115.7,150,,,,,,,,,,,,,,,,,116.2,100,116.3,100,,,,,,,,,,,,,,,,
2026-07-03T16:58:24.463790+00:00,2026-07-03T16:58:24.463912,3,2,116.0,0.4,115.8,17,115.7,150,115.6,141,,,,,,,,,,,,,,,116.2,159,116.3,100,,,,,,,,,,,,,,,,
2026-07-03T16:58:24.575601+00:00,2026-07-03T16:58:24.575509,2,1,115.95,0.5,115.7,150,115.6,141,,,,,,,,,,,,,,,,,116.2,159,,,,,,,,,,,,,,,,,,
2026-07-03T16:58:24.634114+00:00,2026-07-03T16:58:24.634009,2,1,115.95,0.5,115.7,150,115.6,241,,,,,,,,,,,,,,,,,116.2,159,,,,,,,,,,,,,,,,,,
2026-07-03T16:58:24.658738+00:00,2026-07-03T16:58:24.650567,2,1,115.95,0.5,115.7,150,115.6,241,,,,,,,,,,,,,,,,,116.2,159,,,,,,,,,,,,,,,,,,
2026-07-03T16:58:24.704068+00:00,2026-07-03T16:58:24.703911,2,2,115.9,0.4,115.7,150,115.6,241,,,,,,,,,,,,,,,,,116.1,100,116.2,159,,,,,,,,,,,,,,,,
2026-07-03T16:58:24.858613+00:00,2026-07-03T16:58:24.857715,2,2,115.9,0.4,115.7,150,115.6,241,,,,,,,,,,,,,,,,,116.1,100,116.2,100,,,,,,,,,,,,,,,,
2026-07-03T16:58:24.868965+00:00,2026-07-03T16:58:24.868841,2,2,115.9,0.4,115.7,150,115.6,241,,,,,,,,,,,,,,,,,116.1,100,116.2,159,,,,,,,,,,,,,,,,
2026-07-03T16:58:25.071204+00:00,2026-07-03T16:58:25.071095,2,2,115.9,0.4,115.7,150,115.6,100,,,,,,,,,,,,,,,,,116.1,100,116.2,100,,,,,,,,,,,,,,,,
2026-07-03T16:58:25.076410+00:00,2026-07-03T16:58:25.076282,2,2,115.9,0.4,115.7,150,115.6,241,,,,,,,,,,,,,,,,,116.1,100,116.2,100,,,,,,,,,,,,,,,,
2026-07-03T16:58:25.081398+00:00,2026-07-03T16:58:25.081485,2,2,115.9,0.4,115.7,150,115.6,241,,,,,,,,,,,,,,,,,116.1,100,116.2,159,,,,,,,,,,,,,,,,
2026-07-03T16:58:25.306083+00:00,2026-07-03T16:58:25.305971,2,2,115.9,0.4,115.7,150,115.6,241,,,,,,,,,,,,,,,,,116.1,159,116.2,100,,,,,,,,,,,,,,,,
2026-07-03T16:58:25.511029+00:00,2026-07-03T16:58:25.510924,2,2,115.9,0.4,115.7,150,115.6,100,,,,,,,,,,,,,,,,,116.1,100,116.2,100,,,,,,,,,,,,,,,,
2026-07-03T16:58:25.516352+00:00,2026-07-03T16:58:25.516235,2,2,115.9,0.4,115.7,150,115.6,241,,,,,,,,,,,,,,,,,116.1,159,116.2,100,,,,,,,,,,,,,,,,
2026-07-03T16:58:25.706732+00:00,2026-07-03T16:58:25.706492,3,3,116.0,0.2,115.9,141,115.7,150,115.6,100,,,,,,,,,,,,,,,116.1,100,116.2,100,116.4,59,,,,,,,,,,,,,,
2026-07-03T16:58:25.742663+00:00,2026-07-03T16:58:25.742507,3,3,116.0,0.2,115.9,141,115.7,150,115.6,100,,,,,,,,,,,,,,,116.1,50,116.2,100,116.4,59,,,,,,,,,,,,,,
2026-07-03T16:58:25.829985+00:00,2026-07-03T16:58:25.830334,2,2,116.0,0.2,115.9,141,115.6,100,,,,,,,,,,,,,,,,,116.1,50,116.4,59,,,,,,,,,,,,,,,,
2026-07-03T16:58:25.885782+00:00,2026-07-03T16:58:25.885672,3,1,116.3,0.2,116.2,100,115.9,141,115.6,100,,,,,,,,,,,,,,,116.4,59,,,,,,,,,,,,,,,,,,
2026-07-03T16:58:25.919292+00:00,2026-07-03T16:58:25.919169,2,0,,,116.2,100,115.6,100,,,,,,,,,,,,,,,,,,,,,,,,,,,,,,,,,,,,
2026-07-03T16:58:25.924466+00:00,2026-07-03T16:58:25.924371,3,1,116.3,0.2,116.2,100,115.9,141,115.6,100,,,,,,,,,,,,,,,116.4,59,,,,,,,,,,,,,,,,,,
2026-07-03T16:58:25.958759+00:00,2026-07-03T16:58:25.958710,3,2,116.3,0.2,116.2,100,115.9,141,115.6,100,,,,,,,,,,,,,,,116.4,59,116.7,150,,,,,,,,,,,,,,,,
2026-07-03T16:58:26.130091+00:00,2026-07-03T16:58:26.130050,3,1,116.45,0.5,116.2,100,115.9,141,115.6,100,,,,,,,,,,,,,,,116.7,150,,,,,,,,,,,,,,,,,,
2026-07-03T16:58:26.135307+00:00,2026-07-03T16:58:26.135224,3,2,116.3,0.2,116.2,100,115.9,141,115.6,100,,,,,,,,,,,,,,,116.4,59,116.7,150,,,,,,,,,,,,,,,,
2026-07-03T16:58:26.335821+00:00,2026-07-03T16:58:26.335731,2,1,116.45,0.5,116.2,100,115.6,100,,,,,,,,,,,,,,,,,116.7,150,,,,,,,,,,,,,,,,,,
2026-07-03T16:58:26.340811+00:00,2026-07-03T16:58:26.340940,3,2,116.3,0.2,116.2,100,115.9,141,115.6,100,,,,,,,,,,,,,,,116.4,59,116.7,150,,,,,,,,,,,,,,,,
2026-07-03T16:58:26.358671+00:00,2026-07-03T16:58:26.347839,3,2,116.3,0.2,116.2,53,115.9,141,115.6,100,,,,,,,,,,,,,,,116.4,59,116.7,150,,,,,,,,,,,,,,,,
2026-07-03T16:58:26.558590+00:00,2026-07-03T16:58:26.552021,3,2,116.3,0.2,116.2,53,115.9,141,115.6,100,,,,,,,,,,,,,,,116.4,59,116.7,150,,,,,,,,,,,,,,,,
2026-07-03T16:58:26.758684+00:00,2026-07-03T16:58:26.755978,2,1,116.45,0.5,116.2,53,115.6,100,,,,,,,,,,,,,,,,,116.7,150,,,,,,,,,,,,,,,,,,
2026-07-03T16:58:26.768939+00:00,2026-07-03T16:58:26.768843,3,2,116.3,0.2,116.2,53,115.9,141,115.6,100,,,,,,,,,,,,,,,116.4,59,116.7,150,,,,,,,,,,,,,,,,
2026-07-03T16:58:26.974473+00:00,2026-07-03T16:58:26.974391,3,1,116.45,0.5,116.2,53,115.8,141,115.6,100,,,,,,,,,,,,,,,116.7,150,,,,,,,,,,,,,,,,,,
2026-07-03T16:58:26.979654+00:00,2026-07-03T16:58:26.979579,3,2,116.3,0.2,116.2,53,115.8,141,115.6,100,,,,,,,,,,,,,,,116.4,59,116.7,150,,,,,,,,,,,,,,,,
2026-07-03T16:58:27.183700+00:00,2026-07-03T16:58:27.183648,3,1,116.45,0.5,116.2,53,115.8,141,115.6,100,,,,,,,,,,,,,,,116.7,150,,,,,,,,,,,,,,,,,,
2026-07-03T16:58:27.209439+00:00,2026-07-03T16:58:27.209382,3,2,116.3,0.2,116.2,53,115.8,141,115.6,100,,,,,,,,,,,,,,,116.4,59,116.7,150,,,,,,,,,,,,,,,,
2026-07-03T16:58:27.392931+00:00,2026-07-03T16:58:27.393378,3,2,116.3,0.2,116.2,53,115.8,141,115.6,100,,,,,,,,,,,,,,,116.4,59,116.7,150,,,,,,,,,,,,,,,,
2026-07-03T16:58:27.619072+00:00,2026-07-03T16:58:27.618992,3,1,116.45,0.5,116.2,53,115.8,141,115.6,100,,,,,,,,,,,,,,,116.7,150,,,,,,,,,,,,,,,,,,
2026-07-03T16:58:27.624295+00:00,2026-07-03T16:58:27.624148,3,2,116.3,0.2,116.2,53,115.8,141,115.6,100,,,,,,,,,,,,,,,116.4,59,116.7,150,,,,,,,,,,,,,,,,
2026-07-03T16:58:27.753419+00:00,2026-07-03T16:58:27.753604,2,2,116.3,0.2,116.2,53,115.8,141,,,,,,,,,,,,,,,,,116.4,59,116.7,150,,,,,,,,,,,,,,,,
2026-07-03T16:58:27.831500+00:00,2026-07-03T16:58:27.831430,2,1,116.45,0.5,116.2,53,116.1,100,,,,,,,,,,,,,,,,,116.7,150,,,,,,,,,,,,,,,,,,
2026-07-03T16:58:27.836720+00:00,2026-07-03T16:58:27.836620,3,2,116.3,0.2,116.2,53,116.1,100,115.8,141,,,,,,,,,,,,,,,116.4,59,116.7,150,,,,,,,,,,,,,,,,
2026-07-03T16:58:27.858664+00:00,2026-07-03T16:58:27.857938,3,3,116.3,0.2,116.2,53,116.1,100,115.8,141,,,,,,,,,,,,,,,116.4,9,116.6,100,116.7,150,,,,,,,,,,,,,,
2026-07-03T16:58:28.021842+00:00,2026-07-03T16:58:28.021717,2,2,116.4,0.4,116.2,53,116.1,100,,,,,,,,,,,,,,,,,116.6,100,116.7,150,,,,,,,,,,,,,,,,
2026-07-03T16:58:28.027013+00:00,2026-07-03T16:58:28.026963,3,3,116.3,0.2,116.2,53,116.1,100,115.8,191,,,,,,,,,,,,,,,116.4,9,116.6,100,116.7,150,,,,,,,,,,,,,,
2026-07-03T16:58:28.230834+00:00,2026-07-03T16:58:28.231184,3,2,116.4,0.4,116.2,53,116.1,100,115.7,191,,,,,,,,,,,,,,,116.6,100,116.7,150,,,,,,,,,,,,,,,,
2026-07-03T16:58:28.268684+00:00,2026-07-03T16:58:28.269587,3,3,116.3,0.2,116.2,53,116.1,100,115.7,191,,,,,,,,,,,,,,,116.4,9,116.6,100,116.7,150,,,,,,,,,,,,,,
2026-07-03T16:58:28.494479+00:00,2026-07-03T16:58:28.494666,3,2,116.4,0.4,116.2,53,116.1,100,115.7,191,,,,,,,,,,,,,,,116.6,100,116.7,150,,,,,,,,,,,,,,,,
2026-07-03T16:58:28.499748+00:00,2026-07-03T16:58:28.499828,3,3,116.3,0.2,116.2,53,116.1,100,115.7,191,,,,,,,,,,,,,,,116.4,9,116.6,100,116.7,150,,,,,,,,,,,,,,
2026-07-03T16:58:28.687920+00:00,2026-07-03T16:58:28.687853,3,2,116.4,0.4,116.2,53,116.1,100,115.7,191,,,,,,,,,,,,,,,116.6,100,116.7,150,,,,,,,,,,,,,,,,
2026-07-03T16:58:28.693113+00:00,2026-07-03T16:58:28.693004,3,3,116.3,0.2,116.2,53,116.1,100,115.7,191,,,,,,,,,,,,,,,116.4,9,116.6,100,116.7,150,,,,,,,,,,,,,,
2026-07-03T16:58:28.890407+00:00,2026-07-03T16:58:28.890155,2,2,116.4,0.4,116.2,53,116.1,100,,,,,,,,,,,,,,,,,116.6,100,116.7,150,,,,,,,,,,,,,,,,
2026-07-03T16:58:28.901186+00:00,2026-07-03T16:58:28.901090,3,3,116.3,0.2,116.2,53,116.1,100,115.7,191,,,,,,,,,,,,,,,116.4,9,116.6,100,116.7,150,,,,,,,,,,,,,,
2026-07-03T16:58:28.922181+00:00,2026-07-03T16:58:28.910183,3,3,116.3,0.2,116.2,50,116.1,100,115.7,191,,,,,,,,,,,,,,,116.4,9,116.6,100,116.7,150,,,,,,,,,,,,,,
2026-07-03T16:58:28.995462+00:00,2026-07-03T16:58:28.995403,2,2,116.25,0.3,116.1,100,115.7,191,,,,,,,,,,,,,,,,,116.4,9,116.6,100,,,,,,,,,,,,,,,,
2026-07-03T16:58:29.052732+00:00,2026-07-03T16:58:29.052925,3,2,116.25,0.3,116.1,100,115.7,191,115.6,150,,,,,,,,,,,,,,,116.4,9,116.6,100,,,,,,,,,,,,,,,,
2026-07-03T16:58:29.095462+00:00,2026-07-03T16:58:29.095176,2,3,115.9,0.4,115.7,191,115.6,150,,,,,,,,,,,,,,,,,116.1,50,116.4,9,116.6,100,,,,,,,,,,,,,,
2026-07-03T16:58:29.108260+00:00,2026-07-03T16:58:29.107976,2,2,115.9,0.4,115.7,191,115.6,150,,,,,,,,,,,,,,,,,116.1,50,116.6,100,,,,,,,,,,,,,,,,
2026-07-03T16:58:29.129767+00:00,2026-07-03T16:58:29.129642,2,3,115.9,0.4,115.7,191,115.6,150,,,,,,,,,,,,,,,,,116.1,50,116.3,9,116.6,100,,,,,,,,,,,,,,
2026-07-03T16:58:29.322552+00:00,2026-07-03T16:58:29.322465,2,2,115.9,0.4,115.7,191,115.6,150,,,,,,,,,,,,,,,,,116.1,50,116.6,100,,,,,,,,,,,,,,,,
2026-07-03T16:58:29.327746+00:00,2026-07-03T16:58:29.327617,2,3,115.9,0.4,115.7,191,115.6,150,,,,,,,,,,,,,,,,,116.1,50,116.3,9,116.6,100,,,,,,,,,,,,,,
2026-07-03T16:58:29.543166+00:00,2026-07-03T16:58:29.543060,2,3,115.95,0.3,115.8,191,115.6,150,,,,,,,,,,,,,,,,,116.1,50,116.3,9,116.6,100,,,,,,,,,,,,,,
2026-07-03T16:58:29.744360+00:00,2026-07-03T16:58:29.744534,1,2,115.85,0.5,115.6,150,,,,,,,,,,,,,,,,,,,116.1,50,116.6,100,,,,,,,,,,,,,,,,
2026-07-03T16:58:29.749779+00:00,2026-07-03T16:58:29.749719,2,3,115.95,0.3,115.8,191,115.6,150,,,,,,,,,,,,,,,,,116.1,50,116.3,9,116.6,100,,,,,,,,,,,,,,
2026-07-03T16:58:29.958564+00:00,2026-07-03T16:58:29.954332,2,2,116.05,0.5,115.8,191,115.6,150,,,,,,,,,,,,,,,,,116.3,9,116.6,100,,,,,,,,,,,,,,,,
2026-07-03T16:58:30.166688+00:00,2026-07-03T16:58:30.166640,2,1,116.2,0.8,115.8,191,115.6,150,,,,,,,,,,,,,,,,,116.6,100,,,,,,,,,,,,,,,,,,
2026-07-03T16:58:30.171815+00:00,2026-07-03T16:58:30.171787,2,2,116.05,0.5,115.8,191,115.6,150,,,,,,,,,,,,,,,,,116.3,9,116.6,100,,,,,,,,,,,,,,,,
2026-07-03T16:58:30.374353+00:00,2026-07-03T16:58:30.374319,1,1,116.1,1.0,115.6,150,,,,,,,,,,,,,,,,,,,116.6,100,,,,,,,,,,,,,,,,,,
2026-07-03T16:58:30.379382+00:00,2026-07-03T16:58:30.379500,2,2,116.05,0.5,115.8,191,115.6,150,,,,,,,,,,,,,,,,,116.3,9,116.6,100,,,,,,,,,,,,,,,,
2026-07-03T16:58:30.577464+00:00,2026-07-03T16:58:30.577378,2,1,116.2,0.8,115.8,191,115.6,150,,,,,,,,,,,,,,,,,116.6,100,,,,,,,,,,,,,,,,,,
2026-07-03T16:58:30.598154+00:00,2026-07-03T16:58:30.598040,2,2,116.05,0.5,115.8,191,115.6,150,,,,,,,,,,,,,,,,,116.3,9,116.6,100,,,,,,,,,,,,,,,,
2026-07-03T16:58:30.796351+00:00,2026-07-03T16:58:30.796499,2,1,116.2,0.8,115.8,191,115.6,150,,,,,,,,,,,,,,,,,116.6,100,,,,,,,,,,,,,,,,,,
2026-07-03T16:58:30.801861+00:00,2026-07-03T16:58:30.801750,2,2,116.05,0.5,115.8,191,115.6,150,,,,,,,,,,,,,,,,,116.3,9,116.6,100,,,,,,,,,,,,,,,,
2026-07-03T16:58:30.922381+00:00,2026-07-03T16:58:30.911901,2,1,116.05,0.5,115.8,191,115.6,150,,,,,,,,,,,,,,,,,116.3,9,,,,,,,,,,,,,,,,,,
2026-07-03T16:58:30.984220+00:00,2026-07-03T16:58:30.983968,3,1,116.05,0.5,115.8,191,115.7,100,115.6,150,,,,,,,,,,,,,,,116.3,9,,,,,,,,,,,,,,,,,,
2026-07-03T16:58:30.999815+00:00,2026-07-03T16:58:30.999611,2,0,,,115.7,291,115.6,150,,,,,,,,,,,,,,,,,,,,,,,,,,,,,,,,,,,,
2026-07-03T16:58:31.010648+00:00,2026-07-03T16:58:31.010777,2,1,116.0,0.6,115.7,291,115.6,150,,,,,,,,,,,,,,,,,116.3,9,,,,,,,,,,,,,,,,,,
2026-07-03T16:58:31.025945+00:00,2026-07-03T16:58:31.025859,2,2,115.95,0.5,115.7,291,115.6,150,,,,,,,,,,,,,,,,,116.2,100,116.3,9,,,,,,,,,,,,,,,,
2026-07-03T16:58:31.208378+00:00,2026-07-03T16:58:31.208722,2,1,115.95,0.5,115.7,291,115.6,150,,,,,,,,,,,,,,,,,116.2,100,,,,,,,,,,,,,,,,,,
2026-07-03T16:58:31.215350+00:00,2026-07-03T16:58:31.215192,2,2,115.95,0.5,115.7,291,115.6,150,,,,,,,,,,,,,,,,,116.2,100,116.3,9,,,,,,,,,,,,,,,,
2026-07-03T16:58:31.418424+00:00,2026-07-03T16:58:31.418244,2,1,115.95,0.5,115.7,291,115.6,150,,,,,,,,,,,,,,,,,116.2,100,,,,,,,,,,,,,,,,,,
2026-07-03T16:58:31.440500+00:00,2026-07-03T16:58:31.440608,2,2,115.95,0.5,115.7,291,115.6,150,,,,,,,,,,,,,,,,,116.2,100,116.3,9,,,,,,,,,,,,,,,,
2026-07-03T16:58:31.628696+00:00,2026-07-03T16:58:31.628672,2,1,115.95,0.5,115.7,291,115.6,150,,,,,,,,,,,,,,,,,116.2,100,,,,,,,,,,,,,,,,,,
2026-07-03T16:58:31.633964+00:00,2026-07-03T16:58:31.633865,2,2,115.95,0.5,115.7,291,115.6,150,,,,,,,,,,,,,,,,,116.2,100,116.3,9,,,,,,,,,,,,,,,,
2026-07-03T16:58:31.841882+00:00,2026-07-03T16:58:31.841790,2,1,115.95,0.5,115.7,291,115.6,150,,,,,,,,,,,,,,,,,116.2,100,,,,,,,,,,,,,,,,,,
2026-07-03T16:58:31.847032+00:00,2026-07-03T16:58:31.846947,2,2,115.95,0.5,115.7,291,115.6,150,,,,,,,,,,,,,,,,,116.2,100,116.3,9,,,,,,,,,,,,,,,,
2026-07-03T16:58:32.058601+00:00,2026-07-03T16:58:32.054790,2,2,115.95,0.5,115.7,291,115.6,150,,,,,,,,,,,,,,,,,116.2,100,116.3,9,,,,,,,,,,,,,,,,
2026-07-03T16:58:32.113036+00:00,2026-07-03T16:58:32.112744,2,2,115.95,0.5,115.7,241,115.6,150,,,,,,,,,,,,,,,,,116.2,100,116.3,9,,,,,,,,,,,,,,,,
2026-07-03T16:58:32.158924+00:00,2026-07-03T16:58:32.158801,1,2,115.95,0.5,115.7,241,,,,,,,,,,,,,,,,,,,116.2,100,116.3,9,,,,,,,,,,,,,,,,
2026-07-03T16:58:32.224491+00:00,2026-07-03T16:58:32.216974,2,1,116.25,0.1,116.2,39,115.7,241,,,,,,,,,,,,,,,,,116.3,9,,,,,,,,,,,,,,,,,,
2026-07-03T16:58:32.279220+00:00,2026-07-03T16:58:32.279378,2,1,116.45,0.5,116.2,39,115.7,50,,,,,,,,,,,,,,,,,116.7,150,,,,,,,,,,,,,,,,,,
2026-07-03T16:58:32.284895+00:00,2026-07-03T16:58:32.284680,2,1,116.45,0.5,116.2,30,115.7,250,,,,,,,,,,,,,,,,,116.7,150,,,,,,,,,,,,,,,,,,
2026-07-03T16:58:32.486522+00:00,2026-07-03T16:58:32.486457,2,1,116.45,0.5,116.2,30,115.7,250,,,,,,,,,,,,,,,,,116.7,150,,,,,,,,,,,,,,,,,,
2026-07-03T16:58:32.693977+00:00,2026-07-03T16:58:32.694165,3,1,116.45,0.5,116.2,30,115.7,50,115.5,200,,,,,,,,,,,,,,,116.7,150,,,,,,,,,,,,,,,,,,
2026-07-03T16:58:32.911308+00:00,2026-07-03T16:58:32.910971,3,1,116.45,0.5,116.2,30,115.7,50,115.5,200,,,,,,,,,,,,,,,116.7,150,,,,,,,,,,,,,,,,,,
2026-07-03T16:58:33.117527+00:00,2026-07-03T16:58:33.117315,3,1,116.45,0.5,116.2,30,115.7,50,115.5,200,,,,,,,,,,,,,,,116.7,150,,,,,,,,,,,,,,,,,,
2026-07-03T16:58:33.312475+00:00,2026-07-03T16:58:33.312430,3,1,116.45,0.5,116.2,30,115.7,50,115.5,200,,,,,,,,,,,,,,,116.7,150,,,,,,,,,,,,,,,,,,
2026-07-03T16:58:33.428696+00:00,2026-07-03T16:58:33.422377,3,1,116.45,0.5,116.2,18,115.7,50,115.5,200,,,,,,,,,,,,,,,116.7,150,,,,,,,,,,,,,,,,,,
2026-07-03T16:58:33.534363+00:00,2026-07-03T16:58:33.534306,2,1,116.45,0.5,116.2,18,115.7,50,,,,,,,,,,,,,,,,,116.7,150,,,,,,,,,,,,,,,,,,
2026-07-03T16:58:33.539581+00:00,2026-07-03T16:58:33.539489,3,1,116.45,0.5,116.2,18,115.7,50,115.5,200,,,,,,,,,,,,,,,116.7,150,,,,,,,,,,,,,,,,,,
2026-07-03T16:58:33.764831+00:00,2026-07-03T16:58:33.764478,3,1,116.45,0.5,116.2,18,115.7,50,115.5,200,,,,,,,,,,,,,,,116.7,150,,,,,,,,,,,,,,,,,,
2026-07-03T16:58:33.936840+00:00,2026-07-03T16:58:33.936789,3,1,116.45,0.5,116.2,18,115.7,50,115.5,200,,,,,,,,,,,,,,,116.7,150,,,,,,,,,,,,,,,,,,
2026-07-03T16:58:34.079175+00:00,2026-07-03T16:58:34.079112,2,1,116.45,0.5,116.2,18,115.5,200,,,,,,,,,,,,,,,,,116.7,150,,,,,,,,,,,,,,,,,,
2026-07-03T16:58:34.134187+00:00,2026-07-03T16:58:34.134103,3,1,116.45,0.5,116.2,18,115.6,100,115.5,200,,,,,,,,,,,,,,,116.7,150,,,,,,,,,,,,,,,,,,
2026-07-03T16:58:34.139362+00:00,2026-07-03T16:58:34.139263,2,1,116.45,0.5,116.2,18,115.6,100,,,,,,,,,,,,,,,,,116.7,150,,,,,,,,,,,,,,,,,,
2026-07-03T16:58:34.144736+00:00,2026-07-03T16:58:34.144457,3,1,116.45,0.5,116.2,18,115.6,100,115.5,200,,,,,,,,,,,,,,,116.7,150,,,,,,,,,,,,,,,,,,
2026-07-03T16:58:34.187609+00:00,2026-07-03T16:58:34.187486,2,2,115.85,0.5,115.6,100,115.5,200,,,,,,,,,,,,,,,,,116.1,82,116.7,150,,,,,,,,,,,,,,,,
2026-07-03T16:58:34.235126+00:00,2026-07-03T16:58:34.235076,2,2,115.85,0.5,115.6,50,115.5,200,,,,,,,,,,,,,,,,,116.1,82,116.7,150,,,,,,,,,,,,,,,,
2026-07-03T16:58:34.346714+00:00,2026-07-03T16:58:34.346878,2,2,115.85,0.5,115.6,50,115.5,200,,,,,,,,,,,,,,,,,116.1,82,116.7,150,,,,,,,,,,,,,,,,
2026-07-03T16:58:34.555225+00:00,2026-07-03T16:58:34.555437,2,2,115.85,0.5,115.6,50,115.5,200,,,,,,,,,,,,,,,,,116.1,82,116.7,150,,,,,,,,,,,,,,,,
2026-07-03T16:58:34.779741+00:00,2026-07-03T16:58:34.779647,2,2,115.85,0.5,115.6,50,115.4,200,,,,,,,,,,,,,,,,,116.1,82,116.7,150,,,,,,,,,,,,,,,,
2026-07-03T16:58:34.958668+00:00,2026-07-03T16:58:34.957826,1,2,115.85,0.5,115.6,50,,,,,,,,,,,,,,,,,,,116.1,82,116.7,150,,,,,,,,,,,,,,,,
2026-07-03T16:58:34.971283+00:00,2026-07-03T16:58:34.970939,2,2,115.85,0.5,115.6,50,115.4,200,,,,,,,,,,,,,,,,,116.1,82,116.7,150,,,,,,,,,,,,,,,,
2026-07-03T16:58:35.184018+00:00,2026-07-03T16:58:35.183950,2,2,115.85,0.5,115.6,50,115.4,200,,,,,,,,,,,,,,,,,116.1,82,116.7,150,,,,,,,,,,,,,,,,
2026-07-03T16:58:35.328926+00:00,2026-07-03T16:58:35.317545,2,1,115.85,0.5,115.6,50,115.4,200,,,,,,,,,,,,,,,,,116.1,82,,,,,,,,,,,,,,,,,,
2026-07-03T16:58:35.382750+00:00,2026-07-03T16:58:35.382646,2,1,115.85,0.5,115.6,50,115.3,150,,,,,,,,,,,,,,,,,116.1,82,,,,,,,,,,,,,,,,,,
2026-07-03T16:58:35.387963+00:00,2026-07-03T16:58:35.387806,3,1,115.85,0.5,115.6,50,115.4,200,115.3,150,,,,,,,,,,,,,,,116.1,82,,,,,,,,,,,,,,,,,,
2026-07-03T16:58:35.450123+00:00,2026-07-03T16:58:35.443482,3,2,115.7,0.2,115.6,50,115.4,200,115.3,150,,,,,,,,,,,,,,,115.8,138,116.1,82,,,,,,,,,,,,,,,,
2026-07-03T16:58:35.595498+00:00,2026-07-03T16:58:35.595376,2,2,115.7,0.2,115.6,50,115.3,350,,,,,,,,,,,,,,,,,115.8,138,116.1,82,,,,,,,,,,,,,,,,
2026-07-03T16:58:35.791639+00:00,2026-07-03T16:58:35.791586,2,2,115.7,0.2,115.6,50,115.3,350,,,,,,,,,,,,,,,,,115.8,138,116.1,82,,,,,,,,,,,,,,,,
2026-07-03T16:58:35.997671+00:00,2026-07-03T16:58:35.997863,2,2,115.7,0.2,115.6,50,115.3,350,,,,,,,,,,,,,,,,,115.8,138,116.1,82,,,,,,,,,,,,,,,,
2026-07-03T16:58:36.204846+00:00,2026-07-03T16:58:36.204776,3,2,115.7,0.2,115.6,50,115.4,200,115.3,150,,,,,,,,,,,,,,,115.8,138,116.1,82,,,,,,,,,,,,,,,,
2026-07-03T16:58:36.337332+00:00,2026-07-03T16:58:36.337271,2,2,115.6,0.4,115.4,200,115.3,150,,,,,,,,,,,,,,,,,115.8,138,116.1,82,,,,,,,,,,,,,,,,
2026-07-03T16:58:36.408435+00:00,2026-07-03T16:58:36.408386,1,2,115.55,0.5,115.3,150,,,,,,,,,,,,,,,,,,,115.8,138,116.1,82,,,,,,,,,,,,,,,,
2026-07-03T16:58:36.413673+00:00,2026-07-03T16:58:36.413624,2,2,115.6,0.4,115.4,200,115.3,150,,,,,,,,,,,,,,,,,115.8,138,116.1,82,,,,,,,,,,,,,,,,
2026-07-03T16:58:36.617356+00:00,2026-07-03T16:58:36.617319,2,2,115.6,0.4,115.4,200,115.3,150,,,,,,,,,,,,,,,,,115.8,138,116.1,82,,,,,,,,,,,,,,,,
2026-07-03T16:58:36.833630+00:00,2026-07-03T16:58:36.833543,2,2,115.6,0.4,115.4,200,115.3,150,,,,,,,,,,,,,,,,,115.8,138,116.1,82,,,,,,,,,,,,,,,,
2026-07-03T16:58:37.025194+00:00,2026-07-03T16:58:37.024958,2,2,115.6,0.4,115.4,200,115.3,150,,,,,,,,,,,,,,,,,115.8,138,116.1,82,,,,,,,,,,,,,,,,
2026-07-03T16:58:37.234919+00:00,2026-07-03T16:58:37.234769,2,1,115.6,0.4,115.4,200,115.3,150,,,,,,,,,,,,,,,,,115.8,138,,,,,,,,,,,,,,,,,,
2026-07-03T16:58:37.336293+00:00,2026-07-03T16:58:37.336447,2,1,115.6,0.4,115.4,200,115.3,250,,,,,,,,,,,,,,,,,115.8,138,,,,,,,,,,,,,,,,,,
2026-07-03T16:58:37.358888+00:00,2026-07-03T16:58:37.347843,2,1,115.6,0.4,115.4,200,115.3,250,,,,,,,,,,,,,,,,,115.8,238,,,,,,,,,,,,,,,,,,
2026-07-03T16:58:37.373857+00:00,2026-07-03T16:58:37.367661,2,1,115.6,0.4,115.4,200,115.3,250,,,,,,,,,,,,,,,,,115.8,227,,,,,,,,,,,,,,,,,,
2026-07-03T16:58:37.437539+00:00,2026-07-03T16:58:37.437707,1,1,115.55,0.5,115.3,250,,,,,,,,,,,,,,,,,,,115.8,227,,,,,,,,,,,,,,,,,,
2026-07-03T16:58:37.453306+00:00,2026-07-03T16:58:37.453238,2,1,115.65,0.3,115.5,200,115.3,250,,,,,,,,,,,,,,,,,115.8,227,,,,,,,,,,,,,,,,,,
2026-07-03T16:58:37.658617+00:00,2026-07-03T16:58:37.654045,2,1,115.65,0.3,115.5,200,115.3,250,,,,,,,,,,,,,,,,,115.8,227,,,,,,,,,,,,,,,,,,
2026-07-03T16:58:37.867430+00:00,2026-07-03T16:58:37.867320,2,1,115.65,0.3,115.5,200,115.3,250,,,,,,,,,,,,,,,,,115.8,227,,,,,,,,,,,,,,,,,,
2026-07-03T16:58:38.073915+00:00,2026-07-03T16:58:38.073809,2,1,115.65,0.3,115.5,200,115.3,250,,,,,,,,,,,,,,,,,115.8,227,,,,,,,,,,,,,,,,,,
2026-07-03T16:58:38.294925+00:00,2026-07-03T16:58:38.295136,2,1,115.65,0.3,115.5,200,115.3,250,,,,,,,,,,,,,,,,,115.8,227,,,,,,,,,,,,,,,,,,
2026-07-03T16:58:38.445478+00:00,2026-07-03T16:58:38.434798,2,1,115.65,0.3,115.5,150,115.3,250,,,,,,,,,,,,,,,,,115.8,227,,,,,,,,,,,,,,,,,,
2026-07-03T16:58:38.504515+00:00,2026-07-03T16:58:38.504415,2,2,115.65,0.3,115.5,150,115.3,100,,,,,,,,,,,,,,,,,115.8,100,116.1,50,,,,,,,,,,,,,,,,
2026-07-03T16:58:38.537022+00:00,2026-07-03T16:58:38.537153,2,2,115.65,0.3,115.5,300,115.3,100,,,,,,,,,,,,,,,,,115.8,100,116.1,50,,,,,,,,,,,,,,,,
2026-07-03T16:58:38.585651+00:00,2026-07-03T16:58:38.585542,2,3,115.65,0.3,115.5,300,115.3,100,,,,,,,,,,,,,,,,,115.8,100,116.0,150,116.1,50,,,,,,,,,,,,,,
2026-07-03T16:58:38.715809+00:00,2026-07-03T16:58:38.715769,2,3,115.65,0.3,115.5,300,115.3,100,,,,,,,,,,,,,,,,,115.8,100,116.0,150,116.1,50,,,,,,,,,,,,,,
2026-07-03T16:58:38.902541+00:00,2026-07-03T16:58:38.902404,2,2,115.65,0.3,115.5,300,115.3,100,,,,,,,,,,,,,,,,,115.8,100,116.0,150,,,,,,,,,,,,,,,,
2026-07-03T16:58:38.922908+00:00,2026-07-03T16:58:38.923053,2,3,115.65,0.3,115.5,300,115.3,100,,,,,,,,,,,,,,,,,115.8,100,116.0,150,116.1,50,,,,,,,,,,,,,,
2026-07-03T16:58:39.114627+00:00,2026-07-03T16:58:39.114516,2,2,115.65,0.3,115.5,150,115.3,100,,,,,,,,,,,,,,,,,115.8,100,116.0,150,,,,,,,,,,,,,,,,
2026-07-03T16:58:39.120353+00:00,2026-07-03T16:58:39.120235,2,2,115.65,0.3,115.5,300,115.3,100,,,,,,,,,,,,,,,,,115.8,100,116.0,150,,,,,,,,,,,,,,,,
2026-07-03T16:58:39.158551+00:00,2026-07-03T16:58:39.157002,2,3,115.65,0.3,115.5,300,115.3,100,,,,,,,,,,,,,,,,,115.8,100,116.0,150,116.1,50,,,,,,,,,,,,,,
2026-07-03T16:58:39.358750+00:00,2026-07-03T16:58:39.358648,2,3,115.65,0.3,115.5,300,115.3,100,,,,,,,,,,,,,,,,,115.8,100,116.0,150,116.1,50,,,,,,,,,,,,,,
2026-07-03T16:58:39.558573+00:00,2026-07-03T16:58:39.557498,2,2,115.65,0.3,115.5,300,115.3,100,,,,,,,,,,,,,,,,,115.8,100,116.0,150,,,,,,,,,,,,,,,,
2026-07-03T16:58:39.575954+00:00,2026-07-03T16:58:39.575511,2,3,115.65,0.3,115.5,300,115.3,100,,,,,,,,,,,,,,,,,115.8,100,116.0,150,116.1,50,,,,,,,,,,,,,,
2026-07-03T16:58:39.780268+00:00,2026-07-03T16:58:39.780169,2,2,115.65,0.3,115.5,150,115.3,100,,,,,,,,,,,,,,,,,115.8,100,116.0,150,,,,,,,,,,,,,,,,
2026-07-03T16:58:39.806494+00:00,2026-07-03T16:58:39.806377,2,3,115.65,0.3,115.5,300,115.3,100,,,,,,,,,,,,,,,,,115.8,100,116.0,150,116.1,50,,,,,,,,,,,,,,
2026-07-03T16:58:39.998212+00:00,2026-07-03T16:58:39.998130,2,2,115.65,0.3,115.5,300,115.3,100,,,,,,,,,,,,,,,,,115.8,100,116.0,150,,,,,,,,,,,,,,,,
2026-07-03T16:58:40.003689+00:00,2026-07-03T16:58:40.003609,3,2,115.65,0.3,115.5,150,115.4,150,115.3,100,,,,,,,,,,,,,,,115.8,100,116.0,200,,,,,,,,,,,,,,,,
2026-07-03T16:58:40.098232+00:00,2026-07-03T16:58:40.098126,3,2,115.65,0.3,115.5,150,115.4,150,115.3,100,,,,,,,,,,,,,,,115.8,55,116.0,200,,,,,,,,,,,,,,,,
2026-07-03T16:58:40.212697+00:00,2026-07-03T16:58:40.212611,3,2,115.65,0.3,115.5,150,115.4,150,115.3,100,,,,,,,,,,,,,,,115.8,55,116.0,150,,,,,,,,,,,,,,,,
2026-07-03T16:58:40.217857+00:00,2026-07-03T16:58:40.217780,3,2,115.65,0.3,115.5,150,115.4,150,115.3,100,,,,,,,,,,,,,,,115.8,55,116.0,200,,,,,,,,,,,,,,,,
2026-07-03T16:58:40.417919+00:00,2026-07-03T16:58:40.417807,2,1,115.75,0.5,115.5,150,115.4,150,,,,,,,,,,,,,,,,,116.0,150,,,,,,,,,,,,,,,,,,
2026-07-03T16:58:40.438975+00:00,2026-07-03T16:58:40.438853,2,1,115.75,0.5,115.5,150,115.4,150,,,,,,,,,,,,,,,,,116.0,200,,,,,,,,,,,,,,,,,,
2026-07-03T16:58:40.459182+00:00,2026-07-03T16:58:40.459028,2,1,115.75,0.5,115.5,150,115.4,250,,,,,,,,,,,,,,,,,116.0,200,,,,,,,,,,,,,,,,,,
2026-07-03T16:58:40.505946+00:00,2026-07-03T16:58:40.505916,2,2,115.7,0.4,115.5,150,115.4,250,,,,,,,,,,,,,,,,,115.9,100,116.0,200,,,,,,,,,,,,,,,,
2026-07-03T16:58:40.574314+00:00,2026-07-03T16:58:40.574106,2,2,115.7,0.4,115.5,100,115.4,250,,,,,,,,,,,,,,,,,115.9,100,116.0,200,,,,,,,,,,,,,,,,
2026-07-03T16:58:40.629817+00:00,2026-07-03T16:58:40.629547,2,2,115.7,0.4,115.5,100,115.4,100,,,,,,,,,,,,,,,,,115.9,100,116.0,150,,,,,,,,,,,,,,,,
2026-07-03T16:58:40.658586+00:00,2026-07-03T16:58:40.655494,2,2,115.7,0.4,115.5,100,115.4,250,,,,,,,,,,,,,,,,,115.9,100,116.0,200,,,,,,,,,,,,,,,,
2026-07-03T16:58:40.847656+00:00,2026-07-03T16:58:40.847636,2,2,115.7,0.4,115.5,100,115.4,250,,,,,,,,,,,,,,,,,115.9,100,116.0,200,,,,,,,,,,,,,,,,
2026-07-03T16:58:41.058616+00:00,2026-07-03T16:58:41.047041,2,2,115.7,0.4,115.5,100,115.4,250,,,,,,,,,,,,,,,,,115.9,100,116.0,150,,,,,,,,,,,,,,,,
2026-07-03T16:58:41.063839+00:00,2026-07-03T16:58:41.063792,2,2,115.7,0.4,115.5,100,115.4,250,,,,,,,,,,,,,,,,,115.9,100,116.0,150,,,,,,,,,,,,,,,,
2026-07-03T16:58:41.069034+00:00,2026-07-03T16:58:41.068989,2,2,115.7,0.4,115.5,100,115.4,250,,,,,,,,,,,,,,,,,115.9,100,116.0,200,,,,,,,,,,,,,,,,
2026-07-03T16:58:41.255037+00:00,2026-07-03T16:58:41.257193,2,2,115.7,0.4,115.5,100,115.4,250,,,,,,,,,,,,,,,,,115.9,100,116.0,200,,,,,,,,,,,,,,,,
2026-07-03T16:58:41.469345+00:00,2026-07-03T16:58:41.469251,3,2,115.7,0.4,115.5,100,115.4,100,115.3,150,,,,,,,,,,,,,,,115.9,150,116.0,150,,,,,,,,,,,,,,,,
2026-07-03T16:58:41.640525+00:00,2026-07-03T16:58:41.640456,2,1,115.65,0.5,115.4,100,115.3,150,,,,,,,,,,,,,,,,,115.9,150,,,,,,,,,,,,,,,,,,
2026-07-03T16:58:41.685728+00:00,2026-07-03T16:58:41.685614,2,1,115.65,0.5,115.4,100,115.3,150,,,,,,,,,,,,,,,,,115.9,100,,,,,,,,,,,,,,,,,,
2026-07-03T16:58:41.691015+00:00,2026-07-03T16:58:41.690803,2,1,115.65,0.5,115.4,100,115.3,150,,,,,,,,,,,,,,,,,115.9,150,,,,,,,,,,,,,,,,,,
2026-07-03T16:58:41.695946+00:00,2026-07-03T16:58:41.696103,3,1,115.65,0.5,115.4,100,115.3,150,115.1,150,,,,,,,,,,,,,,,115.9,150,,,,,,,,,,,,,,,,,,
2026-07-03T16:58:41.746009+00:00,2026-07-03T16:58:41.746203,3,2,115.5,0.2,115.4,100,115.3,150,115.1,150,,,,,,,,,,,,,,,115.6,150,115.9,150,,,,,,,,,,,,,,,,
2026-07-03T16:58:41.890567+00:00,2026-07-03T16:58:41.890505,3,2,115.5,0.2,115.4,100,115.3,150,115.1,150,,,,,,,,,,,,,,,115.6,150,115.9,100,,,,,,,,,,,,,,,,
2026-07-03T16:58:41.895759+00:00,2026-07-03T16:58:41.895694,3,2,115.5,0.2,115.4,100,115.3,150,115.1,150,,,,,,,,,,,,,,,115.6,150,115.9,150,,,,,,,,,,,,,,,,
2026-07-03T16:58:42.095437+00:00,2026-07-03T16:58:42.095401,3,2,115.5,0.2,115.4,100,115.3,150,115.1,150,,,,,,,,,,,,,,,115.6,150,115.9,100,,,,,,,,,,,,,,,,
2026-07-03T16:58:42.100703+00:00,2026-07-03T16:58:42.100632,3,2,115.5,0.2,115.4,100,115.3,150,115.1,150,,,,,,,,,,,,,,,115.6,150,115.9,100,,,,,,,,,,,,,,,,
2026-07-03T16:58:42.105901+00:00,2026-07-03T16:58:42.105804,3,2,115.5,0.2,115.4,100,115.3,150,115.1,150,,,,,,,,,,,,,,,115.6,150,115.9,150,,,,,,,,,,,,,,,,
2026-07-03T16:58:42.310132+00:00,2026-07-03T16:58:42.310082,3,2,115.5,0.2,115.4,100,115.3,150,115.1,150,,,,,,,,,,,,,,,115.6,150,115.9,100,,,,,,,,,,,,,,,,
2026-07-03T16:58:42.315283+00:00,2026-07-03T16:58:42.315242,3,2,115.5,0.2,115.4,100,115.3,150,115.1,150,,,,,,,,,,,,,,,115.6,150,115.9,150,,,,,,,,,,,,,,,,
2026-07-03T16:58:42.519876+00:00,2026-07-03T16:58:42.519849,3,2,115.5,0.2,115.4,100,115.3,150,115.1,150,,,,,,,,,,,,,,,115.6,150,115.9,100,,,,,,,,,,,,,,,,
2026-07-03T16:58:42.525111+00:00,2026-07-03T16:58:42.525025,3,2,115.5,0.2,115.4,100,115.3,150,115.1,150,,,,,,,,,,,,,,,115.6,150,115.9,150,,,,,,,,,,,,,,,,
2026-07-03T16:58:42.659611+00:00,2026-07-03T16:58:42.659789,3,2,115.5,0.2,115.4,50,115.3,150,115.1,150,,,,,,,,,,,,,,,115.6,150,115.9,150,,,,,,,,,,,,,,,,
2026-07-03T16:58:42.729397+00:00,2026-07-03T16:58:42.729589,3,2,115.5,0.2,115.4,50,115.3,150,115.1,150,,,,,,,,,,,,,,,115.6,150,115.9,100,,,,,,,,,,,,,,,,
2026-07-03T16:58:42.734846+00:00,2026-07-03T16:58:42.734749,3,2,115.5,0.2,115.4,50,115.3,150,115.1,150,,,,,,,,,,,,,,,115.6,150,115.9,150,,,,,,,,,,,,,,,,
2026-07-03T16:58:42.939466+00:00,2026-07-03T16:58:42.939422,2,2,115.5,0.2,115.4,50,115.1,150,,,,,,,,,,,,,,,,,115.6,150,115.9,100,,,,,,,,,,,,,,,,
2026-07-03T16:58:42.944502+00:00,2026-07-03T16:58:42.944630,3,2,115.5,0.2,115.4,50,115.3,150,115.1,150,,,,,,,,,,,,,,,115.6,150,115.9,150,,,,,,,,,,,,,,,,
2026-07-03T16:58:43.158631+00:00,2026-07-03T16:58:43.155355,3,2,115.5,0.2,115.4,50,115.3,150,115.1,150,,,,,,,,,,,,,,,115.6,150,115.9,150,,,,,,,,,,,,,,,,
2026-07-03T16:58:43.348489+00:00,2026-07-03T16:58:43.359086,2,2,115.5,0.2,115.4,50,115.1,150,,,,,,,,,,,,,,,,,115.6,150,115.9,100,,,,,,,,,,,,,,,,
2026-07-03T16:58:43.412212+00:00,2026-07-03T16:58:43.412104,3,2,115.5,0.2,115.4,50,115.3,150,115.1,150,,,,,,,,,,,,,,,115.6,150,115.9,150,,,,,,,,,,,,,,,,
2026-07-03T16:58:43.555213+00:00,2026-07-03T16:58:43.555657,2,2,115.45,0.3,115.3,150,115.1,150,,,,,,,,,,,,,,,,,115.6,150,115.9,50,,,,,,,,,,,,,,,,
2026-07-03T16:58:43.625487+00:00,2026-07-03T16:58:43.625341,1,1,115.35,0.5,115.1,150,,,,,,,,,,,,,,,,,,,115.6,150,,,,,,,,,,,,,,,,,,
2026-07-03T16:58:43.630828+00:00,2026-07-03T16:58:43.630733,3,2,115.45,0.3,115.3,150,115.2,100,115.1,150,,,,,,,,,,,,,,,115.6,150,115.9,50,,,,,,,,,,,,,,,,
2026-07-03T16:58:43.684526+00:00,2026-07-03T16:58:43.684465,3,3,115.45,0.3,115.3,150,115.2,100,115.1,150,,,,,,,,,,,,,,,115.6,150,115.7,100,115.9,50,,,,,,,,,,,,,,
2026-07-03T16:58:43.812362+00:00,2026-07-03T16:58:43.812222,2,2,115.4,0.4,115.2,100,115.1,150,,,,,,,,,,,,,,,,,115.6,150,115.7,100,,,,,,,,,,,,,,,,
2026-07-03T16:58:43.817593+00:00,2026-07-03T16:58:43.817494,3,2,115.45,0.3,115.3,150,115.2,100,115.1,150,,,,,,,,,,,,,,,115.6,150,115.7,100,,,,,,,,,,,,,,,,
2026-07-03T16:58:43.822804+00:00,2026-07-03T16:58:43.822680,3,3,115.45,0.3,115.3,150,115.2,100,115.1,150,,,,,,,,,,,,,,,115.6,150,115.7,100,115.9,50,,,,,,,,,,,,,,
2026-07-03T16:58:44.024987+00:00,2026-07-03T16:58:44.024883,2,2,115.4,0.4,115.2,250,115.1,150,,,,,,,,,,,,,,,,,115.6,150,115.7,100,,,,,,,,,,,,,,,,
2026-07-03T16:58:44.030104+00:00,2026-07-03T16:58:44.030064,2,2,115.4,0.4,115.2,250,115.1,150,,,,,,,,,,,,,,,,,115.6,150,115.7,150,,,,,,,,,,,,,,,,
2026-07-03T16:58:44.258585+00:00,2026-07-03T16:58:44.255756,2,2,115.4,0.4,115.2,250,115.1,150,,,,,,,,,,,,,,,,,115.6,150,115.7,150,,,,,,,,,,,,,,,,
2026-07-03T16:58:44.397527+00:00,2026-07-03T16:58:44.397478,2,2,115.4,0.4,115.2,250,115.1,150,,,,,,,,,,,,,,,,,115.6,107,115.7,150,,,,,,,,,,,,,,,,
2026-07-03T16:58:44.459286+00:00,2026-07-03T16:58:44.459235,2,2,115.4,0.4,115.2,250,115.1,150,,,,,,,,,,,,,,,,,115.6,107,115.7,150,,,,,,,,,,,,,,,,
2026-07-03T16:58:44.674492+00:00,2026-07-03T16:58:44.674358,2,2,115.4,0.4,115.2,100,115.1,150,,,,,,,,,,,,,,,,,115.6,107,115.7,100,,,,,,,,,,,,,,,,
2026-07-03T16:58:44.679617+00:00,2026-07-03T16:58:44.679551,2,2,115.4,0.4,115.2,250,115.1,150,,,,,,,,,,,,,,,,,115.6,107,115.7,150,,,,,,,,,,,,,,,,
2026-07-03T16:58:44.758636+00:00,2026-07-03T16:58:44.757324,2,2,115.4,0.4,115.2,200,115.1,150,,,,,,,,,,,,,,,,,115.6,107,115.7,150,,,,,,,,,,,,,,,,
2026-07-03T16:58:44.825980+00:00,2026-07-03T16:58:44.825648,1,1,115.45,0.5,115.2,200,,,,,,,,,,,,,,,,,,,115.7,150,,,,,,,,,,,,,,,,,,
2026-07-03T16:58:44.858743+00:00,2026-07-03T16:58:44.856422,2,1,115.45,0.5,115.2,200,115.1,150,,,,,,,,,,,,,,,,,115.7,100,,,,,,,,,,,,,,,,,,
2026-07-03T16:58:44.868969+00:00,2026-07-03T16:58:44.868901,2,1,115.45,0.5,115.2,200,115.1,150,,,,,,,,,,,,,,,,,115.7,150,,,,,,,,,,,,,,,,,,
2026-07-03T16:58:44.912602+00:00,2026-07-03T16:58:44.912516,2,2,115.4,0.4,115.2,200,115.1,150,,,,,,,,,,,,,,,,,115.6,150,115.7,150,,,,,,,,,,,,,,,,
2026-07-03T16:58:45.071642+00:00,2026-07-03T16:58:45.071586,2,2,115.4,0.4,115.2,200,115.1,150,,,,,,,,,,,,,,,,,115.6,150,115.7,100,,,,,,,,,,,,,,,,
2026-07-03T16:58:45.076847+00:00,2026-07-03T16:58:45.076758,2,2,115.4,0.4,115.2,200,115.1,150,,,,,,,,,,,,,,,,,115.6,150,115.7,150,,,,,,,,,,,,,,,,
2026-07-03T16:58:45.302323+00:00,2026-07-03T16:58:45.302222,3,2,115.45,0.3,115.3,150,115.2,50,115.1,150,,,,,,,,,,,,,,,115.6,150,115.7,100,,,,,,,,,,,,,,,,
2026-07-03T16:58:45.307533+00:00,2026-07-03T16:58:45.307432,3,3,115.45,0.3,115.3,150,115.2,50,115.1,150,,,,,,,,,,,,,,,115.6,150,115.7,100,115.9,50,,,,,,,,,,,,,,
2026-07-03T16:58:45.487401+00:00,2026-07-03T16:58:45.487284,3,2,115.45,0.3,115.3,150,115.2,50,115.1,150,,,,,,,,,,,,,,,115.6,150,115.7,100,,,,,,,,,,,,,,,,
2026-07-03T16:58:45.493043+00:00,2026-07-03T16:58:45.492954,3,2,115.45,0.3,115.3,150,115.2,50,115.1,150,,,,,,,,,,,,,,,115.6,150,115.7,100,,,,,,,,,,,,,,,,
2026-07-03T16:58:45.498277+00:00,2026-07-03T16:58:45.498160,3,3,115.45,0.3,115.3,150,115.2,50,115.1,150,,,,,,,,,,,,,,,115.6,150,115.7,100,115.9,50,,,,,,,,,,,,,,
2026-07-03T16:58:45.514527+00:00,2026-07-03T16:58:45.514452,3,3,115.45,0.3,115.3,150,115.2,50,115.1,150,,,,,,,,,,,,,,,115.6,108,115.7,100,115.9,50,,,,,,,,,,,,,,
2026-07-03T16:58:45.696807+00:00,2026-07-03T16:58:45.696725,3,2,115.45,0.3,115.3,150,115.2,50,115.1,150,,,,,,,,,,,,,,,115.6,108,115.7,100,,,,,,,,,,,,,,,,
2026-07-03T16:58:45.702066+00:00,2026-07-03T16:58:45.701989,3,2,115.45,0.3,115.3,150,115.2,50,115.1,150,,,,,,,,,,,,,,,115.6,108,115.7,100,,,,,,,,,,,,,,,,
2026-07-03T16:58:45.707083+00:00,2026-07-03T16:58:45.707220,3,3,115.45,0.3,115.3,150,115.2,50,115.1,150,,,,,,,,,,,,,,,115.6,108,115.7,100,115.9,50,,,,,,,,,,,,,,
2026-07-03T16:58:45.910939+00:00,2026-07-03T16:58:45.910900,3,2,115.45,0.3,115.3,150,115.2,50,115.1,150,,,,,,,,,,,,,,,115.6,108,115.7,100,,,,,,,,,,,,,,,,
2026-07-03T16:58:45.916128+00:00,2026-07-03T16:58:45.916069,3,3,115.45,0.3,115.3,150,115.2,50,115.1,150,,,,,,,,,,,,,,,115.6,108,115.7,100,115.9,50,,,,,,,,,,,,,,
2026-07-03T16:58:46.108139+00:00,2026-07-03T16:58:46.108089,3,3,115.45,0.3,115.3,109,115.2,50,115.1,150,,,,,,,,,,,,,,,115.6,108,115.7,100,115.9,50,,,,,,,,,,,,,,
2026-07-03T16:58:46.126500+00:00,2026-07-03T16:58:46.126407,2,2,115.4,0.4,115.2,50,115.1,150,,,,,,,,,,,,,,,,,115.6,108,115.7,100,,,,,,,,,,,,,,,,
2026-07-03T16:58:46.131836+00:00,2026-07-03T16:58:46.131763,3,3,115.45,0.3,115.3,109,115.2,50,115.1,150,,,,,,,,,,,,,,,115.6,108,115.7,100,115.9,91,,,,,,,,,,,,,,
2026-07-03T16:58:46.336231+00:00,2026-07-03T16:58:46.336702,3,3,115.45,0.3,115.3,109,115.2,50,115.1,150,,,,,,,,,,,,,,,115.6,108,115.7,100,115.9,91,,,,,,,,,,,,,,
2026-07-03T16:58:46.544921+00:00,2026-07-03T16:58:46.544869,2,2,115.4,0.4,115.2,50,115.1,150,,,,,,,,,,,,,,,,,115.6,108,115.7,100,,,,,,,,,,,,,,,,
2026-07-03T16:58:46.555176+00:00,2026-07-03T16:58:46.555282,2,3,115.4,0.4,115.2,159,115.1,150,,,,,,,,,,,,,,,,,115.6,108,115.7,100,115.9,91,,,,,,,,,,,,,,
2026-07-03T16:58:46.640335+00:00,2026-07-03T16:58:46.640235,2,3,115.4,0.4,115.2,159,115.1,150,,,,,,,,,,,,,,,,,115.6,66,115.7,100,115.9,91,,,,,,,,,,,,,,
2026-07-03T16:58:46.705888+00:00,2026-07-03T16:58:46.705814,2,3,115.4,0.4,115.2,118,115.1,150,,,,,,,,,,,,,,,,,115.6,66,115.7,100,115.9,91,,,,,,,,,,,,,,
2026-07-03T16:58:46.721481+00:00,2026-07-03T16:58:46.721451,2,2,115.4,0.4,115.2,109,115.1,150,,,,,,,,,,,,,,,,,115.6,66,115.9,91,,,,,,,,,,,,,,,,
2026-07-03T16:58:46.789837+00:00,2026-07-03T16:58:46.789683,3,2,115.4,0.4,115.2,109,115.1,150,114.9,100,,,,,,,,,,,,,,,115.6,66,115.9,91,,,,,,,,,,,,,,,,
2026-07-03T16:58:46.831467+00:00,2026-07-03T16:58:46.831439,3,3,115.25,0.1,115.2,109,115.1,150,114.9,100,,,,,,,,,,,,,,,115.3,100,115.6,66,115.9,91,,,,,,,,,,,,,,
2026-07-03T16:58:46.842056+00:00,2026-07-03T16:58:46.835261,3,3,115.25,0.1,115.2,109,115.1,150,114.9,100,,,,,,,,,,,,,,,115.3,97,115.6,66,115.9,91,,,,,,,,,,,,,,
2026-07-03T16:58:46.884343+00:00,2026-07-03T16:58:46.884217,3,3,115.25,0.1,115.2,59,115.1,150,114.9,100,,,,,,,,,,,,,,,115.3,97,115.6,66,115.9,91,,,,,,,,,,,,,,
2026-07-03T16:58:46.997745+00:00,2026-07-03T16:58:46.997892,2,2,115.2,0.2,115.1,150,114.9,100,,,,,,,,,,,,,,,,,115.3,97,115.6,66,,,,,,,,,,,,,,,,
2026-07-03T16:58:47.003007+00:00,2026-07-03T16:58:47.003301,2,3,115.2,0.2,115.1,150,114.9,100,,,,,,,,,,,,,,,,,115.3,38,115.6,66,115.9,200,,,,,,,,,,,,,,
2026-07-03T16:58:47.187129+00:00,2026-07-03T16:58:47.187102,2,3,115.2,0.2,115.1,150,114.9,100,,,,,,,,,,,,,,,,,115.3,38,115.6,66,115.8,200,,,,,,,,,,,,,,
2026-07-03T16:58:47.393221+00:00,2026-07-03T16:58:47.393127,2,3,115.2,0.2,115.1,150,114.9,100,,,,,,,,,,,,,,,,,115.3,38,115.6,66,115.8,200,,,,,,,,,,,,,,
2026-07-03T16:58:47.594200+00:00,2026-07-03T16:58:47.594530,2,2,115.2,0.2,115.1,150,114.9,100,,,,,,,,,,,,,,,,,115.3,38,115.6,66,,,,,,,,,,,,,,,,
2026-07-03T16:58:47.658887+00:00,2026-07-03T16:58:47.646997,2,3,115.2,0.2,115.1,150,114.9,100,,,,,,,,,,,,,,,,,115.3,38,115.6,66,115.8,200,,,,,,,,,,,,,,
2026-07-03T16:58:47.825610+00:00,2026-07-03T16:58:47.825444,2,3,115.2,0.2,115.1,150,114.9,100,,,,,,,,,,,,,,,,,115.3,38,115.6,66,115.8,200,,,,,,,,,,,,,,
2026-07-03T16:58:47.981371+00:00,2026-07-03T16:58:47.981329,1,2,115.1,0.4,114.9,100,,,,,,,,,,,,,,,,,,,115.3,38,115.8,200,,,,,,,,,,,,,,,,
2026-07-03T16:58:48.017810+00:00,2026-07-03T16:58:48.017772,2,0,,,115.6,112,114.9,100,,,,,,,,,,,,,,,,,,,,,,,,,,,,,,,,,,,,
2026-07-03T16:58:48.023119+00:00,2026-07-03T16:58:48.022954,2,1,115.7,0.2,115.6,112,114.9,100,,,,,,,,,,,,,,,,,115.8,200,,,,,,,,,,,,,,,,,,
2026-07-03T16:58:48.090341+00:00,2026-07-03T16:58:48.090235,2,2,115.7,0.2,115.6,112,114.9,100,,,,,,,,,,,,,,,,,115.8,200,116.1,150,,,,,,,,,,,,,,,,
2026-07-03T16:58:48.124462+00:00,2026-07-03T16:58:48.124641,2,2,115.7,0.2,115.6,112,114.9,100,,,,,,,,,,,,,,,,,115.8,158,116.1,150,,,,,,,,,,,,,,,,
2026-07-03T16:58:48.248045+00:00,2026-07-03T16:58:48.252280,3,2,115.7,0.2,115.6,112,115.3,42,114.9,100,,,,,,,,,,,,,,,115.8,158,116.1,150,,,,,,,,,,,,,,,,
2026-07-03T16:58:48.472149+00:00,2026-07-03T16:58:48.466736,3,2,115.75,0.3,115.6,112,115.3,42,114.9,100,,,,,,,,,,,,,,,115.9,158,116.1,150,,,,,,,,,,,,,,,,
2026-07-03T16:58:48.695775+00:00,2026-07-03T16:58:48.695927,3,1,115.85,0.5,115.6,112,115.3,42,114.9,100,,,,,,,,,,,,,,,116.1,150,,,,,,,,,,,,,,,,,,
2026-07-03T16:58:48.701272+00:00,2026-07-03T16:58:48.701069,3,2,115.75,0.3,115.6,112,115.3,42,114.9,100,,,,,,,,,,,,,,,115.9,158,116.1,150,,,,,,,,,,,,,,,,
2026-07-03T16:58:48.889813+00:00,2026-07-03T16:58:48.889753,3,1,115.85,0.5,115.6,112,115.3,42,114.9,100,,,,,,,,,,,,,,,116.1,150,,,,,,,,,,,,,,,,,,
2026-07-03T16:58:48.895069+00:00,2026-07-03T16:58:48.894911,3,2,115.75,0.3,115.6,112,115.3,42,114.9,100,,,,,,,,,,,,,,,115.9,158,116.1,150,,,,,,,,,,,,,,,,
2026-07-03T16:58:48.975763+00:00,2026-07-03T16:58:48.975668,3,2,115.75,0.3,115.6,62,115.3,42,114.9,100,,,,,,,,,,,,,,,115.9,158,116.1,150,,,,,,,,,,,,,,,,
2026-07-03T16:58:49.099761+00:00,2026-07-03T16:58:49.099723,2,1,115.85,0.5,115.6,62,114.9,100,,,,,,,,,,,,,,,,,116.1,150,,,,,,,,,,,,,,,,,,
2026-07-03T16:58:49.104960+00:00,2026-07-03T16:58:49.104900,3,2,115.75,0.3,115.6,62,115.3,42,114.9,100,,,,,,,,,,,,,,,115.9,158,116.1,150,,,,,,,,,,,,,,,,
2026-07-03T16:58:49.321230+00:00,2026-07-03T16:58:49.321138,3,2,115.75,0.3,115.6,62,115.3,42,114.9,100,,,,,,,,,,,,,,,115.9,158,116.1,150,,,,,,,,,,,,,,,,
2026-07-03T16:58:49.516204+00:00,2026-07-03T16:58:49.516131,3,1,115.85,0.5,115.6,62,115.3,42,114.9,100,,,,,,,,,,,,,,,116.1,150,,,,,,,,,,,,,,,,,,
2026-07-03T16:58:49.521375+00:00,2026-07-03T16:58:49.521320,3,1,115.85,0.5,115.6,62,115.3,42,114.9,100,,,,,,,,,,,,,,,116.1,150,,,,,,,,,,,,,,,,,,
2026-07-03T16:58:49.526542+00:00,2026-07-03T16:58:49.526485,3,2,115.7,0.2,115.6,62,115.3,42,114.9,100,,,,,,,,,,,,,,,115.8,158,116.1,150,,,,,,,,,,,,,,,,
2026-07-03T16:58:49.727385+00:00,2026-07-03T16:58:49.727318,2,1,115.85,0.5,115.6,62,114.9,100,,,,,,,,,,,,,,,,,116.1,150,,,,,,,,,,,,,,,,,,
2026-07-03T16:58:49.732575+00:00,2026-07-03T16:58:49.732512,3,2,115.7,0.2,115.6,62,115.3,42,114.9,100,,,,,,,,,,,,,,,115.8,158,116.1,150,,,,,,,,,,,,,,,,
2026-07-03T16:58:49.883258+00:00,2026-07-03T16:58:49.883004,2,2,115.7,0.2,115.6,62,115.3,42,,,,,,,,,,,,,,,,,115.8,158,116.1,150,,,,,,,,,,,,,,,,
2026-07-03T16:58:49.949158+00:00,2026-07-03T16:58:49.949053,3,2,115.7,0.2,115.6,62,115.3,42,115.2,100,,,,,,,,,,,,,,,115.8,158,116.1,150,,,,,,,,,,,,,,,,
2026-07-03T16:58:49.990959+00:00,2026-07-03T16:58:49.991135,3,3,115.65,0.1,115.6,62,115.3,42,115.2,100,,,,,,,,,,,,,,,115.7,100,115.8,158,116.1,150,,,,,,,,,,,,,,
2026-07-03T16:58:50.143286+00:00,2026-07-03T16:58:50.143527,3,2,115.65,0.1,115.6,62,115.3,42,115.2,100,,,,,,,,,,,,,,,115.7,100,116.1,150,,,,,,,,,,,,,,,,
2026-07-03T16:58:50.159634+00:00,2026-07-03T16:58:50.159816,3,3,115.65,0.1,115.6,62,115.3,42,115.2,100,,,,,,,,,,,,,,,115.7,100,115.8,158,116.1,150,,,,,,,,,,,,,,
2026-07-03T16:58:50.364799+00:00,2026-07-03T16:58:50.364668,3,2,115.65,0.1,115.6,62,115.3,42,115.2,100,,,,,,,,,,,,,,,115.7,100,116.1,150,,,,,,,,,,,,,,,,
2026-07-03T16:58:50.369971+00:00,2026-07-03T16:58:50.369939,3,3,115.65,0.1,115.6,62,115.3,42,115.2,100,,,,,,,,,,,,,,,115.7,100,115.8,158,116.1,150,,,,,,,,,,,,,,
2026-07-03T16:58:50.576386+00:00,2026-07-03T16:58:50.576583,2,2,115.65,0.1,115.6,62,115.2,100,,,,,,,,,,,,,,,,,115.7,100,116.1,150,,,,,,,,,,,,,,,,
2026-07-03T16:58:50.581970+00:00,2026-07-03T16:58:50.581863,3,3,115.65,0.1,115.6,62,115.4,42,115.2,100,,,,,,,,,,,,,,,115.7,100,116.0,158,116.1,150,,,,,,,,,,,,,,
2026-07-03T16:58:50.788644+00:00,2026-07-03T16:58:50.788842,3,2,115.65,0.1,115.6,62,115.4,42,115.2,100,,,,,,,,,,,,,,,115.7,100,116.1,150,,,,,,,,,,,,,,,,
2026-07-03T16:58:50.794045+00:00,2026-07-03T16:58:50.794003,3,3,115.65,0.1,115.6,62,115.4,42,115.2,100,,,,,,,,,,,,,,,115.7,100,116.0,158,116.1,150,,,,,,,,,,,,,,
2026-07-03T16:58:51.036522+00:00,2026-07-03T16:58:51.036342,3,3,115.65,0.1,115.6,62,115.4,42,115.2,100,,,,,,,,,,,,,,,115.7,100,116.0,158,116.1,150,,,,,,,,,,,,,,
2026-07-03T16:58:51.081698+00:00,2026-07-03T16:58:51.081827,3,3,115.65,0.1,115.6,12,115.4,42,115.2,100,,,,,,,,,,,,,,,115.7,100,116.0,158,116.1,150,,,,,,,,,,,,,,
2026-07-03T16:58:51.144923+00:00,2026-07-03T16:58:51.144861,3,2,115.65,0.1,115.6,12,115.4,42,115.2,100,,,,,,,,,,,,,,,115.7,100,116.0,158,,,,,,,,,,,,,,,,
2026-07-03T16:58:51.150133+00:00,2026-07-03T16:58:51.150033,2,2,115.55,0.3,115.4,42,115.2,100,,,,,,,,,,,,,,,,,115.7,100,116.0,158,,,,,,,,,,,,,,,,
2026-07-03T16:58:51.188032+00:00,2026-07-03T16:58:51.188136,2,2,115.55,0.3,115.4,42,115.2,250,,,,,,,,,,,,,,,,,115.7,100,116.0,158,,,,,,,,,,,,,,,,
2026-07-03T16:58:51.224045+00:00,2026-07-03T16:58:51.224240,2,1,115.55,0.3,115.4,42,115.2,250,,,,,,,,,,,,,,,,,115.7,100,,,,,,,,,,,,,,,,,,
2026-07-03T16:58:51.229586+00:00,2026-07-03T16:58:51.229419,2,2,115.55,0.3,115.4,42,115.2,250,,,,,,,,,,,,,,,,,115.7,100,116.0,158,,,,,,,,,,,,,,,,
2026-07-03T16:58:51.264186+00:00,2026-07-03T16:58:51.263868,2,2,115.55,0.3,115.4,42,115.2,250,,,,,,,,,,,,,,,,,115.7,250,116.0,158,,,,,,,,,,,,,,,,
2026-07-03T16:58:51.412935+00:00,2026-07-03T16:58:51.412836,1,1,115.45,0.5,115.2,250,,,,,,,,,,,,,,,,,,,115.7,250,,,,,,,,,,,,,,,,,,
2026-07-03T16:58:51.423462+00:00,2026-07-03T16:58:51.423370,2,2,115.55,0.3,115.4,42,115.2,250,,,,,,,,,,,,,,,,,115.7,250,116.0,158,,,,,,,,,,,,,,,,
2026-07-03T16:58:51.625073+00:00,2026-07-03T16:58:51.624858,2,1,115.55,0.3,115.4,42,115.2,250,,,,,,,,,,,,,,,,,115.7,250,,,,,,,,,,,,,,,,,,
2026-07-03T16:58:51.645898+00:00,2026-07-03T16:58:51.645829,2,2,115.55,0.3,115.4,42,115.2,250,,,,,,,,,,,,,,,,,115.7,250,116.0,158,,,,,,,,,,,,,,,,
2026-07-03T16:58:51.858559+00:00,2026-07-03T16:58:51.850986,2,2,115.55,0.3,115.4,42,115.2,250,,,,,,,,,,,,,,,,,115.7,250,116.0,158,,,,,,,,,,,,,,,,
2026-07-03T16:58:52.048043+00:00,2026-07-03T16:58:52.048273,2,1,115.55,0.3,115.4,42,115.2,250,,,,,,,,,,,,,,,,,115.7,250,,,,,,,,,,,,,,,,,,
2026-07-03T16:58:52.063832+00:00,2026-07-03T16:58:52.063713,2,2,115.55,0.3,115.4,42,115.2,250,,,,,,,,,,,,,,,,,115.7,250,116.0,158,,,,,,,,,,,,,,,,
2026-07-03T16:58:52.258549+00:00,2026-07-03T16:58:52.257888,2,2,115.55,0.3,115.4,42,115.2,250,,,,,,,,,,,,,,,,,115.7,250,116.0,158,,,,,,,,,,,,,,,,
2026-07-03T16:58:52.520929+00:00,2026-07-03T16:58:52.521618,2,2,115.55,0.3,115.4,42,115.2,250,,,,,,,,,,,,,,,,,115.7,250,116.0,158,,,,,,,,,,,,,,,,
2026-07-03T16:58:52.726987+00:00,2026-07-03T16:58:52.726953,2,1,115.55,0.3,115.4,42,115.2,250,,,,,,,,,,,,,,,,,115.7,250,,,,,,,,,,,,,,,,,,
2026-07-03T16:58:52.732217+00:00,2026-07-03T16:58:52.732111,2,2,115.55,0.3,115.4,42,115.2,250,,,,,,,,,,,,,,,,,115.7,250,116.0,158,,,,,,,,,,,,,,,,
2026-07-03T16:58:52.925256+00:00,2026-07-03T16:58:52.925419,2,1,115.55,0.3,115.4,42,115.2,250,,,,,,,,,,,,,,,,,115.7,250,,,,,,,,,,,,,,,,,,
2026-07-03T16:58:52.930731+00:00,2026-07-03T16:58:52.930581,2,2,115.55,0.3,115.4,42,115.2,250,,,,,,,,,,,,,,,,,115.7,250,116.0,158,,,,,,,,,,,,,,,,
2026-07-03T16:58:53.063968+00:00,2026-07-03T16:58:53.063896,2,2,115.55,0.3,115.4,42,115.2,150,,,,,,,,,,,,,,,,,115.7,150,116.0,158,,,,,,,,,,,,,,,,
2026-07-03T16:58:53.122965+00:00,2026-07-03T16:58:53.122396,3,2,115.55,0.3,115.4,42,115.3,100,115.2,150,,,,,,,,,,,,,,,115.7,150,116.0,158,,,,,,,,,,,,,,,,
2026-07-03T16:58:53.128089+00:00,2026-07-03T16:58:53.128012,3,1,115.6,0.2,115.5,42,115.3,100,115.2,150,,,,,,,,,,,,,,,115.7,150,,,,,,,,,,,,,,,,,,
2026-07-03T16:58:53.133250+00:00,2026-07-03T16:58:53.133166,3,2,115.6,0.2,115.5,42,115.3,100,115.2,150,,,,,,,,,,,,,,,115.7,150,116.1,158,,,,,,,,,,,,,,,,
2026-07-03T16:58:53.158607+00:00,2026-07-03T16:58:53.148631,3,3,115.6,0.2,115.5,42,115.3,100,115.2,150,,,,,,,,,,,,,,,115.7,150,115.8,100,116.1,158,,,,,,,,,,,,,,
2026-07-03T16:58:53.190583+00:00,2026-07-03T16:58:53.190537,2,3,115.5,0.4,115.3,92,115.2,150,,,,,,,,,,,,,,,,,115.7,150,115.8,100,116.1,158,,,,,,,,,,,,,,
2026-07-03T16:58:53.338037+00:00,2026-07-03T16:58:53.338144,2,2,115.5,0.4,115.3,92,115.2,150,,,,,,,,,,,,,,,,,115.7,150,115.8,100,,,,,,,,,,,,,,,,
2026-07-03T16:58:53.343420+00:00,2026-07-03T16:58:53.343364,2,3,115.5,0.4,115.3,92,115.2,150,,,,,,,,,,,,,,,,,115.7,150,115.8,100,116.1,200,,,,,,,,,,,,,,
2026-07-03T16:58:53.474224+00:00,2026-07-03T16:58:53.474702,2,3,115.5,0.4,115.3,48,115.2,150,,,,,,,,,,,,,,,,,115.7,150,115.8,100,116.1,200,,,,,,,,,,,,,,
2026-07-03T16:58:53.558595+00:00,2026-07-03T16:58:53.545588,2,3,115.5,0.4,115.3,48,115.2,150,,,,,,,,,,,,,,,,,115.7,150,115.8,100,116.1,200,,,,,,,,,,,,,,
2026-07-03T16:58:53.758575+00:00,2026-07-03T16:58:53.746201,2,3,115.5,0.4,115.3,48,115.2,150,,,,,,,,,,,,,,,,,115.7,150,115.8,100,116.1,200,,,,,,,,,,,,,,
2026-07-03T16:58:53.958610+00:00,2026-07-03T16:58:53.953831,2,3,115.5,0.4,115.3,48,115.2,150,,,,,,,,,,,,,,,,,115.7,150,115.8,100,116.1,200,,,,,,,,,,,,,,
2026-07-03T16:58:54.174083+00:00,2026-07-03T16:58:54.173991,2,3,115.5,0.4,115.3,48,115.2,150,,,,,,,,,,,,,,,,,115.7,150,115.8,100,116.1,200,,,,,,,,,,,,,,
2026-07-03T16:58:54.314666+00:00,2026-07-03T16:58:54.314495,1,2,115.55,0.5,115.3,48,,,,,,,,,,,,,,,,,,,115.8,100,116.1,200,,,,,,,,,,,,,,,,
2026-07-03T16:58:54.370092+00:00,2026-07-03T16:58:54.369999,1,2,115.55,0.5,115.3,198,,,,,,,,,,,,,,,,,,,115.8,100,116.1,200,,,,,,,,,,,,,,,,
2026-07-03T16:58:54.438335+00:00,2026-07-03T16:58:54.438237,1,3,115.5,0.4,115.3,198,,,,,,,,,,,,,,,,,,,115.7,150,115.8,100,116.1,200,,,,,,,,,,,,,,
2026-07-03T16:58:54.574882+00:00,2026-07-03T16:58:54.574797,1,2,115.5,0.4,115.3,198,,,,,,,,,,,,,,,,,,,115.7,150,115.8,100,,,,,,,,,,,,,,,,
2026-07-03T16:58:54.580010+00:00,2026-07-03T16:58:54.579955,1,3,115.5,0.4,115.3,198,,,,,,,,,,,,,,,,,,,115.7,150,115.8,100,116.0,200,,,,,,,,,,,,,,
2026-07-03T16:58:54.618621+00:00,2026-07-03T16:58:54.618469,1,3,115.5,0.4,115.3,198,,,,,,,,,,,,,,,,,,,115.7,102,115.8,100,116.0,200,,,,,,,,,,,,,,
2026-07-03T16:58:54.812780+00:00,2026-07-03T16:58:54.812962,1,2,115.5,0.4,115.3,198,,,,,,,,,,,,,,,,,,,115.7,102,115.8,100,,,,,,,,,,,,,,,,
2026-07-03T16:58:54.818423+00:00,2026-07-03T16:58:54.818196,1,3,115.5,0.4,115.3,198,,,,,,,,,,,,,,,,,,,115.7,102,115.8,100,116.0,200,,,,,,,,,,,,,,
2026-07-03T16:58:55.000525+00:00,2026-07-03T16:58:55.000419,1,3,115.5,0.4,115.3,198,,,,,,,,,,,,,,,,,,,115.7,102,115.8,100,116.0,200,,,,,,,,,,,,,,
2026-07-03T16:58:55.211578+00:00,2026-07-03T16:58:55.211530,1,3,115.5,0.4,115.3,198,,,,,,,,,,,,,,,,,,,115.7,102,115.8,100,116.0,200,,,,,,,,,,,,,,
2026-07-03T16:58:55.299227+00:00,2026-07-03T16:58:55.299380,1,3,115.5,0.4,115.3,148,,,,,,,,,,,,,,,,,,,115.7,102,115.8,100,116.0,200,,,,,,,,,,,,,,
2026-07-03T16:58:55.397536+00:00,2026-07-03T16:58:55.397336,1,3,115.5,0.4,115.3,148,,,,,,,,,,,,,,,,,,,115.7,102,115.8,100,116.0,200,,,,,,,,,,,,,,
2026-07-03T16:58:55.614307+00:00,2026-07-03T16:58:55.614217,1,3,115.5,0.4,115.3,148,,,,,,,,,,,,,,,,,,,115.7,102,115.8,100,116.0,200,,,,,,,,,,,,,,
2026-07-03T16:58:55.619604+00:00,2026-07-03T16:58:55.619476,1,3,115.5,0.4,115.3,104,,,,,,,,,,,,,,,,,,,115.7,102,115.8,100,116.0,200,,,,,,,,,,,,,,
2026-07-03T16:58:55.826436+00:00,2026-07-03T16:58:55.826367,1,3,115.5,0.4,115.3,104,,,,,,,,,,,,,,,,,,,115.7,102,115.8,100,115.9,200,,,,,,,,,,,,,,
2026-07-03T16:58:56.023063+00:00,2026-07-03T16:58:56.023242,1,3,115.5,0.4,115.3,104,,,,,,,,,,,,,,,,,,,115.7,102,115.8,100,115.9,200,,,,,,,,,,,,,,
2026-07-03T16:58:56.207670+00:00,2026-07-03T16:58:56.207631,1,2,115.5,0.4,115.3,104,,,,,,,,,,,,,,,,,,,115.7,102,115.9,200,,,,,,,,,,,,,,,,
2026-07-03T16:58:56.243234+00:00,2026-07-03T16:58:56.243400,1,2,115.5,0.4,115.3,104,,,,,,,,,,,,,,,,,,,115.7,102,115.9,200,,,,,,,,,,,,,,,,
2026-07-03T16:58:56.270742+00:00,2026-07-03T16:58:56.270477,2,2,115.5,0.4,115.3,104,114.9,100,,,,,,,,,,,,,,,,,115.7,102,115.9,200,,,,,,,,,,,,,,,,
2026-07-03T16:58:56.323109+00:00,2026-07-03T16:58:56.323275,2,3,115.35,0.1,115.3,104,114.9,100,,,,,,,,,,,,,,,,,115.4,100,115.7,102,115.9,200,,,,,,,,,,,,,,
2026-07-03T16:58:56.436006+00:00,2026-07-03T16:58:56.435912,2,3,115.35,0.1,115.3,104,114.9,100,,,,,,,,,,,,,,,,,115.4,100,115.7,102,115.9,200,,,,,,,,,,,,,,
2026-07-03T16:58:56.494713+00:00,2026-07-03T16:58:56.494587,2,3,115.35,0.1,115.3,104,114.9,100,,,,,,,,,,,,,,,,,115.4,52,115.7,102,115.9,200,,,,,,,,,,,,,,
2026-07-03T16:58:56.642633+00:00,2026-07-03T16:58:56.642535,2,3,115.35,0.1,115.3,104,114.9,100,,,,,,,,,,,,,,,,,115.4,52,115.7,102,115.9,200,,,,,,,,,,,,,,
2026-07-03T16:58:56.843390+00:00,2026-07-03T16:58:56.843880,2,3,115.35,0.1,115.3,104,114.9,100,,,,,,,,,,,,,,,,,115.4,52,115.7,102,115.9,200,,,,,,,,,,,,,,
2026-07-03T16:58:57.057478+00:00,2026-07-03T16:58:57.051060,2,3,115.35,0.1,115.3,104,114.9,100,,,,,,,,,,,,,,,,,115.4,49,115.7,102,116.0,200,,,,,,,,,,,,,,
2026-07-03T16:58:57.258557+00:00,2026-07-03T16:58:57.255701,2,3,115.35,0.1,115.3,104,114.9,100,,,,,,,,,,,,,,,,,115.4,49,115.7,102,116.0,200,,,,,,,,,,,,,,
2026-07-03T16:58:57.374098+00:00,2026-07-03T16:58:57.374000,2,2,115.5,0.4,115.3,104,114.9,100,,,,,,,,,,,,,,,,,115.7,101,116.0,200,,,,,,,,,,,,,,,,
2026-07-03T16:58:57.458615+00:00,2026-07-03T16:58:57.456734,2,1,115.5,0.4,115.3,104,114.9,100,,,,,,,,,,,,,,,,,115.7,101,,,,,,,,,,,,,,,,,,
2026-07-03T16:58:57.476145+00:00,2026-07-03T16:58:57.475862,1,1,115.45,1.1,114.9,100,,,,,,,,,,,,,,,,,,,116.0,180,,,,,,,,,,,,,,,,,,
2026-07-03T16:58:57.529363+00:00,2026-07-03T16:58:57.529276,2,1,115.6,0.8,115.2,150,114.9,100,,,,,,,,,,,,,,,,,116.0,180,,,,,,,,,,,,,,,,,,
2026-07-03T16:58:57.583876+00:00,2026-07-03T16:58:57.584032,2,2,115.45,0.5,115.2,150,114.9,100,,,,,,,,,,,,,,,,,115.7,150,116.0,180,,,,,,,,,,,,,,,,
2026-07-03T16:58:57.693477+00:00,2026-07-03T16:58:57.693437,2,2,115.45,0.5,115.2,150,114.9,100,,,,,,,,,,,,,,,,,115.7,150,116.0,180,,,,,,,,,,,,,,,,
2026-07-03T16:58:57.884732+00:00,2026-07-03T16:58:57.884599,2,2,115.45,0.5,115.2,150,114.9,100,,,,,,,,,,,,,,,,,115.7,150,116.0,180,,,,,,,,,,,,,,,,
2026-07-03T16:58:58.104885+00:00,2026-07-03T16:58:58.104785,2,2,115.45,0.5,115.2,150,114.9,100,,,,,,,,,,,,,,,,,115.7,150,116.0,200,,,,,,,,,,,,,,,,
2026-07-03T16:58:58.184234+00:00,2026-07-03T16:58:58.184141,2,2,115.45,0.5,115.2,101,114.9,100,,,,,,,,,,,,,,,,,115.7,150,116.0,200,,,,,,,,,,,,,,,,
2026-07-03T16:58:58.295622+00:00,2026-07-03T16:58:58.295534,2,2,115.45,0.5,115.2,101,114.9,100,,,,,,,,,,,,,,,,,115.7,150,116.0,200,,,,,,,,,,,,,,,,
2026-07-03T16:58:58.498379+00:00,2026-07-03T16:58:58.498275,2,1,115.45,0.5,115.2,101,114.9,100,,,,,,,,,,,,,,,,,115.7,150,,,,,,,,,,,,,,,,,,
2026-07-03T16:58:58.503754+00:00,2026-07-03T16:58:58.503483,2,2,115.45,0.5,115.2,101,114.9,100,,,,,,,,,,,,,,,,,115.7,150,116.0,200,,,,,,,,,,,,,,,,
2026-07-03T16:58:58.739085+00:00,2026-07-03T16:58:58.738651,2,2,115.45,0.5,115.2,101,114.9,100,,,,,,,,,,,,,,,,,115.7,150,116.0,200,,,,,,,,,,,,,,,,
2026-07-03T16:58:58.909710+00:00,2026-07-03T16:58:58.909527,2,2,115.45,0.5,115.2,101,114.9,100,,,,,,,,,,,,,,,,,115.7,150,116.0,200,,,,,,,,,,,,,,,,
2026-07-03T16:58:59.121094+00:00,2026-07-03T16:58:59.120929,2,1,115.45,0.5,115.2,101,114.9,100,,,,,,,,,,,,,,,,,115.7,150,,,,,,,,,,,,,,,,,,
2026-07-03T16:58:59.163786+00:00,2026-07-03T16:58:59.163929,2,2,115.45,0.5,115.2,101,114.9,100,,,,,,,,,,,,,,,,,115.7,150,116.0,200,,,,,,,,,,,,,,,,
2026-07-03T16:58:59.379087+00:00,2026-07-03T16:58:59.379242,2,2,115.45,0.5,115.2,101,114.9,100,,,,,,,,,,,,,,,,,115.7,150,116.1,200,,,,,,,,,,,,,,,,
2026-07-03T16:58:59.384521+00:00,2026-07-03T16:58:59.384449,1,2,115.45,0.5,115.2,101,,,,,,,,,,,,,,,,,,,115.7,150,116.1,200,,,,,,,,,,,,,,,,
2026-07-03T16:58:59.428854+00:00,2026-07-03T16:58:59.428808,2,2,115.55,0.3,115.4,100,115.2,101,,,,,,,,,,,,,,,,,115.7,150,116.1,200,,,,,,,,,,,,,,,,
2026-07-03T16:58:59.474227+00:00,2026-07-03T16:58:59.474180,2,2,115.55,0.3,115.4,100,115.2,101,,,,,,,,,,,,,,,,,115.7,100,116.1,200,,,,,,,,,,,,,,,,
2026-07-03T16:58:59.479631+00:00,2026-07-03T16:58:59.479411,2,3,115.55,0.3,115.4,100,115.2,101,,,,,,,,,,,,,,,,,115.7,100,115.9,100,116.1,200,,,,,,,,,,,,,,
2026-07-03T16:58:59.558591+00:00,2026-07-03T16:58:59.558229,2,3,115.55,0.3,115.4,100,115.2,101,,,,,,,,,,,,,,,,,115.7,100,115.9,100,116.1,200,,,,,,,,,,,,,,
2026-07-03T16:58:59.785242+00:00,2026-07-03T16:58:59.785140,2,2,115.55,0.3,115.4,100,115.2,101,,,,,,,,,,,,,,,,,115.7,100,115.9,300,,,,,,,,,,,,,,,,
2026-07-03T16:58:59.987040+00:00,2026-07-03T16:58:59.986953,2,2,115.55,0.3,115.4,100,115.2,101,,,,,,,,,,,,,,,,,115.7,100,115.9,300,,,,,,,,,,,,,,,,
2026-07-03T16:59:00.183746+00:00,2026-07-03T16:59:00.183680,2,2,115.55,0.3,115.4,100,115.2,101,,,,,,,,,,,,,,,,,115.7,100,115.9,300,,,,,,,,,,,,,,,,
2026-07-03T16:59:00.400456+00:00,2026-07-03T16:59:00.394315,2,3,115.55,0.3,115.4,97,115.2,101,,,,,,,,,,,,,,,,,115.7,100,115.8,200,115.9,100,,,,,,,,,,,,,,
2026-07-03T16:59:00.584277+00:00,2026-07-03T16:59:00.584135,2,3,115.55,0.3,115.4,97,115.2,101,,,,,,,,,,,,,,,,,115.7,52,115.8,200,115.9,100,,,,,,,,,,,,,,
2026-07-03T16:59:00.602646+00:00,2026-07-03T16:59:00.602569,2,3,115.55,0.3,115.4,97,115.2,101,,,,,,,,,,,,,,,,,115.7,52,115.8,197,115.9,100,,,,,,,,,,,,,,
2026-07-03T16:59:00.640781+00:00,2026-07-03T16:59:00.640719,1,2,115.6,0.4,115.4,97,,,,,,,,,,,,,,,,,,,115.8,197,115.9,100,,,,,,,,,,,,,,,,
2026-07-03T16:59:00.701683+00:00,2026-07-03T16:59:00.701574,2,2,115.6,0.4,115.4,97,115.2,150,,,,,,,,,,,,,,,,,115.8,197,115.9,100,,,,,,,,,,,,,,,,
2026-07-03T16:59:00.744600+00:00,2026-07-03T16:59:00.744503,2,3,115.55,0.3,115.4,97,115.2,150,,,,,,,,,,,,,,,,,115.7,150,115.8,197,115.9,100,,,,,,,,,,,,,,
2026-07-03T16:59:00.818766+00:00,2026-07-03T16:59:00.818741,2,3,115.55,0.3,115.4,97,115.2,150,,,,,,,,,,,,,,,,,115.7,150,115.8,197,115.9,100,,,,,,,,,,,,,,
2026-07-03T16:59:01.034680+00:00,2026-07-03T16:59:01.034586,2,3,115.55,0.3,115.4,97,115.2,150,,,,,,,,,,,,,,,,,115.7,150,115.9,100,116.0,200,,,,,,,,,,,,,,
2026-07-03T16:59:01.100915+00:00,2026-07-03T16:59:01.100875,2,3,115.55,0.3,115.4,53,115.2,150,,,,,,,,,,,,,,,,,115.7,150,115.9,100,116.0,200,,,,,,,,,,,,,,
2026-07-03T16:59:01.235218+00:00,2026-07-03T16:59:01.235358,2,3,115.55,0.3,115.4,53,115.2,150,,,,,,,,,,,,,,,,,115.7,150,115.9,100,116.0,200,,,,,,,,,,,,,,
2026-07-03T16:59:01.427291+00:00,2026-07-03T16:59:01.427544,2,3,115.55,0.3,115.4,53,115.2,150,,,,,,,,,,,,,,,,,115.7,150,115.9,100,116.0,200,,,,,,,,,,,,,,
2026-07-03T16:59:01.618088+00:00,2026-07-03T16:59:01.617974,2,3,115.55,0.3,115.4,3,115.2,150,,,,,,,,,,,,,,,,,115.7,150,115.9,100,116.0,200,,,,,,,,,,,,,,
2026-07-03T16:59:01.647737+00:00,2026-07-03T16:59:01.647621,2,3,115.55,0.3,115.4,3,115.2,150,,,,,,,,,,,,,,,,,115.7,150,115.9,100,116.0,200,,,,,,,,,,,,,,
2026-07-03T16:59:01.685552+00:00,2026-07-03T16:59:01.685730,2,3,115.55,0.3,115.4,3,115.2,150,,,,,,,,,,,,,,,,,115.7,105,115.9,100,116.0,200,,,,,,,,,,,,,,
2026-07-03T16:59:01.858741+00:00,2026-07-03T16:59:01.858644,2,3,115.55,0.3,115.4,3,115.2,150,,,,,,,,,,,,,,,,,115.7,105,115.9,100,116.0,200,,,,,,,,,,,,,,
2026-07-03T16:59:02.062615+00:00,2026-07-03T16:59:02.062788,2,2,115.55,0.3,115.4,3,115.2,150,,,,,,,,,,,,,,,,,115.7,105,115.9,100,,,,,,,,,,,,,,,,
2026-07-03T16:59:02.067992+00:00,2026-07-03T16:59:02.067961,2,3,115.55,0.3,115.4,3,115.2,150,,,,,,,,,,,,,,,,,115.7,105,115.9,100,116.0,200,,,,,,,,,,,,,,
2026-07-03T16:59:02.258672+00:00,2026-07-03T16:59:02.257704,2,3,115.55,0.3,115.4,3,115.2,150,,,,,,,,,,,,,,,,,115.7,105,115.9,100,116.0,200,,,,,,,,,,,,,,
2026-07-03T16:59:02.474140+00:00,2026-07-03T16:59:02.474075,2,3,115.55,0.3,115.4,3,115.2,150,,,,,,,,,,,,,,,,,115.7,105,115.9,100,116.0,200,,,,,,,,,,,,,,
2026-07-03T16:59:02.534845+00:00,2026-07-03T16:59:02.534571,1,2,115.45,0.5,115.2,150,,,,,,,,,,,,,,,,,,,115.7,105,116.0,200,,,,,,,,,,,,,,,,
2026-07-03T16:59:02.589097+00:00,2026-07-03T16:59:02.588984,2,2,115.45,0.5,115.2,150,115.0,100,,,,,,,,,,,,,,,,,115.7,105,116.0,200,,,,,,,,,,,,,,,,
2026-07-03T16:59:02.652830+00:00,2026-07-03T16:59:02.653117,2,3,115.35,0.3,115.2,150,115.0,100,,,,,,,,,,,,,,,,,115.5,100,115.7,105,116.0,200,,,,,,,,,,,,,,
2026-07-03T16:59:02.668863+00:00,2026-07-03T16:59:02.669016,2,2,115.35,0.3,115.2,150,115.0,100,,,,,,,,,,,,,,,,,115.5,100,115.7,105,,,,,,,,,,,,,,,,
2026-07-03T16:59:02.674283+00:00,2026-07-03T16:59:02.674175,2,3,115.35,0.3,115.2,150,115.0,100,,,,,,,,,,,,,,,,,115.5,100,115.7,105,116.0,200,,,,,,,,,,,,,,
2026-07-03T16:59:02.877541+00:00,2026-07-03T16:59:02.877407,2,2,115.35,0.3,115.2,150,115.0,100,,,,,,,,,,,,,,,,,115.5,100,115.7,105,,,,,,,,,,,,,,,,
2026-07-03T16:59:02.882666+00:00,2026-07-03T16:59:02.882568,2,3,115.35,0.3,115.2,150,115.0,100,,,,,,,,,,,,,,,,,115.5,100,115.7,105,116.0,200,,,,,,,,,,,,,,
2026-07-03T16:59:03.086075+00:00,2026-07-03T16:59:03.085981,2,3,115.35,0.3,115.2,150,115.0,100,,,,,,,,,,,,,,,,,115.5,100,115.7,105,116.0,200,,,,,,,,,,,,,,
2026-07-03T16:59:03.292241+00:00,2026-07-03T16:59:03.292133,2,3,115.35,0.3,115.2,150,115.0,100,,,,,,,,,,,,,,,,,115.5,100,115.7,105,116.0,200,,,,,,,,,,,,,,
2026-07-03T16:59:03.508995+00:00,2026-07-03T16:59:03.508846,2,3,115.35,0.3,115.2,150,115.0,100,,,,,,,,,,,,,,,,,115.5,100,115.7,105,116.0,200,,,,,,,,,,,,,,
2026-07-03T16:59:03.699943+00:00,2026-07-03T16:59:03.700074,2,3,115.35,0.3,115.2,150,115.0,100,,,,,,,,,,,,,,,,,115.5,100,115.7,105,116.0,200,,,,,,,,,,,,,,
2026-07-03T16:59:03.747078+00:00,2026-07-03T16:59:03.747257,2,3,115.35,0.3,115.2,100,115.0,100,,,,,,,,,,,,,,,,,115.5,100,115.7,105,116.0,200,,,,,,,,,,,,,,
2026-07-03T16:59:03.796871+00:00,2026-07-03T16:59:03.796822,2,2,115.35,0.3,115.2,100,115.0,100,,,,,,,,,,,,,,,,,115.5,100,116.0,200,,,,,,,,,,,,,,,,
2026-07-03T16:59:03.802473+00:00,2026-07-03T16:59:03.802007,1,2,115.25,0.5,115.0,100,,,,,,,,,,,,,,,,,,,115.5,100,116.0,200,,,,,,,,,,,,,,,,
2026-07-03T16:59:03.874024+00:00,2026-07-03T16:59:03.873955,2,2,115.45,0.1,115.4,150,115.0,100,,,,,,,,,,,,,,,,,115.5,100,116.0,200,,,,,,,,,,,,,,,,
2026-07-03T16:59:03.904222+00:00,2026-07-03T16:59:03.904097,2,3,115.45,0.1,115.4,150,115.0,100,,,,,,,,,,,,,,,,,115.5,100,115.9,150,116.0,200,,,,,,,,,,,,,,
2026-07-03T16:59:03.909394+00:00,2026-07-03T16:59:03.909301,2,3,115.45,0.1,115.4,150,115.0,100,,,,,,,,,,,,,,,,,115.5,100,115.9,150,116.0,200,,,,,,,,,,,,,,
2026-07-03T16:59:04.117008+00:00,2026-07-03T16:59:04.116986,2,3,115.45,0.1,115.4,150,115.0,100,,,,,,,,,,,,,,,,,115.5,100,115.9,150,116.1,200,,,,,,,,,,,,,,
2026-07-03T16:59:04.320052+00:00,2026-07-03T16:59:04.319967,2,2,115.45,0.1,115.4,150,115.0,100,,,,,,,,,,,,,,,,,115.5,100,115.9,150,,,,,,,,,,,,,,,,
2026-07-03T16:59:04.325618+00:00,2026-07-03T16:59:04.325170,2,3,115.45,0.1,115.4,150,115.0,100,,,,,,,,,,,,,,,,,115.5,100,115.9,150,116.1,200,,,,,,,,,,,,,,
2026-07-03T16:59:04.530071+00:00,2026-07-03T16:59:04.530038,2,3,115.45,0.1,115.4,150,115.0,100,,,,,,,,,,,,,,,,,115.5,100,115.9,150,116.1,200,,,,,,,,,,,,,,
2026-07-03T16:59:04.736559+00:00,2026-07-03T16:59:04.736487,2,3,115.45,0.1,115.4,150,115.0,100,,,,,,,,,,,,,,,,,115.5,100,115.9,150,116.1,200,,,,,,,,,,,,,,
2026-07-03T16:59:04.961262+00:00,2026-07-03T16:59:04.961199,2,2,115.45,0.1,115.4,150,115.0,100,,,,,,,,,,,,,,,,,115.5,100,115.9,150,,,,,,,,,,,,,,,,
2026-07-03T16:59:04.966555+00:00,2026-07-03T16:59:04.966412,2,2,115.45,0.1,115.4,150,115.0,100,,,,,,,,,,,,,,,,,115.5,100,115.9,350,,,,,,,,,,,,,,,,
2026-07-03T16:59:05.089970+00:00,2026-07-03T16:59:05.089895,2,2,115.45,0.1,115.4,102,115.0,100,,,,,,,,,,,,,,,,,115.5,100,115.9,350,,,,,,,,,,,,,,,,
2026-07-03T16:59:05.153825+00:00,2026-07-03T16:59:05.145225,2,2,115.45,0.1,115.4,102,115.0,100,,,,,,,,,,,,,,,,,115.5,100,115.9,350,,,,,,,,,,,,,,,,
2026-07-03T16:59:05.364211+00:00,2026-07-03T16:59:05.363829,2,2,115.45,0.1,115.4,102,115.0,100,,,,,,,,,,,,,,,,,115.5,100,115.9,350,,,,,,,,,,,,,,,,
2026-07-03T16:59:05.558661+00:00,2026-07-03T16:59:05.554965,2,2,115.45,0.1,115.4,102,115.0,100,,,,,,,,,,,,,,,,,115.5,100,115.9,350,,,,,,,,,,,,,,,,
2026-07-03T16:59:05.696357+00:00,2026-07-03T16:59:05.696228,1,1,115.65,0.5,115.4,102,,,,,,,,,,,,,,,,,,,115.9,350,,,,,,,,,,,,,,,,,,
2026-07-03T16:59:05.758913+00:00,2026-07-03T16:59:05.758770,2,1,115.65,0.5,115.4,102,114.9,100,,,,,,,,,,,,,,,,,115.9,150,,,,,,,,,,,,,,,,,,
2026-07-03T16:59:05.776614+00:00,2026-07-03T16:59:05.776425,2,1,115.65,0.5,115.4,102,114.9,100,,,,,,,,,,,,,,,,,115.9,350,,,,,,,,,,,,,,,,,,
2026-07-03T16:59:05.813200+00:00,2026-07-03T16:59:05.813056,2,1,115.65,0.5,115.4,2,114.9,100,,,,,,,,,,,,,,,,,115.9,350,,,,,,,,,,,,,,,,,,
2026-07-03T16:59:05.874058+00:00,2026-07-03T16:59:05.873957,1,1,115.4,1.0,114.9,52,,,,,,,,,,,,,,,,,,,115.9,350,,,,,,,,,,,,,,,,,,
2026-07-03T16:59:05.974171+00:00,2026-07-03T16:59:05.974110,1,1,115.4,1.0,114.9,52,,,,,,,,,,,,,,,,,,,115.9,350,,,,,,,,,,,,,,,,,,
2026-07-03T16:59:06.190742+00:00,2026-07-03T16:59:06.190870,1,1,115.4,1.0,114.9,52,,,,,,,,,,,,,,,,,,,115.9,350,,,,,,,,,,,,,,,,,,
2026-07-03T16:59:06.412926+00:00,2026-07-03T16:59:06.412847,1,1,115.4,1.0,114.9,52,,,,,,,,,,,,,,,,,,,115.9,150,,,,,,,,,,,,,,,,,,
2026-07-03T16:59:06.418185+00:00,2026-07-03T16:59:06.418022,1,2,115.4,1.0,114.9,52,,,,,,,,,,,,,,,,,,,115.9,150,116.1,200,,,,,,,,,,,,,,,,
2026-07-03T16:59:06.617527+00:00,2026-07-03T16:59:06.617427,1,2,115.4,1.0,114.9,52,,,,,,,,,,,,,,,,,,,115.9,150,116.1,200,,,,,,,,,,,,,,,,
2026-07-03T16:59:06.624298+00:00,2026-07-03T16:59:06.624224,1,2,115.4,1.0,114.9,52,,,,,,,,,,,,,,,,,,,115.9,107,116.1,200,,,,,,,,,,,,,,,,
2026-07-03T16:59:06.823373+00:00,2026-07-03T16:59:06.823296,1,2,115.4,1.0,114.9,52,,,,,,,,,,,,,,,,,,,115.9,107,116.1,200,,,,,,,,,,,,,,,,
2026-07-03T16:59:06.955696+00:00,2026-07-03T16:59:06.955820,1,1,115.5,1.2,114.9,52,,,,,,,,,,,,,,,,,,,116.1,200,,,,,,,,,,,,,,,,,,
2026-07-03T16:59:07.020719+00:00,2026-07-03T16:59:07.020664,2,1,115.55,1.1,115.0,150,114.9,52,,,,,,,,,,,,,,,,,116.1,200,,,,,,,,,,,,,,,,,,
2026-07-03T16:59:07.042558+00:00,2026-07-03T16:59:07.042494,2,1,115.55,1.1,115.0,150,114.9,52,,,,,,,,,,,,,,,,,116.1,200,,,,,,,,,,,,,,,,,,
2026-07-03T16:59:07.074080+00:00,2026-07-03T16:59:07.074000,2,2,115.25,0.5,115.0,150,114.9,52,,,,,,,,,,,,,,,,,115.5,150,116.1,200,,,,,,,,,,,,,,,,
2026-07-03T16:59:07.239729+00:00,2026-07-03T16:59:07.239631,2,2,115.25,0.5,115.0,150,114.9,52,,,,,,,,,,,,,,,,,115.5,150,116.1,200,,,,,,,,,,,,,,,,
2026-07-03T16:59:07.441302+00:00,2026-07-03T16:59:07.441667,2,1,115.25,0.5,115.0,150,114.9,52,,,,,,,,,,,,,,,,,115.5,150,,,,,,,,,,,,,,,,,,
2026-07-03T16:59:07.458596+00:00,2026-07-03T16:59:07.452479,2,2,115.25,0.5,115.0,150,114.9,52,,,,,,,,,,,,,,,,,115.5,150,116.1,200,,,,,,,,,,,,,,,,
2026-07-03T16:59:07.679370+00:00,2026-07-03T16:59:07.679275,2,1,115.25,0.5,115.0,150,114.9,52,,,,,,,,,,,,,,,,,115.5,150,,,,,,,,,,,,,,,,,,
2026-07-03T16:59:07.684598+00:00,2026-07-03T16:59:07.684453,2,2,115.25,0.5,115.0,150,114.9,52,,,,,,,,,,,,,,,,,115.5,150,115.9,200,,,,,,,,,,,,,,,,
2026-07-03T16:59:07.882495+00:00,2026-07-03T16:59:07.882391,2,2,115.25,0.5,115.0,150,114.9,52,,,,,,,,,,,,,,,,,115.5,150,115.9,200,,,,,,,,,,,,,,,,
2026-07-03T16:59:07.915156+00:00,2026-07-03T16:59:07.915104,2,2,115.25,0.5,115.0,150,114.9,52,,,,,,,,,,,,,,,,,115.5,100,115.9,200,,,,,,,,,,,,,,,,
2026-07-03T16:59:08.072085+00:00,2026-07-03T16:59:08.071960,2,2,115.25,0.5,115.0,150,114.9,52,,,,,,,,,,,,,,,,,115.5,100,115.9,200,,,,,,,,,,,,,,,,
2026-07-03T16:59:08.236189+00:00,2026-07-03T16:59:08.236837,2,2,115.25,0.5,115.0,108,114.9,52,,,,,,,,,,,,,,,,,115.5,100,115.9,200,,,,,,,,,,,,,,,,
2026-07-03T16:59:08.278683+00:00,2026-07-03T16:59:08.278601,2,2,115.25,0.5,115.0,108,114.9,52,,,,,,,,,,,,,,,,,115.5,100,115.9,200,,,,,,,,,,,,,,,,
2026-07-03T16:59:08.484654+00:00,2026-07-03T16:59:08.484838,2,1,115.25,0.5,115.0,108,114.9,52,,,,,,,,,,,,,,,,,115.5,100,,,,,,,,,,,,,,,,,,
2026-07-03T16:59:08.505572+00:00,2026-07-03T16:59:08.505503,2,2,115.25,0.5,115.0,108,114.9,52,,,,,,,,,,,,,,,,,115.5,100,115.9,200,,,,,,,,,,,,,,,,
2026-07-03T16:59:08.690038+00:00,2026-07-03T16:59:08.689940,2,2,115.25,0.5,115.0,108,114.9,52,,,,,,,,,,,,,,,,,115.5,100,115.9,200,,,,,,,,,,,,,,,,
2026-07-03T16:59:08.864077+00:00,2026-07-03T16:59:08.863768,1,2,115.25,0.5,115.0,108,,,,,,,,,,,,,,,,,,,115.5,100,115.9,200,,,,,,,,,,,,,,,,
2026-07-03T16:59:08.896785+00:00,2026-07-03T16:59:08.896744,1,2,115.25,0.5,115.0,108,,,,,,,,,,,,,,,,,,,115.5,100,115.9,200,,,,,,,,,,,,,,,,
2026-07-03T16:59:08.929599+00:00,2026-07-03T16:59:08.929529,2,2,115.3,0.4,115.1,100,115.0,108,,,,,,,,,,,,,,,,,115.5,100,115.9,200,,,,,,,,,,,,,,,,
2026-07-03T16:59:08.994817+00:00,2026-07-03T16:59:08.994679,2,3,115.3,0.4,115.1,100,115.0,108,,,,,,,,,,,,,,,,,115.5,100,115.6,100,115.9,200,,,,,,,,,,,,,,
2026-07-03T16:59:09.124679+00:00,2026-07-03T16:59:09.124661,2,3,115.3,0.4,115.1,100,115.0,108,,,,,,,,,,,,,,,,,115.5,100,115.6,100,115.9,200,,,,,,,,,,,,,,
2026-07-03T16:59:09.322848+00:00,2026-07-03T16:59:09.322717,2,3,115.3,0.4,115.1,100,115.0,108,,,,,,,,,,,,,,,,,115.5,100,115.6,100,115.9,200,,,,,,,,,,,,,,
2026-07-03T16:59:09.530173+00:00,2026-07-03T16:59:09.529960,2,3,115.3,0.4,115.1,100,115.0,108,,,,,,,,,,,,,,,,,115.5,100,115.6,100,115.9,200,,,,,,,,,,,,,,
2026-07-03T16:59:09.739345+00:00,2026-07-03T16:59:09.739515,2,3,115.3,0.4,115.1,100,115.0,108,,,,,,,,,,,,,,,,,115.5,100,115.6,100,115.9,200,,,,,,,,,,,,,,
2026-07-03T16:59:09.925488+00:00,2026-07-03T16:59:09.925347,2,3,115.3,0.4,115.1,100,115.0,108,,,,,,,,,,,,,,,,,115.5,100,115.6,100,115.9,200,,,,,,,,,,,,,,
2026-07-03T16:59:09.974053+00:00,2026-07-03T16:59:09.973987,2,3,115.3,0.4,115.1,56,115.0,108,,,,,,,,,,,,,,,,,115.5,100,115.6,100,115.9,200,,,,,,,,,,,,,,
2026-07-03T16:59:10.075529+00:00,2026-07-03T16:59:10.075455,2,3,115.3,0.4,115.1,6,115.0,108,,,,,,,,,,,,,,,,,115.5,100,115.6,100,115.9,200,,,,,,,,,,,,,,
2026-07-03T16:59:10.124416+00:00,2026-07-03T16:59:10.124334,1,2,115.35,0.5,115.1,6,,,,,,,,,,,,,,,,,,,115.6,100,115.9,200,,,,,,,,,,,,,,,,
2026-07-03T16:59:10.140290+00:00,2026-07-03T16:59:10.139994,1,2,115.35,0.5,115.1,6,,,,,,,,,,,,,,,,,,,115.6,100,115.9,200,,,,,,,,,,,,,,,,
2026-07-03T16:59:10.178798+00:00,2026-07-03T16:59:10.178693,2,2,115.35,0.5,115.1,6,114.9,150,,,,,,,,,,,,,,,,,115.6,100,115.9,200,,,,,,,,,,,,,,,,
2026-07-03T16:59:10.231429+00:00,2026-07-03T16:59:10.231279,2,3,115.25,0.3,115.1,6,114.9,150,,,,,,,,,,,,,,,,,115.4,150,115.6,100,115.9,200,,,,,,,,,,,,,,
2026-07-03T16:59:10.338719+00:00,2026-07-03T16:59:10.338620,2,3,115.25,0.3,115.1,6,114.9,150,,,,,,,,,,,,,,,,,115.4,150,115.6,100,115.9,200,,,,,,,,,,,,,,
2026-07-03T16:59:10.458602+00:00,2026-07-03T16:59:10.454979,2,3,115.25,0.3,115.1,6,114.9,150,,,,,,,,,,,,,,,,,115.4,104,115.6,100,115.9,200,,,,,,,,,,,,,,
2026-07-03T16:59:10.569287+00:00,2026-07-03T16:59:10.568905,2,3,115.25,0.3,115.1,6,114.9,150,,,,,,,,,,,,,,,,,115.4,104,115.6,100,115.9,200,,,,,,,,,,,,,,
2026-07-03T16:59:10.774096+00:00,2026-07-03T16:59:10.774013,2,3,115.25,0.3,115.1,6,114.9,150,,,,,,,,,,,,,,,,,115.4,104,115.6,100,115.9,200,,,,,,,,,,,,,,
2026-07-03T16:59:10.985216+00:00,2026-07-03T16:59:10.984985,2,3,115.25,0.3,115.1,6,114.9,150,,,,,,,,,,,,,,,,,115.4,58,115.6,100,115.9,200,,,,,,,,,,,,,,
2026-07-03T16:59:11.170385+00:00,2026-07-03T16:59:11.170217,2,3,115.25,0.3,115.1,6,114.9,150,,,,,,,,,,,,,,,,,115.4,58,115.6,100,115.9,200,,,,,,,,,,,,,,
2026-07-03T16:59:11.376703+00:00,2026-07-03T16:59:11.376561,2,2,115.25,0.3,115.1,6,114.9,150,,,,,,,,,,,,,,,,,115.4,58,115.6,100,,,,,,,,,,,,,,,,
2026-07-03T16:59:11.381666+00:00,2026-07-03T16:59:11.381759,2,3,115.25,0.3,115.1,6,114.9,150,,,,,,,,,,,,,,,,,115.4,58,115.6,100,115.9,200,,,,,,,,,,,,,,
2026-07-03T16:59:11.558573+00:00,2026-07-03T16:59:11.556604,1,3,115.15,0.5,114.9,111,,,,,,,,,,,,,,,,,,,115.4,58,115.6,100,115.9,200,,,,,,,,,,,,,,
2026-07-03T16:59:11.598029+00:00,2026-07-03T16:59:11.597911,1,2,115.15,0.5,114.9,111,,,,,,,,,,,,,,,,,,,115.4,58,115.6,100,,,,,,,,,,,,,,,,
2026-07-03T16:59:11.603316+00:00,2026-07-03T16:59:11.603161,1,3,115.15,0.5,114.9,111,,,,,,,,,,,,,,,,,,,115.4,58,115.6,100,115.9,200,,,,,,,,,,,,,,
2026-07-03T16:59:11.801423+00:00,2026-07-03T16:59:11.801751,1,3,115.15,0.5,114.9,111,,,,,,,,,,,,,,,,,,,115.4,58,115.6,100,115.9,200,,,,,,,,,,,,,,
2026-07-03T16:59:12.013854+00:00,2026-07-03T16:59:12.013752,1,3,115.15,0.5,114.9,111,,,,,,,,,,,,,,,,,,,115.4,58,115.6,100,115.9,200,,,,,,,,,,,,,,
2026-07-03T16:59:12.038082+00:00,2026-07-03T16:59:12.037833,1,2,115.15,0.5,114.9,111,,,,,,,,,,,,,,,,,,,115.4,58,115.9,200,,,,,,,,,,,,,,,,
2026-07-03T16:59:12.082519+00:00,2026-07-03T16:59:12.082372,2,2,115.15,0.5,114.9,111,114.8,100,,,,,,,,,,,,,,,,,115.4,58,115.9,200,,,,,,,,,,,,,,,,
2026-07-03T16:59:12.148530+00:00,2026-07-03T16:59:12.141848,2,3,115.1,0.4,114.9,111,114.8,100,,,,,,,,,,,,,,,,,115.3,97,115.4,58,115.9,200,,,,,,,,,,,,,,
2026-07-03T16:59:12.221306+00:00,2026-07-03T16:59:12.221241,2,2,115.1,0.4,114.9,111,114.8,100,,,,,,,,,,,,,,,,,115.3,97,115.4,58,,,,,,,,,,,,,,,,
2026-07-03T16:59:12.226491+00:00,2026-07-03T16:59:12.226427,2,3,115.1,0.4,114.9,111,114.8,100,,,,,,,,,,,,,,,,,115.3,97,115.4,58,115.9,200,,,,,,,,,,,,,,
2026-07-03T16:59:12.431050+00:00,2026-07-03T16:59:12.430951,2,3,115.1,0.4,114.9,111,114.8,100,,,,,,,,,,,,,,,,,115.3,97,115.4,58,115.9,200,,,,,,,,,,,,,,
2026-07-03T16:59:12.622962+00:00,2026-07-03T16:59:12.622856,2,3,115.1,0.4,114.9,111,114.8,100,,,,,,,,,,,,,,,,,115.3,97,115.4,58,115.9,200,,,,,,,,,,,,,,
2026-07-03T16:59:12.840157+00:00,2026-07-03T16:59:12.840117,2,3,115.1,0.4,114.9,111,114.8,100,,,,,,,,,,,,,,,,,115.3,97,115.4,58,115.9,200,,,,,,,,,,,,,,
2026-07-03T16:59:13.035941+00:00,2026-07-03T16:59:13.036091,2,3,115.1,0.4,114.9,111,114.8,100,,,,,,,,,,,,,,,,,115.3,97,115.4,58,115.9,200,,,,,,,,,,,,,,
2026-07-03T16:59:13.242996+00:00,2026-07-03T16:59:13.242896,2,2,115.1,0.4,114.9,111,114.8,100,,,,,,,,,,,,,,,,,115.3,97,115.4,58,,,,,,,,,,,,,,,,
2026-07-03T16:59:13.247967+00:00,2026-07-03T16:59:13.248062,2,3,115.1,0.4,114.9,111,114.8,100,,,,,,,,,,,,,,,,,115.3,97,115.4,58,115.9,200,,,,,,,,,,,,,,
2026-07-03T16:59:13.286808+00:00,2026-07-03T16:59:13.286706,2,2,115.1,0.4,114.9,111,114.8,100,,,,,,,,,,,,,,,,,115.3,97,115.9,200,,,,,,,,,,,,,,,,
2026-07-03T16:59:13.291791+00:00,2026-07-03T16:59:13.291918,1,2,115.05,0.5,114.8,100,,,,,,,,,,,,,,,,,,,115.3,97,115.9,200,,,,,,,,,,,,,,,,
2026-07-03T16:59:13.358565+00:00,2026-07-03T16:59:13.354034,2,2,115.2,0.2,115.1,150,114.8,100,,,,,,,,,,,,,,,,,115.3,97,115.9,200,,,,,,,,,,,,,,,,
2026-07-03T16:59:13.407466+00:00,2026-07-03T16:59:13.407339,2,3,115.2,0.2,115.1,150,114.8,100,,,,,,,,,,,,,,,,,115.3,97,115.6,150,115.9,200,,,,,,,,,,,,,,
2026-07-03T16:59:13.457596+00:00,2026-07-03T16:59:13.457767,2,3,115.2,0.2,115.1,150,114.8,100,,,,,,,,,,,,,,,,,115.3,97,115.6,150,115.9,200,,,,,,,,,,,,,,
2026-07-03T16:59:13.701556+00:00,2026-07-03T16:59:13.701318,2,3,115.2,0.2,115.1,150,114.8,100,,,,,,,,,,,,,,,,,115.3,97,115.6,150,115.9,200,,,,,,,,,,,,,,
2026-07-03T16:59:13.748354+00:00,2026-07-03T16:59:13.748148,2,3,115.2,0.2,115.1,150,114.8,100,,,,,,,,,,,,,,,,,115.3,48,115.6,150,115.9,200,,,,,,,,,,,,,,
2026-07-03T16:59:13.887355+00:00,2026-07-03T16:59:13.887264,2,3,115.2,0.2,115.1,150,114.8,100,,,,,,,,,,,,,,,,,115.3,48,115.6,150,115.9,200,,,,,,,,,,,,,,
2026-07-03T16:59:14.109204+00:00,2026-07-03T16:59:14.109156,2,3,115.2,0.2,115.1,150,114.8,100,,,,,,,,,,,,,,,,,115.3,48,115.6,150,116.0,200,,,,,,,,,,,,,,
2026-07-03T16:59:14.332210+00:00,2026-07-03T16:59:14.331923,2,3,115.2,0.2,115.1,100,114.8,100,,,,,,,,,,,,,,,,,115.3,48,115.6,150,116.0,200,,,,,,,,,,,,,,
2026-07-03T16:59:14.529735+00:00,2026-07-03T16:59:14.529672,2,2,115.2,0.2,115.1,100,114.8,100,,,,,,,,,,,,,,,,,115.3,48,115.6,150,,,,,,,,,,,,,,,,
2026-07-03T16:59:14.534898+00:00,2026-07-03T16:59:14.534839,2,3,115.2,0.2,115.1,100,114.8,100,,,,,,,,,,,,,,,,,115.3,48,115.6,150,116.0,200,,,,,,,,,,,,,,
2026-07-03T16:59:14.708170+00:00,2026-07-03T16:59:14.708092,2,3,115.2,0.2,115.1,100,114.8,100,,,,,,,,,,,,,,,,,115.3,48,115.6,150,116.0,200,,,,,,,,,,,,,,
2026-07-03T16:59:14.958564+00:00,2026-07-03T16:59:14.949004,2,3,115.2,0.2,115.1,100,114.8,100,,,,,,,,,,,,,,,,,115.3,48,115.6,150,116.0,200,,,,,,,,,,,,,,
2026-07-03T16:59:15.139494+00:00,2026-07-03T16:59:15.139424,2,3,115.2,0.2,115.1,100,114.8,100,,,,,,,,,,,,,,,,,115.3,48,115.6,150,116.0,200,,,,,,,,,,,,,,
2026-07-03T16:59:15.192908+00:00,2026-07-03T16:59:15.192694,1,2,115.35,0.5,115.1,100,,,,,,,,,,,,,,,,,,,115.6,150,116.0,200,,,,,,,,,,,,,,,,
2026-07-03T16:59:15.250905+00:00,2026-07-03T16:59:15.250818,2,2,115.35,0.5,115.1,100,115.0,100,,,,,,,,,,,,,,,,,115.6,150,116.0,200,,,,,,,,,,,,,,,,
2026-07-03T16:59:15.326315+00:00,2026-07-03T16:59:15.326164,2,3,115.3,0.4,115.1,100,115.0,100,,,,,,,,,,,,,,,,,115.5,100,115.6,150,116.0,200,,,,,,,,,,,,,,
2026-07-03T16:59:15.358937+00:00,2026-07-03T16:59:15.358878,2,3,115.3,0.4,115.1,100,115.0,100,,,,,,,,,,,,,,,,,115.5,100,115.6,150,116.0,200,,,,,,,,,,,,,,
2026-07-03T16:59:15.543136+00:00,2026-07-03T16:59:15.542955,2,2,115.3,0.4,115.1,100,115.0,100,,,,,,,,,,,,,,,,,115.5,100,115.6,150,,,,,,,,,,,,,,,,
2026-07-03T16:59:15.563904+00:00,2026-07-03T16:59:15.563839,2,3,115.3,0.4,115.1,100,115.0,100,,,,,,,,,,,,,,,,,115.5,100,115.6,150,116.1,200,,,,,,,,,,,,,,
2026-07-03T16:59:15.764104+00:00,2026-07-03T16:59:15.764005,2,3,115.3,0.4,115.1,100,115.0,100,,,,,,,,,,,,,,,,,115.5,100,115.6,150,116.1,200,,,,,,,,,,,,,,
2026-07-03T16:59:15.970441+00:00,2026-07-03T16:59:15.970406,2,3,115.3,0.4,115.1,100,115.0,100,,,,,,,,,,,,,,,,,115.5,100,115.6,150,116.1,200,,,,,,,,,,,,,,
2026-07-03T16:59:16.175433+00:00,2026-07-03T16:59:16.175856,2,3,115.3,0.4,115.1,100,115.0,100,,,,,,,,,,,,,,,,,115.5,100,115.6,150,116.1,200,,,,,,,,,,,,,,
2026-07-03T16:59:16.342235+00:00,2026-07-03T16:59:16.342207,2,3,115.3,0.4,115.1,100,115.0,100,,,,,,,,,,,,,,,,,115.5,50,115.6,150,116.1,200,,,,,,,,,,,,,,
2026-07-03T16:59:16.384157+00:00,2026-07-03T16:59:16.384067,2,3,115.3,0.4,115.1,100,115.0,100,,,,,,,,,,,,,,,,,115.5,50,115.6,150,116.1,200,,,,,,,,,,,,,,
2026-07-03T16:59:16.458554+00:00,2026-07-03T16:59:16.455528,1,2,115.25,0.5,115.0,100,,,,,,,,,,,,,,,,,,,115.5,50,116.1,200,,,,,,,,,,,,,,,,
2026-07-03T16:59:16.515962+00:00,2026-07-03T16:59:16.515927,2,2,115.3,0.4,115.1,150,115.0,100,,,,,,,,,,,,,,,,,115.5,50,116.1,200,,,,,,,,,,,,,,,,
2026-07-03T16:59:16.584562+00:00,2026-07-03T16:59:16.584470,2,3,115.3,0.4,115.1,150,115.0,100,,,,,,,,,,,,,,,,,115.5,50,115.6,150,116.1,200,,,,,,,,,,,,,,
2026-07-03T16:59:16.589688+00:00,2026-07-03T16:59:16.589649,2,2,115.3,0.4,115.1,150,115.0,100,,,,,,,,,,,,,,,,,115.5,50,115.6,150,,,,,,,,,,,,,,,,
2026-07-03T16:59:16.608027+00:00,2026-07-03T16:59:16.608001,2,3,115.3,0.4,115.1,150,115.0,100,,,,,,,,,,,,,,,,,115.5,50,115.6,150,116.1,200,,,,,,,,,,,,,,
2026-07-03T16:59:16.828883+00:00,2026-07-03T16:59:16.828430,2,3,115.3,0.4,115.1,150,115.0,100,,,,,,,,,,,,,,,,,115.5,50,115.6,150,116.1,200,,,,,,,,,,,,,,
2026-07-03T16:59:17.026436+00:00,2026-07-03T16:59:17.026407,2,2,115.3,0.4,115.1,150,115.0,100,,,,,,,,,,,,,,,,,115.5,50,115.6,150,,,,,,,,,,,,,,,,
2026-07-03T16:59:17.031673+00:00,2026-07-03T16:59:17.031575,2,3,115.3,0.4,115.1,150,115.0,100,,,,,,,,,,,,,,,,,115.5,50,115.6,150,116.1,200,,,,,,,,,,,,,,
2026-07-03T16:59:17.094169+00:00,2026-07-03T16:59:17.094060,2,3,115.3,0.4,115.1,150,115.0,100,,,,,,,,,,,,,,,,,115.5,4,115.6,150,116.1,200,,,,,,,,,,,,,,
2026-07-03T16:59:17.217969+00:00,2026-07-03T16:59:17.217895,2,3,115.3,0.4,115.1,150,115.0,100,,,,,,,,,,,,,,,,,115.5,4,115.6,150,116.1,200,,,,,,,,,,,,,,
2026-07-03T16:59:17.425457+00:00,2026-07-03T16:59:17.425365,2,2,115.3,0.4,115.1,150,115.0,100,,,,,,,,,,,,,,,,,115.5,4,115.6,150,,,,,,,,,,,,,,,,
2026-07-03T16:59:17.430756+00:00,2026-07-03T16:59:17.430645,2,3,115.3,0.4,115.1,150,115.0,100,,,,,,,,,,,,,,,,,115.5,4,115.6,150,116.2,200,,,,,,,,,,,,,,
2026-07-03T16:59:17.637491+00:00,2026-07-03T16:59:17.637243,2,3,115.3,0.4,115.1,150,115.0,100,,,,,,,,,,,,,,,,,115.5,4,115.6,150,116.2,200,,,,,,,,,,,,,,
2026-07-03T16:59:17.863865+00:00,2026-07-03T16:59:17.863840,2,3,115.3,0.4,115.1,150,115.0,100,,,,,,,,,,,,,,,,,115.5,4,115.6,150,116.2,200,,,,,,,,,,,,,,
2026-07-03T16:59:18.058786+00:00,2026-07-03T16:59:18.058686,2,3,115.3,0.4,115.1,150,115.0,100,,,,,,,,,,,,,,,,,115.5,4,115.6,150,116.2,200,,,,,,,,,,,,,,
2026-07-03T16:59:18.263952+00:00,2026-07-03T16:59:18.263872,2,3,115.3,0.4,115.1,150,115.0,100,,,,,,,,,,,,,,,,,115.5,4,115.6,150,116.2,200,,,,,,,,,,,,,,
2026-07-03T16:59:18.353450+00:00,2026-07-03T16:59:18.353928,1,2,115.35,0.5,115.1,150,,,,,,,,,,,,,,,,,,,115.6,150,116.2,200,,,,,,,,,,,,,,,,
2026-07-03T16:59:18.407208+00:00,2026-07-03T16:59:18.407139,2,2,115.55,0.1,115.5,100,115.1,150,,,,,,,,,,,,,,,,,115.6,150,116.2,200,,,,,,,,,,,,,,,,
2026-07-03T16:59:18.448290+00:00,2026-07-03T16:59:18.448194,2,2,115.55,0.1,115.5,100,115.1,150,,,,,,,,,,,,,,,,,115.6,100,116.2,200,,,,,,,,,,,,,,,,
2026-07-03T16:59:18.458544+00:00,2026-07-03T16:59:18.456361,2,3,115.55,0.1,115.5,100,115.1,150,,,,,,,,,,,,,,,,,115.6,100,116.0,100,116.2,200,,,,,,,,,,,,,,
2026-07-03T16:59:18.669279+00:00,2026-07-03T16:59:18.669458,2,3,115.55,0.1,115.5,100,115.1,150,,,,,,,,,,,,,,,,,115.6,100,116.0,100,116.2,200,,,,,,,,,,,,,,
2026-07-03T16:59:18.885270+00:00,2026-07-03T16:59:18.885540,2,2,115.55,0.1,115.5,100,115.1,150,,,,,,,,,,,,,,,,,115.6,100,116.0,100,,,,,,,,,,,,,,,,
2026-07-03T16:59:18.890649+00:00,2026-07-03T16:59:18.890794,2,3,115.55,0.1,115.5,100,115.1,150,,,,,,,,,,,,,,,,,115.6,100,116.0,100,116.2,200,,,,,,,,,,,,,,
2026-07-03T16:59:19.079208+00:00,2026-07-03T16:59:19.079184,2,2,115.55,0.1,115.5,100,115.1,150,,,,,,,,,,,,,,,,,115.6,100,116.0,100,,,,,,,,,,,,,,,,
2026-07-03T16:59:19.084461+00:00,2026-07-03T16:59:19.084360,2,3,115.55,0.1,115.5,100,115.1,150,,,,,,,,,,,,,,,,,115.6,100,116.0,100,116.2,200,,,,,,,,,,,,,,
2026-07-03T16:59:19.309101+00:00,2026-07-03T16:59:19.308991,2,3,115.55,0.1,115.5,100,115.1,150,,,,,,,,,,,,,,,,,115.6,100,116.0,100,116.2,200,,,,,,,,,,,,,,
2026-07-03T16:59:19.507875+00:00,2026-07-03T16:59:19.508063,2,3,115.55,0.1,115.5,100,115.1,150,,,,,,,,,,,,,,,,,115.6,100,116.0,100,116.2,200,,,,,,,,,,,,,,
2026-07-03T16:59:19.633414+00:00,2026-07-03T16:59:19.633572,1,2,115.75,0.5,115.5,100,,,,,,,,,,,,,,,,,,,116.0,100,116.2,200,,,,,,,,,,,,,,,,
2026-07-03T16:59:19.679063+00:00,2026-07-03T16:59:19.678833,2,2,115.75,0.5,115.5,100,115.4,150,,,,,,,,,,,,,,,,,116.0,100,116.2,200,,,,,,,,,,,,,,,,
2026-07-03T16:59:19.697996+00:00,2026-07-03T16:59:19.697860,2,1,115.75,0.5,115.5,100,115.4,150,,,,,,,,,,,,,,,,,116.0,100,,,,,,,,,,,,,,,,,,
2026-07-03T16:59:19.758602+00:00,2026-07-03T16:59:19.745954,2,3,115.7,0.4,115.5,100,115.4,150,,,,,,,,,,,,,,,,,115.9,150,116.0,100,116.2,200,,,,,,,,,,,,,,
2026-07-03T16:59:19.958553+00:00,2026-07-03T16:59:19.952410,2,3,115.7,0.4,115.5,100,115.4,150,,,,,,,,,,,,,,,,,115.9,150,116.0,100,116.2,200,,,,,,,,,,,,,,
2026-07-03T16:59:20.143245+00:00,2026-07-03T16:59:20.143584,2,3,115.7,0.4,115.5,100,115.4,150,,,,,,,,,,,,,,,,,115.9,150,116.0,100,116.2,200,,,,,,,,,,,,,,
2026-07-03T16:59:20.358536+00:00,2026-07-03T16:59:20.348607,2,3,115.7,0.4,115.5,100,115.4,150,,,,,,,,,,,,,,,,,115.9,150,116.0,100,116.2,200,,,,,,,,,,,,,,
2026-07-03T16:59:20.569576+00:00,2026-07-03T16:59:20.569522,2,3,115.7,0.4,115.5,100,115.4,150,,,,,,,,,,,,,,,,,115.9,150,116.0,100,116.2,200,,,,,,,,,,,,,,
2026-07-03T16:59:20.582886+00:00,2026-07-03T16:59:20.582856,2,3,115.7,0.4,115.5,100,115.4,150,,,,,,,,,,,,,,,,,115.9,100,116.0,100,116.2,200,,,,,,,,,,,,,,
2026-07-03T16:59:20.780315+00:00,2026-07-03T16:59:20.780237,2,3,115.7,0.4,115.5,100,115.4,150,,,,,,,,,,,,,,,,,115.9,100,116.0,100,116.2,200,,,,,,,,,,,,,,
