recv_time,book_timestamp,n_bids,n_asks,mid,spread,bid_px_0,bid_vol_0,bid_px_1,bid_vol_1,bid_px_2,bid_vol_2,bid_px_3,bid_vol_3,bid_px_4,bid_vol_4,bid_px_5,bid_vol_5,bid_px_6,bid_vol_6,bid_px_7,bid_vol_7,bid_px_8,bid_vol_8,bid_px_9,bid_vol_9,ask_px_0,ask_vol_0,ask_px_1,ask_vol_1,ask_px_2,ask_vol_2,ask_px_3,ask_vol_3,ask_px_4,ask_vol_4,ask_px_5,ask_vol_5,ask_px_6,ask_vol_6,ask_px_7,ask_vol_7,ask_px_8,ask_vol_8,ask_px_9,ask_vol_9
2026-07-14T23:00:00.750507+00:00,2026-07-14T23:00:00.692474,2,2,65.6,0.4,65.4,105,65.3,100,,,,,,,,,,,,,,,,,65.8,59,65.9,107,,,,,,,,,,,,,,,,
2026-07-14T23:00:01.123807+00:00,2026-07-14T23:00:01.075180,1,1,65.55,0.5,65.3,100,,,,,,,,,,,,,,,,,,,65.8,59,,,,,,,,,,,,,,,,,,
2026-07-14T23:00:01.134644+00:00,2026-07-14T23:00:01.131996,2,1,65.6,0.4,65.4,150,65.3,100,,,,,,,,,,,,,,,,,65.8,59,,,,,,,,,,,,,,,,,,
2026-07-14T23:00:01.191678+00:00,2026-07-14T23:00:01.185238,2,2,65.6,0.4,65.4,150,65.3,100,,,,,,,,,,,,,,,,,65.8,59,65.9,150,,,,,,,,,,,,,,,,
2026-07-14T23:00:02.498473+00:00,2026-07-14T23:00:02.496852,2,1,65.65,0.5,65.4,150,65.3,100,,,,,,,,,,,,,,,,,65.9,150,,,,,,,,,,,,,,,,,,
2026-07-14T23:00:02.533955+00:00,2026-07-14T23:00:02.498715,1,1,65.65,0.5,65.4,150,,,,,,,,,,,,,,,,,,,65.9,150,,,,,,,,,,,,,,,,,,
2026-07-14T23:00:02.555194+00:00,2026-07-14T23:00:02.551309,2,1,65.65,0.5,65.4,150,65.3,100,,,,,,,,,,,,,,,,,65.9,150,,,,,,,,,,,,,,,,,,
2026-07-14T23:00:02.607749+00:00,2026-07-14T23:00:02.605020,2,2,65.6,0.4,65.4,150,65.3,100,,,,,,,,,,,,,,,,,65.8,100,65.9,150,,,,,,,,,,,,,,,,
2026-07-14T23:00:03.090515+00:00,2026-07-14T23:00:03.086699,2,2,65.6,0.4,65.4,150,65.3,100,,,,,,,,,,,,,,,,,65.8,50,65.9,150,,,,,,,,,,,,,,,,
2026-07-14T23:00:04.243075+00:00,2026-07-14T23:00:04.241927,1,1,65.55,0.5,65.3,100,,,,,,,,,,,,,,,,,,,65.8,50,,,,,,,,,,,,,,,,,,
2026-07-14T23:00:04.295693+00:00,2026-07-14T23:00:04.295169,1,1,65.55,0.5,65.3,250,,,,,,,,,,,,,,,,,,,65.8,50,,,,,,,,,,,,,,,,,,
2026-07-14T23:00:04.348613+00:00,2026-07-14T23:00:04.348100,1,1,65.55,0.5,65.3,250,,,,,,,,,,,,,,,,,,,65.8,200,,,,,,,,,,,,,,,,,,
2026-07-14T23:00:05.199914+00:00,2026-07-14T23:00:05.194460,1,1,65.55,0.5,65.3,250,,,,,,,,,,,,,,,,,,,65.8,150,,,,,,,,,,,,,,,,,,
2026-07-14T23:00:05.665591+00:00,2026-07-14T23:00:05.659270,1,1,65.55,0.5,65.3,150,,,,,,,,,,,,,,,,,,,65.8,150,,,,,,,,,,,,,,,,,,
2026-07-14T23:00:05.740324+00:00,2026-07-14T23:00:05.737121,1,1,65.55,0.5,65.3,150,,,,,,,,,,,,,,,,,,,65.8,50,,,,,,,,,,,,,,,,,,
2026-07-14T23:00:05.793435+00:00,2026-07-14T23:00:05.789829,1,2,65.55,0.5,65.3,150,,,,,,,,,,,,,,,,,,,65.8,50,66.3,100,,,,,,,,,,,,,,,,
2026-07-14T23:00:07.308444+00:00,2026-07-14T23:00:07.301893,1,1,65.8,1.0,65.3,150,,,,,,,,,,,,,,,,,,,66.3,100,,,,,,,,,,,,,,,,,,
2026-07-14T23:00:07.403852+00:00,2026-07-14T23:00:07.402342,0,1,,,,,,,,,,,,,,,,,,,,,,,66.3,100,,,,,,,,,,,,,,,,,,
2026-07-14T23:00:07.464860+00:00,2026-07-14T23:00:07.464191,1,1,66.15,0.3,66.0,129,,,,,,,,,,,,,,,,,,,66.3,100,,,,,,,,,,,,,,,,,,
2026-07-14T23:00:07.475617+00:00,2026-07-14T23:00:07.466155,1,1,66.15,0.3,66.0,111,,,,,,,,,,,,,,,,,,,66.3,100,,,,,,,,,,,,,,,,,,
2026-07-14T23:00:07.518419+00:00,2026-07-14T23:00:07.508941,1,2,66.15,0.3,66.0,111,,,,,,,,,,,,,,,,,,,66.3,100,66.5,150,,,,,,,,,,,,,,,,
2026-07-14T23:00:08.852862+00:00,2026-07-14T23:00:08.843302,1,1,66.25,0.5,66.0,111,,,,,,,,,,,,,,,,,,,66.5,150,,,,,,,,,,,,,,,,,,
2026-07-14T23:00:08.906139+00:00,2026-07-14T23:00:08.897322,2,1,66.25,0.5,66.0,111,65.5,100,,,,,,,,,,,,,,,,,66.5,150,,,,,,,,,,,,,,,,,,
2026-07-14T23:00:08.959231+00:00,2026-07-14T23:00:08.952489,2,1,66.25,0.5,66.0,11,65.5,100,,,,,,,,,,,,,,,,,66.5,150,,,,,,,,,,,,,,,,,,
2026-07-14T23:00:09.468875+00:00,2026-07-14T23:00:09.463990,1,1,66.0,1.0,65.5,61,,,,,,,,,,,,,,,,,,,66.5,150,,,,,,,,,,,,,,,,,,
2026-07-14T23:00:10.584045+00:00,2026-07-14T23:00:10.577852,1,0,,,65.5,61,,,,,,,,,,,,,,,,,,,,,,,,,,,,,,,,,,,,,,
2026-07-14T23:00:10.636888+00:00,2026-07-14T23:00:10.632138,1,0,,,65.5,211,,,,,,,,,,,,,,,,,,,,,,,,,,,,,,,,,,,,,,
2026-07-14T23:00:10.690108+00:00,2026-07-14T23:00:10.684872,1,1,65.75,0.5,65.5,211,,,,,,,,,,,,,,,,,,,66.0,150,,,,,,,,,,,,,,,,,,
2026-07-14T23:00:12.015609+00:00,2026-07-14T23:00:12.006574,1,1,65.75,0.5,65.5,150,,,,,,,,,,,,,,,,,,,66.0,150,,,,,,,,,,,,,,,,,,
2026-07-14T23:00:12.069315+00:00,2026-07-14T23:00:12.060087,1,1,65.75,0.5,65.5,250,,,,,,,,,,,,,,,,,,,66.0,150,,,,,,,,,,,,,,,,,,
2026-07-14T23:00:12.122720+00:00,2026-07-14T23:00:12.112854,1,1,65.75,0.5,65.5,250,,,,,,,,,,,,,,,,,,,66.0,250,,,,,,,,,,,,,,,,,,
2026-07-14T23:00:12.509547+00:00,2026-07-14T23:00:12.503101,1,1,65.75,0.5,65.5,202,,,,,,,,,,,,,,,,,,,66.0,250,,,,,,,,,,,,,,,,,,
2026-07-14T23:00:13.630417+00:00,2026-07-14T23:00:13.623310,1,1,65.75,0.5,65.5,202,,,,,,,,,,,,,,,,,,,66.0,200,,,,,,,,,,,,,,,,,,
2026-07-14T23:00:13.748358+00:00,2026-07-14T23:00:13.740200,1,1,65.75,0.5,65.5,100,,,,,,,,,,,,,,,,,,,66.0,100,,,,,,,,,,,,,,,,,,
2026-07-14T23:00:13.802723+00:00,2026-07-14T23:00:13.792271,2,1,65.75,0.5,65.5,100,65.4,150,,,,,,,,,,,,,,,,,66.0,100,,,,,,,,,,,,,,,,,,
2026-07-14T23:00:13.845376+00:00,2026-07-14T23:00:13.844048,2,2,65.7,0.4,65.5,100,65.4,150,,,,,,,,,,,,,,,,,65.9,150,66.0,100,,,,,,,,,,,,,,,,
2026-07-14T23:00:15.176706+00:00,2026-07-14T23:00:15.168571,1,1,65.65,0.5,65.4,150,,,,,,,,,,,,,,,,,,,65.9,150,,,,,,,,,,,,,,,,,,
2026-07-14T23:00:15.230241+00:00,2026-07-14T23:00:15.221419,2,1,65.7,0.4,65.5,100,65.4,150,,,,,,,,,,,,,,,,,65.9,150,,,,,,,,,,,,,,,,,,
2026-07-14T23:00:15.283312+00:00,2026-07-14T23:00:15.273592,2,2,65.7,0.4,65.5,100,65.4,150,,,,,,,,,,,,,,,,,65.9,150,66.0,100,,,,,,,,,,,,,,,,
2026-07-14T23:00:15.738571+00:00,2026-07-14T23:00:15.730514,2,2,65.7,0.4,65.5,100,65.4,150,,,,,,,,,,,,,,,,,65.9,100,66.0,100,,,,,,,,,,,,,,,,
2026-07-14T23:00:16.903626+00:00,2026-07-14T23:00:16.900166,1,1,65.75,0.5,65.5,100,,,,,,,,,,,,,,,,,,,66.0,100,,,,,,,,,,,,,,,,,,
2026-07-14T23:00:16.956939+00:00,2026-07-14T23:00:16.952900,1,1,65.75,0.5,65.5,250,,,,,,,,,,,,,,,,,,,66.0,100,,,,,,,,,,,,,,,,,,
2026-07-14T23:00:17.010237+00:00,2026-07-14T23:00:17.005669,1,1,65.75,0.5,65.5,250,,,,,,,,,,,,,,,,,,,66.0,250,,,,,,,,,,,,,,,,,,
2026-07-14T23:00:17.856119+00:00,2026-07-14T23:00:17.847554,1,1,65.75,0.5,65.5,250,,,,,,,,,,,,,,,,,,,66.0,200,,,,,,,,,,,,,,,,,,
2026-07-14T23:00:18.284241+00:00,2026-07-14T23:00:18.274556,1,1,65.75,0.5,65.5,250,,,,,,,,,,,,,,,,,,,66.0,154,,,,,,,,,,,,,,,,,,
2026-07-14T23:00:18.337910+00:00,2026-07-14T23:00:18.328971,1,1,65.75,0.5,65.5,150,,,,,,,,,,,,,,,,,,,66.0,150,,,,,,,,,,,,,,,,,,
2026-07-14T23:00:18.392260+00:00,2026-07-14T23:00:18.382582,2,1,65.9,0.2,65.8,100,65.5,150,,,,,,,,,,,,,,,,,66.0,150,,,,,,,,,,,,,,,,,,
2026-07-14T23:00:18.445786+00:00,2026-07-14T23:00:18.435260,2,2,65.9,0.2,65.8,100,65.5,150,,,,,,,,,,,,,,,,,66.0,150,66.3,100,,,,,,,,,,,,,,,,
2026-07-14T23:00:19.961412+00:00,2026-07-14T23:00:19.958299,2,2,65.9,0.2,65.8,100,65.5,150,,,,,,,,,,,,,,,,,66.0,100,66.3,100,,,,,,,,,,,,,,,,
2026-07-14T23:00:20.068248+00:00,2026-07-14T23:00:20.060667,1,1,66.05,0.5,65.8,100,,,,,,,,,,,,,,,,,,,66.3,100,,,,,,,,,,,,,,,,,,
2026-07-14T23:00:20.121602+00:00,2026-07-14T23:00:20.114042,2,1,66.05,0.5,65.8,100,65.7,150,,,,,,,,,,,,,,,,,66.3,100,,,,,,,,,,,,,,,,,,
2026-07-14T23:00:20.175317+00:00,2026-07-14T23:00:20.166254,2,2,66.0,0.4,65.8,100,65.7,150,,,,,,,,,,,,,,,,,66.2,150,66.3,100,,,,,,,,,,,,,,,,
2026-07-14T23:00:20.316532+00:00,2026-07-14T23:00:20.306104,2,2,66.0,0.4,65.8,52,65.7,150,,,,,,,,,,,,,,,,,66.2,150,66.3,100,,,,,,,,,,,,,,,,
2026-07-14T23:00:21.434341+00:00,2026-07-14T23:00:21.432608,2,2,66.0,0.4,65.8,52,65.7,150,,,,,,,,,,,,,,,,,66.2,110,66.3,100,,,,,,,,,,,,,,,,
2026-07-14T23:00:21.498939+00:00,2026-07-14T23:00:21.490318,1,1,65.95,0.5,65.7,150,,,,,,,,,,,,,,,,,,,66.2,110,,,,,,,,,,,,,,,,,,
2026-07-14T23:00:21.552606+00:00,2026-07-14T23:00:21.543313,1,1,65.95,0.5,65.7,250,,,,,,,,,,,,,,,,,,,66.2,110,,,,,,,,,,,,,,,,,,
2026-07-14T23:00:21.605881+00:00,2026-07-14T23:00:21.596082,1,1,65.95,0.5,65.7,250,,,,,,,,,,,,,,,,,,,66.2,210,,,,,,,,,,,,,,,,,,
2026-07-14T23:00:22.094611+00:00,2026-07-14T23:00:22.090895,1,1,65.95,0.5,65.7,250,,,,,,,,,,,,,,,,,,,66.2,160,,,,,,,,,,,,,,,,,,
2026-07-14T23:00:23.229851+00:00,2026-07-14T23:00:23.222965,1,1,65.95,0.5,65.7,100,,,,,,,,,,,,,,,,,,,66.2,100,,,,,,,,,,,,,,,,,,
2026-07-14T23:00:23.304294+00:00,2026-07-14T23:00:23.296296,2,0,,,66.2,50,65.7,100,,,,,,,,,,,,,,,,,,,,,,,,,,,,,,,,,,,,
2026-07-14T23:00:23.374044+00:00,2026-07-14T23:00:23.372197,2,1,66.45,0.5,66.2,47,65.7,100,,,,,,,,,,,,,,,,,66.7,150,,,,,,,,,,,,,,,,,,
2026-07-14T23:00:23.448331+00:00,2026-07-14T23:00:23.443227,2,1,66.45,0.5,66.2,26,65.7,100,,,,,,,,,,,,,,,,,66.7,150,,,,,,,,,,,,,,,,,,
2026-07-14T23:00:24.005071+00:00,2026-07-14T23:00:23.998492,1,1,66.2,1.0,65.7,77,,,,,,,,,,,,,,,,,,,66.7,150,,,,,,,,,,,,,,,,,,
2026-07-14T23:00:24.651662+00:00,2026-07-14T23:00:24.649675,0,1,,,,,,,,,,,,,,,,,,,,,,,66.7,150,,,,,,,,,,,,,,,,,,
2026-07-14T23:00:24.705114+00:00,2026-07-14T23:00:24.701950,1,1,66.4,0.6,66.1,100,,,,,,,,,,,,,,,,,,,66.7,150,,,,,,,,,,,,,,,,,,
2026-07-14T23:00:24.759376+00:00,2026-07-14T23:00:24.754189,1,2,66.35,0.5,66.1,100,,,,,,,,,,,,,,,,,,,66.6,100,66.7,150,,,,,,,,,,,,,,,,
2026-07-14T23:00:26.348164+00:00,2026-07-14T23:00:26.337570,1,2,66.35,0.5,66.1,100,,,,,,,,,,,,,,,,,,,66.6,50,66.7,150,,,,,,,,,,,,,,,,
2026-07-14T23:00:26.422991+00:00,2026-07-14T23:00:26.413434,1,1,66.35,0.5,66.1,100,,,,,,,,,,,,,,,,,,,66.6,50,,,,,,,,,,,,,,,,,,
2026-07-14T23:00:26.476373+00:00,2026-07-14T23:00:26.466026,2,1,66.35,0.5,66.1,100,65.6,150,,,,,,,,,,,,,,,,,66.6,50,,,,,,,,,,,,,,,,,,
2026-07-14T23:00:26.529910+00:00,2026-07-14T23:00:26.520482,1,2,65.85,0.5,65.6,150,,,,,,,,,,,,,,,,,,,66.1,50,66.6,50,,,,,,,,,,,,,,,,
2026-07-14T23:00:26.615209+00:00,2026-07-14T23:00:26.608730,1,2,65.85,0.5,65.6,150,,,,,,,,,,,,,,,,,,,66.1,3,66.6,50,,,,,,,,,,,,,,,,
2026-07-14T23:00:27.577816+00:00,2026-07-14T23:00:27.567240,1,1,66.1,1.0,65.6,150,,,,,,,,,,,,,,,,,,,66.6,50,,,,,,,,,,,,,,,,,,
2026-07-14T23:00:27.813282+00:00,2026-07-14T23:00:27.808548,1,0,,,65.6,150,,,,,,,,,,,,,,,,,,,,,,,,,,,,,,,,,,,,,,
2026-07-14T23:00:27.866686+00:00,2026-07-14T23:00:27.862647,2,0,,,65.9,100,65.6,150,,,,,,,,,,,,,,,,,,,,,,,,,,,,,,,,,,,,
2026-07-14T23:00:27.921199+00:00,2026-07-14T23:00:27.916247,2,1,66.15,0.5,65.9,100,65.6,150,,,,,,,,,,,,,,,,,66.4,100,,,,,,,,,,,,,,,,,,
2026-07-14T23:00:28.448080+00:00,2026-07-14T23:00:28.445250,2,1,66.15,0.5,65.9,100,65.6,150,,,,,,,,,,,,,,,,,66.4,50,,,,,,,,,,,,,,,,,,
2026-07-14T23:00:29.579357+00:00,2026-07-14T23:00:29.575621,1,1,66.15,0.5,65.9,100,,,,,,,,,,,,,,,,,,,66.4,50,,,,,,,,,,,,,,,,,,
2026-07-14T23:00:29.633478+00:00,2026-07-14T23:00:29.629086,2,1,66.25,0.3,66.1,150,65.9,100,,,,,,,,,,,,,,,,,66.4,50,,,,,,,,,,,,,,,,,,
2026-07-14T23:00:29.687043+00:00,2026-07-14T23:00:29.681586,2,2,66.25,0.3,66.1,150,65.9,100,,,,,,,,,,,,,,,,,66.4,50,66.6,150,,,,,,,,,,,,,,,,
2026-07-14T23:00:30.330835+00:00,2026-07-14T23:00:30.321192,2,2,66.25,0.3,66.1,101,65.9,100,,,,,,,,,,,,,,,,,66.4,50,66.6,150,,,,,,,,,,,,,,,,
2026-07-14T23:00:30.555133+00:00,2026-07-14T23:00:30.552746,2,1,66.35,0.5,66.1,101,65.9,100,,,,,,,,,,,,,,,,,66.6,150,,,,,,,,,,,,,,,,,,
2026-07-14T23:00:30.973330+00:00,2026-07-14T23:00:30.971452,1,1,66.35,0.5,66.1,101,,,,,,,,,,,,,,,,,,,66.6,150,,,,,,,,,,,,,,,,,,
2026-07-14T23:00:31.037600+00:00,2026-07-14T23:00:31.027090,2,1,66.5,0.2,66.4,100,66.1,101,,,,,,,,,,,,,,,,,66.6,150,,,,,,,,,,,,,,,,,,
2026-07-14T23:00:31.080182+00:00,2026-07-14T23:00:31.079554,2,2,66.5,0.2,66.4,100,66.1,101,,,,,,,,,,,,,,,,,66.6,150,66.9,100,,,,,,,,,,,,,,,,
2026-07-14T23:00:31.840479+00:00,2026-07-14T23:00:31.834949,2,2,66.5,0.2,66.4,100,66.1,101,,,,,,,,,,,,,,,,,66.6,110,66.9,100,,,,,,,,,,,,,,,,
2026-07-14T23:00:31.851265+00:00,2026-07-14T23:00:31.841055,2,2,66.5,0.2,66.4,39,66.1,101,,,,,,,,,,,,,,,,,66.6,110,66.9,100,,,,,,,,,,,,,,,,
2026-07-14T23:00:32.744563+00:00,2026-07-14T23:00:32.738126,1,1,66.65,0.5,66.4,39,,,,,,,,,,,,,,,,,,,66.9,100,,,,,,,,,,,,,,,,,,
2026-07-14T23:00:32.798090+00:00,2026-07-14T23:00:32.791920,2,1,66.65,0.5,66.4,39,66.1,150,,,,,,,,,,,,,,,,,66.9,100,,,,,,,,,,,,,,,,,,
2026-07-14T23:00:32.851880+00:00,2026-07-14T23:00:32.844911,2,2,66.5,0.2,66.4,39,66.1,150,,,,,,,,,,,,,,,,,66.6,150,66.9,100,,,,,,,,,,,,,,,,
2026-07-14T23:00:33.258973+00:00,2026-07-14T23:00:33.248793,1,2,66.35,0.5,66.1,144,,,,,,,,,,,,,,,,,,,66.6,150,66.9,100,,,,,,,,,,,,,,,,
2026-07-14T23:00:34.139745+00:00,2026-07-14T23:00:34.133121,1,1,66.35,0.5,66.1,144,,,,,,,,,,,,,,,,,,,66.6,150,,,,,,,,,,,,,,,,,,
2026-07-14T23:00:34.216276+00:00,2026-07-14T23:00:34.205483,2,1,66.35,0.5,66.1,144,65.7,100,,,,,,,,,,,,,,,,,66.6,150,,,,,,,,,,,,,,,,,,
2026-07-14T23:00:34.260112+00:00,2026-07-14T23:00:34.257267,2,2,66.15,0.1,66.1,144,65.7,100,,,,,,,,,,,,,,,,,66.2,100,66.6,150,,,,,,,,,,,,,,,,
2026-07-14T23:00:35.220736+00:00,2026-07-14T23:00:35.213197,2,2,66.15,0.1,66.1,144,65.7,100,,,,,,,,,,,,,,,,,66.2,60,66.6,150,,,,,,,,,,,,,,,,
2026-07-14T23:00:35.826599+00:00,2026-07-14T23:00:35.822065,2,2,66.15,0.1,66.1,99,65.7,100,,,,,,,,,,,,,,,,,66.2,60,66.6,150,,,,,,,,,,,,,,,,
2026-07-14T23:00:35.901785+00:00,2026-07-14T23:00:35.900973,1,1,65.95,0.5,65.7,100,,,,,,,,,,,,,,,,,,,66.2,60,,,,,,,,,,,,,,,,,,
2026-07-14T23:00:35.955907+00:00,2026-07-14T23:00:35.954148,2,1,66.05,0.3,65.9,150,65.7,100,,,,,,,,,,,,,,,,,66.2,60,,,,,,,,,,,,,,,,,,
2026-07-14T23:00:36.032747+00:00,2026-07-14T23:00:36.023760,2,2,66.05,0.3,65.9,150,65.7,100,,,,,,,,,,,,,,,,,66.2,60,66.4,150,,,,,,,,,,,,,,,,
2026-07-14T23:00:36.192178+00:00,2026-07-14T23:00:36.188901,2,2,66.05,0.3,65.9,150,65.7,100,,,,,,,,,,,,,,,,,66.2,22,66.4,150,,,,,,,,,,,,,,,,
2026-07-14T23:00:36.876154+00:00,2026-07-14T23:00:36.872612,2,1,66.15,0.5,65.9,150,65.7,100,,,,,,,,,,,,,,,,,66.4,122,,,,,,,,,,,,,,,,,,
2026-07-14T23:00:37.318156+00:00,2026-07-14T23:00:37.310075,1,1,66.15,0.5,65.9,150,,,,,,,,,,,,,,,,,,,66.4,122,,,,,,,,,,,,,,,,,,
2026-07-14T23:00:37.372231+00:00,2026-07-14T23:00:37.363040,2,1,66.35,0.1,66.3,100,65.9,150,,,,,,,,,,,,,,,,,66.4,122,,,,,,,,,,,,,,,,,,
2026-07-14T23:00:37.425798+00:00,2026-07-14T23:00:37.415434,2,2,66.35,0.1,66.3,100,65.9,150,,,,,,,,,,,,,,,,,66.4,122,66.8,100,,,,,,,,,,,,,,,,
2026-07-14T23:00:38.687490+00:00,2026-07-14T23:00:38.674115,2,2,66.35,0.1,66.3,86,65.9,150,,,,,,,,,,,,,,,,,66.4,122,66.8,100,,,,,,,,,,,,,,,,
2026-07-14T23:00:38.753454+00:00,2026-07-14T23:00:38.745039,1,2,66.15,0.5,65.9,150,,,,,,,,,,,,,,,,,,,66.4,122,66.8,100,,,,,,,,,,,,,,,,
2026-07-14T23:00:38.989049+00:00,2026-07-14T23:00:38.979612,1,2,66.15,0.5,65.9,150,,,,,,,,,,,,,,,,,,,66.4,72,66.8,100,,,,,,,,,,,,,,,,
2026-07-14T23:00:39.086698+00:00,2026-07-14T23:00:39.076956,0,1,,,,,,,,,,,,,,,,,,,,,,,66.8,100,,,,,,,,,,,,,,,,,,
2026-07-14T23:00:39.140591+00:00,2026-07-14T23:00:39.130141,1,1,66.4,0.8,66.0,150,,,,,,,,,,,,,,,,,,,66.8,100,,,,,,,,,,,,,,,,,,
2026-07-14T23:00:39.188807+00:00,2026-07-14T23:00:39.182638,1,2,66.25,0.5,66.0,150,,,,,,,,,,,,,,,,,,,66.5,150,66.8,100,,,,,,,,,,,,,,,,
2026-07-14T23:00:40.472203+00:00,2026-07-14T23:00:40.469006,1,1,66.25,0.5,66.0,150,,,,,,,,,,,,,,,,,,,66.5,150,,,,,,,,,,,,,,,,,,
2026-07-14T23:00:40.525551+00:00,2026-07-14T23:00:40.522262,2,1,66.25,0.5,66.0,150,65.8,100,,,,,,,,,,,,,,,,,66.5,150,,,,,,,,,,,,,,,,,,
2026-07-14T23:00:40.579357+00:00,2026-07-14T23:00:40.575852,2,2,66.15,0.3,66.0,150,65.8,100,,,,,,,,,,,,,,,,,66.3,100,66.5,150,,,,,,,,,,,,,,,,
2026-07-14T23:00:40.923358+00:00,2026-07-14T23:00:40.921039,2,2,66.15,0.3,66.0,150,65.8,100,,,,,,,,,,,,,,,,,66.3,46,66.5,150,,,,,,,,,,,,,,,,
2026-07-14T23:00:41.095854+00:00,2026-07-14T23:00:41.087938,2,1,66.25,0.5,66.0,150,65.8,100,,,,,,,,,,,,,,,,,66.5,146,,,,,,,,,,,,,,,,,,
2026-07-14T23:00:42.242473+00:00,2026-07-14T23:00:42.237699,1,0,,,65.8,100,,,,,,,,,,,,,,,,,,,,,,,,,,,,,,,,,,,,,,
2026-07-14T23:00:42.307918+00:00,2026-07-14T23:00:42.300297,2,0,,,66.3,150,65.8,100,,,,,,,,,,,,,,,,,,,,,,,,,,,,,,,,,,,,
2026-07-14T23:00:42.362375+00:00,2026-07-14T23:00:42.352809,2,1,66.55,0.5,66.3,150,65.8,100,,,,,,,,,,,,,,,,,66.8,150,,,,,,,,,,,,,,,,,,
2026-07-14T23:00:42.395117+00:00,2026-07-14T23:00:42.391362,2,1,66.55,0.5,66.3,107,65.8,100,,,,,,,,,,,,,,,,,66.8,150,,,,,,,,,,,,,,,,,,
2026-07-14T23:00:42.908184+00:00,2026-07-14T23:00:42.904788,2,1,66.55,0.5,66.3,66,65.8,100,,,,,,,,,,,,,,,,,66.8,150,,,,,,,,,,,,,,,,,,
2026-07-14T23:00:43.199668+00:00,2026-07-14T23:00:43.196119,2,1,66.55,0.5,66.3,66,65.8,100,,,,,,,,,,,,,,,,,66.8,100,,,,,,,,,,,,,,,,,,
2026-07-14T23:00:43.636412+00:00,2026-07-14T23:00:43.630663,1,1,66.55,0.5,66.3,66,,,,,,,,,,,,,,,,,,,66.8,100,,,,,,,,,,,,,,,,,,
2026-07-14T23:00:43.689587+00:00,2026-07-14T23:00:43.683655,2,1,66.55,0.5,66.3,66,66.1,100,,,,,,,,,,,,,,,,,66.8,100,,,,,,,,,,,,,,,,,,
2026-07-14T23:00:43.743208+00:00,2026-07-14T23:00:43.735926,2,2,66.45,0.3,66.3,66,66.1,100,,,,,,,,,,,,,,,,,66.6,100,66.8,100,,,,,,,,,,,,,,,,
2026-07-14T23:00:44.235934+00:00,2026-07-14T23:00:44.225481,2,2,66.45,0.3,66.3,41,66.1,100,,,,,,,,,,,,,,,,,66.6,100,66.8,100,,,,,,,,,,,,,,,,
2026-07-14T23:00:45.306885+00:00,2026-07-14T23:00:45.304118,2,2,66.45,0.3,66.3,41,66.1,100,,,,,,,,,,,,,,,,,66.6,50,66.8,100,,,,,,,,,,,,,,,,
2026-07-14T23:00:45.414254+00:00,2026-07-14T23:00:45.408990,1,1,66.35,0.5,66.1,100,,,,,,,,,,,,,,,,,,,66.6,50,,,,,,,,,,,,,,,,,,
2026-07-14T23:00:45.467592+00:00,2026-07-14T23:00:45.462058,2,1,66.35,0.5,66.1,100,65.9,150,,,,,,,,,,,,,,,,,66.6,50,,,,,,,,,,,,,,,,,,
2026-07-14T23:00:45.521320+00:00,2026-07-14T23:00:45.515768,2,2,66.25,0.3,66.1,100,65.9,150,,,,,,,,,,,,,,,,,66.4,150,66.6,50,,,,,,,,,,,,,,,,
2026-07-14T23:00:46.793240+00:00,2026-07-14T23:00:46.792135,1,1,66.15,0.5,65.9,150,,,,,,,,,,,,,,,,,,,66.4,150,,,,,,,,,,,,,,,,,,
2026-07-14T23:00:46.847337+00:00,2026-07-14T23:00:46.845781,2,1,66.35,0.1,66.3,100,65.9,150,,,,,,,,,,,,,,,,,66.4,150,,,,,,,,,,,,,,,,,,
2026-07-14T23:00:46.902220+00:00,2026-07-14T23:00:46.898793,2,2,66.35,0.1,66.3,100,65.9,150,,,,,,,,,,,,,,,,,66.4,150,66.8,100,,,,,,,,,,,,,,,,
2026-07-14T23:00:47.416697+00:00,2026-07-14T23:00:47.411004,2,2,66.35,0.1,66.3,100,65.9,150,,,,,,,,,,,,,,,,,66.4,100,66.8,100,,,,,,,,,,,,,,,,
2026-07-14T23:00:48.576054+00:00,2026-07-14T23:00:48.570605,1,1,66.55,0.5,66.3,100,,,,,,,,,,,,,,,,,,,66.8,100,,,,,,,,,,,,,,,,,,
2026-07-14T23:00:48.630322+00:00,2026-07-14T23:00:48.624004,2,1,66.55,0.5,66.3,100,66.1,150,,,,,,,,,,,,,,,,,66.8,100,,,,,,,,,,,,,,,,,,
2026-07-14T23:00:48.684262+00:00,2026-07-14T23:00:48.677454,2,2,66.45,0.3,66.3,100,66.1,150,,,,,,,,,,,,,,,,,66.6,150,66.8,100,,,,,,,,,,,,,,,,
2026-07-14T23:00:48.738060+00:00,2026-07-14T23:00:48.730993,2,2,66.45,0.3,66.3,75,66.1,150,,,,,,,,,,,,,,,,,66.6,150,66.8,100,,,,,,,,,,,,,,,,
2026-07-14T23:00:49.416983+00:00,2026-07-14T23:00:49.406290,2,2,66.45,0.3,66.3,75,66.1,150,,,,,,,,,,,,,,,,,66.6,104,66.8,100,,,,,,,,,,,,,,,,
2026-07-14T23:00:49.524547+00:00,2026-07-14T23:00:49.516217,2,2,66.45,0.3,66.3,75,66.1,150,,,,,,,,,,,,,,,,,66.6,54,66.8,100,,,,,,,,,,,,,,,,
2026-07-14T23:00:49.975725+00:00,2026-07-14T23:00:49.971014,1,1,66.35,0.5,66.1,150,,,,,,,,,,,,,,,,,,,66.6,54,,,,,,,,,,,,,,,,,,
2026-07-14T23:00:50.030948+00:00,2026-07-14T23:00:50.024745,2,1,66.4,0.4,66.2,100,66.1,150,,,,,,,,,,,,,,,,,66.6,54,,,,,,,,,,,,,,,,,,
2026-07-14T23:00:50.084612+00:00,2026-07-14T23:00:50.076808,2,2,66.4,0.4,66.2,100,66.1,150,,,,,,,,,,,,,,,,,66.6,54,66.7,100,,,,,,,,,,,,,,,,
2026-07-14T23:00:51.734517+00:00,2026-07-14T23:00:51.732302,2,1,66.45,0.5,66.2,100,66.1,150,,,,,,,,,,,,,,,,,66.7,100,,,,,,,,,,,,,,,,,,
2026-07-14T23:00:51.745515+00:00,2026-07-14T23:00:51.734826,1,1,66.45,0.5,66.2,100,,,,,,,,,,,,,,,,,,,66.7,100,,,,,,,,,,,,,,,,,,
2026-07-14T23:00:51.795934+00:00,2026-07-14T23:00:51.794239,2,1,66.65,0.1,66.6,129,66.2,100,,,,,,,,,,,,,,,,,66.7,100,,,,,,,,,,,,,,,,,,
2026-07-14T23:00:51.850639+00:00,2026-07-14T23:00:51.845883,2,2,66.65,0.1,66.6,129,66.2,100,,,,,,,,,,,,,,,,,66.7,100,67.1,150,,,,,,,,,,,,,,,,
2026-07-14T23:00:51.936805+00:00,2026-07-14T23:00:51.931258,2,2,66.65,0.1,66.6,116,66.2,100,,,,,,,,,,,,,,,,,66.7,100,67.1,150,,,,,,,,,,,,,,,,
2026-07-14T23:00:52.250149+00:00,2026-07-14T23:00:52.248681,2,2,66.65,0.1,66.6,91,66.2,100,,,,,,,,,,,,,,,,,66.7,100,67.1,150,,,,,,,,,,,,,,,,
2026-07-14T23:00:53.139838+00:00,2026-07-14T23:00:53.131359,1,1,66.85,0.5,66.6,91,,,,,,,,,,,,,,,,,,,67.1,150,,,,,,,,,,,,,,,,,,
2026-07-14T23:00:53.193837+00:00,2026-07-14T23:00:53.184447,2,1,66.85,0.5,66.6,91,66.3,100,,,,,,,,,,,,,,,,,67.1,150,,,,,,,,,,,,,,,,,,
2026-07-14T23:00:53.237774+00:00,2026-07-14T23:00:53.236928,2,2,66.7,0.2,66.6,91,66.3,100,,,,,,,,,,,,,,,,,66.8,100,67.1,150,,,,,,,,,,,,,,,,
2026-07-14T23:00:53.345071+00:00,2026-07-14T23:00:53.337577,2,2,66.7,0.2,66.6,91,66.3,100,,,,,,,,,,,,,,,,,66.8,58,67.1,150,,,,,,,,,,,,,,,,
2026-07-14T23:00:53.738249+00:00,2026-07-14T23:00:53.727544,2,2,66.7,0.2,66.6,91,66.3,100,,,,,,,,,,,,,,,,,66.8,8,67.1,150,,,,,,,,,,,,,,,,
2026-07-14T23:00:53.771101+00:00,2026-07-14T23:00:53.760474,2,2,66.7,0.2,66.6,66,66.3,100,,,,,,,,,,,,,,,,,66.8,8,67.1,150,,,,,,,,,,,,,,,,
2026-07-14T23:00:54.304739+00:00,2026-07-14T23:00:54.299671,2,2,66.7,0.2,66.6,53,66.3,100,,,,,,,,,,,,,,,,,66.8,8,67.1,150,,,,,,,,,,,,,,,,
2026-07-14T23:00:54.918877+00:00,2026-07-14T23:00:54.916192,1,1,66.55,0.5,66.3,100,,,,,,,,,,,,,,,,,,,66.8,8,,,,,,,,,,,,,,,,,,
2026-07-14T23:00:54.983075+00:00,2026-07-14T23:00:54.974593,2,1,66.55,0.5,66.3,100,66.2,150,,,,,,,,,,,,,,,,,66.8,8,,,,,,,,,,,,,,,,,,
2026-07-14T23:00:55.036396+00:00,2026-07-14T23:00:55.028481,2,2,66.5,0.4,66.3,100,66.2,150,,,,,,,,,,,,,,,,,66.7,150,66.8,8,,,,,,,,,,,,,,,,
2026-07-14T23:00:55.859030+00:00,2026-07-14T23:00:55.834783,2,2,66.5,0.4,66.3,100,66.2,150,,,,,,,,,,,,,,,,,66.7,100,66.8,8,,,,,,,,,,,,,,,,
2026-07-14T23:00:56.295388+00:00,2026-07-14T23:00:56.293020,1,1,66.45,0.5,66.2,150,,,,,,,,,,,,,,,,,,,66.7,100,,,,,,,,,,,,,,,,,,
2026-07-14T23:00:56.349468+00:00,2026-07-14T23:00:56.346348,2,1,66.6,0.2,66.5,100,66.2,150,,,,,,,,,,,,,,,,,66.7,100,,,,,,,,,,,,,,,,,,
2026-07-14T23:00:56.408465+00:00,2026-07-14T23:00:56.400465,2,2,66.6,0.2,66.5,100,66.2,150,,,,,,,,,,,,,,,,,66.7,100,67.0,100,,,,,,,,,,,,,,,,
2026-07-14T23:00:56.757338+00:00,2026-07-14T23:00:56.748709,2,2,66.6,0.2,66.5,55,66.2,150,,,,,,,,,,,,,,,,,66.7,100,67.0,100,,,,,,,,,,,,,,,,
2026-07-14T23:00:57.283505+00:00,2026-07-14T23:00:57.279124,2,2,66.6,0.2,66.5,30,66.2,150,,,,,,,,,,,,,,,,,66.7,100,67.0,100,,,,,,,,,,,,,,,,
2026-07-14T23:00:57.947680+00:00,2026-07-14T23:00:57.942939,2,2,66.6,0.2,66.5,30,66.2,150,,,,,,,,,,,,,,,,,66.7,50,67.0,100,,,,,,,,,,,,,,,,
2026-07-14T23:00:58.086888+00:00,2026-07-14T23:00:58.084667,1,1,66.75,0.5,66.5,30,,,,,,,,,,,,,,,,,,,67.0,100,,,,,,,,,,,,,,,,,,
2026-07-14T23:00:58.151045+00:00,2026-07-14T23:00:58.141082,2,1,66.85,0.3,66.7,150,66.5,30,,,,,,,,,,,,,,,,,67.0,100,,,,,,,,,,,,,,,,,,
2026-07-14T23:00:58.204202+00:00,2026-07-14T23:00:58.193881,2,2,66.85,0.3,66.7,150,66.5,30,,,,,,,,,,,,,,,,,67.0,100,67.2,150,,,,,,,,,,,,,,,,
2026-07-14T23:00:58.410183+00:00,2026-07-14T23:00:58.407407,2,2,66.85,0.3,66.7,110,66.5,30,,,,,,,,,,,,,,,,,67.0,100,67.2,150,,,,,,,,,,,,,,,,
2026-07-14T23:00:59.052150+00:00,2026-07-14T23:00:59.050933,2,2,66.85,0.3,66.7,85,66.5,30,,,,,,,,,,,,,,,,,67.0,100,67.2,150,,,,,,,,,,,,,,,,
2026-07-14T23:00:59.462271+00:00,2026-07-14T23:00:59.456146,1,1,66.95,0.5,66.7,85,,,,,,,,,,,,,,,,,,,67.2,150,,,,,,,,,,,,,,,,,,
2026-07-14T23:00:59.516353+00:00,2026-07-14T23:00:59.508916,2,1,66.95,0.5,66.7,85,66.4,100,,,,,,,,,,,,,,,,,67.2,150,,,,,,,,,,,,,,,,,,
2026-07-14T23:00:59.570429+00:00,2026-07-14T23:00:59.561120,2,2,66.8,0.2,66.7,85,66.4,100,,,,,,,,,,,,,,,,,66.9,100,67.2,150,,,,,,,,,,,,,,,,
2026-07-14T23:01:00.056009+00:00,2026-07-14T23:01:00.052585,2,2,66.8,0.2,66.7,85,66.4,100,,,,,,,,,,,,,,,,,66.9,50,67.2,150,,,,,,,,,,,,,,,,
2026-07-14T23:01:00.817157+00:00,2026-07-14T23:01:00.810778,2,2,66.8,0.2,66.7,60,66.4,100,,,,,,,,,,,,,,,,,66.9,50,67.2,150,,,,,,,,,,,,,,,,
2026-07-14T23:01:01.139441+00:00,2026-07-14T23:01:01.138618,2,2,66.8,0.2,66.7,60,66.4,100,,,,,,,,,,,,,,,,,66.9,9,67.2,150,,,,,,,,,,,,,,,,
2026-07-14T23:01:01.203468+00:00,2026-07-14T23:01:01.193791,2,2,66.8,0.2,66.7,11,66.4,100,,,,,,,,,,,,,,,,,66.9,9,67.2,150,,,,,,,,,,,,,,,,
2026-07-14T23:01:01.256529+00:00,2026-07-14T23:01:01.250693,1,1,66.65,0.5,66.4,100,,,,,,,,,,,,,,,,,,,66.9,9,,,,,,,,,,,,,,,,,,
2026-07-14T23:01:01.310693+00:00,2026-07-14T23:01:01.304270,2,1,66.65,0.5,66.4,100,66.2,150,,,,,,,,,,,,,,,,,66.9,9,,,,,,,,,,,,,,,,,,
2026-07-14T23:01:01.364355+00:00,2026-07-14T23:01:01.357832,2,2,66.55,0.3,66.4,100,66.2,150,,,,,,,,,,,,,,,,,66.7,150,66.9,9,,,,,,,,,,,,,,,,
2026-07-14T23:01:02.212782+00:00,2026-07-14T23:01:02.209052,2,2,66.55,0.3,66.4,50,66.2,150,,,,,,,,,,,,,,,,,66.7,150,66.9,9,,,,,,,,,,,,,,,,
2026-07-14T23:01:02.337221+00:00,2026-07-14T23:01:02.335188,2,2,66.55,0.3,66.4,50,66.2,150,,,,,,,,,,,,,,,,,66.7,140,66.9,9,,,,,,,,,,,,,,,,
2026-07-14T23:01:02.615786+00:00,2026-07-14T23:01:02.614512,2,1,66.55,0.3,66.4,50,66.2,150,,,,,,,,,,,,,,,,,66.7,140,,,,,,,,,,,,,,,,,,
2026-07-14T23:01:02.626604+00:00,2026-07-14T23:01:02.616200,1,1,66.45,0.5,66.2,150,,,,,,,,,,,,,,,,,,,66.7,140,,,,,,,,,,,,,,,,,,
2026-07-14T23:01:02.691575+00:00,2026-07-14T23:01:02.685531,1,1,66.45,0.5,66.2,150,,,,,,,,,,,,,,,,,,,66.7,40,,,,,,,,,,,,,,,,,,
2026-07-14T23:01:02.745748+00:00,2026-07-14T23:01:02.741586,1,2,66.45,0.5,66.2,150,,,,,,,,,,,,,,,,,,,66.7,40,67.2,100,,,,,,,,,,,,,,,,
2026-07-14T23:01:04.418619+00:00,2026-07-14T23:01:04.414473,0,1,,,,,,,,,,,,,,,,,,,,,,,67.2,100,,,,,,,,,,,,,,,,,,
2026-07-14T23:01:04.505151+00:00,2026-07-14T23:01:04.498829,1,1,66.8,0.8,66.4,150,,,,,,,,,,,,,,,,,,,67.2,100,,,,,,,,,,,,,,,,,,
2026-07-14T23:01:04.560327+00:00,2026-07-14T23:01:04.551593,1,2,66.65,0.5,66.4,150,,,,,,,,,,,,,,,,,,,66.9,150,67.2,100,,,,,,,,,,,,,,,,
2026-07-14T23:01:05.107361+00:00,2026-07-14T23:01:05.097459,1,2,66.65,0.5,66.4,150,,,,,,,,,,,,,,,,,,,66.9,101,67.2,100,,,,,,,,,,,,,,,,
2026-07-14T23:01:05.796647+00:00,2026-07-14T23:01:05.795887,1,1,66.65,0.5,66.4,150,,,,,,,,,,,,,,,,,,,66.9,101,,,,,,,,,,,,,,,,,,
2026-07-14T23:01:05.862432+00:00,2026-07-14T23:01:05.851889,2,1,66.65,0.5,66.4,150,66.3,100,,,,,,,,,,,,,,,,,66.9,101,,,,,,,,,,,,,,,,,,
2026-07-14T23:01:05.905599+00:00,2026-07-14T23:01:05.903847,2,2,66.6,0.4,66.4,150,66.3,100,,,,,,,,,,,,,,,,,66.8,100,66.9,101,,,,,,,,,,,,,,,,
2026-07-14T23:01:06.422784+00:00,2026-07-14T23:01:06.421841,2,2,66.6,0.4,66.4,100,66.3,100,,,,,,,,,,,,,,,,,66.8,100,66.9,101,,,,,,,,,,,,,,,,
2026-07-14T23:01:07.612043+00:00,2026-07-14T23:01:07.607580,1,1,66.55,0.5,66.3,100,,,,,,,,,,,,,,,,,,,66.8,100,,,,,,,,,,,,,,,,,,
2026-07-14T23:01:07.634244+00:00,2026-07-14T23:01:07.632380,1,1,66.55,0.5,66.3,57,,,,,,,,,,,,,,,,,,,66.8,100,,,,,,,,,,,,,,,,,,
2026-07-14T23:01:07.666955+00:00,2026-07-14T23:01:07.659946,2,1,66.7,0.2,66.6,150,66.3,57,,,,,,,,,,,,,,,,,66.8,100,,,,,,,,,,,,,,,,,,
2026-07-14T23:01:07.721298+00:00,2026-07-14T23:01:07.713907,2,2,66.7,0.2,66.6,150,66.3,57,,,,,,,,,,,,,,,,,66.8,100,67.1,150,,,,,,,,,,,,,,,,
2026-07-14T23:01:08.533730+00:00,2026-07-14T23:01:08.531119,2,2,66.7,0.2,66.6,100,66.3,57,,,,,,,,,,,,,,,,,66.8,100,67.1,150,,,,,,,,,,,,,,,,
2026-07-14T23:01:08.959864+00:00,2026-07-14T23:01:08.959244,2,1,66.85,0.5,66.6,100,66.3,57,,,,,,,,,,,,,,,,,67.1,150,,,,,,,,,,,,,,,,,,
2026-07-14T23:01:08.970737+00:00,2026-07-14T23:01:08.960577,1,1,66.85,0.5,66.6,100,,,,,,,,,,,,,,,,,,,67.1,150,,,,,,,,,,,,,,,,,,
2026-07-14T23:01:09.013686+00:00,2026-07-14T23:01:09.012908,2,1,66.85,0.5,66.6,100,66.2,100,,,,,,,,,,,,,,,,,67.1,150,,,,,,,,,,,,,,,,,,
2026-07-14T23:01:09.035371+00:00,2026-07-14T23:01:09.031136,2,1,66.85,0.5,66.6,100,66.2,100,,,,,,,,,,,,,,,,,67.1,108,,,,,,,,,,,,,,,,,,
2026-07-14T23:01:09.067491+00:00,2026-07-14T23:01:09.066623,2,2,66.65,0.1,66.6,100,66.2,100,,,,,,,,,,,,,,,,,66.7,100,67.1,108,,,,,,,,,,,,,,,,
2026-07-14T23:01:09.661573+00:00,2026-07-14T23:01:09.651004,2,2,66.65,0.1,66.6,100,66.2,100,,,,,,,,,,,,,,,,,66.7,58,67.1,108,,,,,,,,,,,,,,,,
2026-07-14T23:01:10.650399+00:00,2026-07-14T23:01:10.642933,2,2,66.65,0.1,66.6,50,66.2,100,,,,,,,,,,,,,,,,,66.7,58,67.1,108,,,,,,,,,,,,,,,,
2026-07-14T23:01:10.768507+00:00,2026-07-14T23:01:10.767068,2,1,66.65,0.1,66.6,50,66.2,100,,,,,,,,,,,,,,,,,66.7,58,,,,,,,,,,,,,,,,,,
2026-07-14T23:01:10.779469+00:00,2026-07-14T23:01:10.768971,1,1,66.45,0.5,66.2,100,,,,,,,,,,,,,,,,,,,66.7,58,,,,,,,,,,,,,,,,,,
2026-07-14T23:01:10.833736+00:00,2026-07-14T23:01:10.823346,2,1,66.5,0.4,66.3,150,66.2,100,,,,,,,,,,,,,,,,,66.7,58,,,,,,,,,,,,,,,,,,
2026-07-14T23:01:10.887753+00:00,2026-07-14T23:01:10.877105,2,2,66.5,0.4,66.3,150,66.2,100,,,,,,,,,,,,,,,,,66.7,58,66.8,150,,,,,,,,,,,,,,,,
2026-07-14T23:01:12.130426+00:00,2026-07-14T23:01:12.121355,1,1,66.55,0.5,66.3,150,,,,,,,,,,,,,,,,,,,66.8,150,,,,,,,,,,,,,,,,,,
2026-07-14T23:01:12.184825+00:00,2026-07-14T23:01:12.174319,2,1,66.55,0.5,66.3,150,66.2,100,,,,,,,,,,,,,,,,,66.8,150,,,,,,,,,,,,,,,,,,
2026-07-14T23:01:12.238743+00:00,2026-07-14T23:01:12.230542,2,2,66.5,0.4,66.3,150,66.2,100,,,,,,,,,,,,,,,,,66.7,100,66.8,150,,,,,,,,,,,,,,,,
2026-07-14T23:01:12.764090+00:00,2026-07-14T23:01:12.753581,2,2,66.5,0.4,66.3,100,66.2,100,,,,,,,,,,,,,,,,,66.7,100,66.8,150,,,,,,,,,,,,,,,,
2026-07-14T23:01:13.292456+00:00,2026-07-14T23:01:13.289937,2,2,66.5,0.4,66.3,53,66.2,100,,,,,,,,,,,,,,,,,66.7,100,66.8,150,,,,,,,,,,,,,,,,
2026-07-14T23:01:13.936103+00:00,2026-07-14T23:01:13.932847,1,1,66.45,0.5,66.2,100,,,,,,,,,,,,,,,,,,,66.7,100,,,,,,,,,,,,,,,,,,
2026-07-14T23:01:13.996186+00:00,2026-07-14T23:01:13.985576,2,1,66.45,0.5,66.2,100,66.0,150,,,,,,,,,,,,,,,,,66.7,100,,,,,,,,,,,,,,,,,,
2026-07-14T23:01:14.039317+00:00,2026-07-14T23:01:14.037217,2,2,66.35,0.3,66.2,100,66.0,150,,,,,,,,,,,,,,,,,66.5,150,66.7,100,,,,,,,,,,,,,,,,
2026-07-14T23:01:14.389702+00:00,2026-07-14T23:01:14.385619,2,2,66.35,0.3,66.2,100,66.0,150,,,,,,,,,,,,,,,,,66.5,102,66.7,100,,,,,,,,,,,,,,,,
2026-07-14T23:01:14.854655+00:00,2026-07-14T23:01:14.844153,2,2,66.35,0.3,66.2,58,66.0,150,,,,,,,,,,,,,,,,,66.5,102,66.7,100,,,,,,,,,,,,,,,,
2026-07-14T23:01:14.876269+00:00,2026-07-14T23:01:14.867748,2,2,66.35,0.3,66.2,8,66.0,150,,,,,,,,,,,,,,,,,66.5,102,66.7,100,,,,,,,,,,,,,,,,
2026-07-14T23:01:15.295391+00:00,2026-07-14T23:01:15.286314,1,1,66.25,0.5,66.0,150,,,,,,,,,,,,,,,,,,,66.5,102,,,,,,,,,,,,,,,,,,
2026-07-14T23:01:15.349695+00:00,2026-07-14T23:01:15.339205,2,1,66.25,0.5,66.0,150,65.8,100,,,,,,,,,,,,,,,,,66.5,102,,,,,,,,,,,,,,,,,,
2026-07-14T23:01:15.420372+00:00,2026-07-14T23:01:15.418223,2,2,66.15,0.3,66.0,150,65.8,100,,,,,,,,,,,,,,,,,66.3,89,66.5,102,,,,,,,,,,,,,,,,
2026-07-14T23:01:15.465994+00:00,2026-07-14T23:01:15.464186,2,2,66.15,0.3,66.0,150,65.8,100,,,,,,,,,,,,,,,,,66.3,73,66.5,102,,,,,,,,,,,,,,,,
2026-07-14T23:01:15.659323+00:00,2026-07-14T23:01:15.654464,2,1,66.25,0.5,66.0,150,65.8,100,,,,,,,,,,,,,,,,,66.5,102,,,,,,,,,,,,,,,,,,
2026-07-14T23:01:16.941547+00:00,2026-07-14T23:01:16.931579,2,1,66.25,0.5,66.0,150,65.8,100,,,,,,,,,,,,,,,,,66.5,52,,,,,,,,,,,,,,,,,,
2026-07-14T23:01:17.093659+00:00,2026-07-14T23:01:17.091872,2,0,,,66.0,150,65.8,100,,,,,,,,,,,,,,,,,,,,,,,,,,,,,,,,,,,,
2026-07-14T23:01:17.104468+00:00,2026-07-14T23:01:17.093932,1,0,,,65.8,100,,,,,,,,,,,,,,,,,,,,,,,,,,,,,,,,,,,,,,
2026-07-14T23:01:17.158210+00:00,2026-07-14T23:01:17.147653,2,0,,,66.4,150,65.8,100,,,,,,,,,,,,,,,,,,,,,,,,,,,,,,,,,,,,
2026-07-14T23:01:17.234593+00:00,2026-07-14T23:01:17.225707,2,1,66.65,0.5,66.4,150,65.8,100,,,,,,,,,,,,,,,,,66.9,150,,,,,,,,,,,,,,,,,,
2026-07-14T23:01:17.278091+00:00,2026-07-14T23:01:17.275743,2,1,66.65,0.5,66.4,138,65.8,100,,,,,,,,,,,,,,,,,66.9,150,,,,,,,,,,,,,,,,,,
2026-07-14T23:01:18.070366+00:00,2026-07-14T23:01:18.068158,2,1,66.65,0.5,66.4,135,65.8,100,,,,,,,,,,,,,,,,,66.9,150,,,,,,,,,,,,,,,,,,
2026-07-14T23:01:18.145705+00:00,2026-07-14T23:01:18.135174,2,1,66.65,0.5,66.4,93,65.8,100,,,,,,,,,,,,,,,,,66.9,150,,,,,,,,,,,,,,,,,,
2026-07-14T23:01:18.454341+00:00,2026-07-14T23:01:18.452192,2,1,66.65,0.5,66.4,82,65.8,100,,,,,,,,,,,,,,,,,66.9,150,,,,,,,,,,,,,,,,,,
2026-07-14T23:01:18.465428+00:00,2026-07-14T23:01:18.464299,1,1,66.65,0.5,66.4,82,,,,,,,,,,,,,,,,,,,66.9,150,,,,,,,,,,,,,,,,,,
2026-07-14T23:01:18.519998+00:00,2026-07-14T23:01:18.517469,2,1,66.65,0.5,66.4,82,66.0,100,,,,,,,,,,,,,,,,,66.9,150,,,,,,,,,,,,,,,,,,
2026-07-14T23:01:18.541531+00:00,2026-07-14T23:01:18.531366,2,1,66.65,0.5,66.4,63,66.0,100,,,,,,,,,,,,,,,,,66.9,150,,,,,,,,,,,,,,,,,,
2026-07-14T23:01:18.573915+00:00,2026-07-14T23:01:18.570063,2,2,66.45,0.1,66.4,63,66.0,100,,,,,,,,,,,,,,,,,66.5,100,66.9,150,,,,,,,,,,,,,,,,
2026-07-14T23:01:19.115660+00:00,2026-07-14T23:01:19.109040,2,2,66.45,0.1,66.4,13,66.0,100,,,,,,,,,,,,,,,,,66.5,100,66.9,150,,,,,,,,,,,,,,,,
2026-07-14T23:01:20.283315+00:00,2026-07-14T23:01:20.278725,1,1,66.25,0.5,66.0,100,,,,,,,,,,,,,,,,,,,66.5,100,,,,,,,,,,,,,,,,,,
2026-07-14T23:01:20.337719+00:00,2026-07-14T23:01:20.331396,2,1,66.25,0.5,66.0,100,65.7,150,,,,,,,,,,,,,,,,,66.5,100,,,,,,,,,,,,,,,,,,
2026-07-14T23:01:20.397332+00:00,2026-07-14T23:01:20.395218,2,2,66.1,0.2,66.0,100,65.7,150,,,,,,,,,,,,,,,,,66.2,136,66.5,100,,,,,,,,,,,,,,,,
2026-07-14T23:01:20.430078+00:00,2026-07-14T23:01:20.419518,2,2,66.1,0.2,66.0,100,65.7,150,,,,,,,,,,,,,,,,,66.2,75,66.5,100,,,,,,,,,,,,,,,,
2026-07-14T23:01:20.725849+00:00,2026-07-14T23:01:20.715319,2,2,66.1,0.2,66.0,100,65.7,150,,,,,,,,,,,,,,,,,66.2,14,66.5,100,,,,,,,,,,,,,,,,
2026-07-14T23:01:21.232837+00:00,2026-07-14T23:01:21.222345,2,2,66.1,0.2,66.0,50,65.7,150,,,,,,,,,,,,,,,,,66.2,14,66.5,100,,,,,,,,,,,,,,,,
2026-07-14T23:01:21.634260+00:00,2026-07-14T23:01:21.625410,1,1,65.95,0.5,65.7,150,,,,,,,,,,,,,,,,,,,66.2,14,,,,,,,,,,,,,,,,,,
2026-07-14T23:01:21.688653+00:00,2026-07-14T23:01:21.679252,2,0,,,66.2,86,65.7,150,,,,,,,,,,,,,,,,,,,,,,,,,,,,,,,,,,,,
2026-07-14T23:01:21.743136+00:00,2026-07-14T23:01:21.732453,2,1,66.45,0.5,66.2,86,65.7,150,,,,,,,,,,,,,,,,,66.7,100,,,,,,,,,,,,,,,,,,
2026-07-14T23:01:22.244602+00:00,2026-07-14T23:01:22.240924,2,1,66.45,0.5,66.2,86,65.7,150,,,,,,,,,,,,,,,,,66.7,53,,,,,,,,,,,,,,,,,,
2026-07-14T23:01:22.298439+00:00,2026-07-14T23:01:22.296766,2,1,66.45,0.5,66.2,44,65.7,150,,,,,,,,,,,,,,,,,66.7,53,,,,,,,,,,,,,,,,,,
2026-07-14T23:01:23.283405+00:00,2026-07-14T23:01:23.279457,2,1,66.45,0.5,66.2,44,65.7,150,,,,,,,,,,,,,,,,,66.7,3,,,,,,,,,,,,,,,,,,
2026-07-14T23:01:23.445196+00:00,2026-07-14T23:01:23.438229,1,1,66.45,0.5,66.2,44,,,,,,,,,,,,,,,,,,,66.7,3,,,,,,,,,,,,,,,,,,
2026-07-14T23:01:23.499090+00:00,2026-07-14T23:01:23.490990,2,1,66.65,0.1,66.6,150,66.2,44,,,,,,,,,,,,,,,,,66.7,3,,,,,,,,,,,,,,,,,,
2026-07-14T23:01:23.552524+00:00,2026-07-14T23:01:23.544177,2,2,66.65,0.1,66.6,150,66.2,44,,,,,,,,,,,,,,,,,66.7,3,67.1,150,,,,,,,,,,,,,,,,
2026-07-14T23:01:23.638321+00:00,2026-07-14T23:01:23.633191,2,2,66.65,0.1,66.6,89,66.2,44,,,,,,,,,,,,,,,,,66.7,3,67.1,150,,,,,,,,,,,,,,,,
2026-07-14T23:01:24.652067+00:00,2026-07-14T23:01:24.650000,2,2,66.65,0.1,66.6,14,66.2,44,,,,,,,,,,,,,,,,,66.7,3,67.1,150,,,,,,,,,,,,,,,,
2026-07-14T23:01:24.791821+00:00,2026-07-14T23:01:24.789030,1,1,66.85,0.5,66.6,14,,,,,,,,,,,,,,,,,,,67.1,150,,,,,,,,,,,,,,,,,,
2026-07-14T23:01:24.845724+00:00,2026-07-14T23:01:24.842757,2,1,66.85,0.5,66.6,14,66.2,100,,,,,,,,,,,,,,,,,67.1,150,,,,,,,,,,,,,,,,,,
2026-07-14T23:01:24.899541+00:00,2026-07-14T23:01:24.896176,2,2,66.65,0.1,66.6,14,66.2,100,,,,,,,,,,,,,,,,,66.7,100,67.1,150,,,,,,,,,,,,,,,,
2026-07-14T23:01:25.360130+00:00,2026-07-14T23:01:25.351120,2,2,66.65,0.1,66.6,14,66.2,100,,,,,,,,,,,,,,,,,66.7,53,67.1,150,,,,,,,,,,,,,,,,
2026-07-14T23:01:25.392155+00:00,2026-07-14T23:01:25.387304,2,2,66.65,0.1,66.6,14,66.2,100,,,,,,,,,,,,,,,,,66.7,3,67.1,150,,,,,,,,,,,,,,,,
2026-07-14T23:01:25.753314+00:00,2026-07-14T23:01:25.740242,2,2,66.65,0.1,66.6,4,66.2,100,,,,,,,,,,,,,,,,,66.7,3,67.1,150,,,,,,,,,,,,,,,,
2026-07-14T23:01:25.764354+00:00,2026-07-14T23:01:25.763367,1,2,66.45,0.5,66.2,100,,,,,,,,,,,,,,,,,,,66.7,3,67.1,150,,,,,,,,,,,,,,,,
2026-07-14T23:01:26.600864+00:00,2026-07-14T23:01:26.598293,1,1,66.45,0.5,66.2,100,,,,,,,,,,,,,,,,,,,66.7,3,,,,,,,,,,,,,,,,,,
2026-07-14T23:01:26.654858+00:00,2026-07-14T23:01:26.651958,2,1,66.45,0.5,66.2,100,65.7,150,,,,,,,,,,,,,,,,,66.7,3,,,,,,,,,,,,,,,,,,
2026-07-14T23:01:26.714406+00:00,2026-07-14T23:01:26.712714,1,2,65.95,0.5,65.7,150,,,,,,,,,,,,,,,,,,,66.2,26,66.7,3,,,,,,,,,,,,,,,,
2026-07-14T23:01:26.791474+00:00,2026-07-14T23:01:26.788088,1,1,66.2,1.0,65.7,150,,,,,,,,,,,,,,,,,,,66.7,3,,,,,,,,,,,,,,,,,,
2026-07-14T23:01:27.552866+00:00,2026-07-14T23:01:27.548887,1,1,66.2,1.0,65.7,100,,,,,,,,,,,,,,,,,,,66.7,3,,,,,,,,,,,,,,,,,,
2026-07-14T23:01:27.961598+00:00,2026-07-14T23:01:27.953931,1,0,,,65.7,100,,,,,,,,,,,,,,,,,,,,,,,,,,,,,,,,,,,,,,
2026-07-14T23:01:28.016268+00:00,2026-07-14T23:01:28.005620,2,0,,,66.1,100,65.7,100,,,,,,,,,,,,,,,,,,,,,,,,,,,,,,,,,,,,
2026-07-14T23:01:28.059542+00:00,2026-07-14T23:01:28.058915,2,1,66.35,0.5,66.1,100,65.7,100,,,,,,,,,,,,,,,,,66.6,100,,,,,,,,,,,,,,,,,,
2026-07-14T23:01:29.189687+00:00,2026-07-14T23:01:29.181485,2,1,66.35,0.5,66.1,58,65.7,100,,,,,,,,,,,,,,,,,66.6,100,,,,,,,,,,,,,,,,,,
2026-07-14T23:01:29.771985+00:00,2026-07-14T23:01:29.761495,1,1,66.35,0.5,66.1,58,,,,,,,,,,,,,,,,,,,66.6,100,,,,,,,,,,,,,,,,,,
2026-07-14T23:01:29.815428+00:00,2026-07-14T23:01:29.812716,1,1,66.35,0.5,66.1,208,,,,,,,,,,,,,,,,,,,66.6,100,,,,,,,,,,,,,,,,,,
2026-07-14T23:01:29.870313+00:00,2026-07-14T23:01:29.865744,1,1,66.35,0.5,66.1,208,,,,,,,,,,,,,,,,,,,66.6,250,,,,,,,,,,,,,,,,,,
2026-07-14T23:01:30.014001+00:00,2026-07-14T23:01:30.004913,1,1,66.35,0.5,66.1,203,,,,,,,,,,,,,,,,,,,66.6,250,,,,,,,,,,,,,,,,,,
2026-07-14T23:01:30.883001+00:00,2026-07-14T23:01:30.878055,1,1,66.35,0.5,66.1,155,,,,,,,,,,,,,,,,,,,66.6,250,,,,,,,,,,,,,,,,,,
2026-07-14T23:01:31.113455+00:00,2026-07-14T23:01:31.112581,1,1,66.35,0.5,66.1,155,,,,,,,,,,,,,,,,,,,66.6,150,,,,,,,,,,,,,,,,,,
2026-07-14T23:01:31.124573+00:00,2026-07-14T23:01:31.114033,1,1,66.35,0.5,66.1,150,,,,,,,,,,,,,,,,,,,66.6,150,,,,,,,,,,,,,,,,,,
2026-07-14T23:01:31.191240+00:00,2026-07-14T23:01:31.180556,1,1,66.35,0.5,66.1,250,,,,,,,,,,,,,,,,,,,66.6,150,,,,,,,,,,,,,,,,,,
2026-07-14T23:01:31.235978+00:00,2026-07-14T23:01:31.231057,1,1,66.35,0.5,66.1,250,,,,,,,,,,,,,,,,,,,66.6,250,,,,,,,,,,,,,,,,,,
2026-07-14T23:01:31.711010+00:00,2026-07-14T23:01:31.708741,1,1,66.35,0.5,66.1,250,,,,,,,,,,,,,,,,,,,66.6,200,,,,,,,,,,,,,,,,,,
2026-07-14T23:01:32.928809+00:00,2026-07-14T23:01:32.921594,1,1,66.35,0.5,66.1,100,,,,,,,,,,,,,,,,,,,66.6,100,,,,,,,,,,,,,,,,,,
2026-07-14T23:01:32.994051+00:00,2026-07-14T23:01:32.986689,2,1,66.45,0.3,66.3,150,66.1,100,,,,,,,,,,,,,,,,,66.6,100,,,,,,,,,,,,,,,,,,
2026-07-14T23:01:33.047859+00:00,2026-07-14T23:01:33.039892,2,2,66.45,0.3,66.3,150,66.1,100,,,,,,,,,,,,,,,,,66.6,100,66.8,150,,,,,,,,,,,,,,,,
2026-07-14T23:01:33.888285+00:00,2026-07-14T23:01:33.883743,2,2,66.45,0.3,66.3,100,66.1,100,,,,,,,,,,,,,,,,,66.6,100,66.8,150,,,,,,,,,,,,,,,,
2026-07-14T23:01:34.288138+00:00,2026-07-14T23:01:34.286095,1,1,66.55,0.5,66.3,100,,,,,,,,,,,,,,,,,,,66.8,150,,,,,,,,,,,,,,,,,,
2026-07-14T23:01:34.346905+00:00,2026-07-14T23:01:34.338546,2,1,66.55,0.5,66.3,100,65.8,100,,,,,,,,,,,,,,,,,66.8,150,,,,,,,,,,,,,,,,,,
2026-07-14T23:01:34.400928+00:00,2026-07-14T23:01:34.393318,1,1,66.3,1.0,65.8,100,,,,,,,,,,,,,,,,,,,66.8,150,,,,,,,,,,,,,,,,,,
2026-07-14T23:01:34.996530+00:00,2026-07-14T23:01:34.991359,1,1,66.3,1.0,65.8,100,,,,,,,,,,,,,,,,,,,66.8,105,,,,,,,,,,,,,,,,,,
2026-07-14T23:01:36.013426+00:00,2026-07-14T23:01:36.004329,1,1,66.3,1.0,65.8,50,,,,,,,,,,,,,,,,,,,66.8,105,,,,,,,,,,,,,,,,,,
2026-07-14T23:01:36.100190+00:00,2026-07-14T23:01:36.093786,1,0,,,65.8,50,,,,,,,,,,,,,,,,,,,,,,,,,,,,,,,,,,,,,,
2026-07-14T23:01:36.154102+00:00,2026-07-14T23:01:36.147296,2,0,,,66.0,150,65.8,50,,,,,,,,,,,,,,,,,,,,,,,,,,,,,,,,,,,,
2026-07-14T23:01:36.207575+00:00,2026-07-14T23:01:36.201208,2,1,66.25,0.5,66.0,150,65.8,50,,,,,,,,,,,,,,,,,66.5,150,,,,,,,,,,,,,,,,,,
2026-07-14T23:01:37.455154+00:00,2026-07-14T23:01:37.447160,1,1,66.25,0.5,66.0,150,,,,,,,,,,,,,,,,,,,66.5,150,,,,,,,,,,,,,,,,,,
2026-07-14T23:01:37.508489+00:00,2026-07-14T23:01:37.500132,1,1,66.25,0.5,66.0,250,,,,,,,,,,,,,,,,,,,66.5,150,,,,,,,,,,,,,,,,,,
2026-07-14T23:01:37.562287+00:00,2026-07-14T23:01:37.553531,1,1,66.25,0.5,66.0,250,,,,,,,,,,,,,,,,,,,66.5,250,,,,,,,,,,,,,,,,,,
2026-07-14T23:01:38.113215+00:00,2026-07-14T23:01:38.108909,1,1,66.25,0.5,66.0,200,,,,,,,,,,,,,,,,,,,66.5,205,,,,,,,,,,,,,,,,,,
2026-07-14T23:01:38.775390+00:00,2026-07-14T23:01:38.767058,1,1,66.25,0.5,66.0,160,,,,,,,,,,,,,,,,,,,66.5,205,,,,,,,,,,,,,,,,,,
2026-07-14T23:01:39.259855+00:00,2026-07-14T23:01:39.257416,1,1,66.25,0.5,66.0,100,,,,,,,,,,,,,,,,,,,66.5,100,,,,,,,,,,,,,,,,,,
2026-07-14T23:01:39.313513+00:00,2026-07-14T23:01:39.310484,2,1,66.25,0.5,66.0,100,65.8,150,,,,,,,,,,,,,,,,,66.5,100,,,,,,,,,,,,,,,,,,
2026-07-14T23:01:39.367240+00:00,2026-07-14T23:01:39.362293,2,2,66.15,0.3,66.0,100,65.8,150,,,,,,,,,,,,,,,,,66.3,150,66.5,100,,,,,,,,,,,,,,,,
2026-07-14T23:01:39.506707+00:00,2026-07-14T23:01:39.498240,2,2,66.15,0.3,66.0,100,65.8,150,,,,,,,,,,,,,,,,,66.3,111,66.5,100,,,,,,,,,,,,,,,,
2026-07-14T23:01:39.821310+00:00,2026-07-14T23:01:39.817178,2,2,66.15,0.3,66.0,100,65.8,150,,,,,,,,,,,,,,,,,66.3,62,66.5,100,,,,,,,,,,,,,,,,
2026-07-14T23:01:40.112223+00:00,2026-07-14T23:01:40.104324,2,2,66.15,0.3,66.0,100,65.8,150,,,,,,,,,,,,,,,,,66.3,60,66.5,100,,,,,,,,,,,,,,,,
2026-07-14T23:01:40.219186+00:00,2026-07-14T23:01:40.216158,2,2,66.15,0.3,66.0,50,65.8,150,,,,,,,,,,,,,,,,,66.3,60,66.5,100,,,,,,,,,,,,,,,,
2026-07-14T23:01:40.564143+00:00,2026-07-14T23:01:40.562989,2,2,66.15,0.3,66.0,50,65.8,150,,,,,,,,,,,,,,,,,66.3,22,66.5,100,,,,,,,,,,,,,,,,
2026-07-14T23:01:40.618133+00:00,2026-07-14T23:01:40.609482,1,1,66.05,0.5,65.8,150,,,,,,,,,,,,,,,,,,,66.3,22,,,,,,,,,,,,,,,,,,
2026-07-14T23:01:40.671957+00:00,2026-07-14T23:01:40.662742,2,1,66.15,0.3,66.0,100,65.8,150,,,,,,,,,,,,,,,,,66.3,22,,,,,,,,,,,,,,,,,,
2026-07-14T23:01:40.725317+00:00,2026-07-14T23:01:40.715229,2,2,66.15,0.3,66.0,100,65.8,150,,,,,,,,,,,,,,,,,66.3,22,66.5,100,,,,,,,,,,,,,,,,
2026-07-14T23:01:41.628637+00:00,2026-07-14T23:01:41.618084,2,1,66.25,0.5,66.0,100,65.8,150,,,,,,,,,,,,,,,,,66.5,100,,,,,,,,,,,,,,,,,,
2026-07-14T23:01:42.328882+00:00,2026-07-14T23:01:42.323708,2,1,66.25,0.5,66.0,50,65.8,150,,,,,,,,,,,,,,,,,66.5,100,,,,,,,,,,,,,,,,,,
2026-07-14T23:01:42.425113+00:00,2026-07-14T23:01:42.419947,1,1,66.25,0.5,66.0,50,,,,,,,,,,,,,,,,,,,66.5,100,,,,,,,,,,,,,,,,,,
2026-07-14T23:01:42.478295+00:00,2026-07-14T23:01:42.477537,2,0,,,66.5,50,66.0,50,,,,,,,,,,,,,,,,,,,,,,,,,,,,,,,,,,,,
2026-07-14T23:01:42.542623+00:00,2026-07-14T23:01:42.533456,2,1,66.75,0.5,66.5,50,66.0,50,,,,,,,,,,,,,,,,,67.0,150,,,,,,,,,,,,,,,,,,
2026-07-14T23:01:42.617830+00:00,2026-07-14T23:01:42.608711,2,1,66.75,0.5,66.5,12,66.0,50,,,,,,,,,,,,,,,,,67.0,150,,,,,,,,,,,,,,,,,,
2026-07-14T23:01:42.887519+00:00,2026-07-14T23:01:42.877449,1,1,66.5,1.0,66.0,16,,,,,,,,,,,,,,,,,,,67.0,150,,,,,,,,,,,,,,,,,,
2026-07-14T23:01:43.777728+00:00,2026-07-14T23:01:43.769425,0,1,,,,,,,,,,,,,,,,,,,,,,,67.0,150,,,,,,,,,,,,,,,,,,
2026-07-14T23:01:43.831341+00:00,2026-07-14T23:01:43.823977,1,1,66.6,0.8,66.2,100,,,,,,,,,,,,,,,,,,,67.0,150,,,,,,,,,,,,,,,,,,
2026-07-14T23:01:43.906357+00:00,2026-07-14T23:01:43.895790,1,2,66.45,0.5,66.2,100,,,,,,,,,,,,,,,,,,,66.7,100,67.0,150,,,,,,,,,,,,,,,,
2026-07-14T23:01:44.439029+00:00,2026-07-14T23:01:44.430152,1,2,66.45,0.5,66.2,50,,,,,,,,,,,,,,,,,,,66.7,100,67.0,150,,,,,,,,,,,,,,,,
2026-07-14T23:01:45.596174+00:00,2026-07-14T23:01:45.587301,1,1,66.45,0.5,66.2,50,,,,,,,,,,,,,,,,,,,66.7,100,,,,,,,,,,,,,,,,,,
2026-07-14T23:01:45.650158+00:00,2026-07-14T23:01:45.641030,2,1,66.45,0.5,66.2,50,66.1,150,,,,,,,,,,,,,,,,,66.7,100,,,,,,,,,,,,,,,,,,
2026-07-14T23:01:45.704114+00:00,2026-07-14T23:01:45.701510,2,2,66.4,0.4,66.2,50,66.1,150,,,,,,,,,,,,,,,,,66.6,150,66.7,100,,,,,,,,,,,,,,,,
2026-07-14T23:01:45.844528+00:00,2026-07-14T23:01:45.841734,2,2,66.4,0.4,66.2,50,66.1,150,,,,,,,,,,,,,,,,,66.6,104,66.7,100,,,,,,,,,,,,,,,,
2026-07-14T23:01:46.540190+00:00,2026-07-14T23:01:46.536041,1,2,66.35,0.5,66.1,150,,,,,,,,,,,,,,,,,,,66.6,104,66.7,100,,,,,,,,,,,,,,,,
2026-07-14T23:01:46.959086+00:00,2026-07-14T23:01:46.950649,1,1,66.35,0.5,66.1,150,,,,,,,,,,,,,,,,,,,66.6,104,,,,,,,,,,,,,,,,,,
2026-07-14T23:01:47.012496+00:00,2026-07-14T23:01:47.003573,2,1,66.35,0.5,66.1,150,65.9,100,,,,,,,,,,,,,,,,,66.6,104,,,,,,,,,,,,,,,,,,
2026-07-14T23:01:47.065641+00:00,2026-07-14T23:01:47.056327,2,2,66.25,0.3,66.1,150,65.9,100,,,,,,,,,,,,,,,,,66.4,100,66.6,104,,,,,,,,,,,,,,,,
2026-07-14T23:01:47.193130+00:00,2026-07-14T23:01:47.192183,2,2,66.25,0.3,66.1,150,65.9,100,,,,,,,,,,,,,,,,,66.4,39,66.6,104,,,,,,,,,,,,,,,,
2026-07-14T23:01:47.277763+00:00,2026-07-14T23:01:47.269958,2,2,66.25,0.3,66.1,110,65.9,100,,,,,,,,,,,,,,,,,66.4,39,66.6,104,,,,,,,,,,,,,,,,
2026-07-14T23:01:48.445969+00:00,2026-07-14T23:01:48.435665,2,2,66.25,0.3,66.1,110,65.9,100,,,,,,,,,,,,,,,,,66.4,14,66.6,104,,,,,,,,,,,,,,,,
2026-07-14T23:01:48.659426+00:00,2026-07-14T23:01:48.649052,2,2,66.25,0.3,66.1,60,65.9,100,,,,,,,,,,,,,,,,,66.4,14,66.6,104,,,,,,,,,,,,,,,,
2026-07-14T23:01:48.756284+00:00,2026-07-14T23:01:48.755792,2,1,66.25,0.3,66.1,60,65.9,100,,,,,,,,,,,,,,,,,66.4,14,,,,,,,,,,,,,,,,,,
2026-07-14T23:01:48.766914+00:00,2026-07-14T23:01:48.757998,1,1,66.15,0.5,65.9,100,,,,,,,,,,,,,,,,,,,66.4,14,,,,,,,,,,,,,,,,,,
2026-07-14T23:01:48.821333+00:00,2026-07-14T23:01:48.811341,2,1,66.15,0.5,65.9,100,65.6,150,,,,,,,,,,,,,,,,,66.4,14,,,,,,,,,,,,,,,,,,
2026-07-14T23:01:48.875249+00:00,2026-07-14T23:01:48.865795,2,2,66.0,0.2,65.9,100,65.6,150,,,,,,,,,,,,,,,,,66.1,150,66.4,14,,,,,,,,,,,,,,,,
2026-07-14T23:01:49.612682+00:00,2026-07-14T23:01:49.610337,2,2,66.0,0.2,65.9,100,65.6,150,,,,,,,,,,,,,,,,,66.1,147,66.4,14,,,,,,,,,,,,,,,,
2026-07-14T23:01:49.666606+00:00,2026-07-14T23:01:49.658763,2,2,66.0,0.2,65.9,100,65.6,150,,,,,,,,,,,,,,,,,66.1,134,66.4,14,,,,,,,,,,,,,,,,
2026-07-14T23:01:49.795163+00:00,2026-07-14T23:01:49.790466,2,2,66.0,0.2,65.9,100,65.6,150,,,,,,,,,,,,,,,,,66.1,94,66.4,14,,,,,,,,,,,,,,,,
2026-07-14T23:01:50.113742+00:00,2026-07-14T23:01:50.113154,1,1,65.85,0.5,65.6,150,,,,,,,,,,,,,,,,,,,66.1,94,,,,,,,,,,,,,,,,,,
2026-07-14T23:01:50.177493+00:00,2026-07-14T23:01:50.167226,2,1,66.05,0.1,66.0,100,65.6,150,,,,,,,,,,,,,,,,,66.1,94,,,,,,,,,,,,,,,,,,
2026-07-14T23:01:50.230343+00:00,2026-07-14T23:01:50.220093,2,2,66.05,0.1,66.0,100,65.6,150,,,,,,,,,,,,,,,,,66.1,94,66.5,100,,,,,,,,,,,,,,,,
2026-07-14T23:01:50.251590+00:00,2026-07-14T23:01:50.250069,2,2,66.05,0.1,66.0,100,65.6,150,,,,,,,,,,,,,,,,,66.1,69,66.5,100,,,,,,,,,,,,,,,,
2026-07-14T23:01:50.325767+00:00,2026-07-14T23:01:50.323596,2,2,66.05,0.1,66.0,59,65.6,150,,,,,,,,,,,,,,,,,66.1,69,66.5,100,,,,,,,,,,,,,,,,
2026-07-14T23:01:50.517331+00:00,2026-07-14T23:01:50.507008,2,2,66.05,0.1,66.0,59,65.6,150,,,,,,,,,,,,,,,,,66.1,67,66.5,100,,,,,,,,,,,,,,,,
2026-07-14T23:01:50.708288+00:00,2026-07-14T23:01:50.705089,2,2,66.05,0.1,66.0,59,65.6,150,,,,,,,,,,,,,,,,,66.1,17,66.5,100,,,,,,,,,,,,,,,,
2026-07-14T23:01:50.922540+00:00,2026-07-14T23:01:50.918061,2,2,66.05,0.1,66.0,16,65.6,150,,,,,,,,,,,,,,,,,66.1,17,66.5,100,,,,,,,,,,,,,,,,
2026-07-14T23:01:51.928571+00:00,2026-07-14T23:01:51.920829,1,1,66.25,0.5,66.0,16,,,,,,,,,,,,,,,,,,,66.5,100,,,,,,,,,,,,,,,,,,
2026-07-14T23:01:51.988395+00:00,2026-07-14T23:01:51.986153,2,1,66.3,0.4,66.1,147,66.0,16,,,,,,,,,,,,,,,,,66.5,100,,,,,,,,,,,,,,,,,,
2026-07-14T23:01:52.031722+00:00,2026-07-14T23:01:52.027161,2,2,66.3,0.4,66.1,147,66.0,16,,,,,,,,,,,,,,,,,66.5,100,66.6,150,,,,,,,,,,,,,,,,
2026-07-14T23:01:52.823235+00:00,2026-07-14T23:01:52.812828,2,2,66.3,0.4,66.1,147,66.0,16,,,,,,,,,,,,,,,,,66.5,50,66.6,150,,,,,,,,,,,,,,,,
2026-07-14T23:01:52.974832+00:00,2026-07-14T23:01:52.969652,2,2,66.3,0.4,66.1,147,66.0,16,,,,,,,,,,,,,,,,,66.5,9,66.6,150,,,,,,,,,,,,,,,,
2026-07-14T23:01:53.277976+00:00,2026-07-14T23:01:53.276153,1,1,66.35,0.5,66.1,147,,,,,,,,,,,,,,,,,,,66.6,150,,,,,,,,,,,,,,,,,,
2026-07-14T23:01:53.332008+00:00,2026-07-14T23:01:53.328840,2,1,66.35,0.5,66.1,147,65.9,100,,,,,,,,,,,,,,,,,66.6,150,,,,,,,,,,,,,,,,,,
2026-07-14T23:01:53.386363+00:00,2026-07-14T23:01:53.381584,2,2,66.25,0.3,66.1,147,65.9,100,,,,,,,,,,,,,,,,,66.4,100,66.6,150,,,,,,,,,,,,,,,,
2026-07-14T23:01:54.834488+00:00,2026-07-14T23:01:54.832975,2,2,66.25,0.3,66.1,147,65.9,100,,,,,,,,,,,,,,,,,66.4,98,66.6,150,,,,,,,,,,,,,,,,
2026-07-14T23:01:54.925185+00:00,2026-07-14T23:01:54.919650,2,2,66.25,0.3,66.1,147,65.9,100,,,,,,,,,,,,,,,,,66.4,48,66.6,150,,,,,,,,,,,,,,,,
2026-07-14T23:01:55.086673+00:00,2026-07-14T23:01:55.083402,1,1,66.15,0.5,65.9,100,,,,,,,,,,,,,,,,,,,66.4,48,,,,,,,,,,,,,,,,,,
2026-07-14T23:01:55.140339+00:00,2026-07-14T23:01:55.137117,2,1,66.35,0.1,66.3,150,65.9,100,,,,,,,,,,,,,,,,,66.4,48,,,,,,,,,,,,,,,,,,
2026-07-14T23:01:55.172531+00:00,2026-07-14T23:01:55.163111,2,1,66.35,0.1,66.3,150,65.9,100,,,,,,,,,,,,,,,,,66.4,2,,,,,,,,,,,,,,,,,,
2026-07-14T23:01:55.194007+00:00,2026-07-14T23:01:55.192123,2,2,66.35,0.1,66.3,150,65.9,100,,,,,,,,,,,,,,,,,66.4,2,66.8,150,,,,,,,,,,,,,,,,
2026-07-14T23:01:56.396408+00:00,2026-07-14T23:01:56.393240,2,1,66.55,0.5,66.3,150,65.9,100,,,,,,,,,,,,,,,,,66.8,150,,,,,,,,,,,,,,,,,,
2026-07-14T23:01:56.439564+00:00,2026-07-14T23:01:56.435302,1,1,66.55,0.5,66.3,150,,,,,,,,,,,,,,,,,,,66.8,150,,,,,,,,,,,,,,,,,,
2026-07-14T23:01:56.493077+00:00,2026-07-14T23:01:56.489817,2,1,66.6,0.4,66.4,100,66.3,150,,,,,,,,,,,,,,,,,66.8,150,,,,,,,,,,,,,,,,,,
2026-07-14T23:01:56.546598+00:00,2026-07-14T23:01:56.543088,2,2,66.6,0.4,66.4,100,66.3,150,,,,,,,,,,,,,,,,,66.8,150,66.9,100,,,,,,,,,,,,,,,,
2026-07-14T23:01:57.028839+00:00,2026-07-14T23:01:57.028302,2,2,66.6,0.4,66.4,100,66.3,150,,,,,,,,,,,,,,,,,66.8,100,66.9,100,,,,,,,,,,,,,,,,
2026-07-14T23:01:57.372283+00:00,2026-07-14T23:01:57.363158,2,2,66.6,0.4,66.4,87,66.3,150,,,,,,,,,,,,,,,,,66.8,100,66.9,100,,,,,,,,,,,,,,,,
2026-07-14T23:01:57.566672+00:00,2026-07-14T23:01:57.556239,2,2,66.6,0.4,66.4,26,66.3,150,,,,,,,,,,,,,,,,,66.8,100,66.9,100,,,,,,,,,,,,,,,,
2026-07-14T23:01:58.249886+00:00,2026-07-14T23:01:58.247466,2,1,66.65,0.5,66.4,26,66.3,150,,,,,,,,,,,,,,,,,66.9,100,,,,,,,,,,,,,,,,,,
2026-07-14T23:01:58.260648+00:00,2026-07-14T23:01:58.250112,1,1,66.65,0.5,66.4,26,,,,,,,,,,,,,,,,,,,66.9,100,,,,,,,,,,,,,,,,,,
2026-07-14T23:01:58.313887+00:00,2026-07-14T23:01:58.303479,2,1,66.65,0.5,66.4,26,66.3,150,,,,,,,,,,,,,,,,,66.9,100,,,,,,,,,,,,,,,,,,
2026-07-14T23:01:58.367978+00:00,2026-07-14T23:01:58.357422,2,2,66.6,0.4,66.4,26,66.3,150,,,,,,,,,,,,,,,,,66.8,150,66.9,100,,,,,,,,,,,,,,,,
2026-07-14T23:01:59.142993+00:00,2026-07-14T23:01:59.138394,2,2,66.6,0.4,66.4,26,66.3,150,,,,,,,,,,,,,,,,,66.8,100,66.9,100,,,,,,,,,,,,,,,,
2026-07-14T23:01:59.626231+00:00,2026-07-14T23:01:59.620068,1,1,66.55,0.5,66.3,150,,,,,,,,,,,,,,,,,,,66.8,100,,,,,,,,,,,,,,,,,,
2026-07-14T23:01:59.680059+00:00,2026-07-14T23:01:59.673482,2,1,66.55,0.5,66.3,150,66.1,100,,,,,,,,,,,,,,,,,66.8,100,,,,,,,,,,,,,,,,,,
2026-07-14T23:01:59.733103+00:00,2026-07-14T23:01:59.731714,2,2,66.45,0.3,66.3,150,66.1,100,,,,,,,,,,,,,,,,,66.6,100,66.8,100,,,,,,,,,,,,,,,,
2026-07-14T23:02:00.590483+00:00,2026-07-14T23:02:00.584723,2,2,66.45,0.3,66.3,103,66.1,100,,,,,,,,,,,,,,,,,66.6,100,66.8,100,,,,,,,,,,,,,,,,
2026-07-14T23:02:01.148930+00:00,2026-07-14T23:02:01.141879,2,2,66.45,0.3,66.3,103,66.1,100,,,,,,,,,,,,,,,,,66.6,60,66.8,100,,,,,,,,,,,,,,,,
2026-07-14T23:02:01.255992+00:00,2026-07-14T23:02:01.249473,2,2,66.45,0.3,66.3,103,66.1,100,,,,,,,,,,,,,,,,,66.6,10,66.8,100,,,,,,,,,,,,,,,,
2026-07-14T23:02:01.417150+00:00,2026-07-14T23:02:01.412370,1,1,66.35,0.5,66.1,100,,,,,,,,,,,,,,,,,,,66.6,10,,,,,,,,,,,,,,,,,,
2026-07-14T23:02:01.471742+00:00,2026-07-14T23:02:01.464763,2,1,66.5,0.2,66.4,150,66.1,100,,,,,,,,,,,,,,,,,66.6,10,,,,,,,,,,,,,,,,,,
2026-07-14T23:02:01.526061+00:00,2026-07-14T23:02:01.518182,2,2,66.5,0.2,66.4,150,66.1,100,,,,,,,,,,,,,,,,,66.6,10,66.9,150,,,,,,,,,,,,,,,,
2026-07-14T23:02:02.786234+00:00,2026-07-14T23:02:02.784052,2,1,66.65,0.5,66.4,150,66.1,100,,,,,,,,,,,,,,,,,66.9,150,,,,,,,,,,,,,,,,,,
2026-07-14T23:02:02.796882+00:00,2026-07-14T23:02:02.786479,1,1,66.65,0.5,66.4,150,,,,,,,,,,,,,,,,,,,66.9,150,,,,,,,,,,,,,,,,,,
2026-07-14T23:02:02.850035+00:00,2026-07-14T23:02:02.839660,2,1,66.7,0.4,66.5,100,66.4,150,,,,,,,,,,,,,,,,,66.9,150,,,,,,,,,,,,,,,,,,
2026-07-14T23:02:02.892445+00:00,2026-07-14T23:02:02.891189,2,2,66.7,0.4,66.5,100,66.4,150,,,,,,,,,,,,,,,,,66.9,150,67.0,100,,,,,,,,,,,,,,,,
2026-07-14T23:02:03.436237+00:00,2026-07-14T23:02:03.434548,2,2,66.7,0.4,66.5,51,66.4,150,,,,,,,,,,,,,,,,,66.9,150,67.0,100,,,,,,,,,,,,,,,,
2026-07-14T23:02:04.535670+00:00,2026-07-14T23:02:04.534452,2,2,66.7,0.4,66.5,9,66.4,150,,,,,,,,,,,,,,,,,66.9,150,67.0,100,,,,,,,,,,,,,,,,
2026-07-14T23:02:04.578056+00:00,2026-07-14T23:02:04.575103,1,1,66.75,0.5,66.5,9,,,,,,,,,,,,,,,,,,,67.0,100,,,,,,,,,,,,,,,,,,
2026-07-14T23:02:04.631204+00:00,2026-07-14T23:02:04.628018,1,1,66.75,0.5,66.5,159,,,,,,,,,,,,,,,,,,,67.0,100,,,,,,,,,,,,,,,,,,
2026-07-14T23:02:04.684632+00:00,2026-07-14T23:02:04.682587,1,1,66.75,0.5,66.5,159,,,,,,,,,,,,,,,,,,,67.0,250,,,,,,,,,,,,,,,,,,
2026-07-14T23:02:05.954737+00:00,2026-07-14T23:02:05.945596,1,1,66.75,0.5,66.5,150,,,,,,,,,,,,,,,,,,,67.0,150,,,,,,,,,,,,,,,,,,
2026-07-14T23:02:06.007263+00:00,2026-07-14T23:02:05.998475,2,1,66.75,0.5,66.5,150,66.2,100,,,,,,,,,,,,,,,,,67.0,150,,,,,,,,,,,,,,,,,,
2026-07-14T23:02:06.065289+00:00,2026-07-14T23:02:06.051465,2,2,66.6,0.2,66.5,150,66.2,100,,,,,,,,,,,,,,,,,66.7,100,67.0,150,,,,,,,,,,,,,,,,
2026-07-14T23:02:07.569118+00:00,2026-07-14T23:02:07.567169,2,2,66.6,0.2,66.5,150,66.2,100,,,,,,,,,,,,,,,,,66.7,50,67.0,150,,,,,,,,,,,,,,,,
2026-07-14T23:02:07.740075+00:00,2026-07-14T23:02:07.739571,1,1,66.45,0.5,66.2,100,,,,,,,,,,,,,,,,,,,66.7,50,,,,,,,,,,,,,,,,,,
2026-07-14T23:02:07.793005+00:00,2026-07-14T23:02:07.792528,2,1,66.65,0.1,66.6,150,66.2,100,,,,,,,,,,,,,,,,,66.7,50,,,,,,,,,,,,,,,,,,
2026-07-14T23:02:07.856585+00:00,2026-07-14T23:02:07.846865,2,2,66.65,0.1,66.6,150,66.2,100,,,,,,,,,,,,,,,,,66.7,50,67.1,150,,,,,,,,,,,,,,,,
2026-07-14T23:02:09.112604+00:00,2026-07-14T23:02:09.109068,1,1,66.85,0.5,66.6,150,,,,,,,,,,,,,,,,,,,67.1,150,,,,,,,,,,,,,,,,,,
2026-07-14T23:02:09.165977+00:00,2026-07-14T23:02:09.161224,2,1,66.85,0.5,66.6,150,66.4,100,,,,,,,,,,,,,,,,,67.1,150,,,,,,,,,,,,,,,,,,
2026-07-14T23:02:09.219162+00:00,2026-07-14T23:02:09.214041,2,2,66.75,0.3,66.6,150,66.4,100,,,,,,,,,,,,,,,,,66.9,100,67.1,150,,,,,,,,,,,,,,,,
2026-07-14T23:02:10.903502+00:00,2026-07-14T23:02:10.902635,1,1,66.65,0.5,66.4,100,,,,,,,,,,,,,,,,,,,66.9,100,,,,,,,,,,,,,,,,,,
2026-07-14T23:02:10.956223+00:00,2026-07-14T23:02:10.955832,2,1,66.75,0.3,66.6,150,66.4,100,,,,,,,,,,,,,,,,,66.9,100,,,,,,,,,,,,,,,,,,
2026-07-14T23:02:11.019390+00:00,2026-07-14T23:02:11.009170,2,2,66.75,0.3,66.6,150,66.4,100,,,,,,,,,,,,,,,,,66.9,100,67.1,150,,,,,,,,,,,,,,,,
2026-07-14T23:02:11.835596+00:00,2026-07-14T23:02:11.830073,2,2,66.75,0.3,66.6,100,66.4,100,,,,,,,,,,,,,,,,,66.9,100,67.1,150,,,,,,,,,,,,,,,,
2026-07-14T23:02:12.272155+00:00,2026-07-14T23:02:12.270164,1,1,66.85,0.5,66.6,100,,,,,,,,,,,,,,,,,,,67.1,150,,,,,,,,,,,,,,,,,,
2026-07-14T23:02:12.336009+00:00,2026-07-14T23:02:12.335467,1,1,66.85,0.5,66.6,200,,,,,,,,,,,,,,,,,,,67.1,150,,,,,,,,,,,,,,,,,,
2026-07-14T23:02:12.399745+00:00,2026-07-14T23:02:12.389402,1,1,66.85,0.5,66.6,200,,,,,,,,,,,,,,,,,,,67.1,250,,,,,,,,,,,,,,,,,,
2026-07-14T23:02:13.221232+00:00,2026-07-14T23:02:13.219157,1,1,66.85,0.5,66.6,197,,,,,,,,,,,,,,,,,,,67.1,250,,,,,,,,,,,,,,,,,,
2026-07-14T23:02:13.242645+00:00,2026-07-14T23:02:13.238625,1,1,66.85,0.5,66.6,155,,,,,,,,,,,,,,,,,,,67.1,250,,,,,,,,,,,,,,,,,,
2026-07-14T23:02:14.067025+00:00,2026-07-14T23:02:14.065070,1,1,66.85,0.5,66.6,100,,,,,,,,,,,,,,,,,,,67.1,100,,,,,,,,,,,,,,,,,,
2026-07-14T23:02:14.120438+00:00,2026-07-14T23:02:14.118417,2,1,66.85,0.5,66.6,100,66.1,150,,,,,,,,,,,,,,,,,67.1,100,,,,,,,,,,,,,,,,,,
2026-07-14T23:02:14.184287+00:00,2026-07-14T23:02:14.181036,1,2,66.35,0.5,66.1,150,,,,,,,,,,,,,,,,,,,66.6,50,67.1,100,,,,,,,,,,,,,,,,
2026-07-14T23:02:14.396575+00:00,2026-07-14T23:02:14.394262,1,2,66.35,0.5,66.1,150,,,,,,,,,,,,,,,,,,,66.6,9,67.1,100,,,,,,,,,,,,,,,,
2026-07-14T23:02:14.907673+00:00,2026-07-14T23:02:14.906231,1,1,66.6,1.0,66.1,150,,,,,,,,,,,,,,,,,,,67.1,100,,,,,,,,,,,,,,,,,,
2026-07-14T23:02:15.449424+00:00,2026-07-14T23:02:15.442126,1,0,,,66.1,150,,,,,,,,,,,,,,,,,,,,,,,,,,,,,,,,,,,,,,
2026-07-14T23:02:15.502926+00:00,2026-07-14T23:02:15.494790,2,0,,,66.1,150,66.0,100,,,,,,,,,,,,,,,,,,,,,,,,,,,,,,,,,,,,
2026-07-14T23:02:15.555852+00:00,2026-07-14T23:02:15.547806,2,1,66.3,0.4,66.1,150,66.0,100,,,,,,,,,,,,,,,,,66.5,100,,,,,,,,,,,,,,,,,,
2026-07-14T23:02:15.835508+00:00,2026-07-14T23:02:15.834768,2,1,66.3,0.4,66.1,150,66.0,100,,,,,,,,,,,,,,,,,66.5,97,,,,,,,,,,,,,,,,,,
2026-07-14T23:02:15.909342+00:00,2026-07-14T23:02:15.900576,2,1,66.3,0.4,66.1,150,66.0,100,,,,,,,,,,,,,,,,,66.5,17,,,,,,,,,,,,,,,,,,
2026-07-14T23:02:15.993631+00:00,2026-07-14T23:02:15.987687,2,0,,,66.1,150,66.0,100,,,,,,,,,,,,,,,,,,,,,,,,,,,,,,,,,,,,
2026-07-14T23:02:17.241727+00:00,2026-07-14T23:02:17.236262,1,0,,,66.0,100,,,,,,,,,,,,,,,,,,,,,,,,,,,,,,,,,,,,,,
2026-07-14T23:02:17.295239+00:00,2026-07-14T23:02:17.291016,2,0,,,66.7,150,66.0,100,,,,,,,,,,,,,,,,,,,,,,,,,,,,,,,,,,,,
2026-07-14T23:02:17.354429+00:00,2026-07-14T23:02:17.352094,2,1,66.95,0.5,66.7,136,66.0,100,,,,,,,,,,,,,,,,,67.2,150,,,,,,,,,,,,,,,,,,
2026-07-14T23:02:17.386690+00:00,2026-07-14T23:02:17.385272,2,1,66.95,0.5,66.7,37,66.0,100,,,,,,,,,,,,,,,,,67.2,150,,,,,,,,,,,,,,,,,,
2026-07-14T23:02:18.099287+00:00,2026-07-14T23:02:18.098257,2,1,66.95,0.5,66.7,37,66.0,100,,,,,,,,,,,,,,,,,67.2,100,,,,,,,,,,,,,,,,,,
2026-07-14T23:02:18.609083+00:00,2026-07-14T23:02:18.602471,1,1,66.95,0.5,66.7,37,,,,,,,,,,,,,,,,,,,67.2,100,,,,,,,,,,,,,,,,,,
2026-07-14T23:02:18.662602+00:00,2026-07-14T23:02:18.656515,2,1,66.95,0.5,66.7,37,66.3,100,,,,,,,,,,,,,,,,,67.2,100,,,,,,,,,,,,,,,,,,
2026-07-14T23:02:18.715759+00:00,2026-07-14T23:02:18.709557,2,2,66.75,0.1,66.7,37,66.3,100,,,,,,,,,,,,,,,,,66.8,100,67.2,100,,,,,,,,,,,,,,,,
2026-07-14T23:02:20.210134+00:00,2026-07-14T23:02:20.206229,2,2,66.75,0.1,66.7,37,66.3,100,,,,,,,,,,,,,,,,,66.8,50,67.2,100,,,,,,,,,,,,,,,,
2026-07-14T23:02:20.414420+00:00,2026-07-14T23:02:20.404931,1,1,66.55,0.5,66.3,100,,,,,,,,,,,,,,,,,,,66.8,50,,,,,,,,,,,,,,,,,,
2026-07-14T23:02:20.468642+00:00,2026-07-14T23:02:20.458602,2,1,66.6,0.4,66.4,150,66.3,100,,,,,,,,,,,,,,,,,66.8,50,,,,,,,,,,,,,,,,,,
2026-07-14T23:02:20.522609+00:00,2026-07-14T23:02:20.512057,2,2,66.6,0.4,66.4,150,66.3,100,,,,,,,,,,,,,,,,,66.8,50,66.9,150,,,,,,,,,,,,,,,,
2026-07-14T23:02:21.452559+00:00,2026-07-14T23:02:21.446218,2,2,66.6,0.4,66.4,150,66.3,100,,,,,,,,,,,,,,,,,66.8,10,66.9,150,,,,,,,,,,,,,,,,
2026-07-14T23:02:21.764724+00:00,2026-07-14T23:02:21.763344,2,1,66.65,0.5,66.4,150,66.3,100,,,,,,,,,,,,,,,,,66.9,150,,,,,,,,,,,,,,,,,,
2026-07-14T23:02:21.775628+00:00,2026-07-14T23:02:21.765286,1,1,66.65,0.5,66.4,150,,,,,,,,,,,,,,,,,,,66.9,150,,,,,,,,,,,,,,,,,,
2026-07-14T23:02:21.832275+00:00,2026-07-14T23:02:21.819200,2,1,66.75,0.3,66.6,100,66.4,150,,,,,,,,,,,,,,,,,66.9,150,,,,,,,,,,,,,,,,,,
2026-07-14T23:02:21.875785+00:00,2026-07-14T23:02:21.871623,2,2,66.75,0.3,66.6,100,66.4,150,,,,,,,,,,,,,,,,,66.9,150,67.1,100,,,,,,,,,,,,,,,,
2026-07-14T23:02:22.314210+00:00,2026-07-14T23:02:22.312660,2,2,66.75,0.3,66.6,100,66.4,150,,,,,,,,,,,,,,,,,66.9,100,67.1,100,,,,,,,,,,,,,,,,
2026-07-14T23:02:23.576638+00:00,2026-07-14T23:02:23.571072,1,1,66.85,0.5,66.6,100,,,,,,,,,,,,,,,,,,,67.1,100,,,,,,,,,,,,,,,,,,
2026-07-14T23:02:23.629621+00:00,2026-07-14T23:02:23.623465,2,1,66.9,0.4,66.7,150,66.6,100,,,,,,,,,,,,,,,,,67.1,100,,,,,,,,,,,,,,,,,,
2026-07-14T23:02:23.682404+00:00,2026-07-14T23:02:23.677109,2,2,66.9,0.4,66.7,150,66.6,100,,,,,,,,,,,,,,,,,67.1,100,67.2,150,,,,,,,,,,,,,,,,
2026-07-14T23:02:24.359482+00:00,2026-07-14T23:02:24.356215,2,2,66.9,0.4,66.7,125,66.6,100,,,,,,,,,,,,,,,,,67.1,100,67.2,150,,,,,,,,,,,,,,,,
2026-07-14T23:02:24.423747+00:00,2026-07-14T23:02:24.421876,2,2,66.9,0.4,66.7,125,66.6,100,,,,,,,,,,,,,,,,,67.1,50,67.2,150,,,,,,,,,,,,,,,,
2026-07-14T23:02:24.934291+00:00,2026-07-14T23:02:24.927328,1,1,66.95,0.5,66.7,125,,,,,,,,,,,,,,,,,,,67.2,150,,,,,,,,,,,,,,,,,,
2026-07-14T23:02:24.986776+00:00,2026-07-14T23:02:24.980699,2,1,66.95,0.5,66.7,125,66.6,100,,,,,,,,,,,,,,,,,67.2,150,,,,,,,,,,,,,,,,,,
2026-07-14T23:02:25.060972+00:00,2026-07-14T23:02:25.054655,2,2,66.9,0.4,66.7,125,66.6,100,,,,,,,,,,,,,,,,,67.1,100,67.2,150,,,,,,,,,,,,,,,,
2026-07-14T23:02:25.088529+00:00,2026-07-14T23:02:25.086494,2,2,66.9,0.4,66.7,115,66.6,100,,,,,,,,,,,,,,,,,67.1,100,67.2,150,,,,,,,,,,,,,,,,
2026-07-14T23:02:25.206075+00:00,2026-07-14T23:02:25.204699,2,2,66.9,0.4,66.7,102,66.6,100,,,,,,,,,,,,,,,,,67.1,100,67.2,150,,,,,,,,,,,,,,,,
2026-07-14T23:02:26.119601+00:00,2026-07-14T23:02:26.116920,2,2,66.9,0.4,66.7,77,66.6,100,,,,,,,,,,,,,,,,,67.1,100,67.2,150,,,,,,,,,,,,,,,,
2026-07-14T23:02:26.537351+00:00,2026-07-14T23:02:26.527821,2,2,66.9,0.4,66.7,77,66.6,100,,,,,,,,,,,,,,,,,67.1,50,67.2,150,,,,,,,,,,,,,,,,
2026-07-14T23:02:26.741026+00:00,2026-07-14T23:02:26.734080,1,1,66.85,0.5,66.6,100,,,,,,,,,,,,,,,,,,,67.1,50,,,,,,,,,,,,,,,,,,
2026-07-14T23:02:26.794410+00:00,2026-07-14T23:02:26.787477,2,1,66.85,0.5,66.6,100,66.2,150,,,,,,,,,,,,,,,,,67.1,50,,,,,,,,,,,,,,,,,,
2026-07-14T23:02:26.848833+00:00,2026-07-14T23:02:26.841683,2,2,66.65,0.1,66.6,100,66.2,150,,,,,,,,,,,,,,,,,66.7,150,67.1,50,,,,,,,,,,,,,,,,
2026-07-14T23:02:28.113654+00:00,2026-07-14T23:02:28.109113,1,1,66.45,0.5,66.2,150,,,,,,,,,,,,,,,,,,,66.7,150,,,,,,,,,,,,,,,,,,
2026-07-14T23:02:28.167391+00:00,2026-07-14T23:02:28.163270,1,1,66.45,0.5,66.2,150,,,,,,,,,,,,,,,,,,,66.7,50,,,,,,,,,,,,,,,,,,
2026-07-14T23:02:28.220513+00:00,2026-07-14T23:02:28.216142,1,2,66.45,0.5,66.2,150,,,,,,,,,,,,,,,,,,,66.7,50,67.4,100,,,,,,,,,,,,,,,,
2026-07-14T23:02:28.637841+00:00,2026-07-14T23:02:28.634981,1,1,66.8,1.2,66.2,150,,,,,,,,,,,,,,,,,,,67.4,100,,,,,,,,,,,,,,,,,,
2026-07-14T23:02:29.921236+00:00,2026-07-14T23:02:29.910818,0,1,,,,,,,,,,,,,,,,,,,,,,,67.4,100,,,,,,,,,,,,,,,,,,
2026-07-14T23:02:29.969744+00:00,2026-07-14T23:02:29.967843,1,1,67.2,0.4,67.0,139,,,,,,,,,,,,,,,,,,,67.4,100,,,,,,,,,,,,,,,,,,
2026-07-14T23:02:30.022976+00:00,2026-07-14T23:02:30.015627,1,2,67.2,0.4,67.0,139,,,,,,,,,,,,,,,,,,,67.4,100,67.5,150,,,,,,,,,,,,,,,,
2026-07-14T23:02:30.044400+00:00,2026-07-14T23:02:30.034953,1,2,67.2,0.4,67.0,130,,,,,,,,,,,,,,,,,,,67.4,100,67.5,150,,,,,,,,,,,,,,,,
2026-07-14T23:02:30.428772+00:00,2026-07-14T23:02:30.400168,1,2,67.2,0.4,67.0,105,,,,,,,,,,,,,,,,,,,67.4,100,67.5,150,,,,,,,,,,,,,,,,
2026-07-14T23:02:30.536119+00:00,2026-07-14T23:02:30.529906,1,2,67.2,0.4,67.0,60,,,,,,,,,,,,,,,,,,,67.4,100,67.5,150,,,,,,,,,,,,,,,,
2026-07-14T23:02:30.762062+00:00,2026-07-14T23:02:30.752492,1,2,67.2,0.4,67.0,60,,,,,,,,,,,,,,,,,,,67.4,50,67.5,150,,,,,,,,,,,,,,,,
2026-07-14T23:02:31.272399+00:00,2026-07-14T23:02:31.268990,1,1,67.25,0.5,67.0,60,,,,,,,,,,,,,,,,,,,67.5,150,,,,,,,,,,,,,,,,,,
2026-07-14T23:02:31.326547+00:00,2026-07-14T23:02:31.323831,2,1,67.25,0.5,67.0,60,66.7,100,,,,,,,,,,,,,,,,,67.5,150,,,,,,,,,,,,,,,,,,
2026-07-14T23:02:31.380291+00:00,2026-07-14T23:02:31.376414,2,2,67.1,0.2,67.0,60,66.7,100,,,,,,,,,,,,,,,,,67.2,100,67.5,150,,,,,,,,,,,,,,,,
2026-07-14T23:02:31.754315+00:00,2026-07-14T23:02:31.749100,2,2,67.1,0.2,67.0,43,66.7,100,,,,,,,,,,,,,,,,,67.2,100,67.5,150,,,,,,,,,,,,,,,,
2026-07-14T23:02:32.872282+00:00,2026-07-14T23:02:32.861701,2,2,67.1,0.2,67.0,43,66.7,100,,,,,,,,,,,,,,,,,67.2,50,67.5,150,,,,,,,,,,,,,,,,
2026-07-14T23:02:33.079679+00:00,2026-07-14T23:02:33.072778,1,1,66.95,0.5,66.7,100,,,,,,,,,,,,,,,,,,,67.2,50,,,,,,,,,,,,,,,,,,
2026-07-14T23:02:33.133297+00:00,2026-07-14T23:02:33.125853,2,1,66.95,0.5,66.7,100,66.6,150,,,,,,,,,,,,,,,,,67.2,50,,,,,,,,,,,,,,,,,,
2026-07-14T23:02:33.186803+00:00,2026-07-14T23:02:33.179261,2,2,66.9,0.4,66.7,100,66.6,150,,,,,,,,,,,,,,,,,67.1,150,67.2,50,,,,,,,,,,,,,,,,
2026-07-14T23:02:34.440104+00:00,2026-07-14T23:02:34.432726,1,1,66.85,0.5,66.6,150,,,,,,,,,,,,,,,,,,,67.1,150,,,,,,,,,,,,,,,,,,
2026-07-14T23:02:34.493155+00:00,2026-07-14T23:02:34.485146,2,1,66.95,0.3,66.8,100,66.6,150,,,,,,,,,,,,,,,,,67.1,150,,,,,,,,,,,,,,,,,,
2026-07-14T23:02:34.545770+00:00,2026-07-14T23:02:34.537671,2,2,66.95,0.3,66.8,100,66.6,150,,,,,,,,,,,,,,,,,67.1,150,67.3,100,,,,,,,,,,,,,,,,
2026-07-14T23:02:34.725304+00:00,2026-07-14T23:02:34.718010,2,2,66.95,0.3,66.8,58,66.6,150,,,,,,,,,,,,,,,,,67.1,150,67.3,100,,,,,,,,,,,,,,,,
2026-07-14T23:02:34.978138+00:00,2026-07-14T23:02:34.969499,2,2,66.95,0.3,66.8,58,66.6,150,,,,,,,,,,,,,,,,,67.1,100,67.3,100,,,,,,,,,,,,,,,,
2026-07-14T23:02:35.736205+00:00,2026-07-14T23:02:35.729917,2,2,66.95,0.3,66.8,58,66.6,150,,,,,,,,,,,,,,,,,67.1,55,67.3,100,,,,,,,,,,,,,,,,
2026-07-14T23:02:35.789136+00:00,2026-07-14T23:02:35.784722,2,2,66.95,0.3,66.8,15,66.6,150,,,,,,,,,,,,,,,,,67.1,55,67.3,100,,,,,,,,,,,,,,,,
2026-07-14T23:02:36.243887+00:00,2026-07-14T23:02:36.237606,1,1,67.05,0.5,66.8,15,,,,,,,,,,,,,,,,,,,67.3,100,,,,,,,,,,,,,,,,,,
2026-07-14T23:02:36.296890+00:00,2026-07-14T23:02:36.293507,2,1,67.2,0.2,67.1,150,66.8,15,,,,,,,,,,,,,,,,,67.3,100,,,,,,,,,,,,,,,,,,
2026-07-14T23:02:36.350368+00:00,2026-07-14T23:02:36.346437,2,2,67.2,0.2,67.1,150,66.8,15,,,,,,,,,,,,,,,,,67.3,100,67.6,150,,,,,,,,,,,,,,,,
2026-07-14T23:02:37.135386+00:00,2026-07-14T23:02:37.130918,2,2,67.2,0.2,67.1,100,66.8,15,,,,,,,,,,,,,,,,,67.3,100,67.6,150,,,,,,,,,,,,,,,,
2026-07-14T23:02:37.601539+00:00,2026-07-14T23:02:37.594685,1,1,67.35,0.5,67.1,100,,,,,,,,,,,,,,,,,,,67.6,150,,,,,,,,,,,,,,,,,,
2026-07-14T23:02:37.654613+00:00,2026-07-14T23:02:37.648183,2,1,67.35,0.5,67.1,100,66.6,100,,,,,,,,,,,,,,,,,67.6,150,,,,,,,,,,,,,,,,,,
2026-07-14T23:02:37.707904+00:00,2026-07-14T23:02:37.703811,1,1,67.1,1.0,66.6,100,,,,,,,,,,,,,,,,,,,67.6,150,,,,,,,,,,,,,,,,,,
2026-07-14T23:02:39.248157+00:00,2026-07-14T23:02:39.237968,1,1,67.1,1.0,66.6,50,,,,,,,,,,,,,,,,,,,67.6,150,,,,,,,,,,,,,,,,,,
2026-07-14T23:02:39.353983+00:00,2026-07-14T23:02:39.348009,1,1,67.1,1.0,66.6,9,,,,,,,,,,,,,,,,,,,67.6,150,,,,,,,,,,,,,,,,,,
2026-07-14T23:02:39.407664+00:00,2026-07-14T23:02:39.399865,1,0,,,66.6,9,,,,,,,,,,,,,,,,,,,,,,,,,,,,,,,,,,,,,,
2026-07-14T23:02:39.461616+00:00,2026-07-14T23:02:39.454408,2,0,,,66.6,9,66.4,150,,,,,,,,,,,,,,,,,,,,,,,,,,,,,,,,,,,,
2026-07-14T23:02:39.514775+00:00,2026-07-14T23:02:39.507818,2,1,66.75,0.3,66.6,9,66.4,150,,,,,,,,,,,,,,,,,66.9,150,,,,,,,,,,,,,,,,,,
2026-07-14T23:02:40.763460+00:00,2026-07-14T23:02:40.758477,1,1,66.65,0.5,66.4,150,,,,,,,,,,,,,,,,,,,66.9,150,,,,,,,,,,,,,,,,,,
2026-07-14T23:02:40.827661+00:00,2026-07-14T23:02:40.821487,2,1,66.8,0.2,66.7,100,66.4,150,,,,,,,,,,,,,,,,,66.9,150,,,,,,,,,,,,,,,,,,
2026-07-14T23:02:40.880706+00:00,2026-07-14T23:02:40.873251,2,2,66.8,0.2,66.7,100,66.4,150,,,,,,,,,,,,,,,,,66.9,150,67.2,100,,,,,,,,,,,,,,,,
2026-07-14T23:02:41.304623+00:00,2026-07-14T23:02:41.294333,2,2,66.8,0.2,66.7,100,66.4,150,,,,,,,,,,,,,,,,,66.9,100,67.2,100,,,,,,,,,,,,,,,,
2026-07-14T23:02:42.165634+00:00,2026-07-14T23:02:42.163479,2,2,66.8,0.2,66.7,100,66.4,150,,,,,,,,,,,,,,,,,66.9,89,67.2,100,,,,,,,,,,,,,,,,
2026-07-14T23:02:42.176673+00:00,2026-07-14T23:02:42.173657,2,2,66.8,0.2,66.7,100,66.4,150,,,,,,,,,,,,,,,,,66.9,72,67.2,100,,,,,,,,,,,,,,,,
2026-07-14T23:02:42.570804+00:00,2026-07-14T23:02:42.564961,1,1,66.95,0.5,66.7,100,,,,,,,,,,,,,,,,,,,67.2,100,,,,,,,,,,,,,,,,,,
2026-07-14T23:02:42.581470+00:00,2026-07-14T23:02:42.573104,1,1,66.95,0.5,66.7,100,,,,,,,,,,,,,,,,,,,67.2,51,,,,,,,,,,,,,,,,,,
2026-07-14T23:02:42.635030+00:00,2026-07-14T23:02:42.632359,2,1,67.0,0.4,66.8,150,66.7,100,,,,,,,,,,,,,,,,,67.2,51,,,,,,,,,,,,,,,,,,
2026-07-14T23:02:42.699317+00:00,2026-07-14T23:02:42.689349,2,2,67.0,0.4,66.8,150,66.7,100,,,,,,,,,,,,,,,,,67.2,51,67.3,150,,,,,,,,,,,,,,,,
2026-07-14T23:02:43.050518+00:00,2026-07-14T23:02:43.048602,2,2,67.0,0.4,66.8,110,66.7,100,,,,,,,,,,,,,,,,,67.2,51,67.3,150,,,,,,,,,,,,,,,,
2026-07-14T23:02:43.455904+00:00,2026-07-14T23:02:43.451775,2,2,67.0,0.4,66.8,60,66.7,100,,,,,,,,,,,,,,,,,67.2,51,67.3,150,,,,,,,,,,,,,,,,
2026-07-14T23:02:43.700398+00:00,2026-07-14T23:02:43.692434,2,2,67.0,0.4,66.8,60,66.7,100,,,,,,,,,,,,,,,,,67.2,6,67.3,150,,,,,,,,,,,,,,,,
2026-07-14T23:02:43.936657+00:00,2026-07-14T23:02:43.927276,1,1,67.05,0.5,66.8,60,,,,,,,,,,,,,,,,,,,67.3,150,,,,,,,,,,,,,,,,,,
2026-07-14T23:02:43.996283+00:00,2026-07-14T23:02:43.993881,2,1,67.15,0.3,67.0,89,66.8,60,,,,,,,,,,,,,,,,,67.3,150,,,,,,,,,,,,,,,,,,
2026-07-14T23:02:44.040045+00:00,2026-07-14T23:02:44.032948,2,2,67.15,0.3,67.0,89,66.8,60,,,,,,,,,,,,,,,,,67.3,150,67.5,100,,,,,,,,,,,,,,,,
2026-07-14T23:02:44.713059+00:00,2026-07-14T23:02:44.705044,2,2,67.15,0.3,67.0,72,66.8,60,,,,,,,,,,,,,,,,,67.3,150,67.5,100,,,,,,,,,,,,,,,,
2026-07-14T23:02:45.632991+00:00,2026-07-14T23:02:45.631989,2,2,67.15,0.3,67.0,29,66.8,60,,,,,,,,,,,,,,,,,67.3,150,67.5,100,,,,,,,,,,,,,,,,
2026-07-14T23:02:45.741847+00:00,2026-07-14T23:02:45.741139,2,1,67.25,0.5,67.0,29,66.8,60,,,,,,,,,,,,,,,,,67.5,100,,,,,,,,,,,,,,,,,,
2026-07-14T23:02:45.752629+00:00,2026-07-14T23:02:45.743202,1,1,67.25,0.5,67.0,29,,,,,,,,,,,,,,,,,,,67.5,100,,,,,,,,,,,,,,,,,,
2026-07-14T23:02:45.805735+00:00,2026-07-14T23:02:45.796365,2,1,67.25,0.5,67.0,29,66.2,150,,,,,,,,,,,,,,,,,67.5,100,,,,,,,,,,,,,,,,,,
2026-07-14T23:02:45.865552+00:00,2026-07-14T23:02:45.863173,1,2,66.45,0.5,66.2,150,,,,,,,,,,,,,,,,,,,66.7,110,67.5,100,,,,,,,,,,,,,,,,
2026-07-14T23:02:45.876376+00:00,2026-07-14T23:02:45.868626,1,2,66.45,0.5,66.2,150,,,,,,,,,,,,,,,,,,,66.7,93,67.5,100,,,,,,,,,,,,,,,,
2026-07-14T23:02:47.089797+00:00,2026-07-14T23:02:47.088151,1,1,66.45,0.5,66.2,150,,,,,,,,,,,,,,,,,,,66.7,93,,,,,,,,,,,,,,,,,,
2026-07-14T23:02:47.143043+00:00,2026-07-14T23:02:47.141151,2,1,66.65,0.1,66.6,100,66.2,150,,,,,,,,,,,,,,,,,66.7,93,,,,,,,,,,,,,,,,,,
2026-07-14T23:02:47.196308+00:00,2026-07-14T23:02:47.194159,2,2,66.65,0.1,66.6,100,66.2,150,,,,,,,,,,,,,,,,,66.7,93,67.1,100,,,,,,,,,,,,,,,,
2026-07-14T23:02:47.614037+00:00,2026-07-14T23:02:47.612568,2,2,66.65,0.1,66.6,100,66.2,150,,,,,,,,,,,,,,,,,66.7,43,67.1,100,,,,,,,,,,,,,,,,
2026-07-14T23:02:48.915852+00:00,2026-07-14T23:02:48.912539,1,1,66.85,0.5,66.6,100,,,,,,,,,,,,,,,,,,,67.1,100,,,,,,,,,,,,,,,,,,
2026-07-14T23:02:48.979884+00:00,2026-07-14T23:02:48.969526,1,1,66.85,0.5,66.6,250,,,,,,,,,,,,,,,,,,,67.1,100,,,,,,,,,,,,,,,,,,
2026-07-14T23:02:49.033130+00:00,2026-07-14T23:02:49.023052,1,1,66.85,0.5,66.6,250,,,,,,,,,,,,,,,,,,,67.1,250,,,,,,,,,,,,,,,,,,
2026-07-14T23:02:50.252806+00:00,2026-07-14T23:02:50.250686,1,1,66.85,0.5,66.6,150,,,,,,,,,,,,,,,,,,,67.1,150,,,,,,,,,,,,,,,,,,
2026-07-14T23:02:50.306312+00:00,2026-07-14T23:02:50.304279,1,1,66.85,0.5,66.6,250,,,,,,,,,,,,,,,,,,,67.1,150,,,,,,,,,,,,,,,,,,
2026-07-14T23:02:50.359563+00:00,2026-07-14T23:02:50.358585,1,1,66.85,0.5,66.6,250,,,,,,,,,,,,,,,,,,,67.1,250,,,,,,,,,,,,,,,,,,
2026-07-14T23:02:51.836730+00:00,2026-07-14T23:02:51.833163,1,1,66.85,0.5,66.6,250,,,,,,,,,,,,,,,,,,,67.1,200,,,,,,,,,,,,,,,,,,
2026-07-14T23:02:52.084629+00:00,2026-07-14T23:02:52.080216,1,1,66.85,0.5,66.6,100,,,,,,,,,,,,,,,,,,,67.1,100,,,,,,,,,,,,,,,,,,
2026-07-14T23:02:52.145802+00:00,2026-07-14T23:02:52.143227,2,1,67.0,0.2,66.9,139,66.6,100,,,,,,,,,,,,,,,,,67.1,100,,,,,,,,,,,,,,,,,,
2026-07-14T23:02:52.199312+00:00,2026-07-14T23:02:52.189039,2,2,67.0,0.2,66.9,139,66.6,100,,,,,,,,,,,,,,,,,67.1,100,67.4,150,,,,,,,,,,,,,,,,
2026-07-14T23:02:53.416530+00:00,2026-07-14T23:02:53.415610,1,1,67.15,0.5,66.9,139,,,,,,,,,,,,,,,,,,,67.4,150,,,,,,,,,,,,,,,,,,
2026-07-14T23:02:53.469374+00:00,2026-07-14T23:02:53.468721,2,1,67.15,0.5,66.9,139,66.6,100,,,,,,,,,,,,,,,,,67.4,150,,,,,,,,,,,,,,,,,,
2026-07-14T23:02:53.533228+00:00,2026-07-14T23:02:53.532764,2,2,67.0,0.2,66.9,139,66.6,100,,,,,,,,,,,,,,,,,67.1,100,67.4,150,,,,,,,,,,,,,,,,
2026-07-14T23:02:53.901146+00:00,2026-07-14T23:02:53.898778,2,2,67.0,0.2,66.9,128,66.6,100,,,,,,,,,,,,,,,,,67.1,100,67.4,150,,,,,,,,,,,,,,,,
2026-07-14T23:02:53.975437+00:00,2026-07-14T23:02:53.966776,2,2,67.0,0.2,66.9,111,66.6,100,,,,,,,,,,,,,,,,,67.1,100,67.4,150,,,,,,,,,,,,,,,,
2026-07-14T23:02:53.996840+00:00,2026-07-14T23:02:53.990701,2,2,67.0,0.2,66.9,61,66.6,100,,,,,,,,,,,,,,,,,67.1,100,67.4,150,,,,,,,,,,,,,,,,
2026-07-14T23:02:54.305296+00:00,2026-07-14T23:02:54.294868,2,2,67.0,0.2,66.9,61,66.6,100,,,,,,,,,,,,,,,,,67.1,51,67.4,150,,,,,,,,,,,,,,,,
2026-07-14T23:02:55.259290+00:00,2026-07-14T23:02:55.244878,1,1,66.85,0.5,66.6,100,,,,,,,,,,,,,,,,,,,67.1,51,,,,,,,,,,,,,,,,,,
2026-07-14T23:02:55.370153+00:00,2026-07-14T23:02:55.360402,2,2,66.95,0.3,66.8,150,66.6,100,,,,,,,,,,,,,,,,,67.1,51,67.3,150,,,,,,,,,,,,,,,,
2026-07-14T23:02:56.054227+00:00,2026-07-14T23:02:56.046255,2,2,66.95,0.3,66.8,150,66.6,100,,,,,,,,,,,,,,,,,67.1,1,67.3,150,,,,,,,,,,,,,,,,
2026-07-14T23:02:56.592151+00:00,2026-07-14T23:02:56.585826,1,1,67.05,0.5,66.8,150,,,,,,,,,,,,,,,,,,,67.3,150,,,,,,,,,,,,,,,,,,
2026-07-14T23:02:56.644803+00:00,2026-07-14T23:02:56.638460,2,1,67.15,0.3,67.0,100,66.8,150,,,,,,,,,,,,,,,,,67.3,150,,,,,,,,,,,,,,,,,,
2026-07-14T23:02:56.697475+00:00,2026-07-14T23:02:56.691274,2,2,67.15,0.3,67.0,100,66.8,150,,,,,,,,,,,,,,,,,67.3,150,67.5,100,,,,,,,,,,,,,,,,
2026-07-14T23:02:58.411154+00:00,2026-07-14T23:02:58.406174,1,1,67.25,0.5,67.0,100,,,,,,,,,,,,,,,,,,,67.5,100,,,,,,,,,,,,,,,,,,
2026-07-14T23:02:58.463855+00:00,2026-07-14T23:02:58.459745,2,1,67.25,0.5,67.0,100,66.6,150,,,,,,,,,,,,,,,,,67.5,100,,,,,,,,,,,,,,,,,,
2026-07-14T23:02:58.516502+00:00,2026-07-14T23:02:58.512068,2,2,67.05,0.1,67.0,100,66.6,150,,,,,,,,,,,,,,,,,67.1,150,67.5,100,,,,,,,,,,,,,,,,
2026-07-14T23:02:59.746024+00:00,2026-07-14T23:02:59.745574,2,1,67.05,0.1,67.0,100,66.6,150,,,,,,,,,,,,,,,,,67.1,150,,,,,,,,,,,,,,,,,,
2026-07-14T23:02:59.756679+00:00,2026-07-14T23:02:59.747401,1,1,66.85,0.5,66.6,150,,,,,,,,,,,,,,,,,,,67.1,150,,,,,,,,,,,,,,,,,,
2026-07-14T23:02:59.809834+00:00,2026-07-14T23:02:59.800142,2,1,67.05,0.1,67.0,100,66.6,150,,,,,,,,,,,,,,,,,67.1,150,,,,,,,,,,,,,,,,,,
2026-07-14T23:02:59.862544+00:00,2026-07-14T23:02:59.853869,2,2,67.05,0.1,67.0,100,66.6,150,,,,,,,,,,,,,,,,,67.1,150,67.5,100,,,,,,,,,,,,,,,,
2026-07-14T23:03:00.316657+00:00,2026-07-14T23:03:00.314244,2,2,67.05,0.1,67.0,50,66.6,150,,,,,,,,,,,,,,,,,67.1,150,67.5,100,,,,,,,,,,,,,,,,
2026-07-14T23:03:01.573898+00:00,2026-07-14T23:03:01.573408,1,1,67.25,0.5,67.0,50,,,,,,,,,,,,,,,,,,,67.5,100,,,,,,,,,,,,,,,,,,
2026-07-14T23:03:01.626921+00:00,2026-07-14T23:03:01.626225,2,1,67.25,0.5,67.0,50,66.6,150,,,,,,,,,,,,,,,,,67.5,100,,,,,,,,,,,,,,,,,,
2026-07-14T23:03:01.680047+00:00,2026-07-14T23:03:01.679603,2,2,67.05,0.1,67.0,50,66.6,150,,,,,,,,,,,,,,,,,67.1,150,67.5,100,,,,,,,,,,,,,,,,
2026-07-14T23:03:02.433408+00:00,2026-07-14T23:03:02.424188,1,2,66.85,0.5,66.6,150,,,,,,,,,,,,,,,,,,,67.1,150,67.5,100,,,,,,,,,,,,,,,,
2026-07-14T23:03:02.917414+00:00,2026-07-14T23:03:02.907734,1,1,66.85,0.5,66.6,150,,,,,,,,,,,,,,,,,,,67.1,150,,,,,,,,,,,,,,,,,,
2026-07-14T23:03:02.969944+00:00,2026-07-14T23:03:02.962399,2,1,66.95,0.3,66.8,100,66.6,150,,,,,,,,,,,,,,,,,67.1,150,,,,,,,,,,,,,,,,,,
2026-07-14T23:03:03.022365+00:00,2026-07-14T23:03:03.015428,2,2,66.95,0.3,66.8,100,66.6,150,,,,,,,,,,,,,,,,,67.1,150,67.3,100,,,,,,,,,,,,,,,,
2026-07-14T23:03:04.425959+00:00,2026-07-14T23:03:04.421858,2,2,66.95,0.3,66.8,100,66.6,150,,,,,,,,,,,,,,,,,67.1,139,67.3,100,,,,,,,,,,,,,,,,
2026-07-14T23:03:04.544953+00:00,2026-07-14T23:03:04.542894,2,2,66.95,0.3,66.8,50,66.6,150,,,,,,,,,,,,,,,,,67.1,139,67.3,100,,,,,,,,,,,,,,,,
2026-07-14T23:03:04.736892+00:00,2026-07-14T23:03:04.734796,2,1,67.05,0.5,66.8,50,66.6,150,,,,,,,,,,,,,,,,,67.3,100,,,,,,,,,,,,,,,,,,
2026-07-14T23:03:04.747617+00:00,2026-07-14T23:03:04.737246,1,1,67.05,0.5,66.8,50,,,,,,,,,,,,,,,,,,,67.3,100,,,,,,,,,,,,,,,,,,
2026-07-14T23:03:04.801281+00:00,2026-07-14T23:03:04.790939,2,1,67.1,0.4,66.9,150,66.8,50,,,,,,,,,,,,,,,,,67.3,100,,,,,,,,,,,,,,,,,,
2026-07-14T23:03:04.854540+00:00,2026-07-14T23:03:04.844234,2,2,67.1,0.4,66.9,150,66.8,50,,,,,,,,,,,,,,,,,67.3,100,67.4,150,,,,,,,,,,,,,,,,
2026-07-14T23:03:06.077558+00:00,2026-07-14T23:03:06.074068,1,1,67.15,0.5,66.9,150,,,,,,,,,,,,,,,,,,,67.4,150,,,,,,,,,,,,,,,,,,
2026-07-14T23:03:06.130475+00:00,2026-07-14T23:03:06.126107,2,1,67.15,0.5,66.9,150,66.5,100,,,,,,,,,,,,,,,,,67.4,150,,,,,,,,,,,,,,,,,,
2026-07-14T23:03:06.183358+00:00,2026-07-14T23:03:06.179656,2,2,66.95,0.1,66.9,150,66.5,100,,,,,,,,,,,,,,,,,67.0,100,67.4,150,,,,,,,,,,,,,,,,
2026-07-14T23:03:06.657870+00:00,2026-07-14T23:03:06.649896,2,2,66.95,0.1,66.9,100,66.5,100,,,,,,,,,,,,,,,,,67.0,100,67.4,150,,,,,,,,,,,,,,,,
2026-07-14T23:03:07.901224+00:00,2026-07-14T23:03:07.899313,1,1,66.75,0.5,66.5,100,,,,,,,,,,,,,,,,,,,67.0,100,,,,,,,,,,,,,,,,,,
2026-07-14T23:03:07.953669+00:00,2026-07-14T23:03:07.951782,2,1,66.8,0.4,66.6,150,66.5,100,,,,,,,,,,,,,,,,,67.0,100,,,,,,,,,,,,,,,,,,
2026-07-14T23:03:08.006808+00:00,2026-07-14T23:03:08.005537,2,2,66.8,0.4,66.6,150,66.5,100,,,,,,,,,,,,,,,,,67.0,100,67.1,150,,,,,,,,,,,,,,,,
2026-07-14T23:03:08.359664+00:00,2026-07-14T23:03:08.359274,2,2,66.8,0.4,66.6,150,66.5,100,,,,,,,,,,,,,,,,,67.0,79,67.1,150,,,,,,,,,,,,,,,,
2026-07-14T23:03:08.465135+00:00,2026-07-14T23:03:08.461167,2,2,66.8,0.4,66.6,150,66.5,100,,,,,,,,,,,,,,,,,67.0,53,67.1,150,,,,,,,,,,,,,,,,
2026-07-14T23:03:08.767886+00:00,2026-07-14T23:03:08.758568,2,2,66.8,0.4,66.6,100,66.5,100,,,,,,,,,,,,,,,,,67.0,53,67.1,150,,,,,,,,,,,,,,,,
2026-07-14T23:03:09.241690+00:00,2026-07-14T23:03:09.236302,1,1,66.85,0.5,66.6,100,,,,,,,,,,,,,,,,,,,67.1,150,,,,,,,,,,,,,,,,,,
2026-07-14T23:03:09.294537+00:00,2026-07-14T23:03:09.288873,2,1,67.05,0.1,67.0,100,66.6,100,,,,,,,,,,,,,,,,,67.1,150,,,,,,,,,,,,,,,,,,
2026-07-14T23:03:09.347324+00:00,2026-07-14T23:03:09.342556,2,2,67.05,0.1,67.0,100,66.6,100,,,,,,,,,,,,,,,,,67.1,150,67.5,100,,,,,,,,,,,,,,,,
2026-07-14T23:03:10.531072+00:00,2026-07-14T23:03:10.521481,2,2,67.05,0.1,67.0,100,66.6,100,,,,,,,,,,,,,,,,,67.1,102,67.5,100,,,,,,,,,,,,,,,,
2026-07-14T23:03:10.868816+00:00,2026-07-14T23:03:10.866382,2,2,67.05,0.1,67.0,50,66.6,100,,,,,,,,,,,,,,,,,67.1,102,67.5,100,,,,,,,,,,,,,,,,
2026-07-14T23:03:11.100943+00:00,2026-07-14T23:03:11.091523,1,1,67.25,0.5,67.0,50,,,,,,,,,,,,,,,,,,,67.5,100,,,,,,,,,,,,,,,,,,
2026-07-14T23:03:11.153772+00:00,2026-07-14T23:03:11.144574,2,1,67.25,0.5,67.0,50,66.6,150,,,,,,,,,,,,,,,,,67.5,100,,,,,,,,,,,,,,,,,,
2026-07-14T23:03:11.206417+00:00,2026-07-14T23:03:11.196774,2,2,67.05,0.1,67.0,50,66.6,150,,,,,,,,,,,,,,,,,67.1,150,67.5,100,,,,,,,,,,,,,,,,
2026-07-14T23:03:12.401658+00:00,2026-07-14T23:03:12.397943,1,1,66.85,0.5,66.6,150,,,,,,,,,,,,,,,,,,,67.1,150,,,,,,,,,,,,,,,,,,
2026-07-14T23:03:12.454268+00:00,2026-07-14T23:03:12.450929,2,1,66.95,0.3,66.8,100,66.6,150,,,,,,,,,,,,,,,,,67.1,150,,,,,,,,,,,,,,,,,,
2026-07-14T23:03:12.506914+00:00,2026-07-14T23:03:12.504175,2,2,66.95,0.3,66.8,100,66.6,150,,,,,,,,,,,,,,,,,67.1,150,67.3,100,,,,,,,,,,,,,,,,
2026-07-14T23:03:12.981538+00:00,2026-07-14T23:03:12.975636,2,2,66.95,0.3,66.8,50,66.6,150,,,,,,,,,,,,,,,,,67.1,150,67.3,100,,,,,,,,,,,,,,,,
2026-07-14T23:03:14.255611+00:00,2026-07-14T23:03:14.251865,1,1,67.05,0.5,66.8,50,,,,,,,,,,,,,,,,,,,67.3,100,,,,,,,,,,,,,,,,,,
2026-07-14T23:03:14.308603+00:00,2026-07-14T23:03:14.305414,2,1,67.05,0.5,66.8,50,66.6,150,,,,,,,,,,,,,,,,,67.3,100,,,,,,,,,,,,,,,,,,
2026-07-14T23:03:14.361546+00:00,2026-07-14T23:03:14.358829,2,2,66.95,0.3,66.8,50,66.6,150,,,,,,,,,,,,,,,,,67.1,150,67.3,100,,,,,,,,,,,,,,,,
2026-07-14T23:03:15.086609+00:00,2026-07-14T23:03:15.083632,1,2,66.85,0.5,66.6,150,,,,,,,,,,,,,,,,,,,67.1,150,67.3,100,,,,,,,,,,,,,,,,
2026-07-14T23:03:15.565398+00:00,2026-07-14T23:03:15.558983,1,1,66.85,0.5,66.6,150,,,,,,,,,,,,,,,,,,,67.1,150,,,,,,,,,,,,,,,,,,
2026-07-14T23:03:15.618425+00:00,2026-07-14T23:03:15.611250,2,1,66.85,0.5,66.6,150,66.4,100,,,,,,,,,,,,,,,,,67.1,150,,,,,,,,,,,,,,,,,,
2026-07-14T23:03:15.671184+00:00,2026-07-14T23:03:15.663581,2,2,66.75,0.3,66.6,150,66.4,100,,,,,,,,,,,,,,,,,66.9,100,67.1,150,,,,,,,,,,,,,,,,
2026-07-14T23:03:17.158185+00:00,2026-07-14T23:03:17.157009,2,2,66.75,0.3,66.6,103,66.4,100,,,,,,,,,,,,,,,,,66.9,100,67.1,150,,,,,,,,,,,,,,,,
2026-07-14T23:03:17.212160+00:00,2026-07-14T23:03:17.210853,2,2,66.75,0.3,66.6,53,66.4,100,,,,,,,,,,,,,,,,,66.9,100,67.1,150,,,,,,,,,,,,,,,,
2026-07-14T23:03:17.413960+00:00,2026-07-14T23:03:17.413489,2,1,66.75,0.3,66.6,53,66.4,100,,,,,,,,,,,,,,,,,66.9,100,,,,,,,,,,,,,,,,,,
2026-07-14T23:03:17.424704+00:00,2026-07-14T23:03:17.415202,1,1,66.65,0.5,66.4,100,,,,,,,,,,,,,,,,,,,66.9,100,,,,,,,,,,,,,,,,,,
2026-07-14T23:03:17.478219+00:00,2026-07-14T23:03:17.467942,2,1,66.65,0.5,66.4,100,66.2,150,,,,,,,,,,,,,,,,,66.9,100,,,,,,,,,,,,,,,,,,
2026-07-14T23:03:17.539645+00:00,2026-07-14T23:03:17.536922,2,2,66.55,0.3,66.4,100,66.2,150,,,,,,,,,,,,,,,,,66.7,139,66.9,100,,,,,,,,,,,,,,,,
2026-07-14T23:03:17.604113+00:00,2026-07-14T23:03:17.597690,2,2,66.55,0.3,66.4,100,66.2,150,,,,,,,,,,,,,,,,,66.7,126,66.9,100,,,,,,,,,,,,,,,,
2026-07-14T23:03:18.725950+00:00,2026-07-14T23:03:18.719848,1,1,66.45,0.5,66.2,150,,,,,,,,,,,,,,,,,,,66.7,126,,,,,,,,,,,,,,,,,,
2026-07-14T23:03:18.779965+00:00,2026-07-14T23:03:18.772965,2,1,66.55,0.3,66.4,100,66.2,150,,,,,,,,,,,,,,,,,66.7,126,,,,,,,,,,,,,,,,,,
2026-07-14T23:03:18.834371+00:00,2026-07-14T23:03:18.825909,2,2,66.55,0.3,66.4,100,66.2,150,,,,,,,,,,,,,,,,,66.7,126,66.9,100,,,,,,,,,,,,,,,,
2026-07-14T23:03:19.326371+00:00,2026-07-14T23:03:19.317555,2,2,66.55,0.3,66.4,50,66.2,150,,,,,,,,,,,,,,,,,66.7,126,66.9,100,,,,,,,,,,,,,,,,
2026-07-14T23:03:19.741569+00:00,2026-07-14T23:03:19.737005,2,2,66.55,0.3,66.4,50,66.2,150,,,,,,,,,,,,,,,,,66.7,81,66.9,100,,,,,,,,,,,,,,,,
2026-07-14T23:03:20.211382+00:00,2026-07-14T23:03:20.209403,2,2,66.55,0.3,66.4,50,66.2,150,,,,,,,,,,,,,,,,,66.7,78,66.9,100,,,,,,,,,,,,,,,,
2026-07-14T23:03:20.222182+00:00,2026-07-14T23:03:20.217533,2,2,66.55,0.3,66.4,50,66.2,150,,,,,,,,,,,,,,,,,66.7,31,66.9,100,,,,,,,,,,,,,,,,
2026-07-14T23:03:20.254073+00:00,2026-07-14T23:03:20.251040,2,1,66.65,0.5,66.4,50,66.2,150,,,,,,,,,,,,,,,,,66.9,100,,,,,,,,,,,,,,,,,,
2026-07-14T23:03:20.582487+00:00,2026-07-14T23:03:20.578165,1,1,66.65,0.5,66.4,50,,,,,,,,,,,,,,,,,,,66.9,100,,,,,,,,,,,,,,,,,,
2026-07-14T23:03:20.635879+00:00,2026-07-14T23:03:20.634311,2,0,,,66.9,50,66.4,50,,,,,,,,,,,,,,,,,,,,,,,,,,,,,,,,,,,,
2026-07-14T23:03:20.695159+00:00,2026-07-14T23:03:20.692927,2,1,67.15,0.5,66.9,47,66.4,50,,,,,,,,,,,,,,,,,67.4,150,,,,,,,,,,,,,,,,,,
2026-07-14T23:03:20.758894+00:00,2026-07-14T23:03:20.749451,2,1,67.15,0.5,66.9,35,66.4,50,,,,,,,,,,,,,,,,,67.4,150,,,,,,,,,,,,,,,,,,
2026-07-14T23:03:21.886321+00:00,2026-07-14T23:03:21.879754,1,1,67.15,0.5,66.9,35,,,,,,,,,,,,,,,,,,,67.4,150,,,,,,,,,,,,,,,,,,
2026-07-14T23:03:21.940367+00:00,2026-07-14T23:03:21.933750,2,1,67.15,0.5,66.9,35,66.6,100,,,,,,,,,,,,,,,,,67.4,150,,,,,,,,,,,,,,,,,,
2026-07-14T23:03:22.016032+00:00,2026-07-14T23:03:22.005546,2,2,67.0,0.2,66.9,35,66.6,100,,,,,,,,,,,,,,,,,67.1,100,67.4,150,,,,,,,,,,,,,,,,
2026-07-14T23:03:22.261957+00:00,2026-07-14T23:03:22.258194,1,2,66.85,0.5,66.6,90,,,,,,,,,,,,,,,,,,,67.1,100,67.4,150,,,,,,,,,,,,,,,,
2026-07-14T23:03:22.896754+00:00,2026-07-14T23:03:22.892865,1,2,66.85,0.5,66.6,42,,,,,,,,,,,,,,,,,,,67.1,100,67.4,150,,,,,,,,,,,,,,,,
2026-07-14T23:03:23.510852+00:00,2026-07-14T23:03:23.501100,1,2,66.85,0.5,66.6,42,,,,,,,,,,,,,,,,,,,67.1,50,67.4,150,,,,,,,,,,,,,,,,
2026-07-14T23:03:23.743643+00:00,2026-07-14T23:03:23.743268,1,1,66.85,0.5,66.6,42,,,,,,,,,,,,,,,,,,,67.1,50,,,,,,,,,,,,,,,,,,
2026-07-14T23:03:23.817643+00:00,2026-07-14T23:03:23.809012,2,1,66.85,0.5,66.6,42,66.4,150,,,,,,,,,,,,,,,,,67.1,50,,,,,,,,,,,,,,,,,,
2026-07-14T23:03:23.870432+00:00,2026-07-14T23:03:23.862150,2,2,66.75,0.3,66.6,42,66.4,150,,,,,,,,,,,,,,,,,66.9,150,67.1,50,,,,,,,,,,,,,,,,
2026-07-14T23:03:25.057717+00:00,2026-07-14T23:03:25.056822,2,1,66.75,0.3,66.6,42,66.4,150,,,,,,,,,,,,,,,,,66.9,150,,,,,,,,,,,,,,,,,,
2026-07-14T23:03:25.068258+00:00,2026-07-14T23:03:25.058549,1,1,66.65,0.5,66.4,150,,,,,,,,,,,,,,,,,,,66.9,150,,,,,,,,,,,,,,,,,,
2026-07-14T23:03:25.121907+00:00,2026-07-14T23:03:25.112546,2,1,66.8,0.2,66.7,100,66.4,150,,,,,,,,,,,,,,,,,66.9,150,,,,,,,,,,,,,,,,,,
2026-07-14T23:03:25.174941+00:00,2026-07-14T23:03:25.165009,2,2,66.8,0.2,66.7,100,66.4,150,,,,,,,,,,,,,,,,,66.9,150,67.2,100,,,,,,,,,,,,,,,,
2026-07-14T23:03:25.650958+00:00,2026-07-14T23:03:25.642233,2,2,66.8,0.2,66.7,100,66.4,150,,,,,,,,,,,,,,,,,66.9,102,67.2,100,,,,,,,,,,,,,,,,
2026-07-14T23:03:25.682531+00:00,2026-07-14T23:03:25.676863,2,2,66.8,0.2,66.7,50,66.4,150,,,,,,,,,,,,,,,,,66.9,102,67.2,100,,,,,,,,,,,,,,,,
2026-07-14T23:03:26.922118+00:00,2026-07-14T23:03:26.919497,1,1,66.95,0.5,66.7,50,,,,,,,,,,,,,,,,,,,67.2,100,,,,,,,,,,,,,,,,,,
2026-07-14T23:03:26.975131+00:00,2026-07-14T23:03:26.972353,2,1,66.95,0.5,66.7,50,66.6,150,,,,,,,,,,,,,,,,,67.2,100,,,,,,,,,,,,,,,,,,
2026-07-14T23:03:27.028228+00:00,2026-07-14T23:03:27.025333,2,2,66.9,0.4,66.7,50,66.6,150,,,,,,,,,,,,,,,,,67.1,150,67.2,100,,,,,,,,,,,,,,,,
2026-07-14T23:03:27.738083+00:00,2026-07-14T23:03:27.733676,2,2,66.9,0.4,66.7,50,66.6,150,,,,,,,,,,,,,,,,,67.1,100,67.2,100,,,,,,,,,,,,,,,,
2026-07-14T23:03:27.906853+00:00,2026-07-14T23:03:27.904954,2,2,66.9,0.4,66.7,45,66.6,150,,,,,,,,,,,,,,,,,67.1,100,67.2,100,,,,,,,,,,,,,,,,
2026-07-14T23:03:28.129372+00:00,2026-07-14T23:03:28.128281,2,2,66.9,0.4,66.7,5,66.6,150,,,,,,,,,,,,,,,,,67.1,100,67.2,100,,,,,,,,,,,,,,,,
2026-07-14T23:03:28.224710+00:00,2026-07-14T23:03:28.220463,1,1,66.85,0.5,66.6,150,,,,,,,,,,,,,,,,,,,67.1,100,,,,,,,,,,,,,,,,,,
2026-07-14T23:03:28.277615+00:00,2026-07-14T23:03:28.273846,2,1,66.85,0.5,66.6,150,66.4,100,,,,,,,,,,,,,,,,,67.1,100,,,,,,,,,,,,,,,,,,
2026-07-14T23:03:28.330202+00:00,2026-07-14T23:03:28.326490,2,2,66.75,0.3,66.6,150,66.4,100,,,,,,,,,,,,,,,,,66.9,100,67.1,100,,,,,,,,,,,,,,,,
2026-07-14T23:03:29.879976+00:00,2026-07-14T23:03:29.869731,2,2,66.75,0.3,66.6,150,66.4,100,,,,,,,,,,,,,,,,,66.9,50,67.1,100,,,,,,,,,,,,,,,,
2026-07-14T23:03:30.092716+00:00,2026-07-14T23:03:30.083722,1,1,66.65,0.5,66.4,100,,,,,,,,,,,,,,,,,,,66.9,50,,,,,,,,,,,,,,,,,,
2026-07-14T23:03:30.145958+00:00,2026-07-14T23:03:30.135613,2,1,66.85,0.1,66.8,150,66.4,100,,,,,,,,,,,,,,,,,66.9,50,,,,,,,,,,,,,,,,,,
2026-07-14T23:03:30.199164+00:00,2026-07-14T23:03:30.191031,2,2,66.85,0.1,66.8,150,66.4,100,,,,,,,,,,,,,,,,,66.9,50,67.3,150,,,,,,,,,,,,,,,,
2026-07-14T23:03:30.705940+00:00,2026-07-14T23:03:30.704125,2,2,66.85,0.1,66.8,150,66.4,100,,,,,,,,,,,,,,,,,66.9,47,67.3,150,,,,,,,,,,,,,,,,
2026-07-14T23:03:30.758963+00:00,2026-07-14T23:03:30.752056,2,2,66.85,0.1,66.8,150,66.4,100,,,,,,,,,,,,,,,,,66.9,5,67.3,150,,,,,,,,,,,,,,,,
2026-07-14T23:03:30.927396+00:00,2026-07-14T23:03:30.922486,2,1,67.05,0.5,66.8,150,66.4,100,,,,,,,,,,,,,,,,,67.3,150,,,,,,,,,,,,,,,,,,
2026-07-14T23:03:31.380570+00:00,2026-07-14T23:03:31.379476,1,1,67.05,0.5,66.8,150,,,,,,,,,,,,,,,,,,,67.3,150,,,,,,,,,,,,,,,,,,
2026-07-14T23:03:31.433224+00:00,2026-07-14T23:03:31.432268,1,1,67.05,0.5,66.8,250,,,,,,,,,,,,,,,,,,,67.3,150,,,,,,,,,,,,,,,,,,
2026-07-14T23:03:31.485887+00:00,2026-07-14T23:03:31.485070,1,1,67.05,0.5,66.8,250,,,,,,,,,,,,,,,,,,,67.3,250,,,,,,,,,,,,,,,,,,
2026-07-14T23:03:31.559494+00:00,2026-07-14T23:03:31.558778,1,1,67.05,0.5,66.8,250,,,,,,,,,,,,,,,,,,,67.3,210,,,,,,,,,,,,,,,,,,
2026-07-14T23:03:31.940261+00:00,2026-07-14T23:03:31.933743,1,1,67.05,0.5,66.8,250,,,,,,,,,,,,,,,,,,,67.3,202,,,,,,,,,,,,,,,,,,
2026-07-14T23:03:32.036214+00:00,2026-07-14T23:03:32.028481,1,1,67.05,0.5,66.8,200,,,,,,,,,,,,,,,,,,,67.3,202,,,,,,,,,,,,,,,,,,
2026-07-14T23:03:33.250428+00:00,2026-07-14T23:03:33.247362,1,1,67.05,0.5,66.8,100,,,,,,,,,,,,,,,,,,,67.3,100,,,,,,,,,,,,,,,,,,
2026-07-14T23:03:33.313377+00:00,2026-07-14T23:03:33.312640,2,1,67.05,0.5,66.8,100,66.7,150,,,,,,,,,,,,,,,,,67.3,100,,,,,,,,,,,,,,,,,,
2026-07-14T23:03:33.376702+00:00,2026-07-14T23:03:33.366580,2,2,67.0,0.4,66.8,100,66.7,150,,,,,,,,,,,,,,,,,67.2,150,67.3,100,,,,,,,,,,,,,,,,
2026-07-14T23:03:33.736109+00:00,2026-07-14T23:03:33.726656,2,2,67.0,0.4,66.8,56,66.7,150,,,,,,,,,,,,,,,,,67.2,150,67.3,100,,,,,,,,,,,,,,,,
2026-07-14T23:03:34.317695+00:00,2026-07-14T23:03:34.310168,2,2,67.0,0.4,66.8,56,66.7,150,,,,,,,,,,,,,,,,,67.2,103,67.3,100,,,,,,,,,,,,,,,,
2026-07-14T23:03:34.549135+00:00,2026-07-14T23:03:34.539857,1,1,66.95,0.5,66.7,150,,,,,,,,,,,,,,,,,,,67.2,103,,,,,,,,,,,,,,,,,,
2026-07-14T23:03:34.601557+00:00,2026-07-14T23:03:34.592516,2,1,66.95,0.5,66.7,150,66.5,100,,,,,,,,,,,,,,,,,67.2,103,,,,,,,,,,,,,,,,,,
2026-07-14T23:03:34.654221+00:00,2026-07-14T23:03:34.645183,2,2,66.85,0.3,66.7,150,66.5,100,,,,,,,,,,,,,,,,,67.0,100,67.2,103,,,,,,,,,,,,,,,,
2026-07-14T23:03:36.223212+00:00,2026-07-14T23:03:36.220798,2,2,66.85,0.3,66.7,150,66.5,100,,,,,,,,,,,,,,,,,67.0,50,67.2,103,,,,,,,,,,,,,,,,
2026-07-14T23:03:36.265450+00:00,2026-07-14T23:03:36.258220,2,2,66.85,0.3,66.7,108,66.5,100,,,,,,,,,,,,,,,,,67.0,50,67.2,103,,,,,,,,,,,,,,,,
2026-07-14T23:03:36.424125+00:00,2026-07-14T23:03:36.422580,1,1,66.75,0.5,66.5,100,,,,,,,,,,,,,,,,,,,67.0,50,,,,,,,,,,,,,,,,,,
2026-07-14T23:03:36.487353+00:00,2026-07-14T23:03:36.477884,2,1,66.85,0.3,66.7,150,66.5,100,,,,,,,,,,,,,,,,,67.0,50,,,,,,,,,,,,,,,,,,
2026-07-14T23:03:36.541534+00:00,2026-07-14T23:03:36.538599,2,2,66.85,0.3,66.7,150,66.5,100,,,,,,,,,,,,,,,,,67.0,50,67.2,150,,,,,,,,,,,,,,,,
2026-07-14T23:03:36.788048+00:00,2026-07-14T23:03:36.787109,2,2,66.85,0.3,66.7,150,66.5,100,,,,,,,,,,,,,,,,,67.0,1,67.2,150,,,,,,,,,,,,,,,,
2026-07-14T23:03:37.704029+00:00,2026-07-14T23:03:37.702004,1,1,66.95,0.5,66.7,150,,,,,,,,,,,,,,,,,,,67.2,150,,,,,,,,,,,,,,,,,,
2026-07-14T23:03:37.757544+00:00,2026-07-14T23:03:37.755733,1,1,66.95,0.5,66.7,250,,,,,,,,,,,,,,,,,,,67.2,150,,,,,,,,,,,,,,,,,,
2026-07-14T23:03:37.810421+00:00,2026-07-14T23:03:37.808629,1,1,66.95,0.5,66.7,250,,,,,,,,,,,,,,,,,,,67.2,250,,,,,,,,,,,,,,,,,,
2026-07-14T23:03:38.394011+00:00,2026-07-14T23:03:38.383556,1,1,66.95,0.5,66.7,200,,,,,,,,,,,,,,,,,,,67.2,250,,,,,,,,,,,,,,,,,,
2026-07-14T23:03:39.021685+00:00,2026-07-14T23:03:39.012285,1,1,66.95,0.5,66.7,196,,,,,,,,,,,,,,,,,,,67.2,250,,,,,,,,,,,,,,,,,,
2026-07-14T23:03:39.299440+00:00,2026-07-14T23:03:39.294132,1,1,66.95,0.5,66.7,155,,,,,,,,,,,,,,,,,,,67.2,250,,,,,,,,,,,,,,,,,,
2026-07-14T23:03:39.595340+00:00,2026-07-14T23:03:39.594302,1,1,66.95,0.5,66.7,100,,,,,,,,,,,,,,,,,,,67.2,100,,,,,,,,,,,,,,,,,,
2026-07-14T23:03:39.648531+00:00,2026-07-14T23:03:39.646345,2,1,66.95,0.5,66.7,100,66.2,150,,,,,,,,,,,,,,,,,67.2,100,,,,,,,,,,,,,,,,,,
2026-07-14T23:03:39.711675+00:00,2026-07-14T23:03:39.701319,1,2,66.45,0.5,66.2,150,,,,,,,,,,,,,,,,,,,66.7,50,67.2,100,,,,,,,,,,,,,,,,
2026-07-14T23:03:40.447747+00:00,2026-07-14T23:03:40.440001,1,1,66.7,1.0,66.2,150,,,,,,,,,,,,,,,,,,,67.2,100,,,,,,,,,,,,,,,,,,
2026-07-14T23:03:40.865707+00:00,2026-07-14T23:03:40.865059,1,0,,,66.2,150,,,,,,,,,,,,,,,,,,,,,,,,,,,,,,,,,,,,,,
2026-07-14T23:03:40.929688+00:00,2026-07-14T23:03:40.919166,2,0,,,66.5,100,66.2,150,,,,,,,,,,,,,,,,,,,,,,,,,,,,,,,,,,,,
2026-07-14T23:03:40.973133+00:00,2026-07-14T23:03:40.972537,2,1,66.75,0.5,66.5,100,66.2,150,,,,,,,,,,,,,,,,,67.0,100,,,,,,,,,,,,,,,,,,
2026-07-14T23:03:42.554297+00:00,2026-07-14T23:03:42.547486,2,1,66.75,0.5,66.5,100,66.2,150,,,,,,,,,,,,,,,,,67.0,50,,,,,,,,,,,,,,,,,,
2026-07-14T23:03:42.765114+00:00,2026-07-14T23:03:42.755111,1,1,66.75,0.5,66.5,100,,,,,,,,,,,,,,,,,,,67.0,50,,,,,,,,,,,,,,,,,,
2026-07-14T23:03:42.775621+00:00,2026-07-14T23:03:42.774635,1,1,66.75,0.5,66.5,52,,,,,,,,,,,,,,,,,,,67.0,50,,,,,,,,,,,,,,,,,,
2026-07-14T23:03:42.817624+00:00,2026-07-14T23:03:42.809722,2,0,,,67.0,100,66.5,52,,,,,,,,,,,,,,,,,,,,,,,,,,,,,,,,,,,,
2026-07-14T23:03:42.875919+00:00,2026-07-14T23:03:42.873977,2,1,67.25,0.5,67.0,97,66.5,52,,,,,,,,,,,,,,,,,67.5,150,,,,,,,,,,,,,,,,,,
2026-07-14T23:03:42.886591+00:00,2026-07-14T23:03:42.878959,2,1,67.25,0.5,67.0,55,66.5,52,,,,,,,,,,,,,,,,,67.5,150,,,,,,,,,,,,,,,,,,
2026-07-14T23:03:43.107994+00:00,2026-07-14T23:03:43.102198,2,1,67.25,0.5,67.0,54,66.5,52,,,,,,,,,,,,,,,,,67.5,150,,,,,,,,,,,,,,,,,,
2026-07-14T23:03:44.033159+00:00,2026-07-14T23:03:44.028327,1,1,67.25,0.5,67.0,54,,,,,,,,,,,,,,,,,,,67.5,150,,,,,,,,,,,,,,,,,,
2026-07-14T23:03:44.085807+00:00,2026-07-14T23:03:44.081733,2,1,67.25,0.5,67.0,54,66.7,100,,,,,,,,,,,,,,,,,67.5,150,,,,,,,,,,,,,,,,,,
2026-07-14T23:03:44.138533+00:00,2026-07-14T23:03:44.134635,2,2,67.1,0.2,67.0,54,66.7,100,,,,,,,,,,,,,,,,,67.2,100,67.5,150,,,,,,,,,,,,,,,,
2026-07-14T23:03:45.923316+00:00,2026-07-14T23:03:45.917908,1,1,66.95,0.5,66.7,100,,,,,,,,,,,,,,,,,,,67.2,100,,,,,,,,,,,,,,,,,,
2026-07-14T23:03:45.977645+00:00,2026-07-14T23:03:45.970526,2,1,66.95,0.5,66.7,100,66.6,150,,,,,,,,,,,,,,,,,67.2,100,,,,,,,,,,,,,,,,,,
2026-07-14T23:03:46.031607+00:00,2026-07-14T23:03:46.023403,2,2,66.9,0.4,66.7,100,66.6,150,,,,,,,,,,,,,,,,,67.1,150,67.2,100,,,,,,,,,,,,,,,,
2026-07-14T23:03:46.128583+00:00,2026-07-14T23:03:46.118871,2,2,66.9,0.4,66.7,100,66.6,150,,,,,,,,,,,,,,,,,67.1,145,67.2,100,,,,,,,,,,,,,,,,
2026-07-14T23:03:46.388396+00:00,2026-07-14T23:03:46.380043,2,2,66.9,0.4,66.7,100,66.6,150,,,,,,,,,,,,,,,,,67.1,98,67.2,100,,,,,,,,,,,,,,,,
2026-07-14T23:03:47.200451+00:00,2026-07-14T23:03:47.195637,1,1,66.85,0.5,66.6,150,,,,,,,,,,,,,,,,,,,67.1,98,,,,,,,,,,,,,,,,,,
2026-07-14T23:03:47.253941+00:00,2026-07-14T23:03:47.248864,2,1,66.85,0.5,66.6,150,66.5,100,,,,,,,,,,,,,,,,,67.1,98,,,,,,,,,,,,,,,,,,
2026-07-14T23:03:47.307097+00:00,2026-07-14T23:03:47.301512,2,2,66.8,0.4,66.6,150,66.5,100,,,,,,,,,,,,,,,,,67.0,100,67.1,98,,,,,,,,,,,,,,,,
2026-07-14T23:03:48.894815+00:00,2026-07-14T23:03:48.893939,2,2,66.8,0.4,66.6,150,66.5,100,,,,,,,,,,,,,,,,,67.0,50,67.1,98,,,,,,,,,,,,,,,,
2026-07-14T23:03:49.084606+00:00,2026-07-14T23:03:49.079047,1,1,66.75,0.5,66.5,100,,,,,,,,,,,,,,,,,,,67.0,50,,,,,,,,,,,,,,,,,,
2026-07-14T23:03:49.137358+00:00,2026-07-14T23:03:49.131051,2,1,66.8,0.4,66.6,150,66.5,100,,,,,,,,,,,,,,,,,67.0,50,,,,,,,,,,,,,,,,,,
2026-07-14T23:03:49.190574+00:00,2026-07-14T23:03:49.183654,2,2,66.8,0.4,66.6,150,66.5,100,,,,,,,,,,,,,,,,,67.0,50,67.1,150,,,,,,,,,,,,,,,,
2026-07-14T23:03:50.350817+00:00,2026-07-14T23:03:50.341584,2,2,66.8,0.4,66.6,150,66.5,100,,,,,,,,,,,,,,,,,67.0,5,67.1,150,,,,,,,,,,,,,,,,
2026-07-14T23:03:50.361477+00:00,2026-07-14T23:03:50.357617,1,1,66.85,0.5,66.6,150,,,,,,,,,,,,,,,,,,,67.1,150,,,,,,,,,,,,,,,,,,
2026-07-14T23:03:50.414306+00:00,2026-07-14T23:03:50.411425,2,1,66.95,0.3,66.8,100,66.6,150,,,,,,,,,,,,,,,,,67.1,150,,,,,,,,,,,,,,,,,,
2026-07-14T23:03:50.488328+00:00,2026-07-14T23:03:50.479855,2,2,66.95,0.3,66.8,100,66.6,150,,,,,,,,,,,,,,,,,67.1,150,67.3,100,,,,,,,,,,,,,,,,
2026-07-14T23:03:51.005253+00:00,2026-07-14T23:03:50.999931,2,2,66.95,0.3,66.8,100,66.6,150,,,,,,,,,,,,,,,,,67.1,100,67.3,100,,,,,,,,,,,,,,,,
2026-07-14T23:03:51.143032+00:00,2026-07-14T23:03:51.142379,2,2,66.95,0.3,66.8,96,66.6,150,,,,,,,,,,,,,,,,,67.1,100,67.3,100,,,,,,,,,,,,,,,,
2026-07-14T23:03:51.725536+00:00,2026-07-14T23:03:51.710545,2,2,66.95,0.3,66.8,85,66.6,150,,,,,,,,,,,,,,,,,67.1,100,67.3,100,,,,,,,,,,,,,,,,
2026-07-14T23:03:51.747643+00:00,2026-07-14T23:03:51.737220,2,2,66.95,0.3,66.8,66,66.6,150,,,,,,,,,,,,,,,,,67.1,100,67.3,100,,,,,,,,,,,,,,,,
2026-07-14T23:03:52.201706+00:00,2026-07-14T23:03:52.198105,2,2,66.95,0.3,66.8,62,66.6,150,,,,,,,,,,,,,,,,,67.1,100,67.3,100,,,,,,,,,,,,,,,,
2026-07-14T23:03:52.245938+00:00,2026-07-14T23:03:52.240042,1,1,67.05,0.5,66.8,62,,,,,,,,,,,,,,,,,,,67.3,100,,,,,,,,,,,,,,,,,,
2026-07-14T23:03:52.301198+00:00,2026-07-14T23:03:52.295169,2,1,67.05,0.5,66.8,62,66.7,150,,,,,,,,,,,,,,,,,67.3,100,,,,,,,,,,,,,,,,,,
2026-07-14T23:03:52.323158+00:00,2026-07-14T23:03:52.313765,2,1,67.05,0.5,66.8,18,66.7,150,,,,,,,,,,,,,,,,,67.3,100,,,,,,,,,,,,,,,,,,
2026-07-14T23:03:52.355516+00:00,2026-07-14T23:03:52.348050,2,2,67.0,0.4,66.8,18,66.7,150,,,,,,,,,,,,,,,,,67.2,150,67.3,100,,,,,,,,,,,,,,,,
2026-07-14T23:03:53.147812+00:00,2026-07-14T23:03:53.138747,2,2,67.0,0.4,66.8,18,66.7,150,,,,,,,,,,,,,,,,,67.2,100,67.3,100,,,,,,,,,,,,,,,,
2026-07-14T23:03:53.223569+00:00,2026-07-14T23:03:53.213146,2,2,67.0,0.4,66.8,18,66.7,150,,,,,,,,,,,,,,,,,67.2,92,67.3,100,,,,,,,,,,,,,,,,
2026-07-14T23:03:53.526843+00:00,2026-07-14T23:03:53.520378,2,2,67.0,0.4,66.8,18,66.7,150,,,,,,,,,,,,,,,,,67.2,48,67.3,100,,,,,,,,,,,,,,,,
2026-07-14T23:03:53.537632+00:00,2026-07-14T23:03:53.534584,1,1,66.95,0.5,66.7,150,,,,,,,,,,,,,,,,,,,67.2,48,,,,,,,,,,,,,,,,,,
2026-07-14T23:03:53.591537+00:00,2026-07-14T23:03:53.587458,1,1,66.95,0.5,66.7,250,,,,,,,,,,,,,,,,,,,67.2,48,,,,,,,,,,,,,,,,,,
2026-07-14T23:03:53.645184+00:00,2026-07-14T23:03:53.640535,1,1,66.95,0.5,66.7,250,,,,,,,,,,,,,,,,,,,67.2,148,,,,,,,,,,,,,,,,,,
2026-07-14T23:03:55.270589+00:00,2026-07-14T23:03:55.260043,1,1,66.95,0.5,66.7,250,,,,,,,,,,,,,,,,,,,67.2,98,,,,,,,,,,,,,,,,,,
2026-07-14T23:03:55.459415+00:00,2026-07-14T23:03:55.401673,1,1,66.95,0.5,66.7,100,,,,,,,,,,,,,,,,,,,67.2,98,,,,,,,,,,,,,,,,,,
2026-07-14T23:03:55.470470+00:00,2026-07-14T23:03:55.460142,2,0,,,67.5,52,66.7,100,,,,,,,,,,,,,,,,,,,,,,,,,,,,,,,,,,,,
2026-07-14T23:03:55.566608+00:00,2026-07-14T23:03:55.564466,1,1,67.35,1.3,66.7,100,,,,,,,,,,,,,,,,,,,68.0,150,,,,,,,,,,,,,,,,,,
2026-07-14T23:03:56.697208+00:00,2026-07-14T23:03:56.693921,0,1,,,,,,,,,,,,,,,,,,,,,,,68.0,150,,,,,,,,,,,,,,,,,,
2026-07-14T23:03:56.750287+00:00,2026-07-14T23:03:56.747042,1,1,67.5,1.0,67.0,100,,,,,,,,,,,,,,,,,,,68.0,150,,,,,,,,,,,,,,,,,,
2026-07-14T23:03:56.814288+00:00,2026-07-14T23:03:56.803934,1,2,67.25,0.5,67.0,100,,,,,,,,,,,,,,,,,,,67.5,100,68.0,150,,,,,,,,,,,,,,,,
2026-07-14T23:03:57.239822+00:00,2026-07-14T23:03:57.234646,1,2,67.25,0.5,67.0,95,,,,,,,,,,,,,,,,,,,67.5,100,68.0,150,,,,,,,,,,,,,,,,
2026-07-14T23:03:57.410597+00:00,2026-07-14T23:03:57.408788,1,2,67.25,0.5,67.0,45,,,,,,,,,,,,,,,,,,,67.5,100,68.0,150,,,,,,,,,,,,,,,,
2026-07-14T23:03:58.571737+00:00,2026-07-14T23:03:58.563351,1,1,67.25,0.5,67.0,45,,,,,,,,,,,,,,,,,,,67.5,100,,,,,,,,,,,,,,,,,,
2026-07-14T23:03:58.625234+00:00,2026-07-14T23:03:58.617022,2,1,67.3,0.4,67.1,150,67.0,45,,,,,,,,,,,,,,,,,67.5,100,,,,,,,,,,,,,,,,,,
2026-07-14T23:03:58.678115+00:00,2026-07-14T23:03:58.671143,2,2,67.3,0.4,67.1,150,67.0,45,,,,,,,,,,,,,,,,,67.5,100,67.6,150,,,,,,,,,,,,,,,,
2026-07-14T23:03:59.261888+00:00,2026-07-14T23:03:59.252567,2,2,67.3,0.4,67.1,104,67.0,45,,,,,,,,,,,,,,,,,67.5,100,67.6,150,,,,,,,,,,,,,,,,
2026-07-14T23:03:59.517018+00:00,2026-07-14T23:03:59.516488,2,2,67.3,0.4,67.1,54,67.0,45,,,,,,,,,,,,,,,,,67.5,100,67.6,150,,,,,,,,,,,,,,,,
2026-07-14T23:03:59.780926+00:00,2026-07-14T23:03:59.772602,2,2,67.3,0.4,67.1,12,67.0,45,,,,,,,,,,,,,,,,,67.5,100,67.6,150,,,,,,,,,,,,,,,,
2026-07-14T23:03:59.865146+00:00,2026-07-14T23:03:59.858031,1,1,67.35,0.5,67.1,12,,,,,,,,,,,,,,,,,,,67.6,150,,,,,,,,,,,,,,,,,,
2026-07-14T23:03:59.918143+00:00,2026-07-14T23:03:59.911732,2,1,67.35,0.5,67.1,12,66.9,100,,,,,,,,,,,,,,,,,67.6,150,,,,,,,,,,,,,,,,,,
2026-07-14T23:03:59.977451+00:00,2026-07-14T23:03:59.975178,2,2,67.25,0.3,67.1,12,66.9,100,,,,,,,,,,,,,,,,,67.4,91,67.6,150,,,,,,,,,,,,,,,,
2026-07-14T23:04:00.255768+00:00,2026-07-14T23:04:00.251881,2,2,67.25,0.3,67.1,9,66.9,100,,,,,,,,,,,,,,,,,67.4,91,67.6,150,,,,,,,,,,,,,,,,
2026-07-14T23:04:00.352255+00:00,2026-07-14T23:04:00.341851,1,2,67.15,0.5,66.9,100,,,,,,,,,,,,,,,,,,,67.4,91,67.6,150,,,,,,,,,,,,,,,,
2026-07-14T23:04:00.871174+00:00,2026-07-14T23:04:00.869363,1,2,67.15,0.5,66.9,100,,,,,,,,,,,,,,,,,,,67.4,80,67.6,150,,,,,,,,,,,,,,,,
2026-07-14T23:04:01.274950+00:00,2026-07-14T23:04:01.264490,1,2,67.15,0.5,66.9,100,,,,,,,,,,,,,,,,,,,67.4,75,67.6,150,,,,,,,,,,,,,,,,
