recv_time,book_timestamp,n_bids,n_asks,mid,spread,bid_px_0,bid_vol_0,bid_px_1,bid_vol_1,bid_px_2,bid_vol_2,bid_px_3,bid_vol_3,bid_px_4,bid_vol_4,bid_px_5,bid_vol_5,bid_px_6,bid_vol_6,bid_px_7,bid_vol_7,bid_px_8,bid_vol_8,bid_px_9,bid_vol_9,ask_px_0,ask_vol_0,ask_px_1,ask_vol_1,ask_px_2,ask_vol_2,ask_px_3,ask_vol_3,ask_px_4,ask_vol_4,ask_px_5,ask_vol_5,ask_px_6,ask_vol_6,ask_px_7,ask_vol_7,ask_px_8,ask_vol_8,ask_px_9,ask_vol_9
2026-07-08T20:00:00.566881+00:00,2026-07-08T20:00:00.545595,2,2,151.3,0.4,151.1,57,151.0,150,,,,,,,,,,,,,,,,,151.5,100,151.6,100,,,,,,,,,,,,,,,,
2026-07-08T20:00:01.117213+00:00,2026-07-08T20:00:01.117120,2,1,151.3,0.4,151.1,57,151.0,150,,,,,,,,,,,,,,,,,151.5,100,,,,,,,,,,,,,,,,,,
2026-07-08T20:00:01.122421+00:00,2026-07-08T20:00:01.122302,1,1,151.25,0.5,151.0,150,,,,,,,,,,,,,,,,,,,151.5,100,,,,,,,,,,,,,,,,,,
2026-07-08T20:00:01.173965+00:00,2026-07-08T20:00:01.173829,2,1,151.25,0.5,151.0,150,150.8,100,,,,,,,,,,,,,,,,,151.5,100,,,,,,,,,,,,,,,,,,
2026-07-08T20:00:01.214605+00:00,2026-07-08T20:00:01.218002,2,2,151.15,0.3,151.0,150,150.8,100,,,,,,,,,,,,,,,,,151.3,100,151.5,100,,,,,,,,,,,,,,,,
2026-07-08T20:00:01.920843+00:00,2026-07-08T20:00:01.927304,1,1,151.05,0.5,150.8,100,,,,,,,,,,,,,,,,,,,151.3,100,,,,,,,,,,,,,,,,,,
2026-07-08T20:00:01.999988+00:00,2026-07-08T20:00:01.987507,2,1,151.2,0.2,151.1,150,150.8,100,,,,,,,,,,,,,,,,,151.3,100,,,,,,,,,,,,,,,,,,
2026-07-08T20:00:02.044002+00:00,2026-07-08T20:00:02.043876,2,2,151.2,0.2,151.1,150,150.8,100,,,,,,,,,,,,,,,,,151.3,100,151.6,150,,,,,,,,,,,,,,,,
2026-07-08T20:00:02.219791+00:00,2026-07-08T20:00:02.219668,2,2,151.2,0.2,151.1,150,150.8,100,,,,,,,,,,,,,,,,,151.3,53,151.6,150,,,,,,,,,,,,,,,,
2026-07-08T20:00:02.658572+00:00,2026-07-08T20:00:02.655808,2,2,151.2,0.2,151.1,150,150.8,100,,,,,,,,,,,,,,,,,151.3,3,151.6,150,,,,,,,,,,,,,,,,
2026-07-08T20:00:03.912193+00:00,2026-07-08T20:00:03.912131,2,1,151.35,0.5,151.1,150,150.8,100,,,,,,,,,,,,,,,,,151.6,150,,,,,,,,,,,,,,,,,,
2026-07-08T20:00:04.282172+00:00,2026-07-08T20:00:04.282107,1,1,151.35,0.5,151.1,150,,,,,,,,,,,,,,,,,,,151.6,150,,,,,,,,,,,,,,,,,,
2026-07-08T20:00:04.335064+00:00,2026-07-08T20:00:04.334931,2,1,151.35,0.5,151.1,150,150.9,100,,,,,,,,,,,,,,,,,151.6,150,,,,,,,,,,,,,,,,,,
2026-07-08T20:00:04.387819+00:00,2026-07-08T20:00:04.387749,2,2,151.25,0.3,151.1,150,150.9,100,,,,,,,,,,,,,,,,,151.4,100,151.6,150,,,,,,,,,,,,,,,,
2026-07-08T20:00:04.772169+00:00,2026-07-08T20:00:04.772117,2,2,151.25,0.3,151.1,150,150.9,100,,,,,,,,,,,,,,,,,151.4,50,151.6,150,,,,,,,,,,,,,,,,
2026-07-08T20:00:04.987154+00:00,2026-07-08T20:00:04.987101,2,2,151.25,0.3,151.1,150,150.9,100,,,,,,,,,,,,,,,,,151.4,2,151.6,150,,,,,,,,,,,,,,,,
2026-07-08T20:00:05.094240+00:00,2026-07-08T20:00:05.094134,1,1,151.15,0.5,150.9,100,,,,,,,,,,,,,,,,,,,151.4,2,,,,,,,,,,,,,,,,,,
2026-07-08T20:00:05.151255+00:00,2026-07-08T20:00:05.151148,1,1,151.15,0.5,150.9,250,,,,,,,,,,,,,,,,,,,151.4,2,,,,,,,,,,,,,,,,,,
2026-07-08T20:00:05.204615+00:00,2026-07-08T20:00:05.204487,1,1,151.15,0.5,150.9,250,,,,,,,,,,,,,,,,,,,151.4,152,,,,,,,,,,,,,,,,,,
2026-07-08T20:00:05.526710+00:00,2026-07-08T20:00:05.526631,1,1,151.15,0.5,150.9,207,,,,,,,,,,,,,,,,,,,151.4,152,,,,,,,,,,,,,,,,,,
2026-07-08T20:00:07.452166+00:00,2026-07-08T20:00:07.441532,1,1,151.15,0.5,150.9,150,,,,,,,,,,,,,,,,,,,151.4,150,,,,,,,,,,,,,,,,,,
2026-07-08T20:00:07.499004+00:00,2026-07-08T20:00:07.499100,2,1,151.15,0.5,150.9,150,150.8,100,,,,,,,,,,,,,,,,,151.4,150,,,,,,,,,,,,,,,,,,
2026-07-08T20:00:07.552522+00:00,2026-07-08T20:00:07.552412,2,2,151.1,0.4,150.9,150,150.8,100,,,,,,,,,,,,,,,,,151.3,100,151.4,150,,,,,,,,,,,,,,,,
2026-07-08T20:00:08.258684+00:00,2026-07-08T20:00:08.258572,1,1,151.05,0.5,150.8,100,,,,,,,,,,,,,,,,,,,151.3,100,,,,,,,,,,,,,,,,,,
2026-07-08T20:00:08.317020+00:00,2026-07-08T20:00:08.316878,1,1,151.05,0.5,150.8,250,,,,,,,,,,,,,,,,,,,151.3,100,,,,,,,,,,,,,,,,,,
2026-07-08T20:00:08.365492+00:00,2026-07-08T20:00:08.365633,1,1,151.05,0.5,150.8,250,,,,,,,,,,,,,,,,,,,151.3,250,,,,,,,,,,,,,,,,,,
2026-07-08T20:00:09.039024+00:00,2026-07-08T20:00:09.038902,1,1,151.05,0.5,150.8,200,,,,,,,,,,,,,,,,,,,151.3,250,,,,,,,,,,,,,,,,,,
2026-07-08T20:00:09.444884+00:00,2026-07-08T20:00:09.444769,1,1,151.05,0.5,150.8,200,,,,,,,,,,,,,,,,,,,151.3,210,,,,,,,,,,,,,,,,,,
2026-07-08T20:00:10.609583+00:00,2026-07-08T20:00:10.609539,1,1,151.05,0.5,150.8,200,,,,,,,,,,,,,,,,,,,151.3,150,,,,,,,,,,,,,,,,,,
2026-07-08T20:00:10.614640+00:00,2026-07-08T20:00:10.614997,1,1,151.05,0.5,150.8,150,,,,,,,,,,,,,,,,,,,151.3,150,,,,,,,,,,,,,,,,,,
2026-07-08T20:00:10.664245+00:00,2026-07-08T20:00:10.664155,2,1,151.15,0.3,151.0,100,150.8,150,,,,,,,,,,,,,,,,,151.3,150,,,,,,,,,,,,,,,,,,
2026-07-08T20:00:10.720208+00:00,2026-07-08T20:00:10.720167,2,2,151.15,0.3,151.0,100,150.8,150,,,,,,,,,,,,,,,,,151.3,150,151.5,100,,,,,,,,,,,,,,,,
2026-07-08T20:00:11.164172+00:00,2026-07-08T20:00:11.163901,2,2,151.15,0.3,151.0,50,150.8,150,,,,,,,,,,,,,,,,,151.3,150,151.5,100,,,,,,,,,,,,,,,,
2026-07-08T20:00:11.420323+00:00,2026-07-08T20:00:11.420476,2,1,151.25,0.5,151.0,50,150.8,150,,,,,,,,,,,,,,,,,151.5,100,,,,,,,,,,,,,,,,,,
2026-07-08T20:00:11.425784+00:00,2026-07-08T20:00:11.425646,1,1,151.25,0.5,151.0,50,,,,,,,,,,,,,,,,,,,151.5,100,,,,,,,,,,,,,,,,,,
2026-07-08T20:00:11.482635+00:00,2026-07-08T20:00:11.482502,2,1,151.25,0.5,151.0,50,150.9,150,,,,,,,,,,,,,,,,,151.5,100,,,,,,,,,,,,,,,,,,
2026-07-08T20:00:11.529215+00:00,2026-07-08T20:00:11.529300,2,2,151.2,0.4,151.0,50,150.9,150,,,,,,,,,,,,,,,,,151.4,150,151.5,100,,,,,,,,,,,,,,,,
2026-07-08T20:00:13.001502+00:00,2026-07-08T20:00:13.001418,2,2,151.2,0.4,151.0,6,150.9,150,,,,,,,,,,,,,,,,,151.4,150,151.5,100,,,,,,,,,,,,,,,,
2026-07-08T20:00:13.267153+00:00,2026-07-08T20:00:13.267090,1,2,151.15,0.5,150.9,106,,,,,,,,,,,,,,,,,,,151.4,150,151.5,100,,,,,,,,,,,,,,,,
2026-07-08T20:00:13.774483+00:00,2026-07-08T20:00:13.774370,1,1,151.15,0.5,150.9,106,,,,,,,,,,,,,,,,,,,151.4,150,,,,,,,,,,,,,,,,,,
2026-07-08T20:00:13.827554+00:00,2026-07-08T20:00:13.827514,2,1,151.15,0.5,150.9,106,150.6,100,,,,,,,,,,,,,,,,,151.4,150,,,,,,,,,,,,,,,,,,
2026-07-08T20:00:13.881547+00:00,2026-07-08T20:00:13.881458,2,2,151.0,0.2,150.9,106,150.6,100,,,,,,,,,,,,,,,,,151.1,100,151.4,150,,,,,,,,,,,,,,,,
2026-07-08T20:00:14.547935+00:00,2026-07-08T20:00:14.547811,2,2,151.0,0.2,150.9,106,150.6,100,,,,,,,,,,,,,,,,,151.1,53,151.4,150,,,,,,,,,,,,,,,,
2026-07-08T20:00:14.584452+00:00,2026-07-08T20:00:14.584589,1,1,150.85,0.5,150.6,100,,,,,,,,,,,,,,,,,,,151.1,53,,,,,,,,,,,,,,,,,,
2026-07-08T20:00:14.639179+00:00,2026-07-08T20:00:14.638941,2,1,150.95,0.3,150.8,150,150.6,100,,,,,,,,,,,,,,,,,151.1,53,,,,,,,,,,,,,,,,,,
2026-07-08T20:00:14.688704+00:00,2026-07-08T20:00:14.688578,2,2,150.95,0.3,150.8,150,150.6,100,,,,,,,,,,,,,,,,,151.1,53,151.3,150,,,,,,,,,,,,,,,,
2026-07-08T20:00:15.325305+00:00,2026-07-08T20:00:15.325244,2,2,150.95,0.3,150.8,150,150.6,100,,,,,,,,,,,,,,,,,151.1,3,151.3,150,,,,,,,,,,,,,,,,
2026-07-08T20:00:15.580039+00:00,2026-07-08T20:00:15.579982,2,2,150.95,0.3,150.8,102,150.6,100,,,,,,,,,,,,,,,,,151.1,3,151.3,150,,,,,,,,,,,,,,,,
2026-07-08T20:00:16.938532+00:00,2026-07-08T20:00:16.938423,1,1,151.05,0.5,150.8,102,,,,,,,,,,,,,,,,,,,151.3,150,,,,,,,,,,,,,,,,,,
2026-07-08T20:00:16.989891+00:00,2026-07-08T20:00:16.989858,2,1,151.25,0.1,151.2,100,150.8,102,,,,,,,,,,,,,,,,,151.3,150,,,,,,,,,,,,,,,,,,
2026-07-08T20:00:17.042782+00:00,2026-07-08T20:00:17.042672,2,2,151.25,0.1,151.2,100,150.8,102,,,,,,,,,,,,,,,,,151.3,150,151.7,100,,,,,,,,,,,,,,,,
2026-07-08T20:00:17.743734+00:00,2026-07-08T20:00:17.743894,2,1,151.45,0.5,151.2,100,150.8,102,,,,,,,,,,,,,,,,,151.7,100,,,,,,,,,,,,,,,,,,
2026-07-08T20:00:17.749236+00:00,2026-07-08T20:00:17.749057,1,1,151.45,0.5,151.2,100,,,,,,,,,,,,,,,,,,,151.7,100,,,,,,,,,,,,,,,,,,
2026-07-08T20:00:17.800427+00:00,2026-07-08T20:00:17.800379,2,1,151.45,0.5,151.2,100,150.7,150,,,,,,,,,,,,,,,,,151.7,100,,,,,,,,,,,,,,,,,,
2026-07-08T20:00:17.858587+00:00,2026-07-08T20:00:17.856445,1,2,150.95,0.5,150.7,150,,,,,,,,,,,,,,,,,,,151.2,50,151.7,100,,,,,,,,,,,,,,,,
2026-07-08T20:00:19.253664+00:00,2026-07-08T20:00:19.253624,1,2,150.95,0.5,150.7,150,,,,,,,,,,,,,,,,,,,151.2,2,151.7,100,,,,,,,,,,,,,,,,
2026-07-08T20:00:19.310392+00:00,2026-07-08T20:00:19.310486,1,2,150.95,0.5,150.7,104,,,,,,,,,,,,,,,,,,,151.2,2,151.7,100,,,,,,,,,,,,,,,,
2026-07-08T20:00:19.615915+00:00,2026-07-08T20:00:19.615850,1,2,150.95,0.5,150.7,54,,,,,,,,,,,,,,,,,,,151.2,2,151.7,100,,,,,,,,,,,,,,,,
2026-07-08T20:00:19.801667+00:00,2026-07-08T20:00:19.801566,1,2,150.95,0.5,150.7,13,,,,,,,,,,,,,,,,,,,151.2,2,151.7,100,,,,,,,,,,,,,,,,
2026-07-08T20:00:20.099354+00:00,2026-07-08T20:00:20.099245,1,1,150.95,0.5,150.7,13,,,,,,,,,,,,,,,,,,,151.2,2,,,,,,,,,,,,,,,,,,
2026-07-08T20:00:20.164319+00:00,2026-07-08T20:00:20.163992,2,1,150.95,0.5,150.7,13,150.5,100,,,,,,,,,,,,,,,,,151.2,2,,,,,,,,,,,,,,,,,,
2026-07-08T20:00:20.223503+00:00,2026-07-08T20:00:20.223360,2,2,150.85,0.3,150.7,13,150.5,100,,,,,,,,,,,,,,,,,151.0,100,151.2,2,,,,,,,,,,,,,,,,
2026-07-08T20:00:20.299382+00:00,2026-07-08T20:00:20.299313,2,2,150.85,0.3,150.7,13,150.5,100,,,,,,,,,,,,,,,,,151.0,52,151.2,2,,,,,,,,,,,,,,,,
2026-07-08T20:00:20.913716+00:00,2026-07-08T20:00:20.913686,1,1,150.75,0.5,150.5,100,,,,,,,,,,,,,,,,,,,151.0,52,,,,,,,,,,,,,,,,,,
2026-07-08T20:00:20.983776+00:00,2026-07-08T20:00:20.983738,2,1,150.75,0.5,150.5,100,150.4,150,,,,,,,,,,,,,,,,,151.0,52,,,,,,,,,,,,,,,,,,
2026-07-08T20:00:21.037572+00:00,2026-07-08T20:00:21.037469,2,2,150.7,0.4,150.5,100,150.4,150,,,,,,,,,,,,,,,,,150.9,150,151.0,52,,,,,,,,,,,,,,,,
2026-07-08T20:00:21.707251+00:00,2026-07-08T20:00:21.707134,2,2,150.7,0.4,150.5,100,150.4,150,,,,,,,,,,,,,,,,,150.9,108,151.0,52,,,,,,,,,,,,,,,,
2026-07-08T20:00:23.271973+00:00,2026-07-08T20:00:23.271849,1,1,150.65,0.5,150.4,150,,,,,,,,,,,,,,,,,,,150.9,108,,,,,,,,,,,,,,,,,,
2026-07-08T20:00:23.326795+00:00,2026-07-08T20:00:23.326630,2,1,150.85,0.1,150.8,100,150.4,150,,,,,,,,,,,,,,,,,150.9,108,,,,,,,,,,,,,,,,,,
2026-07-08T20:00:23.379197+00:00,2026-07-08T20:00:23.379128,2,2,150.85,0.1,150.8,100,150.4,150,,,,,,,,,,,,,,,,,150.9,108,151.3,100,,,,,,,,,,,,,,,,
2026-07-08T20:00:23.833337+00:00,2026-07-08T20:00:23.833202,2,2,150.85,0.1,150.8,50,150.4,150,,,,,,,,,,,,,,,,,150.9,108,151.3,100,,,,,,,,,,,,,,,,
2026-07-08T20:00:24.090398+00:00,2026-07-08T20:00:24.090215,1,1,151.05,0.5,150.8,50,,,,,,,,,,,,,,,,,,,151.3,100,,,,,,,,,,,,,,,,,,
2026-07-08T20:00:24.145370+00:00,2026-07-08T20:00:24.145255,1,1,151.05,0.5,150.8,200,,,,,,,,,,,,,,,,,,,151.3,100,,,,,,,,,,,,,,,,,,
2026-07-08T20:00:24.195910+00:00,2026-07-08T20:00:24.195867,1,1,151.05,0.5,150.8,200,,,,,,,,,,,,,,,,,,,151.3,250,,,,,,,,,,,,,,,,,,
2026-07-08T20:00:25.938782+00:00,2026-07-08T20:00:25.938923,1,1,151.05,0.5,150.8,150,,,,,,,,,,,,,,,,,,,151.3,250,,,,,,,,,,,,,,,,,,
2026-07-08T20:00:26.432805+00:00,2026-07-08T20:00:26.432951,1,1,151.05,0.5,150.8,150,,,,,,,,,,,,,,,,,,,151.3,150,,,,,,,,,,,,,,,,,,
2026-07-08T20:00:26.485918+00:00,2026-07-08T20:00:26.485857,2,1,151.05,0.5,150.8,150,150.5,100,,,,,,,,,,,,,,,,,151.3,150,,,,,,,,,,,,,,,,,,
2026-07-08T20:00:26.539258+00:00,2026-07-08T20:00:26.539110,2,2,150.9,0.2,150.8,150,150.5,100,,,,,,,,,,,,,,,,,151.0,100,151.3,150,,,,,,,,,,,,,,,,
2026-07-08T20:00:27.258568+00:00,2026-07-08T20:00:27.251291,1,1,150.75,0.5,150.5,100,,,,,,,,,,,,,,,,,,,151.0,100,,,,,,,,,,,,,,,,,,
2026-07-08T20:00:27.308893+00:00,2026-07-08T20:00:27.308844,2,1,150.9,0.2,150.8,150,150.5,100,,,,,,,,,,,,,,,,,151.0,100,,,,,,,,,,,,,,,,,,
2026-07-08T20:00:27.358548+00:00,2026-07-08T20:00:27.356904,2,2,150.9,0.2,150.8,150,150.5,100,,,,,,,,,,,,,,,,,151.0,100,151.3,150,,,,,,,,,,,,,,,,
2026-07-08T20:00:28.074635+00:00,2026-07-08T20:00:28.074577,2,2,150.9,0.2,150.8,100,150.5,100,,,,,,,,,,,,,,,,,151.0,100,151.3,150,,,,,,,,,,,,,,,,
2026-07-08T20:00:29.595715+00:00,2026-07-08T20:00:29.595587,1,1,151.05,0.5,150.8,100,,,,,,,,,,,,,,,,,,,151.3,150,,,,,,,,,,,,,,,,,,
2026-07-08T20:00:29.650328+00:00,2026-07-08T20:00:29.650155,2,1,151.05,0.5,150.8,100,150.5,100,,,,,,,,,,,,,,,,,151.3,150,,,,,,,,,,,,,,,,,,
2026-07-08T20:00:29.704137+00:00,2026-07-08T20:00:29.703971,2,2,150.9,0.2,150.8,100,150.5,100,,,,,,,,,,,,,,,,,151.0,100,151.3,150,,,,,,,,,,,,,,,,
2026-07-08T20:00:30.181996+00:00,2026-07-08T20:00:30.182142,2,2,150.9,0.2,150.8,50,150.5,100,,,,,,,,,,,,,,,,,151.0,100,151.3,150,,,,,,,,,,,,,,,,
2026-07-08T20:00:30.419805+00:00,2026-07-08T20:00:30.419742,1,1,150.75,0.5,150.5,100,,,,,,,,,,,,,,,,,,,151.0,100,,,,,,,,,,,,,,,,,,
2026-07-08T20:00:30.471021+00:00,2026-07-08T20:00:30.470873,2,1,150.75,0.5,150.5,100,150.3,150,,,,,,,,,,,,,,,,,151.0,100,,,,,,,,,,,,,,,,,,
2026-07-08T20:00:30.525510+00:00,2026-07-08T20:00:30.525365,2,2,150.65,0.3,150.5,100,150.3,150,,,,,,,,,,,,,,,,,150.8,150,151.0,100,,,,,,,,,,,,,,,,
2026-07-08T20:00:31.483432+00:00,2026-07-08T20:00:31.483567,2,2,150.65,0.3,150.5,56,150.3,150,,,,,,,,,,,,,,,,,150.8,150,151.0,100,,,,,,,,,,,,,,,,
2026-07-08T20:00:32.291038+00:00,2026-07-08T20:00:32.291207,2,2,150.65,0.3,150.5,6,150.3,150,,,,,,,,,,,,,,,,,150.8,150,151.0,100,,,,,,,,,,,,,,,,
2026-07-08T20:00:32.758931+00:00,2026-07-08T20:00:32.758846,1,1,150.55,0.5,150.3,150,,,,,,,,,,,,,,,,,,,150.8,150,,,,,,,,,,,,,,,,,,
2026-07-08T20:00:32.813335+00:00,2026-07-08T20:00:32.813252,2,1,150.55,0.5,150.3,150,150.1,100,,,,,,,,,,,,,,,,,150.8,150,,,,,,,,,,,,,,,,,,
2026-07-08T20:00:32.880320+00:00,2026-07-08T20:00:32.873975,2,2,150.45,0.3,150.3,150,150.1,100,,,,,,,,,,,,,,,,,150.6,97,150.8,150,,,,,,,,,,,,,,,,
2026-07-08T20:00:33.586285+00:00,2026-07-08T20:00:33.586148,1,1,150.35,0.5,150.1,100,,,,,,,,,,,,,,,,,,,150.6,97,,,,,,,,,,,,,,,,,,
2026-07-08T20:00:33.642124+00:00,2026-07-08T20:00:33.641994,2,1,150.4,0.4,150.2,150,150.1,100,,,,,,,,,,,,,,,,,150.6,97,,,,,,,,,,,,,,,,,,
2026-07-08T20:00:33.691560+00:00,2026-07-08T20:00:33.691486,2,2,150.4,0.4,150.2,150,150.1,100,,,,,,,,,,,,,,,,,150.6,97,150.7,150,,,,,,,,,,,,,,,,
2026-07-08T20:00:34.398441+00:00,2026-07-08T20:00:34.398639,2,2,150.4,0.4,150.2,100,150.1,100,,,,,,,,,,,,,,,,,150.6,97,150.7,150,,,,,,,,,,,,,,,,
2026-07-08T20:00:34.807446+00:00,2026-07-08T20:00:34.801111,2,2,150.4,0.4,150.2,100,150.1,100,,,,,,,,,,,,,,,,,150.6,86,150.7,150,,,,,,,,,,,,,,,,
2026-07-08T20:00:35.930705+00:00,2026-07-08T20:00:35.930614,2,1,150.45,0.5,150.2,100,150.1,100,,,,,,,,,,,,,,,,,150.7,150,,,,,,,,,,,,,,,,,,
2026-07-08T20:00:35.935935+00:00,2026-07-08T20:00:35.935793,1,1,150.45,0.5,150.2,100,,,,,,,,,,,,,,,,,,,150.7,150,,,,,,,,,,,,,,,,,,
2026-07-08T20:00:35.993551+00:00,2026-07-08T20:00:35.993384,2,1,150.45,0.5,150.2,100,150.0,100,,,,,,,,,,,,,,,,,150.7,150,,,,,,,,,,,,,,,,,,
2026-07-08T20:00:36.036159+00:00,2026-07-08T20:00:36.036128,2,2,150.35,0.3,150.2,100,150.0,100,,,,,,,,,,,,,,,,,150.5,100,150.7,150,,,,,,,,,,,,,,,,
2026-07-08T20:00:36.458676+00:00,2026-07-08T20:00:36.455985,2,2,150.35,0.3,150.2,100,150.0,100,,,,,,,,,,,,,,,,,150.5,50,150.7,150,,,,,,,,,,,,,,,,
2026-07-08T20:00:36.749629+00:00,2026-07-08T20:00:36.749410,1,1,150.25,0.5,150.0,100,,,,,,,,,,,,,,,,,,,150.5,50,,,,,,,,,,,,,,,,,,
2026-07-08T20:00:36.811760+00:00,2026-07-08T20:00:36.811624,2,1,150.25,0.5,150.0,100,149.9,150,,,,,,,,,,,,,,,,,150.5,50,,,,,,,,,,,,,,,,,,
2026-07-08T20:00:36.865256+00:00,2026-07-08T20:00:36.865417,2,2,150.2,0.4,150.0,100,149.9,150,,,,,,,,,,,,,,,,,150.4,150,150.5,50,,,,,,,,,,,,,,,,
2026-07-08T20:00:38.127147+00:00,2026-07-08T20:00:38.121413,2,2,150.2,0.4,150.0,100,149.9,150,,,,,,,,,,,,,,,,,150.4,138,150.5,50,,,,,,,,,,,,,,,,
2026-07-08T20:00:38.558687+00:00,2026-07-08T20:00:38.555572,2,2,150.2,0.4,150.0,100,149.9,150,,,,,,,,,,,,,,,,,150.4,88,150.5,50,,,,,,,,,,,,,,,,
2026-07-08T20:00:39.090455+00:00,2026-07-08T20:00:39.090417,2,1,150.2,0.4,150.0,100,149.9,150,,,,,,,,,,,,,,,,,150.4,88,,,,,,,,,,,,,,,,,,
2026-07-08T20:00:39.095646+00:00,2026-07-08T20:00:39.095593,1,1,150.15,0.5,149.9,150,,,,,,,,,,,,,,,,,,,150.4,88,,,,,,,,,,,,,,,,,,
2026-07-08T20:00:39.149668+00:00,2026-07-08T20:00:39.149581,2,1,150.35,0.1,150.3,100,149.9,150,,,,,,,,,,,,,,,,,150.4,88,,,,,,,,,,,,,,,,,,
2026-07-08T20:00:39.197757+00:00,2026-07-08T20:00:39.197650,2,2,150.35,0.1,150.3,100,149.9,150,,,,,,,,,,,,,,,,,150.4,88,150.8,100,,,,,,,,,,,,,,,,
2026-07-08T20:00:39.531267+00:00,2026-07-08T20:00:39.531132,2,2,150.35,0.1,150.3,100,149.9,150,,,,,,,,,,,,,,,,,150.4,39,150.8,100,,,,,,,,,,,,,,,,
2026-07-08T20:00:39.656539+00:00,2026-07-08T20:00:39.650699,2,2,150.35,0.1,150.3,100,149.9,150,,,,,,,,,,,,,,,,,150.4,28,150.8,100,,,,,,,,,,,,,,,,
2026-07-08T20:00:39.914842+00:00,2026-07-08T20:00:39.914946,2,1,150.55,0.5,150.3,100,149.9,150,,,,,,,,,,,,,,,,,150.8,100,,,,,,,,,,,,,,,,,,
2026-07-08T20:00:39.920241+00:00,2026-07-08T20:00:39.920125,1,1,150.55,0.5,150.3,100,,,,,,,,,,,,,,,,,,,150.8,100,,,,,,,,,,,,,,,,,,
2026-07-08T20:00:39.973931+00:00,2026-07-08T20:00:39.973774,2,1,150.65,0.3,150.5,150,150.3,100,,,,,,,,,,,,,,,,,150.8,100,,,,,,,,,,,,,,,,,,
2026-07-08T20:00:40.022219+00:00,2026-07-08T20:00:40.022184,2,2,150.65,0.3,150.5,150,150.3,100,,,,,,,,,,,,,,,,,150.8,100,151.0,150,,,,,,,,,,,,,,,,
2026-07-08T20:00:40.669883+00:00,2026-07-08T20:00:40.670018,2,2,150.65,0.3,150.5,150,150.3,100,,,,,,,,,,,,,,,,,150.8,50,151.0,150,,,,,,,,,,,,,,,,
2026-07-08T20:00:40.790519+00:00,2026-07-08T20:00:40.776536,2,2,150.65,0.3,150.5,139,150.3,100,,,,,,,,,,,,,,,,,150.8,50,151.0,150,,,,,,,,,,,,,,,,
2026-07-08T20:00:42.256817+00:00,2026-07-08T20:00:42.256741,1,1,150.75,0.5,150.5,139,,,,,,,,,,,,,,,,,,,151.0,150,,,,,,,,,,,,,,,,,,
2026-07-08T20:00:42.310097+00:00,2026-07-08T20:00:42.309993,1,1,150.75,0.5,150.5,239,,,,,,,,,,,,,,,,,,,151.0,150,,,,,,,,,,,,,,,,,,
2026-07-08T20:00:42.362915+00:00,2026-07-08T20:00:42.362811,1,1,150.75,0.5,150.5,239,,,,,,,,,,,,,,,,,,,151.0,250,,,,,,,,,,,,,,,,,,
2026-07-08T20:00:42.776833+00:00,2026-07-08T20:00:42.777082,1,1,150.75,0.5,150.5,239,,,,,,,,,,,,,,,,,,,151.0,200,,,,,,,,,,,,,,,,,,
2026-07-08T20:00:43.080111+00:00,2026-07-08T20:00:43.080302,1,1,150.75,0.5,150.5,100,,,,,,,,,,,,,,,,,,,151.0,100,,,,,,,,,,,,,,,,,,
2026-07-08T20:00:43.134666+00:00,2026-07-08T20:00:43.134585,2,1,150.85,0.3,150.7,150,150.5,100,,,,,,,,,,,,,,,,,151.0,100,,,,,,,,,,,,,,,,,,
2026-07-08T20:00:43.184333+00:00,2026-07-08T20:00:43.184233,2,2,150.85,0.3,150.7,150,150.5,100,,,,,,,,,,,,,,,,,151.0,100,151.2,150,,,,,,,,,,,,,,,,
2026-07-08T20:00:43.290717+00:00,2026-07-08T20:00:43.284569,2,2,150.85,0.3,150.7,138,150.5,100,,,,,,,,,,,,,,,,,151.0,100,151.2,150,,,,,,,,,,,,,,,,
2026-07-08T20:00:44.063809+00:00,2026-07-08T20:00:44.063737,2,2,150.85,0.3,150.7,94,150.5,100,,,,,,,,,,,,,,,,,151.0,100,151.2,150,,,,,,,,,,,,,,,,
2026-07-08T20:00:44.886677+00:00,2026-07-08T20:00:44.886577,2,2,150.85,0.3,150.7,94,150.5,100,,,,,,,,,,,,,,,,,151.0,50,151.2,150,,,,,,,,,,,,,,,,
2026-07-08T20:00:45.139294+00:00,2026-07-08T20:00:45.139163,2,2,150.85,0.3,150.7,94,150.5,100,,,,,,,,,,,,,,,,,151.0,10,151.2,150,,,,,,,,,,,,,,,,
2026-07-08T20:00:45.409388+00:00,2026-07-08T20:00:45.409331,1,1,150.95,0.5,150.7,94,,,,,,,,,,,,,,,,,,,151.2,150,,,,,,,,,,,,,,,,,,
2026-07-08T20:00:45.467722+00:00,2026-07-08T20:00:45.467872,2,1,151.1,0.2,151.0,100,150.7,94,,,,,,,,,,,,,,,,,151.2,150,,,,,,,,,,,,,,,,,,
2026-07-08T20:00:45.521184+00:00,2026-07-08T20:00:45.521020,2,2,151.1,0.2,151.0,100,150.7,94,,,,,,,,,,,,,,,,,151.2,150,151.5,100,,,,,,,,,,,,,,,,
2026-07-08T20:00:46.004037+00:00,2026-07-08T20:00:45.997336,2,2,151.1,0.2,151.0,89,150.7,94,,,,,,,,,,,,,,,,,151.2,150,151.5,100,,,,,,,,,,,,,,,,
2026-07-08T20:00:46.240724+00:00,2026-07-08T20:00:46.240613,1,1,151.25,0.5,151.0,89,,,,,,,,,,,,,,,,,,,151.5,100,,,,,,,,,,,,,,,,,,
2026-07-08T20:00:46.293058+00:00,2026-07-08T20:00:46.292939,2,1,151.25,0.5,151.0,89,150.6,150,,,,,,,,,,,,,,,,,151.5,100,,,,,,,,,,,,,,,,,,
2026-07-08T20:00:46.358778+00:00,2026-07-08T20:00:46.358629,2,2,151.05,0.1,151.0,89,150.6,150,,,,,,,,,,,,,,,,,151.1,150,151.5,100,,,,,,,,,,,,,,,,
2026-07-08T20:00:46.994722+00:00,2026-07-08T20:00:46.994887,2,2,151.05,0.1,151.0,89,150.6,150,,,,,,,,,,,,,,,,,151.1,100,151.5,100,,,,,,,,,,,,,,,,
2026-07-08T20:00:47.316168+00:00,2026-07-08T20:00:47.309676,2,2,151.05,0.1,151.0,86,150.6,150,,,,,,,,,,,,,,,,,151.1,100,151.5,100,,,,,,,,,,,,,,,,
2026-07-08T20:00:48.575067+00:00,2026-07-08T20:00:48.574992,1,1,150.85,0.5,150.6,150,,,,,,,,,,,,,,,,,,,151.1,100,,,,,,,,,,,,,,,,,,
2026-07-08T20:00:48.628202+00:00,2026-07-08T20:00:48.628315,2,1,150.9,0.4,150.7,100,150.6,150,,,,,,,,,,,,,,,,,151.1,100,,,,,,,,,,,,,,,,,,
2026-07-08T20:00:48.686870+00:00,2026-07-08T20:00:48.686706,2,2,150.9,0.4,150.7,100,150.6,150,,,,,,,,,,,,,,,,,151.1,100,151.2,100,,,,,,,,,,,,,,,,
2026-07-08T20:00:49.104208+00:00,2026-07-08T20:00:49.104096,2,2,150.9,0.4,150.7,100,150.6,150,,,,,,,,,,,,,,,,,151.1,50,151.2,100,,,,,,,,,,,,,,,,
2026-07-08T20:00:49.398318+00:00,2026-07-08T20:00:49.398413,2,1,150.95,0.5,150.7,100,150.6,150,,,,,,,,,,,,,,,,,151.2,100,,,,,,,,,,,,,,,,,,
2026-07-08T20:00:49.403512+00:00,2026-07-08T20:00:49.403602,1,1,150.95,0.5,150.7,100,,,,,,,,,,,,,,,,,,,151.2,100,,,,,,,,,,,,,,,,,,
2026-07-08T20:00:49.458568+00:00,2026-07-08T20:00:49.452132,2,1,151.05,0.3,150.9,150,150.7,100,,,,,,,,,,,,,,,,,151.2,100,,,,,,,,,,,,,,,,,,
2026-07-08T20:00:49.510295+00:00,2026-07-08T20:00:49.510244,2,2,151.05,0.3,150.9,150,150.7,100,,,,,,,,,,,,,,,,,151.2,100,151.4,150,,,,,,,,,,,,,,,,
2026-07-08T20:00:51.258656+00:00,2026-07-08T20:00:51.253185,2,2,151.05,0.3,150.9,100,150.7,100,,,,,,,,,,,,,,,,,151.2,100,151.4,150,,,,,,,,,,,,,,,,
2026-07-08T20:00:51.739551+00:00,2026-07-08T20:00:51.739470,1,1,151.15,0.5,150.9,100,,,,,,,,,,,,,,,,,,,151.4,150,,,,,,,,,,,,,,,,,,
2026-07-08T20:00:51.792140+00:00,2026-07-08T20:00:51.792019,2,1,151.15,0.5,150.9,100,150.8,100,,,,,,,,,,,,,,,,,151.4,150,,,,,,,,,,,,,,,,,,
2026-07-08T20:00:51.844965+00:00,2026-07-08T20:00:51.844898,2,2,151.1,0.4,150.9,100,150.8,100,,,,,,,,,,,,,,,,,151.3,100,151.4,150,,,,,,,,,,,,,,,,
2026-07-08T20:00:52.564146+00:00,2026-07-08T20:00:52.564074,1,1,151.05,0.5,150.8,100,,,,,,,,,,,,,,,,,,,151.3,100,,,,,,,,,,,,,,,,,,
2026-07-08T20:00:52.619044+00:00,2026-07-08T20:00:52.618860,2,1,151.05,0.5,150.8,100,150.7,150,,,,,,,,,,,,,,,,,151.3,100,,,,,,,,,,,,,,,,,,
2026-07-08T20:00:52.672560+00:00,2026-07-08T20:00:52.672479,2,2,151.0,0.4,150.8,100,150.7,150,,,,,,,,,,,,,,,,,151.2,150,151.3,100,,,,,,,,,,,,,,,,
2026-07-08T20:00:53.303934+00:00,2026-07-08T20:00:53.303900,2,2,151.0,0.4,150.8,58,150.7,150,,,,,,,,,,,,,,,,,151.2,150,151.3,100,,,,,,,,,,,,,,,,
2026-07-08T20:00:53.367542+00:00,2026-07-08T20:00:53.367436,2,2,151.0,0.4,150.8,8,150.7,150,,,,,,,,,,,,,,,,,151.2,150,151.3,100,,,,,,,,,,,,,,,,
2026-07-08T20:00:53.882904+00:00,2026-07-08T20:00:53.883040,2,2,151.0,0.4,150.8,8,150.7,150,,,,,,,,,,,,,,,,,151.2,104,151.3,100,,,,,,,,,,,,,,,,
2026-07-08T20:00:54.903273+00:00,2026-07-08T20:00:54.903196,1,1,150.95,0.5,150.7,150,,,,,,,,,,,,,,,,,,,151.2,104,,,,,,,,,,,,,,,,,,
2026-07-08T20:00:54.954949+00:00,2026-07-08T20:00:54.954816,2,1,150.95,0.5,150.7,150,150.5,100,,,,,,,,,,,,,,,,,151.2,104,,,,,,,,,,,,,,,,,,
2026-07-08T20:00:55.005987+00:00,2026-07-08T20:00:55.002327,2,2,150.85,0.3,150.7,150,150.5,100,,,,,,,,,,,,,,,,,151.0,100,151.2,104,,,,,,,,,,,,,,,,
2026-07-08T20:00:55.476184+00:00,2026-07-08T20:00:55.476066,2,2,150.85,0.3,150.7,100,150.5,100,,,,,,,,,,,,,,,,,151.0,100,151.2,104,,,,,,,,,,,,,,,,
2026-07-08T20:00:55.726712+00:00,2026-07-08T20:00:55.726529,1,1,150.75,0.5,150.5,100,,,,,,,,,,,,,,,,,,,151.0,100,,,,,,,,,,,,,,,,,,
2026-07-08T20:00:55.781625+00:00,2026-07-08T20:00:55.781514,2,1,150.8,0.4,150.6,150,150.5,100,,,,,,,,,,,,,,,,,151.0,100,,,,,,,,,,,,,,,,,,
2026-07-08T20:00:55.834430+00:00,2026-07-08T20:00:55.834343,2,2,150.8,0.4,150.6,150,150.5,100,,,,,,,,,,,,,,,,,151.0,100,151.1,150,,,,,,,,,,,,,,,,
2026-07-08T20:00:56.490100+00:00,2026-07-08T20:00:56.490053,2,2,150.8,0.4,150.6,107,150.5,100,,,,,,,,,,,,,,,,,151.0,100,151.1,150,,,,,,,,,,,,,,,,
2026-07-08T20:00:57.585224+00:00,2026-07-08T20:00:57.585136,2,2,150.8,0.4,150.6,57,150.5,100,,,,,,,,,,,,,,,,,151.0,100,151.1,150,,,,,,,,,,,,,,,,
2026-07-08T20:00:58.064004+00:00,2026-07-08T20:00:58.063935,1,1,150.85,0.5,150.6,57,,,,,,,,,,,,,,,,,,,151.1,150,,,,,,,,,,,,,,,,,,
2026-07-08T20:00:58.115977+00:00,2026-07-08T20:00:58.115946,2,1,150.85,0.5,150.6,57,150.5,100,,,,,,,,,,,,,,,,,151.1,150,,,,,,,,,,,,,,,,,,
2026-07-08T20:00:58.171085+00:00,2026-07-08T20:00:58.170956,2,2,150.8,0.4,150.6,57,150.5,100,,,,,,,,,,,,,,,,,151.0,100,151.1,150,,,,,,,,,,,,,,,,
2026-07-08T20:00:58.888846+00:00,2026-07-08T20:00:58.888667,1,1,150.75,0.5,150.5,100,,,,,,,,,,,,,,,,,,,151.0,100,,,,,,,,,,,,,,,,,,
2026-07-08T20:00:58.938650+00:00,2026-07-08T20:00:58.938569,2,1,150.75,0.5,150.5,100,150.3,150,,,,,,,,,,,,,,,,,151.0,100,,,,,,,,,,,,,,,,,,
2026-07-08T20:00:58.994273+00:00,2026-07-08T20:00:58.994413,2,2,150.65,0.3,150.5,100,150.3,150,,,,,,,,,,,,,,,,,150.8,150,151.0,100,,,,,,,,,,,,,,,,
2026-07-08T20:00:59.813026+00:00,2026-07-08T20:00:59.812913,2,2,150.65,0.3,150.5,51,150.3,150,,,,,,,,,,,,,,,,,150.8,150,151.0,100,,,,,,,,,,,,,,,,
2026-07-08T20:01:01.220974+00:00,2026-07-08T20:01:01.220897,2,1,150.65,0.3,150.5,51,150.3,150,,,,,,,,,,,,,,,,,150.8,150,,,,,,,,,,,,,,,,,,
2026-07-08T20:01:01.225998+00:00,2026-07-08T20:01:01.226082,1,1,150.55,0.5,150.3,150,,,,,,,,,,,,,,,,,,,150.8,150,,,,,,,,,,,,,,,,,,
2026-07-08T20:01:01.280312+00:00,2026-07-08T20:01:01.280251,1,1,150.55,0.5,150.3,250,,,,,,,,,,,,,,,,,,,150.8,150,,,,,,,,,,,,,,,,,,
2026-07-08T20:01:01.333274+00:00,2026-07-08T20:01:01.333168,1,1,150.55,0.5,150.3,250,,,,,,,,,,,,,,,,,,,150.8,250,,,,,,,,,,,,,,,,,,
2026-07-08T20:01:01.717398+00:00,2026-07-08T20:01:01.711024,1,1,150.55,0.5,150.3,250,,,,,,,,,,,,,,,,,,,150.8,247,,,,,,,,,,,,,,,,,,
2026-07-08T20:01:01.794032+00:00,2026-07-08T20:01:01.794187,1,1,150.55,0.5,150.3,200,,,,,,,,,,,,,,,,,,,150.8,247,,,,,,,,,,,,,,,,,,
2026-07-08T20:01:01.985190+00:00,2026-07-08T20:01:01.985079,1,1,150.55,0.5,150.3,200,,,,,,,,,,,,,,,,,,,150.8,203,,,,,,,,,,,,,,,,,,
2026-07-08T20:01:02.058659+00:00,2026-07-08T20:01:02.058555,1,1,150.55,0.5,150.3,100,,,,,,,,,,,,,,,,,,,150.8,100,,,,,,,,,,,,,,,,,,
2026-07-08T20:01:02.120772+00:00,2026-07-08T20:01:02.120643,2,1,150.55,0.5,150.3,100,150.2,150,,,,,,,,,,,,,,,,,150.8,100,,,,,,,,,,,,,,,,,,
2026-07-08T20:01:02.170034+00:00,2026-07-08T20:01:02.170152,2,2,150.5,0.4,150.3,100,150.2,150,,,,,,,,,,,,,,,,,150.7,150,150.8,100,,,,,,,,,,,,,,,,
2026-07-08T20:01:03.092423+00:00,2026-07-08T20:01:03.092288,2,2,150.5,0.4,150.3,100,150.2,150,,,,,,,,,,,,,,,,,150.7,101,150.8,100,,,,,,,,,,,,,,,,
2026-07-08T20:01:03.901750+00:00,2026-07-08T20:01:03.901656,2,2,150.5,0.4,150.3,50,150.2,150,,,,,,,,,,,,,,,,,150.7,101,150.8,100,,,,,,,,,,,,,,,,
2026-07-08T20:01:04.400817+00:00,2026-07-08T20:01:04.400740,1,1,150.45,0.5,150.2,150,,,,,,,,,,,,,,,,,,,150.7,101,,,,,,,,,,,,,,,,,,
2026-07-08T20:01:04.458689+00:00,2026-07-08T20:01:04.454238,2,1,150.45,0.5,150.2,150,149.9,100,,,,,,,,,,,,,,,,,150.7,101,,,,,,,,,,,,,,,,,,
2026-07-08T20:01:04.508016+00:00,2026-07-08T20:01:04.507912,2,2,150.3,0.2,150.2,150,149.9,100,,,,,,,,,,,,,,,,,150.4,100,150.7,101,,,,,,,,,,,,,,,,
2026-07-08T20:01:05.225970+00:00,2026-07-08T20:01:05.226117,1,1,150.15,0.5,149.9,100,,,,,,,,,,,,,,,,,,,150.4,100,,,,,,,,,,,,,,,,,,
2026-07-08T20:01:05.283599+00:00,2026-07-08T20:01:05.283721,2,1,150.25,0.3,150.1,150,149.9,100,,,,,,,,,,,,,,,,,150.4,100,,,,,,,,,,,,,,,,,,
2026-07-08T20:01:05.336671+00:00,2026-07-08T20:01:05.336562,2,2,150.25,0.3,150.1,150,149.9,100,,,,,,,,,,,,,,,,,150.4,100,150.6,150,,,,,,,,,,,,,,,,
2026-07-08T20:01:06.010092+00:00,2026-07-08T20:01:06.010010,2,2,150.25,0.3,150.1,100,149.9,100,,,,,,,,,,,,,,,,,150.4,100,150.6,150,,,,,,,,,,,,,,,,
2026-07-08T20:01:06.603975+00:00,2026-07-08T20:01:06.603861,2,2,150.25,0.3,150.1,100,149.9,100,,,,,,,,,,,,,,,,,150.4,60,150.6,150,,,,,,,,,,,,,,,,
2026-07-08T20:01:07.169921+00:00,2026-07-08T20:01:07.170063,2,2,150.25,0.3,150.1,57,149.9,100,,,,,,,,,,,,,,,,,150.4,60,150.6,150,,,,,,,,,,,,,,,,
2026-07-08T20:01:07.566986+00:00,2026-07-08T20:01:07.566961,1,1,150.35,0.5,150.1,57,,,,,,,,,,,,,,,,,,,150.6,150,,,,,,,,,,,,,,,,,,
2026-07-08T20:01:07.615910+00:00,2026-07-08T20:01:07.615771,2,1,150.35,0.5,150.1,57,149.9,100,,,,,,,,,,,,,,,,,150.6,150,,,,,,,,,,,,,,,,,,
2026-07-08T20:01:07.668782+00:00,2026-07-08T20:01:07.668925,2,2,150.25,0.3,150.1,57,149.9,100,,,,,,,,,,,,,,,,,150.4,100,150.6,150,,,,,,,,,,,,,,,,
2026-07-08T20:01:08.116050+00:00,2026-07-08T20:01:08.116274,2,2,150.25,0.3,150.1,7,149.9,100,,,,,,,,,,,,,,,,,150.4,100,150.6,150,,,,,,,,,,,,,,,,
2026-07-08T20:01:08.390508+00:00,2026-07-08T20:01:08.390436,1,1,150.15,0.5,149.9,100,,,,,,,,,,,,,,,,,,,150.4,100,,,,,,,,,,,,,,,,,,
2026-07-08T20:01:08.444397+00:00,2026-07-08T20:01:08.444218,2,1,150.15,0.5,149.9,100,149.6,150,,,,,,,,,,,,,,,,,150.4,100,,,,,,,,,,,,,,,,,,
2026-07-08T20:01:08.500279+00:00,2026-07-08T20:01:08.500366,2,2,150.0,0.2,149.9,100,149.6,150,,,,,,,,,,,,,,,,,150.1,150,150.4,100,,,,,,,,,,,,,,,,
2026-07-08T20:01:08.514677+00:00,2026-07-08T20:01:08.505535,2,2,150.0,0.2,149.9,100,149.6,150,,,,,,,,,,,,,,,,,150.1,116,150.4,100,,,,,,,,,,,,,,,,
2026-07-08T20:01:08.685068+00:00,2026-07-08T20:01:08.684892,2,2,150.0,0.2,149.9,55,149.6,150,,,,,,,,,,,,,,,,,150.1,116,150.4,100,,,,,,,,,,,,,,,,
2026-07-08T20:01:10.225399+00:00,2026-07-08T20:01:10.225288,2,2,150.0,0.2,149.9,5,149.6,150,,,,,,,,,,,,,,,,,150.1,116,150.4,100,,,,,,,,,,,,,,,,
2026-07-08T20:01:10.724937+00:00,2026-07-08T20:01:10.724815,1,1,149.85,0.5,149.6,150,,,,,,,,,,,,,,,,,,,150.1,116,,,,,,,,,,,,,,,,,,
2026-07-08T20:01:10.779302+00:00,2026-07-08T20:01:10.779387,1,1,149.85,0.5,149.6,250,,,,,,,,,,,,,,,,,,,150.1,116,,,,,,,,,,,,,,,,,,
2026-07-08T20:01:10.828143+00:00,2026-07-08T20:01:10.828061,1,1,149.85,0.5,149.6,250,,,,,,,,,,,,,,,,,,,150.1,216,,,,,,,,,,,,,,,,,,
2026-07-08T20:01:11.558665+00:00,2026-07-08T20:01:11.553977,1,1,149.85,0.5,149.6,100,,,,,,,,,,,,,,,,,,,150.1,100,,,,,,,,,,,,,,,,,,
2026-07-08T20:01:11.608778+00:00,2026-07-08T20:01:11.608645,2,1,149.9,0.4,149.7,150,149.6,100,,,,,,,,,,,,,,,,,150.1,100,,,,,,,,,,,,,,,,,,
2026-07-08T20:01:11.658702+00:00,2026-07-08T20:01:11.658882,2,2,149.9,0.4,149.7,150,149.6,100,,,,,,,,,,,,,,,,,150.1,100,150.2,150,,,,,,,,,,,,,,,,
2026-07-08T20:01:12.333164+00:00,2026-07-08T20:01:12.333080,2,2,149.9,0.4,149.7,100,149.6,100,,,,,,,,,,,,,,,,,150.1,100,150.2,150,,,,,,,,,,,,,,,,
2026-07-08T20:01:13.888119+00:00,2026-07-08T20:01:13.887981,1,1,149.95,0.5,149.7,100,,,,,,,,,,,,,,,,,,,150.2,150,,,,,,,,,,,,,,,,,,
2026-07-08T20:01:13.940809+00:00,2026-07-08T20:01:13.940722,2,1,149.95,0.5,149.7,100,149.3,100,,,,,,,,,,,,,,,,,150.2,150,,,,,,,,,,,,,,,,,,
2026-07-08T20:01:13.996679+00:00,2026-07-08T20:01:13.996772,2,2,149.75,0.1,149.7,100,149.3,100,,,,,,,,,,,,,,,,,149.8,100,150.2,150,,,,,,,,,,,,,,,,
2026-07-08T20:01:14.442330+00:00,2026-07-08T20:01:14.442207,2,2,149.75,0.1,149.7,50,149.3,100,,,,,,,,,,,,,,,,,149.8,100,150.2,150,,,,,,,,,,,,,,,,
2026-07-08T20:01:14.509773+00:00,2026-07-08T20:01:14.509652,2,2,149.75,0.1,149.7,50,149.3,100,,,,,,,,,,,,,,,,,149.8,57,150.2,150,,,,,,,,,,,,,,,,
2026-07-08T20:01:14.742716+00:00,2026-07-08T20:01:14.742467,1,1,149.55,0.5,149.3,100,,,,,,,,,,,,,,,,,,,149.8,57,,,,,,,,,,,,,,,,,,
2026-07-08T20:01:14.787542+00:00,2026-07-08T20:01:14.787506,2,1,149.55,0.5,149.3,100,149.0,150,,,,,,,,,,,,,,,,,149.8,57,,,,,,,,,,,,,,,,,,
2026-07-08T20:01:14.839979+00:00,2026-07-08T20:01:14.839861,2,2,149.4,0.2,149.3,100,149.0,150,,,,,,,,,,,,,,,,,149.5,150,149.8,57,,,,,,,,,,,,,,,,
2026-07-08T20:01:14.854601+00:00,2026-07-08T20:01:14.848951,2,2,149.4,0.2,149.3,100,149.0,150,,,,,,,,,,,,,,,,,149.5,116,149.8,57,,,,,,,,,,,,,,,,
2026-07-08T20:01:16.510086+00:00,2026-07-08T20:01:16.509979,2,2,149.4,0.2,149.3,100,149.0,150,,,,,,,,,,,,,,,,,149.5,66,149.8,57,,,,,,,,,,,,,,,,
2026-07-08T20:01:16.607585+00:00,2026-07-08T20:01:16.607725,2,2,149.4,0.2,149.3,100,149.0,150,,,,,,,,,,,,,,,,,149.5,21,149.8,57,,,,,,,,,,,,,,,,
2026-07-08T20:01:17.058646+00:00,2026-07-08T20:01:17.051277,1,1,149.25,0.5,149.0,150,,,,,,,,,,,,,,,,,,,149.5,21,,,,,,,,,,,,,,,,,,
2026-07-08T20:01:17.121415+00:00,2026-07-08T20:01:17.121316,2,0,,,149.5,79,149.0,150,,,,,,,,,,,,,,,,,,,,,,,,,,,,,,,,,,,,
2026-07-08T20:01:17.169668+00:00,2026-07-08T20:01:17.169556,2,1,149.75,0.5,149.5,79,149.0,150,,,,,,,,,,,,,,,,,150.0,100,,,,,,,,,,,,,,,,,,
2026-07-08T20:01:17.190416+00:00,2026-07-08T20:01:17.190577,2,1,149.75,0.5,149.5,34,149.0,150,,,,,,,,,,,,,,,,,150.0,100,,,,,,,,,,,,,,,,,,
2026-07-08T20:01:17.717115+00:00,2026-07-08T20:01:17.713085,2,1,149.75,0.5,149.5,23,149.0,150,,,,,,,,,,,,,,,,,150.0,100,,,,,,,,,,,,,,,,,,
2026-07-08T20:01:17.894902+00:00,2026-07-08T20:01:17.894842,1,1,149.75,0.5,149.5,23,,,,,,,,,,,,,,,,,,,150.0,100,,,,,,,,,,,,,,,,,,
2026-07-08T20:01:17.947797+00:00,2026-07-08T20:01:17.947510,2,1,149.75,0.5,149.5,23,149.4,150,,,,,,,,,,,,,,,,,150.0,100,,,,,,,,,,,,,,,,,,
2026-07-08T20:01:18.001560+00:00,2026-07-08T20:01:18.001507,2,2,149.7,0.4,149.5,23,149.4,150,,,,,,,,,,,,,,,,,149.9,150,150.0,100,,,,,,,,,,,,,,,,
2026-07-08T20:01:18.203607+00:00,2026-07-08T20:01:18.203440,2,2,149.7,0.4,149.5,23,149.4,150,,,,,,,,,,,,,,,,,149.9,101,150.0,100,,,,,,,,,,,,,,,,
2026-07-08T20:01:20.152121+00:00,2026-07-08T20:01:20.146795,1,2,149.65,0.5,149.4,150,,,,,,,,,,,,,,,,,,,149.9,101,150.0,100,,,,,,,,,,,,,,,,
2026-07-08T20:01:20.226681+00:00,2026-07-08T20:01:20.226510,1,1,149.65,0.5,149.4,150,,,,,,,,,,,,,,,,,,,149.9,101,,,,,,,,,,,,,,,,,,
2026-07-08T20:01:20.280396+00:00,2026-07-08T20:01:20.280328,2,1,149.65,0.5,149.4,150,148.8,100,,,,,,,,,,,,,,,,,149.9,101,,,,,,,,,,,,,,,,,,
2026-07-08T20:01:20.333915+00:00,2026-07-08T20:01:20.333833,2,1,149.65,0.5,149.4,50,148.8,100,,,,,,,,,,,,,,,,,149.9,101,,,,,,,,,,,,,,,,,,
2026-07-08T20:01:20.719223+00:00,2026-07-08T20:01:20.719091,2,1,149.65,0.5,149.4,50,148.8,100,,,,,,,,,,,,,,,,,149.9,51,,,,,,,,,,,,,,,,,,
2026-07-08T20:01:21.057066+00:00,2026-07-08T20:01:21.056995,1,0,,,148.8,100,,,,,,,,,,,,,,,,,,,,,,,,,,,,,,,,,,,,,,
2026-07-08T20:01:21.111971+00:00,2026-07-08T20:01:21.111797,2,0,,,149.3,150,148.8,100,,,,,,,,,,,,,,,,,,,,,,,,,,,,,,,,,,,,
2026-07-08T20:01:21.164901+00:00,2026-07-08T20:01:21.164824,2,1,149.5,0.4,149.3,150,148.8,100,,,,,,,,,,,,,,,,,149.7,150,,,,,,,,,,,,,,,,,,
2026-07-08T20:01:21.958592+00:00,2026-07-08T20:01:21.958059,2,1,149.5,0.4,149.3,109,148.8,100,,,,,,,,,,,,,,,,,149.7,150,,,,,,,,,,,,,,,,,,
2026-07-08T20:01:22.479354+00:00,2026-07-08T20:01:22.479208,2,1,149.5,0.4,149.3,61,148.8,100,,,,,,,,,,,,,,,,,149.7,150,,,,,,,,,,,,,,,,,,
2026-07-08T20:01:22.825697+00:00,2026-07-08T20:01:22.825838,2,1,149.5,0.4,149.3,61,148.8,100,,,,,,,,,,,,,,,,,149.7,100,,,,,,,,,,,,,,,,,,
2026-07-08T20:01:23.390324+00:00,2026-07-08T20:01:23.390267,1,1,149.5,0.4,149.3,61,,,,,,,,,,,,,,,,,,,149.7,100,,,,,,,,,,,,,,,,,,
2026-07-08T20:01:23.438912+00:00,2026-07-08T20:01:23.438801,2,1,149.5,0.4,149.3,61,149.0,100,,,,,,,,,,,,,,,,,149.7,100,,,,,,,,,,,,,,,,,,
2026-07-08T20:01:23.496073+00:00,2026-07-08T20:01:23.495923,2,2,149.4,0.2,149.3,61,149.0,100,,,,,,,,,,,,,,,,,149.5,100,149.7,100,,,,,,,,,,,,,,,,
2026-07-08T20:01:24.163976+00:00,2026-07-08T20:01:24.163843,2,2,149.4,0.2,149.3,61,149.0,100,,,,,,,,,,,,,,,,,149.5,51,149.7,100,,,,,,,,,,,,,,,,
2026-07-08T20:01:24.214264+00:00,2026-07-08T20:01:24.214482,1,1,149.25,0.5,149.0,100,,,,,,,,,,,,,,,,,,,149.5,51,,,,,,,,,,,,,,,,,,
2026-07-08T20:01:24.272763+00:00,2026-07-08T20:01:24.272643,2,1,149.25,0.5,149.0,100,148.6,150,,,,,,,,,,,,,,,,,149.5,51,,,,,,,,,,,,,,,,,,
2026-07-08T20:01:24.325229+00:00,2026-07-08T20:01:24.325176,2,2,149.05,0.1,149.0,100,148.6,150,,,,,,,,,,,,,,,,,149.1,150,149.5,51,,,,,,,,,,,,,,,,
2026-07-08T20:01:24.933248+00:00,2026-07-08T20:01:24.933084,2,2,149.05,0.1,149.0,100,148.6,150,,,,,,,,,,,,,,,,,149.1,100,149.5,51,,,,,,,,,,,,,,,,
2026-07-08T20:01:25.356626+00:00,2026-07-08T20:01:25.350490,2,2,149.05,0.1,149.0,100,148.6,150,,,,,,,,,,,,,,,,,149.1,77,149.5,51,,,,,,,,,,,,,,,,
2026-07-08T20:01:26.552175+00:00,2026-07-08T20:01:26.552054,1,1,148.85,0.5,148.6,150,,,,,,,,,,,,,,,,,,,149.1,77,,,,,,,,,,,,,,,,,,
2026-07-08T20:01:26.607306+00:00,2026-07-08T20:01:26.607147,2,0,,,149.2,23,148.6,150,,,,,,,,,,,,,,,,,,,,,,,,,,,,,,,,,,,,
2026-07-08T20:01:26.668966+00:00,2026-07-08T20:01:26.668855,2,1,149.45,0.5,149.2,23,148.6,150,,,,,,,,,,,,,,,,,149.7,100,,,,,,,,,,,,,,,,,,
2026-07-08T20:01:27.058594+00:00,2026-07-08T20:01:27.054153,2,1,149.45,0.5,149.2,23,148.6,150,,,,,,,,,,,,,,,,,149.7,50,,,,,,,,,,,,,,,,,,
2026-07-08T20:01:27.343578+00:00,2026-07-08T20:01:27.343444,2,1,149.45,0.5,149.2,23,148.6,150,,,,,,,,,,,,,,,,,149.7,9,,,,,,,,,,,,,,,,,,
2026-07-08T20:01:27.378650+00:00,2026-07-08T20:01:27.378555,1,1,149.45,0.5,149.2,23,,,,,,,,,,,,,,,,,,,149.7,9,,,,,,,,,,,,,,,,,,
2026-07-08T20:01:27.420531+00:00,2026-07-08T20:01:27.420430,0,1,,,,,,,,,,,,,,,,,,,,,,,149.7,9,,,,,,,,,,,,,,,,,,
2026-07-08T20:01:27.442529+00:00,2026-07-08T20:01:27.436288,1,1,149.5,0.4,149.3,139,,,,,,,,,,,,,,,,,,,149.7,9,,,,,,,,,,,,,,,,,,
2026-07-08T20:01:27.483323+00:00,2026-07-08T20:01:27.483228,1,2,149.5,0.4,149.3,139,,,,,,,,,,,,,,,,,,,149.7,9,149.8,150,,,,,,,,,,,,,,,,
2026-07-08T20:01:28.126215+00:00,2026-07-08T20:01:28.119882,1,2,149.5,0.4,149.3,127,,,,,,,,,,,,,,,,,,,149.7,9,149.8,150,,,,,,,,,,,,,,,,
2026-07-08T20:01:29.724379+00:00,2026-07-08T20:01:29.724289,1,1,149.55,0.5,149.3,127,,,,,,,,,,,,,,,,,,,149.8,150,,,,,,,,,,,,,,,,,,
2026-07-08T20:01:29.776784+00:00,2026-07-08T20:01:29.776637,2,1,149.55,0.5,149.3,127,149.0,100,,,,,,,,,,,,,,,,,149.8,150,,,,,,,,,,,,,,,,,,
2026-07-08T20:01:29.834989+00:00,2026-07-08T20:01:29.834862,2,2,149.4,0.2,149.3,127,149.0,100,,,,,,,,,,,,,,,,,149.5,100,149.8,150,,,,,,,,,,,,,,,,
2026-07-08T20:01:29.979290+00:00,2026-07-08T20:01:29.979234,2,2,149.4,0.2,149.3,85,149.0,100,,,,,,,,,,,,,,,,,149.5,100,149.8,150,,,,,,,,,,,,,,,,
2026-07-08T20:01:30.548383+00:00,2026-07-08T20:01:30.548184,1,1,149.25,0.5,149.0,100,,,,,,,,,,,,,,,,,,,149.5,100,,,,,,,,,,,,,,,,,,
2026-07-08T20:01:30.598335+00:00,2026-07-08T20:01:30.598212,2,1,149.3,0.4,149.1,150,149.0,100,,,,,,,,,,,,,,,,,149.5,100,,,,,,,,,,,,,,,,,,
2026-07-08T20:01:30.650976+00:00,2026-07-08T20:01:30.650922,2,2,149.3,0.4,149.1,150,149.0,100,,,,,,,,,,,,,,,,,149.5,100,149.6,150,,,,,,,,,,,,,,,,
2026-07-08T20:01:31.084677+00:00,2026-07-08T20:01:31.084594,2,2,149.3,0.4,149.1,150,149.0,100,,,,,,,,,,,,,,,,,149.5,57,149.6,150,,,,,,,,,,,,,,,,
2026-07-08T20:01:31.332746+00:00,2026-07-08T20:01:31.332881,2,2,149.3,0.4,149.1,100,149.0,100,,,,,,,,,,,,,,,,,149.5,57,149.6,150,,,,,,,,,,,,,,,,
2026-07-08T20:01:31.617916+00:00,2026-07-08T20:01:31.617800,2,2,149.3,0.4,149.1,100,149.0,100,,,,,,,,,,,,,,,,,149.5,14,149.6,150,,,,,,,,,,,,,,,,
2026-07-08T20:01:32.885503+00:00,2026-07-08T20:01:32.885386,1,1,149.35,0.5,149.1,100,,,,,,,,,,,,,,,,,,,149.6,150,,,,,,,,,,,,,,,,,,
2026-07-08T20:01:32.941760+00:00,2026-07-08T20:01:32.941861,2,1,149.5,0.2,149.4,100,149.1,100,,,,,,,,,,,,,,,,,149.6,150,,,,,,,,,,,,,,,,,,
2026-07-08T20:01:32.997058+00:00,2026-07-08T20:01:32.996979,2,2,149.5,0.2,149.4,100,149.1,100,,,,,,,,,,,,,,,,,149.6,150,149.9,100,,,,,,,,,,,,,,,,
2026-07-08T20:01:33.244271+00:00,2026-07-08T20:01:33.244388,2,2,149.5,0.2,149.4,60,149.1,100,,,,,,,,,,,,,,,,,149.6,150,149.9,100,,,,,,,,,,,,,,,,
2026-07-08T20:01:33.707686+00:00,2026-07-08T20:01:33.707582,1,1,149.65,0.5,149.4,60,,,,,,,,,,,,,,,,,,,149.9,100,,,,,,,,,,,,,,,,,,
2026-07-08T20:01:33.758619+00:00,2026-07-08T20:01:33.757622,2,1,149.65,0.5,149.4,60,148.8,150,,,,,,,,,,,,,,,,,149.9,100,,,,,,,,,,,,,,,,,,
2026-07-08T20:01:33.816363+00:00,2026-07-08T20:01:33.816222,1,2,149.05,0.5,148.8,150,,,,,,,,,,,,,,,,,,,149.3,90,149.9,100,,,,,,,,,,,,,,,,
2026-07-08T20:01:36.050885+00:00,2026-07-08T20:01:36.050742,1,1,149.05,0.5,148.8,150,,,,,,,,,,,,,,,,,,,149.3,90,,,,,,,,,,,,,,,,,,
2026-07-08T20:01:36.104624+00:00,2026-07-08T20:01:36.104489,2,1,149.1,0.4,148.9,100,148.8,150,,,,,,,,,,,,,,,,,149.3,90,,,,,,,,,,,,,,,,,,
2026-07-08T20:01:36.158679+00:00,2026-07-08T20:01:36.151291,2,2,149.1,0.4,148.9,100,148.8,150,,,,,,,,,,,,,,,,,149.3,90,149.4,100,,,,,,,,,,,,,,,,
2026-07-08T20:01:36.872375+00:00,2026-07-08T20:01:36.872203,1,1,149.15,0.5,148.9,100,,,,,,,,,,,,,,,,,,,149.4,100,,,,,,,,,,,,,,,,,,
2026-07-08T20:01:36.924910+00:00,2026-07-08T20:01:36.924846,2,1,149.2,0.4,149.0,150,148.9,100,,,,,,,,,,,,,,,,,149.4,100,,,,,,,,,,,,,,,,,,
2026-07-08T20:01:36.975671+00:00,2026-07-08T20:01:36.975567,2,2,149.2,0.4,149.0,150,148.9,100,,,,,,,,,,,,,,,,,149.4,100,149.5,150,,,,,,,,,,,,,,,,
2026-07-08T20:01:37.623165+00:00,2026-07-08T20:01:37.623125,2,2,149.2,0.4,149.0,150,148.9,100,,,,,,,,,,,,,,,,,149.4,50,149.5,150,,,,,,,,,,,,,,,,
2026-07-08T20:01:39.211295+00:00,2026-07-08T20:01:39.211178,1,1,149.25,0.5,149.0,150,,,,,,,,,,,,,,,,,,,149.5,150,,,,,,,,,,,,,,,,,,
2026-07-08T20:01:39.269050+00:00,2026-07-08T20:01:39.268805,2,1,149.35,0.3,149.2,100,149.0,150,,,,,,,,,,,,,,,,,149.5,150,,,,,,,,,,,,,,,,,,
2026-07-08T20:01:39.318209+00:00,2026-07-08T20:01:39.318148,2,2,149.35,0.3,149.2,100,149.0,150,,,,,,,,,,,,,,,,,149.5,150,149.7,100,,,,,,,,,,,,,,,,
2026-07-08T20:01:39.328729+00:00,2026-07-08T20:01:39.328612,2,2,149.35,0.3,149.2,100,149.0,150,,,,,,,,,,,,,,,,,149.5,102,149.7,100,,,,,,,,,,,,,,,,
2026-07-08T20:01:39.731627+00:00,2026-07-08T20:01:39.731768,2,2,149.35,0.3,149.2,100,149.0,150,,,,,,,,,,,,,,,,,149.5,52,149.7,100,,,,,,,,,,,,,,,,
2026-07-08T20:01:40.033404+00:00,2026-07-08T20:01:40.033330,1,1,149.45,0.5,149.2,100,,,,,,,,,,,,,,,,,,,149.7,100,,,,,,,,,,,,,,,,,,
2026-07-08T20:01:40.120149+00:00,2026-07-08T20:01:40.088248,2,1,149.5,0.4,149.3,139,149.2,100,,,,,,,,,,,,,,,,,149.7,100,,,,,,,,,,,,,,,,,,
2026-07-08T20:01:40.140669+00:00,2026-07-08T20:01:40.140756,2,2,149.5,0.4,149.3,139,149.2,100,,,,,,,,,,,,,,,,,149.7,100,149.8,150,,,,,,,,,,,,,,,,
2026-07-08T20:01:41.839262+00:00,2026-07-08T20:01:41.839127,2,2,149.5,0.4,149.3,139,149.2,100,,,,,,,,,,,,,,,,,149.7,50,149.8,150,,,,,,,,,,,,,,,,
2026-07-08T20:01:41.904987+00:00,2026-07-08T20:01:41.904943,2,2,149.5,0.4,149.3,93,149.2,100,,,,,,,,,,,,,,,,,149.7,50,149.8,150,,,,,,,,,,,,,,,,
2026-07-08T20:01:42.370023+00:00,2026-07-08T20:01:42.369994,1,1,149.55,0.5,149.3,93,,,,,,,,,,,,,,,,,,,149.8,150,,,,,,,,,,,,,,,,,,
2026-07-08T20:01:42.421211+00:00,2026-07-08T20:01:42.421319,1,1,149.55,0.5,149.3,193,,,,,,,,,,,,,,,,,,,149.8,150,,,,,,,,,,,,,,,,,,
2026-07-08T20:01:42.478373+00:00,2026-07-08T20:01:42.478456,1,1,149.55,0.5,149.3,193,,,,,,,,,,,,,,,,,,,149.8,250,,,,,,,,,,,,,,,,,,
2026-07-08T20:01:43.191976+00:00,2026-07-08T20:01:43.191865,1,1,149.55,0.5,149.3,100,,,,,,,,,,,,,,,,,,,149.8,100,,,,,,,,,,,,,,,,,,
2026-07-08T20:01:43.249006+00:00,2026-07-08T20:01:43.248912,1,1,149.55,0.5,149.3,250,,,,,,,,,,,,,,,,,,,149.8,100,,,,,,,,,,,,,,,,,,
2026-07-08T20:01:43.300915+00:00,2026-07-08T20:01:43.300891,1,1,149.55,0.5,149.3,250,,,,,,,,,,,,,,,,,,,149.8,250,,,,,,,,,,,,,,,,,,
2026-07-08T20:01:43.969217+00:00,2026-07-08T20:01:43.969041,1,1,149.55,0.5,149.3,207,,,,,,,,,,,,,,,,,,,149.8,200,,,,,,,,,,,,,,,,,,
2026-07-08T20:01:45.023773+00:00,2026-07-08T20:01:45.021577,1,1,149.55,0.5,149.3,207,,,,,,,,,,,,,,,,,,,149.8,155,,,,,,,,,,,,,,,,,,
2026-07-08T20:01:45.532245+00:00,2026-07-08T20:01:45.532171,1,1,149.55,0.5,149.3,150,,,,,,,,,,,,,,,,,,,149.8,150,,,,,,,,,,,,,,,,,,
2026-07-08T20:01:45.584838+00:00,2026-07-08T20:01:45.584757,1,1,149.55,0.5,149.3,250,,,,,,,,,,,,,,,,,,,149.8,150,,,,,,,,,,,,,,,,,,
2026-07-08T20:01:45.636188+00:00,2026-07-08T20:01:45.636103,1,1,149.55,0.5,149.3,250,,,,,,,,,,,,,,,,,,,149.8,250,,,,,,,,,,,,,,,,,,
2026-07-08T20:01:45.689189+00:00,2026-07-08T20:01:45.689110,1,1,149.55,0.5,149.3,201,,,,,,,,,,,,,,,,,,,149.8,250,,,,,,,,,,,,,,,,,,
2026-07-08T20:01:46.106973+00:00,2026-07-08T20:01:46.106877,1,1,149.55,0.5,149.3,151,,,,,,,,,,,,,,,,,,,149.8,250,,,,,,,,,,,,,,,,,,
2026-07-08T20:01:46.356818+00:00,2026-07-08T20:01:46.356703,1,1,149.55,0.5,149.3,100,,,,,,,,,,,,,,,,,,,149.8,100,,,,,,,,,,,,,,,,,,
2026-07-08T20:01:46.411679+00:00,2026-07-08T20:01:46.411595,2,1,149.55,0.5,149.3,100,148.8,150,,,,,,,,,,,,,,,,,149.8,100,,,,,,,,,,,,,,,,,,
2026-07-08T20:01:46.464514+00:00,2026-07-08T20:01:46.464655,1,2,149.05,0.5,148.8,150,,,,,,,,,,,,,,,,,,,149.3,50,149.8,100,,,,,,,,,,,,,,,,
2026-07-08T20:01:48.158585+00:00,2026-07-08T20:01:48.157467,1,1,149.3,1.0,148.8,150,,,,,,,,,,,,,,,,,,,149.8,100,,,,,,,,,,,,,,,,,,
2026-07-08T20:01:48.689775+00:00,2026-07-08T20:01:48.689668,1,0,,,148.8,150,,,,,,,,,,,,,,,,,,,,,,,,,,,,,,,,,,,,,,
2026-07-08T20:01:48.745831+00:00,2026-07-08T20:01:48.745743,2,0,,,149.2,100,148.8,150,,,,,,,,,,,,,,,,,,,,,,,,,,,,,,,,,,,,
2026-07-08T20:01:48.798337+00:00,2026-07-08T20:01:48.798244,2,1,149.45,0.5,149.2,100,148.8,150,,,,,,,,,,,,,,,,,149.7,100,,,,,,,,,,,,,,,,,,
2026-07-08T20:01:49.521781+00:00,2026-07-08T20:01:49.521686,1,1,149.45,0.5,149.2,100,,,,,,,,,,,,,,,,,,,149.7,100,,,,,,,,,,,,,,,,,,
2026-07-08T20:01:49.574561+00:00,2026-07-08T20:01:49.574441,2,1,149.5,0.4,149.3,150,149.2,100,,,,,,,,,,,,,,,,,149.7,100,,,,,,,,,,,,,,,,,,
2026-07-08T20:01:49.627599+00:00,2026-07-08T20:01:49.627538,2,2,149.5,0.4,149.3,150,149.2,100,,,,,,,,,,,,,,,,,149.7,100,149.8,150,,,,,,,,,,,,,,,,
2026-07-08T20:01:50.335605+00:00,2026-07-08T20:01:50.335474,2,2,149.5,0.4,149.3,100,149.2,100,,,,,,,,,,,,,,,,,149.7,100,149.8,150,,,,,,,,,,,,,,,,
2026-07-08T20:01:50.574656+00:00,2026-07-08T20:01:50.574579,2,2,149.5,0.4,149.3,100,149.2,100,,,,,,,,,,,,,,,,,149.7,60,149.8,150,,,,,,,,,,,,,,,,
2026-07-08T20:01:51.858568+00:00,2026-07-08T20:01:51.853580,1,1,149.55,0.5,149.3,100,,,,,,,,,,,,,,,,,,,149.8,150,,,,,,,,,,,,,,,,,,
2026-07-08T20:01:51.904573+00:00,2026-07-08T20:01:51.904503,2,1,149.65,0.3,149.5,100,149.3,100,,,,,,,,,,,,,,,,,149.8,150,,,,,,,,,,,,,,,,,,
2026-07-08T20:01:51.956287+00:00,2026-07-08T20:01:51.956398,2,2,149.65,0.3,149.5,100,149.3,100,,,,,,,,,,,,,,,,,149.8,150,150.0,100,,,,,,,,,,,,,,,,
2026-07-08T20:01:52.391957+00:00,2026-07-08T20:01:52.391852,2,2,149.65,0.3,149.5,100,149.3,100,,,,,,,,,,,,,,,,,149.8,100,150.0,100,,,,,,,,,,,,,,,,
2026-07-08T20:01:52.682022+00:00,2026-07-08T20:01:52.681970,1,1,149.75,0.5,149.5,100,,,,,,,,,,,,,,,,,,,150.0,100,,,,,,,,,,,,,,,,,,
2026-07-08T20:01:52.736396+00:00,2026-07-08T20:01:52.736488,2,1,149.85,0.3,149.7,150,149.5,100,,,,,,,,,,,,,,,,,150.0,100,,,,,,,,,,,,,,,,,,
2026-07-08T20:01:52.789405+00:00,2026-07-08T20:01:52.789318,2,2,149.85,0.3,149.7,150,149.5,100,,,,,,,,,,,,,,,,,150.0,100,150.2,150,,,,,,,,,,,,,,,,
2026-07-08T20:01:53.523759+00:00,2026-07-08T20:01:53.517564,2,2,149.85,0.3,149.7,138,149.5,100,,,,,,,,,,,,,,,,,150.0,100,150.2,150,,,,,,,,,,,,,,,,
2026-07-08T20:01:53.565801+00:00,2026-07-08T20:01:53.565779,2,2,149.85,0.3,149.7,98,149.5,100,,,,,,,,,,,,,,,,,150.0,100,150.2,150,,,,,,,,,,,,,,,,
2026-07-08T20:01:54.146023+00:00,2026-07-08T20:01:54.145818,2,2,149.85,0.3,149.7,49,149.5,100,,,,,,,,,,,,,,,,,150.0,100,150.2,150,,,,,,,,,,,,,,,,
2026-07-08T20:01:54.558633+00:00,2026-07-08T20:01:54.553002,1,2,149.75,0.5,149.5,99,,,,,,,,,,,,,,,,,,,150.0,100,150.2,150,,,,,,,,,,,,,,,,
2026-07-08T20:01:54.647378+00:00,2026-07-08T20:01:54.647233,1,2,149.75,0.5,149.5,99,,,,,,,,,,,,,,,,,,,150.0,60,150.2,150,,,,,,,,,,,,,,,,
2026-07-08T20:01:55.016044+00:00,2026-07-08T20:01:55.016238,0,1,,,,,,,,,,,,,,,,,,,,,,,150.2,150,,,,,,,,,,,,,,,,,,
2026-07-08T20:01:55.071507+00:00,2026-07-08T20:01:55.071391,1,1,149.85,0.7,149.5,100,,,,,,,,,,,,,,,,,,,150.2,150,,,,,,,,,,,,,,,,,,
2026-07-08T20:01:55.123899+00:00,2026-07-08T20:01:55.123790,1,2,149.75,0.5,149.5,100,,,,,,,,,,,,,,,,,,,150.0,100,150.2,150,,,,,,,,,,,,,,,,
2026-07-08T20:01:55.719257+00:00,2026-07-08T20:01:55.719198,1,2,149.75,0.5,149.5,100,,,,,,,,,,,,,,,,,,,150.0,51,150.2,150,,,,,,,,,,,,,,,,
2026-07-08T20:01:55.843958+00:00,2026-07-08T20:01:55.843866,1,1,149.75,0.5,149.5,100,,,,,,,,,,,,,,,,,,,150.0,51,,,,,,,,,,,,,,,,,,
2026-07-08T20:01:55.896702+00:00,2026-07-08T20:01:55.896573,2,1,149.75,0.5,149.5,100,149.0,150,,,,,,,,,,,,,,,,,150.0,51,,,,,,,,,,,,,,,,,,
2026-07-08T20:01:55.962553+00:00,2026-07-08T20:01:55.955911,1,2,149.25,0.5,149.0,150,,,,,,,,,,,,,,,,,,,149.5,38,150.0,51,,,,,,,,,,,,,,,,
2026-07-08T20:01:56.478867+00:00,2026-07-08T20:01:56.474782,1,2,149.25,0.5,149.0,150,,,,,,,,,,,,,,,,,,,149.5,15,150.0,51,,,,,,,,,,,,,,,,
2026-07-08T20:01:56.658572+00:00,2026-07-08T20:01:56.653872,1,2,149.25,0.5,149.0,100,,,,,,,,,,,,,,,,,,,149.5,15,150.0,51,,,,,,,,,,,,,,,,
2026-07-08T20:01:57.082066+00:00,2026-07-08T20:01:57.078000,1,1,149.5,1.0,149.0,100,,,,,,,,,,,,,,,,,,,150.0,51,,,,,,,,,,,,,,,,,,
2026-07-08T20:01:58.177349+00:00,2026-07-08T20:01:58.177452,1,0,,,149.0,100,,,,,,,,,,,,,,,,,,,,,,,,,,,,,,,,,,,,,,
2026-07-08T20:01:58.230722+00:00,2026-07-08T20:01:58.230581,2,0,,,150.1,100,149.0,100,,,,,,,,,,,,,,,,,,,,,,,,,,,,,,,,,,,,
2026-07-08T20:01:58.299770+00:00,2026-07-08T20:01:58.294183,2,1,150.35,0.5,150.1,62,149.0,100,,,,,,,,,,,,,,,,,150.6,100,,,,,,,,,,,,,,,,,,
2026-07-08T20:01:58.372822+00:00,2026-07-08T20:01:58.367147,2,1,150.35,0.5,150.1,39,149.0,100,,,,,,,,,,,,,,,,,150.6,100,,,,,,,,,,,,,,,,,,
2026-07-08T20:01:59.002353+00:00,2026-07-08T20:01:59.002324,1,1,150.35,0.5,150.1,39,,,,,,,,,,,,,,,,,,,150.6,100,,,,,,,,,,,,,,,,,,
2026-07-08T20:01:59.054835+00:00,2026-07-08T20:01:59.054978,2,1,150.35,0.5,150.1,39,149.7,150,,,,,,,,,,,,,,,,,150.6,100,,,,,,,,,,,,,,,,,,
2026-07-08T20:01:59.109658+00:00,2026-07-08T20:01:59.109851,2,2,150.15,0.1,150.1,39,149.7,150,,,,,,,,,,,,,,,,,150.2,150,150.6,100,,,,,,,,,,,,,,,,
2026-07-08T20:01:59.621352+00:00,2026-07-08T20:01:59.621286,2,2,150.15,0.1,150.1,39,149.7,150,,,,,,,,,,,,,,,,,150.2,101,150.6,100,,,,,,,,,,,,,,,,
2026-07-08T20:02:00.824553+00:00,2026-07-08T20:02:00.824501,2,2,150.15,0.1,150.1,39,149.7,150,,,,,,,,,,,,,,,,,150.2,51,150.6,100,,,,,,,,,,,,,,,,
2026-07-08T20:02:01.344162+00:00,2026-07-08T20:02:01.344088,1,1,149.95,0.5,149.7,150,,,,,,,,,,,,,,,,,,,150.2,51,,,,,,,,,,,,,,,,,,
2026-07-08T20:02:01.401760+00:00,2026-07-08T20:02:01.401655,1,1,149.95,0.5,149.7,250,,,,,,,,,,,,,,,,,,,150.2,51,,,,,,,,,,,,,,,,,,
2026-07-08T20:02:01.455410+00:00,2026-07-08T20:02:01.455263,1,1,149.95,0.5,149.7,250,,,,,,,,,,,,,,,,,,,150.2,151,,,,,,,,,,,,,,,,,,
2026-07-08T20:02:02.158610+00:00,2026-07-08T20:02:02.157470,1,1,149.95,0.5,149.7,100,,,,,,,,,,,,,,,,,,,150.2,100,,,,,,,,,,,,,,,,,,
2026-07-08T20:02:02.216774+00:00,2026-07-08T20:02:02.216727,2,0,,,150.3,50,149.7,100,,,,,,,,,,,,,,,,,,,,,,,,,,,,,,,,,,,,
2026-07-08T20:02:02.275680+00:00,2026-07-08T20:02:02.275633,2,1,150.55,0.5,150.3,50,149.7,100,,,,,,,,,,,,,,,,,150.8,150,,,,,,,,,,,,,,,,,,
2026-07-08T20:02:02.930739+00:00,2026-07-08T20:02:02.930673,2,1,150.55,0.5,150.3,50,149.7,100,,,,,,,,,,,,,,,,,150.8,100,,,,,,,,,,,,,,,,,,
2026-07-08T20:02:04.511093+00:00,2026-07-08T20:02:04.511058,1,1,150.55,0.5,150.3,50,,,,,,,,,,,,,,,,,,,150.8,100,,,,,,,,,,,,,,,,,,
2026-07-08T20:02:04.558648+00:00,2026-07-08T20:02:04.558507,2,1,150.55,0.5,150.3,50,150.0,100,,,,,,,,,,,,,,,,,150.8,100,,,,,,,,,,,,,,,,,,
2026-07-08T20:02:04.616108+00:00,2026-07-08T20:02:04.616249,2,2,150.4,0.2,150.3,50,150.0,100,,,,,,,,,,,,,,,,,150.5,100,150.8,100,,,,,,,,,,,,,,,,
2026-07-08T20:02:05.036157+00:00,2026-07-08T20:02:05.035815,2,2,150.4,0.2,150.3,50,150.0,100,,,,,,,,,,,,,,,,,150.5,50,150.8,100,,,,,,,,,,,,,,,,
2026-07-08T20:02:05.329727+00:00,2026-07-08T20:02:05.329640,1,1,150.25,0.5,150.0,100,,,,,,,,,,,,,,,,,,,150.5,50,,,,,,,,,,,,,,,,,,
2026-07-08T20:02:05.380494+00:00,2026-07-08T20:02:05.380380,2,1,150.3,0.4,150.1,150,150.0,100,,,,,,,,,,,,,,,,,150.5,50,,,,,,,,,,,,,,,,,,
2026-07-08T20:02:05.430272+00:00,2026-07-08T20:02:05.430432,2,2,150.3,0.4,150.1,150,150.0,100,,,,,,,,,,,,,,,,,150.5,50,150.6,150,,,,,,,,,,,,,,,,
2026-07-08T20:02:06.014418+00:00,2026-07-08T20:02:06.014306,2,2,150.3,0.4,150.1,103,150.0,100,,,,,,,,,,,,,,,,,150.5,50,150.6,150,,,,,,,,,,,,,,,,
2026-07-08T20:02:07.145912+00:00,2026-07-08T20:02:07.145791,2,1,150.35,0.5,150.1,103,150.0,100,,,,,,,,,,,,,,,,,150.6,150,,,,,,,,,,,,,,,,,,
2026-07-08T20:02:07.669036+00:00,2026-07-08T20:02:07.668914,1,1,150.35,0.5,150.1,103,,,,,,,,,,,,,,,,,,,150.6,150,,,,,,,,,,,,,,,,,,
2026-07-08T20:02:07.727177+00:00,2026-07-08T20:02:07.727306,2,1,150.45,0.3,150.3,100,150.1,103,,,,,,,,,,,,,,,,,150.6,150,,,,,,,,,,,,,,,,,,
2026-07-08T20:02:07.781036+00:00,2026-07-08T20:02:07.780884,2,2,150.45,0.3,150.3,100,150.1,103,,,,,,,,,,,,,,,,,150.6,150,150.8,100,,,,,,,,,,,,,,,,
2026-07-08T20:02:08.488857+00:00,2026-07-08T20:02:08.488956,1,1,150.55,0.5,150.3,100,,,,,,,,,,,,,,,,,,,150.8,100,,,,,,,,,,,,,,,,,,
2026-07-08T20:02:08.542011+00:00,2026-07-08T20:02:08.541943,2,1,150.55,0.5,150.3,100,149.9,150,,,,,,,,,,,,,,,,,150.8,100,,,,,,,,,,,,,,,,,,
2026-07-08T20:02:08.590081+00:00,2026-07-08T20:02:08.590210,2,2,150.35,0.1,150.3,100,149.9,150,,,,,,,,,,,,,,,,,150.4,150,150.8,100,,,,,,,,,,,,,,,,
2026-07-08T20:02:09.248197+00:00,2026-07-08T20:02:09.248137,2,2,150.35,0.1,150.3,100,149.9,150,,,,,,,,,,,,,,,,,150.4,100,150.8,100,,,,,,,,,,,,,,,,
2026-07-08T20:02:09.597379+00:00,2026-07-08T20:02:09.597202,2,2,150.35,0.1,150.3,55,149.9,150,,,,,,,,,,,,,,,,,150.4,100,150.8,100,,,,,,,,,,,,,,,,
2026-07-08T20:02:10.631080+00:00,2026-07-08T20:02:10.631037,2,2,150.35,0.1,150.3,55,149.9,150,,,,,,,,,,,,,,,,,150.4,58,150.8,100,,,,,,,,,,,,,,,,
2026-07-08T20:02:10.687286+00:00,2026-07-08T20:02:10.687231,2,2,150.35,0.1,150.3,9,149.9,150,,,,,,,,,,,,,,,,,150.4,58,150.8,100,,,,,,,,,,,,,,,,
2026-07-08T20:02:10.833762+00:00,2026-07-08T20:02:10.833713,2,1,150.35,0.1,150.3,9,149.9,150,,,,,,,,,,,,,,,,,150.4,58,,,,,,,,,,,,,,,,,,
2026-07-08T20:02:10.838962+00:00,2026-07-08T20:02:10.838858,1,1,150.15,0.5,149.9,150,,,,,,,,,,,,,,,,,,,150.4,58,,,,,,,,,,,,,,,,,,
2026-07-08T20:02:10.892768+00:00,2026-07-08T20:02:10.892684,2,1,150.2,0.4,150.0,100,149.9,150,,,,,,,,,,,,,,,,,150.4,58,,,,,,,,,,,,,,,,,,
2026-07-08T20:02:10.958568+00:00,2026-07-08T20:02:10.951399,2,2,150.2,0.4,150.0,100,149.9,150,,,,,,,,,,,,,,,,,150.4,58,150.5,100,,,,,,,,,,,,,,,,
2026-07-08T20:02:11.358621+00:00,2026-07-08T20:02:11.357955,2,2,150.2,0.4,150.0,100,149.9,150,,,,,,,,,,,,,,,,,150.4,8,150.5,100,,,,,,,,,,,,,,,,
2026-07-08T20:02:11.648067+00:00,2026-07-08T20:02:11.647992,1,1,150.25,0.5,150.0,100,,,,,,,,,,,,,,,,,,,150.5,100,,,,,,,,,,,,,,,,,,
2026-07-08T20:02:11.699832+00:00,2026-07-08T20:02:11.699908,2,1,150.45,0.1,150.4,150,150.0,100,,,,,,,,,,,,,,,,,150.5,100,,,,,,,,,,,,,,,,,,
2026-07-08T20:02:11.711660+00:00,2026-07-08T20:02:11.705518,2,1,150.45,0.1,150.4,147,150.0,100,,,,,,,,,,,,,,,,,150.5,100,,,,,,,,,,,,,,,,,,
2026-07-08T20:02:11.753321+00:00,2026-07-08T20:02:11.753252,2,2,150.45,0.1,150.4,147,150.0,100,,,,,,,,,,,,,,,,,150.5,100,150.9,150,,,,,,,,,,,,,,,,
2026-07-08T20:02:11.768927+00:00,2026-07-08T20:02:11.768833,2,2,150.45,0.1,150.4,147,150.0,100,,,,,,,,,,,,,,,,,150.5,51,150.9,150,,,,,,,,,,,,,,,,
2026-07-08T20:02:13.516354+00:00,2026-07-08T20:02:13.516181,2,2,150.45,0.1,150.4,97,150.0,100,,,,,,,,,,,,,,,,,150.5,51,150.9,150,,,,,,,,,,,,,,,,
2026-07-08T20:02:14.035812+00:00,2026-07-08T20:02:14.035965,2,1,150.65,0.5,150.4,97,150.0,100,,,,,,,,,,,,,,,,,150.9,150,,,,,,,,,,,,,,,,,,
2026-07-08T20:02:14.041356+00:00,2026-07-08T20:02:14.041131,1,1,150.65,0.5,150.4,97,,,,,,,,,,,,,,,,,,,150.9,150,,,,,,,,,,,,,,,,,,
2026-07-08T20:02:14.046522+00:00,2026-07-08T20:02:14.046390,1,1,150.65,0.5,150.4,48,,,,,,,,,,,,,,,,,,,150.9,150,,,,,,,,,,,,,,,,,,
2026-07-08T20:02:14.098801+00:00,2026-07-08T20:02:14.098766,2,1,150.65,0.5,150.4,48,150.1,100,,,,,,,,,,,,,,,,,150.9,150,,,,,,,,,,,,,,,,,,
2026-07-08T20:02:14.153735+00:00,2026-07-08T20:02:14.153809,2,2,150.5,0.2,150.4,48,150.1,100,,,,,,,,,,,,,,,,,150.6,100,150.9,150,,,,,,,,,,,,,,,,
2026-07-08T20:02:14.805081+00:00,2026-07-08T20:02:14.804939,2,1,150.5,0.2,150.4,48,150.1,100,,,,,,,,,,,,,,,,,150.6,100,,,,,,,,,,,,,,,,,,
2026-07-08T20:02:14.810174+00:00,2026-07-08T20:02:14.810112,1,1,150.35,0.5,150.1,100,,,,,,,,,,,,,,,,,,,150.6,100,,,,,,,,,,,,,,,,,,
2026-07-08T20:02:14.859615+00:00,2026-07-08T20:02:14.859501,2,1,150.35,0.5,150.1,100,150.0,150,,,,,,,,,,,,,,,,,150.6,100,,,,,,,,,,,,,,,,,,
2026-07-08T20:02:14.914340+00:00,2026-07-08T20:02:14.914473,2,2,150.3,0.4,150.1,100,150.0,150,,,,,,,,,,,,,,,,,150.5,150,150.6,100,,,,,,,,,,,,,,,,
2026-07-08T20:02:16.087454+00:00,2026-07-08T20:02:16.087407,2,2,150.3,0.4,150.1,100,150.0,150,,,,,,,,,,,,,,,,,150.5,103,150.6,100,,,,,,,,,,,,,,,,
2026-07-08T20:02:17.203160+00:00,2026-07-08T20:02:17.203277,2,1,150.3,0.4,150.1,100,150.0,150,,,,,,,,,,,,,,,,,150.5,103,,,,,,,,,,,,,,,,,,
2026-07-08T20:02:17.208591+00:00,2026-07-08T20:02:17.208427,1,1,150.25,0.5,150.0,150,,,,,,,,,,,,,,,,,,,150.5,103,,,,,,,,,,,,,,,,,,
2026-07-08T20:02:17.256534+00:00,2026-07-08T20:02:17.256669,1,1,150.25,0.5,150.0,250,,,,,,,,,,,,,,,,,,,150.5,103,,,,,,,,,,,,,,,,,,
2026-07-08T20:02:17.309220+00:00,2026-07-08T20:02:17.309172,1,1,150.25,0.5,150.0,250,,,,,,,,,,,,,,,,,,,150.5,203,,,,,,,,,,,,,,,,,,
2026-07-08T20:02:17.722579+00:00,2026-07-08T20:02:17.722513,1,1,150.25,0.5,150.0,200,,,,,,,,,,,,,,,,,,,150.5,203,,,,,,,,,,,,,,,,,,
2026-07-08T20:02:17.969100+00:00,2026-07-08T20:02:17.969024,1,1,150.25,0.5,150.0,100,,,,,,,,,,,,,,,,,,,150.5,100,,,,,,,,,,,,,,,,,,
2026-07-08T20:02:18.022498+00:00,2026-07-08T20:02:18.022437,2,1,150.25,0.5,150.0,100,149.9,150,,,,,,,,,,,,,,,,,150.5,100,,,,,,,,,,,,,,,,,,
2026-07-08T20:02:18.076260+00:00,2026-07-08T20:02:18.076085,2,2,150.2,0.4,150.0,100,149.9,150,,,,,,,,,,,,,,,,,150.4,150,150.5,100,,,,,,,,,,,,,,,,
2026-07-08T20:02:19.902113+00:00,2026-07-08T20:02:19.902042,2,2,150.2,0.4,150.0,52,149.9,150,,,,,,,,,,,,,,,,,150.4,150,150.5,100,,,,,,,,,,,,,,,,
2026-07-08T20:02:20.362953+00:00,2026-07-08T20:02:20.362823,2,1,150.2,0.4,150.0,52,149.9,150,,,,,,,,,,,,,,,,,150.4,150,,,,,,,,,,,,,,,,,,
2026-07-08T20:02:20.368149+00:00,2026-07-08T20:02:20.368087,1,1,150.15,0.5,149.9,150,,,,,,,,,,,,,,,,,,,150.4,150,,,,,,,,,,,,,,,,,,
2026-07-08T20:02:20.426027+00:00,2026-07-08T20:02:20.425918,1,1,150.15,0.5,149.9,250,,,,,,,,,,,,,,,,,,,150.4,150,,,,,,,,,,,,,,,,,,
2026-07-08T20:02:20.474855+00:00,2026-07-08T20:02:20.474758,1,1,150.15,0.5,149.9,250,,,,,,,,,,,,,,,,,,,150.4,250,,,,,,,,,,,,,,,,,,
2026-07-08T20:02:21.130705+00:00,2026-07-08T20:02:21.130613,1,1,150.15,0.5,149.9,100,,,,,,,,,,,,,,,,,,,150.4,100,,,,,,,,,,,,,,,,,,
2026-07-08T20:02:21.186496+00:00,2026-07-08T20:02:21.186401,1,1,150.15,0.5,149.9,250,,,,,,,,,,,,,,,,,,,150.4,100,,,,,,,,,,,,,,,,,,
2026-07-08T20:02:21.239753+00:00,2026-07-08T20:02:21.239680,1,1,150.15,0.5,149.9,250,,,,,,,,,,,,,,,,,,,150.4,250,,,,,,,,,,,,,,,,,,
2026-07-08T20:02:23.526262+00:00,2026-07-08T20:02:23.526205,1,1,150.15,0.5,149.9,250,,,,,,,,,,,,,,,,,,,150.4,150,,,,,,,,,,,,,,,,,,
2026-07-08T20:02:23.531439+00:00,2026-07-08T20:02:23.531351,1,1,150.15,0.5,149.9,150,,,,,,,,,,,,,,,,,,,150.4,150,,,,,,,,,,,,,,,,,,
2026-07-08T20:02:23.581508+00:00,2026-07-08T20:02:23.581459,2,1,150.15,0.5,149.9,150,149.8,100,,,,,,,,,,,,,,,,,150.4,150,,,,,,,,,,,,,,,,,,
2026-07-08T20:02:23.634853+00:00,2026-07-08T20:02:23.634931,2,2,150.1,0.4,149.9,150,149.8,100,,,,,,,,,,,,,,,,,150.3,100,150.4,150,,,,,,,,,,,,,,,,
2026-07-08T20:02:24.004562+00:00,2026-07-08T20:02:24.004454,2,2,150.1,0.4,149.9,150,149.8,100,,,,,,,,,,,,,,,,,150.3,50,150.4,150,,,,,,,,,,,,,,,,
2026-07-08T20:02:24.320128+00:00,2026-07-08T20:02:24.311414,1,1,150.05,0.5,149.8,100,,,,,,,,,,,,,,,,,,,150.3,36,,,,,,,,,,,,,,,,,,
2026-07-08T20:02:26.144903+00:00,2026-07-08T20:02:26.144731,1,0,,,149.8,100,,,,,,,,,,,,,,,,,,,,,,,,,,,,,,,,,,,,,,
2026-07-08T20:02:26.169816+00:00,2026-07-08T20:02:26.169707,1,0,,,149.8,50,,,,,,,,,,,,,,,,,,,,,,,,,,,,,,,,,,,,,,
2026-07-08T20:02:26.684765+00:00,2026-07-08T20:02:26.684708,0,0,,,,,,,,,,,,,,,,,,,,,,,,,,,,,,,,,,,,,,,,,,
2026-07-08T20:02:26.749117+00:00,2026-07-08T20:02:26.749080,1,0,,,150.4,100,,,,,,,,,,,,,,,,,,,,,,,,,,,,,,,,,,,,,,
2026-07-08T20:02:26.802705+00:00,2026-07-08T20:02:26.802607,1,1,150.65,0.5,150.4,100,,,,,,,,,,,,,,,,,,,150.9,100,,,,,,,,,,,,,,,,,,
2026-07-08T20:02:27.058210+00:00,2026-07-08T20:02:27.052328,1,1,150.65,0.5,150.4,89,,,,,,,,,,,,,,,,,,,150.9,100,,,,,,,,,,,,,,,,,,
2026-07-08T20:02:27.412306+00:00,2026-07-08T20:02:27.412210,2,1,150.65,0.5,150.4,89,150.3,150,,,,,,,,,,,,,,,,,150.9,100,,,,,,,,,,,,,,,,,,
2026-07-08T20:02:27.465385+00:00,2026-07-08T20:02:27.465301,2,2,150.6,0.4,150.4,89,150.3,150,,,,,,,,,,,,,,,,,150.8,150,150.9,100,,,,,,,,,,,,,,,,
2026-07-08T20:02:28.275696+00:00,2026-07-08T20:02:28.275661,2,2,150.6,0.4,150.4,39,150.3,150,,,,,,,,,,,,,,,,,150.8,150,150.9,100,,,,,,,,,,,,,,,,
2026-07-08T20:02:28.821635+00:00,2026-07-08T20:02:28.821596,1,2,150.55,0.5,150.3,144,,,,,,,,,,,,,,,,,,,150.8,150,150.9,100,,,,,,,,,,,,,,,,
2026-07-08T20:02:29.858540+00:00,2026-07-08T20:02:29.857823,1,1,150.55,0.5,150.3,144,,,,,,,,,,,,,,,,,,,150.8,150,,,,,,,,,,,,,,,,,,
2026-07-08T20:02:29.910506+00:00,2026-07-08T20:02:29.910316,2,1,150.55,0.5,150.3,144,150.2,100,,,,,,,,,,,,,,,,,150.8,150,,,,,,,,,,,,,,,,,,
2026-07-08T20:02:29.964084+00:00,2026-07-08T20:02:29.964007,2,2,150.5,0.4,150.3,144,150.2,100,,,,,,,,,,,,,,,,,150.7,100,150.8,150,,,,,,,,,,,,,,,,
2026-07-08T20:02:30.383809+00:00,2026-07-08T20:02:30.383758,2,2,150.5,0.4,150.3,94,150.2,100,,,,,,,,,,,,,,,,,150.7,100,150.8,150,,,,,,,,,,,,,,,,
2026-07-08T20:02:30.519990+00:00,2026-07-08T20:02:30.519903,1,1,150.45,0.5,150.2,100,,,,,,,,,,,,,,,,,,,150.7,100,,,,,,,,,,,,,,,,,,
2026-07-08T20:02:30.570139+00:00,2026-07-08T20:02:30.570254,1,1,150.45,0.5,150.2,250,,,,,,,,,,,,,,,,,,,150.7,100,,,,,,,,,,,,,,,,,,
2026-07-08T20:02:30.627417+00:00,2026-07-08T20:02:30.627330,1,1,150.45,0.5,150.2,250,,,,,,,,,,,,,,,,,,,150.7,250,,,,,,,,,,,,,,,,,,
2026-07-08T20:02:30.984542+00:00,2026-07-08T20:02:30.984431,1,1,150.45,0.5,150.2,250,,,,,,,,,,,,,,,,,,,150.7,204,,,,,,,,,,,,,,,,,,
2026-07-08T20:02:31.604119+00:00,2026-07-08T20:02:31.604009,1,1,150.45,0.5,150.2,203,,,,,,,,,,,,,,,,,,,150.7,204,,,,,,,,,,,,,,,,,,
2026-07-08T20:02:32.493644+00:00,2026-07-08T20:02:32.493540,1,1,150.45,0.5,150.2,153,,,,,,,,,,,,,,,,,,,150.7,204,,,,,,,,,,,,,,,,,,
2026-07-08T20:02:32.771393+00:00,2026-07-08T20:02:32.771366,1,1,150.45,0.5,150.2,153,,,,,,,,,,,,,,,,,,,150.7,164,,,,,,,,,,,,,,,,,,
2026-07-08T20:02:33.018138+00:00,2026-07-08T20:02:33.018013,1,1,150.45,0.5,150.2,150,,,,,,,,,,,,,,,,,,,150.7,150,,,,,,,,,,,,,,,,,,
2026-07-08T20:02:33.073160+00:00,2026-07-08T20:02:33.073085,1,1,150.45,0.5,150.2,250,,,,,,,,,,,,,,,,,,,150.7,150,,,,,,,,,,,,,,,,,,
2026-07-08T20:02:33.122882+00:00,2026-07-08T20:02:33.122778,1,1,150.45,0.5,150.2,250,,,,,,,,,,,,,,,,,,,150.7,250,,,,,,,,,,,,,,,,,,
2026-07-08T20:02:33.680973+00:00,2026-07-08T20:02:33.680860,1,1,150.45,0.5,150.2,100,,,,,,,,,,,,,,,,,,,150.7,100,,,,,,,,,,,,,,,,,,
2026-07-08T20:02:33.736395+00:00,2026-07-08T20:02:33.736355,1,1,150.45,0.5,150.2,250,,,,,,,,,,,,,,,,,,,150.7,100,,,,,,,,,,,,,,,,,,
2026-07-08T20:02:33.789881+00:00,2026-07-08T20:02:33.789767,1,1,150.45,0.5,150.2,250,,,,,,,,,,,,,,,,,,,150.7,250,,,,,,,,,,,,,,,,,,
2026-07-08T20:02:34.131704+00:00,2026-07-08T20:02:34.131643,1,1,150.45,0.5,150.2,250,,,,,,,,,,,,,,,,,,,150.7,204,,,,,,,,,,,,,,,,,,
2026-07-08T20:02:36.179520+00:00,2026-07-08T20:02:36.179423,1,1,150.45,0.5,150.2,150,,,,,,,,,,,,,,,,,,,150.7,150,,,,,,,,,,,,,,,,,,
2026-07-08T20:02:36.229250+00:00,2026-07-08T20:02:36.229356,2,1,150.5,0.4,150.3,100,150.2,150,,,,,,,,,,,,,,,,,150.7,150,,,,,,,,,,,,,,,,,,
2026-07-08T20:02:36.286738+00:00,2026-07-08T20:02:36.286616,2,2,150.5,0.4,150.3,100,150.2,150,,,,,,,,,,,,,,,,,150.7,150,150.8,100,,,,,,,,,,,,,,,,
2026-07-08T20:02:36.672458+00:00,2026-07-08T20:02:36.672434,2,2,150.5,0.4,150.3,100,150.2,150,,,,,,,,,,,,,,,,,150.7,100,150.8,100,,,,,,,,,,,,,,,,
2026-07-08T20:02:36.843755+00:00,2026-07-08T20:02:36.843723,1,1,150.55,0.5,150.3,100,,,,,,,,,,,,,,,,,,,150.8,100,,,,,,,,,,,,,,,,,,
2026-07-08T20:02:36.897990+00:00,2026-07-08T20:02:36.898110,2,1,150.6,0.4,150.4,150,150.3,100,,,,,,,,,,,,,,,,,150.8,100,,,,,,,,,,,,,,,,,,
2026-07-08T20:02:36.958759+00:00,2026-07-08T20:02:36.958642,2,2,150.6,0.4,150.4,150,150.3,100,,,,,,,,,,,,,,,,,150.8,100,150.9,150,,,,,,,,,,,,,,,,
2026-07-08T20:02:38.837481+00:00,2026-07-08T20:02:38.837385,2,2,150.6,0.4,150.4,100,150.3,100,,,,,,,,,,,,,,,,,150.8,100,150.9,150,,,,,,,,,,,,,,,,
2026-07-08T20:02:39.340941+00:00,2026-07-08T20:02:39.340807,1,1,150.65,0.5,150.4,100,,,,,,,,,,,,,,,,,,,150.9,150,,,,,,,,,,,,,,,,,,
2026-07-08T20:02:39.392997+00:00,2026-07-08T20:02:39.392890,2,1,150.65,0.5,150.4,100,150.0,100,,,,,,,,,,,,,,,,,150.9,150,,,,,,,,,,,,,,,,,,
2026-07-08T20:02:39.464410+00:00,2026-07-08T20:02:39.464260,2,2,150.45,0.1,150.4,100,150.0,100,,,,,,,,,,,,,,,,,150.5,100,150.9,150,,,,,,,,,,,,,,,,
2026-07-08T20:02:40.004541+00:00,2026-07-08T20:02:40.004459,1,1,150.25,0.5,150.0,100,,,,,,,,,,,,,,,,,,,150.5,100,,,,,,,,,,,,,,,,,,
2026-07-08T20:02:40.068948+00:00,2026-07-08T20:02:40.068852,2,1,150.25,0.5,150.0,100,149.9,150,,,,,,,,,,,,,,,,,150.5,100,,,,,,,,,,,,,,,,,,
2026-07-08T20:02:40.125004+00:00,2026-07-08T20:02:40.124902,2,2,150.2,0.4,150.0,100,149.9,150,,,,,,,,,,,,,,,,,150.4,150,150.5,100,,,,,,,,,,,,,,,,
2026-07-08T20:02:41.395448+00:00,2026-07-08T20:02:41.395583,2,2,150.2,0.4,150.0,55,149.9,150,,,,,,,,,,,,,,,,,150.4,150,150.5,100,,,,,,,,,,,,,,,,
2026-07-08T20:02:42.517929+00:00,2026-07-08T20:02:42.517846,1,1,150.15,0.5,149.9,150,,,,,,,,,,,,,,,,,,,150.4,150,,,,,,,,,,,,,,,,,,
2026-07-08T20:02:42.574717+00:00,2026-07-08T20:02:42.574602,2,1,150.2,0.4,150.0,100,149.9,150,,,,,,,,,,,,,,,,,150.4,150,,,,,,,,,,,,,,,,,,
2026-07-08T20:02:42.627352+00:00,2026-07-08T20:02:42.627463,2,2,150.2,0.4,150.0,100,149.9,150,,,,,,,,,,,,,,,,,150.4,150,150.5,100,,,,,,,,,,,,,,,,
2026-07-08T20:02:42.997467+00:00,2026-07-08T20:02:42.997338,2,2,150.2,0.4,150.0,100,149.9,150,,,,,,,,,,,,,,,,,150.4,100,150.5,100,,,,,,,,,,,,,,,,
2026-07-08T20:02:43.177036+00:00,2026-07-08T20:02:43.177020,1,1,150.25,0.5,150.0,100,,,,,,,,,,,,,,,,,,,150.5,100,,,,,,,,,,,,,,,,,,
2026-07-08T20:02:43.234872+00:00,2026-07-08T20:02:43.234953,2,1,150.3,0.4,150.1,150,150.0,100,,,,,,,,,,,,,,,,,150.5,100,,,,,,,,,,,,,,,,,,
2026-07-08T20:02:43.288785+00:00,2026-07-08T20:02:43.288654,2,2,150.3,0.4,150.1,150,150.0,100,,,,,,,,,,,,,,,,,150.5,100,150.6,150,,,,,,,,,,,,,,,,
2026-07-08T20:02:45.105620+00:00,2026-07-08T20:02:45.105791,2,2,150.3,0.4,150.1,150,150.0,100,,,,,,,,,,,,,,,,,150.5,50,150.6,150,,,,,,,,,,,,,,,,
2026-07-08T20:02:45.681618+00:00,2026-07-08T20:02:45.681540,2,1,150.35,0.5,150.1,150,150.0,100,,,,,,,,,,,,,,,,,150.6,150,,,,,,,,,,,,,,,,,,
2026-07-08T20:02:45.686631+00:00,2026-07-08T20:02:45.686719,1,1,150.35,0.5,150.1,150,,,,,,,,,,,,,,,,,,,150.6,150,,,,,,,,,,,,,,,,,,
2026-07-08T20:02:45.740455+00:00,2026-07-08T20:02:45.740339,2,1,150.35,0.5,150.1,150,150.0,100,,,,,,,,,,,,,,,,,150.6,150,,,,,,,,,,,,,,,,,,
2026-07-08T20:02:45.791591+00:00,2026-07-08T20:02:45.791519,2,2,150.3,0.4,150.1,150,150.0,100,,,,,,,,,,,,,,,,,150.5,100,150.6,150,,,,,,,,,,,,,,,,
2026-07-08T20:02:46.343110+00:00,2026-07-08T20:02:46.343001,1,1,150.25,0.5,150.0,100,,,,,,,,,,,,,,,,,,,150.5,100,,,,,,,,,,,,,,,,,,
2026-07-08T20:02:46.397698+00:00,2026-07-08T20:02:46.397782,2,1,150.35,0.3,150.2,150,150.0,100,,,,,,,,,,,,,,,,,150.5,100,,,,,,,,,,,,,,,,,,
2026-07-08T20:02:46.447263+00:00,2026-07-08T20:02:46.447203,2,2,150.35,0.3,150.2,150,150.0,100,,,,,,,,,,,,,,,,,150.5,100,150.7,150,,,,,,,,,,,,,,,,
2026-07-08T20:02:47.265228+00:00,2026-07-08T20:02:47.265081,2,2,150.35,0.3,150.2,100,150.0,100,,,,,,,,,,,,,,,,,150.5,100,150.7,150,,,,,,,,,,,,,,,,
2026-07-08T20:02:48.845892+00:00,2026-07-08T20:02:48.846046,1,1,150.45,0.5,150.2,100,,,,,,,,,,,,,,,,,,,150.7,150,,,,,,,,,,,,,,,,,,
2026-07-08T20:02:48.898324+00:00,2026-07-08T20:02:48.898286,2,1,150.45,0.5,150.2,100,150.1,100,,,,,,,,,,,,,,,,,150.7,150,,,,,,,,,,,,,,,,,,
2026-07-08T20:02:48.952418+00:00,2026-07-08T20:02:48.952341,2,2,150.4,0.4,150.2,100,150.1,100,,,,,,,,,,,,,,,,,150.6,100,150.7,150,,,,,,,,,,,,,,,,
2026-07-08T20:02:49.372032+00:00,2026-07-08T20:02:49.372145,2,2,150.4,0.4,150.2,50,150.1,100,,,,,,,,,,,,,,,,,150.6,100,150.7,150,,,,,,,,,,,,,,,,
2026-07-08T20:02:49.423588+00:00,2026-07-08T20:02:49.423513,2,2,150.4,0.4,150.2,50,150.1,100,,,,,,,,,,,,,,,,,150.6,60,150.7,150,,,,,,,,,,,,,,,,
2026-07-08T20:02:49.504912+00:00,2026-07-08T20:02:49.505112,1,1,150.35,0.5,150.1,100,,,,,,,,,,,,,,,,,,,150.6,60,,,,,,,,,,,,,,,,,,
2026-07-08T20:02:49.558588+00:00,2026-07-08T20:02:49.554809,2,1,150.35,0.5,150.1,100,149.9,150,,,,,,,,,,,,,,,,,150.6,60,,,,,,,,,,,,,,,,,,
2026-07-08T20:02:49.612942+00:00,2026-07-08T20:02:49.612896,2,2,150.25,0.3,150.1,100,149.9,150,,,,,,,,,,,,,,,,,150.4,150,150.6,60,,,,,,,,,,,,,,,,
2026-07-08T20:02:50.488633+00:00,2026-07-08T20:02:50.488545,2,2,150.25,0.3,150.1,55,149.9,150,,,,,,,,,,,,,,,,,150.4,150,150.6,60,,,,,,,,,,,,,,,,
2026-07-08T20:02:51.479960+00:00,2026-07-08T20:02:51.479790,2,2,150.25,0.3,150.1,5,149.9,150,,,,,,,,,,,,,,,,,150.4,150,150.6,60,,,,,,,,,,,,,,,,
2026-07-08T20:02:52.006108+00:00,2026-07-08T20:02:52.006066,1,1,150.15,0.5,149.9,150,,,,,,,,,,,,,,,,,,,150.4,150,,,,,,,,,,,,,,,,,,
2026-07-08T20:02:52.058634+00:00,2026-07-08T20:02:52.053578,2,1,150.15,0.5,149.9,150,149.8,100,,,,,,,,,,,,,,,,,150.4,150,,,,,,,,,,,,,,,,,,
2026-07-08T20:02:52.083604+00:00,2026-07-08T20:02:52.083531,2,1,150.15,0.5,149.9,150,149.8,100,,,,,,,,,,,,,,,,,150.4,108,,,,,,,,,,,,,,,,,,
2026-07-08T20:02:52.111345+00:00,2026-07-08T20:02:52.111278,2,2,150.1,0.4,149.9,150,149.8,100,,,,,,,,,,,,,,,,,150.3,100,150.4,108,,,,,,,,,,,,,,,,
2026-07-08T20:02:52.658611+00:00,2026-07-08T20:02:52.657221,2,1,150.1,0.4,149.9,150,149.8,100,,,,,,,,,,,,,,,,,150.3,100,,,,,,,,,,,,,,,,,,
2026-07-08T20:02:52.669197+00:00,2026-07-08T20:02:52.669097,1,1,150.05,0.5,149.8,100,,,,,,,,,,,,,,,,,,,150.3,100,,,,,,,,,,,,,,,,,,
2026-07-08T20:02:52.722021+00:00,2026-07-08T20:02:52.721873,2,1,150.1,0.4,149.9,150,149.8,100,,,,,,,,,,,,,,,,,150.3,100,,,,,,,,,,,,,,,,,,
2026-07-08T20:02:52.801674+00:00,2026-07-08T20:02:52.801506,2,2,150.1,0.4,149.9,150,149.8,100,,,,,,,,,,,,,,,,,150.3,100,150.4,150,,,,,,,,,,,,,,,,
2026-07-08T20:02:53.317262+00:00,2026-07-08T20:02:53.310684,2,2,150.1,0.4,149.9,150,149.8,100,,,,,,,,,,,,,,,,,150.3,89,150.4,150,,,,,,,,,,,,,,,,
2026-07-08T20:02:53.588590+00:00,2026-07-08T20:02:53.588464,2,2,150.1,0.4,149.9,100,149.8,100,,,,,,,,,,,,,,,,,150.3,89,150.4,150,,,,,,,,,,,,,,,,
2026-07-08T20:02:54.189435+00:00,2026-07-08T20:02:54.189288,2,2,150.1,0.4,149.9,100,149.8,100,,,,,,,,,,,,,,,,,150.3,45,150.4,150,,,,,,,,,,,,,,,,
2026-07-08T20:02:55.168847+00:00,2026-07-08T20:02:55.168816,1,1,150.15,0.5,149.9,100,,,,,,,,,,,,,,,,,,,150.4,150,,,,,,,,,,,,,,,,,,
2026-07-08T20:02:55.222013+00:00,2026-07-08T20:02:55.221871,1,1,150.15,0.5,149.9,200,,,,,,,,,,,,,,,,,,,150.4,150,,,,,,,,,,,,,,,,,,
2026-07-08T20:02:55.275411+00:00,2026-07-08T20:02:55.275308,1,1,150.15,0.5,149.9,200,,,,,,,,,,,,,,,,,,,150.4,250,,,,,,,,,,,,,,,,,,
2026-07-08T20:02:55.644282+00:00,2026-07-08T20:02:55.644235,1,1,150.15,0.5,149.9,200,,,,,,,,,,,,,,,,,,,150.4,200,,,,,,,,,,,,,,,,,,
2026-07-08T20:02:55.869295+00:00,2026-07-08T20:02:55.869194,1,1,150.15,0.5,149.9,100,,,,,,,,,,,,,,,,,,,150.4,100,,,,,,,,,,,,,,,,,,
2026-07-08T20:02:55.924282+00:00,2026-07-08T20:02:55.924455,1,1,150.15,0.5,149.9,250,,,,,,,,,,,,,,,,,,,150.4,100,,,,,,,,,,,,,,,,,,
2026-07-08T20:02:55.979815+00:00,2026-07-08T20:02:55.979785,1,1,150.15,0.5,149.9,250,,,,,,,,,,,,,,,,,,,150.4,250,,,,,,,,,,,,,,,,,,
2026-07-08T20:02:56.799965+00:00,2026-07-08T20:02:56.799872,1,1,150.15,0.5,149.9,202,,,,,,,,,,,,,,,,,,,150.4,250,,,,,,,,,,,,,,,,,,
2026-07-08T20:02:57.750906+00:00,2026-07-08T20:02:57.750730,1,1,150.15,0.5,149.9,202,,,,,,,,,,,,,,,,,,,150.4,200,,,,,,,,,,,,,,,,,,
2026-07-08T20:02:58.333867+00:00,2026-07-08T20:02:58.333800,1,1,150.15,0.5,149.9,150,,,,,,,,,,,,,,,,,,,150.4,150,,,,,,,,,,,,,,,,,,
2026-07-08T20:02:58.389963+00:00,2026-07-08T20:02:58.389900,1,1,150.15,0.5,149.9,250,,,,,,,,,,,,,,,,,,,150.4,150,,,,,,,,,,,,,,,,,,
2026-07-08T20:02:58.443314+00:00,2026-07-08T20:02:58.443225,1,1,150.15,0.5,149.9,250,,,,,,,,,,,,,,,,,,,150.4,250,,,,,,,,,,,,,,,,,,
2026-07-08T20:02:59.033128+00:00,2026-07-08T20:02:59.033033,1,1,150.15,0.5,149.9,100,,,,,,,,,,,,,,,,,,,150.4,100,,,,,,,,,,,,,,,,,,
2026-07-08T20:02:59.087133+00:00,2026-07-08T20:02:59.087037,1,1,150.15,0.5,149.9,250,,,,,,,,,,,,,,,,,,,150.4,100,,,,,,,,,,,,,,,,,,
2026-07-08T20:02:59.140661+00:00,2026-07-08T20:02:59.140752,1,1,150.15,0.5,149.9,250,,,,,,,,,,,,,,,,,,,150.4,250,,,,,,,,,,,,,,,,,,
2026-07-08T20:02:59.858573+00:00,2026-07-08T20:02:59.853998,1,1,150.15,0.5,149.9,250,,,,,,,,,,,,,,,,,,,150.4,200,,,,,,,,,,,,,,,,,,
2026-07-08T20:03:01.498718+00:00,2026-07-08T20:03:01.498652,1,1,150.15,0.5,149.9,150,,,,,,,,,,,,,,,,,,,150.4,150,,,,,,,,,,,,,,,,,,
2026-07-08T20:03:01.552307+00:00,2026-07-08T20:03:01.552250,2,1,150.25,0.3,150.1,100,149.9,150,,,,,,,,,,,,,,,,,150.4,150,,,,,,,,,,,,,,,,,,
2026-07-08T20:03:01.606033+00:00,2026-07-08T20:03:01.605933,2,2,150.25,0.3,150.1,100,149.9,150,,,,,,,,,,,,,,,,,150.4,150,150.6,100,,,,,,,,,,,,,,,,
2026-07-08T20:03:02.018112+00:00,2026-07-08T20:03:02.018059,2,2,150.25,0.3,150.1,50,149.9,150,,,,,,,,,,,,,,,,,150.4,150,150.6,100,,,,,,,,,,,,,,,,
2026-07-08T20:03:02.124781+00:00,2026-07-08T20:03:02.124662,2,2,150.25,0.3,150.1,50,149.9,150,,,,,,,,,,,,,,,,,150.4,105,150.6,100,,,,,,,,,,,,,,,,
2026-07-08T20:03:02.194883+00:00,2026-07-08T20:03:02.194849,1,1,150.35,0.5,150.1,50,,,,,,,,,,,,,,,,,,,150.6,100,,,,,,,,,,,,,,,,,,
2026-07-08T20:03:02.246306+00:00,2026-07-08T20:03:02.246265,1,1,150.35,0.5,150.1,200,,,,,,,,,,,,,,,,,,,150.6,100,,,,,,,,,,,,,,,,,,
2026-07-08T20:03:02.298196+00:00,2026-07-08T20:03:02.298105,1,1,150.35,0.5,150.1,200,,,,,,,,,,,,,,,,,,,150.6,250,,,,,,,,,,,,,,,,,,
2026-07-08T20:03:03.888668+00:00,2026-07-08T20:03:03.888571,1,1,150.35,0.5,150.1,160,,,,,,,,,,,,,,,,,,,150.6,250,,,,,,,,,,,,,,,,,,
2026-07-08T20:03:04.072930+00:00,2026-07-08T20:03:04.073086,1,1,150.35,0.5,150.1,160,,,,,,,,,,,,,,,,,,,150.6,200,,,,,,,,,,,,,,,,,,
2026-07-08T20:03:04.444083+00:00,2026-07-08T20:03:04.443980,1,1,150.35,0.5,150.1,113,,,,,,,,,,,,,,,,,,,150.6,200,,,,,,,,,,,,,,,,,,
2026-07-08T20:03:04.658624+00:00,2026-07-08T20:03:04.656609,1,1,150.35,0.5,150.1,113,,,,,,,,,,,,,,,,,,,150.6,150,,,,,,,,,,,,,,,,,,
2026-07-08T20:03:04.716217+00:00,2026-07-08T20:03:04.716368,2,1,150.35,0.5,150.1,113,149.9,100,,,,,,,,,,,,,,,,,150.6,150,,,,,,,,,,,,,,,,,,
2026-07-08T20:03:04.769670+00:00,2026-07-08T20:03:04.769638,2,2,150.25,0.3,150.1,113,149.9,100,,,,,,,,,,,,,,,,,150.4,100,150.6,150,,,,,,,,,,,,,,,,
2026-07-08T20:03:05.072388+00:00,2026-07-08T20:03:05.072261,2,2,150.25,0.3,150.1,113,149.9,100,,,,,,,,,,,,,,,,,150.4,58,150.6,150,,,,,,,,,,,,,,,,
2026-07-08T20:03:05.358630+00:00,2026-07-08T20:03:05.357381,1,1,150.15,0.5,149.9,100,,,,,,,,,,,,,,,,,,,150.4,58,,,,,,,,,,,,,,,,,,
2026-07-08T20:03:05.410742+00:00,2026-07-08T20:03:05.410683,1,1,150.15,0.5,149.9,250,,,,,,,,,,,,,,,,,,,150.4,58,,,,,,,,,,,,,,,,,,
2026-07-08T20:03:05.463735+00:00,2026-07-08T20:03:05.463699,1,1,150.15,0.5,149.9,250,,,,,,,,,,,,,,,,,,,150.4,208,,,,,,,,,,,,,,,,,,
2026-07-08T20:03:06.233200+00:00,2026-07-08T20:03:06.233116,1,1,150.15,0.5,149.9,200,,,,,,,,,,,,,,,,,,,150.4,208,,,,,,,,,,,,,,,,,,
2026-07-08T20:03:07.826700+00:00,2026-07-08T20:03:07.826582,1,1,150.15,0.5,149.9,150,,,,,,,,,,,,,,,,,,,150.4,150,,,,,,,,,,,,,,,,,,
2026-07-08T20:03:07.878506+00:00,2026-07-08T20:03:07.878375,2,1,150.2,0.4,150.0,100,149.9,150,,,,,,,,,,,,,,,,,150.4,150,,,,,,,,,,,,,,,,,,
2026-07-08T20:03:07.949227+00:00,2026-07-08T20:03:07.949040,2,2,150.2,0.4,150.0,100,149.9,150,,,,,,,,,,,,,,,,,150.4,150,150.5,100,,,,,,,,,,,,,,,,
2026-07-08T20:03:08.010903+00:00,2026-07-08T20:03:08.010775,2,2,150.2,0.4,150.0,100,149.9,150,,,,,,,,,,,,,,,,,150.4,110,150.5,100,,,,,,,,,,,,,,,,
2026-07-08T20:03:08.339419+00:00,2026-07-08T20:03:08.339385,2,2,150.2,0.4,150.0,50,149.9,150,,,,,,,,,,,,,,,,,150.4,110,150.5,100,,,,,,,,,,,,,,,,
2026-07-08T20:03:08.519614+00:00,2026-07-08T20:03:08.519551,1,1,150.25,0.5,150.0,50,,,,,,,,,,,,,,,,,,,150.5,100,,,,,,,,,,,,,,,,,,
2026-07-08T20:03:08.586190+00:00,2026-07-08T20:03:08.586049,2,1,150.3,0.4,150.1,150,150.0,50,,,,,,,,,,,,,,,,,150.5,100,,,,,,,,,,,,,,,,,,
2026-07-08T20:03:08.642353+00:00,2026-07-08T20:03:08.642238,2,2,150.3,0.4,150.1,150,150.0,50,,,,,,,,,,,,,,,,,150.5,100,150.6,150,,,,,,,,,,,,,,,,
2026-07-08T20:03:10.449149+00:00,2026-07-08T20:03:10.449117,2,2,150.3,0.4,150.1,100,150.0,50,,,,,,,,,,,,,,,,,150.5,100,150.6,150,,,,,,,,,,,,,,,,
2026-07-08T20:03:10.568839+00:00,2026-07-08T20:03:10.568717,2,2,150.3,0.4,150.1,54,150.0,50,,,,,,,,,,,,,,,,,150.5,100,150.6,150,,,,,,,,,,,,,,,,
2026-07-08T20:03:11.009788+00:00,2026-07-08T20:03:11.009691,1,1,150.35,0.5,150.1,54,,,,,,,,,,,,,,,,,,,150.6,150,,,,,,,,,,,,,,,,,,
2026-07-08T20:03:11.058622+00:00,2026-07-08T20:03:11.058417,2,1,150.35,0.5,150.1,54,150.0,100,,,,,,,,,,,,,,,,,150.6,150,,,,,,,,,,,,,,,,,,
2026-07-08T20:03:11.116760+00:00,2026-07-08T20:03:11.116708,2,2,150.3,0.4,150.1,54,150.0,100,,,,,,,,,,,,,,,,,150.5,100,150.6,150,,,,,,,,,,,,,,,,
2026-07-08T20:03:11.697381+00:00,2026-07-08T20:03:11.697298,1,1,150.25,0.5,150.0,100,,,,,,,,,,,,,,,,,,,150.5,100,,,,,,,,,,,,,,,,,,
2026-07-08T20:03:11.712684+00:00,2026-07-08T20:03:11.706293,1,1,150.25,0.5,150.0,100,,,,,,,,,,,,,,,,,,,150.5,88,,,,,,,,,,,,,,,,,,
2026-07-08T20:03:11.750800+00:00,2026-07-08T20:03:11.750718,1,1,150.25,0.5,150.0,250,,,,,,,,,,,,,,,,,,,150.5,88,,,,,,,,,,,,,,,,,,
2026-07-08T20:03:11.804469+00:00,2026-07-08T20:03:11.804398,1,1,150.25,0.5,150.0,250,,,,,,,,,,,,,,,,,,,150.5,238,,,,,,,,,,,,,,,,,,
2026-07-08T20:03:12.552841+00:00,2026-07-08T20:03:12.552968,1,1,150.25,0.5,150.0,200,,,,,,,,,,,,,,,,,,,150.5,238,,,,,,,,,,,,,,,,,,
2026-07-08T20:03:14.169381+00:00,2026-07-08T20:03:14.169287,1,1,150.25,0.5,150.0,200,,,,,,,,,,,,,,,,,,,150.5,150,,,,,,,,,,,,,,,,,,
2026-07-08T20:03:14.174596+00:00,2026-07-08T20:03:14.174472,1,1,150.25,0.5,150.0,150,,,,,,,,,,,,,,,,,,,150.5,150,,,,,,,,,,,,,,,,,,
2026-07-08T20:03:14.226642+00:00,2026-07-08T20:03:14.226585,2,1,150.3,0.4,150.1,100,150.0,150,,,,,,,,,,,,,,,,,150.5,150,,,,,,,,,,,,,,,,,,
2026-07-08T20:03:14.276048+00:00,2026-07-08T20:03:14.275954,2,2,150.3,0.4,150.1,100,150.0,150,,,,,,,,,,,,,,,,,150.5,150,150.6,100,,,,,,,,,,,,,,,,
2026-07-08T20:03:14.617061+00:00,2026-07-08T20:03:14.616899,2,2,150.3,0.4,150.1,100,150.0,150,,,,,,,,,,,,,,,,,150.5,100,150.6,100,,,,,,,,,,,,,,,,
2026-07-08T20:03:14.858582+00:00,2026-07-08T20:03:14.853775,1,1,150.35,0.5,150.1,100,,,,,,,,,,,,,,,,,,,150.6,100,,,,,,,,,,,,,,,,,,
2026-07-08T20:03:14.912866+00:00,2026-07-08T20:03:14.912783,2,1,150.5,0.2,150.4,150,150.1,100,,,,,,,,,,,,,,,,,150.6,100,,,,,,,,,,,,,,,,,,
2026-07-08T20:03:14.965935+00:00,2026-07-08T20:03:14.965869,2,2,150.5,0.2,150.4,150,150.1,100,,,,,,,,,,,,,,,,,150.6,100,150.9,150,,,,,,,,,,,,,,,,
2026-07-08T20:03:16.776706+00:00,2026-07-08T20:03:16.776620,2,2,150.5,0.2,150.4,100,150.1,100,,,,,,,,,,,,,,,,,150.6,100,150.9,150,,,,,,,,,,,,,,,,
2026-07-08T20:03:17.333830+00:00,2026-07-08T20:03:17.333775,1,1,150.65,0.5,150.4,100,,,,,,,,,,,,,,,,,,,150.9,150,,,,,,,,,,,,,,,,,,
2026-07-08T20:03:17.387169+00:00,2026-07-08T20:03:17.387298,2,1,150.65,0.5,150.4,100,150.0,100,,,,,,,,,,,,,,,,,150.9,150,,,,,,,,,,,,,,,,,,
2026-07-08T20:03:17.440168+00:00,2026-07-08T20:03:17.440058,2,2,150.45,0.1,150.4,100,150.0,100,,,,,,,,,,,,,,,,,150.5,100,150.9,150,,,,,,,,,,,,,,,,
2026-07-08T20:03:18.020264+00:00,2026-07-08T20:03:18.020137,1,1,150.25,0.5,150.0,100,,,,,,,,,,,,,,,,,,,150.5,100,,,,,,,,,,,,,,,,,,
2026-07-08T20:03:18.073527+00:00,2026-07-08T20:03:18.073443,2,1,150.25,0.5,150.0,100,149.9,150,,,,,,,,,,,,,,,,,150.5,100,,,,,,,,,,,,,,,,,,
2026-07-08T20:03:18.122945+00:00,2026-07-08T20:03:18.122900,2,2,150.2,0.4,150.0,100,149.9,150,,,,,,,,,,,,,,,,,150.4,150,150.5,100,,,,,,,,,,,,,,,,
2026-07-08T20:03:18.831589+00:00,2026-07-08T20:03:18.831458,2,2,150.2,0.4,150.0,100,149.9,150,,,,,,,,,,,,,,,,,150.4,100,150.5,100,,,,,,,,,,,,,,,,
2026-07-08T20:03:18.844681+00:00,2026-07-08T20:03:18.844614,2,2,150.2,0.4,150.0,100,149.9,150,,,,,,,,,,,,,,,,,150.4,56,150.5,100,,,,,,,,,,,,,,,,
2026-07-08T20:03:20.493641+00:00,2026-07-08T20:03:20.493817,2,1,150.2,0.4,150.0,100,149.9,150,,,,,,,,,,,,,,,,,150.4,56,,,,,,,,,,,,,,,,,,
2026-07-08T20:03:20.499159+00:00,2026-07-08T20:03:20.498972,1,1,150.15,0.5,149.9,150,,,,,,,,,,,,,,,,,,,150.4,56,,,,,,,,,,,,,,,,,,
2026-07-08T20:03:20.552189+00:00,2026-07-08T20:03:20.552062,2,1,150.25,0.3,150.1,100,149.9,150,,,,,,,,,,,,,,,,,150.4,56,,,,,,,,,,,,,,,,,,
2026-07-08T20:03:20.601226+00:00,2026-07-08T20:03:20.601053,2,2,150.25,0.3,150.1,100,149.9,150,,,,,,,,,,,,,,,,,150.4,56,150.6,100,,,,,,,,,,,,,,,,
2026-07-08T20:03:21.177700+00:00,2026-07-08T20:03:21.177637,2,1,150.35,0.5,150.1,100,149.9,150,,,,,,,,,,,,,,,,,150.6,100,,,,,,,,,,,,,,,,,,
2026-07-08T20:03:21.182943+00:00,2026-07-08T20:03:21.182792,1,1,150.35,0.5,150.1,100,,,,,,,,,,,,,,,,,,,150.6,100,,,,,,,,,,,,,,,,,,
2026-07-08T20:03:21.236846+00:00,2026-07-08T20:03:21.236925,2,1,150.55,0.1,150.5,150,150.1,100,,,,,,,,,,,,,,,,,150.6,100,,,,,,,,,,,,,,,,,,
2026-07-08T20:03:21.285466+00:00,2026-07-08T20:03:21.285354,2,2,150.55,0.1,150.5,150,150.1,100,,,,,,,,,,,,,,,,,150.6,100,151.0,150,,,,,,,,,,,,,,,,
2026-07-08T20:03:21.320438+00:00,2026-07-08T20:03:21.320389,2,2,150.55,0.1,150.5,150,150.1,100,,,,,,,,,,,,,,,,,150.6,58,151.0,150,,,,,,,,,,,,,,,,
2026-07-08T20:03:23.040296+00:00,2026-07-08T20:03:23.040487,2,2,150.55,0.1,150.5,150,150.1,100,,,,,,,,,,,,,,,,,150.6,8,151.0,150,,,,,,,,,,,,,,,,
2026-07-08T20:03:23.685316+00:00,2026-07-08T20:03:23.685214,2,1,150.75,0.5,150.5,150,150.1,100,,,,,,,,,,,,,,,,,151.0,150,,,,,,,,,,,,,,,,,,
2026-07-08T20:03:23.690286+00:00,2026-07-08T20:03:23.690355,1,1,150.75,0.5,150.5,150,,,,,,,,,,,,,,,,,,,151.0,150,,,,,,,,,,,,,,,,,,
2026-07-08T20:03:23.739538+00:00,2026-07-08T20:03:23.739351,2,1,150.75,0.5,150.5,150,150.3,100,,,,,,,,,,,,,,,,,151.0,150,,,,,,,,,,,,,,,,,,
2026-07-08T20:03:23.792121+00:00,2026-07-08T20:03:23.792017,2,2,150.65,0.3,150.5,150,150.3,100,,,,,,,,,,,,,,,,,150.8,100,151.0,150,,,,,,,,,,,,,,,,
2026-07-08T20:03:24.342777+00:00,2026-07-08T20:03:24.342741,1,1,150.55,0.5,150.3,100,,,,,,,,,,,,,,,,,,,150.8,100,,,,,,,,,,,,,,,,,,
2026-07-08T20:03:24.394308+00:00,2026-07-08T20:03:24.394240,2,1,150.6,0.4,150.4,150,150.3,100,,,,,,,,,,,,,,,,,150.8,100,,,,,,,,,,,,,,,,,,
2026-07-08T20:03:24.450421+00:00,2026-07-08T20:03:24.450352,2,2,150.6,0.4,150.4,150,150.3,100,,,,,,,,,,,,,,,,,150.8,100,150.9,150,,,,,,,,,,,,,,,,
2026-07-08T20:03:25.147960+00:00,2026-07-08T20:03:25.148104,2,2,150.6,0.4,150.4,150,150.3,100,,,,,,,,,,,,,,,,,150.8,50,150.9,150,,,,,,,,,,,,,,,,
2026-07-08T20:03:26.750852+00:00,2026-07-08T20:03:26.743352,2,2,150.6,0.4,150.4,138,150.3,100,,,,,,,,,,,,,,,,,150.8,50,150.9,150,,,,,,,,,,,,,,,,
2026-07-08T20:03:26.847765+00:00,2026-07-08T20:03:26.847695,1,1,150.65,0.5,150.4,138,,,,,,,,,,,,,,,,,,,150.9,150,,,,,,,,,,,,,,,,,,
2026-07-08T20:03:26.901492+00:00,2026-07-08T20:03:26.901345,2,1,150.65,0.5,150.4,138,150.2,100,,,,,,,,,,,,,,,,,150.9,150,,,,,,,,,,,,,,,,,,
2026-07-08T20:03:26.957495+00:00,2026-07-08T20:03:26.957590,2,2,150.55,0.3,150.4,138,150.2,100,,,,,,,,,,,,,,,,,150.7,100,150.9,150,,,,,,,,,,,,,,,,
2026-07-08T20:03:27.322744+00:00,2026-07-08T20:03:27.322617,2,2,150.55,0.3,150.4,88,150.2,100,,,,,,,,,,,,,,,,,150.7,100,150.9,150,,,,,,,,,,,,,,,,
2026-07-08T20:03:27.501292+00:00,2026-07-08T20:03:27.501198,2,1,150.55,0.3,150.4,88,150.2,100,,,,,,,,,,,,,,,,,150.7,100,,,,,,,,,,,,,,,,,,
2026-07-08T20:03:27.506431+00:00,2026-07-08T20:03:27.506355,1,1,150.45,0.5,150.2,100,,,,,,,,,,,,,,,,,,,150.7,100,,,,,,,,,,,,,,,,,,
2026-07-08T20:03:27.569620+00:00,2026-07-08T20:03:27.569533,2,1,150.45,0.5,150.2,100,150.0,150,,,,,,,,,,,,,,,,,150.7,100,,,,,,,,,,,,,,,,,,
2026-07-08T20:03:27.620909+00:00,2026-07-08T20:03:27.620797,2,2,150.35,0.3,150.2,100,150.0,150,,,,,,,,,,,,,,,,,150.5,150,150.7,100,,,,,,,,,,,,,,,,
2026-07-08T20:03:29.379231+00:00,2026-07-08T20:03:29.379162,2,2,150.35,0.3,150.2,100,150.0,150,,,,,,,,,,,,,,,,,150.5,100,150.7,100,,,,,,,,,,,,,,,,
2026-07-08T20:03:30.010240+00:00,2026-07-08T20:03:30.010142,1,1,150.25,0.5,150.0,150,,,,,,,,,,,,,,,,,,,150.5,100,,,,,,,,,,,,,,,,,,
2026-07-08T20:03:30.067230+00:00,2026-07-08T20:03:30.063426,2,1,150.45,0.1,150.4,100,150.0,150,,,,,,,,,,,,,,,,,150.5,100,,,,,,,,,,,,,,,,,,
2026-07-08T20:03:30.115187+00:00,2026-07-08T20:03:30.114945,2,2,150.45,0.1,150.4,100,150.0,150,,,,,,,,,,,,,,,,,150.5,100,150.9,100,,,,,,,,,,,,,,,,
2026-07-08T20:03:30.670475+00:00,2026-07-08T20:03:30.670353,2,1,150.65,0.5,150.4,100,150.0,150,,,,,,,,,,,,,,,,,150.9,100,,,,,,,,,,,,,,,,,,
2026-07-08T20:03:30.675442+00:00,2026-07-08T20:03:30.675508,1,1,150.65,0.5,150.4,100,,,,,,,,,,,,,,,,,,,150.9,100,,,,,,,,,,,,,,,,,,
2026-07-08T20:03:30.723612+00:00,2026-07-08T20:03:30.723535,2,1,150.65,0.5,150.4,100,150.3,150,,,,,,,,,,,,,,,,,150.9,100,,,,,,,,,,,,,,,,,,
2026-07-08T20:03:30.776466+00:00,2026-07-08T20:03:30.776525,2,2,150.6,0.4,150.4,100,150.3,150,,,,,,,,,,,,,,,,,150.8,150,150.9,100,,,,,,,,,,,,,,,,
2026-07-08T20:03:31.505374+00:00,2026-07-08T20:03:31.505320,2,2,150.6,0.4,150.4,53,150.3,150,,,,,,,,,,,,,,,,,150.8,150,150.9,100,,,,,,,,,,,,,,,,
2026-07-08T20:03:33.170719+00:00,2026-07-08T20:03:33.170650,1,1,150.55,0.5,150.3,150,,,,,,,,,,,,,,,,,,,150.8,150,,,,,,,,,,,,,,,,,,
2026-07-08T20:03:33.223230+00:00,2026-07-08T20:03:33.223139,2,1,150.55,0.5,150.3,150,150.2,100,,,,,,,,,,,,,,,,,150.8,150,,,,,,,,,,,,,,,,,,
2026-07-08T20:03:33.277782+00:00,2026-07-08T20:03:33.277945,2,2,150.5,0.4,150.3,150,150.2,100,,,,,,,,,,,,,,,,,150.7,100,150.8,150,,,,,,,,,,,,,,,,
2026-07-08T20:03:33.649094+00:00,2026-07-08T20:03:33.648993,2,2,150.5,0.4,150.3,100,150.2,100,,,,,,,,,,,,,,,,,150.7,100,150.8,150,,,,,,,,,,,,,,,,
2026-07-08T20:03:33.830852+00:00,2026-07-08T20:03:33.830774,1,1,150.45,0.5,150.2,100,,,,,,,,,,,,,,,,,,,150.7,100,,,,,,,,,,,,,,,,,,
2026-07-08T20:03:33.887760+00:00,2026-07-08T20:03:33.887715,2,1,150.45,0.5,150.2,100,150.1,150,,,,,,,,,,,,,,,,,150.7,100,,,,,,,,,,,,,,,,,,
2026-07-08T20:03:33.940806+00:00,2026-07-08T20:03:33.940763,2,2,150.4,0.4,150.2,100,150.1,150,,,,,,,,,,,,,,,,,150.6,150,150.7,100,,,,,,,,,,,,,,,,
2026-07-08T20:03:33.982105+00:00,2026-07-08T20:03:33.976303,2,2,150.4,0.4,150.2,100,150.1,150,,,,,,,,,,,,,,,,,150.6,138,150.7,100,,,,,,,,,,,,,,,,
2026-07-08T20:03:35.758550+00:00,2026-07-08T20:03:35.755916,2,2,150.4,0.4,150.2,50,150.1,150,,,,,,,,,,,,,,,,,150.6,138,150.7,100,,,,,,,,,,,,,,,,
2026-07-08T20:03:36.333978+00:00,2026-07-08T20:03:36.333891,1,1,150.35,0.5,150.1,150,,,,,,,,,,,,,,,,,,,150.6,138,,,,,,,,,,,,,,,,,,
2026-07-08T20:03:36.400710+00:00,2026-07-08T20:03:36.400554,1,1,150.35,0.5,150.1,150,,,,,,,,,,,,,,,,,,,150.6,38,,,,,,,,,,,,,,,,,,
2026-07-08T20:03:36.458603+00:00,2026-07-08T20:03:36.453730,1,2,150.35,0.5,150.1,150,,,,,,,,,,,,,,,,,,,150.6,38,151.2,100,,,,,,,,,,,,,,,,
2026-07-08T20:03:36.994312+00:00,2026-07-08T20:03:36.994250,1,1,150.65,1.1,150.1,150,,,,,,,,,,,,,,,,,,,151.2,100,,,,,,,,,,,,,,,,,,
2026-07-08T20:03:36.999318+00:00,2026-07-08T20:03:36.999386,0,1,,,,,,,,,,,,,,,,,,,,,,,151.2,100,,,,,,,,,,,,,,,,,,
2026-07-08T20:03:37.069865+00:00,2026-07-08T20:03:37.062967,1,1,151.05,0.3,150.9,138,,,,,,,,,,,,,,,,,,,151.2,100,,,,,,,,,,,,,,,,,,
2026-07-08T20:03:37.106995+00:00,2026-07-08T20:03:37.106863,1,2,151.05,0.3,150.9,138,,,,,,,,,,,,,,,,,,,151.2,100,151.4,150,,,,,,,,,,,,,,,,
2026-07-08T20:03:37.858602+00:00,2026-07-08T20:03:37.857687,1,2,151.05,0.3,150.9,88,,,,,,,,,,,,,,,,,,,151.2,100,151.4,150,,,,,,,,,,,,,,,,
2026-07-08T20:03:39.147534+00:00,2026-07-08T20:03:39.147439,1,2,151.05,0.3,150.9,47,,,,,,,,,,,,,,,,,,,151.2,100,151.4,150,,,,,,,,,,,,,,,,
2026-07-08T20:03:39.506948+00:00,2026-07-08T20:03:39.507064,1,1,151.15,0.5,150.9,47,,,,,,,,,,,,,,,,,,,151.4,150,,,,,,,,,,,,,,,,,,
2026-07-08T20:03:39.558613+00:00,2026-07-08T20:03:39.555303,2,1,151.15,0.5,150.9,47,150.4,100,,,,,,,,,,,,,,,,,151.4,150,,,,,,,,,,,,,,,,,,
2026-07-08T20:03:39.634728+00:00,2026-07-08T20:03:39.627297,1,2,150.65,0.5,150.4,100,,,,,,,,,,,,,,,,,,,150.9,41,151.4,150,,,,,,,,,,,,,,,,
2026-07-08T20:03:39.968308+00:00,2026-07-08T20:03:39.968440,1,2,150.65,0.5,150.4,50,,,,,,,,,,,,,,,,,,,150.9,41,151.4,150,,,,,,,,,,,,,,,,
2026-07-08T20:03:40.163964+00:00,2026-07-08T20:03:40.163750,1,1,150.65,0.5,150.4,50,,,,,,,,,,,,,,,,,,,150.9,41,,,,,,,,,,,,,,,,,,
2026-07-08T20:03:40.192536+00:00,2026-07-08T20:03:40.192430,1,0,,,150.4,50,,,,,,,,,,,,,,,,,,,,,,,,,,,,,,,,,,,,,,
2026-07-08T20:03:40.213607+00:00,2026-07-08T20:03:40.213555,2,0,,,150.6,150,150.4,50,,,,,,,,,,,,,,,,,,,,,,,,,,,,,,,,,,,,
2026-07-08T20:03:40.267029+00:00,2026-07-08T20:03:40.267105,2,1,150.85,0.5,150.6,150,150.4,50,,,,,,,,,,,,,,,,,151.1,150,,,,,,,,,,,,,,,,,,
2026-07-08T20:03:42.028954+00:00,2026-07-08T20:03:42.028859,2,1,150.85,0.5,150.6,150,150.4,50,,,,,,,,,,,,,,,,,151.1,100,,,,,,,,,,,,,,,,,,
2026-07-08T20:03:42.335192+00:00,2026-07-08T20:03:42.335132,2,1,150.85,0.5,150.6,108,150.4,50,,,,,,,,,,,,,,,,,151.1,100,,,,,,,,,,,,,,,,,,
2026-07-08T20:03:42.669519+00:00,2026-07-08T20:03:42.669416,1,1,150.85,0.5,150.6,108,,,,,,,,,,,,,,,,,,,151.1,100,,,,,,,,,,,,,,,,,,
2026-07-08T20:03:42.724243+00:00,2026-07-08T20:03:42.724128,2,1,150.85,0.5,150.6,108,150.4,100,,,,,,,,,,,,,,,,,151.1,100,,,,,,,,,,,,,,,,,,
2026-07-08T20:03:42.786071+00:00,2026-07-08T20:03:42.786030,2,2,150.75,0.3,150.6,108,150.4,100,,,,,,,,,,,,,,,,,150.9,100,151.1,100,,,,,,,,,,,,,,,,
2026-07-08T20:03:43.321360+00:00,2026-07-08T20:03:43.321246,1,1,150.65,0.5,150.4,100,,,,,,,,,,,,,,,,,,,150.9,100,,,,,,,,,,,,,,,,,,
2026-07-08T20:03:43.375969+00:00,2026-07-08T20:03:43.375864,2,1,150.7,0.4,150.5,150,150.4,100,,,,,,,,,,,,,,,,,150.9,100,,,,,,,,,,,,,,,,,,
2026-07-08T20:03:43.430193+00:00,2026-07-08T20:03:43.430121,2,2,150.7,0.4,150.5,150,150.4,100,,,,,,,,,,,,,,,,,150.9,100,151.0,150,,,,,,,,,,,,,,,,
2026-07-08T20:03:43.774712+00:00,2026-07-08T20:03:43.774608,2,2,150.7,0.4,150.5,150,150.4,100,,,,,,,,,,,,,,,,,150.9,52,151.0,150,,,,,,,,,,,,,,,,
2026-07-08T20:03:44.163663+00:00,2026-07-08T20:03:44.163907,2,2,150.7,0.4,150.5,150,150.4,100,,,,,,,,,,,,,,,,,150.9,2,151.0,150,,,,,,,,,,,,,,,,
2026-07-08T20:03:44.885337+00:00,2026-07-08T20:03:44.885478,2,2,150.7,0.4,150.5,102,150.4,100,,,,,,,,,,,,,,,,,150.9,2,151.0,150,,,,,,,,,,,,,,,,
2026-07-08T20:03:45.840569+00:00,2026-07-08T20:03:45.840462,1,1,150.75,0.5,150.5,102,,,,,,,,,,,,,,,,,,,151.0,150,,,,,,,,,,,,,,,,,,
2026-07-08T20:03:45.897433+00:00,2026-07-08T20:03:45.897523,2,1,150.85,0.3,150.7,100,150.5,102,,,,,,,,,,,,,,,,,151.0,150,,,,,,,,,,,,,,,,,,
2026-07-08T20:03:45.944029+00:00,2026-07-08T20:03:45.943992,2,1,150.85,0.3,150.7,100,150.5,102,,,,,,,,,,,,,,,,,151.0,107,,,,,,,,,,,,,,,,,,
2026-07-08T20:03:45.949072+00:00,2026-07-08T20:03:45.949171,2,2,150.85,0.3,150.7,100,150.5,102,,,,,,,,,,,,,,,,,151.0,107,151.2,100,,,,,,,,,,,,,,,,
2026-07-08T20:03:46.293668+00:00,2026-07-08T20:03:46.293551,2,2,150.85,0.3,150.7,50,150.5,102,,,,,,,,,,,,,,,,,151.0,107,151.2,100,,,,,,,,,,,,,,,,
2026-07-08T20:03:46.484659+00:00,2026-07-08T20:03:46.484609,1,1,150.95,0.5,150.7,50,,,,,,,,,,,,,,,,,,,151.2,100,,,,,,,,,,,,,,,,,,
2026-07-08T20:03:46.537752+00:00,2026-07-08T20:03:46.537847,2,1,150.95,0.5,150.7,50,150.4,150,,,,,,,,,,,,,,,,,151.2,100,,,,,,,,,,,,,,,,,,
2026-07-08T20:03:46.591227+00:00,2026-07-08T20:03:46.591109,2,2,150.8,0.2,150.7,50,150.4,150,,,,,,,,,,,,,,,,,150.9,150,151.2,100,,,,,,,,,,,,,,,,
2026-07-08T20:03:47.097297+00:00,2026-07-08T20:03:47.091121,2,2,150.8,0.2,150.7,50,150.4,150,,,,,,,,,,,,,,,,,150.9,139,151.2,100,,,,,,,,,,,,,,,,
2026-07-08T20:03:48.349310+00:00,2026-07-08T20:03:48.349536,2,2,150.8,0.2,150.7,50,150.4,150,,,,,,,,,,,,,,,,,150.9,89,151.2,100,,,,,,,,,,,,,,,,
2026-07-08T20:03:48.975984+00:00,2026-07-08T20:03:48.976137,2,2,150.8,0.2,150.7,2,150.4,150,,,,,,,,,,,,,,,,,150.9,89,151.2,100,,,,,,,,,,,,,,,,
2026-07-08T20:03:49.003596+00:00,2026-07-08T20:03:49.003720,1,1,150.65,0.5,150.4,150,,,,,,,,,,,,,,,,,,,150.9,89,,,,,,,,,,,,,,,,,,
2026-07-08T20:03:49.058589+00:00,2026-07-08T20:03:49.053427,2,1,150.7,0.4,150.5,100,150.4,150,,,,,,,,,,,,,,,,,150.9,89,,,,,,,,,,,,,,,,,,
2026-07-08T20:03:49.108631+00:00,2026-07-08T20:03:49.108776,2,2,150.7,0.4,150.5,100,150.4,150,,,,,,,,,,,,,,,,,150.9,89,151.0,100,,,,,,,,,,,,,,,,
2026-07-08T20:03:49.646300+00:00,2026-07-08T20:03:49.646248,1,1,150.75,0.5,150.5,100,,,,,,,,,,,,,,,,,,,151.0,100,,,,,,,,,,,,,,,,,,
2026-07-08T20:03:49.728596+00:00,2026-07-08T20:03:49.728433,2,1,150.9,0.2,150.8,150,150.5,100,,,,,,,,,,,,,,,,,151.0,100,,,,,,,,,,,,,,,,,,
2026-07-08T20:03:49.779254+00:00,2026-07-08T20:03:49.779199,2,2,150.9,0.2,150.8,150,150.5,100,,,,,,,,,,,,,,,,,151.0,100,151.3,150,,,,,,,,,,,,,,,,
2026-07-08T20:03:50.458631+00:00,2026-07-08T20:03:50.457602,2,2,150.9,0.2,150.8,150,150.5,100,,,,,,,,,,,,,,,,,151.0,50,151.3,150,,,,,,,,,,,,,,,,
2026-07-08T20:03:52.184905+00:00,2026-07-08T20:03:52.158728,1,1,151.05,0.5,150.8,150,,,,,,,,,,,,,,,,,,,151.3,150,,,,,,,,,,,,,,,,,,
2026-07-08T20:03:52.221513+00:00,2026-07-08T20:03:52.221453,2,1,151.05,0.5,150.8,150,150.6,100,,,,,,,,,,,,,,,,,151.3,150,,,,,,,,,,,,,,,,,,
2026-07-08T20:03:52.277986+00:00,2026-07-08T20:03:52.277850,2,2,150.95,0.3,150.8,150,150.6,100,,,,,,,,,,,,,,,,,151.1,100,151.3,150,,,,,,,,,,,,,,,,
2026-07-08T20:03:52.558674+00:00,2026-07-08T20:03:52.555523,2,2,150.95,0.3,150.8,150,150.6,100,,,,,,,,,,,,,,,,,151.1,50,151.3,150,,,,,,,,,,,,,,,,
2026-07-08T20:03:52.835626+00:00,2026-07-08T20:03:52.835555,1,1,150.85,0.5,150.6,100,,,,,,,,,,,,,,,,,,,151.1,50,,,,,,,,,,,,,,,,,,
2026-07-08T20:03:52.889133+00:00,2026-07-08T20:03:52.889106,2,1,151.05,0.1,151.0,150,150.6,100,,,,,,,,,,,,,,,,,151.1,50,,,,,,,,,,,,,,,,,,
2026-07-08T20:03:52.942560+00:00,2026-07-08T20:03:52.942507,2,2,151.05,0.1,151.0,150,150.6,100,,,,,,,,,,,,,,,,,151.1,50,151.5,150,,,,,,,,,,,,,,,,
2026-07-08T20:03:53.696530+00:00,2026-07-08T20:03:53.690692,2,2,151.05,0.1,151.0,139,150.6,100,,,,,,,,,,,,,,,,,151.1,50,151.5,150,,,,,,,,,,,,,,,,
2026-07-08T20:03:54.247390+00:00,2026-07-08T20:03:54.247222,2,2,151.05,0.1,151.0,139,150.6,100,,,,,,,,,,,,,,,,,151.1,8,151.5,150,,,,,,,,,,,,,,,,
2026-07-08T20:03:54.724670+00:00,2026-07-08T20:03:54.724612,2,2,151.05,0.1,151.0,89,150.6,100,,,,,,,,,,,,,,,,,151.1,8,151.5,150,,,,,,,,,,,,,,,,
2026-07-08T20:03:55.308043+00:00,2026-07-08T20:03:55.307974,2,1,151.25,0.5,151.0,89,150.6,100,,,,,,,,,,,,,,,,,151.5,150,,,,,,,,,,,,,,,,,,
2026-07-08T20:03:55.331402+00:00,2026-07-08T20:03:55.331291,1,1,151.25,0.5,151.0,89,,,,,,,,,,,,,,,,,,,151.5,150,,,,,,,,,,,,,,,,,,
2026-07-08T20:03:55.384333+00:00,2026-07-08T20:03:55.384242,1,1,151.25,0.5,151.0,189,,,,,,,,,,,,,,,,,,,151.5,150,,,,,,,,,,,,,,,,,,
2026-07-08T20:03:55.434371+00:00,2026-07-08T20:03:55.434279,1,1,151.25,0.5,151.0,189,,,,,,,,,,,,,,,,,,,151.5,250,,,,,,,,,,,,,,,,,,
2026-07-08T20:03:55.996902+00:00,2026-07-08T20:03:55.996816,1,1,151.25,0.5,151.0,100,,,,,,,,,,,,,,,,,,,151.5,100,,,,,,,,,,,,,,,,,,
2026-07-08T20:03:56.051096+00:00,2026-07-08T20:03:56.051057,2,1,151.25,0.5,151.0,100,150.7,150,,,,,,,,,,,,,,,,,151.5,100,,,,,,,,,,,,,,,,,,
2026-07-08T20:03:56.102247+00:00,2026-07-08T20:03:56.102129,2,2,151.1,0.2,151.0,100,150.7,150,,,,,,,,,,,,,,,,,151.2,150,151.5,100,,,,,,,,,,,,,,,,
2026-07-08T20:03:58.486504+00:00,2026-07-08T20:03:58.486450,1,1,150.95,0.5,150.7,150,,,,,,,,,,,,,,,,,,,151.2,150,,,,,,,,,,,,,,,,,,
2026-07-08T20:03:58.545283+00:00,2026-07-08T20:03:58.545106,1,1,150.95,0.5,150.7,150,,,,,,,,,,,,,,,,,,,151.2,50,,,,,,,,,,,,,,,,,,
2026-07-08T20:03:58.599202+00:00,2026-07-08T20:03:58.599118,1,2,150.95,0.5,150.7,150,,,,,,,,,,,,,,,,,,,151.2,50,151.7,100,,,,,,,,,,,,,,,,
2026-07-08T20:03:59.158607+00:00,2026-07-08T20:03:59.150573,0,1,,,,,,,,,,,,,,,,,,,,,,,151.7,100,,,,,,,,,,,,,,,,,,
2026-07-08T20:03:59.226859+00:00,2026-07-08T20:03:59.220075,1,1,151.55,0.3,151.4,138,,,,,,,,,,,,,,,,,,,151.7,100,,,,,,,,,,,,,,,,,,
2026-07-08T20:03:59.266754+00:00,2026-07-08T20:03:59.266692,1,2,151.55,0.3,151.4,138,,,,,,,,,,,,,,,,,,,151.7,100,151.9,150,,,,,,,,,,,,,,,,
2026-07-08T20:04:01.032483+00:00,2026-07-08T20:04:01.032434,1,2,151.55,0.3,151.4,88,,,,,,,,,,,,,,,,,,,151.7,100,151.9,150,,,,,,,,,,,,,,,,
2026-07-08T20:04:01.648073+00:00,2026-07-08T20:04:01.647992,1,1,151.65,0.5,151.4,88,,,,,,,,,,,,,,,,,,,151.9,150,,,,,,,,,,,,,,,,,,
2026-07-08T20:04:01.701981+00:00,2026-07-08T20:04:01.701913,2,1,151.65,0.5,151.4,88,150.9,100,,,,,,,,,,,,,,,,,151.9,150,,,,,,,,,,,,,,,,,,
2026-07-08T20:04:01.763933+00:00,2026-07-08T20:04:01.763807,1,2,151.15,0.5,150.9,100,,,,,,,,,,,,,,,,,,,151.4,12,151.9,150,,,,,,,,,,,,,,,,
2026-07-08T20:04:02.323201+00:00,2026-07-08T20:04:02.323071,1,1,151.15,0.5,150.9,100,,,,,,,,,,,,,,,,,,,151.4,12,,,,,,,,,,,,,,,,,,
2026-07-08T20:04:02.374239+00:00,2026-07-08T20:04:02.374350,2,1,151.15,0.5,150.9,100,150.7,150,,,,,,,,,,,,,,,,,151.4,12,,,,,,,,,,,,,,,,,,
2026-07-08T20:04:02.428388+00:00,2026-07-08T20:04:02.428472,2,2,151.05,0.3,150.9,100,150.7,150,,,,,,,,,,,,,,,,,151.2,150,151.4,12,,,,,,,,,,,,,,,,
2026-07-08T20:04:02.880078+00:00,2026-07-08T20:04:02.874365,2,2,151.05,0.3,150.9,100,150.7,150,,,,,,,,,,,,,,,,,151.2,138,151.4,12,,,,,,,,,,,,,,,,
2026-07-08T20:04:04.816802+00:00,2026-07-08T20:04:04.816746,1,1,150.95,0.5,150.7,150,,,,,,,,,,,,,,,,,,,151.2,138,,,,,,,,,,,,,,,,,,
2026-07-08T20:04:04.874796+00:00,2026-07-08T20:04:04.874699,1,1,150.95,0.5,150.7,150,,,,,,,,,,,,,,,,,,,151.2,38,,,,,,,,,,,,,,,,,,
2026-07-08T20:04:04.927053+00:00,2026-07-08T20:04:04.927014,1,2,150.95,0.5,150.7,150,,,,,,,,,,,,,,,,,,,151.2,38,151.7,100,,,,,,,,,,,,,,,,
2026-07-08T20:04:05.244979+00:00,2026-07-08T20:04:05.244905,1,2,150.95,0.5,150.7,100,,,,,,,,,,,,,,,,,,,151.2,38,151.7,100,,,,,,,,,,,,,,,,
2026-07-08T20:04:05.484848+00:00,2026-07-08T20:04:05.484679,0,1,,,,,,,,,,,,,,,,,,,,,,,151.7,100,,,,,,,,,,,,,,,,,,
2026-07-08T20:04:05.540222+00:00,2026-07-08T20:04:05.540104,1,1,151.35,0.7,151.0,150,,,,,,,,,,,,,,,,,,,151.7,100,,,,,,,,,,,,,,,,,,
2026-07-08T20:04:05.591751+00:00,2026-07-08T20:04:05.591700,1,2,151.25,0.5,151.0,150,,,,,,,,,,,,,,,,,,,151.5,150,151.7,100,,,,,,,,,,,,,,,,
2026-07-08T20:04:05.970000+00:00,2026-07-08T20:04:05.969838,1,2,151.25,0.5,151.0,102,,,,,,,,,,,,,,,,,,,151.5,150,151.7,100,,,,,,,,,,,,,,,,
2026-07-08T20:04:07.976857+00:00,2026-07-08T20:04:07.976758,1,1,151.25,0.5,151.0,102,,,,,,,,,,,,,,,,,,,151.5,150,,,,,,,,,,,,,,,,,,
2026-07-08T20:04:08.029070+00:00,2026-07-08T20:04:08.028999,1,1,151.25,0.5,151.0,202,,,,,,,,,,,,,,,,,,,151.5,150,,,,,,,,,,,,,,,,,,
2026-07-08T20:04:08.082039+00:00,2026-07-08T20:04:08.081960,1,1,151.25,0.5,151.0,202,,,,,,,,,,,,,,,,,,,151.5,250,,,,,,,,,,,,,,,,,,
2026-07-08T20:04:08.646004+00:00,2026-07-08T20:04:08.646198,1,1,151.25,0.5,151.0,202,,,,,,,,,,,,,,,,,,,151.5,100,,,,,,,,,,,,,,,,,,
2026-07-08T20:04:08.651315+00:00,2026-07-08T20:04:08.651409,1,1,151.25,0.5,151.0,100,,,,,,,,,,,,,,,,,,,151.5,100,,,,,,,,,,,,,,,,,,
2026-07-08T20:04:08.703737+00:00,2026-07-08T20:04:08.703906,2,1,151.25,0.5,151.0,100,150.9,150,,,,,,,,,,,,,,,,,151.5,100,,,,,,,,,,,,,,,,,,
2026-07-08T20:04:08.758639+00:00,2026-07-08T20:04:08.752735,2,2,151.2,0.4,151.0,100,150.9,150,,,,,,,,,,,,,,,,,151.4,150,151.5,100,,,,,,,,,,,,,,,,
2026-07-08T20:04:09.184270+00:00,2026-07-08T20:04:09.184196,2,2,151.2,0.4,151.0,100,150.9,150,,,,,,,,,,,,,,,,,151.4,107,151.5,100,,,,,,,,,,,,,,,,
2026-07-08T20:04:09.244545+00:00,2026-07-08T20:04:09.244384,2,2,151.2,0.4,151.0,54,150.9,150,,,,,,,,,,,,,,,,,151.4,107,151.5,100,,,,,,,,,,,,,,,,
2026-07-08T20:04:11.137565+00:00,2026-07-08T20:04:11.137414,1,1,151.15,0.5,150.9,150,,,,,,,,,,,,,,,,,,,151.4,107,,,,,,,,,,,,,,,,,,
2026-07-08T20:04:11.190753+00:00,2026-07-08T20:04:11.190598,1,1,151.15,0.5,150.9,250,,,,,,,,,,,,,,,,,,,151.4,107,,,,,,,,,,,,,,,,,,
2026-07-08T20:04:11.201071+00:00,2026-07-08T20:04:11.201005,1,1,151.15,0.5,150.9,204,,,,,,,,,,,,,,,,,,,151.4,107,,,,,,,,,,,,,,,,,,
2026-07-08T20:04:11.244303+00:00,2026-07-08T20:04:11.244253,1,1,151.15,0.5,150.9,204,,,,,,,,,,,,,,,,,,,151.4,207,,,,,,,,,,,,,,,,,,
2026-07-08T20:04:11.580608+00:00,2026-07-08T20:04:11.580550,1,1,151.15,0.5,150.9,154,,,,,,,,,,,,,,,,,,,151.4,207,,,,,,,,,,,,,,,,,,
2026-07-08T20:04:11.807076+00:00,2026-07-08T20:04:11.806989,1,1,151.15,0.5,150.9,100,,,,,,,,,,,,,,,,,,,151.4,100,,,,,,,,,,,,,,,,,,
2026-07-08T20:04:11.858596+00:00,2026-07-08T20:04:11.858009,2,1,151.15,0.5,150.9,100,150.7,150,,,,,,,,,,,,,,,,,151.4,100,,,,,,,,,,,,,,,,,,
