recv_time,book_timestamp,n_bids,n_asks,mid,spread,bid_px_0,bid_vol_0,bid_px_1,bid_vol_1,bid_px_2,bid_vol_2,bid_px_3,bid_vol_3,bid_px_4,bid_vol_4,bid_px_5,bid_vol_5,bid_px_6,bid_vol_6,bid_px_7,bid_vol_7,bid_px_8,bid_vol_8,bid_px_9,bid_vol_9,ask_px_0,ask_vol_0,ask_px_1,ask_vol_1,ask_px_2,ask_vol_2,ask_px_3,ask_vol_3,ask_px_4,ask_vol_4,ask_px_5,ask_vol_5,ask_px_6,ask_vol_6,ask_px_7,ask_vol_7,ask_px_8,ask_vol_8,ask_px_9,ask_vol_9
2026-07-07T20:00:00.879884+00:00,2026-07-07T20:00:00.879854,2,2,134.85,0.5,134.6,116,134.3,100,,,,,,,,,,,,,,,,,135.1,82,135.2,12,,,,,,,,,,,,,,,,
2026-07-07T20:00:00.921502+00:00,2026-07-07T20:00:00.881788,3,2,134.9,0.4,134.7,1,134.6,116,134.3,100,,,,,,,,,,,,,,,135.1,82,135.2,12,,,,,,,,,,,,,,,,
2026-07-07T20:00:01.400619+00:00,2026-07-07T20:00:01.400570,2,1,134.85,0.5,134.6,116,134.3,100,,,,,,,,,,,,,,,,,135.1,82,,,,,,,,,,,,,,,,,,
2026-07-07T20:00:01.405858+00:00,2026-07-07T20:00:01.405763,3,2,134.95,0.3,134.8,1,134.6,116,134.3,100,,,,,,,,,,,,,,,135.1,82,135.2,12,,,,,,,,,,,,,,,,
2026-07-07T20:00:01.825337+00:00,2026-07-07T20:00:01.825227,2,2,134.95,0.3,134.8,1,134.6,116,,,,,,,,,,,,,,,,,135.1,82,135.2,12,,,,,,,,,,,,,,,,
2026-07-07T20:00:01.886977+00:00,2026-07-07T20:00:01.886875,3,2,134.95,0.3,134.8,1,134.6,116,134.4,100,,,,,,,,,,,,,,,135.1,82,135.2,12,,,,,,,,,,,,,,,,
2026-07-07T20:00:01.911484+00:00,2026-07-07T20:00:01.911449,2,1,135.0,0.4,134.8,1,134.4,100,,,,,,,,,,,,,,,,,135.2,12,,,,,,,,,,,,,,,,,,
2026-07-07T20:00:01.939156+00:00,2026-07-07T20:00:01.939053,2,2,134.85,0.1,134.8,1,134.4,100,,,,,,,,,,,,,,,,,134.9,100,135.2,12,,,,,,,,,,,,,,,,
2026-07-07T20:00:01.988673+00:00,2026-07-07T20:00:01.959072,3,2,134.85,0.1,134.8,1,134.6,150,134.4,100,,,,,,,,,,,,,,,134.9,100,135.2,12,,,,,,,,,,,,,,,,
2026-07-07T20:00:02.035080+00:00,2026-07-07T20:00:02.012462,3,3,134.85,0.1,134.8,1,134.6,150,134.4,100,,,,,,,,,,,,,,,134.9,100,135.1,150,135.2,12,,,,,,,,,,,,,,
2026-07-07T20:00:02.988507+00:00,2026-07-07T20:00:02.988423,3,3,134.85,0.1,134.8,1,134.6,150,134.4,100,,,,,,,,,,,,,,,134.9,50,135.1,150,135.2,12,,,,,,,,,,,,,,
2026-07-07T20:00:04.445449+00:00,2026-07-07T20:00:04.438492,2,3,134.75,0.3,134.6,150,134.4,100,,,,,,,,,,,,,,,,,134.9,50,135.1,150,135.2,12,,,,,,,,,,,,,,
2026-07-07T20:00:04.670494+00:00,2026-07-07T20:00:04.670397,2,3,134.75,0.3,134.6,150,134.4,100,,,,,,,,,,,,,,,,,134.9,50,135.1,150,135.2,12,,,,,,,,,,,,,,
2026-07-07T20:00:04.995698+00:00,2026-07-07T20:00:04.995816,1,2,134.85,0.5,134.6,150,,,,,,,,,,,,,,,,,,,135.1,150,135.2,12,,,,,,,,,,,,,,,,
2026-07-07T20:00:05.050560+00:00,2026-07-07T20:00:05.050502,2,2,134.9,0.4,134.7,100,134.6,150,,,,,,,,,,,,,,,,,135.1,150,135.2,12,,,,,,,,,,,,,,,,
2026-07-07T20:00:05.072357+00:00,2026-07-07T20:00:05.072305,2,1,134.95,0.5,134.7,100,134.6,150,,,,,,,,,,,,,,,,,135.2,12,,,,,,,,,,,,,,,,,,
2026-07-07T20:00:05.077592+00:00,2026-07-07T20:00:05.077463,1,1,134.95,0.5,134.7,100,,,,,,,,,,,,,,,,,,,135.2,12,,,,,,,,,,,,,,,,,,
2026-07-07T20:00:05.098014+00:00,2026-07-07T20:00:05.097910,1,0,,,134.7,100,,,,,,,,,,,,,,,,,,,,,,,,,,,,,,,,,,,,,,
2026-07-07T20:00:05.103257+00:00,2026-07-07T20:00:05.103169,1,1,134.95,0.5,134.7,100,,,,,,,,,,,,,,,,,,,135.2,100,,,,,,,,,,,,,,,,,,
2026-07-07T20:00:05.131041+00:00,2026-07-07T20:00:05.130952,1,1,134.95,0.5,134.7,250,,,,,,,,,,,,,,,,,,,135.2,100,,,,,,,,,,,,,,,,,,
2026-07-07T20:00:05.179628+00:00,2026-07-07T20:00:05.179527,2,1,135.0,0.4,134.8,12,134.7,250,,,,,,,,,,,,,,,,,135.2,100,,,,,,,,,,,,,,,,,,
2026-07-07T20:00:05.190445+00:00,2026-07-07T20:00:05.190365,2,2,134.95,0.3,134.8,12,134.7,250,,,,,,,,,,,,,,,,,135.1,150,135.2,100,,,,,,,,,,,,,,,,
2026-07-07T20:00:05.206225+00:00,2026-07-07T20:00:05.206123,2,2,134.95,0.3,134.8,12,134.7,250,,,,,,,,,,,,,,,,,135.1,150,135.2,112,,,,,,,,,,,,,,,,
2026-07-07T20:00:07.205821+00:00,2026-07-07T20:00:07.205765,2,2,134.95,0.3,134.8,12,134.7,250,,,,,,,,,,,,,,,,,135.1,100,135.2,112,,,,,,,,,,,,,,,,
2026-07-07T20:00:08.159400+00:00,2026-07-07T20:00:08.159341,2,2,134.95,0.3,134.8,12,134.7,150,,,,,,,,,,,,,,,,,135.1,100,135.2,12,,,,,,,,,,,,,,,,
2026-07-07T20:00:08.213660+00:00,2026-07-07T20:00:08.213617,2,2,134.95,0.3,134.8,112,134.7,150,,,,,,,,,,,,,,,,,135.1,100,135.2,12,,,,,,,,,,,,,,,,
2026-07-07T20:00:08.226695+00:00,2026-07-07T20:00:08.226636,2,1,134.95,0.3,134.8,100,134.7,150,,,,,,,,,,,,,,,,,135.1,100,,,,,,,,,,,,,,,,,,
2026-07-07T20:00:08.231707+00:00,2026-07-07T20:00:08.231846,3,2,135.0,0.2,134.9,12,134.8,100,134.7,150,,,,,,,,,,,,,,,135.1,100,135.4,12,,,,,,,,,,,,,,,,
2026-07-07T20:00:08.244172+00:00,2026-07-07T20:00:08.244082,2,1,135.15,0.5,134.9,12,134.8,100,,,,,,,,,,,,,,,,,135.4,12,,,,,,,,,,,,,,,,,,
2026-07-07T20:00:08.267277+00:00,2026-07-07T20:00:08.267209,2,2,135.1,0.4,134.9,12,134.8,100,,,,,,,,,,,,,,,,,135.3,100,135.4,12,,,,,,,,,,,,,,,,
2026-07-07T20:00:08.304149+00:00,2026-07-07T20:00:08.304042,3,2,135.15,0.3,135.0,150,134.9,12,134.8,100,,,,,,,,,,,,,,,135.3,100,135.4,12,,,,,,,,,,,,,,,,
2026-07-07T20:00:08.358667+00:00,2026-07-07T20:00:08.352619,3,3,135.15,0.3,135.0,150,134.9,12,134.8,100,,,,,,,,,,,,,,,135.3,100,135.4,12,135.5,150,,,,,,,,,,,,,,
2026-07-07T20:00:08.739618+00:00,2026-07-07T20:00:08.739721,2,3,135.15,0.3,135.0,150,134.8,100,,,,,,,,,,,,,,,,,135.3,100,135.4,12,135.5,150,,,,,,,,,,,,,,
2026-07-07T20:00:08.744987+00:00,2026-07-07T20:00:08.744880,2,2,135.15,0.3,135.0,150,134.8,100,,,,,,,,,,,,,,,,,135.3,100,135.5,150,,,,,,,,,,,,,,,,
2026-07-07T20:00:08.750263+00:00,2026-07-07T20:00:08.750144,3,2,135.2,0.2,135.1,12,135.0,150,134.8,100,,,,,,,,,,,,,,,135.3,100,135.5,162,,,,,,,,,,,,,,,,
2026-07-07T20:00:09.071874+00:00,2026-07-07T20:00:09.071770,3,2,135.2,0.2,135.1,12,135.0,150,134.8,100,,,,,,,,,,,,,,,135.3,51,135.5,162,,,,,,,,,,,,,,,,
2026-07-07T20:00:09.318838+00:00,2026-07-07T20:00:09.318992,3,2,135.2,0.2,135.1,12,135.0,150,134.8,100,,,,,,,,,,,,,,,135.3,1,135.5,162,,,,,,,,,,,,,,,,
2026-07-07T20:00:10.211095+00:00,2026-07-07T20:00:10.210967,2,2,135.15,0.3,135.0,118,134.8,100,,,,,,,,,,,,,,,,,135.3,1,135.5,162,,,,,,,,,,,,,,,,
2026-07-07T20:00:11.322392+00:00,2026-07-07T20:00:11.322298,1,1,135.25,0.5,135.0,118,,,,,,,,,,,,,,,,,,,135.5,162,,,,,,,,,,,,,,,,,,
2026-07-07T20:00:11.368188+00:00,2026-07-07T20:00:11.368043,1,1,135.25,0.5,135.0,118,,,,,,,,,,,,,,,,,,,135.5,120,,,,,,,,,,,,,,,,,,
2026-07-07T20:00:11.373129+00:00,2026-07-07T20:00:11.373217,2,1,135.35,0.3,135.2,100,135.0,118,,,,,,,,,,,,,,,,,135.5,120,,,,,,,,,,,,,,,,,,
2026-07-07T20:00:11.382101+00:00,2026-07-07T20:00:11.376793,2,1,135.35,0.3,135.2,89,135.0,118,,,,,,,,,,,,,,,,,135.5,120,,,,,,,,,,,,,,,,,,
2026-07-07T20:00:11.411312+00:00,2026-07-07T20:00:11.411196,2,1,135.35,0.3,135.2,89,135.0,118,,,,,,,,,,,,,,,,,135.5,12,,,,,,,,,,,,,,,,,,
2026-07-07T20:00:11.416556+00:00,2026-07-07T20:00:11.416375,1,1,135.35,0.3,135.2,89,,,,,,,,,,,,,,,,,,,135.5,12,,,,,,,,,,,,,,,,,,
2026-07-07T20:00:11.426919+00:00,2026-07-07T20:00:11.426819,1,2,135.35,0.3,135.2,89,,,,,,,,,,,,,,,,,,,135.5,12,135.7,100,,,,,,,,,,,,,,,,
2026-07-07T20:00:11.469653+00:00,2026-07-07T20:00:11.469550,2,2,135.35,0.3,135.2,89,135.1,150,,,,,,,,,,,,,,,,,135.5,12,135.7,100,,,,,,,,,,,,,,,,
2026-07-07T20:00:11.519510+00:00,2026-07-07T20:00:11.519476,2,2,135.4,0.4,135.2,89,135.1,150,,,,,,,,,,,,,,,,,135.6,162,135.7,100,,,,,,,,,,,,,,,,
2026-07-07T20:00:11.981182+00:00,2026-07-07T20:00:11.981089,2,2,135.4,0.4,135.2,89,135.1,150,,,,,,,,,,,,,,,,,135.6,120,135.7,100,,,,,,,,,,,,,,,,
2026-07-07T20:00:14.483217+00:00,2026-07-07T20:00:14.483127,1,1,135.35,0.5,135.1,150,,,,,,,,,,,,,,,,,,,135.6,120,,,,,,,,,,,,,,,,,,
2026-07-07T20:00:14.535368+00:00,2026-07-07T20:00:14.535335,1,1,135.35,0.5,135.1,150,,,,,,,,,,,,,,,,,,,135.6,108,,,,,,,,,,,,,,,,,,
2026-07-07T20:00:14.540570+00:00,2026-07-07T20:00:14.540536,2,2,135.5,0.2,135.4,100,135.1,150,,,,,,,,,,,,,,,,,135.6,108,135.7,12,,,,,,,,,,,,,,,,
2026-07-07T20:00:14.575469+00:00,2026-07-07T20:00:14.575399,1,1,135.55,0.3,135.4,100,,,,,,,,,,,,,,,,,,,135.7,12,,,,,,,,,,,,,,,,,,
2026-07-07T20:00:14.594733+00:00,2026-07-07T20:00:14.594707,1,2,135.55,0.3,135.4,100,,,,,,,,,,,,,,,,,,,135.7,12,135.9,100,,,,,,,,,,,,,,,,
2026-07-07T20:00:14.640912+00:00,2026-07-07T20:00:14.632174,2,2,135.6,0.2,135.5,139,135.4,100,,,,,,,,,,,,,,,,,135.7,12,135.9,100,,,,,,,,,,,,,,,,
2026-07-07T20:00:14.683624+00:00,2026-07-07T20:00:14.683818,2,3,135.6,0.2,135.5,139,135.4,100,,,,,,,,,,,,,,,,,135.7,12,135.9,100,136.0,150,,,,,,,,,,,,,,
2026-07-07T20:00:14.796142+00:00,2026-07-07T20:00:14.795994,2,2,135.7,0.4,135.5,139,135.4,100,,,,,,,,,,,,,,,,,135.9,100,136.0,150,,,,,,,,,,,,,,,,
2026-07-07T20:00:14.801321+00:00,2026-07-07T20:00:14.801176,2,3,135.6,0.2,135.5,139,135.4,100,,,,,,,,,,,,,,,,,135.7,12,135.9,100,136.0,150,,,,,,,,,,,,,,
2026-07-07T20:00:15.542789+00:00,2026-07-07T20:00:15.542725,2,3,135.6,0.2,135.5,93,135.4,100,,,,,,,,,,,,,,,,,135.7,12,135.9,100,136.0,150,,,,,,,,,,,,,,
2026-07-07T20:00:15.689789+00:00,2026-07-07T20:00:15.689664,2,3,135.6,0.2,135.5,43,135.4,100,,,,,,,,,,,,,,,,,135.7,12,135.9,100,136.0,150,,,,,,,,,,,,,,
2026-07-07T20:00:16.259315+00:00,2026-07-07T20:00:16.253964,2,3,135.6,0.2,135.5,32,135.4,100,,,,,,,,,,,,,,,,,135.7,12,135.9,100,136.0,150,,,,,,,,,,,,,,
2026-07-07T20:00:16.805341+00:00,2026-07-07T20:00:16.805281,2,2,135.7,0.4,135.5,32,135.4,100,,,,,,,,,,,,,,,,,135.9,100,136.0,150,,,,,,,,,,,,,,,,
2026-07-07T20:00:16.810374+00:00,2026-07-07T20:00:16.810458,2,2,135.7,0.4,135.5,32,135.4,100,,,,,,,,,,,,,,,,,135.9,112,136.0,150,,,,,,,,,,,,,,,,
2026-07-07T20:00:17.648956+00:00,2026-07-07T20:00:17.648935,1,2,135.7,0.4,135.5,32,,,,,,,,,,,,,,,,,,,135.9,12,136.0,150,,,,,,,,,,,,,,,,
2026-07-07T20:00:17.704686+00:00,2026-07-07T20:00:17.704863,2,2,135.75,0.3,135.6,100,135.5,32,,,,,,,,,,,,,,,,,135.9,12,136.0,150,,,,,,,,,,,,,,,,
2026-07-07T20:00:17.737633+00:00,2026-07-07T20:00:17.737582,1,1,135.75,0.3,135.6,100,,,,,,,,,,,,,,,,,,,135.9,12,,,,,,,,,,,,,,,,,,
2026-07-07T20:00:17.742869+00:00,2026-07-07T20:00:17.742813,1,0,,,135.6,100,,,,,,,,,,,,,,,,,,,,,,,,,,,,,,,,,,,,,,
2026-07-07T20:00:17.758595+00:00,2026-07-07T20:00:17.758481,1,1,135.85,0.5,135.6,100,,,,,,,,,,,,,,,,,,,136.1,100,,,,,,,,,,,,,,,,,,
2026-07-07T20:00:17.787680+00:00,2026-07-07T20:00:17.787804,2,1,135.85,0.5,135.6,100,135.2,150,,,,,,,,,,,,,,,,,136.1,100,,,,,,,,,,,,,,,,,,
2026-07-07T20:00:17.816606+00:00,2026-07-07T20:00:17.816739,2,2,135.8,0.4,135.6,112,135.2,150,,,,,,,,,,,,,,,,,136.0,12,136.1,100,,,,,,,,,,,,,,,,
2026-07-07T20:00:17.845184+00:00,2026-07-07T20:00:17.845106,2,3,135.65,0.1,135.6,112,135.2,150,,,,,,,,,,,,,,,,,135.7,150,136.0,12,136.1,100,,,,,,,,,,,,,,
2026-07-07T20:00:18.065501+00:00,2026-07-07T20:00:18.065467,2,3,135.65,0.1,135.6,63,135.2,150,,,,,,,,,,,,,,,,,135.7,150,136.0,12,136.1,100,,,,,,,,,,,,,,
2026-07-07T20:00:18.329013+00:00,2026-07-07T20:00:18.328920,2,2,135.65,0.1,135.6,51,135.2,150,,,,,,,,,,,,,,,,,135.7,150,136.1,100,,,,,,,,,,,,,,,,
2026-07-07T20:00:18.334009+00:00,2026-07-07T20:00:18.334127,3,3,135.65,0.1,135.6,51,135.5,12,135.2,150,,,,,,,,,,,,,,,135.7,150,135.8,12,136.1,100,,,,,,,,,,,,,,
2026-07-07T20:00:19.179461+00:00,2026-07-07T20:00:19.179321,3,3,135.65,0.1,135.6,51,135.5,12,135.2,150,,,,,,,,,,,,,,,135.7,104,135.8,12,136.1,100,,,,,,,,,,,,,,
2026-07-07T20:00:19.344058+00:00,2026-07-07T20:00:19.343989,2,2,135.65,0.1,135.6,51,135.2,150,,,,,,,,,,,,,,,,,135.7,104,136.1,100,,,,,,,,,,,,,,,,
2026-07-07T20:00:19.349259+00:00,2026-07-07T20:00:19.349169,2,2,135.65,0.1,135.6,63,135.2,150,,,,,,,,,,,,,,,,,135.7,104,136.1,100,,,,,,,,,,,,,,,,
2026-07-07T20:00:19.358591+00:00,2026-07-07T20:00:19.354342,2,3,135.65,0.1,135.6,63,135.2,150,,,,,,,,,,,,,,,,,135.7,104,136.0,12,136.1,100,,,,,,,,,,,,,,
2026-07-07T20:00:19.852805+00:00,2026-07-07T20:00:19.852666,2,3,135.65,0.1,135.6,63,135.2,150,,,,,,,,,,,,,,,,,135.7,54,136.0,12,136.1,100,,,,,,,,,,,,,,
2026-07-07T20:00:20.104629+00:00,2026-07-07T20:00:20.104558,2,3,135.65,0.1,135.6,63,135.2,150,,,,,,,,,,,,,,,,,135.7,7,136.0,12,136.1,100,,,,,,,,,,,,,,
2026-07-07T20:00:20.812282+00:00,2026-07-07T20:00:20.812413,2,2,135.65,0.1,135.6,12,135.2,150,,,,,,,,,,,,,,,,,135.7,7,136.0,12,,,,,,,,,,,,,,,,
2026-07-07T20:00:20.864146+00:00,2026-07-07T20:00:20.864095,3,2,135.65,0.1,135.6,12,135.5,100,135.2,150,,,,,,,,,,,,,,,135.7,7,136.0,12,,,,,,,,,,,,,,,,
2026-07-07T20:00:20.896969+00:00,2026-07-07T20:00:20.896885,3,1,135.8,0.4,135.6,12,135.5,100,135.2,150,,,,,,,,,,,,,,,136.0,12,,,,,,,,,,,,,,,,,,
2026-07-07T20:00:20.902134+00:00,2026-07-07T20:00:20.902046,2,1,135.8,0.4,135.6,12,135.5,100,,,,,,,,,,,,,,,,,136.0,12,,,,,,,,,,,,,,,,,,
2026-07-07T20:00:20.917369+00:00,2026-07-07T20:00:20.917319,2,1,135.8,0.4,135.6,12,135.5,100,,,,,,,,,,,,,,,,,136.0,112,,,,,,,,,,,,,,,,,,
2026-07-07T20:00:20.952872+00:00,2026-07-07T20:00:20.952799,3,1,135.9,0.2,135.8,150,135.6,12,135.5,100,,,,,,,,,,,,,,,136.0,112,,,,,,,,,,,,,,,,,,
2026-07-07T20:00:21.005290+00:00,2026-07-07T20:00:21.005431,3,2,135.9,0.2,135.8,150,135.6,12,135.5,100,,,,,,,,,,,,,,,136.0,112,136.3,150,,,,,,,,,,,,,,,,
2026-07-07T20:00:23.116846+00:00,2026-07-07T20:00:23.116797,2,2,135.9,0.2,135.8,150,135.5,100,,,,,,,,,,,,,,,,,136.0,100,136.3,150,,,,,,,,,,,,,,,,
2026-07-07T20:00:23.122055+00:00,2026-07-07T20:00:23.121995,2,3,135.85,0.1,135.8,150,135.5,112,,,,,,,,,,,,,,,,,135.9,12,136.0,100,136.3,150,,,,,,,,,,,,,,
2026-07-07T20:00:23.879718+00:00,2026-07-07T20:00:23.879688,2,2,135.9,0.2,135.8,150,135.5,100,,,,,,,,,,,,,,,,,136.0,100,136.3,150,,,,,,,,,,,,,,,,
2026-07-07T20:00:23.884784+00:00,2026-07-07T20:00:23.884960,3,2,135.9,0.2,135.8,150,135.6,12,135.5,100,,,,,,,,,,,,,,,136.0,100,136.3,150,,,,,,,,,,,,,,,,
2026-07-07T20:00:23.890182+00:00,2026-07-07T20:00:23.890148,3,3,135.85,0.1,135.8,150,135.6,12,135.5,100,,,,,,,,,,,,,,,135.9,12,136.0,100,136.3,150,,,,,,,,,,,,,,
2026-07-07T20:00:23.973667+00:00,2026-07-07T20:00:23.973789,2,2,135.85,0.1,135.8,150,135.6,12,,,,,,,,,,,,,,,,,135.9,12,136.3,150,,,,,,,,,,,,,,,,
2026-07-07T20:00:24.029066+00:00,2026-07-07T20:00:24.028909,3,2,135.85,0.1,135.8,150,135.6,12,135.4,100,,,,,,,,,,,,,,,135.9,12,136.3,150,,,,,,,,,,,,,,,,
2026-07-07T20:00:24.063823+00:00,2026-07-07T20:00:24.063773,2,1,135.75,0.3,135.6,12,135.4,100,,,,,,,,,,,,,,,,,135.9,12,,,,,,,,,,,,,,,,,,
2026-07-07T20:00:24.083317+00:00,2026-07-07T20:00:24.083271,2,1,135.75,0.3,135.6,12,135.4,100,,,,,,,,,,,,,,,,,135.9,112,,,,,,,,,,,,,,,,,,
2026-07-07T20:00:24.117840+00:00,2026-07-07T20:00:24.117732,2,1,135.8,0.2,135.7,150,135.4,100,,,,,,,,,,,,,,,,,135.9,112,,,,,,,,,,,,,,,,,,
2026-07-07T20:00:24.174261+00:00,2026-07-07T20:00:24.174138,2,2,135.8,0.2,135.7,150,135.4,100,,,,,,,,,,,,,,,,,135.9,112,136.2,150,,,,,,,,,,,,,,,,
2026-07-07T20:00:25.308654+00:00,2026-07-07T20:00:25.308585,2,2,135.8,0.2,135.7,107,135.4,100,,,,,,,,,,,,,,,,,135.9,112,136.2,150,,,,,,,,,,,,,,,,
2026-07-07T20:00:25.902972+00:00,2026-07-07T20:00:25.903071,2,2,135.8,0.2,135.7,107,135.4,100,,,,,,,,,,,,,,,,,135.9,100,136.2,150,,,,,,,,,,,,,,,,
2026-07-07T20:00:25.908362+00:00,2026-07-07T20:00:25.908270,2,3,135.8,0.2,135.7,107,135.4,100,,,,,,,,,,,,,,,,,135.9,100,136.0,12,136.2,150,,,,,,,,,,,,,,
2026-07-07T20:00:26.227716+00:00,2026-07-07T20:00:26.227647,2,3,135.8,0.2,135.7,57,135.4,100,,,,,,,,,,,,,,,,,135.9,100,136.0,12,136.2,150,,,,,,,,,,,,,,
2026-07-07T20:00:27.132367+00:00,2026-07-07T20:00:27.132315,2,2,135.85,0.3,135.7,57,135.4,100,,,,,,,,,,,,,,,,,136.0,12,136.2,150,,,,,,,,,,,,,,,,
2026-07-07T20:00:27.137613+00:00,2026-07-07T20:00:27.137509,1,2,135.85,0.3,135.7,57,,,,,,,,,,,,,,,,,,,136.0,12,136.2,150,,,,,,,,,,,,,,,,
2026-07-07T20:00:27.187451+00:00,2026-07-07T20:00:27.187338,2,2,135.85,0.3,135.7,57,135.5,100,,,,,,,,,,,,,,,,,136.0,12,136.2,150,,,,,,,,,,,,,,,,
2026-07-07T20:00:27.243269+00:00,2026-07-07T20:00:27.243200,2,1,135.85,0.3,135.7,57,135.5,100,,,,,,,,,,,,,,,,,136.0,12,,,,,,,,,,,,,,,,,,
2026-07-07T20:00:27.248589+00:00,2026-07-07T20:00:27.248437,1,1,135.75,0.5,135.5,100,,,,,,,,,,,,,,,,,,,136.0,112,,,,,,,,,,,,,,,,,,
2026-07-07T20:00:27.301262+00:00,2026-07-07T20:00:27.301425,1,1,135.75,0.5,135.5,250,,,,,,,,,,,,,,,,,,,136.0,112,,,,,,,,,,,,,,,,,,
2026-07-07T20:00:27.355601+00:00,2026-07-07T20:00:27.355514,1,1,135.75,0.5,135.5,250,,,,,,,,,,,,,,,,,,,136.0,262,,,,,,,,,,,,,,,,,,
2026-07-07T20:00:28.505565+00:00,2026-07-07T20:00:28.505449,1,1,135.75,0.5,135.5,204,,,,,,,,,,,,,,,,,,,136.0,262,,,,,,,,,,,,,,,,,,
2026-07-07T20:00:30.298237+00:00,2026-07-07T20:00:30.298099,1,1,135.75,0.5,135.5,204,,,,,,,,,,,,,,,,,,,136.0,162,,,,,,,,,,,,,,,,,,
2026-07-07T20:00:30.303177+00:00,2026-07-07T20:00:30.303268,1,1,135.75,0.5,135.5,150,,,,,,,,,,,,,,,,,,,136.0,162,,,,,,,,,,,,,,,,,,
2026-07-07T20:00:30.358652+00:00,2026-07-07T20:00:30.356968,1,1,135.75,0.5,135.5,250,,,,,,,,,,,,,,,,,,,136.0,162,,,,,,,,,,,,,,,,,,
2026-07-07T20:00:30.409882+00:00,2026-07-07T20:00:30.410020,1,1,135.75,0.5,135.5,100,,,,,,,,,,,,,,,,,,,136.0,112,,,,,,,,,,,,,,,,,,
2026-07-07T20:00:30.467238+00:00,2026-07-07T20:00:30.467135,2,1,135.8,0.4,135.6,150,135.5,100,,,,,,,,,,,,,,,,,136.0,112,,,,,,,,,,,,,,,,,,
2026-07-07T20:00:30.519409+00:00,2026-07-07T20:00:30.519314,2,2,135.8,0.4,135.6,150,135.5,100,,,,,,,,,,,,,,,,,136.0,112,136.1,150,,,,,,,,,,,,,,,,
2026-07-07T20:00:31.184390+00:00,2026-07-07T20:00:31.184237,2,2,135.8,0.4,135.6,150,135.5,100,,,,,,,,,,,,,,,,,136.0,100,136.1,150,,,,,,,,,,,,,,,,
2026-07-07T20:00:31.189606+00:00,2026-07-07T20:00:31.189512,2,2,135.8,0.4,135.6,150,135.5,100,,,,,,,,,,,,,,,,,136.0,100,136.1,162,,,,,,,,,,,,,,,,
2026-07-07T20:00:32.541398+00:00,2026-07-07T20:00:32.541566,2,2,135.8,0.4,135.6,100,135.5,100,,,,,,,,,,,,,,,,,136.0,100,136.1,162,,,,,,,,,,,,,,,,
2026-07-07T20:00:33.458621+00:00,2026-07-07T20:00:33.458085,1,1,135.85,0.5,135.6,100,,,,,,,,,,,,,,,,,,,136.1,162,,,,,,,,,,,,,,,,,,
2026-07-07T20:00:33.514975+00:00,2026-07-07T20:00:33.514904,2,1,135.85,0.5,135.6,100,135.4,100,,,,,,,,,,,,,,,,,136.1,162,,,,,,,,,,,,,,,,,,
2026-07-07T20:00:33.571392+00:00,2026-07-07T20:00:33.571314,1,2,135.65,0.5,135.4,100,,,,,,,,,,,,,,,,,,,135.9,100,136.1,12,,,,,,,,,,,,,,,,
2026-07-07T20:00:33.628630+00:00,2026-07-07T20:00:33.628733,2,2,135.65,0.5,135.4,100,135.3,150,,,,,,,,,,,,,,,,,135.9,100,136.1,12,,,,,,,,,,,,,,,,
2026-07-07T20:00:33.682135+00:00,2026-07-07T20:00:33.682010,2,3,135.6,0.4,135.4,100,135.3,150,,,,,,,,,,,,,,,,,135.8,150,135.9,100,136.1,12,,,,,,,,,,,,,,
2026-07-07T20:00:33.702469+00:00,2026-07-07T20:00:33.702358,2,3,135.6,0.4,135.4,100,135.3,150,,,,,,,,,,,,,,,,,135.8,150,135.9,100,136.0,12,,,,,,,,,,,,,,
2026-07-07T20:00:34.649107+00:00,2026-07-07T20:00:34.649055,2,3,135.6,0.4,135.4,50,135.3,150,,,,,,,,,,,,,,,,,135.8,150,135.9,100,136.0,12,,,,,,,,,,,,,,
2026-07-07T20:00:35.903545+00:00,2026-07-07T20:00:35.903838,2,3,135.6,0.4,135.4,50,135.3,150,,,,,,,,,,,,,,,,,135.8,102,135.9,100,136.0,12,,,,,,,,,,,,,,
2026-07-07T20:00:35.964932+00:00,2026-07-07T20:00:35.964870,2,2,135.6,0.4,135.4,50,135.3,150,,,,,,,,,,,,,,,,,135.8,102,135.9,112,,,,,,,,,,,,,,,,
2026-07-07T20:00:36.412082+00:00,2026-07-07T20:00:36.412000,2,2,135.6,0.4,135.4,10,135.3,150,,,,,,,,,,,,,,,,,135.8,102,135.9,112,,,,,,,,,,,,,,,,
2026-07-07T20:00:36.625462+00:00,2026-07-07T20:00:36.625373,1,2,135.55,0.5,135.3,150,,,,,,,,,,,,,,,,,,,135.8,102,135.9,12,,,,,,,,,,,,,,,,
2026-07-07T20:00:36.679561+00:00,2026-07-07T20:00:36.679480,2,2,135.55,0.5,135.3,150,134.9,100,,,,,,,,,,,,,,,,,135.8,102,135.9,12,,,,,,,,,,,,,,,,
2026-07-07T20:00:36.748733+00:00,2026-07-07T20:00:36.742780,1,2,135.15,0.5,134.9,100,,,,,,,,,,,,,,,,,,,135.4,89,135.9,12,,,,,,,,,,,,,,,,
2026-07-07T20:00:36.764412+00:00,2026-07-07T20:00:36.764308,1,2,135.15,0.5,134.9,50,,,,,,,,,,,,,,,,,,,135.4,89,135.9,12,,,,,,,,,,,,,,,,
2026-07-07T20:00:36.791652+00:00,2026-07-07T20:00:36.791569,2,2,135.35,0.1,135.3,150,134.9,50,,,,,,,,,,,,,,,,,135.4,89,135.9,12,,,,,,,,,,,,,,,,
2026-07-07T20:00:36.845280+00:00,2026-07-07T20:00:36.845173,2,3,135.35,0.1,135.3,150,134.9,50,,,,,,,,,,,,,,,,,135.4,89,135.8,150,135.9,12,,,,,,,,,,,,,,
2026-07-07T20:00:37.225019+00:00,2026-07-07T20:00:37.224936,2,2,135.35,0.1,135.3,150,134.9,50,,,,,,,,,,,,,,,,,135.4,89,135.8,162,,,,,,,,,,,,,,,,
2026-07-07T20:00:37.426492+00:00,2026-07-07T20:00:37.426462,2,2,135.35,0.1,135.3,150,134.9,50,,,,,,,,,,,,,,,,,135.4,41,135.8,162,,,,,,,,,,,,,,,,
2026-07-07T20:00:37.733069+00:00,2026-07-07T20:00:37.732951,2,3,135.35,0.1,135.3,150,134.9,50,,,,,,,,,,,,,,,,,135.4,41,135.7,12,135.8,150,,,,,,,,,,,,,,
2026-07-07T20:00:38.816466+00:00,2026-07-07T20:00:38.816573,2,2,135.5,0.4,135.3,150,134.9,50,,,,,,,,,,,,,,,,,135.7,3,135.8,150,,,,,,,,,,,,,,,,
2026-07-07T20:00:38.913822+00:00,2026-07-07T20:00:38.913954,2,1,135.55,0.5,135.3,150,134.9,50,,,,,,,,,,,,,,,,,135.8,150,,,,,,,,,,,,,,,,,,
2026-07-07T20:00:38.992074+00:00,2026-07-07T20:00:38.991958,3,1,135.6,0.4,135.4,12,135.3,150,134.9,50,,,,,,,,,,,,,,,135.8,162,,,,,,,,,,,,,,,,,,
2026-07-07T20:00:39.785795+00:00,2026-07-07T20:00:39.785708,2,1,135.6,0.4,135.4,12,135.3,150,,,,,,,,,,,,,,,,,135.8,162,,,,,,,,,,,,,,,,,,
2026-07-07T20:00:39.837837+00:00,2026-07-07T20:00:39.837933,3,1,135.6,0.4,135.4,12,135.3,150,135.1,100,,,,,,,,,,,,,,,135.8,162,,,,,,,,,,,,,,,,,,
2026-07-07T20:00:39.886299+00:00,2026-07-07T20:00:39.886268,3,2,135.5,0.2,135.4,12,135.3,150,135.1,100,,,,,,,,,,,,,,,135.6,100,135.8,162,,,,,,,,,,,,,,,,
2026-07-07T20:00:39.896788+00:00,2026-07-07T20:00:39.896701,2,2,135.5,0.2,135.4,12,135.1,100,,,,,,,,,,,,,,,,,135.6,100,135.8,12,,,,,,,,,,,,,,,,
2026-07-07T20:00:39.952887+00:00,2026-07-07T20:00:39.952800,3,2,135.5,0.2,135.4,12,135.3,150,135.1,100,,,,,,,,,,,,,,,135.6,100,135.8,12,,,,,,,,,,,,,,,,
2026-07-07T20:00:40.005725+00:00,2026-07-07T20:00:40.005611,2,2,135.45,0.3,135.3,150,135.1,100,,,,,,,,,,,,,,,,,135.6,100,135.8,162,,,,,,,,,,,,,,,,
2026-07-07T20:00:40.010948+00:00,2026-07-07T20:00:40.010856,2,2,135.45,0.3,135.3,150,135.1,100,,,,,,,,,,,,,,,,,135.6,100,135.8,150,,,,,,,,,,,,,,,,
2026-07-07T20:00:40.016144+00:00,2026-07-07T20:00:40.016076,3,3,135.5,0.2,135.4,12,135.3,150,135.1,100,,,,,,,,,,,,,,,135.6,100,135.7,12,135.8,150,,,,,,,,,,,,,,
2026-07-07T20:00:40.579619+00:00,2026-07-07T20:00:40.579522,3,3,135.5,0.2,135.4,12,135.3,150,135.1,100,,,,,,,,,,,,,,,135.6,54,135.7,12,135.8,150,,,,,,,,,,,,,,
2026-07-07T20:00:40.926630+00:00,2026-07-07T20:00:40.926433,3,3,135.5,0.2,135.4,12,135.3,150,135.1,100,,,,,,,,,,,,,,,135.6,4,135.7,12,135.8,150,,,,,,,,,,,,,,
2026-07-07T20:00:42.943045+00:00,2026-07-07T20:00:42.943183,2,2,135.55,0.3,135.4,12,135.3,150,,,,,,,,,,,,,,,,,135.7,12,135.8,150,,,,,,,,,,,,,,,,
2026-07-07T20:00:42.996001+00:00,2026-07-07T20:00:42.995881,2,2,135.55,0.3,135.4,12,135.3,250,,,,,,,,,,,,,,,,,135.7,12,135.8,150,,,,,,,,,,,,,,,,
2026-07-07T20:00:43.047348+00:00,2026-07-07T20:00:43.047195,2,2,135.55,0.3,135.4,12,135.3,250,,,,,,,,,,,,,,,,,135.7,12,135.8,250,,,,,,,,,,,,,,,,
2026-07-07T20:00:43.065565+00:00,2026-07-07T20:00:43.065342,2,2,135.55,0.3,135.4,12,135.3,100,,,,,,,,,,,,,,,,,135.7,12,135.8,100,,,,,,,,,,,,,,,,
2026-07-07T20:00:43.084743+00:00,2026-07-07T20:00:43.084684,1,2,135.5,0.4,135.3,62,,,,,,,,,,,,,,,,,,,135.7,12,135.8,100,,,,,,,,,,,,,,,,
2026-07-07T20:00:43.119808+00:00,2026-07-07T20:00:43.119759,2,2,135.5,0.4,135.3,62,135.2,150,,,,,,,,,,,,,,,,,135.7,12,135.8,100,,,,,,,,,,,,,,,,
2026-07-07T20:00:43.170833+00:00,2026-07-07T20:00:43.170724,2,2,135.5,0.4,135.3,62,135.2,150,,,,,,,,,,,,,,,,,135.7,162,135.8,100,,,,,,,,,,,,,,,,
2026-07-07T20:00:44.604462+00:00,2026-07-07T20:00:44.604412,2,2,135.5,0.4,135.3,16,135.2,150,,,,,,,,,,,,,,,,,135.7,162,135.8,100,,,,,,,,,,,,,,,,
2026-07-07T20:00:45.143017+00:00,2026-07-07T20:00:45.142882,2,2,135.5,0.4,135.3,16,135.2,150,,,,,,,,,,,,,,,,,135.7,112,135.8,100,,,,,,,,,,,,,,,,
2026-07-07T20:00:45.229134+00:00,2026-07-07T20:00:45.228984,1,2,135.45,0.5,135.2,122,,,,,,,,,,,,,,,,,,,135.7,112,135.8,100,,,,,,,,,,,,,,,,
2026-07-07T20:00:46.106176+00:00,2026-07-07T20:00:46.106053,1,1,135.45,0.5,135.2,122,,,,,,,,,,,,,,,,,,,135.7,112,,,,,,,,,,,,,,,,,,
2026-07-07T20:00:46.158633+00:00,2026-07-07T20:00:46.154463,2,1,135.45,0.5,135.2,122,135.0,100,,,,,,,,,,,,,,,,,135.7,112,,,,,,,,,,,,,,,,,,
2026-07-07T20:00:46.213278+00:00,2026-07-07T20:00:46.213158,2,2,135.35,0.3,135.2,122,135.0,100,,,,,,,,,,,,,,,,,135.5,100,135.7,112,,,,,,,,,,,,,,,,
2026-07-07T20:00:46.228737+00:00,2026-07-07T20:00:46.228653,1,1,135.25,0.5,135.0,100,,,,,,,,,,,,,,,,,,,135.5,100,,,,,,,,,,,,,,,,,,
2026-07-07T20:00:46.283526+00:00,2026-07-07T20:00:46.283491,2,1,135.4,0.2,135.3,150,135.0,100,,,,,,,,,,,,,,,,,135.5,100,,,,,,,,,,,,,,,,,,
2026-07-07T20:00:46.335999+00:00,2026-07-07T20:00:46.335937,2,2,135.4,0.2,135.3,150,135.0,100,,,,,,,,,,,,,,,,,135.5,100,135.8,150,,,,,,,,,,,,,,,,
2026-07-07T20:00:47.302450+00:00,2026-07-07T20:00:47.302364,2,2,135.4,0.2,135.3,100,135.0,100,,,,,,,,,,,,,,,,,135.5,100,135.8,150,,,,,,,,,,,,,,,,
2026-07-07T20:00:49.274044+00:00,2026-07-07T20:00:49.273929,1,1,135.55,0.5,135.3,100,,,,,,,,,,,,,,,,,,,135.8,150,,,,,,,,,,,,,,,,,,
2026-07-07T20:00:49.329022+00:00,2026-07-07T20:00:49.328897,2,1,135.55,0.5,135.3,100,134.9,100,,,,,,,,,,,,,,,,,135.8,150,,,,,,,,,,,,,,,,,,
2026-07-07T20:00:49.382131+00:00,2026-07-07T20:00:49.382002,2,2,135.35,0.1,135.3,100,134.9,100,,,,,,,,,,,,,,,,,135.4,100,135.8,150,,,,,,,,,,,,,,,,
2026-07-07T20:00:49.387260+00:00,2026-07-07T20:00:49.387191,2,1,135.35,0.1,135.3,100,134.9,100,,,,,,,,,,,,,,,,,135.4,100,,,,,,,,,,,,,,,,,,
2026-07-07T20:00:49.392290+00:00,2026-07-07T20:00:49.392369,1,1,135.15,0.5,134.9,100,,,,,,,,,,,,,,,,,,,135.4,100,,,,,,,,,,,,,,,,,,
2026-07-07T20:00:49.445358+00:00,2026-07-07T20:00:49.445286,2,1,135.2,0.4,135.0,150,134.9,100,,,,,,,,,,,,,,,,,135.4,100,,,,,,,,,,,,,,,,,,
2026-07-07T20:00:49.500003+00:00,2026-07-07T20:00:49.499886,2,2,135.2,0.4,135.0,150,134.9,100,,,,,,,,,,,,,,,,,135.4,100,135.5,150,,,,,,,,,,,,,,,,
2026-07-07T20:00:50.534600+00:00,2026-07-07T20:00:50.534560,3,3,135.25,0.3,135.1,12,135.0,150,134.9,100,,,,,,,,,,,,,,,135.4,100,135.5,150,135.6,12,,,,,,,,,,,,,,
2026-07-07T20:00:51.461480+00:00,2026-07-07T20:00:51.461636,3,3,135.25,0.3,135.1,12,135.0,150,134.9,100,,,,,,,,,,,,,,,135.4,50,135.5,150,135.6,12,,,,,,,,,,,,,,
2026-07-07T20:00:51.794251+00:00,2026-07-07T20:00:51.794219,2,2,135.2,0.4,135.0,150,134.9,100,,,,,,,,,,,,,,,,,135.4,50,135.5,150,,,,,,,,,,,,,,,,
2026-07-07T20:00:51.799530+00:00,2026-07-07T20:00:51.799418,3,2,135.3,0.2,135.2,12,135.0,150,134.9,100,,,,,,,,,,,,,,,135.4,50,135.5,162,,,,,,,,,,,,,,,,
2026-07-07T20:00:52.422853+00:00,2026-07-07T20:00:52.422770,2,2,135.2,0.4,135.0,150,134.9,100,,,,,,,,,,,,,,,,,135.4,50,135.5,162,,,,,,,,,,,,,,,,
2026-07-07T20:00:52.437345+00:00,2026-07-07T20:00:52.437270,1,1,135.25,0.5,135.0,150,,,,,,,,,,,,,,,,,,,135.5,162,,,,,,,,,,,,,,,,,,
2026-07-07T20:00:52.488360+00:00,2026-07-07T20:00:52.488260,2,1,135.25,0.5,135.0,150,134.9,100,,,,,,,,,,,,,,,,,135.5,162,,,,,,,,,,,,,,,,,,
2026-07-07T20:00:52.546088+00:00,2026-07-07T20:00:52.545985,2,2,135.2,0.4,135.0,150,134.9,100,,,,,,,,,,,,,,,,,135.4,100,135.5,162,,,,,,,,,,,,,,,,
2026-07-07T20:00:52.551310+00:00,2026-07-07T20:00:52.551202,1,2,135.15,0.5,134.9,100,,,,,,,,,,,,,,,,,,,135.4,100,135.5,12,,,,,,,,,,,,,,,,
2026-07-07T20:00:52.558560+00:00,2026-07-07T20:00:52.556466,1,2,135.15,0.5,134.9,100,,,,,,,,,,,,,,,,,,,135.4,100,135.5,12,,,,,,,,,,,,,,,,
2026-07-07T20:00:52.608905+00:00,2026-07-07T20:00:52.608994,1,2,135.15,0.5,134.9,250,,,,,,,,,,,,,,,,,,,135.4,100,135.5,12,,,,,,,,,,,,,,,,
2026-07-07T20:00:52.690686+00:00,2026-07-07T20:00:52.690820,1,2,135.15,0.5,134.9,250,,,,,,,,,,,,,,,,,,,135.4,250,135.5,12,,,,,,,,,,,,,,,,
2026-07-07T20:00:52.929566+00:00,2026-07-07T20:00:52.929424,1,2,135.15,0.5,134.9,250,,,,,,,,,,,,,,,,,,,135.4,204,135.5,12,,,,,,,,,,,,,,,,
2026-07-07T20:00:53.468852+00:00,2026-07-07T20:00:53.468770,1,2,135.15,0.5,134.9,210,,,,,,,,,,,,,,,,,,,135.4,204,135.5,12,,,,,,,,,,,,,,,,
2026-07-07T20:00:53.568139+00:00,2026-07-07T20:00:53.568056,1,2,135.15,0.5,134.9,210,,,,,,,,,,,,,,,,,,,135.4,154,135.5,12,,,,,,,,,,,,,,,,
2026-07-07T20:00:55.600250+00:00,2026-07-07T20:00:55.600219,1,2,135.15,0.5,134.9,150,,,,,,,,,,,,,,,,,,,135.4,150,135.5,12,,,,,,,,,,,,,,,,
2026-07-07T20:00:55.658661+00:00,2026-07-07T20:00:55.655253,2,2,135.3,0.2,135.2,100,134.9,150,,,,,,,,,,,,,,,,,135.4,150,135.5,12,,,,,,,,,,,,,,,,
2026-07-07T20:00:55.700878+00:00,2026-07-07T20:00:55.701009,2,2,135.3,0.2,135.2,100,134.9,150,,,,,,,,,,,,,,,,,135.4,100,135.5,12,,,,,,,,,,,,,,,,
2026-07-07T20:00:55.706372+00:00,2026-07-07T20:00:55.706294,2,3,135.3,0.2,135.2,100,134.9,150,,,,,,,,,,,,,,,,,135.4,100,135.5,12,135.7,100,,,,,,,,,,,,,,
2026-07-07T20:00:55.747338+00:00,2026-07-07T20:00:55.747284,1,2,135.35,0.3,135.2,100,,,,,,,,,,,,,,,,,,,135.5,12,135.7,100,,,,,,,,,,,,,,,,
2026-07-07T20:00:55.801755+00:00,2026-07-07T20:00:55.801670,1,2,135.35,0.3,135.2,250,,,,,,,,,,,,,,,,,,,135.5,12,135.7,100,,,,,,,,,,,,,,,,
2026-07-07T20:00:55.829898+00:00,2026-07-07T20:00:55.830020,1,2,135.4,0.4,135.2,250,,,,,,,,,,,,,,,,,,,135.6,12,135.7,100,,,,,,,,,,,,,,,,
2026-07-07T20:00:55.854591+00:00,2026-07-07T20:00:55.854482,1,2,135.4,0.4,135.2,250,,,,,,,,,,,,,,,,,,,135.6,12,135.7,250,,,,,,,,,,,,,,,,
2026-07-07T20:00:57.727289+00:00,2026-07-07T20:00:57.727408,1,1,135.45,0.5,135.2,250,,,,,,,,,,,,,,,,,,,135.7,216,,,,,,,,,,,,,,,,,,
2026-07-07T20:00:57.858568+00:00,2026-07-07T20:00:57.854458,1,1,135.45,0.5,135.2,200,,,,,,,,,,,,,,,,,,,135.7,216,,,,,,,,,,,,,,,,,,
2026-07-07T20:00:58.760129+00:00,2026-07-07T20:00:58.760082,1,1,135.45,0.5,135.2,150,,,,,,,,,,,,,,,,,,,135.7,150,,,,,,,,,,,,,,,,,,
2026-07-07T20:00:58.818108+00:00,2026-07-07T20:00:58.818216,2,1,135.45,0.5,135.2,150,135.0,100,,,,,,,,,,,,,,,,,135.7,150,,,,,,,,,,,,,,,,,,
2026-07-07T20:00:58.871832+00:00,2026-07-07T20:00:58.871701,2,2,135.35,0.3,135.2,150,135.0,100,,,,,,,,,,,,,,,,,135.5,100,135.7,150,,,,,,,,,,,,,,,,
2026-07-07T20:00:58.903622+00:00,2026-07-07T20:00:58.903479,2,1,135.35,0.3,135.2,150,135.0,100,,,,,,,,,,,,,,,,,135.5,100,,,,,,,,,,,,,,,,,,
2026-07-07T20:00:58.908709+00:00,2026-07-07T20:00:58.908660,1,1,135.25,0.5,135.0,100,,,,,,,,,,,,,,,,,,,135.5,100,,,,,,,,,,,,,,,,,,
2026-07-07T20:00:58.958578+00:00,2026-07-07T20:00:58.954099,1,1,135.25,0.5,135.0,250,,,,,,,,,,,,,,,,,,,135.5,100,,,,,,,,,,,,,,,,,,
2026-07-07T20:00:59.012448+00:00,2026-07-07T20:00:59.012391,1,1,135.25,0.5,135.0,250,,,,,,,,,,,,,,,,,,,135.5,250,,,,,,,,,,,,,,,,,,
2026-07-07T20:00:59.099288+00:00,2026-07-07T20:00:59.099194,2,1,135.3,0.4,135.1,12,135.0,250,,,,,,,,,,,,,,,,,135.5,262,,,,,,,,,,,,,,,,,,
2026-07-07T20:01:00.894920+00:00,2026-07-07T20:01:00.894857,1,1,135.25,0.5,135.0,216,,,,,,,,,,,,,,,,,,,135.5,262,,,,,,,,,,,,,,,,,,
2026-07-07T20:01:01.926933+00:00,2026-07-07T20:01:01.927055,1,1,135.25,0.5,135.0,150,,,,,,,,,,,,,,,,,,,135.5,162,,,,,,,,,,,,,,,,,,
2026-07-07T20:01:01.982637+00:00,2026-07-07T20:01:01.982545,1,1,135.25,0.5,135.0,250,,,,,,,,,,,,,,,,,,,135.5,162,,,,,,,,,,,,,,,,,,
2026-07-07T20:01:02.036035+00:00,2026-07-07T20:01:02.035913,1,1,135.25,0.5,135.0,250,,,,,,,,,,,,,,,,,,,135.5,262,,,,,,,,,,,,,,,,,,
2026-07-07T20:01:02.053815+00:00,2026-07-07T20:01:02.053662,1,1,135.25,0.5,135.0,250,,,,,,,,,,,,,,,,,,,135.5,212,,,,,,,,,,,,,,,,,,
2026-07-07T20:01:02.068966+00:00,2026-07-07T20:01:02.068848,1,1,135.25,0.5,135.0,100,,,,,,,,,,,,,,,,,,,135.5,112,,,,,,,,,,,,,,,,,,
2026-07-07T20:01:02.120759+00:00,2026-07-07T20:01:02.120724,2,1,135.4,0.2,135.3,150,135.0,100,,,,,,,,,,,,,,,,,135.5,112,,,,,,,,,,,,,,,,,,
2026-07-07T20:01:02.175675+00:00,2026-07-07T20:01:02.175597,2,2,135.4,0.2,135.3,150,135.0,100,,,,,,,,,,,,,,,,,135.5,112,135.8,150,,,,,,,,,,,,,,,,
2026-07-07T20:01:02.368579+00:00,2026-07-07T20:01:02.368395,2,2,135.4,0.2,135.3,150,135.0,100,,,,,,,,,,,,,,,,,135.5,100,135.8,150,,,,,,,,,,,,,,,,
2026-07-07T20:01:02.373804+00:00,2026-07-07T20:01:02.373704,2,2,135.4,0.2,135.3,150,135.0,100,,,,,,,,,,,,,,,,,135.5,112,135.8,150,,,,,,,,,,,,,,,,
2026-07-07T20:01:02.909762+00:00,2026-07-07T20:01:02.909704,2,2,135.4,0.2,135.3,106,135.0,100,,,,,,,,,,,,,,,,,135.5,112,135.8,150,,,,,,,,,,,,,,,,
2026-07-07T20:01:03.958595+00:00,2026-07-07T20:01:03.948440,2,2,135.4,0.2,135.3,106,135.0,100,,,,,,,,,,,,,,,,,135.5,68,135.8,150,,,,,,,,,,,,,,,,
2026-07-07T20:01:05.090093+00:00,2026-07-07T20:01:05.090277,1,2,135.4,0.2,135.3,106,,,,,,,,,,,,,,,,,,,135.5,12,135.8,150,,,,,,,,,,,,,,,,
2026-07-07T20:01:05.143972+00:00,2026-07-07T20:01:05.144106,2,1,135.55,0.5,135.3,106,135.2,100,,,,,,,,,,,,,,,,,135.8,150,,,,,,,,,,,,,,,,,,
2026-07-07T20:01:05.149198+00:00,2026-07-07T20:01:05.149292,2,2,135.5,0.4,135.3,106,135.2,100,,,,,,,,,,,,,,,,,135.7,12,135.8,150,,,,,,,,,,,,,,,,
2026-07-07T20:01:05.200433+00:00,2026-07-07T20:01:05.200376,2,2,135.5,0.4,135.3,106,135.2,100,,,,,,,,,,,,,,,,,135.7,112,135.8,150,,,,,,,,,,,,,,,,
2026-07-07T20:01:05.231401+00:00,2026-07-07T20:01:05.231294,1,1,135.45,0.5,135.2,100,,,,,,,,,,,,,,,,,,,135.7,112,,,,,,,,,,,,,,,,,,
2026-07-07T20:01:05.288144+00:00,2026-07-07T20:01:05.288033,1,1,135.45,0.5,135.2,250,,,,,,,,,,,,,,,,,,,135.7,112,,,,,,,,,,,,,,,,,,
2026-07-07T20:01:05.341317+00:00,2026-07-07T20:01:05.341189,1,1,135.45,0.5,135.2,250,,,,,,,,,,,,,,,,,,,135.7,262,,,,,,,,,,,,,,,,,,
2026-07-07T20:01:05.533232+00:00,2026-07-07T20:01:05.533116,1,1,135.45,0.5,135.2,250,,,,,,,,,,,,,,,,,,,135.7,221,,,,,,,,,,,,,,,,,,
2026-07-07T20:01:06.321967+00:00,2026-07-07T20:01:06.321894,1,1,135.45,0.5,135.2,200,,,,,,,,,,,,,,,,,,,135.7,221,,,,,,,,,,,,,,,,,,
2026-07-07T20:01:07.114696+00:00,2026-07-07T20:01:07.114880,1,1,135.45,0.5,135.2,200,,,,,,,,,,,,,,,,,,,135.7,176,,,,,,,,,,,,,,,,,,
2026-07-07T20:01:07.170002+00:00,2026-07-07T20:01:07.170155,1,1,135.45,0.5,135.2,155,,,,,,,,,,,,,,,,,,,135.7,176,,,,,,,,,,,,,,,,,,
2026-07-07T20:01:08.258611+00:00,2026-07-07T20:01:08.245167,1,1,135.45,0.5,135.2,150,,,,,,,,,,,,,,,,,,,135.7,132,,,,,,,,,,,,,,,,,,
2026-07-07T20:01:08.307480+00:00,2026-07-07T20:01:08.307382,2,1,135.5,0.4,135.3,100,135.2,150,,,,,,,,,,,,,,,,,135.7,132,,,,,,,,,,,,,,,,,,
2026-07-07T20:01:08.358567+00:00,2026-07-07T20:01:08.355017,2,2,135.5,0.4,135.3,100,135.2,150,,,,,,,,,,,,,,,,,135.7,132,135.8,100,,,,,,,,,,,,,,,,
2026-07-07T20:01:08.404189+00:00,2026-07-07T20:01:08.404334,2,1,135.55,0.5,135.3,100,135.2,150,,,,,,,,,,,,,,,,,135.8,100,,,,,,,,,,,,,,,,,,
2026-07-07T20:01:08.409613+00:00,2026-07-07T20:01:08.409521,1,1,135.55,0.5,135.3,100,,,,,,,,,,,,,,,,,,,135.8,100,,,,,,,,,,,,,,,,,,
2026-07-07T20:01:08.414816+00:00,2026-07-07T20:01:08.414767,2,1,135.6,0.4,135.4,12,135.3,100,,,,,,,,,,,,,,,,,135.8,112,,,,,,,,,,,,,,,,,,
2026-07-07T20:01:08.430524+00:00,2026-07-07T20:01:08.430435,1,1,135.55,0.5,135.3,62,,,,,,,,,,,,,,,,,,,135.8,112,,,,,,,,,,,,,,,,,,
2026-07-07T20:01:08.458621+00:00,2026-07-07T20:01:08.453037,2,1,135.65,0.3,135.5,150,135.3,62,,,,,,,,,,,,,,,,,135.8,112,,,,,,,,,,,,,,,,,,
2026-07-07T20:01:08.513172+00:00,2026-07-07T20:01:08.513027,2,2,135.65,0.3,135.5,150,135.3,62,,,,,,,,,,,,,,,,,135.8,112,136.0,150,,,,,,,,,,,,,,,,
2026-07-07T20:01:10.440731+00:00,2026-07-07T20:01:10.440610,2,2,135.65,0.3,135.5,102,135.3,62,,,,,,,,,,,,,,,,,135.8,112,136.0,150,,,,,,,,,,,,,,,,
2026-07-07T20:01:10.537060+00:00,2026-07-07T20:01:10.536935,2,2,135.65,0.3,135.5,52,135.3,62,,,,,,,,,,,,,,,,,135.8,112,136.0,150,,,,,,,,,,,,,,,,
2026-07-07T20:01:11.410826+00:00,2026-07-07T20:01:11.410734,1,2,135.65,0.3,135.5,52,,,,,,,,,,,,,,,,,,,135.8,12,136.0,150,,,,,,,,,,,,,,,,
2026-07-07T20:01:11.458638+00:00,2026-07-07T20:01:11.457783,2,2,135.65,0.3,135.5,52,135.1,100,,,,,,,,,,,,,,,,,135.8,12,136.0,150,,,,,,,,,,,,,,,,
2026-07-07T20:01:11.515900+00:00,2026-07-07T20:01:11.515797,2,3,135.55,0.1,135.5,52,135.1,100,,,,,,,,,,,,,,,,,135.6,100,135.8,12,136.0,150,,,,,,,,,,,,,,
2026-07-07T20:01:11.568896+00:00,2026-07-07T20:01:11.568833,1,2,135.35,0.5,135.1,100,,,,,,,,,,,,,,,,,,,135.6,100,135.8,12,,,,,,,,,,,,,,,,
2026-07-07T20:01:11.625824+00:00,2026-07-07T20:01:11.625728,2,2,135.35,0.5,135.1,100,134.9,150,,,,,,,,,,,,,,,,,135.6,100,135.8,12,,,,,,,,,,,,,,,,
2026-07-07T20:01:11.678821+00:00,2026-07-07T20:01:11.678729,2,3,135.25,0.3,135.1,100,134.9,150,,,,,,,,,,,,,,,,,135.4,150,135.6,100,135.8,12,,,,,,,,,,,,,,
2026-07-07T20:01:11.684030+00:00,2026-07-07T20:01:11.683977,2,2,135.25,0.3,135.1,100,134.9,150,,,,,,,,,,,,,,,,,135.4,150,135.6,100,,,,,,,,,,,,,,,,
2026-07-07T20:01:11.689234+00:00,2026-07-07T20:01:11.689170,2,3,135.25,0.3,135.1,100,134.9,150,,,,,,,,,,,,,,,,,135.4,150,135.6,100,135.7,12,,,,,,,,,,,,,,
2026-07-07T20:01:12.260014+00:00,2026-07-07T20:01:12.254124,2,3,135.25,0.3,135.1,100,134.9,150,,,,,,,,,,,,,,,,,135.4,139,135.6,100,135.7,12,,,,,,,,,,,,,,
2026-07-07T20:01:12.680353+00:00,2026-07-07T20:01:12.680264,2,3,135.25,0.3,135.1,50,134.9,150,,,,,,,,,,,,,,,,,135.4,139,135.6,100,135.7,12,,,,,,,,,,,,,,
2026-07-07T20:01:13.200900+00:00,2026-07-07T20:01:13.200831,2,3,135.25,0.3,135.1,1,134.9,150,,,,,,,,,,,,,,,,,135.4,139,135.6,100,135.7,12,,,,,,,,,,,,,,
2026-07-07T20:01:14.576688+00:00,2026-07-07T20:01:14.576618,1,2,135.15,0.5,134.9,150,,,,,,,,,,,,,,,,,,,135.4,139,135.7,12,,,,,,,,,,,,,,,,
2026-07-07T20:01:14.629708+00:00,2026-07-07T20:01:14.629664,1,2,135.15,0.5,134.9,250,,,,,,,,,,,,,,,,,,,135.4,139,135.7,12,,,,,,,,,,,,,,,,
2026-07-07T20:01:14.688009+00:00,2026-07-07T20:01:14.687934,1,2,135.15,0.5,134.9,250,,,,,,,,,,,,,,,,,,,135.4,239,135.7,12,,,,,,,,,,,,,,,,
2026-07-07T20:01:14.698278+00:00,2026-07-07T20:01:14.698369,1,1,135.15,0.5,134.9,250,,,,,,,,,,,,,,,,,,,135.4,239,,,,,,,,,,,,,,,,,,
2026-07-07T20:01:14.703602+00:00,2026-07-07T20:01:14.703532,1,2,135.15,0.5,134.9,250,,,,,,,,,,,,,,,,,,,135.4,239,135.7,12,,,,,,,,,,,,,,,,
2026-07-07T20:01:14.732917+00:00,2026-07-07T20:01:14.733115,1,2,135.15,0.5,134.9,100,,,,,,,,,,,,,,,,,,,135.4,100,135.7,12,,,,,,,,,,,,,,,,
2026-07-07T20:01:14.786069+00:00,2026-07-07T20:01:14.786166,2,2,135.2,0.4,135.0,150,134.9,100,,,,,,,,,,,,,,,,,135.4,100,135.7,12,,,,,,,,,,,,,,,,
2026-07-07T20:01:14.791494+00:00,2026-07-07T20:01:14.791421,2,2,135.2,0.4,135.0,100,134.9,100,,,,,,,,,,,,,,,,,135.4,100,135.7,12,,,,,,,,,,,,,,,,
2026-07-07T20:01:14.841287+00:00,2026-07-07T20:01:14.841161,2,3,135.2,0.4,135.0,100,134.9,100,,,,,,,,,,,,,,,,,135.4,100,135.5,150,135.7,12,,,,,,,,,,,,,,
2026-07-07T20:01:16.711483+00:00,2026-07-07T20:01:16.711619,2,3,135.2,0.4,135.0,100,134.9,100,,,,,,,,,,,,,,,,,135.4,100,135.5,150,135.8,12,,,,,,,,,,,,,,
2026-07-07T20:01:16.908213+00:00,2026-07-07T20:01:16.908384,2,3,135.2,0.4,135.0,50,134.9,100,,,,,,,,,,,,,,,,,135.4,100,135.5,150,135.8,12,,,,,,,,,,,,,,
2026-07-07T20:01:16.918955+00:00,2026-07-07T20:01:16.918822,2,3,135.2,0.4,135.0,50,134.9,100,,,,,,,,,,,,,,,,,135.4,55,135.5,150,135.8,12,,,,,,,,,,,,,,
2026-07-07T20:01:17.744568+00:00,2026-07-07T20:01:17.744508,1,2,135.25,0.5,135.0,50,,,,,,,,,,,,,,,,,,,135.5,150,135.8,12,,,,,,,,,,,,,,,,
2026-07-07T20:01:17.800409+00:00,2026-07-07T20:01:17.800295,2,2,135.35,0.3,135.2,100,135.0,50,,,,,,,,,,,,,,,,,135.5,150,135.8,12,,,,,,,,,,,,,,,,
2026-07-07T20:01:17.858630+00:00,2026-07-07T20:01:17.853736,2,3,135.35,0.3,135.2,100,135.0,50,,,,,,,,,,,,,,,,,135.5,150,135.7,100,135.8,12,,,,,,,,,,,,,,
2026-07-07T20:01:17.895413+00:00,2026-07-07T20:01:17.895356,1,2,135.45,0.5,135.2,100,,,,,,,,,,,,,,,,,,,135.7,100,135.8,12,,,,,,,,,,,,,,,,
2026-07-07T20:01:17.951830+00:00,2026-07-07T20:01:17.951702,2,2,135.45,0.5,135.2,100,134.8,150,,,,,,,,,,,,,,,,,135.7,100,135.8,12,,,,,,,,,,,,,,,,
2026-07-07T20:01:17.971208+00:00,2026-07-07T20:01:17.971340,2,2,135.45,0.5,135.2,100,134.8,150,,,,,,,,,,,,,,,,,135.7,100,135.8,12,,,,,,,,,,,,,,,,
2026-07-07T20:01:18.014883+00:00,2026-07-07T20:01:18.008317,2,3,135.25,0.1,135.2,100,134.8,150,,,,,,,,,,,,,,,,,135.3,138,135.7,100,135.8,12,,,,,,,,,,,,,,
2026-07-07T20:01:20.903954+00:00,2026-07-07T20:01:20.903830,2,2,135.25,0.1,135.2,100,134.8,150,,,,,,,,,,,,,,,,,135.3,138,135.8,12,,,,,,,,,,,,,,,,
2026-07-07T20:01:20.909029+00:00,2026-07-07T20:01:20.909000,1,2,135.05,0.5,134.8,150,,,,,,,,,,,,,,,,,,,135.3,138,135.8,12,,,,,,,,,,,,,,,,
2026-07-07T20:01:20.958565+00:00,2026-07-07T20:01:20.952194,2,2,135.2,0.2,135.1,100,134.8,150,,,,,,,,,,,,,,,,,135.3,138,135.8,12,,,,,,,,,,,,,,,,
2026-07-07T20:01:20.985430+00:00,2026-07-07T20:01:20.985331,2,2,135.2,0.2,135.1,100,134.8,150,,,,,,,,,,,,,,,,,135.3,138,135.8,12,,,,,,,,,,,,,,,,
2026-07-07T20:01:21.015266+00:00,2026-07-07T20:01:21.015074,2,3,135.2,0.2,135.1,100,134.8,150,,,,,,,,,,,,,,,,,135.3,138,135.6,100,135.8,12,,,,,,,,,,,,,,
2026-07-07T20:01:21.061094+00:00,2026-07-07T20:01:21.061022,1,2,135.35,0.5,135.1,100,,,,,,,,,,,,,,,,,,,135.6,100,135.8,12,,,,,,,,,,,,,,,,
2026-07-07T20:01:21.132564+00:00,2026-07-07T20:01:21.132441,2,2,135.35,0.5,135.1,100,134.8,150,,,,,,,,,,,,,,,,,135.6,100,135.8,12,,,,,,,,,,,,,,,,
2026-07-07T20:01:21.186735+00:00,2026-07-07T20:01:21.186595,2,3,135.2,0.2,135.1,100,134.8,150,,,,,,,,,,,,,,,,,135.3,150,135.6,100,135.8,12,,,,,,,,,,,,,,
2026-07-07T20:01:21.869051+00:00,2026-07-07T20:01:21.862666,2,3,135.2,0.2,135.1,100,134.8,150,,,,,,,,,,,,,,,,,135.3,139,135.6,100,135.8,12,,,,,,,,,,,,,,
2026-07-07T20:01:23.234183+00:00,2026-07-07T20:01:23.234082,2,3,135.2,0.2,135.1,50,134.8,150,,,,,,,,,,,,,,,,,135.3,139,135.6,100,135.8,12,,,,,,,,,,,,,,
2026-07-07T20:01:23.244528+00:00,2026-07-07T20:01:23.244469,2,2,135.2,0.2,135.1,50,134.8,150,,,,,,,,,,,,,,,,,135.3,139,135.6,100,,,,,,,,,,,,,,,,
2026-07-07T20:01:23.249729+00:00,2026-07-07T20:01:23.249642,2,3,135.2,0.2,135.1,50,134.8,150,,,,,,,,,,,,,,,,,135.3,139,135.6,100,135.7,12,,,,,,,,,,,,,,
2026-07-07T20:01:24.068642+00:00,2026-07-07T20:01:24.068483,1,2,135.05,0.5,134.8,150,,,,,,,,,,,,,,,,,,,135.3,139,135.7,12,,,,,,,,,,,,,,,,
2026-07-07T20:01:24.125603+00:00,2026-07-07T20:01:24.125479,2,2,135.1,0.4,134.9,100,134.8,150,,,,,,,,,,,,,,,,,135.3,139,135.7,12,,,,,,,,,,,,,,,,
2026-07-07T20:01:24.174691+00:00,2026-07-07T20:01:24.174622,2,2,135.1,0.4,134.9,100,134.8,150,,,,,,,,,,,,,,,,,135.3,96,135.7,12,,,,,,,,,,,,,,,,
2026-07-07T20:01:24.179900+00:00,2026-07-07T20:01:24.179792,2,3,135.1,0.4,134.9,100,134.8,150,,,,,,,,,,,,,,,,,135.3,96,135.4,100,135.7,12,,,,,,,,,,,,,,
2026-07-07T20:01:24.254216+00:00,2026-07-07T20:01:24.254165,1,1,135.15,0.5,134.9,100,,,,,,,,,,,,,,,,,,,135.4,100,,,,,,,,,,,,,,,,,,
2026-07-07T20:01:24.259240+00:00,2026-07-07T20:01:24.259320,1,2,135.15,0.5,134.9,100,,,,,,,,,,,,,,,,,,,135.4,100,135.7,12,,,,,,,,,,,,,,,,
2026-07-07T20:01:24.309912+00:00,2026-07-07T20:01:24.309786,1,2,135.15,0.5,134.9,250,,,,,,,,,,,,,,,,,,,135.4,100,135.7,12,,,,,,,,,,,,,,,,
2026-07-07T20:01:24.363823+00:00,2026-07-07T20:01:24.363778,1,2,135.15,0.5,134.9,250,,,,,,,,,,,,,,,,,,,135.4,250,135.7,12,,,,,,,,,,,,,,,,
2026-07-07T20:01:24.779568+00:00,2026-07-07T20:01:24.779476,1,1,135.15,0.5,134.9,250,,,,,,,,,,,,,,,,,,,135.4,250,,,,,,,,,,,,,,,,,,
2026-07-07T20:01:24.784824+00:00,2026-07-07T20:01:24.784707,1,2,135.15,0.5,134.9,250,,,,,,,,,,,,,,,,,,,135.4,250,135.8,12,,,,,,,,,,,,,,,,
2026-07-07T20:01:25.290984+00:00,2026-07-07T20:01:25.290774,1,2,135.15,0.5,134.9,250,,,,,,,,,,,,,,,,,,,135.4,200,135.8,12,,,,,,,,,,,,,,,,
2026-07-07T20:01:26.745546+00:00,2026-07-07T20:01:26.745400,1,2,135.15,0.5,134.9,250,,,,,,,,,,,,,,,,,,,135.4,151,135.8,12,,,,,,,,,,,,,,,,
2026-07-07T20:01:27.234045+00:00,2026-07-07T20:01:27.234001,1,2,135.15,0.5,134.9,150,,,,,,,,,,,,,,,,,,,135.4,150,135.8,12,,,,,,,,,,,,,,,,
2026-07-07T20:01:27.288865+00:00,2026-07-07T20:01:27.288733,2,2,135.35,0.1,135.3,100,134.9,150,,,,,,,,,,,,,,,,,135.4,150,135.8,12,,,,,,,,,,,,,,,,
2026-07-07T20:01:27.294051+00:00,2026-07-07T20:01:27.293983,2,2,135.35,0.1,135.3,100,134.9,150,,,,,,,,,,,,,,,,,135.4,150,135.8,12,,,,,,,,,,,,,,,,
2026-07-07T20:01:27.342962+00:00,2026-07-07T20:01:27.342878,2,2,135.35,0.1,135.3,100,134.9,150,,,,,,,,,,,,,,,,,135.4,150,135.8,112,,,,,,,,,,,,,,,,
2026-07-07T20:01:27.397110+00:00,2026-07-07T20:01:27.397008,2,2,135.35,0.1,135.3,100,134.9,150,,,,,,,,,,,,,,,,,135.4,100,135.8,112,,,,,,,,,,,,,,,,
2026-07-07T20:01:27.418876+00:00,2026-07-07T20:01:27.418800,1,1,135.55,0.5,135.3,100,,,,,,,,,,,,,,,,,,,135.8,112,,,,,,,,,,,,,,,,,,
2026-07-07T20:01:27.473213+00:00,2026-07-07T20:01:27.473090,2,1,135.55,0.5,135.3,100,135.2,150,,,,,,,,,,,,,,,,,135.8,112,,,,,,,,,,,,,,,,,,
2026-07-07T20:01:27.526283+00:00,2026-07-07T20:01:27.526196,2,2,135.5,0.4,135.3,100,135.2,150,,,,,,,,,,,,,,,,,135.7,150,135.8,112,,,,,,,,,,,,,,,,
2026-07-07T20:01:27.673285+00:00,2026-07-07T20:01:27.673223,2,2,135.5,0.4,135.3,51,135.2,150,,,,,,,,,,,,,,,,,135.7,150,135.8,112,,,,,,,,,,,,,,,,
2026-07-07T20:01:28.914262+00:00,2026-07-07T20:01:28.914405,2,2,135.5,0.4,135.3,3,135.2,150,,,,,,,,,,,,,,,,,135.7,150,135.8,112,,,,,,,,,,,,,,,,
2026-07-07T20:01:29.506121+00:00,2026-07-07T20:01:29.506246,2,2,135.5,0.4,135.3,3,135.2,150,,,,,,,,,,,,,,,,,135.7,100,135.8,112,,,,,,,,,,,,,,,,
2026-07-07T20:01:29.806688+00:00,2026-07-07T20:01:29.806832,2,3,135.5,0.4,135.3,3,135.2,150,,,,,,,,,,,,,,,,,135.7,100,135.8,100,135.9,12,,,,,,,,,,,,,,
2026-07-07T20:01:30.358629+00:00,2026-07-07T20:01:30.358305,2,3,135.5,0.4,135.3,3,135.2,150,,,,,,,,,,,,,,,,,135.7,57,135.8,100,135.9,12,,,,,,,,,,,,,,
2026-07-07T20:01:30.396503+00:00,2026-07-07T20:01:30.396634,1,2,135.45,0.5,135.2,150,,,,,,,,,,,,,,,,,,,135.7,57,135.9,12,,,,,,,,,,,,,,,,
2026-07-07T20:01:30.448398+00:00,2026-07-07T20:01:30.448354,2,2,135.45,0.5,135.2,150,135.1,100,,,,,,,,,,,,,,,,,135.7,57,135.9,12,,,,,,,,,,,,,,,,
2026-07-07T20:01:30.499254+00:00,2026-07-07T20:01:30.499223,2,3,135.4,0.4,135.2,150,135.1,100,,,,,,,,,,,,,,,,,135.6,100,135.7,57,135.9,12,,,,,,,,,,,,,,
2026-07-07T20:01:30.580682+00:00,2026-07-07T20:01:30.580559,1,2,135.35,0.5,135.1,100,,,,,,,,,,,,,,,,,,,135.6,100,135.9,12,,,,,,,,,,,,,,,,
2026-07-07T20:01:30.635106+00:00,2026-07-07T20:01:30.635275,2,1,135.8,0.2,135.7,50,135.1,100,,,,,,,,,,,,,,,,,135.9,12,,,,,,,,,,,,,,,,,,
2026-07-07T20:01:30.647592+00:00,2026-07-07T20:01:30.641472,2,1,135.8,0.2,135.7,27,135.1,100,,,,,,,,,,,,,,,,,135.9,12,,,,,,,,,,,,,,,,,,
2026-07-07T20:01:30.692378+00:00,2026-07-07T20:01:30.692260,2,2,135.8,0.2,135.7,27,135.1,100,,,,,,,,,,,,,,,,,135.9,12,136.2,150,,,,,,,,,,,,,,,,
2026-07-07T20:01:30.825426+00:00,2026-07-07T20:01:30.825333,2,1,135.95,0.5,135.7,27,135.1,100,,,,,,,,,,,,,,,,,136.2,150,,,,,,,,,,,,,,,,,,
2026-07-07T20:01:30.830606+00:00,2026-07-07T20:01:30.830488,2,2,135.85,0.3,135.7,27,135.1,100,,,,,,,,,,,,,,,,,136.0,12,136.2,150,,,,,,,,,,,,,,,,
2026-07-07T20:01:31.665750+00:00,2026-07-07T20:01:31.665625,1,2,135.55,0.9,135.1,100,,,,,,,,,,,,,,,,,,,136.0,12,136.2,150,,,,,,,,,,,,,,,,
2026-07-07T20:01:31.836783+00:00,2026-07-07T20:01:31.836680,1,1,135.65,1.1,135.1,100,,,,,,,,,,,,,,,,,,,136.2,150,,,,,,,,,,,,,,,,,,
2026-07-07T20:01:31.841955+00:00,2026-07-07T20:01:31.841851,1,2,135.6,1.0,135.1,100,,,,,,,,,,,,,,,,,,,136.1,12,136.2,150,,,,,,,,,,,,,,,,
2026-07-07T20:01:33.556368+00:00,2026-07-07T20:01:33.556484,0,2,,,,,,,,,,,,,,,,,,,,,,,136.1,12,136.2,150,,,,,,,,,,,,,,,,
2026-07-07T20:01:33.610308+00:00,2026-07-07T20:01:33.610273,1,2,135.75,0.7,135.4,100,,,,,,,,,,,,,,,,,,,136.1,12,136.2,150,,,,,,,,,,,,,,,,
2026-07-07T20:01:33.658554+00:00,2026-07-07T20:01:33.658425,1,3,135.65,0.5,135.4,100,,,,,,,,,,,,,,,,,,,135.9,100,136.1,12,136.2,150,,,,,,,,,,,,,,
2026-07-07T20:01:33.746905+00:00,2026-07-07T20:01:33.746796,1,2,135.65,0.5,135.4,100,,,,,,,,,,,,,,,,,,,135.9,100,136.1,12,,,,,,,,,,,,,,,,
2026-07-07T20:01:33.801169+00:00,2026-07-07T20:01:33.801098,2,2,135.65,0.5,135.4,100,135.1,150,,,,,,,,,,,,,,,,,135.9,100,136.1,12,,,,,,,,,,,,,,,,
2026-07-07T20:01:33.848733+00:00,2026-07-07T20:01:33.848688,2,1,135.65,0.5,135.4,100,135.1,150,,,,,,,,,,,,,,,,,135.9,100,,,,,,,,,,,,,,,,,,
2026-07-07T20:01:33.858582+00:00,2026-07-07T20:01:33.853905,2,2,135.5,0.2,135.4,100,135.1,150,,,,,,,,,,,,,,,,,135.6,150,135.9,112,,,,,,,,,,,,,,,,
2026-07-07T20:01:35.358649+00:00,2026-07-07T20:01:35.355389,2,3,135.5,0.2,135.4,100,135.1,150,,,,,,,,,,,,,,,,,135.6,150,135.9,100,136.1,12,,,,,,,,,,,,,,
2026-07-07T20:01:35.875596+00:00,2026-07-07T20:01:35.875797,2,3,135.5,0.2,135.4,50,135.1,150,,,,,,,,,,,,,,,,,135.6,150,135.9,100,136.1,12,,,,,,,,,,,,,,
2026-07-07T20:01:36.302672+00:00,2026-07-07T20:01:36.294064,2,3,135.5,0.2,135.4,50,135.1,150,,,,,,,,,,,,,,,,,135.6,138,135.9,100,136.1,12,,,,,,,,,,,,,,
2026-07-07T20:01:36.718619+00:00,2026-07-07T20:01:36.718574,1,2,135.35,0.5,135.1,150,,,,,,,,,,,,,,,,,,,135.6,138,136.1,12,,,,,,,,,,,,,,,,
2026-07-07T20:01:36.774412+00:00,2026-07-07T20:01:36.774343,2,2,135.55,0.1,135.5,100,135.1,150,,,,,,,,,,,,,,,,,135.6,138,136.1,12,,,,,,,,,,,,,,,,
2026-07-07T20:01:36.824190+00:00,2026-07-07T20:01:36.824160,2,3,135.55,0.1,135.5,100,135.1,150,,,,,,,,,,,,,,,,,135.6,138,136.0,100,136.1,12,,,,,,,,,,,,,,
2026-07-07T20:01:36.905471+00:00,2026-07-07T20:01:36.905429,1,2,135.75,0.5,135.5,100,,,,,,,,,,,,,,,,,,,136.0,100,136.1,12,,,,,,,,,,,,,,,,
2026-07-07T20:01:36.958948+00:00,2026-07-07T20:01:36.958827,2,2,135.75,0.5,135.5,100,135.4,150,,,,,,,,,,,,,,,,,136.0,100,136.1,12,,,,,,,,,,,,,,,,
2026-07-07T20:01:37.015740+00:00,2026-07-07T20:01:37.015634,2,3,135.65,0.3,135.5,100,135.4,150,,,,,,,,,,,,,,,,,135.8,150,136.0,100,136.1,12,,,,,,,,,,,,,,
2026-07-07T20:01:37.623925+00:00,2026-07-07T20:01:37.623858,2,3,135.65,0.3,135.5,100,135.4,150,,,,,,,,,,,,,,,,,135.8,150,136.0,100,136.2,12,,,,,,,,,,,,,,
2026-07-07T20:01:39.903556+00:00,2026-07-07T20:01:39.903440,1,2,135.6,0.4,135.4,150,,,,,,,,,,,,,,,,,,,135.8,150,136.2,12,,,,,,,,,,,,,,,,
2026-07-07T20:01:39.953136+00:00,2026-07-07T20:01:39.953063,2,2,135.7,0.2,135.6,100,135.4,150,,,,,,,,,,,,,,,,,135.8,150,136.2,12,,,,,,,,,,,,,,,,
2026-07-07T20:01:40.004168+00:00,2026-07-07T20:01:40.004426,2,3,135.7,0.2,135.6,100,135.4,150,,,,,,,,,,,,,,,,,135.8,150,136.1,100,136.2,12,,,,,,,,,,,,,,
2026-07-07T20:01:40.037457+00:00,2026-07-07T20:01:40.037421,2,3,135.7,0.2,135.6,100,135.4,150,,,,,,,,,,,,,,,,,135.8,100,136.1,100,136.2,12,,,,,,,,,,,,,,
2026-07-07T20:01:40.069811+00:00,2026-07-07T20:01:40.069709,1,2,135.85,0.5,135.6,100,,,,,,,,,,,,,,,,,,,136.1,100,136.2,12,,,,,,,,,,,,,,,,
2026-07-07T20:01:40.124081+00:00,2026-07-07T20:01:40.123975,2,2,135.9,0.4,135.7,150,135.6,100,,,,,,,,,,,,,,,,,136.1,100,136.2,12,,,,,,,,,,,,,,,,
2026-07-07T20:01:40.134581+00:00,2026-07-07T20:01:40.134496,2,1,135.9,0.4,135.7,150,135.6,100,,,,,,,,,,,,,,,,,136.1,100,,,,,,,,,,,,,,,,,,
2026-07-07T20:01:40.139823+00:00,2026-07-07T20:01:40.139753,2,2,135.9,0.4,135.7,150,135.6,100,,,,,,,,,,,,,,,,,136.1,100,136.2,12,,,,,,,,,,,,,,,,
2026-07-07T20:01:40.179546+00:00,2026-07-07T20:01:40.179653,2,2,135.9,0.4,135.7,150,135.6,100,,,,,,,,,,,,,,,,,136.1,250,136.2,12,,,,,,,,,,,,,,,,
2026-07-07T20:01:40.645968+00:00,2026-07-07T20:01:40.645908,2,1,135.9,0.4,135.7,150,135.6,100,,,,,,,,,,,,,,,,,136.1,262,,,,,,,,,,,,,,,,,,
2026-07-07T20:01:41.547442+00:00,2026-07-07T20:01:41.541257,2,1,135.9,0.4,135.7,138,135.6,100,,,,,,,,,,,,,,,,,136.1,262,,,,,,,,,,,,,,,,,,
2026-07-07T20:01:42.139077+00:00,2026-07-07T20:01:42.138971,2,1,135.9,0.4,135.7,138,135.6,100,,,,,,,,,,,,,,,,,136.1,212,,,,,,,,,,,,,,,,,,
2026-07-07T20:01:43.058662+00:00,2026-07-07T20:01:43.057920,1,1,135.9,0.4,135.7,138,,,,,,,,,,,,,,,,,,,136.1,162,,,,,,,,,,,,,,,,,,
2026-07-07T20:01:43.118411+00:00,2026-07-07T20:01:43.118304,2,1,135.9,0.4,135.7,138,135.5,100,,,,,,,,,,,,,,,,,136.1,162,,,,,,,,,,,,,,,,,,
2026-07-07T20:01:43.171183+00:00,2026-07-07T20:01:43.171087,2,2,135.85,0.3,135.7,138,135.5,100,,,,,,,,,,,,,,,,,136.0,100,136.1,162,,,,,,,,,,,,,,,,
2026-07-07T20:01:43.235044+00:00,2026-07-07T20:01:43.234921,1,2,135.75,0.5,135.5,100,,,,,,,,,,,,,,,,,,,136.0,100,136.1,12,,,,,,,,,,,,,,,,
2026-07-07T20:01:43.289637+00:00,2026-07-07T20:01:43.289537,2,2,135.75,0.5,135.5,100,135.4,150,,,,,,,,,,,,,,,,,136.0,100,136.1,12,,,,,,,,,,,,,,,,
2026-07-07T20:01:43.343716+00:00,2026-07-07T20:01:43.343592,2,3,135.7,0.4,135.5,100,135.4,150,,,,,,,,,,,,,,,,,135.9,150,136.0,100,136.1,12,,,,,,,,,,,,,,
2026-07-07T20:01:43.409096+00:00,2026-07-07T20:01:43.408992,2,2,135.7,0.4,135.5,100,135.4,150,,,,,,,,,,,,,,,,,135.9,150,136.0,112,,,,,,,,,,,,,,,,
2026-07-07T20:01:44.250495+00:00,2026-07-07T20:01:44.250380,2,2,135.7,0.4,135.5,100,135.4,150,,,,,,,,,,,,,,,,,135.9,100,136.0,112,,,,,,,,,,,,,,,,
2026-07-07T20:01:46.224736+00:00,2026-07-07T20:01:46.224651,1,2,135.65,0.5,135.4,150,,,,,,,,,,,,,,,,,,,135.9,100,136.0,12,,,,,,,,,,,,,,,,
2026-07-07T20:01:46.278361+00:00,2026-07-07T20:01:46.278432,2,2,135.75,0.3,135.6,100,135.4,150,,,,,,,,,,,,,,,,,135.9,100,136.0,12,,,,,,,,,,,,,,,,
2026-07-07T20:01:46.328631+00:00,2026-07-07T20:01:46.328590,2,3,135.75,0.3,135.6,100,135.4,150,,,,,,,,,,,,,,,,,135.9,100,136.0,12,136.1,100,,,,,,,,,,,,,,
2026-07-07T20:01:46.359240+00:00,2026-07-07T20:01:46.359100,2,3,135.75,0.3,135.6,100,135.4,150,,,,,,,,,,,,,,,,,135.9,50,136.0,12,136.1,100,,,,,,,,,,,,,,
2026-07-07T20:01:46.398798+00:00,2026-07-07T20:01:46.398702,1,2,135.8,0.4,135.6,56,,,,,,,,,,,,,,,,,,,136.0,12,136.1,100,,,,,,,,,,,,,,,,
2026-07-07T20:01:46.464964+00:00,2026-07-07T20:01:46.458110,2,2,135.95,0.1,135.9,139,135.6,56,,,,,,,,,,,,,,,,,136.0,12,136.1,100,,,,,,,,,,,,,,,,
2026-07-07T20:01:46.507781+00:00,2026-07-07T20:01:46.507654,2,3,135.95,0.1,135.9,139,135.6,56,,,,,,,,,,,,,,,,,136.0,12,136.1,100,136.4,150,,,,,,,,,,,,,,
2026-07-07T20:01:46.673760+00:00,2026-07-07T20:01:46.673674,2,2,136.0,0.2,135.9,139,135.6,56,,,,,,,,,,,,,,,,,136.1,112,136.4,150,,,,,,,,,,,,,,,,
2026-07-07T20:01:46.793063+00:00,2026-07-07T20:01:46.785091,2,2,136.0,0.2,135.9,128,135.6,56,,,,,,,,,,,,,,,,,136.1,112,136.4,150,,,,,,,,,,,,,,,,
2026-07-07T20:01:47.427212+00:00,2026-07-07T20:01:47.427397,2,2,136.0,0.2,135.9,128,135.6,56,,,,,,,,,,,,,,,,,136.1,100,136.4,150,,,,,,,,,,,,,,,,
2026-07-07T20:01:47.432606+00:00,2026-07-07T20:01:47.432579,2,3,135.95,0.1,135.9,128,135.6,56,,,,,,,,,,,,,,,,,136.0,12,136.1,100,136.4,150,,,,,,,,,,,,,,
2026-07-07T20:01:47.437901+00:00,2026-07-07T20:01:47.437802,2,2,136.0,0.2,135.9,128,135.6,56,,,,,,,,,,,,,,,,,136.1,72,136.4,150,,,,,,,,,,,,,,,,
2026-07-07T20:01:48.195519+00:00,2026-07-07T20:01:48.195414,3,2,136.0,0.2,135.9,128,135.8,12,135.6,56,,,,,,,,,,,,,,,136.1,84,136.4,150,,,,,,,,,,,,,,,,
2026-07-07T20:01:48.516989+00:00,2026-07-07T20:01:48.516920,3,2,136.0,0.2,135.9,78,135.8,12,135.6,56,,,,,,,,,,,,,,,136.1,84,136.4,150,,,,,,,,,,,,,,,,
2026-07-07T20:01:49.386604+00:00,2026-07-07T20:01:49.386494,2,2,136.0,0.2,135.9,78,135.8,12,,,,,,,,,,,,,,,,,136.1,12,136.4,150,,,,,,,,,,,,,,,,
2026-07-07T20:01:49.442019+00:00,2026-07-07T20:01:49.441922,3,2,136.0,0.2,135.9,78,135.8,12,135.6,100,,,,,,,,,,,,,,,136.1,12,136.4,150,,,,,,,,,,,,,,,,
2026-07-07T20:01:49.496315+00:00,2026-07-07T20:01:49.496197,3,2,136.0,0.2,135.9,78,135.8,12,135.6,100,,,,,,,,,,,,,,,136.1,112,136.4,150,,,,,,,,,,,,,,,,
2026-07-07T20:01:49.524559+00:00,2026-07-07T20:01:49.524491,3,2,136.0,0.2,135.9,30,135.8,12,135.6,100,,,,,,,,,,,,,,,136.1,112,136.4,150,,,,,,,,,,,,,,,,
2026-07-07T20:01:49.558650+00:00,2026-07-07T20:01:49.553474,2,1,135.95,0.3,135.8,12,135.6,100,,,,,,,,,,,,,,,,,136.1,112,,,,,,,,,,,,,,,,,,
2026-07-07T20:01:49.611221+00:00,2026-07-07T20:01:49.611119,3,1,135.95,0.3,135.8,12,135.6,100,135.4,150,,,,,,,,,,,,,,,136.1,112,,,,,,,,,,,,,,,,,,
2026-07-07T20:01:49.665486+00:00,2026-07-07T20:01:49.665570,3,2,135.85,0.1,135.8,12,135.6,100,135.4,150,,,,,,,,,,,,,,,135.9,150,136.1,112,,,,,,,,,,,,,,,,
2026-07-07T20:01:49.838360+00:00,2026-07-07T20:01:49.832329,3,2,135.85,0.1,135.8,12,135.6,100,135.4,150,,,,,,,,,,,,,,,135.9,139,136.1,112,,,,,,,,,,,,,,,,
2026-07-07T20:01:50.046505+00:00,2026-07-07T20:01:50.046424,2,2,135.75,0.3,135.6,100,135.4,150,,,,,,,,,,,,,,,,,135.9,139,136.1,112,,,,,,,,,,,,,,,,
2026-07-07T20:01:50.630783+00:00,2026-07-07T20:01:50.630716,2,2,135.75,0.3,135.6,50,135.4,150,,,,,,,,,,,,,,,,,135.9,139,136.1,112,,,,,,,,,,,,,,,,
2026-07-07T20:01:52.550840+00:00,2026-07-07T20:01:52.550767,1,2,135.65,0.5,135.4,150,,,,,,,,,,,,,,,,,,,135.9,139,136.1,12,,,,,,,,,,,,,,,,
2026-07-07T20:01:52.609065+00:00,2026-07-07T20:01:52.608952,2,2,135.65,0.5,135.4,150,135.3,100,,,,,,,,,,,,,,,,,135.9,139,136.1,12,,,,,,,,,,,,,,,,
2026-07-07T20:01:52.658571+00:00,2026-07-07T20:01:52.658225,2,3,135.6,0.4,135.4,150,135.3,100,,,,,,,,,,,,,,,,,135.8,100,135.9,139,136.1,12,,,,,,,,,,,,,,
2026-07-07T20:01:52.722630+00:00,2026-07-07T20:01:52.722542,1,2,135.55,0.5,135.3,100,,,,,,,,,,,,,,,,,,,135.8,100,136.1,12,,,,,,,,,,,,,,,,
2026-07-07T20:01:52.736614+00:00,2026-07-07T20:01:52.736566,1,2,135.55,0.5,135.3,50,,,,,,,,,,,,,,,,,,,135.8,100,136.1,12,,,,,,,,,,,,,,,,
2026-07-07T20:01:52.778075+00:00,2026-07-07T20:01:52.777966,1,2,135.55,0.5,135.3,200,,,,,,,,,,,,,,,,,,,135.8,100,136.1,12,,,,,,,,,,,,,,,,
2026-07-07T20:01:52.832070+00:00,2026-07-07T20:01:52.831991,1,2,135.55,0.5,135.3,200,,,,,,,,,,,,,,,,,,,135.8,250,136.1,12,,,,,,,,,,,,,,,,
2026-07-07T20:01:55.540351+00:00,2026-07-07T20:01:55.540319,1,2,135.55,0.5,135.3,200,,,,,,,,,,,,,,,,,,,135.8,250,136.1,12,,,,,,,,,,,,,,,,
2026-07-07T20:01:55.714628+00:00,2026-07-07T20:01:55.714530,1,2,135.55,0.5,135.3,200,,,,,,,,,,,,,,,,,,,135.8,150,136.1,12,,,,,,,,,,,,,,,,
2026-07-07T20:01:55.719786+00:00,2026-07-07T20:01:55.719701,1,2,135.55,0.5,135.3,150,,,,,,,,,,,,,,,,,,,135.8,150,136.1,12,,,,,,,,,,,,,,,,
2026-07-07T20:01:55.772131+00:00,2026-07-07T20:01:55.772215,2,2,135.55,0.5,135.3,150,135.2,100,,,,,,,,,,,,,,,,,135.8,150,136.1,12,,,,,,,,,,,,,,,,
2026-07-07T20:01:55.826170+00:00,2026-07-07T20:01:55.826045,2,3,135.5,0.4,135.3,150,135.2,100,,,,,,,,,,,,,,,,,135.7,100,135.8,150,136.1,12,,,,,,,,,,,,,,
2026-07-07T20:01:55.886283+00:00,2026-07-07T20:01:55.886408,1,2,135.45,0.5,135.2,100,,,,,,,,,,,,,,,,,,,135.7,100,136.1,12,,,,,,,,,,,,,,,,
2026-07-07T20:01:55.936906+00:00,2026-07-07T20:01:55.936811,2,2,135.55,0.3,135.4,150,135.2,100,,,,,,,,,,,,,,,,,135.7,100,136.1,12,,,,,,,,,,,,,,,,
2026-07-07T20:01:55.955371+00:00,2026-07-07T20:01:55.947097,2,2,135.55,0.3,135.4,150,135.2,100,,,,,,,,,,,,,,,,,135.7,77,136.1,12,,,,,,,,,,,,,,,,
2026-07-07T20:01:55.993129+00:00,2026-07-07T20:01:55.993045,2,3,135.55,0.3,135.4,150,135.2,100,,,,,,,,,,,,,,,,,135.7,77,135.9,150,136.1,12,,,,,,,,,,,,,,
2026-07-07T20:01:56.298614+00:00,2026-07-07T20:01:56.298489,2,2,135.55,0.3,135.4,150,135.2,100,,,,,,,,,,,,,,,,,135.7,77,135.9,162,,,,,,,,,,,,,,,,
2026-07-07T20:01:56.947603+00:00,2026-07-07T20:01:56.947541,2,2,135.55,0.3,135.4,100,135.2,100,,,,,,,,,,,,,,,,,135.7,77,135.9,162,,,,,,,,,,,,,,,,
2026-07-07T20:01:58.811512+00:00,2026-07-07T20:01:58.811631,2,3,135.55,0.3,135.4,100,135.2,100,,,,,,,,,,,,,,,,,135.7,77,135.9,150,136.1,12,,,,,,,,,,,,,,
2026-07-07T20:01:58.879468+00:00,2026-07-07T20:01:58.879390,1,2,135.65,0.5,135.4,100,,,,,,,,,,,,,,,,,,,135.9,150,136.1,12,,,,,,,,,,,,,,,,
2026-07-07T20:01:58.934076+00:00,2026-07-07T20:01:58.933989,1,2,135.65,0.5,135.4,200,,,,,,,,,,,,,,,,,,,135.9,150,136.1,12,,,,,,,,,,,,,,,,
2026-07-07T20:01:58.987025+00:00,2026-07-07T20:01:58.986945,1,2,135.65,0.5,135.4,200,,,,,,,,,,,,,,,,,,,135.9,250,136.1,12,,,,,,,,,,,,,,,,
2026-07-07T20:01:59.005118+00:00,2026-07-07T20:01:59.005004,1,2,135.65,0.5,135.4,200,,,,,,,,,,,,,,,,,,,135.9,200,136.1,12,,,,,,,,,,,,,,,,
2026-07-07T20:01:59.046814+00:00,2026-07-07T20:01:59.046754,1,2,135.65,0.5,135.4,100,,,,,,,,,,,,,,,,,,,135.9,100,136.1,12,,,,,,,,,,,,,,,,
2026-07-07T20:01:59.101092+00:00,2026-07-07T20:01:59.100986,2,2,135.7,0.4,135.5,150,135.4,100,,,,,,,,,,,,,,,,,135.9,100,136.1,12,,,,,,,,,,,,,,,,
2026-07-07T20:01:59.158644+00:00,2026-07-07T20:01:59.152128,2,3,135.7,0.4,135.5,150,135.4,100,,,,,,,,,,,,,,,,,135.9,100,136.0,150,136.1,12,,,,,,,,,,,,,,
2026-07-07T20:02:00.621944+00:00,2026-07-07T20:02:00.621891,2,3,135.7,0.4,135.5,150,135.4,100,,,,,,,,,,,,,,,,,135.9,59,136.0,150,136.1,12,,,,,,,,,,,,,,
2026-07-07T20:02:01.110187+00:00,2026-07-07T20:02:01.110140,2,3,135.7,0.4,135.5,150,135.4,100,,,,,,,,,,,,,,,,,135.9,9,136.0,150,136.1,12,,,,,,,,,,,,,,
2026-07-07T20:02:01.254451+00:00,2026-07-07T20:02:01.254343,2,2,135.75,0.5,135.5,150,135.4,100,,,,,,,,,,,,,,,,,136.0,111,136.1,12,,,,,,,,,,,,,,,,
2026-07-07T20:02:02.053140+00:00,2026-07-07T20:02:02.053062,1,2,135.75,0.5,135.5,150,,,,,,,,,,,,,,,,,,,136.0,111,136.1,12,,,,,,,,,,,,,,,,
2026-07-07T20:02:02.108416+00:00,2026-07-07T20:02:02.108384,2,2,135.85,0.3,135.7,100,135.5,150,,,,,,,,,,,,,,,,,136.0,111,136.1,12,,,,,,,,,,,,,,,,
2026-07-07T20:02:02.158654+00:00,2026-07-07T20:02:02.156709,2,3,135.85,0.3,135.7,100,135.5,150,,,,,,,,,,,,,,,,,136.0,111,136.1,12,136.2,100,,,,,,,,,,,,,,
2026-07-07T20:02:02.206610+00:00,2026-07-07T20:02:02.206579,1,2,135.9,0.4,135.7,100,,,,,,,,,,,,,,,,,,,136.1,12,136.2,100,,,,,,,,,,,,,,,,
2026-07-07T20:02:02.258575+00:00,2026-07-07T20:02:02.256004,1,2,135.9,0.4,135.7,250,,,,,,,,,,,,,,,,,,,136.1,12,136.2,100,,,,,,,,,,,,,,,,
2026-07-07T20:02:02.314028+00:00,2026-07-07T20:02:02.314118,1,2,135.9,0.4,135.7,250,,,,,,,,,,,,,,,,,,,136.1,12,136.2,250,,,,,,,,,,,,,,,,
2026-07-07T20:02:02.324588+00:00,2026-07-07T20:02:02.324493,1,1,135.95,0.5,135.7,250,,,,,,,,,,,,,,,,,,,136.2,250,,,,,,,,,,,,,,,,,,
2026-07-07T20:02:02.329737+00:00,2026-07-07T20:02:02.329647,1,1,135.95,0.5,135.7,250,,,,,,,,,,,,,,,,,,,136.2,262,,,,,,,,,,,,,,,,,,
2026-07-07T20:02:03.215824+00:00,2026-07-07T20:02:03.215718,1,1,135.95,0.5,135.7,250,,,,,,,,,,,,,,,,,,,136.2,212,,,,,,,,,,,,,,,,,,
2026-07-07T20:02:05.220128+00:00,2026-07-07T20:02:05.220096,1,1,135.95,0.5,135.7,150,,,,,,,,,,,,,,,,,,,136.2,162,,,,,,,,,,,,,,,,,,
2026-07-07T20:02:05.275626+00:00,2026-07-07T20:02:05.275714,2,1,136.05,0.3,135.9,100,135.7,150,,,,,,,,,,,,,,,,,136.2,162,,,,,,,,,,,,,,,,,,
2026-07-07T20:02:05.353689+00:00,2026-07-07T20:02:05.353623,2,2,136.05,0.3,135.9,100,135.7,150,,,,,,,,,,,,,,,,,136.2,112,136.4,100,,,,,,,,,,,,,,,,
2026-07-07T20:02:05.369128+00:00,2026-07-07T20:02:05.369251,1,2,136.05,0.3,135.9,100,,,,,,,,,,,,,,,,,,,136.2,12,136.4,100,,,,,,,,,,,,,,,,
2026-07-07T20:02:05.423997+00:00,2026-07-07T20:02:05.423950,1,2,136.05,0.3,135.9,250,,,,,,,,,,,,,,,,,,,136.2,12,136.4,100,,,,,,,,,,,,,,,,
2026-07-07T20:02:05.480607+00:00,2026-07-07T20:02:05.480536,1,2,136.05,0.3,135.9,250,,,,,,,,,,,,,,,,,,,136.2,12,136.4,250,,,,,,,,,,,,,,,,
2026-07-07T20:02:06.460861+00:00,2026-07-07T20:02:06.453943,1,2,136.05,0.3,135.9,238,,,,,,,,,,,,,,,,,,,136.2,12,136.4,250,,,,,,,,,,,,,,,,
2026-07-07T20:02:07.459605+00:00,2026-07-07T20:02:07.459721,1,1,136.15,0.5,135.9,238,,,,,,,,,,,,,,,,,,,136.4,212,,,,,,,,,,,,,,,,,,
2026-07-07T20:02:08.407632+00:00,2026-07-07T20:02:08.407545,1,1,136.15,0.5,135.9,150,,,,,,,,,,,,,,,,,,,136.4,150,,,,,,,,,,,,,,,,,,
2026-07-07T20:02:08.458615+00:00,2026-07-07T20:02:08.457735,2,1,136.15,0.5,135.9,150,135.8,100,,,,,,,,,,,,,,,,,136.4,150,,,,,,,,,,,,,,,,,,
2026-07-07T20:02:08.518124+00:00,2026-07-07T20:02:08.518226,2,2,136.1,0.4,135.9,150,135.8,100,,,,,,,,,,,,,,,,,136.3,100,136.4,150,,,,,,,,,,,,,,,,
2026-07-07T20:02:08.535173+00:00,2026-07-07T20:02:08.535110,1,1,136.05,0.5,135.8,100,,,,,,,,,,,,,,,,,,,136.3,100,,,,,,,,,,,,,,,,,,
2026-07-07T20:02:08.585225+00:00,2026-07-07T20:02:08.585179,1,1,136.05,0.5,135.8,250,,,,,,,,,,,,,,,,,,,136.3,100,,,,,,,,,,,,,,,,,,
2026-07-07T20:02:08.638240+00:00,2026-07-07T20:02:08.638146,1,1,136.05,0.5,135.8,250,,,,,,,,,,,,,,,,,,,136.3,250,,,,,,,,,,,,,,,,,,
2026-07-07T20:02:09.574180+00:00,2026-07-07T20:02:09.574098,1,1,136.05,0.5,135.8,250,,,,,,,,,,,,,,,,,,,136.3,200,,,,,,,,,,,,,,,,,,
2026-07-07T20:02:10.504971+00:00,2026-07-07T20:02:10.504870,1,1,136.05,0.5,135.8,208,,,,,,,,,,,,,,,,,,,136.3,200,,,,,,,,,,,,,,,,,,
2026-07-07T20:02:11.110752+00:00,2026-07-07T20:02:11.110666,2,2,136.0,0.4,135.8,208,135.6,12,,,,,,,,,,,,,,,,,136.2,12,136.3,200,,,,,,,,,,,,,,,,
2026-07-07T20:02:11.573845+00:00,2026-07-07T20:02:11.573711,2,2,136.0,0.4,135.8,150,135.6,12,,,,,,,,,,,,,,,,,136.2,12,136.3,150,,,,,,,,,,,,,,,,
2026-07-07T20:02:11.633943+00:00,2026-07-07T20:02:11.633860,2,2,136.0,0.4,135.8,150,135.6,112,,,,,,,,,,,,,,,,,136.2,12,136.3,150,,,,,,,,,,,,,,,,
2026-07-07T20:02:11.686826+00:00,2026-07-07T20:02:11.686741,2,2,135.95,0.3,135.8,150,135.6,112,,,,,,,,,,,,,,,,,136.1,100,136.3,112,,,,,,,,,,,,,,,,
2026-07-07T20:02:11.691999+00:00,2026-07-07T20:02:11.691900,2,1,135.95,0.3,135.8,150,135.6,112,,,,,,,,,,,,,,,,,136.1,100,,,,,,,,,,,,,,,,,,
2026-07-07T20:02:11.696974+00:00,2026-07-07T20:02:11.697054,1,1,135.85,0.5,135.6,112,,,,,,,,,,,,,,,,,,,136.1,100,,,,,,,,,,,,,,,,,,
2026-07-07T20:02:11.760835+00:00,2026-07-07T20:02:11.754640,2,1,136.0,0.2,135.9,139,135.6,112,,,,,,,,,,,,,,,,,136.1,100,,,,,,,,,,,,,,,,,,
2026-07-07T20:02:11.798189+00:00,2026-07-07T20:02:11.798116,2,2,136.0,0.2,135.9,139,135.6,112,,,,,,,,,,,,,,,,,136.1,100,136.4,150,,,,,,,,,,,,,,,,
2026-07-07T20:02:11.869117+00:00,2026-07-07T20:02:11.869255,3,2,136.0,0.2,135.9,139,135.7,12,135.6,100,,,,,,,,,,,,,,,136.1,100,136.4,150,,,,,,,,,,,,,,,,
2026-07-07T20:02:11.874500+00:00,2026-07-07T20:02:11.874403,3,3,135.95,0.1,135.9,139,135.7,12,135.6,100,,,,,,,,,,,,,,,136.0,12,136.1,100,136.4,150,,,,,,,,,,,,,,
2026-07-07T20:02:12.670030+00:00,2026-07-07T20:02:12.669950,3,3,135.95,0.1,135.9,97,135.7,12,135.6,100,,,,,,,,,,,,,,,136.0,12,136.1,100,136.4,150,,,,,,,,,,,,,,
2026-07-07T20:02:13.024119+00:00,2026-07-07T20:02:13.018683,3,3,135.95,0.1,135.9,86,135.7,12,135.6,100,,,,,,,,,,,,,,,136.0,12,136.1,100,136.4,150,,,,,,,,,,,,,,
2026-07-07T20:02:13.814721+00:00,2026-07-07T20:02:13.814681,3,2,136.0,0.2,135.9,86,135.7,12,135.6,100,,,,,,,,,,,,,,,136.1,62,136.4,150,,,,,,,,,,,,,,,,
2026-07-07T20:02:14.740080+00:00,2026-07-07T20:02:14.739937,2,1,136.15,0.5,135.9,86,135.7,12,,,,,,,,,,,,,,,,,136.4,150,,,,,,,,,,,,,,,,,,
2026-07-07T20:02:14.793015+00:00,2026-07-07T20:02:14.792989,3,1,136.15,0.5,135.9,86,135.8,100,135.7,12,,,,,,,,,,,,,,,136.4,150,,,,,,,,,,,,,,,,,,
2026-07-07T20:02:14.845110+00:00,2026-07-07T20:02:14.845091,3,2,136.1,0.4,135.9,86,135.8,100,135.7,12,,,,,,,,,,,,,,,136.3,100,136.4,150,,,,,,,,,,,,,,,,
2026-07-07T20:02:14.858631+00:00,2026-07-07T20:02:14.855411,2,1,136.05,0.5,135.8,100,135.7,12,,,,,,,,,,,,,,,,,136.3,100,,,,,,,,,,,,,,,,,,
2026-07-07T20:02:14.898473+00:00,2026-07-07T20:02:14.898604,1,1,136.05,0.5,135.8,100,,,,,,,,,,,,,,,,,,,136.3,100,,,,,,,,,,,,,,,,,,
2026-07-07T20:02:14.903951+00:00,2026-07-07T20:02:14.903853,2,2,136.0,0.4,135.8,100,135.6,12,,,,,,,,,,,,,,,,,136.2,12,136.3,100,,,,,,,,,,,,,,,,
2026-07-07T20:02:14.908944+00:00,2026-07-07T20:02:14.909014,3,2,136.0,0.4,135.8,100,135.6,12,135.5,150,,,,,,,,,,,,,,,136.2,12,136.3,100,,,,,,,,,,,,,,,,
2026-07-07T20:02:14.963872+00:00,2026-07-07T20:02:14.963697,3,3,135.9,0.2,135.8,100,135.6,12,135.5,150,,,,,,,,,,,,,,,136.0,150,136.2,12,136.3,100,,,,,,,,,,,,,,
2026-07-07T20:02:15.158562+00:00,2026-07-07T20:02:15.155197,2,3,135.9,0.2,135.8,100,135.5,150,,,,,,,,,,,,,,,,,136.0,150,136.2,12,136.3,100,,,,,,,,,,,,,,
2026-07-07T20:02:15.169716+00:00,2026-07-07T20:02:15.169580,2,2,135.9,0.2,135.8,100,135.5,150,,,,,,,,,,,,,,,,,136.0,150,136.3,100,,,,,,,,,,,,,,,,
2026-07-07T20:02:15.174693+00:00,2026-07-07T20:02:15.174819,3,2,135.9,0.2,135.8,100,135.6,12,135.5,150,,,,,,,,,,,,,,,136.0,150,136.3,100,,,,,,,,,,,,,,,,
2026-07-07T20:02:15.180211+00:00,2026-07-07T20:02:15.180046,3,2,135.9,0.2,135.8,100,135.6,12,135.5,150,,,,,,,,,,,,,,,136.0,162,136.3,100,,,,,,,,,,,,,,,,
2026-07-07T20:02:15.925072+00:00,2026-07-07T20:02:15.924966,3,2,135.9,0.2,135.8,100,135.6,12,135.5,150,,,,,,,,,,,,,,,136.0,112,136.3,100,,,,,,,,,,,,,,,,
2026-07-07T20:02:17.691818+00:00,2026-07-07T20:02:17.691716,2,2,135.9,0.2,135.8,100,135.5,150,,,,,,,,,,,,,,,,,136.0,100,136.3,100,,,,,,,,,,,,,,,,
2026-07-07T20:02:17.696985+00:00,2026-07-07T20:02:17.696925,3,2,135.9,0.2,135.8,100,135.7,12,135.5,150,,,,,,,,,,,,,,,136.0,112,136.3,100,,,,,,,,,,,,,,,,
2026-07-07T20:02:17.902298+00:00,2026-07-07T20:02:17.902223,2,1,135.85,0.3,135.7,12,135.5,150,,,,,,,,,,,,,,,,,136.0,112,,,,,,,,,,,,,,,,,,
2026-07-07T20:02:17.958640+00:00,2026-07-07T20:02:17.957624,3,1,135.9,0.2,135.8,100,135.7,12,135.5,150,,,,,,,,,,,,,,,136.0,112,,,,,,,,,,,,,,,,,,
2026-07-07T20:02:18.011806+00:00,2026-07-07T20:02:18.011679,3,2,135.9,0.2,135.8,100,135.7,12,135.5,150,,,,,,,,,,,,,,,136.0,112,136.3,100,,,,,,,,,,,,,,,,
2026-07-07T20:02:18.016985+00:00,2026-07-07T20:02:18.016905,2,2,135.9,0.2,135.8,100,135.7,12,,,,,,,,,,,,,,,,,136.0,12,136.3,100,,,,,,,,,,,,,,,,
2026-07-07T20:02:18.055538+00:00,2026-07-07T20:02:18.055722,2,1,136.05,0.5,135.8,100,135.7,12,,,,,,,,,,,,,,,,,136.3,62,,,,,,,,,,,,,,,,,,
2026-07-07T20:02:18.071744+00:00,2026-07-07T20:02:18.071654,2,1,136.05,0.5,135.8,100,135.7,162,,,,,,,,,,,,,,,,,136.3,62,,,,,,,,,,,,,,,,,,
2026-07-07T20:02:18.125623+00:00,2026-07-07T20:02:18.125539,2,2,136.0,0.4,135.8,100,135.7,162,,,,,,,,,,,,,,,,,136.2,150,136.3,62,,,,,,,,,,,,,,,,
2026-07-07T20:02:18.413127+00:00,2026-07-07T20:02:18.413025,2,2,136.0,0.4,135.8,57,135.7,162,,,,,,,,,,,,,,,,,136.2,150,136.3,62,,,,,,,,,,,,,,,,
2026-07-07T20:02:18.709312+00:00,2026-07-07T20:02:18.707641,2,2,136.0,0.4,135.8,69,135.7,150,,,,,,,,,,,,,,,,,136.2,162,136.3,62,,,,,,,,,,,,,,,,
2026-07-07T20:02:20.165968+00:00,2026-07-07T20:02:20.165856,2,2,136.0,0.4,135.8,69,135.7,150,,,,,,,,,,,,,,,,,136.2,112,136.3,62,,,,,,,,,,,,,,,,
2026-07-07T20:02:20.224256+00:00,2026-07-07T20:02:20.224468,2,2,136.0,0.4,135.8,57,135.7,150,,,,,,,,,,,,,,,,,136.2,100,136.3,62,,,,,,,,,,,,,,,,
2026-07-07T20:02:20.229736+00:00,2026-07-07T20:02:20.229686,2,2,136.0,0.4,135.8,57,135.7,162,,,,,,,,,,,,,,,,,136.2,100,136.3,62,,,,,,,,,,,,,,,,
2026-07-07T20:02:20.234906+00:00,2026-07-07T20:02:20.234854,2,3,135.95,0.3,135.8,57,135.7,162,,,,,,,,,,,,,,,,,136.1,12,136.2,100,136.3,62,,,,,,,,,,,,,,
2026-07-07T20:02:20.740841+00:00,2026-07-07T20:02:20.740818,2,2,136.0,0.4,135.8,57,135.7,150,,,,,,,,,,,,,,,,,136.2,100,136.3,62,,,,,,,,,,,,,,,,
2026-07-07T20:02:20.746131+00:00,2026-07-07T20:02:20.746033,2,3,135.9,0.2,135.8,57,135.7,162,,,,,,,,,,,,,,,,,136.0,12,136.2,100,136.3,62,,,,,,,,,,,,,,
2026-07-07T20:02:21.002958+00:00,2026-07-07T20:02:21.002873,2,2,136.0,0.4,135.8,57,135.7,150,,,,,,,,,,,,,,,,,136.2,100,136.3,62,,,,,,,,,,,,,,,,
2026-07-07T20:02:21.008200+00:00,2026-07-07T20:02:21.008094,2,2,136.0,0.4,135.8,69,135.7,150,,,,,,,,,,,,,,,,,136.2,100,136.3,62,,,,,,,,,,,,,,,,
2026-07-07T20:02:21.013396+00:00,2026-07-07T20:02:21.013273,2,3,135.95,0.3,135.8,69,135.7,150,,,,,,,,,,,,,,,,,136.1,12,136.2,100,136.3,62,,,,,,,,,,,,,,
2026-07-07T20:02:21.079969+00:00,2026-07-07T20:02:21.080120,2,2,135.95,0.3,135.8,12,135.7,150,,,,,,,,,,,,,,,,,136.1,12,136.2,100,,,,,,,,,,,,,,,,
2026-07-07T20:02:21.135232+00:00,2026-07-07T20:02:21.135188,3,2,136.0,0.2,135.9,100,135.8,12,135.7,150,,,,,,,,,,,,,,,136.1,12,136.2,100,,,,,,,,,,,,,,,,
2026-07-07T20:02:21.174281+00:00,2026-07-07T20:02:21.174248,2,1,136.0,0.2,135.9,100,135.8,12,,,,,,,,,,,,,,,,,136.1,12,,,,,,,,,,,,,,,,,,
2026-07-07T20:02:21.190384+00:00,2026-07-07T20:02:21.190233,2,2,136.0,0.2,135.9,100,135.8,12,,,,,,,,,,,,,,,,,136.1,12,136.4,100,,,,,,,,,,,,,,,,
2026-07-07T20:02:21.242581+00:00,2026-07-07T20:02:21.235871,3,2,136.05,0.1,136.0,138,135.9,100,135.8,12,,,,,,,,,,,,,,,136.1,12,136.4,100,,,,,,,,,,,,,,,,
2026-07-07T20:02:21.279073+00:00,2026-07-07T20:02:21.279014,3,3,136.05,0.1,136.0,138,135.9,100,135.8,12,,,,,,,,,,,,,,,136.1,12,136.4,100,136.5,150,,,,,,,,,,,,,,
2026-07-07T20:02:21.871365+00:00,2026-07-07T20:02:21.871320,3,2,136.2,0.4,136.0,138,135.9,100,135.8,12,,,,,,,,,,,,,,,136.4,71,136.5,150,,,,,,,,,,,,,,,,
2026-07-07T20:02:22.019609+00:00,2026-07-07T20:02:22.019748,2,2,136.2,0.4,136.0,138,135.9,112,,,,,,,,,,,,,,,,,136.4,71,136.5,150,,,,,,,,,,,,,,,,
2026-07-07T20:02:22.024985+00:00,2026-07-07T20:02:22.024914,2,3,136.15,0.3,136.0,138,135.9,112,,,,,,,,,,,,,,,,,136.3,12,136.4,71,136.5,150,,,,,,,,,,,,,,
2026-07-07T20:02:22.191655+00:00,2026-07-07T20:02:22.185786,2,3,136.15,0.3,136.0,115,135.9,112,,,,,,,,,,,,,,,,,136.3,12,136.4,71,136.5,150,,,,,,,,,,,,,,
2026-07-07T20:02:22.279585+00:00,2026-07-07T20:02:22.279452,2,2,136.2,0.4,136.0,115,135.9,112,,,,,,,,,,,,,,,,,136.4,33,136.5,150,,,,,,,,,,,,,,,,
2026-07-07T20:02:22.538343+00:00,2026-07-07T20:02:22.538244,2,2,136.2,0.4,136.0,115,135.9,100,,,,,,,,,,,,,,,,,136.4,33,136.5,150,,,,,,,,,,,,,,,,
2026-07-07T20:02:22.543566+00:00,2026-07-07T20:02:22.543466,3,3,136.15,0.3,136.0,115,135.9,100,135.7,12,,,,,,,,,,,,,,,136.3,12,136.4,33,136.5,150,,,,,,,,,,,,,,
2026-07-07T20:02:24.246134+00:00,2026-07-07T20:02:24.246042,2,2,136.15,0.3,136.0,115,135.7,12,,,,,,,,,,,,,,,,,136.3,12,136.5,150,,,,,,,,,,,,,,,,
2026-07-07T20:02:24.301845+00:00,2026-07-07T20:02:24.301758,3,2,136.15,0.3,136.0,115,135.9,100,135.7,12,,,,,,,,,,,,,,,136.3,12,136.5,150,,,,,,,,,,,,,,,,
2026-07-07T20:02:24.337564+00:00,2026-07-07T20:02:24.337468,2,1,136.1,0.4,135.9,100,135.7,12,,,,,,,,,,,,,,,,,136.3,12,,,,,,,,,,,,,,,,,,
2026-07-07T20:02:24.358683+00:00,2026-07-07T20:02:24.358620,2,2,136.1,0.4,135.9,100,135.7,12,,,,,,,,,,,,,,,,,136.3,12,136.4,100,,,,,,,,,,,,,,,,
2026-07-07T20:02:24.389409+00:00,2026-07-07T20:02:24.389384,2,1,136.15,0.5,135.9,100,135.7,12,,,,,,,,,,,,,,,,,136.4,62,,,,,,,,,,,,,,,,,,
2026-07-07T20:02:24.394562+00:00,2026-07-07T20:02:24.394525,2,1,136.15,0.5,135.9,100,135.7,162,,,,,,,,,,,,,,,,,136.4,62,,,,,,,,,,,,,,,,,,
2026-07-07T20:02:24.447133+00:00,2026-07-07T20:02:24.447099,2,2,136.05,0.3,135.9,100,135.7,162,,,,,,,,,,,,,,,,,136.2,150,136.4,62,,,,,,,,,,,,,,,,
2026-07-07T20:02:24.555203+00:00,2026-07-07T20:02:24.555330,2,2,136.05,0.3,135.9,100,135.7,162,,,,,,,,,,,,,,,,,136.2,150,136.4,62,,,,,,,,,,,,,,,,
2026-07-07T20:02:24.565955+00:00,2026-07-07T20:02:24.565769,2,3,136.0,0.2,135.9,100,135.7,162,,,,,,,,,,,,,,,,,136.1,12,136.2,150,136.4,62,,,,,,,,,,,,,,
2026-07-07T20:02:24.958616+00:00,2026-07-07T20:02:24.951580,2,3,136.0,0.2,135.9,52,135.7,162,,,,,,,,,,,,,,,,,136.1,12,136.2,150,136.4,62,,,,,,,,,,,,,,
2026-07-07T20:02:26.121003+00:00,2026-07-07T20:02:26.120868,2,2,136.05,0.3,135.9,52,135.7,162,,,,,,,,,,,,,,,,,136.2,117,136.4,62,,,,,,,,,,,,,,,,
2026-07-07T20:02:26.519327+00:00,2026-07-07T20:02:26.519267,2,2,136.05,0.3,135.9,52,135.7,162,,,,,,,,,,,,,,,,,136.2,67,136.4,62,,,,,,,,,,,,,,,,
2026-07-07T20:02:26.582205+00:00,2026-07-07T20:02:26.582107,2,2,136.05,0.3,135.9,52,135.7,150,,,,,,,,,,,,,,,,,136.2,67,136.4,62,,,,,,,,,,,,,,,,
2026-07-07T20:02:26.587367+00:00,2026-07-07T20:02:26.587336,3,3,136.0,0.2,135.9,52,135.8,12,135.7,150,,,,,,,,,,,,,,,136.1,12,136.2,67,136.4,62,,,,,,,,,,,,,,
2026-07-07T20:02:27.409384+00:00,2026-07-07T20:02:27.409581,2,2,135.95,0.3,135.8,12,135.7,150,,,,,,,,,,,,,,,,,136.1,12,136.2,67,,,,,,,,,,,,,,,,
2026-07-07T20:02:27.466707+00:00,2026-07-07T20:02:27.466617,3,2,136.0,0.2,135.9,100,135.8,12,135.7,150,,,,,,,,,,,,,,,136.1,12,136.2,67,,,,,,,,,,,,,,,,
2026-07-07T20:02:27.500797+00:00,2026-07-07T20:02:27.500695,3,1,136.0,0.2,135.9,100,135.8,12,135.7,150,,,,,,,,,,,,,,,136.1,12,,,,,,,,,,,,,,,,,,
2026-07-07T20:02:27.505942+00:00,2026-07-07T20:02:27.505863,2,1,136.0,0.2,135.9,100,135.8,12,,,,,,,,,,,,,,,,,136.1,12,,,,,,,,,,,,,,,,,,
2026-07-07T20:02:27.519214+00:00,2026-07-07T20:02:27.519304,2,2,136.0,0.2,135.9,100,135.8,12,,,,,,,,,,,,,,,,,136.1,12,136.4,100,,,,,,,,,,,,,,,,
2026-07-07T20:02:27.558612+00:00,2026-07-07T20:02:27.557786,3,1,136.25,0.3,136.1,138,135.9,100,135.8,12,,,,,,,,,,,,,,,136.4,100,,,,,,,,,,,,,,,,,,
2026-07-07T20:02:27.598753+00:00,2026-07-07T20:02:27.598691,3,1,136.25,0.3,136.1,138,135.9,100,135.8,12,,,,,,,,,,,,,,,136.4,100,,,,,,,,,,,,,,,,,,
2026-07-07T20:02:27.603976+00:00,2026-07-07T20:02:27.603877,3,2,136.2,0.2,136.1,138,135.9,100,135.8,12,,,,,,,,,,,,,,,136.3,12,136.4,100,,,,,,,,,,,,,,,,
2026-07-07T20:02:27.614384+00:00,2026-07-07T20:02:27.614291,3,3,136.2,0.2,136.1,138,135.9,100,135.8,12,,,,,,,,,,,,,,,136.3,12,136.4,100,136.6,150,,,,,,,,,,,,,,
2026-07-07T20:02:27.643952+00:00,2026-07-07T20:02:27.643891,3,2,136.25,0.3,136.1,138,135.9,100,135.8,12,,,,,,,,,,,,,,,136.4,100,136.6,150,,,,,,,,,,,,,,,,
2026-07-07T20:02:28.632623+00:00,2026-07-07T20:02:28.632583,3,2,136.25,0.3,136.1,138,135.9,100,135.8,12,,,,,,,,,,,,,,,136.4,50,136.6,150,,,,,,,,,,,,,,,,
2026-07-07T20:02:29.134092+00:00,2026-07-07T20:02:29.134063,2,2,136.25,0.3,136.1,138,135.9,112,,,,,,,,,,,,,,,,,136.4,50,136.6,150,,,,,,,,,,,,,,,,
2026-07-07T20:02:29.139259+00:00,2026-07-07T20:02:29.139230,2,3,136.2,0.2,136.1,138,135.9,112,,,,,,,,,,,,,,,,,136.3,10,136.4,50,136.6,150,,,,,,,,,,,,,,
2026-07-07T20:02:29.265067+00:00,2026-07-07T20:02:29.265282,2,3,136.2,0.2,136.1,98,135.9,112,,,,,,,,,,,,,,,,,136.3,10,136.4,50,136.6,150,,,,,,,,,,,,,,
2026-07-07T20:02:29.775172+00:00,2026-07-07T20:02:29.775041,2,3,136.2,0.2,136.1,52,135.9,112,,,,,,,,,,,,,,,,,136.3,10,136.4,50,136.6,150,,,,,,,,,,,,,,
2026-07-07T20:02:30.574530+00:00,2026-07-07T20:02:30.574482,2,2,136.2,0.2,136.1,52,135.9,12,,,,,,,,,,,,,,,,,136.3,10,136.6,150,,,,,,,,,,,,,,,,
2026-07-07T20:02:30.630625+00:00,2026-07-07T20:02:30.630551,2,2,136.2,0.2,136.1,152,135.9,12,,,,,,,,,,,,,,,,,136.3,10,136.6,150,,,,,,,,,,,,,,,,
2026-07-07T20:02:30.666342+00:00,2026-07-07T20:02:30.666261,2,1,136.2,0.2,136.1,100,135.9,12,,,,,,,,,,,,,,,,,136.3,10,,,,,,,,,,,,,,,,,,
2026-07-07T20:02:30.679929+00:00,2026-07-07T20:02:30.679878,2,2,136.2,0.2,136.1,100,135.9,12,,,,,,,,,,,,,,,,,136.3,10,136.6,100,,,,,,,,,,,,,,,,
2026-07-07T20:02:30.726233+00:00,2026-07-07T20:02:30.726174,3,2,136.2,0.2,136.1,100,135.9,12,135.7,150,,,,,,,,,,,,,,,136.3,10,136.6,100,,,,,,,,,,,,,,,,
2026-07-07T20:02:30.779083+00:00,2026-07-07T20:02:30.779180,3,3,136.15,0.1,136.1,100,135.9,12,135.7,150,,,,,,,,,,,,,,,136.2,150,136.3,10,136.6,100,,,,,,,,,,,,,,
2026-07-07T20:02:30.802918+00:00,2026-07-07T20:02:30.802788,3,3,136.15,0.1,136.1,100,135.9,12,135.7,150,,,,,,,,,,,,,,,136.2,103,136.3,10,136.6,100,,,,,,,,,,,,,,
2026-07-07T20:02:32.698376+00:00,2026-07-07T20:02:32.692288,3,3,136.15,0.1,136.1,89,135.9,12,135.7,150,,,,,,,,,,,,,,,136.2,103,136.3,10,136.6,100,,,,,,,,,,,,,,
2026-07-07T20:02:32.869203+00:00,2026-07-07T20:02:32.869091,3,3,136.15,0.1,136.1,89,135.9,12,135.7,150,,,,,,,,,,,,,,,136.2,53,136.3,10,136.6,100,,,,,,,,,,,,,,
2026-07-07T20:02:32.899235+00:00,2026-07-07T20:02:32.899325,2,3,136.15,0.1,136.1,89,135.7,150,,,,,,,,,,,,,,,,,136.2,53,136.3,10,136.6,100,,,,,,,,,,,,,,
2026-07-07T20:02:32.909862+00:00,2026-07-07T20:02:32.909767,2,2,136.15,0.1,136.1,89,135.7,150,,,,,,,,,,,,,,,,,136.2,53,136.6,100,,,,,,,,,,,,,,,,
2026-07-07T20:02:32.915083+00:00,2026-07-07T20:02:32.914932,3,2,136.15,0.1,136.1,89,135.8,12,135.7,150,,,,,,,,,,,,,,,136.2,53,136.6,100,,,,,,,,,,,,,,,,
2026-07-07T20:02:32.920236+00:00,2026-07-07T20:02:32.920133,3,2,136.15,0.1,136.1,79,135.8,12,135.7,150,,,,,,,,,,,,,,,136.2,53,136.6,100,,,,,,,,,,,,,,,,
2026-07-07T20:02:33.739187+00:00,2026-07-07T20:02:33.739159,2,1,136.0,0.4,135.8,12,135.7,150,,,,,,,,,,,,,,,,,136.2,53,,,,,,,,,,,,,,,,,,
2026-07-07T20:02:33.794389+00:00,2026-07-07T20:02:33.794508,3,1,136.05,0.3,135.9,100,135.8,12,135.7,150,,,,,,,,,,,,,,,136.2,53,,,,,,,,,,,,,,,,,,
2026-07-07T20:02:33.833115+00:00,2026-07-07T20:02:33.833021,2,0,,,135.9,100,135.8,12,,,,,,,,,,,,,,,,,,,,,,,,,,,,,,,,,,,,
2026-07-07T20:02:33.846871+00:00,2026-07-07T20:02:33.846802,2,1,136.15,0.5,135.9,100,135.8,12,,,,,,,,,,,,,,,,,136.4,100,,,,,,,,,,,,,,,,,,
2026-07-07T20:02:33.885748+00:00,2026-07-07T20:02:33.885638,3,1,136.2,0.4,136.0,150,135.9,100,135.8,12,,,,,,,,,,,,,,,136.4,100,,,,,,,,,,,,,,,,,,
2026-07-07T20:02:33.930756+00:00,2026-07-07T20:02:33.930667,3,1,136.2,0.4,136.0,150,135.9,100,135.8,12,,,,,,,,,,,,,,,136.4,100,,,,,,,,,,,,,,,,,,
2026-07-07T20:02:33.935879+00:00,2026-07-07T20:02:33.935824,3,2,136.2,0.4,136.0,150,135.9,100,135.8,12,,,,,,,,,,,,,,,136.4,100,136.5,150,,,,,,,,,,,,,,,,
2026-07-07T20:02:35.050084+00:00,2026-07-07T20:02:35.050022,3,2,136.2,0.4,136.0,100,135.9,100,135.8,12,,,,,,,,,,,,,,,136.4,100,136.5,150,,,,,,,,,,,,,,,,
2026-07-07T20:02:36.899628+00:00,2026-07-07T20:02:36.899506,2,1,136.25,0.5,136.0,100,135.8,12,,,,,,,,,,,,,,,,,136.5,150,,,,,,,,,,,,,,,,,,
2026-07-07T20:02:36.958592+00:00,2026-07-07T20:02:36.956475,2,1,136.25,0.5,136.0,100,135.8,112,,,,,,,,,,,,,,,,,136.5,150,,,,,,,,,,,,,,,,,,
2026-07-07T20:02:36.993524+00:00,2026-07-07T20:02:36.993632,1,0,,,135.8,112,,,,,,,,,,,,,,,,,,,,,,,,,,,,,,,,,,,,,,
2026-07-07T20:02:37.010420+00:00,2026-07-07T20:02:37.010334,1,1,136.05,0.5,135.8,112,,,,,,,,,,,,,,,,,,,136.3,100,,,,,,,,,,,,,,,,,,
2026-07-07T20:02:37.048107+00:00,2026-07-07T20:02:37.048064,2,1,136.05,0.5,135.8,112,135.6,150,,,,,,,,,,,,,,,,,136.3,100,,,,,,,,,,,,,,,,,,
2026-07-07T20:02:37.100208+00:00,2026-07-07T20:02:37.100086,2,2,135.95,0.3,135.8,112,135.6,150,,,,,,,,,,,,,,,,,136.1,150,136.3,100,,,,,,,,,,,,,,,,
2026-07-07T20:02:37.169014+00:00,2026-07-07T20:02:37.168844,2,2,135.95,0.3,135.8,62,135.6,150,,,,,,,,,,,,,,,,,136.1,150,136.3,100,,,,,,,,,,,,,,,,
2026-07-07T20:02:37.195577+00:00,2026-07-07T20:02:37.195541,2,3,135.9,0.2,135.8,62,135.6,162,,,,,,,,,,,,,,,,,136.0,12,136.1,150,136.3,100,,,,,,,,,,,,,,
2026-07-07T20:02:39.296564+00:00,2026-07-07T20:02:39.296454,2,3,135.9,0.2,135.8,12,135.6,162,,,,,,,,,,,,,,,,,136.0,12,136.1,150,136.3,100,,,,,,,,,,,,,,
2026-07-07T20:02:40.058559+00:00,2026-07-07T20:02:40.056021,2,2,135.9,0.2,135.8,12,135.6,162,,,,,,,,,,,,,,,,,136.0,12,136.1,150,,,,,,,,,,,,,,,,
2026-07-07T20:02:40.068710+00:00,2026-07-07T20:02:40.068804,1,2,135.8,0.4,135.6,162,,,,,,,,,,,,,,,,,,,136.0,12,136.1,150,,,,,,,,,,,,,,,,
2026-07-07T20:02:40.117980+00:00,2026-07-07T20:02:40.117906,2,2,135.8,0.4,135.6,162,135.5,100,,,,,,,,,,,,,,,,,136.0,12,136.1,150,,,,,,,,,,,,,,,,
2026-07-07T20:02:40.163970+00:00,2026-07-07T20:02:40.163803,2,1,135.8,0.4,135.6,12,135.5,100,,,,,,,,,,,,,,,,,136.0,12,,,,,,,,,,,,,,,,,,
2026-07-07T20:02:40.169199+00:00,2026-07-07T20:02:40.169168,2,1,135.8,0.4,135.6,12,135.5,100,,,,,,,,,,,,,,,,,136.0,112,,,,,,,,,,,,,,,,,,
2026-07-07T20:02:40.213313+00:00,2026-07-07T20:02:40.213460,2,1,135.8,0.4,135.6,162,135.5,100,,,,,,,,,,,,,,,,,136.0,112,,,,,,,,,,,,,,,,,,
2026-07-07T20:02:40.266647+00:00,2026-07-07T20:02:40.266822,2,2,135.8,0.4,135.6,162,135.5,100,,,,,,,,,,,,,,,,,136.0,112,136.1,150,,,,,,,,,,,,,,,,
2026-07-07T20:02:40.575636+00:00,2026-07-07T20:02:40.575518,2,2,135.8,0.4,135.6,162,135.5,100,,,,,,,,,,,,,,,,,136.0,69,136.1,150,,,,,,,,,,,,,,,,
2026-07-07T20:02:41.407352+00:00,2026-07-07T20:02:41.407301,2,2,135.8,0.4,135.6,112,135.5,100,,,,,,,,,,,,,,,,,136.0,69,136.1,150,,,,,,,,,,,,,,,,
2026-07-07T20:02:42.998145+00:00,2026-07-07T20:02:42.998082,2,2,135.8,0.4,135.6,66,135.5,100,,,,,,,,,,,,,,,,,136.0,69,136.1,150,,,,,,,,,,,,,,,,
2026-07-07T20:02:43.225815+00:00,2026-07-07T20:02:43.225721,1,1,135.85,0.5,135.6,66,,,,,,,,,,,,,,,,,,,136.1,150,,,,,,,,,,,,,,,,,,
2026-07-07T20:02:43.230938+00:00,2026-07-07T20:02:43.230894,2,2,135.8,0.4,135.6,66,135.5,12,,,,,,,,,,,,,,,,,136.0,12,136.1,150,,,,,,,,,,,,,,,,
2026-07-07T20:02:43.281136+00:00,2026-07-07T20:02:43.281086,3,2,135.8,0.4,135.6,66,135.5,12,135.4,100,,,,,,,,,,,,,,,136.0,12,136.1,150,,,,,,,,,,,,,,,,
2026-07-07T20:02:43.322120+00:00,2026-07-07T20:02:43.322038,2,1,135.75,0.5,135.5,12,135.4,100,,,,,,,,,,,,,,,,,136.0,12,,,,,,,,,,,,,,,,,,
2026-07-07T20:02:43.336125+00:00,2026-07-07T20:02:43.336003,2,2,135.7,0.4,135.5,12,135.4,100,,,,,,,,,,,,,,,,,135.9,100,136.0,12,,,,,,,,,,,,,,,,
2026-07-07T20:02:43.378276+00:00,2026-07-07T20:02:43.378367,3,2,135.7,0.4,135.5,12,135.4,100,135.1,150,,,,,,,,,,,,,,,135.9,100,136.0,12,,,,,,,,,,,,,,,,
2026-07-07T20:02:43.431309+00:00,2026-07-07T20:02:43.431265,3,3,135.55,0.1,135.5,12,135.4,100,135.1,150,,,,,,,,,,,,,,,135.6,150,135.9,100,136.0,12,,,,,,,,,,,,,,
2026-07-07T20:02:43.485261+00:00,2026-07-07T20:02:43.485191,3,3,135.55,0.1,135.5,12,135.4,100,135.1,150,,,,,,,,,,,,,,,135.6,100,135.9,100,136.0,12,,,,,,,,,,,,,,
2026-07-07T20:02:43.490475+00:00,2026-07-07T20:02:43.490387,2,3,135.5,0.2,135.4,100,135.1,150,,,,,,,,,,,,,,,,,135.6,100,135.9,100,136.0,12,,,,,,,,,,,,,,
2026-07-07T20:02:43.495713+00:00,2026-07-07T20:02:43.495618,2,2,135.5,0.2,135.4,112,135.1,150,,,,,,,,,,,,,,,,,135.6,100,135.9,100,,,,,,,,,,,,,,,,
2026-07-07T20:02:43.500873+00:00,2026-07-07T20:02:43.500812,2,3,135.5,0.2,135.4,112,135.1,150,,,,,,,,,,,,,,,,,135.6,100,135.7,12,135.9,100,,,,,,,,,,,,,,
2026-07-07T20:02:45.595778+00:00,2026-07-07T20:02:45.595727,2,3,135.5,0.2,135.4,112,135.1,150,,,,,,,,,,,,,,,,,135.6,50,135.7,12,135.9,100,,,,,,,,,,,,,,
2026-07-07T20:02:46.391844+00:00,2026-07-07T20:02:46.391971,2,2,135.5,0.2,135.4,12,135.1,150,,,,,,,,,,,,,,,,,135.6,50,135.7,12,,,,,,,,,,,,,,,,
2026-07-07T20:02:46.446999+00:00,2026-07-07T20:02:46.446813,3,2,135.5,0.2,135.4,12,135.3,100,135.1,150,,,,,,,,,,,,,,,135.6,50,135.7,12,,,,,,,,,,,,,,,,
2026-07-07T20:02:46.493740+00:00,2026-07-07T20:02:46.493895,3,1,135.55,0.3,135.4,12,135.3,100,135.1,150,,,,,,,,,,,,,,,135.7,12,,,,,,,,,,,,,,,,,,
2026-07-07T20:02:46.499202+00:00,2026-07-07T20:02:46.499092,2,2,135.55,0.3,135.4,12,135.3,100,,,,,,,,,,,,,,,,,135.7,12,135.8,100,,,,,,,,,,,,,,,,
2026-07-07T20:02:46.551180+00:00,2026-07-07T20:02:46.551064,2,2,135.55,0.3,135.4,162,135.3,100,,,,,,,,,,,,,,,,,135.7,12,135.8,100,,,,,,,,,,,,,,,,
2026-07-07T20:02:46.601477+00:00,2026-07-07T20:02:46.601372,2,3,135.55,0.3,135.4,162,135.3,100,,,,,,,,,,,,,,,,,135.7,12,135.8,100,135.9,150,,,,,,,,,,,,,,
2026-07-07T20:02:47.783179+00:00,2026-07-07T20:02:47.783110,2,3,135.55,0.3,135.4,112,135.3,100,,,,,,,,,,,,,,,,,135.7,12,135.8,100,135.9,150,,,,,,,,,,,,,,
2026-07-07T20:02:48.524884+00:00,2026-07-07T20:02:48.524849,3,2,135.6,0.4,135.4,112,135.3,100,135.2,12,,,,,,,,,,,,,,,135.8,100,135.9,150,,,,,,,,,,,,,,,,
2026-07-07T20:02:48.530159+00:00,2026-07-07T20:02:48.530057,3,3,135.5,0.2,135.4,112,135.3,100,135.2,12,,,,,,,,,,,,,,,135.6,12,135.8,100,135.9,150,,,,,,,,,,,,,,
2026-07-07T20:02:48.781385+00:00,2026-07-07T20:02:48.781331,2,2,135.6,0.4,135.4,112,135.3,100,,,,,,,,,,,,,,,,,135.8,100,135.9,150,,,,,,,,,,,,,,,,
2026-07-07T20:02:48.788283+00:00,2026-07-07T20:02:48.788190,3,3,135.45,0.1,135.4,112,135.3,100,135.1,12,,,,,,,,,,,,,,,135.5,12,135.8,100,135.9,150,,,,,,,,,,,,,,
2026-07-07T20:02:49.230252+00:00,2026-07-07T20:02:49.230207,3,3,135.45,0.1,135.4,67,135.3,100,135.1,12,,,,,,,,,,,,,,,135.5,12,135.8,100,135.9,150,,,,,,,,,,,,,,
2026-07-07T20:02:49.558613+00:00,2026-07-07T20:02:49.556214,2,2,135.45,0.1,135.4,67,135.1,12,,,,,,,,,,,,,,,,,135.5,12,135.9,150,,,,,,,,,,,,,,,,
2026-07-07T20:02:49.610730+00:00,2026-07-07T20:02:49.610621,3,2,135.45,0.1,135.4,67,135.1,12,135.0,100,,,,,,,,,,,,,,,135.5,12,135.9,150,,,,,,,,,,,,,,,,
2026-07-07T20:02:49.659466+00:00,2026-07-07T20:02:49.659655,2,1,135.3,0.4,135.1,12,135.0,100,,,,,,,,,,,,,,,,,135.5,112,,,,,,,,,,,,,,,,,,
2026-07-07T20:02:49.716499+00:00,2026-07-07T20:02:49.716364,3,1,135.3,0.4,135.1,12,135.0,100,134.7,150,,,,,,,,,,,,,,,135.5,112,,,,,,,,,,,,,,,,,,
2026-07-07T20:02:49.769173+00:00,2026-07-07T20:02:49.769252,3,2,135.15,0.1,135.1,12,135.0,100,134.7,150,,,,,,,,,,,,,,,135.2,150,135.5,112,,,,,,,,,,,,,,,,
2026-07-07T20:02:49.780041+00:00,2026-07-07T20:02:49.773711,3,2,135.15,0.1,135.1,12,135.0,100,134.7,150,,,,,,,,,,,,,,,135.2,116,135.5,112,,,,,,,,,,,,,,,,
2026-07-07T20:02:49.899665+00:00,2026-07-07T20:02:49.899629,2,2,135.1,0.2,135.0,62,134.7,150,,,,,,,,,,,,,,,,,135.2,116,135.5,112,,,,,,,,,,,,,,,,
2026-07-07T20:02:50.876190+00:00,2026-07-07T20:02:50.876033,2,2,135.1,0.2,135.0,62,134.7,150,,,,,,,,,,,,,,,,,135.2,76,135.5,112,,,,,,,,,,,,,,,,
2026-07-07T20:02:52.720750+00:00,2026-07-07T20:02:52.720621,1,2,134.95,0.5,134.7,150,,,,,,,,,,,,,,,,,,,135.2,76,135.5,12,,,,,,,,,,,,,,,,
2026-07-07T20:02:52.774669+00:00,2026-07-07T20:02:52.774557,2,2,135.1,0.2,135.0,100,134.7,150,,,,,,,,,,,,,,,,,135.2,76,135.5,12,,,,,,,,,,,,,,,,
2026-07-07T20:02:52.822743+00:00,2026-07-07T20:02:52.822703,1,1,135.25,0.5,135.0,100,,,,,,,,,,,,,,,,,,,135.5,12,,,,,,,,,,,,,,,,,,
2026-07-07T20:02:52.827926+00:00,2026-07-07T20:02:52.827880,1,1,135.25,0.5,135.0,100,,,,,,,,,,,,,,,,,,,135.5,112,,,,,,,,,,,,,,,,,,
2026-07-07T20:02:52.875208+00:00,2026-07-07T20:02:52.875104,2,1,135.35,0.3,135.2,150,135.0,100,,,,,,,,,,,,,,,,,135.5,112,,,,,,,,,,,,,,,,,,
2026-07-07T20:02:52.932543+00:00,2026-07-07T20:02:52.932406,2,2,135.35,0.3,135.2,150,135.0,100,,,,,,,,,,,,,,,,,135.5,112,135.7,150,,,,,,,,,,,,,,,,
2026-07-07T20:02:55.879473+00:00,2026-07-07T20:02:55.879441,2,2,135.35,0.3,135.2,150,135.0,100,,,,,,,,,,,,,,,,,135.5,12,135.7,150,,,,,,,,,,,,,,,,
2026-07-07T20:02:55.884516+00:00,2026-07-07T20:02:55.884593,1,2,135.35,0.3,135.2,150,,,,,,,,,,,,,,,,,,,135.5,12,135.7,150,,,,,,,,,,,,,,,,
2026-07-07T20:02:55.935922+00:00,2026-07-07T20:02:55.935990,2,2,135.35,0.3,135.2,150,135.0,100,,,,,,,,,,,,,,,,,135.5,12,135.7,150,,,,,,,,,,,,,,,,
2026-07-07T20:02:55.985337+00:00,2026-07-07T20:02:55.985275,1,1,135.25,0.5,135.0,100,,,,,,,,,,,,,,,,,,,135.5,12,,,,,,,,,,,,,,,,,,
2026-07-07T20:02:55.995670+00:00,2026-07-07T20:02:55.995635,1,1,135.25,0.5,135.0,100,,,,,,,,,,,,,,,,,,,135.5,112,,,,,,,,,,,,,,,,,,
2026-07-07T20:02:56.038349+00:00,2026-07-07T20:02:56.038281,2,1,135.35,0.3,135.2,150,135.0,100,,,,,,,,,,,,,,,,,135.5,112,,,,,,,,,,,,,,,,,,
2026-07-07T20:02:56.091277+00:00,2026-07-07T20:02:56.091143,2,2,135.35,0.3,135.2,150,135.0,100,,,,,,,,,,,,,,,,,135.5,112,135.7,150,,,,,,,,,,,,,,,,
2026-07-07T20:02:56.326767+00:00,2026-07-07T20:02:56.320930,2,2,135.35,0.3,135.2,139,135.0,100,,,,,,,,,,,,,,,,,135.5,112,135.7,150,,,,,,,,,,,,,,,,
2026-07-07T20:02:56.694743+00:00,2026-07-07T20:02:56.694864,2,2,135.35,0.3,135.2,97,135.0,100,,,,,,,,,,,,,,,,,135.5,112,135.7,150,,,,,,,,,,,,,,,,
2026-07-07T20:02:57.639163+00:00,2026-07-07T20:02:57.632305,2,2,135.35,0.3,135.2,85,135.0,100,,,,,,,,,,,,,,,,,135.5,112,135.7,150,,,,,,,,,,,,,,,,
2026-07-07T20:02:58.297177+00:00,2026-07-07T20:02:58.297085,2,2,135.35,0.3,135.2,85,135.0,100,,,,,,,,,,,,,,,,,135.5,62,135.7,150,,,,,,,,,,,,,,,,
2026-07-07T20:02:58.947407+00:00,2026-07-07T20:02:58.941348,2,2,135.35,0.3,135.2,74,135.0,100,,,,,,,,,,,,,,,,,135.5,62,135.7,150,,,,,,,,,,,,,,,,
2026-07-07T20:02:59.047462+00:00,2026-07-07T20:02:59.047591,1,1,135.45,0.5,135.2,74,,,,,,,,,,,,,,,,,,,135.7,150,,,,,,,,,,,,,,,,,,
2026-07-07T20:02:59.102697+00:00,2026-07-07T20:02:59.102561,2,1,135.45,0.5,135.2,74,134.8,100,,,,,,,,,,,,,,,,,135.7,150,,,,,,,,,,,,,,,,,,
2026-07-07T20:02:59.158569+00:00,2026-07-07T20:02:59.145828,1,1,135.05,0.5,134.8,100,,,,,,,,,,,,,,,,,,,135.3,100,,,,,,,,,,,,,,,,,,
2026-07-07T20:02:59.207767+00:00,2026-07-07T20:02:59.207706,2,1,135.05,0.5,134.8,100,134.5,150,,,,,,,,,,,,,,,,,135.3,100,,,,,,,,,,,,,,,,,,
2026-07-07T20:02:59.258594+00:00,2026-07-07T20:02:59.255801,2,2,134.9,0.2,134.8,100,134.5,150,,,,,,,,,,,,,,,,,135.0,150,135.3,100,,,,,,,,,,,,,,,,
2026-07-07T20:03:00.004806+00:00,2026-07-07T20:02:59.998294,2,2,134.9,0.2,134.8,100,134.5,150,,,,,,,,,,,,,,,,,135.0,139,135.3,100,,,,,,,,,,,,,,,,
2026-07-07T20:03:00.257278+00:00,2026-07-07T20:03:00.251287,2,2,134.9,0.2,134.8,100,134.5,150,,,,,,,,,,,,,,,,,135.0,116,135.3,100,,,,,,,,,,,,,,,,
2026-07-07T20:03:00.405449+00:00,2026-07-07T20:03:00.405293,2,2,134.9,0.2,134.8,100,134.5,150,,,,,,,,,,,,,,,,,135.0,66,135.3,100,,,,,,,,,,,,,,,,
2026-07-07T20:03:00.640056+00:00,2026-07-07T20:03:00.639948,3,3,134.95,0.1,134.9,12,134.8,100,134.5,150,,,,,,,,,,,,,,,135.0,66,135.3,100,135.5,12,,,,,,,,,,,,,,
2026-07-07T20:03:00.737637+00:00,2026-07-07T20:03:00.737581,3,3,134.95,0.1,134.9,12,134.8,100,134.5,150,,,,,,,,,,,,,,,135.0,23,135.3,100,135.5,12,,,,,,,,,,,,,,
2026-07-07T20:03:02.210462+00:00,2026-07-07T20:03:02.210622,2,2,134.95,0.1,134.9,12,134.5,150,,,,,,,,,,,,,,,,,135.0,23,135.5,12,,,,,,,,,,,,,,,,
2026-07-07T20:03:02.265991+00:00,2026-07-07T20:03:02.266108,3,1,135.25,0.5,135.0,77,134.9,12,134.5,150,,,,,,,,,,,,,,,135.5,12,,,,,,,,,,,,,,,,,,
2026-07-07T20:03:02.316099+00:00,2026-07-07T20:03:02.315999,2,1,135.25,0.5,135.0,77,134.9,12,,,,,,,,,,,,,,,,,135.5,112,,,,,,,,,,,,,,,,,,
2026-07-07T20:03:02.381311+00:00,2026-07-07T20:03:02.373415,3,1,135.45,0.1,135.4,116,135.0,77,134.9,12,,,,,,,,,,,,,,,135.5,112,,,,,,,,,,,,,,,,,,
2026-07-07T20:03:02.396735+00:00,2026-07-07T20:03:02.396638,2,1,135.45,0.1,135.4,116,135.0,77,,,,,,,,,,,,,,,,,135.5,112,,,,,,,,,,,,,,,,,,
2026-07-07T20:03:02.406941+00:00,2026-07-07T20:03:02.407033,2,1,135.45,0.1,135.4,116,135.0,77,,,,,,,,,,,,,,,,,135.5,100,,,,,,,,,,,,,,,,,,
2026-07-07T20:03:02.417385+00:00,2026-07-07T20:03:02.417528,3,1,135.45,0.1,135.4,116,135.1,12,135.0,77,,,,,,,,,,,,,,,135.5,100,,,,,,,,,,,,,,,,,,
2026-07-07T20:03:02.422866+00:00,2026-07-07T20:03:02.422758,3,1,135.45,0.1,135.4,116,135.1,12,135.0,77,,,,,,,,,,,,,,,135.5,112,,,,,,,,,,,,,,,,,,
2026-07-07T20:03:02.433251+00:00,2026-07-07T20:03:02.433209,3,2,135.45,0.1,135.4,116,135.1,12,135.0,77,,,,,,,,,,,,,,,135.5,112,135.9,150,,,,,,,,,,,,,,,,
2026-07-07T20:03:02.867252+00:00,2026-07-07T20:03:02.862009,3,2,135.45,0.1,135.4,113,135.1,12,135.0,77,,,,,,,,,,,,,,,135.5,112,135.9,150,,,,,,,,,,,,,,,,
2026-07-07T20:03:03.358659+00:00,2026-07-07T20:03:03.353267,3,2,135.45,0.1,135.4,66,135.1,12,135.0,77,,,,,,,,,,,,,,,135.5,112,135.9,150,,,,,,,,,,,,,,,,
2026-07-07T20:03:03.451419+00:00,2026-07-07T20:03:03.451302,2,2,135.45,0.1,135.4,66,135.0,77,,,,,,,,,,,,,,,,,135.5,100,135.9,150,,,,,,,,,,,,,,,,
2026-07-07T20:03:03.458572+00:00,2026-07-07T20:03:03.456565,2,2,135.45,0.1,135.4,54,135.0,89,,,,,,,,,,,,,,,,,135.5,100,135.9,150,,,,,,,,,,,,,,,,
2026-07-07T20:03:04.711193+00:00,2026-07-07T20:03:04.711113,2,2,135.45,0.1,135.4,4,135.0,89,,,,,,,,,,,,,,,,,135.5,100,135.9,150,,,,,,,,,,,,,,,,
2026-07-07T20:03:05.375560+00:00,2026-07-07T20:03:05.375486,2,1,135.65,0.5,135.4,4,135.0,12,,,,,,,,,,,,,,,,,135.9,150,,,,,,,,,,,,,,,,,,
2026-07-07T20:03:05.430501+00:00,2026-07-07T20:03:05.430403,3,1,135.65,0.5,135.4,4,135.0,12,134.9,100,,,,,,,,,,,,,,,135.9,150,,,,,,,,,,,,,,,,,,
2026-07-07T20:03:05.476268+00:00,2026-07-07T20:03:05.476213,3,1,135.65,0.5,135.4,4,135.0,12,134.9,100,,,,,,,,,,,,,,,135.9,150,,,,,,,,,,,,,,,,,,
2026-07-07T20:03:05.481540+00:00,2026-07-07T20:03:05.481432,2,3,135.2,0.4,135.0,12,134.9,100,,,,,,,,,,,,,,,,,135.4,96,135.8,12,135.9,150,,,,,,,,,,,,,,
2026-07-07T20:03:05.492513+00:00,2026-07-07T20:03:05.492447,2,2,135.2,0.4,135.0,12,134.9,100,,,,,,,,,,,,,,,,,135.4,96,135.8,12,,,,,,,,,,,,,,,,
2026-07-07T20:03:05.546442+00:00,2026-07-07T20:03:05.546348,3,2,135.2,0.4,135.0,12,134.9,100,134.7,150,,,,,,,,,,,,,,,135.4,96,135.8,12,,,,,,,,,,,,,,,,
2026-07-07T20:03:05.610442+00:00,2026-07-07T20:03:05.603836,3,3,135.1,0.2,135.0,12,134.9,100,134.7,150,,,,,,,,,,,,,,,135.2,147,135.4,96,135.8,12,,,,,,,,,,,,,,
2026-07-07T20:03:05.982494+00:00,2026-07-07T20:03:05.982391,2,3,135.05,0.3,134.9,100,134.7,150,,,,,,,,,,,,,,,,,135.2,147,135.4,96,135.8,12,,,,,,,,,,,,,,
2026-07-07T20:03:05.987612+00:00,2026-07-07T20:03:05.987551,2,2,135.05,0.3,134.9,100,134.7,150,,,,,,,,,,,,,,,,,135.2,147,135.4,96,,,,,,,,,,,,,,,,
2026-07-07T20:03:05.992810+00:00,2026-07-07T20:03:05.992737,3,3,135.1,0.2,135.0,12,134.9,100,134.7,150,,,,,,,,,,,,,,,135.2,147,135.3,12,135.4,96,,,,,,,,,,,,,,
2026-07-07T20:03:06.818835+00:00,2026-07-07T20:03:06.818700,2,3,135.05,0.3,134.9,62,134.7,150,,,,,,,,,,,,,,,,,135.2,147,135.3,12,135.4,96,,,,,,,,,,,,,,
2026-07-07T20:03:07.268176+00:00,2026-07-07T20:03:07.262287,2,3,135.05,0.3,134.9,62,134.7,150,,,,,,,,,,,,,,,,,135.2,136,135.3,12,135.4,96,,,,,,,,,,,,,,
2026-07-07T20:03:08.540254+00:00,2026-07-07T20:03:08.540200,1,2,134.95,0.5,134.7,150,,,,,,,,,,,,,,,,,,,135.2,136,135.3,12,,,,,,,,,,,,,,,,
2026-07-07T20:03:08.596427+00:00,2026-07-07T20:03:08.596284,2,2,135.05,0.3,134.9,100,134.7,150,,,,,,,,,,,,,,,,,135.2,136,135.3,12,,,,,,,,,,,,,,,,
2026-07-07T20:03:08.649384+00:00,2026-07-07T20:03:08.649312,1,2,135.1,0.4,134.9,100,,,,,,,,,,,,,,,,,,,135.3,12,135.4,100,,,,,,,,,,,,,,,,
2026-07-07T20:03:08.706949+00:00,2026-07-07T20:03:08.706902,2,2,135.1,0.4,134.9,100,134.8,150,,,,,,,,,,,,,,,,,135.3,12,135.4,100,,,,,,,,,,,,,,,,
2026-07-07T20:03:08.754555+00:00,2026-07-07T20:03:08.754719,2,2,135.1,0.4,134.9,100,134.8,150,,,,,,,,,,,,,,,,,135.3,150,135.4,100,,,,,,,,,,,,,,,,
2026-07-07T20:03:08.769007+00:00,2026-07-07T20:03:08.768952,3,2,135.15,0.3,135.0,12,134.9,100,134.8,150,,,,,,,,,,,,,,,135.3,101,135.4,112,,,,,,,,,,,,,,,,
2026-07-07T20:03:08.958598+00:00,2026-07-07T20:03:08.953725,2,2,135.1,0.4,134.9,62,134.8,150,,,,,,,,,,,,,,,,,135.3,101,135.4,112,,,,,,,,,,,,,,,,
2026-07-07T20:03:09.387882+00:00,2026-07-07T20:03:09.388028,2,2,135.1,0.4,134.9,62,134.8,150,,,,,,,,,,,,,,,,,135.3,57,135.4,112,,,,,,,,,,,,,,,,
2026-07-07T20:03:11.012105+00:00,2026-07-07T20:03:11.012035,2,2,135.1,0.4,134.9,62,134.8,150,,,,,,,,,,,,,,,,,135.3,7,135.4,112,,,,,,,,,,,,,,,,
2026-07-07T20:03:11.411419+00:00,2026-07-07T20:03:11.411361,2,1,135.15,0.5,134.9,62,134.8,150,,,,,,,,,,,,,,,,,135.4,78,,,,,,,,,,,,,,,,,,
2026-07-07T20:03:11.704468+00:00,2026-07-07T20:03:11.704404,1,1,135.1,0.6,134.8,150,,,,,,,,,,,,,,,,,,,135.4,12,,,,,,,,,,,,,,,,,,
2026-07-07T20:03:11.760306+00:00,2026-07-07T20:03:11.760218,2,1,135.2,0.4,135.0,100,134.8,150,,,,,,,,,,,,,,,,,135.4,12,,,,,,,,,,,,,,,,,,
2026-07-07T20:03:11.813711+00:00,2026-07-07T20:03:11.813588,1,2,135.2,0.4,135.0,100,,,,,,,,,,,,,,,,,,,135.4,12,135.5,100,,,,,,,,,,,,,,,,
2026-07-07T20:03:11.874076+00:00,2026-07-07T20:03:11.873909,2,0,,,135.5,38,135.0,100,,,,,,,,,,,,,,,,,,,,,,,,,,,,,,,,,,,,
2026-07-07T20:03:11.940718+00:00,2026-07-07T20:03:11.940632,1,1,135.5,1.0,135.0,94,,,,,,,,,,,,,,,,,,,136.0,150,,,,,,,,,,,,,,,,,,
2026-07-07T20:03:12.035660+00:00,2026-07-07T20:03:12.035782,2,2,135.5,0.8,135.1,12,135.0,94,,,,,,,,,,,,,,,,,135.9,12,136.0,150,,,,,,,,,,,,,,,,
2026-07-07T20:03:13.207342+00:00,2026-07-07T20:03:13.207187,1,2,135.45,0.9,135.0,56,,,,,,,,,,,,,,,,,,,135.9,12,136.0,150,,,,,,,,,,,,,,,,
2026-07-07T20:03:14.864691+00:00,2026-07-07T20:03:14.864613,0,2,,,,,,,,,,,,,,,,,,,,,,,135.9,12,136.0,150,,,,,,,,,,,,,,,,
2026-07-07T20:03:14.922255+00:00,2026-07-07T20:03:14.922125,1,2,135.5,0.8,135.1,100,,,,,,,,,,,,,,,,,,,135.9,12,136.0,150,,,,,,,,,,,,,,,,
2026-07-07T20:03:14.975473+00:00,2026-07-07T20:03:14.975398,1,3,135.35,0.5,135.1,100,,,,,,,,,,,,,,,,,,,135.6,100,135.9,12,136.0,150,,,,,,,,,,,,,,
2026-07-07T20:03:15.000337+00:00,2026-07-07T20:03:15.000214,1,2,135.35,0.5,135.1,100,,,,,,,,,,,,,,,,,,,135.6,100,135.9,12,,,,,,,,,,,,,,,,
2026-07-07T20:03:15.054437+00:00,2026-07-07T20:03:15.054379,2,2,135.35,0.5,135.1,100,134.9,150,,,,,,,,,,,,,,,,,135.6,100,135.9,12,,,,,,,,,,,,,,,,
2026-07-07T20:03:15.059656+00:00,2026-07-07T20:03:15.059550,2,1,135.35,0.5,135.1,100,134.9,150,,,,,,,,,,,,,,,,,135.6,100,,,,,,,,,,,,,,,,,,
2026-07-07T20:03:15.070082+00:00,2026-07-07T20:03:15.069994,2,2,135.3,0.4,135.1,112,134.9,150,,,,,,,,,,,,,,,,,135.5,12,135.6,100,,,,,,,,,,,,,,,,
2026-07-07T20:03:15.107562+00:00,2026-07-07T20:03:15.107473,2,3,135.25,0.3,135.1,112,134.9,150,,,,,,,,,,,,,,,,,135.4,150,135.5,12,135.6,100,,,,,,,,,,,,,,
2026-07-07T20:03:15.313544+00:00,2026-07-07T20:03:15.313487,2,3,135.25,0.3,135.1,62,134.9,150,,,,,,,,,,,,,,,,,135.4,150,135.5,12,135.6,100,,,,,,,,,,,,,,
2026-07-07T20:03:17.429897+00:00,2026-07-07T20:03:17.429780,2,3,135.25,0.3,135.1,12,134.9,150,,,,,,,,,,,,,,,,,135.4,150,135.5,12,135.6,100,,,,,,,,,,,,,,
2026-07-07T20:03:18.028918+00:00,2026-07-07T20:03:18.028869,2,2,135.25,0.3,135.1,12,134.9,150,,,,,,,,,,,,,,,,,135.4,150,135.5,12,,,,,,,,,,,,,,,,
2026-07-07T20:03:18.082428+00:00,2026-07-07T20:03:18.082381,3,2,135.25,0.3,135.1,12,134.9,150,134.6,100,,,,,,,,,,,,,,,135.4,150,135.5,12,,,,,,,,,,,,,,,,
2026-07-07T20:03:18.136852+00:00,2026-07-07T20:03:18.136737,2,3,135.0,0.2,134.9,150,134.6,100,,,,,,,,,,,,,,,,,135.1,88,135.4,150,135.5,12,,,,,,,,,,,,,,
2026-07-07T20:03:18.158552+00:00,2026-07-07T20:03:18.157067,1,2,134.85,0.5,134.6,100,,,,,,,,,,,,,,,,,,,135.1,88,135.5,12,,,,,,,,,,,,,,,,
2026-07-07T20:03:18.214641+00:00,2026-07-07T20:03:18.209840,2,2,134.95,0.3,134.8,150,134.6,100,,,,,,,,,,,,,,,,,135.1,88,135.5,12,,,,,,,,,,,,,,,,
2026-07-07T20:03:18.270633+00:00,2026-07-07T20:03:18.270719,2,3,134.95,0.3,134.8,150,134.6,100,,,,,,,,,,,,,,,,,135.1,88,135.3,150,135.5,12,,,,,,,,,,,,,,
2026-07-07T20:03:18.333992+00:00,2026-07-07T20:03:18.333867,3,2,135.0,0.2,134.9,12,134.8,150,134.6,100,,,,,,,,,,,,,,,135.1,88,135.3,150,,,,,,,,,,,,,,,,
2026-07-07T20:03:18.339160+00:00,2026-07-07T20:03:18.339040,3,2,135.0,0.2,134.9,12,134.8,150,134.6,100,,,,,,,,,,,,,,,135.1,88,135.3,162,,,,,,,,,,,,,,,,
2026-07-07T20:03:18.997507+00:00,2026-07-07T20:03:18.997431,3,2,135.0,0.2,134.9,12,134.8,150,134.6,100,,,,,,,,,,,,,,,135.1,40,135.3,162,,,,,,,,,,,,,,,,
2026-07-07T20:03:19.352286+00:00,2026-07-07T20:03:19.352421,2,2,134.95,0.3,134.8,150,134.6,100,,,,,,,,,,,,,,,,,135.1,40,135.3,150,,,,,,,,,,,,,,,,
2026-07-07T20:03:19.358580+00:00,2026-07-07T20:03:19.357604,3,3,135.0,0.2,134.9,12,134.8,150,134.6,100,,,,,,,,,,,,,,,135.1,40,135.2,12,135.3,150,,,,,,,,,,,,,,
