recv_time,book_timestamp,n_bids,n_asks,mid,spread,bid_px_0,bid_vol_0,bid_px_1,bid_vol_1,bid_px_2,bid_vol_2,bid_px_3,bid_vol_3,bid_px_4,bid_vol_4,bid_px_5,bid_vol_5,bid_px_6,bid_vol_6,bid_px_7,bid_vol_7,bid_px_8,bid_vol_8,bid_px_9,bid_vol_9,ask_px_0,ask_vol_0,ask_px_1,ask_vol_1,ask_px_2,ask_vol_2,ask_px_3,ask_vol_3,ask_px_4,ask_vol_4,ask_px_5,ask_vol_5,ask_px_6,ask_vol_6,ask_px_7,ask_vol_7,ask_px_8,ask_vol_8,ask_px_9,ask_vol_9
2026-07-07T23:00:00.356144+00:00,2026-07-07T23:00:00.340235,1,1,136.75,0.5,136.5,203,,,,,,,,,,,,,,,,,,,137.0,250,,,,,,,,,,,,,,,,,,
2026-07-07T23:00:02.035366+00:00,2026-07-07T23:00:02.035303,1,1,136.75,0.5,136.5,153,,,,,,,,,,,,,,,,,,,137.0,250,,,,,,,,,,,,,,,,,,
2026-07-07T23:00:02.918821+00:00,2026-07-07T23:00:02.918743,1,1,136.75,0.5,136.5,150,,,,,,,,,,,,,,,,,,,137.0,150,,,,,,,,,,,,,,,,,,
2026-07-07T23:00:02.974984+00:00,2026-07-07T23:00:02.974908,2,1,136.75,0.5,136.5,150,136.3,100,,,,,,,,,,,,,,,,,137.0,150,,,,,,,,,,,,,,,,,,
2026-07-07T23:00:03.017033+00:00,2026-07-07T23:00:03.016915,1,0,,,136.3,100,,,,,,,,,,,,,,,,,,,,,,,,,,,,,,,,,,,,,,
2026-07-07T23:00:03.027328+00:00,2026-07-07T23:00:03.027241,1,1,136.55,0.5,136.3,100,,,,,,,,,,,,,,,,,,,136.8,100,,,,,,,,,,,,,,,,,,
2026-07-07T23:00:03.071561+00:00,2026-07-07T23:00:03.071453,2,1,136.7,0.2,136.6,150,136.3,100,,,,,,,,,,,,,,,,,136.8,100,,,,,,,,,,,,,,,,,,
2026-07-07T23:00:03.126078+00:00,2026-07-07T23:00:03.115096,2,2,136.7,0.2,136.6,150,136.3,100,,,,,,,,,,,,,,,,,136.8,100,137.1,150,,,,,,,,,,,,,,,,
2026-07-07T23:00:03.573733+00:00,2026-07-07T23:00:03.564104,2,2,136.7,0.2,136.6,150,136.3,100,,,,,,,,,,,,,,,,,136.8,89,137.1,150,,,,,,,,,,,,,,,,
2026-07-07T23:00:04.090723+00:00,2026-07-07T23:00:04.090632,2,2,136.7,0.2,136.6,150,136.3,100,,,,,,,,,,,,,,,,,136.8,39,137.1,150,,,,,,,,,,,,,,,,
2026-07-07T23:00:06.082901+00:00,2026-07-07T23:00:06.082777,1,1,136.85,0.5,136.6,150,,,,,,,,,,,,,,,,,,,137.1,150,,,,,,,,,,,,,,,,,,
2026-07-07T23:00:06.135755+00:00,2026-07-07T23:00:06.135831,2,1,136.85,0.5,136.6,150,136.5,100,,,,,,,,,,,,,,,,,137.1,150,,,,,,,,,,,,,,,,,,
2026-07-07T23:00:06.178802+00:00,2026-07-07T23:00:06.178929,1,0,,,136.5,100,,,,,,,,,,,,,,,,,,,,,,,,,,,,,,,,,,,,,,
2026-07-07T23:00:06.189242+00:00,2026-07-07T23:00:06.189329,1,1,136.75,0.5,136.5,100,,,,,,,,,,,,,,,,,,,137.0,100,,,,,,,,,,,,,,,,,,
2026-07-07T23:00:06.194686+00:00,2026-07-07T23:00:06.194589,1,1,136.75,0.5,136.5,100,,,,,,,,,,,,,,,,,,,137.0,50,,,,,,,,,,,,,,,,,,
2026-07-07T23:00:06.234280+00:00,2026-07-07T23:00:06.234162,2,1,136.8,0.4,136.6,150,136.5,100,,,,,,,,,,,,,,,,,137.0,50,,,,,,,,,,,,,,,,,,
2026-07-07T23:00:06.287054+00:00,2026-07-07T23:00:06.286960,2,2,136.8,0.4,136.6,150,136.5,100,,,,,,,,,,,,,,,,,137.0,50,137.1,150,,,,,,,,,,,,,,,,
2026-07-07T23:00:07.525999+00:00,2026-07-07T23:00:07.525892,2,2,136.8,0.4,136.6,102,136.5,100,,,,,,,,,,,,,,,,,137.0,50,137.1,150,,,,,,,,,,,,,,,,
2026-07-07T23:00:08.307771+00:00,2026-07-07T23:00:08.307630,2,1,136.85,0.5,136.6,102,136.5,100,,,,,,,,,,,,,,,,,137.1,150,,,,,,,,,,,,,,,,,,
2026-07-07T23:00:09.123345+00:00,2026-07-07T23:00:09.123269,2,1,136.85,0.5,136.6,102,136.5,100,,,,,,,,,,,,,,,,,137.1,106,,,,,,,,,,,,,,,,,,
2026-07-07T23:00:09.247177+00:00,2026-07-07T23:00:09.246978,1,1,136.85,0.5,136.6,102,,,,,,,,,,,,,,,,,,,137.1,106,,,,,,,,,,,,,,,,,,
2026-07-07T23:00:09.301728+00:00,2026-07-07T23:00:09.301812,2,1,136.9,0.4,136.7,100,136.6,102,,,,,,,,,,,,,,,,,137.1,106,,,,,,,,,,,,,,,,,,
2026-07-07T23:00:09.339472+00:00,2026-07-07T23:00:09.339370,1,0,,,136.7,100,,,,,,,,,,,,,,,,,,,,,,,,,,,,,,,,,,,,,,
2026-07-07T23:00:09.355390+00:00,2026-07-07T23:00:09.355464,1,1,136.95,0.5,136.7,100,,,,,,,,,,,,,,,,,,,137.2,100,,,,,,,,,,,,,,,,,,
2026-07-07T23:00:09.392735+00:00,2026-07-07T23:00:09.392813,2,1,136.95,0.5,136.7,100,136.5,150,,,,,,,,,,,,,,,,,137.2,100,,,,,,,,,,,,,,,,,,
2026-07-07T23:00:09.444328+00:00,2026-07-07T23:00:09.444296,2,2,136.85,0.3,136.7,100,136.5,150,,,,,,,,,,,,,,,,,137.0,150,137.2,100,,,,,,,,,,,,,,,,
2026-07-07T23:00:09.758595+00:00,2026-07-07T23:00:09.752024,2,2,136.85,0.3,136.7,60,136.5,150,,,,,,,,,,,,,,,,,137.0,150,137.2,100,,,,,,,,,,,,,,,,
2026-07-07T23:00:10.369340+00:00,2026-07-07T23:00:10.369271,2,2,136.85,0.3,136.7,60,136.5,150,,,,,,,,,,,,,,,,,137.0,104,137.2,100,,,,,,,,,,,,,,,,
2026-07-07T23:00:11.358549+00:00,2026-07-07T23:00:11.357605,2,2,136.85,0.3,136.7,15,136.5,150,,,,,,,,,,,,,,,,,137.0,104,137.2,100,,,,,,,,,,,,,,,,
2026-07-07T23:00:12.409722+00:00,2026-07-07T23:00:12.409671,1,1,136.75,0.5,136.5,150,,,,,,,,,,,,,,,,,,,137.0,104,,,,,,,,,,,,,,,,,,
2026-07-07T23:00:12.466328+00:00,2026-07-07T23:00:12.466283,2,1,136.75,0.5,136.5,150,136.4,100,,,,,,,,,,,,,,,,,137.0,104,,,,,,,,,,,,,,,,,,
2026-07-07T23:00:12.528693+00:00,2026-07-07T23:00:12.528886,2,0,,,136.5,150,136.4,100,,,,,,,,,,,,,,,,,,,,,,,,,,,,,,,,,,,,
2026-07-07T23:00:12.534478+00:00,2026-07-07T23:00:12.534287,1,1,136.65,0.5,136.4,100,,,,,,,,,,,,,,,,,,,136.9,100,,,,,,,,,,,,,,,,,,
2026-07-07T23:00:12.584550+00:00,2026-07-07T23:00:12.584445,2,1,136.75,0.3,136.6,150,136.4,100,,,,,,,,,,,,,,,,,136.9,100,,,,,,,,,,,,,,,,,,
2026-07-07T23:00:12.637916+00:00,2026-07-07T23:00:12.637800,2,2,136.75,0.3,136.6,150,136.4,100,,,,,,,,,,,,,,,,,136.9,100,137.1,150,,,,,,,,,,,,,,,,
2026-07-07T23:00:14.404245+00:00,2026-07-07T23:00:14.404172,2,2,136.75,0.3,136.6,106,136.4,100,,,,,,,,,,,,,,,,,136.9,100,137.1,150,,,,,,,,,,,,,,,,
2026-07-07T23:00:14.685755+00:00,2026-07-07T23:00:14.685888,2,2,136.75,0.3,136.6,56,136.4,100,,,,,,,,,,,,,,,,,136.9,100,137.1,150,,,,,,,,,,,,,,,,
2026-07-07T23:00:15.586523+00:00,2026-07-07T23:00:15.586442,1,1,136.85,0.5,136.6,56,,,,,,,,,,,,,,,,,,,137.1,150,,,,,,,,,,,,,,,,,,
2026-07-07T23:00:15.647914+00:00,2026-07-07T23:00:15.647802,2,1,136.85,0.5,136.6,56,136.5,100,,,,,,,,,,,,,,,,,137.1,150,,,,,,,,,,,,,,,,,,
2026-07-07T23:00:15.689131+00:00,2026-07-07T23:00:15.683558,1,0,,,136.5,100,,,,,,,,,,,,,,,,,,,,,,,,,,,,,,,,,,,,,,
2026-07-07T23:00:15.701331+00:00,2026-07-07T23:00:15.701267,1,1,136.75,0.5,136.5,100,,,,,,,,,,,,,,,,,,,137.0,100,,,,,,,,,,,,,,,,,,
2026-07-07T23:00:15.741573+00:00,2026-07-07T23:00:15.741505,2,1,136.75,0.5,136.5,100,136.2,150,,,,,,,,,,,,,,,,,137.0,100,,,,,,,,,,,,,,,,,,
2026-07-07T23:00:15.794143+00:00,2026-07-07T23:00:15.794085,2,2,136.6,0.2,136.5,100,136.2,150,,,,,,,,,,,,,,,,,136.7,150,137.0,100,,,,,,,,,,,,,,,,
2026-07-07T23:00:16.824660+00:00,2026-07-07T23:00:16.824602,2,2,136.6,0.2,136.5,50,136.2,150,,,,,,,,,,,,,,,,,136.7,150,137.0,100,,,,,,,,,,,,,,,,
2026-07-07T23:00:18.179499+00:00,2026-07-07T23:00:18.179377,2,2,136.6,0.2,136.5,50,136.2,150,,,,,,,,,,,,,,,,,136.7,101,137.0,100,,,,,,,,,,,,,,,,
2026-07-07T23:00:18.758579+00:00,2026-07-07T23:00:18.755237,1,1,136.45,0.5,136.2,150,,,,,,,,,,,,,,,,,,,136.7,101,,,,,,,,,,,,,,,,,,
2026-07-07T23:00:18.804568+00:00,2026-07-07T23:00:18.804520,2,1,136.45,0.5,136.2,150,136.0,100,,,,,,,,,,,,,,,,,136.7,101,,,,,,,,,,,,,,,,,,
2026-07-07T23:00:18.852959+00:00,2026-07-07T23:00:18.852775,1,0,,,136.0,100,,,,,,,,,,,,,,,,,,,,,,,,,,,,,,,,,,,,,,
2026-07-07T23:00:18.858557+00:00,2026-07-07T23:00:18.857996,1,1,136.25,0.5,136.0,100,,,,,,,,,,,,,,,,,,,136.5,100,,,,,,,,,,,,,,,,,,
2026-07-07T23:00:18.882496+00:00,2026-07-07T23:00:18.882439,1,1,136.25,0.5,136.0,100,,,,,,,,,,,,,,,,,,,136.5,50,,,,,,,,,,,,,,,,,,
2026-07-07T23:00:18.908237+00:00,2026-07-07T23:00:18.908135,2,1,136.35,0.3,136.2,150,136.0,100,,,,,,,,,,,,,,,,,136.5,50,,,,,,,,,,,,,,,,,,
2026-07-07T23:00:18.958567+00:00,2026-07-07T23:00:18.956212,2,2,136.35,0.3,136.2,150,136.0,100,,,,,,,,,,,,,,,,,136.5,50,136.7,150,,,,,,,,,,,,,,,,
2026-07-07T23:00:19.658582+00:00,2026-07-07T23:00:19.653892,2,2,136.35,0.3,136.2,150,136.0,100,,,,,,,,,,,,,,,,,136.5,9,136.7,150,,,,,,,,,,,,,,,,
2026-07-07T23:00:20.283742+00:00,2026-07-07T23:00:20.283610,2,2,136.35,0.3,136.2,103,136.0,100,,,,,,,,,,,,,,,,,136.5,9,136.7,150,,,,,,,,,,,,,,,,
2026-07-07T23:00:21.069757+00:00,2026-07-07T23:00:21.069703,2,2,136.35,0.3,136.2,53,136.0,100,,,,,,,,,,,,,,,,,136.5,9,136.7,150,,,,,,,,,,,,,,,,
2026-07-07T23:00:21.914744+00:00,2026-07-07T23:00:21.914681,1,1,136.45,0.5,136.2,53,,,,,,,,,,,,,,,,,,,136.7,150,,,,,,,,,,,,,,,,,,
2026-07-07T23:00:21.964592+00:00,2026-07-07T23:00:21.964561,2,1,136.5,0.4,136.3,100,136.2,53,,,,,,,,,,,,,,,,,136.7,150,,,,,,,,,,,,,,,,,,
2026-07-07T23:00:22.014640+00:00,2026-07-07T23:00:22.014562,1,0,,,136.3,100,,,,,,,,,,,,,,,,,,,,,,,,,,,,,,,,,,,,,,
2026-07-07T23:00:22.019893+00:00,2026-07-07T23:00:22.019758,1,1,136.55,0.5,136.3,100,,,,,,,,,,,,,,,,,,,136.8,100,,,,,,,,,,,,,,,,,,
2026-07-07T23:00:22.067219+00:00,2026-07-07T23:00:22.067119,2,1,136.55,0.5,136.3,100,135.8,150,,,,,,,,,,,,,,,,,136.8,100,,,,,,,,,,,,,,,,,,
2026-07-07T23:00:22.131911+00:00,2026-07-07T23:00:22.124155,1,2,136.05,0.5,135.8,150,,,,,,,,,,,,,,,,,,,136.3,38,136.8,100,,,,,,,,,,,,,,,,
2026-07-07T23:00:22.850646+00:00,2026-07-07T23:00:22.850833,1,1,136.3,1.0,135.8,150,,,,,,,,,,,,,,,,,,,136.8,94,,,,,,,,,,,,,,,,,,
2026-07-07T23:00:23.123356+00:00,2026-07-07T23:00:23.123286,1,1,136.3,1.0,135.8,150,,,,,,,,,,,,,,,,,,,136.8,44,,,,,,,,,,,,,,,,,,
2026-07-07T23:00:25.073139+00:00,2026-07-07T23:00:25.073077,1,0,,,135.8,150,,,,,,,,,,,,,,,,,,,,,,,,,,,,,,,,,,,,,,
2026-07-07T23:00:25.128260+00:00,2026-07-07T23:00:25.128145,2,0,,,136.2,100,135.8,150,,,,,,,,,,,,,,,,,,,,,,,,,,,,,,,,,,,,
2026-07-07T23:00:25.179373+00:00,2026-07-07T23:00:25.179280,1,1,136.45,0.5,136.2,100,,,,,,,,,,,,,,,,,,,136.7,100,,,,,,,,,,,,,,,,,,
2026-07-07T23:00:25.232209+00:00,2026-07-07T23:00:25.232069,2,1,136.6,0.2,136.5,150,136.2,100,,,,,,,,,,,,,,,,,136.7,100,,,,,,,,,,,,,,,,,,
2026-07-07T23:00:25.237478+00:00,2026-07-07T23:00:25.237358,2,1,136.6,0.2,136.5,150,136.2,100,,,,,,,,,,,,,,,,,136.7,50,,,,,,,,,,,,,,,,,,
2026-07-07T23:00:25.283959+00:00,2026-07-07T23:00:25.283898,2,2,136.6,0.2,136.5,150,136.2,100,,,,,,,,,,,,,,,,,136.7,50,137.0,150,,,,,,,,,,,,,,,,
2026-07-07T23:00:25.505197+00:00,2026-07-07T23:00:25.505288,2,2,136.6,0.2,136.5,150,136.2,100,,,,,,,,,,,,,,,,,136.7,9,137.0,150,,,,,,,,,,,,,,,,
2026-07-07T23:00:26.018665+00:00,2026-07-07T23:00:26.018585,2,2,136.6,0.2,136.5,103,136.2,100,,,,,,,,,,,,,,,,,136.7,9,137.0,150,,,,,,,,,,,,,,,,
2026-07-07T23:00:26.925102+00:00,2026-07-07T23:00:26.925251,2,1,136.75,0.5,136.5,103,136.2,100,,,,,,,,,,,,,,,,,137.0,150,,,,,,,,,,,,,,,,,,
2026-07-07T23:00:27.340863+00:00,2026-07-07T23:00:27.340729,2,1,136.75,0.5,136.5,103,136.2,100,,,,,,,,,,,,,,,,,137.0,100,,,,,,,,,,,,,,,,,,
2026-07-07T23:00:28.094013+00:00,2026-07-07T23:00:28.093894,2,1,136.75,0.5,136.5,59,136.2,100,,,,,,,,,,,,,,,,,137.0,100,,,,,,,,,,,,,,,,,,
2026-07-07T23:00:28.234610+00:00,2026-07-07T23:00:28.234509,1,1,136.75,0.5,136.5,59,,,,,,,,,,,,,,,,,,,137.0,100,,,,,,,,,,,,,,,,,,
2026-07-07T23:00:28.287978+00:00,2026-07-07T23:00:28.287909,2,1,136.9,0.2,136.8,100,136.5,59,,,,,,,,,,,,,,,,,137.0,100,,,,,,,,,,,,,,,,,,
2026-07-07T23:00:28.336790+00:00,2026-07-07T23:00:28.336718,2,2,136.9,0.2,136.8,100,136.5,59,,,,,,,,,,,,,,,,,137.0,100,137.3,100,,,,,,,,,,,,,,,,
2026-07-07T23:00:28.341995+00:00,2026-07-07T23:00:28.341910,1,1,137.05,0.5,136.8,100,,,,,,,,,,,,,,,,,,,137.3,100,,,,,,,,,,,,,,,,,,
2026-07-07T23:00:28.396355+00:00,2026-07-07T23:00:28.396264,2,1,137.05,0.5,136.8,100,136.6,150,,,,,,,,,,,,,,,,,137.3,100,,,,,,,,,,,,,,,,,,
2026-07-07T23:00:28.449552+00:00,2026-07-07T23:00:28.449456,2,2,136.95,0.3,136.8,100,136.6,150,,,,,,,,,,,,,,,,,137.1,150,137.3,100,,,,,,,,,,,,,,,,
2026-07-07T23:00:28.684020+00:00,2026-07-07T23:00:28.683989,2,2,136.95,0.3,136.8,100,136.6,150,,,,,,,,,,,,,,,,,137.1,105,137.3,100,,,,,,,,,,,,,,,,
2026-07-07T23:00:28.963028+00:00,2026-07-07T23:00:28.956854,2,2,136.95,0.3,136.8,77,136.6,150,,,,,,,,,,,,,,,,,137.1,105,137.3,100,,,,,,,,,,,,,,,,
2026-07-07T23:00:28.988945+00:00,2026-07-07T23:00:28.982296,2,2,136.95,0.3,136.8,74,136.6,150,,,,,,,,,,,,,,,,,137.1,105,137.3,100,,,,,,,,,,,,,,,,
2026-07-07T23:00:29.497620+00:00,2026-07-07T23:00:29.497781,2,2,136.95,0.3,136.8,24,136.6,150,,,,,,,,,,,,,,,,,137.1,105,137.3,100,,,,,,,,,,,,,,,,
2026-07-07T23:00:31.389198+00:00,2026-07-07T23:00:31.389354,2,1,136.95,0.3,136.8,24,136.6,150,,,,,,,,,,,,,,,,,137.1,105,,,,,,,,,,,,,,,,,,
2026-07-07T23:00:31.394439+00:00,2026-07-07T23:00:31.394530,1,1,136.85,0.5,136.6,150,,,,,,,,,,,,,,,,,,,137.1,105,,,,,,,,,,,,,,,,,,
2026-07-07T23:00:31.449313+00:00,2026-07-07T23:00:31.449222,2,1,136.95,0.3,136.8,100,136.6,150,,,,,,,,,,,,,,,,,137.1,105,,,,,,,,,,,,,,,,,,
2026-07-07T23:00:31.502554+00:00,2026-07-07T23:00:31.502514,1,1,137.05,0.5,136.8,100,,,,,,,,,,,,,,,,,,,137.3,100,,,,,,,,,,,,,,,,,,
2026-07-07T23:00:31.568954+00:00,2026-07-07T23:00:31.568807,2,1,137.15,0.3,137.0,150,136.8,100,,,,,,,,,,,,,,,,,137.3,100,,,,,,,,,,,,,,,,,,
2026-07-07T23:00:31.615091+00:00,2026-07-07T23:00:31.614991,2,2,137.15,0.3,137.0,150,136.8,100,,,,,,,,,,,,,,,,,137.3,100,137.5,150,,,,,,,,,,,,,,,,
2026-07-07T23:00:32.711390+00:00,2026-07-07T23:00:32.711276,2,2,137.15,0.3,137.0,110,136.8,100,,,,,,,,,,,,,,,,,137.3,100,137.5,150,,,,,,,,,,,,,,,,
2026-07-07T23:00:33.349040+00:00,2026-07-07T23:00:33.348934,2,2,137.15,0.3,137.0,68,136.8,100,,,,,,,,,,,,,,,,,137.3,100,137.5,150,,,,,,,,,,,,,,,,
2026-07-07T23:00:33.727618+00:00,2026-07-07T23:00:33.727530,2,2,137.15,0.3,137.0,18,136.8,100,,,,,,,,,,,,,,,,,137.3,100,137.5,150,,,,,,,,,,,,,,,,
2026-07-07T23:00:34.558630+00:00,2026-07-07T23:00:34.557636,1,1,137.25,0.5,137.0,18,,,,,,,,,,,,,,,,,,,137.5,150,,,,,,,,,,,,,,,,,,
2026-07-07T23:00:34.613072+00:00,2026-07-07T23:00:34.613003,2,1,137.25,0.5,137.0,18,136.8,100,,,,,,,,,,,,,,,,,137.5,150,,,,,,,,,,,,,,,,,,
2026-07-07T23:00:34.666132+00:00,2026-07-07T23:00:34.666103,2,1,137.15,0.3,137.0,18,136.8,100,,,,,,,,,,,,,,,,,137.3,100,,,,,,,,,,,,,,,,,,
2026-07-07T23:00:34.671187+00:00,2026-07-07T23:00:34.671274,1,1,137.05,0.5,136.8,100,,,,,,,,,,,,,,,,,,,137.3,100,,,,,,,,,,,,,,,,,,
2026-07-07T23:00:34.723770+00:00,2026-07-07T23:00:34.723735,2,1,137.05,0.5,136.8,100,136.5,150,,,,,,,,,,,,,,,,,137.3,100,,,,,,,,,,,,,,,,,,
2026-07-07T23:00:34.788266+00:00,2026-07-07T23:00:34.781330,2,2,136.9,0.2,136.8,100,136.5,150,,,,,,,,,,,,,,,,,137.0,147,137.3,100,,,,,,,,,,,,,,,,
2026-07-07T23:00:35.021931+00:00,2026-07-07T23:00:35.022055,2,2,136.9,0.2,136.8,100,136.5,150,,,,,,,,,,,,,,,,,137.0,106,137.3,100,,,,,,,,,,,,,,,,
2026-07-07T23:00:35.633676+00:00,2026-07-07T23:00:35.633633,2,2,136.9,0.2,136.8,100,136.5,150,,,,,,,,,,,,,,,,,137.0,61,137.3,100,,,,,,,,,,,,,,,,
2026-07-07T23:00:36.248864+00:00,2026-07-07T23:00:36.241299,2,2,136.9,0.2,136.8,100,136.5,150,,,,,,,,,,,,,,,,,137.0,50,137.3,100,,,,,,,,,,,,,,,,
2026-07-07T23:00:37.720640+00:00,2026-07-07T23:00:37.720552,1,1,136.75,0.5,136.5,150,,,,,,,,,,,,,,,,,,,137.0,50,,,,,,,,,,,,,,,,,,
2026-07-07T23:00:37.775474+00:00,2026-07-07T23:00:37.775403,2,1,136.85,0.3,136.7,100,136.5,150,,,,,,,,,,,,,,,,,137.0,50,,,,,,,,,,,,,,,,,,
2026-07-07T23:00:37.828648+00:00,2026-07-07T23:00:37.828885,1,1,136.95,0.5,136.7,100,,,,,,,,,,,,,,,,,,,137.2,100,,,,,,,,,,,,,,,,,,
2026-07-07T23:00:37.887003+00:00,2026-07-07T23:00:37.886907,2,1,137.0,0.4,136.8,150,136.7,100,,,,,,,,,,,,,,,,,137.2,100,,,,,,,,,,,,,,,,,,
2026-07-07T23:00:37.936789+00:00,2026-07-07T23:00:37.936658,2,2,137.0,0.4,136.8,100,136.7,100,,,,,,,,,,,,,,,,,137.2,100,137.3,150,,,,,,,,,,,,,,,,
2026-07-07T23:00:39.274627+00:00,2026-07-07T23:00:39.274595,2,2,137.0,0.4,136.8,51,136.7,100,,,,,,,,,,,,,,,,,137.2,100,137.3,150,,,,,,,,,,,,,,,,
2026-07-07T23:00:39.794068+00:00,2026-07-07T23:00:39.793947,2,2,137.0,0.4,136.8,51,136.7,100,,,,,,,,,,,,,,,,,137.2,53,137.3,150,,,,,,,,,,,,,,,,
2026-07-07T23:00:40.044621+00:00,2026-07-07T23:00:40.044488,2,2,137.0,0.4,136.8,1,136.7,100,,,,,,,,,,,,,,,,,137.2,53,137.3,150,,,,,,,,,,,,,,,,
2026-07-07T23:00:40.883014+00:00,2026-07-07T23:00:40.882904,1,1,137.05,0.5,136.8,1,,,,,,,,,,,,,,,,,,,137.3,150,,,,,,,,,,,,,,,,,,
2026-07-07T23:00:40.936248+00:00,2026-07-07T23:00:40.936169,2,1,137.2,0.2,137.1,100,136.8,1,,,,,,,,,,,,,,,,,137.3,150,,,,,,,,,,,,,,,,,,
2026-07-07T23:00:40.979404+00:00,2026-07-07T23:00:40.974556,2,1,137.2,0.2,137.1,89,136.8,1,,,,,,,,,,,,,,,,,137.3,150,,,,,,,,,,,,,,,,,,
2026-07-07T23:00:40.995053+00:00,2026-07-07T23:00:40.994910,1,1,137.35,0.5,137.1,89,,,,,,,,,,,,,,,,,,,137.6,100,,,,,,,,,,,,,,,,,,
2026-07-07T23:00:41.053116+00:00,2026-07-07T23:00:41.052968,2,1,137.35,0.5,137.1,89,135.9,150,,,,,,,,,,,,,,,,,137.6,100,,,,,,,,,,,,,,,,,,
2026-07-07T23:00:41.105898+00:00,2026-07-07T23:00:41.105760,1,2,136.15,0.5,135.9,150,,,,,,,,,,,,,,,,,,,136.4,61,137.6,100,,,,,,,,,,,,,,,,
2026-07-07T23:00:42.080184+00:00,2026-07-07T23:00:42.074328,1,2,136.15,0.5,135.9,150,,,,,,,,,,,,,,,,,,,136.4,15,137.6,100,,,,,,,,,,,,,,,,
2026-07-07T23:00:42.158587+00:00,2026-07-07T23:00:42.156722,1,2,136.15,0.5,135.9,100,,,,,,,,,,,,,,,,,,,136.4,15,137.6,100,,,,,,,,,,,,,,,,
2026-07-07T23:00:43.393221+00:00,2026-07-07T23:00:43.385287,1,1,136.75,1.7,135.9,100,,,,,,,,,,,,,,,,,,,137.6,100,,,,,,,,,,,,,,,,,,
2026-07-07T23:00:44.040270+00:00,2026-07-07T23:00:44.040167,1,0,,,135.9,100,,,,,,,,,,,,,,,,,,,,,,,,,,,,,,,,,,,,,,
2026-07-07T23:00:44.095184+00:00,2026-07-07T23:00:44.095290,2,0,,,136.1,100,135.9,100,,,,,,,,,,,,,,,,,,,,,,,,,,,,,,,,,,,,
2026-07-07T23:00:44.149031+00:00,2026-07-07T23:00:44.148898,2,1,136.35,0.5,136.1,100,135.9,100,,,,,,,,,,,,,,,,,136.6,100,,,,,,,,,,,,,,,,,,
2026-07-07T23:00:44.158692+00:00,2026-07-07T23:00:44.154250,1,1,136.35,0.5,136.1,100,,,,,,,,,,,,,,,,,,,136.6,100,,,,,,,,,,,,,,,,,,
2026-07-07T23:00:44.215572+00:00,2026-07-07T23:00:44.215711,2,1,136.4,0.4,136.2,150,136.1,100,,,,,,,,,,,,,,,,,136.6,100,,,,,,,,,,,,,,,,,,
2026-07-07T23:00:44.265325+00:00,2026-07-07T23:00:44.265213,2,2,136.4,0.4,136.2,100,136.1,100,,,,,,,,,,,,,,,,,136.6,100,136.7,150,,,,,,,,,,,,,,,,
2026-07-07T23:00:46.450449+00:00,2026-07-07T23:00:46.450400,2,2,136.4,0.4,136.2,60,136.1,100,,,,,,,,,,,,,,,,,136.6,100,136.7,150,,,,,,,,,,,,,,,,
2026-07-07T23:00:47.205312+00:00,2026-07-07T23:00:47.205261,1,1,136.45,0.5,136.2,60,,,,,,,,,,,,,,,,,,,136.7,150,,,,,,,,,,,,,,,,,,
2026-07-07T23:00:47.255094+00:00,2026-07-07T23:00:47.255224,2,1,136.5,0.4,136.3,100,136.2,60,,,,,,,,,,,,,,,,,136.7,150,,,,,,,,,,,,,,,,,,
2026-07-07T23:00:47.312283+00:00,2026-07-07T23:00:47.312186,2,2,136.5,0.4,136.3,100,136.2,60,,,,,,,,,,,,,,,,,136.7,150,136.8,100,,,,,,,,,,,,,,,,
2026-07-07T23:00:47.322565+00:00,2026-07-07T23:00:47.322735,1,1,136.55,0.5,136.3,100,,,,,,,,,,,,,,,,,,,136.8,100,,,,,,,,,,,,,,,,,,
2026-07-07T23:00:47.380603+00:00,2026-07-07T23:00:47.380509,2,1,136.55,0.5,136.3,100,136.2,150,,,,,,,,,,,,,,,,,136.8,100,,,,,,,,,,,,,,,,,,
2026-07-07T23:00:47.434236+00:00,2026-07-07T23:00:47.434148,2,2,136.5,0.4,136.3,100,136.2,150,,,,,,,,,,,,,,,,,136.7,150,136.8,100,,,,,,,,,,,,,,,,
2026-07-07T23:00:48.478624+00:00,2026-07-07T23:00:48.478584,2,2,136.5,0.4,136.3,50,136.2,150,,,,,,,,,,,,,,,,,136.7,150,136.8,100,,,,,,,,,,,,,,,,
2026-07-07T23:00:48.642290+00:00,2026-07-07T23:00:48.636097,2,2,136.5,0.4,136.3,35,136.2,150,,,,,,,,,,,,,,,,,136.7,150,136.8,100,,,,,,,,,,,,,,,,
2026-07-07T23:00:50.358671+00:00,2026-07-07T23:00:50.357262,2,1,136.5,0.4,136.3,35,136.2,150,,,,,,,,,,,,,,,,,136.7,150,,,,,,,,,,,,,,,,,,
2026-07-07T23:00:50.369201+00:00,2026-07-07T23:00:50.369126,1,1,136.45,0.5,136.2,150,,,,,,,,,,,,,,,,,,,136.7,150,,,,,,,,,,,,,,,,,,
2026-07-07T23:00:50.422095+00:00,2026-07-07T23:00:50.422003,2,1,136.45,0.5,136.2,150,135.9,100,,,,,,,,,,,,,,,,,136.7,150,,,,,,,,,,,,,,,,,,
2026-07-07T23:00:50.475806+00:00,2026-07-07T23:00:50.475697,2,2,136.3,0.2,136.2,150,135.9,100,,,,,,,,,,,,,,,,,136.4,100,136.7,150,,,,,,,,,,,,,,,,
2026-07-07T23:00:50.491779+00:00,2026-07-07T23:00:50.491728,1,1,136.15,0.5,135.9,100,,,,,,,,,,,,,,,,,,,136.4,100,,,,,,,,,,,,,,,,,,
2026-07-07T23:00:50.534101+00:00,2026-07-07T23:00:50.533964,1,1,136.15,0.5,135.9,100,,,,,,,,,,,,,,,,,,,136.4,50,,,,,,,,,,,,,,,,,,
2026-07-07T23:00:50.548142+00:00,2026-07-07T23:00:50.548027,2,1,136.15,0.5,135.9,100,135.8,150,,,,,,,,,,,,,,,,,136.4,50,,,,,,,,,,,,,,,,,,
2026-07-07T23:00:50.589385+00:00,2026-07-07T23:00:50.589314,2,1,136.15,0.5,135.9,100,135.8,150,,,,,,,,,,,,,,,,,136.4,9,,,,,,,,,,,,,,,,,,
2026-07-07T23:00:50.601130+00:00,2026-07-07T23:00:50.601076,2,2,136.1,0.4,135.9,100,135.8,150,,,,,,,,,,,,,,,,,136.3,150,136.4,9,,,,,,,,,,,,,,,,
2026-07-07T23:00:52.645803+00:00,2026-07-07T23:00:52.645629,2,2,136.1,0.4,135.9,100,135.8,150,,,,,,,,,,,,,,,,,136.3,100,136.4,9,,,,,,,,,,,,,,,,
2026-07-07T23:00:53.005073+00:00,2026-07-07T23:00:53.004962,2,2,136.1,0.4,135.9,100,135.8,150,,,,,,,,,,,,,,,,,136.3,59,136.4,9,,,,,,,,,,,,,,,,
2026-07-07T23:00:53.530281+00:00,2026-07-07T23:00:53.530163,1,1,136.05,0.5,135.8,150,,,,,,,,,,,,,,,,,,,136.3,59,,,,,,,,,,,,,,,,,,
2026-07-07T23:00:53.585090+00:00,2026-07-07T23:00:53.585051,2,0,,,136.4,41,135.8,150,,,,,,,,,,,,,,,,,,,,,,,,,,,,,,,,,,,,
2026-07-07T23:00:53.640505+00:00,2026-07-07T23:00:53.640410,2,1,136.65,0.5,136.4,41,135.8,150,,,,,,,,,,,,,,,,,136.9,100,,,,,,,,,,,,,,,,,,
2026-07-07T23:00:53.656021+00:00,2026-07-07T23:00:53.655961,1,1,136.65,0.5,136.4,41,,,,,,,,,,,,,,,,,,,136.9,100,,,,,,,,,,,,,,,,,,
2026-07-07T23:00:53.718903+00:00,2026-07-07T23:00:53.712574,2,1,136.75,0.3,136.6,138,136.4,41,,,,,,,,,,,,,,,,,136.9,100,,,,,,,,,,,,,,,,,,
2026-07-07T23:00:53.762242+00:00,2026-07-07T23:00:53.762138,2,2,136.75,0.3,136.6,138,136.4,41,,,,,,,,,,,,,,,,,136.9,100,137.1,150,,,,,,,,,,,,,,,,
2026-07-07T23:00:54.753548+00:00,2026-07-07T23:00:54.753488,2,2,136.75,0.3,136.6,138,136.4,41,,,,,,,,,,,,,,,,,136.9,50,137.1,150,,,,,,,,,,,,,,,,
2026-07-07T23:00:55.194230+00:00,2026-07-07T23:00:55.188601,2,2,136.75,0.3,136.6,127,136.4,41,,,,,,,,,,,,,,,,,136.9,50,137.1,150,,,,,,,,,,,,,,,,
2026-07-07T23:00:56.693840+00:00,2026-07-07T23:00:56.694002,1,1,136.85,0.5,136.6,127,,,,,,,,,,,,,,,,,,,137.1,150,,,,,,,,,,,,,,,,,,
2026-07-07T23:00:56.747705+00:00,2026-07-07T23:00:56.747613,2,1,136.85,0.5,136.6,127,136.5,100,,,,,,,,,,,,,,,,,137.1,150,,,,,,,,,,,,,,,,,,
2026-07-07T23:00:56.801646+00:00,2026-07-07T23:00:56.801803,2,2,136.8,0.4,136.6,127,136.5,100,,,,,,,,,,,,,,,,,137.0,100,137.1,150,,,,,,,,,,,,,,,,
2026-07-07T23:00:56.812384+00:00,2026-07-07T23:00:56.812274,1,1,136.75,0.5,136.5,100,,,,,,,,,,,,,,,,,,,137.0,100,,,,,,,,,,,,,,,,,,
2026-07-07T23:00:56.868956+00:00,2026-07-07T23:00:56.868900,2,1,136.8,0.4,136.6,150,136.5,100,,,,,,,,,,,,,,,,,137.0,50,,,,,,,,,,,,,,,,,,
2026-07-07T23:00:56.917478+00:00,2026-07-07T23:00:56.917614,2,2,136.8,0.4,136.6,150,136.5,100,,,,,,,,,,,,,,,,,137.0,50,137.1,150,,,,,,,,,,,,,,,,
2026-07-07T23:00:58.975949+00:00,2026-07-07T23:00:58.975883,2,1,136.85,0.5,136.6,150,136.5,100,,,,,,,,,,,,,,,,,137.1,150,,,,,,,,,,,,,,,,,,
2026-07-07T23:00:59.864104+00:00,2026-07-07T23:00:59.863840,1,1,136.85,0.5,136.6,150,,,,,,,,,,,,,,,,,,,137.1,150,,,,,,,,,,,,,,,,,,
2026-07-07T23:00:59.911432+00:00,2026-07-07T23:00:59.911371,2,1,136.85,0.5,136.6,150,136.5,100,,,,,,,,,,,,,,,,,137.1,150,,,,,,,,,,,,,,,,,,
2026-07-07T23:00:59.958664+00:00,2026-07-07T23:00:59.954814,2,2,136.8,0.4,136.6,150,136.5,100,,,,,,,,,,,,,,,,,137.0,100,137.1,150,,,,,,,,,,,,,,,,
2026-07-07T23:00:59.975540+00:00,2026-07-07T23:00:59.975351,1,1,136.75,0.5,136.5,100,,,,,,,,,,,,,,,,,,,137.0,100,,,,,,,,,,,,,,,,,,
2026-07-07T23:01:00.030227+00:00,2026-07-07T23:01:00.030154,2,1,136.75,0.5,136.5,100,136.4,150,,,,,,,,,,,,,,,,,137.0,100,,,,,,,,,,,,,,,,,,
2026-07-07T23:01:00.083894+00:00,2026-07-07T23:01:00.083750,2,2,136.7,0.4,136.5,100,136.4,150,,,,,,,,,,,,,,,,,136.9,150,137.0,100,,,,,,,,,,,,,,,,
2026-07-07T23:01:00.487822+00:00,2026-07-07T23:01:00.481572,2,2,136.7,0.4,136.5,88,136.4,150,,,,,,,,,,,,,,,,,136.9,150,137.0,100,,,,,,,,,,,,,,,,
2026-07-07T23:01:01.132717+00:00,2026-07-07T23:01:01.132646,2,2,136.7,0.4,136.5,38,136.4,150,,,,,,,,,,,,,,,,,136.9,150,137.0,100,,,,,,,,,,,,,,,,
2026-07-07T23:01:01.756884+00:00,2026-07-07T23:01:01.757135,1,2,136.65,0.5,136.4,141,,,,,,,,,,,,,,,,,,,136.9,150,137.0,100,,,,,,,,,,,,,,,,
2026-07-07T23:01:02.784814+00:00,2026-07-07T23:01:02.784723,1,2,136.65,0.5,136.4,96,,,,,,,,,,,,,,,,,,,136.9,150,137.0,100,,,,,,,,,,,,,,,,
2026-07-07T23:01:03.018742+00:00,2026-07-07T23:01:03.018889,1,1,136.65,0.5,136.4,96,,,,,,,,,,,,,,,,,,,136.9,150,,,,,,,,,,,,,,,,,,
2026-07-07T23:01:03.071304+00:00,2026-07-07T23:01:03.071255,1,1,136.65,0.5,136.4,196,,,,,,,,,,,,,,,,,,,136.9,150,,,,,,,,,,,,,,,,,,
2026-07-07T23:01:03.121311+00:00,2026-07-07T23:01:03.121264,1,1,136.65,0.5,136.4,196,,,,,,,,,,,,,,,,,,,136.9,250,,,,,,,,,,,,,,,,,,
2026-07-07T23:01:03.139622+00:00,2026-07-07T23:01:03.139492,1,1,136.65,0.5,136.4,100,,,,,,,,,,,,,,,,,,,136.9,100,,,,,,,,,,,,,,,,,,
2026-07-07T23:01:03.191125+00:00,2026-07-07T23:01:03.191035,2,1,136.65,0.5,136.4,100,136.3,150,,,,,,,,,,,,,,,,,136.9,100,,,,,,,,,,,,,,,,,,
2026-07-07T23:01:03.239835+00:00,2026-07-07T23:01:03.239798,2,2,136.6,0.4,136.4,50,136.3,150,,,,,,,,,,,,,,,,,136.8,150,136.9,100,,,,,,,,,,,,,,,,
2026-07-07T23:01:04.813433+00:00,2026-07-07T23:01:04.813639,2,2,136.6,0.4,136.4,10,136.3,150,,,,,,,,,,,,,,,,,136.8,150,136.9,100,,,,,,,,,,,,,,,,
2026-07-07T23:01:05.347288+00:00,2026-07-07T23:01:05.347241,1,2,136.55,0.5,136.3,110,,,,,,,,,,,,,,,,,,,136.8,150,136.9,100,,,,,,,,,,,,,,,,
2026-07-07T23:01:06.173464+00:00,2026-07-07T23:01:06.173397,1,1,136.55,0.5,136.3,110,,,,,,,,,,,,,,,,,,,136.8,150,,,,,,,,,,,,,,,,,,
2026-07-07T23:01:06.225944+00:00,2026-07-07T23:01:06.225830,2,1,136.55,0.5,136.3,110,136.1,100,,,,,,,,,,,,,,,,,136.8,150,,,,,,,,,,,,,,,,,,
2026-07-07T23:01:06.279202+00:00,2026-07-07T23:01:06.279130,2,2,136.45,0.3,136.3,110,136.1,100,,,,,,,,,,,,,,,,,136.6,100,136.8,150,,,,,,,,,,,,,,,,
2026-07-07T23:01:06.297424+00:00,2026-07-07T23:01:06.297383,1,1,136.35,0.5,136.1,100,,,,,,,,,,,,,,,,,,,136.6,100,,,,,,,,,,,,,,,,,,
2026-07-07T23:01:06.352059+00:00,2026-07-07T23:01:06.352015,1,1,136.35,0.5,136.1,250,,,,,,,,,,,,,,,,,,,136.6,100,,,,,,,,,,,,,,,,,,
2026-07-07T23:01:06.401933+00:00,2026-07-07T23:01:06.401890,1,1,136.35,0.5,136.1,250,,,,,,,,,,,,,,,,,,,136.6,250,,,,,,,,,,,,,,,,,,
2026-07-07T23:01:07.458551+00:00,2026-07-07T23:01:07.451937,1,1,136.35,0.5,136.1,200,,,,,,,,,,,,,,,,,,,136.6,250,,,,,,,,,,,,,,,,,,
2026-07-07T23:01:08.527978+00:00,2026-07-07T23:01:08.527912,1,1,136.35,0.5,136.1,200,,,,,,,,,,,,,,,,,,,136.6,204,,,,,,,,,,,,,,,,,,
2026-07-07T23:01:09.069455+00:00,2026-07-07T23:01:09.069371,1,1,136.35,0.5,136.1,200,,,,,,,,,,,,,,,,,,,136.6,160,,,,,,,,,,,,,,,,,,
2026-07-07T23:01:09.337754+00:00,2026-07-07T23:01:09.337712,1,1,136.35,0.5,136.1,150,,,,,,,,,,,,,,,,,,,136.6,150,,,,,,,,,,,,,,,,,,
2026-07-07T23:01:09.393106+00:00,2026-07-07T23:01:09.393214,2,1,136.35,0.5,136.1,150,136.0,100,,,,,,,,,,,,,,,,,136.6,150,,,,,,,,,,,,,,,,,,
2026-07-07T23:01:09.442098+00:00,2026-07-07T23:01:09.442268,2,2,136.3,0.4,136.1,150,136.0,100,,,,,,,,,,,,,,,,,136.5,100,136.6,150,,,,,,,,,,,,,,,,
2026-07-07T23:01:09.463878+00:00,2026-07-07T23:01:09.463800,1,1,136.25,0.5,136.0,100,,,,,,,,,,,,,,,,,,,136.5,100,,,,,,,,,,,,,,,,,,
2026-07-07T23:01:09.513986+00:00,2026-07-07T23:01:09.514082,2,1,136.25,0.5,136.0,100,135.9,150,,,,,,,,,,,,,,,,,136.5,100,,,,,,,,,,,,,,,,,,
2026-07-07T23:01:09.565389+00:00,2026-07-07T23:01:09.565262,2,2,136.2,0.4,136.0,50,135.9,150,,,,,,,,,,,,,,,,,136.4,150,136.5,100,,,,,,,,,,,,,,,,
2026-07-07T23:01:09.680694+00:00,2026-07-07T23:01:09.673680,2,2,136.2,0.4,136.0,50,135.9,150,,,,,,,,,,,,,,,,,136.4,115,136.5,100,,,,,,,,,,,,,,,,
2026-07-07T23:01:10.406319+00:00,2026-07-07T23:01:10.406237,2,2,136.2,0.4,136.0,50,135.9,150,,,,,,,,,,,,,,,,,136.4,72,136.5,100,,,,,,,,,,,,,,,,
2026-07-07T23:01:11.620467+00:00,2026-07-07T23:01:11.620410,2,2,136.2,0.4,136.0,50,135.9,150,,,,,,,,,,,,,,,,,136.4,22,136.5,100,,,,,,,,,,,,,,,,
2026-07-07T23:01:12.496357+00:00,2026-07-07T23:01:12.496326,1,1,136.15,0.5,135.9,150,,,,,,,,,,,,,,,,,,,136.4,22,,,,,,,,,,,,,,,,,,
2026-07-07T23:01:12.554636+00:00,2026-07-07T23:01:12.554436,1,1,136.15,0.5,135.9,250,,,,,,,,,,,,,,,,,,,136.4,22,,,,,,,,,,,,,,,,,,
2026-07-07T23:01:12.606980+00:00,2026-07-07T23:01:12.606908,1,1,136.15,0.5,135.9,250,,,,,,,,,,,,,,,,,,,136.4,122,,,,,,,,,,,,,,,,,,
2026-07-07T23:01:12.617460+00:00,2026-07-07T23:01:12.617387,1,1,136.15,0.5,135.9,100,,,,,,,,,,,,,,,,,,,136.4,100,,,,,,,,,,,,,,,,,,
2026-07-07T23:01:12.671528+00:00,2026-07-07T23:01:12.671449,2,0,,,136.5,50,135.9,100,,,,,,,,,,,,,,,,,,,,,,,,,,,,,,,,,,,,
2026-07-07T23:01:12.724993+00:00,2026-07-07T23:01:12.725086,2,1,136.75,0.5,136.5,50,135.9,100,,,,,,,,,,,,,,,,,137.0,150,,,,,,,,,,,,,,,,,,
2026-07-07T23:01:12.735826+00:00,2026-07-07T23:01:12.729012,2,1,136.75,0.5,136.5,27,135.9,100,,,,,,,,,,,,,,,,,137.0,150,,,,,,,,,,,,,,,,,,
2026-07-07T23:01:13.729097+00:00,2026-07-07T23:01:13.729288,2,1,136.75,0.5,136.5,27,135.9,100,,,,,,,,,,,,,,,,,137.0,100,,,,,,,,,,,,,,,,,,
2026-07-07T23:01:15.659448+00:00,2026-07-07T23:01:15.659398,1,1,136.75,0.5,136.5,27,,,,,,,,,,,,,,,,,,,137.0,100,,,,,,,,,,,,,,,,,,
2026-07-07T23:01:15.719177+00:00,2026-07-07T23:01:15.706289,1,1,136.75,0.5,136.5,127,,,,,,,,,,,,,,,,,,,137.0,100,,,,,,,,,,,,,,,,,,
2026-07-07T23:01:15.767741+00:00,2026-07-07T23:01:15.767599,1,1,136.75,0.5,136.5,127,,,,,,,,,,,,,,,,,,,137.0,200,,,,,,,,,,,,,,,,,,
2026-07-07T23:01:15.778112+00:00,2026-07-07T23:01:15.777990,1,1,136.75,0.5,136.5,127,,,,,,,,,,,,,,,,,,,137.0,100,,,,,,,,,,,,,,,,,,
2026-07-07T23:01:15.783076+00:00,2026-07-07T23:01:15.783157,1,1,136.75,0.5,136.5,100,,,,,,,,,,,,,,,,,,,137.0,100,,,,,,,,,,,,,,,,,,
2026-07-07T23:01:15.835186+00:00,2026-07-07T23:01:15.835069,1,1,136.75,0.5,136.5,250,,,,,,,,,,,,,,,,,,,137.0,100,,,,,,,,,,,,,,,,,,
2026-07-07T23:01:15.889829+00:00,2026-07-07T23:01:15.889712,1,1,136.75,0.5,136.5,200,,,,,,,,,,,,,,,,,,,137.0,250,,,,,,,,,,,,,,,,,,
2026-07-07T23:01:17.480952+00:00,2026-07-07T23:01:17.480859,1,1,136.75,0.5,136.5,152,,,,,,,,,,,,,,,,,,,137.0,250,,,,,,,,,,,,,,,,,,
2026-07-07T23:01:18.000769+00:00,2026-07-07T23:01:18.000737,1,1,136.75,0.5,136.5,102,,,,,,,,,,,,,,,,,,,137.0,250,,,,,,,,,,,,,,,,,,
2026-07-07T23:01:18.820777+00:00,2026-07-07T23:01:18.820679,1,1,136.75,0.5,136.5,102,,,,,,,,,,,,,,,,,,,137.0,150,,,,,,,,,,,,,,,,,,
2026-07-07T23:01:18.874781+00:00,2026-07-07T23:01:18.874657,2,1,136.75,0.5,136.5,102,136.2,100,,,,,,,,,,,,,,,,,137.0,150,,,,,,,,,,,,,,,,,,
2026-07-07T23:01:18.936159+00:00,2026-07-07T23:01:18.930770,2,2,136.6,0.2,136.5,102,136.2,100,,,,,,,,,,,,,,,,,136.7,66,137.0,150,,,,,,,,,,,,,,,,
2026-07-07T23:01:18.951758+00:00,2026-07-07T23:01:18.951635,1,1,136.45,0.5,136.2,100,,,,,,,,,,,,,,,,,,,136.7,66,,,,,,,,,,,,,,,,,,
2026-07-07T23:01:18.997854+00:00,2026-07-07T23:01:18.997710,2,0,,,136.7,84,136.2,100,,,,,,,,,,,,,,,,,,,,,,,,,,,,,,,,,,,,
2026-07-07T23:01:19.049454+00:00,2026-07-07T23:01:19.049390,2,1,136.95,0.5,136.7,84,136.2,100,,,,,,,,,,,,,,,,,137.2,150,,,,,,,,,,,,,,,,,,
2026-07-07T23:01:20.106723+00:00,2026-07-07T23:01:20.106586,2,1,136.95,0.5,136.7,34,136.2,100,,,,,,,,,,,,,,,,,137.2,150,,,,,,,,,,,,,,,,,,
2026-07-07T23:01:20.464037+00:00,2026-07-07T23:01:20.463896,2,1,136.95,0.5,136.7,34,136.2,100,,,,,,,,,,,,,,,,,137.2,107,,,,,,,,,,,,,,,,,,
2026-07-07T23:01:21.981178+00:00,2026-07-07T23:01:21.981099,1,1,136.95,0.5,136.7,34,,,,,,,,,,,,,,,,,,,137.2,107,,,,,,,,,,,,,,,,,,
2026-07-07T23:01:22.033805+00:00,2026-07-07T23:01:22.033756,1,1,136.95,0.5,136.7,134,,,,,,,,,,,,,,,,,,,137.2,107,,,,,,,,,,,,,,,,,,
2026-07-07T23:01:22.086727+00:00,2026-07-07T23:01:22.086607,1,1,136.95,0.5,136.7,134,,,,,,,,,,,,,,,,,,,137.2,207,,,,,,,,,,,,,,,,,,
2026-07-07T23:01:22.107446+00:00,2026-07-07T23:01:22.107326,1,1,136.95,0.5,136.7,100,,,,,,,,,,,,,,,,,,,137.2,100,,,,,,,,,,,,,,,,,,
2026-07-07T23:01:22.163917+00:00,2026-07-07T23:01:22.164031,2,1,136.95,0.5,136.7,100,136.3,150,,,,,,,,,,,,,,,,,137.2,100,,,,,,,,,,,,,,,,,,
2026-07-07T23:01:22.222257+00:00,2026-07-07T23:01:22.222161,2,2,136.75,0.1,136.7,50,136.3,150,,,,,,,,,,,,,,,,,136.8,150,137.2,100,,,,,,,,,,,,,,,,
2026-07-07T23:01:24.322953+00:00,2026-07-07T23:01:24.322835,1,2,136.55,0.5,136.3,150,,,,,,,,,,,,,,,,,,,136.8,150,137.2,100,,,,,,,,,,,,,,,,
2026-07-07T23:01:25.164117+00:00,2026-07-07T23:01:25.164014,1,1,136.55,0.5,136.3,150,,,,,,,,,,,,,,,,,,,136.8,150,,,,,,,,,,,,,,,,,,
2026-07-07T23:01:25.215544+00:00,2026-07-07T23:01:25.215484,2,1,136.6,0.4,136.4,100,136.3,150,,,,,,,,,,,,,,,,,136.8,150,,,,,,,,,,,,,,,,,,
2026-07-07T23:01:25.271253+00:00,2026-07-07T23:01:25.271164,1,1,136.65,0.5,136.4,100,,,,,,,,,,,,,,,,,,,136.9,100,,,,,,,,,,,,,,,,,,
2026-07-07T23:01:25.327489+00:00,2026-07-07T23:01:25.327412,2,1,136.65,0.5,136.4,100,136.2,150,,,,,,,,,,,,,,,,,136.9,100,,,,,,,,,,,,,,,,,,
2026-07-07T23:01:25.380904+00:00,2026-07-07T23:01:25.380794,2,2,136.55,0.3,136.4,100,136.2,150,,,,,,,,,,,,,,,,,136.7,150,136.9,100,,,,,,,,,,,,,,,,
2026-07-07T23:01:25.786351+00:00,2026-07-07T23:01:25.786280,2,2,136.55,0.3,136.4,59,136.2,150,,,,,,,,,,,,,,,,,136.7,150,136.9,100,,,,,,,,,,,,,,,,
2026-07-07T23:01:26.443393+00:00,2026-07-07T23:01:26.443259,2,2,136.55,0.3,136.4,9,136.2,150,,,,,,,,,,,,,,,,,136.7,150,136.9,100,,,,,,,,,,,,,,,,
2026-07-07T23:01:27.828929+00:00,2026-07-07T23:01:27.828755,2,2,136.55,0.3,136.4,9,136.2,150,,,,,,,,,,,,,,,,,136.7,106,136.9,100,,,,,,,,,,,,,,,,
2026-07-07T23:01:28.328585+00:00,2026-07-07T23:01:28.328482,1,1,136.45,0.5,136.2,150,,,,,,,,,,,,,,,,,,,136.7,106,,,,,,,,,,,,,,,,,,
2026-07-07T23:01:28.385516+00:00,2026-07-07T23:01:28.385473,2,1,136.45,0.5,136.2,150,136.1,100,,,,,,,,,,,,,,,,,136.7,106,,,,,,,,,,,,,,,,,,
2026-07-07T23:01:28.430470+00:00,2026-07-07T23:01:28.430246,2,0,,,136.2,150,136.1,100,,,,,,,,,,,,,,,,,,,,,,,,,,,,,,,,,,,,
2026-07-07T23:01:28.435363+00:00,2026-07-07T23:01:28.435536,1,0,,,136.1,100,,,,,,,,,,,,,,,,,,,,,,,,,,,,,,,,,,,,,,
2026-07-07T23:01:28.441035+00:00,2026-07-07T23:01:28.440902,1,1,136.35,0.5,136.1,100,,,,,,,,,,,,,,,,,,,136.6,100,,,,,,,,,,,,,,,,,,
2026-07-07T23:01:28.489256+00:00,2026-07-07T23:01:28.489424,2,1,136.5,0.2,136.4,150,136.1,100,,,,,,,,,,,,,,,,,136.6,100,,,,,,,,,,,,,,,,,,
2026-07-07T23:01:28.558800+00:00,2026-07-07T23:01:28.538352,2,2,136.5,0.2,136.4,150,136.1,100,,,,,,,,,,,,,,,,,136.6,100,136.9,150,,,,,,,,,,,,,,,,
2026-07-07T23:01:28.563960+00:00,2026-07-07T23:01:28.563818,2,2,136.5,0.2,136.4,100,136.1,100,,,,,,,,,,,,,,,,,136.6,100,136.9,150,,,,,,,,,,,,,,,,
2026-07-07T23:01:29.429299+00:00,2026-07-07T23:01:29.415574,2,2,136.5,0.2,136.4,100,136.1,100,,,,,,,,,,,,,,,,,136.6,66,136.9,150,,,,,,,,,,,,,,,,
2026-07-07T23:01:30.467237+00:00,2026-07-07T23:01:30.467177,2,2,136.5,0.2,136.4,100,136.1,100,,,,,,,,,,,,,,,,,136.6,22,136.9,150,,,,,,,,,,,,,,,,
2026-07-07T23:01:30.669608+00:00,2026-07-07T23:01:30.669767,2,2,136.5,0.2,136.4,50,136.1,100,,,,,,,,,,,,,,,,,136.6,22,136.9,150,,,,,,,,,,,,,,,,
2026-07-07T23:01:31.494685+00:00,2026-07-07T23:01:31.494629,1,1,136.65,0.5,136.4,50,,,,,,,,,,,,,,,,,,,136.9,150,,,,,,,,,,,,,,,,,,
2026-07-07T23:01:31.547433+00:00,2026-07-07T23:01:31.547633,2,1,136.7,0.4,136.5,100,136.4,50,,,,,,,,,,,,,,,,,136.9,150,,,,,,,,,,,,,,,,,,
2026-07-07T23:01:31.597831+00:00,2026-07-07T23:01:31.597742,1,0,,,136.5,100,,,,,,,,,,,,,,,,,,,,,,,,,,,,,,,,,,,,,,
2026-07-07T23:01:31.603038+00:00,2026-07-07T23:01:31.602938,1,1,136.75,0.5,136.5,100,,,,,,,,,,,,,,,,,,,137.0,100,,,,,,,,,,,,,,,,,,
2026-07-07T23:01:31.658815+00:00,2026-07-07T23:01:31.658687,2,1,136.75,0.5,136.5,100,136.2,150,,,,,,,,,,,,,,,,,137.0,100,,,,,,,,,,,,,,,,,,
2026-07-07T23:01:31.704177+00:00,2026-07-07T23:01:31.704043,2,2,136.6,0.2,136.5,100,136.2,150,,,,,,,,,,,,,,,,,136.7,150,137.0,100,,,,,,,,,,,,,,,,
2026-07-07T23:01:32.776537+00:00,2026-07-07T23:01:32.776467,2,2,136.6,0.2,136.5,50,136.2,150,,,,,,,,,,,,,,,,,136.7,150,137.0,100,,,,,,,,,,,,,,,,
2026-07-07T23:01:33.346126+00:00,2026-07-07T23:01:33.346049,2,2,136.6,0.2,136.5,6,136.2,150,,,,,,,,,,,,,,,,,136.7,150,137.0,100,,,,,,,,,,,,,,,,
2026-07-07T23:01:33.828239+00:00,2026-07-07T23:01:33.828368,2,2,136.6,0.2,136.5,6,136.2,150,,,,,,,,,,,,,,,,,136.7,105,137.0,100,,,,,,,,,,,,,,,,
2026-07-07T23:01:34.658642+00:00,2026-07-07T23:01:34.656680,1,1,136.45,0.5,136.2,150,,,,,,,,,,,,,,,,,,,136.7,105,,,,,,,,,,,,,,,,,,
2026-07-07T23:01:34.711217+00:00,2026-07-07T23:01:34.711125,2,1,136.6,0.2,136.5,100,136.2,150,,,,,,,,,,,,,,,,,136.7,105,,,,,,,,,,,,,,,,,,
2026-07-07T23:01:34.758637+00:00,2026-07-07T23:01:34.756424,1,1,136.75,0.5,136.5,100,,,,,,,,,,,,,,,,,,,137.0,100,,,,,,,,,,,,,,,,,,
2026-07-07T23:01:34.813837+00:00,2026-07-07T23:01:34.813777,2,1,136.8,0.4,136.6,150,136.5,100,,,,,,,,,,,,,,,,,137.0,100,,,,,,,,,,,,,,,,,,
2026-07-07T23:01:34.866453+00:00,2026-07-07T23:01:34.866369,2,2,136.8,0.4,136.6,150,136.5,100,,,,,,,,,,,,,,,,,137.0,100,137.1,150,,,,,,,,,,,,,,,,
2026-07-07T23:01:34.904318+00:00,2026-07-07T23:01:34.904505,2,2,136.8,0.4,136.6,100,136.5,100,,,,,,,,,,,,,,,,,137.0,100,137.1,150,,,,,,,,,,,,,,,,
2026-07-07T23:01:37.011600+00:00,2026-07-07T23:01:37.011469,2,2,136.8,0.4,136.6,50,136.5,100,,,,,,,,,,,,,,,,,137.0,100,137.1,150,,,,,,,,,,,,,,,,
2026-07-07T23:01:37.818032+00:00,2026-07-07T23:01:37.818176,1,1,136.85,0.5,136.6,50,,,,,,,,,,,,,,,,,,,137.1,150,,,,,,,,,,,,,,,,,,
2026-07-07T23:01:37.897133+00:00,2026-07-07T23:01:37.897060,1,1,136.85,0.5,136.6,150,,,,,,,,,,,,,,,,,,,137.1,150,,,,,,,,,,,,,,,,,,
2026-07-07T23:01:37.919338+00:00,2026-07-07T23:01:37.919270,1,0,,,136.6,100,,,,,,,,,,,,,,,,,,,,,,,,,,,,,,,,,,,,,,
2026-07-07T23:01:37.958864+00:00,2026-07-07T23:01:37.958643,1,1,136.85,0.5,136.6,100,,,,,,,,,,,,,,,,,,,137.1,100,,,,,,,,,,,,,,,,,,
2026-07-07T23:01:37.969300+00:00,2026-07-07T23:01:37.969176,2,1,136.85,0.5,136.6,100,136.3,150,,,,,,,,,,,,,,,,,137.1,100,,,,,,,,,,,,,,,,,,
2026-07-07T23:01:38.021783+00:00,2026-07-07T23:01:38.021895,2,2,136.7,0.2,136.6,100,136.3,150,,,,,,,,,,,,,,,,,136.8,150,137.1,100,,,,,,,,,,,,,,,,
2026-07-07T23:01:39.122834+00:00,2026-07-07T23:01:39.113298,2,2,136.7,0.2,136.6,50,136.3,150,,,,,,,,,,,,,,,,,136.8,150,137.1,100,,,,,,,,,,,,,,,,
2026-07-07T23:01:41.006096+00:00,2026-07-07T23:01:41.006040,1,1,136.55,0.5,136.3,150,,,,,,,,,,,,,,,,,,,136.8,150,,,,,,,,,,,,,,,,,,
2026-07-07T23:01:41.058580+00:00,2026-07-07T23:01:41.056400,1,1,136.55,0.5,136.3,250,,,,,,,,,,,,,,,,,,,136.8,150,,,,,,,,,,,,,,,,,,
2026-07-07T23:01:41.079862+00:00,2026-07-07T23:01:41.080016,1,0,,,136.3,100,,,,,,,,,,,,,,,,,,,,,,,,,,,,,,,,,,,,,,
2026-07-07T23:01:41.113820+00:00,2026-07-07T23:01:41.113704,1,1,136.55,0.5,136.3,100,,,,,,,,,,,,,,,,,,,136.8,100,,,,,,,,,,,,,,,,,,
2026-07-07T23:01:41.141326+00:00,2026-07-07T23:01:41.141224,2,1,136.55,0.5,136.3,100,136.1,150,,,,,,,,,,,,,,,,,136.8,100,,,,,,,,,,,,,,,,,,
2026-07-07T23:01:41.174195+00:00,2026-07-07T23:01:41.174079,2,1,136.55,0.5,136.3,100,136.1,150,,,,,,,,,,,,,,,,,136.8,50,,,,,,,,,,,,,,,,,,
2026-07-07T23:01:41.195887+00:00,2026-07-07T23:01:41.195789,2,2,136.45,0.3,136.3,100,136.1,150,,,,,,,,,,,,,,,,,136.6,150,136.8,50,,,,,,,,,,,,,,,,
2026-07-07T23:01:41.607922+00:00,2026-07-07T23:01:41.607809,2,2,136.45,0.3,136.3,53,136.1,150,,,,,,,,,,,,,,,,,136.6,150,136.8,50,,,,,,,,,,,,,,,,
2026-07-07T23:01:43.281239+00:00,2026-07-07T23:01:43.281125,2,2,136.45,0.3,136.3,53,136.1,150,,,,,,,,,,,,,,,,,136.6,100,136.8,50,,,,,,,,,,,,,,,,
2026-07-07T23:01:44.024675+00:00,2026-07-07T23:01:44.018930,2,2,136.45,0.3,136.3,53,136.1,150,,,,,,,,,,,,,,,,,136.6,94,136.8,50,,,,,,,,,,,,,,,,
2026-07-07T23:01:44.171151+00:00,2026-07-07T23:01:44.171114,1,1,136.35,0.5,136.1,150,,,,,,,,,,,,,,,,,,,136.6,94,,,,,,,,,,,,,,,,,,
2026-07-07T23:01:44.223278+00:00,2026-07-07T23:01:44.223151,2,1,136.5,0.2,136.4,100,136.1,150,,,,,,,,,,,,,,,,,136.6,94,,,,,,,,,,,,,,,,,,
2026-07-07T23:01:44.247178+00:00,2026-07-07T23:01:44.247148,1,0,,,136.4,100,,,,,,,,,,,,,,,,,,,,,,,,,,,,,,,,,,,,,,
2026-07-07T23:01:44.358960+00:00,2026-07-07T23:01:44.358778,1,1,136.65,0.5,136.4,100,,,,,,,,,,,,,,,,,,,136.9,100,,,,,,,,,,,,,,,,,,
2026-07-07T23:01:44.363867+00:00,2026-07-07T23:01:44.364060,2,2,136.7,0.4,136.5,150,136.4,100,,,,,,,,,,,,,,,,,136.9,100,137.0,150,,,,,,,,,,,,,,,,
2026-07-07T23:01:44.708740+00:00,2026-07-07T23:01:44.708671,2,2,136.7,0.4,136.5,150,136.4,100,,,,,,,,,,,,,,,,,136.9,55,137.0,150,,,,,,,,,,,,,,,,
2026-07-07T23:01:45.274857+00:00,2026-07-07T23:01:45.274719,2,2,136.7,0.4,136.5,104,136.4,100,,,,,,,,,,,,,,,,,136.9,55,137.0,150,,,,,,,,,,,,,,,,
2026-07-07T23:01:45.388713+00:00,2026-07-07T23:01:45.388685,2,2,136.7,0.4,136.5,104,136.4,100,,,,,,,,,,,,,,,,,136.9,5,137.0,150,,,,,,,,,,,,,,,,
2026-07-07T23:01:45.790297+00:00,2026-07-07T23:01:45.790160,2,2,136.7,0.4,136.5,62,136.4,100,,,,,,,,,,,,,,,,,136.9,5,137.0,150,,,,,,,,,,,,,,,,
2026-07-07T23:01:46.312082+00:00,2026-07-07T23:01:46.312255,2,1,136.75,0.5,136.5,62,136.4,100,,,,,,,,,,,,,,,,,137.0,107,,,,,,,,,,,,,,,,,,
2026-07-07T23:01:47.335222+00:00,2026-07-07T23:01:47.335130,1,1,136.75,0.5,136.5,62,,,,,,,,,,,,,,,,,,,137.0,107,,,,,,,,,,,,,,,,,,
2026-07-07T23:01:47.387963+00:00,2026-07-07T23:01:47.388078,2,1,136.85,0.3,136.7,100,136.5,62,,,,,,,,,,,,,,,,,137.0,107,,,,,,,,,,,,,,,,,,
2026-07-07T23:01:47.411759+00:00,2026-07-07T23:01:47.411639,1,0,,,136.7,100,,,,,,,,,,,,,,,,,,,,,,,,,,,,,,,,,,,,,,
2026-07-07T23:01:47.442565+00:00,2026-07-07T23:01:47.442524,1,1,136.95,0.5,136.7,100,,,,,,,,,,,,,,,,,,,137.2,100,,,,,,,,,,,,,,,,,,
2026-07-07T23:01:47.463850+00:00,2026-07-07T23:01:47.463802,2,1,136.95,0.5,136.7,100,136.3,150,,,,,,,,,,,,,,,,,137.2,100,,,,,,,,,,,,,,,,,,
2026-07-07T23:01:47.499596+00:00,2026-07-07T23:01:47.499471,2,1,136.95,0.5,136.7,100,136.3,150,,,,,,,,,,,,,,,,,137.2,50,,,,,,,,,,,,,,,,,,
2026-07-07T23:01:47.517717+00:00,2026-07-07T23:01:47.517607,2,2,136.75,0.1,136.7,100,136.3,150,,,,,,,,,,,,,,,,,136.8,150,137.2,50,,,,,,,,,,,,,,,,
2026-07-07T23:01:48.129409+00:00,2026-07-07T23:01:48.129296,2,2,136.75,0.1,136.7,52,136.3,150,,,,,,,,,,,,,,,,,136.8,150,137.2,50,,,,,,,,,,,,,,,,
2026-07-07T23:01:50.343742+00:00,2026-07-07T23:01:50.343854,2,2,136.75,0.1,136.7,52,136.3,150,,,,,,,,,,,,,,,,,136.8,106,137.2,50,,,,,,,,,,,,,,,,
2026-07-07T23:01:50.445614+00:00,2026-07-07T23:01:50.439775,2,2,136.75,0.1,136.7,46,136.3,150,,,,,,,,,,,,,,,,,136.8,106,137.2,50,,,,,,,,,,,,,,,,
2026-07-07T23:01:50.496101+00:00,2026-07-07T23:01:50.496233,1,1,136.55,0.5,136.3,150,,,,,,,,,,,,,,,,,,,136.8,106,,,,,,,,,,,,,,,,,,
2026-07-07T23:01:50.551421+00:00,2026-07-07T23:01:50.551331,2,1,136.65,0.3,136.5,100,136.3,150,,,,,,,,,,,,,,,,,136.8,106,,,,,,,,,,,,,,,,,,
2026-07-07T23:01:50.572806+00:00,2026-07-07T23:01:50.572744,1,0,,,136.5,100,,,,,,,,,,,,,,,,,,,,,,,,,,,,,,,,,,,,,,
2026-07-07T23:01:50.618120+00:00,2026-07-07T23:01:50.618052,1,1,136.75,0.5,136.5,100,,,,,,,,,,,,,,,,,,,137.0,100,,,,,,,,,,,,,,,,,,
2026-07-07T23:01:50.628597+00:00,2026-07-07T23:01:50.628440,2,1,136.75,0.5,136.5,100,136.3,150,,,,,,,,,,,,,,,,,137.0,100,,,,,,,,,,,,,,,,,,
2026-07-07T23:01:50.677697+00:00,2026-07-07T23:01:50.677573,2,2,136.65,0.3,136.5,100,136.3,150,,,,,,,,,,,,,,,,,136.8,150,137.0,100,,,,,,,,,,,,,,,,
2026-07-07T23:01:51.337939+00:00,2026-07-07T23:01:51.337875,2,2,136.65,0.3,136.5,100,136.3,150,,,,,,,,,,,,,,,,,136.8,107,137.0,100,,,,,,,,,,,,,,,,
2026-07-07T23:01:51.741848+00:00,2026-07-07T23:01:51.741681,2,2,136.65,0.3,136.5,100,136.3,150,,,,,,,,,,,,,,,,,136.8,57,137.0,100,,,,,,,,,,,,,,,,
2026-07-07T23:01:53.358654+00:00,2026-07-07T23:01:53.348941,2,2,136.65,0.3,136.5,59,136.3,150,,,,,,,,,,,,,,,,,136.8,57,137.0,100,,,,,,,,,,,,,,,,
2026-07-07T23:01:53.675637+00:00,2026-07-07T23:01:53.675507,2,1,136.65,0.3,136.5,59,136.3,150,,,,,,,,,,,,,,,,,136.8,57,,,,,,,,,,,,,,,,,,
2026-07-07T23:01:53.680819+00:00,2026-07-07T23:01:53.680688,1,1,136.55,0.5,136.3,150,,,,,,,,,,,,,,,,,,,136.8,57,,,,,,,,,,,,,,,,,,
2026-07-07T23:01:53.733489+00:00,2026-07-07T23:01:53.733384,1,0,,,136.4,100,,,,,,,,,,,,,,,,,,,,,,,,,,,,,,,,,,,,,,
2026-07-07T23:01:53.788435+00:00,2026-07-07T23:01:53.788326,2,1,136.75,0.3,136.6,150,136.4,100,,,,,,,,,,,,,,,,,136.9,100,,,,,,,,,,,,,,,,,,
2026-07-07T23:01:53.844315+00:00,2026-07-07T23:01:53.844484,2,2,136.75,0.3,136.6,150,136.4,100,,,,,,,,,,,,,,,,,136.9,50,137.1,150,,,,,,,,,,,,,,,,
2026-07-07T23:01:55.705733+00:00,2026-07-07T23:01:55.699634,2,2,136.75,0.3,136.6,127,136.4,100,,,,,,,,,,,,,,,,,136.9,50,137.1,150,,,,,,,,,,,,,,,,
2026-07-07T23:01:55.948503+00:00,2026-07-07T23:01:55.958673,2,1,136.85,0.5,136.6,127,136.4,100,,,,,,,,,,,,,,,,,137.1,150,,,,,,,,,,,,,,,,,,
2026-07-07T23:01:56.482416+00:00,2026-07-07T23:01:56.482287,2,1,136.85,0.5,136.6,80,136.4,100,,,,,,,,,,,,,,,,,137.1,150,,,,,,,,,,,,,,,,,,
2026-07-07T23:01:56.842463+00:00,2026-07-07T23:01:56.842399,1,1,136.85,0.5,136.6,80,,,,,,,,,,,,,,,,,,,137.1,150,,,,,,,,,,,,,,,,,,
2026-07-07T23:01:56.896395+00:00,2026-07-07T23:01:56.896282,1,0,,,136.4,100,,,,,,,,,,,,,,,,,,,,,,,,,,,,,,,,,,,,,,
2026-07-07T23:01:56.950005+00:00,2026-07-07T23:01:56.949896,2,1,136.65,0.5,136.4,100,136.1,150,,,,,,,,,,,,,,,,,136.9,100,,,,,,,,,,,,,,,,,,
2026-07-07T23:01:57.011934+00:00,2026-07-07T23:01:57.006198,2,2,136.5,0.2,136.4,100,136.1,150,,,,,,,,,,,,,,,,,136.6,138,136.9,100,,,,,,,,,,,,,,,,
2026-07-07T23:01:58.058574+00:00,2026-07-07T23:01:58.057491,2,2,136.5,0.2,136.4,100,136.1,150,,,,,,,,,,,,,,,,,136.6,88,136.9,100,,,,,,,,,,,,,,,,
2026-07-07T23:01:59.158636+00:00,2026-07-07T23:01:59.156344,2,2,136.5,0.2,136.4,100,136.1,150,,,,,,,,,,,,,,,,,136.6,39,136.9,100,,,,,,,,,,,,,,,,
2026-07-07T23:01:59.700897+00:00,2026-07-07T23:01:59.700746,2,2,136.5,0.2,136.4,54,136.1,150,,,,,,,,,,,,,,,,,136.6,39,136.9,100,,,,,,,,,,,,,,,,
2026-07-07T23:02:00.005630+00:00,2026-07-07T23:02:00.005509,1,1,136.35,0.5,136.1,150,,,,,,,,,,,,,,,,,,,136.6,39,,,,,,,,,,,,,,,,,,
2026-07-07T23:02:00.061215+00:00,2026-07-07T23:02:00.061096,0,0,,,,,,,,,,,,,,,,,,,,,,,,,,,,,,,,,,,,,,,,,,
2026-07-07T23:02:00.066388+00:00,2026-07-07T23:02:00.066280,1,0,,,136.1,100,,,,,,,,,,,,,,,,,,,,,,,,,,,,,,,,,,,,,,
2026-07-07T23:02:00.117441+00:00,2026-07-07T23:02:00.117302,2,1,136.5,0.2,136.4,150,136.1,100,,,,,,,,,,,,,,,,,136.6,100,,,,,,,,,,,,,,,,,,
2026-07-07T23:02:00.169310+00:00,2026-07-07T23:02:00.169179,2,1,136.5,0.2,136.4,150,136.1,100,,,,,,,,,,,,,,,,,136.6,50,,,,,,,,,,,,,,,,,,
2026-07-07T23:02:00.174512+00:00,2026-07-07T23:02:00.174392,2,2,136.5,0.2,136.4,150,136.1,100,,,,,,,,,,,,,,,,,136.6,50,136.9,150,,,,,,,,,,,,,,,,
2026-07-07T23:02:02.278469+00:00,2026-07-07T23:02:02.278380,2,1,136.65,0.5,136.4,150,136.1,100,,,,,,,,,,,,,,,,,136.9,150,,,,,,,,,,,,,,,,,,
2026-07-07T23:02:02.599764+00:00,2026-07-07T23:02:02.599639,2,1,136.65,0.5,136.4,150,136.1,100,,,,,,,,,,,,,,,,,136.9,104,,,,,,,,,,,,,,,,,,
2026-07-07T23:02:03.168925+00:00,2026-07-07T23:02:03.169016,1,1,136.65,0.5,136.4,150,,,,,,,,,,,,,,,,,,,136.9,104,,,,,,,,,,,,,,,,,,
2026-07-07T23:02:03.225601+00:00,2026-07-07T23:02:03.225469,1,0,,,136.5,100,,,,,,,,,,,,,,,,,,,,,,,,,,,,,,,,,,,,,,
2026-07-07T23:02:03.277696+00:00,2026-07-07T23:02:03.277636,1,1,136.75,0.5,136.5,100,,,,,,,,,,,,,,,,,,,137.0,100,,,,,,,,,,,,,,,,,,
2026-07-07T23:02:03.282833+00:00,2026-07-07T23:02:03.282787,2,1,136.85,0.3,136.7,150,136.5,100,,,,,,,,,,,,,,,,,137.0,100,,,,,,,,,,,,,,,,,,
2026-07-07T23:02:03.293964+00:00,2026-07-07T23:02:03.287127,2,1,136.85,0.3,136.7,127,136.5,100,,,,,,,,,,,,,,,,,137.0,100,,,,,,,,,,,,,,,,,,
2026-07-07T23:02:03.361379+00:00,2026-07-07T23:02:03.361233,2,2,136.85,0.3,136.7,127,136.5,100,,,,,,,,,,,,,,,,,137.0,100,137.2,150,,,,,,,,,,,,,,,,
2026-07-07T23:02:03.407240+00:00,2026-07-07T23:02:03.396542,2,2,136.85,0.3,136.7,116,136.5,100,,,,,,,,,,,,,,,,,137.0,100,137.2,150,,,,,,,,,,,,,,,,
2026-07-07T23:02:04.384363+00:00,2026-07-07T23:02:04.384246,2,2,136.85,0.3,136.7,116,136.5,100,,,,,,,,,,,,,,,,,137.0,50,137.2,150,,,,,,,,,,,,,,,,
2026-07-07T23:02:04.699648+00:00,2026-07-07T23:02:04.699541,2,2,136.85,0.3,136.7,71,136.5,100,,,,,,,,,,,,,,,,,137.0,50,137.2,150,,,,,,,,,,,,,,,,
2026-07-07T23:02:05.822285+00:00,2026-07-07T23:02:05.815908,2,2,136.85,0.3,136.7,59,136.5,100,,,,,,,,,,,,,,,,,137.0,50,137.2,150,,,,,,,,,,,,,,,,
2026-07-07T23:02:06.332042+00:00,2026-07-07T23:02:06.331980,1,1,136.95,0.5,136.7,59,,,,,,,,,,,,,,,,,,,137.2,150,,,,,,,,,,,,,,,,,,
2026-07-07T23:02:06.386519+00:00,2026-07-07T23:02:06.386437,2,1,136.95,0.5,136.7,59,136.5,100,,,,,,,,,,,,,,,,,137.2,150,,,,,,,,,,,,,,,,,,
2026-07-07T23:02:06.413558+00:00,2026-07-07T23:02:06.413507,1,0,,,136.5,100,,,,,,,,,,,,,,,,,,,,,,,,,,,,,,,,,,,,,,
2026-07-07T23:02:06.440458+00:00,2026-07-07T23:02:06.440381,1,1,136.75,0.5,136.5,100,,,,,,,,,,,,,,,,,,,137.0,100,,,,,,,,,,,,,,,,,,
2026-07-07T23:02:06.468870+00:00,2026-07-07T23:02:06.468806,2,1,136.75,0.5,136.5,100,136.1,150,,,,,,,,,,,,,,,,,137.0,100,,,,,,,,,,,,,,,,,,
2026-07-07T23:02:06.492271+00:00,2026-07-07T23:02:06.492231,2,1,136.75,0.5,136.5,100,136.1,150,,,,,,,,,,,,,,,,,137.0,50,,,,,,,,,,,,,,,,,,
2026-07-07T23:02:06.520538+00:00,2026-07-07T23:02:06.520512,2,2,136.55,0.1,136.5,100,136.1,150,,,,,,,,,,,,,,,,,136.6,150,137.0,50,,,,,,,,,,,,,,,,
2026-07-07T23:02:06.658593+00:00,2026-07-07T23:02:06.656550,2,2,136.55,0.1,136.5,100,136.1,150,,,,,,,,,,,,,,,,,136.6,101,137.0,50,,,,,,,,,,,,,,,,
2026-07-07T23:02:07.781803+00:00,2026-07-07T23:02:07.781743,2,2,136.55,0.1,136.5,57,136.1,150,,,,,,,,,,,,,,,,,136.6,101,137.0,50,,,,,,,,,,,,,,,,
2026-07-07T23:02:09.374729+00:00,2026-07-07T23:02:09.374610,2,2,136.55,0.1,136.5,17,136.1,150,,,,,,,,,,,,,,,,,136.6,101,137.0,50,,,,,,,,,,,,,,,,
2026-07-07T23:02:09.496592+00:00,2026-07-07T23:02:09.496499,1,1,136.35,0.5,136.1,150,,,,,,,,,,,,,,,,,,,136.6,101,,,,,,,,,,,,,,,,,,
2026-07-07T23:02:09.558741+00:00,2026-07-07T23:02:09.558607,2,1,136.45,0.3,136.3,100,136.1,150,,,,,,,,,,,,,,,,,136.6,101,,,,,,,,,,,,,,,,,,
2026-07-07T23:02:09.577606+00:00,2026-07-07T23:02:09.577701,1,0,,,136.3,100,,,,,,,,,,,,,,,,,,,,,,,,,,,,,,,,,,,,,,
2026-07-07T23:02:09.605983+00:00,2026-07-07T23:02:09.605919,1,1,136.55,0.5,136.3,100,,,,,,,,,,,,,,,,,,,136.8,100,,,,,,,,,,,,,,,,,,
2026-07-07T23:02:09.633982+00:00,2026-07-07T23:02:09.633856,2,1,136.55,0.5,136.3,100,136.2,150,,,,,,,,,,,,,,,,,136.8,100,,,,,,,,,,,,,,,,,,
2026-07-07T23:02:09.687013+00:00,2026-07-07T23:02:09.686940,2,2,136.5,0.4,136.3,100,136.2,150,,,,,,,,,,,,,,,,,136.7,150,136.8,100,,,,,,,,,,,,,,,,
2026-07-07T23:02:10.011077+00:00,2026-07-07T23:02:10.010982,2,2,136.5,0.4,136.3,100,136.2,150,,,,,,,,,,,,,,,,,136.7,104,136.8,100,,,,,,,,,,,,,,,,
2026-07-07T23:02:10.757297+00:00,2026-07-07T23:02:10.757480,2,2,136.5,0.4,136.3,50,136.2,150,,,,,,,,,,,,,,,,,136.7,104,136.8,100,,,,,,,,,,,,,,,,
2026-07-07T23:02:12.663948+00:00,2026-07-07T23:02:12.663851,1,1,136.45,0.5,136.2,150,,,,,,,,,,,,,,,,,,,136.7,104,,,,,,,,,,,,,,,,,,
2026-07-07T23:02:12.715149+00:00,2026-07-07T23:02:12.715029,2,1,136.45,0.5,136.2,150,136.1,100,,,,,,,,,,,,,,,,,136.7,104,,,,,,,,,,,,,,,,,,
2026-07-07T23:02:12.750597+00:00,2026-07-07T23:02:12.750541,1,0,,,136.1,100,,,,,,,,,,,,,,,,,,,,,,,,,,,,,,,,,,,,,,
2026-07-07T23:02:12.758633+00:00,2026-07-07T23:02:12.757867,1,1,136.35,0.5,136.1,100,,,,,,,,,,,,,,,,,,,136.6,100,,,,,,,,,,,,,,,,,,
2026-07-07T23:02:12.805180+00:00,2026-07-07T23:02:12.805117,2,1,136.5,0.2,136.4,150,136.1,100,,,,,,,,,,,,,,,,,136.6,100,,,,,,,,,,,,,,,,,,
2026-07-07T23:02:12.820130+00:00,2026-07-07T23:02:12.820024,2,1,136.5,0.2,136.4,150,136.1,100,,,,,,,,,,,,,,,,,136.6,50,,,,,,,,,,,,,,,,,,
2026-07-07T23:02:12.858616+00:00,2026-07-07T23:02:12.856448,2,2,136.5,0.2,136.4,150,136.1,100,,,,,,,,,,,,,,,,,136.6,50,136.9,150,,,,,,,,,,,,,,,,
2026-07-07T23:02:15.822129+00:00,2026-07-07T23:02:15.822100,1,1,136.65,0.5,136.4,150,,,,,,,,,,,,,,,,,,,136.9,150,,,,,,,,,,,,,,,,,,
2026-07-07T23:02:15.876781+00:00,2026-07-07T23:02:15.876712,2,1,136.65,0.5,136.4,150,136.3,100,,,,,,,,,,,,,,,,,136.9,150,,,,,,,,,,,,,,,,,,
2026-07-07T23:02:15.917099+00:00,2026-07-07T23:02:15.916987,1,0,,,136.3,100,,,,,,,,,,,,,,,,,,,,,,,,,,,,,,,,,,,,,,
2026-07-07T23:02:15.930477+00:00,2026-07-07T23:02:15.930439,1,1,136.55,0.5,136.3,100,,,,,,,,,,,,,,,,,,,136.8,100,,,,,,,,,,,,,,,,,,
2026-07-07T23:02:15.971696+00:00,2026-07-07T23:02:15.971605,2,1,136.6,0.4,136.4,150,136.3,100,,,,,,,,,,,,,,,,,136.8,100,,,,,,,,,,,,,,,,,,
2026-07-07T23:02:16.024427+00:00,2026-07-07T23:02:16.024306,2,2,136.6,0.4,136.4,150,136.3,100,,,,,,,,,,,,,,,,,136.8,100,136.9,150,,,,,,,,,,,,,,,,
2026-07-07T23:02:17.088302+00:00,2026-07-07T23:02:17.088228,2,2,136.6,0.4,136.4,100,136.3,100,,,,,,,,,,,,,,,,,136.8,100,136.9,150,,,,,,,,,,,,,,,,
2026-07-07T23:02:18.983842+00:00,2026-07-07T23:02:18.983767,1,1,136.65,0.5,136.4,100,,,,,,,,,,,,,,,,,,,136.9,150,,,,,,,,,,,,,,,,,,
2026-07-07T23:02:19.038560+00:00,2026-07-07T23:02:19.038485,2,1,136.75,0.3,136.6,100,136.4,100,,,,,,,,,,,,,,,,,136.9,150,,,,,,,,,,,,,,,,,,
2026-07-07T23:02:19.080697+00:00,2026-07-07T23:02:19.080622,2,0,,,136.6,100,136.4,100,,,,,,,,,,,,,,,,,,,,,,,,,,,,,,,,,,,,
2026-07-07T23:02:19.085867+00:00,2026-07-07T23:02:19.085799,1,0,,,136.6,100,,,,,,,,,,,,,,,,,,,,,,,,,,,,,,,,,,,,,,
2026-07-07T23:02:19.091022+00:00,2026-07-07T23:02:19.090989,1,1,136.85,0.5,136.6,100,,,,,,,,,,,,,,,,,,,137.1,100,,,,,,,,,,,,,,,,,,
2026-07-07T23:02:19.141215+00:00,2026-07-07T23:02:19.140988,2,1,136.85,0.5,136.6,100,136.5,150,,,,,,,,,,,,,,,,,137.1,100,,,,,,,,,,,,,,,,,,
2026-07-07T23:02:19.192025+00:00,2026-07-07T23:02:19.191969,2,2,136.8,0.4,136.6,100,136.5,150,,,,,,,,,,,,,,,,,137.0,150,137.1,100,,,,,,,,,,,,,,,,
2026-07-07T23:02:19.202409+00:00,2026-07-07T23:02:19.202317,2,2,136.8,0.4,136.6,50,136.5,150,,,,,,,,,,,,,,,,,137.0,150,137.1,100,,,,,,,,,,,,,,,,
2026-07-07T23:02:19.922380+00:00,2026-07-07T23:02:19.922265,2,2,136.8,0.4,136.6,4,136.5,150,,,,,,,,,,,,,,,,,137.0,150,137.1,100,,,,,,,,,,,,,,,,
2026-07-07T23:02:20.458638+00:00,2026-07-07T23:02:20.458485,2,2,136.8,0.4,136.6,4,136.5,150,,,,,,,,,,,,,,,,,137.0,104,137.1,100,,,,,,,,,,,,,,,,
2026-07-07T23:02:21.255430+00:00,2026-07-07T23:02:21.255394,2,2,136.8,0.4,136.6,4,136.5,150,,,,,,,,,,,,,,,,,137.0,54,137.1,100,,,,,,,,,,,,,,,,
2026-07-07T23:02:22.143515+00:00,2026-07-07T23:02:22.143424,2,1,136.8,0.4,136.6,4,136.5,150,,,,,,,,,,,,,,,,,137.0,54,,,,,,,,,,,,,,,,,,
2026-07-07T23:02:22.148490+00:00,2026-07-07T23:02:22.148592,1,1,136.75,0.5,136.5,150,,,,,,,,,,,,,,,,,,,137.0,54,,,,,,,,,,,,,,,,,,
2026-07-07T23:02:22.202302+00:00,2026-07-07T23:02:22.202207,2,1,136.75,0.5,136.5,150,136.3,100,,,,,,,,,,,,,,,,,137.0,54,,,,,,,,,,,,,,,,,,
2026-07-07T23:02:22.244181+00:00,2026-07-07T23:02:22.244116,1,0,,,136.3,100,,,,,,,,,,,,,,,,,,,,,,,,,,,,,,,,,,,,,,
2026-07-07T23:02:22.258718+00:00,2026-07-07T23:02:22.258594,1,1,136.55,0.5,136.3,100,,,,,,,,,,,,,,,,,,,136.8,100,,,,,,,,,,,,,,,,,,
2026-07-07T23:02:22.301028+00:00,2026-07-07T23:02:22.301144,2,0,,,136.9,50,136.3,100,,,,,,,,,,,,,,,,,,,,,,,,,,,,,,,,,,,,
2026-07-07T23:02:22.363956+00:00,2026-07-07T23:02:22.363861,2,1,137.15,0.5,136.9,50,136.3,100,,,,,,,,,,,,,,,,,137.4,150,,,,,,,,,,,,,,,,,,
2026-07-07T23:02:23.415934+00:00,2026-07-07T23:02:23.416071,1,1,136.85,1.1,136.3,100,,,,,,,,,,,,,,,,,,,137.4,150,,,,,,,,,,,,,,,,,,
2026-07-07T23:02:25.304498+00:00,2026-07-07T23:02:25.304666,0,1,,,,,,,,,,,,,,,,,,,,,,,137.4,150,,,,,,,,,,,,,,,,,,
2026-07-07T23:02:25.359217+00:00,2026-07-07T23:02:25.359087,1,1,136.95,0.9,136.5,100,,,,,,,,,,,,,,,,,,,137.4,150,,,,,,,,,,,,,,,,,,
2026-07-07T23:02:25.412834+00:00,2026-07-07T23:02:25.412749,1,2,136.75,0.5,136.5,100,,,,,,,,,,,,,,,,,,,137.0,100,137.4,150,,,,,,,,,,,,,,,,
2026-07-07T23:02:25.417977+00:00,2026-07-07T23:02:25.417949,1,1,136.75,0.5,136.5,100,,,,,,,,,,,,,,,,,,,137.0,100,,,,,,,,,,,,,,,,,,
2026-07-07T23:02:25.469832+00:00,2026-07-07T23:02:25.469715,2,1,136.75,0.5,136.5,100,136.2,150,,,,,,,,,,,,,,,,,137.0,100,,,,,,,,,,,,,,,,,,
2026-07-07T23:02:25.475043+00:00,2026-07-07T23:02:25.474930,2,1,136.75,0.5,136.5,100,136.2,150,,,,,,,,,,,,,,,,,137.0,50,,,,,,,,,,,,,,,,,,
2026-07-07T23:02:25.522785+00:00,2026-07-07T23:02:25.522704,2,2,136.6,0.2,136.5,100,136.2,150,,,,,,,,,,,,,,,,,136.7,150,137.0,50,,,,,,,,,,,,,,,,
2026-07-07T23:02:25.646471+00:00,2026-07-07T23:02:25.646444,2,2,136.6,0.2,136.5,100,136.2,150,,,,,,,,,,,,,,,,,136.7,109,137.0,50,,,,,,,,,,,,,,,,
2026-07-07T23:02:25.904171+00:00,2026-07-07T23:02:25.898008,2,2,136.6,0.2,136.5,100,136.2,150,,,,,,,,,,,,,,,,,136.7,97,137.0,50,,,,,,,,,,,,,,,,
2026-07-07T23:02:27.586091+00:00,2026-07-07T23:02:27.585969,2,2,136.6,0.2,136.5,100,136.2,150,,,,,,,,,,,,,,,,,136.7,47,137.0,50,,,,,,,,,,,,,,,,
2026-07-07T23:02:27.817697+00:00,2026-07-07T23:02:27.817660,2,2,136.6,0.2,136.5,56,136.2,150,,,,,,,,,,,,,,,,,136.7,47,137.0,50,,,,,,,,,,,,,,,,
2026-07-07T23:02:28.469505+00:00,2026-07-07T23:02:28.469630,1,1,136.45,0.5,136.2,150,,,,,,,,,,,,,,,,,,,136.7,47,,,,,,,,,,,,,,,,,,
2026-07-07T23:02:28.525426+00:00,2026-07-07T23:02:28.525521,2,1,136.6,0.2,136.5,100,136.2,150,,,,,,,,,,,,,,,,,136.7,47,,,,,,,,,,,,,,,,,,
2026-07-07T23:02:28.576328+00:00,2026-07-07T23:02:28.576209,2,0,,,136.5,100,136.2,150,,,,,,,,,,,,,,,,,,,,,,,,,,,,,,,,,,,,
2026-07-07T23:02:28.581455+00:00,2026-07-07T23:02:28.581410,1,1,136.75,0.5,136.5,100,,,,,,,,,,,,,,,,,,,137.0,100,,,,,,,,,,,,,,,,,,
2026-07-07T23:02:28.635933+00:00,2026-07-07T23:02:28.635890,2,1,136.8,0.4,136.6,150,136.5,100,,,,,,,,,,,,,,,,,137.0,100,,,,,,,,,,,,,,,,,,
2026-07-07T23:02:28.688945+00:00,2026-07-07T23:02:28.689030,2,2,136.8,0.4,136.6,150,136.5,100,,,,,,,,,,,,,,,,,137.0,100,137.1,150,,,,,,,,,,,,,,,,
2026-07-07T23:02:28.896486+00:00,2026-07-07T23:02:28.896442,2,2,136.8,0.4,136.6,150,136.5,100,,,,,,,,,,,,,,,,,137.0,60,137.1,150,,,,,,,,,,,,,,,,
2026-07-07T23:02:30.227454+00:00,2026-07-07T23:02:30.227357,2,2,136.8,0.4,136.6,102,136.5,100,,,,,,,,,,,,,,,,,137.0,60,137.1,150,,,,,,,,,,,,,,,,
2026-07-07T23:02:30.864014+00:00,2026-07-07T23:02:30.863909,2,2,136.8,0.4,136.6,53,136.5,100,,,,,,,,,,,,,,,,,137.0,60,137.1,150,,,,,,,,,,,,,,,,
2026-07-07T23:02:31.633493+00:00,2026-07-07T23:02:31.633462,1,1,136.85,0.5,136.6,53,,,,,,,,,,,,,,,,,,,137.1,150,,,,,,,,,,,,,,,,,,
2026-07-07T23:02:31.683934+00:00,2026-07-07T23:02:31.683882,2,1,136.95,0.3,136.8,100,136.6,53,,,,,,,,,,,,,,,,,137.1,150,,,,,,,,,,,,,,,,,,
2026-07-07T23:02:31.741952+00:00,2026-07-07T23:02:31.741910,1,1,137.05,0.5,136.8,100,,,,,,,,,,,,,,,,,,,137.3,100,,,,,,,,,,,,,,,,,,
2026-07-07T23:02:31.810215+00:00,2026-07-07T23:02:31.800639,2,1,137.05,0.5,136.8,88,136.3,150,,,,,,,,,,,,,,,,,137.3,50,,,,,,,,,,,,,,,,,,
2026-07-07T23:02:31.854973+00:00,2026-07-07T23:02:31.855097,1,2,136.55,0.5,136.3,150,,,,,,,,,,,,,,,,,,,136.8,62,137.3,50,,,,,,,,,,,,,,,,
2026-07-07T23:02:33.913918+00:00,2026-07-07T23:02:33.913748,1,2,136.55,0.5,136.3,150,,,,,,,,,,,,,,,,,,,136.8,12,137.3,50,,,,,,,,,,,,,,,,
2026-07-07T23:02:34.795037+00:00,2026-07-07T23:02:34.794920,1,1,136.55,0.5,136.3,150,,,,,,,,,,,,,,,,,,,136.8,12,,,,,,,,,,,,,,,,,,
2026-07-07T23:02:34.858642+00:00,2026-07-07T23:02:34.850838,2,1,136.6,0.4,136.4,100,136.3,150,,,,,,,,,,,,,,,,,136.8,12,,,,,,,,,,,,,,,,,,
2026-07-07T23:02:34.901340+00:00,2026-07-07T23:02:34.901219,2,2,136.6,0.4,136.4,100,136.3,150,,,,,,,,,,,,,,,,,136.8,12,136.9,100,,,,,,,,,,,,,,,,
2026-07-07T23:02:34.906472+00:00,2026-07-07T23:02:34.906379,2,1,136.65,0.5,136.4,100,136.3,150,,,,,,,,,,,,,,,,,136.9,100,,,,,,,,,,,,,,,,,,
2026-07-07T23:02:34.911651+00:00,2026-07-07T23:02:34.911531,1,1,136.65,0.5,136.4,100,,,,,,,,,,,,,,,,,,,136.9,100,,,,,,,,,,,,,,,,,,
2026-07-07T23:02:34.959959+00:00,2026-07-07T23:02:34.959855,2,1,136.8,0.2,136.7,150,136.4,100,,,,,,,,,,,,,,,,,136.9,100,,,,,,,,,,,,,,,,,,
2026-07-07T23:02:35.013101+00:00,2026-07-07T23:02:35.013047,2,2,136.8,0.2,136.7,150,136.4,100,,,,,,,,,,,,,,,,,136.9,100,137.2,150,,,,,,,,,,,,,,,,
2026-07-07T23:02:35.099187+00:00,2026-07-07T23:02:35.093399,2,2,136.8,0.2,136.7,139,136.4,100,,,,,,,,,,,,,,,,,136.9,100,137.2,150,,,,,,,,,,,,,,,,
2026-07-07T23:02:36.478219+00:00,2026-07-07T23:02:36.478325,2,2,136.8,0.2,136.7,139,136.4,100,,,,,,,,,,,,,,,,,136.9,55,137.2,150,,,,,,,,,,,,,,,,
2026-07-07T23:02:36.531587+00:00,2026-07-07T23:02:36.531533,2,2,136.8,0.2,136.7,99,136.4,100,,,,,,,,,,,,,,,,,136.9,55,137.2,150,,,,,,,,,,,,,,,,
2026-07-07T23:02:37.683671+00:00,2026-07-07T23:02:37.683598,2,2,136.8,0.2,136.7,58,136.4,100,,,,,,,,,,,,,,,,,136.9,55,137.2,150,,,,,,,,,,,,,,,,
2026-07-07T23:02:37.958604+00:00,2026-07-07T23:02:37.957569,1,1,136.95,0.5,136.7,58,,,,,,,,,,,,,,,,,,,137.2,150,,,,,,,,,,,,,,,,,,
2026-07-07T23:02:38.012468+00:00,2026-07-07T23:02:38.012374,2,1,136.95,0.5,136.7,58,136.5,100,,,,,,,,,,,,,,,,,137.2,150,,,,,,,,,,,,,,,,,,
2026-07-07T23:02:38.065964+00:00,2026-07-07T23:02:38.065905,2,1,136.85,0.3,136.7,58,136.5,100,,,,,,,,,,,,,,,,,137.0,100,,,,,,,,,,,,,,,,,,
2026-07-07T23:02:38.071258+00:00,2026-07-07T23:02:38.071077,1,1,136.75,0.5,136.5,100,,,,,,,,,,,,,,,,,,,137.0,100,,,,,,,,,,,,,,,,,,
2026-07-07T23:02:38.125454+00:00,2026-07-07T23:02:38.125402,2,1,136.75,0.5,136.5,100,136.3,150,,,,,,,,,,,,,,,,,137.0,100,,,,,,,,,,,,,,,,,,
2026-07-07T23:02:38.176794+00:00,2026-07-07T23:02:38.176764,2,2,136.65,0.3,136.5,100,136.3,150,,,,,,,,,,,,,,,,,136.8,150,137.0,100,,,,,,,,,,,,,,,,
2026-07-07T23:02:40.293537+00:00,2026-07-07T23:02:40.293446,2,2,136.65,0.3,136.5,50,136.3,150,,,,,,,,,,,,,,,,,136.8,150,137.0,100,,,,,,,,,,,,,,,,
2026-07-07T23:02:41.120294+00:00,2026-07-07T23:02:41.120486,1,1,136.55,0.5,136.3,150,,,,,,,,,,,,,,,,,,,136.8,150,,,,,,,,,,,,,,,,,,
2026-07-07T23:02:41.175853+00:00,2026-07-07T23:02:41.175944,2,1,136.6,0.4,136.4,100,136.3,150,,,,,,,,,,,,,,,,,136.8,150,,,,,,,,,,,,,,,,,,
2026-07-07T23:02:41.229201+00:00,2026-07-07T23:02:41.229067,2,1,136.6,0.4,136.4,100,136.3,150,,,,,,,,,,,,,,,,,136.8,250,,,,,,,,,,,,,,,,,,
2026-07-07T23:02:41.234337+00:00,2026-07-07T23:02:41.234256,1,1,136.6,0.4,136.4,100,,,,,,,,,,,,,,,,,,,136.8,100,,,,,,,,,,,,,,,,,,
2026-07-07T23:02:41.289771+00:00,2026-07-07T23:02:41.289669,2,1,136.6,0.4,136.4,100,136.3,150,,,,,,,,,,,,,,,,,136.8,100,,,,,,,,,,,,,,,,,,
2026-07-07T23:02:41.342865+00:00,2026-07-07T23:02:41.342791,2,1,136.6,0.4,136.4,100,136.3,150,,,,,,,,,,,,,,,,,136.8,250,,,,,,,,,,,,,,,,,,
2026-07-07T23:02:41.423068+00:00,2026-07-07T23:02:41.423142,2,1,136.6,0.4,136.4,100,136.3,150,,,,,,,,,,,,,,,,,136.8,203,,,,,,,,,,,,,,,,,,
2026-07-07T23:02:42.399220+00:00,2026-07-07T23:02:42.399338,2,1,136.6,0.4,136.4,50,136.3,150,,,,,,,,,,,,,,,,,136.8,203,,,,,,,,,,,,,,,,,,
2026-07-07T23:02:43.050366+00:00,2026-07-07T23:02:43.050264,2,1,136.6,0.4,136.4,50,136.3,150,,,,,,,,,,,,,,,,,136.8,162,,,,,,,,,,,,,,,,,,
2026-07-07T23:02:43.658580+00:00,2026-07-07T23:02:43.658337,2,1,136.6,0.4,136.4,50,136.3,150,,,,,,,,,,,,,,,,,136.8,117,,,,,,,,,,,,,,,,,,
2026-07-07T23:02:44.284229+00:00,2026-07-07T23:02:44.284133,1,1,136.55,0.5,136.3,150,,,,,,,,,,,,,,,,,,,136.8,117,,,,,,,,,,,,,,,,,,
2026-07-07T23:02:44.364256+00:00,2026-07-07T23:02:44.364141,2,1,136.6,0.4,136.4,100,136.3,150,,,,,,,,,,,,,,,,,136.8,117,,,,,,,,,,,,,,,,,,
2026-07-07T23:02:44.464155+00:00,2026-07-07T23:02:44.464002,2,1,136.6,0.4,136.4,100,136.1,150,,,,,,,,,,,,,,,,,136.8,100,,,,,,,,,,,,,,,,,,
2026-07-07T23:02:44.500436+00:00,2026-07-07T23:02:44.500357,2,2,136.5,0.2,136.4,50,136.1,150,,,,,,,,,,,,,,,,,136.6,150,136.8,100,,,,,,,,,,,,,,,,
2026-07-07T23:02:46.614644+00:00,2026-07-07T23:02:46.614587,1,2,136.35,0.5,136.1,150,,,,,,,,,,,,,,,,,,,136.6,150,136.8,100,,,,,,,,,,,,,,,,
2026-07-07T23:02:47.447663+00:00,2026-07-07T23:02:47.447627,1,1,136.35,0.5,136.1,150,,,,,,,,,,,,,,,,,,,136.6,150,,,,,,,,,,,,,,,,,,
2026-07-07T23:02:47.500510+00:00,2026-07-07T23:02:47.500608,2,1,136.35,0.5,136.1,150,135.9,100,,,,,,,,,,,,,,,,,136.6,150,,,,,,,,,,,,,,,,,,
2026-07-07T23:02:47.550499+00:00,2026-07-07T23:02:47.550446,2,2,136.25,0.3,136.1,150,135.9,100,,,,,,,,,,,,,,,,,136.4,100,136.6,150,,,,,,,,,,,,,,,,
2026-07-07T23:02:47.555530+00:00,2026-07-07T23:02:47.555734,1,1,136.15,0.5,135.9,100,,,,,,,,,,,,,,,,,,,136.4,100,,,,,,,,,,,,,,,,,,
2026-07-07T23:02:47.615690+00:00,2026-07-07T23:02:47.615576,2,1,136.25,0.3,136.1,150,135.9,100,,,,,,,,,,,,,,,,,136.4,100,,,,,,,,,,,,,,,,,,
2026-07-07T23:02:47.668119+00:00,2026-07-07T23:02:47.668029,2,2,136.25,0.3,136.1,150,135.9,100,,,,,,,,,,,,,,,,,136.4,100,136.6,150,,,,,,,,,,,,,,,,
2026-07-07T23:02:47.971554+00:00,2026-07-07T23:02:47.971405,2,2,136.25,0.3,136.1,107,135.9,100,,,,,,,,,,,,,,,,,136.4,100,136.6,150,,,,,,,,,,,,,,,,
2026-07-07T23:02:49.024145+00:00,2026-07-07T23:02:49.024046,2,2,136.25,0.3,136.1,107,135.9,100,,,,,,,,,,,,,,,,,136.4,59,136.6,150,,,,,,,,,,,,,,,,
2026-07-07T23:02:49.533137+00:00,2026-07-07T23:02:49.532962,2,2,136.25,0.3,136.1,59,135.9,100,,,,,,,,,,,,,,,,,136.4,59,136.6,150,,,,,,,,,,,,,,,,
2026-07-07T23:02:50.158785+00:00,2026-07-07T23:02:50.158728,2,2,136.25,0.3,136.1,59,135.9,100,,,,,,,,,,,,,,,,,136.4,18,136.6,150,,,,,,,,,,,,,,,,
2026-07-07T23:02:50.610846+00:00,2026-07-07T23:02:50.610992,2,1,136.35,0.5,136.1,59,135.9,100,,,,,,,,,,,,,,,,,136.6,150,,,,,,,,,,,,,,,,,,
2026-07-07T23:02:50.616330+00:00,2026-07-07T23:02:50.616155,1,1,136.35,0.5,136.1,59,,,,,,,,,,,,,,,,,,,136.6,150,,,,,,,,,,,,,,,,,,
2026-07-07T23:02:50.676953+00:00,2026-07-07T23:02:50.676880,2,1,136.4,0.4,136.2,100,136.1,59,,,,,,,,,,,,,,,,,136.6,150,,,,,,,,,,,,,,,,,,
2026-07-07T23:02:50.720765+00:00,2026-07-07T23:02:50.720641,1,0,,,136.2,100,,,,,,,,,,,,,,,,,,,,,,,,,,,,,,,,,,,,,,
2026-07-07T23:02:50.725724+00:00,2026-07-07T23:02:50.725838,1,1,136.45,0.5,136.2,100,,,,,,,,,,,,,,,,,,,136.7,100,,,,,,,,,,,,,,,,,,
2026-07-07T23:02:50.777458+00:00,2026-07-07T23:02:50.777382,2,1,136.45,0.5,136.2,100,135.8,150,,,,,,,,,,,,,,,,,136.7,100,,,,,,,,,,,,,,,,,,
2026-07-07T23:02:50.839973+00:00,2026-07-07T23:02:50.829628,2,2,136.25,0.1,136.2,50,135.8,150,,,,,,,,,,,,,,,,,136.3,139,136.7,100,,,,,,,,,,,,,,,,
2026-07-07T23:02:52.708580+00:00,2026-07-07T23:02:52.708462,2,2,136.25,0.1,136.2,50,135.8,150,,,,,,,,,,,,,,,,,136.3,96,136.7,100,,,,,,,,,,,,,,,,
2026-07-07T23:02:52.764102+00:00,2026-07-07T23:02:52.763977,2,2,136.25,0.1,136.2,10,135.8,150,,,,,,,,,,,,,,,,,136.3,96,136.7,100,,,,,,,,,,,,,,,,
2026-07-07T23:02:52.936045+00:00,2026-07-07T23:02:52.935939,1,2,136.05,0.5,135.8,110,,,,,,,,,,,,,,,,,,,136.3,96,136.7,100,,,,,,,,,,,,,,,,
2026-07-07T23:02:53.783752+00:00,2026-07-07T23:02:53.783682,1,1,136.05,0.5,135.8,110,,,,,,,,,,,,,,,,,,,136.3,96,,,,,,,,,,,,,,,,,,
2026-07-07T23:02:53.809922+00:00,2026-07-07T23:02:53.809850,1,1,136.05,0.5,135.8,63,,,,,,,,,,,,,,,,,,,136.3,96,,,,,,,,,,,,,,,,,,
2026-07-07T23:02:53.837098+00:00,2026-07-07T23:02:53.837053,2,1,136.1,0.4,135.9,100,135.8,63,,,,,,,,,,,,,,,,,136.3,96,,,,,,,,,,,,,,,,,,
2026-07-07T23:02:53.883344+00:00,2026-07-07T23:02:53.883450,1,0,,,135.9,100,,,,,,,,,,,,,,,,,,,,,,,,,,,,,,,,,,,,,,
2026-07-07T23:02:53.888638+00:00,2026-07-07T23:02:53.888592,1,1,136.15,0.5,135.9,100,,,,,,,,,,,,,,,,,,,136.4,100,,,,,,,,,,,,,,,,,,
2026-07-07T23:02:53.938495+00:00,2026-07-07T23:02:53.938452,2,1,136.15,0.5,135.9,100,135.7,150,,,,,,,,,,,,,,,,,136.4,100,,,,,,,,,,,,,,,,,,
2026-07-07T23:02:54.002363+00:00,2026-07-07T23:02:53.995366,2,2,136.05,0.3,135.9,100,135.7,150,,,,,,,,,,,,,,,,,136.2,138,136.4,100,,,,,,,,,,,,,,,,
2026-07-07T23:02:54.913789+00:00,2026-07-07T23:02:54.913929,2,2,136.05,0.3,135.9,100,135.7,150,,,,,,,,,,,,,,,,,136.2,89,136.4,100,,,,,,,,,,,,,,,,
2026-07-07T23:02:55.041102+00:00,2026-07-07T23:02:55.041069,2,2,136.05,0.3,135.9,50,135.7,150,,,,,,,,,,,,,,,,,136.2,89,136.4,100,,,,,,,,,,,,,,,,
2026-07-07T23:02:56.942491+00:00,2026-07-07T23:02:56.942381,1,1,135.95,0.5,135.7,150,,,,,,,,,,,,,,,,,,,136.2,89,,,,,,,,,,,,,,,,,,
2026-07-07T23:02:56.999044+00:00,2026-07-07T23:02:56.998872,2,1,135.95,0.5,135.7,150,135.5,100,,,,,,,,,,,,,,,,,136.2,89,,,,,,,,,,,,,,,,,,
2026-07-07T23:02:57.058555+00:00,2026-07-07T23:02:57.045979,1,1,135.75,0.5,135.5,100,,,,,,,,,,,,,,,,,,,136.0,100,,,,,,,,,,,,,,,,,,
2026-07-07T23:02:57.100198+00:00,2026-07-07T23:02:57.100107,2,1,135.85,0.3,135.7,150,135.5,100,,,,,,,,,,,,,,,,,136.0,50,,,,,,,,,,,,,,,,,,
2026-07-07T23:02:57.158558+00:00,2026-07-07T23:02:57.152063,2,2,135.85,0.3,135.7,150,135.5,100,,,,,,,,,,,,,,,,,136.0,50,136.2,150,,,,,,,,,,,,,,,,
2026-07-07T23:02:58.768136+00:00,2026-07-07T23:02:58.762365,2,2,135.85,0.3,135.7,150,135.5,100,,,,,,,,,,,,,,,,,136.0,39,136.2,150,,,,,,,,,,,,,,,,
2026-07-07T23:02:59.171469+00:00,2026-07-07T23:02:59.171335,2,1,135.95,0.5,135.7,150,135.5,100,,,,,,,,,,,,,,,,,136.2,150,,,,,,,,,,,,,,,,,,
2026-07-07T23:03:00.104955+00:00,2026-07-07T23:03:00.104894,1,1,135.95,0.5,135.7,150,,,,,,,,,,,,,,,,,,,136.2,150,,,,,,,,,,,,,,,,,,
2026-07-07T23:03:00.168943+00:00,2026-07-07T23:03:00.168793,2,1,136.05,0.3,135.9,100,135.7,150,,,,,,,,,,,,,,,,,136.2,150,,,,,,,,,,,,,,,,,,
2026-07-07T23:03:00.211263+00:00,2026-07-07T23:03:00.211188,1,1,136.15,0.5,135.9,100,,,,,,,,,,,,,,,,,,,136.4,100,,,,,,,,,,,,,,,,,,
2026-07-07T23:03:00.269523+00:00,2026-07-07T23:03:00.269411,2,1,136.15,0.5,135.9,100,135.8,150,,,,,,,,,,,,,,,,,136.4,100,,,,,,,,,,,,,,,,,,
2026-07-07T23:03:00.326215+00:00,2026-07-07T23:03:00.326046,2,2,136.1,0.4,135.9,100,135.8,150,,,,,,,,,,,,,,,,,136.3,150,136.4,100,,,,,,,,,,,,,,,,
2026-07-07T23:03:03.268571+00:00,2026-07-07T23:03:03.268506,1,1,136.05,0.5,135.8,150,,,,,,,,,,,,,,,,,,,136.3,150,,,,,,,,,,,,,,,,,,
2026-07-07T23:03:03.320437+00:00,2026-07-07T23:03:03.320578,1,1,136.05,0.5,135.8,250,,,,,,,,,,,,,,,,,,,136.3,150,,,,,,,,,,,,,,,,,,
2026-07-07T23:03:03.376351+00:00,2026-07-07T23:03:03.376246,1,1,136.05,0.5,135.8,250,,,,,,,,,,,,,,,,,,,136.3,100,,,,,,,,,,,,,,,,,,
2026-07-07T23:03:03.381487+00:00,2026-07-07T23:03:03.381385,1,1,136.05,0.5,135.8,100,,,,,,,,,,,,,,,,,,,136.3,100,,,,,,,,,,,,,,,,,,
2026-07-07T23:03:03.418410+00:00,2026-07-07T23:03:03.418358,1,1,136.05,0.5,135.8,100,,,,,,,,,,,,,,,,,,,136.3,50,,,,,,,,,,,,,,,,,,
2026-07-07T23:03:03.435632+00:00,2026-07-07T23:03:03.435411,2,1,136.05,0.5,135.8,100,135.7,150,,,,,,,,,,,,,,,,,136.3,50,,,,,,,,,,,,,,,,,,
2026-07-07T23:03:03.488484+00:00,2026-07-07T23:03:03.488391,2,2,136.0,0.4,135.8,100,135.7,150,,,,,,,,,,,,,,,,,136.2,150,136.3,50,,,,,,,,,,,,,,,,
2026-07-07T23:03:04.102296+00:00,2026-07-07T23:03:04.097940,2,2,136.0,0.4,135.8,55,135.7,150,,,,,,,,,,,,,,,,,136.2,150,136.3,50,,,,,,,,,,,,,,,,
2026-07-07T23:03:05.523430+00:00,2026-07-07T23:03:05.523398,2,2,136.0,0.4,135.8,55,135.7,150,,,,,,,,,,,,,,,,,136.2,100,136.3,50,,,,,,,,,,,,,,,,
2026-07-07T23:03:06.291098+00:00,2026-07-07T23:03:06.290991,2,2,136.0,0.4,135.8,7,135.7,150,,,,,,,,,,,,,,,,,136.2,100,136.3,50,,,,,,,,,,,,,,,,
2026-07-07T23:03:06.430475+00:00,2026-07-07T23:03:06.430391,1,1,135.95,0.5,135.7,150,,,,,,,,,,,,,,,,,,,136.2,100,,,,,,,,,,,,,,,,,,
2026-07-07T23:03:06.485824+00:00,2026-07-07T23:03:06.485702,1,1,135.95,0.5,135.7,250,,,,,,,,,,,,,,,,,,,136.2,100,,,,,,,,,,,,,,,,,,
2026-07-07T23:03:06.538873+00:00,2026-07-07T23:03:06.538826,1,1,135.95,0.5,135.7,250,,,,,,,,,,,,,,,,,,,136.2,100,,,,,,,,,,,,,,,,,,
2026-07-07T23:03:06.544146+00:00,2026-07-07T23:03:06.543971,1,1,135.95,0.5,135.7,100,,,,,,,,,,,,,,,,,,,136.2,100,,,,,,,,,,,,,,,,,,
2026-07-07T23:03:06.597474+00:00,2026-07-07T23:03:06.597342,2,1,136.05,0.3,135.9,150,135.7,100,,,,,,,,,,,,,,,,,136.2,100,,,,,,,,,,,,,,,,,,
2026-07-07T23:03:06.658605+00:00,2026-07-07T23:03:06.651092,2,2,136.05,0.3,135.9,150,135.7,100,,,,,,,,,,,,,,,,,136.2,100,136.4,150,,,,,,,,,,,,,,,,
2026-07-07T23:03:07.631267+00:00,2026-07-07T23:03:07.631182,2,2,136.05,0.3,135.9,150,135.7,100,,,,,,,,,,,,,,,,,136.2,50,136.4,150,,,,,,,,,,,,,,,,
2026-07-07T23:03:08.976848+00:00,2026-07-07T23:03:08.976998,2,2,136.05,0.3,135.9,150,135.7,100,,,,,,,,,,,,,,,,,136.2,10,136.4,150,,,,,,,,,,,,,,,,
2026-07-07T23:03:09.590365+00:00,2026-07-07T23:03:09.590453,1,1,136.15,0.5,135.9,150,,,,,,,,,,,,,,,,,,,136.4,150,,,,,,,,,,,,,,,,,,
2026-07-07T23:03:09.644069+00:00,2026-07-07T23:03:09.644014,2,1,136.25,0.3,136.1,100,135.9,150,,,,,,,,,,,,,,,,,136.4,150,,,,,,,,,,,,,,,,,,
2026-07-07T23:03:09.694672+00:00,2026-07-07T23:03:09.694817,2,2,136.25,0.3,136.1,100,135.9,150,,,,,,,,,,,,,,,,,136.4,150,136.6,100,,,,,,,,,,,,,,,,
2026-07-07T23:03:09.706197+00:00,2026-07-07T23:03:09.706075,1,1,136.35,0.5,136.1,100,,,,,,,,,,,,,,,,,,,136.6,100,,,,,,,,,,,,,,,,,,
2026-07-07T23:03:09.758556+00:00,2026-07-07T23:03:09.755826,1,1,136.35,0.5,136.1,250,,,,,,,,,,,,,,,,,,,136.6,100,,,,,,,,,,,,,,,,,,
2026-07-07T23:03:09.814530+00:00,2026-07-07T23:03:09.814424,1,1,136.35,0.5,136.1,250,,,,,,,,,,,,,,,,,,,136.6,250,,,,,,,,,,,,,,,,,,
2026-07-07T23:03:10.022175+00:00,2026-07-07T23:03:10.015488,1,1,136.35,0.5,136.1,239,,,,,,,,,,,,,,,,,,,136.6,250,,,,,,,,,,,,,,,,,,
2026-07-07T23:03:11.124900+00:00,2026-07-07T23:03:11.125046,1,1,136.35,0.5,136.1,193,,,,,,,,,,,,,,,,,,,136.6,250,,,,,,,,,,,,,,,,,,
2026-07-07T23:03:11.842816+00:00,2026-07-07T23:03:11.842647,1,1,136.35,0.5,136.1,193,,,,,,,,,,,,,,,,,,,136.6,200,,,,,,,,,,,,,,,,,,
2026-07-07T23:03:12.754102+00:00,2026-07-07T23:03:12.754052,1,1,136.35,0.5,136.1,150,,,,,,,,,,,,,,,,,,,136.6,150,,,,,,,,,,,,,,,,,,
2026-07-07T23:03:12.806719+00:00,2026-07-07T23:03:12.806638,2,1,136.35,0.5,136.1,150,136.0,100,,,,,,,,,,,,,,,,,136.6,150,,,,,,,,,,,,,,,,,,
2026-07-07T23:03:12.856085+00:00,2026-07-07T23:03:12.857801,2,1,136.3,0.4,136.1,150,136.0,100,,,,,,,,,,,,,,,,,136.5,100,,,,,,,,,,,,,,,,,,
2026-07-07T23:03:12.869151+00:00,2026-07-07T23:03:12.869225,1,1,136.25,0.5,136.0,100,,,,,,,,,,,,,,,,,,,136.5,100,,,,,,,,,,,,,,,,,,
2026-07-07T23:03:12.921768+00:00,2026-07-07T23:03:12.921660,1,1,136.25,0.5,136.0,250,,,,,,,,,,,,,,,,,,,136.5,100,,,,,,,,,,,,,,,,,,
2026-07-07T23:03:12.986050+00:00,2026-07-07T23:03:12.985919,1,1,136.25,0.5,136.0,250,,,,,,,,,,,,,,,,,,,136.5,250,,,,,,,,,,,,,,,,,,
2026-07-07T23:03:13.072234+00:00,2026-07-07T23:03:13.072178,1,1,136.25,0.5,136.0,209,,,,,,,,,,,,,,,,,,,136.5,250,,,,,,,,,,,,,,,,,,
2026-07-07T23:03:14.625111+00:00,2026-07-07T23:03:14.625054,1,1,136.25,0.5,136.0,209,,,,,,,,,,,,,,,,,,,136.5,202,,,,,,,,,,,,,,,,,,
2026-07-07T23:03:15.138701+00:00,2026-07-07T23:03:15.138641,1,1,136.25,0.5,136.0,160,,,,,,,,,,,,,,,,,,,136.5,202,,,,,,,,,,,,,,,,,,
2026-07-07T23:03:15.794628+00:00,2026-07-07T23:03:15.794548,1,1,136.25,0.5,136.0,160,,,,,,,,,,,,,,,,,,,136.5,156,,,,,,,,,,,,,,,,,,
2026-07-07T23:03:15.920194+00:00,2026-07-07T23:03:15.920128,1,1,136.25,0.5,136.0,150,,,,,,,,,,,,,,,,,,,136.5,150,,,,,,,,,,,,,,,,,,
2026-07-07T23:03:15.973792+00:00,2026-07-07T23:03:15.973684,2,1,136.3,0.4,136.1,100,136.0,150,,,,,,,,,,,,,,,,,136.5,150,,,,,,,,,,,,,,,,,,
2026-07-07T23:03:16.037609+00:00,2026-07-07T23:03:16.037529,2,1,136.35,0.5,136.1,100,136.0,150,,,,,,,,,,,,,,,,,136.6,100,,,,,,,,,,,,,,,,,,
2026-07-07T23:03:16.042850+00:00,2026-07-07T23:03:16.042688,1,1,136.35,0.5,136.1,100,,,,,,,,,,,,,,,,,,,136.6,100,,,,,,,,,,,,,,,,,,
2026-07-07T23:03:16.064013+00:00,2026-07-07T23:03:16.063904,1,1,136.35,0.5,136.1,100,,,,,,,,,,,,,,,,,,,136.6,50,,,,,,,,,,,,,,,,,,
2026-07-07T23:03:16.090756+00:00,2026-07-07T23:03:16.090700,2,1,136.35,0.5,136.1,100,136.0,150,,,,,,,,,,,,,,,,,136.6,50,,,,,,,,,,,,,,,,,,
2026-07-07T23:03:16.144952+00:00,2026-07-07T23:03:16.144866,2,2,136.3,0.4,136.1,100,136.0,150,,,,,,,,,,,,,,,,,136.5,150,136.6,50,,,,,,,,,,,,,,,,
2026-07-07T23:03:16.399629+00:00,2026-07-07T23:03:16.399515,2,2,136.3,0.4,136.1,100,136.0,150,,,,,,,,,,,,,,,,,136.5,101,136.6,50,,,,,,,,,,,,,,,,
2026-07-07T23:03:18.169170+00:00,2026-07-07T23:03:18.168935,2,2,136.3,0.4,136.1,100,136.0,150,,,,,,,,,,,,,,,,,136.5,51,136.6,50,,,,,,,,,,,,,,,,
2026-07-07T23:03:18.609667+00:00,2026-07-07T23:03:18.609600,2,2,136.3,0.4,136.1,53,136.0,150,,,,,,,,,,,,,,,,,136.5,51,136.6,50,,,,,,,,,,,,,,,,
2026-07-07T23:03:19.089046+00:00,2026-07-07T23:03:19.088987,2,1,136.3,0.4,136.1,53,136.0,150,,,,,,,,,,,,,,,,,136.5,51,,,,,,,,,,,,,,,,,,
2026-07-07T23:03:19.094081+00:00,2026-07-07T23:03:19.094163,1,1,136.25,0.5,136.0,150,,,,,,,,,,,,,,,,,,,136.5,51,,,,,,,,,,,,,,,,,,
2026-07-07T23:03:19.146936+00:00,2026-07-07T23:03:19.146873,2,1,136.4,0.2,136.3,100,136.0,150,,,,,,,,,,,,,,,,,136.5,51,,,,,,,,,,,,,,,,,,
2026-07-07T23:03:19.200627+00:00,2026-07-07T23:03:19.200513,1,1,136.55,0.5,136.3,100,,,,,,,,,,,,,,,,,,,136.8,100,,,,,,,,,,,,,,,,,,
2026-07-07T23:03:19.269972+00:00,2026-07-07T23:03:19.262966,2,1,136.75,0.1,136.7,127,136.3,100,,,,,,,,,,,,,,,,,136.8,100,,,,,,,,,,,,,,,,,,
2026-07-07T23:03:19.310196+00:00,2026-07-07T23:03:19.310322,2,2,136.75,0.1,136.7,127,136.3,100,,,,,,,,,,,,,,,,,136.8,100,137.2,150,,,,,,,,,,,,,,,,
2026-07-07T23:03:19.656251+00:00,2026-07-07T23:03:19.656479,2,2,136.75,0.1,136.7,85,136.3,100,,,,,,,,,,,,,,,,,136.8,100,137.2,150,,,,,,,,,,,,,,,,
2026-07-07T23:03:19.712390+00:00,2026-07-07T23:03:19.705630,2,2,136.75,0.1,136.7,73,136.3,100,,,,,,,,,,,,,,,,,136.8,100,137.2,150,,,,,,,,,,,,,,,,
2026-07-07T23:03:20.276631+00:00,2026-07-07T23:03:20.276583,2,2,136.75,0.1,136.7,73,136.3,100,,,,,,,,,,,,,,,,,136.8,50,137.2,150,,,,,,,,,,,,,,,,
2026-07-07T23:03:20.916789+00:00,2026-07-07T23:03:20.910363,2,2,136.75,0.1,136.7,62,136.3,100,,,,,,,,,,,,,,,,,136.8,50,137.2,150,,,,,,,,,,,,,,,,
2026-07-07T23:03:22.249799+00:00,2026-07-07T23:03:22.249752,2,1,136.95,0.5,136.7,62,136.3,100,,,,,,,,,,,,,,,,,137.2,150,,,,,,,,,,,,,,,,,,
2026-07-07T23:03:22.258592+00:00,2026-07-07T23:03:22.254887,1,1,136.95,0.5,136.7,62,,,,,,,,,,,,,,,,,,,137.2,150,,,,,,,,,,,,,,,,,,
2026-07-07T23:03:22.308571+00:00,2026-07-07T23:03:22.308534,2,1,136.95,0.5,136.7,62,136.4,100,,,,,,,,,,,,,,,,,137.2,150,,,,,,,,,,,,,,,,,,
2026-07-07T23:03:22.356387+00:00,2026-07-07T23:03:22.356539,1,1,136.65,0.5,136.4,100,,,,,,,,,,,,,,,,,,,136.9,100,,,,,,,,,,,,,,,,,,
2026-07-07T23:03:22.417582+00:00,2026-07-07T23:03:22.417518,2,1,136.65,0.5,136.4,100,136.2,150,,,,,,,,,,,,,,,,,136.9,100,,,,,,,,,,,,,,,,,,
2026-07-07T23:03:22.435885+00:00,2026-07-07T23:03:22.435817,2,1,136.65,0.5,136.4,50,136.2,150,,,,,,,,,,,,,,,,,136.9,100,,,,,,,,,,,,,,,,,,
2026-07-07T23:03:22.470182+00:00,2026-07-07T23:03:22.470249,2,2,136.55,0.3,136.4,50,136.2,150,,,,,,,,,,,,,,,,,136.7,150,136.9,100,,,,,,,,,,,,,,,,
2026-07-07T23:03:24.322750+00:00,2026-07-07T23:03:24.322656,2,2,136.55,0.3,136.4,50,136.2,150,,,,,,,,,,,,,,,,,136.7,101,136.9,100,,,,,,,,,,,,,,,,
2026-07-07T23:03:24.507138+00:00,2026-07-07T23:03:24.507006,2,2,136.55,0.3,136.4,50,136.2,150,,,,,,,,,,,,,,,,,136.7,51,136.9,100,,,,,,,,,,,,,,,,
2026-07-07T23:03:25.415799+00:00,2026-07-07T23:03:25.415764,1,1,136.45,0.5,136.2,150,,,,,,,,,,,,,,,,,,,136.7,51,,,,,,,,,,,,,,,,,,
2026-07-07T23:03:25.471460+00:00,2026-07-07T23:03:25.471381,2,1,136.5,0.4,136.3,100,136.2,150,,,,,,,,,,,,,,,,,136.7,51,,,,,,,,,,,,,,,,,,
2026-07-07T23:03:25.522508+00:00,2026-07-07T23:03:25.522436,1,0,,,136.3,100,,,,,,,,,,,,,,,,,,,,,,,,,,,,,,,,,,,,,,
2026-07-07T23:03:25.527666+00:00,2026-07-07T23:03:25.527580,1,1,136.55,0.5,136.3,100,,,,,,,,,,,,,,,,,,,136.8,100,,,,,,,,,,,,,,,,,,
2026-07-07T23:03:25.581055+00:00,2026-07-07T23:03:25.580977,2,1,136.75,0.1,136.7,150,136.3,100,,,,,,,,,,,,,,,,,136.8,100,,,,,,,,,,,,,,,,,,
2026-07-07T23:03:25.633756+00:00,2026-07-07T23:03:25.633685,2,2,136.75,0.1,136.7,150,136.3,100,,,,,,,,,,,,,,,,,136.8,100,137.2,150,,,,,,,,,,,,,,,,
2026-07-07T23:03:26.619494+00:00,2026-07-07T23:03:26.619565,2,2,136.75,0.1,136.7,150,136.3,100,,,,,,,,,,,,,,,,,136.8,50,137.2,150,,,,,,,,,,,,,,,,
2026-07-07T23:03:27.958634+00:00,2026-07-07T23:03:27.955914,2,2,136.75,0.1,136.7,105,136.3,100,,,,,,,,,,,,,,,,,136.8,50,137.2,150,,,,,,,,,,,,,,,,
2026-07-07T23:03:28.580431+00:00,2026-07-07T23:03:28.580337,1,1,136.95,0.5,136.7,105,,,,,,,,,,,,,,,,,,,137.2,150,,,,,,,,,,,,,,,,,,
2026-07-07T23:03:28.635059+00:00,2026-07-07T23:03:28.634967,2,1,136.95,0.5,136.7,105,136.3,100,,,,,,,,,,,,,,,,,137.2,150,,,,,,,,,,,,,,,,,,
2026-07-07T23:03:28.688479+00:00,2026-07-07T23:03:28.688445,1,1,136.55,0.5,136.3,100,,,,,,,,,,,,,,,,,,,136.8,100,,,,,,,,,,,,,,,,,,
2026-07-07T23:03:28.751083+00:00,2026-07-07T23:03:28.750980,2,1,136.6,0.4,136.4,150,136.3,100,,,,,,,,,,,,,,,,,136.8,50,,,,,,,,,,,,,,,,,,
2026-07-07T23:03:28.803335+00:00,2026-07-07T23:03:28.803216,2,2,136.6,0.4,136.4,150,136.3,100,,,,,,,,,,,,,,,,,136.8,50,136.9,150,,,,,,,,,,,,,,,,
2026-07-07T23:03:30.858543+00:00,2026-07-07T23:03:30.854102,2,1,136.65,0.5,136.4,150,136.3,100,,,,,,,,,,,,,,,,,136.9,150,,,,,,,,,,,,,,,,,,
2026-07-07T23:03:31.770819+00:00,2026-07-07T23:03:31.770730,1,1,136.65,0.5,136.4,150,,,,,,,,,,,,,,,,,,,136.9,150,,,,,,,,,,,,,,,,,,
2026-07-07T23:03:31.835246+00:00,2026-07-07T23:03:31.835167,1,1,136.65,0.5,136.4,150,,,,,,,,,,,,,,,,,,,136.9,50,,,,,,,,,,,,,,,,,,
2026-07-07T23:03:31.858577+00:00,2026-07-07T23:03:31.857675,0,0,,,,,,,,,,,,,,,,,,,,,,,,,,,,,,,,,,,,,,,,,,
2026-07-07T23:03:31.889840+00:00,2026-07-07T23:03:31.889806,0,1,,,,,,,,,,,,,,,,,,,,,,,137.5,100,,,,,,,,,,,,,,,,,,
2026-07-07T23:03:31.922148+00:00,2026-07-07T23:03:31.916202,1,1,137.3,0.4,137.1,147,,,,,,,,,,,,,,,,,,,137.5,100,,,,,,,,,,,,,,,,,,
2026-07-07T23:03:31.965303+00:00,2026-07-07T23:03:31.965174,1,2,137.3,0.4,137.1,147,,,,,,,,,,,,,,,,,,,137.5,100,137.6,150,,,,,,,,,,,,,,,,
2026-07-07T23:03:32.971148+00:00,2026-07-07T23:03:32.971001,1,2,137.3,0.4,137.1,147,,,,,,,,,,,,,,,,,,,137.5,50,137.6,150,,,,,,,,,,,,,,,,
2026-07-07T23:03:34.944917+00:00,2026-07-07T23:03:34.944816,1,1,137.35,0.5,137.1,147,,,,,,,,,,,,,,,,,,,137.6,150,,,,,,,,,,,,,,,,,,
2026-07-07T23:03:34.998437+00:00,2026-07-07T23:03:34.998340,2,1,137.35,0.5,137.1,147,136.7,100,,,,,,,,,,,,,,,,,137.6,150,,,,,,,,,,,,,,,,,,
2026-07-07T23:03:35.019101+00:00,2026-07-07T23:03:35.019041,1,0,,,136.7,100,,,,,,,,,,,,,,,,,,,,,,,,,,,,,,,,,,,,,,
2026-07-07T23:03:35.058550+00:00,2026-07-07T23:03:35.054977,1,1,136.95,0.5,136.7,100,,,,,,,,,,,,,,,,,,,137.2,100,,,,,,,,,,,,,,,,,,
2026-07-07T23:03:35.075143+00:00,2026-07-07T23:03:35.075056,2,1,137.1,0.2,137.0,150,136.7,100,,,,,,,,,,,,,,,,,137.2,100,,,,,,,,,,,,,,,,,,
2026-07-07T23:03:35.080409+00:00,2026-07-07T23:03:35.080282,2,1,137.1,0.2,137.0,150,136.7,100,,,,,,,,,,,,,,,,,137.2,50,,,,,,,,,,,,,,,,,,
2026-07-07T23:03:35.128660+00:00,2026-07-07T23:03:35.128553,2,2,137.1,0.2,137.0,150,136.7,100,,,,,,,,,,,,,,,,,137.2,50,137.5,150,,,,,,,,,,,,,,,,
2026-07-07T23:03:36.070688+00:00,2026-07-07T23:03:36.070643,2,2,137.1,0.2,137.0,104,136.7,100,,,,,,,,,,,,,,,,,137.2,50,137.5,150,,,,,,,,,,,,,,,,
2026-07-07T23:03:37.185608+00:00,2026-07-07T23:03:37.185743,2,1,137.25,0.5,137.0,104,136.7,100,,,,,,,,,,,,,,,,,137.5,150,,,,,,,,,,,,,,,,,,
2026-07-07T23:03:38.110819+00:00,2026-07-07T23:03:38.110679,1,1,137.25,0.5,137.0,104,,,,,,,,,,,,,,,,,,,137.5,150,,,,,,,,,,,,,,,,,,
2026-07-07T23:03:38.164587+00:00,2026-07-07T23:03:38.164523,1,1,137.25,0.5,137.0,204,,,,,,,,,,,,,,,,,,,137.5,150,,,,,,,,,,,,,,,,,,
2026-07-07T23:03:38.183405+00:00,2026-07-07T23:03:38.183514,1,0,,,137.0,100,,,,,,,,,,,,,,,,,,,,,,,,,,,,,,,,,,,,,,
2026-07-07T23:03:38.218145+00:00,2026-07-07T23:03:38.218243,1,1,137.25,0.5,137.0,100,,,,,,,,,,,,,,,,,,,137.5,100,,,,,,,,,,,,,,,,,,
2026-07-07T23:03:38.239633+00:00,2026-07-07T23:03:38.239534,2,1,137.25,0.5,137.0,100,136.8,150,,,,,,,,,,,,,,,,,137.5,100,,,,,,,,,,,,,,,,,,
2026-07-07T23:03:38.292908+00:00,2026-07-07T23:03:38.292821,2,2,137.15,0.3,137.0,100,136.8,150,,,,,,,,,,,,,,,,,137.3,150,137.5,100,,,,,,,,,,,,,,,,
2026-07-07T23:03:39.296306+00:00,2026-07-07T23:03:39.296197,2,2,137.15,0.3,137.0,100,136.8,150,,,,,,,,,,,,,,,,,137.3,100,137.5,100,,,,,,,,,,,,,,,,
2026-07-07T23:03:41.269710+00:00,2026-07-07T23:03:41.269629,2,1,137.15,0.3,137.0,100,136.8,150,,,,,,,,,,,,,,,,,137.3,100,,,,,,,,,,,,,,,,,,
2026-07-07T23:03:41.274905+00:00,2026-07-07T23:03:41.274773,1,1,137.05,0.5,136.8,150,,,,,,,,,,,,,,,,,,,137.3,100,,,,,,,,,,,,,,,,,,
2026-07-07T23:03:41.329054+00:00,2026-07-07T23:03:41.328982,1,1,137.05,0.5,136.8,250,,,,,,,,,,,,,,,,,,,137.3,100,,,,,,,,,,,,,,,,,,
2026-07-07T23:03:41.346783+00:00,2026-07-07T23:03:41.346879,1,0,,,136.8,100,,,,,,,,,,,,,,,,,,,,,,,,,,,,,,,,,,,,,,
2026-07-07T23:03:41.379779+00:00,2026-07-07T23:03:41.379865,1,1,137.05,0.5,136.8,100,,,,,,,,,,,,,,,,,,,137.3,100,,,,,,,,,,,,,,,,,,
2026-07-07T23:03:41.398431+00:00,2026-07-07T23:03:41.398360,1,1,137.05,0.5,136.8,250,,,,,,,,,,,,,,,,,,,137.3,100,,,,,,,,,,,,,,,,,,
2026-07-07T23:03:41.403641+00:00,2026-07-07T23:03:41.403533,1,1,137.05,0.5,136.8,250,,,,,,,,,,,,,,,,,,,137.3,50,,,,,,,,,,,,,,,,,,
2026-07-07T23:03:41.470329+00:00,2026-07-07T23:03:41.470414,1,1,137.05,0.5,136.8,250,,,,,,,,,,,,,,,,,,,137.3,200,,,,,,,,,,,,,,,,,,
2026-07-07T23:03:43.524598+00:00,2026-07-07T23:03:43.524564,1,1,137.05,0.5,136.8,250,,,,,,,,,,,,,,,,,,,137.3,150,,,,,,,,,,,,,,,,,,
2026-07-07T23:03:44.458644+00:00,2026-07-07T23:03:44.424460,1,1,137.05,0.5,136.8,150,,,,,,,,,,,,,,,,,,,137.3,150,,,,,,,,,,,,,,,,,,
2026-07-07T23:03:44.479582+00:00,2026-07-07T23:03:44.479493,1,1,137.05,0.5,136.8,150,,,,,,,,,,,,,,,,,,,137.3,101,,,,,,,,,,,,,,,,,,
2026-07-07T23:03:44.484817+00:00,2026-07-07T23:03:44.484724,1,1,137.05,0.5,136.8,150,,,,,,,,,,,,,,,,,,,137.3,1,,,,,,,,,,,,,,,,,,
2026-07-07T23:03:44.519849+00:00,2026-07-07T23:03:44.519828,1,0,,,136.8,150,,,,,,,,,,,,,,,,,,,,,,,,,,,,,,,,,,,,,,
2026-07-07T23:03:44.525008+00:00,2026-07-07T23:03:44.524959,0,0,,,,,,,,,,,,,,,,,,,,,,,,,,,,,,,,,,,,,,,,,,
2026-07-07T23:03:44.558570+00:00,2026-07-07T23:03:44.541519,0,1,,,,,,,,,,,,,,,,,,,,,,,137.8,100,,,,,,,,,,,,,,,,,,
2026-07-07T23:03:44.591224+00:00,2026-07-07T23:03:44.584711,1,1,137.7,0.2,137.6,124,,,,,,,,,,,,,,,,,,,137.8,100,,,,,,,,,,,,,,,,,,
2026-07-07T23:03:44.632915+00:00,2026-07-07T23:03:44.632884,1,2,137.7,0.2,137.6,124,,,,,,,,,,,,,,,,,,,137.8,100,138.1,150,,,,,,,,,,,,,,,,
2026-07-07T23:03:47.595443+00:00,2026-07-07T23:03:47.595360,1,1,137.85,0.5,137.6,124,,,,,,,,,,,,,,,,,,,138.1,150,,,,,,,,,,,,,,,,,,
2026-07-07T23:03:47.646722+00:00,2026-07-07T23:03:47.646563,2,1,137.85,0.5,137.6,124,137.1,100,,,,,,,,,,,,,,,,,138.1,150,,,,,,,,,,,,,,,,,,
2026-07-07T23:03:47.689003+00:00,2026-07-07T23:03:47.688962,1,0,,,137.1,100,,,,,,,,,,,,,,,,,,,,,,,,,,,,,,,,,,,,,,
2026-07-07T23:03:47.700765+00:00,2026-07-07T23:03:47.700718,1,1,137.35,0.5,137.1,100,,,,,,,,,,,,,,,,,,,137.6,100,,,,,,,,,,,,,,,,,,
2026-07-07T23:03:47.744157+00:00,2026-07-07T23:03:47.744060,2,0,,,137.6,50,137.1,100,,,,,,,,,,,,,,,,,,,,,,,,,,,,,,,,,,,,
2026-07-07T23:03:47.791884+00:00,2026-07-07T23:03:47.791834,1,0,,,137.1,100,,,,,,,,,,,,,,,,,,,,,,,,,,,,,,,,,,,,,,
2026-07-07T23:03:47.797027+00:00,2026-07-07T23:03:47.796982,1,1,137.6,1.0,137.1,100,,,,,,,,,,,,,,,,,,,138.1,150,,,,,,,,,,,,,,,,,,
2026-07-07T23:03:48.630781+00:00,2026-07-07T23:03:48.630750,1,1,137.6,1.0,137.1,53,,,,,,,,,,,,,,,,,,,138.1,150,,,,,,,,,,,,,,,,,,
2026-07-07T23:03:50.751264+00:00,2026-07-07T23:03:50.751155,0,1,,,,,,,,,,,,,,,,,,,,,,,138.1,150,,,,,,,,,,,,,,,,,,
2026-07-07T23:03:50.805319+00:00,2026-07-07T23:03:50.805264,1,1,137.75,0.7,137.4,100,,,,,,,,,,,,,,,,,,,138.1,150,,,,,,,,,,,,,,,,,,
2026-07-07T23:03:50.858630+00:00,2026-07-07T23:03:50.853014,1,1,137.65,0.5,137.4,100,,,,,,,,,,,,,,,,,,,137.9,100,,,,,,,,,,,,,,,,,,
2026-07-07T23:03:50.907175+00:00,2026-07-07T23:03:50.907106,2,1,137.65,0.5,137.4,100,137.1,150,,,,,,,,,,,,,,,,,137.9,100,,,,,,,,,,,,,,,,,,
2026-07-07T23:03:50.958559+00:00,2026-07-07T23:03:50.954111,2,2,137.5,0.2,137.4,100,137.1,150,,,,,,,,,,,,,,,,,137.6,150,137.9,100,,,,,,,,,,,,,,,,
2026-07-07T23:03:52.213671+00:00,2026-07-07T23:03:52.213838,2,2,137.5,0.2,137.4,100,137.1,150,,,,,,,,,,,,,,,,,137.6,110,137.9,100,,,,,,,,,,,,,,,,
2026-07-07T23:03:52.268623+00:00,2026-07-07T23:03:52.268576,2,2,137.5,0.2,137.4,59,137.1,150,,,,,,,,,,,,,,,,,137.6,110,137.9,100,,,,,,,,,,,,,,,,
2026-07-07T23:03:52.744947+00:00,2026-07-07T23:03:52.744898,2,2,137.5,0.2,137.4,17,137.1,150,,,,,,,,,,,,,,,,,137.6,110,137.9,100,,,,,,,,,,,,,,,,
2026-07-07T23:03:53.917608+00:00,2026-07-07T23:03:53.917514,1,1,137.35,0.5,137.1,150,,,,,,,,,,,,,,,,,,,137.6,110,,,,,,,,,,,,,,,,,,
2026-07-07T23:03:53.975983+00:00,2026-07-07T23:03:53.975878,1,1,137.35,0.5,137.1,250,,,,,,,,,,,,,,,,,,,137.6,110,,,,,,,,,,,,,,,,,,
2026-07-07T23:03:54.017636+00:00,2026-07-07T23:03:54.017578,1,0,,,137.1,100,,,,,,,,,,,,,,,,,,,,,,,,,,,,,,,,,,,,,,
2026-07-07T23:03:54.033248+00:00,2026-07-07T23:03:54.033173,1,1,137.35,0.5,137.1,100,,,,,,,,,,,,,,,,,,,137.6,100,,,,,,,,,,,,,,,,,,
2026-07-07T23:03:54.072807+00:00,2026-07-07T23:03:54.072711,2,1,137.35,0.5,137.1,100,137.0,150,,,,,,,,,,,,,,,,,137.6,100,,,,,,,,,,,,,,,,,,
2026-07-07T23:03:54.107877+00:00,2026-07-07T23:03:54.107819,2,1,137.35,0.5,137.1,50,137.0,150,,,,,,,,,,,,,,,,,137.6,100,,,,,,,,,,,,,,,,,,
2026-07-07T23:03:54.125814+00:00,2026-07-07T23:03:54.125751,2,2,137.3,0.4,137.1,50,137.0,150,,,,,,,,,,,,,,,,,137.5,150,137.6,100,,,,,,,,,,,,,,,,
2026-07-07T23:03:54.224729+00:00,2026-07-07T23:03:54.224571,2,2,137.3,0.4,137.1,50,137.0,150,,,,,,,,,,,,,,,,,137.5,101,137.6,100,,,,,,,,,,,,,,,,
2026-07-07T23:03:54.722375+00:00,2026-07-07T23:03:54.722308,2,2,137.3,0.4,137.1,2,137.0,150,,,,,,,,,,,,,,,,,137.5,101,137.6,100,,,,,,,,,,,,,,,,
2026-07-07T23:03:56.216904+00:00,2026-07-07T23:03:56.216863,1,2,137.25,0.5,137.0,102,,,,,,,,,,,,,,,,,,,137.5,101,137.6,100,,,,,,,,,,,,,,,,
2026-07-07T23:03:56.689369+00:00,2026-07-07T23:03:56.689317,1,2,137.25,0.5,137.0,102,,,,,,,,,,,,,,,,,,,137.5,57,137.6,100,,,,,,,,,,,,,,,,
2026-07-07T23:03:57.086552+00:00,2026-07-07T23:03:57.086454,1,1,137.25,0.5,137.0,102,,,,,,,,,,,,,,,,,,,137.5,57,,,,,,,,,,,,,,,,,,
2026-07-07T23:03:57.145286+00:00,2026-07-07T23:03:57.145204,2,1,137.25,0.5,137.0,102,136.5,100,,,,,,,,,,,,,,,,,137.5,57,,,,,,,,,,,,,,,,,,
2026-07-07T23:03:57.175086+00:00,2026-07-07T23:03:57.175019,2,0,,,137.0,102,136.5,100,,,,,,,,,,,,,,,,,,,,,,,,,,,,,,,,,,,,
2026-07-07T23:03:57.180118+00:00,2026-07-07T23:03:57.180203,1,0,,,136.5,100,,,,,,,,,,,,,,,,,,,,,,,,,,,,,,,,,,,,,,
2026-07-07T23:03:57.253353+00:00,2026-07-07T23:03:57.245486,2,0,,,137.2,76,136.5,100,,,,,,,,,,,,,,,,,,,,,,,,,,,,,,,,,,,,
2026-07-07T23:03:57.309668+00:00,2026-07-07T23:03:57.309625,2,1,137.45,0.5,137.2,76,136.5,100,,,,,,,,,,,,,,,,,137.7,150,,,,,,,,,,,,,,,,,,
2026-07-07T23:03:57.385780+00:00,2026-07-07T23:03:57.385897,2,1,137.45,0.5,137.2,76,136.5,100,,,,,,,,,,,,,,,,,137.7,103,,,,,,,,,,,,,,,,,,
2026-07-07T23:03:58.321939+00:00,2026-07-07T23:03:58.321828,2,1,137.45,0.5,137.2,26,136.5,100,,,,,,,,,,,,,,,,,137.7,103,,,,,,,,,,,,,,,,,,
2026-07-07T23:04:00.246177+00:00,2026-07-07T23:04:00.246104,1,1,137.45,0.5,137.2,26,,,,,,,,,,,,,,,,,,,137.7,103,,,,,,,,,,,,,,,,,,
2026-07-07T23:04:00.295435+00:00,2026-07-07T23:04:00.295360,2,1,137.45,0.5,137.2,26,136.8,100,,,,,,,,,,,,,,,,,137.7,103,,,,,,,,,,,,,,,,,,
2026-07-07T23:04:00.349353+00:00,2026-07-07T23:04:00.349282,2,2,137.25,0.1,137.2,26,136.8,100,,,,,,,,,,,,,,,,,137.3,100,137.7,103,,,,,,,,,,,,,,,,
2026-07-07T23:04:00.359767+00:00,2026-07-07T23:04:00.359687,1,1,137.05,0.5,136.8,100,,,,,,,,,,,,,,,,,,,137.3,100,,,,,,,,,,,,,,,,,,
2026-07-07T23:04:00.378666+00:00,2026-07-07T23:04:00.378557,1,1,137.05,0.5,136.8,100,,,,,,,,,,,,,,,,,,,137.3,50,,,,,,,,,,,,,,,,,,
2026-07-07T23:04:00.417826+00:00,2026-07-07T23:04:00.417732,2,1,137.1,0.4,136.9,150,136.8,100,,,,,,,,,,,,,,,,,137.3,50,,,,,,,,,,,,,,,,,,
2026-07-07T23:04:00.471123+00:00,2026-07-07T23:04:00.471019,2,1,137.1,0.4,136.9,150,136.8,100,,,,,,,,,,,,,,,,,137.3,200,,,,,,,,,,,,,,,,,,
2026-07-07T23:04:02.506217+00:00,2026-07-07T23:04:02.506050,2,1,137.1,0.4,136.9,150,136.8,100,,,,,,,,,,,,,,,,,137.3,150,,,,,,,,,,,,,,,,,,
2026-07-07T23:04:03.408620+00:00,2026-07-07T23:04:03.408488,1,1,137.1,0.4,136.9,150,,,,,,,,,,,,,,,,,,,137.3,150,,,,,,,,,,,,,,,,,,
2026-07-07T23:04:03.461597+00:00,2026-07-07T23:04:03.461501,2,1,137.2,0.2,137.1,100,136.9,150,,,,,,,,,,,,,,,,,137.3,150,,,,,,,,,,,,,,,,,,
2026-07-07T23:04:03.515407+00:00,2026-07-07T23:04:03.515329,2,2,137.2,0.2,137.1,100,136.9,150,,,,,,,,,,,,,,,,,137.3,150,137.6,100,,,,,,,,,,,,,,,,
2026-07-07T23:04:03.527058+00:00,2026-07-07T23:04:03.526998,1,1,137.35,0.5,137.1,100,,,,,,,,,,,,,,,,,,,137.6,100,,,,,,,,,,,,,,,,,,
2026-07-07T23:04:03.594139+00:00,2026-07-07T23:04:03.594254,2,1,137.35,0.5,137.1,100,136.9,150,,,,,,,,,,,,,,,,,137.6,100,,,,,,,,,,,,,,,,,,
2026-07-07T23:04:03.645159+00:00,2026-07-07T23:04:03.645254,2,2,137.2,0.2,137.1,100,136.9,150,,,,,,,,,,,,,,,,,137.3,150,137.6,100,,,,,,,,,,,,,,,,
2026-07-07T23:04:04.614368+00:00,2026-07-07T23:04:04.614266,2,2,137.2,0.2,137.1,100,136.9,150,,,,,,,,,,,,,,,,,137.3,100,137.6,100,,,,,,,,,,,,,,,,
2026-07-07T23:04:05.420132+00:00,2026-07-07T23:04:05.420076,2,2,137.2,0.2,137.1,51,136.9,150,,,,,,,,,,,,,,,,,137.3,100,137.6,100,,,,,,,,,,,,,,,,
2026-07-07T23:04:06.027483+00:00,2026-07-07T23:04:06.027417,2,2,137.2,0.2,137.1,51,136.9,150,,,,,,,,,,,,,,,,,137.3,58,137.6,100,,,,,,,,,,,,,,,,
2026-07-07T23:04:06.570637+00:00,2026-07-07T23:04:06.570540,1,1,137.1,0.4,136.9,150,,,,,,,,,,,,,,,,,,,137.3,58,,,,,,,,,,,,,,,,,,
2026-07-07T23:04:06.626557+00:00,2026-07-07T23:04:06.626431,2,1,137.15,0.3,137.0,100,136.9,150,,,,,,,,,,,,,,,,,137.3,58,,,,,,,,,,,,,,,,,,
2026-07-07T23:04:06.658562+00:00,2026-07-07T23:04:06.657733,2,1,137.15,0.3,137.0,55,136.9,150,,,,,,,,,,,,,,,,,137.3,58,,,,,,,,,,,,,,,,,,
2026-07-07T23:04:06.679504+00:00,2026-07-07T23:04:06.679606,2,2,137.15,0.3,137.0,55,136.9,150,,,,,,,,,,,,,,,,,137.3,58,137.4,100,,,,,,,,,,,,,,,,
2026-07-07T23:04:06.700809+00:00,2026-07-07T23:04:06.700701,1,1,137.2,0.4,137.0,55,,,,,,,,,,,,,,,,,,,137.4,100,,,,,,,,,,,,,,,,,,
2026-07-07T23:04:06.721756+00:00,2026-07-07T23:04:06.721697,1,1,137.2,0.4,137.0,55,,,,,,,,,,,,,,,,,,,137.4,50,,,,,,,,,,,,,,,,,,
2026-07-07T23:04:06.758662+00:00,2026-07-07T23:04:06.755211,2,1,137.3,0.2,137.2,150,137.0,55,,,,,,,,,,,,,,,,,137.4,50,,,,,,,,,,,,,,,,,,
2026-07-07T23:04:06.808271+00:00,2026-07-07T23:04:06.808177,2,2,137.3,0.2,137.2,150,137.0,55,,,,,,,,,,,,,,,,,137.4,50,137.7,150,,,,,,,,,,,,,,,,
2026-07-07T23:04:06.955704+00:00,2026-07-07T23:04:06.950358,2,2,137.3,0.2,137.2,147,137.0,55,,,,,,,,,,,,,,,,,137.4,50,137.7,150,,,,,,,,,,,,,,,,
2026-07-07T23:04:08.174641+00:00,2026-07-07T23:04:08.167208,2,2,137.3,0.2,137.2,94,137.0,55,,,,,,,,,,,,,,,,,137.4,50,137.7,150,,,,,,,,,,,,,,,,
2026-07-07T23:04:08.831391+00:00,2026-07-07T23:04:08.831496,2,1,137.45,0.5,137.2,94,137.0,55,,,,,,,,,,,,,,,,,137.7,150,,,,,,,,,,,,,,,,,,
2026-07-07T23:04:09.623986+00:00,2026-07-07T23:04:09.623912,2,1,137.45,0.5,137.2,94,137.0,55,,,,,,,,,,,,,,,,,137.7,110,,,,,,,,,,,,,,,,,,
2026-07-07T23:04:09.733738+00:00,2026-07-07T23:04:09.733823,1,1,137.45,0.5,137.2,94,,,,,,,,,,,,,,,,,,,137.7,110,,,,,,,,,,,,,,,,,,
2026-07-07T23:04:09.760208+00:00,2026-07-07T23:04:09.753616,1,1,137.45,0.5,137.2,71,,,,,,,,,,,,,,,,,,,137.7,110,,,,,,,,,,,,,,,,,,
2026-07-07T23:04:09.786765+00:00,2026-07-07T23:04:09.786861,2,1,137.45,0.5,137.2,71,137.1,100,,,,,,,,,,,,,,,,,137.7,110,,,,,,,,,,,,,,,,,,
2026-07-07T23:04:09.839431+00:00,2026-07-07T23:04:09.839350,2,2,137.4,0.4,137.2,71,137.1,100,,,,,,,,,,,,,,,,,137.6,100,137.7,110,,,,,,,,,,,,,,,,
2026-07-07T23:04:09.862949+00:00,2026-07-07T23:04:09.862859,1,1,137.35,0.5,137.1,100,,,,,,,,,,,,,,,,,,,137.6,100,,,,,,,,,,,,,,,,,,
2026-07-07T23:04:09.938393+00:00,2026-07-07T23:04:09.938331,2,1,137.35,0.5,137.1,100,136.7,150,,,,,,,,,,,,,,,,,137.6,100,,,,,,,,,,,,,,,,,,
2026-07-07T23:04:09.995088+00:00,2026-07-07T23:04:09.995177,2,2,137.15,0.1,137.1,100,136.7,150,,,,,,,,,,,,,,,,,137.2,150,137.6,100,,,,,,,,,,,,,,,,
2026-07-07T23:04:10.936799+00:00,2026-07-07T23:04:10.936749,2,2,137.15,0.1,137.1,100,136.7,150,,,,,,,,,,,,,,,,,137.2,100,137.6,100,,,,,,,,,,,,,,,,
2026-07-07T23:04:12.893799+00:00,2026-07-07T23:04:12.893699,1,1,136.95,0.5,136.7,150,,,,,,,,,,,,,,,,,,,137.2,100,,,,,,,,,,,,,,,,,,
2026-07-07T23:04:12.958254+00:00,2026-07-07T23:04:12.958205,2,1,137.05,0.3,136.9,100,136.7,150,,,,,,,,,,,,,,,,,137.2,100,,,,,,,,,,,,,,,,,,
2026-07-07T23:04:13.016090+00:00,2026-07-07T23:04:13.015988,2,2,137.05,0.3,136.9,100,136.7,150,,,,,,,,,,,,,,,,,137.2,100,137.4,100,,,,,,,,,,,,,,,,
2026-07-07T23:04:13.046358+00:00,2026-07-07T23:04:13.046526,2,1,137.15,0.5,136.9,100,136.7,150,,,,,,,,,,,,,,,,,137.4,100,,,,,,,,,,,,,,,,,,
2026-07-07T23:04:13.051823+00:00,2026-07-07T23:04:13.051687,1,1,137.15,0.5,136.9,100,,,,,,,,,,,,,,,,,,,137.4,100,,,,,,,,,,,,,,,,,,
2026-07-07T23:04:13.105863+00:00,2026-07-07T23:04:13.105780,2,1,137.2,0.4,137.0,150,136.9,100,,,,,,,,,,,,,,,,,137.4,100,,,,,,,,,,,,,,,,,,
2026-07-07T23:04:13.163901+00:00,2026-07-07T23:04:13.163850,2,2,137.2,0.4,137.0,150,136.9,100,,,,,,,,,,,,,,,,,137.4,100,137.5,150,,,,,,,,,,,,,,,,
2026-07-07T23:04:14.877494+00:00,2026-07-07T23:04:14.877626,2,2,137.2,0.4,137.0,150,136.9,100,,,,,,,,,,,,,,,,,137.4,60,137.5,150,,,,,,,,,,,,,,,,
2026-07-07T23:04:15.347130+00:00,2026-07-07T23:04:15.347091,2,2,137.2,0.4,137.0,110,136.9,100,,,,,,,,,,,,,,,,,137.4,60,137.5,150,,,,,,,,,,,,,,,,
2026-07-07T23:04:16.069242+00:00,2026-07-07T23:04:16.069167,1,1,137.25,0.5,137.0,110,,,,,,,,,,,,,,,,,,,137.5,150,,,,,,,,,,,,,,,,,,
2026-07-07T23:04:16.123473+00:00,2026-07-07T23:04:16.123310,2,1,137.25,0.5,137.0,110,136.9,100,,,,,,,,,,,,,,,,,137.5,150,,,,,,,,,,,,,,,,,,
2026-07-07T23:04:16.176710+00:00,2026-07-07T23:04:16.176646,2,2,137.2,0.4,137.0,110,136.9,100,,,,,,,,,,,,,,,,,137.4,100,137.5,150,,,,,,,,,,,,,,,,
2026-07-07T23:04:16.213327+00:00,2026-07-07T23:04:16.213238,1,1,137.15,0.5,136.9,100,,,,,,,,,,,,,,,,,,,137.4,100,,,,,,,,,,,,,,,,,,
2026-07-07T23:04:16.268588+00:00,2026-07-07T23:04:16.268470,1,1,137.15,0.5,136.9,250,,,,,,,,,,,,,,,,,,,137.4,100,,,,,,,,,,,,,,,,,,
2026-07-07T23:04:16.321685+00:00,2026-07-07T23:04:16.321782,1,1,137.15,0.5,136.9,250,,,,,,,,,,,,,,,,,,,137.4,250,,,,,,,,,,,,,,,,,,
2026-07-07T23:04:17.309740+00:00,2026-07-07T23:04:17.309668,1,1,137.15,0.5,136.9,200,,,,,,,,,,,,,,,,,,,137.4,250,,,,,,,,,,,,,,,,,,
2026-07-07T23:04:18.896388+00:00,2026-07-07T23:04:18.896267,1,1,137.15,0.5,136.9,151,,,,,,,,,,,,,,,,,,,137.4,250,,,,,,,,,,,,,,,,,,
2026-07-07T23:04:19.026092+00:00,2026-07-07T23:04:19.019467,1,1,137.15,0.5,136.9,139,,,,,,,,,,,,,,,,,,,137.4,250,,,,,,,,,,,,,,,,,,
2026-07-07T23:04:19.231130+00:00,2026-07-07T23:04:19.231045,1,1,137.15,0.5,136.9,139,,,,,,,,,,,,,,,,,,,137.4,150,,,,,,,,,,,,,,,,,,
2026-07-07T23:04:19.284872+00:00,2026-07-07T23:04:19.284725,2,1,137.15,0.5,136.9,139,136.2,100,,,,,,,,,,,,,,,,,137.4,150,,,,,,,,,,,,,,,,,,
2026-07-07T23:04:19.338352+00:00,2026-07-07T23:04:19.338506,2,1,137.15,0.5,136.9,39,136.2,100,,,,,,,,,,,,,,,,,137.4,150,,,,,,,,,,,,,,,,,,
2026-07-07T23:04:19.376927+00:00,2026-07-07T23:04:19.376866,1,0,,,136.2,100,,,,,,,,,,,,,,,,,,,,,,,,,,,,,,,,,,,,,,
2026-07-07T23:04:19.430829+00:00,2026-07-07T23:04:19.430796,2,0,,,136.2,100,136.1,150,,,,,,,,,,,,,,,,,,,,,,,,,,,,,,,,,,,,
2026-07-07T23:04:19.483350+00:00,2026-07-07T23:04:19.483457,2,1,136.4,0.4,136.2,100,136.1,150,,,,,,,,,,,,,,,,,136.6,150,,,,,,,,,,,,,,,,,,
2026-07-07T23:04:19.494008+00:00,2026-07-07T23:04:19.487732,2,1,136.4,0.4,136.2,100,136.1,150,,,,,,,,,,,,,,,,,136.6,127,,,,,,,,,,,,,,,,,,
2026-07-07T23:04:21.470683+00:00,2026-07-07T23:04:21.470562,2,1,136.4,0.4,136.2,100,136.1,150,,,,,,,,,,,,,,,,,136.6,77,,,,,,,,,,,,,,,,,,
2026-07-07T23:04:22.395096+00:00,2026-07-07T23:04:22.395011,1,1,136.35,0.5,136.1,150,,,,,,,,,,,,,,,,,,,136.6,77,,,,,,,,,,,,,,,,,,
2026-07-07T23:04:22.447985+00:00,2026-07-07T23:04:22.447868,2,1,136.45,0.3,136.3,100,136.1,150,,,,,,,,,,,,,,,,,136.6,77,,,,,,,,,,,,,,,,,,
2026-07-07T23:04:22.501503+00:00,2026-07-07T23:04:22.501461,2,2,136.45,0.3,136.3,100,136.1,150,,,,,,,,,,,,,,,,,136.6,77,136.8,100,,,,,,,,,,,,,,,,
2026-07-07T23:04:22.537428+00:00,2026-07-07T23:04:22.537599,1,1,136.55,0.5,136.3,100,,,,,,,,,,,,,,,,,,,136.8,100,,,,,,,,,,,,,,,,,,
2026-07-07T23:04:22.592515+00:00,2026-07-07T23:04:22.592418,2,1,136.55,0.5,136.3,100,136.2,150,,,,,,,,,,,,,,,,,136.8,100,,,,,,,,,,,,,,,,,,
2026-07-07T23:04:22.658682+00:00,2026-07-07T23:04:22.655747,2,2,136.45,0.3,136.3,100,136.2,150,,,,,,,,,,,,,,,,,136.6,150,136.8,100,,,,,,,,,,,,,,,,
2026-07-07T23:04:23.578709+00:00,2026-07-07T23:04:23.578671,2,2,136.45,0.3,136.3,100,136.2,150,,,,,,,,,,,,,,,,,136.6,100,136.8,100,,,,,,,,,,,,,,,,
2026-07-07T23:04:25.558649+00:00,2026-07-07T23:04:25.550732,1,1,136.4,0.4,136.2,150,,,,,,,,,,,,,,,,,,,136.6,100,,,,,,,,,,,,,,,,,,
2026-07-07T23:04:25.609956+00:00,2026-07-07T23:04:25.609835,2,1,136.4,0.4,136.2,150,136.1,100,,,,,,,,,,,,,,,,,136.6,100,,,,,,,,,,,,,,,,,,
2026-07-07T23:04:25.679747+00:00,2026-07-07T23:04:25.679874,2,1,136.4,0.4,136.2,150,136.1,100,,,,,,,,,,,,,,,,,136.6,200,,,,,,,,,,,,,,,,,,
2026-07-07T23:04:25.685169+00:00,2026-07-07T23:04:25.685116,2,1,136.4,0.4,136.2,150,136.1,100,,,,,,,,,,,,,,,,,136.6,150,,,,,,,,,,,,,,,,,,
2026-07-07T23:04:25.711264+00:00,2026-07-07T23:04:25.711154,1,1,136.35,0.5,136.1,100,,,,,,,,,,,,,,,,,,,136.6,100,,,,,,,,,,,,,,,,,,
2026-07-07T23:04:25.777259+00:00,2026-07-07T23:04:25.770882,2,1,136.5,0.2,136.4,139,136.1,100,,,,,,,,,,,,,,,,,136.6,100,,,,,,,,,,,,,,,,,,
2026-07-07T23:04:25.819835+00:00,2026-07-07T23:04:25.819729,2,2,136.5,0.2,136.4,139,136.1,100,,,,,,,,,,,,,,,,,136.6,100,136.8,150,,,,,,,,,,,,,,,,
