recv_time,book_timestamp,n_bids,n_asks,mid,spread,bid_px_0,bid_vol_0,bid_px_1,bid_vol_1,bid_px_2,bid_vol_2,bid_px_3,bid_vol_3,bid_px_4,bid_vol_4,bid_px_5,bid_vol_5,bid_px_6,bid_vol_6,bid_px_7,bid_vol_7,bid_px_8,bid_vol_8,bid_px_9,bid_vol_9,ask_px_0,ask_vol_0,ask_px_1,ask_vol_1,ask_px_2,ask_vol_2,ask_px_3,ask_vol_3,ask_px_4,ask_vol_4,ask_px_5,ask_vol_5,ask_px_6,ask_vol_6,ask_px_7,ask_vol_7,ask_px_8,ask_vol_8,ask_px_9,ask_vol_9
2026-07-05T17:00:00.004757+00:00,2026-07-05T17:00:00.005391,2,2,158.4,0.4,158.2,150,158.1,50,,,,,,,,,,,,,,,,,158.6,100,158.7,150,,,,,,,,,,,,,,,,
2026-07-05T17:00:00.441713+00:00,2026-07-05T17:00:00.441609,1,1,158.45,0.5,158.2,150,,,,,,,,,,,,,,,,,,,158.7,150,,,,,,,,,,,,,,,,,,
2026-07-05T17:00:00.504099+00:00,2026-07-05T17:00:00.486945,2,1,158.45,0.5,158.2,150,158.1,100,,,,,,,,,,,,,,,,,158.7,150,,,,,,,,,,,,,,,,,,
2026-07-05T17:00:00.550700+00:00,2026-07-05T17:00:00.550585,2,2,158.4,0.4,158.2,150,158.1,100,,,,,,,,,,,,,,,,,158.6,100,158.7,150,,,,,,,,,,,,,,,,
2026-07-05T17:00:00.694018+00:00,2026-07-05T17:00:00.663243,2,2,158.4,0.4,158.2,150,158.1,100,,,,,,,,,,,,,,,,,158.6,50,158.7,150,,,,,,,,,,,,,,,,
2026-07-05T17:00:03.070382+00:00,2026-07-05T17:00:03.070501,1,1,158.35,0.5,158.1,100,,,,,,,,,,,,,,,,,,,158.6,50,,,,,,,,,,,,,,,,,,
2026-07-05T17:00:03.124007+00:00,2026-07-05T17:00:03.123927,1,1,158.35,0.5,158.1,250,,,,,,,,,,,,,,,,,,,158.6,50,,,,,,,,,,,,,,,,,,
2026-07-05T17:00:03.176692+00:00,2026-07-05T17:00:03.176633,1,1,158.35,0.5,158.1,250,,,,,,,,,,,,,,,,,,,158.6,200,,,,,,,,,,,,,,,,,,
2026-07-05T17:00:03.602253+00:00,2026-07-05T17:00:03.602145,1,1,158.35,0.5,158.1,150,,,,,,,,,,,,,,,,,,,158.6,150,,,,,,,,,,,,,,,,,,
2026-07-05T17:00:03.655171+00:00,2026-07-05T17:00:03.655285,2,1,158.4,0.4,158.2,100,158.1,150,,,,,,,,,,,,,,,,,158.6,150,,,,,,,,,,,,,,,,,,
2026-07-05T17:00:03.709065+00:00,2026-07-05T17:00:03.708953,2,2,158.4,0.4,158.2,100,158.1,150,,,,,,,,,,,,,,,,,158.6,150,158.7,100,,,,,,,,,,,,,,,,
2026-07-05T17:00:04.881783+00:00,2026-07-05T17:00:04.881719,2,2,158.4,0.4,158.2,100,158.1,150,,,,,,,,,,,,,,,,,158.6,100,158.7,100,,,,,,,,,,,,,,,,
2026-07-05T17:00:06.234016+00:00,2026-07-05T17:00:06.233957,1,1,158.45,0.5,158.2,100,,,,,,,,,,,,,,,,,,,158.7,100,,,,,,,,,,,,,,,,,,
2026-07-05T17:00:06.287851+00:00,2026-07-05T17:00:06.287742,2,1,158.55,0.3,158.4,150,158.2,100,,,,,,,,,,,,,,,,,158.7,100,,,,,,,,,,,,,,,,,,
2026-07-05T17:00:06.341405+00:00,2026-07-05T17:00:06.341364,2,2,158.55,0.3,158.4,150,158.2,100,,,,,,,,,,,,,,,,,158.7,100,158.9,150,,,,,,,,,,,,,,,,
2026-07-05T17:00:06.764987+00:00,2026-07-05T17:00:06.764958,1,1,158.65,0.5,158.4,150,,,,,,,,,,,,,,,,,,,158.9,150,,,,,,,,,,,,,,,,,,
2026-07-05T17:00:06.820447+00:00,2026-07-05T17:00:06.820364,2,1,158.65,0.5,158.4,150,158.3,100,,,,,,,,,,,,,,,,,158.9,150,,,,,,,,,,,,,,,,,,
2026-07-05T17:00:06.873053+00:00,2026-07-05T17:00:06.872988,2,2,158.6,0.4,158.4,150,158.3,100,,,,,,,,,,,,,,,,,158.8,100,158.9,150,,,,,,,,,,,,,,,,
2026-07-05T17:00:06.989992+00:00,2026-07-05T17:00:06.989865,2,2,158.6,0.4,158.4,150,158.3,100,,,,,,,,,,,,,,,,,158.8,50,158.9,150,,,,,,,,,,,,,,,,
2026-07-05T17:00:07.176803+00:00,2026-07-05T17:00:07.176968,2,2,158.6,0.4,158.4,150,158.3,100,,,,,,,,,,,,,,,,,158.8,6,158.9,150,,,,,,,,,,,,,,,,
2026-07-05T17:00:07.232979+00:00,2026-07-05T17:00:07.233158,2,2,158.6,0.4,158.4,110,158.3,100,,,,,,,,,,,,,,,,,158.8,6,158.9,150,,,,,,,,,,,,,,,,
2026-07-05T17:00:08.821739+00:00,2026-07-05T17:00:08.821681,2,1,158.65,0.5,158.4,110,158.3,100,,,,,,,,,,,,,,,,,158.9,112,,,,,,,,,,,,,,,,,,
2026-07-05T17:00:09.094057+00:00,2026-07-05T17:00:09.093999,2,1,158.65,0.5,158.4,110,158.3,100,,,,,,,,,,,,,,,,,158.9,62,,,,,,,,,,,,,,,,,,
2026-07-05T17:00:09.333981+00:00,2026-07-05T17:00:09.333943,2,1,158.65,0.5,158.4,62,158.3,100,,,,,,,,,,,,,,,,,158.9,62,,,,,,,,,,,,,,,,,,
2026-07-05T17:00:09.395354+00:00,2026-07-05T17:00:09.395319,2,0,,,158.4,62,158.3,100,,,,,,,,,,,,,,,,,,,,,,,,,,,,,,,,,,,,
2026-07-05T17:00:09.400660+00:00,2026-07-05T17:00:09.400505,1,0,,,158.3,100,,,,,,,,,,,,,,,,,,,,,,,,,,,,,,,,,,,,,,
2026-07-05T17:00:09.450944+00:00,2026-07-05T17:00:09.451030,1,0,,,158.3,250,,,,,,,,,,,,,,,,,,,,,,,,,,,,,,,,,,,,,,
2026-07-05T17:00:09.506652+00:00,2026-07-05T17:00:09.506542,1,1,158.55,0.5,158.3,250,,,,,,,,,,,,,,,,,,,158.8,150,,,,,,,,,,,,,,,,,,
2026-07-05T17:00:09.926537+00:00,2026-07-05T17:00:09.926459,1,1,158.55,0.5,158.3,150,,,,,,,,,,,,,,,,,,,158.8,150,,,,,,,,,,,,,,,,,,
2026-07-05T17:00:09.990473+00:00,2026-07-05T17:00:09.990424,2,1,158.65,0.3,158.5,100,158.3,150,,,,,,,,,,,,,,,,,158.8,150,,,,,,,,,,,,,,,,,,
2026-07-05T17:00:10.047926+00:00,2026-07-05T17:00:10.047785,2,2,158.65,0.3,158.5,100,158.3,150,,,,,,,,,,,,,,,,,158.8,150,159.0,100,,,,,,,,,,,,,,,,
2026-07-05T17:00:10.932740+00:00,2026-07-05T17:00:10.926784,2,2,158.65,0.3,158.5,89,158.3,150,,,,,,,,,,,,,,,,,158.8,150,159.0,100,,,,,,,,,,,,,,,,
2026-07-05T17:00:11.364212+00:00,2026-07-05T17:00:11.363931,2,2,158.65,0.3,158.5,89,158.3,150,,,,,,,,,,,,,,,,,158.8,106,159.0,100,,,,,,,,,,,,,,,,
2026-07-05T17:00:11.459567+00:00,2026-07-05T17:00:11.458893,2,2,158.65,0.3,158.5,40,158.3,150,,,,,,,,,,,,,,,,,158.8,106,159.0,100,,,,,,,,,,,,,,,,
2026-07-05T17:00:12.475424+00:00,2026-07-05T17:00:12.475343,2,2,158.65,0.3,158.5,40,158.3,150,,,,,,,,,,,,,,,,,158.8,66,159.0,100,,,,,,,,,,,,,,,,
2026-07-05T17:00:12.555407+00:00,2026-07-05T17:00:12.555558,1,1,158.75,0.5,158.5,40,,,,,,,,,,,,,,,,,,,159.0,100,,,,,,,,,,,,,,,,,,
2026-07-05T17:00:12.613848+00:00,2026-07-05T17:00:12.614012,2,0,,,159.1,50,158.5,40,,,,,,,,,,,,,,,,,,,,,,,,,,,,,,,,,,,,
2026-07-05T17:00:12.667364+00:00,2026-07-05T17:00:12.667281,2,1,159.35,0.5,159.1,50,158.5,40,,,,,,,,,,,,,,,,,159.6,150,,,,,,,,,,,,,,,,,,
2026-07-05T17:00:13.103842+00:00,2026-07-05T17:00:13.103749,1,1,159.35,0.5,159.1,50,,,,,,,,,,,,,,,,,,,159.6,150,,,,,,,,,,,,,,,,,,
2026-07-05T17:00:13.158646+00:00,2026-07-05T17:00:13.158323,1,1,159.35,0.5,159.1,150,,,,,,,,,,,,,,,,,,,159.6,150,,,,,,,,,,,,,,,,,,
2026-07-05T17:00:13.211024+00:00,2026-07-05T17:00:13.211002,1,1,159.35,0.5,159.1,150,,,,,,,,,,,,,,,,,,,159.6,250,,,,,,,,,,,,,,,,,,
2026-07-05T17:00:13.668654+00:00,2026-07-05T17:00:13.662467,1,1,159.35,0.5,159.1,139,,,,,,,,,,,,,,,,,,,159.6,250,,,,,,,,,,,,,,,,,,
2026-07-05T17:00:14.978958+00:00,2026-07-05T17:00:14.972952,1,1,159.35,0.5,159.1,127,,,,,,,,,,,,,,,,,,,159.6,250,,,,,,,,,,,,,,,,,,
2026-07-05T17:00:15.464095+00:00,2026-07-05T17:00:15.463800,1,1,159.35,0.5,159.1,127,,,,,,,,,,,,,,,,,,,159.6,200,,,,,,,,,,,,,,,,,,
2026-07-05T17:00:15.721779+00:00,2026-07-05T17:00:15.721696,1,1,159.35,0.5,159.1,100,,,,,,,,,,,,,,,,,,,159.6,100,,,,,,,,,,,,,,,,,,
2026-07-05T17:00:15.781518+00:00,2026-07-05T17:00:15.774980,2,1,159.35,0.5,159.1,89,158.5,150,,,,,,,,,,,,,,,,,159.6,100,,,,,,,,,,,,,,,,,,
2026-07-05T17:00:15.831487+00:00,2026-07-05T17:00:15.831372,1,2,158.75,0.5,158.5,150,,,,,,,,,,,,,,,,,,,159.0,61,159.6,100,,,,,,,,,,,,,,,,
2026-07-05T17:00:16.265810+00:00,2026-07-05T17:00:16.265698,1,1,158.75,0.5,158.5,150,,,,,,,,,,,,,,,,,,,159.0,61,,,,,,,,,,,,,,,,,,
2026-07-05T17:00:16.292086+00:00,2026-07-05T17:00:16.285620,1,1,158.75,0.5,158.5,150,,,,,,,,,,,,,,,,,,,159.0,50,,,,,,,,,,,,,,,,,,
2026-07-05T17:00:16.323981+00:00,2026-07-05T17:00:16.323755,1,1,158.75,0.5,158.5,250,,,,,,,,,,,,,,,,,,,159.0,50,,,,,,,,,,,,,,,,,,
2026-07-05T17:00:16.377755+00:00,2026-07-05T17:00:16.377665,1,1,158.75,0.5,158.5,250,,,,,,,,,,,,,,,,,,,159.0,150,,,,,,,,,,,,,,,,,,
2026-07-05T17:00:17.563923+00:00,2026-07-05T17:00:17.563802,1,1,158.75,0.5,158.5,250,,,,,,,,,,,,,,,,,,,159.0,100,,,,,,,,,,,,,,,,,,
2026-07-05T17:00:18.889460+00:00,2026-07-05T17:00:18.889365,1,1,158.75,0.5,158.5,100,,,,,,,,,,,,,,,,,,,159.0,100,,,,,,,,,,,,,,,,,,
2026-07-05T17:00:18.942708+00:00,2026-07-05T17:00:18.942638,2,0,,,159.1,50,158.5,100,,,,,,,,,,,,,,,,,,,,,,,,,,,,,,,,,,,,
2026-07-05T17:00:19.012317+00:00,2026-07-05T17:00:19.005965,2,1,159.35,0.5,159.1,16,158.5,100,,,,,,,,,,,,,,,,,159.6,150,,,,,,,,,,,,,,,,,,
2026-07-05T17:00:19.433323+00:00,2026-07-05T17:00:19.433213,1,1,159.35,0.5,159.1,16,,,,,,,,,,,,,,,,,,,159.6,150,,,,,,,,,,,,,,,,,,
2026-07-05T17:00:19.486919+00:00,2026-07-05T17:00:19.486835,2,1,159.35,0.5,159.1,16,158.6,100,,,,,,,,,,,,,,,,,159.6,150,,,,,,,,,,,,,,,,,,
2026-07-05T17:00:19.540461+00:00,2026-07-05T17:00:19.540381,1,2,158.85,0.5,158.6,100,,,,,,,,,,,,,,,,,,,159.1,84,159.6,150,,,,,,,,,,,,,,,,
2026-07-05T17:00:20.044315+00:00,2026-07-05T17:00:20.044406,1,2,158.85,0.5,158.6,52,,,,,,,,,,,,,,,,,,,159.1,84,159.6,150,,,,,,,,,,,,,,,,
2026-07-05T17:00:20.574716+00:00,2026-07-05T17:00:20.574641,1,2,158.85,0.5,158.6,52,,,,,,,,,,,,,,,,,,,159.1,43,159.6,150,,,,,,,,,,,,,,,,
2026-07-05T17:00:21.533207+00:00,2026-07-05T17:00:21.526370,1,2,158.85,0.5,158.6,52,,,,,,,,,,,,,,,,,,,159.1,32,159.6,150,,,,,,,,,,,,,,,,
2026-07-05T17:00:21.774226+00:00,2026-07-05T17:00:21.774197,1,1,159.1,1.0,158.6,52,,,,,,,,,,,,,,,,,,,159.6,132,,,,,,,,,,,,,,,,,,
2026-07-05T17:00:22.058564+00:00,2026-07-05T17:00:22.053042,1,0,,,158.6,52,,,,,,,,,,,,,,,,,,,,,,,,,,,,,,,,,,,,,,
2026-07-05T17:00:22.118319+00:00,2026-07-05T17:00:22.118118,2,0,,,158.7,150,158.6,52,,,,,,,,,,,,,,,,,,,,,,,,,,,,,,,,,,,,
2026-07-05T17:00:22.176018+00:00,2026-07-05T17:00:22.175936,2,1,158.95,0.5,158.7,150,158.6,52,,,,,,,,,,,,,,,,,159.2,150,,,,,,,,,,,,,,,,,,
2026-07-05T17:00:22.597761+00:00,2026-07-05T17:00:22.597675,1,1,158.95,0.5,158.7,150,,,,,,,,,,,,,,,,,,,159.2,150,,,,,,,,,,,,,,,,,,
2026-07-05T17:00:22.613743+00:00,2026-07-05T17:00:22.613820,1,1,158.95,0.5,158.7,101,,,,,,,,,,,,,,,,,,,159.2,150,,,,,,,,,,,,,,,,,,
2026-07-05T17:00:22.652217+00:00,2026-07-05T17:00:22.652346,2,1,159.15,0.1,159.1,100,158.7,101,,,,,,,,,,,,,,,,,159.2,150,,,,,,,,,,,,,,,,,,
2026-07-05T17:00:22.715591+00:00,2026-07-05T17:00:22.715770,2,2,159.15,0.1,159.1,100,158.7,101,,,,,,,,,,,,,,,,,159.2,150,159.6,100,,,,,,,,,,,,,,,,
2026-07-05T17:00:22.843633+00:00,2026-07-05T17:00:22.837034,2,2,159.15,0.1,159.1,86,158.7,101,,,,,,,,,,,,,,,,,159.2,150,159.6,100,,,,,,,,,,,,,,,,
2026-07-05T17:00:23.882691+00:00,2026-07-05T17:00:23.882825,2,2,159.15,0.1,159.1,86,158.7,101,,,,,,,,,,,,,,,,,159.2,100,159.6,100,,,,,,,,,,,,,,,,
2026-07-05T17:00:24.058596+00:00,2026-07-05T17:00:24.058127,2,2,159.15,0.1,159.1,37,158.7,101,,,,,,,,,,,,,,,,,159.2,100,159.6,100,,,,,,,,,,,,,,,,
2026-07-05T17:00:25.231682+00:00,2026-07-05T17:00:25.231637,1,1,159.35,0.5,159.1,37,,,,,,,,,,,,,,,,,,,159.6,100,,,,,,,,,,,,,,,,,,
2026-07-05T17:00:25.286922+00:00,2026-07-05T17:00:25.286789,2,1,159.35,0.5,159.1,37,158.3,150,,,,,,,,,,,,,,,,,159.6,100,,,,,,,,,,,,,,,,,,
2026-07-05T17:00:25.351054+00:00,2026-07-05T17:00:25.344572,1,2,158.55,0.5,158.3,150,,,,,,,,,,,,,,,,,,,158.8,99,159.6,100,,,,,,,,,,,,,,,,
2026-07-05T17:00:25.768977+00:00,2026-07-05T17:00:25.768885,1,1,158.55,0.5,158.3,150,,,,,,,,,,,,,,,,,,,158.8,99,,,,,,,,,,,,,,,,,,
2026-07-05T17:00:25.826326+00:00,2026-07-05T17:00:25.826219,1,1,158.55,0.5,158.3,250,,,,,,,,,,,,,,,,,,,158.8,99,,,,,,,,,,,,,,,,,,
2026-07-05T17:00:25.878322+00:00,2026-07-05T17:00:25.878246,1,1,158.55,0.5,158.3,250,,,,,,,,,,,,,,,,,,,158.8,199,,,,,,,,,,,,,,,,,,
2026-07-05T17:00:25.990375+00:00,2026-07-05T17:00:25.990281,1,1,158.55,0.5,158.3,250,,,,,,,,,,,,,,,,,,,158.8,149,,,,,,,,,,,,,,,,,,
2026-07-05T17:00:26.495906+00:00,2026-07-05T17:00:26.495771,1,1,158.55,0.5,158.3,250,,,,,,,,,,,,,,,,,,,158.8,107,,,,,,,,,,,,,,,,,,
2026-07-05T17:00:27.044425+00:00,2026-07-05T17:00:27.044305,1,1,158.55,0.5,158.3,250,,,,,,,,,,,,,,,,,,,158.8,67,,,,,,,,,,,,,,,,,,
2026-07-05T17:00:27.540144+00:00,2026-07-05T17:00:27.540047,1,1,158.55,0.5,158.3,250,,,,,,,,,,,,,,,,,,,158.8,19,,,,,,,,,,,,,,,,,,
2026-07-05T17:00:28.097760+00:00,2026-07-05T17:00:28.097624,1,0,,,158.3,250,,,,,,,,,,,,,,,,,,,,,,,,,,,,,,,,,,,,,,
2026-07-05T17:00:28.396841+00:00,2026-07-05T17:00:28.396756,1,0,,,158.3,100,,,,,,,,,,,,,,,,,,,,,,,,,,,,,,,,,,,,,,
2026-07-05T17:00:28.448489+00:00,2026-07-05T17:00:28.458642,2,0,,,159.0,150,158.3,100,,,,,,,,,,,,,,,,,,,,,,,,,,,,,,,,,,,,
2026-07-05T17:00:28.513674+00:00,2026-07-05T17:00:28.513774,2,1,159.25,0.5,159.0,150,158.3,100,,,,,,,,,,,,,,,,,159.5,150,,,,,,,,,,,,,,,,,,
2026-07-05T17:00:28.934942+00:00,2026-07-05T17:00:28.934870,1,1,159.25,0.5,159.0,150,,,,,,,,,,,,,,,,,,,159.5,150,,,,,,,,,,,,,,,,,,
2026-07-05T17:00:28.987841+00:00,2026-07-05T17:00:28.987708,2,1,159.25,0.5,159.0,150,158.8,100,,,,,,,,,,,,,,,,,159.5,150,,,,,,,,,,,,,,,,,,
2026-07-05T17:00:29.037011+00:00,2026-07-05T17:00:29.036943,2,2,159.1,0.2,159.0,150,158.8,100,,,,,,,,,,,,,,,,,159.2,100,159.5,150,,,,,,,,,,,,,,,,
2026-07-05T17:00:29.406074+00:00,2026-07-05T17:00:29.399306,2,2,159.1,0.2,159.0,139,158.8,100,,,,,,,,,,,,,,,,,159.2,100,159.5,150,,,,,,,,,,,,,,,,
2026-07-05T17:00:30.279387+00:00,2026-07-05T17:00:30.279294,2,2,159.1,0.2,159.0,89,158.8,100,,,,,,,,,,,,,,,,,159.2,100,159.5,150,,,,,,,,,,,,,,,,
2026-07-05T17:00:30.718005+00:00,2026-07-05T17:00:30.711745,2,2,159.1,0.2,159.0,86,158.8,100,,,,,,,,,,,,,,,,,159.2,100,159.5,150,,,,,,,,,,,,,,,,
2026-07-05T17:00:31.562881+00:00,2026-07-05T17:00:31.562836,2,1,159.1,0.2,159.0,86,158.8,100,,,,,,,,,,,,,,,,,159.2,100,,,,,,,,,,,,,,,,,,
2026-07-05T17:00:31.568097+00:00,2026-07-05T17:00:31.568018,1,1,159.0,0.4,158.8,100,,,,,,,,,,,,,,,,,,,159.2,100,,,,,,,,,,,,,,,,,,
2026-07-05T17:00:31.622751+00:00,2026-07-05T17:00:31.622654,2,1,159.0,0.4,158.8,100,158.5,150,,,,,,,,,,,,,,,,,159.2,100,,,,,,,,,,,,,,,,,,
2026-07-05T17:00:31.675940+00:00,2026-07-05T17:00:31.676035,2,2,158.9,0.2,158.8,100,158.5,150,,,,,,,,,,,,,,,,,159.0,150,159.2,100,,,,,,,,,,,,,,,,
2026-07-05T17:00:32.094050+00:00,2026-07-05T17:00:32.093923,1,1,158.75,0.5,158.5,150,,,,,,,,,,,,,,,,,,,159.0,150,,,,,,,,,,,,,,,,,,
2026-07-05T17:00:32.158604+00:00,2026-07-05T17:00:32.148605,2,1,158.8,0.4,158.6,100,158.5,150,,,,,,,,,,,,,,,,,159.0,150,,,,,,,,,,,,,,,,,,
2026-07-05T17:00:32.203760+00:00,2026-07-05T17:00:32.203913,2,2,158.8,0.4,158.6,100,158.5,150,,,,,,,,,,,,,,,,,159.0,150,159.1,100,,,,,,,,,,,,,,,,
2026-07-05T17:00:32.392046+00:00,2026-07-05T17:00:32.391904,2,2,158.8,0.4,158.6,50,158.5,150,,,,,,,,,,,,,,,,,159.0,150,159.1,100,,,,,,,,,,,,,,,,
2026-07-05T17:00:34.494798+00:00,2026-07-05T17:00:34.494686,1,2,158.75,0.5,158.5,150,,,,,,,,,,,,,,,,,,,159.0,150,159.1,100,,,,,,,,,,,,,,,,
2026-07-05T17:00:34.729515+00:00,2026-07-05T17:00:34.729446,0,1,,,,,,,,,,,,,,,,,,,,,,,159.1,100,,,,,,,,,,,,,,,,,,
2026-07-05T17:00:34.784437+00:00,2026-07-05T17:00:34.784341,1,1,158.85,0.5,158.6,150,,,,,,,,,,,,,,,,,,,159.1,100,,,,,,,,,,,,,,,,,,
2026-07-05T17:00:34.834572+00:00,2026-07-05T17:00:34.834462,1,1,158.85,0.5,158.6,150,,,,,,,,,,,,,,,,,,,159.1,250,,,,,,,,,,,,,,,,,,
2026-07-05T17:00:35.259216+00:00,2026-07-05T17:00:35.259139,1,1,158.85,0.5,158.6,150,,,,,,,,,,,,,,,,,,,159.1,150,,,,,,,,,,,,,,,,,,
2026-07-05T17:00:35.312344+00:00,2026-07-05T17:00:35.312493,2,1,158.85,0.5,158.6,150,158.4,100,,,,,,,,,,,,,,,,,159.1,150,,,,,,,,,,,,,,,,,,
2026-07-05T17:00:35.375654+00:00,2026-07-05T17:00:35.369405,2,2,158.7,0.2,158.6,150,158.4,100,,,,,,,,,,,,,,,,,158.8,97,159.1,150,,,,,,,,,,,,,,,,
2026-07-05T17:00:35.947956+00:00,2026-07-05T17:00:35.942000,2,2,158.7,0.2,158.6,150,158.4,100,,,,,,,,,,,,,,,,,158.8,86,159.1,150,,,,,,,,,,,,,,,,
2026-07-05T17:00:36.235814+00:00,2026-07-05T17:00:36.235763,2,2,158.7,0.2,158.6,104,158.4,100,,,,,,,,,,,,,,,,,158.8,86,159.1,150,,,,,,,,,,,,,,,,
2026-07-05T17:00:36.551121+00:00,2026-07-05T17:00:36.551008,2,2,158.7,0.2,158.6,104,158.4,100,,,,,,,,,,,,,,,,,158.8,36,159.1,150,,,,,,,,,,,,,,,,
2026-07-05T17:00:36.723687+00:00,2026-07-05T17:00:36.723612,2,2,158.7,0.2,158.6,58,158.4,100,,,,,,,,,,,,,,,,,158.8,36,159.1,150,,,,,,,,,,,,,,,,
2026-07-05T17:00:37.889976+00:00,2026-07-05T17:00:37.889921,1,1,158.6,0.4,158.4,100,,,,,,,,,,,,,,,,,,,158.8,36,,,,,,,,,,,,,,,,,,
2026-07-05T17:00:37.944126+00:00,2026-07-05T17:00:37.944021,2,1,158.6,0.4,158.4,100,158.3,150,,,,,,,,,,,,,,,,,158.8,36,,,,,,,,,,,,,,,,,,
2026-07-05T17:00:38.003744+00:00,2026-07-05T17:00:38.003842,2,1,158.6,0.4,158.4,100,158.3,150,,,,,,,,,,,,,,,,,158.8,186,,,,,,,,,,,,,,,,,,
2026-07-05T17:00:38.417712+00:00,2026-07-05T17:00:38.417900,1,1,158.55,0.5,158.3,150,,,,,,,,,,,,,,,,,,,158.8,150,,,,,,,,,,,,,,,,,,
2026-07-05T17:00:38.479568+00:00,2026-07-05T17:00:38.479489,2,1,158.7,0.2,158.6,100,158.3,150,,,,,,,,,,,,,,,,,158.8,150,,,,,,,,,,,,,,,,,,
2026-07-05T17:00:38.531585+00:00,2026-07-05T17:00:38.531813,2,2,158.7,0.2,158.6,100,158.3,150,,,,,,,,,,,,,,,,,158.8,150,159.1,100,,,,,,,,,,,,,,,,
2026-07-05T17:00:39.909173+00:00,2026-07-05T17:00:39.903316,2,2,158.7,0.2,158.6,100,158.3,150,,,,,,,,,,,,,,,,,158.8,138,159.1,100,,,,,,,,,,,,,,,,
2026-07-05T17:00:41.057683+00:00,2026-07-05T17:00:41.057842,1,1,158.85,0.5,158.6,100,,,,,,,,,,,,,,,,,,,159.1,100,,,,,,,,,,,,,,,,,,
2026-07-05T17:00:41.111294+00:00,2026-07-05T17:00:41.111443,2,1,158.85,0.5,158.6,100,158.5,150,,,,,,,,,,,,,,,,,159.1,100,,,,,,,,,,,,,,,,,,
2026-07-05T17:00:41.164058+00:00,2026-07-05T17:00:41.163959,2,2,158.8,0.4,158.6,100,158.5,150,,,,,,,,,,,,,,,,,159.0,150,159.1,100,,,,,,,,,,,,,,,,
2026-07-05T17:00:41.588291+00:00,2026-07-05T17:00:41.588244,1,1,158.75,0.5,158.5,150,,,,,,,,,,,,,,,,,,,159.0,150,,,,,,,,,,,,,,,,,,
2026-07-05T17:00:41.643308+00:00,2026-07-05T17:00:41.643260,2,1,158.85,0.3,158.7,100,158.5,150,,,,,,,,,,,,,,,,,159.0,150,,,,,,,,,,,,,,,,,,
2026-07-05T17:00:41.696339+00:00,2026-07-05T17:00:41.696237,2,2,158.85,0.3,158.7,100,158.5,150,,,,,,,,,,,,,,,,,159.0,150,159.2,100,,,,,,,,,,,,,,,,
2026-07-05T17:00:42.918964+00:00,2026-07-05T17:00:42.918831,2,2,158.85,0.3,158.7,50,158.5,150,,,,,,,,,,,,,,,,,159.0,150,159.2,100,,,,,,,,,,,,,,,,
2026-07-05T17:00:44.221701+00:00,2026-07-05T17:00:44.221577,1,1,158.95,0.5,158.7,50,,,,,,,,,,,,,,,,,,,159.2,100,,,,,,,,,,,,,,,,,,
2026-07-05T17:00:44.272335+00:00,2026-07-05T17:00:44.272289,2,1,158.95,0.5,158.7,50,158.6,150,,,,,,,,,,,,,,,,,159.2,100,,,,,,,,,,,,,,,,,,
2026-07-05T17:00:44.328750+00:00,2026-07-05T17:00:44.328673,2,2,158.9,0.4,158.7,50,158.6,150,,,,,,,,,,,,,,,,,159.1,150,159.2,100,,,,,,,,,,,,,,,,
2026-07-05T17:00:44.751152+00:00,2026-07-05T17:00:44.751100,1,1,158.85,0.5,158.6,150,,,,,,,,,,,,,,,,,,,159.1,150,,,,,,,,,,,,,,,,,,
2026-07-05T17:00:44.805410+00:00,2026-07-05T17:00:44.805349,2,1,158.9,0.4,158.7,100,158.6,150,,,,,,,,,,,,,,,,,159.1,150,,,,,,,,,,,,,,,,,,
2026-07-05T17:00:44.855896+00:00,2026-07-05T17:00:44.856244,2,2,158.9,0.4,158.7,100,158.6,150,,,,,,,,,,,,,,,,,159.1,150,159.2,100,,,,,,,,,,,,,,,,
2026-07-05T17:00:44.976976+00:00,2026-07-05T17:00:44.976938,2,2,158.9,0.4,158.7,100,158.6,150,,,,,,,,,,,,,,,,,159.1,100,159.2,100,,,,,,,,,,,,,,,,
2026-07-05T17:00:46.374256+00:00,2026-07-05T17:00:46.374344,2,2,158.9,0.4,158.7,100,158.6,150,,,,,,,,,,,,,,,,,159.1,59,159.2,100,,,,,,,,,,,,,,,,
2026-07-05T17:00:47.136150+00:00,2026-07-05T17:00:47.136035,2,2,158.9,0.4,158.7,50,158.6,150,,,,,,,,,,,,,,,,,159.1,59,159.2,100,,,,,,,,,,,,,,,,
2026-07-05T17:00:47.381366+00:00,2026-07-05T17:00:47.381651,1,1,158.95,0.5,158.7,50,,,,,,,,,,,,,,,,,,,159.2,100,,,,,,,,,,,,,,,,,,
2026-07-05T17:00:47.435833+00:00,2026-07-05T17:00:47.435732,2,1,159.1,0.2,159.0,150,158.7,50,,,,,,,,,,,,,,,,,159.2,100,,,,,,,,,,,,,,,,,,
2026-07-05T17:00:47.489207+00:00,2026-07-05T17:00:47.489162,2,2,159.1,0.2,159.0,150,158.7,50,,,,,,,,,,,,,,,,,159.2,100,159.5,150,,,,,,,,,,,,,,,,
2026-07-05T17:00:47.590766+00:00,2026-07-05T17:00:47.590557,2,2,159.1,0.2,159.0,105,158.7,50,,,,,,,,,,,,,,,,,159.2,100,159.5,150,,,,,,,,,,,,,,,,
2026-07-05T17:00:47.917284+00:00,2026-07-05T17:00:47.917208,1,1,159.25,0.5,159.0,105,,,,,,,,,,,,,,,,,,,159.5,150,,,,,,,,,,,,,,,,,,
2026-07-05T17:00:47.971884+00:00,2026-07-05T17:00:47.971833,2,1,159.25,0.5,159.0,105,158.6,100,,,,,,,,,,,,,,,,,159.5,150,,,,,,,,,,,,,,,,,,
2026-07-05T17:00:48.020276+00:00,2026-07-05T17:00:48.020380,2,2,159.05,0.1,159.0,105,158.6,100,,,,,,,,,,,,,,,,,159.1,100,159.5,150,,,,,,,,,,,,,,,,
2026-07-05T17:00:48.609031+00:00,2026-07-05T17:00:48.609263,2,2,159.05,0.1,159.0,105,158.6,100,,,,,,,,,,,,,,,,,159.1,57,159.5,150,,,,,,,,,,,,,,,,
2026-07-05T17:00:49.243724+00:00,2026-07-05T17:00:49.243652,2,2,159.05,0.1,159.0,55,158.6,100,,,,,,,,,,,,,,,,,159.1,57,159.5,150,,,,,,,,,,,,,,,,
2026-07-05T17:00:50.544106+00:00,2026-07-05T17:00:50.543985,1,1,158.85,0.5,158.6,100,,,,,,,,,,,,,,,,,,,159.1,57,,,,,,,,,,,,,,,,,,
2026-07-05T17:00:50.596152+00:00,2026-07-05T17:00:50.596082,2,1,158.85,0.5,158.6,100,158.4,150,,,,,,,,,,,,,,,,,159.1,57,,,,,,,,,,,,,,,,,,
2026-07-05T17:00:50.650863+00:00,2026-07-05T17:00:50.650756,2,2,158.75,0.3,158.6,100,158.4,150,,,,,,,,,,,,,,,,,158.9,150,159.1,57,,,,,,,,,,,,,,,,
2026-07-05T17:00:51.078592+00:00,2026-07-05T17:00:51.078469,1,1,158.65,0.5,158.4,150,,,,,,,,,,,,,,,,,,,158.9,150,,,,,,,,,,,,,,,,,,
2026-07-05T17:00:51.132697+00:00,2026-07-05T17:00:51.132567,2,1,158.7,0.4,158.5,100,158.4,150,,,,,,,,,,,,,,,,,158.9,150,,,,,,,,,,,,,,,,,,
2026-07-05T17:00:51.200580+00:00,2026-07-05T17:00:51.200506,2,2,158.7,0.4,158.5,100,158.4,150,,,,,,,,,,,,,,,,,158.9,150,159.0,100,,,,,,,,,,,,,,,,
2026-07-05T17:00:51.350037+00:00,2026-07-05T17:00:51.349927,2,2,158.7,0.4,158.5,50,158.4,150,,,,,,,,,,,,,,,,,158.9,150,159.0,100,,,,,,,,,,,,,,,,
2026-07-05T17:00:52.613541+00:00,2026-07-05T17:00:52.613425,2,2,158.7,0.4,158.5,1,158.4,150,,,,,,,,,,,,,,,,,158.9,150,159.0,100,,,,,,,,,,,,,,,,
2026-07-05T17:00:53.458574+00:00,2026-07-05T17:00:53.456053,1,2,158.65,0.5,158.4,101,,,,,,,,,,,,,,,,,,,158.9,150,159.0,100,,,,,,,,,,,,,,,,
2026-07-05T17:00:53.514543+00:00,2026-07-05T17:00:53.514518,1,2,158.65,0.5,158.4,101,,,,,,,,,,,,,,,,,,,158.9,108,159.0,100,,,,,,,,,,,,,,,,
2026-07-05T17:00:53.704281+00:00,2026-07-05T17:00:53.704202,0,1,,,,,,,,,,,,,,,,,,,,,,,159.0,100,,,,,,,,,,,,,,,,,,
2026-07-05T17:00:53.754684+00:00,2026-07-05T17:00:53.754855,1,1,158.8,0.4,158.6,150,,,,,,,,,,,,,,,,,,,159.0,100,,,,,,,,,,,,,,,,,,
2026-07-05T17:00:53.812383+00:00,2026-07-05T17:00:53.812477,1,2,158.8,0.4,158.6,150,,,,,,,,,,,,,,,,,,,159.0,100,159.1,150,,,,,,,,,,,,,,,,
2026-07-05T17:00:54.257101+00:00,2026-07-05T17:00:54.257269,1,1,158.85,0.5,158.6,150,,,,,,,,,,,,,,,,,,,159.1,150,,,,,,,,,,,,,,,,,,
2026-07-05T17:00:54.313886+00:00,2026-07-05T17:00:54.313801,2,1,158.85,0.5,158.6,150,158.4,100,,,,,,,,,,,,,,,,,159.1,150,,,,,,,,,,,,,,,,,,
2026-07-05T17:00:54.366810+00:00,2026-07-05T17:00:54.366774,2,2,158.75,0.3,158.6,150,158.4,100,,,,,,,,,,,,,,,,,158.9,100,159.1,150,,,,,,,,,,,,,,,,
2026-07-05T17:00:54.378428+00:00,2026-07-05T17:00:54.371175,2,2,158.75,0.3,158.6,150,158.4,100,,,,,,,,,,,,,,,,,158.9,89,159.1,150,,,,,,,,,,,,,,,,
2026-07-05T17:00:55.568110+00:00,2026-07-05T17:00:55.567972,2,2,158.75,0.3,158.6,100,158.4,100,,,,,,,,,,,,,,,,,158.9,89,159.1,150,,,,,,,,,,,,,,,,
2026-07-05T17:00:55.652253+00:00,2026-07-05T17:00:55.645526,2,2,158.75,0.3,158.6,100,158.4,100,,,,,,,,,,,,,,,,,158.9,77,159.1,150,,,,,,,,,,,,,,,,
2026-07-05T17:00:56.095120+00:00,2026-07-05T17:00:56.095061,2,2,158.75,0.3,158.6,55,158.4,100,,,,,,,,,,,,,,,,,158.9,77,159.1,150,,,,,,,,,,,,,,,,
2026-07-05T17:00:56.867614+00:00,2026-07-05T17:00:56.867493,1,1,158.65,0.5,158.4,100,,,,,,,,,,,,,,,,,,,158.9,77,,,,,,,,,,,,,,,,,,
2026-07-05T17:00:56.922774+00:00,2026-07-05T17:00:56.922703,2,1,158.65,0.5,158.4,100,158.2,150,,,,,,,,,,,,,,,,,158.9,77,,,,,,,,,,,,,,,,,,
2026-07-05T17:00:56.988820+00:00,2026-07-05T17:00:56.980717,2,2,158.55,0.3,158.4,100,158.2,150,,,,,,,,,,,,,,,,,158.7,139,158.9,77,,,,,,,,,,,,,,,,
2026-07-05T17:00:57.421530+00:00,2026-07-05T17:00:57.421481,1,1,158.45,0.5,158.2,150,,,,,,,,,,,,,,,,,,,158.7,139,,,,,,,,,,,,,,,,,,
2026-07-05T17:00:57.479660+00:00,2026-07-05T17:00:57.479597,2,1,158.6,0.2,158.5,100,158.2,150,,,,,,,,,,,,,,,,,158.7,139,,,,,,,,,,,,,,,,,,
2026-07-05T17:00:57.528335+00:00,2026-07-05T17:00:57.528223,2,2,158.6,0.2,158.5,100,158.2,150,,,,,,,,,,,,,,,,,158.7,139,159.0,100,,,,,,,,,,,,,,,,
2026-07-05T17:00:57.673682+00:00,2026-07-05T17:00:57.673604,2,2,158.6,0.2,158.5,50,158.2,150,,,,,,,,,,,,,,,,,158.7,139,159.0,100,,,,,,,,,,,,,,,,
2026-07-05T17:00:57.752576+00:00,2026-07-05T17:00:57.752455,2,2,158.6,0.2,158.5,50,158.2,150,,,,,,,,,,,,,,,,,158.7,94,159.0,100,,,,,,,,,,,,,,,,
2026-07-05T17:00:59.784062+00:00,2026-07-05T17:00:59.783950,1,2,158.45,0.5,158.2,150,,,,,,,,,,,,,,,,,,,158.7,94,159.0,100,,,,,,,,,,,,,,,,
2026-07-05T17:01:00.029971+00:00,2026-07-05T17:01:00.029932,0,1,,,,,,,,,,,,,,,,,,,,,,,159.0,100,,,,,,,,,,,,,,,,,,
2026-07-05T17:01:00.085136+00:00,2026-07-05T17:01:00.085056,1,1,158.65,0.7,158.3,150,,,,,,,,,,,,,,,,,,,159.0,100,,,,,,,,,,,,,,,,,,
2026-07-05T17:01:00.138139+00:00,2026-07-05T17:01:00.138259,1,2,158.55,0.5,158.3,150,,,,,,,,,,,,,,,,,,,158.8,150,159.0,100,,,,,,,,,,,,,,,,
2026-07-05T17:01:00.585512+00:00,2026-07-05T17:01:00.585438,1,1,158.55,0.5,158.3,150,,,,,,,,,,,,,,,,,,,158.8,150,,,,,,,,,,,,,,,,,,
2026-07-05T17:01:00.642347+00:00,2026-07-05T17:01:00.642451,2,1,158.55,0.5,158.3,150,158.0,100,,,,,,,,,,,,,,,,,158.8,150,,,,,,,,,,,,,,,,,,
2026-07-05T17:01:00.695622+00:00,2026-07-05T17:01:00.695535,2,2,158.4,0.2,158.3,150,158.0,100,,,,,,,,,,,,,,,,,158.5,100,158.8,150,,,,,,,,,,,,,,,,
2026-07-05T17:01:01.839458+00:00,2026-07-05T17:01:01.839419,2,2,158.4,0.2,158.3,150,158.0,100,,,,,,,,,,,,,,,,,158.5,50,158.8,150,,,,,,,,,,,,,,,,
2026-07-05T17:01:03.188949+00:00,2026-07-05T17:01:03.188906,1,1,158.25,0.5,158.0,100,,,,,,,,,,,,,,,,,,,158.5,50,,,,,,,,,,,,,,,,,,
2026-07-05T17:01:03.246448+00:00,2026-07-05T17:01:03.246329,2,1,158.35,0.3,158.2,150,158.0,100,,,,,,,,,,,,,,,,,158.5,50,,,,,,,,,,,,,,,,,,
2026-07-05T17:01:03.314818+00:00,2026-07-05T17:01:03.314936,2,2,158.35,0.3,158.2,150,158.0,100,,,,,,,,,,,,,,,,,158.5,5,158.7,150,,,,,,,,,,,,,,,,
2026-07-05T17:01:03.529353+00:00,2026-07-05T17:01:03.523551,2,1,158.45,0.5,158.2,150,158.0,100,,,,,,,,,,,,,,,,,158.7,150,,,,,,,,,,,,,,,,,,
2026-07-05T17:01:03.750753+00:00,2026-07-05T17:01:03.750856,1,1,158.45,0.5,158.2,150,,,,,,,,,,,,,,,,,,,158.7,150,,,,,,,,,,,,,,,,,,
2026-07-05T17:01:03.802680+00:00,2026-07-05T17:01:03.802583,2,1,158.55,0.3,158.4,100,158.2,150,,,,,,,,,,,,,,,,,158.7,150,,,,,,,,,,,,,,,,,,
2026-07-05T17:01:03.830345+00:00,2026-07-05T17:01:03.830200,2,1,158.55,0.3,158.4,100,158.2,150,,,,,,,,,,,,,,,,,158.7,106,,,,,,,,,,,,,,,,,,
2026-07-05T17:01:03.858582+00:00,2026-07-05T17:01:03.855128,2,2,158.55,0.3,158.4,100,158.2,150,,,,,,,,,,,,,,,,,158.7,106,158.9,100,,,,,,,,,,,,,,,,
2026-07-05T17:01:03.945096+00:00,2026-07-05T17:01:03.945024,2,2,158.55,0.3,158.4,100,158.2,150,,,,,,,,,,,,,,,,,158.7,56,158.9,100,,,,,,,,,,,,,,,,
2026-07-05T17:01:06.058560+00:00,2026-07-05T17:01:06.050372,2,2,158.55,0.3,158.4,100,158.2,150,,,,,,,,,,,,,,,,,158.7,6,158.9,100,,,,,,,,,,,,,,,,
2026-07-05T17:01:06.375173+00:00,2026-07-05T17:01:06.375074,1,1,158.65,0.5,158.4,100,,,,,,,,,,,,,,,,,,,158.9,100,,,,,,,,,,,,,,,,,,
2026-07-05T17:01:06.444637+00:00,2026-07-05T17:01:06.436232,2,1,158.85,0.1,158.8,134,158.4,100,,,,,,,,,,,,,,,,,158.9,100,,,,,,,,,,,,,,,,,,
2026-07-05T17:01:06.483933+00:00,2026-07-05T17:01:06.483900,2,2,158.85,0.1,158.8,134,158.4,100,,,,,,,,,,,,,,,,,158.9,100,159.3,150,,,,,,,,,,,,,,,,
2026-07-05T17:01:06.668433+00:00,2026-07-05T17:01:06.662507,2,2,158.85,0.1,158.8,122,158.4,100,,,,,,,,,,,,,,,,,158.9,100,159.3,150,,,,,,,,,,,,,,,,
2026-07-05T17:01:06.910306+00:00,2026-07-05T17:01:06.910244,1,1,159.05,0.5,158.8,122,,,,,,,,,,,,,,,,,,,159.3,150,,,,,,,,,,,,,,,,,,
2026-07-05T17:01:06.965221+00:00,2026-07-05T17:01:06.965097,2,1,159.05,0.5,158.8,122,158.2,100,,,,,,,,,,,,,,,,,159.3,150,,,,,,,,,,,,,,,,,,
2026-07-05T17:01:07.020354+00:00,2026-07-05T17:01:07.020286,2,1,159.05,0.5,158.8,22,158.2,100,,,,,,,,,,,,,,,,,159.3,150,,,,,,,,,,,,,,,,,,
2026-07-05T17:01:07.467933+00:00,2026-07-05T17:01:07.462425,2,1,159.05,0.5,158.8,11,158.2,100,,,,,,,,,,,,,,,,,159.3,150,,,,,,,,,,,,,,,,,,
2026-07-05T17:01:08.158751+00:00,2026-07-05T17:01:08.152584,2,1,159.05,0.5,158.8,11,158.2,100,,,,,,,,,,,,,,,,,159.3,100,,,,,,,,,,,,,,,,,,
2026-07-05T17:01:09.539176+00:00,2026-07-05T17:01:09.539101,1,0,,,158.2,100,,,,,,,,,,,,,,,,,,,,,,,,,,,,,,,,,,,,,,
2026-07-05T17:01:09.591248+00:00,2026-07-05T17:01:09.591130,2,0,,,158.4,150,158.2,100,,,,,,,,,,,,,,,,,,,,,,,,,,,,,,,,,,,,
2026-07-05T17:01:09.645911+00:00,2026-07-05T17:01:09.645837,2,1,158.65,0.5,158.4,150,158.2,100,,,,,,,,,,,,,,,,,158.9,150,,,,,,,,,,,,,,,,,,
2026-07-05T17:01:10.075542+00:00,2026-07-05T17:01:10.075464,1,1,158.65,0.5,158.4,150,,,,,,,,,,,,,,,,,,,158.9,150,,,,,,,,,,,,,,,,,,
2026-07-05T17:01:10.128875+00:00,2026-07-05T17:01:10.128788,2,1,158.7,0.4,158.5,100,158.4,150,,,,,,,,,,,,,,,,,158.9,150,,,,,,,,,,,,,,,,,,
2026-07-05T17:01:10.179179+00:00,2026-07-05T17:01:10.179119,2,2,158.7,0.4,158.5,100,158.4,150,,,,,,,,,,,,,,,,,158.9,150,159.0,100,,,,,,,,,,,,,,,,
2026-07-05T17:01:10.258651+00:00,2026-07-05T17:01:10.258132,2,2,158.7,0.4,158.5,100,158.4,150,,,,,,,,,,,,,,,,,158.9,100,159.0,100,,,,,,,,,,,,,,,,
2026-07-05T17:01:12.409853+00:00,2026-07-05T17:01:12.409614,2,2,158.7,0.4,158.5,100,158.4,150,,,,,,,,,,,,,,,,,158.9,50,159.0,100,,,,,,,,,,,,,,,,
2026-07-05T17:01:12.701242+00:00,2026-07-05T17:01:12.701134,1,1,158.75,0.5,158.5,100,,,,,,,,,,,,,,,,,,,159.0,100,,,,,,,,,,,,,,,,,,
2026-07-05T17:01:12.758579+00:00,2026-07-05T17:01:12.757434,1,1,158.75,0.5,158.5,250,,,,,,,,,,,,,,,,,,,159.0,100,,,,,,,,,,,,,,,,,,
2026-07-05T17:01:12.810961+00:00,2026-07-05T17:01:12.810854,1,1,158.75,0.5,158.5,250,,,,,,,,,,,,,,,,,,,159.0,250,,,,,,,,,,,,,,,,,,
2026-07-05T17:01:13.236115+00:00,2026-07-05T17:01:13.236258,1,1,158.75,0.5,158.5,150,,,,,,,,,,,,,,,,,,,159.0,150,,,,,,,,,,,,,,,,,,
2026-07-05T17:01:13.291358+00:00,2026-07-05T17:01:13.291320,2,1,158.75,0.5,158.5,150,158.4,100,,,,,,,,,,,,,,,,,159.0,150,,,,,,,,,,,,,,,,,,
2026-07-05T17:01:13.344977+00:00,2026-07-05T17:01:13.344858,2,2,158.7,0.4,158.5,150,158.4,100,,,,,,,,,,,,,,,,,158.9,100,159.0,150,,,,,,,,,,,,,,,,
2026-07-05T17:01:14.512671+00:00,2026-07-05T17:01:14.512552,2,2,158.7,0.4,158.5,150,158.4,100,,,,,,,,,,,,,,,,,158.9,50,159.0,150,,,,,,,,,,,,,,,,
2026-07-05T17:01:15.863836+00:00,2026-07-05T17:01:15.863736,1,1,158.65,0.5,158.4,100,,,,,,,,,,,,,,,,,,,158.9,50,,,,,,,,,,,,,,,,,,
2026-07-05T17:01:15.919491+00:00,2026-07-05T17:01:15.919419,2,1,158.8,0.2,158.7,150,158.4,100,,,,,,,,,,,,,,,,,158.9,50,,,,,,,,,,,,,,,,,,
2026-07-05T17:01:15.972676+00:00,2026-07-05T17:01:15.972630,2,2,158.8,0.2,158.7,150,158.4,100,,,,,,,,,,,,,,,,,158.9,50,159.2,150,,,,,,,,,,,,,,,,
2026-07-05T17:01:16.117953+00:00,2026-07-05T17:01:16.117905,2,2,158.8,0.2,158.7,102,158.4,100,,,,,,,,,,,,,,,,,158.9,50,159.2,150,,,,,,,,,,,,,,,,
2026-07-05T17:01:16.398817+00:00,2026-07-05T17:01:16.398730,1,1,158.95,0.5,158.7,102,,,,,,,,,,,,,,,,,,,159.2,150,,,,,,,,,,,,,,,,,,
2026-07-05T17:01:16.447778+00:00,2026-07-05T17:01:16.447903,2,1,158.95,0.5,158.7,102,158.5,100,,,,,,,,,,,,,,,,,159.2,150,,,,,,,,,,,,,,,,,,
2026-07-05T17:01:16.506443+00:00,2026-07-05T17:01:16.506360,2,2,158.85,0.3,158.7,102,158.5,100,,,,,,,,,,,,,,,,,159.0,100,159.2,150,,,,,,,,,,,,,,,,
2026-07-05T17:01:16.625250+00:00,2026-07-05T17:01:16.625218,2,2,158.85,0.3,158.7,102,158.5,100,,,,,,,,,,,,,,,,,159.0,50,159.2,150,,,,,,,,,,,,,,,,
2026-07-05T17:01:16.647244+00:00,2026-07-05T17:01:16.640058,2,2,158.85,0.3,158.7,79,158.5,100,,,,,,,,,,,,,,,,,159.0,50,159.2,150,,,,,,,,,,,,,,,,
2026-07-05T17:01:17.255218+00:00,2026-07-05T17:01:17.255436,2,2,158.85,0.3,158.7,36,158.5,100,,,,,,,,,,,,,,,,,159.0,50,159.2,150,,,,,,,,,,,,,,,,
2026-07-05T17:01:17.796564+00:00,2026-07-05T17:01:17.796442,1,2,158.75,0.5,158.5,87,,,,,,,,,,,,,,,,,,,159.0,50,159.2,150,,,,,,,,,,,,,,,,
2026-07-05T17:01:18.735560+00:00,2026-07-05T17:01:18.735504,1,1,158.85,0.7,158.5,87,,,,,,,,,,,,,,,,,,,159.2,150,,,,,,,,,,,,,,,,,,
2026-07-05T17:01:19.028703+00:00,2026-07-05T17:01:19.028604,1,0,,,158.5,87,,,,,,,,,,,,,,,,,,,,,,,,,,,,,,,,,,,,,,
2026-07-05T17:01:19.079498+00:00,2026-07-05T17:01:19.079420,2,0,,,158.5,87,158.0,150,,,,,,,,,,,,,,,,,,,,,,,,,,,,,,,,,,,,
2026-07-05T17:01:19.146743+00:00,2026-07-05T17:01:19.139904,1,1,158.25,0.5,158.0,150,,,,,,,,,,,,,,,,,,,158.5,40,,,,,,,,,,,,,,,,,,
2026-07-05T17:01:19.610854+00:00,2026-07-05T17:01:19.610736,2,1,158.45,0.1,158.4,100,158.0,150,,,,,,,,,,,,,,,,,158.5,40,,,,,,,,,,,,,,,,,,
2026-07-05T17:01:19.669261+00:00,2026-07-05T17:01:19.669445,2,2,158.45,0.1,158.4,100,158.0,150,,,,,,,,,,,,,,,,,158.5,40,158.9,100,,,,,,,,,,,,,,,,
2026-07-05T17:01:20.308786+00:00,2026-07-05T17:01:20.308763,2,1,158.65,0.5,158.4,100,158.0,150,,,,,,,,,,,,,,,,,158.9,96,,,,,,,,,,,,,,,,,,
2026-07-05T17:01:20.843288+00:00,2026-07-05T17:01:20.843222,2,1,158.65,0.5,158.4,100,158.0,150,,,,,,,,,,,,,,,,,158.9,46,,,,,,,,,,,,,,,,,,
2026-07-05T17:01:22.192449+00:00,2026-07-05T17:01:22.192267,1,1,158.65,0.5,158.4,100,,,,,,,,,,,,,,,,,,,158.9,46,,,,,,,,,,,,,,,,,,
2026-07-05T17:01:22.247533+00:00,2026-07-05T17:01:22.247398,2,1,158.8,0.2,158.7,150,158.4,100,,,,,,,,,,,,,,,,,158.9,46,,,,,,,,,,,,,,,,,,
2026-07-05T17:01:22.297259+00:00,2026-07-05T17:01:22.297138,2,2,158.8,0.2,158.7,150,158.4,100,,,,,,,,,,,,,,,,,158.9,46,159.2,150,,,,,,,,,,,,,,,,
2026-07-05T17:01:22.488481+00:00,2026-07-05T17:01:22.488408,2,1,158.95,0.5,158.7,150,158.4,100,,,,,,,,,,,,,,,,,159.2,150,,,,,,,,,,,,,,,,,,
2026-07-05T17:01:22.722672+00:00,2026-07-05T17:01:22.722632,1,1,158.95,0.5,158.7,150,,,,,,,,,,,,,,,,,,,159.2,150,,,,,,,,,,,,,,,,,,
2026-07-05T17:01:22.791426+00:00,2026-07-05T17:01:22.784262,2,1,159.05,0.3,158.9,88,158.7,150,,,,,,,,,,,,,,,,,159.2,150,,,,,,,,,,,,,,,,,,
2026-07-05T17:01:22.832768+00:00,2026-07-05T17:01:22.832697,2,2,159.05,0.3,158.9,88,158.7,150,,,,,,,,,,,,,,,,,159.2,150,159.4,100,,,,,,,,,,,,,,,,
2026-07-05T17:01:23.003336+00:00,2026-07-05T17:01:23.003302,2,2,159.05,0.3,158.9,38,158.7,150,,,,,,,,,,,,,,,,,159.2,150,159.4,100,,,,,,,,,,,,,,,,
2026-07-05T17:01:23.198279+00:00,2026-07-05T17:01:23.192120,2,2,159.05,0.3,158.9,24,158.7,150,,,,,,,,,,,,,,,,,159.2,150,159.4,100,,,,,,,,,,,,,,,,
2026-07-05T17:01:25.142472+00:00,2026-07-05T17:01:25.142563,1,2,158.95,0.5,158.7,124,,,,,,,,,,,,,,,,,,,159.2,150,159.4,100,,,,,,,,,,,,,,,,
2026-07-05T17:01:25.358578+00:00,2026-07-05T17:01:25.355466,0,1,,,,,,,,,,,,,,,,,,,,,,,159.4,100,,,,,,,,,,,,,,,,,,
2026-07-05T17:01:25.410247+00:00,2026-07-05T17:01:25.410149,1,1,158.85,1.1,158.3,150,,,,,,,,,,,,,,,,,,,159.4,100,,,,,,,,,,,,,,,,,,
2026-07-05T17:01:25.458662+00:00,2026-07-05T17:01:25.455278,1,2,158.55,0.5,158.3,150,,,,,,,,,,,,,,,,,,,158.8,150,159.4,100,,,,,,,,,,,,,,,,
2026-07-05T17:01:25.535734+00:00,2026-07-05T17:01:25.535669,1,2,158.55,0.5,158.3,103,,,,,,,,,,,,,,,,,,,158.8,150,159.4,100,,,,,,,,,,,,,,,,
2026-07-05T17:01:25.887164+00:00,2026-07-05T17:01:25.887048,1,1,158.55,0.5,158.3,103,,,,,,,,,,,,,,,,,,,158.8,150,,,,,,,,,,,,,,,,,,
2026-07-05T17:01:25.940434+00:00,2026-07-05T17:01:25.940309,1,1,158.55,0.5,158.3,203,,,,,,,,,,,,,,,,,,,158.8,150,,,,,,,,,,,,,,,,,,
2026-07-05T17:01:25.993672+00:00,2026-07-05T17:01:25.993612,1,1,158.55,0.5,158.3,203,,,,,,,,,,,,,,,,,,,158.8,250,,,,,,,,,,,,,,,,,,
2026-07-05T17:01:26.480699+00:00,2026-07-05T17:01:26.480841,1,1,158.55,0.5,158.3,203,,,,,,,,,,,,,,,,,,,158.8,209,,,,,,,,,,,,,,,,,,
2026-07-05T17:01:27.249263+00:00,2026-07-05T17:01:27.249389,1,1,158.55,0.5,158.3,153,,,,,,,,,,,,,,,,,,,158.8,209,,,,,,,,,,,,,,,,,,
2026-07-05T17:01:28.516945+00:00,2026-07-05T17:01:28.516871,1,1,158.55,0.5,158.3,100,,,,,,,,,,,,,,,,,,,158.8,100,,,,,,,,,,,,,,,,,,
2026-07-05T17:01:28.571945+00:00,2026-07-05T17:01:28.571790,1,1,158.55,0.5,158.3,250,,,,,,,,,,,,,,,,,,,158.8,100,,,,,,,,,,,,,,,,,,
2026-07-05T17:01:28.623413+00:00,2026-07-05T17:01:28.623282,1,1,158.55,0.5,158.3,250,,,,,,,,,,,,,,,,,,,158.8,250,,,,,,,,,,,,,,,,,,
2026-07-05T17:01:29.045611+00:00,2026-07-05T17:01:29.045544,1,1,158.55,0.5,158.3,150,,,,,,,,,,,,,,,,,,,158.8,150,,,,,,,,,,,,,,,,,,
2026-07-05T17:01:29.103362+00:00,2026-07-05T17:01:29.103468,2,1,158.65,0.3,158.5,100,158.3,150,,,,,,,,,,,,,,,,,158.8,150,,,,,,,,,,,,,,,,,,
2026-07-05T17:01:29.158722+00:00,2026-07-05T17:01:29.157331,2,2,158.65,0.3,158.5,100,158.3,150,,,,,,,,,,,,,,,,,158.8,150,159.0,100,,,,,,,,,,,,,,,,
2026-07-05T17:01:29.351030+00:00,2026-07-05T17:01:29.342069,2,2,158.65,0.3,158.5,100,158.3,150,,,,,,,,,,,,,,,,,158.8,147,159.0,100,,,,,,,,,,,,,,,,
2026-07-05T17:01:29.555916+00:00,2026-07-05T17:01:29.556111,2,2,158.65,0.3,158.5,55,158.3,150,,,,,,,,,,,,,,,,,158.8,147,159.0,100,,,,,,,,,,,,,,,,
2026-07-05T17:01:30.096057+00:00,2026-07-05T17:01:30.096000,2,2,158.65,0.3,158.5,10,158.3,150,,,,,,,,,,,,,,,,,158.8,147,159.0,100,,,,,,,,,,,,,,,,
2026-07-05T17:01:31.074465+00:00,2026-07-05T17:01:31.068228,2,2,158.65,0.3,158.5,10,158.3,150,,,,,,,,,,,,,,,,,158.8,136,159.0,100,,,,,,,,,,,,,,,,
2026-07-05T17:01:31.466000+00:00,2026-07-05T17:01:31.465949,1,2,158.55,0.5,158.3,110,,,,,,,,,,,,,,,,,,,158.8,136,159.0,100,,,,,,,,,,,,,,,,
2026-07-05T17:01:31.678161+00:00,2026-07-05T17:01:31.678070,0,1,,,,,,,,,,,,,,,,,,,,,,,159.0,100,,,,,,,,,,,,,,,,,,
2026-07-05T17:01:31.731176+00:00,2026-07-05T17:01:31.731073,1,1,158.65,0.7,158.3,150,,,,,,,,,,,,,,,,,,,159.0,100,,,,,,,,,,,,,,,,,,
2026-07-05T17:01:31.781796+00:00,2026-07-05T17:01:31.781700,1,2,158.55,0.5,158.3,150,,,,,,,,,,,,,,,,,,,158.8,150,159.0,100,,,,,,,,,,,,,,,,
2026-07-05T17:01:32.069700+00:00,2026-07-05T17:01:32.062332,1,2,158.55,0.5,158.3,150,,,,,,,,,,,,,,,,,,,158.8,138,159.0,100,,,,,,,,,,,,,,,,
2026-07-05T17:01:32.211597+00:00,2026-07-05T17:01:32.211499,1,1,158.55,0.5,158.3,150,,,,,,,,,,,,,,,,,,,158.8,138,,,,,,,,,,,,,,,,,,
2026-07-05T17:01:32.264426+00:00,2026-07-05T17:01:32.264303,2,1,158.65,0.3,158.5,100,158.3,150,,,,,,,,,,,,,,,,,158.8,138,,,,,,,,,,,,,,,,,,
2026-07-05T17:01:32.317535+00:00,2026-07-05T17:01:32.317439,2,2,158.65,0.3,158.5,100,158.3,150,,,,,,,,,,,,,,,,,158.8,138,159.0,100,,,,,,,,,,,,,,,,
2026-07-05T17:01:33.600735+00:00,2026-07-05T17:01:33.600676,2,2,158.65,0.3,158.5,50,158.3,150,,,,,,,,,,,,,,,,,158.8,138,159.0,100,,,,,,,,,,,,,,,,
2026-07-05T17:01:33.858610+00:00,2026-07-05T17:01:33.854537,2,2,158.65,0.3,158.5,50,158.3,150,,,,,,,,,,,,,,,,,158.8,90,159.0,100,,,,,,,,,,,,,,,,
2026-07-05T17:01:34.388757+00:00,2026-07-05T17:01:34.388896,2,2,158.65,0.3,158.5,6,158.3,150,,,,,,,,,,,,,,,,,158.8,90,159.0,100,,,,,,,,,,,,,,,,
2026-07-05T17:01:34.839426+00:00,2026-07-05T17:01:34.839380,1,1,158.75,0.5,158.5,6,,,,,,,,,,,,,,,,,,,159.0,100,,,,,,,,,,,,,,,,,,
2026-07-05T17:01:34.892813+00:00,2026-07-05T17:01:34.892911,1,1,158.75,0.5,158.5,156,,,,,,,,,,,,,,,,,,,159.0,100,,,,,,,,,,,,,,,,,,
2026-07-05T17:01:34.945925+00:00,2026-07-05T17:01:34.945857,1,1,158.75,0.5,158.5,156,,,,,,,,,,,,,,,,,,,159.0,250,,,,,,,,,,,,,,,,,,
2026-07-05T17:01:35.371951+00:00,2026-07-05T17:01:35.371861,1,1,158.75,0.5,158.5,150,,,,,,,,,,,,,,,,,,,159.0,150,,,,,,,,,,,,,,,,,,
2026-07-05T17:01:35.424252+00:00,2026-07-05T17:01:35.424194,2,1,158.75,0.5,158.5,150,158.1,100,,,,,,,,,,,,,,,,,159.0,150,,,,,,,,,,,,,,,,,,
2026-07-05T17:01:35.488295+00:00,2026-07-05T17:01:35.482283,2,2,158.55,0.1,158.5,150,158.1,100,,,,,,,,,,,,,,,,,158.6,89,159.0,150,,,,,,,,,,,,,,,,
2026-07-05T17:01:35.706793+00:00,2026-07-05T17:01:35.706673,2,2,158.55,0.1,158.5,100,158.1,100,,,,,,,,,,,,,,,,,158.6,89,159.0,150,,,,,,,,,,,,,,,,
2026-07-05T17:01:36.020577+00:00,2026-07-05T17:01:36.013103,2,2,158.55,0.1,158.5,100,158.1,100,,,,,,,,,,,,,,,,,158.6,77,159.0,150,,,,,,,,,,,,,,,,
2026-07-05T17:01:37.241043+00:00,2026-07-05T17:01:37.234498,2,2,158.55,0.1,158.5,100,158.1,100,,,,,,,,,,,,,,,,,158.6,66,159.0,150,,,,,,,,,,,,,,,,
2026-07-05T17:01:37.768997+00:00,2026-07-05T17:01:37.768887,2,2,158.55,0.1,158.5,100,158.1,100,,,,,,,,,,,,,,,,,158.6,16,159.0,150,,,,,,,,,,,,,,,,
2026-07-05T17:01:37.999174+00:00,2026-07-05T17:01:37.999056,1,1,158.35,0.5,158.1,100,,,,,,,,,,,,,,,,,,,158.6,16,,,,,,,,,,,,,,,,,,
2026-07-05T17:01:38.058583+00:00,2026-07-05T17:01:38.054269,2,0,,,158.7,134,158.1,100,,,,,,,,,,,,,,,,,,,,,,,,,,,,,,,,,,,,
2026-07-05T17:01:38.105162+00:00,2026-07-05T17:01:38.105078,2,1,158.95,0.5,158.7,134,158.1,100,,,,,,,,,,,,,,,,,159.2,150,,,,,,,,,,,,,,,,,,
2026-07-05T17:01:38.531971+00:00,2026-07-05T17:01:38.531920,1,1,158.95,0.5,158.7,134,,,,,,,,,,,,,,,,,,,159.2,150,,,,,,,,,,,,,,,,,,
2026-07-05T17:01:38.586416+00:00,2026-07-05T17:01:38.586315,1,1,158.95,0.5,158.7,234,,,,,,,,,,,,,,,,,,,159.2,150,,,,,,,,,,,,,,,,,,
2026-07-05T17:01:38.639629+00:00,2026-07-05T17:01:38.639564,1,1,158.95,0.5,158.7,234,,,,,,,,,,,,,,,,,,,159.2,250,,,,,,,,,,,,,,,,,,
2026-07-05T17:01:39.303641+00:00,2026-07-05T17:01:39.303766,1,1,158.95,0.5,158.7,234,,,,,,,,,,,,,,,,,,,159.2,206,,,,,,,,,,,,,,,,,,
2026-07-05T17:01:39.903402+00:00,2026-07-05T17:01:39.903335,1,1,158.95,0.5,158.7,234,,,,,,,,,,,,,,,,,,,159.2,156,,,,,,,,,,,,,,,,,,
2026-07-05T17:01:40.677978+00:00,2026-07-05T17:01:40.677842,1,1,158.95,0.5,158.7,194,,,,,,,,,,,,,,,,,,,159.2,156,,,,,,,,,,,,,,,,,,
2026-07-05T17:01:41.158557+00:00,2026-07-05T17:01:41.158320,1,1,158.95,0.5,158.7,100,,,,,,,,,,,,,,,,,,,159.2,100,,,,,,,,,,,,,,,,,,
2026-07-05T17:01:41.206155+00:00,2026-07-05T17:01:41.206106,1,1,158.95,0.5,158.7,100,,,,,,,,,,,,,,,,,,,159.2,51,,,,,,,,,,,,,,,,,,
2026-07-05T17:01:41.216525+00:00,2026-07-05T17:01:41.216460,1,1,158.95,0.5,158.7,250,,,,,,,,,,,,,,,,,,,159.2,51,,,,,,,,,,,,,,,,,,
2026-07-05T17:01:41.270098+00:00,2026-07-05T17:01:41.269930,1,1,158.95,0.5,158.7,250,,,,,,,,,,,,,,,,,,,159.2,201,,,,,,,,,,,,,,,,,,
2026-07-05T17:01:41.692128+00:00,2026-07-05T17:01:41.691994,1,1,158.95,0.5,158.7,250,,,,,,,,,,,,,,,,,,,159.2,150,,,,,,,,,,,,,,,,,,
2026-07-05T17:01:41.697259+00:00,2026-07-05T17:01:41.697134,1,1,158.95,0.5,158.7,150,,,,,,,,,,,,,,,,,,,159.2,150,,,,,,,,,,,,,,,,,,
2026-07-05T17:01:41.750163+00:00,2026-07-05T17:01:41.750044,1,1,158.95,0.5,158.7,250,,,,,,,,,,,,,,,,,,,159.2,150,,,,,,,,,,,,,,,,,,
2026-07-05T17:01:41.803734+00:00,2026-07-05T17:01:41.803669,1,1,158.95,0.5,158.7,250,,,,,,,,,,,,,,,,,,,159.2,250,,,,,,,,,,,,,,,,,,
2026-07-05T17:01:42.069055+00:00,2026-07-05T17:01:42.068939,1,1,158.95,0.5,158.7,200,,,,,,,,,,,,,,,,,,,159.2,250,,,,,,,,,,,,,,,,,,
2026-07-05T17:01:44.321975+00:00,2026-07-05T17:01:44.321904,1,1,158.95,0.5,158.7,100,,,,,,,,,,,,,,,,,,,159.2,100,,,,,,,,,,,,,,,,,,
2026-07-05T17:01:44.378669+00:00,2026-07-05T17:01:44.378587,1,1,158.95,0.5,158.7,250,,,,,,,,,,,,,,,,,,,159.2,100,,,,,,,,,,,,,,,,,,
2026-07-05T17:01:44.431898+00:00,2026-07-05T17:01:44.431813,1,1,158.95,0.5,158.7,250,,,,,,,,,,,,,,,,,,,159.2,250,,,,,,,,,,,,,,,,,,
2026-07-05T17:01:44.858556+00:00,2026-07-05T17:01:44.853096,1,1,158.95,0.5,158.7,150,,,,,,,,,,,,,,,,,,,159.2,150,,,,,,,,,,,,,,,,,,
2026-07-05T17:01:44.912689+00:00,2026-07-05T17:01:44.912623,2,1,159.05,0.3,158.9,100,158.7,150,,,,,,,,,,,,,,,,,159.2,150,,,,,,,,,,,,,,,,,,
2026-07-05T17:01:44.974073+00:00,2026-07-05T17:01:44.974003,2,2,159.05,0.3,158.9,100,158.7,150,,,,,,,,,,,,,,,,,159.2,150,159.4,100,,,,,,,,,,,,,,,,
2026-07-05T17:01:46.276455+00:00,2026-07-05T17:01:46.276371,2,2,159.05,0.3,158.9,50,158.7,150,,,,,,,,,,,,,,,,,159.2,150,159.4,100,,,,,,,,,,,,,,,,
2026-07-05T17:01:47.485596+00:00,2026-07-05T17:01:47.485537,2,1,159.15,0.5,158.9,50,158.7,150,,,,,,,,,,,,,,,,,159.4,100,,,,,,,,,,,,,,,,,,
2026-07-05T17:01:47.490827+00:00,2026-07-05T17:01:47.490694,1,1,159.15,0.5,158.9,50,,,,,,,,,,,,,,,,,,,159.4,100,,,,,,,,,,,,,,,,,,
2026-07-05T17:01:47.558569+00:00,2026-07-05T17:01:47.556009,2,1,159.15,0.5,158.9,50,158.7,150,,,,,,,,,,,,,,,,,159.4,100,,,,,,,,,,,,,,,,,,
2026-07-05T17:01:47.613886+00:00,2026-07-05T17:01:47.613769,2,2,159.05,0.3,158.9,50,158.7,150,,,,,,,,,,,,,,,,,159.2,150,159.4,100,,,,,,,,,,,,,,,,
2026-07-05T17:01:48.029741+00:00,2026-07-05T17:01:48.029664,1,1,158.95,0.5,158.7,150,,,,,,,,,,,,,,,,,,,159.2,150,,,,,,,,,,,,,,,,,,
2026-07-05T17:01:48.084188+00:00,2026-07-05T17:01:48.084115,2,1,159.05,0.3,158.9,100,158.7,150,,,,,,,,,,,,,,,,,159.2,150,,,,,,,,,,,,,,,,,,
2026-07-05T17:01:48.136421+00:00,2026-07-05T17:01:48.136322,2,2,159.05,0.3,158.9,100,158.7,150,,,,,,,,,,,,,,,,,159.2,150,159.4,100,,,,,,,,,,,,,,,,
2026-07-05T17:01:48.385485+00:00,2026-07-05T17:01:48.385422,2,2,159.05,0.3,158.9,50,158.7,150,,,,,,,,,,,,,,,,,159.2,150,159.4,100,,,,,,,,,,,,,,,,
2026-07-05T17:01:48.631680+00:00,2026-07-05T17:01:48.631810,2,2,159.05,0.3,158.9,50,158.7,150,,,,,,,,,,,,,,,,,159.2,101,159.4,100,,,,,,,,,,,,,,,,
2026-07-05T17:01:50.442894+00:00,2026-07-05T17:01:50.443047,2,2,159.05,0.3,158.9,50,158.7,150,,,,,,,,,,,,,,,,,159.2,51,159.4,100,,,,,,,,,,,,,,,,
2026-07-05T17:01:50.668418+00:00,2026-07-05T17:01:50.668397,1,1,159.15,0.5,158.9,50,,,,,,,,,,,,,,,,,,,159.4,100,,,,,,,,,,,,,,,,,,
2026-07-05T17:01:50.738332+00:00,2026-07-05T17:01:50.729975,2,1,159.35,0.1,159.3,127,158.9,50,,,,,,,,,,,,,,,,,159.4,100,,,,,,,,,,,,,,,,,,
2026-07-05T17:01:50.765545+00:00,2026-07-05T17:01:50.758311,2,1,159.35,0.1,159.3,104,158.9,50,,,,,,,,,,,,,,,,,159.4,100,,,,,,,,,,,,,,,,,,
2026-07-05T17:01:50.780996+00:00,2026-07-05T17:01:50.780945,2,2,159.35,0.1,159.3,104,158.9,50,,,,,,,,,,,,,,,,,159.4,100,159.8,150,,,,,,,,,,,,,,,,
2026-07-05T17:01:51.187863+00:00,2026-07-05T17:01:51.187724,1,1,159.55,0.5,159.3,104,,,,,,,,,,,,,,,,,,,159.8,150,,,,,,,,,,,,,,,,,,
2026-07-05T17:01:51.245408+00:00,2026-07-05T17:01:51.245296,2,1,159.55,0.5,159.3,104,158.6,100,,,,,,,,,,,,,,,,,159.8,150,,,,,,,,,,,,,,,,,,
2026-07-05T17:01:51.295480+00:00,2026-07-05T17:01:51.295379,2,1,159.55,0.5,159.3,4,158.6,100,,,,,,,,,,,,,,,,,159.8,150,,,,,,,,,,,,,,,,,,
2026-07-05T17:01:52.552252+00:00,2026-07-05T17:01:52.552216,2,1,159.55,0.5,159.3,4,158.6,100,,,,,,,,,,,,,,,,,159.8,100,,,,,,,,,,,,,,,,,,
2026-07-05T17:01:53.831586+00:00,2026-07-05T17:01:53.831466,1,0,,,158.6,100,,,,,,,,,,,,,,,,,,,,,,,,,,,,,,,,,,,,,,
2026-07-05T17:01:53.886393+00:00,2026-07-05T17:01:53.886346,2,0,,,158.9,150,158.6,100,,,,,,,,,,,,,,,,,,,,,,,,,,,,,,,,,,,,
2026-07-05T17:01:53.938092+00:00,2026-07-05T17:01:53.938201,2,1,159.15,0.5,158.9,150,158.6,100,,,,,,,,,,,,,,,,,159.4,150,,,,,,,,,,,,,,,,,,
2026-07-05T17:01:54.353630+00:00,2026-07-05T17:01:54.353559,1,1,159.15,0.5,158.9,150,,,,,,,,,,,,,,,,,,,159.4,150,,,,,,,,,,,,,,,,,,
2026-07-05T17:01:54.408130+00:00,2026-07-05T17:01:54.408070,2,1,159.25,0.3,159.1,100,158.9,150,,,,,,,,,,,,,,,,,159.4,150,,,,,,,,,,,,,,,,,,
2026-07-05T17:01:54.463796+00:00,2026-07-05T17:01:54.463926,2,2,159.25,0.3,159.1,100,158.9,150,,,,,,,,,,,,,,,,,159.4,150,159.6,100,,,,,,,,,,,,,,,,
2026-07-05T17:01:54.516994+00:00,2026-07-05T17:01:54.516882,2,2,159.25,0.3,159.1,55,158.9,150,,,,,,,,,,,,,,,,,159.4,150,159.6,100,,,,,,,,,,,,,,,,
2026-07-05T17:01:56.764948+00:00,2026-07-05T17:01:56.764822,2,2,159.25,0.3,159.1,55,158.9,150,,,,,,,,,,,,,,,,,159.4,100,159.6,100,,,,,,,,,,,,,,,,
2026-07-05T17:01:56.995127+00:00,2026-07-05T17:01:56.995044,1,1,159.35,0.5,159.1,55,,,,,,,,,,,,,,,,,,,159.6,100,,,,,,,,,,,,,,,,,,
2026-07-05T17:01:57.050677+00:00,2026-07-05T17:01:57.050573,2,1,159.4,0.4,159.2,150,159.1,55,,,,,,,,,,,,,,,,,159.6,100,,,,,,,,,,,,,,,,,,
2026-07-05T17:01:57.103775+00:00,2026-07-05T17:01:57.103869,2,2,159.4,0.4,159.2,150,159.1,55,,,,,,,,,,,,,,,,,159.6,100,159.7,150,,,,,,,,,,,,,,,,
2026-07-05T17:01:57.223113+00:00,2026-07-05T17:01:57.223026,2,2,159.4,0.4,159.2,150,159.1,55,,,,,,,,,,,,,,,,,159.6,59,159.7,150,,,,,,,,,,,,,,,,
2026-07-05T17:01:57.512331+00:00,2026-07-05T17:01:57.512240,1,1,159.45,0.5,159.2,150,,,,,,,,,,,,,,,,,,,159.7,150,,,,,,,,,,,,,,,,,,
2026-07-05T17:01:57.566123+00:00,2026-07-05T17:01:57.566039,2,1,159.45,0.5,159.2,150,158.9,100,,,,,,,,,,,,,,,,,159.7,150,,,,,,,,,,,,,,,,,,
2026-07-05T17:01:57.618934+00:00,2026-07-05T17:01:57.618809,2,2,159.3,0.2,159.2,150,158.9,100,,,,,,,,,,,,,,,,,159.4,100,159.7,150,,,,,,,,,,,,,,,,
2026-07-05T17:01:58.871125+00:00,2026-07-05T17:01:58.871056,2,2,159.3,0.2,159.2,150,158.9,100,,,,,,,,,,,,,,,,,159.4,50,159.7,150,,,,,,,,,,,,,,,,
2026-07-05T17:02:00.158623+00:00,2026-07-05T17:02:00.153593,1,1,159.15,0.5,158.9,100,,,,,,,,,,,,,,,,,,,159.4,50,,,,,,,,,,,,,,,,,,
2026-07-05T17:02:00.225023+00:00,2026-07-05T17:02:00.224886,2,1,159.2,0.4,159.0,150,158.9,100,,,,,,,,,,,,,,,,,159.4,50,,,,,,,,,,,,,,,,,,
2026-07-05T17:02:00.282495+00:00,2026-07-05T17:02:00.282448,2,2,159.2,0.4,159.0,150,158.9,100,,,,,,,,,,,,,,,,,159.4,50,159.5,150,,,,,,,,,,,,,,,,
2026-07-05T17:02:00.551351+00:00,2026-07-05T17:02:00.555455,2,2,159.2,0.4,159.0,104,158.9,100,,,,,,,,,,,,,,,,,159.4,50,159.5,150,,,,,,,,,,,,,,,,
2026-07-05T17:02:00.675599+00:00,2026-07-05T17:02:00.675542,1,1,159.25,0.5,159.0,104,,,,,,,,,,,,,,,,,,,159.5,150,,,,,,,,,,,,,,,,,,
2026-07-05T17:02:00.730642+00:00,2026-07-05T17:02:00.730611,2,1,159.35,0.3,159.2,100,159.0,104,,,,,,,,,,,,,,,,,159.5,150,,,,,,,,,,,,,,,,,,
2026-07-05T17:02:00.783464+00:00,2026-07-05T17:02:00.783375,2,2,159.35,0.3,159.2,100,159.0,104,,,,,,,,,,,,,,,,,159.5,150,159.7,100,,,,,,,,,,,,,,,,
2026-07-05T17:02:00.978787+00:00,2026-07-05T17:02:00.978675,2,2,159.35,0.3,159.2,100,159.0,104,,,,,,,,,,,,,,,,,159.5,100,159.7,100,,,,,,,,,,,,,,,,
2026-07-05T17:02:01.150613+00:00,2026-07-05T17:02:01.150467,2,2,159.35,0.3,159.2,100,159.0,104,,,,,,,,,,,,,,,,,159.5,60,159.7,100,,,,,,,,,,,,,,,,
2026-07-05T17:02:02.309635+00:00,2026-07-05T17:02:02.309433,2,2,159.35,0.3,159.2,55,159.0,104,,,,,,,,,,,,,,,,,159.5,60,159.7,100,,,,,,,,,,,,,,,,
2026-07-05T17:02:03.087939+00:00,2026-07-05T17:02:03.087764,2,2,159.35,0.3,159.2,55,159.0,104,,,,,,,,,,,,,,,,,159.5,10,159.7,100,,,,,,,,,,,,,,,,
2026-07-05T17:02:03.335122+00:00,2026-07-05T17:02:03.335059,1,1,159.45,0.5,159.2,55,,,,,,,,,,,,,,,,,,,159.7,100,,,,,,,,,,,,,,,,,,
2026-07-05T17:02:03.389605+00:00,2026-07-05T17:02:03.389485,2,1,159.6,0.2,159.5,150,159.2,55,,,,,,,,,,,,,,,,,159.7,100,,,,,,,,,,,,,,,,,,
2026-07-05T17:02:03.441621+00:00,2026-07-05T17:02:03.441406,2,2,159.6,0.2,159.5,150,159.2,55,,,,,,,,,,,,,,,,,159.7,100,160.0,150,,,,,,,,,,,,,,,,
2026-07-05T17:02:03.838344+00:00,2026-07-05T17:02:03.838192,1,1,159.75,0.5,159.5,150,,,,,,,,,,,,,,,,,,,160.0,150,,,,,,,,,,,,,,,,,,
2026-07-05T17:02:03.891053+00:00,2026-07-05T17:02:03.890948,2,1,159.75,0.5,159.5,150,159.1,100,,,,,,,,,,,,,,,,,160.0,150,,,,,,,,,,,,,,,,,,
2026-07-05T17:02:03.943695+00:00,2026-07-05T17:02:03.943623,2,2,159.55,0.1,159.5,150,159.1,100,,,,,,,,,,,,,,,,,159.6,100,160.0,150,,,,,,,,,,,,,,,,
2026-07-05T17:02:04.909142+00:00,2026-07-05T17:02:04.909008,2,2,159.55,0.1,159.5,102,159.1,100,,,,,,,,,,,,,,,,,159.6,100,160.0,150,,,,,,,,,,,,,,,,
2026-07-05T17:02:05.200187+00:00,2026-07-05T17:02:05.200090,2,2,159.55,0.1,159.5,102,159.1,100,,,,,,,,,,,,,,,,,159.6,50,160.0,150,,,,,,,,,,,,,,,,
2026-07-05T17:02:06.495995+00:00,2026-07-05T17:02:06.495857,1,1,159.35,0.5,159.1,100,,,,,,,,,,,,,,,,,,,159.6,50,,,,,,,,,,,,,,,,,,
2026-07-05T17:02:06.535437+00:00,2026-07-05T17:02:06.535310,1,1,159.35,0.5,159.1,100,,,,,,,,,,,,,,,,,,,159.6,1,,,,,,,,,,,,,,,,,,
2026-07-05T17:02:06.551235+00:00,2026-07-05T17:02:06.551098,2,1,159.5,0.2,159.4,150,159.1,100,,,,,,,,,,,,,,,,,159.6,1,,,,,,,,,,,,,,,,,,
2026-07-05T17:02:06.603744+00:00,2026-07-05T17:02:06.603524,2,2,159.5,0.2,159.4,150,159.1,100,,,,,,,,,,,,,,,,,159.6,1,159.9,150,,,,,,,,,,,,,,,,
2026-07-05T17:02:06.994564+00:00,2026-07-05T17:02:06.994410,2,1,159.65,0.5,159.4,150,159.1,100,,,,,,,,,,,,,,,,,159.9,150,,,,,,,,,,,,,,,,,,
2026-07-05T17:02:06.999494+00:00,2026-07-05T17:02:06.999583,1,1,159.65,0.5,159.4,150,,,,,,,,,,,,,,,,,,,159.9,150,,,,,,,,,,,,,,,,,,
2026-07-05T17:02:07.049989+00:00,2026-07-05T17:02:07.049905,2,1,159.8,0.2,159.7,100,159.4,150,,,,,,,,,,,,,,,,,159.9,150,,,,,,,,,,,,,,,,,,
2026-07-05T17:02:07.104720+00:00,2026-07-05T17:02:07.104576,2,2,159.8,0.2,159.7,100,159.4,150,,,,,,,,,,,,,,,,,159.9,150,160.2,100,,,,,,,,,,,,,,,,
2026-07-05T17:02:07.302779+00:00,2026-07-05T17:02:07.302706,2,2,159.8,0.2,159.7,100,159.4,150,,,,,,,,,,,,,,,,,159.9,100,160.2,100,,,,,,,,,,,,,,,,
2026-07-05T17:02:07.469687+00:00,2026-07-05T17:02:07.469623,2,2,159.8,0.2,159.7,100,159.4,150,,,,,,,,,,,,,,,,,159.9,57,160.2,100,,,,,,,,,,,,,,,,
2026-07-05T17:02:07.542497+00:00,2026-07-05T17:02:07.542359,2,2,159.8,0.2,159.7,56,159.4,150,,,,,,,,,,,,,,,,,159.9,57,160.2,100,,,,,,,,,,,,,,,,
2026-07-05T17:02:07.825478+00:00,2026-07-05T17:02:07.819528,2,2,159.8,0.2,159.7,42,159.4,150,,,,,,,,,,,,,,,,,159.9,57,160.2,100,,,,,,,,,,,,,,,,
2026-07-05T17:02:09.463886+00:00,2026-07-05T17:02:09.463834,1,2,159.65,0.5,159.4,150,,,,,,,,,,,,,,,,,,,159.9,57,160.2,100,,,,,,,,,,,,,,,,
2026-07-05T17:02:09.659700+00:00,2026-07-05T17:02:09.659632,0,1,,,,,,,,,,,,,,,,,,,,,,,160.2,100,,,,,,,,,,,,,,,,,,
2026-07-05T17:02:09.714304+00:00,2026-07-05T17:02:09.714186,1,1,159.95,0.5,159.7,150,,,,,,,,,,,,,,,,,,,160.2,100,,,,,,,,,,,,,,,,,,
2026-07-05T17:02:09.767822+00:00,2026-07-05T17:02:09.767708,1,1,159.95,0.5,159.7,150,,,,,,,,,,,,,,,,,,,160.2,250,,,,,,,,,,,,,,,,,,
2026-07-05T17:02:09.997531+00:00,2026-07-05T17:02:09.997496,1,1,159.95,0.5,159.7,101,,,,,,,,,,,,,,,,,,,160.2,250,,,,,,,,,,,,,,,,,,
2026-07-05T17:02:10.158627+00:00,2026-07-05T17:02:10.153248,1,1,159.95,0.5,159.7,101,,,,,,,,,,,,,,,,,,,160.2,150,,,,,,,,,,,,,,,,,,
2026-07-05T17:02:10.209208+00:00,2026-07-05T17:02:10.209120,2,1,159.95,0.5,159.7,101,159.2,100,,,,,,,,,,,,,,,,,160.2,150,,,,,,,,,,,,,,,,,,
2026-07-05T17:02:10.258579+00:00,2026-07-05T17:02:10.256863,2,1,159.95,0.5,159.7,1,159.2,100,,,,,,,,,,,,,,,,,160.2,150,,,,,,,,,,,,,,,,,,
2026-07-05T17:02:11.564463+00:00,2026-07-05T17:02:11.564052,2,1,159.95,0.5,159.7,1,159.2,100,,,,,,,,,,,,,,,,,160.2,110,,,,,,,,,,,,,,,,,,
2026-07-05T17:02:11.575155+00:00,2026-07-05T17:02:11.575091,1,1,159.7,1.0,159.2,51,,,,,,,,,,,,,,,,,,,160.2,110,,,,,,,,,,,,,,,,,,
2026-07-05T17:02:12.821431+00:00,2026-07-05T17:02:12.821319,1,0,,,159.2,51,,,,,,,,,,,,,,,,,,,,,,,,,,,,,,,,,,,,,,
2026-07-05T17:02:12.874854+00:00,2026-07-05T17:02:12.874822,2,0,,,159.4,150,159.2,51,,,,,,,,,,,,,,,,,,,,,,,,,,,,,,,,,,,,
2026-07-05T17:02:12.947681+00:00,2026-07-05T17:02:12.947607,2,1,159.65,0.5,159.4,150,159.2,51,,,,,,,,,,,,,,,,,159.9,150,,,,,,,,,,,,,,,,,,
2026-07-05T17:02:13.249075+00:00,2026-07-05T17:02:13.249023,2,1,159.65,0.5,159.4,150,159.2,51,,,,,,,,,,,,,,,,,159.9,103,,,,,,,,,,,,,,,,,,
2026-07-05T17:02:13.321571+00:00,2026-07-05T17:02:13.321481,1,1,159.65,0.5,159.4,150,,,,,,,,,,,,,,,,,,,159.9,103,,,,,,,,,,,,,,,,,,
2026-07-05T17:02:13.374010+00:00,2026-07-05T17:02:13.373909,2,1,159.7,0.4,159.5,100,159.4,150,,,,,,,,,,,,,,,,,159.9,103,,,,,,,,,,,,,,,,,,
2026-07-05T17:02:13.429370+00:00,2026-07-05T17:02:13.429248,2,2,159.7,0.4,159.5,100,159.4,150,,,,,,,,,,,,,,,,,159.9,103,160.0,100,,,,,,,,,,,,,,,,
2026-07-05T17:02:13.683160+00:00,2026-07-05T17:02:13.683082,2,2,159.7,0.4,159.5,50,159.4,150,,,,,,,,,,,,,,,,,159.9,103,160.0,100,,,,,,,,,,,,,,,,
2026-07-05T17:02:14.413305+00:00,2026-07-05T17:02:14.413392,2,2,159.7,0.4,159.5,5,159.4,150,,,,,,,,,,,,,,,,,159.9,103,160.0,100,,,,,,,,,,,,,,,,
2026-07-05T17:02:14.892544+00:00,2026-07-05T17:02:14.892446,2,2,159.7,0.4,159.5,5,159.4,150,,,,,,,,,,,,,,,,,159.9,58,160.0,100,,,,,,,,,,,,,,,,
2026-07-05T17:02:14.953312+00:00,2026-07-05T17:02:14.953246,1,2,159.65,0.5,159.4,107,,,,,,,,,,,,,,,,,,,159.9,58,160.0,100,,,,,,,,,,,,,,,,
2026-07-05T17:02:15.706698+00:00,2026-07-05T17:02:15.700066,1,2,159.65,0.5,159.4,107,,,,,,,,,,,,,,,,,,,159.9,55,160.0,100,,,,,,,,,,,,,,,,
2026-07-05T17:02:15.739769+00:00,2026-07-05T17:02:15.739617,1,2,159.65,0.5,159.4,107,,,,,,,,,,,,,,,,,,,159.9,5,160.0,100,,,,,,,,,,,,,,,,
2026-07-05T17:02:16.006013+00:00,2026-07-05T17:02:16.005893,0,1,,,,,,,,,,,,,,,,,,,,,,,160.0,100,,,,,,,,,,,,,,,,,,
2026-07-05T17:02:16.058636+00:00,2026-07-05T17:02:16.054863,1,0,,,160.1,50,,,,,,,,,,,,,,,,,,,,,,,,,,,,,,,,,,,,,,
2026-07-05T17:02:16.129055+00:00,2026-07-05T17:02:16.119628,1,1,160.35,0.5,160.1,47,,,,,,,,,,,,,,,,,,,160.6,150,,,,,,,,,,,,,,,,,,
2026-07-05T17:02:16.534858+00:00,2026-07-05T17:02:16.534798,2,1,160.35,0.5,160.1,47,159.7,100,,,,,,,,,,,,,,,,,160.6,150,,,,,,,,,,,,,,,,,,
2026-07-05T17:02:16.600935+00:00,2026-07-05T17:02:16.600790,2,2,160.15,0.1,160.1,47,159.7,100,,,,,,,,,,,,,,,,,160.2,100,160.6,150,,,,,,,,,,,,,,,,
2026-07-05T17:02:17.846881+00:00,2026-07-05T17:02:17.847011,2,2,160.15,0.1,160.1,47,159.7,100,,,,,,,,,,,,,,,,,160.2,50,160.6,150,,,,,,,,,,,,,,,,
2026-07-05T17:02:18.396626+00:00,2026-07-05T17:02:18.396483,1,2,159.95,0.5,159.7,100,,,,,,,,,,,,,,,,,,,160.2,50,160.6,150,,,,,,,,,,,,,,,,
2026-07-05T17:02:19.039375+00:00,2026-07-05T17:02:19.039232,1,2,159.95,0.5,159.7,100,,,,,,,,,,,,,,,,,,,160.2,4,160.6,150,,,,,,,,,,,,,,,,
2026-07-05T17:02:19.168595+00:00,2026-07-05T17:02:19.168461,1,1,159.95,0.5,159.7,100,,,,,,,,,,,,,,,,,,,160.2,4,,,,,,,,,,,,,,,,,,
2026-07-05T17:02:19.217421+00:00,2026-07-05T17:02:19.217281,2,1,159.95,0.5,159.7,100,159.4,150,,,,,,,,,,,,,,,,,160.2,4,,,,,,,,,,,,,,,,,,
2026-07-05T17:02:19.272710+00:00,2026-07-05T17:02:19.272647,2,2,159.8,0.2,159.7,100,159.4,150,,,,,,,,,,,,,,,,,159.9,150,160.2,4,,,,,,,,,,,,,,,,
2026-07-05T17:02:19.658641+00:00,2026-07-05T17:02:19.655432,1,1,159.65,0.5,159.4,150,,,,,,,,,,,,,,,,,,,159.9,150,,,,,,,,,,,,,,,,,,
2026-07-05T17:02:19.710655+00:00,2026-07-05T17:02:19.710835,2,1,159.85,0.1,159.8,100,159.4,150,,,,,,,,,,,,,,,,,159.9,150,,,,,,,,,,,,,,,,,,
2026-07-05T17:02:19.764750+00:00,2026-07-05T17:02:19.764651,2,2,159.85,0.1,159.8,100,159.4,150,,,,,,,,,,,,,,,,,159.9,150,160.3,100,,,,,,,,,,,,,,,,
2026-07-05T17:02:19.956694+00:00,2026-07-05T17:02:19.956641,2,2,159.85,0.1,159.8,100,159.4,150,,,,,,,,,,,,,,,,,159.9,100,160.3,100,,,,,,,,,,,,,,,,
2026-07-05T17:02:22.068159+00:00,2026-07-05T17:02:22.068111,2,2,159.85,0.1,159.8,100,159.4,150,,,,,,,,,,,,,,,,,159.9,50,160.3,100,,,,,,,,,,,,,,,,
2026-07-05T17:02:22.329013+00:00,2026-07-05T17:02:22.329119,1,1,160.05,0.5,159.8,100,,,,,,,,,,,,,,,,,,,160.3,100,,,,,,,,,,,,,,,,,,
2026-07-05T17:02:22.382518+00:00,2026-07-05T17:02:22.382672,2,1,160.05,0.5,159.8,100,159.5,150,,,,,,,,,,,,,,,,,160.3,100,,,,,,,,,,,,,,,,,,
2026-07-05T17:02:22.436465+00:00,2026-07-05T17:02:22.436562,2,2,159.9,0.2,159.8,100,159.5,150,,,,,,,,,,,,,,,,,160.0,150,160.3,100,,,,,,,,,,,,,,,,
2026-07-05T17:02:22.564036+00:00,2026-07-05T17:02:22.563931,2,2,159.9,0.2,159.8,53,159.5,150,,,,,,,,,,,,,,,,,160.0,150,160.3,100,,,,,,,,,,,,,,,,
2026-07-05T17:02:22.823980+00:00,2026-07-05T17:02:22.823863,1,1,159.75,0.5,159.5,150,,,,,,,,,,,,,,,,,,,160.0,150,,,,,,,,,,,,,,,,,,
2026-07-05T17:02:22.880278+00:00,2026-07-05T17:02:22.880223,1,1,159.75,0.5,159.5,250,,,,,,,,,,,,,,,,,,,160.0,150,,,,,,,,,,,,,,,,,,
2026-07-05T17:02:22.933050+00:00,2026-07-05T17:02:22.932931,1,1,159.75,0.5,159.5,250,,,,,,,,,,,,,,,,,,,160.0,250,,,,,,,,,,,,,,,,,,
2026-07-05T17:02:23.538441+00:00,2026-07-05T17:02:23.538336,1,1,159.75,0.5,159.5,250,,,,,,,,,,,,,,,,,,,160.0,207,,,,,,,,,,,,,,,,,,
2026-07-05T17:02:24.150872+00:00,2026-07-05T17:02:24.150849,1,1,159.75,0.5,159.5,207,,,,,,,,,,,,,,,,,,,160.0,207,,,,,,,,,,,,,,,,,,
2026-07-05T17:02:25.490436+00:00,2026-07-05T17:02:25.490324,1,1,159.75,0.5,159.5,100,,,,,,,,,,,,,,,,,,,160.0,100,,,,,,,,,,,,,,,,,,
2026-07-05T17:02:25.550544+00:00,2026-07-05T17:02:25.550429,2,1,159.85,0.3,159.7,150,159.5,100,,,,,,,,,,,,,,,,,160.0,100,,,,,,,,,,,,,,,,,,
2026-07-05T17:02:25.603785+00:00,2026-07-05T17:02:25.603721,2,2,159.85,0.3,159.7,150,159.5,100,,,,,,,,,,,,,,,,,160.0,100,160.2,150,,,,,,,,,,,,,,,,
2026-07-05T17:02:25.987510+00:00,2026-07-05T17:02:25.987439,1,1,159.95,0.5,159.7,150,,,,,,,,,,,,,,,,,,,160.2,150,,,,,,,,,,,,,,,,,,
2026-07-05T17:02:26.042460+00:00,2026-07-05T17:02:26.042413,2,1,159.95,0.5,159.7,150,159.6,100,,,,,,,,,,,,,,,,,160.2,150,,,,,,,,,,,,,,,,,,
2026-07-05T17:02:26.095399+00:00,2026-07-05T17:02:26.095523,2,2,159.9,0.4,159.7,150,159.6,100,,,,,,,,,,,,,,,,,160.1,100,160.2,150,,,,,,,,,,,,,,,,
2026-07-05T17:02:26.350831+00:00,2026-07-05T17:02:26.350971,2,2,159.9,0.4,159.7,100,159.6,100,,,,,,,,,,,,,,,,,160.1,100,160.2,150,,,,,,,,,,,,,,,,
2026-07-05T17:02:27.250836+00:00,2026-07-05T17:02:27.250705,2,2,159.9,0.4,159.7,100,159.6,100,,,,,,,,,,,,,,,,,160.1,60,160.2,150,,,,,,,,,,,,,,,,
2026-07-05T17:02:28.463911+00:00,2026-07-05T17:02:28.463797,2,2,159.9,0.4,159.7,50,159.6,100,,,,,,,,,,,,,,,,,160.1,60,160.2,150,,,,,,,,,,,,,,,,
2026-07-05T17:02:28.658631+00:00,2026-07-05T17:02:28.657494,1,1,159.85,0.5,159.6,100,,,,,,,,,,,,,,,,,,,160.1,60,,,,,,,,,,,,,,,,,,
2026-07-05T17:02:28.711565+00:00,2026-07-05T17:02:28.711457,2,1,159.85,0.5,159.6,100,159.1,150,,,,,,,,,,,,,,,,,160.1,60,,,,,,,,,,,,,,,,,,
2026-07-05T17:02:28.758655+00:00,2026-07-05T17:02:28.758609,1,2,159.35,0.5,159.1,150,,,,,,,,,,,,,,,,,,,159.6,50,160.1,60,,,,,,,,,,,,,,,,
2026-07-05T17:02:28.904513+00:00,2026-07-05T17:02:28.904459,1,2,159.35,0.5,159.1,150,,,,,,,,,,,,,,,,,,,159.6,4,160.1,60,,,,,,,,,,,,,,,,
2026-07-05T17:02:29.158693+00:00,2026-07-05T17:02:29.150983,1,1,159.35,0.5,159.1,150,,,,,,,,,,,,,,,,,,,159.6,4,,,,,,,,,,,,,,,,,,
2026-07-05T17:02:29.205511+00:00,2026-07-05T17:02:29.205412,2,1,159.4,0.4,159.2,100,159.1,150,,,,,,,,,,,,,,,,,159.6,4,,,,,,,,,,,,,,,,,,
2026-07-05T17:02:29.257552+00:00,2026-07-05T17:02:29.257634,2,2,159.4,0.4,159.2,100,159.1,150,,,,,,,,,,,,,,,,,159.6,4,159.7,100,,,,,,,,,,,,,,,,
2026-07-05T17:02:31.169123+00:00,2026-07-05T17:02:31.168885,2,2,159.4,0.4,159.2,54,159.1,150,,,,,,,,,,,,,,,,,159.6,4,159.7,100,,,,,,,,,,,,,,,,
2026-07-05T17:02:31.312709+00:00,2026-07-05T17:02:31.306604,2,2,159.4,0.4,159.2,54,159.1,150,,,,,,,,,,,,,,,,,159.6,1,159.7,100,,,,,,,,,,,,,,,,
2026-07-05T17:02:31.474537+00:00,2026-07-05T17:02:31.468187,2,1,159.45,0.5,159.2,54,159.1,150,,,,,,,,,,,,,,,,,159.7,100,,,,,,,,,,,,,,,,,,
2026-07-05T17:02:31.821993+00:00,2026-07-05T17:02:31.821874,1,1,159.45,0.5,159.2,54,,,,,,,,,,,,,,,,,,,159.7,100,,,,,,,,,,,,,,,,,,
2026-07-05T17:02:31.875724+00:00,2026-07-05T17:02:31.875628,2,0,,,159.9,50,159.2,54,,,,,,,,,,,,,,,,,,,,,,,,,,,,,,,,,,,,
2026-07-05T17:02:31.936259+00:00,2026-07-05T17:02:31.930010,2,1,160.15,0.5,159.9,49,159.2,54,,,,,,,,,,,,,,,,,160.4,150,,,,,,,,,,,,,,,,,,
2026-07-05T17:02:32.337144+00:00,2026-07-05T17:02:32.337095,1,1,160.15,0.5,159.9,49,,,,,,,,,,,,,,,,,,,160.4,150,,,,,,,,,,,,,,,,,,
2026-07-05T17:02:32.389068+00:00,2026-07-05T17:02:32.389167,2,1,160.15,0.5,159.9,49,159.6,100,,,,,,,,,,,,,,,,,160.4,150,,,,,,,,,,,,,,,,,,
2026-07-05T17:02:32.444569+00:00,2026-07-05T17:02:32.444442,2,2,160.0,0.2,159.9,49,159.6,100,,,,,,,,,,,,,,,,,160.1,100,160.4,150,,,,,,,,,,,,,,,,
2026-07-05T17:02:32.525318+00:00,2026-07-05T17:02:32.519053,2,2,160.0,0.2,159.9,46,159.6,100,,,,,,,,,,,,,,,,,160.1,100,160.4,150,,,,,,,,,,,,,,,,
2026-07-05T17:02:32.617493+00:00,2026-07-05T17:02:32.617375,2,2,160.0,0.2,159.9,46,159.6,100,,,,,,,,,,,,,,,,,160.1,50,160.4,150,,,,,,,,,,,,,,,,
2026-07-05T17:02:33.810683+00:00,2026-07-05T17:02:33.810553,2,2,160.0,0.2,159.9,46,159.6,100,,,,,,,,,,,,,,,,,160.1,1,160.4,150,,,,,,,,,,,,,,,,
2026-07-05T17:02:34.799897+00:00,2026-07-05T17:02:34.800048,1,2,159.85,0.5,159.6,96,,,,,,,,,,,,,,,,,,,160.1,1,160.4,150,,,,,,,,,,,,,,,,
2026-07-05T17:02:34.982007+00:00,2026-07-05T17:02:34.981897,1,1,159.85,0.5,159.6,96,,,,,,,,,,,,,,,,,,,160.1,1,,,,,,,,,,,,,,,,,,
2026-07-05T17:02:35.032002+00:00,2026-07-05T17:02:35.031937,2,1,159.85,0.5,159.6,96,159.1,150,,,,,,,,,,,,,,,,,160.1,1,,,,,,,,,,,,,,,,,,
2026-07-05T17:02:35.086890+00:00,2026-07-05T17:02:35.086855,1,2,159.35,0.5,159.1,150,,,,,,,,,,,,,,,,,,,159.6,54,160.1,1,,,,,,,,,,,,,,,,
2026-07-05T17:02:35.408585+00:00,2026-07-05T17:02:35.403743,1,2,159.35,0.5,159.1,150,,,,,,,,,,,,,,,,,,,159.6,51,160.1,1,,,,,,,,,,,,,,,,
2026-07-05T17:02:35.494739+00:00,2026-07-05T17:02:35.494627,1,1,159.35,0.5,159.1,150,,,,,,,,,,,,,,,,,,,159.6,51,,,,,,,,,,,,,,,,,,
2026-07-05T17:02:35.550491+00:00,2026-07-05T17:02:35.550387,2,1,159.55,0.1,159.5,100,159.1,150,,,,,,,,,,,,,,,,,159.6,51,,,,,,,,,,,,,,,,,,
2026-07-05T17:02:35.603159+00:00,2026-07-05T17:02:35.603245,2,2,159.55,0.1,159.5,100,159.1,150,,,,,,,,,,,,,,,,,159.6,51,160.0,100,,,,,,,,,,,,,,,,
2026-07-05T17:02:36.854122+00:00,2026-07-05T17:02:36.854274,2,2,159.55,0.1,159.5,100,159.1,150,,,,,,,,,,,,,,,,,159.6,1,160.0,100,,,,,,,,,,,,,,,,
2026-07-05T17:02:37.113214+00:00,2026-07-05T17:02:37.113342,2,2,159.55,0.1,159.5,56,159.1,150,,,,,,,,,,,,,,,,,159.6,1,160.0,100,,,,,,,,,,,,,,,,
2026-07-05T17:02:38.145035+00:00,2026-07-05T17:02:38.144967,1,1,159.75,0.5,159.5,56,,,,,,,,,,,,,,,,,,,160.0,100,,,,,,,,,,,,,,,,,,
2026-07-05T17:02:38.200490+00:00,2026-07-05T17:02:38.200553,2,1,159.9,0.2,159.8,150,159.5,56,,,,,,,,,,,,,,,,,160.0,100,,,,,,,,,,,,,,,,,,
2026-07-05T17:02:38.212019+00:00,2026-07-05T17:02:38.205142,2,1,159.9,0.2,159.8,147,159.5,56,,,,,,,,,,,,,,,,,160.0,100,,,,,,,,,,,,,,,,,,
2026-07-05T17:02:38.251007+00:00,2026-07-05T17:02:38.250950,2,2,159.9,0.2,159.8,147,159.5,56,,,,,,,,,,,,,,,,,160.0,100,160.3,150,,,,,,,,,,,,,,,,
2026-07-05T17:02:38.658692+00:00,2026-07-05T17:02:38.650711,1,1,160.05,0.5,159.8,102,,,,,,,,,,,,,,,,,,,160.3,150,,,,,,,,,,,,,,,,,,
2026-07-05T17:02:38.711576+00:00,2026-07-05T17:02:38.711526,2,1,160.05,0.5,159.8,102,159.4,100,,,,,,,,,,,,,,,,,160.3,150,,,,,,,,,,,,,,,,,,
2026-07-05T17:02:38.763884+00:00,2026-07-05T17:02:38.763972,2,2,159.85,0.1,159.8,102,159.4,100,,,,,,,,,,,,,,,,,159.9,100,160.3,150,,,,,,,,,,,,,,,,
2026-07-05T17:02:38.958542+00:00,2026-07-05T17:02:38.955662,2,2,159.85,0.1,159.8,102,159.4,100,,,,,,,,,,,,,,,,,159.9,50,160.3,150,,,,,,,,,,,,,,,,
2026-07-05T17:02:39.797541+00:00,2026-07-05T17:02:39.797469,2,2,159.85,0.1,159.8,61,159.4,100,,,,,,,,,,,,,,,,,159.9,50,160.3,150,,,,,,,,,,,,,,,,
2026-07-05T17:02:41.073358+00:00,2026-07-05T17:02:41.073486,2,1,160.05,0.5,159.8,61,159.4,100,,,,,,,,,,,,,,,,,160.3,150,,,,,,,,,,,,,,,,,,
2026-07-05T17:02:41.309061+00:00,2026-07-05T17:02:41.309036,1,0,,,159.4,100,,,,,,,,,,,,,,,,,,,,,,,,,,,,,,,,,,,,,,
2026-07-05T17:02:41.358590+00:00,2026-07-05T17:02:41.358478,2,0,,,159.4,100,159.3,150,,,,,,,,,,,,,,,,,,,,,,,,,,,,,,,,,,,,
2026-07-05T17:02:41.416247+00:00,2026-07-05T17:02:41.416228,2,1,159.6,0.4,159.4,100,159.3,150,,,,,,,,,,,,,,,,,159.8,150,,,,,,,,,,,,,,,,,,
2026-07-05T17:02:41.818716+00:00,2026-07-05T17:02:41.818881,1,1,159.55,0.5,159.3,150,,,,,,,,,,,,,,,,,,,159.8,150,,,,,,,,,,,,,,,,,,
2026-07-05T17:02:41.876191+00:00,2026-07-05T17:02:41.876159,2,1,159.65,0.3,159.5,100,159.3,150,,,,,,,,,,,,,,,,,159.8,150,,,,,,,,,,,,,,,,,,
2026-07-05T17:02:41.928828+00:00,2026-07-05T17:02:41.928702,2,2,159.65,0.3,159.5,100,159.3,150,,,,,,,,,,,,,,,,,159.8,150,160.0,100,,,,,,,,,,,,,,,,
2026-07-05T17:02:42.324241+00:00,2026-07-05T17:02:42.324175,2,2,159.65,0.3,159.5,100,159.3,150,,,,,,,,,,,,,,,,,159.8,110,160.0,100,,,,,,,,,,,,,,,,
2026-07-05T17:02:43.181132+00:00,2026-07-05T17:02:43.180995,2,2,159.65,0.3,159.5,100,159.3,150,,,,,,,,,,,,,,,,,159.8,60,160.0,100,,,,,,,,,,,,,,,,
2026-07-05T17:02:44.468919+00:00,2026-07-05T17:02:44.468813,1,1,159.75,0.5,159.5,100,,,,,,,,,,,,,,,,,,,160.0,100,,,,,,,,,,,,,,,,,,
2026-07-05T17:02:44.524434+00:00,2026-07-05T17:02:44.524550,2,1,159.85,0.3,159.7,150,159.5,100,,,,,,,,,,,,,,,,,160.0,100,,,,,,,,,,,,,,,,,,
2026-07-05T17:02:44.576658+00:00,2026-07-05T17:02:44.576785,2,2,159.85,0.3,159.7,150,159.5,100,,,,,,,,,,,,,,,,,160.0,100,160.2,150,,,,,,,,,,,,,,,,
2026-07-05T17:02:44.620372+00:00,2026-07-05T17:02:44.620315,2,2,159.85,0.3,159.7,150,159.5,100,,,,,,,,,,,,,,,,,160.0,52,160.2,150,,,,,,,,,,,,,,,,
2026-07-05T17:02:44.677626+00:00,2026-07-05T17:02:44.677486,2,2,159.85,0.3,159.7,104,159.5,100,,,,,,,,,,,,,,,,,160.0,52,160.2,150,,,,,,,,,,,,,,,,
2026-07-05T17:02:44.979604+00:00,2026-07-05T17:02:44.979506,2,1,159.95,0.5,159.7,104,159.5,100,,,,,,,,,,,,,,,,,160.2,150,,,,,,,,,,,,,,,,,,
2026-07-05T17:02:44.984806+00:00,2026-07-05T17:02:44.984682,1,1,159.95,0.5,159.7,104,,,,,,,,,,,,,,,,,,,160.2,150,,,,,,,,,,,,,,,,,,
2026-07-05T17:02:45.058552+00:00,2026-07-05T17:02:45.053101,1,1,159.95,0.5,159.7,204,,,,,,,,,,,,,,,,,,,160.2,150,,,,,,,,,,,,,,,,,,
2026-07-05T17:02:45.109622+00:00,2026-07-05T17:02:45.109762,1,1,159.95,0.5,159.7,204,,,,,,,,,,,,,,,,,,,160.2,250,,,,,,,,,,,,,,,,,,
2026-07-05T17:02:45.289781+00:00,2026-07-05T17:02:45.289645,1,1,159.95,0.5,159.7,204,,,,,,,,,,,,,,,,,,,160.2,200,,,,,,,,,,,,,,,,,,
2026-07-05T17:02:46.202509+00:00,2026-07-05T17:02:46.202457,1,1,159.95,0.5,159.7,204,,,,,,,,,,,,,,,,,,,160.2,156,,,,,,,,,,,,,,,,,,
2026-07-05T17:02:47.397355+00:00,2026-07-05T17:02:47.397523,1,1,159.95,0.5,159.7,204,,,,,,,,,,,,,,,,,,,160.2,106,,,,,,,,,,,,,,,,,,
2026-07-05T17:02:47.633239+00:00,2026-07-05T17:02:47.633171,1,1,159.95,0.5,159.7,100,,,,,,,,,,,,,,,,,,,160.2,100,,,,,,,,,,,,,,,,,,
2026-07-05T17:02:47.692184+00:00,2026-07-05T17:02:47.692000,2,0,,,160.2,50,159.7,100,,,,,,,,,,,,,,,,,,,,,,,,,,,,,,,,,,,,
2026-07-05T17:02:47.745933+00:00,2026-07-05T17:02:47.746053,2,1,160.45,0.5,160.2,50,159.7,100,,,,,,,,,,,,,,,,,160.7,150,,,,,,,,,,,,,,,,,,
2026-07-05T17:02:47.756156+00:00,2026-07-05T17:02:47.750229,2,1,160.45,0.5,160.2,47,159.7,100,,,,,,,,,,,,,,,,,160.7,150,,,,,,,,,,,,,,,,,,
2026-07-05T17:02:48.166929+00:00,2026-07-05T17:02:48.166878,1,1,160.45,0.5,160.2,47,,,,,,,,,,,,,,,,,,,160.7,150,,,,,,,,,,,,,,,,,,
2026-07-05T17:02:48.220335+00:00,2026-07-05T17:02:48.220271,2,1,160.45,0.5,160.2,47,160.1,100,,,,,,,,,,,,,,,,,160.7,150,,,,,,,,,,,,,,,,,,
2026-07-05T17:02:48.258637+00:00,2026-07-05T17:02:48.255308,2,1,160.45,0.5,160.2,22,160.1,100,,,,,,,,,,,,,,,,,160.7,150,,,,,,,,,,,,,,,,,,
2026-07-05T17:02:48.279336+00:00,2026-07-05T17:02:48.273188,2,2,160.4,0.4,160.2,22,160.1,100,,,,,,,,,,,,,,,,,160.6,110,160.7,150,,,,,,,,,,,,,,,,
2026-07-05T17:02:48.430270+00:00,2026-07-05T17:02:48.430126,1,2,160.35,0.5,160.1,75,,,,,,,,,,,,,,,,,,,160.6,110,160.7,150,,,,,,,,,,,,,,,,
2026-07-05T17:02:49.520051+00:00,2026-07-05T17:02:49.520213,1,2,160.35,0.5,160.1,75,,,,,,,,,,,,,,,,,,,160.6,60,160.7,150,,,,,,,,,,,,,,,,
2026-07-05T17:02:50.799953+00:00,2026-07-05T17:02:50.800074,1,1,160.35,0.5,160.1,75,,,,,,,,,,,,,,,,,,,160.6,60,,,,,,,,,,,,,,,,,,
2026-07-05T17:02:50.858582+00:00,2026-07-05T17:02:50.854487,2,1,160.35,0.5,160.1,75,159.6,150,,,,,,,,,,,,,,,,,160.6,60,,,,,,,,,,,,,,,,,,
2026-07-05T17:02:50.907394+00:00,2026-07-05T17:02:50.907264,1,2,159.85,0.5,159.6,150,,,,,,,,,,,,,,,,,,,160.1,75,160.6,60,,,,,,,,,,,,,,,,
2026-07-05T17:02:51.136413+00:00,2026-07-05T17:02:51.136346,1,2,159.85,0.5,159.6,150,,,,,,,,,,,,,,,,,,,160.1,26,160.6,60,,,,,,,,,,,,,,,,
2026-07-05T17:02:51.324971+00:00,2026-07-05T17:02:51.324882,1,1,159.85,0.5,159.6,150,,,,,,,,,,,,,,,,,,,160.1,26,,,,,,,,,,,,,,,,,,
2026-07-05T17:02:51.378215+00:00,2026-07-05T17:02:51.378097,2,1,160.05,0.1,160.0,100,159.6,150,,,,,,,,,,,,,,,,,160.1,26,,,,,,,,,,,,,,,,,,
2026-07-05T17:02:51.431182+00:00,2026-07-05T17:02:51.431115,2,2,160.05,0.1,160.0,100,159.6,150,,,,,,,,,,,,,,,,,160.1,26,160.5,100,,,,,,,,,,,,,,,,
2026-07-05T17:02:51.680290+00:00,2026-07-05T17:02:51.680100,2,2,160.05,0.1,160.0,50,159.6,150,,,,,,,,,,,,,,,,,160.1,26,160.5,100,,,,,,,,,,,,,,,,
2026-07-05T17:02:51.882522+00:00,2026-07-05T17:02:51.876529,2,2,160.05,0.1,160.0,50,159.6,150,,,,,,,,,,,,,,,,,160.1,16,160.5,100,,,,,,,,,,,,,,,,
2026-07-05T17:02:53.958601+00:00,2026-07-05T17:02:53.957814,1,1,160.25,0.5,160.0,50,,,,,,,,,,,,,,,,,,,160.5,100,,,,,,,,,,,,,,,,,,
2026-07-05T17:02:54.016848+00:00,2026-07-05T17:02:54.016811,1,1,160.25,0.5,160.0,200,,,,,,,,,,,,,,,,,,,160.5,100,,,,,,,,,,,,,,,,,,
2026-07-05T17:02:54.069553+00:00,2026-07-05T17:02:54.069519,1,1,160.25,0.5,160.0,200,,,,,,,,,,,,,,,,,,,160.5,250,,,,,,,,,,,,,,,,,,
2026-07-05T17:02:54.488283+00:00,2026-07-05T17:02:54.488390,1,1,160.25,0.5,160.0,150,,,,,,,,,,,,,,,,,,,160.5,150,,,,,,,,,,,,,,,,,,
2026-07-05T17:02:54.543805+00:00,2026-07-05T17:02:54.543675,2,1,160.25,0.5,160.0,150,159.7,100,,,,,,,,,,,,,,,,,160.5,150,,,,,,,,,,,,,,,,,,
2026-07-05T17:02:54.596718+00:00,2026-07-05T17:02:54.596584,2,2,160.1,0.2,160.0,150,159.7,100,,,,,,,,,,,,,,,,,160.2,100,160.5,150,,,,,,,,,,,,,,,,
2026-07-05T17:02:55.068386+00:00,2026-07-05T17:02:55.062626,2,2,160.1,0.2,160.0,139,159.7,100,,,,,,,,,,,,,,,,,160.2,100,160.5,150,,,,,,,,,,,,,,,,
2026-07-05T17:02:56.277312+00:00,2026-07-05T17:02:56.277230,2,2,160.1,0.2,160.0,94,159.7,100,,,,,,,,,,,,,,,,,160.2,100,160.5,150,,,,,,,,,,,,,,,,
2026-07-05T17:02:57.120272+00:00,2026-07-05T17:02:57.120435,1,1,159.95,0.5,159.7,100,,,,,,,,,,,,,,,,,,,160.2,100,,,,,,,,,,,,,,,,,,
2026-07-05T17:02:57.172821+00:00,2026-07-05T17:02:57.172722,1,1,159.95,0.5,159.7,250,,,,,,,,,,,,,,,,,,,160.2,100,,,,,,,,,,,,,,,,,,
2026-07-05T17:02:57.225981+00:00,2026-07-05T17:02:57.225858,1,1,159.95,0.5,159.7,250,,,,,,,,,,,,,,,,,,,160.2,250,,,,,,,,,,,,,,,,,,
2026-07-05T17:02:57.658545+00:00,2026-07-05T17:02:57.655455,1,1,159.95,0.5,159.7,150,,,,,,,,,,,,,,,,,,,160.2,150,,,,,,,,,,,,,,,,,,
2026-07-05T17:02:57.701231+00:00,2026-07-05T17:02:57.701099,2,1,159.95,0.5,159.7,150,159.6,100,,,,,,,,,,,,,,,,,160.2,150,,,,,,,,,,,,,,,,,,
2026-07-05T17:02:57.785966+00:00,2026-07-05T17:02:57.785874,2,2,159.9,0.4,159.7,150,159.6,100,,,,,,,,,,,,,,,,,160.1,100,160.2,150,,,,,,,,,,,,,,,,
2026-07-05T17:02:57.907814+00:00,2026-07-05T17:02:57.907743,2,2,159.9,0.4,159.7,107,159.6,100,,,,,,,,,,,,,,,,,160.1,100,160.2,150,,,,,,,,,,,,,,,,
2026-07-05T17:03:00.058546+00:00,2026-07-05T17:03:00.054732,2,2,159.9,0.4,159.7,107,159.6,100,,,,,,,,,,,,,,,,,160.1,54,160.2,150,,,,,,,,,,,,,,,,
2026-07-05T17:03:00.282838+00:00,2026-07-05T17:03:00.282993,1,1,159.85,0.5,159.6,100,,,,,,,,,,,,,,,,,,,160.1,54,,,,,,,,,,,,,,,,,,
2026-07-05T17:03:00.337176+00:00,2026-07-05T17:03:00.337134,1,1,159.85,0.5,159.6,250,,,,,,,,,,,,,,,,,,,160.1,54,,,,,,,,,,,,,,,,,,
2026-07-05T17:03:00.390093+00:00,2026-07-05T17:03:00.389979,1,1,159.85,0.5,159.6,250,,,,,,,,,,,,,,,,,,,160.1,204,,,,,,,,,,,,,,,,,,
2026-07-05T17:03:00.840892+00:00,2026-07-05T17:03:00.840814,1,1,159.85,0.5,159.6,150,,,,,,,,,,,,,,,,,,,160.1,150,,,,,,,,,,,,,,,,,,
2026-07-05T17:03:00.894288+00:00,2026-07-05T17:03:00.894214,2,1,160.05,0.1,160.0,100,159.6,150,,,,,,,,,,,,,,,,,160.1,150,,,,,,,,,,,,,,,,,,
2026-07-05T17:03:00.947788+00:00,2026-07-05T17:03:00.947667,2,2,160.05,0.1,160.0,100,159.6,150,,,,,,,,,,,,,,,,,160.1,150,160.5,100,,,,,,,,,,,,,,,,
2026-07-05T17:03:01.238682+00:00,2026-07-05T17:03:01.238609,2,2,160.05,0.1,160.0,54,159.6,150,,,,,,,,,,,,,,,,,160.1,150,160.5,100,,,,,,,,,,,,,,,,
2026-07-05T17:03:02.177470+00:00,2026-07-05T17:03:02.177409,2,2,160.05,0.1,160.0,54,159.6,150,,,,,,,,,,,,,,,,,160.1,100,160.5,100,,,,,,,,,,,,,,,,
2026-07-05T17:03:02.252622+00:00,2026-07-05T17:03:02.252806,2,2,160.05,0.1,160.0,54,159.6,150,,,,,,,,,,,,,,,,,160.1,54,160.5,100,,,,,,,,,,,,,,,,
2026-07-05T17:03:02.858650+00:00,2026-07-05T17:03:02.854250,2,2,160.05,0.1,160.0,54,159.6,150,,,,,,,,,,,,,,,,,160.1,14,160.5,100,,,,,,,,,,,,,,,,
2026-07-05T17:03:03.439227+00:00,2026-07-05T17:03:03.439134,2,1,160.25,0.5,160.0,54,159.6,150,,,,,,,,,,,,,,,,,160.5,100,,,,,,,,,,,,,,,,,,
2026-07-05T17:03:03.444214+00:00,2026-07-05T17:03:03.444303,1,1,160.25,0.5,160.0,54,,,,,,,,,,,,,,,,,,,160.5,100,,,,,,,,,,,,,,,,,,
2026-07-05T17:03:03.496897+00:00,2026-07-05T17:03:03.496847,2,1,160.35,0.3,160.2,150,160.0,54,,,,,,,,,,,,,,,,,160.5,100,,,,,,,,,,,,,,,,,,
2026-07-05T17:03:03.550026+00:00,2026-07-05T17:03:03.549929,2,2,160.35,0.3,160.2,150,160.0,54,,,,,,,,,,,,,,,,,160.5,100,160.7,150,,,,,,,,,,,,,,,,
2026-07-05T17:03:03.963769+00:00,2026-07-05T17:03:03.963733,2,2,160.35,0.3,160.2,102,160.0,54,,,,,,,,,,,,,,,,,160.5,100,160.7,150,,,,,,,,,,,,,,,,
2026-07-05T17:03:04.024780+00:00,2026-07-05T17:03:04.014861,1,1,160.45,0.5,160.2,102,,,,,,,,,,,,,,,,,,,160.7,150,,,,,,,,,,,,,,,,,,
2026-07-05T17:03:04.066969+00:00,2026-07-05T17:03:04.066872,2,1,160.45,0.5,160.2,102,159.7,100,,,,,,,,,,,,,,,,,160.7,150,,,,,,,,,,,,,,,,,,
2026-07-05T17:03:04.121475+00:00,2026-07-05T17:03:04.121626,2,1,160.45,0.5,160.2,2,159.7,100,,,,,,,,,,,,,,,,,160.7,150,,,,,,,,,,,,,,,,,,
2026-07-05T17:03:04.339103+00:00,2026-07-05T17:03:04.338990,1,1,160.2,1.0,159.7,52,,,,,,,,,,,,,,,,,,,160.7,150,,,,,,,,,,,,,,,,,,
2026-07-05T17:03:06.440882+00:00,2026-07-05T17:03:06.440768,1,1,160.2,1.0,159.7,2,,,,,,,,,,,,,,,,,,,160.7,150,,,,,,,,,,,,,,,,,,
2026-07-05T17:03:06.604210+00:00,2026-07-05T17:03:06.604124,1,0,,,159.7,2,,,,,,,,,,,,,,,,,,,,,,,,,,,,,,,,,,,,,,
2026-07-05T17:03:06.656414+00:00,2026-07-05T17:03:06.656509,2,0,,,159.7,2,159.6,150,,,,,,,,,,,,,,,,,,,,,,,,,,,,,,,,,,,,
2026-07-05T17:03:06.710316+00:00,2026-07-05T17:03:06.710262,2,1,159.9,0.4,159.7,2,159.6,150,,,,,,,,,,,,,,,,,160.1,150,,,,,,,,,,,,,,,,,,
2026-07-05T17:03:07.179876+00:00,2026-07-05T17:03:07.179842,1,1,159.85,0.5,159.6,150,,,,,,,,,,,,,,,,,,,160.1,150,,,,,,,,,,,,,,,,,,
2026-07-05T17:03:07.233494+00:00,2026-07-05T17:03:07.233387,2,1,159.9,0.4,159.7,100,159.6,150,,,,,,,,,,,,,,,,,160.1,150,,,,,,,,,,,,,,,,,,
2026-07-05T17:03:07.287037+00:00,2026-07-05T17:03:07.286934,2,2,159.9,0.4,159.7,100,159.6,150,,,,,,,,,,,,,,,,,160.1,150,160.2,100,,,,,,,,,,,,,,,,
2026-07-05T17:03:07.658570+00:00,2026-07-05T17:03:07.657781,2,2,159.9,0.4,159.7,59,159.6,150,,,,,,,,,,,,,,,,,160.1,150,160.2,100,,,,,,,,,,,,,,,,
2026-07-05T17:03:09.158594+00:00,2026-07-05T17:03:09.155587,2,2,159.9,0.4,159.7,59,159.6,150,,,,,,,,,,,,,,,,,160.1,101,160.2,100,,,,,,,,,,,,,,,,
2026-07-05T17:03:09.758560+00:00,2026-07-05T17:03:09.757180,1,1,159.95,0.5,159.7,59,,,,,,,,,,,,,,,,,,,160.2,100,,,,,,,,,,,,,,,,,,
2026-07-05T17:03:09.821050+00:00,2026-07-05T17:03:09.820931,2,1,159.95,0.5,159.7,59,159.6,150,,,,,,,,,,,,,,,,,160.2,100,,,,,,,,,,,,,,,,,,
2026-07-05T17:03:09.879726+00:00,2026-07-05T17:03:09.879683,2,2,159.9,0.4,159.7,59,159.6,150,,,,,,,,,,,,,,,,,160.1,150,160.2,100,,,,,,,,,,,,,,,,
2026-07-05T17:03:10.336624+00:00,2026-07-05T17:03:10.336528,2,1,159.9,0.4,159.7,59,159.6,150,,,,,,,,,,,,,,,,,160.1,150,,,,,,,,,,,,,,,,,,
2026-07-05T17:03:10.341607+00:00,2026-07-05T17:03:10.341695,1,1,159.85,0.5,159.6,150,,,,,,,,,,,,,,,,,,,160.1,150,,,,,,,,,,,,,,,,,,
2026-07-05T17:03:10.395043+00:00,2026-07-05T17:03:10.394928,2,1,159.85,0.5,159.6,150,159.4,100,,,,,,,,,,,,,,,,,160.1,150,,,,,,,,,,,,,,,,,,
2026-07-05T17:03:10.447395+00:00,2026-07-05T17:03:10.447494,2,2,159.75,0.3,159.6,150,159.4,100,,,,,,,,,,,,,,,,,159.9,100,160.1,150,,,,,,,,,,,,,,,,
2026-07-05T17:03:10.858583+00:00,2026-07-05T17:03:10.854633,2,2,159.75,0.3,159.6,150,159.4,100,,,,,,,,,,,,,,,,,159.9,55,160.1,150,,,,,,,,,,,,,,,,
2026-07-05T17:03:12.933554+00:00,2026-07-05T17:03:12.933466,1,1,159.65,0.5,159.4,100,,,,,,,,,,,,,,,,,,,159.9,55,,,,,,,,,,,,,,,,,,
2026-07-05T17:03:12.988117+00:00,2026-07-05T17:03:12.987998,2,1,159.75,0.3,159.6,150,159.4,100,,,,,,,,,,,,,,,,,159.9,55,,,,,,,,,,,,,,,,,,
2026-07-05T17:03:13.040924+00:00,2026-07-05T17:03:13.041093,2,2,159.75,0.3,159.6,150,159.4,100,,,,,,,,,,,,,,,,,159.9,55,160.1,150,,,,,,,,,,,,,,,,
2026-07-05T17:03:13.500522+00:00,2026-07-05T17:03:13.500480,1,1,159.85,0.5,159.6,150,,,,,,,,,,,,,,,,,,,160.1,150,,,,,,,,,,,,,,,,,,
2026-07-05T17:03:13.553281+00:00,2026-07-05T17:03:13.553135,1,1,159.85,0.5,159.6,250,,,,,,,,,,,,,,,,,,,160.1,150,,,,,,,,,,,,,,,,,,
2026-07-05T17:03:13.609268+00:00,2026-07-05T17:03:13.609191,1,1,159.85,0.5,159.6,250,,,,,,,,,,,,,,,,,,,160.1,250,,,,,,,,,,,,,,,,,,
2026-07-05T17:03:14.675389+00:00,2026-07-05T17:03:14.675231,1,1,159.85,0.5,159.6,202,,,,,,,,,,,,,,,,,,,160.1,250,,,,,,,,,,,,,,,,,,
2026-07-05T17:03:14.810764+00:00,2026-07-05T17:03:14.810692,1,1,159.85,0.5,159.6,202,,,,,,,,,,,,,,,,,,,160.1,200,,,,,,,,,,,,,,,,,,
2026-07-05T17:03:15.286071+00:00,2026-07-05T17:03:15.286010,1,1,159.85,0.5,159.6,202,,,,,,,,,,,,,,,,,,,160.1,151,,,,,,,,,,,,,,,,,,
2026-07-05T17:03:15.339504+00:00,2026-07-05T17:03:15.339632,1,1,159.85,0.5,159.6,153,,,,,,,,,,,,,,,,,,,160.1,151,,,,,,,,,,,,,,,,,,
2026-07-05T17:03:16.096044+00:00,2026-07-05T17:03:16.095938,1,1,159.85,0.5,159.6,100,,,,,,,,,,,,,,,,,,,160.1,100,,,,,,,,,,,,,,,,,,
2026-07-05T17:03:16.158733+00:00,2026-07-05T17:03:16.158640,2,1,159.95,0.3,159.8,150,159.6,100,,,,,,,,,,,,,,,,,160.1,100,,,,,,,,,,,,,,,,,,
2026-07-05T17:03:16.199542+00:00,2026-07-05T17:03:16.199477,2,2,159.95,0.3,159.8,150,159.6,100,,,,,,,,,,,,,,,,,160.1,100,160.3,150,,,,,,,,,,,,,,,,
2026-07-05T17:03:16.658568+00:00,2026-07-05T17:03:16.655827,1,1,160.05,0.5,159.8,150,,,,,,,,,,,,,,,,,,,160.3,150,,,,,,,,,,,,,,,,,,
2026-07-05T17:03:16.708222+00:00,2026-07-05T17:03:16.708139,1,1,160.05,0.5,159.8,150,,,,,,,,,,,,,,,,,,,160.3,106,,,,,,,,,,,,,,,,,,
2026-07-05T17:03:16.713418+00:00,2026-07-05T17:03:16.713334,2,1,160.05,0.5,159.8,150,159.7,100,,,,,,,,,,,,,,,,,160.3,106,,,,,,,,,,,,,,,,,,
2026-07-05T17:03:16.765934+00:00,2026-07-05T17:03:16.765878,2,2,160.0,0.4,159.8,150,159.7,100,,,,,,,,,,,,,,,,,160.2,100,160.3,106,,,,,,,,,,,,,,,,
2026-07-05T17:03:16.934530+00:00,2026-07-05T17:03:16.934427,2,2,160.0,0.4,159.8,150,159.7,100,,,,,,,,,,,,,,,,,160.2,50,160.3,106,,,,,,,,,,,,,,,,
2026-07-05T17:03:17.914011+00:00,2026-07-05T17:03:17.913874,2,2,160.0,0.4,159.8,105,159.7,100,,,,,,,,,,,,,,,,,160.2,50,160.3,106,,,,,,,,,,,,,,,,
2026-07-05T17:03:18.481748+00:00,2026-07-05T17:03:18.481641,2,2,160.0,0.4,159.8,105,159.7,100,,,,,,,,,,,,,,,,,160.2,10,160.3,106,,,,,,,,,,,,,,,,
2026-07-05T17:03:19.258608+00:00,2026-07-05T17:03:19.253365,1,1,159.95,0.5,159.7,100,,,,,,,,,,,,,,,,,,,160.2,10,,,,,,,,,,,,,,,,,,
2026-07-05T17:03:19.314195+00:00,2026-07-05T17:03:19.314125,1,1,159.95,0.5,159.7,250,,,,,,,,,,,,,,,,,,,160.2,10,,,,,,,,,,,,,,,,,,
2026-07-05T17:03:19.367359+00:00,2026-07-05T17:03:19.367243,1,1,159.95,0.5,159.7,250,,,,,,,,,,,,,,,,,,,160.2,160,,,,,,,,,,,,,,,,,,
2026-07-05T17:03:19.823617+00:00,2026-07-05T17:03:19.823547,1,1,159.95,0.5,159.7,150,,,,,,,,,,,,,,,,,,,160.2,150,,,,,,,,,,,,,,,,,,
2026-07-05T17:03:19.878184+00:00,2026-07-05T17:03:19.878069,2,1,160.05,0.3,159.9,100,159.7,150,,,,,,,,,,,,,,,,,160.2,150,,,,,,,,,,,,,,,,,,
2026-07-05T17:03:19.930963+00:00,2026-07-05T17:03:19.930895,2,2,160.05,0.3,159.9,100,159.7,150,,,,,,,,,,,,,,,,,160.2,150,160.4,100,,,,,,,,,,,,,,,,
2026-07-05T17:03:20.521335+00:00,2026-07-05T17:03:20.521283,2,3,160.0,0.2,159.9,100,159.7,150,,,,,,,,,,,,,,,,,160.1,8,160.2,150,160.4,100,,,,,,,,,,,,,,
2026-07-05T17:03:21.029306+00:00,2026-07-05T17:03:21.029065,2,2,160.05,0.3,159.9,100,159.7,150,,,,,,,,,,,,,,,,,160.2,150,160.4,100,,,,,,,,,,,,,,,,
2026-07-05T17:03:21.034456+00:00,2026-07-05T17:03:21.034429,2,3,159.95,0.1,159.9,100,159.7,150,,,,,,,,,,,,,,,,,160.0,8,160.2,150,160.4,100,,,,,,,,,,,,,,
2026-07-05T17:03:21.198898+00:00,2026-07-05T17:03:21.198779,2,3,159.95,0.1,159.9,50,159.7,150,,,,,,,,,,,,,,,,,160.0,8,160.2,150,160.4,100,,,,,,,,,,,,,,
2026-07-05T17:03:22.422272+00:00,2026-07-05T17:03:22.422180,1,2,159.95,0.1,159.9,50,,,,,,,,,,,,,,,,,,,160.0,8,160.4,100,,,,,,,,,,,,,,,,
2026-07-05T17:03:22.474244+00:00,2026-07-05T17:03:22.474165,2,2,159.95,0.1,159.9,50,159.8,150,,,,,,,,,,,,,,,,,160.0,8,160.4,100,,,,,,,,,,,,,,,,
2026-07-05T17:03:22.529353+00:00,2026-07-05T17:03:22.529269,2,3,159.95,0.1,159.9,50,159.8,150,,,,,,,,,,,,,,,,,160.0,8,160.3,150,160.4,100,,,,,,,,,,,,,,
2026-07-05T17:03:22.796888+00:00,2026-07-05T17:03:22.796816,2,2,160.1,0.4,159.9,50,159.8,150,,,,,,,,,,,,,,,,,160.3,150,160.4,100,,,,,,,,,,,,,,,,
2026-07-05T17:03:22.802133+00:00,2026-07-05T17:03:22.802012,2,2,160.1,0.4,159.9,42,159.8,150,,,,,,,,,,,,,,,,,160.3,150,160.4,100,,,,,,,,,,,,,,,,
2026-07-05T17:03:22.964691+00:00,2026-07-05T17:03:22.964857,1,2,160.05,0.5,159.8,146,,,,,,,,,,,,,,,,,,,160.3,150,160.4,100,,,,,,,,,,,,,,,,
2026-07-05T17:03:22.986645+00:00,2026-07-05T17:03:22.986726,1,1,160.05,0.5,159.8,146,,,,,,,,,,,,,,,,,,,160.3,150,,,,,,,,,,,,,,,,,,
2026-07-05T17:03:23.040398+00:00,2026-07-05T17:03:23.040282,2,1,160.05,0.5,159.8,146,159.6,100,,,,,,,,,,,,,,,,,160.3,150,,,,,,,,,,,,,,,,,,
2026-07-05T17:03:23.063997+00:00,2026-07-05T17:03:23.063896,3,1,160.05,0.5,159.8,146,159.6,100,159.5,8,,,,,,,,,,,,,,,160.3,150,,,,,,,,,,,,,,,,,,
2026-07-05T17:03:23.069188+00:00,2026-07-05T17:03:23.069061,3,2,160.0,0.4,159.8,146,159.6,100,159.5,8,,,,,,,,,,,,,,,160.2,8,160.3,150,,,,,,,,,,,,,,,,
2026-07-05T17:03:23.093888+00:00,2026-07-05T17:03:23.093754,3,3,159.95,0.3,159.8,146,159.6,100,159.5,8,,,,,,,,,,,,,,,160.1,100,160.2,8,160.3,150,,,,,,,,,,,,,,
2026-07-05T17:03:23.309176+00:00,2026-07-05T17:03:23.309028,3,3,159.95,0.3,159.8,96,159.6,100,159.5,8,,,,,,,,,,,,,,,160.1,100,160.2,8,160.3,150,,,,,,,,,,,,,,
2026-07-05T17:03:23.327521+00:00,2026-07-05T17:03:23.327414,2,2,159.95,0.3,159.8,96,159.6,100,,,,,,,,,,,,,,,,,160.1,100,160.3,150,,,,,,,,,,,,,,,,
2026-07-05T17:03:23.332643+00:00,2026-07-05T17:03:23.332572,3,2,159.95,0.3,159.8,96,159.6,100,159.5,8,,,,,,,,,,,,,,,160.1,100,160.3,150,,,,,,,,,,,,,,,,
2026-07-05T17:03:23.337843+00:00,2026-07-05T17:03:23.337765,3,3,159.9,0.2,159.8,96,159.6,100,159.5,8,,,,,,,,,,,,,,,160.0,8,160.1,100,160.3,150,,,,,,,,,,,,,,
2026-07-05T17:03:23.849098+00:00,2026-07-05T17:03:23.849011,2,3,159.9,0.2,159.8,96,159.6,100,,,,,,,,,,,,,,,,,160.0,8,160.1,100,160.3,150,,,,,,,,,,,,,,
2026-07-05T17:03:23.854303+00:00,2026-07-05T17:03:23.854217,3,2,159.95,0.3,159.8,96,159.6,100,159.5,8,,,,,,,,,,,,,,,160.1,100,160.3,150,,,,,,,,,,,,,,,,
2026-07-05T17:03:23.859297+00:00,2026-07-05T17:03:23.859373,3,3,159.85,0.1,159.8,96,159.6,100,159.5,8,,,,,,,,,,,,,,,159.9,8,160.1,100,160.3,150,,,,,,,,,,,,,,
2026-07-05T17:03:25.423796+00:00,2026-07-05T17:03:25.423705,3,3,159.85,0.1,159.8,46,159.6,100,159.5,8,,,,,,,,,,,,,,,159.9,8,160.1,100,160.3,150,,,,,,,,,,,,,,
2026-07-05T17:03:25.511357+00:00,2026-07-05T17:03:25.511238,3,2,159.95,0.3,159.8,46,159.6,100,159.5,8,,,,,,,,,,,,,,,160.1,68,160.3,150,,,,,,,,,,,,,,,,
2026-07-05T17:03:25.592400+00:00,2026-07-05T17:03:25.592308,3,1,159.95,0.3,159.8,46,159.6,100,159.5,8,,,,,,,,,,,,,,,160.1,68,,,,,,,,,,,,,,,,,,
2026-07-05T17:03:25.597507+00:00,2026-07-05T17:03:25.597455,2,1,159.85,0.5,159.6,100,159.5,8,,,,,,,,,,,,,,,,,160.1,68,,,,,,,,,,,,,,,,,,
2026-07-05T17:03:25.623434+00:00,2026-07-05T17:03:25.623369,2,1,159.85,0.5,159.6,100,159.5,8,,,,,,,,,,,,,,,,,160.1,68,,,,,,,,,,,,,,,,,,
2026-07-05T17:03:25.628442+00:00,2026-07-05T17:03:25.628534,2,2,159.8,0.4,159.6,100,159.5,8,,,,,,,,,,,,,,,,,160.0,8,160.1,68,,,,,,,,,,,,,,,,
2026-07-05T17:03:25.649628+00:00,2026-07-05T17:03:25.649508,3,2,159.8,0.4,159.6,100,159.5,8,159.2,150,,,,,,,,,,,,,,,160.0,8,160.1,68,,,,,,,,,,,,,,,,
2026-07-05T17:03:25.722665+00:00,2026-07-05T17:03:25.716380,3,3,159.65,0.1,159.6,100,159.5,8,159.2,150,,,,,,,,,,,,,,,159.7,139,160.0,8,160.1,68,,,,,,,,,,,,,,
2026-07-05T17:03:25.892957+00:00,2026-07-05T17:03:25.892915,2,2,159.65,0.1,159.6,100,159.2,150,,,,,,,,,,,,,,,,,159.7,139,160.1,68,,,,,,,,,,,,,,,,
2026-07-05T17:03:25.897993+00:00,2026-07-05T17:03:25.898153,3,2,159.65,0.1,159.6,100,159.4,8,159.2,150,,,,,,,,,,,,,,,159.7,139,160.1,68,,,,,,,,,,,,,,,,
2026-07-05T17:03:25.903440+00:00,2026-07-05T17:03:25.903321,3,2,159.65,0.1,159.6,100,159.4,8,159.2,150,,,,,,,,,,,,,,,159.7,147,160.1,68,,,,,,,,,,,,,,,,
2026-07-05T17:03:26.048100+00:00,2026-07-05T17:03:26.048039,3,2,159.65,0.1,159.6,100,159.4,8,159.2,150,,,,,,,,,,,,,,,159.7,104,160.1,68,,,,,,,,,,,,,,,,
2026-07-05T17:03:26.148899+00:00,2026-07-05T17:03:26.148734,2,1,159.55,0.3,159.4,8,159.2,150,,,,,,,,,,,,,,,,,159.7,104,,,,,,,,,,,,,,,,,,
2026-07-05T17:03:26.221186+00:00,2026-07-05T17:03:26.221093,3,1,159.65,0.1,159.6,100,159.4,8,159.2,150,,,,,,,,,,,,,,,159.7,104,,,,,,,,,,,,,,,,,,
2026-07-05T17:03:26.278395+00:00,2026-07-05T17:03:26.278360,3,2,159.65,0.1,159.6,100,159.4,8,159.2,150,,,,,,,,,,,,,,,159.7,104,160.1,100,,,,,,,,,,,,,,,,
2026-07-05T17:03:26.539015+00:00,2026-07-05T17:03:26.532289,3,2,159.65,0.1,159.6,100,159.4,8,159.2,150,,,,,,,,,,,,,,,159.7,101,160.1,100,,,,,,,,,,,,,,,,
2026-07-05T17:03:27.530735+00:00,2026-07-05T17:03:27.530669,3,2,159.65,0.1,159.6,50,159.4,8,159.2,150,,,,,,,,,,,,,,,159.7,101,160.1,100,,,,,,,,,,,,,,,,
2026-07-05T17:03:28.419365+00:00,2026-07-05T17:03:28.419264,2,2,159.65,0.1,159.6,50,159.2,150,,,,,,,,,,,,,,,,,159.7,93,160.1,100,,,,,,,,,,,,,,,,
2026-07-05T17:03:28.429676+00:00,2026-07-05T17:03:28.429642,2,3,159.65,0.1,159.6,58,159.2,150,,,,,,,,,,,,,,,,,159.7,93,159.9,8,160.1,100,,,,,,,,,,,,,,
2026-07-05T17:03:28.758611+00:00,2026-07-05T17:03:28.758445,1,2,159.75,0.3,159.6,58,,,,,,,,,,,,,,,,,,,159.9,8,160.1,100,,,,,,,,,,,,,,,,
2026-07-05T17:03:28.818865+00:00,2026-07-05T17:03:28.818966,1,2,159.75,0.3,159.6,208,,,,,,,,,,,,,,,,,,,159.9,8,160.1,100,,,,,,,,,,,,,,,,
2026-07-05T17:03:28.872183+00:00,2026-07-05T17:03:28.872052,1,2,159.75,0.3,159.6,208,,,,,,,,,,,,,,,,,,,159.9,8,160.1,250,,,,,,,,,,,,,,,,
2026-07-05T17:03:29.189443+00:00,2026-07-05T17:03:29.189392,1,2,159.75,0.3,159.6,200,,,,,,,,,,,,,,,,,,,159.9,8,160.1,250,,,,,,,,,,,,,,,,
2026-07-05T17:03:29.194641+00:00,2026-07-05T17:03:29.194577,2,1,159.85,0.5,159.6,200,159.5,8,,,,,,,,,,,,,,,,,160.1,250,,,,,,,,,,,,,,,,,,
2026-07-05T17:03:29.236549+00:00,2026-07-05T17:03:29.236426,2,2,159.7,0.2,159.6,200,159.5,8,,,,,,,,,,,,,,,,,159.8,8,160.1,250,,,,,,,,,,,,,,,,
2026-07-05T17:03:29.314113+00:00,2026-07-05T17:03:29.313946,2,2,159.7,0.2,159.6,153,159.5,8,,,,,,,,,,,,,,,,,159.8,8,160.1,250,,,,,,,,,,,,,,,,
2026-07-05T17:03:29.333229+00:00,2026-07-05T17:03:29.333147,2,2,159.7,0.2,159.6,150,159.5,8,,,,,,,,,,,,,,,,,159.8,8,160.1,150,,,,,,,,,,,,,,,,
2026-07-05T17:03:29.385200+00:00,2026-07-05T17:03:29.385123,3,2,159.7,0.2,159.6,150,159.5,8,159.4,100,,,,,,,,,,,,,,,159.8,8,160.1,150,,,,,,,,,,,,,,,,
2026-07-05T17:03:29.441887+00:00,2026-07-05T17:03:29.441748,3,3,159.7,0.2,159.6,150,159.5,8,159.4,100,,,,,,,,,,,,,,,159.8,8,159.9,100,160.1,150,,,,,,,,,,,,,,
2026-07-05T17:03:29.636261+00:00,2026-07-05T17:03:29.636394,3,3,159.7,0.2,159.6,100,159.5,8,159.4,100,,,,,,,,,,,,,,,159.8,8,159.9,100,160.1,150,,,,,,,,,,,,,,
2026-07-05T17:03:31.751362+00:00,2026-07-05T17:03:31.751300,3,3,159.7,0.2,159.6,50,159.5,8,159.4,100,,,,,,,,,,,,,,,159.8,8,159.9,100,160.1,150,,,,,,,,,,,,,,
2026-07-05T17:03:31.925248+00:00,2026-07-05T17:03:31.925146,2,2,159.65,0.3,159.5,8,159.4,100,,,,,,,,,,,,,,,,,159.8,8,159.9,100,,,,,,,,,,,,,,,,
2026-07-05T17:03:31.981778+00:00,2026-07-05T17:03:31.981737,3,2,159.65,0.3,159.5,8,159.4,100,159.1,150,,,,,,,,,,,,,,,159.8,8,159.9,100,,,,,,,,,,,,,,,,
2026-07-05T17:03:32.034789+00:00,2026-07-05T17:03:32.034730,3,3,159.55,0.1,159.5,8,159.4,100,159.1,150,,,,,,,,,,,,,,,159.6,150,159.8,8,159.9,100,,,,,,,,,,,,,,
2026-07-05T17:03:32.496548+00:00,2026-07-05T17:03:32.496387,2,2,159.55,0.1,159.5,8,159.1,150,,,,,,,,,,,,,,,,,159.6,150,159.8,8,,,,,,,,,,,,,,,,
2026-07-05T17:03:32.550668+00:00,2026-07-05T17:03:32.550514,3,2,159.55,0.1,159.5,8,159.4,100,159.1,150,,,,,,,,,,,,,,,159.6,150,159.8,8,,,,,,,,,,,,,,,,
2026-07-05T17:03:32.599299+00:00,2026-07-05T17:03:32.599191,3,3,159.55,0.1,159.5,8,159.4,100,159.1,150,,,,,,,,,,,,,,,159.6,150,159.8,8,159.9,100,,,,,,,,,,,,,,
2026-07-05T17:03:33.787707+00:00,2026-07-05T17:03:33.787889,2,3,159.5,0.2,159.4,60,159.1,150,,,,,,,,,,,,,,,,,159.6,150,159.8,8,159.9,100,,,,,,,,,,,,,,
2026-07-05T17:03:33.808952+00:00,2026-07-05T17:03:33.808905,2,3,159.5,0.2,159.4,60,159.1,150,,,,,,,,,,,,,,,,,159.6,100,159.8,8,159.9,100,,,,,,,,,,,,,,
2026-07-05T17:03:34.258556+00:00,2026-07-05T17:03:34.256276,2,3,159.5,0.2,159.4,60,159.1,150,,,,,,,,,,,,,,,,,159.6,55,159.8,8,159.9,100,,,,,,,,,,,,,,
2026-07-05T17:03:35.087990+00:00,2026-07-05T17:03:35.087967,1,2,159.6,0.4,159.4,60,,,,,,,,,,,,,,,,,,,159.8,8,159.9,100,,,,,,,,,,,,,,,,
2026-07-05T17:03:35.139605+00:00,2026-07-05T17:03:35.139491,2,2,159.65,0.3,159.5,150,159.4,60,,,,,,,,,,,,,,,,,159.8,8,159.9,100,,,,,,,,,,,,,,,,
2026-07-05T17:03:35.196416+00:00,2026-07-05T17:03:35.196538,2,3,159.65,0.3,159.5,150,159.4,60,,,,,,,,,,,,,,,,,159.8,8,159.9,100,160.0,150,,,,,,,,,,,,,,
2026-07-05T17:03:35.540350+00:00,2026-07-05T17:03:35.540270,2,2,159.7,0.4,159.5,150,159.4,60,,,,,,,,,,,,,,,,,159.9,100,160.0,150,,,,,,,,,,,,,,,,
2026-07-05T17:03:35.558632+00:00,2026-07-05T17:03:35.550683,3,2,159.75,0.3,159.6,8,159.5,150,159.4,60,,,,,,,,,,,,,,,159.9,108,160.0,150,,,,,,,,,,,,,,,,
2026-07-05T17:03:35.656945+00:00,2026-07-05T17:03:35.657073,2,2,159.75,0.3,159.6,8,159.5,150,,,,,,,,,,,,,,,,,159.9,8,160.0,150,,,,,,,,,,,,,,,,
2026-07-05T17:03:35.710288+00:00,2026-07-05T17:03:35.710182,3,2,159.75,0.3,159.6,8,159.5,150,159.3,100,,,,,,,,,,,,,,,159.9,8,160.0,150,,,,,,,,,,,,,,,,
2026-07-05T17:03:35.764108+00:00,2026-07-05T17:03:35.764041,3,3,159.7,0.2,159.6,8,159.5,150,159.3,100,,,,,,,,,,,,,,,159.8,100,159.9,8,160.0,150,,,,,,,,,,,,,,
2026-07-05T17:03:35.905484+00:00,2026-07-05T17:03:35.905398,2,3,159.65,0.3,159.5,110,159.3,100,,,,,,,,,,,,,,,,,159.8,100,159.9,8,160.0,150,,,,,,,,,,,,,,
2026-07-05T17:03:35.915858+00:00,2026-07-05T17:03:35.915774,2,3,159.65,0.3,159.5,110,159.3,100,,,,,,,,,,,,,,,,,159.8,50,159.9,8,160.0,150,,,,,,,,,,,,,,
2026-07-05T17:03:38.020732+00:00,2026-07-05T17:03:38.020692,2,2,159.7,0.4,159.5,110,159.3,100,,,,,,,,,,,,,,,,,159.9,8,160.0,150,,,,,,,,,,,,,,,,
2026-07-05T17:03:38.250841+00:00,2026-07-05T17:03:38.250812,1,1,159.6,0.6,159.3,100,,,,,,,,,,,,,,,,,,,159.9,8,,,,,,,,,,,,,,,,,,
2026-07-05T17:03:38.326117+00:00,2026-07-05T17:03:38.326086,2,1,159.65,0.5,159.4,150,159.3,100,,,,,,,,,,,,,,,,,159.9,8,,,,,,,,,,,,,,,,,,
2026-07-05T17:03:38.341842+00:00,2026-07-05T17:03:38.341734,2,0,,,159.4,150,159.3,100,,,,,,,,,,,,,,,,,,,,,,,,,,,,,,,,,,,,
2026-07-05T17:03:38.358597+00:00,2026-07-05T17:03:38.353677,2,1,159.65,0.5,159.4,150,159.3,100,,,,,,,,,,,,,,,,,159.9,8,,,,,,,,,,,,,,,,,,
2026-07-05T17:03:38.383761+00:00,2026-07-05T17:03:38.383626,2,1,159.65,0.5,159.4,150,159.3,100,,,,,,,,,,,,,,,,,159.9,158,,,,,,,,,,,,,,,,,,
2026-07-05T17:03:38.816102+00:00,2026-07-05T17:03:38.816048,1,1,159.65,0.5,159.4,150,,,,,,,,,,,,,,,,,,,159.9,158,,,,,,,,,,,,,,,,,,
2026-07-05T17:03:38.871346+00:00,2026-07-05T17:03:38.871274,2,1,159.75,0.3,159.6,100,159.4,150,,,,,,,,,,,,,,,,,159.9,158,,,,,,,,,,,,,,,,,,
2026-07-05T17:03:38.928709+00:00,2026-07-05T17:03:38.928621,2,2,159.75,0.3,159.6,100,159.4,150,,,,,,,,,,,,,,,,,159.9,158,160.1,100,,,,,,,,,,,,,,,,
2026-07-05T17:03:39.113965+00:00,2026-07-05T17:03:39.113817,2,2,159.75,0.3,159.6,100,159.4,150,,,,,,,,,,,,,,,,,159.9,158,160.1,100,,,,,,,,,,,,,,,,
2026-07-05T17:03:40.147860+00:00,2026-07-05T17:03:40.147825,2,2,159.75,0.3,159.6,100,159.4,150,,,,,,,,,,,,,,,,,159.9,108,160.1,100,,,,,,,,,,,,,,,,
2026-07-05T17:03:41.136837+00:00,2026-07-05T17:03:41.136929,2,2,159.75,0.3,159.6,100,159.4,150,,,,,,,,,,,,,,,,,159.9,100,160.1,100,,,,,,,,,,,,,,,,
2026-07-05T17:03:41.142206+00:00,2026-07-05T17:03:41.142104,2,3,159.7,0.2,159.6,100,159.4,150,,,,,,,,,,,,,,,,,159.8,8,159.9,100,160.1,100,,,,,,,,,,,,,,
2026-07-05T17:03:41.440741+00:00,2026-07-05T17:03:41.440654,1,2,159.7,0.2,159.6,100,,,,,,,,,,,,,,,,,,,159.8,8,160.1,100,,,,,,,,,,,,,,,,
2026-07-05T17:03:41.493677+00:00,2026-07-05T17:03:41.493620,2,2,159.7,0.2,159.6,100,159.4,150,,,,,,,,,,,,,,,,,159.8,8,160.1,100,,,,,,,,,,,,,,,,
2026-07-05T17:03:41.543794+00:00,2026-07-05T17:03:41.543727,2,2,159.7,0.2,159.6,52,159.4,150,,,,,,,,,,,,,,,,,159.8,8,160.1,100,,,,,,,,,,,,,,,,
2026-07-05T17:03:41.548998+00:00,2026-07-05T17:03:41.548882,2,3,159.7,0.2,159.6,52,159.4,150,,,,,,,,,,,,,,,,,159.8,8,159.9,150,160.1,100,,,,,,,,,,,,,,
2026-07-05T17:03:41.984487+00:00,2026-07-05T17:03:41.984399,1,2,159.6,0.4,159.4,150,,,,,,,,,,,,,,,,,,,159.8,8,159.9,150,,,,,,,,,,,,,,,,
2026-07-05T17:03:42.041034+00:00,2026-07-05T17:03:42.040947,2,2,159.6,0.4,159.4,150,159.3,100,,,,,,,,,,,,,,,,,159.8,8,159.9,150,,,,,,,,,,,,,,,,
2026-07-05T17:03:42.093918+00:00,2026-07-05T17:03:42.093864,2,2,159.6,0.4,159.4,150,159.3,100,,,,,,,,,,,,,,,,,159.8,108,159.9,150,,,,,,,,,,,,,,,,
2026-07-05T17:03:42.258548+00:00,2026-07-05T17:03:42.255985,2,2,159.6,0.4,159.4,150,159.3,100,,,,,,,,,,,,,,,,,159.8,58,159.9,150,,,,,,,,,,,,,,,,
2026-07-05T17:03:43.224009+00:00,2026-07-05T17:03:43.223975,2,2,159.6,0.4,159.4,150,159.3,100,,,,,,,,,,,,,,,,,159.8,17,159.9,150,,,,,,,,,,,,,,,,
2026-07-05T17:03:44.490670+00:00,2026-07-05T17:03:44.490532,2,1,159.65,0.5,159.4,150,159.3,100,,,,,,,,,,,,,,,,,159.9,124,,,,,,,,,,,,,,,,,,
2026-07-05T17:03:44.603160+00:00,2026-07-05T17:03:44.603097,1,0,,,159.3,100,,,,,,,,,,,,,,,,,,,,,,,,,,,,,,,,,,,,,,
2026-07-05T17:03:44.658707+00:00,2026-07-05T17:03:44.652950,2,0,,,159.5,150,159.3,100,,,,,,,,,,,,,,,,,,,,,,,,,,,,,,,,,,,,
2026-07-05T17:03:44.711187+00:00,2026-07-05T17:03:44.711114,2,1,159.75,0.5,159.5,150,159.3,100,,,,,,,,,,,,,,,,,160.0,150,,,,,,,,,,,,,,,,,,
2026-07-05T17:03:45.144318+00:00,2026-07-05T17:03:45.144235,1,1,159.75,0.5,159.5,150,,,,,,,,,,,,,,,,,,,160.0,150,,,,,,,,,,,,,,,,,,
2026-07-05T17:03:45.202490+00:00,2026-07-05T17:03:45.202611,2,1,159.8,0.4,159.6,100,159.5,150,,,,,,,,,,,,,,,,,160.0,150,,,,,,,,,,,,,,,,,,
2026-07-05T17:03:45.258615+00:00,2026-07-05T17:03:45.257363,2,2,159.8,0.4,159.6,100,159.5,150,,,,,,,,,,,,,,,,,160.0,150,160.1,100,,,,,,,,,,,,,,,,
2026-07-05T17:03:45.681114+00:00,2026-07-05T17:03:45.680993,2,2,159.8,0.4,159.6,100,159.5,150,,,,,,,,,,,,,,,,,160.0,104,160.1,100,,,,,,,,,,,,,,,,
2026-07-05T17:03:46.490947+00:00,2026-07-05T17:03:46.490834,2,2,159.8,0.4,159.6,100,159.5,150,,,,,,,,,,,,,,,,,160.0,54,160.1,100,,,,,,,,,,,,,,,,
2026-07-05T17:03:47.758623+00:00,2026-07-05T17:03:47.756831,2,1,159.85,0.5,159.6,100,159.5,150,,,,,,,,,,,,,,,,,160.1,100,,,,,,,,,,,,,,,,,,
2026-07-05T17:03:47.768897+00:00,2026-07-05T17:03:47.768769,1,1,159.85,0.5,159.6,100,,,,,,,,,,,,,,,,,,,160.1,100,,,,,,,,,,,,,,,,,,
2026-07-05T17:03:47.833200+00:00,2026-07-05T17:03:47.824841,2,1,160.0,0.2,159.9,147,159.6,100,,,,,,,,,,,,,,,,,160.1,100,,,,,,,,,,,,,,,,,,
2026-07-05T17:03:47.872397+00:00,2026-07-05T17:03:47.872530,2,2,160.0,0.2,159.9,147,159.6,100,,,,,,,,,,,,,,,,,160.1,100,160.4,150,,,,,,,,,,,,,,,,
2026-07-05T17:03:47.928558+00:00,2026-07-05T17:03:47.928426,3,3,159.95,0.1,159.9,147,159.6,100,159.4,8,,,,,,,,,,,,,,,160.0,8,160.1,100,160.4,150,,,,,,,,,,,,,,
2026-07-05T17:03:48.187898+00:00,2026-07-05T17:03:48.187794,2,3,159.95,0.1,159.9,147,159.6,100,,,,,,,,,,,,,,,,,160.0,8,160.1,100,160.4,150,,,,,,,,,,,,,,
2026-07-05T17:03:48.193101+00:00,2026-07-05T17:03:48.193033,2,2,160.0,0.2,159.9,147,159.6,100,,,,,,,,,,,,,,,,,160.1,100,160.4,150,,,,,,,,,,,,,,,,
2026-07-05T17:03:48.198118+00:00,2026-07-05T17:03:48.198216,3,2,160.0,0.2,159.9,147,159.6,100,159.4,8,,,,,,,,,,,,,,,160.1,100,160.4,150,,,,,,,,,,,,,,,,
2026-07-05T17:03:48.203481+00:00,2026-07-05T17:03:48.203448,3,2,160.0,0.2,159.9,139,159.6,100,159.4,8,,,,,,,,,,,,,,,160.1,100,160.4,150,,,,,,,,,,,,,,,,
2026-07-05T17:03:48.311365+00:00,2026-07-05T17:03:48.306509,2,1,160.15,0.5,159.9,139,159.4,8,,,,,,,,,,,,,,,,,160.4,150,,,,,,,,,,,,,,,,,,
2026-07-05T17:03:48.369600+00:00,2026-07-05T17:03:48.369784,3,1,160.15,0.5,159.9,139,159.6,100,159.4,8,,,,,,,,,,,,,,,160.4,150,,,,,,,,,,,,,,,,,,
2026-07-05T17:03:48.394394+00:00,2026-07-05T17:03:48.394276,3,1,160.15,0.5,159.9,114,159.6,100,159.4,8,,,,,,,,,,,,,,,160.4,150,,,,,,,,,,,,,,,,,,
2026-07-05T17:03:48.414947+00:00,2026-07-05T17:03:48.414101,3,3,160.0,0.2,159.9,114,159.6,100,159.4,8,,,,,,,,,,,,,,,160.1,100,160.3,10,160.4,150,,,,,,,,,,,,,,
2026-07-05T17:03:48.471457+00:00,2026-07-05T17:03:48.471375,2,3,160.0,0.2,159.9,114,159.6,100,,,,,,,,,,,,,,,,,160.1,100,160.3,10,160.4,150,,,,,,,,,,,,,,
2026-07-05T17:03:48.476612+00:00,2026-07-05T17:03:48.476572,3,4,159.95,0.1,159.9,114,159.6,100,159.3,8,,,,,,,,,,,,,,,160.0,8,160.1,100,160.3,10,160.4,150,,,,,,,,,,,,
2026-07-05T17:03:48.610869+00:00,2026-07-05T17:03:48.610683,3,3,160.0,0.2,159.9,114,159.6,100,159.3,8,,,,,,,,,,,,,,,160.1,58,160.3,10,160.4,150,,,,,,,,,,,,,,
2026-07-05T17:03:48.989936+00:00,2026-07-05T17:03:48.989785,2,3,160.0,0.2,159.9,114,159.6,100,,,,,,,,,,,,,,,,,160.1,58,160.3,10,160.4,150,,,,,,,,,,,,,,
2026-07-05T17:03:48.994999+00:00,2026-07-05T17:03:48.994961,3,3,160.0,0.2,159.9,114,159.6,100,159.5,8,,,,,,,,,,,,,,,160.1,58,160.3,10,160.4,150,,,,,,,,,,,,,,
2026-07-05T17:03:49.000162+00:00,2026-07-05T17:03:49.000117,3,4,159.95,0.1,159.9,114,159.6,100,159.5,8,,,,,,,,,,,,,,,160.0,8,160.1,58,160.3,10,160.4,150,,,,,,,,,,,,
2026-07-05T17:03:49.259091+00:00,2026-07-05T17:03:49.259061,2,3,160.0,0.2,159.9,114,159.6,100,,,,,,,,,,,,,,,,,160.1,58,160.3,10,160.4,150,,,,,,,,,,,,,,
2026-07-05T17:03:49.264285+00:00,2026-07-05T17:03:49.264249,3,3,160.0,0.2,159.9,114,159.6,100,159.5,8,,,,,,,,,,,,,,,160.1,58,160.3,10,160.4,150,,,,,,,,,,,,,,
2026-07-05T17:03:49.269517+00:00,2026-07-05T17:03:49.269467,3,3,160.0,0.2,159.9,106,159.6,100,159.5,8,,,,,,,,,,,,,,,160.1,58,160.3,10,160.4,150,,,,,,,,,,,,,,
2026-07-05T17:03:49.533444+00:00,2026-07-05T17:03:49.533394,2,3,160.0,0.2,159.9,106,159.6,100,,,,,,,,,,,,,,,,,160.1,58,160.3,10,160.4,150,,,,,,,,,,,,,,
2026-07-05T17:03:49.538675+00:00,2026-07-05T17:03:49.538571,3,3,160.0,0.2,159.9,106,159.6,100,159.5,8,,,,,,,,,,,,,,,160.1,58,160.3,10,160.4,150,,,,,,,,,,,,,,
