recv_time,book_timestamp,n_bids,n_asks,mid,spread,bid_px_0,bid_vol_0,bid_px_1,bid_vol_1,bid_px_2,bid_vol_2,bid_px_3,bid_vol_3,bid_px_4,bid_vol_4,bid_px_5,bid_vol_5,bid_px_6,bid_vol_6,bid_px_7,bid_vol_7,bid_px_8,bid_vol_8,bid_px_9,bid_vol_9,ask_px_0,ask_vol_0,ask_px_1,ask_vol_1,ask_px_2,ask_vol_2,ask_px_3,ask_vol_3,ask_px_4,ask_vol_4,ask_px_5,ask_vol_5,ask_px_6,ask_vol_6,ask_px_7,ask_vol_7,ask_px_8,ask_vol_8,ask_px_9,ask_vol_9
2026-07-08T17:00:00.169139+00:00,2026-07-08T17:00:00.165817,2,2,147.65,0.3,147.5,100,147.3,108,,,,,,,,,,,,,,,,,147.8,58,148.0,158,,,,,,,,,,,,,,,,
2026-07-08T17:00:00.514260+00:00,2026-07-08T17:00:00.510775,2,3,147.65,0.3,147.5,100,147.3,108,,,,,,,,,,,,,,,,,147.8,58,147.9,8,148.0,150,,,,,,,,,,,,,,
2026-07-08T17:00:00.834998+00:00,2026-07-08T17:00:00.834941,2,2,147.65,0.3,147.5,100,147.3,100,,,,,,,,,,,,,,,,,147.8,58,148.0,150,,,,,,,,,,,,,,,,
2026-07-08T17:00:00.851092+00:00,2026-07-08T17:00:00.850983,2,3,147.65,0.3,147.5,100,147.3,108,,,,,,,,,,,,,,,,,147.8,58,147.9,8,148.0,150,,,,,,,,,,,,,,
2026-07-08T17:00:01.033195+00:00,2026-07-08T17:00:01.033122,2,3,147.65,0.3,147.5,100,147.3,108,,,,,,,,,,,,,,,,,147.8,12,147.9,8,148.0,150,,,,,,,,,,,,,,
2026-07-08T17:00:01.157903+00:00,2026-07-08T17:00:01.157872,2,2,147.65,0.3,147.5,100,147.3,108,,,,,,,,,,,,,,,,,147.8,12,148.0,150,,,,,,,,,,,,,,,,
2026-07-08T17:00:01.162985+00:00,2026-07-08T17:00:01.163105,2,2,147.65,0.3,147.5,100,147.3,100,,,,,,,,,,,,,,,,,147.8,12,148.0,150,,,,,,,,,,,,,,,,
2026-07-08T17:00:01.173698+00:00,2026-07-08T17:00:01.173615,2,3,147.65,0.3,147.5,100,147.3,108,,,,,,,,,,,,,,,,,147.8,12,147.9,8,148.0,150,,,,,,,,,,,,,,
2026-07-08T17:00:01.490207+00:00,2026-07-08T17:00:01.490058,2,2,147.65,0.3,147.5,100,147.3,100,,,,,,,,,,,,,,,,,147.8,12,148.0,150,,,,,,,,,,,,,,,,
2026-07-08T17:00:01.505806+00:00,2026-07-08T17:00:01.505747,2,2,147.65,0.3,147.5,100,147.3,108,,,,,,,,,,,,,,,,,147.8,12,148.0,150,,,,,,,,,,,,,,,,
2026-07-08T17:00:01.510985+00:00,2026-07-08T17:00:01.510916,2,3,147.65,0.3,147.5,100,147.3,108,,,,,,,,,,,,,,,,,147.8,12,147.9,8,148.0,150,,,,,,,,,,,,,,
2026-07-08T17:00:01.824550+00:00,2026-07-08T17:00:01.824506,2,2,147.65,0.3,147.5,100,147.3,100,,,,,,,,,,,,,,,,,147.8,12,148.0,150,,,,,,,,,,,,,,,,
2026-07-08T17:00:01.845536+00:00,2026-07-08T17:00:01.845406,2,2,147.65,0.3,147.5,100,147.3,108,,,,,,,,,,,,,,,,,147.8,12,148.0,150,,,,,,,,,,,,,,,,
2026-07-08T17:00:01.850702+00:00,2026-07-08T17:00:01.850622,2,2,147.65,0.3,147.5,100,147.3,108,,,,,,,,,,,,,,,,,147.8,12,148.0,158,,,,,,,,,,,,,,,,
2026-07-08T17:00:02.045739+00:00,2026-07-08T17:00:02.045683,2,2,147.65,0.3,147.5,50,147.3,108,,,,,,,,,,,,,,,,,147.8,12,148.0,158,,,,,,,,,,,,,,,,
2026-07-08T17:00:02.156609+00:00,2026-07-08T17:00:02.156546,2,2,147.65,0.3,147.5,50,147.3,108,,,,,,,,,,,,,,,,,147.8,12,148.0,150,,,,,,,,,,,,,,,,
2026-07-08T17:00:02.161792+00:00,2026-07-08T17:00:02.161712,2,2,147.65,0.3,147.5,50,147.3,100,,,,,,,,,,,,,,,,,147.8,12,148.0,150,,,,,,,,,,,,,,,,
2026-07-08T17:00:02.200720+00:00,2026-07-08T17:00:02.199969,2,2,147.65,0.3,147.5,50,147.3,108,,,,,,,,,,,,,,,,,147.8,12,148.0,150,,,,,,,,,,,,,,,,
2026-07-08T17:00:02.217267+00:00,2026-07-08T17:00:02.217211,2,2,147.65,0.3,147.5,50,147.3,108,,,,,,,,,,,,,,,,,147.8,12,148.0,158,,,,,,,,,,,,,,,,
2026-07-08T17:00:02.272676+00:00,2026-07-08T17:00:02.272618,2,1,147.75,0.5,147.5,50,147.3,8,,,,,,,,,,,,,,,,,148.0,158,,,,,,,,,,,,,,,,,,
2026-07-08T17:00:02.327443+00:00,2026-07-08T17:00:02.327347,2,1,147.75,0.5,147.5,150,147.3,8,,,,,,,,,,,,,,,,,148.0,158,,,,,,,,,,,,,,,,,,
2026-07-08T17:00:02.382247+00:00,2026-07-08T17:00:02.382185,2,1,147.75,0.5,147.5,150,147.3,8,,,,,,,,,,,,,,,,,148.0,258,,,,,,,,,,,,,,,,,,
2026-07-08T17:00:02.529622+00:00,2026-07-08T17:00:02.529525,1,1,147.75,0.5,147.5,150,,,,,,,,,,,,,,,,,,,148.0,250,,,,,,,,,,,,,,,,,,
2026-07-08T17:00:02.545172+00:00,2026-07-08T17:00:02.545075,2,1,147.75,0.5,147.5,150,147.4,8,,,,,,,,,,,,,,,,,148.0,258,,,,,,,,,,,,,,,,,,
2026-07-08T17:00:02.814455+00:00,2026-07-08T17:00:02.808207,2,1,147.75,0.5,147.5,144,147.4,8,,,,,,,,,,,,,,,,,148.0,258,,,,,,,,,,,,,,,,,,
2026-07-08T17:00:02.858428+00:00,2026-07-08T17:00:02.858370,1,1,147.75,0.5,147.5,144,,,,,,,,,,,,,,,,,,,148.0,250,,,,,,,,,,,,,,,,,,
2026-07-08T17:00:02.868958+00:00,2026-07-08T17:00:02.868878,2,1,147.75,0.5,147.5,144,147.4,8,,,,,,,,,,,,,,,,,148.0,250,,,,,,,,,,,,,,,,,,
2026-07-08T17:00:02.873956+00:00,2026-07-08T17:00:02.874068,2,1,147.75,0.5,147.5,144,147.4,8,,,,,,,,,,,,,,,,,148.0,258,,,,,,,,,,,,,,,,,,
2026-07-08T17:00:02.879357+00:00,2026-07-08T17:00:02.879260,2,1,147.75,0.5,147.5,100,147.4,8,,,,,,,,,,,,,,,,,148.0,108,,,,,,,,,,,,,,,,,,
2026-07-08T17:00:02.936069+00:00,2026-07-08T17:00:02.935969,3,1,147.75,0.5,147.5,100,147.4,8,147.0,150,,,,,,,,,,,,,,,148.0,108,,,,,,,,,,,,,,,,,,
2026-07-08T17:00:02.993502+00:00,2026-07-08T17:00:02.993410,2,2,147.45,0.1,147.4,8,147.0,150,,,,,,,,,,,,,,,,,147.5,50,148.0,108,,,,,,,,,,,,,,,,
2026-07-08T17:00:03.044135+00:00,2026-07-08T17:00:03.044084,1,2,147.25,0.5,147.0,118,,,,,,,,,,,,,,,,,,,147.5,50,148.0,108,,,,,,,,,,,,,,,,
2026-07-08T17:00:03.185501+00:00,2026-07-08T17:00:03.185405,1,2,147.25,0.5,147.0,118,,,,,,,,,,,,,,,,,,,147.5,50,148.0,100,,,,,,,,,,,,,,,,
2026-07-08T17:00:03.201131+00:00,2026-07-08T17:00:03.201028,1,3,147.25,0.5,147.0,118,,,,,,,,,,,,,,,,,,,147.5,50,147.6,8,148.0,100,,,,,,,,,,,,,,
2026-07-08T17:00:03.507122+00:00,2026-07-08T17:00:03.507029,1,2,147.25,0.5,147.0,118,,,,,,,,,,,,,,,,,,,147.5,50,148.0,100,,,,,,,,,,,,,,,,
2026-07-08T17:00:03.517541+00:00,2026-07-08T17:00:03.517486,1,3,147.25,0.5,147.0,118,,,,,,,,,,,,,,,,,,,147.5,50,147.6,8,148.0,100,,,,,,,,,,,,,,
2026-07-08T17:00:03.823736+00:00,2026-07-08T17:00:03.819724,1,2,147.25,0.5,147.0,118,,,,,,,,,,,,,,,,,,,147.5,50,148.0,100,,,,,,,,,,,,,,,,
2026-07-08T17:00:03.841349+00:00,2026-07-08T17:00:03.841286,1,3,147.25,0.5,147.0,118,,,,,,,,,,,,,,,,,,,147.5,50,147.6,8,148.0,100,,,,,,,,,,,,,,
2026-07-08T17:00:04.089571+00:00,2026-07-08T17:00:04.089665,1,3,147.25,0.5,147.0,118,,,,,,,,,,,,,,,,,,,147.5,5,147.6,8,148.0,100,,,,,,,,,,,,,,
2026-07-08T17:00:04.102242+00:00,2026-07-08T17:00:04.102174,1,1,147.5,1.0,147.0,118,,,,,,,,,,,,,,,,,,,148.0,100,,,,,,,,,,,,,,,,,,
2026-07-08T17:00:04.158561+00:00,2026-07-08T17:00:04.154286,2,2,147.45,0.7,147.1,8,147.0,118,,,,,,,,,,,,,,,,,147.8,8,148.0,100,,,,,,,,,,,,,,,,
2026-07-08T17:00:04.470595+00:00,2026-07-08T17:00:04.470567,1,1,147.5,1.0,147.0,118,,,,,,,,,,,,,,,,,,,148.0,100,,,,,,,,,,,,,,,,,,
2026-07-08T17:00:04.485992+00:00,2026-07-08T17:00:04.486110,2,2,147.45,0.7,147.1,8,147.0,118,,,,,,,,,,,,,,,,,147.8,8,148.0,100,,,,,,,,,,,,,,,,
2026-07-08T17:00:04.793131+00:00,2026-07-08T17:00:04.793049,2,1,147.55,0.9,147.1,8,147.0,118,,,,,,,,,,,,,,,,,148.0,100,,,,,,,,,,,,,,,,,,
2026-07-08T17:00:04.798409+00:00,2026-07-08T17:00:04.798223,1,1,147.5,1.0,147.0,118,,,,,,,,,,,,,,,,,,,148.0,100,,,,,,,,,,,,,,,,,,
2026-07-08T17:00:04.808703+00:00,2026-07-08T17:00:04.808633,2,1,147.55,0.9,147.1,8,147.0,118,,,,,,,,,,,,,,,,,148.0,100,,,,,,,,,,,,,,,,,,
2026-07-08T17:00:04.813820+00:00,2026-07-08T17:00:04.813793,2,2,147.45,0.7,147.1,8,147.0,118,,,,,,,,,,,,,,,,,147.8,8,148.0,100,,,,,,,,,,,,,,,,
2026-07-08T17:00:05.125360+00:00,2026-07-08T17:00:05.125331,1,1,147.5,1.0,147.0,118,,,,,,,,,,,,,,,,,,,148.0,100,,,,,,,,,,,,,,,,,,
2026-07-08T17:00:05.140947+00:00,2026-07-08T17:00:05.140923,2,2,147.45,0.7,147.1,8,147.0,118,,,,,,,,,,,,,,,,,147.8,8,148.0,100,,,,,,,,,,,,,,,,
2026-07-08T17:00:05.437436+00:00,2026-07-08T17:00:05.437283,2,1,147.45,0.7,147.1,8,147.0,118,,,,,,,,,,,,,,,,,147.8,8,,,,,,,,,,,,,,,,,,
2026-07-08T17:00:05.453167+00:00,2026-07-08T17:00:05.453087,1,0,,,147.0,118,,,,,,,,,,,,,,,,,,,,,,,,,,,,,,,,,,,,,,
2026-07-08T17:00:05.490880+00:00,2026-07-08T17:00:05.490683,2,0,,,147.0,118,146.9,100,,,,,,,,,,,,,,,,,,,,,,,,,,,,,,,,,,,,
2026-07-08T17:00:05.543406+00:00,2026-07-08T17:00:05.543486,2,1,147.2,0.4,147.0,118,146.9,100,,,,,,,,,,,,,,,,,147.4,100,,,,,,,,,,,,,,,,,,
2026-07-08T17:00:05.620401+00:00,2026-07-08T17:00:05.620523,2,1,147.2,0.4,147.0,118,146.9,108,,,,,,,,,,,,,,,,,147.4,100,,,,,,,,,,,,,,,,,,
2026-07-08T17:00:05.625828+00:00,2026-07-08T17:00:05.625726,2,2,147.2,0.4,147.0,118,146.9,108,,,,,,,,,,,,,,,,,147.4,100,147.5,8,,,,,,,,,,,,,,,,
2026-07-08T17:00:05.934891+00:00,2026-07-08T17:00:05.934837,2,1,147.2,0.4,147.0,118,146.9,100,,,,,,,,,,,,,,,,,147.4,100,,,,,,,,,,,,,,,,,,
2026-07-08T17:00:05.950350+00:00,2026-07-08T17:00:05.950554,2,2,147.2,0.4,147.0,118,146.9,108,,,,,,,,,,,,,,,,,147.4,100,147.5,8,,,,,,,,,,,,,,,,
2026-07-08T17:00:06.046581+00:00,2026-07-08T17:00:06.046496,1,2,147.15,0.5,146.9,108,,,,,,,,,,,,,,,,,,,147.4,100,147.5,8,,,,,,,,,,,,,,,,
2026-07-08T17:00:06.103162+00:00,2026-07-08T17:00:06.103135,2,0,,,147.5,42,146.9,108,,,,,,,,,,,,,,,,,,,,,,,,,,,,,,,,,,,,
2026-07-08T17:00:06.155710+00:00,2026-07-08T17:00:06.155665,2,1,147.75,0.5,147.5,42,146.9,108,,,,,,,,,,,,,,,,,148.0,150,,,,,,,,,,,,,,,,,,
2026-07-08T17:00:06.161035+00:00,2026-07-08T17:00:06.160917,1,1,147.45,1.1,146.9,107,,,,,,,,,,,,,,,,,,,148.0,150,,,,,,,,,,,,,,,,,,
2026-07-08T17:00:06.264088+00:00,2026-07-08T17:00:06.263993,1,1,147.45,1.1,146.9,99,,,,,,,,,,,,,,,,,,,148.0,150,,,,,,,,,,,,,,,,,,
2026-07-08T17:00:06.274520+00:00,2026-07-08T17:00:06.274472,2,1,147.55,0.9,147.1,8,146.9,99,,,,,,,,,,,,,,,,,148.0,150,,,,,,,,,,,,,,,,,,
2026-07-08T17:00:06.279693+00:00,2026-07-08T17:00:06.279642,2,2,147.4,0.6,147.1,8,146.9,99,,,,,,,,,,,,,,,,,147.7,8,148.0,150,,,,,,,,,,,,,,,,
2026-07-08T17:00:06.579440+00:00,2026-07-08T17:00:06.577965,1,1,147.45,1.1,146.9,99,,,,,,,,,,,,,,,,,,,148.0,150,,,,,,,,,,,,,,,,,,
2026-07-08T17:00:06.600261+00:00,2026-07-08T17:00:06.600208,2,2,147.4,0.6,147.1,8,146.9,99,,,,,,,,,,,,,,,,,147.7,8,148.0,150,,,,,,,,,,,,,,,,
2026-07-08T17:00:06.908278+00:00,2026-07-08T17:00:06.908179,2,1,147.55,0.9,147.1,8,146.9,99,,,,,,,,,,,,,,,,,148.0,150,,,,,,,,,,,,,,,,,,
2026-07-08T17:00:06.913471+00:00,2026-07-08T17:00:06.913370,1,1,147.45,1.1,146.9,99,,,,,,,,,,,,,,,,,,,148.0,150,,,,,,,,,,,,,,,,,,
2026-07-08T17:00:06.929036+00:00,2026-07-08T17:00:06.928960,2,2,147.4,0.6,147.1,8,146.9,99,,,,,,,,,,,,,,,,,147.7,8,148.0,150,,,,,,,,,,,,,,,,
2026-07-08T17:00:07.235981+00:00,2026-07-08T17:00:07.235819,1,1,147.45,1.1,146.9,99,,,,,,,,,,,,,,,,,,,148.0,150,,,,,,,,,,,,,,,,,,
2026-07-08T17:00:07.258754+00:00,2026-07-08T17:00:07.258680,2,1,147.55,0.9,147.1,8,146.9,99,,,,,,,,,,,,,,,,,148.0,150,,,,,,,,,,,,,,,,,,
2026-07-08T17:00:07.263991+00:00,2026-07-08T17:00:07.263966,2,2,147.4,0.6,147.1,8,146.9,99,,,,,,,,,,,,,,,,,147.7,8,148.0,150,,,,,,,,,,,,,,,,
2026-07-08T17:00:07.574813+00:00,2026-07-08T17:00:07.574744,1,1,147.45,1.1,146.9,99,,,,,,,,,,,,,,,,,,,148.0,150,,,,,,,,,,,,,,,,,,
2026-07-08T17:00:07.590827+00:00,2026-07-08T17:00:07.590949,2,2,147.4,0.6,147.1,8,146.9,99,,,,,,,,,,,,,,,,,147.7,8,148.0,150,,,,,,,,,,,,,,,,
2026-07-08T17:00:07.909844+00:00,2026-07-08T17:00:07.908434,2,1,147.55,0.9,147.1,8,146.9,99,,,,,,,,,,,,,,,,,148.0,150,,,,,,,,,,,,,,,,,,
2026-07-08T17:00:07.921464+00:00,2026-07-08T17:00:07.921367,2,2,147.4,0.6,147.1,8,146.9,99,,,,,,,,,,,,,,,,,147.7,8,148.0,150,,,,,,,,,,,,,,,,
2026-07-08T17:00:08.230987+00:00,2026-07-08T17:00:08.230914,1,1,147.45,1.1,146.9,99,,,,,,,,,,,,,,,,,,,148.0,150,,,,,,,,,,,,,,,,,,
2026-07-08T17:00:08.287148+00:00,2026-07-08T17:00:08.287088,2,1,147.55,0.9,147.1,8,146.9,99,,,,,,,,,,,,,,,,,148.0,150,,,,,,,,,,,,,,,,,,
2026-07-08T17:00:08.292416+00:00,2026-07-08T17:00:08.292330,2,2,147.4,0.6,147.1,8,146.9,99,,,,,,,,,,,,,,,,,147.7,8,148.0,150,,,,,,,,,,,,,,,,
2026-07-08T17:00:08.316268+00:00,2026-07-08T17:00:08.316419,2,1,147.55,0.9,147.1,8,146.9,99,,,,,,,,,,,,,,,,,148.0,108,,,,,,,,,,,,,,,,,,
2026-07-08T17:00:08.594771+00:00,2026-07-08T17:00:08.594871,1,1,147.55,0.9,147.1,8,,,,,,,,,,,,,,,,,,,148.0,108,,,,,,,,,,,,,,,,,,
2026-07-08T17:00:08.600218+00:00,2026-07-08T17:00:08.600114,0,1,,,,,,,,,,,,,,,,,,,,,,,148.0,108,,,,,,,,,,,,,,,,,,
2026-07-08T17:00:08.649606+00:00,2026-07-08T17:00:08.649497,1,1,147.55,0.9,147.1,100,,,,,,,,,,,,,,,,,,,148.0,108,,,,,,,,,,,,,,,,,,
2026-07-08T17:00:08.697656+00:00,2026-07-08T17:00:08.697750,1,2,147.35,0.5,147.1,100,,,,,,,,,,,,,,,,,,,147.6,100,148.0,108,,,,,,,,,,,,,,,,
2026-07-08T17:00:08.756112+00:00,2026-07-08T17:00:08.758445,2,2,147.35,0.5,147.1,100,147.0,8,,,,,,,,,,,,,,,,,147.6,100,148.0,108,,,,,,,,,,,,,,,,
2026-07-08T17:00:08.771243+00:00,2026-07-08T17:00:08.771204,2,3,147.35,0.5,147.1,100,147.0,8,,,,,,,,,,,,,,,,,147.6,100,147.7,8,148.0,108,,,,,,,,,,,,,,
2026-07-08T17:00:09.079979+00:00,2026-07-08T17:00:09.080095,1,2,147.35,0.5,147.1,100,,,,,,,,,,,,,,,,,,,147.6,100,148.0,108,,,,,,,,,,,,,,,,
2026-07-08T17:00:09.095550+00:00,2026-07-08T17:00:09.095665,2,3,147.35,0.5,147.1,100,147.0,8,,,,,,,,,,,,,,,,,147.6,100,147.7,8,148.0,108,,,,,,,,,,,,,,
2026-07-08T17:00:09.213079+00:00,2026-07-08T17:00:09.213229,2,2,147.35,0.5,147.1,100,147.0,8,,,,,,,,,,,,,,,,,147.6,100,147.7,8,,,,,,,,,,,,,,,,
2026-07-08T17:00:09.263965+00:00,2026-07-08T17:00:09.263897,3,2,147.35,0.5,147.1,100,147.0,8,146.7,150,,,,,,,,,,,,,,,147.6,100,147.7,8,,,,,,,,,,,,,,,,
2026-07-08T17:00:09.314134+00:00,2026-07-08T17:00:09.313992,3,3,147.15,0.1,147.1,100,147.0,8,146.7,150,,,,,,,,,,,,,,,147.2,150,147.6,100,147.7,8,,,,,,,,,,,,,,
2026-07-08T17:00:09.414826+00:00,2026-07-08T17:00:09.414647,2,2,147.15,0.1,147.1,100,146.7,150,,,,,,,,,,,,,,,,,147.2,150,147.6,100,,,,,,,,,,,,,,,,
2026-07-08T17:00:09.425376+00:00,2026-07-08T17:00:09.425283,3,2,147.15,0.1,147.1,100,146.8,8,146.7,150,,,,,,,,,,,,,,,147.2,150,147.6,100,,,,,,,,,,,,,,,,
2026-07-08T17:00:09.430618+00:00,2026-07-08T17:00:09.430485,3,3,147.15,0.1,147.1,100,146.8,8,146.7,150,,,,,,,,,,,,,,,147.2,150,147.5,8,147.6,100,,,,,,,,,,,,,,
2026-07-08T17:00:09.736004+00:00,2026-07-08T17:00:09.735907,3,2,147.15,0.1,147.1,100,146.8,8,146.7,150,,,,,,,,,,,,,,,147.2,150,147.6,100,,,,,,,,,,,,,,,,
2026-07-08T17:00:09.741133+00:00,2026-07-08T17:00:09.741072,2,2,147.15,0.1,147.1,100,146.7,150,,,,,,,,,,,,,,,,,147.2,150,147.6,100,,,,,,,,,,,,,,,,
2026-07-08T17:00:09.751626+00:00,2026-07-08T17:00:09.751508,3,2,147.15,0.1,147.1,100,146.8,8,146.7,150,,,,,,,,,,,,,,,147.2,150,147.6,100,,,,,,,,,,,,,,,,
2026-07-08T17:00:09.758573+00:00,2026-07-08T17:00:09.756699,3,3,147.15,0.1,147.1,100,146.8,8,146.7,150,,,,,,,,,,,,,,,147.2,150,147.5,8,147.6,100,,,,,,,,,,,,,,
2026-07-08T17:00:10.079576+00:00,2026-07-08T17:00:10.079515,2,2,147.15,0.1,147.1,100,146.7,150,,,,,,,,,,,,,,,,,147.2,150,147.6,100,,,,,,,,,,,,,,,,
2026-07-08T17:00:10.090019+00:00,2026-07-08T17:00:10.089926,3,2,147.15,0.1,147.1,100,146.8,8,146.7,150,,,,,,,,,,,,,,,147.2,150,147.6,100,,,,,,,,,,,,,,,,
2026-07-08T17:00:10.095015+00:00,2026-07-08T17:00:10.095106,3,3,147.15,0.1,147.1,100,146.8,8,146.7,150,,,,,,,,,,,,,,,147.2,150,147.5,8,147.6,100,,,,,,,,,,,,,,
2026-07-08T17:00:10.404409+00:00,2026-07-08T17:00:10.404296,2,2,147.15,0.1,147.1,100,146.7,150,,,,,,,,,,,,,,,,,147.2,150,147.6,100,,,,,,,,,,,,,,,,
2026-07-08T17:00:10.414758+00:00,2026-07-08T17:00:10.414686,3,2,147.15,0.1,147.1,100,146.8,8,146.7,150,,,,,,,,,,,,,,,147.2,150,147.6,100,,,,,,,,,,,,,,,,
2026-07-08T17:00:10.419891+00:00,2026-07-08T17:00:10.419868,3,3,147.15,0.1,147.1,100,146.8,8,146.7,150,,,,,,,,,,,,,,,147.2,150,147.5,8,147.6,100,,,,,,,,,,,,,,
2026-07-08T17:00:10.425161+00:00,2026-07-08T17:00:10.425094,3,3,147.15,0.1,147.1,100,146.8,8,146.7,150,,,,,,,,,,,,,,,147.2,100,147.5,8,147.6,100,,,,,,,,,,,,,,
2026-07-08T17:00:10.728321+00:00,2026-07-08T17:00:10.728204,2,2,147.15,0.1,147.1,100,146.7,150,,,,,,,,,,,,,,,,,147.2,100,147.6,100,,,,,,,,,,,,,,,,
2026-07-08T17:00:10.743726+00:00,2026-07-08T17:00:10.743854,3,3,147.15,0.1,147.1,100,146.8,8,146.7,150,,,,,,,,,,,,,,,147.2,100,147.5,8,147.6,100,,,,,,,,,,,,,,
2026-07-08T17:00:11.058555+00:00,2026-07-08T17:00:11.055789,2,2,147.15,0.1,147.1,100,146.7,150,,,,,,,,,,,,,,,,,147.2,100,147.6,100,,,,,,,,,,,,,,,,
2026-07-08T17:00:11.070533+00:00,2026-07-08T17:00:11.070442,3,3,147.15,0.1,147.1,100,146.8,8,146.7,150,,,,,,,,,,,,,,,147.2,100,147.5,8,147.6,100,,,,,,,,,,,,,,
2026-07-08T17:00:11.379307+00:00,2026-07-08T17:00:11.379283,3,2,147.15,0.1,147.1,100,146.8,8,146.7,150,,,,,,,,,,,,,,,147.2,100,147.6,100,,,,,,,,,,,,,,,,
2026-07-08T17:00:11.384386+00:00,2026-07-08T17:00:11.384469,2,2,147.15,0.1,147.1,100,146.7,150,,,,,,,,,,,,,,,,,147.2,100,147.6,100,,,,,,,,,,,,,,,,
2026-07-08T17:00:11.394976+00:00,2026-07-08T17:00:11.394889,3,3,147.15,0.1,147.1,100,146.8,8,146.7,150,,,,,,,,,,,,,,,147.2,100,147.5,8,147.6,100,,,,,,,,,,,,,,
2026-07-08T17:00:11.708874+00:00,2026-07-08T17:00:11.708776,2,2,147.15,0.1,147.1,100,146.7,150,,,,,,,,,,,,,,,,,147.2,100,147.6,100,,,,,,,,,,,,,,,,
2026-07-08T17:00:11.719290+00:00,2026-07-08T17:00:11.719248,3,2,147.15,0.1,147.1,100,146.8,8,146.7,150,,,,,,,,,,,,,,,147.2,100,147.6,100,,,,,,,,,,,,,,,,
2026-07-08T17:00:11.724526+00:00,2026-07-08T17:00:11.724434,3,3,147.15,0.1,147.1,100,146.8,8,146.7,150,,,,,,,,,,,,,,,147.2,100,147.5,8,147.6,100,,,,,,,,,,,,,,
2026-07-08T17:00:11.758619+00:00,2026-07-08T17:00:11.756077,2,2,147.0,0.4,146.8,8,146.7,150,,,,,,,,,,,,,,,,,147.2,100,147.5,8,,,,,,,,,,,,,,,,
2026-07-08T17:00:11.811292+00:00,2026-07-08T17:00:11.811231,2,1,147.15,0.7,146.8,8,146.7,150,,,,,,,,,,,,,,,,,147.5,8,,,,,,,,,,,,,,,,,,
2026-07-08T17:00:11.879546+00:00,2026-07-08T17:00:11.879421,2,2,147.15,0.7,146.8,8,146.7,150,,,,,,,,,,,,,,,,,147.5,8,147.7,100,,,,,,,,,,,,,,,,
2026-07-08T17:00:12.032985+00:00,2026-07-08T17:00:12.032859,1,1,147.2,1.0,146.7,150,,,,,,,,,,,,,,,,,,,147.7,100,,,,,,,,,,,,,,,,,,
2026-07-08T17:00:12.043409+00:00,2026-07-08T17:00:12.043321,2,1,147.25,0.9,146.8,8,146.7,150,,,,,,,,,,,,,,,,,147.7,100,,,,,,,,,,,,,,,,,,
2026-07-08T17:00:12.048689+00:00,2026-07-08T17:00:12.048570,2,2,147.15,0.7,146.8,8,146.7,150,,,,,,,,,,,,,,,,,147.5,8,147.7,100,,,,,,,,,,,,,,,,
2026-07-08T17:00:12.358626+00:00,2026-07-08T17:00:12.354853,1,1,147.2,1.0,146.7,150,,,,,,,,,,,,,,,,,,,147.7,100,,,,,,,,,,,,,,,,,,
2026-07-08T17:00:12.369028+00:00,2026-07-08T17:00:12.368930,0,1,,,,,,,,,,,,,,,,,,,,,,,147.7,100,,,,,,,,,,,,,,,,,,
2026-07-08T17:00:12.374238+00:00,2026-07-08T17:00:12.374122,1,1,147.25,0.9,146.8,8,,,,,,,,,,,,,,,,,,,147.7,100,,,,,,,,,,,,,,,,,,
2026-07-08T17:00:12.379484+00:00,2026-07-08T17:00:12.379327,1,2,147.15,0.7,146.8,8,,,,,,,,,,,,,,,,,,,147.5,8,147.7,100,,,,,,,,,,,,,,,,
2026-07-08T17:00:12.431285+00:00,2026-07-08T17:00:12.425194,2,2,147.45,0.1,147.4,98,146.8,8,,,,,,,,,,,,,,,,,147.5,8,147.7,100,,,,,,,,,,,,,,,,
2026-07-08T17:00:12.485506+00:00,2026-07-08T17:00:12.485401,2,3,147.45,0.1,147.4,98,146.8,8,,,,,,,,,,,,,,,,,147.5,8,147.7,100,147.9,150,,,,,,,,,,,,,,
2026-07-08T17:00:12.532840+00:00,2026-07-08T17:00:12.532711,2,2,147.55,0.3,147.4,98,146.8,8,,,,,,,,,,,,,,,,,147.7,58,147.9,150,,,,,,,,,,,,,,,,
2026-07-08T17:00:12.689543+00:00,2026-07-08T17:00:12.689403,1,2,147.55,0.3,147.4,98,,,,,,,,,,,,,,,,,,,147.7,58,147.9,150,,,,,,,,,,,,,,,,
2026-07-08T17:00:12.699916+00:00,2026-07-08T17:00:12.699828,2,2,147.55,0.3,147.4,98,147.2,8,,,,,,,,,,,,,,,,,147.7,58,147.9,150,,,,,,,,,,,,,,,,
2026-07-08T17:00:12.705100+00:00,2026-07-08T17:00:12.704988,2,2,147.55,0.3,147.4,98,147.2,8,,,,,,,,,,,,,,,,,147.7,58,147.9,158,,,,,,,,,,,,,,,,
2026-07-08T17:00:12.899603+00:00,2026-07-08T17:00:12.899570,2,2,147.55,0.3,147.4,98,147.2,8,,,,,,,,,,,,,,,,,147.7,15,147.9,158,,,,,,,,,,,,,,,,
2026-07-08T17:00:12.956512+00:00,2026-07-08T17:00:12.956484,2,2,147.55,0.3,147.4,57,147.2,8,,,,,,,,,,,,,,,,,147.7,15,147.9,158,,,,,,,,,,,,,,,,
2026-07-08T17:00:13.014546+00:00,2026-07-08T17:00:13.014475,1,2,147.55,0.3,147.4,57,,,,,,,,,,,,,,,,,,,147.7,15,147.9,150,,,,,,,,,,,,,,,,
2026-07-08T17:00:13.025003+00:00,2026-07-08T17:00:13.024946,2,2,147.55,0.3,147.4,57,147.2,8,,,,,,,,,,,,,,,,,147.7,15,147.9,150,,,,,,,,,,,,,,,,
2026-07-08T17:00:13.030153+00:00,2026-07-08T17:00:13.030094,2,2,147.55,0.3,147.4,57,147.2,8,,,,,,,,,,,,,,,,,147.7,15,147.9,158,,,,,,,,,,,,,,,,
2026-07-08T17:00:13.340821+00:00,2026-07-08T17:00:13.340770,1,2,147.55,0.3,147.4,57,,,,,,,,,,,,,,,,,,,147.7,15,147.9,150,,,,,,,,,,,,,,,,
2026-07-08T17:00:13.351277+00:00,2026-07-08T17:00:13.351204,2,2,147.55,0.3,147.4,57,147.2,8,,,,,,,,,,,,,,,,,147.7,15,147.9,150,,,,,,,,,,,,,,,,
2026-07-08T17:00:13.356293+00:00,2026-07-08T17:00:13.356522,2,2,147.55,0.3,147.4,57,147.2,8,,,,,,,,,,,,,,,,,147.7,15,147.9,158,,,,,,,,,,,,,,,,
2026-07-08T17:00:13.706354+00:00,2026-07-08T17:00:13.706250,2,2,147.55,0.3,147.4,57,147.2,8,,,,,,,,,,,,,,,,,147.7,15,147.9,150,,,,,,,,,,,,,,,,
2026-07-08T17:00:13.711501+00:00,2026-07-08T17:00:13.711407,1,2,147.55,0.3,147.4,57,,,,,,,,,,,,,,,,,,,147.7,15,147.9,150,,,,,,,,,,,,,,,,
2026-07-08T17:00:13.726160+00:00,2026-07-08T17:00:13.720711,2,3,147.55,0.3,147.4,49,147.2,8,,,,,,,,,,,,,,,,,147.7,15,147.8,8,147.9,150,,,,,,,,,,,,,,
2026-07-08T17:00:13.777031+00:00,2026-07-08T17:00:13.771208,2,3,147.55,0.3,147.4,45,147.2,8,,,,,,,,,,,,,,,,,147.7,15,147.8,8,147.9,150,,,,,,,,,,,,,,
2026-07-08T17:00:13.989818+00:00,2026-07-08T17:00:13.989689,1,3,147.45,0.5,147.2,7,,,,,,,,,,,,,,,,,,,147.7,15,147.8,8,147.9,150,,,,,,,,,,,,,,
2026-07-08T17:00:14.035220+00:00,2026-07-08T17:00:14.035417,0,2,,,,,,,,,,,,,,,,,,,,,,,147.7,15,147.9,150,,,,,,,,,,,,,,,,
2026-07-08T17:00:14.639805+00:00,2026-07-08T17:00:14.632289,0,1,,,,,,,,,,,,,,,,,,,,,,,147.9,115,,,,,,,,,,,,,,,,,,
2026-07-08T17:00:14.990869+00:00,2026-07-08T17:00:14.990805,1,1,147.5,0.8,147.1,100,,,,,,,,,,,,,,,,,,,147.9,115,,,,,,,,,,,,,,,,,,
2026-07-08T17:00:15.042894+00:00,2026-07-08T17:00:15.043007,1,2,147.35,0.5,147.1,100,,,,,,,,,,,,,,,,,,,147.6,100,147.9,115,,,,,,,,,,,,,,,,
2026-07-08T17:00:15.139356+00:00,2026-07-08T17:00:15.139236,2,2,147.35,0.5,147.1,100,147.0,8,,,,,,,,,,,,,,,,,147.6,100,147.9,115,,,,,,,,,,,,,,,,
2026-07-08T17:00:15.144459+00:00,2026-07-08T17:00:15.144426,2,2,147.35,0.5,147.1,100,147.0,8,,,,,,,,,,,,,,,,,147.6,108,147.9,115,,,,,,,,,,,,,,,,
2026-07-08T17:00:15.458582+00:00,2026-07-08T17:00:15.458493,1,2,147.35,0.5,147.1,108,,,,,,,,,,,,,,,,,,,147.6,100,147.9,115,,,,,,,,,,,,,,,,
2026-07-08T17:00:15.471473+00:00,2026-07-08T17:00:15.471431,1,2,147.35,0.5,147.1,108,,,,,,,,,,,,,,,,,,,147.6,108,147.9,115,,,,,,,,,,,,,,,,
2026-07-08T17:00:15.536099+00:00,2026-07-08T17:00:15.535912,1,1,147.35,0.5,147.1,108,,,,,,,,,,,,,,,,,,,147.6,108,,,,,,,,,,,,,,,,,,
2026-07-08T17:00:15.590968+00:00,2026-07-08T17:00:15.590935,2,1,147.35,0.5,147.1,108,146.8,150,,,,,,,,,,,,,,,,,147.6,108,,,,,,,,,,,,,,,,,,
2026-07-08T17:00:15.643556+00:00,2026-07-08T17:00:15.643513,2,2,147.2,0.2,147.1,108,146.8,150,,,,,,,,,,,,,,,,,147.3,150,147.6,108,,,,,,,,,,,,,,,,
2026-07-08T17:00:15.778585+00:00,2026-07-08T17:00:15.778538,2,2,147.2,0.2,147.1,108,146.8,150,,,,,,,,,,,,,,,,,147.3,150,147.6,100,,,,,,,,,,,,,,,,
2026-07-08T17:00:15.783836+00:00,2026-07-08T17:00:15.783724,2,2,147.2,0.2,147.1,100,146.8,150,,,,,,,,,,,,,,,,,147.3,150,147.6,100,,,,,,,,,,,,,,,,
2026-07-08T17:00:15.794217+00:00,2026-07-08T17:00:15.794129,3,3,147.2,0.2,147.1,100,146.9,8,146.8,150,,,,,,,,,,,,,,,147.3,150,147.5,8,147.6,100,,,,,,,,,,,,,,
2026-07-08T17:00:16.148507+00:00,2026-07-08T17:00:16.158662,2,2,147.2,0.2,147.1,100,146.8,150,,,,,,,,,,,,,,,,,147.3,150,147.6,100,,,,,,,,,,,,,,,,
2026-07-08T17:00:16.164098+00:00,2026-07-08T17:00:16.163982,3,2,147.2,0.2,147.1,100,146.9,8,146.8,150,,,,,,,,,,,,,,,147.3,150,147.6,100,,,,,,,,,,,,,,,,
2026-07-08T17:00:16.169309+00:00,2026-07-08T17:00:16.169180,3,3,147.2,0.2,147.1,100,146.9,8,146.8,150,,,,,,,,,,,,,,,147.3,150,147.5,8,147.6,100,,,,,,,,,,,,,,
2026-07-08T17:00:16.476570+00:00,2026-07-08T17:00:16.476540,2,2,147.2,0.2,147.1,100,146.8,150,,,,,,,,,,,,,,,,,147.3,150,147.6,100,,,,,,,,,,,,,,,,
2026-07-08T17:00:16.486990+00:00,2026-07-08T17:00:16.486923,3,2,147.2,0.2,147.1,100,146.9,8,146.8,150,,,,,,,,,,,,,,,147.3,150,147.6,100,,,,,,,,,,,,,,,,
2026-07-08T17:00:16.492148+00:00,2026-07-08T17:00:16.492097,3,3,147.2,0.2,147.1,100,146.9,8,146.8,150,,,,,,,,,,,,,,,147.3,150,147.5,8,147.6,100,,,,,,,,,,,,,,
2026-07-08T17:00:16.758606+00:00,2026-07-08T17:00:16.746065,3,3,147.2,0.2,147.1,100,146.9,8,146.8,150,,,,,,,,,,,,,,,147.3,100,147.5,8,147.6,100,,,,,,,,,,,,,,
2026-07-08T17:00:16.797533+00:00,2026-07-08T17:00:16.797452,3,2,147.2,0.2,147.1,100,146.9,8,146.8,150,,,,,,,,,,,,,,,147.3,100,147.6,100,,,,,,,,,,,,,,,,
2026-07-08T17:00:16.802714+00:00,2026-07-08T17:00:16.802625,2,2,147.2,0.2,147.1,100,146.8,150,,,,,,,,,,,,,,,,,147.3,100,147.6,100,,,,,,,,,,,,,,,,
2026-07-08T17:00:16.813058+00:00,2026-07-08T17:00:16.813022,3,2,147.2,0.2,147.1,100,147.0,8,146.8,150,,,,,,,,,,,,,,,147.3,100,147.6,100,,,,,,,,,,,,,,,,
2026-07-08T17:00:16.818271+00:00,2026-07-08T17:00:16.818193,3,3,147.2,0.2,147.1,100,147.0,8,146.8,150,,,,,,,,,,,,,,,147.3,100,147.5,8,147.6,100,,,,,,,,,,,,,,
2026-07-08T17:00:17.125668+00:00,2026-07-08T17:00:17.125578,3,2,147.2,0.2,147.1,100,147.0,8,146.8,150,,,,,,,,,,,,,,,147.3,100,147.6,100,,,,,,,,,,,,,,,,
2026-07-08T17:00:17.130798+00:00,2026-07-08T17:00:17.130754,2,2,147.2,0.2,147.1,100,146.8,150,,,,,,,,,,,,,,,,,147.3,100,147.6,100,,,,,,,,,,,,,,,,
2026-07-08T17:00:17.141255+00:00,2026-07-08T17:00:17.141174,3,3,147.2,0.2,147.1,100,147.0,8,146.8,150,,,,,,,,,,,,,,,147.3,100,147.4,8,147.6,100,,,,,,,,,,,,,,
2026-07-08T17:00:17.458590+00:00,2026-07-08T17:00:17.454803,2,2,147.2,0.2,147.1,100,146.8,150,,,,,,,,,,,,,,,,,147.3,100,147.6,100,,,,,,,,,,,,,,,,
2026-07-08T17:00:17.469580+00:00,2026-07-08T17:00:17.469477,3,3,147.2,0.2,147.1,100,147.0,8,146.8,150,,,,,,,,,,,,,,,147.3,100,147.4,8,147.6,100,,,,,,,,,,,,,,
2026-07-08T17:00:17.630001+00:00,2026-07-08T17:00:17.629932,3,3,147.2,0.2,147.1,100,147.0,8,146.8,150,,,,,,,,,,,,,,,147.3,56,147.4,8,147.6,100,,,,,,,,,,,,,,
2026-07-08T17:00:17.780873+00:00,2026-07-08T17:00:17.780978,2,2,147.2,0.2,147.1,100,146.8,150,,,,,,,,,,,,,,,,,147.3,56,147.6,100,,,,,,,,,,,,,,,,
2026-07-08T17:00:17.796531+00:00,2026-07-08T17:00:17.796498,3,3,147.2,0.2,147.1,100,147.0,8,146.8,150,,,,,,,,,,,,,,,147.3,56,147.4,8,147.6,100,,,,,,,,,,,,,,
2026-07-08T17:00:18.099170+00:00,2026-07-08T17:00:18.099062,2,2,147.15,0.3,147.0,8,146.8,150,,,,,,,,,,,,,,,,,147.3,56,147.4,8,,,,,,,,,,,,,,,,
2026-07-08T17:00:18.104381+00:00,2026-07-08T17:00:18.104312,1,1,147.05,0.5,146.8,150,,,,,,,,,,,,,,,,,,,147.3,56,,,,,,,,,,,,,,,,,,
2026-07-08T17:00:18.120319+00:00,2026-07-08T17:00:18.120204,1,1,147.05,0.5,146.8,158,,,,,,,,,,,,,,,,,,,147.3,56,,,,,,,,,,,,,,,,,,
2026-07-08T17:00:18.125472+00:00,2026-07-08T17:00:18.125378,1,1,147.05,0.5,146.8,158,,,,,,,,,,,,,,,,,,,147.3,64,,,,,,,,,,,,,,,,,,
2026-07-08T17:00:18.150560+00:00,2026-07-08T17:00:18.150455,2,1,147.15,0.3,147.0,100,146.8,158,,,,,,,,,,,,,,,,,147.3,64,,,,,,,,,,,,,,,,,,
2026-07-08T17:00:18.204175+00:00,2026-07-08T17:00:18.204132,2,2,147.15,0.3,147.0,100,146.8,158,,,,,,,,,,,,,,,,,147.3,64,147.5,100,,,,,,,,,,,,,,,,
2026-07-08T17:00:18.434497+00:00,2026-07-08T17:00:18.434458,2,2,147.15,0.3,147.0,100,146.8,150,,,,,,,,,,,,,,,,,147.3,56,147.5,100,,,,,,,,,,,,,,,,
2026-07-08T17:00:18.444970+00:00,2026-07-08T17:00:18.444856,3,2,147.15,0.3,147.0,100,146.9,8,146.8,150,,,,,,,,,,,,,,,147.3,56,147.5,100,,,,,,,,,,,,,,,,
2026-07-08T17:00:18.450160+00:00,2026-07-08T17:00:18.450035,3,3,147.15,0.3,147.0,100,146.9,8,146.8,150,,,,,,,,,,,,,,,147.3,56,147.4,8,147.5,100,,,,,,,,,,,,,,
2026-07-08T17:00:18.698050+00:00,2026-07-08T17:00:18.698001,2,2,147.2,0.4,147.0,100,146.9,8,,,,,,,,,,,,,,,,,147.4,8,147.5,100,,,,,,,,,,,,,,,,
2026-07-08T17:00:18.758619+00:00,2026-07-08T17:00:18.754849,2,1,147.3,0.4,147.1,150,147.0,100,,,,,,,,,,,,,,,,,147.5,100,,,,,,,,,,,,,,,,,,
2026-07-08T17:00:18.776534+00:00,2026-07-08T17:00:18.776408,2,1,147.3,0.4,147.1,158,147.0,100,,,,,,,,,,,,,,,,,147.5,100,,,,,,,,,,,,,,,,,,
2026-07-08T17:00:18.781746+00:00,2026-07-08T17:00:18.781614,2,1,147.3,0.4,147.1,158,147.0,100,,,,,,,,,,,,,,,,,147.5,108,,,,,,,,,,,,,,,,,,
2026-07-08T17:00:18.807689+00:00,2026-07-08T17:00:18.807609,2,2,147.3,0.4,147.1,158,147.0,100,,,,,,,,,,,,,,,,,147.5,108,147.6,150,,,,,,,,,,,,,,,,
2026-07-08T17:00:18.853157+00:00,2026-07-08T17:00:18.853047,2,2,147.3,0.4,147.1,158,147.0,100,,,,,,,,,,,,,,,,,147.5,58,147.6,150,,,,,,,,,,,,,,,,
2026-07-08T17:00:19.088064+00:00,2026-07-08T17:00:19.087989,2,2,147.3,0.4,147.1,150,147.0,100,,,,,,,,,,,,,,,,,147.5,50,147.6,150,,,,,,,,,,,,,,,,
2026-07-08T17:00:19.098271+00:00,2026-07-08T17:00:19.098391,2,2,147.3,0.4,147.1,158,147.0,100,,,,,,,,,,,,,,,,,147.5,50,147.6,150,,,,,,,,,,,,,,,,
2026-07-08T17:00:19.103471+00:00,2026-07-08T17:00:19.103571,2,2,147.3,0.4,147.1,158,147.0,100,,,,,,,,,,,,,,,,,147.5,58,147.6,150,,,,,,,,,,,,,,,,
2026-07-08T17:00:19.411547+00:00,2026-07-08T17:00:19.411468,2,2,147.3,0.4,147.1,150,147.0,100,,,,,,,,,,,,,,,,,147.5,50,147.6,150,,,,,,,,,,,,,,,,
2026-07-08T17:00:19.421897+00:00,2026-07-08T17:00:19.421873,2,2,147.3,0.4,147.1,158,147.0,100,,,,,,,,,,,,,,,,,147.5,50,147.6,150,,,,,,,,,,,,,,,,
2026-07-08T17:00:19.427146+00:00,2026-07-08T17:00:19.427056,2,2,147.3,0.4,147.1,158,147.0,100,,,,,,,,,,,,,,,,,147.5,58,147.6,150,,,,,,,,,,,,,,,,
2026-07-08T17:00:19.590443+00:00,2026-07-08T17:00:19.590303,2,2,147.3,0.4,147.1,158,147.0,100,,,,,,,,,,,,,,,,,147.5,9,147.6,150,,,,,,,,,,,,,,,,
2026-07-08T17:00:19.765477+00:00,2026-07-08T17:00:19.765428,2,2,147.3,0.4,147.1,150,147.0,100,,,,,,,,,,,,,,,,,147.5,1,147.6,150,,,,,,,,,,,,,,,,
2026-07-08T17:00:19.775855+00:00,2026-07-08T17:00:19.775812,2,2,147.3,0.4,147.1,158,147.0,100,,,,,,,,,,,,,,,,,147.5,1,147.6,150,,,,,,,,,,,,,,,,
2026-07-08T17:00:19.781026+00:00,2026-07-08T17:00:19.780988,2,2,147.3,0.4,147.1,158,147.0,100,,,,,,,,,,,,,,,,,147.5,9,147.6,150,,,,,,,,,,,,,,,,
2026-07-08T17:00:20.089624+00:00,2026-07-08T17:00:20.089507,2,2,147.3,0.4,147.1,150,147.0,100,,,,,,,,,,,,,,,,,147.5,1,147.6,150,,,,,,,,,,,,,,,,
2026-07-08T17:00:20.099767+00:00,2026-07-08T17:00:20.099898,2,2,147.3,0.4,147.1,158,147.0,100,,,,,,,,,,,,,,,,,147.5,1,147.6,150,,,,,,,,,,,,,,,,
2026-07-08T17:00:20.105171+00:00,2026-07-08T17:00:20.105082,2,2,147.3,0.4,147.1,158,147.0,100,,,,,,,,,,,,,,,,,147.5,9,147.6,150,,,,,,,,,,,,,,,,
2026-07-08T17:00:20.420200+00:00,2026-07-08T17:00:20.420136,2,2,147.3,0.4,147.1,150,147.0,100,,,,,,,,,,,,,,,,,147.5,1,147.6,150,,,,,,,,,,,,,,,,
2026-07-08T17:00:20.435965+00:00,2026-07-08T17:00:20.435873,2,2,147.3,0.4,147.1,158,147.0,100,,,,,,,,,,,,,,,,,147.5,9,147.6,150,,,,,,,,,,,,,,,,
2026-07-08T17:00:20.748581+00:00,2026-07-08T17:00:20.748701,2,2,147.3,0.4,147.1,150,147.0,100,,,,,,,,,,,,,,,,,147.5,1,147.6,150,,,,,,,,,,,,,,,,
2026-07-08T17:00:20.758590+00:00,2026-07-08T17:00:20.755246,2,2,147.3,0.4,147.1,158,147.0,100,,,,,,,,,,,,,,,,,147.5,9,147.6,150,,,,,,,,,,,,,,,,
2026-07-08T17:00:20.958582+00:00,2026-07-08T17:00:20.957665,2,1,147.35,0.5,147.1,158,147.0,100,,,,,,,,,,,,,,,,,147.6,109,,,,,,,,,,,,,,,,,,
2026-07-08T17:00:21.069820+00:00,2026-07-08T17:00:21.069738,2,1,147.35,0.5,147.1,150,147.0,100,,,,,,,,,,,,,,,,,147.6,109,,,,,,,,,,,,,,,,,,
2026-07-08T17:00:21.080003+00:00,2026-07-08T17:00:21.080119,2,1,147.35,0.5,147.1,158,147.0,100,,,,,,,,,,,,,,,,,147.6,109,,,,,,,,,,,,,,,,,,
2026-07-08T17:00:21.085414+00:00,2026-07-08T17:00:21.085292,2,1,147.35,0.5,147.1,158,147.0,100,,,,,,,,,,,,,,,,,147.6,117,,,,,,,,,,,,,,,,,,
2026-07-08T17:00:21.258575+00:00,2026-07-08T17:00:21.253911,1,1,147.35,0.5,147.1,158,,,,,,,,,,,,,,,,,,,147.6,117,,,,,,,,,,,,,,,,,,
2026-07-08T17:00:21.312801+00:00,2026-07-08T17:00:21.312653,2,1,147.45,0.3,147.3,100,147.1,158,,,,,,,,,,,,,,,,,147.6,117,,,,,,,,,,,,,,,,,,
2026-07-08T17:00:21.358618+00:00,2026-07-08T17:00:21.356410,2,2,147.45,0.3,147.3,100,147.1,158,,,,,,,,,,,,,,,,,147.6,117,147.8,100,,,,,,,,,,,,,,,,
2026-07-08T17:00:21.392122+00:00,2026-07-08T17:00:21.392088,2,2,147.45,0.3,147.3,100,147.1,150,,,,,,,,,,,,,,,,,147.6,109,147.8,100,,,,,,,,,,,,,,,,
2026-07-08T17:00:21.407852+00:00,2026-07-08T17:00:21.407751,3,3,147.45,0.3,147.3,100,147.2,8,147.1,150,,,,,,,,,,,,,,,147.6,109,147.7,8,147.8,100,,,,,,,,,,,,,,
2026-07-08T17:00:21.563935+00:00,2026-07-08T17:00:21.563821,3,3,147.45,0.3,147.3,52,147.2,8,147.1,150,,,,,,,,,,,,,,,147.6,109,147.7,8,147.8,100,,,,,,,,,,,,,,
2026-07-08T17:00:21.721200+00:00,2026-07-08T17:00:21.721131,2,2,147.45,0.3,147.3,52,147.1,150,,,,,,,,,,,,,,,,,147.6,109,147.8,100,,,,,,,,,,,,,,,,
2026-07-08T17:00:21.731622+00:00,2026-07-08T17:00:21.731546,3,2,147.45,0.3,147.3,52,147.2,8,147.1,150,,,,,,,,,,,,,,,147.6,109,147.8,100,,,,,,,,,,,,,,,,
2026-07-08T17:00:21.736851+00:00,2026-07-08T17:00:21.736737,3,3,147.45,0.3,147.3,52,147.2,8,147.1,150,,,,,,,,,,,,,,,147.6,109,147.7,8,147.8,100,,,,,,,,,,,,,,
2026-07-08T17:00:21.858574+00:00,2026-07-08T17:00:21.857681,2,2,147.5,0.4,147.3,52,147.2,8,,,,,,,,,,,,,,,,,147.7,8,147.8,100,,,,,,,,,,,,,,,,
2026-07-08T17:00:21.917438+00:00,2026-07-08T17:00:21.917405,2,2,147.5,0.4,147.3,202,147.2,8,,,,,,,,,,,,,,,,,147.7,8,147.8,100,,,,,,,,,,,,,,,,
2026-07-08T17:00:21.970020+00:00,2026-07-08T17:00:21.969892,2,2,147.5,0.4,147.3,202,147.2,8,,,,,,,,,,,,,,,,,147.7,8,147.8,250,,,,,,,,,,,,,,,,
2026-07-08T17:00:22.041910+00:00,2026-07-08T17:00:22.041856,2,1,147.55,0.5,147.3,202,147.2,8,,,,,,,,,,,,,,,,,147.8,250,,,,,,,,,,,,,,,,,,
2026-07-08T17:00:22.046964+00:00,2026-07-08T17:00:22.047066,1,1,147.55,0.5,147.3,202,,,,,,,,,,,,,,,,,,,147.8,250,,,,,,,,,,,,,,,,,,
2026-07-08T17:00:22.058599+00:00,2026-07-08T17:00:22.057577,1,1,147.55,0.5,147.3,210,,,,,,,,,,,,,,,,,,,147.8,258,,,,,,,,,,,,,,,,,,
2026-07-08T17:00:22.370076+00:00,2026-07-08T17:00:22.369973,1,1,147.55,0.5,147.3,210,,,,,,,,,,,,,,,,,,,147.8,250,,,,,,,,,,,,,,,,,,
2026-07-08T17:00:22.375274+00:00,2026-07-08T17:00:22.375208,1,1,147.55,0.5,147.3,202,,,,,,,,,,,,,,,,,,,147.8,250,,,,,,,,,,,,,,,,,,
2026-07-08T17:00:22.391035+00:00,2026-07-08T17:00:22.390988,1,1,147.55,0.5,147.3,210,,,,,,,,,,,,,,,,,,,147.8,258,,,,,,,,,,,,,,,,,,
2026-07-08T17:00:22.698671+00:00,2026-07-08T17:00:22.698630,1,1,147.55,0.5,147.3,210,,,,,,,,,,,,,,,,,,,147.8,250,,,,,,,,,,,,,,,,,,
2026-07-08T17:00:22.703933+00:00,2026-07-08T17:00:22.703821,1,1,147.55,0.5,147.3,202,,,,,,,,,,,,,,,,,,,147.8,250,,,,,,,,,,,,,,,,,,
2026-07-08T17:00:22.714260+00:00,2026-07-08T17:00:22.714218,1,1,147.55,0.5,147.3,210,,,,,,,,,,,,,,,,,,,147.8,258,,,,,,,,,,,,,,,,,,
2026-07-08T17:00:22.918131+00:00,2026-07-08T17:00:22.911226,1,1,147.55,0.5,147.3,188,,,,,,,,,,,,,,,,,,,147.8,258,,,,,,,,,,,,,,,,,,
2026-07-08T17:00:23.022556+00:00,2026-07-08T17:00:23.022681,1,1,147.55,0.5,147.3,188,,,,,,,,,,,,,,,,,,,147.8,250,,,,,,,,,,,,,,,,,,
2026-07-08T17:00:23.027935+00:00,2026-07-08T17:00:23.027870,1,1,147.55,0.5,147.3,180,,,,,,,,,,,,,,,,,,,147.8,250,,,,,,,,,,,,,,,,,,
2026-07-08T17:00:23.038418+00:00,2026-07-08T17:00:23.038300,1,1,147.55,0.5,147.3,188,,,,,,,,,,,,,,,,,,,147.8,258,,,,,,,,,,,,,,,,,,
2026-07-08T17:00:23.077654+00:00,2026-07-08T17:00:23.077577,1,1,147.55,0.5,147.3,188,,,,,,,,,,,,,,,,,,,147.8,208,,,,,,,,,,,,,,,,,,
2026-07-08T17:00:23.350550+00:00,2026-07-08T17:00:23.350501,1,1,147.55,0.5,147.3,180,,,,,,,,,,,,,,,,,,,147.8,200,,,,,,,,,,,,,,,,,,
2026-07-08T17:00:23.358656+00:00,2026-07-08T17:00:23.355856,1,1,147.55,0.5,147.3,188,,,,,,,,,,,,,,,,,,,147.8,200,,,,,,,,,,,,,,,,,,
2026-07-08T17:00:23.369623+00:00,2026-07-08T17:00:23.369527,1,1,147.55,0.5,147.3,188,,,,,,,,,,,,,,,,,,,147.8,208,,,,,,,,,,,,,,,,,,
2026-07-08T17:00:23.678034+00:00,2026-07-08T17:00:23.677885,1,1,147.55,0.5,147.3,180,,,,,,,,,,,,,,,,,,,147.8,200,,,,,,,,,,,,,,,,,,
2026-07-08T17:00:23.688234+00:00,2026-07-08T17:00:23.688357,1,1,147.55,0.5,147.3,188,,,,,,,,,,,,,,,,,,,147.8,200,,,,,,,,,,,,,,,,,,
2026-07-08T17:00:23.693440+00:00,2026-07-08T17:00:23.693537,1,1,147.55,0.5,147.3,188,,,,,,,,,,,,,,,,,,,147.8,208,,,,,,,,,,,,,,,,,,
2026-07-08T17:00:24.022853+00:00,2026-07-08T17:00:24.022692,1,1,147.55,0.5,147.3,188,,,,,,,,,,,,,,,,,,,147.8,200,,,,,,,,,,,,,,,,,,
2026-07-08T17:00:24.027997+00:00,2026-07-08T17:00:24.027868,1,1,147.55,0.5,147.3,180,,,,,,,,,,,,,,,,,,,147.8,200,,,,,,,,,,,,,,,,,,
2026-07-08T17:00:24.038453+00:00,2026-07-08T17:00:24.038374,1,1,147.55,0.5,147.3,188,,,,,,,,,,,,,,,,,,,147.8,200,,,,,,,,,,,,,,,,,,
2026-07-08T17:00:24.043709+00:00,2026-07-08T17:00:24.043583,1,1,147.55,0.5,147.3,188,,,,,,,,,,,,,,,,,,,147.8,208,,,,,,,,,,,,,,,,,,
2026-07-08T17:00:24.358686+00:00,2026-07-08T17:00:24.355841,1,1,147.55,0.5,147.3,188,,,,,,,,,,,,,,,,,,,147.8,208,,,,,,,,,,,,,,,,,,
2026-07-08T17:00:24.419551+00:00,2026-07-08T17:00:24.419410,1,1,147.55,0.5,147.3,158,,,,,,,,,,,,,,,,,,,147.8,158,,,,,,,,,,,,,,,,,,
2026-07-08T17:00:24.473160+00:00,2026-07-08T17:00:24.472947,2,1,147.55,0.5,147.3,158,147.1,100,,,,,,,,,,,,,,,,,147.8,158,,,,,,,,,,,,,,,,,,
2026-07-08T17:00:24.525456+00:00,2026-07-08T17:00:24.525554,2,2,147.45,0.3,147.3,158,147.1,100,,,,,,,,,,,,,,,,,147.6,100,147.8,158,,,,,,,,,,,,,,,,
2026-07-08T17:00:24.694192+00:00,2026-07-08T17:00:24.694110,2,2,147.45,0.3,147.3,158,147.1,100,,,,,,,,,,,,,,,,,147.6,100,147.8,150,,,,,,,,,,,,,,,,
2026-07-08T17:00:24.699455+00:00,2026-07-08T17:00:24.699288,2,2,147.45,0.3,147.3,150,147.1,100,,,,,,,,,,,,,,,,,147.6,100,147.8,150,,,,,,,,,,,,,,,,
2026-07-08T17:00:24.715185+00:00,2026-07-08T17:00:24.715110,3,2,147.45,0.3,147.3,150,147.2,8,147.1,100,,,,,,,,,,,,,,,147.6,100,147.8,150,,,,,,,,,,,,,,,,
2026-07-08T17:00:24.720369+00:00,2026-07-08T17:00:24.720298,3,3,147.45,0.3,147.3,150,147.2,8,147.1,100,,,,,,,,,,,,,,,147.6,100,147.7,8,147.8,150,,,,,,,,,,,,,,
2026-07-08T17:00:25.024345+00:00,2026-07-08T17:00:25.024232,2,2,147.4,0.4,147.2,8,147.1,100,,,,,,,,,,,,,,,,,147.6,100,147.7,8,,,,,,,,,,,,,,,,
2026-07-08T17:00:25.029596+00:00,2026-07-08T17:00:25.029524,2,1,147.4,0.4,147.2,8,147.1,100,,,,,,,,,,,,,,,,,147.6,100,,,,,,,,,,,,,,,,,,
2026-07-08T17:00:25.034802+00:00,2026-07-08T17:00:25.034692,1,1,147.35,0.5,147.1,100,,,,,,,,,,,,,,,,,,,147.6,100,,,,,,,,,,,,,,,,,,
2026-07-08T17:00:25.045207+00:00,2026-07-08T17:00:25.045172,1,1,147.35,0.5,147.1,108,,,,,,,,,,,,,,,,,,,147.6,108,,,,,,,,,,,,,,,,,,
2026-07-08T17:00:25.075142+00:00,2026-07-08T17:00:25.075122,2,1,147.4,0.4,147.2,150,147.1,108,,,,,,,,,,,,,,,,,147.6,108,,,,,,,,,,,,,,,,,,
2026-07-08T17:00:25.130961+00:00,2026-07-08T17:00:25.130835,2,2,147.4,0.4,147.2,150,147.1,108,,,,,,,,,,,,,,,,,147.6,108,147.7,150,,,,,,,,,,,,,,,,
2026-07-08T17:00:25.184976+00:00,2026-07-08T17:00:25.184453,2,2,147.4,0.4,147.2,150,147.1,108,,,,,,,,,,,,,,,,,147.6,58,147.7,150,,,,,,,,,,,,,,,,
2026-07-08T17:00:25.358609+00:00,2026-07-08T17:00:25.357944,2,2,147.4,0.4,147.2,150,147.1,100,,,,,,,,,,,,,,,,,147.6,50,147.7,150,,,,,,,,,,,,,,,,
2026-07-08T17:00:25.369668+00:00,2026-07-08T17:00:25.369564,2,2,147.4,0.4,147.2,150,147.1,108,,,,,,,,,,,,,,,,,147.6,50,147.7,150,,,,,,,,,,,,,,,,
2026-07-08T17:00:25.374913+00:00,2026-07-08T17:00:25.374776,2,2,147.4,0.4,147.2,150,147.1,108,,,,,,,,,,,,,,,,,147.6,50,147.7,158,,,,,,,,,,,,,,,,
2026-07-08T17:00:25.683664+00:00,2026-07-08T17:00:25.683598,2,2,147.4,0.4,147.2,150,147.1,100,,,,,,,,,,,,,,,,,147.6,50,147.7,150,,,,,,,,,,,,,,,,
2026-07-08T17:00:25.694065+00:00,2026-07-08T17:00:25.694034,2,2,147.4,0.4,147.2,150,147.1,108,,,,,,,,,,,,,,,,,147.6,50,147.7,150,,,,,,,,,,,,,,,,
2026-07-08T17:00:25.699292+00:00,2026-07-08T17:00:25.699253,2,2,147.4,0.4,147.2,150,147.1,108,,,,,,,,,,,,,,,,,147.6,50,147.7,158,,,,,,,,,,,,,,,,
2026-07-08T17:00:26.007663+00:00,2026-07-08T17:00:26.007618,2,2,147.4,0.4,147.2,150,147.1,108,,,,,,,,,,,,,,,,,147.6,50,147.7,150,,,,,,,,,,,,,,,,
2026-07-08T17:00:26.012831+00:00,2026-07-08T17:00:26.012791,2,2,147.4,0.4,147.2,150,147.1,100,,,,,,,,,,,,,,,,,147.6,50,147.7,150,,,,,,,,,,,,,,,,
2026-07-08T17:00:26.023310+00:00,2026-07-08T17:00:26.023203,2,2,147.4,0.4,147.2,150,147.1,108,,,,,,,,,,,,,,,,,147.6,50,147.7,158,,,,,,,,,,,,,,,,
2026-07-08T17:00:26.336593+00:00,2026-07-08T17:00:26.336514,2,2,147.4,0.4,147.2,150,147.1,100,,,,,,,,,,,,,,,,,147.6,50,147.7,150,,,,,,,,,,,,,,,,
2026-07-08T17:00:26.346994+00:00,2026-07-08T17:00:26.346963,2,2,147.4,0.4,147.2,150,147.1,108,,,,,,,,,,,,,,,,,147.6,50,147.7,150,,,,,,,,,,,,,,,,
2026-07-08T17:00:26.352177+00:00,2026-07-08T17:00:26.352135,2,2,147.4,0.4,147.2,150,147.1,108,,,,,,,,,,,,,,,,,147.6,50,147.7,158,,,,,,,,,,,,,,,,
2026-07-08T17:00:26.658626+00:00,2026-07-08T17:00:26.656673,2,2,147.4,0.4,147.2,150,147.1,100,,,,,,,,,,,,,,,,,147.6,50,147.7,150,,,,,,,,,,,,,,,,
2026-07-08T17:00:26.674765+00:00,2026-07-08T17:00:26.674891,2,2,147.4,0.4,147.2,150,147.1,108,,,,,,,,,,,,,,,,,147.6,50,147.7,150,,,,,,,,,,,,,,,,
2026-07-08T17:00:26.680220+00:00,2026-07-08T17:00:26.680107,2,2,147.4,0.4,147.2,150,147.1,108,,,,,,,,,,,,,,,,,147.6,50,147.7,158,,,,,,,,,,,,,,,,
2026-07-08T17:00:26.988982+00:00,2026-07-08T17:00:26.988889,2,2,147.4,0.4,147.2,150,147.1,100,,,,,,,,,,,,,,,,,147.6,50,147.7,150,,,,,,,,,,,,,,,,
2026-07-08T17:00:26.999293+00:00,2026-07-08T17:00:26.999262,2,2,147.4,0.4,147.2,150,147.1,108,,,,,,,,,,,,,,,,,147.6,50,147.7,150,,,,,,,,,,,,,,,,
2026-07-08T17:00:27.004567+00:00,2026-07-08T17:00:27.004431,2,2,147.4,0.4,147.2,150,147.1,108,,,,,,,,,,,,,,,,,147.6,50,147.7,158,,,,,,,,,,,,,,,,
2026-07-08T17:00:27.291884+00:00,2026-07-08T17:00:27.291778,2,1,147.45,0.5,147.2,150,147.1,108,,,,,,,,,,,,,,,,,147.7,158,,,,,,,,,,,,,,,,,,
2026-07-08T17:00:27.313766+00:00,2026-07-08T17:00:27.313626,2,1,147.45,0.5,147.2,150,147.1,100,,,,,,,,,,,,,,,,,147.7,150,,,,,,,,,,,,,,,,,,
2026-07-08T17:00:27.324083+00:00,2026-07-08T17:00:27.324309,2,1,147.45,0.5,147.2,158,147.1,100,,,,,,,,,,,,,,,,,147.7,150,,,,,,,,,,,,,,,,,,
2026-07-08T17:00:27.329633+00:00,2026-07-08T17:00:27.329551,2,1,147.45,0.5,147.2,158,147.1,100,,,,,,,,,,,,,,,,,147.7,158,,,,,,,,,,,,,,,,,,
2026-07-08T17:00:27.580464+00:00,2026-07-08T17:00:27.580337,1,1,147.45,0.5,147.2,158,,,,,,,,,,,,,,,,,,,147.7,158,,,,,,,,,,,,,,,,,,
2026-07-08T17:00:27.661736+00:00,2026-07-08T17:00:27.655573,2,1,147.6,0.2,147.5,88,147.2,150,,,,,,,,,,,,,,,,,147.7,150,,,,,,,,,,,,,,,,,,
2026-07-08T17:00:27.682547+00:00,2026-07-08T17:00:27.682853,3,2,147.6,0.2,147.5,88,147.3,8,147.2,150,,,,,,,,,,,,,,,147.7,150,147.8,8,,,,,,,,,,,,,,,,
2026-07-08T17:00:27.699085+00:00,2026-07-08T17:00:27.698880,3,3,147.6,0.2,147.5,88,147.3,8,147.2,150,,,,,,,,,,,,,,,147.7,150,147.8,8,148.0,100,,,,,,,,,,,,,,
2026-07-08T17:00:27.993499+00:00,2026-07-08T17:00:27.993449,2,2,147.6,0.2,147.5,88,147.2,150,,,,,,,,,,,,,,,,,147.7,150,148.0,100,,,,,,,,,,,,,,,,
2026-07-08T17:00:28.003889+00:00,2026-07-08T17:00:28.003863,3,2,147.6,0.2,147.5,88,147.3,8,147.2,150,,,,,,,,,,,,,,,147.7,150,148.0,100,,,,,,,,,,,,,,,,
2026-07-08T17:00:28.009093+00:00,2026-07-08T17:00:28.009049,3,3,147.6,0.2,147.5,88,147.3,8,147.2,150,,,,,,,,,,,,,,,147.7,150,147.8,8,148.0,100,,,,,,,,,,,,,,
2026-07-08T17:00:28.188594+00:00,2026-07-08T17:00:28.188466,3,2,147.65,0.3,147.5,88,147.3,8,147.2,150,,,,,,,,,,,,,,,147.8,8,148.0,100,,,,,,,,,,,,,,,,
2026-07-08T17:00:28.193735+00:00,2026-07-08T17:00:28.193660,2,2,147.65,0.3,147.5,88,147.3,8,,,,,,,,,,,,,,,,,147.8,8,148.0,100,,,,,,,,,,,,,,,,
2026-07-08T17:00:28.255640+00:00,2026-07-08T17:00:28.255784,3,2,147.65,0.3,147.5,88,147.3,8,147.2,150,,,,,,,,,,,,,,,147.8,8,148.0,100,,,,,,,,,,,,,,,,
2026-07-08T17:00:28.310251+00:00,2026-07-08T17:00:28.310434,3,3,147.6,0.2,147.5,88,147.3,8,147.2,150,,,,,,,,,,,,,,,147.7,150,147.8,8,148.0,100,,,,,,,,,,,,,,
2026-07-08T17:00:28.315600+00:00,2026-07-08T17:00:28.315723,2,2,147.6,0.2,147.5,88,147.2,150,,,,,,,,,,,,,,,,,147.7,150,148.0,100,,,,,,,,,,,,,,,,
2026-07-08T17:00:28.331434+00:00,2026-07-08T17:00:28.331334,3,2,147.6,0.2,147.5,88,147.3,8,147.2,150,,,,,,,,,,,,,,,147.7,150,148.0,100,,,,,,,,,,,,,,,,
2026-07-08T17:00:28.341917+00:00,2026-07-08T17:00:28.341826,3,3,147.6,0.2,147.5,88,147.3,8,147.2,150,,,,,,,,,,,,,,,147.7,150,147.8,8,148.0,100,,,,,,,,,,,,,,
2026-07-08T17:00:28.646189+00:00,2026-07-08T17:00:28.646133,3,2,147.6,0.2,147.5,88,147.3,8,147.2,150,,,,,,,,,,,,,,,147.7,150,148.0,100,,,,,,,,,,,,,,,,
2026-07-08T17:00:28.651407+00:00,2026-07-08T17:00:28.651305,2,2,147.6,0.2,147.5,88,147.2,150,,,,,,,,,,,,,,,,,147.7,150,148.0,100,,,,,,,,,,,,,,,,
2026-07-08T17:00:28.658644+00:00,2026-07-08T17:00:28.656612,3,2,147.6,0.2,147.5,88,147.4,8,147.2,150,,,,,,,,,,,,,,,147.7,150,148.0,100,,,,,,,,,,,,,,,,
2026-07-08T17:00:28.663807+00:00,2026-07-08T17:00:28.663729,3,3,147.6,0.2,147.5,88,147.4,8,147.2,150,,,,,,,,,,,,,,,147.7,150,147.8,8,148.0,100,,,,,,,,,,,,,,
2026-07-08T17:00:28.976237+00:00,2026-07-08T17:00:28.976069,2,2,147.6,0.2,147.5,88,147.2,150,,,,,,,,,,,,,,,,,147.7,150,148.0,100,,,,,,,,,,,,,,,,
2026-07-08T17:00:28.986792+00:00,2026-07-08T17:00:28.986709,3,2,147.6,0.2,147.5,88,147.4,8,147.2,150,,,,,,,,,,,,,,,147.7,150,148.0,100,,,,,,,,,,,,,,,,
2026-07-08T17:00:28.991804+00:00,2026-07-08T17:00:28.991947,3,3,147.6,0.2,147.5,88,147.4,8,147.2,150,,,,,,,,,,,,,,,147.7,150,147.8,8,148.0,100,,,,,,,,,,,,,,
2026-07-08T17:00:29.298209+00:00,2026-07-08T17:00:29.298099,3,2,147.6,0.2,147.5,88,147.4,8,147.2,150,,,,,,,,,,,,,,,147.7,150,148.0,100,,,,,,,,,,,,,,,,
2026-07-08T17:00:29.303469+00:00,2026-07-08T17:00:29.303368,2,2,147.6,0.2,147.5,88,147.2,150,,,,,,,,,,,,,,,,,147.7,150,148.0,100,,,,,,,,,,,,,,,,
2026-07-08T17:00:29.314115+00:00,2026-07-08T17:00:29.313993,3,3,147.6,0.2,147.5,88,147.4,8,147.2,150,,,,,,,,,,,,,,,147.7,150,147.8,8,148.0,100,,,,,,,,,,,,,,
2026-07-08T17:00:29.397838+00:00,2026-07-08T17:00:29.397673,3,3,147.6,0.2,147.5,88,147.4,8,147.2,150,,,,,,,,,,,,,,,147.7,100,147.8,8,148.0,100,,,,,,,,,,,,,,
2026-07-08T17:00:29.631994+00:00,2026-07-08T17:00:29.632176,2,2,147.6,0.2,147.5,88,147.2,150,,,,,,,,,,,,,,,,,147.7,100,148.0,100,,,,,,,,,,,,,,,,
2026-07-08T17:00:29.642918+00:00,2026-07-08T17:00:29.642828,3,3,147.6,0.2,147.5,88,147.4,8,147.2,150,,,,,,,,,,,,,,,147.7,100,147.8,8,148.0,100,,,,,,,,,,,,,,
2026-07-08T17:00:29.818201+00:00,2026-07-08T17:00:29.818062,3,3,147.6,0.2,147.5,43,147.4,8,147.2,150,,,,,,,,,,,,,,,147.7,100,147.8,8,148.0,100,,,,,,,,,,,,,,
2026-07-08T17:00:29.958503+00:00,2026-07-08T17:00:29.958716,2,2,147.6,0.2,147.5,43,147.2,150,,,,,,,,,,,,,,,,,147.7,100,148.0,100,,,,,,,,,,,,,,,,
2026-07-08T17:00:29.969106+00:00,2026-07-08T17:00:29.969267,3,2,147.6,0.2,147.5,43,147.4,8,147.2,150,,,,,,,,,,,,,,,147.7,100,148.0,100,,,,,,,,,,,,,,,,
2026-07-08T17:00:29.974639+00:00,2026-07-08T17:00:29.974518,3,3,147.6,0.2,147.5,43,147.4,8,147.2,150,,,,,,,,,,,,,,,147.7,100,147.8,8,148.0,100,,,,,,,,,,,,,,
2026-07-08T17:00:30.279547+00:00,2026-07-08T17:00:30.279479,3,2,147.6,0.2,147.5,43,147.4,8,147.2,150,,,,,,,,,,,,,,,147.7,100,148.0,100,,,,,,,,,,,,,,,,
2026-07-08T17:00:30.284850+00:00,2026-07-08T17:00:30.284728,2,2,147.6,0.2,147.5,43,147.2,150,,,,,,,,,,,,,,,,,147.7,100,148.0,100,,,,,,,,,,,,,,,,
2026-07-08T17:00:30.295388+00:00,2026-07-08T17:00:30.295340,3,3,147.6,0.2,147.5,43,147.4,8,147.2,150,,,,,,,,,,,,,,,147.7,100,147.8,8,148.0,100,,,,,,,,,,,,,,
2026-07-08T17:00:30.602218+00:00,2026-07-08T17:00:30.602159,3,2,147.6,0.2,147.5,43,147.4,8,147.2,150,,,,,,,,,,,,,,,147.7,100,148.0,100,,,,,,,,,,,,,,,,
2026-07-08T17:00:30.607625+00:00,2026-07-08T17:00:30.607416,2,2,147.6,0.2,147.5,43,147.2,150,,,,,,,,,,,,,,,,,147.7,100,148.0,100,,,,,,,,,,,,,,,,
2026-07-08T17:00:30.618074+00:00,2026-07-08T17:00:30.618037,3,3,147.6,0.2,147.5,43,147.4,8,147.2,150,,,,,,,,,,,,,,,147.7,100,147.8,8,148.0,100,,,,,,,,,,,,,,
2026-07-08T17:00:30.776746+00:00,2026-07-08T17:00:30.754579,2,2,147.55,0.3,147.4,8,147.2,150,,,,,,,,,,,,,,,,,147.7,100,147.8,8,,,,,,,,,,,,,,,,
2026-07-08T17:00:30.812478+00:00,2026-07-08T17:00:30.812632,2,2,147.55,0.3,147.4,108,147.2,150,,,,,,,,,,,,,,,,,147.7,100,147.8,8,,,,,,,,,,,,,,,,
2026-07-08T17:00:30.874942+00:00,2026-07-08T17:00:30.874764,2,3,147.55,0.3,147.4,108,147.2,150,,,,,,,,,,,,,,,,,147.7,100,147.8,8,147.9,100,,,,,,,,,,,,,,
2026-07-08T17:00:30.934884+00:00,2026-07-08T17:00:30.934758,2,2,147.55,0.3,147.4,100,147.2,150,,,,,,,,,,,,,,,,,147.7,100,147.9,100,,,,,,,,,,,,,,,,
2026-07-08T17:00:30.950778+00:00,2026-07-08T17:00:30.950607,3,2,147.55,0.3,147.4,100,147.3,8,147.2,150,,,,,,,,,,,,,,,147.7,100,147.9,100,,,,,,,,,,,,,,,,
2026-07-08T17:00:30.958692+00:00,2026-07-08T17:00:30.955966,3,3,147.55,0.3,147.4,100,147.3,8,147.2,150,,,,,,,,,,,,,,,147.7,100,147.8,8,147.9,100,,,,,,,,,,,,,,
2026-07-08T17:00:31.269056+00:00,2026-07-08T17:00:31.268985,3,2,147.55,0.3,147.4,100,147.3,8,147.2,150,,,,,,,,,,,,,,,147.7,100,147.9,100,,,,,,,,,,,,,,,,
2026-07-08T17:00:31.274273+00:00,2026-07-08T17:00:31.274148,2,2,147.55,0.3,147.4,100,147.2,150,,,,,,,,,,,,,,,,,147.7,100,147.9,100,,,,,,,,,,,,,,,,
2026-07-08T17:00:31.284745+00:00,2026-07-08T17:00:31.284609,3,2,147.55,0.3,147.4,100,147.3,8,147.2,150,,,,,,,,,,,,,,,147.7,100,147.9,100,,,,,,,,,,,,,,,,
2026-07-08T17:00:31.289933+00:00,2026-07-08T17:00:31.289856,3,3,147.55,0.3,147.4,100,147.3,8,147.2,150,,,,,,,,,,,,,,,147.7,100,147.8,8,147.9,100,,,,,,,,,,,,,,
2026-07-08T17:00:31.365169+00:00,2026-07-08T17:00:31.365061,2,2,147.6,0.4,147.4,100,147.3,8,,,,,,,,,,,,,,,,,147.8,8,147.9,100,,,,,,,,,,,,,,,,
2026-07-08T17:00:31.420415+00:00,2026-07-08T17:00:31.420338,3,2,147.7,0.2,147.6,150,147.4,100,147.3,8,,,,,,,,,,,,,,,147.8,8,147.9,100,,,,,,,,,,,,,,,,
2026-07-08T17:00:31.473988+00:00,2026-07-08T17:00:31.473896,3,3,147.7,0.2,147.6,150,147.4,100,147.3,8,,,,,,,,,,,,,,,147.8,8,147.9,100,148.1,150,,,,,,,,,,,,,,
2026-07-08T17:00:31.510524+00:00,2026-07-08T17:00:31.510448,3,2,147.75,0.3,147.6,150,147.4,100,147.3,8,,,,,,,,,,,,,,,147.9,58,148.1,150,,,,,,,,,,,,,,,,
2026-07-08T17:00:31.599437+00:00,2026-07-08T17:00:31.599360,2,2,147.75,0.3,147.6,150,147.4,100,,,,,,,,,,,,,,,,,147.9,58,148.1,150,,,,,,,,,,,,,,,,
2026-07-08T17:00:31.609815+00:00,2026-07-08T17:00:31.609734,3,2,147.75,0.3,147.6,150,147.5,8,147.4,100,,,,,,,,,,,,,,,147.9,58,148.1,150,,,,,,,,,,,,,,,,
2026-07-08T17:00:31.615046+00:00,2026-07-08T17:00:31.614957,3,3,147.75,0.3,147.6,150,147.5,8,147.4,100,,,,,,,,,,,,,,,147.9,58,148.0,8,148.1,150,,,,,,,,,,,,,,
2026-07-08T17:00:31.625541+00:00,2026-07-08T17:00:31.625484,3,3,147.75,0.3,147.6,150,147.5,8,147.4,100,,,,,,,,,,,,,,,147.9,11,148.0,8,148.1,150,,,,,,,,,,,,,,
2026-07-08T17:00:31.924886+00:00,2026-07-08T17:00:31.924802,2,2,147.75,0.3,147.6,150,147.4,100,,,,,,,,,,,,,,,,,147.9,11,148.1,150,,,,,,,,,,,,,,,,
2026-07-08T17:00:31.940487+00:00,2026-07-08T17:00:31.940421,3,3,147.75,0.3,147.6,150,147.5,8,147.4,100,,,,,,,,,,,,,,,147.9,11,148.0,8,148.1,150,,,,,,,,,,,,,,
2026-07-08T17:00:32.253350+00:00,2026-07-08T17:00:32.253292,2,2,147.75,0.3,147.6,150,147.4,100,,,,,,,,,,,,,,,,,147.9,11,148.1,150,,,,,,,,,,,,,,,,
2026-07-08T17:00:32.263817+00:00,2026-07-08T17:00:32.263736,3,3,147.75,0.3,147.6,150,147.5,8,147.4,100,,,,,,,,,,,,,,,147.9,11,148.0,8,148.1,150,,,,,,,,,,,,,,
2026-07-08T17:00:32.577148+00:00,2026-07-08T17:00:32.577120,2,2,147.75,0.3,147.6,150,147.4,100,,,,,,,,,,,,,,,,,147.9,11,148.1,150,,,,,,,,,,,,,,,,
2026-07-08T17:00:32.587648+00:00,2026-07-08T17:00:32.587573,2,2,147.75,0.3,147.6,158,147.4,100,,,,,,,,,,,,,,,,,147.9,11,148.1,150,,,,,,,,,,,,,,,,
2026-07-08T17:00:32.592817+00:00,2026-07-08T17:00:32.592749,2,3,147.75,0.3,147.6,158,147.4,100,,,,,,,,,,,,,,,,,147.9,11,148.0,8,148.1,150,,,,,,,,,,,,,,
2026-07-08T17:00:32.907568+00:00,2026-07-08T17:00:32.907545,2,2,147.75,0.3,147.6,158,147.4,100,,,,,,,,,,,,,,,,,147.9,11,148.1,150,,,,,,,,,,,,,,,,
2026-07-08T17:00:32.912788+00:00,2026-07-08T17:00:32.912731,2,2,147.75,0.3,147.6,150,147.4,100,,,,,,,,,,,,,,,,,147.9,11,148.1,150,,,,,,,,,,,,,,,,
2026-07-08T17:00:32.923233+00:00,2026-07-08T17:00:32.923167,2,2,147.75,0.3,147.6,158,147.4,100,,,,,,,,,,,,,,,,,147.9,11,148.1,150,,,,,,,,,,,,,,,,
2026-07-08T17:00:32.928273+00:00,2026-07-08T17:00:32.928386,2,3,147.75,0.3,147.6,158,147.4,100,,,,,,,,,,,,,,,,,147.9,11,148.0,8,148.1,150,,,,,,,,,,,,,,
2026-07-08T17:00:33.237685+00:00,2026-07-08T17:00:33.237850,2,2,147.75,0.3,147.6,150,147.4,100,,,,,,,,,,,,,,,,,147.9,11,148.1,150,,,,,,,,,,,,,,,,
2026-07-08T17:00:33.253479+00:00,2026-07-08T17:00:33.253429,2,3,147.75,0.3,147.6,158,147.4,100,,,,,,,,,,,,,,,,,147.9,11,148.0,8,148.1,150,,,,,,,,,,,,,,
2026-07-08T17:00:33.564413+00:00,2026-07-08T17:00:33.564314,2,2,147.75,0.3,147.6,150,147.4,100,,,,,,,,,,,,,,,,,147.9,11,148.1,150,,,,,,,,,,,,,,,,
2026-07-08T17:00:33.580325+00:00,2026-07-08T17:00:33.580299,2,3,147.75,0.3,147.6,158,147.4,100,,,,,,,,,,,,,,,,,147.9,11,148.0,8,148.1,150,,,,,,,,,,,,,,
2026-07-08T17:00:33.619033+00:00,2026-07-08T17:00:33.619202,2,1,147.85,0.5,147.6,158,147.4,100,,,,,,,,,,,,,,,,,148.1,119,,,,,,,,,,,,,,,,,,
2026-07-08T17:00:33.889586+00:00,2026-07-08T17:00:33.889531,2,1,147.85,0.5,147.6,150,147.4,100,,,,,,,,,,,,,,,,,148.1,119,,,,,,,,,,,,,,,,,,
2026-07-08T17:00:33.905233+00:00,2026-07-08T17:00:33.905115,3,1,147.9,0.4,147.7,8,147.6,150,147.4,100,,,,,,,,,,,,,,,148.1,127,,,,,,,,,,,,,,,,,,
2026-07-08T17:00:33.926923+00:00,2026-07-08T17:00:33.926881,2,1,147.9,0.4,147.7,8,147.6,150,,,,,,,,,,,,,,,,,148.1,127,,,,,,,,,,,,,,,,,,
2026-07-08T17:00:33.979668+00:00,2026-07-08T17:00:33.979571,3,1,147.95,0.3,147.8,100,147.7,8,147.6,150,,,,,,,,,,,,,,,148.1,127,,,,,,,,,,,,,,,,,,
2026-07-08T17:00:34.032853+00:00,2026-07-08T17:00:34.032958,3,2,147.95,0.3,147.8,100,147.7,8,147.6,150,,,,,,,,,,,,,,,148.1,127,148.3,100,,,,,,,,,,,,,,,,
2026-07-08T17:00:34.214826+00:00,2026-07-08T17:00:34.214736,2,2,147.95,0.3,147.8,100,147.6,150,,,,,,,,,,,,,,,,,148.1,119,148.3,100,,,,,,,,,,,,,,,,
2026-07-08T17:00:34.225200+00:00,2026-07-08T17:00:34.225166,2,2,147.95,0.3,147.8,108,147.6,150,,,,,,,,,,,,,,,,,148.1,119,148.3,100,,,,,,,,,,,,,,,,
2026-07-08T17:00:34.230461+00:00,2026-07-08T17:00:34.230336,2,3,147.95,0.3,147.8,108,147.6,150,,,,,,,,,,,,,,,,,148.1,119,148.2,8,148.3,100,,,,,,,,,,,,,,
2026-07-08T17:00:34.408312+00:00,2026-07-08T17:00:34.401793,2,3,147.95,0.3,147.8,97,147.6,150,,,,,,,,,,,,,,,,,148.1,119,148.2,8,148.3,100,,,,,,,,,,,,,,
2026-07-08T17:00:34.527747+00:00,2026-07-08T17:00:34.527699,1,2,148.0,0.4,147.8,97,,,,,,,,,,,,,,,,,,,148.2,8,148.3,100,,,,,,,,,,,,,,,,
2026-07-08T17:00:34.538215+00:00,2026-07-08T17:00:34.538157,1,1,148.05,0.5,147.8,89,,,,,,,,,,,,,,,,,,,148.3,100,,,,,,,,,,,,,,,,,,
2026-07-08T17:00:34.564348+00:00,2026-07-08T17:00:34.557746,1,2,148.0,0.4,147.8,89,,,,,,,,,,,,,,,,,,,148.2,8,148.3,100,,,,,,,,,,,,,,,,
2026-07-08T17:00:34.579869+00:00,2026-07-08T17:00:34.579752,2,2,148.0,0.4,147.8,89,147.7,150,,,,,,,,,,,,,,,,,148.2,8,148.3,100,,,,,,,,,,,,,,,,
2026-07-08T17:00:34.634125+00:00,2026-07-08T17:00:34.634075,2,2,148.0,0.4,147.8,89,147.7,150,,,,,,,,,,,,,,,,,148.2,158,148.3,100,,,,,,,,,,,,,,,,
2026-07-08T17:00:34.863971+00:00,2026-07-08T17:00:34.863912,2,2,148.0,0.4,147.8,89,147.7,150,,,,,,,,,,,,,,,,,148.2,150,148.3,100,,,,,,,,,,,,,,,,
2026-07-08T17:00:34.874331+00:00,2026-07-08T17:00:34.874292,2,2,148.0,0.4,147.8,97,147.7,150,,,,,,,,,,,,,,,,,148.2,150,148.3,100,,,,,,,,,,,,,,,,
2026-07-08T17:00:34.879613+00:00,2026-07-08T17:00:34.879446,2,2,148.0,0.4,147.8,97,147.7,150,,,,,,,,,,,,,,,,,148.2,158,148.3,100,,,,,,,,,,,,,,,,
2026-07-08T17:00:35.188774+00:00,2026-07-08T17:00:35.188669,2,2,148.0,0.4,147.8,89,147.7,150,,,,,,,,,,,,,,,,,148.2,150,148.3,100,,,,,,,,,,,,,,,,
2026-07-08T17:00:35.204393+00:00,2026-07-08T17:00:35.204249,2,2,148.0,0.4,147.8,97,147.7,150,,,,,,,,,,,,,,,,,148.2,158,148.3,100,,,,,,,,,,,,,,,,
2026-07-08T17:00:35.515893+00:00,2026-07-08T17:00:35.516086,2,2,148.0,0.4,147.8,89,147.7,150,,,,,,,,,,,,,,,,,148.2,150,148.3,100,,,,,,,,,,,,,,,,
2026-07-08T17:00:35.531913+00:00,2026-07-08T17:00:35.531885,2,2,148.0,0.4,147.8,97,147.7,150,,,,,,,,,,,,,,,,,148.2,158,148.3,100,,,,,,,,,,,,,,,,
2026-07-08T17:00:35.758590+00:00,2026-07-08T17:00:35.758339,2,2,148.0,0.4,147.8,97,147.7,150,,,,,,,,,,,,,,,,,148.2,108,148.3,100,,,,,,,,,,,,,,,,
2026-07-08T17:00:35.838768+00:00,2026-07-08T17:00:35.838951,2,2,148.0,0.4,147.8,97,147.7,150,,,,,,,,,,,,,,,,,148.2,100,148.3,100,,,,,,,,,,,,,,,,
2026-07-08T17:00:35.844192+00:00,2026-07-08T17:00:35.844145,2,2,148.0,0.4,147.8,89,147.7,150,,,,,,,,,,,,,,,,,148.2,100,148.3,100,,,,,,,,,,,,,,,,
2026-07-08T17:00:35.854694+00:00,2026-07-08T17:00:35.854579,2,2,148.0,0.4,147.8,97,147.7,150,,,,,,,,,,,,,,,,,148.2,108,148.3,100,,,,,,,,,,,,,,,,
2026-07-08T17:00:36.184855+00:00,2026-07-08T17:00:36.184730,2,2,148.0,0.4,147.8,89,147.7,150,,,,,,,,,,,,,,,,,148.2,100,148.3,100,,,,,,,,,,,,,,,,
2026-07-08T17:00:36.195055+00:00,2026-07-08T17:00:36.195174,2,2,148.0,0.4,147.8,97,147.7,150,,,,,,,,,,,,,,,,,148.2,100,148.3,100,,,,,,,,,,,,,,,,
2026-07-08T17:00:36.200457+00:00,2026-07-08T17:00:36.200349,2,2,148.0,0.4,147.8,97,147.7,150,,,,,,,,,,,,,,,,,148.2,108,148.3,100,,,,,,,,,,,,,,,,
2026-07-08T17:00:36.505563+00:00,2026-07-08T17:00:36.505723,2,2,148.0,0.4,147.8,97,147.7,150,,,,,,,,,,,,,,,,,148.2,100,148.3,100,,,,,,,,,,,,,,,,
2026-07-08T17:00:36.510801+00:00,2026-07-08T17:00:36.510901,2,2,148.0,0.4,147.8,89,147.7,150,,,,,,,,,,,,,,,,,148.2,100,148.3,100,,,,,,,,,,,,,,,,
2026-07-08T17:00:36.521485+00:00,2026-07-08T17:00:36.521430,2,2,148.0,0.4,147.8,97,147.7,150,,,,,,,,,,,,,,,,,148.2,100,148.3,100,,,,,,,,,,,,,,,,
2026-07-08T17:00:36.526528+00:00,2026-07-08T17:00:36.526620,2,2,148.0,0.4,147.8,97,147.7,150,,,,,,,,,,,,,,,,,148.2,108,148.3,100,,,,,,,,,,,,,,,,
2026-07-08T17:00:36.842054+00:00,2026-07-08T17:00:36.841967,2,2,148.0,0.4,147.8,89,147.7,150,,,,,,,,,,,,,,,,,148.2,100,148.3,100,,,,,,,,,,,,,,,,
2026-07-08T17:00:36.858646+00:00,2026-07-08T17:00:36.852530,2,2,148.0,0.4,147.8,97,147.7,150,,,,,,,,,,,,,,,,,148.2,108,148.3,100,,,,,,,,,,,,,,,,
2026-07-08T17:00:37.087785+00:00,2026-07-08T17:00:37.087765,2,1,148.0,0.4,147.8,8,147.7,150,,,,,,,,,,,,,,,,,148.2,108,,,,,,,,,,,,,,,,,,
2026-07-08T17:00:37.158612+00:00,2026-07-08T17:00:37.144461,3,1,148.05,0.3,147.9,100,147.8,8,147.7,150,,,,,,,,,,,,,,,148.2,108,,,,,,,,,,,,,,,,,,
2026-07-08T17:00:37.169208+00:00,2026-07-08T17:00:37.169116,2,1,148.05,0.3,147.9,100,147.7,150,,,,,,,,,,,,,,,,,148.2,100,,,,,,,,,,,,,,,,,,
2026-07-08T17:00:37.179651+00:00,2026-07-08T17:00:37.179556,2,1,148.05,0.3,147.9,108,147.7,150,,,,,,,,,,,,,,,,,148.2,100,,,,,,,,,,,,,,,,,,
2026-07-08T17:00:37.184650+00:00,2026-07-08T17:00:37.184758,2,1,148.05,0.3,147.9,108,147.7,150,,,,,,,,,,,,,,,,,148.2,108,,,,,,,,,,,,,,,,,,
2026-07-08T17:00:37.195206+00:00,2026-07-08T17:00:37.195162,2,2,148.05,0.3,147.9,108,147.7,150,,,,,,,,,,,,,,,,,148.2,108,148.4,100,,,,,,,,,,,,,,,,
2026-07-08T17:00:37.342730+00:00,2026-07-08T17:00:37.336896,2,2,148.05,0.3,147.9,104,147.7,150,,,,,,,,,,,,,,,,,148.2,108,148.4,100,,,,,,,,,,,,,,,,
2026-07-08T17:00:37.494400+00:00,2026-07-08T17:00:37.494532,2,2,148.05,0.3,147.9,96,147.7,150,,,,,,,,,,,,,,,,,148.2,100,148.4,100,,,,,,,,,,,,,,,,
2026-07-08T17:00:37.505055+00:00,2026-07-08T17:00:37.504963,2,2,148.05,0.3,147.9,104,147.7,150,,,,,,,,,,,,,,,,,148.2,100,148.4,100,,,,,,,,,,,,,,,,
2026-07-08T17:00:37.510190+00:00,2026-07-08T17:00:37.510131,2,2,148.05,0.3,147.9,104,147.7,150,,,,,,,,,,,,,,,,,148.2,108,148.4,100,,,,,,,,,,,,,,,,
2026-07-08T17:00:37.686860+00:00,2026-07-08T17:00:37.686818,2,2,148.05,0.3,147.9,104,147.7,150,,,,,,,,,,,,,,,,,148.2,8,148.4,100,,,,,,,,,,,,,,,,
2026-07-08T17:00:37.692046+00:00,2026-07-08T17:00:37.691987,1,2,148.05,0.3,147.9,104,,,,,,,,,,,,,,,,,,,148.2,8,148.4,100,,,,,,,,,,,,,,,,
2026-07-08T17:00:37.743068+00:00,2026-07-08T17:00:37.743003,1,2,148.05,0.3,147.9,254,,,,,,,,,,,,,,,,,,,148.2,8,148.4,100,,,,,,,,,,,,,,,,
2026-07-08T17:00:37.797693+00:00,2026-07-08T17:00:37.797545,1,2,148.05,0.3,147.9,254,,,,,,,,,,,,,,,,,,,148.2,8,148.4,250,,,,,,,,,,,,,,,,
2026-07-08T17:00:37.818737+00:00,2026-07-08T17:00:37.818626,1,1,148.15,0.5,147.9,246,,,,,,,,,,,,,,,,,,,148.4,250,,,,,,,,,,,,,,,,,,
2026-07-08T17:00:37.829335+00:00,2026-07-08T17:00:37.829292,2,1,148.2,0.4,148.0,8,147.9,246,,,,,,,,,,,,,,,,,148.4,250,,,,,,,,,,,,,,,,,,
2026-07-08T17:00:37.839584+00:00,2026-07-08T17:00:37.833405,1,2,148.1,0.4,147.9,246,,,,,,,,,,,,,,,,,,,148.3,8,148.4,250,,,,,,,,,,,,,,,,
2026-07-08T17:00:37.865697+00:00,2026-07-08T17:00:37.865547,1,1,148.15,0.5,147.9,246,,,,,,,,,,,,,,,,,,,148.4,208,,,,,,,,,,,,,,,,,,
2026-07-08T17:00:38.069114+00:00,2026-07-08T17:00:38.069212,1,1,148.15,0.5,147.9,198,,,,,,,,,,,,,,,,,,,148.4,208,,,,,,,,,,,,,,,,,,
2026-07-08T17:00:38.178607+00:00,2026-07-08T17:00:38.169975,2,2,148.15,0.3,148.0,5,147.9,198,,,,,,,,,,,,,,,,,148.3,8,148.4,208,,,,,,,,,,,,,,,,
2026-07-08T17:00:38.464610+00:00,2026-07-08T17:00:38.464780,2,1,148.2,0.4,148.0,5,147.9,198,,,,,,,,,,,,,,,,,148.4,208,,,,,,,,,,,,,,,,,,
2026-07-08T17:00:38.470152+00:00,2026-07-08T17:00:38.469971,1,1,148.15,0.5,147.9,198,,,,,,,,,,,,,,,,,,,148.4,208,,,,,,,,,,,,,,,,,,
2026-07-08T17:00:38.480483+00:00,2026-07-08T17:00:38.480404,2,1,148.2,0.4,148.0,8,147.9,198,,,,,,,,,,,,,,,,,148.4,208,,,,,,,,,,,,,,,,,,
2026-07-08T17:00:38.485503+00:00,2026-07-08T17:00:38.485601,2,2,148.15,0.3,148.0,8,147.9,198,,,,,,,,,,,,,,,,,148.3,8,148.4,208,,,,,,,,,,,,,,,,
2026-07-08T17:00:38.794431+00:00,2026-07-08T17:00:38.794346,1,1,148.15,0.5,147.9,198,,,,,,,,,,,,,,,,,,,148.4,208,,,,,,,,,,,,,,,,,,
2026-07-08T17:00:38.804621+00:00,2026-07-08T17:00:38.804747,2,1,148.2,0.4,148.0,8,147.9,198,,,,,,,,,,,,,,,,,148.4,208,,,,,,,,,,,,,,,,,,
2026-07-08T17:00:38.809953+00:00,2026-07-08T17:00:38.809924,2,2,148.15,0.3,148.0,8,147.9,198,,,,,,,,,,,,,,,,,148.3,8,148.4,208,,,,,,,,,,,,,,,,
2026-07-08T17:00:39.120215+00:00,2026-07-08T17:00:39.120189,1,1,148.15,0.5,147.9,198,,,,,,,,,,,,,,,,,,,148.4,208,,,,,,,,,,,,,,,,,,
2026-07-08T17:00:39.158581+00:00,2026-07-08T17:00:39.156091,2,1,148.2,0.4,148.0,8,147.9,198,,,,,,,,,,,,,,,,,148.4,208,,,,,,,,,,,,,,,,,,
2026-07-08T17:00:39.168708+00:00,2026-07-08T17:00:39.168857,2,2,148.15,0.3,148.0,8,147.9,198,,,,,,,,,,,,,,,,,148.3,8,148.4,208,,,,,,,,,,,,,,,,
2026-07-08T17:00:39.477948+00:00,2026-07-08T17:00:39.478098,2,1,148.2,0.4,148.0,8,147.9,198,,,,,,,,,,,,,,,,,148.4,208,,,,,,,,,,,,,,,,,,
2026-07-08T17:00:39.483477+00:00,2026-07-08T17:00:39.483298,1,1,148.15,0.5,147.9,198,,,,,,,,,,,,,,,,,,,148.4,208,,,,,,,,,,,,,,,,,,
2026-07-08T17:00:39.498948+00:00,2026-07-08T17:00:39.499114,2,2,148.15,0.3,148.0,8,147.9,198,,,,,,,,,,,,,,,,,148.3,8,148.4,208,,,,,,,,,,,,,,,,
2026-07-08T17:00:39.808500+00:00,2026-07-08T17:00:39.808664,1,1,148.15,0.5,147.9,198,,,,,,,,,,,,,,,,,,,148.4,208,,,,,,,,,,,,,,,,,,
2026-07-08T17:00:39.824412+00:00,2026-07-08T17:00:39.824363,2,2,148.15,0.3,148.0,8,147.9,198,,,,,,,,,,,,,,,,,148.3,8,148.4,208,,,,,,,,,,,,,,,,
2026-07-08T17:00:39.985897+00:00,2026-07-08T17:00:39.985825,2,1,148.2,0.4,148.0,8,147.9,198,,,,,,,,,,,,,,,,,148.4,166,,,,,,,,,,,,,,,,,,
2026-07-08T17:00:40.135752+00:00,2026-07-08T17:00:40.135676,1,1,148.15,0.5,147.9,198,,,,,,,,,,,,,,,,,,,148.4,166,,,,,,,,,,,,,,,,,,
2026-07-08T17:00:40.146172+00:00,2026-07-08T17:00:40.146127,2,2,148.15,0.3,148.0,8,147.9,198,,,,,,,,,,,,,,,,,148.3,8,148.4,166,,,,,,,,,,,,,,,,
2026-07-08T17:00:40.253441+00:00,2026-07-08T17:00:40.253403,2,2,148.15,0.3,148.0,8,147.9,150,,,,,,,,,,,,,,,,,148.3,8,148.4,150,,,,,,,,,,,,,,,,
2026-07-08T17:00:40.304968+00:00,2026-07-08T17:00:40.304854,2,2,148.15,0.3,148.0,8,147.9,250,,,,,,,,,,,,,,,,,148.3,8,148.4,150,,,,,,,,,,,,,,,,
2026-07-08T17:00:40.363861+00:00,2026-07-08T17:00:40.363804,2,2,148.15,0.3,148.0,8,147.9,250,,,,,,,,,,,,,,,,,148.3,8,148.4,250,,,,,,,,,,,,,,,,
2026-07-08T17:00:40.466976+00:00,2026-07-08T17:00:40.466907,1,1,148.15,0.5,147.9,250,,,,,,,,,,,,,,,,,,,148.4,250,,,,,,,,,,,,,,,,,,
2026-07-08T17:00:40.482629+00:00,2026-07-08T17:00:40.482515,2,2,148.15,0.3,148.0,8,147.9,250,,,,,,,,,,,,,,,,,148.3,8,148.4,250,,,,,,,,,,,,,,,,
2026-07-08T17:00:40.789033+00:00,2026-07-08T17:00:40.789189,2,1,148.2,0.4,148.0,8,147.9,250,,,,,,,,,,,,,,,,,148.4,250,,,,,,,,,,,,,,,,,,
2026-07-08T17:00:40.794286+00:00,2026-07-08T17:00:40.794366,1,1,148.15,0.5,147.9,250,,,,,,,,,,,,,,,,,,,148.4,250,,,,,,,,,,,,,,,,,,
2026-07-08T17:00:40.804986+00:00,2026-07-08T17:00:40.804900,2,1,148.2,0.4,148.0,8,147.9,250,,,,,,,,,,,,,,,,,148.4,250,,,,,,,,,,,,,,,,,,
2026-07-08T17:00:40.810247+00:00,2026-07-08T17:00:40.810107,2,2,148.15,0.3,148.0,8,147.9,250,,,,,,,,,,,,,,,,,148.3,8,148.4,250,,,,,,,,,,,,,,,,
2026-07-08T17:00:40.858667+00:00,2026-07-08T17:00:40.853300,2,2,148.15,0.3,148.0,8,147.9,100,,,,,,,,,,,,,,,,,148.3,8,148.4,100,,,,,,,,,,,,,,,,
2026-07-08T17:00:40.904671+00:00,2026-07-08T17:00:40.904633,3,2,148.15,0.3,148.0,8,147.9,100,147.8,150,,,,,,,,,,,,,,,148.3,8,148.4,100,,,,,,,,,,,,,,,,
2026-07-08T17:00:40.958603+00:00,2026-07-08T17:00:40.958022,3,2,148.15,0.3,148.0,8,147.9,100,147.8,150,,,,,,,,,,,,,,,148.3,158,148.4,100,,,,,,,,,,,,,,,,
2026-07-08T17:00:41.139763+00:00,2026-07-08T17:00:41.139694,2,2,148.1,0.4,147.9,100,147.8,150,,,,,,,,,,,,,,,,,148.3,150,148.4,100,,,,,,,,,,,,,,,,
2026-07-08T17:00:41.144782+00:00,2026-07-08T17:00:41.148602,2,2,148.1,0.4,147.9,108,147.8,150,,,,,,,,,,,,,,,,,148.3,158,148.4,100,,,,,,,,,,,,,,,,
2026-07-08T17:00:41.280447+00:00,2026-07-08T17:00:41.274297,2,2,148.1,0.4,147.9,105,147.8,150,,,,,,,,,,,,,,,,,148.3,158,148.4,100,,,,,,,,,,,,,,,,
2026-07-08T17:00:41.458584+00:00,2026-07-08T17:00:41.457733,2,2,148.1,0.4,147.9,105,147.8,150,,,,,,,,,,,,,,,,,148.3,150,148.4,100,,,,,,,,,,,,,,,,
2026-07-08T17:00:41.469397+00:00,2026-07-08T17:00:41.469311,2,2,148.1,0.4,147.9,97,147.8,150,,,,,,,,,,,,,,,,,148.3,150,148.4,100,,,,,,,,,,,,,,,,
2026-07-08T17:00:41.479924+00:00,2026-07-08T17:00:41.479873,2,2,148.1,0.4,147.9,105,147.8,150,,,,,,,,,,,,,,,,,148.3,158,148.4,100,,,,,,,,,,,,,,,,
2026-07-08T17:00:41.793717+00:00,2026-07-08T17:00:41.793682,2,2,148.1,0.4,147.9,97,147.8,150,,,,,,,,,,,,,,,,,148.3,150,148.4,100,,,,,,,,,,,,,,,,
2026-07-08T17:00:41.804235+00:00,2026-07-08T17:00:41.804139,2,2,148.1,0.4,147.9,105,147.8,150,,,,,,,,,,,,,,,,,148.3,150,148.4,100,,,,,,,,,,,,,,,,
2026-07-08T17:00:41.809223+00:00,2026-07-08T17:00:41.809319,2,2,148.1,0.4,147.9,105,147.8,150,,,,,,,,,,,,,,,,,148.3,158,148.4,100,,,,,,,,,,,,,,,,
2026-07-08T17:00:42.089428+00:00,2026-07-08T17:00:42.089560,2,2,148.1,0.4,147.9,105,147.8,150,,,,,,,,,,,,,,,,,148.3,108,148.4,100,,,,,,,,,,,,,,,,
2026-07-08T17:00:42.117417+00:00,2026-07-08T17:00:42.117593,2,2,148.1,0.4,147.9,105,147.8,150,,,,,,,,,,,,,,,,,148.3,100,148.4,100,,,,,,,,,,,,,,,,
2026-07-08T17:00:42.122897+00:00,2026-07-08T17:00:42.122780,2,2,148.1,0.4,147.9,97,147.8,150,,,,,,,,,,,,,,,,,148.3,100,148.4,100,,,,,,,,,,,,,,,,
2026-07-08T17:00:42.149304+00:00,2026-07-08T17:00:42.149119,2,2,148.1,0.4,147.9,105,147.8,150,,,,,,,,,,,,,,,,,148.3,100,148.4,100,,,,,,,,,,,,,,,,
2026-07-08T17:00:42.186023+00:00,2026-07-08T17:00:42.185897,2,2,148.1,0.4,147.9,105,147.8,150,,,,,,,,,,,,,,,,,148.3,108,148.4,100,,,,,,,,,,,,,,,,
2026-07-08T17:00:42.496113+00:00,2026-07-08T17:00:42.496302,2,2,148.1,0.4,147.9,97,147.8,150,,,,,,,,,,,,,,,,,148.3,100,148.4,100,,,,,,,,,,,,,,,,
2026-07-08T17:00:42.518557+00:00,2026-07-08T17:00:42.509720,2,2,148.1,0.4,147.9,105,147.8,150,,,,,,,,,,,,,,,,,148.3,100,148.4,100,,,,,,,,,,,,,,,,
2026-07-08T17:00:42.534338+00:00,2026-07-08T17:00:42.534207,2,2,148.1,0.4,147.9,105,147.8,150,,,,,,,,,,,,,,,,,148.3,108,148.4,100,,,,,,,,,,,,,,,,
2026-07-08T17:00:42.837374+00:00,2026-07-08T17:00:42.837258,2,2,148.1,0.4,147.9,97,147.8,150,,,,,,,,,,,,,,,,,148.3,100,148.4,100,,,,,,,,,,,,,,,,
2026-07-08T17:00:42.852867+00:00,2026-07-08T17:00:42.852844,2,2,148.1,0.4,147.9,105,147.8,150,,,,,,,,,,,,,,,,,148.3,108,148.4,100,,,,,,,,,,,,,,,,
2026-07-08T17:00:42.880517+00:00,2026-07-08T17:00:42.880357,2,2,148.1,0.4,147.9,59,147.8,150,,,,,,,,,,,,,,,,,148.3,108,148.4,100,,,,,,,,,,,,,,,,
2026-07-08T17:00:43.168728+00:00,2026-07-08T17:00:43.168949,2,2,148.1,0.4,147.9,51,147.8,150,,,,,,,,,,,,,,,,,148.3,100,148.4,100,,,,,,,,,,,,,,,,
2026-07-08T17:00:43.174060+00:00,2026-07-08T17:00:43.174221,2,2,148.1,0.4,147.9,59,147.8,150,,,,,,,,,,,,,,,,,148.3,100,148.4,100,,,,,,,,,,,,,,,,
2026-07-08T17:00:43.179522+00:00,2026-07-08T17:00:43.179404,2,2,148.1,0.4,147.9,59,147.8,150,,,,,,,,,,,,,,,,,148.3,108,148.4,100,,,,,,,,,,,,,,,,
2026-07-08T17:00:43.420117+00:00,2026-07-08T17:00:43.419997,2,1,148.1,0.4,147.9,8,147.8,150,,,,,,,,,,,,,,,,,148.3,108,,,,,,,,,,,,,,,,,,
2026-07-08T17:00:43.472201+00:00,2026-07-08T17:00:43.472349,3,1,148.1,0.4,147.9,8,147.8,150,147.4,100,,,,,,,,,,,,,,,148.3,108,,,,,,,,,,,,,,,,,,
2026-07-08T17:00:43.489231+00:00,2026-07-08T17:00:43.489381,2,1,148.05,0.5,147.8,150,147.4,100,,,,,,,,,,,,,,,,,148.3,100,,,,,,,,,,,,,,,,,,
2026-07-08T17:00:43.505860+00:00,2026-07-08T17:00:43.505723,3,2,148.05,0.3,147.9,8,147.8,150,147.4,100,,,,,,,,,,,,,,,148.2,8,148.3,100,,,,,,,,,,,,,,,,
2026-07-08T17:00:43.526723+00:00,2026-07-08T17:00:43.526676,2,3,147.85,0.1,147.8,150,147.4,100,,,,,,,,,,,,,,,,,147.9,92,148.2,8,148.3,100,,,,,,,,,,,,,,
2026-07-08T17:00:43.822266+00:00,2026-07-08T17:00:43.822168,2,2,147.85,0.1,147.8,150,147.4,100,,,,,,,,,,,,,,,,,147.9,92,148.3,100,,,,,,,,,,,,,,,,
2026-07-08T17:00:43.837953+00:00,2026-07-08T17:00:43.837928,3,3,147.85,0.1,147.8,150,147.7,8,147.4,100,,,,,,,,,,,,,,,147.9,92,148.0,8,148.3,100,,,,,,,,,,,,,,
2026-07-08T17:00:44.064391+00:00,2026-07-08T17:00:44.064172,2,2,147.8,0.2,147.7,8,147.4,100,,,,,,,,,,,,,,,,,147.9,92,148.0,8,,,,,,,,,,,,,,,,
2026-07-08T17:00:44.158757+00:00,2026-07-08T17:00:44.077521,3,2,147.85,0.1,147.8,150,147.7,8,147.4,100,,,,,,,,,,,,,,,147.9,92,148.0,8,,,,,,,,,,,,,,,,
2026-07-08T17:00:44.164391+00:00,2026-07-08T17:00:44.164233,3,3,147.85,0.1,147.8,150,147.7,8,147.4,100,,,,,,,,,,,,,,,147.9,92,148.0,8,148.3,150,,,,,,,,,,,,,,
2026-07-08T17:00:44.201935+00:00,2026-07-08T17:00:44.201814,3,3,147.85,0.1,147.8,150,147.7,8,147.4,100,,,,,,,,,,,,,,,147.9,42,148.0,8,148.3,150,,,,,,,,,,,,,,
2026-07-08T17:00:44.365390+00:00,2026-07-08T17:00:44.365232,3,3,147.85,0.1,147.8,105,147.7,8,147.4,100,,,,,,,,,,,,,,,147.9,42,148.0,8,148.3,150,,,,,,,,,,,,,,
2026-07-08T17:00:44.469467+00:00,2026-07-08T17:00:44.469347,3,2,147.85,0.1,147.8,105,147.7,8,147.4,100,,,,,,,,,,,,,,,147.9,42,148.3,150,,,,,,,,,,,,,,,,
2026-07-08T17:00:44.474748+00:00,2026-07-08T17:00:44.474627,2,2,147.85,0.1,147.8,105,147.4,100,,,,,,,,,,,,,,,,,147.9,42,148.3,150,,,,,,,,,,,,,,,,
2026-07-08T17:00:44.485360+00:00,2026-07-08T17:00:44.485227,3,3,147.85,0.1,147.8,105,147.7,8,147.4,100,,,,,,,,,,,,,,,147.9,42,148.0,8,148.3,150,,,,,,,,,,,,,,
2026-07-08T17:00:44.798501+00:00,2026-07-08T17:00:44.798417,2,2,147.85,0.1,147.8,105,147.4,100,,,,,,,,,,,,,,,,,147.9,42,148.3,150,,,,,,,,,,,,,,,,
2026-07-08T17:00:44.814092+00:00,2026-07-08T17:00:44.814300,3,3,147.85,0.1,147.8,105,147.6,8,147.4,100,,,,,,,,,,,,,,,147.9,42,148.0,8,148.3,150,,,,,,,,,,,,,,
2026-07-08T17:00:45.123495+00:00,2026-07-08T17:00:45.123411,2,2,147.85,0.1,147.8,105,147.4,100,,,,,,,,,,,,,,,,,147.9,42,148.3,150,,,,,,,,,,,,,,,,
2026-07-08T17:00:45.133864+00:00,2026-07-08T17:00:45.133830,3,2,147.85,0.1,147.8,105,147.6,8,147.4,100,,,,,,,,,,,,,,,147.9,42,148.3,150,,,,,,,,,,,,,,,,
2026-07-08T17:00:45.139109+00:00,2026-07-08T17:00:45.139007,3,3,147.85,0.1,147.8,105,147.6,8,147.4,100,,,,,,,,,,,,,,,147.9,42,148.0,8,148.3,150,,,,,,,,,,,,,,
2026-07-08T17:00:45.444984+00:00,2026-07-08T17:00:45.444932,3,2,147.85,0.1,147.8,105,147.6,8,147.4,100,,,,,,,,,,,,,,,147.9,42,148.3,150,,,,,,,,,,,,,,,,
2026-07-08T17:00:45.450203+00:00,2026-07-08T17:00:45.450094,2,2,147.85,0.1,147.8,105,147.4,100,,,,,,,,,,,,,,,,,147.9,42,148.3,150,,,,,,,,,,,,,,,,
2026-07-08T17:00:45.474950+00:00,2026-07-08T17:00:45.474837,3,3,147.85,0.1,147.8,105,147.6,8,147.4,100,,,,,,,,,,,,,,,147.9,42,148.0,8,148.3,150,,,,,,,,,,,,,,
2026-07-08T17:00:45.787559+00:00,2026-07-08T17:00:45.787680,2,2,147.85,0.1,147.8,105,147.4,100,,,,,,,,,,,,,,,,,147.9,42,148.3,150,,,,,,,,,,,,,,,,
2026-07-08T17:00:45.835587+00:00,2026-07-08T17:00:45.835535,3,2,147.85,0.1,147.8,105,147.6,8,147.4,100,,,,,,,,,,,,,,,147.9,42,148.3,150,,,,,,,,,,,,,,,,
2026-07-08T17:00:45.840644+00:00,2026-07-08T17:00:45.840776,3,3,147.85,0.1,147.8,105,147.6,8,147.4,100,,,,,,,,,,,,,,,147.9,42,148.1,8,148.3,150,,,,,,,,,,,,,,
2026-07-08T17:00:46.152042+00:00,2026-07-08T17:00:46.151965,2,2,147.85,0.1,147.8,105,147.4,100,,,,,,,,,,,,,,,,,147.9,42,148.3,150,,,,,,,,,,,,,,,,
2026-07-08T17:00:46.158597+00:00,2026-07-08T17:00:46.157267,3,3,147.85,0.1,147.8,105,147.6,8,147.4,100,,,,,,,,,,,,,,,147.9,42,148.1,8,148.3,150,,,,,,,,,,,,,,
2026-07-08T17:00:46.309987+00:00,2026-07-08T17:00:46.309959,3,1,148.05,0.5,147.8,105,147.6,8,147.4,100,,,,,,,,,,,,,,,148.3,150,,,,,,,,,,,,,,,,,,
2026-07-08T17:00:46.366468+00:00,2026-07-08T17:00:46.366675,3,1,148.05,0.5,147.8,105,147.6,8,147.4,100,,,,,,,,,,,,,,,148.3,104,,,,,,,,,,,,,,,,,,
2026-07-08T17:00:46.468946+00:00,2026-07-08T17:00:46.468835,2,1,148.05,0.5,147.8,105,147.4,100,,,,,,,,,,,,,,,,,148.3,104,,,,,,,,,,,,,,,,,,
2026-07-08T17:00:46.484573+00:00,2026-07-08T17:00:46.484515,2,1,148.05,0.5,147.8,113,147.4,100,,,,,,,,,,,,,,,,,148.3,112,,,,,,,,,,,,,,,,,,
2026-07-08T17:00:46.583859+00:00,2026-07-08T17:00:46.583761,1,1,148.05,0.5,147.8,113,,,,,,,,,,,,,,,,,,,148.3,112,,,,,,,,,,,,,,,,,,
2026-07-08T17:00:46.634432+00:00,2026-07-08T17:00:46.634405,1,1,148.05,0.5,147.8,213,,,,,,,,,,,,,,,,,,,148.3,112,,,,,,,,,,,,,,,,,,
2026-07-08T17:00:46.689191+00:00,2026-07-08T17:00:46.689063,1,1,148.05,0.5,147.8,213,,,,,,,,,,,,,,,,,,,148.3,212,,,,,,,,,,,,,,,,,,
2026-07-08T17:00:46.798462+00:00,2026-07-08T17:00:46.798435,1,1,148.05,0.5,147.8,205,,,,,,,,,,,,,,,,,,,148.3,204,,,,,,,,,,,,,,,,,,
2026-07-08T17:00:46.808947+00:00,2026-07-08T17:00:46.808833,1,1,148.05,0.5,147.8,213,,,,,,,,,,,,,,,,,,,148.3,204,,,,,,,,,,,,,,,,,,
2026-07-08T17:00:46.814121+00:00,2026-07-08T17:00:46.814020,1,1,148.05,0.5,147.8,213,,,,,,,,,,,,,,,,,,,148.3,212,,,,,,,,,,,,,,,,,,
2026-07-08T17:00:47.123525+00:00,2026-07-08T17:00:47.123421,1,1,148.05,0.5,147.8,205,,,,,,,,,,,,,,,,,,,148.3,204,,,,,,,,,,,,,,,,,,
2026-07-08T17:00:47.133966+00:00,2026-07-08T17:00:47.133855,1,1,148.05,0.5,147.8,213,,,,,,,,,,,,,,,,,,,148.3,212,,,,,,,,,,,,,,,,,,
2026-07-08T17:00:47.187148+00:00,2026-07-08T17:00:47.187273,1,1,148.05,0.5,147.8,108,,,,,,,,,,,,,,,,,,,148.3,108,,,,,,,,,,,,,,,,,,
2026-07-08T17:00:47.239340+00:00,2026-07-08T17:00:47.239289,2,1,148.1,0.4,147.9,150,147.8,108,,,,,,,,,,,,,,,,,148.3,108,,,,,,,,,,,,,,,,,,
2026-07-08T17:00:47.295942+00:00,2026-07-08T17:00:47.295870,2,2,148.1,0.4,147.9,150,147.8,108,,,,,,,,,,,,,,,,,148.3,108,148.4,150,,,,,,,,,,,,,,,,
2026-07-08T17:00:47.448704+00:00,2026-07-08T17:00:47.448564,2,2,148.1,0.4,147.9,150,147.8,100,,,,,,,,,,,,,,,,,148.3,100,148.4,150,,,,,,,,,,,,,,,,
2026-07-08T17:00:47.459158+00:00,2026-07-08T17:00:47.459059,2,2,148.1,0.4,147.9,158,147.8,100,,,,,,,,,,,,,,,,,148.3,100,148.4,150,,,,,,,,,,,,,,,,
2026-07-08T17:00:47.464411+00:00,2026-07-08T17:00:47.464309,2,2,148.1,0.4,147.9,158,147.8,100,,,,,,,,,,,,,,,,,148.3,108,148.4,150,,,,,,,,,,,,,,,,
2026-07-08T17:00:47.780346+00:00,2026-07-08T17:00:47.780249,2,2,148.1,0.4,147.9,150,147.8,100,,,,,,,,,,,,,,,,,148.3,100,148.4,150,,,,,,,,,,,,,,,,
2026-07-08T17:00:47.796167+00:00,2026-07-08T17:00:47.796017,2,2,148.1,0.4,147.9,158,147.8,100,,,,,,,,,,,,,,,,,148.3,100,148.4,150,,,,,,,,,,,,,,,,
2026-07-08T17:00:47.801349+00:00,2026-07-08T17:00:47.801225,2,2,148.1,0.4,147.9,158,147.8,100,,,,,,,,,,,,,,,,,148.3,108,148.4,150,,,,,,,,,,,,,,,,
2026-07-08T17:00:48.106189+00:00,2026-07-08T17:00:48.106328,2,2,148.1,0.4,147.9,158,147.8,100,,,,,,,,,,,,,,,,,148.3,100,148.4,150,,,,,,,,,,,,,,,,
2026-07-08T17:00:48.111646+00:00,2026-07-08T17:00:48.111603,2,2,148.1,0.4,147.9,150,147.8,100,,,,,,,,,,,,,,,,,148.3,100,148.4,150,,,,,,,,,,,,,,,,
2026-07-08T17:00:48.122231+00:00,2026-07-08T17:00:48.122183,2,2,148.1,0.4,147.9,158,147.8,100,,,,,,,,,,,,,,,,,148.3,100,148.4,150,,,,,,,,,,,,,,,,
2026-07-08T17:00:48.127420+00:00,2026-07-08T17:00:48.127382,2,2,148.1,0.4,147.9,158,147.8,100,,,,,,,,,,,,,,,,,148.3,108,148.4,150,,,,,,,,,,,,,,,,
2026-07-08T17:00:48.437909+00:00,2026-07-08T17:00:48.438040,2,2,148.1,0.4,147.9,150,147.8,100,,,,,,,,,,,,,,,,,148.3,100,148.4,150,,,,,,,,,,,,,,,,
2026-07-08T17:00:48.448539+00:00,2026-07-08T17:00:48.448453,2,2,148.1,0.4,147.9,158,147.8,100,,,,,,,,,,,,,,,,,148.3,100,148.4,150,,,,,,,,,,,,,,,,
2026-07-08T17:00:48.453742+00:00,2026-07-08T17:00:48.453617,2,2,148.1,0.4,147.9,158,147.8,100,,,,,,,,,,,,,,,,,148.3,108,148.4,150,,,,,,,,,,,,,,,,
2026-07-08T17:00:48.474493+00:00,2026-07-08T17:00:48.474389,2,2,148.1,0.4,147.9,108,147.8,100,,,,,,,,,,,,,,,,,148.3,108,148.4,150,,,,,,,,,,,,,,,,
2026-07-08T17:00:48.754711+00:00,2026-07-08T17:00:48.756481,2,2,148.1,0.4,147.9,100,147.8,100,,,,,,,,,,,,,,,,,148.3,100,148.4,150,,,,,,,,,,,,,,,,
2026-07-08T17:00:48.776769+00:00,2026-07-08T17:00:48.776609,2,2,148.1,0.4,147.9,108,147.8,100,,,,,,,,,,,,,,,,,148.3,100,148.4,150,,,,,,,,,,,,,,,,
2026-07-08T17:00:48.781866+00:00,2026-07-08T17:00:48.781826,2,2,148.1,0.4,147.9,108,147.8,100,,,,,,,,,,,,,,,,,148.3,108,148.4,150,,,,,,,,,,,,,,,,
2026-07-08T17:00:49.097223+00:00,2026-07-08T17:00:49.097102,2,2,148.1,0.4,147.9,100,147.8,100,,,,,,,,,,,,,,,,,148.3,100,148.4,150,,,,,,,,,,,,,,,,
2026-07-08T17:00:49.112832+00:00,2026-07-08T17:00:49.112738,2,2,148.1,0.4,147.9,108,147.8,100,,,,,,,,,,,,,,,,,148.3,108,148.4,150,,,,,,,,,,,,,,,,
2026-07-08T17:00:49.445333+00:00,2026-07-08T17:00:49.445504,2,2,148.1,0.4,147.9,100,147.8,100,,,,,,,,,,,,,,,,,148.3,100,148.4,150,,,,,,,,,,,,,,,,
2026-07-08T17:00:49.458604+00:00,2026-07-08T17:00:49.456140,2,2,148.1,0.4,147.9,108,147.8,100,,,,,,,,,,,,,,,,,148.3,108,148.4,150,,,,,,,,,,,,,,,,
2026-07-08T17:00:49.746234+00:00,2026-07-08T17:00:49.746147,1,2,148.1,0.4,147.9,108,,,,,,,,,,,,,,,,,,,148.3,8,148.4,150,,,,,,,,,,,,,,,,
2026-07-08T17:00:49.769038+00:00,2026-07-08T17:00:49.768924,1,1,148.15,0.5,147.9,108,,,,,,,,,,,,,,,,,,,148.4,150,,,,,,,,,,,,,,,,,,
2026-07-08T17:00:49.774215+00:00,2026-07-08T17:00:49.774105,1,1,148.15,0.5,147.9,100,,,,,,,,,,,,,,,,,,,148.4,150,,,,,,,,,,,,,,,,,,
2026-07-08T17:00:49.784658+00:00,2026-07-08T17:00:49.784611,1,1,148.15,0.5,147.9,108,,,,,,,,,,,,,,,,,,,148.4,150,,,,,,,,,,,,,,,,,,
2026-07-08T17:00:49.789836+00:00,2026-07-08T17:00:49.789784,1,1,148.15,0.5,147.9,108,,,,,,,,,,,,,,,,,,,148.4,158,,,,,,,,,,,,,,,,,,
2026-07-08T17:00:49.800297+00:00,2026-07-08T17:00:49.800185,1,1,148.15,0.5,147.9,208,,,,,,,,,,,,,,,,,,,148.4,158,,,,,,,,,,,,,,,,,,
2026-07-08T17:00:49.850972+00:00,2026-07-08T17:00:49.850906,1,1,148.15,0.5,147.9,208,,,,,,,,,,,,,,,,,,,148.4,258,,,,,,,,,,,,,,,,,,
2026-07-08T17:00:50.096124+00:00,2026-07-08T17:00:50.096257,1,1,148.15,0.5,147.9,200,,,,,,,,,,,,,,,,,,,148.4,250,,,,,,,,,,,,,,,,,,
2026-07-08T17:00:50.112014+00:00,2026-07-08T17:00:50.111926,1,1,148.15,0.5,147.9,208,,,,,,,,,,,,,,,,,,,148.4,258,,,,,,,,,,,,,,,,,,
2026-07-08T17:00:50.358839+00:00,2026-07-08T17:00:50.358709,1,1,148.15,0.5,147.9,108,,,,,,,,,,,,,,,,,,,148.4,108,,,,,,,,,,,,,,,,,,
2026-07-08T17:00:50.407330+00:00,2026-07-08T17:00:50.407168,2,1,148.15,0.5,147.9,108,147.8,150,,,,,,,,,,,,,,,,,148.4,108,,,,,,,,,,,,,,,,,,
2026-07-08T17:00:50.418312+00:00,2026-07-08T17:00:50.418480,2,1,148.15,0.5,147.9,108,147.8,150,,,,,,,,,,,,,,,,,148.4,100,,,,,,,,,,,,,,,,,,
2026-07-08T17:00:50.423736+00:00,2026-07-08T17:00:50.423650,2,1,148.15,0.5,147.9,100,147.8,150,,,,,,,,,,,,,,,,,148.4,100,,,,,,,,,,,,,,,,,,
2026-07-08T17:00:50.434140+00:00,2026-07-08T17:00:50.434076,2,1,148.15,0.5,147.9,108,147.8,150,,,,,,,,,,,,,,,,,148.4,108,,,,,,,,,,,,,,,,,,
2026-07-08T17:00:50.459679+00:00,2026-07-08T17:00:50.459760,2,2,148.1,0.4,147.9,108,147.8,150,,,,,,,,,,,,,,,,,148.3,150,148.4,108,,,,,,,,,,,,,,,,
2026-07-08T17:00:50.526448+00:00,2026-07-08T17:00:50.526383,2,2,148.1,0.4,147.9,108,147.8,150,,,,,,,,,,,,,,,,,148.3,100,148.4,108,,,,,,,,,,,,,,,,
2026-07-08T17:00:50.747796+00:00,2026-07-08T17:00:50.747763,2,2,148.1,0.4,147.9,100,147.8,150,,,,,,,,,,,,,,,,,148.3,100,148.4,100,,,,,,,,,,,,,,,,
2026-07-08T17:00:50.758004+00:00,2026-07-08T17:00:50.758264,2,2,148.1,0.4,147.9,108,147.8,150,,,,,,,,,,,,,,,,,148.3,100,148.4,100,,,,,,,,,,,,,,,,
2026-07-08T17:00:50.769544+00:00,2026-07-08T17:00:50.769421,2,2,148.1,0.4,147.9,108,147.8,150,,,,,,,,,,,,,,,,,148.3,108,148.4,100,,,,,,,,,,,,,,,,
2026-07-08T17:00:51.077633+00:00,2026-07-08T17:00:51.077570,2,2,148.1,0.4,147.9,108,147.8,150,,,,,,,,,,,,,,,,,148.3,100,148.4,100,,,,,,,,,,,,,,,,
2026-07-08T17:00:51.082834+00:00,2026-07-08T17:00:51.082751,2,2,148.1,0.4,147.9,100,147.8,150,,,,,,,,,,,,,,,,,148.3,100,148.4,100,,,,,,,,,,,,,,,,
2026-07-08T17:00:51.093042+00:00,2026-07-08T17:00:51.093168,2,2,148.1,0.4,147.9,108,147.8,150,,,,,,,,,,,,,,,,,148.3,108,148.4,100,,,,,,,,,,,,,,,,
2026-07-08T17:00:51.109743+00:00,2026-07-08T17:00:51.109926,2,2,148.1,0.4,147.9,108,147.8,150,,,,,,,,,,,,,,,,,148.3,66,148.4,100,,,,,,,,,,,,,,,,
2026-07-08T17:00:51.164475+00:00,2026-07-08T17:00:51.164413,2,2,148.1,0.4,147.9,65,147.8,150,,,,,,,,,,,,,,,,,148.3,66,148.4,100,,,,,,,,,,,,,,,,
2026-07-08T17:00:51.401697+00:00,2026-07-08T17:00:51.401658,2,2,148.1,0.4,147.9,65,147.8,150,,,,,,,,,,,,,,,,,148.3,58,148.4,100,,,,,,,,,,,,,,,,
2026-07-08T17:00:51.406971+00:00,2026-07-08T17:00:51.406858,2,2,148.1,0.4,147.9,57,147.8,150,,,,,,,,,,,,,,,,,148.3,58,148.4,100,,,,,,,,,,,,,,,,
2026-07-08T17:00:51.417213+00:00,2026-07-08T17:00:51.417335,2,2,148.1,0.4,147.9,65,147.8,150,,,,,,,,,,,,,,,,,148.3,66,148.4,100,,,,,,,,,,,,,,,,
2026-07-08T17:00:51.735013+00:00,2026-07-08T17:00:51.734961,2,2,148.1,0.4,147.9,57,147.8,150,,,,,,,,,,,,,,,,,148.3,58,148.4,100,,,,,,,,,,,,,,,,
2026-07-08T17:00:51.750624+00:00,2026-07-08T17:00:51.750585,2,2,148.1,0.4,147.9,65,147.8,150,,,,,,,,,,,,,,,,,148.3,66,148.4,100,,,,,,,,,,,,,,,,
2026-07-08T17:00:52.062559+00:00,2026-07-08T17:00:52.062519,2,2,148.1,0.4,147.9,57,147.8,150,,,,,,,,,,,,,,,,,148.3,58,148.4,100,,,,,,,,,,,,,,,,
2026-07-08T17:00:52.073011+00:00,2026-07-08T17:00:52.072910,2,2,148.1,0.4,147.9,65,147.8,150,,,,,,,,,,,,,,,,,148.3,58,148.4,100,,,,,,,,,,,,,,,,
2026-07-08T17:00:52.077982+00:00,2026-07-08T17:00:52.078079,2,2,148.1,0.4,147.9,65,147.8,150,,,,,,,,,,,,,,,,,148.3,66,148.4,100,,,,,,,,,,,,,,,,
2026-07-08T17:00:52.399401+00:00,2026-07-08T17:00:52.399291,2,2,148.1,0.4,147.9,57,147.8,150,,,,,,,,,,,,,,,,,148.3,58,148.4,100,,,,,,,,,,,,,,,,
2026-07-08T17:00:52.418692+00:00,2026-07-08T17:00:52.418584,2,2,148.1,0.4,147.9,65,147.8,150,,,,,,,,,,,,,,,,,148.3,66,148.4,100,,,,,,,,,,,,,,,,
2026-07-08T17:00:52.724663+00:00,2026-07-08T17:00:52.724580,2,2,148.1,0.4,147.9,57,147.8,150,,,,,,,,,,,,,,,,,148.3,58,148.4,100,,,,,,,,,,,,,,,,
2026-07-08T17:00:52.740279+00:00,2026-07-08T17:00:52.740181,2,2,148.1,0.4,147.9,65,147.8,150,,,,,,,,,,,,,,,,,148.3,66,148.4,100,,,,,,,,,,,,,,,,
2026-07-08T17:00:52.907990+00:00,2026-07-08T17:00:52.908114,2,1,148.1,0.4,147.9,8,147.8,150,,,,,,,,,,,,,,,,,148.3,66,,,,,,,,,,,,,,,,,,
2026-07-08T17:00:52.959183+00:00,2026-07-08T17:00:52.958824,3,1,148.1,0.4,147.9,8,147.8,150,147.6,100,,,,,,,,,,,,,,,148.3,66,,,,,,,,,,,,,,,,,,
2026-07-08T17:00:53.016115+00:00,2026-07-08T17:00:53.016015,3,2,148.0,0.2,147.9,8,147.8,150,147.6,100,,,,,,,,,,,,,,,148.1,100,148.3,66,,,,,,,,,,,,,,,,
2026-07-08T17:00:53.048391+00:00,2026-07-08T17:00:53.048278,3,2,148.0,0.2,147.9,8,147.8,150,147.6,100,,,,,,,,,,,,,,,148.1,100,148.3,58,,,,,,,,,,,,,,,,
2026-07-08T17:00:53.058726+00:00,2026-07-08T17:00:53.053496,2,2,147.95,0.3,147.8,150,147.6,100,,,,,,,,,,,,,,,,,148.1,100,148.3,58,,,,,,,,,,,,,,,,
2026-07-08T17:00:53.090149+00:00,2026-07-08T17:00:53.090061,3,2,147.95,0.3,147.8,150,147.7,8,147.6,100,,,,,,,,,,,,,,,148.1,100,148.3,58,,,,,,,,,,,,,,,,
2026-07-08T17:00:53.095381+00:00,2026-07-08T17:00:53.095303,3,3,147.95,0.3,147.8,150,147.7,8,147.6,100,,,,,,,,,,,,,,,148.1,100,148.2,8,148.3,58,,,,,,,,,,,,,,
2026-07-08T17:00:53.400982+00:00,2026-07-08T17:00:53.400923,2,2,147.95,0.3,147.8,150,147.6,100,,,,,,,,,,,,,,,,,148.1,100,148.3,58,,,,,,,,,,,,,,,,
2026-07-08T17:00:53.422238+00:00,2026-07-08T17:00:53.422178,3,3,147.95,0.3,147.8,150,147.7,8,147.6,100,,,,,,,,,,,,,,,148.1,100,148.2,8,148.3,58,,,,,,,,,,,,,,
2026-07-08T17:00:53.510298+00:00,2026-07-08T17:00:53.510245,2,2,147.9,0.4,147.7,8,147.6,100,,,,,,,,,,,,,,,,,148.1,100,148.2,8,,,,,,,,,,,,,,,,
2026-07-08T17:00:53.571640+00:00,2026-07-08T17:00:53.571582,3,1,148.15,0.1,148.1,50,147.7,8,147.6,100,,,,,,,,,,,,,,,148.2,8,,,,,,,,,,,,,,,,,,
2026-07-08T17:00:53.627937+00:00,2026-07-08T17:00:53.627783,3,2,148.15,0.1,148.1,50,147.7,8,147.6,100,,,,,,,,,,,,,,,148.2,8,148.6,150,,,,,,,,,,,,,,,,
2026-07-08T17:00:53.750903+00:00,2026-07-08T17:00:53.750828,2,1,148.35,0.5,148.1,50,147.6,100,,,,,,,,,,,,,,,,,148.6,150,,,,,,,,,,,,,,,,,,
2026-07-08T17:00:53.769050+00:00,2026-07-08T17:00:53.768915,2,1,148.35,0.5,148.1,58,147.6,100,,,,,,,,,,,,,,,,,148.6,150,,,,,,,,,,,,,,,,,,
2026-07-08T17:00:53.774288+00:00,2026-07-08T17:00:53.774129,2,1,148.35,0.5,148.1,58,147.6,100,,,,,,,,,,,,,,,,,148.6,158,,,,,,,,,,,,,,,,,,
2026-07-08T17:00:54.080525+00:00,2026-07-08T17:00:54.080483,2,1,148.35,0.5,148.1,50,147.6,100,,,,,,,,,,,,,,,,,148.6,150,,,,,,,,,,,,,,,,,,
2026-07-08T17:00:54.096148+00:00,2026-07-08T17:00:54.096074,2,1,148.35,0.5,148.1,58,147.6,100,,,,,,,,,,,,,,,,,148.6,150,,,,,,,,,,,,,,,,,,
2026-07-08T17:00:54.101348+00:00,2026-07-08T17:00:54.101244,2,1,148.35,0.5,148.1,58,147.6,100,,,,,,,,,,,,,,,,,148.6,158,,,,,,,,,,,,,,,,,,
2026-07-08T17:00:54.416940+00:00,2026-07-08T17:00:54.416787,2,1,148.35,0.5,148.1,50,147.6,100,,,,,,,,,,,,,,,,,148.6,150,,,,,,,,,,,,,,,,,,
2026-07-08T17:00:54.437830+00:00,2026-07-08T17:00:54.437767,2,1,148.35,0.5,148.1,58,147.6,100,,,,,,,,,,,,,,,,,148.6,150,,,,,,,,,,,,,,,,,,
2026-07-08T17:00:54.442879+00:00,2026-07-08T17:00:54.442968,2,1,148.35,0.5,148.1,58,147.6,100,,,,,,,,,,,,,,,,,148.6,158,,,,,,,,,,,,,,,,,,
2026-07-08T17:00:54.747885+00:00,2026-07-08T17:00:54.747806,2,1,148.35,0.5,148.1,58,147.6,100,,,,,,,,,,,,,,,,,148.6,150,,,,,,,,,,,,,,,,,,
2026-07-08T17:00:54.758613+00:00,2026-07-08T17:00:54.756458,2,1,148.35,0.5,148.1,58,147.6,100,,,,,,,,,,,,,,,,,148.6,150,,,,,,,,,,,,,,,,,,
2026-07-08T17:00:54.769461+00:00,2026-07-08T17:00:54.769279,2,1,148.35,0.5,148.1,58,147.6,100,,,,,,,,,,,,,,,,,148.6,158,,,,,,,,,,,,,,,,,,
2026-07-08T17:00:54.797515+00:00,2026-07-08T17:00:54.797654,2,1,148.35,0.5,148.1,8,147.6,100,,,,,,,,,,,,,,,,,148.6,158,,,,,,,,,,,,,,,,,,
2026-07-08T17:00:54.908578+00:00,2026-07-08T17:00:54.908447,2,1,148.35,0.5,148.1,8,147.6,100,,,,,,,,,,,,,,,,,148.6,115,,,,,,,,,,,,,,,,,,
2026-07-08T17:00:54.958717+00:00,2026-07-08T17:00:54.958597,1,1,148.1,1.0,147.6,100,,,,,,,,,,,,,,,,,,,148.6,115,,,,,,,,,,,,,,,,,,
2026-07-08T17:00:55.074327+00:00,2026-07-08T17:00:55.074223,1,1,148.1,1.0,147.6,100,,,,,,,,,,,,,,,,,,,148.6,107,,,,,,,,,,,,,,,,,,
2026-07-08T17:00:55.089894+00:00,2026-07-08T17:00:55.089813,2,2,148.1,0.4,147.9,8,147.6,100,,,,,,,,,,,,,,,,,148.3,8,148.6,107,,,,,,,,,,,,,,,,
2026-07-08T17:00:55.399838+00:00,2026-07-08T17:00:55.399964,1,1,148.1,1.0,147.6,100,,,,,,,,,,,,,,,,,,,148.6,107,,,,,,,,,,,,,,,,,,
2026-07-08T17:00:55.415800+00:00,2026-07-08T17:00:55.415724,2,2,148.1,0.4,147.9,8,147.6,100,,,,,,,,,,,,,,,,,148.3,8,148.6,107,,,,,,,,,,,,,,,,
2026-07-08T17:00:55.727828+00:00,2026-07-08T17:00:55.727672,1,1,148.1,1.0,147.6,100,,,,,,,,,,,,,,,,,,,148.6,107,,,,,,,,,,,,,,,,,,
2026-07-08T17:00:55.743299+00:00,2026-07-08T17:00:55.743416,2,1,148.25,0.7,147.9,8,147.6,100,,,,,,,,,,,,,,,,,148.6,107,,,,,,,,,,,,,,,,,,
2026-07-08T17:00:55.748738+00:00,2026-07-08T17:00:55.748613,2,2,148.1,0.4,147.9,8,147.6,100,,,,,,,,,,,,,,,,,148.3,8,148.6,107,,,,,,,,,,,,,,,,
2026-07-08T17:00:56.058652+00:00,2026-07-08T17:00:56.053012,1,1,148.1,1.0,147.6,100,,,,,,,,,,,,,,,,,,,148.6,107,,,,,,,,,,,,,,,,,,
2026-07-08T17:00:56.068982+00:00,2026-07-08T17:00:56.068895,0,1,,,,,,,,,,,,,,,,,,,,,,,148.6,107,,,,,,,,,,,,,,,,,,
2026-07-08T17:00:56.074286+00:00,2026-07-08T17:00:56.074120,1,1,148.25,0.7,147.9,8,,,,,,,,,,,,,,,,,,,148.6,107,,,,,,,,,,,,,,,,,,
2026-07-08T17:00:56.105867+00:00,2026-07-08T17:00:56.105798,1,2,148.1,0.4,147.9,8,,,,,,,,,,,,,,,,,,,148.3,8,148.6,107,,,,,,,,,,,,,,,,
2026-07-08T17:00:56.126376+00:00,2026-07-08T17:00:56.126234,2,2,148.15,0.3,148.0,100,147.9,8,,,,,,,,,,,,,,,,,148.3,8,148.6,107,,,,,,,,,,,,,,,,
2026-07-08T17:00:56.176634+00:00,2026-07-08T17:00:56.176508,2,3,148.15,0.3,148.0,100,147.9,8,,,,,,,,,,,,,,,,,148.3,8,148.5,100,148.6,107,,,,,,,,,,,,,,
2026-07-08T17:00:56.417728+00:00,2026-07-08T17:00:56.417628,1,2,148.25,0.5,148.0,100,,,,,,,,,,,,,,,,,,,148.5,100,148.6,107,,,,,,,,,,,,,,,,
2026-07-08T17:00:56.428130+00:00,2026-07-08T17:00:56.428054,2,2,148.3,0.4,148.1,8,148.0,100,,,,,,,,,,,,,,,,,148.5,100,148.6,107,,,,,,,,,,,,,,,,
2026-07-08T17:00:56.433326+00:00,2026-07-08T17:00:56.433244,2,3,148.25,0.3,148.1,8,148.0,100,,,,,,,,,,,,,,,,,148.4,8,148.5,100,148.6,107,,,,,,,,,,,,,,
2026-07-08T17:00:56.682291+00:00,2026-07-08T17:00:56.682197,2,2,148.25,0.3,148.1,8,148.0,100,,,,,,,,,,,,,,,,,148.4,8,148.5,100,,,,,,,,,,,,,,,,
2026-07-08T17:00:56.740070+00:00,2026-07-08T17:00:56.739871,3,2,148.25,0.3,148.1,8,148.0,100,147.7,150,,,,,,,,,,,,,,,148.4,8,148.5,100,,,,,,,,,,,,,,,,
2026-07-08T17:00:56.750358+00:00,2026-07-08T17:00:56.750574,2,1,148.25,0.5,148.0,100,147.7,150,,,,,,,,,,,,,,,,,148.5,100,,,,,,,,,,,,,,,,,,
2026-07-08T17:00:56.769010+00:00,2026-07-08T17:00:56.768931,3,2,148.25,0.3,148.1,8,148.0,100,147.7,150,,,,,,,,,,,,,,,148.4,8,148.5,100,,,,,,,,,,,,,,,,
2026-07-08T17:00:56.792691+00:00,2026-07-08T17:00:56.792656,3,3,148.15,0.1,148.1,8,148.0,100,147.7,150,,,,,,,,,,,,,,,148.2,150,148.4,8,148.5,100,,,,,,,,,,,,,,
2026-07-08T17:00:56.904071+00:00,2026-07-08T17:00:56.903994,2,3,148.1,0.2,148.0,58,147.7,150,,,,,,,,,,,,,,,,,148.2,150,148.4,8,148.5,100,,,,,,,,,,,,,,
2026-07-08T17:00:56.990344+00:00,2026-07-08T17:00:56.990476,2,3,148.1,0.2,148.0,10,147.7,150,,,,,,,,,,,,,,,,,148.2,150,148.4,8,148.5,100,,,,,,,,,,,,,,
2026-07-08T17:00:57.075458+00:00,2026-07-08T17:00:57.075370,2,2,148.1,0.2,148.0,10,147.7,150,,,,,,,,,,,,,,,,,148.2,150,148.5,100,,,,,,,,,,,,,,,,
2026-07-08T17:00:57.090926+00:00,2026-07-08T17:00:57.091080,3,2,148.1,0.2,148.0,10,147.9,8,147.7,150,,,,,,,,,,,,,,,148.2,158,148.5,100,,,,,,,,,,,,,,,,
2026-07-08T17:00:57.405269+00:00,2026-07-08T17:00:57.405477,2,2,148.1,0.2,148.0,10,147.7,150,,,,,,,,,,,,,,,,,148.2,150,148.5,100,,,,,,,,,,,,,,,,
2026-07-08T17:00:57.426650+00:00,2026-07-08T17:00:57.426565,3,2,148.1,0.2,148.0,10,147.9,8,147.7,150,,,,,,,,,,,,,,,148.2,150,148.5,100,,,,,,,,,,,,,,,,
2026-07-08T17:00:57.431842+00:00,2026-07-08T17:00:57.431735,3,2,148.1,0.2,148.0,10,147.9,8,147.7,150,,,,,,,,,,,,,,,148.2,158,148.5,100,,,,,,,,,,,,,,,,
2026-07-08T17:00:57.740886+00:00,2026-07-08T17:00:57.740836,3,2,148.1,0.2,148.0,10,147.9,8,147.7,150,,,,,,,,,,,,,,,148.2,150,148.5,100,,,,,,,,,,,,,,,,
2026-07-08T17:00:57.746111+00:00,2026-07-08T17:00:57.746019,2,2,148.1,0.2,148.0,10,147.7,150,,,,,,,,,,,,,,,,,148.2,150,148.5,100,,,,,,,,,,,,,,,,
2026-07-08T17:00:57.756355+00:00,2026-07-08T17:00:57.756569,3,2,148.1,0.2,148.0,10,147.9,8,147.7,150,,,,,,,,,,,,,,,148.2,158,148.5,100,,,,,,,,,,,,,,,,
2026-07-08T17:00:58.068384+00:00,2026-07-08T17:00:58.068305,3,2,148.1,0.2,148.0,10,147.9,8,147.7,150,,,,,,,,,,,,,,,148.2,150,148.5,100,,,,,,,,,,,,,,,,
2026-07-08T17:00:58.073710+00:00,2026-07-08T17:00:58.073637,2,2,148.1,0.2,148.0,10,147.7,150,,,,,,,,,,,,,,,,,148.2,150,148.5,100,,,,,,,,,,,,,,,,
2026-07-08T17:00:58.084211+00:00,2026-07-08T17:00:58.084118,3,2,148.1,0.2,148.0,10,147.9,8,147.7,150,,,,,,,,,,,,,,,148.2,158,148.5,100,,,,,,,,,,,,,,,,
2026-07-08T17:00:58.401278+00:00,2026-07-08T17:00:58.401077,2,2,148.1,0.2,148.0,10,147.7,150,,,,,,,,,,,,,,,,,148.2,150,148.5,100,,,,,,,,,,,,,,,,
2026-07-08T17:00:58.411719+00:00,2026-07-08T17:00:58.411634,3,2,148.1,0.2,148.0,10,147.9,8,147.7,150,,,,,,,,,,,,,,,148.2,150,148.5,100,,,,,,,,,,,,,,,,
2026-07-08T17:00:58.416900+00:00,2026-07-08T17:00:58.416842,3,2,148.1,0.2,148.0,10,147.9,8,147.7,150,,,,,,,,,,,,,,,148.2,158,148.5,100,,,,,,,,,,,,,,,,
2026-07-08T17:00:58.729513+00:00,2026-07-08T17:00:58.729433,2,2,148.1,0.2,148.0,10,147.7,150,,,,,,,,,,,,,,,,,148.2,150,148.5,100,,,,,,,,,,,,,,,,
2026-07-08T17:00:58.739990+00:00,2026-07-08T17:00:58.739864,3,2,148.1,0.2,148.0,10,147.9,8,147.7,150,,,,,,,,,,,,,,,148.2,150,148.5,100,,,,,,,,,,,,,,,,
2026-07-08T17:00:58.745120+00:00,2026-07-08T17:00:58.745051,3,2,148.1,0.2,148.0,10,147.9,8,147.7,150,,,,,,,,,,,,,,,148.2,158,148.5,100,,,,,,,,,,,,,,,,
2026-07-08T17:00:59.014181+00:00,2026-07-08T17:00:59.014127,1,2,147.95,0.5,147.7,118,,,,,,,,,,,,,,,,,,,148.2,158,148.5,100,,,,,,,,,,,,,,,,
2026-07-08T17:00:59.058613+00:00,2026-07-08T17:00:59.058020,2,3,147.95,0.3,147.8,8,147.7,118,,,,,,,,,,,,,,,,,148.1,8,148.2,150,148.5,100,,,,,,,,,,,,,,
2026-07-08T17:00:59.234264+00:00,2026-07-08T17:00:59.234219,2,2,147.95,0.3,147.8,8,147.7,118,,,,,,,,,,,,,,,,,148.1,8,148.2,150,,,,,,,,,,,,,,,,
2026-07-08T17:00:59.287550+00:00,2026-07-08T17:00:59.287501,3,2,147.95,0.3,147.8,8,147.7,118,147.6,100,,,,,,,,,,,,,,,148.1,8,148.2,150,,,,,,,,,,,,,,,,
2026-07-08T17:00:59.340285+00:00,2026-07-08T17:00:59.340193,3,2,147.95,0.3,147.8,8,147.7,118,147.6,100,,,,,,,,,,,,,,,148.1,108,148.2,150,,,,,,,,,,,,,,,,
2026-07-08T17:00:59.371607+00:00,2026-07-08T17:00:59.371484,3,2,147.95,0.3,147.8,8,147.7,118,147.6,100,,,,,,,,,,,,,,,148.1,100,148.2,150,,,,,,,,,,,,,,,,
2026-07-08T17:00:59.376579+00:00,2026-07-08T17:00:59.376684,2,2,147.9,0.4,147.7,118,147.6,100,,,,,,,,,,,,,,,,,148.1,100,148.2,150,,,,,,,,,,,,,,,,
2026-07-08T17:00:59.387213+00:00,2026-07-08T17:00:59.387148,2,2,147.9,0.4,147.7,126,147.6,100,,,,,,,,,,,,,,,,,148.1,100,148.2,150,,,,,,,,,,,,,,,,
2026-07-08T17:00:59.392379+00:00,2026-07-08T17:00:59.392332,2,3,147.85,0.3,147.7,126,147.6,100,,,,,,,,,,,,,,,,,148.0,8,148.1,100,148.2,150,,,,,,,,,,,,,,
2026-07-08T17:00:59.496178+00:00,2026-07-08T17:00:59.496037,2,2,147.9,0.4,147.7,126,147.6,100,,,,,,,,,,,,,,,,,148.1,63,148.2,150,,,,,,,,,,,,,,,,
2026-07-08T17:00:59.695655+00:00,2026-07-08T17:00:59.695821,2,2,147.9,0.4,147.7,118,147.6,100,,,,,,,,,,,,,,,,,148.1,63,148.2,150,,,,,,,,,,,,,,,,
2026-07-08T17:00:59.711478+00:00,2026-07-08T17:00:59.711403,2,3,147.85,0.3,147.7,126,147.6,100,,,,,,,,,,,,,,,,,148.0,8,148.1,63,148.2,150,,,,,,,,,,,,,,
2026-07-08T17:00:59.858560+00:00,2026-07-08T17:00:59.845500,2,2,147.85,0.3,147.7,8,147.6,100,,,,,,,,,,,,,,,,,148.0,8,148.1,63,,,,,,,,,,,,,,,,
2026-07-08T17:00:59.900000+00:00,2026-07-08T17:00:59.899901,3,2,147.85,0.3,147.7,8,147.6,100,147.4,150,,,,,,,,,,,,,,,148.0,8,148.1,63,,,,,,,,,,,,,,,,
2026-07-08T17:00:59.951913+00:00,2026-07-08T17:00:59.952046,3,3,147.8,0.2,147.7,8,147.6,100,147.4,150,,,,,,,,,,,,,,,147.9,150,148.0,8,148.1,63,,,,,,,,,,,,,,
2026-07-08T17:01:00.029135+00:00,2026-07-08T17:01:00.029033,2,2,147.75,0.3,147.6,100,147.4,150,,,,,,,,,,,,,,,,,147.9,150,148.1,63,,,,,,,,,,,,,,,,
2026-07-08T17:01:00.039491+00:00,2026-07-08T17:01:00.039440,2,2,147.75,0.3,147.6,108,147.4,150,,,,,,,,,,,,,,,,,147.9,150,148.1,63,,,,,,,,,,,,,,,,
2026-07-08T17:01:00.044668+00:00,2026-07-08T17:01:00.044627,2,2,147.75,0.3,147.6,108,147.4,150,,,,,,,,,,,,,,,,,147.9,158,148.1,63,,,,,,,,,,,,,,,,
2026-07-08T17:01:00.359977+00:00,2026-07-08T17:01:00.359902,2,2,147.75,0.3,147.6,100,147.4,150,,,,,,,,,,,,,,,,,147.9,150,148.1,63,,,,,,,,,,,,,,,,
2026-07-08T17:01:00.380959+00:00,2026-07-08T17:01:00.380923,3,2,147.75,0.3,147.6,100,147.5,8,147.4,150,,,,,,,,,,,,,,,147.9,150,148.1,63,,,,,,,,,,,,,,,,
2026-07-08T17:01:00.386205+00:00,2026-07-08T17:01:00.386135,3,2,147.75,0.3,147.6,100,147.5,8,147.4,150,,,,,,,,,,,,,,,147.9,158,148.1,63,,,,,,,,,,,,,,,,
2026-07-08T17:01:00.695255+00:00,2026-07-08T17:01:00.695070,2,2,147.75,0.3,147.6,100,147.4,150,,,,,,,,,,,,,,,,,147.9,150,148.1,63,,,,,,,,,,,,,,,,
2026-07-08T17:01:00.710979+00:00,2026-07-08T17:01:00.710862,3,2,147.75,0.3,147.6,100,147.5,8,147.4,150,,,,,,,,,,,,,,,147.9,158,148.1,63,,,,,,,,,,,,,,,,
2026-07-08T17:01:01.018987+00:00,2026-07-08T17:01:01.018891,3,2,147.75,0.3,147.6,100,147.5,8,147.4,150,,,,,,,,,,,,,,,147.9,150,148.1,63,,,,,,,,,,,,,,,,
2026-07-08T17:01:01.024247+00:00,2026-07-08T17:01:01.024076,2,2,147.75,0.3,147.6,100,147.4,150,,,,,,,,,,,,,,,,,147.9,150,148.1,63,,,,,,,,,,,,,,,,
2026-07-08T17:01:01.034754+00:00,2026-07-08T17:01:01.034581,3,2,147.75,0.3,147.6,100,147.5,8,147.4,150,,,,,,,,,,,,,,,147.9,150,148.1,63,,,,,,,,,,,,,,,,
2026-07-08T17:01:01.039921+00:00,2026-07-08T17:01:01.039790,3,2,147.75,0.3,147.6,100,147.5,8,147.4,150,,,,,,,,,,,,,,,147.9,158,148.1,63,,,,,,,,,,,,,,,,
2026-07-08T17:01:01.123994+00:00,2026-07-08T17:01:01.124220,3,2,147.75,0.3,147.6,50,147.5,8,147.4,150,,,,,,,,,,,,,,,147.9,158,148.1,63,,,,,,,,,,,,,,,,
2026-07-08T17:01:01.346630+00:00,2026-07-08T17:01:01.346601,3,2,147.75,0.3,147.6,50,147.5,8,147.4,150,,,,,,,,,,,,,,,147.9,150,148.1,63,,,,,,,,,,,,,,,,
2026-07-08T17:01:01.351897+00:00,2026-07-08T17:01:01.351804,2,2,147.75,0.3,147.6,50,147.4,150,,,,,,,,,,,,,,,,,147.9,150,148.1,63,,,,,,,,,,,,,,,,
2026-07-08T17:01:01.358562+00:00,2026-07-08T17:01:01.357209,3,2,147.75,0.3,147.6,50,147.5,8,147.4,150,,,,,,,,,,,,,,,147.9,150,148.1,63,,,,,,,,,,,,,,,,
2026-07-08T17:01:01.368932+00:00,2026-07-08T17:01:01.368872,3,2,147.75,0.3,147.6,50,147.5,8,147.4,150,,,,,,,,,,,,,,,147.9,158,148.1,63,,,,,,,,,,,,,,,,
2026-07-08T17:01:01.679388+00:00,2026-07-08T17:01:01.679527,2,2,147.75,0.3,147.6,50,147.4,150,,,,,,,,,,,,,,,,,147.9,150,148.1,63,,,,,,,,,,,,,,,,
2026-07-08T17:01:01.689821+00:00,2026-07-08T17:01:01.689958,3,2,147.75,0.3,147.6,50,147.5,8,147.4,150,,,,,,,,,,,,,,,147.9,150,148.1,63,,,,,,,,,,,,,,,,
2026-07-08T17:01:01.695039+00:00,2026-07-08T17:01:01.695137,3,2,147.75,0.3,147.6,50,147.5,8,147.4,150,,,,,,,,,,,,,,,147.9,158,148.1,63,,,,,,,,,,,,,,,,
2026-07-08T17:01:01.999443+00:00,2026-07-08T17:01:01.999587,3,2,147.75,0.3,147.6,50,147.5,8,147.4,150,,,,,,,,,,,,,,,147.9,150,148.1,63,,,,,,,,,,,,,,,,
2026-07-08T17:01:02.004663+00:00,2026-07-08T17:01:02.004760,2,2,147.75,0.3,147.6,50,147.4,150,,,,,,,,,,,,,,,,,147.9,150,148.1,63,,,,,,,,,,,,,,,,
2026-07-08T17:01:02.015187+00:00,2026-07-08T17:01:02.015148,3,2,147.75,0.3,147.6,50,147.5,8,147.4,150,,,,,,,,,,,,,,,147.9,150,148.1,63,,,,,,,,,,,,,,,,
2026-07-08T17:01:02.020239+00:00,2026-07-08T17:01:02.020389,3,2,147.75,0.3,147.6,50,147.5,8,147.4,150,,,,,,,,,,,,,,,147.9,158,148.1,63,,,,,,,,,,,,,,,,
2026-07-08T17:01:02.327772+00:00,2026-07-08T17:01:02.327670,2,2,147.75,0.3,147.6,50,147.4,150,,,,,,,,,,,,,,,,,147.9,150,148.1,63,,,,,,,,,,,,,,,,
2026-07-08T17:01:02.343380+00:00,2026-07-08T17:01:02.343283,3,2,147.75,0.3,147.6,50,147.5,8,147.4,150,,,,,,,,,,,,,,,147.9,158,148.1,63,,,,,,,,,,,,,,,,
2026-07-08T17:01:02.391720+00:00,2026-07-08T17:01:02.391700,2,1,147.7,0.4,147.5,8,147.4,150,,,,,,,,,,,,,,,,,147.9,158,,,,,,,,,,,,,,,,,,
2026-07-08T17:01:02.447111+00:00,2026-07-08T17:01:02.447199,2,1,147.7,0.4,147.5,108,147.4,150,,,,,,,,,,,,,,,,,147.9,158,,,,,,,,,,,,,,,,,,
2026-07-08T17:01:02.501982+00:00,2026-07-08T17:01:02.502057,2,2,147.7,0.4,147.5,108,147.4,150,,,,,,,,,,,,,,,,,147.9,158,148.0,100,,,,,,,,,,,,,,,,
2026-07-08T17:01:02.649075+00:00,2026-07-08T17:01:02.649010,2,2,147.7,0.4,147.5,108,147.4,150,,,,,,,,,,,,,,,,,147.9,150,148.0,100,,,,,,,,,,,,,,,,
2026-07-08T17:01:02.658611+00:00,2026-07-08T17:01:02.656998,2,2,147.7,0.4,147.5,100,147.4,158,,,,,,,,,,,,,,,,,147.9,150,148.0,100,,,,,,,,,,,,,,,,
2026-07-08T17:01:02.669687+00:00,2026-07-08T17:01:02.669564,2,2,147.7,0.4,147.5,100,147.4,158,,,,,,,,,,,,,,,,,147.9,158,148.0,100,,,,,,,,,,,,,,,,
2026-07-08T17:01:02.974853+00:00,2026-07-08T17:01:02.974826,2,2,147.7,0.4,147.5,100,147.4,150,,,,,,,,,,,,,,,,,147.9,150,148.0,100,,,,,,,,,,,,,,,,
2026-07-08T17:01:02.991481+00:00,2026-07-08T17:01:02.991368,2,2,147.7,0.4,147.5,100,147.4,158,,,,,,,,,,,,,,,,,147.9,158,148.0,100,,,,,,,,,,,,,,,,
2026-07-08T17:01:03.009233+00:00,2026-07-08T17:01:03.009140,2,2,147.7,0.4,147.5,100,147.4,8,,,,,,,,,,,,,,,,,147.9,8,148.0,100,,,,,,,,,,,,,,,,
2026-07-08T17:01:03.064633+00:00,2026-07-08T17:01:03.064527,2,2,147.7,0.4,147.5,250,147.4,8,,,,,,,,,,,,,,,,,147.9,8,148.0,100,,,,,,,,,,,,,,,,
2026-07-08T17:01:03.117140+00:00,2026-07-08T17:01:03.116998,2,2,147.7,0.4,147.5,250,147.4,8,,,,,,,,,,,,,,,,,147.9,8,148.0,250,,,,,,,,,,,,,,,,
2026-07-08T17:01:03.230528+00:00,2026-07-08T17:01:03.230395,2,2,147.7,0.4,147.5,200,147.4,8,,,,,,,,,,,,,,,,,147.9,8,148.0,250,,,,,,,,,,,,,,,,
2026-07-08T17:01:03.304982+00:00,2026-07-08T17:01:03.304923,1,1,147.75,0.5,147.5,200,,,,,,,,,,,,,,,,,,,148.0,250,,,,,,,,,,,,,,,,,,
2026-07-08T17:01:03.315199+00:00,2026-07-08T17:01:03.315325,1,1,147.75,0.5,147.5,208,,,,,,,,,,,,,,,,,,,148.0,250,,,,,,,,,,,,,,,,,,
2026-07-08T17:01:03.320608+00:00,2026-07-08T17:01:03.320498,1,1,147.75,0.5,147.5,208,,,,,,,,,,,,,,,,,,,148.0,258,,,,,,,,,,,,,,,,,,
2026-07-08T17:01:03.623937+00:00,2026-07-08T17:01:03.624099,1,1,147.75,0.5,147.5,208,,,,,,,,,,,,,,,,,,,148.0,250,,,,,,,,,,,,,,,,,,
