recv_time,book_timestamp,n_bids,n_asks,mid,spread,bid_px_0,bid_vol_0,bid_px_1,bid_vol_1,bid_px_2,bid_vol_2,bid_px_3,bid_vol_3,bid_px_4,bid_vol_4,bid_px_5,bid_vol_5,bid_px_6,bid_vol_6,bid_px_7,bid_vol_7,bid_px_8,bid_vol_8,bid_px_9,bid_vol_9,ask_px_0,ask_vol_0,ask_px_1,ask_vol_1,ask_px_2,ask_vol_2,ask_px_3,ask_vol_3,ask_px_4,ask_vol_4,ask_px_5,ask_vol_5,ask_px_6,ask_vol_6,ask_px_7,ask_vol_7,ask_px_8,ask_vol_8,ask_px_9,ask_vol_9
2026-07-06T09:00:00.002146+00:00,2026-07-06T09:00:00.069938,2,2,164.0,0.2,163.9,8,163.6,200,,,,,,,,,,,,,,,,,164.1,166,164.2,8,,,,,,,,,,,,,,,,
2026-07-06T09:00:00.931988+00:00,2026-07-06T09:00:00.931943,1,1,163.85,0.5,163.6,200,,,,,,,,,,,,,,,,,,,164.1,166,,,,,,,,,,,,,,,,,,
2026-07-06T09:00:00.937270+00:00,2026-07-06T09:00:00.937179,2,1,163.95,0.3,163.8,8,163.6,200,,,,,,,,,,,,,,,,,164.1,166,,,,,,,,,,,,,,,,,,
2026-07-06T09:00:00.942453+00:00,2026-07-06T09:00:00.942380,2,1,163.95,0.3,163.8,8,163.6,200,,,,,,,,,,,,,,,,,164.1,174,,,,,,,,,,,,,,,,,,
2026-07-06T09:00:01.036313+00:00,2026-07-06T09:00:01.008981,1,1,163.85,0.5,163.6,158,,,,,,,,,,,,,,,,,,,164.1,174,,,,,,,,,,,,,,,,,,
2026-07-06T09:00:01.197289+00:00,2026-07-06T09:00:01.197194,2,1,163.9,0.4,163.7,8,163.6,158,,,,,,,,,,,,,,,,,164.1,166,,,,,,,,,,,,,,,,,,
2026-07-06T09:00:01.229076+00:00,2026-07-06T09:00:01.228918,2,1,163.9,0.4,163.7,8,163.6,158,,,,,,,,,,,,,,,,,164.1,174,,,,,,,,,,,,,,,,,,
2026-07-06T09:00:01.794761+00:00,2026-07-06T09:00:01.794659,2,1,163.9,0.4,163.7,8,163.6,150,,,,,,,,,,,,,,,,,164.1,158,,,,,,,,,,,,,,,,,,
2026-07-06T09:00:01.849551+00:00,2026-07-06T09:00:01.849642,3,1,163.9,0.4,163.7,8,163.6,150,163.5,100,,,,,,,,,,,,,,,164.1,158,,,,,,,,,,,,,,,,,,
2026-07-06T09:00:01.903925+00:00,2026-07-06T09:00:01.903868,3,2,163.85,0.3,163.7,8,163.6,150,163.5,100,,,,,,,,,,,,,,,164.0,100,164.1,158,,,,,,,,,,,,,,,,
2026-07-06T09:00:01.994377+00:00,2026-07-06T09:00:01.994351,2,2,163.8,0.4,163.6,150,163.5,100,,,,,,,,,,,,,,,,,164.0,100,164.1,150,,,,,,,,,,,,,,,,
2026-07-06T09:00:01.999439+00:00,2026-07-06T09:00:01.999549,3,2,163.85,0.3,163.7,8,163.6,150,163.5,100,,,,,,,,,,,,,,,164.0,100,164.1,150,,,,,,,,,,,,,,,,
2026-07-06T09:00:02.004843+00:00,2026-07-06T09:00:02.004760,3,2,163.85,0.3,163.7,8,163.6,150,163.5,100,,,,,,,,,,,,,,,164.0,108,164.1,150,,,,,,,,,,,,,,,,
2026-07-06T09:00:03.121119+00:00,2026-07-06T09:00:03.121307,2,2,163.8,0.4,163.6,108,163.5,100,,,,,,,,,,,,,,,,,164.0,108,164.1,150,,,,,,,,,,,,,,,,
2026-07-06T09:00:03.134437+00:00,2026-07-06T09:00:03.134380,1,1,163.75,0.5,163.5,100,,,,,,,,,,,,,,,,,,,164.0,108,,,,,,,,,,,,,,,,,,
2026-07-06T09:00:03.179873+00:00,2026-07-06T09:00:03.179756,1,1,163.75,0.5,163.5,100,,,,,,,,,,,,,,,,,,,164.0,68,,,,,,,,,,,,,,,,,,
2026-07-06T09:00:03.185053+00:00,2026-07-06T09:00:03.184933,2,1,163.75,0.5,163.5,100,163.2,150,,,,,,,,,,,,,,,,,164.0,68,,,,,,,,,,,,,,,,,,
2026-07-06T09:00:03.254755+00:00,2026-07-06T09:00:03.247117,2,2,163.6,0.2,163.5,100,163.2,150,,,,,,,,,,,,,,,,,163.7,127,164.0,68,,,,,,,,,,,,,,,,
2026-07-06T09:00:04.959612+00:00,2026-07-06T09:00:04.959506,1,2,163.45,0.5,163.2,150,,,,,,,,,,,,,,,,,,,163.7,127,164.0,8,,,,,,,,,,,,,,,,
2026-07-06T09:00:05.012088+00:00,2026-07-06T09:00:05.011995,2,2,163.65,0.1,163.6,100,163.2,150,,,,,,,,,,,,,,,,,163.7,127,164.0,8,,,,,,,,,,,,,,,,
2026-07-06T09:00:05.065273+00:00,2026-07-06T09:00:05.065061,2,3,163.65,0.1,163.6,100,163.2,150,,,,,,,,,,,,,,,,,163.7,127,164.0,8,164.1,100,,,,,,,,,,,,,,
2026-07-06T09:00:05.231156+00:00,2026-07-06T09:00:05.231037,2,3,163.65,0.1,163.6,50,163.2,150,,,,,,,,,,,,,,,,,163.7,127,164.0,8,164.1,100,,,,,,,,,,,,,,
2026-07-06T09:00:06.224292+00:00,2026-07-06T09:00:06.224144,2,3,163.65,0.1,163.6,50,163.2,150,,,,,,,,,,,,,,,,,163.7,85,164.0,8,164.1,100,,,,,,,,,,,,,,
2026-07-06T09:00:06.298289+00:00,2026-07-06T09:00:06.298151,1,2,163.8,0.4,163.6,50,,,,,,,,,,,,,,,,,,,164.0,8,164.1,100,,,,,,,,,,,,,,,,
2026-07-06T09:00:06.358566+00:00,2026-07-06T09:00:06.352068,2,2,163.8,0.4,163.6,50,163.5,150,,,,,,,,,,,,,,,,,164.0,8,164.1,100,,,,,,,,,,,,,,,,
2026-07-06T09:00:06.405344+00:00,2026-07-06T09:00:06.405262,2,2,163.8,0.4,163.6,50,163.5,150,,,,,,,,,,,,,,,,,164.0,158,164.1,100,,,,,,,,,,,,,,,,
2026-07-06T09:00:06.730340+00:00,2026-07-06T09:00:06.730239,2,2,163.8,0.4,163.6,50,163.5,150,,,,,,,,,,,,,,,,,164.0,114,164.1,100,,,,,,,,,,,,,,,,
2026-07-06T09:00:07.360766+00:00,2026-07-06T09:00:07.360844,1,2,163.75,0.5,163.5,150,,,,,,,,,,,,,,,,,,,164.0,114,164.1,100,,,,,,,,,,,,,,,,
2026-07-06T09:00:08.119579+00:00,2026-07-06T09:00:08.119684,1,1,163.75,0.5,163.5,150,,,,,,,,,,,,,,,,,,,164.0,114,,,,,,,,,,,,,,,,,,
2026-07-06T09:00:08.171096+00:00,2026-07-06T09:00:08.171054,2,1,163.75,0.5,163.5,150,163.2,100,,,,,,,,,,,,,,,,,164.0,114,,,,,,,,,,,,,,,,,,
2026-07-06T09:00:08.232893+00:00,2026-07-06T09:00:08.232798,2,2,163.6,0.2,163.5,150,163.2,100,,,,,,,,,,,,,,,,,163.7,100,164.0,114,,,,,,,,,,,,,,,,
2026-07-06T09:00:09.458578+00:00,2026-07-06T09:00:09.458196,1,1,163.45,0.5,163.2,50,,,,,,,,,,,,,,,,,,,163.7,100,,,,,,,,,,,,,,,,,,
2026-07-06T09:00:09.515303+00:00,2026-07-06T09:00:09.515396,2,1,163.6,0.2,163.5,150,163.2,50,,,,,,,,,,,,,,,,,163.7,100,,,,,,,,,,,,,,,,,,
2026-07-06T09:00:09.568810+00:00,2026-07-06T09:00:09.568930,2,2,163.6,0.2,163.5,150,163.2,50,,,,,,,,,,,,,,,,,163.7,100,164.0,150,,,,,,,,,,,,,,,,
2026-07-06T09:00:09.796602+00:00,2026-07-06T09:00:09.796409,2,2,163.6,0.2,163.5,158,163.2,50,,,,,,,,,,,,,,,,,163.7,100,164.0,150,,,,,,,,,,,,,,,,
2026-07-06T09:00:09.801733+00:00,2026-07-06T09:00:09.801645,2,3,163.6,0.2,163.5,158,163.2,50,,,,,,,,,,,,,,,,,163.7,100,163.9,8,164.0,150,,,,,,,,,,,,,,
2026-07-06T09:00:11.058554+00:00,2026-07-06T09:00:11.057792,2,2,163.6,0.2,163.5,158,163.2,50,,,,,,,,,,,,,,,,,163.7,100,164.0,150,,,,,,,,,,,,,,,,
2026-07-06T09:00:11.070739+00:00,2026-07-06T09:00:11.070895,2,3,163.6,0.2,163.5,158,163.2,50,,,,,,,,,,,,,,,,,163.7,100,163.8,8,164.0,150,,,,,,,,,,,,,,
2026-07-06T09:00:11.364092+00:00,2026-07-06T09:00:11.364053,3,1,163.8,0.4,163.6,8,163.5,150,163.1,100,,,,,,,,,,,,,,,164.0,158,,,,,,,,,,,,,,,,,,
2026-07-06T09:00:11.389497+00:00,2026-07-06T09:00:11.389396,2,2,163.55,0.1,163.5,150,163.1,100,,,,,,,,,,,,,,,,,163.6,92,164.0,158,,,,,,,,,,,,,,,,
2026-07-06T09:00:11.598022+00:00,2026-07-06T09:00:11.597870,2,2,163.55,0.1,163.5,100,163.1,100,,,,,,,,,,,,,,,,,163.6,92,164.0,158,,,,,,,,,,,,,,,,
2026-07-06T09:00:12.191402+00:00,2026-07-06T09:00:12.191323,2,2,163.55,0.1,163.5,53,163.1,100,,,,,,,,,,,,,,,,,163.6,92,164.0,158,,,,,,,,,,,,,,,,
2026-07-06T09:00:12.595560+00:00,2026-07-06T09:00:12.595523,2,2,163.55,0.1,163.5,61,163.1,100,,,,,,,,,,,,,,,,,163.6,92,164.0,150,,,,,,,,,,,,,,,,
2026-07-06T09:00:12.600809+00:00,2026-07-06T09:00:12.600709,2,3,163.55,0.1,163.5,61,163.1,100,,,,,,,,,,,,,,,,,163.6,92,163.8,8,164.0,150,,,,,,,,,,,,,,
2026-07-06T09:00:12.623992+00:00,2026-07-06T09:00:12.623932,2,2,163.55,0.1,163.5,8,163.1,100,,,,,,,,,,,,,,,,,163.6,92,163.8,8,,,,,,,,,,,,,,,,
2026-07-06T09:00:12.679281+00:00,2026-07-06T09:00:12.679405,3,2,163.55,0.1,163.5,8,163.1,100,163.0,150,,,,,,,,,,,,,,,163.6,92,163.8,8,,,,,,,,,,,,,,,,
2026-07-06T09:00:12.750102+00:00,2026-07-06T09:00:12.750071,2,3,163.3,0.4,163.1,100,163.0,150,,,,,,,,,,,,,,,,,163.5,142,163.6,92,163.8,8,,,,,,,,,,,,,,
2026-07-06T09:00:13.112795+00:00,2026-07-06T09:00:13.112680,3,2,163.35,0.3,163.2,8,163.1,100,163.0,150,,,,,,,,,,,,,,,163.5,142,163.6,92,,,,,,,,,,,,,,,,
2026-07-06T09:00:13.117976+00:00,2026-07-06T09:00:13.117892,3,3,163.35,0.3,163.2,8,163.1,100,163.0,150,,,,,,,,,,,,,,,163.5,142,163.6,92,163.7,8,,,,,,,,,,,,,,
2026-07-06T09:00:13.707159+00:00,2026-07-06T09:00:13.707082,2,3,163.3,0.4,163.1,58,163.0,150,,,,,,,,,,,,,,,,,163.5,142,163.6,92,163.7,8,,,,,,,,,,,,,,
2026-07-06T09:00:14.452034+00:00,2026-07-06T09:00:14.451950,1,2,163.25,0.5,163.0,150,,,,,,,,,,,,,,,,,,,163.5,142,163.7,8,,,,,,,,,,,,,,,,
2026-07-06T09:00:14.506260+00:00,2026-07-06T09:00:14.506372,2,2,163.25,0.5,163.0,150,162.8,100,,,,,,,,,,,,,,,,,163.5,142,163.7,8,,,,,,,,,,,,,,,,
2026-07-06T09:00:14.571263+00:00,2026-07-06T09:00:14.564627,2,3,163.15,0.3,163.0,150,162.8,100,,,,,,,,,,,,,,,,,163.3,89,163.5,142,163.7,8,,,,,,,,,,,,,,
2026-07-06T09:00:14.634050+00:00,2026-07-06T09:00:14.633949,3,2,163.2,0.2,163.1,8,163.0,150,162.8,100,,,,,,,,,,,,,,,163.3,89,163.5,142,,,,,,,,,,,,,,,,
2026-07-06T09:00:14.639298+00:00,2026-07-06T09:00:14.639169,3,3,163.2,0.2,163.1,8,163.0,150,162.8,100,,,,,,,,,,,,,,,163.3,89,163.5,142,163.7,8,,,,,,,,,,,,,,
2026-07-06T09:00:14.895090+00:00,2026-07-06T09:00:14.895216,2,2,163.15,0.3,163.0,150,162.8,100,,,,,,,,,,,,,,,,,163.3,89,163.5,142,,,,,,,,,,,,,,,,
2026-07-06T09:00:14.900527+00:00,2026-07-06T09:00:14.900432,3,3,163.25,0.1,163.2,8,163.0,150,162.8,100,,,,,,,,,,,,,,,163.3,89,163.5,142,163.7,8,,,,,,,,,,,,,,
2026-07-06T09:00:15.540729+00:00,2026-07-06T09:00:15.540660,3,3,163.25,0.1,163.2,8,163.0,150,162.8,100,,,,,,,,,,,,,,,163.3,49,163.5,142,163.7,8,,,,,,,,,,,,,,
2026-07-06T09:00:15.810949+00:00,2026-07-06T09:00:15.810909,2,2,163.25,0.1,163.2,8,162.8,100,,,,,,,,,,,,,,,,,163.3,49,163.7,8,,,,,,,,,,,,,,,,
2026-07-06T09:00:15.834756+00:00,2026-07-06T09:00:15.834634,1,2,163.05,0.5,162.8,58,,,,,,,,,,,,,,,,,,,163.3,49,163.7,8,,,,,,,,,,,,,,,,
2026-07-06T09:00:15.867826+00:00,2026-07-06T09:00:15.862207,2,2,163.15,0.3,163.0,150,162.8,58,,,,,,,,,,,,,,,,,163.3,37,163.7,8,,,,,,,,,,,,,,,,
2026-07-06T09:00:15.909447+00:00,2026-07-06T09:00:15.909401,3,1,163.2,0.2,163.1,8,163.0,150,162.8,58,,,,,,,,,,,,,,,163.3,37,,,,,,,,,,,,,,,,,,
2026-07-06T09:00:15.914676+00:00,2026-07-06T09:00:15.914599,3,3,163.2,0.2,163.1,8,163.0,150,162.8,58,,,,,,,,,,,,,,,163.3,37,163.5,150,163.7,8,,,,,,,,,,,,,,
2026-07-06T09:00:16.174387+00:00,2026-07-06T09:00:16.174552,2,2,163.15,0.3,163.0,150,162.8,58,,,,,,,,,,,,,,,,,163.3,37,163.5,150,,,,,,,,,,,,,,,,
2026-07-06T09:00:16.179894+00:00,2026-07-06T09:00:16.179766,3,2,163.25,0.1,163.2,8,163.0,150,162.8,58,,,,,,,,,,,,,,,163.3,37,163.5,150,,,,,,,,,,,,,,,,
2026-07-06T09:00:16.185172+00:00,2026-07-06T09:00:16.184984,3,3,163.25,0.1,163.2,8,163.0,150,162.8,58,,,,,,,,,,,,,,,163.3,37,163.5,150,163.7,8,,,,,,,,,,,,,,
2026-07-06T09:00:17.622984+00:00,2026-07-06T09:00:17.622839,2,2,163.35,0.3,163.2,8,163.0,150,,,,,,,,,,,,,,,,,163.5,150,163.7,8,,,,,,,,,,,,,,,,
2026-07-06T09:00:17.678208+00:00,2026-07-06T09:00:17.678115,3,2,163.35,0.3,163.2,8,163.0,150,162.9,100,,,,,,,,,,,,,,,163.5,150,163.7,8,,,,,,,,,,,,,,,,
2026-07-06T09:00:17.692893+00:00,2026-07-06T09:00:17.692832,2,1,163.25,0.5,163.0,150,162.9,100,,,,,,,,,,,,,,,,,163.5,150,,,,,,,,,,,,,,,,,,
2026-07-06T09:00:17.698117+00:00,2026-07-06T09:00:17.698022,3,1,163.4,0.2,163.3,8,163.0,150,162.9,100,,,,,,,,,,,,,,,163.5,150,,,,,,,,,,,,,,,,,,
2026-07-06T09:00:17.703351+00:00,2026-07-06T09:00:17.703254,3,2,163.4,0.2,163.3,8,163.0,150,162.9,100,,,,,,,,,,,,,,,163.5,150,163.9,8,,,,,,,,,,,,,,,,
2026-07-06T09:00:17.726276+00:00,2026-07-06T09:00:17.726209,3,3,163.35,0.1,163.3,8,163.0,150,162.9,100,,,,,,,,,,,,,,,163.4,100,163.5,150,163.9,8,,,,,,,,,,,,,,
2026-07-06T09:00:17.892006+00:00,2026-07-06T09:00:17.891917,3,3,163.35,0.1,163.3,8,163.0,150,162.9,100,,,,,,,,,,,,,,,163.4,50,163.5,150,163.9,8,,,,,,,,,,,,,,
2026-07-06T09:00:18.946931+00:00,2026-07-06T09:00:18.940806,3,3,163.35,0.1,163.3,8,163.0,150,162.9,100,,,,,,,,,,,,,,,163.4,39,163.5,150,163.9,8,,,,,,,,,,,,,,
2026-07-06T09:00:18.967778+00:00,2026-07-06T09:00:18.967731,3,2,163.35,0.1,163.3,8,163.0,150,162.9,100,,,,,,,,,,,,,,,163.4,39,163.9,8,,,,,,,,,,,,,,,,
2026-07-06T09:00:18.973011+00:00,2026-07-06T09:00:18.972916,2,2,163.35,0.1,163.3,8,162.9,100,,,,,,,,,,,,,,,,,163.4,39,163.9,8,,,,,,,,,,,,,,,,
2026-07-06T09:00:19.023319+00:00,2026-07-06T09:00:19.023202,2,2,163.35,0.1,163.3,158,162.9,100,,,,,,,,,,,,,,,,,163.4,39,163.9,8,,,,,,,,,,,,,,,,
2026-07-06T09:00:19.079733+00:00,2026-07-06T09:00:19.079626,2,3,163.35,0.1,163.3,158,162.9,100,,,,,,,,,,,,,,,,,163.4,39,163.8,150,163.9,8,,,,,,,,,,,,,,
2026-07-06T09:00:19.209875+00:00,2026-07-06T09:00:19.209829,2,2,163.35,0.1,163.3,150,162.9,100,,,,,,,,,,,,,,,,,163.4,39,163.8,150,,,,,,,,,,,,,,,,
2026-07-06T09:00:19.215129+00:00,2026-07-06T09:00:19.215072,2,2,163.35,0.1,163.3,150,162.9,100,,,,,,,,,,,,,,,,,163.4,31,163.8,150,,,,,,,,,,,,,,,,
2026-07-06T09:00:19.220378+00:00,2026-07-06T09:00:19.220276,2,3,163.35,0.1,163.3,150,162.9,100,,,,,,,,,,,,,,,,,163.4,31,163.8,150,164.0,8,,,,,,,,,,,,,,
2026-07-06T09:00:19.501361+00:00,2026-07-06T09:00:19.494121,2,3,163.35,0.1,163.3,150,162.9,100,,,,,,,,,,,,,,,,,163.4,20,163.8,150,164.0,8,,,,,,,,,,,,,,
2026-07-06T09:00:20.007118+00:00,2026-07-06T09:00:20.007071,2,2,163.55,0.5,163.3,150,162.9,100,,,,,,,,,,,,,,,,,163.8,150,164.0,8,,,,,,,,,,,,,,,,
2026-07-06T09:00:20.778722+00:00,2026-07-06T09:00:20.778868,1,2,163.55,0.5,163.3,150,,,,,,,,,,,,,,,,,,,163.8,150,164.0,8,,,,,,,,,,,,,,,,
2026-07-06T09:00:20.835770+00:00,2026-07-06T09:00:20.835613,2,2,163.65,0.3,163.5,100,163.3,150,,,,,,,,,,,,,,,,,163.8,150,164.0,8,,,,,,,,,,,,,,,,
2026-07-06T09:00:20.888677+00:00,2026-07-06T09:00:20.888628,2,2,163.65,0.3,163.5,100,163.3,150,,,,,,,,,,,,,,,,,163.8,150,164.0,108,,,,,,,,,,,,,,,,
2026-07-06T09:00:20.983979+00:00,2026-07-06T09:00:20.983935,3,2,163.7,0.2,163.6,8,163.5,100,163.3,150,,,,,,,,,,,,,,,163.8,150,164.0,100,,,,,,,,,,,,,,,,
2026-07-06T09:00:20.994383+00:00,2026-07-06T09:00:20.988131,2,2,163.65,0.3,163.5,100,163.3,150,,,,,,,,,,,,,,,,,163.8,150,164.0,108,,,,,,,,,,,,,,,,
2026-07-06T09:00:22.134747+00:00,2026-07-06T09:00:22.134668,1,1,163.75,0.5,163.5,100,,,,,,,,,,,,,,,,,,,164.0,108,,,,,,,,,,,,,,,,,,
2026-07-06T09:00:22.189781+00:00,2026-07-06T09:00:22.189654,2,1,163.75,0.5,163.5,100,163.3,150,,,,,,,,,,,,,,,,,164.0,108,,,,,,,,,,,,,,,,,,
2026-07-06T09:00:22.242448+00:00,2026-07-06T09:00:22.242336,2,2,163.65,0.3,163.5,100,163.3,150,,,,,,,,,,,,,,,,,163.8,150,164.0,108,,,,,,,,,,,,,,,,
2026-07-06T09:00:23.943246+00:00,2026-07-06T09:00:23.943162,1,2,163.55,0.5,163.3,150,,,,,,,,,,,,,,,,,,,163.8,150,164.0,8,,,,,,,,,,,,,,,,
2026-07-06T09:00:23.999100+00:00,2026-07-06T09:00:23.999007,2,2,163.6,0.4,163.4,100,163.3,150,,,,,,,,,,,,,,,,,163.8,150,164.0,8,,,,,,,,,,,,,,,,
2026-07-06T09:00:24.052817+00:00,2026-07-06T09:00:24.052711,2,3,163.6,0.4,163.4,100,163.3,150,,,,,,,,,,,,,,,,,163.8,150,163.9,100,164.0,8,,,,,,,,,,,,,,
2026-07-06T09:00:24.221217+00:00,2026-07-06T09:00:24.221108,2,3,163.6,0.4,163.4,100,163.3,150,,,,,,,,,,,,,,,,,163.8,100,163.9,100,164.0,8,,,,,,,,,,,,,,
2026-07-06T09:00:24.712735+00:00,2026-07-06T09:00:24.712654,2,3,163.6,0.4,163.4,56,163.3,150,,,,,,,,,,,,,,,,,163.8,100,163.9,100,164.0,8,,,,,,,,,,,,,,
2026-07-06T09:00:25.272962+00:00,2026-07-06T09:00:25.272827,2,3,163.6,0.4,163.4,14,163.3,150,,,,,,,,,,,,,,,,,163.8,100,163.9,100,164.0,8,,,,,,,,,,,,,,
2026-07-06T09:00:25.293901+00:00,2026-07-06T09:00:25.293780,1,2,163.65,0.5,163.4,14,,,,,,,,,,,,,,,,,,,163.9,100,164.0,8,,,,,,,,,,,,,,,,
2026-07-06T09:00:25.358637+00:00,2026-07-06T09:00:25.353827,2,2,163.7,0.4,163.5,150,163.4,14,,,,,,,,,,,,,,,,,163.9,100,164.0,8,,,,,,,,,,,,,,,,
2026-07-06T09:00:25.407010+00:00,2026-07-06T09:00:25.406888,2,2,163.7,0.4,163.5,150,163.4,14,,,,,,,,,,,,,,,,,163.9,100,164.0,158,,,,,,,,,,,,,,,,
2026-07-06T09:00:25.514568+00:00,2026-07-06T09:00:25.508743,2,2,163.7,0.4,163.5,147,163.4,14,,,,,,,,,,,,,,,,,163.9,100,164.0,158,,,,,,,,,,,,,,,,
2026-07-06T09:00:26.327794+00:00,2026-07-06T09:00:26.327690,2,2,163.7,0.4,163.5,147,163.4,14,,,,,,,,,,,,,,,,,163.9,50,164.0,158,,,,,,,,,,,,,,,,
2026-07-06T09:00:27.103848+00:00,2026-07-06T09:00:27.103813,1,1,163.75,0.5,163.5,147,,,,,,,,,,,,,,,,,,,164.0,158,,,,,,,,,,,,,,,,,,
2026-07-06T09:00:27.158607+00:00,2026-07-06T09:00:27.156903,2,1,163.75,0.5,163.5,147,163.3,100,,,,,,,,,,,,,,,,,164.0,158,,,,,,,,,,,,,,,,,,
2026-07-06T09:00:27.212212+00:00,2026-07-06T09:00:27.212367,2,2,163.65,0.3,163.5,147,163.3,100,,,,,,,,,,,,,,,,,163.8,100,164.0,158,,,,,,,,,,,,,,,,
2026-07-06T09:00:27.907596+00:00,2026-07-06T09:00:27.907478,2,2,163.65,0.3,163.5,147,163.3,100,,,,,,,,,,,,,,,,,163.8,60,164.0,158,,,,,,,,,,,,,,,,
2026-07-06T09:00:28.275931+00:00,2026-07-06T09:00:28.275844,2,2,163.65,0.3,163.5,155,163.3,100,,,,,,,,,,,,,,,,,163.8,60,164.0,150,,,,,,,,,,,,,,,,
2026-07-06T09:00:28.280935+00:00,2026-07-06T09:00:28.281067,2,3,163.65,0.3,163.5,155,163.3,100,,,,,,,,,,,,,,,,,163.8,60,163.9,8,164.0,150,,,,,,,,,,,,,,
2026-07-06T09:00:28.437442+00:00,2026-07-06T09:00:28.437335,2,3,163.65,0.3,163.5,155,163.3,100,,,,,,,,,,,,,,,,,163.8,10,163.9,8,164.0,150,,,,,,,,,,,,,,
2026-07-06T09:00:28.458608+00:00,2026-07-06T09:00:28.458063,2,2,163.65,0.3,163.5,8,163.3,100,,,,,,,,,,,,,,,,,163.8,10,163.9,8,,,,,,,,,,,,,,,,
2026-07-06T09:00:28.521852+00:00,2026-07-06T09:00:28.521679,3,2,163.65,0.3,163.5,8,163.4,150,163.3,100,,,,,,,,,,,,,,,163.8,10,163.9,8,,,,,,,,,,,,,,,,
2026-07-06T09:00:28.570628+00:00,2026-07-06T09:00:28.570581,3,2,163.65,0.3,163.5,8,163.4,150,163.3,100,,,,,,,,,,,,,,,163.8,10,163.9,158,,,,,,,,,,,,,,,,
2026-07-06T09:00:29.039015+00:00,2026-07-06T09:00:29.038879,3,1,163.7,0.4,163.5,8,163.4,150,163.3,100,,,,,,,,,,,,,,,163.9,122,,,,,,,,,,,,,,,,,,
2026-07-06T09:00:30.269360+00:00,2026-07-06T09:00:30.269243,2,1,163.7,0.4,163.5,8,163.4,150,,,,,,,,,,,,,,,,,163.9,122,,,,,,,,,,,,,,,,,,
2026-07-06T09:00:30.332589+00:00,2026-07-06T09:00:30.326268,3,1,163.75,0.3,163.6,89,163.5,8,163.4,150,,,,,,,,,,,,,,,163.9,122,,,,,,,,,,,,,,,,,,
2026-07-06T09:00:30.377653+00:00,2026-07-06T09:00:30.377575,3,2,163.75,0.3,163.6,89,163.5,8,163.4,150,,,,,,,,,,,,,,,163.9,122,164.1,100,,,,,,,,,,,,,,,,
2026-07-06T09:00:30.546009+00:00,2026-07-06T09:00:30.545856,2,2,163.75,0.3,163.6,89,163.4,150,,,,,,,,,,,,,,,,,163.9,122,164.1,100,,,,,,,,,,,,,,,,
2026-07-06T09:00:30.551169+00:00,2026-07-06T09:00:30.551111,2,2,163.75,0.3,163.6,97,163.4,150,,,,,,,,,,,,,,,,,163.9,122,164.1,100,,,,,,,,,,,,,,,,
2026-07-06T09:00:30.556242+00:00,2026-07-06T09:00:30.556353,2,3,163.75,0.3,163.6,97,163.4,150,,,,,,,,,,,,,,,,,163.9,122,164.0,8,164.1,100,,,,,,,,,,,,,,
2026-07-06T09:00:30.612941+00:00,2026-07-06T09:00:30.612861,2,3,163.75,0.3,163.6,47,163.4,150,,,,,,,,,,,,,,,,,163.9,122,164.0,8,164.1,100,,,,,,,,,,,,,,
2026-07-06T09:00:31.527753+00:00,2026-07-06T09:00:31.522799,2,3,163.75,0.3,163.6,12,163.4,150,,,,,,,,,,,,,,,,,163.9,122,164.0,8,164.1,100,,,,,,,,,,,,,,
2026-07-06T09:00:31.563330+00:00,2026-07-06T09:00:31.563208,2,2,163.75,0.3,163.6,4,163.4,150,,,,,,,,,,,,,,,,,163.9,122,164.1,100,,,,,,,,,,,,,,,,
2026-07-06T09:00:31.568502+00:00,2026-07-06T09:00:31.568429,3,2,163.75,0.3,163.6,4,163.4,150,163.1,8,,,,,,,,,,,,,,,163.9,122,164.1,100,,,,,,,,,,,,,,,,
2026-07-06T09:00:31.573730+00:00,2026-07-06T09:00:31.573628,3,3,163.7,0.2,163.6,4,163.4,150,163.1,8,,,,,,,,,,,,,,,163.8,8,163.9,122,164.1,100,,,,,,,,,,,,,,
2026-07-06T09:00:31.625059+00:00,2026-07-06T09:00:31.625019,2,2,163.7,0.2,163.6,4,163.1,8,,,,,,,,,,,,,,,,,163.8,8,164.1,100,,,,,,,,,,,,,,,,
2026-07-06T09:00:31.680781+00:00,2026-07-06T09:00:31.680702,3,2,163.7,0.2,163.6,4,163.1,8,162.8,150,,,,,,,,,,,,,,,163.8,8,164.1,100,,,,,,,,,,,,,,,,
2026-07-06T09:00:31.735203+00:00,2026-07-06T09:00:31.735096,2,3,163.2,0.2,163.1,8,162.8,150,,,,,,,,,,,,,,,,,163.3,146,163.8,8,164.1,100,,,,,,,,,,,,,,
2026-07-06T09:00:31.827607+00:00,2026-07-06T09:00:31.827745,1,2,163.05,0.5,162.8,150,,,,,,,,,,,,,,,,,,,163.3,146,164.1,100,,,,,,,,,,,,,,,,
2026-07-06T09:00:31.832837+00:00,2026-07-06T09:00:31.832992,2,3,163.2,0.2,163.1,8,162.8,150,,,,,,,,,,,,,,,,,163.3,146,163.4,8,164.1,100,,,,,,,,,,,,,,
2026-07-06T09:00:32.239976+00:00,2026-07-06T09:00:32.239909,1,3,163.05,0.5,162.8,113,,,,,,,,,,,,,,,,,,,163.3,146,163.4,8,164.1,100,,,,,,,,,,,,,,
2026-07-06T09:00:32.342369+00:00,2026-07-06T09:00:32.342501,2,2,163.1,0.4,162.9,8,162.8,113,,,,,,,,,,,,,,,,,163.3,146,164.1,100,,,,,,,,,,,,,,,,
2026-07-06T09:00:32.347851+00:00,2026-07-06T09:00:32.347770,2,3,163.1,0.4,162.9,8,162.8,113,,,,,,,,,,,,,,,,,163.3,146,163.5,8,164.1,100,,,,,,,,,,,,,,
2026-07-06T09:00:32.728496+00:00,2026-07-06T09:00:32.728708,1,3,163.05,0.5,162.8,71,,,,,,,,,,,,,,,,,,,163.3,146,163.5,8,164.1,100,,,,,,,,,,,,,,
2026-07-06T09:00:33.370373+00:00,2026-07-06T09:00:33.364891,2,2,163.1,0.4,162.9,8,162.8,71,,,,,,,,,,,,,,,,,163.3,123,164.1,100,,,,,,,,,,,,,,,,
2026-07-06T09:00:33.386093+00:00,2026-07-06T09:00:33.385915,2,2,163.1,0.4,162.9,8,162.8,71,,,,,,,,,,,,,,,,,163.3,131,164.1,100,,,,,,,,,,,,,,,,
2026-07-06T09:00:33.432220+00:00,2026-07-06T09:00:33.432138,2,1,163.1,0.4,162.9,8,162.8,71,,,,,,,,,,,,,,,,,163.3,131,,,,,,,,,,,,,,,,,,
2026-07-06T09:00:33.485714+00:00,2026-07-06T09:00:33.485867,3,1,163.15,0.3,163.0,100,162.9,8,162.8,71,,,,,,,,,,,,,,,163.3,131,,,,,,,,,,,,,,,,,,
2026-07-06T09:00:33.539711+00:00,2026-07-06T09:00:33.539614,3,2,163.15,0.3,163.0,100,162.9,8,162.8,71,,,,,,,,,,,,,,,163.3,131,163.5,100,,,,,,,,,,,,,,,,
2026-07-06T09:00:33.636213+00:00,2026-07-06T09:00:33.636404,2,2,163.15,0.3,163.0,100,162.8,71,,,,,,,,,,,,,,,,,163.3,123,163.5,100,,,,,,,,,,,,,,,,
2026-07-06T09:00:33.641743+00:00,2026-07-06T09:00:33.641657,3,2,163.2,0.2,163.1,8,163.0,100,162.8,71,,,,,,,,,,,,,,,163.3,123,163.5,108,,,,,,,,,,,,,,,,
2026-07-06T09:00:33.900446+00:00,2026-07-06T09:00:33.900356,2,2,163.15,0.3,163.0,100,162.8,71,,,,,,,,,,,,,,,,,163.3,123,163.5,100,,,,,,,,,,,,,,,,
2026-07-06T09:00:33.905620+00:00,2026-07-06T09:00:33.905581,3,2,163.25,0.1,163.2,8,163.0,100,162.8,71,,,,,,,,,,,,,,,163.3,123,163.5,100,,,,,,,,,,,,,,,,
2026-07-06T09:00:33.910845+00:00,2026-07-06T09:00:33.910791,3,2,163.25,0.1,163.2,8,163.0,100,162.8,71,,,,,,,,,,,,,,,163.3,123,163.5,108,,,,,,,,,,,,,,,,
2026-07-06T09:00:34.790738+00:00,2026-07-06T09:00:34.790681,2,1,163.35,0.3,163.2,8,163.0,100,,,,,,,,,,,,,,,,,163.5,108,,,,,,,,,,,,,,,,,,
2026-07-06T09:00:34.834583+00:00,2026-07-06T09:00:34.834440,1,1,163.25,0.5,163.0,100,,,,,,,,,,,,,,,,,,,163.5,108,,,,,,,,,,,,,,,,,,
2026-07-06T09:00:34.847681+00:00,2026-07-06T09:00:34.847562,1,1,163.25,0.5,163.0,250,,,,,,,,,,,,,,,,,,,163.5,108,,,,,,,,,,,,,,,,,,
2026-07-06T09:00:34.897017+00:00,2026-07-06T09:00:34.896943,1,1,163.25,0.5,163.0,250,,,,,,,,,,,,,,,,,,,163.5,258,,,,,,,,,,,,,,,,,,
2026-07-06T09:00:34.913125+00:00,2026-07-06T09:00:34.913075,1,1,163.25,0.5,163.0,250,,,,,,,,,,,,,,,,,,,163.5,250,,,,,,,,,,,,,,,,,,
2026-07-06T09:00:34.918322+00:00,2026-07-06T09:00:34.918296,2,1,163.3,0.4,163.1,8,163.0,250,,,,,,,,,,,,,,,,,163.5,258,,,,,,,,,,,,,,,,,,
2026-07-06T09:00:35.643974+00:00,2026-07-06T09:00:35.643900,1,1,163.25,0.5,163.0,212,,,,,,,,,,,,,,,,,,,163.5,258,,,,,,,,,,,,,,,,,,
2026-07-06T09:00:36.591910+00:00,2026-07-06T09:00:36.591856,1,1,163.25,0.5,163.0,150,,,,,,,,,,,,,,,,,,,163.5,158,,,,,,,,,,,,,,,,,,
2026-07-06T09:00:36.645120+00:00,2026-07-06T09:00:36.645043,2,1,163.25,0.5,163.0,150,162.6,100,,,,,,,,,,,,,,,,,163.5,158,,,,,,,,,,,,,,,,,,
2026-07-06T09:00:36.691480+00:00,2026-07-06T09:00:36.691275,2,1,163.25,0.5,163.0,150,162.6,100,,,,,,,,,,,,,,,,,163.5,150,,,,,,,,,,,,,,,,,,
2026-07-06T09:00:36.696661+00:00,2026-07-06T09:00:36.696593,2,1,163.25,0.5,163.0,158,162.6,100,,,,,,,,,,,,,,,,,163.5,150,,,,,,,,,,,,,,,,,,
2026-07-06T09:00:36.701862+00:00,2026-07-06T09:00:36.701833,2,3,163.05,0.1,163.0,158,162.6,100,,,,,,,,,,,,,,,,,163.1,100,163.4,8,163.5,150,,,,,,,,,,,,,,
2026-07-06T09:00:36.941204+00:00,2026-07-06T09:00:36.941050,2,3,163.05,0.1,163.0,108,162.6,100,,,,,,,,,,,,,,,,,163.1,100,163.4,8,163.5,150,,,,,,,,,,,,,,
2026-07-06T09:00:37.207425+00:00,2026-07-06T09:00:37.207351,2,3,163.05,0.1,163.0,100,162.6,100,,,,,,,,,,,,,,,,,163.1,100,163.4,8,163.5,150,,,,,,,,,,,,,,
2026-07-06T09:00:37.212638+00:00,2026-07-06T09:00:37.212571,2,2,163.05,0.1,163.0,108,162.6,100,,,,,,,,,,,,,,,,,163.1,100,163.5,150,,,,,,,,,,,,,,,,
2026-07-06T09:00:37.217883+00:00,2026-07-06T09:00:37.217757,2,3,163.05,0.1,163.0,108,162.6,100,,,,,,,,,,,,,,,,,163.1,100,163.3,8,163.5,150,,,,,,,,,,,,,,
2026-07-06T09:00:37.240430+00:00,2026-07-06T09:00:37.240325,2,3,163.05,0.1,163.0,108,162.6,100,,,,,,,,,,,,,,,,,163.1,54,163.3,8,163.5,150,,,,,,,,,,,,,,
2026-07-06T09:00:37.958652+00:00,2026-07-06T09:00:37.954478,2,2,163.05,0.1,163.0,8,162.6,100,,,,,,,,,,,,,,,,,163.1,54,163.3,8,,,,,,,,,,,,,,,,
2026-07-06T09:00:38.013387+00:00,2026-07-06T09:00:38.013276,2,2,163.05,0.1,163.0,8,162.6,250,,,,,,,,,,,,,,,,,163.1,54,163.3,8,,,,,,,,,,,,,,,,
2026-07-06T09:00:38.070223+00:00,2026-07-06T09:00:38.070158,2,2,163.05,0.1,163.0,8,162.6,250,,,,,,,,,,,,,,,,,163.1,204,163.3,8,,,,,,,,,,,,,,,,
2026-07-06T09:00:38.723349+00:00,2026-07-06T09:00:38.723305,1,2,162.85,0.5,162.6,250,,,,,,,,,,,,,,,,,,,163.1,204,163.3,8,,,,,,,,,,,,,,,,
2026-07-06T09:00:38.728617+00:00,2026-07-06T09:00:38.728560,2,1,162.95,0.3,162.8,8,162.6,250,,,,,,,,,,,,,,,,,163.1,204,,,,,,,,,,,,,,,,,,
2026-07-06T09:00:38.733788+00:00,2026-07-06T09:00:38.733762,2,1,162.95,0.3,162.8,8,162.6,250,,,,,,,,,,,,,,,,,163.1,212,,,,,,,,,,,,,,,,,,
2026-07-06T09:00:39.047804+00:00,2026-07-06T09:00:39.047765,1,1,162.85,0.5,162.6,208,,,,,,,,,,,,,,,,,,,163.1,212,,,,,,,,,,,,,,,,,,
2026-07-06T09:00:39.668732+00:00,2026-07-06T09:00:39.668594,1,1,162.85,0.5,162.6,165,,,,,,,,,,,,,,,,,,,163.1,212,,,,,,,,,,,,,,,,,,
2026-07-06T09:00:39.753517+00:00,2026-07-06T09:00:39.753681,1,1,162.85,0.5,162.6,150,,,,,,,,,,,,,,,,,,,163.1,158,,,,,,,,,,,,,,,,,,
2026-07-06T09:00:39.815001+00:00,2026-07-06T09:00:39.814883,2,1,162.85,0.5,162.6,150,162.2,100,,,,,,,,,,,,,,,,,163.1,158,,,,,,,,,,,,,,,,,,
2026-07-06T09:00:39.868307+00:00,2026-07-06T09:00:39.868213,2,2,162.65,0.1,162.6,150,162.2,100,,,,,,,,,,,,,,,,,162.7,100,163.1,158,,,,,,,,,,,,,,,,
2026-07-06T09:00:39.932999+00:00,2026-07-06T09:00:39.926675,2,2,162.65,0.1,162.6,150,162.2,100,,,,,,,,,,,,,,,,,162.7,88,163.1,158,,,,,,,,,,,,,,,,
2026-07-06T09:00:41.124811+00:00,2026-07-06T09:00:41.124990,1,2,162.45,0.5,162.2,100,,,,,,,,,,,,,,,,,,,162.7,88,163.1,8,,,,,,,,,,,,,,,,
2026-07-06T09:00:41.158567+00:00,2026-07-06T09:00:41.158028,1,2,162.45,0.5,162.2,50,,,,,,,,,,,,,,,,,,,162.7,88,163.1,8,,,,,,,,,,,,,,,,
2026-07-06T09:00:41.178886+00:00,2026-07-06T09:00:41.178758,2,2,162.55,0.3,162.4,150,162.2,50,,,,,,,,,,,,,,,,,162.7,88,163.1,8,,,,,,,,,,,,,,,,
2026-07-06T09:00:41.232763+00:00,2026-07-06T09:00:41.232644,2,3,162.55,0.3,162.4,150,162.2,50,,,,,,,,,,,,,,,,,162.7,88,162.9,150,163.1,8,,,,,,,,,,,,,,
2026-07-06T09:00:41.251248+00:00,2026-07-06T09:00:41.251140,3,2,162.6,0.2,162.5,8,162.4,150,162.2,50,,,,,,,,,,,,,,,162.7,88,162.9,150,,,,,,,,,,,,,,,,
2026-07-06T09:00:41.258590+00:00,2026-07-06T09:00:41.256401,3,3,162.6,0.2,162.5,8,162.4,150,162.2,50,,,,,,,,,,,,,,,162.7,88,162.9,150,163.0,8,,,,,,,,,,,,,,
2026-07-06T09:00:42.764271+00:00,2026-07-06T09:00:42.764184,2,2,162.55,0.3,162.4,150,162.2,50,,,,,,,,,,,,,,,,,162.7,88,162.9,150,,,,,,,,,,,,,,,,
2026-07-06T09:00:42.769487+00:00,2026-07-06T09:00:42.769404,3,2,162.6,0.2,162.5,8,162.4,150,162.2,50,,,,,,,,,,,,,,,162.7,88,162.9,150,,,,,,,,,,,,,,,,
2026-07-06T09:00:42.774721+00:00,2026-07-06T09:00:42.774622,3,3,162.6,0.2,162.5,8,162.4,150,162.2,50,,,,,,,,,,,,,,,162.7,88,162.8,8,162.9,150,,,,,,,,,,,,,,
2026-07-06T09:00:42.922690+00:00,2026-07-06T09:00:42.922608,2,2,162.65,0.3,162.5,8,162.4,150,,,,,,,,,,,,,,,,,162.8,8,162.9,150,,,,,,,,,,,,,,,,
2026-07-06T09:00:42.979151+00:00,2026-07-06T09:00:42.979076,3,2,162.65,0.3,162.5,8,162.4,150,162.0,100,,,,,,,,,,,,,,,162.8,8,162.9,150,,,,,,,,,,,,,,,,
2026-07-06T09:00:43.033591+00:00,2026-07-06T09:00:43.033437,2,3,162.45,0.1,162.4,150,162.0,100,,,,,,,,,,,,,,,,,162.5,92,162.8,8,162.9,150,,,,,,,,,,,,,,
2026-07-06T09:00:43.258671+00:00,2026-07-06T09:00:43.258245,2,3,162.45,0.1,162.4,100,162.0,100,,,,,,,,,,,,,,,,,162.5,92,162.8,8,162.9,150,,,,,,,,,,,,,,
2026-07-06T09:00:44.283721+00:00,2026-07-06T09:00:44.283685,1,2,162.25,0.5,162.0,100,,,,,,,,,,,,,,,,,,,162.5,92,162.8,8,,,,,,,,,,,,,,,,
2026-07-06T09:00:44.339187+00:00,2026-07-06T09:00:44.339064,1,2,162.25,0.5,162.0,250,,,,,,,,,,,,,,,,,,,162.5,92,162.8,8,,,,,,,,,,,,,,,,
2026-07-06T09:00:44.393145+00:00,2026-07-06T09:00:44.393105,1,2,162.25,0.5,162.0,250,,,,,,,,,,,,,,,,,,,162.5,242,162.8,8,,,,,,,,,,,,,,,,
2026-07-06T09:00:44.539108+00:00,2026-07-06T09:00:44.539032,2,1,162.3,0.4,162.1,8,162.0,250,,,,,,,,,,,,,,,,,162.5,242,,,,,,,,,,,,,,,,,,
2026-07-06T09:00:44.544338+00:00,2026-07-06T09:00:44.544269,2,2,162.3,0.4,162.1,8,162.0,250,,,,,,,,,,,,,,,,,162.5,242,162.8,8,,,,,,,,,,,,,,,,
2026-07-06T09:00:45.058552+00:00,2026-07-06T09:00:45.052934,2,2,162.35,0.3,162.2,8,162.0,250,,,,,,,,,,,,,,,,,162.5,242,162.8,8,,,,,,,,,,,,,,,,
2026-07-06T09:00:45.178771+00:00,2026-07-06T09:00:45.172445,2,2,162.35,0.3,162.2,8,162.0,250,,,,,,,,,,,,,,,,,162.5,231,162.8,8,,,,,,,,,,,,,,,,
2026-07-06T09:00:45.301756+00:00,2026-07-06T09:00:45.301625,2,2,162.35,0.3,162.2,8,162.0,250,,,,,,,,,,,,,,,,,162.5,185,162.8,8,,,,,,,,,,,,,,,,
2026-07-06T09:00:45.317235+00:00,2026-07-06T09:00:45.317066,2,2,162.35,0.3,162.2,8,162.0,250,,,,,,,,,,,,,,,,,162.5,182,162.8,8,,,,,,,,,,,,,,,,
2026-07-06T09:00:45.322489+00:00,2026-07-06T09:00:45.322373,1,2,162.25,0.5,162.0,250,,,,,,,,,,,,,,,,,,,162.5,132,162.8,8,,,,,,,,,,,,,,,,
2026-07-06T09:00:45.327704+00:00,2026-07-06T09:00:45.327598,1,1,162.25,0.5,162.0,250,,,,,,,,,,,,,,,,,,,162.5,132,,,,,,,,,,,,,,,,,,
2026-07-06T09:00:45.332894+00:00,2026-07-06T09:00:45.332854,2,2,162.4,0.2,162.3,8,162.0,250,,,,,,,,,,,,,,,,,162.5,132,162.9,8,,,,,,,,,,,,,,,,
2026-07-06T09:00:45.908415+00:00,2026-07-06T09:00:45.908286,2,2,162.4,0.2,162.3,8,162.0,250,,,,,,,,,,,,,,,,,162.5,87,162.9,8,,,,,,,,,,,,,,,,
2026-07-06T09:00:46.089068+00:00,2026-07-06T09:00:46.088980,2,2,162.4,0.2,162.3,8,162.0,150,,,,,,,,,,,,,,,,,162.5,87,162.9,8,,,,,,,,,,,,,,,,
2026-07-06T09:00:46.142245+00:00,2026-07-06T09:00:46.142155,2,2,162.4,0.2,162.3,108,162.0,150,,,,,,,,,,,,,,,,,162.5,87,162.9,8,,,,,,,,,,,,,,,,
2026-07-06T09:00:46.195697+00:00,2026-07-06T09:00:46.195595,2,3,162.4,0.2,162.3,108,162.0,150,,,,,,,,,,,,,,,,,162.5,87,162.8,100,162.9,8,,,,,,,,,,,,,,
2026-07-06T09:00:47.447329+00:00,2026-07-06T09:00:47.447274,1,2,162.55,0.5,162.3,108,,,,,,,,,,,,,,,,,,,162.8,100,162.9,8,,,,,,,,,,,,,,,,
2026-07-06T09:00:47.484267+00:00,2026-07-06T09:00:47.484470,1,2,162.55,0.5,162.3,58,,,,,,,,,,,,,,,,,,,162.8,100,162.9,8,,,,,,,,,,,,,,,,
2026-07-06T09:00:47.502212+00:00,2026-07-06T09:00:47.502145,1,2,162.55,0.5,162.3,208,,,,,,,,,,,,,,,,,,,162.8,100,162.9,8,,,,,,,,,,,,,,,,
2026-07-06T09:00:47.552308+00:00,2026-07-06T09:00:47.552199,1,2,162.55,0.5,162.3,208,,,,,,,,,,,,,,,,,,,162.8,250,162.9,8,,,,,,,,,,,,,,,,
2026-07-06T09:00:49.254627+00:00,2026-07-06T09:00:49.254564,1,2,162.55,0.5,162.3,150,,,,,,,,,,,,,,,,,,,162.8,150,162.9,8,,,,,,,,,,,,,,,,
2026-07-06T09:00:49.310242+00:00,2026-07-06T09:00:49.310114,2,2,162.55,0.5,162.3,150,162.2,100,,,,,,,,,,,,,,,,,162.8,150,162.9,8,,,,,,,,,,,,,,,,
2026-07-06T09:00:49.357945+00:00,2026-07-06T09:00:49.358109,2,3,162.5,0.4,162.3,150,162.2,100,,,,,,,,,,,,,,,,,162.7,100,162.8,150,162.9,8,,,,,,,,,,,,,,
2026-07-06T09:00:50.610758+00:00,2026-07-06T09:00:50.610633,1,2,162.45,0.5,162.2,100,,,,,,,,,,,,,,,,,,,162.7,100,162.9,8,,,,,,,,,,,,,,,,
2026-07-06T09:00:50.658600+00:00,2026-07-06T09:00:50.658127,2,2,162.55,0.3,162.4,150,162.2,100,,,,,,,,,,,,,,,,,162.7,100,162.9,8,,,,,,,,,,,,,,,,
2026-07-06T09:00:50.718325+00:00,2026-07-06T09:00:50.718256,2,2,162.55,0.3,162.4,150,162.2,100,,,,,,,,,,,,,,,,,162.7,100,162.9,158,,,,,,,,,,,,,,,,
2026-07-06T09:00:50.741875+00:00,2026-07-06T09:00:50.741768,2,2,162.55,0.3,162.4,150,162.2,100,,,,,,,,,,,,,,,,,162.7,56,162.9,158,,,,,,,,,,,,,,,,
2026-07-06T09:00:50.890876+00:00,2026-07-06T09:00:50.890776,2,2,162.55,0.3,162.4,150,162.2,100,,,,,,,,,,,,,,,,,162.7,56,162.9,150,,,,,,,,,,,,,,,,
2026-07-06T09:00:50.895911+00:00,2026-07-06T09:00:50.896058,2,3,162.55,0.3,162.4,150,162.2,100,,,,,,,,,,,,,,,,,162.7,56,162.9,150,163.0,8,,,,,,,,,,,,,,
2026-07-06T09:00:51.649000+00:00,2026-07-06T09:00:51.648934,2,3,162.55,0.3,162.4,150,162.2,100,,,,,,,,,,,,,,,,,162.7,6,162.9,150,163.0,8,,,,,,,,,,,,,,
2026-07-06T09:00:51.791749+00:00,2026-07-06T09:00:51.791663,2,3,162.55,0.3,162.4,106,162.2,100,,,,,,,,,,,,,,,,,162.7,6,162.9,150,163.0,8,,,,,,,,,,,,,,
2026-07-06T09:00:52.265344+00:00,2026-07-06T09:00:52.265231,2,3,162.55,0.3,162.4,61,162.2,100,,,,,,,,,,,,,,,,,162.7,6,162.9,150,163.0,8,,,,,,,,,,,,,,
2026-07-06T09:00:52.416339+00:00,2026-07-06T09:00:52.416262,2,2,162.65,0.5,162.4,61,162.2,100,,,,,,,,,,,,,,,,,162.9,150,163.0,8,,,,,,,,,,,,,,,,
2026-07-06T09:00:52.421354+00:00,2026-07-06T09:00:52.421470,1,2,162.65,0.5,162.4,61,,,,,,,,,,,,,,,,,,,162.9,150,163.0,8,,,,,,,,,,,,,,,,
2026-07-06T09:00:52.476276+00:00,2026-07-06T09:00:52.476246,1,2,162.65,0.5,162.4,161,,,,,,,,,,,,,,,,,,,162.9,150,163.0,8,,,,,,,,,,,,,,,,
2026-07-06T09:00:52.526936+00:00,2026-07-06T09:00:52.527111,1,2,162.65,0.5,162.4,161,,,,,,,,,,,,,,,,,,,162.9,250,163.0,8,,,,,,,,,,,,,,,,
2026-07-06T09:00:53.763937+00:00,2026-07-06T09:00:53.764190,1,2,162.65,0.5,162.4,161,,,,,,,,,,,,,,,,,,,162.9,200,163.0,8,,,,,,,,,,,,,,,,
2026-07-06T09:00:53.769514+00:00,2026-07-06T09:00:53.769448,1,2,162.65,0.5,162.4,161,,,,,,,,,,,,,,,,,,,162.9,100,163.0,8,,,,,,,,,,,,,,,,
2026-07-06T09:00:53.774825+00:00,2026-07-06T09:00:53.774682,1,2,162.65,0.5,162.4,100,,,,,,,,,,,,,,,,,,,162.9,100,163.0,8,,,,,,,,,,,,,,,,
2026-07-06T09:00:53.827325+00:00,2026-07-06T09:00:53.827206,2,2,162.65,0.5,162.4,100,162.1,150,,,,,,,,,,,,,,,,,162.9,100,163.0,8,,,,,,,,,,,,,,,,
2026-07-06T09:00:53.880470+00:00,2026-07-06T09:00:53.880339,2,3,162.5,0.2,162.4,100,162.1,150,,,,,,,,,,,,,,,,,162.6,150,162.9,100,163.0,8,,,,,,,,,,,,,,
2026-07-06T09:00:54.376351+00:00,2026-07-06T09:00:54.376210,2,3,162.5,0.2,162.4,100,162.1,150,,,,,,,,,,,,,,,,,162.6,103,162.9,100,163.0,8,,,,,,,,,,,,,,
2026-07-06T09:00:54.430667+00:00,2026-07-06T09:00:54.430531,2,3,162.5,0.2,162.4,60,162.1,150,,,,,,,,,,,,,,,,,162.6,103,162.9,100,163.0,8,,,,,,,,,,,,,,
2026-07-06T09:00:55.583938+00:00,2026-07-06T09:00:55.583853,1,2,162.35,0.5,162.1,150,,,,,,,,,,,,,,,,,,,162.6,103,163.0,8,,,,,,,,,,,,,,,,
2026-07-06T09:00:55.636668+00:00,2026-07-06T09:00:55.636605,2,2,162.45,0.3,162.3,100,162.1,150,,,,,,,,,,,,,,,,,162.6,103,163.0,8,,,,,,,,,,,,,,,,
2026-07-06T09:00:55.693905+00:00,2026-07-06T09:00:55.693809,2,3,162.45,0.3,162.3,100,162.1,150,,,,,,,,,,,,,,,,,162.6,103,162.8,100,163.0,8,,,,,,,,,,,,,,
2026-07-06T09:00:55.925496+00:00,2026-07-06T09:00:55.925411,2,3,162.45,0.3,162.3,50,162.1,150,,,,,,,,,,,,,,,,,162.6,103,162.8,100,163.0,8,,,,,,,,,,,,,,
2026-07-06T09:00:56.040646+00:00,2026-07-06T09:00:56.040522,2,3,162.45,0.3,162.3,4,162.1,150,,,,,,,,,,,,,,,,,162.6,103,162.8,100,163.0,8,,,,,,,,,,,,,,
2026-07-06T09:00:56.423709+00:00,2026-07-06T09:00:56.423565,2,2,162.45,0.3,162.3,4,162.1,150,,,,,,,,,,,,,,,,,162.6,103,162.8,108,,,,,,,,,,,,,,,,
2026-07-06T09:00:56.944415+00:00,2026-07-06T09:00:56.944276,2,1,162.55,0.5,162.3,4,162.1,150,,,,,,,,,,,,,,,,,162.8,108,,,,,,,,,,,,,,,,,,
2026-07-06T09:00:56.949588+00:00,2026-07-06T09:00:56.949483,1,1,162.55,0.5,162.3,4,,,,,,,,,,,,,,,,,,,162.8,108,,,,,,,,,,,,,,,,,,
2026-07-06T09:00:57.004120+00:00,2026-07-06T09:00:57.003962,2,1,162.55,0.5,162.3,4,162.2,150,,,,,,,,,,,,,,,,,162.8,108,,,,,,,,,,,,,,,,,,
2026-07-06T09:00:57.057113+00:00,2026-07-06T09:00:57.057283,2,2,162.5,0.4,162.3,4,162.2,150,,,,,,,,,,,,,,,,,162.7,150,162.8,108,,,,,,,,,,,,,,,,
2026-07-06T09:00:57.177643+00:00,2026-07-06T09:00:57.177579,2,2,162.5,0.4,162.3,4,162.2,150,,,,,,,,,,,,,,,,,162.7,150,162.8,100,,,,,,,,,,,,,,,,
2026-07-06T09:00:57.182930+00:00,2026-07-06T09:00:57.182827,2,3,162.45,0.3,162.3,4,162.2,150,,,,,,,,,,,,,,,,,162.6,8,162.7,150,162.8,100,,,,,,,,,,,,,,
2026-07-06T09:00:57.510011+00:00,2026-07-06T09:00:57.509955,2,2,162.5,0.4,162.3,4,162.2,150,,,,,,,,,,,,,,,,,162.7,116,162.8,100,,,,,,,,,,,,,,,,
2026-07-06T09:00:57.982359+00:00,2026-07-06T09:00:57.982249,2,2,162.5,0.4,162.3,4,162.2,150,,,,,,,,,,,,,,,,,162.7,66,162.8,100,,,,,,,,,,,,,,,,
2026-07-06T09:00:58.035902+00:00,2026-07-06T09:00:58.035774,2,2,162.5,0.4,162.3,4,162.2,150,,,,,,,,,,,,,,,,,162.7,26,162.8,100,,,,,,,,,,,,,,,,
2026-07-06T09:00:58.281046+00:00,2026-07-06T09:00:58.275647,1,2,162.45,0.5,162.2,150,,,,,,,,,,,,,,,,,,,162.7,26,162.8,100,,,,,,,,,,,,,,,,
2026-07-06T09:00:58.747206+00:00,2026-07-06T09:00:58.747065,1,1,162.45,0.5,162.2,150,,,,,,,,,,,,,,,,,,,162.7,26,,,,,,,,,,,,,,,,,,
2026-07-06T09:00:58.801333+00:00,2026-07-06T09:00:58.801205,2,1,162.45,0.5,162.2,150,161.6,100,,,,,,,,,,,,,,,,,162.7,26,,,,,,,,,,,,,,,,,,
2026-07-06T09:00:58.858657+00:00,2026-07-06T09:00:58.853277,2,1,162.45,0.5,162.2,50,161.6,100,,,,,,,,,,,,,,,,,162.7,26,,,,,,,,,,,,,,,,,,
2026-07-06T09:00:59.594476+00:00,2026-07-06T09:00:59.587770,2,1,162.45,0.5,162.2,43,161.6,100,,,,,,,,,,,,,,,,,162.7,26,,,,,,,,,,,,,,,,,,
2026-07-06T09:00:59.699917+00:00,2026-07-06T09:00:59.699813,3,2,162.4,0.4,162.2,43,162.1,5,161.6,100,,,,,,,,,,,,,,,162.6,8,162.7,26,,,,,,,,,,,,,,,,
2026-07-06T09:01:00.095681+00:00,2026-07-06T09:01:00.095524,3,0,,,162.2,43,162.1,5,161.6,100,,,,,,,,,,,,,,,,,,,,,,,,,,,,,,,,,,
2026-07-06T09:01:00.110932+00:00,2026-07-06T09:01:00.110829,2,0,,,162.1,5,161.6,100,,,,,,,,,,,,,,,,,,,,,,,,,,,,,,,,,,,,
2026-07-06T09:01:00.158727+00:00,2026-07-06T09:01:00.154411,2,0,,,161.9,150,161.6,65,,,,,,,,,,,,,,,,,,,,,,,,,,,,,,,,,,,,
2026-07-06T09:01:00.216238+00:00,2026-07-06T09:01:00.216138,2,1,162.15,0.5,161.9,150,161.6,65,,,,,,,,,,,,,,,,,162.4,150,,,,,,,,,,,,,,,,,,
2026-07-06T09:01:00.458676+00:00,2026-07-06T09:01:00.458451,3,1,162.2,0.4,162.0,8,161.9,150,161.6,65,,,,,,,,,,,,,,,162.4,158,,,,,,,,,,,,,,,,,,
2026-07-06T09:01:00.725562+00:00,2026-07-06T09:01:00.725505,2,1,162.15,0.5,161.9,112,161.6,65,,,,,,,,,,,,,,,,,162.4,158,,,,,,,,,,,,,,,,,,
2026-07-06T09:01:01.258679+00:00,2026-07-06T09:01:01.255824,2,1,162.15,0.5,161.9,112,161.6,65,,,,,,,,,,,,,,,,,162.4,113,,,,,,,,,,,,,,,,,,
2026-07-06T09:01:01.909229+00:00,2026-07-06T09:01:01.909099,1,1,162.15,0.5,161.9,112,,,,,,,,,,,,,,,,,,,162.4,113,,,,,,,,,,,,,,,,,,
2026-07-06T09:01:01.972715+00:00,2026-07-06T09:01:01.972666,2,1,162.15,0.5,161.9,112,161.8,100,,,,,,,,,,,,,,,,,162.4,113,,,,,,,,,,,,,,,,,,
2026-07-06T09:01:02.029248+00:00,2026-07-06T09:01:02.029367,2,2,162.1,0.4,161.9,112,161.8,100,,,,,,,,,,,,,,,,,162.3,100,162.4,113,,,,,,,,,,,,,,,,
2026-07-06T09:01:02.200741+00:00,2026-07-06T09:01:02.200652,2,2,162.1,0.4,161.9,112,161.8,100,,,,,,,,,,,,,,,,,162.3,50,162.4,113,,,,,,,,,,,,,,,,
2026-07-06T09:01:03.124516+00:00,2026-07-06T09:01:03.124360,2,2,162.1,0.4,161.9,112,161.8,100,,,,,,,,,,,,,,,,,162.3,3,162.4,113,,,,,,,,,,,,,,,,
2026-07-06T09:01:03.270304+00:00,2026-07-06T09:01:03.270203,1,2,162.05,0.5,161.8,100,,,,,,,,,,,,,,,,,,,162.3,3,162.4,8,,,,,,,,,,,,,,,,
2026-07-06T09:01:03.325864+00:00,2026-07-06T09:01:03.325708,2,2,162.15,0.3,162.0,150,161.8,100,,,,,,,,,,,,,,,,,162.3,3,162.4,8,,,,,,,,,,,,,,,,
2026-07-06T09:01:03.378933+00:00,2026-07-06T09:01:03.378797,2,3,162.15,0.3,162.0,150,161.8,100,,,,,,,,,,,,,,,,,162.3,3,162.4,8,162.5,150,,,,,,,,,,,,,,
2026-07-06T09:01:03.658603+00:00,2026-07-06T09:01:03.655757,2,3,162.15,0.3,162.0,101,161.8,100,,,,,,,,,,,,,,,,,162.3,3,162.4,8,162.5,150,,,,,,,,,,,,,,
2026-07-06T09:01:04.314170+00:00,2026-07-06T09:01:04.314336,2,1,162.25,0.5,162.0,101,161.8,100,,,,,,,,,,,,,,,,,162.5,111,,,,,,,,,,,,,,,,,,
2026-07-06T09:01:04.584415+00:00,2026-07-06T09:01:04.584352,2,1,162.25,0.5,162.0,56,161.8,100,,,,,,,,,,,,,,,,,162.5,111,,,,,,,,,,,,,,,,,,
2026-07-06T09:01:05.084097+00:00,2026-07-06T09:01:05.083998,1,1,162.25,0.5,162.0,56,,,,,,,,,,,,,,,,,,,162.5,111,,,,,,,,,,,,,,,,,,
2026-07-06T09:01:05.137302+00:00,2026-07-06T09:01:05.137171,2,1,162.3,0.4,162.1,100,162.0,56,,,,,,,,,,,,,,,,,162.5,111,,,,,,,,,,,,,,,,,,
2026-07-06T09:01:05.190996+00:00,2026-07-06T09:01:05.190867,2,2,162.3,0.4,162.1,100,162.0,56,,,,,,,,,,,,,,,,,162.5,111,162.6,100,,,,,,,,,,,,,,,,
2026-07-06T09:01:05.258550+00:00,2026-07-06T09:01:05.252047,2,2,162.3,0.4,162.1,108,162.0,56,,,,,,,,,,,,,,,,,162.5,119,162.6,100,,,,,,,,,,,,,,,,
2026-07-06T09:01:05.859165+00:00,2026-07-06T09:01:05.859019,2,2,162.3,0.4,162.1,108,162.0,56,,,,,,,,,,,,,,,,,162.5,73,162.6,100,,,,,,,,,,,,,,,,
2026-07-06T09:01:06.358741+00:00,2026-07-06T09:01:06.354849,2,2,162.3,0.4,162.1,108,162.0,56,,,,,,,,,,,,,,,,,162.5,29,162.6,100,,,,,,,,,,,,,,,,
2026-07-06T09:01:06.423589+00:00,2026-07-06T09:01:06.423809,2,1,162.35,0.5,162.1,108,162.0,56,,,,,,,,,,,,,,,,,162.6,79,,,,,,,,,,,,,,,,,,
2026-07-06T09:01:06.429080+00:00,2026-07-06T09:01:06.429054,1,1,162.35,0.5,162.1,108,,,,,,,,,,,,,,,,,,,162.6,79,,,,,,,,,,,,,,,,,,
2026-07-06T09:01:06.483965+00:00,2026-07-06T09:01:06.483797,2,1,162.5,0.2,162.4,150,162.1,108,,,,,,,,,,,,,,,,,162.6,79,,,,,,,,,,,,,,,,,,
2026-07-06T09:01:06.513328+00:00,2026-07-06T09:01:06.513272,3,1,162.5,0.2,162.4,150,162.3,8,162.1,100,,,,,,,,,,,,,,,162.6,79,,,,,,,,,,,,,,,,,,
2026-07-06T09:01:06.518651+00:00,2026-07-06T09:01:06.518483,3,1,162.5,0.2,162.4,150,162.3,8,162.1,100,,,,,,,,,,,,,,,162.6,87,,,,,,,,,,,,,,,,,,
2026-07-06T09:01:06.537387+00:00,2026-07-06T09:01:06.537287,3,2,162.5,0.2,162.4,150,162.3,8,162.1,100,,,,,,,,,,,,,,,162.6,87,162.9,150,,,,,,,,,,,,,,,,
2026-07-06T09:01:07.469629+00:00,2026-07-06T09:01:07.462930,3,2,162.5,0.2,162.4,138,162.3,8,162.1,100,,,,,,,,,,,,,,,162.6,87,162.9,150,,,,,,,,,,,,,,,,
2026-07-06T09:01:07.968214+00:00,2026-07-06T09:01:07.962350,3,2,162.5,0.2,162.4,115,162.3,8,162.1,100,,,,,,,,,,,,,,,162.6,87,162.9,150,,,,,,,,,,,,,,,,
2026-07-06T09:01:08.030537+00:00,2026-07-06T09:01:08.030426,2,2,162.5,0.2,162.4,115,162.1,100,,,,,,,,,,,,,,,,,162.6,79,162.9,150,,,,,,,,,,,,,,,,
2026-07-06T09:01:08.035809+00:00,2026-07-06T09:01:08.035727,2,2,162.5,0.2,162.4,115,162.1,108,,,,,,,,,,,,,,,,,162.6,79,162.9,150,,,,,,,,,,,,,,,,
2026-07-06T09:01:08.041068+00:00,2026-07-06T09:01:08.040960,2,3,162.45,0.1,162.4,115,162.1,108,,,,,,,,,,,,,,,,,162.5,8,162.6,79,162.9,150,,,,,,,,,,,,,,
2026-07-06T09:01:08.245748+00:00,2026-07-06T09:01:08.245623,2,2,162.45,0.1,162.4,115,162.1,8,,,,,,,,,,,,,,,,,162.5,8,162.9,150,,,,,,,,,,,,,,,,
2026-07-06T09:01:08.300855+00:00,2026-07-06T09:01:08.300664,3,2,162.45,0.1,162.4,115,162.1,8,162.0,100,,,,,,,,,,,,,,,162.5,8,162.9,150,,,,,,,,,,,,,,,,
2026-07-06T09:01:08.358612+00:00,2026-07-06T09:01:08.353722,3,2,162.45,0.1,162.4,115,162.1,8,162.0,100,,,,,,,,,,,,,,,162.5,108,162.9,150,,,,,,,,,,,,,,,,
2026-07-06T09:01:08.551017+00:00,2026-07-06T09:01:08.550900,2,2,162.45,0.1,162.4,115,162.0,100,,,,,,,,,,,,,,,,,162.5,58,162.9,150,,,,,,,,,,,,,,,,
2026-07-06T09:01:08.556199+00:00,2026-07-06T09:01:08.556098,3,2,162.45,0.1,162.4,115,162.1,8,162.0,100,,,,,,,,,,,,,,,162.5,58,162.9,150,,,,,,,,,,,,,,,,
2026-07-06T09:01:08.561510+00:00,2026-07-06T09:01:08.561335,3,2,162.45,0.1,162.4,107,162.1,8,162.0,100,,,,,,,,,,,,,,,162.5,58,162.9,150,,,,,,,,,,,,,,,,
2026-07-06T09:01:09.593315+00:00,2026-07-06T09:01:09.593239,2,1,162.3,0.4,162.1,8,162.0,100,,,,,,,,,,,,,,,,,162.5,58,,,,,,,,,,,,,,,,,,
2026-07-06T09:01:09.664151+00:00,2026-07-06T09:01:09.664031,2,1,162.3,0.4,162.1,158,162.0,100,,,,,,,,,,,,,,,,,162.5,58,,,,,,,,,,,,,,,,,,
2026-07-06T09:01:09.715988+00:00,2026-07-06T09:01:09.715939,2,2,162.3,0.4,162.1,158,162.0,100,,,,,,,,,,,,,,,,,162.5,58,162.6,150,,,,,,,,,,,,,,,,
2026-07-06T09:01:09.771768+00:00,2026-07-06T09:01:09.771648,2,2,162.3,0.4,162.1,116,162.0,100,,,,,,,,,,,,,,,,,162.5,58,162.6,150,,,,,,,,,,,,,,,,
2026-07-06T09:01:10.658690+00:00,2026-07-06T09:01:10.654466,2,2,162.3,0.4,162.1,116,162.0,100,,,,,,,,,,,,,,,,,162.5,8,162.6,150,,,,,,,,,,,,,,,,
2026-07-06T09:01:10.814307+00:00,2026-07-06T09:01:10.814273,2,1,162.35,0.5,162.1,116,162.0,100,,,,,,,,,,,,,,,,,162.6,111,,,,,,,,,,,,,,,,,,
2026-07-06T09:01:10.830884+00:00,2026-07-06T09:01:10.831060,2,2,162.3,0.4,162.1,124,162.0,100,,,,,,,,,,,,,,,,,162.5,8,162.6,111,,,,,,,,,,,,,,,,
2026-07-06T09:01:10.890489+00:00,2026-07-06T09:01:10.890348,2,2,162.3,0.4,162.1,81,162.0,100,,,,,,,,,,,,,,,,,162.5,8,162.6,111,,,,,,,,,,,,,,,,
2026-07-06T09:01:11.459335+00:00,2026-07-06T09:01:11.459033,2,2,162.45,0.1,162.4,100,162.1,81,,,,,,,,,,,,,,,,,162.5,8,162.6,111,,,,,,,,,,,,,,,,
2026-07-06T09:01:11.564543+00:00,2026-07-06T09:01:11.564245,2,3,162.45,0.1,162.4,100,162.1,81,,,,,,,,,,,,,,,,,162.5,8,162.6,111,162.9,100,,,,,,,,,,,,,,
2026-07-06T09:01:11.843271+00:00,2026-07-06T09:01:11.843131,2,2,162.5,0.2,162.4,100,162.1,81,,,,,,,,,,,,,,,,,162.6,111,162.9,100,,,,,,,,,,,,,,,,
2026-07-06T09:01:12.768863+00:00,2026-07-06T09:01:12.769063,2,1,162.65,0.5,162.4,100,162.1,81,,,,,,,,,,,,,,,,,162.9,100,,,,,,,,,,,,,,,,,,
2026-07-06T09:01:12.774433+00:00,2026-07-06T09:01:12.774305,2,1,162.65,0.5,162.4,100,162.1,8,,,,,,,,,,,,,,,,,162.9,100,,,,,,,,,,,,,,,,,,
2026-07-06T09:01:12.827073+00:00,2026-07-06T09:01:12.826950,3,1,162.65,0.5,162.4,100,162.3,150,162.1,8,,,,,,,,,,,,,,,162.9,100,,,,,,,,,,,,,,,,,,
2026-07-06T09:01:12.858660+00:00,2026-07-06T09:01:12.856672,3,2,162.6,0.4,162.4,100,162.3,150,162.2,8,,,,,,,,,,,,,,,162.8,8,162.9,100,,,,,,,,,,,,,,,,
2026-07-06T09:01:12.880889+00:00,2026-07-06T09:01:12.880813,3,2,162.6,0.4,162.4,100,162.3,150,162.2,8,,,,,,,,,,,,,,,162.8,158,162.9,100,,,,,,,,,,,,,,,,
2026-07-06T09:01:12.991509+00:00,2026-07-06T09:01:12.991698,3,2,162.6,0.4,162.4,59,162.3,150,162.2,8,,,,,,,,,,,,,,,162.8,158,162.9,100,,,,,,,,,,,,,,,,
2026-07-06T09:01:13.625200+00:00,2026-07-06T09:01:13.625106,3,2,162.6,0.4,162.4,18,162.3,150,162.2,8,,,,,,,,,,,,,,,162.8,158,162.9,100,,,,,,,,,,,,,,,,
2026-07-06T09:01:14.122399+00:00,2026-07-06T09:01:14.122309,2,2,162.6,0.4,162.4,18,162.3,150,,,,,,,,,,,,,,,,,162.8,150,162.9,100,,,,,,,,,,,,,,,,
2026-07-06T09:01:14.127610+00:00,2026-07-06T09:01:14.127525,2,2,162.6,0.4,162.4,18,162.3,158,,,,,,,,,,,,,,,,,162.8,150,162.9,100,,,,,,,,,,,,,,,,
2026-07-06T09:01:14.138264+00:00,2026-07-06T09:01:14.138183,2,3,162.55,0.3,162.4,18,162.3,158,,,,,,,,,,,,,,,,,162.7,8,162.8,150,162.9,100,,,,,,,,,,,,,,
2026-07-06T09:01:14.569093+00:00,2026-07-06T09:01:14.569011,1,2,162.5,0.4,162.3,158,,,,,,,,,,,,,,,,,,,162.7,8,162.8,150,,,,,,,,,,,,,,,,
2026-07-06T09:01:14.623407+00:00,2026-07-06T09:01:14.623311,2,2,162.55,0.3,162.4,100,162.3,158,,,,,,,,,,,,,,,,,162.7,8,162.8,150,,,,,,,,,,,,,,,,
2026-07-06T09:01:14.675879+00:00,2026-07-06T09:01:14.676001,2,3,162.55,0.3,162.4,100,162.3,158,,,,,,,,,,,,,,,,,162.7,8,162.8,150,162.9,100,,,,,,,,,,,,,,
2026-07-06T09:01:15.394966+00:00,2026-07-06T09:01:15.394827,2,2,162.6,0.4,162.4,100,162.3,150,,,,,,,,,,,,,,,,,162.8,150,162.9,100,,,,,,,,,,,,,,,,
2026-07-06T09:01:15.400201+00:00,2026-07-06T09:01:15.400140,3,2,162.65,0.3,162.5,8,162.4,100,162.3,150,,,,,,,,,,,,,,,162.8,158,162.9,100,,,,,,,,,,,,,,,,
2026-07-06T09:01:15.935039+00:00,2026-07-06T09:01:15.934999,2,2,162.65,0.3,162.5,8,162.4,100,,,,,,,,,,,,,,,,,162.8,8,162.9,100,,,,,,,,,,,,,,,,
2026-07-06T09:01:15.990733+00:00,2026-07-06T09:01:15.990575,2,2,162.65,0.3,162.5,158,162.4,100,,,,,,,,,,,,,,,,,162.8,8,162.9,100,,,,,,,,,,,,,,,,
2026-07-06T09:01:16.043960+00:00,2026-07-06T09:01:16.043846,2,3,162.65,0.3,162.5,158,162.4,100,,,,,,,,,,,,,,,,,162.8,8,162.9,100,163.0,150,,,,,,,,,,,,,,
2026-07-06T09:01:16.992716+00:00,2026-07-06T09:01:16.992606,2,2,162.7,0.4,162.5,158,162.4,100,,,,,,,,,,,,,,,,,162.9,100,163.0,150,,,,,,,,,,,,,,,,
2026-07-06T09:01:17.667849+00:00,2026-07-06T09:01:17.667771,2,2,162.7,0.4,162.5,150,162.4,108,,,,,,,,,,,,,,,,,162.9,100,163.0,150,,,,,,,,,,,,,,,,
2026-07-06T09:01:17.673049+00:00,2026-07-06T09:01:17.672960,2,3,162.65,0.3,162.5,150,162.4,108,,,,,,,,,,,,,,,,,162.8,8,162.9,100,163.0,150,,,,,,,,,,,,,,
2026-07-06T09:01:17.727678+00:00,2026-07-06T09:01:17.727819,2,2,162.65,0.3,162.5,150,162.4,8,,,,,,,,,,,,,,,,,162.8,8,163.0,150,,,,,,,,,,,,,,,,
2026-07-06T09:01:17.782296+00:00,2026-07-06T09:01:17.782232,2,2,162.65,0.3,162.5,150,162.4,108,,,,,,,,,,,,,,,,,162.8,8,163.0,150,,,,,,,,,,,,,,,,
2026-07-06T09:01:17.835810+00:00,2026-07-06T09:01:17.835744,2,3,162.65,0.3,162.5,150,162.4,108,,,,,,,,,,,,,,,,,162.8,8,162.9,100,163.0,150,,,,,,,,,,,,,,
2026-07-06T09:01:17.889419+00:00,2026-07-06T09:01:17.889391,2,2,162.7,0.4,162.5,150,162.4,108,,,,,,,,,,,,,,,,,162.9,60,163.0,150,,,,,,,,,,,,,,,,
2026-07-06T09:01:19.097952+00:00,2026-07-06T09:01:19.097854,1,1,162.65,0.5,162.4,108,,,,,,,,,,,,,,,,,,,162.9,60,,,,,,,,,,,,,,,,,,
2026-07-06T09:01:19.152655+00:00,2026-07-06T09:01:19.152518,2,1,162.65,0.5,162.4,108,162.3,150,,,,,,,,,,,,,,,,,162.9,60,,,,,,,,,,,,,,,,,,
2026-07-06T09:01:19.206253+00:00,2026-07-06T09:01:19.206197,2,2,162.6,0.4,162.4,108,162.3,150,,,,,,,,,,,,,,,,,162.8,150,162.9,60,,,,,,,,,,,,,,,,
2026-07-06T09:01:20.102467+00:00,2026-07-06T09:01:20.102663,2,2,162.6,0.4,162.4,108,162.3,150,,,,,,,,,,,,,,,,,162.8,105,162.9,60,,,,,,,,,,,,,,,,
2026-07-06T09:01:20.891125+00:00,2026-07-06T09:01:20.891345,2,1,162.6,0.4,162.4,8,162.3,150,,,,,,,,,,,,,,,,,162.8,105,,,,,,,,,,,,,,,,,,
2026-07-06T09:01:20.958660+00:00,2026-07-06T09:01:20.945346,2,1,162.6,0.4,162.4,108,162.3,150,,,,,,,,,,,,,,,,,162.8,105,,,,,,,,,,,,,,,,,,
2026-07-06T09:01:20.998055+00:00,2026-07-06T09:01:20.997991,2,2,162.6,0.4,162.4,108,162.3,150,,,,,,,,,,,,,,,,,162.8,105,162.9,100,,,,,,,,,,,,,,,,
2026-07-06T09:01:21.204785+00:00,2026-07-06T09:01:21.204949,2,2,162.6,0.4,162.4,108,162.3,150,,,,,,,,,,,,,,,,,162.8,55,162.9,100,,,,,,,,,,,,,,,,
2026-07-06T09:01:22.258561+00:00,2026-07-06T09:01:22.254786,1,1,162.65,0.5,162.4,108,,,,,,,,,,,,,,,,,,,162.9,100,,,,,,,,,,,,,,,,,,
2026-07-06T09:01:22.316045+00:00,2026-07-06T09:01:22.315941,2,1,162.85,0.1,162.8,150,162.4,108,,,,,,,,,,,,,,,,,162.9,100,,,,,,,,,,,,,,,,,,
2026-07-06T09:01:22.370272+00:00,2026-07-06T09:01:22.370237,2,2,162.85,0.1,162.8,150,162.4,108,,,,,,,,,,,,,,,,,162.9,100,163.3,150,,,,,,,,,,,,,,,,
2026-07-06T09:01:22.445355+00:00,2026-07-06T09:01:22.445219,2,2,162.85,0.1,162.8,150,162.4,100,,,,,,,,,,,,,,,,,162.9,100,163.3,150,,,,,,,,,,,,,,,,
2026-07-06T09:01:22.450607+00:00,2026-07-06T09:01:22.450553,3,2,162.85,0.1,162.8,142,162.5,8,162.4,100,,,,,,,,,,,,,,,162.9,100,163.3,150,,,,,,,,,,,,,,,,
2026-07-06T09:01:22.470036+00:00,2026-07-06T09:01:22.463986,3,2,162.85,0.1,162.8,131,162.5,8,162.4,100,,,,,,,,,,,,,,,162.9,100,163.3,150,,,,,,,,,,,,,,,,
2026-07-06T09:01:22.579134+00:00,2026-07-06T09:01:22.578965,3,2,162.85,0.1,162.8,91,162.5,8,162.4,100,,,,,,,,,,,,,,,162.9,100,163.3,150,,,,,,,,,,,,,,,,
2026-07-06T09:01:24.047989+00:00,2026-07-06T09:01:24.047888,2,1,163.05,0.5,162.8,91,162.5,8,,,,,,,,,,,,,,,,,163.3,150,,,,,,,,,,,,,,,,,,
2026-07-06T09:01:24.101926+00:00,2026-07-06T09:01:24.102020,2,1,163.05,0.5,162.8,91,162.5,108,,,,,,,,,,,,,,,,,163.3,150,,,,,,,,,,,,,,,,,,
2026-07-06T09:01:24.155239+00:00,2026-07-06T09:01:24.155143,2,2,162.9,0.2,162.8,91,162.5,108,,,,,,,,,,,,,,,,,163.0,100,163.3,150,,,,,,,,,,,,,,,,
2026-07-06T09:01:24.968943+00:00,2026-07-06T09:01:24.969089,3,2,162.9,0.2,162.8,91,162.6,8,162.5,100,,,,,,,,,,,,,,,163.0,100,163.3,150,,,,,,,,,,,,,,,,
2026-07-06T09:01:24.974373+00:00,2026-07-06T09:01:24.974292,3,2,162.9,0.2,162.8,91,162.6,8,162.5,100,,,,,,,,,,,,,,,163.0,108,163.3,150,,,,,,,,,,,,,,,,
2026-07-06T09:01:25.433544+00:00,2026-07-06T09:01:25.433483,3,2,162.9,0.2,162.8,91,162.6,8,162.5,100,,,,,,,,,,,,,,,163.0,58,163.3,150,,,,,,,,,,,,,,,,
2026-07-06T09:01:25.438814+00:00,2026-07-06T09:01:25.438719,2,1,162.8,0.4,162.6,8,162.5,100,,,,,,,,,,,,,,,,,163.0,58,,,,,,,,,,,,,,,,,,
2026-07-06T09:01:25.490299+00:00,2026-07-06T09:01:25.490457,3,1,162.85,0.3,162.7,150,162.6,8,162.5,100,,,,,,,,,,,,,,,163.0,58,,,,,,,,,,,,,,,,,,
2026-07-06T09:01:25.545241+00:00,2026-07-06T09:01:25.545116,3,2,162.85,0.3,162.7,150,162.6,8,162.5,100,,,,,,,,,,,,,,,163.0,58,163.2,150,,,,,,,,,,,,,,,,
2026-07-06T09:01:25.981066+00:00,2026-07-06T09:01:25.981219,2,2,162.85,0.3,162.7,150,162.5,100,,,,,,,,,,,,,,,,,163.0,50,163.2,150,,,,,,,,,,,,,,,,
2026-07-06T09:01:25.986529+00:00,2026-07-06T09:01:25.986444,3,2,162.85,0.3,162.7,150,162.5,100,162.4,8,,,,,,,,,,,,,,,163.0,50,163.2,150,,,,,,,,,,,,,,,,
2026-07-06T09:01:25.991773+00:00,2026-07-06T09:01:25.991663,3,3,162.8,0.2,162.7,150,162.5,100,162.4,8,,,,,,,,,,,,,,,162.9,8,163.0,50,163.2,150,,,,,,,,,,,,,,
2026-07-06T09:01:27.235918+00:00,2026-07-06T09:01:27.235844,2,2,162.8,0.2,162.7,150,162.4,8,,,,,,,,,,,,,,,,,162.9,8,163.2,150,,,,,,,,,,,,,,,,
2026-07-06T09:01:27.293777+00:00,2026-07-06T09:01:27.293716,2,2,162.8,0.2,162.7,250,162.4,8,,,,,,,,,,,,,,,,,162.9,8,163.2,150,,,,,,,,,,,,,,,,
2026-07-06T09:01:27.347842+00:00,2026-07-06T09:01:27.347789,2,2,162.8,0.2,162.7,250,162.4,8,,,,,,,,,,,,,,,,,162.9,8,163.2,250,,,,,,,,,,,,,,,,
2026-07-06T09:01:27.542690+00:00,2026-07-06T09:01:27.542622,2,1,162.95,0.5,162.7,250,162.4,8,,,,,,,,,,,,,,,,,163.2,208,,,,,,,,,,,,,,,,,,
2026-07-06T09:01:27.745512+00:00,2026-07-06T09:01:27.745423,1,1,162.95,0.5,162.7,250,,,,,,,,,,,,,,,,,,,163.2,208,,,,,,,,,,,,,,,,,,
2026-07-06T09:01:27.750510+00:00,2026-07-06T09:01:27.750636,2,2,162.9,0.4,162.7,250,162.5,8,,,,,,,,,,,,,,,,,163.1,8,163.2,208,,,,,,,,,,,,,,,,
2026-07-06T09:01:28.599498+00:00,2026-07-06T09:01:28.599458,2,2,162.9,0.4,162.7,250,162.5,8,,,,,,,,,,,,,,,,,163.1,8,163.2,100,,,,,,,,,,,,,,,,
2026-07-06T09:01:28.604776+00:00,2026-07-06T09:01:28.604695,2,2,162.9,0.4,162.7,100,162.5,8,,,,,,,,,,,,,,,,,163.1,8,163.2,100,,,,,,,,,,,,,,,,
2026-07-06T09:01:28.653999+00:00,2026-07-06T09:01:28.654177,2,2,162.9,0.4,162.7,250,162.5,8,,,,,,,,,,,,,,,,,163.1,8,163.2,100,,,,,,,,,,,,,,,,
2026-07-06T09:01:28.707563+00:00,2026-07-06T09:01:28.707506,2,2,162.9,0.4,162.7,250,162.5,8,,,,,,,,,,,,,,,,,163.1,8,163.2,250,,,,,,,,,,,,,,,,
2026-07-06T09:01:28.991057+00:00,2026-07-06T09:01:28.991019,2,2,162.9,0.4,162.7,203,162.5,8,,,,,,,,,,,,,,,,,163.1,8,163.2,250,,,,,,,,,,,,,,,,
2026-07-06T09:01:29.675223+00:00,2026-07-06T09:01:29.675119,2,1,162.95,0.5,162.7,203,162.5,8,,,,,,,,,,,,,,,,,163.2,208,,,,,,,,,,,,,,,,,,
2026-07-06T09:01:30.024946+00:00,2026-07-06T09:01:30.024871,2,1,162.95,0.5,162.7,203,162.6,8,,,,,,,,,,,,,,,,,163.2,208,,,,,,,,,,,,,,,,,,
2026-07-06T09:01:30.030144+00:00,2026-07-06T09:01:30.030067,2,2,162.9,0.4,162.7,203,162.6,8,,,,,,,,,,,,,,,,,163.1,8,163.2,208,,,,,,,,,,,,,,,,
2026-07-06T09:01:30.401328+00:00,2026-07-06T09:01:30.401220,2,2,162.9,0.4,162.7,150,162.6,8,,,,,,,,,,,,,,,,,163.1,8,163.2,150,,,,,,,,,,,,,,,,
2026-07-06T09:01:30.451694+00:00,2026-07-06T09:01:30.451836,2,2,162.9,0.4,162.7,250,162.6,8,,,,,,,,,,,,,,,,,163.1,8,163.2,150,,,,,,,,,,,,,,,,
2026-07-06T09:01:30.505350+00:00,2026-07-06T09:01:30.505296,2,2,162.9,0.4,162.7,250,162.6,8,,,,,,,,,,,,,,,,,163.1,8,163.2,250,,,,,,,,,,,,,,,,
2026-07-06T09:01:31.759669+00:00,2026-07-06T09:01:31.759630,2,2,162.9,0.4,162.7,100,162.6,8,,,,,,,,,,,,,,,,,163.1,8,163.2,100,,,,,,,,,,,,,,,,
2026-07-06T09:01:31.782879+00:00,2026-07-06T09:01:31.782839,2,1,162.95,0.5,162.7,100,162.6,8,,,,,,,,,,,,,,,,,163.2,58,,,,,,,,,,,,,,,,,,
2026-07-06T09:01:31.819999+00:00,2026-07-06T09:01:31.819889,2,1,162.95,0.5,162.7,250,162.6,8,,,,,,,,,,,,,,,,,163.2,58,,,,,,,,,,,,,,,,,,
2026-07-06T09:01:31.869370+00:00,2026-07-06T09:01:31.869502,2,1,162.95,0.5,162.7,250,162.6,8,,,,,,,,,,,,,,,,,163.2,208,,,,,,,,,,,,,,,,,,
2026-07-06T09:01:32.294594+00:00,2026-07-06T09:01:32.294466,1,1,162.95,0.5,162.7,250,,,,,,,,,,,,,,,,,,,163.2,208,,,,,,,,,,,,,,,,,,
2026-07-06T09:01:32.299756+00:00,2026-07-06T09:01:32.299651,2,1,162.95,0.5,162.7,250,162.5,8,,,,,,,,,,,,,,,,,163.2,208,,,,,,,,,,,,,,,,,,
2026-07-06T09:01:32.304937+00:00,2026-07-06T09:01:32.304854,2,2,162.9,0.4,162.7,250,162.5,8,,,,,,,,,,,,,,,,,163.1,8,163.2,208,,,,,,,,,,,,,,,,
2026-07-06T09:01:33.295108+00:00,2026-07-06T09:01:33.295237,2,1,162.95,0.5,162.7,250,162.5,8,,,,,,,,,,,,,,,,,163.2,170,,,,,,,,,,,,,,,,,,
2026-07-06T09:01:33.558639+00:00,2026-07-06T09:01:33.557194,2,1,162.95,0.5,162.7,250,162.5,8,,,,,,,,,,,,,,,,,163.2,150,,,,,,,,,,,,,,,,,,
2026-07-06T09:01:33.563797+00:00,2026-07-06T09:01:33.563717,2,1,162.95,0.5,162.7,150,162.5,8,,,,,,,,,,,,,,,,,163.2,150,,,,,,,,,,,,,,,,,,
2026-07-06T09:01:33.624888+00:00,2026-07-06T09:01:33.624776,3,1,163.05,0.3,162.9,100,162.7,150,162.5,8,,,,,,,,,,,,,,,163.2,150,,,,,,,,,,,,,,,,,,
2026-07-06T09:01:33.678379+00:00,2026-07-06T09:01:33.678288,3,2,163.05,0.3,162.9,100,162.7,150,162.5,8,,,,,,,,,,,,,,,163.2,150,163.4,100,,,,,,,,,,,,,,,,
2026-07-06T09:01:34.928909+00:00,2026-07-06T09:01:34.929050,2,1,163.15,0.5,162.9,100,162.5,8,,,,,,,,,,,,,,,,,163.4,100,,,,,,,,,,,,,,,,,,
2026-07-06T09:01:34.983772+00:00,2026-07-06T09:01:34.983892,3,1,163.15,0.5,162.9,100,162.7,150,162.5,8,,,,,,,,,,,,,,,163.4,100,,,,,,,,,,,,,,,,,,
2026-07-06T09:01:35.036416+00:00,2026-07-06T09:01:35.030626,3,2,163.05,0.3,162.9,97,162.7,150,162.5,8,,,,,,,,,,,,,,,163.2,150,163.4,100,,,,,,,,,,,,,,,,
2026-07-06T09:01:36.733797+00:00,2026-07-06T09:01:36.733738,2,1,162.95,0.5,162.7,150,162.5,8,,,,,,,,,,,,,,,,,163.2,150,,,,,,,,,,,,,,,,,,
2026-07-06T09:01:36.786868+00:00,2026-07-06T09:01:36.786815,3,1,163.0,0.4,162.8,100,162.7,150,162.5,8,,,,,,,,,,,,,,,163.2,150,,,,,,,,,,,,,,,,,,
2026-07-06T09:01:36.840466+00:00,2026-07-06T09:01:36.840435,3,2,163.0,0.4,162.8,100,162.7,150,162.5,8,,,,,,,,,,,,,,,163.2,150,163.3,100,,,,,,,,,,,,,,,,
2026-07-06T09:01:37.929680+00:00,2026-07-06T09:01:37.929603,3,2,163.0,0.4,162.8,59,162.7,150,162.5,8,,,,,,,,,,,,,,,163.2,150,163.3,100,,,,,,,,,,,,,,,,
2026-07-06T09:01:38.090228+00:00,2026-07-06T09:01:38.090190,2,1,163.05,0.5,162.8,59,162.5,8,,,,,,,,,,,,,,,,,163.3,100,,,,,,,,,,,,,,,,,,
2026-07-06T09:01:38.145432+00:00,2026-07-06T09:01:38.145323,3,1,163.05,0.5,162.8,59,162.6,150,162.5,8,,,,,,,,,,,,,,,163.3,100,,,,,,,,,,,,,,,,,,
2026-07-06T09:01:38.158639+00:00,2026-07-06T09:01:38.155833,3,1,163.05,0.5,162.8,9,162.6,150,162.5,8,,,,,,,,,,,,,,,163.3,100,,,,,,,,,,,,,,,,,,
2026-07-06T09:01:38.195915+00:00,2026-07-06T09:01:38.195847,3,2,162.95,0.3,162.8,9,162.6,150,162.5,8,,,,,,,,,,,,,,,163.1,150,163.3,100,,,,,,,,,,,,,,,,
2026-07-06T09:01:38.829056+00:00,2026-07-06T09:01:38.828924,3,2,162.95,0.3,162.8,9,162.6,150,162.3,8,,,,,,,,,,,,,,,163.1,150,163.3,100,,,,,,,,,,,,,,,,
2026-07-06T09:01:38.834215+00:00,2026-07-06T09:01:38.834132,3,3,162.9,0.2,162.8,9,162.6,150,162.3,8,,,,,,,,,,,,,,,163.0,8,163.1,150,163.3,100,,,,,,,,,,,,,,
2026-07-06T09:01:38.969606+00:00,2026-07-06T09:01:38.969517,3,2,162.95,0.3,162.8,9,162.6,150,162.3,8,,,,,,,,,,,,,,,163.1,110,163.3,100,,,,,,,,,,,,,,,,
2026-07-06T09:01:39.893497+00:00,2026-07-06T09:01:39.893431,3,1,162.95,0.3,162.8,9,162.6,150,162.3,8,,,,,,,,,,,,,,,163.1,110,,,,,,,,,,,,,,,,,,
2026-07-06T09:01:39.898733+00:00,2026-07-06T09:01:39.898604,2,1,162.85,0.5,162.6,150,162.3,8,,,,,,,,,,,,,,,,,163.1,110,,,,,,,,,,,,,,,,,,
2026-07-06T09:01:39.964275+00:00,2026-07-06T09:01:39.964443,3,1,162.85,0.5,162.6,150,162.4,100,162.3,8,,,,,,,,,,,,,,,163.1,110,,,,,,,,,,,,,,,,,,
2026-07-06T09:01:40.020372+00:00,2026-07-06T09:01:40.020495,3,2,162.75,0.3,162.6,150,162.4,100,162.3,8,,,,,,,,,,,,,,,162.9,100,163.1,110,,,,,,,,,,,,,,,,
2026-07-06T09:01:40.097393+00:00,2026-07-06T09:01:40.097545,3,2,162.75,0.3,162.6,150,162.4,100,162.3,8,,,,,,,,,,,,,,,162.9,100,163.1,110,,,,,,,,,,,,,,,,
2026-07-06T09:01:40.102841+00:00,2026-07-06T09:01:40.102729,3,3,162.7,0.2,162.6,150,162.4,100,162.3,8,,,,,,,,,,,,,,,162.8,8,162.9,100,163.1,110,,,,,,,,,,,,,,
2026-07-06T09:01:40.904302+00:00,2026-07-06T09:01:40.904219,3,3,162.7,0.2,162.6,108,162.4,100,162.3,8,,,,,,,,,,,,,,,162.8,8,162.9,100,163.1,110,,,,,,,,,,,,,,
2026-07-06T09:01:41.252238+00:00,2026-07-06T09:01:41.252133,2,2,162.6,0.4,162.4,100,162.3,8,,,,,,,,,,,,,,,,,162.8,8,162.9,100,,,,,,,,,,,,,,,,
2026-07-06T09:01:41.307091+00:00,2026-07-06T09:01:41.307028,3,2,162.65,0.3,162.5,150,162.4,100,162.3,8,,,,,,,,,,,,,,,162.8,8,162.9,100,,,,,,,,,,,,,,,,
2026-07-06T09:01:41.358617+00:00,2026-07-06T09:01:41.355368,3,3,162.65,0.3,162.5,150,162.4,100,162.3,8,,,,,,,,,,,,,,,162.8,8,162.9,100,163.0,150,,,,,,,,,,,,,,
2026-07-06T09:01:42.391021+00:00,2026-07-06T09:01:42.390897,3,3,162.65,0.3,162.5,100,162.4,100,162.3,8,,,,,,,,,,,,,,,162.8,8,162.9,100,163.0,150,,,,,,,,,,,,,,
2026-07-06T09:01:43.074876+00:00,2026-07-06T09:01:43.074706,2,2,162.65,0.3,162.5,100,162.3,8,,,,,,,,,,,,,,,,,162.8,8,163.0,150,,,,,,,,,,,,,,,,
2026-07-06T09:01:43.114470+00:00,2026-07-06T09:01:43.114436,1,1,162.75,0.5,162.5,100,,,,,,,,,,,,,,,,,,,163.0,150,,,,,,,,,,,,,,,,,,
2026-07-06T09:01:43.119668+00:00,2026-07-06T09:01:43.119619,2,2,162.65,0.3,162.5,100,162.4,8,,,,,,,,,,,,,,,,,162.8,8,163.0,150,,,,,,,,,,,,,,,,
2026-07-06T09:01:43.130294+00:00,2026-07-06T09:01:43.130153,2,2,162.65,0.3,162.5,100,162.4,108,,,,,,,,,,,,,,,,,162.8,8,163.0,150,,,,,,,,,,,,,,,,
2026-07-06T09:01:43.183911+00:00,2026-07-06T09:01:43.183843,2,3,162.65,0.3,162.5,100,162.4,108,,,,,,,,,,,,,,,,,162.8,8,162.9,100,163.0,150,,,,,,,,,,,,,,
2026-07-06T09:01:44.414877+00:00,2026-07-06T09:01:44.414799,1,2,162.6,0.4,162.4,108,,,,,,,,,,,,,,,,,,,162.8,8,162.9,100,,,,,,,,,,,,,,,,
2026-07-06T09:01:44.470883+00:00,2026-07-06T09:01:44.470729,2,2,162.6,0.4,162.4,108,162.3,150,,,,,,,,,,,,,,,,,162.8,8,162.9,100,,,,,,,,,,,,,,,,
2026-07-06T09:01:44.496884+00:00,2026-07-06T09:01:44.496807,2,2,162.6,0.4,162.4,58,162.3,150,,,,,,,,,,,,,,,,,162.8,8,162.9,100,,,,,,,,,,,,,,,,
2026-07-06T09:01:44.524393+00:00,2026-07-06T09:01:44.524315,2,2,162.6,0.4,162.4,58,162.3,150,,,,,,,,,,,,,,,,,162.8,158,162.9,100,,,,,,,,,,,,,,,,
2026-07-06T09:01:45.527146+00:00,2026-07-06T09:01:45.521257,2,2,162.6,0.4,162.4,58,162.3,150,,,,,,,,,,,,,,,,,162.8,155,162.9,100,,,,,,,,,,,,,,,,
2026-07-06T09:01:45.890303+00:00,2026-07-06T09:01:45.890267,3,2,162.65,0.3,162.5,8,162.4,58,162.3,150,,,,,,,,,,,,,,,162.8,150,162.9,100,,,,,,,,,,,,,,,,
2026-07-06T09:01:45.898640+00:00,2026-07-06T09:01:45.898532,3,2,162.65,0.3,162.5,8,162.4,58,162.3,150,,,,,,,,,,,,,,,162.8,150,162.9,108,,,,,,,,,,,,,,,,
2026-07-06T09:01:46.237405+00:00,2026-07-06T09:01:46.237290,2,2,162.65,0.3,162.5,8,162.3,150,,,,,,,,,,,,,,,,,162.8,150,162.9,8,,,,,,,,,,,,,,,,
2026-07-06T09:01:46.289769+00:00,2026-07-06T09:01:46.289688,3,2,162.75,0.1,162.7,100,162.5,8,162.3,150,,,,,,,,,,,,,,,162.8,150,162.9,8,,,,,,,,,,,,,,,,
2026-07-06T09:01:46.341892+00:00,2026-07-06T09:01:46.342007,3,3,162.75,0.1,162.7,100,162.5,8,162.3,150,,,,,,,,,,,,,,,162.8,150,162.9,8,163.2,100,,,,,,,,,,,,,,
2026-07-06T09:01:46.408660+00:00,2026-07-06T09:01:46.408802,2,2,162.75,0.1,162.7,100,162.3,150,,,,,,,,,,,,,,,,,162.8,150,163.2,100,,,,,,,,,,,,,,,,
2026-07-06T09:01:46.414105+00:00,2026-07-06T09:01:46.414013,2,3,162.75,0.1,162.7,108,162.3,150,,,,,,,,,,,,,,,,,162.8,150,163.0,8,163.2,100,,,,,,,,,,,,,,
2026-07-06T09:01:46.558660+00:00,2026-07-06T09:01:46.554516,2,3,162.75,0.1,162.7,108,162.3,150,,,,,,,,,,,,,,,,,162.8,100,163.0,8,163.2,100,,,,,,,,,,,,,,
2026-07-06T09:01:46.923349+00:00,2026-07-06T09:01:46.923229,2,2,162.75,0.1,162.7,100,162.3,150,,,,,,,,,,,,,,,,,162.8,100,163.2,100,,,,,,,,,,,,,,,,
2026-07-06T09:01:46.928465+00:00,2026-07-06T09:01:46.928438,3,2,162.75,0.1,162.7,100,162.5,8,162.3,150,,,,,,,,,,,,,,,162.8,100,163.2,100,,,,,,,,,,,,,,,,
2026-07-06T09:01:46.933789+00:00,2026-07-06T09:01:46.933638,3,2,162.75,0.1,162.7,100,162.5,8,162.3,150,,,,,,,,,,,,,,,162.8,108,163.2,100,,,,,,,,,,,,,,,,
2026-07-06T09:01:46.988293+00:00,2026-07-06T09:01:46.988458,3,2,162.75,0.1,162.7,100,162.5,8,162.3,150,,,,,,,,,,,,,,,162.8,60,163.2,100,,,,,,,,,,,,,,,,
2026-07-06T09:01:47.501834+00:00,2026-07-06T09:01:47.501797,3,2,162.75,0.1,162.7,52,162.5,8,162.3,150,,,,,,,,,,,,,,,162.8,60,163.2,100,,,,,,,,,,,,,,,,
2026-07-06T09:01:47.584149+00:00,2026-07-06T09:01:47.584031,2,2,162.75,0.1,162.7,52,162.5,8,,,,,,,,,,,,,,,,,162.8,8,163.2,100,,,,,,,,,,,,,,,,
2026-07-06T09:01:47.639850+00:00,2026-07-06T09:01:47.640013,3,1,163.0,0.4,162.8,142,162.7,52,162.5,8,,,,,,,,,,,,,,,163.2,100,,,,,,,,,,,,,,,,,,
2026-07-06T09:01:47.689010+00:00,2026-07-06T09:01:47.688943,3,1,163.0,0.4,162.8,142,162.7,52,162.4,8,,,,,,,,,,,,,,,163.2,100,,,,,,,,,,,,,,,,,,
2026-07-06T09:01:47.694260+00:00,2026-07-06T09:01:47.694172,3,3,162.95,0.3,162.8,142,162.7,52,162.4,8,,,,,,,,,,,,,,,163.1,8,163.2,100,163.3,150,,,,,,,,,,,,,,
2026-07-06T09:01:47.868480+00:00,2026-07-06T09:01:47.862654,3,3,162.95,0.3,162.8,139,162.7,52,162.4,8,,,,,,,,,,,,,,,163.1,8,163.2,100,163.3,150,,,,,,,,,,,,,,
2026-07-06T09:01:48.204895+00:00,2026-07-06T09:01:48.204710,3,3,162.95,0.3,162.8,136,162.7,52,162.4,8,,,,,,,,,,,,,,,163.1,8,163.2,100,163.3,150,,,,,,,,,,,,,,
2026-07-06T09:01:48.465281+00:00,2026-07-06T09:01:48.465178,3,3,162.95,0.3,162.8,133,162.7,52,162.4,8,,,,,,,,,,,,,,,163.1,8,163.2,100,163.3,150,,,,,,,,,,,,,,
2026-07-06T09:01:48.724286+00:00,2026-07-06T09:01:48.724263,3,3,162.95,0.3,162.8,130,162.7,52,162.4,8,,,,,,,,,,,,,,,163.1,8,163.2,100,163.3,150,,,,,,,,,,,,,,
2026-07-06T09:01:48.986983+00:00,2026-07-06T09:01:48.986923,3,3,162.95,0.3,162.8,127,162.7,52,162.4,8,,,,,,,,,,,,,,,163.1,8,163.2,100,163.3,150,,,,,,,,,,,,,,
2026-07-06T09:01:49.249629+00:00,2026-07-06T09:01:49.249576,3,3,162.95,0.3,162.8,124,162.7,52,162.4,8,,,,,,,,,,,,,,,163.1,8,163.2,100,163.3,150,,,,,,,,,,,,,,
2026-07-06T09:01:49.400985+00:00,2026-07-06T09:01:49.400893,2,2,162.95,0.3,162.8,124,162.4,8,,,,,,,,,,,,,,,,,163.1,8,163.3,150,,,,,,,,,,,,,,,,
2026-07-06T09:01:49.453057+00:00,2026-07-06T09:01:49.453027,3,2,162.95,0.3,162.8,124,162.4,8,162.2,100,,,,,,,,,,,,,,,163.1,8,163.3,150,,,,,,,,,,,,,,,,
2026-07-06T09:01:49.509388+00:00,2026-07-06T09:01:49.509361,3,2,162.95,0.3,162.8,24,162.4,8,162.2,100,,,,,,,,,,,,,,,163.1,8,163.3,150,,,,,,,,,,,,,,,,
2026-07-06T09:01:49.940391+00:00,2026-07-06T09:01:49.940356,3,1,163.05,0.5,162.8,24,162.4,8,162.2,100,,,,,,,,,,,,,,,163.3,112,,,,,,,,,,,,,,,,,,
2026-07-06T09:01:50.749121+00:00,2026-07-06T09:01:50.749043,2,0,,,162.4,8,162.2,100,,,,,,,,,,,,,,,,,,,,,,,,,,,,,,,,,,,,
2026-07-06T09:01:50.804842+00:00,2026-07-06T09:01:50.804732,3,0,,,162.6,150,162.4,8,162.2,100,,,,,,,,,,,,,,,,,,,,,,,,,,,,,,,,,,
2026-07-06T09:01:50.851629+00:00,2026-07-06T09:01:50.851743,3,0,,,162.6,100,162.4,8,162.2,100,,,,,,,,,,,,,,,,,,,,,,,,,,,,,,,,,,
2026-07-06T09:01:50.858613+00:00,2026-07-06T09:01:50.856905,3,1,162.85,0.5,162.6,100,162.4,8,162.2,100,,,,,,,,,,,,,,,163.1,150,,,,,,,,,,,,,,,,,,
2026-07-06T09:01:51.273058+00:00,2026-07-06T09:01:51.272987,3,1,162.85,0.5,162.6,100,162.5,8,162.2,100,,,,,,,,,,,,,,,163.1,150,,,,,,,,,,,,,,,,,,
2026-07-06T09:01:52.565961+00:00,2026-07-06T09:01:52.565897,2,1,162.85,0.5,162.6,100,162.5,8,,,,,,,,,,,,,,,,,163.1,150,,,,,,,,,,,,,,,,,,
2026-07-06T09:01:52.618019+00:00,2026-07-06T09:01:52.618174,3,1,162.9,0.4,162.7,100,162.6,100,162.5,8,,,,,,,,,,,,,,,163.1,150,,,,,,,,,,,,,,,,,,
2026-07-06T09:01:52.679661+00:00,2026-07-06T09:01:52.679519,3,2,162.9,0.4,162.7,100,162.6,100,162.5,8,,,,,,,,,,,,,,,163.1,150,163.2,100,,,,,,,,,,,,,,,,
2026-07-06T09:01:52.958676+00:00,2026-07-06T09:01:52.958627,3,2,162.9,0.4,162.7,50,162.6,100,162.5,8,,,,,,,,,,,,,,,163.1,150,163.2,100,,,,,,,,,,,,,,,,
2026-07-06T09:01:53.146587+00:00,2026-07-06T09:01:53.146455,3,2,162.9,0.4,162.7,4,162.6,100,162.5,8,,,,,,,,,,,,,,,163.1,150,163.2,100,,,,,,,,,,,,,,,,
2026-07-06T09:01:53.624776+00:00,2026-07-06T09:01:53.624753,3,2,162.9,0.4,162.7,4,162.6,100,162.5,8,,,,,,,,,,,,,,,163.1,108,163.2,100,,,,,,,,,,,,,,,,
2026-07-06T09:01:53.786112+00:00,2026-07-06T09:01:53.786269,3,2,162.9,0.4,162.7,4,162.6,100,162.4,8,,,,,,,,,,,,,,,163.1,108,163.2,100,,,,,,,,,,,,,,,,
2026-07-06T09:01:53.919078+00:00,2026-07-06T09:01:53.919052,3,1,162.95,0.5,162.7,4,162.6,100,162.4,8,,,,,,,,,,,,,,,163.2,100,,,,,,,,,,,,,,,,,,
2026-07-06T09:01:53.924144+00:00,2026-07-06T09:01:53.924231,2,1,162.95,0.5,162.7,4,162.4,8,,,,,,,,,,,,,,,,,163.2,100,,,,,,,,,,,,,,,,,,
2026-07-06T09:01:53.972254+00:00,2026-07-06T09:01:53.972384,3,1,162.95,0.5,162.7,4,162.4,8,162.3,150,,,,,,,,,,,,,,,163.2,100,,,,,,,,,,,,,,,,,,
2026-07-06T09:01:54.025714+00:00,2026-07-06T09:01:54.025592,3,2,162.75,0.1,162.7,4,162.4,8,162.3,150,,,,,,,,,,,,,,,162.8,150,163.2,100,,,,,,,,,,,,,,,,
2026-07-06T09:01:54.046548+00:00,2026-07-06T09:01:54.046477,3,2,162.75,0.1,162.7,4,162.4,8,162.3,150,,,,,,,,,,,,,,,162.8,150,163.2,100,,,,,,,,,,,,,,,,
2026-07-06T09:01:54.807136+00:00,2026-07-06T09:01:54.807014,3,2,162.75,0.1,162.7,4,162.5,8,162.3,150,,,,,,,,,,,,,,,162.8,150,163.2,100,,,,,,,,,,,,,,,,
2026-07-06T09:01:55.097742+00:00,2026-07-06T09:01:55.097654,1,2,162.55,0.5,162.3,112,,,,,,,,,,,,,,,,,,,162.8,150,163.2,100,,,,,,,,,,,,,,,,
2026-07-06T09:01:55.317403+00:00,2026-07-06T09:01:55.317298,2,2,162.6,0.4,162.4,8,162.3,112,,,,,,,,,,,,,,,,,162.8,156,163.2,100,,,,,,,,,,,,,,,,
2026-07-06T09:01:55.737068+00:00,2026-07-06T09:01:55.736883,2,1,162.6,0.4,162.4,8,162.3,112,,,,,,,,,,,,,,,,,162.8,156,,,,,,,,,,,,,,,,,,
2026-07-06T09:01:55.792460+00:00,2026-07-06T09:01:55.792356,2,1,162.6,0.4,162.4,8,162.3,212,,,,,,,,,,,,,,,,,162.8,156,,,,,,,,,,,,,,,,,,
2026-07-06T09:01:55.797727+00:00,2026-07-06T09:01:55.797594,1,1,162.55,0.5,162.3,172,,,,,,,,,,,,,,,,,,,162.8,156,,,,,,,,,,,,,,,,,,
2026-07-06T09:01:55.841893+00:00,2026-07-06T09:01:55.841773,1,1,162.55,0.5,162.3,172,,,,,,,,,,,,,,,,,,,162.8,256,,,,,,,,,,,,,,,,,,
2026-07-06T09:01:57.075989+00:00,2026-07-06T09:01:57.075930,1,1,162.55,0.5,162.3,172,,,,,,,,,,,,,,,,,,,162.8,106,,,,,,,,,,,,,,,,,,
2026-07-06T09:01:57.081193+00:00,2026-07-06T09:01:57.081126,1,1,162.55,0.5,162.3,100,,,,,,,,,,,,,,,,,,,162.8,106,,,,,,,,,,,,,,,,,,
2026-07-06T09:01:57.131911+00:00,2026-07-06T09:01:57.131860,2,1,162.55,0.5,162.3,100,162.1,150,,,,,,,,,,,,,,,,,162.8,106,,,,,,,,,,,,,,,,,,
2026-07-06T09:01:57.197875+00:00,2026-07-06T09:01:57.190428,2,2,162.45,0.3,162.3,100,162.1,150,,,,,,,,,,,,,,,,,162.6,147,162.8,106,,,,,,,,,,,,,,,,
2026-07-06T09:01:57.318683+00:00,2026-07-06T09:01:57.312424,2,2,162.45,0.3,162.3,100,162.1,150,,,,,,,,,,,,,,,,,162.6,136,162.8,106,,,,,,,,,,,,,,,,
2026-07-06T09:01:58.516130+00:00,2026-07-06T09:01:58.515970,2,2,162.45,0.3,162.3,100,162.1,150,,,,,,,,,,,,,,,,,162.6,96,162.8,106,,,,,,,,,,,,,,,,
2026-07-06T09:01:58.898926+00:00,2026-07-06T09:01:58.898851,1,2,162.35,0.5,162.1,150,,,,,,,,,,,,,,,,,,,162.6,96,162.8,6,,,,,,,,,,,,,,,,
2026-07-06T09:01:58.954297+00:00,2026-07-06T09:01:58.954180,2,2,162.4,0.4,162.2,100,162.1,150,,,,,,,,,,,,,,,,,162.6,96,162.8,6,,,,,,,,,,,,,,,,
2026-07-06T09:01:59.007732+00:00,2026-07-06T09:01:59.007638,2,3,162.4,0.4,162.2,100,162.1,150,,,,,,,,,,,,,,,,,162.6,96,162.7,100,162.8,6,,,,,,,,,,,,,,
2026-07-06T09:01:59.082716+00:00,2026-07-06T09:01:59.082623,2,3,162.4,0.4,162.2,100,162.1,150,,,,,,,,,,,,,,,,,162.6,55,162.7,100,162.8,6,,,,,,,,,,,,,,
2026-07-06T09:01:59.137441+00:00,2026-07-06T09:01:59.137391,2,3,162.4,0.4,162.2,54,162.1,150,,,,,,,,,,,,,,,,,162.6,55,162.7,100,162.8,6,,,,,,,,,,,,,,
2026-07-06T09:01:59.255052+00:00,2026-07-06T09:01:59.255246,2,3,162.4,0.4,162.2,54,162.1,150,,,,,,,,,,,,,,,,,162.6,5,162.7,100,162.8,6,,,,,,,,,,,,,,
2026-07-06T09:01:59.738174+00:00,2026-07-06T09:01:59.738132,2,2,162.45,0.5,162.2,54,162.1,150,,,,,,,,,,,,,,,,,162.7,65,162.8,6,,,,,,,,,,,,,,,,
2026-07-06T09:02:00.240575+00:00,2026-07-06T09:02:00.240432,2,2,162.45,0.5,162.2,9,162.1,150,,,,,,,,,,,,,,,,,162.7,65,162.8,6,,,,,,,,,,,,,,,,
2026-07-06T09:02:00.245563+00:00,2026-07-06T09:02:00.245678,1,2,162.45,0.5,162.2,9,,,,,,,,,,,,,,,,,,,162.7,65,162.8,6,,,,,,,,,,,,,,,,
2026-07-06T09:02:00.303302+00:00,2026-07-06T09:02:00.303263,2,0,,,162.8,79,162.2,9,,,,,,,,,,,,,,,,,,,,,,,,,,,,,,,,,,,,
2026-07-06T09:02:00.371174+00:00,2026-07-06T09:02:00.364373,2,1,163.05,0.5,162.8,68,162.2,9,,,,,,,,,,,,,,,,,163.3,150,,,,,,,,,,,,,,,,,,
2026-07-06T09:02:01.548248+00:00,2026-07-06T09:02:01.548165,3,2,163.0,0.4,162.8,68,162.5,8,162.2,9,,,,,,,,,,,,,,,163.2,8,163.3,150,,,,,,,,,,,,,,,,
2026-07-06T09:02:02.058723+00:00,2026-07-06T09:02:02.058601,2,2,163.0,0.4,162.8,68,162.5,8,,,,,,,,,,,,,,,,,163.2,8,163.3,150,,,,,,,,,,,,,,,,
2026-07-06T09:02:02.117082+00:00,2026-07-06T09:02:02.117209,3,2,163.0,0.4,162.8,68,162.5,8,162.3,100,,,,,,,,,,,,,,,163.2,8,163.3,150,,,,,,,,,,,,,,,,
2026-07-06T09:02:02.171047+00:00,2026-07-06T09:02:02.171217,2,3,162.65,0.3,162.5,8,162.3,100,,,,,,,,,,,,,,,,,162.8,32,163.2,8,163.3,150,,,,,,,,,,,,,,
2026-07-06T09:02:02.307213+00:00,2026-07-06T09:02:02.307113,1,2,162.55,0.5,162.3,100,,,,,,,,,,,,,,,,,,,162.8,32,163.3,150,,,,,,,,,,,,,,,,
2026-07-06T09:02:02.312340+00:00,2026-07-06T09:02:02.312313,2,2,162.65,0.3,162.5,8,162.3,100,,,,,,,,,,,,,,,,,162.8,40,163.3,150,,,,,,,,,,,,,,,,
2026-07-06T09:02:03.071743+00:00,2026-07-06T09:02:03.071704,1,2,162.55,0.5,162.3,100,,,,,,,,,,,,,,,,,,,162.8,32,163.3,150,,,,,,,,,,,,,,,,
2026-07-06T09:02:03.077057+00:00,2026-07-06T09:02:03.076931,2,3,162.55,0.3,162.4,8,162.3,100,,,,,,,,,,,,,,,,,162.7,8,162.8,32,163.3,150,,,,,,,,,,,,,,
2026-07-06T09:02:03.412036+00:00,2026-07-06T09:02:03.411954,2,2,162.55,0.3,162.4,8,162.3,100,,,,,,,,,,,,,,,,,162.7,8,162.8,32,,,,,,,,,,,,,,,,
2026-07-06T09:02:03.464861+00:00,2026-07-06T09:02:03.464969,3,2,162.55,0.3,162.4,8,162.3,100,162.0,150,,,,,,,,,,,,,,,162.7,8,162.8,32,,,,,,,,,,,,,,,,
2026-07-06T09:02:03.500851+00:00,2026-07-06T09:02:03.500794,3,0,,,162.4,8,162.3,100,162.0,150,,,,,,,,,,,,,,,,,,,,,,,,,,,,,,,,,,
2026-07-06T09:02:03.517446+00:00,2026-07-06T09:02:03.517386,3,1,162.45,0.1,162.4,8,162.3,100,162.0,150,,,,,,,,,,,,,,,162.5,150,,,,,,,,,,,,,,,,,,
2026-07-06T09:02:03.706240+00:00,2026-07-06T09:02:03.706375,2,1,162.4,0.2,162.3,63,162.0,150,,,,,,,,,,,,,,,,,162.5,150,,,,,,,,,,,,,,,,,,
2026-07-06T09:02:05.203069+00:00,2026-07-06T09:02:05.194386,2,1,162.4,0.2,162.3,63,162.0,150,,,,,,,,,,,,,,,,,162.5,139,,,,,,,,,,,,,,,,,,
2026-07-06T09:02:05.229142+00:00,2026-07-06T09:02:05.229044,1,1,162.25,0.5,162.0,150,,,,,,,,,,,,,,,,,,,162.5,139,,,,,,,,,,,,,,,,,,
2026-07-06T09:02:05.284470+00:00,2026-07-06T09:02:05.284374,2,1,162.45,0.1,162.4,100,162.0,150,,,,,,,,,,,,,,,,,162.5,139,,,,,,,,,,,,,,,,,,
2026-07-06T09:02:05.294777+00:00,2026-07-06T09:02:05.294706,2,1,162.45,0.1,162.4,100,162.0,150,,,,,,,,,,,,,,,,,162.5,99,,,,,,,,,,,,,,,,,,
2026-07-06T09:02:05.338541+00:00,2026-07-06T09:02:05.338426,2,2,162.45,0.1,162.4,100,162.0,150,,,,,,,,,,,,,,,,,162.5,99,162.9,100,,,,,,,,,,,,,,,,
2026-07-06T09:02:05.615997+00:00,2026-07-06T09:02:05.615862,2,2,162.45,0.1,162.4,100,162.0,150,,,,,,,,,,,,,,,,,162.5,49,162.9,100,,,,,,,,,,,,,,,,
2026-07-06T09:02:06.572398+00:00,2026-07-06T09:02:06.572248,1,1,162.65,0.5,162.4,100,,,,,,,,,,,,,,,,,,,162.9,100,,,,,,,,,,,,,,,,,,
2026-07-06T09:02:06.603525+00:00,2026-07-06T09:02:06.603679,2,1,162.65,0.5,162.4,100,162.3,8,,,,,,,,,,,,,,,,,162.9,100,,,,,,,,,,,,,,,,,,
2026-07-06T09:02:06.608921+00:00,2026-07-06T09:02:06.608848,2,2,162.6,0.4,162.4,100,162.3,8,,,,,,,,,,,,,,,,,162.8,8,162.9,100,,,,,,,,,,,,,,,,
2026-07-06T09:02:06.625446+00:00,2026-07-06T09:02:06.625424,3,2,162.6,0.4,162.4,100,162.3,8,162.2,150,,,,,,,,,,,,,,,162.8,8,162.9,100,,,,,,,,,,,,,,,,
2026-07-06T09:02:06.677486+00:00,2026-07-06T09:02:06.677660,3,3,162.55,0.3,162.4,100,162.3,8,162.2,150,,,,,,,,,,,,,,,162.7,150,162.8,8,162.9,100,,,,,,,,,,,,,,
2026-07-06T09:02:07.113695+00:00,2026-07-06T09:02:07.113645,2,2,162.55,0.3,162.4,100,162.2,150,,,,,,,,,,,,,,,,,162.7,150,162.9,100,,,,,,,,,,,,,,,,
2026-07-06T09:02:07.118996+00:00,2026-07-06T09:02:07.118879,2,3,162.5,0.2,162.4,100,162.2,158,,,,,,,,,,,,,,,,,162.6,8,162.7,150,162.9,100,,,,,,,,,,,,,,
2026-07-06T09:02:07.723658+00:00,2026-07-06T09:02:07.723533,2,2,162.55,0.3,162.4,100,162.2,158,,,,,,,,,,,,,,,,,162.7,108,162.9,100,,,,,,,,,,,,,,,,
2026-07-06T09:02:08.417730+00:00,2026-07-06T09:02:08.417670,1,1,162.45,0.5,162.2,158,,,,,,,,,,,,,,,,,,,162.7,108,,,,,,,,,,,,,,,,,,
2026-07-06T09:02:08.472430+00:00,2026-07-06T09:02:08.472363,1,1,162.45,0.5,162.2,258,,,,,,,,,,,,,,,,,,,162.7,108,,,,,,,,,,,,,,,,,,
2026-07-06T09:02:08.531654+00:00,2026-07-06T09:02:08.531561,1,1,162.45,0.5,162.2,258,,,,,,,,,,,,,,,,,,,162.7,208,,,,,,,,,,,,,,,,,,
2026-07-06T09:02:08.599609+00:00,2026-07-06T09:02:08.599539,1,1,162.45,0.5,162.2,258,,,,,,,,,,,,,,,,,,,162.7,160,,,,,,,,,,,,,,,,,,
2026-07-06T09:02:09.133567+00:00,2026-07-06T09:02:09.133501,1,1,162.45,0.5,162.2,250,,,,,,,,,,,,,,,,,,,162.7,160,,,,,,,,,,,,,,,,,,
2026-07-06T09:02:09.138822+00:00,2026-07-06T09:02:09.138698,2,1,162.5,0.4,162.3,8,162.2,250,,,,,,,,,,,,,,,,,162.7,160,,,,,,,,,,,,,,,,,,
2026-07-06T09:02:09.735098+00:00,2026-07-06T09:02:09.735066,2,1,162.5,0.4,162.3,8,162.2,100,,,,,,,,,,,,,,,,,162.7,100,,,,,,,,,,,,,,,,,,
2026-07-06T09:02:09.790023+00:00,2026-07-06T09:02:09.790195,3,0,,,162.7,50,162.3,8,162.2,100,,,,,,,,,,,,,,,,,,,,,,,,,,,,,,,,,,
2026-07-06T09:02:09.851127+00:00,2026-07-06T09:02:09.845566,3,1,162.95,0.5,162.7,36,162.3,8,162.2,100,,,,,,,,,,,,,,,163.2,150,,,,,,,,,,,,,,,,,,
2026-07-06T09:02:09.894769+00:00,2026-07-06T09:02:09.894653,3,1,162.95,0.5,162.7,36,162.3,8,162.2,100,,,,,,,,,,,,,,,163.2,150,,,,,,,,,,,,,,,,,,
2026-07-06T09:02:10.634043+00:00,2026-07-06T09:02:10.633978,1,1,162.7,1.0,162.2,99,,,,,,,,,,,,,,,,,,,163.2,150,,,,,,,,,,,,,,,,,,
2026-07-06T09:02:11.587317+00:00,2026-07-06T09:02:11.587163,0,1,,,,,,,,,,,,,,,,,,,,,,,163.2,150,,,,,,,,,,,,,,,,,,
2026-07-06T09:02:11.641893+00:00,2026-07-06T09:02:11.641795,1,1,162.95,0.5,162.7,100,,,,,,,,,,,,,,,,,,,163.2,150,,,,,,,,,,,,,,,,,,
2026-07-06T09:02:11.658540+00:00,2026-07-06T09:02:11.653462,2,2,162.9,0.4,162.7,100,162.5,8,,,,,,,,,,,,,,,,,163.1,8,163.2,150,,,,,,,,,,,,,,,,
2026-07-06T09:02:11.694076+00:00,2026-07-06T09:02:11.694032,2,2,162.9,0.4,162.7,100,162.5,8,,,,,,,,,,,,,,,,,163.1,8,163.2,250,,,,,,,,,,,,,,,,
2026-07-06T09:02:11.943192+00:00,2026-07-06T09:02:11.943161,2,1,162.95,0.5,162.7,100,162.5,8,,,,,,,,,,,,,,,,,163.2,208,,,,,,,,,,,,,,,,,,
2026-07-06T09:02:12.338379+00:00,2026-07-06T09:02:12.338270,2,1,162.95,0.5,162.7,59,162.5,8,,,,,,,,,,,,,,,,,163.2,208,,,,,,,,,,,,,,,,,,
2026-07-06T09:02:12.902536+00:00,2026-07-06T09:02:12.902455,2,1,162.95,0.5,162.7,59,162.5,8,,,,,,,,,,,,,,,,,163.2,100,,,,,,,,,,,,,,,,,,
2026-07-06T09:02:12.958596+00:00,2026-07-06T09:02:12.952540,3,1,162.95,0.5,162.7,59,162.5,8,162.4,150,,,,,,,,,,,,,,,163.2,100,,,,,,,,,,,,,,,,,,
2026-07-06T09:02:13.010247+00:00,2026-07-06T09:02:13.010193,3,2,162.8,0.2,162.7,59,162.5,8,162.4,150,,,,,,,,,,,,,,,162.9,150,163.2,100,,,,,,,,,,,,,,,,
2026-07-06T09:02:13.177024+00:00,2026-07-06T09:02:13.176950,3,2,162.8,0.2,162.7,59,162.5,8,162.4,150,,,,,,,,,,,,,,,162.9,150,163.2,100,,,,,,,,,,,,,,,,
2026-07-06T09:02:14.750079+00:00,2026-07-06T09:02:14.750027,2,1,162.7,0.4,162.5,8,162.4,150,,,,,,,,,,,,,,,,,162.9,150,,,,,,,,,,,,,,,,,,
2026-07-06T09:02:14.806575+00:00,2026-07-06T09:02:14.806426,3,1,162.75,0.3,162.6,100,162.5,8,162.4,150,,,,,,,,,,,,,,,162.9,150,,,,,,,,,,,,,,,,,,
2026-07-06T09:02:14.858604+00:00,2026-07-06T09:02:14.856958,3,2,162.75,0.3,162.6,100,162.5,8,162.4,150,,,,,,,,,,,,,,,162.9,150,163.1,100,,,,,,,,,,,,,,,,
2026-07-06T09:02:16.063826+00:00,2026-07-06T09:02:16.063788,2,1,162.85,0.5,162.6,100,162.5,8,,,,,,,,,,,,,,,,,163.1,100,,,,,,,,,,,,,,,,,,
2026-07-06T09:02:16.119148+00:00,2026-07-06T09:02:16.119106,3,1,162.85,0.5,162.6,100,162.5,8,162.2,150,,,,,,,,,,,,,,,163.1,100,,,,,,,,,,,,,,,,,,
2026-07-06T09:02:16.171940+00:00,2026-07-06T09:02:16.171885,3,2,162.65,0.1,162.6,100,162.5,8,162.2,150,,,,,,,,,,,,,,,162.7,150,163.1,100,,,,,,,,,,,,,,,,
2026-07-06T09:02:16.204839+00:00,2026-07-06T09:02:16.204738,3,2,162.65,0.1,162.6,50,162.5,8,162.2,150,,,,,,,,,,,,,,,162.7,150,163.1,100,,,,,,,,,,,,,,,,
2026-07-06T09:02:17.776056+00:00,2026-07-06T09:02:17.776031,3,2,162.65,0.1,162.6,50,162.5,8,162.2,150,,,,,,,,,,,,,,,162.7,102,163.1,100,,,,,,,,,,,,,,,,
2026-07-06T09:02:17.913957+00:00,2026-07-06T09:02:17.913843,2,1,162.6,0.2,162.5,8,162.2,150,,,,,,,,,,,,,,,,,162.7,102,,,,,,,,,,,,,,,,,,
2026-07-06T09:02:17.969935+00:00,2026-07-06T09:02:17.969774,3,1,162.6,0.2,162.5,8,162.4,100,162.2,150,,,,,,,,,,,,,,,162.7,102,,,,,,,,,,,,,,,,,,
2026-07-06T09:02:18.024273+00:00,2026-07-06T09:02:18.024121,3,2,162.6,0.2,162.5,8,162.4,100,162.2,150,,,,,,,,,,,,,,,162.7,102,162.9,100,,,,,,,,,,,,,,,,
2026-07-06T09:02:18.245426+00:00,2026-07-06T09:02:18.245328,3,2,162.6,0.2,162.5,8,162.4,100,162.2,150,,,,,,,,,,,,,,,162.7,61,162.9,100,,,,,,,,,,,,,,,,
2026-07-06T09:02:18.313747+00:00,2026-07-06T09:02:18.313704,2,2,162.55,0.3,162.4,58,162.2,150,,,,,,,,,,,,,,,,,162.7,61,162.9,100,,,,,,,,,,,,,,,,
2026-07-06T09:02:19.225295+00:00,2026-07-06T09:02:19.225257,1,1,162.65,0.5,162.4,58,,,,,,,,,,,,,,,,,,,162.9,100,,,,,,,,,,,,,,,,,,
2026-07-06T09:02:19.280183+00:00,2026-07-06T09:02:19.280062,2,1,162.85,0.1,162.8,150,162.4,58,,,,,,,,,,,,,,,,,162.9,100,,,,,,,,,,,,,,,,,,
2026-07-06T09:02:19.333320+00:00,2026-07-06T09:02:19.333210,2,2,162.85,0.1,162.8,150,162.4,58,,,,,,,,,,,,,,,,,162.9,100,163.3,150,,,,,,,,,,,,,,,,
2026-07-06T09:02:20.420161+00:00,2026-07-06T09:02:20.420110,2,2,162.85,0.1,162.8,100,162.4,58,,,,,,,,,,,,,,,,,162.9,100,163.3,150,,,,,,,,,,,,,,,,
2026-07-06T09:02:21.078454+00:00,2026-07-06T09:02:21.078619,1,1,163.05,0.5,162.8,100,,,,,,,,,,,,,,,,,,,163.3,150,,,,,,,,,,,,,,,,,,
2026-07-06T09:02:21.133328+00:00,2026-07-06T09:02:21.133259,2,1,163.05,0.5,162.8,100,162.5,100,,,,,,,,,,,,,,,,,163.3,150,,,,,,,,,,,,,,,,,,
2026-07-06T09:02:21.187321+00:00,2026-07-06T09:02:21.187225,2,2,162.9,0.2,162.8,100,162.5,100,,,,,,,,,,,,,,,,,163.0,100,163.3,150,,,,,,,,,,,,,,,,
2026-07-06T09:02:22.384227+00:00,2026-07-06T09:02:22.384180,2,1,162.9,0.2,162.8,100,162.5,100,,,,,,,,,,,,,,,,,163.0,100,,,,,,,,,,,,,,,,,,
2026-07-06T09:02:22.389557+00:00,2026-07-06T09:02:22.389362,1,1,162.75,0.5,162.5,100,,,,,,,,,,,,,,,,,,,163.0,100,,,,,,,,,,,,,,,,,,
2026-07-06T09:02:22.442380+00:00,2026-07-06T09:02:22.442320,2,1,162.85,0.3,162.7,150,162.5,100,,,,,,,,,,,,,,,,,163.0,100,,,,,,,,,,,,,,,,,,
2026-07-06T09:02:22.452302+00:00,2026-07-06T09:02:22.456260,3,1,162.85,0.3,162.7,150,162.6,8,162.5,100,,,,,,,,,,,,,,,163.0,108,,,,,,,,,,,,,,,,,,
2026-07-06T09:02:22.495370+00:00,2026-07-06T09:02:22.495291,3,2,162.85,0.3,162.7,150,162.6,8,162.5,100,,,,,,,,,,,,,,,163.0,108,163.2,150,,,,,,,,,,,,,,,,
2026-07-06T09:02:24.243612+00:00,2026-07-06T09:02:24.243509,2,2,162.85,0.3,162.7,150,162.6,8,,,,,,,,,,,,,,,,,163.0,8,163.2,150,,,,,,,,,,,,,,,,
2026-07-06T09:02:24.298616+00:00,2026-07-06T09:02:24.298531,3,2,162.85,0.3,162.7,150,162.6,8,162.4,100,,,,,,,,,,,,,,,163.0,8,163.2,150,,,,,,,,,,,,,,,,
2026-07-06T09:02:24.358827+00:00,2026-07-06T09:02:24.358661,3,3,162.8,0.2,162.7,150,162.6,8,162.4,100,,,,,,,,,,,,,,,162.9,100,163.0,8,163.2,150,,,,,,,,,,,,,,
2026-07-06T09:02:24.584545+00:00,2026-07-06T09:02:24.584713,3,3,162.8,0.2,162.7,150,162.6,8,162.4,100,,,,,,,,,,,,,,,162.9,50,163.0,8,163.2,150,,,,,,,,,,,,,,
2026-07-06T09:02:24.895759+00:00,2026-07-06T09:02:24.889290,3,3,162.8,0.2,162.7,150,162.6,8,162.4,100,,,,,,,,,,,,,,,162.9,47,163.0,8,163.2,150,,,,,,,,,,,,,,
2026-07-06T09:02:25.225428+00:00,2026-07-06T09:02:25.225343,2,2,162.8,0.2,162.7,150,162.4,100,,,,,,,,,,,,,,,,,162.9,47,163.2,150,,,,,,,,,,,,,,,,
2026-07-06T09:02:25.230594+00:00,2026-07-06T09:02:25.230554,3,2,162.85,0.1,162.8,8,162.7,150,162.4,100,,,,,,,,,,,,,,,162.9,47,163.2,150,,,,,,,,,,,,,,,,
2026-07-06T09:02:25.235792+00:00,2026-07-06T09:02:25.235748,3,3,162.85,0.1,162.8,8,162.7,150,162.4,100,,,,,,,,,,,,,,,162.9,47,163.1,8,163.2,150,,,,,,,,,,,,,,
2026-07-06T09:02:25.549553+00:00,2026-07-06T09:02:25.549490,2,2,162.85,0.1,162.8,8,162.4,100,,,,,,,,,,,,,,,,,162.9,47,163.1,8,,,,,,,,,,,,,,,,
2026-07-06T09:02:25.604525+00:00,2026-07-06T09:02:25.604483,3,1,163.0,0.2,162.9,103,162.8,8,162.4,100,,,,,,,,,,,,,,,163.1,8,,,,,,,,,,,,,,,,,,
2026-07-06T09:02:25.658627+00:00,2026-07-06T09:02:25.653437,3,2,163.0,0.2,162.9,103,162.8,8,162.4,100,,,,,,,,,,,,,,,163.1,8,163.4,150,,,,,,,,,,,,,,,,
2026-07-06T09:02:26.208529+00:00,2026-07-06T09:02:26.201816,3,2,163.0,0.2,162.9,100,162.8,8,162.4,100,,,,,,,,,,,,,,,163.1,8,163.4,150,,,,,,,,,,,,,,,,
2026-07-06T09:02:26.241835+00:00,2026-07-06T09:02:26.242026,2,1,163.15,0.5,162.9,100,162.4,100,,,,,,,,,,,,,,,,,163.4,150,,,,,,,,,,,,,,,,,,
2026-07-06T09:02:26.247314+00:00,2026-07-06T09:02:26.247268,3,1,163.15,0.5,162.9,100,162.7,8,162.4,100,,,,,,,,,,,,,,,163.4,150,,,,,,,,,,,,,,,,,,
2026-07-06T09:02:26.252605+00:00,2026-07-06T09:02:26.252482,3,2,162.95,0.1,162.9,100,162.7,8,162.4,100,,,,,,,,,,,,,,,163.0,8,163.4,150,,,,,,,,,,,,,,,,
2026-07-06T09:02:26.746583+00:00,2026-07-06T09:02:26.746457,3,2,162.95,0.1,162.9,50,162.7,8,162.4,100,,,,,,,,,,,,,,,163.0,8,163.4,150,,,,,,,,,,,,,,,,
2026-07-06T09:02:27.403179+00:00,2026-07-06T09:02:27.403059,2,2,162.95,0.1,162.9,50,162.7,8,,,,,,,,,,,,,,,,,163.0,8,163.4,150,,,,,,,,,,,,,,,,
2026-07-06T09:02:27.454664+00:00,2026-07-06T09:02:27.454639,2,2,162.95,0.1,162.9,50,162.7,108,,,,,,,,,,,,,,,,,163.0,8,163.4,150,,,,,,,,,,,,,,,,
2026-07-06T09:02:27.514094+00:00,2026-07-06T09:02:27.514021,2,3,162.95,0.1,162.9,50,162.7,108,,,,,,,,,,,,,,,,,163.0,8,163.2,100,163.4,150,,,,,,,,,,,,,,
2026-07-06T09:02:28.261217+00:00,2026-07-06T09:02:28.261140,2,3,162.95,0.1,162.9,50,162.7,100,,,,,,,,,,,,,,,,,163.0,8,163.2,100,163.4,150,,,,,,,,,,,,,,
2026-07-06T09:02:28.266236+00:00,2026-07-06T09:02:28.266323,2,2,163.05,0.3,162.9,50,162.7,100,,,,,,,,,,,,,,,,,163.2,100,163.4,150,,,,,,,,,,,,,,,,
2026-07-06T09:02:28.271716+00:00,2026-07-06T09:02:28.271565,3,2,163.05,0.3,162.9,50,162.8,8,162.7,100,,,,,,,,,,,,,,,163.2,100,163.4,150,,,,,,,,,,,,,,,,
2026-07-06T09:02:28.276956+00:00,2026-07-06T09:02:28.276886,3,3,163.0,0.2,162.9,50,162.8,8,162.7,100,,,,,,,,,,,,,,,163.1,8,163.2,100,163.4,150,,,,,,,,,,,,,,
2026-07-06T09:02:28.713032+00:00,2026-07-06T09:02:28.712965,2,2,162.95,0.3,162.8,8,162.7,100,,,,,,,,,,,,,,,,,163.1,8,163.2,100,,,,,,,,,,,,,,,,
2026-07-06T09:02:28.770215+00:00,2026-07-06T09:02:28.770075,3,2,162.95,0.3,162.8,8,162.7,100,162.4,150,,,,,,,,,,,,,,,163.1,8,163.2,100,,,,,,,,,,,,,,,,
2026-07-06T09:02:28.819913+00:00,2026-07-06T09:02:28.819783,3,3,162.85,0.1,162.8,8,162.7,100,162.4,150,,,,,,,,,,,,,,,162.9,150,163.1,8,163.2,100,,,,,,,,,,,,,,
2026-07-06T09:02:30.135879+00:00,2026-07-06T09:02:30.128311,3,3,162.85,0.1,162.8,8,162.7,100,162.4,150,,,,,,,,,,,,,,,162.9,147,163.1,8,163.2,100,,,,,,,,,,,,,,
2026-07-06T09:02:30.410298+00:00,2026-07-06T09:02:30.410176,3,3,162.85,0.1,162.8,8,162.7,100,162.4,150,,,,,,,,,,,,,,,162.9,102,163.1,8,163.2,100,,,,,,,,,,,,,,
2026-07-06T09:02:30.564187+00:00,2026-07-06T09:02:30.564069,3,2,162.85,0.1,162.8,8,162.7,100,162.4,150,,,,,,,,,,,,,,,162.9,102,163.1,8,,,,,,,,,,,,,,,,
2026-07-06T09:02:30.569391+00:00,2026-07-06T09:02:30.569243,2,2,162.85,0.1,162.8,8,162.4,150,,,,,,,,,,,,,,,,,162.9,102,163.1,8,,,,,,,,,,,,,,,,
2026-07-06T09:02:30.622744+00:00,2026-07-06T09:02:30.622602,2,2,162.85,0.1,162.8,8,162.4,150,,,,,,,,,,,,,,,,,162.9,2,163.1,8,,,,,,,,,,,,,,,,
2026-07-06T09:02:30.677106+00:00,2026-07-06T09:02:30.677256,2,3,162.85,0.1,162.8,8,162.4,150,,,,,,,,,,,,,,,,,162.9,2,163.1,8,163.5,100,,,,,,,,,,,,,,
2026-07-06T09:02:30.958642+00:00,2026-07-06T09:02:30.954493,1,3,162.65,0.5,162.4,108,,,,,,,,,,,,,,,,,,,162.9,2,163.1,8,163.5,100,,,,,,,,,,,,,,
2026-07-06T09:02:31.036977+00:00,2026-07-06T09:02:31.036937,1,2,162.65,0.5,162.4,108,,,,,,,,,,,,,,,,,,,162.9,2,163.5,100,,,,,,,,,,,,,,,,
2026-07-06T09:02:31.042021+00:00,2026-07-06T09:02:31.042137,2,2,162.7,0.4,162.5,8,162.4,108,,,,,,,,,,,,,,,,,162.9,2,163.5,100,,,,,,,,,,,,,,,,
2026-07-06T09:02:31.047434+00:00,2026-07-06T09:02:31.047341,2,3,162.7,0.4,162.5,8,162.4,108,,,,,,,,,,,,,,,,,162.9,2,163.2,8,163.5,100,,,,,,,,,,,,,,
2026-07-06T09:02:31.558998+00:00,2026-07-06T09:02:31.558907,1,2,162.65,0.5,162.4,108,,,,,,,,,,,,,,,,,,,162.9,2,163.5,100,,,,,,,,,,,,,,,,
2026-07-06T09:02:31.563983+00:00,2026-07-06T09:02:31.564120,2,3,162.75,0.3,162.6,8,162.4,108,,,,,,,,,,,,,,,,,162.9,2,163.0,8,163.5,100,,,,,,,,,,,,,,
2026-07-06T09:02:31.876658+00:00,2026-07-06T09:02:31.876549,1,2,162.8,0.4,162.6,8,,,,,,,,,,,,,,,,,,,163.0,8,163.5,100,,,,,,,,,,,,,,,,
2026-07-06T09:02:31.932394+00:00,2026-07-06T09:02:31.932503,2,2,162.9,0.2,162.8,150,162.6,8,,,,,,,,,,,,,,,,,163.0,8,163.5,100,,,,,,,,,,,,,,,,
2026-07-06T09:02:31.986029+00:00,2026-07-06T09:02:31.985916,2,3,162.9,0.2,162.8,150,162.6,8,,,,,,,,,,,,,,,,,163.0,8,163.3,150,163.5,100,,,,,,,,,,,,,,
2026-07-06T09:02:32.825784+00:00,2026-07-06T09:02:32.825733,1,2,163.05,0.5,162.8,150,,,,,,,,,,,,,,,,,,,163.3,150,163.5,100,,,,,,,,,,,,,,,,
2026-07-06T09:02:32.830828+00:00,2026-07-06T09:02:32.830928,1,2,163.05,0.5,162.8,158,,,,,,,,,,,,,,,,,,,163.3,150,163.5,100,,,,,,,,,,,,,,,,
2026-07-06T09:02:32.836223+00:00,2026-07-06T09:02:32.836125,1,3,162.95,0.3,162.8,158,,,,,,,,,,,,,,,,,,,163.1,8,163.3,150,163.5,100,,,,,,,,,,,,,,
2026-07-06T09:02:33.724946+00:00,2026-07-06T09:02:33.724867,1,2,162.95,0.3,162.8,158,,,,,,,,,,,,,,,,,,,163.1,8,163.3,150,,,,,,,,,,,,,,,,
2026-07-06T09:02:33.777223+00:00,2026-07-06T09:02:33.777064,2,2,162.95,0.3,162.8,158,162.7,100,,,,,,,,,,,,,,,,,163.1,8,163.3,150,,,,,,,,,,,,,,,,
2026-07-06T09:02:33.844664+00:00,2026-07-06T09:02:33.844628,2,3,162.95,0.3,162.8,158,162.7,100,,,,,,,,,,,,,,,,,163.1,8,163.2,100,163.3,150,,,,,,,,,,,,,,
2026-07-06T09:02:34.092382+00:00,2026-07-06T09:02:34.092228,2,3,162.95,0.3,162.8,150,162.7,100,,,,,,,,,,,,,,,,,163.1,8,163.2,100,163.3,150,,,,,,,,,,,,,,
2026-07-06T09:02:34.097361+00:00,2026-07-06T09:02:34.097475,3,2,163.05,0.3,162.9,8,162.8,150,162.7,100,,,,,,,,,,,,,,,163.2,100,163.3,150,,,,,,,,,,,,,,,,
2026-07-06T09:02:34.102707+00:00,2026-07-06T09:02:34.102633,3,2,163.05,0.3,162.9,8,162.8,150,162.7,100,,,,,,,,,,,,,,,163.2,108,163.3,150,,,,,,,,,,,,,,,,
2026-07-06T09:02:35.040835+00:00,2026-07-06T09:02:35.040726,2,1,163.05,0.3,162.9,8,162.7,100,,,,,,,,,,,,,,,,,163.2,108,,,,,,,,,,,,,,,,,,
2026-07-06T09:02:35.095925+00:00,2026-07-06T09:02:35.095865,3,1,163.1,0.2,163.0,150,162.9,8,162.7,100,,,,,,,,,,,,,,,163.2,108,,,,,,,,,,,,,,,,,,
2026-07-06T09:02:35.114569+00:00,2026-07-06T09:02:35.114454,3,1,163.1,0.2,163.0,150,162.9,8,162.7,100,,,,,,,,,,,,,,,163.2,58,,,,,,,,,,,,,,,,,,
2026-07-06T09:02:35.149089+00:00,2026-07-06T09:02:35.149047,3,2,163.1,0.2,163.0,150,162.9,8,162.7,100,,,,,,,,,,,,,,,163.2,58,163.5,150,,,,,,,,,,,,,,,,
2026-07-06T09:02:35.611439+00:00,2026-07-06T09:02:35.611330,2,2,163.1,0.2,163.0,150,162.7,100,,,,,,,,,,,,,,,,,163.2,50,163.5,150,,,,,,,,,,,,,,,,
2026-07-06T09:02:35.616562+00:00,2026-07-06T09:02:35.616513,2,2,163.1,0.2,163.0,158,162.7,100,,,,,,,,,,,,,,,,,163.2,50,163.5,150,,,,,,,,,,,,,,,,
2026-07-06T09:02:35.621806+00:00,2026-07-06T09:02:35.621679,2,3,163.1,0.2,163.0,158,162.7,100,,,,,,,,,,,,,,,,,163.2,50,163.4,8,163.5,150,,,,,,,,,,,,,,
2026-07-06T09:02:36.896255+00:00,2026-07-06T09:02:36.896404,1,2,163.2,0.4,163.0,158,,,,,,,,,,,,,,,,,,,163.4,8,163.5,150,,,,,,,,,,,,,,,,
2026-07-06T09:02:36.946782+00:00,2026-07-06T09:02:36.946725,2,2,163.3,0.2,163.2,100,163.0,158,,,,,,,,,,,,,,,,,163.4,8,163.5,150,,,,,,,,,,,,,,,,
2026-07-06T09:02:37.002522+00:00,2026-07-06T09:02:37.002465,2,3,163.3,0.2,163.2,100,163.0,158,,,,,,,,,,,,,,,,,163.4,8,163.5,150,163.7,100,,,,,,,,,,,,,,
2026-07-06T09:02:37.129211+00:00,2026-07-06T09:02:37.129131,2,2,163.35,0.3,163.2,100,163.0,150,,,,,,,,,,,,,,,,,163.5,150,163.7,100,,,,,,,,,,,,,,,,
2026-07-06T09:02:37.134370+00:00,2026-07-06T09:02:37.134304,2,2,163.35,0.3,163.2,108,163.0,150,,,,,,,,,,,,,,,,,163.5,150,163.7,100,,,,,,,,,,,,,,,,
2026-07-06T09:02:37.139556+00:00,2026-07-06T09:02:37.139474,2,2,163.35,0.3,163.2,108,163.0,150,,,,,,,,,,,,,,,,,163.5,158,163.7,100,,,,,,,,,,,,,,,,
2026-07-06T09:02:38.200648+00:00,2026-07-06T09:02:38.200578,1,2,163.35,0.3,163.2,108,,,,,,,,,,,,,,,,,,,163.5,8,163.7,100,,,,,,,,,,,,,,,,
2026-07-06T09:02:38.253501+00:00,2026-07-06T09:02:38.253439,1,2,163.35,0.3,163.2,258,,,,,,,,,,,,,,,,,,,163.5,8,163.7,100,,,,,,,,,,,,,,,,
2026-07-06T09:02:38.309751+00:00,2026-07-06T09:02:38.309627,1,2,163.35,0.3,163.2,258,,,,,,,,,,,,,,,,,,,163.5,8,163.7,250,,,,,,,,,,,,,,,,
2026-07-06T09:02:38.745192+00:00,2026-07-06T09:02:38.745133,1,2,163.35,0.3,163.2,217,,,,,,,,,,,,,,,,,,,163.5,8,163.7,250,,,,,,,,,,,,,,,,
2026-07-06T09:02:39.302240+00:00,2026-07-06T09:02:39.302101,1,2,163.35,0.3,163.2,176,,,,,,,,,,,,,,,,,,,163.5,8,163.7,250,,,,,,,,,,,,,,,,
2026-07-06T09:02:39.381907+00:00,2026-07-06T09:02:39.381846,1,2,163.35,0.3,163.2,126,,,,,,,,,,,,,,,,,,,163.5,8,163.7,250,,,,,,,,,,,,,,,,
2026-07-06T09:02:40.058581+00:00,2026-07-06T09:02:40.052749,1,2,163.35,0.3,163.2,126,,,,,,,,,,,,,,,,,,,163.5,8,163.7,150,,,,,,,,,,,,,,,,
2026-07-06T09:02:40.111428+00:00,2026-07-06T09:02:40.111372,2,2,163.35,0.3,163.2,126,162.9,100,,,,,,,,,,,,,,,,,163.5,8,163.7,150,,,,,,,,,,,,,,,,
2026-07-06T09:02:40.166072+00:00,2026-07-06T09:02:40.165999,2,3,163.3,0.2,163.2,126,162.9,100,,,,,,,,,,,,,,,,,163.4,100,163.5,8,163.7,150,,,,,,,,,,,,,,
2026-07-06T09:02:40.330042+00:00,2026-07-06T09:02:40.329937,2,3,163.3,0.2,163.2,80,162.9,100,,,,,,,,,,,,,,,,,163.4,100,163.5,8,163.7,150,,,,,,,,,,,,,,
2026-07-06T09:02:40.658562+00:00,2026-07-06T09:02:40.656611,2,3,163.3,0.2,163.2,88,162.9,100,,,,,,,,,,,,,,,,,163.4,100,163.6,8,163.7,150,,,,,,,,,,,,,,
2026-07-06T09:02:41.364961+00:00,2026-07-06T09:02:41.364913,2,2,163.3,0.2,163.2,8,162.9,100,,,,,,,,,,,,,,,,,163.4,100,163.6,8,,,,,,,,,,,,,,,,
2026-07-06T09:02:41.419590+00:00,2026-07-06T09:02:41.419539,2,2,163.3,0.2,163.2,158,162.9,100,,,,,,,,,,,,,,,,,163.4,100,163.6,8,,,,,,,,,,,,,,,,
2026-07-06T09:02:41.472836+00:00,2026-07-06T09:02:41.472738,2,3,163.3,0.2,163.2,158,162.9,100,,,,,,,,,,,,,,,,,163.4,100,163.6,8,163.7,150,,,,,,,,,,,,,,
2026-07-06T09:02:41.488830+00:00,2026-07-06T09:02:41.489070,2,3,163.3,0.2,163.2,108,162.9,100,,,,,,,,,,,,,,,,,163.4,100,163.6,8,163.7,150,,,,,,,,,,,,,,
2026-07-06T09:02:42.432014+00:00,2026-07-06T09:02:42.431957,2,2,163.3,0.2,163.2,116,162.9,100,,,,,,,,,,,,,,,,,163.4,100,163.7,150,,,,,,,,,,,,,,,,
2026-07-06T09:02:42.437223+00:00,2026-07-06T09:02:42.437139,2,3,163.3,0.2,163.2,116,162.9,100,,,,,,,,,,,,,,,,,163.4,100,163.5,8,163.7,150,,,,,,,,,,,,,,
2026-07-06T09:02:42.872201+00:00,2026-07-06T09:02:42.872094,2,3,163.3,0.2,163.2,116,162.9,100,,,,,,,,,,,,,,,,,163.4,60,163.5,8,163.7,150,,,,,,,,,,,,,,
2026-07-06T09:02:43.217234+00:00,2026-07-06T09:02:43.217147,2,2,163.35,0.3,163.2,116,162.9,100,,,,,,,,,,,,,,,,,163.5,8,163.7,150,,,,,,,,,,,,,,,,
2026-07-06T09:02:43.222231+00:00,2026-07-06T09:02:43.222319,1,2,163.35,0.3,163.2,116,,,,,,,,,,,,,,,,,,,163.5,8,163.7,150,,,,,,,,,,,,,,,,
2026-07-06T09:02:43.271266+00:00,2026-07-06T09:02:43.271404,2,2,163.35,0.3,163.2,116,163.1,100,,,,,,,,,,,,,,,,,163.5,8,163.7,150,,,,,,,,,,,,,,,,
2026-07-06T09:02:43.329062+00:00,2026-07-06T09:02:43.328950,2,3,163.35,0.3,163.2,116,163.1,100,,,,,,,,,,,,,,,,,163.5,8,163.6,100,163.7,150,,,,,,,,,,,,,,
2026-07-06T09:02:43.599195+00:00,2026-07-06T09:02:43.599352,2,3,163.35,0.3,163.2,66,163.1,100,,,,,,,,,,,,,,,,,163.5,8,163.6,100,163.7,150,,,,,,,,,,,,,,
2026-07-06T09:02:43.943084+00:00,2026-07-06T09:02:43.943035,2,2,163.4,0.4,163.2,58,163.1,100,,,,,,,,,,,,,,,,,163.6,100,163.7,150,,,,,,,,,,,,,,,,
2026-07-06T09:02:43.969002+00:00,2026-07-06T09:02:43.968911,2,2,163.4,0.4,163.2,58,163.1,108,,,,,,,,,,,,,,,,,163.6,100,163.7,150,,,,,,,,,,,,,,,,
2026-07-06T09:02:43.980591+00:00,2026-07-06T09:02:43.980710,2,3,163.3,0.2,163.2,58,163.1,108,,,,,,,,,,,,,,,,,163.4,8,163.6,100,163.7,150,,,,,,,,,,,,,,
2026-07-06T09:02:44.023608+00:00,2026-07-06T09:02:44.023581,2,2,163.4,0.4,163.2,58,163.1,108,,,,,,,,,,,,,,,,,163.6,100,163.7,150,,,,,,,,,,,,,,,,
2026-07-06T09:02:44.496605+00:00,2026-07-06T09:02:44.496519,2,2,163.4,0.4,163.2,58,163.1,108,,,,,,,,,,,,,,,,,163.6,100,163.7,150,,,,,,,,,,,,,,,,
2026-07-06T09:02:44.501807+00:00,2026-07-06T09:02:44.501684,2,3,163.35,0.3,163.2,58,163.1,108,,,,,,,,,,,,,,,,,163.5,8,163.6,100,163.7,150,,,,,,,,,,,,,,
2026-07-06T09:02:44.527313+00:00,2026-07-06T09:02:44.527223,1,2,163.3,0.4,163.1,108,,,,,,,,,,,,,,,,,,,163.5,8,163.6,100,,,,,,,,,,,,,,,,
2026-07-06T09:02:44.583889+00:00,2026-07-06T09:02:44.583785,2,2,163.3,0.4,163.1,108,162.5,150,,,,,,,,,,,,,,,,,163.5,8,163.6,100,,,,,,,,,,,,,,,,
2026-07-06T09:02:44.655190+00:00,2026-07-06T09:02:44.648282,1,3,162.75,0.5,162.5,150,,,,,,,,,,,,,,,,,,,163.0,19,163.5,8,163.6,100,,,,,,,,,,,,,,
2026-07-06T09:02:44.758594+00:00,2026-07-06T09:02:44.756962,2,3,162.8,0.4,162.6,8,162.5,150,,,,,,,,,,,,,,,,,163.0,19,163.4,8,163.6,100,,,,,,,,,,,,,,
2026-07-06T09:02:45.024298+00:00,2026-07-06T09:02:45.024209,1,2,162.75,0.5,162.5,150,,,,,,,,,,,,,,,,,,,163.0,19,163.6,100,,,,,,,,,,,,,,,,
2026-07-06T09:02:45.029412+00:00,2026-07-06T09:02:45.029381,2,2,162.85,0.3,162.7,8,162.5,150,,,,,,,,,,,,,,,,,163.0,19,163.6,100,,,,,,,,,,,,,,,,
2026-07-06T09:02:45.034613+00:00,2026-07-06T09:02:45.034541,2,3,162.85,0.3,162.7,8,162.5,150,,,,,,,,,,,,,,,,,163.0,19,163.4,8,163.6,100,,,,,,,,,,,,,,
2026-07-06T09:02:45.707289+00:00,2026-07-06T09:02:45.707410,1,3,162.75,0.5,162.5,108,,,,,,,,,,,,,,,,,,,163.0,19,163.4,8,163.6,100,,,,,,,,,,,,,,
2026-07-06T09:02:45.785686+00:00,2026-07-06T09:02:45.785655,1,2,162.75,0.5,162.5,108,,,,,,,,,,,,,,,,,,,163.0,19,163.6,100,,,,,,,,,,,,,,,,
2026-07-06T09:02:45.790905+00:00,2026-07-06T09:02:45.790818,2,2,162.8,0.4,162.6,8,162.5,108,,,,,,,,,,,,,,,,,163.0,19,163.6,100,,,,,,,,,,,,,,,,
2026-07-06T09:02:45.796140+00:00,2026-07-06T09:02:45.796008,2,3,162.8,0.4,162.6,8,162.5,108,,,,,,,,,,,,,,,,,163.0,19,163.4,8,163.6,100,,,,,,,,,,,,,,
2026-07-06T09:02:46.058537+00:00,2026-07-06T09:02:46.057104,1,3,162.75,0.5,162.5,108,,,,,,,,,,,,,,,,,,,163.0,19,163.4,8,163.6,100,,,,,,,,,,,,,,
2026-07-06T09:02:46.069265+00:00,2026-07-06T09:02:46.069104,2,2,162.85,0.3,162.7,8,162.5,108,,,,,,,,,,,,,,,,,163.0,19,163.6,100,,,,,,,,,,,,,,,,
2026-07-06T09:02:46.074403+00:00,2026-07-06T09:02:46.074294,2,3,162.85,0.3,162.7,8,162.5,108,,,,,,,,,,,,,,,,,163.0,19,163.3,8,163.6,100,,,,,,,,,,,,,,
2026-07-06T09:02:46.382710+00:00,2026-07-06T09:02:46.382630,2,2,162.85,0.3,162.7,8,162.5,108,,,,,,,,,,,,,,,,,163.0,19,163.3,8,,,,,,,,,,,,,,,,
2026-07-06T09:02:46.435541+00:00,2026-07-06T09:02:46.435410,2,2,162.85,0.3,162.7,8,162.5,208,,,,,,,,,,,,,,,,,163.0,19,163.3,8,,,,,,,,,,,,,,,,
2026-07-06T09:02:46.491234+00:00,2026-07-06T09:02:46.491141,2,2,162.85,0.3,162.7,8,162.5,208,,,,,,,,,,,,,,,,,163.0,119,163.3,8,,,,,,,,,,,,,,,,
2026-07-06T09:02:47.695955+00:00,2026-07-06T09:02:47.695858,2,2,162.85,0.3,162.7,8,162.5,100,,,,,,,,,,,,,,,,,163.0,100,163.3,8,,,,,,,,,,,,,,,,
2026-07-06T09:02:47.748036+00:00,2026-07-06T09:02:47.747968,3,2,162.9,0.2,162.8,150,162.7,8,162.5,100,,,,,,,,,,,,,,,163.0,100,163.3,8,,,,,,,,,,,,,,,,
2026-07-06T09:02:47.812038+00:00,2026-07-06T09:02:47.812168,3,2,162.9,0.2,162.8,150,162.7,8,162.5,100,,,,,,,,,,,,,,,163.0,100,163.3,158,,,,,,,,,,,,,,,,
2026-07-06T09:02:47.817586+00:00,2026-07-06T09:02:47.817451,3,2,162.9,0.2,162.8,100,162.7,8,162.5,100,,,,,,,,,,,,,,,163.0,100,163.3,158,,,,,,,,,,,,,,,,
2026-07-06T09:02:47.828497+00:00,2026-07-06T09:02:47.828445,2,2,162.9,0.2,162.8,100,162.5,100,,,,,,,,,,,,,,,,,163.0,100,163.3,150,,,,,,,,,,,,,,,,
2026-07-06T09:02:47.833533+00:00,2026-07-06T09:02:47.833659,3,3,162.95,0.1,162.9,8,162.8,100,162.5,100,,,,,,,,,,,,,,,163.0,100,163.2,8,163.3,150,,,,,,,,,,,,,,
2026-07-06T09:02:49.423158+00:00,2026-07-06T09:02:49.423330,2,3,162.9,0.2,162.8,67,162.5,100,,,,,,,,,,,,,,,,,163.0,100,163.2,8,163.3,150,,,,,,,,,,,,,,
2026-07-06T09:02:49.545646+00:00,2026-07-06T09:02:49.545583,1,2,163.0,0.4,162.8,67,,,,,,,,,,,,,,,,,,,163.2,8,163.3,150,,,,,,,,,,,,,,,,
2026-07-06T09:02:49.603416+00:00,2026-07-06T09:02:49.603236,2,2,163.0,0.4,162.8,67,162.5,100,,,,,,,,,,,,,,,,,163.2,8,163.3,150,,,,,,,,,,,,,,,,
2026-07-06T09:02:49.658595+00:00,2026-07-06T09:02:49.656604,2,3,162.9,0.2,162.8,67,162.5,100,,,,,,,,,,,,,,,,,163.0,100,163.2,8,163.3,150,,,,,,,,,,,,,,
2026-07-06T09:02:49.963960+00:00,2026-07-06T09:02:49.963885,2,3,162.9,0.2,162.8,17,162.5,100,,,,,,,,,,,,,,,,,163.0,100,163.2,8,163.3,150,,,,,,,,,,,,,,
2026-07-06T09:02:50.858591+00:00,2026-07-06T09:02:50.856338,1,2,162.75,0.5,162.5,100,,,,,,,,,,,,,,,,,,,163.0,100,163.2,8,,,,,,,,,,,,,,,,
2026-07-06T09:02:50.918599+00:00,2026-07-06T09:02:50.918478,2,2,162.75,0.5,162.5,100,162.3,150,,,,,,,,,,,,,,,,,163.0,100,163.2,8,,,,,,,,,,,,,,,,
2026-07-06T09:02:50.980215+00:00,2026-07-06T09:02:50.974880,2,3,162.65,0.3,162.5,100,162.3,150,,,,,,,,,,,,,,,,,162.8,139,163.0,100,163.2,8,,,,,,,,,,,,,,
2026-07-06T09:02:51.108693+00:00,2026-07-06T09:02:51.108568,3,2,162.7,0.2,162.6,8,162.5,100,162.3,150,,,,,,,,,,,,,,,162.8,139,163.0,100,,,,,,,,,,,,,,,,
2026-07-06T09:02:51.113820+00:00,2026-07-06T09:02:51.113762,3,3,162.7,0.2,162.6,8,162.5,100,162.3,150,,,,,,,,,,,,,,,162.8,139,163.0,100,163.3,8,,,,,,,,,,,,,,
2026-07-06T09:02:51.369641+00:00,2026-07-06T09:02:51.369546,2,2,162.65,0.3,162.5,100,162.3,150,,,,,,,,,,,,,,,,,162.8,139,163.0,100,,,,,,,,,,,,,,,,
2026-07-06T09:02:51.379989+00:00,2026-07-06T09:02:51.379907,3,2,162.75,0.1,162.7,8,162.5,100,162.3,150,,,,,,,,,,,,,,,162.8,139,163.0,100,,,,,,,,,,,,,,,,
