recv_time,book_timestamp,n_bids,n_asks,mid,spread,bid_px_0,bid_vol_0,bid_px_1,bid_vol_1,bid_px_2,bid_vol_2,bid_px_3,bid_vol_3,bid_px_4,bid_vol_4,bid_px_5,bid_vol_5,bid_px_6,bid_vol_6,bid_px_7,bid_vol_7,bid_px_8,bid_vol_8,bid_px_9,bid_vol_9,ask_px_0,ask_vol_0,ask_px_1,ask_vol_1,ask_px_2,ask_vol_2,ask_px_3,ask_vol_3,ask_px_4,ask_vol_4,ask_px_5,ask_vol_5,ask_px_6,ask_vol_6,ask_px_7,ask_vol_7,ask_px_8,ask_vol_8,ask_px_9,ask_vol_9
2026-07-05T23:00:00.525278+00:00,2026-07-05T23:00:00.530361,1,2,166.25,0.5,166.0,150,,,,,,,,,,,,,,,,,,,166.5,150,166.7,10,,,,,,,,,,,,,,,,
2026-07-05T23:00:00.587946+00:00,2026-07-05T23:00:00.583483,2,2,166.25,0.5,166.0,150,165.7,100,,,,,,,,,,,,,,,,,166.5,150,166.7,10,,,,,,,,,,,,,,,,
2026-07-05T23:00:00.646523+00:00,2026-07-05T23:00:00.646401,2,3,166.1,0.2,166.0,150,165.7,100,,,,,,,,,,,,,,,,,166.2,100,166.5,150,166.7,10,,,,,,,,,,,,,,
2026-07-05T23:00:00.961742+00:00,2026-07-05T23:00:00.947174,2,3,166.1,0.2,166.0,150,165.7,100,,,,,,,,,,,,,,,,,166.2,50,166.5,150,166.7,10,,,,,,,,,,,,,,
2026-07-05T23:00:02.142125+00:00,2026-07-05T23:00:02.141987,2,3,166.1,0.2,166.0,108,165.7,100,,,,,,,,,,,,,,,,,166.2,50,166.5,150,166.7,10,,,,,,,,,,,,,,
2026-07-05T23:00:02.867979+00:00,2026-07-05T23:00:02.867861,1,2,165.95,0.5,165.7,100,,,,,,,,,,,,,,,,,,,166.2,50,166.7,10,,,,,,,,,,,,,,,,
2026-07-05T23:00:02.922516+00:00,2026-07-05T23:00:02.922452,2,2,166.05,0.3,165.9,150,165.7,100,,,,,,,,,,,,,,,,,166.2,50,166.7,10,,,,,,,,,,,,,,,,
2026-07-05T23:00:02.975603+00:00,2026-07-05T23:00:02.975572,2,3,166.05,0.3,165.9,150,165.7,100,,,,,,,,,,,,,,,,,166.2,50,166.4,150,166.7,10,,,,,,,,,,,,,,
2026-07-05T23:00:03.058654+00:00,2026-07-05T23:00:03.054308,2,2,166.15,0.5,165.9,150,165.7,100,,,,,,,,,,,,,,,,,166.4,150,166.7,10,,,,,,,,,,,,,,,,
2026-07-05T23:00:03.697883+00:00,2026-07-05T23:00:03.697754,1,2,166.15,0.5,165.9,150,,,,,,,,,,,,,,,,,,,166.4,150,166.7,10,,,,,,,,,,,,,,,,
2026-07-05T23:00:03.758647+00:00,2026-07-05T23:00:03.752631,2,2,166.25,0.3,166.1,100,165.9,150,,,,,,,,,,,,,,,,,166.4,150,166.7,10,,,,,,,,,,,,,,,,
2026-07-05T23:00:03.805266+00:00,2026-07-05T23:00:03.805097,2,3,166.25,0.3,166.1,100,165.9,150,,,,,,,,,,,,,,,,,166.4,150,166.6,100,166.7,10,,,,,,,,,,,,,,
2026-07-05T23:00:06.026149+00:00,2026-07-05T23:00:06.026098,2,2,166.35,0.5,166.1,100,165.9,150,,,,,,,,,,,,,,,,,166.6,100,166.7,10,,,,,,,,,,,,,,,,
2026-07-05T23:00:06.031369+00:00,2026-07-05T23:00:06.031277,1,2,166.35,0.5,166.1,100,,,,,,,,,,,,,,,,,,,166.6,100,166.7,10,,,,,,,,,,,,,,,,
2026-07-05T23:00:06.081062+00:00,2026-07-05T23:00:06.081031,2,2,166.35,0.5,166.1,100,166.0,150,,,,,,,,,,,,,,,,,166.6,100,166.7,10,,,,,,,,,,,,,,,,
2026-07-05T23:00:06.134454+00:00,2026-07-05T23:00:06.134339,2,3,166.3,0.4,166.1,100,166.0,150,,,,,,,,,,,,,,,,,166.5,150,166.6,100,166.7,10,,,,,,,,,,,,,,
2026-07-05T23:00:06.858644+00:00,2026-07-05T23:00:06.855421,1,2,166.25,0.5,166.0,150,,,,,,,,,,,,,,,,,,,166.5,150,166.7,10,,,,,,,,,,,,,,,,
2026-07-05T23:00:06.914633+00:00,2026-07-05T23:00:06.914547,2,2,166.3,0.4,166.1,100,166.0,150,,,,,,,,,,,,,,,,,166.5,150,166.7,10,,,,,,,,,,,,,,,,
2026-07-05T23:00:06.963605+00:00,2026-07-05T23:00:06.959219,2,3,166.3,0.4,166.1,88,166.0,150,,,,,,,,,,,,,,,,,166.5,150,166.6,100,166.7,10,,,,,,,,,,,,,,
2026-07-05T23:00:09.018245+00:00,2026-07-05T23:00:09.018455,2,3,166.3,0.4,166.1,88,166.0,150,,,,,,,,,,,,,,,,,166.5,107,166.6,100,166.7,10,,,,,,,,,,,,,,
2026-07-05T23:00:09.187449+00:00,2026-07-05T23:00:09.187638,1,2,166.35,0.5,166.1,88,,,,,,,,,,,,,,,,,,,166.6,100,166.7,10,,,,,,,,,,,,,,,,
2026-07-05T23:00:09.240959+00:00,2026-07-05T23:00:09.240905,2,2,166.35,0.5,166.1,88,165.9,150,,,,,,,,,,,,,,,,,166.6,100,166.7,10,,,,,,,,,,,,,,,,
2026-07-05T23:00:09.318291+00:00,2026-07-05T23:00:09.318174,2,3,166.25,0.3,166.1,88,165.9,150,,,,,,,,,,,,,,,,,166.4,150,166.6,100,166.7,10,,,,,,,,,,,,,,
2026-07-05T23:00:09.379552+00:00,2026-07-05T23:00:09.379502,2,3,166.25,0.3,166.1,88,165.9,150,,,,,,,,,,,,,,,,,166.4,100,166.6,100,166.7,10,,,,,,,,,,,,,,
2026-07-05T23:00:10.023223+00:00,2026-07-05T23:00:10.023151,1,2,166.15,0.5,165.9,150,,,,,,,,,,,,,,,,,,,166.4,100,166.7,10,,,,,,,,,,,,,,,,
2026-07-05T23:00:10.078163+00:00,2026-07-05T23:00:10.078046,1,2,166.15,0.5,165.9,250,,,,,,,,,,,,,,,,,,,166.4,100,166.7,10,,,,,,,,,,,,,,,,
2026-07-05T23:00:10.131088+00:00,2026-07-05T23:00:10.130977,1,2,166.15,0.5,165.9,250,,,,,,,,,,,,,,,,,,,166.4,200,166.7,10,,,,,,,,,,,,,,,,
2026-07-05T23:00:12.169378+00:00,2026-07-05T23:00:12.169250,1,2,166.15,0.5,165.9,210,,,,,,,,,,,,,,,,,,,166.4,200,166.7,10,,,,,,,,,,,,,,,,
2026-07-05T23:00:12.372263+00:00,2026-07-05T23:00:12.372228,1,2,166.15,0.5,165.9,100,,,,,,,,,,,,,,,,,,,166.4,100,166.7,10,,,,,,,,,,,,,,,,
2026-07-05T23:00:12.427414+00:00,2026-07-05T23:00:12.427320,2,2,166.2,0.4,166.0,150,165.9,100,,,,,,,,,,,,,,,,,166.4,100,166.7,10,,,,,,,,,,,,,,,,
2026-07-05T23:00:12.474946+00:00,2026-07-05T23:00:12.475073,2,3,166.2,0.4,166.0,150,165.9,100,,,,,,,,,,,,,,,,,166.4,100,166.5,150,166.7,10,,,,,,,,,,,,,,
2026-07-05T23:00:12.825378+00:00,2026-07-05T23:00:12.825511,2,3,166.2,0.4,166.0,109,165.9,100,,,,,,,,,,,,,,,,,166.4,100,166.5,150,166.7,10,,,,,,,,,,,,,,
2026-07-05T23:00:13.181488+00:00,2026-07-05T23:00:13.181382,1,2,166.25,0.5,166.0,109,,,,,,,,,,,,,,,,,,,166.5,150,166.7,10,,,,,,,,,,,,,,,,
2026-07-05T23:00:13.238408+00:00,2026-07-05T23:00:13.238349,2,2,166.25,0.5,166.0,109,165.9,100,,,,,,,,,,,,,,,,,166.5,150,166.7,10,,,,,,,,,,,,,,,,
2026-07-05T23:00:13.291219+00:00,2026-07-05T23:00:13.291081,2,3,166.2,0.4,166.0,109,165.9,100,,,,,,,,,,,,,,,,,166.4,100,166.5,150,166.7,10,,,,,,,,,,,,,,
2026-07-05T23:00:13.592625+00:00,2026-07-05T23:00:13.592558,2,3,166.2,0.4,166.0,109,165.9,100,,,,,,,,,,,,,,,,,166.4,50,166.5,150,166.7,10,,,,,,,,,,,,,,
2026-07-05T23:00:15.002590+00:00,2026-07-05T23:00:15.002803,2,3,166.2,0.4,166.0,109,165.9,100,,,,,,,,,,,,,,,,,166.4,8,166.5,150,166.7,10,,,,,,,,,,,,,,
2026-07-05T23:00:15.470801+00:00,2026-07-05T23:00:15.463353,2,3,166.2,0.4,166.0,98,165.9,100,,,,,,,,,,,,,,,,,166.4,8,166.5,150,166.7,10,,,,,,,,,,,,,,
2026-07-05T23:00:15.519754+00:00,2026-07-05T23:00:15.519960,2,3,166.2,0.4,166.0,55,165.9,100,,,,,,,,,,,,,,,,,166.4,8,166.5,150,166.7,10,,,,,,,,,,,,,,
2026-07-05T23:00:15.533348+00:00,2026-07-05T23:00:15.533303,1,2,166.15,0.5,165.9,100,,,,,,,,,,,,,,,,,,,166.4,8,166.7,10,,,,,,,,,,,,,,,,
2026-07-05T23:00:15.588141+00:00,2026-07-05T23:00:15.588001,2,2,166.15,0.5,165.9,100,165.4,150,,,,,,,,,,,,,,,,,166.4,8,166.7,10,,,,,,,,,,,,,,,,
2026-07-05T23:00:15.644333+00:00,2026-07-05T23:00:15.644198,1,3,165.65,0.5,165.4,150,,,,,,,,,,,,,,,,,,,165.9,50,166.4,8,166.7,10,,,,,,,,,,,,,,
2026-07-05T23:00:15.702997+00:00,2026-07-05T23:00:15.702853,1,2,165.9,1.0,165.4,150,,,,,,,,,,,,,,,,,,,166.4,8,166.7,10,,,,,,,,,,,,,,,,
2026-07-05T23:00:16.343085+00:00,2026-07-05T23:00:16.343170,1,1,166.05,1.3,165.4,150,,,,,,,,,,,,,,,,,,,166.7,10,,,,,,,,,,,,,,,,,,
2026-07-05T23:00:16.392921+00:00,2026-07-05T23:00:16.392820,2,1,166.2,1.0,165.7,100,165.4,150,,,,,,,,,,,,,,,,,166.7,10,,,,,,,,,,,,,,,,,,
2026-07-05T23:00:16.449087+00:00,2026-07-05T23:00:16.449035,2,2,165.95,0.5,165.7,100,165.4,150,,,,,,,,,,,,,,,,,166.2,100,166.7,10,,,,,,,,,,,,,,,,
2026-07-05T23:00:16.614143+00:00,2026-07-05T23:00:16.614021,2,2,165.95,0.5,165.7,100,165.4,150,,,,,,,,,,,,,,,,,166.2,53,166.7,10,,,,,,,,,,,,,,,,
2026-07-05T23:00:17.158652+00:00,2026-07-05T23:00:17.154708,2,2,165.95,0.5,165.7,100,165.4,150,,,,,,,,,,,,,,,,,166.2,8,166.7,10,,,,,,,,,,,,,,,,
2026-07-05T23:00:17.815810+00:00,2026-07-05T23:00:17.815711,2,0,,,165.7,100,165.4,150,,,,,,,,,,,,,,,,,,,,,,,,,,,,,,,,,,,,
2026-07-05T23:00:18.700028+00:00,2026-07-05T23:00:18.699930,1,0,,,165.7,100,,,,,,,,,,,,,,,,,,,,,,,,,,,,,,,,,,,,,,
2026-07-05T23:00:18.758622+00:00,2026-07-05T23:00:18.753493,2,0,,,166.1,150,165.7,100,,,,,,,,,,,,,,,,,,,,,,,,,,,,,,,,,,,,
2026-07-05T23:00:18.806130+00:00,2026-07-05T23:00:18.806074,2,1,166.35,0.5,166.1,150,165.7,100,,,,,,,,,,,,,,,,,166.6,150,,,,,,,,,,,,,,,,,,
2026-07-05T23:00:19.503062+00:00,2026-07-05T23:00:19.502956,1,1,166.35,0.5,166.1,150,,,,,,,,,,,,,,,,,,,166.6,150,,,,,,,,,,,,,,,,,,
2026-07-05T23:00:19.556812+00:00,2026-07-05T23:00:19.556729,1,1,166.35,0.5,166.1,250,,,,,,,,,,,,,,,,,,,166.6,150,,,,,,,,,,,,,,,,,,
2026-07-05T23:00:19.608722+00:00,2026-07-05T23:00:19.608656,1,1,166.35,0.5,166.1,250,,,,,,,,,,,,,,,,,,,166.6,250,,,,,,,,,,,,,,,,,,
2026-07-05T23:00:19.923270+00:00,2026-07-05T23:00:19.923227,1,1,166.35,0.5,166.1,250,,,,,,,,,,,,,,,,,,,166.6,200,,,,,,,,,,,,,,,,,,
2026-07-05T23:00:20.185457+00:00,2026-07-05T23:00:20.185370,1,1,166.35,0.5,166.1,208,,,,,,,,,,,,,,,,,,,166.6,200,,,,,,,,,,,,,,,,,,
2026-07-05T23:00:21.860610+00:00,2026-07-05T23:00:21.860519,1,1,166.35,0.5,166.1,100,,,,,,,,,,,,,,,,,,,166.6,100,,,,,,,,,,,,,,,,,,
2026-07-05T23:00:21.915901+00:00,2026-07-05T23:00:21.915764,1,1,166.35,0.5,166.1,250,,,,,,,,,,,,,,,,,,,166.6,100,,,,,,,,,,,,,,,,,,
2026-07-05T23:00:21.967744+00:00,2026-07-05T23:00:21.967911,1,1,166.35,0.5,166.1,250,,,,,,,,,,,,,,,,,,,166.6,250,,,,,,,,,,,,,,,,,,
2026-07-05T23:00:22.658591+00:00,2026-07-05T23:00:22.658537,1,1,166.35,0.5,166.1,150,,,,,,,,,,,,,,,,,,,166.6,150,,,,,,,,,,,,,,,,,,
2026-07-05T23:00:22.722621+00:00,2026-07-05T23:00:22.722563,1,1,166.35,0.5,166.1,250,,,,,,,,,,,,,,,,,,,166.6,150,,,,,,,,,,,,,,,,,,
2026-07-05T23:00:22.778245+00:00,2026-07-05T23:00:22.778117,1,1,166.35,0.5,166.1,250,,,,,,,,,,,,,,,,,,,166.6,250,,,,,,,,,,,,,,,,,,
2026-07-05T23:00:24.158688+00:00,2026-07-05T23:00:24.153606,1,1,166.35,0.5,166.1,250,,,,,,,,,,,,,,,,,,,166.6,200,,,,,,,,,,,,,,,,,,
2026-07-05T23:00:25.022366+00:00,2026-07-05T23:00:25.022269,1,1,166.35,0.5,166.1,100,,,,,,,,,,,,,,,,,,,166.6,100,,,,,,,,,,,,,,,,,,
2026-07-05T23:00:25.085213+00:00,2026-07-05T23:00:25.078239,2,1,166.45,0.3,166.3,127,166.1,100,,,,,,,,,,,,,,,,,166.6,100,,,,,,,,,,,,,,,,,,
2026-07-05T23:00:25.127875+00:00,2026-07-05T23:00:25.128058,2,2,166.45,0.3,166.3,127,166.1,100,,,,,,,,,,,,,,,,,166.6,100,166.8,150,,,,,,,,,,,,,,,,
2026-07-05T23:00:25.179941+00:00,2026-07-05T23:00:25.179788,2,2,166.45,0.3,166.3,127,166.1,100,,,,,,,,,,,,,,,,,166.6,51,166.8,150,,,,,,,,,,,,,,,,
2026-07-05T23:00:25.234406+00:00,2026-07-05T23:00:25.234213,2,2,166.45,0.3,166.3,85,166.1,100,,,,,,,,,,,,,,,,,166.6,51,166.8,150,,,,,,,,,,,,,,,,
2026-07-05T23:00:25.832762+00:00,2026-07-05T23:00:25.832668,1,1,166.55,0.5,166.3,85,,,,,,,,,,,,,,,,,,,166.8,150,,,,,,,,,,,,,,,,,,
2026-07-05T23:00:25.886157+00:00,2026-07-05T23:00:25.886060,1,1,166.55,0.5,166.3,185,,,,,,,,,,,,,,,,,,,166.8,150,,,,,,,,,,,,,,,,,,
2026-07-05T23:00:25.941493+00:00,2026-07-05T23:00:25.941275,1,1,166.55,0.5,166.3,185,,,,,,,,,,,,,,,,,,,166.8,250,,,,,,,,,,,,,,,,,,
2026-07-05T23:00:26.271135+00:00,2026-07-05T23:00:26.270971,1,1,166.55,0.5,166.3,185,,,,,,,,,,,,,,,,,,,166.8,200,,,,,,,,,,,,,,,,,,
2026-07-05T23:00:27.053361+00:00,2026-07-05T23:00:27.053270,1,1,166.55,0.5,166.3,145,,,,,,,,,,,,,,,,,,,166.8,200,,,,,,,,,,,,,,,,,,
2026-07-05T23:00:27.603652+00:00,2026-07-05T23:00:27.603625,1,1,166.55,0.5,166.3,145,,,,,,,,,,,,,,,,,,,166.8,156,,,,,,,,,,,,,,,,,,
2026-07-05T23:00:28.188068+00:00,2026-07-05T23:00:28.188040,1,1,166.55,0.5,166.3,100,,,,,,,,,,,,,,,,,,,166.8,100,,,,,,,,,,,,,,,,,,
2026-07-05T23:00:28.239013+00:00,2026-07-05T23:00:28.238957,1,1,166.55,0.5,166.3,250,,,,,,,,,,,,,,,,,,,166.8,100,,,,,,,,,,,,,,,,,,
2026-07-05T23:00:28.292085+00:00,2026-07-05T23:00:28.292001,1,1,166.55,0.5,166.3,250,,,,,,,,,,,,,,,,,,,166.8,250,,,,,,,,,,,,,,,,,,
2026-07-05T23:00:28.997446+00:00,2026-07-05T23:00:28.997360,1,1,166.55,0.5,166.3,150,,,,,,,,,,,,,,,,,,,166.8,150,,,,,,,,,,,,,,,,,,
2026-07-05T23:00:29.052230+00:00,2026-07-05T23:00:29.052385,1,1,166.55,0.5,166.3,250,,,,,,,,,,,,,,,,,,,166.8,150,,,,,,,,,,,,,,,,,,
2026-07-05T23:00:29.104577+00:00,2026-07-05T23:00:29.104737,1,1,166.55,0.5,166.3,250,,,,,,,,,,,,,,,,,,,166.8,250,,,,,,,,,,,,,,,,,,
2026-07-05T23:00:29.121062+00:00,2026-07-05T23:00:29.120986,1,1,166.55,0.5,166.3,204,,,,,,,,,,,,,,,,,,,166.8,250,,,,,,,,,,,,,,,,,,
2026-07-05T23:00:30.487484+00:00,2026-07-05T23:00:30.487362,1,1,166.55,0.5,166.3,204,,,,,,,,,,,,,,,,,,,166.8,200,,,,,,,,,,,,,,,,,,
2026-07-05T23:00:31.345365+00:00,2026-07-05T23:00:31.345307,1,1,166.55,0.5,166.3,204,,,,,,,,,,,,,,,,,,,166.8,100,,,,,,,,,,,,,,,,,,
2026-07-05T23:00:31.350588+00:00,2026-07-05T23:00:31.350510,1,1,166.55,0.5,166.3,100,,,,,,,,,,,,,,,,,,,166.8,100,,,,,,,,,,,,,,,,,,
2026-07-05T23:00:31.404446+00:00,2026-07-05T23:00:31.404374,2,1,166.6,0.4,166.4,150,166.3,100,,,,,,,,,,,,,,,,,166.8,100,,,,,,,,,,,,,,,,,,
2026-07-05T23:00:31.463982+00:00,2026-07-05T23:00:31.463878,2,2,166.6,0.4,166.4,150,166.3,100,,,,,,,,,,,,,,,,,166.8,100,166.9,150,,,,,,,,,,,,,,,,
2026-07-05T23:00:31.551199+00:00,2026-07-05T23:00:31.551049,2,2,166.6,0.4,166.4,106,166.3,100,,,,,,,,,,,,,,,,,166.8,100,166.9,150,,,,,,,,,,,,,,,,
2026-07-05T23:00:32.155100+00:00,2026-07-05T23:00:32.154984,2,1,166.65,0.5,166.4,106,166.3,100,,,,,,,,,,,,,,,,,166.9,150,,,,,,,,,,,,,,,,,,
2026-07-05T23:00:32.160270+00:00,2026-07-05T23:00:32.160177,1,1,166.65,0.5,166.4,106,,,,,,,,,,,,,,,,,,,166.9,150,,,,,,,,,,,,,,,,,,
2026-07-05T23:00:32.208118+00:00,2026-07-05T23:00:32.208072,1,1,166.65,0.5,166.4,206,,,,,,,,,,,,,,,,,,,166.9,150,,,,,,,,,,,,,,,,,,
2026-07-05T23:00:32.266070+00:00,2026-07-05T23:00:32.265956,1,1,166.65,0.5,166.4,206,,,,,,,,,,,,,,,,,,,166.9,250,,,,,,,,,,,,,,,,,,
2026-07-05T23:00:34.511333+00:00,2026-07-05T23:00:34.511244,1,1,166.65,0.5,166.4,100,,,,,,,,,,,,,,,,,,,166.9,100,,,,,,,,,,,,,,,,,,
2026-07-05T23:00:34.567195+00:00,2026-07-05T23:00:34.567096,2,1,166.8,0.2,166.7,150,166.4,100,,,,,,,,,,,,,,,,,166.9,100,,,,,,,,,,,,,,,,,,
2026-07-05T23:00:34.619903+00:00,2026-07-05T23:00:34.620030,2,2,166.8,0.2,166.7,150,166.4,100,,,,,,,,,,,,,,,,,166.9,100,167.2,150,,,,,,,,,,,,,,,,
2026-07-05T23:00:34.769051+00:00,2026-07-05T23:00:34.768951,2,2,166.8,0.2,166.7,100,166.4,100,,,,,,,,,,,,,,,,,166.9,100,167.2,150,,,,,,,,,,,,,,,,
2026-07-05T23:00:35.317830+00:00,2026-07-05T23:00:35.317787,2,1,166.95,0.5,166.7,100,166.4,100,,,,,,,,,,,,,,,,,167.2,150,,,,,,,,,,,,,,,,,,
2026-07-05T23:00:35.323033+00:00,2026-07-05T23:00:35.322992,1,1,166.95,0.5,166.7,100,,,,,,,,,,,,,,,,,,,167.2,150,,,,,,,,,,,,,,,,,,
2026-07-05T23:00:35.382273+00:00,2026-07-05T23:00:35.374773,2,1,167.05,0.3,166.9,100,166.7,100,,,,,,,,,,,,,,,,,167.2,150,,,,,,,,,,,,,,,,,,
2026-07-05T23:00:35.437573+00:00,2026-07-05T23:00:35.437472,2,2,167.05,0.3,166.9,100,166.7,100,,,,,,,,,,,,,,,,,167.2,150,167.4,100,,,,,,,,,,,,,,,,
2026-07-05T23:00:36.879898+00:00,2026-07-05T23:00:36.879796,2,2,167.05,0.3,166.9,50,166.7,100,,,,,,,,,,,,,,,,,167.2,150,167.4,100,,,,,,,,,,,,,,,,
2026-07-05T23:00:37.670343+00:00,2026-07-05T23:00:37.670250,1,1,167.15,0.5,166.9,50,,,,,,,,,,,,,,,,,,,167.4,100,,,,,,,,,,,,,,,,,,
2026-07-05T23:00:37.724845+00:00,2026-07-05T23:00:37.724670,2,1,167.15,0.5,166.9,50,166.5,150,,,,,,,,,,,,,,,,,167.4,100,,,,,,,,,,,,,,,,,,
2026-07-05T23:00:37.786402+00:00,2026-07-05T23:00:37.786154,2,2,166.95,0.1,166.9,50,166.5,150,,,,,,,,,,,,,,,,,167.0,150,167.4,100,,,,,,,,,,,,,,,,
2026-07-05T23:00:38.491604+00:00,2026-07-05T23:00:38.491553,1,1,166.75,0.5,166.5,150,,,,,,,,,,,,,,,,,,,167.0,150,,,,,,,,,,,,,,,,,,
2026-07-05T23:00:38.546611+00:00,2026-07-05T23:00:38.546572,1,1,166.75,0.5,166.5,150,,,,,,,,,,,,,,,,,,,167.0,50,,,,,,,,,,,,,,,,,,
2026-07-05T23:00:38.600777+00:00,2026-07-05T23:00:38.600931,1,2,166.75,0.5,166.5,150,,,,,,,,,,,,,,,,,,,167.0,50,167.5,100,,,,,,,,,,,,,,,,
2026-07-05T23:00:38.991632+00:00,2026-07-05T23:00:38.991447,1,2,166.75,0.5,166.5,100,,,,,,,,,,,,,,,,,,,167.0,50,167.5,100,,,,,,,,,,,,,,,,
2026-07-05T23:00:39.312836+00:00,2026-07-05T23:00:39.312725,1,2,166.75,0.5,166.5,100,,,,,,,,,,,,,,,,,,,167.0,1,167.5,100,,,,,,,,,,,,,,,,
2026-07-05T23:00:40.840668+00:00,2026-07-05T23:00:40.840615,0,1,,,,,,,,,,,,,,,,,,,,,,,167.5,100,,,,,,,,,,,,,,,,,,
2026-07-05T23:00:40.906656+00:00,2026-07-05T23:00:40.900598,1,1,167.3,0.4,167.1,139,,,,,,,,,,,,,,,,,,,167.5,100,,,,,,,,,,,,,,,,,,
2026-07-05T23:00:40.949024+00:00,2026-07-05T23:00:40.948973,1,2,167.3,0.4,167.1,139,,,,,,,,,,,,,,,,,,,167.5,100,167.6,150,,,,,,,,,,,,,,,,
2026-07-05T23:00:40.990178+00:00,2026-07-05T23:00:40.990301,1,2,167.3,0.4,167.1,90,,,,,,,,,,,,,,,,,,,167.5,100,167.6,150,,,,,,,,,,,,,,,,
2026-07-05T23:00:41.102506+00:00,2026-07-05T23:00:41.102452,1,2,167.3,0.4,167.1,40,,,,,,,,,,,,,,,,,,,167.5,100,167.6,150,,,,,,,,,,,,,,,,
2026-07-05T23:00:41.499962+00:00,2026-07-05T23:00:41.500169,1,2,167.3,0.4,167.1,40,,,,,,,,,,,,,,,,,,,167.5,54,167.6,150,,,,,,,,,,,,,,,,
2026-07-05T23:00:41.658599+00:00,2026-07-05T23:00:41.655129,1,1,167.35,0.5,167.1,40,,,,,,,,,,,,,,,,,,,167.6,150,,,,,,,,,,,,,,,,,,
2026-07-05T23:00:41.708292+00:00,2026-07-05T23:00:41.708223,2,1,167.35,0.5,167.1,40,166.6,100,,,,,,,,,,,,,,,,,167.6,150,,,,,,,,,,,,,,,,,,
2026-07-05T23:00:41.758611+00:00,2026-07-05T23:00:41.756019,1,2,166.85,0.5,166.6,100,,,,,,,,,,,,,,,,,,,167.1,60,167.6,150,,,,,,,,,,,,,,,,
2026-07-05T23:00:43.078249+00:00,2026-07-05T23:00:43.078173,1,2,166.85,0.5,166.6,100,,,,,,,,,,,,,,,,,,,167.1,11,167.6,150,,,,,,,,,,,,,,,,
2026-07-05T23:00:43.239443+00:00,2026-07-05T23:00:43.239329,1,2,166.85,0.5,166.6,50,,,,,,,,,,,,,,,,,,,167.1,11,167.6,150,,,,,,,,,,,,,,,,
2026-07-05T23:00:43.998248+00:00,2026-07-05T23:00:43.998163,1,1,166.85,0.5,166.6,50,,,,,,,,,,,,,,,,,,,167.1,11,,,,,,,,,,,,,,,,,,
2026-07-05T23:00:44.051643+00:00,2026-07-05T23:00:44.051864,2,1,166.85,0.5,166.6,50,166.4,150,,,,,,,,,,,,,,,,,167.1,11,,,,,,,,,,,,,,,,,,
2026-07-05T23:00:44.107124+00:00,2026-07-05T23:00:44.107068,2,2,166.75,0.3,166.6,50,166.4,150,,,,,,,,,,,,,,,,,166.9,150,167.1,11,,,,,,,,,,,,,,,,
2026-07-05T23:00:44.813097+00:00,2026-07-05T23:00:44.813056,2,1,166.75,0.3,166.6,50,166.4,150,,,,,,,,,,,,,,,,,166.9,150,,,,,,,,,,,,,,,,,,
2026-07-05T23:00:44.818381+00:00,2026-07-05T23:00:44.818269,1,1,166.65,0.5,166.4,150,,,,,,,,,,,,,,,,,,,166.9,150,,,,,,,,,,,,,,,,,,
2026-07-05T23:00:44.869936+00:00,2026-07-05T23:00:44.869845,2,1,166.8,0.2,166.7,100,166.4,150,,,,,,,,,,,,,,,,,166.9,150,,,,,,,,,,,,,,,,,,
2026-07-05T23:00:44.921523+00:00,2026-07-05T23:00:44.921485,2,2,166.8,0.2,166.7,100,166.4,150,,,,,,,,,,,,,,,,,166.9,150,167.2,100,,,,,,,,,,,,,,,,
2026-07-05T23:00:45.346960+00:00,2026-07-05T23:00:45.346883,2,2,166.8,0.2,166.7,50,166.4,150,,,,,,,,,,,,,,,,,166.9,150,167.2,100,,,,,,,,,,,,,,,,
2026-07-05T23:00:47.163964+00:00,2026-07-05T23:00:47.163923,1,1,166.95,0.5,166.7,50,,,,,,,,,,,,,,,,,,,167.2,100,,,,,,,,,,,,,,,,,,
2026-07-05T23:00:47.218639+00:00,2026-07-05T23:00:47.218557,2,1,166.95,0.5,166.7,50,166.4,150,,,,,,,,,,,,,,,,,167.2,100,,,,,,,,,,,,,,,,,,
2026-07-05T23:00:47.271443+00:00,2026-07-05T23:00:47.271381,2,2,166.8,0.2,166.7,50,166.4,150,,,,,,,,,,,,,,,,,166.9,150,167.2,100,,,,,,,,,,,,,,,,
2026-07-05T23:00:47.282007+00:00,2026-07-05T23:00:47.281965,2,2,166.8,0.2,166.7,50,166.4,150,,,,,,,,,,,,,,,,,166.9,108,167.2,100,,,,,,,,,,,,,,,,
2026-07-05T23:00:47.403495+00:00,2026-07-05T23:00:47.403704,2,2,166.8,0.2,166.7,50,166.4,150,,,,,,,,,,,,,,,,,166.9,58,167.2,100,,,,,,,,,,,,,,,,
2026-07-05T23:00:47.978008+00:00,2026-07-05T23:00:47.978191,1,1,166.65,0.5,166.4,150,,,,,,,,,,,,,,,,,,,166.9,58,,,,,,,,,,,,,,,,,,
2026-07-05T23:00:48.033451+00:00,2026-07-05T23:00:48.033341,2,1,166.7,0.4,166.5,100,166.4,150,,,,,,,,,,,,,,,,,166.9,58,,,,,,,,,,,,,,,,,,
2026-07-05T23:00:48.102178+00:00,2026-07-05T23:00:48.092759,2,2,166.7,0.4,166.5,100,166.4,150,,,,,,,,,,,,,,,,,166.9,47,167.0,100,,,,,,,,,,,,,,,,
2026-07-05T23:00:48.238795+00:00,2026-07-05T23:00:48.233685,2,2,166.7,0.4,166.5,100,166.4,150,,,,,,,,,,,,,,,,,166.9,35,167.0,100,,,,,,,,,,,,,,,,
2026-07-05T23:00:48.705371+00:00,2026-07-05T23:00:48.693282,2,2,166.7,0.4,166.5,100,166.4,150,,,,,,,,,,,,,,,,,166.9,24,167.0,100,,,,,,,,,,,,,,,,
2026-07-05T23:00:49.509178+00:00,2026-07-05T23:00:49.509027,2,1,166.75,0.5,166.5,100,166.4,150,,,,,,,,,,,,,,,,,167.0,74,,,,,,,,,,,,,,,,,,
2026-07-05T23:00:50.325825+00:00,2026-07-05T23:00:50.326006,1,1,166.75,0.5,166.5,100,,,,,,,,,,,,,,,,,,,167.0,74,,,,,,,,,,,,,,,,,,
2026-07-05T23:00:50.379181+00:00,2026-07-05T23:00:50.379408,2,0,,,167.2,76,166.5,100,,,,,,,,,,,,,,,,,,,,,,,,,,,,,,,,,,,,
2026-07-05T23:00:50.446618+00:00,2026-07-05T23:00:50.439764,2,1,167.45,0.5,167.2,53,166.5,100,,,,,,,,,,,,,,,,,167.7,150,,,,,,,,,,,,,,,,,,
2026-07-05T23:00:50.860940+00:00,2026-07-05T23:00:50.854541,2,1,167.45,0.5,167.2,42,166.5,100,,,,,,,,,,,,,,,,,167.7,150,,,,,,,,,,,,,,,,,,
2026-07-05T23:00:51.158581+00:00,2026-07-05T23:00:51.153503,1,1,167.45,0.5,167.2,42,,,,,,,,,,,,,,,,,,,167.7,150,,,,,,,,,,,,,,,,,,
2026-07-05T23:00:51.206818+00:00,2026-07-05T23:00:51.206716,2,1,167.45,0.5,167.2,42,167.0,100,,,,,,,,,,,,,,,,,167.7,150,,,,,,,,,,,,,,,,,,
2026-07-05T23:00:51.258619+00:00,2026-07-05T23:00:51.254958,2,2,167.35,0.3,167.2,42,167.0,100,,,,,,,,,,,,,,,,,167.5,100,167.7,150,,,,,,,,,,,,,,,,
2026-07-05T23:00:51.617834+00:00,2026-07-05T23:00:51.617699,2,2,167.35,0.3,167.2,42,167.0,100,,,,,,,,,,,,,,,,,167.5,50,167.7,150,,,,,,,,,,,,,,,,
2026-07-05T23:00:52.469543+00:00,2026-07-05T23:00:52.469491,1,2,167.25,0.5,167.0,99,,,,,,,,,,,,,,,,,,,167.5,50,167.7,150,,,,,,,,,,,,,,,,
2026-07-05T23:00:53.489601+00:00,2026-07-05T23:00:53.489718,1,1,167.25,0.5,167.0,99,,,,,,,,,,,,,,,,,,,167.5,50,,,,,,,,,,,,,,,,,,
2026-07-05T23:00:53.558630+00:00,2026-07-05T23:00:53.556432,2,1,167.25,0.5,167.0,99,166.7,150,,,,,,,,,,,,,,,,,167.5,50,,,,,,,,,,,,,,,,,,
2026-07-05T23:00:53.620100+00:00,2026-07-05T23:00:53.616381,2,2,167.1,0.2,167.0,99,166.7,150,,,,,,,,,,,,,,,,,167.2,139,167.5,50,,,,,,,,,,,,,,,,
2026-07-05T23:00:54.313747+00:00,2026-07-05T23:00:54.313901,1,1,166.95,0.5,166.7,150,,,,,,,,,,,,,,,,,,,167.2,139,,,,,,,,,,,,,,,,,,
2026-07-05T23:00:54.369263+00:00,2026-07-05T23:00:54.369223,1,1,166.95,0.5,166.7,150,,,,,,,,,,,,,,,,,,,167.2,39,,,,,,,,,,,,,,,,,,
2026-07-05T23:00:54.424229+00:00,2026-07-05T23:00:54.424118,1,2,166.95,0.5,166.7,150,,,,,,,,,,,,,,,,,,,167.2,39,168.2,100,,,,,,,,,,,,,,,,
2026-07-05T23:00:55.721244+00:00,2026-07-05T23:00:55.721198,1,1,167.45,1.5,166.7,150,,,,,,,,,,,,,,,,,,,168.2,100,,,,,,,,,,,,,,,,,,
2026-07-05T23:00:56.663852+00:00,2026-07-05T23:00:56.663778,0,1,,,,,,,,,,,,,,,,,,,,,,,168.2,100,,,,,,,,,,,,,,,,,,
2026-07-05T23:00:56.718008+00:00,2026-07-05T23:00:56.718203,1,1,167.85,0.7,167.5,150,,,,,,,,,,,,,,,,,,,168.2,100,,,,,,,,,,,,,,,,,,
2026-07-05T23:00:56.771007+00:00,2026-07-05T23:00:56.771227,1,2,167.75,0.5,167.5,150,,,,,,,,,,,,,,,,,,,168.0,150,168.2,100,,,,,,,,,,,,,,,,
2026-07-05T23:00:57.408561+00:00,2026-07-05T23:00:57.402751,1,2,167.75,0.5,167.5,139,,,,,,,,,,,,,,,,,,,168.0,150,168.2,100,,,,,,,,,,,,,,,,
2026-07-05T23:00:57.477467+00:00,2026-07-05T23:00:57.477397,1,1,167.75,0.5,167.5,139,,,,,,,,,,,,,,,,,,,168.0,150,,,,,,,,,,,,,,,,,,
2026-07-05T23:00:57.527924+00:00,2026-07-05T23:00:57.527895,2,1,167.75,0.5,167.5,139,167.1,100,,,,,,,,,,,,,,,,,168.0,150,,,,,,,,,,,,,,,,,,
2026-07-05T23:00:57.593784+00:00,2026-07-05T23:00:57.593958,2,2,167.55,0.1,167.5,139,167.1,100,,,,,,,,,,,,,,,,,167.6,100,168.0,150,,,,,,,,,,,,,,,,
2026-07-05T23:00:57.820575+00:00,2026-07-05T23:00:57.814995,2,2,167.55,0.1,167.5,116,167.1,100,,,,,,,,,,,,,,,,,167.6,100,168.0,150,,,,,,,,,,,,,,,,
2026-07-05T23:00:57.947100+00:00,2026-07-05T23:00:57.947338,2,2,167.55,0.1,167.5,116,167.1,100,,,,,,,,,,,,,,,,,167.6,50,168.0,150,,,,,,,,,,,,,,,,
2026-07-05T23:00:58.284255+00:00,2026-07-05T23:00:58.284205,2,2,167.55,0.1,167.5,71,167.1,100,,,,,,,,,,,,,,,,,167.6,50,168.0,150,,,,,,,,,,,,,,,,
2026-07-05T23:00:59.826647+00:00,2026-07-05T23:00:59.826782,1,1,167.35,0.5,167.1,100,,,,,,,,,,,,,,,,,,,167.6,50,,,,,,,,,,,,,,,,,,
2026-07-05T23:00:59.879982+00:00,2026-07-05T23:00:59.880097,1,1,167.35,0.5,167.1,250,,,,,,,,,,,,,,,,,,,167.6,50,,,,,,,,,,,,,,,,,,
2026-07-05T23:00:59.934834+00:00,2026-07-05T23:00:59.934715,1,1,167.35,0.5,167.1,250,,,,,,,,,,,,,,,,,,,167.6,200,,,,,,,,,,,,,,,,,,
2026-07-05T23:01:00.042297+00:00,2026-07-05T23:01:00.042149,1,1,167.35,0.5,167.1,250,,,,,,,,,,,,,,,,,,,167.6,150,,,,,,,,,,,,,,,,,,
2026-07-05T23:01:00.506024+00:00,2026-07-05T23:01:00.506234,1,1,167.35,0.5,167.1,207,,,,,,,,,,,,,,,,,,,167.6,150,,,,,,,,,,,,,,,,,,
2026-07-05T23:01:00.648180+00:00,2026-07-05T23:01:00.648063,1,1,167.35,0.5,167.1,150,,,,,,,,,,,,,,,,,,,167.6,150,,,,,,,,,,,,,,,,,,
2026-07-05T23:01:00.701243+00:00,2026-07-05T23:01:00.701098,2,1,167.4,0.4,167.2,100,167.1,150,,,,,,,,,,,,,,,,,167.6,150,,,,,,,,,,,,,,,,,,
2026-07-05T23:01:00.763950+00:00,2026-07-05T23:01:00.763812,2,2,167.4,0.4,167.2,100,167.1,150,,,,,,,,,,,,,,,,,167.6,150,167.7,100,,,,,,,,,,,,,,,,
2026-07-05T23:01:02.150279+00:00,2026-07-05T23:01:02.150477,2,2,167.4,0.4,167.2,100,167.1,150,,,,,,,,,,,,,,,,,167.6,100,167.7,100,,,,,,,,,,,,,,,,
2026-07-05T23:01:02.607139+00:00,2026-07-05T23:01:02.601804,2,2,167.4,0.4,167.2,100,167.1,150,,,,,,,,,,,,,,,,,167.6,89,167.7,100,,,,,,,,,,,,,,,,
2026-07-05T23:01:02.988171+00:00,2026-07-05T23:01:02.988119,2,1,167.45,0.5,167.2,100,167.1,150,,,,,,,,,,,,,,,,,167.7,100,,,,,,,,,,,,,,,,,,
2026-07-05T23:01:02.993443+00:00,2026-07-05T23:01:02.993315,1,1,167.45,0.5,167.2,100,,,,,,,,,,,,,,,,,,,167.7,100,,,,,,,,,,,,,,,,,,
2026-07-05T23:01:03.046060+00:00,2026-07-05T23:01:03.045945,2,1,167.65,0.1,167.6,150,167.2,100,,,,,,,,,,,,,,,,,167.7,100,,,,,,,,,,,,,,,,,,
2026-07-05T23:01:03.099820+00:00,2026-07-05T23:01:03.099743,2,2,167.65,0.1,167.6,150,167.2,100,,,,,,,,,,,,,,,,,167.7,100,168.1,150,,,,,,,,,,,,,,,,
2026-07-05T23:01:03.824201+00:00,2026-07-05T23:01:03.824108,1,1,167.85,0.5,167.6,150,,,,,,,,,,,,,,,,,,,168.1,150,,,,,,,,,,,,,,,,,,
2026-07-05T23:01:03.893861+00:00,2026-07-05T23:01:03.893791,2,1,167.85,0.5,167.6,150,167.5,100,,,,,,,,,,,,,,,,,168.1,150,,,,,,,,,,,,,,,,,,
2026-07-05T23:01:03.946564+00:00,2026-07-05T23:01:03.946728,2,2,167.8,0.4,167.6,150,167.5,100,,,,,,,,,,,,,,,,,168.0,100,168.1,150,,,,,,,,,,,,,,,,
2026-07-05T23:01:04.158672+00:00,2026-07-05T23:01:04.154908,2,2,167.8,0.4,167.6,150,167.5,100,,,,,,,,,,,,,,,,,168.0,57,168.1,150,,,,,,,,,,,,,,,,
2026-07-05T23:01:04.258623+00:00,2026-07-05T23:01:04.257801,2,2,167.8,0.4,167.6,150,167.5,100,,,,,,,,,,,,,,,,,168.0,7,168.1,150,,,,,,,,,,,,,,,,
2026-07-05T23:01:05.770261+00:00,2026-07-05T23:01:05.770431,2,2,167.8,0.4,167.6,105,167.5,100,,,,,,,,,,,,,,,,,168.0,7,168.1,150,,,,,,,,,,,,,,,,
2026-07-05T23:01:06.150780+00:00,2026-07-05T23:01:06.150638,1,1,167.75,0.5,167.5,100,,,,,,,,,,,,,,,,,,,168.0,7,,,,,,,,,,,,,,,,,,
2026-07-05T23:01:06.204873+00:00,2026-07-05T23:01:06.204775,2,1,167.75,0.5,167.5,100,167.3,150,,,,,,,,,,,,,,,,,168.0,7,,,,,,,,,,,,,,,,,,
2026-07-05T23:01:06.258631+00:00,2026-07-05T23:01:06.258061,2,2,167.65,0.3,167.5,100,167.3,150,,,,,,,,,,,,,,,,,167.8,150,168.0,7,,,,,,,,,,,,,,,,
2026-07-05T23:01:06.358663+00:00,2026-07-05T23:01:06.358608,2,2,167.65,0.3,167.5,100,167.3,150,,,,,,,,,,,,,,,,,167.8,100,168.0,7,,,,,,,,,,,,,,,,
2026-07-05T23:01:07.000397+00:00,2026-07-05T23:01:07.000309,1,1,167.55,0.5,167.3,150,,,,,,,,,,,,,,,,,,,167.8,100,,,,,,,,,,,,,,,,,,
2026-07-05T23:01:07.058628+00:00,2026-07-05T23:01:07.055053,1,0,,,167.3,150,,,,,,,,,,,,,,,,,,,,,,,,,,,,,,,,,,,,,,
2026-07-05T23:01:07.111921+00:00,2026-07-05T23:01:07.112030,1,1,167.8,1.0,167.3,150,,,,,,,,,,,,,,,,,,,168.3,100,,,,,,,,,,,,,,,,,,
2026-07-05T23:01:08.068712+00:00,2026-07-05T23:01:08.068876,1,1,167.8,1.0,167.3,150,,,,,,,,,,,,,,,,,,,168.3,52,,,,,,,,,,,,,,,,,,
2026-07-05T23:01:08.525121+00:00,2026-07-05T23:01:08.525037,1,1,167.8,1.0,167.3,100,,,,,,,,,,,,,,,,,,,168.3,52,,,,,,,,,,,,,,,,,,
2026-07-05T23:01:09.318745+00:00,2026-07-05T23:01:09.318528,0,1,,,,,,,,,,,,,,,,,,,,,,,168.3,52,,,,,,,,,,,,,,,,,,
2026-07-05T23:01:09.369631+00:00,2026-07-05T23:01:09.369527,1,1,168.0,0.6,167.7,150,,,,,,,,,,,,,,,,,,,168.3,52,,,,,,,,,,,,,,,,,,
2026-07-05T23:01:09.423076+00:00,2026-07-05T23:01:09.423047,1,2,167.95,0.5,167.7,150,,,,,,,,,,,,,,,,,,,168.2,150,168.3,52,,,,,,,,,,,,,,,,
2026-07-05T23:01:10.164814+00:00,2026-07-05T23:01:10.164728,1,1,167.95,0.5,167.7,150,,,,,,,,,,,,,,,,,,,168.2,150,,,,,,,,,,,,,,,,,,
2026-07-05T23:01:10.217525+00:00,2026-07-05T23:01:10.217407,2,1,167.95,0.5,167.7,150,167.5,100,,,,,,,,,,,,,,,,,168.2,150,,,,,,,,,,,,,,,,,,
2026-07-05T23:01:10.270016+00:00,2026-07-05T23:01:10.270131,2,2,167.85,0.3,167.7,150,167.5,100,,,,,,,,,,,,,,,,,168.0,100,168.2,150,,,,,,,,,,,,,,,,
2026-07-05T23:01:10.316340+00:00,2026-07-05T23:01:10.316442,2,2,167.85,0.3,167.7,101,167.5,100,,,,,,,,,,,,,,,,,168.0,100,168.2,150,,,,,,,,,,,,,,,,
2026-07-05T23:01:11.147564+00:00,2026-07-05T23:01:11.140261,2,2,167.85,0.3,167.7,90,167.5,100,,,,,,,,,,,,,,,,,168.0,100,168.2,150,,,,,,,,,,,,,,,,
2026-07-05T23:01:11.758572+00:00,2026-07-05T23:01:11.757628,2,2,167.85,0.3,167.7,90,167.5,100,,,,,,,,,,,,,,,,,168.0,52,168.2,150,,,,,,,,,,,,,,,,
2026-07-05T23:01:12.408464+00:00,2026-07-05T23:01:12.408398,2,2,167.85,0.3,167.7,41,167.5,100,,,,,,,,,,,,,,,,,168.0,52,168.2,150,,,,,,,,,,,,,,,,
2026-07-05T23:01:12.480781+00:00,2026-07-05T23:01:12.480700,1,1,167.75,0.5,167.5,100,,,,,,,,,,,,,,,,,,,168.0,52,,,,,,,,,,,,,,,,,,
2026-07-05T23:01:12.535919+00:00,2026-07-05T23:01:12.536088,2,1,167.75,0.5,167.5,100,167.2,150,,,,,,,,,,,,,,,,,168.0,52,,,,,,,,,,,,,,,,,,
2026-07-05T23:01:12.588897+00:00,2026-07-05T23:01:12.588834,2,2,167.6,0.2,167.5,100,167.2,150,,,,,,,,,,,,,,,,,167.7,150,168.0,52,,,,,,,,,,,,,,,,
2026-07-05T23:01:12.736966+00:00,2026-07-05T23:01:12.736832,2,2,167.6,0.2,167.5,50,167.2,150,,,,,,,,,,,,,,,,,167.7,150,168.0,52,,,,,,,,,,,,,,,,
2026-07-05T23:01:13.324556+00:00,2026-07-05T23:01:13.324508,1,1,167.45,0.5,167.2,150,,,,,,,,,,,,,,,,,,,167.7,150,,,,,,,,,,,,,,,,,,
2026-07-05T23:01:13.379240+00:00,2026-07-05T23:01:13.379182,2,1,167.55,0.3,167.4,100,167.2,150,,,,,,,,,,,,,,,,,167.7,150,,,,,,,,,,,,,,,,,,
2026-07-05T23:01:13.432245+00:00,2026-07-05T23:01:13.432106,2,2,167.55,0.3,167.4,100,167.2,150,,,,,,,,,,,,,,,,,167.7,150,167.9,100,,,,,,,,,,,,,,,,
2026-07-05T23:01:13.516699+00:00,2026-07-05T23:01:13.516914,2,2,167.55,0.3,167.4,100,167.2,150,,,,,,,,,,,,,,,,,167.7,101,167.9,100,,,,,,,,,,,,,,,,
2026-07-05T23:01:14.443015+00:00,2026-07-05T23:01:14.434614,2,2,167.55,0.3,167.4,100,167.2,150,,,,,,,,,,,,,,,,,167.7,90,167.9,100,,,,,,,,,,,,,,,,
2026-07-05T23:01:14.472979+00:00,2026-07-05T23:01:14.472908,2,2,167.55,0.3,167.4,100,167.2,150,,,,,,,,,,,,,,,,,167.7,48,167.9,100,,,,,,,,,,,,,,,,
2026-07-05T23:01:15.642336+00:00,2026-07-05T23:01:15.642548,1,1,167.65,0.5,167.4,100,,,,,,,,,,,,,,,,,,,167.9,100,,,,,,,,,,,,,,,,,,
2026-07-05T23:01:15.696287+00:00,2026-07-05T23:01:15.696180,2,1,167.85,0.1,167.8,150,167.4,100,,,,,,,,,,,,,,,,,167.9,100,,,,,,,,,,,,,,,,,,
2026-07-05T23:01:15.748351+00:00,2026-07-05T23:01:15.748260,2,2,167.85,0.1,167.8,150,167.4,100,,,,,,,,,,,,,,,,,167.9,100,168.3,150,,,,,,,,,,,,,,,,
2026-07-05T23:01:16.480753+00:00,2026-07-05T23:01:16.480897,1,1,168.05,0.5,167.8,150,,,,,,,,,,,,,,,,,,,168.3,150,,,,,,,,,,,,,,,,,,
2026-07-05T23:01:16.545610+00:00,2026-07-05T23:01:16.545574,2,1,168.05,0.5,167.8,150,167.6,100,,,,,,,,,,,,,,,,,168.3,150,,,,,,,,,,,,,,,,,,
2026-07-05T23:01:16.595125+00:00,2026-07-05T23:01:16.595007,2,2,167.95,0.3,167.8,150,167.6,100,,,,,,,,,,,,,,,,,168.1,100,168.3,150,,,,,,,,,,,,,,,,
2026-07-05T23:01:16.954479+00:00,2026-07-05T23:01:16.954638,2,2,167.95,0.3,167.8,100,167.6,100,,,,,,,,,,,,,,,,,168.1,100,168.3,150,,,,,,,,,,,,,,,,
2026-07-05T23:01:17.055550+00:00,2026-07-05T23:01:17.048993,2,2,167.95,0.3,167.8,89,167.6,100,,,,,,,,,,,,,,,,,168.1,100,168.3,150,,,,,,,,,,,,,,,,
2026-07-05T23:01:18.804825+00:00,2026-07-05T23:01:18.804711,1,1,167.85,0.5,167.6,100,,,,,,,,,,,,,,,,,,,168.1,100,,,,,,,,,,,,,,,,,,
2026-07-05T23:01:18.858656+00:00,2026-07-05T23:01:18.854539,2,1,167.85,0.5,167.6,100,167.5,150,,,,,,,,,,,,,,,,,168.1,100,,,,,,,,,,,,,,,,,,
2026-07-05T23:01:18.913475+00:00,2026-07-05T23:01:18.913272,2,2,167.8,0.4,167.6,100,167.5,150,,,,,,,,,,,,,,,,,168.0,150,168.1,100,,,,,,,,,,,,,,,,
2026-07-05T23:01:19.064326+00:00,2026-07-05T23:01:19.064186,2,2,167.8,0.4,167.6,50,167.5,150,,,,,,,,,,,,,,,,,168.0,150,168.1,100,,,,,,,,,,,,,,,,
2026-07-05T23:01:19.654170+00:00,2026-07-05T23:01:19.654076,1,1,167.75,0.5,167.5,150,,,,,,,,,,,,,,,,,,,168.0,150,,,,,,,,,,,,,,,,,,
2026-07-05T23:01:19.709223+00:00,2026-07-05T23:01:19.709169,1,1,167.75,0.5,167.5,250,,,,,,,,,,,,,,,,,,,168.0,150,,,,,,,,,,,,,,,,,,
2026-07-05T23:01:19.758556+00:00,2026-07-05T23:01:19.757394,1,1,167.75,0.5,167.5,250,,,,,,,,,,,,,,,,,,,168.0,250,,,,,,,,,,,,,,,,,,
2026-07-05T23:01:20.898779+00:00,2026-07-05T23:01:20.898743,1,1,167.75,0.5,167.5,208,,,,,,,,,,,,,,,,,,,168.0,250,,,,,,,,,,,,,,,,,,
2026-07-05T23:01:21.175893+00:00,2026-07-05T23:01:21.175795,1,1,167.75,0.5,167.5,158,,,,,,,,,,,,,,,,,,,168.0,250,,,,,,,,,,,,,,,,,,
2026-07-05T23:01:21.984292+00:00,2026-07-05T23:01:21.984174,1,1,167.75,0.5,167.5,100,,,,,,,,,,,,,,,,,,,168.0,100,,,,,,,,,,,,,,,,,,
2026-07-05T23:01:22.040248+00:00,2026-07-05T23:01:22.040167,2,1,167.75,0.5,167.5,100,167.4,150,,,,,,,,,,,,,,,,,168.0,100,,,,,,,,,,,,,,,,,,
2026-07-05T23:01:22.091675+00:00,2026-07-05T23:01:22.091792,2,2,167.7,0.4,167.5,100,167.4,150,,,,,,,,,,,,,,,,,167.9,150,168.0,100,,,,,,,,,,,,,,,,
2026-07-05T23:01:22.813268+00:00,2026-07-05T23:01:22.813421,1,1,167.65,0.5,167.4,150,,,,,,,,,,,,,,,,,,,167.9,150,,,,,,,,,,,,,,,,,,
2026-07-05T23:01:22.871360+00:00,2026-07-05T23:01:22.871238,2,1,167.75,0.3,167.6,100,167.4,150,,,,,,,,,,,,,,,,,167.9,150,,,,,,,,,,,,,,,,,,
2026-07-05T23:01:22.924069+00:00,2026-07-05T23:01:22.923955,2,2,167.75,0.3,167.6,100,167.4,150,,,,,,,,,,,,,,,,,167.9,150,168.1,100,,,,,,,,,,,,,,,,
2026-07-05T23:01:23.232649+00:00,2026-07-05T23:01:23.232478,2,2,167.75,0.3,167.6,100,167.4,150,,,,,,,,,,,,,,,,,167.9,100,168.1,100,,,,,,,,,,,,,,,,
2026-07-05T23:01:23.373252+00:00,2026-07-05T23:01:23.373151,2,2,167.75,0.3,167.6,60,167.4,150,,,,,,,,,,,,,,,,,167.9,100,168.1,100,,,,,,,,,,,,,,,,
2026-07-05T23:01:24.484723+00:00,2026-07-05T23:01:24.484890,2,2,167.75,0.3,167.6,18,167.4,150,,,,,,,,,,,,,,,,,167.9,100,168.1,100,,,,,,,,,,,,,,,,
2026-07-05T23:01:24.950179+00:00,2026-07-05T23:01:24.950098,2,2,167.75,0.3,167.6,18,167.4,150,,,,,,,,,,,,,,,,,167.9,51,168.1,100,,,,,,,,,,,,,,,,
2026-07-05T23:01:25.147392+00:00,2026-07-05T23:01:25.147345,1,1,167.85,0.5,167.6,18,,,,,,,,,,,,,,,,,,,168.1,100,,,,,,,,,,,,,,,,,,
2026-07-05T23:01:25.202066+00:00,2026-07-05T23:01:25.202012,2,1,167.9,0.4,167.7,150,167.6,18,,,,,,,,,,,,,,,,,168.1,100,,,,,,,,,,,,,,,,,,
2026-07-05T23:01:25.254940+00:00,2026-07-05T23:01:25.255029,2,2,167.9,0.4,167.7,150,167.6,18,,,,,,,,,,,,,,,,,168.1,100,168.2,150,,,,,,,,,,,,,,,,
2026-07-05T23:01:25.958744+00:00,2026-07-05T23:01:25.958703,2,2,167.9,0.4,167.7,150,167.6,18,,,,,,,,,,,,,,,,,168.1,54,168.2,150,,,,,,,,,,,,,,,,
2026-07-05T23:01:25.975345+00:00,2026-07-05T23:01:25.975271,2,1,167.95,0.5,167.7,150,167.6,18,,,,,,,,,,,,,,,,,168.2,150,,,,,,,,,,,,,,,,,,
2026-07-05T23:01:25.980575+00:00,2026-07-05T23:01:25.980483,1,1,167.95,0.5,167.7,150,,,,,,,,,,,,,,,,,,,168.2,150,,,,,,,,,,,,,,,,,,
2026-07-05T23:01:26.034066+00:00,2026-07-05T23:01:26.033940,2,1,167.95,0.5,167.7,150,167.5,100,,,,,,,,,,,,,,,,,168.2,150,,,,,,,,,,,,,,,,,,
2026-07-05T23:01:26.088603+00:00,2026-07-05T23:01:26.088451,2,2,167.85,0.3,167.7,150,167.5,100,,,,,,,,,,,,,,,,,168.0,100,168.2,150,,,,,,,,,,,,,,,,
2026-07-05T23:01:28.309579+00:00,2026-07-05T23:01:28.309509,1,1,167.75,0.5,167.5,100,,,,,,,,,,,,,,,,,,,168.0,100,,,,,,,,,,,,,,,,,,
2026-07-05T23:01:28.358617+00:00,2026-07-05T23:01:28.358236,2,1,167.9,0.2,167.8,150,167.5,100,,,,,,,,,,,,,,,,,168.0,100,,,,,,,,,,,,,,,,,,
2026-07-05T23:01:28.415734+00:00,2026-07-05T23:01:28.415627,2,2,167.9,0.2,167.8,150,167.5,100,,,,,,,,,,,,,,,,,168.0,100,168.3,150,,,,,,,,,,,,,,,,
2026-07-05T23:01:29.142192+00:00,2026-07-05T23:01:29.142126,1,1,168.05,0.5,167.8,150,,,,,,,,,,,,,,,,,,,168.3,150,,,,,,,,,,,,,,,,,,
2026-07-05T23:01:29.196346+00:00,2026-07-05T23:01:29.196272,2,1,168.05,0.5,167.8,150,167.6,100,,,,,,,,,,,,,,,,,168.3,150,,,,,,,,,,,,,,,,,,
2026-07-05T23:01:29.264350+00:00,2026-07-05T23:01:29.264094,2,2,167.95,0.3,167.8,150,167.6,100,,,,,,,,,,,,,,,,,168.1,100,168.3,150,,,,,,,,,,,,,,,,
2026-07-05T23:01:29.596987+00:00,2026-07-05T23:01:29.596849,2,2,167.95,0.3,167.8,100,167.6,100,,,,,,,,,,,,,,,,,168.1,100,168.3,150,,,,,,,,,,,,,,,,
2026-07-05T23:01:31.466024+00:00,2026-07-05T23:01:31.465940,1,1,167.85,0.5,167.6,100,,,,,,,,,,,,,,,,,,,168.1,100,,,,,,,,,,,,,,,,,,
2026-07-05T23:01:31.517440+00:00,2026-07-05T23:01:31.517323,1,1,167.85,0.5,167.6,250,,,,,,,,,,,,,,,,,,,168.1,100,,,,,,,,,,,,,,,,,,
2026-07-05T23:01:31.572827+00:00,2026-07-05T23:01:31.572697,1,1,167.85,0.5,167.6,250,,,,,,,,,,,,,,,,,,,168.1,250,,,,,,,,,,,,,,,,,,
2026-07-05T23:01:31.669181+00:00,2026-07-05T23:01:31.669024,1,1,167.85,0.5,167.6,250,,,,,,,,,,,,,,,,,,,168.1,200,,,,,,,,,,,,,,,,,,
2026-07-05T23:01:31.700919+00:00,2026-07-05T23:01:31.700840,1,1,167.85,0.5,167.6,201,,,,,,,,,,,,,,,,,,,168.1,200,,,,,,,,,,,,,,,,,,
2026-07-05T23:01:32.311449+00:00,2026-07-05T23:01:32.311372,1,1,167.85,0.5,167.6,150,,,,,,,,,,,,,,,,,,,168.1,150,,,,,,,,,,,,,,,,,,
2026-07-05T23:01:32.366171+00:00,2026-07-05T23:01:32.366128,2,1,167.9,0.4,167.7,100,167.6,150,,,,,,,,,,,,,,,,,168.1,150,,,,,,,,,,,,,,,,,,
2026-07-05T23:01:32.419092+00:00,2026-07-05T23:01:32.418980,2,2,167.9,0.4,167.7,100,167.6,150,,,,,,,,,,,,,,,,,168.1,150,168.2,100,,,,,,,,,,,,,,,,
2026-07-05T23:01:32.767751+00:00,2026-07-05T23:01:32.768020,2,2,167.9,0.4,167.7,55,167.6,150,,,,,,,,,,,,,,,,,168.1,150,168.2,100,,,,,,,,,,,,,,,,
2026-07-05T23:01:32.808766+00:00,2026-07-05T23:01:32.803163,2,2,167.9,0.4,167.7,55,167.6,150,,,,,,,,,,,,,,,,,168.1,139,168.2,100,,,,,,,,,,,,,,,,
2026-07-05T23:01:33.774364+00:00,2026-07-05T23:01:33.774176,2,2,167.9,0.4,167.7,55,167.6,150,,,,,,,,,,,,,,,,,168.1,89,168.2,100,,,,,,,,,,,,,,,,
2026-07-05T23:01:34.132673+00:00,2026-07-05T23:01:34.125190,2,2,167.9,0.4,167.7,55,167.6,150,,,,,,,,,,,,,,,,,168.1,77,168.2,100,,,,,,,,,,,,,,,,
2026-07-05T23:01:34.630617+00:00,2026-07-05T23:01:34.630498,1,1,167.95,0.5,167.7,55,,,,,,,,,,,,,,,,,,,168.2,100,,,,,,,,,,,,,,,,,,
2026-07-05T23:01:34.685706+00:00,2026-07-05T23:01:34.685626,2,0,,,168.2,50,167.7,55,,,,,,,,,,,,,,,,,,,,,,,,,,,,,,,,,,,,
2026-07-05T23:01:34.738762+00:00,2026-07-05T23:01:34.738687,2,1,168.45,0.5,168.2,50,167.7,55,,,,,,,,,,,,,,,,,168.7,150,,,,,,,,,,,,,,,,,,
2026-07-05T23:01:35.473666+00:00,2026-07-05T23:01:35.473619,1,1,168.45,0.5,168.2,50,,,,,,,,,,,,,,,,,,,168.7,150,,,,,,,,,,,,,,,,,,
2026-07-05T23:01:35.526067+00:00,2026-07-05T23:01:35.526157,2,1,168.45,0.5,168.2,50,168.1,100,,,,,,,,,,,,,,,,,168.7,150,,,,,,,,,,,,,,,,,,
2026-07-05T23:01:35.579435+00:00,2026-07-05T23:01:35.579380,2,2,168.4,0.4,168.2,50,168.1,100,,,,,,,,,,,,,,,,,168.6,100,168.7,150,,,,,,,,,,,,,,,,
2026-07-05T23:01:35.884670+00:00,2026-07-05T23:01:35.884443,2,2,168.4,0.4,168.2,50,168.1,100,,,,,,,,,,,,,,,,,168.6,50,168.7,150,,,,,,,,,,,,,,,,
2026-07-05T23:01:37.796352+00:00,2026-07-05T23:01:37.796291,1,1,168.35,0.5,168.1,100,,,,,,,,,,,,,,,,,,,168.6,50,,,,,,,,,,,,,,,,,,
2026-07-05T23:01:37.850106+00:00,2026-07-05T23:01:37.850261,2,1,168.35,0.5,168.1,100,167.9,150,,,,,,,,,,,,,,,,,168.6,50,,,,,,,,,,,,,,,,,,
2026-07-05T23:01:37.900811+00:00,2026-07-05T23:01:37.900687,2,2,168.25,0.3,168.1,100,167.9,150,,,,,,,,,,,,,,,,,168.4,150,168.6,50,,,,,,,,,,,,,,,,
2026-07-05T23:01:37.990106+00:00,2026-07-05T23:01:37.990015,2,2,168.25,0.3,168.1,100,167.9,150,,,,,,,,,,,,,,,,,168.4,100,168.6,50,,,,,,,,,,,,,,,,
2026-07-05T23:01:38.633476+00:00,2026-07-05T23:01:38.633390,1,1,168.15,0.5,167.9,150,,,,,,,,,,,,,,,,,,,168.4,100,,,,,,,,,,,,,,,,,,
2026-07-05T23:01:38.688877+00:00,2026-07-05T23:01:38.688809,1,0,,,167.9,150,,,,,,,,,,,,,,,,,,,,,,,,,,,,,,,,,,,,,,
2026-07-05T23:01:38.743884+00:00,2026-07-05T23:01:38.743758,1,1,168.4,1.0,167.9,150,,,,,,,,,,,,,,,,,,,168.9,100,,,,,,,,,,,,,,,,,,
2026-07-05T23:01:38.749090+00:00,2026-07-05T23:01:38.748986,1,1,168.4,1.0,167.9,150,,,,,,,,,,,,,,,,,,,168.9,57,,,,,,,,,,,,,,,,,,
2026-07-05T23:01:40.958594+00:00,2026-07-05T23:01:40.956327,0,1,,,,,,,,,,,,,,,,,,,,,,,168.9,57,,,,,,,,,,,,,,,,,,
2026-07-05T23:01:41.020116+00:00,2026-07-05T23:01:41.014296,1,1,168.75,0.3,168.6,127,,,,,,,,,,,,,,,,,,,168.9,57,,,,,,,,,,,,,,,,,,
2026-07-05T23:01:41.058889+00:00,2026-07-05T23:01:41.058788,1,2,168.75,0.3,168.6,127,,,,,,,,,,,,,,,,,,,168.9,57,169.1,150,,,,,,,,,,,,,,,,
2026-07-05T23:01:41.797891+00:00,2026-07-05T23:01:41.797807,1,1,168.85,0.5,168.6,127,,,,,,,,,,,,,,,,,,,169.1,150,,,,,,,,,,,,,,,,,,
2026-07-05T23:01:41.850872+00:00,2026-07-05T23:01:41.850801,2,1,168.85,0.5,168.6,127,168.3,100,,,,,,,,,,,,,,,,,169.1,150,,,,,,,,,,,,,,,,,,
2026-07-05T23:01:41.904025+00:00,2026-07-05T23:01:41.903965,2,2,168.7,0.2,168.6,127,168.3,100,,,,,,,,,,,,,,,,,168.8,100,169.1,150,,,,,,,,,,,,,,,,
2026-07-05T23:01:41.994966+00:00,2026-07-05T23:01:41.989082,2,2,168.7,0.2,168.6,124,168.3,100,,,,,,,,,,,,,,,,,168.8,100,169.1,150,,,,,,,,,,,,,,,,
2026-07-05T23:01:42.070701+00:00,2026-07-05T23:01:42.070555,2,2,168.7,0.2,168.6,83,168.3,100,,,,,,,,,,,,,,,,,168.8,100,169.1,150,,,,,,,,,,,,,,,,
2026-07-05T23:01:42.580674+00:00,2026-07-05T23:01:42.580471,2,2,168.7,0.2,168.6,83,168.3,100,,,,,,,,,,,,,,,,,168.8,57,169.1,150,,,,,,,,,,,,,,,,
2026-07-05T23:01:44.110275+00:00,2026-07-05T23:01:44.110384,2,1,168.7,0.2,168.6,83,168.3,100,,,,,,,,,,,,,,,,,168.8,57,,,,,,,,,,,,,,,,,,
2026-07-05T23:01:44.115460+00:00,2026-07-05T23:01:44.115553,1,1,168.55,0.5,168.3,100,,,,,,,,,,,,,,,,,,,168.8,57,,,,,,,,,,,,,,,,,,
2026-07-05T23:01:44.169525+00:00,2026-07-05T23:01:44.169405,2,1,168.55,0.5,168.3,100,168.1,150,,,,,,,,,,,,,,,,,168.8,57,,,,,,,,,,,,,,,,,,
2026-07-05T23:01:44.223842+00:00,2026-07-05T23:01:44.223792,2,2,168.45,0.3,168.3,100,168.1,150,,,,,,,,,,,,,,,,,168.6,150,168.8,57,,,,,,,,,,,,,,,,
2026-07-05T23:01:44.395215+00:00,2026-07-05T23:01:44.395116,2,2,168.45,0.3,168.3,50,168.1,150,,,,,,,,,,,,,,,,,168.6,150,168.8,57,,,,,,,,,,,,,,,,
2026-07-05T23:01:44.958548+00:00,2026-07-05T23:01:44.957049,1,1,168.35,0.5,168.1,150,,,,,,,,,,,,,,,,,,,168.6,150,,,,,,,,,,,,,,,,,,
2026-07-05T23:01:45.012490+00:00,2026-07-05T23:01:45.012362,2,1,168.35,0.5,168.1,150,168.0,100,,,,,,,,,,,,,,,,,168.6,150,,,,,,,,,,,,,,,,,,
2026-07-05T23:01:45.058560+00:00,2026-07-05T23:01:45.057725,2,2,168.3,0.4,168.1,150,168.0,100,,,,,,,,,,,,,,,,,168.5,100,168.6,150,,,,,,,,,,,,,,,,
2026-07-05T23:01:45.089510+00:00,2026-07-05T23:01:45.089435,2,2,168.3,0.4,168.1,150,168.0,100,,,,,,,,,,,,,,,,,168.5,54,168.6,150,,,,,,,,,,,,,,,,
2026-07-05T23:01:46.500809+00:00,2026-07-05T23:01:46.500948,2,2,168.3,0.4,168.1,100,168.0,100,,,,,,,,,,,,,,,,,168.5,54,168.6,150,,,,,,,,,,,,,,,,
2026-07-05T23:01:47.274850+00:00,2026-07-05T23:01:47.274757,1,1,168.25,0.5,168.0,100,,,,,,,,,,,,,,,,,,,168.5,54,,,,,,,,,,,,,,,,,,
2026-07-05T23:01:47.328616+00:00,2026-07-05T23:01:47.328447,2,1,168.25,0.5,168.0,100,167.9,150,,,,,,,,,,,,,,,,,168.5,54,,,,,,,,,,,,,,,,,,
2026-07-05T23:01:47.381943+00:00,2026-07-05T23:01:47.381861,2,2,168.2,0.4,168.0,100,167.9,150,,,,,,,,,,,,,,,,,168.4,150,168.5,54,,,,,,,,,,,,,,,,
2026-07-05T23:01:48.122310+00:00,2026-07-05T23:01:48.122217,1,1,168.15,0.5,167.9,150,,,,,,,,,,,,,,,,,,,168.4,150,,,,,,,,,,,,,,,,,,
2026-07-05T23:01:48.168979+00:00,2026-07-05T23:01:48.168836,2,1,168.25,0.3,168.1,100,167.9,150,,,,,,,,,,,,,,,,,168.4,150,,,,,,,,,,,,,,,,,,
2026-07-05T23:01:48.244385+00:00,2026-07-05T23:01:48.244241,2,2,168.25,0.3,168.1,100,167.9,150,,,,,,,,,,,,,,,,,168.4,150,168.6,100,,,,,,,,,,,,,,,,
2026-07-05T23:01:48.623265+00:00,2026-07-05T23:01:48.623221,2,2,168.25,0.3,168.1,50,167.9,150,,,,,,,,,,,,,,,,,168.4,150,168.6,100,,,,,,,,,,,,,,,,
2026-07-05T23:01:49.089294+00:00,2026-07-05T23:01:49.089477,2,2,168.25,0.3,168.1,2,167.9,150,,,,,,,,,,,,,,,,,168.4,150,168.6,100,,,,,,,,,,,,,,,,
2026-07-05T23:01:50.441271+00:00,2026-07-05T23:01:50.441188,1,1,168.35,0.5,168.1,2,,,,,,,,,,,,,,,,,,,168.6,100,,,,,,,,,,,,,,,,,,
2026-07-05T23:01:50.497009+00:00,2026-07-05T23:01:50.496892,2,1,168.35,0.5,168.1,2,167.9,150,,,,,,,,,,,,,,,,,168.6,100,,,,,,,,,,,,,,,,,,
2026-07-05T23:01:50.558686+00:00,2026-07-05T23:01:50.546649,2,2,168.25,0.3,168.1,2,167.9,150,,,,,,,,,,,,,,,,,168.4,150,168.6,100,,,,,,,,,,,,,,,,
2026-07-05T23:01:50.732662+00:00,2026-07-05T23:01:50.732841,1,2,168.15,0.5,167.9,102,,,,,,,,,,,,,,,,,,,168.4,150,168.6,100,,,,,,,,,,,,,,,,
2026-07-05T23:01:51.294066+00:00,2026-07-05T23:01:51.294015,1,1,168.15,0.5,167.9,102,,,,,,,,,,,,,,,,,,,168.4,150,,,,,,,,,,,,,,,,,,
2026-07-05T23:01:51.346669+00:00,2026-07-05T23:01:51.346633,1,1,168.15,0.5,167.9,202,,,,,,,,,,,,,,,,,,,168.4,150,,,,,,,,,,,,,,,,,,
2026-07-05T23:01:51.399527+00:00,2026-07-05T23:01:51.399502,1,1,168.15,0.5,167.9,202,,,,,,,,,,,,,,,,,,,168.4,250,,,,,,,,,,,,,,,,,,
2026-07-05T23:01:52.412769+00:00,2026-07-05T23:01:52.412902,1,1,168.15,0.5,167.9,202,,,,,,,,,,,,,,,,,,,168.4,203,,,,,,,,,,,,,,,,,,
2026-07-05T23:01:53.605997+00:00,2026-07-05T23:01:53.605925,1,1,168.15,0.5,167.9,100,,,,,,,,,,,,,,,,,,,168.4,100,,,,,,,,,,,,,,,,,,
2026-07-05T23:01:53.663942+00:00,2026-07-05T23:01:53.663821,2,1,168.2,0.4,168.0,150,167.9,100,,,,,,,,,,,,,,,,,168.4,100,,,,,,,,,,,,,,,,,,
2026-07-05T23:01:53.713678+00:00,2026-07-05T23:01:53.713628,2,2,168.2,0.4,168.0,150,167.9,100,,,,,,,,,,,,,,,,,168.4,100,168.5,150,,,,,,,,,,,,,,,,
2026-07-05T23:01:53.803452+00:00,2026-07-05T23:01:53.797405,2,2,168.2,0.4,168.0,150,167.9,100,,,,,,,,,,,,,,,,,168.4,97,168.5,150,,,,,,,,,,,,,,,,
2026-07-05T23:01:54.079225+00:00,2026-07-05T23:01:54.079405,2,2,168.2,0.4,168.0,107,167.9,100,,,,,,,,,,,,,,,,,168.4,97,168.5,150,,,,,,,,,,,,,,,,
2026-07-05T23:01:54.464099+00:00,2026-07-05T23:01:54.464002,1,1,168.25,0.5,168.0,107,,,,,,,,,,,,,,,,,,,168.5,150,,,,,,,,,,,,,,,,,,
2026-07-05T23:01:54.507760+00:00,2026-07-05T23:01:54.507641,1,1,168.25,0.5,168.0,207,,,,,,,,,,,,,,,,,,,168.5,150,,,,,,,,,,,,,,,,,,
2026-07-05T23:01:54.560350+00:00,2026-07-05T23:01:54.560312,1,1,168.25,0.5,168.0,207,,,,,,,,,,,,,,,,,,,168.5,250,,,,,,,,,,,,,,,,,,
2026-07-05T23:01:56.264638+00:00,2026-07-05T23:01:56.264482,1,1,168.25,0.5,168.0,207,,,,,,,,,,,,,,,,,,,168.5,201,,,,,,,,,,,,,,,,,,
2026-07-05T23:01:56.770599+00:00,2026-07-05T23:01:56.770557,1,1,168.25,0.5,168.0,100,,,,,,,,,,,,,,,,,,,168.5,100,,,,,,,,,,,,,,,,,,
2026-07-05T23:01:56.825109+00:00,2026-07-05T23:01:56.825017,1,1,168.25,0.5,168.0,250,,,,,,,,,,,,,,,,,,,168.5,100,,,,,,,,,,,,,,,,,,
2026-07-05T23:01:56.877697+00:00,2026-07-05T23:01:56.877542,1,1,168.25,0.5,168.0,250,,,,,,,,,,,,,,,,,,,168.5,250,,,,,,,,,,,,,,,,,,
2026-07-05T23:01:57.047049+00:00,2026-07-05T23:01:57.046961,1,1,168.25,0.5,168.0,200,,,,,,,,,,,,,,,,,,,168.5,250,,,,,,,,,,,,,,,,,,
2026-07-05T23:01:57.618678+00:00,2026-07-05T23:01:57.618555,1,1,168.25,0.5,168.0,150,,,,,,,,,,,,,,,,,,,168.5,150,,,,,,,,,,,,,,,,,,
2026-07-05T23:01:57.673101+00:00,2026-07-05T23:01:57.672937,2,1,168.25,0.5,168.0,150,167.8,100,,,,,,,,,,,,,,,,,168.5,150,,,,,,,,,,,,,,,,,,
2026-07-05T23:01:57.735732+00:00,2026-07-05T23:01:57.730226,2,2,168.15,0.3,168.0,150,167.8,100,,,,,,,,,,,,,,,,,168.3,89,168.5,150,,,,,,,,,,,,,,,,
2026-07-05T23:01:58.367876+00:00,2026-07-05T23:01:58.362424,2,2,168.15,0.3,168.0,150,167.8,100,,,,,,,,,,,,,,,,,168.3,77,168.5,150,,,,,,,,,,,,,,,,
2026-07-05T23:01:59.158599+00:00,2026-07-05T23:01:59.153999,2,2,168.15,0.3,168.0,100,167.8,100,,,,,,,,,,,,,,,,,168.3,77,168.5,150,,,,,,,,,,,,,,,,
2026-07-05T23:01:59.931672+00:00,2026-07-05T23:01:59.931579,1,1,168.05,0.5,167.8,100,,,,,,,,,,,,,,,,,,,168.3,77,,,,,,,,,,,,,,,,,,
2026-07-05T23:01:59.985417+00:00,2026-07-05T23:01:59.985313,1,1,168.05,0.5,167.8,250,,,,,,,,,,,,,,,,,,,168.3,77,,,,,,,,,,,,,,,,,,
2026-07-05T23:02:00.038194+00:00,2026-07-05T23:02:00.038109,1,1,168.05,0.5,167.8,250,,,,,,,,,,,,,,,,,,,168.3,227,,,,,,,,,,,,,,,,,,
2026-07-05T23:02:00.368444+00:00,2026-07-05T23:02:00.362701,1,1,168.05,0.5,167.8,250,,,,,,,,,,,,,,,,,,,168.3,216,,,,,,,,,,,,,,,,,,
2026-07-05T23:02:00.776461+00:00,2026-07-05T23:02:00.776369,1,1,168.05,0.5,167.8,250,,,,,,,,,,,,,,,,,,,168.3,150,,,,,,,,,,,,,,,,,,
2026-07-05T23:02:00.781578+00:00,2026-07-05T23:02:00.781519,1,1,168.05,0.5,167.8,150,,,,,,,,,,,,,,,,,,,168.3,150,,,,,,,,,,,,,,,,,,
2026-07-05T23:02:00.834001+00:00,2026-07-05T23:02:00.833902,2,1,168.25,0.1,168.2,100,167.8,150,,,,,,,,,,,,,,,,,168.3,150,,,,,,,,,,,,,,,,,,
2026-07-05T23:02:00.886646+00:00,2026-07-05T23:02:00.886554,2,2,168.25,0.1,168.2,100,167.8,150,,,,,,,,,,,,,,,,,168.3,150,168.7,100,,,,,,,,,,,,,,,,
2026-07-05T23:02:01.216100+00:00,2026-07-05T23:02:01.216235,2,2,168.25,0.1,168.2,100,167.8,150,,,,,,,,,,,,,,,,,168.3,100,168.7,100,,,,,,,,,,,,,,,,
2026-07-05T23:02:03.048714+00:00,2026-07-05T23:02:03.048869,2,2,168.25,0.1,168.2,59,167.8,150,,,,,,,,,,,,,,,,,168.3,100,168.7,100,,,,,,,,,,,,,,,,
2026-07-05T23:02:03.093014+00:00,2026-07-05T23:02:03.092827,1,1,168.45,0.5,168.2,59,,,,,,,,,,,,,,,,,,,168.7,100,,,,,,,,,,,,,,,,,,
2026-07-05T23:02:03.159404+00:00,2026-07-05T23:02:03.158883,2,1,168.5,0.4,168.3,150,168.2,59,,,,,,,,,,,,,,,,,168.7,100,,,,,,,,,,,,,,,,,,
2026-07-05T23:02:03.201944+00:00,2026-07-05T23:02:03.201908,2,2,168.5,0.4,168.3,150,168.2,59,,,,,,,,,,,,,,,,,168.7,100,168.8,150,,,,,,,,,,,,,,,,
2026-07-05T23:02:03.374039+00:00,2026-07-05T23:02:03.373973,2,2,168.5,0.4,168.3,100,168.2,59,,,,,,,,,,,,,,,,,168.7,100,168.8,150,,,,,,,,,,,,,,,,
2026-07-05T23:02:03.941861+00:00,2026-07-05T23:02:03.942007,1,1,168.55,0.5,168.3,100,,,,,,,,,,,,,,,,,,,168.8,150,,,,,,,,,,,,,,,,,,
2026-07-05T23:02:03.997506+00:00,2026-07-05T23:02:03.997384,2,1,168.55,0.5,168.3,100,168.0,100,,,,,,,,,,,,,,,,,168.8,150,,,,,,,,,,,,,,,,,,
2026-07-05T23:02:04.051132+00:00,2026-07-05T23:02:04.051041,2,2,168.4,0.2,168.3,100,168.0,100,,,,,,,,,,,,,,,,,168.5,100,168.8,150,,,,,,,,,,,,,,,,
2026-07-05T23:02:05.430852+00:00,2026-07-05T23:02:05.430773,2,2,168.4,0.2,168.3,100,168.0,100,,,,,,,,,,,,,,,,,168.5,50,168.8,150,,,,,,,,,,,,,,,,
2026-07-05T23:02:05.617412+00:00,2026-07-05T23:02:05.609262,2,2,168.4,0.2,168.3,89,168.0,100,,,,,,,,,,,,,,,,,168.5,50,168.8,150,,,,,,,,,,,,,,,,
2026-07-05T23:02:06.258643+00:00,2026-07-05T23:02:06.254644,1,1,168.25,0.5,168.0,100,,,,,,,,,,,,,,,,,,,168.5,50,,,,,,,,,,,,,,,,,,
2026-07-05T23:02:06.313384+00:00,2026-07-05T23:02:06.313303,2,1,168.25,0.5,168.0,100,167.7,150,,,,,,,,,,,,,,,,,168.5,50,,,,,,,,,,,,,,,,,,
2026-07-05T23:02:06.365782+00:00,2026-07-05T23:02:06.365754,2,2,168.1,0.2,168.0,100,167.7,150,,,,,,,,,,,,,,,,,168.2,150,168.5,50,,,,,,,,,,,,,,,,
2026-07-05T23:02:06.917212+00:00,2026-07-05T23:02:06.910831,2,2,168.1,0.2,168.0,100,167.7,150,,,,,,,,,,,,,,,,,168.2,139,168.5,50,,,,,,,,,,,,,,,,
2026-07-05T23:02:07.105305+00:00,2026-07-05T23:02:07.105247,1,1,167.95,0.5,167.7,150,,,,,,,,,,,,,,,,,,,168.2,139,,,,,,,,,,,,,,,,,,
2026-07-05T23:02:07.119536+00:00,2026-07-05T23:02:07.119457,1,1,167.95,0.5,167.7,150,,,,,,,,,,,,,,,,,,,168.2,98,,,,,,,,,,,,,,,,,,
2026-07-05T23:02:07.160215+00:00,2026-07-05T23:02:07.160174,2,1,168.1,0.2,168.0,100,167.7,150,,,,,,,,,,,,,,,,,168.2,98,,,,,,,,,,,,,,,,,,
2026-07-05T23:02:07.213101+00:00,2026-07-05T23:02:07.212981,2,2,168.1,0.2,168.0,100,167.7,150,,,,,,,,,,,,,,,,,168.2,98,168.5,100,,,,,,,,,,,,,,,,
2026-07-05T23:02:07.538999+00:00,2026-07-05T23:02:07.538892,2,2,168.1,0.2,168.0,100,167.7,150,,,,,,,,,,,,,,,,,168.2,48,168.5,100,,,,,,,,,,,,,,,,
2026-07-05T23:02:07.644372+00:00,2026-07-05T23:02:07.644300,2,2,168.1,0.2,168.0,59,167.7,150,,,,,,,,,,,,,,,,,168.2,48,168.5,100,,,,,,,,,,,,,,,,
2026-07-05T23:02:09.214139+00:00,2026-07-05T23:02:09.213981,2,2,168.1,0.2,168.0,59,167.7,150,,,,,,,,,,,,,,,,,168.2,6,168.5,100,,,,,,,,,,,,,,,,
2026-07-05T23:02:09.421311+00:00,2026-07-05T23:02:09.421476,1,1,168.25,0.5,168.0,59,,,,,,,,,,,,,,,,,,,168.5,100,,,,,,,,,,,,,,,,,,
2026-07-05T23:02:09.485379+00:00,2026-07-05T23:02:09.479800,2,1,168.35,0.3,168.2,139,168.0,59,,,,,,,,,,,,,,,,,168.5,100,,,,,,,,,,,,,,,,,,
2026-07-05T23:02:09.536317+00:00,2026-07-05T23:02:09.536189,2,2,168.35,0.3,168.2,139,168.0,59,,,,,,,,,,,,,,,,,168.5,100,168.7,150,,,,,,,,,,,,,,,,
2026-07-05T23:02:09.645853+00:00,2026-07-05T23:02:09.645776,2,2,168.35,0.3,168.2,139,168.0,59,,,,,,,,,,,,,,,,,168.5,50,168.7,150,,,,,,,,,,,,,,,,
2026-07-05T23:02:10.264008+00:00,2026-07-05T23:02:10.263934,1,1,168.45,0.5,168.2,139,,,,,,,,,,,,,,,,,,,168.7,150,,,,,,,,,,,,,,,,,,
2026-07-05T23:02:10.316848+00:00,2026-07-05T23:02:10.316821,2,1,168.45,0.5,168.2,139,167.8,100,,,,,,,,,,,,,,,,,168.7,150,,,,,,,,,,,,,,,,,,
2026-07-05T23:02:10.369929+00:00,2026-07-05T23:02:10.369853,2,2,168.25,0.1,168.2,139,167.8,100,,,,,,,,,,,,,,,,,168.3,100,168.7,150,,,,,,,,,,,,,,,,
2026-07-05T23:02:11.758622+00:00,2026-07-05T23:02:11.746629,2,2,168.25,0.1,168.2,139,167.8,100,,,,,,,,,,,,,,,,,168.3,50,168.7,150,,,,,,,,,,,,,,,,
2026-07-05T23:02:12.591628+00:00,2026-07-05T23:02:12.591527,1,1,168.05,0.5,167.8,100,,,,,,,,,,,,,,,,,,,168.3,50,,,,,,,,,,,,,,,,,,
2026-07-05T23:02:12.643079+00:00,2026-07-05T23:02:12.643001,2,1,168.25,0.1,168.2,150,167.8,100,,,,,,,,,,,,,,,,,168.3,50,,,,,,,,,,,,,,,,,,
2026-07-05T23:02:12.696006+00:00,2026-07-05T23:02:12.695973,2,2,168.25,0.1,168.2,150,167.8,100,,,,,,,,,,,,,,,,,168.3,50,168.7,150,,,,,,,,,,,,,,,,
2026-07-05T23:02:13.458775+00:00,2026-07-05T23:02:13.458711,1,1,168.45,0.5,168.2,150,,,,,,,,,,,,,,,,,,,168.7,150,,,,,,,,,,,,,,,,,,
2026-07-05T23:02:13.506109+00:00,2026-07-05T23:02:13.506000,2,1,168.45,0.5,168.2,150,168.0,100,,,,,,,,,,,,,,,,,168.7,150,,,,,,,,,,,,,,,,,,
2026-07-05T23:02:13.558950+00:00,2026-07-05T23:02:13.558845,2,2,168.35,0.3,168.2,150,168.0,100,,,,,,,,,,,,,,,,,168.5,100,168.7,150,,,,,,,,,,,,,,,,
2026-07-05T23:02:13.858586+00:00,2026-07-05T23:02:13.854103,2,2,168.35,0.3,168.2,150,168.0,100,,,,,,,,,,,,,,,,,168.5,50,168.7,150,,,,,,,,,,,,,,,,
2026-07-05T23:02:14.419196+00:00,2026-07-05T23:02:14.419142,2,2,168.35,0.3,168.2,103,168.0,100,,,,,,,,,,,,,,,,,168.5,50,168.7,150,,,,,,,,,,,,,,,,
2026-07-05T23:02:15.758639+00:00,2026-07-05T23:02:15.753669,1,1,168.25,0.5,168.0,100,,,,,,,,,,,,,,,,,,,168.5,50,,,,,,,,,,,,,,,,,,
2026-07-05T23:02:15.808178+00:00,2026-07-05T23:02:15.808080,2,1,168.35,0.3,168.2,150,168.0,100,,,,,,,,,,,,,,,,,168.5,50,,,,,,,,,,,,,,,,,,
2026-07-05T23:02:15.858652+00:00,2026-07-05T23:02:15.856631,2,2,168.35,0.3,168.2,150,168.0,100,,,,,,,,,,,,,,,,,168.5,50,168.7,150,,,,,,,,,,,,,,,,
2026-07-05T23:02:16.022229+00:00,2026-07-05T23:02:16.022099,2,2,168.35,0.3,168.2,100,168.0,100,,,,,,,,,,,,,,,,,168.5,50,168.7,150,,,,,,,,,,,,,,,,
2026-07-05T23:02:16.603402+00:00,2026-07-05T23:02:16.603341,2,2,168.35,0.3,168.2,100,168.0,100,,,,,,,,,,,,,,,,,168.5,9,168.7,150,,,,,,,,,,,,,,,,
2026-07-05T23:02:16.608647+00:00,2026-07-05T23:02:16.608557,2,1,168.45,0.5,168.2,100,168.0,100,,,,,,,,,,,,,,,,,168.7,150,,,,,,,,,,,,,,,,,,
2026-07-05T23:02:16.613850+00:00,2026-07-05T23:02:16.613737,1,1,168.45,0.5,168.2,100,,,,,,,,,,,,,,,,,,,168.7,150,,,,,,,,,,,,,,,,,,
2026-07-05T23:02:16.658562+00:00,2026-07-05T23:02:16.658337,2,1,168.55,0.3,168.4,100,168.2,60,,,,,,,,,,,,,,,,,168.7,150,,,,,,,,,,,,,,,,,,
2026-07-05T23:02:16.719306+00:00,2026-07-05T23:02:16.719273,2,2,168.55,0.3,168.4,100,168.2,60,,,,,,,,,,,,,,,,,168.7,150,168.9,100,,,,,,,,,,,,,,,,
2026-07-05T23:02:17.258575+00:00,2026-07-05T23:02:17.253040,2,2,168.55,0.3,168.4,100,168.2,60,,,,,,,,,,,,,,,,,168.7,105,168.9,100,,,,,,,,,,,,,,,,
2026-07-05T23:02:17.313752+00:00,2026-07-05T23:02:17.313644,2,2,168.55,0.3,168.4,51,168.2,60,,,,,,,,,,,,,,,,,168.7,105,168.9,100,,,,,,,,,,,,,,,,
2026-07-05T23:02:17.844830+00:00,2026-07-05T23:02:17.844793,2,2,168.55,0.3,168.4,5,168.2,60,,,,,,,,,,,,,,,,,168.7,105,168.9,100,,,,,,,,,,,,,,,,
2026-07-05T23:02:18.730005+00:00,2026-07-05T23:02:18.723717,1,2,168.45,0.5,168.2,60,,,,,,,,,,,,,,,,,,,168.7,105,168.9,100,,,,,,,,,,,,,,,,
2026-07-05T23:02:18.914500+00:00,2026-07-05T23:02:18.914642,0,1,,,,,,,,,,,,,,,,,,,,,,,168.9,100,,,,,,,,,,,,,,,,,,
2026-07-05T23:02:18.970609+00:00,2026-07-05T23:02:18.970515,1,1,168.4,1.0,167.9,150,,,,,,,,,,,,,,,,,,,168.9,100,,,,,,,,,,,,,,,,,,
2026-07-05T23:02:19.022683+00:00,2026-07-05T23:02:19.022614,1,2,168.15,0.5,167.9,150,,,,,,,,,,,,,,,,,,,168.4,150,168.9,100,,,,,,,,,,,,,,,,
2026-07-05T23:02:19.772545+00:00,2026-07-05T23:02:19.772472,1,1,168.15,0.5,167.9,150,,,,,,,,,,,,,,,,,,,168.4,150,,,,,,,,,,,,,,,,,,
2026-07-05T23:02:19.824781+00:00,2026-07-05T23:02:19.824674,2,1,168.2,0.4,168.0,100,167.9,150,,,,,,,,,,,,,,,,,168.4,150,,,,,,,,,,,,,,,,,,
2026-07-05T23:02:19.877114+00:00,2026-07-05T23:02:19.877028,2,2,168.2,0.4,168.0,100,167.9,150,,,,,,,,,,,,,,,,,168.4,150,168.5,100,,,,,,,,,,,,,,,,
2026-07-05T23:02:20.180519+00:00,2026-07-05T23:02:20.180462,2,2,168.2,0.4,168.0,100,167.9,150,,,,,,,,,,,,,,,,,168.4,100,168.5,100,,,,,,,,,,,,,,,,
2026-07-05T23:02:22.074800+00:00,2026-07-05T23:02:22.074745,1,1,168.25,0.5,168.0,100,,,,,,,,,,,,,,,,,,,168.5,100,,,,,,,,,,,,,,,,,,
2026-07-05T23:02:22.127778+00:00,2026-07-05T23:02:22.127698,2,1,168.35,0.3,168.2,150,168.0,100,,,,,,,,,,,,,,,,,168.5,100,,,,,,,,,,,,,,,,,,
2026-07-05T23:02:22.180394+00:00,2026-07-05T23:02:22.180327,2,2,168.35,0.3,168.2,150,168.0,100,,,,,,,,,,,,,,,,,168.5,100,168.7,150,,,,,,,,,,,,,,,,
2026-07-05T23:02:22.341175+00:00,2026-07-05T23:02:22.341112,2,2,168.35,0.3,168.2,100,168.0,100,,,,,,,,,,,,,,,,,168.5,100,168.7,150,,,,,,,,,,,,,,,,
2026-07-05T23:02:22.927764+00:00,2026-07-05T23:02:22.927545,1,1,168.45,0.5,168.2,100,,,,,,,,,,,,,,,,,,,168.7,150,,,,,,,,,,,,,,,,,,
2026-07-05T23:02:22.987346+00:00,2026-07-05T23:02:22.987232,2,1,168.45,0.5,168.2,100,168.1,100,,,,,,,,,,,,,,,,,168.7,150,,,,,,,,,,,,,,,,,,
2026-07-05T23:02:23.037655+00:00,2026-07-05T23:02:23.037554,2,2,168.4,0.4,168.2,100,168.1,100,,,,,,,,,,,,,,,,,168.6,100,168.7,150,,,,,,,,,,,,,,,,
2026-07-05T23:02:23.358537+00:00,2026-07-05T23:02:23.358286,2,2,168.4,0.4,168.2,100,168.1,100,,,,,,,,,,,,,,,,,168.6,53,168.7,150,,,,,,,,,,,,,,,,
2026-07-05T23:02:25.221267+00:00,2026-07-05T23:02:25.221453,2,2,168.4,0.4,168.2,100,168.1,100,,,,,,,,,,,,,,,,,168.6,6,168.7,150,,,,,,,,,,,,,,,,
2026-07-05T23:02:25.236847+00:00,2026-07-05T23:02:25.236954,1,1,168.35,0.5,168.1,100,,,,,,,,,,,,,,,,,,,168.6,6,,,,,,,,,,,,,,,,,,
2026-07-05T23:02:25.287853+00:00,2026-07-05T23:02:25.287825,2,1,168.35,0.5,168.1,100,167.9,150,,,,,,,,,,,,,,,,,168.6,6,,,,,,,,,,,,,,,,,,
2026-07-05T23:02:25.339199+00:00,2026-07-05T23:02:25.339084,2,2,168.25,0.3,168.1,100,167.9,150,,,,,,,,,,,,,,,,,168.4,150,168.6,6,,,,,,,,,,,,,,,,
2026-07-05T23:02:26.095204+00:00,2026-07-05T23:02:26.095114,1,1,168.15,0.5,167.9,150,,,,,,,,,,,,,,,,,,,168.4,150,,,,,,,,,,,,,,,,,,
2026-07-05T23:02:26.168978+00:00,2026-07-05T23:02:26.168915,2,1,168.35,0.1,168.3,100,167.9,150,,,,,,,,,,,,,,,,,168.4,150,,,,,,,,,,,,,,,,,,
2026-07-05T23:02:26.220758+00:00,2026-07-05T23:02:26.220634,2,2,168.35,0.1,168.3,100,167.9,150,,,,,,,,,,,,,,,,,168.4,150,168.8,100,,,,,,,,,,,,,,,,
2026-07-05T23:02:26.499329+00:00,2026-07-05T23:02:26.499210,2,2,168.35,0.1,168.3,100,167.9,150,,,,,,,,,,,,,,,,,168.4,100,168.8,100,,,,,,,,,,,,,,,,
2026-07-05T23:02:26.606564+00:00,2026-07-05T23:02:26.600813,2,2,168.35,0.1,168.3,93,167.9,150,,,,,,,,,,,,,,,,,168.4,100,168.8,100,,,,,,,,,,,,,,,,
2026-07-05T23:02:26.903559+00:00,2026-07-05T23:02:26.903629,2,2,168.35,0.1,168.3,44,167.9,150,,,,,,,,,,,,,,,,,168.4,100,168.8,100,,,,,,,,,,,,,,,,
2026-07-05T23:02:27.913912+00:00,2026-07-05T23:02:27.908449,2,2,168.35,0.1,168.3,33,167.9,150,,,,,,,,,,,,,,,,,168.4,100,168.8,100,,,,,,,,,,,,,,,,
2026-07-05T23:02:28.394290+00:00,2026-07-05T23:02:28.394198,1,1,168.55,0.5,168.3,33,,,,,,,,,,,,,,,,,,,168.8,100,,,,,,,,,,,,,,,,,,
2026-07-05T23:02:28.447421+00:00,2026-07-05T23:02:28.447318,2,1,168.55,0.5,168.3,33,168.0,150,,,,,,,,,,,,,,,,,168.8,100,,,,,,,,,,,,,,,,,,
2026-07-05T23:02:28.505400+00:00,2026-07-05T23:02:28.505484,2,2,168.4,0.2,168.3,33,168.0,150,,,,,,,,,,,,,,,,,168.5,150,168.8,100,,,,,,,,,,,,,,,,
2026-07-05T23:02:28.603929+00:00,2026-07-05T23:02:28.603835,2,2,168.4,0.2,168.3,33,168.0,150,,,,,,,,,,,,,,,,,168.5,100,168.8,100,,,,,,,,,,,,,,,,
2026-07-05T23:02:29.274776+00:00,2026-07-05T23:02:29.274664,1,1,168.25,0.5,168.0,150,,,,,,,,,,,,,,,,,,,168.5,100,,,,,,,,,,,,,,,,,,
2026-07-05T23:02:29.329779+00:00,2026-07-05T23:02:29.329664,1,1,168.25,0.5,168.0,250,,,,,,,,,,,,,,,,,,,168.5,100,,,,,,,,,,,,,,,,,,
2026-07-05T23:02:29.381808+00:00,2026-07-05T23:02:29.381745,1,1,168.25,0.5,168.0,250,,,,,,,,,,,,,,,,,,,168.5,200,,,,,,,,,,,,,,,,,,
2026-07-05T23:02:29.683451+00:00,2026-07-05T23:02:29.683372,1,1,168.25,0.5,168.0,250,,,,,,,,,,,,,,,,,,,168.5,155,,,,,,,,,,,,,,,,,,
2026-07-05T23:02:30.758651+00:00,2026-07-05T23:02:30.757912,1,1,168.25,0.5,168.0,200,,,,,,,,,,,,,,,,,,,168.5,155,,,,,,,,,,,,,,,,,,
2026-07-05T23:02:31.559090+00:00,2026-07-05T23:02:31.559322,1,1,168.25,0.5,168.0,200,,,,,,,,,,,,,,,,,,,168.5,100,,,,,,,,,,,,,,,,,,
2026-07-05T23:02:31.564408+00:00,2026-07-05T23:02:31.564515,1,1,168.25,0.5,168.0,100,,,,,,,,,,,,,,,,,,,168.5,100,,,,,,,,,,,,,,,,,,
2026-07-05T23:02:31.622429+00:00,2026-07-05T23:02:31.622357,1,1,168.25,0.5,168.0,250,,,,,,,,,,,,,,,,,,,168.5,100,,,,,,,,,,,,,,,,,,
2026-07-05T23:02:31.680011+00:00,2026-07-05T23:02:31.679899,1,1,168.25,0.5,168.0,250,,,,,,,,,,,,,,,,,,,168.5,250,,,,,,,,,,,,,,,,,,
2026-07-05T23:02:31.826563+00:00,2026-07-05T23:02:31.826503,1,1,168.25,0.5,168.0,203,,,,,,,,,,,,,,,,,,,168.5,250,,,,,,,,,,,,,,,,,,
2026-07-05T23:02:32.287195+00:00,2026-07-05T23:02:32.287164,1,1,168.25,0.5,168.0,160,,,,,,,,,,,,,,,,,,,168.5,250,,,,,,,,,,,,,,,,,,
2026-07-05T23:02:32.437298+00:00,2026-07-05T23:02:32.437219,1,1,168.25,0.5,168.0,150,,,,,,,,,,,,,,,,,,,168.5,150,,,,,,,,,,,,,,,,,,
2026-07-05T23:02:32.493208+00:00,2026-07-05T23:02:32.493019,2,1,168.25,0.5,168.0,150,167.6,100,,,,,,,,,,,,,,,,,168.5,150,,,,,,,,,,,,,,,,,,
2026-07-05T23:02:32.541506+00:00,2026-07-05T23:02:32.541415,2,2,168.05,0.1,168.0,150,167.6,100,,,,,,,,,,,,,,,,,168.1,100,168.5,150,,,,,,,,,,,,,,,,
2026-07-05T23:02:32.872246+00:00,2026-07-05T23:02:32.872138,2,2,168.05,0.1,168.0,100,167.6,100,,,,,,,,,,,,,,,,,168.1,100,168.5,150,,,,,,,,,,,,,,,,
2026-07-05T23:02:33.168025+00:00,2026-07-05T23:02:33.162514,2,2,168.05,0.1,168.0,100,167.6,100,,,,,,,,,,,,,,,,,168.1,89,168.5,150,,,,,,,,,,,,,,,,
2026-07-05T23:02:34.733163+00:00,2026-07-05T23:02:34.733011,1,1,167.85,0.5,167.6,100,,,,,,,,,,,,,,,,,,,168.1,89,,,,,,,,,,,,,,,,,,
2026-07-05T23:02:34.789005+00:00,2026-07-05T23:02:34.788818,2,1,168.0,0.2,167.9,150,167.6,100,,,,,,,,,,,,,,,,,168.1,89,,,,,,,,,,,,,,,,,,
2026-07-05T23:02:34.842369+00:00,2026-07-05T23:02:34.842301,2,2,168.0,0.2,167.9,150,167.6,100,,,,,,,,,,,,,,,,,168.1,89,168.4,150,,,,,,,,,,,,,,,,
2026-07-05T23:02:34.978298+00:00,2026-07-05T23:02:34.978173,2,2,168.0,0.2,167.9,100,167.6,100,,,,,,,,,,,,,,,,,168.1,89,168.4,150,,,,,,,,,,,,,,,,
2026-07-05T23:02:35.379137+00:00,2026-07-05T23:02:35.379101,2,2,168.0,0.2,167.9,100,167.6,100,,,,,,,,,,,,,,,,,168.1,41,168.4,150,,,,,,,,,,,,,,,,
2026-07-05T23:02:35.600241+00:00,2026-07-05T23:02:35.600150,1,1,168.15,0.5,167.9,100,,,,,,,,,,,,,,,,,,,168.4,150,,,,,,,,,,,,,,,,,,
2026-07-05T23:02:35.658559+00:00,2026-07-05T23:02:35.655598,1,1,168.15,0.5,167.9,200,,,,,,,,,,,,,,,,,,,168.4,150,,,,,,,,,,,,,,,,,,
2026-07-05T23:02:35.709022+00:00,2026-07-05T23:02:35.708876,1,1,168.15,0.5,167.9,200,,,,,,,,,,,,,,,,,,,168.4,250,,,,,,,,,,,,,,,,,,
2026-07-05T23:02:37.075082+00:00,2026-07-05T23:02:37.074969,1,1,168.15,0.5,167.9,160,,,,,,,,,,,,,,,,,,,168.4,250,,,,,,,,,,,,,,,,,,
2026-07-05T23:02:37.080349+00:00,2026-07-05T23:02:37.080230,1,1,168.15,0.5,167.9,110,,,,,,,,,,,,,,,,,,,168.4,250,,,,,,,,,,,,,,,,,,
2026-07-05T23:02:37.913627+00:00,2026-07-05T23:02:37.913791,1,1,168.15,0.5,167.9,100,,,,,,,,,,,,,,,,,,,168.4,100,,,,,,,,,,,,,,,,,,
2026-07-05T23:02:37.983847+00:00,2026-07-05T23:02:37.983779,2,1,168.15,0.5,167.9,100,167.2,150,,,,,,,,,,,,,,,,,168.4,100,,,,,,,,,,,,,,,,,,
2026-07-05T23:02:38.037733+00:00,2026-07-05T23:02:38.037904,1,2,167.45,0.5,167.2,150,,,,,,,,,,,,,,,,,,,167.7,50,168.4,100,,,,,,,,,,,,,,,,
2026-07-05T23:02:38.047955+00:00,2026-07-05T23:02:38.042211,1,2,167.45,0.5,167.2,150,,,,,,,,,,,,,,,,,,,167.7,27,168.4,100,,,,,,,,,,,,,,,,
2026-07-05T23:02:38.216609+00:00,2026-07-05T23:02:38.216486,1,1,167.8,1.2,167.2,150,,,,,,,,,,,,,,,,,,,168.4,84,,,,,,,,,,,,,,,,,,
2026-07-05T23:02:38.763957+00:00,2026-07-05T23:02:38.763843,1,0,,,167.2,150,,,,,,,,,,,,,,,,,,,,,,,,,,,,,,,,,,,,,,
2026-07-05T23:02:38.818822+00:00,2026-07-05T23:02:38.818738,2,0,,,167.4,100,167.2,150,,,,,,,,,,,,,,,,,,,,,,,,,,,,,,,,,,,,
2026-07-05T23:02:38.890335+00:00,2026-07-05T23:02:38.890165,2,1,167.65,0.5,167.4,100,167.2,150,,,,,,,,,,,,,,,,,167.9,100,,,,,,,,,,,,,,,,,,
2026-07-05T23:02:39.189553+00:00,2026-07-05T23:02:39.189452,2,1,167.65,0.5,167.4,50,167.2,150,,,,,,,,,,,,,,,,,167.9,100,,,,,,,,,,,,,,,,,,
2026-07-05T23:02:39.719347+00:00,2026-07-05T23:02:39.719234,2,1,167.65,0.5,167.4,3,167.2,150,,,,,,,,,,,,,,,,,167.9,100,,,,,,,,,,,,,,,,,,
2026-07-05T23:02:41.094103+00:00,2026-07-05T23:02:41.094019,1,1,167.65,0.5,167.4,3,,,,,,,,,,,,,,,,,,,167.9,100,,,,,,,,,,,,,,,,,,
2026-07-05T23:02:41.146839+00:00,2026-07-05T23:02:41.146748,2,1,167.8,0.2,167.7,150,167.4,3,,,,,,,,,,,,,,,,,167.9,100,,,,,,,,,,,,,,,,,,
2026-07-05T23:02:41.198874+00:00,2026-07-05T23:02:41.199019,2,2,167.8,0.2,167.7,150,167.4,3,,,,,,,,,,,,,,,,,167.9,100,168.2,150,,,,,,,,,,,,,,,,
2026-07-05T23:02:41.318655+00:00,2026-07-05T23:02:41.318541,2,2,167.8,0.2,167.7,100,167.4,3,,,,,,,,,,,,,,,,,167.9,100,168.2,150,,,,,,,,,,,,,,,,
2026-07-05T23:02:41.938337+00:00,2026-07-05T23:02:41.938295,2,1,167.95,0.5,167.7,100,167.4,3,,,,,,,,,,,,,,,,,168.2,150,,,,,,,,,,,,,,,,,,
2026-07-05T23:02:41.943563+00:00,2026-07-05T23:02:41.943467,1,1,167.95,0.5,167.7,100,,,,,,,,,,,,,,,,,,,168.2,150,,,,,,,,,,,,,,,,,,
2026-07-05T23:02:41.996496+00:00,2026-07-05T23:02:41.996377,2,1,167.95,0.5,167.7,100,167.1,100,,,,,,,,,,,,,,,,,168.2,150,,,,,,,,,,,,,,,,,,
2026-07-05T23:02:42.049876+00:00,2026-07-05T23:02:42.049772,1,1,167.65,1.1,167.1,100,,,,,,,,,,,,,,,,,,,168.2,150,,,,,,,,,,,,,,,,,,
2026-07-05T23:02:43.373164+00:00,2026-07-05T23:02:43.373034,1,1,167.65,1.1,167.1,100,,,,,,,,,,,,,,,,,,,168.2,100,,,,,,,,,,,,,,,,,,
2026-07-05T23:02:44.036434+00:00,2026-07-05T23:02:44.036322,1,1,167.65,1.1,167.1,100,,,,,,,,,,,,,,,,,,,168.2,53,,,,,,,,,,,,,,,,,,
2026-07-05T23:02:44.252537+00:00,2026-07-05T23:02:44.252458,1,0,,,167.1,100,,,,,,,,,,,,,,,,,,,,,,,,,,,,,,,,,,,,,,
2026-07-05T23:02:44.335269+00:00,2026-07-05T23:02:44.335178,2,0,,,167.7,150,167.1,100,,,,,,,,,,,,,,,,,,,,,,,,,,,,,,,,,,,,
2026-07-05T23:02:44.401119+00:00,2026-07-05T23:02:44.401042,2,1,167.95,0.5,167.7,150,167.1,100,,,,,,,,,,,,,,,,,168.2,150,,,,,,,,,,,,,,,,,,
2026-07-05T23:02:44.650944+00:00,2026-07-05T23:02:44.650845,2,1,167.95,0.5,167.7,150,167.1,100,,,,,,,,,,,,,,,,,168.2,107,,,,,,,,,,,,,,,,,,
2026-07-05T23:02:45.106999+00:00,2026-07-05T23:02:45.106901,1,1,167.95,0.5,167.7,150,,,,,,,,,,,,,,,,,,,168.2,107,,,,,,,,,,,,,,,,,,
2026-07-05T23:02:45.158542+00:00,2026-07-05T23:02:45.155011,2,1,167.95,0.5,167.7,150,167.5,100,,,,,,,,,,,,,,,,,168.2,107,,,,,,,,,,,,,,,,,,
2026-07-05T23:02:45.213144+00:00,2026-07-05T23:02:45.213090,2,2,167.85,0.3,167.7,150,167.5,100,,,,,,,,,,,,,,,,,168.0,100,168.2,107,,,,,,,,,,,,,,,,
2026-07-05T23:02:45.530361+00:00,2026-07-05T23:02:45.530222,2,2,167.85,0.3,167.7,100,167.5,100,,,,,,,,,,,,,,,,,168.0,100,168.2,107,,,,,,,,,,,,,,,,
2026-07-05T23:02:46.345860+00:00,2026-07-05T23:02:46.345731,2,2,167.85,0.3,167.7,100,167.5,100,,,,,,,,,,,,,,,,,168.0,53,168.2,107,,,,,,,,,,,,,,,,
2026-07-05T23:02:47.451157+00:00,2026-07-05T23:02:47.451486,1,1,167.75,0.5,167.5,100,,,,,,,,,,,,,,,,,,,168.0,53,,,,,,,,,,,,,,,,,,
2026-07-05T23:02:47.504854+00:00,2026-07-05T23:02:47.504994,2,1,167.9,0.2,167.8,150,167.5,100,,,,,,,,,,,,,,,,,168.0,53,,,,,,,,,,,,,,,,,,
2026-07-05T23:02:47.556828+00:00,2026-07-05T23:02:47.557040,2,2,167.9,0.2,167.8,150,167.5,100,,,,,,,,,,,,,,,,,168.0,53,168.3,150,,,,,,,,,,,,,,,,
2026-07-05T23:02:47.586649+00:00,2026-07-05T23:02:47.586480,2,2,167.9,0.2,167.8,150,167.5,100,,,,,,,,,,,,,,,,,168.0,3,168.3,150,,,,,,,,,,,,,,,,
2026-07-05T23:02:48.266952+00:00,2026-07-05T23:02:48.266926,1,1,168.05,0.5,167.8,150,,,,,,,,,,,,,,,,,,,168.3,150,,,,,,,,,,,,,,,,,,
2026-07-05T23:02:48.322385+00:00,2026-07-05T23:02:48.322278,2,1,168.15,0.3,168.0,100,167.8,150,,,,,,,,,,,,,,,,,168.3,150,,,,,,,,,,,,,,,,,,
2026-07-05T23:02:48.376039+00:00,2026-07-05T23:02:48.375964,2,2,168.15,0.3,168.0,100,167.8,150,,,,,,,,,,,,,,,,,168.3,150,168.5,100,,,,,,,,,,,,,,,,
2026-07-05T23:02:49.694597+00:00,2026-07-05T23:02:49.694521,2,2,168.15,0.3,168.0,100,167.8,150,,,,,,,,,,,,,,,,,168.3,100,168.5,100,,,,,,,,,,,,,,,,
2026-07-05T23:02:50.615945+00:00,2026-07-05T23:02:50.615829,1,1,168.25,0.5,168.0,100,,,,,,,,,,,,,,,,,,,168.5,100,,,,,,,,,,,,,,,,,,
2026-07-05T23:02:50.669551+00:00,2026-07-05T23:02:50.669487,1,1,168.25,0.5,168.0,250,,,,,,,,,,,,,,,,,,,168.5,100,,,,,,,,,,,,,,,,,,
2026-07-05T23:02:50.723608+00:00,2026-07-05T23:02:50.723562,1,1,168.25,0.5,168.0,250,,,,,,,,,,,,,,,,,,,168.5,250,,,,,,,,,,,,,,,,,,
2026-07-05T23:02:51.134228+00:00,2026-07-05T23:02:51.134109,1,1,168.25,0.5,168.0,205,,,,,,,,,,,,,,,,,,,168.5,250,,,,,,,,,,,,,,,,,,
2026-07-05T23:02:51.431578+00:00,2026-07-05T23:02:51.431491,1,1,168.25,0.5,168.0,150,,,,,,,,,,,,,,,,,,,168.5,150,,,,,,,,,,,,,,,,,,
2026-07-05T23:02:51.487041+00:00,2026-07-05T23:02:51.487238,2,1,168.25,0.5,168.0,150,167.8,100,,,,,,,,,,,,,,,,,168.5,150,,,,,,,,,,,,,,,,,,
2026-07-05T23:02:51.544528+00:00,2026-07-05T23:02:51.544494,2,2,168.15,0.3,168.0,150,167.8,100,,,,,,,,,,,,,,,,,168.3,100,168.5,150,,,,,,,,,,,,,,,,
2026-07-05T23:02:51.825568+00:00,2026-07-05T23:02:51.825658,2,2,168.15,0.3,168.0,150,167.8,100,,,,,,,,,,,,,,,,,168.3,50,168.5,150,,,,,,,,,,,,,,,,
2026-07-05T23:02:53.778240+00:00,2026-07-05T23:02:53.778180,1,1,168.05,0.5,167.8,100,,,,,,,,,,,,,,,,,,,168.3,50,,,,,,,,,,,,,,,,,,
2026-07-05T23:02:53.832883+00:00,2026-07-05T23:02:53.832808,2,1,168.15,0.3,168.0,150,167.8,100,,,,,,,,,,,,,,,,,168.3,50,,,,,,,,,,,,,,,,,,
2026-07-05T23:02:53.881399+00:00,2026-07-05T23:02:53.881279,2,2,168.15,0.3,168.0,150,167.8,100,,,,,,,,,,,,,,,,,168.3,50,168.5,150,,,,,,,,,,,,,,,,
2026-07-05T23:02:53.930738+00:00,2026-07-05T23:02:53.930893,2,1,168.25,0.5,168.0,150,167.8,100,,,,,,,,,,,,,,,,,168.5,150,,,,,,,,,,,,,,,,,,
2026-07-05T23:02:54.618345+00:00,2026-07-05T23:02:54.618418,1,1,168.25,0.5,168.0,150,,,,,,,,,,,,,,,,,,,168.5,150,,,,,,,,,,,,,,,,,,
2026-07-05T23:02:54.681953+00:00,2026-07-05T23:02:54.674537,2,1,168.3,0.4,168.1,89,168.0,150,,,,,,,,,,,,,,,,,168.5,150,,,,,,,,,,,,,,,,,,
2026-07-05T23:02:54.726063+00:00,2026-07-05T23:02:54.726244,2,2,168.3,0.4,168.1,89,168.0,150,,,,,,,,,,,,,,,,,168.5,150,168.6,100,,,,,,,,,,,,,,,,
2026-07-05T23:02:55.454828+00:00,2026-07-05T23:02:55.449080,2,2,168.3,0.4,168.1,77,168.0,150,,,,,,,,,,,,,,,,,168.5,150,168.6,100,,,,,,,,,,,,,,,,
2026-07-05T23:02:56.043935+00:00,2026-07-05T23:02:56.044018,2,2,168.3,0.4,168.1,77,168.0,150,,,,,,,,,,,,,,,,,168.5,100,168.6,100,,,,,,,,,,,,,,,,
2026-07-05T23:02:56.940348+00:00,2026-07-05T23:02:56.940504,1,1,168.35,0.5,168.1,77,,,,,,,,,,,,,,,,,,,168.6,100,,,,,,,,,,,,,,,,,,
2026-07-05T23:02:56.995170+00:00,2026-07-05T23:02:56.995140,2,1,168.4,0.4,168.2,150,168.1,77,,,,,,,,,,,,,,,,,168.6,100,,,,,,,,,,,,,,,,,,
2026-07-05T23:02:57.046011+00:00,2026-07-05T23:02:57.045860,2,2,168.4,0.4,168.2,150,168.1,77,,,,,,,,,,,,,,,,,168.6,100,168.7,150,,,,,,,,,,,,,,,,
2026-07-05T23:02:57.785542+00:00,2026-07-05T23:02:57.785484,1,1,168.45,0.5,168.2,150,,,,,,,,,,,,,,,,,,,168.7,150,,,,,,,,,,,,,,,,,,
2026-07-05T23:02:57.840641+00:00,2026-07-05T23:02:57.840553,2,1,168.45,0.5,168.2,150,168.1,100,,,,,,,,,,,,,,,,,168.7,150,,,,,,,,,,,,,,,,,,
2026-07-05T23:02:57.893665+00:00,2026-07-05T23:02:57.893600,2,2,168.4,0.4,168.2,150,168.1,100,,,,,,,,,,,,,,,,,168.6,100,168.7,150,,,,,,,,,,,,,,,,
2026-07-05T23:02:58.148817+00:00,2026-07-05T23:02:58.148729,2,2,168.4,0.4,168.2,150,168.1,100,,,,,,,,,,,,,,,,,168.6,50,168.7,150,,,,,,,,,,,,,,,,
2026-07-05T23:02:59.558560+00:00,2026-07-05T23:02:59.555395,2,2,168.4,0.4,168.2,109,168.1,100,,,,,,,,,,,,,,,,,168.6,50,168.7,150,,,,,,,,,,,,,,,,
2026-07-05T23:03:00.103047+00:00,2026-07-05T23:03:00.102905,1,1,168.35,0.5,168.1,100,,,,,,,,,,,,,,,,,,,168.6,50,,,,,,,,,,,,,,,,,,
2026-07-05T23:03:00.158614+00:00,2026-07-05T23:03:00.157563,2,1,168.4,0.4,168.2,150,168.1,100,,,,,,,,,,,,,,,,,168.6,50,,,,,,,,,,,,,,,,,,
2026-07-05T23:03:00.209882+00:00,2026-07-05T23:03:00.209964,2,2,168.4,0.4,168.2,150,168.1,100,,,,,,,,,,,,,,,,,168.6,50,168.7,150,,,,,,,,,,,,,,,,
2026-07-05T23:03:00.258563+00:00,2026-07-05T23:03:00.256400,2,1,168.45,0.5,168.2,150,168.1,100,,,,,,,,,,,,,,,,,168.7,150,,,,,,,,,,,,,,,,,,
2026-07-05T23:03:00.950511+00:00,2026-07-05T23:03:00.950375,1,1,168.45,0.5,168.2,150,,,,,,,,,,,,,,,,,,,168.7,150,,,,,,,,,,,,,,,,,,
2026-07-05T23:03:01.014155+00:00,2026-07-05T23:03:01.007895,2,1,168.55,0.3,168.4,89,168.2,150,,,,,,,,,,,,,,,,,168.7,150,,,,,,,,,,,,,,,,,,
2026-07-05T23:03:01.056368+00:00,2026-07-05T23:03:01.056283,2,2,168.55,0.3,168.4,89,168.2,150,,,,,,,,,,,,,,,,,168.7,150,168.9,100,,,,,,,,,,,,,,,,
2026-07-05T23:03:01.705996+00:00,2026-07-05T23:03:01.705891,2,2,168.55,0.3,168.4,42,168.2,150,,,,,,,,,,,,,,,,,168.7,150,168.9,100,,,,,,,,,,,,,,,,
2026-07-05T23:03:02.358556+00:00,2026-07-05T23:03:02.358241,2,2,168.55,0.3,168.4,42,168.2,150,,,,,,,,,,,,,,,,,168.7,100,168.9,100,,,,,,,,,,,,,,,,
2026-07-05T23:03:03.258661+00:00,2026-07-05T23:03:03.258607,1,1,168.65,0.5,168.4,42,,,,,,,,,,,,,,,,,,,168.9,100,,,,,,,,,,,,,,,,,,
2026-07-05T23:03:03.318638+00:00,2026-07-05T23:03:03.318571,2,1,168.65,0.5,168.4,42,168.2,150,,,,,,,,,,,,,,,,,168.9,100,,,,,,,,,,,,,,,,,,
2026-07-05T23:03:03.371281+00:00,2026-07-05T23:03:03.371220,2,2,168.55,0.3,168.4,42,168.2,150,,,,,,,,,,,,,,,,,168.7,150,168.9,100,,,,,,,,,,,,,,,,
2026-07-05T23:03:04.111199+00:00,2026-07-05T23:03:04.111378,1,1,168.45,0.5,168.2,150,,,,,,,,,,,,,,,,,,,168.7,150,,,,,,,,,,,,,,,,,,
2026-07-05T23:03:04.166210+00:00,2026-07-05T23:03:04.166082,1,1,168.45,0.5,168.2,250,,,,,,,,,,,,,,,,,,,168.7,150,,,,,,,,,,,,,,,,,,
2026-07-05T23:03:04.224042+00:00,2026-07-05T23:03:04.223914,1,1,168.45,0.5,168.2,250,,,,,,,,,,,,,,,,,,,168.7,250,,,,,,,,,,,,,,,,,,
2026-07-05T23:03:04.518743+00:00,2026-07-05T23:03:04.518637,1,1,168.45,0.5,168.2,200,,,,,,,,,,,,,,,,,,,168.7,250,,,,,,,,,,,,,,,,,,
2026-07-05T23:03:06.425436+00:00,2026-07-05T23:03:06.425577,1,1,168.45,0.5,168.2,100,,,,,,,,,,,,,,,,,,,168.7,100,,,,,,,,,,,,,,,,,,
2026-07-05T23:03:06.476768+00:00,2026-07-05T23:03:06.476710,1,1,168.45,0.5,168.2,250,,,,,,,,,,,,,,,,,,,168.7,100,,,,,,,,,,,,,,,,,,
2026-07-05T23:03:06.528248+00:00,2026-07-05T23:03:06.528435,1,1,168.45,0.5,168.2,250,,,,,,,,,,,,,,,,,,,168.7,250,,,,,,,,,,,,,,,,,,
2026-07-05T23:03:06.631294+00:00,2026-07-05T23:03:06.631457,1,1,168.45,0.5,168.2,200,,,,,,,,,,,,,,,,,,,168.7,250,,,,,,,,,,,,,,,,,,
2026-07-05T23:03:06.793643+00:00,2026-07-05T23:03:06.793530,1,1,168.45,0.5,168.2,200,,,,,,,,,,,,,,,,,,,168.7,210,,,,,,,,,,,,,,,,,,
2026-07-05T23:03:07.264649+00:00,2026-07-05T23:03:07.264586,1,1,168.45,0.5,168.2,158,,,,,,,,,,,,,,,,,,,168.7,210,,,,,,,,,,,,,,,,,,
2026-07-05T23:03:07.279002+00:00,2026-07-05T23:03:07.278948,1,1,168.45,0.5,168.2,150,,,,,,,,,,,,,,,,,,,168.7,150,,,,,,,,,,,,,,,,,,
2026-07-05T23:03:07.330692+00:00,2026-07-05T23:03:07.330840,2,1,168.55,0.3,168.4,100,168.2,150,,,,,,,,,,,,,,,,,168.7,150,,,,,,,,,,,,,,,,,,
2026-07-05T23:03:07.385127+00:00,2026-07-05T23:03:07.385090,2,2,168.55,0.3,168.4,100,168.2,150,,,,,,,,,,,,,,,,,168.7,150,168.9,100,,,,,,,,,,,,,,,,
2026-07-05T23:03:08.687432+00:00,2026-07-05T23:03:08.687341,2,2,168.55,0.3,168.4,100,168.2,150,,,,,,,,,,,,,,,,,168.7,100,168.9,100,,,,,,,,,,,,,,,,
2026-07-05T23:03:09.586858+00:00,2026-07-05T23:03:09.586794,1,1,168.65,0.5,168.4,100,,,,,,,,,,,,,,,,,,,168.9,100,,,,,,,,,,,,,,,,,,
2026-07-05T23:03:09.641896+00:00,2026-07-05T23:03:09.641818,1,1,168.65,0.5,168.4,250,,,,,,,,,,,,,,,,,,,168.9,100,,,,,,,,,,,,,,,,,,
2026-07-05T23:03:09.698278+00:00,2026-07-05T23:03:09.698245,1,1,168.65,0.5,168.4,250,,,,,,,,,,,,,,,,,,,168.9,250,,,,,,,,,,,,,,,,,,
2026-07-05T23:03:10.440739+00:00,2026-07-05T23:03:10.440648,1,1,168.65,0.5,168.4,150,,,,,,,,,,,,,,,,,,,168.9,150,,,,,,,,,,,,,,,,,,
2026-07-05T23:03:10.496604+00:00,2026-07-05T23:03:10.496513,2,1,168.65,0.5,168.4,150,168.2,100,,,,,,,,,,,,,,,,,168.9,150,,,,,,,,,,,,,,,,,,
2026-07-05T23:03:10.558722+00:00,2026-07-05T23:03:10.558631,2,2,168.55,0.3,168.4,150,168.2,100,,,,,,,,,,,,,,,,,168.7,100,168.9,150,,,,,,,,,,,,,,,,
2026-07-05T23:03:10.845685+00:00,2026-07-05T23:03:10.845650,2,2,168.55,0.3,168.4,100,168.2,100,,,,,,,,,,,,,,,,,168.7,100,168.9,150,,,,,,,,,,,,,,,,
2026-07-05T23:03:12.099606+00:00,2026-07-05T23:03:12.099489,2,2,168.55,0.3,168.4,100,168.2,100,,,,,,,,,,,,,,,,,168.7,56,168.9,150,,,,,,,,,,,,,,,,
2026-07-05T23:03:12.758582+00:00,2026-07-05T23:03:12.752110,1,1,168.45,0.5,168.2,100,,,,,,,,,,,,,,,,,,,168.7,56,,,,,,,,,,,,,,,,,,
2026-07-05T23:03:12.806931+00:00,2026-07-05T23:03:12.806867,2,1,168.5,0.4,168.3,150,168.2,100,,,,,,,,,,,,,,,,,168.7,56,,,,,,,,,,,,,,,,,,
2026-07-05T23:03:12.861409+00:00,2026-07-05T23:03:12.861301,2,2,168.5,0.4,168.3,150,168.2,100,,,,,,,,,,,,,,,,,168.7,56,168.8,150,,,,,,,,,,,,,,,,
2026-07-05T23:03:12.953980+00:00,2026-07-05T23:03:12.953797,2,2,168.5,0.4,168.3,100,168.2,100,,,,,,,,,,,,,,,,,168.7,56,168.8,150,,,,,,,,,,,,,,,,
2026-07-05T23:03:13.603089+00:00,2026-07-05T23:03:13.603016,1,1,168.55,0.5,168.3,100,,,,,,,,,,,,,,,,,,,168.8,150,,,,,,,,,,,,,,,,,,
2026-07-05T23:03:13.663882+00:00,2026-07-05T23:03:13.663791,2,1,168.65,0.3,168.5,100,168.3,100,,,,,,,,,,,,,,,,,168.8,150,,,,,,,,,,,,,,,,,,
2026-07-05T23:03:13.709679+00:00,2026-07-05T23:03:13.709773,2,2,168.65,0.3,168.5,100,168.3,100,,,,,,,,,,,,,,,,,168.8,150,169.0,100,,,,,,,,,,,,,,,,
2026-07-05T23:03:14.560238+00:00,2026-07-05T23:03:14.560190,2,2,168.65,0.3,168.5,58,168.3,100,,,,,,,,,,,,,,,,,168.8,150,169.0,100,,,,,,,,,,,,,,,,
2026-07-05T23:03:15.058585+00:00,2026-07-05T23:03:15.056051,2,2,168.65,0.3,168.5,8,168.3,100,,,,,,,,,,,,,,,,,168.8,150,169.0,100,,,,,,,,,,,,,,,,
2026-07-05T23:03:15.915708+00:00,2026-07-05T23:03:15.915653,1,1,168.75,0.5,168.5,8,,,,,,,,,,,,,,,,,,,169.0,100,,,,,,,,,,,,,,,,,,
2026-07-05T23:03:15.971068+00:00,2026-07-05T23:03:15.970945,2,1,168.75,0.5,168.5,8,167.9,150,,,,,,,,,,,,,,,,,169.0,100,,,,,,,,,,,,,,,,,,
2026-07-05T23:03:16.024055+00:00,2026-07-05T23:03:16.024241,1,2,168.15,0.5,167.9,150,,,,,,,,,,,,,,,,,,,168.4,142,169.0,100,,,,,,,,,,,,,,,,
2026-07-05T23:03:16.764875+00:00,2026-07-05T23:03:16.764725,1,1,168.15,0.5,167.9,150,,,,,,,,,,,,,,,,,,,168.4,142,,,,,,,,,,,,,,,,,,
2026-07-05T23:03:16.818298+00:00,2026-07-05T23:03:16.818228,2,1,168.2,0.4,168.0,100,167.9,150,,,,,,,,,,,,,,,,,168.4,142,,,,,,,,,,,,,,,,,,
2026-07-05T23:03:16.871085+00:00,2026-07-05T23:03:16.871181,2,2,168.2,0.4,168.0,100,167.9,150,,,,,,,,,,,,,,,,,168.4,142,168.5,100,,,,,,,,,,,,,,,,
2026-07-05T23:03:17.118536+00:00,2026-07-05T23:03:17.118419,2,2,168.2,0.4,168.0,100,167.9,150,,,,,,,,,,,,,,,,,168.4,92,168.5,100,,,,,,,,,,,,,,,,
2026-07-05T23:03:19.080577+00:00,2026-07-05T23:03:19.080443,1,1,168.25,0.5,168.0,100,,,,,,,,,,,,,,,,,,,168.5,100,,,,,,,,,,,,,,,,,,
2026-07-05T23:03:19.135643+00:00,2026-07-05T23:03:19.135476,2,1,168.4,0.2,168.3,150,168.0,100,,,,,,,,,,,,,,,,,168.5,100,,,,,,,,,,,,,,,,,,
2026-07-05T23:03:19.188295+00:00,2026-07-05T23:03:19.188194,2,2,168.4,0.2,168.3,150,168.0,100,,,,,,,,,,,,,,,,,168.5,100,168.7,150,,,,,,,,,,,,,,,,
2026-07-05T23:03:19.222221+00:00,2026-07-05T23:03:19.222340,2,2,168.4,0.2,168.3,150,168.0,100,,,,,,,,,,,,,,,,,168.5,50,168.7,150,,,,,,,,,,,,,,,,
2026-07-05T23:03:19.921358+00:00,2026-07-05T23:03:19.921296,2,1,168.5,0.4,168.3,150,168.0,100,,,,,,,,,,,,,,,,,168.7,150,,,,,,,,,,,,,,,,,,
2026-07-05T23:03:19.926527+00:00,2026-07-05T23:03:19.926451,1,1,168.5,0.4,168.3,150,,,,,,,,,,,,,,,,,,,168.7,150,,,,,,,,,,,,,,,,,,
2026-07-05T23:03:19.979627+00:00,2026-07-05T23:03:19.979526,2,1,168.5,0.4,168.3,150,168.2,100,,,,,,,,,,,,,,,,,168.7,150,,,,,,,,,,,,,,,,,,
2026-07-05T23:03:20.058579+00:00,2026-07-05T23:03:20.050898,2,1,168.5,0.4,168.3,150,168.2,100,,,,,,,,,,,,,,,,,168.7,250,,,,,,,,,,,,,,,,,,
2026-07-05T23:03:21.330174+00:00,2026-07-05T23:03:21.330052,2,1,168.5,0.4,168.3,150,168.2,100,,,,,,,,,,,,,,,,,168.7,200,,,,,,,,,,,,,,,,,,
2026-07-05T23:03:21.943931+00:00,2026-07-05T23:03:21.944074,2,1,168.5,0.4,168.3,150,168.2,100,,,,,,,,,,,,,,,,,168.7,152,,,,,,,,,,,,,,,,,,
2026-07-05T23:03:22.241288+00:00,2026-07-05T23:03:22.241164,1,1,168.45,0.5,168.2,100,,,,,,,,,,,,,,,,,,,168.7,100,,,,,,,,,,,,,,,,,,
2026-07-05T23:03:22.296314+00:00,2026-07-05T23:03:22.296200,2,1,168.55,0.3,168.4,150,168.2,100,,,,,,,,,,,,,,,,,168.7,100,,,,,,,,,,,,,,,,,,
2026-07-05T23:03:22.345351+00:00,2026-07-05T23:03:22.345479,2,2,168.55,0.3,168.4,150,168.2,100,,,,,,,,,,,,,,,,,168.7,100,168.9,150,,,,,,,,,,,,,,,,
2026-07-05T23:03:23.115871+00:00,2026-07-05T23:03:23.115776,1,1,168.65,0.5,168.4,150,,,,,,,,,,,,,,,,,,,168.9,150,,,,,,,,,,,,,,,,,,
2026-07-05T23:03:23.164356+00:00,2026-07-05T23:03:23.164526,2,1,168.65,0.5,168.4,150,168.1,100,,,,,,,,,,,,,,,,,168.9,150,,,,,,,,,,,,,,,,,,
2026-07-05T23:03:23.224241+00:00,2026-07-05T23:03:23.224177,2,2,168.5,0.2,168.4,150,168.1,100,,,,,,,,,,,,,,,,,168.6,100,168.9,150,,,,,,,,,,,,,,,,
2026-07-05T23:03:23.489970+00:00,2026-07-05T23:03:23.489862,2,2,168.5,0.2,168.4,100,168.1,100,,,,,,,,,,,,,,,,,168.6,100,168.9,150,,,,,,,,,,,,,,,,
2026-07-05T23:03:24.027577+00:00,2026-07-05T23:03:24.027525,2,2,168.5,0.2,168.4,51,168.1,100,,,,,,,,,,,,,,,,,168.6,100,168.9,150,,,,,,,,,,,,,,,,
2026-07-05T23:03:25.402264+00:00,2026-07-05T23:03:25.402391,1,1,168.35,0.5,168.1,100,,,,,,,,,,,,,,,,,,,168.6,100,,,,,,,,,,,,,,,,,,
2026-07-05T23:03:25.458632+00:00,2026-07-05T23:03:25.451945,2,1,168.45,0.3,168.3,150,168.1,100,,,,,,,,,,,,,,,,,168.6,100,,,,,,,,,,,,,,,,,,
2026-07-05T23:03:25.506858+00:00,2026-07-05T23:03:25.506785,2,2,168.45,0.3,168.3,150,168.1,100,,,,,,,,,,,,,,,,,168.6,100,168.8,150,,,,,,,,,,,,,,,,
2026-07-05T23:03:25.616829+00:00,2026-07-05T23:03:25.616736,2,2,168.45,0.3,168.3,100,168.1,100,,,,,,,,,,,,,,,,,168.6,100,168.8,150,,,,,,,,,,,,,,,,
2026-07-05T23:03:26.278051+00:00,2026-07-05T23:03:26.277888,1,1,168.55,0.5,168.3,100,,,,,,,,,,,,,,,,,,,168.8,150,,,,,,,,,,,,,,,,,,
2026-07-05T23:03:26.332138+00:00,2026-07-05T23:03:26.332016,1,1,168.55,0.5,168.3,200,,,,,,,,,,,,,,,,,,,168.8,150,,,,,,,,,,,,,,,,,,
2026-07-05T23:03:26.384710+00:00,2026-07-05T23:03:26.384599,1,1,168.55,0.5,168.3,200,,,,,,,,,,,,,,,,,,,168.8,250,,,,,,,,,,,,,,,,,,
2026-07-05T23:03:27.553736+00:00,2026-07-05T23:03:27.553662,1,1,168.55,0.5,168.3,200,,,,,,,,,,,,,,,,,,,168.8,204,,,,,,,,,,,,,,,,,,
2026-07-05T23:03:27.673664+00:00,2026-07-05T23:03:27.673533,1,1,168.55,0.5,168.3,200,,,,,,,,,,,,,,,,,,,168.8,154,,,,,,,,,,,,,,,,,,
2026-07-05T23:03:28.563892+00:00,2026-07-05T23:03:28.563754,1,1,168.55,0.5,168.3,100,,,,,,,,,,,,,,,,,,,168.8,100,,,,,,,,,,,,,,,,,,
2026-07-05T23:03:28.618935+00:00,2026-07-05T23:03:28.618764,2,0,,,168.8,50,168.3,100,,,,,,,,,,,,,,,,,,,,,,,,,,,,,,,,,,,,
2026-07-05T23:03:28.624078+00:00,2026-07-05T23:03:28.624021,2,0,,,168.8,7,168.3,100,,,,,,,,,,,,,,,,,,,,,,,,,,,,,,,,,,,,
2026-07-05T23:03:28.673540+00:00,2026-07-05T23:03:28.673457,2,1,169.05,0.5,168.8,7,168.3,100,,,,,,,,,,,,,,,,,169.3,150,,,,,,,,,,,,,,,,,,
2026-07-05T23:03:29.437477+00:00,2026-07-05T23:03:29.437290,1,1,169.05,0.5,168.8,7,,,,,,,,,,,,,,,,,,,169.3,150,,,,,,,,,,,,,,,,,,
2026-07-05T23:03:29.490347+00:00,2026-07-05T23:03:29.490243,2,1,169.1,0.4,168.9,100,168.8,7,,,,,,,,,,,,,,,,,169.3,150,,,,,,,,,,,,,,,,,,
2026-07-05T23:03:29.540907+00:00,2026-07-05T23:03:29.540981,2,2,169.1,0.4,168.9,100,168.8,7,,,,,,,,,,,,,,,,,169.3,150,169.4,100,,,,,,,,,,,,,,,,
2026-07-05T23:03:29.681982+00:00,2026-07-05T23:03:29.681870,2,2,169.1,0.4,168.9,55,168.8,7,,,,,,,,,,,,,,,,,169.3,150,169.4,100,,,,,,,,,,,,,,,,
2026-07-05T23:03:29.831823+00:00,2026-07-05T23:03:29.831982,2,2,169.1,0.4,168.9,5,168.8,7,,,,,,,,,,,,,,,,,169.3,150,169.4,100,,,,,,,,,,,,,,,,
2026-07-05T23:03:31.728036+00:00,2026-07-05T23:03:31.727951,1,1,169.15,0.5,168.9,5,,,,,,,,,,,,,,,,,,,169.4,100,,,,,,,,,,,,,,,,,,
2026-07-05T23:03:31.782611+00:00,2026-07-05T23:03:31.782485,2,1,169.15,0.5,168.9,5,168.2,150,,,,,,,,,,,,,,,,,169.4,100,,,,,,,,,,,,,,,,,,
2026-07-05T23:03:31.842629+00:00,2026-07-05T23:03:31.836600,1,2,168.45,0.5,168.2,150,,,,,,,,,,,,,,,,,,,168.7,134,169.4,100,,,,,,,,,,,,,,,,
2026-07-05T23:03:31.885838+00:00,2026-07-05T23:03:31.885765,1,2,168.45,0.5,168.2,150,,,,,,,,,,,,,,,,,,,168.7,84,169.4,100,,,,,,,,,,,,,,,,
2026-07-05T23:03:31.939359+00:00,2026-07-05T23:03:31.939270,1,2,168.45,0.5,168.2,150,,,,,,,,,,,,,,,,,,,168.7,39,169.4,100,,,,,,,,,,,,,,,,
2026-07-05T23:03:32.592995+00:00,2026-07-05T23:03:32.593071,1,1,168.45,0.5,168.2,150,,,,,,,,,,,,,,,,,,,168.7,39,,,,,,,,,,,,,,,,,,
2026-07-05T23:03:32.645892+00:00,2026-07-05T23:03:32.645799,2,1,168.6,0.2,168.5,100,168.2,150,,,,,,,,,,,,,,,,,168.7,39,,,,,,,,,,,,,,,,,,
2026-07-05T23:03:32.696032+00:00,2026-07-05T23:03:32.695942,2,2,168.6,0.2,168.5,100,168.2,150,,,,,,,,,,,,,,,,,168.7,39,169.0,100,,,,,,,,,,,,,,,,
2026-07-05T23:03:34.045807+00:00,2026-07-05T23:03:34.045698,2,2,168.6,0.2,168.5,50,168.2,150,,,,,,,,,,,,,,,,,168.7,39,169.0,100,,,,,,,,,,,,,,,,
2026-07-05T23:03:34.890219+00:00,2026-07-05T23:03:34.890145,1,1,168.75,0.5,168.5,50,,,,,,,,,,,,,,,,,,,169.0,100,,,,,,,,,,,,,,,,,,
2026-07-05T23:03:34.943619+00:00,2026-07-05T23:03:34.943509,2,1,168.85,0.3,168.7,150,168.5,50,,,,,,,,,,,,,,,,,169.0,100,,,,,,,,,,,,,,,,,,
2026-07-05T23:03:34.998732+00:00,2026-07-05T23:03:34.998610,2,2,168.85,0.3,168.7,150,168.5,50,,,,,,,,,,,,,,,,,169.0,100,169.2,150,,,,,,,,,,,,,,,,
2026-07-05T23:03:35.749749+00:00,2026-07-05T23:03:35.749678,1,1,168.95,0.5,168.7,150,,,,,,,,,,,,,,,,,,,169.2,150,,,,,,,,,,,,,,,,,,
2026-07-05T23:03:35.809336+00:00,2026-07-05T23:03:35.809198,2,1,168.95,0.5,168.7,150,168.4,100,,,,,,,,,,,,,,,,,169.2,150,,,,,,,,,,,,,,,,,,
2026-07-05T23:03:35.858629+00:00,2026-07-05T23:03:35.857625,2,2,168.8,0.2,168.7,150,168.4,100,,,,,,,,,,,,,,,,,168.9,100,169.2,150,,,,,,,,,,,,,,,,
2026-07-05T23:03:36.155054+00:00,2026-07-05T23:03:36.155196,2,2,168.8,0.2,168.7,100,168.4,100,,,,,,,,,,,,,,,,,168.9,100,169.2,150,,,,,,,,,,,,,,,,
2026-07-05T23:03:36.907822+00:00,2026-07-05T23:03:36.907704,2,2,168.8,0.2,168.7,100,168.4,100,,,,,,,,,,,,,,,,,168.9,58,169.2,150,,,,,,,,,,,,,,,,
2026-07-05T23:03:37.427214+00:00,2026-07-05T23:03:37.427369,2,2,168.8,0.2,168.7,100,168.4,100,,,,,,,,,,,,,,,,,168.9,11,169.2,150,,,,,,,,,,,,,,,,
2026-07-05T23:03:38.058577+00:00,2026-07-05T23:03:38.055241,1,1,168.65,0.5,168.4,100,,,,,,,,,,,,,,,,,,,168.9,11,,,,,,,,,,,,,,,,,,
2026-07-05T23:03:38.106417+00:00,2026-07-05T23:03:38.106316,2,1,168.75,0.3,168.6,150,168.4,100,,,,,,,,,,,,,,,,,168.9,11,,,,,,,,,,,,,,,,,,
2026-07-05T23:03:38.158546+00:00,2026-07-05T23:03:38.157662,2,2,168.75,0.3,168.6,150,168.4,100,,,,,,,,,,,,,,,,,168.9,11,169.1,150,,,,,,,,,,,,,,,,
2026-07-05T23:03:38.269444+00:00,2026-07-05T23:03:38.269316,2,2,168.75,0.3,168.6,100,168.4,100,,,,,,,,,,,,,,,,,168.9,11,169.1,150,,,,,,,,,,,,,,,,
2026-07-05T23:03:38.916901+00:00,2026-07-05T23:03:38.916812,1,1,168.85,0.5,168.6,100,,,,,,,,,,,,,,,,,,,169.1,150,,,,,,,,,,,,,,,,,,
2026-07-05T23:03:38.971060+00:00,2026-07-05T23:03:38.970985,2,1,168.95,0.3,168.8,100,168.6,100,,,,,,,,,,,,,,,,,169.1,150,,,,,,,,,,,,,,,,,,
2026-07-05T23:03:39.023026+00:00,2026-07-05T23:03:39.022929,2,2,168.95,0.3,168.8,100,168.6,100,,,,,,,,,,,,,,,,,169.1,150,169.3,100,,,,,,,,,,,,,,,,
2026-07-05T23:03:40.371498+00:00,2026-07-05T23:03:40.371426,2,2,168.95,0.3,168.8,50,168.6,100,,,,,,,,,,,,,,,,,169.1,150,169.3,100,,,,,,,,,,,,,,,,
2026-07-05T23:03:41.224038+00:00,2026-07-05T23:03:41.223995,1,1,169.05,0.5,168.8,50,,,,,,,,,,,,,,,,,,,169.3,100,,,,,,,,,,,,,,,,,,
2026-07-05T23:03:41.277670+00:00,2026-07-05T23:03:41.277548,2,1,169.05,0.5,168.8,50,168.6,150,,,,,,,,,,,,,,,,,169.3,100,,,,,,,,,,,,,,,,,,
2026-07-05T23:03:41.331237+00:00,2026-07-05T23:03:41.331174,2,2,168.95,0.3,168.8,50,168.6,150,,,,,,,,,,,,,,,,,169.1,150,169.3,100,,,,,,,,,,,,,,,,
2026-07-05T23:03:41.856160+00:00,2026-07-05T23:03:41.857572,2,2,168.95,0.3,168.8,9,168.6,150,,,,,,,,,,,,,,,,,169.1,150,169.3,100,,,,,,,,,,,,,,,,
2026-07-05T23:03:42.074255+00:00,2026-07-05T23:03:42.074161,1,1,168.85,0.5,168.6,150,,,,,,,,,,,,,,,,,,,169.1,150,,,,,,,,,,,,,,,,,,
2026-07-05T23:03:42.132917+00:00,2026-07-05T23:03:42.133028,1,1,168.85,0.5,168.6,250,,,,,,,,,,,,,,,,,,,169.1,150,,,,,,,,,,,,,,,,,,
2026-07-05T23:03:42.185430+00:00,2026-07-05T23:03:42.185316,1,1,168.85,0.5,168.6,250,,,,,,,,,,,,,,,,,,,169.1,250,,,,,,,,,,,,,,,,,,
2026-07-05T23:03:42.479333+00:00,2026-07-05T23:03:42.479132,1,1,168.85,0.5,168.6,200,,,,,,,,,,,,,,,,,,,169.1,250,,,,,,,,,,,,,,,,,,
2026-07-05T23:03:43.470190+00:00,2026-07-05T23:03:43.470006,1,1,168.85,0.5,168.6,200,,,,,,,,,,,,,,,,,,,169.1,202,,,,,,,,,,,,,,,,,,
2026-07-05T23:03:43.528963+00:00,2026-07-05T23:03:43.528791,1,1,168.85,0.5,168.6,157,,,,,,,,,,,,,,,,,,,169.1,202,,,,,,,,,,,,,,,,,,
2026-07-05T23:03:44.381482+00:00,2026-07-05T23:03:44.381578,1,1,168.85,0.5,168.6,100,,,,,,,,,,,,,,,,,,,169.1,100,,,,,,,,,,,,,,,,,,
2026-07-05T23:03:44.438967+00:00,2026-07-05T23:03:44.439080,2,1,168.85,0.5,168.6,100,168.0,150,,,,,,,,,,,,,,,,,169.1,100,,,,,,,,,,,,,,,,,,
2026-07-05T23:03:44.502818+00:00,2026-07-05T23:03:44.496516,1,2,168.25,0.5,168.0,150,,,,,,,,,,,,,,,,,,,168.5,38,169.1,100,,,,,,,,,,,,,,,,
2026-07-05T23:03:44.534666+00:00,2026-07-05T23:03:44.534769,1,1,168.55,1.1,168.0,150,,,,,,,,,,,,,,,,,,,169.1,88,,,,,,,,,,,,,,,,,,
2026-07-05T23:03:45.238791+00:00,2026-07-05T23:03:45.238687,1,0,,,168.0,150,,,,,,,,,,,,,,,,,,,,,,,,,,,,,,,,,,,,,,
2026-07-05T23:03:45.292515+00:00,2026-07-05T23:03:45.292615,2,0,,,168.1,100,168.0,150,,,,,,,,,,,,,,,,,,,,,,,,,,,,,,,,,,,,
2026-07-05T23:03:45.355858+00:00,2026-07-05T23:03:45.349922,2,1,168.3,0.4,168.1,100,168.0,150,,,,,,,,,,,,,,,,,168.5,77,,,,,,,,,,,,,,,,,,
2026-07-05T23:03:46.329135+00:00,2026-07-05T23:03:46.329065,2,1,168.3,0.4,168.1,100,168.0,150,,,,,,,,,,,,,,,,,168.5,30,,,,,,,,,,,,,,,,,,
2026-07-05T23:03:46.646292+00:00,2026-07-05T23:03:46.646231,2,0,,,168.1,100,168.0,150,,,,,,,,,,,,,,,,,,,,,,,,,,,,,,,,,,,,
2026-07-05T23:03:47.548779+00:00,2026-07-05T23:03:47.548718,1,0,,,168.1,100,,,,,,,,,,,,,,,,,,,,,,,,,,,,,,,,,,,,,,
2026-07-05T23:03:47.602471+00:00,2026-07-05T23:03:47.602590,2,0,,,168.5,150,168.1,100,,,,,,,,,,,,,,,,,,,,,,,,,,,,,,,,,,,,
2026-07-05T23:03:47.673459+00:00,2026-07-05T23:03:47.667874,2,1,168.75,0.5,168.5,127,168.1,100,,,,,,,,,,,,,,,,,169.0,150,,,,,,,,,,,,,,,,,,
2026-07-05T23:03:47.810113+00:00,2026-07-05T23:03:47.810013,2,1,168.75,0.5,168.5,126,168.1,100,,,,,,,,,,,,,,,,,169.0,150,,,,,,,,,,,,,,,,,,
2026-07-05T23:03:48.399423+00:00,2026-07-05T23:03:48.399388,1,1,168.75,0.5,168.5,126,,,,,,,,,,,,,,,,,,,169.0,150,,,,,,,,,,,,,,,,,,
2026-07-05T23:03:48.458571+00:00,2026-07-05T23:03:48.447139,2,1,168.75,0.5,168.5,126,168.4,100,,,,,,,,,,,,,,,,,169.0,150,,,,,,,,,,,,,,,,,,
2026-07-05T23:03:48.503845+00:00,2026-07-05T23:03:48.503756,2,2,168.65,0.3,168.5,126,168.4,100,,,,,,,,,,,,,,,,,168.8,100,169.0,150,,,,,,,,,,,,,,,,
2026-07-05T23:03:48.758584+00:00,2026-07-05T23:03:48.750353,2,2,168.65,0.3,168.5,126,168.4,100,,,,,,,,,,,,,,,,,168.8,50,169.0,150,,,,,,,,,,,,,,,,
2026-07-05T23:03:48.823951+00:00,2026-07-05T23:03:48.823843,3,3,168.65,0.1,168.6,10,168.5,126,168.4,100,,,,,,,,,,,,,,,168.7,10,168.8,50,169.0,150,,,,,,,,,,,,,,
2026-07-05T23:03:49.720619+00:00,2026-07-05T23:03:49.713531,2,3,168.6,0.2,168.5,126,168.4,100,,,,,,,,,,,,,,,,,168.7,10,168.8,50,169.0,150,,,,,,,,,,,,,,
2026-07-05T23:03:49.736148+00:00,2026-07-05T23:03:49.736003,2,3,168.6,0.2,168.5,83,168.4,100,,,,,,,,,,,,,,,,,168.7,10,168.8,50,169.0,150,,,,,,,,,,,,,,
2026-07-05T23:03:49.831658+00:00,2026-07-05T23:03:49.831487,2,2,168.65,0.3,168.5,83,168.4,100,,,,,,,,,,,,,,,,,168.8,50,169.0,150,,,,,,,,,,,,,,,,
2026-07-05T23:03:49.842068+00:00,2026-07-05T23:03:49.841976,2,3,168.55,0.1,168.5,93,168.4,100,,,,,,,,,,,,,,,,,168.6,10,168.8,50,169.0,150,,,,,,,,,,,,,,
2026-07-05T23:03:50.709419+00:00,2026-07-05T23:03:50.709288,2,2,168.55,0.1,168.5,10,168.4,100,,,,,,,,,,,,,,,,,168.6,10,168.8,50,,,,,,,,,,,,,,,,
2026-07-05T23:03:50.767165+00:00,2026-07-05T23:03:50.767029,3,2,168.55,0.1,168.5,10,168.4,100,168.3,150,,,,,,,,,,,,,,,168.6,10,168.8,50,,,,,,,,,,,,,,,,
2026-07-05T23:03:50.821456+00:00,2026-07-05T23:03:50.821325,3,2,168.55,0.1,168.5,10,168.4,100,168.3,150,,,,,,,,,,,,,,,168.6,10,168.8,200,,,,,,,,,,,,,,,,
2026-07-05T23:03:50.851297+00:00,2026-07-05T23:03:50.851474,2,1,168.6,0.4,168.4,100,168.3,150,,,,,,,,,,,,,,,,,168.8,200,,,,,,,,,,,,,,,,,,
2026-07-05T23:03:50.858699+00:00,2026-07-05T23:03:50.856859,2,2,168.5,0.2,168.4,110,168.3,150,,,,,,,,,,,,,,,,,168.6,10,168.8,150,,,,,,,,,,,,,,,,
2026-07-05T23:03:50.881499+00:00,2026-07-05T23:03:50.881671,2,1,168.6,0.4,168.4,110,168.3,150,,,,,,,,,,,,,,,,,168.8,150,,,,,,,,,,,,,,,,,,
2026-07-05T23:03:51.558594+00:00,2026-07-05T23:03:51.558447,2,1,168.6,0.4,168.4,10,168.3,150,,,,,,,,,,,,,,,,,168.8,150,,,,,,,,,,,,,,,,,,
2026-07-05T23:03:51.611224+00:00,2026-07-05T23:03:51.611129,3,1,168.65,0.3,168.5,100,168.4,10,168.3,150,,,,,,,,,,,,,,,168.8,150,,,,,,,,,,,,,,,,,,
2026-07-05T23:03:51.658625+00:00,2026-07-05T23:03:51.658451,3,2,168.65,0.3,168.5,100,168.4,10,168.3,150,,,,,,,,,,,,,,,168.8,150,169.0,100,,,,,,,,,,,,,,,,
2026-07-05T23:03:51.869986+00:00,2026-07-05T23:03:51.869797,2,2,168.65,0.3,168.5,100,168.3,150,,,,,,,,,,,,,,,,,168.8,150,169.0,100,,,,,,,,,,,,,,,,
2026-07-05T23:03:51.896213+00:00,2026-07-05T23:03:51.890774,3,3,168.65,0.1,168.6,8,168.5,100,168.3,150,,,,,,,,,,,,,,,168.7,10,168.8,150,169.0,100,,,,,,,,,,,,,,
2026-07-05T23:03:52.895688+00:00,2026-07-05T23:03:52.895601,2,2,168.65,0.3,168.5,100,168.3,150,,,,,,,,,,,,,,,,,168.8,150,169.0,100,,,,,,,,,,,,,,,,
2026-07-05T23:03:52.906030+00:00,2026-07-05T23:03:52.905967,3,2,168.7,0.2,168.6,10,168.5,100,168.3,150,,,,,,,,,,,,,,,168.8,150,169.0,100,,,,,,,,,,,,,,,,
2026-07-05T23:03:52.911253+00:00,2026-07-05T23:03:52.911170,3,3,168.65,0.1,168.6,10,168.5,100,168.3,150,,,,,,,,,,,,,,,168.7,10,168.8,150,169.0,100,,,,,,,,,,,,,,
2026-07-05T23:03:53.024943+00:00,2026-07-05T23:03:53.024870,2,3,168.6,0.2,168.5,60,168.3,150,,,,,,,,,,,,,,,,,168.7,10,168.8,150,169.0,100,,,,,,,,,,,,,,
2026-07-05T23:03:53.874553+00:00,2026-07-05T23:03:53.874674,1,2,168.6,0.2,168.5,60,,,,,,,,,,,,,,,,,,,168.7,10,169.0,100,,,,,,,,,,,,,,,,
2026-07-05T23:03:53.912457+00:00,2026-07-05T23:03:53.912309,1,1,168.75,0.5,168.5,60,,,,,,,,,,,,,,,,,,,169.0,100,,,,,,,,,,,,,,,,,,
2026-07-05T23:03:53.928001+00:00,2026-07-05T23:03:53.927895,1,1,168.75,0.5,168.5,70,,,,,,,,,,,,,,,,,,,169.0,100,,,,,,,,,,,,,,,,,,
2026-07-05T23:03:53.964210+00:00,2026-07-05T23:03:53.964126,2,2,168.65,0.3,168.5,70,168.2,150,,,,,,,,,,,,,,,,,168.8,10,169.0,100,,,,,,,,,,,,,,,,
2026-07-05T23:03:54.013298+00:00,2026-07-05T23:03:54.013133,2,3,168.6,0.2,168.5,70,168.2,150,,,,,,,,,,,,,,,,,168.7,150,168.8,10,169.0,100,,,,,,,,,,,,,,
2026-07-05T23:03:54.718489+00:00,2026-07-05T23:03:54.718366,2,2,168.6,0.2,168.5,10,168.2,150,,,,,,,,,,,,,,,,,168.7,150,168.8,10,,,,,,,,,,,,,,,,
2026-07-05T23:03:54.774364+00:00,2026-07-05T23:03:54.774290,3,2,168.6,0.2,168.5,10,168.3,100,168.2,150,,,,,,,,,,,,,,,168.7,150,168.8,10,,,,,,,,,,,,,,,,
2026-07-05T23:03:54.827173+00:00,2026-07-05T23:03:54.827048,3,2,168.6,0.2,168.5,10,168.3,100,168.2,150,,,,,,,,,,,,,,,168.7,150,168.8,110,,,,,,,,,,,,,,,,
2026-07-05T23:03:54.971803+00:00,2026-07-05T23:03:54.971713,2,2,168.5,0.4,168.3,100,168.2,150,,,,,,,,,,,,,,,,,168.7,150,168.8,100,,,,,,,,,,,,,,,,
2026-07-05T23:03:54.977047+00:00,2026-07-05T23:03:54.976923,2,3,168.4,0.2,168.3,110,168.2,150,,,,,,,,,,,,,,,,,168.5,10,168.7,150,168.8,100,,,,,,,,,,,,,,
2026-07-05T23:03:55.133903+00:00,2026-07-05T23:03:55.133795,2,3,168.4,0.2,168.3,60,168.2,150,,,,,,,,,,,,,,,,,168.5,10,168.7,150,168.8,100,,,,,,,,,,,,,,
2026-07-05T23:03:55.985214+00:00,2026-07-05T23:03:55.985361,2,2,168.5,0.4,168.3,50,168.2,150,,,,,,,,,,,,,,,,,168.7,150,168.8,100,,,,,,,,,,,,,,,,
2026-07-05T23:03:55.990666+00:00,2026-07-05T23:03:55.990550,2,3,168.4,0.2,168.3,60,168.2,150,,,,,,,,,,,,,,,,,168.5,10,168.7,150,168.8,100,,,,,,,,,,,,,,
2026-07-05T23:03:56.998654+00:00,2026-07-05T23:03:56.998584,2,2,168.5,0.4,168.3,50,168.2,150,,,,,,,,,,,,,,,,,168.7,150,168.8,100,,,,,,,,,,,,,,,,
2026-07-05T23:03:57.003658+00:00,2026-07-05T23:03:57.003812,2,3,168.4,0.2,168.3,60,168.2,150,,,,,,,,,,,,,,,,,168.5,10,168.7,150,168.8,100,,,,,,,,,,,,,,
2026-07-05T23:03:57.075145+00:00,2026-07-05T23:03:57.075293,1,2,168.4,0.2,168.3,60,,,,,,,,,,,,,,,,,,,168.5,10,168.8,100,,,,,,,,,,,,,,,,
2026-07-05T23:03:57.131927+00:00,2026-07-05T23:03:57.131813,2,2,168.4,0.2,168.3,60,168.0,150,,,,,,,,,,,,,,,,,168.5,10,168.8,100,,,,,,,,,,,,,,,,
2026-07-05T23:03:57.186343+00:00,2026-07-05T23:03:57.186134,2,2,168.4,0.2,168.3,60,168.0,150,,,,,,,,,,,,,,,,,168.5,160,168.8,100,,,,,,,,,,,,,,,,
2026-07-05T23:03:57.239685+00:00,2026-07-05T23:03:57.239662,2,2,168.4,0.2,168.3,10,168.0,150,,,,,,,,,,,,,,,,,168.5,160,168.8,100,,,,,,,,,,,,,,,,
2026-07-05T23:03:57.391140+00:00,2026-07-05T23:03:57.391360,1,2,168.25,0.5,168.0,115,,,,,,,,,,,,,,,,,,,168.5,160,168.8,100,,,,,,,,,,,,,,,,
2026-07-05T23:03:57.881273+00:00,2026-07-05T23:03:57.881131,1,1,168.25,0.5,168.0,115,,,,,,,,,,,,,,,,,,,168.5,160,,,,,,,,,,,,,,,,,,
2026-07-05T23:03:57.933678+00:00,2026-07-05T23:03:57.933618,2,1,168.35,0.3,168.2,100,168.0,115,,,,,,,,,,,,,,,,,168.5,160,,,,,,,,,,,,,,,,,,
2026-07-05T23:03:57.987266+00:00,2026-07-05T23:03:57.987200,2,2,168.35,0.3,168.2,100,168.0,115,,,,,,,,,,,,,,,,,168.5,160,168.7,100,,,,,,,,,,,,,,,,
2026-07-05T23:03:58.010413+00:00,2026-07-05T23:03:58.010198,2,2,168.35,0.3,168.2,100,168.0,115,,,,,,,,,,,,,,,,,168.5,150,168.7,100,,,,,,,,,,,,,,,,
2026-07-05T23:03:58.020549+00:00,2026-07-05T23:03:58.020643,2,2,168.35,0.3,168.2,100,168.0,125,,,,,,,,,,,,,,,,,168.5,150,168.7,100,,,,,,,,,,,,,,,,
2026-07-05T23:03:58.025713+00:00,2026-07-05T23:03:58.025816,2,3,168.25,0.1,168.2,100,168.0,125,,,,,,,,,,,,,,,,,168.3,10,168.5,150,168.7,100,,,,,,,,,,,,,,
2026-07-05T23:03:58.035776+00:00,2026-07-05T23:03:58.029914,2,2,168.35,0.3,168.2,100,168.0,125,,,,,,,,,,,,,,,,,168.5,150,168.7,100,,,,,,,,,,,,,,,,
2026-07-05T23:03:58.255751+00:00,2026-07-05T23:03:58.249964,2,2,168.35,0.3,168.2,100,168.0,125,,,,,,,,,,,,,,,,,168.5,148,168.7,100,,,,,,,,,,,,,,,,
2026-07-05T23:03:59.032840+00:00,2026-07-05T23:03:59.032628,2,2,168.35,0.3,168.2,100,168.0,115,,,,,,,,,,,,,,,,,168.5,148,168.7,100,,,,,,,,,,,,,,,,
2026-07-05T23:03:59.037972+00:00,2026-07-05T23:03:59.037884,3,2,168.35,0.3,168.2,100,168.1,10,168.0,115,,,,,,,,,,,,,,,168.5,148,168.7,100,,,,,,,,,,,,,,,,
2026-07-05T23:03:59.043229+00:00,2026-07-05T23:03:59.043140,3,3,168.3,0.2,168.2,100,168.1,10,168.0,115,,,,,,,,,,,,,,,168.4,10,168.5,148,168.7,100,,,,,,,,,,,,,,
2026-07-05T23:03:59.139681+00:00,2026-07-05T23:03:59.139910,3,2,168.35,0.3,168.2,100,168.1,10,168.0,115,,,,,,,,,,,,,,,168.5,117,168.7,100,,,,,,,,,,,,,,,,
2026-07-05T23:03:59.297132+00:00,2026-07-05T23:03:59.296948,3,2,168.35,0.3,168.2,100,168.1,10,168.0,115,,,,,,,,,,,,,,,168.5,67,168.7,100,,,,,,,,,,,,,,,,
2026-07-05T23:04:00.058670+00:00,2026-07-05T23:04:00.051687,2,2,168.35,0.3,168.2,110,168.0,115,,,,,,,,,,,,,,,,,168.5,67,168.7,100,,,,,,,,,,,,,,,,
2026-07-05T23:04:00.063933+00:00,2026-07-05T23:04:00.063804,2,2,168.35,0.3,168.2,110,168.0,115,,,,,,,,,,,,,,,,,168.5,77,168.7,100,,,,,,,,,,,,,,,,
2026-07-05T23:04:00.241269+00:00,2026-07-05T23:04:00.241191,1,2,168.35,0.3,168.2,110,,,,,,,,,,,,,,,,,,,168.5,10,168.7,100,,,,,,,,,,,,,,,,
2026-07-05T23:04:00.296923+00:00,2026-07-05T23:04:00.296746,2,2,168.45,0.1,168.4,150,168.2,110,,,,,,,,,,,,,,,,,168.5,10,168.7,100,,,,,,,,,,,,,,,,
2026-07-05T23:04:00.349788+00:00,2026-07-05T23:04:00.349712,2,3,168.45,0.1,168.4,150,168.2,110,,,,,,,,,,,,,,,,,168.5,10,168.7,100,168.9,150,,,,,,,,,,,,,,
2026-07-05T23:04:00.695304+00:00,2026-07-05T23:04:00.695184,2,3,168.45,0.1,168.4,105,168.2,110,,,,,,,,,,,,,,,,,168.5,10,168.7,100,168.9,150,,,,,,,,,,,,,,
2026-07-05T23:04:01.041215+00:00,2026-07-05T23:04:01.041144,2,2,168.45,0.1,168.4,105,168.2,10,,,,,,,,,,,,,,,,,168.5,10,168.9,150,,,,,,,,,,,,,,,,
2026-07-05T23:04:01.075001+00:00,2026-07-05T23:04:01.074918,1,1,168.65,0.5,168.4,115,,,,,,,,,,,,,,,,,,,168.9,150,,,,,,,,,,,,,,,,,,
