recv_time,book_timestamp,n_bids,n_asks,mid,spread,bid_px_0,bid_vol_0,bid_px_1,bid_vol_1,bid_px_2,bid_vol_2,bid_px_3,bid_vol_3,bid_px_4,bid_vol_4,bid_px_5,bid_vol_5,bid_px_6,bid_vol_6,bid_px_7,bid_vol_7,bid_px_8,bid_vol_8,bid_px_9,bid_vol_9,ask_px_0,ask_vol_0,ask_px_1,ask_vol_1,ask_px_2,ask_vol_2,ask_px_3,ask_vol_3,ask_px_4,ask_vol_4,ask_px_5,ask_vol_5,ask_px_6,ask_vol_6,ask_px_7,ask_vol_7,ask_px_8,ask_vol_8,ask_px_9,ask_vol_9
2026-07-05T21:00:00.238871+00:00,2026-07-05T21:00:00.249835,1,1,162.35,0.5,162.1,250,,,,,,,,,,,,,,,,,,,162.6,100,,,,,,,,,,,,,,,,,,
2026-07-05T21:00:00.313757+00:00,2026-07-05T21:00:00.313698,1,1,162.35,0.5,162.1,250,,,,,,,,,,,,,,,,,,,162.6,250,,,,,,,,,,,,,,,,,,
2026-07-05T21:00:00.539303+00:00,2026-07-05T21:00:00.539251,1,1,162.35,0.5,162.1,200,,,,,,,,,,,,,,,,,,,162.6,250,,,,,,,,,,,,,,,,,,
2026-07-05T21:00:01.565868+00:00,2026-07-05T21:00:01.571695,1,1,162.35,0.5,162.1,150,,,,,,,,,,,,,,,,,,,162.6,150,,,,,,,,,,,,,,,,,,
2026-07-05T21:00:01.635412+00:00,2026-07-05T21:00:01.635298,2,1,162.35,0.5,162.1,150,162.0,100,,,,,,,,,,,,,,,,,162.6,150,,,,,,,,,,,,,,,,,,
2026-07-05T21:00:01.692837+00:00,2026-07-05T21:00:01.678049,2,2,162.3,0.4,162.1,150,162.0,100,,,,,,,,,,,,,,,,,162.5,100,162.6,150,,,,,,,,,,,,,,,,
2026-07-05T21:00:02.647429+00:00,2026-07-05T21:00:02.647314,2,2,162.3,0.4,162.1,100,162.0,100,,,,,,,,,,,,,,,,,162.5,100,162.6,150,,,,,,,,,,,,,,,,
2026-07-05T21:00:03.217733+00:00,2026-07-05T21:00:03.217607,2,2,162.3,0.4,162.1,100,162.0,100,,,,,,,,,,,,,,,,,162.5,52,162.6,150,,,,,,,,,,,,,,,,
2026-07-05T21:00:03.367723+00:00,2026-07-05T21:00:03.367654,1,1,162.25,0.5,162.0,100,,,,,,,,,,,,,,,,,,,162.5,52,,,,,,,,,,,,,,,,,,
2026-07-05T21:00:03.422419+00:00,2026-07-05T21:00:03.422358,2,1,162.25,0.5,162.0,100,161.9,150,,,,,,,,,,,,,,,,,162.5,52,,,,,,,,,,,,,,,,,,
2026-07-05T21:00:03.475825+00:00,2026-07-05T21:00:03.475776,2,2,162.2,0.4,162.0,100,161.9,150,,,,,,,,,,,,,,,,,162.4,150,162.5,52,,,,,,,,,,,,,,,,
2026-07-05T21:00:03.794563+00:00,2026-07-05T21:00:03.794747,2,2,162.2,0.4,162.0,57,161.9,150,,,,,,,,,,,,,,,,,162.4,150,162.5,52,,,,,,,,,,,,,,,,
2026-07-05T21:00:04.717576+00:00,2026-07-05T21:00:04.717498,2,2,162.2,0.4,162.0,57,161.9,150,,,,,,,,,,,,,,,,,162.4,108,162.5,52,,,,,,,,,,,,,,,,
2026-07-05T21:00:04.741325+00:00,2026-07-05T21:00:04.741444,1,1,162.15,0.5,161.9,150,,,,,,,,,,,,,,,,,,,162.4,108,,,,,,,,,,,,,,,,,,
2026-07-05T21:00:04.758598+00:00,2026-07-05T21:00:04.757416,1,1,162.15,0.5,161.9,100,,,,,,,,,,,,,,,,,,,162.4,108,,,,,,,,,,,,,,,,,,
2026-07-05T21:00:04.796344+00:00,2026-07-05T21:00:04.796243,2,1,162.2,0.4,162.0,100,161.9,100,,,,,,,,,,,,,,,,,162.4,108,,,,,,,,,,,,,,,,,,
2026-07-05T21:00:04.848913+00:00,2026-07-05T21:00:04.848997,2,2,162.2,0.4,162.0,100,161.9,100,,,,,,,,,,,,,,,,,162.4,108,162.5,100,,,,,,,,,,,,,,,,
2026-07-05T21:00:05.681293+00:00,2026-07-05T21:00:05.681175,2,2,162.2,0.4,162.0,52,161.9,100,,,,,,,,,,,,,,,,,162.4,108,162.5,100,,,,,,,,,,,,,,,,
2026-07-05T21:00:06.530072+00:00,2026-07-05T21:00:06.530021,1,1,162.25,0.5,162.0,52,,,,,,,,,,,,,,,,,,,162.5,100,,,,,,,,,,,,,,,,,,
2026-07-05T21:00:06.585187+00:00,2026-07-05T21:00:06.585102,2,1,162.25,0.5,162.0,52,161.8,150,,,,,,,,,,,,,,,,,162.5,100,,,,,,,,,,,,,,,,,,
2026-07-05T21:00:06.637659+00:00,2026-07-05T21:00:06.637540,2,2,162.15,0.3,162.0,52,161.8,150,,,,,,,,,,,,,,,,,162.3,150,162.5,100,,,,,,,,,,,,,,,,
2026-07-05T21:00:06.797320+00:00,2026-07-05T21:00:06.797154,2,2,162.15,0.3,162.0,52,161.8,150,,,,,,,,,,,,,,,,,162.3,102,162.5,100,,,,,,,,,,,,,,,,
2026-07-05T21:00:06.864395+00:00,2026-07-05T21:00:06.864340,2,2,162.15,0.3,162.0,2,161.8,150,,,,,,,,,,,,,,,,,162.3,102,162.5,100,,,,,,,,,,,,,,,,
2026-07-05T21:00:07.369396+00:00,2026-07-05T21:00:07.369255,2,2,162.15,0.3,162.0,2,161.8,150,,,,,,,,,,,,,,,,,162.3,55,162.5,100,,,,,,,,,,,,,,,,
2026-07-05T21:00:07.913531+00:00,2026-07-05T21:00:07.913476,1,1,162.05,0.5,161.8,150,,,,,,,,,,,,,,,,,,,162.3,55,,,,,,,,,,,,,,,,,,
2026-07-05T21:00:07.953577+00:00,2026-07-05T21:00:07.958381,2,1,162.05,0.5,161.8,150,161.5,100,,,,,,,,,,,,,,,,,162.3,55,,,,,,,,,,,,,,,,,,
2026-07-05T21:00:08.043877+00:00,2026-07-05T21:00:08.035838,2,2,161.9,0.2,161.8,150,161.5,100,,,,,,,,,,,,,,,,,162.0,74,162.3,55,,,,,,,,,,,,,,,,
2026-07-05T21:00:08.479808+00:00,2026-07-05T21:00:08.479741,2,2,161.9,0.2,161.8,110,161.5,100,,,,,,,,,,,,,,,,,162.0,74,162.3,55,,,,,,,,,,,,,,,,
2026-07-05T21:00:08.920319+00:00,2026-07-05T21:00:08.920187,2,2,161.9,0.2,161.8,110,161.5,100,,,,,,,,,,,,,,,,,162.0,24,162.3,55,,,,,,,,,,,,,,,,
2026-07-05T21:00:09.690275+00:00,2026-07-05T21:00:09.690402,1,1,161.75,0.5,161.5,100,,,,,,,,,,,,,,,,,,,162.0,24,,,,,,,,,,,,,,,,,,
2026-07-05T21:00:09.745665+00:00,2026-07-05T21:00:09.745532,2,0,,,162.1,126,161.5,100,,,,,,,,,,,,,,,,,,,,,,,,,,,,,,,,,,,,
2026-07-05T21:00:09.799594+00:00,2026-07-05T21:00:09.799549,2,1,162.35,0.5,162.1,126,161.5,100,,,,,,,,,,,,,,,,,162.6,150,,,,,,,,,,,,,,,,,,
2026-07-05T21:00:10.567718+00:00,2026-07-05T21:00:10.562016,2,1,162.35,0.5,162.1,114,161.5,100,,,,,,,,,,,,,,,,,162.6,150,,,,,,,,,,,,,,,,,,
2026-07-05T21:00:10.638307+00:00,2026-07-05T21:00:10.638543,2,1,162.35,0.5,162.1,66,161.5,100,,,,,,,,,,,,,,,,,162.6,150,,,,,,,,,,,,,,,,,,
2026-07-05T21:00:11.026978+00:00,2026-07-05T21:00:11.026867,2,1,162.35,0.5,162.1,66,161.5,100,,,,,,,,,,,,,,,,,162.6,100,,,,,,,,,,,,,,,,,,
2026-07-05T21:00:11.070244+00:00,2026-07-05T21:00:11.070152,1,1,162.35,0.5,162.1,66,,,,,,,,,,,,,,,,,,,162.6,100,,,,,,,,,,,,,,,,,,
2026-07-05T21:00:11.122711+00:00,2026-07-05T21:00:11.122668,2,1,162.35,0.5,162.1,66,161.8,100,,,,,,,,,,,,,,,,,162.6,100,,,,,,,,,,,,,,,,,,
2026-07-05T21:00:11.175607+00:00,2026-07-05T21:00:11.175548,2,2,162.2,0.2,162.1,66,161.8,100,,,,,,,,,,,,,,,,,162.3,100,162.6,100,,,,,,,,,,,,,,,,
2026-07-05T21:00:11.673668+00:00,2026-07-05T21:00:11.574865,2,2,162.2,0.2,162.1,66,161.8,100,,,,,,,,,,,,,,,,,162.3,55,162.6,100,,,,,,,,,,,,,,,,
2026-07-05T21:00:11.880917+00:00,2026-07-05T21:00:11.874778,2,2,162.2,0.2,162.1,55,161.8,100,,,,,,,,,,,,,,,,,162.3,55,162.6,100,,,,,,,,,,,,,,,,
2026-07-05T21:00:12.852626+00:00,2026-07-05T21:00:12.852750,1,1,162.05,0.5,161.8,100,,,,,,,,,,,,,,,,,,,162.3,55,,,,,,,,,,,,,,,,,,
2026-07-05T21:00:12.908299+00:00,2026-07-05T21:00:12.908399,2,1,162.05,0.5,161.8,100,161.6,150,,,,,,,,,,,,,,,,,162.3,55,,,,,,,,,,,,,,,,,,
2026-07-05T21:00:12.958620+00:00,2026-07-05T21:00:12.956720,2,2,161.95,0.3,161.8,100,161.6,150,,,,,,,,,,,,,,,,,162.1,150,162.3,55,,,,,,,,,,,,,,,,
2026-07-05T21:00:13.136506+00:00,2026-07-05T21:00:13.136427,2,2,161.95,0.3,161.8,100,161.6,150,,,,,,,,,,,,,,,,,162.1,100,162.3,55,,,,,,,,,,,,,,,,
2026-07-05T21:00:13.282764+00:00,2026-07-05T21:00:13.282680,2,2,161.95,0.3,161.8,100,161.6,150,,,,,,,,,,,,,,,,,162.1,51,162.3,55,,,,,,,,,,,,,,,,
2026-07-05T21:00:14.234169+00:00,2026-07-05T21:00:14.234399,1,1,161.85,0.5,161.6,150,,,,,,,,,,,,,,,,,,,162.1,51,,,,,,,,,,,,,,,,,,
2026-07-05T21:00:14.288579+00:00,2026-07-05T21:00:14.288495,2,1,162.0,0.2,161.9,100,161.6,150,,,,,,,,,,,,,,,,,162.1,51,,,,,,,,,,,,,,,,,,
2026-07-05T21:00:14.341147+00:00,2026-07-05T21:00:14.341025,2,2,162.0,0.2,161.9,100,161.6,150,,,,,,,,,,,,,,,,,162.1,51,162.4,100,,,,,,,,,,,,,,,,
2026-07-05T21:00:15.241334+00:00,2026-07-05T21:00:15.241452,2,2,162.0,0.2,161.9,100,161.6,150,,,,,,,,,,,,,,,,,162.1,1,162.4,100,,,,,,,,,,,,,,,,
2026-07-05T21:00:15.843643+00:00,2026-07-05T21:00:15.843585,2,2,162.0,0.2,161.9,58,161.6,150,,,,,,,,,,,,,,,,,162.1,1,162.4,100,,,,,,,,,,,,,,,,
2026-07-05T21:00:16.016507+00:00,2026-07-05T21:00:16.016397,1,1,162.15,0.5,161.9,58,,,,,,,,,,,,,,,,,,,162.4,100,,,,,,,,,,,,,,,,,,
2026-07-05T21:00:16.077511+00:00,2026-07-05T21:00:16.072516,2,1,162.35,0.1,162.3,147,161.9,58,,,,,,,,,,,,,,,,,162.4,100,,,,,,,,,,,,,,,,,,
2026-07-05T21:00:16.122981+00:00,2026-07-05T21:00:16.122892,2,2,162.35,0.1,162.3,147,161.9,58,,,,,,,,,,,,,,,,,162.4,100,162.8,150,,,,,,,,,,,,,,,,
2026-07-05T21:00:17.358752+00:00,2026-07-05T21:00:17.358696,2,2,162.35,0.1,162.3,147,161.9,58,,,,,,,,,,,,,,,,,162.4,50,162.8,150,,,,,,,,,,,,,,,,
2026-07-05T21:00:17.394166+00:00,2026-07-05T21:00:17.394103,1,1,162.55,0.5,162.3,147,,,,,,,,,,,,,,,,,,,162.8,150,,,,,,,,,,,,,,,,,,
2026-07-05T21:00:17.443765+00:00,2026-07-05T21:00:17.444001,2,1,162.55,0.5,162.3,147,161.8,100,,,,,,,,,,,,,,,,,162.8,150,,,,,,,,,,,,,,,,,,
2026-07-05T21:00:17.502809+00:00,2026-07-05T21:00:17.502735,2,1,162.55,0.5,162.3,47,161.8,100,,,,,,,,,,,,,,,,,162.8,150,,,,,,,,,,,,,,,,,,
2026-07-05T21:00:19.177690+00:00,2026-07-05T21:00:19.177640,1,0,,,161.8,100,,,,,,,,,,,,,,,,,,,,,,,,,,,,,,,,,,,,,,
2026-07-05T21:00:19.232723+00:00,2026-07-05T21:00:19.232618,2,0,,,161.9,150,161.8,100,,,,,,,,,,,,,,,,,,,,,,,,,,,,,,,,,,,,
2026-07-05T21:00:19.287020+00:00,2026-07-05T21:00:19.286889,2,1,162.15,0.5,161.9,150,161.8,100,,,,,,,,,,,,,,,,,162.4,150,,,,,,,,,,,,,,,,,,
2026-07-05T21:00:19.463829+00:00,2026-07-05T21:00:19.463776,2,1,162.15,0.5,161.9,150,161.8,100,,,,,,,,,,,,,,,,,162.4,100,,,,,,,,,,,,,,,,,,
2026-07-05T21:00:19.520026+00:00,2026-07-05T21:00:19.519954,2,1,162.15,0.5,161.9,103,161.8,100,,,,,,,,,,,,,,,,,162.4,100,,,,,,,,,,,,,,,,,,
2026-07-05T21:00:20.558629+00:00,2026-07-05T21:00:20.558529,1,1,162.15,0.5,161.9,103,,,,,,,,,,,,,,,,,,,162.4,100,,,,,,,,,,,,,,,,,,
2026-07-05T21:00:20.627079+00:00,2026-07-05T21:00:20.627002,2,1,162.35,0.1,162.3,100,161.9,103,,,,,,,,,,,,,,,,,162.4,100,,,,,,,,,,,,,,,,,,
2026-07-05T21:00:20.681747+00:00,2026-07-05T21:00:20.681620,2,2,162.35,0.1,162.3,100,161.9,103,,,,,,,,,,,,,,,,,162.4,100,162.8,100,,,,,,,,,,,,,,,,
2026-07-05T21:00:21.554857+00:00,2026-07-05T21:00:21.555166,2,2,162.35,0.1,162.3,100,161.9,103,,,,,,,,,,,,,,,,,162.4,50,162.8,100,,,,,,,,,,,,,,,,
2026-07-05T21:00:22.339003+00:00,2026-07-05T21:00:22.338953,1,1,162.55,0.5,162.3,100,,,,,,,,,,,,,,,,,,,162.8,100,,,,,,,,,,,,,,,,,,
2026-07-05T21:00:22.394292+00:00,2026-07-05T21:00:22.394255,2,1,162.55,0.5,162.3,100,162.2,150,,,,,,,,,,,,,,,,,162.8,100,,,,,,,,,,,,,,,,,,
2026-07-05T21:00:22.464080+00:00,2026-07-05T21:00:22.463811,2,2,162.5,0.4,162.3,100,162.2,150,,,,,,,,,,,,,,,,,162.7,150,162.8,100,,,,,,,,,,,,,,,,
2026-07-05T21:00:23.690090+00:00,2026-07-05T21:00:23.689918,2,2,162.5,0.4,162.3,100,162.2,150,,,,,,,,,,,,,,,,,162.7,100,162.8,100,,,,,,,,,,,,,,,,
2026-07-05T21:00:23.734305+00:00,2026-07-05T21:00:23.734190,1,1,162.45,0.5,162.2,150,,,,,,,,,,,,,,,,,,,162.7,100,,,,,,,,,,,,,,,,,,
2026-07-05T21:00:23.789040+00:00,2026-07-05T21:00:23.788842,2,1,162.55,0.3,162.4,100,162.2,150,,,,,,,,,,,,,,,,,162.7,100,,,,,,,,,,,,,,,,,,
2026-07-05T21:00:23.842317+00:00,2026-07-05T21:00:23.842150,2,2,162.55,0.3,162.4,100,162.2,150,,,,,,,,,,,,,,,,,162.7,100,162.9,100,,,,,,,,,,,,,,,,
2026-07-05T21:00:24.588313+00:00,2026-07-05T21:00:24.588265,2,2,162.55,0.3,162.4,100,162.2,150,,,,,,,,,,,,,,,,,162.7,54,162.9,100,,,,,,,,,,,,,,,,
2026-07-05T21:00:25.227621+00:00,2026-07-05T21:00:25.227532,2,2,162.55,0.3,162.4,100,162.2,150,,,,,,,,,,,,,,,,,162.7,13,162.9,100,,,,,,,,,,,,,,,,
2026-07-05T21:00:25.508738+00:00,2026-07-05T21:00:25.508671,1,1,162.65,0.5,162.4,100,,,,,,,,,,,,,,,,,,,162.9,100,,,,,,,,,,,,,,,,,,
2026-07-05T21:00:25.565485+00:00,2026-07-05T21:00:25.565430,2,0,,,162.9,50,162.4,100,,,,,,,,,,,,,,,,,,,,,,,,,,,,,,,,,,,,
2026-07-05T21:00:25.614553+00:00,2026-07-05T21:00:25.610574,2,1,163.15,0.5,162.9,50,162.4,100,,,,,,,,,,,,,,,,,163.4,150,,,,,,,,,,,,,,,,,,
2026-07-05T21:00:25.623863+00:00,2026-07-05T21:00:25.618260,2,1,163.15,0.5,162.9,36,162.4,100,,,,,,,,,,,,,,,,,163.4,150,,,,,,,,,,,,,,,,,,
2026-07-05T21:00:25.719268+00:00,2026-07-05T21:00:25.719151,1,1,162.9,1.0,162.4,88,,,,,,,,,,,,,,,,,,,163.4,150,,,,,,,,,,,,,,,,,,
2026-07-05T21:00:25.794418+00:00,2026-07-05T21:00:25.794362,1,1,162.9,1.0,162.4,88,,,,,,,,,,,,,,,,,,,163.4,100,,,,,,,,,,,,,,,,,,
2026-07-05T21:00:26.896190+00:00,2026-07-05T21:00:26.896106,0,1,,,,,,,,,,,,,,,,,,,,,,,163.4,100,,,,,,,,,,,,,,,,,,
2026-07-05T21:00:26.949185+00:00,2026-07-05T21:00:26.949331,1,1,163.05,0.7,162.7,100,,,,,,,,,,,,,,,,,,,163.4,100,,,,,,,,,,,,,,,,,,
2026-07-05T21:00:27.002662+00:00,2026-07-05T21:00:27.002577,1,2,162.95,0.5,162.7,100,,,,,,,,,,,,,,,,,,,163.2,100,163.4,100,,,,,,,,,,,,,,,,
2026-07-05T21:00:27.901854+00:00,2026-07-05T21:00:27.901823,1,2,162.95,0.5,162.7,100,,,,,,,,,,,,,,,,,,,163.2,50,163.4,100,,,,,,,,,,,,,,,,
2026-07-05T21:00:28.673298+00:00,2026-07-05T21:00:28.673234,1,1,162.95,0.5,162.7,100,,,,,,,,,,,,,,,,,,,163.2,50,,,,,,,,,,,,,,,,,,
2026-07-05T21:00:28.727791+00:00,2026-07-05T21:00:28.727705,2,1,162.95,0.5,162.7,100,162.5,150,,,,,,,,,,,,,,,,,163.2,50,,,,,,,,,,,,,,,,,,
2026-07-05T21:00:28.780251+00:00,2026-07-05T21:00:28.780043,2,2,162.85,0.3,162.7,100,162.5,150,,,,,,,,,,,,,,,,,163.0,150,163.2,50,,,,,,,,,,,,,,,,
2026-07-05T21:00:29.597966+00:00,2026-07-05T21:00:29.598130,2,2,162.85,0.3,162.7,52,162.5,150,,,,,,,,,,,,,,,,,163.0,150,163.2,50,,,,,,,,,,,,,,,,
2026-07-05T21:00:30.008199+00:00,2026-07-05T21:00:30.008089,2,2,162.85,0.3,162.7,52,162.5,150,,,,,,,,,,,,,,,,,163.0,100,163.2,50,,,,,,,,,,,,,,,,
2026-07-05T21:00:30.058669+00:00,2026-07-05T21:00:30.056534,1,1,162.75,0.5,162.5,150,,,,,,,,,,,,,,,,,,,163.0,100,,,,,,,,,,,,,,,,,,
2026-07-05T21:00:30.111010+00:00,2026-07-05T21:00:30.110899,2,1,162.8,0.4,162.6,100,162.5,150,,,,,,,,,,,,,,,,,163.0,100,,,,,,,,,,,,,,,,,,
2026-07-05T21:00:30.167759+00:00,2026-07-05T21:00:30.167601,2,2,162.8,0.4,162.6,100,162.5,150,,,,,,,,,,,,,,,,,163.0,100,163.1,100,,,,,,,,,,,,,,,,
2026-07-05T21:00:30.712936+00:00,2026-07-05T21:00:30.712881,2,2,162.8,0.4,162.6,100,162.5,150,,,,,,,,,,,,,,,,,163.0,51,163.1,100,,,,,,,,,,,,,,,,
2026-07-05T21:00:31.835174+00:00,2026-07-05T21:00:31.835094,1,1,162.85,0.5,162.6,100,,,,,,,,,,,,,,,,,,,163.1,100,,,,,,,,,,,,,,,,,,
2026-07-05T21:00:31.890028+00:00,2026-07-05T21:00:31.889971,2,1,162.95,0.3,162.8,150,162.6,100,,,,,,,,,,,,,,,,,163.1,100,,,,,,,,,,,,,,,,,,
2026-07-05T21:00:31.943256+00:00,2026-07-05T21:00:31.943190,2,2,162.95,0.3,162.8,150,162.6,100,,,,,,,,,,,,,,,,,163.1,100,163.3,150,,,,,,,,,,,,,,,,
2026-07-05T21:00:32.197430+00:00,2026-07-05T21:00:32.191832,2,2,162.95,0.3,162.8,138,162.6,100,,,,,,,,,,,,,,,,,163.1,100,163.3,150,,,,,,,,,,,,,,,,
2026-07-05T21:00:33.222015+00:00,2026-07-05T21:00:33.221956,1,1,163.05,0.5,162.8,138,,,,,,,,,,,,,,,,,,,163.3,150,,,,,,,,,,,,,,,,,,
2026-07-05T21:00:33.278934+00:00,2026-07-05T21:00:33.278810,2,1,163.1,0.4,162.9,100,162.8,138,,,,,,,,,,,,,,,,,163.3,150,,,,,,,,,,,,,,,,,,
2026-07-05T21:00:33.333557+00:00,2026-07-05T21:00:33.333432,2,2,163.1,0.4,162.9,100,162.8,138,,,,,,,,,,,,,,,,,163.3,150,163.4,100,,,,,,,,,,,,,,,,
2026-07-05T21:00:34.997146+00:00,2026-07-05T21:00:34.997305,1,1,163.15,0.5,162.9,100,,,,,,,,,,,,,,,,,,,163.4,100,,,,,,,,,,,,,,,,,,
2026-07-05T21:00:35.051810+00:00,2026-07-05T21:00:35.051662,2,1,163.15,0.5,162.9,100,162.7,150,,,,,,,,,,,,,,,,,163.4,100,,,,,,,,,,,,,,,,,,
2026-07-05T21:00:35.104721+00:00,2026-07-05T21:00:35.104593,2,2,163.05,0.3,162.9,100,162.7,150,,,,,,,,,,,,,,,,,163.2,150,163.4,100,,,,,,,,,,,,,,,,
2026-07-05T21:00:35.674172+00:00,2026-07-05T21:00:35.674108,2,2,163.05,0.3,162.9,60,162.7,150,,,,,,,,,,,,,,,,,163.2,150,163.4,100,,,,,,,,,,,,,,,,
2026-07-05T21:00:36.410867+00:00,2026-07-05T21:00:36.410723,1,1,162.95,0.5,162.7,150,,,,,,,,,,,,,,,,,,,163.2,150,,,,,,,,,,,,,,,,,,
2026-07-05T21:00:36.464804+00:00,2026-07-05T21:00:36.464906,2,1,162.95,0.5,162.7,150,162.5,100,,,,,,,,,,,,,,,,,163.2,150,,,,,,,,,,,,,,,,,,
2026-07-05T21:00:36.518791+00:00,2026-07-05T21:00:36.518902,2,2,162.85,0.3,162.7,150,162.5,100,,,,,,,,,,,,,,,,,163.0,100,163.2,150,,,,,,,,,,,,,,,,
2026-07-05T21:00:36.736005+00:00,2026-07-05T21:00:36.735962,2,2,162.85,0.3,162.7,101,162.5,100,,,,,,,,,,,,,,,,,163.0,100,163.2,150,,,,,,,,,,,,,,,,
2026-07-05T21:00:37.343757+00:00,2026-07-05T21:00:37.343870,2,2,162.85,0.3,162.7,101,162.5,100,,,,,,,,,,,,,,,,,163.0,52,163.2,150,,,,,,,,,,,,,,,,
2026-07-05T21:00:38.158746+00:00,2026-07-05T21:00:38.158890,1,1,162.75,0.5,162.5,100,,,,,,,,,,,,,,,,,,,163.0,52,,,,,,,,,,,,,,,,,,
2026-07-05T21:00:38.211975+00:00,2026-07-05T21:00:38.211887,2,1,162.75,0.5,162.5,100,162.4,150,,,,,,,,,,,,,,,,,163.0,52,,,,,,,,,,,,,,,,,,
2026-07-05T21:00:38.258704+00:00,2026-07-05T21:00:38.255369,2,2,162.7,0.4,162.5,100,162.4,150,,,,,,,,,,,,,,,,,162.9,150,163.0,52,,,,,,,,,,,,,,,,
2026-07-05T21:00:38.463983+00:00,2026-07-05T21:00:38.463908,2,2,162.7,0.4,162.5,100,162.4,150,,,,,,,,,,,,,,,,,162.9,100,163.0,52,,,,,,,,,,,,,,,,
2026-07-05T21:00:39.574240+00:00,2026-07-05T21:00:39.574178,1,1,162.65,0.5,162.4,150,,,,,,,,,,,,,,,,,,,162.9,100,,,,,,,,,,,,,,,,,,
2026-07-05T21:00:39.630230+00:00,2026-07-05T21:00:39.630098,2,1,162.7,0.4,162.5,100,162.4,150,,,,,,,,,,,,,,,,,162.9,100,,,,,,,,,,,,,,,,,,
2026-07-05T21:00:39.684230+00:00,2026-07-05T21:00:39.684143,2,2,162.7,0.4,162.5,100,162.4,150,,,,,,,,,,,,,,,,,162.9,100,163.0,100,,,,,,,,,,,,,,,,
2026-07-05T21:00:40.570677+00:00,2026-07-05T21:00:40.570589,2,2,162.7,0.4,162.5,100,162.4,150,,,,,,,,,,,,,,,,,162.9,50,163.0,100,,,,,,,,,,,,,,,,
2026-07-05T21:00:41.127992+00:00,2026-07-05T21:00:41.127881,2,2,162.7,0.4,162.5,100,162.4,150,,,,,,,,,,,,,,,,,162.9,2,163.0,100,,,,,,,,,,,,,,,,
2026-07-05T21:00:41.324200+00:00,2026-07-05T21:00:41.324114,1,1,162.75,0.5,162.5,100,,,,,,,,,,,,,,,,,,,163.0,100,,,,,,,,,,,,,,,,,,
2026-07-05T21:00:41.372725+00:00,2026-07-05T21:00:41.372600,2,0,,,163.6,50,162.5,100,,,,,,,,,,,,,,,,,,,,,,,,,,,,,,,,,,,,
2026-07-05T21:00:41.430218+00:00,2026-07-05T21:00:41.430127,2,1,163.85,0.5,163.6,50,162.5,100,,,,,,,,,,,,,,,,,164.1,150,,,,,,,,,,,,,,,,,,
2026-07-05T21:00:42.056959+00:00,2026-07-05T21:00:42.050844,1,1,163.3,1.6,162.5,100,,,,,,,,,,,,,,,,,,,164.1,150,,,,,,,,,,,,,,,,,,
2026-07-05T21:00:42.164159+00:00,2026-07-05T21:00:42.164076,1,1,163.3,1.6,162.5,56,,,,,,,,,,,,,,,,,,,164.1,150,,,,,,,,,,,,,,,,,,
2026-07-05T21:00:42.738066+00:00,2026-07-05T21:00:42.737935,0,1,,,,,,,,,,,,,,,,,,,,,,,164.1,150,,,,,,,,,,,,,,,,,,
2026-07-05T21:00:42.791615+00:00,2026-07-05T21:00:42.791479,1,1,163.55,1.1,163.0,100,,,,,,,,,,,,,,,,,,,164.1,150,,,,,,,,,,,,,,,,,,
2026-07-05T21:00:42.845451+00:00,2026-07-05T21:00:42.845321,1,2,163.25,0.5,163.0,100,,,,,,,,,,,,,,,,,,,163.5,100,164.1,150,,,,,,,,,,,,,,,,
2026-07-05T21:00:44.484405+00:00,2026-07-05T21:00:44.484336,1,1,163.25,0.5,163.0,100,,,,,,,,,,,,,,,,,,,163.5,100,,,,,,,,,,,,,,,,,,
2026-07-05T21:00:44.533741+00:00,2026-07-05T21:00:44.533851,2,1,163.25,0.5,163.0,100,162.4,150,,,,,,,,,,,,,,,,,163.5,100,,,,,,,,,,,,,,,,,,
2026-07-05T21:00:44.590405+00:00,2026-07-05T21:00:44.590382,1,2,162.65,0.5,162.4,105,,,,,,,,,,,,,,,,,,,162.9,50,163.5,100,,,,,,,,,,,,,,,,
2026-07-05T21:00:44.599202+00:00,2026-07-05T21:00:44.594051,1,2,162.65,0.5,162.4,105,,,,,,,,,,,,,,,,,,,162.9,34,163.5,100,,,,,,,,,,,,,,,,
2026-07-05T21:00:44.678791+00:00,2026-07-05T21:00:44.672948,1,1,162.95,1.1,162.4,105,,,,,,,,,,,,,,,,,,,163.5,100,,,,,,,,,,,,,,,,,,
2026-07-05T21:00:44.782889+00:00,2026-07-05T21:00:44.783058,1,1,162.95,1.1,162.4,105,,,,,,,,,,,,,,,,,,,163.5,50,,,,,,,,,,,,,,,,,,
2026-07-05T21:00:45.900307+00:00,2026-07-05T21:00:45.900201,1,0,,,162.4,105,,,,,,,,,,,,,,,,,,,,,,,,,,,,,,,,,,,,,,
2026-07-05T21:00:45.958635+00:00,2026-07-05T21:00:45.954332,2,0,,,163.1,100,162.4,105,,,,,,,,,,,,,,,,,,,,,,,,,,,,,,,,,,,,
2026-07-05T21:00:46.004773+00:00,2026-07-05T21:00:46.004936,2,1,163.35,0.5,163.1,100,162.4,105,,,,,,,,,,,,,,,,,163.6,100,,,,,,,,,,,,,,,,,,
2026-07-05T21:00:46.892201+00:00,2026-07-05T21:00:46.892082,2,1,163.35,0.5,163.1,100,162.4,105,,,,,,,,,,,,,,,,,163.6,50,,,,,,,,,,,,,,,,,,
2026-07-05T21:00:47.322103+00:00,2026-07-05T21:00:47.316589,2,1,163.35,0.5,163.1,89,162.4,105,,,,,,,,,,,,,,,,,163.6,50,,,,,,,,,,,,,,,,,,
2026-07-05T21:00:47.638639+00:00,2026-07-05T21:00:47.638502,1,1,163.35,0.5,163.1,89,,,,,,,,,,,,,,,,,,,163.6,50,,,,,,,,,,,,,,,,,,
2026-07-05T21:00:47.692991+00:00,2026-07-05T21:00:47.693136,1,1,163.35,0.5,163.1,239,,,,,,,,,,,,,,,,,,,163.6,50,,,,,,,,,,,,,,,,,,
2026-07-05T21:00:47.746989+00:00,2026-07-05T21:00:47.746903,1,1,163.35,0.5,163.1,239,,,,,,,,,,,,,,,,,,,163.6,200,,,,,,,,,,,,,,,,,,
2026-07-05T21:00:48.634321+00:00,2026-07-05T21:00:48.628828,1,1,163.35,0.5,163.1,227,,,,,,,,,,,,,,,,,,,163.6,200,,,,,,,,,,,,,,,,,,
2026-07-05T21:00:49.050087+00:00,2026-07-05T21:00:49.050019,1,1,163.35,0.5,163.1,177,,,,,,,,,,,,,,,,,,,163.6,200,,,,,,,,,,,,,,,,,,
2026-07-05T21:00:49.058573+00:00,2026-07-05T21:00:49.057906,1,1,163.35,0.5,163.1,150,,,,,,,,,,,,,,,,,,,163.6,150,,,,,,,,,,,,,,,,,,
2026-07-05T21:00:49.114540+00:00,2026-07-05T21:00:49.114452,2,1,163.35,0.5,163.1,150,162.5,100,,,,,,,,,,,,,,,,,163.6,150,,,,,,,,,,,,,,,,,,
2026-07-05T21:00:49.171416+00:00,2026-07-05T21:00:49.171289,2,1,163.35,0.5,163.1,50,162.5,100,,,,,,,,,,,,,,,,,163.6,150,,,,,,,,,,,,,,,,,,
2026-07-05T21:00:50.800505+00:00,2026-07-05T21:00:50.800478,1,0,,,162.5,100,,,,,,,,,,,,,,,,,,,,,,,,,,,,,,,,,,,,,,
2026-07-05T21:00:50.858816+00:00,2026-07-05T21:00:50.858661,2,0,,,162.7,150,162.5,100,,,,,,,,,,,,,,,,,,,,,,,,,,,,,,,,,,,,
2026-07-05T21:00:50.921797+00:00,2026-07-05T21:00:50.921685,2,1,162.95,0.5,162.7,150,162.5,100,,,,,,,,,,,,,,,,,163.2,150,,,,,,,,,,,,,,,,,,
2026-07-05T21:00:51.163963+00:00,2026-07-05T21:00:51.163852,2,1,162.95,0.5,162.7,100,162.5,100,,,,,,,,,,,,,,,,,163.2,150,,,,,,,,,,,,,,,,,,
2026-07-05T21:00:52.227567+00:00,2026-07-05T21:00:52.227418,1,1,162.95,0.5,162.7,100,,,,,,,,,,,,,,,,,,,163.2,150,,,,,,,,,,,,,,,,,,
2026-07-05T21:00:52.281011+00:00,2026-07-05T21:00:52.280901,2,1,163.1,0.2,163.0,100,162.7,100,,,,,,,,,,,,,,,,,163.2,150,,,,,,,,,,,,,,,,,,
2026-07-05T21:00:52.334505+00:00,2026-07-05T21:00:52.334423,2,2,163.1,0.2,163.0,100,162.7,100,,,,,,,,,,,,,,,,,163.2,150,163.5,100,,,,,,,,,,,,,,,,
2026-07-05T21:00:53.265311+00:00,2026-07-05T21:00:53.265198,2,2,163.1,0.2,163.0,50,162.7,100,,,,,,,,,,,,,,,,,163.2,150,163.5,100,,,,,,,,,,,,,,,,
2026-07-05T21:00:53.997953+00:00,2026-07-05T21:00:53.997900,2,1,163.25,0.5,163.0,50,162.7,100,,,,,,,,,,,,,,,,,163.5,100,,,,,,,,,,,,,,,,,,
2026-07-05T21:00:54.002986+00:00,2026-07-05T21:00:54.003068,1,1,163.25,0.5,163.0,50,,,,,,,,,,,,,,,,,,,163.5,100,,,,,,,,,,,,,,,,,,
2026-07-05T21:00:54.055297+00:00,2026-07-05T21:00:54.055436,2,1,163.25,0.5,163.0,50,162.5,150,,,,,,,,,,,,,,,,,163.5,100,,,,,,,,,,,,,,,,,,
2026-07-05T21:00:54.120382+00:00,2026-07-05T21:00:54.114087,1,2,162.75,0.5,162.5,150,,,,,,,,,,,,,,,,,,,163.0,88,163.5,100,,,,,,,,,,,,,,,,
2026-07-05T21:00:55.374026+00:00,2026-07-05T21:00:55.373922,1,2,162.75,0.5,162.5,100,,,,,,,,,,,,,,,,,,,163.0,88,163.5,100,,,,,,,,,,,,,,,,
2026-07-05T21:00:55.388788+00:00,2026-07-05T21:00:55.388677,1,1,162.75,0.5,162.5,100,,,,,,,,,,,,,,,,,,,163.0,88,,,,,,,,,,,,,,,,,,
2026-07-05T21:00:55.440969+00:00,2026-07-05T21:00:55.440888,2,1,162.9,0.2,162.8,100,162.5,100,,,,,,,,,,,,,,,,,163.0,88,,,,,,,,,,,,,,,,,,
2026-07-05T21:00:55.490624+00:00,2026-07-05T21:00:55.490716,2,2,162.9,0.2,162.8,100,162.5,100,,,,,,,,,,,,,,,,,163.0,88,163.3,100,,,,,,,,,,,,,,,,
2026-07-05T21:00:56.430048+00:00,2026-07-05T21:00:56.424690,2,2,162.9,0.2,162.8,100,162.5,100,,,,,,,,,,,,,,,,,163.0,77,163.3,100,,,,,,,,,,,,,,,,
2026-07-05T21:00:56.910463+00:00,2026-07-05T21:00:56.910362,2,2,162.9,0.2,162.8,100,162.5,100,,,,,,,,,,,,,,,,,163.0,37,163.3,100,,,,,,,,,,,,,,,,
2026-07-05T21:00:57.164319+00:00,2026-07-05T21:00:57.164491,2,1,163.05,0.5,162.8,100,162.5,100,,,,,,,,,,,,,,,,,163.3,100,,,,,,,,,,,,,,,,,,
2026-07-05T21:00:57.169778+00:00,2026-07-05T21:00:57.169661,1,1,163.05,0.5,162.8,100,,,,,,,,,,,,,,,,,,,163.3,100,,,,,,,,,,,,,,,,,,
2026-07-05T21:00:57.221381+00:00,2026-07-05T21:00:57.221217,2,1,163.1,0.4,162.9,150,162.8,100,,,,,,,,,,,,,,,,,163.3,100,,,,,,,,,,,,,,,,,,
2026-07-05T21:00:57.274370+00:00,2026-07-05T21:00:57.274315,2,2,163.1,0.4,162.9,150,162.8,100,,,,,,,,,,,,,,,,,163.3,100,163.4,150,,,,,,,,,,,,,,,,
2026-07-05T21:00:57.481154+00:00,2026-07-05T21:00:57.480994,2,2,163.1,0.4,162.9,150,162.8,100,,,,,,,,,,,,,,,,,163.3,55,163.4,150,,,,,,,,,,,,,,,,
2026-07-05T21:00:57.486426+00:00,2026-07-05T21:00:57.486208,2,2,163.1,0.4,162.9,100,162.8,100,,,,,,,,,,,,,,,,,163.3,55,163.4,150,,,,,,,,,,,,,,,,
2026-07-05T21:00:58.046659+00:00,2026-07-05T21:00:58.046516,2,2,163.1,0.4,162.9,59,162.8,100,,,,,,,,,,,,,,,,,163.3,55,163.4,150,,,,,,,,,,,,,,,,
2026-07-05T21:00:58.545510+00:00,2026-07-05T21:00:58.545418,2,1,163.15,0.5,162.9,59,162.8,100,,,,,,,,,,,,,,,,,163.4,150,,,,,,,,,,,,,,,,,,
2026-07-05T21:00:58.550508+00:00,2026-07-05T21:00:58.550600,1,1,163.15,0.5,162.9,59,,,,,,,,,,,,,,,,,,,163.4,150,,,,,,,,,,,,,,,,,,
2026-07-05T21:00:58.607365+00:00,2026-07-05T21:00:58.607339,1,1,163.15,0.5,162.9,159,,,,,,,,,,,,,,,,,,,163.4,150,,,,,,,,,,,,,,,,,,
2026-07-05T21:00:58.658589+00:00,2026-07-05T21:00:58.654539,1,1,163.15,0.5,162.9,159,,,,,,,,,,,,,,,,,,,163.4,250,,,,,,,,,,,,,,,,,,
2026-07-05T21:00:59.170060+00:00,2026-07-05T21:00:59.169979,1,1,163.15,0.5,162.9,119,,,,,,,,,,,,,,,,,,,163.4,250,,,,,,,,,,,,,,,,,,
2026-07-05T21:00:59.592226+00:00,2026-07-05T21:00:59.592170,1,1,163.15,0.5,162.9,69,,,,,,,,,,,,,,,,,,,163.4,250,,,,,,,,,,,,,,,,,,
2026-07-05T21:01:00.330678+00:00,2026-07-05T21:01:00.330576,1,1,163.15,0.5,162.9,69,,,,,,,,,,,,,,,,,,,163.4,100,,,,,,,,,,,,,,,,,,
2026-07-05T21:01:00.385432+00:00,2026-07-05T21:01:00.385579,2,1,163.15,0.5,162.9,69,162.3,150,,,,,,,,,,,,,,,,,163.4,100,,,,,,,,,,,,,,,,,,
2026-07-05T21:01:00.439090+00:00,2026-07-05T21:01:00.438938,1,2,162.55,0.5,162.3,150,,,,,,,,,,,,,,,,,,,162.8,81,163.4,100,,,,,,,,,,,,,,,,
2026-07-05T21:01:00.881693+00:00,2026-07-05T21:01:00.881839,1,2,162.55,0.5,162.3,150,,,,,,,,,,,,,,,,,,,162.8,36,163.4,100,,,,,,,,,,,,,,,,
2026-07-05T21:01:01.709649+00:00,2026-07-05T21:01:01.709528,1,1,162.55,0.5,162.3,150,,,,,,,,,,,,,,,,,,,162.8,36,,,,,,,,,,,,,,,,,,
2026-07-05T21:01:01.762829+00:00,2026-07-05T21:01:01.762723,2,1,162.65,0.3,162.5,100,162.3,150,,,,,,,,,,,,,,,,,162.8,36,,,,,,,,,,,,,,,,,,
2026-07-05T21:01:01.817380+00:00,2026-07-05T21:01:01.817290,2,2,162.65,0.3,162.5,100,162.3,150,,,,,,,,,,,,,,,,,162.8,36,163.0,100,,,,,,,,,,,,,,,,
2026-07-05T21:01:03.039445+00:00,2026-07-05T21:01:03.033089,2,2,162.65,0.3,162.5,100,162.3,150,,,,,,,,,,,,,,,,,162.8,24,163.0,100,,,,,,,,,,,,,,,,
2026-07-05T21:01:03.494031+00:00,2026-07-05T21:01:03.493941,1,1,162.75,0.5,162.5,100,,,,,,,,,,,,,,,,,,,163.0,100,,,,,,,,,,,,,,,,,,
2026-07-05T21:01:03.547286+00:00,2026-07-05T21:01:03.547177,2,1,162.85,0.3,162.7,150,162.5,100,,,,,,,,,,,,,,,,,163.0,100,,,,,,,,,,,,,,,,,,
2026-07-05T21:01:03.630553+00:00,2026-07-05T21:01:03.630669,2,2,162.85,0.3,162.7,150,162.5,100,,,,,,,,,,,,,,,,,163.0,100,163.2,150,,,,,,,,,,,,,,,,
2026-07-05T21:01:03.658665+00:00,2026-07-05T21:01:03.654505,2,2,162.85,0.3,162.7,103,162.5,100,,,,,,,,,,,,,,,,,163.0,100,163.2,150,,,,,,,,,,,,,,,,
2026-07-05T21:01:03.758605+00:00,2026-07-05T21:01:03.754525,2,2,162.85,0.3,162.7,103,162.5,100,,,,,,,,,,,,,,,,,163.0,50,163.2,150,,,,,,,,,,,,,,,,
2026-07-05T21:01:04.877074+00:00,2026-07-05T21:01:04.876971,1,1,162.95,0.5,162.7,103,,,,,,,,,,,,,,,,,,,163.2,150,,,,,,,,,,,,,,,,,,
2026-07-05T21:01:04.932244+00:00,2026-07-05T21:01:04.932132,1,1,162.95,0.5,162.7,203,,,,,,,,,,,,,,,,,,,163.2,150,,,,,,,,,,,,,,,,,,
2026-07-05T21:01:04.984855+00:00,2026-07-05T21:01:04.984806,1,1,162.95,0.5,162.7,203,,,,,,,,,,,,,,,,,,,163.2,250,,,,,,,,,,,,,,,,,,
2026-07-05T21:01:05.912558+00:00,2026-07-05T21:01:05.912734,1,1,162.95,0.5,162.7,153,,,,,,,,,,,,,,,,,,,163.2,250,,,,,,,,,,,,,,,,,,
2026-07-05T21:01:06.684985+00:00,2026-07-05T21:01:06.684944,1,1,162.95,0.5,162.7,100,,,,,,,,,,,,,,,,,,,163.2,100,,,,,,,,,,,,,,,,,,
2026-07-05T21:01:06.738245+00:00,2026-07-05T21:01:06.738168,2,1,162.95,0.5,162.7,100,162.3,150,,,,,,,,,,,,,,,,,163.2,100,,,,,,,,,,,,,,,,,,
2026-07-05T21:01:06.791114+00:00,2026-07-05T21:01:06.791001,2,2,162.75,0.1,162.7,100,162.3,150,,,,,,,,,,,,,,,,,162.8,150,163.2,100,,,,,,,,,,,,,,,,
2026-07-05T21:01:07.971309+00:00,2026-07-05T21:01:07.971268,2,2,162.75,0.1,162.7,100,162.3,150,,,,,,,,,,,,,,,,,162.8,100,163.2,100,,,,,,,,,,,,,,,,
2026-07-05T21:01:08.038250+00:00,2026-07-05T21:01:08.038391,1,1,162.55,0.5,162.3,150,,,,,,,,,,,,,,,,,,,162.8,100,,,,,,,,,,,,,,,,,,
2026-07-05T21:01:08.094305+00:00,2026-07-05T21:01:08.094238,2,1,162.75,0.1,162.7,100,162.3,150,,,,,,,,,,,,,,,,,162.8,100,,,,,,,,,,,,,,,,,,
2026-07-05T21:01:08.146768+00:00,2026-07-05T21:01:08.146719,2,2,162.75,0.1,162.7,100,162.3,150,,,,,,,,,,,,,,,,,162.8,100,163.2,100,,,,,,,,,,,,,,,,
2026-07-05T21:01:08.246618+00:00,2026-07-05T21:01:08.246545,2,2,162.75,0.1,162.7,100,162.3,150,,,,,,,,,,,,,,,,,162.8,59,163.2,100,,,,,,,,,,,,,,,,
2026-07-05T21:01:08.724255+00:00,2026-07-05T21:01:08.724122,2,2,162.75,0.1,162.7,60,162.3,150,,,,,,,,,,,,,,,,,162.8,59,163.2,100,,,,,,,,,,,,,,,,
2026-07-05T21:01:09.830300+00:00,2026-07-05T21:01:09.830478,2,2,162.75,0.1,162.7,60,162.3,150,,,,,,,,,,,,,,,,,162.8,15,163.2,100,,,,,,,,,,,,,,,,
2026-07-05T21:01:09.844938+00:00,2026-07-05T21:01:09.845120,1,1,162.95,0.5,162.7,60,,,,,,,,,,,,,,,,,,,163.2,100,,,,,,,,,,,,,,,,,,
2026-07-05T21:01:09.899961+00:00,2026-07-05T21:01:09.899925,1,1,162.95,0.5,162.7,210,,,,,,,,,,,,,,,,,,,163.2,100,,,,,,,,,,,,,,,,,,
2026-07-05T21:01:09.952781+00:00,2026-07-05T21:01:09.952903,1,1,162.95,0.5,162.7,210,,,,,,,,,,,,,,,,,,,163.2,250,,,,,,,,,,,,,,,,,,
2026-07-05T21:01:11.201057+00:00,2026-07-05T21:01:11.200879,1,1,162.95,0.5,162.7,150,,,,,,,,,,,,,,,,,,,163.2,150,,,,,,,,,,,,,,,,,,
2026-07-05T21:01:11.263997+00:00,2026-07-05T21:01:11.263888,2,1,162.95,0.5,162.7,150,162.5,100,,,,,,,,,,,,,,,,,163.2,150,,,,,,,,,,,,,,,,,,
2026-07-05T21:01:11.309467+00:00,2026-07-05T21:01:11.309587,2,2,162.85,0.3,162.7,150,162.5,100,,,,,,,,,,,,,,,,,163.0,100,163.2,150,,,,,,,,,,,,,,,,
2026-07-05T21:01:12.969191+00:00,2026-07-05T21:01:12.969057,2,2,162.85,0.3,162.7,150,162.5,100,,,,,,,,,,,,,,,,,163.0,54,163.2,150,,,,,,,,,,,,,,,,
2026-07-05T21:01:13.012099+00:00,2026-07-05T21:01:13.012066,2,1,162.85,0.3,162.7,150,162.5,100,,,,,,,,,,,,,,,,,163.0,54,,,,,,,,,,,,,,,,,,
2026-07-05T21:01:13.017160+00:00,2026-07-05T21:01:13.017252,1,1,162.75,0.5,162.5,100,,,,,,,,,,,,,,,,,,,163.0,54,,,,,,,,,,,,,,,,,,
2026-07-05T21:01:13.022598+00:00,2026-07-05T21:01:13.022463,1,1,162.75,0.5,162.5,51,,,,,,,,,,,,,,,,,,,163.0,54,,,,,,,,,,,,,,,,,,
2026-07-05T21:01:13.065437+00:00,2026-07-05T21:01:13.065278,2,1,162.8,0.4,162.6,150,162.5,51,,,,,,,,,,,,,,,,,163.0,54,,,,,,,,,,,,,,,,,,
2026-07-05T21:01:13.121555+00:00,2026-07-05T21:01:13.121406,2,2,162.8,0.4,162.6,150,162.5,51,,,,,,,,,,,,,,,,,163.0,54,163.1,150,,,,,,,,,,,,,,,,
2026-07-05T21:01:14.339555+00:00,2026-07-05T21:01:14.339401,2,2,162.8,0.4,162.6,100,162.5,51,,,,,,,,,,,,,,,,,163.0,54,163.1,150,,,,,,,,,,,,,,,,
2026-07-05T21:01:14.365234+00:00,2026-07-05T21:01:14.365391,1,1,162.85,0.5,162.6,100,,,,,,,,,,,,,,,,,,,163.1,150,,,,,,,,,,,,,,,,,,
2026-07-05T21:01:14.419030+00:00,2026-07-05T21:01:14.418925,2,1,162.85,0.5,162.6,100,162.4,100,,,,,,,,,,,,,,,,,163.1,150,,,,,,,,,,,,,,,,,,
2026-07-05T21:01:14.474279+00:00,2026-07-05T21:01:14.474206,2,2,162.75,0.3,162.6,100,162.4,100,,,,,,,,,,,,,,,,,162.9,100,163.1,150,,,,,,,,,,,,,,,,
2026-07-05T21:01:16.034539+00:00,2026-07-05T21:01:16.034485,2,2,162.75,0.3,162.6,100,162.4,100,,,,,,,,,,,,,,,,,162.9,53,163.1,150,,,,,,,,,,,,,,,,
2026-07-05T21:01:16.176748+00:00,2026-07-05T21:01:16.176677,1,1,162.65,0.5,162.4,100,,,,,,,,,,,,,,,,,,,162.9,53,,,,,,,,,,,,,,,,,,
2026-07-05T21:01:16.229690+00:00,2026-07-05T21:01:16.229660,2,1,162.75,0.3,162.6,150,162.4,100,,,,,,,,,,,,,,,,,162.9,53,,,,,,,,,,,,,,,,,,
2026-07-05T21:01:16.282652+00:00,2026-07-05T21:01:16.282625,2,2,162.75,0.3,162.6,150,162.4,100,,,,,,,,,,,,,,,,,162.9,53,163.1,150,,,,,,,,,,,,,,,,
2026-07-05T21:01:16.446067+00:00,2026-07-05T21:01:16.446255,2,2,162.75,0.3,162.6,100,162.4,100,,,,,,,,,,,,,,,,,162.9,53,163.1,150,,,,,,,,,,,,,,,,
2026-07-05T21:01:17.530571+00:00,2026-07-05T21:01:17.530516,1,1,162.85,0.5,162.6,100,,,,,,,,,,,,,,,,,,,163.1,150,,,,,,,,,,,,,,,,,,
2026-07-05T21:01:17.579915+00:00,2026-07-05T21:01:17.579793,2,1,162.95,0.3,162.8,100,162.6,100,,,,,,,,,,,,,,,,,163.1,150,,,,,,,,,,,,,,,,,,
2026-07-05T21:01:17.636719+00:00,2026-07-05T21:01:17.636621,2,2,162.95,0.3,162.8,100,162.6,100,,,,,,,,,,,,,,,,,163.1,150,163.3,100,,,,,,,,,,,,,,,,
2026-07-05T21:01:18.553614+00:00,2026-07-05T21:01:18.553556,2,2,162.95,0.3,162.8,50,162.6,100,,,,,,,,,,,,,,,,,163.1,150,163.3,100,,,,,,,,,,,,,,,,
2026-07-05T21:01:19.339438+00:00,2026-07-05T21:01:19.339397,1,1,163.05,0.5,162.8,50,,,,,,,,,,,,,,,,,,,163.3,100,,,,,,,,,,,,,,,,,,
2026-07-05T21:01:19.399260+00:00,2026-07-05T21:01:19.399144,2,1,163.05,0.5,162.8,50,162.3,150,,,,,,,,,,,,,,,,,163.3,100,,,,,,,,,,,,,,,,,,
2026-07-05T21:01:19.424654+00:00,2026-07-05T21:01:19.418615,2,1,163.05,0.5,162.8,38,162.3,150,,,,,,,,,,,,,,,,,163.3,100,,,,,,,,,,,,,,,,,,
2026-07-05T21:01:19.454157+00:00,2026-07-05T21:01:19.454004,1,2,162.55,0.5,162.3,150,,,,,,,,,,,,,,,,,,,162.8,112,163.3,100,,,,,,,,,,,,,,,,
2026-07-05T21:01:20.668648+00:00,2026-07-05T21:01:20.668594,1,2,162.55,0.5,162.3,100,,,,,,,,,,,,,,,,,,,162.8,112,163.3,100,,,,,,,,,,,,,,,,
2026-07-05T21:01:20.689078+00:00,2026-07-05T21:01:20.689033,1,1,162.55,0.5,162.3,100,,,,,,,,,,,,,,,,,,,162.8,112,,,,,,,,,,,,,,,,,,
2026-07-05T21:01:20.741587+00:00,2026-07-05T21:01:20.741536,2,1,162.6,0.4,162.4,100,162.3,100,,,,,,,,,,,,,,,,,162.8,112,,,,,,,,,,,,,,,,,,
2026-07-05T21:01:20.794941+00:00,2026-07-05T21:01:20.795140,2,2,162.6,0.4,162.4,100,162.3,100,,,,,,,,,,,,,,,,,162.8,112,162.9,100,,,,,,,,,,,,,,,,
2026-07-05T21:01:22.507725+00:00,2026-07-05T21:01:22.507667,1,1,162.65,0.5,162.4,100,,,,,,,,,,,,,,,,,,,162.9,100,,,,,,,,,,,,,,,,,,
2026-07-05T21:01:22.513142+00:00,2026-07-05T21:01:22.512977,1,1,162.65,0.5,162.4,60,,,,,,,,,,,,,,,,,,,162.9,100,,,,,,,,,,,,,,,,,,
2026-07-05T21:01:22.558580+00:00,2026-07-05T21:01:22.556846,2,1,162.65,0.5,162.4,60,162.2,150,,,,,,,,,,,,,,,,,162.9,100,,,,,,,,,,,,,,,,,,
2026-07-05T21:01:22.615926+00:00,2026-07-05T21:01:22.615832,2,2,162.55,0.3,162.4,60,162.2,150,,,,,,,,,,,,,,,,,162.7,150,162.9,100,,,,,,,,,,,,,,,,
2026-07-05T21:01:22.776410+00:00,2026-07-05T21:01:22.776303,2,2,162.55,0.3,162.4,10,162.2,150,,,,,,,,,,,,,,,,,162.7,150,162.9,100,,,,,,,,,,,,,,,,
2026-07-05T21:01:23.051975+00:00,2026-07-05T21:01:23.041956,2,2,162.55,0.3,162.4,10,162.2,150,,,,,,,,,,,,,,,,,162.7,138,162.9,100,,,,,,,,,,,,,,,,
2026-07-05T21:01:23.846910+00:00,2026-07-05T21:01:23.846856,2,1,162.55,0.3,162.4,10,162.2,150,,,,,,,,,,,,,,,,,162.7,138,,,,,,,,,,,,,,,,,,
2026-07-05T21:01:23.852131+00:00,2026-07-05T21:01:23.852031,1,1,162.45,0.5,162.2,150,,,,,,,,,,,,,,,,,,,162.7,138,,,,,,,,,,,,,,,,,,
2026-07-05T21:01:23.906751+00:00,2026-07-05T21:01:23.906641,2,1,162.45,0.5,162.2,150,162.1,100,,,,,,,,,,,,,,,,,162.7,138,,,,,,,,,,,,,,,,,,
2026-07-05T21:01:23.970719+00:00,2026-07-05T21:01:23.963118,2,2,162.4,0.4,162.2,150,162.1,100,,,,,,,,,,,,,,,,,162.6,89,162.7,138,,,,,,,,,,,,,,,,
2026-07-05T21:01:24.190550+00:00,2026-07-05T21:01:24.190737,2,2,162.4,0.4,162.2,150,162.1,100,,,,,,,,,,,,,,,,,162.6,41,162.7,138,,,,,,,,,,,,,,,,
2026-07-05T21:01:24.890667+00:00,2026-07-05T21:01:24.890864,2,2,162.4,0.4,162.2,100,162.1,100,,,,,,,,,,,,,,,,,162.6,41,162.7,138,,,,,,,,,,,,,,,,
2026-07-05T21:01:25.468556+00:00,2026-07-05T21:01:25.462545,2,2,162.4,0.4,162.2,100,162.1,100,,,,,,,,,,,,,,,,,162.6,38,162.7,138,,,,,,,,,,,,,,,,
2026-07-05T21:01:25.670498+00:00,2026-07-05T21:01:25.670675,1,1,162.35,0.5,162.1,100,,,,,,,,,,,,,,,,,,,162.6,38,,,,,,,,,,,,,,,,,,
2026-07-05T21:01:25.725845+00:00,2026-07-05T21:01:25.725811,2,1,162.45,0.3,162.3,150,162.1,100,,,,,,,,,,,,,,,,,162.6,38,,,,,,,,,,,,,,,,,,
2026-07-05T21:01:25.780526+00:00,2026-07-05T21:01:25.769276,2,2,162.45,0.3,162.3,150,162.1,100,,,,,,,,,,,,,,,,,162.6,38,162.8,150,,,,,,,,,,,,,,,,
2026-07-05T21:01:27.001925+00:00,2026-07-05T21:01:27.001801,2,2,162.45,0.3,162.3,100,162.1,100,,,,,,,,,,,,,,,,,162.6,38,162.8,150,,,,,,,,,,,,,,,,
2026-07-05T21:01:27.012357+00:00,2026-07-05T21:01:27.012262,1,1,162.55,0.5,162.3,100,,,,,,,,,,,,,,,,,,,162.8,150,,,,,,,,,,,,,,,,,,
2026-07-05T21:01:27.058641+00:00,2026-07-05T21:01:27.057554,1,1,162.55,0.5,162.3,200,,,,,,,,,,,,,,,,,,,162.8,150,,,,,,,,,,,,,,,,,,
2026-07-05T21:01:27.120414+00:00,2026-07-05T21:01:27.120565,1,1,162.55,0.5,162.3,200,,,,,,,,,,,,,,,,,,,162.8,250,,,,,,,,,,,,,,,,,,
2026-07-05T21:01:27.848369+00:00,2026-07-05T21:01:27.848256,1,1,162.55,0.5,162.3,156,,,,,,,,,,,,,,,,,,,162.8,250,,,,,,,,,,,,,,,,,,
2026-07-05T21:01:28.833626+00:00,2026-07-05T21:01:28.833579,1,1,162.55,0.5,162.3,100,,,,,,,,,,,,,,,,,,,162.8,100,,,,,,,,,,,,,,,,,,
2026-07-05T21:01:28.889382+00:00,2026-07-05T21:01:28.889326,2,1,162.55,0.5,162.3,100,161.7,150,,,,,,,,,,,,,,,,,162.8,100,,,,,,,,,,,,,,,,,,
2026-07-05T21:01:28.939666+00:00,2026-07-05T21:01:28.939505,1,2,161.95,0.5,161.7,150,,,,,,,,,,,,,,,,,,,162.2,50,162.8,100,,,,,,,,,,,,,,,,
2026-07-05T21:01:29.112583+00:00,2026-07-05T21:01:29.112528,1,2,161.95,0.5,161.7,100,,,,,,,,,,,,,,,,,,,162.2,50,162.8,100,,,,,,,,,,,,,,,,
2026-07-05T21:01:29.229539+00:00,2026-07-05T21:01:29.223267,1,2,161.95,0.5,161.7,100,,,,,,,,,,,,,,,,,,,162.2,36,162.8,100,,,,,,,,,,,,,,,,
2026-07-05T21:01:30.170634+00:00,2026-07-05T21:01:30.170510,1,1,161.95,0.5,161.7,100,,,,,,,,,,,,,,,,,,,162.2,36,,,,,,,,,,,,,,,,,,
2026-07-05T21:01:30.227114+00:00,2026-07-05T21:01:30.227227,2,1,162.1,0.2,162.0,100,161.7,100,,,,,,,,,,,,,,,,,162.2,36,,,,,,,,,,,,,,,,,,
2026-07-05T21:01:30.295242+00:00,2026-07-05T21:01:30.295002,2,2,162.1,0.2,162.0,100,161.7,100,,,,,,,,,,,,,,,,,162.2,36,162.5,100,,,,,,,,,,,,,,,,
2026-07-05T21:01:31.220757+00:00,2026-07-05T21:01:31.220704,2,2,162.1,0.2,162.0,50,161.7,100,,,,,,,,,,,,,,,,,162.2,36,162.5,100,,,,,,,,,,,,,,,,
2026-07-05T21:01:31.993863+00:00,2026-07-05T21:01:31.993801,2,1,162.25,0.5,162.0,50,161.7,100,,,,,,,,,,,,,,,,,162.5,100,,,,,,,,,,,,,,,,,,
2026-07-05T21:01:31.999031+00:00,2026-07-05T21:01:31.998961,1,1,162.25,0.5,162.0,50,,,,,,,,,,,,,,,,,,,162.5,100,,,,,,,,,,,,,,,,,,
2026-07-05T21:01:32.047476+00:00,2026-07-05T21:01:32.047434,1,1,162.25,0.5,162.0,200,,,,,,,,,,,,,,,,,,,162.5,100,,,,,,,,,,,,,,,,,,
2026-07-05T21:01:32.103023+00:00,2026-07-05T21:01:32.102952,1,1,162.25,0.5,162.0,200,,,,,,,,,,,,,,,,,,,162.5,250,,,,,,,,,,,,,,,,,,
2026-07-05T21:01:32.358595+00:00,2026-07-05T21:01:32.355427,1,1,162.25,0.5,162.0,200,,,,,,,,,,,,,,,,,,,162.5,209,,,,,,,,,,,,,,,,,,
2026-07-05T21:01:32.849166+00:00,2026-07-05T21:01:32.849257,1,1,162.25,0.5,162.0,200,,,,,,,,,,,,,,,,,,,162.5,168,,,,,,,,,,,,,,,,,,
2026-07-05T21:01:33.330020+00:00,2026-07-05T21:01:33.329876,1,1,162.25,0.5,162.0,150,,,,,,,,,,,,,,,,,,,162.5,168,,,,,,,,,,,,,,,,,,
2026-07-05T21:01:33.349227+00:00,2026-07-05T21:01:33.349194,1,1,162.25,0.5,162.0,150,,,,,,,,,,,,,,,,,,,162.5,150,,,,,,,,,,,,,,,,,,
2026-07-05T21:01:33.401984+00:00,2026-07-05T21:01:33.401834,2,1,162.25,0.5,162.0,150,161.9,100,,,,,,,,,,,,,,,,,162.5,150,,,,,,,,,,,,,,,,,,
2026-07-05T21:01:33.463941+00:00,2026-07-05T21:01:33.463789,2,2,162.2,0.4,162.0,150,161.9,100,,,,,,,,,,,,,,,,,162.4,100,162.5,150,,,,,,,,,,,,,,,,
2026-07-05T21:01:34.581807+00:00,2026-07-05T21:01:34.581690,2,2,162.2,0.4,162.0,104,161.9,100,,,,,,,,,,,,,,,,,162.4,100,162.5,150,,,,,,,,,,,,,,,,
2026-07-05T21:01:35.175055+00:00,2026-07-05T21:01:35.174883,1,1,162.15,0.5,161.9,100,,,,,,,,,,,,,,,,,,,162.4,100,,,,,,,,,,,,,,,,,,
2026-07-05T21:01:35.227425+00:00,2026-07-05T21:01:35.227548,2,1,162.15,0.5,161.9,100,161.6,150,,,,,,,,,,,,,,,,,162.4,100,,,,,,,,,,,,,,,,,,
2026-07-05T21:01:35.278797+00:00,2026-07-05T21:01:35.278649,2,2,162.0,0.2,161.9,100,161.6,150,,,,,,,,,,,,,,,,,162.1,150,162.4,100,,,,,,,,,,,,,,,,
2026-07-05T21:01:35.438188+00:00,2026-07-05T21:01:35.438113,2,2,162.0,0.2,161.9,50,161.6,150,,,,,,,,,,,,,,,,,162.1,150,162.4,100,,,,,,,,,,,,,,,,
2026-07-05T21:01:36.508621+00:00,2026-07-05T21:01:36.508562,1,1,161.85,0.5,161.6,150,,,,,,,,,,,,,,,,,,,162.1,150,,,,,,,,,,,,,,,,,,
2026-07-05T21:01:36.558643+00:00,2026-07-05T21:01:36.558359,2,1,161.85,0.5,161.6,150,161.4,100,,,,,,,,,,,,,,,,,162.1,150,,,,,,,,,,,,,,,,,,
2026-07-05T21:01:36.619012+00:00,2026-07-05T21:01:36.618950,2,2,161.75,0.3,161.6,150,161.4,100,,,,,,,,,,,,,,,,,161.9,100,162.1,150,,,,,,,,,,,,,,,,
2026-07-05T21:01:37.034747+00:00,2026-07-05T21:01:37.034636,2,2,161.75,0.3,161.6,103,161.4,100,,,,,,,,,,,,,,,,,161.9,100,162.1,150,,,,,,,,,,,,,,,,
2026-07-05T21:01:37.552532+00:00,2026-07-05T21:01:37.552445,2,2,161.75,0.3,161.6,53,161.4,100,,,,,,,,,,,,,,,,,161.9,100,162.1,150,,,,,,,,,,,,,,,,
2026-07-05T21:01:38.336687+00:00,2026-07-05T21:01:38.336649,1,1,161.65,0.5,161.4,100,,,,,,,,,,,,,,,,,,,161.9,100,,,,,,,,,,,,,,,,,,
2026-07-05T21:01:38.391033+00:00,2026-07-05T21:01:38.391007,2,1,161.65,0.5,161.4,100,161.0,150,,,,,,,,,,,,,,,,,161.9,100,,,,,,,,,,,,,,,,,,
2026-07-05T21:01:38.470496+00:00,2026-07-05T21:01:38.463808,2,2,161.45,0.1,161.4,100,161.0,150,,,,,,,,,,,,,,,,,161.5,138,161.9,100,,,,,,,,,,,,,,,,
2026-07-05T21:01:39.610378+00:00,2026-07-05T21:01:39.610332,2,2,161.45,0.1,161.4,100,161.0,150,,,,,,,,,,,,,,,,,161.5,88,161.9,100,,,,,,,,,,,,,,,,
2026-07-05T21:01:39.674219+00:00,2026-07-05T21:01:39.674412,1,1,161.25,0.5,161.0,150,,,,,,,,,,,,,,,,,,,161.5,88,,,,,,,,,,,,,,,,,,
2026-07-05T21:01:39.729395+00:00,2026-07-05T21:01:39.729279,2,1,161.3,0.4,161.1,100,161.0,150,,,,,,,,,,,,,,,,,161.5,88,,,,,,,,,,,,,,,,,,
2026-07-05T21:01:39.781893+00:00,2026-07-05T21:01:39.781858,2,2,161.3,0.4,161.1,100,161.0,150,,,,,,,,,,,,,,,,,161.5,88,161.6,100,,,,,,,,,,,,,,,,
2026-07-05T21:01:41.279728+00:00,2026-07-05T21:01:41.279621,2,2,161.3,0.4,161.1,100,161.0,150,,,,,,,,,,,,,,,,,161.5,40,161.6,100,,,,,,,,,,,,,,,,
2026-07-05T21:01:41.501423+00:00,2026-07-05T21:01:41.501376,1,1,161.35,0.5,161.1,100,,,,,,,,,,,,,,,,,,,161.6,100,,,,,,,,,,,,,,,,,,
2026-07-05T21:01:41.558537+00:00,2026-07-05T21:01:41.555557,2,1,161.5,0.2,161.4,150,161.1,100,,,,,,,,,,,,,,,,,161.6,100,,,,,,,,,,,,,,,,,,
2026-07-05T21:01:41.608710+00:00,2026-07-05T21:01:41.608838,2,2,161.5,0.2,161.4,150,161.1,100,,,,,,,,,,,,,,,,,161.6,100,161.9,150,,,,,,,,,,,,,,,,
2026-07-05T21:01:41.718142+00:00,2026-07-05T21:01:41.717995,2,2,161.5,0.2,161.4,150,161.1,100,,,,,,,,,,,,,,,,,161.6,50,161.9,150,,,,,,,,,,,,,,,,
2026-07-05T21:01:42.409058+00:00,2026-07-05T21:01:42.408897,2,2,161.5,0.2,161.4,150,161.1,100,,,,,,,,,,,,,,,,,161.6,1,161.9,150,,,,,,,,,,,,,,,,
2026-07-05T21:01:42.461840+00:00,2026-07-05T21:01:42.461775,2,2,161.5,0.2,161.4,107,161.1,100,,,,,,,,,,,,,,,,,161.6,1,161.9,150,,,,,,,,,,,,,,,,
2026-07-05T21:01:42.835861+00:00,2026-07-05T21:01:42.835768,1,1,161.65,0.5,161.4,107,,,,,,,,,,,,,,,,,,,161.9,150,,,,,,,,,,,,,,,,,,
2026-07-05T21:01:42.890366+00:00,2026-07-05T21:01:42.890247,2,1,161.7,0.4,161.5,100,161.4,107,,,,,,,,,,,,,,,,,161.9,150,,,,,,,,,,,,,,,,,,
2026-07-05T21:01:42.924265+00:00,2026-07-05T21:01:42.924220,2,1,161.7,0.4,161.5,100,161.4,107,,,,,,,,,,,,,,,,,161.9,105,,,,,,,,,,,,,,,,,,
2026-07-05T21:01:42.942565+00:00,2026-07-05T21:01:42.942522,2,2,161.7,0.4,161.5,100,161.4,107,,,,,,,,,,,,,,,,,161.9,105,162.0,100,,,,,,,,,,,,,,,,
2026-07-05T21:01:43.655443+00:00,2026-07-05T21:01:43.649774,2,2,161.7,0.4,161.5,88,161.4,107,,,,,,,,,,,,,,,,,161.9,105,162.0,100,,,,,,,,,,,,,,,,
2026-07-05T21:01:43.904885+00:00,2026-07-05T21:01:43.904765,2,2,161.7,0.4,161.5,38,161.4,107,,,,,,,,,,,,,,,,,161.9,105,162.0,100,,,,,,,,,,,,,,,,
2026-07-05T21:01:44.658576+00:00,2026-07-05T21:01:44.658128,2,1,161.75,0.5,161.5,38,161.4,107,,,,,,,,,,,,,,,,,162.0,100,,,,,,,,,,,,,,,,,,
2026-07-05T21:01:44.669186+00:00,2026-07-05T21:01:44.668994,1,1,161.75,0.5,161.5,38,,,,,,,,,,,,,,,,,,,162.0,100,,,,,,,,,,,,,,,,,,
2026-07-05T21:01:44.718749+00:00,2026-07-05T21:01:44.718665,2,1,161.75,0.5,161.5,38,161.2,150,,,,,,,,,,,,,,,,,162.0,100,,,,,,,,,,,,,,,,,,
2026-07-05T21:01:44.772178+00:00,2026-07-05T21:01:44.772135,2,2,161.6,0.2,161.5,38,161.2,150,,,,,,,,,,,,,,,,,161.7,150,162.0,100,,,,,,,,,,,,,,,,
2026-07-05T21:01:44.935786+00:00,2026-07-05T21:01:44.929842,2,2,161.6,0.2,161.5,24,161.2,150,,,,,,,,,,,,,,,,,161.7,150,162.0,100,,,,,,,,,,,,,,,,
2026-07-05T21:01:45.209115+00:00,2026-07-05T21:01:45.209065,1,2,161.45,0.5,161.2,127,,,,,,,,,,,,,,,,,,,161.7,150,162.0,100,,,,,,,,,,,,,,,,
2026-07-05T21:01:45.772612+00:00,2026-07-05T21:01:45.772454,1,2,161.45,0.5,161.2,80,,,,,,,,,,,,,,,,,,,161.7,150,162.0,100,,,,,,,,,,,,,,,,
2026-07-05T21:01:46.009259+00:00,2026-07-05T21:01:46.009190,1,1,161.45,0.5,161.2,80,,,,,,,,,,,,,,,,,,,161.7,150,,,,,,,,,,,,,,,,,,
2026-07-05T21:01:46.014427+00:00,2026-07-05T21:01:46.014385,1,1,161.45,0.5,161.2,30,,,,,,,,,,,,,,,,,,,161.7,150,,,,,,,,,,,,,,,,,,
2026-07-05T21:01:46.069269+00:00,2026-07-05T21:01:46.069180,2,1,161.45,0.5,161.2,30,160.8,100,,,,,,,,,,,,,,,,,161.7,150,,,,,,,,,,,,,,,,,,
2026-07-05T21:01:46.115607+00:00,2026-07-05T21:01:46.115684,2,2,161.25,0.1,161.2,30,160.8,100,,,,,,,,,,,,,,,,,161.3,100,161.7,150,,,,,,,,,,,,,,,,
2026-07-05T21:01:47.853981+00:00,2026-07-05T21:01:47.853865,1,1,161.05,0.5,160.8,100,,,,,,,,,,,,,,,,,,,161.3,100,,,,,,,,,,,,,,,,,,
2026-07-05T21:01:47.902213+00:00,2026-07-05T21:01:47.902406,2,1,161.05,0.5,160.8,100,160.3,150,,,,,,,,,,,,,,,,,161.3,100,,,,,,,,,,,,,,,,,,
2026-07-05T21:01:47.963661+00:00,2026-07-05T21:01:47.963937,1,2,160.55,0.5,160.3,150,,,,,,,,,,,,,,,,,,,160.8,50,161.3,100,,,,,,,,,,,,,,,,
2026-07-05T21:01:47.973120+00:00,2026-07-05T21:01:47.967960,1,2,160.55,0.5,160.3,150,,,,,,,,,,,,,,,,,,,160.8,13,161.3,100,,,,,,,,,,,,,,,,
2026-07-05T21:01:48.069504+00:00,2026-07-05T21:01:48.069796,1,1,160.8,1.0,160.3,150,,,,,,,,,,,,,,,,,,,161.3,63,,,,,,,,,,,,,,,,,,
2026-07-05T21:01:49.172842+00:00,2026-07-05T21:01:49.172734,1,0,,,160.3,150,,,,,,,,,,,,,,,,,,,,,,,,,,,,,,,,,,,,,,
2026-07-05T21:01:49.226084+00:00,2026-07-05T21:01:49.225988,2,0,,,160.6,100,160.3,150,,,,,,,,,,,,,,,,,,,,,,,,,,,,,,,,,,,,
2026-07-05T21:01:49.279099+00:00,2026-07-05T21:01:49.278984,2,1,160.85,0.5,160.6,100,160.3,150,,,,,,,,,,,,,,,,,161.1,100,,,,,,,,,,,,,,,,,,
2026-07-05T21:01:50.176755+00:00,2026-07-05T21:01:50.176713,2,1,160.85,0.5,160.6,100,160.3,150,,,,,,,,,,,,,,,,,161.1,50,,,,,,,,,,,,,,,,,,
2026-07-05T21:01:51.013878+00:00,2026-07-05T21:01:51.013991,1,1,160.85,0.5,160.6,100,,,,,,,,,,,,,,,,,,,161.1,50,,,,,,,,,,,,,,,,,,
2026-07-05T21:01:51.068973+00:00,2026-07-05T21:01:51.068869,2,1,161.05,0.1,161.0,150,160.6,100,,,,,,,,,,,,,,,,,161.1,50,,,,,,,,,,,,,,,,,,
2026-07-05T21:01:51.119820+00:00,2026-07-05T21:01:51.119678,2,2,161.05,0.1,161.0,150,160.6,100,,,,,,,,,,,,,,,,,161.1,50,161.5,150,,,,,,,,,,,,,,,,
2026-07-05T21:01:51.244145+00:00,2026-07-05T21:01:51.244070,2,2,161.05,0.1,161.0,150,160.6,100,,,,,,,,,,,,,,,,,161.1,3,161.5,150,,,,,,,,,,,,,,,,
2026-07-05T21:01:51.886323+00:00,2026-07-05T21:01:51.886272,2,1,161.25,0.5,161.0,150,160.6,100,,,,,,,,,,,,,,,,,161.5,109,,,,,,,,,,,,,,,,,,
2026-07-05T21:01:52.333072+00:00,2026-07-05T21:01:52.333030,1,1,161.25,0.5,161.0,150,,,,,,,,,,,,,,,,,,,161.5,109,,,,,,,,,,,,,,,,,,
2026-07-05T21:01:52.386528+00:00,2026-07-05T21:01:52.386414,2,1,161.25,0.5,161.0,150,160.9,100,,,,,,,,,,,,,,,,,161.5,109,,,,,,,,,,,,,,,,,,
2026-07-05T21:01:52.439701+00:00,2026-07-05T21:01:52.439586,2,2,161.2,0.4,161.0,150,160.9,100,,,,,,,,,,,,,,,,,161.4,100,161.5,109,,,,,,,,,,,,,,,,
2026-07-05T21:01:54.176314+00:00,2026-07-05T21:01:54.176253,1,1,161.15,0.5,160.9,100,,,,,,,,,,,,,,,,,,,161.4,100,,,,,,,,,,,,,,,,,,
2026-07-05T21:01:54.232372+00:00,2026-07-05T21:01:54.232308,2,0,,,161.4,50,160.9,100,,,,,,,,,,,,,,,,,,,,,,,,,,,,,,,,,,,,
2026-07-05T21:01:54.296536+00:00,2026-07-05T21:01:54.290591,2,1,161.65,0.5,161.4,39,160.9,100,,,,,,,,,,,,,,,,,161.9,150,,,,,,,,,,,,,,,,,,
2026-07-05T21:01:54.386322+00:00,2026-07-05T21:01:54.386202,2,1,161.65,0.5,161.4,39,160.9,100,,,,,,,,,,,,,,,,,161.9,100,,,,,,,,,,,,,,,,,,
2026-07-05T21:01:55.427488+00:00,2026-07-05T21:01:55.420600,2,1,161.65,0.5,161.4,27,160.9,100,,,,,,,,,,,,,,,,,161.9,100,,,,,,,,,,,,,,,,,,
2026-07-05T21:01:55.493794+00:00,2026-07-05T21:01:55.493746,1,1,161.65,0.5,161.4,27,,,,,,,,,,,,,,,,,,,161.9,100,,,,,,,,,,,,,,,,,,
2026-07-05T21:01:55.547164+00:00,2026-07-05T21:01:55.547050,2,1,161.65,0.5,161.4,27,161.3,100,,,,,,,,,,,,,,,,,161.9,100,,,,,,,,,,,,,,,,,,
2026-07-05T21:01:55.600334+00:00,2026-07-05T21:01:55.600241,2,2,161.6,0.4,161.4,27,161.3,100,,,,,,,,,,,,,,,,,161.8,100,161.9,100,,,,,,,,,,,,,,,,
2026-07-05T21:01:56.143983+00:00,2026-07-05T21:01:56.143943,1,2,161.55,0.5,161.3,83,,,,,,,,,,,,,,,,,,,161.8,100,161.9,100,,,,,,,,,,,,,,,,
2026-07-05T21:01:56.550274+00:00,2026-07-05T21:01:56.550201,1,2,161.55,0.5,161.3,33,,,,,,,,,,,,,,,,,,,161.8,100,161.9,100,,,,,,,,,,,,,,,,
2026-07-05T21:01:57.342885+00:00,2026-07-05T21:01:57.342787,1,1,161.55,0.5,161.3,33,,,,,,,,,,,,,,,,,,,161.8,100,,,,,,,,,,,,,,,,,,
2026-07-05T21:01:57.394278+00:00,2026-07-05T21:01:57.394192,2,1,161.55,0.5,161.3,33,160.9,150,,,,,,,,,,,,,,,,,161.8,100,,,,,,,,,,,,,,,,,,
2026-07-05T21:01:57.458628+00:00,2026-07-05T21:01:57.447618,2,2,161.35,0.1,161.3,33,160.9,150,,,,,,,,,,,,,,,,,161.4,150,161.8,100,,,,,,,,,,,,,,,,
2026-07-05T21:01:57.796199+00:00,2026-07-05T21:01:57.795964,1,2,161.15,0.5,160.9,139,,,,,,,,,,,,,,,,,,,161.4,150,161.8,100,,,,,,,,,,,,,,,,
2026-07-05T21:01:58.649678+00:00,2026-07-05T21:01:58.645289,1,1,161.15,0.5,160.9,139,,,,,,,,,,,,,,,,,,,161.4,150,,,,,,,,,,,,,,,,,,
2026-07-05T21:01:58.665417+00:00,2026-07-05T21:01:58.665188,1,1,161.15,0.5,160.9,89,,,,,,,,,,,,,,,,,,,161.4,150,,,,,,,,,,,,,,,,,,
2026-07-05T21:01:58.729979+00:00,2026-07-05T21:01:58.729899,2,1,161.25,0.3,161.1,100,160.9,89,,,,,,,,,,,,,,,,,161.4,150,,,,,,,,,,,,,,,,,,
2026-07-05T21:01:58.784731+00:00,2026-07-05T21:01:58.784832,2,2,161.25,0.3,161.1,100,160.9,89,,,,,,,,,,,,,,,,,161.4,150,161.6,100,,,,,,,,,,,,,,,,
2026-07-05T21:02:00.503484+00:00,2026-07-05T21:02:00.503689,1,1,161.35,0.5,161.1,100,,,,,,,,,,,,,,,,,,,161.6,100,,,,,,,,,,,,,,,,,,
2026-07-05T21:02:00.570055+00:00,2026-07-05T21:02:00.570022,2,1,161.35,0.5,161.1,100,160.8,150,,,,,,,,,,,,,,,,,161.6,100,,,,,,,,,,,,,,,,,,
2026-07-05T21:02:00.625666+00:00,2026-07-05T21:02:00.625643,2,2,161.2,0.2,161.1,100,160.8,150,,,,,,,,,,,,,,,,,161.3,150,161.6,100,,,,,,,,,,,,,,,,
2026-07-05T21:02:00.766601+00:00,2026-07-05T21:02:00.766573,2,2,161.2,0.2,161.1,50,160.8,150,,,,,,,,,,,,,,,,,161.3,150,161.6,100,,,,,,,,,,,,,,,,
2026-07-05T21:02:01.835545+00:00,2026-07-05T21:02:01.835454,2,1,161.2,0.2,161.1,50,160.8,150,,,,,,,,,,,,,,,,,161.3,150,,,,,,,,,,,,,,,,,,
2026-07-05T21:02:01.840549+00:00,2026-07-05T21:02:01.840632,1,1,161.05,0.5,160.8,150,,,,,,,,,,,,,,,,,,,161.3,150,,,,,,,,,,,,,,,,,,
2026-07-05T21:02:01.893440+00:00,2026-07-05T21:02:01.893515,1,1,161.05,0.5,160.8,250,,,,,,,,,,,,,,,,,,,161.3,150,,,,,,,,,,,,,,,,,,
2026-07-05T21:02:01.947078+00:00,2026-07-05T21:02:01.946878,1,1,161.05,0.5,160.8,250,,,,,,,,,,,,,,,,,,,161.3,250,,,,,,,,,,,,,,,,,,
2026-07-05T21:02:02.872810+00:00,2026-07-05T21:02:02.872743,1,1,161.05,0.5,160.8,200,,,,,,,,,,,,,,,,,,,161.3,250,,,,,,,,,,,,,,,,,,
2026-07-05T21:02:03.679513+00:00,2026-07-05T21:02:03.679474,1,1,161.05,0.5,160.8,200,,,,,,,,,,,,,,,,,,,161.3,100,,,,,,,,,,,,,,,,,,
2026-07-05T21:02:03.684717+00:00,2026-07-05T21:02:03.684639,1,1,161.05,0.5,160.8,100,,,,,,,,,,,,,,,,,,,161.3,100,,,,,,,,,,,,,,,,,,
2026-07-05T21:02:03.735107+00:00,2026-07-05T21:02:03.735066,2,1,161.05,0.5,160.8,100,160.3,150,,,,,,,,,,,,,,,,,161.3,100,,,,,,,,,,,,,,,,,,
2026-07-05T21:02:03.792198+00:00,2026-07-05T21:02:03.792267,1,2,160.55,0.5,160.3,150,,,,,,,,,,,,,,,,,,,160.8,50,161.3,100,,,,,,,,,,,,,,,,
2026-07-05T21:02:03.801744+00:00,2026-07-05T21:02:03.796277,1,2,160.55,0.5,160.3,150,,,,,,,,,,,,,,,,,,,160.8,15,161.3,100,,,,,,,,,,,,,,,,
2026-07-05T21:02:04.663868+00:00,2026-07-05T21:02:04.663765,1,1,160.8,1.0,160.3,150,,,,,,,,,,,,,,,,,,,161.3,73,,,,,,,,,,,,,,,,,,
2026-07-05T21:02:04.930742+00:00,2026-07-05T21:02:04.930682,1,1,160.8,1.0,160.3,150,,,,,,,,,,,,,,,,,,,161.3,23,,,,,,,,,,,,,,,,,,
2026-07-05T21:02:05.008493+00:00,2026-07-05T21:02:05.008617,1,0,,,160.3,150,,,,,,,,,,,,,,,,,,,,,,,,,,,,,,,,,,,,,,
2026-07-05T21:02:05.058688+00:00,2026-07-05T21:02:05.054976,2,0,,,160.5,100,160.3,150,,,,,,,,,,,,,,,,,,,,,,,,,,,,,,,,,,,,
2026-07-05T21:02:05.116567+00:00,2026-07-05T21:02:05.116435,2,1,160.75,0.5,160.5,100,160.3,150,,,,,,,,,,,,,,,,,161.0,100,,,,,,,,,,,,,,,,,,
2026-07-05T21:02:05.212471+00:00,2026-07-05T21:02:05.212586,2,1,160.75,0.5,160.5,100,160.3,150,,,,,,,,,,,,,,,,,161.0,52,,,,,,,,,,,,,,,,,,
2026-07-05T21:02:05.792116+00:00,2026-07-05T21:02:05.792012,2,1,160.75,0.5,160.5,57,160.3,150,,,,,,,,,,,,,,,,,161.0,52,,,,,,,,,,,,,,,,,,
2026-07-05T21:02:06.385712+00:00,2026-07-05T21:02:06.385650,2,1,160.75,0.5,160.5,57,160.3,150,,,,,,,,,,,,,,,,,161.0,11,,,,,,,,,,,,,,,,,,
2026-07-05T21:02:06.849367+00:00,2026-07-05T21:02:06.849453,1,1,160.75,0.5,160.5,57,,,,,,,,,,,,,,,,,,,161.0,11,,,,,,,,,,,,,,,,,,
2026-07-05T21:02:06.898039+00:00,2026-07-05T21:02:06.898020,2,1,160.8,0.4,160.6,150,160.5,57,,,,,,,,,,,,,,,,,161.0,11,,,,,,,,,,,,,,,,,,
2026-07-05T21:02:06.958647+00:00,2026-07-05T21:02:06.951590,2,2,160.8,0.4,160.6,150,160.5,57,,,,,,,,,,,,,,,,,161.0,11,161.1,150,,,,,,,,,,,,,,,,
2026-07-05T21:02:07.038616+00:00,2026-07-05T21:02:07.038859,2,1,160.85,0.5,160.6,150,160.5,57,,,,,,,,,,,,,,,,,161.1,111,,,,,,,,,,,,,,,,,,
2026-07-05T21:02:07.270307+00:00,2026-07-05T21:02:07.270274,2,1,160.85,0.5,160.6,104,160.5,57,,,,,,,,,,,,,,,,,161.1,111,,,,,,,,,,,,,,,,,,
2026-07-05T21:02:08.172265+00:00,2026-07-05T21:02:08.172139,1,1,160.85,0.5,160.6,104,,,,,,,,,,,,,,,,,,,161.1,111,,,,,,,,,,,,,,,,,,
2026-07-05T21:02:08.225383+00:00,2026-07-05T21:02:08.225293,1,1,160.85,0.5,160.6,204,,,,,,,,,,,,,,,,,,,161.1,111,,,,,,,,,,,,,,,,,,
2026-07-05T21:02:08.278372+00:00,2026-07-05T21:02:08.278270,1,1,160.85,0.5,160.6,204,,,,,,,,,,,,,,,,,,,161.1,211,,,,,,,,,,,,,,,,,,
2026-07-05T21:02:09.146091+00:00,2026-07-05T21:02:09.145982,1,1,160.85,0.5,160.6,204,,,,,,,,,,,,,,,,,,,161.1,161,,,,,,,,,,,,,,,,,,
2026-07-05T21:02:10.006472+00:00,2026-07-05T21:02:10.006668,1,1,160.85,0.5,160.6,100,,,,,,,,,,,,,,,,,,,161.1,100,,,,,,,,,,,,,,,,,,
2026-07-05T21:02:10.063941+00:00,2026-07-05T21:02:10.063824,2,0,,,161.1,50,160.6,100,,,,,,,,,,,,,,,,,,,,,,,,,,,,,,,,,,,,
2026-07-05T21:02:10.129464+00:00,2026-07-05T21:02:10.123079,2,1,161.35,0.5,161.1,38,160.6,100,,,,,,,,,,,,,,,,,161.6,150,,,,,,,,,,,,,,,,,,
2026-07-05T21:02:10.284377+00:00,2026-07-05T21:02:10.278410,2,1,161.35,0.5,161.1,27,160.6,100,,,,,,,,,,,,,,,,,161.6,150,,,,,,,,,,,,,,,,,,
2026-07-05T21:02:10.818267+00:00,2026-07-05T21:02:10.818128,1,1,161.1,1.0,160.6,100,,,,,,,,,,,,,,,,,,,161.6,150,,,,,,,,,,,,,,,,,,
2026-07-05T21:02:11.258578+00:00,2026-07-05T21:02:11.246698,1,1,161.1,1.0,160.6,100,,,,,,,,,,,,,,,,,,,161.6,100,,,,,,,,,,,,,,,,,,
2026-07-05T21:02:11.363681+00:00,2026-07-05T21:02:11.363953,0,1,,,,,,,,,,,,,,,,,,,,,,,161.6,100,,,,,,,,,,,,,,,,,,
2026-07-05T21:02:11.464859+00:00,2026-07-05T21:02:11.464635,1,2,161.25,0.5,161.0,100,,,,,,,,,,,,,,,,,,,161.5,100,161.6,100,,,,,,,,,,,,,,,,
2026-07-05T21:02:13.171800+00:00,2026-07-05T21:02:13.171731,1,1,161.25,0.5,161.0,100,,,,,,,,,,,,,,,,,,,161.5,100,,,,,,,,,,,,,,,,,,
2026-07-05T21:02:13.220218+00:00,2026-07-05T21:02:13.220129,2,1,161.25,0.5,161.0,100,160.7,150,,,,,,,,,,,,,,,,,161.5,100,,,,,,,,,,,,,,,,,,
2026-07-05T21:02:13.289993+00:00,2026-07-05T21:02:13.290164,2,2,161.1,0.2,161.0,100,160.7,150,,,,,,,,,,,,,,,,,161.2,150,161.5,100,,,,,,,,,,,,,,,,
2026-07-05T21:02:13.364089+00:00,2026-07-05T21:02:13.363889,2,2,161.1,0.2,161.0,100,160.7,150,,,,,,,,,,,,,,,,,161.2,100,161.5,100,,,,,,,,,,,,,,,,
2026-07-05T21:02:14.505742+00:00,2026-07-05T21:02:14.505679,1,1,160.95,0.5,160.7,150,,,,,,,,,,,,,,,,,,,161.2,100,,,,,,,,,,,,,,,,,,
2026-07-05T21:02:14.558584+00:00,2026-07-05T21:02:14.556471,1,0,,,160.7,150,,,,,,,,,,,,,,,,,,,,,,,,,,,,,,,,,,,,,,
2026-07-05T21:02:14.624209+00:00,2026-07-05T21:02:14.624084,1,1,161.2,1.0,160.7,150,,,,,,,,,,,,,,,,,,,161.7,100,,,,,,,,,,,,,,,,,,
2026-07-05T21:02:15.469317+00:00,2026-07-05T21:02:15.469464,1,1,161.2,1.0,160.7,150,,,,,,,,,,,,,,,,,,,161.7,50,,,,,,,,,,,,,,,,,,
2026-07-05T21:02:16.348274+00:00,2026-07-05T21:02:16.348180,0,1,,,,,,,,,,,,,,,,,,,,,,,161.7,50,,,,,,,,,,,,,,,,,,
2026-07-05T21:02:16.421170+00:00,2026-07-05T21:02:16.406319,1,1,161.55,0.3,161.4,127,,,,,,,,,,,,,,,,,,,161.7,50,,,,,,,,,,,,,,,,,,
2026-07-05T21:02:16.454749+00:00,2026-07-05T21:02:16.454660,1,2,161.55,0.3,161.4,127,,,,,,,,,,,,,,,,,,,161.7,50,161.9,150,,,,,,,,,,,,,,,,
2026-07-05T21:02:16.503617+00:00,2026-07-05T21:02:16.503570,1,2,161.55,0.3,161.4,78,,,,,,,,,,,,,,,,,,,161.7,50,161.9,150,,,,,,,,,,,,,,,,
2026-07-05T21:02:17.552179+00:00,2026-07-05T21:02:17.546645,1,2,161.55,0.3,161.4,75,,,,,,,,,,,,,,,,,,,161.7,50,161.9,150,,,,,,,,,,,,,,,,
2026-07-05T21:02:17.572887+00:00,2026-07-05T21:02:17.572829,1,2,161.55,0.3,161.4,75,,,,,,,,,,,,,,,,,,,161.7,9,161.9,150,,,,,,,,,,,,,,,,
2026-07-05T21:02:17.675717+00:00,2026-07-05T21:02:17.675643,1,1,161.65,0.5,161.4,75,,,,,,,,,,,,,,,,,,,161.9,150,,,,,,,,,,,,,,,,,,
2026-07-05T21:02:17.729610+00:00,2026-07-05T21:02:17.729562,2,1,161.65,0.5,161.4,75,161.1,100,,,,,,,,,,,,,,,,,161.9,150,,,,,,,,,,,,,,,,,,
2026-07-05T21:02:17.780883+00:00,2026-07-05T21:02:17.780810,2,2,161.5,0.2,161.4,75,161.1,100,,,,,,,,,,,,,,,,,161.6,100,161.9,150,,,,,,,,,,,,,,,,
2026-07-05T21:02:19.507871+00:00,2026-07-05T21:02:19.507777,1,1,161.35,0.5,161.1,100,,,,,,,,,,,,,,,,,,,161.6,100,,,,,,,,,,,,,,,,,,
2026-07-05T21:02:19.564394+00:00,2026-07-05T21:02:19.564291,2,1,161.55,0.1,161.5,150,161.1,100,,,,,,,,,,,,,,,,,161.6,100,,,,,,,,,,,,,,,,,,
2026-07-05T21:02:19.618181+00:00,2026-07-05T21:02:19.618289,2,2,161.55,0.1,161.5,150,161.1,100,,,,,,,,,,,,,,,,,161.6,100,162.0,150,,,,,,,,,,,,,,,,
2026-07-05T21:02:20.232383+00:00,2026-07-05T21:02:20.232206,2,2,161.55,0.1,161.5,107,161.1,100,,,,,,,,,,,,,,,,,161.6,100,162.0,150,,,,,,,,,,,,,,,,
2026-07-05T21:02:20.837255+00:00,2026-07-05T21:02:20.837359,1,1,161.75,0.5,161.5,107,,,,,,,,,,,,,,,,,,,162.0,150,,,,,,,,,,,,,,,,,,
2026-07-05T21:02:20.890596+00:00,2026-07-05T21:02:20.890550,2,1,161.75,0.5,161.5,107,161.1,100,,,,,,,,,,,,,,,,,162.0,150,,,,,,,,,,,,,,,,,,
2026-07-05T21:02:20.945747+00:00,2026-07-05T21:02:20.945577,2,2,161.55,0.1,161.5,107,161.1,100,,,,,,,,,,,,,,,,,161.6,100,162.0,150,,,,,,,,,,,,,,,,
2026-07-05T21:02:21.784559+00:00,2026-07-05T21:02:21.784429,2,2,161.55,0.1,161.5,107,161.1,100,,,,,,,,,,,,,,,,,161.6,50,162.0,150,,,,,,,,,,,,,,,,
2026-07-05T21:02:22.645832+00:00,2026-07-05T21:02:22.645966,2,2,161.55,0.1,161.5,107,161.1,100,,,,,,,,,,,,,,,,,161.6,8,162.0,150,,,,,,,,,,,,,,,,
2026-07-05T21:02:22.671306+00:00,2026-07-05T21:02:22.671216,1,1,161.35,0.5,161.1,100,,,,,,,,,,,,,,,,,,,161.6,8,,,,,,,,,,,,,,,,,,
2026-07-05T21:02:22.720936+00:00,2026-07-05T21:02:22.720885,2,1,161.35,0.5,161.1,100,161.0,150,,,,,,,,,,,,,,,,,161.6,8,,,,,,,,,,,,,,,,,,
2026-07-05T21:02:22.777669+00:00,2026-07-05T21:02:22.777555,2,2,161.3,0.4,161.1,100,161.0,150,,,,,,,,,,,,,,,,,161.5,150,161.6,8,,,,,,,,,,,,,,,,
2026-07-05T21:02:24.000738+00:00,2026-07-05T21:02:24.000862,1,1,161.25,0.5,161.0,150,,,,,,,,,,,,,,,,,,,161.5,150,,,,,,,,,,,,,,,,,,
2026-07-05T21:02:24.058616+00:00,2026-07-05T21:02:24.053598,2,1,161.45,0.1,161.4,100,161.0,150,,,,,,,,,,,,,,,,,161.5,150,,,,,,,,,,,,,,,,,,
2026-07-05T21:02:24.107548+00:00,2026-07-05T21:02:24.107422,2,2,161.45,0.1,161.4,100,161.0,150,,,,,,,,,,,,,,,,,161.5,150,161.9,100,,,,,,,,,,,,,,,,
2026-07-05T21:02:25.826314+00:00,2026-07-05T21:02:25.826124,1,1,161.65,0.5,161.4,100,,,,,,,,,,,,,,,,,,,161.9,100,,,,,,,,,,,,,,,,,,
2026-07-05T21:02:25.880485+00:00,2026-07-05T21:02:25.880362,2,1,161.65,0.5,161.4,100,161.0,150,,,,,,,,,,,,,,,,,161.9,100,,,,,,,,,,,,,,,,,,
2026-07-05T21:02:25.939012+00:00,2026-07-05T21:02:25.938837,2,2,161.45,0.1,161.4,100,161.0,150,,,,,,,,,,,,,,,,,161.5,150,161.9,100,,,,,,,,,,,,,,,,
2026-07-05T21:02:27.158659+00:00,2026-07-05T21:02:27.157241,1,1,161.25,0.5,161.0,150,,,,,,,,,,,,,,,,,,,161.5,150,,,,,,,,,,,,,,,,,,
2026-07-05T21:02:27.215328+00:00,2026-07-05T21:02:27.215252,1,1,161.25,0.5,161.0,150,,,,,,,,,,,,,,,,,,,161.5,50,,,,,,,,,,,,,,,,,,
2026-07-05T21:02:27.270950+00:00,2026-07-05T21:02:27.270863,1,2,161.25,0.5,161.0,150,,,,,,,,,,,,,,,,,,,161.5,50,162.2,100,,,,,,,,,,,,,,,,
2026-07-05T21:02:27.632620+00:00,2026-07-05T21:02:27.632747,1,2,161.25,0.5,161.0,150,,,,,,,,,,,,,,,,,,,161.5,8,162.2,100,,,,,,,,,,,,,,,,
2026-07-05T21:02:28.114797+00:00,2026-07-05T21:02:28.114672,1,1,161.6,1.2,161.0,150,,,,,,,,,,,,,,,,,,,162.2,100,,,,,,,,,,,,,,,,,,
2026-07-05T21:02:29.017854+00:00,2026-07-05T21:02:29.017802,0,1,,,,,,,,,,,,,,,,,,,,,,,162.2,100,,,,,,,,,,,,,,,,,,
2026-07-05T21:02:29.076979+00:00,2026-07-05T21:02:29.076882,1,1,161.95,0.5,161.7,150,,,,,,,,,,,,,,,,,,,162.2,100,,,,,,,,,,,,,,,,,,
2026-07-05T21:02:29.127205+00:00,2026-07-05T21:02:29.127130,1,1,161.95,0.5,161.7,150,,,,,,,,,,,,,,,,,,,162.2,250,,,,,,,,,,,,,,,,,,
2026-07-05T21:02:30.274924+00:00,2026-07-05T21:02:30.274893,1,1,161.95,0.5,161.7,100,,,,,,,,,,,,,,,,,,,162.2,250,,,,,,,,,,,,,,,,,,
2026-07-05T21:02:30.326013+00:00,2026-07-05T21:02:30.326174,1,1,161.95,0.5,161.7,100,,,,,,,,,,,,,,,,,,,162.2,150,,,,,,,,,,,,,,,,,,
2026-07-05T21:02:30.379152+00:00,2026-07-05T21:02:30.379115,2,1,161.95,0.5,161.7,100,161.3,100,,,,,,,,,,,,,,,,,162.2,150,,,,,,,,,,,,,,,,,,
2026-07-05T21:02:30.431165+00:00,2026-07-05T21:02:30.431046,2,2,161.75,0.1,161.7,100,161.3,100,,,,,,,,,,,,,,,,,161.8,100,162.2,150,,,,,,,,,,,,,,,,
2026-07-05T21:02:30.914887+00:00,2026-07-05T21:02:30.915099,2,2,161.75,0.1,161.7,54,161.3,100,,,,,,,,,,,,,,,,,161.8,100,162.2,150,,,,,,,,,,,,,,,,
2026-07-05T21:02:32.184379+00:00,2026-07-05T21:02:32.184304,1,1,161.55,0.5,161.3,100,,,,,,,,,,,,,,,,,,,161.8,100,,,,,,,,,,,,,,,,,,
2026-07-05T21:02:32.240963+00:00,2026-07-05T21:02:32.240857,2,1,161.55,0.5,161.3,100,161.2,150,,,,,,,,,,,,,,,,,161.8,100,,,,,,,,,,,,,,,,,,
2026-07-05T21:02:32.294125+00:00,2026-07-05T21:02:32.294017,2,2,161.5,0.4,161.3,100,161.2,150,,,,,,,,,,,,,,,,,161.7,150,161.8,100,,,,,,,,,,,,,,,,
2026-07-05T21:02:32.385190+00:00,2026-07-05T21:02:32.385072,2,2,161.5,0.4,161.3,50,161.2,150,,,,,,,,,,,,,,,,,161.7,150,161.8,100,,,,,,,,,,,,,,,,
2026-07-05T21:02:32.537297+00:00,2026-07-05T21:02:32.537182,2,2,161.5,0.4,161.3,50,161.2,150,,,,,,,,,,,,,,,,,161.7,102,161.8,100,,,,,,,,,,,,,,,,
2026-07-05T21:02:33.483393+00:00,2026-07-05T21:02:33.483497,2,1,161.5,0.4,161.3,50,161.2,150,,,,,,,,,,,,,,,,,161.7,102,,,,,,,,,,,,,,,,,,
2026-07-05T21:02:33.488719+00:00,2026-07-05T21:02:33.488667,1,1,161.45,0.5,161.2,150,,,,,,,,,,,,,,,,,,,161.7,102,,,,,,,,,,,,,,,,,,
2026-07-05T21:02:33.541699+00:00,2026-07-05T21:02:33.541579,2,1,161.45,0.5,161.2,150,161.1,100,,,,,,,,,,,,,,,,,161.7,102,,,,,,,,,,,,,,,,,,
2026-07-05T21:02:33.593396+00:00,2026-07-05T21:02:33.593319,2,2,161.4,0.4,161.2,150,161.1,100,,,,,,,,,,,,,,,,,161.6,100,161.7,102,,,,,,,,,,,,,,,,
2026-07-05T21:02:34.139277+00:00,2026-07-05T21:02:34.139200,2,2,161.4,0.4,161.2,101,161.1,100,,,,,,,,,,,,,,,,,161.6,100,161.7,102,,,,,,,,,,,,,,,,
2026-07-05T21:02:34.517168+00:00,2026-07-05T21:02:34.516987,2,2,161.4,0.4,161.2,51,161.1,100,,,,,,,,,,,,,,,,,161.6,100,161.7,102,,,,,,,,,,,,,,,,
2026-07-05T21:02:35.348538+00:00,2026-07-05T21:02:35.348466,1,1,161.35,0.5,161.1,100,,,,,,,,,,,,,,,,,,,161.6,100,,,,,,,,,,,,,,,,,,
2026-07-05T21:02:35.400914+00:00,2026-07-05T21:02:35.400781,2,1,161.35,0.5,161.1,100,161.0,150,,,,,,,,,,,,,,,,,161.6,100,,,,,,,,,,,,,,,,,,
2026-07-05T21:02:35.458620+00:00,2026-07-05T21:02:35.449554,2,2,161.3,0.4,161.1,100,161.0,150,,,,,,,,,,,,,,,,,161.5,150,161.6,100,,,,,,,,,,,,,,,,
2026-07-05T21:02:36.648976+00:00,2026-07-05T21:02:36.648891,1,1,161.25,0.5,161.0,150,,,,,,,,,,,,,,,,,,,161.5,150,,,,,,,,,,,,,,,,,,
2026-07-05T21:02:36.702016+00:00,2026-07-05T21:02:36.701962,1,1,161.25,0.5,161.0,250,,,,,,,,,,,,,,,,,,,161.5,150,,,,,,,,,,,,,,,,,,
2026-07-05T21:02:36.755614+00:00,2026-07-05T21:02:36.755559,1,1,161.25,0.5,161.0,250,,,,,,,,,,,,,,,,,,,161.5,250,,,,,,,,,,,,,,,,,,
2026-07-05T21:02:37.290715+00:00,2026-07-05T21:02:37.290579,1,1,161.25,0.5,161.0,250,,,,,,,,,,,,,,,,,,,161.5,201,,,,,,,,,,,,,,,,,,
2026-07-05T21:02:38.510231+00:00,2026-07-05T21:02:38.510101,1,1,161.25,0.5,161.0,100,,,,,,,,,,,,,,,,,,,161.5,100,,,,,,,,,,,,,,,,,,
2026-07-05T21:02:38.564469+00:00,2026-07-05T21:02:38.564347,2,1,161.3,0.4,161.1,150,161.0,100,,,,,,,,,,,,,,,,,161.5,100,,,,,,,,,,,,,,,,,,
2026-07-05T21:02:38.620151+00:00,2026-07-05T21:02:38.620063,2,2,161.3,0.4,161.1,150,161.0,100,,,,,,,,,,,,,,,,,161.5,100,161.6,150,,,,,,,,,,,,,,,,
2026-07-05T21:02:38.726968+00:00,2026-07-05T21:02:38.727148,2,2,161.3,0.4,161.1,100,161.0,100,,,,,,,,,,,,,,,,,161.5,100,161.6,150,,,,,,,,,,,,,,,,
2026-07-05T21:02:38.835858+00:00,2026-07-05T21:02:38.835728,2,2,161.3,0.4,161.1,100,161.0,100,,,,,,,,,,,,,,,,,161.5,58,161.6,150,,,,,,,,,,,,,,,,
2026-07-05T21:02:39.810090+00:00,2026-07-05T21:02:39.809990,1,1,161.35,0.5,161.1,100,,,,,,,,,,,,,,,,,,,161.6,150,,,,,,,,,,,,,,,,,,
2026-07-05T21:02:39.863822+00:00,2026-07-05T21:02:39.863712,1,1,161.35,0.5,161.1,200,,,,,,,,,,,,,,,,,,,161.6,150,,,,,,,,,,,,,,,,,,
2026-07-05T21:02:39.920476+00:00,2026-07-05T21:02:39.920588,1,1,161.35,0.5,161.1,200,,,,,,,,,,,,,,,,,,,161.6,250,,,,,,,,,,,,,,,,,,
2026-07-05T21:02:40.837295+00:00,2026-07-05T21:02:40.837244,1,1,161.35,0.5,161.1,150,,,,,,,,,,,,,,,,,,,161.6,250,,,,,,,,,,,,,,,,,,
2026-07-05T21:02:41.675300+00:00,2026-07-05T21:02:41.675176,1,1,161.35,0.5,161.1,100,,,,,,,,,,,,,,,,,,,161.6,100,,,,,,,,,,,,,,,,,,
2026-07-05T21:02:41.747479+00:00,2026-07-05T21:02:41.747328,2,1,161.35,0.5,161.1,100,160.7,150,,,,,,,,,,,,,,,,,161.6,100,,,,,,,,,,,,,,,,,,
2026-07-05T21:02:41.807122+00:00,2026-07-05T21:02:41.800413,2,2,161.15,0.1,161.1,100,160.7,150,,,,,,,,,,,,,,,,,161.2,147,161.6,100,,,,,,,,,,,,,,,,
2026-07-05T21:02:42.828880+00:00,2026-07-05T21:02:42.829012,2,2,161.15,0.1,161.1,58,160.7,150,,,,,,,,,,,,,,,,,161.2,147,161.6,100,,,,,,,,,,,,,,,,
2026-07-05T21:02:42.894458+00:00,2026-07-05T21:02:42.894572,2,2,161.15,0.1,161.1,58,160.7,150,,,,,,,,,,,,,,,,,161.2,97,161.6,100,,,,,,,,,,,,,,,,
2026-07-05T21:02:42.979436+00:00,2026-07-05T21:02:42.979391,2,1,161.15,0.1,161.1,58,160.7,150,,,,,,,,,,,,,,,,,161.2,97,,,,,,,,,,,,,,,,,,
2026-07-05T21:02:42.984766+00:00,2026-07-05T21:02:42.984557,1,1,160.95,0.5,160.7,150,,,,,,,,,,,,,,,,,,,161.2,97,,,,,,,,,,,,,,,,,,
2026-07-05T21:02:43.037594+00:00,2026-07-05T21:02:43.037501,2,1,161.05,0.3,160.9,100,160.7,150,,,,,,,,,,,,,,,,,161.2,97,,,,,,,,,,,,,,,,,,
2026-07-05T21:02:43.090408+00:00,2026-07-05T21:02:43.090353,2,2,161.05,0.3,160.9,100,160.7,150,,,,,,,,,,,,,,,,,161.2,97,161.4,100,,,,,,,,,,,,,,,,
2026-07-05T21:02:43.288868+00:00,2026-07-05T21:02:43.288817,2,2,161.05,0.3,160.9,100,160.7,150,,,,,,,,,,,,,,,,,161.2,52,161.4,100,,,,,,,,,,,,,,,,
2026-07-05T21:02:44.854054+00:00,2026-07-05T21:02:44.854006,1,1,161.15,0.5,160.9,100,,,,,,,,,,,,,,,,,,,161.4,100,,,,,,,,,,,,,,,,,,
2026-07-05T21:02:44.906495+00:00,2026-07-05T21:02:44.906423,2,1,161.15,0.5,160.9,100,160.8,150,,,,,,,,,,,,,,,,,161.4,100,,,,,,,,,,,,,,,,,,
2026-07-05T21:02:44.958597+00:00,2026-07-05T21:02:44.955222,2,2,161.1,0.4,160.9,100,160.8,150,,,,,,,,,,,,,,,,,161.3,150,161.4,100,,,,,,,,,,,,,,,,
2026-07-05T21:02:45.024171+00:00,2026-07-05T21:02:45.024133,2,2,161.1,0.4,160.9,100,160.8,150,,,,,,,,,,,,,,,,,161.3,100,161.4,100,,,,,,,,,,,,,,,,
2026-07-05T21:02:45.399485+00:00,2026-07-05T21:02:45.399646,2,2,161.1,0.4,160.9,57,160.8,150,,,,,,,,,,,,,,,,,161.3,100,161.4,100,,,,,,,,,,,,,,,,
2026-07-05T21:02:46.141946+00:00,2026-07-05T21:02:46.141906,1,1,161.05,0.5,160.8,150,,,,,,,,,,,,,,,,,,,161.3,100,,,,,,,,,,,,,,,,,,
2026-07-05T21:02:46.194899+00:00,2026-07-05T21:02:46.194849,2,1,161.05,0.5,160.8,150,160.6,100,,,,,,,,,,,,,,,,,161.3,100,,,,,,,,,,,,,,,,,,
2026-07-05T21:02:46.247218+00:00,2026-07-05T21:02:46.247126,2,2,160.95,0.3,160.8,150,160.6,100,,,,,,,,,,,,,,,,,161.1,100,161.3,100,,,,,,,,,,,,,,,,
2026-07-05T21:02:46.515043+00:00,2026-07-05T21:02:46.514978,2,2,160.95,0.3,160.8,105,160.6,100,,,,,,,,,,,,,,,,,161.1,100,161.3,100,,,,,,,,,,,,,,,,
2026-07-05T21:02:47.128244+00:00,2026-07-05T21:02:47.128384,2,2,160.95,0.3,160.8,105,160.6,100,,,,,,,,,,,,,,,,,161.1,50,161.3,100,,,,,,,,,,,,,,,,
2026-07-05T21:02:48.022569+00:00,2026-07-05T21:02:48.022456,1,1,160.85,0.5,160.6,100,,,,,,,,,,,,,,,,,,,161.1,50,,,,,,,,,,,,,,,,,,
2026-07-05T21:02:48.074181+00:00,2026-07-05T21:02:48.074087,2,1,160.9,0.4,160.7,150,160.6,100,,,,,,,,,,,,,,,,,161.1,50,,,,,,,,,,,,,,,,,,
2026-07-05T21:02:48.129376+00:00,2026-07-05T21:02:48.129311,2,2,160.9,0.4,160.7,150,160.6,100,,,,,,,,,,,,,,,,,161.1,50,161.2,150,,,,,,,,,,,,,,,,
2026-07-05T21:02:49.252925+00:00,2026-07-05T21:02:49.252792,2,1,160.95,0.5,160.7,150,160.6,100,,,,,,,,,,,,,,,,,161.2,150,,,,,,,,,,,,,,,,,,
2026-07-05T21:02:49.303124+00:00,2026-07-05T21:02:49.303053,1,1,160.95,0.5,160.7,150,,,,,,,,,,,,,,,,,,,161.2,150,,,,,,,,,,,,,,,,,,
2026-07-05T21:02:49.358574+00:00,2026-07-05T21:02:49.355818,1,1,160.95,0.5,160.7,250,,,,,,,,,,,,,,,,,,,161.2,150,,,,,,,,,,,,,,,,,,
2026-07-05T21:02:49.408330+00:00,2026-07-05T21:02:49.408425,1,1,160.95,0.5,160.7,250,,,,,,,,,,,,,,,,,,,161.2,250,,,,,,,,,,,,,,,,,,
2026-07-05T21:02:51.185367+00:00,2026-07-05T21:02:51.185274,1,1,160.95,0.5,160.7,100,,,,,,,,,,,,,,,,,,,161.2,100,,,,,,,,,,,,,,,,,,
2026-07-05T21:02:51.240187+00:00,2026-07-05T21:02:51.240043,1,1,160.95,0.5,160.7,250,,,,,,,,,,,,,,,,,,,161.2,100,,,,,,,,,,,,,,,,,,
2026-07-05T21:02:51.293766+00:00,2026-07-05T21:02:51.293579,1,1,160.95,0.5,160.7,250,,,,,,,,,,,,,,,,,,,161.2,250,,,,,,,,,,,,,,,,,,
2026-07-05T21:02:51.358622+00:00,2026-07-05T21:02:51.355502,1,1,160.95,0.5,160.7,250,,,,,,,,,,,,,,,,,,,161.2,200,,,,,,,,,,,,,,,,,,
2026-07-05T21:02:52.458662+00:00,2026-07-05T21:02:52.453616,1,1,160.95,0.5,160.7,150,,,,,,,,,,,,,,,,,,,161.2,150,,,,,,,,,,,,,,,,,,
2026-07-05T21:02:52.511842+00:00,2026-07-05T21:02:52.511972,2,1,161.0,0.4,160.8,100,160.7,150,,,,,,,,,,,,,,,,,161.2,150,,,,,,,,,,,,,,,,,,
2026-07-05T21:02:52.565222+00:00,2026-07-05T21:02:52.565072,2,2,161.0,0.4,160.8,100,160.7,150,,,,,,,,,,,,,,,,,161.2,150,161.3,100,,,,,,,,,,,,,,,,
2026-07-05T21:02:53.406155+00:00,2026-07-05T21:02:53.406083,2,2,161.0,0.4,160.8,51,160.7,150,,,,,,,,,,,,,,,,,161.2,150,161.3,100,,,,,,,,,,,,,,,,
2026-07-05T21:02:53.536094+00:00,2026-07-05T21:02:53.536050,2,2,161.0,0.4,160.8,1,160.7,150,,,,,,,,,,,,,,,,,161.2,150,161.3,100,,,,,,,,,,,,,,,,
2026-07-05T21:02:54.358772+00:00,2026-07-05T21:02:54.358651,1,1,161.05,0.5,160.8,1,,,,,,,,,,,,,,,,,,,161.3,100,,,,,,,,,,,,,,,,,,
2026-07-05T21:02:54.403164+00:00,2026-07-05T21:02:54.403068,2,1,161.05,0.5,160.8,1,160.6,150,,,,,,,,,,,,,,,,,161.3,100,,,,,,,,,,,,,,,,,,
2026-07-05T21:02:54.469170+00:00,2026-07-05T21:02:54.469113,2,2,160.95,0.3,160.8,1,160.6,150,,,,,,,,,,,,,,,,,161.1,150,161.3,100,,,,,,,,,,,,,,,,
2026-07-05T21:02:55.621780+00:00,2026-07-05T21:02:55.621745,1,1,160.85,0.5,160.6,150,,,,,,,,,,,,,,,,,,,161.1,150,,,,,,,,,,,,,,,,,,
2026-07-05T21:02:55.644621+00:00,2026-07-05T21:02:55.644481,1,1,160.85,0.5,160.6,100,,,,,,,,,,,,,,,,,,,161.1,150,,,,,,,,,,,,,,,,,,
2026-07-05T21:02:55.670118+00:00,2026-07-05T21:02:55.669980,2,1,160.85,0.5,160.6,100,160.5,100,,,,,,,,,,,,,,,,,161.1,150,,,,,,,,,,,,,,,,,,
2026-07-05T21:02:55.727401+00:00,2026-07-05T21:02:55.727375,2,2,160.8,0.4,160.6,100,160.5,100,,,,,,,,,,,,,,,,,161.0,100,161.1,150,,,,,,,,,,,,,,,,
2026-07-05T21:02:57.526594+00:00,2026-07-05T21:02:57.526492,1,1,160.75,0.5,160.5,100,,,,,,,,,,,,,,,,,,,161.0,100,,,,,,,,,,,,,,,,,,
2026-07-05T21:02:57.582509+00:00,2026-07-05T21:02:57.582340,2,1,160.75,0.5,160.5,100,160.3,150,,,,,,,,,,,,,,,,,161.0,100,,,,,,,,,,,,,,,,,,
2026-07-05T21:02:57.635370+00:00,2026-07-05T21:02:57.635304,2,2,160.65,0.3,160.5,100,160.3,150,,,,,,,,,,,,,,,,,160.8,150,161.0,100,,,,,,,,,,,,,,,,
2026-07-05T21:02:57.750723+00:00,2026-07-05T21:02:57.750640,2,2,160.65,0.3,160.5,50,160.3,150,,,,,,,,,,,,,,,,,160.8,150,161.0,100,,,,,,,,,,,,,,,,
2026-07-05T21:02:58.090061+00:00,2026-07-05T21:02:58.090010,2,2,160.65,0.3,160.5,50,160.3,150,,,,,,,,,,,,,,,,,160.8,104,161.0,100,,,,,,,,,,,,,,,,
2026-07-05T21:02:58.742680+00:00,2026-07-05T21:02:58.737043,2,2,160.65,0.3,160.5,50,160.3,150,,,,,,,,,,,,,,,,,160.8,93,161.0,100,,,,,,,,,,,,,,,,
2026-07-05T21:02:58.781694+00:00,2026-07-05T21:02:58.781570,1,1,160.55,0.5,160.3,150,,,,,,,,,,,,,,,,,,,160.8,93,,,,,,,,,,,,,,,,,,
2026-07-05T21:02:58.836497+00:00,2026-07-05T21:02:58.836595,2,1,160.65,0.3,160.5,100,160.3,150,,,,,,,,,,,,,,,,,160.8,93,,,,,,,,,,,,,,,,,,
2026-07-05T21:02:58.889894+00:00,2026-07-05T21:02:58.889780,2,2,160.65,0.3,160.5,100,160.3,150,,,,,,,,,,,,,,,,,160.8,93,161.0,100,,,,,,,,,,,,,,,,
2026-07-05T21:03:00.671761+00:00,2026-07-05T21:03:00.671691,2,2,160.65,0.3,160.5,60,160.3,150,,,,,,,,,,,,,,,,,160.8,93,161.0,100,,,,,,,,,,,,,,,,
2026-07-05T21:03:00.690722+00:00,2026-07-05T21:03:00.690568,1,1,160.75,0.5,160.5,60,,,,,,,,,,,,,,,,,,,161.0,100,,,,,,,,,,,,,,,,,,
2026-07-05T21:03:00.745164+00:00,2026-07-05T21:03:00.744994,2,1,160.75,0.5,160.5,60,160.2,150,,,,,,,,,,,,,,,,,161.0,100,,,,,,,,,,,,,,,,,,
2026-07-05T21:03:00.801526+00:00,2026-07-05T21:03:00.801607,2,2,160.6,0.2,160.5,60,160.2,150,,,,,,,,,,,,,,,,,160.7,150,161.0,100,,,,,,,,,,,,,,,,
2026-07-05T21:03:01.944209+00:00,2026-07-05T21:03:01.944099,1,1,160.45,0.5,160.2,150,,,,,,,,,,,,,,,,,,,160.7,150,,,,,,,,,,,,,,,,,,
2026-07-05T21:03:01.961545+00:00,2026-07-05T21:03:01.961472,1,1,160.45,0.5,160.2,100,,,,,,,,,,,,,,,,,,,160.7,150,,,,,,,,,,,,,,,,,,
2026-07-05T21:03:02.000234+00:00,2026-07-05T21:03:02.000318,2,1,160.45,0.5,160.2,100,160.0,100,,,,,,,,,,,,,,,,,160.7,150,,,,,,,,,,,,,,,,,,
2026-07-05T21:03:02.053214+00:00,2026-07-05T21:03:02.053129,2,2,160.35,0.3,160.2,100,160.0,100,,,,,,,,,,,,,,,,,160.5,100,160.7,150,,,,,,,,,,,,,,,,
2026-07-05T21:03:03.855741+00:00,2026-07-05T21:03:03.855665,1,1,160.25,0.5,160.0,100,,,,,,,,,,,,,,,,,,,160.5,100,,,,,,,,,,,,,,,,,,
2026-07-05T21:03:03.910162+00:00,2026-07-05T21:03:03.910059,2,1,160.35,0.3,160.2,150,160.0,100,,,,,,,,,,,,,,,,,160.5,100,,,,,,,,,,,,,,,,,,
2026-07-05T21:03:03.958613+00:00,2026-07-05T21:03:03.958105,2,2,160.35,0.3,160.2,150,160.0,100,,,,,,,,,,,,,,,,,160.5,100,160.7,150,,,,,,,,,,,,,,,,
2026-07-05T21:03:05.107758+00:00,2026-07-05T21:03:05.107697,1,1,160.45,0.5,160.2,150,,,,,,,,,,,,,,,,,,,160.7,150,,,,,,,,,,,,,,,,,,
2026-07-05T21:03:05.158616+00:00,2026-07-05T21:03:05.156457,2,1,160.45,0.5,160.2,150,160.0,100,,,,,,,,,,,,,,,,,160.7,150,,,,,,,,,,,,,,,,,,
2026-07-05T21:03:05.214065+00:00,2026-07-05T21:03:05.213953,2,2,160.35,0.3,160.2,150,160.0,100,,,,,,,,,,,,,,,,,160.5,100,160.7,150,,,,,,,,,,,,,,,,
2026-07-05T21:03:06.096508+00:00,2026-07-05T21:03:06.096447,2,2,160.35,0.3,160.2,150,160.0,100,,,,,,,,,,,,,,,,,160.5,58,160.7,150,,,,,,,,,,,,,,,,
2026-07-05T21:03:06.172554+00:00,2026-07-05T21:03:06.172485,2,2,160.35,0.3,160.2,100,160.0,100,,,,,,,,,,,,,,,,,160.5,58,160.7,150,,,,,,,,,,,,,,,,
2026-07-05T21:03:07.020371+00:00,2026-07-05T21:03:07.020200,1,1,160.25,0.5,160.0,100,,,,,,,,,,,,,,,,,,,160.5,58,,,,,,,,,,,,,,,,,,
2026-07-05T21:03:07.070539+00:00,2026-07-05T21:03:07.070655,1,1,160.25,0.5,160.0,250,,,,,,,,,,,,,,,,,,,160.5,58,,,,,,,,,,,,,,,,,,
2026-07-05T21:03:07.128998+00:00,2026-07-05T21:03:07.128898,1,1,160.25,0.5,160.0,250,,,,,,,,,,,,,,,,,,,160.5,208,,,,,,,,,,,,,,,,,,
2026-07-05T21:03:08.268699+00:00,2026-07-05T21:03:08.268629,1,1,160.25,0.5,160.0,150,,,,,,,,,,,,,,,,,,,160.5,150,,,,,,,,,,,,,,,,,,
2026-07-05T21:03:08.323081+00:00,2026-07-05T21:03:08.322966,1,1,160.25,0.5,160.0,250,,,,,,,,,,,,,,,,,,,160.5,150,,,,,,,,,,,,,,,,,,
2026-07-05T21:03:08.390178+00:00,2026-07-05T21:03:08.390043,1,1,160.25,0.5,160.0,250,,,,,,,,,,,,,,,,,,,160.5,250,,,,,,,,,,,,,,,,,,
2026-07-05T21:03:08.741462+00:00,2026-07-05T21:03:08.741413,1,1,160.25,0.5,160.0,250,,,,,,,,,,,,,,,,,,,160.5,201,,,,,,,,,,,,,,,,,,
2026-07-05T21:03:10.197488+00:00,2026-07-05T21:03:10.197395,1,1,160.25,0.5,160.0,100,,,,,,,,,,,,,,,,,,,160.5,100,,,,,,,,,,,,,,,,,,
2026-07-05T21:03:10.258564+00:00,2026-07-05T21:03:10.253917,2,1,160.3,0.4,160.1,150,160.0,100,,,,,,,,,,,,,,,,,160.5,100,,,,,,,,,,,,,,,,,,
2026-07-05T21:03:10.307775+00:00,2026-07-05T21:03:10.307698,2,2,160.3,0.4,160.1,150,160.0,100,,,,,,,,,,,,,,,,,160.5,100,160.6,150,,,,,,,,,,,,,,,,
2026-07-05T21:03:10.384600+00:00,2026-07-05T21:03:10.384470,2,2,160.3,0.4,160.1,100,160.0,100,,,,,,,,,,,,,,,,,160.5,100,160.6,150,,,,,,,,,,,,,,,,
2026-07-05T21:03:11.464364+00:00,2026-07-05T21:03:11.464269,1,1,160.35,0.5,160.1,100,,,,,,,,,,,,,,,,,,,160.6,150,,,,,,,,,,,,,,,,,,
2026-07-05T21:03:11.564249+00:00,2026-07-05T21:03:11.564116,2,2,160.3,0.4,160.1,100,160.0,100,,,,,,,,,,,,,,,,,160.5,100,160.6,150,,,,,,,,,,,,,,,,
2026-07-05T21:03:12.330692+00:00,2026-07-05T21:03:12.330535,2,2,160.3,0.4,160.1,100,160.0,100,,,,,,,,,,,,,,,,,160.5,52,160.6,150,,,,,,,,,,,,,,,,
2026-07-05T21:03:12.493687+00:00,2026-07-05T21:03:12.493591,2,2,160.3,0.4,160.1,50,160.0,100,,,,,,,,,,,,,,,,,160.5,52,160.6,150,,,,,,,,,,,,,,,,
2026-07-05T21:03:13.357594+00:00,2026-07-05T21:03:13.357827,2,1,160.3,0.4,160.1,50,160.0,100,,,,,,,,,,,,,,,,,160.5,52,,,,,,,,,,,,,,,,,,
2026-07-05T21:03:13.369201+00:00,2026-07-05T21:03:13.369122,1,1,160.25,0.5,160.0,100,,,,,,,,,,,,,,,,,,,160.5,52,,,,,,,,,,,,,,,,,,
2026-07-05T21:03:13.418587+00:00,2026-07-05T21:03:13.418478,2,1,160.25,0.5,160.0,100,159.7,150,,,,,,,,,,,,,,,,,160.5,52,,,,,,,,,,,,,,,,,,
2026-07-05T21:03:13.472854+00:00,2026-07-05T21:03:13.472938,2,2,160.1,0.2,160.0,100,159.7,150,,,,,,,,,,,,,,,,,160.2,150,160.5,52,,,,,,,,,,,,,,,,
2026-07-05T21:03:13.482709+00:00,2026-07-05T21:03:13.476842,2,2,160.1,0.2,160.0,100,159.7,150,,,,,,,,,,,,,,,,,160.2,138,160.5,52,,,,,,,,,,,,,,,,
2026-07-05T21:03:13.516474+00:00,2026-07-05T21:03:13.516371,2,2,160.1,0.2,160.0,60,159.7,150,,,,,,,,,,,,,,,,,160.2,138,160.5,52,,,,,,,,,,,,,,,,
2026-07-05T21:03:14.602124+00:00,2026-07-05T21:03:14.602098,2,2,160.1,0.2,160.0,10,159.7,150,,,,,,,,,,,,,,,,,160.2,138,160.5,52,,,,,,,,,,,,,,,,
2026-07-05T21:03:14.607356+00:00,2026-07-05T21:03:14.607277,1,1,159.95,0.5,159.7,150,,,,,,,,,,,,,,,,,,,160.2,138,,,,,,,,,,,,,,,,,,
2026-07-05T21:03:14.658544+00:00,2026-07-05T21:03:14.655894,2,1,160.0,0.4,159.8,100,159.7,150,,,,,,,,,,,,,,,,,160.2,138,,,,,,,,,,,,,,,,,,
2026-07-05T21:03:14.714161+00:00,2026-07-05T21:03:14.714067,2,2,160.0,0.4,159.8,100,159.7,150,,,,,,,,,,,,,,,,,160.2,138,160.3,100,,,,,,,,,,,,,,,,
2026-07-05T21:03:16.526435+00:00,2026-07-05T21:03:16.526383,1,1,160.05,0.5,159.8,100,,,,,,,,,,,,,,,,,,,160.3,100,,,,,,,,,,,,,,,,,,
2026-07-05T21:03:16.583496+00:00,2026-07-05T21:03:16.583423,2,1,160.05,0.5,159.8,100,159.7,150,,,,,,,,,,,,,,,,,160.3,100,,,,,,,,,,,,,,,,,,
2026-07-05T21:03:16.632095+00:00,2026-07-05T21:03:16.631955,2,2,160.0,0.4,159.8,100,159.7,150,,,,,,,,,,,,,,,,,160.2,150,160.3,100,,,,,,,,,,,,,,,,
2026-07-05T21:03:16.658530+00:00,2026-07-05T21:03:16.657083,2,2,160.0,0.4,159.8,100,159.7,150,,,,,,,,,,,,,,,,,160.2,100,160.3,100,,,,,,,,,,,,,,,,
2026-07-05T21:03:16.682206+00:00,2026-07-05T21:03:16.673876,2,2,160.0,0.4,159.8,100,159.7,150,,,,,,,,,,,,,,,,,160.2,89,160.3,100,,,,,,,,,,,,,,,,
2026-07-05T21:03:17.767692+00:00,2026-07-05T21:03:17.767641,1,1,159.95,0.5,159.7,150,,,,,,,,,,,,,,,,,,,160.2,89,,,,,,,,,,,,,,,,,,
2026-07-05T21:03:17.822410+00:00,2026-07-05T21:03:17.822328,2,1,160.1,0.2,160.0,100,159.7,150,,,,,,,,,,,,,,,,,160.2,89,,,,,,,,,,,,,,,,,,
2026-07-05T21:03:17.878570+00:00,2026-07-05T21:03:17.878424,2,2,160.1,0.2,160.0,100,159.7,150,,,,,,,,,,,,,,,,,160.2,89,160.5,100,,,,,,,,,,,,,,,,
2026-07-05T21:03:18.766701+00:00,2026-07-05T21:03:18.766618,2,2,160.1,0.2,160.0,100,159.7,150,,,,,,,,,,,,,,,,,160.2,39,160.5,100,,,,,,,,,,,,,,,,
2026-07-05T21:03:19.689893+00:00,2026-07-05T21:03:19.689791,1,1,160.25,0.5,160.0,100,,,,,,,,,,,,,,,,,,,160.5,100,,,,,,,,,,,,,,,,,,
2026-07-05T21:03:19.743024+00:00,2026-07-05T21:03:19.742978,2,1,160.4,0.2,160.3,150,160.0,100,,,,,,,,,,,,,,,,,160.5,100,,,,,,,,,,,,,,,,,,
2026-07-05T21:03:19.796220+00:00,2026-07-05T21:03:19.796195,2,2,160.4,0.2,160.3,150,160.0,100,,,,,,,,,,,,,,,,,160.5,100,160.8,150,,,,,,,,,,,,,,,,
2026-07-05T21:03:19.985429+00:00,2026-07-05T21:03:19.985323,2,2,160.4,0.2,160.3,105,160.0,100,,,,,,,,,,,,,,,,,160.5,100,160.8,150,,,,,,,,,,,,,,,,
2026-07-05T21:03:20.873287+00:00,2026-07-05T21:03:20.873178,2,2,160.4,0.2,160.3,105,160.0,100,,,,,,,,,,,,,,,,,160.5,50,160.8,150,,,,,,,,,,,,,,,,
2026-07-05T21:03:20.927326+00:00,2026-07-05T21:03:20.927260,2,1,160.55,0.5,160.3,105,160.0,100,,,,,,,,,,,,,,,,,160.8,150,,,,,,,,,,,,,,,,,,
2026-07-05T21:03:20.932337+00:00,2026-07-05T21:03:20.932422,1,1,160.55,0.5,160.3,105,,,,,,,,,,,,,,,,,,,160.8,150,,,,,,,,,,,,,,,,,,
2026-07-05T21:03:20.982221+00:00,2026-07-05T21:03:20.982173,1,1,160.55,0.5,160.3,205,,,,,,,,,,,,,,,,,,,160.8,150,,,,,,,,,,,,,,,,,,
2026-07-05T21:03:21.035670+00:00,2026-07-05T21:03:21.035613,1,1,160.55,0.5,160.3,205,,,,,,,,,,,,,,,,,,,160.8,250,,,,,,,,,,,,,,,,,,
2026-07-05T21:03:22.850346+00:00,2026-07-05T21:03:22.850256,1,1,160.55,0.5,160.3,100,,,,,,,,,,,,,,,,,,,160.8,100,,,,,,,,,,,,,,,,,,
2026-07-05T21:03:22.908990+00:00,2026-07-05T21:03:22.908881,2,1,160.55,0.5,160.3,100,160.1,150,,,,,,,,,,,,,,,,,160.8,100,,,,,,,,,,,,,,,,,,
2026-07-05T21:03:22.969036+00:00,2026-07-05T21:03:22.968929,2,2,160.45,0.3,160.3,100,160.1,150,,,,,,,,,,,,,,,,,160.6,150,160.8,100,,,,,,,,,,,,,,,,
2026-07-05T21:03:22.984551+00:00,2026-07-05T21:03:22.984458,2,2,160.45,0.3,160.3,100,160.1,150,,,,,,,,,,,,,,,,,160.6,100,160.8,100,,,,,,,,,,,,,,,,
2026-07-05T21:03:24.116005+00:00,2026-07-05T21:03:24.116105,1,1,160.35,0.5,160.1,150,,,,,,,,,,,,,,,,,,,160.6,100,,,,,,,,,,,,,,,,,,
2026-07-05T21:03:24.173358+00:00,2026-07-05T21:03:24.173203,2,1,160.4,0.4,160.2,100,160.1,150,,,,,,,,,,,,,,,,,160.6,100,,,,,,,,,,,,,,,,,,
2026-07-05T21:03:24.223440+00:00,2026-07-05T21:03:24.223305,2,2,160.4,0.4,160.2,100,160.1,150,,,,,,,,,,,,,,,,,160.6,100,160.7,100,,,,,,,,,,,,,,,,
2026-07-05T21:03:24.792982+00:00,2026-07-05T21:03:24.792910,2,2,160.4,0.4,160.2,100,160.1,150,,,,,,,,,,,,,,,,,160.6,53,160.7,100,,,,,,,,,,,,,,,,
2026-07-05T21:03:25.089684+00:00,2026-07-05T21:03:25.089826,2,2,160.4,0.4,160.2,100,160.1,150,,,,,,,,,,,,,,,,,160.6,3,160.7,100,,,,,,,,,,,,,,,,
2026-07-05T21:03:26.025554+00:00,2026-07-05T21:03:26.025688,1,1,160.45,0.5,160.2,100,,,,,,,,,,,,,,,,,,,160.7,100,,,,,,,,,,,,,,,,,,
2026-07-05T21:03:26.079184+00:00,2026-07-05T21:03:26.079071,2,0,,,160.8,50,160.2,100,,,,,,,,,,,,,,,,,,,,,,,,,,,,,,,,,,,,
2026-07-05T21:03:26.142568+00:00,2026-07-05T21:03:26.136763,2,1,161.05,0.5,160.8,16,160.2,100,,,,,,,,,,,,,,,,,161.3,150,,,,,,,,,,,,,,,,,,
2026-07-05T21:03:27.195785+00:00,2026-07-05T21:03:27.195755,2,1,161.05,0.5,160.8,16,160.2,100,,,,,,,,,,,,,,,,,161.3,100,,,,,,,,,,,,,,,,,,
2026-07-05T21:03:27.278187+00:00,2026-07-05T21:03:27.278144,1,1,161.05,0.5,160.8,16,,,,,,,,,,,,,,,,,,,161.3,100,,,,,,,,,,,,,,,,,,
2026-07-05T21:03:27.302354+00:00,2026-07-05T21:03:27.302249,0,1,,,,,,,,,,,,,,,,,,,,,,,161.3,100,,,,,,,,,,,,,,,,,,
2026-07-05T21:03:27.332928+00:00,2026-07-05T21:03:27.332782,1,1,160.95,0.7,160.6,100,,,,,,,,,,,,,,,,,,,161.3,100,,,,,,,,,,,,,,,,,,
2026-07-05T21:03:27.387891+00:00,2026-07-05T21:03:27.387800,1,2,160.85,0.5,160.6,100,,,,,,,,,,,,,,,,,,,161.1,100,161.3,100,,,,,,,,,,,,,,,,
2026-07-05T21:03:29.189334+00:00,2026-07-05T21:03:29.189271,1,1,160.85,0.5,160.6,100,,,,,,,,,,,,,,,,,,,161.1,100,,,,,,,,,,,,,,,,,,
2026-07-05T21:03:29.242951+00:00,2026-07-05T21:03:29.242826,2,1,160.85,0.5,160.6,100,160.4,150,,,,,,,,,,,,,,,,,161.1,100,,,,,,,,,,,,,,,,,,
2026-07-05T21:03:29.292079+00:00,2026-07-05T21:03:29.292023,2,2,160.75,0.3,160.6,100,160.4,150,,,,,,,,,,,,,,,,,160.9,150,161.1,100,,,,,,,,,,,,,,,,
2026-07-05T21:03:29.302444+00:00,2026-07-05T21:03:29.302345,2,2,160.75,0.3,160.6,100,160.4,150,,,,,,,,,,,,,,,,,160.9,100,161.1,100,,,,,,,,,,,,,,,,
2026-07-05T21:03:30.442313+00:00,2026-07-05T21:03:30.442202,1,1,160.65,0.5,160.4,150,,,,,,,,,,,,,,,,,,,160.9,100,,,,,,,,,,,,,,,,,,
2026-07-05T21:03:30.497091+00:00,2026-07-05T21:03:30.496947,2,1,160.75,0.3,160.6,100,160.4,150,,,,,,,,,,,,,,,,,160.9,100,,,,,,,,,,,,,,,,,,
2026-07-05T21:03:30.549415+00:00,2026-07-05T21:03:30.549317,2,2,160.75,0.3,160.6,100,160.4,150,,,,,,,,,,,,,,,,,160.9,100,161.1,100,,,,,,,,,,,,,,,,
2026-07-05T21:03:31.411113+00:00,2026-07-05T21:03:31.411051,2,2,160.75,0.3,160.6,100,160.4,150,,,,,,,,,,,,,,,,,160.9,50,161.1,100,,,,,,,,,,,,,,,,
2026-07-05T21:03:32.358708+00:00,2026-07-05T21:03:32.350427,1,1,160.85,0.5,160.6,100,,,,,,,,,,,,,,,,,,,161.1,100,,,,,,,,,,,,,,,,,,
2026-07-05T21:03:32.403707+00:00,2026-07-05T21:03:32.403552,2,1,160.95,0.3,160.8,150,160.6,100,,,,,,,,,,,,,,,,,161.1,100,,,,,,,,,,,,,,,,,,
2026-07-05T21:03:32.458669+00:00,2026-07-05T21:03:32.453229,2,2,160.95,0.3,160.8,150,160.6,100,,,,,,,,,,,,,,,,,161.1,100,161.3,150,,,,,,,,,,,,,,,,
2026-07-05T21:03:33.524767+00:00,2026-07-05T21:03:33.524893,2,2,160.95,0.3,160.8,150,160.6,100,,,,,,,,,,,,,,,,,161.1,50,161.3,150,,,,,,,,,,,,,,,,
2026-07-05T21:03:33.603309+00:00,2026-07-05T21:03:33.603221,1,1,161.05,0.5,160.8,150,,,,,,,,,,,,,,,,,,,161.3,150,,,,,,,,,,,,,,,,,,
2026-07-05T21:03:33.655972+00:00,2026-07-05T21:03:33.656041,2,1,161.05,0.5,160.8,150,160.7,100,,,,,,,,,,,,,,,,,161.3,150,,,,,,,,,,,,,,,,,,
2026-07-05T21:03:33.708854+00:00,2026-07-05T21:03:33.708790,2,2,161.0,0.4,160.8,150,160.7,100,,,,,,,,,,,,,,,,,161.2,100,161.3,150,,,,,,,,,,,,,,,,
2026-07-05T21:03:33.905472+00:00,2026-07-05T21:03:33.899173,2,2,161.0,0.4,160.8,147,160.7,100,,,,,,,,,,,,,,,,,161.2,100,161.3,150,,,,,,,,,,,,,,,,
2026-07-05T21:03:35.433888+00:00,2026-07-05T21:03:35.433825,2,2,161.0,0.4,160.8,98,160.7,100,,,,,,,,,,,,,,,,,161.2,100,161.3,150,,,,,,,,,,,,,,,,
2026-07-05T21:03:35.508196+00:00,2026-07-05T21:03:35.508128,2,1,161.0,0.4,160.8,98,160.7,100,,,,,,,,,,,,,,,,,161.2,100,,,,,,,,,,,,,,,,,,
2026-07-05T21:03:35.513412+00:00,2026-07-05T21:03:35.513285,1,1,160.95,0.5,160.7,100,,,,,,,,,,,,,,,,,,,161.2,100,,,,,,,,,,,,,,,,,,
2026-07-05T21:03:35.564691+00:00,2026-07-05T21:03:35.564602,2,1,160.95,0.5,160.7,100,160.4,150,,,,,,,,,,,,,,,,,161.2,100,,,,,,,,,,,,,,,,,,
2026-07-05T21:03:35.658556+00:00,2026-07-05T21:03:35.654892,2,2,160.8,0.2,160.7,100,160.4,150,,,,,,,,,,,,,,,,,160.9,150,161.2,100,,,,,,,,,,,,,,,,
2026-07-05T21:03:35.668683+00:00,2026-07-05T21:03:35.668811,2,2,160.8,0.2,160.7,100,160.4,150,,,,,,,,,,,,,,,,,160.9,100,161.2,100,,,,,,,,,,,,,,,,
2026-07-05T21:03:35.966654+00:00,2026-07-05T21:03:35.966545,2,2,160.8,0.2,160.7,100,160.4,150,,,,,,,,,,,,,,,,,160.9,51,161.2,100,,,,,,,,,,,,,,,,
2026-07-05T21:03:36.022910+00:00,2026-07-05T21:03:36.022773,2,2,160.8,0.2,160.7,58,160.4,150,,,,,,,,,,,,,,,,,160.9,51,161.2,100,,,,,,,,,,,,,,,,
2026-07-05T21:03:36.763767+00:00,2026-07-05T21:03:36.763880,1,1,160.65,0.5,160.4,150,,,,,,,,,,,,,,,,,,,160.9,51,,,,,,,,,,,,,,,,,,
2026-07-05T21:03:36.821243+00:00,2026-07-05T21:03:36.821180,1,1,160.65,0.5,160.4,250,,,,,,,,,,,,,,,,,,,160.9,51,,,,,,,,,,,,,,,,,,
2026-07-05T21:03:36.875016+00:00,2026-07-05T21:03:36.874940,1,1,160.65,0.5,160.4,250,,,,,,,,,,,,,,,,,,,160.9,151,,,,,,,,,,,,,,,,,,
2026-07-05T21:03:37.767986+00:00,2026-07-05T21:03:37.767912,1,1,160.65,0.5,160.4,250,,,,,,,,,,,,,,,,,,,160.9,101,,,,,,,,,,,,,,,,,,
2026-07-05T21:03:38.723483+00:00,2026-07-05T21:03:38.723403,1,1,160.65,0.5,160.4,100,,,,,,,,,,,,,,,,,,,160.9,100,,,,,,,,,,,,,,,,,,
2026-07-05T21:03:38.774188+00:00,2026-07-05T21:03:38.774057,2,0,,,161.0,50,160.4,100,,,,,,,,,,,,,,,,,,,,,,,,,,,,,,,,,,,,
2026-07-05T21:03:38.843291+00:00,2026-07-05T21:03:38.837399,2,1,161.25,0.5,161.0,47,160.4,100,,,,,,,,,,,,,,,,,161.5,150,,,,,,,,,,,,,,,,,,
2026-07-05T21:03:39.680398+00:00,2026-07-05T21:03:39.680285,1,1,160.95,1.1,160.4,100,,,,,,,,,,,,,,,,,,,161.5,150,,,,,,,,,,,,,,,,,,
2026-07-05T21:03:39.889777+00:00,2026-07-05T21:03:39.889674,1,1,160.95,1.1,160.4,100,,,,,,,,,,,,,,,,,,,161.5,100,,,,,,,,,,,,,,,,,,
2026-07-05T21:03:39.930570+00:00,2026-07-05T21:03:39.930434,0,1,,,,,,,,,,,,,,,,,,,,,,,161.5,100,,,,,,,,,,,,,,,,,,
2026-07-05T21:03:39.983375+00:00,2026-07-05T21:03:39.983303,1,1,161.15,0.7,160.8,100,,,,,,,,,,,,,,,,,,,161.5,100,,,,,,,,,,,,,,,,,,
2026-07-05T21:03:40.036765+00:00,2026-07-05T21:03:40.036645,1,2,161.05,0.5,160.8,100,,,,,,,,,,,,,,,,,,,161.3,100,161.5,100,,,,,,,,,,,,,,,,
2026-07-05T21:03:41.251985+00:00,2026-07-05T21:03:41.251902,1,2,161.05,0.5,160.8,100,,,,,,,,,,,,,,,,,,,161.3,52,161.5,100,,,,,,,,,,,,,,,,
2026-07-05T21:03:41.882554+00:00,2026-07-05T21:03:41.882634,1,1,161.05,0.5,160.8,100,,,,,,,,,,,,,,,,,,,161.3,52,,,,,,,,,,,,,,,,,,
2026-07-05T21:03:41.938723+00:00,2026-07-05T21:03:41.938600,2,1,161.05,0.5,160.8,100,160.6,150,,,,,,,,,,,,,,,,,161.3,52,,,,,,,,,,,,,,,,,,
2026-07-05T21:03:41.991745+00:00,2026-07-05T21:03:41.991565,2,2,160.95,0.3,160.8,100,160.6,150,,,,,,,,,,,,,,,,,161.1,150,161.3,52,,,,,,,,,,,,,,,,
2026-07-05T21:03:41.996858+00:00,2026-07-05T21:03:41.996794,2,2,160.95,0.3,160.8,100,160.6,150,,,,,,,,,,,,,,,,,161.1,100,161.3,52,,,,,,,,,,,,,,,,
2026-07-05T21:03:42.696853+00:00,2026-07-05T21:03:42.696807,2,2,160.95,0.3,160.8,100,160.6,150,,,,,,,,,,,,,,,,,161.1,54,161.3,52,,,,,,,,,,,,,,,,
2026-07-05T21:03:43.086894+00:00,2026-07-05T21:03:43.086776,2,1,160.95,0.3,160.8,100,160.6,150,,,,,,,,,,,,,,,,,161.1,54,,,,,,,,,,,,,,,,,,
2026-07-05T21:03:43.091966+00:00,2026-07-05T21:03:43.091914,1,1,160.85,0.5,160.6,150,,,,,,,,,,,,,,,,,,,161.1,54,,,,,,,,,,,,,,,,,,
2026-07-05T21:03:43.145447+00:00,2026-07-05T21:03:43.145388,2,1,161.0,0.2,160.9,100,160.6,150,,,,,,,,,,,,,,,,,161.1,54,,,,,,,,,,,,,,,,,,
2026-07-05T21:03:43.199077+00:00,2026-07-05T21:03:43.199004,2,2,161.0,0.2,160.9,100,160.6,150,,,,,,,,,,,,,,,,,161.1,54,161.4,100,,,,,,,,,,,,,,,,
2026-07-05T21:03:44.125649+00:00,2026-07-05T21:03:44.125604,2,2,161.0,0.2,160.9,100,160.6,150,,,,,,,,,,,,,,,,,161.1,4,161.4,100,,,,,,,,,,,,,,,,
2026-07-05T21:03:45.045735+00:00,2026-07-05T21:03:45.045904,1,1,161.15,0.5,160.9,100,,,,,,,,,,,,,,,,,,,161.4,100,,,,,,,,,,,,,,,,,,
2026-07-05T21:03:45.113779+00:00,2026-07-05T21:03:45.106388,2,1,161.3,0.2,161.2,139,160.9,100,,,,,,,,,,,,,,,,,161.4,100,,,,,,,,,,,,,,,,,,
2026-07-05T21:03:45.152169+00:00,2026-07-05T21:03:45.152108,2,2,161.3,0.2,161.2,139,160.9,100,,,,,,,,,,,,,,,,,161.4,100,161.7,150,,,,,,,,,,,,,,,,
2026-07-05T21:03:45.253683+00:00,2026-07-05T21:03:45.253905,2,2,161.3,0.2,161.2,99,160.9,100,,,,,,,,,,,,,,,,,161.4,100,161.7,150,,,,,,,,,,,,,,,,
2026-07-05T21:03:46.232535+00:00,2026-07-05T21:03:46.232401,2,2,161.3,0.2,161.2,99,160.9,100,,,,,,,,,,,,,,,,,161.4,50,161.7,150,,,,,,,,,,,,,,,,
2026-07-05T21:03:46.249208+00:00,2026-07-05T21:03:46.249163,1,1,161.45,0.5,161.2,99,,,,,,,,,,,,,,,,,,,161.7,150,,,,,,,,,,,,,,,,,,
2026-07-05T21:03:46.301532+00:00,2026-07-05T21:03:46.301713,1,1,161.45,0.5,161.2,199,,,,,,,,,,,,,,,,,,,161.7,150,,,,,,,,,,,,,,,,,,
2026-07-05T21:03:46.358584+00:00,2026-07-05T21:03:46.354687,1,1,161.45,0.5,161.2,199,,,,,,,,,,,,,,,,,,,161.7,250,,,,,,,,,,,,,,,,,,
2026-07-05T21:03:46.641733+00:00,2026-07-05T21:03:46.641882,1,1,161.45,0.5,161.2,152,,,,,,,,,,,,,,,,,,,161.7,250,,,,,,,,,,,,,,,,,,
2026-07-05T21:03:47.158613+00:00,2026-07-05T21:03:47.155297,1,1,161.45,0.5,161.2,152,,,,,,,,,,,,,,,,,,,161.7,201,,,,,,,,,,,,,,,,,,
2026-07-05T21:03:47.634669+00:00,2026-07-05T21:03:47.634638,1,1,161.45,0.5,161.2,109,,,,,,,,,,,,,,,,,,,161.7,201,,,,,,,,,,,,,,,,,,
2026-07-05T21:03:48.203890+00:00,2026-07-05T21:03:48.203839,1,1,161.45,0.5,161.2,109,,,,,,,,,,,,,,,,,,,161.7,100,,,,,,,,,,,,,,,,,,
2026-07-05T21:03:48.209099+00:00,2026-07-05T21:03:48.208997,1,1,161.45,0.5,161.2,100,,,,,,,,,,,,,,,,,,,161.7,100,,,,,,,,,,,,,,,,,,
2026-07-05T21:03:48.258589+00:00,2026-07-05T21:03:48.258375,2,1,161.45,0.5,161.2,100,161.1,150,,,,,,,,,,,,,,,,,161.7,100,,,,,,,,,,,,,,,,,,
2026-07-05T21:03:48.310739+00:00,2026-07-05T21:03:48.310642,2,2,161.4,0.4,161.2,100,161.1,150,,,,,,,,,,,,,,,,,161.6,150,161.7,100,,,,,,,,,,,,,,,,
2026-07-05T21:03:48.347314+00:00,2026-07-05T21:03:48.347210,2,2,161.4,0.4,161.2,100,161.1,150,,,,,,,,,,,,,,,,,161.6,100,161.7,100,,,,,,,,,,,,,,,,
2026-07-05T21:03:49.414466+00:00,2026-07-05T21:03:49.414600,1,1,161.35,0.5,161.1,150,,,,,,,,,,,,,,,,,,,161.6,100,,,,,,,,,,,,,,,,,,
2026-07-05T21:03:49.469805+00:00,2026-07-05T21:03:49.469888,2,1,161.4,0.4,161.2,100,161.1,150,,,,,,,,,,,,,,,,,161.6,100,,,,,,,,,,,,,,,,,,
2026-07-05T21:03:49.522845+00:00,2026-07-05T21:03:49.522753,2,2,161.4,0.4,161.2,100,161.1,150,,,,,,,,,,,,,,,,,161.6,100,161.7,100,,,,,,,,,,,,,,,,
2026-07-05T21:03:50.453071+00:00,2026-07-05T21:03:50.453341,2,2,161.4,0.4,161.2,100,161.1,150,,,,,,,,,,,,,,,,,161.6,50,161.7,100,,,,,,,,,,,,,,,,
2026-07-05T21:03:50.893830+00:00,2026-07-05T21:03:50.893694,2,2,161.4,0.4,161.2,57,161.1,150,,,,,,,,,,,,,,,,,161.6,50,161.7,100,,,,,,,,,,,,,,,,
2026-07-05T21:03:51.385027+00:00,2026-07-05T21:03:51.384917,1,1,161.45,0.5,161.2,57,,,,,,,,,,,,,,,,,,,161.7,100,,,,,,,,,,,,,,,,,,
2026-07-05T21:03:51.449433+00:00,2026-07-05T21:03:51.443628,2,1,161.65,0.1,161.6,127,161.2,57,,,,,,,,,,,,,,,,,161.7,100,,,,,,,,,,,,,,,,,,
2026-07-05T21:03:51.492625+00:00,2026-07-05T21:03:51.492763,2,2,161.65,0.1,161.6,127,161.2,57,,,,,,,,,,,,,,,,,161.7,100,162.1,150,,,,,,,,,,,,,,,,
2026-07-05T21:03:52.590209+00:00,2026-07-05T21:03:52.590361,2,2,161.65,0.1,161.6,127,161.2,57,,,,,,,,,,,,,,,,,161.7,50,162.1,150,,,,,,,,,,,,,,,,
2026-07-05T21:03:52.595655+00:00,2026-07-05T21:03:52.595534,1,1,161.85,0.5,161.6,127,,,,,,,,,,,,,,,,,,,162.1,150,,,,,,,,,,,,,,,,,,
2026-07-05T21:03:52.647933+00:00,2026-07-05T21:03:52.647875,2,1,161.85,0.5,161.6,127,161.4,100,,,,,,,,,,,,,,,,,162.1,150,,,,,,,,,,,,,,,,,,
2026-07-05T21:03:52.699652+00:00,2026-07-05T21:03:52.699583,2,2,161.75,0.3,161.6,127,161.4,100,,,,,,,,,,,,,,,,,161.9,100,162.1,150,,,,,,,,,,,,,,,,
2026-07-05T21:03:54.546648+00:00,2026-07-05T21:03:54.546490,1,1,161.65,0.5,161.4,100,,,,,,,,,,,,,,,,,,,161.9,100,,,,,,,,,,,,,,,,,,
2026-07-05T21:03:54.601696+00:00,2026-07-05T21:03:54.601512,1,1,161.65,0.5,161.4,250,,,,,,,,,,,,,,,,,,,161.9,100,,,,,,,,,,,,,,,,,,
2026-07-05T21:03:54.658559+00:00,2026-07-05T21:03:54.654115,1,1,161.65,0.5,161.4,250,,,,,,,,,,,,,,,,,,,161.9,250,,,,,,,,,,,,,,,,,,
2026-07-05T21:03:54.750992+00:00,2026-07-05T21:03:54.750943,1,1,161.65,0.5,161.4,200,,,,,,,,,,,,,,,,,,,161.9,250,,,,,,,,,,,,,,,,,,
2026-07-05T21:03:55.758532+00:00,2026-07-05T21:03:55.757616,1,1,161.65,0.5,161.4,150,,,,,,,,,,,,,,,,,,,161.9,150,,,,,,,,,,,,,,,,,,
2026-07-05T21:03:55.813208+00:00,2026-07-05T21:03:55.813111,2,1,161.65,0.5,161.4,150,161.2,100,,,,,,,,,,,,,,,,,161.9,150,,,,,,,,,,,,,,,,,,
2026-07-05T21:03:55.866357+00:00,2026-07-05T21:03:55.866263,2,2,161.55,0.3,161.4,150,161.2,100,,,,,,,,,,,,,,,,,161.7,100,161.9,150,,,,,,,,,,,,,,,,
2026-07-05T21:03:56.890167+00:00,2026-07-05T21:03:56.890020,2,2,161.55,0.3,161.4,100,161.2,100,,,,,,,,,,,,,,,,,161.7,100,161.9,150,,,,,,,,,,,,,,,,
2026-07-05T21:03:57.336364+00:00,2026-07-05T21:03:57.329575,2,2,161.55,0.3,161.4,100,161.2,100,,,,,,,,,,,,,,,,,161.7,89,161.9,150,,,,,,,,,,,,,,,,
2026-07-05T21:03:57.705561+00:00,2026-07-05T21:03:57.705520,1,1,161.45,0.5,161.2,100,,,,,,,,,,,,,,,,,,,161.7,89,,,,,,,,,,,,,,,,,,
2026-07-05T21:03:57.760495+00:00,2026-07-05T21:03:57.760412,2,1,161.65,0.1,161.6,150,161.2,100,,,,,,,,,,,,,,,,,161.7,89,,,,,,,,,,,,,,,,,,
2026-07-05T21:03:57.813386+00:00,2026-07-05T21:03:57.813285,2,2,161.65,0.1,161.6,150,161.2,100,,,,,,,,,,,,,,,,,161.7,89,162.1,150,,,,,,,,,,,,,,,,
2026-07-05T21:03:58.918953+00:00,2026-07-05T21:03:58.918921,1,1,161.85,0.5,161.6,150,,,,,,,,,,,,,,,,,,,162.1,150,,,,,,,,,,,,,,,,,,
2026-07-05T21:03:58.974706+00:00,2026-07-05T21:03:58.974648,2,1,161.85,0.5,161.6,150,161.5,100,,,,,,,,,,,,,,,,,162.1,150,,,,,,,,,,,,,,,,,,
2026-07-05T21:03:58.998230+00:00,2026-07-05T21:03:58.998158,2,1,161.85,0.5,161.6,100,161.5,100,,,,,,,,,,,,,,,,,162.1,150,,,,,,,,,,,,,,,,,,
2026-07-05T21:03:59.024406+00:00,2026-07-05T21:03:59.024350,2,2,161.8,0.4,161.6,100,161.5,100,,,,,,,,,,,,,,,,,162.0,100,162.1,150,,,,,,,,,,,,,,,,
2026-07-05T21:04:00.530370+00:00,2026-07-05T21:04:00.530308,2,2,161.8,0.4,161.6,100,161.5,100,,,,,,,,,,,,,,,,,162.0,58,162.1,150,,,,,,,,,,,,,,,,
2026-07-05T21:04:00.865764+00:00,2026-07-05T21:04:00.865998,2,1,161.8,0.4,161.6,100,161.5,100,,,,,,,,,,,,,,,,,162.0,58,,,,,,,,,,,,,,,,,,
2026-07-05T21:04:00.871355+00:00,2026-07-05T21:04:00.871180,1,1,161.75,0.5,161.5,100,,,,,,,,,,,,,,,,,,,162.0,58,,,,,,,,,,,,,,,,,,
2026-07-05T21:04:00.923504+00:00,2026-07-05T21:04:00.923695,2,1,161.75,0.5,161.5,100,161.2,150,,,,,,,,,,,,,,,,,162.0,58,,,,,,,,,,,,,,,,,,
2026-07-05T21:04:00.976939+00:00,2026-07-05T21:04:00.976802,2,2,161.6,0.2,161.5,100,161.2,150,,,,,,,,,,,,,,,,,161.7,150,162.0,58,,,,,,,,,,,,,,,,
2026-07-05T21:04:01.037572+00:00,2026-07-05T21:04:01.037427,2,2,161.6,0.2,161.5,53,161.2,150,,,,,,,,,,,,,,,,,161.7,150,162.0,58,,,,,,,,,,,,,,,,
2026-07-05T21:04:01.104680+00:00,2026-07-05T21:04:01.104536,2,2,161.6,0.2,161.5,3,161.2,150,,,,,,,,,,,,,,,,,161.7,150,162.0,58,,,,,,,,,,,,,,,,
2026-07-05T21:04:02.077360+00:00,2026-07-05T21:04:02.077301,2,1,161.6,0.2,161.5,3,161.2,150,,,,,,,,,,,,,,,,,161.7,150,,,,,,,,,,,,,,,,,,
2026-07-05T21:04:02.082586+00:00,2026-07-05T21:04:02.082492,1,1,161.45,0.5,161.2,150,,,,,,,,,,,,,,,,,,,161.7,150,,,,,,,,,,,,,,,,,,
2026-07-05T21:04:02.133082+00:00,2026-07-05T21:04:02.133014,2,1,161.45,0.5,161.2,150,161.1,100,,,,,,,,,,,,,,,,,161.7,150,,,,,,,,,,,,,,,,,,
2026-07-05T21:04:02.190581+00:00,2026-07-05T21:04:02.190710,2,2,161.4,0.4,161.2,150,161.1,100,,,,,,,,,,,,,,,,,161.6,100,161.7,150,,,,,,,,,,,,,,,,
2026-07-05T21:04:03.213474+00:00,2026-07-05T21:04:03.213646,2,2,161.4,0.4,161.2,100,161.1,100,,,,,,,,,,,,,,,,,161.6,100,161.7,150,,,,,,,,,,,,,,,,
2026-07-05T21:04:03.501726+00:00,2026-07-05T21:04:03.501896,2,2,161.4,0.4,161.2,100,161.1,100,,,,,,,,,,,,,,,,,161.6,59,161.7,150,,,,,,,,,,,,,,,,
2026-07-05T21:04:04.028437+00:00,2026-07-05T21:04:04.028400,1,1,161.35,0.5,161.1,100,,,,,,,,,,,,,,,,,,,161.6,59,,,,,,,,,,,,,,,,,,
2026-07-05T21:04:04.099474+00:00,2026-07-05T21:04:04.099274,2,1,161.35,0.5,161.1,100,160.7,150,,,,,,,,,,,,,,,,,161.6,59,,,,,,,,,,,,,,,,,,
2026-07-05T21:04:04.154667+00:00,2026-07-05T21:04:04.154475,2,2,161.15,0.1,161.1,100,160.7,150,,,,,,,,,,,,,,,,,161.2,150,161.6,59,,,,,,,,,,,,,,,,
2026-07-05T21:04:04.509994+00:00,2026-07-05T21:04:04.509929,2,2,161.15,0.1,161.1,55,160.7,150,,,,,,,,,,,,,,,,,161.2,150,161.6,59,,,,,,,,,,,,,,,,
2026-07-05T21:04:05.245001+00:00,2026-07-05T21:04:05.244905,1,1,160.95,0.5,160.7,150,,,,,,,,,,,,,,,,,,,161.2,150,,,,,,,,,,,,,,,,,,
2026-07-05T21:04:05.305456+00:00,2026-07-05T21:04:05.305397,2,1,161.05,0.3,160.9,100,160.7,150,,,,,,,,,,,,,,,,,161.2,150,,,,,,,,,,,,,,,,,,
2026-07-05T21:04:05.320381+00:00,2026-07-05T21:04:05.320332,2,1,161.05,0.3,160.9,50,160.7,150,,,,,,,,,,,,,,,,,161.2,150,,,,,,,,,,,,,,,,,,
2026-07-05T21:04:05.369720+00:00,2026-07-05T21:04:05.369861,2,2,161.05,0.3,160.9,50,160.7,150,,,,,,,,,,,,,,,,,161.2,150,161.4,100,,,,,,,,,,,,,,,,
2026-07-05T21:04:07.209573+00:00,2026-07-05T21:04:07.209728,1,1,161.15,0.5,160.9,50,,,,,,,,,,,,,,,,,,,161.4,100,,,,,,,,,,,,,,,,,,
2026-07-05T21:04:07.263951+00:00,2026-07-05T21:04:07.264047,2,1,161.15,0.5,160.9,50,160.6,150,,,,,,,,,,,,,,,,,161.4,100,,,,,,,,,,,,,,,,,,
2026-07-05T21:04:07.316521+00:00,2026-07-05T21:04:07.316370,2,2,161.0,0.2,160.9,50,160.6,150,,,,,,,,,,,,,,,,,161.1,150,161.4,100,,,,,,,,,,,,,,,,
2026-07-05T21:04:07.425637+00:00,2026-07-05T21:04:07.425583,1,2,160.85,0.5,160.6,150,,,,,,,,,,,,,,,,,,,161.1,150,161.4,100,,,,,,,,,,,,,,,,
2026-07-05T21:04:08.279514+00:00,2026-07-05T21:04:08.279671,1,2,160.85,0.5,160.6,150,,,,,,,,,,,,,,,,,,,161.1,106,161.4,100,,,,,,,,,,,,,,,,
2026-07-05T21:04:08.425718+00:00,2026-07-05T21:04:08.425663,1,1,160.85,0.5,160.6,150,,,,,,,,,,,,,,,,,,,161.1,106,,,,,,,,,,,,,,,,,,
2026-07-05T21:04:08.479002+00:00,2026-07-05T21:04:08.478873,2,1,160.85,0.5,160.6,150,160.5,100,,,,,,,,,,,,,,,,,161.1,106,,,,,,,,,,,,,,,,,,
2026-07-05T21:04:08.542161+00:00,2026-07-05T21:04:08.535834,2,2,160.8,0.4,160.6,150,160.5,100,,,,,,,,,,,,,,,,,161.0,88,161.1,106,,,,,,,,,,,,,,,,
2026-07-05T21:04:09.484291+00:00,2026-07-05T21:04:09.484211,2,2,160.8,0.4,160.6,150,160.5,100,,,,,,,,,,,,,,,,,161.0,38,161.1,106,,,,,,,,,,,,,,,,
2026-07-05T21:04:10.369603+00:00,2026-07-05T21:04:10.369505,1,1,160.75,0.5,160.5,100,,,,,,,,,,,,,,,,,,,161.0,38,,,,,,,,,,,,,,,,,,
2026-07-05T21:04:10.423946+00:00,2026-07-05T21:04:10.423860,2,1,160.85,0.3,160.7,150,160.5,100,,,,,,,,,,,,,,,,,161.0,38,,,,,,,,,,,,,,,,,,
