recv_time,book_timestamp,n_bids,n_asks,mid,spread,bid_px_0,bid_vol_0,bid_px_1,bid_vol_1,bid_px_2,bid_vol_2,bid_px_3,bid_vol_3,bid_px_4,bid_vol_4,bid_px_5,bid_vol_5,bid_px_6,bid_vol_6,bid_px_7,bid_vol_7,bid_px_8,bid_vol_8,bid_px_9,bid_vol_9,ask_px_0,ask_vol_0,ask_px_1,ask_vol_1,ask_px_2,ask_vol_2,ask_px_3,ask_vol_3,ask_px_4,ask_vol_4,ask_px_5,ask_vol_5,ask_px_6,ask_vol_6,ask_px_7,ask_vol_7,ask_px_8,ask_vol_8,ask_px_9,ask_vol_9
2026-07-03T02:00:00.234233+00:00,2026-07-03T02:00:00.183092,2,2,114.7,0.4,114.5,108,114.4,100,,,,,,,,,,,,,,,,,114.9,50,115.0,150,,,,,,,,,,,,,,,,
2026-07-03T02:00:00.568227+00:00,2026-07-03T02:00:00.550544,2,2,114.7,0.4,114.5,66,114.4,100,,,,,,,,,,,,,,,,,114.9,50,115.0,150,,,,,,,,,,,,,,,,
2026-07-03T02:00:01.375193+00:00,2026-07-03T02:00:01.371339,1,1,114.65,0.5,114.4,100,,,,,,,,,,,,,,,,,,,114.9,50,,,,,,,,,,,,,,,,,,
2026-07-03T02:00:01.450041+00:00,2026-07-03T02:00:01.437174,2,1,114.65,0.5,114.4,100,114.3,150,,,,,,,,,,,,,,,,,114.9,50,,,,,,,,,,,,,,,,,,
2026-07-03T02:00:01.502602+00:00,2026-07-03T02:00:01.491040,2,2,114.6,0.4,114.4,100,114.3,150,,,,,,,,,,,,,,,,,114.8,150,114.9,50,,,,,,,,,,,,,,,,
2026-07-03T02:00:02.349651+00:00,2026-07-03T02:00:02.349624,2,2,114.6,0.4,114.4,50,114.3,150,,,,,,,,,,,,,,,,,114.8,150,114.9,50,,,,,,,,,,,,,,,,
2026-07-03T02:00:02.615887+00:00,2026-07-03T02:00:02.615868,1,1,114.55,0.5,114.3,150,,,,,,,,,,,,,,,,,,,114.8,150,,,,,,,,,,,,,,,,,,
2026-07-03T02:00:02.682230+00:00,2026-07-03T02:00:02.682320,2,1,114.6,0.4,114.4,100,114.3,150,,,,,,,,,,,,,,,,,114.8,150,,,,,,,,,,,,,,,,,,
2026-07-03T02:00:02.735389+00:00,2026-07-03T02:00:02.735315,2,2,114.6,0.4,114.4,100,114.3,150,,,,,,,,,,,,,,,,,114.8,150,114.9,100,,,,,,,,,,,,,,,,
2026-07-03T02:00:04.479447+00:00,2026-07-03T02:00:04.479350,2,2,114.6,0.4,114.4,50,114.3,150,,,,,,,,,,,,,,,,,114.8,150,114.9,100,,,,,,,,,,,,,,,,
2026-07-03T02:00:04.550440+00:00,2026-07-03T02:00:04.539002,1,1,114.65,0.5,114.4,50,,,,,,,,,,,,,,,,,,,114.9,100,,,,,,,,,,,,,,,,,,
2026-07-03T02:00:04.598878+00:00,2026-07-03T02:00:04.591009,1,1,114.65,0.5,114.4,200,,,,,,,,,,,,,,,,,,,114.9,100,,,,,,,,,,,,,,,,,,
2026-07-03T02:00:04.651489+00:00,2026-07-03T02:00:04.651567,1,1,114.65,0.5,114.4,200,,,,,,,,,,,,,,,,,,,114.9,250,,,,,,,,,,,,,,,,,,
2026-07-03T02:00:05.790843+00:00,2026-07-03T02:00:05.790777,1,1,114.65,0.5,114.4,150,,,,,,,,,,,,,,,,,,,114.9,150,,,,,,,,,,,,,,,,,,
2026-07-03T02:00:05.845059+00:00,2026-07-03T02:00:05.844921,2,1,114.65,0.5,114.4,150,114.3,100,,,,,,,,,,,,,,,,,114.9,150,,,,,,,,,,,,,,,,,,
2026-07-03T02:00:05.897963+00:00,2026-07-03T02:00:05.897819,2,2,114.6,0.4,114.4,150,114.3,100,,,,,,,,,,,,,,,,,114.8,100,114.9,150,,,,,,,,,,,,,,,,
2026-07-03T02:00:06.534316+00:00,2026-07-03T02:00:06.534460,2,2,114.6,0.4,114.4,150,114.3,100,,,,,,,,,,,,,,,,,114.8,50,114.9,150,,,,,,,,,,,,,,,,
2026-07-03T02:00:07.706251+00:00,2026-07-03T02:00:07.706211,1,1,114.55,0.5,114.3,100,,,,,,,,,,,,,,,,,,,114.8,50,,,,,,,,,,,,,,,,,,
2026-07-03T02:00:07.758572+00:00,2026-07-03T02:00:07.755429,2,1,114.65,0.3,114.5,150,114.3,100,,,,,,,,,,,,,,,,,114.8,50,,,,,,,,,,,,,,,,,,
2026-07-03T02:00:07.812510+00:00,2026-07-03T02:00:07.812591,2,2,114.65,0.3,114.5,150,114.3,100,,,,,,,,,,,,,,,,,114.8,50,115.0,150,,,,,,,,,,,,,,,,
2026-07-03T02:00:08.958671+00:00,2026-07-03T02:00:08.952859,1,1,114.75,0.5,114.5,150,,,,,,,,,,,,,,,,,,,115.0,150,,,,,,,,,,,,,,,,,,
2026-07-03T02:00:09.011864+00:00,2026-07-03T02:00:09.011742,2,1,114.8,0.4,114.6,100,114.5,150,,,,,,,,,,,,,,,,,115.0,150,,,,,,,,,,,,,,,,,,
2026-07-03T02:00:09.064976+00:00,2026-07-03T02:00:09.065108,2,2,114.8,0.4,114.6,100,114.5,150,,,,,,,,,,,,,,,,,115.0,150,115.1,100,,,,,,,,,,,,,,,,
2026-07-03T02:00:10.796252+00:00,2026-07-03T02:00:10.796385,2,2,114.8,0.4,114.6,50,114.5,150,,,,,,,,,,,,,,,,,115.0,150,115.1,100,,,,,,,,,,,,,,,,
2026-07-03T02:00:10.863791+00:00,2026-07-03T02:00:10.863709,1,1,114.85,0.5,114.6,50,,,,,,,,,,,,,,,,,,,115.1,100,,,,,,,,,,,,,,,,,,
2026-07-03T02:00:10.920858+00:00,2026-07-03T02:00:10.920791,2,1,114.85,0.5,114.6,50,114.4,150,,,,,,,,,,,,,,,,,115.1,100,,,,,,,,,,,,,,,,,,
2026-07-03T02:00:10.973975+00:00,2026-07-03T02:00:10.973937,2,2,114.75,0.3,114.6,50,114.4,150,,,,,,,,,,,,,,,,,114.9,150,115.1,100,,,,,,,,,,,,,,,,
2026-07-03T02:00:12.119387+00:00,2026-07-03T02:00:12.119326,1,1,114.65,0.5,114.4,150,,,,,,,,,,,,,,,,,,,114.9,150,,,,,,,,,,,,,,,,,,
2026-07-03T02:00:12.173648+00:00,2026-07-03T02:00:12.173756,2,1,114.7,0.4,114.5,100,114.4,150,,,,,,,,,,,,,,,,,114.9,150,,,,,,,,,,,,,,,,,,
2026-07-03T02:00:12.227184+00:00,2026-07-03T02:00:12.227345,2,2,114.7,0.4,114.5,100,114.4,150,,,,,,,,,,,,,,,,,114.9,150,115.0,100,,,,,,,,,,,,,,,,
2026-07-03T02:00:12.910145+00:00,2026-07-03T02:00:12.910003,2,2,114.7,0.4,114.5,50,114.4,150,,,,,,,,,,,,,,,,,114.9,150,115.0,100,,,,,,,,,,,,,,,,
2026-07-03T02:00:13.430026+00:00,2026-07-03T02:00:13.429980,2,2,114.7,0.4,114.5,50,114.4,150,,,,,,,,,,,,,,,,,114.9,108,115.0,100,,,,,,,,,,,,,,,,
2026-07-03T02:00:14.029484+00:00,2026-07-03T02:00:14.029410,1,1,114.75,0.5,114.5,50,,,,,,,,,,,,,,,,,,,115.0,100,,,,,,,,,,,,,,,,,,
2026-07-03T02:00:14.084316+00:00,2026-07-03T02:00:14.084199,2,1,114.8,0.4,114.6,150,114.5,50,,,,,,,,,,,,,,,,,115.0,100,,,,,,,,,,,,,,,,,,
2026-07-03T02:00:14.155469+00:00,2026-07-03T02:00:14.155419,2,2,114.8,0.4,114.6,150,114.5,50,,,,,,,,,,,,,,,,,115.0,100,115.1,150,,,,,,,,,,,,,,,,
2026-07-03T02:00:14.897045+00:00,2026-07-03T02:00:14.896966,2,2,114.8,0.4,114.6,103,114.5,50,,,,,,,,,,,,,,,,,115.0,100,115.1,150,,,,,,,,,,,,,,,,
2026-07-03T02:00:14.958589+00:00,2026-07-03T02:00:14.957002,2,2,114.8,0.4,114.6,103,114.5,50,,,,,,,,,,,,,,,,,115.0,50,115.1,150,,,,,,,,,,,,,,,,
2026-07-03T02:00:15.282714+00:00,2026-07-03T02:00:15.282637,1,1,114.85,0.5,114.6,103,,,,,,,,,,,,,,,,,,,115.1,150,,,,,,,,,,,,,,,,,,
2026-07-03T02:00:15.358720+00:00,2026-07-03T02:00:15.338021,2,1,114.85,0.5,114.6,103,114.2,100,,,,,,,,,,,,,,,,,115.1,150,,,,,,,,,,,,,,,,,,
2026-07-03T02:00:15.395453+00:00,2026-07-03T02:00:15.395316,2,2,114.65,0.1,114.6,103,114.2,100,,,,,,,,,,,,,,,,,114.7,100,115.1,150,,,,,,,,,,,,,,,,
2026-07-03T02:00:17.066266+00:00,2026-07-03T02:00:17.066226,2,2,114.65,0.1,114.6,103,114.2,100,,,,,,,,,,,,,,,,,114.7,50,115.1,150,,,,,,,,,,,,,,,,
2026-07-03T02:00:17.211006+00:00,2026-07-03T02:00:17.210907,1,1,114.45,0.5,114.2,100,,,,,,,,,,,,,,,,,,,114.7,50,,,,,,,,,,,,,,,,,,
2026-07-03T02:00:17.258551+00:00,2026-07-03T02:00:17.258347,2,1,114.5,0.4,114.3,150,114.2,100,,,,,,,,,,,,,,,,,114.7,50,,,,,,,,,,,,,,,,,,
2026-07-03T02:00:17.322929+00:00,2026-07-03T02:00:17.323078,2,2,114.5,0.4,114.3,150,114.2,100,,,,,,,,,,,,,,,,,114.7,50,114.8,150,,,,,,,,,,,,,,,,
2026-07-03T02:00:18.465059+00:00,2026-07-03T02:00:18.464759,1,1,114.55,0.5,114.3,150,,,,,,,,,,,,,,,,,,,114.8,150,,,,,,,,,,,,,,,,,,
2026-07-03T02:00:18.504450+00:00,2026-07-03T02:00:18.504554,1,1,114.55,0.5,114.3,250,,,,,,,,,,,,,,,,,,,114.8,150,,,,,,,,,,,,,,,,,,
2026-07-03T02:00:18.564226+00:00,2026-07-03T02:00:18.563928,1,1,114.55,0.5,114.3,250,,,,,,,,,,,,,,,,,,,114.8,250,,,,,,,,,,,,,,,,,,
2026-07-03T02:00:19.173927+00:00,2026-07-03T02:00:19.173809,1,1,114.55,0.5,114.3,250,,,,,,,,,,,,,,,,,,,114.8,200,,,,,,,,,,,,,,,,,,
2026-07-03T02:00:20.375895+00:00,2026-07-03T02:00:20.375812,1,1,114.55,0.5,114.3,100,,,,,,,,,,,,,,,,,,,114.8,100,,,,,,,,,,,,,,,,,,
2026-07-03T02:00:20.430189+00:00,2026-07-03T02:00:20.430137,2,1,114.65,0.3,114.5,150,114.3,100,,,,,,,,,,,,,,,,,114.8,100,,,,,,,,,,,,,,,,,,
2026-07-03T02:00:20.481188+00:00,2026-07-03T02:00:20.481140,2,2,114.65,0.3,114.5,150,114.3,100,,,,,,,,,,,,,,,,,114.8,100,115.0,150,,,,,,,,,,,,,,,,
2026-07-03T02:00:21.281569+00:00,2026-07-03T02:00:21.281658,2,2,114.65,0.3,114.5,150,114.3,100,,,,,,,,,,,,,,,,,114.8,50,115.0,150,,,,,,,,,,,,,,,,
2026-07-03T02:00:21.611934+00:00,2026-07-03T02:00:21.611804,1,1,114.75,0.5,114.5,150,,,,,,,,,,,,,,,,,,,115.0,150,,,,,,,,,,,,,,,,,,
2026-07-03T02:00:21.658576+00:00,2026-07-03T02:00:21.656138,1,1,114.75,0.5,114.5,250,,,,,,,,,,,,,,,,,,,115.0,150,,,,,,,,,,,,,,,,,,
2026-07-03T02:00:21.719529+00:00,2026-07-03T02:00:21.719451,1,1,114.75,0.5,114.5,250,,,,,,,,,,,,,,,,,,,115.0,250,,,,,,,,,,,,,,,,,,
2026-07-03T02:00:23.386402+00:00,2026-07-03T02:00:23.386531,1,1,114.75,0.5,114.5,250,,,,,,,,,,,,,,,,,,,115.0,200,,,,,,,,,,,,,,,,,,
2026-07-03T02:00:23.539223+00:00,2026-07-03T02:00:23.539121,1,1,114.75,0.5,114.5,100,,,,,,,,,,,,,,,,,,,115.0,100,,,,,,,,,,,,,,,,,,
2026-07-03T02:00:23.594278+00:00,2026-07-03T02:00:23.594139,2,1,114.85,0.3,114.7,150,114.5,100,,,,,,,,,,,,,,,,,115.0,100,,,,,,,,,,,,,,,,,,
2026-07-03T02:00:23.646801+00:00,2026-07-03T02:00:23.646707,2,2,114.85,0.3,114.7,150,114.5,100,,,,,,,,,,,,,,,,,115.0,100,115.2,150,,,,,,,,,,,,,,,,
2026-07-03T02:00:24.772892+00:00,2026-07-03T02:00:24.772818,1,1,114.95,0.5,114.7,150,,,,,,,,,,,,,,,,,,,115.2,150,,,,,,,,,,,,,,,,,,
2026-07-03T02:00:24.829383+00:00,2026-07-03T02:00:24.829228,2,1,114.95,0.5,114.7,150,114.5,100,,,,,,,,,,,,,,,,,115.2,150,,,,,,,,,,,,,,,,,,
2026-07-03T02:00:24.883738+00:00,2026-07-03T02:00:24.883609,2,2,114.85,0.3,114.7,150,114.5,100,,,,,,,,,,,,,,,,,115.0,100,115.2,150,,,,,,,,,,,,,,,,
2026-07-03T02:00:26.699806+00:00,2026-07-03T02:00:26.699747,1,1,114.75,0.5,114.5,100,,,,,,,,,,,,,,,,,,,115.0,100,,,,,,,,,,,,,,,,,,
2026-07-03T02:00:26.768942+00:00,2026-07-03T02:00:26.762451,2,1,114.9,0.2,114.8,147,114.5,100,,,,,,,,,,,,,,,,,115.0,100,,,,,,,,,,,,,,,,,,
2026-07-03T02:00:26.784591+00:00,2026-07-03T02:00:26.784493,2,1,114.9,0.2,114.8,122,114.5,100,,,,,,,,,,,,,,,,,115.0,100,,,,,,,,,,,,,,,,,,
2026-07-03T02:00:26.808108+00:00,2026-07-03T02:00:26.808019,2,2,114.9,0.2,114.8,122,114.5,100,,,,,,,,,,,,,,,,,115.0,100,115.3,150,,,,,,,,,,,,,,,,
2026-07-03T02:00:27.648846+00:00,2026-07-03T02:00:27.648758,2,2,114.9,0.2,114.8,72,114.5,100,,,,,,,,,,,,,,,,,115.0,100,115.3,150,,,,,,,,,,,,,,,,
2026-07-03T02:00:27.933506+00:00,2026-07-03T02:00:27.933457,1,1,115.05,0.5,114.8,72,,,,,,,,,,,,,,,,,,,115.3,150,,,,,,,,,,,,,,,,,,
2026-07-03T02:00:27.993686+00:00,2026-07-03T02:00:27.993594,2,1,115.05,0.5,114.8,72,114.6,100,,,,,,,,,,,,,,,,,115.3,150,,,,,,,,,,,,,,,,,,
2026-07-03T02:00:28.041831+00:00,2026-07-03T02:00:28.041715,2,2,114.95,0.3,114.8,72,114.6,100,,,,,,,,,,,,,,,,,115.1,100,115.3,150,,,,,,,,,,,,,,,,
2026-07-03T02:00:29.338968+00:00,2026-07-03T02:00:29.332902,2,2,114.95,0.3,114.8,49,114.6,100,,,,,,,,,,,,,,,,,115.1,100,115.3,150,,,,,,,,,,,,,,,,
2026-07-03T02:00:29.393702+00:00,2026-07-03T02:00:29.393536,2,2,114.95,0.3,114.8,24,114.6,100,,,,,,,,,,,,,,,,,115.1,100,115.3,150,,,,,,,,,,,,,,,,
2026-07-03T02:00:29.602874+00:00,2026-07-03T02:00:29.603016,1,2,114.85,0.5,114.6,100,,,,,,,,,,,,,,,,,,,115.1,100,115.3,150,,,,,,,,,,,,,,,,
2026-07-03T02:00:29.613578+00:00,2026-07-03T02:00:29.613454,1,2,114.85,0.5,114.6,99,,,,,,,,,,,,,,,,,,,115.1,100,115.3,150,,,,,,,,,,,,,,,,
2026-07-03T02:00:29.758672+00:00,2026-07-03T02:00:29.756238,1,2,114.85,0.5,114.6,49,,,,,,,,,,,,,,,,,,,115.1,100,115.3,150,,,,,,,,,,,,,,,,
2026-07-03T02:00:29.817487+00:00,2026-07-03T02:00:29.817615,1,2,114.85,0.5,114.6,24,,,,,,,,,,,,,,,,,,,115.1,100,115.3,150,,,,,,,,,,,,,,,,
2026-07-03T02:00:29.864579+00:00,2026-07-03T02:00:29.864461,1,1,114.85,0.5,114.6,24,,,,,,,,,,,,,,,,,,,115.1,100,,,,,,,,,,,,,,,,,,
2026-07-03T02:00:29.918135+00:00,2026-07-03T02:00:29.917956,2,1,114.85,0.5,114.6,24,114.1,150,,,,,,,,,,,,,,,,,115.1,100,,,,,,,,,,,,,,,,,,
2026-07-03T02:00:29.969913+00:00,2026-07-03T02:00:29.969811,1,2,114.35,0.5,114.1,150,,,,,,,,,,,,,,,,,,,114.6,126,115.1,100,,,,,,,,,,,,,,,,
2026-07-03T02:00:30.268144+00:00,2026-07-03T02:00:30.262020,1,2,114.35,0.5,114.1,150,,,,,,,,,,,,,,,,,,,114.6,114,115.1,100,,,,,,,,,,,,,,,,
2026-07-03T02:00:30.874526+00:00,2026-07-03T02:00:30.874442,1,2,114.35,0.5,114.1,150,,,,,,,,,,,,,,,,,,,114.6,67,115.1,100,,,,,,,,,,,,,,,,
2026-07-03T02:00:31.111205+00:00,2026-07-03T02:00:31.111181,1,1,114.35,0.5,114.1,150,,,,,,,,,,,,,,,,,,,114.6,67,,,,,,,,,,,,,,,,,,
2026-07-03T02:00:31.183983+00:00,2026-07-03T02:00:31.183878,1,1,114.35,0.5,114.1,250,,,,,,,,,,,,,,,,,,,114.6,67,,,,,,,,,,,,,,,,,,
2026-07-03T02:00:31.243788+00:00,2026-07-03T02:00:31.243927,1,1,114.35,0.5,114.1,250,,,,,,,,,,,,,,,,,,,114.6,167,,,,,,,,,,,,,,,,,,
2026-07-03T02:00:31.863860+00:00,2026-07-03T02:00:31.863799,1,1,114.35,0.5,114.1,200,,,,,,,,,,,,,,,,,,,114.6,167,,,,,,,,,,,,,,,,,,
2026-07-03T02:00:31.878173+00:00,2026-07-03T02:00:31.878086,1,1,114.35,0.5,114.1,200,,,,,,,,,,,,,,,,,,,114.6,119,,,,,,,,,,,,,,,,,,
2026-07-03T02:00:33.026519+00:00,2026-07-03T02:00:33.026419,1,1,114.35,0.5,114.1,100,,,,,,,,,,,,,,,,,,,114.6,100,,,,,,,,,,,,,,,,,,
2026-07-03T02:00:33.080882+00:00,2026-07-03T02:00:33.080696,1,1,114.35,0.5,114.1,250,,,,,,,,,,,,,,,,,,,114.6,100,,,,,,,,,,,,,,,,,,
2026-07-03T02:00:33.133344+00:00,2026-07-03T02:00:33.133232,1,1,114.35,0.5,114.1,250,,,,,,,,,,,,,,,,,,,114.6,250,,,,,,,,,,,,,,,,,,
2026-07-03T02:00:33.970461+00:00,2026-07-03T02:00:33.970579,1,1,114.35,0.5,114.1,200,,,,,,,,,,,,,,,,,,,114.6,250,,,,,,,,,,,,,,,,,,
2026-07-03T02:00:34.300760+00:00,2026-07-03T02:00:34.300650,1,1,114.35,0.5,114.1,150,,,,,,,,,,,,,,,,,,,114.6,150,,,,,,,,,,,,,,,,,,
2026-07-03T02:00:34.353242+00:00,2026-07-03T02:00:34.353134,2,1,114.35,0.5,114.1,150,113.6,100,,,,,,,,,,,,,,,,,114.6,150,,,,,,,,,,,,,,,,,,
2026-07-03T02:00:34.408873+00:00,2026-07-03T02:00:34.408797,2,1,114.35,0.5,114.1,50,113.6,100,,,,,,,,,,,,,,,,,114.6,150,,,,,,,,,,,,,,,,,,
2026-07-03T02:00:36.078770+00:00,2026-07-03T02:00:36.078700,1,1,114.1,1.0,113.6,100,,,,,,,,,,,,,,,,,,,114.6,150,,,,,,,,,,,,,,,,,,
2026-07-03T02:00:36.188812+00:00,2026-07-03T02:00:36.188739,1,0,,,113.6,100,,,,,,,,,,,,,,,,,,,,,,,,,,,,,,,,,,,,,,
2026-07-03T02:00:36.241800+00:00,2026-07-03T02:00:36.241740,2,0,,,113.6,100,113.3,150,,,,,,,,,,,,,,,,,,,,,,,,,,,,,,,,,,,,
2026-07-03T02:00:36.304402+00:00,2026-07-03T02:00:36.298459,2,1,113.7,0.2,113.6,100,113.3,150,,,,,,,,,,,,,,,,,113.8,136,,,,,,,,,,,,,,,,,,
2026-07-03T02:00:36.339095+00:00,2026-07-03T02:00:36.339039,2,1,113.7,0.2,113.6,100,113.3,150,,,,,,,,,,,,,,,,,113.8,111,,,,,,,,,,,,,,,,,,
2026-07-03T02:00:36.530603+00:00,2026-07-03T02:00:36.530524,2,1,113.7,0.2,113.6,55,113.3,150,,,,,,,,,,,,,,,,,113.8,111,,,,,,,,,,,,,,,,,,
2026-07-03T02:00:36.575036+00:00,2026-07-03T02:00:36.574942,2,1,113.7,0.2,113.6,55,113.3,150,,,,,,,,,,,,,,,,,113.8,86,,,,,,,,,,,,,,,,,,
2026-07-03T02:00:36.785029+00:00,2026-07-03T02:00:36.785114,2,1,113.7,0.2,113.6,55,113.3,150,,,,,,,,,,,,,,,,,113.8,61,,,,,,,,,,,,,,,,,,
2026-07-03T02:00:36.820378+00:00,2026-07-03T02:00:36.815695,2,1,113.7,0.2,113.6,55,113.3,150,,,,,,,,,,,,,,,,,113.8,58,,,,,,,,,,,,,,,,,,
2026-07-03T02:00:36.994176+00:00,2026-07-03T02:00:36.994097,2,1,113.7,0.2,113.6,55,113.3,150,,,,,,,,,,,,,,,,,113.8,33,,,,,,,,,,,,,,,,,,
2026-07-03T02:00:37.175305+00:00,2026-07-03T02:00:37.175210,2,0,,,113.6,55,113.3,150,,,,,,,,,,,,,,,,,,,,,,,,,,,,,,,,,,,,
2026-07-03T02:00:37.464602+00:00,2026-07-03T02:00:37.464680,1,0,,,113.3,150,,,,,,,,,,,,,,,,,,,,,,,,,,,,,,,,,,,,,,
2026-07-03T02:00:37.517516+00:00,2026-07-03T02:00:37.517480,2,0,,,113.8,100,113.3,150,,,,,,,,,,,,,,,,,,,,,,,,,,,,,,,,,,,,
2026-07-03T02:00:37.568257+00:00,2026-07-03T02:00:37.568140,2,1,114.05,0.5,113.8,100,113.3,150,,,,,,,,,,,,,,,,,114.3,100,,,,,,,,,,,,,,,,,,
2026-07-03T02:00:38.131024+00:00,2026-07-03T02:00:38.130899,2,1,114.05,0.5,113.8,100,113.3,150,,,,,,,,,,,,,,,,,114.3,50,,,,,,,,,,,,,,,,,,
2026-07-03T02:00:38.301318+00:00,2026-07-03T02:00:38.301215,2,1,114.05,0.5,113.8,100,113.3,150,,,,,,,,,,,,,,,,,114.3,8,,,,,,,,,,,,,,,,,,
2026-07-03T02:00:38.369067+00:00,2026-07-03T02:00:38.369230,2,1,114.05,0.5,113.8,59,113.3,150,,,,,,,,,,,,,,,,,114.3,8,,,,,,,,,,,,,,,,,,
2026-07-03T02:00:39.349651+00:00,2026-07-03T02:00:39.349525,1,1,114.05,0.5,113.8,59,,,,,,,,,,,,,,,,,,,114.3,8,,,,,,,,,,,,,,,,,,
2026-07-03T02:00:39.411880+00:00,2026-07-03T02:00:39.405939,2,1,114.15,0.3,114.0,147,113.8,59,,,,,,,,,,,,,,,,,114.3,8,,,,,,,,,,,,,,,,,,
2026-07-03T02:00:39.438015+00:00,2026-07-03T02:00:39.437964,2,0,,,114.0,147,113.8,59,,,,,,,,,,,,,,,,,,,,,,,,,,,,,,,,,,,,
2026-07-03T02:00:39.473796+00:00,2026-07-03T02:00:39.473710,2,1,114.25,0.5,114.0,147,113.8,59,,,,,,,,,,,,,,,,,114.5,150,,,,,,,,,,,,,,,,,,
2026-07-03T02:00:40.121452+00:00,2026-07-03T02:00:40.121607,2,1,114.25,0.5,114.0,105,113.8,59,,,,,,,,,,,,,,,,,114.5,150,,,,,,,,,,,,,,,,,,
2026-07-03T02:00:40.624491+00:00,2026-07-03T02:00:40.624432,1,1,114.25,0.5,114.0,105,,,,,,,,,,,,,,,,,,,114.5,150,,,,,,,,,,,,,,,,,,
2026-07-03T02:00:40.678377+00:00,2026-07-03T02:00:40.678291,2,1,114.35,0.3,114.2,100,114.0,105,,,,,,,,,,,,,,,,,114.5,150,,,,,,,,,,,,,,,,,,
2026-07-03T02:00:40.730717+00:00,2026-07-03T02:00:40.730630,2,2,114.35,0.3,114.2,100,114.0,105,,,,,,,,,,,,,,,,,114.5,150,114.7,100,,,,,,,,,,,,,,,,
2026-07-03T02:00:41.040362+00:00,2026-07-03T02:00:41.040235,2,2,114.35,0.3,114.2,100,114.0,105,,,,,,,,,,,,,,,,,114.5,105,114.7,100,,,,,,,,,,,,,,,,
2026-07-03T02:00:42.358612+00:00,2026-07-03T02:00:42.352625,2,2,114.35,0.3,114.2,100,114.0,105,,,,,,,,,,,,,,,,,114.5,55,114.7,100,,,,,,,,,,,,,,,,
2026-07-03T02:00:42.529927+00:00,2026-07-03T02:00:42.529897,1,1,114.45,0.5,114.2,100,,,,,,,,,,,,,,,,,,,114.7,100,,,,,,,,,,,,,,,,,,
2026-07-03T02:00:42.583851+00:00,2026-07-03T02:00:42.583731,2,1,114.5,0.4,114.3,150,114.2,100,,,,,,,,,,,,,,,,,114.7,100,,,,,,,,,,,,,,,,,,
2026-07-03T02:00:42.636941+00:00,2026-07-03T02:00:42.636917,2,2,114.5,0.4,114.3,150,114.2,100,,,,,,,,,,,,,,,,,114.7,100,114.8,150,,,,,,,,,,,,,,,,
2026-07-03T02:00:43.421425+00:00,2026-07-03T02:00:43.421356,2,2,114.5,0.4,114.3,110,114.2,100,,,,,,,,,,,,,,,,,114.7,100,114.8,150,,,,,,,,,,,,,,,,
2026-07-03T02:00:43.784851+00:00,2026-07-03T02:00:43.784760,1,1,114.55,0.5,114.3,110,,,,,,,,,,,,,,,,,,,114.8,150,,,,,,,,,,,,,,,,,,
2026-07-03T02:00:43.842618+00:00,2026-07-03T02:00:43.842522,2,1,114.55,0.5,114.3,110,114.0,100,,,,,,,,,,,,,,,,,114.8,150,,,,,,,,,,,,,,,,,,
2026-07-03T02:00:43.904882+00:00,2026-07-03T02:00:43.905056,2,2,114.4,0.2,114.3,110,114.0,100,,,,,,,,,,,,,,,,,114.5,100,114.8,150,,,,,,,,,,,,,,,,
2026-07-03T02:00:43.915360+00:00,2026-07-03T02:00:43.915459,2,2,114.4,0.2,114.3,65,114.0,100,,,,,,,,,,,,,,,,,114.5,100,114.8,150,,,,,,,,,,,,,,,,
2026-07-03T02:00:44.458659+00:00,2026-07-03T02:00:44.457971,2,2,114.4,0.2,114.3,65,114.0,100,,,,,,,,,,,,,,,,,114.5,50,114.8,150,,,,,,,,,,,,,,,,
2026-07-03T02:00:44.684462+00:00,2026-07-03T02:00:44.678585,2,2,114.4,0.2,114.3,62,114.0,100,,,,,,,,,,,,,,,,,114.5,50,114.8,150,,,,,,,,,,,,,,,,
2026-07-03T02:00:44.811546+00:00,2026-07-03T02:00:44.811684,2,2,114.4,0.2,114.3,37,114.0,100,,,,,,,,,,,,,,,,,114.5,50,114.8,150,,,,,,,,,,,,,,,,
2026-07-03T02:00:45.047301+00:00,2026-07-03T02:00:45.047436,2,2,114.4,0.2,114.3,12,114.0,100,,,,,,,,,,,,,,,,,114.5,50,114.8,150,,,,,,,,,,,,,,,,
2026-07-03T02:00:45.258593+00:00,2026-07-03T02:00:45.254015,1,2,114.25,0.5,114.0,100,,,,,,,,,,,,,,,,,,,114.5,50,114.8,150,,,,,,,,,,,,,,,,
2026-07-03T02:00:45.696553+00:00,2026-07-03T02:00:45.696503,1,1,114.25,0.5,114.0,100,,,,,,,,,,,,,,,,,,,114.5,50,,,,,,,,,,,,,,,,,,
2026-07-03T02:00:45.742304+00:00,2026-07-03T02:00:45.742413,2,1,114.25,0.5,114.0,100,113.5,150,,,,,,,,,,,,,,,,,114.5,50,,,,,,,,,,,,,,,,,,
2026-07-03T02:00:45.795870+00:00,2026-07-03T02:00:45.795836,1,2,113.75,0.5,113.5,150,,,,,,,,,,,,,,,,,,,114.0,50,114.5,50,,,,,,,,,,,,,,,,
2026-07-03T02:00:45.806798+00:00,2026-07-03T02:00:45.799936,1,2,113.75,0.5,113.5,150,,,,,,,,,,,,,,,,,,,114.0,47,114.5,50,,,,,,,,,,,,,,,,
2026-07-03T02:00:46.090873+00:00,2026-07-03T02:00:46.090795,1,2,113.75,0.5,113.5,150,,,,,,,,,,,,,,,,,,,114.0,22,114.5,50,,,,,,,,,,,,,,,,
2026-07-03T02:00:46.308465+00:00,2026-07-03T02:00:46.308649,1,1,114.0,1.0,113.5,150,,,,,,,,,,,,,,,,,,,114.5,50,,,,,,,,,,,,,,,,,,
2026-07-03T02:00:46.948564+00:00,2026-07-03T02:00:46.948448,1,0,,,113.5,150,,,,,,,,,,,,,,,,,,,,,,,,,,,,,,,,,,,,,,
2026-07-03T02:00:47.005937+00:00,2026-07-03T02:00:47.005808,1,0,,,113.5,250,,,,,,,,,,,,,,,,,,,,,,,,,,,,,,,,,,,,,,
2026-07-03T02:00:47.058587+00:00,2026-07-03T02:00:47.053901,1,1,113.75,0.5,113.5,250,,,,,,,,,,,,,,,,,,,114.0,100,,,,,,,,,,,,,,,,,,
2026-07-03T02:00:48.719534+00:00,2026-07-03T02:00:48.719413,1,1,113.75,0.5,113.5,200,,,,,,,,,,,,,,,,,,,114.0,100,,,,,,,,,,,,,,,,,,
2026-07-03T02:00:48.851435+00:00,2026-07-03T02:00:48.851324,1,1,113.75,0.5,113.5,100,,,,,,,,,,,,,,,,,,,114.0,100,,,,,,,,,,,,,,,,,,
2026-07-03T02:00:48.905583+00:00,2026-07-03T02:00:48.905451,2,1,113.85,0.3,113.7,150,113.5,100,,,,,,,,,,,,,,,,,114.0,100,,,,,,,,,,,,,,,,,,
2026-07-03T02:00:48.952991+00:00,2026-07-03T02:00:48.953238,2,2,113.85,0.3,113.7,150,113.5,100,,,,,,,,,,,,,,,,,114.0,100,114.2,150,,,,,,,,,,,,,,,,
2026-07-03T02:00:50.108725+00:00,2026-07-03T02:00:50.108625,1,1,113.95,0.5,113.7,150,,,,,,,,,,,,,,,,,,,114.2,150,,,,,,,,,,,,,,,,,,
2026-07-03T02:00:50.163649+00:00,2026-07-03T02:00:50.163725,1,1,113.95,0.5,113.7,250,,,,,,,,,,,,,,,,,,,114.2,150,,,,,,,,,,,,,,,,,,
2026-07-03T02:00:50.216956+00:00,2026-07-03T02:00:50.216876,1,1,113.95,0.5,113.7,250,,,,,,,,,,,,,,,,,,,114.2,250,,,,,,,,,,,,,,,,,,
2026-07-03T02:00:50.821947+00:00,2026-07-03T02:00:50.819443,1,1,113.95,0.5,113.7,200,,,,,,,,,,,,,,,,,,,114.2,250,,,,,,,,,,,,,,,,,,
2026-07-03T02:00:52.011124+00:00,2026-07-03T02:00:52.011045,1,1,113.95,0.5,113.7,100,,,,,,,,,,,,,,,,,,,114.2,100,,,,,,,,,,,,,,,,,,
2026-07-03T02:00:52.058575+00:00,2026-07-03T02:00:52.057604,2,1,113.95,0.5,113.7,100,113.6,150,,,,,,,,,,,,,,,,,114.2,100,,,,,,,,,,,,,,,,,,
2026-07-03T02:00:52.115258+00:00,2026-07-03T02:00:52.115211,2,2,113.9,0.4,113.7,100,113.6,150,,,,,,,,,,,,,,,,,114.1,150,114.2,100,,,,,,,,,,,,,,,,
2026-07-03T02:00:52.932540+00:00,2026-07-03T02:00:52.932428,2,2,113.9,0.4,113.7,50,113.6,150,,,,,,,,,,,,,,,,,114.1,150,114.2,100,,,,,,,,,,,,,,,,
2026-07-03T02:00:53.271225+00:00,2026-07-03T02:00:53.271403,1,1,113.85,0.5,113.6,150,,,,,,,,,,,,,,,,,,,114.1,150,,,,,,,,,,,,,,,,,,
2026-07-03T02:00:53.324912+00:00,2026-07-03T02:00:53.324827,2,1,113.85,0.5,113.6,150,113.5,100,,,,,,,,,,,,,,,,,114.1,150,,,,,,,,,,,,,,,,,,
2026-07-03T02:00:53.377856+00:00,2026-07-03T02:00:53.377720,2,2,113.8,0.4,113.6,150,113.5,100,,,,,,,,,,,,,,,,,114.0,100,114.1,150,,,,,,,,,,,,,,,,
2026-07-03T02:00:53.672935+00:00,2026-07-03T02:00:53.672883,2,2,113.8,0.4,113.6,150,113.5,100,,,,,,,,,,,,,,,,,114.0,57,114.1,150,,,,,,,,,,,,,,,,
2026-07-03T02:00:55.041840+00:00,2026-07-03T02:00:55.041771,2,2,113.8,0.4,113.6,100,113.5,100,,,,,,,,,,,,,,,,,114.0,57,114.1,150,,,,,,,,,,,,,,,,
2026-07-03T02:00:55.175806+00:00,2026-07-03T02:00:55.175668,1,1,113.75,0.5,113.5,100,,,,,,,,,,,,,,,,,,,114.0,57,,,,,,,,,,,,,,,,,,
2026-07-03T02:00:55.230494+00:00,2026-07-03T02:00:55.230355,2,1,113.75,0.5,113.5,100,113.3,150,,,,,,,,,,,,,,,,,114.0,57,,,,,,,,,,,,,,,,,,
2026-07-03T02:00:55.283831+00:00,2026-07-03T02:00:55.283948,2,2,113.65,0.3,113.5,100,113.3,150,,,,,,,,,,,,,,,,,113.8,150,114.0,57,,,,,,,,,,,,,,,,
2026-07-03T02:00:55.812256+00:00,2026-07-03T02:00:55.812151,2,2,113.65,0.3,113.5,100,113.3,150,,,,,,,,,,,,,,,,,113.8,110,114.0,57,,,,,,,,,,,,,,,,
2026-07-03T02:00:56.433228+00:00,2026-07-03T02:00:56.433166,1,1,113.55,0.5,113.3,150,,,,,,,,,,,,,,,,,,,113.8,110,,,,,,,,,,,,,,,,,,
2026-07-03T02:00:56.486863+00:00,2026-07-03T02:00:56.486771,2,1,113.7,0.2,113.6,100,113.3,150,,,,,,,,,,,,,,,,,113.8,110,,,,,,,,,,,,,,,,,,
2026-07-03T02:00:56.548086+00:00,2026-07-03T02:00:56.548056,2,2,113.7,0.2,113.6,100,113.3,150,,,,,,,,,,,,,,,,,113.8,110,114.1,100,,,,,,,,,,,,,,,,
2026-07-03T02:00:56.558782+00:00,2026-07-03T02:00:56.558649,2,2,113.7,0.2,113.6,100,113.3,150,,,,,,,,,,,,,,,,,113.8,95,114.1,100,,,,,,,,,,,,,,,,
2026-07-03T02:00:57.169140+00:00,2026-07-03T02:00:57.169068,2,2,113.7,0.2,113.6,50,113.3,150,,,,,,,,,,,,,,,,,113.8,95,114.1,100,,,,,,,,,,,,,,,,
2026-07-03T02:00:58.338415+00:00,2026-07-03T02:00:58.338321,1,1,113.85,0.5,113.6,50,,,,,,,,,,,,,,,,,,,114.1,100,,,,,,,,,,,,,,,,,,
2026-07-03T02:00:58.392480+00:00,2026-07-03T02:00:58.392600,1,1,113.85,0.5,113.6,200,,,,,,,,,,,,,,,,,,,114.1,100,,,,,,,,,,,,,,,,,,
2026-07-03T02:00:58.447683+00:00,2026-07-03T02:00:58.447647,1,1,113.85,0.5,113.6,200,,,,,,,,,,,,,,,,,,,114.1,250,,,,,,,,,,,,,,,,,,
2026-07-03T02:00:59.277318+00:00,2026-07-03T02:00:59.277519,1,1,113.85,0.5,113.6,150,,,,,,,,,,,,,,,,,,,114.1,250,,,,,,,,,,,,,,,,,,
2026-07-03T02:00:59.601281+00:00,2026-07-03T02:00:59.601171,1,1,113.85,0.5,113.6,150,,,,,,,,,,,,,,,,,,,114.1,150,,,,,,,,,,,,,,,,,,
2026-07-03T02:00:59.658625+00:00,2026-07-03T02:00:59.658317,2,1,113.85,0.5,113.6,150,113.0,100,,,,,,,,,,,,,,,,,114.1,150,,,,,,,,,,,,,,,,,,
2026-07-03T02:00:59.712495+00:00,2026-07-03T02:00:59.712369,2,1,113.85,0.5,113.6,50,113.0,100,,,,,,,,,,,,,,,,,114.1,150,,,,,,,,,,,,,,,,,,
2026-07-03T02:01:01.390107+00:00,2026-07-03T02:01:01.389944,2,1,113.85,0.5,113.6,9,113.0,100,,,,,,,,,,,,,,,,,114.1,150,,,,,,,,,,,,,,,,,,
2026-07-03T02:01:01.395300+00:00,2026-07-03T02:01:01.395236,1,1,113.55,1.1,113.0,59,,,,,,,,,,,,,,,,,,,114.1,150,,,,,,,,,,,,,,,,,,
2026-07-03T02:01:01.504455+00:00,2026-07-03T02:01:01.504556,1,0,,,113.0,59,,,,,,,,,,,,,,,,,,,,,,,,,,,,,,,,,,,,,,
2026-07-03T02:01:01.558552+00:00,2026-07-03T02:01:01.556759,2,0,,,113.0,59,112.6,150,,,,,,,,,,,,,,,,,,,,,,,,,,,,,,,,,,,,
2026-07-03T02:01:01.610525+00:00,2026-07-03T02:01:01.610454,2,1,113.05,0.1,113.0,59,112.6,150,,,,,,,,,,,,,,,,,113.1,150,,,,,,,,,,,,,,,,,,
2026-07-03T02:01:01.726896+00:00,2026-07-03T02:01:01.720883,2,1,113.05,0.1,113.0,59,112.6,150,,,,,,,,,,,,,,,,,113.1,147,,,,,,,,,,,,,,,,,,
2026-07-03T02:01:02.323811+00:00,2026-07-03T02:01:02.323664,2,1,113.05,0.1,113.0,59,112.6,150,,,,,,,,,,,,,,,,,113.1,99,,,,,,,,,,,,,,,,,,
2026-07-03T02:01:02.758546+00:00,2026-07-03T02:01:02.758219,1,1,112.85,0.5,112.6,150,,,,,,,,,,,,,,,,,,,113.1,99,,,,,,,,,,,,,,,,,,
2026-07-03T02:01:02.822124+00:00,2026-07-03T02:01:02.821996,2,0,,,113.1,1,112.6,150,,,,,,,,,,,,,,,,,,,,,,,,,,,,,,,,,,,,
2026-07-03T02:01:02.877015+00:00,2026-07-03T02:01:02.876890,2,1,113.35,0.5,113.1,1,112.6,150,,,,,,,,,,,,,,,,,113.6,100,,,,,,,,,,,,,,,,,,
2026-07-03T02:01:03.222671+00:00,2026-07-03T02:01:03.212491,2,1,113.35,0.5,113.1,1,112.6,150,,,,,,,,,,,,,,,,,113.6,60,,,,,,,,,,,,,,,,,,
2026-07-03T02:01:03.904121+00:00,2026-07-03T02:01:03.904296,1,1,113.1,1.0,112.6,105,,,,,,,,,,,,,,,,,,,113.6,60,,,,,,,,,,,,,,,,,,
2026-07-03T02:01:04.654351+00:00,2026-07-03T02:01:04.657563,0,1,,,,,,,,,,,,,,,,,,,,,,,113.6,60,,,,,,,,,,,,,,,,,,
2026-07-03T02:01:04.717653+00:00,2026-07-03T02:01:04.717556,1,1,113.35,0.5,113.1,150,,,,,,,,,,,,,,,,,,,113.6,60,,,,,,,,,,,,,,,,,,
2026-07-03T02:01:04.771045+00:00,2026-07-03T02:01:04.770981,1,1,113.35,0.5,113.1,150,,,,,,,,,,,,,,,,,,,113.6,210,,,,,,,,,,,,,,,,,,
2026-07-03T02:01:05.558621+00:00,2026-07-03T02:01:05.556404,1,1,113.35,0.5,113.1,150,,,,,,,,,,,,,,,,,,,113.6,160,,,,,,,,,,,,,,,,,,
2026-07-03T02:01:05.932349+00:00,2026-07-03T02:01:05.932286,1,1,113.35,0.5,113.1,150,,,,,,,,,,,,,,,,,,,113.6,150,,,,,,,,,,,,,,,,,,
2026-07-03T02:01:05.986372+00:00,2026-07-03T02:01:05.986550,1,1,113.35,0.5,113.1,250,,,,,,,,,,,,,,,,,,,113.6,150,,,,,,,,,,,,,,,,,,
2026-07-03T02:01:06.041139+00:00,2026-07-03T02:01:06.041255,1,1,113.35,0.5,113.1,250,,,,,,,,,,,,,,,,,,,113.6,250,,,,,,,,,,,,,,,,,,
2026-07-03T02:01:07.102730+00:00,2026-07-03T02:01:07.102875,1,1,113.35,0.5,113.1,250,,,,,,,,,,,,,,,,,,,113.6,206,,,,,,,,,,,,,,,,,,
2026-07-03T02:01:07.687825+00:00,2026-07-03T02:01:07.687958,1,1,113.35,0.5,113.1,250,,,,,,,,,,,,,,,,,,,113.6,156,,,,,,,,,,,,,,,,,,
2026-07-03T02:01:07.825652+00:00,2026-07-03T02:01:07.825763,1,1,113.35,0.5,113.1,100,,,,,,,,,,,,,,,,,,,113.6,100,,,,,,,,,,,,,,,,,,
2026-07-03T02:01:07.888928+00:00,2026-07-03T02:01:07.882540,2,1,113.55,0.1,113.5,147,113.1,100,,,,,,,,,,,,,,,,,113.6,100,,,,,,,,,,,,,,,,,,
2026-07-03T02:01:07.933212+00:00,2026-07-03T02:01:07.933076,2,2,113.55,0.1,113.5,147,113.1,100,,,,,,,,,,,,,,,,,113.6,100,114.0,150,,,,,,,,,,,,,,,,
2026-07-03T02:01:09.097596+00:00,2026-07-03T02:01:09.097560,1,1,113.75,0.5,113.5,147,,,,,,,,,,,,,,,,,,,114.0,150,,,,,,,,,,,,,,,,,,
2026-07-03T02:01:09.152666+00:00,2026-07-03T02:01:09.152607,2,1,113.75,0.5,113.5,147,113.1,100,,,,,,,,,,,,,,,,,114.0,150,,,,,,,,,,,,,,,,,,
2026-07-03T02:01:09.205238+00:00,2026-07-03T02:01:09.205104,2,2,113.55,0.1,113.5,147,113.1,100,,,,,,,,,,,,,,,,,113.6,100,114.0,150,,,,,,,,,,,,,,,,
2026-07-03T02:01:09.845760+00:00,2026-07-03T02:01:09.845712,2,2,113.55,0.1,113.5,97,113.1,100,,,,,,,,,,,,,,,,,113.6,100,114.0,150,,,,,,,,,,,,,,,,
2026-07-03T02:01:10.982509+00:00,2026-07-03T02:01:10.982417,2,1,113.55,0.1,113.5,97,113.1,100,,,,,,,,,,,,,,,,,113.6,100,,,,,,,,,,,,,,,,,,
2026-07-03T02:01:10.987677+00:00,2026-07-03T02:01:10.987598,1,1,113.35,0.5,113.1,100,,,,,,,,,,,,,,,,,,,113.6,100,,,,,,,,,,,,,,,,,,
2026-07-03T02:01:11.040155+00:00,2026-07-03T02:01:11.040264,1,1,113.35,0.5,113.1,250,,,,,,,,,,,,,,,,,,,113.6,100,,,,,,,,,,,,,,,,,,
2026-07-03T02:01:11.090179+00:00,2026-07-03T02:01:11.090080,1,1,113.35,0.5,113.1,250,,,,,,,,,,,,,,,,,,,113.6,250,,,,,,,,,,,,,,,,,,
2026-07-03T02:01:12.258655+00:00,2026-07-03T02:01:12.253891,1,1,113.35,0.5,113.1,150,,,,,,,,,,,,,,,,,,,113.6,150,,,,,,,,,,,,,,,,,,
2026-07-03T02:01:12.323436+00:00,2026-07-03T02:01:12.313907,2,1,113.35,0.5,113.1,150,112.9,100,,,,,,,,,,,,,,,,,113.6,150,,,,,,,,,,,,,,,,,,
2026-07-03T02:01:12.367617+00:00,2026-07-03T02:01:12.367486,2,2,113.25,0.3,113.1,150,112.9,100,,,,,,,,,,,,,,,,,113.4,100,113.6,150,,,,,,,,,,,,,,,,
2026-07-03T02:01:14.007133+00:00,2026-07-03T02:01:14.006951,2,2,113.25,0.3,113.1,150,112.9,100,,,,,,,,,,,,,,,,,113.4,50,113.6,150,,,,,,,,,,,,,,,,
2026-07-03T02:01:14.145837+00:00,2026-07-03T02:01:14.145800,1,1,113.15,0.5,112.9,100,,,,,,,,,,,,,,,,,,,113.4,50,,,,,,,,,,,,,,,,,,
2026-07-03T02:01:14.199573+00:00,2026-07-03T02:01:14.199503,2,1,113.2,0.4,113.0,150,112.9,100,,,,,,,,,,,,,,,,,113.4,50,,,,,,,,,,,,,,,,,,
2026-07-03T02:01:14.251829+00:00,2026-07-03T02:01:14.251717,2,2,113.2,0.4,113.0,150,112.9,100,,,,,,,,,,,,,,,,,113.4,50,113.5,150,,,,,,,,,,,,,,,,
2026-07-03T02:01:14.381229+00:00,2026-07-03T02:01:14.381048,2,2,113.2,0.4,113.0,107,112.9,100,,,,,,,,,,,,,,,,,113.4,50,113.5,150,,,,,,,,,,,,,,,,
2026-07-03T02:01:15.335947+00:00,2026-07-03T02:01:15.335910,2,2,113.2,0.4,113.0,107,112.9,100,,,,,,,,,,,,,,,,,113.4,3,113.5,150,,,,,,,,,,,,,,,,
2026-07-03T02:01:15.419216+00:00,2026-07-03T02:01:15.419130,1,1,113.25,0.5,113.0,107,,,,,,,,,,,,,,,,,,,113.5,150,,,,,,,,,,,,,,,,,,
2026-07-03T02:01:15.476367+00:00,2026-07-03T02:01:15.476266,2,1,113.35,0.3,113.2,100,113.0,107,,,,,,,,,,,,,,,,,113.5,150,,,,,,,,,,,,,,,,,,
2026-07-03T02:01:15.529121+00:00,2026-07-03T02:01:15.529061,2,2,113.35,0.3,113.2,100,113.0,107,,,,,,,,,,,,,,,,,113.5,150,113.7,100,,,,,,,,,,,,,,,,
2026-07-03T02:01:16.112660+00:00,2026-07-03T02:01:16.112588,2,2,113.35,0.3,113.2,100,113.0,107,,,,,,,,,,,,,,,,,113.5,100,113.7,100,,,,,,,,,,,,,,,,
2026-07-03T02:01:16.420371+00:00,2026-07-03T02:01:16.420322,2,2,113.35,0.3,113.2,60,113.0,107,,,,,,,,,,,,,,,,,113.5,100,113.7,100,,,,,,,,,,,,,,,,
2026-07-03T02:01:17.301672+00:00,2026-07-03T02:01:17.301535,2,1,113.45,0.5,113.2,60,113.0,107,,,,,,,,,,,,,,,,,113.7,100,,,,,,,,,,,,,,,,,,
2026-07-03T02:01:17.306829+00:00,2026-07-03T02:01:17.306755,1,1,113.45,0.5,113.2,60,,,,,,,,,,,,,,,,,,,113.7,100,,,,,,,,,,,,,,,,,,
2026-07-03T02:01:17.358558+00:00,2026-07-03T02:01:17.356479,2,1,113.45,0.5,113.2,60,113.1,150,,,,,,,,,,,,,,,,,113.7,100,,,,,,,,,,,,,,,,,,
2026-07-03T02:01:17.415364+00:00,2026-07-03T02:01:17.415289,2,2,113.4,0.4,113.2,60,113.1,150,,,,,,,,,,,,,,,,,113.6,150,113.7,100,,,,,,,,,,,,,,,,
2026-07-03T02:01:18.271949+00:00,2026-07-03T02:01:18.271859,2,2,113.4,0.4,113.2,10,113.1,150,,,,,,,,,,,,,,,,,113.6,150,113.7,100,,,,,,,,,,,,,,,,
2026-07-03T02:01:18.582698+00:00,2026-07-03T02:01:18.582578,1,1,113.35,0.5,113.1,150,,,,,,,,,,,,,,,,,,,113.6,150,,,,,,,,,,,,,,,,,,
2026-07-03T02:01:18.637494+00:00,2026-07-03T02:01:18.637442,2,1,113.35,0.5,113.1,150,113.0,100,,,,,,,,,,,,,,,,,113.6,150,,,,,,,,,,,,,,,,,,
2026-07-03T02:01:18.690416+00:00,2026-07-03T02:01:18.690309,2,2,113.3,0.4,113.1,150,113.0,100,,,,,,,,,,,,,,,,,113.5,100,113.6,150,,,,,,,,,,,,,,,,
2026-07-03T02:01:19.949366+00:00,2026-07-03T02:01:19.949242,2,2,113.3,0.4,113.1,103,113.0,100,,,,,,,,,,,,,,,,,113.5,100,113.6,150,,,,,,,,,,,,,,,,
2026-07-03T02:01:20.327448+00:00,2026-07-03T02:01:20.327374,2,2,113.3,0.4,113.1,103,113.0,100,,,,,,,,,,,,,,,,,113.5,50,113.6,150,,,,,,,,,,,,,,,,
2026-07-03T02:01:20.471608+00:00,2026-07-03T02:01:20.471508,1,1,113.25,0.5,113.0,100,,,,,,,,,,,,,,,,,,,113.5,50,,,,,,,,,,,,,,,,,,
2026-07-03T02:01:20.488708+00:00,2026-07-03T02:01:20.488845,1,1,113.25,0.5,113.0,100,,,,,,,,,,,,,,,,,,,113.5,3,,,,,,,,,,,,,,,,,,
2026-07-03T02:01:20.525198+00:00,2026-07-03T02:01:20.525142,2,1,113.25,0.5,113.0,100,112.9,150,,,,,,,,,,,,,,,,,113.5,3,,,,,,,,,,,,,,,,,,
2026-07-03T02:01:20.582059+00:00,2026-07-03T02:01:20.581971,2,2,113.2,0.4,113.0,100,112.9,150,,,,,,,,,,,,,,,,,113.4,150,113.5,3,,,,,,,,,,,,,,,,
2026-07-03T02:01:21.119662+00:00,2026-07-03T02:01:21.119541,2,2,113.2,0.4,113.0,100,112.9,150,,,,,,,,,,,,,,,,,113.4,103,113.5,3,,,,,,,,,,,,,,,,
2026-07-03T02:01:21.596378+00:00,2026-07-03T02:01:21.596245,2,2,113.2,0.4,113.0,59,112.9,150,,,,,,,,,,,,,,,,,113.4,103,113.5,3,,,,,,,,,,,,,,,,
2026-07-03T02:01:21.743962+00:00,2026-07-03T02:01:21.743879,1,1,113.15,0.5,112.9,150,,,,,,,,,,,,,,,,,,,113.4,103,,,,,,,,,,,,,,,,,,
2026-07-03T02:01:21.798475+00:00,2026-07-03T02:01:21.798422,2,1,113.3,0.2,113.2,100,112.9,150,,,,,,,,,,,,,,,,,113.4,103,,,,,,,,,,,,,,,,,,
2026-07-03T02:01:21.858608+00:00,2026-07-03T02:01:21.852103,2,2,113.3,0.2,113.2,100,112.9,150,,,,,,,,,,,,,,,,,113.4,103,113.7,100,,,,,,,,,,,,,,,,
2026-07-03T02:01:22.749154+00:00,2026-07-03T02:01:22.749121,2,2,113.3,0.2,113.2,59,112.9,150,,,,,,,,,,,,,,,,,113.4,103,113.7,100,,,,,,,,,,,,,,,,
2026-07-03T02:01:23.637324+00:00,2026-07-03T02:01:23.637211,1,1,113.45,0.5,113.2,59,,,,,,,,,,,,,,,,,,,113.7,100,,,,,,,,,,,,,,,,,,
2026-07-03T02:01:23.691998+00:00,2026-07-03T02:01:23.692093,1,1,113.45,0.5,113.2,209,,,,,,,,,,,,,,,,,,,113.7,100,,,,,,,,,,,,,,,,,,
2026-07-03T02:01:23.726109+00:00,2026-07-03T02:01:23.726200,1,1,113.45,0.5,113.2,209,,,,,,,,,,,,,,,,,,,113.7,58,,,,,,,,,,,,,,,,,,
2026-07-03T02:01:23.745321+00:00,2026-07-03T02:01:23.745434,1,1,113.45,0.5,113.2,209,,,,,,,,,,,,,,,,,,,113.7,208,,,,,,,,,,,,,,,,,,
2026-07-03T02:01:24.589295+00:00,2026-07-03T02:01:24.589421,1,1,113.45,0.5,113.2,159,,,,,,,,,,,,,,,,,,,113.7,208,,,,,,,,,,,,,,,,,,
2026-07-03T02:01:24.907575+00:00,2026-07-03T02:01:24.907489,1,1,113.45,0.5,113.2,150,,,,,,,,,,,,,,,,,,,113.7,150,,,,,,,,,,,,,,,,,,
2026-07-03T02:01:24.958676+00:00,2026-07-03T02:01:24.957067,1,1,113.45,0.5,113.2,250,,,,,,,,,,,,,,,,,,,113.7,150,,,,,,,,,,,,,,,,,,
2026-07-03T02:01:25.014766+00:00,2026-07-03T02:01:25.014663,1,1,113.45,0.5,113.2,250,,,,,,,,,,,,,,,,,,,113.7,250,,,,,,,,,,,,,,,,,,
2026-07-03T02:01:26.702187+00:00,2026-07-03T02:01:26.702136,1,1,113.45,0.5,113.2,200,,,,,,,,,,,,,,,,,,,113.7,250,,,,,,,,,,,,,,,,,,
2026-07-03T02:01:26.821343+00:00,2026-07-03T02:01:26.821243,1,1,113.45,0.5,113.2,100,,,,,,,,,,,,,,,,,,,113.7,100,,,,,,,,,,,,,,,,,,
2026-07-03T02:01:26.877859+00:00,2026-07-03T02:01:26.877742,2,1,113.45,0.5,113.2,100,113.1,150,,,,,,,,,,,,,,,,,113.7,100,,,,,,,,,,,,,,,,,,
2026-07-03T02:01:26.932002+00:00,2026-07-03T02:01:26.931966,2,2,113.4,0.4,113.2,100,113.1,150,,,,,,,,,,,,,,,,,113.6,150,113.7,100,,,,,,,,,,,,,,,,
2026-07-03T02:01:28.069146+00:00,2026-07-03T02:01:28.069076,1,1,113.35,0.5,113.1,150,,,,,,,,,,,,,,,,,,,113.6,150,,,,,,,,,,,,,,,,,,
2026-07-03T02:01:28.117775+00:00,2026-07-03T02:01:28.117681,2,1,113.45,0.3,113.3,100,113.1,150,,,,,,,,,,,,,,,,,113.6,150,,,,,,,,,,,,,,,,,,
2026-07-03T02:01:28.171128+00:00,2026-07-03T02:01:28.171054,2,2,113.45,0.3,113.3,100,113.1,150,,,,,,,,,,,,,,,,,113.6,150,113.8,100,,,,,,,,,,,,,,,,
2026-07-03T02:01:28.758544+00:00,2026-07-03T02:01:28.757891,2,2,113.45,0.3,113.3,100,113.1,150,,,,,,,,,,,,,,,,,113.6,100,113.8,100,,,,,,,,,,,,,,,,
2026-07-03T02:01:29.987791+00:00,2026-07-03T02:01:29.987920,1,1,113.55,0.5,113.3,100,,,,,,,,,,,,,,,,,,,113.8,100,,,,,,,,,,,,,,,,,,
2026-07-03T02:01:30.043153+00:00,2026-07-03T02:01:30.043087,2,1,113.55,0.5,113.3,100,113.2,150,,,,,,,,,,,,,,,,,113.8,100,,,,,,,,,,,,,,,,,,
2026-07-03T02:01:30.095852+00:00,2026-07-03T02:01:30.095806,2,2,113.5,0.4,113.3,100,113.2,150,,,,,,,,,,,,,,,,,113.7,150,113.8,100,,,,,,,,,,,,,,,,
2026-07-03T02:01:30.707557+00:00,2026-07-03T02:01:30.707521,2,2,113.5,0.4,113.3,100,113.2,150,,,,,,,,,,,,,,,,,113.7,103,113.8,100,,,,,,,,,,,,,,,,
2026-07-03T02:01:30.865760+00:00,2026-07-03T02:01:30.865628,2,2,113.5,0.4,113.3,100,113.2,150,,,,,,,,,,,,,,,,,113.7,53,113.8,100,,,,,,,,,,,,,,,,
2026-07-03T02:01:31.223557+00:00,2026-07-03T02:01:31.223525,2,1,113.5,0.4,113.3,100,113.2,150,,,,,,,,,,,,,,,,,113.7,53,,,,,,,,,,,,,,,,,,
2026-07-03T02:01:31.228832+00:00,2026-07-03T02:01:31.228716,1,1,113.45,0.5,113.2,150,,,,,,,,,,,,,,,,,,,113.7,53,,,,,,,,,,,,,,,,,,
2026-07-03T02:01:31.277703+00:00,2026-07-03T02:01:31.277665,2,1,113.6,0.2,113.5,100,113.2,150,,,,,,,,,,,,,,,,,113.7,53,,,,,,,,,,,,,,,,,,
2026-07-03T02:01:31.333177+00:00,2026-07-03T02:01:31.333058,2,2,113.6,0.2,113.5,100,113.2,150,,,,,,,,,,,,,,,,,113.7,53,114.0,100,,,,,,,,,,,,,,,,
2026-07-03T02:01:31.743221+00:00,2026-07-03T02:01:31.743158,2,2,113.6,0.2,113.5,52,113.2,150,,,,,,,,,,,,,,,,,113.7,53,114.0,100,,,,,,,,,,,,,,,,
2026-07-03T02:01:33.151008+00:00,2026-07-03T02:01:33.151188,1,1,113.75,0.5,113.5,52,,,,,,,,,,,,,,,,,,,114.0,100,,,,,,,,,,,,,,,,,,
2026-07-03T02:01:33.206513+00:00,2026-07-03T02:01:33.206403,2,1,113.85,0.3,113.7,150,113.5,52,,,,,,,,,,,,,,,,,114.0,100,,,,,,,,,,,,,,,,,,
2026-07-03T02:01:33.258563+00:00,2026-07-03T02:01:33.257826,2,2,113.85,0.3,113.7,150,113.5,52,,,,,,,,,,,,,,,,,114.0,100,114.2,150,,,,,,,,,,,,,,,,
2026-07-03T02:01:34.388960+00:00,2026-07-03T02:01:34.388924,1,1,113.95,0.5,113.7,150,,,,,,,,,,,,,,,,,,,114.2,150,,,,,,,,,,,,,,,,,,
2026-07-03T02:01:34.444745+00:00,2026-07-03T02:01:34.444635,2,1,113.95,0.5,113.7,150,113.1,100,,,,,,,,,,,,,,,,,114.2,150,,,,,,,,,,,,,,,,,,
2026-07-03T02:01:34.497044+00:00,2026-07-03T02:01:34.497179,2,1,113.95,0.5,113.7,50,113.1,100,,,,,,,,,,,,,,,,,114.2,150,,,,,,,,,,,,,,,,,,
2026-07-03T02:01:36.315731+00:00,2026-07-03T02:01:36.315631,1,0,,,113.1,100,,,,,,,,,,,,,,,,,,,,,,,,,,,,,,,,,,,,,,
2026-07-03T02:01:36.370270+00:00,2026-07-03T02:01:36.370213,2,0,,,113.6,150,113.1,100,,,,,,,,,,,,,,,,,,,,,,,,,,,,,,,,,,,,
2026-07-03T02:01:36.421382+00:00,2026-07-03T02:01:36.421353,2,1,113.85,0.5,113.6,150,113.1,100,,,,,,,,,,,,,,,,,114.1,150,,,,,,,,,,,,,,,,,,
2026-07-03T02:01:37.234840+00:00,2026-07-03T02:01:37.234778,2,1,113.85,0.5,113.6,100,113.1,100,,,,,,,,,,,,,,,,,114.1,150,,,,,,,,,,,,,,,,,,
2026-07-03T02:01:37.548861+00:00,2026-07-03T02:01:37.548738,1,1,113.85,0.5,113.6,100,,,,,,,,,,,,,,,,,,,114.1,150,,,,,,,,,,,,,,,,,,
2026-07-03T02:01:37.604449+00:00,2026-07-03T02:01:37.604621,1,1,113.85,0.5,113.6,200,,,,,,,,,,,,,,,,,,,114.1,150,,,,,,,,,,,,,,,,,,
2026-07-03T02:01:37.658693+00:00,2026-07-03T02:01:37.655020,1,1,113.85,0.5,113.6,200,,,,,,,,,,,,,,,,,,,114.1,250,,,,,,,,,,,,,,,,,,
2026-07-03T02:01:38.749571+00:00,2026-07-03T02:01:38.749666,1,1,113.85,0.5,113.6,156,,,,,,,,,,,,,,,,,,,114.1,250,,,,,,,,,,,,,,,,,,
2026-07-03T02:01:39.476112+00:00,2026-07-03T02:01:39.475977,1,1,113.85,0.5,113.6,100,,,,,,,,,,,,,,,,,,,114.1,100,,,,,,,,,,,,,,,,,,
2026-07-03T02:01:39.547132+00:00,2026-07-03T02:01:39.547027,2,1,113.85,0.5,113.6,100,113.2,150,,,,,,,,,,,,,,,,,114.1,100,,,,,,,,,,,,,,,,,,
2026-07-03T02:01:39.616577+00:00,2026-07-03T02:01:39.616380,2,2,113.65,0.1,113.6,100,113.2,150,,,,,,,,,,,,,,,,,113.7,150,114.1,100,,,,,,,,,,,,,,,,
2026-07-03T02:01:40.715663+00:00,2026-07-03T02:01:40.715590,1,1,113.45,0.5,113.2,150,,,,,,,,,,,,,,,,,,,113.7,150,,,,,,,,,,,,,,,,,,
2026-07-03T02:01:40.770537+00:00,2026-07-03T02:01:40.770441,2,1,113.6,0.2,113.5,100,113.2,150,,,,,,,,,,,,,,,,,113.7,150,,,,,,,,,,,,,,,,,,
2026-07-03T02:01:40.823628+00:00,2026-07-03T02:01:40.823526,2,2,113.6,0.2,113.5,100,113.2,150,,,,,,,,,,,,,,,,,113.7,150,114.0,100,,,,,,,,,,,,,,,,
2026-07-03T02:01:41.282941+00:00,2026-07-03T02:01:41.282828,2,2,113.6,0.2,113.5,57,113.2,150,,,,,,,,,,,,,,,,,113.7,150,114.0,100,,,,,,,,,,,,,,,,
2026-07-03T02:01:41.446172+00:00,2026-07-03T02:01:41.446092,2,2,113.6,0.2,113.5,7,113.2,150,,,,,,,,,,,,,,,,,113.7,150,114.0,100,,,,,,,,,,,,,,,,
2026-07-03T02:01:42.670390+00:00,2026-07-03T02:01:42.670282,1,1,113.75,0.5,113.5,7,,,,,,,,,,,,,,,,,,,114.0,100,,,,,,,,,,,,,,,,,,
2026-07-03T02:01:42.722762+00:00,2026-07-03T02:01:42.722699,2,1,113.75,0.5,113.5,7,113.1,150,,,,,,,,,,,,,,,,,114.0,100,,,,,,,,,,,,,,,,,,
2026-07-03T02:01:42.777565+00:00,2026-07-03T02:01:42.777424,2,2,113.55,0.1,113.5,7,113.1,150,,,,,,,,,,,,,,,,,113.6,150,114.0,100,,,,,,,,,,,,,,,,
2026-07-03T02:01:43.265364+00:00,2026-07-03T02:01:43.265224,2,2,113.55,0.1,113.5,7,113.1,150,,,,,,,,,,,,,,,,,113.6,106,114.0,100,,,,,,,,,,,,,,,,
2026-07-03T02:01:43.558690+00:00,2026-07-03T02:01:43.549923,1,2,113.35,0.5,113.1,107,,,,,,,,,,,,,,,,,,,113.6,106,114.0,100,,,,,,,,,,,,,,,,
2026-07-03T02:01:43.877308+00:00,2026-07-03T02:01:43.877219,1,1,113.35,0.5,113.1,107,,,,,,,,,,,,,,,,,,,113.6,106,,,,,,,,,,,,,,,,,,
2026-07-03T02:01:43.930094+00:00,2026-07-03T02:01:43.930192,2,1,113.45,0.3,113.3,100,113.1,107,,,,,,,,,,,,,,,,,113.6,106,,,,,,,,,,,,,,,,,,
2026-07-03T02:01:43.982983+00:00,2026-07-03T02:01:43.982946,2,2,113.45,0.3,113.3,100,113.1,107,,,,,,,,,,,,,,,,,113.6,106,113.8,100,,,,,,,,,,,,,,,,
2026-07-03T02:01:45.669131+00:00,2026-07-03T02:01:45.669061,2,2,113.45,0.3,113.3,50,113.1,107,,,,,,,,,,,,,,,,,113.6,106,113.8,100,,,,,,,,,,,,,,,,
2026-07-03T02:01:45.834492+00:00,2026-07-03T02:01:45.834391,1,1,113.55,0.5,113.3,50,,,,,,,,,,,,,,,,,,,113.8,100,,,,,,,,,,,,,,,,,,
2026-07-03T02:01:45.887503+00:00,2026-07-03T02:01:45.887449,2,1,113.55,0.5,113.3,50,113.2,150,,,,,,,,,,,,,,,,,113.8,100,,,,,,,,,,,,,,,,,,
2026-07-03T02:01:45.936716+00:00,2026-07-03T02:01:45.936659,2,2,113.5,0.4,113.3,50,113.2,150,,,,,,,,,,,,,,,,,113.7,150,113.8,100,,,,,,,,,,,,,,,,
2026-07-03T02:01:47.037439+00:00,2026-07-03T02:01:47.037300,1,1,113.45,0.5,113.2,150,,,,,,,,,,,,,,,,,,,113.7,150,,,,,,,,,,,,,,,,,,
2026-07-03T02:01:47.092053+00:00,2026-07-03T02:01:47.091922,2,1,113.45,0.5,113.2,150,113.1,100,,,,,,,,,,,,,,,,,113.7,150,,,,,,,,,,,,,,,,,,
2026-07-03T02:01:47.144600+00:00,2026-07-03T02:01:47.144702,2,2,113.4,0.4,113.2,150,113.1,100,,,,,,,,,,,,,,,,,113.6,100,113.7,150,,,,,,,,,,,,,,,,
2026-07-03T02:01:47.564451+00:00,2026-07-03T02:01:47.564393,2,2,113.4,0.4,113.2,150,113.1,100,,,,,,,,,,,,,,,,,113.6,52,113.7,150,,,,,,,,,,,,,,,,
2026-07-03T02:01:47.640511+00:00,2026-07-03T02:01:47.633592,2,2,113.4,0.4,113.2,150,113.1,100,,,,,,,,,,,,,,,,,113.6,49,113.7,150,,,,,,,,,,,,,,,,
2026-07-03T02:01:47.721971+00:00,2026-07-03T02:01:47.722151,2,1,113.45,0.5,113.2,150,113.1,100,,,,,,,,,,,,,,,,,113.7,150,,,,,,,,,,,,,,,,,,
2026-07-03T02:01:48.064086+00:00,2026-07-03T02:01:48.063930,2,1,113.45,0.5,113.2,109,113.1,100,,,,,,,,,,,,,,,,,113.7,150,,,,,,,,,,,,,,,,,,
2026-07-03T02:01:48.707079+00:00,2026-07-03T02:01:48.706945,2,1,113.45,0.5,113.2,109,113.1,100,,,,,,,,,,,,,,,,,113.7,109,,,,,,,,,,,,,,,,,,
2026-07-03T02:01:48.992770+00:00,2026-07-03T02:01:48.992748,1,0,,,113.1,100,,,,,,,,,,,,,,,,,,,,,,,,,,,,,,,,,,,,,,
2026-07-03T02:01:49.045869+00:00,2026-07-03T02:01:49.045827,1,0,,,113.1,250,,,,,,,,,,,,,,,,,,,,,,,,,,,,,,,,,,,,,,
2026-07-03T02:01:49.099128+00:00,2026-07-03T02:01:49.099041,1,1,113.35,0.5,113.1,250,,,,,,,,,,,,,,,,,,,113.6,150,,,,,,,,,,,,,,,,,,
2026-07-03T02:01:50.198966+00:00,2026-07-03T02:01:50.199052,1,1,113.35,0.5,113.1,150,,,,,,,,,,,,,,,,,,,113.6,150,,,,,,,,,,,,,,,,,,
2026-07-03T02:01:50.264110+00:00,2026-07-03T02:01:50.264025,2,1,113.45,0.3,113.3,100,113.1,150,,,,,,,,,,,,,,,,,113.6,150,,,,,,,,,,,,,,,,,,
2026-07-03T02:01:50.312613+00:00,2026-07-03T02:01:50.312745,2,2,113.45,0.3,113.3,100,113.1,150,,,,,,,,,,,,,,,,,113.6,150,113.8,100,,,,,,,,,,,,,,,,
2026-07-03T02:01:50.508851+00:00,2026-07-03T02:01:50.508782,2,2,113.45,0.3,113.3,53,113.1,150,,,,,,,,,,,,,,,,,113.6,150,113.8,100,,,,,,,,,,,,,,,,
2026-07-03T02:01:51.988839+00:00,2026-07-03T02:01:51.988785,2,2,113.45,0.3,113.3,3,113.1,150,,,,,,,,,,,,,,,,,113.6,150,113.8,100,,,,,,,,,,,,,,,,
2026-07-03T02:01:52.154557+00:00,2026-07-03T02:01:52.154476,1,1,113.55,0.5,113.3,3,,,,,,,,,,,,,,,,,,,113.8,100,,,,,,,,,,,,,,,,,,
2026-07-03T02:01:52.207614+00:00,2026-07-03T02:01:52.207746,2,1,113.55,0.5,113.3,3,113.0,150,,,,,,,,,,,,,,,,,113.8,100,,,,,,,,,,,,,,,,,,
2026-07-03T02:01:52.280099+00:00,2026-07-03T02:01:52.279956,2,2,113.4,0.2,113.3,3,113.0,150,,,,,,,,,,,,,,,,,113.5,150,113.8,100,,,,,,,,,,,,,,,,
2026-07-03T02:01:53.366191+00:00,2026-07-03T02:01:53.366100,1,1,113.25,0.5,113.0,150,,,,,,,,,,,,,,,,,,,113.5,150,,,,,,,,,,,,,,,,,,
2026-07-03T02:01:53.420985+00:00,2026-07-03T02:01:53.420956,2,1,113.3,0.4,113.1,100,113.0,150,,,,,,,,,,,,,,,,,113.5,150,,,,,,,,,,,,,,,,,,
2026-07-03T02:01:53.469474+00:00,2026-07-03T02:01:53.469356,2,2,113.3,0.4,113.1,100,113.0,150,,,,,,,,,,,,,,,,,113.5,150,113.6,100,,,,,,,,,,,,,,,,
2026-07-03T02:01:54.113839+00:00,2026-07-03T02:01:54.113776,2,2,113.3,0.4,113.1,50,113.0,150,,,,,,,,,,,,,,,,,113.5,150,113.6,100,,,,,,,,,,,,,,,,
2026-07-03T02:01:55.333341+00:00,2026-07-03T02:01:55.333244,1,1,113.35,0.5,113.1,50,,,,,,,,,,,,,,,,,,,113.6,100,,,,,,,,,,,,,,,,,,
2026-07-03T02:01:55.389013+00:00,2026-07-03T02:01:55.388968,2,1,113.35,0.5,113.1,50,112.8,150,,,,,,,,,,,,,,,,,113.6,100,,,,,,,,,,,,,,,,,,
2026-07-03T02:01:55.442220+00:00,2026-07-03T02:01:55.442169,2,2,113.2,0.2,113.1,50,112.8,150,,,,,,,,,,,,,,,,,113.3,150,113.6,100,,,,,,,,,,,,,,,,
2026-07-03T02:01:55.958565+00:00,2026-07-03T02:01:55.957900,2,2,113.2,0.2,113.1,10,112.8,150,,,,,,,,,,,,,,,,,113.3,150,113.6,100,,,,,,,,,,,,,,,,
2026-07-03T02:01:56.529174+00:00,2026-07-03T02:01:56.529012,1,1,113.05,0.5,112.8,150,,,,,,,,,,,,,,,,,,,113.3,150,,,,,,,,,,,,,,,,,,
2026-07-03T02:01:56.582870+00:00,2026-07-03T02:01:56.582814,2,1,113.05,0.5,112.8,150,112.5,100,,,,,,,,,,,,,,,,,113.3,150,,,,,,,,,,,,,,,,,,
2026-07-03T02:01:56.652035+00:00,2026-07-03T02:01:56.645095,2,2,112.9,0.2,112.8,150,112.5,100,,,,,,,,,,,,,,,,,113.0,89,113.3,150,,,,,,,,,,,,,,,,
2026-07-03T02:01:56.958642+00:00,2026-07-03T02:01:56.957440,2,2,112.9,0.2,112.8,150,112.5,100,,,,,,,,,,,,,,,,,113.0,48,113.3,150,,,,,,,,,,,,,,,,
2026-07-03T02:01:58.325785+00:00,2026-07-03T02:01:58.325612,2,2,112.9,0.2,112.8,100,112.5,100,,,,,,,,,,,,,,,,,113.0,48,113.3,150,,,,,,,,,,,,,,,,
2026-07-03T02:01:58.494755+00:00,2026-07-03T02:01:58.494653,1,1,112.75,0.5,112.5,100,,,,,,,,,,,,,,,,,,,113.0,48,,,,,,,,,,,,,,,,,,
2026-07-03T02:01:58.551188+00:00,2026-07-03T02:01:58.551255,1,1,112.75,0.5,112.5,250,,,,,,,,,,,,,,,,,,,113.0,48,,,,,,,,,,,,,,,,,,
2026-07-03T02:01:58.602797+00:00,2026-07-03T02:01:58.602720,1,1,112.75,0.5,112.5,250,,,,,,,,,,,,,,,,,,,113.0,198,,,,,,,,,,,,,,,,,,
2026-07-03T02:01:59.090782+00:00,2026-07-03T02:01:59.090959,1,1,112.75,0.5,112.5,250,,,,,,,,,,,,,,,,,,,113.0,153,,,,,,,,,,,,,,,,,,
2026-07-03T02:01:59.692323+00:00,2026-07-03T02:01:59.692278,1,1,112.75,0.5,112.5,150,,,,,,,,,,,,,,,,,,,113.0,150,,,,,,,,,,,,,,,,,,
2026-07-03T02:01:59.746331+00:00,2026-07-03T02:01:59.746261,2,1,112.9,0.2,112.8,100,112.5,150,,,,,,,,,,,,,,,,,113.0,150,,,,,,,,,,,,,,,,,,
2026-07-03T02:01:59.799445+00:00,2026-07-03T02:01:59.799223,2,2,112.9,0.2,112.8,100,112.5,150,,,,,,,,,,,,,,,,,113.0,150,113.3,100,,,,,,,,,,,,,,,,
2026-07-03T02:02:00.385210+00:00,2026-07-03T02:02:00.385097,2,2,112.9,0.2,112.8,100,112.5,150,,,,,,,,,,,,,,,,,113.0,100,113.3,100,,,,,,,,,,,,,,,,
2026-07-03T02:02:00.628255+00:00,2026-07-03T02:02:00.628119,2,2,112.9,0.2,112.8,57,112.5,150,,,,,,,,,,,,,,,,,113.0,100,113.3,100,,,,,,,,,,,,,,,,
2026-07-03T02:02:00.740340+00:00,2026-07-03T02:02:00.728994,2,2,112.9,0.2,112.8,57,112.5,150,,,,,,,,,,,,,,,,,113.0,88,113.3,100,,,,,,,,,,,,,,,,
2026-07-03T02:02:00.785787+00:00,2026-07-03T02:02:00.778097,2,2,112.9,0.2,112.8,57,112.5,150,,,,,,,,,,,,,,,,,113.0,77,113.3,100,,,,,,,,,,,,,,,,
2026-07-03T02:02:01.658615+00:00,2026-07-03T02:02:01.653587,1,1,113.05,0.5,112.8,57,,,,,,,,,,,,,,,,,,,113.3,100,,,,,,,,,,,,,,,,,,
2026-07-03T02:02:01.691395+00:00,2026-07-03T02:02:01.691512,1,1,113.05,0.5,112.8,57,,,,,,,,,,,,,,,,,,,113.3,55,,,,,,,,,,,,,,,,,,
2026-07-03T02:02:01.713755+00:00,2026-07-03T02:02:01.713676,2,1,113.2,0.2,113.1,150,112.8,57,,,,,,,,,,,,,,,,,113.3,55,,,,,,,,,,,,,,,,,,
2026-07-03T02:02:01.765833+00:00,2026-07-03T02:02:01.765908,2,2,113.2,0.2,113.1,150,112.8,57,,,,,,,,,,,,,,,,,113.3,55,113.6,150,,,,,,,,,,,,,,,,
2026-07-03T02:02:02.493245+00:00,2026-07-03T02:02:02.493145,2,2,113.2,0.2,113.1,150,112.8,57,,,,,,,,,,,,,,,,,113.3,5,113.6,150,,,,,,,,,,,,,,,,
2026-07-03T02:02:02.828829+00:00,2026-07-03T02:02:02.828747,2,1,113.35,0.5,113.1,150,112.8,57,,,,,,,,,,,,,,,,,113.6,106,,,,,,,,,,,,,,,,,,
2026-07-03T02:02:02.849340+00:00,2026-07-03T02:02:02.849181,1,1,113.35,0.5,113.1,150,,,,,,,,,,,,,,,,,,,113.6,106,,,,,,,,,,,,,,,,,,
2026-07-03T02:02:02.907200+00:00,2026-07-03T02:02:02.907101,2,1,113.4,0.4,113.2,100,113.1,150,,,,,,,,,,,,,,,,,113.6,106,,,,,,,,,,,,,,,,,,
2026-07-03T02:02:02.958984+00:00,2026-07-03T02:02:02.958860,2,2,113.4,0.4,113.2,100,113.1,150,,,,,,,,,,,,,,,,,113.6,106,113.7,100,,,,,,,,,,,,,,,,
2026-07-03T02:02:03.852461+00:00,2026-07-03T02:02:03.852351,2,2,113.4,0.4,113.2,52,113.1,150,,,,,,,,,,,,,,,,,113.6,106,113.7,100,,,,,,,,,,,,,,,,
2026-07-03T02:02:04.599197+00:00,2026-07-03T02:02:04.599153,2,2,113.4,0.4,113.2,52,113.1,150,,,,,,,,,,,,,,,,,113.6,56,113.7,100,,,,,,,,,,,,,,,,
2026-07-03T02:02:04.819895+00:00,2026-07-03T02:02:04.819792,1,1,113.45,0.5,113.2,52,,,,,,,,,,,,,,,,,,,113.7,100,,,,,,,,,,,,,,,,,,
2026-07-03T02:02:04.874117+00:00,2026-07-03T02:02:04.874240,2,1,113.65,0.1,113.6,150,113.2,52,,,,,,,,,,,,,,,,,113.7,100,,,,,,,,,,,,,,,,,,
2026-07-03T02:02:04.885191+00:00,2026-07-03T02:02:04.878134,2,1,113.65,0.1,113.6,116,113.2,52,,,,,,,,,,,,,,,,,113.7,100,,,,,,,,,,,,,,,,,,
2026-07-03T02:02:04.927351+00:00,2026-07-03T02:02:04.927232,2,2,113.65,0.1,113.6,116,113.2,52,,,,,,,,,,,,,,,,,113.7,100,114.1,150,,,,,,,,,,,,,,,,
2026-07-03T02:02:05.329180+00:00,2026-07-03T02:02:05.329101,2,2,113.65,0.1,113.6,116,113.2,52,,,,,,,,,,,,,,,,,113.7,60,114.1,150,,,,,,,,,,,,,,,,
2026-07-03T02:02:06.014092+00:00,2026-07-03T02:02:06.013991,1,1,113.85,0.5,113.6,116,,,,,,,,,,,,,,,,,,,114.1,150,,,,,,,,,,,,,,,,,,
2026-07-03T02:02:06.069390+00:00,2026-07-03T02:02:06.069278,2,1,113.85,0.5,113.6,116,113.4,100,,,,,,,,,,,,,,,,,114.1,150,,,,,,,,,,,,,,,,,,
2026-07-03T02:02:06.126038+00:00,2026-07-03T02:02:06.125952,2,2,113.75,0.3,113.6,116,113.4,100,,,,,,,,,,,,,,,,,113.9,100,114.1,150,,,,,,,,,,,,,,,,
2026-07-03T02:02:06.704671+00:00,2026-07-03T02:02:06.704547,2,2,113.75,0.3,113.6,116,113.4,100,,,,,,,,,,,,,,,,,113.9,50,114.1,150,,,,,,,,,,,,,,,,
2026-07-03T02:02:07.979520+00:00,2026-07-03T02:02:07.979421,1,1,113.65,0.5,113.4,100,,,,,,,,,,,,,,,,,,,113.9,50,,,,,,,,,,,,,,,,,,
2026-07-03T02:02:08.032935+00:00,2026-07-03T02:02:08.032881,2,1,113.8,0.2,113.7,150,113.4,100,,,,,,,,,,,,,,,,,113.9,50,,,,,,,,,,,,,,,,,,
2026-07-03T02:02:08.086107+00:00,2026-07-03T02:02:08.086025,2,2,113.8,0.2,113.7,150,113.4,100,,,,,,,,,,,,,,,,,113.9,50,114.2,150,,,,,,,,,,,,,,,,
2026-07-03T02:02:08.829451+00:00,2026-07-03T02:02:08.829321,2,1,113.95,0.5,113.7,150,113.4,100,,,,,,,,,,,,,,,,,114.2,150,,,,,,,,,,,,,,,,,,
2026-07-03T02:02:09.188310+00:00,2026-07-03T02:02:09.188268,1,1,113.95,0.5,113.7,150,,,,,,,,,,,,,,,,,,,114.2,150,,,,,,,,,,,,,,,,,,
2026-07-03T02:02:09.247413+00:00,2026-07-03T02:02:09.247257,2,1,113.95,0.5,113.7,150,113.5,100,,,,,,,,,,,,,,,,,114.2,150,,,,,,,,,,,,,,,,,,
2026-07-03T02:02:09.300513+00:00,2026-07-03T02:02:09.300587,2,2,113.85,0.3,113.7,150,113.5,100,,,,,,,,,,,,,,,,,114.0,100,114.2,150,,,,,,,,,,,,,,,,
2026-07-03T02:02:10.934648+00:00,2026-07-03T02:02:10.934561,2,2,113.85,0.3,113.7,150,113.5,100,,,,,,,,,,,,,,,,,114.0,50,114.2,150,,,,,,,,,,,,,,,,
2026-07-03T02:02:11.142136+00:00,2026-07-03T02:02:11.142012,1,1,113.75,0.5,113.5,100,,,,,,,,,,,,,,,,,,,114.0,50,,,,,,,,,,,,,,,,,,
2026-07-03T02:02:11.197436+00:00,2026-07-03T02:02:11.197314,2,1,113.8,0.4,113.6,150,113.5,100,,,,,,,,,,,,,,,,,114.0,50,,,,,,,,,,,,,,,,,,
2026-07-03T02:02:11.258660+00:00,2026-07-03T02:02:11.246421,2,2,113.8,0.4,113.6,150,113.5,100,,,,,,,,,,,,,,,,,114.0,50,114.1,150,,,,,,,,,,,,,,,,
2026-07-03T02:02:12.358652+00:00,2026-07-03T02:02:12.356326,1,1,113.85,0.5,113.6,150,,,,,,,,,,,,,,,,,,,114.1,150,,,,,,,,,,,,,,,,,,
2026-07-03T02:02:12.421989+00:00,2026-07-03T02:02:12.415443,2,1,113.95,0.3,113.8,97,113.6,150,,,,,,,,,,,,,,,,,114.1,150,,,,,,,,,,,,,,,,,,
2026-07-03T02:02:12.465037+00:00,2026-07-03T02:02:12.464988,2,2,113.95,0.3,113.8,97,113.6,150,,,,,,,,,,,,,,,,,114.1,150,114.3,100,,,,,,,,,,,,,,,,
2026-07-03T02:02:12.581287+00:00,2026-07-03T02:02:12.581221,2,2,113.95,0.3,113.8,48,113.6,150,,,,,,,,,,,,,,,,,114.1,150,114.3,100,,,,,,,,,,,,,,,,
2026-07-03T02:02:13.070797+00:00,2026-07-03T02:02:13.070721,2,2,113.95,0.3,113.8,48,113.6,150,,,,,,,,,,,,,,,,,114.1,100,114.3,100,,,,,,,,,,,,,,,,
2026-07-03T02:02:13.704578+00:00,2026-07-03T02:02:13.704483,2,2,113.95,0.3,113.8,8,113.6,150,,,,,,,,,,,,,,,,,114.1,100,114.3,100,,,,,,,,,,,,,,,,
2026-07-03T02:02:14.304487+00:00,2026-07-03T02:02:14.304586,1,1,114.05,0.5,113.8,8,,,,,,,,,,,,,,,,,,,114.3,100,,,,,,,,,,,,,,,,,,
2026-07-03T02:02:14.359556+00:00,2026-07-03T02:02:14.359635,2,1,114.05,0.5,113.8,8,113.7,150,,,,,,,,,,,,,,,,,114.3,100,,,,,,,,,,,,,,,,,,
2026-07-03T02:02:14.413137+00:00,2026-07-03T02:02:14.413021,2,2,114.0,0.4,113.8,8,113.7,150,,,,,,,,,,,,,,,,,114.2,150,114.3,100,,,,,,,,,,,,,,,,
2026-07-03T02:02:15.179412+00:00,2026-07-03T02:02:15.179363,2,2,114.0,0.4,113.8,8,113.7,150,,,,,,,,,,,,,,,,,114.2,100,114.3,100,,,,,,,,,,,,,,,,
2026-07-03T02:02:15.517287+00:00,2026-07-03T02:02:15.517166,1,1,113.95,0.5,113.7,150,,,,,,,,,,,,,,,,,,,114.2,100,,,,,,,,,,,,,,,,,,
2026-07-03T02:02:15.571828+00:00,2026-07-03T02:02:15.571936,2,1,113.95,0.5,113.7,150,113.3,100,,,,,,,,,,,,,,,,,114.2,100,,,,,,,,,,,,,,,,,,
2026-07-03T02:02:15.625065+00:00,2026-07-03T02:02:15.624990,2,2,113.75,0.1,113.7,150,113.3,100,,,,,,,,,,,,,,,,,113.8,100,114.2,100,,,,,,,,,,,,,,,,
2026-07-03T02:02:16.674242+00:00,2026-07-03T02:02:16.674189,2,2,113.75,0.1,113.7,104,113.3,100,,,,,,,,,,,,,,,,,113.8,100,114.2,100,,,,,,,,,,,,,,,,
2026-07-03T02:02:17.358747+00:00,2026-07-03T02:02:17.279523,2,2,113.75,0.1,113.7,104,113.3,100,,,,,,,,,,,,,,,,,113.8,50,114.2,100,,,,,,,,,,,,,,,,
2026-07-03T02:02:17.458628+00:00,2026-07-03T02:02:17.458057,1,1,113.55,0.5,113.3,100,,,,,,,,,,,,,,,,,,,113.8,50,,,,,,,,,,,,,,,,,,
2026-07-03T02:02:17.525194+00:00,2026-07-03T02:02:17.525113,2,1,113.65,0.3,113.5,150,113.3,100,,,,,,,,,,,,,,,,,113.8,50,,,,,,,,,,,,,,,,,,
2026-07-03T02:02:17.580773+00:00,2026-07-03T02:02:17.580676,2,2,113.65,0.3,113.5,150,113.3,100,,,,,,,,,,,,,,,,,113.8,50,114.0,150,,,,,,,,,,,,,,,,
2026-07-03T02:02:18.677938+00:00,2026-07-03T02:02:18.677857,1,1,113.75,0.5,113.5,150,,,,,,,,,,,,,,,,,,,114.0,150,,,,,,,,,,,,,,,,,,
2026-07-03T02:02:18.733037+00:00,2026-07-03T02:02:18.732973,2,1,113.8,0.4,113.6,100,113.5,150,,,,,,,,,,,,,,,,,114.0,150,,,,,,,,,,,,,,,,,,
2026-07-03T02:02:18.786252+00:00,2026-07-03T02:02:18.786173,2,2,113.8,0.4,113.6,100,113.5,150,,,,,,,,,,,,,,,,,114.0,150,114.1,100,,,,,,,,,,,,,,,,
2026-07-03T02:02:19.394959+00:00,2026-07-03T02:02:19.394885,2,2,113.8,0.4,113.6,100,113.5,150,,,,,,,,,,,,,,,,,114.0,100,114.1,100,,,,,,,,,,,,,,,,
2026-07-03T02:02:20.639506+00:00,2026-07-03T02:02:20.639421,1,1,113.85,0.5,113.6,100,,,,,,,,,,,,,,,,,,,114.1,100,,,,,,,,,,,,,,,,,,
2026-07-03T02:02:20.711586+00:00,2026-07-03T02:02:20.711356,2,1,113.85,0.5,113.6,100,113.5,150,,,,,,,,,,,,,,,,,114.1,100,,,,,,,,,,,,,,,,,,
2026-07-03T02:02:20.758579+00:00,2026-07-03T02:02:20.756906,2,2,113.8,0.4,113.6,100,113.5,150,,,,,,,,,,,,,,,,,114.0,150,114.1,100,,,,,,,,,,,,,,,,
2026-07-03T02:02:21.501224+00:00,2026-07-03T02:02:21.501175,2,2,113.8,0.4,113.6,100,113.5,150,,,,,,,,,,,,,,,,,114.0,100,114.1,100,,,,,,,,,,,,,,,,
2026-07-03T02:02:21.835159+00:00,2026-07-03T02:02:21.835033,2,1,113.8,0.4,113.6,100,113.5,150,,,,,,,,,,,,,,,,,114.0,100,,,,,,,,,,,,,,,,,,
2026-07-03T02:02:21.840262+00:00,2026-07-03T02:02:21.840210,1,1,113.75,0.5,113.5,150,,,,,,,,,,,,,,,,,,,114.0,100,,,,,,,,,,,,,,,,,,
2026-07-03T02:02:21.912885+00:00,2026-07-03T02:02:21.912838,2,1,113.8,0.4,113.6,100,113.5,150,,,,,,,,,,,,,,,,,114.0,100,,,,,,,,,,,,,,,,,,
2026-07-03T02:02:21.969952+00:00,2026-07-03T02:02:21.969854,2,2,113.8,0.4,113.6,100,113.5,150,,,,,,,,,,,,,,,,,114.0,100,114.1,100,,,,,,,,,,,,,,,,
2026-07-03T02:02:23.609970+00:00,2026-07-03T02:02:23.609822,2,2,113.8,0.4,113.6,100,113.5,150,,,,,,,,,,,,,,,,,114.0,50,114.1,100,,,,,,,,,,,,,,,,
2026-07-03T02:02:23.815677+00:00,2026-07-03T02:02:23.815564,1,1,113.85,0.5,113.6,100,,,,,,,,,,,,,,,,,,,114.1,100,,,,,,,,,,,,,,,,,,
2026-07-03T02:02:23.865292+00:00,2026-07-03T02:02:23.865257,2,1,114.05,0.1,114.0,150,113.6,100,,,,,,,,,,,,,,,,,114.1,100,,,,,,,,,,,,,,,,,,
2026-07-03T02:02:23.878878+00:00,2026-07-03T02:02:23.869330,2,1,114.05,0.1,114.0,113,113.6,100,,,,,,,,,,,,,,,,,114.1,100,,,,,,,,,,,,,,,,,,
2026-07-03T02:02:23.894414+00:00,2026-07-03T02:02:23.894344,2,1,114.05,0.1,114.0,91,113.6,100,,,,,,,,,,,,,,,,,114.1,100,,,,,,,,,,,,,,,,,,
2026-07-03T02:02:23.915870+00:00,2026-07-03T02:02:23.915753,2,2,114.05,0.1,114.0,91,113.6,100,,,,,,,,,,,,,,,,,114.1,100,114.5,150,,,,,,,,,,,,,,,,
2026-07-03T02:02:23.985578+00:00,2026-07-03T02:02:23.985505,2,2,114.05,0.1,114.0,66,113.6,100,,,,,,,,,,,,,,,,,114.1,100,114.5,150,,,,,,,,,,,,,,,,
2026-07-03T02:02:24.012419+00:00,2026-07-03T02:02:24.012338,2,2,114.05,0.1,114.0,23,113.6,100,,,,,,,,,,,,,,,,,114.1,100,114.5,150,,,,,,,,,,,,,,,,
2026-07-03T02:02:24.195369+00:00,2026-07-03T02:02:24.195255,1,2,113.85,0.5,113.6,100,,,,,,,,,,,,,,,,,,,114.1,100,114.5,150,,,,,,,,,,,,,,,,
2026-07-03T02:02:24.205578+00:00,2026-07-03T02:02:24.205693,1,2,113.85,0.5,113.6,98,,,,,,,,,,,,,,,,,,,114.1,100,114.5,150,,,,,,,,,,,,,,,,
2026-07-03T02:02:25.024416+00:00,2026-07-03T02:02:25.024297,0,1,,,,,,,,,,,,,,,,,,,,,,,114.5,150,,,,,,,,,,,,,,,,,,
2026-07-03T02:02:25.077458+00:00,2026-07-03T02:02:25.077375,1,1,114.0,1.0,113.5,100,,,,,,,,,,,,,,,,,,,114.5,150,,,,,,,,,,,,,,,,,,
2026-07-03T02:02:25.130898+00:00,2026-07-03T02:02:25.130816,1,2,113.75,0.5,113.5,100,,,,,,,,,,,,,,,,,,,114.0,100,114.5,150,,,,,,,,,,,,,,,,
2026-07-03T02:02:25.666770+00:00,2026-07-03T02:02:25.661570,1,2,113.75,0.5,113.5,100,,,,,,,,,,,,,,,,,,,114.0,89,114.5,150,,,,,,,,,,,,,,,,
2026-07-03T02:02:25.765164+00:00,2026-07-03T02:02:25.765058,1,2,113.75,0.5,113.5,50,,,,,,,,,,,,,,,,,,,114.0,89,114.5,150,,,,,,,,,,,,,,,,
2026-07-03T02:02:26.974158+00:00,2026-07-03T02:02:26.974119,1,1,113.75,0.5,113.5,50,,,,,,,,,,,,,,,,,,,114.0,89,,,,,,,,,,,,,,,,,,
2026-07-03T02:02:27.028544+00:00,2026-07-03T02:02:27.028405,2,1,113.8,0.4,113.6,150,113.5,50,,,,,,,,,,,,,,,,,114.0,89,,,,,,,,,,,,,,,,,,
2026-07-03T02:02:27.080781+00:00,2026-07-03T02:02:27.080656,2,2,113.8,0.4,113.6,150,113.5,50,,,,,,,,,,,,,,,,,114.0,89,114.1,150,,,,,,,,,,,,,,,,
2026-07-03T02:02:27.873323+00:00,2026-07-03T02:02:27.873222,2,2,113.8,0.4,113.6,100,113.5,50,,,,,,,,,,,,,,,,,114.0,89,114.1,150,,,,,,,,,,,,,,,,
2026-07-03T02:02:28.184348+00:00,2026-07-03T02:02:28.184474,1,1,113.85,0.5,113.6,100,,,,,,,,,,,,,,,,,,,114.1,150,,,,,,,,,,,,,,,,,,
2026-07-03T02:02:28.237712+00:00,2026-07-03T02:02:28.237585,2,1,113.85,0.5,113.6,100,113.3,100,,,,,,,,,,,,,,,,,114.1,150,,,,,,,,,,,,,,,,,,
2026-07-03T02:02:28.287338+00:00,2026-07-03T02:02:28.287466,2,2,113.7,0.2,113.6,100,113.3,100,,,,,,,,,,,,,,,,,113.8,100,114.1,150,,,,,,,,,,,,,,,,
2026-07-03T02:02:28.296495+00:00,2026-07-03T02:02:28.290795,2,2,113.7,0.2,113.6,100,113.3,100,,,,,,,,,,,,,,,,,113.8,74,114.1,150,,,,,,,,,,,,,,,,
2026-07-03T02:02:29.626074+00:00,2026-07-03T02:02:29.625972,2,2,113.7,0.2,113.6,100,113.3,100,,,,,,,,,,,,,,,,,113.8,49,114.1,150,,,,,,,,,,,,,,,,
2026-07-03T02:02:29.834790+00:00,2026-07-03T02:02:29.834689,2,2,113.7,0.2,113.6,100,113.3,100,,,,,,,,,,,,,,,,,113.8,24,114.1,150,,,,,,,,,,,,,,,,
2026-07-03T02:02:29.980648+00:00,2026-07-03T02:02:29.980581,2,2,113.7,0.2,113.6,50,113.3,100,,,,,,,,,,,,,,,,,113.8,24,114.1,150,,,,,,,,,,,,,,,,
2026-07-03T02:02:30.134058+00:00,2026-07-03T02:02:30.133890,1,1,113.55,0.5,113.3,100,,,,,,,,,,,,,,,,,,,113.8,24,,,,,,,,,,,,,,,,,,
2026-07-03T02:02:30.188025+00:00,2026-07-03T02:02:30.187911,2,1,113.65,0.3,113.5,150,113.3,100,,,,,,,,,,,,,,,,,113.8,24,,,,,,,,,,,,,,,,,,
2026-07-03T02:02:30.236363+00:00,2026-07-03T02:02:30.236296,2,2,113.65,0.3,113.5,150,113.3,100,,,,,,,,,,,,,,,,,113.8,24,114.0,150,,,,,,,,,,,,,,,,
2026-07-03T02:02:31.343803+00:00,2026-07-03T02:02:31.343771,1,1,113.75,0.5,113.5,150,,,,,,,,,,,,,,,,,,,114.0,150,,,,,,,,,,,,,,,,,,
2026-07-03T02:02:31.399546+00:00,2026-07-03T02:02:31.399436,2,1,113.9,0.2,113.8,100,113.5,150,,,,,,,,,,,,,,,,,114.0,150,,,,,,,,,,,,,,,,,,
2026-07-03T02:02:31.453243+00:00,2026-07-03T02:02:31.453113,2,2,113.9,0.2,113.8,100,113.5,150,,,,,,,,,,,,,,,,,114.0,150,114.3,100,,,,,,,,,,,,,,,,
2026-07-03T02:02:32.088099+00:00,2026-07-03T02:02:32.087961,2,2,113.9,0.2,113.8,50,113.5,150,,,,,,,,,,,,,,,,,114.0,150,114.3,100,,,,,,,,,,,,,,,,
2026-07-03T02:02:33.294660+00:00,2026-07-03T02:02:33.294812,1,1,114.05,0.5,113.8,50,,,,,,,,,,,,,,,,,,,114.3,100,,,,,,,,,,,,,,,,,,
2026-07-03T02:02:33.348977+00:00,2026-07-03T02:02:33.348896,2,1,114.05,0.5,113.8,50,113.1,150,,,,,,,,,,,,,,,,,114.3,100,,,,,,,,,,,,,,,,,,
2026-07-03T02:02:33.405502+00:00,2026-07-03T02:02:33.405592,1,2,113.35,0.5,113.1,150,,,,,,,,,,,,,,,,,,,113.6,100,114.3,100,,,,,,,,,,,,,,,,
2026-07-03T02:02:34.141932+00:00,2026-07-03T02:02:34.141871,1,2,113.35,0.5,113.1,150,,,,,,,,,,,,,,,,,,,113.6,50,114.3,100,,,,,,,,,,,,,,,,
2026-07-03T02:02:34.504537+00:00,2026-07-03T02:02:34.504472,1,1,113.35,0.5,113.1,150,,,,,,,,,,,,,,,,,,,113.6,50,,,,,,,,,,,,,,,,,,
2026-07-03T02:02:34.563966+00:00,2026-07-03T02:02:34.563854,2,1,113.5,0.2,113.4,100,113.1,150,,,,,,,,,,,,,,,,,113.6,8,,,,,,,,,,,,,,,,,,
2026-07-03T02:02:34.627096+00:00,2026-07-03T02:02:34.627054,2,2,113.5,0.2,113.4,100,113.1,150,,,,,,,,,,,,,,,,,113.6,8,113.9,100,,,,,,,,,,,,,,,,
2026-07-03T02:02:36.258547+00:00,2026-07-03T02:02:36.252151,2,1,113.65,0.5,113.4,100,113.1,150,,,,,,,,,,,,,,,,,113.9,58,,,,,,,,,,,,,,,,,,
2026-07-03T02:02:36.464225+00:00,2026-07-03T02:02:36.463962,1,1,113.65,0.5,113.4,100,,,,,,,,,,,,,,,,,,,113.9,58,,,,,,,,,,,,,,,,,,
2026-07-03T02:02:36.512357+00:00,2026-07-03T02:02:36.512308,2,1,113.75,0.3,113.6,150,113.4,100,,,,,,,,,,,,,,,,,113.9,58,,,,,,,,,,,,,,,,,,
2026-07-03T02:02:36.565528+00:00,2026-07-03T02:02:36.565433,2,2,113.75,0.3,113.6,150,113.4,100,,,,,,,,,,,,,,,,,113.9,58,114.1,150,,,,,,,,,,,,,,,,
2026-07-03T02:02:36.658645+00:00,2026-07-03T02:02:36.656024,2,2,113.75,0.3,113.6,150,113.4,100,,,,,,,,,,,,,,,,,113.9,10,114.1,150,,,,,,,,,,,,,,,,
2026-07-03T02:02:37.679348+00:00,2026-07-03T02:02:37.679251,1,1,113.85,0.5,113.6,150,,,,,,,,,,,,,,,,,,,114.1,150,,,,,,,,,,,,,,,,,,
2026-07-03T02:02:37.721417+00:00,2026-07-03T02:02:37.721387,1,1,113.85,0.5,113.6,150,,,,,,,,,,,,,,,,,,,114.1,104,,,,,,,,,,,,,,,,,,
2026-07-03T02:02:37.736848+00:00,2026-07-03T02:02:37.736766,1,1,113.85,0.5,113.6,250,,,,,,,,,,,,,,,,,,,114.1,104,,,,,,,,,,,,,,,,,,
2026-07-03T02:02:37.789504+00:00,2026-07-03T02:02:37.789439,1,1,113.85,0.5,113.6,250,,,,,,,,,,,,,,,,,,,114.1,204,,,,,,,,,,,,,,,,,,
2026-07-03T02:02:38.358585+00:00,2026-07-03T02:02:38.353992,1,1,113.85,0.5,113.6,250,,,,,,,,,,,,,,,,,,,114.1,154,,,,,,,,,,,,,,,,,,
2026-07-03T02:02:39.618141+00:00,2026-07-03T02:02:39.618047,1,1,113.85,0.5,113.6,100,,,,,,,,,,,,,,,,,,,114.1,100,,,,,,,,,,,,,,,,,,
2026-07-03T02:02:39.671291+00:00,2026-07-03T02:02:39.671172,2,0,,,114.1,50,113.6,100,,,,,,,,,,,,,,,,,,,,,,,,,,,,,,,,,,,,
2026-07-03T02:02:39.738013+00:00,2026-07-03T02:02:39.731339,2,1,114.35,0.5,114.1,24,113.6,100,,,,,,,,,,,,,,,,,114.6,150,,,,,,,,,,,,,,,,,,
2026-07-03T02:02:39.858592+00:00,2026-07-03T02:02:39.855591,1,1,114.1,1.0,113.6,100,,,,,,,,,,,,,,,,,,,114.6,150,,,,,,,,,,,,,,,,,,
2026-07-03T02:02:40.458625+00:00,2026-07-03T02:02:40.458334,1,1,114.1,1.0,113.6,100,,,,,,,,,,,,,,,,,,,114.6,100,,,,,,,,,,,,,,,,,,
2026-07-03T02:02:40.843625+00:00,2026-07-03T02:02:40.843574,0,1,,,,,,,,,,,,,,,,,,,,,,,114.6,100,,,,,,,,,,,,,,,,,,
2026-07-03T02:02:40.897287+00:00,2026-07-03T02:02:40.897225,1,1,114.2,0.8,113.8,100,,,,,,,,,,,,,,,,,,,114.6,100,,,,,,,,,,,,,,,,,,
2026-07-03T02:02:40.950385+00:00,2026-07-03T02:02:40.950319,1,2,114.05,0.5,113.8,100,,,,,,,,,,,,,,,,,,,114.3,100,114.6,100,,,,,,,,,,,,,,,,
2026-07-03T02:02:41.584830+00:00,2026-07-03T02:02:41.584743,1,2,114.05,0.5,113.8,60,,,,,,,,,,,,,,,,,,,114.3,100,114.6,100,,,,,,,,,,,,,,,,
2026-07-03T02:02:42.610033+00:00,2026-07-03T02:02:42.609904,1,2,114.05,0.5,113.8,15,,,,,,,,,,,,,,,,,,,114.3,100,114.6,100,,,,,,,,,,,,,,,,
2026-07-03T02:02:42.621293+00:00,2026-07-03T02:02:42.621168,0,2,,,,,,,,,,,,,,,,,,,,,,,114.3,100,114.6,100,,,,,,,,,,,,,,,,
2026-07-03T02:02:42.779283+00:00,2026-07-03T02:02:42.779209,0,1,,,,,,,,,,,,,,,,,,,,,,,114.3,100,,,,,,,,,,,,,,,,,,
2026-07-03T02:02:42.835253+00:00,2026-07-03T02:02:42.835194,1,1,114.05,0.5,113.8,150,,,,,,,,,,,,,,,,,,,114.3,100,,,,,,,,,,,,,,,,,,
2026-07-03T02:02:42.887653+00:00,2026-07-03T02:02:42.887569,1,1,114.05,0.5,113.8,150,,,,,,,,,,,,,,,,,,,114.3,250,,,,,,,,,,,,,,,,,,
2026-07-03T02:02:43.980396+00:00,2026-07-03T02:02:43.980339,1,1,114.05,0.5,113.8,150,,,,,,,,,,,,,,,,,,,114.3,228,,,,,,,,,,,,,,,,,,
2026-07-03T02:02:44.011156+00:00,2026-07-03T02:02:44.011057,1,1,114.05,0.5,113.8,150,,,,,,,,,,,,,,,,,,,114.3,150,,,,,,,,,,,,,,,,,,
2026-07-03T02:02:44.052164+00:00,2026-07-03T02:02:44.052299,2,1,114.05,0.5,113.8,150,113.6,100,,,,,,,,,,,,,,,,,114.3,150,,,,,,,,,,,,,,,,,,
2026-07-03T02:02:44.111204+00:00,2026-07-03T02:02:44.111174,2,2,113.95,0.3,113.8,150,113.6,100,,,,,,,,,,,,,,,,,114.1,100,114.3,150,,,,,,,,,,,,,,,,
2026-07-03T02:02:44.729239+00:00,2026-07-03T02:02:44.729180,2,2,113.95,0.3,113.8,100,113.6,100,,,,,,,,,,,,,,,,,114.1,100,114.3,150,,,,,,,,,,,,,,,,
2026-07-03T02:02:44.839001+00:00,2026-07-03T02:02:44.838947,2,2,113.95,0.3,113.8,100,113.6,100,,,,,,,,,,,,,,,,,114.1,52,114.3,150,,,,,,,,,,,,,,,,
2026-07-03T02:02:45.940942+00:00,2026-07-03T02:02:45.940821,1,1,113.85,0.5,113.6,100,,,,,,,,,,,,,,,,,,,114.1,52,,,,,,,,,,,,,,,,,,
2026-07-03T02:02:45.993844+00:00,2026-07-03T02:02:45.993922,1,1,113.85,0.5,113.6,250,,,,,,,,,,,,,,,,,,,114.1,52,,,,,,,,,,,,,,,,,,
2026-07-03T02:02:46.046359+00:00,2026-07-03T02:02:46.046323,1,1,113.85,0.5,113.6,250,,,,,,,,,,,,,,,,,,,114.1,202,,,,,,,,,,,,,,,,,,
2026-07-03T02:02:46.669764+00:00,2026-07-03T02:02:46.662635,1,1,113.85,0.5,113.6,250,,,,,,,,,,,,,,,,,,,114.1,190,,,,,,,,,,,,,,,,,,
2026-07-03T02:02:46.837425+00:00,2026-07-03T02:02:46.837333,1,1,113.85,0.5,113.6,200,,,,,,,,,,,,,,,,,,,114.1,190,,,,,,,,,,,,,,,,,,
2026-07-03T02:02:47.161460+00:00,2026-07-03T02:02:47.161632,1,1,113.85,0.5,113.6,200,,,,,,,,,,,,,,,,,,,114.1,150,,,,,,,,,,,,,,,,,,
2026-07-03T02:02:47.166876+00:00,2026-07-03T02:02:47.166801,1,1,113.85,0.5,113.6,150,,,,,,,,,,,,,,,,,,,114.1,150,,,,,,,,,,,,,,,,,,
2026-07-03T02:02:47.217377+00:00,2026-07-03T02:02:47.217347,2,1,114.0,0.2,113.9,100,113.6,150,,,,,,,,,,,,,,,,,114.1,150,,,,,,,,,,,,,,,,,,
2026-07-03T02:02:47.269642+00:00,2026-07-03T02:02:47.269593,2,2,114.0,0.2,113.9,100,113.6,150,,,,,,,,,,,,,,,,,114.1,150,114.4,100,,,,,,,,,,,,,,,,
2026-07-03T02:02:48.945879+00:00,2026-07-03T02:02:48.945760,2,2,114.0,0.2,113.9,50,113.6,150,,,,,,,,,,,,,,,,,114.1,150,114.4,100,,,,,,,,,,,,,,,,
2026-07-03T02:02:49.099088+00:00,2026-07-03T02:02:49.099063,1,1,114.15,0.5,113.9,50,,,,,,,,,,,,,,,,,,,114.4,100,,,,,,,,,,,,,,,,,,
2026-07-03T02:02:49.153665+00:00,2026-07-03T02:02:49.153620,2,1,114.15,0.5,113.9,50,113.6,150,,,,,,,,,,,,,,,,,114.4,100,,,,,,,,,,,,,,,,,,
2026-07-03T02:02:49.204060+00:00,2026-07-03T02:02:49.203931,2,2,114.0,0.2,113.9,50,113.6,150,,,,,,,,,,,,,,,,,114.1,150,114.4,100,,,,,,,,,,,,,,,,
2026-07-03T02:02:49.805246+00:00,2026-07-03T02:02:49.805215,2,2,114.0,0.2,113.9,50,113.6,150,,,,,,,,,,,,,,,,,114.1,107,114.4,100,,,,,,,,,,,,,,,,
2026-07-03T02:02:50.340298+00:00,2026-07-03T02:02:50.340226,2,1,114.0,0.2,113.9,50,113.6,150,,,,,,,,,,,,,,,,,114.1,107,,,,,,,,,,,,,,,,,,
2026-07-03T02:02:50.345494+00:00,2026-07-03T02:02:50.345383,1,1,113.85,0.5,113.6,150,,,,,,,,,,,,,,,,,,,114.1,107,,,,,,,,,,,,,,,,,,
2026-07-03T02:02:50.397909+00:00,2026-07-03T02:02:50.398071,1,1,113.85,0.5,113.6,250,,,,,,,,,,,,,,,,,,,114.1,107,,,,,,,,,,,,,,,,,,
2026-07-03T02:02:50.458622+00:00,2026-07-03T02:02:50.451613,1,1,113.85,0.5,113.6,250,,,,,,,,,,,,,,,,,,,114.1,207,,,,,,,,,,,,,,,,,,
2026-07-03T02:02:51.058656+00:00,2026-07-03T02:02:51.054858,1,1,113.85,0.5,113.6,200,,,,,,,,,,,,,,,,,,,114.1,207,,,,,,,,,,,,,,,,,,
2026-07-03T02:02:52.258557+00:00,2026-07-03T02:02:52.255951,1,1,113.85,0.5,113.6,100,,,,,,,,,,,,,,,,,,,114.1,100,,,,,,,,,,,,,,,,,,
2026-07-03T02:02:52.314538+00:00,2026-07-03T02:02:52.314511,2,1,113.85,0.5,113.6,100,113.5,150,,,,,,,,,,,,,,,,,114.1,100,,,,,,,,,,,,,,,,,,
2026-07-03T02:02:52.370219+00:00,2026-07-03T02:02:52.370101,2,2,113.8,0.4,113.6,100,113.5,150,,,,,,,,,,,,,,,,,114.0,150,114.1,100,,,,,,,,,,,,,,,,
2026-07-03T02:02:52.982772+00:00,2026-07-03T02:02:52.982718,2,2,113.8,0.4,113.6,53,113.5,150,,,,,,,,,,,,,,,,,114.0,150,114.1,100,,,,,,,,,,,,,,,,
2026-07-03T02:02:53.171612+00:00,2026-07-03T02:02:53.171496,2,2,113.8,0.4,113.6,3,113.5,150,,,,,,,,,,,,,,,,,114.0,150,114.1,100,,,,,,,,,,,,,,,,
2026-07-03T02:02:53.509620+00:00,2026-07-03T02:02:53.509494,1,1,113.75,0.5,113.5,150,,,,,,,,,,,,,,,,,,,114.0,150,,,,,,,,,,,,,,,,,,
2026-07-03T02:02:53.556001+00:00,2026-07-03T02:02:53.556189,2,1,113.75,0.5,113.5,150,113.2,100,,,,,,,,,,,,,,,,,114.0,150,,,,,,,,,,,,,,,,,,
2026-07-03T02:02:53.624984+00:00,2026-07-03T02:02:53.619235,2,2,113.6,0.2,113.5,150,113.2,100,,,,,,,,,,,,,,,,,113.7,86,114.0,150,,,,,,,,,,,,,,,,
2026-07-03T02:02:54.548498+00:00,2026-07-03T02:02:54.548637,2,2,113.6,0.2,113.5,150,113.2,100,,,,,,,,,,,,,,,,,113.7,42,114.0,150,,,,,,,,,,,,,,,,
2026-07-03T02:02:54.704288+00:00,2026-07-03T02:02:54.704150,2,2,113.6,0.2,113.5,150,113.2,100,,,,,,,,,,,,,,,,,113.7,18,114.0,150,,,,,,,,,,,,,,,,
2026-07-03T02:02:55.278090+00:00,2026-07-03T02:02:55.277994,2,2,113.6,0.2,113.5,100,113.2,100,,,,,,,,,,,,,,,,,113.7,18,114.0,150,,,,,,,,,,,,,,,,
2026-07-03T02:02:55.424589+00:00,2026-07-03T02:02:55.424534,1,1,113.45,0.5,113.2,100,,,,,,,,,,,,,,,,,,,113.7,18,,,,,,,,,,,,,,,,,,
2026-07-03T02:02:55.478525+00:00,2026-07-03T02:02:55.478392,2,1,113.55,0.3,113.4,150,113.2,100,,,,,,,,,,,,,,,,,113.7,18,,,,,,,,,,,,,,,,,,
2026-07-03T02:02:55.530451+00:00,2026-07-03T02:02:55.530392,2,2,113.55,0.3,113.4,150,113.2,100,,,,,,,,,,,,,,,,,113.7,18,113.9,150,,,,,,,,,,,,,,,,
2026-07-03T02:02:56.668766+00:00,2026-07-03T02:02:56.668744,1,1,113.65,0.5,113.4,150,,,,,,,,,,,,,,,,,,,113.9,150,,,,,,,,,,,,,,,,,,
2026-07-03T02:02:56.723754+00:00,2026-07-03T02:02:56.723697,2,1,113.75,0.3,113.6,100,113.4,150,,,,,,,,,,,,,,,,,113.9,150,,,,,,,,,,,,,,,,,,
2026-07-03T02:02:56.776285+00:00,2026-07-03T02:02:56.776192,2,2,113.75,0.3,113.6,100,113.4,150,,,,,,,,,,,,,,,,,113.9,150,114.1,100,,,,,,,,,,,,,,,,
2026-07-03T02:02:57.384155+00:00,2026-07-03T02:02:57.384346,2,2,113.75,0.3,113.6,50,113.4,150,,,,,,,,,,,,,,,,,113.9,150,114.1,100,,,,,,,,,,,,,,,,
2026-07-03T02:02:58.588908+00:00,2026-07-03T02:02:58.588826,1,1,113.85,0.5,113.6,50,,,,,,,,,,,,,,,,,,,114.1,100,,,,,,,,,,,,,,,,,,
2026-07-03T02:02:58.644300+00:00,2026-07-03T02:02:58.644404,2,1,113.85,0.5,113.6,50,113.4,150,,,,,,,,,,,,,,,,,114.1,100,,,,,,,,,,,,,,,,,,
2026-07-03T02:02:58.697962+00:00,2026-07-03T02:02:58.698043,2,2,113.75,0.3,113.6,50,113.4,150,,,,,,,,,,,,,,,,,113.9,150,114.1,100,,,,,,,,,,,,,,,,
2026-07-03T02:02:59.504459+00:00,2026-07-03T02:02:59.504365,1,2,113.65,0.5,113.4,150,,,,,,,,,,,,,,,,,,,113.9,150,114.1,100,,,,,,,,,,,,,,,,
2026-07-03T02:02:59.827949+00:00,2026-07-03T02:02:59.827893,1,1,113.65,0.5,113.4,150,,,,,,,,,,,,,,,,,,,113.9,150,,,,,,,,,,,,,,,,,,
2026-07-03T02:02:59.880420+00:00,2026-07-03T02:02:59.880355,2,1,113.65,0.5,113.4,150,113.1,100,,,,,,,,,,,,,,,,,113.9,150,,,,,,,,,,,,,,,,,,
2026-07-03T02:02:59.932749+00:00,2026-07-03T02:02:59.932696,2,2,113.5,0.2,113.4,150,113.1,100,,,,,,,,,,,,,,,,,113.6,100,113.9,150,,,,,,,,,,,,,,,,
2026-07-03T02:03:00.577849+00:00,2026-07-03T02:03:00.577788,2,2,113.5,0.2,113.4,104,113.1,100,,,,,,,,,,,,,,,,,113.6,100,113.9,150,,,,,,,,,,,,,,,,
2026-07-03T02:03:01.611490+00:00,2026-07-03T02:03:01.611384,2,2,113.5,0.2,113.4,54,113.1,100,,,,,,,,,,,,,,,,,113.6,100,113.9,150,,,,,,,,,,,,,,,,
2026-07-03T02:03:01.753273+00:00,2026-07-03T02:03:01.753203,1,1,113.35,0.5,113.1,100,,,,,,,,,,,,,,,,,,,113.6,100,,,,,,,,,,,,,,,,,,
2026-07-03T02:03:01.808153+00:00,2026-07-03T02:03:01.808026,1,1,113.35,0.5,113.1,250,,,,,,,,,,,,,,,,,,,113.6,100,,,,,,,,,,,,,,,,,,
2026-07-03T02:03:01.858669+00:00,2026-07-03T02:03:01.857541,1,1,113.35,0.5,113.1,250,,,,,,,,,,,,,,,,,,,113.6,250,,,,,,,,,,,,,,,,,,
2026-07-03T02:03:02.989728+00:00,2026-07-03T02:03:02.989638,1,1,113.35,0.5,113.1,150,,,,,,,,,,,,,,,,,,,113.6,150,,,,,,,,,,,,,,,,,,
2026-07-03T02:03:03.063775+00:00,2026-07-03T02:03:03.064201,1,1,113.35,0.5,113.1,150,,,,,,,,,,,,,,,,,,,113.6,50,,,,,,,,,,,,,,,,,,
2026-07-03T02:03:03.116748+00:00,2026-07-03T02:03:03.116711,1,2,113.35,0.5,113.1,150,,,,,,,,,,,,,,,,,,,113.6,50,114.1,100,,,,,,,,,,,,,,,,
2026-07-03T02:03:03.710127+00:00,2026-07-03T02:03:03.703277,1,2,113.35,0.5,113.1,150,,,,,,,,,,,,,,,,,,,113.6,47,114.1,100,,,,,,,,,,,,,,,,
2026-07-03T02:03:03.725542+00:00,2026-07-03T02:03:03.725495,1,2,113.35,0.5,113.1,100,,,,,,,,,,,,,,,,,,,113.6,47,114.1,100,,,,,,,,,,,,,,,,
2026-07-03T02:03:03.748465+00:00,2026-07-03T02:03:03.748547,1,2,113.35,0.5,113.1,100,,,,,,,,,,,,,,,,,,,113.6,6,114.1,100,,,,,,,,,,,,,,,,
2026-07-03T02:03:04.912510+00:00,2026-07-03T02:03:04.912649,1,1,113.6,1.0,113.1,100,,,,,,,,,,,,,,,,,,,114.1,100,,,,,,,,,,,,,,,,,,
2026-07-03T02:03:04.917863+00:00,2026-07-03T02:03:04.917796,0,1,,,,,,,,,,,,,,,,,,,,,,,114.1,100,,,,,,,,,,,,,,,,,,
2026-07-03T02:03:04.969049+00:00,2026-07-03T02:03:04.968910,1,1,113.85,0.5,113.6,150,,,,,,,,,,,,,,,,,,,114.1,100,,,,,,,,,,,,,,,,,,
2026-07-03T02:03:05.023333+00:00,2026-07-03T02:03:05.023273,1,1,113.85,0.5,113.6,150,,,,,,,,,,,,,,,,,,,114.1,250,,,,,,,,,,,,,,,,,,
2026-07-03T02:03:05.542453+00:00,2026-07-03T02:03:05.536631,1,1,113.85,0.5,113.6,106,,,,,,,,,,,,,,,,,,,114.1,250,,,,,,,,,,,,,,,,,,
2026-07-03T02:03:05.826332+00:00,2026-07-03T02:03:05.826440,1,1,113.85,0.5,113.6,56,,,,,,,,,,,,,,,,,,,114.1,250,,,,,,,,,,,,,,,,,,
2026-07-03T02:03:06.172243+00:00,2026-07-03T02:03:06.172206,1,1,113.85,0.5,113.6,56,,,,,,,,,,,,,,,,,,,114.1,150,,,,,,,,,,,,,,,,,,
2026-07-03T02:03:06.224422+00:00,2026-07-03T02:03:06.224372,2,1,113.85,0.5,113.6,56,112.9,100,,,,,,,,,,,,,,,,,114.1,150,,,,,,,,,,,,,,,,,,
2026-07-03T02:03:06.279059+00:00,2026-07-03T02:03:06.279133,1,2,113.15,0.5,112.9,100,,,,,,,,,,,,,,,,,,,113.4,44,114.1,150,,,,,,,,,,,,,,,,
2026-07-03T02:03:06.288233+00:00,2026-07-03T02:03:06.282546,1,2,113.15,0.5,112.9,100,,,,,,,,,,,,,,,,,,,113.4,41,114.1,150,,,,,,,,,,,,,,,,
2026-07-03T02:03:07.935028+00:00,2026-07-03T02:03:07.935003,1,2,113.15,0.5,112.9,50,,,,,,,,,,,,,,,,,,,113.4,41,114.1,150,,,,,,,,,,,,,,,,
2026-07-03T02:03:08.076203+00:00,2026-07-03T02:03:08.076096,1,1,113.15,0.5,112.9,50,,,,,,,,,,,,,,,,,,,113.4,41,,,,,,,,,,,,,,,,,,
2026-07-03T02:03:08.131290+00:00,2026-07-03T02:03:08.131227,2,1,113.15,0.5,112.9,50,112.7,150,,,,,,,,,,,,,,,,,113.4,41,,,,,,,,,,,,,,,,,,
2026-07-03T02:03:08.193833+00:00,2026-07-03T02:03:08.187777,2,2,113.05,0.3,112.9,50,112.7,150,,,,,,,,,,,,,,,,,113.2,139,113.4,41,,,,,,,,,,,,,,,,
2026-07-03T02:03:09.332746+00:00,2026-07-03T02:03:09.332615,1,1,112.95,0.5,112.7,150,,,,,,,,,,,,,,,,,,,113.2,139,,,,,,,,,,,,,,,,,,
2026-07-03T02:03:09.387787+00:00,2026-07-03T02:03:09.387646,2,1,113.0,0.4,112.8,100,112.7,150,,,,,,,,,,,,,,,,,113.2,139,,,,,,,,,,,,,,,,,,
2026-07-03T02:03:09.441273+00:00,2026-07-03T02:03:09.441166,2,2,113.0,0.4,112.8,100,112.7,150,,,,,,,,,,,,,,,,,113.2,139,113.3,100,,,,,,,,,,,,,,,,
2026-07-03T02:03:09.903526+00:00,2026-07-03T02:03:09.903427,2,2,113.0,0.4,112.8,100,112.7,150,,,,,,,,,,,,,,,,,113.2,91,113.3,100,,,,,,,,,,,,,,,,
2026-07-03T02:03:09.989767+00:00,2026-07-03T02:03:09.989686,2,2,113.0,0.4,112.8,100,112.7,150,,,,,,,,,,,,,,,,,113.2,41,113.3,100,,,,,,,,,,,,,,,,
2026-07-03T02:03:11.104486+00:00,2026-07-03T02:03:11.104334,2,1,113.05,0.5,112.8,100,112.7,150,,,,,,,,,,,,,,,,,113.3,97,,,,,,,,,,,,,,,,,,
2026-07-03T02:03:11.240351+00:00,2026-07-03T02:03:11.240300,1,1,113.05,0.5,112.8,100,,,,,,,,,,,,,,,,,,,113.3,97,,,,,,,,,,,,,,,,,,
2026-07-03T02:03:11.289452+00:00,2026-07-03T02:03:11.289560,2,0,,,113.3,53,112.8,100,,,,,,,,,,,,,,,,,,,,,,,,,,,,,,,,,,,,
2026-07-03T02:03:11.347067+00:00,2026-07-03T02:03:11.346998,2,1,113.55,0.5,113.3,53,112.8,100,,,,,,,,,,,,,,,,,113.8,150,,,,,,,,,,,,,,,,,,
2026-07-03T02:03:12.093638+00:00,2026-07-03T02:03:12.093581,2,1,113.55,0.5,113.3,53,112.8,100,,,,,,,,,,,,,,,,,113.8,100,,,,,,,,,,,,,,,,,,
2026-07-03T02:03:12.494965+00:00,2026-07-03T02:03:12.494859,1,1,113.55,0.5,113.3,53,,,,,,,,,,,,,,,,,,,113.8,100,,,,,,,,,,,,,,,,,,
2026-07-03T02:03:12.548155+00:00,2026-07-03T02:03:12.548044,2,1,113.55,0.5,113.3,53,113.1,100,,,,,,,,,,,,,,,,,113.8,100,,,,,,,,,,,,,,,,,,
2026-07-03T02:03:12.602328+00:00,2026-07-03T02:03:12.602181,2,2,113.45,0.3,113.3,53,113.1,100,,,,,,,,,,,,,,,,,113.6,100,113.8,100,,,,,,,,,,,,,,,,
2026-07-03T02:03:12.881311+00:00,2026-07-03T02:03:12.875554,2,2,113.45,0.3,113.3,39,113.1,100,,,,,,,,,,,,,,,,,113.6,100,113.8,100,,,,,,,,,,,,,,,,
2026-07-03T02:03:14.400767+00:00,2026-07-03T02:03:14.400647,1,1,113.35,0.5,113.1,100,,,,,,,,,,,,,,,,,,,113.6,100,,,,,,,,,,,,,,,,,,
2026-07-03T02:03:14.456765+00:00,2026-07-03T02:03:14.456623,1,1,113.35,0.5,113.1,250,,,,,,,,,,,,,,,,,,,113.6,100,,,,,,,,,,,,,,,,,,
2026-07-03T02:03:14.510356+00:00,2026-07-03T02:03:14.510209,1,1,113.35,0.5,113.1,250,,,,,,,,,,,,,,,,,,,113.6,250,,,,,,,,,,,,,,,,,,
2026-07-03T02:03:15.658545+00:00,2026-07-03T02:03:15.652233,1,1,113.35,0.5,113.1,150,,,,,,,,,,,,,,,,,,,113.6,150,,,,,,,,,,,,,,,,,,
2026-07-03T02:03:15.711495+00:00,2026-07-03T02:03:15.711392,1,1,113.35,0.5,113.1,250,,,,,,,,,,,,,,,,,,,113.6,150,,,,,,,,,,,,,,,,,,
2026-07-03T02:03:15.774260+00:00,2026-07-03T02:03:15.774125,1,1,113.35,0.5,113.1,250,,,,,,,,,,,,,,,,,,,113.6,250,,,,,,,,,,,,,,,,,,
2026-07-03T02:03:16.358623+00:00,2026-07-03T02:03:16.357973,1,1,113.35,0.5,113.1,200,,,,,,,,,,,,,,,,,,,113.6,250,,,,,,,,,,,,,,,,,,
2026-07-03T02:03:17.559331+00:00,2026-07-03T02:03:17.559209,1,1,113.35,0.5,113.1,100,,,,,,,,,,,,,,,,,,,113.6,100,,,,,,,,,,,,,,,,,,
2026-07-03T02:03:17.615785+00:00,2026-07-03T02:03:17.615721,2,1,113.35,0.5,113.1,100,112.9,150,,,,,,,,,,,,,,,,,113.6,100,,,,,,,,,,,,,,,,,,
2026-07-03T02:03:17.680438+00:00,2026-07-03T02:03:17.674287,2,2,113.25,0.3,113.1,100,112.9,150,,,,,,,,,,,,,,,,,113.4,147,113.6,100,,,,,,,,,,,,,,,,
2026-07-03T02:03:18.414465+00:00,2026-07-03T02:03:18.414326,2,2,113.25,0.3,113.1,100,112.9,150,,,,,,,,,,,,,,,,,113.4,97,113.6,100,,,,,,,,,,,,,,,,
2026-07-03T02:03:18.831996+00:00,2026-07-03T02:03:18.831904,1,1,113.15,0.5,112.9,150,,,,,,,,,,,,,,,,,,,113.4,97,,,,,,,,,,,,,,,,,,
2026-07-03T02:03:18.886510+00:00,2026-07-03T02:03:18.886388,2,1,113.3,0.2,113.2,100,112.9,150,,,,,,,,,,,,,,,,,113.4,97,,,,,,,,,,,,,,,,,,
2026-07-03T02:03:18.933398+00:00,2026-07-03T02:03:18.933551,2,2,113.3,0.2,113.2,100,112.9,150,,,,,,,,,,,,,,,,,113.4,97,113.7,100,,,,,,,,,,,,,,,,
2026-07-03T02:03:19.731544+00:00,2026-07-03T02:03:19.731474,2,2,113.3,0.2,113.2,55,112.9,150,,,,,,,,,,,,,,,,,113.4,97,113.7,100,,,,,,,,,,,,,,,,
2026-07-03T02:03:20.520861+00:00,2026-07-03T02:03:20.520755,2,2,113.3,0.2,113.2,55,112.9,150,,,,,,,,,,,,,,,,,113.4,47,113.7,100,,,,,,,,,,,,,,,,
2026-07-03T02:03:20.725964+00:00,2026-07-03T02:03:20.725868,1,1,113.45,0.5,113.2,13,,,,,,,,,,,,,,,,,,,113.7,100,,,,,,,,,,,,,,,,,,
2026-07-03T02:03:20.777774+00:00,2026-07-03T02:03:20.777645,2,1,113.5,0.4,113.3,150,113.2,13,,,,,,,,,,,,,,,,,113.7,100,,,,,,,,,,,,,,,,,,
2026-07-03T02:03:20.827080+00:00,2026-07-03T02:03:20.827261,2,2,113.5,0.4,113.3,150,113.2,13,,,,,,,,,,,,,,,,,113.7,100,113.8,150,,,,,,,,,,,,,,,,
2026-07-03T02:03:21.996771+00:00,2026-07-03T02:03:21.996684,1,1,113.55,0.5,113.3,150,,,,,,,,,,,,,,,,,,,113.8,150,,,,,,,,,,,,,,,,,,
2026-07-03T02:03:22.058729+00:00,2026-07-03T02:03:22.046154,2,1,113.55,0.5,113.3,150,113.0,100,,,,,,,,,,,,,,,,,113.8,150,,,,,,,,,,,,,,,,,,
2026-07-03T02:03:22.104682+00:00,2026-07-03T02:03:22.104573,2,2,113.4,0.2,113.3,150,113.0,100,,,,,,,,,,,,,,,,,113.5,100,113.8,150,,,,,,,,,,,,,,,,
2026-07-03T02:03:22.625203+00:00,2026-07-03T02:03:22.625344,2,2,113.4,0.2,113.3,150,113.0,100,,,,,,,,,,,,,,,,,113.5,50,113.8,150,,,,,,,,,,,,,,,,
2026-07-03T02:03:23.884332+00:00,2026-07-03T02:03:23.884281,1,1,113.25,0.5,113.0,100,,,,,,,,,,,,,,,,,,,113.5,50,,,,,,,,,,,,,,,,,,
2026-07-03T02:03:23.937263+00:00,2026-07-03T02:03:23.937223,2,1,113.35,0.3,113.2,150,113.0,100,,,,,,,,,,,,,,,,,113.5,50,,,,,,,,,,,,,,,,,,
2026-07-03T02:03:23.990709+00:00,2026-07-03T02:03:23.990630,2,2,113.35,0.3,113.2,150,113.0,100,,,,,,,,,,,,,,,,,113.5,50,113.7,150,,,,,,,,,,,,,,,,
2026-07-03T02:03:24.733430+00:00,2026-07-03T02:03:24.733546,2,1,113.45,0.5,113.2,150,113.0,100,,,,,,,,,,,,,,,,,113.7,150,,,,,,,,,,,,,,,,,,
2026-07-03T02:03:25.157681+00:00,2026-07-03T02:03:25.157576,1,1,113.45,0.5,113.2,150,,,,,,,,,,,,,,,,,,,113.7,150,,,,,,,,,,,,,,,,,,
2026-07-03T02:03:25.210266+00:00,2026-07-03T02:03:25.210195,1,1,113.45,0.5,113.2,250,,,,,,,,,,,,,,,,,,,113.7,150,,,,,,,,,,,,,,,,,,
2026-07-03T02:03:25.261034+00:00,2026-07-03T02:03:25.260889,1,1,113.45,0.5,113.2,250,,,,,,,,,,,,,,,,,,,113.7,250,,,,,,,,,,,,,,,,,,
2026-07-03T02:03:26.840160+00:00,2026-07-03T02:03:26.840077,1,1,113.45,0.5,113.2,250,,,,,,,,,,,,,,,,,,,113.7,200,,,,,,,,,,,,,,,,,,
2026-07-03T02:03:27.058567+00:00,2026-07-03T02:03:27.044750,1,1,113.45,0.5,113.2,100,,,,,,,,,,,,,,,,,,,113.7,100,,,,,,,,,,,,,,,,,,
2026-07-03T02:03:27.093828+00:00,2026-07-03T02:03:27.093776,2,1,113.55,0.3,113.4,150,113.2,100,,,,,,,,,,,,,,,,,113.7,100,,,,,,,,,,,,,,,,,,
2026-07-03T02:03:27.148487+00:00,2026-07-03T02:03:27.148634,2,2,113.55,0.3,113.4,150,113.2,100,,,,,,,,,,,,,,,,,113.7,100,113.9,150,,,,,,,,,,,,,,,,
2026-07-03T02:03:27.330868+00:00,2026-07-03T02:03:27.324699,2,2,113.55,0.3,113.4,147,113.2,100,,,,,,,,,,,,,,,,,113.7,100,113.9,150,,,,,,,,,,,,,,,,
2026-07-03T02:03:27.805874+00:00,2026-07-03T02:03:27.805746,2,2,113.55,0.3,113.4,99,113.2,100,,,,,,,,,,,,,,,,,113.7,100,113.9,150,,,,,,,,,,,,,,,,
2026-07-03T02:03:28.312470+00:00,2026-07-03T02:03:28.312380,2,1,113.65,0.5,113.4,99,113.2,100,,,,,,,,,,,,,,,,,113.9,150,,,,,,,,,,,,,,,,,,
2026-07-03T02:03:28.317642+00:00,2026-07-03T02:03:28.317520,1,1,113.65,0.5,113.4,99,,,,,,,,,,,,,,,,,,,113.9,150,,,,,,,,,,,,,,,,,,
2026-07-03T02:03:28.372257+00:00,2026-07-03T02:03:28.372180,2,1,113.75,0.3,113.6,100,113.4,99,,,,,,,,,,,,,,,,,113.9,150,,,,,,,,,,,,,,,,,,
2026-07-03T02:03:28.422616+00:00,2026-07-03T02:03:28.422548,2,2,113.75,0.3,113.6,100,113.4,99,,,,,,,,,,,,,,,,,113.9,150,114.1,100,,,,,,,,,,,,,,,,
2026-07-03T02:03:28.945776+00:00,2026-07-03T02:03:28.945744,2,2,113.75,0.3,113.6,100,113.4,99,,,,,,,,,,,,,,,,,113.9,100,114.1,100,,,,,,,,,,,,,,,,
2026-07-03T02:03:30.204382+00:00,2026-07-03T02:03:30.204249,2,1,113.85,0.5,113.6,100,113.4,99,,,,,,,,,,,,,,,,,114.1,100,,,,,,,,,,,,,,,,,,
2026-07-03T02:03:30.209498+00:00,2026-07-03T02:03:30.209399,1,1,113.85,0.5,113.6,100,,,,,,,,,,,,,,,,,,,114.1,100,,,,,,,,,,,,,,,,,,
2026-07-03T02:03:30.258622+00:00,2026-07-03T02:03:30.255030,2,1,113.85,0.5,113.6,100,113.5,150,,,,,,,,,,,,,,,,,114.1,100,,,,,,,,,,,,,,,,,,
2026-07-03T02:03:30.312309+00:00,2026-07-03T02:03:30.312152,2,2,113.8,0.4,113.6,100,113.5,150,,,,,,,,,,,,,,,,,114.0,150,114.1,100,,,,,,,,,,,,,,,,
2026-07-03T02:03:31.058571+00:00,2026-07-03T02:03:31.048643,2,2,113.8,0.4,113.6,100,113.5,150,,,,,,,,,,,,,,,,,114.0,100,114.1,100,,,,,,,,,,,,,,,,
2026-07-03T02:03:31.478635+00:00,2026-07-03T02:03:31.478534,1,1,113.75,0.5,113.5,150,,,,,,,,,,,,,,,,,,,114.0,100,,,,,,,,,,,,,,,,,,
2026-07-03T02:03:31.531098+00:00,2026-07-03T02:03:31.530994,2,1,113.75,0.5,113.5,150,113.3,100,,,,,,,,,,,,,,,,,114.0,100,,,,,,,,,,,,,,,,,,
2026-07-03T02:03:31.584269+00:00,2026-07-03T02:03:31.584166,2,2,113.65,0.3,113.5,150,113.3,100,,,,,,,,,,,,,,,,,113.8,100,114.0,100,,,,,,,,,,,,,,,,
2026-07-03T02:03:32.210098+00:00,2026-07-03T02:03:32.210213,2,2,113.65,0.3,113.5,150,113.3,100,,,,,,,,,,,,,,,,,113.8,51,114.0,100,,,,,,,,,,,,,,,,
2026-07-03T02:03:32.818124+00:00,2026-07-03T02:03:32.818056,2,2,113.65,0.3,113.5,150,113.3,100,,,,,,,,,,,,,,,,,113.8,10,114.0,100,,,,,,,,,,,,,,,,
2026-07-03T02:03:33.158577+00:00,2026-07-03T02:03:33.155061,2,1,113.75,0.5,113.5,150,113.3,100,,,,,,,,,,,,,,,,,114.0,60,,,,,,,,,,,,,,,,,,
2026-07-03T02:03:33.370095+00:00,2026-07-03T02:03:33.369969,1,0,,,113.3,100,,,,,,,,,,,,,,,,,,,,,,,,,,,,,,,,,,,,,,
2026-07-03T02:03:33.431763+00:00,2026-07-03T02:03:33.431642,2,0,,,114.2,150,113.3,100,,,,,,,,,,,,,,,,,,,,,,,,,,,,,,,,,,,,
2026-07-03T02:03:33.480732+00:00,2026-07-03T02:03:33.480649,2,1,114.45,0.5,114.2,150,113.3,100,,,,,,,,,,,,,,,,,114.7,150,,,,,,,,,,,,,,,,,,
2026-07-03T02:03:33.867304+00:00,2026-07-03T02:03:33.861850,2,1,114.45,0.5,114.2,147,113.3,100,,,,,,,,,,,,,,,,,114.7,150,,,,,,,,,,,,,,,,,,
2026-07-03T02:03:34.003625+00:00,2026-07-03T02:03:34.003517,2,1,114.45,0.5,114.2,122,113.3,100,,,,,,,,,,,,,,,,,114.7,150,,,,,,,,,,,,,,,,,,
2026-07-03T02:03:34.214351+00:00,2026-07-03T02:03:34.214225,2,1,114.45,0.5,114.2,97,113.3,100,,,,,,,,,,,,,,,,,114.7,150,,,,,,,,,,,,,,,,,,
2026-07-03T02:03:34.424019+00:00,2026-07-03T02:03:34.424135,2,1,114.45,0.5,114.2,72,113.3,100,,,,,,,,,,,,,,,,,114.7,150,,,,,,,,,,,,,,,,,,
2026-07-03T02:03:34.629233+00:00,2026-07-03T02:03:34.629109,2,1,114.45,0.5,114.2,47,113.3,100,,,,,,,,,,,,,,,,,114.7,150,,,,,,,,,,,,,,,,,,
2026-07-03T02:03:34.639453+00:00,2026-07-03T02:03:34.639410,1,1,114.45,0.5,114.2,47,,,,,,,,,,,,,,,,,,,114.7,150,,,,,,,,,,,,,,,,,,
2026-07-03T02:03:34.691901+00:00,2026-07-03T02:03:34.691969,2,1,114.45,0.5,114.2,47,113.8,100,,,,,,,,,,,,,,,,,114.7,150,,,,,,,,,,,,,,,,,,
2026-07-03T02:03:34.740306+00:00,2026-07-03T02:03:34.740251,2,2,114.25,0.1,114.2,47,113.8,100,,,,,,,,,,,,,,,,,114.3,100,114.7,150,,,,,,,,,,,,,,,,
2026-07-03T02:03:34.841183+00:00,2026-07-03T02:03:34.841245,2,2,114.25,0.1,114.2,22,113.8,100,,,,,,,,,,,,,,,,,114.3,100,114.7,150,,,,,,,,,,,,,,,,
2026-07-03T02:03:35.058752+00:00,2026-07-03T02:03:35.058674,1,2,114.05,0.5,113.8,100,,,,,,,,,,,,,,,,,,,114.3,100,114.7,150,,,,,,,,,,,,,,,,
2026-07-03T02:03:35.973423+00:00,2026-07-03T02:03:35.973333,1,2,114.05,0.5,113.8,51,,,,,,,,,,,,,,,,,,,114.3,100,114.7,150,,,,,,,,,,,,,,,,
2026-07-03T02:03:36.535180+00:00,2026-07-03T02:03:36.535136,1,1,114.05,0.5,113.8,51,,,,,,,,,,,,,,,,,,,114.3,100,,,,,,,,,,,,,,,,,,
2026-07-03T02:03:36.558613+00:00,2026-07-03T02:03:36.553730,1,1,114.05,0.5,113.8,51,,,,,,,,,,,,,,,,,,,114.3,52,,,,,,,,,,,,,,,,,,
2026-07-03T02:03:36.588118+00:00,2026-07-03T02:03:36.588076,2,1,114.05,0.5,113.8,51,113.5,150,,,,,,,,,,,,,,,,,114.3,52,,,,,,,,,,,,,,,,,,
2026-07-03T02:03:36.641162+00:00,2026-07-03T02:03:36.641049,2,2,113.9,0.2,113.8,51,113.5,150,,,,,,,,,,,,,,,,,114.0,150,114.3,52,,,,,,,,,,,,,,,,
2026-07-03T02:03:36.972611+00:00,2026-07-03T02:03:36.967498,2,2,113.9,0.2,113.8,51,113.5,150,,,,,,,,,,,,,,,,,114.0,147,114.3,52,,,,,,,,,,,,,,,,
2026-07-03T02:03:37.225305+00:00,2026-07-03T02:03:37.225424,2,2,113.9,0.2,113.8,9,113.5,150,,,,,,,,,,,,,,,,,114.0,147,114.3,52,,,,,,,,,,,,,,,,
2026-07-03T02:03:37.800381+00:00,2026-07-03T02:03:37.800255,1,1,113.75,0.5,113.5,150,,,,,,,,,,,,,,,,,,,114.0,147,,,,,,,,,,,,,,,,,,
2026-07-03T02:03:37.858588+00:00,2026-07-03T02:03:37.854736,2,1,113.85,0.3,113.7,100,113.5,150,,,,,,,,,,,,,,,,,114.0,147,,,,,,,,,,,,,,,,,,
2026-07-03T02:03:37.904582+00:00,2026-07-03T02:03:37.904491,2,2,113.85,0.3,113.7,100,113.5,150,,,,,,,,,,,,,,,,,114.0,147,114.2,100,,,,,,,,,,,,,,,,
2026-07-03T02:03:38.867586+00:00,2026-07-03T02:03:38.867544,2,2,113.85,0.3,113.7,60,113.5,150,,,,,,,,,,,,,,,,,114.0,147,114.2,100,,,,,,,,,,,,,,,,
2026-07-03T02:03:39.697188+00:00,2026-07-03T02:03:39.697042,1,1,113.95,0.5,113.7,60,,,,,,,,,,,,,,,,,,,114.2,100,,,,,,,,,,,,,,,,,,
2026-07-03T02:03:39.751221+00:00,2026-07-03T02:03:39.751102,2,1,113.95,0.5,113.7,60,113.4,150,,,,,,,,,,,,,,,,,114.2,100,,,,,,,,,,,,,,,,,,
2026-07-03T02:03:39.801928+00:00,2026-07-03T02:03:39.802086,2,2,113.8,0.2,113.7,60,113.4,150,,,,,,,,,,,,,,,,,113.9,150,114.2,100,,,,,,,,,,,,,,,,
2026-07-03T02:03:40.958585+00:00,2026-07-03T02:03:40.956170,1,1,113.65,0.5,113.4,150,,,,,,,,,,,,,,,,,,,113.9,150,,,,,,,,,,,,,,,,,,
2026-07-03T02:03:41.010278+00:00,2026-07-03T02:03:41.010157,2,1,113.75,0.3,113.6,100,113.4,150,,,,,,,,,,,,,,,,,113.9,150,,,,,,,,,,,,,,,,,,
2026-07-03T02:03:41.063860+00:00,2026-07-03T02:03:41.063815,2,2,113.75,0.3,113.6,100,113.4,150,,,,,,,,,,,,,,,,,113.9,150,114.1,100,,,,,,,,,,,,,,,,
2026-07-03T02:03:41.214221+00:00,2026-07-03T02:03:41.214106,2,2,113.75,0.3,113.6,100,113.4,150,,,,,,,,,,,,,,,,,113.9,101,114.1,100,,,,,,,,,,,,,,,,
2026-07-03T02:03:42.859605+00:00,2026-07-03T02:03:42.859727,1,1,113.85,0.5,113.6,100,,,,,,,,,,,,,,,,,,,114.1,100,,,,,,,,,,,,,,,,,,
2026-07-03T02:03:42.913562+00:00,2026-07-03T02:03:42.913431,1,1,113.85,0.5,113.6,250,,,,,,,,,,,,,,,,,,,114.1,100,,,,,,,,,,,,,,,,,,
2026-07-03T02:03:42.965509+00:00,2026-07-03T02:03:42.965387,1,1,113.85,0.5,113.6,250,,,,,,,,,,,,,,,,,,,114.1,250,,,,,,,,,,,,,,,,,,
2026-07-03T02:03:43.091866+00:00,2026-07-03T02:03:43.091764,1,1,113.85,0.5,113.6,250,,,,,,,,,,,,,,,,,,,114.1,225,,,,,,,,,,,,,,,,,,
2026-07-03T02:03:43.300428+00:00,2026-07-03T02:03:43.300523,1,1,113.85,0.5,113.6,250,,,,,,,,,,,,,,,,,,,114.1,200,,,,,,,,,,,,,,,,,,
2026-07-03T02:03:43.506808+00:00,2026-07-03T02:03:43.506679,1,1,113.85,0.5,113.6,250,,,,,,,,,,,,,,,,,,,114.1,175,,,,,,,,,,,,,,,,,,
2026-07-03T02:03:43.690023+00:00,2026-07-03T02:03:43.689939,1,1,113.85,0.5,113.6,250,,,,,,,,,,,,,,,,,,,114.1,125,,,,,,,,,,,,,,,,,,
2026-07-03T02:03:43.718785+00:00,2026-07-03T02:03:43.718724,1,1,113.85,0.5,113.6,250,,,,,,,,,,,,,,,,,,,114.1,100,,,,,,,,,,,,,,,,,,
2026-07-03T02:03:43.928627+00:00,2026-07-03T02:03:43.928483,1,1,113.85,0.5,113.6,250,,,,,,,,,,,,,,,,,,,114.1,75,,,,,,,,,,,,,,,,,,
2026-07-03T02:03:44.122324+00:00,2026-07-03T02:03:44.122419,1,1,113.85,0.5,113.6,150,,,,,,,,,,,,,,,,,,,114.1,75,,,,,,,,,,,,,,,,,,
2026-07-03T02:03:44.148965+00:00,2026-07-03T02:03:44.148925,1,1,113.85,0.5,113.6,150,,,,,,,,,,,,,,,,,,,114.1,53,,,,,,,,,,,,,,,,,,
2026-07-03T02:03:44.175068+00:00,2026-07-03T02:03:44.174960,2,0,,,114.2,47,113.6,150,,,,,,,,,,,,,,,,,,,,,,,,,,,,,,,,,,,,
2026-07-03T02:03:44.242093+00:00,2026-07-03T02:03:44.241970,2,1,114.45,0.5,114.2,47,113.6,150,,,,,,,,,,,,,,,,,114.7,100,,,,,,,,,,,,,,,,,,
2026-07-03T02:03:44.389684+00:00,2026-07-03T02:03:44.383443,2,1,114.45,0.5,114.2,44,113.6,150,,,,,,,,,,,,,,,,,114.7,100,,,,,,,,,,,,,,,,,,
2026-07-03T02:03:44.556502+00:00,2026-07-03T02:03:44.556315,2,1,114.45,0.5,114.2,19,113.6,150,,,,,,,,,,,,,,,,,114.7,100,,,,,,,,,,,,,,,,,,
2026-07-03T02:03:44.758685+00:00,2026-07-03T02:03:44.756823,1,1,114.15,1.1,113.6,150,,,,,,,,,,,,,,,,,,,114.7,100,,,,,,,,,,,,,,,,,,
2026-07-03T02:03:45.703461+00:00,2026-07-03T02:03:45.703287,1,1,114.15,1.1,113.6,150,,,,,,,,,,,,,,,,,,,114.7,78,,,,,,,,,,,,,,,,,,
2026-07-03T02:03:45.850590+00:00,2026-07-03T02:03:45.850547,1,1,114.15,1.1,113.6,100,,,,,,,,,,,,,,,,,,,114.7,78,,,,,,,,,,,,,,,,,,
2026-07-03T02:03:46.036357+00:00,2026-07-03T02:03:46.036484,0,1,,,,,,,,,,,,,,,,,,,,,,,114.7,78,,,,,,,,,,,,,,,,,,
2026-07-03T02:03:46.091463+00:00,2026-07-03T02:03:46.091398,1,1,114.5,0.4,114.3,150,,,,,,,,,,,,,,,,,,,114.7,78,,,,,,,,,,,,,,,,,,
2026-07-03T02:03:46.145553+00:00,2026-07-03T02:03:46.145457,1,2,114.5,0.4,114.3,150,,,,,,,,,,,,,,,,,,,114.7,78,114.8,150,,,,,,,,,,,,,,,,
2026-07-03T02:03:47.292973+00:00,2026-07-03T02:03:47.292907,1,1,114.55,0.5,114.3,150,,,,,,,,,,,,,,,,,,,114.8,150,,,,,,,,,,,,,,,,,,
2026-07-03T02:03:47.347094+00:00,2026-07-03T02:03:47.347009,2,1,114.55,0.5,114.3,150,113.8,100,,,,,,,,,,,,,,,,,114.8,150,,,,,,,,,,,,,,,,,,
2026-07-03T02:03:47.400309+00:00,2026-07-03T02:03:47.400157,2,1,114.55,0.5,114.3,50,113.8,100,,,,,,,,,,,,,,,,,114.8,150,,,,,,,,,,,,,,,,,,
2026-07-03T02:03:47.641897+00:00,2026-07-03T02:03:47.641754,2,1,114.55,0.5,114.3,8,113.8,100,,,,,,,,,,,,,,,,,114.8,150,,,,,,,,,,,,,,,,,,
2026-07-03T02:03:47.958642+00:00,2026-07-03T02:03:47.958094,1,1,114.3,1.0,113.8,58,,,,,,,,,,,,,,,,,,,114.8,150,,,,,,,,,,,,,,,,,,
2026-07-03T02:03:48.128528+00:00,2026-07-03T02:03:48.128407,1,1,114.3,1.0,113.8,58,,,,,,,,,,,,,,,,,,,114.8,106,,,,,,,,,,,,,,,,,,
2026-07-03T02:03:49.198319+00:00,2026-07-03T02:03:49.198227,1,0,,,113.8,58,,,,,,,,,,,,,,,,,,,,,,,,,,,,,,,,,,,,,,
2026-07-03T02:03:49.258581+00:00,2026-07-03T02:03:49.253996,2,0,,,113.9,150,113.8,58,,,,,,,,,,,,,,,,,,,,,,,,,,,,,,,,,,,,
2026-07-03T02:03:49.304875+00:00,2026-07-03T02:03:49.304996,2,0,,,113.9,109,113.8,58,,,,,,,,,,,,,,,,,,,,,,,,,,,,,,,,,,,,
2026-07-03T02:03:49.310243+00:00,2026-07-03T02:03:49.310192,2,1,114.15,0.5,113.9,109,113.8,58,,,,,,,,,,,,,,,,,114.4,150,,,,,,,,,,,,,,,,,,
2026-07-03T02:03:49.843155+00:00,2026-07-03T02:03:49.843094,2,1,114.15,0.5,113.9,109,113.8,58,,,,,,,,,,,,,,,,,114.4,110,,,,,,,,,,,,,,,,,,
2026-07-03T02:03:50.050894+00:00,2026-07-03T02:03:50.057342,2,1,114.15,0.5,113.9,59,113.8,58,,,,,,,,,,,,,,,,,114.4,110,,,,,,,,,,,,,,,,,,
2026-07-03T02:03:50.458593+00:00,2026-07-03T02:03:50.448108,1,1,114.15,0.5,113.9,59,,,,,,,,,,,,,,,,,,,114.4,110,,,,,,,,,,,,,,,,,,
2026-07-03T02:03:50.509316+00:00,2026-07-03T02:03:50.509221,2,1,114.25,0.3,114.1,100,113.9,59,,,,,,,,,,,,,,,,,114.4,110,,,,,,,,,,,,,,,,,,
2026-07-03T02:03:50.563601+00:00,2026-07-03T02:03:50.563677,2,2,114.25,0.3,114.1,100,113.9,59,,,,,,,,,,,,,,,,,114.4,110,114.6,100,,,,,,,,,,,,,,,,
2026-07-03T02:03:51.398840+00:00,2026-07-03T02:03:51.399047,2,2,114.25,0.3,114.1,59,113.9,59,,,,,,,,,,,,,,,,,114.4,110,114.6,100,,,,,,,,,,,,,,,,
2026-07-03T02:03:52.173423+00:00,2026-07-03T02:03:52.173293,2,2,114.25,0.3,114.1,9,113.9,59,,,,,,,,,,,,,,,,,114.4,110,114.6,100,,,,,,,,,,,,,,,,
2026-07-03T02:03:52.358754+00:00,2026-07-03T02:03:52.355758,1,1,114.35,0.5,114.1,9,,,,,,,,,,,,,,,,,,,114.6,100,,,,,,,,,,,,,,,,,,
2026-07-03T02:03:52.418260+00:00,2026-07-03T02:03:52.418433,2,1,114.35,0.5,114.1,9,113.7,150,,,,,,,,,,,,,,,,,114.6,100,,,,,,,,,,,,,,,,,,
2026-07-03T02:03:52.470725+00:00,2026-07-03T02:03:52.470681,2,2,114.15,0.1,114.1,9,113.7,150,,,,,,,,,,,,,,,,,114.2,150,114.6,100,,,,,,,,,,,,,,,,
2026-07-03T02:03:52.480004+00:00,2026-07-03T02:03:52.473998,2,2,114.15,0.1,114.1,9,113.7,150,,,,,,,,,,,,,,,,,114.2,147,114.6,100,,,,,,,,,,,,,,,,
2026-07-03T02:03:53.608991+00:00,2026-07-03T02:03:53.608889,2,2,114.15,0.1,114.1,9,113.7,150,,,,,,,,,,,,,,,,,114.2,122,114.6,100,,,,,,,,,,,,,,,,
2026-07-03T02:03:53.614187+00:00,2026-07-03T02:03:53.614126,2,1,114.15,0.1,114.1,9,113.7,150,,,,,,,,,,,,,,,,,114.2,122,,,,,,,,,,,,,,,,,,
2026-07-03T02:03:53.619352+00:00,2026-07-03T02:03:53.619293,1,1,113.95,0.5,113.7,150,,,,,,,,,,,,,,,,,,,114.2,122,,,,,,,,,,,,,,,,,,
2026-07-03T02:03:53.672021+00:00,2026-07-03T02:03:53.672111,2,1,114.05,0.3,113.9,100,113.7,150,,,,,,,,,,,,,,,,,114.2,122,,,,,,,,,,,,,,,,,,
2026-07-03T02:03:53.724231+00:00,2026-07-03T02:03:53.724093,2,2,114.05,0.3,113.9,100,113.7,150,,,,,,,,,,,,,,,,,114.2,122,114.4,100,,,,,,,,,,,,,,,,
2026-07-03T02:03:53.818786+00:00,2026-07-03T02:03:53.818661,2,2,114.05,0.3,113.9,100,113.7,150,,,,,,,,,,,,,,,,,114.2,103,114.4,100,,,,,,,,,,,,,,,,
2026-07-03T02:03:54.279117+00:00,2026-07-03T02:03:54.279267,2,2,114.05,0.3,113.9,50,113.7,150,,,,,,,,,,,,,,,,,114.2,103,114.4,100,,,,,,,,,,,,,,,,
2026-07-03T02:03:54.606648+00:00,2026-07-03T02:03:54.606780,2,2,114.05,0.3,113.9,50,113.7,150,,,,,,,,,,,,,,,,,114.2,58,114.4,100,,,,,,,,,,,,,,,,
2026-07-03T02:03:55.525176+00:00,2026-07-03T02:03:55.525089,1,1,114.15,0.5,113.9,50,,,,,,,,,,,,,,,,,,,114.4,100,,,,,,,,,,,,,,,,,,
2026-07-03T02:03:55.581038+00:00,2026-07-03T02:03:55.580916,2,0,,,114.4,50,113.9,50,,,,,,,,,,,,,,,,,,,,,,,,,,,,,,,,,,,,
2026-07-03T02:03:55.635949+00:00,2026-07-03T02:03:55.635916,2,1,114.65,0.5,114.4,50,113.9,50,,,,,,,,,,,,,,,,,114.9,150,,,,,,,,,,,,,,,,,,
2026-07-03T02:03:56.390481+00:00,2026-07-03T02:03:56.390368,1,1,114.4,1.0,113.9,50,,,,,,,,,,,,,,,,,,,114.9,150,,,,,,,,,,,,,,,,,,
2026-07-03T02:03:56.778490+00:00,2026-07-03T02:03:56.778391,0,1,,,,,,,,,,,,,,,,,,,,,,,114.9,150,,,,,,,,,,,,,,,,,,
2026-07-03T02:03:56.831152+00:00,2026-07-03T02:03:56.831036,1,1,114.5,0.8,114.1,100,,,,,,,,,,,,,,,,,,,114.9,150,,,,,,,,,,,,,,,,,,
2026-07-03T02:03:56.883966+00:00,2026-07-03T02:03:56.883830,1,2,114.35,0.5,114.1,100,,,,,,,,,,,,,,,,,,,114.6,100,114.9,150,,,,,,,,,,,,,,,,
2026-07-03T02:03:57.280635+00:00,2026-07-03T02:03:57.280530,1,2,114.35,0.5,114.1,100,,,,,,,,,,,,,,,,,,,114.6,52,114.9,150,,,,,,,,,,,,,,,,
2026-07-03T02:03:58.509757+00:00,2026-07-03T02:03:58.509675,1,2,114.35,0.5,114.1,50,,,,,,,,,,,,,,,,,,,114.6,52,114.9,150,,,,,,,,,,,,,,,,
2026-07-03T02:03:58.685744+00:00,2026-07-03T02:03:58.685704,1,1,114.35,0.5,114.1,50,,,,,,,,,,,,,,,,,,,114.6,52,,,,,,,,,,,,,,,,,,
2026-07-03T02:03:58.742129+00:00,2026-07-03T02:03:58.742086,2,1,114.35,0.5,114.1,50,113.7,150,,,,,,,,,,,,,,,,,114.6,52,,,,,,,,,,,,,,,,,,
2026-07-03T02:03:58.805649+00:00,2026-07-03T02:03:58.805475,2,2,114.15,0.1,114.1,50,113.7,150,,,,,,,,,,,,,,,,,114.2,150,114.6,52,,,,,,,,,,,,,,,,
2026-07-03T02:03:59.938266+00:00,2026-07-03T02:03:59.938210,1,1,113.95,0.5,113.7,150,,,,,,,,,,,,,,,,,,,114.2,150,,,,,,,,,,,,,,,,,,
2026-07-03T02:03:59.991531+00:00,2026-07-03T02:03:59.991398,2,1,114.15,0.1,114.1,100,113.7,150,,,,,,,,,,,,,,,,,114.2,150,,,,,,,,,,,,,,,,,,
2026-07-03T02:04:00.045380+00:00,2026-07-03T02:04:00.045262,2,2,114.15,0.1,114.1,100,113.7,150,,,,,,,,,,,,,,,,,114.2,150,114.6,100,,,,,,,,,,,,,,,,
2026-07-03T02:04:00.622037+00:00,2026-07-03T02:04:00.621905,2,2,114.15,0.1,114.1,50,113.7,150,,,,,,,,,,,,,,,,,114.2,150,114.6,100,,,,,,,,,,,,,,,,
2026-07-03T02:04:01.219871+00:00,2026-07-03T02:04:01.213671,2,2,114.15,0.1,114.1,50,113.7,150,,,,,,,,,,,,,,,,,114.2,147,114.6,100,,,,,,,,,,,,,,,,
2026-07-03T02:04:01.860585+00:00,2026-07-03T02:04:01.860541,1,1,114.35,0.5,114.1,50,,,,,,,,,,,,,,,,,,,114.6,100,,,,,,,,,,,,,,,,,,
2026-07-03T02:04:01.915545+00:00,2026-07-03T02:04:01.915405,2,1,114.35,0.5,114.1,50,113.6,150,,,,,,,,,,,,,,,,,114.6,100,,,,,,,,,,,,,,,,,,
2026-07-03T02:04:01.967987+00:00,2026-07-03T02:04:01.967893,1,2,113.85,0.5,113.6,150,,,,,,,,,,,,,,,,,,,114.1,100,114.6,100,,,,,,,,,,,,,,,,
2026-07-03T02:04:02.676459+00:00,2026-07-03T02:04:02.676345,1,2,113.85,0.5,113.6,150,,,,,,,,,,,,,,,,,,,114.1,50,114.6,100,,,,,,,,,,,,,,,,
2026-07-03T02:04:03.099754+00:00,2026-07-03T02:04:03.099631,1,1,113.85,0.5,113.6,150,,,,,,,,,,,,,,,,,,,114.1,50,,,,,,,,,,,,,,,,,,
2026-07-03T02:04:03.158605+00:00,2026-07-03T02:04:03.152427,2,1,113.95,0.3,113.8,100,113.6,150,,,,,,,,,,,,,,,,,114.1,50,,,,,,,,,,,,,,,,,,
2026-07-03T02:04:03.205226+00:00,2026-07-03T02:04:03.205103,2,2,113.95,0.3,113.8,100,113.6,150,,,,,,,,,,,,,,,,,114.1,50,114.3,100,,,,,,,,,,,,,,,,
2026-07-03T02:04:03.965899+00:00,2026-07-03T02:04:03.965733,2,2,113.95,0.3,113.8,55,113.6,150,,,,,,,,,,,,,,,,,114.1,50,114.3,100,,,,,,,,,,,,,,,,
2026-07-03T02:04:04.820795+00:00,2026-07-03T02:04:04.820646,2,1,114.05,0.5,113.8,55,113.6,150,,,,,,,,,,,,,,,,,114.3,100,,,,,,,,,,,,,,,,,,
2026-07-03T02:04:05.006902+00:00,2026-07-03T02:04:05.006992,2,1,114.05,0.5,113.8,55,113.6,150,,,,,,,,,,,,,,,,,114.3,54,,,,,,,,,,,,,,,,,,
2026-07-03T02:04:05.024760+00:00,2026-07-03T02:04:05.024636,1,1,114.05,0.5,113.8,55,,,,,,,,,,,,,,,,,,,114.3,54,,,,,,,,,,,,,,,,,,
2026-07-03T02:04:05.074512+00:00,2026-07-03T02:04:05.074398,2,0,,,114.4,96,113.8,55,,,,,,,,,,,,,,,,,,,,,,,,,,,,,,,,,,,,
2026-07-03T02:04:05.141613+00:00,2026-07-03T02:04:05.135423,2,1,114.65,0.5,114.4,93,113.8,55,,,,,,,,,,,,,,,,,114.9,150,,,,,,,,,,,,,,,,,,
