recv_time,book_timestamp,n_bids,n_asks,mid,spread,bid_px_0,bid_vol_0,bid_px_1,bid_vol_1,bid_px_2,bid_vol_2,bid_px_3,bid_vol_3,bid_px_4,bid_vol_4,bid_px_5,bid_vol_5,bid_px_6,bid_vol_6,bid_px_7,bid_vol_7,bid_px_8,bid_vol_8,bid_px_9,bid_vol_9,ask_px_0,ask_vol_0,ask_px_1,ask_vol_1,ask_px_2,ask_vol_2,ask_px_3,ask_vol_3,ask_px_4,ask_vol_4,ask_px_5,ask_vol_5,ask_px_6,ask_vol_6,ask_px_7,ask_vol_7,ask_px_8,ask_vol_8,ask_px_9,ask_vol_9
2026-06-29T02:00:00.152543+00:00,2026-06-29T12:00:00.143544,1,1,98.95,0.5,98.7,100,,,,,,,,,,,,,,,,,,,99.2,50,,,,,,,,,,,,,,,,,,
2026-06-29T02:00:00.196544+00:00,2026-06-29T12:00:00.195544,2,1,98.95,0.5,98.7,100,98.5,150,,,,,,,,,,,,,,,,,99.2,50,,,,,,,,,,,,,,,,,,
2026-06-29T02:00:00.251544+00:00,2026-06-29T12:00:00.249544,2,2,98.85,0.3,98.7,100,98.5,150,,,,,,,,,,,,,,,,,99.0,150,99.2,50,,,,,,,,,,,,,,,,
2026-06-29T02:00:00.472204+00:00,2026-06-29T12:00:00.464205,1,1,98.75,0.5,98.5,150,,,,,,,,,,,,,,,,,,,99.0,150,,,,,,,,,,,,,,,,,,
2026-06-29T02:00:00.527204+00:00,2026-06-29T12:00:00.518204,2,1,98.9,0.2,98.8,100,98.5,150,,,,,,,,,,,,,,,,,99.0,150,,,,,,,,,,,,,,,,,,
2026-06-29T02:00:00.582205+00:00,2026-06-29T12:00:00.581204,2,2,98.9,0.2,98.8,100,98.5,150,,,,,,,,,,,,,,,,,99.0,150,99.3,100,,,,,,,,,,,,,,,,
2026-06-29T02:00:00.714205+00:00,2026-06-29T12:00:00.714205,2,2,98.9,0.2,98.8,100,98.5,156,,,,,,,,,,,,,,,,,99.0,150,99.3,100,,,,,,,,,,,,,,,,
2026-06-29T02:00:00.945204+00:00,2026-06-29T12:00:00.940205,2,2,98.9,0.2,98.8,100,98.5,156,,,,,,,,,,,,,,,,,99.0,110,99.3,100,,,,,,,,,,,,,,,,
2026-06-29T02:00:01.121205+00:00,2026-06-29T12:00:01.114205,2,2,98.9,0.2,98.8,100,98.5,156,,,,,,,,,,,,,,,,,99.0,60,99.3,100,,,,,,,,,,,,,,,,
2026-06-29T02:00:01.704205+00:00,2026-06-29T12:00:01.699205,2,2,98.9,0.2,98.8,100,98.5,155,,,,,,,,,,,,,,,,,99.0,60,99.3,100,,,,,,,,,,,,,,,,
2026-06-29T02:00:02.650204+00:00,2026-06-29T12:00:02.639204,2,2,98.9,0.2,98.8,100,98.5,153,,,,,,,,,,,,,,,,,99.0,60,99.3,100,,,,,,,,,,,,,,,,
2026-06-29T02:00:03.243337+00:00,2026-06-29T12:00:03.241337,2,2,98.9,0.2,98.8,100,98.5,153,,,,,,,,,,,,,,,,,99.0,10,99.3,100,,,,,,,,,,,,,,,,
2026-06-29T02:00:03.309338+00:00,2026-06-29T12:00:03.307338,2,1,99.05,0.5,98.8,100,98.5,3,,,,,,,,,,,,,,,,,99.3,100,,,,,,,,,,,,,,,,,,
2026-06-29T02:00:03.363853+00:00,2026-06-29T12:00:03.358853,3,1,99.2,0.2,99.1,150,98.8,100,98.5,3,,,,,,,,,,,,,,,99.3,100,,,,,,,,,,,,,,,,,,
2026-06-29T02:00:03.418853+00:00,2026-06-29T12:00:03.410853,3,2,99.2,0.2,99.1,150,98.8,100,98.5,3,,,,,,,,,,,,,,,99.3,100,99.6,150,,,,,,,,,,,,,,,,
2026-06-29T02:00:03.506853+00:00,2026-06-29T12:00:03.505853,3,2,99.2,0.2,99.1,108,98.8,100,98.5,3,,,,,,,,,,,,,,,99.3,100,99.6,150,,,,,,,,,,,,,,,,
2026-06-29T02:00:03.638862+00:00,2026-06-29T12:00:03.634862,2,1,99.35,0.5,99.1,108,98.5,3,,,,,,,,,,,,,,,,,99.6,150,,,,,,,,,,,,,,,,,,
2026-06-29T02:00:03.693862+00:00,2026-06-29T12:00:03.687858,3,1,99.35,0.5,99.1,108,98.8,100,98.5,3,,,,,,,,,,,,,,,99.6,150,,,,,,,,,,,,,,,,,,
2026-06-29T02:00:03.715862+00:00,2026-06-29T12:00:03.707862,3,1,99.35,0.5,99.1,108,98.8,100,98.5,1,,,,,,,,,,,,,,,99.6,150,,,,,,,,,,,,,,,,,,
2026-06-29T02:00:03.748854+00:00,2026-06-29T12:00:03.740862,3,2,99.2,0.2,99.1,108,98.8,100,98.5,1,,,,,,,,,,,,,,,99.3,100,99.6,150,,,,,,,,,,,,,,,,
2026-06-29T02:00:03.836853+00:00,2026-06-29T12:00:03.835853,2,2,99.2,0.2,99.1,108,98.8,100,,,,,,,,,,,,,,,,,99.3,100,99.6,150,,,,,,,,,,,,,,,,
2026-06-29T02:00:03.979862+00:00,2026-06-29T12:00:03.978862,2,2,99.2,0.2,99.1,66,98.8,100,,,,,,,,,,,,,,,,,99.3,100,99.6,150,,,,,,,,,,,,,,,,
2026-06-29T02:00:04.716862+00:00,2026-06-29T12:00:04.715862,2,2,99.2,0.2,99.1,62,98.8,100,,,,,,,,,,,,,,,,,99.3,100,99.6,150,,,,,,,,,,,,,,,,
2026-06-29T02:00:04.837854+00:00,2026-06-29T12:00:04.834854,3,2,99.2,0.2,99.1,58,98.8,100,98.6,3,,,,,,,,,,,,,,,99.3,100,99.6,150,,,,,,,,,,,,,,,,
2026-06-29T02:00:05.354874+00:00,2026-06-29T12:00:05.346883,3,2,99.2,0.2,99.1,58,98.8,100,98.6,3,,,,,,,,,,,,,,,99.3,50,99.6,150,,,,,,,,,,,,,,,,
2026-06-29T02:00:05.640882+00:00,2026-06-29T12:00:05.632882,3,2,99.2,0.2,99.1,33,98.8,100,98.6,3,,,,,,,,,,,,,,,99.3,50,99.6,150,,,,,,,,,,,,,,,,
2026-06-29T02:00:05.706882+00:00,2026-06-29T12:00:05.700882,3,2,99.2,0.2,99.1,8,98.8,100,98.6,3,,,,,,,,,,,,,,,99.3,50,99.6,150,,,,,,,,,,,,,,,,
2026-06-29T02:00:05.717882+00:00,2026-06-29T12:00:05.709883,3,2,99.2,0.2,99.1,5,98.8,100,98.6,3,,,,,,,,,,,,,,,99.3,50,99.6,150,,,,,,,,,,,,,,,,
2026-06-29T02:00:05.816882+00:00,2026-06-29T12:00:05.809883,3,2,99.2,0.2,99.1,2,98.8,100,98.6,3,,,,,,,,,,,,,,,99.3,50,99.6,150,,,,,,,,,,,,,,,,
2026-06-29T02:00:05.849883+00:00,2026-06-29T12:00:05.845882,2,3,98.9,0.2,98.8,100,98.6,3,,,,,,,,,,,,,,,,,99.0,3,99.3,50,99.6,150,,,,,,,,,,,,,,
2026-06-29T02:00:05.860883+00:00,2026-06-29T12:00:05.853883,2,2,99.05,0.5,98.8,100,98.6,3,,,,,,,,,,,,,,,,,99.3,7,99.6,150,,,,,,,,,,,,,,,,
2026-06-29T02:00:06.475978+00:00,2026-06-29T12:00:06.464978,2,1,99.05,0.5,98.8,100,98.6,3,,,,,,,,,,,,,,,,,99.3,7,,,,,,,,,,,,,,,,,,
2026-06-29T02:00:06.530978+00:00,2026-06-29T12:00:06.520128,3,1,99.05,0.5,98.8,100,98.6,3,98.4,150,,,,,,,,,,,,,,,99.3,7,,,,,,,,,,,,,,,,,,
2026-06-29T02:00:06.574978+00:00,2026-06-29T12:00:06.571978,3,2,98.85,0.1,98.8,100,98.6,3,98.4,150,,,,,,,,,,,,,,,98.9,150,99.3,7,,,,,,,,,,,,,,,,
2026-06-29T02:00:06.805969+00:00,2026-06-29T12:00:06.797969,2,1,98.75,0.3,98.6,3,98.4,150,,,,,,,,,,,,,,,,,98.9,150,,,,,,,,,,,,,,,,,,
2026-06-29T02:00:06.860969+00:00,2026-06-29T12:00:06.853969,2,1,98.75,0.3,98.6,3,98.4,150,,,,,,,,,,,,,,,,,98.9,50,,,,,,,,,,,,,,,,,,
2026-06-29T02:00:06.904969+00:00,2026-06-29T12:00:06.896969,2,1,98.75,0.3,98.6,3,98.4,150,,,,,,,,,,,,,,,,,98.9,1,,,,,,,,,,,,,,,,,,
2026-06-29T02:00:06.915969+00:00,2026-06-29T12:00:06.907969,2,2,98.75,0.3,98.6,3,98.4,150,,,,,,,,,,,,,,,,,98.9,1,99.4,100,,,,,,,,,,,,,,,,
2026-06-29T02:00:07.454978+00:00,2026-06-29T12:00:07.453978,2,1,99.0,0.8,98.6,3,98.4,150,,,,,,,,,,,,,,,,,99.4,51,,,,,,,,,,,,,,,,,,
2026-06-29T02:00:08.939672+00:00,2026-06-29T12:00:08.932663,2,2,98.8,0.4,98.6,3,98.4,150,,,,,,,,,,,,,,,,,99.0,2,99.4,51,,,,,,,,,,,,,,,,
2026-06-29T02:00:09.071671+00:00,2026-06-29T12:00:09.064672,2,1,99.0,0.8,98.6,3,98.4,150,,,,,,,,,,,,,,,,,99.4,51,,,,,,,,,,,,,,,,,,
2026-06-29T02:00:09.654671+00:00,2026-06-29T12:00:09.646672,1,1,99.0,0.8,98.6,3,,,,,,,,,,,,,,,,,,,99.4,51,,,,,,,,,,,,,,,,,,
2026-06-29T02:00:09.709672+00:00,2026-06-29T12:00:09.704671,1,1,99.3,0.2,99.2,150,,,,,,,,,,,,,,,,,,,99.4,51,,,,,,,,,,,,,,,,,,
2026-06-29T02:00:09.764671+00:00,2026-06-29T12:00:09.754663,1,2,99.3,0.2,99.2,150,,,,,,,,,,,,,,,,,,,99.4,51,99.7,150,,,,,,,,,,,,,,,,
2026-06-29T02:00:09.863671+00:00,2026-06-29T12:00:09.854671,2,2,99.3,0.2,99.2,150,98.8,5,,,,,,,,,,,,,,,,,99.4,51,99.7,150,,,,,,,,,,,,,,,,
2026-06-29T02:00:09.962663+00:00,2026-06-29T12:00:09.962663,2,1,99.45,0.5,99.2,150,98.8,5,,,,,,,,,,,,,,,,,99.7,150,,,,,,,,,,,,,,,,,,
2026-06-29T02:00:10.017671+00:00,2026-06-29T12:00:10.013672,3,1,99.45,0.5,99.2,150,99.0,100,98.8,5,,,,,,,,,,,,,,,99.7,150,,,,,,,,,,,,,,,,,,
2026-06-29T02:00:10.072672+00:00,2026-06-29T12:00:10.067662,3,2,99.35,0.3,99.2,150,99.0,100,98.8,5,,,,,,,,,,,,,,,99.5,100,99.7,150,,,,,,,,,,,,,,,,
2026-06-29T02:00:10.083671+00:00,2026-06-29T12:00:10.073672,3,2,99.35,0.3,99.2,148,99.0,100,98.8,5,,,,,,,,,,,,,,,99.5,100,99.7,150,,,,,,,,,,,,,,,,
2026-06-29T02:00:10.094671+00:00,2026-06-29T12:00:10.088663,3,2,99.35,0.3,99.2,103,99.0,100,98.8,5,,,,,,,,,,,,,,,99.5,100,99.7,150,,,,,,,,,,,,,,,,
2026-06-29T02:00:10.457205+00:00,2026-06-29T12:00:10.447206,3,2,99.35,0.3,99.2,103,99.0,100,98.8,3,,,,,,,,,,,,,,,99.5,100,99.7,150,,,,,,,,,,,,,,,,
2026-06-29T02:00:10.688196+00:00,2026-06-29T12:00:10.686196,3,2,99.35,0.3,99.2,103,99.0,100,98.8,3,,,,,,,,,,,,,,,99.5,51,99.7,150,,,,,,,,,,,,,,,,
2026-06-29T02:00:10.765196+00:00,2026-06-29T12:00:10.764196,3,2,99.35,0.3,99.2,103,99.0,100,98.8,2,,,,,,,,,,,,,,,99.5,51,99.7,150,,,,,,,,,,,,,,,,
2026-06-29T02:00:10.919196+00:00,2026-06-29T12:00:10.914197,2,2,99.35,0.3,99.2,103,99.0,100,,,,,,,,,,,,,,,,,99.5,51,99.7,150,,,,,,,,,,,,,,,,
2026-06-29T02:00:11.667205+00:00,2026-06-29T12:00:11.663205,2,2,99.35,0.3,99.2,103,99.0,100,,,,,,,,,,,,,,,,,99.5,1,99.7,150,,,,,,,,,,,,,,,,
2026-06-29T02:00:11.821205+00:00,2026-06-29T12:00:11.811205,2,2,99.35,0.3,99.2,98,99.0,100,,,,,,,,,,,,,,,,,99.5,1,99.7,150,,,,,,,,,,,,,,,,
2026-06-29T02:00:11.887205+00:00,2026-06-29T12:00:11.883205,2,2,99.35,0.3,99.2,93,99.0,100,,,,,,,,,,,,,,,,,99.5,1,99.7,150,,,,,,,,,,,,,,,,
2026-06-29T02:00:11.975205+00:00,2026-06-29T12:00:11.967196,2,2,99.35,0.3,99.2,88,99.0,100,,,,,,,,,,,,,,,,,99.5,1,99.7,150,,,,,,,,,,,,,,,,
2026-06-29T02:00:12.228196+00:00,2026-06-29T12:00:12.225196,2,2,99.35,0.3,99.2,42,99.0,100,,,,,,,,,,,,,,,,,99.5,1,99.7,150,,,,,,,,,,,,,,,,
2026-06-29T02:00:12.822205+00:00,2026-06-29T12:00:12.812205,2,1,99.35,0.3,99.2,37,99.0,100,,,,,,,,,,,,,,,,,99.5,1,,,,,,,,,,,,,,,,,,
2026-06-29T02:00:12.833205+00:00,2026-06-29T12:00:12.827205,1,0,,,99.0,100,,,,,,,,,,,,,,,,,,,,,,,,,,,,,,,,,,,,,,
2026-06-29T02:00:12.877205+00:00,2026-06-29T12:00:12.867206,2,0,,,99.0,100,98.8,150,,,,,,,,,,,,,,,,,,,,,,,,,,,,,,,,,,,,
2026-06-29T02:00:12.932196+00:00,2026-06-29T12:00:12.921196,2,1,99.15,0.3,99.0,100,98.8,150,,,,,,,,,,,,,,,,,99.3,150,,,,,,,,,,,,,,,,,,
2026-06-29T02:00:13.020198+00:00,2026-06-29T12:00:13.011196,2,2,99.1,0.2,99.0,100,98.8,150,,,,,,,,,,,,,,,,,99.2,4,99.3,150,,,,,,,,,,,,,,,,
2026-06-29T02:00:13.130196+00:00,2026-06-29T12:00:13.121196,1,2,99.0,0.4,98.8,150,,,,,,,,,,,,,,,,,,,99.2,4,99.3,150,,,,,,,,,,,,,,,,
2026-06-29T02:00:13.185196+00:00,2026-06-29T12:00:13.178196,1,1,99.05,0.5,98.8,150,,,,,,,,,,,,,,,,,,,99.3,54,,,,,,,,,,,,,,,,,,
2026-06-29T02:00:13.239734+00:00,2026-06-29T12:00:13.231196,1,2,99.05,0.5,98.8,150,,,,,,,,,,,,,,,,,,,99.3,54,99.8,100,,,,,,,,,,,,,,,,
2026-06-29T02:00:13.305734+00:00,2026-06-29T12:00:13.303734,1,2,99.05,0.5,98.8,150,,,,,,,,,,,,,,,,,,,99.3,8,99.8,100,,,,,,,,,,,,,,,,
2026-06-29T02:00:13.778743+00:00,2026-06-29T12:00:13.772743,1,1,99.3,1.0,98.8,150,,,,,,,,,,,,,,,,,,,99.8,58,,,,,,,,,,,,,,,,,,
2026-06-29T02:00:13.844743+00:00,2026-06-29T12:00:13.840743,1,2,99.05,0.5,98.8,150,,,,,,,,,,,,,,,,,,,99.3,3,99.8,58,,,,,,,,,,,,,,,,
2026-06-29T02:00:14.042743+00:00,2026-06-29T12:00:14.035743,1,2,99.05,0.5,98.8,150,,,,,,,,,,,,,,,,,,,99.3,1,99.8,58,,,,,,,,,,,,,,,,
2026-06-29T02:00:14.295743+00:00,2026-06-29T12:00:14.293743,1,2,99.05,0.5,98.8,102,,,,,,,,,,,,,,,,,,,99.3,1,99.8,58,,,,,,,,,,,,,,,,
2026-06-29T02:00:15.890743+00:00,2026-06-29T12:00:15.881743,1,1,99.3,1.0,98.8,102,,,,,,,,,,,,,,,,,,,99.8,9,,,,,,,,,,,,,,,,,,
2026-06-29T02:00:15.978743+00:00,2026-06-29T12:00:15.974743,0,1,,,,,,,,,,,,,,,,,,,,,,,99.8,9,,,,,,,,,,,,,,,,,,
2026-06-29T02:00:16.022735+00:00,2026-06-29T12:00:16.016734,1,1,99.45,0.7,99.1,6,,,,,,,,,,,,,,,,,,,99.8,9,,,,,,,,,,,,,,,,,,
2026-06-29T02:00:16.033734+00:00,2026-06-29T12:00:16.027734,2,1,99.45,0.7,99.1,6,99.0,150,,,,,,,,,,,,,,,,,99.8,9,,,,,,,,,,,,,,,,,,
2026-06-29T02:00:16.088494+00:00,2026-06-29T12:00:16.080493,2,2,99.3,0.4,99.1,6,99.0,150,,,,,,,,,,,,,,,,,99.5,150,99.8,9,,,,,,,,,,,,,,,,
2026-06-29T02:00:16.286503+00:00,2026-06-29T12:00:16.285503,2,1,99.3,0.4,99.1,6,99.0,150,,,,,,,,,,,,,,,,,99.5,150,,,,,,,,,,,,,,,,,,
2026-06-29T02:00:16.363502+00:00,2026-06-29T12:00:16.353503,3,1,99.4,0.2,99.3,100,99.1,6,99.0,150,,,,,,,,,,,,,,,99.5,150,,,,,,,,,,,,,,,,,,
2026-06-29T02:00:16.407499+00:00,2026-06-29T12:00:16.405502,3,2,99.4,0.2,99.3,100,99.1,6,99.0,150,,,,,,,,,,,,,,,99.5,150,99.8,100,,,,,,,,,,,,,,,,
2026-06-29T02:00:16.495502+00:00,2026-06-29T12:00:16.485503,3,2,99.4,0.2,99.3,98,99.1,6,99.0,150,,,,,,,,,,,,,,,99.5,150,99.8,100,,,,,,,,,,,,,,,,
2026-06-29T02:00:16.913522+00:00,2026-06-29T12:00:16.905523,3,2,99.4,0.2,99.3,98,99.1,6,99.0,150,,,,,,,,,,,,,,,99.5,107,99.8,100,,,,,,,,,,,,,,,,
2026-06-29T02:00:17.100523+00:00,2026-06-29T12:00:17.095523,3,2,99.4,0.2,99.3,96,99.1,6,99.0,150,,,,,,,,,,,,,,,99.5,107,99.8,100,,,,,,,,,,,,,,,,
2026-06-29T02:00:17.507522+00:00,2026-06-29T12:00:17.506523,3,2,99.4,0.2,99.3,71,99.1,6,99.0,150,,,,,,,,,,,,,,,99.5,107,99.8,100,,,,,,,,,,,,,,,,
2026-06-29T02:00:17.551523+00:00,2026-06-29T12:00:17.541523,3,2,99.4,0.2,99.3,46,99.1,6,99.0,150,,,,,,,,,,,,,,,99.5,107,99.8,100,,,,,,,,,,,,,,,,
2026-06-29T02:00:17.716522+00:00,2026-06-29T12:00:17.715522,3,2,99.4,0.2,99.3,21,99.1,6,99.0,150,,,,,,,,,,,,,,,99.5,107,99.8,100,,,,,,,,,,,,,,,,
2026-06-29T02:00:17.760514+00:00,2026-06-29T12:00:17.753514,2,2,99.3,0.4,99.1,6,99.0,150,,,,,,,,,,,,,,,,,99.5,107,99.8,100,,,,,,,,,,,,,,,,
2026-06-29T02:00:17.771522+00:00,2026-06-29T12:00:17.765522,2,2,99.3,0.4,99.1,4,99.0,150,,,,,,,,,,,,,,,,,99.5,107,99.8,100,,,,,,,,,,,,,,,,
2026-06-29T02:00:17.969523+00:00,2026-06-29T12:00:17.965523,2,2,99.3,0.4,99.1,2,99.0,150,,,,,,,,,,,,,,,,,99.5,107,99.8,100,,,,,,,,,,,,,,,,
2026-06-29T02:00:18.046523+00:00,2026-06-29T12:00:18.039523,1,2,99.25,0.5,99.0,102,,,,,,,,,,,,,,,,,,,99.5,107,99.8,100,,,,,,,,,,,,,,,,
2026-06-29T02:00:18.365080+00:00,2026-06-29T12:00:18.363080,2,2,99.3,0.4,99.1,6,99.0,102,,,,,,,,,,,,,,,,,99.5,107,99.8,100,,,,,,,,,,,,,,,,
2026-06-29T02:00:18.969613+00:00,2026-06-29T12:00:18.964613,2,3,99.25,0.3,99.1,6,99.0,102,,,,,,,,,,,,,,,,,99.4,1,99.5,107,99.8,100,,,,,,,,,,,,,,
2026-06-29T02:00:19.145614+00:00,2026-06-29T12:00:19.136614,1,2,99.25,0.3,99.1,6,,,,,,,,,,,,,,,,,,,99.4,1,99.8,100,,,,,,,,,,,,,,,,
2026-06-29T02:00:19.189614+00:00,2026-06-29T12:00:19.186613,2,2,99.25,0.3,99.1,6,99.0,150,,,,,,,,,,,,,,,,,99.4,1,99.8,100,,,,,,,,,,,,,,,,
2026-06-29T02:00:19.244613+00:00,2026-06-29T12:00:19.239613,2,3,99.25,0.3,99.1,6,99.0,150,,,,,,,,,,,,,,,,,99.4,1,99.5,150,99.8,100,,,,,,,,,,,,,,
2026-06-29T02:00:19.464614+00:00,2026-06-29T12:00:19.458614,2,2,99.25,0.3,99.1,6,99.0,150,,,,,,,,,,,,,,,,,99.4,1,99.5,150,,,,,,,,,,,,,,,,
2026-06-29T02:00:19.519613+00:00,2026-06-29T12:00:19.513614,3,2,99.25,0.3,99.1,6,99.0,150,98.9,100,,,,,,,,,,,,,,,99.4,1,99.5,150,,,,,,,,,,,,,,,,
2026-06-29T02:00:19.574614+00:00,2026-06-29T12:00:19.566614,3,2,99.25,0.3,99.1,6,99.0,150,98.9,100,,,,,,,,,,,,,,,99.4,101,99.5,150,,,,,,,,,,,,,,,,
2026-06-29T02:00:20.102614+00:00,2026-06-29T12:00:20.099614,3,2,99.25,0.3,99.1,5,99.0,150,98.9,100,,,,,,,,,,,,,,,99.4,101,99.5,150,,,,,,,,,,,,,,,,
2026-06-29T02:00:20.168613+00:00,2026-06-29T12:00:20.157614,2,2,99.2,0.4,99.0,105,98.9,100,,,,,,,,,,,,,,,,,99.4,101,99.5,150,,,,,,,,,,,,,,,,
2026-06-29T02:00:20.245614+00:00,2026-06-29T12:00:20.240614,3,2,99.25,0.3,99.1,5,99.0,105,98.9,100,,,,,,,,,,,,,,,99.4,101,99.5,150,,,,,,,,,,,,,,,,
2026-06-29T02:00:20.949613+00:00,2026-06-29T12:00:20.939605,2,2,99.2,0.4,99.0,69,98.9,100,,,,,,,,,,,,,,,,,99.4,101,99.5,150,,,,,,,,,,,,,,,,
2026-06-29T02:00:21.059613+00:00,2026-06-29T12:00:21.051613,3,2,99.25,0.3,99.1,5,99.0,69,98.9,100,,,,,,,,,,,,,,,99.4,101,99.5,150,,,,,,,,,,,,,,,,
2026-06-29T02:00:21.301613+00:00,2026-06-29T12:00:21.292613,3,2,99.25,0.3,99.1,4,99.0,69,98.9,100,,,,,,,,,,,,,,,99.4,101,99.5,150,,,,,,,,,,,,,,,,
2026-06-29T02:00:21.576614+00:00,2026-06-29T12:00:21.573613,3,2,99.25,0.3,99.1,4,99.0,69,98.9,100,,,,,,,,,,,,,,,99.4,61,99.5,150,,,,,,,,,,,,,,,,
2026-06-29T02:00:21.631619+00:00,2026-06-29T12:00:21.628618,2,2,99.2,0.4,99.0,69,98.9,100,,,,,,,,,,,,,,,,,99.4,61,99.5,150,,,,,,,,,,,,,,,,
2026-06-29T02:00:22.126627+00:00,2026-06-29T12:00:22.121627,3,2,99.25,0.3,99.1,4,99.0,69,98.9,100,,,,,,,,,,,,,,,99.4,61,99.5,150,,,,,,,,,,,,,,,,
2026-06-29T02:00:22.269627+00:00,2026-06-29T12:00:22.264627,2,2,99.2,0.4,99.0,23,98.9,100,,,,,,,,,,,,,,,,,99.4,61,99.5,150,,,,,,,,,,,,,,,,
2026-06-29T02:00:22.302619+00:00,2026-06-29T12:00:22.300629,2,1,99.25,0.3,99.1,4,98.9,100,,,,,,,,,,,,,,,,,99.4,63,,,,,,,,,,,,,,,,,,
2026-06-29T02:00:22.357627+00:00,2026-06-29T12:00:22.347628,3,1,99.25,0.3,99.1,4,98.9,100,98.6,150,,,,,,,,,,,,,,,99.4,63,,,,,,,,,,,,,,,,,,
2026-06-29T02:00:22.412627+00:00,2026-06-29T12:00:22.403627,2,2,99.0,0.2,98.9,100,98.6,150,,,,,,,,,,,,,,,,,99.1,146,99.4,63,,,,,,,,,,,,,,,,
2026-06-29T02:00:22.489628+00:00,2026-06-29T12:00:22.487627,2,2,99.0,0.2,98.9,100,98.6,150,,,,,,,,,,,,,,,,,99.1,142,99.4,63,,,,,,,,,,,,,,,,
2026-06-29T02:00:22.621627+00:00,2026-06-29T12:00:22.620627,2,2,99.0,0.2,98.9,100,98.6,150,,,,,,,,,,,,,,,,,99.1,142,99.4,2,,,,,,,,,,,,,,,,
2026-06-29T02:00:22.632627+00:00,2026-06-29T12:00:22.621627,1,2,98.85,0.5,98.6,150,,,,,,,,,,,,,,,,,,,99.1,142,99.4,2,,,,,,,,,,,,,,,,
2026-06-29T02:00:22.687627+00:00,2026-06-29T12:00:22.676627,1,2,98.85,0.5,98.6,150,,,,,,,,,,,,,,,,,,,99.1,42,99.4,2,,,,,,,,,,,,,,,,
2026-06-29T02:00:22.731627+00:00,2026-06-29T12:00:22.728627,1,3,98.85,0.5,98.6,150,,,,,,,,,,,,,,,,,,,99.1,42,99.4,2,99.6,100,,,,,,,,,,,,,,
2026-06-29T02:00:24.139185+00:00,2026-06-29T12:00:24.137184,2,3,99.05,0.1,99.0,3,98.6,150,,,,,,,,,,,,,,,,,99.1,42,99.4,2,99.6,100,,,,,,,,,,,,,,
2026-06-29T02:00:24.348185+00:00,2026-06-29T12:00:24.347185,1,3,98.85,0.5,98.6,104,,,,,,,,,,,,,,,,,,,99.1,42,99.4,2,99.6,100,,,,,,,,,,,,,,
2026-06-29T02:00:24.381184+00:00,2026-06-29T12:00:24.373185,2,3,99.05,0.1,99.0,3,98.6,54,,,,,,,,,,,,,,,,,99.1,42,99.4,2,99.6,100,,,,,,,,,,,,,,
2026-06-29T02:00:25.184185+00:00,2026-06-29T12:00:25.181184,2,3,99.05,0.1,99.0,2,98.6,54,,,,,,,,,,,,,,,,,99.1,42,99.4,2,99.6,100,,,,,,,,,,,,,,
2026-06-29T02:00:25.360185+00:00,2026-06-29T12:00:25.349184,2,3,99.05,0.1,99.0,2,98.6,54,,,,,,,,,,,,,,,,,99.1,17,99.4,2,99.6,100,,,,,,,,,,,,,,
2026-06-29T02:00:25.426185+00:00,2026-06-29T12:00:25.419176,2,1,99.3,0.6,99.0,2,98.6,54,,,,,,,,,,,,,,,,,99.6,100,,,,,,,,,,,,,,,,,,
2026-06-29T02:00:25.459184+00:00,2026-06-29T12:00:25.457184,1,1,99.3,0.6,99.0,2,,,,,,,,,,,,,,,,,,,99.6,100,,,,,,,,,,,,,,,,,,
2026-06-29T02:00:25.514185+00:00,2026-06-29T12:00:25.510184,2,1,99.35,0.5,99.1,150,99.0,2,,,,,,,,,,,,,,,,,99.6,100,,,,,,,,,,,,,,,,,,
2026-06-29T02:00:25.569184+00:00,2026-06-29T12:00:25.565184,2,1,99.35,0.5,99.1,150,99.0,2,,,,,,,,,,,,,,,,,99.6,250,,,,,,,,,,,,,,,,,,
2026-06-29T02:00:25.789184+00:00,2026-06-29T12:00:25.783185,2,1,99.35,0.5,99.1,150,99.0,2,,,,,,,,,,,,,,,,,99.6,150,,,,,,,,,,,,,,,,,,
2026-06-29T02:00:25.844184+00:00,2026-06-29T12:00:25.836184,2,1,99.35,0.5,99.1,150,99.0,102,,,,,,,,,,,,,,,,,99.6,150,,,,,,,,,,,,,,,,,,
2026-06-29T02:00:25.899184+00:00,2026-06-29T12:00:25.889185,2,2,99.3,0.4,99.1,150,99.0,102,,,,,,,,,,,,,,,,,99.5,100,99.6,150,,,,,,,,,,,,,,,,
2026-06-29T02:00:26.481746+00:00,2026-06-29T12:00:26.479746,2,2,99.3,0.4,99.1,100,99.0,102,,,,,,,,,,,,,,,,,99.5,100,99.6,150,,,,,,,,,,,,,,,,
2026-06-29T02:00:27.262271+00:00,2026-06-29T12:00:27.257272,2,3,99.2,0.2,99.1,100,99.0,102,,,,,,,,,,,,,,,,,99.3,4,99.5,100,99.6,150,,,,,,,,,,,,,,
2026-06-29T02:00:27.933271+00:00,2026-06-29T12:00:27.922272,2,3,99.2,0.2,99.1,100,99.0,102,,,,,,,,,,,,,,,,,99.3,3,99.5,100,99.6,150,,,,,,,,,,,,,,
2026-06-29T02:00:28.593133+00:00,2026-06-29T12:00:28.592133,2,3,99.2,0.2,99.1,50,99.0,102,,,,,,,,,,,,,,,,,99.3,3,99.5,100,99.6,150,,,,,,,,,,,,,,
2026-06-29T02:00:28.626132+00:00,2026-06-29T12:00:28.621132,1,2,99.15,0.3,99.0,102,,,,,,,,,,,,,,,,,,,99.3,3,99.5,100,,,,,,,,,,,,,,,,
2026-06-29T02:00:28.681133+00:00,2026-06-29T12:00:28.674133,2,2,99.15,0.3,99.0,102,98.7,150,,,,,,,,,,,,,,,,,99.3,3,99.5,100,,,,,,,,,,,,,,,,
2026-06-29T02:00:28.736132+00:00,2026-06-29T12:00:28.726133,2,3,99.1,0.2,99.0,102,98.7,150,,,,,,,,,,,,,,,,,99.2,150,99.3,3,99.5,100,,,,,,,,,,,,,,
2026-06-29T02:00:28.769133+00:00,2026-06-29T12:00:28.766132,2,3,99.1,0.2,99.0,102,98.7,150,,,,,,,,,,,,,,,,,99.2,125,99.3,3,99.5,100,,,,,,,,,,,,,,
2026-06-29T02:00:28.868132+00:00,2026-06-29T12:00:28.864133,2,3,99.1,0.2,99.0,102,98.7,150,,,,,,,,,,,,,,,,,99.2,100,99.3,3,99.5,100,,,,,,,,,,,,,,
2026-06-29T02:00:28.945133+00:00,2026-06-29T12:00:28.944133,2,2,99.1,0.2,99.0,2,98.7,150,,,,,,,,,,,,,,,,,99.2,100,99.3,3,,,,,,,,,,,,,,,,
2026-06-29T02:00:28.978133+00:00,2026-06-29T12:00:28.975132,2,2,99.1,0.2,99.0,2,98.7,150,,,,,,,,,,,,,,,,,99.2,75,99.3,3,,,,,,,,,,,,,,,,
2026-06-29T02:00:29.000133+00:00,2026-06-29T12:00:28.997133,2,2,99.1,0.2,99.0,102,98.7,150,,,,,,,,,,,,,,,,,99.2,75,99.3,3,,,,,,,,,,,,,,,,
2026-06-29T02:00:29.055132+00:00,2026-06-29T12:00:29.050132,2,3,99.1,0.2,99.0,102,98.7,150,,,,,,,,,,,,,,,,,99.2,75,99.3,3,99.5,100,,,,,,,,,,,,,,
2026-06-29T02:00:29.077132+00:00,2026-06-29T12:00:29.074132,2,3,99.1,0.2,99.0,102,98.7,150,,,,,,,,,,,,,,,,,99.2,50,99.3,3,99.5,100,,,,,,,,,,,,,,
2026-06-29T02:00:29.627133+00:00,2026-06-29T12:00:29.624134,2,3,99.1,0.2,99.0,102,98.7,150,,,,,,,,,,,,,,,,,99.2,50,99.3,2,99.5,100,,,,,,,,,,,,,,
2026-06-29T02:00:30.650152+00:00,2026-06-29T12:00:30.648152,2,2,99.15,0.3,99.0,102,98.7,150,,,,,,,,,,,,,,,,,99.3,2,99.5,100,,,,,,,,,,,,,,,,
2026-06-29T02:00:31.398152+00:00,2026-06-29T12:00:31.393152,2,1,99.25,0.5,99.0,102,98.7,150,,,,,,,,,,,,,,,,,99.5,57,,,,,,,,,,,,,,,,,,
2026-06-29T02:00:31.783152+00:00,2026-06-29T12:00:31.779152,1,1,99.25,0.5,99.0,102,,,,,,,,,,,,,,,,,,,99.5,57,,,,,,,,,,,,,,,,,,
2026-06-29T02:00:31.838152+00:00,2026-06-29T12:00:31.833153,2,1,99.4,0.2,99.3,150,99.0,102,,,,,,,,,,,,,,,,,99.5,57,,,,,,,,,,,,,,,,,,
2026-06-29T02:00:31.893152+00:00,2026-06-29T12:00:31.885152,2,2,99.4,0.2,99.3,150,99.0,102,,,,,,,,,,,,,,,,,99.5,57,99.8,150,,,,,,,,,,,,,,,,
2026-06-29T02:00:32.113152+00:00,2026-06-29T12:00:32.105143,2,1,99.55,0.5,99.3,150,99.0,2,,,,,,,,,,,,,,,,,99.8,150,,,,,,,,,,,,,,,,,,
2026-06-29T02:00:32.168152+00:00,2026-06-29T12:00:32.157152,3,1,99.55,0.5,99.3,150,99.1,100,99.0,2,,,,,,,,,,,,,,,99.8,150,,,,,,,,,,,,,,,,,,
2026-06-29T02:00:32.212152+00:00,2026-06-29T12:00:32.210152,3,2,99.45,0.3,99.3,150,99.1,100,99.0,2,,,,,,,,,,,,,,,99.6,100,99.8,150,,,,,,,,,,,,,,,,
2026-06-29T02:00:32.366153+00:00,2026-06-29T12:00:32.365152,3,2,99.45,0.3,99.3,150,99.1,100,99.0,2,,,,,,,,,,,,,,,99.6,60,99.8,150,,,,,,,,,,,,,,,,
2026-06-29T02:00:32.762152+00:00,2026-06-29T12:00:32.755152,3,2,99.45,0.3,99.3,150,99.1,100,99.0,2,,,,,,,,,,,,,,,99.6,10,99.8,150,,,,,,,,,,,,,,,,
2026-06-29T02:00:34.873243+00:00,2026-06-29T12:00:34.863244,3,1,99.55,0.5,99.3,150,99.1,100,99.0,2,,,,,,,,,,,,,,,99.8,110,,,,,,,,,,,,,,,,,,
2026-06-29T02:00:34.950243+00:00,2026-06-29T12:00:34.940243,2,0,,,99.1,100,99.0,2,,,,,,,,,,,,,,,,,,,,,,,,,,,,,,,,,,,,
2026-06-29T02:00:34.994234+00:00,2026-06-29T12:00:34.992235,3,0,,,99.4,150,99.1,100,99.0,2,,,,,,,,,,,,,,,,,,,,,,,,,,,,,,,,,,
2026-06-29T02:00:35.049234+00:00,2026-06-29T12:00:35.047235,3,1,99.65,0.5,99.4,107,99.1,100,99.0,2,,,,,,,,,,,,,,,99.9,150,,,,,,,,,,,,,,,,,,
2026-06-29T02:00:35.269234+00:00,2026-06-29T12:00:35.263234,2,1,99.65,0.5,99.4,107,99.0,2,,,,,,,,,,,,,,,,,99.9,150,,,,,,,,,,,,,,,,,,
2026-06-29T02:00:35.324235+00:00,2026-06-29T12:00:35.315234,3,1,99.7,0.4,99.5,100,99.4,107,99.0,2,,,,,,,,,,,,,,,99.9,150,,,,,,,,,,,,,,,,,,
2026-06-29T02:00:35.379234+00:00,2026-06-29T12:00:35.368234,3,2,99.7,0.4,99.5,100,99.4,107,99.0,2,,,,,,,,,,,,,,,99.9,150,100.0,100,,,,,,,,,,,,,,,,
2026-06-29T02:00:35.401243+00:00,2026-06-29T12:00:35.391243,3,2,99.7,0.4,99.5,99,99.4,107,99.0,2,,,,,,,,,,,,,,,99.9,150,100.0,100,,,,,,,,,,,,,,,,
2026-06-29T02:00:35.610243+00:00,2026-06-29T12:00:35.599243,3,2,99.7,0.4,99.5,93,99.4,107,99.0,2,,,,,,,,,,,,,,,99.9,150,100.0,100,,,,,,,,,,,,,,,,
2026-06-29T02:00:35.643243+00:00,2026-06-29T12:00:35.640243,2,2,99.7,0.4,99.5,93,99.4,107,,,,,,,,,,,,,,,,,99.9,150,100.0,100,,,,,,,,,,,,,,,,
2026-06-29T02:00:35.808243+00:00,2026-06-29T12:00:35.806243,2,2,99.7,0.4,99.5,68,99.4,107,,,,,,,,,,,,,,,,,99.9,150,100.0,100,,,,,,,,,,,,,,,,
2026-06-29T02:00:35.896234+00:00,2026-06-29T12:00:35.892234,2,2,99.7,0.4,99.5,43,99.4,107,,,,,,,,,,,,,,,,,99.9,150,100.0,100,,,,,,,,,,,,,,,,
2026-06-29T02:00:36.017234+00:00,2026-06-29T12:00:36.017234,2,2,99.7,0.4,99.5,18,99.4,107,,,,,,,,,,,,,,,,,99.9,150,100.0,100,,,,,,,,,,,,,,,,
2026-06-29T02:00:36.104808+00:00,2026-06-29T12:00:36.100807,1,2,99.65,0.5,99.4,107,,,,,,,,,,,,,,,,,,,99.9,150,100.0,100,,,,,,,,,,,,,,,,
2026-06-29T02:00:36.115807+00:00,2026-06-29T12:00:36.105808,2,2,99.65,0.5,99.4,107,99.2,3,,,,,,,,,,,,,,,,,99.9,150,100.0,100,,,,,,,,,,,,,,,,
2026-06-29T02:00:36.126807+00:00,2026-06-29T12:00:36.115807,2,2,99.65,0.5,99.4,105,99.2,3,,,,,,,,,,,,,,,,,99.9,150,100.0,100,,,,,,,,,,,,,,,,
2026-06-29T02:00:36.236807+00:00,2026-06-29T12:00:36.225807,2,2,99.65,0.5,99.4,100,99.2,3,,,,,,,,,,,,,,,,,99.9,150,100.0,100,,,,,,,,,,,,,,,,
2026-06-29T02:00:36.324808+00:00,2026-06-29T12:00:36.322807,2,2,99.65,0.5,99.4,98,99.2,3,,,,,,,,,,,,,,,,,99.9,150,100.0,100,,,,,,,,,,,,,,,,
2026-06-29T02:00:36.533808+00:00,2026-06-29T12:00:36.524808,2,2,99.65,0.5,99.4,96,99.2,3,,,,,,,,,,,,,,,,,99.9,150,100.0,100,,,,,,,,,,,,,,,,
2026-06-29T02:00:36.731807+00:00,2026-06-29T12:00:36.729807,2,2,99.65,0.5,99.4,95,99.2,3,,,,,,,,,,,,,,,,,99.9,150,100.0,100,,,,,,,,,,,,,,,,
2026-06-29T02:00:36.973808+00:00,2026-06-29T12:00:36.969808,2,2,99.65,0.5,99.4,95,99.2,3,,,,,,,,,,,,,,,,,99.9,100,100.0,100,,,,,,,,,,,,,,,,
2026-06-29T02:00:37.908828+00:00,2026-06-29T12:00:37.902828,2,2,99.65,0.5,99.4,47,99.2,3,,,,,,,,,,,,,,,,,99.9,100,100.0,100,,,,,,,,,,,,,,,,
2026-06-29T02:00:37.963828+00:00,2026-06-29T12:00:37.958828,2,2,99.65,0.5,99.4,47,99.2,2,,,,,,,,,,,,,,,,,99.9,100,100.0,100,,,,,,,,,,,,,,,,
2026-06-29T02:00:38.128827+00:00,2026-06-29T12:00:38.118827,1,1,99.6,0.8,99.2,2,,,,,,,,,,,,,,,,,,,100.0,100,,,,,,,,,,,,,,,,,,
2026-06-29T02:00:38.172828+00:00,2026-06-29T12:00:38.170828,2,1,99.65,0.7,99.3,150,99.2,2,,,,,,,,,,,,,,,,,100.0,100,,,,,,,,,,,,,,,,,,
2026-06-29T02:00:38.227826+00:00,2026-06-29T12:00:38.222828,2,2,99.55,0.5,99.3,150,99.2,2,,,,,,,,,,,,,,,,,99.8,150,100.0,100,,,,,,,,,,,,,,,,
2026-06-29T02:00:38.425210+00:00,2026-06-29T12:00:38.422211,2,1,99.55,0.5,99.3,150,99.2,2,,,,,,,,,,,,,,,,,99.8,150,,,,,,,,,,,,,,,,,,
2026-06-29T02:00:38.447210+00:00,2026-06-29T12:00:38.437208,2,1,99.55,0.5,99.3,150,99.2,2,,,,,,,,,,,,,,,,,99.8,103,,,,,,,,,,,,,,,,,,
2026-06-29T02:00:38.480211+00:00,2026-06-29T12:00:38.475211,2,1,99.55,0.5,99.3,250,99.2,2,,,,,,,,,,,,,,,,,99.8,103,,,,,,,,,,,,,,,,,,
2026-06-29T02:00:38.535211+00:00,2026-06-29T12:00:38.531211,2,1,99.55,0.5,99.3,250,99.2,2,,,,,,,,,,,,,,,,,99.8,203,,,,,,,,,,,,,,,,,,
2026-06-29T02:00:39.085211+00:00,2026-06-29T12:00:39.075211,2,1,99.55,0.5,99.3,250,99.2,2,,,,,,,,,,,,,,,,,99.8,153,,,,,,,,,,,,,,,,,,
2026-06-29T02:00:39.954211+00:00,2026-06-29T12:00:39.943211,2,1,99.55,0.5,99.3,210,99.2,2,,,,,,,,,,,,,,,,,99.8,153,,,,,,,,,,,,,,,,,,
2026-06-29T02:00:41.285222+00:00,2026-06-29T12:00:41.277222,2,1,99.55,0.5,99.3,100,99.2,2,,,,,,,,,,,,,,,,,99.8,100,,,,,,,,,,,,,,,,,,
2026-06-29T02:00:41.340214+00:00,2026-06-29T12:00:41.331213,3,1,99.65,0.3,99.5,150,99.3,100,99.2,2,,,,,,,,,,,,,,,99.8,100,,,,,,,,,,,,,,,,,,
2026-06-29T02:00:41.395214+00:00,2026-06-29T12:00:41.384213,3,2,99.65,0.3,99.5,150,99.3,100,99.2,2,,,,,,,,,,,,,,,99.8,100,100.0,150,,,,,,,,,,,,,,,,
2026-06-29T02:00:41.527213+00:00,2026-06-29T12:00:41.520214,3,2,99.65,0.3,99.5,150,99.3,100,99.2,2,,,,,,,,,,,,,,,99.8,54,100.0,150,,,,,,,,,,,,,,,,
2026-06-29T02:00:41.593222+00:00,2026-06-29T12:00:41.586222,2,1,99.75,0.5,99.5,150,99.2,2,,,,,,,,,,,,,,,,,100.0,150,,,,,,,,,,,,,,,,,,
2026-06-29T02:00:41.648222+00:00,2026-06-29T12:00:41.639223,3,1,99.75,0.5,99.5,150,99.4,100,99.2,2,,,,,,,,,,,,,,,100.0,150,,,,,,,,,,,,,,,,,,
2026-06-29T02:00:41.692214+00:00,2026-06-29T12:00:41.692214,3,2,99.7,0.4,99.5,150,99.4,100,99.2,2,,,,,,,,,,,,,,,99.9,100,100.0,150,,,,,,,,,,,,,,,,
2026-06-29T02:00:42.451223+00:00,2026-06-29T12:00:42.448223,3,2,99.7,0.4,99.5,125,99.4,100,99.2,2,,,,,,,,,,,,,,,99.9,100,100.0,150,,,,,,,,,,,,,,,,
2026-06-29T02:00:42.550223+00:00,2026-06-29T12:00:42.544222,3,2,99.7,0.4,99.5,100,99.4,100,99.2,2,,,,,,,,,,,,,,,99.9,100,100.0,150,,,,,,,,,,,,,,,,
2026-06-29T02:00:42.660223+00:00,2026-06-29T12:00:42.655223,3,2,99.7,0.4,99.5,75,99.4,100,99.2,2,,,,,,,,,,,,,,,99.9,100,100.0,150,,,,,,,,,,,,,,,,
2026-06-29T02:00:42.759223+00:00,2026-06-29T12:00:42.753223,3,2,99.7,0.4,99.5,50,99.4,100,99.2,2,,,,,,,,,,,,,,,99.9,100,100.0,150,,,,,,,,,,,,,,,,
2026-06-29T02:00:42.869223+00:00,2026-06-29T12:00:42.866222,3,2,99.7,0.4,99.5,25,99.4,100,99.2,2,,,,,,,,,,,,,,,99.9,100,100.0,150,,,,,,,,,,,,,,,,
2026-06-29T02:00:42.978747+00:00,2026-06-29T12:00:42.968738,2,2,99.65,0.5,99.4,100,99.2,2,,,,,,,,,,,,,,,,,99.9,100,100.0,150,,,,,,,,,,,,,,,,
2026-06-29T02:00:43.297304+00:00,2026-06-29T12:00:43.289304,2,2,99.65,0.5,99.4,100,99.2,2,,,,,,,,,,,,,,,,,99.9,50,100.0,150,,,,,,,,,,,,,,,,
2026-06-29T02:00:44.441304+00:00,2026-06-29T12:00:44.437304,2,1,99.65,0.5,99.4,100,99.2,2,,,,,,,,,,,,,,,,,99.9,50,,,,,,,,,,,,,,,,,,
2026-06-29T02:00:44.507304+00:00,2026-06-29T12:00:44.500304,3,1,99.65,0.5,99.4,100,99.2,2,98.9,150,,,,,,,,,,,,,,,99.9,50,,,,,,,,,,,,,,,,,,
2026-06-29T02:00:44.551304+00:00,2026-06-29T12:00:44.545304,2,2,99.3,0.2,99.2,2,98.9,150,,,,,,,,,,,,,,,,,99.4,50,99.9,50,,,,,,,,,,,,,,,,
2026-06-29T02:00:44.771304+00:00,2026-06-29T12:00:44.769297,2,1,99.3,0.2,99.2,2,98.9,150,,,,,,,,,,,,,,,,,99.4,50,,,,,,,,,,,,,,,,,,
2026-06-29T02:00:44.826304+00:00,2026-06-29T12:00:44.825296,2,1,99.3,0.2,99.2,102,98.9,150,,,,,,,,,,,,,,,,,99.4,50,,,,,,,,,,,,,,,,,,
2026-06-29T02:00:44.881304+00:00,2026-06-29T12:00:44.878304,2,2,99.3,0.2,99.2,102,98.9,150,,,,,,,,,,,,,,,,,99.4,50,99.7,100,,,,,,,,,,,,,,,,
2026-06-29T02:00:45.398304+00:00,2026-06-29T12:00:45.395304,2,1,99.45,0.5,99.2,102,98.9,150,,,,,,,,,,,,,,,,,99.7,100,,,,,,,,,,,,,,,,,,
2026-06-29T02:00:45.618304+00:00,2026-06-29T12:00:45.616305,2,2,99.4,0.4,99.2,102,98.9,150,,,,,,,,,,,,,,,,,99.6,3,99.7,100,,,,,,,,,,,,,,,,
2026-06-29T02:00:46.123132+00:00,2026-06-29T12:00:46.113132,2,1,99.45,0.5,99.2,102,98.9,150,,,,,,,,,,,,,,,,,99.7,55,,,,,,,,,,,,,,,,,,
2026-06-29T02:00:46.167131+00:00,2026-06-29T12:00:46.161131,2,1,99.45,0.5,99.2,59,98.9,150,,,,,,,,,,,,,,,,,99.7,55,,,,,,,,,,,,,,,,,,
2026-06-29T02:00:46.574131+00:00,2026-06-29T12:00:46.566122,2,2,99.4,0.4,99.2,59,98.9,150,,,,,,,,,,,,,,,,,99.6,4,99.7,55,,,,,,,,,,,,,,,,
2026-06-29T02:00:46.585131+00:00,2026-06-29T12:00:46.581131,3,2,99.45,0.3,99.3,2,99.2,59,98.9,150,,,,,,,,,,,,,,,99.6,4,99.7,55,,,,,,,,,,,,,,,,
2026-06-29T02:00:47.003123+00:00,2026-06-29T12:00:46.992131,3,2,99.45,0.3,99.3,2,99.2,59,98.9,150,,,,,,,,,,,,,,,99.6,3,99.7,55,,,,,,,,,,,,,,,,
2026-06-29T02:00:47.509131+00:00,2026-06-29T12:00:47.504131,3,1,99.5,0.4,99.3,2,99.2,59,98.9,150,,,,,,,,,,,,,,,99.7,8,,,,,,,,,,,,,,,,,,
2026-06-29T02:00:47.608131+00:00,2026-06-29T12:00:47.606132,2,2,99.45,0.3,99.3,2,99.2,59,,,,,,,,,,,,,,,,,99.6,3,99.7,8,,,,,,,,,,,,,,,,
2026-06-29T02:00:47.663131+00:00,2026-06-29T12:00:47.652131,3,2,99.55,0.1,99.5,150,99.3,2,99.2,59,,,,,,,,,,,,,,,99.6,3,99.7,8,,,,,,,,,,,,,,,,
2026-06-29T02:00:47.707131+00:00,2026-06-29T12:00:47.704131,3,3,99.55,0.1,99.5,150,99.3,2,99.2,59,,,,,,,,,,,,,,,99.6,3,99.7,8,100.0,150,,,,,,,,,,,,,,
2026-06-29T02:00:47.949131+00:00,2026-06-29T12:00:47.947131,3,2,99.55,0.1,99.5,150,99.3,2,99.2,59,,,,,,,,,,,,,,,99.6,3,100.0,150,,,,,,,,,,,,,,,,
2026-06-29T02:00:47.960123+00:00,2026-06-29T12:00:47.949131,2,2,99.55,0.1,99.5,150,99.3,2,,,,,,,,,,,,,,,,,99.6,3,100.0,150,,,,,,,,,,,,,,,,
2026-06-29T02:00:48.015124+00:00,2026-06-29T12:00:48.005122,3,1,99.75,0.5,99.5,150,99.4,100,99.3,2,,,,,,,,,,,,,,,100.0,150,,,,,,,,,,,,,,,,,,
2026-06-29T02:00:48.059123+00:00,2026-06-29T12:00:48.056122,3,2,99.7,0.4,99.5,150,99.4,100,99.3,2,,,,,,,,,,,,,,,99.9,100,100.0,150,,,,,,,,,,,,,,,,
2026-06-29T02:00:48.630089+00:00,2026-06-29T12:00:48.629089,3,2,99.7,0.4,99.5,150,99.4,100,99.3,1,,,,,,,,,,,,,,,99.9,100,100.0,150,,,,,,,,,,,,,,,,
2026-06-29T02:00:49.111080+00:00,2026-06-29T12:00:49.105080,3,2,99.7,0.4,99.5,150,99.4,100,99.3,1,,,,,,,,,,,,,,,99.9,59,100.0,150,,,,,,,,,,,,,,,,
2026-06-29T02:00:49.628089+00:00,2026-06-29T12:00:49.623089,3,2,99.7,0.4,99.5,150,99.4,100,99.3,1,,,,,,,,,,,,,,,99.9,9,100.0,150,,,,,,,,,,,,,,,,
2026-06-29T02:00:49.826089+00:00,2026-06-29T12:00:49.825089,3,3,99.6,0.2,99.5,150,99.4,100,99.3,1,,,,,,,,,,,,,,,99.7,4,99.9,9,100.0,150,,,,,,,,,,,,,,
2026-06-29T02:00:50.761110+00:00,2026-06-29T12:00:50.760110,2,2,99.55,0.3,99.4,100,99.3,1,,,,,,,,,,,,,,,,,99.7,4,99.9,9,,,,,,,,,,,,,,,,
2026-06-29T02:00:50.838109+00:00,2026-06-29T12:00:50.829110,3,1,99.8,0.2,99.7,146,99.4,100,99.3,1,,,,,,,,,,,,,,,99.9,9,,,,,,,,,,,,,,,,,,
2026-06-29T02:00:50.871110+00:00,2026-06-29T12:00:50.870110,3,1,99.8,0.2,99.7,143,99.4,100,99.3,1,,,,,,,,,,,,,,,99.9,9,,,,,,,,,,,,,,,,,,
2026-06-29T02:00:50.893110+00:00,2026-06-29T12:00:50.891110,3,2,99.8,0.2,99.7,118,99.4,100,99.3,1,,,,,,,,,,,,,,,99.9,9,100.2,150,,,,,,,,,,,,,,,,
2026-06-29T02:00:51.003110+00:00,2026-06-29T12:00:50.998110,3,2,99.8,0.2,99.7,93,99.4,100,99.3,1,,,,,,,,,,,,,,,99.9,9,100.2,150,,,,,,,,,,,,,,,,
2026-06-29T02:00:51.113110+00:00,2026-06-29T12:00:51.112110,3,1,99.95,0.5,99.7,68,99.4,100,99.3,1,,,,,,,,,,,,,,,100.2,150,,,,,,,,,,,,,,,,,,
2026-06-29T02:00:51.124110+00:00,2026-06-29T12:00:51.113110,2,1,99.95,0.5,99.7,68,99.3,1,,,,,,,,,,,,,,,,,100.2,150,,,,,,,,,,,,,,,,,,
2026-06-29T02:00:51.168110+00:00,2026-06-29T12:00:51.167110,3,1,100.0,0.4,99.8,100,99.7,68,99.3,1,,,,,,,,,,,,,,,100.2,150,,,,,,,,,,,,,,,,,,
2026-06-29T02:00:51.223110+00:00,2026-06-29T12:00:51.222109,3,2,100.0,0.4,99.8,75,99.7,68,99.3,1,,,,,,,,,,,,,,,100.2,150,100.3,100,,,,,,,,,,,,,,,,
2026-06-29T02:00:51.432110+00:00,2026-06-29T12:00:51.430110,3,2,100.0,0.4,99.8,56,99.7,68,99.3,1,,,,,,,,,,,,,,,100.2,150,100.3,100,,,,,,,,,,,,,,,,
2026-06-29T02:00:51.784110+00:00,2026-06-29T12:00:51.779110,3,2,100.0,0.4,99.8,6,99.7,68,99.3,1,,,,,,,,,,,,,,,100.2,150,100.3,100,,,,,,,,,,,,,,,,
2026-06-29T02:00:51.795110+00:00,2026-06-29T12:00:51.785110,2,2,100.0,0.4,99.8,6,99.7,68,,,,,,,,,,,,,,,,,100.2,150,100.3,100,,,,,,,,,,,,,,,,
2026-06-29T02:00:51.861110+00:00,2026-06-29T12:00:51.860110,2,2,100.0,0.4,99.8,2,99.7,68,,,,,,,,,,,,,,,,,100.2,150,100.3,100,,,,,,,,,,,,,,,,
2026-06-29T02:00:51.927109+00:00,2026-06-29T12:00:51.917110,1,2,99.95,0.5,99.7,68,,,,,,,,,,,,,,,,,,,100.2,150,100.3,100,,,,,,,,,,,,,,,,
2026-06-29T02:00:53.917756+00:00,2026-06-29T12:00:53.913764,1,2,99.95,0.5,99.7,18,,,,,,,,,,,,,,,,,,,100.2,150,100.3,100,,,,,,,,,,,,,,,,
2026-06-29T02:00:53.939764+00:00,2026-06-29T12:00:53.933764,0,1,,,,,,,,,,,,,,,,,,,,,,,100.3,100,,,,,,,,,,,,,,,,,,
2026-06-29T02:00:53.994765+00:00,2026-06-29T12:00:53.985756,1,1,99.7,1.2,99.1,150,,,,,,,,,,,,,,,,,,,100.3,100,,,,,,,,,,,,,,,,,,
2026-06-29T02:00:54.049764+00:00,2026-06-29T12:00:54.038765,1,2,99.35,0.5,99.1,150,,,,,,,,,,,,,,,,,,,99.6,150,100.3,100,,,,,,,,,,,,,,,,
2026-06-29T02:00:54.280764+00:00,2026-06-29T12:00:54.275764,1,1,99.35,0.5,99.1,150,,,,,,,,,,,,,,,,,,,99.6,150,,,,,,,,,,,,,,,,,,
2026-06-29T02:00:54.335764+00:00,2026-06-29T12:00:54.329756,2,1,99.55,0.1,99.5,100,99.1,150,,,,,,,,,,,,,,,,,99.6,150,,,,,,,,,,,,,,,,,,
2026-06-29T02:00:54.390764+00:00,2026-06-29T12:00:54.382764,2,2,99.55,0.1,99.5,100,99.1,150,,,,,,,,,,,,,,,,,99.6,150,100.0,100,,,,,,,,,,,,,,,,
2026-06-29T02:00:56.029764+00:00,2026-06-29T12:00:56.020764,2,2,99.55,0.1,99.5,50,99.1,150,,,,,,,,,,,,,,,,,99.6,150,100.0,100,,,,,,,,,,,,,,,,
2026-06-29T02:00:56.095339+00:00,2026-06-29T12:00:56.094339,2,2,99.55,0.1,99.5,7,99.1,150,,,,,,,,,,,,,,,,,99.6,150,100.0,100,,,,,,,,,,,,,,,,
2026-06-29T02:00:57.030339+00:00,2026-06-29T12:00:57.026339,1,2,99.35,0.5,99.1,114,,,,,,,,,,,,,,,,,,,99.6,150,100.0,100,,,,,,,,,,,,,,,,
2026-06-29T02:00:57.107338+00:00,2026-06-29T12:00:57.096338,0,1,,,,,,,,,,,,,,,,,,,,,,,100.0,100,,,,,,,,,,,,,,,,,,
2026-06-29T02:00:57.151339+00:00,2026-06-29T12:00:57.150339,1,1,99.45,1.1,98.9,150,,,,,,,,,,,,,,,,,,,100.0,100,,,,,,,,,,,,,,,,,,
2026-06-29T02:00:57.206339+00:00,2026-06-29T12:00:57.204339,1,2,99.15,0.5,98.9,150,,,,,,,,,,,,,,,,,,,99.4,150,100.0,100,,,,,,,,,,,,,,,,
2026-06-29T02:00:57.437339+00:00,2026-06-29T12:00:57.436339,1,1,99.15,0.5,98.9,150,,,,,,,,,,,,,,,,,,,99.4,150,,,,,,,,,,,,,,,,,,
2026-06-29T02:00:57.492339+00:00,2026-06-29T12:00:57.488339,2,1,99.25,0.3,99.1,100,98.9,150,,,,,,,,,,,,,,,,,99.4,150,,,,,,,,,,,,,,,,,,
2026-06-29T02:00:57.547338+00:00,2026-06-29T12:00:57.543339,2,2,99.25,0.3,99.1,100,98.9,150,,,,,,,,,,,,,,,,,99.4,150,99.6,100,,,,,,,,,,,,,,,,
2026-06-29T02:00:58.163339+00:00,2026-06-29T12:00:58.152339,2,2,99.25,0.3,99.1,50,98.9,150,,,,,,,,,,,,,,,,,99.4,150,99.6,100,,,,,,,,,,,,,,,,
2026-06-29T02:00:59.757910+00:00,2026-06-29T12:00:59.746910,2,2,99.25,0.3,99.1,50,98.9,150,,,,,,,,,,,,,,,,,99.4,146,99.6,100,,,,,,,,,,,,,,,,
2026-06-29T02:00:59.812910+00:00,2026-06-29T12:00:59.804910,2,2,99.25,0.3,99.1,50,98.9,150,,,,,,,,,,,,,,,,,99.4,103,99.6,100,,,,,,,,,,,,,,,,
2026-06-29T02:01:00.263910+00:00,2026-06-29T12:01:00.260903,0,1,,,,,,,,,,,,,,,,,,,,,,,99.6,100,,,,,,,,,,,,,,,,,,
2026-06-29T02:01:00.318910+00:00,2026-06-29T12:01:00.310910,1,1,99.25,0.7,98.9,150,,,,,,,,,,,,,,,,,,,99.6,100,,,,,,,,,,,,,,,,,,
2026-06-29T02:01:00.340910+00:00,2026-06-29T12:01:00.335910,1,1,99.25,0.7,98.9,150,,,,,,,,,,,,,,,,,,,99.6,57,,,,,,,,,,,,,,,,,,
2026-06-29T02:01:00.373910+00:00,2026-06-29T12:01:00.363910,1,2,99.15,0.5,98.9,150,,,,,,,,,,,,,,,,,,,99.4,150,99.6,57,,,,,,,,,,,,,,,,
2026-06-29T02:01:00.604910+00:00,2026-06-29T12:01:00.595910,1,1,99.15,0.5,98.9,150,,,,,,,,,,,,,,,,,,,99.4,150,,,,,,,,,,,,,,,,,,
2026-06-29T02:01:00.659910+00:00,2026-06-29T12:01:00.649910,2,1,99.15,0.5,98.9,150,98.8,100,,,,,,,,,,,,,,,,,99.4,150,,,,,,,,,,,,,,,,,,
2026-06-29T02:01:00.703910+00:00,2026-06-29T12:01:00.702910,2,2,99.1,0.4,98.9,150,98.8,100,,,,,,,,,,,,,,,,,99.3,100,99.4,150,,,,,,,,,,,,,,,,
2026-06-29T02:01:00.758910+00:00,2026-06-29T12:01:00.748901,2,2,99.1,0.4,98.9,150,98.8,100,,,,,,,,,,,,,,,,,99.3,75,99.4,150,,,,,,,,,,,,,,,,
2026-06-29T02:01:00.868910+00:00,2026-06-29T12:01:00.861910,2,2,99.1,0.4,98.9,150,98.8,100,,,,,,,,,,,,,,,,,99.3,50,99.4,150,,,,,,,,,,,,,,,,
2026-06-29T02:01:00.923910+00:00,2026-06-29T12:01:00.920910,2,2,99.1,0.4,98.9,107,98.8,100,,,,,,,,,,,,,,,,,99.3,50,99.4,150,,,,,,,,,,,,,,,,
2026-06-29T02:01:00.967901+00:00,2026-06-29T12:01:00.959910,2,2,99.1,0.4,98.9,107,98.8,100,,,,,,,,,,,,,,,,,99.3,25,99.4,150,,,,,,,,,,,,,,,,
2026-06-29T02:01:01.077910+00:00,2026-06-29T12:01:01.071910,2,1,99.15,0.5,98.9,107,98.8,100,,,,,,,,,,,,,,,,,99.4,150,,,,,,,,,,,,,,,,,,
2026-06-29T02:01:02.408910+00:00,2026-06-29T12:01:02.398910,2,1,99.15,0.5,98.9,57,98.8,100,,,,,,,,,,,,,,,,,99.4,150,,,,,,,,,,,,,,,,,,
2026-06-29T02:01:03.420496+00:00,2026-06-29T12:01:03.419496,2,0,,,98.9,57,98.8,100,,,,,,,,,,,,,,,,,,,,,,,,,,,,,,,,,,,,
2026-06-29T02:01:03.431496+00:00,2026-06-29T12:01:03.420496,1,0,,,98.8,100,,,,,,,,,,,,,,,,,,,,,,,,,,,,,,,,,,,,,,
2026-06-29T02:01:03.486496+00:00,2026-06-29T12:01:03.476496,2,0,,,98.8,100,98.5,150,,,,,,,,,,,,,,,,,,,,,,,,,,,,,,,,,,,,
2026-06-29T02:01:03.541496+00:00,2026-06-29T12:01:03.537488,2,1,98.9,0.2,98.8,100,98.5,150,,,,,,,,,,,,,,,,,99.0,150,,,,,,,,,,,,,,,,,,
2026-06-29T02:01:03.585496+00:00,2026-06-29T12:01:03.576496,2,1,98.9,0.2,98.8,100,98.5,150,,,,,,,,,,,,,,,,,99.0,125,,,,,,,,,,,,,,,,,,
2026-06-29T02:01:03.640496+00:00,2026-06-29T12:01:03.633496,2,1,98.9,0.2,98.8,100,98.5,150,,,,,,,,,,,,,,,,,99.0,80,,,,,,,,,,,,,,,,,,
2026-06-29T02:01:03.695495+00:00,2026-06-29T12:01:03.688496,2,1,98.9,0.2,98.8,100,98.5,150,,,,,,,,,,,,,,,,,99.0,55,,,,,,,,,,,,,,,,,,
2026-06-29T02:01:03.761496+00:00,2026-06-29T12:01:03.760496,1,1,98.75,0.5,98.5,150,,,,,,,,,,,,,,,,,,,99.0,55,,,,,,,,,,,,,,,,,,
2026-06-29T02:01:03.794487+00:00,2026-06-29T12:01:03.790496,1,1,98.75,0.5,98.5,150,,,,,,,,,,,,,,,,,,,99.0,30,,,,,,,,,,,,,,,,,,
2026-06-29T02:01:03.816496+00:00,2026-06-29T12:01:03.809491,2,0,,,99.0,70,98.5,150,,,,,,,,,,,,,,,,,,,,,,,,,,,,,,,,,,,,
2026-06-29T02:01:03.871496+00:00,2026-06-29T12:01:03.861496,2,1,99.25,0.5,99.0,70,98.5,150,,,,,,,,,,,,,,,,,99.5,100,,,,,,,,,,,,,,,,,,
2026-06-29T02:01:04.773516+00:00,2026-06-29T12:01:04.765516,2,1,99.25,0.5,99.0,28,98.5,150,,,,,,,,,,,,,,,,,99.5,100,,,,,,,,,,,,,,,,,,
2026-06-29T02:01:05.642516+00:00,2026-06-29T12:01:05.637516,2,1,99.25,0.5,99.0,28,98.5,150,,,,,,,,,,,,,,,,,99.5,106,,,,,,,,,,,,,,,,,,
2026-06-29T02:01:06.357096+00:00,2026-06-29T12:01:06.346097,1,1,99.0,1.0,98.5,150,,,,,,,,,,,,,,,,,,,99.5,106,,,,,,,,,,,,,,,,,,
2026-06-29T02:01:06.599097+00:00,2026-06-29T12:01:06.591097,0,1,,,,,,,,,,,,,,,,,,,,,,,99.5,106,,,,,,,,,,,,,,,,,,
2026-06-29T02:01:06.654097+00:00,2026-06-29T12:01:06.648097,1,1,99.3,0.4,99.1,150,,,,,,,,,,,,,,,,,,,99.5,106,,,,,,,,,,,,,,,,,,
2026-06-29T02:01:06.698096+00:00,2026-06-29T12:01:06.696096,1,2,99.3,0.4,99.1,150,,,,,,,,,,,,,,,,,,,99.5,106,99.6,150,,,,,,,,,,,,,,,,
2026-06-29T02:01:06.852097+00:00,2026-06-29T12:01:06.846097,1,2,99.3,0.4,99.1,150,,,,,,,,,,,,,,,,,,,99.5,59,99.6,150,,,,,,,,,,,,,,,,
2026-06-29T02:01:06.918096+00:00,2026-06-29T12:01:06.915096,1,2,99.3,0.4,99.1,150,,,,,,,,,,,,,,,,,,,99.5,6,99.6,150,,,,,,,,,,,,,,,,
2026-06-29T02:01:06.973096+00:00,2026-06-29T12:01:06.967097,2,2,99.3,0.4,99.1,150,98.9,100,,,,,,,,,,,,,,,,,99.5,6,99.6,150,,,,,,,,,,,,,,,,
2026-06-29T02:01:07.028088+00:00,2026-06-29T12:01:07.020088,2,3,99.25,0.3,99.1,150,98.9,100,,,,,,,,,,,,,,,,,99.4,100,99.5,6,99.6,150,,,,,,,,,,,,,,
2026-06-29T02:01:07.138088+00:00,2026-06-29T12:01:07.135088,2,3,99.25,0.3,99.1,150,98.9,100,,,,,,,,,,,,,,,,,99.4,100,99.5,3,99.6,150,,,,,,,,,,,,,,
2026-06-29T02:01:08.556882+00:00,2026-06-29T12:01:08.555882,2,3,99.25,0.3,99.1,107,98.9,100,,,,,,,,,,,,,,,,,99.4,100,99.5,3,99.6,150,,,,,,,,,,,,,,
2026-06-29T02:01:09.755890+00:00,2026-06-29T12:01:09.753890,1,2,99.15,0.5,98.9,100,,,,,,,,,,,,,,,,,,,99.4,100,99.5,3,,,,,,,,,,,,,,,,
2026-06-29T02:01:09.810891+00:00,2026-06-29T12:01:09.806890,1,2,99.15,0.5,98.9,250,,,,,,,,,,,,,,,,,,,99.4,100,99.5,3,,,,,,,,,,,,,,,,
2026-06-29T02:01:09.865890+00:00,2026-06-29T12:01:09.858890,1,2,99.15,0.5,98.9,250,,,,,,,,,,,,,,,,,,,99.4,250,99.5,3,,,,,,,,,,,,,,,,
2026-06-29T02:01:10.074891+00:00,2026-06-29T12:01:10.073890,1,2,99.15,0.5,98.9,250,,,,,,,,,,,,,,,,,,,99.4,150,99.5,3,,,,,,,,,,,,,,,,
2026-06-29T02:01:10.085890+00:00,2026-06-29T12:01:10.074891,1,2,99.15,0.5,98.9,150,,,,,,,,,,,,,,,,,,,99.4,150,99.5,3,,,,,,,,,,,,,,,,
2026-06-29T02:01:10.129890+00:00,2026-06-29T12:01:10.126890,2,2,99.15,0.5,98.9,150,98.8,100,,,,,,,,,,,,,,,,,99.4,150,99.5,3,,,,,,,,,,,,,,,,
2026-06-29T02:01:10.195890+00:00,2026-06-29T12:01:10.192891,2,3,99.1,0.4,98.9,150,98.8,100,,,,,,,,,,,,,,,,,99.3,100,99.4,150,99.5,3,,,,,,,,,,,,,,
2026-06-29T02:01:10.800891+00:00,2026-06-29T12:01:10.793882,2,3,99.1,0.4,98.9,150,98.8,100,,,,,,,,,,,,,,,,,99.3,50,99.4,150,99.5,3,,,,,,,,,,,,,,
2026-06-29T02:01:11.328890+00:00,2026-06-29T12:01:11.324890,2,3,99.1,0.4,98.9,107,98.8,100,,,,,,,,,,,,,,,,,99.3,50,99.4,150,99.5,3,,,,,,,,,,,,,,
2026-06-29T02:01:12.923307+00:00,2026-06-29T12:01:12.916307,1,2,99.05,0.5,98.8,100,,,,,,,,,,,,,,,,,,,99.3,50,99.5,3,,,,,,,,,,,,,,,,
2026-06-29T02:01:12.978307+00:00,2026-06-29T12:01:12.968307,2,2,99.05,0.5,98.8,100,98.7,150,,,,,,,,,,,,,,,,,99.3,50,99.5,3,,,,,,,,,,,,,,,,
2026-06-29T02:01:13.022307+00:00,2026-06-29T12:01:13.021307,2,3,99.0,0.4,98.8,100,98.7,150,,,,,,,,,,,,,,,,,99.2,150,99.3,50,99.5,3,,,,,,,,,,,,,,
2026-06-29T02:01:13.253420+00:00,2026-06-29T12:01:13.247420,1,2,98.95,0.5,98.7,150,,,,,,,,,,,,,,,,,,,99.2,150,99.5,3,,,,,,,,,,,,,,,,
2026-06-29T02:01:13.308420+00:00,2026-06-29T12:01:13.299420,2,2,99.1,0.2,99.0,100,98.7,150,,,,,,,,,,,,,,,,,99.2,150,99.5,3,,,,,,,,,,,,,,,,
2026-06-29T02:01:13.363420+00:00,2026-06-29T12:01:13.353421,2,2,99.1,0.2,99.0,100,98.7,150,,,,,,,,,,,,,,,,,99.2,150,99.5,103,,,,,,,,,,,,,,,,
2026-06-29T02:01:14.254420+00:00,2026-06-29T12:01:14.251420,2,2,99.1,0.2,99.0,100,98.7,150,,,,,,,,,,,,,,,,,99.2,150,99.5,102,,,,,,,,,,,,,,,,
2026-06-29T02:01:15.068491+00:00,2026-06-29T12:01:15.061491,2,2,99.1,0.2,99.0,50,98.7,150,,,,,,,,,,,,,,,,,99.2,150,99.5,100,,,,,,,,,,,,,,,,
2026-06-29T02:01:15.805490+00:00,2026-06-29T12:01:15.802490,2,2,99.1,0.2,99.0,53,98.7,150,,,,,,,,,,,,,,,,,99.2,150,99.5,100,,,,,,,,,,,,,,,,
2026-06-29T02:01:16.047490+00:00,2026-06-29T12:01:16.040491,2,2,99.1,0.2,99.0,53,98.7,150,,,,,,,,,,,,,,,,,99.2,101,99.5,100,,,,,,,,,,,,,,,,
2026-06-29T02:01:16.079273+00:00,2026-06-29T12:01:16.077274,1,1,99.25,0.5,99.0,53,,,,,,,,,,,,,,,,,,,99.5,100,,,,,,,,,,,,,,,,,,
2026-06-29T02:01:16.134273+00:00,2026-06-29T12:01:16.129274,2,1,99.25,0.5,99.0,53,98.8,150,,,,,,,,,,,,,,,,,99.5,100,,,,,,,,,,,,,,,,,,
2026-06-29T02:01:16.189274+00:00,2026-06-29T12:01:16.182274,2,2,99.15,0.3,99.0,53,98.8,150,,,,,,,,,,,,,,,,,99.3,150,99.5,100,,,,,,,,,,,,,,,,
2026-06-29T02:01:16.420274+00:00,2026-06-29T12:01:16.413274,2,1,99.15,0.3,99.0,3,98.8,150,,,,,,,,,,,,,,,,,99.3,150,,,,,,,,,,,,,,,,,,
2026-06-29T02:01:16.464274+00:00,2026-06-29T12:01:16.463274,3,1,99.15,0.3,99.0,3,98.9,100,98.8,150,,,,,,,,,,,,,,,99.3,150,,,,,,,,,,,,,,,,,,
2026-06-29T02:01:16.530274+00:00,2026-06-29T12:01:16.519274,3,2,99.15,0.3,99.0,3,98.9,100,98.8,150,,,,,,,,,,,,,,,99.3,150,99.4,100,,,,,,,,,,,,,,,,
2026-06-29T02:01:16.882274+00:00,2026-06-29T12:01:16.873274,3,2,99.15,0.3,99.0,2,98.9,100,98.8,150,,,,,,,,,,,,,,,99.3,150,99.4,100,,,,,,,,,,,,,,,,
2026-06-29T02:01:17.861431+00:00,2026-06-29T12:01:17.856430,3,2,99.15,0.3,99.0,1,98.9,100,98.8,150,,,,,,,,,,,,,,,99.3,150,99.4,100,,,,,,,,,,,,,,,,
2026-06-29T02:01:17.905431+00:00,2026-06-29T12:01:17.895431,2,2,99.1,0.4,98.9,100,98.8,150,,,,,,,,,,,,,,,,,99.3,150,99.4,100,,,,,,,,,,,,,,,,
2026-06-29T02:01:19.245944+00:00,2026-06-29T12:01:19.237944,1,1,99.15,0.5,98.9,100,,,,,,,,,,,,,,,,,,,99.4,100,,,,,,,,,,,,,,,,,,
2026-06-29T02:01:19.300944+00:00,2026-06-29T12:01:19.289944,2,1,99.15,0.5,98.9,100,98.8,150,,,,,,,,,,,,,,,,,99.4,100,,,,,,,,,,,,,,,,,,
2026-06-29T02:01:19.344944+00:00,2026-06-29T12:01:19.341944,2,2,99.1,0.4,98.9,100,98.8,150,,,,,,,,,,,,,,,,,99.3,150,99.4,100,,,,,,,,,,,,,,,,
2026-06-29T02:01:19.575964+00:00,2026-06-29T12:01:19.573964,2,1,99.1,0.4,98.9,100,98.8,150,,,,,,,,,,,,,,,,,99.3,150,,,,,,,,,,,,,,,,,,
2026-06-29T02:01:19.586964+00:00,2026-06-29T12:01:19.575964,1,1,99.05,0.5,98.8,150,,,,,,,,,,,,,,,,,,,99.3,150,,,,,,,,,,,,,,,,,,
2026-06-29T02:01:19.630964+00:00,2026-06-29T12:01:19.628964,2,1,99.05,0.5,98.8,150,98.7,100,,,,,,,,,,,,,,,,,99.3,150,,,,,,,,,,,,,,,,,,
2026-06-29T02:01:19.685964+00:00,2026-06-29T12:01:19.682964,2,2,99.0,0.4,98.8,150,98.7,100,,,,,,,,,,,,,,,,,99.2,100,99.3,150,,,,,,,,,,,,,,,,
2026-06-29T02:01:19.850955+00:00,2026-06-29T12:01:19.847964,2,2,99.0,0.4,98.8,150,98.7,100,,,,,,,,,,,,,,,,,99.2,100,99.3,155,,,,,,,,,,,,,,,,
2026-06-29T02:01:21.467964+00:00,2026-06-29T12:01:21.466964,2,2,99.0,0.4,98.8,150,98.7,100,,,,,,,,,,,,,,,,,99.2,100,99.3,154,,,,,,,,,,,,,,,,
2026-06-29T02:01:22.402955+00:00,2026-06-29T12:01:22.398955,1,2,98.95,0.5,98.7,100,,,,,,,,,,,,,,,,,,,99.2,100,99.3,4,,,,,,,,,,,,,,,,
2026-06-29T02:01:22.457955+00:00,2026-06-29T12:01:22.448956,2,2,99.0,0.4,98.8,150,98.7,100,,,,,,,,,,,,,,,,,99.2,100,99.3,4,,,,,,,,,,,,,,,,
2026-06-29T02:01:22.512955+00:00,2026-06-29T12:01:22.504955,2,2,99.0,0.4,98.8,150,98.7,100,,,,,,,,,,,,,,,,,99.2,100,99.3,154,,,,,,,,,,,,,,,,
2026-06-29T02:01:22.743964+00:00,2026-06-29T12:01:22.742964,1,1,99.05,0.5,98.8,150,,,,,,,,,,,,,,,,,,,99.3,154,,,,,,,,,,,,,,,,,,
2026-06-29T02:01:22.798964+00:00,2026-06-29T12:01:22.792964,1,1,99.05,0.5,98.8,250,,,,,,,,,,,,,,,,,,,99.3,154,,,,,,,,,,,,,,,,,,
2026-06-29T02:01:22.853964+00:00,2026-06-29T12:01:22.846955,1,1,99.05,0.5,98.8,250,,,,,,,,,,,,,,,,,,,99.3,254,,,,,,,,,,,,,,,,,,
2026-06-29T02:01:23.490237+00:00,2026-06-29T12:01:23.487238,1,1,99.05,0.5,98.8,200,,,,,,,,,,,,,,,,,,,99.3,254,,,,,,,,,,,,,,,,,,
2026-06-29T02:01:24.546238+00:00,2026-06-29T12:01:24.543238,1,1,99.05,0.5,98.8,151,,,,,,,,,,,,,,,,,,,99.3,254,,,,,,,,,,,,,,,,,,
2026-06-29T02:01:25.569257+00:00,2026-06-29T12:01:25.560248,1,1,99.05,0.5,98.8,100,,,,,,,,,,,,,,,,,,,99.3,104,,,,,,,,,,,,,,,,,,
2026-06-29T02:01:25.602257+00:00,2026-06-29T12:01:25.593258,1,1,99.05,0.5,98.8,50,,,,,,,,,,,,,,,,,,,99.3,104,,,,,,,,,,,,,,,,,,
2026-06-29T02:01:25.613258+00:00,2026-06-29T12:01:25.612258,2,1,99.05,0.5,98.8,50,98.4,150,,,,,,,,,,,,,,,,,99.3,104,,,,,,,,,,,,,,,,,,
2026-06-29T02:01:25.668257+00:00,2026-06-29T12:01:25.666257,2,2,98.85,0.1,98.8,50,98.4,150,,,,,,,,,,,,,,,,,98.9,150,99.3,104,,,,,,,,,,,,,,,,
2026-06-29T02:01:25.910257+00:00,2026-06-29T12:01:25.903257,1,2,98.65,0.5,98.4,150,,,,,,,,,,,,,,,,,,,98.9,150,99.3,4,,,,,,,,,,,,,,,,
2026-06-29T02:01:25.976257+00:00,2026-06-29T12:01:25.967249,2,2,98.65,0.5,98.4,150,98.3,100,,,,,,,,,,,,,,,,,98.9,150,99.3,4,,,,,,,,,,,,,,,,
2026-06-29T02:01:26.031257+00:00,2026-06-29T12:01:26.020257,2,3,98.6,0.4,98.4,150,98.3,100,,,,,,,,,,,,,,,,,98.8,100,98.9,150,99.3,4,,,,,,,,,,,,,,
2026-06-29T02:01:26.042257+00:00,2026-06-29T12:01:26.036258,2,3,98.6,0.4,98.4,150,98.3,100,,,,,,,,,,,,,,,,,98.8,75,98.9,150,99.3,4,,,,,,,,,,,,,,
2026-06-29T02:01:26.151920+00:00,2026-06-29T12:01:26.149920,2,3,98.6,0.4,98.4,150,98.3,100,,,,,,,,,,,,,,,,,98.8,50,98.9,150,99.3,4,,,,,,,,,,,,,,
2026-06-29T02:01:26.250920+00:00,2026-06-29T12:01:26.245912,2,3,98.6,0.4,98.4,150,98.3,100,,,,,,,,,,,,,,,,,98.8,25,98.9,150,99.3,4,,,,,,,,,,,,,,
2026-06-29T02:01:26.360920+00:00,2026-06-29T12:01:26.358920,2,2,98.65,0.5,98.4,150,98.3,100,,,,,,,,,,,,,,,,,98.9,150,99.3,4,,,,,,,,,,,,,,,,
2026-06-29T02:01:26.459920+00:00,2026-06-29T12:01:26.455920,2,2,98.65,0.5,98.4,150,98.3,100,,,,,,,,,,,,,,,,,98.9,125,99.3,4,,,,,,,,,,,,,,,,
2026-06-29T02:01:26.569920+00:00,2026-06-29T12:01:26.568921,2,2,98.65,0.5,98.4,150,98.3,100,,,,,,,,,,,,,,,,,98.9,100,99.3,4,,,,,,,,,,,,,,,,
2026-06-29T02:01:26.690920+00:00,2026-06-29T12:01:26.681912,2,2,98.65,0.5,98.4,150,98.3,100,,,,,,,,,,,,,,,,,98.9,60,99.3,4,,,,,,,,,,,,,,,,
2026-06-29T02:01:26.789920+00:00,2026-06-29T12:01:26.780920,2,2,98.65,0.5,98.4,150,98.3,100,,,,,,,,,,,,,,,,,98.9,35,99.3,4,,,,,,,,,,,,,,,,
2026-06-29T02:01:26.998920+00:00,2026-06-29T12:01:26.990920,2,2,98.65,0.5,98.4,150,98.3,100,,,,,,,,,,,,,,,,,98.9,10,99.3,4,,,,,,,,,,,,,,,,
2026-06-29T02:01:27.075920+00:00,2026-06-29T12:01:27.067920,2,1,98.85,0.9,98.4,150,98.3,100,,,,,,,,,,,,,,,,,99.3,4,,,,,,,,,,,,,,,,,,
2026-06-29T02:01:27.658920+00:00,2026-06-29T12:01:27.647920,2,0,,,98.4,150,98.3,100,,,,,,,,,,,,,,,,,,,,,,,,,,,,,,,,,,,,
2026-06-29T02:01:28.725084+00:00,2026-06-29T12:01:28.721084,1,0,,,98.3,100,,,,,,,,,,,,,,,,,,,,,,,,,,,,,,,,,,,,,,
2026-06-29T02:01:28.780084+00:00,2026-06-29T12:01:28.774084,2,0,,,99.0,150,98.3,100,,,,,,,,,,,,,,,,,,,,,,,,,,,,,,,,,,,,
2026-06-29T02:01:28.835084+00:00,2026-06-29T12:01:28.826084,2,1,99.25,0.5,99.0,150,98.3,100,,,,,,,,,,,,,,,,,99.5,150,,,,,,,,,,,,,,,,,,
2026-06-29T02:01:29.033084+00:00,2026-06-29T12:01:29.028084,2,1,99.25,0.5,99.0,103,98.3,100,,,,,,,,,,,,,,,,,99.5,150,,,,,,,,,,,,,,,,,,
2026-06-29T02:01:29.077084+00:00,2026-06-29T12:01:29.073084,1,1,99.25,0.5,99.0,103,,,,,,,,,,,,,,,,,,,99.5,150,,,,,,,,,,,,,,,,,,
2026-06-29T02:01:29.132085+00:00,2026-06-29T12:01:29.126084,2,1,99.25,0.5,99.0,103,98.8,100,,,,,,,,,,,,,,,,,99.5,150,,,,,,,,,,,,,,,,,,
2026-06-29T02:01:29.187084+00:00,2026-06-29T12:01:29.179084,2,2,99.15,0.3,99.0,103,98.8,100,,,,,,,,,,,,,,,,,99.3,100,99.5,150,,,,,,,,,,,,,,,,
2026-06-29T02:01:29.758610+00:00,2026-06-29T12:01:29.757618,3,3,99.1,0.2,99.0,103,98.9,3,98.8,100,,,,,,,,,,,,,,,99.2,2,99.3,100,99.5,150,,,,,,,,,,,,,,
2026-06-29T02:01:31.000728+00:00,2026-06-29T12:01:30.999666,3,3,99.1,0.2,99.0,103,98.9,2,98.8,100,,,,,,,,,,,,,,,99.2,2,99.3,100,99.5,150,,,,,,,,,,,,,,
2026-06-29T02:01:31.891609+00:00,2026-06-29T12:01:31.882609,2,2,99.05,0.3,98.9,2,98.8,100,,,,,,,,,,,,,,,,,99.2,2,99.3,100,,,,,,,,,,,,,,,,
2026-06-29T02:01:31.913727+00:00,2026-06-29T12:01:31.912727,1,2,99.0,0.4,98.8,52,,,,,,,,,,,,,,,,,,,99.2,2,99.3,100,,,,,,,,,,,,,,,,
2026-06-29T02:01:31.946727+00:00,2026-06-29T12:01:31.939608,2,2,99.05,0.3,98.9,150,98.8,52,,,,,,,,,,,,,,,,,99.2,2,99.3,100,,,,,,,,,,,,,,,,
2026-06-29T02:01:32.001727+00:00,2026-06-29T12:01:31.999728,2,3,99.05,0.3,98.9,150,98.8,52,,,,,,,,,,,,,,,,,99.2,2,99.3,100,99.4,150,,,,,,,,,,,,,,
2026-06-29T02:01:32.243727+00:00,2026-06-29T12:01:32.235727,1,2,99.05,0.3,98.9,150,,,,,,,,,,,,,,,,,,,99.2,2,99.4,150,,,,,,,,,,,,,,,,
2026-06-29T02:01:32.287728+00:00,2026-06-29T12:01:32.286728,1,1,99.15,0.5,98.9,150,,,,,,,,,,,,,,,,,,,99.4,150,,,,,,,,,,,,,,,,,,
2026-06-29T02:01:32.298728+00:00,2026-06-29T12:01:32.287728,2,1,99.2,0.4,99.0,100,98.9,150,,,,,,,,,,,,,,,,,99.4,150,,,,,,,,,,,,,,,,,,
2026-06-29T02:01:32.342727+00:00,2026-06-29T12:01:32.339727,2,2,99.2,0.4,99.0,100,98.9,150,,,,,,,,,,,,,,,,,99.4,150,99.5,100,,,,,,,,,,,,,,,,
2026-06-29T02:01:33.728696+00:00,2026-06-29T12:01:33.727695,2,3,99.1,0.2,99.0,100,98.9,150,,,,,,,,,,,,,,,,,99.2,5,99.4,150,99.5,100,,,,,,,,,,,,,,
2026-06-29T02:01:34.036695+00:00,2026-06-29T12:01:34.025695,2,3,99.1,0.2,99.0,50,98.9,150,,,,,,,,,,,,,,,,,99.2,5,99.4,150,99.5,100,,,,,,,,,,,,,,
2026-06-29T02:01:34.146695+00:00,2026-06-29T12:01:34.143687,2,2,99.2,0.4,99.0,50,98.9,150,,,,,,,,,,,,,,,,,99.4,150,99.5,100,,,,,,,,,,,,,,,,
2026-06-29T02:01:35.059696+00:00,2026-06-29T12:01:35.058695,1,1,99.25,0.5,99.0,50,,,,,,,,,,,,,,,,,,,99.5,100,,,,,,,,,,,,,,,,,,
2026-06-29T02:01:35.114695+00:00,2026-06-29T12:01:35.110695,2,1,99.25,0.5,99.0,50,98.9,150,,,,,,,,,,,,,,,,,99.5,100,,,,,,,,,,,,,,,,,,
2026-06-29T02:01:35.169695+00:00,2026-06-29T12:01:35.163695,2,2,99.2,0.4,99.0,50,98.9,150,,,,,,,,,,,,,,,,,99.4,150,99.5,100,,,,,,,,,,,,,,,,
2026-06-29T02:01:35.400695+00:00,2026-06-29T12:01:35.393695,1,1,99.15,0.5,98.9,150,,,,,,,,,,,,,,,,,,,99.4,150,,,,,,,,,,,,,,,,,,
2026-06-29T02:01:35.455695+00:00,2026-06-29T12:01:35.446695,2,1,99.15,0.5,98.9,150,98.7,100,,,,,,,,,,,,,,,,,99.4,150,,,,,,,,,,,,,,,,,,
2026-06-29T02:01:35.510695+00:00,2026-06-29T12:01:35.499695,2,2,99.05,0.3,98.9,150,98.7,100,,,,,,,,,,,,,,,,,99.2,100,99.4,150,,,,,,,,,,,,,,,,
2026-06-29T02:01:38.060369+00:00,2026-06-29T12:01:38.052369,3,2,99.1,0.2,99.0,5,98.9,150,98.7,100,,,,,,,,,,,,,,,99.2,100,99.4,150,,,,,,,,,,,,,,,,
2026-06-29T02:01:38.181378+00:00,2026-06-29T12:01:38.174378,3,2,99.1,0.2,99.0,5,98.9,150,98.7,100,,,,,,,,,,,,,,,99.2,54,99.4,150,,,,,,,,,,,,,,,,
2026-06-29T02:01:38.225378+00:00,2026-06-29T12:01:38.221378,2,1,99.1,0.2,99.0,5,98.7,100,,,,,,,,,,,,,,,,,99.2,54,,,,,,,,,,,,,,,,,,
2026-06-29T02:01:38.279618+00:00,2026-06-29T12:01:38.274619,3,1,99.1,0.2,99.0,5,98.8,150,98.7,100,,,,,,,,,,,,,,,99.2,54,,,,,,,,,,,,,,,,,,
2026-06-29T02:01:38.334618+00:00,2026-06-29T12:01:38.327618,3,2,99.1,0.2,99.0,5,98.8,150,98.7,100,,,,,,,,,,,,,,,99.2,54,99.3,150,,,,,,,,,,,,,,,,
2026-06-29T02:01:38.554619+00:00,2026-06-29T12:01:38.553610,3,1,99.15,0.3,99.0,5,98.8,150,98.7,100,,,,,,,,,,,,,,,99.3,150,,,,,,,,,,,,,,,,,,
2026-06-29T02:01:38.565619+00:00,2026-06-29T12:01:38.554619,2,1,99.15,0.3,99.0,5,98.8,150,,,,,,,,,,,,,,,,,99.3,150,,,,,,,,,,,,,,,,,,
2026-06-29T02:01:38.609619+00:00,2026-06-29T12:01:38.607619,3,1,99.15,0.3,99.0,5,98.8,150,98.7,100,,,,,,,,,,,,,,,99.3,150,,,,,,,,,,,,,,,,,,
2026-06-29T02:01:38.664619+00:00,2026-06-29T12:01:38.660619,3,2,99.1,0.2,99.0,5,98.8,150,98.7,100,,,,,,,,,,,,,,,99.2,100,99.3,150,,,,,,,,,,,,,,,,
2026-06-29T02:01:38.730619+00:00,2026-06-29T12:01:38.720620,3,2,99.1,0.2,99.0,5,98.8,150,98.7,100,,,,,,,,,,,,,,,99.2,51,99.3,150,,,,,,,,,,,,,,,,
2026-06-29T02:01:39.874124+00:00,2026-06-29T12:01:39.867124,2,2,99.0,0.4,98.8,106,98.7,100,,,,,,,,,,,,,,,,,99.2,51,99.3,150,,,,,,,,,,,,,,,,
2026-06-29T02:01:40.017124+00:00,2026-06-29T12:01:40.011124,3,2,99.05,0.3,98.9,5,98.8,106,98.7,100,,,,,,,,,,,,,,,99.2,52,99.3,150,,,,,,,,,,,,,,,,
2026-06-29T02:01:41.381124+00:00,2026-06-29T12:01:41.380124,3,1,99.05,0.3,98.9,5,98.8,106,98.7,100,,,,,,,,,,,,,,,99.2,52,,,,,,,,,,,,,,,,,,
2026-06-29T02:01:41.392124+00:00,2026-06-29T12:01:41.390125,2,1,99.05,0.3,98.9,5,98.7,100,,,,,,,,,,,,,,,,,99.2,52,,,,,,,,,,,,,,,,,,
2026-06-29T02:01:41.436124+00:00,2026-06-29T12:01:41.435124,2,1,99.05,0.3,98.9,155,98.7,100,,,,,,,,,,,,,,,,,99.2,52,,,,,,,,,,,,,,,,,,
2026-06-29T02:01:41.491124+00:00,2026-06-29T12:01:41.488123,2,2,99.05,0.3,98.9,155,98.7,100,,,,,,,,,,,,,,,,,99.2,52,99.4,150,,,,,,,,,,,,,,,,
2026-06-29T02:01:41.568124+00:00,2026-06-29T12:01:41.566123,2,2,99.05,0.3,98.9,154,98.7,100,,,,,,,,,,,,,,,,,99.2,52,99.4,150,,,,,,,,,,,,,,,,
2026-06-29T02:01:41.711124+00:00,2026-06-29T12:01:41.703124,2,2,99.05,0.3,98.9,153,98.7,100,,,,,,,,,,,,,,,,,99.2,52,99.4,150,,,,,,,,,,,,,,,,
2026-06-29T02:01:41.722124+00:00,2026-06-29T12:01:41.714124,1,2,99.05,0.3,98.9,153,,,,,,,,,,,,,,,,,,,99.2,1,99.4,150,,,,,,,,,,,,,,,,
2026-06-29T02:01:41.777124+00:00,2026-06-29T12:01:41.767124,2,2,99.15,0.1,99.1,100,98.9,153,,,,,,,,,,,,,,,,,99.2,1,99.4,150,,,,,,,,,,,,,,,,
2026-06-29T02:01:41.821124+00:00,2026-06-29T12:01:41.819123,2,3,99.15,0.1,99.1,100,98.9,153,,,,,,,,,,,,,,,,,99.2,1,99.4,150,99.6,100,,,,,,,,,,,,,,
2026-06-29T02:01:41.920124+00:00,2026-06-29T12:01:41.911124,2,2,99.25,0.3,99.1,100,98.9,153,,,,,,,,,,,,,,,,,99.4,150,99.6,100,,,,,,,,,,,,,,,,
2026-06-29T02:01:41.942124+00:00,2026-06-29T12:01:41.936124,2,3,99.15,0.1,99.1,100,98.9,153,,,,,,,,,,,,,,,,,99.2,2,99.4,150,99.6,100,,,,,,,,,,,,,,
2026-06-29T02:01:42.129125+00:00,2026-06-29T12:01:42.121124,2,2,99.25,0.3,99.1,100,98.9,153,,,,,,,,,,,,,,,,,99.4,150,99.6,100,,,,,,,,,,,,,,,,
2026-06-29T02:01:42.183243+00:00,2026-06-29T12:01:42.176242,2,3,99.15,0.1,99.1,100,98.9,153,,,,,,,,,,,,,,,,,99.2,2,99.4,150,99.6,100,,,,,,,,,,,,,,
2026-06-29T02:01:42.337243+00:00,2026-06-29T12:01:42.331243,2,2,99.25,0.3,99.1,100,98.9,153,,,,,,,,,,,,,,,,,99.4,150,99.6,100,,,,,,,,,,,,,,,,
2026-06-29T02:01:42.403243+00:00,2026-06-29T12:01:42.393243,2,2,99.25,0.3,99.1,100,98.9,153,,,,,,,,,,,,,,,,,99.4,100,99.6,100,,,,,,,,,,,,,,,,
2026-06-29T02:01:42.579243+00:00,2026-06-29T12:01:42.578213,2,3,99.15,0.1,99.1,100,98.9,153,,,,,,,,,,,,,,,,,99.2,2,99.4,100,99.6,100,,,,,,,,,,,,,,
2026-06-29T02:01:43.533745+00:00,2026-06-29T12:01:43.525737,2,2,99.25,0.3,99.1,100,98.9,153,,,,,,,,,,,,,,,,,99.4,58,99.6,100,,,,,,,,,,,,,,,,
2026-06-29T02:01:44.380744+00:00,2026-06-29T12:01:44.371744,2,3,99.2,0.2,99.1,100,98.9,153,,,,,,,,,,,,,,,,,99.3,2,99.4,58,99.6,100,,,,,,,,,,,,,,
2026-06-29T02:01:44.545744+00:00,2026-06-29T12:01:44.541745,2,2,99.2,0.2,99.1,100,98.9,3,,,,,,,,,,,,,,,,,99.3,2,99.6,100,,,,,,,,,,,,,,,,
2026-06-29T02:01:44.600744+00:00,2026-06-29T12:01:44.594744,2,2,99.2,0.2,99.1,202,98.9,3,,,,,,,,,,,,,,,,,99.3,2,99.6,100,,,,,,,,,,,,,,,,
2026-06-29T02:01:44.655744+00:00,2026-06-29T12:01:44.647745,2,2,99.2,0.2,99.1,202,98.9,3,,,,,,,,,,,,,,,,,99.3,2,99.6,250,,,,,,,,,,,,,,,,
2026-06-29T02:01:44.875745+00:00,2026-06-29T12:01:44.872744,2,2,99.2,0.2,99.1,150,98.9,3,,,,,,,,,,,,,,,,,99.3,2,99.6,150,,,,,,,,,,,,,,,,
2026-06-29T02:01:44.930755+00:00,2026-06-29T12:01:44.924754,3,2,99.2,0.2,99.1,150,98.9,3,98.8,100,,,,,,,,,,,,,,,99.3,2,99.6,150,,,,,,,,,,,,,,,,
2026-06-29T02:01:44.985755+00:00,2026-06-29T12:01:44.980754,3,2,99.2,0.2,99.1,150,98.9,3,98.8,100,,,,,,,,,,,,,,,99.3,102,99.6,150,,,,,,,,,,,,,,,,
2026-06-29T02:01:46.206422+00:00,2026-06-29T12:01:46.198422,3,2,99.2,0.2,99.1,150,98.9,2,98.8,100,,,,,,,,,,,,,,,99.3,102,99.6,150,,,,,,,,,,,,,,,,
2026-06-29T02:01:46.613422+00:00,2026-06-29T12:01:46.605339,3,2,99.2,0.2,99.1,150,98.9,2,98.8,100,,,,,,,,,,,,,,,99.3,52,99.6,150,,,,,,,,,,,,,,,,
2026-06-29T02:01:47.702312+00:00,2026-06-29T12:01:47.701304,3,1,99.2,0.2,99.1,150,98.9,2,98.8,100,,,,,,,,,,,,,,,99.3,52,,,,,,,,,,,,,,,,,,
2026-06-29T02:01:47.713312+00:00,2026-06-29T12:01:47.702437,2,1,99.1,0.4,98.9,2,98.8,100,,,,,,,,,,,,,,,,,99.3,52,,,,,,,,,,,,,,,,,,
2026-06-29T02:01:47.768312+00:00,2026-06-29T12:01:47.766312,2,1,99.1,0.4,98.9,152,98.8,100,,,,,,,,,,,,,,,,,99.3,52,,,,,,,,,,,,,,,,,,
2026-06-29T02:01:47.779312+00:00,2026-06-29T12:01:47.770312,2,1,99.1,0.4,98.9,151,98.8,100,,,,,,,,,,,,,,,,,99.3,52,,,,,,,,,,,,,,,,,,
2026-06-29T02:01:47.823313+00:00,2026-06-29T12:01:47.818303,2,2,99.1,0.4,98.9,151,98.8,100,,,,,,,,,,,,,,,,,99.3,52,99.4,150,,,,,,,,,,,,,,,,
2026-06-29T02:01:48.032303+00:00,2026-06-29T12:01:48.030304,1,1,99.15,0.5,98.9,151,,,,,,,,,,,,,,,,,,,99.4,150,,,,,,,,,,,,,,,,,,
2026-06-29T02:01:48.087303+00:00,2026-06-29T12:01:48.082303,1,1,99.15,0.5,98.9,251,,,,,,,,,,,,,,,,,,,99.4,150,,,,,,,,,,,,,,,,,,
2026-06-29T02:01:48.142303+00:00,2026-06-29T12:01:48.137303,1,1,99.15,0.5,98.9,251,,,,,,,,,,,,,,,,,,,99.4,250,,,,,,,,,,,,,,,,,,
2026-06-29T02:01:48.768910+00:00,2026-06-29T12:01:48.767901,1,1,99.15,0.5,98.9,201,,,,,,,,,,,,,,,,,,,99.4,250,,,,,,,,,,,,,,,,,,
2026-06-29T02:01:49.098900+00:00,2026-06-29T12:01:49.094900,1,1,99.15,0.5,98.9,201,,,,,,,,,,,,,,,,,,,99.4,210,,,,,,,,,,,,,,,,,,
2026-06-29T02:01:49.231018+00:00,2026-06-29T12:01:49.223976,1,2,99.1,0.4,98.9,201,,,,,,,,,,,,,,,,,,,99.3,5,99.4,210,,,,,,,,,,,,,,,,
2026-06-29T02:01:49.462019+00:00,2026-06-29T12:01:49.451923,2,2,99.15,0.3,99.0,1,98.9,201,,,,,,,,,,,,,,,,,99.3,5,99.4,210,,,,,,,,,,,,,,,,
2026-06-29T02:01:49.792019+00:00,2026-06-29T12:01:49.786019,2,2,99.15,0.3,99.0,1,98.9,201,,,,,,,,,,,,,,,,,99.3,4,99.4,210,,,,,,,,,,,,,,,,
2026-06-29T02:01:50.066019+00:00,2026-06-29T12:01:50.060903,1,2,99.1,0.4,98.9,153,,,,,,,,,,,,,,,,,,,99.3,4,99.4,210,,,,,,,,,,,,,,,,
2026-06-29T02:01:50.461909+00:00,2026-06-29T12:01:50.456910,2,2,99.15,0.3,99.0,1,98.9,153,,,,,,,,,,,,,,,,,99.3,4,99.4,210,,,,,,,,,,,,,,,,
2026-06-29T02:01:50.824909+00:00,2026-06-29T12:01:50.820900,2,2,99.15,0.3,99.0,1,98.9,153,,,,,,,,,,,,,,,,,99.3,3,99.4,210,,,,,,,,,,,,,,,,
2026-06-29T02:01:50.879909+00:00,2026-06-29T12:01:50.872910,2,2,99.15,0.3,99.0,1,98.9,100,,,,,,,,,,,,,,,,,99.3,3,99.4,100,,,,,,,,,,,,,,,,
2026-06-29T02:01:50.890910+00:00,2026-06-29T12:01:50.881909,1,2,99.1,0.4,98.9,51,,,,,,,,,,,,,,,,,,,99.3,3,99.4,100,,,,,,,,,,,,,,,,
2026-06-29T02:01:50.934909+00:00,2026-06-29T12:01:50.925909,2,2,99.15,0.3,99.0,150,98.9,51,,,,,,,,,,,,,,,,,99.3,3,99.4,100,,,,,,,,,,,,,,,,
2026-06-29T02:01:50.989909+00:00,2026-06-29T12:01:50.983909,2,3,99.15,0.3,99.0,152,98.9,51,,,,,,,,,,,,,,,,,99.3,3,99.4,100,99.5,150,,,,,,,,,,,,,,
2026-06-29T02:01:51.198909+00:00,2026-06-29T12:01:51.191910,1,2,99.15,0.3,99.0,152,,,,,,,,,,,,,,,,,,,99.3,3,99.5,150,,,,,,,,,,,,,,,,
2026-06-29T02:01:51.253909+00:00,2026-06-29T12:01:51.243910,2,2,99.15,0.3,99.0,152,98.9,100,,,,,,,,,,,,,,,,,99.3,3,99.5,150,,,,,,,,,,,,,,,,
2026-06-29T02:01:51.297909+00:00,2026-06-29T12:01:51.296909,2,3,99.15,0.3,99.0,152,98.9,100,,,,,,,,,,,,,,,,,99.3,3,99.4,100,99.5,150,,,,,,,,,,,,,,
2026-06-29T02:01:51.693909+00:00,2026-06-29T12:01:51.687909,2,2,99.2,0.4,99.0,152,98.9,100,,,,,,,,,,,,,,,,,99.4,61,99.5,150,,,,,,,,,,,,,,,,
2026-06-29T02:01:52.243415+00:00,2026-06-29T12:01:52.232415,2,2,99.2,0.4,99.0,109,98.9,100,,,,,,,,,,,,,,,,,99.4,61,99.5,150,,,,,,,,,,,,,,,,
2026-06-29T02:01:54.045978+00:00,2026-06-29T12:01:54.038978,2,1,99.2,0.4,99.0,2,98.9,100,,,,,,,,,,,,,,,,,99.4,61,,,,,,,,,,,,,,,,,,
2026-06-29T02:01:54.100969+00:00,2026-06-29T12:01:54.091969,3,1,99.2,0.4,99.0,2,98.9,100,98.6,150,,,,,,,,,,,,,,,99.4,61,,,,,,,,,,,,,,,,,,
2026-06-29T02:01:54.155969+00:00,2026-06-29T12:01:54.144969,3,2,99.05,0.1,99.0,2,98.9,100,98.6,150,,,,,,,,,,,,,,,99.1,150,99.4,61,,,,,,,,,,,,,,,,
2026-06-29T02:01:54.353978+00:00,2026-06-29T12:01:54.351978,2,1,99.05,0.1,99.0,2,98.6,150,,,,,,,,,,,,,,,,,99.1,150,,,,,,,,,,,,,,,,,,
2026-06-29T02:01:54.430978+00:00,2026-06-29T12:01:54.423978,3,1,99.05,0.1,99.0,2,98.8,100,98.6,150,,,,,,,,,,,,,,,99.1,150,,,,,,,,,,,,,,,,,,
2026-06-29T02:01:54.485978+00:00,2026-06-29T12:01:54.477970,3,2,99.05,0.1,99.0,2,98.8,100,98.6,150,,,,,,,,,,,,,,,99.1,150,99.3,100,,,,,,,,,,,,,,,,
2026-06-29T02:01:54.837978+00:00,2026-06-29T12:01:54.829978,3,2,99.05,0.1,99.0,2,98.8,100,98.6,150,,,,,,,,,,,,,,,99.1,101,99.3,100,,,,,,,,,,,,,,,,
2026-06-29T02:01:55.332990+00:00,2026-06-29T12:01:55.325989,3,2,99.05,0.1,99.0,1,98.8,100,98.6,150,,,,,,,,,,,,,,,99.1,101,99.3,100,,,,,,,,,,,,,,,,
2026-06-29T02:01:56.058999+00:00,2026-06-29T12:01:56.057998,3,2,99.05,0.1,99.0,1,98.8,100,98.6,150,,,,,,,,,,,,,,,99.1,59,99.3,100,,,,,,,,,,,,,,,,
2026-06-29T02:01:57.059090+00:00,2026-06-29T12:01:57.048090,2,2,98.95,0.3,98.8,100,98.6,150,,,,,,,,,,,,,,,,,99.1,59,99.3,100,,,,,,,,,,,,,,,,
2026-06-29T02:01:57.202082+00:00,2026-06-29T12:01:57.200082,1,1,99.05,0.5,98.8,100,,,,,,,,,,,,,,,,,,,99.3,100,,,,,,,,,,,,,,,,,,
2026-06-29T02:01:57.213081+00:00,2026-06-29T12:01:57.206081,1,1,99.05,0.5,98.8,50,,,,,,,,,,,,,,,,,,,99.3,100,,,,,,,,,,,,,,,,,,
2026-06-29T02:01:57.257081+00:00,2026-06-29T12:01:57.254081,2,1,99.1,0.4,98.9,150,98.8,50,,,,,,,,,,,,,,,,,99.3,100,,,,,,,,,,,,,,,,,,
2026-06-29T02:01:57.312081+00:00,2026-06-29T12:01:57.306082,2,2,99.1,0.4,98.9,150,98.8,50,,,,,,,,,,,,,,,,,99.3,100,99.4,150,,,,,,,,,,,,,,,,
2026-06-29T02:01:57.532082+00:00,2026-06-29T12:01:57.531081,2,1,99.15,0.5,98.9,150,98.8,50,,,,,,,,,,,,,,,,,99.4,150,,,,,,,,,,,,,,,,,,
2026-06-29T02:01:57.543081+00:00,2026-06-29T12:01:57.533082,1,1,99.15,0.5,98.9,150,,,,,,,,,,,,,,,,,,,99.4,150,,,,,,,,,,,,,,,,,,
2026-06-29T02:01:57.587082+00:00,2026-06-29T12:01:57.584081,2,1,99.15,0.5,98.9,150,98.6,100,,,,,,,,,,,,,,,,,99.4,150,,,,,,,,,,,,,,,,,,
2026-06-29T02:01:57.642090+00:00,2026-06-29T12:01:57.636090,2,2,99.0,0.2,98.9,150,98.6,100,,,,,,,,,,,,,,,,,99.1,100,99.4,150,,,,,,,,,,,,,,,,
2026-06-29T02:01:58.038090+00:00,2026-06-29T12:01:58.035086,2,3,99.0,0.2,98.9,150,98.6,100,,,,,,,,,,,,,,,,,99.1,100,99.3,5,99.4,150,,,,,,,,,,,,,,
2026-06-29T02:01:59.269270+00:00,2026-06-29T12:01:59.268269,2,3,99.0,0.2,98.9,150,98.6,100,,,,,,,,,,,,,,,,,99.1,100,99.3,4,99.4,150,,,,,,,,,,,,,,
2026-06-29T02:01:59.335269+00:00,2026-06-29T12:01:59.324269,2,3,99.0,0.2,98.9,100,98.6,100,,,,,,,,,,,,,,,,,99.1,100,99.3,4,99.4,150,,,,,,,,,,,,,,
2026-06-29T02:01:59.962278+00:00,2026-06-29T12:01:59.958278,2,3,99.0,0.2,98.9,100,98.6,100,,,,,,,,,,,,,,,,,99.1,100,99.3,3,99.4,150,,,,,,,,,,,,,,
2026-06-29T02:02:00.259289+00:00,2026-06-29T12:02:00.254289,2,3,99.0,0.2,98.9,100,98.6,100,,,,,,,,,,,,,,,,,99.1,100,99.3,2,99.4,150,,,,,,,,,,,,,,
2026-06-29T02:02:00.369289+00:00,2026-06-29T12:02:00.363289,1,2,98.85,0.5,98.6,100,,,,,,,,,,,,,,,,,,,99.1,100,99.3,2,,,,,,,,,,,,,,,,
2026-06-29T02:02:00.413299+00:00,2026-06-29T12:02:00.412298,2,2,98.9,0.4,98.7,150,98.6,100,,,,,,,,,,,,,,,,,99.1,100,99.3,2,,,,,,,,,,,,,,,,
2026-06-29T02:02:00.479298+00:00,2026-06-29T12:02:00.473289,2,3,98.9,0.4,98.7,150,98.6,100,,,,,,,,,,,,,,,,,99.1,100,99.2,150,99.3,2,,,,,,,,,,,,,,
2026-06-29T02:02:00.699298+00:00,2026-06-29T12:02:00.695298,1,2,98.95,0.5,98.7,150,,,,,,,,,,,,,,,,,,,99.2,150,99.3,2,,,,,,,,,,,,,,,,
2026-06-29T02:02:00.754298+00:00,2026-06-29T12:02:00.748298,2,2,98.95,0.5,98.7,150,98.6,100,,,,,,,,,,,,,,,,,99.2,150,99.3,2,,,,,,,,,,,,,,,,
2026-06-29T02:02:00.809298+00:00,2026-06-29T12:02:00.801298,2,3,98.9,0.4,98.7,150,98.6,100,,,,,,,,,,,,,,,,,99.1,100,99.2,150,99.3,2,,,,,,,,,,,,,,
2026-06-29T02:02:01.282289+00:00,2026-06-29T12:02:01.276289,3,3,99.0,0.2,98.9,3,98.7,150,98.6,100,,,,,,,,,,,,,,,99.1,100,99.2,150,99.3,2,,,,,,,,,,,,,,
2026-06-29T02:02:01.381298+00:00,2026-06-29T12:02:01.380298,3,3,99.0,0.2,98.9,3,98.7,150,98.6,100,,,,,,,,,,,,,,,99.1,50,99.2,150,99.3,2,,,,,,,,,,,,,,
2026-06-29T02:02:01.931298+00:00,2026-06-29T12:02:01.925289,2,3,98.9,0.4,98.7,107,98.6,100,,,,,,,,,,,,,,,,,99.1,50,99.2,150,99.3,2,,,,,,,,,,,,,,
2026-06-29T02:02:02.063298+00:00,2026-06-29T12:02:02.054298,3,3,99.0,0.2,98.9,3,98.7,107,98.6,100,,,,,,,,,,,,,,,99.1,50,99.2,150,99.3,2,,,,,,,,,,,,,,
2026-06-29T02:02:03.491785+00:00,2026-06-29T12:02:03.488776,3,2,99.05,0.3,98.9,3,98.7,107,98.6,100,,,,,,,,,,,,,,,99.2,105,99.3,2,,,,,,,,,,,,,,,,
2026-06-29T02:02:03.524785+00:00,2026-06-29T12:02:03.523785,3,1,99.1,0.4,98.9,3,98.7,107,98.6,100,,,,,,,,,,,,,,,99.3,2,,,,,,,,,,,,,,,,,,
2026-06-29T02:02:03.535785+00:00,2026-06-29T12:02:03.525785,2,1,99.1,0.4,98.9,3,98.6,100,,,,,,,,,,,,,,,,,99.3,2,,,,,,,,,,,,,,,,,,
2026-06-29T02:02:03.579785+00:00,2026-06-29T12:02:03.577785,3,1,99.1,0.4,98.9,3,98.7,150,98.6,100,,,,,,,,,,,,,,,99.3,2,,,,,,,,,,,,,,,,,,
2026-06-29T02:02:03.634785+00:00,2026-06-29T12:02:03.632785,3,2,99.05,0.3,98.9,3,98.7,150,98.6,100,,,,,,,,,,,,,,,99.2,150,99.3,2,,,,,,,,,,,,,,,,
2026-06-29T02:02:03.865785+00:00,2026-06-29T12:02:03.856785,2,2,99.05,0.3,98.9,3,98.7,150,,,,,,,,,,,,,,,,,99.2,150,99.3,2,,,,,,,,,,,,,,,,
2026-06-29T02:02:03.909785+00:00,2026-06-29T12:02:03.908785,3,2,99.05,0.3,98.9,3,98.8,100,98.7,150,,,,,,,,,,,,,,,99.2,150,99.3,2,,,,,,,,,,,,,,,,
2026-06-29T02:02:03.964785+00:00,2026-06-29T12:02:03.960785,3,2,99.05,0.3,98.9,3,98.8,100,98.7,150,,,,,,,,,,,,,,,99.2,150,99.3,102,,,,,,,,,,,,,,,,
2026-06-29T02:02:03.997785+00:00,2026-06-29T12:02:03.990785,3,2,99.05,0.3,98.9,2,98.8,100,98.7,150,,,,,,,,,,,,,,,99.2,150,99.3,102,,,,,,,,,,,,,,,,
2026-06-29T02:02:04.998785+00:00,2026-06-29T12:02:04.997785,3,2,99.05,0.3,98.9,1,98.8,100,98.7,150,,,,,,,,,,,,,,,99.2,150,99.3,102,,,,,,,,,,,,,,,,
2026-06-29T02:02:05.647796+00:00,2026-06-29T12:02:05.647796,2,2,99.0,0.4,98.8,51,98.7,150,,,,,,,,,,,,,,,,,99.2,150,99.3,102,,,,,,,,,,,,,,,,
2026-06-29T02:02:06.692900+00:00,2026-06-29T12:02:06.686900,1,1,99.05,0.5,98.8,51,,,,,,,,,,,,,,,,,,,99.3,102,,,,,,,,,,,,,,,,,,
2026-06-29T02:02:06.758899+00:00,2026-06-29T12:02:06.747900,2,1,99.05,0.5,98.8,51,98.7,150,,,,,,,,,,,,,,,,,99.3,102,,,,,,,,,,,,,,,,,,
2026-06-29T02:02:06.802900+00:00,2026-06-29T12:02:06.800891,2,2,99.0,0.4,98.8,51,98.7,150,,,,,,,,,,,,,,,,,99.2,150,99.3,102,,,,,,,,,,,,,,,,
2026-06-29T02:02:07.022900+00:00,2026-06-29T12:02:07.015900,1,2,98.95,0.5,98.7,150,,,,,,,,,,,,,,,,,,,99.2,150,99.3,2,,,,,,,,,,,,,,,,
2026-06-29T02:02:07.077900+00:00,2026-06-29T12:02:07.067900,2,2,99.0,0.4,98.8,100,98.7,150,,,,,,,,,,,,,,,,,99.2,150,99.3,2,,,,,,,,,,,,,,,,
2026-06-29T02:02:07.132900+00:00,2026-06-29T12:02:07.125900,2,2,99.0,0.4,98.8,100,98.7,150,,,,,,,,,,,,,,,,,99.2,150,99.3,102,,,,,,,,,,,,,,,,
2026-06-29T02:02:07.154900+00:00,2026-06-29T12:02:07.144899,2,2,99.0,0.4,98.8,100,98.7,150,,,,,,,,,,,,,,,,,99.2,150,99.3,101,,,,,,,,,,,,,,,,
2026-06-29T02:02:09.860040+00:00,2026-06-29T12:02:09.857040,1,1,99.05,0.5,98.8,100,,,,,,,,,,,,,,,,,,,99.3,101,,,,,,,,,,,,,,,,,,
2026-06-29T02:02:09.915040+00:00,2026-06-29T12:02:09.909040,1,1,99.05,0.5,98.8,250,,,,,,,,,,,,,,,,,,,99.3,101,,,,,,,,,,,,,,,,,,
2026-06-29T02:02:09.970040+00:00,2026-06-29T12:02:09.963040,1,1,99.05,0.5,98.8,250,,,,,,,,,,,,,,,,,,,99.3,251,,,,,,,,,,,,,,,,,,
2026-06-29T02:02:10.190040+00:00,2026-06-29T12:02:10.186040,1,1,99.05,0.5,98.8,150,,,,,,,,,,,,,,,,,,,99.3,151,,,,,,,,,,,,,,,,,,
2026-06-29T02:02:10.245040+00:00,2026-06-29T12:02:10.241040,1,1,99.05,0.5,98.8,250,,,,,,,,,,,,,,,,,,,99.3,151,,,,,,,,,,,,,,,,,,
2026-06-29T02:02:10.300040+00:00,2026-06-29T12:02:10.294040,1,1,99.05,0.5,98.8,250,,,,,,,,,,,,,,,,,,,99.3,251,,,,,,,,,,,,,,,,,,
2026-06-29T02:02:11.168040+00:00,2026-06-29T12:02:11.161031,1,1,99.05,0.5,98.8,203,,,,,,,,,,,,,,,,,,,99.3,251,,,,,,,,,,,,,,,,,,
2026-06-29T02:02:11.300030+00:00,2026-06-29T12:02:11.293031,2,1,99.1,0.4,98.9,1,98.8,203,,,,,,,,,,,,,,,,,99.3,251,,,,,,,,,,,,,,,,,,
2026-06-29T02:02:11.652031+00:00,2026-06-29T12:02:11.650031,1,1,99.05,0.5,98.8,162,,,,,,,,,,,,,,,,,,,99.3,251,,,,,,,,,,,,,,,,,,
2026-06-29T02:02:11.916040+00:00,2026-06-29T12:02:11.914040,1,1,99.05,0.5,98.8,162,,,,,,,,,,,,,,,,,,,99.3,201,,,,,,,,,,,,,,,,,,
2026-06-29T02:02:12.301040+00:00,2026-06-29T12:02:12.295040,2,2,99.05,0.3,98.9,2,98.8,162,,,,,,,,,,,,,,,,,99.2,3,99.3,201,,,,,,,,,,,,,,,,
2026-06-29T02:02:13.025555+00:00,2026-06-29T12:02:13.018555,2,2,99.05,0.3,98.9,2,98.8,100,,,,,,,,,,,,,,,,,99.2,3,99.3,100,,,,,,,,,,,,,,,,
2026-06-29T02:02:13.080554+00:00,2026-06-29T12:02:13.070555,3,2,99.05,0.3,98.9,2,98.8,100,98.6,150,,,,,,,,,,,,,,,99.2,3,99.3,100,,,,,,,,,,,,,,,,
2026-06-29T02:02:13.124555+00:00,2026-06-29T12:02:13.123555,3,3,99.0,0.2,98.9,2,98.8,100,98.6,150,,,,,,,,,,,,,,,99.1,150,99.2,3,99.3,100,,,,,,,,,,,,,,
2026-06-29T02:02:13.245555+00:00,2026-06-29T12:02:13.240555,3,3,99.0,0.2,98.9,2,98.8,100,98.6,150,,,,,,,,,,,,,,,99.1,150,99.2,1,99.3,100,,,,,,,,,,,,,,
2026-06-29T02:02:13.355693+00:00,2026-06-29T12:02:13.348693,2,2,99.0,0.2,98.9,2,98.6,150,,,,,,,,,,,,,,,,,99.1,150,99.2,1,,,,,,,,,,,,,,,,
2026-06-29T02:02:13.410684+00:00,2026-06-29T12:02:13.401684,3,2,99.0,0.2,98.9,2,98.8,100,98.6,150,,,,,,,,,,,,,,,99.1,150,99.2,1,,,,,,,,,,,,,,,,
2026-06-29T02:02:13.454685+00:00,2026-06-29T12:02:13.453684,3,3,99.0,0.2,98.9,2,98.8,100,98.6,150,,,,,,,,,,,,,,,99.1,150,99.2,1,99.3,100,,,,,,,,,,,,,,
2026-06-29T02:02:14.092693+00:00,2026-06-29T12:02:14.089693,2,3,98.95,0.3,98.8,52,98.6,150,,,,,,,,,,,,,,,,,99.1,150,99.2,1,99.3,100,,,,,,,,,,,,,,
2026-06-29T02:02:15.742684+00:00,2026-06-29T12:02:15.732685,2,2,98.95,0.3,98.8,52,98.6,150,,,,,,,,,,,,,,,,,99.1,150,99.3,100,,,,,,,,,,,,,,,,
2026-06-29T02:02:16.204251+00:00,2026-06-29T12:02:16.199251,1,1,99.05,0.5,98.8,2,,,,,,,,,,,,,,,,,,,99.3,100,,,,,,,,,,,,,,,,,,
2026-06-29T02:02:16.248251+00:00,2026-06-29T12:02:16.244251,2,1,99.05,0.5,98.8,2,98.6,150,,,,,,,,,,,,,,,,,99.3,100,,,,,,,,,,,,,,,,,,
2026-06-29T02:02:16.303251+00:00,2026-06-29T12:02:16.296251,2,2,98.95,0.3,98.8,2,98.6,150,,,,,,,,,,,,,,,,,99.1,150,99.3,100,,,,,,,,,,,,,,,,
2026-06-29T02:02:16.512242+00:00,2026-06-29T12:02:16.508242,1,1,98.85,0.5,98.6,150,,,,,,,,,,,,,,,,,,,99.1,150,,,,,,,,,,,,,,,,,,
2026-06-29T02:02:16.566360+00:00,2026-06-29T12:02:16.561320,2,1,98.85,0.5,98.6,150,98.5,100,,,,,,,,,,,,,,,,,99.1,150,,,,,,,,,,,,,,,,,,
2026-06-29T02:02:16.621360+00:00,2026-06-29T12:02:16.612360,2,2,98.8,0.4,98.6,150,98.5,100,,,,,,,,,,,,,,,,,99.0,100,99.1,150,,,,,,,,,,,,,,,,
2026-06-29T02:02:19.357985+00:00,2026-06-29T12:02:19.352986,1,1,98.75,0.5,98.5,100,,,,,,,,,,,,,,,,,,,99.0,100,,,,,,,,,,,,,,,,,,
2026-06-29T02:02:19.390985+00:00,2026-06-29T12:02:19.384985,1,1,98.75,0.5,98.5,100,,,,,,,,,,,,,,,,,,,99.0,56,,,,,,,,,,,,,,,,,,
2026-06-29T02:02:19.412985+00:00,2026-06-29T12:02:19.405986,2,1,98.85,0.3,98.7,150,98.5,100,,,,,,,,,,,,,,,,,99.0,56,,,,,,,,,,,,,,,,,,
2026-06-29T02:02:19.467977+00:00,2026-06-29T12:02:19.457977,2,2,98.85,0.3,98.7,150,98.5,100,,,,,,,,,,,,,,,,,99.0,56,99.2,150,,,,,,,,,,,,,,,,
2026-06-29T02:02:19.676986+00:00,2026-06-29T12:02:19.667986,1,1,98.95,0.5,98.7,150,,,,,,,,,,,,,,,,,,,99.2,150,,,,,,,,,,,,,,,,,,
2026-06-29T02:02:19.731986+00:00,2026-06-29T12:02:19.720986,2,1,98.95,0.5,98.7,150,98.6,100,,,,,,,,,,,,,,,,,99.2,150,,,,,,,,,,,,,,,,,,
2026-06-29T02:02:19.775986+00:00,2026-06-29T12:02:19.772985,2,2,98.9,0.4,98.7,150,98.6,100,,,,,,,,,,,,,,,,,99.1,100,99.2,150,,,,,,,,,,,,,,,,
2026-06-29T02:02:20.413986+00:00,2026-06-29T12:02:20.408985,2,2,98.9,0.4,98.7,100,98.6,100,,,,,,,,,,,,,,,,,99.1,100,99.2,150,,,,,,,,,,,,,,,,
2026-06-29T02:02:20.677976+00:00,2026-06-29T12:02:20.666977,3,2,98.95,0.3,98.8,5,98.7,100,98.6,100,,,,,,,,,,,,,,,99.1,100,99.2,150,,,,,,,,,,,,,,,,
2026-06-29T02:02:22.524977+00:00,2026-06-29T12:02:22.520977,1,1,98.85,0.5,98.6,55,,,,,,,,,,,,,,,,,,,99.1,100,,,,,,,,,,,,,,,,,,
2026-06-29T02:02:22.579977+00:00,2026-06-29T12:02:22.570977,2,1,98.85,0.5,98.6,55,98.4,150,,,,,,,,,,,,,,,,,99.1,100,,,,,,,,,,,,,,,,,,
2026-06-29T02:02:22.623977+00:00,2026-06-29T12:02:22.622977,2,2,98.75,0.3,98.6,55,98.4,150,,,,,,,,,,,,,,,,,98.9,150,99.1,100,,,,,,,,,,,,,,,,
2026-06-29T02:02:22.854977+00:00,2026-06-29T12:02:22.851096,1,1,98.65,0.5,98.4,150,,,,,,,,,,,,,,,,,,,98.9,150,,,,,,,,,,,,,,,,,,
2026-06-29T02:02:22.910096+00:00,2026-06-29T12:02:22.908095,2,1,98.75,0.3,98.6,100,98.4,150,,,,,,,,,,,,,,,,,98.9,150,,,,,,,,,,,,,,,,,,
2026-06-29T02:02:22.976096+00:00,2026-06-29T12:02:22.969096,2,2,98.75,0.3,98.6,100,98.4,150,,,,,,,,,,,,,,,,,98.9,150,99.1,100,,,,,,,,,,,,,,,,
2026-06-29T02:02:24.580695+00:00,2026-06-29T12:02:24.573695,2,2,98.75,0.3,98.6,100,98.4,150,,,,,,,,,,,,,,,,,98.9,100,99.1,100,,,,,,,,,,,,,,,,
2026-06-29T02:02:25.416704+00:00,2026-06-29T12:02:25.407704,2,2,98.75,0.3,98.6,100,98.4,150,,,,,,,,,,,,,,,,,98.9,52,99.1,100,,,,,,,,,,,,,,,,
2026-06-29T02:02:25.548704+00:00,2026-06-29T12:02:25.539704,2,3,98.75,0.3,98.6,100,98.4,150,,,,,,,,,,,,,,,,,98.9,52,99.0,5,99.1,100,,,,,,,,,,,,,,
2026-06-29T02:02:25.680704+00:00,2026-06-29T12:02:25.674704,2,2,98.8,0.4,98.6,100,98.4,150,,,,,,,,,,,,,,,,,99.0,5,99.1,100,,,,,,,,,,,,,,,,
2026-06-29T02:02:25.691704+00:00,2026-06-29T12:02:25.684704,1,2,98.8,0.4,98.6,100,,,,,,,,,,,,,,,,,,,99.0,5,99.1,100,,,,,,,,,,,,,,,,
2026-06-29T02:02:25.735704+00:00,2026-06-29T12:02:25.729694,2,2,98.9,0.2,98.8,150,98.6,100,,,,,,,,,,,,,,,,,99.0,5,99.1,100,,,,,,,,,,,,,,,,
2026-06-29T02:02:25.790704+00:00,2026-06-29T12:02:25.780704,2,3,98.9,0.2,98.8,150,98.6,100,,,,,,,,,,,,,,,,,99.0,5,99.1,100,99.3,150,,,,,,,,,,,,,,
2026-06-29T02:02:26.032704+00:00,2026-06-29T12:02:26.023695,1,2,98.9,0.2,98.8,150,,,,,,,,,,,,,,,,,,,99.0,5,99.3,150,,,,,,,,,,,,,,,,
2026-06-29T02:02:26.087121+00:00,2026-06-29T12:02:26.076237,2,2,98.9,0.2,98.8,150,98.5,100,,,,,,,,,,,,,,,,,99.0,5,99.3,150,,,,,,,,,,,,,,,,
2026-06-29T02:02:26.131121+00:00,2026-06-29T12:02:26.129111,2,2,98.9,0.2,98.8,150,98.5,100,,,,,,,,,,,,,,,,,99.0,105,99.3,150,,,,,,,,,,,,,,,,
2026-06-29T02:02:26.691626+00:00,2026-06-29T12:02:26.681626,2,2,98.9,0.2,98.8,150,98.5,100,,,,,,,,,,,,,,,,,99.0,55,99.3,150,,,,,,,,,,,,,,,,
2026-06-29T02:02:27.054745+00:00,2026-06-29T12:02:27.043683,2,2,98.9,0.2,98.8,109,98.5,100,,,,,,,,,,,,,,,,,99.0,55,99.3,150,,,,,,,,,,,,,,,,
2026-06-29T02:02:28.264319+00:00,2026-06-29T12:02:28.254320,2,2,98.9,0.2,98.8,109,98.5,100,,,,,,,,,,,,,,,,,99.0,9,99.3,150,,,,,,,,,,,,,,,,
2026-06-29T02:02:28.319320+00:00,2026-06-29T12:02:28.309320,2,2,98.9,0.2,98.8,68,98.5,100,,,,,,,,,,,,,,,,,99.0,9,99.3,150,,,,,,,,,,,,,,,,
2026-06-29T02:02:28.792311+00:00,2026-06-29T12:02:28.788311,2,1,99.05,0.5,98.8,68,98.5,100,,,,,,,,,,,,,,,,,99.3,109,,,,,,,,,,,,,,,,,,
2026-06-29T02:02:28.836311+00:00,2026-06-29T12:02:28.835311,1,0,,,98.5,100,,,,,,,,,,,,,,,,,,,,,,,,,,,,,,,,,,,,,,
2026-06-29T02:02:28.913320+00:00,2026-06-29T12:02:28.905320,1,0,,,98.5,250,,,,,,,,,,,,,,,,,,,,,,,,,,,,,,,,,,,,,,
2026-06-29T02:02:28.968320+00:00,2026-06-29T12:02:28.959320,1,1,98.75,0.5,98.5,250,,,,,,,,,,,,,,,,,,,99.0,150,,,,,,,,,,,,,,,,,,
2026-06-29T02:02:29.188320+00:00,2026-06-29T12:02:29.183320,1,1,98.75,0.5,98.5,150,,,,,,,,,,,,,,,,,,,99.0,150,,,,,,,,,,,,,,,,,,
2026-06-29T02:02:29.243320+00:00,2026-06-29T12:02:29.236320,2,1,98.85,0.3,98.7,100,98.5,150,,,,,,,,,,,,,,,,,99.0,150,,,,,,,,,,,,,,,,,,
2026-06-29T02:02:29.298320+00:00,2026-06-29T12:02:29.289320,2,2,98.85,0.3,98.7,100,98.5,150,,,,,,,,,,,,,,,,,99.0,150,99.2,100,,,,,,,,,,,,,,,,
2026-06-29T02:02:29.353320+00:00,2026-06-29T12:02:29.351320,2,2,98.85,0.3,98.7,100,98.5,150,,,,,,,,,,,,,,,,,99.0,110,99.2,100,,,,,,,,,,,,,,,,
2026-06-29T02:02:29.408311+00:00,2026-06-29T12:02:29.405320,2,2,98.85,0.3,98.7,51,98.5,150,,,,,,,,,,,,,,,,,99.0,110,99.2,100,,,,,,,,,,,,,,,,
2026-06-29T02:02:30.596430+00:00,2026-06-29T12:02:30.585429,2,2,98.85,0.3,98.7,52,98.5,150,,,,,,,,,,,,,,,,,99.0,110,99.2,100,,,,,,,,,,,,,,,,
2026-06-29T02:02:30.948430+00:00,2026-06-29T12:02:30.946312,2,2,98.85,0.3,98.7,2,98.5,150,,,,,,,,,,,,,,,,,99.0,110,99.2,100,,,,,,,,,,,,,,,,
2026-06-29T02:02:32.014430+00:00,2026-06-29T12:02:32.013429,2,1,98.95,0.5,98.7,2,98.5,150,,,,,,,,,,,,,,,,,99.2,100,,,,,,,,,,,,,,,,,,
2026-06-29T02:02:32.025430+00:00,2026-06-29T12:02:32.015430,1,1,98.95,0.5,98.7,2,,,,,,,,,,,,,,,,,,,99.2,100,,,,,,,,,,,,,,,,,,
2026-06-29T02:02:32.069430+00:00,2026-06-29T12:02:32.068311,2,1,98.95,0.5,98.7,2,98.5,150,,,,,,,,,,,,,,,,,99.2,100,,,,,,,,,,,,,,,,,,
2026-06-29T02:02:32.124430+00:00,2026-06-29T12:02:32.121430,2,2,98.85,0.3,98.7,2,98.5,150,,,,,,,,,,,,,,,,,99.0,150,99.2,100,,,,,,,,,,,,,,,,
2026-06-29T02:02:32.355430+00:00,2026-06-29T12:02:32.345430,2,1,98.85,0.3,98.7,1,98.5,150,,,,,,,,,,,,,,,,,99.0,150,,,,,,,,,,,,,,,,,,
2026-06-29T02:02:32.399430+00:00,2026-06-29T12:02:32.398430,3,1,98.85,0.3,98.7,1,98.5,150,98.3,100,,,,,,,,,,,,,,,99.0,150,,,,,,,,,,,,,,,,,,
2026-06-29T02:02:32.454430+00:00,2026-06-29T12:02:32.453429,3,2,98.75,0.1,98.7,1,98.5,150,98.3,100,,,,,,,,,,,,,,,98.8,100,99.0,150,,,,,,,,,,,,,,,,
2026-06-29T02:02:33.069311+00:00,2026-06-29T12:02:33.060311,2,2,98.65,0.3,98.5,101,98.3,100,,,,,,,,,,,,,,,,,98.8,100,99.0,150,,,,,,,,,,,,,,,,
2026-06-29T02:02:33.091311+00:00,2026-06-29T12:02:33.082311,2,2,98.65,0.3,98.5,60,98.3,100,,,,,,,,,,,,,,,,,98.8,100,99.0,150,,,,,,,,,,,,,,,,
2026-06-29T02:02:34.719387+00:00,2026-06-29T12:02:34.708388,2,2,98.65,0.3,98.5,60,98.3,100,,,,,,,,,,,,,,,,,98.8,53,99.0,150,,,,,,,,,,,,,,,,
2026-06-29T02:02:35.181387+00:00,2026-06-29T12:02:35.177387,1,1,98.55,0.5,98.3,100,,,,,,,,,,,,,,,,,,,98.8,53,,,,,,,,,,,,,,,,,,
2026-06-29T02:02:35.236387+00:00,2026-06-29T12:02:35.229387,2,1,98.55,0.5,98.3,100,98.1,150,,,,,,,,,,,,,,,,,98.8,53,,,,,,,,,,,,,,,,,,
2026-06-29T02:02:35.291387+00:00,2026-06-29T12:02:35.282387,2,2,98.45,0.3,98.3,100,98.1,150,,,,,,,,,,,,,,,,,98.6,150,98.8,53,,,,,,,,,,,,,,,,
2026-06-29T02:02:35.511396+00:00,2026-06-29T12:02:35.509387,2,1,98.45,0.3,98.3,100,98.1,150,,,,,,,,,,,,,,,,,98.6,150,,,,,,,,,,,,,,,,,,
2026-06-29T02:02:35.522396+00:00,2026-06-29T12:02:35.511553,1,1,98.35,0.5,98.1,150,,,,,,,,,,,,,,,,,,,98.6,150,,,,,,,,,,,,,,,,,,
2026-06-29T02:02:35.588396+00:00,2026-06-29T12:02:35.579387,2,1,98.4,0.4,98.2,100,98.1,150,,,,,,,,,,,,,,,,,98.6,150,,,,,,,,,,,,,,,,,,
2026-06-29T02:02:35.643396+00:00,2026-06-29T12:02:35.641396,2,2,98.4,0.4,98.2,100,98.1,150,,,,,,,,,,,,,,,,,98.6,150,98.7,100,,,,,,,,,,,,,,,,
2026-06-29T02:02:36.313948+00:00,2026-06-29T12:02:36.312947,2,2,98.4,0.4,98.2,100,98.1,150,,,,,,,,,,,,,,,,,98.6,107,98.7,100,,,,,,,,,,,,,,,,
2026-06-29T02:02:36.874938+00:00,2026-06-29T12:02:36.869939,2,2,98.4,0.4,98.2,100,98.1,150,,,,,,,,,,,,,,,,,98.6,103,98.7,100,,,,,,,,,,,,,,,,
2026-06-29T02:02:36.962939+00:00,2026-06-29T12:02:36.953939,2,2,98.4,0.4,98.2,54,98.1,150,,,,,,,,,,,,,,,,,98.6,103,98.7,100,,,,,,,,,,,,,,,,
2026-06-29T02:02:37.083948+00:00,2026-06-29T12:02:37.079947,2,2,98.4,0.4,98.2,54,98.1,150,,,,,,,,,,,,,,,,,98.6,102,98.7,100,,,,,,,,,,,,,,,,
2026-06-29T02:02:37.204947+00:00,2026-06-29T12:02:37.193947,2,3,98.4,0.4,98.2,54,98.1,150,,,,,,,,,,,,,,,,,98.6,102,98.7,100,98.9,5,,,,,,,,,,,,,,
2026-06-29T02:02:38.336237+00:00,2026-06-29T12:02:38.336237,2,2,98.45,0.5,98.2,54,98.1,150,,,,,,,,,,,,,,,,,98.7,100,98.9,5,,,,,,,,,,,,,,,,
2026-06-29T02:02:38.347236+00:00,2026-06-29T12:02:38.338227,1,2,98.45,0.5,98.2,54,,,,,,,,,,,,,,,,,,,98.7,100,98.9,5,,,,,,,,,,,,,,,,
2026-06-29T02:02:38.391236+00:00,2026-06-29T12:02:38.389236,1,2,98.45,0.5,98.2,204,,,,,,,,,,,,,,,,,,,98.7,100,98.9,5,,,,,,,,,,,,,,,,
2026-06-29T02:02:38.446236+00:00,2026-06-29T12:02:38.442236,1,2,98.45,0.5,98.2,204,,,,,,,,,,,,,,,,,,,98.7,250,98.9,5,,,,,,,,,,,,,,,,
2026-06-29T02:02:38.710236+00:00,2026-06-29T12:02:38.709236,1,2,98.45,0.5,98.2,150,,,,,,,,,,,,,,,,,,,98.7,150,98.9,5,,,,,,,,,,,,,,,,
2026-06-29T02:02:38.765227+00:00,2026-06-29T12:02:38.761236,2,2,98.45,0.5,98.2,150,98.0,100,,,,,,,,,,,,,,,,,98.7,150,98.9,5,,,,,,,,,,,,,,,,
2026-06-29T02:02:38.820227+00:00,2026-06-29T12:02:38.813227,2,3,98.35,0.3,98.2,150,98.0,100,,,,,,,,,,,,,,,,,98.5,100,98.7,150,98.9,5,,,,,,,,,,,,,,
2026-06-29T02:02:39.380346+00:00,2026-06-29T12:02:39.372345,2,3,98.35,0.3,98.2,100,98.0,100,,,,,,,,,,,,,,,,,98.5,100,98.7,150,98.9,5,,,,,,,,,,,,,,
2026-06-29T02:02:39.435346+00:00,2026-06-29T12:02:39.424515,2,3,98.35,0.3,98.2,51,98.0,100,,,,,,,,,,,,,,,,,98.5,100,98.7,150,98.9,5,,,,,,,,,,,,,,
2026-06-29T02:02:40.325559+00:00,2026-06-29T12:02:40.322559,2,3,98.35,0.3,98.2,51,98.0,100,,,,,,,,,,,,,,,,,98.5,100,98.7,150,98.9,4,,,,,,,,,,,,,,
2026-06-29T02:02:41.502551+00:00,2026-06-29T12:02:41.497550,1,1,98.25,0.5,98.0,100,,,,,,,,,,,,,,,,,,,98.5,100,,,,,,,,,,,,,,,,,,
2026-06-29T02:02:41.557550+00:00,2026-06-29T12:02:41.547551,2,1,98.25,0.5,98.0,100,97.8,150,,,,,,,,,,,,,,,,,98.5,100,,,,,,,,,,,,,,,,,,
2026-06-29T02:02:41.601550+00:00,2026-06-29T12:02:41.600550,2,2,98.15,0.3,98.0,100,97.8,150,,,,,,,,,,,,,,,,,98.3,150,98.5,100,,,,,,,,,,,,,,,,
2026-06-29T02:02:41.876550+00:00,2026-06-29T12:02:41.867551,1,1,98.05,0.5,97.8,150,,,,,,,,,,,,,,,,,,,98.3,150,,,,,,,,,,,,,,,,,,
2026-06-29T02:02:41.931550+00:00,2026-06-29T12:02:41.922550,2,1,98.15,0.3,98.0,100,97.8,150,,,,,,,,,,,,,,,,,98.3,150,,,,,,,,,,,,,,,,,,
2026-06-29T02:02:41.975551+00:00,2026-06-29T12:02:41.974550,2,2,98.15,0.3,98.0,100,97.8,150,,,,,,,,,,,,,,,,,98.3,150,98.5,100,,,,,,,,,,,,,,,,
2026-06-29T02:02:43.119550+00:00,2026-06-29T12:02:43.109551,2,2,98.15,0.3,98.0,100,97.8,150,,,,,,,,,,,,,,,,,98.3,104,98.5,100,,,,,,,,,,,,,,,,
2026-06-29T02:02:43.536553+00:00,2026-06-29T12:02:43.535561,2,2,98.15,0.3,98.0,100,97.8,150,,,,,,,,,,,,,,,,,98.3,54,98.5,100,,,,,,,,,,,,,,,,
2026-06-29T02:02:44.658191+00:00,2026-06-29T12:02:44.654155,2,1,98.25,0.5,98.0,100,97.8,150,,,,,,,,,,,,,,,,,98.5,100,,,,,,,,,,,,,,,,,,
2026-06-29T02:02:44.669191+00:00,2026-06-29T12:02:44.660073,1,1,98.25,0.5,98.0,100,,,,,,,,,,,,,,,,,,,98.5,100,,,,,,,,,,,,,,,,,,
2026-06-29T02:02:44.713191+00:00,2026-06-29T12:02:44.707191,2,1,98.45,0.1,98.4,150,98.0,100,,,,,,,,,,,,,,,,,98.5,100,,,,,,,,,,,,,,,,,,
2026-06-29T02:02:44.768192+00:00,2026-06-29T12:02:44.761192,2,2,98.45,0.1,98.4,150,98.0,100,,,,,,,,,,,,,,,,,98.5,100,98.9,150,,,,,,,,,,,,,,,,
2026-06-29T02:02:45.032072+00:00,2026-06-29T12:02:45.030072,1,1,98.65,0.5,98.4,150,,,,,,,,,,,,,,,,,,,98.9,150,,,,,,,,,,,,,,,,,,
2026-06-29T02:02:45.087073+00:00,2026-06-29T12:02:45.082073,2,1,98.65,0.5,98.4,150,98.3,100,,,,,,,,,,,,,,,,,98.9,150,,,,,,,,,,,,,,,,,,
2026-06-29T02:02:45.141192+00:00,2026-06-29T12:02:45.136191,2,2,98.6,0.4,98.4,150,98.3,100,,,,,,,,,,,,,,,,,98.8,100,98.9,150,,,,,,,,,,,,,,,,
2026-06-29T02:02:45.647191+00:00,2026-06-29T12:02:45.641191,2,2,98.6,0.4,98.4,150,98.3,100,,,,,,,,,,,,,,,,,98.8,50,98.9,150,,,,,,,,,,,,,,,,
2026-06-29T02:02:46.888735+00:00,2026-06-29T12:02:46.881729,2,3,98.5,0.2,98.4,150,98.3,102,,,,,,,,,,,,,,,,,98.6,3,98.8,50,98.9,150,,,,,,,,,,,,,,
2026-06-29T02:02:47.757755+00:00,2026-06-29T12:02:47.755755,2,2,98.6,0.4,98.4,150,98.3,102,,,,,,,,,,,,,,,,,98.8,50,98.9,150,,,,,,,,,,,,,,,,
2026-06-29T02:02:47.823755+00:00,2026-06-29T12:02:47.815755,1,1,98.55,0.5,98.3,102,,,,,,,,,,,,,,,,,,,98.8,50,,,,,,,,,,,,,,,,,,
2026-06-29T02:02:47.878755+00:00,2026-06-29T12:02:47.868756,2,1,98.65,0.3,98.5,150,98.3,102,,,,,,,,,,,,,,,,,98.8,50,,,,,,,,,,,,,,,,,,
2026-06-29T02:02:47.922746+00:00,2026-06-29T12:02:47.921746,2,2,98.65,0.3,98.5,150,98.3,102,,,,,,,,,,,,,,,,,98.8,50,99.0,150,,,,,,,,,,,,,,,,
2026-06-29T02:02:48.197747+00:00,2026-06-29T12:02:48.189746,2,1,98.75,0.5,98.5,150,98.3,2,,,,,,,,,,,,,,,,,99.0,150,,,,,,,,,,,,,,,,,,
2026-06-29T02:02:48.251930+00:00,2026-06-29T12:02:48.242746,2,1,98.75,0.5,98.5,250,98.3,2,,,,,,,,,,,,,,,,,99.0,150,,,,,,,,,,,,,,,,,,
2026-06-29T02:02:48.306282+00:00,2026-06-29T12:02:48.300282,2,1,98.75,0.5,98.5,250,98.3,2,,,,,,,,,,,,,,,,,99.0,250,,,,,,,,,,,,,,,,,,
2026-06-29T02:02:48.768290+00:00,2026-06-29T12:02:48.759282,2,1,98.75,0.5,98.5,250,98.3,2,,,,,,,,,,,,,,,,,99.0,206,,,,,,,,,,,,,,,,,,
2026-06-29T02:02:48.988282+00:00,2026-06-29T12:02:48.986282,1,1,98.75,0.5,98.5,250,,,,,,,,,,,,,,,,,,,99.0,206,,,,,,,,,,,,,,,,,,
2026-06-29T02:02:49.879291+00:00,2026-06-29T12:02:49.869291,1,1,98.75,0.5,98.5,209,,,,,,,,,,,,,,,,,,,99.0,206,,,,,,,,,,,,,,,,,,
2026-06-29T02:02:49.912291+00:00,2026-06-29T12:02:49.911291,1,1,98.75,0.5,98.5,159,,,,,,,,,,,,,,,,,,,99.0,206,,,,,,,,,,,,,,,,,,
2026-06-29T02:02:50.406401+00:00,2026-06-29T12:02:50.401401,1,1,98.75,0.5,98.5,111,,,,,,,,,,,,,,,,,,,99.0,206,,,,,,,,,,,,,,,,,,
2026-06-29T02:02:50.978281+00:00,2026-06-29T12:02:50.976282,1,1,98.75,0.5,98.5,111,,,,,,,,,,,,,,,,,,,99.0,100,,,,,,,,,,,,,,,,,,
2026-06-29T02:02:50.989282+00:00,2026-06-29T12:02:50.978281,1,1,98.75,0.5,98.5,100,,,,,,,,,,,,,,,,,,,99.0,100,,,,,,,,,,,,,,,,,,
2026-06-29T02:02:51.044282+00:00,2026-06-29T12:02:51.033282,2,1,98.75,0.5,98.5,100,97.8,150,,,,,,,,,,,,,,,,,99.0,100,,,,,,,,,,,,,,,,,,
2026-06-29T02:02:51.088282+00:00,2026-06-29T12:02:51.086282,1,2,98.05,0.5,97.8,150,,,,,,,,,,,,,,,,,,,98.3,50,99.0,100,,,,,,,,,,,,,,,,
2026-06-29T02:02:51.352401+00:00,2026-06-29T12:02:51.350400,1,1,98.05,0.5,97.8,150,,,,,,,,,,,,,,,,,,,98.3,50,,,,,,,,,,,,,,,,,,
2026-06-29T02:02:51.407400+00:00,2026-06-29T12:02:51.403400,2,1,98.15,0.3,98.0,100,97.8,150,,,,,,,,,,,,,,,,,98.3,50,,,,,,,,,,,,,,,,,,
2026-06-29T02:02:51.462401+00:00,2026-06-29T12:02:51.454401,2,2,98.15,0.3,98.0,100,97.8,150,,,,,,,,,,,,,,,,,98.3,50,98.5,100,,,,,,,,,,,,,,,,
2026-06-29T02:02:51.979302+00:00,2026-06-29T12:02:51.969302,2,1,98.25,0.5,98.0,100,97.8,150,,,,,,,,,,,,,,,,,98.5,100,,,,,,,,,,,,,,,,,,
2026-06-29T02:02:53.463302+00:00,2026-06-29T12:02:53.462302,2,1,98.25,0.5,98.0,100,97.8,150,,,,,,,,,,,,,,,,,98.5,57,,,,,,,,,,,,,,,,,,
2026-06-29T02:02:53.958302+00:00,2026-06-29T12:02:53.955311,2,1,98.25,0.5,98.0,100,97.8,150,,,,,,,,,,,,,,,,,98.5,11,,,,,,,,,,,,,,,,,,
2026-06-29T02:02:53.969311+00:00,2026-06-29T12:02:53.959311,3,1,98.4,0.2,98.3,50,98.0,100,97.8,150,,,,,,,,,,,,,,,98.5,11,,,,,,,,,,,,,,,,,,
2026-06-29T02:02:54.079302+00:00,2026-06-29T12:02:54.077302,3,0,,,98.3,50,98.0,100,97.8,150,,,,,,,,,,,,,,,,,,,,,,,,,,,,,,,,,,
2026-06-29T02:02:54.145302+00:00,2026-06-29T12:02:54.140302,2,0,,,98.3,50,98.0,100,,,,,,,,,,,,,,,,,,,,,,,,,,,,,,,,,,,,
2026-06-29T02:02:54.200302+00:00,2026-06-29T12:02:54.193302,3,0,,,98.4,150,98.3,50,98.0,100,,,,,,,,,,,,,,,,,,,,,,,,,,,,,,,,,,
2026-06-29T02:02:54.255301+00:00,2026-06-29T12:02:54.245302,3,1,98.65,0.5,98.4,150,98.3,50,98.0,100,,,,,,,,,,,,,,,98.9,150,,,,,,,,,,,,,,,,,,
2026-06-29T02:02:54.519311+00:00,2026-06-29T12:02:54.513311,2,1,98.65,0.5,98.4,150,98.3,50,,,,,,,,,,,,,,,,,98.9,150,,,,,,,,,,,,,,,,,,
2026-06-29T02:02:54.574311+00:00,2026-06-29T12:02:54.566311,3,1,98.65,0.5,98.4,150,98.3,50,98.2,100,,,,,,,,,,,,,,,98.9,150,,,,,,,,,,,,,,,,,,
2026-06-29T02:02:54.629303+00:00,2026-06-29T12:02:54.619312,3,2,98.55,0.3,98.4,150,98.3,50,98.2,100,,,,,,,,,,,,,,,98.7,100,98.9,150,,,,,,,,,,,,,,,,
2026-06-29T02:02:54.849310+00:00,2026-06-29T12:02:54.843311,3,2,98.55,0.3,98.4,150,98.3,6,98.2,100,,,,,,,,,,,,,,,98.7,100,98.9,150,,,,,,,,,,,,,,,,
2026-06-29T02:02:56.200355+00:00,2026-06-29T12:02:56.192355,3,2,98.55,0.3,98.4,150,98.3,6,98.2,100,,,,,,,,,,,,,,,98.7,50,98.9,150,,,,,,,,,,,,,,,,
2026-06-29T02:02:57.079888+00:00,2026-06-29T12:02:57.075889,3,2,98.55,0.3,98.4,101,98.3,6,98.2,100,,,,,,,,,,,,,,,98.7,50,98.9,150,,,,,,,,,,,,,,,,
2026-06-29T02:02:57.299889+00:00,2026-06-29T12:02:57.299889,2,1,98.5,0.4,98.3,6,98.2,100,,,,,,,,,,,,,,,,,98.7,50,,,,,,,,,,,,,,,,,,
2026-06-29T02:02:57.365898+00:00,2026-06-29T12:02:57.355898,2,1,98.5,0.4,98.3,6,98.2,250,,,,,,,,,,,,,,,,,98.7,50,,,,,,,,,,,,,,,,,,
2026-06-29T02:02:57.409898+00:00,2026-06-29T12:02:57.406898,2,1,98.5,0.4,98.3,6,98.2,250,,,,,,,,,,,,,,,,,98.7,200,,,,,,,,,,,,,,,,,,
2026-06-29T02:02:57.684898+00:00,2026-06-29T12:02:57.675898,2,1,98.5,0.4,98.3,6,98.2,150,,,,,,,,,,,,,,,,,98.7,150,,,,,,,,,,,,,,,,,,
2026-06-29T02:02:57.739898+00:00,2026-06-29T12:02:57.729047,3,1,98.55,0.3,98.4,100,98.3,6,98.2,150,,,,,,,,,,,,,,,98.7,150,,,,,,,,,,,,,,,,,,
2026-06-29T02:02:57.783898+00:00,2026-06-29T12:02:57.782898,3,2,98.55,0.3,98.4,100,98.3,6,98.2,150,,,,,,,,,,,,,,,98.7,150,98.9,100,,,,,,,,,,,,,,,,
2026-06-29T02:02:58.300108+00:00,2026-06-29T12:02:58.298108,3,2,98.55,0.3,98.4,100,98.3,6,98.2,150,,,,,,,,,,,,,,,98.7,100,98.9,100,,,,,,,,,,,,,,,,
2026-06-29T02:02:58.443108+00:00,2026-06-29T12:02:58.440108,3,2,98.55,0.3,98.4,60,98.3,6,98.2,150,,,,,,,,,,,,,,,98.7,100,98.9,100,,,,,,,,,,,,,,,,
2026-06-29T02:02:58.927108+00:00,2026-06-29T12:02:58.921108,3,2,98.55,0.3,98.4,60,98.3,6,98.2,150,,,,,,,,,,,,,,,98.7,54,98.9,100,,,,,,,,,,,,,,,,
2026-06-29T02:02:59.048108+00:00,2026-06-29T12:02:59.037251,3,2,98.55,0.3,98.4,60,98.3,3,98.2,150,,,,,,,,,,,,,,,98.7,54,98.9,100,,,,,,,,,,,,,,,,
2026-06-29T02:02:59.609108+00:00,2026-06-29T12:02:59.600107,3,2,98.55,0.3,98.4,60,98.3,3,98.2,150,,,,,,,,,,,,,,,98.7,11,98.9,100,,,,,,,,,,,,,,,,
2026-06-29T02:03:00.423117+00:00,2026-06-29T12:03:00.414114,3,1,98.65,0.5,98.4,60,98.3,3,98.2,150,,,,,,,,,,,,,,,98.9,61,,,,,,,,,,,,,,,,,,
2026-06-29T02:03:00.467118+00:00,2026-06-29T12:03:00.461117,2,1,98.65,0.5,98.4,60,98.3,3,,,,,,,,,,,,,,,,,98.9,61,,,,,,,,,,,,,,,,,,
2026-06-29T02:03:00.522117+00:00,2026-06-29T12:03:00.513117,3,1,98.8,0.2,98.7,150,98.4,60,98.3,3,,,,,,,,,,,,,,,98.9,61,,,,,,,,,,,,,,,,,,
2026-06-29T02:03:00.533117+00:00,2026-06-29T12:03:00.530117,3,1,98.8,0.2,98.7,125,98.4,60,98.3,3,,,,,,,,,,,,,,,98.9,61,,,,,,,,,,,,,,,,,,
2026-06-29T02:03:00.566117+00:00,2026-06-29T12:03:00.564117,3,1,98.8,0.2,98.7,100,98.4,60,98.3,3,,,,,,,,,,,,,,,98.9,61,,,,,,,,,,,,,,,,,,
2026-06-29T02:03:00.577117+00:00,2026-06-29T12:03:00.566117,3,2,98.8,0.2,98.7,100,98.4,60,98.3,3,,,,,,,,,,,,,,,98.9,61,99.2,150,,,,,,,,,,,,,,,,
2026-06-29T02:03:00.742117+00:00,2026-06-29T12:03:00.740117,3,2,98.8,0.2,98.7,75,98.4,60,98.3,3,,,,,,,,,,,,,,,98.9,61,99.2,150,,,,,,,,,,,,,,,,
2026-06-29T02:03:00.775117+00:00,2026-06-29T12:03:00.772117,3,2,98.8,0.2,98.7,50,98.4,60,98.3,3,,,,,,,,,,,,,,,98.9,61,99.2,150,,,,,,,,,,,,,,,,
2026-06-29T02:03:00.852117+00:00,2026-06-29T12:03:00.842117,2,1,98.95,0.5,98.7,50,98.3,3,,,,,,,,,,,,,,,,,99.2,150,,,,,,,,,,,,,,,,,,
2026-06-29T02:03:00.896117+00:00,2026-06-29T12:03:00.893109,2,1,98.95,0.5,98.7,50,98.3,103,,,,,,,,,,,,,,,,,99.2,150,,,,,,,,,,,,,,,,,,
2026-06-29T02:03:00.951117+00:00,2026-06-29T12:03:00.950117,2,2,98.75,0.1,98.7,25,98.3,103,,,,,,,,,,,,,,,,,98.8,100,99.2,150,,,,,,,,,,,,,,,,
2026-06-29T02:03:00.984117+00:00,2026-06-29T12:03:00.981117,1,2,98.55,0.5,98.3,103,,,,,,,,,,,,,,,,,,,98.8,100,99.2,150,,,,,,,,,,,,,,,,
2026-06-29T02:03:01.083108+00:00,2026-06-29T12:03:01.077108,1,2,98.55,0.5,98.3,101,,,,,,,,,,,,,,,,,,,98.8,100,99.2,150,,,,,,,,,,,,,,,,
2026-06-29T02:03:02.535137+00:00,2026-06-29T12:03:02.525137,1,2,98.55,0.5,98.3,101,,,,,,,,,,,,,,,,,,,98.8,50,99.2,150,,,,,,,,,,,,,,,,
2026-06-29T02:03:03.096137+00:00,2026-06-29T12:03:03.091129,1,3,98.5,0.4,98.3,101,,,,,,,,,,,,,,,,,,,98.7,5,98.8,50,99.2,150,,,,,,,,,,,,,,
2026-06-29T02:03:03.217128+00:00,2026-06-29T12:03:03.215128,1,3,98.5,0.4,98.3,61,,,,,,,,,,,,,,,,,,,98.7,5,98.8,50,99.2,150,,,,,,,,,,,,,,
2026-06-29T02:03:03.250128+00:00,2026-06-29T12:03:03.239128,2,3,98.55,0.3,98.4,1,98.3,61,,,,,,,,,,,,,,,,,98.7,5,98.8,50,99.2,150,,,,,,,,,,,,,,
2026-06-29T02:03:03.623621+00:00,2026-06-29T12:03:03.618621,2,2,98.55,0.3,98.4,1,98.3,61,,,,,,,,,,,,,,,,,98.7,5,98.8,50,,,,,,,,,,,,,,,,
2026-06-29T02:03:03.678622+00:00,2026-06-29T12:03:03.671621,2,2,98.55,0.3,98.4,1,98.3,211,,,,,,,,,,,,,,,,,98.7,5,98.8,50,,,,,,,,,,,,,,,,
2026-06-29T02:03:03.700621+00:00,2026-06-29T12:03:03.689621,2,1,98.6,0.4,98.4,1,98.3,211,,,,,,,,,,,,,,,,,98.8,12,,,,,,,,,,,,,,,,,,
2026-06-29T02:03:03.733621+00:00,2026-06-29T12:03:03.724613,2,1,98.6,0.4,98.4,1,98.3,211,,,,,,,,,,,,,,,,,98.8,162,,,,,,,,,,,,,,,,,,
2026-06-29T02:03:04.030621+00:00,2026-06-29T12:03:04.029622,2,1,98.6,0.4,98.4,1,98.3,150,,,,,,,,,,,,,,,,,98.8,150,,,,,,,,,,,,,,,,,,
2026-06-29T02:03:04.096621+00:00,2026-06-29T12:03:04.085621,3,1,98.7,0.2,98.6,100,98.4,1,98.3,150,,,,,,,,,,,,,,,98.8,150,,,,,,,,,,,,,,,,,,
2026-06-29T02:03:04.140621+00:00,2026-06-29T12:03:04.138622,3,2,98.7,0.2,98.6,100,98.4,1,98.3,150,,,,,,,,,,,,,,,98.8,150,99.1,100,,,,,,,,,,,,,,,,
2026-06-29T02:03:04.635237+00:00,2026-06-29T12:03:04.634237,3,2,98.7,0.2,98.6,100,98.4,1,98.3,150,,,,,,,,,,,,,,,98.8,100,99.1,100,,,,,,,,,,,,,,,,
2026-06-29T02:03:04.789237+00:00,2026-06-29T12:03:04.781237,3,3,98.65,0.1,98.6,100,98.4,1,98.3,150,,,,,,,,,,,,,,,98.7,4,98.8,100,99.1,100,,,,,,,,,,,,,,
2026-06-29T02:03:04.811236+00:00,2026-06-29T12:03:04.806237,3,2,98.7,0.2,98.6,100,98.4,1,98.3,150,,,,,,,,,,,,,,,98.8,98,99.1,100,,,,,,,,,,,,,,,,
2026-06-29T02:03:04.954236+00:00,2026-06-29T12:03:04.950236,3,3,98.65,0.1,98.6,100,98.4,1,98.3,150,,,,,,,,,,,,,,,98.7,4,98.8,98,99.1,100,,,,,,,,,,,,,,
2026-06-29T02:03:04.976236+00:00,2026-06-29T12:03:04.968236,3,2,98.7,0.2,98.6,100,98.4,1,98.3,150,,,,,,,,,,,,,,,98.8,98,99.1,100,,,,,,,,,,,,,,,,
2026-06-29T02:03:05.020236+00:00,2026-06-29T12:03:05.011237,3,2,98.7,0.2,98.6,100,98.4,1,98.3,150,,,,,,,,,,,,,,,98.8,96,99.1,100,,,,,,,,,,,,,,,,
2026-06-29T02:03:05.119236+00:00,2026-06-29T12:03:05.117237,3,3,98.65,0.1,98.6,100,98.4,1,98.3,150,,,,,,,,,,,,,,,98.7,3,98.8,96,99.1,100,,,,,,,,,,,,,,
2026-06-29T02:03:05.185227+00:00,2026-06-29T12:03:05.177237,3,2,98.7,0.2,98.6,100,98.4,1,98.3,150,,,,,,,,,,,,,,,98.8,96,99.1,100,,,,,,,,,,,,,,,,
2026-06-29T02:03:05.240228+00:00,2026-06-29T12:03:05.238228,3,2,98.7,0.2,98.6,100,98.4,1,98.3,150,,,,,,,,,,,,,,,98.8,94,99.1,100,,,,,,,,,,,,,,,,
2026-06-29T02:03:05.449228+00:00,2026-06-29T12:03:05.442227,3,2,98.7,0.2,98.6,100,98.4,1,98.3,150,,,,,,,,,,,,,,,98.8,92,99.1,100,,,,,,,,,,,,,,,,
2026-06-29T02:03:05.658237+00:00,2026-06-29T12:03:05.647380,3,2,98.7,0.2,98.6,100,98.4,1,98.3,150,,,,,,,,,,,,,,,98.8,90,99.1,100,,,,,,,,,,,,,,,,
2026-06-29T02:03:05.878237+00:00,2026-06-29T12:03:05.870237,3,2,98.7,0.2,98.6,100,98.4,1,98.3,150,,,,,,,,,,,,,,,98.8,88,99.1,100,,,,,,,,,,,,,,,,
2026-06-29T02:03:06.482785+00:00,2026-06-29T12:03:06.480785,3,2,98.7,0.2,98.6,100,98.4,1,98.3,150,,,,,,,,,,,,,,,98.8,86,99.1,100,,,,,,,,,,,,,,,,
2026-06-29T02:03:06.691784+00:00,2026-06-29T12:03:06.685785,3,2,98.7,0.2,98.6,100,98.4,1,98.3,150,,,,,,,,,,,,,,,98.8,84,99.1,100,,,,,,,,,,,,,,,,
2026-06-29T02:03:06.746784+00:00,2026-06-29T12:03:06.741784,3,2,98.7,0.2,98.6,100,98.4,1,98.3,150,,,,,,,,,,,,,,,98.8,34,99.1,100,,,,,,,,,,,,,,,,
2026-06-29T02:03:06.790784+00:00,2026-06-29T12:03:06.781785,2,1,98.85,0.5,98.6,100,98.4,1,,,,,,,,,,,,,,,,,99.1,100,,,,,,,,,,,,,,,,,,
2026-06-29T02:03:06.834784+00:00,2026-06-29T12:03:06.830785,3,1,99.05,0.1,99.0,150,98.6,100,98.4,1,,,,,,,,,,,,,,,99.1,100,,,,,,,,,,,,,,,,,,
2026-06-29T02:03:06.889785+00:00,2026-06-29T12:03:06.883785,3,2,99.05,0.1,99.0,150,98.6,100,98.4,1,,,,,,,,,,,,,,,99.1,100,99.5,150,,,,,,,,,,,,,,,,
2026-06-29T02:03:07.197785+00:00,2026-06-29T12:03:07.193785,2,1,99.25,0.5,99.0,150,98.4,1,,,,,,,,,,,,,,,,,99.5,150,,,,,,,,,,,,,,,,,,
2026-06-29T02:03:07.252785+00:00,2026-06-29T12:03:07.244785,3,1,99.25,0.5,99.0,150,98.8,100,98.4,1,,,,,,,,,,,,,,,99.5,150,,,,,,,,,,,,,,,,,,
2026-06-29T02:03:07.307785+00:00,2026-06-29T12:03:07.297785,3,2,99.15,0.3,99.0,150,98.8,100,98.4,1,,,,,,,,,,,,,,,99.3,100,99.5,150,,,,,,,,,,,,,,,,
2026-06-29T02:03:07.417784+00:00,2026-06-29T12:03:07.412785,3,2,99.15,0.3,99.0,104,98.8,100,98.4,1,,,,,,,,,,,,,,,99.3,100,99.5,150,,,,,,,,,,,,,,,,
2026-06-29T02:03:08.099784+00:00,2026-06-29T12:03:08.097784,3,2,99.15,0.3,99.0,79,98.8,100,98.4,1,,,,,,,,,,,,,,,99.3,100,99.5,150,,,,,,,,,,,,,,,,
2026-06-29T02:03:08.198784+00:00,2026-06-29T12:03:08.188776,3,2,99.15,0.3,99.0,54,98.8,100,98.4,1,,,,,,,,,,,,,,,99.3,100,99.5,150,,,,,,,,,,,,,,,,
2026-06-29T02:03:08.308304+00:00,2026-06-29T12:03:08.307304,3,2,99.15,0.3,99.0,29,98.8,100,98.4,1,,,,,,,,,,,,,,,99.3,100,99.5,150,,,,,,,,,,,,,,,,
2026-06-29T02:03:08.407304+00:00,2026-06-29T12:03:08.397304,3,2,99.15,0.3,99.0,4,98.8,100,98.4,1,,,,,,,,,,,,,,,99.3,100,99.5,150,,,,,,,,,,,,,,,,
2026-06-29T02:03:08.528305+00:00,2026-06-29T12:03:08.517305,2,2,99.05,0.5,98.8,100,98.4,1,,,,,,,,,,,,,,,,,99.3,100,99.5,150,,,,,,,,,,,,,,,,
2026-06-29T02:03:08.902313+00:00,2026-06-29T12:03:08.899313,2,2,99.05,0.5,98.8,50,98.4,1,,,,,,,,,,,,,,,,,99.3,100,99.5,150,,,,,,,,,,,,,,,,
2026-06-29T02:03:09.155313+00:00,2026-06-29T12:03:09.147313,2,2,99.05,0.5,98.8,48,98.4,1,,,,,,,,,,,,,,,,,99.3,100,99.5,150,,,,,,,,,,,,,,,,
2026-06-29T02:03:09.363818+00:00,2026-06-29T12:03:09.354818,1,2,99.05,0.5,98.8,46,,,,,,,,,,,,,,,,,,,99.3,100,99.5,150,,,,,,,,,,,,,,,,
2026-06-29T02:03:09.561827+00:00,2026-06-29T12:03:09.558827,1,2,99.05,0.5,98.8,44,,,,,,,,,,,,,,,,,,,99.3,100,99.5,150,,,,,,,,,,,,,,,,
2026-06-29T02:03:09.616827+00:00,2026-06-29T12:03:09.612827,2,2,99.05,0.5,98.8,44,98.6,5,,,,,,,,,,,,,,,,,99.3,100,99.5,150,,,,,,,,,,,,,,,,
2026-06-29T02:03:09.770827+00:00,2026-06-29T12:03:09.763827,2,2,99.05,0.5,98.8,42,98.6,5,,,,,,,,,,,,,,,,,99.3,100,99.5,150,,,,,,,,,,,,,,,,
2026-06-29T02:03:09.946827+00:00,2026-06-29T12:03:09.940828,2,1,99.05,0.5,98.8,42,98.6,5,,,,,,,,,,,,,,,,,99.3,100,,,,,,,,,,,,,,,,,,
2026-06-29T02:03:09.979827+00:00,2026-06-29T12:03:09.968827,2,1,99.05,0.5,98.8,40,98.6,5,,,,,,,,,,,,,,,,,99.3,100,,,,,,,,,,,,,,,,,,
2026-06-29T02:03:10.001827+00:00,2026-06-29T12:03:09.992827,3,1,99.05,0.5,98.8,40,98.6,5,98.1,150,,,,,,,,,,,,,,,99.3,100,,,,,,,,,,,,,,,,,,
2026-06-29T02:03:10.056827+00:00,2026-06-29T12:03:10.050827,1,2,98.35,0.5,98.1,150,,,,,,,,,,,,,,,,,,,98.6,105,99.3,100,,,,,,,,,,,,,,,,
2026-06-29T02:03:10.188827+00:00,2026-06-29T12:03:10.178828,1,2,98.35,0.5,98.1,150,,,,,,,,,,,,,,,,,,,98.6,80,99.3,100,,,,,,,,,,,,,,,,
2026-06-29T02:03:10.221827+00:00,2026-06-29T12:03:10.217827,1,2,98.35,0.5,98.1,150,,,,,,,,,,,,,,,,,,,98.6,55,99.3,100,,,,,,,,,,,,,,,,
2026-06-29T02:03:10.353818+00:00,2026-06-29T12:03:10.352818,1,1,98.35,0.5,98.1,150,,,,,,,,,,,,,,,,,,,98.6,55,,,,,,,,,,,,,,,,,,
2026-06-29T02:03:10.396937+00:00,2026-06-29T12:03:10.391937,1,1,98.35,0.5,98.1,150,,,,,,,,,,,,,,,,,,,98.6,30,,,,,,,,,,,,,,,,,,
2026-06-29T02:03:10.407937+00:00,2026-06-29T12:03:10.406937,2,1,98.45,0.3,98.3,100,98.1,150,,,,,,,,,,,,,,,,,98.6,30,,,,,,,,,,,,,,,,,,
2026-06-29T02:03:10.429937+00:00,2026-06-29T12:03:10.422877,2,0,,,98.3,100,98.1,150,,,,,,,,,,,,,,,,,,,,,,,,,,,,,,,,,,,,
2026-06-29T02:03:10.462937+00:00,2026-06-29T12:03:10.459850,2,1,98.55,0.5,98.3,100,98.1,150,,,,,,,,,,,,,,,,,98.8,100,,,,,,,,,,,,,,,,,,
