recv_time,book_timestamp,n_bids,n_asks,mid,spread,bid_px_0,bid_vol_0,bid_px_1,bid_vol_1,bid_px_2,bid_vol_2,bid_px_3,bid_vol_3,bid_px_4,bid_vol_4,bid_px_5,bid_vol_5,bid_px_6,bid_vol_6,bid_px_7,bid_vol_7,bid_px_8,bid_vol_8,bid_px_9,bid_vol_9,ask_px_0,ask_vol_0,ask_px_1,ask_vol_1,ask_px_2,ask_vol_2,ask_px_3,ask_vol_3,ask_px_4,ask_vol_4,ask_px_5,ask_vol_5,ask_px_6,ask_vol_6,ask_px_7,ask_vol_7,ask_px_8,ask_vol_8,ask_px_9,ask_vol_9
2026-07-01T08:00:00.164130+00:00,2026-07-01T08:00:00.224791,2,2,81.35,0.1,81.3,140,80.9,100,,,,,,,,,,,,,,,,,81.4,116,81.8,150,,,,,,,,,,,,,,,,
2026-07-01T08:00:00.456134+00:00,2026-07-01T08:00:00.363684,2,2,81.35,0.1,81.3,90,80.9,100,,,,,,,,,,,,,,,,,81.4,116,81.8,150,,,,,,,,,,,,,,,,
2026-07-01T08:00:00.597217+00:00,2026-07-01T08:00:00.605739,3,2,81.35,0.1,81.3,90,81.1,1,80.9,100,,,,,,,,,,,,,,,81.4,116,81.8,150,,,,,,,,,,,,,,,,
2026-07-01T08:00:00.766018+00:00,2026-07-01T08:00:00.737581,3,2,81.35,0.1,81.3,90,81.1,1,80.9,100,,,,,,,,,,,,,,,81.4,116,81.8,150,,,,,,,,,,,,,,,,
2026-07-01T08:00:01.082918+00:00,2026-07-01T08:00:01.081538,3,2,81.35,0.1,81.3,90,81.1,1,80.9,100,,,,,,,,,,,,,,,81.4,16,81.8,150,,,,,,,,,,,,,,,,
2026-07-01T08:00:01.093308+00:00,2026-07-01T08:00:01.083289,2,2,81.35,0.1,81.3,90,81.1,1,,,,,,,,,,,,,,,,,81.4,16,81.8,150,,,,,,,,,,,,,,,,
2026-07-01T08:00:01.144856+00:00,2026-07-01T08:00:01.136090,3,2,81.35,0.1,81.3,90,81.1,1,80.8,100,,,,,,,,,,,,,,,81.4,16,81.8,150,,,,,,,,,,,,,,,,
2026-07-01T08:00:01.194929+00:00,2026-07-01T08:00:01.193131,2,3,81.2,0.2,81.1,1,80.8,100,,,,,,,,,,,,,,,,,81.3,10,81.4,16,81.8,150,,,,,,,,,,,,,,
2026-07-01T08:00:01.246639+00:00,2026-07-01T08:00:01.246177,2,3,81.2,0.2,81.1,1,80.8,100,,,,,,,,,,,,,,,,,81.3,20,81.4,6,81.8,150,,,,,,,,,,,,,,
2026-07-01T08:00:01.630877+00:00,2026-07-01T08:00:01.625449,2,3,81.2,0.2,81.1,1,80.8,100,,,,,,,,,,,,,,,,,81.3,20,81.4,5,81.8,150,,,,,,,,,,,,,,
2026-07-01T08:00:01.767354+00:00,2026-07-01T08:00:01.760905,2,3,81.2,0.2,81.1,1,80.8,100,,,,,,,,,,,,,,,,,81.3,20,81.4,5,81.8,150,,,,,,,,,,,,,,
2026-07-01T08:00:02.197531+00:00,2026-07-01T08:00:02.188026,2,2,81.2,0.2,81.1,1,80.8,100,,,,,,,,,,,,,,,,,81.3,20,81.4,5,,,,,,,,,,,,,,,,
2026-07-01T08:00:02.249343+00:00,2026-07-01T08:00:02.241995,3,2,81.2,0.2,81.1,1,80.8,100,80.6,150,,,,,,,,,,,,,,,81.3,20,81.4,5,,,,,,,,,,,,,,,,
2026-07-01T08:00:02.269896+00:00,2026-07-01T08:00:02.265891,3,2,81.2,0.2,81.1,1,80.8,100,80.6,150,,,,,,,,,,,,,,,81.3,10,81.4,5,,,,,,,,,,,,,,,,
2026-07-01T08:00:02.280171+00:00,2026-07-01T08:00:02.270422,3,2,81.2,0.2,81.1,1,80.8,100,80.6,150,,,,,,,,,,,,,,,81.3,20,81.4,5,,,,,,,,,,,,,,,,
2026-07-01T08:00:02.300813+00:00,2026-07-01T08:00:02.300033,2,3,80.95,0.3,80.8,100,80.6,150,,,,,,,,,,,,,,,,,81.1,149,81.3,20,81.4,5,,,,,,,,,,,,,,
2026-07-01T08:00:02.322970+00:00,2026-07-01T08:00:02.322071,2,3,80.95,0.3,80.8,100,80.6,150,,,,,,,,,,,,,,,,,81.1,139,81.3,20,81.4,5,,,,,,,,,,,,,,
2026-07-01T08:00:02.476898+00:00,2026-07-01T08:00:02.473243,2,3,80.95,0.3,80.8,50,80.6,150,,,,,,,,,,,,,,,,,81.1,139,81.3,20,81.4,5,,,,,,,,,,,,,,
2026-07-01T08:00:02.631215+00:00,2026-07-01T08:00:02.628253,2,3,80.95,0.3,80.8,50,80.6,150,,,,,,,,,,,,,,,,,81.1,138,81.3,20,81.4,5,,,,,,,,,,,,,,
2026-07-01T08:00:02.651896+00:00,2026-07-01T08:00:02.643506,3,3,81.05,0.1,81.0,1,80.8,50,80.6,150,,,,,,,,,,,,,,,81.1,138,81.3,20,81.4,5,,,,,,,,,,,,,,
2026-07-01T08:00:02.734343+00:00,2026-07-01T08:00:02.726223,3,3,81.05,0.1,81.0,1,80.8,50,80.6,150,,,,,,,,,,,,,,,81.1,138,81.3,20,81.4,4,,,,,,,,,,,,,,
2026-07-01T08:00:02.776244+00:00,2026-07-01T08:00:02.775337,3,3,81.05,0.1,81.0,1,80.8,50,80.6,150,,,,,,,,,,,,,,,81.1,138,81.3,10,81.4,4,,,,,,,,,,,,,,
2026-07-01T08:00:02.786646+00:00,2026-07-01T08:00:02.778965,3,3,81.05,0.1,81.0,11,80.8,50,80.6,150,,,,,,,,,,,,,,,81.1,138,81.3,10,81.4,4,,,,,,,,,,,,,,
2026-07-01T08:00:03.292944+00:00,2026-07-01T08:00:03.286583,3,3,81.05,0.1,81.0,11,80.8,50,80.6,150,,,,,,,,,,,,,,,81.1,138,81.3,10,81.4,4,,,,,,,,,,,,,,
2026-07-01T08:00:03.724261+00:00,2026-07-01T08:00:03.714872,3,3,81.05,0.1,81.0,11,80.8,50,80.6,150,,,,,,,,,,,,,,,81.1,138,81.3,10,81.4,3,,,,,,,,,,,,,,
2026-07-01T08:00:03.796479+00:00,2026-07-01T08:00:03.794532,3,3,81.05,0.1,81.0,11,80.8,50,80.6,150,,,,,,,,,,,,,,,81.1,138,81.3,10,81.4,3,,,,,,,,,,,,,,
2026-07-01T08:00:03.806737+00:00,2026-07-01T08:00:03.803400,3,2,81.05,0.1,81.0,11,80.8,50,80.6,150,,,,,,,,,,,,,,,81.1,138,81.3,10,,,,,,,,,,,,,,,,
2026-07-01T08:00:04.249896+00:00,2026-07-01T08:00:04.249125,2,1,81.05,0.1,81.0,11,80.6,150,,,,,,,,,,,,,,,,,81.1,138,,,,,,,,,,,,,,,,,,
2026-07-01T08:00:04.301116+00:00,2026-07-01T08:00:04.299112,2,1,81.05,0.1,81.0,1,80.6,150,,,,,,,,,,,,,,,,,81.1,138,,,,,,,,,,,,,,,,,,
2026-07-01T08:00:04.311375+00:00,2026-07-01T08:00:04.306766,2,1,81.05,0.1,81.0,11,80.6,150,,,,,,,,,,,,,,,,,81.1,38,,,,,,,,,,,,,,,,,,
2026-07-01T08:00:04.362763+00:00,2026-07-01T08:00:04.358187,2,2,81.05,0.1,81.0,11,80.6,150,,,,,,,,,,,,,,,,,81.1,38,81.6,100,,,,,,,,,,,,,,,,
2026-07-01T08:00:04.814277+00:00,2026-07-01T08:00:04.813940,2,2,81.05,0.1,81.0,11,80.6,150,,,,,,,,,,,,,,,,,81.1,38,81.6,100,,,,,,,,,,,,,,,,
2026-07-01T08:00:05.321859+00:00,2026-07-01T08:00:05.318145,2,2,81.05,0.1,81.0,1,80.6,150,,,,,,,,,,,,,,,,,81.1,38,81.6,100,,,,,,,,,,,,,,,,
2026-07-01T08:00:05.332241+00:00,2026-07-01T08:00:05.324232,2,2,81.05,0.1,81.0,11,80.6,150,,,,,,,,,,,,,,,,,81.1,38,81.6,100,,,,,,,,,,,,,,,,
2026-07-01T08:00:05.363239+00:00,2026-07-01T08:00:05.356259,1,1,81.3,0.6,81.0,11,,,,,,,,,,,,,,,,,,,81.6,100,,,,,,,,,,,,,,,,,,
2026-07-01T08:00:05.414551+00:00,2026-07-01T08:00:05.408487,2,1,81.35,0.5,81.1,150,81.0,11,,,,,,,,,,,,,,,,,81.6,100,,,,,,,,,,,,,,,,,,
2026-07-01T08:00:05.466137+00:00,2026-07-01T08:00:05.461541,2,1,81.35,0.5,81.1,150,81.0,11,,,,,,,,,,,,,,,,,81.6,250,,,,,,,,,,,,,,,,,,
2026-07-01T08:00:05.835985+00:00,2026-07-01T08:00:05.831860,2,2,81.3,0.4,81.1,150,81.0,1,,,,,,,,,,,,,,,,,81.5,10,81.6,250,,,,,,,,,,,,,,,,
2026-07-01T08:00:05.846348+00:00,2026-07-01T08:00:05.839145,2,3,81.2,0.2,81.1,150,81.0,1,,,,,,,,,,,,,,,,,81.3,2,81.5,10,81.6,250,,,,,,,,,,,,,,
2026-07-01T08:00:06.283387+00:00,2026-07-01T08:00:06.280774,2,1,81.35,0.5,81.1,150,81.0,1,,,,,,,,,,,,,,,,,81.6,220,,,,,,,,,,,,,,,,,,
2026-07-01T08:00:06.345176+00:00,2026-07-01T08:00:06.337946,2,2,81.3,0.4,81.1,150,81.0,1,,,,,,,,,,,,,,,,,81.5,10,81.6,220,,,,,,,,,,,,,,,,
2026-07-01T08:00:06.850913+00:00,2026-07-01T08:00:06.849830,2,2,81.3,0.4,81.1,150,81.0,1,,,,,,,,,,,,,,,,,81.5,10,81.6,220,,,,,,,,,,,,,,,,
2026-07-01T08:00:07.244355+00:00,2026-07-01T08:00:07.235081,2,1,81.35,0.5,81.1,150,81.0,1,,,,,,,,,,,,,,,,,81.6,181,,,,,,,,,,,,,,,,,,
2026-07-01T08:00:07.420211+00:00,2026-07-01T08:00:07.412396,2,1,81.35,0.5,81.1,150,81.0,1,,,,,,,,,,,,,,,,,81.6,150,,,,,,,,,,,,,,,,,,
2026-07-01T08:00:07.471807+00:00,2026-07-01T08:00:07.467430,3,1,81.35,0.5,81.1,150,81.0,1,80.9,100,,,,,,,,,,,,,,,81.6,150,,,,,,,,,,,,,,,,,,
2026-07-01T08:00:07.523400+00:00,2026-07-01T08:00:07.520196,3,2,81.25,0.3,81.1,150,81.0,1,80.9,100,,,,,,,,,,,,,,,81.4,100,81.6,150,,,,,,,,,,,,,,,,
2026-07-01T08:00:08.265038+00:00,2026-07-01T08:00:08.263621,3,2,81.25,0.3,81.1,103,81.0,1,80.9,100,,,,,,,,,,,,,,,81.4,100,81.6,150,,,,,,,,,,,,,,,,
2026-07-01T08:00:08.521532+00:00,2026-07-01T08:00:08.517180,2,1,81.2,0.4,81.0,1,80.9,100,,,,,,,,,,,,,,,,,81.4,100,,,,,,,,,,,,,,,,,,
2026-07-01T08:00:08.572953+00:00,2026-07-01T08:00:08.569845,2,1,81.2,0.4,81.0,1,80.9,250,,,,,,,,,,,,,,,,,81.4,100,,,,,,,,,,,,,,,,,,
2026-07-01T08:00:08.633098+00:00,2026-07-01T08:00:08.628777,2,1,81.2,0.4,81.0,1,80.9,250,,,,,,,,,,,,,,,,,81.4,250,,,,,,,,,,,,,,,,,,
2026-07-01T08:00:08.851114+00:00,2026-07-01T08:00:08.843813,2,2,81.15,0.3,81.0,1,80.9,250,,,,,,,,,,,,,,,,,81.3,6,81.4,250,,,,,,,,,,,,,,,,
2026-07-01T08:00:08.892663+00:00,2026-07-01T08:00:08.890045,1,2,81.1,0.4,80.9,250,,,,,,,,,,,,,,,,,,,81.3,6,81.4,250,,,,,,,,,,,,,,,,
2026-07-01T08:00:09.696208+00:00,2026-07-01T08:00:09.686206,1,1,81.15,0.5,80.9,250,,,,,,,,,,,,,,,,,,,81.4,214,,,,,,,,,,,,,,,,,,
2026-07-01T08:00:10.575403+00:00,2026-07-01T08:00:10.574684,1,1,81.15,0.5,80.9,250,,,,,,,,,,,,,,,,,,,81.4,150,,,,,,,,,,,,,,,,,,
2026-07-01T08:00:10.585749+00:00,2026-07-01T08:00:10.576333,1,1,81.15,0.5,80.9,150,,,,,,,,,,,,,,,,,,,81.4,150,,,,,,,,,,,,,,,,,,
2026-07-01T08:00:10.637848+00:00,2026-07-01T08:00:10.631828,2,1,81.2,0.4,81.0,100,80.9,150,,,,,,,,,,,,,,,,,81.4,150,,,,,,,,,,,,,,,,,,
2026-07-01T08:00:10.689712+00:00,2026-07-01T08:00:10.685098,2,2,81.2,0.4,81.0,100,80.9,150,,,,,,,,,,,,,,,,,81.4,150,81.5,100,,,,,,,,,,,,,,,,
2026-07-01T08:00:10.824750+00:00,2026-07-01T08:00:10.816671,2,3,81.15,0.3,81.0,100,80.9,150,,,,,,,,,,,,,,,,,81.3,7,81.4,150,81.5,100,,,,,,,,,,,,,,
2026-07-01T08:00:11.507471+00:00,2026-07-01T08:00:11.506909,2,3,81.15,0.3,81.0,90,80.9,150,,,,,,,,,,,,,,,,,81.3,7,81.4,150,81.5,100,,,,,,,,,,,,,,
2026-07-01T08:00:11.683889+00:00,2026-07-01T08:00:11.682845,1,2,81.15,0.3,81.0,90,,,,,,,,,,,,,,,,,,,81.3,7,81.5,100,,,,,,,,,,,,,,,,
2026-07-01T08:00:11.745397+00:00,2026-07-01T08:00:11.736431,2,2,81.15,0.3,81.0,90,80.6,150,,,,,,,,,,,,,,,,,81.3,7,81.5,100,,,,,,,,,,,,,,,,
2026-07-01T08:00:11.796939+00:00,2026-07-01T08:00:11.791513,2,3,81.05,0.1,81.0,90,80.6,150,,,,,,,,,,,,,,,,,81.1,150,81.3,7,81.5,100,,,,,,,,,,,,,,
2026-07-01T08:00:11.952511+00:00,2026-07-01T08:00:11.943529,2,3,81.05,0.1,81.0,90,80.6,150,,,,,,,,,,,,,,,,,81.1,160,81.3,7,81.5,100,,,,,,,,,,,,,,
2026-07-01T08:00:12.480551+00:00,2026-07-01T08:00:12.476513,2,3,81.05,0.1,81.0,90,80.6,150,,,,,,,,,,,,,,,,,81.1,160,81.3,7,81.5,100,,,,,,,,,,,,,,
2026-07-01T08:00:12.988295+00:00,2026-07-01T08:00:12.984139,2,3,81.05,0.1,81.0,90,80.6,150,,,,,,,,,,,,,,,,,81.1,160,81.3,7,81.5,100,,,,,,,,,,,,,,
2026-07-01T08:00:13.009339+00:00,2026-07-01T08:00:13.000843,2,3,81.05,0.1,81.0,40,80.6,150,,,,,,,,,,,,,,,,,81.1,160,81.3,7,81.5,100,,,,,,,,,,,,,,
2026-07-01T08:00:13.496290+00:00,2026-07-01T08:00:13.491030,2,3,81.05,0.1,81.0,40,80.6,150,,,,,,,,,,,,,,,,,81.1,160,81.3,7,81.5,100,,,,,,,,,,,,,,
2026-07-01T08:00:13.740366+00:00,2026-07-01T08:00:13.740196,1,2,80.85,0.5,80.6,150,,,,,,,,,,,,,,,,,,,81.1,160,81.3,7,,,,,,,,,,,,,,,,
2026-07-01T08:00:13.802610+00:00,2026-07-01T08:00:13.796621,2,2,80.85,0.5,80.6,150,80.5,100,,,,,,,,,,,,,,,,,81.1,160,81.3,7,,,,,,,,,,,,,,,,
2026-07-01T08:00:13.854415+00:00,2026-07-01T08:00:13.849597,2,3,80.8,0.4,80.6,150,80.5,100,,,,,,,,,,,,,,,,,81.0,100,81.1,160,81.3,7,,,,,,,,,,,,,,
2026-07-01T08:00:13.999528+00:00,2026-07-01T08:00:13.995192,2,3,80.8,0.4,80.6,150,80.5,100,,,,,,,,,,,,,,,,,81.0,100,81.1,150,81.3,7,,,,,,,,,,,,,,
2026-07-01T08:00:14.009851+00:00,2026-07-01T08:00:14.000355,3,3,80.85,0.3,80.7,10,80.6,150,80.5,100,,,,,,,,,,,,,,,81.0,100,81.1,150,81.3,7,,,,,,,,,,,,,,
2026-07-01T08:00:14.505801+00:00,2026-07-01T08:00:14.505474,2,3,80.8,0.4,80.6,150,80.5,100,,,,,,,,,,,,,,,,,81.0,100,81.1,150,81.3,7,,,,,,,,,,,,,,
2026-07-01T08:00:14.516153+00:00,2026-07-01T08:00:14.509277,3,3,80.85,0.3,80.7,10,80.6,150,80.5,100,,,,,,,,,,,,,,,81.0,100,81.1,150,81.3,7,,,,,,,,,,,,,,
2026-07-01T08:00:14.847918+00:00,2026-07-01T08:00:14.847497,2,2,80.85,0.3,80.7,10,80.5,100,,,,,,,,,,,,,,,,,81.0,100,81.3,7,,,,,,,,,,,,,,,,
2026-07-01T08:00:14.941896+00:00,2026-07-01T08:00:14.933599,3,2,80.85,0.3,80.7,10,80.6,150,80.5,100,,,,,,,,,,,,,,,81.0,100,81.3,7,,,,,,,,,,,,,,,,
2026-07-01T08:00:14.962677+00:00,2026-07-01T08:00:14.956886,3,2,80.85,0.3,80.7,10,80.6,150,80.5,100,,,,,,,,,,,,,,,81.0,100,81.3,6,,,,,,,,,,,,,,,,
2026-07-01T08:00:14.993835+00:00,2026-07-01T08:00:14.987769,3,3,80.85,0.3,80.7,10,80.6,150,80.5,100,,,,,,,,,,,,,,,81.0,100,81.1,150,81.3,6,,,,,,,,,,,,,,
2026-07-01T08:00:15.014448+00:00,2026-07-01T08:00:15.013372,2,3,80.8,0.4,80.6,150,80.5,100,,,,,,,,,,,,,,,,,81.0,100,81.1,150,81.3,6,,,,,,,,,,,,,,
2026-07-01T08:00:15.024953+00:00,2026-07-01T08:00:15.021446,3,3,80.85,0.3,80.7,10,80.6,150,80.5,100,,,,,,,,,,,,,,,81.0,100,81.1,150,81.3,6,,,,,,,,,,,,,,
2026-07-01T08:00:15.066594+00:00,2026-07-01T08:00:15.056535,3,3,80.85,0.3,80.7,10,80.6,150,80.5,100,,,,,,,,,,,,,,,81.0,50,81.1,150,81.3,6,,,,,,,,,,,,,,
2026-07-01T08:00:15.531393+00:00,2026-07-01T08:00:15.529967,3,3,80.85,0.3,80.7,10,80.6,150,80.5,100,,,,,,,,,,,,,,,81.0,50,81.1,150,81.3,6,,,,,,,,,,,,,,
2026-07-01T08:00:15.923667+00:00,2026-07-01T08:00:15.914158,3,3,80.85,0.3,80.7,10,80.6,150,80.5,100,,,,,,,,,,,,,,,81.0,50,81.1,150,81.3,5,,,,,,,,,,,,,,
2026-07-01T08:00:16.037776+00:00,2026-07-01T08:00:16.037242,3,3,80.85,0.3,80.7,10,80.6,150,80.5,100,,,,,,,,,,,,,,,81.0,50,81.1,150,81.3,5,,,,,,,,,,,,,,
2026-07-01T08:00:16.100463+00:00,2026-07-01T08:00:16.098437,4,3,80.95,0.1,80.9,1,80.7,10,80.6,150,80.5,100,,,,,,,,,,,,,81.0,50,81.1,150,81.3,5,,,,,,,,,,,,,,
2026-07-01T08:00:16.543126+00:00,2026-07-01T08:00:16.541265,3,3,80.95,0.1,80.9,1,80.6,150,80.5,100,,,,,,,,,,,,,,,81.0,50,81.1,150,81.3,5,,,,,,,,,,,,,,
2026-07-01T08:00:16.553507+00:00,2026-07-01T08:00:16.545434,3,3,80.95,0.1,80.9,11,80.6,150,80.5,100,,,,,,,,,,,,,,,81.0,50,81.1,150,81.3,5,,,,,,,,,,,,,,
2026-07-01T08:00:16.605403+00:00,2026-07-01T08:00:16.598353,3,3,80.95,0.1,80.9,11,80.6,150,80.5,100,,,,,,,,,,,,,,,81.0,4,81.1,150,81.3,5,,,,,,,,,,,,,,
2026-07-01T08:00:16.906180+00:00,2026-07-01T08:00:16.905073,3,2,81.0,0.2,80.9,11,80.6,150,80.5,100,,,,,,,,,,,,,,,81.1,150,81.3,5,,,,,,,,,,,,,,,,
2026-07-01T08:00:16.916579+00:00,2026-07-01T08:00:16.907008,2,2,81.0,0.2,80.9,11,80.6,150,,,,,,,,,,,,,,,,,81.1,150,81.3,5,,,,,,,,,,,,,,,,
2026-07-01T08:00:16.927062+00:00,2026-07-01T08:00:16.919260,2,2,81.0,0.2,80.9,11,80.6,150,,,,,,,,,,,,,,,,,81.1,150,81.3,4,,,,,,,,,,,,,,,,
2026-07-01T08:00:16.968691+00:00,2026-07-01T08:00:16.959451,2,2,81.0,0.2,80.9,111,80.6,150,,,,,,,,,,,,,,,,,81.1,150,81.3,4,,,,,,,,,,,,,,,,
2026-07-01T08:00:17.020810+00:00,2026-07-01T08:00:17.012873,2,3,81.0,0.2,80.9,111,80.6,150,,,,,,,,,,,,,,,,,81.1,150,81.3,4,81.4,100,,,,,,,,,,,,,,
2026-07-01T08:00:17.051893+00:00,2026-07-01T08:00:17.049900,2,3,81.0,0.2,80.9,101,80.6,150,,,,,,,,,,,,,,,,,81.1,150,81.3,4,81.4,100,,,,,,,,,,,,,,
2026-07-01T08:00:17.166095+00:00,2026-07-01T08:00:17.162991,2,3,81.0,0.2,80.9,101,80.6,150,,,,,,,,,,,,,,,,,81.1,100,81.3,4,81.4,100,,,,,,,,,,,,,,
2026-07-01T08:00:18.048976+00:00,2026-07-01T08:00:18.042415,1,2,81.1,0.4,80.9,101,,,,,,,,,,,,,,,,,,,81.3,4,81.4,100,,,,,,,,,,,,,,,,
2026-07-01T08:00:18.101113+00:00,2026-07-01T08:00:18.094402,1,2,81.1,0.4,80.9,251,,,,,,,,,,,,,,,,,,,81.3,4,81.4,100,,,,,,,,,,,,,,,,
2026-07-01T08:00:18.152596+00:00,2026-07-01T08:00:18.151737,1,2,81.1,0.4,80.9,251,,,,,,,,,,,,,,,,,,,81.3,4,81.4,250,,,,,,,,,,,,,,,,
2026-07-01T08:00:18.980126+00:00,2026-07-01T08:00:18.978782,1,2,81.1,0.4,80.9,207,,,,,,,,,,,,,,,,,,,81.3,4,81.4,250,,,,,,,,,,,,,,,,
2026-07-01T08:00:19.976439+00:00,2026-07-01T08:00:19.966855,1,2,81.1,0.4,80.9,207,,,,,,,,,,,,,,,,,,,81.3,2,81.4,250,,,,,,,,,,,,,,,,
2026-07-01T08:00:20.069469+00:00,2026-07-01T08:00:20.069178,1,2,81.1,0.4,80.9,150,,,,,,,,,,,,,,,,,,,81.3,2,81.4,150,,,,,,,,,,,,,,,,
2026-07-01T08:00:20.131715+00:00,2026-07-01T08:00:20.122757,1,2,81.1,0.4,80.9,250,,,,,,,,,,,,,,,,,,,81.3,2,81.4,150,,,,,,,,,,,,,,,,
2026-07-01T08:00:20.183139+00:00,2026-07-01T08:00:20.175985,1,2,81.1,0.4,80.9,250,,,,,,,,,,,,,,,,,,,81.3,2,81.4,250,,,,,,,,,,,,,,,,
2026-07-01T08:00:21.209596+00:00,2026-07-01T08:00:21.208283,1,2,81.1,0.4,80.9,250,,,,,,,,,,,,,,,,,,,81.3,2,81.4,100,,,,,,,,,,,,,,,,
2026-07-01T08:00:21.220003+00:00,2026-07-01T08:00:21.210131,1,2,81.1,0.4,80.9,100,,,,,,,,,,,,,,,,,,,81.3,2,81.4,100,,,,,,,,,,,,,,,,
2026-07-01T08:00:21.271995+00:00,2026-07-01T08:00:21.265727,1,2,81.1,0.4,80.9,250,,,,,,,,,,,,,,,,,,,81.3,2,81.4,100,,,,,,,,,,,,,,,,
2026-07-01T08:00:21.323940+00:00,2026-07-01T08:00:21.318741,1,2,81.1,0.4,80.9,250,,,,,,,,,,,,,,,,,,,81.3,2,81.4,250,,,,,,,,,,,,,,,,
2026-07-01T08:00:21.375585+00:00,2026-07-01T08:00:21.375050,1,1,81.15,0.5,80.9,250,,,,,,,,,,,,,,,,,,,81.4,202,,,,,,,,,,,,,,,,,,
2026-07-01T08:00:22.089077+00:00,2026-07-01T08:00:22.085722,1,2,81.1,0.4,80.9,250,,,,,,,,,,,,,,,,,,,81.3,10,81.4,202,,,,,,,,,,,,,,,,
2026-07-01T08:00:22.182216+00:00,2026-07-01T08:00:22.181816,1,2,81.1,0.4,80.9,250,,,,,,,,,,,,,,,,,,,81.3,14,81.4,202,,,,,,,,,,,,,,,,
2026-07-01T08:00:22.593713+00:00,2026-07-01T08:00:22.589968,1,2,81.1,0.4,80.9,250,,,,,,,,,,,,,,,,,,,81.3,4,81.4,202,,,,,,,,,,,,,,,,
2026-07-01T08:00:22.604132+00:00,2026-07-01T08:00:22.594490,1,3,81.05,0.3,80.9,250,,,,,,,,,,,,,,,,,,,81.2,10,81.3,4,81.4,202,,,,,,,,,,,,,,
2026-07-01T08:00:23.110473+00:00,2026-07-01T08:00:23.105855,1,2,81.1,0.4,80.9,250,,,,,,,,,,,,,,,,,,,81.3,4,81.4,202,,,,,,,,,,,,,,,,
2026-07-01T08:00:23.120980+00:00,2026-07-01T08:00:23.115864,1,3,81.05,0.3,80.9,250,,,,,,,,,,,,,,,,,,,81.2,10,81.3,4,81.4,202,,,,,,,,,,,,,,
2026-07-01T08:00:23.193676+00:00,2026-07-01T08:00:23.189129,2,3,81.1,0.2,81.0,2,80.9,250,,,,,,,,,,,,,,,,,81.2,10,81.3,4,81.4,202,,,,,,,,,,,,,,
2026-07-01T08:00:23.235596+00:00,2026-07-01T08:00:23.232343,2,3,81.1,0.2,81.0,2,80.9,150,,,,,,,,,,,,,,,,,81.2,10,81.3,4,81.4,150,,,,,,,,,,,,,,
2026-07-01T08:00:23.287442+00:00,2026-07-01T08:00:23.285222,3,3,81.1,0.2,81.0,2,80.9,150,80.8,100,,,,,,,,,,,,,,,81.2,10,81.3,4,81.4,150,,,,,,,,,,,,,,
2026-07-01T08:00:23.350124+00:00,2026-07-01T08:00:23.344049,3,3,81.1,0.2,81.0,2,80.9,150,80.8,100,,,,,,,,,,,,,,,81.2,10,81.3,104,81.4,150,,,,,,,,,,,,,,
2026-07-01T08:00:23.628801+00:00,2026-07-01T08:00:23.623309,3,3,81.1,0.2,81.0,2,80.9,150,80.8,100,,,,,,,,,,,,,,,81.2,10,81.3,104,81.4,150,,,,,,,,,,,,,,
2026-07-01T08:00:24.057714+00:00,2026-07-01T08:00:24.056917,3,3,81.1,0.2,81.0,1,80.9,150,80.8,100,,,,,,,,,,,,,,,81.2,10,81.3,104,81.4,150,,,,,,,,,,,,,,
2026-07-01T08:00:24.130779+00:00,2026-07-01T08:00:24.127525,3,2,81.15,0.3,81.0,1,80.9,150,80.8,100,,,,,,,,,,,,,,,81.3,104,81.4,150,,,,,,,,,,,,,,,,
2026-07-01T08:00:24.141231+00:00,2026-07-01T08:00:24.135530,3,3,81.1,0.2,81.0,1,80.9,150,80.8,100,,,,,,,,,,,,,,,81.2,10,81.3,104,81.4,150,,,,,,,,,,,,,,
2026-07-01T08:00:24.381800+00:00,2026-07-01T08:00:24.376182,2,2,81.1,0.2,81.0,1,80.8,100,,,,,,,,,,,,,,,,,81.2,10,81.3,104,,,,,,,,,,,,,,,,
2026-07-01T08:00:24.433620+00:00,2026-07-01T08:00:24.428420,2,2,81.1,0.2,81.0,1,80.8,250,,,,,,,,,,,,,,,,,81.2,10,81.3,104,,,,,,,,,,,,,,,,
2026-07-01T08:00:24.485327+00:00,2026-07-01T08:00:24.480507,2,2,81.1,0.2,81.0,1,80.8,250,,,,,,,,,,,,,,,,,81.2,10,81.3,254,,,,,,,,,,,,,,,,
2026-07-01T08:00:24.651343+00:00,2026-07-01T08:00:24.646945,2,2,81.1,0.2,81.0,1,80.8,250,,,,,,,,,,,,,,,,,81.2,10,81.3,254,,,,,,,,,,,,,,,,
2026-07-01T08:00:25.012119+00:00,2026-07-01T08:00:25.009218,1,2,81.0,0.4,80.8,209,,,,,,,,,,,,,,,,,,,81.2,10,81.3,254,,,,,,,,,,,,,,,,
2026-07-01T08:00:25.157510+00:00,2026-07-01T08:00:25.156311,1,1,81.05,0.5,80.8,209,,,,,,,,,,,,,,,,,,,81.3,253,,,,,,,,,,,,,,,,,,
2026-07-01T08:00:25.220684+00:00,2026-07-01T08:00:25.219456,2,1,81.15,0.3,81.0,3,80.8,209,,,,,,,,,,,,,,,,,81.3,253,,,,,,,,,,,,,,,,,,
2026-07-01T08:00:25.593899+00:00,2026-07-01T08:00:25.588014,2,1,81.15,0.3,81.0,3,80.8,209,,,,,,,,,,,,,,,,,81.3,203,,,,,,,,,,,,,,,,,,
2026-07-01T08:00:25.666241+00:00,2026-07-01T08:00:25.657452,2,2,81.1,0.2,81.0,3,80.8,209,,,,,,,,,,,,,,,,,81.2,10,81.3,203,,,,,,,,,,,,,,,,
2026-07-01T08:00:26.121780+00:00,2026-07-01T08:00:26.112627,2,2,81.1,0.2,81.0,2,80.8,209,,,,,,,,,,,,,,,,,81.2,10,81.3,203,,,,,,,,,,,,,,,,
2026-07-01T08:00:26.173740+00:00,2026-07-01T08:00:26.166867,2,1,81.15,0.3,81.0,2,80.8,209,,,,,,,,,,,,,,,,,81.3,203,,,,,,,,,,,,,,,,,,
2026-07-01T08:00:26.225959+00:00,2026-07-01T08:00:26.218619,2,1,81.15,0.3,81.0,2,80.8,209,,,,,,,,,,,,,,,,,81.3,207,,,,,,,,,,,,,,,,,,
2026-07-01T08:00:26.413146+00:00,2026-07-01T08:00:26.405741,2,1,81.15,0.3,81.0,2,80.8,150,,,,,,,,,,,,,,,,,81.3,154,,,,,,,,,,,,,,,,,,
2026-07-01T08:00:26.464911+00:00,2026-07-01T08:00:26.458366,2,1,81.15,0.3,81.0,102,80.8,150,,,,,,,,,,,,,,,,,81.3,154,,,,,,,,,,,,,,,,,,
2026-07-01T08:00:26.516411+00:00,2026-07-01T08:00:26.511845,2,2,81.15,0.3,81.0,102,80.8,150,,,,,,,,,,,,,,,,,81.3,154,81.5,100,,,,,,,,,,,,,,,,
2026-07-01T08:00:27.520735+00:00,2026-07-01T08:00:27.518842,2,2,81.15,0.3,81.0,102,80.8,150,,,,,,,,,,,,,,,,,81.3,153,81.5,100,,,,,,,,,,,,,,,,
2026-07-01T08:00:27.541552+00:00,2026-07-01T08:00:27.535512,1,2,81.15,0.3,81.0,102,,,,,,,,,,,,,,,,,,,81.3,3,81.5,100,,,,,,,,,,,,,,,,
2026-07-01T08:00:27.604130+00:00,2026-07-01T08:00:27.596648,2,2,81.15,0.3,81.0,102,80.9,150,,,,,,,,,,,,,,,,,81.3,3,81.5,100,,,,,,,,,,,,,,,,
2026-07-01T08:00:27.656121+00:00,2026-07-01T08:00:27.646940,2,3,81.15,0.3,81.0,102,80.9,150,,,,,,,,,,,,,,,,,81.3,3,81.4,150,81.5,100,,,,,,,,,,,,,,
2026-07-01T08:00:27.687180+00:00,2026-07-01T08:00:27.678117,2,4,81.1,0.2,81.0,102,80.9,150,,,,,,,,,,,,,,,,,81.2,10,81.3,3,81.4,150,81.5,100,,,,,,,,,,,,
2026-07-01T08:00:27.707989+00:00,2026-07-01T08:00:27.698195,2,2,81.2,0.4,81.0,102,80.9,150,,,,,,,,,,,,,,,,,81.4,113,81.5,100,,,,,,,,,,,,,,,,
2026-07-01T08:00:28.339757+00:00,2026-07-01T08:00:28.335030,2,2,81.2,0.4,81.0,55,80.9,150,,,,,,,,,,,,,,,,,81.4,113,81.5,100,,,,,,,,,,,,,,,,
2026-07-01T08:00:28.728902+00:00,2026-07-01T08:00:28.719872,2,3,81.15,0.3,81.0,55,80.9,150,,,,,,,,,,,,,,,,,81.3,10,81.4,113,81.5,100,,,,,,,,,,,,,,
2026-07-01T08:00:29.234182+00:00,2026-07-01T08:00:29.224581,2,2,81.2,0.4,81.0,55,80.9,150,,,,,,,,,,,,,,,,,81.4,113,81.5,100,,,,,,,,,,,,,,,,
2026-07-01T08:00:29.567122+00:00,2026-07-01T08:00:29.566913,2,1,81.2,0.4,81.0,55,80.9,150,,,,,,,,,,,,,,,,,81.4,113,,,,,,,,,,,,,,,,,,
2026-07-01T08:00:29.577478+00:00,2026-07-01T08:00:29.568697,1,1,81.15,0.5,80.9,150,,,,,,,,,,,,,,,,,,,81.4,113,,,,,,,,,,,,,,,,,,
2026-07-01T08:00:29.629235+00:00,2026-07-01T08:00:29.621497,1,1,81.15,0.5,80.9,250,,,,,,,,,,,,,,,,,,,81.4,113,,,,,,,,,,,,,,,,,,
2026-07-01T08:00:29.681341+00:00,2026-07-01T08:00:29.676511,1,1,81.15,0.5,80.9,250,,,,,,,,,,,,,,,,,,,81.4,213,,,,,,,,,,,,,,,,,,
2026-07-01T08:00:29.815236+00:00,2026-07-01T08:00:29.805609,1,1,81.15,0.5,80.9,250,,,,,,,,,,,,,,,,,,,81.4,163,,,,,,,,,,,,,,,,,,
2026-07-01T08:00:30.290707+00:00,2026-07-01T08:00:30.284914,1,1,81.15,0.5,80.9,250,,,,,,,,,,,,,,,,,,,81.4,122,,,,,,,,,,,,,,,,,,
2026-07-01T08:00:30.559213+00:00,2026-07-01T08:00:30.551147,1,2,81.1,0.4,80.9,250,,,,,,,,,,,,,,,,,,,81.3,6,81.4,122,,,,,,,,,,,,,,,,
2026-07-01T08:00:30.704861+00:00,2026-07-01T08:00:30.701620,1,2,81.1,0.4,80.9,100,,,,,,,,,,,,,,,,,,,81.3,6,81.4,100,,,,,,,,,,,,,,,,
2026-07-01T08:00:30.766772+00:00,2026-07-01T08:00:30.758679,2,0,,,81.5,44,80.9,100,,,,,,,,,,,,,,,,,,,,,,,,,,,,,,,,,,,,
2026-07-01T08:00:30.829401+00:00,2026-07-01T08:00:30.828259,2,1,81.75,0.5,81.5,41,80.9,100,,,,,,,,,,,,,,,,,82.0,150,,,,,,,,,,,,,,,,,,
2026-07-01T08:00:30.871195+00:00,2026-07-01T08:00:30.869534,2,1,81.75,0.5,81.5,39,80.9,100,,,,,,,,,,,,,,,,,82.0,150,,,,,,,,,,,,,,,,,,
2026-07-01T08:00:31.276696+00:00,2026-07-01T08:00:31.269991,1,1,81.45,1.1,80.9,100,,,,,,,,,,,,,,,,,,,82.0,150,,,,,,,,,,,,,,,,,,
2026-07-01T08:00:31.920828+00:00,2026-07-01T08:00:31.915721,1,1,81.45,1.1,80.9,100,,,,,,,,,,,,,,,,,,,82.0,100,,,,,,,,,,,,,,,,,,
2026-07-01T08:00:32.510624+00:00,2026-07-01T08:00:32.507341,2,1,81.5,1.0,81.0,5,80.9,100,,,,,,,,,,,,,,,,,82.0,100,,,,,,,,,,,,,,,,,,
2026-07-01T08:00:32.531665+00:00,2026-07-01T08:00:32.530762,2,1,81.5,1.0,81.0,5,80.9,100,,,,,,,,,,,,,,,,,82.0,100,,,,,,,,,,,,,,,,,,
2026-07-01T08:00:32.583829+00:00,2026-07-01T08:00:32.581455,2,1,81.5,1.0,81.0,4,80.9,100,,,,,,,,,,,,,,,,,82.0,100,,,,,,,,,,,,,,,,,,
2026-07-01T08:00:32.603707+00:00,2026-07-01T08:00:32.603191,2,1,81.5,1.0,81.0,4,80.9,100,,,,,,,,,,,,,,,,,82.0,100,,,,,,,,,,,,,,,,,,
2026-07-01T08:00:32.737726+00:00,2026-07-01T08:00:32.731159,1,1,81.5,1.0,81.0,4,,,,,,,,,,,,,,,,,,,82.0,100,,,,,,,,,,,,,,,,,,
2026-07-01T08:00:32.789778+00:00,2026-07-01T08:00:32.784845,2,1,81.6,0.8,81.2,100,81.0,4,,,,,,,,,,,,,,,,,82.0,100,,,,,,,,,,,,,,,,,,
2026-07-01T08:00:32.851585+00:00,2026-07-01T08:00:32.843392,2,2,81.45,0.5,81.2,100,81.0,4,,,,,,,,,,,,,,,,,81.7,100,82.0,100,,,,,,,,,,,,,,,,
2026-07-01T08:00:33.265157+00:00,2026-07-01T08:00:33.261560,2,3,81.4,0.4,81.2,100,81.0,4,,,,,,,,,,,,,,,,,81.6,10,81.7,100,82.0,100,,,,,,,,,,,,,,
2026-07-01T08:00:33.768631+00:00,2026-07-01T08:00:33.765669,2,2,81.45,0.5,81.2,100,81.0,4,,,,,,,,,,,,,,,,,81.7,100,82.0,100,,,,,,,,,,,,,,,,
2026-07-01T08:00:33.799774+00:00,2026-07-01T08:00:33.795733,2,3,81.4,0.4,81.2,100,81.0,4,,,,,,,,,,,,,,,,,81.6,10,81.7,100,82.0,100,,,,,,,,,,,,,,
2026-07-01T08:00:33.872220+00:00,2026-07-01T08:00:33.865682,2,2,81.4,0.4,81.2,100,81.0,4,,,,,,,,,,,,,,,,,81.6,10,81.7,100,,,,,,,,,,,,,,,,
2026-07-01T08:00:33.923975+00:00,2026-07-01T08:00:33.918979,3,2,81.4,0.4,81.2,100,81.1,150,81.0,4,,,,,,,,,,,,,,,81.6,10,81.7,100,,,,,,,,,,,,,,,,
2026-07-01T08:00:33.975893+00:00,2026-07-01T08:00:33.971546,3,2,81.4,0.4,81.2,100,81.1,150,81.0,4,,,,,,,,,,,,,,,81.6,160,81.7,100,,,,,,,,,,,,,,,,
2026-07-01T08:00:34.027605+00:00,2026-07-01T08:00:34.022954,3,2,81.4,0.4,81.2,100,81.1,150,81.0,4,,,,,,,,,,,,,,,81.6,110,81.7,100,,,,,,,,,,,,,,,,
2026-07-01T08:00:34.266728+00:00,2026-07-01T08:00:34.261296,3,3,81.3,0.2,81.2,100,81.1,150,81.0,4,,,,,,,,,,,,,,,81.4,2,81.6,110,81.7,100,,,,,,,,,,,,,,
2026-07-01T08:00:34.869329+00:00,2026-07-01T08:00:34.868761,3,3,81.3,0.2,81.2,100,81.1,150,81.0,4,,,,,,,,,,,,,,,81.4,1,81.6,110,81.7,100,,,,,,,,,,,,,,
2026-07-01T08:00:34.952527+00:00,2026-07-01T08:00:34.942676,3,3,81.3,0.2,81.2,100,81.1,150,81.0,3,,,,,,,,,,,,,,,81.4,1,81.6,110,81.7,100,,,,,,,,,,,,,,
2026-07-01T08:00:35.045693+00:00,2026-07-01T08:00:35.045240,3,3,81.3,0.2,81.2,100,81.1,150,81.0,2,,,,,,,,,,,,,,,81.4,1,81.6,110,81.7,100,,,,,,,,,,,,,,
2026-07-01T08:00:35.206367+00:00,2026-07-01T08:00:35.205821,3,2,81.4,0.4,81.2,100,81.1,150,81.0,2,,,,,,,,,,,,,,,81.6,110,81.7,100,,,,,,,,,,,,,,,,
2026-07-01T08:00:35.268719+00:00,2026-07-01T08:00:35.262717,3,2,81.4,0.4,81.2,100,81.1,150,81.0,2,,,,,,,,,,,,,,,81.6,108,81.7,100,,,,,,,,,,,,,,,,
2026-07-01T08:00:35.320963+00:00,2026-07-01T08:00:35.312123,4,2,81.45,0.3,81.3,10,81.2,100,81.1,150,81.0,2,,,,,,,,,,,,,81.6,108,81.7,100,,,,,,,,,,,,,,,,
2026-07-01T08:00:35.331400+00:00,2026-07-01T08:00:35.324129,4,2,81.45,0.3,81.3,10,81.2,100,81.1,150,81.0,1,,,,,,,,,,,,,81.6,108,81.7,100,,,,,,,,,,,,,,,,
2026-07-01T08:00:35.817543+00:00,2026-07-01T08:00:35.815957,3,2,81.4,0.4,81.2,100,81.1,150,81.0,1,,,,,,,,,,,,,,,81.6,108,81.7,100,,,,,,,,,,,,,,,,
2026-07-01T08:00:35.827943+00:00,2026-07-01T08:00:35.819504,4,2,81.45,0.3,81.3,10,81.2,100,81.1,150,81.0,1,,,,,,,,,,,,,81.6,108,81.7,100,,,,,,,,,,,,,,,,
2026-07-01T08:00:35.900429+00:00,2026-07-01T08:00:35.899601,3,1,81.45,0.3,81.3,10,81.1,150,81.0,1,,,,,,,,,,,,,,,81.6,108,,,,,,,,,,,,,,,,,,
2026-07-01T08:00:35.959103+00:00,2026-07-01T08:00:35.958854,3,1,81.45,0.3,81.3,10,81.1,150,81.0,1,,,,,,,,,,,,,,,81.6,8,,,,,,,,,,,,,,,,,,
2026-07-01T08:00:36.058925+00:00,2026-07-01T08:00:36.058766,3,2,81.45,0.3,81.3,10,81.1,150,81.0,1,,,,,,,,,,,,,,,81.6,8,82.2,100,,,,,,,,,,,,,,,,
2026-07-01T08:00:36.106710+00:00,2026-07-01T08:00:36.096490,3,1,81.75,0.9,81.3,10,81.1,150,81.0,1,,,,,,,,,,,,,,,82.2,72,,,,,,,,,,,,,,,,,,
2026-07-01T08:00:36.138251+00:00,2026-07-01T08:00:36.130836,3,1,81.75,0.9,81.3,10,81.1,150,81.0,1,,,,,,,,,,,,,,,82.2,22,,,,,,,,,,,,,,,,,,
2026-07-01T08:00:36.325569+00:00,2026-07-01T08:00:36.324138,2,1,81.65,1.1,81.1,150,81.0,1,,,,,,,,,,,,,,,,,82.2,22,,,,,,,,,,,,,,,,,,
2026-07-01T08:00:37.031137+00:00,2026-07-01T08:00:37.024858,1,1,81.6,1.2,81.0,1,,,,,,,,,,,,,,,,,,,82.2,22,,,,,,,,,,,,,,,,,,
2026-07-01T08:00:37.094900+00:00,2026-07-01T08:00:37.093958,2,1,82.1,0.2,82.0,144,81.0,1,,,,,,,,,,,,,,,,,82.2,22,,,,,,,,,,,,,,,,,,
2026-07-01T08:00:37.165752+00:00,2026-07-01T08:00:37.159945,0,2,,,,,,,,,,,,,,,,,,,,,,,82.2,22,82.5,150,,,,,,,,,,,,,,,,
2026-07-01T08:00:38.033829+00:00,2026-07-01T08:00:38.028767,0,3,,,,,,,,,,,,,,,,,,,,,,,81.5,4,82.2,22,82.5,150,,,,,,,,,,,,,,
2026-07-01T08:00:38.085718+00:00,2026-07-01T08:00:38.082103,1,2,81.7,1.0,81.2,3,,,,,,,,,,,,,,,,,,,82.2,22,82.5,150,,,,,,,,,,,,,,,,
2026-07-01T08:00:38.106522+00:00,2026-07-01T08:00:38.098966,0,2,,,,,,,,,,,,,,,,,,,,,,,82.2,22,82.5,150,,,,,,,,,,,,,,,,
2026-07-01T08:00:38.240583+00:00,2026-07-01T08:00:38.239041,0,1,,,,,,,,,,,,,,,,,,,,,,,82.5,150,,,,,,,,,,,,,,,,,,
2026-07-01T08:00:38.313319+00:00,2026-07-01T08:00:38.312990,0,2,,,,,,,,,,,,,,,,,,,,,,,81.5,4,82.5,150,,,,,,,,,,,,,,,,
2026-07-01T08:00:39.049990+00:00,2026-07-01T08:00:39.047557,0,2,,,,,,,,,,,,,,,,,,,,,,,81.5,2,82.5,150,,,,,,,,,,,,,,,,
2026-07-01T08:00:39.122905+00:00,2026-07-01T08:00:39.119384,1,1,82.05,0.9,81.6,98,,,,,,,,,,,,,,,,,,,82.5,150,,,,,,,,,,,,,,,,,,
2026-07-01T08:00:39.174831+00:00,2026-07-01T08:00:39.173962,1,2,81.85,0.5,81.6,98,,,,,,,,,,,,,,,,,,,82.1,100,82.5,150,,,,,,,,,,,,,,,,
2026-07-01T08:00:39.298413+00:00,2026-07-01T08:00:39.297997,2,2,81.85,0.5,81.6,98,81.2,3,,,,,,,,,,,,,,,,,82.1,100,82.5,150,,,,,,,,,,,,,,,,
2026-07-01T08:00:39.339635+00:00,2026-07-01T08:00:39.330608,2,2,81.85,0.5,81.6,95,81.2,3,,,,,,,,,,,,,,,,,82.1,100,82.5,150,,,,,,,,,,,,,,,,
2026-07-01T08:00:40.199727+00:00,2026-07-01T08:00:40.190266,2,1,81.85,0.5,81.6,95,81.2,3,,,,,,,,,,,,,,,,,82.1,100,,,,,,,,,,,,,,,,,,
2026-07-01T08:00:40.262170+00:00,2026-07-01T08:00:40.257815,3,1,81.85,0.5,81.6,95,81.5,150,81.2,3,,,,,,,,,,,,,,,82.1,100,,,,,,,,,,,,,,,,,,
2026-07-01T08:00:40.325452+00:00,2026-07-01T08:00:40.316724,3,2,81.8,0.4,81.6,95,81.5,150,81.2,3,,,,,,,,,,,,,,,82.0,150,82.1,100,,,,,,,,,,,,,,,,
2026-07-01T08:00:40.356386+00:00,2026-07-01T08:00:40.347349,3,2,81.8,0.4,81.6,95,81.5,150,81.2,3,,,,,,,,,,,,,,,82.0,100,82.1,100,,,,,,,,,,,,,,,,
2026-07-01T08:00:40.686418+00:00,2026-07-01T08:00:40.681268,3,2,81.8,0.4,81.6,51,81.5,150,81.2,3,,,,,,,,,,,,,,,82.0,100,82.1,100,,,,,,,,,,,,,,,,
2026-07-01T08:00:40.861861+00:00,2026-07-01T08:00:40.853174,3,3,81.75,0.3,81.6,51,81.5,150,81.2,3,,,,,,,,,,,,,,,81.9,10,82.0,100,82.1,100,,,,,,,,,,,,,,
2026-07-01T08:00:41.358443+00:00,2026-07-01T08:00:41.358243,3,2,81.8,0.4,81.6,51,81.5,150,81.2,3,,,,,,,,,,,,,,,82.0,100,82.1,100,,,,,,,,,,,,,,,,
2026-07-01T08:00:41.368921+00:00,2026-07-01T08:00:41.361461,3,3,81.75,0.3,81.6,51,81.5,150,81.2,3,,,,,,,,,,,,,,,81.9,10,82.0,100,82.1,100,,,,,,,,,,,,,,
2026-07-01T08:00:41.867864+00:00,2026-07-01T08:00:41.865827,3,2,81.8,0.4,81.6,51,81.5,150,81.2,3,,,,,,,,,,,,,,,82.0,100,82.1,100,,,,,,,,,,,,,,,,
2026-07-01T08:00:41.878267+00:00,2026-07-01T08:00:41.870991,3,3,81.75,0.3,81.6,51,81.5,150,81.2,3,,,,,,,,,,,,,,,81.9,10,82.0,100,82.1,100,,,,,,,,,,,,,,
2026-07-01T08:00:42.156922+00:00,2026-07-01T08:00:42.150354,3,3,81.75,0.3,81.6,51,81.5,150,81.2,1,,,,,,,,,,,,,,,81.9,10,82.0,100,82.1,100,,,,,,,,,,,,,,
2026-07-01T08:00:42.219231+00:00,2026-07-01T08:00:42.209934,2,3,81.75,0.3,81.6,51,81.5,150,,,,,,,,,,,,,,,,,81.9,10,82.0,100,82.1,100,,,,,,,,,,,,,,
2026-07-01T08:00:42.240034+00:00,2026-07-01T08:00:42.232447,1,2,81.7,0.4,81.5,150,,,,,,,,,,,,,,,,,,,81.9,10,82.0,100,,,,,,,,,,,,,,,,
2026-07-01T08:00:42.292008+00:00,2026-07-01T08:00:42.286245,2,2,81.7,0.4,81.5,150,81.2,100,,,,,,,,,,,,,,,,,81.9,10,82.0,100,,,,,,,,,,,,,,,,
2026-07-01T08:00:42.343970+00:00,2026-07-01T08:00:42.339266,2,3,81.6,0.2,81.5,150,81.2,100,,,,,,,,,,,,,,,,,81.7,100,81.9,10,82.0,100,,,,,,,,,,,,,,
2026-07-01T08:00:42.385622+00:00,2026-07-01T08:00:42.380194,2,2,81.6,0.2,81.5,150,81.2,100,,,,,,,,,,,,,,,,,81.7,110,82.0,100,,,,,,,,,,,,,,,,
2026-07-01T08:00:42.510605+00:00,2026-07-01T08:00:42.506546,2,2,81.6,0.2,81.5,100,81.2,100,,,,,,,,,,,,,,,,,81.7,110,82.0,100,,,,,,,,,,,,,,,,
2026-07-01T08:00:42.894303+00:00,2026-07-01T08:00:42.887675,2,2,81.6,0.2,81.5,100,81.2,100,,,,,,,,,,,,,,,,,81.7,110,82.0,100,,,,,,,,,,,,,,,,
2026-07-01T08:00:43.370512+00:00,2026-07-01T08:00:43.369119,1,1,81.45,0.5,81.2,100,,,,,,,,,,,,,,,,,,,81.7,110,,,,,,,,,,,,,,,,,,
2026-07-01T08:00:43.401448+00:00,2026-07-01T08:00:43.391849,1,1,81.45,0.5,81.2,100,,,,,,,,,,,,,,,,,,,81.7,100,,,,,,,,,,,,,,,,,,
2026-07-01T08:00:43.432623+00:00,2026-07-01T08:00:43.423621,2,1,81.5,0.4,81.3,150,81.2,100,,,,,,,,,,,,,,,,,81.7,100,,,,,,,,,,,,,,,,,,
2026-07-01T08:00:43.483960+00:00,2026-07-01T08:00:43.476587,2,2,81.5,0.4,81.3,150,81.2,100,,,,,,,,,,,,,,,,,81.7,100,81.8,150,,,,,,,,,,,,,,,,
2026-07-01T08:00:43.858355+00:00,2026-07-01T08:00:43.850044,2,2,81.5,0.4,81.3,150,81.2,100,,,,,,,,,,,,,,,,,81.7,107,81.8,150,,,,,,,,,,,,,,,,
2026-07-01T08:00:44.388614+00:00,2026-07-01T08:00:44.387792,2,2,81.5,0.4,81.3,150,81.2,100,,,,,,,,,,,,,,,,,81.7,92,81.8,150,,,,,,,,,,,,,,,,
2026-07-01T08:00:45.404130+00:00,2026-07-01T08:00:45.395940,1,2,81.5,0.4,81.3,150,,,,,,,,,,,,,,,,,,,81.7,7,81.8,150,,,,,,,,,,,,,,,,
2026-07-01T08:00:45.456318+00:00,2026-07-01T08:00:45.449716,2,2,81.55,0.3,81.4,100,81.3,150,,,,,,,,,,,,,,,,,81.7,7,81.8,150,,,,,,,,,,,,,,,,
2026-07-01T08:00:45.507991+00:00,2026-07-01T08:00:45.506555,2,3,81.55,0.3,81.4,100,81.3,150,,,,,,,,,,,,,,,,,81.7,7,81.8,150,81.9,100,,,,,,,,,,,,,,
2026-07-01T08:00:45.861083+00:00,2026-07-01T08:00:45.860801,2,3,81.55,0.3,81.4,100,81.3,150,,,,,,,,,,,,,,,,,81.7,5,81.8,150,81.9,100,,,,,,,,,,,,,,
2026-07-01T08:00:46.305722+00:00,2026-07-01T08:00:46.296985,2,3,81.55,0.3,81.4,100,81.3,150,,,,,,,,,,,,,,,,,81.7,2,81.8,150,81.9,100,,,,,,,,,,,,,,
2026-07-01T08:00:46.534273+00:00,2026-07-01T08:00:46.532092,1,2,81.55,0.3,81.4,100,,,,,,,,,,,,,,,,,,,81.7,2,81.9,100,,,,,,,,,,,,,,,,
2026-07-01T08:00:46.585741+00:00,2026-07-01T08:00:46.584980,2,2,81.6,0.2,81.5,150,81.4,100,,,,,,,,,,,,,,,,,81.7,2,81.9,100,,,,,,,,,,,,,,,,
2026-07-01T08:00:46.647462+00:00,2026-07-01T08:00:46.637573,2,3,81.6,0.2,81.5,150,81.4,100,,,,,,,,,,,,,,,,,81.7,2,81.9,100,82.0,150,,,,,,,,,,,,,,
2026-07-01T08:00:46.678472+00:00,2026-07-01T08:00:46.671928,2,2,81.7,0.4,81.5,150,81.4,100,,,,,,,,,,,,,,,,,81.9,52,82.0,150,,,,,,,,,,,,,,,,
2026-07-01T08:00:46.709542+00:00,2026-07-01T08:00:46.706365,2,2,81.7,0.4,81.5,150,81.4,100,,,,,,,,,,,,,,,,,81.9,9,82.0,150,,,,,,,,,,,,,,,,
2026-07-01T08:00:47.423600+00:00,2026-07-01T08:00:47.417232,2,3,81.65,0.3,81.5,150,81.4,100,,,,,,,,,,,,,,,,,81.8,10,81.9,9,82.0,150,,,,,,,,,,,,,,
2026-07-01T08:00:47.774054+00:00,2026-07-01T08:00:47.768647,2,3,81.65,0.3,81.5,110,81.4,100,,,,,,,,,,,,,,,,,81.8,10,81.9,9,82.0,150,,,,,,,,,,,,,,
2026-07-01T08:00:47.928835+00:00,2026-07-01T08:00:47.924907,2,3,81.65,0.3,81.5,110,81.4,100,,,,,,,,,,,,,,,,,81.8,10,81.9,9,82.0,150,,,,,,,,,,,,,,
2026-07-01T08:00:48.240116+00:00,2026-07-01T08:00:48.232133,2,3,81.65,0.3,81.5,63,81.4,100,,,,,,,,,,,,,,,,,81.8,10,81.9,9,82.0,150,,,,,,,,,,,,,,
2026-07-01T08:00:48.437805+00:00,2026-07-01T08:00:48.429111,2,2,81.7,0.4,81.5,63,81.4,100,,,,,,,,,,,,,,,,,81.9,9,82.0,150,,,,,,,,,,,,,,,,
2026-07-01T08:00:48.562500+00:00,2026-07-01T08:00:48.561290,2,1,81.75,0.5,81.5,63,81.4,100,,,,,,,,,,,,,,,,,82.0,150,,,,,,,,,,,,,,,,,,
2026-07-01T08:00:48.572897+00:00,2026-07-01T08:00:48.563230,1,1,81.75,0.5,81.5,63,,,,,,,,,,,,,,,,,,,82.0,150,,,,,,,,,,,,,,,,,,
2026-07-01T08:00:48.624721+00:00,2026-07-01T08:00:48.615957,2,1,81.85,0.3,81.7,100,81.5,63,,,,,,,,,,,,,,,,,82.0,150,,,,,,,,,,,,,,,,,,
2026-07-01T08:00:48.676505+00:00,2026-07-01T08:00:48.668939,2,2,81.85,0.3,81.7,100,81.5,63,,,,,,,,,,,,,,,,,82.0,150,82.2,100,,,,,,,,,,,,,,,,
2026-07-01T08:00:48.833011+00:00,2026-07-01T08:00:48.829334,2,2,81.85,0.3,81.7,50,81.5,63,,,,,,,,,,,,,,,,,82.0,150,82.2,100,,,,,,,,,,,,,,,,
2026-07-01T08:00:48.937182+00:00,2026-07-01T08:00:48.935429,2,2,81.85,0.3,81.7,50,81.5,63,,,,,,,,,,,,,,,,,82.0,160,82.2,100,,,,,,,,,,,,,,,,
2026-07-01T08:00:49.446812+00:00,2026-07-01T08:00:49.444541,2,2,81.85,0.3,81.7,50,81.5,63,,,,,,,,,,,,,,,,,82.0,160,82.2,100,,,,,,,,,,,,,,,,
2026-07-01T08:00:49.696147+00:00,2026-07-01T08:00:49.694610,1,2,81.85,0.3,81.7,50,,,,,,,,,,,,,,,,,,,82.0,10,82.2,100,,,,,,,,,,,,,,,,
2026-07-01T08:00:49.747996+00:00,2026-07-01T08:00:49.746921,2,2,81.85,0.3,81.7,50,81.1,150,,,,,,,,,,,,,,,,,82.0,10,82.2,100,,,,,,,,,,,,,,,,
2026-07-01T08:00:49.810171+00:00,2026-07-01T08:00:49.801815,1,3,81.35,0.5,81.1,150,,,,,,,,,,,,,,,,,,,81.6,100,82.0,10,82.2,100,,,,,,,,,,,,,,
2026-07-01T08:00:49.955124+00:00,2026-07-01T08:00:49.949308,1,2,81.35,0.5,81.1,150,,,,,,,,,,,,,,,,,,,81.6,100,82.2,100,,,,,,,,,,,,,,,,
2026-07-01T08:00:51.317332+00:00,2026-07-01T08:00:51.314881,2,2,81.55,0.1,81.5,5,81.1,150,,,,,,,,,,,,,,,,,81.6,100,82.2,100,,,,,,,,,,,,,,,,
2026-07-01T08:00:51.730105+00:00,2026-07-01T08:00:51.722572,2,1,81.55,0.1,81.5,5,81.1,150,,,,,,,,,,,,,,,,,81.6,100,,,,,,,,,,,,,,,,,,
2026-07-01T08:00:51.781965+00:00,2026-07-01T08:00:51.775588,3,1,81.55,0.1,81.5,5,81.4,100,81.1,150,,,,,,,,,,,,,,,81.6,100,,,,,,,,,,,,,,,,,,
2026-07-01T08:00:51.834272+00:00,2026-07-01T08:00:51.829820,3,2,81.55,0.1,81.5,5,81.4,100,81.1,150,,,,,,,,,,,,,,,81.6,100,81.9,100,,,,,,,,,,,,,,,,
2026-07-01T08:00:52.238290+00:00,2026-07-01T08:00:52.229882,3,2,81.55,0.1,81.5,5,81.4,100,81.1,150,,,,,,,,,,,,,,,81.6,55,81.9,100,,,,,,,,,,,,,,,,
2026-07-01T08:00:52.465951+00:00,2026-07-01T08:00:52.465035,3,2,81.55,0.1,81.5,15,81.4,100,81.1,150,,,,,,,,,,,,,,,81.6,55,81.9,100,,,,,,,,,,,,,,,,
2026-07-01T08:00:52.868530+00:00,2026-07-01T08:00:52.860417,2,1,81.7,0.4,81.5,15,81.4,100,,,,,,,,,,,,,,,,,81.9,100,,,,,,,,,,,,,,,,,,
2026-07-01T08:00:52.920045+00:00,2026-07-01T08:00:52.913673,3,1,81.75,0.3,81.6,150,81.5,15,81.4,100,,,,,,,,,,,,,,,81.9,100,,,,,,,,,,,,,,,,,,
2026-07-01T08:00:52.971670+00:00,2026-07-01T08:00:52.969037,3,2,81.75,0.3,81.6,150,81.5,5,81.4,100,,,,,,,,,,,,,,,81.9,100,82.1,150,,,,,,,,,,,,,,,,
2026-07-01T08:00:53.044433+00:00,2026-07-01T08:00:53.043229,3,2,81.75,0.3,81.6,100,81.5,5,81.4,100,,,,,,,,,,,,,,,81.9,100,82.1,150,,,,,,,,,,,,,,,,
2026-07-01T08:00:54.671326+00:00,2026-07-01T08:00:54.670611,3,2,81.75,0.3,81.6,59,81.5,5,81.4,100,,,,,,,,,,,,,,,81.9,100,82.1,150,,,,,,,,,,,,,,,,
2026-07-01T08:00:54.889085+00:00,2026-07-01T08:00:54.885730,2,1,81.85,0.5,81.6,59,81.5,5,,,,,,,,,,,,,,,,,82.1,150,,,,,,,,,,,,,,,,,,
2026-07-01T08:00:54.940478+00:00,2026-07-01T08:00:54.939048,3,1,81.85,0.5,81.6,59,81.5,5,81.3,100,,,,,,,,,,,,,,,82.1,150,,,,,,,,,,,,,,,,,,
2026-07-01T08:00:54.992293+00:00,2026-07-01T08:00:54.991903,3,3,81.7,0.2,81.6,59,81.5,5,81.3,100,,,,,,,,,,,,,,,81.8,100,82.0,10,82.1,150,,,,,,,,,,,,,,
2026-07-01T08:00:55.158251+00:00,2026-07-01T08:00:55.150419,3,3,81.7,0.2,81.6,9,81.5,5,81.3,100,,,,,,,,,,,,,,,81.8,100,82.0,10,82.1,150,,,,,,,,,,,,,,
2026-07-01T08:00:55.498698+00:00,2026-07-01T08:00:55.493051,3,2,81.7,0.2,81.6,9,81.5,5,81.3,100,,,,,,,,,,,,,,,81.8,110,82.1,150,,,,,,,,,,,,,,,,
2026-07-01T08:00:56.006312+00:00,2026-07-01T08:00:56.000070,3,2,81.7,0.2,81.6,9,81.5,5,81.3,100,,,,,,,,,,,,,,,81.8,110,82.1,150,,,,,,,,,,,,,,,,
2026-07-01T08:00:56.027033+00:00,2026-07-01T08:00:56.025945,3,1,81.7,0.2,81.6,9,81.5,5,81.3,100,,,,,,,,,,,,,,,81.8,110,,,,,,,,,,,,,,,,,,
2026-07-01T08:00:56.037489+00:00,2026-07-01T08:00:56.027593,2,1,81.65,0.3,81.5,5,81.3,100,,,,,,,,,,,,,,,,,81.8,110,,,,,,,,,,,,,,,,,,
2026-07-01T08:00:56.089494+00:00,2026-07-01T08:00:56.080051,3,1,81.65,0.3,81.5,5,81.3,100,80.7,150,,,,,,,,,,,,,,,81.8,110,,,,,,,,,,,,,,,,,,
2026-07-01T08:00:56.141126+00:00,2026-07-01T08:00:56.136049,1,2,80.95,0.5,80.7,150,,,,,,,,,,,,,,,,,,,81.2,45,81.8,110,,,,,,,,,,,,,,,,
2026-07-01T08:00:56.151502+00:00,2026-07-01T08:00:56.148914,1,1,81.25,1.1,80.7,150,,,,,,,,,,,,,,,,,,,81.8,110,,,,,,,,,,,,,,,,,,
2026-07-01T08:00:56.161817+00:00,2026-07-01T08:00:56.153213,2,1,81.6,0.4,81.4,5,80.7,150,,,,,,,,,,,,,,,,,81.8,110,,,,,,,,,,,,,,,,,,
2026-07-01T08:00:56.514105+00:00,2026-07-01T08:00:56.508926,2,1,81.6,0.4,81.4,5,80.7,150,,,,,,,,,,,,,,,,,81.8,100,,,,,,,,,,,,,,,,,,
2026-07-01T08:00:57.215803+00:00,2026-07-01T08:00:57.206207,2,1,81.6,0.4,81.4,5,80.7,150,,,,,,,,,,,,,,,,,81.8,50,,,,,,,,,,,,,,,,,,
2026-07-01T08:00:57.236426+00:00,2026-07-01T08:00:57.228427,2,1,81.6,0.4,81.4,3,80.7,150,,,,,,,,,,,,,,,,,81.8,50,,,,,,,,,,,,,,,,,,
2026-07-01T08:00:58.055247+00:00,2026-07-01T08:00:58.046126,2,0,,,81.4,3,80.7,150,,,,,,,,,,,,,,,,,,,,,,,,,,,,,,,,,,,,
2026-07-01T08:00:58.106763+00:00,2026-07-01T08:00:58.100376,3,0,,,81.4,3,81.2,100,80.7,150,,,,,,,,,,,,,,,,,,,,,,,,,,,,,,,,,,
2026-07-01T08:00:58.158109+00:00,2026-07-01T08:00:58.153258,3,1,81.55,0.3,81.4,3,81.2,100,80.7,150,,,,,,,,,,,,,,,81.7,100,,,,,,,,,,,,,,,,,,
2026-07-01T08:00:58.907038+00:00,2026-07-01T08:00:58.905893,3,1,81.55,0.3,81.4,3,81.2,100,80.7,150,,,,,,,,,,,,,,,81.7,57,,,,,,,,,,,,,,,,,,
2026-07-01T08:00:59.199025+00:00,2026-07-01T08:00:59.189920,2,1,81.55,0.3,81.4,3,81.2,100,,,,,,,,,,,,,,,,,81.7,57,,,,,,,,,,,,,,,,,,
2026-07-01T08:00:59.250491+00:00,2026-07-01T08:00:59.243118,3,1,81.65,0.1,81.6,150,81.4,3,81.2,100,,,,,,,,,,,,,,,81.7,57,,,,,,,,,,,,,,,,,,
2026-07-01T08:00:59.301788+00:00,2026-07-01T08:00:59.297211,3,2,81.65,0.1,81.6,150,81.4,3,81.2,100,,,,,,,,,,,,,,,81.7,57,82.1,150,,,,,,,,,,,,,,,,
2026-07-01T08:00:59.342947+00:00,2026-07-01T08:00:59.340367,3,2,81.65,0.1,81.6,150,81.4,3,81.2,100,,,,,,,,,,,,,,,81.7,7,82.1,150,,,,,,,,,,,,,,,,
2026-07-01T08:01:01.216435+00:00,2026-07-01T08:01:01.208940,2,1,81.85,0.5,81.6,150,81.4,3,,,,,,,,,,,,,,,,,82.1,150,,,,,,,,,,,,,,,,,,
2026-07-01T08:01:01.268267+00:00,2026-07-01T08:01:01.261148,2,1,81.85,0.5,81.6,250,81.4,3,,,,,,,,,,,,,,,,,82.1,150,,,,,,,,,,,,,,,,,,
2026-07-01T08:01:01.320303+00:00,2026-07-01T08:01:01.318269,2,1,81.85,0.5,81.6,250,81.4,3,,,,,,,,,,,,,,,,,82.1,250,,,,,,,,,,,,,,,,,,
2026-07-01T08:01:01.454872+00:00,2026-07-01T08:01:01.451981,2,1,81.85,0.5,81.6,250,81.4,3,,,,,,,,,,,,,,,,,82.1,200,,,,,,,,,,,,,,,,,,
2026-07-01T08:01:02.355094+00:00,2026-07-01T08:01:02.354821,2,1,81.85,0.5,81.6,100,81.4,3,,,,,,,,,,,,,,,,,82.1,100,,,,,,,,,,,,,,,,,,
2026-07-01T08:01:02.416472+00:00,2026-07-01T08:01:02.407982,3,1,81.95,0.3,81.8,150,81.6,100,81.4,3,,,,,,,,,,,,,,,82.1,100,,,,,,,,,,,,,,,,,,
2026-07-01T08:01:02.467889+00:00,2026-07-01T08:01:02.461484,3,2,81.95,0.3,81.8,150,81.6,100,81.4,3,,,,,,,,,,,,,,,82.1,100,82.3,150,,,,,,,,,,,,,,,,
2026-07-01T08:01:02.561475+00:00,2026-07-01T08:01:02.560879,3,2,81.95,0.3,81.8,150,81.6,100,81.4,3,,,,,,,,,,,,,,,82.1,110,82.3,150,,,,,,,,,,,,,,,,
2026-07-01T08:01:02.768436+00:00,2026-07-01T08:01:02.767752,3,2,81.95,0.3,81.8,19,81.6,100,81.4,3,,,,,,,,,,,,,,,82.1,110,82.3,150,,,,,,,,,,,,,,,,
2026-07-01T08:01:02.955086+00:00,2026-07-01T08:01:02.950800,2,2,81.85,0.5,81.6,100,81.4,3,,,,,,,,,,,,,,,,,82.1,110,82.3,150,,,,,,,,,,,,,,,,
2026-07-01T08:01:03.068741+00:00,2026-07-01T08:01:03.065214,2,2,81.85,0.5,81.6,100,81.4,3,,,,,,,,,,,,,,,,,82.1,100,82.3,150,,,,,,,,,,,,,,,,
2026-07-01T08:01:03.079288+00:00,2026-07-01T08:01:03.071230,2,3,81.8,0.4,81.6,100,81.4,3,,,,,,,,,,,,,,,,,82.0,10,82.1,57,82.3,150,,,,,,,,,,,,,,
2026-07-01T08:01:03.204200+00:00,2026-07-01T08:01:03.201064,2,3,81.8,0.4,81.6,32,81.4,3,,,,,,,,,,,,,,,,,82.0,10,82.1,57,82.3,150,,,,,,,,,,,,,,
2026-07-01T08:01:03.578760+00:00,2026-07-01T08:01:03.575452,2,2,81.85,0.5,81.6,32,81.4,3,,,,,,,,,,,,,,,,,82.1,57,82.3,150,,,,,,,,,,,,,,,,
2026-07-01T08:01:03.599611+00:00,2026-07-01T08:01:03.593545,2,2,81.85,0.5,81.6,32,81.4,3,,,,,,,,,,,,,,,,,82.1,7,82.3,150,,,,,,,,,,,,,,,,
2026-07-01T08:01:04.140783+00:00,2026-07-01T08:01:04.135476,0,2,,,,,,,,,,,,,,,,,,,,,,,82.1,7,82.3,150,,,,,,,,,,,,,,,,
2026-07-01T08:01:04.378561+00:00,2026-07-01T08:01:04.371751,0,1,,,,,,,,,,,,,,,,,,,,,,,82.3,150,,,,,,,,,,,,,,,,,,
2026-07-01T08:01:04.429940+00:00,2026-07-01T08:01:04.424666,1,1,81.95,0.7,81.6,100,,,,,,,,,,,,,,,,,,,82.3,150,,,,,,,,,,,,,,,,,,
2026-07-01T08:01:04.481073+00:00,2026-07-01T08:01:04.477870,1,2,81.85,0.5,81.6,100,,,,,,,,,,,,,,,,,,,82.1,100,82.3,150,,,,,,,,,,,,,,,,
2026-07-01T08:01:04.516792+00:00,2026-07-01T08:01:04.515901,2,2,81.85,0.5,81.6,100,81.5,4,,,,,,,,,,,,,,,,,82.1,100,82.3,150,,,,,,,,,,,,,,,,
2026-07-01T08:01:04.640215+00:00,2026-07-01T08:01:04.639294,2,2,81.85,0.5,81.6,100,81.5,4,,,,,,,,,,,,,,,,,82.1,100,82.3,150,,,,,,,,,,,,,,,,
2026-07-01T08:01:05.353852+00:00,2026-07-01T08:01:05.353158,2,2,81.85,0.5,81.6,53,81.5,4,,,,,,,,,,,,,,,,,82.1,100,82.3,150,,,,,,,,,,,,,,,,
2026-07-01T08:01:05.385254+00:00,2026-07-01T08:01:05.376276,2,3,81.75,0.3,81.6,53,81.5,4,,,,,,,,,,,,,,,,,81.9,1,82.1,100,82.3,150,,,,,,,,,,,,,,
2026-07-01T08:01:05.519657+00:00,2026-07-01T08:01:05.515459,2,2,81.75,0.3,81.6,53,81.5,4,,,,,,,,,,,,,,,,,81.9,1,82.1,100,,,,,,,,,,,,,,,,
2026-07-01T08:01:05.571140+00:00,2026-07-01T08:01:05.569857,3,2,81.75,0.3,81.6,53,81.5,4,81.1,150,,,,,,,,,,,,,,,81.9,1,82.1,100,,,,,,,,,,,,,,,,
2026-07-01T08:01:05.643804+00:00,2026-07-01T08:01:05.643127,2,3,81.55,0.1,81.5,4,81.1,150,,,,,,,,,,,,,,,,,81.6,76,81.9,1,82.1,100,,,,,,,,,,,,,,
2026-07-01T08:01:05.705360+00:00,2026-07-01T08:01:05.700431,2,3,81.55,0.1,81.5,4,81.1,150,,,,,,,,,,,,,,,,,81.6,26,81.9,1,82.1,100,,,,,,,,,,,,,,
2026-07-01T08:01:05.955353+00:00,2026-07-01T08:01:05.945295,2,3,81.55,0.1,81.5,3,81.1,150,,,,,,,,,,,,,,,,,81.6,26,81.9,1,82.1,100,,,,,,,,,,,,,,
2026-07-01T08:01:07.478540+00:00,2026-07-01T08:01:07.478164,2,2,81.55,0.1,81.5,3,81.1,150,,,,,,,,,,,,,,,,,81.6,26,82.1,100,,,,,,,,,,,,,,,,
2026-07-01T08:01:07.540752+00:00,2026-07-01T08:01:07.532983,2,1,81.55,0.1,81.5,3,81.1,150,,,,,,,,,,,,,,,,,81.6,26,,,,,,,,,,,,,,,,,,
2026-07-01T08:01:07.593062+00:00,2026-07-01T08:01:07.585555,3,1,81.55,0.1,81.5,3,81.2,100,81.1,150,,,,,,,,,,,,,,,81.6,26,,,,,,,,,,,,,,,,,,
2026-07-01T08:01:07.644419+00:00,2026-07-01T08:01:07.637802,3,2,81.55,0.1,81.5,3,81.2,100,81.1,150,,,,,,,,,,,,,,,81.6,26,81.7,100,,,,,,,,,,,,,,,,
2026-07-01T08:01:07.872760+00:00,2026-07-01T08:01:07.863103,2,2,81.4,0.4,81.2,100,81.1,150,,,,,,,,,,,,,,,,,81.6,26,81.7,100,,,,,,,,,,,,,,,,
2026-07-01T08:01:08.059967+00:00,2026-07-01T08:01:08.054801,2,1,81.45,0.5,81.2,100,81.1,150,,,,,,,,,,,,,,,,,81.7,100,,,,,,,,,,,,,,,,,,
2026-07-01T08:01:08.423035+00:00,2026-07-01T08:01:08.417031,2,1,81.45,0.5,81.2,100,81.1,150,,,,,,,,,,,,,,,,,81.7,51,,,,,,,,,,,,,,,,,,
2026-07-01T08:01:08.681231+00:00,2026-07-01T08:01:08.679045,1,1,81.45,0.5,81.2,100,,,,,,,,,,,,,,,,,,,81.7,51,,,,,,,,,,,,,,,,,,
2026-07-01T08:01:08.745565+00:00,2026-07-01T08:01:08.735196,2,0,,,81.8,99,81.2,100,,,,,,,,,,,,,,,,,,,,,,,,,,,,,,,,,,,,
2026-07-01T08:01:08.810432+00:00,2026-07-01T08:01:08.809734,2,1,82.05,0.5,81.8,96,81.2,100,,,,,,,,,,,,,,,,,82.3,150,,,,,,,,,,,,,,,,,,
2026-07-01T08:01:08.934783+00:00,2026-07-01T08:01:08.931142,1,1,81.75,1.1,81.2,100,,,,,,,,,,,,,,,,,,,82.3,150,,,,,,,,,,,,,,,,,,
2026-07-01T08:01:10.698016+00:00,2026-07-01T08:01:10.695371,0,1,,,,,,,,,,,,,,,,,,,,,,,82.3,150,,,,,,,,,,,,,,,,,,
2026-07-01T08:01:10.749497+00:00,2026-07-01T08:01:10.749359,1,1,81.8,1.0,81.3,100,,,,,,,,,,,,,,,,,,,82.3,150,,,,,,,,,,,,,,,,,,
2026-07-01T08:01:10.811508+00:00,2026-07-01T08:01:10.801813,1,2,81.55,0.5,81.3,100,,,,,,,,,,,,,,,,,,,81.8,100,82.3,150,,,,,,,,,,,,,,,,
2026-07-01T08:01:11.492583+00:00,2026-07-01T08:01:11.482983,1,2,81.55,0.5,81.3,100,,,,,,,,,,,,,,,,,,,81.8,106,82.3,150,,,,,,,,,,,,,,,,
2026-07-01T08:01:11.866078+00:00,2026-07-01T08:01:11.856199,1,1,81.55,0.5,81.3,100,,,,,,,,,,,,,,,,,,,81.8,106,,,,,,,,,,,,,,,,,,
2026-07-01T08:01:11.917879+00:00,2026-07-01T08:01:11.908293,2,1,81.55,0.5,81.3,100,80.9,150,,,,,,,,,,,,,,,,,81.8,106,,,,,,,,,,,,,,,,,,
2026-07-01T08:01:11.969920+00:00,2026-07-01T08:01:11.966350,2,2,81.35,0.1,81.3,100,80.9,150,,,,,,,,,,,,,,,,,81.4,150,81.8,106,,,,,,,,,,,,,,,,
2026-07-01T08:01:12.104368+00:00,2026-07-01T08:01:12.102626,2,2,81.35,0.1,81.3,50,80.9,150,,,,,,,,,,,,,,,,,81.4,150,81.8,106,,,,,,,,,,,,,,,,
2026-07-01T08:01:12.145884+00:00,2026-07-01T08:01:12.136775,2,2,81.35,0.1,81.3,50,80.9,150,,,,,,,,,,,,,,,,,81.4,160,81.8,106,,,,,,,,,,,,,,,,
2026-07-01T08:01:12.486779+00:00,2026-07-01T08:01:12.481723,2,2,81.35,0.1,81.3,6,80.9,150,,,,,,,,,,,,,,,,,81.4,160,81.8,106,,,,,,,,,,,,,,,,
2026-07-01T08:01:12.641256+00:00,2026-07-01T08:01:12.640879,2,2,81.35,0.1,81.3,6,80.9,150,,,,,,,,,,,,,,,,,81.4,150,81.8,106,,,,,,,,,,,,,,,,
2026-07-01T08:01:12.651525+00:00,2026-07-01T08:01:12.644524,2,2,81.35,0.1,81.3,6,80.9,150,,,,,,,,,,,,,,,,,81.4,160,81.8,106,,,,,,,,,,,,,,,,
2026-07-01T08:01:13.075261+00:00,2026-07-01T08:01:13.074124,2,2,81.35,0.1,81.3,6,80.9,150,,,,,,,,,,,,,,,,,81.4,113,81.8,106,,,,,,,,,,,,,,,,
2026-07-01T08:01:13.157635+00:00,2026-07-01T08:01:13.156069,2,2,81.35,0.1,81.3,6,80.9,150,,,,,,,,,,,,,,,,,81.4,113,81.8,106,,,,,,,,,,,,,,,,
2026-07-01T08:01:13.242402+00:00,2026-07-01T08:01:13.241512,2,2,81.35,0.1,81.3,6,80.9,150,,,,,,,,,,,,,,,,,81.4,110,81.8,106,,,,,,,,,,,,,,,,
2026-07-01T08:01:13.511480+00:00,2026-07-01T08:01:13.507471,2,2,81.35,0.1,81.3,6,80.9,150,,,,,,,,,,,,,,,,,81.4,110,81.8,105,,,,,,,,,,,,,,,,
2026-07-01T08:01:13.657636+00:00,2026-07-01T08:01:13.650962,2,2,81.35,0.1,81.3,6,80.9,150,,,,,,,,,,,,,,,,,81.4,66,81.8,105,,,,,,,,,,,,,,,,
2026-07-01T08:01:13.668028+00:00,2026-07-01T08:01:13.663312,2,2,81.35,0.1,81.3,6,80.9,150,,,,,,,,,,,,,,,,,81.4,56,81.8,105,,,,,,,,,,,,,,,,
2026-07-01T08:01:13.866633+00:00,2026-07-01T08:01:13.861103,1,2,81.15,0.5,80.9,150,,,,,,,,,,,,,,,,,,,81.4,56,81.8,5,,,,,,,,,,,,,,,,
2026-07-01T08:01:13.918427+00:00,2026-07-01T08:01:13.915001,2,2,81.2,0.4,81.0,100,80.9,150,,,,,,,,,,,,,,,,,81.4,56,81.8,5,,,,,,,,,,,,,,,,
2026-07-01T08:01:13.970196+00:00,2026-07-01T08:01:13.968747,2,3,81.2,0.4,81.0,100,80.9,150,,,,,,,,,,,,,,,,,81.4,56,81.5,100,81.8,5,,,,,,,,,,,,,,
2026-07-01T08:01:14.114824+00:00,2026-07-01T08:01:14.106136,2,3,81.2,0.4,81.0,100,80.9,150,,,,,,,,,,,,,,,,,81.4,56,81.5,100,81.8,3,,,,,,,,,,,,,,
2026-07-01T08:01:14.166453+00:00,2026-07-01T08:01:14.158978,2,3,81.2,0.4,81.0,100,80.9,150,,,,,,,,,,,,,,,,,81.4,6,81.5,100,81.8,3,,,,,,,,,,,,,,
2026-07-01T08:01:14.850095+00:00,2026-07-01T08:01:14.842732,2,3,81.2,0.4,81.0,55,80.9,150,,,,,,,,,,,,,,,,,81.4,6,81.5,100,81.8,3,,,,,,,,,,,,,,
2026-07-01T08:01:15.025602+00:00,2026-07-01T08:01:15.023778,1,2,81.25,0.5,81.0,55,,,,,,,,,,,,,,,,,,,81.5,100,81.8,3,,,,,,,,,,,,,,,,
2026-07-01T08:01:15.077043+00:00,2026-07-01T08:01:15.076062,2,2,81.4,0.2,81.3,150,81.0,55,,,,,,,,,,,,,,,,,81.5,100,81.8,3,,,,,,,,,,,,,,,,
2026-07-01T08:01:15.128847+00:00,2026-07-01T08:01:15.128735,2,2,81.4,0.2,81.3,150,81.0,55,,,,,,,,,,,,,,,,,81.5,100,81.8,153,,,,,,,,,,,,,,,,
2026-07-01T08:01:15.180465+00:00,2026-07-01T08:01:15.174539,2,2,81.4,0.2,81.3,150,81.0,55,,,,,,,,,,,,,,,,,81.5,110,81.8,153,,,,,,,,,,,,,,,,
2026-07-01T08:01:15.679175+00:00,2026-07-01T08:01:15.678929,2,2,81.4,0.2,81.3,150,81.0,55,,,,,,,,,,,,,,,,,81.5,100,81.8,153,,,,,,,,,,,,,,,,
2026-07-01T08:01:15.689451+00:00,2026-07-01T08:01:15.684414,2,2,81.4,0.2,81.3,150,81.0,55,,,,,,,,,,,,,,,,,81.5,110,81.8,153,,,,,,,,,,,,,,,,
2026-07-01T08:01:15.882604+00:00,2026-07-01T08:01:15.881991,2,2,81.4,0.2,81.3,104,81.0,55,,,,,,,,,,,,,,,,,81.5,110,81.8,153,,,,,,,,,,,,,,,,
2026-07-01T08:01:15.893099+00:00,2026-07-01T08:01:15.888884,2,2,81.4,0.2,81.3,104,81.0,55,,,,,,,,,,,,,,,,,81.5,62,81.8,153,,,,,,,,,,,,,,,,
2026-07-01T08:01:16.193106+00:00,2026-07-01T08:01:16.188636,2,2,81.4,0.2,81.3,104,81.0,55,,,,,,,,,,,,,,,,,81.5,52,81.8,153,,,,,,,,,,,,,,,,
2026-07-01T08:01:16.203511+00:00,2026-07-01T08:01:16.193667,2,2,81.4,0.2,81.3,104,81.0,55,,,,,,,,,,,,,,,,,81.5,62,81.8,153,,,,,,,,,,,,,,,,
2026-07-01T08:01:16.296444+00:00,2026-07-01T08:01:16.293924,2,2,81.4,0.2,81.3,104,81.0,55,,,,,,,,,,,,,,,,,81.5,12,81.8,153,,,,,,,,,,,,,,,,
2026-07-01T08:01:16.699410+00:00,2026-07-01T08:01:16.698062,2,2,81.4,0.2,81.3,104,81.0,55,,,,,,,,,,,,,,,,,81.5,2,81.8,153,,,,,,,,,,,,,,,,
2026-07-01T08:01:16.709844+00:00,2026-07-01T08:01:16.701279,2,2,81.4,0.2,81.3,104,81.0,55,,,,,,,,,,,,,,,,,81.5,12,81.8,153,,,,,,,,,,,,,,,,
2026-07-01T08:01:17.030328+00:00,2026-07-01T08:01:17.025605,1,2,81.4,0.2,81.3,104,,,,,,,,,,,,,,,,,,,81.5,10,81.8,153,,,,,,,,,,,,,,,,
2026-07-01T08:01:17.082178+00:00,2026-07-01T08:01:17.078205,2,2,81.4,0.2,81.3,104,80.9,100,,,,,,,,,,,,,,,,,81.5,10,81.8,153,,,,,,,,,,,,,,,,
2026-07-01T08:01:17.123809+00:00,2026-07-01T08:01:17.115421,2,2,81.4,0.2,81.3,79,80.9,100,,,,,,,,,,,,,,,,,81.5,10,81.8,153,,,,,,,,,,,,,,,,
2026-07-01T08:01:17.134204+00:00,2026-07-01T08:01:17.130615,2,3,81.35,0.1,81.3,79,80.9,100,,,,,,,,,,,,,,,,,81.4,100,81.5,10,81.8,153,,,,,,,,,,,,,,
2026-07-01T08:01:17.216973+00:00,2026-07-01T08:01:17.210094,2,2,81.35,0.1,81.3,79,80.9,100,,,,,,,,,,,,,,,,,81.4,110,81.8,153,,,,,,,,,,,,,,,,
2026-07-01T08:01:17.724241+00:00,2026-07-01T08:01:17.718201,2,2,81.35,0.1,81.3,79,80.9,100,,,,,,,,,,,,,,,,,81.4,110,81.8,153,,,,,,,,,,,,,,,,
2026-07-01T08:01:18.190623+00:00,2026-07-01T08:01:18.182947,1,2,81.15,0.5,80.9,100,,,,,,,,,,,,,,,,,,,81.4,110,81.8,3,,,,,,,,,,,,,,,,
2026-07-01T08:01:18.232012+00:00,2026-07-01T08:01:18.224430,1,2,81.15,0.5,80.9,100,,,,,,,,,,,,,,,,,,,81.4,100,81.8,3,,,,,,,,,,,,,,,,
2026-07-01T08:01:18.242414+00:00,2026-07-01T08:01:18.236910,2,2,81.25,0.3,81.1,150,80.9,100,,,,,,,,,,,,,,,,,81.4,100,81.8,3,,,,,,,,,,,,,,,,
2026-07-01T08:01:18.294424+00:00,2026-07-01T08:01:18.290117,2,3,81.25,0.3,81.1,150,80.9,100,,,,,,,,,,,,,,,,,81.4,100,81.6,150,81.8,3,,,,,,,,,,,,,,
2026-07-01T08:01:18.408610+00:00,2026-07-01T08:01:18.402855,2,3,81.25,0.3,81.1,150,80.9,100,,,,,,,,,,,,,,,,,81.4,50,81.6,150,81.8,3,,,,,,,,,,,,,,
2026-07-01T08:01:19.739354+00:00,2026-07-01T08:01:19.729731,2,2,81.25,0.3,81.1,150,80.9,100,,,,,,,,,,,,,,,,,81.4,50,81.6,150,,,,,,,,,,,,,,,,
2026-07-01T08:01:20.184791+00:00,2026-07-01T08:01:20.184503,2,1,81.35,0.5,81.1,150,80.9,100,,,,,,,,,,,,,,,,,81.6,150,,,,,,,,,,,,,,,,,,
2026-07-01T08:01:20.195195+00:00,2026-07-01T08:01:20.185994,1,1,81.35,0.5,81.1,150,,,,,,,,,,,,,,,,,,,81.6,150,,,,,,,,,,,,,,,,,,
2026-07-01T08:01:20.246470+00:00,2026-07-01T08:01:20.238785,2,1,81.4,0.4,81.2,100,81.1,150,,,,,,,,,,,,,,,,,81.6,150,,,,,,,,,,,,,,,,,,
2026-07-01T08:01:20.309351+00:00,2026-07-01T08:01:20.302398,2,2,81.4,0.4,81.2,100,81.1,150,,,,,,,,,,,,,,,,,81.6,150,81.7,100,,,,,,,,,,,,,,,,
2026-07-01T08:01:20.547019+00:00,2026-07-01T08:01:20.539476,2,2,81.4,0.4,81.2,100,81.1,150,,,,,,,,,,,,,,,,,81.6,100,81.7,100,,,,,,,,,,,,,,,,
2026-07-01T08:01:21.331982+00:00,2026-07-01T08:01:21.329590,2,3,81.35,0.3,81.2,100,81.1,150,,,,,,,,,,,,,,,,,81.5,10,81.6,100,81.7,100,,,,,,,,,,,,,,
2026-07-01T08:01:21.352892+00:00,2026-07-01T08:01:21.344652,1,2,81.35,0.3,81.2,100,,,,,,,,,,,,,,,,,,,81.5,10,81.7,100,,,,,,,,,,,,,,,,
2026-07-01T08:01:21.404563+00:00,2026-07-01T08:01:21.397544,2,2,81.35,0.3,81.2,100,81.1,150,,,,,,,,,,,,,,,,,81.5,10,81.7,100,,,,,,,,,,,,,,,,
2026-07-01T08:01:21.456509+00:00,2026-07-01T08:01:21.450828,2,3,81.35,0.3,81.2,100,81.1,150,,,,,,,,,,,,,,,,,81.5,10,81.6,150,81.7,100,,,,,,,,,,,,,,
2026-07-01T08:01:21.839413+00:00,2026-07-01T08:01:21.834009,2,2,81.4,0.4,81.2,100,81.1,150,,,,,,,,,,,,,,,,,81.6,150,81.7,100,,,,,,,,,,,,,,,,
2026-07-01T08:01:21.849815+00:00,2026-07-01T08:01:21.841812,2,3,81.35,0.3,81.2,100,81.1,150,,,,,,,,,,,,,,,,,81.5,10,81.6,150,81.7,100,,,,,,,,,,,,,,
2026-07-01T08:01:22.348003+00:00,2026-07-01T08:01:22.347354,2,2,81.4,0.4,81.2,100,81.1,150,,,,,,,,,,,,,,,,,81.6,150,81.7,100,,,,,,,,,,,,,,,,
2026-07-01T08:01:22.358451+00:00,2026-07-01T08:01:22.350963,2,3,81.35,0.3,81.2,100,81.1,150,,,,,,,,,,,,,,,,,81.5,10,81.6,150,81.7,100,,,,,,,,,,,,,,
2026-07-01T08:01:22.657290+00:00,2026-07-01T08:01:22.649915,2,2,81.4,0.4,81.2,100,81.1,150,,,,,,,,,,,,,,,,,81.6,110,81.7,100,,,,,,,,,,,,,,,,
2026-07-01T08:01:23.360002+00:00,2026-07-01T08:01:23.353753,1,1,81.35,0.5,81.1,150,,,,,,,,,,,,,,,,,,,81.6,110,,,,,,,,,,,,,,,,,,
2026-07-01T08:01:23.411795+00:00,2026-07-01T08:01:23.408075,1,1,81.35,0.5,81.1,250,,,,,,,,,,,,,,,,,,,81.6,110,,,,,,,,,,,,,,,,,,
2026-07-01T08:01:23.463735+00:00,2026-07-01T08:01:23.462074,1,1,81.35,0.5,81.1,250,,,,,,,,,,,,,,,,,,,81.6,210,,,,,,,,,,,,,,,,,,
2026-07-01T08:01:24.540550+00:00,2026-07-01T08:01:24.535412,1,1,81.35,0.5,81.1,100,,,,,,,,,,,,,,,,,,,81.6,100,,,,,,,,,,,,,,,,,,
2026-07-01T08:01:24.550966+00:00,2026-07-01T08:01:24.547509,1,1,81.35,0.5,81.1,100,,,,,,,,,,,,,,,,,,,81.6,150,,,,,,,,,,,,,,,,,,
2026-07-01T08:01:24.592403+00:00,2026-07-01T08:01:24.592059,2,1,81.45,0.3,81.3,150,81.1,100,,,,,,,,,,,,,,,,,81.6,150,,,,,,,,,,,,,,,,,,
2026-07-01T08:01:24.654529+00:00,2026-07-01T08:01:24.652183,2,2,81.45,0.3,81.3,150,81.1,100,,,,,,,,,,,,,,,,,81.6,137,81.8,150,,,,,,,,,,,,,,,,
2026-07-01T08:01:24.758348+00:00,2026-07-01T08:01:24.757212,2,2,81.45,0.3,81.3,150,81.1,100,,,,,,,,,,,,,,,,,81.6,87,81.8,150,,,,,,,,,,,,,,,,
2026-07-01T08:01:24.903139+00:00,2026-07-01T08:01:24.895080,2,2,81.45,0.3,81.3,150,81.1,100,,,,,,,,,,,,,,,,,81.6,97,81.8,150,,,,,,,,,,,,,,,,
2026-07-01T08:01:25.368420+00:00,2026-07-01T08:01:25.361565,2,2,81.45,0.3,81.3,106,81.1,100,,,,,,,,,,,,,,,,,81.6,97,81.8,150,,,,,,,,,,,,,,,,
2026-07-01T08:01:25.399627+00:00,2026-07-01T08:01:25.399441,2,2,81.45,0.3,81.3,106,81.1,100,,,,,,,,,,,,,,,,,81.6,87,81.8,150,,,,,,,,,,,,,,,,
2026-07-01T08:01:25.617974+00:00,2026-07-01T08:01:25.617061,2,2,81.45,0.3,81.3,106,81.1,100,,,,,,,,,,,,,,,,,81.6,65,81.8,150,,,,,,,,,,,,,,,,
2026-07-01T08:01:26.415162+00:00,2026-07-01T08:01:26.408561,2,2,81.45,0.3,81.3,106,81.1,100,,,,,,,,,,,,,,,,,81.6,75,81.8,150,,,,,,,,,,,,,,,,
2026-07-01T08:01:26.517796+00:00,2026-07-01T08:01:26.517669,1,2,81.45,0.3,81.3,106,,,,,,,,,,,,,,,,,,,81.6,25,81.8,150,,,,,,,,,,,,,,,,
2026-07-01T08:01:26.559662+00:00,2026-07-01T08:01:26.550042,1,2,81.45,0.3,81.3,106,,,,,,,,,,,,,,,,,,,81.6,17,81.8,150,,,,,,,,,,,,,,,,
2026-07-01T08:01:26.580702+00:00,2026-07-01T08:01:26.571922,2,2,81.45,0.3,81.3,106,81.2,100,,,,,,,,,,,,,,,,,81.6,17,81.8,150,,,,,,,,,,,,,,,,
2026-07-01T08:01:26.632310+00:00,2026-07-01T08:01:26.626699,2,3,81.45,0.3,81.3,106,81.2,100,,,,,,,,,,,,,,,,,81.6,17,81.7,100,81.8,150,,,,,,,,,,,,,,
2026-07-01T08:01:26.869315+00:00,2026-07-01T08:01:26.867052,2,2,81.5,0.4,81.3,106,81.2,100,,,,,,,,,,,,,,,,,81.7,67,81.8,150,,,,,,,,,,,,,,,,
2026-07-01T08:01:27.457075+00:00,2026-07-01T08:01:27.453119,2,3,81.45,0.3,81.3,106,81.2,100,,,,,,,,,,,,,,,,,81.6,10,81.7,67,81.8,150,,,,,,,,,,,,,,
2026-07-01T08:01:27.706599+00:00,2026-07-01T08:01:27.706247,2,2,81.45,0.3,81.3,106,81.2,100,,,,,,,,,,,,,,,,,81.6,10,81.7,67,,,,,,,,,,,,,,,,
2026-07-01T08:01:27.717091+00:00,2026-07-01T08:01:27.707892,1,2,81.4,0.4,81.2,100,,,,,,,,,,,,,,,,,,,81.6,10,81.7,67,,,,,,,,,,,,,,,,
2026-07-01T08:01:27.769045+00:00,2026-07-01T08:01:27.760569,2,2,81.4,0.4,81.2,100,81.0,150,,,,,,,,,,,,,,,,,81.6,10,81.7,67,,,,,,,,,,,,,,,,
2026-07-01T08:01:27.820980+00:00,2026-07-01T08:01:27.813546,2,3,81.35,0.3,81.2,100,81.0,150,,,,,,,,,,,,,,,,,81.5,150,81.6,10,81.7,67,,,,,,,,,,,,,,
2026-07-01T08:01:27.966118+00:00,2026-07-01T08:01:27.960871,2,2,81.35,0.3,81.2,100,81.0,150,,,,,,,,,,,,,,,,,81.5,150,81.7,67,,,,,,,,,,,,,,,,
2026-07-01T08:01:28.969635+00:00,2026-07-01T08:01:28.969443,2,2,81.35,0.3,81.2,100,81.0,150,,,,,,,,,,,,,,,,,81.5,160,81.7,67,,,,,,,,,,,,,,,,
2026-07-01T08:01:29.000755+00:00,2026-07-01T08:01:28.994731,2,2,81.35,0.3,81.2,100,81.0,150,,,,,,,,,,,,,,,,,81.5,110,81.7,67,,,,,,,,,,,,,,,,
2026-07-01T08:01:29.475213+00:00,2026-07-01T08:01:29.474274,2,2,81.35,0.3,81.2,100,81.0,150,,,,,,,,,,,,,,,,,81.5,100,81.7,67,,,,,,,,,,,,,,,,
2026-07-01T08:01:29.485521+00:00,2026-07-01T08:01:29.477874,2,2,81.35,0.3,81.2,100,81.0,150,,,,,,,,,,,,,,,,,81.5,110,81.7,67,,,,,,,,,,,,,,,,
2026-07-01T08:01:29.691046+00:00,2026-07-01T08:01:29.684018,1,1,81.25,0.5,81.0,150,,,,,,,,,,,,,,,,,,,81.5,110,,,,,,,,,,,,,,,,,,
2026-07-01T08:01:29.742582+00:00,2026-07-01T08:01:29.736952,2,1,81.35,0.3,81.2,100,81.0,150,,,,,,,,,,,,,,,,,81.5,110,,,,,,,,,,,,,,,,,,
2026-07-01T08:01:29.793901+00:00,2026-07-01T08:01:29.790430,2,2,81.35,0.3,81.2,100,81.0,150,,,,,,,,,,,,,,,,,81.5,110,81.7,100,,,,,,,,,,,,,,,,
2026-07-01T08:01:29.989663+00:00,2026-07-01T08:01:29.982513,2,2,81.35,0.3,81.2,100,81.0,150,,,,,,,,,,,,,,,,,81.5,100,81.7,100,,,,,,,,,,,,,,,,
2026-07-01T08:01:30.081815+00:00,2026-07-01T08:01:30.076811,2,2,81.35,0.3,81.2,52,81.0,150,,,,,,,,,,,,,,,,,81.5,100,81.7,100,,,,,,,,,,,,,,,,
2026-07-01T08:01:30.814542+00:00,2026-07-01T08:01:30.804892,3,2,81.4,0.2,81.3,4,81.2,52,81.0,150,,,,,,,,,,,,,,,81.5,100,81.7,100,,,,,,,,,,,,,,,,
2026-07-01T08:01:30.825017+00:00,2026-07-01T08:01:30.824667,3,3,81.4,0.2,81.3,4,81.2,52,81.0,150,,,,,,,,,,,,,,,81.5,100,81.6,2,81.7,100,,,,,,,,,,,,,,
2026-07-01T08:01:30.876844+00:00,2026-07-01T08:01:30.869796,2,2,81.45,0.3,81.3,4,81.2,52,,,,,,,,,,,,,,,,,81.6,2,81.7,100,,,,,,,,,,,,,,,,
2026-07-01T08:01:30.928540+00:00,2026-07-01T08:01:30.922432,2,2,81.45,0.3,81.3,154,81.2,52,,,,,,,,,,,,,,,,,81.6,2,81.7,100,,,,,,,,,,,,,,,,
2026-07-01T08:01:30.980215+00:00,2026-07-01T08:01:30.975144,2,3,81.45,0.3,81.3,154,81.2,52,,,,,,,,,,,,,,,,,81.6,2,81.7,100,81.8,150,,,,,,,,,,,,,,
2026-07-01T08:01:31.000765+00:00,2026-07-01T08:01:30.991552,2,3,81.45,0.3,81.3,154,81.2,52,,,,,,,,,,,,,,,,,81.6,12,81.7,100,81.8,150,,,,,,,,,,,,,,
2026-07-01T08:01:31.497660+00:00,2026-07-01T08:01:31.495755,2,3,81.45,0.3,81.3,154,81.2,52,,,,,,,,,,,,,,,,,81.6,2,81.7,100,81.8,150,,,,,,,,,,,,,,
2026-07-01T08:01:31.507974+00:00,2026-07-01T08:01:31.499184,2,3,81.45,0.3,81.3,154,81.2,52,,,,,,,,,,,,,,,,,81.6,12,81.7,100,81.8,150,,,,,,,,,,,,,,
2026-07-01T08:01:31.724404+00:00,2026-07-01T08:01:31.720955,2,3,81.45,0.3,81.3,153,81.2,52,,,,,,,,,,,,,,,,,81.6,12,81.7,100,81.8,150,,,,,,,,,,,,,,
2026-07-01T08:01:32.012824+00:00,2026-07-01T08:01:32.003404,2,3,81.45,0.3,81.3,153,81.2,52,,,,,,,,,,,,,,,,,81.6,2,81.7,100,81.8,150,,,,,,,,,,,,,,
2026-07-01T08:01:32.846731+00:00,2026-07-01T08:01:32.846281,2,2,81.45,0.3,81.3,153,81.2,52,,,,,,,,,,,,,,,,,81.6,2,81.8,150,,,,,,,,,,,,,,,,
2026-07-01T08:01:32.857131+00:00,2026-07-01T08:01:32.847723,1,2,81.45,0.3,81.3,153,,,,,,,,,,,,,,,,,,,81.6,2,81.8,150,,,,,,,,,,,,,,,,
2026-07-01T08:01:32.908447+00:00,2026-07-01T08:01:32.900429,2,2,81.45,0.3,81.3,153,81.2,100,,,,,,,,,,,,,,,,,81.6,2,81.8,150,,,,,,,,,,,,,,,,
2026-07-01T08:01:32.943068+00:00,2026-07-01T08:01:32.942259,2,2,81.45,0.3,81.3,142,81.2,100,,,,,,,,,,,,,,,,,81.6,2,81.8,150,,,,,,,,,,,,,,,,
2026-07-01T08:01:32.963880+00:00,2026-07-01T08:01:32.954491,2,3,81.45,0.3,81.3,142,81.2,100,,,,,,,,,,,,,,,,,81.6,2,81.7,100,81.8,150,,,,,,,,,,,,,,
2026-07-01T08:01:33.015686+00:00,2026-07-01T08:01:33.015249,2,3,81.45,0.3,81.3,145,81.2,100,,,,,,,,,,,,,,,,,81.6,12,81.7,100,81.8,150,,,,,,,,,,,,,,
2026-07-01T08:01:33.529184+00:00,2026-07-01T08:01:33.523326,2,3,81.45,0.3,81.3,145,81.2,100,,,,,,,,,,,,,,,,,81.6,12,81.7,100,81.8,150,,,,,,,,,,,,,,
2026-07-01T08:01:33.724855+00:00,2026-07-01T08:01:33.722663,2,3,81.45,0.3,81.3,141,81.2,100,,,,,,,,,,,,,,,,,81.6,12,81.7,100,81.8,150,,,,,,,,,,,,,,
2026-07-01T08:01:34.037740+00:00,2026-07-01T08:01:34.034205,2,2,81.45,0.3,81.3,3,81.2,100,,,,,,,,,,,,,,,,,81.6,2,81.7,100,,,,,,,,,,,,,,,,
2026-07-01T08:01:34.089594+00:00,2026-07-01T08:01:34.085261,3,2,81.45,0.3,81.3,3,81.2,100,81.1,150,,,,,,,,,,,,,,,81.6,2,81.7,100,,,,,,,,,,,,,,,,
2026-07-01T08:01:34.100042+00:00,2026-07-01T08:01:34.099682,3,2,81.45,0.3,81.3,3,81.2,100,81.1,150,,,,,,,,,,,,,,,81.6,12,81.7,100,,,,,,,,,,,,,,,,
2026-07-01T08:01:34.141601+00:00,2026-07-01T08:01:34.137538,3,2,81.45,0.3,81.3,3,81.2,100,81.1,150,,,,,,,,,,,,,,,81.6,162,81.7,100,,,,,,,,,,,,,,,,
2026-07-01T08:01:34.606869+00:00,2026-07-01T08:01:34.604034,3,2,81.45,0.3,81.3,3,81.2,100,81.1,150,,,,,,,,,,,,,,,81.6,152,81.7,100,,,,,,,,,,,,,,,,
2026-07-01T08:01:34.617294+00:00,2026-07-01T08:01:34.607643,3,2,81.45,0.3,81.3,3,81.2,100,81.1,150,,,,,,,,,,,,,,,81.6,162,81.7,100,,,,,,,,,,,,,,,,
2026-07-01T08:01:35.115340+00:00,2026-07-01T08:01:35.111815,3,2,81.45,0.3,81.3,3,81.2,100,81.1,150,,,,,,,,,,,,,,,81.6,152,81.7,100,,,,,,,,,,,,,,,,
2026-07-01T08:01:35.125724+00:00,2026-07-01T08:01:35.115954,3,2,81.45,0.3,81.3,3,81.2,100,81.1,150,,,,,,,,,,,,,,,81.6,151,81.7,100,,,,,,,,,,,,,,,,
2026-07-01T08:01:35.136206+00:00,2026-07-01T08:01:35.131263,3,2,81.45,0.3,81.3,3,81.2,100,81.1,150,,,,,,,,,,,,,,,81.6,161,81.7,100,,,,,,,,,,,,,,,,
2026-07-01T08:01:35.372772+00:00,2026-07-01T08:01:35.367407,2,2,81.4,0.4,81.2,53,81.1,150,,,,,,,,,,,,,,,,,81.6,161,81.7,100,,,,,,,,,,,,,,,,
2026-07-01T08:01:35.507547+00:00,2026-07-01T08:01:35.503935,2,2,81.4,0.4,81.2,53,81.1,150,,,,,,,,,,,,,,,,,81.6,119,81.7,100,,,,,,,,,,,,,,,,
2026-07-01T08:01:35.642091+00:00,2026-07-01T08:01:35.636548,2,2,81.4,0.4,81.2,53,81.1,150,,,,,,,,,,,,,,,,,81.6,109,81.7,100,,,,,,,,,,,,,,,,
2026-07-01T08:01:36.014972+00:00,2026-07-01T08:01:36.013728,2,1,81.4,0.4,81.2,53,81.1,150,,,,,,,,,,,,,,,,,81.6,109,,,,,,,,,,,,,,,,,,
2026-07-01T08:01:36.025465+00:00,2026-07-01T08:01:36.015713,1,1,81.35,0.5,81.1,150,,,,,,,,,,,,,,,,,,,81.6,109,,,,,,,,,,,,,,,,,,
2026-07-01T08:01:36.077531+00:00,2026-07-01T08:01:36.073665,2,1,81.35,0.5,81.1,150,80.8,100,,,,,,,,,,,,,,,,,81.6,109,,,,,,,,,,,,,,,,,,
2026-07-01T08:01:36.119479+00:00,2026-07-01T08:01:36.114244,2,1,81.35,0.5,81.1,110,80.8,100,,,,,,,,,,,,,,,,,81.6,109,,,,,,,,,,,,,,,,,,
2026-07-01T08:01:36.140666+00:00,2026-07-01T08:01:36.130162,2,2,81.2,0.2,81.1,110,80.8,100,,,,,,,,,,,,,,,,,81.3,96,81.6,109,,,,,,,,,,,,,,,,
2026-07-01T08:01:36.151190+00:00,2026-07-01T08:01:36.142981,2,2,81.2,0.2,81.1,110,80.8,100,,,,,,,,,,,,,,,,,81.3,106,81.6,109,,,,,,,,,,,,,,,,
2026-07-01T08:01:36.264845+00:00,2026-07-01T08:01:36.261441,2,2,81.2,0.2,81.1,110,80.8,100,,,,,,,,,,,,,,,,,81.3,101,81.6,109,,,,,,,,,,,,,,,,
2026-07-01T08:01:36.669522+00:00,2026-07-01T08:01:36.662213,2,2,81.2,0.2,81.1,110,80.8,100,,,,,,,,,,,,,,,,,81.3,101,81.6,109,,,,,,,,,,,,,,,,
2026-07-01T08:01:37.144745+00:00,2026-07-01T08:01:37.144610,2,2,81.2,0.2,81.1,85,80.8,100,,,,,,,,,,,,,,,,,81.3,101,81.6,109,,,,,,,,,,,,,,,,
2026-07-01T08:01:37.165327+00:00,2026-07-01T08:01:37.163358,2,2,81.2,0.2,81.1,85,80.8,100,,,,,,,,,,,,,,,,,81.3,101,81.6,109,,,,,,,,,,,,,,,,
2026-07-01T08:01:37.196253+00:00,2026-07-01T08:01:37.194579,1,1,81.05,0.5,80.8,100,,,,,,,,,,,,,,,,,,,81.3,101,,,,,,,,,,,,,,,,,,
2026-07-01T08:01:37.258102+00:00,2026-07-01T08:01:37.256321,2,1,81.1,0.4,80.9,150,80.8,100,,,,,,,,,,,,,,,,,81.3,101,,,,,,,,,,,,,,,,,,
2026-07-01T08:01:37.278974+00:00,2026-07-01T08:01:37.270773,2,1,81.1,0.4,80.9,150,80.8,100,,,,,,,,,,,,,,,,,81.3,97,,,,,,,,,,,,,,,,,,
2026-07-01T08:01:37.319944+00:00,2026-07-01T08:01:37.317244,2,2,81.1,0.4,80.9,150,80.8,100,,,,,,,,,,,,,,,,,81.3,97,81.4,150,,,,,,,,,,,,,,,,
2026-07-01T08:01:37.484638+00:00,2026-07-01T08:01:37.479785,2,2,81.1,0.4,80.9,100,80.8,100,,,,,,,,,,,,,,,,,81.3,97,81.4,150,,,,,,,,,,,,,,,,
2026-07-01T08:01:37.671566+00:00,2026-07-01T08:01:37.667324,2,2,81.1,0.4,80.9,100,80.8,100,,,,,,,,,,,,,,,,,81.3,87,81.4,150,,,,,,,,,,,,,,,,
2026-07-01T08:01:39.186292+00:00,2026-07-01T08:01:39.185617,1,1,81.15,0.5,80.9,100,,,,,,,,,,,,,,,,,,,81.4,150,,,,,,,,,,,,,,,,,,
2026-07-01T08:01:39.248063+00:00,2026-07-01T08:01:39.238864,1,1,81.15,0.5,80.9,200,,,,,,,,,,,,,,,,,,,81.4,150,,,,,,,,,,,,,,,,,,
2026-07-01T08:01:39.299449+00:00,2026-07-01T08:01:39.292021,1,1,81.15,0.5,80.9,200,,,,,,,,,,,,,,,,,,,81.4,250,,,,,,,,,,,,,,,,,,
2026-07-01T08:01:39.589417+00:00,2026-07-01T08:01:39.588476,1,1,81.15,0.5,80.9,150,,,,,,,,,,,,,,,,,,,81.4,250,,,,,,,,,,,,,,,,,,
2026-07-01T08:01:40.334615+00:00,2026-07-01T08:01:40.327378,1,2,81.15,0.5,80.9,150,,,,,,,,,,,,,,,,,,,81.4,250,81.5,4,,,,,,,,,,,,,,,,
2026-07-01T08:01:40.375718+00:00,2026-07-01T08:01:40.372777,1,2,81.15,0.5,80.9,100,,,,,,,,,,,,,,,,,,,81.4,100,81.5,4,,,,,,,,,,,,,,,,
2026-07-01T08:01:40.427323+00:00,2026-07-01T08:01:40.426195,2,2,81.15,0.5,80.9,100,80.8,150,,,,,,,,,,,,,,,,,81.4,100,81.5,4,,,,,,,,,,,,,,,,
2026-07-01T08:01:40.503496+00:00,2026-07-01T08:01:40.500689,2,3,81.1,0.4,80.9,100,80.8,150,,,,,,,,,,,,,,,,,81.3,146,81.4,100,81.5,4,,,,,,,,,,,,,,
2026-07-01T08:01:41.010127+00:00,2026-07-01T08:01:41.006588,2,3,81.1,0.4,80.9,100,80.8,150,,,,,,,,,,,,,,,,,81.3,146,81.4,100,81.5,3,,,,,,,,,,,,,,
2026-07-01T08:01:41.475408+00:00,2026-07-01T08:01:41.467796,2,3,81.1,0.4,80.9,100,80.8,150,,,,,,,,,,,,,,,,,81.3,97,81.4,100,81.5,3,,,,,,,,,,,,,,
2026-07-01T08:01:41.702630+00:00,2026-07-01T08:01:41.696430,2,3,81.1,0.4,80.9,50,80.8,150,,,,,,,,,,,,,,,,,81.3,97,81.4,100,81.5,3,,,,,,,,,,,,,,
2026-07-01T08:01:41.950667+00:00,2026-07-01T08:01:41.946652,2,3,81.1,0.4,80.9,50,80.8,150,,,,,,,,,,,,,,,,,81.3,97,81.4,100,81.5,2,,,,,,,,,,,,,,
2026-07-01T08:01:42.033644+00:00,2026-07-01T08:01:42.027910,2,3,81.1,0.4,80.9,50,80.8,150,,,,,,,,,,,,,,,,,81.3,52,81.4,100,81.5,2,,,,,,,,,,,,,,
2026-07-01T08:01:42.096101+00:00,2026-07-01T08:01:42.089982,2,3,81.1,0.4,80.9,4,80.8,150,,,,,,,,,,,,,,,,,81.3,52,81.4,100,81.5,2,,,,,,,,,,,,,,
2026-07-01T08:01:42.353934+00:00,2026-07-01T08:01:42.350228,1,2,81.05,0.5,80.8,150,,,,,,,,,,,,,,,,,,,81.3,52,81.5,2,,,,,,,,,,,,,,,,
2026-07-01T08:01:42.406055+00:00,2026-07-01T08:01:42.403449,2,2,81.05,0.5,80.8,150,80.7,100,,,,,,,,,,,,,,,,,81.3,52,81.5,2,,,,,,,,,,,,,,,,
2026-07-01T08:01:42.468688+00:00,2026-07-01T08:01:42.467688,2,3,81.0,0.4,80.8,150,80.7,100,,,,,,,,,,,,,,,,,81.2,89,81.3,52,81.5,2,,,,,,,,,,,,,,
2026-07-01T08:01:43.157153+00:00,2026-07-01T08:01:43.147474,2,3,81.0,0.4,80.8,150,80.7,100,,,,,,,,,,,,,,,,,81.2,89,81.3,52,81.5,1,,,,,,,,,,,,,,
2026-07-01T08:01:43.167575+00:00,2026-07-01T08:01:43.158632,3,3,81.15,0.1,81.1,4,80.8,150,80.7,100,,,,,,,,,,,,,,,81.2,89,81.3,52,81.5,1,,,,,,,,,,,,,,
2026-07-01T08:01:43.540300+00:00,2026-07-01T08:01:43.533824,2,2,81.15,0.1,81.1,4,80.7,100,,,,,,,,,,,,,,,,,81.2,89,81.5,1,,,,,,,,,,,,,,,,
2026-07-01T08:01:43.591997+00:00,2026-07-01T08:01:43.586321,2,2,81.15,0.1,81.1,154,80.7,100,,,,,,,,,,,,,,,,,81.2,89,81.5,1,,,,,,,,,,,,,,,,
2026-07-01T08:01:43.622944+00:00,2026-07-01T08:01:43.621705,2,2,81.15,0.1,81.1,113,80.7,100,,,,,,,,,,,,,,,,,81.2,89,81.5,1,,,,,,,,,,,,,,,,
2026-07-01T08:01:43.643608+00:00,2026-07-01T08:01:43.640194,2,3,81.15,0.1,81.1,113,80.7,100,,,,,,,,,,,,,,,,,81.2,89,81.5,1,81.6,150,,,,,,,,,,,,,,
2026-07-01T08:01:43.808752+00:00,2026-07-01T08:01:43.806518,2,3,81.15,0.1,81.1,63,80.7,100,,,,,,,,,,,,,,,,,81.2,89,81.5,1,81.6,150,,,,,,,,,,,,,,
2026-07-01T08:01:43.932133+00:00,2026-07-01T08:01:43.922078,2,3,81.15,0.1,81.1,66,80.7,100,,,,,,,,,,,,,,,,,81.2,89,81.5,1,81.6,150,,,,,,,,,,,,,,
2026-07-01T08:01:45.166814+00:00,2026-07-01T08:01:45.165666,2,3,81.15,0.1,81.1,65,80.7,100,,,,,,,,,,,,,,,,,81.2,89,81.5,1,81.6,150,,,,,,,,,,,,,,
2026-07-01T08:01:45.516954+00:00,2026-07-01T08:01:45.512489,1,2,81.3,0.4,81.1,65,,,,,,,,,,,,,,,,,,,81.5,1,81.6,150,,,,,,,,,,,,,,,,
2026-07-01T08:01:45.568469+00:00,2026-07-01T08:01:45.566464,2,2,81.3,0.4,81.1,65,80.8,100,,,,,,,,,,,,,,,,,81.5,1,81.6,150,,,,,,,,,,,,,,,,
2026-07-01T08:01:45.620841+00:00,2026-07-01T08:01:45.620697,2,3,81.2,0.2,81.1,65,80.8,100,,,,,,,,,,,,,,,,,81.3,100,81.5,1,81.6,150,,,,,,,,,,,,,,
2026-07-01T08:01:45.920248+00:00,2026-07-01T08:01:45.913084,2,3,81.2,0.2,81.1,15,80.8,100,,,,,,,,,,,,,,,,,81.3,100,81.5,1,81.6,150,,,,,,,,,,,,,,
2026-07-01T08:01:46.695036+00:00,2026-07-01T08:01:46.694679,2,2,81.2,0.2,81.1,15,80.8,100,,,,,,,,,,,,,,,,,81.3,100,81.5,1,,,,,,,,,,,,,,,,
2026-07-01T08:01:46.705431+00:00,2026-07-01T08:01:46.696241,2,2,81.2,0.2,81.1,2,80.8,100,,,,,,,,,,,,,,,,,81.3,100,81.5,1,,,,,,,,,,,,,,,,
2026-07-01T08:01:46.756836+00:00,2026-07-01T08:01:46.750148,3,2,81.2,0.2,81.1,2,80.8,100,80.7,150,,,,,,,,,,,,,,,81.3,100,81.5,1,,,,,,,,,,,,,,,,
2026-07-01T08:01:46.808549+00:00,2026-07-01T08:01:46.803123,3,3,81.15,0.1,81.1,2,80.8,100,80.7,150,,,,,,,,,,,,,,,81.2,150,81.3,100,81.5,1,,,,,,,,,,,,,,
2026-07-01T08:01:47.374451+00:00,2026-07-01T08:01:47.373353,3,3,81.15,0.1,81.1,2,80.8,100,80.7,150,,,,,,,,,,,,,,,81.2,147,81.3,100,81.5,1,,,,,,,,,,,,,,
2026-07-01T08:01:47.384945+00:00,2026-07-01T08:01:47.383768,2,3,81.0,0.4,80.8,100,80.7,150,,,,,,,,,,,,,,,,,81.2,147,81.3,100,81.5,1,,,,,,,,,,,,,,
2026-07-01T08:01:47.395267+00:00,2026-07-01T08:01:47.385470,2,2,81.0,0.4,80.8,100,80.7,150,,,,,,,,,,,,,,,,,81.2,147,81.3,100,,,,,,,,,,,,,,,,
2026-07-01T08:01:47.539487+00:00,2026-07-01T08:01:47.529634,2,2,81.0,0.4,80.8,100,80.7,150,,,,,,,,,,,,,,,,,81.2,147,81.3,104,,,,,,,,,,,,,,,,
2026-07-01T08:01:47.652096+00:00,2026-07-01T08:01:47.646639,3,2,81.1,0.2,81.0,2,80.8,100,80.7,150,,,,,,,,,,,,,,,81.2,147,81.3,104,,,,,,,,,,,,,,,,
2026-07-01T08:01:47.744325+00:00,2026-07-01T08:01:47.743416,3,2,81.1,0.2,81.0,12,80.8,100,80.7,150,,,,,,,,,,,,,,,81.2,147,81.3,104,,,,,,,,,,,,,,,,
2026-07-01T08:01:48.031841+00:00,2026-07-01T08:01:48.023132,2,2,81.0,0.4,80.8,62,80.7,150,,,,,,,,,,,,,,,,,81.2,147,81.3,104,,,,,,,,,,,,,,,,
2026-07-01T08:01:48.258920+00:00,2026-07-01T08:01:48.257527,3,2,81.05,0.3,80.9,10,80.8,62,80.7,150,,,,,,,,,,,,,,,81.2,147,81.3,104,,,,,,,,,,,,,,,,
2026-07-01T08:01:48.536663+00:00,2026-07-01T08:01:48.527802,3,2,81.05,0.3,80.9,10,80.8,62,80.7,150,,,,,,,,,,,,,,,81.2,98,81.3,104,,,,,,,,,,,,,,,,
2026-07-01T08:01:48.680961+00:00,2026-07-01T08:01:48.675852,2,2,81.05,0.3,80.9,10,80.7,150,,,,,,,,,,,,,,,,,81.2,98,81.3,4,,,,,,,,,,,,,,,,
2026-07-01T08:01:48.712119+00:00,2026-07-01T08:01:48.704506,2,2,81.05,0.3,80.9,10,80.7,150,,,,,,,,,,,,,,,,,81.2,98,81.3,3,,,,,,,,,,,,,,,,
2026-07-01T08:01:48.763689+00:00,2026-07-01T08:01:48.757519,3,2,81.05,0.3,80.9,10,80.8,100,80.7,150,,,,,,,,,,,,,,,81.2,98,81.3,3,,,,,,,,,,,,,,,,
2026-07-01T08:01:48.774043+00:00,2026-07-01T08:01:48.771299,2,2,81.0,0.4,80.8,100,80.7,150,,,,,,,,,,,,,,,,,81.2,98,81.3,3,,,,,,,,,,,,,,,,
2026-07-01T08:01:48.784401+00:00,2026-07-01T08:01:48.780308,3,2,81.05,0.3,80.9,10,80.8,100,80.7,150,,,,,,,,,,,,,,,81.2,98,81.3,3,,,,,,,,,,,,,,,,
2026-07-01T08:01:48.817612+00:00,2026-07-01T08:01:48.809816,3,2,81.05,0.3,80.9,10,80.8,100,80.7,150,,,,,,,,,,,,,,,81.2,98,81.3,103,,,,,,,,,,,,,,,,
2026-07-01T08:01:49.188271+00:00,2026-07-01T08:01:49.178587,3,2,81.05,0.3,80.9,10,80.8,100,80.7,150,,,,,,,,,,,,,,,81.2,98,81.3,102,,,,,,,,,,,,,,,,
2026-07-01T08:01:49.291440+00:00,2026-07-01T08:01:49.284355,2,2,81.0,0.4,80.8,100,80.7,150,,,,,,,,,,,,,,,,,81.2,98,81.3,102,,,,,,,,,,,,,,,,
2026-07-01T08:01:49.866934+00:00,2026-07-01T08:01:49.859510,1,1,81.05,0.5,80.8,100,,,,,,,,,,,,,,,,,,,81.3,102,,,,,,,,,,,,,,,,,,
2026-07-01T08:01:49.887443+00:00,2026-07-01T08:01:49.886262,1,1,81.05,0.5,80.8,100,,,,,,,,,,,,,,,,,,,81.3,101,,,,,,,,,,,,,,,,,,
2026-07-01T08:01:49.918204+00:00,2026-07-01T08:01:49.913112,1,1,81.05,0.5,80.8,250,,,,,,,,,,,,,,,,,,,81.3,101,,,,,,,,,,,,,,,,,,
2026-07-01T08:01:49.980499+00:00,2026-07-01T08:01:49.970732,1,1,81.05,0.5,80.8,250,,,,,,,,,,,,,,,,,,,81.3,251,,,,,,,,,,,,,,,,,,
2026-07-01T08:01:50.134586+00:00,2026-07-01T08:01:50.130216,1,1,81.05,0.5,80.8,200,,,,,,,,,,,,,,,,,,,81.3,251,,,,,,,,,,,,,,,,,,
2026-07-01T08:01:51.089117+00:00,2026-07-01T08:01:51.087199,1,1,81.05,0.5,80.8,156,,,,,,,,,,,,,,,,,,,81.3,251,,,,,,,,,,,,,,,,,,
2026-07-01T08:01:51.574268+00:00,2026-07-01T08:01:51.565815,1,1,81.05,0.5,80.8,156,,,,,,,,,,,,,,,,,,,81.3,210,,,,,,,,,,,,,,,,,,
2026-07-01T08:01:51.873528+00:00,2026-07-01T08:01:51.865907,1,1,81.05,0.5,80.8,150,,,,,,,,,,,,,,,,,,,81.3,150,,,,,,,,,,,,,,,,,,
2026-07-01T08:01:51.925074+00:00,2026-07-01T08:01:51.919856,2,1,81.05,0.5,80.8,150,80.5,100,,,,,,,,,,,,,,,,,81.3,150,,,,,,,,,,,,,,,,,,
2026-07-01T08:01:51.976956+00:00,2026-07-01T08:01:51.973149,2,2,80.9,0.2,80.8,150,80.5,100,,,,,,,,,,,,,,,,,81.0,100,81.3,150,,,,,,,,,,,,,,,,
2026-07-01T08:01:52.090306+00:00,2026-07-01T08:01:52.089292,2,1,81.05,0.5,80.8,150,80.5,100,,,,,,,,,,,,,,,,,81.3,150,,,,,,,,,,,,,,,,,,
2026-07-01T08:01:52.245007+00:00,2026-07-01T08:01:52.236470,2,1,81.05,0.5,80.8,100,80.5,100,,,,,,,,,,,,,,,,,81.3,150,,,,,,,,,,,,,,,,,,
2026-07-01T08:01:53.029325+00:00,2026-07-01T08:01:53.025374,1,0,,,80.5,100,,,,,,,,,,,,,,,,,,,,,,,,,,,,,,,,,,,,,,
2026-07-01T08:01:53.080544+00:00,2026-07-01T08:01:53.077995,2,0,,,80.5,100,80.4,150,,,,,,,,,,,,,,,,,,,,,,,,,,,,,,,,,,,,
2026-07-01T08:01:53.131738+00:00,2026-07-01T08:01:53.130295,2,1,80.7,0.4,80.5,100,80.4,150,,,,,,,,,,,,,,,,,80.9,150,,,,,,,,,,,,,,,,,,
2026-07-01T08:01:53.327392+00:00,2026-07-01T08:01:53.322149,3,1,80.75,0.3,80.6,10,80.5,100,80.4,150,,,,,,,,,,,,,,,80.9,150,,,,,,,,,,,,,,,,,,
2026-07-01T08:01:53.522823+00:00,2026-07-01T08:01:53.522745,3,1,80.75,0.3,80.6,10,80.5,100,80.4,150,,,,,,,,,,,,,,,80.9,109,,,,,,,,,,,,,,,,,,
2026-07-01T08:01:53.595551+00:00,2026-07-01T08:01:53.589826,3,2,80.75,0.3,80.6,10,80.5,100,80.4,150,,,,,,,,,,,,,,,80.9,109,81.2,4,,,,,,,,,,,,,,,,
2026-07-01T08:01:53.832661+00:00,2026-07-01T08:01:53.831721,3,2,80.75,0.3,80.6,10,80.5,100,80.4,150,,,,,,,,,,,,,,,80.9,109,81.2,4,,,,,,,,,,,,,,,,
2026-07-01T08:01:53.853320+00:00,2026-07-01T08:01:53.845984,3,2,80.75,0.3,80.6,10,80.5,100,80.4,150,,,,,,,,,,,,,,,80.9,108,81.2,4,,,,,,,,,,,,,,,,
2026-07-01T08:01:53.997797+00:00,2026-07-01T08:01:53.987915,3,2,80.75,0.3,80.6,10,80.5,100,80.4,150,,,,,,,,,,,,,,,80.9,107,81.2,4,,,,,,,,,,,,,,,,
2026-07-01T08:01:54.018460+00:00,2026-07-01T08:01:54.014005,3,2,80.75,0.3,80.6,10,80.5,100,80.4,150,,,,,,,,,,,,,,,80.9,106,81.2,4,,,,,,,,,,,,,,,,
2026-07-01T08:01:54.070357+00:00,2026-07-01T08:01:54.062088,2,2,80.7,0.4,80.5,68,80.4,150,,,,,,,,,,,,,,,,,80.9,106,81.2,4,,,,,,,,,,,,,,,,
2026-07-01T08:01:54.131978+00:00,2026-07-01T08:01:54.127784,2,2,80.7,0.4,80.5,68,80.4,150,,,,,,,,,,,,,,,,,80.9,105,81.2,4,,,,,,,,,,,,,,,,
2026-07-01T08:01:54.194767+00:00,2026-07-01T08:01:54.187656,2,2,80.7,0.4,80.5,68,80.4,150,,,,,,,,,,,,,,,,,80.9,104,81.2,4,,,,,,,,,,,,,,,,
2026-07-01T08:01:54.350262+00:00,2026-07-01T08:01:54.343425,2,2,80.7,0.4,80.5,18,80.4,150,,,,,,,,,,,,,,,,,80.9,104,81.2,4,,,,,,,,,,,,,,,,
2026-07-01T08:01:55.029838+00:00,2026-07-01T08:01:55.027078,1,2,80.65,0.5,80.4,150,,,,,,,,,,,,,,,,,,,80.9,104,81.2,4,,,,,,,,,,,,,,,,
2026-07-01T08:01:55.081681+00:00,2026-07-01T08:01:55.079499,1,2,80.65,0.5,80.4,250,,,,,,,,,,,,,,,,,,,80.9,104,81.2,4,,,,,,,,,,,,,,,,
2026-07-01T08:01:55.133501+00:00,2026-07-01T08:01:55.131811,1,2,80.65,0.5,80.4,250,,,,,,,,,,,,,,,,,,,80.9,204,81.2,4,,,,,,,,,,,,,,,,
2026-07-01T08:01:55.289553+00:00,2026-07-01T08:01:55.282060,1,2,80.65,0.5,80.4,250,,,,,,,,,,,,,,,,,,,80.9,158,81.2,4,,,,,,,,,,,,,,,,
2026-07-01T08:01:55.362371+00:00,2026-07-01T08:01:55.353534,2,2,80.7,0.4,80.5,10,80.4,250,,,,,,,,,,,,,,,,,80.9,158,81.2,4,,,,,,,,,,,,,,,,
2026-07-01T08:01:55.445512+00:00,2026-07-01T08:01:55.440085,2,2,80.7,0.4,80.5,10,80.4,250,,,,,,,,,,,,,,,,,80.9,58,81.2,4,,,,,,,,,,,,,,,,
2026-07-01T08:01:55.858313+00:00,2026-07-01T08:01:55.857564,1,2,80.65,0.5,80.4,250,,,,,,,,,,,,,,,,,,,80.9,58,81.2,4,,,,,,,,,,,,,,,,
2026-07-01T08:01:55.868699+00:00,2026-07-01T08:01:55.860945,2,2,80.7,0.4,80.5,10,80.4,250,,,,,,,,,,,,,,,,,80.9,58,81.2,4,,,,,,,,,,,,,,,,
2026-07-01T08:01:56.156988+00:00,2026-07-01T08:01:56.148024,2,2,80.7,0.4,80.5,10,80.4,250,,,,,,,,,,,,,,,,,80.9,58,81.2,3,,,,,,,,,,,,,,,,
2026-07-01T08:01:56.187825+00:00,2026-07-01T08:01:56.184096,2,2,80.7,0.4,80.5,10,80.4,100,,,,,,,,,,,,,,,,,80.9,58,81.2,3,,,,,,,,,,,,,,,,
2026-07-01T08:01:56.239051+00:00,2026-07-01T08:01:56.238285,3,1,81.15,0.1,81.1,92,80.5,10,80.4,100,,,,,,,,,,,,,,,81.2,3,,,,,,,,,,,,,,,,,,
2026-07-01T08:01:56.249368+00:00,2026-07-01T08:01:56.242276,3,1,81.15,0.1,81.1,92,80.5,10,80.4,100,,,,,,,,,,,,,,,81.2,2,,,,,,,,,,,,,,,,,,
2026-07-01T08:01:56.290719+00:00,2026-07-01T08:01:56.290399,3,2,81.15,0.1,81.1,92,80.5,10,80.4,100,,,,,,,,,,,,,,,81.2,2,81.6,150,,,,,,,,,,,,,,,,
2026-07-01T08:01:56.373244+00:00,2026-07-01T08:01:56.368099,2,2,81.15,0.1,81.1,92,80.4,100,,,,,,,,,,,,,,,,,81.2,12,81.6,150,,,,,,,,,,,,,,,,
2026-07-01T08:01:56.455820+00:00,2026-07-01T08:01:56.450875,2,2,81.15,0.1,81.1,42,80.4,100,,,,,,,,,,,,,,,,,81.2,12,81.6,150,,,,,,,,,,,,,,,,
2026-07-01T08:01:56.476592+00:00,2026-07-01T08:01:56.476280,2,2,81.15,0.1,81.1,42,80.4,100,,,,,,,,,,,,,,,,,81.2,11,81.6,150,,,,,,,,,,,,,,,,
2026-07-01T08:01:56.877773+00:00,2026-07-01T08:01:56.871911,2,2,81.15,0.1,81.1,42,80.4,100,,,,,,,,,,,,,,,,,81.2,1,81.6,150,,,,,,,,,,,,,,,,
2026-07-01T08:01:56.888132+00:00,2026-07-01T08:01:56.878225,2,2,81.15,0.1,81.1,42,80.4,100,,,,,,,,,,,,,,,,,81.2,11,81.6,150,,,,,,,,,,,,,,,,
2026-07-01T08:01:56.970646+00:00,2026-07-01T08:01:56.967172,2,2,81.15,0.1,81.1,42,80.4,100,,,,,,,,,,,,,,,,,81.2,10,81.6,150,,,,,,,,,,,,,,,,
2026-07-01T08:01:57.249043+00:00,2026-07-01T08:01:57.247795,3,2,81.15,0.1,81.1,42,80.8,5,80.4,100,,,,,,,,,,,,,,,81.2,10,81.6,150,,,,,,,,,,,,,,,,
2026-07-01T08:01:57.352915+00:00,2026-07-01T08:01:57.350997,3,2,81.15,0.1,81.1,1,80.8,5,80.4,100,,,,,,,,,,,,,,,81.2,10,81.6,150,,,,,,,,,,,,,,,,
2026-07-01T08:01:57.383980+00:00,2026-07-01T08:01:57.382397,3,1,81.35,0.5,81.1,1,80.8,5,80.4,100,,,,,,,,,,,,,,,81.6,150,,,,,,,,,,,,,,,,,,
2026-07-01T08:01:57.394325+00:00,2026-07-01T08:01:57.385537,3,2,81.3,0.4,81.1,1,80.8,5,80.4,100,,,,,,,,,,,,,,,81.5,10,81.6,150,,,,,,,,,,,,,,,,
2026-07-01T08:01:57.891334+00:00,2026-07-01T08:01:57.889404,3,1,81.35,0.5,81.1,1,80.8,5,80.4,100,,,,,,,,,,,,,,,81.6,150,,,,,,,,,,,,,,,,,,
2026-07-01T08:01:57.901694+00:00,2026-07-01T08:01:57.892326,3,2,81.3,0.4,81.1,1,80.8,5,80.4,100,,,,,,,,,,,,,,,81.5,10,81.6,150,,,,,,,,,,,,,,,,
2026-07-01T08:01:58.189315+00:00,2026-07-01T08:01:58.185871,2,2,81.3,0.4,81.1,1,80.8,5,,,,,,,,,,,,,,,,,81.5,10,81.6,150,,,,,,,,,,,,,,,,
2026-07-01T08:01:58.240512+00:00,2026-07-01T08:01:58.239443,2,2,81.3,0.4,81.1,1,80.8,105,,,,,,,,,,,,,,,,,81.5,10,81.6,150,,,,,,,,,,,,,,,,
2026-07-01T08:01:58.302170+00:00,2026-07-01T08:01:58.292601,2,3,81.2,0.2,81.1,1,80.8,105,,,,,,,,,,,,,,,,,81.3,100,81.5,10,81.6,150,,,,,,,,,,,,,,
2026-07-01T08:01:58.405600+00:00,2026-07-01T08:01:58.398901,2,2,81.2,0.2,81.1,1,80.8,105,,,,,,,,,,,,,,,,,81.3,110,81.6,150,,,,,,,,,,,,,,,,
2026-07-01T08:01:58.570282+00:00,2026-07-01T08:01:58.560250,1,2,81.05,0.5,80.8,56,,,,,,,,,,,,,,,,,,,81.3,110,81.6,150,,,,,,,,,,,,,,,,
2026-07-01T08:01:58.703656+00:00,2026-07-01T08:01:58.701906,1,2,81.05,0.5,80.8,61,,,,,,,,,,,,,,,,,,,81.3,110,81.6,150,,,,,,,,,,,,,,,,
2026-07-01T08:01:58.912509+00:00,2026-07-01T08:01:58.904730,1,2,81.05,0.5,80.8,61,,,,,,,,,,,,,,,,,,,81.3,100,81.6,150,,,,,,,,,,,,,,,,
2026-07-01T08:01:59.047041+00:00,2026-07-01T08:01:59.039151,1,2,81.05,0.5,80.8,61,,,,,,,,,,,,,,,,,,,81.3,55,81.6,150,,,,,,,,,,,,,,,,
2026-07-01T08:01:59.223117+00:00,2026-07-01T08:01:59.215496,1,2,81.05,0.5,80.8,60,,,,,,,,,,,,,,,,,,,81.3,55,81.6,150,,,,,,,,,,,,,,,,
2026-07-01T08:01:59.347826+00:00,2026-07-01T08:01:59.343874,1,1,81.05,0.5,80.8,60,,,,,,,,,,,,,,,,,,,81.3,55,,,,,,,,,,,,,,,,,,
2026-07-01T08:01:59.399950+00:00,2026-07-01T08:01:59.397287,2,1,81.05,0.5,80.8,60,80.4,150,,,,,,,,,,,,,,,,,81.3,55,,,,,,,,,,,,,,,,,,
2026-07-01T08:01:59.462282+00:00,2026-07-01T08:01:59.452797,2,2,80.85,0.1,80.8,60,80.4,150,,,,,,,,,,,,,,,,,80.9,150,81.3,55,,,,,,,,,,,,,,,,
2026-07-01T08:01:59.565300+00:00,2026-07-01T08:01:59.561837,2,2,80.85,0.1,80.8,58,80.4,150,,,,,,,,,,,,,,,,,80.9,150,81.3,55,,,,,,,,,,,,,,,,
2026-07-01T08:01:59.648490+00:00,2026-07-01T08:01:59.643251,2,2,80.85,0.1,80.8,58,80.4,150,,,,,,,,,,,,,,,,,80.9,103,81.3,55,,,,,,,,,,,,,,,,
2026-07-01T08:02:00.353280+00:00,2026-07-01T08:02:00.348444,2,2,80.85,0.1,80.8,57,80.4,150,,,,,,,,,,,,,,,,,80.9,103,81.3,55,,,,,,,,,,,,,,,,
2026-07-01T08:02:00.488262+00:00,2026-07-01T08:02:00.484849,2,1,81.05,0.5,80.8,57,80.4,150,,,,,,,,,,,,,,,,,81.3,55,,,,,,,,,,,,,,,,,,
2026-07-01T08:02:00.673648+00:00,2026-07-01T08:02:00.667941,2,1,81.05,0.5,80.8,7,80.4,150,,,,,,,,,,,,,,,,,81.3,55,,,,,,,,,,,,,,,,,,
2026-07-01T08:02:00.797262+00:00,2026-07-01T08:02:00.790183,2,1,81.05,0.5,80.8,6,80.4,150,,,,,,,,,,,,,,,,,81.3,55,,,,,,,,,,,,,,,,,,
2026-07-01T08:02:01.181368+00:00,2026-07-01T08:02:01.173136,1,1,80.85,0.9,80.4,107,,,,,,,,,,,,,,,,,,,81.3,55,,,,,,,,,,,,,,,,,,
2026-07-01T08:02:01.348086+00:00,2026-07-01T08:02:01.345640,1,0,,,80.4,107,,,,,,,,,,,,,,,,,,,,,,,,,,,,,,,,,,,,,,
2026-07-01T08:02:01.399966+00:00,2026-07-01T08:02:01.398377,2,0,,,80.7,100,80.4,107,,,,,,,,,,,,,,,,,,,,,,,,,,,,,,,,,,,,
2026-07-01T08:02:01.483372+00:00,2026-07-01T08:02:01.480492,2,1,80.95,0.5,80.7,100,80.4,107,,,,,,,,,,,,,,,,,81.2,100,,,,,,,,,,,,,,,,,,
2026-07-01T08:02:02.516705+00:00,2026-07-01T08:02:02.506873,1,1,80.95,0.5,80.7,100,,,,,,,,,,,,,,,,,,,81.2,100,,,,,,,,,,,,,,,,,,
2026-07-01T08:02:02.568382+00:00,2026-07-01T08:02:02.560095,2,1,81.1,0.2,81.0,150,80.7,100,,,,,,,,,,,,,,,,,81.2,100,,,,,,,,,,,,,,,,,,
2026-07-01T08:02:02.619933+00:00,2026-07-01T08:02:02.613055,2,2,81.1,0.2,81.0,150,80.7,100,,,,,,,,,,,,,,,,,81.2,100,81.5,150,,,,,,,,,,,,,,,,
2026-07-01T08:02:02.785157+00:00,2026-07-01T08:02:02.775350,2,2,81.1,0.2,81.0,100,80.7,100,,,,,,,,,,,,,,,,,81.2,100,81.5,150,,,,,,,,,,,,,,,,
2026-07-01T08:02:03.819797+00:00,2026-07-01T08:02:03.809415,2,3,81.05,0.1,81.0,100,80.7,100,,,,,,,,,,,,,,,,,81.1,4,81.2,100,81.5,150,,,,,,,,,,,,,,
2026-07-01T08:02:04.542236+00:00,2026-07-01T08:02:04.537220,1,2,81.05,0.1,81.0,100,,,,,,,,,,,,,,,,,,,81.1,4,81.5,150,,,,,,,,,,,,,,,,
2026-07-01T08:02:04.593400+00:00,2026-07-01T08:02:04.589933,2,2,81.05,0.1,81.0,100,80.7,100,,,,,,,,,,,,,,,,,81.1,4,81.5,150,,,,,,,,,,,,,,,,
2026-07-01T08:02:04.644640+00:00,2026-07-01T08:02:04.643853,2,3,81.05,0.1,81.0,100,80.7,100,,,,,,,,,,,,,,,,,81.1,4,81.2,100,81.5,150,,,,,,,,,,,,,,
2026-07-01T08:02:04.880959+00:00,2026-07-01T08:02:04.880231,2,3,81.05,0.1,81.0,50,80.7,100,,,,,,,,,,,,,,,,,81.1,4,81.2,100,81.5,150,,,,,,,,,,,,,,
2026-07-01T08:02:04.952668+00:00,2026-07-01T08:02:04.950436,2,3,81.05,0.1,81.0,60,80.7,100,,,,,,,,,,,,,,,,,81.1,4,81.2,100,81.5,150,,,,,,,,,,,,,,
2026-07-01T08:02:05.455755+00:00,2026-07-01T08:02:05.454243,2,3,81.05,0.1,81.0,50,80.7,100,,,,,,,,,,,,,,,,,81.1,4,81.2,100,81.5,150,,,,,,,,,,,,,,
2026-07-01T08:02:05.466028+00:00,2026-07-01T08:02:05.457622,2,3,81.05,0.1,81.0,60,80.7,100,,,,,,,,,,,,,,,,,81.1,4,81.2,100,81.5,150,,,,,,,,,,,,,,
2026-07-01T08:02:05.671364+00:00,2026-07-01T08:02:05.668943,2,2,81.05,0.1,81.0,10,80.7,100,,,,,,,,,,,,,,,,,81.1,4,81.2,100,,,,,,,,,,,,,,,,
2026-07-01T08:02:05.723181+00:00,2026-07-01T08:02:05.722243,2,2,81.05,0.1,81.0,10,80.7,250,,,,,,,,,,,,,,,,,81.1,4,81.2,100,,,,,,,,,,,,,,,,
2026-07-01T08:02:05.774844+00:00,2026-07-01T08:02:05.774697,2,2,81.05,0.1,81.0,10,80.7,250,,,,,,,,,,,,,,,,,81.1,4,81.2,250,,,,,,,,,,,,,,,,
2026-07-01T08:02:05.970595+00:00,2026-07-01T08:02:05.965591,1,2,80.9,0.4,80.7,250,,,,,,,,,,,,,,,,,,,81.1,4,81.2,250,,,,,,,,,,,,,,,,
2026-07-01T08:02:05.980920+00:00,2026-07-01T08:02:05.976501,1,3,80.85,0.3,80.7,250,,,,,,,,,,,,,,,,,,,81.0,10,81.1,4,81.2,250,,,,,,,,,,,,,,
2026-07-01T08:02:06.486721+00:00,2026-07-01T08:02:06.480922,1,2,80.9,0.4,80.7,250,,,,,,,,,,,,,,,,,,,81.1,4,81.2,250,,,,,,,,,,,,,,,,
2026-07-01T08:02:07.698538+00:00,2026-07-01T08:02:07.697918,1,2,80.9,0.4,80.7,250,,,,,,,,,,,,,,,,,,,81.1,4,81.2,150,,,,,,,,,,,,,,,,
2026-07-01T08:02:07.708828+00:00,2026-07-01T08:02:07.699721,1,2,80.9,0.4,80.7,150,,,,,,,,,,,,,,,,,,,81.1,4,81.2,150,,,,,,,,,,,,,,,,
2026-07-01T08:02:07.760151+00:00,2026-07-01T08:02:07.752603,1,2,80.9,0.4,80.7,250,,,,,,,,,,,,,,,,,,,81.1,4,81.2,150,,,,,,,,,,,,,,,,
2026-07-01T08:02:07.811933+00:00,2026-07-01T08:02:07.806181,1,2,80.9,0.4,80.7,250,,,,,,,,,,,,,,,,,,,81.1,4,81.2,250,,,,,,,,,,,,,,,,
2026-07-01T08:02:07.986641+00:00,2026-07-01T08:02:07.981916,1,2,80.9,0.4,80.7,207,,,,,,,,,,,,,,,,,,,81.1,4,81.2,250,,,,,,,,,,,,,,,,
2026-07-01T08:02:08.830266+00:00,2026-07-01T08:02:08.828813,1,2,80.9,0.4,80.7,207,,,,,,,,,,,,,,,,,,,81.1,4,81.2,100,,,,,,,,,,,,,,,,
2026-07-01T08:02:08.840548+00:00,2026-07-01T08:02:08.830874,1,2,80.9,0.4,80.7,100,,,,,,,,,,,,,,,,,,,81.1,4,81.2,100,,,,,,,,,,,,,,,,
2026-07-01T08:02:08.892024+00:00,2026-07-01T08:02:08.883972,2,2,80.9,0.4,80.7,100,80.4,150,,,,,,,,,,,,,,,,,81.1,4,81.2,100,,,,,,,,,,,,,,,,
2026-07-01T08:02:08.943641+00:00,2026-07-01T08:02:08.938370,2,3,80.8,0.2,80.7,100,80.4,150,,,,,,,,,,,,,,,,,80.9,150,81.1,4,81.2,100,,,,,,,,,,,,,,
2026-07-01T08:02:09.005219+00:00,2026-07-01T08:02:09.001428,2,3,80.8,0.2,80.7,110,80.4,150,,,,,,,,,,,,,,,,,80.9,150,81.1,4,81.2,100,,,,,,,,,,,,,,
2026-07-01T08:02:09.046244+00:00,2026-07-01T08:02:09.041013,2,3,80.8,0.2,80.7,110,80.4,150,,,,,,,,,,,,,,,,,80.9,100,81.1,4,81.2,100,,,,,,,,,,,,,,
2026-07-01T08:02:09.477852+00:00,2026-07-01T08:02:09.471442,2,3,80.8,0.2,80.7,110,80.4,150,,,,,,,,,,,,,,,,,80.9,53,81.1,4,81.2,100,,,,,,,,,,,,,,
2026-07-01T08:02:09.508923+00:00,2026-07-01T08:02:09.507711,2,3,80.8,0.2,80.7,100,80.4,150,,,,,,,,,,,,,,,,,80.9,53,81.1,4,81.2,100,,,,,,,,,,,,,,
2026-07-01T08:02:09.519293+00:00,2026-07-01T08:02:09.512365,2,3,80.8,0.2,80.7,110,80.4,150,,,,,,,,,,,,,,,,,80.9,53,81.1,4,81.2,100,,,,,,,,,,,,,,
2026-07-01T08:02:10.023934+00:00,2026-07-01T08:02:10.020212,2,3,80.8,0.2,80.7,110,80.4,150,,,,,,,,,,,,,,,,,80.9,53,81.1,4,81.2,100,,,,,,,,,,,,,,
2026-07-01T08:02:10.423915+00:00,2026-07-01T08:02:10.414410,2,3,80.8,0.2,80.7,110,80.4,150,,,,,,,,,,,,,,,,,80.9,53,81.1,3,81.2,100,,,,,,,,,,,,,,
2026-07-01T08:02:10.547602+00:00,2026-07-01T08:02:10.546017,2,3,80.8,0.2,80.7,100,80.4,150,,,,,,,,,,,,,,,,,80.9,53,81.1,3,81.2,100,,,,,,,,,,,,,,
2026-07-01T08:02:10.557974+00:00,2026-07-01T08:02:10.550067,2,3,80.8,0.2,80.7,110,80.4,150,,,,,,,,,,,,,,,,,80.9,53,81.1,3,81.2,100,,,,,,,,,,,,,,
2026-07-01T08:02:10.609109+00:00,2026-07-01T08:02:10.606185,2,3,80.8,0.2,80.7,110,80.4,150,,,,,,,,,,,,,,,,,80.9,6,81.1,3,81.2,100,,,,,,,,,,,,,,
2026-07-01T08:02:10.865748+00:00,2026-07-01T08:02:10.862936,2,2,80.8,0.2,80.7,10,80.4,150,,,,,,,,,,,,,,,,,80.9,6,81.1,3,,,,,,,,,,,,,,,,
2026-07-01T08:02:10.917184+00:00,2026-07-01T08:02:10.916276,3,2,80.8,0.2,80.7,10,80.6,100,80.4,150,,,,,,,,,,,,,,,80.9,6,81.1,3,,,,,,,,,,,,,,,,
2026-07-01T08:02:10.978827+00:00,2026-07-01T08:02:10.968970,3,2,80.8,0.2,80.7,10,80.6,100,80.4,150,,,,,,,,,,,,,,,80.9,6,81.1,103,,,,,,,,,,,,,,,,
2026-07-01T08:02:11.061269+00:00,2026-07-01T08:02:11.057815,2,2,80.75,0.3,80.6,110,80.4,150,,,,,,,,,,,,,,,,,80.9,6,81.1,103,,,,,,,,,,,,,,,,
2026-07-01T08:02:11.154981+00:00,2026-07-01T08:02:11.153679,2,2,80.75,0.3,80.6,68,80.4,150,,,,,,,,,,,,,,,,,80.9,6,81.1,103,,,,,,,,,,,,,,,,
2026-07-01T08:02:11.565911+00:00,2026-07-01T08:02:11.562384,2,2,80.75,0.3,80.6,58,80.4,150,,,,,,,,,,,,,,,,,80.9,6,81.1,103,,,,,,,,,,,,,,,,
2026-07-01T08:02:11.576169+00:00,2026-07-01T08:02:11.566236,2,2,80.75,0.3,80.6,68,80.4,150,,,,,,,,,,,,,,,,,80.9,6,81.1,103,,,,,,,,,,,,,,,,
2026-07-01T08:02:11.997389+00:00,2026-07-01T08:02:11.995329,1,1,80.85,0.5,80.6,68,,,,,,,,,,,,,,,,,,,81.1,103,,,,,,,,,,,,,,,,,,
2026-07-01T08:02:12.048572+00:00,2026-07-01T08:02:12.047892,2,1,81.0,0.2,80.9,150,80.6,68,,,,,,,,,,,,,,,,,81.1,103,,,,,,,,,,,,,,,,,,
2026-07-01T08:02:12.079493+00:00,2026-07-01T08:02:12.070385,2,1,81.0,0.2,80.9,150,80.6,58,,,,,,,,,,,,,,,,,81.1,103,,,,,,,,,,,,,,,,,,
2026-07-01T08:02:12.110430+00:00,2026-07-01T08:02:12.101179,2,2,81.0,0.2,80.9,150,80.6,58,,,,,,,,,,,,,,,,,81.1,103,81.4,150,,,,,,,,,,,,,,,,
2026-07-01T08:02:12.161914+00:00,2026-07-01T08:02:12.160784,2,2,81.0,0.2,80.9,108,80.6,58,,,,,,,,,,,,,,,,,81.1,103,81.4,150,,,,,,,,,,,,,,,,
2026-07-01T08:02:12.451518+00:00,2026-07-01T08:02:12.443528,2,2,81.0,0.2,80.9,108,80.6,58,,,,,,,,,,,,,,,,,81.1,102,81.4,150,,,,,,,,,,,,,,,,
2026-07-01T08:02:12.935827+00:00,2026-07-01T08:02:12.928284,3,2,81.0,0.2,80.9,108,80.8,3,80.6,58,,,,,,,,,,,,,,,81.1,102,81.4,150,,,,,,,,,,,,,,,,
2026-07-01T08:02:13.718648+00:00,2026-07-01T08:02:13.711313,3,2,81.0,0.2,80.9,108,80.8,1,80.6,58,,,,,,,,,,,,,,,81.1,102,81.4,150,,,,,,,,,,,,,,,,
2026-07-01T08:02:13.800892+00:00,2026-07-01T08:02:13.792031,3,2,81.0,0.2,80.9,68,80.8,1,80.6,58,,,,,,,,,,,,,,,81.1,102,81.4,150,,,,,,,,,,,,,,,,
2026-07-01T08:02:14.026734+00:00,2026-07-01T08:02:14.024563,2,2,81.0,0.2,80.9,68,80.8,1,,,,,,,,,,,,,,,,,81.1,2,81.4,150,,,,,,,,,,,,,,,,
2026-07-01T08:02:14.078076+00:00,2026-07-01T08:02:14.078005,3,2,81.0,0.2,80.9,68,80.8,1,80.5,100,,,,,,,,,,,,,,,81.1,2,81.4,150,,,,,,,,,,,,,,,,
2026-07-01T08:02:14.139447+00:00,2026-07-01T08:02:14.131056,3,3,80.95,0.1,80.9,68,80.8,1,80.5,100,,,,,,,,,,,,,,,81.0,100,81.1,2,81.4,150,,,,,,,,,,,,,,
2026-07-01T08:02:14.417782+00:00,2026-07-01T08:02:14.411162,3,3,80.95,0.1,80.9,68,80.8,1,80.5,100,,,,,,,,,,,,,,,81.0,54,81.1,2,81.4,150,,,,,,,,,,,,,,
2026-07-01T08:02:15.106914+00:00,2026-07-01T08:02:15.098393,3,3,80.95,0.1,80.9,78,80.8,1,80.5,100,,,,,,,,,,,,,,,81.0,54,81.1,2,81.4,150,,,,,,,,,,,,,,
2026-07-01T08:02:15.158066+00:00,2026-07-01T08:02:15.157724,3,2,80.95,0.1,80.9,10,80.8,1,80.5,100,,,,,,,,,,,,,,,81.0,54,81.1,2,,,,,,,,,,,,,,,,
2026-07-01T08:02:15.219901+00:00,2026-07-01T08:02:15.210673,4,2,80.95,0.1,80.9,10,80.8,1,80.7,150,80.5,100,,,,,,,,,,,,,81.0,54,81.1,2,,,,,,,,,,,,,,,,
2026-07-01T08:02:15.271261+00:00,2026-07-01T08:02:15.264008,4,3,80.95,0.1,80.9,10,80.8,1,80.7,150,80.5,100,,,,,,,,,,,,,81.0,54,81.1,2,81.2,150,,,,,,,,,,,,,,
2026-07-01T08:02:15.395128+00:00,2026-07-01T08:02:15.393561,4,3,80.95,0.1,80.9,10,80.8,1,80.7,150,80.5,100,,,,,,,,,,,,,81.0,4,81.1,2,81.2,150,,,,,,,,,,,,,,
2026-07-01T08:02:15.610610+00:00,2026-07-01T08:02:15.606902,3,3,80.9,0.2,80.8,11,80.7,150,80.5,100,,,,,,,,,,,,,,,81.0,4,81.1,2,81.2,150,,,,,,,,,,,,,,
2026-07-01T08:02:15.867663+00:00,2026-07-01T08:02:15.859205,3,2,80.95,0.3,80.8,11,80.7,150,80.5,100,,,,,,,,,,,,,,,81.1,2,81.2,150,,,,,,,,,,,,,,,,
2026-07-01T08:02:15.939867+00:00,2026-07-01T08:02:15.931532,3,1,81.0,0.4,80.8,11,80.7,150,80.5,100,,,,,,,,,,,,,,,81.2,111,,,,,,,,,,,,,,,,,,
2026-07-01T08:02:16.115592+00:00,2026-07-01T08:02:16.113458,3,1,81.0,0.4,80.8,1,80.7,150,80.5,100,,,,,,,,,,,,,,,81.2,111,,,,,,,,,,,,,,,,,,
2026-07-01T08:02:16.465748+00:00,2026-07-01T08:02:16.465160,3,2,80.95,0.3,80.8,1,80.7,150,80.5,100,,,,,,,,,,,,,,,81.1,4,81.2,111,,,,,,,,,,,,,,,,
2026-07-01T08:02:16.980272+00:00,2026-07-01T08:02:16.972676,3,2,80.95,0.3,80.8,1,80.7,150,80.5,100,,,,,,,,,,,,,,,81.1,3,81.2,111,,,,,,,,,,,,,,,,
2026-07-01T08:02:17.207470+00:00,2026-07-01T08:02:17.200202,2,2,80.95,0.3,80.8,1,80.7,150,,,,,,,,,,,,,,,,,81.1,3,81.2,111,,,,,,,,,,,,,,,,
2026-07-01T08:02:17.238334+00:00,2026-07-01T08:02:17.234724,2,2,80.95,0.3,80.8,1,80.7,150,,,,,,,,,,,,,,,,,81.1,2,81.2,111,,,,,,,,,,,,,,,,
2026-07-01T08:02:17.258911+00:00,2026-07-01T08:02:17.252199,2,2,80.95,0.3,80.8,101,80.7,150,,,,,,,,,,,,,,,,,81.1,2,81.2,111,,,,,,,,,,,,,,,,
2026-07-01T08:02:17.310370+00:00,2026-07-01T08:02:17.304572,2,3,80.95,0.3,80.8,101,80.7,150,,,,,,,,,,,,,,,,,81.1,2,81.2,111,81.3,100,,,,,,,,,,,,,,
2026-07-01T08:02:17.454180+00:00,2026-07-01T08:02:17.444788,2,3,80.95,0.3,80.8,55,80.7,150,,,,,,,,,,,,,,,,,81.1,2,81.2,111,81.3,100,,,,,,,,,,,,,,
2026-07-01T08:02:17.948749+00:00,2026-07-01T08:02:17.941973,2,3,80.95,0.3,80.8,11,80.7,150,,,,,,,,,,,,,,,,,81.1,2,81.2,111,81.3,100,,,,,,,,,,,,,,
2026-07-01T08:02:18.320250+00:00,2026-07-01T08:02:18.319398,2,2,80.95,0.3,80.8,11,80.7,150,,,,,,,,,,,,,,,,,81.1,2,81.3,100,,,,,,,,,,,,,,,,
2026-07-01T08:02:18.330658+00:00,2026-07-01T08:02:18.321110,1,2,80.95,0.3,80.8,11,,,,,,,,,,,,,,,,,,,81.1,2,81.3,100,,,,,,,,,,,,,,,,
2026-07-01T08:02:18.382623+00:00,2026-07-01T08:02:18.375565,2,2,80.95,0.3,80.8,11,80.7,150,,,,,,,,,,,,,,,,,81.1,2,81.3,100,,,,,,,,,,,,,,,,
2026-07-01T08:02:18.434622+00:00,2026-07-01T08:02:18.428643,2,3,80.95,0.3,80.8,11,80.7,150,,,,,,,,,,,,,,,,,81.1,2,81.2,150,81.3,100,,,,,,,,,,,,,,
2026-07-01T08:02:18.547986+00:00,2026-07-01T08:02:18.546931,2,3,80.95,0.3,80.8,14,80.7,150,,,,,,,,,,,,,,,,,81.1,2,81.2,150,81.3,100,,,,,,,,,,,,,,
2026-07-01T08:02:19.644596+00:00,2026-07-01T08:02:19.640229,2,2,81.0,0.4,80.8,14,80.7,150,,,,,,,,,,,,,,,,,81.2,108,81.3,100,,,,,,,,,,,,,,,,
2026-07-01T08:02:19.665436+00:00,2026-07-01T08:02:19.656918,1,2,80.95,0.5,80.7,114,,,,,,,,,,,,,,,,,,,81.2,108,81.3,100,,,,,,,,,,,,,,,,
2026-07-01T08:02:20.159119+00:00,2026-07-01T08:02:20.158389,1,2,80.95,0.5,80.7,68,,,,,,,,,,,,,,,,,,,81.2,108,81.3,100,,,,,,,,,,,,,,,,
2026-07-01T08:02:20.365964+00:00,2026-07-01T08:02:20.357613,1,1,80.95,0.5,80.7,68,,,,,,,,,,,,,,,,,,,81.2,108,,,,,,,,,,,,,,,,,,
2026-07-01T08:02:20.417132+00:00,2026-07-01T08:02:20.415412,2,1,80.95,0.5,80.7,68,80.5,100,,,,,,,,,,,,,,,,,81.2,108,,,,,,,,,,,,,,,,,,
2026-07-01T08:02:20.468560+00:00,2026-07-01T08:02:20.465893,2,2,80.85,0.3,80.7,68,80.5,100,,,,,,,,,,,,,,,,,81.0,100,81.2,108,,,,,,,,,,,,,,,,
2026-07-01T08:02:21.488213+00:00,2026-07-01T08:02:21.487692,2,1,80.85,0.3,80.7,68,80.5,100,,,,,,,,,,,,,,,,,81.0,100,,,,,,,,,,,,,,,,,,
2026-07-01T08:02:21.498558+00:00,2026-07-01T08:02:21.489420,1,1,80.75,0.5,80.5,100,,,,,,,,,,,,,,,,,,,81.0,100,,,,,,,,,,,,,,,,,,
2026-07-01T08:02:21.519545+00:00,2026-07-01T08:02:21.519307,1,1,80.75,0.5,80.5,100,,,,,,,,,,,,,,,,,,,81.0,7,,,,,,,,,,,,,,,,,,
2026-07-01T08:02:21.550517+00:00,2026-07-01T08:02:21.541669,2,1,80.8,0.4,80.6,150,80.5,100,,,,,,,,,,,,,,,,,81.0,7,,,,,,,,,,,,,,,,,,
2026-07-01T08:02:21.601843+00:00,2026-07-01T08:02:21.594108,2,2,80.8,0.4,80.6,150,80.5,100,,,,,,,,,,,,,,,,,81.0,7,81.1,150,,,,,,,,,,,,,,,,
2026-07-01T08:02:21.674189+00:00,2026-07-01T08:02:21.671413,3,1,80.9,0.4,80.7,10,80.6,150,80.5,100,,,,,,,,,,,,,,,81.1,111,,,,,,,,,,,,,,,,,,
2026-07-01T08:02:21.715588+00:00,2026-07-01T08:02:21.714424,3,1,80.9,0.4,80.7,10,80.6,150,80.5,100,,,,,,,,,,,,,,,81.1,61,,,,,,,,,,,,,,,,,,
2026-07-01T08:02:22.180138+00:00,2026-07-01T08:02:22.175524,2,1,80.85,0.5,80.6,150,80.5,100,,,,,,,,,,,,,,,,,81.1,61,,,,,,,,,,,,,,,,,,
2026-07-01T08:02:22.190570+00:00,2026-07-01T08:02:22.182090,3,1,80.9,0.4,80.7,10,80.6,150,80.5,100,,,,,,,,,,,,,,,81.1,61,,,,,,,,,,,,,,,,,,
2026-07-01T08:02:22.211230+00:00,2026-07-01T08:02:22.207219,3,1,80.9,0.4,80.7,10,80.6,150,80.5,100,,,,,,,,,,,,,,,81.1,36,,,,,,,,,,,,,,,,,,
2026-07-01T08:02:22.686602+00:00,2026-07-01T08:02:22.683498,3,1,80.9,0.4,80.7,10,80.6,150,80.5,100,,,,,,,,,,,,,,,81.1,42,,,,,,,,,,,,,,,,,,
2026-07-01T08:02:22.697090+00:00,2026-07-01T08:02:22.691431,3,1,80.9,0.4,80.7,10,80.6,150,80.5,100,,,,,,,,,,,,,,,81.1,42,,,,,,,,,,,,,,,,,,
2026-07-01T08:02:23.185269+00:00,2026-07-01T08:02:23.181070,3,1,80.9,0.4,80.7,10,80.6,150,80.5,100,,,,,,,,,,,,,,,81.1,41,,,,,,,,,,,,,,,,,,
2026-07-01T08:02:23.206074+00:00,2026-07-01T08:02:23.197672,2,1,80.85,0.5,80.6,150,80.5,100,,,,,,,,,,,,,,,,,81.1,41,,,,,,,,,,,,,,,,,,
2026-07-01T08:02:23.525986+00:00,2026-07-01T08:02:23.520937,1,1,80.85,0.5,80.6,150,,,,,,,,,,,,,,,,,,,81.1,41,,,,,,,,,,,,,,,,,,
2026-07-01T08:02:23.577383+00:00,2026-07-01T08:02:23.575458,2,1,80.9,0.4,80.7,100,80.6,150,,,,,,,,,,,,,,,,,81.1,41,,,,,,,,,,,,,,,,,,
2026-07-01T08:02:23.639167+00:00,2026-07-01T08:02:23.630861,2,2,80.9,0.4,80.7,100,80.6,150,,,,,,,,,,,,,,,,,81.1,41,81.2,100,,,,,,,,,,,,,,,,
2026-07-01T08:02:23.690943+00:00,2026-07-01T08:02:23.681072,2,2,80.9,0.4,80.7,100,80.6,150,,,,,,,,,,,,,,,,,81.1,1,81.2,100,,,,,,,,,,,,,,,,
2026-07-01T08:02:23.825247+00:00,2026-07-01T08:02:23.822217,2,1,80.95,0.5,80.7,100,80.6,150,,,,,,,,,,,,,,,,,81.2,100,,,,,,,,,,,,,,,,,,
2026-07-01T08:02:24.063048+00:00,2026-07-01T08:02:24.061036,2,2,80.9,0.4,80.7,100,80.6,150,,,,,,,,,,,,,,,,,81.1,6,81.2,100,,,,,,,,,,,,,,,,
2026-07-01T08:02:24.652779+00:00,2026-07-01T08:02:24.647650,1,2,80.9,0.4,80.7,100,,,,,,,,,,,,,,,,,,,81.1,6,81.2,100,,,,,,,,,,,,,,,,
2026-07-01T08:02:24.704528+00:00,2026-07-01T08:02:24.696386,1,2,80.9,0.4,80.7,58,,,,,,,,,,,,,,,,,,,81.1,6,81.2,100,,,,,,,,,,,,,,,,
2026-07-01T08:02:24.714923+00:00,2026-07-01T08:02:24.705409,2,0,,,81.3,44,80.7,58,,,,,,,,,,,,,,,,,,,,,,,,,,,,,,,,,,,,
2026-07-01T08:02:24.735564+00:00,2026-07-01T08:02:24.726176,2,0,,,81.3,38,80.7,58,,,,,,,,,,,,,,,,,,,,,,,,,,,,,,,,,,,,
2026-07-01T08:02:24.777877+00:00,2026-07-01T08:02:24.776961,2,1,81.55,0.5,81.3,35,80.7,58,,,,,,,,,,,,,,,,,81.8,150,,,,,,,,,,,,,,,,,,
2026-07-01T08:02:24.819108+00:00,2026-07-01T08:02:24.815460,1,1,81.25,1.1,80.7,58,,,,,,,,,,,,,,,,,,,81.8,150,,,,,,,,,,,,,,,,,,
2026-07-01T08:02:25.118135+00:00,2026-07-01T08:02:25.117452,1,2,80.9,0.4,80.7,58,,,,,,,,,,,,,,,,,,,81.1,2,81.8,150,,,,,,,,,,,,,,,,
2026-07-01T08:02:25.800114+00:00,2026-07-01T08:02:25.794499,1,1,81.25,1.1,80.7,58,,,,,,,,,,,,,,,,,,,81.8,150,,,,,,,,,,,,,,,,,,
2026-07-01T08:02:25.820758+00:00,2026-07-01T08:02:25.815028,1,2,80.9,0.4,80.7,58,,,,,,,,,,,,,,,,,,,81.1,6,81.8,150,,,,,,,,,,,,,,,,
2026-07-01T08:02:25.934415+00:00,2026-07-01T08:02:25.931779,1,1,81.25,1.1,80.7,58,,,,,,,,,,,,,,,,,,,81.8,150,,,,,,,,,,,,,,,,,,
2026-07-01T08:02:26.408202+00:00,2026-07-01T08:02:26.406291,1,2,80.9,0.4,80.7,58,,,,,,,,,,,,,,,,,,,81.1,5,81.8,150,,,,,,,,,,,,,,,,
2026-07-01T08:02:26.687784+00:00,2026-07-01T08:02:26.684994,0,2,,,,,,,,,,,,,,,,,,,,,,,81.1,5,81.8,150,,,,,,,,,,,,,,,,
2026-07-01T08:02:26.749557+00:00,2026-07-01T08:02:26.742215,1,2,81.0,0.2,80.9,100,,,,,,,,,,,,,,,,,,,81.1,5,81.8,150,,,,,,,,,,,,,,,,
2026-07-01T08:02:26.801200+00:00,2026-07-01T08:02:26.796689,1,3,81.0,0.2,80.9,100,,,,,,,,,,,,,,,,,,,81.1,5,81.4,100,81.8,150,,,,,,,,,,,,,,
2026-07-01T08:02:27.822742+00:00,2026-07-01T08:02:27.813287,1,2,81.0,0.2,80.9,100,,,,,,,,,,,,,,,,,,,81.1,5,81.4,100,,,,,,,,,,,,,,,,
