recv_time,book_timestamp,n_bids,n_asks,mid,spread,bid_px_0,bid_vol_0,bid_px_1,bid_vol_1,bid_px_2,bid_vol_2,bid_px_3,bid_vol_3,bid_px_4,bid_vol_4,bid_px_5,bid_vol_5,bid_px_6,bid_vol_6,bid_px_7,bid_vol_7,bid_px_8,bid_vol_8,bid_px_9,bid_vol_9,ask_px_0,ask_vol_0,ask_px_1,ask_vol_1,ask_px_2,ask_vol_2,ask_px_3,ask_vol_3,ask_px_4,ask_vol_4,ask_px_5,ask_vol_5,ask_px_6,ask_vol_6,ask_px_7,ask_vol_7,ask_px_8,ask_vol_8,ask_px_9,ask_vol_9
2026-06-30T18:15:01.083436+00:00,2026-07-01T04:15:00.974436,1,1,70.85,0.5,70.6,200,,,,,,,,,,,,,,,,,,,71.1,133,,,,,,,,,,,,,,,,,,
2026-06-30T18:15:01.382638+00:00,2026-07-01T04:15:01.378640,1,1,70.85,0.5,70.6,100,,,,,,,,,,,,,,,,,,,71.1,100,,,,,,,,,,,,,,,,,,
2026-06-30T18:15:01.514332+00:00,2026-07-01T04:15:01.507332,1,1,70.85,0.5,70.6,250,,,,,,,,,,,,,,,,,,,71.1,250,,,,,,,,,,,,,,,,,,
2026-06-30T18:15:02.038747+00:00,2026-07-01T04:15:02.028747,1,1,70.85,0.5,70.6,250,,,,,,,,,,,,,,,,,,,71.1,200,,,,,,,,,,,,,,,,,,
2026-06-30T18:15:03.075640+00:00,2026-07-01T04:15:03.068641,1,1,70.85,0.5,70.6,150,,,,,,,,,,,,,,,,,,,71.1,150,,,,,,,,,,,,,,,,,,
2026-06-30T18:15:03.130652+00:00,2026-07-01T04:15:03.121652,2,1,71.0,0.2,70.9,100,70.6,150,,,,,,,,,,,,,,,,,71.1,150,,,,,,,,,,,,,,,,,,
2026-06-30T18:15:03.185652+00:00,2026-07-01T04:15:03.175653,2,2,71.0,0.2,70.9,100,70.6,150,,,,,,,,,,,,,,,,,71.1,150,71.4,100,,,,,,,,,,,,,,,,
2026-06-30T18:15:04.162844+00:00,2026-07-01T04:15:04.160985,2,2,71.0,0.2,70.9,100,70.6,150,,,,,,,,,,,,,,,,,71.1,100,71.4,100,,,,,,,,,,,,,,,,
2026-06-30T18:15:04.564136+00:00,2026-07-01T04:15:04.557136,1,1,71.15,0.5,70.9,100,,,,,,,,,,,,,,,,,,,71.4,100,,,,,,,,,,,,,,,,,,
2026-06-30T18:15:04.618876+00:00,2026-07-01T04:15:04.610347,2,1,71.15,0.5,70.9,100,70.8,150,,,,,,,,,,,,,,,,,71.4,100,,,,,,,,,,,,,,,,,,
2026-06-30T18:15:04.673408+00:00,2026-07-01T04:15:04.664409,2,2,71.1,0.4,70.9,100,70.8,150,,,,,,,,,,,,,,,,,71.3,150,71.4,100,,,,,,,,,,,,,,,,
2026-06-30T18:15:06.238452+00:00,2026-07-01T04:15:06.231454,1,1,71.05,0.5,70.8,150,,,,,,,,,,,,,,,,,,,71.3,150,,,,,,,,,,,,,,,,,,
2026-06-30T18:15:06.270971+00:00,2026-07-01T04:15:06.265971,1,1,71.05,0.5,70.8,150,,,,,,,,,,,,,,,,,,,71.3,100,,,,,,,,,,,,,,,,,,
2026-06-30T18:15:06.303488+00:00,2026-07-01T04:15:06.292487,1,1,71.05,0.5,70.8,250,,,,,,,,,,,,,,,,,,,71.3,100,,,,,,,,,,,,,,,,,,
2026-06-30T18:15:06.347002+00:00,2026-07-01T04:15:06.339002,1,1,71.05,0.5,70.8,250,,,,,,,,,,,,,,,,,,,71.3,200,,,,,,,,,,,,,,,,,,
2026-06-30T18:15:07.724288+00:00,2026-07-01T04:15:07.722288,1,1,71.05,0.5,70.8,100,,,,,,,,,,,,,,,,,,,71.3,100,,,,,,,,,,,,,,,,,,
2026-06-30T18:15:07.778438+00:00,2026-07-01T04:15:07.774804,2,1,71.15,0.3,71.0,150,70.8,100,,,,,,,,,,,,,,,,,71.3,100,,,,,,,,,,,,,,,,,,
2026-06-30T18:15:07.832956+00:00,2026-07-01T04:15:07.828956,2,2,71.15,0.3,71.0,150,70.8,100,,,,,,,,,,,,,,,,,71.3,100,71.5,150,,,,,,,,,,,,,,,,
2026-06-30T18:15:08.391316+00:00,2026-07-01T04:15:08.389317,2,2,71.15,0.3,71.0,109,70.8,100,,,,,,,,,,,,,,,,,71.3,100,71.5,150,,,,,,,,,,,,,,,,
2026-06-30T18:15:08.435316+00:00,2026-07-01T04:15:08.431316,2,2,71.15,0.3,71.0,59,70.8,100,,,,,,,,,,,,,,,,,71.3,100,71.5,150,,,,,,,,,,,,,,,,
2026-06-30T18:15:09.048674+00:00,2026-07-01T04:15:09.044661,2,2,71.15,0.3,71.0,59,70.8,100,,,,,,,,,,,,,,,,,71.3,53,71.5,150,,,,,,,,,,,,,,,,
2026-06-30T18:15:09.397065+00:00,2026-07-01T04:15:09.393065,1,1,71.25,0.5,71.0,59,,,,,,,,,,,,,,,,,,,71.5,150,,,,,,,,,,,,,,,,,,
2026-06-30T18:15:09.451865+00:00,2026-07-01T04:15:09.444865,2,1,71.25,0.5,71.0,59,70.9,100,,,,,,,,,,,,,,,,,71.5,150,,,,,,,,,,,,,,,,,,
2026-06-30T18:15:09.506381+00:00,2026-07-01T04:15:09.499381,2,2,71.2,0.4,71.0,59,70.9,100,,,,,,,,,,,,,,,,,71.4,100,71.5,150,,,,,,,,,,,,,,,,
2026-06-30T18:15:09.593882+00:00,2026-07-01T04:15:09.588883,2,2,71.2,0.4,71.0,59,70.9,100,,,,,,,,,,,,,,,,,71.4,57,71.5,150,,,,,,,,,,,,,,,,
2026-06-30T18:15:10.511431+00:00,2026-07-01T04:15:10.507431,2,2,71.2,0.4,71.0,10,70.9,100,,,,,,,,,,,,,,,,,71.4,57,71.5,150,,,,,,,,,,,,,,,,
2026-06-30T18:15:10.544431+00:00,2026-07-01T04:15:10.539432,1,2,71.15,0.5,70.9,60,,,,,,,,,,,,,,,,,,,71.4,57,71.5,150,,,,,,,,,,,,,,,,
2026-06-30T18:15:10.883785+00:00,2026-07-01T04:15:10.881787,1,1,71.15,0.5,70.9,60,,,,,,,,,,,,,,,,,,,71.4,57,,,,,,,,,,,,,,,,,,
2026-06-30T18:15:10.938738+00:00,2026-07-01T04:15:10.934800,2,1,71.15,0.5,70.9,60,70.6,150,,,,,,,,,,,,,,,,,71.4,57,,,,,,,,,,,,,,,,,,
2026-06-30T18:15:10.993051+00:00,2026-07-01T04:15:10.988051,2,2,71.0,0.2,70.9,60,70.6,150,,,,,,,,,,,,,,,,,71.1,150,71.4,57,,,,,,,,,,,,,,,,
2026-06-30T18:15:12.565505+00:00,2026-07-01T04:15:12.554505,1,1,70.85,0.5,70.6,150,,,,,,,,,,,,,,,,,,,71.1,150,,,,,,,,,,,,,,,,,,
2026-06-30T18:15:12.609025+00:00,2026-07-01T04:15:12.609025,2,1,70.95,0.3,70.8,100,70.6,150,,,,,,,,,,,,,,,,,71.1,150,,,,,,,,,,,,,,,,,,
2026-06-30T18:15:12.652059+00:00,2026-07-01T04:15:12.646059,2,1,70.95,0.3,70.8,50,70.6,150,,,,,,,,,,,,,,,,,71.1,150,,,,,,,,,,,,,,,,,,
2026-06-30T18:15:12.663059+00:00,2026-07-01T04:15:12.661059,2,2,70.95,0.3,70.8,50,70.6,150,,,,,,,,,,,,,,,,,71.1,150,71.3,100,,,,,,,,,,,,,,,,
2026-06-30T18:15:14.044086+00:00,2026-07-01T04:15:14.042085,2,1,71.05,0.5,70.8,50,70.6,150,,,,,,,,,,,,,,,,,71.3,100,,,,,,,,,,,,,,,,,,
2026-06-30T18:15:14.055097+00:00,2026-07-01T04:15:14.044086,1,1,71.05,0.5,70.8,50,,,,,,,,,,,,,,,,,,,71.3,100,,,,,,,,,,,,,,,,,,
2026-06-30T18:15:14.108869+00:00,2026-07-01T04:15:14.097860,2,1,71.05,0.5,70.8,50,70.3,150,,,,,,,,,,,,,,,,,71.3,100,,,,,,,,,,,,,,,,,,
2026-06-30T18:15:14.163881+00:00,2026-07-01T04:15:14.152881,1,2,70.55,0.5,70.3,150,,,,,,,,,,,,,,,,,,,70.8,100,71.3,100,,,,,,,,,,,,,,,,
2026-06-30T18:15:14.753934+00:00,2026-07-01T04:15:14.752934,1,2,70.55,0.5,70.3,100,,,,,,,,,,,,,,,,,,,70.8,100,71.3,100,,,,,,,,,,,,,,,,
2026-06-30T18:15:15.717102+00:00,2026-07-01T04:15:15.713102,1,1,70.55,0.5,70.3,100,,,,,,,,,,,,,,,,,,,70.8,100,,,,,,,,,,,,,,,,,,
2026-06-30T18:15:15.781921+00:00,2026-07-01T04:15:15.771404,2,1,70.65,0.3,70.5,100,70.3,100,,,,,,,,,,,,,,,,,70.8,100,,,,,,,,,,,,,,,,,,
2026-06-30T18:15:15.825920+00:00,2026-07-01T04:15:15.820920,2,2,70.65,0.3,70.5,100,70.3,100,,,,,,,,,,,,,,,,,70.8,100,71.0,100,,,,,,,,,,,,,,,,
2026-06-30T18:15:16.864149+00:00,2026-07-01T04:15:16.860149,2,2,70.65,0.3,70.5,50,70.3,100,,,,,,,,,,,,,,,,,70.8,100,71.0,100,,,,,,,,,,,,,,,,
2026-06-30T18:15:16.963182+00:00,2026-07-01T04:15:16.961182,2,2,70.65,0.3,70.5,50,70.3,100,,,,,,,,,,,,,,,,,70.8,51,71.0,100,,,,,,,,,,,,,,,,
2026-06-30T18:15:17.214697+00:00,2026-07-01T04:15:17.207697,1,1,70.75,0.5,70.5,50,,,,,,,,,,,,,,,,,,,71.0,100,,,,,,,,,,,,,,,,,,
2026-06-30T18:15:17.269197+00:00,2026-07-01T04:15:17.263197,2,1,70.75,0.5,70.5,50,70.4,150,,,,,,,,,,,,,,,,,71.0,100,,,,,,,,,,,,,,,,,,
2026-06-30T18:15:17.323229+00:00,2026-07-01T04:15:17.316229,2,2,70.7,0.4,70.5,50,70.4,150,,,,,,,,,,,,,,,,,70.9,150,71.0,100,,,,,,,,,,,,,,,,
2026-06-30T18:15:18.886441+00:00,2026-07-01T04:15:18.876442,1,1,70.65,0.5,70.4,150,,,,,,,,,,,,,,,,,,,70.9,150,,,,,,,,,,,,,,,,,,
2026-06-30T18:15:18.929969+00:00,2026-07-01T04:15:18.929453,2,1,70.65,0.5,70.4,150,70.3,100,,,,,,,,,,,,,,,,,70.9,150,,,,,,,,,,,,,,,,,,
2026-06-30T18:15:18.973486+00:00,2026-07-01T04:15:18.967486,2,1,70.65,0.5,70.4,100,70.3,100,,,,,,,,,,,,,,,,,70.9,150,,,,,,,,,,,,,,,,,,
2026-06-30T18:15:18.984486+00:00,2026-07-01T04:15:18.982487,2,2,70.6,0.4,70.4,100,70.3,100,,,,,,,,,,,,,,,,,70.8,100,70.9,150,,,,,,,,,,,,,,,,
2026-06-30T18:15:20.370858+00:00,2026-07-01T04:15:20.369858,2,1,70.6,0.4,70.4,100,70.3,100,,,,,,,,,,,,,,,,,70.8,100,,,,,,,,,,,,,,,,,,
2026-06-30T18:15:20.381859+00:00,2026-07-01T04:15:20.377858,1,1,70.55,0.5,70.3,100,,,,,,,,,,,,,,,,,,,70.8,100,,,,,,,,,,,,,,,,,,
2026-06-30T18:15:20.435891+00:00,2026-07-01T04:15:20.424891,1,1,70.55,0.5,70.3,250,,,,,,,,,,,,,,,,,,,70.8,100,,,,,,,,,,,,,,,,,,
2026-06-30T18:15:20.479888+00:00,2026-07-01T04:15:20.474902,1,1,70.55,0.5,70.3,250,,,,,,,,,,,,,,,,,,,70.8,250,,,,,,,,,,,,,,,,,,
2026-06-30T18:15:21.080319+00:00,2026-07-01T04:15:21.074802,1,1,70.55,0.5,70.3,200,,,,,,,,,,,,,,,,,,,70.8,250,,,,,,,,,,,,,,,,,,
2026-06-30T18:15:22.045703+00:00,2026-07-01T04:15:22.038702,1,1,70.55,0.5,70.3,150,,,,,,,,,,,,,,,,,,,70.8,150,,,,,,,,,,,,,,,,,,
2026-06-30T18:15:22.121900+00:00,2026-07-01T04:15:22.110902,1,1,70.55,0.5,70.3,250,,,,,,,,,,,,,,,,,,,70.8,150,,,,,,,,,,,,,,,,,,
2026-06-30T18:15:22.165902+00:00,2026-07-01T04:15:22.162901,1,1,70.55,0.5,70.3,250,,,,,,,,,,,,,,,,,,,70.8,100,,,,,,,,,,,,,,,,,,
2026-06-30T18:15:22.209485+00:00,2026-07-01T04:15:22.203946,1,1,70.55,0.5,70.3,250,,,,,,,,,,,,,,,,,,,70.8,50,,,,,,,,,,,,,,,,,,
2026-06-30T18:15:23.536904+00:00,2026-07-01T04:15:23.531903,1,1,70.55,0.5,70.3,100,,,,,,,,,,,,,,,,,,,70.8,50,,,,,,,,,,,,,,,,,,
2026-06-30T18:15:23.590774+00:00,2026-07-01T04:15:23.584753,2,0,,,70.9,100,70.3,100,,,,,,,,,,,,,,,,,,,,,,,,,,,,,,,,,,,,
2026-06-30T18:15:23.645405+00:00,2026-07-01T04:15:23.637405,2,1,71.15,0.5,70.9,100,70.3,100,,,,,,,,,,,,,,,,,71.4,150,,,,,,,,,,,,,,,,,,
2026-06-30T18:15:24.234078+00:00,2026-07-01T04:15:24.232078,2,1,71.15,0.5,70.9,59,70.3,100,,,,,,,,,,,,,,,,,71.4,150,,,,,,,,,,,,,,,,,,
2026-06-30T18:15:24.848655+00:00,2026-07-01T04:15:24.840654,2,1,71.15,0.5,70.9,59,70.3,100,,,,,,,,,,,,,,,,,71.4,109,,,,,,,,,,,,,,,,,,
2026-06-30T18:15:24.903517+00:00,2026-07-01T04:15:24.894516,2,1,71.15,0.5,70.9,16,70.3,100,,,,,,,,,,,,,,,,,71.4,109,,,,,,,,,,,,,,,,,,
2026-06-30T18:15:25.221575+00:00,2026-07-01T04:15:25.219574,1,1,71.15,0.5,70.9,16,,,,,,,,,,,,,,,,,,,71.4,109,,,,,,,,,,,,,,,,,,
2026-06-30T18:15:25.276575+00:00,2026-07-01T04:15:25.267575,2,1,71.15,0.5,70.9,16,70.4,100,,,,,,,,,,,,,,,,,71.4,109,,,,,,,,,,,,,,,,,,
2026-06-30T18:15:25.331301+00:00,2026-07-01T04:15:25.321301,1,2,70.65,0.5,70.4,100,,,,,,,,,,,,,,,,,,,70.9,84,71.4,109,,,,,,,,,,,,,,,,
2026-06-30T18:15:26.698474+00:00,2026-07-01T04:15:26.692474,1,1,70.65,0.5,70.4,100,,,,,,,,,,,,,,,,,,,70.9,84,,,,,,,,,,,,,,,,,,
2026-06-30T18:15:26.751673+00:00,2026-07-01T04:15:26.747483,2,1,70.65,0.5,70.4,100,70.3,150,,,,,,,,,,,,,,,,,70.9,84,,,,,,,,,,,,,,,,,,
2026-06-30T18:15:26.806673+00:00,2026-07-01T04:15:26.797673,2,2,70.6,0.4,70.4,100,70.3,150,,,,,,,,,,,,,,,,,70.8,150,70.9,84,,,,,,,,,,,,,,,,
2026-06-30T18:15:27.342425+00:00,2026-07-01T04:15:27.338424,2,2,70.6,0.4,70.4,100,70.3,150,,,,,,,,,,,,,,,,,70.8,100,70.9,84,,,,,,,,,,,,,,,,
2026-06-30T18:15:27.788752+00:00,2026-07-01T04:15:27.784752,2,2,70.6,0.4,70.4,100,70.3,150,,,,,,,,,,,,,,,,,70.8,55,70.9,84,,,,,,,,,,,,,,,,
2026-06-30T18:15:28.381031+00:00,2026-07-01T04:15:28.377991,1,1,70.55,0.5,70.3,150,,,,,,,,,,,,,,,,,,,70.8,55,,,,,,,,,,,,,,,,,,
2026-06-30T18:15:28.436003+00:00,2026-07-01T04:15:28.431005,2,1,70.75,0.1,70.7,100,70.3,150,,,,,,,,,,,,,,,,,70.8,55,,,,,,,,,,,,,,,,,,
2026-06-30T18:15:28.490491+00:00,2026-07-01T04:15:28.481693,2,2,70.75,0.1,70.7,100,70.3,150,,,,,,,,,,,,,,,,,70.8,55,71.2,100,,,,,,,,,,,,,,,,
2026-06-30T18:15:29.497237+00:00,2026-07-01T04:15:29.496237,2,2,70.75,0.1,70.7,50,70.3,150,,,,,,,,,,,,,,,,,70.8,55,71.2,100,,,,,,,,,,,,,,,,
2026-06-30T18:15:29.822441+00:00,2026-07-01T04:15:29.813442,2,2,70.75,0.1,70.7,50,70.3,150,,,,,,,,,,,,,,,,,70.8,15,71.2,100,,,,,,,,,,,,,,,,
2026-06-30T18:15:29.855442+00:00,2026-07-01T04:15:29.850441,2,1,70.95,0.5,70.7,50,70.3,150,,,,,,,,,,,,,,,,,71.2,100,,,,,,,,,,,,,,,,,,
2026-06-30T18:15:29.866605+00:00,2026-07-01T04:15:29.861443,1,1,70.95,0.5,70.7,50,,,,,,,,,,,,,,,,,,,71.2,100,,,,,,,,,,,,,,,,,,
2026-06-30T18:15:29.909913+00:00,2026-07-01T04:15:29.904913,2,1,71.1,0.2,71.0,150,70.7,50,,,,,,,,,,,,,,,,,71.2,100,,,,,,,,,,,,,,,,,,
2026-06-30T18:15:29.974844+00:00,2026-07-01T04:15:29.971844,2,2,71.1,0.2,71.0,150,70.7,50,,,,,,,,,,,,,,,,,71.2,100,71.5,150,,,,,,,,,,,,,,,,
2026-06-30T18:15:31.536207+00:00,2026-07-01T04:15:31.536207,2,1,71.25,0.5,71.0,150,70.7,50,,,,,,,,,,,,,,,,,71.5,150,,,,,,,,,,,,,,,,,,
2026-06-30T18:15:31.547207+00:00,2026-07-01T04:15:31.538207,1,1,71.25,0.5,71.0,150,,,,,,,,,,,,,,,,,,,71.5,150,,,,,,,,,,,,,,,,,,
2026-06-30T18:15:31.558208+00:00,2026-07-01T04:15:31.552207,1,1,71.25,0.5,71.0,150,,,,,,,,,,,,,,,,,,,71.5,100,,,,,,,,,,,,,,,,,,
2026-06-30T18:15:31.590649+00:00,2026-07-01T04:15:31.590649,2,1,71.25,0.5,71.0,150,70.4,100,,,,,,,,,,,,,,,,,71.5,100,,,,,,,,,,,,,,,,,,
2026-06-30T18:15:31.656772+00:00,2026-07-01T04:15:31.647772,2,1,71.25,0.5,71.0,50,70.4,100,,,,,,,,,,,,,,,,,71.5,100,,,,,,,,,,,,,,,,,,
2026-06-30T18:15:32.017790+00:00,2026-07-01T04:15:32.012790,2,1,71.25,0.5,71.0,2,70.4,100,,,,,,,,,,,,,,,,,71.5,100,,,,,,,,,,,,,,,,,,
2026-06-30T18:15:33.034849+00:00,2026-07-01T04:15:33.024849,1,0,,,70.4,100,,,,,,,,,,,,,,,,,,,,,,,,,,,,,,,,,,,,,,
2026-06-30T18:15:33.078848+00:00,2026-07-01T04:15:33.077848,2,0,,,70.9,150,70.4,100,,,,,,,,,,,,,,,,,,,,,,,,,,,,,,,,,,,,
2026-06-30T18:15:33.132397+00:00,2026-07-01T04:15:33.130881,2,1,71.15,0.5,70.9,150,70.4,100,,,,,,,,,,,,,,,,,71.4,150,,,,,,,,,,,,,,,,,,
2026-06-30T18:15:33.492689+00:00,2026-07-01T04:15:33.485689,2,1,71.15,0.5,70.9,105,70.4,100,,,,,,,,,,,,,,,,,71.4,150,,,,,,,,,,,,,,,,,,
2026-06-30T18:15:33.667318+00:00,2026-07-01T04:15:33.658317,2,1,71.15,0.5,70.9,105,70.4,100,,,,,,,,,,,,,,,,,71.4,100,,,,,,,,,,,,,,,,,,
2026-06-30T18:15:34.539808+00:00,2026-07-01T04:15:34.531808,2,1,71.15,0.5,70.9,105,70.4,100,,,,,,,,,,,,,,,,,71.4,51,,,,,,,,,,,,,,,,,,
2026-06-30T18:15:34.704049+00:00,2026-07-01T04:15:34.699049,1,1,71.15,0.5,70.9,105,,,,,,,,,,,,,,,,,,,71.4,51,,,,,,,,,,,,,,,,,,
2026-06-30T18:15:34.759049+00:00,2026-07-01T04:15:34.752049,2,1,71.15,0.5,70.9,105,70.8,100,,,,,,,,,,,,,,,,,71.4,51,,,,,,,,,,,,,,,,,,
2026-06-30T18:15:34.835566+00:00,2026-07-01T04:15:34.824565,2,2,71.1,0.4,70.9,105,70.8,100,,,,,,,,,,,,,,,,,71.3,100,71.4,51,,,,,,,,,,,,,,,,
2026-06-30T18:15:35.775782+00:00,2026-07-01T04:15:35.766783,2,2,71.1,0.4,70.9,105,70.8,100,,,,,,,,,,,,,,,,,71.3,50,71.4,51,,,,,,,,,,,,,,,,
2026-06-30T18:15:36.191613+00:00,2026-07-01T04:15:36.185597,1,1,71.05,0.5,70.8,100,,,,,,,,,,,,,,,,,,,71.3,50,,,,,,,,,,,,,,,,,,
2026-06-30T18:15:36.246609+00:00,2026-07-01T04:15:36.239609,2,1,71.1,0.4,70.9,150,70.8,100,,,,,,,,,,,,,,,,,71.3,50,,,,,,,,,,,,,,,,,,
2026-06-30T18:15:36.301621+00:00,2026-07-01T04:15:36.291610,2,2,71.1,0.4,70.9,150,70.8,100,,,,,,,,,,,,,,,,,71.3,50,71.4,150,,,,,,,,,,,,,,,,
2026-06-30T18:15:37.524686+00:00,2026-07-01T04:15:37.518684,2,2,71.1,0.4,70.9,150,70.8,100,,,,,,,,,,,,,,,,,71.3,3,71.4,150,,,,,,,,,,,,,,,,
2026-06-30T18:15:37.879237+00:00,2026-07-01T04:15:37.875237,2,1,71.15,0.5,70.9,150,70.8,100,,,,,,,,,,,,,,,,,71.4,150,,,,,,,,,,,,,,,,,,
2026-06-30T18:15:37.890237+00:00,2026-07-01T04:15:37.883236,1,1,71.15,0.5,70.9,150,,,,,,,,,,,,,,,,,,,71.4,150,,,,,,,,,,,,,,,,,,
2026-06-30T18:15:37.932984+00:00,2026-07-01T04:15:37.931454,2,1,71.3,0.2,71.2,100,70.9,100,,,,,,,,,,,,,,,,,71.4,150,,,,,,,,,,,,,,,,,,
2026-06-30T18:15:37.987970+00:00,2026-07-01T04:15:37.981971,2,2,71.3,0.2,71.2,100,70.9,100,,,,,,,,,,,,,,,,,71.4,150,71.7,100,,,,,,,,,,,,,,,,
2026-06-30T18:15:38.631006+00:00,2026-07-01T04:15:38.624006,2,2,71.3,0.2,71.2,56,70.9,100,,,,,,,,,,,,,,,,,71.4,150,71.7,100,,,,,,,,,,,,,,,,
2026-06-30T18:15:39.354928+00:00,2026-07-01T04:15:39.346928,1,1,71.45,0.5,71.2,56,,,,,,,,,,,,,,,,,,,71.7,100,,,,,,,,,,,,,,,,,,
2026-06-30T18:15:39.409927+00:00,2026-07-01T04:15:39.398927,2,1,71.45,0.5,71.2,56,70.9,150,,,,,,,,,,,,,,,,,71.7,100,,,,,,,,,,,,,,,,,,
2026-06-30T18:15:39.453604+00:00,2026-07-01T04:15:39.451603,2,2,71.3,0.2,71.2,56,70.9,150,,,,,,,,,,,,,,,,,71.4,150,71.7,100,,,,,,,,,,,,,,,,
2026-06-30T18:15:39.716141+00:00,2026-07-01T04:15:39.714140,2,2,71.3,0.2,71.2,21,70.9,150,,,,,,,,,,,,,,,,,71.4,150,71.7,100,,,,,,,,,,,,,,,,
2026-06-30T18:15:39.804556+00:00,2026-07-01T04:15:39.797556,1,2,71.15,0.5,70.9,150,,,,,,,,,,,,,,,,,,,71.4,150,71.7,100,,,,,,,,,,,,,,,,
2026-06-30T18:15:40.032675+00:00,2026-07-01T04:15:40.031174,1,2,71.15,0.5,70.9,100,,,,,,,,,,,,,,,,,,,71.4,150,71.7,100,,,,,,,,,,,,,,,,
2026-06-30T18:15:41.037546+00:00,2026-07-01T04:15:41.036546,1,1,71.15,0.5,70.9,100,,,,,,,,,,,,,,,,,,,71.4,150,,,,,,,,,,,,,,,,,,
2026-06-30T18:15:41.102652+00:00,2026-07-01T04:15:41.093089,2,1,71.15,0.5,70.9,100,70.6,100,,,,,,,,,,,,,,,,,71.4,150,,,,,,,,,,,,,,,,,,
2026-06-30T18:15:41.157653+00:00,2026-07-01T04:15:41.146653,2,2,71.0,0.2,70.9,100,70.6,100,,,,,,,,,,,,,,,,,71.1,100,71.4,150,,,,,,,,,,,,,,,,
2026-06-30T18:15:42.106992+00:00,2026-07-01T04:15:42.096477,2,2,71.0,0.2,70.9,100,70.6,100,,,,,,,,,,,,,,,,,71.1,50,71.4,150,,,,,,,,,,,,,,,,
2026-06-30T18:15:42.139991+00:00,2026-07-01T04:15:42.136992,2,2,71.0,0.2,70.9,100,70.6,100,,,,,,,,,,,,,,,,,71.1,7,71.4,150,,,,,,,,,,,,,,,,
2026-06-30T18:15:42.510469+00:00,2026-07-01T04:15:42.508469,1,1,70.85,0.5,70.6,100,,,,,,,,,,,,,,,,,,,71.1,7,,,,,,,,,,,,,,,,,,
2026-06-30T18:15:42.564597+00:00,2026-07-01T04:15:42.561596,2,1,70.9,0.4,70.7,150,70.6,100,,,,,,,,,,,,,,,,,71.1,7,,,,,,,,,,,,,,,,,,
2026-06-30T18:15:42.619017+00:00,2026-07-01T04:15:42.614017,2,2,70.9,0.4,70.7,150,70.6,100,,,,,,,,,,,,,,,,,71.1,7,71.2,150,,,,,,,,,,,,,,,,
2026-06-30T18:15:44.205270+00:00,2026-07-01T04:15:44.201270,1,1,70.95,0.5,70.7,150,,,,,,,,,,,,,,,,,,,71.2,107,,,,,,,,,,,,,,,,,,
2026-06-30T18:15:44.260270+00:00,2026-07-01T04:15:44.253270,2,1,71.0,0.4,70.8,100,70.7,150,,,,,,,,,,,,,,,,,71.2,107,,,,,,,,,,,,,,,,,,
2026-06-30T18:15:44.315293+00:00,2026-07-01T04:15:44.306294,2,2,71.0,0.4,70.8,100,70.7,150,,,,,,,,,,,,,,,,,71.2,107,71.3,100,,,,,,,,,,,,,,,,
2026-06-30T18:15:45.671306+00:00,2026-07-01T04:15:45.668305,1,1,71.05,0.5,70.8,100,,,,,,,,,,,,,,,,,,,71.3,100,,,,,,,,,,,,,,,,,,
2026-06-30T18:15:45.736199+00:00,2026-07-01T04:15:45.728678,2,1,71.05,0.5,70.8,100,70.5,150,,,,,,,,,,,,,,,,,71.3,100,,,,,,,,,,,,,,,,,,
2026-06-30T18:15:45.790331+00:00,2026-07-01T04:15:45.780331,2,2,70.9,0.2,70.8,100,70.5,150,,,,,,,,,,,,,,,,,71.0,150,71.3,100,,,,,,,,,,,,,,,,
2026-06-30T18:15:46.311096+00:00,2026-07-01T04:15:46.309076,2,2,70.9,0.2,70.8,100,70.5,150,,,,,,,,,,,,,,,,,71.0,100,71.3,100,,,,,,,,,,,,,,,,
2026-06-30T18:15:47.367713+00:00,2026-07-01T04:15:47.364205,1,1,70.75,0.5,70.5,150,,,,,,,,,,,,,,,,,,,71.0,100,,,,,,,,,,,,,,,,,,
2026-06-30T18:15:47.421791+00:00,2026-07-01T04:15:47.417792,1,0,,,70.5,150,,,,,,,,,,,,,,,,,,,,,,,,,,,,,,,,,,,,,,
2026-06-30T18:15:47.473326+00:00,2026-07-01T04:15:47.468324,1,1,71.0,1.0,70.5,150,,,,,,,,,,,,,,,,,,,71.5,100,,,,,,,,,,,,,,,,,,
2026-06-30T18:15:48.425263+00:00,2026-07-01T04:15:48.416263,1,1,71.0,1.0,70.5,150,,,,,,,,,,,,,,,,,,,71.5,50,,,,,,,,,,,,,,,,,,
2026-06-30T18:15:48.840483+00:00,2026-07-01T04:15:48.833484,0,1,,,,,,,,,,,,,,,,,,,,,,,71.5,50,,,,,,,,,,,,,,,,,,
2026-06-30T18:15:48.894356+00:00,2026-07-01T04:15:48.891837,0,1,,,,,,,,,,,,,,,,,,,,,,,71.5,50,,,,,,,,,,,,,,,,,,
2026-06-30T18:15:48.949355+00:00,2026-07-01T04:15:48.938354,0,2,,,,,,,,,,,,,,,,,,,,,,,71.5,50,71.8,150,,,,,,,,,,,,,,,,
2026-06-30T18:15:50.523532+00:00,2026-07-01T04:15:50.522646,0,1,,,,,,,,,,,,,,,,,,,,,,,71.8,150,,,,,,,,,,,,,,,,,,
2026-06-30T18:15:50.589530+00:00,2026-07-01T04:15:50.583531,1,1,71.25,1.1,70.7,100,,,,,,,,,,,,,,,,,,,71.8,150,,,,,,,,,,,,,,,,,,
2026-06-30T18:15:50.633190+00:00,2026-07-01T04:15:50.630657,1,2,70.95,0.5,70.7,100,,,,,,,,,,,,,,,,,,,71.2,100,71.8,150,,,,,,,,,,,,,,,,
2026-06-30T18:15:51.998909+00:00,2026-07-01T04:15:51.992909,1,1,70.95,0.5,70.7,100,,,,,,,,,,,,,,,,,,,71.2,100,,,,,,,,,,,,,,,,,,
2026-06-30T18:15:52.053058+00:00,2026-07-01T04:15:52.045058,2,1,70.95,0.5,70.7,100,70.6,150,,,,,,,,,,,,,,,,,71.2,100,,,,,,,,,,,,,,,,,,
2026-06-30T18:15:52.106818+00:00,2026-07-01T04:15:52.097819,2,2,70.9,0.4,70.7,100,70.6,150,,,,,,,,,,,,,,,,,71.1,150,71.2,100,,,,,,,,,,,,,,,,
2026-06-30T18:15:52.641845+00:00,2026-07-01T04:15:52.635846,2,2,70.9,0.4,70.7,100,70.6,150,,,,,,,,,,,,,,,,,71.1,100,71.2,100,,,,,,,,,,,,,,,,
2026-06-30T18:15:53.694718+00:00,2026-07-01T04:15:53.685203,1,1,70.85,0.5,70.6,150,,,,,,,,,,,,,,,,,,,71.1,100,,,,,,,,,,,,,,,,,,
2026-06-30T18:15:53.749718+00:00,2026-07-01T04:15:53.738718,1,0,,,70.6,150,,,,,,,,,,,,,,,,,,,,,,,,,,,,,,,,,,,,,,
2026-06-30T18:15:53.793235+00:00,2026-07-01T04:15:53.791235,1,1,71.1,1.0,70.6,150,,,,,,,,,,,,,,,,,,,71.6,100,,,,,,,,,,,,,,,,,,
2026-06-30T18:15:55.159505+00:00,2026-07-01T04:15:55.151505,0,1,,,,,,,,,,,,,,,,,,,,,,,71.6,100,,,,,,,,,,,,,,,,,,
2026-06-30T18:15:55.214294+00:00,2026-07-01T04:15:55.205293,1,1,71.45,0.3,71.3,150,,,,,,,,,,,,,,,,,,,71.6,100,,,,,,,,,,,,,,,,,,
2026-06-30T18:15:55.224812+00:00,2026-07-01T04:15:55.217294,0,1,,,,,,,,,,,,,,,,,,,,,,,71.6,100,,,,,,,,,,,,,,,,,,
2026-06-30T18:15:55.268329+00:00,2026-07-01T04:15:55.258328,0,2,,,,,,,,,,,,,,,,,,,,,,,71.6,100,71.8,150,,,,,,,,,,,,,,,,
2026-06-30T18:15:56.853091+00:00,2026-07-01T04:15:56.845091,0,1,,,,,,,,,,,,,,,,,,,,,,,71.8,150,,,,,,,,,,,,,,,,,,
2026-06-30T18:15:56.908103+00:00,2026-07-01T04:15:56.901104,1,1,71.2,1.2,70.6,50,,,,,,,,,,,,,,,,,,,71.8,150,,,,,,,,,,,,,,,,,,
2026-06-30T18:15:56.961174+00:00,2026-07-01T04:15:56.953653,1,2,70.85,0.5,70.6,50,,,,,,,,,,,,,,,,,,,71.1,100,71.8,150,,,,,,,,,,,,,,,,
2026-06-30T18:15:58.318067+00:00,2026-07-01T04:15:58.314068,1,1,70.85,0.5,70.6,50,,,,,,,,,,,,,,,,,,,71.1,100,,,,,,,,,,,,,,,,,,
2026-06-30T18:15:58.372584+00:00,2026-07-01T04:15:58.363583,2,1,70.85,0.5,70.6,50,70.5,150,,,,,,,,,,,,,,,,,71.1,100,,,,,,,,,,,,,,,,,,
2026-06-30T18:15:58.448533+00:00,2026-07-01T04:15:58.438017,2,2,70.8,0.4,70.6,50,70.5,150,,,,,,,,,,,,,,,,,71.0,150,71.1,100,,,,,,,,,,,,,,,,
2026-06-30T18:15:58.634568+00:00,2026-07-01T04:15:58.625569,2,2,70.8,0.4,70.6,3,70.5,150,,,,,,,,,,,,,,,,,71.0,150,71.1,100,,,,,,,,,,,,,,,,
2026-06-30T18:15:58.961692+00:00,2026-07-01T04:15:58.956692,2,2,70.8,0.4,70.6,3,70.5,150,,,,,,,,,,,,,,,,,71.0,100,71.1,100,,,,,,,,,,,,,,,,
2026-06-30T18:15:59.661340+00:00,2026-07-01T04:15:59.658340,1,2,70.75,0.5,70.5,109,,,,,,,,,,,,,,,,,,,71.0,100,71.1,100,,,,,,,,,,,,,,,,
2026-06-30T18:16:00.020961+00:00,2026-07-01T04:16:00.009961,1,1,70.75,0.5,70.5,109,,,,,,,,,,,,,,,,,,,71.0,100,,,,,,,,,,,,,,,,,,
2026-06-30T18:16:00.064679+00:00,2026-07-01T04:16:00.059972,2,1,70.75,0.5,70.5,109,70.3,100,,,,,,,,,,,,,,,,,71.0,100,,,,,,,,,,,,,,,,,,
2026-06-30T18:16:00.119165+00:00,2026-07-01T04:16:00.112165,2,2,70.65,0.3,70.5,109,70.3,100,,,,,,,,,,,,,,,,,70.8,100,71.0,100,,,,,,,,,,,,,,,,
2026-06-30T18:16:00.292942+00:00,2026-07-01T04:16:00.290942,2,2,70.65,0.3,70.5,109,70.3,100,,,,,,,,,,,,,,,,,70.8,60,71.0,100,,,,,,,,,,,,,,,,
2026-06-30T18:16:01.491966+00:00,2026-07-01T04:16:01.490966,2,1,70.65,0.3,70.5,109,70.3,100,,,,,,,,,,,,,,,,,70.8,60,,,,,,,,,,,,,,,,,,
2026-06-30T18:16:01.502966+00:00,2026-07-01T04:16:01.492966,1,1,70.55,0.5,70.3,100,,,,,,,,,,,,,,,,,,,70.8,60,,,,,,,,,,,,,,,,,,
2026-06-30T18:16:01.545997+00:00,2026-07-01T04:16:01.544997,2,1,70.75,0.1,70.7,150,70.3,100,,,,,,,,,,,,,,,,,70.8,60,,,,,,,,,,,,,,,,,,
2026-06-30T18:16:01.601010+00:00,2026-07-01T04:16:01.598010,2,2,70.75,0.1,70.7,150,70.3,100,,,,,,,,,,,,,,,,,70.8,60,71.2,150,,,,,,,,,,,,,,,,
2026-06-30T18:16:01.984917+00:00,2026-07-01T04:16:01.976962,2,2,70.75,0.1,70.7,150,70.3,100,,,,,,,,,,,,,,,,,70.8,25,71.2,150,,,,,,,,,,,,,,,,
2026-06-30T18:16:02.094688+00:00,2026-07-01T04:16:02.085688,2,1,70.95,0.5,70.7,150,70.3,100,,,,,,,,,,,,,,,,,71.2,150,,,,,,,,,,,,,,,,,,
2026-06-30T18:16:02.357978+00:00,2026-07-01T04:16:02.348979,2,1,70.95,0.5,70.7,102,70.3,100,,,,,,,,,,,,,,,,,71.2,150,,,,,,,,,,,,,,,,,,
2026-06-30T18:16:02.982429+00:00,2026-07-01T04:16:02.975428,2,1,70.95,0.5,70.7,102,70.3,100,,,,,,,,,,,,,,,,,71.2,104,,,,,,,,,,,,,,,,,,
2026-06-30T18:16:03.167219+00:00,2026-07-01T04:16:03.166218,1,1,70.95,0.5,70.7,102,,,,,,,,,,,,,,,,,,,71.2,104,,,,,,,,,,,,,,,,,,
2026-06-30T18:16:03.221710+00:00,2026-07-01T04:16:03.219710,1,1,70.95,0.5,70.7,202,,,,,,,,,,,,,,,,,,,71.2,104,,,,,,,,,,,,,,,,,,
2026-06-30T18:16:03.297316+00:00,2026-07-01T04:16:03.288316,1,1,70.95,0.5,70.7,202,,,,,,,,,,,,,,,,,,,71.2,204,,,,,,,,,,,,,,,,,,
2026-06-30T18:16:04.653048+00:00,2026-07-01T04:16:04.652048,1,1,70.95,0.5,70.7,202,,,,,,,,,,,,,,,,,,,71.2,100,,,,,,,,,,,,,,,,,,
2026-06-30T18:16:04.663375+00:00,2026-07-01T04:16:04.653048,1,1,70.95,0.5,70.7,100,,,,,,,,,,,,,,,,,,,71.2,100,,,,,,,,,,,,,,,,,,
2026-06-30T18:16:04.717641+00:00,2026-07-01T04:16:04.706640,1,1,70.95,0.5,70.7,250,,,,,,,,,,,,,,,,,,,71.2,100,,,,,,,,,,,,,,,,,,
2026-06-30T18:16:04.761651+00:00,2026-07-01T04:16:04.760652,1,1,70.95,0.5,70.7,250,,,,,,,,,,,,,,,,,,,71.2,250,,,,,,,,,,,,,,,,,,
2026-06-30T18:16:05.034498+00:00,2026-07-01T04:16:05.026499,1,1,70.95,0.5,70.7,250,,,,,,,,,,,,,,,,,,,71.2,206,,,,,,,,,,,,,,,,,,
2026-06-30T18:16:05.342962+00:00,2026-07-01T04:16:05.336961,1,1,70.95,0.5,70.7,200,,,,,,,,,,,,,,,,,,,71.2,206,,,,,,,,,,,,,,,,,,
2026-06-30T18:16:06.152395+00:00,2026-07-01T04:16:06.141395,1,1,70.95,0.5,70.7,155,,,,,,,,,,,,,,,,,,,71.2,206,,,,,,,,,,,,,,,,,,
2026-06-30T18:16:06.350421+00:00,2026-07-01T04:16:06.345420,1,1,70.95,0.5,70.7,150,,,,,,,,,,,,,,,,,,,71.2,150,,,,,,,,,,,,,,,,,,
2026-06-30T18:16:06.405456+00:00,2026-07-01T04:16:06.396435,2,1,70.95,0.5,70.7,150,70.4,100,,,,,,,,,,,,,,,,,71.2,150,,,,,,,,,,,,,,,,,,
2026-06-30T18:16:06.459141+00:00,2026-07-01T04:16:06.449141,2,2,70.8,0.2,70.7,150,70.4,100,,,,,,,,,,,,,,,,,70.9,100,71.2,150,,,,,,,,,,,,,,,,
2026-06-30T18:16:07.452499+00:00,2026-07-01T04:16:07.448499,2,2,70.8,0.2,70.7,100,70.4,100,,,,,,,,,,,,,,,,,70.9,100,71.2,150,,,,,,,,,,,,,,,,
2026-06-30T18:16:07.823735+00:00,2026-07-01T04:16:07.816735,1,1,70.65,0.5,70.4,100,,,,,,,,,,,,,,,,,,,70.9,100,,,,,,,,,,,,,,,,,,
2026-06-30T18:16:07.878747+00:00,2026-07-01T04:16:07.868747,1,1,70.65,0.5,70.4,250,,,,,,,,,,,,,,,,,,,70.9,100,,,,,,,,,,,,,,,,,,
2026-06-30T18:16:07.922747+00:00,2026-07-01T04:16:07.920746,1,1,70.65,0.5,70.4,250,,,,,,,,,,,,,,,,,,,70.9,250,,,,,,,,,,,,,,,,,,
2026-06-30T18:16:08.186328+00:00,2026-07-01T04:16:08.180983,1,1,70.65,0.5,70.4,250,,,,,,,,,,,,,,,,,,,70.9,206,,,,,,,,,,,,,,,,,,
2026-06-30T18:16:08.513115+00:00,2026-07-01T04:16:08.505115,1,1,70.65,0.5,70.4,250,,,,,,,,,,,,,,,,,,,70.9,171,,,,,,,,,,,,,,,,,,
2026-06-30T18:16:08.599383+00:00,2026-07-01T04:16:08.596383,1,1,70.65,0.5,70.4,250,,,,,,,,,,,,,,,,,,,70.9,136,,,,,,,,,,,,,,,,,,
2026-06-30T18:16:08.687423+00:00,2026-07-01T04:16:08.685418,1,1,70.65,0.5,70.4,250,,,,,,,,,,,,,,,,,,,70.9,101,,,,,,,,,,,,,,,,,,
2026-06-30T18:16:08.786463+00:00,2026-07-01T04:16:08.775430,1,1,70.65,0.5,70.4,250,,,,,,,,,,,,,,,,,,,70.9,89,,,,,,,,,,,,,,,,,,
2026-06-30T18:16:09.506967+00:00,2026-07-01T04:16:09.505967,1,1,70.65,0.5,70.4,150,,,,,,,,,,,,,,,,,,,70.9,89,,,,,,,,,,,,,,,,,,
2026-06-30T18:16:09.561979+00:00,2026-07-01T04:16:09.552980,1,1,70.65,0.5,70.4,100,,,,,,,,,,,,,,,,,,,70.9,89,,,,,,,,,,,,,,,,,,
2026-06-30T18:16:09.572980+00:00,2026-07-01T04:16:09.566981,2,0,,,71.0,11,70.4,100,,,,,,,,,,,,,,,,,,,,,,,,,,,,,,,,,,,,
2026-06-30T18:16:09.616647+00:00,2026-07-01T04:16:09.612246,2,1,71.25,0.5,71.0,11,70.4,100,,,,,,,,,,,,,,,,,71.5,100,,,,,,,,,,,,,,,,,,
2026-06-30T18:16:10.218435+00:00,2026-07-01T04:16:10.217435,1,1,70.95,1.1,70.4,66,,,,,,,,,,,,,,,,,,,71.5,100,,,,,,,,,,,,,,,,,,
2026-06-30T18:16:10.983033+00:00,2026-07-01T04:16:10.982033,0,1,,,,,,,,,,,,,,,,,,,,,,,71.5,100,,,,,,,,,,,,,,,,,,
2026-06-30T18:16:11.038047+00:00,2026-07-01T04:16:11.031047,1,1,71.1,0.8,70.7,150,,,,,,,,,,,,,,,,,,,71.5,100,,,,,,,,,,,,,,,,,,
2026-06-30T18:16:11.093047+00:00,2026-07-01T04:16:11.086047,1,2,70.95,0.5,70.7,150,,,,,,,,,,,,,,,,,,,71.2,150,71.5,100,,,,,,,,,,,,,,,,
2026-06-30T18:16:11.344927+00:00,2026-07-01T04:16:11.335927,1,2,70.95,0.5,70.7,106,,,,,,,,,,,,,,,,,,,71.2,150,71.5,100,,,,,,,,,,,,,,,,
2026-06-30T18:16:11.662731+00:00,2026-07-01T04:16:11.661731,1,2,70.95,0.5,70.7,56,,,,,,,,,,,,,,,,,,,71.2,150,71.5,100,,,,,,,,,,,,,,,,
2026-06-30T18:16:12.677582+00:00,2026-07-01T04:16:12.666584,1,1,70.95,0.5,70.7,56,,,,,,,,,,,,,,,,,,,71.2,150,,,,,,,,,,,,,,,,,,
2026-06-30T18:16:12.721581+00:00,2026-07-01T04:16:12.721581,2,1,70.95,0.5,70.7,56,70.5,100,,,,,,,,,,,,,,,,,71.2,150,,,,,,,,,,,,,,,,,,
2026-06-30T18:16:12.775942+00:00,2026-07-01T04:16:12.773207,2,2,70.85,0.3,70.7,56,70.5,100,,,,,,,,,,,,,,,,,71.0,100,71.2,150,,,,,,,,,,,,,,,,
2026-06-30T18:16:13.776876+00:00,2026-07-01T04:16:13.770652,2,2,70.85,0.3,70.7,6,70.5,100,,,,,,,,,,,,,,,,,71.0,100,71.2,150,,,,,,,,,,,,,,,,
2026-06-30T18:16:14.148437+00:00,2026-07-01T04:16:14.138919,1,1,70.75,0.5,70.5,100,,,,,,,,,,,,,,,,,,,71.0,100,,,,,,,,,,,,,,,,,,
2026-06-30T18:16:14.203436+00:00,2026-07-01T04:16:14.200437,2,1,70.75,0.5,70.5,100,70.2,150,,,,,,,,,,,,,,,,,71.0,100,,,,,,,,,,,,,,,,,,
2026-06-30T18:16:14.257936+00:00,2026-07-01T04:16:14.256935,2,2,70.6,0.2,70.5,100,70.2,150,,,,,,,,,,,,,,,,,70.7,150,71.0,100,,,,,,,,,,,,,,,,
2026-06-30T18:16:14.268936+00:00,2026-07-01T04:16:14.264935,2,1,70.75,0.5,70.5,100,70.2,150,,,,,,,,,,,,,,,,,71.0,100,,,,,,,,,,,,,,,,,,
2026-06-30T18:16:15.831118+00:00,2026-07-01T04:16:15.829119,1,0,,,70.2,150,,,,,,,,,,,,,,,,,,,,,,,,,,,,,,,,,,,,,,
2026-06-30T18:16:15.885644+00:00,2026-07-01T04:16:15.880644,2,0,,,70.4,100,70.2,150,,,,,,,,,,,,,,,,,,,,,,,,,,,,,,,,,,,,
2026-06-30T18:16:15.941036+00:00,2026-07-01T04:16:15.934037,2,1,70.65,0.5,70.4,100,70.2,150,,,,,,,,,,,,,,,,,70.9,100,,,,,,,,,,,,,,,,,,
2026-06-30T18:16:17.318046+00:00,2026-07-01T04:16:17.309527,1,1,70.65,0.5,70.4,100,,,,,,,,,,,,,,,,,,,70.9,100,,,,,,,,,,,,,,,,,,
2026-06-30T18:16:17.362045+00:00,2026-07-01T04:16:17.361044,2,1,70.85,0.1,70.8,150,70.4,100,,,,,,,,,,,,,,,,,70.9,100,,,,,,,,,,,,,,,,,,
2026-06-30T18:16:17.416657+00:00,2026-07-01T04:16:17.413044,2,2,70.85,0.1,70.8,150,70.4,100,,,,,,,,,,,,,,,,,70.9,100,71.3,150,,,,,,,,,,,,,,,,
2026-06-30T18:16:17.941546+00:00,2026-07-01T04:16:17.933546,2,2,70.85,0.1,70.8,150,70.4,100,,,,,,,,,,,,,,,,,70.9,50,71.3,150,,,,,,,,,,,,,,,,
2026-06-30T18:16:18.989174+00:00,2026-07-01T04:16:18.988174,2,1,71.05,0.5,70.8,150,70.4,100,,,,,,,,,,,,,,,,,71.3,150,,,,,,,,,,,,,,,,,,
2026-06-30T18:16:19.000173+00:00,2026-07-01T04:16:18.989174,1,1,71.05,0.5,70.8,150,,,,,,,,,,,,,,,,,,,71.3,150,,,,,,,,,,,,,,,,,,
2026-06-30T18:16:19.055173+00:00,2026-07-01T04:16:19.046173,1,1,71.05,0.5,70.8,250,,,,,,,,,,,,,,,,,,,71.3,150,,,,,,,,,,,,,,,,,,
2026-06-30T18:16:19.098209+00:00,2026-07-01T04:16:19.095688,1,1,71.05,0.5,70.8,250,,,,,,,,,,,,,,,,,,,71.3,250,,,,,,,,,,,,,,,,,,
2026-06-30T18:16:20.051173+00:00,2026-07-01T04:16:20.040173,1,1,71.05,0.5,70.8,250,,,,,,,,,,,,,,,,,,,71.3,200,,,,,,,,,,,,,,,,,,
2026-06-30T18:16:20.477529+00:00,2026-07-01T04:16:20.469515,1,1,71.05,0.5,70.8,100,,,,,,,,,,,,,,,,,,,71.3,100,,,,,,,,,,,,,,,,,,
2026-06-30T18:16:20.532527+00:00,2026-07-01T04:16:20.525528,2,1,71.25,0.1,71.2,150,70.8,100,,,,,,,,,,,,,,,,,71.3,100,,,,,,,,,,,,,,,,,,
2026-06-30T18:16:20.576376+00:00,2026-07-01T04:16:20.574376,2,2,71.25,0.1,71.2,150,70.8,100,,,,,,,,,,,,,,,,,71.3,100,71.7,150,,,,,,,,,,,,,,,,
2026-06-30T18:16:22.152726+00:00,2026-07-01T04:16:22.149726,1,1,71.45,0.5,71.2,150,,,,,,,,,,,,,,,,,,,71.7,150,,,,,,,,,,,,,,,,,,
2026-06-30T18:16:22.218137+00:00,2026-07-01T04:16:22.207232,2,1,71.5,0.4,71.3,100,71.2,150,,,,,,,,,,,,,,,,,71.7,150,,,,,,,,,,,,,,,,,,
2026-06-30T18:16:22.262135+00:00,2026-07-01T04:16:22.255135,2,2,71.5,0.4,71.3,100,71.2,150,,,,,,,,,,,,,,,,,71.7,150,71.8,100,,,,,,,,,,,,,,,,
2026-06-30T18:16:22.861423+00:00,2026-07-01T04:16:22.860422,1,2,71.45,0.5,71.2,150,,,,,,,,,,,,,,,,,,,71.7,150,71.8,100,,,,,,,,,,,,,,,,
2026-06-30T18:16:22.905422+00:00,2026-07-01T04:16:22.896422,1,2,71.45,0.5,71.2,115,,,,,,,,,,,,,,,,,,,71.7,150,71.8,100,,,,,,,,,,,,,,,,
2026-06-30T18:16:22.992714+00:00,2026-07-01T04:16:22.985715,1,2,71.45,0.5,71.2,80,,,,,,,,,,,,,,,,,,,71.7,150,71.8,100,,,,,,,,,,,,,,,,
2026-06-30T18:16:23.079266+00:00,2026-07-01T04:16:23.074266,1,2,71.45,0.5,71.2,45,,,,,,,,,,,,,,,,,,,71.7,150,71.8,100,,,,,,,,,,,,,,,,
2026-06-30T18:16:23.167526+00:00,2026-07-01T04:16:23.163511,1,2,71.45,0.5,71.2,10,,,,,,,,,,,,,,,,,,,71.7,150,71.8,100,,,,,,,,,,,,,,,,
2026-06-30T18:16:23.287610+00:00,2026-07-01T04:16:23.280598,0,2,,,,,,,,,,,,,,,,,,,,,,,71.7,150,71.8,100,,,,,,,,,,,,,,,,
2026-06-30T18:16:23.635677+00:00,2026-07-01T04:16:23.627677,0,1,,,,,,,,,,,,,,,,,,,,,,,71.8,100,,,,,,,,,,,,,,,,,,
2026-06-30T18:16:23.689693+00:00,2026-07-01T04:16:23.683694,1,1,71.15,1.3,70.5,150,,,,,,,,,,,,,,,,,,,71.8,100,,,,,,,,,,,,,,,,,,
2026-06-30T18:16:23.744693+00:00,2026-07-01T04:16:23.734694,1,2,70.75,0.5,70.5,150,,,,,,,,,,,,,,,,,,,71.0,150,71.8,100,,,,,,,,,,,,,,,,
2026-06-30T18:16:24.258312+00:00,2026-07-01T04:16:24.253793,1,2,70.75,0.5,70.5,150,,,,,,,,,,,,,,,,,,,71.0,100,71.8,100,,,,,,,,,,,,,,,,
2026-06-30T18:16:25.132148+00:00,2026-07-01T04:16:25.129148,1,2,70.75,0.5,70.5,150,,,,,,,,,,,,,,,,,,,71.0,65,71.8,100,,,,,,,,,,,,,,,,
2026-06-30T18:16:25.218658+00:00,2026-07-01T04:16:25.218143,1,2,70.75,0.5,70.5,150,,,,,,,,,,,,,,,,,,,71.0,30,71.8,100,,,,,,,,,,,,,,,,
2026-06-30T18:16:25.316141+00:00,2026-07-01T04:16:25.309141,1,0,,,70.5,150,,,,,,,,,,,,,,,,,,,,,,,,,,,,,,,,,,,,,,
2026-06-30T18:16:25.370351+00:00,2026-07-01T04:16:25.361351,2,0,,,70.9,100,70.5,150,,,,,,,,,,,,,,,,,,,,,,,,,,,,,,,,,,,,
2026-06-30T18:16:25.414363+00:00,2026-07-01T04:16:25.413363,2,1,71.15,0.5,70.9,100,70.5,150,,,,,,,,,,,,,,,,,71.4,100,,,,,,,,,,,,,,,,,,
2026-06-30T18:16:26.418446+00:00,2026-07-01T04:16:26.408567,2,1,71.15,0.5,70.9,50,70.5,150,,,,,,,,,,,,,,,,,71.4,100,,,,,,,,,,,,,,,,,,
2026-06-30T18:16:26.791031+00:00,2026-07-01T04:16:26.788030,1,1,71.15,0.5,70.9,50,,,,,,,,,,,,,,,,,,,71.4,100,,,,,,,,,,,,,,,,,,
2026-06-30T18:16:26.846030+00:00,2026-07-01T04:16:26.841031,2,1,71.3,0.2,71.2,150,70.9,50,,,,,,,,,,,,,,,,,71.4,100,,,,,,,,,,,,,,,,,,
2026-06-30T18:16:26.922181+00:00,2026-07-01T04:16:26.919181,2,2,71.3,0.2,71.2,150,70.9,50,,,,,,,,,,,,,,,,,71.4,100,71.7,150,,,,,,,,,,,,,,,,
2026-06-30T18:16:28.245175+00:00,2026-07-01T04:16:28.237175,2,2,71.3,0.2,71.2,150,70.9,50,,,,,,,,,,,,,,,,,71.4,56,71.7,150,,,,,,,,,,,,,,,,
2026-06-30T18:16:28.476480+00:00,2026-07-01T04:16:28.467481,1,1,71.45,0.5,71.2,150,,,,,,,,,,,,,,,,,,,71.7,150,,,,,,,,,,,,,,,,,,
2026-06-30T18:16:28.530674+00:00,2026-07-01T04:16:28.520674,1,1,71.45,0.5,71.2,250,,,,,,,,,,,,,,,,,,,71.7,150,,,,,,,,,,,,,,,,,,
2026-06-30T18:16:28.574190+00:00,2026-07-01T04:16:28.573191,1,1,71.45,0.5,71.2,250,,,,,,,,,,,,,,,,,,,71.7,250,,,,,,,,,,,,,,,,,,
2026-06-30T18:16:28.771225+00:00,2026-07-01T04:16:28.766225,1,1,71.45,0.5,71.2,250,,,,,,,,,,,,,,,,,,,71.7,202,,,,,,,,,,,,,,,,,,
2026-06-30T18:16:29.984043+00:00,2026-07-01T04:16:29.977044,1,1,71.45,0.5,71.2,100,,,,,,,,,,,,,,,,,,,71.7,100,,,,,,,,,,,,,,,,,,
2026-06-30T18:16:30.038727+00:00,2026-07-01T04:16:30.035727,2,1,71.6,0.2,71.5,79,71.2,100,,,,,,,,,,,,,,,,,71.7,100,,,,,,,,,,,,,,,,,,
2026-06-30T18:16:30.060242+00:00,2026-07-01T04:16:30.049242,1,1,71.45,0.5,71.2,100,,,,,,,,,,,,,,,,,,,71.7,100,,,,,,,,,,,,,,,,,,
2026-06-30T18:16:30.093242+00:00,2026-07-01T04:16:30.083242,1,2,71.45,0.5,71.2,100,,,,,,,,,,,,,,,,,,,71.7,100,72.0,150,,,,,,,,,,,,,,,,
2026-06-30T18:16:30.624037+00:00,2026-07-01T04:16:30.619037,1,2,71.45,0.5,71.2,1,,,,,,,,,,,,,,,,,,,71.7,100,72.0,150,,,,,,,,,,,,,,,,
2026-06-30T18:16:31.626690+00:00,2026-07-01T04:16:31.625691,1,1,71.6,0.8,71.2,1,,,,,,,,,,,,,,,,,,,72.0,150,,,,,,,,,,,,,,,,,,
2026-06-30T18:16:31.637573+00:00,2026-07-01T04:16:31.627580,0,1,,,,,,,,,,,,,,,,,,,,,,,72.0,150,,,,,,,,,,,,,,,,,,
2026-06-30T18:16:31.681573+00:00,2026-07-01T04:16:31.680573,1,1,71.45,1.1,70.9,100,,,,,,,,,,,,,,,,,,,72.0,150,,,,,,,,,,,,,,,,,,
2026-06-30T18:16:31.736572+00:00,2026-07-01T04:16:31.732573,1,2,71.15,0.5,70.9,100,,,,,,,,,,,,,,,,,,,71.4,100,72.0,150,,,,,,,,,,,,,,,,
2026-06-30T18:16:31.801642+00:00,2026-07-01T04:16:31.799640,1,2,71.15,0.5,70.9,100,,,,,,,,,,,,,,,,,,,71.4,57,72.0,150,,,,,,,,,,,,,,,,
2026-06-30T18:16:32.727939+00:00,2026-07-01T04:16:32.726939,1,2,71.15,0.5,70.9,50,,,,,,,,,,,,,,,,,,,71.4,57,72.0,150,,,,,,,,,,,,,,,,
2026-06-30T18:16:33.143363+00:00,2026-07-01T04:16:33.137362,1,1,71.15,0.5,70.9,50,,,,,,,,,,,,,,,,,,,71.4,57,,,,,,,,,,,,,,,,,,
2026-06-30T18:16:33.197623+00:00,2026-07-01T04:16:33.191623,2,1,71.15,0.5,70.9,50,70.8,150,,,,,,,,,,,,,,,,,71.4,57,,,,,,,,,,,,,,,,,,
2026-06-30T18:16:33.251668+00:00,2026-07-01T04:16:33.243668,2,2,71.1,0.4,70.9,50,70.8,150,,,,,,,,,,,,,,,,,71.3,150,71.4,57,,,,,,,,,,,,,,,,
2026-06-30T18:16:34.793629+00:00,2026-07-01T04:16:34.788628,2,1,71.1,0.4,70.9,50,70.8,150,,,,,,,,,,,,,,,,,71.3,100,,,,,,,,,,,,,,,,,,
2026-06-30T18:16:34.804628+00:00,2026-07-01T04:16:34.795627,1,1,71.05,0.5,70.8,150,,,,,,,,,,,,,,,,,,,71.3,100,,,,,,,,,,,,,,,,,,
2026-06-30T18:16:34.859388+00:00,2026-07-01T04:16:34.848372,2,1,71.05,0.5,70.8,150,70.7,100,,,,,,,,,,,,,,,,,71.3,100,,,,,,,,,,,,,,,,,,
2026-06-30T18:16:34.902899+00:00,2026-07-01T04:16:34.893900,2,2,71.0,0.4,70.8,150,70.7,100,,,,,,,,,,,,,,,,,71.2,100,71.3,100,,,,,,,,,,,,,,,,
2026-06-30T18:16:36.237213+00:00,2026-07-01T04:16:36.232212,2,2,71.0,0.4,70.8,110,70.7,100,,,,,,,,,,,,,,,,,71.2,100,71.3,100,,,,,,,,,,,,,,,,
2026-06-30T18:16:36.302989+00:00,2026-07-01T04:16:36.299989,1,1,70.95,0.5,70.7,100,,,,,,,,,,,,,,,,,,,71.2,100,,,,,,,,,,,,,,,,,,
2026-06-30T18:16:36.357989+00:00,2026-07-01T04:16:36.351989,2,1,70.95,0.5,70.7,100,70.6,150,,,,,,,,,,,,,,,,,71.2,100,,,,,,,,,,,,,,,,,,
2026-06-30T18:16:36.412077+00:00,2026-07-01T04:16:36.408076,2,2,70.9,0.4,70.7,100,70.6,150,,,,,,,,,,,,,,,,,71.1,150,71.2,100,,,,,,,,,,,,,,,,
2026-06-30T18:16:36.902722+00:00,2026-07-01T04:16:36.891721,2,2,70.9,0.4,70.7,100,70.6,150,,,,,,,,,,,,,,,,,71.1,100,71.2,100,,,,,,,,,,,,,,,,
2026-06-30T18:16:37.954328+00:00,2026-07-01T04:16:37.950329,1,1,70.85,0.5,70.6,150,,,,,,,,,,,,,,,,,,,71.1,100,,,,,,,,,,,,,,,,,,
2026-06-30T18:16:38.019846+00:00,2026-07-01T04:16:38.009328,1,1,70.85,0.5,70.6,250,,,,,,,,,,,,,,,,,,,71.1,100,,,,,,,,,,,,,,,,,,
2026-06-30T18:16:38.063844+00:00,2026-07-01T04:16:38.055845,1,1,70.85,0.5,70.6,250,,,,,,,,,,,,,,,,,,,71.1,200,,,,,,,,,,,,,,,,,,
2026-06-30T18:16:39.004044+00:00,2026-07-01T04:16:38.998044,1,1,70.85,0.5,70.6,250,,,,,,,,,,,,,,,,,,,71.1,150,,,,,,,,,,,,,,,,,,
2026-06-30T18:16:39.353465+00:00,2026-07-01T04:16:39.349465,1,1,70.85,0.5,70.6,250,,,,,,,,,,,,,,,,,,,71.1,107,,,,,,,,,,,,,,,,,,
2026-06-30T18:16:39.462449+00:00,2026-07-01T04:16:39.461450,1,1,70.85,0.5,70.6,100,,,,,,,,,,,,,,,,,,,71.1,100,,,,,,,,,,,,,,,,,,
2026-06-30T18:16:39.528463+00:00,2026-07-01T04:16:39.517463,2,0,,,71.4,50,70.6,100,,,,,,,,,,,,,,,,,,,,,,,,,,,,,,,,,,,,
2026-06-30T18:16:39.571549+00:00,2026-07-01T04:16:39.570549,2,1,71.65,0.5,71.4,50,70.6,100,,,,,,,,,,,,,,,,,71.9,150,,,,,,,,,,,,,,,,,,
2026-06-30T18:16:39.604547+00:00,2026-07-01T04:16:39.597548,2,1,71.65,0.5,71.4,2,70.6,100,,,,,,,,,,,,,,,,,71.9,150,,,,,,,,,,,,,,,,,,
2026-06-30T18:16:41.114720+00:00,2026-07-01T04:16:41.109720,1,1,71.65,0.5,71.4,2,,,,,,,,,,,,,,,,,,,71.9,100,,,,,,,,,,,,,,,,,,
2026-06-30T18:16:41.169297+00:00,2026-07-01T04:16:41.162732,2,1,71.65,0.5,71.4,2,70.9,100,,,,,,,,,,,,,,,,,71.9,100,,,,,,,,,,,,,,,,,,
2026-06-30T18:16:41.224408+00:00,2026-07-01T04:16:41.216408,1,2,71.15,0.5,70.9,100,,,,,,,,,,,,,,,,,,,71.4,98,71.9,100,,,,,,,,,,,,,,,,
2026-06-30T18:16:41.887370+00:00,2026-07-01T04:16:41.884370,1,2,71.15,0.5,70.9,53,,,,,,,,,,,,,,,,,,,71.4,98,71.9,100,,,,,,,,,,,,,,,,
2026-06-30T18:16:42.650977+00:00,2026-07-01T04:16:42.649976,1,1,71.15,0.5,70.9,53,,,,,,,,,,,,,,,,,,,71.4,98,,,,,,,,,,,,,,,,,,
2026-06-30T18:16:42.716976+00:00,2026-07-01T04:16:42.706975,1,1,71.15,0.5,70.9,203,,,,,,,,,,,,,,,,,,,71.4,98,,,,,,,,,,,,,,,,,,
2026-06-30T18:16:42.761033+00:00,2026-07-01T04:16:42.760032,1,1,71.15,0.5,70.9,203,,,,,,,,,,,,,,,,,,,71.4,248,,,,,,,,,,,,,,,,,,
2026-06-30T18:16:43.218927+00:00,2026-07-01T04:16:43.214929,1,1,71.15,0.5,70.9,203,,,,,,,,,,,,,,,,,,,71.4,198,,,,,,,,,,,,,,,,,,
2026-06-30T18:16:44.278021+00:00,2026-07-01T04:16:44.272021,1,1,71.15,0.5,70.9,150,,,,,,,,,,,,,,,,,,,71.4,150,,,,,,,,,,,,,,,,,,
2026-06-30T18:16:44.332552+00:00,2026-07-01T04:16:44.325551,2,1,71.15,0.5,70.9,150,70.8,100,,,,,,,,,,,,,,,,,71.4,150,,,,,,,,,,,,,,,,,,
2026-06-30T18:16:44.387552+00:00,2026-07-01T04:16:44.379551,2,2,71.1,0.4,70.9,150,70.8,100,,,,,,,,,,,,,,,,,71.3,100,71.4,150,,,,,,,,,,,,,,,,
2026-06-30T18:16:45.814331+00:00,2026-07-01T04:16:45.813332,2,1,71.1,0.4,70.9,150,70.8,100,,,,,,,,,,,,,,,,,71.3,100,,,,,,,,,,,,,,,,,,
2026-06-30T18:16:45.825342+00:00,2026-07-01T04:16:45.816331,1,1,71.05,0.5,70.8,100,,,,,,,,,,,,,,,,,,,71.3,100,,,,,,,,,,,,,,,,,,
2026-06-30T18:16:45.880217+00:00,2026-07-01T04:16:45.871204,2,1,71.15,0.3,71.0,150,70.8,100,,,,,,,,,,,,,,,,,71.3,100,,,,,,,,,,,,,,,,,,
2026-06-30T18:16:45.935216+00:00,2026-07-01T04:16:45.925215,2,2,71.15,0.3,71.0,150,70.8,100,,,,,,,,,,,,,,,,,71.3,100,71.5,150,,,,,,,,,,,,,,,,
2026-06-30T18:16:47.434299+00:00,2026-07-01T04:16:47.433298,2,1,71.25,0.5,71.0,150,70.8,100,,,,,,,,,,,,,,,,,71.5,150,,,,,,,,,,,,,,,,,,
2026-06-30T18:16:47.445299+00:00,2026-07-01T04:16:47.434299,1,1,71.25,0.5,71.0,150,,,,,,,,,,,,,,,,,,,71.5,150,,,,,,,,,,,,,,,,,,
2026-06-30T18:16:47.489298+00:00,2026-07-01T04:16:47.486297,1,1,71.25,0.5,71.0,100,,,,,,,,,,,,,,,,,,,71.5,150,,,,,,,,,,,,,,,,,,
2026-06-30T18:16:47.499851+00:00,2026-07-01T04:16:47.489298,2,1,71.25,0.5,71.0,100,70.9,100,,,,,,,,,,,,,,,,,71.5,150,,,,,,,,,,,,,,,,,,
2026-06-30T18:16:47.543850+00:00,2026-07-01T04:16:47.540851,2,2,71.2,0.4,71.0,100,70.9,100,,,,,,,,,,,,,,,,,71.4,100,71.5,150,,,,,,,,,,,,,,,,
2026-06-30T18:16:48.865347+00:00,2026-07-01T04:16:48.863347,2,2,71.2,0.4,71.0,100,70.9,100,,,,,,,,,,,,,,,,,71.4,59,71.5,150,,,,,,,,,,,,,,,,
2026-06-30T18:16:48.985394+00:00,2026-07-01T04:16:48.979395,1,1,71.15,0.5,70.9,100,,,,,,,,,,,,,,,,,,,71.4,59,,,,,,,,,,,,,,,,,,
2026-06-30T18:16:49.039921+00:00,2026-07-01T04:16:49.030923,2,1,71.15,0.5,70.9,100,70.8,150,,,,,,,,,,,,,,,,,71.4,59,,,,,,,,,,,,,,,,,,
2026-06-30T18:16:49.095268+00:00,2026-07-01T04:16:49.084269,2,2,71.1,0.4,70.9,100,70.8,150,,,,,,,,,,,,,,,,,71.3,150,71.4,59,,,,,,,,,,,,,,,,
2026-06-30T18:16:49.488835+00:00,2026-07-01T04:16:49.479835,2,2,71.1,0.4,70.9,58,70.8,150,,,,,,,,,,,,,,,,,71.3,150,71.4,59,,,,,,,,,,,,,,,,
2026-06-30T18:16:50.057778+00:00,2026-07-01T04:16:50.049779,2,2,71.1,0.4,70.9,58,70.8,150,,,,,,,,,,,,,,,,,71.3,105,71.4,59,,,,,,,,,,,,,,,,
2026-06-30T18:16:50.604861+00:00,2026-07-01T04:16:50.594862,1,1,71.05,0.5,70.8,150,,,,,,,,,,,,,,,,,,,71.3,105,,,,,,,,,,,,,,,,,,
2026-06-30T18:16:50.648145+00:00,2026-07-01T04:16:50.647144,1,1,71.05,0.5,70.8,250,,,,,,,,,,,,,,,,,,,71.3,105,,,,,,,,,,,,,,,,,,
2026-06-30T18:16:50.714083+00:00,2026-07-01T04:16:50.704083,1,1,71.05,0.5,70.8,250,,,,,,,,,,,,,,,,,,,71.3,205,,,,,,,,,,,,,,,,,,
2026-06-30T18:16:51.699042+00:00,2026-07-01T04:16:51.695041,1,1,71.05,0.5,70.8,200,,,,,,,,,,,,,,,,,,,71.3,205,,,,,,,,,,,,,,,,,,
2026-06-30T18:16:52.060046+00:00,2026-07-01T04:16:52.055047,1,1,71.05,0.5,70.8,157,,,,,,,,,,,,,,,,,,,71.3,205,,,,,,,,,,,,,,,,,,
2026-06-30T18:16:52.147572+00:00,2026-07-01T04:16:52.140572,1,1,71.05,0.5,70.8,100,,,,,,,,,,,,,,,,,,,71.3,100,,,,,,,,,,,,,,,,,,
2026-06-30T18:16:52.201771+00:00,2026-07-01T04:16:52.193395,2,1,71.05,0.5,70.8,100,70.5,150,,,,,,,,,,,,,,,,,71.3,100,,,,,,,,,,,,,,,,,,
2026-06-30T18:16:52.256315+00:00,2026-07-01T04:16:52.247315,2,2,70.9,0.2,70.8,100,70.5,150,,,,,,,,,,,,,,,,,71.0,150,71.3,100,,,,,,,,,,,,,,,,
2026-06-30T18:16:53.022027+00:00,2026-07-01T04:16:53.013500,2,2,70.9,0.2,70.8,100,70.5,150,,,,,,,,,,,,,,,,,71.0,101,71.3,100,,,,,,,,,,,,,,,,
2026-06-30T18:16:53.754296+00:00,2026-07-01T04:16:53.753739,2,1,70.9,0.2,70.8,100,70.5,150,,,,,,,,,,,,,,,,,71.0,51,,,,,,,,,,,,,,,,,,
2026-06-30T18:16:53.764957+00:00,2026-07-01T04:16:53.755293,1,1,70.75,0.5,70.5,150,,,,,,,,,,,,,,,,,,,71.0,51,,,,,,,,,,,,,,,,,,
2026-06-30T18:16:53.808320+00:00,2026-07-01T04:16:53.807081,2,1,70.9,0.2,70.8,100,70.5,150,,,,,,,,,,,,,,,,,71.0,51,,,,,,,,,,,,,,,,,,
2026-06-30T18:16:53.862330+00:00,2026-07-01T04:16:53.860330,2,2,70.9,0.2,70.8,100,70.5,150,,,,,,,,,,,,,,,,,71.0,51,71.3,100,,,,,,,,,,,,,,,,
2026-06-30T18:16:55.301684+00:00,2026-07-01T04:16:55.300685,2,1,71.05,0.5,70.8,100,70.5,150,,,,,,,,,,,,,,,,,71.3,100,,,,,,,,,,,,,,,,,,
2026-06-30T18:16:55.312201+00:00,2026-07-01T04:16:55.301684,1,1,71.05,0.5,70.8,100,,,,,,,,,,,,,,,,,,,71.3,100,,,,,,,,,,,,,,,,,,
2026-06-30T18:16:55.367201+00:00,2026-07-01T04:16:55.356201,2,1,71.1,0.4,70.9,150,70.8,100,,,,,,,,,,,,,,,,,71.3,100,,,,,,,,,,,,,,,,,,
2026-06-30T18:16:55.410538+00:00,2026-07-01T04:16:55.409538,2,2,71.1,0.4,70.9,150,70.8,100,,,,,,,,,,,,,,,,,71.3,100,71.4,150,,,,,,,,,,,,,,,,
2026-06-30T18:16:55.868870+00:00,2026-07-01T04:16:55.859871,2,2,71.1,0.4,70.9,150,70.8,100,,,,,,,,,,,,,,,,,71.3,50,71.4,150,,,,,,,,,,,,,,,,
2026-06-30T18:16:56.743912+00:00,2026-07-01T04:16:56.735912,2,2,71.1,0.4,70.9,109,70.8,100,,,,,,,,,,,,,,,,,71.3,50,71.4,150,,,,,,,,,,,,,,,,
2026-06-30T18:16:56.927603+00:00,2026-07-01T04:16:56.917604,1,1,71.15,0.5,70.9,109,,,,,,,,,,,,,,,,,,,71.4,150,,,,,,,,,,,,,,,,,,
2026-06-30T18:16:56.981636+00:00,2026-07-01T04:16:56.971636,2,1,71.2,0.4,71.0,100,70.9,109,,,,,,,,,,,,,,,,,71.4,150,,,,,,,,,,,,,,,,,,
2026-06-30T18:16:57.025267+00:00,2026-07-01T04:16:57.021268,2,2,71.2,0.4,71.0,100,70.9,109,,,,,,,,,,,,,,,,,71.4,150,71.5,100,,,,,,,,,,,,,,,,
2026-06-30T18:16:57.976340+00:00,2026-07-01T04:16:57.968340,2,2,71.2,0.4,71.0,100,70.9,109,,,,,,,,,,,,,,,,,71.4,100,71.5,100,,,,,,,,,,,,,,,,
2026-06-30T18:16:58.467637+00:00,2026-07-01T04:16:58.464637,1,1,71.25,0.5,71.0,100,,,,,,,,,,,,,,,,,,,71.5,100,,,,,,,,,,,,,,,,,,
2026-06-30T18:16:58.522443+00:00,2026-07-01T04:16:58.518230,2,1,71.3,0.4,71.1,150,71.0,100,,,,,,,,,,,,,,,,,71.5,100,,,,,,,,,,,,,,,,,,
2026-06-30T18:16:58.577438+00:00,2026-07-01T04:16:58.570438,2,2,71.3,0.4,71.1,150,71.0,100,,,,,,,,,,,,,,,,,71.5,100,71.6,150,,,,,,,,,,,,,,,,
2026-06-30T18:16:59.387541+00:00,2026-07-01T04:16:59.381541,2,2,71.3,0.4,71.1,105,71.0,100,,,,,,,,,,,,,,,,,71.5,100,71.6,150,,,,,,,,,,,,,,,,
2026-06-30T18:17:00.042657+00:00,2026-07-01T04:17:00.032377,2,2,71.3,0.4,71.1,105,71.0,100,,,,,,,,,,,,,,,,,71.5,57,71.6,150,,,,,,,,,,,,,,,,
2026-06-30T18:17:00.075171+00:00,2026-07-01T04:17:00.072171,2,2,71.3,0.4,71.1,105,71.0,100,,,,,,,,,,,,,,,,,71.5,7,71.6,150,,,,,,,,,,,,,,,,
2026-06-30T18:17:00.086171+00:00,2026-07-01T04:17:00.076172,1,1,71.35,0.5,71.1,105,,,,,,,,,,,,,,,,,,,71.6,150,,,,,,,,,,,,,,,,,,
2026-06-30T18:17:00.130172+00:00,2026-07-01T04:17:00.128172,2,1,71.45,0.3,71.3,100,71.1,105,,,,,,,,,,,,,,,,,71.6,150,,,,,,,,,,,,,,,,,,
2026-06-30T18:17:00.184206+00:00,2026-07-01T04:17:00.181206,2,2,71.45,0.3,71.3,100,71.1,105,,,,,,,,,,,,,,,,,71.6,150,71.8,100,,,,,,,,,,,,,,,,
2026-06-30T18:17:01.628262+00:00,2026-07-01T04:17:01.627264,1,1,71.55,0.5,71.3,100,,,,,,,,,,,,,,,,,,,71.8,100,,,,,,,,,,,,,,,,,,
2026-06-30T18:17:01.682506+00:00,2026-07-01T04:17:01.678941,2,1,71.55,0.5,71.3,100,70.9,150,,,,,,,,,,,,,,,,,71.8,100,,,,,,,,,,,,,,,,,,
2026-06-30T18:17:01.737506+00:00,2026-07-01T04:17:01.732507,2,2,71.35,0.1,71.3,100,70.9,150,,,,,,,,,,,,,,,,,71.4,150,71.8,100,,,,,,,,,,,,,,,,
2026-06-30T18:17:02.182436+00:00,2026-07-01T04:17:02.179435,2,2,71.35,0.1,71.3,100,70.9,150,,,,,,,,,,,,,,,,,71.4,100,71.8,100,,,,,,,,,,,,,,,,
2026-06-30T18:17:03.040445+00:00,2026-07-01T04:17:03.039445,2,2,71.35,0.1,71.3,59,70.9,150,,,,,,,,,,,,,,,,,71.4,100,71.8,100,,,,,,,,,,,,,,,,
2026-06-30T18:17:03.256868+00:00,2026-07-01T04:17:03.248869,1,1,71.15,0.5,70.9,150,,,,,,,,,,,,,,,,,,,71.4,100,,,,,,,,,,,,,,,,,,
2026-06-30T18:17:03.311386+00:00,2026-07-01T04:17:03.301386,2,1,71.2,0.4,71.0,100,70.9,150,,,,,,,,,,,,,,,,,71.4,100,,,,,,,,,,,,,,,,,,
2026-06-30T18:17:03.365901+00:00,2026-07-01T04:17:03.354901,2,2,71.2,0.4,71.0,100,70.9,150,,,,,,,,,,,,,,,,,71.4,100,71.5,100,,,,,,,,,,,,,,,,
2026-06-30T18:17:04.002784+00:00,2026-07-01T04:17:03.996256,2,2,71.2,0.4,71.0,100,70.9,150,,,,,,,,,,,,,,,,,71.4,56,71.5,100,,,,,,,,,,,,,,,,
2026-06-30T18:17:04.295159+00:00,2026-07-01T04:17:04.284159,2,2,71.2,0.4,71.0,100,70.9,150,,,,,,,,,,,,,,,,,71.4,6,71.5,100,,,,,,,,,,,,,,,,
2026-06-30T18:17:04.514702+00:00,2026-07-01T04:17:04.506701,2,1,71.25,0.5,71.0,100,70.9,150,,,,,,,,,,,,,,,,,71.5,100,,,,,,,,,,,,,,,,,,
2026-06-30T18:17:04.790225+00:00,2026-07-01T04:17:04.787225,1,1,71.25,0.5,71.0,100,,,,,,,,,,,,,,,,,,,71.5,100,,,,,,,,,,,,,,,,,,
2026-06-30T18:17:04.845220+00:00,2026-07-01T04:17:04.840219,2,1,71.45,0.1,71.4,150,71.0,100,,,,,,,,,,,,,,,,,71.5,100,,,,,,,,,,,,,,,,,,
2026-06-30T18:17:04.900220+00:00,2026-07-01T04:17:04.892219,2,2,71.45,0.1,71.4,150,71.0,100,,,,,,,,,,,,,,,,,71.5,100,71.9,150,,,,,,,,,,,,,,,,
2026-06-30T18:17:06.047592+00:00,2026-07-01T04:17:06.040590,2,2,71.45,0.1,71.4,102,71.0,100,,,,,,,,,,,,,,,,,71.5,100,71.9,150,,,,,,,,,,,,,,,,
2026-06-30T18:17:06.398043+00:00,2026-07-01T04:17:06.392044,2,2,71.45,0.1,71.4,102,71.0,100,,,,,,,,,,,,,,,,,71.5,50,71.9,150,,,,,,,,,,,,,,,,
2026-06-30T18:17:06.420043+00:00,2026-07-01T04:17:06.411043,1,1,71.65,0.5,71.4,102,,,,,,,,,,,,,,,,,,,71.9,150,,,,,,,,,,,,,,,,,,
2026-06-30T18:17:06.474628+00:00,2026-07-01T04:17:06.464628,1,1,71.65,0.5,71.4,202,,,,,,,,,,,,,,,,,,,71.9,150,,,,,,,,,,,,,,,,,,
2026-06-30T18:17:06.518629+00:00,2026-07-01T04:17:06.515628,1,1,71.65,0.5,71.4,202,,,,,,,,,,,,,,,,,,,71.9,250,,,,,,,,,,,,,,,,,,
2026-06-30T18:17:06.616182+00:00,2026-07-01T04:17:06.610182,1,1,71.65,0.5,71.4,154,,,,,,,,,,,,,,,,,,,71.9,250,,,,,,,,,,,,,,,,,,
2026-06-30T18:17:07.948608+00:00,2026-07-01T04:17:07.947608,1,1,71.65,0.5,71.4,100,,,,,,,,,,,,,,,,,,,71.9,100,,,,,,,,,,,,,,,,,,
2026-06-30T18:17:08.003122+00:00,2026-07-01T04:17:08.002078,2,1,71.65,0.5,71.4,100,71.1,150,,,,,,,,,,,,,,,,,71.9,100,,,,,,,,,,,,,,,,,,
2026-06-30T18:17:08.057662+00:00,2026-07-01T04:17:08.054120,2,2,71.5,0.2,71.4,100,71.1,150,,,,,,,,,,,,,,,,,71.6,150,71.9,100,,,,,,,,,,,,,,,,
2026-06-30T18:17:08.506563+00:00,2026-07-01T04:17:08.499563,2,2,71.5,0.2,71.4,100,71.1,150,,,,,,,,,,,,,,,,,71.6,100,71.9,100,,,,,,,,,,,,,,,,
2026-06-30T18:17:09.574020+00:00,2026-07-01T04:17:09.572637,1,1,71.35,0.5,71.1,150,,,,,,,,,,,,,,,,,,,71.6,100,,,,,,,,,,,,,,,,,,
2026-06-30T18:17:09.628552+00:00,2026-07-01T04:17:09.626552,2,1,71.45,0.3,71.3,100,71.1,150,,,,,,,,,,,,,,,,,71.6,100,,,,,,,,,,,,,,,,,,
2026-06-30T18:17:09.683093+00:00,2026-07-01T04:17:09.679563,2,2,71.45,0.3,71.3,100,71.1,150,,,,,,,,,,,,,,,,,71.6,100,71.8,100,,,,,,,,,,,,,,,,
2026-06-30T18:17:10.612512+00:00,2026-07-01T04:17:10.605511,2,2,71.45,0.3,71.3,100,71.1,150,,,,,,,,,,,,,,,,,71.6,50,71.8,100,,,,,,,,,,,,,,,,
2026-06-30T18:17:11.123811+00:00,2026-07-01T04:17:11.119036,1,1,71.55,0.5,71.3,100,,,,,,,,,,,,,,,,,,,71.8,100,,,,,,,,,,,,,,,,,,
2026-06-30T18:17:11.178809+00:00,2026-07-01T04:17:11.171809,2,1,71.7,0.2,71.6,150,71.3,100,,,,,,,,,,,,,,,,,71.8,100,,,,,,,,,,,,,,,,,,
2026-06-30T18:17:11.232862+00:00,2026-07-01T04:17:11.223336,2,2,71.7,0.2,71.6,150,71.3,100,,,,,,,,,,,,,,,,,71.8,100,72.1,150,,,,,,,,,,,,,,,,
2026-06-30T18:17:11.953064+00:00,2026-07-01T04:17:11.952534,2,2,71.7,0.2,71.6,150,71.3,100,,,,,,,,,,,,,,,,,71.8,53,72.1,150,,,,,,,,,,,,,,,,
2026-06-30T18:17:12.596127+00:00,2026-07-01T04:17:12.587601,2,2,71.7,0.2,71.6,150,71.3,100,,,,,,,,,,,,,,,,,71.8,7,72.1,150,,,,,,,,,,,,,,,,
2026-06-30T18:17:12.651126+00:00,2026-07-01T04:17:12.641127,2,2,71.7,0.2,71.6,101,71.3,100,,,,,,,,,,,,,,,,,71.8,7,72.1,150,,,,,,,,,,,,,,,,
2026-06-30T18:17:12.738065+00:00,2026-07-01T04:17:12.734065,1,1,71.85,0.5,71.6,101,,,,,,,,,,,,,,,,,,,72.1,150,,,,,,,,,,,,,,,,,,
2026-06-30T18:17:12.793579+00:00,2026-07-01T04:17:12.786579,2,1,71.95,0.3,71.8,100,71.6,101,,,,,,,,,,,,,,,,,72.1,150,,,,,,,,,,,,,,,,,,
2026-06-30T18:17:12.848579+00:00,2026-07-01T04:17:12.837579,2,2,71.95,0.3,71.8,100,71.6,101,,,,,,,,,,,,,,,,,72.1,150,72.3,100,,,,,,,,,,,,,,,,
2026-06-30T18:17:14.282871+00:00,2026-07-01T04:17:14.278871,1,1,72.05,0.5,71.8,100,,,,,,,,,,,,,,,,,,,72.3,100,,,,,,,,,,,,,,,,,,
2026-06-30T18:17:14.338872+00:00,2026-07-01T04:17:14.330871,2,1,72.05,0.5,71.8,100,71.4,150,,,,,,,,,,,,,,,,,72.3,100,,,,,,,,,,,,,,,,,,
2026-06-30T18:17:14.394109+00:00,2026-07-01T04:17:14.383871,2,2,71.85,0.1,71.8,100,71.4,150,,,,,,,,,,,,,,,,,71.9,150,72.3,100,,,,,,,,,,,,,,,,
2026-06-30T18:17:15.899478+00:00,2026-07-01T04:17:15.896478,1,1,71.65,0.5,71.4,150,,,,,,,,,,,,,,,,,,,71.9,150,,,,,,,,,,,,,,,,,,
2026-06-30T18:17:15.975607+00:00,2026-07-01T04:17:15.973606,2,1,71.8,0.2,71.7,100,71.4,150,,,,,,,,,,,,,,,,,71.9,150,,,,,,,,,,,,,,,,,,
2026-06-30T18:17:16.030606+00:00,2026-07-01T04:17:16.026607,2,2,71.8,0.2,71.7,100,71.4,150,,,,,,,,,,,,,,,,,71.9,150,72.2,100,,,,,,,,,,,,,,,,
2026-06-30T18:17:16.128628+00:00,2026-07-01T04:17:16.120629,2,2,71.8,0.2,71.7,100,71.4,150,,,,,,,,,,,,,,,,,71.9,102,72.2,100,,,,,,,,,,,,,,,,
2026-06-30T18:17:16.993420+00:00,2026-07-01T04:17:16.991419,2,2,71.8,0.2,71.7,50,71.4,150,,,,,,,,,,,,,,,,,71.9,102,72.2,100,,,,,,,,,,,,,,,,
2026-06-30T18:17:17.112471+00:00,2026-07-01T04:17:17.111470,2,2,71.8,0.2,71.7,8,71.4,150,,,,,,,,,,,,,,,,,71.9,102,72.2,100,,,,,,,,,,,,,,,,
2026-06-30T18:17:17.439812+00:00,2026-07-01T04:17:17.438812,1,1,71.95,0.5,71.7,8,,,,,,,,,,,,,,,,,,,72.2,100,,,,,,,,,,,,,,,,,,
2026-06-30T18:17:17.494046+00:00,2026-07-01T04:17:17.491329,2,1,71.95,0.5,71.7,8,71.6,150,,,,,,,,,,,,,,,,,72.2,100,,,,,,,,,,,,,,,,,,
2026-06-30T18:17:17.549044+00:00,2026-07-01T04:17:17.544045,2,2,71.9,0.4,71.7,8,71.6,150,,,,,,,,,,,,,,,,,72.1,150,72.2,100,,,,,,,,,,,,,,,,
2026-06-30T18:17:19.091274+00:00,2026-07-01T04:17:19.082273,1,1,71.85,0.5,71.6,150,,,,,,,,,,,,,,,,,,,72.1,150,,,,,,,,,,,,,,,,,,
2026-06-30T18:17:19.102274+00:00,2026-07-01T04:17:19.096273,1,1,71.85,0.5,71.6,100,,,,,,,,,,,,,,,,,,,72.1,150,,,,,,,,,,,,,,,,,,
2026-06-30T18:17:19.146052+00:00,2026-07-01T04:17:19.136051,2,1,71.85,0.5,71.6,100,71.4,100,,,,,,,,,,,,,,,,,72.1,150,,,,,,,,,,,,,,,,,,
2026-06-30T18:17:19.200569+00:00,2026-07-01T04:17:19.189569,2,2,71.75,0.3,71.6,100,71.4,100,,,,,,,,,,,,,,,,,71.9,100,72.1,150,,,,,,,,,,,,,,,,
2026-06-30T18:17:20.259530+00:00,2026-07-01T04:17:20.259530,2,2,71.75,0.3,71.6,100,71.4,100,,,,,,,,,,,,,,,,,71.9,56,72.1,150,,,,,,,,,,,,,,,,
2026-06-30T18:17:20.608974+00:00,2026-07-01T04:17:20.601975,1,1,71.65,0.5,71.4,100,,,,,,,,,,,,,,,,,,,71.9,56,,,,,,,,,,,,,,,,,,
2026-06-30T18:17:20.663622+00:00,2026-07-01T04:17:20.654621,2,1,71.65,0.5,71.4,100,71.3,150,,,,,,,,,,,,,,,,,71.9,56,,,,,,,,,,,,,,,,,,
2026-06-30T18:17:20.717730+00:00,2026-07-01T04:17:20.706731,2,2,71.6,0.4,71.4,100,71.3,150,,,,,,,,,,,,,,,,,71.8,150,71.9,56,,,,,,,,,,,,,,,,
2026-06-30T18:17:21.210212+00:00,2026-07-01T04:17:21.205214,2,2,71.6,0.4,71.4,50,71.3,150,,,,,,,,,,,,,,,,,71.8,150,71.9,56,,,,,,,,,,,,,,,,
2026-06-30T18:17:21.384831+00:00,2026-07-01T04:17:21.376818,2,2,71.6,0.4,71.4,5,71.3,150,,,,,,,,,,,,,,,,,71.8,150,71.9,56,,,,,,,,,,,,,,,,
2026-06-30T18:17:22.250398+00:00,2026-07-01T04:17:22.246398,1,1,71.55,0.5,71.3,150,,,,,,,,,,,,,,,,,,,71.8,150,,,,,,,,,,,,,,,,,,
2026-06-30T18:17:22.305025+00:00,2026-07-01T04:17:22.302010,2,1,71.7,0.2,71.6,100,71.3,150,,,,,,,,,,,,,,,,,71.8,150,,,,,,,,,,,,,,,,,,
2026-06-30T18:17:22.359541+00:00,2026-07-01T04:17:22.350541,2,2,71.7,0.2,71.6,100,71.3,150,,,,,,,,,,,,,,,,,71.8,150,72.1,100,,,,,,,,,,,,,,,,
2026-06-30T18:17:23.321864+00:00,2026-07-01T04:17:23.318864,2,2,71.7,0.2,71.6,50,71.3,150,,,,,,,,,,,,,,,,,71.8,150,72.1,100,,,,,,,,,,,,,,,,
2026-06-30T18:17:23.770226+00:00,2026-07-01T04:17:23.763226,1,1,71.85,0.5,71.6,50,,,,,,,,,,,,,,,,,,,72.1,100,,,,,,,,,,,,,,,,,,
2026-06-30T18:17:23.836238+00:00,2026-07-01T04:17:23.832238,2,1,71.85,0.5,71.6,50,71.4,150,,,,,,,,,,,,,,,,,72.1,100,,,,,,,,,,,,,,,,,,
2026-06-30T18:17:23.890753+00:00,2026-07-01T04:17:23.882753,2,2,71.75,0.3,71.6,50,71.4,150,,,,,,,,,,,,,,,,,71.9,150,72.1,100,,,,,,,,,,,,,,,,
2026-06-30T18:17:24.949743+00:00,2026-07-01T04:17:24.939743,2,2,71.75,0.3,71.6,6,71.4,150,,,,,,,,,,,,,,,,,71.9,150,72.1,100,,,,,,,,,,,,,,,,
2026-06-30T18:17:25.409734+00:00,2026-07-01T04:17:25.406736,1,1,71.65,0.5,71.4,150,,,,,,,,,,,,,,,,,,,71.9,150,,,,,,,,,,,,,,,,,,
2026-06-30T18:17:25.431736+00:00,2026-07-01T04:17:25.425736,1,1,71.65,0.5,71.4,100,,,,,,,,,,,,,,,,,,,71.9,150,,,,,,,,,,,,,,,,,,
2026-06-30T18:17:25.464267+00:00,2026-07-01T04:17:25.459266,2,1,71.65,0.5,71.4,100,71.3,100,,,,,,,,,,,,,,,,,71.9,150,,,,,,,,,,,,,,,,,,
2026-06-30T18:17:25.518366+00:00,2026-07-01T04:17:25.512366,2,2,71.6,0.4,71.4,100,71.3,100,,,,,,,,,,,,,,,,,71.8,100,71.9,150,,,,,,,,,,,,,,,,
2026-06-30T18:17:26.943064+00:00,2026-07-01T04:17:26.937064,1,1,71.55,0.5,71.3,100,,,,,,,,,,,,,,,,,,,71.8,100,,,,,,,,,,,,,,,,,,
2026-06-30T18:17:26.997621+00:00,2026-07-01T04:17:26.990621,1,1,71.55,0.5,71.3,250,,,,,,,,,,,,,,,,,,,71.8,100,,,,,,,,,,,,,,,,,,
2026-06-30T18:17:27.052622+00:00,2026-07-01T04:17:27.049621,1,1,71.55,0.5,71.3,250,,,,,,,,,,,,,,,,,,,71.8,250,,,,,,,,,,,,,,,,,,
2026-06-30T18:17:27.542712+00:00,2026-07-01T04:17:27.534712,1,1,71.55,0.5,71.3,200,,,,,,,,,,,,,,,,,,,71.8,250,,,,,,,,,,,,,,,,,,
2026-06-30T18:17:28.579602+00:00,2026-07-01T04:17:28.569602,1,1,71.55,0.5,71.3,150,,,,,,,,,,,,,,,,,,,71.8,150,,,,,,,,,,,,,,,,,,
2026-06-30T18:17:28.623602+00:00,2026-07-01T04:17:28.620602,1,1,71.55,0.5,71.3,250,,,,,,,,,,,,,,,,,,,71.8,150,,,,,,,,,,,,,,,,,,
2026-06-30T18:17:28.688635+00:00,2026-07-01T04:17:28.680635,1,1,71.55,0.5,71.3,250,,,,,,,,,,,,,,,,,,,71.8,250,,,,,,,,,,,,,,,,,,
2026-06-30T18:17:29.212519+00:00,2026-07-01T04:17:29.205518,1,1,71.55,0.5,71.3,250,,,,,,,,,,,,,,,,,,,71.8,209,,,,,,,,,,,,,,,,,,
2026-06-30T18:17:29.595914+00:00,2026-07-01T04:17:29.588914,1,1,71.55,0.5,71.3,250,,,,,,,,,,,,,,,,,,,71.8,159,,,,,,,,,,,,,,,,,,
2026-06-30T18:17:30.107692+00:00,2026-07-01T04:17:30.105176,1,1,71.55,0.5,71.3,100,,,,,,,,,,,,,,,,,,,71.8,100,,,,,,,,,,,,,,,,,,
2026-06-30T18:17:30.160270+00:00,2026-07-01T04:17:30.158270,2,0,,,71.8,50,71.3,100,,,,,,,,,,,,,,,,,,,,,,,,,,,,,,,,,,,,
2026-06-30T18:17:30.214745+00:00,2026-07-01T04:17:30.210745,2,1,72.05,0.5,71.8,50,71.3,100,,,,,,,,,,,,,,,,,72.3,150,,,,,,,,,,,,,,,,,,
2026-06-30T18:17:30.258251+00:00,2026-07-01T04:17:30.253735,2,1,72.05,0.5,71.8,50,71.3,100,,,,,,,,,,,,,,,,,72.3,108,,,,,,,,,,,,,,,,,,
2026-06-30T18:17:31.770950+00:00,2026-07-01T04:17:31.764950,1,1,72.05,0.5,71.8,50,,,,,,,,,,,,,,,,,,,72.3,108,,,,,,,,,,,,,,,,,,
2026-06-30T18:17:31.782032+00:00,2026-07-01T04:17:31.774032,0,1,,,,,,,,,,,,,,,,,,,,,,,72.3,108,,,,,,,,,,,,,,,,,,
2026-06-30T18:17:31.825955+00:00,2026-07-01T04:17:31.819033,1,1,71.95,0.7,71.6,100,,,,,,,,,,,,,,,,,,,72.3,108,,,,,,,,,,,,,,,,,,
2026-06-30T18:17:31.880954+00:00,2026-07-01T04:17:31.871954,1,2,71.85,0.5,71.6,100,,,,,,,,,,,,,,,,,,,72.1,100,72.3,108,,,,,,,,,,,,,,,,
2026-06-30T18:17:32.723169+00:00,2026-07-01T04:17:32.720169,1,2,71.85,0.5,71.6,51,,,,,,,,,,,,,,,,,,,72.1,100,72.3,108,,,,,,,,,,,,,,,,
2026-06-30T18:17:33.266782+00:00,2026-07-01T04:17:33.264264,1,1,71.85,0.5,71.6,51,,,,,,,,,,,,,,,,,,,72.1,100,,,,,,,,,,,,,,,,,,
2026-06-30T18:17:33.321308+00:00,2026-07-01T04:17:33.317308,1,1,71.85,0.5,71.6,201,,,,,,,,,,,,,,,,,,,72.1,100,,,,,,,,,,,,,,,,,,
2026-06-30T18:17:33.376337+00:00,2026-07-01T04:17:33.373308,1,1,71.85,0.5,71.6,201,,,,,,,,,,,,,,,,,,,72.1,250,,,,,,,,,,,,,,,,,,
2026-06-30T18:17:33.834451+00:00,2026-07-01T04:17:33.831452,1,1,71.85,0.5,71.6,201,,,,,,,,,,,,,,,,,,,72.1,200,,,,,,,,,,,,,,,,,,
2026-06-30T18:17:34.929434+00:00,2026-07-01T04:17:34.924434,1,1,71.85,0.5,71.6,150,,,,,,,,,,,,,,,,,,,72.1,150,,,,,,,,,,,,,,,,,,
2026-06-30T18:17:34.984434+00:00,2026-07-01T04:17:34.976434,2,1,71.85,0.5,71.6,150,71.5,100,,,,,,,,,,,,,,,,,72.1,150,,,,,,,,,,,,,,,,,,
2026-06-30T18:17:35.038775+00:00,2026-07-01T04:17:35.028774,2,2,71.8,0.4,71.6,150,71.5,100,,,,,,,,,,,,,,,,,72.0,100,72.1,150,,,,,,,,,,,,,,,,
2026-06-30T18:17:36.010759+00:00,2026-07-01T04:17:36.006846,2,2,71.8,0.4,71.6,100,71.5,100,,,,,,,,,,,,,,,,,72.0,100,72.1,150,,,,,,,,,,,,,,,,
2026-06-30T18:17:36.312774+00:00,2026-07-01T04:17:36.302803,2,2,71.8,0.4,71.6,100,71.5,100,,,,,,,,,,,,,,,,,72.0,53,72.1,150,,,,,,,,,,,,,,,,
2026-06-30T18:17:36.432515+00:00,2026-07-01T04:17:36.426516,1,1,71.75,0.5,71.5,100,,,,,,,,,,,,,,,,,,,72.0,53,,,,,,,,,,,,,,,,,,
2026-06-30T18:17:36.490541+00:00,2026-07-01T04:17:36.479542,2,1,71.75,0.5,71.5,100,71.3,150,,,,,,,,,,,,,,,,,72.0,53,,,,,,,,,,,,,,,,,,
2026-06-30T18:17:36.556537+00:00,2026-07-01T04:17:36.546537,2,2,71.65,0.3,71.5,100,71.3,150,,,,,,,,,,,,,,,,,71.8,150,72.0,53,,,,,,,,,,,,,,,,
2026-06-30T18:17:38.092493+00:00,2026-07-01T04:17:38.084477,1,1,71.55,0.5,71.3,150,,,,,,,,,,,,,,,,,,,71.8,150,,,,,,,,,,,,,,,,,,
2026-06-30T18:17:38.114292+00:00,2026-07-01T04:17:38.110491,1,1,71.55,0.5,71.3,100,,,,,,,,,,,,,,,,,,,71.8,150,,,,,,,,,,,,,,,,,,
2026-06-30T18:17:38.146844+00:00,2026-07-01T04:17:38.137278,2,1,71.75,0.1,71.7,100,71.3,100,,,,,,,,,,,,,,,,,71.8,150,,,,,,,,,,,,,,,,,,
2026-06-30T18:17:38.190841+00:00,2026-07-01T04:17:38.190841,2,2,71.75,0.1,71.7,100,71.3,100,,,,,,,,,,,,,,,,,71.8,150,72.2,100,,,,,,,,,,,,,,,,
2026-06-30T18:17:39.607772+00:00,2026-07-01T04:17:39.603251,1,1,71.95,0.5,71.7,100,,,,,,,,,,,,,,,,,,,72.2,100,,,,,,,,,,,,,,,,,,
2026-06-30T18:17:39.662287+00:00,2026-07-01T04:17:39.653286,2,1,71.95,0.5,71.7,100,71.1,150,,,,,,,,,,,,,,,,,72.2,100,,,,,,,,,,,,,,,,,,
2026-06-30T18:17:39.717307+00:00,2026-07-01T04:17:39.709287,1,2,71.35,0.5,71.1,150,,,,,,,,,,,,,,,,,,,71.6,50,72.2,100,,,,,,,,,,,,,,,,
2026-06-30T18:17:40.177642+00:00,2026-07-01T04:17:40.169125,1,1,71.65,1.1,71.1,150,,,,,,,,,,,,,,,,,,,72.2,100,,,,,,,,,,,,,,,,,,
2026-06-30T18:17:41.248831+00:00,2026-07-01T04:17:41.244830,1,0,,,71.1,150,,,,,,,,,,,,,,,,,,,,,,,,,,,,,,,,,,,,,,
2026-06-30T18:17:41.303346+00:00,2026-07-01T04:17:41.297346,2,0,,,71.4,100,71.1,150,,,,,,,,,,,,,,,,,,,,,,,,,,,,,,,,,,,,
2026-06-30T18:17:41.357546+00:00,2026-07-01T04:17:41.353533,2,1,71.65,0.5,71.4,100,71.1,150,,,,,,,,,,,,,,,,,71.9,100,,,,,,,,,,,,,,,,,,
2026-06-30T18:17:41.694395+00:00,2026-07-01T04:17:41.693394,2,1,71.65,0.5,71.4,100,71.1,150,,,,,,,,,,,,,,,,,71.9,53,,,,,,,,,,,,,,,,,,
2026-06-30T18:17:41.748911+00:00,2026-07-01T04:17:41.747911,2,1,71.65,0.5,71.4,54,71.1,150,,,,,,,,,,,,,,,,,71.9,53,,,,,,,,,,,,,,,,,,
2026-06-30T18:17:42.293559+00:00,2026-07-01T04:17:42.284548,2,1,71.65,0.5,71.4,54,71.1,150,,,,,,,,,,,,,,,,,71.9,3,,,,,,,,,,,,,,,,,,
2026-06-30T18:17:42.304559+00:00,2026-07-01T04:17:42.294559,2,1,71.65,0.5,71.4,8,71.1,150,,,,,,,,,,,,,,,,,71.9,3,,,,,,,,,,,,,,,,,,
2026-06-30T18:17:42.772571+00:00,2026-07-01T04:17:42.762571,1,1,71.65,0.5,71.4,8,,,,,,,,,,,,,,,,,,,71.9,3,,,,,,,,,,,,,,,,,,
2026-06-30T18:17:42.816483+00:00,2026-07-01T04:17:42.815480,2,1,71.75,0.3,71.6,150,71.4,8,,,,,,,,,,,,,,,,,71.9,3,,,,,,,,,,,,,,,,,,
2026-06-30T18:17:42.871008+00:00,2026-07-01T04:17:42.868008,2,2,71.75,0.3,71.6,150,71.4,8,,,,,,,,,,,,,,,,,71.9,3,72.1,150,,,,,,,,,,,,,,,,
2026-06-30T18:17:44.413073+00:00,2026-07-01T04:17:44.406073,1,1,71.85,0.5,71.6,150,,,,,,,,,,,,,,,,,,,72.1,150,,,,,,,,,,,,,,,,,,
2026-06-30T18:17:44.467454+00:00,2026-07-01T04:17:44.458901,2,1,71.85,0.5,71.6,150,71.4,100,,,,,,,,,,,,,,,,,72.1,150,,,,,,,,,,,,,,,,,,
2026-06-30T18:17:44.521981+00:00,2026-07-01T04:17:44.513981,2,2,71.75,0.3,71.6,150,71.4,100,,,,,,,,,,,,,,,,,71.9,100,72.1,150,,,,,,,,,,,,,,,,
2026-06-30T18:17:45.931743+00:00,2026-07-01T04:17:45.922743,1,1,71.65,0.5,71.4,100,,,,,,,,,,,,,,,,,,,71.9,100,,,,,,,,,,,,,,,,,,
2026-06-30T18:17:45.975767+00:00,2026-07-01T04:17:45.975767,2,1,71.75,0.3,71.6,150,71.4,100,,,,,,,,,,,,,,,,,71.9,100,,,,,,,,,,,,,,,,,,
2026-06-30T18:17:46.029574+00:00,2026-07-01T04:17:46.028574,2,2,71.75,0.3,71.6,150,71.4,100,,,,,,,,,,,,,,,,,71.9,100,72.1,150,,,,,,,,,,,,,,,,
2026-06-30T18:17:46.563092+00:00,2026-07-01T04:17:46.559091,2,2,71.75,0.3,71.6,100,71.4,100,,,,,,,,,,,,,,,,,71.9,100,72.1,150,,,,,,,,,,,,,,,,
2026-06-30T18:17:47.567935+00:00,2026-07-01T04:17:47.566935,1,1,71.85,0.5,71.6,100,,,,,,,,,,,,,,,,,,,72.1,150,,,,,,,,,,,,,,,,,,
2026-06-30T18:17:47.621970+00:00,2026-07-01T04:17:47.620970,2,1,71.85,0.5,71.6,100,71.4,100,,,,,,,,,,,,,,,,,72.1,150,,,,,,,,,,,,,,,,,,
2026-06-30T18:17:47.676970+00:00,2026-07-01T04:17:47.672971,2,2,71.75,0.3,71.6,100,71.4,100,,,,,,,,,,,,,,,,,71.9,100,72.1,150,,,,,,,,,,,,,,,,
2026-06-30T18:17:48.321739+00:00,2026-07-01T04:17:48.311739,2,2,71.75,0.3,71.6,59,71.4,100,,,,,,,,,,,,,,,,,71.9,100,72.1,150,,,,,,,,,,,,,,,,
2026-06-30T18:17:48.682249+00:00,2026-07-01T04:17:48.674248,2,2,71.75,0.3,71.6,9,71.4,100,,,,,,,,,,,,,,,,,71.9,100,72.1,150,,,,,,,,,,,,,,,,
2026-06-30T18:17:49.098149+00:00,2026-07-01T04:17:49.088138,1,1,71.65,0.5,71.4,100,,,,,,,,,,,,,,,,,,,71.9,100,,,,,,,,,,,,,,,,,,
2026-06-30T18:17:49.142149+00:00,2026-07-01T04:17:49.139150,2,1,71.65,0.5,71.4,100,70.9,150,,,,,,,,,,,,,,,,,71.9,100,,,,,,,,,,,,,,,,,,
2026-06-30T18:17:49.197150+00:00,2026-07-01T04:17:49.193150,1,2,71.15,0.5,70.9,150,,,,,,,,,,,,,,,,,,,71.4,50,71.9,100,,,,,,,,,,,,,,,,
2026-06-30T18:17:49.317194+00:00,2026-07-01T04:17:49.315194,1,1,71.4,1.0,70.9,150,,,,,,,,,,,,,,,,,,,71.9,100,,,,,,,,,,,,,,,,,,
2026-06-30T18:17:50.420365+00:00,2026-07-01T04:17:50.418366,1,1,71.4,1.0,70.9,150,,,,,,,,,,,,,,,,,,,71.9,56,,,,,,,,,,,,,,,,,,
2026-06-30T18:17:50.737320+00:00,2026-07-01T04:17:50.727323,1,0,,,70.9,150,,,,,,,,,,,,,,,,,,,,,,,,,,,,,,,,,,,,,,
2026-06-30T18:17:50.791846+00:00,2026-07-01T04:17:50.780846,2,0,,,71.1,100,70.9,100,,,,,,,,,,,,,,,,,,,,,,,,,,,,,,,,,,,,
2026-06-30T18:17:50.835846+00:00,2026-07-01T04:17:50.832846,2,1,71.35,0.5,71.1,100,70.9,100,,,,,,,,,,,,,,,,,71.6,100,,,,,,,,,,,,,,,,,,
2026-06-30T18:17:51.282238+00:00,2026-07-01T04:17:51.281238,2,1,71.35,0.5,71.1,100,70.9,100,,,,,,,,,,,,,,,,,71.6,59,,,,,,,,,,,,,,,,,,
2026-06-30T18:17:52.254769+00:00,2026-07-01T04:17:52.246768,1,1,71.35,0.5,71.1,100,,,,,,,,,,,,,,,,,,,71.6,59,,,,,,,,,,,,,,,,,,
2026-06-30T18:17:52.319874+00:00,2026-07-01T04:17:52.317873,2,1,71.45,0.3,71.3,150,71.1,100,,,,,,,,,,,,,,,,,71.6,59,,,,,,,,,,,,,,,,,,
2026-06-30T18:17:52.374873+00:00,2026-07-01T04:17:52.366874,2,2,71.45,0.3,71.3,150,71.1,100,,,,,,,,,,,,,,,,,71.6,59,71.8,150,,,,,,,,,,,,,,,,
2026-06-30T18:17:52.418280+00:00,2026-07-01T04:17:52.413281,2,2,71.45,0.3,71.3,105,71.1,100,,,,,,,,,,,,,,,,,71.6,59,71.8,150,,,,,,,,,,,,,,,,
2026-06-30T18:17:52.889421+00:00,2026-07-01T04:17:52.882904,2,2,71.45,0.3,71.3,55,71.1,100,,,,,,,,,,,,,,,,,71.6,59,71.8,150,,,,,,,,,,,,,,,,
2026-06-30T18:17:53.894864+00:00,2026-07-01T04:17:53.889865,1,1,71.55,0.5,71.3,55,,,,,,,,,,,,,,,,,,,71.8,150,,,,,,,,,,,,,,,,,,
2026-06-30T18:17:53.949411+00:00,2026-07-01T04:17:53.943865,2,1,71.55,0.5,71.3,55,71.2,100,,,,,,,,,,,,,,,,,71.8,150,,,,,,,,,,,,,,,,,,
2026-06-30T18:17:54.004381+00:00,2026-07-01T04:17:54.001382,2,2,71.5,0.4,71.3,55,71.2,100,,,,,,,,,,,,,,,,,71.7,100,71.8,150,,,,,,,,,,,,,,,,
2026-06-30T18:17:54.940199+00:00,2026-07-01T04:17:54.937648,2,2,71.5,0.4,71.3,55,71.2,100,,,,,,,,,,,,,,,,,71.7,50,71.8,150,,,,,,,,,,,,,,,,
2026-06-30T18:17:55.421504+00:00,2026-07-01T04:17:55.420502,2,1,71.5,0.4,71.3,55,71.2,100,,,,,,,,,,,,,,,,,71.7,50,,,,,,,,,,,,,,,,,,
2026-06-30T18:17:55.432502+00:00,2026-07-01T04:17:55.422503,1,1,71.45,0.5,71.2,100,,,,,,,,,,,,,,,,,,,71.7,50,,,,,,,,,,,,,,,,,,
2026-06-30T18:17:55.476502+00:00,2026-07-01T04:17:55.475501,2,1,71.45,0.5,71.2,100,71.0,150,,,,,,,,,,,,,,,,,71.7,50,,,,,,,,,,,,,,,,,,
2026-06-30T18:17:55.531266+00:00,2026-07-01T04:17:55.528265,2,2,71.35,0.3,71.2,100,71.0,150,,,,,,,,,,,,,,,,,71.5,150,71.7,50,,,,,,,,,,,,,,,,
2026-06-30T18:17:56.647781+00:00,2026-07-01T04:17:56.639780,2,2,71.35,0.3,71.2,100,71.0,150,,,,,,,,,,,,,,,,,71.5,108,71.7,50,,,,,,,,,,,,,,,,
2026-06-30T18:17:57.050852+00:00,2026-07-01T04:17:57.048853,1,1,71.25,0.5,71.0,150,,,,,,,,,,,,,,,,,,,71.5,108,,,,,,,,,,,,,,,,,,
2026-06-30T18:17:57.127339+00:00,2026-07-01T04:17:57.116824,2,1,71.4,0.2,71.3,100,71.0,150,,,,,,,,,,,,,,,,,71.5,108,,,,,,,,,,,,,,,,,,
2026-06-30T18:17:57.193697+00:00,2026-07-01T04:17:57.186719,2,2,71.4,0.2,71.3,100,71.0,150,,,,,,,,,,,,,,,,,71.5,108,71.8,100,,,,,,,,,,,,,,,,
2026-06-30T18:17:57.718227+00:00,2026-07-01T04:17:57.709227,2,2,71.4,0.2,71.3,51,71.0,150,,,,,,,,,,,,,,,,,71.5,108,71.8,100,,,,,,,,,,,,,,,,
2026-06-30T18:17:58.593668+00:00,2026-07-01T04:17:58.587667,1,1,71.55,0.5,71.3,51,,,,,,,,,,,,,,,,,,,71.8,100,,,,,,,,,,,,,,,,,,
2026-06-30T18:17:58.648256+00:00,2026-07-01T04:17:58.637668,2,1,71.55,0.5,71.3,51,71.2,150,,,,,,,,,,,,,,,,,71.8,100,,,,,,,,,,,,,,,,,,
2026-06-30T18:17:58.692033+00:00,2026-07-01T04:17:58.690033,2,2,71.5,0.4,71.3,51,71.2,150,,,,,,,,,,,,,,,,,71.7,150,71.8,100,,,,,,,,,,,,,,,,
2026-06-30T18:17:59.161401+00:00,2026-07-01T04:17:59.150402,2,2,71.5,0.4,71.3,51,71.2,150,,,,,,,,,,,,,,,,,71.7,100,71.8,100,,,,,,,,,,,,,,,,
2026-06-30T18:18:00.233159+00:00,2026-07-01T04:18:00.232158,2,1,71.5,0.4,71.3,51,71.2,150,,,,,,,,,,,,,,,,,71.7,100,,,,,,,,,,,,,,,,,,
2026-06-30T18:18:00.244159+00:00,2026-07-01T04:18:00.234159,1,1,71.45,0.5,71.2,150,,,,,,,,,,,,,,,,,,,71.7,100,,,,,,,,,,,,,,,,,,
2026-06-30T18:18:00.298541+00:00,2026-07-01T04:18:00.289542,1,1,71.45,0.5,71.2,250,,,,,,,,,,,,,,,,,,,71.7,100,,,,,,,,,,,,,,,,,,
2026-06-30T18:18:00.353459+00:00,2026-07-01T04:18:00.343443,1,1,71.45,0.5,71.2,250,,,,,,,,,,,,,,,,,,,71.7,200,,,,,,,,,,,,,,,,,,
2026-06-30T18:18:01.260711+00:00,2026-07-01T04:18:01.257161,1,1,71.45,0.5,71.2,250,,,,,,,,,,,,,,,,,,,71.7,150,,,,,,,,,,,,,,,,,,
2026-06-30T18:18:01.585984+00:00,2026-07-01T04:18:01.581638,1,1,71.45,0.5,71.2,250,,,,,,,,,,,,,,,,,,,71.7,105,,,,,,,,,,,,,,,,,,
2026-06-30T18:18:01.747698+00:00,2026-07-01T04:18:01.744699,1,1,71.45,0.5,71.2,100,,,,,,,,,,,,,,,,,,,71.7,100,,,,,,,,,,,,,,,,,,
2026-06-30T18:18:01.802722+00:00,2026-07-01T04:18:01.801722,2,0,,,71.8,50,71.2,100,,,,,,,,,,,,,,,,,,,,,,,,,,,,,,,,,,,,
2026-06-30T18:18:01.857722+00:00,2026-07-01T04:18:01.851722,2,1,72.05,0.5,71.8,50,71.2,100,,,,,,,,,,,,,,,,,72.3,150,,,,,,,,,,,,,,,,,,
2026-06-30T18:18:01.868697+00:00,2026-07-01T04:18:01.862697,1,1,71.75,1.1,71.2,100,,,,,,,,,,,,,,,,,,,72.3,150,,,,,,,,,,,,,,,,,,
2026-06-30T18:18:03.377163+00:00,2026-07-01T04:18:03.368165,1,1,71.75,1.1,71.2,100,,,,,,,,,,,,,,,,,,,72.3,100,,,,,,,,,,,,,,,,,,
2026-06-30T18:18:03.399176+00:00,2026-07-01T04:18:03.397176,0,1,,,,,,,,,,,,,,,,,,,,,,,72.3,100,,,,,,,,,,,,,,,,,,
2026-06-30T18:18:03.453208+00:00,2026-07-01T04:18:03.450208,1,1,71.9,0.8,71.5,100,,,,,,,,,,,,,,,,,,,72.3,100,,,,,,,,,,,,,,,,,,
2026-06-30T18:18:03.519208+00:00,2026-07-01T04:18:03.508209,1,2,71.75,0.5,71.5,100,,,,,,,,,,,,,,,,,,,72.0,100,72.3,100,,,,,,,,,,,,,,,,
2026-06-30T18:18:04.327992+00:00,2026-07-01T04:18:04.317473,1,2,71.75,0.5,71.5,53,,,,,,,,,,,,,,,,,,,72.0,100,72.3,100,,,,,,,,,,,,,,,,
2026-06-30T18:18:04.960650+00:00,2026-07-01T04:18:04.951136,1,1,71.75,0.5,71.5,53,,,,,,,,,,,,,,,,,,,72.0,100,,,,,,,,,,,,,,,,,,
2026-06-30T18:18:05.004167+00:00,2026-07-01T04:18:04.999168,2,1,71.75,0.5,71.5,53,71.2,150,,,,,,,,,,,,,,,,,72.0,100,,,,,,,,,,,,,,,,,,
2026-06-30T18:18:05.059167+00:00,2026-07-01T04:18:05.057167,2,2,71.6,0.2,71.5,53,71.2,150,,,,,,,,,,,,,,,,,71.7,150,72.0,100,,,,,,,,,,,,,,,,
2026-06-30T18:18:05.496697+00:00,2026-07-01T04:18:05.489697,2,2,71.6,0.2,71.5,53,71.2,150,,,,,,,,,,,,,,,,,71.7,100,72.0,100,,,,,,,,,,,,,,,,
2026-06-30T18:18:06.568437+00:00,2026-07-01T04:18:06.559437,1,1,71.45,0.5,71.2,150,,,,,,,,,,,,,,,,,,,71.7,100,,,,,,,,,,,,,,,,,,
2026-06-30T18:18:06.623448+00:00,2026-07-01T04:18:06.613448,2,1,71.55,0.3,71.4,100,71.2,150,,,,,,,,,,,,,,,,,71.7,100,,,,,,,,,,,,,,,,,,
2026-06-30T18:18:06.678448+00:00,2026-07-01T04:18:06.669448,2,2,71.55,0.3,71.4,100,71.2,150,,,,,,,,,,,,,,,,,71.7,100,71.9,100,,,,,,,,,,,,,,,,
2026-06-30T18:18:07.432013+00:00,2026-07-01T04:18:07.429012,2,2,71.55,0.3,71.4,100,71.2,150,,,,,,,,,,,,,,,,,71.7,51,71.9,100,,,,,,,,,,,,,,,,
2026-06-30T18:18:07.585619+00:00,2026-07-01T04:18:07.584619,2,2,71.55,0.3,71.4,100,71.2,150,,,,,,,,,,,,,,,,,71.7,1,71.9,100,,,,,,,,,,,,,,,,
2026-06-30T18:18:08.111216+00:00,2026-07-01T04:18:08.105788,1,1,71.65,0.5,71.4,100,,,,,,,,,,,,,,,,,,,71.9,100,,,,,,,,,,,,,,,,,,
2026-06-30T18:18:08.165715+00:00,2026-07-01T04:18:08.154715,2,1,71.85,0.1,71.8,150,71.4,100,,,,,,,,,,,,,,,,,71.9,100,,,,,,,,,,,,,,,,,,
2026-06-30T18:18:08.209169+00:00,2026-07-01T04:18:08.204170,2,2,71.85,0.1,71.8,150,71.4,100,,,,,,,,,,,,,,,,,71.9,100,72.3,150,,,,,,,,,,,,,,,,
2026-06-30T18:18:09.050118+00:00,2026-07-01T04:18:09.039283,2,2,71.85,0.1,71.8,103,71.4,100,,,,,,,,,,,,,,,,,71.9,100,72.3,150,,,,,,,,,,,,,,,,
2026-06-30T18:18:09.694157+00:00,2026-07-01T04:18:09.691156,2,2,71.85,0.1,71.8,103,71.4,100,,,,,,,,,,,,,,,,,71.9,50,72.3,150,,,,,,,,,,,,,,,,
2026-06-30T18:18:09.737672+00:00,2026-07-01T04:18:09.733673,1,1,72.05,0.5,71.8,103,,,,,,,,,,,,,,,,,,,72.3,150,,,,,,,,,,,,,,,,,,
2026-06-30T18:18:09.791488+00:00,2026-07-01T04:18:09.787199,2,1,72.05,0.5,71.8,103,71.5,100,,,,,,,,,,,,,,,,,72.3,150,,,,,,,,,,,,,,,,,,
2026-06-30T18:18:09.846007+00:00,2026-07-01T04:18:09.841007,2,2,71.9,0.2,71.8,103,71.5,100,,,,,,,,,,,,,,,,,72.0,100,72.3,150,,,,,,,,,,,,,,,,
2026-06-30T18:18:11.248479+00:00,2026-07-01T04:18:11.247478,2,1,71.9,0.2,71.8,103,71.5,100,,,,,,,,,,,,,,,,,72.0,100,,,,,,,,,,,,,,,,,,
2026-06-30T18:18:11.258995+00:00,2026-07-01T04:18:11.250000,1,1,71.75,0.5,71.5,100,,,,,,,,,,,,,,,,,,,72.0,100,,,,,,,,,,,,,,,,,,
2026-06-30T18:18:11.313525+00:00,2026-07-01T04:18:11.304525,2,0,,,72.0,50,71.5,100,,,,,,,,,,,,,,,,,,,,,,,,,,,,,,,,,,,,
2026-06-30T18:18:11.368524+00:00,2026-07-01T04:18:11.357524,2,1,72.25,0.5,72.0,50,71.5,100,,,,,,,,,,,,,,,,,72.5,150,,,,,,,,,,,,,,,,,,
2026-06-30T18:18:11.794381+00:00,2026-07-01T04:18:11.793381,2,1,72.25,0.5,72.0,50,71.5,100,,,,,,,,,,,,,,,,,72.5,100,,,,,,,,,,,,,,,,,,
2026-06-30T18:18:12.897275+00:00,2026-07-01T04:18:12.893757,1,1,72.25,0.5,72.0,50,,,,,,,,,,,,,,,,,,,72.5,100,,,,,,,,,,,,,,,,,,
2026-06-30T18:18:12.949859+00:00,2026-07-01T04:18:12.945337,2,1,72.25,0.5,72.0,50,71.9,100,,,,,,,,,,,,,,,,,72.5,100,,,,,,,,,,,,,,,,,,
2026-06-30T18:18:13.003439+00:00,2026-07-01T04:18:12.997439,2,2,72.2,0.4,72.0,50,71.9,100,,,,,,,,,,,,,,,,,72.4,100,72.5,100,,,,,,,,,,,,,,,,
2026-06-30T18:18:13.910628+00:00,2026-07-01T04:18:13.900629,2,2,72.2,0.4,72.0,50,71.9,100,,,,,,,,,,,,,,,,,72.4,50,72.5,100,,,,,,,,,,,,,,,,
2026-06-30T18:18:14.412350+00:00,2026-07-01T04:18:14.411350,2,1,72.2,0.4,72.0,50,71.9,100,,,,,,,,,,,,,,,,,72.4,50,,,,,,,,,,,,,,,,,,
2026-06-30T18:18:14.423350+00:00,2026-07-01T04:18:14.412350,1,1,72.15,0.5,71.9,100,,,,,,,,,,,,,,,,,,,72.4,50,,,,,,,,,,,,,,,,,,
2026-06-30T18:18:14.467350+00:00,2026-07-01T04:18:14.465350,2,1,72.15,0.5,71.9,100,71.7,150,,,,,,,,,,,,,,,,,72.4,50,,,,,,,,,,,,,,,,,,
2026-06-30T18:18:14.522364+00:00,2026-07-01T04:18:14.518364,2,2,72.05,0.3,71.9,100,71.7,150,,,,,,,,,,,,,,,,,72.2,150,72.4,50,,,,,,,,,,,,,,,,
2026-06-30T18:18:14.708397+00:00,2026-07-01T04:18:14.701396,2,2,72.05,0.3,71.9,100,71.7,150,,,,,,,,,,,,,,,,,72.2,110,72.4,50,,,,,,,,,,,,,,,,
2026-06-30T18:18:16.010516+00:00,2026-07-01T04:18:16.005515,2,2,72.05,0.3,71.9,100,71.7,150,,,,,,,,,,,,,,,,,72.2,60,72.4,50,,,,,,,,,,,,,,,,
2026-06-30T18:18:16.053203+00:00,2026-07-01T04:18:16.052203,1,1,71.95,0.5,71.7,150,,,,,,,,,,,,,,,,,,,72.2,60,,,,,,,,,,,,,,,,,,
2026-06-30T18:18:16.107732+00:00,2026-07-01T04:18:16.106732,2,1,72.15,0.1,72.1,100,71.7,150,,,,,,,,,,,,,,,,,72.2,60,,,,,,,,,,,,,,,,,,
2026-06-30T18:18:16.162184+00:00,2026-07-01T04:18:16.158170,2,2,72.15,0.1,72.1,100,71.7,150,,,,,,,,,,,,,,,,,72.2,60,72.6,100,,,,,,,,,,,,,,,,
2026-06-30T18:18:17.585750+00:00,2026-07-01T04:18:17.576749,1,1,72.35,0.5,72.1,100,,,,,,,,,,,,,,,,,,,72.6,100,,,,,,,,,,,,,,,,,,
2026-06-30T18:18:17.629750+00:00,2026-07-01T04:18:17.625750,2,1,72.35,0.5,72.1,100,71.9,150,,,,,,,,,,,,,,,,,72.6,100,,,,,,,,,,,,,,,,,,
2026-06-30T18:18:17.684078+00:00,2026-07-01T04:18:17.681079,2,2,72.25,0.3,72.1,100,71.9,150,,,,,,,,,,,,,,,,,72.4,150,72.6,100,,,,,,,,,,,,,,,,
2026-06-30T18:18:18.119633+00:00,2026-07-01T04:18:18.111632,2,2,72.25,0.3,72.1,100,71.9,150,,,,,,,,,,,,,,,,,72.4,100,72.6,100,,,,,,,,,,,,,,,,
2026-06-30T18:18:19.218627+00:00,2026-07-01T04:18:19.212627,1,1,72.15,0.5,71.9,150,,,,,,,,,,,,,,,,,,,72.4,100,,,,,,,,,,,,,,,,,,
2026-06-30T18:18:19.273560+00:00,2026-07-01T04:18:19.272560,1,1,72.15,0.5,71.9,250,,,,,,,,,,,,,,,,,,,72.4,100,,,,,,,,,,,,,,,,,,
2026-06-30T18:18:19.328560+00:00,2026-07-01T04:18:19.320560,1,1,72.15,0.5,71.9,250,,,,,,,,,,,,,,,,,,,72.4,200,,,,,,,,,,,,,,,,,,
2026-06-30T18:18:20.214288+00:00,2026-07-01T04:18:20.210288,1,1,72.15,0.5,71.9,208,,,,,,,,,,,,,,,,,,,72.4,200,,,,,,,,,,,,,,,,,,
2026-06-30T18:18:20.225289+00:00,2026-07-01T04:18:20.223288,1,1,72.15,0.5,71.9,208,,,,,,,,,,,,,,,,,,,72.4,150,,,,,,,,,,,,,,,,,,
2026-06-30T18:18:20.739073+00:00,2026-07-01T04:18:20.733072,1,1,72.15,0.5,71.9,100,,,,,,,,,,,,,,,,,,,72.4,100,,,,,,,,,,,,,,,,,,
2026-06-30T18:18:20.793024+00:00,2026-07-01T04:18:20.790619,2,1,72.3,0.2,72.2,150,71.9,100,,,,,,,,,,,,,,,,,72.4,100,,,,,,,,,,,,,,,,,,
2026-06-30T18:18:20.848018+00:00,2026-07-01T04:18:20.844020,2,2,72.3,0.2,72.2,150,71.9,100,,,,,,,,,,,,,,,,,72.4,100,72.7,150,,,,,,,,,,,,,,,,
2026-06-30T18:18:21.174064+00:00,2026-07-01T04:18:21.166063,2,2,72.3,0.2,72.2,150,71.9,100,,,,,,,,,,,,,,,,,72.4,53,72.7,150,,,,,,,,,,,,,,,,
2026-06-30T18:18:22.374999+00:00,2026-07-01T04:18:22.373999,2,1,72.45,0.5,72.2,150,71.9,100,,,,,,,,,,,,,,,,,72.7,150,,,,,,,,,,,,,,,,,,
2026-06-30T18:18:22.386012+00:00,2026-07-01T04:18:22.381011,1,1,72.45,0.5,72.2,100,,,,,,,,,,,,,,,,,,,72.7,150,,,,,,,,,,,,,,,,,,
2026-06-30T18:18:22.429606+00:00,2026-07-01T04:18:22.428582,1,1,72.45,0.5,72.2,200,,,,,,,,,,,,,,,,,,,72.7,150,,,,,,,,,,,,,,,,,,
2026-06-30T18:18:22.493769+00:00,2026-07-01T04:18:22.485757,1,1,72.45,0.5,72.2,200,,,,,,,,,,,,,,,,,,,72.7,250,,,,,,,,,,,,,,,,,,
2026-06-30T18:18:23.902944+00:00,2026-07-01T04:18:23.898422,1,1,72.45,0.5,72.2,100,,,,,,,,,,,,,,,,,,,72.7,100,,,,,,,,,,,,,,,,,,
2026-06-30T18:18:23.957942+00:00,2026-07-01T04:18:23.952942,2,1,72.45,0.5,72.2,100,72.1,150,,,,,,,,,,,,,,,,,72.7,100,,,,,,,,,,,,,,,,,,
2026-06-30T18:18:24.012213+00:00,2026-07-01T04:18:24.005618,2,2,72.4,0.4,72.2,100,72.1,150,,,,,,,,,,,,,,,,,72.6,150,72.7,100,,,,,,,,,,,,,,,,
2026-06-30T18:18:24.494067+00:00,2026-07-01T04:18:24.489068,2,2,72.4,0.4,72.2,50,72.1,150,,,,,,,,,,,,,,,,,72.6,150,72.7,100,,,,,,,,,,,,,,,,
2026-06-30T18:18:25.541433+00:00,2026-07-01T04:18:25.539434,1,1,72.35,0.5,72.1,150,,,,,,,,,,,,,,,,,,,72.6,150,,,,,,,,,,,,,,,,,,
2026-06-30T18:18:25.596210+00:00,2026-07-01T04:18:25.587210,1,1,72.35,0.5,72.1,250,,,,,,,,,,,,,,,,,,,72.6,150,,,,,,,,,,,,,,,,,,
2026-06-30T18:18:25.650725+00:00,2026-07-01T04:18:25.640209,1,1,72.35,0.5,72.1,250,,,,,,,,,,,,,,,,,,,72.6,250,,,,,,,,,,,,,,,,,,
2026-06-30T18:18:26.195978+00:00,2026-07-01T04:18:26.191978,1,1,72.35,0.5,72.1,201,,,,,,,,,,,,,,,,,,,72.6,250,,,,,,,,,,,,,,,,,,
2026-06-30T18:18:26.601144+00:00,2026-07-01T04:18:26.595145,1,1,72.35,0.5,72.1,151,,,,,,,,,,,,,,,,,,,72.6,250,,,,,,,,,,,,,,,,,,
2026-06-30T18:18:27.070983+00:00,2026-07-01T04:18:27.061983,1,1,72.35,0.5,72.1,100,,,,,,,,,,,,,,,,,,,72.6,100,,,,,,,,,,,,,,,,,,
2026-06-30T18:18:27.125016+00:00,2026-07-01T04:18:27.115017,2,1,72.35,0.5,72.1,100,71.6,150,,,,,,,,,,,,,,,,,72.6,100,,,,,,,,,,,,,,,,,,
2026-06-30T18:18:27.180016+00:00,2026-07-01T04:18:27.169016,1,2,71.85,0.5,71.6,150,,,,,,,,,,,,,,,,,,,72.1,50,72.6,100,,,,,,,,,,,,,,,,
2026-06-30T18:18:28.793542+00:00,2026-07-01T04:18:28.787541,1,1,71.85,0.5,71.6,100,,,,,,,,,,,,,,,,,,,72.1,50,,,,,,,,,,,,,,,,,,
2026-06-30T18:18:28.848059+00:00,2026-07-01T04:18:28.838059,2,1,71.9,0.4,71.7,100,71.6,100,,,,,,,,,,,,,,,,,72.1,50,,,,,,,,,,,,,,,,,,
2026-06-30T18:18:28.892059+00:00,2026-07-01T04:18:28.890059,2,2,71.9,0.4,71.7,100,71.6,100,,,,,,,,,,,,,,,,,72.1,50,72.2,100,,,,,,,,,,,,,,,,
2026-06-30T18:18:30.228176+00:00,2026-07-01T04:18:30.225175,1,1,71.95,0.5,71.7,100,,,,,,,,,,,,,,,,,,,72.2,100,,,,,,,,,,,,,,,,,,
2026-06-30T18:18:30.282705+00:00,2026-07-01T04:18:30.278706,2,1,72.0,0.4,71.8,150,71.7,100,,,,,,,,,,,,,,,,,72.2,100,,,,,,,,,,,,,,,,,,
2026-06-30T18:18:30.337460+00:00,2026-07-01T04:18:30.331460,2,2,72.0,0.4,71.8,150,71.7,100,,,,,,,,,,,,,,,,,72.2,100,72.3,150,,,,,,,,,,,,,,,,
2026-06-30T18:18:30.905605+00:00,2026-07-01T04:18:30.899605,2,2,72.0,0.4,71.8,100,71.7,100,,,,,,,,,,,,,,,,,72.2,100,72.3,150,,,,,,,,,,,,,,,,
2026-06-30T18:18:31.944064+00:00,2026-07-01T04:18:31.943545,2,1,72.05,0.5,71.8,100,71.7,100,,,,,,,,,,,,,,,,,72.3,150,,,,,,,,,,,,,,,,,,
2026-06-30T18:18:31.955064+00:00,2026-07-01T04:18:31.944064,1,1,72.05,0.5,71.8,100,,,,,,,,,,,,,,,,,,,72.3,150,,,,,,,,,,,,,,,,,,
2026-06-30T18:18:31.999218+00:00,2026-07-01T04:18:31.997217,2,1,72.05,0.5,71.8,100,71.7,100,,,,,,,,,,,,,,,,,72.3,150,,,,,,,,,,,,,,,,,,
2026-06-30T18:18:32.032216+00:00,2026-07-01T04:18:32.026217,2,1,72.05,0.5,71.8,100,71.7,100,,,,,,,,,,,,,,,,,72.3,110,,,,,,,,,,,,,,,,,,
2026-06-30T18:18:32.053094+00:00,2026-07-01T04:18:32.049546,2,2,72.0,0.4,71.8,100,71.7,100,,,,,,,,,,,,,,,,,72.2,100,72.3,110,,,,,,,,,,,,,,,,
2026-06-30T18:18:33.005547+00:00,2026-07-01T04:18:33.004547,2,2,72.0,0.4,71.8,50,71.7,100,,,,,,,,,,,,,,,,,72.2,100,72.3,110,,,,,,,,,,,,,,,,
2026-06-30T18:18:33.390116+00:00,2026-07-01T04:18:33.388115,1,1,71.95,0.5,71.7,100,,,,,,,,,,,,,,,,,,,72.2,100,,,,,,,,,,,,,,,,,,
2026-06-30T18:18:33.444380+00:00,2026-07-01T04:18:33.441422,2,1,71.95,0.5,71.7,100,71.6,150,,,,,,,,,,,,,,,,,72.2,100,,,,,,,,,,,,,,,,,,
2026-06-30T18:18:33.510081+00:00,2026-07-01T04:18:33.501083,2,2,71.9,0.4,71.7,100,71.6,150,,,,,,,,,,,,,,,,,72.1,150,72.2,100,,,,,,,,,,,,,,,,
2026-06-30T18:18:34.077139+00:00,2026-07-01T04:18:34.075140,2,2,71.9,0.4,71.7,100,71.6,150,,,,,,,,,,,,,,,,,72.1,110,72.2,100,,,,,,,,,,,,,,,,
2026-06-30T18:18:34.131782+00:00,2026-07-01T04:18:34.128782,2,2,71.9,0.4,71.7,51,71.6,150,,,,,,,,,,,,,,,,,72.1,110,72.2,100,,,,,,,,,,,,,,,,
2026-06-30T18:18:35.107573+00:00,2026-07-01T04:18:35.106573,1,1,71.85,0.5,71.6,150,,,,,,,,,,,,,,,,,,,72.1,110,,,,,,,,,,,,,,,,,,
2026-06-30T18:18:35.162089+00:00,2026-07-01T04:18:35.161089,2,1,71.95,0.3,71.8,100,71.6,150,,,,,,,,,,,,,,,,,72.1,110,,,,,,,,,,,,,,,,,,
2026-06-30T18:18:35.217468+00:00,2026-07-01T04:18:35.212468,2,2,71.95,0.3,71.8,100,71.6,150,,,,,,,,,,,,,,,,,72.1,110,72.3,100,,,,,,,,,,,,,,,,
2026-06-30T18:18:35.271983+00:00,2026-07-01T04:18:35.268984,2,2,71.95,0.3,71.8,100,71.6,150,,,,,,,,,,,,,,,,,72.1,61,72.3,100,,,,,,,,,,,,,,,,
2026-06-30T18:18:36.563728+00:00,2026-07-01T04:18:36.557053,1,1,72.05,0.5,71.8,100,,,,,,,,,,,,,,,,,,,72.3,100,,,,,,,,,,,,,,,,,,
2026-06-30T18:18:36.617535+00:00,2026-07-01T04:18:36.609535,2,1,72.2,0.2,72.1,150,71.8,100,,,,,,,,,,,,,,,,,72.3,100,,,,,,,,,,,,,,,,,,
2026-06-30T18:18:36.672536+00:00,2026-07-01T04:18:36.661535,2,2,72.2,0.2,72.1,150,71.8,100,,,,,,,,,,,,,,,,,72.3,100,72.6,150,,,,,,,,,,,,,,,,
2026-06-30T18:18:37.215618+00:00,2026-07-01T04:18:37.214617,2,2,72.2,0.2,72.1,100,71.8,100,,,,,,,,,,,,,,,,,72.3,100,72.6,150,,,,,,,,,,,,,,,,
2026-06-30T18:18:37.827014+00:00,2026-07-01T04:18:37.826014,2,2,72.2,0.2,72.1,59,71.8,100,,,,,,,,,,,,,,,,,72.3,100,72.6,150,,,,,,,,,,,,,,,,
2026-06-30T18:18:38.277843+00:00,2026-07-01T04:18:38.266843,2,1,72.35,0.5,72.1,59,71.8,100,,,,,,,,,,,,,,,,,72.6,150,,,,,,,,,,,,,,,,,,
2026-06-30T18:18:38.288844+00:00,2026-07-01T04:18:38.285843,1,1,72.35,0.5,72.1,59,,,,,,,,,,,,,,,,,,,72.6,150,,,,,,,,,,,,,,,,,,
2026-06-30T18:18:38.332630+00:00,2026-07-01T04:18:38.328632,2,1,72.35,0.5,72.1,59,71.7,100,,,,,,,,,,,,,,,,,72.6,150,,,,,,,,,,,,,,,,,,
2026-06-30T18:18:38.386699+00:00,2026-07-01T04:18:38.382699,2,2,72.15,0.1,72.1,59,71.7,100,,,,,,,,,,,,,,,,,72.2,100,72.6,150,,,,,,,,,,,,,,,,
2026-06-30T18:18:39.333651+00:00,2026-07-01T04:18:39.322651,2,2,72.15,0.1,72.1,9,71.7,100,,,,,,,,,,,,,,,,,72.2,100,72.6,150,,,,,,,,,,,,,,,,
2026-06-30T18:18:39.724369+00:00,2026-07-01T04:18:39.718370,1,1,71.95,0.5,71.7,100,,,,,,,,,,,,,,,,,,,72.2,100,,,,,,,,,,,,,,,,,,
2026-06-30T18:18:39.778403+00:00,2026-07-01T04:18:39.769402,2,1,71.95,0.5,71.7,100,71.4,150,,,,,,,,,,,,,,,,,72.2,100,,,,,,,,,,,,,,,,,,
2026-06-30T18:18:39.833403+00:00,2026-07-01T04:18:39.824401,2,2,71.8,0.2,71.7,100,71.4,150,,,,,,,,,,,,,,,,,71.9,150,72.2,100,,,,,,,,,,,,,,,,
2026-06-30T18:18:41.442362+00:00,2026-07-01T04:18:41.437363,1,1,71.65,0.5,71.4,150,,,,,,,,,,,,,,,,,,,71.9,150,,,,,,,,,,,,,,,,,,
2026-06-30T18:18:41.495427+00:00,2026-07-01T04:18:41.489163,2,1,71.75,0.3,71.6,100,71.4,150,,,,,,,,,,,,,,,,,71.9,150,,,,,,,,,,,,,,,,,,
2026-06-30T18:18:41.550428+00:00,2026-07-01T04:18:41.541428,2,2,71.75,0.3,71.6,100,71.4,150,,,,,,,,,,,,,,,,,71.9,150,72.1,100,,,,,,,,,,,,,,,,
2026-06-30T18:18:41.867415+00:00,2026-07-01T04:18:41.866414,2,2,71.75,0.3,71.6,100,71.4,150,,,,,,,,,,,,,,,,,71.9,102,72.1,100,,,,,,,,,,,,,,,,
2026-06-30T18:18:42.885471+00:00,2026-07-01T04:18:42.875954,1,1,71.85,0.5,71.6,100,,,,,,,,,,,,,,,,,,,72.1,100,,,,,,,,,,,,,,,,,,
2026-06-30T18:18:42.940469+00:00,2026-07-01T04:18:42.930470,2,1,71.85,0.5,71.6,100,71.5,150,,,,,,,,,,,,,,,,,72.1,100,,,,,,,,,,,,,,,,,,
2026-06-30T18:18:42.995284+00:00,2026-07-01T04:18:42.984481,2,2,71.8,0.4,71.6,100,71.5,150,,,,,,,,,,,,,,,,,72.0,150,72.1,100,,,,,,,,,,,,,,,,
2026-06-30T18:18:43.540998+00:00,2026-07-01T04:18:43.532001,2,2,71.8,0.4,71.6,50,71.5,150,,,,,,,,,,,,,,,,,72.0,150,72.1,100,,,,,,,,,,,,,,,,
2026-06-30T18:18:44.603626+00:00,2026-07-01T04:18:44.596626,1,1,71.75,0.5,71.5,150,,,,,,,,,,,,,,,,,,,72.0,150,,,,,,,,,,,,,,,,,,
2026-06-30T18:18:44.658174+00:00,2026-07-01T04:18:44.649162,1,1,71.75,0.5,71.5,250,,,,,,,,,,,,,,,,,,,72.0,150,,,,,,,,,,,,,,,,,,
2026-06-30T18:18:44.702174+00:00,2026-07-01T04:18:44.701174,1,1,71.75,0.5,71.5,250,,,,,,,,,,,,,,,,,,,72.0,250,,,,,,,,,,,,,,,,,,
2026-06-30T18:18:45.641883+00:00,2026-07-01T04:18:45.637884,1,1,71.75,0.5,71.5,200,,,,,,,,,,,,,,,,,,,72.0,250,,,,,,,,,,,,,,,,,,
2026-06-30T18:18:46.045316+00:00,2026-07-01T04:18:46.041316,1,1,71.75,0.5,71.5,100,,,,,,,,,,,,,,,,,,,72.0,100,,,,,,,,,,,,,,,,,,
2026-06-30T18:18:46.099490+00:00,2026-07-01T04:18:46.092490,1,1,71.75,0.5,71.5,250,,,,,,,,,,,,,,,,,,,72.0,100,,,,,,,,,,,,,,,,,,
2026-06-30T18:18:46.154506+00:00,2026-07-01T04:18:46.153505,1,1,71.75,0.5,71.5,250,,,,,,,,,,,,,,,,,,,72.0,250,,,,,,,,,,,,,,,,,,
2026-06-30T18:18:47.746669+00:00,2026-07-01T04:18:47.744669,1,1,71.75,0.5,71.5,200,,,,,,,,,,,,,,,,,,,72.0,250,,,,,,,,,,,,,,,,,,
2026-06-30T18:18:47.757670+00:00,2026-07-01T04:18:47.755670,1,1,71.75,0.5,71.5,150,,,,,,,,,,,,,,,,,,,72.0,150,,,,,,,,,,,,,,,,,,
2026-06-30T18:18:47.790669+00:00,2026-07-01T04:18:47.781669,1,1,71.75,0.5,71.5,105,,,,,,,,,,,,,,,,,,,72.0,150,,,,,,,,,,,,,,,,,,
2026-06-30T18:18:47.812669+00:00,2026-07-01T04:18:47.808669,2,1,71.75,0.5,71.5,105,71.4,100,,,,,,,,,,,,,,,,,72.0,150,,,,,,,,,,,,,,,,,,
2026-06-30T18:18:47.867173+00:00,2026-07-01T04:18:47.861172,2,2,71.7,0.4,71.5,105,71.4,100,,,,,,,,,,,,,,,,,71.9,100,72.0,150,,,,,,,,,,,,,,,,
2026-06-30T18:18:49.212239+00:00,2026-07-01T04:18:49.204212,1,1,71.65,0.5,71.4,100,,,,,,,,,,,,,,,,,,,71.9,100,,,,,,,,,,,,,,,,,,
2026-06-30T18:18:49.256378+00:00,2026-07-01T04:18:49.251334,1,1,71.65,0.5,71.4,100,,,,,,,,,,,,,,,,,,,71.9,56,,,,,,,,,,,,,,,,,,
2026-06-30T18:18:49.266899+00:00,2026-07-01T04:18:49.256378,2,1,71.65,0.5,71.4,100,71.2,150,,,,,,,,,,,,,,,,,71.9,56,,,,,,,,,,,,,,,,,,
2026-06-30T18:18:49.321642+00:00,2026-07-01T04:18:49.311627,2,2,71.55,0.3,71.4,100,71.2,150,,,,,,,,,,,,,,,,,71.7,150,71.9,56,,,,,,,,,,,,,,,,
2026-06-30T18:18:49.867163+00:00,2026-07-01T04:18:49.856163,2,2,71.55,0.3,71.4,50,71.2,150,,,,,,,,,,,,,,,,,71.7,150,71.9,56,,,,,,,,,,,,,,,,
2026-06-30T18:18:50.924892+00:00,2026-07-01T04:18:50.916891,1,1,71.45,0.5,71.2,150,,,,,,,,,,,,,,,,,,,71.7,150,,,,,,,,,,,,,,,,,,
2026-06-30T18:18:50.979575+00:00,2026-07-01T04:18:50.971575,2,1,71.6,0.2,71.5,100,71.2,150,,,,,,,,,,,,,,,,,71.7,150,,,,,,,,,,,,,,,,,,
2026-06-30T18:18:51.034577+00:00,2026-07-01T04:18:51.023577,2,2,71.6,0.2,71.5,100,71.2,150,,,,,,,,,,,,,,,,,71.7,150,72.0,100,,,,,,,,,,,,,,,,
2026-06-30T18:18:51.963060+00:00,2026-07-01T04:18:51.962060,2,2,71.6,0.2,71.5,50,71.2,150,,,,,,,,,,,,,,,,,71.7,150,72.0,100,,,,,,,,,,,,,,,,
2026-06-30T18:18:52.368098+00:00,2026-07-01T04:18:52.365099,1,1,71.75,0.5,71.5,50,,,,,,,,,,,,,,,,,,,72.0,100,,,,,,,,,,,,,,,,,,
2026-06-30T18:18:52.433614+00:00,2026-07-01T04:18:52.430614,2,1,71.75,0.5,71.5,50,71.3,150,,,,,,,,,,,,,,,,,72.0,100,,,,,,,,,,,,,,,,,,
2026-06-30T18:18:52.488490+00:00,2026-07-01T04:18:52.484491,2,2,71.65,0.3,71.5,50,71.3,150,,,,,,,,,,,,,,,,,71.8,150,72.0,100,,,,,,,,,,,,,,,,
2026-06-30T18:18:54.085334+00:00,2026-07-01T04:18:54.084335,1,1,71.55,0.5,71.3,150,,,,,,,,,,,,,,,,,,,71.8,150,,,,,,,,,,,,,,,,,,
2026-06-30T18:18:54.140334+00:00,2026-07-01T04:18:54.136335,2,1,71.6,0.4,71.4,100,71.3,150,,,,,,,,,,,,,,,,,71.8,150,,,,,,,,,,,,,,,,,,
2026-06-30T18:18:54.195334+00:00,2026-07-01T04:18:54.191334,2,2,71.6,0.4,71.4,100,71.3,150,,,,,,,,,,,,,,,,,71.8,150,71.9,100,,,,,,,,,,,,,,,,
2026-06-30T18:18:55.542117+00:00,2026-07-01T04:18:55.541116,1,1,71.65,0.5,71.4,100,,,,,,,,,,,,,,,,,,,71.9,100,,,,,,,,,,,,,,,,,,
2026-06-30T18:18:55.597095+00:00,2026-07-01T04:18:55.593644,2,1,71.65,0.5,71.4,100,71.3,150,,,,,,,,,,,,,,,,,71.9,100,,,,,,,,,,,,,,,,,,
2026-06-30T18:18:55.652212+00:00,2026-07-01T04:18:55.646213,2,2,71.6,0.4,71.4,100,71.3,150,,,,,,,,,,,,,,,,,71.8,150,71.9,100,,,,,,,,,,,,,,,,
2026-06-30T18:18:56.199432+00:00,2026-07-01T04:18:56.190432,2,2,71.6,0.4,71.4,50,71.3,150,,,,,,,,,,,,,,,,,71.8,150,71.9,100,,,,,,,,,,,,,,,,
2026-06-30T18:18:56.351863+00:00,2026-07-01T04:18:56.342850,2,2,71.6,0.4,71.4,6,71.3,150,,,,,,,,,,,,,,,,,71.8,150,71.9,100,,,,,,,,,,,,,,,,
2026-06-30T18:18:57.252657+00:00,2026-07-01T04:18:57.243656,1,1,71.55,0.5,71.3,150,,,,,,,,,,,,,,,,,,,71.8,150,,,,,,,,,,,,,,,,,,
2026-06-30T18:18:57.306253+00:00,2026-07-01T04:18:57.296726,2,1,71.55,0.5,71.3,150,70.6,100,,,,,,,,,,,,,,,,,71.8,150,,,,,,,,,,,,,,,,,,
2026-06-30T18:18:57.360918+00:00,2026-07-01T04:18:57.350918,2,1,71.55,0.5,71.3,50,70.6,100,,,,,,,,,,,,,,,,,71.8,150,,,,,,,,,,,,,,,,,,
2026-06-30T18:18:58.706071+00:00,2026-07-01T04:18:58.703072,1,0,,,70.6,100,,,,,,,,,,,,,,,,,,,,,,,,,,,,,,,,,,,,,,
2026-06-30T18:18:58.760552+00:00,2026-07-01T04:18:58.756552,2,0,,,70.9,150,70.6,100,,,,,,,,,,,,,,,,,,,,,,,,,,,,,,,,,,,,
2026-06-30T18:18:58.815552+00:00,2026-07-01T04:18:58.809552,2,1,71.15,0.5,70.9,150,70.6,100,,,,,,,,,,,,,,,,,71.4,150,,,,,,,,,,,,,,,,,,
2026-06-30T18:18:58.836636+00:00,2026-07-01T04:18:58.831922,2,0,,,70.9,150,70.6,100,,,,,,,,,,,,,,,,,,,,,,,,,,,,,,,,,,,,
2026-06-30T18:19:00.408216+00:00,2026-07-01T04:19:00.403700,1,0,,,70.9,150,,,,,,,,,,,,,,,,,,,,,,,,,,,,,,,,,,,,,,
2026-06-30T18:19:00.463215+00:00,2026-07-01T04:19:00.457216,2,0,,,71.0,100,70.9,150,,,,,,,,,,,,,,,,,,,,,,,,,,,,,,,,,,,,
2026-06-30T18:19:00.517825+00:00,2026-07-01T04:19:00.511488,2,1,71.25,0.5,71.0,100,70.9,150,,,,,,,,,,,,,,,,,71.5,100,,,,,,,,,,,,,,,,,,
2026-06-30T18:19:00.616291+00:00,2026-07-01T04:19:00.614290,2,1,71.25,0.5,71.0,100,70.9,150,,,,,,,,,,,,,,,,,71.5,55,,,,,,,,,,,,,,,,,,
2026-06-30T18:19:01.872307+00:00,2026-07-01T04:19:01.867306,1,1,71.25,0.5,71.0,100,,,,,,,,,,,,,,,,,,,71.5,55,,,,,,,,,,,,,,,,,,
2026-06-30T18:19:01.926167+00:00,2026-07-01T04:19:01.916205,2,1,71.45,0.1,71.4,150,71.0,100,,,,,,,,,,,,,,,,,71.5,55,,,,,,,,,,,,,,,,,,
2026-06-30T18:19:01.970167+00:00,2026-07-01T04:19:01.968167,2,2,71.45,0.1,71.4,150,71.0,100,,,,,,,,,,,,,,,,,71.5,55,71.9,150,,,,,,,,,,,,,,,,
2026-06-30T18:19:02.461940+00:00,2026-07-01T04:19:02.454904,2,2,71.45,0.1,71.4,150,71.0,100,,,,,,,,,,,,,,,,,71.5,5,71.9,150,,,,,,,,,,,,,,,,
2026-06-30T18:19:02.775321+00:00,2026-07-01T04:19:02.772322,2,1,71.65,0.5,71.4,150,71.0,100,,,,,,,,,,,,,,,,,71.9,150,,,,,,,,,,,,,,,,,,
2026-06-30T18:19:02.862356+00:00,2026-07-01T04:19:02.859357,2,1,71.65,0.5,71.4,108,71.0,100,,,,,,,,,,,,,,,,,71.9,150,,,,,,,,,,,,,,,,,,
2026-06-30T18:19:03.574589+00:00,2026-07-01T04:19:03.563589,1,1,71.65,0.5,71.4,108,,,,,,,,,,,,,,,,,,,71.9,150,,,,,,,,,,,,,,,,,,
2026-06-30T18:19:03.618106+00:00,2026-07-01T04:19:03.617589,1,1,71.65,0.5,71.4,208,,,,,,,,,,,,,,,,,,,71.9,150,,,,,,,,,,,,,,,,,,
2026-06-30T18:19:03.672624+00:00,2026-07-01T04:19:03.668626,1,1,71.65,0.5,71.4,208,,,,,,,,,,,,,,,,,,,71.9,250,,,,,,,,,,,,,,,,,,
2026-06-30T18:19:04.901147+00:00,2026-07-01T04:19:04.896147,1,1,71.65,0.5,71.4,208,,,,,,,,,,,,,,,,,,,71.9,204,,,,,,,,,,,,,,,,,,
2026-06-30T18:19:05.032677+00:00,2026-07-01T04:19:05.025678,1,1,71.65,0.5,71.4,100,,,,,,,,,,,,,,,,,,,71.9,100,,,,,,,,,,,,,,,,,,
2026-06-30T18:19:05.086721+00:00,2026-07-01T04:19:05.078721,2,1,71.65,0.5,71.4,100,71.3,150,,,,,,,,,,,,,,,,,71.9,100,,,,,,,,,,,,,,,,,,
2026-06-30T18:19:05.141494+00:00,2026-07-01T04:19:05.131494,2,2,71.6,0.4,71.4,100,71.3,150,,,,,,,,,,,,,,,,,71.8,150,71.9,100,,,,,,,,,,,,,,,,
2026-06-30T18:19:05.490147+00:00,2026-07-01T04:19:05.486628,2,2,71.6,0.4,71.4,57,71.3,150,,,,,,,,,,,,,,,,,71.8,150,71.9,100,,,,,,,,,,,,,,,,
2026-06-30T18:19:06.672898+00:00,2026-07-01T04:19:06.666897,2,2,71.6,0.4,71.4,57,71.3,150,,,,,,,,,,,,,,,,,71.8,100,71.9,100,,,,,,,,,,,,,,,,
2026-06-30T18:19:06.727926+00:00,2026-07-01T04:19:06.722909,1,1,71.55,0.5,71.3,150,,,,,,,,,,,,,,,,,,,71.8,100,,,,,,,,,,,,,,,,,,
2026-06-30T18:19:06.803364+00:00,2026-07-01T04:19:06.794365,2,1,71.55,0.5,71.3,150,71.1,100,,,,,,,,,,,,,,,,,71.8,100,,,,,,,,,,,,,,,,,,
2026-06-30T18:19:06.847375+00:00,2026-07-01T04:19:06.846375,2,2,71.45,0.3,71.3,150,71.1,100,,,,,,,,,,,,,,,,,71.6,100,71.8,100,,,,,,,,,,,,,,,,
2026-06-30T18:19:08.192375+00:00,2026-07-01T04:19:08.186375,1,1,71.35,0.5,71.1,100,,,,,,,,,,,,,,,,,,,71.6,100,,,,,,,,,,,,,,,,,,
2026-06-30T18:19:08.247390+00:00,2026-07-01T04:19:08.238390,2,1,71.5,0.2,71.4,150,71.1,100,,,,,,,,,,,,,,,,,71.6,100,,,,,,,,,,,,,,,,,,
2026-06-30T18:19:08.302965+00:00,2026-07-01T04:19:08.291952,2,2,71.5,0.2,71.4,150,71.1,100,,,,,,,,,,,,,,,,,71.6,100,71.9,150,,,,,,,,,,,,,,,,
2026-06-30T18:19:08.783156+00:00,2026-07-01T04:19:08.772649,2,2,71.5,0.2,71.4,150,71.1,100,,,,,,,,,,,,,,,,,71.6,50,71.9,150,,,,,,,,,,,,,,,,
2026-06-30T18:19:09.327972+00:00,2026-07-01T04:19:09.319415,2,2,71.5,0.2,71.4,150,71.1,100,,,,,,,,,,,,,,,,,71.6,40,71.9,150,,,,,,,,,,,,,,,,
2026-06-30T18:19:09.360713+00:00,2026-07-01T04:19:09.352714,2,2,71.5,0.2,71.4,150,71.1,100,,,,,,,,,,,,,,,,,71.6,18,71.9,150,,,,,,,,,,,,,,,,
2026-06-30T18:19:09.920172+00:00,2026-07-01T04:19:09.914172,1,1,71.65,0.5,71.4,150,,,,,,,,,,,,,,,,,,,71.9,150,,,,,,,,,,,,,,,,,,
2026-06-30T18:19:09.975172+00:00,2026-07-01T04:19:09.967172,2,1,71.75,0.3,71.6,100,71.4,150,,,,,,,,,,,,,,,,,71.9,150,,,,,,,,,,,,,,,,,,
2026-06-30T18:19:10.029230+00:00,2026-07-01T04:19:10.020712,2,2,71.75,0.3,71.6,100,71.4,150,,,,,,,,,,,,,,,,,71.9,150,72.1,100,,,,,,,,,,,,,,,,
2026-06-30T18:19:10.936887+00:00,2026-07-01T04:19:10.929887,2,2,71.75,0.3,71.6,50,71.4,150,,,,,,,,,,,,,,,,,71.9,150,72.1,100,,,,,,,,,,,,,,,,
2026-06-30T18:19:11.350728+00:00,2026-07-01T04:19:11.345727,1,1,71.85,0.5,71.6,50,,,,,,,,,,,,,,,,,,,72.1,100,,,,,,,,,,,,,,,,,,
2026-06-30T18:19:11.394727+00:00,2026-07-01T04:19:11.384728,1,1,71.85,0.5,71.6,6,,,,,,,,,,,,,,,,,,,72.1,100,,,,,,,,,,,,,,,,,,
2026-06-30T18:19:11.405727+00:00,2026-07-01T04:19:11.398727,1,1,71.85,0.5,71.6,156,,,,,,,,,,,,,,,,,,,72.1,100,,,,,,,,,,,,,,,,,,
2026-06-30T18:19:11.461223+00:00,2026-07-01T04:19:11.451222,1,1,71.85,0.5,71.6,156,,,,,,,,,,,,,,,,,,,72.1,250,,,,,,,,,,,,,,,,,,
2026-06-30T18:19:13.049122+00:00,2026-07-01T04:19:13.039601,1,1,71.85,0.5,71.6,106,,,,,,,,,,,,,,,,,,,72.1,250,,,,,,,,,,,,,,,,,,
2026-06-30T18:19:13.081637+00:00,2026-07-01T04:19:13.075637,1,1,71.85,0.5,71.6,106,,,,,,,,,,,,,,,,,,,72.1,150,,,,,,,,,,,,,,,,,,
2026-06-30T18:19:13.136637+00:00,2026-07-01T04:19:13.130637,2,1,71.85,0.5,71.6,106,71.2,100,,,,,,,,,,,,,,,,,72.1,150,,,,,,,,,,,,,,,,,,
2026-06-30T18:19:13.191177+00:00,2026-07-01T04:19:13.184177,2,2,71.65,0.1,71.6,106,71.2,100,,,,,,,,,,,,,,,,,71.7,100,72.1,150,,,,,,,,,,,,,,,,
2026-06-30T18:19:13.988848+00:00,2026-07-01T04:19:13.984834,2,2,71.65,0.1,71.6,106,71.2,100,,,,,,,,,,,,,,,,,71.7,56,72.1,150,,,,,,,,,,,,,,,,
2026-06-30T18:19:14.510770+00:00,2026-07-01T04:19:14.504769,1,1,71.45,0.5,71.2,100,,,,,,,,,,,,,,,,,,,71.7,56,,,,,,,,,,,,,,,,,,
2026-06-30T18:19:14.565253+00:00,2026-07-01T04:19:14.557253,2,1,71.6,0.2,71.5,150,71.2,100,,,,,,,,,,,,,,,,,71.7,56,,,,,,,,,,,,,,,,,,
2026-06-30T18:19:14.619379+00:00,2026-07-01T04:19:14.610858,2,2,71.6,0.2,71.5,150,71.2,100,,,,,,,,,,,,,,,,,71.7,56,72.0,150,,,,,,,,,,,,,,,,
2026-06-30T18:19:14.969312+00:00,2026-07-01T04:19:14.961790,2,2,71.6,0.2,71.5,150,71.2,100,,,,,,,,,,,,,,,,,71.7,8,72.0,150,,,,,,,,,,,,,,,,
2026-06-30T18:19:15.154790+00:00,2026-07-01T04:19:15.146791,2,2,71.6,0.2,71.5,100,71.2,100,,,,,,,,,,,,,,,,,71.7,8,72.0,150,,,,,,,,,,,,,,,,
2026-06-30T18:19:16.239302+00:00,2026-07-01T04:19:16.237269,2,1,71.75,0.5,71.5,100,71.2,100,,,,,,,,,,,,,,,,,72.0,150,,,,,,,,,,,,,,,,,,
2026-06-30T18:19:16.249661+00:00,2026-07-01T04:19:16.239302,1,1,71.75,0.5,71.5,100,,,,,,,,,,,,,,,,,,,72.0,150,,,,,,,,,,,,,,,,,,
2026-06-30T18:19:16.293178+00:00,2026-07-01T04:19:16.292180,2,1,71.75,0.5,71.5,100,71.2,100,,,,,,,,,,,,,,,,,72.0,150,,,,,,,,,,,,,,,,,,
2026-06-30T18:19:16.348193+00:00,2026-07-01T04:19:16.347192,2,2,71.6,0.2,71.5,100,71.2,100,,,,,,,,,,,,,,,,,71.7,100,72.0,150,,,,,,,,,,,,,,,,
2026-06-30T18:19:17.264991+00:00,2026-07-01T04:19:17.253992,2,2,71.6,0.2,71.5,50,71.2,100,,,,,,,,,,,,,,,,,71.7,100,72.0,150,,,,,,,,,,,,,,,,
2026-06-30T18:19:17.669411+00:00,2026-07-01T04:19:17.666344,1,1,71.45,0.5,71.2,100,,,,,,,,,,,,,,,,,,,71.7,100,,,,,,,,,,,,,,,,,,
2026-06-30T18:19:17.723609+00:00,2026-07-01T04:19:17.719609,2,1,71.45,0.5,71.2,100,71.0,150,,,,,,,,,,,,,,,,,71.7,100,,,,,,,,,,,,,,,,,,
2026-06-30T18:19:17.778103+00:00,2026-07-01T04:19:17.772104,2,2,71.35,0.3,71.2,100,71.0,150,,,,,,,,,,,,,,,,,71.5,150,71.7,100,,,,,,,,,,,,,,,,
2026-06-30T18:19:17.953171+00:00,2026-07-01T04:19:17.951170,2,2,71.35,0.3,71.2,100,71.0,150,,,,,,,,,,,,,,,,,71.5,106,71.7,100,,,,,,,,,,,,,,,,
2026-06-30T18:19:19.371669+00:00,2026-07-01T04:19:19.361669,2,2,71.35,0.3,71.2,50,71.0,150,,,,,,,,,,,,,,,,,71.5,106,71.7,100,,,,,,,,,,,,,,,,
2026-06-30T18:19:19.404670+00:00,2026-07-01T04:19:19.402669,1,1,71.25,0.5,71.0,150,,,,,,,,,,,,,,,,,,,71.5,106,,,,,,,,,,,,,,,,,,
2026-06-30T18:19:19.470670+00:00,2026-07-01T04:19:19.460669,2,1,71.3,0.4,71.1,100,71.0,150,,,,,,,,,,,,,,,,,71.5,106,,,,,,,,,,,,,,,,,,
2026-06-30T18:19:19.524220+00:00,2026-07-01T04:19:19.514220,2,2,71.3,0.4,71.1,100,71.0,150,,,,,,,,,,,,,,,,,71.5,106,71.6,100,,,,,,,,,,,,,,,,
2026-06-30T18:19:20.088536+00:00,2026-07-01T04:19:20.079536,2,2,71.3,0.4,71.1,55,71.0,150,,,,,,,,,,,,,,,,,71.5,106,71.6,100,,,,,,,,,,,,,,,,
2026-06-30T18:19:20.840355+00:00,2026-07-01T04:19:20.830838,1,1,71.35,0.5,71.1,55,,,,,,,,,,,,,,,,,,,71.6,100,,,,,,,,,,,,,,,,,,
2026-06-30T18:19:20.883871+00:00,2026-07-01T04:19:20.880871,1,1,71.35,0.5,71.1,205,,,,,,,,,,,,,,,,,,,71.6,100,,,,,,,,,,,,,,,,,,
2026-06-30T18:19:20.938885+00:00,2026-07-01T04:19:20.933885,1,1,71.35,0.5,71.1,205,,,,,,,,,,,,,,,,,,,71.6,250,,,,,,,,,,,,,,,,,,
2026-06-30T18:19:21.470372+00:00,2026-07-01T04:19:21.468852,1,1,71.35,0.5,71.1,155,,,,,,,,,,,,,,,,,,,71.6,250,,,,,,,,,,,,,,,,,,
2026-06-30T18:19:21.857363+00:00,2026-07-01T04:19:21.854817,1,1,71.35,0.5,71.1,108,,,,,,,,,,,,,,,,,,,71.6,250,,,,,,,,,,,,,,,,,,
2026-06-30T18:19:22.575281+00:00,2026-07-01T04:19:22.566819,1,1,71.35,0.5,71.1,108,,,,,,,,,,,,,,,,,,,71.6,150,,,,,,,,,,,,,,,,,,
2026-06-30T18:19:22.629864+00:00,2026-07-01T04:19:22.619850,2,1,71.35,0.5,71.1,108,70.8,100,,,,,,,,,,,,,,,,,71.6,150,,,,,,,,,,,,,,,,,,
2026-06-30T18:19:22.684378+00:00,2026-07-01T04:19:22.675378,2,2,71.2,0.2,71.1,108,70.8,100,,,,,,,,,,,,,,,,,71.3,100,71.6,150,,,,,,,,,,,,,,,,
2026-06-30T18:19:22.814389+00:00,2026-07-01T04:19:22.811388,2,2,71.2,0.2,71.1,108,70.8,100,,,,,,,,,,,,,,,,,71.3,57,71.6,150,,,,,,,,,,,,,,,,
2026-06-30T18:19:23.580489+00:00,2026-07-01T04:19:23.576564,2,2,71.2,0.2,71.1,58,70.8,100,,,,,,,,,,,,,,,,,71.3,57,71.6,150,,,,,,,,,,,,,,,,
2026-06-30T18:19:23.996963+00:00,2026-07-01T04:19:23.989963,1,1,71.05,0.5,70.8,100,,,,,,,,,,,,,,,,,,,71.3,57,,,,,,,,,,,,,,,,,,
2026-06-30T18:19:24.051491+00:00,2026-07-01T04:19:24.045491,2,1,71.05,0.5,70.8,100,70.7,150,,,,,,,,,,,,,,,,,71.3,57,,,,,,,,,,,,,,,,,,
2026-06-30T18:19:24.106504+00:00,2026-07-01T04:19:24.097503,2,2,71.0,0.4,70.8,100,70.7,150,,,,,,,,,,,,,,,,,71.2,150,71.3,57,,,,,,,,,,,,,,,,
2026-06-30T18:19:25.088008+00:00,2026-07-01T04:19:25.084009,2,2,71.0,0.4,70.8,53,70.7,150,,,,,,,,,,,,,,,,,71.2,150,71.3,57,,,,,,,,,,,,,,,,
2026-06-30T18:19:25.738372+00:00,2026-07-01T04:19:25.727373,1,1,70.95,0.5,70.7,150,,,,,,,,,,,,,,,,,,,71.2,150,,,,,,,,,,,,,,,,,,
2026-06-30T18:19:25.780924+00:00,2026-07-01T04:19:25.779406,2,1,70.95,0.5,70.7,150,70.6,100,,,,,,,,,,,,,,,,,71.2,150,,,,,,,,,,,,,,,,,,
2026-06-30T18:19:25.836101+00:00,2026-07-01T04:19:25.833102,2,2,70.9,0.4,70.7,150,70.6,100,,,,,,,,,,,,,,,,,71.1,100,71.2,150,,,,,,,,,,,,,,,,
2026-06-30T18:19:26.367444+00:00,2026-07-01T04:19:26.362444,2,2,70.9,0.4,70.7,150,70.6,100,,,,,,,,,,,,,,,,,71.1,10,71.2,150,,,,,,,,,,,,,,,,
2026-06-30T18:19:27.157455+00:00,2026-07-01T04:19:27.154456,1,1,70.85,0.5,70.6,100,,,,,,,,,,,,,,,,,,,71.1,10,,,,,,,,,,,,,,,,,,
2026-06-30T18:19:27.212444+00:00,2026-07-01T04:19:27.211443,2,0,,,70.7,150,70.6,100,,,,,,,,,,,,,,,,,,,,,,,,,,,,,,,,,,,,
2026-06-30T18:19:27.267444+00:00,2026-07-01T04:19:27.261444,2,1,70.95,0.5,70.7,150,70.6,100,,,,,,,,,,,,,,,,,71.2,150,,,,,,,,,,,,,,,,,,
2026-06-30T18:19:28.803030+00:00,2026-07-01T04:19:28.793030,2,1,70.95,0.5,70.7,150,70.6,100,,,,,,,,,,,,,,,,,71.2,103,,,,,,,,,,,,,,,,,,
2026-06-30T18:19:28.890568+00:00,2026-07-01T04:19:28.886556,1,1,70.95,0.5,70.7,150,,,,,,,,,,,,,,,,,,,71.2,103,,,,,,,,,,,,,,,,,,
