recv_time,book_timestamp,n_bids,n_asks,mid,spread,bid_px_0,bid_vol_0,bid_px_1,bid_vol_1,bid_px_2,bid_vol_2,bid_px_3,bid_vol_3,bid_px_4,bid_vol_4,bid_px_5,bid_vol_5,bid_px_6,bid_vol_6,bid_px_7,bid_vol_7,bid_px_8,bid_vol_8,bid_px_9,bid_vol_9,ask_px_0,ask_vol_0,ask_px_1,ask_vol_1,ask_px_2,ask_vol_2,ask_px_3,ask_vol_3,ask_px_4,ask_vol_4,ask_px_5,ask_vol_5,ask_px_6,ask_vol_6,ask_px_7,ask_vol_7,ask_px_8,ask_vol_8,ask_px_9,ask_vol_9
2026-07-06T10:00:00.215929+00:00,2026-07-06T10:00:00.136477,2,4,152.55,0.1,152.5,147,152.1,100,,,,,,,,,,,,,,,,,152.6,3,153.0,150,153.1,8,153.6,5,,,,,,,,,,,,
2026-07-06T10:00:00.389508+00:00,2026-07-06T10:00:00.389423,2,3,152.75,0.5,152.5,147,152.1,100,,,,,,,,,,,,,,,,,153.0,103,153.1,8,153.6,5,,,,,,,,,,,,,,
2026-07-06T10:00:00.668382+00:00,2026-07-06T10:00:00.668486,1,3,152.75,0.5,152.5,147,,,,,,,,,,,,,,,,,,,153.0,103,153.1,8,153.6,5,,,,,,,,,,,,,,
2026-07-06T10:00:00.725172+00:00,2026-07-06T10:00:00.725041,1,3,152.75,0.5,152.5,247,,,,,,,,,,,,,,,,,,,153.0,103,153.1,8,153.6,5,,,,,,,,,,,,,,
2026-07-06T10:00:00.776517+00:00,2026-07-06T10:00:00.776464,1,3,152.75,0.5,152.5,247,,,,,,,,,,,,,,,,,,,153.0,203,153.1,8,153.6,5,,,,,,,,,,,,,,
2026-07-06T10:00:00.833844+00:00,2026-07-06T10:00:00.808416,1,3,152.75,0.5,152.5,200,,,,,,,,,,,,,,,,,,,153.0,203,153.1,8,153.6,5,,,,,,,,,,,,,,
2026-07-06T10:00:01.161824+00:00,2026-07-06T10:00:01.153831,1,3,152.75,0.5,152.5,200,,,,,,,,,,,,,,,,,,,153.0,200,153.1,8,153.6,5,,,,,,,,,,,,,,
2026-07-06T10:00:02.036755+00:00,2026-07-06T10:00:02.036913,1,3,152.75,0.5,152.5,200,,,,,,,,,,,,,,,,,,,153.0,200,153.2,8,153.6,5,,,,,,,,,,,,,,
2026-07-06T10:00:02.144592+00:00,2026-07-06T10:00:02.144478,1,3,152.75,0.5,152.5,100,,,,,,,,,,,,,,,,,,,153.0,100,153.2,8,153.6,5,,,,,,,,,,,,,,
2026-07-06T10:00:02.196744+00:00,2026-07-06T10:00:02.196674,1,3,152.75,0.5,152.5,250,,,,,,,,,,,,,,,,,,,153.0,100,153.2,8,153.6,5,,,,,,,,,,,,,,
2026-07-06T10:00:02.252827+00:00,2026-07-06T10:00:02.252941,1,3,152.75,0.5,152.5,250,,,,,,,,,,,,,,,,,,,153.0,250,153.2,8,153.6,5,,,,,,,,,,,,,,
2026-07-06T10:00:02.498601+00:00,2026-07-06T10:00:02.498814,1,3,152.75,0.5,152.5,250,,,,,,,,,,,,,,,,,,,153.0,200,153.2,8,153.6,5,,,,,,,,,,,,,,
2026-07-06T10:00:03.829222+00:00,2026-07-06T10:00:03.829100,1,3,152.75,0.5,152.5,250,,,,,,,,,,,,,,,,,,,153.0,150,153.2,8,153.6,5,,,,,,,,,,,,,,
2026-07-06T10:00:03.834292+00:00,2026-07-06T10:00:03.834264,1,3,152.75,0.5,152.5,150,,,,,,,,,,,,,,,,,,,153.0,150,153.2,8,153.6,5,,,,,,,,,,,,,,
2026-07-06T10:00:03.887426+00:00,2026-07-06T10:00:03.887558,2,3,152.85,0.3,152.7,100,152.5,150,,,,,,,,,,,,,,,,,153.0,150,153.2,8,153.6,5,,,,,,,,,,,,,,
2026-07-06T10:00:03.939756+00:00,2026-07-06T10:00:03.939637,2,3,152.85,0.3,152.7,100,152.5,150,,,,,,,,,,,,,,,,,153.0,150,153.2,108,153.6,5,,,,,,,,,,,,,,
2026-07-06T10:00:04.050283+00:00,2026-07-06T10:00:04.050168,2,3,152.85,0.3,152.7,100,152.5,150,,,,,,,,,,,,,,,,,153.0,150,153.2,100,153.6,5,,,,,,,,,,,,,,
2026-07-06T10:00:04.055476+00:00,2026-07-06T10:00:04.055402,2,3,152.85,0.3,152.7,100,152.5,150,,,,,,,,,,,,,,,,,153.0,150,153.2,108,153.6,5,,,,,,,,,,,,,,
2026-07-06T10:00:04.620542+00:00,2026-07-06T10:00:04.620470,2,3,152.85,0.3,152.7,100,152.5,150,,,,,,,,,,,,,,,,,153.0,100,153.2,108,153.6,5,,,,,,,,,,,,,,
2026-07-06T10:00:05.192241+00:00,2026-07-06T10:00:05.192397,2,3,152.85,0.3,152.7,97,152.5,150,,,,,,,,,,,,,,,,,153.0,100,153.2,108,153.6,5,,,,,,,,,,,,,,
2026-07-06T10:00:05.307466+00:00,2026-07-06T10:00:05.307428,1,2,152.95,0.5,152.7,97,,,,,,,,,,,,,,,,,,,153.2,108,153.6,5,,,,,,,,,,,,,,,,
2026-07-06T10:00:05.376691+00:00,2026-07-06T10:00:05.366182,2,2,153.0,0.4,152.8,139,152.7,97,,,,,,,,,,,,,,,,,153.2,108,153.6,5,,,,,,,,,,,,,,,,
2026-07-06T10:00:05.415232+00:00,2026-07-06T10:00:05.415087,2,3,153.0,0.4,152.8,139,152.7,97,,,,,,,,,,,,,,,,,153.2,108,153.3,150,153.6,5,,,,,,,,,,,,,,
2026-07-06T10:00:05.743737+00:00,2026-07-06T10:00:05.737854,2,3,153.0,0.4,152.8,128,152.7,97,,,,,,,,,,,,,,,,,153.2,108,153.3,150,153.6,5,,,,,,,,,,,,,,
2026-07-06T10:00:06.108935+00:00,2026-07-06T10:00:06.109079,2,3,153.0,0.4,152.8,87,152.7,97,,,,,,,,,,,,,,,,,153.2,108,153.3,150,153.6,5,,,,,,,,,,,,,,
2026-07-06T10:00:06.208439+00:00,2026-07-06T10:00:06.208357,2,3,153.0,0.4,152.8,79,152.7,97,,,,,,,,,,,,,,,,,153.2,108,153.3,150,153.6,5,,,,,,,,,,,,,,
2026-07-06T10:00:06.816318+00:00,2026-07-06T10:00:06.816242,2,4,153.0,0.4,152.8,79,152.7,97,,,,,,,,,,,,,,,,,153.2,100,153.3,150,153.5,8,153.6,5,,,,,,,,,,,,
2026-07-06T10:00:06.998424+00:00,2026-07-06T10:00:06.998337,1,3,153.05,0.5,152.8,79,,,,,,,,,,,,,,,,,,,153.3,150,153.5,8,153.6,5,,,,,,,,,,,,,,
2026-07-06T10:00:07.051155+00:00,2026-07-06T10:00:07.051256,2,3,153.05,0.5,152.8,79,152.7,100,,,,,,,,,,,,,,,,,153.3,150,153.5,8,153.6,5,,,,,,,,,,,,,,
2026-07-06T10:00:07.106351+00:00,2026-07-06T10:00:07.106202,2,4,153.0,0.4,152.8,79,152.7,100,,,,,,,,,,,,,,,,,153.2,100,153.3,150,153.5,8,153.6,5,,,,,,,,,,,,
2026-07-06T10:00:07.223124+00:00,2026-07-06T10:00:07.223078,2,4,153.0,0.4,152.8,79,152.7,100,,,,,,,,,,,,,,,,,153.2,90,153.3,150,153.5,8,153.6,5,,,,,,,,,,,,
2026-07-06T10:00:08.238647+00:00,2026-07-06T10:00:08.238617,2,4,153.0,0.4,152.8,79,152.7,100,,,,,,,,,,,,,,,,,153.2,89,153.3,150,153.5,8,153.6,5,,,,,,,,,,,,
2026-07-06T10:00:08.469450+00:00,2026-07-06T10:00:08.469634,1,3,152.95,0.5,152.7,100,,,,,,,,,,,,,,,,,,,153.2,89,153.5,8,153.6,5,,,,,,,,,,,,,,
2026-07-06T10:00:08.525248+00:00,2026-07-06T10:00:08.525114,2,3,152.95,0.5,152.7,100,152.6,150,,,,,,,,,,,,,,,,,153.2,89,153.5,8,153.6,5,,,,,,,,,,,,,,
2026-07-06T10:00:08.580123+00:00,2026-07-06T10:00:08.580017,2,4,152.9,0.4,152.7,100,152.6,150,,,,,,,,,,,,,,,,,153.1,150,153.2,89,153.5,8,153.6,5,,,,,,,,,,,,
2026-07-06T10:00:08.832220+00:00,2026-07-06T10:00:08.832195,2,4,152.9,0.4,152.7,100,152.6,150,,,,,,,,,,,,,,,,,153.1,100,153.2,89,153.5,8,153.6,5,,,,,,,,,,,,
2026-07-06T10:00:09.330526+00:00,2026-07-06T10:00:09.330692,2,4,152.9,0.4,152.7,100,152.6,150,,,,,,,,,,,,,,,,,153.1,100,153.2,89,153.3,8,153.6,5,,,,,,,,,,,,
2026-07-06T10:00:09.620405+00:00,2026-07-06T10:00:09.620325,2,4,152.9,0.4,152.7,100,152.6,150,,,,,,,,,,,,,,,,,153.1,55,153.2,89,153.3,8,153.6,5,,,,,,,,,,,,
2026-07-06T10:00:10.158562+00:00,2026-07-06T10:00:10.155194,1,3,152.85,0.5,152.6,150,,,,,,,,,,,,,,,,,,,153.1,55,153.3,8,153.6,5,,,,,,,,,,,,,,
2026-07-06T10:00:10.214853+00:00,2026-07-06T10:00:10.214735,2,3,152.9,0.4,152.7,100,152.6,150,,,,,,,,,,,,,,,,,153.1,55,153.3,8,153.6,5,,,,,,,,,,,,,,
2026-07-06T10:00:10.265740+00:00,2026-07-06T10:00:10.265972,2,4,152.9,0.4,152.7,100,152.6,150,,,,,,,,,,,,,,,,,153.1,55,153.2,100,153.3,8,153.6,5,,,,,,,,,,,,
2026-07-06T10:00:10.271395+00:00,2026-07-06T10:00:10.271214,2,4,152.9,0.4,152.7,97,152.6,150,,,,,,,,,,,,,,,,,153.1,55,153.2,100,153.3,8,153.6,5,,,,,,,,,,,,
2026-07-06T10:00:11.010411+00:00,2026-07-06T10:00:11.001280,2,4,152.9,0.4,152.7,47,152.6,150,,,,,,,,,,,,,,,,,153.1,55,153.2,100,153.3,8,153.6,5,,,,,,,,,,,,
2026-07-06T10:00:11.359038+00:00,2026-07-06T10:00:11.358816,2,4,152.9,0.4,152.7,47,152.6,150,,,,,,,,,,,,,,,,,153.1,52,153.2,100,153.3,8,153.6,5,,,,,,,,,,,,
2026-07-06T10:00:11.659038+00:00,2026-07-06T10:00:11.658756,1,3,152.95,0.5,152.7,47,,,,,,,,,,,,,,,,,,,153.2,100,153.3,8,153.6,5,,,,,,,,,,,,,,
2026-07-06T10:00:11.692974+00:00,2026-07-06T10:00:11.693128,2,3,153.05,0.3,152.9,150,152.7,47,,,,,,,,,,,,,,,,,153.2,100,153.3,8,153.6,5,,,,,,,,,,,,,,
2026-07-06T10:00:11.745743+00:00,2026-07-06T10:00:11.745642,2,4,153.05,0.3,152.9,150,152.7,47,,,,,,,,,,,,,,,,,153.2,100,153.3,8,153.4,150,153.6,5,,,,,,,,,,,,
2026-07-06T10:00:11.842796+00:00,2026-07-06T10:00:11.842693,2,3,153.05,0.3,152.9,150,152.7,47,,,,,,,,,,,,,,,,,153.2,100,153.4,158,153.6,5,,,,,,,,,,,,,,
2026-07-06T10:00:12.306129+00:00,2026-07-06T10:00:12.305948,2,3,153.05,0.3,152.9,143,152.7,47,,,,,,,,,,,,,,,,,153.2,100,153.4,158,153.6,5,,,,,,,,,,,,,,
2026-07-06T10:00:13.105055+00:00,2026-07-06T10:00:13.104978,2,3,153.05,0.3,152.9,93,152.7,47,,,,,,,,,,,,,,,,,153.2,100,153.4,158,153.6,5,,,,,,,,,,,,,,
2026-07-06T10:00:13.323744+00:00,2026-07-06T10:00:13.323633,1,2,153.15,0.5,152.9,93,,,,,,,,,,,,,,,,,,,153.4,158,153.6,5,,,,,,,,,,,,,,,,
2026-07-06T10:00:13.378142+00:00,2026-07-06T10:00:13.378104,2,2,153.15,0.5,152.9,93,152.6,100,,,,,,,,,,,,,,,,,153.4,158,153.6,5,,,,,,,,,,,,,,,,
2026-07-06T10:00:13.436679+00:00,2026-07-06T10:00:13.436637,2,3,153.0,0.2,152.9,93,152.6,100,,,,,,,,,,,,,,,,,153.1,100,153.4,158,153.6,5,,,,,,,,,,,,,,
2026-07-06T10:00:14.800629+00:00,2026-07-06T10:00:14.800495,1,3,152.85,0.5,152.6,100,,,,,,,,,,,,,,,,,,,153.1,100,153.4,8,153.6,5,,,,,,,,,,,,,,
2026-07-06T10:00:14.858620+00:00,2026-07-06T10:00:14.856335,2,3,152.95,0.3,152.8,150,152.6,100,,,,,,,,,,,,,,,,,153.1,100,153.4,8,153.6,5,,,,,,,,,,,,,,
2026-07-06T10:00:14.908881+00:00,2026-07-06T10:00:14.909007,2,4,152.95,0.3,152.8,150,152.6,100,,,,,,,,,,,,,,,,,153.1,100,153.3,150,153.4,8,153.6,5,,,,,,,,,,,,
2026-07-06T10:00:15.116145+00:00,2026-07-06T10:00:15.116042,2,4,152.95,0.3,152.8,150,152.6,100,,,,,,,,,,,,,,,,,153.1,100,153.3,150,153.4,8,153.6,5,,,,,,,,,,,,
2026-07-06T10:00:15.158737+00:00,2026-07-06T10:00:15.155629,2,4,152.95,0.3,152.8,150,152.6,100,,,,,,,,,,,,,,,,,153.1,50,153.3,150,153.4,8,153.6,5,,,,,,,,,,,,
2026-07-06T10:00:15.328540+00:00,2026-07-06T10:00:15.328427,2,4,152.95,0.3,152.8,150,152.6,100,,,,,,,,,,,,,,,,,153.1,44,153.3,150,153.4,8,153.6,5,,,,,,,,,,,,
2026-07-06T10:00:15.874219+00:00,2026-07-06T10:00:15.874122,2,3,152.95,0.3,152.8,150,152.6,100,,,,,,,,,,,,,,,,,153.1,44,153.3,150,153.6,5,,,,,,,,,,,,,,
2026-07-06T10:00:15.879499+00:00,2026-07-06T10:00:15.879368,2,3,152.95,0.3,152.8,150,152.6,100,,,,,,,,,,,,,,,,,153.1,44,153.3,150,153.6,13,,,,,,,,,,,,,,
2026-07-06T10:00:16.343330+00:00,2026-07-06T10:00:16.343266,2,3,152.95,0.3,152.8,150,152.6,100,,,,,,,,,,,,,,,,,153.1,43,153.3,150,153.6,13,,,,,,,,,,,,,,
2026-07-06T10:00:16.491023+00:00,2026-07-06T10:00:16.491163,1,2,153.05,0.5,152.8,150,,,,,,,,,,,,,,,,,,,153.3,150,153.6,13,,,,,,,,,,,,,,,,
2026-07-06T10:00:16.552558+00:00,2026-07-06T10:00:16.552452,2,2,153.15,0.3,153.0,100,152.8,150,,,,,,,,,,,,,,,,,153.3,150,153.6,13,,,,,,,,,,,,,,,,
2026-07-06T10:00:16.606920+00:00,2026-07-06T10:00:16.606827,2,3,153.15,0.3,153.0,100,152.8,150,,,,,,,,,,,,,,,,,153.3,150,153.5,100,153.6,13,,,,,,,,,,,,,,
2026-07-06T10:00:16.635370+00:00,2026-07-06T10:00:16.635522,2,3,153.15,0.3,153.0,100,152.8,150,,,,,,,,,,,,,,,,,153.3,150,153.5,108,153.6,5,,,,,,,,,,,,,,
2026-07-06T10:00:16.794628+00:00,2026-07-06T10:00:16.794596,2,3,153.15,0.3,153.0,59,152.8,150,,,,,,,,,,,,,,,,,153.3,150,153.5,108,153.6,5,,,,,,,,,,,,,,
2026-07-06T10:00:17.297672+00:00,2026-07-06T10:00:17.297837,2,3,153.15,0.3,153.0,59,152.8,150,,,,,,,,,,,,,,,,,153.3,100,153.5,108,153.6,5,,,,,,,,,,,,,,
2026-07-06T10:00:17.358686+00:00,2026-07-06T10:00:17.353231,2,3,153.15,0.3,153.0,12,152.8,150,,,,,,,,,,,,,,,,,153.3,100,153.5,108,153.6,5,,,,,,,,,,,,,,
2026-07-06T10:00:17.958644+00:00,2026-07-06T10:00:17.955853,1,2,153.25,0.5,153.0,12,,,,,,,,,,,,,,,,,,,153.5,108,153.6,5,,,,,,,,,,,,,,,,
2026-07-06T10:00:18.019121+00:00,2026-07-06T10:00:18.019024,1,2,153.25,0.5,153.0,162,,,,,,,,,,,,,,,,,,,153.5,108,153.6,5,,,,,,,,,,,,,,,,
2026-07-06T10:00:18.070064+00:00,2026-07-06T10:00:18.070003,1,2,153.25,0.5,153.0,162,,,,,,,,,,,,,,,,,,,153.5,258,153.6,5,,,,,,,,,,,,,,,,
2026-07-06T10:00:18.371365+00:00,2026-07-06T10:00:18.371328,1,2,153.25,0.5,153.0,162,,,,,,,,,,,,,,,,,,,153.5,255,153.6,5,,,,,,,,,,,,,,,,
2026-07-06T10:00:18.396970+00:00,2026-07-06T10:00:18.396870,1,3,153.25,0.5,153.0,162,,,,,,,,,,,,,,,,,,,153.5,247,153.6,5,153.7,8,,,,,,,,,,,,,,
2026-07-06T10:00:18.436362+00:00,2026-07-06T10:00:18.436530,1,3,153.25,0.5,153.0,162,,,,,,,,,,,,,,,,,,,153.5,199,153.6,5,153.7,8,,,,,,,,,,,,,,
2026-07-06T10:00:19.155693+00:00,2026-07-06T10:00:19.155636,1,2,153.25,0.5,153.0,162,,,,,,,,,,,,,,,,,,,153.5,199,153.6,13,,,,,,,,,,,,,,,,
2026-07-06T10:00:19.490395+00:00,2026-07-06T10:00:19.490267,1,2,153.25,0.5,153.0,112,,,,,,,,,,,,,,,,,,,153.5,199,153.6,13,,,,,,,,,,,,,,,,
2026-07-06T10:00:19.658543+00:00,2026-07-06T10:00:19.656080,1,2,153.25,0.5,153.0,112,,,,,,,,,,,,,,,,,,,153.5,150,153.6,13,,,,,,,,,,,,,,,,
2026-07-06T10:00:19.714697+00:00,2026-07-06T10:00:19.714606,1,2,153.25,0.5,153.0,212,,,,,,,,,,,,,,,,,,,153.5,150,153.6,13,,,,,,,,,,,,,,,,
2026-07-06T10:00:19.767635+00:00,2026-07-06T10:00:19.767530,1,2,153.25,0.5,153.0,212,,,,,,,,,,,,,,,,,,,153.5,250,153.6,13,,,,,,,,,,,,,,,,
2026-07-06T10:00:21.128126+00:00,2026-07-06T10:00:21.128095,1,2,153.25,0.5,153.0,100,,,,,,,,,,,,,,,,,,,153.5,100,153.6,13,,,,,,,,,,,,,,,,
2026-07-06T10:00:21.143794+00:00,2026-07-06T10:00:21.143706,1,2,153.25,0.5,153.0,100,,,,,,,,,,,,,,,,,,,153.5,53,153.6,13,,,,,,,,,,,,,,,,
2026-07-06T10:00:21.184357+00:00,2026-07-06T10:00:21.184268,2,2,153.3,0.4,153.1,150,153.0,100,,,,,,,,,,,,,,,,,153.5,53,153.6,13,,,,,,,,,,,,,,,,
2026-07-06T10:00:21.196953+00:00,2026-07-06T10:00:21.196812,2,2,153.3,0.4,153.1,106,153.0,100,,,,,,,,,,,,,,,,,153.5,53,153.6,13,,,,,,,,,,,,,,,,
2026-07-06T10:00:21.238928+00:00,2026-07-06T10:00:21.238806,2,2,153.3,0.4,153.1,106,153.0,100,,,,,,,,,,,,,,,,,153.5,53,153.6,163,,,,,,,,,,,,,,,,
2026-07-06T10:00:21.408206+00:00,2026-07-06T10:00:21.408350,2,2,153.3,0.4,153.1,103,153.0,100,,,,,,,,,,,,,,,,,153.5,53,153.6,163,,,,,,,,,,,,,,,,
2026-07-06T10:00:21.599455+00:00,2026-07-06T10:00:21.599388,2,2,153.3,0.4,153.1,53,153.0,100,,,,,,,,,,,,,,,,,153.5,53,153.6,163,,,,,,,,,,,,,,,,
2026-07-06T10:00:22.288071+00:00,2026-07-06T10:00:22.288026,2,2,153.3,0.4,153.1,11,153.0,100,,,,,,,,,,,,,,,,,153.5,53,153.6,163,,,,,,,,,,,,,,,,
2026-07-06T10:00:22.821717+00:00,2026-07-06T10:00:22.821635,1,1,153.35,0.5,153.1,11,,,,,,,,,,,,,,,,,,,153.6,163,,,,,,,,,,,,,,,,,,
2026-07-06T10:00:22.869541+00:00,2026-07-06T10:00:22.869423,0,1,,,,,,,,,,,,,,,,,,,,,,,153.6,163,,,,,,,,,,,,,,,,,,
2026-07-06T10:00:22.874701+00:00,2026-07-06T10:00:22.874638,1,1,153.3,0.6,153.0,100,,,,,,,,,,,,,,,,,,,153.6,163,,,,,,,,,,,,,,,,,,
2026-07-06T10:00:22.922233+00:00,2026-07-06T10:00:22.922173,1,2,153.25,0.5,153.0,100,,,,,,,,,,,,,,,,,,,153.5,8,153.6,155,,,,,,,,,,,,,,,,
2026-07-06T10:00:22.927525+00:00,2026-07-06T10:00:22.927376,1,2,153.25,0.5,153.0,100,,,,,,,,,,,,,,,,,,,153.5,108,153.6,155,,,,,,,,,,,,,,,,
2026-07-06T10:00:23.409755+00:00,2026-07-06T10:00:23.409613,1,2,153.25,0.5,153.0,100,,,,,,,,,,,,,,,,,,,153.5,62,153.6,155,,,,,,,,,,,,,,,,
2026-07-06T10:00:23.429072+00:00,2026-07-06T10:00:23.429260,1,2,153.25,0.5,153.0,96,,,,,,,,,,,,,,,,,,,153.5,62,153.6,155,,,,,,,,,,,,,,,,
2026-07-06T10:00:24.315041+00:00,2026-07-06T10:00:24.314916,1,2,153.25,0.5,153.0,96,,,,,,,,,,,,,,,,,,,153.5,62,153.6,5,,,,,,,,,,,,,,,,
2026-07-06T10:00:24.377204+00:00,2026-07-06T10:00:24.377134,2,2,153.25,0.5,153.0,96,152.5,150,,,,,,,,,,,,,,,,,153.5,62,153.6,5,,,,,,,,,,,,,,,,
2026-07-06T10:00:24.442063+00:00,2026-07-06T10:00:24.436978,2,3,152.8,0.4,152.6,8,152.5,150,,,,,,,,,,,,,,,,,153.0,32,153.5,62,153.6,13,,,,,,,,,,,,,,
2026-07-06T10:00:24.839230+00:00,2026-07-06T10:00:24.839114,2,2,153.05,0.9,152.6,8,152.5,150,,,,,,,,,,,,,,,,,153.5,49,153.6,13,,,,,,,,,,,,,,,,
2026-07-06T10:00:25.440671+00:00,2026-07-06T10:00:25.440607,2,2,153.05,0.9,152.6,8,152.5,150,,,,,,,,,,,,,,,,,153.5,43,153.6,13,,,,,,,,,,,,,,,,
2026-07-06T10:00:25.983030+00:00,2026-07-06T10:00:25.982936,2,1,153.1,1.0,152.6,8,152.5,150,,,,,,,,,,,,,,,,,153.6,13,,,,,,,,,,,,,,,,,,
2026-07-06T10:00:26.036955+00:00,2026-07-06T10:00:26.036828,3,1,153.45,0.3,153.3,100,152.6,8,152.5,150,,,,,,,,,,,,,,,153.6,13,,,,,,,,,,,,,,,,,,
2026-07-06T10:00:26.090708+00:00,2026-07-06T10:00:26.090639,3,2,153.45,0.3,153.3,100,152.6,8,152.5,150,,,,,,,,,,,,,,,153.6,13,153.8,100,,,,,,,,,,,,,,,,
2026-07-06T10:00:26.457240+00:00,2026-07-06T10:00:26.457474,3,2,153.45,0.3,153.3,100,152.6,8,152.5,150,,,,,,,,,,,,,,,153.6,12,153.8,100,,,,,,,,,,,,,,,,
2026-07-06T10:00:27.488243+00:00,2026-07-06T10:00:27.488153,2,2,153.45,0.3,153.3,100,152.6,8,,,,,,,,,,,,,,,,,153.6,12,153.8,100,,,,,,,,,,,,,,,,
2026-07-06T10:00:27.545076+00:00,2026-07-06T10:00:27.545209,2,2,153.45,0.3,153.3,250,152.6,8,,,,,,,,,,,,,,,,,153.6,12,153.8,100,,,,,,,,,,,,,,,,
2026-07-06T10:00:27.599389+00:00,2026-07-06T10:00:27.599345,2,2,153.45,0.3,153.3,250,152.6,8,,,,,,,,,,,,,,,,,153.6,12,153.8,250,,,,,,,,,,,,,,,,
2026-07-06T10:00:27.954842+00:00,2026-07-06T10:00:27.954664,2,1,153.55,0.5,153.3,250,152.6,8,,,,,,,,,,,,,,,,,153.8,212,,,,,,,,,,,,,,,,,,
2026-07-06T10:00:29.151300+00:00,2026-07-06T10:00:29.151156,2,1,153.55,0.5,153.3,150,152.6,8,,,,,,,,,,,,,,,,,153.8,150,,,,,,,,,,,,,,,,,,
2026-07-06T10:00:29.210094+00:00,2026-07-06T10:00:29.209947,2,1,153.55,0.5,153.3,250,152.6,8,,,,,,,,,,,,,,,,,153.8,150,,,,,,,,,,,,,,,,,,
2026-07-06T10:00:29.263906+00:00,2026-07-06T10:00:29.263751,2,1,153.55,0.5,153.3,250,152.6,8,,,,,,,,,,,,,,,,,153.8,250,,,,,,,,,,,,,,,,,,
2026-07-06T10:00:29.494183+00:00,2026-07-06T10:00:29.494153,2,1,153.55,0.5,153.3,247,152.6,8,,,,,,,,,,,,,,,,,153.8,250,,,,,,,,,,,,,,,,,,
2026-07-06T10:00:30.056751+00:00,2026-07-06T10:00:30.056930,2,1,153.55,0.5,153.3,247,152.6,8,,,,,,,,,,,,,,,,,153.8,200,,,,,,,,,,,,,,,,,,
2026-07-06T10:00:30.658562+00:00,2026-07-06T10:00:30.649392,2,1,153.55,0.5,153.3,100,152.6,8,,,,,,,,,,,,,,,,,153.8,100,,,,,,,,,,,,,,,,,,
2026-07-06T10:00:30.720454+00:00,2026-07-06T10:00:30.714527,3,1,153.65,0.3,153.5,128,153.3,100,152.6,8,,,,,,,,,,,,,,,153.8,100,,,,,,,,,,,,,,,,,,
2026-07-06T10:00:30.774167+00:00,2026-07-06T10:00:30.774052,3,2,153.65,0.3,153.5,128,153.3,100,152.6,8,,,,,,,,,,,,,,,153.8,100,154.0,150,,,,,,,,,,,,,,,,
2026-07-06T10:00:30.810636+00:00,2026-07-06T10:00:30.810577,3,2,153.65,0.3,153.5,88,153.3,100,152.6,8,,,,,,,,,,,,,,,153.8,100,154.0,150,,,,,,,,,,,,,,,,
2026-07-06T10:00:31.492854+00:00,2026-07-06T10:00:31.492777,3,2,153.65,0.3,153.5,88,153.3,100,152.7,7,,,,,,,,,,,,,,,153.8,100,154.0,150,,,,,,,,,,,,,,,,
2026-07-06T10:00:31.498124+00:00,2026-07-06T10:00:31.498006,3,3,153.6,0.2,153.5,88,153.3,100,152.7,7,,,,,,,,,,,,,,,153.7,7,153.8,100,154.0,150,,,,,,,,,,,,,,
2026-07-06T10:00:31.514122+00:00,2026-07-06T10:00:31.514061,3,3,153.6,0.2,153.5,80,153.3,100,152.7,7,,,,,,,,,,,,,,,153.7,7,153.8,100,154.0,150,,,,,,,,,,,,,,
2026-07-06T10:00:31.846324+00:00,2026-07-06T10:00:31.846266,2,2,153.65,0.3,153.5,80,153.3,100,,,,,,,,,,,,,,,,,153.8,100,154.0,150,,,,,,,,,,,,,,,,
2026-07-06T10:00:31.858604+00:00,2026-07-06T10:00:31.851613,2,2,153.65,0.3,153.5,87,153.3,100,,,,,,,,,,,,,,,,,153.8,107,154.0,150,,,,,,,,,,,,,,,,
2026-07-06T10:00:32.246917+00:00,2026-07-06T10:00:32.246795,2,2,153.65,0.3,153.5,37,153.3,100,,,,,,,,,,,,,,,,,153.8,107,154.0,150,,,,,,,,,,,,,,,,
2026-07-06T10:00:32.317908+00:00,2026-07-06T10:00:32.317852,1,2,153.65,0.3,153.5,37,,,,,,,,,,,,,,,,,,,153.8,7,154.0,150,,,,,,,,,,,,,,,,
2026-07-06T10:00:32.372555+00:00,2026-07-06T10:00:32.372512,2,2,153.65,0.3,153.5,37,153.3,100,,,,,,,,,,,,,,,,,153.8,7,154.0,150,,,,,,,,,,,,,,,,
2026-07-06T10:00:32.426422+00:00,2026-07-06T10:00:32.426377,2,2,153.65,0.3,153.5,37,153.3,100,,,,,,,,,,,,,,,,,153.8,107,154.0,150,,,,,,,,,,,,,,,,
2026-07-06T10:00:33.828868+00:00,2026-07-06T10:00:33.829028,2,1,153.65,0.3,153.5,7,153.3,100,,,,,,,,,,,,,,,,,153.8,107,,,,,,,,,,,,,,,,,,
2026-07-06T10:00:33.884721+00:00,2026-07-06T10:00:33.884566,3,1,153.65,0.3,153.5,7,153.3,100,153.0,150,,,,,,,,,,,,,,,153.8,107,,,,,,,,,,,,,,,,,,
2026-07-06T10:00:33.939161+00:00,2026-07-06T10:00:33.939029,2,2,153.4,0.2,153.3,100,153.0,150,,,,,,,,,,,,,,,,,153.5,143,153.8,107,,,,,,,,,,,,,,,,
2026-07-06T10:00:34.358564+00:00,2026-07-06T10:00:34.352534,2,2,153.4,0.2,153.3,50,153.0,150,,,,,,,,,,,,,,,,,153.5,143,153.8,107,,,,,,,,,,,,,,,,
2026-07-06T10:00:34.871844+00:00,2026-07-06T10:00:34.871727,2,2,153.4,0.2,153.3,50,153.0,150,,,,,,,,,,,,,,,,,153.5,143,153.8,100,,,,,,,,,,,,,,,,
2026-07-06T10:00:34.877047+00:00,2026-07-06T10:00:34.876952,2,3,153.4,0.2,153.3,57,153.0,150,,,,,,,,,,,,,,,,,153.5,143,153.7,7,153.8,100,,,,,,,,,,,,,,
2026-07-06T10:00:35.477281+00:00,2026-07-06T10:00:35.477194,2,2,153.4,0.2,153.3,57,153.0,150,,,,,,,,,,,,,,,,,153.5,143,153.7,7,,,,,,,,,,,,,,,,
2026-07-06T10:00:35.482444+00:00,2026-07-06T10:00:35.482391,2,2,153.4,0.2,153.3,7,153.0,150,,,,,,,,,,,,,,,,,153.5,143,153.7,7,,,,,,,,,,,,,,,,
2026-07-06T10:00:35.531162+00:00,2026-07-06T10:00:35.531275,3,2,153.4,0.2,153.3,7,153.0,150,152.9,100,,,,,,,,,,,,,,,153.5,143,153.7,7,,,,,,,,,,,,,,,,
2026-07-06T10:00:35.582541+00:00,2026-07-06T10:00:35.582641,3,3,153.35,0.1,153.3,7,153.0,150,152.9,100,,,,,,,,,,,,,,,153.4,100,153.5,143,153.7,7,,,,,,,,,,,,,,
2026-07-06T10:00:35.634968+00:00,2026-07-06T10:00:35.634906,2,3,153.2,0.4,153.0,150,152.9,100,,,,,,,,,,,,,,,,,153.4,100,153.5,143,153.7,7,,,,,,,,,,,,,,
2026-07-06T10:00:35.639992+00:00,2026-07-06T10:00:35.640118,3,2,153.35,0.1,153.3,8,153.0,150,152.9,100,,,,,,,,,,,,,,,153.4,100,153.5,143,,,,,,,,,,,,,,,,
2026-07-06T10:00:35.645400+00:00,2026-07-06T10:00:35.645303,3,3,153.35,0.1,153.3,8,153.0,150,152.9,100,,,,,,,,,,,,,,,153.4,100,153.5,143,153.6,8,,,,,,,,,,,,,,
2026-07-06T10:00:36.468951+00:00,2026-07-06T10:00:36.468902,2,3,153.2,0.4,153.0,108,152.9,100,,,,,,,,,,,,,,,,,153.4,100,153.5,143,153.6,8,,,,,,,,,,,,,,
2026-07-06T10:00:36.545923+00:00,2026-07-06T10:00:36.545865,2,3,153.2,0.4,153.0,99,152.9,100,,,,,,,,,,,,,,,,,153.4,100,153.5,143,153.6,8,,,,,,,,,,,,,,
2026-07-06T10:00:36.653550+00:00,2026-07-06T10:00:36.653346,2,2,153.2,0.4,153.0,99,152.9,100,,,,,,,,,,,,,,,,,153.4,100,153.5,143,,,,,,,,,,,,,,,,
2026-07-06T10:00:36.658823+00:00,2026-07-06T10:00:36.658681,3,3,153.25,0.3,153.1,1,153.0,99,152.9,100,,,,,,,,,,,,,,,153.4,100,153.5,143,153.6,8,,,,,,,,,,,,,,
2026-07-06T10:00:36.866068+00:00,2026-07-06T10:00:36.865938,2,3,153.2,0.4,153.0,54,152.9,100,,,,,,,,,,,,,,,,,153.4,100,153.5,143,153.6,8,,,,,,,,,,,,,,
2026-07-06T10:00:36.996175+00:00,2026-07-06T10:00:36.996143,1,2,153.15,0.5,152.9,100,,,,,,,,,,,,,,,,,,,153.4,100,153.6,8,,,,,,,,,,,,,,,,
2026-07-06T10:00:37.050673+00:00,2026-07-06T10:00:37.050577,2,2,153.15,0.5,152.9,100,152.5,150,,,,,,,,,,,,,,,,,153.4,100,153.6,8,,,,,,,,,,,,,,,,
2026-07-06T10:00:37.114026+00:00,2026-07-06T10:00:37.107611,2,3,152.95,0.1,152.9,100,152.5,150,,,,,,,,,,,,,,,,,153.0,128,153.4,100,153.6,8,,,,,,,,,,,,,,
2026-07-06T10:00:37.521576+00:00,2026-07-06T10:00:37.521460,2,3,152.95,0.1,152.9,100,152.5,150,,,,,,,,,,,,,,,,,153.0,79,153.4,100,153.6,8,,,,,,,,,,,,,,
2026-07-06T10:00:38.428880+00:00,2026-07-06T10:00:38.429100,2,3,152.95,0.1,152.9,100,152.5,150,,,,,,,,,,,,,,,,,153.0,79,153.4,100,153.5,8,,,,,,,,,,,,,,
2026-07-06T10:00:38.611937+00:00,2026-07-06T10:00:38.606887,2,3,152.95,0.1,152.9,78,152.5,150,,,,,,,,,,,,,,,,,153.0,79,153.4,100,153.5,8,,,,,,,,,,,,,,
2026-07-06T10:00:38.642013+00:00,2026-07-06T10:00:38.641944,1,2,152.75,0.5,152.5,150,,,,,,,,,,,,,,,,,,,153.0,79,153.5,8,,,,,,,,,,,,,,,,
2026-07-06T10:00:38.688062+00:00,2026-07-06T10:00:38.687973,1,2,152.75,0.5,152.5,150,,,,,,,,,,,,,,,,,,,153.0,79,153.2,8,,,,,,,,,,,,,,,,
2026-07-06T10:00:38.693059+00:00,2026-07-06T10:00:38.693202,2,2,152.75,0.5,152.5,150,152.4,100,,,,,,,,,,,,,,,,,153.0,79,153.2,8,,,,,,,,,,,,,,,,
2026-07-06T10:00:38.750493+00:00,2026-07-06T10:00:38.750283,2,3,152.7,0.4,152.5,150,152.4,100,,,,,,,,,,,,,,,,,152.9,100,153.0,79,153.2,8,,,,,,,,,,,,,,
2026-07-06T10:00:39.138758+00:00,2026-07-06T10:00:39.138950,2,3,152.7,0.4,152.5,150,152.4,100,,,,,,,,,,,,,,,,,152.9,57,153.0,79,153.2,8,,,,,,,,,,,,,,
2026-07-06T10:00:39.469274+00:00,2026-07-06T10:00:39.469203,2,3,152.7,0.4,152.5,150,152.4,100,,,,,,,,,,,,,,,,,152.9,57,153.0,79,153.1,8,,,,,,,,,,,,,,
2026-07-06T10:00:39.978022+00:00,2026-07-06T10:00:39.978217,2,3,152.7,0.4,152.5,150,152.4,100,,,,,,,,,,,,,,,,,152.9,57,153.0,79,153.3,8,,,,,,,,,,,,,,
2026-07-06T10:00:40.156447+00:00,2026-07-06T10:00:40.156268,1,2,152.65,0.5,152.4,100,,,,,,,,,,,,,,,,,,,152.9,57,153.3,8,,,,,,,,,,,,,,,,
2026-07-06T10:00:40.212218+00:00,2026-07-06T10:00:40.212116,2,2,152.7,0.4,152.5,150,152.4,100,,,,,,,,,,,,,,,,,152.9,57,153.3,8,,,,,,,,,,,,,,,,
2026-07-06T10:00:40.265965+00:00,2026-07-06T10:00:40.265826,2,3,152.7,0.4,152.5,150,152.4,100,,,,,,,,,,,,,,,,,152.9,57,153.0,150,153.3,8,,,,,,,,,,,,,,
2026-07-06T10:00:40.678981+00:00,2026-07-06T10:00:40.678873,2,3,152.7,0.4,152.5,100,152.4,100,,,,,,,,,,,,,,,,,152.9,57,153.0,150,153.3,8,,,,,,,,,,,,,,
2026-07-06T10:00:41.175298+00:00,2026-07-06T10:00:41.175193,2,3,152.7,0.4,152.5,59,152.4,100,,,,,,,,,,,,,,,,,152.9,57,153.0,150,153.3,8,,,,,,,,,,,,,,
2026-07-06T10:00:41.804088+00:00,2026-07-06T10:00:41.803988,1,2,152.75,0.5,152.5,59,,,,,,,,,,,,,,,,,,,153.0,150,153.3,8,,,,,,,,,,,,,,,,
2026-07-06T10:00:41.861796+00:00,2026-07-06T10:00:41.861623,2,2,152.9,0.2,152.8,100,152.5,59,,,,,,,,,,,,,,,,,153.0,150,153.3,8,,,,,,,,,,,,,,,,
2026-07-06T10:00:41.917569+00:00,2026-07-06T10:00:41.917427,2,2,152.9,0.2,152.8,100,152.5,59,,,,,,,,,,,,,,,,,153.0,150,153.3,108,,,,,,,,,,,,,,,,
2026-07-06T10:00:41.989778+00:00,2026-07-06T10:00:41.989650,2,2,152.9,0.2,152.8,100,152.5,59,,,,,,,,,,,,,,,,,153.0,150,153.3,108,,,,,,,,,,,,,,,,
2026-07-06T10:00:42.742729+00:00,2026-07-06T10:00:42.742882,2,2,152.9,0.2,152.8,100,152.5,59,,,,,,,,,,,,,,,,,153.0,150,153.3,100,,,,,,,,,,,,,,,,
2026-07-06T10:00:42.748153+00:00,2026-07-06T10:00:42.748073,2,3,152.9,0.2,152.8,100,152.5,59,,,,,,,,,,,,,,,,,153.0,150,153.1,8,153.3,100,,,,,,,,,,,,,,
2026-07-06T10:00:42.783679+00:00,2026-07-06T10:00:42.783818,2,3,152.9,0.2,152.8,50,152.5,59,,,,,,,,,,,,,,,,,153.0,150,153.1,8,153.3,100,,,,,,,,,,,,,,
2026-07-06T10:00:43.233892+00:00,2026-07-06T10:00:43.233762,2,3,152.9,0.2,152.8,5,152.5,59,,,,,,,,,,,,,,,,,153.0,150,153.1,8,153.3,100,,,,,,,,,,,,,,
2026-07-06T10:00:43.258636+00:00,2026-07-06T10:00:43.255540,2,2,152.9,0.2,152.8,5,152.5,59,,,,,,,,,,,,,,,,,153.0,158,153.3,100,,,,,,,,,,,,,,,,
2026-07-06T10:00:43.319869+00:00,2026-07-06T10:00:43.319780,1,2,152.9,0.2,152.8,5,,,,,,,,,,,,,,,,,,,153.0,8,153.3,100,,,,,,,,,,,,,,,,
2026-07-06T10:00:43.374891+00:00,2026-07-06T10:00:43.374790,2,2,152.9,0.2,152.8,5,151.8,150,,,,,,,,,,,,,,,,,153.0,8,153.3,100,,,,,,,,,,,,,,,,
2026-07-06T10:00:43.439629+00:00,2026-07-06T10:00:43.433380,1,3,152.05,0.5,151.8,150,,,,,,,,,,,,,,,,,,,152.3,123,153.0,8,153.3,100,,,,,,,,,,,,,,
2026-07-06T10:00:43.758631+00:00,2026-07-06T10:00:43.758570,1,2,152.05,0.5,151.8,150,,,,,,,,,,,,,,,,,,,152.3,123,153.3,100,,,,,,,,,,,,,,,,
2026-07-06T10:00:43.769091+00:00,2026-07-06T10:00:43.768897,1,3,152.05,0.5,151.8,150,,,,,,,,,,,,,,,,,,,152.3,123,153.0,8,153.3,100,,,,,,,,,,,,,,
2026-07-06T10:00:43.858245+00:00,2026-07-06T10:00:43.852166,1,3,152.05,0.5,151.8,150,,,,,,,,,,,,,,,,,,,152.3,111,153.0,8,153.3,100,,,,,,,,,,,,,,
2026-07-06T10:00:44.274045+00:00,2026-07-06T10:00:44.274187,1,2,152.05,0.5,151.8,150,,,,,,,,,,,,,,,,,,,152.3,111,153.3,100,,,,,,,,,,,,,,,,
2026-07-06T10:00:44.300595+00:00,2026-07-06T10:00:44.300808,1,3,152.05,0.5,151.8,150,,,,,,,,,,,,,,,,,,,152.3,111,153.1,8,153.3,100,,,,,,,,,,,,,,
2026-07-06T10:00:44.604647+00:00,2026-07-06T10:00:44.604519,1,3,152.05,0.5,151.8,150,,,,,,,,,,,,,,,,,,,152.3,92,153.1,8,153.3,100,,,,,,,,,,,,,,
2026-07-06T10:00:44.972827+00:00,2026-07-06T10:00:44.972677,1,2,152.05,0.5,151.8,150,,,,,,,,,,,,,,,,,,,152.3,92,153.1,8,,,,,,,,,,,,,,,,
2026-07-06T10:00:45.025907+00:00,2026-07-06T10:00:45.026081,2,2,152.25,0.1,152.2,100,151.8,150,,,,,,,,,,,,,,,,,152.3,92,153.1,8,,,,,,,,,,,,,,,,
2026-07-06T10:00:45.058556+00:00,2026-07-06T10:00:45.056505,2,2,152.25,0.1,152.2,100,151.8,150,,,,,,,,,,,,,,,,,152.3,92,153.1,8,,,,,,,,,,,,,,,,
2026-07-06T10:00:45.079544+00:00,2026-07-06T10:00:45.079382,2,3,152.25,0.1,152.2,100,151.8,150,,,,,,,,,,,,,,,,,152.3,92,152.7,100,153.1,8,,,,,,,,,,,,,,
2026-07-06T10:00:45.620491+00:00,2026-07-06T10:00:45.620355,2,3,152.25,0.1,152.2,100,151.8,150,,,,,,,,,,,,,,,,,152.3,91,152.7,100,153.1,8,,,,,,,,,,,,,,
2026-07-06T10:00:45.658324+00:00,2026-07-06T10:00:45.653145,2,3,152.25,0.1,152.2,100,151.8,150,,,,,,,,,,,,,,,,,152.3,80,152.7,100,153.1,8,,,,,,,,,,,,,,
2026-07-06T10:00:46.480407+00:00,2026-07-06T10:00:46.480297,2,2,152.45,0.5,152.2,100,151.8,150,,,,,,,,,,,,,,,,,152.7,100,153.1,8,,,,,,,,,,,,,,,,
2026-07-06T10:00:46.485629+00:00,2026-07-06T10:00:46.485580,1,2,152.45,0.5,152.2,100,,,,,,,,,,,,,,,,,,,152.7,100,153.1,8,,,,,,,,,,,,,,,,
2026-07-06T10:00:46.538186+00:00,2026-07-06T10:00:46.538094,1,2,152.45,0.5,152.2,250,,,,,,,,,,,,,,,,,,,152.7,100,153.1,8,,,,,,,,,,,,,,,,
2026-07-06T10:00:46.590423+00:00,2026-07-06T10:00:46.590314,1,2,152.45,0.5,152.2,250,,,,,,,,,,,,,,,,,,,152.7,250,153.1,8,,,,,,,,,,,,,,,,
2026-07-06T10:00:47.006837+00:00,2026-07-06T10:00:47.006796,1,2,152.45,0.5,152.2,200,,,,,,,,,,,,,,,,,,,152.7,250,153.1,8,,,,,,,,,,,,,,,,
2026-07-06T10:00:48.115315+00:00,2026-07-06T10:00:48.115246,1,2,152.45,0.5,152.2,200,,,,,,,,,,,,,,,,,,,152.7,209,153.1,8,,,,,,,,,,,,,,,,
2026-07-06T10:00:48.132448+00:00,2026-07-06T10:00:48.132403,1,2,152.45,0.5,152.2,200,,,,,,,,,,,,,,,,,,,152.7,150,153.1,8,,,,,,,,,,,,,,,,
2026-07-06T10:00:48.137777+00:00,2026-07-06T10:00:48.137616,1,2,152.45,0.5,152.2,150,,,,,,,,,,,,,,,,,,,152.7,150,153.1,8,,,,,,,,,,,,,,,,
2026-07-06T10:00:48.188644+00:00,2026-07-06T10:00:48.188558,1,2,152.45,0.5,152.2,250,,,,,,,,,,,,,,,,,,,152.7,150,153.1,8,,,,,,,,,,,,,,,,
2026-07-06T10:00:48.242098+00:00,2026-07-06T10:00:48.242034,1,2,152.45,0.5,152.2,250,,,,,,,,,,,,,,,,,,,152.7,250,153.1,8,,,,,,,,,,,,,,,,
2026-07-06T10:00:49.116091+00:00,2026-07-06T10:00:49.115930,1,2,152.45,0.5,152.2,200,,,,,,,,,,,,,,,,,,,152.7,250,153.1,8,,,,,,,,,,,,,,,,
2026-07-06T10:00:49.325763+00:00,2026-07-06T10:00:49.325641,1,1,152.45,0.5,152.2,200,,,,,,,,,,,,,,,,,,,152.7,250,,,,,,,,,,,,,,,,,,
2026-07-06T10:00:49.331051+00:00,2026-07-06T10:00:49.330947,1,2,152.45,0.5,152.2,200,,,,,,,,,,,,,,,,,,,152.7,250,153.0,8,,,,,,,,,,,,,,,,
2026-07-06T10:00:49.643971+00:00,2026-07-06T10:00:49.643936,1,2,152.45,0.5,152.2,100,,,,,,,,,,,,,,,,,,,152.7,100,153.0,8,,,,,,,,,,,,,,,,
2026-07-06T10:00:49.699350+00:00,2026-07-06T10:00:49.699196,2,2,152.45,0.5,152.2,100,151.9,150,,,,,,,,,,,,,,,,,152.7,100,153.0,8,,,,,,,,,,,,,,,,
2026-07-06T10:00:49.758569+00:00,2026-07-06T10:00:49.753861,2,3,152.3,0.2,152.2,100,151.9,150,,,,,,,,,,,,,,,,,152.4,150,152.7,100,153.0,8,,,,,,,,,,,,,,
2026-07-06T10:00:51.222801+00:00,2026-07-06T10:00:51.222739,2,3,152.3,0.2,152.2,50,151.9,150,,,,,,,,,,,,,,,,,152.4,150,152.7,100,153.0,8,,,,,,,,,,,,,,
2026-07-06T10:00:51.302008+00:00,2026-07-06T10:00:51.301891,1,2,152.15,0.5,151.9,150,,,,,,,,,,,,,,,,,,,152.4,150,153.0,8,,,,,,,,,,,,,,,,
2026-07-06T10:00:51.336366+00:00,2026-07-06T10:00:51.336306,1,1,152.15,0.5,151.9,150,,,,,,,,,,,,,,,,,,,152.4,150,,,,,,,,,,,,,,,,,,
2026-07-06T10:00:51.341579+00:00,2026-07-06T10:00:51.341516,1,2,152.15,0.5,151.9,150,,,,,,,,,,,,,,,,,,,152.4,150,152.9,8,,,,,,,,,,,,,,,,
2026-07-06T10:00:51.356500+00:00,2026-07-06T10:00:51.356616,1,2,152.15,0.5,151.9,250,,,,,,,,,,,,,,,,,,,152.4,150,152.9,8,,,,,,,,,,,,,,,,
2026-07-06T10:00:51.406484+00:00,2026-07-06T10:00:51.406453,1,2,152.15,0.5,151.9,250,,,,,,,,,,,,,,,,,,,152.4,250,152.9,8,,,,,,,,,,,,,,,,
2026-07-06T10:00:51.517851+00:00,2026-07-06T10:00:51.517976,1,2,152.15,0.5,151.9,250,,,,,,,,,,,,,,,,,,,152.4,204,152.9,8,,,,,,,,,,,,,,,,
2026-07-06T10:00:52.811465+00:00,2026-07-06T10:00:52.811339,1,2,152.15,0.5,151.9,100,,,,,,,,,,,,,,,,,,,152.4,100,152.9,8,,,,,,,,,,,,,,,,
2026-07-06T10:00:52.866850+00:00,2026-07-06T10:00:52.866784,2,2,152.25,0.3,152.1,150,151.9,100,,,,,,,,,,,,,,,,,152.4,100,152.9,8,,,,,,,,,,,,,,,,
2026-07-06T10:00:52.915540+00:00,2026-07-06T10:00:52.915479,2,3,152.25,0.3,152.1,150,151.9,100,,,,,,,,,,,,,,,,,152.4,100,152.6,150,152.9,8,,,,,,,,,,,,,,
2026-07-06T10:00:53.099365+00:00,2026-07-06T10:00:53.099263,2,2,152.25,0.3,152.1,150,151.9,100,,,,,,,,,,,,,,,,,152.4,100,152.6,150,,,,,,,,,,,,,,,,
2026-07-06T10:00:53.104595+00:00,2026-07-06T10:00:53.104513,2,3,152.25,0.3,152.1,150,151.9,100,,,,,,,,,,,,,,,,,152.4,100,152.6,150,153.1,8,,,,,,,,,,,,,,
2026-07-06T10:00:53.280621+00:00,2026-07-06T10:00:53.280476,2,3,152.25,0.3,152.1,150,151.9,100,,,,,,,,,,,,,,,,,152.4,50,152.6,150,153.1,8,,,,,,,,,,,,,,
2026-07-06T10:00:54.458560+00:00,2026-07-06T10:00:54.457401,1,2,152.35,0.5,152.1,150,,,,,,,,,,,,,,,,,,,152.6,150,153.1,8,,,,,,,,,,,,,,,,
2026-07-06T10:00:54.517981+00:00,2026-07-06T10:00:54.518137,2,2,152.4,0.4,152.2,100,152.1,150,,,,,,,,,,,,,,,,,152.6,150,153.1,8,,,,,,,,,,,,,,,,
2026-07-06T10:00:54.579981+00:00,2026-07-06T10:00:54.579776,2,3,152.4,0.4,152.2,100,152.1,150,,,,,,,,,,,,,,,,,152.6,150,152.7,100,153.1,8,,,,,,,,,,,,,,
2026-07-06T10:00:54.613365+00:00,2026-07-06T10:00:54.613199,2,2,152.4,0.4,152.2,100,152.1,150,,,,,,,,,,,,,,,,,152.6,150,152.7,100,,,,,,,,,,,,,,,,
2026-07-06T10:00:54.618675+00:00,2026-07-06T10:00:54.618536,2,3,152.4,0.4,152.2,100,152.1,150,,,,,,,,,,,,,,,,,152.6,150,152.7,100,153.1,8,,,,,,,,,,,,,,
2026-07-06T10:00:55.123499+00:00,2026-07-06T10:00:55.123416,2,3,152.4,0.4,152.2,100,152.1,150,,,,,,,,,,,,,,,,,152.6,109,152.7,100,153.1,8,,,,,,,,,,,,,,
2026-07-06T10:00:55.389332+00:00,2026-07-06T10:00:55.389270,2,3,152.4,0.4,152.2,100,152.1,150,,,,,,,,,,,,,,,,,152.6,59,152.7,100,153.1,8,,,,,,,,,,,,,,
2026-07-06T10:00:55.974742+00:00,2026-07-06T10:00:55.974669,1,2,152.45,0.5,152.2,100,,,,,,,,,,,,,,,,,,,152.7,100,153.1,8,,,,,,,,,,,,,,,,
2026-07-06T10:00:56.042574+00:00,2026-07-06T10:00:56.035135,2,1,152.9,0.4,152.7,39,152.2,100,,,,,,,,,,,,,,,,,153.1,8,,,,,,,,,,,,,,,,,,
2026-07-06T10:00:56.085125+00:00,2026-07-06T10:00:56.085276,2,2,152.9,0.4,152.7,39,152.2,100,,,,,,,,,,,,,,,,,153.1,8,153.2,150,,,,,,,,,,,,,,,,
2026-07-06T10:00:56.126446+00:00,2026-07-06T10:00:56.126330,2,1,152.95,0.5,152.7,39,152.2,100,,,,,,,,,,,,,,,,,153.2,158,,,,,,,,,,,,,,,,,,
2026-07-06T10:00:56.231740+00:00,2026-07-06T10:00:56.231621,1,1,152.7,1.0,152.2,90,,,,,,,,,,,,,,,,,,,153.2,158,,,,,,,,,,,,,,,,,,
2026-07-06T10:00:56.382013+00:00,2026-07-06T10:00:56.381914,1,1,152.7,1.0,152.2,90,,,,,,,,,,,,,,,,,,,153.2,150,,,,,,,,,,,,,,,,,,
2026-07-06T10:00:56.413334+00:00,2026-07-06T10:00:56.413538,1,1,152.7,1.0,152.2,90,,,,,,,,,,,,,,,,,,,153.2,158,,,,,,,,,,,,,,,,,,
2026-07-06T10:00:57.639039+00:00,2026-07-06T10:00:57.638919,0,1,,,,,,,,,,,,,,,,,,,,,,,153.2,158,,,,,,,,,,,,,,,,,,
2026-07-06T10:00:57.693539+00:00,2026-07-06T10:00:57.693350,1,1,152.9,0.6,152.6,100,,,,,,,,,,,,,,,,,,,153.2,158,,,,,,,,,,,,,,,,,,
2026-07-06T10:00:57.749893+00:00,2026-07-06T10:00:57.750008,1,2,152.85,0.5,152.6,100,,,,,,,,,,,,,,,,,,,153.1,100,153.2,158,,,,,,,,,,,,,,,,
2026-07-06T10:00:57.924258+00:00,2026-07-06T10:00:57.924141,1,2,152.85,0.5,152.6,100,,,,,,,,,,,,,,,,,,,153.1,100,153.2,158,,,,,,,,,,,,,,,,
2026-07-06T10:00:58.955320+00:00,2026-07-06T10:00:58.956516,1,2,152.85,0.5,152.6,60,,,,,,,,,,,,,,,,,,,153.1,100,153.2,158,,,,,,,,,,,,,,,,
2026-07-06T10:00:59.140878+00:00,2026-07-06T10:00:59.140745,1,2,152.85,0.5,152.6,60,,,,,,,,,,,,,,,,,,,153.1,100,153.2,8,,,,,,,,,,,,,,,,
2026-07-06T10:00:59.204319+00:00,2026-07-06T10:00:59.204227,2,2,152.85,0.5,152.6,60,152.2,150,,,,,,,,,,,,,,,,,153.1,100,153.2,8,,,,,,,,,,,,,,,,
2026-07-06T10:00:59.258628+00:00,2026-07-06T10:00:59.253512,2,3,152.65,0.1,152.6,60,152.2,150,,,,,,,,,,,,,,,,,152.7,150,153.1,100,153.2,8,,,,,,,,,,,,,,
2026-07-06T10:00:59.483717+00:00,2026-07-06T10:00:59.483880,2,3,152.65,0.1,152.6,60,152.2,150,,,,,,,,,,,,,,,,,152.7,105,153.1,100,153.2,8,,,,,,,,,,,,,,
2026-07-06T10:00:59.608963+00:00,2026-07-06T10:00:59.609138,2,3,152.65,0.1,152.6,60,152.2,150,,,,,,,,,,,,,,,,,152.7,55,153.1,100,153.2,8,,,,,,,,,,,,,,
2026-07-06T10:01:00.473246+00:00,2026-07-06T10:01:00.473182,2,3,152.65,0.1,152.6,60,152.2,150,,,,,,,,,,,,,,,,,152.7,6,153.1,100,153.2,8,,,,,,,,,,,,,,
2026-07-06T10:01:00.694413+00:00,2026-07-06T10:01:00.694317,2,2,152.65,0.1,152.6,60,152.2,150,,,,,,,,,,,,,,,,,152.7,6,153.1,100,,,,,,,,,,,,,,,,
2026-07-06T10:01:00.699660+00:00,2026-07-06T10:01:00.699537,2,3,152.65,0.1,152.6,60,152.2,150,,,,,,,,,,,,,,,,,152.7,6,153.1,100,153.4,8,,,,,,,,,,,,,,
2026-07-06T10:01:00.802688+00:00,2026-07-06T10:01:00.802531,1,2,152.45,0.5,152.2,150,,,,,,,,,,,,,,,,,,,152.7,6,153.4,8,,,,,,,,,,,,,,,,
2026-07-06T10:01:00.858822+00:00,2026-07-06T10:01:00.858646,2,2,152.65,0.1,152.6,100,152.2,150,,,,,,,,,,,,,,,,,152.7,6,153.4,8,,,,,,,,,,,,,,,,
2026-07-06T10:01:00.926502+00:00,2026-07-06T10:01:00.919938,2,2,152.85,0.5,152.6,100,152.2,150,,,,,,,,,,,,,,,,,153.1,100,153.4,8,,,,,,,,,,,,,,,,
2026-07-06T10:01:00.955370+00:00,2026-07-06T10:01:00.955282,2,2,152.85,0.5,152.6,100,152.2,150,,,,,,,,,,,,,,,,,153.1,100,153.5,8,,,,,,,,,,,,,,,,
2026-07-06T10:01:01.713948+00:00,2026-07-06T10:01:01.713897,2,2,152.85,0.5,152.6,100,152.2,150,,,,,,,,,,,,,,,,,153.1,50,153.5,8,,,,,,,,,,,,,,,,
2026-07-06T10:01:01.905405+00:00,2026-07-06T10:01:01.905293,2,2,152.85,0.5,152.6,54,152.2,150,,,,,,,,,,,,,,,,,153.1,50,153.5,8,,,,,,,,,,,,,,,,
2026-07-06T10:01:02.313334+00:00,2026-07-06T10:01:02.313219,1,2,152.85,0.5,152.6,54,,,,,,,,,,,,,,,,,,,153.1,50,153.5,8,,,,,,,,,,,,,,,,
2026-07-06T10:01:02.384177+00:00,2026-07-06T10:01:02.384077,2,2,153.0,0.2,152.9,150,152.6,54,,,,,,,,,,,,,,,,,153.1,50,153.5,8,,,,,,,,,,,,,,,,
2026-07-06T10:01:02.438174+00:00,2026-07-06T10:01:02.438292,2,3,153.0,0.2,152.9,150,152.6,54,,,,,,,,,,,,,,,,,153.1,50,153.4,150,153.5,8,,,,,,,,,,,,,,
2026-07-06T10:01:02.474784+00:00,2026-07-06T10:01:02.474682,2,3,153.0,0.2,152.9,150,152.6,54,,,,,,,,,,,,,,,,,153.1,50,153.4,150,153.5,8,,,,,,,,,,,,,,
2026-07-06T10:01:03.822890+00:00,2026-07-06T10:01:03.823061,2,2,153.15,0.5,152.9,150,152.6,54,,,,,,,,,,,,,,,,,153.4,150,153.5,8,,,,,,,,,,,,,,,,
2026-07-06T10:01:03.934998+00:00,2026-07-06T10:01:03.935168,2,2,153.15,0.5,152.9,105,152.6,54,,,,,,,,,,,,,,,,,153.4,150,153.5,8,,,,,,,,,,,,,,,,
2026-07-06T10:01:03.971252+00:00,2026-07-06T10:01:03.971209,1,2,153.15,0.5,152.9,105,,,,,,,,,,,,,,,,,,,153.4,150,153.5,8,,,,,,,,,,,,,,,,
2026-07-06T10:01:04.025079+00:00,2026-07-06T10:01:04.024986,1,2,153.15,0.5,152.9,205,,,,,,,,,,,,,,,,,,,153.4,150,153.5,8,,,,,,,,,,,,,,,,
2026-07-06T10:01:04.080878+00:00,2026-07-06T10:01:04.081028,1,2,153.15,0.5,152.9,205,,,,,,,,,,,,,,,,,,,153.4,250,153.5,8,,,,,,,,,,,,,,,,
2026-07-06T10:01:05.051237+00:00,2026-07-06T10:01:05.051118,1,2,153.15,0.5,152.9,205,,,,,,,,,,,,,,,,,,,153.4,209,153.5,8,,,,,,,,,,,,,,,,
2026-07-06T10:01:05.490609+00:00,2026-07-06T10:01:05.490506,1,2,153.15,0.5,152.9,100,,,,,,,,,,,,,,,,,,,153.4,100,153.5,8,,,,,,,,,,,,,,,,
2026-07-06T10:01:05.548147+00:00,2026-07-06T10:01:05.548019,1,2,153.15,0.5,152.9,250,,,,,,,,,,,,,,,,,,,153.4,100,153.5,8,,,,,,,,,,,,,,,,
2026-07-06T10:01:05.601375+00:00,2026-07-06T10:01:05.601271,1,2,153.15,0.5,152.9,250,,,,,,,,,,,,,,,,,,,153.4,250,153.5,8,,,,,,,,,,,,,,,,
2026-07-06T10:01:06.239399+00:00,2026-07-06T10:01:06.239535,1,2,153.15,0.5,152.9,250,,,,,,,,,,,,,,,,,,,153.4,250,153.6,8,,,,,,,,,,,,,,,,
2026-07-06T10:01:07.137174+00:00,2026-07-06T10:01:07.137123,1,2,153.15,0.5,152.9,150,,,,,,,,,,,,,,,,,,,153.4,150,153.6,8,,,,,,,,,,,,,,,,
2026-07-06T10:01:07.206695+00:00,2026-07-06T10:01:07.196688,2,2,153.25,0.3,153.1,94,152.9,150,,,,,,,,,,,,,,,,,153.4,150,153.6,8,,,,,,,,,,,,,,,,
2026-07-06T10:01:07.245024+00:00,2026-07-06T10:01:07.244920,2,2,153.25,0.3,153.1,94,152.9,150,,,,,,,,,,,,,,,,,153.4,150,153.6,100,,,,,,,,,,,,,,,,
2026-07-06T10:01:07.250235+00:00,2026-07-06T10:01:07.250156,2,3,153.25,0.3,153.1,94,152.9,150,,,,,,,,,,,,,,,,,153.4,150,153.6,100,153.7,8,,,,,,,,,,,,,,
2026-07-06T10:01:08.085891+00:00,2026-07-06T10:01:08.085860,2,3,153.25,0.3,153.1,44,152.9,150,,,,,,,,,,,,,,,,,153.4,150,153.6,100,153.7,8,,,,,,,,,,,,,,
2026-07-06T10:01:08.658624+00:00,2026-07-06T10:01:08.649931,1,2,153.35,0.5,153.1,44,,,,,,,,,,,,,,,,,,,153.6,100,153.7,8,,,,,,,,,,,,,,,,
2026-07-06T10:01:08.709829+00:00,2026-07-06T10:01:08.709687,1,2,153.35,0.5,153.1,194,,,,,,,,,,,,,,,,,,,153.6,100,153.7,8,,,,,,,,,,,,,,,,
2026-07-06T10:01:08.762353+00:00,2026-07-06T10:01:08.762476,1,2,153.35,0.5,153.1,194,,,,,,,,,,,,,,,,,,,153.6,250,153.7,8,,,,,,,,,,,,,,,,
2026-07-06T10:01:09.486825+00:00,2026-07-06T10:01:09.486772,1,2,153.35,0.5,153.1,146,,,,,,,,,,,,,,,,,,,153.6,250,153.7,8,,,,,,,,,,,,,,,,
2026-07-06T10:01:10.190366+00:00,2026-07-06T10:01:10.190239,1,2,153.35,0.5,153.1,96,,,,,,,,,,,,,,,,,,,153.6,250,153.7,8,,,,,,,,,,,,,,,,
2026-07-06T10:01:10.298280+00:00,2026-07-06T10:01:10.298152,1,2,153.35,0.5,153.1,96,,,,,,,,,,,,,,,,,,,153.6,150,153.7,8,,,,,,,,,,,,,,,,
2026-07-06T10:01:10.349857+00:00,2026-07-06T10:01:10.349798,2,2,153.35,0.5,153.1,96,152.7,100,,,,,,,,,,,,,,,,,153.6,150,153.7,8,,,,,,,,,,,,,,,,
2026-07-06T10:01:10.403708+00:00,2026-07-06T10:01:10.403601,2,3,153.15,0.1,153.1,96,152.7,100,,,,,,,,,,,,,,,,,153.2,100,153.6,150,153.7,8,,,,,,,,,,,,,,
2026-07-06T10:01:10.641222+00:00,2026-07-06T10:01:10.641170,2,3,153.15,0.1,153.1,96,152.7,100,,,,,,,,,,,,,,,,,153.2,56,153.6,150,153.7,8,,,,,,,,,,,,,,
2026-07-06T10:01:11.269305+00:00,2026-07-06T10:01:11.269142,2,3,153.15,0.1,153.1,50,152.7,100,,,,,,,,,,,,,,,,,153.2,56,153.6,150,153.7,8,,,,,,,,,,,,,,
2026-07-06T10:01:11.837771+00:00,2026-07-06T10:01:11.837644,1,2,152.95,0.5,152.7,100,,,,,,,,,,,,,,,,,,,153.2,56,153.7,8,,,,,,,,,,,,,,,,
2026-07-06T10:01:11.891601+00:00,2026-07-06T10:01:11.891547,2,2,153.0,0.4,152.8,150,152.7,100,,,,,,,,,,,,,,,,,153.2,56,153.7,8,,,,,,,,,,,,,,,,
2026-07-06T10:01:11.944658+00:00,2026-07-06T10:01:11.944550,2,2,153.0,0.4,152.8,150,152.7,100,,,,,,,,,,,,,,,,,153.2,206,153.7,8,,,,,,,,,,,,,,,,
2026-07-06T10:01:12.017648+00:00,2026-07-06T10:01:12.017564,2,2,153.0,0.4,152.8,150,152.7,100,,,,,,,,,,,,,,,,,153.2,206,153.7,8,,,,,,,,,,,,,,,,
2026-07-06T10:01:12.300725+00:00,2026-07-06T10:01:12.300605,2,2,153.0,0.4,152.8,100,152.7,100,,,,,,,,,,,,,,,,,153.2,206,153.7,8,,,,,,,,,,,,,,,,
2026-07-06T10:01:13.458579+00:00,2026-07-06T10:01:13.455968,1,2,153.0,0.4,152.8,100,,,,,,,,,,,,,,,,,,,153.2,150,153.7,8,,,,,,,,,,,,,,,,
2026-07-06T10:01:13.511342+00:00,2026-07-06T10:01:13.511294,2,2,153.05,0.3,152.9,100,152.8,100,,,,,,,,,,,,,,,,,153.2,150,153.7,8,,,,,,,,,,,,,,,,
2026-07-06T10:01:13.563948+00:00,2026-07-06T10:01:13.563868,2,3,153.05,0.3,152.9,100,152.8,100,,,,,,,,,,,,,,,,,153.2,150,153.4,100,153.7,8,,,,,,,,,,,,,,
2026-07-06T10:01:14.280812+00:00,2026-07-06T10:01:14.280689,2,3,153.05,0.3,152.9,100,152.8,100,,,,,,,,,,,,,,,,,153.2,150,153.4,100,153.6,8,,,,,,,,,,,,,,
2026-07-06T10:01:14.898085+00:00,2026-07-06T10:01:14.898006,2,3,153.05,0.3,152.9,51,152.8,100,,,,,,,,,,,,,,,,,153.2,150,153.4,100,153.6,8,,,,,,,,,,,,,,
2026-07-06T10:01:14.998597+00:00,2026-07-06T10:01:14.998733,1,2,153.15,0.5,152.9,51,,,,,,,,,,,,,,,,,,,153.4,100,153.6,8,,,,,,,,,,,,,,,,
2026-07-06T10:01:15.058671+00:00,2026-07-06T10:01:15.053572,2,2,153.15,0.5,152.9,51,152.4,150,,,,,,,,,,,,,,,,,153.4,100,153.6,8,,,,,,,,,,,,,,,,
2026-07-06T10:01:15.107113+00:00,2026-07-06T10:01:15.106986,1,3,152.6,0.4,152.4,150,,,,,,,,,,,,,,,,,,,152.8,99,153.4,100,153.6,8,,,,,,,,,,,,,,
2026-07-06T10:01:15.290219+00:00,2026-07-06T10:01:15.290191,1,3,152.6,0.4,152.4,150,,,,,,,,,,,,,,,,,,,152.8,99,153.4,100,153.5,8,,,,,,,,,,,,,,
2026-07-06T10:01:15.413248+00:00,2026-07-06T10:01:15.406536,1,3,152.6,0.4,152.4,150,,,,,,,,,,,,,,,,,,,152.8,82,153.4,100,153.5,8,,,,,,,,,,,,,,
2026-07-06T10:01:15.548503+00:00,2026-07-06T10:01:15.548432,1,3,152.6,0.4,152.4,150,,,,,,,,,,,,,,,,,,,152.8,82,153.4,100,153.7,8,,,,,,,,,,,,,,
2026-07-06T10:01:16.458584+00:00,2026-07-06T10:01:16.457937,1,3,152.6,0.4,152.4,150,,,,,,,,,,,,,,,,,,,152.8,32,153.4,100,153.7,8,,,,,,,,,,,,,,
2026-07-06T10:01:16.619073+00:00,2026-07-06T10:01:16.618974,1,2,152.6,0.4,152.4,150,,,,,,,,,,,,,,,,,,,152.8,32,153.7,8,,,,,,,,,,,,,,,,
2026-07-06T10:01:16.674519+00:00,2026-07-06T10:01:16.674417,2,2,152.75,0.1,152.7,100,152.4,150,,,,,,,,,,,,,,,,,152.8,32,153.7,8,,,,,,,,,,,,,,,,
2026-07-06T10:01:16.726061+00:00,2026-07-06T10:01:16.725998,2,3,152.75,0.1,152.7,100,152.4,150,,,,,,,,,,,,,,,,,152.8,32,153.2,100,153.7,8,,,,,,,,,,,,,,
2026-07-06T10:01:16.809398+00:00,2026-07-06T10:01:16.809284,2,3,152.75,0.1,152.7,100,152.4,150,,,,,,,,,,,,,,,,,152.8,32,153.2,100,153.7,8,,,,,,,,,,,,,,
2026-07-06T10:01:18.158661+00:00,2026-07-06T10:01:18.153465,1,2,152.95,0.5,152.7,100,,,,,,,,,,,,,,,,,,,153.2,100,153.7,8,,,,,,,,,,,,,,,,
2026-07-06T10:01:18.213430+00:00,2026-07-06T10:01:18.213633,2,2,153.1,0.2,153.0,150,152.7,100,,,,,,,,,,,,,,,,,153.2,100,153.7,8,,,,,,,,,,,,,,,,
2026-07-06T10:01:18.223224+00:00,2026-07-06T10:01:18.217648,2,2,153.1,0.2,153.0,144,152.7,100,,,,,,,,,,,,,,,,,153.2,100,153.7,8,,,,,,,,,,,,,,,,
2026-07-06T10:01:18.270671+00:00,2026-07-06T10:01:18.270597,2,3,153.1,0.2,153.0,144,152.7,100,,,,,,,,,,,,,,,,,153.2,100,153.5,150,153.7,8,,,,,,,,,,,,,,
2026-07-06T10:01:18.318823+00:00,2026-07-06T10:01:18.318699,2,2,153.1,0.2,153.0,144,152.7,100,,,,,,,,,,,,,,,,,153.2,100,153.5,150,,,,,,,,,,,,,,,,
2026-07-06T10:01:18.329075+00:00,2026-07-06T10:01:18.329255,2,3,153.1,0.2,153.0,144,152.7,100,,,,,,,,,,,,,,,,,153.2,100,153.5,150,153.7,8,,,,,,,,,,,,,,
2026-07-06T10:01:18.623138+00:00,2026-07-06T10:01:18.623311,2,3,153.1,0.2,153.0,94,152.7,100,,,,,,,,,,,,,,,,,153.2,100,153.5,150,153.7,8,,,,,,,,,,,,,,
2026-07-06T10:01:19.782010+00:00,2026-07-06T10:01:19.781902,1,2,153.25,0.5,153.0,94,,,,,,,,,,,,,,,,,,,153.5,150,153.7,8,,,,,,,,,,,,,,,,
2026-07-06T10:01:19.843030+00:00,2026-07-06T10:01:19.842951,2,2,153.25,0.5,153.0,94,152.8,100,,,,,,,,,,,,,,,,,153.5,150,153.8,8,,,,,,,,,,,,,,,,
2026-07-06T10:01:19.895197+00:00,2026-07-06T10:01:19.895135,2,3,153.15,0.3,153.0,94,152.8,100,,,,,,,,,,,,,,,,,153.3,100,153.5,150,153.8,8,,,,,,,,,,,,,,
2026-07-06T10:01:20.731530+00:00,2026-07-06T10:01:20.731426,2,3,153.15,0.3,153.0,44,152.8,100,,,,,,,,,,,,,,,,,153.3,100,153.5,150,153.8,8,,,,,,,,,,,,,,
2026-07-06T10:01:21.098852+00:00,2026-07-06T10:01:21.098790,2,2,153.15,0.3,153.0,44,152.8,100,,,,,,,,,,,,,,,,,153.3,100,153.5,150,,,,,,,,,,,,,,,,
2026-07-06T10:01:21.103895+00:00,2026-07-06T10:01:21.104012,2,3,153.15,0.3,153.0,44,152.8,100,,,,,,,,,,,,,,,,,153.3,100,153.5,150,153.7,8,,,,,,,,,,,,,,
2026-07-06T10:01:21.327093+00:00,2026-07-06T10:01:21.327018,1,2,153.05,0.5,152.8,100,,,,,,,,,,,,,,,,,,,153.3,100,153.7,8,,,,,,,,,,,,,,,,
2026-07-06T10:01:21.360911+00:00,2026-07-06T10:01:21.361040,1,2,153.05,0.5,152.8,100,,,,,,,,,,,,,,,,,,,153.3,100,153.7,8,,,,,,,,,,,,,,,,
2026-07-06T10:01:21.382678+00:00,2026-07-06T10:01:21.382638,2,2,153.05,0.5,152.8,100,152.6,150,,,,,,,,,,,,,,,,,153.3,100,153.7,8,,,,,,,,,,,,,,,,
2026-07-06T10:01:21.435287+00:00,2026-07-06T10:01:21.435215,2,3,152.95,0.3,152.8,100,152.6,150,,,,,,,,,,,,,,,,,153.1,150,153.3,100,153.7,8,,,,,,,,,,,,,,
2026-07-06T10:01:22.788078+00:00,2026-07-06T10:01:22.788272,2,3,152.95,0.3,152.8,100,152.6,150,,,,,,,,,,,,,,,,,153.1,100,153.3,100,153.7,8,,,,,,,,,,,,,,
2026-07-06T10:01:22.949697+00:00,2026-07-06T10:01:22.949627,1,2,152.85,0.5,152.6,150,,,,,,,,,,,,,,,,,,,153.1,100,153.7,8,,,,,,,,,,,,,,,,
2026-07-06T10:01:23.004971+00:00,2026-07-06T10:01:23.004865,2,2,152.9,0.4,152.7,100,152.6,150,,,,,,,,,,,,,,,,,153.1,100,153.7,8,,,,,,,,,,,,,,,,
2026-07-06T10:01:23.069746+00:00,2026-07-06T10:01:23.069663,2,3,152.9,0.4,152.7,100,152.6,150,,,,,,,,,,,,,,,,,153.1,100,153.2,100,153.7,8,,,,,,,,,,,,,,
2026-07-06T10:01:24.490317+00:00,2026-07-06T10:01:24.490182,1,2,152.95,0.5,152.7,100,,,,,,,,,,,,,,,,,,,153.2,100,153.7,8,,,,,,,,,,,,,,,,
2026-07-06T10:01:24.542313+00:00,2026-07-06T10:01:24.542506,2,2,153.0,0.4,152.8,150,152.7,100,,,,,,,,,,,,,,,,,153.2,100,153.7,8,,,,,,,,,,,,,,,,
2026-07-06T10:01:24.604719+00:00,2026-07-06T10:01:24.604908,2,3,153.0,0.4,152.8,150,152.7,100,,,,,,,,,,,,,,,,,153.2,100,153.3,150,153.7,8,,,,,,,,,,,,,,
2026-07-06T10:01:24.647231+00:00,2026-07-06T10:01:24.647169,2,3,153.0,0.4,152.8,150,152.7,100,,,,,,,,,,,,,,,,,153.2,59,153.3,150,153.7,8,,,,,,,,,,,,,,
2026-07-06T10:01:24.905246+00:00,2026-07-06T10:01:24.905137,2,3,153.0,0.4,152.8,150,152.7,100,,,,,,,,,,,,,,,,,153.2,9,153.3,150,153.7,8,,,,,,,,,,,,,,
2026-07-06T10:01:25.127737+00:00,2026-07-06T10:01:25.127639,2,3,153.0,0.4,152.8,150,152.7,100,,,,,,,,,,,,,,,,,153.2,9,153.3,150,153.8,8,,,,,,,,,,,,,,
2026-07-06T10:01:26.126316+00:00,2026-07-06T10:01:26.126201,1,2,153.05,0.5,152.8,150,,,,,,,,,,,,,,,,,,,153.3,150,153.8,8,,,,,,,,,,,,,,,,
2026-07-06T10:01:26.136455+00:00,2026-07-06T10:01:26.136588,1,1,153.05,0.5,152.8,150,,,,,,,,,,,,,,,,,,,153.3,150,,,,,,,,,,,,,,,,,,
2026-07-06T10:01:26.141919+00:00,2026-07-06T10:01:26.141820,1,2,153.05,0.5,152.8,150,,,,,,,,,,,,,,,,,,,153.3,150,153.7,8,,,,,,,,,,,,,,,,
2026-07-06T10:01:26.180955+00:00,2026-07-06T10:01:26.180830,1,2,153.05,0.5,152.8,250,,,,,,,,,,,,,,,,,,,153.3,150,153.7,8,,,,,,,,,,,,,,,,
2026-07-06T10:01:26.229000+00:00,2026-07-06T10:01:26.224440,1,2,153.05,0.5,152.8,250,,,,,,,,,,,,,,,,,,,153.3,250,153.7,8,,,,,,,,,,,,,,,,
2026-07-06T10:01:27.058586+00:00,2026-07-06T10:01:27.055660,1,2,153.05,0.5,152.8,200,,,,,,,,,,,,,,,,,,,153.3,250,153.7,8,,,,,,,,,,,,,,,,
2026-07-06T10:01:27.249804+00:00,2026-07-06T10:01:27.249687,1,2,153.05,0.5,152.8,200,,,,,,,,,,,,,,,,,,,153.3,208,153.7,8,,,,,,,,,,,,,,,,
2026-07-06T10:01:27.658568+00:00,2026-07-06T10:01:27.656621,1,2,153.05,0.5,152.8,100,,,,,,,,,,,,,,,,,,,153.3,100,153.7,8,,,,,,,,,,,,,,,,
2026-07-06T10:01:27.713286+00:00,2026-07-06T10:01:27.713209,1,2,153.05,0.5,152.8,250,,,,,,,,,,,,,,,,,,,153.3,100,153.7,8,,,,,,,,,,,,,,,,
2026-07-06T10:01:27.769197+00:00,2026-07-06T10:01:27.769108,1,2,153.05,0.5,152.8,250,,,,,,,,,,,,,,,,,,,153.3,250,153.7,8,,,,,,,,,,,,,,,,
2026-07-06T10:01:27.786675+00:00,2026-07-06T10:01:27.786561,1,2,153.05,0.5,152.8,250,,,,,,,,,,,,,,,,,,,153.3,207,153.7,8,,,,,,,,,,,,,,,,
2026-07-06T10:01:29.193457+00:00,2026-07-06T10:01:29.193358,1,2,153.05,0.5,152.8,200,,,,,,,,,,,,,,,,,,,153.3,207,153.7,8,,,,,,,,,,,,,,,,
2026-07-06T10:01:29.288638+00:00,2026-07-06T10:01:29.288527,1,2,153.05,0.5,152.8,150,,,,,,,,,,,,,,,,,,,153.3,150,153.7,8,,,,,,,,,,,,,,,,
2026-07-06T10:01:29.343210+00:00,2026-07-06T10:01:29.343168,2,2,153.1,0.4,152.9,100,152.8,150,,,,,,,,,,,,,,,,,153.3,150,153.7,8,,,,,,,,,,,,,,,,
2026-07-06T10:01:29.396952+00:00,2026-07-06T10:01:29.396839,2,3,153.1,0.4,152.9,100,152.8,150,,,,,,,,,,,,,,,,,153.3,150,153.4,100,153.7,8,,,,,,,,,,,,,,
2026-07-06T10:01:30.821024+00:00,2026-07-06T10:01:30.820952,2,2,153.15,0.5,152.9,100,152.8,150,,,,,,,,,,,,,,,,,153.4,100,153.7,8,,,,,,,,,,,,,,,,
2026-07-06T10:01:30.826290+00:00,2026-07-06T10:01:30.826180,1,2,153.15,0.5,152.9,100,,,,,,,,,,,,,,,,,,,153.4,100,153.7,8,,,,,,,,,,,,,,,,
2026-07-06T10:01:30.876090+00:00,2026-07-06T10:01:30.875969,1,2,153.15,0.5,152.9,250,,,,,,,,,,,,,,,,,,,153.4,100,153.7,8,,,,,,,,,,,,,,,,
2026-07-06T10:01:30.933163+00:00,2026-07-06T10:01:30.933015,1,1,153.15,0.5,152.9,250,,,,,,,,,,,,,,,,,,,153.4,100,,,,,,,,,,,,,,,,,,
2026-07-06T10:01:30.938439+00:00,2026-07-06T10:01:30.938324,1,2,153.15,0.5,152.9,250,,,,,,,,,,,,,,,,,,,153.4,250,153.8,8,,,,,,,,,,,,,,,,
2026-07-06T10:01:31.249085+00:00,2026-07-06T10:01:31.248978,1,2,153.15,0.5,152.9,250,,,,,,,,,,,,,,,,,,,153.4,200,153.8,8,,,,,,,,,,,,,,,,
2026-07-06T10:01:32.292751+00:00,2026-07-06T10:01:32.292977,1,2,153.15,0.5,152.9,203,,,,,,,,,,,,,,,,,,,153.4,200,153.8,8,,,,,,,,,,,,,,,,
2026-07-06T10:01:32.447692+00:00,2026-07-06T10:01:32.447537,1,2,153.15,0.5,152.9,203,,,,,,,,,,,,,,,,,,,153.4,150,153.8,8,,,,,,,,,,,,,,,,
2026-07-06T10:01:32.452640+00:00,2026-07-06T10:01:32.452757,1,2,153.15,0.5,152.9,150,,,,,,,,,,,,,,,,,,,153.4,150,153.8,8,,,,,,,,,,,,,,,,
2026-07-06T10:01:32.506317+00:00,2026-07-06T10:01:32.506213,2,2,153.2,0.4,153.0,100,152.9,150,,,,,,,,,,,,,,,,,153.4,150,153.8,8,,,,,,,,,,,,,,,,
2026-07-06T10:01:32.558911+00:00,2026-07-06T10:01:32.558828,2,3,153.2,0.4,153.0,100,152.9,150,,,,,,,,,,,,,,,,,153.4,150,153.5,100,153.8,8,,,,,,,,,,,,,,
2026-07-06T10:01:32.769020+00:00,2026-07-06T10:01:32.768873,2,3,153.2,0.4,153.0,100,152.9,150,,,,,,,,,,,,,,,,,153.4,105,153.5,100,153.8,8,,,,,,,,,,,,,,
2026-07-06T10:01:33.811198+00:00,2026-07-06T10:01:33.811440,2,3,153.2,0.4,153.0,54,152.9,150,,,,,,,,,,,,,,,,,153.4,105,153.5,100,153.8,8,,,,,,,,,,,,,,
2026-07-06T10:01:33.990319+00:00,2026-07-06T10:01:33.990271,1,2,153.25,0.5,153.0,54,,,,,,,,,,,,,,,,,,,153.5,100,153.8,8,,,,,,,,,,,,,,,,
2026-07-06T10:01:34.041372+00:00,2026-07-06T10:01:34.041283,1,2,153.25,0.5,153.0,204,,,,,,,,,,,,,,,,,,,153.5,100,153.8,8,,,,,,,,,,,,,,,,
2026-07-06T10:01:34.094514+00:00,2026-07-06T10:01:34.094698,1,2,153.25,0.5,153.0,204,,,,,,,,,,,,,,,,,,,153.5,250,153.8,8,,,,,,,,,,,,,,,,
2026-07-06T10:01:35.352058+00:00,2026-07-06T10:01:35.352007,1,2,153.25,0.5,153.0,155,,,,,,,,,,,,,,,,,,,153.5,250,153.8,8,,,,,,,,,,,,,,,,
2026-07-06T10:01:35.475708+00:00,2026-07-06T10:01:35.475571,1,2,153.25,0.5,153.0,155,,,,,,,,,,,,,,,,,,,153.5,200,153.8,8,,,,,,,,,,,,,,,,
2026-07-06T10:01:35.613872+00:00,2026-07-06T10:01:35.613805,1,2,153.25,0.5,153.0,150,,,,,,,,,,,,,,,,,,,153.5,150,153.8,8,,,,,,,,,,,,,,,,
2026-07-06T10:01:35.670787+00:00,2026-07-06T10:01:35.670621,2,2,153.25,0.5,153.0,150,152.8,100,,,,,,,,,,,,,,,,,153.5,150,153.8,8,,,,,,,,,,,,,,,,
2026-07-06T10:01:35.726078+00:00,2026-07-06T10:01:35.725983,2,3,153.15,0.3,153.0,150,152.8,100,,,,,,,,,,,,,,,,,153.3,100,153.5,150,153.8,8,,,,,,,,,,,,,,
2026-07-06T10:01:37.158543+00:00,2026-07-06T10:01:37.155683,1,2,153.05,0.5,152.8,100,,,,,,,,,,,,,,,,,,,153.3,100,153.8,8,,,,,,,,,,,,,,,,
2026-07-06T10:01:37.209768+00:00,2026-07-06T10:01:37.209909,2,2,153.15,0.3,153.0,150,152.8,100,,,,,,,,,,,,,,,,,153.3,100,153.8,8,,,,,,,,,,,,,,,,
2026-07-06T10:01:37.258678+00:00,2026-07-06T10:01:37.255370,2,3,153.15,0.3,153.0,150,152.8,100,,,,,,,,,,,,,,,,,153.3,100,153.5,150,153.8,8,,,,,,,,,,,,,,
2026-07-06T10:01:37.581181+00:00,2026-07-06T10:01:37.581046,2,3,153.15,0.3,153.0,150,152.8,100,,,,,,,,,,,,,,,,,153.3,50,153.5,150,153.8,8,,,,,,,,,,,,,,
2026-07-06T10:01:37.647349+00:00,2026-07-06T10:01:37.647317,2,3,153.15,0.3,153.0,150,152.8,100,,,,,,,,,,,,,,,,,153.3,50,153.5,150,153.7,8,,,,,,,,,,,,,,
2026-07-06T10:01:38.158627+00:00,2026-07-06T10:01:38.154823,2,3,153.15,0.3,153.0,150,152.8,100,,,,,,,,,,,,,,,,,153.3,50,153.5,150,153.8,8,,,,,,,,,,,,,,
2026-07-06T10:01:38.779444+00:00,2026-07-06T10:01:38.779219,1,2,153.25,0.5,153.0,150,,,,,,,,,,,,,,,,,,,153.5,150,153.8,8,,,,,,,,,,,,,,,,
2026-07-06T10:01:38.833415+00:00,2026-07-06T10:01:38.833336,2,2,153.35,0.3,153.2,100,153.0,150,,,,,,,,,,,,,,,,,153.5,150,153.8,8,,,,,,,,,,,,,,,,
2026-07-06T10:01:38.887523+00:00,2026-07-06T10:01:38.887417,2,3,153.35,0.3,153.2,100,153.0,150,,,,,,,,,,,,,,,,,153.5,150,153.7,100,153.8,8,,,,,,,,,,,,,,
2026-07-06T10:01:38.913426+00:00,2026-07-06T10:01:38.913381,2,3,153.35,0.3,153.2,100,153.0,150,,,,,,,,,,,,,,,,,153.5,150,153.7,100,153.9,8,,,,,,,,,,,,,,
2026-07-06T10:01:39.741211+00:00,2026-07-06T10:01:39.741171,2,3,153.35,0.3,153.2,50,153.0,150,,,,,,,,,,,,,,,,,153.5,150,153.7,100,153.9,8,,,,,,,,,,,,,,
2026-07-06T10:01:40.104091+00:00,2026-07-06T10:01:40.097797,2,3,153.35,0.3,153.2,39,153.0,150,,,,,,,,,,,,,,,,,153.5,150,153.7,100,153.9,8,,,,,,,,,,,,,,
2026-07-06T10:01:40.158605+00:00,2026-07-06T10:01:40.156708,2,3,153.35,0.3,153.2,39,153.0,150,,,,,,,,,,,,,,,,,153.5,108,153.7,100,153.9,8,,,,,,,,,,,,,,
2026-07-06T10:01:40.174523+00:00,2026-07-06T10:01:40.174419,2,3,153.35,0.3,153.2,39,153.0,150,,,,,,,,,,,,,,,,,153.5,108,153.7,100,153.8,8,,,,,,,,,,,,,,
2026-07-06T10:01:40.317876+00:00,2026-07-06T10:01:40.317800,1,2,153.45,0.5,153.2,39,,,,,,,,,,,,,,,,,,,153.7,100,153.8,8,,,,,,,,,,,,,,,,
2026-07-06T10:01:40.370840+00:00,2026-07-06T10:01:40.370785,1,2,153.45,0.5,153.2,189,,,,,,,,,,,,,,,,,,,153.7,100,153.8,8,,,,,,,,,,,,,,,,
2026-07-06T10:01:40.421116+00:00,2026-07-06T10:01:40.421050,1,2,153.45,0.5,153.2,189,,,,,,,,,,,,,,,,,,,153.7,250,153.8,8,,,,,,,,,,,,,,,,
2026-07-06T10:01:41.797007+00:00,2026-07-06T10:01:41.796830,1,2,153.45,0.5,153.2,189,,,,,,,,,,,,,,,,,,,153.7,200,153.8,8,,,,,,,,,,,,,,,,
2026-07-06T10:01:41.943200+00:00,2026-07-06T10:01:41.943090,1,2,153.45,0.5,153.2,150,,,,,,,,,,,,,,,,,,,153.7,150,153.8,8,,,,,,,,,,,,,,,,
2026-07-06T10:01:41.999590+00:00,2026-07-06T10:01:41.999509,2,2,153.45,0.5,153.2,150,153.1,100,,,,,,,,,,,,,,,,,153.7,150,153.8,8,,,,,,,,,,,,,,,,
2026-07-06T10:01:42.052781+00:00,2026-07-06T10:01:42.052915,2,3,153.4,0.4,153.2,150,153.1,100,,,,,,,,,,,,,,,,,153.6,100,153.7,150,153.8,8,,,,,,,,,,,,,,
2026-07-06T10:01:42.438181+00:00,2026-07-06T10:01:42.438130,2,3,153.4,0.4,153.2,150,153.1,100,,,,,,,,,,,,,,,,,153.6,59,153.7,150,153.8,8,,,,,,,,,,,,,,
2026-07-06T10:01:43.188043+00:00,2026-07-06T10:01:43.187963,2,3,153.4,0.4,153.2,150,153.1,100,,,,,,,,,,,,,,,,,153.6,59,153.7,150,153.9,8,,,,,,,,,,,,,,
2026-07-06T10:01:43.481356+00:00,2026-07-06T10:01:43.481318,1,2,153.35,0.5,153.1,100,,,,,,,,,,,,,,,,,,,153.6,59,153.9,8,,,,,,,,,,,,,,,,
2026-07-06T10:01:43.537497+00:00,2026-07-06T10:01:43.537362,2,2,153.5,0.2,153.4,150,153.1,100,,,,,,,,,,,,,,,,,153.6,59,153.9,8,,,,,,,,,,,,,,,,
2026-07-06T10:01:43.591541+00:00,2026-07-06T10:01:43.591420,2,2,153.5,0.2,153.4,150,153.1,100,,,,,,,,,,,,,,,,,153.6,59,153.9,158,,,,,,,,,,,,,,,,
2026-07-06T10:01:43.696196+00:00,2026-07-06T10:01:43.696353,2,3,153.5,0.2,153.4,150,153.1,100,,,,,,,,,,,,,,,,,153.6,59,153.9,150,154.0,8,,,,,,,,,,,,,,
2026-07-06T10:01:43.905500+00:00,2026-07-06T10:01:43.905419,2,3,153.5,0.2,153.4,150,153.1,100,,,,,,,,,,,,,,,,,153.6,9,153.9,150,154.0,8,,,,,,,,,,,,,,
2026-07-06T10:01:44.951219+00:00,2026-07-06T10:01:44.945170,2,3,153.5,0.2,153.4,138,153.1,100,,,,,,,,,,,,,,,,,153.6,9,153.9,150,154.0,8,,,,,,,,,,,,,,
2026-07-06T10:01:45.072450+00:00,2026-07-06T10:01:45.072323,2,3,153.5,0.2,153.4,135,153.1,100,,,,,,,,,,,,,,,,,153.6,9,153.9,150,154.0,8,,,,,,,,,,,,,,
2026-07-06T10:01:45.108267+00:00,2026-07-06T10:01:45.108152,1,2,153.65,0.5,153.4,135,,,,,,,,,,,,,,,,,,,153.9,150,154.0,8,,,,,,,,,,,,,,,,
2026-07-06T10:01:45.164871+00:00,2026-07-06T10:01:45.164770,2,2,153.65,0.5,153.4,135,153.3,100,,,,,,,,,,,,,,,,,153.9,150,154.0,8,,,,,,,,,,,,,,,,
2026-07-06T10:01:45.222630+00:00,2026-07-06T10:01:45.222458,2,3,153.6,0.4,153.4,135,153.3,100,,,,,,,,,,,,,,,,,153.8,100,153.9,150,154.0,8,,,,,,,,,,,,,,
2026-07-06T10:01:45.479482+00:00,2026-07-06T10:01:45.479651,2,2,153.6,0.4,153.4,135,153.3,100,,,,,,,,,,,,,,,,,153.8,100,153.9,158,,,,,,,,,,,,,,,,
2026-07-06T10:01:46.012448+00:00,2026-07-06T10:01:46.012607,2,2,153.6,0.4,153.4,135,153.3,100,,,,,,,,,,,,,,,,,153.8,50,153.9,158,,,,,,,,,,,,,,,,
2026-07-06T10:01:46.030711+00:00,2026-07-06T10:01:46.030597,2,2,153.6,0.4,153.4,92,153.3,100,,,,,,,,,,,,,,,,,153.8,50,153.9,158,,,,,,,,,,,,,,,,
2026-07-06T10:01:46.100513+00:00,2026-07-06T10:01:46.100432,2,2,153.6,0.4,153.4,92,153.3,100,,,,,,,,,,,,,,,,,153.8,47,153.9,158,,,,,,,,,,,,,,,,
2026-07-06T10:01:46.641221+00:00,2026-07-06T10:01:46.641082,2,2,153.6,0.4,153.4,92,153.3,100,,,,,,,,,,,,,,,,,153.8,47,153.9,8,,,,,,,,,,,,,,,,
2026-07-06T10:01:46.646377+00:00,2026-07-06T10:01:46.646243,1,2,153.55,0.5,153.3,100,,,,,,,,,,,,,,,,,,,153.8,47,153.9,8,,,,,,,,,,,,,,,,
2026-07-06T10:01:46.695703+00:00,2026-07-06T10:01:46.695645,2,2,153.55,0.5,153.3,100,153.2,150,,,,,,,,,,,,,,,,,153.8,47,153.9,8,,,,,,,,,,,,,,,,
2026-07-06T10:01:46.752598+00:00,2026-07-06T10:01:46.752521,2,3,153.5,0.4,153.3,100,153.2,150,,,,,,,,,,,,,,,,,153.7,150,153.8,47,153.9,8,,,,,,,,,,,,,,
2026-07-06T10:01:47.117985+00:00,2026-07-06T10:01:47.117876,2,3,153.5,0.4,153.3,97,153.2,150,,,,,,,,,,,,,,,,,153.7,150,153.8,47,153.9,8,,,,,,,,,,,,,,
2026-07-06T10:01:47.237216+00:00,2026-07-06T10:01:47.237088,2,2,153.5,0.4,153.3,97,153.2,150,,,,,,,,,,,,,,,,,153.7,150,153.8,47,,,,,,,,,,,,,,,,
2026-07-06T10:01:47.242360+00:00,2026-07-06T10:01:47.242302,2,2,153.5,0.4,153.3,97,153.2,150,,,,,,,,,,,,,,,,,153.7,158,153.8,47,,,,,,,,,,,,,,,,
2026-07-06T10:01:47.507365+00:00,2026-07-06T10:01:47.507168,2,2,153.5,0.4,153.3,57,153.2,150,,,,,,,,,,,,,,,,,153.7,158,153.8,47,,,,,,,,,,,,,,,,
2026-07-06T10:01:48.149239+00:00,2026-07-06T10:01:48.149176,2,2,153.5,0.4,153.3,57,153.2,150,,,,,,,,,,,,,,,,,153.7,108,153.8,47,,,,,,,,,,,,,,,,
2026-07-06T10:01:48.277433+00:00,2026-07-06T10:01:48.277362,1,1,153.45,0.5,153.2,150,,,,,,,,,,,,,,,,,,,153.7,108,,,,,,,,,,,,,,,,,,
2026-07-06T10:01:48.330817+00:00,2026-07-06T10:01:48.330707,2,1,153.5,0.4,153.3,100,153.2,150,,,,,,,,,,,,,,,,,153.7,108,,,,,,,,,,,,,,,,,,
2026-07-06T10:01:48.390127+00:00,2026-07-06T10:01:48.390020,2,2,153.5,0.4,153.3,100,153.2,150,,,,,,,,,,,,,,,,,153.7,108,153.8,100,,,,,,,,,,,,,,,,
2026-07-06T10:01:49.729889+00:00,2026-07-06T10:01:49.729709,2,2,153.5,0.4,153.3,60,153.2,150,,,,,,,,,,,,,,,,,153.7,108,153.8,100,,,,,,,,,,,,,,,,
2026-07-06T10:01:49.808671+00:00,2026-07-06T10:01:49.808602,1,2,153.5,0.4,153.3,60,,,,,,,,,,,,,,,,,,,153.7,8,153.8,100,,,,,,,,,,,,,,,,
2026-07-06T10:01:49.864363+00:00,2026-07-06T10:01:49.864180,2,2,153.5,0.4,153.3,60,153.1,150,,,,,,,,,,,,,,,,,153.7,8,153.8,100,,,,,,,,,,,,,,,,
2026-07-06T10:01:49.917136+00:00,2026-07-06T10:01:49.917022,2,3,153.45,0.3,153.3,60,153.1,150,,,,,,,,,,,,,,,,,153.6,150,153.7,8,153.8,100,,,,,,,,,,,,,,
2026-07-06T10:01:50.258668+00:00,2026-07-06T10:01:50.252090,2,3,153.45,0.3,153.3,60,153.1,150,,,,,,,,,,,,,,,,,153.6,100,153.7,8,153.8,100,,,,,,,,,,,,,,
2026-07-06T10:01:51.439330+00:00,2026-07-06T10:01:51.439445,1,2,153.35,0.5,153.1,150,,,,,,,,,,,,,,,,,,,153.6,100,153.7,8,,,,,,,,,,,,,,,,
2026-07-06T10:01:51.496449+00:00,2026-07-06T10:01:51.496573,1,2,153.35,0.5,153.1,250,,,,,,,,,,,,,,,,,,,153.6,100,153.7,8,,,,,,,,,,,,,,,,
2026-07-06T10:01:51.512379+00:00,2026-07-06T10:01:51.512223,1,1,153.35,0.5,153.1,250,,,,,,,,,,,,,,,,,,,153.6,100,,,,,,,,,,,,,,,,,,
2026-07-06T10:01:51.543942+00:00,2026-07-06T10:01:51.543811,1,2,153.35,0.5,153.1,250,,,,,,,,,,,,,,,,,,,153.6,100,153.8,8,,,,,,,,,,,,,,,,
2026-07-06T10:01:51.549109+00:00,2026-07-06T10:01:51.548982,1,2,153.35,0.5,153.1,250,,,,,,,,,,,,,,,,,,,153.6,200,153.8,8,,,,,,,,,,,,,,,,
2026-07-06T10:01:52.179832+00:00,2026-07-06T10:01:52.179797,1,2,153.35,0.5,153.1,250,,,,,,,,,,,,,,,,,,,153.6,197,153.8,8,,,,,,,,,,,,,,,,
2026-07-06T10:01:52.391973+00:00,2026-07-06T10:01:52.392100,1,2,153.35,0.5,153.1,250,,,,,,,,,,,,,,,,,,,153.6,147,153.8,8,,,,,,,,,,,,,,,,
2026-07-06T10:01:52.551592+00:00,2026-07-06T10:01:52.551545,1,2,153.35,0.5,153.1,250,,,,,,,,,,,,,,,,,,,153.6,147,153.7,8,,,,,,,,,,,,,,,,
2026-07-06T10:01:52.972539+00:00,2026-07-06T10:01:52.972441,1,2,153.35,0.5,153.1,100,,,,,,,,,,,,,,,,,,,153.6,100,153.7,8,,,,,,,,,,,,,,,,
2026-07-06T10:01:53.027250+00:00,2026-07-06T10:01:53.027364,2,2,153.5,0.2,153.4,150,153.1,100,,,,,,,,,,,,,,,,,153.6,100,153.7,8,,,,,,,,,,,,,,,,
2026-07-06T10:01:53.037792+00:00,2026-07-06T10:01:53.031597,2,2,153.5,0.2,153.4,128,153.1,100,,,,,,,,,,,,,,,,,153.6,100,153.7,8,,,,,,,,,,,,,,,,
2026-07-06T10:01:53.060985+00:00,2026-07-06T10:01:53.060880,2,2,153.5,0.2,153.4,128,153.1,100,,,,,,,,,,,,,,,,,153.6,100,153.7,8,,,,,,,,,,,,,,,,
2026-07-06T10:01:53.079838+00:00,2026-07-06T10:01:53.079950,2,3,153.5,0.2,153.4,128,153.1,100,,,,,,,,,,,,,,,,,153.6,100,153.7,8,153.9,150,,,,,,,,,,,,,,
2026-07-06T10:01:53.194845+00:00,2026-07-06T10:01:53.194674,2,3,153.5,0.2,153.4,117,153.1,100,,,,,,,,,,,,,,,,,153.6,100,153.7,8,153.9,150,,,,,,,,,,,,,,
2026-07-06T10:01:54.315177+00:00,2026-07-06T10:01:54.315063,2,3,153.5,0.2,153.4,117,153.1,100,,,,,,,,,,,,,,,,,153.6,54,153.7,8,153.9,150,,,,,,,,,,,,,,
2026-07-06T10:01:54.495804+00:00,2026-07-06T10:01:54.495699,2,3,153.5,0.2,153.4,117,153.1,100,,,,,,,,,,,,,,,,,153.6,4,153.7,8,153.9,150,,,,,,,,,,,,,,
2026-07-06T10:01:54.601460+00:00,2026-07-06T10:01:54.601339,1,2,153.55,0.3,153.4,117,,,,,,,,,,,,,,,,,,,153.7,8,153.9,150,,,,,,,,,,,,,,,,
2026-07-06T10:01:54.668723+00:00,2026-07-06T10:01:54.668845,2,2,153.6,0.2,153.5,100,153.4,117,,,,,,,,,,,,,,,,,153.7,8,153.9,150,,,,,,,,,,,,,,,,
2026-07-06T10:01:54.716160+00:00,2026-07-06T10:01:54.716094,2,3,153.6,0.2,153.5,100,153.4,117,,,,,,,,,,,,,,,,,153.7,8,153.9,150,154.0,100,,,,,,,,,,,,,,
2026-07-06T10:01:54.824822+00:00,2026-07-06T10:01:54.824941,2,3,153.65,0.3,153.5,100,153.4,117,,,,,,,,,,,,,,,,,153.8,8,153.9,150,154.0,100,,,,,,,,,,,,,,
2026-07-06T10:01:56.134233+00:00,2026-07-06T10:01:56.134127,1,2,153.65,0.3,153.5,100,,,,,,,,,,,,,,,,,,,153.8,8,154.0,100,,,,,,,,,,,,,,,,
2026-07-06T10:01:56.188785+00:00,2026-07-06T10:01:56.188725,1,2,153.65,0.3,153.5,250,,,,,,,,,,,,,,,,,,,153.8,8,154.0,100,,,,,,,,,,,,,,,,
2026-07-06T10:01:56.241711+00:00,2026-07-06T10:01:56.241643,1,2,153.65,0.3,153.5,250,,,,,,,,,,,,,,,,,,,153.8,8,154.0,250,,,,,,,,,,,,,,,,
2026-07-06T10:01:56.473854+00:00,2026-07-06T10:01:56.473755,1,2,153.65,0.3,153.5,210,,,,,,,,,,,,,,,,,,,153.8,8,154.0,250,,,,,,,,,,,,,,,,
2026-07-06T10:01:56.605039+00:00,2026-07-06T10:01:56.604956,1,1,153.75,0.5,153.5,210,,,,,,,,,,,,,,,,,,,154.0,208,,,,,,,,,,,,,,,,,,
2026-07-06T10:01:56.836350+00:00,2026-07-06T10:01:56.836241,1,1,153.75,0.5,153.5,218,,,,,,,,,,,,,,,,,,,154.0,208,,,,,,,,,,,,,,,,,,
2026-07-06T10:01:56.841562+00:00,2026-07-06T10:01:56.841445,1,2,153.7,0.4,153.5,218,,,,,,,,,,,,,,,,,,,153.9,8,154.0,208,,,,,,,,,,,,,,,,
2026-07-06T10:01:57.771427+00:00,2026-07-06T10:01:57.771308,1,2,153.7,0.4,153.5,158,,,,,,,,,,,,,,,,,,,153.9,8,154.0,150,,,,,,,,,,,,,,,,
2026-07-06T10:01:57.826236+00:00,2026-07-06T10:01:57.826143,2,2,153.7,0.4,153.5,158,153.4,100,,,,,,,,,,,,,,,,,153.9,8,154.0,150,,,,,,,,,,,,,,,,
2026-07-06T10:01:57.878269+00:00,2026-07-06T10:01:57.878202,2,2,153.7,0.4,153.5,158,153.4,100,,,,,,,,,,,,,,,,,153.9,108,154.0,150,,,,,,,,,,,,,,,,
2026-07-06T10:01:58.717338+00:00,2026-07-06T10:01:58.717250,2,2,153.7,0.4,153.5,158,153.4,100,,,,,,,,,,,,,,,,,153.9,58,154.0,150,,,,,,,,,,,,,,,,
2026-07-06T10:01:59.291971+00:00,2026-07-06T10:01:59.291902,2,1,153.7,0.4,153.5,8,153.4,100,,,,,,,,,,,,,,,,,153.9,58,,,,,,,,,,,,,,,,,,
2026-07-06T10:01:59.345347+00:00,2026-07-06T10:01:59.345251,2,1,153.7,0.4,153.5,158,153.4,100,,,,,,,,,,,,,,,,,153.9,58,,,,,,,,,,,,,,,,,,
2026-07-06T10:01:59.408894+00:00,2026-07-06T10:01:59.408823,2,2,153.7,0.4,153.5,158,153.4,100,,,,,,,,,,,,,,,,,153.9,58,154.0,150,,,,,,,,,,,,,,,,
2026-07-06T10:02:00.850070+00:00,2026-07-06T10:02:00.850236,2,2,153.7,0.4,153.5,158,153.4,100,,,,,,,,,,,,,,,,,153.9,8,154.0,150,,,,,,,,,,,,,,,,
2026-07-06T10:02:00.932976+00:00,2026-07-06T10:02:00.932746,1,1,153.75,0.5,153.5,158,,,,,,,,,,,,,,,,,,,154.0,150,,,,,,,,,,,,,,,,,,
2026-07-06T10:02:00.999709+00:00,2026-07-06T10:02:00.993999,2,1,153.85,0.3,153.7,77,153.5,158,,,,,,,,,,,,,,,,,154.0,150,,,,,,,,,,,,,,,,,,
2026-07-06T10:02:01.042449+00:00,2026-07-06T10:02:01.042327,2,2,153.85,0.3,153.7,77,153.5,158,,,,,,,,,,,,,,,,,154.0,150,154.2,100,,,,,,,,,,,,,,,,
2026-07-06T10:02:02.119494+00:00,2026-07-06T10:02:02.119597,2,2,153.85,0.3,153.7,77,153.5,158,,,,,,,,,,,,,,,,,154.0,102,154.2,100,,,,,,,,,,,,,,,,
2026-07-06T10:02:02.253991+00:00,2026-07-06T10:02:02.258724,2,2,153.85,0.3,153.7,68,153.5,158,,,,,,,,,,,,,,,,,154.0,102,154.2,100,,,,,,,,,,,,,,,,
2026-07-06T10:02:02.469017+00:00,2026-07-06T10:02:02.468962,2,1,153.95,0.5,153.7,68,153.5,8,,,,,,,,,,,,,,,,,154.2,100,,,,,,,,,,,,,,,,,,
2026-07-06T10:02:02.526361+00:00,2026-07-06T10:02:02.526298,3,1,153.95,0.5,153.7,68,153.6,150,153.5,8,,,,,,,,,,,,,,,154.2,100,,,,,,,,,,,,,,,,,,
2026-07-06T10:02:02.574402+00:00,2026-07-06T10:02:02.574317,3,2,153.9,0.4,153.7,68,153.6,150,153.5,8,,,,,,,,,,,,,,,154.1,150,154.2,100,,,,,,,,,,,,,,,,
2026-07-06T10:02:02.618495+00:00,2026-07-06T10:02:02.618644,3,2,153.9,0.4,153.7,68,153.6,150,153.5,8,,,,,,,,,,,,,,,154.1,150,154.2,100,,,,,,,,,,,,,,,,
2026-07-06T10:02:02.623910+00:00,2026-07-06T10:02:02.623819,3,3,153.85,0.3,153.7,68,153.6,150,153.5,8,,,,,,,,,,,,,,,154.0,8,154.1,150,154.2,100,,,,,,,,,,,,,,
2026-07-06T10:02:02.879930+00:00,2026-07-06T10:02:02.879846,2,2,153.9,0.4,153.7,68,153.6,150,,,,,,,,,,,,,,,,,154.1,150,154.2,100,,,,,,,,,,,,,,,,
2026-07-06T10:02:02.885123+00:00,2026-07-06T10:02:02.885051,2,3,153.85,0.3,153.7,76,153.6,150,,,,,,,,,,,,,,,,,154.0,8,154.1,150,154.2,100,,,,,,,,,,,,,,
2026-07-06T10:02:02.958629+00:00,2026-07-06T10:02:02.956708,2,2,153.9,0.4,153.7,76,153.6,150,,,,,,,,,,,,,,,,,154.1,108,154.2,100,,,,,,,,,,,,,,,,
2026-07-06T10:02:03.150059+00:00,2026-07-06T10:02:03.149871,2,2,153.9,0.4,153.7,68,153.6,150,,,,,,,,,,,,,,,,,154.1,108,154.2,100,,,,,,,,,,,,,,,,
2026-07-06T10:02:03.158644+00:00,2026-07-06T10:02:03.155109,2,2,153.9,0.4,153.7,76,153.6,150,,,,,,,,,,,,,,,,,154.1,116,154.2,100,,,,,,,,,,,,,,,,
2026-07-06T10:02:03.177883+00:00,2026-07-06T10:02:03.177785,2,2,153.9,0.4,153.7,36,153.6,150,,,,,,,,,,,,,,,,,154.1,116,154.2,100,,,,,,,,,,,,,,,,
2026-07-06T10:02:03.648471+00:00,2026-07-06T10:02:03.648371,2,2,153.9,0.4,153.7,36,153.6,150,,,,,,,,,,,,,,,,,154.1,69,154.2,100,,,,,,,,,,,,,,,,
2026-07-06T10:02:04.096356+00:00,2026-07-06T10:02:04.096249,2,1,153.9,0.4,153.7,8,153.6,150,,,,,,,,,,,,,,,,,154.1,69,,,,,,,,,,,,,,,,,,
2026-07-06T10:02:04.151260+00:00,2026-07-06T10:02:04.151215,2,1,153.9,0.4,153.7,108,153.6,150,,,,,,,,,,,,,,,,,154.1,69,,,,,,,,,,,,,,,,,,
2026-07-06T10:02:04.186588+00:00,2026-07-06T10:02:04.186526,2,1,153.9,0.4,153.7,65,153.6,150,,,,,,,,,,,,,,,,,154.1,69,,,,,,,,,,,,,,,,,,
2026-07-06T10:02:04.204440+00:00,2026-07-06T10:02:04.204407,2,2,153.9,0.4,153.7,65,153.6,150,,,,,,,,,,,,,,,,,154.1,69,154.2,100,,,,,,,,,,,,,,,,
2026-07-06T10:02:05.069289+00:00,2026-07-06T10:02:05.069249,2,2,153.9,0.4,153.7,65,153.6,150,,,,,,,,,,,,,,,,,154.1,19,154.2,100,,,,,,,,,,,,,,,,
2026-07-06T10:02:05.636284+00:00,2026-07-06T10:02:05.636201,1,2,153.9,0.4,153.7,65,,,,,,,,,,,,,,,,,,,154.1,8,154.2,100,,,,,,,,,,,,,,,,
2026-07-06T10:02:05.694744+00:00,2026-07-06T10:02:05.694688,2,0,,,154.4,42,153.7,65,,,,,,,,,,,,,,,,,,,,,,,,,,,,,,,,,,,,
2026-07-06T10:02:05.755580+00:00,2026-07-06T10:02:05.749044,2,1,154.65,0.5,154.4,16,153.7,65,,,,,,,,,,,,,,,,,154.9,150,,,,,,,,,,,,,,,,,,
2026-07-06T10:02:05.830113+00:00,2026-07-06T10:02:05.830074,1,1,154.3,1.2,153.7,65,,,,,,,,,,,,,,,,,,,154.9,150,,,,,,,,,,,,,,,,,,
2026-07-06T10:02:05.925629+00:00,2026-07-06T10:02:05.925574,1,2,154.25,1.1,153.7,73,,,,,,,,,,,,,,,,,,,154.8,8,154.9,150,,,,,,,,,,,,,,,,
2026-07-06T10:02:07.174555+00:00,2026-07-06T10:02:07.174477,1,1,154.3,1.2,153.7,73,,,,,,,,,,,,,,,,,,,154.9,108,,,,,,,,,,,,,,,,,,
2026-07-06T10:02:07.273991+00:00,2026-07-06T10:02:07.274076,1,1,154.3,1.2,153.7,8,,,,,,,,,,,,,,,,,,,154.9,108,,,,,,,,,,,,,,,,,,
2026-07-06T10:02:07.327796+00:00,2026-07-06T10:02:07.327680,2,1,154.4,1.0,153.9,100,153.7,8,,,,,,,,,,,,,,,,,154.9,108,,,,,,,,,,,,,,,,,,
2026-07-06T10:02:07.381393+00:00,2026-07-06T10:02:07.381343,2,2,154.15,0.5,153.9,100,153.7,8,,,,,,,,,,,,,,,,,154.4,100,154.9,108,,,,,,,,,,,,,,,,
2026-07-06T10:02:07.450977+00:00,2026-07-06T10:02:07.450876,2,2,154.15,0.5,153.9,100,153.7,8,,,,,,,,,,,,,,,,,154.4,100,154.9,108,,,,,,,,,,,,,,,,
2026-07-06T10:02:07.458560+00:00,2026-07-06T10:02:07.456027,2,3,154.1,0.4,153.9,100,153.7,8,,,,,,,,,,,,,,,,,154.3,8,154.4,100,154.9,108,,,,,,,,,,,,,,
2026-07-06T10:02:07.957139+00:00,2026-07-06T10:02:07.957341,1,2,154.15,0.5,153.9,100,,,,,,,,,,,,,,,,,,,154.4,100,154.9,108,,,,,,,,,,,,,,,,
2026-07-06T10:02:07.970131+00:00,2026-07-06T10:02:07.970088,2,3,154.05,0.3,153.9,100,153.6,8,,,,,,,,,,,,,,,,,154.2,8,154.4,100,154.9,108,,,,,,,,,,,,,,
2026-07-06T10:02:08.800262+00:00,2026-07-06T10:02:08.800195,2,2,154.05,0.3,153.9,100,153.6,8,,,,,,,,,,,,,,,,,154.2,8,154.4,100,,,,,,,,,,,,,,,,
2026-07-06T10:02:08.858578+00:00,2026-07-06T10:02:08.853702,3,2,154.05,0.3,153.9,100,153.8,150,153.6,8,,,,,,,,,,,,,,,154.2,8,154.4,100,,,,,,,,,,,,,,,,
2026-07-06T10:02:08.909085+00:00,2026-07-06T10:02:08.909033,3,3,154.05,0.3,153.9,100,153.8,150,153.6,8,,,,,,,,,,,,,,,154.2,8,154.3,150,154.4,100,,,,,,,,,,,,,,
2026-07-06T10:02:09.334611+00:00,2026-07-06T10:02:09.334480,3,3,154.05,0.3,153.9,50,153.8,150,153.6,8,,,,,,,,,,,,,,,154.2,8,154.3,150,154.4,100,,,,,,,,,,,,,,
2026-07-06T10:02:10.437468+00:00,2026-07-06T10:02:10.437383,2,2,154.0,0.4,153.8,150,153.6,8,,,,,,,,,,,,,,,,,154.2,8,154.3,150,,,,,,,,,,,,,,,,
2026-07-06T10:02:10.488361+00:00,2026-07-06T10:02:10.488266,2,2,154.0,0.4,153.8,150,153.6,108,,,,,,,,,,,,,,,,,154.2,8,154.3,150,,,,,,,,,,,,,,,,
2026-07-06T10:02:10.558579+00:00,2026-07-06T10:02:10.552917,2,3,153.95,0.3,153.8,150,153.6,108,,,,,,,,,,,,,,,,,154.1,100,154.2,8,154.3,150,,,,,,,,,,,,,,
2026-07-06T10:02:10.733088+00:00,2026-07-06T10:02:10.733035,2,2,153.95,0.3,153.8,150,153.6,100,,,,,,,,,,,,,,,,,154.1,100,154.3,150,,,,,,,,,,,,,,,,
2026-07-06T10:02:10.738274+00:00,2026-07-06T10:02:10.738189,3,2,153.95,0.3,153.8,150,153.6,100,153.5,8,,,,,,,,,,,,,,,154.1,100,154.3,150,,,,,,,,,,,,,,,,
2026-07-06T10:02:10.743267+00:00,2026-07-06T10:02:10.743357,3,3,153.9,0.2,153.8,150,153.6,100,153.5,8,,,,,,,,,,,,,,,154.0,8,154.1,100,154.3,150,,,,,,,,,,,,,,
2026-07-06T10:02:10.997437+00:00,2026-07-06T10:02:10.997341,2,2,153.95,0.3,153.8,150,153.6,100,,,,,,,,,,,,,,,,,154.1,100,154.3,150,,,,,,,,,,,,,,,,
2026-07-06T10:02:11.002610+00:00,2026-07-06T10:02:11.002534,3,2,153.95,0.3,153.8,150,153.6,100,153.5,8,,,,,,,,,,,,,,,154.1,100,154.3,150,,,,,,,,,,,,,,,,
2026-07-06T10:02:11.007623+00:00,2026-07-06T10:02:11.007732,3,3,153.85,0.1,153.8,150,153.6,100,153.5,8,,,,,,,,,,,,,,,153.9,8,154.1,100,154.3,150,,,,,,,,,,,,,,
2026-07-06T10:02:11.331015+00:00,2026-07-06T10:02:11.331165,3,3,153.85,0.1,153.8,144,153.6,100,153.5,8,,,,,,,,,,,,,,,153.9,8,154.1,100,154.3,150,,,,,,,,,,,,,,
2026-07-06T10:02:11.444767+00:00,2026-07-06T10:02:11.444711,3,3,153.85,0.1,153.8,94,153.6,100,153.5,8,,,,,,,,,,,,,,,153.9,8,154.1,100,154.3,150,,,,,,,,,,,,,,
2026-07-06T10:02:11.958610+00:00,2026-07-06T10:02:11.958332,2,2,153.75,0.3,153.6,100,153.5,8,,,,,,,,,,,,,,,,,153.9,8,154.1,100,,,,,,,,,,,,,,,,
2026-07-06T10:02:12.021249+00:00,2026-07-06T10:02:12.021364,2,2,153.75,0.3,153.6,250,153.5,8,,,,,,,,,,,,,,,,,153.9,8,154.1,100,,,,,,,,,,,,,,,,
2026-07-06T10:02:12.075327+00:00,2026-07-06T10:02:12.075189,2,2,153.75,0.3,153.6,250,153.5,8,,,,,,,,,,,,,,,,,153.9,8,154.1,250,,,,,,,,,,,,,,,,
2026-07-06T10:02:13.358562+00:00,2026-07-06T10:02:13.355391,3,1,154.0,0.2,153.9,18,153.6,250,153.5,8,,,,,,,,,,,,,,,154.1,250,,,,,,,,,,,,,,,,,,
2026-07-06T10:02:13.513840+00:00,2026-07-06T10:02:13.513809,2,1,154.0,0.2,153.9,18,153.6,250,,,,,,,,,,,,,,,,,154.1,250,,,,,,,,,,,,,,,,,,
2026-07-06T10:02:13.519074+00:00,2026-07-06T10:02:13.518973,2,1,154.0,0.2,153.9,18,153.6,258,,,,,,,,,,,,,,,,,154.1,250,,,,,,,,,,,,,,,,,,
2026-07-06T10:02:13.524238+00:00,2026-07-06T10:02:13.524144,2,2,153.95,0.1,153.9,18,153.6,258,,,,,,,,,,,,,,,,,154.0,8,154.1,250,,,,,,,,,,,,,,,,
2026-07-06T10:02:13.553365+00:00,2026-07-06T10:02:13.553501,1,2,153.8,0.4,153.6,258,,,,,,,,,,,,,,,,,,,154.0,8,154.1,250,,,,,,,,,,,,,,,,
2026-07-06T10:02:13.609160+00:00,2026-07-06T10:02:13.609328,1,2,153.8,0.4,153.6,158,,,,,,,,,,,,,,,,,,,154.0,8,154.1,150,,,,,,,,,,,,,,,,
2026-07-06T10:02:13.663992+00:00,2026-07-06T10:02:13.663869,2,2,153.9,0.2,153.8,100,153.6,158,,,,,,,,,,,,,,,,,154.0,8,154.1,150,,,,,,,,,,,,,,,,
2026-07-06T10:02:13.717677+00:00,2026-07-06T10:02:13.717582,2,3,153.9,0.2,153.8,100,153.6,158,,,,,,,,,,,,,,,,,154.0,8,154.1,150,154.3,100,,,,,,,,,,,,,,
2026-07-06T10:02:13.779768+00:00,2026-07-06T10:02:13.779716,2,2,153.95,0.3,153.8,100,153.6,150,,,,,,,,,,,,,,,,,154.1,150,154.3,100,,,,,,,,,,,,,,,,
2026-07-06T10:02:13.785009+00:00,2026-07-06T10:02:13.784897,3,2,153.95,0.3,153.8,100,153.7,8,153.6,150,,,,,,,,,,,,,,,154.1,150,154.3,100,,,,,,,,,,,,,,,,
2026-07-06T10:02:13.800209+00:00,2026-07-06T10:02:13.800338,3,3,153.9,0.2,153.8,100,153.7,8,153.6,150,,,,,,,,,,,,,,,154.0,8,154.1,150,154.3,100,,,,,,,,,,,,,,
2026-07-06T10:02:13.805740+00:00,2026-07-06T10:02:13.805615,3,2,153.95,0.3,153.8,100,153.7,8,153.6,150,,,,,,,,,,,,,,,154.1,110,154.3,100,,,,,,,,,,,,,,,,
2026-07-06T10:02:14.296686+00:00,2026-07-06T10:02:14.296585,2,2,153.95,0.3,153.8,100,153.6,158,,,,,,,,,,,,,,,,,154.1,110,154.3,100,,,,,,,,,,,,,,,,
2026-07-06T10:02:14.304528+00:00,2026-07-06T10:02:14.304418,2,3,153.9,0.2,153.8,100,153.6,158,,,,,,,,,,,,,,,,,154.0,8,154.1,110,154.3,100,,,,,,,,,,,,,,
2026-07-06T10:02:14.377565+00:00,2026-07-06T10:02:14.377490,2,3,153.9,0.2,153.8,74,153.6,158,,,,,,,,,,,,,,,,,154.0,8,154.1,110,154.3,100,,,,,,,,,,,,,,
2026-07-06T10:02:14.813721+00:00,2026-07-06T10:02:14.813849,2,2,153.95,0.3,153.8,74,153.6,150,,,,,,,,,,,,,,,,,154.1,110,154.3,100,,,,,,,,,,,,,,,,
2026-07-06T10:02:14.819113+00:00,2026-07-06T10:02:14.819019,3,2,153.95,0.3,153.8,74,153.7,8,153.6,150,,,,,,,,,,,,,,,154.1,110,154.3,100,,,,,,,,,,,,,,,,
2026-07-06T10:02:14.824109+00:00,2026-07-06T10:02:14.824198,3,3,153.9,0.2,153.8,74,153.7,8,153.6,150,,,,,,,,,,,,,,,154.0,8,154.1,110,154.3,100,,,,,,,,,,,,,,
2026-07-06T10:02:14.871493+00:00,2026-07-06T10:02:14.871665,3,2,153.95,0.3,153.8,74,153.7,8,153.6,150,,,,,,,,,,,,,,,154.1,74,154.3,100,,,,,,,,,,,,,,,,
2026-07-06T10:02:15.130699+00:00,2026-07-06T10:02:15.130631,2,1,154.05,0.5,153.8,74,153.7,8,,,,,,,,,,,,,,,,,154.3,100,,,,,,,,,,,,,,,,,,
2026-07-06T10:02:15.186346+00:00,2026-07-06T10:02:15.186231,3,1,154.15,0.3,154.0,150,153.8,74,153.7,8,,,,,,,,,,,,,,,154.3,100,,,,,,,,,,,,,,,,,,
2026-07-06T10:02:15.238355+00:00,2026-07-06T10:02:15.238478,3,2,154.15,0.3,154.0,150,153.8,74,153.7,8,,,,,,,,,,,,,,,154.3,100,154.5,150,,,,,,,,,,,,,,,,
2026-07-06T10:02:15.354313+00:00,2026-07-06T10:02:15.354151,2,2,154.15,0.3,154.0,150,153.8,74,,,,,,,,,,,,,,,,,154.3,100,154.5,150,,,,,,,,,,,,,,,,
2026-07-06T10:02:15.359536+00:00,2026-07-06T10:02:15.359454,3,3,154.1,0.2,154.0,150,153.8,74,153.7,8,,,,,,,,,,,,,,,154.2,8,154.3,100,154.5,150,,,,,,,,,,,,,,
2026-07-06T10:02:15.658592+00:00,2026-07-06T10:02:15.658020,3,3,154.1,0.2,154.0,100,153.8,74,153.7,8,,,,,,,,,,,,,,,154.2,8,154.3,100,154.5,150,,,,,,,,,,,,,,
2026-07-06T10:02:16.773547+00:00,2026-07-06T10:02:16.773488,2,2,154.1,0.2,154.0,100,153.7,8,,,,,,,,,,,,,,,,,154.2,8,154.5,150,,,,,,,,,,,,,,,,
2026-07-06T10:02:16.828497+00:00,2026-07-06T10:02:16.828400,3,2,154.1,0.2,154.0,100,153.7,8,153.5,100,,,,,,,,,,,,,,,154.2,8,154.5,150,,,,,,,,,,,,,,,,
2026-07-06T10:02:16.881809+00:00,2026-07-06T10:02:16.881730,2,2,153.95,0.5,153.7,8,153.5,100,,,,,,,,,,,,,,,,,154.2,8,154.5,150,,,,,,,,,,,,,,,,
2026-07-06T10:02:17.059736+00:00,2026-07-06T10:02:17.059697,1,2,153.85,0.7,153.5,65,,,,,,,,,,,,,,,,,,,154.2,8,154.5,150,,,,,,,,,,,,,,,,
2026-07-06T10:02:17.119014+00:00,2026-07-06T10:02:17.119227,1,1,154.0,1.0,153.5,65,,,,,,,,,,,,,,,,,,,154.5,150,,,,,,,,,,,,,,,,,,
2026-07-06T10:02:17.140404+00:00,2026-07-06T10:02:17.140315,2,2,153.85,0.5,153.6,8,153.5,65,,,,,,,,,,,,,,,,,154.1,8,154.5,150,,,,,,,,,,,,,,,,
2026-07-06T10:02:17.771601+00:00,2026-07-06T10:02:17.771544,1,2,153.8,0.6,153.5,23,,,,,,,,,,,,,,,,,,,154.1,8,154.5,150,,,,,,,,,,,,,,,,
2026-07-06T10:02:18.287775+00:00,2026-07-06T10:02:18.287731,1,1,153.8,0.6,153.5,23,,,,,,,,,,,,,,,,,,,154.1,8,,,,,,,,,,,,,,,,,,
2026-07-06T10:02:18.343638+00:00,2026-07-06T10:02:18.343581,2,1,153.8,0.6,153.5,23,153.4,150,,,,,,,,,,,,,,,,,154.1,8,,,,,,,,,,,,,,,,,,
2026-07-06T10:02:18.404918+00:00,2026-07-06T10:02:18.398846,2,2,153.7,0.4,153.5,23,153.4,150,,,,,,,,,,,,,,,,,153.9,136,154.1,8,,,,,,,,,,,,,,,,
2026-07-06T10:02:18.425598+00:00,2026-07-06T10:02:18.425447,3,2,153.75,0.3,153.6,8,153.5,23,153.4,150,,,,,,,,,,,,,,,153.9,136,154.0,8,,,,,,,,,,,,,,,,
2026-07-06T10:02:18.472453+00:00,2026-07-06T10:02:18.472338,2,2,153.7,0.4,153.5,23,153.4,150,,,,,,,,,,,,,,,,,153.9,136,154.0,8,,,,,,,,,,,,,,,,
2026-07-06T10:02:19.032298+00:00,2026-07-06T10:02:19.032241,2,2,153.7,0.4,153.5,23,153.4,150,,,,,,,,,,,,,,,,,153.9,93,154.0,8,,,,,,,,,,,,,,,,
2026-07-06T10:02:19.395479+00:00,2026-07-06T10:02:19.388108,2,2,153.7,0.4,153.5,23,153.4,150,,,,,,,,,,,,,,,,,153.9,81,154.0,8,,,,,,,,,,,,,,,,
2026-07-06T10:02:19.431924+00:00,2026-07-06T10:02:19.431861,3,1,153.75,0.3,153.6,8,153.5,23,153.4,150,,,,,,,,,,,,,,,153.9,81,,,,,,,,,,,,,,,,,,
2026-07-06T10:02:19.437123+00:00,2026-07-06T10:02:19.437030,3,2,153.75,0.3,153.6,8,153.5,23,153.4,150,,,,,,,,,,,,,,,153.9,81,154.2,8,,,,,,,,,,,,,,,,
2026-07-06T10:02:19.692972+00:00,2026-07-06T10:02:19.692914,2,1,153.7,0.4,153.5,23,153.4,150,,,,,,,,,,,,,,,,,153.9,81,,,,,,,,,,,,,,,,,,
2026-07-06T10:02:19.698000+00:00,2026-07-06T10:02:19.698140,3,2,153.8,0.2,153.7,7,153.5,23,153.4,150,,,,,,,,,,,,,,,153.9,81,154.3,7,,,,,,,,,,,,,,,,
2026-07-06T10:02:19.881157+00:00,2026-07-06T10:02:19.880999,1,2,153.65,0.5,153.4,130,,,,,,,,,,,,,,,,,,,153.9,81,154.3,7,,,,,,,,,,,,,,,,
2026-07-06T10:02:19.958553+00:00,2026-07-06T10:02:19.956510,2,1,153.7,0.4,153.5,7,153.4,130,,,,,,,,,,,,,,,,,153.9,81,,,,,,,,,,,,,,,,,,
2026-07-06T10:02:19.984234+00:00,2026-07-06T10:02:19.984151,3,2,153.85,0.1,153.8,100,153.5,7,153.4,130,,,,,,,,,,,,,,,153.9,81,154.2,7,,,,,,,,,,,,,,,,
2026-07-06T10:02:20.036769+00:00,2026-07-06T10:02:20.036646,3,3,153.85,0.1,153.8,100,153.5,7,153.4,130,,,,,,,,,,,,,,,153.9,81,154.2,7,154.3,100,,,,,,,,,,,,,,
2026-07-06T10:02:20.247243+00:00,2026-07-06T10:02:20.247196,2,2,153.85,0.1,153.8,100,153.4,130,,,,,,,,,,,,,,,,,153.9,81,154.3,100,,,,,,,,,,,,,,,,
2026-07-06T10:02:20.252459+00:00,2026-07-06T10:02:20.252354,2,2,153.85,0.1,153.8,107,153.4,130,,,,,,,,,,,,,,,,,153.9,81,154.3,100,,,,,,,,,,,,,,,,
2026-07-06T10:02:20.258541+00:00,2026-07-06T10:02:20.257528,2,3,153.85,0.1,153.8,107,153.4,130,,,,,,,,,,,,,,,,,153.9,81,154.1,7,154.3,100,,,,,,,,,,,,,,
2026-07-06T10:02:20.641590+00:00,2026-07-06T10:02:20.624300,2,3,153.85,0.1,153.8,107,153.4,130,,,,,,,,,,,,,,,,,153.9,70,154.1,7,154.3,100,,,,,,,,,,,,,,
2026-07-06T10:02:21.265748+00:00,2026-07-06T10:02:21.265649,2,2,153.85,0.1,153.8,100,153.4,130,,,,,,,,,,,,,,,,,153.9,70,154.3,100,,,,,,,,,,,,,,,,
2026-07-06T10:02:21.270952+00:00,2026-07-06T10:02:21.270853,2,2,153.85,0.1,153.8,100,153.4,130,,,,,,,,,,,,,,,,,153.9,62,154.3,100,,,,,,,,,,,,,,,,
2026-07-06T10:02:21.276127+00:00,2026-07-06T10:02:21.276022,2,3,153.85,0.1,153.8,100,153.4,130,,,,,,,,,,,,,,,,,153.9,62,154.3,100,154.4,8,,,,,,,,,,,,,,
2026-07-06T10:02:21.450701+00:00,2026-07-06T10:02:21.450613,1,2,154.05,0.5,153.8,100,,,,,,,,,,,,,,,,,,,154.3,100,154.4,8,,,,,,,,,,,,,,,,
2026-07-06T10:02:21.506911+00:00,2026-07-06T10:02:21.506833,2,1,154.35,0.1,154.3,50,153.8,100,,,,,,,,,,,,,,,,,154.4,8,,,,,,,,,,,,,,,,,,
2026-07-06T10:02:21.536509+00:00,2026-07-06T10:02:21.536431,3,0,,,154.3,50,154.1,8,153.8,100,,,,,,,,,,,,,,,,,,,,,,,,,,,,,,,,,,
2026-07-06T10:02:21.541638+00:00,2026-07-06T10:02:21.541599,3,1,154.35,0.1,154.3,50,154.1,8,153.8,100,,,,,,,,,,,,,,,154.4,8,,,,,,,,,,,,,,,,,,
2026-07-06T10:02:21.558561+00:00,2026-07-06T10:02:21.556863,3,2,154.35,0.1,154.3,50,154.1,8,153.8,100,,,,,,,,,,,,,,,154.4,8,154.8,150,,,,,,,,,,,,,,,,
2026-07-06T10:02:21.991584+00:00,2026-07-06T10:02:21.991436,2,2,154.25,0.3,154.1,8,153.8,100,,,,,,,,,,,,,,,,,154.4,8,154.8,150,,,,,,,,,,,,,,,,
2026-07-06T10:02:23.045158+00:00,2026-07-06T10:02:23.045035,1,2,154.1,0.6,153.8,100,,,,,,,,,,,,,,,,,,,154.4,8,154.8,150,,,,,,,,,,,,,,,,
2026-07-06T10:02:23.050269+00:00,2026-07-06T10:02:23.050217,1,1,154.3,1.0,153.8,100,,,,,,,,,,,,,,,,,,,154.8,150,,,,,,,,,,,,,,,,,,
2026-07-06T10:02:23.058698+00:00,2026-07-06T10:02:23.055478,2,2,154.15,0.3,154.0,8,153.8,100,,,,,,,,,,,,,,,,,154.3,8,154.8,150,,,,,,,,,,,,,,,,
2026-07-06T10:02:23.099207+00:00,2026-07-06T10:02:23.099111,1,2,154.15,0.3,154.0,8,,,,,,,,,,,,,,,,,,,154.3,8,154.8,150,,,,,,,,,,,,,,,,
2026-07-06T10:02:23.162433+00:00,2026-07-06T10:02:23.156486,2,1,154.55,0.5,154.3,81,154.0,8,,,,,,,,,,,,,,,,,154.8,150,,,,,,,,,,,,,,,,,,
2026-07-06T10:02:23.207263+00:00,2026-07-06T10:02:23.207464,2,1,154.55,0.5,154.3,81,154.0,8,,,,,,,,,,,,,,,,,154.8,250,,,,,,,,,,,,,,,,,,
2026-07-06T10:02:23.314136+00:00,2026-07-06T10:02:23.314041,2,1,154.55,0.5,154.3,81,154.0,8,,,,,,,,,,,,,,,,,154.8,250,,,,,,,,,,,,,,,,,,
2026-07-06T10:02:23.319137+00:00,2026-07-06T10:02:23.319288,2,2,154.5,0.4,154.3,81,154.0,8,,,,,,,,,,,,,,,,,154.7,8,154.8,250,,,,,,,,,,,,,,,,
2026-07-06T10:02:23.722401+00:00,2026-07-06T10:02:23.716484,2,2,154.5,0.4,154.3,55,154.0,8,,,,,,,,,,,,,,,,,154.7,8,154.8,250,,,,,,,,,,,,,,,,
2026-07-06T10:02:23.831561+00:00,2026-07-06T10:02:23.831420,1,1,154.55,0.5,154.3,55,,,,,,,,,,,,,,,,,,,154.8,250,,,,,,,,,,,,,,,,,,
2026-07-06T10:02:23.836517+00:00,2026-07-06T10:02:23.836695,2,2,154.45,0.3,154.3,55,153.9,8,,,,,,,,,,,,,,,,,154.6,8,154.8,250,,,,,,,,,,,,,,,,
2026-07-06T10:02:24.102048+00:00,2026-07-06T10:02:24.101952,2,2,154.45,0.3,154.3,5,153.9,8,,,,,,,,,,,,,,,,,154.6,8,154.8,250,,,,,,,,,,,,,,,,
2026-07-06T10:02:24.340408+00:00,2026-07-06T10:02:24.340271,1,2,154.45,0.3,154.3,5,,,,,,,,,,,,,,,,,,,154.6,8,154.8,250,,,,,,,,,,,,,,,,
2026-07-06T10:02:24.345637+00:00,2026-07-06T10:02:24.345523,1,1,154.55,0.5,154.3,5,,,,,,,,,,,,,,,,,,,154.8,250,,,,,,,,,,,,,,,,,,
2026-07-06T10:02:24.350629+00:00,2026-07-06T10:02:24.350804,2,2,154.4,0.2,154.3,5,154.0,7,,,,,,,,,,,,,,,,,154.5,7,154.8,250,,,,,,,,,,,,,,,,
2026-07-06T10:02:24.458649+00:00,2026-07-06T10:02:24.456324,3,1,154.65,0.3,154.5,19,154.3,5,154.0,7,,,,,,,,,,,,,,,154.8,250,,,,,,,,,,,,,,,,,,
2026-07-06T10:02:24.614066+00:00,2026-07-06T10:02:24.613921,3,1,154.65,0.3,154.5,19,154.3,5,154.0,7,,,,,,,,,,,,,,,154.8,100,,,,,,,,,,,,,,,,,,
2026-07-06T10:02:24.669414+00:00,2026-07-06T10:02:24.669351,4,1,154.65,0.3,154.5,19,154.3,5,154.0,7,153.7,150,,,,,,,,,,,,,154.8,100,,,,,,,,,,,,,,,,,,
2026-07-06T10:02:24.733116+00:00,2026-07-06T10:02:24.727270,2,2,154.1,0.2,154.0,7,153.7,150,,,,,,,,,,,,,,,,,154.2,123,154.8,100,,,,,,,,,,,,,,,,
2026-07-06T10:02:24.862642+00:00,2026-07-06T10:02:24.862549,2,2,154.15,0.1,154.1,8,153.7,150,,,,,,,,,,,,,,,,,154.2,123,154.8,100,,,,,,,,,,,,,,,,
2026-07-06T10:02:24.867814+00:00,2026-07-06T10:02:24.867763,2,3,154.15,0.1,154.1,8,153.7,150,,,,,,,,,,,,,,,,,154.2,123,154.5,8,154.8,100,,,,,,,,,,,,,,
2026-07-06T10:02:25.374231+00:00,2026-07-06T10:02:25.374105,1,2,153.95,0.5,153.7,150,,,,,,,,,,,,,,,,,,,154.2,123,154.8,100,,,,,,,,,,,,,,,,
2026-07-06T10:02:25.379399+00:00,2026-07-06T10:02:25.379338,2,2,154.05,0.3,153.9,8,153.7,150,,,,,,,,,,,,,,,,,154.2,131,154.8,100,,,,,,,,,,,,,,,,
2026-07-06T10:02:25.490009+00:00,2026-07-06T10:02:25.489892,1,3,153.8,0.2,153.7,150,,,,,,,,,,,,,,,,,,,153.9,3,154.2,131,154.8,100,,,,,,,,,,,,,,
2026-07-06T10:02:25.500323+00:00,2026-07-06T10:02:25.494248,1,2,153.95,0.5,153.7,150,,,,,,,,,,,,,,,,,,,154.2,131,154.8,100,,,,,,,,,,,,,,,,
2026-07-06T10:02:25.638253+00:00,2026-07-06T10:02:25.638421,2,2,154.0,0.4,153.8,8,153.7,150,,,,,,,,,,,,,,,,,154.2,123,154.8,100,,,,,,,,,,,,,,,,
2026-07-06T10:02:25.643674+00:00,2026-07-06T10:02:25.643628,2,2,154.0,0.4,153.8,8,153.7,150,,,,,,,,,,,,,,,,,154.2,131,154.8,100,,,,,,,,,,,,,,,,
2026-07-06T10:02:26.158601+00:00,2026-07-06T10:02:26.153227,2,2,154.0,0.4,153.8,8,153.7,150,,,,,,,,,,,,,,,,,154.2,81,154.8,100,,,,,,,,,,,,,,,,
2026-07-06T10:02:26.264264+00:00,2026-07-06T10:02:26.264208,2,1,154.0,0.4,153.8,8,153.7,150,,,,,,,,,,,,,,,,,154.2,81,,,,,,,,,,,,,,,,,,
2026-07-06T10:02:26.319190+00:00,2026-07-06T10:02:26.319080,3,1,154.05,0.3,153.9,100,153.8,8,153.7,150,,,,,,,,,,,,,,,154.2,81,,,,,,,,,,,,,,,,,,
2026-07-06T10:02:26.372449+00:00,2026-07-06T10:02:26.372361,3,2,154.05,0.3,153.9,100,153.8,8,153.7,150,,,,,,,,,,,,,,,154.2,81,154.4,100,,,,,,,,,,,,,,,,
2026-07-06T10:02:27.659325+00:00,2026-07-06T10:02:27.659172,2,2,154.05,0.3,153.9,100,153.7,150,,,,,,,,,,,,,,,,,154.2,73,154.4,100,,,,,,,,,,,,,,,,
2026-07-06T10:02:27.664245+00:00,2026-07-06T10:02:27.664483,3,3,154.0,0.2,153.9,100,153.8,8,153.7,150,,,,,,,,,,,,,,,154.1,8,154.2,73,154.4,100,,,,,,,,,,,,,,
2026-07-06T10:02:27.781143+00:00,2026-07-06T10:02:27.781095,2,2,154.0,0.2,153.9,100,153.8,8,,,,,,,,,,,,,,,,,154.1,8,154.4,100,,,,,,,,,,,,,,,,
2026-07-06T10:02:27.834767+00:00,2026-07-06T10:02:27.834643,3,2,154.0,0.2,153.9,100,153.8,8,153.3,150,,,,,,,,,,,,,,,154.1,8,154.4,100,,,,,,,,,,,,,,,,
2026-07-06T10:02:27.896706+00:00,2026-07-06T10:02:27.888862,1,3,153.55,0.5,153.3,150,,,,,,,,,,,,,,,,,,,153.8,22,154.1,8,154.4,100,,,,,,,,,,,,,,
2026-07-06T10:02:28.176938+00:00,2026-07-06T10:02:28.177118,2,2,153.6,0.4,153.4,8,153.3,150,,,,,,,,,,,,,,,,,153.8,22,154.4,100,,,,,,,,,,,,,,,,
2026-07-06T10:02:28.182505+00:00,2026-07-06T10:02:28.182335,2,3,153.6,0.4,153.4,8,153.3,150,,,,,,,,,,,,,,,,,153.8,22,154.0,8,154.4,100,,,,,,,,,,,,,,
2026-07-06T10:02:28.512545+00:00,2026-07-06T10:02:28.512769,1,4,153.35,0.1,153.3,150,,,,,,,,,,,,,,,,,,,153.4,1,153.8,22,154.0,8,154.4,100,,,,,,,,,,,,
2026-07-06T10:02:28.523142+00:00,2026-07-06T10:02:28.516792,1,3,153.55,0.5,153.3,150,,,,,,,,,,,,,,,,,,,153.8,22,154.0,8,154.4,100,,,,,,,,,,,,,,
2026-07-06T10:02:28.576563+00:00,2026-07-06T10:02:28.576504,1,3,153.55,0.5,153.3,102,,,,,,,,,,,,,,,,,,,153.8,22,154.0,8,154.4,100,,,,,,,,,,,,,,
2026-07-06T10:02:28.957735+00:00,2026-07-06T10:02:28.951669,1,2,153.65,0.7,153.3,102,,,,,,,,,,,,,,,,,,,154.0,8,154.4,100,,,,,,,,,,,,,,,,
2026-07-06T10:02:29.422530+00:00,2026-07-06T10:02:29.422467,1,1,153.65,0.7,153.3,102,,,,,,,,,,,,,,,,,,,154.0,8,,,,,,,,,,,,,,,,,,
2026-07-06T10:02:29.448047+00:00,2026-07-06T10:02:29.447948,2,0,,,153.4,8,153.3,102,,,,,,,,,,,,,,,,,,,,,,,,,,,,,,,,,,,,
2026-07-06T10:02:29.458602+00:00,2026-07-06T10:02:29.453124,2,1,153.8,0.8,153.4,8,153.3,102,,,,,,,,,,,,,,,,,154.2,8,,,,,,,,,,,,,,,,,,
2026-07-06T10:02:29.476056+00:00,2026-07-06T10:02:29.475951,3,1,153.9,0.6,153.6,100,153.4,8,153.3,102,,,,,,,,,,,,,,,154.2,8,,,,,,,,,,,,,,,,,,
2026-07-06T10:02:29.527749+00:00,2026-07-06T10:02:29.527654,3,1,153.9,0.6,153.6,87,153.4,8,153.3,102,,,,,,,,,,,,,,,154.2,8,,,,,,,,,,,,,,,,,,
2026-07-06T10:02:29.533043+00:00,2026-07-06T10:02:29.532942,3,2,153.85,0.5,153.6,87,153.4,8,153.3,102,,,,,,,,,,,,,,,154.1,100,154.2,8,,,,,,,,,,,,,,,,
2026-07-06T10:02:29.608748+00:00,2026-07-06T10:02:29.608682,3,2,153.85,0.5,153.6,87,153.4,8,153.3,102,,,,,,,,,,,,,,,154.1,54,154.2,8,,,,,,,,,,,,,,,,
2026-07-06T10:02:29.708084+00:00,2026-07-06T10:02:29.707994,2,1,153.85,0.5,153.6,87,153.3,102,,,,,,,,,,,,,,,,,154.1,54,,,,,,,,,,,,,,,,,,
2026-07-06T10:02:29.713278+00:00,2026-07-06T10:02:29.713228,3,2,153.9,0.4,153.7,8,153.6,87,153.3,102,,,,,,,,,,,,,,,154.1,54,154.2,8,,,,,,,,,,,,,,,,
2026-07-06T10:02:30.208738+00:00,2026-07-06T10:02:30.208699,2,2,153.85,0.5,153.6,55,153.3,102,,,,,,,,,,,,,,,,,154.1,54,154.2,8,,,,,,,,,,,,,,,,
2026-07-06T10:02:30.943972+00:00,2026-07-06T10:02:30.943910,1,2,153.85,0.5,153.6,55,,,,,,,,,,,,,,,,,,,154.1,54,154.2,8,,,,,,,,,,,,,,,,
2026-07-06T10:02:30.997497+00:00,2026-07-06T10:02:30.997456,2,2,154.05,0.1,154.0,150,153.6,55,,,,,,,,,,,,,,,,,154.1,54,154.2,8,,,,,,,,,,,,,,,,
2026-07-06T10:02:31.050630+00:00,2026-07-06T10:02:31.050536,2,3,154.05,0.1,154.0,150,153.6,55,,,,,,,,,,,,,,,,,154.1,54,154.2,8,154.5,150,,,,,,,,,,,,,,
2026-07-06T10:02:31.230058+00:00,2026-07-06T10:02:31.229938,2,3,154.05,0.1,154.0,150,153.6,55,,,,,,,,,,,,,,,,,154.1,54,154.2,8,154.5,150,,,,,,,,,,,,,,
2026-07-06T10:02:32.327538+00:00,2026-07-06T10:02:32.327696,2,3,154.05,0.1,154.0,150,153.6,55,,,,,,,,,,,,,,,,,154.1,10,154.2,8,154.5,150,,,,,,,,,,,,,,
2026-07-06T10:02:32.474662+00:00,2026-07-06T10:02:32.474610,2,1,154.25,0.5,154.0,150,153.6,55,,,,,,,,,,,,,,,,,154.5,150,,,,,,,,,,,,,,,,,,
2026-07-06T10:02:32.490578+00:00,2026-07-06T10:02:32.490464,3,2,154.2,0.4,154.0,150,153.9,8,153.6,55,,,,,,,,,,,,,,,154.4,8,154.5,150,,,,,,,,,,,,,,,,
2026-07-06T10:02:32.590929+00:00,2026-07-06T10:02:32.590849,2,2,154.2,0.4,154.0,150,153.9,8,,,,,,,,,,,,,,,,,154.4,8,154.5,150,,,,,,,,,,,,,,,,
2026-07-06T10:02:32.638959+00:00,2026-07-06T10:02:32.638908,2,2,154.2,0.4,154.0,150,153.9,108,,,,,,,,,,,,,,,,,154.4,8,154.5,150,,,,,,,,,,,,,,,,
2026-07-06T10:02:32.696556+00:00,2026-07-06T10:02:32.696503,2,2,154.2,0.4,154.0,150,153.9,108,,,,,,,,,,,,,,,,,154.4,108,154.5,150,,,,,,,,,,,,,,,,
2026-07-06T10:02:34.103814+00:00,2026-07-06T10:02:34.103946,1,1,154.15,0.5,153.9,108,,,,,,,,,,,,,,,,,,,154.4,108,,,,,,,,,,,,,,,,,,
2026-07-06T10:02:34.158855+00:00,2026-07-06T10:02:34.158725,2,1,154.25,0.3,154.1,150,153.9,108,,,,,,,,,,,,,,,,,154.4,108,,,,,,,,,,,,,,,,,,
2026-07-06T10:02:34.208810+00:00,2026-07-06T10:02:34.208921,2,2,154.25,0.3,154.1,150,153.9,108,,,,,,,,,,,,,,,,,154.4,108,154.6,150,,,,,,,,,,,,,,,,
2026-07-06T10:02:34.258622+00:00,2026-07-06T10:02:34.255881,2,2,154.25,0.3,154.1,158,153.9,100,,,,,,,,,,,,,,,,,154.4,108,154.6,150,,,,,,,,,,,,,,,,
2026-07-06T10:02:34.645222+00:00,2026-07-06T10:02:34.645349,2,2,154.25,0.3,154.1,108,153.9,100,,,,,,,,,,,,,,,,,154.4,108,154.6,150,,,,,,,,,,,,,,,,
2026-07-06T10:02:35.749942+00:00,2026-07-06T10:02:35.749860,1,2,154.25,0.3,154.1,108,,,,,,,,,,,,,,,,,,,154.4,8,154.6,150,,,,,,,,,,,,,,,,
2026-07-06T10:02:35.802209+00:00,2026-07-06T10:02:35.802132,2,2,154.25,0.3,154.1,108,154.0,100,,,,,,,,,,,,,,,,,154.4,8,154.6,150,,,,,,,,,,,,,,,,
2026-07-06T10:02:35.854851+00:00,2026-07-06T10:02:35.855034,2,3,154.25,0.3,154.1,108,154.0,100,,,,,,,,,,,,,,,,,154.4,8,154.5,100,154.6,150,,,,,,,,,,,,,,
2026-07-06T10:02:36.753119+00:00,2026-07-06T10:02:36.753071,2,3,154.25,0.3,154.1,58,154.0,100,,,,,,,,,,,,,,,,,154.4,8,154.5,100,154.6,150,,,,,,,,,,,,,,
2026-07-06T10:02:37.109660+00:00,2026-07-06T10:02:37.109634,2,3,154.25,0.3,154.1,12,154.0,100,,,,,,,,,,,,,,,,,154.4,8,154.5,100,154.6,150,,,,,,,,,,,,,,
2026-07-06T10:02:37.265168+00:00,2026-07-06T10:02:37.265044,2,2,154.25,0.3,154.1,8,154.0,100,,,,,,,,,,,,,,,,,154.4,8,154.5,100,,,,,,,,,,,,,,,,
2026-07-06T10:02:37.321291+00:00,2026-07-06T10:02:37.321236,3,2,154.25,0.3,154.1,8,154.0,100,153.8,150,,,,,,,,,,,,,,,154.4,8,154.5,100,,,,,,,,,,,,,,,,
2026-07-06T10:02:37.374270+00:00,2026-07-06T10:02:37.374168,3,3,154.2,0.2,154.1,8,154.0,100,153.8,150,,,,,,,,,,,,,,,154.3,150,154.4,8,154.5,100,,,,,,,,,,,,,,
2026-07-06T10:02:37.774472+00:00,2026-07-06T10:02:37.774394,2,3,154.15,0.3,154.0,100,153.8,150,,,,,,,,,,,,,,,,,154.3,150,154.4,8,154.5,100,,,,,,,,,,,,,,
2026-07-06T10:02:37.779465+00:00,2026-07-06T10:02:37.779592,3,2,154.15,0.3,154.0,100,153.9,8,153.8,150,,,,,,,,,,,,,,,154.3,150,154.5,100,,,,,,,,,,,,,,,,
2026-07-06T10:02:37.784670+00:00,2026-07-06T10:02:37.784765,3,2,154.15,0.3,154.0,100,153.9,8,153.8,150,,,,,,,,,,,,,,,154.3,158,154.5,100,,,,,,,,,,,,,,,,
2026-07-06T10:02:38.184482+00:00,2026-07-06T10:02:38.184666,3,2,154.15,0.3,154.0,56,153.9,8,153.8,150,,,,,,,,,,,,,,,154.3,158,154.5,100,,,,,,,,,,,,,,,,
2026-07-06T10:02:38.864893+00:00,2026-07-06T10:02:38.864869,3,2,154.15,0.3,154.0,6,153.9,8,153.8,150,,,,,,,,,,,,,,,154.3,158,154.5,100,,,,,,,,,,,,,,,,
2026-07-06T10:02:38.913588+00:00,2026-07-06T10:02:38.913740,2,1,154.1,0.4,153.9,8,153.8,150,,,,,,,,,,,,,,,,,154.3,158,,,,,,,,,,,,,,,,,,
2026-07-06T10:02:38.967873+00:00,2026-07-06T10:02:38.967795,3,1,154.1,0.4,153.9,8,153.8,150,153.6,100,,,,,,,,,,,,,,,154.3,158,,,,,,,,,,,,,,,,,,
2026-07-06T10:02:39.021673+00:00,2026-07-06T10:02:39.021646,3,2,154.0,0.2,153.9,8,153.8,150,153.6,100,,,,,,,,,,,,,,,154.1,100,154.3,158,,,,,,,,,,,,,,,,
2026-07-06T10:02:40.428229+00:00,2026-07-06T10:02:40.428364,2,2,154.0,0.2,153.9,8,153.6,100,,,,,,,,,,,,,,,,,154.1,100,154.3,8,,,,,,,,,,,,,,,,
2026-07-06T10:02:40.484414+00:00,2026-07-06T10:02:40.484303,2,2,154.0,0.2,153.9,8,153.6,250,,,,,,,,,,,,,,,,,154.1,100,154.3,8,,,,,,,,,,,,,,,,
2026-07-06T10:02:40.537570+00:00,2026-07-06T10:02:40.537664,2,2,154.0,0.2,153.9,8,153.6,250,,,,,,,,,,,,,,,,,154.1,250,154.3,8,,,,,,,,,,,,,,,,
2026-07-06T10:02:40.865190+00:00,2026-07-06T10:02:40.865130,2,2,154.0,0.2,153.9,8,153.6,250,,,,,,,,,,,,,,,,,154.1,203,154.3,8,,,,,,,,,,,,,,,,
2026-07-06T10:02:40.975096+00:00,2026-07-06T10:02:40.975307,1,2,153.85,0.5,153.6,208,,,,,,,,,,,,,,,,,,,154.1,203,154.3,8,,,,,,,,,,,,,,,,
2026-07-06T10:02:42.079367+00:00,2026-07-06T10:02:42.079340,1,2,153.85,0.5,153.6,150,,,,,,,,,,,,,,,,,,,154.1,150,154.3,8,,,,,,,,,,,,,,,,
2026-07-06T10:02:42.133238+00:00,2026-07-06T10:02:42.133124,1,2,153.85,0.5,153.6,250,,,,,,,,,,,,,,,,,,,154.1,150,154.3,8,,,,,,,,,,,,,,,,
2026-07-06T10:02:42.184771+00:00,2026-07-06T10:02:42.184701,1,2,153.85,0.5,153.6,250,,,,,,,,,,,,,,,,,,,154.1,250,154.3,8,,,,,,,,,,,,,,,,
2026-07-06T10:02:42.575407+00:00,2026-07-06T10:02:42.575339,1,2,153.85,0.5,153.6,250,,,,,,,,,,,,,,,,,,,154.1,203,154.3,8,,,,,,,,,,,,,,,,
2026-07-06T10:02:43.617079+00:00,2026-07-06T10:02:43.617048,1,2,153.85,0.5,153.6,100,,,,,,,,,,,,,,,,,,,154.1,100,154.3,8,,,,,,,,,,,,,,,,
2026-07-06T10:02:43.632708+00:00,2026-07-06T10:02:43.632649,1,2,153.85,0.5,153.6,100,,,,,,,,,,,,,,,,,,,154.1,95,154.3,8,,,,,,,,,,,,,,,,
2026-07-06T10:02:43.671105+00:00,2026-07-06T10:02:43.671072,2,2,153.85,0.5,153.6,100,153.5,150,,,,,,,,,,,,,,,,,154.1,95,154.3,8,,,,,,,,,,,,,,,,
2026-07-06T10:02:43.721401+00:00,2026-07-06T10:02:43.721374,2,3,153.8,0.4,153.6,100,153.5,150,,,,,,,,,,,,,,,,,154.0,150,154.1,95,154.3,8,,,,,,,,,,,,,,
2026-07-06T10:02:44.048278+00:00,2026-07-06T10:02:44.048426,2,3,153.8,0.4,153.6,54,153.5,150,,,,,,,,,,,,,,,,,154.0,150,154.1,95,154.3,8,,,,,,,,,,,,,,
2026-07-06T10:02:45.134295+00:00,2026-07-06T10:02:45.134216,2,3,153.8,0.4,153.6,54,153.5,150,,,,,,,,,,,,,,,,,154.0,100,154.1,95,154.3,8,,,,,,,,,,,,,,
2026-07-06T10:02:45.248738+00:00,2026-07-06T10:02:45.248629,1,2,153.75,0.5,153.5,150,,,,,,,,,,,,,,,,,,,154.0,100,154.3,8,,,,,,,,,,,,,,,,
2026-07-06T10:02:45.305942+00:00,2026-07-06T10:02:45.305876,2,2,153.75,0.5,153.5,150,153.1,100,,,,,,,,,,,,,,,,,154.0,100,154.3,8,,,,,,,,,,,,,,,,
2026-07-06T10:02:45.358589+00:00,2026-07-06T10:02:45.354522,2,3,153.55,0.1,153.5,150,153.1,100,,,,,,,,,,,,,,,,,153.6,100,154.0,100,154.3,8,,,,,,,,,,,,,,
2026-07-06T10:02:45.544855+00:00,2026-07-06T10:02:45.544790,2,2,153.55,0.1,153.5,150,153.1,100,,,,,,,,,,,,,,,,,153.6,100,154.0,100,,,,,,,,,,,,,,,,
2026-07-06T10:02:45.550213+00:00,2026-07-06T10:02:45.550052,2,2,153.55,0.1,153.5,150,153.1,100,,,,,,,,,,,,,,,,,153.6,100,154.0,108,,,,,,,,,,,,,,,,
2026-07-06T10:02:45.930660+00:00,2026-07-06T10:02:45.930525,2,2,153.55,0.1,153.5,150,153.1,100,,,,,,,,,,,,,,,,,153.6,52,154.0,108,,,,,,,,,,,,,,,,
2026-07-06T10:02:46.060696+00:00,2026-07-06T10:02:46.060536,2,2,153.55,0.1,153.5,150,153.1,100,,,,,,,,,,,,,,,,,153.6,52,154.0,100,,,,,,,,,,,,,,,,
2026-07-06T10:02:46.076388+00:00,2026-07-06T10:02:46.076247,2,3,153.55,0.1,153.5,150,153.1,100,,,,,,,,,,,,,,,,,153.6,52,153.8,8,154.0,100,,,,,,,,,,,,,,
2026-07-06T10:02:46.781062+00:00,2026-07-06T10:02:46.781209,1,2,153.35,0.5,153.1,100,,,,,,,,,,,,,,,,,,,153.6,52,153.8,8,,,,,,,,,,,,,,,,
2026-07-06T10:02:46.844401+00:00,2026-07-06T10:02:46.844358,2,1,153.35,0.5,153.1,100,153.0,150,,,,,,,,,,,,,,,,,153.6,52,,,,,,,,,,,,,,,,,,
2026-07-06T10:02:46.849444+00:00,2026-07-06T10:02:46.849532,2,1,153.35,0.5,153.1,100,153.0,150,,,,,,,,,,,,,,,,,153.6,60,,,,,,,,,,,,,,,,,,
2026-07-06T10:02:46.901576+00:00,2026-07-06T10:02:46.901533,2,2,153.3,0.4,153.1,100,153.0,150,,,,,,,,,,,,,,,,,153.5,150,153.6,60,,,,,,,,,,,,,,,,
2026-07-06T10:02:47.356287+00:00,2026-07-06T10:02:47.356168,2,3,153.25,0.3,153.1,100,153.0,150,,,,,,,,,,,,,,,,,153.4,8,153.5,150,153.6,52,,,,,,,,,,,,,,
2026-07-06T10:02:48.414444+00:00,2026-07-06T10:02:48.414358,1,2,153.2,0.4,153.0,150,,,,,,,,,,,,,,,,,,,153.4,8,153.5,150,,,,,,,,,,,,,,,,
2026-07-06T10:02:48.469819+00:00,2026-07-06T10:02:48.469770,2,2,153.2,0.4,153.0,150,152.7,100,,,,,,,,,,,,,,,,,153.4,8,153.5,150,,,,,,,,,,,,,,,,
2026-07-06T10:02:48.527218+00:00,2026-07-06T10:02:48.527113,2,3,153.1,0.2,153.0,150,152.7,100,,,,,,,,,,,,,,,,,153.2,100,153.4,8,153.5,150,,,,,,,,,,,,,,
2026-07-06T10:02:48.617225+00:00,2026-07-06T10:02:48.617070,2,2,153.1,0.2,153.0,150,152.7,100,,,,,,,,,,,,,,,,,153.2,100,153.5,150,,,,,,,,,,,,,,,,
2026-07-06T10:02:48.622367+00:00,2026-07-06T10:02:48.622287,2,3,153.1,0.2,153.0,150,152.7,100,,,,,,,,,,,,,,,,,153.2,100,153.3,8,153.5,150,,,,,,,,,,,,,,
2026-07-06T10:02:49.244397+00:00,2026-07-06T10:02:49.244332,2,3,153.1,0.2,153.0,150,152.7,100,,,,,,,,,,,,,,,,,153.2,50,153.3,8,153.5,150,,,,,,,,,,,,,,
2026-07-06T10:02:49.958648+00:00,2026-07-06T10:02:49.955361,1,2,152.95,0.5,152.7,100,,,,,,,,,,,,,,,,,,,153.2,3,153.3,8,,,,,,,,,,,,,,,,
2026-07-06T10:02:50.012261+00:00,2026-07-06T10:02:50.012407,2,2,153.15,0.1,153.1,150,152.7,100,,,,,,,,,,,,,,,,,153.2,3,153.3,8,,,,,,,,,,,,,,,,
2026-07-06T10:02:50.065753+00:00,2026-07-06T10:02:50.065691,2,3,153.15,0.1,153.1,150,152.7,100,,,,,,,,,,,,,,,,,153.2,3,153.3,8,153.5,150,,,,,,,,,,,,,,
2026-07-06T10:02:50.983400+00:00,2026-07-06T10:02:50.983228,2,3,153.15,0.1,153.1,105,152.7,100,,,,,,,,,,,,,,,,,153.2,3,153.3,8,153.5,150,,,,,,,,,,,,,,
2026-07-06T10:02:51.383810+00:00,2026-07-06T10:02:51.383776,2,3,153.15,0.1,153.1,105,152.7,100,,,,,,,,,,,,,,,,,153.2,3,153.4,8,153.5,150,,,,,,,,,,,,,,
2026-07-06T10:02:51.403471+00:00,2026-07-06T10:02:51.403350,2,3,153.15,0.1,153.1,55,152.7,100,,,,,,,,,,,,,,,,,153.2,3,153.4,8,153.5,150,,,,,,,,,,,,,,
