recv_time,book_timestamp,n_bids,n_asks,mid,spread,bid_px_0,bid_vol_0,bid_px_1,bid_vol_1,bid_px_2,bid_vol_2,bid_px_3,bid_vol_3,bid_px_4,bid_vol_4,bid_px_5,bid_vol_5,bid_px_6,bid_vol_6,bid_px_7,bid_vol_7,bid_px_8,bid_vol_8,bid_px_9,bid_vol_9,ask_px_0,ask_vol_0,ask_px_1,ask_vol_1,ask_px_2,ask_vol_2,ask_px_3,ask_vol_3,ask_px_4,ask_vol_4,ask_px_5,ask_vol_5,ask_px_6,ask_vol_6,ask_px_7,ask_vol_7,ask_px_8,ask_vol_8,ask_px_9,ask_vol_9
2026-07-01T20:00:00.299355+00:00,2026-07-01T20:00:00.278664,1,1,85.9,1.2,85.3,79,,,,,,,,,,,,,,,,,,,86.5,50,,,,,,,,,,,,,,,,,,
2026-07-01T20:00:00.396332+00:00,2026-07-01T20:00:00.396465,0,1,,,,,,,,,,,,,,,,,,,,,,,86.5,50,,,,,,,,,,,,,,,,,,
2026-07-01T20:00:00.484896+00:00,2026-07-01T20:00:00.461426,1,1,86.0,1.0,85.5,100,,,,,,,,,,,,,,,,,,,86.5,50,,,,,,,,,,,,,,,,,,
2026-07-01T20:00:00.589776+00:00,2026-07-01T20:00:00.533377,1,2,85.75,0.5,85.5,100,,,,,,,,,,,,,,,,,,,86.0,100,86.5,50,,,,,,,,,,,,,,,,
2026-07-01T20:00:01.121022+00:00,2026-07-01T20:00:01.091632,1,1,85.75,0.5,85.5,100,,,,,,,,,,,,,,,,,,,86.0,100,,,,,,,,,,,,,,,,,,
2026-07-01T20:00:01.145089+00:00,2026-07-01T20:00:01.144992,2,1,85.8,0.4,85.6,150,85.5,100,,,,,,,,,,,,,,,,,86.0,100,,,,,,,,,,,,,,,,,,
2026-07-01T20:00:01.197553+00:00,2026-07-01T20:00:01.197649,2,2,85.8,0.4,85.6,150,85.5,100,,,,,,,,,,,,,,,,,86.0,100,86.1,150,,,,,,,,,,,,,,,,
2026-07-01T20:00:02.290258+00:00,2026-07-01T20:00:02.290180,2,2,85.8,0.4,85.6,150,85.5,100,,,,,,,,,,,,,,,,,86.0,52,86.1,150,,,,,,,,,,,,,,,,
2026-07-01T20:00:02.386599+00:00,2026-07-01T20:00:02.386549,2,2,85.8,0.4,85.6,150,85.5,100,,,,,,,,,,,,,,,,,86.0,2,86.1,150,,,,,,,,,,,,,,,,
2026-07-01T20:00:02.487123+00:00,2026-07-01T20:00:02.468108,2,2,85.8,0.4,85.6,155,85.5,100,,,,,,,,,,,,,,,,,86.0,2,86.1,150,,,,,,,,,,,,,,,,
2026-07-01T20:00:02.858720+00:00,2026-07-01T20:00:02.848898,2,1,85.85,0.5,85.6,155,85.5,100,,,,,,,,,,,,,,,,,86.1,103,,,,,,,,,,,,,,,,,,
2026-07-01T20:00:03.084075+00:00,2026-07-01T20:00:03.084163,2,2,85.8,0.4,85.6,155,85.5,100,,,,,,,,,,,,,,,,,86.0,1,86.1,103,,,,,,,,,,,,,,,,
2026-07-01T20:00:03.590519+00:00,2026-07-01T20:00:03.590489,1,2,85.8,0.4,85.6,155,,,,,,,,,,,,,,,,,,,86.0,1,86.1,103,,,,,,,,,,,,,,,,
2026-07-01T20:00:03.643768+00:00,2026-07-01T20:00:03.643857,2,2,85.95,0.1,85.9,100,85.6,155,,,,,,,,,,,,,,,,,86.0,1,86.1,103,,,,,,,,,,,,,,,,
2026-07-01T20:00:03.696866+00:00,2026-07-01T20:00:03.696812,2,3,85.95,0.1,85.9,100,85.6,155,,,,,,,,,,,,,,,,,86.0,1,86.1,103,86.4,100,,,,,,,,,,,,,,
2026-07-01T20:00:03.944509+00:00,2026-07-01T20:00:03.944644,2,3,85.95,0.1,85.9,53,85.6,155,,,,,,,,,,,,,,,,,86.0,1,86.1,103,86.4,100,,,,,,,,,,,,,,
2026-07-01T20:00:04.084423+00:00,2026-07-01T20:00:04.084550,2,3,85.95,0.1,85.9,53,85.6,154,,,,,,,,,,,,,,,,,86.0,1,86.1,103,86.4,100,,,,,,,,,,,,,,
2026-07-01T20:00:04.248265+00:00,2026-07-01T20:00:04.248174,2,2,85.95,0.1,85.9,53,85.6,154,,,,,,,,,,,,,,,,,86.0,1,86.4,100,,,,,,,,,,,,,,,,
2026-07-01T20:00:04.258548+00:00,2026-07-01T20:00:04.253363,2,2,85.95,0.1,85.9,53,85.6,4,,,,,,,,,,,,,,,,,86.0,1,86.4,100,,,,,,,,,,,,,,,,
2026-07-01T20:00:04.301499+00:00,2026-07-01T20:00:04.301442,3,2,85.95,0.1,85.9,53,85.8,150,85.6,4,,,,,,,,,,,,,,,86.0,1,86.4,100,,,,,,,,,,,,,,,,
2026-07-01T20:00:04.358532+00:00,2026-07-01T20:00:04.348253,3,3,85.95,0.1,85.9,53,85.8,150,85.6,4,,,,,,,,,,,,,,,86.0,1,86.3,150,86.4,100,,,,,,,,,,,,,,
2026-07-01T20:00:04.496361+00:00,2026-07-01T20:00:04.496231,3,2,86.1,0.4,85.9,53,85.8,150,85.6,4,,,,,,,,,,,,,,,86.3,101,86.4,100,,,,,,,,,,,,,,,,
2026-07-01T20:00:04.617472+00:00,2026-07-01T20:00:04.617413,3,3,85.95,0.1,85.9,53,85.8,150,85.6,4,,,,,,,,,,,,,,,86.0,1,86.3,101,86.4,100,,,,,,,,,,,,,,
2026-07-01T20:00:05.558665+00:00,2026-07-01T20:00:05.555544,3,2,86.1,0.4,85.9,53,85.8,150,85.6,4,,,,,,,,,,,,,,,86.3,101,86.4,100,,,,,,,,,,,,,,,,
2026-07-01T20:00:05.573986+00:00,2026-07-01T20:00:05.574122,3,3,85.95,0.1,85.9,53,85.8,150,85.6,4,,,,,,,,,,,,,,,86.0,1,86.3,101,86.4,100,,,,,,,,,,,,,,
2026-07-01T20:00:05.654255+00:00,2026-07-01T20:00:05.653401,3,2,86.1,0.4,85.9,53,85.8,150,85.6,4,,,,,,,,,,,,,,,86.3,101,86.4,100,,,,,,,,,,,,,,,,
2026-07-01T20:00:06.609452+00:00,2026-07-01T20:00:06.609307,3,2,86.1,0.4,85.9,53,85.8,150,85.6,4,,,,,,,,,,,,,,,86.3,51,86.4,100,,,,,,,,,,,,,,,,
2026-07-01T20:00:06.749344+00:00,2026-07-01T20:00:06.749254,2,1,86.05,0.5,85.8,150,85.6,4,,,,,,,,,,,,,,,,,86.3,51,,,,,,,,,,,,,,,,,,
2026-07-01T20:00:06.802858+00:00,2026-07-01T20:00:06.802805,3,1,86.15,0.3,86.0,100,85.8,150,85.6,4,,,,,,,,,,,,,,,86.3,51,,,,,,,,,,,,,,,,,,
2026-07-01T20:00:06.863912+00:00,2026-07-01T20:00:06.863828,2,2,86.15,0.3,86.0,100,85.8,155,,,,,,,,,,,,,,,,,86.3,51,86.5,100,,,,,,,,,,,,,,,,
2026-07-01T20:00:07.170706+00:00,2026-07-01T20:00:07.170597,2,2,86.15,0.3,86.0,100,85.8,155,,,,,,,,,,,,,,,,,86.3,4,86.5,100,,,,,,,,,,,,,,,,
2026-07-01T20:00:07.408447+00:00,2026-07-01T20:00:07.408386,2,1,86.25,0.5,86.0,100,85.8,5,,,,,,,,,,,,,,,,,86.5,100,,,,,,,,,,,,,,,,,,
2026-07-01T20:00:07.458627+00:00,2026-07-01T20:00:07.456932,3,0,,,86.7,50,86.0,100,85.8,5,,,,,,,,,,,,,,,,,,,,,,,,,,,,,,,,,,
2026-07-01T20:00:07.525346+00:00,2026-07-01T20:00:07.519673,3,1,86.95,0.5,86.7,49,86.0,100,85.8,5,,,,,,,,,,,,,,,87.2,150,,,,,,,,,,,,,,,,,,
2026-07-01T20:00:07.535091+00:00,2026-07-01T20:00:07.529173,3,1,86.95,0.5,86.7,27,86.0,100,85.8,5,,,,,,,,,,,,,,,87.2,150,,,,,,,,,,,,,,,,,,
2026-07-01T20:00:07.610431+00:00,2026-07-01T20:00:07.610625,3,1,86.95,0.5,86.7,26,86.0,100,85.8,5,,,,,,,,,,,,,,,87.2,150,,,,,,,,,,,,,,,,,,
2026-07-01T20:00:07.620356+00:00,2026-07-01T20:00:07.614521,3,1,86.95,0.5,86.7,24,86.0,100,85.8,5,,,,,,,,,,,,,,,87.2,150,,,,,,,,,,,,,,,,,,
2026-07-01T20:00:07.647034+00:00,2026-07-01T20:00:07.646885,3,1,86.95,0.5,86.7,23,86.0,100,85.8,5,,,,,,,,,,,,,,,87.2,150,,,,,,,,,,,,,,,,,,
2026-07-01T20:00:07.668282+00:00,2026-07-01T20:00:07.662392,3,1,86.95,0.5,86.7,21,86.0,100,85.8,5,,,,,,,,,,,,,,,87.2,150,,,,,,,,,,,,,,,,,,
2026-07-01T20:00:07.743636+00:00,2026-07-01T20:00:07.734626,3,1,86.95,0.5,86.7,19,86.0,100,85.8,5,,,,,,,,,,,,,,,87.2,150,,,,,,,,,,,,,,,,,,
2026-07-01T20:00:07.844793+00:00,2026-07-01T20:00:07.839040,3,1,86.95,0.5,86.7,12,86.0,100,85.8,5,,,,,,,,,,,,,,,87.2,150,,,,,,,,,,,,,,,,,,
2026-07-01T20:00:08.059346+00:00,2026-07-01T20:00:08.053851,3,1,86.95,0.5,86.7,11,86.0,100,85.8,5,,,,,,,,,,,,,,,87.2,150,,,,,,,,,,,,,,,,,,
2026-07-01T20:00:08.229919+00:00,2026-07-01T20:00:08.217227,3,1,86.95,0.5,86.7,10,86.0,100,85.8,5,,,,,,,,,,,,,,,87.2,150,,,,,,,,,,,,,,,,,,
2026-07-01T20:00:08.239163+00:00,2026-07-01T20:00:08.236116,3,1,86.95,0.5,86.7,9,86.0,100,85.8,5,,,,,,,,,,,,,,,87.2,150,,,,,,,,,,,,,,,,,,
2026-07-01T20:00:08.767396+00:00,2026-07-01T20:00:08.767266,2,1,86.6,1.2,86.0,59,85.8,5,,,,,,,,,,,,,,,,,87.2,150,,,,,,,,,,,,,,,,,,
2026-07-01T20:00:09.915298+00:00,2026-07-01T20:00:09.915264,1,1,86.5,1.4,85.8,5,,,,,,,,,,,,,,,,,,,87.2,150,,,,,,,,,,,,,,,,,,
2026-07-01T20:00:09.970046+00:00,2026-07-01T20:00:09.969938,2,1,86.65,1.1,86.1,100,85.8,5,,,,,,,,,,,,,,,,,87.2,150,,,,,,,,,,,,,,,,,,
2026-07-01T20:00:10.020268+00:00,2026-07-01T20:00:10.020190,2,2,86.35,0.5,86.1,100,85.8,5,,,,,,,,,,,,,,,,,86.6,100,87.2,150,,,,,,,,,,,,,,,,
2026-07-01T20:00:10.471881+00:00,2026-07-01T20:00:10.463370,2,2,86.35,0.5,86.1,100,85.8,5,,,,,,,,,,,,,,,,,86.6,85,87.2,150,,,,,,,,,,,,,,,,
2026-07-01T20:00:10.569692+00:00,2026-07-01T20:00:10.569595,2,1,86.35,0.5,86.1,100,85.8,5,,,,,,,,,,,,,,,,,86.6,85,,,,,,,,,,,,,,,,,,
2026-07-01T20:00:10.624050+00:00,2026-07-01T20:00:10.623937,3,1,86.4,0.4,86.2,150,86.1,100,85.8,5,,,,,,,,,,,,,,,86.6,85,,,,,,,,,,,,,,,,,,
2026-07-01T20:00:10.672408+00:00,2026-07-01T20:00:10.672313,2,1,86.4,0.4,86.2,150,86.1,100,,,,,,,,,,,,,,,,,86.6,85,,,,,,,,,,,,,,,,,,
2026-07-01T20:00:10.677580+00:00,2026-07-01T20:00:10.677507,2,2,86.4,0.4,86.2,150,86.1,100,,,,,,,,,,,,,,,,,86.6,85,86.7,150,,,,,,,,,,,,,,,,
2026-07-01T20:00:11.590184+00:00,2026-07-01T20:00:11.590085,3,2,86.4,0.4,86.2,150,86.1,100,86.0,6,,,,,,,,,,,,,,,86.6,85,86.7,150,,,,,,,,,,,,,,,,
2026-07-01T20:00:12.323483+00:00,2026-07-01T20:00:12.323381,3,2,86.4,0.4,86.2,101,86.1,100,86.0,6,,,,,,,,,,,,,,,86.6,85,86.7,150,,,,,,,,,,,,,,,,
2026-07-01T20:00:12.415405+00:00,2026-07-01T20:00:12.415344,3,2,86.4,0.4,86.2,101,86.1,100,86.0,5,,,,,,,,,,,,,,,86.6,85,86.7,150,,,,,,,,,,,,,,,,
2026-07-01T20:00:12.971015+00:00,2026-07-01T20:00:12.970950,3,2,86.4,0.4,86.2,55,86.1,100,86.0,5,,,,,,,,,,,,,,,86.6,85,86.7,150,,,,,,,,,,,,,,,,
2026-07-01T20:00:13.070367+00:00,2026-07-01T20:00:13.067529,2,1,86.45,0.5,86.2,55,86.0,5,,,,,,,,,,,,,,,,,86.7,150,,,,,,,,,,,,,,,,,,
2026-07-01T20:00:13.130344+00:00,2026-07-01T20:00:13.130233,2,1,86.45,0.5,86.2,55,86.0,105,,,,,,,,,,,,,,,,,86.7,150,,,,,,,,,,,,,,,,,,
2026-07-01T20:00:13.182089+00:00,2026-07-01T20:00:13.182024,2,2,86.35,0.3,86.2,55,86.0,105,,,,,,,,,,,,,,,,,86.5,100,86.7,150,,,,,,,,,,,,,,,,
2026-07-01T20:00:13.732423+00:00,2026-07-01T20:00:13.732304,1,1,86.25,0.5,86.0,105,,,,,,,,,,,,,,,,,,,86.5,100,,,,,,,,,,,,,,,,,,
2026-07-01T20:00:13.800648+00:00,2026-07-01T20:00:13.800497,2,1,86.25,0.5,86.0,105,85.5,150,,,,,,,,,,,,,,,,,86.5,100,,,,,,,,,,,,,,,,,,
2026-07-01T20:00:13.878919+00:00,2026-07-01T20:00:13.872913,1,2,85.75,0.5,85.5,150,,,,,,,,,,,,,,,,,,,86.0,11,86.5,100,,,,,,,,,,,,,,,,
2026-07-01T20:00:14.553565+00:00,2026-07-01T20:00:14.553691,1,1,86.0,1.0,85.5,150,,,,,,,,,,,,,,,,,,,86.5,63,,,,,,,,,,,,,,,,,,
2026-07-01T20:00:15.085715+00:00,2026-07-01T20:00:15.085806,1,1,86.0,1.0,85.5,100,,,,,,,,,,,,,,,,,,,86.5,63,,,,,,,,,,,,,,,,,,
2026-07-01T20:00:15.524197+00:00,2026-07-01T20:00:15.524371,1,1,86.0,1.0,85.5,57,,,,,,,,,,,,,,,,,,,86.5,63,,,,,,,,,,,,,,,,,,
2026-07-01T20:00:16.237424+00:00,2026-07-01T20:00:16.237382,1,0,,,85.5,57,,,,,,,,,,,,,,,,,,,,,,,,,,,,,,,,,,,,,,
2026-07-01T20:00:16.286026+00:00,2026-07-01T20:00:16.285947,2,0,,,85.9,100,85.5,57,,,,,,,,,,,,,,,,,,,,,,,,,,,,,,,,,,,,
2026-07-01T20:00:16.342829+00:00,2026-07-01T20:00:16.342717,2,1,86.15,0.5,85.9,100,85.5,57,,,,,,,,,,,,,,,,,86.4,100,,,,,,,,,,,,,,,,,,
2026-07-01T20:00:16.910162+00:00,2026-07-01T20:00:16.910244,1,1,86.15,0.5,85.9,100,,,,,,,,,,,,,,,,,,,86.4,100,,,,,,,,,,,,,,,,,,
2026-07-01T20:00:16.958582+00:00,2026-07-01T20:00:16.955120,2,1,86.15,0.5,85.9,100,85.8,150,,,,,,,,,,,,,,,,,86.4,100,,,,,,,,,,,,,,,,,,
2026-07-01T20:00:17.018884+00:00,2026-07-01T20:00:17.018810,2,2,86.1,0.4,85.9,100,85.8,150,,,,,,,,,,,,,,,,,86.3,150,86.4,100,,,,,,,,,,,,,,,,
2026-07-01T20:00:17.188505+00:00,2026-07-01T20:00:17.188761,2,2,86.1,0.4,85.9,50,85.8,150,,,,,,,,,,,,,,,,,86.3,150,86.4,100,,,,,,,,,,,,,,,,
2026-07-01T20:00:19.264419+00:00,2026-07-01T20:00:19.264226,2,2,86.1,0.4,85.9,50,85.8,150,,,,,,,,,,,,,,,,,86.3,100,86.4,100,,,,,,,,,,,,,,,,
2026-07-01T20:00:19.397453+00:00,2026-07-01T20:00:19.397401,1,1,86.05,0.5,85.8,150,,,,,,,,,,,,,,,,,,,86.3,100,,,,,,,,,,,,,,,,,,
2026-07-01T20:00:19.458547+00:00,2026-07-01T20:00:19.441198,2,1,86.05,0.5,85.8,150,85.7,100,,,,,,,,,,,,,,,,,86.3,100,,,,,,,,,,,,,,,,,,
2026-07-01T20:00:19.503942+00:00,2026-07-01T20:00:19.504078,2,2,86.0,0.4,85.8,150,85.7,100,,,,,,,,,,,,,,,,,86.2,100,86.3,100,,,,,,,,,,,,,,,,
2026-07-01T20:00:20.071214+00:00,2026-07-01T20:00:20.071124,2,1,86.0,0.4,85.8,150,85.7,100,,,,,,,,,,,,,,,,,86.2,100,,,,,,,,,,,,,,,,,,
2026-07-01T20:00:20.076369+00:00,2026-07-01T20:00:20.076314,1,1,85.95,0.5,85.7,100,,,,,,,,,,,,,,,,,,,86.2,100,,,,,,,,,,,,,,,,,,
2026-07-01T20:00:20.124887+00:00,2026-07-01T20:00:20.125083,2,1,86.0,0.4,85.8,150,85.7,100,,,,,,,,,,,,,,,,,86.2,100,,,,,,,,,,,,,,,,,,
2026-07-01T20:00:20.177511+00:00,2026-07-01T20:00:20.177436,2,2,86.0,0.4,85.8,150,85.7,100,,,,,,,,,,,,,,,,,86.2,100,86.3,150,,,,,,,,,,,,,,,,
2026-07-01T20:00:20.613417+00:00,2026-07-01T20:00:20.613217,2,2,86.0,0.4,85.8,110,85.7,100,,,,,,,,,,,,,,,,,86.2,100,86.3,150,,,,,,,,,,,,,,,,
2026-07-01T20:00:21.171834+00:00,2026-07-01T20:00:21.171797,2,2,86.0,0.4,85.8,110,85.7,100,,,,,,,,,,,,,,,,,86.2,58,86.3,150,,,,,,,,,,,,,,,,
2026-07-01T20:00:21.352161+00:00,2026-07-01T20:00:21.352361,2,2,86.0,0.4,85.8,110,85.7,100,,,,,,,,,,,,,,,,,86.2,8,86.3,150,,,,,,,,,,,,,,,,
2026-07-01T20:00:21.694426+00:00,2026-07-01T20:00:21.694305,2,2,86.0,0.4,85.8,66,85.7,100,,,,,,,,,,,,,,,,,86.2,8,86.3,150,,,,,,,,,,,,,,,,
2026-07-01T20:00:21.799812+00:00,2026-07-01T20:00:21.792563,2,2,86.0,0.4,85.8,66,85.7,100,,,,,,,,,,,,,,,,,86.2,8,86.3,150,,,,,,,,,,,,,,,,
2026-07-01T20:00:22.553601+00:00,2026-07-01T20:00:22.553780,1,1,86.05,0.5,85.8,66,,,,,,,,,,,,,,,,,,,86.3,150,,,,,,,,,,,,,,,,,,
2026-07-01T20:00:22.617163+00:00,2026-07-01T20:00:22.617055,2,1,86.1,0.4,85.9,100,85.8,66,,,,,,,,,,,,,,,,,86.3,150,,,,,,,,,,,,,,,,,,
2026-07-01T20:00:22.669062+00:00,2026-07-01T20:00:22.669026,2,2,86.1,0.4,85.9,100,85.8,66,,,,,,,,,,,,,,,,,86.3,150,86.4,100,,,,,,,,,,,,,,,,
2026-07-01T20:00:23.232453+00:00,2026-07-01T20:00:23.232413,2,1,86.15,0.5,85.9,100,85.8,66,,,,,,,,,,,,,,,,,86.4,100,,,,,,,,,,,,,,,,,,
2026-07-01T20:00:23.237719+00:00,2026-07-01T20:00:23.237597,1,1,86.15,0.5,85.9,100,,,,,,,,,,,,,,,,,,,86.4,100,,,,,,,,,,,,,,,,,,
2026-07-01T20:00:23.290839+00:00,2026-07-01T20:00:23.290779,2,1,86.15,0.5,85.9,100,85.6,150,,,,,,,,,,,,,,,,,86.4,100,,,,,,,,,,,,,,,,,,
2026-07-01T20:00:23.342735+00:00,2026-07-01T20:00:23.342845,2,2,86.0,0.2,85.9,100,85.6,150,,,,,,,,,,,,,,,,,86.1,150,86.4,100,,,,,,,,,,,,,,,,
2026-07-01T20:00:23.458703+00:00,2026-07-01T20:00:23.458666,2,2,86.0,0.2,85.9,100,85.6,150,,,,,,,,,,,,,,,,,86.1,100,86.4,100,,,,,,,,,,,,,,,,
2026-07-01T20:00:24.893793+00:00,2026-07-01T20:00:24.888473,2,2,86.0,0.2,85.9,100,85.6,150,,,,,,,,,,,,,,,,,86.1,95,86.4,100,,,,,,,,,,,,,,,,
2026-07-01T20:00:25.578915+00:00,2026-07-01T20:00:25.578818,2,2,86.0,0.2,85.9,100,85.6,150,,,,,,,,,,,,,,,,,86.1,45,86.4,100,,,,,,,,,,,,,,,,
2026-07-01T20:00:25.723079+00:00,2026-07-01T20:00:25.723014,1,1,85.85,0.5,85.6,150,,,,,,,,,,,,,,,,,,,86.1,45,,,,,,,,,,,,,,,,,,
2026-07-01T20:00:25.777537+00:00,2026-07-01T20:00:25.777405,2,0,,,86.1,55,85.6,150,,,,,,,,,,,,,,,,,,,,,,,,,,,,,,,,,,,,
2026-07-01T20:00:25.828597+00:00,2026-07-01T20:00:25.828756,2,1,86.35,0.5,86.1,55,85.6,150,,,,,,,,,,,,,,,,,86.6,100,,,,,,,,,,,,,,,,,,
2026-07-01T20:00:26.397812+00:00,2026-07-01T20:00:26.397787,1,1,86.35,0.5,86.1,55,,,,,,,,,,,,,,,,,,,86.6,100,,,,,,,,,,,,,,,,,,
2026-07-01T20:00:26.458813+00:00,2026-07-01T20:00:26.458674,1,1,86.35,0.5,86.1,205,,,,,,,,,,,,,,,,,,,86.6,100,,,,,,,,,,,,,,,,,,
2026-07-01T20:00:26.502087+00:00,2026-07-01T20:00:26.502064,1,1,86.35,0.5,86.1,205,,,,,,,,,,,,,,,,,,,86.6,250,,,,,,,,,,,,,,,,,,
2026-07-01T20:00:27.113214+00:00,2026-07-01T20:00:27.113142,2,1,86.35,0.5,86.1,205,86.0,6,,,,,,,,,,,,,,,,,86.6,250,,,,,,,,,,,,,,,,,,
2026-07-01T20:00:27.633156+00:00,2026-07-01T20:00:27.633003,2,1,86.35,0.5,86.1,205,86.0,5,,,,,,,,,,,,,,,,,86.6,250,,,,,,,,,,,,,,,,,,
2026-07-01T20:00:27.698064+00:00,2026-07-01T20:00:27.697966,2,1,86.35,0.5,86.1,205,86.0,5,,,,,,,,,,,,,,,,,86.6,204,,,,,,,,,,,,,,,,,,
2026-07-01T20:00:27.758692+00:00,2026-07-01T20:00:27.746727,2,1,86.35,0.5,86.1,155,86.0,5,,,,,,,,,,,,,,,,,86.6,204,,,,,,,,,,,,,,,,,,
2026-07-01T20:00:28.676296+00:00,2026-07-01T20:00:28.676205,2,2,86.2,0.2,86.1,155,86.0,5,,,,,,,,,,,,,,,,,86.3,1,86.6,204,,,,,,,,,,,,,,,,
2026-07-01T20:00:28.898782+00:00,2026-07-01T20:00:28.898670,2,2,86.2,0.2,86.1,150,86.0,5,,,,,,,,,,,,,,,,,86.3,1,86.6,150,,,,,,,,,,,,,,,,
2026-07-01T20:00:28.958834+00:00,2026-07-01T20:00:28.958753,2,2,86.2,0.2,86.1,150,86.0,105,,,,,,,,,,,,,,,,,86.3,1,86.6,150,,,,,,,,,,,,,,,,
2026-07-01T20:00:29.008443+00:00,2026-07-01T20:00:29.008366,2,3,86.2,0.2,86.1,150,86.0,105,,,,,,,,,,,,,,,,,86.3,1,86.5,100,86.6,150,,,,,,,,,,,,,,
2026-07-01T20:00:29.564144+00:00,2026-07-01T20:00:29.564065,1,2,86.15,0.3,86.0,105,,,,,,,,,,,,,,,,,,,86.3,1,86.5,100,,,,,,,,,,,,,,,,
2026-07-01T20:00:29.635032+00:00,2026-07-01T20:00:29.625258,2,1,86.45,0.1,86.4,138,86.0,105,,,,,,,,,,,,,,,,,86.5,100,,,,,,,,,,,,,,,,,,
2026-07-01T20:00:29.666120+00:00,2026-07-01T20:00:29.666078,2,2,86.45,0.1,86.4,138,86.0,105,,,,,,,,,,,,,,,,,86.5,100,86.9,150,,,,,,,,,,,,,,,,
2026-07-01T20:00:29.697062+00:00,2026-07-01T20:00:29.696953,2,2,86.45,0.1,86.4,137,86.0,105,,,,,,,,,,,,,,,,,86.5,100,86.9,150,,,,,,,,,,,,,,,,
2026-07-01T20:00:29.807738+00:00,2026-07-01T20:00:29.807693,2,2,86.45,0.1,86.4,137,86.0,105,,,,,,,,,,,,,,,,,86.5,50,86.9,150,,,,,,,,,,,,,,,,
2026-07-01T20:00:30.147832+00:00,2026-07-01T20:00:30.142181,2,2,86.45,0.1,86.4,125,86.0,105,,,,,,,,,,,,,,,,,86.5,50,86.9,150,,,,,,,,,,,,,,,,
2026-07-01T20:00:31.958591+00:00,2026-07-01T20:00:31.941125,2,1,86.65,0.5,86.4,125,86.0,105,,,,,,,,,,,,,,,,,86.9,150,,,,,,,,,,,,,,,,,,
2026-07-01T20:00:32.064171+00:00,2026-07-01T20:00:32.064078,1,1,86.65,0.5,86.4,125,,,,,,,,,,,,,,,,,,,86.9,150,,,,,,,,,,,,,,,,,,
2026-07-01T20:00:32.069456+00:00,2026-07-01T20:00:32.069352,2,1,86.65,0.5,86.4,125,86.2,5,,,,,,,,,,,,,,,,,86.9,150,,,,,,,,,,,,,,,,,,
2026-07-01T20:00:32.115229+00:00,2026-07-01T20:00:32.115171,3,1,86.65,0.5,86.4,125,86.3,100,86.2,5,,,,,,,,,,,,,,,86.9,150,,,,,,,,,,,,,,,,,,
2026-07-01T20:00:32.168951+00:00,2026-07-01T20:00:32.168869,3,2,86.6,0.4,86.4,125,86.3,100,86.2,5,,,,,,,,,,,,,,,86.8,100,86.9,150,,,,,,,,,,,,,,,,
2026-07-01T20:00:32.720444+00:00,2026-07-01T20:00:32.720333,2,1,86.55,0.5,86.3,100,86.2,5,,,,,,,,,,,,,,,,,86.8,100,,,,,,,,,,,,,,,,,,
2026-07-01T20:00:32.775261+00:00,2026-07-01T20:00:32.775197,2,1,86.55,0.5,86.3,100,86.2,155,,,,,,,,,,,,,,,,,86.8,100,,,,,,,,,,,,,,,,,,
2026-07-01T20:00:32.827966+00:00,2026-07-01T20:00:32.828068,2,2,86.5,0.4,86.3,100,86.2,155,,,,,,,,,,,,,,,,,86.7,150,86.8,100,,,,,,,,,,,,,,,,
2026-07-01T20:00:33.919523+00:00,2026-07-01T20:00:33.919372,2,2,86.5,0.4,86.3,100,86.2,155,,,,,,,,,,,,,,,,,86.7,108,86.8,100,,,,,,,,,,,,,,,,
2026-07-01T20:00:34.058641+00:00,2026-07-01T20:00:34.040158,2,2,86.5,0.4,86.3,100,86.2,155,,,,,,,,,,,,,,,,,86.7,58,86.8,100,,,,,,,,,,,,,,,,
2026-07-01T20:00:35.224816+00:00,2026-07-01T20:00:35.224727,1,1,86.45,0.5,86.2,155,,,,,,,,,,,,,,,,,,,86.7,58,,,,,,,,,,,,,,,,,,
2026-07-01T20:00:35.280509+00:00,2026-07-01T20:00:35.280164,1,1,86.45,0.5,86.2,255,,,,,,,,,,,,,,,,,,,86.7,58,,,,,,,,,,,,,,,,,,
2026-07-01T20:00:35.335483+00:00,2026-07-01T20:00:35.335389,1,1,86.45,0.5,86.2,255,,,,,,,,,,,,,,,,,,,86.7,158,,,,,,,,,,,,,,,,,,
2026-07-01T20:00:35.882454+00:00,2026-07-01T20:00:35.882410,1,1,86.45,0.5,86.2,105,,,,,,,,,,,,,,,,,,,86.7,100,,,,,,,,,,,,,,,,,,
2026-07-01T20:00:35.946105+00:00,2026-07-01T20:00:35.940268,2,1,86.65,0.1,86.6,127,86.2,105,,,,,,,,,,,,,,,,,86.7,100,,,,,,,,,,,,,,,,,,
2026-07-01T20:00:35.989849+00:00,2026-07-01T20:00:35.989804,2,2,86.65,0.1,86.6,127,86.2,105,,,,,,,,,,,,,,,,,86.7,100,87.1,150,,,,,,,,,,,,,,,,
2026-07-01T20:00:36.158572+00:00,2026-07-01T20:00:36.144518,2,2,86.65,0.1,86.6,127,86.2,105,,,,,,,,,,,,,,,,,86.7,50,87.1,150,,,,,,,,,,,,,,,,
2026-07-01T20:00:38.188450+00:00,2026-07-01T20:00:38.188282,2,2,86.65,0.1,86.6,85,86.2,105,,,,,,,,,,,,,,,,,86.7,50,87.1,150,,,,,,,,,,,,,,,,
2026-07-01T20:00:38.264006+00:00,2026-07-01T20:00:38.263908,2,1,86.85,0.5,86.6,85,86.2,105,,,,,,,,,,,,,,,,,87.1,150,,,,,,,,,,,,,,,,,,
2026-07-01T20:00:38.387784+00:00,2026-07-01T20:00:38.387682,2,1,86.85,0.5,86.6,85,86.2,5,,,,,,,,,,,,,,,,,87.1,150,,,,,,,,,,,,,,,,,,
2026-07-01T20:00:38.443137+00:00,2026-07-01T20:00:38.443040,2,1,86.85,0.5,86.6,185,86.2,5,,,,,,,,,,,,,,,,,87.1,150,,,,,,,,,,,,,,,,,,
2026-07-01T20:00:38.496087+00:00,2026-07-01T20:00:38.496031,2,1,86.85,0.5,86.6,185,86.2,5,,,,,,,,,,,,,,,,,87.1,250,,,,,,,,,,,,,,,,,,
2026-07-01T20:00:39.043599+00:00,2026-07-01T20:00:39.043824,2,1,86.85,0.5,86.6,185,86.2,5,,,,,,,,,,,,,,,,,87.1,100,,,,,,,,,,,,,,,,,,
2026-07-01T20:00:39.049140+00:00,2026-07-01T20:00:39.049081,2,1,86.85,0.5,86.6,100,86.2,5,,,,,,,,,,,,,,,,,87.1,100,,,,,,,,,,,,,,,,,,
2026-07-01T20:00:39.102320+00:00,2026-07-01T20:00:39.102241,3,1,86.85,0.5,86.6,100,86.4,150,86.2,5,,,,,,,,,,,,,,,87.1,100,,,,,,,,,,,,,,,,,,
2026-07-01T20:00:39.143312+00:00,2026-07-01T20:00:39.143228,2,1,86.85,0.5,86.6,100,86.4,150,,,,,,,,,,,,,,,,,87.1,100,,,,,,,,,,,,,,,,,,
2026-07-01T20:00:39.158630+00:00,2026-07-01T20:00:39.148562,2,2,86.75,0.3,86.6,100,86.4,150,,,,,,,,,,,,,,,,,86.9,150,87.1,100,,,,,,,,,,,,,,,,
2026-07-01T20:00:40.369076+00:00,2026-07-01T20:00:40.369047,2,2,86.75,0.3,86.6,100,86.4,150,,,,,,,,,,,,,,,,,86.9,100,87.1,100,,,,,,,,,,,,,,,,
2026-07-01T20:00:41.158625+00:00,2026-07-01T20:00:41.154167,2,2,86.75,0.3,86.6,100,86.4,155,,,,,,,,,,,,,,,,,86.9,100,87.1,100,,,,,,,,,,,,,,,,
2026-07-01T20:00:41.545117+00:00,2026-07-01T20:00:41.545027,2,1,86.75,0.3,86.6,100,86.4,155,,,,,,,,,,,,,,,,,86.9,100,,,,,,,,,,,,,,,,,,
2026-07-01T20:00:41.550327+00:00,2026-07-01T20:00:41.550207,1,1,86.65,0.5,86.4,155,,,,,,,,,,,,,,,,,,,86.9,100,,,,,,,,,,,,,,,,,,
2026-07-01T20:00:41.619826+00:00,2026-07-01T20:00:41.619684,1,0,,,86.4,155,,,,,,,,,,,,,,,,,,,,,,,,,,,,,,,,,,,,,,
2026-07-01T20:00:41.673598+00:00,2026-07-01T20:00:41.673538,1,1,86.95,1.1,86.4,155,,,,,,,,,,,,,,,,,,,87.5,100,,,,,,,,,,,,,,,,,,
2026-07-01T20:00:42.235718+00:00,2026-07-01T20:00:42.235561,1,1,86.95,1.1,86.4,5,,,,,,,,,,,,,,,,,,,87.5,100,,,,,,,,,,,,,,,,,,
2026-07-01T20:00:42.307698+00:00,2026-07-01T20:00:42.300326,2,1,87.4,0.2,87.3,116,86.4,5,,,,,,,,,,,,,,,,,87.5,100,,,,,,,,,,,,,,,,,,
2026-07-01T20:00:42.351000+00:00,2026-07-01T20:00:42.350949,2,2,87.4,0.2,87.3,116,86.4,5,,,,,,,,,,,,,,,,,87.5,100,87.8,150,,,,,,,,,,,,,,,,
2026-07-01T20:00:42.527909+00:00,2026-07-01T20:00:42.527775,2,2,87.4,0.2,87.3,66,86.4,5,,,,,,,,,,,,,,,,,87.5,100,87.8,150,,,,,,,,,,,,,,,,
2026-07-01T20:00:42.701650+00:00,2026-07-01T20:00:42.701588,2,2,87.4,0.2,87.3,19,86.4,5,,,,,,,,,,,,,,,,,87.5,100,87.8,150,,,,,,,,,,,,,,,,
2026-07-01T20:00:43.239261+00:00,2026-07-01T20:00:43.239064,2,2,87.4,0.2,87.3,19,86.4,5,,,,,,,,,,,,,,,,,87.5,57,87.8,150,,,,,,,,,,,,,,,,
2026-07-01T20:00:43.628275+00:00,2026-07-01T20:00:43.623195,1,2,87.4,0.2,87.3,8,,,,,,,,,,,,,,,,,,,87.5,57,87.8,150,,,,,,,,,,,,,,,,
2026-07-01T20:00:44.170131+00:00,2026-07-01T20:00:44.170000,2,2,87.4,0.2,87.3,8,86.6,5,,,,,,,,,,,,,,,,,87.5,57,87.8,150,,,,,,,,,,,,,,,,
2026-07-01T20:00:44.570031+00:00,2026-07-01T20:00:44.563741,2,2,87.4,0.2,87.3,2,86.6,5,,,,,,,,,,,,,,,,,87.5,57,87.8,150,,,,,,,,,,,,,,,,
2026-07-01T20:00:44.650448+00:00,2026-07-01T20:00:44.650595,0,2,,,,,,,,,,,,,,,,,,,,,,,87.5,57,87.8,150,,,,,,,,,,,,,,,,
2026-07-01T20:00:44.728383+00:00,2026-07-01T20:00:44.728274,0,1,,,,,,,,,,,,,,,,,,,,,,,87.8,150,,,,,,,,,,,,,,,,,,
2026-07-01T20:00:44.781527+00:00,2026-07-01T20:00:44.781419,1,1,87.2,1.2,86.6,100,,,,,,,,,,,,,,,,,,,87.8,150,,,,,,,,,,,,,,,,,,
2026-07-01T20:00:44.843757+00:00,2026-07-01T20:00:44.838265,1,2,86.85,0.5,86.6,100,,,,,,,,,,,,,,,,,,,87.1,94,87.8,150,,,,,,,,,,,,,,,,
2026-07-01T20:00:44.881660+00:00,2026-07-01T20:00:44.881525,1,2,86.85,0.5,86.6,55,,,,,,,,,,,,,,,,,,,87.1,94,87.8,150,,,,,,,,,,,,,,,,
2026-07-01T20:00:45.174293+00:00,2026-07-01T20:00:45.174134,1,2,86.85,0.5,86.6,60,,,,,,,,,,,,,,,,,,,87.1,94,87.8,150,,,,,,,,,,,,,,,,
2026-07-01T20:00:45.401166+00:00,2026-07-01T20:00:45.401086,1,1,86.85,0.5,86.6,60,,,,,,,,,,,,,,,,,,,87.1,94,,,,,,,,,,,,,,,,,,
2026-07-01T20:00:45.463965+00:00,2026-07-01T20:00:45.463882,2,1,86.85,0.5,86.6,60,86.5,150,,,,,,,,,,,,,,,,,87.1,94,,,,,,,,,,,,,,,,,,
2026-07-01T20:00:45.507861+00:00,2026-07-01T20:00:45.507960,2,2,86.8,0.4,86.6,60,86.5,150,,,,,,,,,,,,,,,,,87.0,150,87.1,94,,,,,,,,,,,,,,,,
2026-07-01T20:00:45.519665+00:00,2026-07-01T20:00:45.512773,2,2,86.8,0.4,86.6,60,86.5,150,,,,,,,,,,,,,,,,,87.0,139,87.1,94,,,,,,,,,,,,,,,,
2026-07-01T20:00:45.879862+00:00,2026-07-01T20:00:45.873562,2,2,86.8,0.4,86.6,60,86.5,150,,,,,,,,,,,,,,,,,87.0,127,87.1,94,,,,,,,,,,,,,,,,
2026-07-01T20:00:46.763686+00:00,2026-07-01T20:00:46.763902,2,2,86.8,0.4,86.6,10,86.5,150,,,,,,,,,,,,,,,,,87.0,127,87.1,94,,,,,,,,,,,,,,,,
2026-07-01T20:00:47.439496+00:00,2026-07-01T20:00:47.439443,2,2,86.8,0.4,86.6,10,86.5,150,,,,,,,,,,,,,,,,,87.0,85,87.1,94,,,,,,,,,,,,,,,,
2026-07-01T20:00:47.888791+00:00,2026-07-01T20:00:47.888690,2,1,86.8,0.4,86.6,5,86.5,150,,,,,,,,,,,,,,,,,87.0,85,,,,,,,,,,,,,,,,,,
2026-07-01T20:00:47.942746+00:00,2026-07-01T20:00:47.942630,3,1,86.8,0.4,86.6,5,86.5,150,86.4,100,,,,,,,,,,,,,,,87.0,85,,,,,,,,,,,,,,,,,,
2026-07-01T20:00:48.007087+00:00,2026-07-01T20:00:48.001261,3,2,86.75,0.3,86.6,5,86.5,150,86.4,100,,,,,,,,,,,,,,,86.9,89,87.0,85,,,,,,,,,,,,,,,,
2026-07-01T20:00:48.316546+00:00,2026-07-01T20:00:48.316510,3,2,86.75,0.3,86.6,4,86.5,150,86.4,100,,,,,,,,,,,,,,,86.9,89,87.0,85,,,,,,,,,,,,,,,,
2026-07-01T20:00:48.565252+00:00,2026-07-01T20:00:48.565155,2,1,86.75,0.3,86.6,4,86.4,100,,,,,,,,,,,,,,,,,86.9,89,,,,,,,,,,,,,,,,,,
2026-07-01T20:00:48.620762+00:00,2026-07-01T20:00:48.620730,3,1,86.85,0.1,86.8,150,86.6,4,86.4,100,,,,,,,,,,,,,,,86.9,89,,,,,,,,,,,,,,,,,,
2026-07-01T20:00:48.672599+00:00,2026-07-01T20:00:48.672720,3,2,86.85,0.1,86.8,150,86.6,4,86.4,100,,,,,,,,,,,,,,,86.9,89,87.3,150,,,,,,,,,,,,,,,,
2026-07-01T20:00:48.858777+00:00,2026-07-01T20:00:48.858555,3,2,86.85,0.1,86.8,100,86.6,4,86.4,100,,,,,,,,,,,,,,,86.9,89,87.3,150,,,,,,,,,,,,,,,,
2026-07-01T20:00:49.496025+00:00,2026-07-01T20:00:49.496165,3,2,86.85,0.1,86.8,100,86.6,4,86.4,100,,,,,,,,,,,,,,,86.9,90,87.3,150,,,,,,,,,,,,,,,,
2026-07-01T20:00:50.924020+00:00,2026-07-01T20:00:50.924204,3,2,86.85,0.1,86.8,54,86.6,4,86.4,100,,,,,,,,,,,,,,,86.9,90,87.3,150,,,,,,,,,,,,,,,,
2026-07-01T20:00:51.058653+00:00,2026-07-01T20:00:51.042032,3,2,86.85,0.1,86.8,54,86.6,4,86.4,100,,,,,,,,,,,,,,,86.9,1,87.3,150,,,,,,,,,,,,,,,,
2026-07-01T20:00:51.069181+00:00,2026-07-01T20:00:51.068960,2,2,86.85,0.1,86.8,54,86.6,4,,,,,,,,,,,,,,,,,86.9,1,87.3,150,,,,,,,,,,,,,,,,
2026-07-01T20:00:51.104508+00:00,2026-07-01T20:00:51.104719,3,2,86.85,0.1,86.8,54,86.6,4,86.4,100,,,,,,,,,,,,,,,86.9,1,87.3,150,,,,,,,,,,,,,,,,
2026-07-01T20:00:51.164028+00:00,2026-07-01T20:00:51.163887,3,2,86.85,0.1,86.8,54,86.6,4,86.4,100,,,,,,,,,,,,,,,86.9,101,87.3,150,,,,,,,,,,,,,,,,
2026-07-01T20:00:51.724659+00:00,2026-07-01T20:00:51.724801,2,1,86.75,0.3,86.6,4,86.4,100,,,,,,,,,,,,,,,,,86.9,101,,,,,,,,,,,,,,,,,,
2026-07-01T20:00:51.781344+00:00,2026-07-01T20:00:51.781470,2,1,86.75,0.3,86.6,4,86.4,250,,,,,,,,,,,,,,,,,86.9,101,,,,,,,,,,,,,,,,,,
2026-07-01T20:00:51.833271+00:00,2026-07-01T20:00:51.833387,2,1,86.75,0.3,86.6,4,86.4,250,,,,,,,,,,,,,,,,,86.9,251,,,,,,,,,,,,,,,,,,
2026-07-01T20:00:52.128502+00:00,2026-07-01T20:00:52.128409,2,1,86.75,0.3,86.6,4,86.4,250,,,,,,,,,,,,,,,,,86.9,202,,,,,,,,,,,,,,,,,,
2026-07-01T20:00:52.730523+00:00,2026-07-01T20:00:52.730471,2,1,86.75,0.3,86.6,4,86.4,250,,,,,,,,,,,,,,,,,86.9,204,,,,,,,,,,,,,,,,,,
2026-07-01T20:00:52.740972+00:00,2026-07-01T20:00:52.740940,1,1,86.65,0.5,86.4,206,,,,,,,,,,,,,,,,,,,86.9,204,,,,,,,,,,,,,,,,,,
2026-07-01T20:00:52.888572+00:00,2026-07-01T20:00:52.888449,2,1,86.75,0.3,86.6,4,86.4,206,,,,,,,,,,,,,,,,,86.9,204,,,,,,,,,,,,,,,,,,
2026-07-01T20:00:53.022354+00:00,2026-07-01T20:00:53.022260,2,1,86.75,0.3,86.6,4,86.4,206,,,,,,,,,,,,,,,,,86.9,154,,,,,,,,,,,,,,,,,,
2026-07-01T20:00:53.826882+00:00,2026-07-01T20:00:53.826826,2,1,86.75,0.3,86.6,2,86.4,206,,,,,,,,,,,,,,,,,86.9,154,,,,,,,,,,,,,,,,,,
2026-07-01T20:00:54.211744+00:00,2026-07-01T20:00:54.211703,2,1,86.75,0.3,86.6,2,86.4,150,,,,,,,,,,,,,,,,,86.9,152,,,,,,,,,,,,,,,,,,
2026-07-01T20:00:54.258757+00:00,2026-07-01T20:00:54.258362,2,1,86.75,0.3,86.6,102,86.4,150,,,,,,,,,,,,,,,,,86.9,152,,,,,,,,,,,,,,,,,,
2026-07-01T20:00:54.316526+00:00,2026-07-01T20:00:54.316426,2,2,86.75,0.3,86.6,102,86.4,150,,,,,,,,,,,,,,,,,86.9,152,87.1,100,,,,,,,,,,,,,,,,
2026-07-01T20:00:54.521303+00:00,2026-07-01T20:00:54.515729,2,2,86.75,0.3,86.6,102,86.4,150,,,,,,,,,,,,,,,,,86.9,141,87.1,100,,,,,,,,,,,,,,,,
2026-07-01T20:00:54.730339+00:00,2026-07-01T20:00:54.730125,2,2,86.75,0.3,86.6,102,86.4,150,,,,,,,,,,,,,,,,,86.9,140,87.1,100,,,,,,,,,,,,,,,,
2026-07-01T20:00:54.888722+00:00,2026-07-01T20:00:54.888641,1,2,86.75,0.3,86.6,102,,,,,,,,,,,,,,,,,,,86.9,1,87.1,100,,,,,,,,,,,,,,,,
2026-07-01T20:00:54.964207+00:00,2026-07-01T20:00:54.963955,1,2,86.75,0.3,86.6,252,,,,,,,,,,,,,,,,,,,86.9,1,87.1,100,,,,,,,,,,,,,,,,
2026-07-01T20:00:55.008844+00:00,2026-07-01T20:00:55.008767,1,2,86.75,0.3,86.6,252,,,,,,,,,,,,,,,,,,,86.9,1,87.1,250,,,,,,,,,,,,,,,,
2026-07-01T20:00:55.128009+00:00,2026-07-01T20:00:55.127930,1,1,86.85,0.5,86.6,252,,,,,,,,,,,,,,,,,,,87.1,201,,,,,,,,,,,,,,,,,,
2026-07-01T20:00:55.747083+00:00,2026-07-01T20:00:55.746954,1,1,86.85,0.5,86.6,252,,,,,,,,,,,,,,,,,,,87.1,153,,,,,,,,,,,,,,,,,,
2026-07-01T20:00:56.335793+00:00,2026-07-01T20:00:56.335964,1,1,86.85,0.5,86.6,206,,,,,,,,,,,,,,,,,,,87.1,153,,,,,,,,,,,,,,,,,,
2026-07-01T20:00:57.289148+00:00,2026-07-01T20:00:57.289116,1,1,86.85,0.5,86.6,156,,,,,,,,,,,,,,,,,,,87.1,153,,,,,,,,,,,,,,,,,,
2026-07-01T20:00:57.369086+00:00,2026-07-01T20:00:57.369054,2,1,86.9,0.4,86.7,4,86.6,156,,,,,,,,,,,,,,,,,87.1,153,,,,,,,,,,,,,,,,,,
2026-07-01T20:00:57.374524+00:00,2026-07-01T20:00:57.374340,2,1,86.9,0.4,86.7,4,86.6,150,,,,,,,,,,,,,,,,,87.1,150,,,,,,,,,,,,,,,,,,
2026-07-01T20:00:57.426666+00:00,2026-07-01T20:00:57.426592,3,1,87.0,0.2,86.9,100,86.7,4,86.6,150,,,,,,,,,,,,,,,87.1,150,,,,,,,,,,,,,,,,,,
2026-07-01T20:00:57.480267+00:00,2026-07-01T20:00:57.480213,3,2,87.0,0.2,86.9,100,86.7,4,86.6,150,,,,,,,,,,,,,,,87.1,150,87.4,100,,,,,,,,,,,,,,,,
2026-07-01T20:00:57.592433+00:00,2026-07-01T20:00:57.586621,3,2,87.0,0.2,86.9,100,86.7,4,86.6,150,,,,,,,,,,,,,,,87.1,150,87.4,100,,,,,,,,,,,,,,,,
2026-07-01T20:00:58.058622+00:00,2026-07-01T20:00:58.054085,2,1,87.15,0.5,86.9,100,86.7,4,,,,,,,,,,,,,,,,,87.4,100,,,,,,,,,,,,,,,,,,
2026-07-01T20:00:58.101041+00:00,2026-07-01T20:00:58.100991,2,1,87.15,0.5,86.9,100,86.7,3,,,,,,,,,,,,,,,,,87.4,100,,,,,,,,,,,,,,,,,,
2026-07-01T20:00:58.117146+00:00,2026-07-01T20:00:58.116690,2,1,87.15,0.5,86.9,100,86.7,153,,,,,,,,,,,,,,,,,87.4,100,,,,,,,,,,,,,,,,,,
2026-07-01T20:00:58.165529+00:00,2026-07-01T20:00:58.165470,2,2,87.05,0.3,86.9,100,86.7,153,,,,,,,,,,,,,,,,,87.2,150,87.4,100,,,,,,,,,,,,,,,,
2026-07-01T20:00:58.627996+00:00,2026-07-01T20:00:58.627886,2,3,86.95,0.1,86.9,100,86.7,153,,,,,,,,,,,,,,,,,87.0,3,87.2,150,87.4,100,,,,,,,,,,,,,,
2026-07-01T20:00:59.398060+00:00,2026-07-01T20:00:59.397947,2,3,86.95,0.1,86.9,50,86.7,153,,,,,,,,,,,,,,,,,87.0,3,87.2,150,87.4,100,,,,,,,,,,,,,,
2026-07-01T20:01:00.313665+00:00,2026-07-01T20:01:00.307842,2,3,86.95,0.1,86.9,37,86.7,153,,,,,,,,,,,,,,,,,87.0,3,87.2,150,87.4,100,,,,,,,,,,,,,,
2026-07-01T20:01:00.534522+00:00,2026-07-01T20:01:00.534493,1,2,86.85,0.3,86.7,153,,,,,,,,,,,,,,,,,,,87.0,3,87.2,150,,,,,,,,,,,,,,,,
2026-07-01T20:01:00.585969+00:00,2026-07-01T20:01:00.585854,2,2,86.85,0.3,86.7,153,86.5,100,,,,,,,,,,,,,,,,,87.0,3,87.2,150,,,,,,,,,,,,,,,,
2026-07-01T20:01:00.591243+00:00,2026-07-01T20:01:00.591097,2,2,86.85,0.3,86.7,153,86.5,100,,,,,,,,,,,,,,,,,87.0,2,87.2,150,,,,,,,,,,,,,,,,
2026-07-01T20:01:00.637263+00:00,2026-07-01T20:01:00.637462,2,2,86.85,0.3,86.7,153,86.5,100,,,,,,,,,,,,,,,,,87.0,102,87.2,150,,,,,,,,,,,,,,,,
2026-07-01T20:01:01.223128+00:00,2026-07-01T20:01:01.222926,2,1,86.85,0.3,86.7,3,86.5,100,,,,,,,,,,,,,,,,,87.0,102,,,,,,,,,,,,,,,,,,
2026-07-01T20:01:01.278105+00:00,2026-07-01T20:01:01.277975,3,1,86.85,0.3,86.7,3,86.6,150,86.5,100,,,,,,,,,,,,,,,87.0,102,,,,,,,,,,,,,,,,,,
2026-07-01T20:01:01.330502+00:00,2026-07-01T20:01:01.330651,3,2,86.85,0.3,86.7,3,86.6,150,86.5,100,,,,,,,,,,,,,,,87.0,102,87.1,150,,,,,,,,,,,,,,,,
2026-07-01T20:01:01.390050+00:00,2026-07-01T20:01:01.389975,3,2,86.85,0.3,86.7,3,86.6,150,86.5,100,,,,,,,,,,,,,,,87.0,101,87.1,150,,,,,,,,,,,,,,,,
2026-07-01T20:01:01.503372+00:00,2026-07-01T20:01:01.503565,2,2,86.8,0.4,86.6,103,86.5,100,,,,,,,,,,,,,,,,,87.0,101,87.1,150,,,,,,,,,,,,,,,,
2026-07-01T20:01:01.776757+00:00,2026-07-01T20:01:01.769032,2,2,86.8,0.4,86.6,103,86.5,100,,,,,,,,,,,,,,,,,87.0,90,87.1,150,,,,,,,,,,,,,,,,
2026-07-01T20:01:03.148004+00:00,2026-07-01T20:01:03.147948,3,2,86.85,0.3,86.7,5,86.6,103,86.5,100,,,,,,,,,,,,,,,87.0,90,87.1,150,,,,,,,,,,,,,,,,
2026-07-01T20:01:03.613332+00:00,2026-07-01T20:01:03.613293,2,2,86.8,0.4,86.6,58,86.5,100,,,,,,,,,,,,,,,,,87.0,90,87.1,150,,,,,,,,,,,,,,,,
2026-07-01T20:01:03.696111+00:00,2026-07-01T20:01:03.696042,2,1,86.9,0.4,86.7,5,86.6,58,,,,,,,,,,,,,,,,,87.1,150,,,,,,,,,,,,,,,,,,
2026-07-01T20:01:03.748204+00:00,2026-07-01T20:01:03.748164,2,1,86.9,0.4,86.7,5,86.6,158,,,,,,,,,,,,,,,,,87.1,150,,,,,,,,,,,,,,,,,,
2026-07-01T20:01:03.802895+00:00,2026-07-01T20:01:03.802844,2,1,86.9,0.4,86.7,5,86.6,158,,,,,,,,,,,,,,,,,87.1,250,,,,,,,,,,,,,,,,,,
2026-07-01T20:01:04.095017+00:00,2026-07-01T20:01:04.095127,2,2,86.85,0.3,86.7,5,86.6,158,,,,,,,,,,,,,,,,,87.0,1,87.1,250,,,,,,,,,,,,,,,,
2026-07-01T20:01:04.291609+00:00,2026-07-01T20:01:04.291430,2,1,86.9,0.4,86.7,5,86.6,158,,,,,,,,,,,,,,,,,87.1,250,,,,,,,,,,,,,,,,,,
2026-07-01T20:01:04.384325+00:00,2026-07-01T20:01:04.384248,2,1,86.9,0.4,86.7,5,86.6,100,,,,,,,,,,,,,,,,,87.1,100,,,,,,,,,,,,,,,,,,
2026-07-01T20:01:04.439815+00:00,2026-07-01T20:01:04.439705,3,1,86.9,0.4,86.7,5,86.6,100,86.4,150,,,,,,,,,,,,,,,87.1,100,,,,,,,,,,,,,,,,,,
2026-07-01T20:01:04.506135+00:00,2026-07-01T20:01:04.499041,3,2,86.8,0.2,86.7,5,86.6,100,86.4,150,,,,,,,,,,,,,,,86.9,138,87.1,100,,,,,,,,,,,,,,,,
2026-07-01T20:01:04.641070+00:00,2026-07-01T20:01:04.640976,3,2,86.8,0.2,86.7,5,86.6,100,86.4,150,,,,,,,,,,,,,,,86.9,91,87.1,100,,,,,,,,,,,,,,,,
2026-07-01T20:01:05.241644+00:00,2026-07-01T20:01:05.241468,2,2,86.75,0.3,86.6,64,86.4,150,,,,,,,,,,,,,,,,,86.9,91,87.1,100,,,,,,,,,,,,,,,,
2026-07-01T20:01:05.723656+00:00,2026-07-01T20:01:05.723604,2,2,86.75,0.3,86.6,14,86.4,150,,,,,,,,,,,,,,,,,86.9,91,87.1,100,,,,,,,,,,,,,,,,
2026-07-01T20:01:06.180576+00:00,2026-07-01T20:01:06.180694,3,2,86.8,0.2,86.7,5,86.6,14,86.4,150,,,,,,,,,,,,,,,86.9,91,87.1,100,,,,,,,,,,,,,,,,
2026-07-01T20:01:06.234628+00:00,2026-07-01T20:01:06.234769,3,3,86.8,0.2,86.7,5,86.6,14,86.4,150,,,,,,,,,,,,,,,86.9,91,87.0,1,87.1,100,,,,,,,,,,,,,,
2026-07-01T20:01:06.858594+00:00,2026-07-01T20:01:06.851942,2,2,86.8,0.2,86.7,5,86.4,150,,,,,,,,,,,,,,,,,86.9,91,87.0,1,,,,,,,,,,,,,,,,
2026-07-01T20:01:06.913871+00:00,2026-07-01T20:01:06.913780,2,2,86.8,0.2,86.7,5,86.4,250,,,,,,,,,,,,,,,,,86.9,91,87.0,1,,,,,,,,,,,,,,,,
2026-07-01T20:01:06.966644+00:00,2026-07-01T20:01:06.966503,2,2,86.8,0.2,86.7,5,86.4,250,,,,,,,,,,,,,,,,,86.9,191,87.0,1,,,,,,,,,,,,,,,,
2026-07-01T20:01:07.549004+00:00,2026-07-01T20:01:07.548933,2,2,86.8,0.2,86.7,5,86.4,100,,,,,,,,,,,,,,,,,86.9,100,87.0,1,,,,,,,,,,,,,,,,
2026-07-01T20:01:07.604593+00:00,2026-07-01T20:01:07.604766,3,2,86.8,0.2,86.7,5,86.5,150,86.4,100,,,,,,,,,,,,,,,86.9,100,87.0,1,,,,,,,,,,,,,,,,
2026-07-01T20:01:07.680002+00:00,2026-07-01T20:01:07.679928,3,2,86.8,0.2,86.7,5,86.5,150,86.4,100,,,,,,,,,,,,,,,86.9,100,87.0,151,,,,,,,,,,,,,,,,
2026-07-01T20:01:07.829515+00:00,2026-07-01T20:01:07.829446,2,2,86.7,0.4,86.5,105,86.4,100,,,,,,,,,,,,,,,,,86.9,100,87.0,151,,,,,,,,,,,,,,,,
2026-07-01T20:01:09.222550+00:00,2026-07-01T20:01:09.222449,3,2,86.8,0.2,86.7,5,86.5,105,86.4,100,,,,,,,,,,,,,,,86.9,100,87.0,151,,,,,,,,,,,,,,,,
2026-07-01T20:01:09.247437+00:00,2026-07-01T20:01:09.247575,2,2,86.7,0.4,86.5,105,86.4,100,,,,,,,,,,,,,,,,,86.9,100,87.0,151,,,,,,,,,,,,,,,,
2026-07-01T20:01:09.314682+00:00,2026-07-01T20:01:09.314508,3,2,86.75,0.3,86.6,5,86.5,105,86.4,100,,,,,,,,,,,,,,,86.9,100,87.0,151,,,,,,,,,,,,,,,,
2026-07-01T20:01:09.939829+00:00,2026-07-01T20:01:09.939789,2,2,86.7,0.4,86.5,60,86.4,100,,,,,,,,,,,,,,,,,86.9,100,87.0,151,,,,,,,,,,,,,,,,
2026-07-01T20:01:10.020579+00:00,2026-07-01T20:01:10.020464,1,1,86.75,0.5,86.5,60,,,,,,,,,,,,,,,,,,,87.0,151,,,,,,,,,,,,,,,,,,
2026-07-01T20:01:10.079906+00:00,2026-07-01T20:01:10.079774,2,1,86.75,0.5,86.5,60,86.2,100,,,,,,,,,,,,,,,,,87.0,151,,,,,,,,,,,,,,,,,,
2026-07-01T20:01:10.135140+00:00,2026-07-01T20:01:10.134902,2,2,86.6,0.2,86.5,60,86.2,100,,,,,,,,,,,,,,,,,86.7,100,87.0,151,,,,,,,,,,,,,,,,
2026-07-01T20:01:10.758733+00:00,2026-07-01T20:01:10.758651,1,2,86.45,0.5,86.2,100,,,,,,,,,,,,,,,,,,,86.7,100,87.0,1,,,,,,,,,,,,,,,,
2026-07-01T20:01:10.792751+00:00,2026-07-01T20:01:10.792644,2,2,86.45,0.5,86.2,100,86.0,150,,,,,,,,,,,,,,,,,86.7,100,87.0,1,,,,,,,,,,,,,,,,
2026-07-01T20:01:10.856198+00:00,2026-07-01T20:01:10.849940,2,3,86.35,0.3,86.2,100,86.0,150,,,,,,,,,,,,,,,,,86.5,140,86.7,100,87.0,1,,,,,,,,,,,,,,
2026-07-01T20:01:10.868717+00:00,2026-07-01T20:01:10.862841,2,3,86.35,0.3,86.2,100,86.0,150,,,,,,,,,,,,,,,,,86.5,96,86.7,100,87.0,1,,,,,,,,,,,,,,
2026-07-01T20:01:11.371885+00:00,2026-07-01T20:01:11.362590,2,3,86.35,0.3,86.2,100,86.0,150,,,,,,,,,,,,,,,,,86.5,87,86.7,100,87.0,1,,,,,,,,,,,,,,
2026-07-01T20:01:11.571576+00:00,2026-07-01T20:01:11.571473,2,3,86.35,0.3,86.2,56,86.0,150,,,,,,,,,,,,,,,,,86.5,87,86.7,100,87.0,1,,,,,,,,,,,,,,
2026-07-01T20:01:12.047476+00:00,2026-07-01T20:01:12.047649,2,3,86.35,0.3,86.2,6,86.0,150,,,,,,,,,,,,,,,,,86.5,87,86.7,100,87.0,1,,,,,,,,,,,,,,
2026-07-01T20:01:12.118904+00:00,2026-07-01T20:01:12.112164,2,3,86.35,0.3,86.2,6,86.0,150,,,,,,,,,,,,,,,,,86.5,73,86.7,100,87.0,1,,,,,,,,,,,,,,
2026-07-01T20:01:12.166804+00:00,2026-07-01T20:01:12.166703,2,3,86.35,0.3,86.2,6,86.0,150,,,,,,,,,,,,,,,,,86.5,26,86.7,100,87.0,1,,,,,,,,,,,,,,
2026-07-01T20:01:13.186036+00:00,2026-07-01T20:01:13.185934,1,2,86.25,0.5,86.0,150,,,,,,,,,,,,,,,,,,,86.5,26,87.0,1,,,,,,,,,,,,,,,,
2026-07-01T20:01:13.201756+00:00,2026-07-01T20:01:13.201665,1,1,86.25,0.5,86.0,150,,,,,,,,,,,,,,,,,,,86.5,26,,,,,,,,,,,,,,,,,,
2026-07-01T20:01:13.243325+00:00,2026-07-01T20:01:13.243249,1,1,86.25,0.5,86.0,250,,,,,,,,,,,,,,,,,,,86.5,26,,,,,,,,,,,,,,,,,,
2026-07-01T20:01:13.296604+00:00,2026-07-01T20:01:13.296542,1,1,86.25,0.5,86.0,250,,,,,,,,,,,,,,,,,,,86.5,126,,,,,,,,,,,,,,,,,,
2026-07-01T20:01:13.895224+00:00,2026-07-01T20:01:13.895141,1,1,86.25,0.5,86.0,250,,,,,,,,,,,,,,,,,,,86.5,100,,,,,,,,,,,,,,,,,,
2026-07-01T20:01:13.900388+00:00,2026-07-01T20:01:13.900337,1,1,86.25,0.5,86.0,100,,,,,,,,,,,,,,,,,,,86.5,100,,,,,,,,,,,,,,,,,,
2026-07-01T20:01:13.958652+00:00,2026-07-01T20:01:13.947924,2,0,,,86.7,50,86.0,100,,,,,,,,,,,,,,,,,,,,,,,,,,,,,,,,,,,,
2026-07-01T20:01:14.005748+00:00,2026-07-01T20:01:14.005624,2,1,86.95,0.5,86.7,50,86.0,100,,,,,,,,,,,,,,,,,87.2,150,,,,,,,,,,,,,,,,,,
2026-07-01T20:01:14.158653+00:00,2026-07-01T20:01:14.154326,1,1,86.6,1.2,86.0,100,,,,,,,,,,,,,,,,,,,87.2,150,,,,,,,,,,,,,,,,,,
2026-07-01T20:01:14.731344+00:00,2026-07-01T20:01:14.731245,1,2,86.4,0.8,86.0,100,,,,,,,,,,,,,,,,,,,86.8,6,87.2,150,,,,,,,,,,,,,,,,
2026-07-01T20:01:14.842513+00:00,2026-07-01T20:01:14.842335,1,1,86.6,1.2,86.0,100,,,,,,,,,,,,,,,,,,,87.2,150,,,,,,,,,,,,,,,,,,
2026-07-01T20:01:15.027698+00:00,2026-07-01T20:01:15.027658,1,2,86.4,0.8,86.0,100,,,,,,,,,,,,,,,,,,,86.8,6,87.2,150,,,,,,,,,,,,,,,,
2026-07-01T20:01:15.397428+00:00,2026-07-01T20:01:15.397313,1,2,86.4,0.8,86.0,100,,,,,,,,,,,,,,,,,,,86.8,5,87.2,150,,,,,,,,,,,,,,,,
2026-07-01T20:01:15.508007+00:00,2026-07-01T20:01:15.507831,2,2,86.65,0.3,86.5,1,86.0,100,,,,,,,,,,,,,,,,,86.8,5,87.2,150,,,,,,,,,,,,,,,,
2026-07-01T20:01:15.997073+00:00,2026-07-01T20:01:15.997007,2,1,86.85,0.7,86.5,1,86.0,100,,,,,,,,,,,,,,,,,87.2,150,,,,,,,,,,,,,,,,,,
2026-07-01T20:01:16.058655+00:00,2026-07-01T20:01:16.054588,1,1,86.6,1.2,86.0,100,,,,,,,,,,,,,,,,,,,87.2,150,,,,,,,,,,,,,,,,,,
2026-07-01T20:01:16.284649+00:00,2026-07-01T20:01:16.284587,1,1,86.6,1.2,86.0,50,,,,,,,,,,,,,,,,,,,87.2,150,,,,,,,,,,,,,,,,,,
2026-07-01T20:01:16.349884+00:00,2026-07-01T20:01:16.349695,0,1,,,,,,,,,,,,,,,,,,,,,,,87.2,150,,,,,,,,,,,,,,,,,,
2026-07-01T20:01:16.402513+00:00,2026-07-01T20:01:16.402406,1,1,86.7,1.0,86.2,100,,,,,,,,,,,,,,,,,,,87.2,150,,,,,,,,,,,,,,,,,,
2026-07-01T20:01:16.458556+00:00,2026-07-01T20:01:16.450150,1,2,86.45,0.5,86.2,100,,,,,,,,,,,,,,,,,,,86.7,100,87.2,150,,,,,,,,,,,,,,,,
2026-07-01T20:01:17.058592+00:00,2026-07-01T20:01:17.056508,1,1,86.45,0.5,86.2,100,,,,,,,,,,,,,,,,,,,86.7,100,,,,,,,,,,,,,,,,,,
2026-07-01T20:01:17.114211+00:00,2026-07-01T20:01:17.114419,2,1,86.45,0.5,86.2,100,86.1,150,,,,,,,,,,,,,,,,,86.7,100,,,,,,,,,,,,,,,,,,
2026-07-01T20:01:17.167355+00:00,2026-07-01T20:01:17.167274,2,2,86.4,0.4,86.2,100,86.1,150,,,,,,,,,,,,,,,,,86.6,150,86.7,100,,,,,,,,,,,,,,,,
2026-07-01T20:01:17.256163+00:00,2026-07-01T20:01:17.256306,3,3,86.55,0.1,86.5,2,86.2,100,86.1,150,,,,,,,,,,,,,,,86.6,150,86.7,100,86.8,4,,,,,,,,,,,,,,
2026-07-01T20:01:19.275818+00:00,2026-07-01T20:01:19.275732,3,3,86.55,0.1,86.5,1,86.2,100,86.1,150,,,,,,,,,,,,,,,86.6,150,86.7,100,86.8,4,,,,,,,,,,,,,,
2026-07-01T20:01:19.509559+00:00,2026-07-01T20:01:19.509451,2,2,86.55,0.1,86.5,1,86.1,150,,,,,,,,,,,,,,,,,86.6,150,86.8,4,,,,,,,,,,,,,,,,
2026-07-01T20:01:19.558591+00:00,2026-07-01T20:01:19.553047,3,2,86.55,0.1,86.5,1,86.1,150,86.0,100,,,,,,,,,,,,,,,86.6,150,86.8,4,,,,,,,,,,,,,,,,
2026-07-01T20:01:19.614933+00:00,2026-07-01T20:01:19.614807,2,3,86.3,0.4,86.1,150,86.0,100,,,,,,,,,,,,,,,,,86.5,99,86.6,150,86.8,4,,,,,,,,,,,,,,
2026-07-01T20:01:20.216753+00:00,2026-07-01T20:01:20.216620,2,2,86.3,0.4,86.1,150,86.0,100,,,,,,,,,,,,,,,,,86.5,99,86.8,4,,,,,,,,,,,,,,,,
2026-07-01T20:01:20.221910+00:00,2026-07-01T20:01:20.221813,1,2,86.25,0.5,86.0,100,,,,,,,,,,,,,,,,,,,86.5,99,86.8,4,,,,,,,,,,,,,,,,
2026-07-01T20:01:20.275315+00:00,2026-07-01T20:01:20.275134,2,2,86.25,0.5,86.0,100,85.7,150,,,,,,,,,,,,,,,,,86.5,99,86.8,4,,,,,,,,,,,,,,,,
2026-07-01T20:01:20.326409+00:00,2026-07-01T20:01:20.326324,2,3,86.1,0.2,86.0,100,85.7,150,,,,,,,,,,,,,,,,,86.2,150,86.5,99,86.8,4,,,,,,,,,,,,,,
2026-07-01T20:01:20.494256+00:00,2026-07-01T20:01:20.494102,2,3,86.1,0.2,86.0,54,85.7,150,,,,,,,,,,,,,,,,,86.2,150,86.5,99,86.8,4,,,,,,,,,,,,,,
2026-07-01T20:01:20.504776+00:00,2026-07-01T20:01:20.504657,2,3,86.1,0.2,86.0,4,85.7,150,,,,,,,,,,,,,,,,,86.2,150,86.5,99,86.8,4,,,,,,,,,,,,,,
2026-07-01T20:01:22.563950+00:00,2026-07-01T20:01:22.563802,2,3,86.1,0.2,86.0,4,85.7,150,,,,,,,,,,,,,,,,,86.2,100,86.5,99,86.8,4,,,,,,,,,,,,,,
2026-07-01T20:01:22.568974+00:00,2026-07-01T20:01:22.569148,2,2,86.1,0.2,86.0,4,85.7,150,,,,,,,,,,,,,,,,,86.2,100,86.5,99,,,,,,,,,,,,,,,,
2026-07-01T20:01:22.630066+00:00,2026-07-01T20:01:22.625706,2,2,86.1,0.2,86.0,4,85.7,150,,,,,,,,,,,,,,,,,86.2,97,86.5,99,,,,,,,,,,,,,,,,
2026-07-01T20:01:22.671086+00:00,2026-07-01T20:01:22.670990,1,1,85.95,0.5,85.7,150,,,,,,,,,,,,,,,,,,,86.2,97,,,,,,,,,,,,,,,,,,
2026-07-01T20:01:22.727180+00:00,2026-07-01T20:01:22.727128,1,1,85.95,0.5,85.7,250,,,,,,,,,,,,,,,,,,,86.2,97,,,,,,,,,,,,,,,,,,
2026-07-01T20:01:22.790068+00:00,2026-07-01T20:01:22.789986,1,1,85.95,0.5,85.7,250,,,,,,,,,,,,,,,,,,,86.2,197,,,,,,,,,,,,,,,,,,
2026-07-01T20:01:23.111652+00:00,2026-07-01T20:01:23.111583,1,2,85.95,0.5,85.7,250,,,,,,,,,,,,,,,,,,,86.2,197,86.6,6,,,,,,,,,,,,,,,,
2026-07-01T20:01:23.396604+00:00,2026-07-01T20:01:23.396763,1,2,85.95,0.5,85.7,250,,,,,,,,,,,,,,,,,,,86.2,100,86.6,6,,,,,,,,,,,,,,,,
2026-07-01T20:01:23.402067+00:00,2026-07-01T20:01:23.401917,1,2,85.95,0.5,85.7,100,,,,,,,,,,,,,,,,,,,86.2,100,86.6,6,,,,,,,,,,,,,,,,
2026-07-01T20:01:23.463916+00:00,2026-07-01T20:01:23.463870,2,2,86.15,0.1,86.1,150,85.7,100,,,,,,,,,,,,,,,,,86.2,100,86.6,6,,,,,,,,,,,,,,,,
2026-07-01T20:01:23.509793+00:00,2026-07-01T20:01:23.509968,2,2,86.15,0.1,86.1,150,85.7,100,,,,,,,,,,,,,,,,,86.2,100,86.6,156,,,,,,,,,,,,,,,,
2026-07-01T20:01:24.668925+00:00,2026-07-01T20:01:24.668848,2,2,86.15,0.1,86.1,150,85.7,100,,,,,,,,,,,,,,,,,86.2,50,86.6,156,,,,,,,,,,,,,,,,
2026-07-01T20:01:25.835041+00:00,2026-07-01T20:01:25.839096,1,1,86.35,0.5,86.1,150,,,,,,,,,,,,,,,,,,,86.6,156,,,,,,,,,,,,,,,,,,
2026-07-01T20:01:25.902073+00:00,2026-07-01T20:01:25.901988,2,1,86.35,0.5,86.1,150,85.9,100,,,,,,,,,,,,,,,,,86.6,156,,,,,,,,,,,,,,,,,,
2026-07-01T20:01:25.958632+00:00,2026-07-01T20:01:25.950091,2,2,86.25,0.3,86.1,150,85.9,100,,,,,,,,,,,,,,,,,86.4,100,86.6,156,,,,,,,,,,,,,,,,
2026-07-01T20:01:26.563971+00:00,2026-07-01T20:01:26.563883,1,2,86.15,0.5,85.9,100,,,,,,,,,,,,,,,,,,,86.4,100,86.6,6,,,,,,,,,,,,,,,,
2026-07-01T20:01:26.617356+00:00,2026-07-01T20:01:26.617240,2,2,86.25,0.3,86.1,150,85.9,100,,,,,,,,,,,,,,,,,86.4,100,86.6,6,,,,,,,,,,,,,,,,
2026-07-01T20:01:26.671240+00:00,2026-07-01T20:01:26.671165,2,2,86.25,0.3,86.1,150,85.9,100,,,,,,,,,,,,,,,,,86.4,100,86.6,156,,,,,,,,,,,,,,,,
2026-07-01T20:01:26.825528+00:00,2026-07-01T20:01:26.825435,2,2,86.25,0.3,86.1,100,85.9,100,,,,,,,,,,,,,,,,,86.4,100,86.6,156,,,,,,,,,,,,,,,,
2026-07-01T20:01:27.358610+00:00,2026-07-01T20:01:27.354806,2,2,86.25,0.3,86.1,100,85.9,100,,,,,,,,,,,,,,,,,86.4,53,86.6,156,,,,,,,,,,,,,,,,
2026-07-01T20:01:27.958548+00:00,2026-07-01T20:01:27.953521,2,2,86.25,0.3,86.1,100,85.9,100,,,,,,,,,,,,,,,,,86.4,4,86.6,156,,,,,,,,,,,,,,,,
2026-07-01T20:01:28.928282+00:00,2026-07-01T20:01:28.928156,2,2,86.25,0.3,86.1,50,85.9,100,,,,,,,,,,,,,,,,,86.4,4,86.6,156,,,,,,,,,,,,,,,,
2026-07-01T20:01:29.004548+00:00,2026-07-01T20:01:29.004441,2,1,86.35,0.5,86.1,50,85.9,100,,,,,,,,,,,,,,,,,86.6,156,,,,,,,,,,,,,,,,,,
2026-07-01T20:01:29.009768+00:00,2026-07-01T20:01:29.009596,1,1,86.35,0.5,86.1,50,,,,,,,,,,,,,,,,,,,86.6,156,,,,,,,,,,,,,,,,,,
2026-07-01T20:01:29.063988+00:00,2026-07-01T20:01:29.063876,1,1,86.35,0.5,86.1,150,,,,,,,,,,,,,,,,,,,86.6,156,,,,,,,,,,,,,,,,,,
2026-07-01T20:01:29.115201+00:00,2026-07-01T20:01:29.115132,1,1,86.35,0.5,86.1,150,,,,,,,,,,,,,,,,,,,86.6,256,,,,,,,,,,,,,,,,,,
2026-07-01T20:01:29.388013+00:00,2026-07-01T20:01:29.388200,1,1,86.35,0.5,86.1,101,,,,,,,,,,,,,,,,,,,86.6,256,,,,,,,,,,,,,,,,,,
2026-07-01T20:01:29.724551+00:00,2026-07-01T20:01:29.724464,1,1,86.35,0.5,86.1,100,,,,,,,,,,,,,,,,,,,86.6,106,,,,,,,,,,,,,,,,,,
2026-07-01T20:01:29.779486+00:00,2026-07-01T20:01:29.779349,2,1,86.35,0.5,86.1,100,85.4,150,,,,,,,,,,,,,,,,,86.6,106,,,,,,,,,,,,,,,,,,
2026-07-01T20:01:29.843118+00:00,2026-07-01T20:01:29.837024,1,2,85.65,0.5,85.4,150,,,,,,,,,,,,,,,,,,,85.9,49,86.6,106,,,,,,,,,,,,,,,,
2026-07-01T20:01:30.613736+00:00,2026-07-01T20:01:30.606130,1,2,85.65,0.5,85.4,150,,,,,,,,,,,,,,,,,,,85.9,47,86.6,106,,,,,,,,,,,,,,,,
2026-07-01T20:01:30.988011+00:00,2026-07-01T20:01:30.987942,1,1,86.0,1.2,85.4,150,,,,,,,,,,,,,,,,,,,86.6,103,,,,,,,,,,,,,,,,,,
2026-07-01T20:01:31.663671+00:00,2026-07-01T20:01:31.663875,1,1,86.0,1.2,85.4,150,,,,,,,,,,,,,,,,,,,86.6,54,,,,,,,,,,,,,,,,,,
2026-07-01T20:01:32.171962+00:00,2026-07-01T20:01:32.172075,1,0,,,85.4,150,,,,,,,,,,,,,,,,,,,,,,,,,,,,,,,,,,,,,,
2026-07-01T20:01:32.225730+00:00,2026-07-01T20:01:32.225912,2,0,,,85.9,100,85.4,150,,,,,,,,,,,,,,,,,,,,,,,,,,,,,,,,,,,,
2026-07-01T20:01:32.279335+00:00,2026-07-01T20:01:32.279160,2,1,86.15,0.5,85.9,100,85.4,150,,,,,,,,,,,,,,,,,86.4,100,,,,,,,,,,,,,,,,,,
2026-07-01T20:01:32.424261+00:00,2026-07-01T20:01:32.424191,2,2,86.15,0.5,85.9,100,85.4,150,,,,,,,,,,,,,,,,,86.4,100,86.5,6,,,,,,,,,,,,,,,,
2026-07-01T20:01:32.601814+00:00,2026-07-01T20:01:32.595879,2,2,86.15,0.5,85.9,100,85.4,150,,,,,,,,,,,,,,,,,86.4,100,86.5,6,,,,,,,,,,,,,,,,
2026-07-01T20:01:32.890216+00:00,2026-07-01T20:01:32.890125,1,2,86.15,0.5,85.9,100,,,,,,,,,,,,,,,,,,,86.4,100,86.5,6,,,,,,,,,,,,,,,,
2026-07-01T20:01:32.943750+00:00,2026-07-01T20:01:32.943648,2,2,86.2,0.4,86.0,150,85.9,100,,,,,,,,,,,,,,,,,86.4,100,86.5,6,,,,,,,,,,,,,,,,
2026-07-01T20:01:32.994817+00:00,2026-07-01T20:01:32.994931,2,2,86.2,0.4,86.0,150,85.9,100,,,,,,,,,,,,,,,,,86.4,100,86.5,156,,,,,,,,,,,,,,,,
2026-07-01T20:01:33.199177+00:00,2026-07-01T20:01:33.199081,2,2,86.2,0.4,86.0,109,85.9,100,,,,,,,,,,,,,,,,,86.4,100,86.5,156,,,,,,,,,,,,,,,,
2026-07-01T20:01:34.264742+00:00,2026-07-01T20:01:34.264686,2,2,86.2,0.4,86.0,109,85.9,100,,,,,,,,,,,,,,,,,86.4,58,86.5,156,,,,,,,,,,,,,,,,
2026-07-01T20:01:34.317467+00:00,2026-07-01T20:01:34.317376,2,2,86.2,0.4,86.0,61,85.9,100,,,,,,,,,,,,,,,,,86.4,58,86.5,156,,,,,,,,,,,,,,,,
2026-07-01T20:01:35.201346+00:00,2026-07-01T20:01:35.201557,2,2,86.2,0.4,86.0,61,85.9,100,,,,,,,,,,,,,,,,,86.4,8,86.5,156,,,,,,,,,,,,,,,,
2026-07-01T20:01:35.318979+00:00,2026-07-01T20:01:35.319148,2,1,86.25,0.5,86.0,61,85.9,100,,,,,,,,,,,,,,,,,86.5,124,,,,,,,,,,,,,,,,,,
2026-07-01T20:01:35.329437+00:00,2026-07-01T20:01:35.329532,1,1,86.25,0.5,86.0,61,,,,,,,,,,,,,,,,,,,86.5,124,,,,,,,,,,,,,,,,,,
2026-07-01T20:01:35.392981+00:00,2026-07-01T20:01:35.387921,2,1,86.4,0.2,86.3,98,86.0,61,,,,,,,,,,,,,,,,,86.5,124,,,,,,,,,,,,,,,,,,
2026-07-01T20:01:35.437923+00:00,2026-07-01T20:01:35.437716,2,2,86.4,0.2,86.3,98,86.0,61,,,,,,,,,,,,,,,,,86.5,124,86.8,100,,,,,,,,,,,,,,,,
2026-07-01T20:01:35.448413+00:00,2026-07-01T20:01:35.448340,2,2,86.4,0.2,86.3,98,86.0,61,,,,,,,,,,,,,,,,,86.5,130,86.8,100,,,,,,,,,,,,,,,,
2026-07-01T20:01:36.058612+00:00,2026-07-01T20:01:36.045646,1,2,86.4,0.2,86.3,98,,,,,,,,,,,,,,,,,,,86.5,6,86.8,100,,,,,,,,,,,,,,,,
2026-07-01T20:01:36.112456+00:00,2026-07-01T20:01:36.112420,2,2,86.4,0.2,86.3,98,86.0,150,,,,,,,,,,,,,,,,,86.5,6,86.8,100,,,,,,,,,,,,,,,,
2026-07-01T20:01:36.163877+00:00,2026-07-01T20:01:36.163791,2,2,86.4,0.2,86.3,98,86.0,150,,,,,,,,,,,,,,,,,86.5,156,86.8,100,,,,,,,,,,,,,,,,
2026-07-01T20:01:37.310749+00:00,2026-07-01T20:01:37.310626,2,2,86.4,0.2,86.3,98,86.0,150,,,,,,,,,,,,,,,,,86.5,106,86.8,100,,,,,,,,,,,,,,,,
2026-07-01T20:01:37.469113+00:00,2026-07-01T20:01:37.468840,2,2,86.4,0.2,86.3,98,86.0,150,,,,,,,,,,,,,,,,,86.5,112,86.8,100,,,,,,,,,,,,,,,,
2026-07-01T20:01:38.423342+00:00,2026-07-01T20:01:38.423291,2,2,86.4,0.2,86.3,52,86.0,150,,,,,,,,,,,,,,,,,86.5,112,86.8,100,,,,,,,,,,,,,,,,
2026-07-01T20:01:38.481617+00:00,2026-07-01T20:01:38.481485,2,2,86.4,0.2,86.3,52,86.0,150,,,,,,,,,,,,,,,,,86.5,110,86.8,100,,,,,,,,,,,,,,,,
2026-07-01T20:01:38.492119+00:00,2026-07-01T20:01:38.492041,1,1,86.25,0.5,86.0,150,,,,,,,,,,,,,,,,,,,86.5,110,,,,,,,,,,,,,,,,,,
2026-07-01T20:01:38.558702+00:00,2026-07-01T20:01:38.546099,2,1,86.3,0.4,86.1,100,86.0,150,,,,,,,,,,,,,,,,,86.5,110,,,,,,,,,,,,,,,,,,
2026-07-01T20:01:38.598469+00:00,2026-07-01T20:01:38.598425,2,2,86.3,0.4,86.1,100,86.0,150,,,,,,,,,,,,,,,,,86.5,110,86.6,100,,,,,,,,,,,,,,,,
2026-07-01T20:01:39.218743+00:00,2026-07-01T20:01:39.218901,1,2,86.3,0.4,86.1,100,,,,,,,,,,,,,,,,,,,86.5,4,86.6,100,,,,,,,,,,,,,,,,
2026-07-01T20:01:39.269047+00:00,2026-07-01T20:01:39.269023,2,2,86.3,0.4,86.1,100,86.0,150,,,,,,,,,,,,,,,,,86.5,4,86.6,100,,,,,,,,,,,,,,,,
2026-07-01T20:01:39.325731+00:00,2026-07-01T20:01:39.325641,2,2,86.3,0.4,86.1,100,86.0,150,,,,,,,,,,,,,,,,,86.5,154,86.6,100,,,,,,,,,,,,,,,,
2026-07-01T20:01:39.421438+00:00,2026-07-01T20:01:39.421582,2,2,86.3,0.4,86.1,100,86.0,150,,,,,,,,,,,,,,,,,86.5,104,86.6,100,,,,,,,,,,,,,,,,
2026-07-01T20:01:39.614883+00:00,2026-07-01T20:01:39.614774,2,2,86.3,0.4,86.1,100,86.0,150,,,,,,,,,,,,,,,,,86.5,56,86.6,100,,,,,,,,,,,,,,,,
2026-07-01T20:01:40.511616+00:00,2026-07-01T20:01:40.511684,2,2,86.3,0.4,86.1,100,86.0,150,,,,,,,,,,,,,,,,,86.5,62,86.6,100,,,,,,,,,,,,,,,,
2026-07-01T20:01:40.858731+00:00,2026-07-01T20:01:40.847598,2,2,86.3,0.4,86.1,56,86.0,150,,,,,,,,,,,,,,,,,86.5,62,86.6,100,,,,,,,,,,,,,,,,
2026-07-01T20:01:41.525124+00:00,2026-07-01T20:01:41.525062,2,2,86.3,0.4,86.1,56,86.0,150,,,,,,,,,,,,,,,,,86.5,12,86.6,100,,,,,,,,,,,,,,,,
2026-07-01T20:01:41.649458+00:00,2026-07-01T20:01:41.649407,2,1,86.3,0.4,86.1,56,86.0,150,,,,,,,,,,,,,,,,,86.5,12,,,,,,,,,,,,,,,,,,
2026-07-01T20:01:41.658609+00:00,2026-07-01T20:01:41.654549,1,1,86.25,0.5,86.0,150,,,,,,,,,,,,,,,,,,,86.5,12,,,,,,,,,,,,,,,,,,
2026-07-01T20:01:41.707391+00:00,2026-07-01T20:01:41.707348,2,1,86.25,0.5,86.0,150,85.8,100,,,,,,,,,,,,,,,,,86.5,12,,,,,,,,,,,,,,,,,,
2026-07-01T20:01:41.758594+00:00,2026-07-01T20:01:41.757605,2,2,86.15,0.3,86.0,150,85.8,100,,,,,,,,,,,,,,,,,86.3,100,86.5,12,,,,,,,,,,,,,,,,
2026-07-01T20:01:42.374480+00:00,2026-07-01T20:01:42.374404,2,2,86.15,0.3,86.0,150,85.8,100,,,,,,,,,,,,,,,,,86.3,100,86.5,6,,,,,,,,,,,,,,,,
2026-07-01T20:01:42.379629+00:00,2026-07-01T20:01:42.379540,1,2,86.05,0.5,85.8,100,,,,,,,,,,,,,,,,,,,86.3,100,86.5,6,,,,,,,,,,,,,,,,
2026-07-01T20:01:42.433004+00:00,2026-07-01T20:01:42.432904,2,1,86.4,0.2,86.3,50,85.8,100,,,,,,,,,,,,,,,,,86.5,6,,,,,,,,,,,,,,,,,,
2026-07-01T20:01:42.488626+00:00,2026-07-01T20:01:42.488578,2,2,86.4,0.2,86.3,50,85.8,100,,,,,,,,,,,,,,,,,86.5,6,86.8,150,,,,,,,,,,,,,,,,
2026-07-01T20:01:43.527237+00:00,2026-07-01T20:01:43.527302,2,2,86.4,0.2,86.3,50,85.8,100,,,,,,,,,,,,,,,,,86.5,5,86.8,150,,,,,,,,,,,,,,,,
2026-07-01T20:01:43.693793+00:00,2026-07-01T20:01:43.693711,1,2,86.15,0.7,85.8,100,,,,,,,,,,,,,,,,,,,86.5,5,86.8,150,,,,,,,,,,,,,,,,
2026-07-01T20:01:44.535145+00:00,2026-07-01T20:01:44.534934,1,2,86.15,0.7,85.8,100,,,,,,,,,,,,,,,,,,,86.5,4,86.8,150,,,,,,,,,,,,,,,,
2026-07-01T20:01:44.811721+00:00,2026-07-01T20:01:44.811671,0,2,,,,,,,,,,,,,,,,,,,,,,,86.5,4,86.8,150,,,,,,,,,,,,,,,,
2026-07-01T20:01:44.867800+00:00,2026-07-01T20:01:44.867663,1,2,86.4,0.2,86.3,100,,,,,,,,,,,,,,,,,,,86.5,4,86.8,150,,,,,,,,,,,,,,,,
2026-07-01T20:01:44.872950+00:00,2026-07-01T20:01:44.872845,2,2,86.4,0.2,86.3,100,86.2,2,,,,,,,,,,,,,,,,,86.5,4,86.8,150,,,,,,,,,,,,,,,,
2026-07-01T20:01:44.920360+00:00,2026-07-01T20:01:44.920324,2,2,86.4,0.2,86.3,100,86.2,2,,,,,,,,,,,,,,,,,86.5,4,86.8,250,,,,,,,,,,,,,,,,
2026-07-01T20:01:45.144521+00:00,2026-07-01T20:01:45.144417,2,2,86.4,0.2,86.3,58,86.2,2,,,,,,,,,,,,,,,,,86.5,4,86.8,250,,,,,,,,,,,,,,,,
2026-07-01T20:01:45.541643+00:00,2026-07-01T20:01:45.541548,2,2,86.4,0.2,86.3,58,86.2,2,,,,,,,,,,,,,,,,,86.5,4,86.8,100,,,,,,,,,,,,,,,,
2026-07-01T20:01:45.592175+00:00,2026-07-01T20:01:45.592297,3,2,86.4,0.2,86.3,58,86.2,2,86.0,150,,,,,,,,,,,,,,,86.5,4,86.8,100,,,,,,,,,,,,,,,,
2026-07-01T20:01:45.643275+00:00,2026-07-01T20:01:45.643228,3,2,86.4,0.2,86.3,58,86.2,2,86.0,150,,,,,,,,,,,,,,,86.5,154,86.8,100,,,,,,,,,,,,,,,,
2026-07-01T20:01:45.823135+00:00,2026-07-01T20:01:45.818307,2,2,86.35,0.3,86.2,2,86.0,150,,,,,,,,,,,,,,,,,86.5,154,86.8,100,,,,,,,,,,,,,,,,
2026-07-01T20:01:46.332777+00:00,2026-07-01T20:01:46.331506,1,2,86.25,0.5,86.0,150,,,,,,,,,,,,,,,,,,,86.5,154,86.8,100,,,,,,,,,,,,,,,,
2026-07-01T20:01:47.235445+00:00,2026-07-01T20:01:47.235102,1,2,86.25,0.5,86.0,150,,,,,,,,,,,,,,,,,,,86.5,153,86.8,100,,,,,,,,,,,,,,,,
2026-07-01T20:01:47.923544+00:00,2026-07-01T20:01:47.923478,1,2,86.25,0.5,86.0,100,,,,,,,,,,,,,,,,,,,86.5,153,86.8,100,,,,,,,,,,,,,,,,
2026-07-01T20:01:47.974201+00:00,2026-07-01T20:01:47.974281,1,1,86.25,0.5,86.0,100,,,,,,,,,,,,,,,,,,,86.5,153,,,,,,,,,,,,,,,,,,
2026-07-01T20:01:48.029152+00:00,2026-07-01T20:01:48.029053,2,1,86.25,0.5,86.0,100,85.7,100,,,,,,,,,,,,,,,,,86.5,153,,,,,,,,,,,,,,,,,,
2026-07-01T20:01:48.082814+00:00,2026-07-01T20:01:48.082663,2,2,86.1,0.2,86.0,100,85.7,100,,,,,,,,,,,,,,,,,86.2,100,86.5,153,,,,,,,,,,,,,,,,
2026-07-01T20:01:48.697935+00:00,2026-07-01T20:01:48.697871,1,2,85.95,0.5,85.7,100,,,,,,,,,,,,,,,,,,,86.2,100,86.5,3,,,,,,,,,,,,,,,,
2026-07-01T20:01:48.748149+00:00,2026-07-01T20:01:48.748238,2,2,85.95,0.5,85.7,100,85.4,150,,,,,,,,,,,,,,,,,86.2,100,86.5,3,,,,,,,,,,,,,,,,
2026-07-01T20:01:48.815953+00:00,2026-07-01T20:01:48.809625,2,3,85.8,0.2,85.7,100,85.4,150,,,,,,,,,,,,,,,,,85.9,140,86.2,100,86.5,3,,,,,,,,,,,,,,
2026-07-01T20:01:51.137647+00:00,2026-07-01T20:01:51.137467,1,2,85.65,0.5,85.4,150,,,,,,,,,,,,,,,,,,,85.9,140,86.5,3,,,,,,,,,,,,,,,,
2026-07-01T20:01:51.187362+00:00,2026-07-01T20:01:51.187315,2,2,85.8,0.2,85.7,100,85.4,150,,,,,,,,,,,,,,,,,85.9,140,86.5,3,,,,,,,,,,,,,,,,
2026-07-01T20:01:51.269167+00:00,2026-07-01T20:01:51.269274,2,3,85.8,0.2,85.7,100,85.4,150,,,,,,,,,,,,,,,,,85.9,140,86.2,100,86.5,3,,,,,,,,,,,,,,
2026-07-01T20:01:51.274697+00:00,2026-07-01T20:01:51.274511,2,3,85.8,0.2,85.7,100,85.4,150,,,,,,,,,,,,,,,,,85.9,92,86.2,100,86.5,3,,,,,,,,,,,,,,
2026-07-01T20:01:51.848526+00:00,2026-07-01T20:01:51.848399,2,3,85.8,0.2,85.7,100,85.4,150,,,,,,,,,,,,,,,,,85.9,44,86.2,100,86.5,3,,,,,,,,,,,,,,
2026-07-01T20:01:51.890062+00:00,2026-07-01T20:01:51.889909,1,2,85.95,0.5,85.7,100,,,,,,,,,,,,,,,,,,,86.2,100,86.5,3,,,,,,,,,,,,,,,,
2026-07-01T20:01:51.941947+00:00,2026-07-01T20:01:51.941913,1,2,85.95,0.5,85.7,250,,,,,,,,,,,,,,,,,,,86.2,100,86.5,3,,,,,,,,,,,,,,,,
2026-07-01T20:01:51.992996+00:00,2026-07-01T20:01:51.993342,1,2,85.95,0.5,85.7,250,,,,,,,,,,,,,,,,,,,86.2,250,86.5,3,,,,,,,,,,,,,,,,
2026-07-01T20:01:52.137120+00:00,2026-07-01T20:01:52.136944,1,2,85.95,0.5,85.7,200,,,,,,,,,,,,,,,,,,,86.2,250,86.5,3,,,,,,,,,,,,,,,,
2026-07-01T20:01:54.259185+00:00,2026-07-01T20:01:54.258868,1,2,85.95,0.5,85.7,150,,,,,,,,,,,,,,,,,,,86.2,250,86.5,3,,,,,,,,,,,,,,,,
2026-07-01T20:01:54.291486+00:00,2026-07-01T20:01:54.291350,1,1,85.95,0.5,85.7,150,,,,,,,,,,,,,,,,,,,86.2,250,,,,,,,,,,,,,,,,,,
2026-07-01T20:01:54.323921+00:00,2026-07-01T20:01:54.323839,1,1,85.95,0.5,85.7,150,,,,,,,,,,,,,,,,,,,86.2,150,,,,,,,,,,,,,,,,,,
2026-07-01T20:01:54.380810+00:00,2026-07-01T20:01:54.380681,2,1,85.95,0.5,85.7,150,85.4,100,,,,,,,,,,,,,,,,,86.2,150,,,,,,,,,,,,,,,,,,
2026-07-01T20:01:54.438910+00:00,2026-07-01T20:01:54.438811,2,2,85.8,0.2,85.7,150,85.4,100,,,,,,,,,,,,,,,,,85.9,100,86.2,150,,,,,,,,,,,,,,,,
2026-07-01T20:01:55.058789+00:00,2026-07-01T20:01:55.058756,1,1,85.65,0.5,85.4,100,,,,,,,,,,,,,,,,,,,85.9,100,,,,,,,,,,,,,,,,,,
2026-07-01T20:01:55.111386+00:00,2026-07-01T20:01:55.111202,2,0,,,85.9,50,85.4,100,,,,,,,,,,,,,,,,,,,,,,,,,,,,,,,,,,,,
2026-07-01T20:01:55.164160+00:00,2026-07-01T20:01:55.164009,2,1,86.15,0.5,85.9,50,85.4,100,,,,,,,,,,,,,,,,,86.4,150,,,,,,,,,,,,,,,,,,
2026-07-01T20:01:56.180375+00:00,2026-07-01T20:01:56.180311,2,2,86.1,0.4,85.9,50,85.4,100,,,,,,,,,,,,,,,,,86.3,6,86.4,150,,,,,,,,,,,,,,,,
2026-07-01T20:01:56.297935+00:00,2026-07-01T20:01:56.297836,2,1,86.15,0.5,85.9,50,85.4,100,,,,,,,,,,,,,,,,,86.4,106,,,,,,,,,,,,,,,,,,
2026-07-01T20:01:56.404886+00:00,2026-07-01T20:01:56.404820,2,2,86.1,0.4,85.9,50,85.4,100,,,,,,,,,,,,,,,,,86.3,6,86.4,106,,,,,,,,,,,,,,,,
2026-07-01T20:01:56.773967+00:00,2026-07-01T20:01:56.773912,2,2,86.1,0.4,85.9,8,85.4,100,,,,,,,,,,,,,,,,,86.3,6,86.4,106,,,,,,,,,,,,,,,,
2026-07-01T20:01:57.492548+00:00,2026-07-01T20:01:57.492509,1,2,86.1,0.4,85.9,8,,,,,,,,,,,,,,,,,,,86.3,6,86.4,106,,,,,,,,,,,,,,,,
2026-07-01T20:01:57.558697+00:00,2026-07-01T20:01:57.548050,1,2,86.1,0.4,85.9,108,,,,,,,,,,,,,,,,,,,86.3,6,86.4,106,,,,,,,,,,,,,,,,
2026-07-01T20:01:57.599282+00:00,2026-07-01T20:01:57.599216,1,2,86.1,0.4,85.9,108,,,,,,,,,,,,,,,,,,,86.3,6,86.4,206,,,,,,,,,,,,,,,,
2026-07-01T20:01:57.723724+00:00,2026-07-01T20:01:57.723590,1,2,86.1,0.4,85.9,108,,,,,,,,,,,,,,,,,,,86.3,5,86.4,206,,,,,,,,,,,,,,,,
2026-07-01T20:01:58.217360+00:00,2026-07-01T20:01:58.217330,1,2,86.1,0.4,85.9,108,,,,,,,,,,,,,,,,,,,86.3,5,86.4,100,,,,,,,,,,,,,,,,
2026-07-01T20:01:58.222410+00:00,2026-07-01T20:01:58.222474,1,2,86.1,0.4,85.9,100,,,,,,,,,,,,,,,,,,,86.3,5,86.4,100,,,,,,,,,,,,,,,,
2026-07-01T20:01:58.276672+00:00,2026-07-01T20:01:58.276837,2,2,86.1,0.4,85.9,100,85.5,150,,,,,,,,,,,,,,,,,86.3,5,86.4,100,,,,,,,,,,,,,,,,
2026-07-01T20:01:58.330699+00:00,2026-07-01T20:01:58.330821,2,3,85.95,0.1,85.9,100,85.5,150,,,,,,,,,,,,,,,,,86.0,150,86.3,5,86.4,100,,,,,,,,,,,,,,
2026-07-01T20:01:58.341176+00:00,2026-07-01T20:01:58.341272,2,3,85.95,0.1,85.9,100,85.5,150,,,,,,,,,,,,,,,,,86.0,150,86.3,3,86.4,100,,,,,,,,,,,,,,
2026-07-01T20:01:58.464039+00:00,2026-07-01T20:01:58.463819,2,3,85.95,0.1,85.9,50,85.5,150,,,,,,,,,,,,,,,,,86.0,150,86.3,3,86.4,100,,,,,,,,,,,,,,
2026-07-01T20:01:59.323880+00:00,2026-07-01T20:01:59.323826,2,3,85.95,0.1,85.9,1,85.5,150,,,,,,,,,,,,,,,,,86.0,150,86.3,3,86.4,100,,,,,,,,,,,,,,
2026-07-01T20:02:00.395413+00:00,2026-07-01T20:02:00.395364,2,3,85.95,0.1,85.9,1,85.5,150,,,,,,,,,,,,,,,,,86.0,150,86.3,2,86.4,100,,,,,,,,,,,,,,
2026-07-01T20:02:00.511214+00:00,2026-07-01T20:02:00.511167,2,3,85.95,0.1,85.9,1,85.5,150,,,,,,,,,,,,,,,,,86.0,100,86.3,2,86.4,100,,,,,,,,,,,,,,
2026-07-01T20:02:00.658586+00:00,2026-07-01T20:02:00.653236,1,2,85.75,0.5,85.5,150,,,,,,,,,,,,,,,,,,,86.0,100,86.3,2,,,,,,,,,,,,,,,,
2026-07-01T20:02:00.709305+00:00,2026-07-01T20:02:00.709203,1,2,85.75,0.5,85.5,250,,,,,,,,,,,,,,,,,,,86.0,100,86.3,2,,,,,,,,,,,,,,,,
2026-07-01T20:02:00.758628+00:00,2026-07-01T20:02:00.756226,1,2,85.75,0.5,85.5,250,,,,,,,,,,,,,,,,,,,86.0,200,86.3,2,,,,,,,,,,,,,,,,
2026-07-01T20:02:01.384908+00:00,2026-07-01T20:02:01.384802,1,2,85.75,0.5,85.5,100,,,,,,,,,,,,,,,,,,,86.0,100,86.3,2,,,,,,,,,,,,,,,,
2026-07-01T20:02:01.440191+00:00,2026-07-01T20:02:01.440065,2,2,85.95,0.1,85.9,150,85.5,100,,,,,,,,,,,,,,,,,86.0,100,86.3,2,,,,,,,,,,,,,,,,
2026-07-01T20:02:01.488163+00:00,2026-07-01T20:02:01.488084,2,3,85.95,0.1,85.9,150,85.5,100,,,,,,,,,,,,,,,,,86.0,100,86.3,2,86.4,150,,,,,,,,,,,,,,
2026-07-01T20:02:02.094595+00:00,2026-07-01T20:02:02.088067,2,3,85.95,0.1,85.9,150,85.5,100,,,,,,,,,,,,,,,,,86.0,97,86.3,2,86.4,150,,,,,,,,,,,,,,
2026-07-01T20:02:03.081281+00:00,2026-07-01T20:02:03.081227,2,3,85.95,0.1,85.9,150,85.5,100,,,,,,,,,,,,,,,,,86.0,97,86.3,1,86.4,150,,,,,,,,,,,,,,
2026-07-01T20:02:03.505006+00:00,2026-07-01T20:02:03.498187,2,3,85.95,0.1,85.9,147,85.5,100,,,,,,,,,,,,,,,,,86.0,97,86.3,1,86.4,150,,,,,,,,,,,,,,
2026-07-01T20:02:03.740028+00:00,2026-07-01T20:02:03.739849,2,3,85.95,0.1,85.9,147,85.5,100,,,,,,,,,,,,,,,,,86.0,55,86.3,1,86.4,150,,,,,,,,,,,,,,
2026-07-01T20:02:03.816757+00:00,2026-07-01T20:02:03.816677,1,2,86.1,0.4,85.9,147,,,,,,,,,,,,,,,,,,,86.3,1,86.4,150,,,,,,,,,,,,,,,,
2026-07-01T20:02:03.869805+00:00,2026-07-01T20:02:03.869871,2,2,86.1,0.4,85.9,147,85.6,100,,,,,,,,,,,,,,,,,86.3,1,86.4,150,,,,,,,,,,,,,,,,
2026-07-01T20:02:03.923860+00:00,2026-07-01T20:02:03.923812,2,3,86.0,0.2,85.9,147,85.6,100,,,,,,,,,,,,,,,,,86.1,100,86.3,1,86.4,150,,,,,,,,,,,,,,
2026-07-01T20:02:04.309564+00:00,2026-07-01T20:02:04.309470,2,3,86.0,0.2,85.9,147,85.6,100,,,,,,,,,,,,,,,,,86.1,55,86.3,1,86.4,150,,,,,,,,,,,,,,
2026-07-01T20:02:04.543344+00:00,2026-07-01T20:02:04.543277,1,2,85.85,0.5,85.6,100,,,,,,,,,,,,,,,,,,,86.1,55,86.3,1,,,,,,,,,,,,,,,,
2026-07-01T20:02:04.596792+00:00,2026-07-01T20:02:04.596731,2,2,85.95,0.3,85.8,150,85.6,100,,,,,,,,,,,,,,,,,86.1,55,86.3,1,,,,,,,,,,,,,,,,
2026-07-01T20:02:04.658669+00:00,2026-07-01T20:02:04.647118,2,2,85.95,0.3,85.8,150,85.6,100,,,,,,,,,,,,,,,,,86.1,55,86.3,151,,,,,,,,,,,,,,,,
2026-07-01T20:02:04.778031+00:00,2026-07-01T20:02:04.777928,2,2,85.95,0.3,85.8,100,85.6,100,,,,,,,,,,,,,,,,,86.1,55,86.3,151,,,,,,,,,,,,,,,,
2026-07-01T20:02:05.331464+00:00,2026-07-01T20:02:05.331302,2,2,85.95,0.3,85.8,100,85.6,100,,,,,,,,,,,,,,,,,86.1,55,86.3,150,,,,,,,,,,,,,,,,
2026-07-01T20:02:06.336870+00:00,2026-07-01T20:02:06.336794,3,2,86.0,0.2,85.9,5,85.8,100,85.6,100,,,,,,,,,,,,,,,86.1,55,86.3,150,,,,,,,,,,,,,,,,
2026-07-01T20:02:06.779304+00:00,2026-07-01T20:02:06.779196,3,2,86.0,0.2,85.9,5,85.8,100,85.6,100,,,,,,,,,,,,,,,86.1,13,86.3,150,,,,,,,,,,,,,,,,
2026-07-01T20:02:06.884283+00:00,2026-07-01T20:02:06.884158,2,2,85.95,0.3,85.8,55,85.6,100,,,,,,,,,,,,,,,,,86.1,13,86.3,150,,,,,,,,,,,,,,,,
2026-07-01T20:02:06.980040+00:00,2026-07-01T20:02:06.980156,1,1,86.05,0.5,85.8,55,,,,,,,,,,,,,,,,,,,86.3,150,,,,,,,,,,,,,,,,,,
2026-07-01T20:02:07.029967+00:00,2026-07-01T20:02:07.029811,2,1,86.15,0.3,86.0,100,85.8,55,,,,,,,,,,,,,,,,,86.3,150,,,,,,,,,,,,,,,,,,
2026-07-01T20:02:07.081965+00:00,2026-07-01T20:02:07.081891,2,2,86.15,0.3,86.0,100,85.8,55,,,,,,,,,,,,,,,,,86.3,150,86.5,100,,,,,,,,,,,,,,,,
2026-07-01T20:02:07.309422+00:00,2026-07-01T20:02:07.309304,3,2,86.15,0.3,86.0,100,85.9,6,85.8,55,,,,,,,,,,,,,,,86.3,150,86.5,100,,,,,,,,,,,,,,,,
2026-07-01T20:02:07.703330+00:00,2026-07-01T20:02:07.703280,2,1,86.25,0.5,86.0,100,85.9,6,,,,,,,,,,,,,,,,,86.5,100,,,,,,,,,,,,,,,,,,
2026-07-01T20:02:07.763891+00:00,2026-07-01T20:02:07.763740,3,1,86.25,0.5,86.0,100,85.9,6,85.5,150,,,,,,,,,,,,,,,86.5,100,,,,,,,,,,,,,,,,,,
2026-07-01T20:02:07.811488+00:00,2026-07-01T20:02:07.811378,2,2,85.95,0.1,85.9,6,85.5,150,,,,,,,,,,,,,,,,,86.0,50,86.5,100,,,,,,,,,,,,,,,,
2026-07-01T20:02:08.705288+00:00,2026-07-01T20:02:08.705193,2,2,85.95,0.1,85.9,5,85.5,150,,,,,,,,,,,,,,,,,86.0,50,86.5,100,,,,,,,,,,,,,,,,
2026-07-01T20:02:08.993572+00:00,2026-07-01T20:02:08.993539,1,2,85.75,0.5,85.5,105,,,,,,,,,,,,,,,,,,,86.0,50,86.5,100,,,,,,,,,,,,,,,,
2026-07-01T20:02:10.139401+00:00,2026-07-01T20:02:10.139488,1,1,85.75,0.5,85.5,105,,,,,,,,,,,,,,,,,,,86.0,50,,,,,,,,,,,,,,,,,,
2026-07-01T20:02:10.193203+00:00,2026-07-01T20:02:10.193144,2,1,85.9,0.2,85.8,100,85.5,105,,,,,,,,,,,,,,,,,86.0,50,,,,,,,,,,,,,,,,,,
2026-07-01T20:02:10.246378+00:00,2026-07-01T20:02:10.246265,2,2,85.9,0.2,85.8,100,85.5,105,,,,,,,,,,,,,,,,,86.0,50,86.3,100,,,,,,,,,,,,,,,,
2026-07-01T20:02:10.863877+00:00,2026-07-01T20:02:10.863855,2,1,86.05,0.5,85.8,100,85.5,105,,,,,,,,,,,,,,,,,86.3,100,,,,,,,,,,,,,,,,,,
2026-07-01T20:02:10.868940+00:00,2026-07-01T20:02:10.869041,1,1,86.05,0.5,85.8,100,,,,,,,,,,,,,,,,,,,86.3,100,,,,,,,,,,,,,,,,,,
2026-07-01T20:02:10.922169+00:00,2026-07-01T20:02:10.922096,1,1,86.05,0.5,85.8,250,,,,,,,,,,,,,,,,,,,86.3,100,,,,,,,,,,,,,,,,,,
2026-07-01T20:02:10.975766+00:00,2026-07-01T20:02:10.975702,1,1,86.05,0.5,85.8,250,,,,,,,,,,,,,,,,,,,86.3,250,,,,,,,,,,,,,,,,,,
2026-07-01T20:02:11.101967+00:00,2026-07-01T20:02:11.101838,1,1,86.05,0.5,85.8,200,,,,,,,,,,,,,,,,,,,86.3,250,,,,,,,,,,,,,,,,,,
2026-07-01T20:02:13.210077+00:00,2026-07-01T20:02:13.209963,1,1,86.05,0.5,85.8,150,,,,,,,,,,,,,,,,,,,86.3,250,,,,,,,,,,,,,,,,,,
2026-07-01T20:02:13.301900+00:00,2026-07-01T20:02:13.301830,1,1,86.05,0.5,85.8,150,,,,,,,,,,,,,,,,,,,86.3,150,,,,,,,,,,,,,,,,,,
2026-07-01T20:02:13.358627+00:00,2026-07-01T20:02:13.349436,2,1,86.05,0.5,85.8,150,85.4,100,,,,,,,,,,,,,,,,,86.3,150,,,,,,,,,,,,,,,,,,
2026-07-01T20:02:13.405144+00:00,2026-07-01T20:02:13.405037,2,2,85.85,0.1,85.8,150,85.4,100,,,,,,,,,,,,,,,,,85.9,100,86.3,150,,,,,,,,,,,,,,,,
2026-07-01T20:02:14.029551+00:00,2026-07-01T20:02:14.029664,1,1,85.65,0.5,85.4,100,,,,,,,,,,,,,,,,,,,85.9,100,,,,,,,,,,,,,,,,,,
2026-07-01T20:02:14.079977+00:00,2026-07-01T20:02:14.079867,2,1,85.7,0.4,85.5,150,85.4,100,,,,,,,,,,,,,,,,,85.9,100,,,,,,,,,,,,,,,,,,
2026-07-01T20:02:14.139767+00:00,2026-07-01T20:02:14.139676,2,2,85.7,0.4,85.5,150,85.4,100,,,,,,,,,,,,,,,,,85.9,100,86.0,150,,,,,,,,,,,,,,,,
2026-07-01T20:02:15.316346+00:00,2026-07-01T20:02:15.316263,2,2,85.7,0.4,85.5,100,85.4,100,,,,,,,,,,,,,,,,,85.9,100,86.0,150,,,,,,,,,,,,,,,,
2026-07-01T20:02:15.379584+00:00,2026-07-01T20:02:15.379451,2,3,85.7,0.4,85.5,100,85.4,100,,,,,,,,,,,,,,,,,85.9,100,86.0,150,86.1,5,,,,,,,,,,,,,,
2026-07-01T20:02:15.384565+00:00,2026-07-01T20:02:15.384646,3,3,85.85,0.1,85.8,1,85.5,100,85.4,100,,,,,,,,,,,,,,,85.9,100,86.0,150,86.1,5,,,,,,,,,,,,,,
2026-07-01T20:02:15.579797+00:00,2026-07-01T20:02:15.579634,2,3,85.7,0.4,85.5,58,85.4,100,,,,,,,,,,,,,,,,,85.9,100,86.0,150,86.1,5,,,,,,,,,,,,,,
2026-07-01T20:02:16.384166+00:00,2026-07-01T20:02:16.384259,3,3,85.85,0.1,85.8,1,85.5,58,85.4,100,,,,,,,,,,,,,,,85.9,100,86.0,150,86.1,5,,,,,,,,,,,,,,
2026-07-01T20:02:16.463849+00:00,2026-07-01T20:02:16.463761,2,2,85.9,0.2,85.8,1,85.5,58,,,,,,,,,,,,,,,,,86.0,150,86.1,5,,,,,,,,,,,,,,,,
2026-07-01T20:02:16.514000+00:00,2026-07-01T20:02:16.513952,3,2,85.9,0.2,85.8,1,85.5,58,85.2,100,,,,,,,,,,,,,,,86.0,150,86.1,5,,,,,,,,,,,,,,,,
2026-07-01T20:02:16.570713+00:00,2026-07-01T20:02:16.570786,2,3,85.6,0.2,85.5,58,85.2,100,,,,,,,,,,,,,,,,,85.7,99,86.0,150,86.1,5,,,,,,,,,,,,,,
2026-07-01T20:02:17.193132+00:00,2026-07-01T20:02:17.193318,1,2,85.45,0.5,85.2,100,,,,,,,,,,,,,,,,,,,85.7,99,86.1,5,,,,,,,,,,,,,,,,
2026-07-01T20:02:17.258567+00:00,2026-07-01T20:02:17.247140,2,2,85.45,0.5,85.2,100,85.1,150,,,,,,,,,,,,,,,,,85.7,98,86.1,5,,,,,,,,,,,,,,,,
2026-07-01T20:02:17.309822+00:00,2026-07-01T20:02:17.303987,2,3,85.4,0.4,85.2,100,85.1,150,,,,,,,,,,,,,,,,,85.6,148,85.7,98,86.1,5,,,,,,,,,,,,,,
2026-07-01T20:02:17.403103+00:00,2026-07-01T20:02:17.390556,2,3,85.4,0.4,85.2,100,85.1,150,,,,,,,,,,,,,,,,,85.6,147,85.7,98,86.1,5,,,,,,,,,,,,,,
2026-07-01T20:02:17.424094+00:00,2026-07-01T20:02:17.423911,2,3,85.4,0.4,85.2,50,85.1,150,,,,,,,,,,,,,,,,,85.6,147,85.7,98,86.1,5,,,,,,,,,,,,,,
2026-07-01T20:02:17.558555+00:00,2026-07-01T20:02:17.558156,2,3,85.4,0.4,85.2,7,85.1,150,,,,,,,,,,,,,,,,,85.6,147,85.7,98,86.1,5,,,,,,,,,,,,,,
2026-07-01T20:02:17.669241+00:00,2026-07-01T20:02:17.669115,2,3,85.4,0.4,85.2,7,85.1,150,,,,,,,,,,,,,,,,,85.6,146,85.7,98,86.1,5,,,,,,,,,,,,,,
2026-07-01T20:02:17.893732+00:00,2026-07-01T20:02:17.888637,2,3,85.4,0.4,85.2,7,85.1,150,,,,,,,,,,,,,,,,,85.6,135,85.7,98,86.1,5,,,,,,,,,,,,,,
2026-07-01T20:02:19.070943+00:00,2026-07-01T20:02:19.070833,2,3,85.4,0.4,85.2,7,85.1,150,,,,,,,,,,,,,,,,,85.6,134,85.7,98,86.1,5,,,,,,,,,,,,,,
2026-07-01T20:02:19.221323+00:00,2026-07-01T20:02:19.221283,2,3,85.4,0.4,85.2,7,85.1,150,,,,,,,,,,,,,,,,,85.6,134,85.7,98,86.1,4,,,,,,,,,,,,,,
2026-07-01T20:02:19.533530+00:00,2026-07-01T20:02:19.533432,1,3,85.35,0.5,85.1,107,,,,,,,,,,,,,,,,,,,85.6,134,85.7,98,86.1,4,,,,,,,,,,,,,,
2026-07-01T20:02:19.625148+00:00,2026-07-01T20:02:19.625103,1,2,85.35,0.5,85.1,107,,,,,,,,,,,,,,,,,,,85.6,134,86.1,4,,,,,,,,,,,,,,,,
2026-07-01T20:02:19.663913+00:00,2026-07-01T20:02:19.663815,1,2,85.35,0.5,85.1,107,,,,,,,,,,,,,,,,,,,85.6,132,86.1,4,,,,,,,,,,,,,,,,
2026-07-01T20:02:19.674619+00:00,2026-07-01T20:02:19.674489,2,2,85.35,0.5,85.1,107,84.9,100,,,,,,,,,,,,,,,,,85.6,132,86.1,4,,,,,,,,,,,,,,,,
2026-07-01T20:02:19.679764+00:00,2026-07-01T20:02:19.679721,2,1,85.35,0.5,85.1,107,84.9,100,,,,,,,,,,,,,,,,,85.6,130,,,,,,,,,,,,,,,,,,
2026-07-01T20:02:19.747243+00:00,2026-07-01T20:02:19.741369,2,3,85.25,0.3,85.1,107,84.9,100,,,,,,,,,,,,,,,,,85.4,76,85.6,130,85.9,4,,,,,,,,,,,,,,
2026-07-01T20:02:20.224057+00:00,2026-07-01T20:02:20.224221,2,3,85.25,0.3,85.1,107,84.9,100,,,,,,,,,,,,,,,,,85.4,74,85.6,130,85.9,4,,,,,,,,,,,,,,
2026-07-01T20:02:20.258624+00:00,2026-07-01T20:02:20.248454,2,3,85.25,0.3,85.1,107,84.9,100,,,,,,,,,,,,,,,,,85.4,73,85.6,130,85.9,4,,,,,,,,,,,,,,
2026-07-01T20:02:20.358580+00:00,2026-07-01T20:02:20.348156,1,2,85.15,0.5,84.9,100,,,,,,,,,,,,,,,,,,,85.4,73,85.9,4,,,,,,,,,,,,,,,,
2026-07-01T20:02:20.412444+00:00,2026-07-01T20:02:20.412386,2,2,85.25,0.3,85.1,150,84.9,100,,,,,,,,,,,,,,,,,85.4,73,85.9,4,,,,,,,,,,,,,,,,
2026-07-01T20:02:20.464332+00:00,2026-07-01T20:02:20.464027,2,2,85.25,0.3,85.1,150,84.9,100,,,,,,,,,,,,,,,,,85.4,72,85.9,4,,,,,,,,,,,,,,,,
2026-07-01T20:02:20.469626+00:00,2026-07-01T20:02:20.469487,2,3,85.25,0.3,85.1,150,84.9,100,,,,,,,,,,,,,,,,,85.4,72,85.6,150,85.9,4,,,,,,,,,,,,,,
2026-07-01T20:02:20.474788+00:00,2026-07-01T20:02:20.474743,2,3,85.25,0.3,85.1,150,84.9,100,,,,,,,,,,,,,,,,,85.4,71,85.6,150,85.9,4,,,,,,,,,,,,,,
2026-07-01T20:02:20.495674+00:00,2026-07-01T20:02:20.495531,2,3,85.25,0.3,85.1,150,84.9,100,,,,,,,,,,,,,,,,,85.4,70,85.6,150,85.9,4,,,,,,,,,,,,,,
2026-07-01T20:02:20.539442+00:00,2026-07-01T20:02:20.539374,2,3,85.25,0.3,85.1,150,84.9,100,,,,,,,,,,,,,,,,,85.4,68,85.6,150,85.9,4,,,,,,,,,,,,,,
2026-07-01T20:02:20.589171+00:00,2026-07-01T20:02:20.589057,2,3,85.25,0.3,85.1,150,84.9,100,,,,,,,,,,,,,,,,,85.4,67,85.6,150,85.9,4,,,,,,,,,,,,,,
2026-07-01T20:02:20.678448+00:00,2026-07-01T20:02:20.678393,2,3,85.25,0.3,85.1,150,84.9,100,,,,,,,,,,,,,,,,,85.4,66,85.6,150,85.9,4,,,,,,,,,,,,,,
2026-07-01T20:02:20.698362+00:00,2026-07-01T20:02:20.698264,2,3,85.25,0.3,85.1,150,84.9,100,,,,,,,,,,,,,,,,,85.4,64,85.6,150,85.9,4,,,,,,,,,,,,,,
2026-07-01T20:02:20.720193+00:00,2026-07-01T20:02:20.720398,2,3,85.25,0.3,85.1,150,84.9,100,,,,,,,,,,,,,,,,,85.4,63,85.6,150,85.9,4,,,,,,,,,,,,,,
2026-07-01T20:02:20.742771+00:00,2026-07-01T20:02:20.742714,2,3,85.25,0.3,85.1,150,84.9,100,,,,,,,,,,,,,,,,,85.4,62,85.6,150,85.9,4,,,,,,,,,,,,,,
2026-07-01T20:02:20.765476+00:00,2026-07-01T20:02:20.765349,2,3,85.25,0.3,85.1,150,84.9,100,,,,,,,,,,,,,,,,,85.4,61,85.6,150,85.9,4,,,,,,,,,,,,,,
2026-07-01T20:02:21.279935+00:00,2026-07-01T20:02:21.279894,2,3,85.25,0.3,85.1,150,84.9,100,,,,,,,,,,,,,,,,,85.4,60,85.6,150,85.9,4,,,,,,,,,,,,,,
2026-07-01T20:02:21.335623+00:00,2026-07-01T20:02:21.335756,2,3,85.25,0.3,85.1,150,84.9,100,,,,,,,,,,,,,,,,,85.4,59,85.6,150,85.9,4,,,,,,,,,,,,,,
2026-07-01T20:02:21.351405+00:00,2026-07-01T20:02:21.351646,2,3,85.25,0.3,85.1,150,84.9,100,,,,,,,,,,,,,,,,,85.4,58,85.6,150,85.9,4,,,,,,,,,,,,,,
2026-07-01T20:02:21.645519+00:00,2026-07-01T20:02:21.645405,2,3,85.25,0.3,85.1,100,84.9,100,,,,,,,,,,,,,,,,,85.4,58,85.6,150,85.9,4,,,,,,,,,,,,,,
2026-07-01T20:02:21.703923+00:00,2026-07-01T20:02:21.703842,2,3,85.25,0.3,85.1,100,84.9,100,,,,,,,,,,,,,,,,,85.4,58,85.6,150,85.9,2,,,,,,,,,,,,,,
2026-07-01T20:02:22.784104+00:00,2026-07-01T20:02:22.784059,2,2,85.35,0.5,85.1,100,84.9,100,,,,,,,,,,,,,,,,,85.6,150,85.9,2,,,,,,,,,,,,,,,,
2026-07-01T20:02:22.789376+00:00,2026-07-01T20:02:22.789243,1,2,85.35,0.5,85.1,100,,,,,,,,,,,,,,,,,,,85.6,150,85.9,2,,,,,,,,,,,,,,,,
2026-07-01T20:02:22.843335+00:00,2026-07-01T20:02:22.843217,2,2,85.35,0.5,85.1,100,85.0,100,,,,,,,,,,,,,,,,,85.6,150,85.9,2,,,,,,,,,,,,,,,,
2026-07-01T20:02:22.891732+00:00,2026-07-01T20:02:22.891825,2,3,85.3,0.4,85.1,100,85.0,100,,,,,,,,,,,,,,,,,85.5,100,85.6,150,85.9,2,,,,,,,,,,,,,,
2026-07-01T20:02:23.524780+00:00,2026-07-01T20:02:23.524717,1,2,85.25,0.5,85.0,100,,,,,,,,,,,,,,,,,,,85.5,100,85.9,2,,,,,,,,,,,,,,,,
2026-07-01T20:02:23.579347+00:00,2026-07-01T20:02:23.579267,2,2,85.25,0.5,85.0,100,84.9,150,,,,,,,,,,,,,,,,,85.5,100,85.9,2,,,,,,,,,,,,,,,,
2026-07-01T20:02:23.631567+00:00,2026-07-01T20:02:23.631491,2,3,85.2,0.4,85.0,100,84.9,150,,,,,,,,,,,,,,,,,85.4,150,85.5,100,85.9,2,,,,,,,,,,,,,,
2026-07-01T20:02:23.763824+00:00,2026-07-01T20:02:23.763934,2,3,85.2,0.4,85.0,50,84.9,150,,,,,,,,,,,,,,,,,85.4,150,85.5,100,85.9,2,,,,,,,,,,,,,,
2026-07-01T20:02:25.732595+00:00,2026-07-01T20:02:25.720309,2,2,85.2,0.4,85.0,50,84.9,150,,,,,,,,,,,,,,,,,85.4,127,85.5,100,,,,,,,,,,,,,,,,
2026-07-01T20:02:25.868894+00:00,2026-07-01T20:02:25.868785,1,2,85.15,0.5,84.9,150,,,,,,,,,,,,,,,,,,,85.4,127,85.5,100,,,,,,,,,,,,,,,,
2026-07-01T20:02:25.958711+00:00,2026-07-01T20:02:25.958650,1,1,85.15,0.5,84.9,150,,,,,,,,,,,,,,,,,,,85.4,127,,,,,,,,,,,,,,,,,,
2026-07-01T20:02:26.003644+00:00,2026-07-01T20:02:26.003609,2,1,85.2,0.4,85.0,100,84.9,150,,,,,,,,,,,,,,,,,85.4,127,,,,,,,,,,,,,,,,,,
2026-07-01T20:02:26.058542+00:00,2026-07-01T20:02:26.051900,2,2,85.2,0.4,85.0,100,84.9,150,,,,,,,,,,,,,,,,,85.4,127,85.5,100,,,,,,,,,,,,,,,,
2026-07-01T20:02:26.558556+00:00,2026-07-01T20:02:26.557623,2,3,85.2,0.4,85.0,100,84.9,150,,,,,,,,,,,,,,,,,85.4,127,85.5,100,85.7,3,,,,,,,,,,,,,,
2026-07-01T20:02:26.579819+00:00,2026-07-01T20:02:26.579734,2,3,85.2,0.4,85.0,100,84.9,150,,,,,,,,,,,,,,,,,85.4,125,85.5,100,85.7,3,,,,,,,,,,,,,,
2026-07-01T20:02:26.685876+00:00,2026-07-01T20:02:26.685842,1,2,85.25,0.5,85.0,100,,,,,,,,,,,,,,,,,,,85.5,100,85.7,3,,,,,,,,,,,,,,,,
2026-07-01T20:02:26.739883+00:00,2026-07-01T20:02:26.739786,2,2,85.35,0.3,85.2,150,85.0,100,,,,,,,,,,,,,,,,,85.5,100,85.7,3,,,,,,,,,,,,,,,,
2026-07-01T20:02:26.793008+00:00,2026-07-01T20:02:26.792888,2,2,85.35,0.3,85.2,150,85.0,100,,,,,,,,,,,,,,,,,85.5,100,85.7,153,,,,,,,,,,,,,,,,
2026-07-01T20:02:26.886929+00:00,2026-07-01T20:02:26.887113,3,2,85.4,0.2,85.3,3,85.2,150,85.0,100,,,,,,,,,,,,,,,85.5,100,85.7,153,,,,,,,,,,,,,,,,
2026-07-01T20:02:27.624327+00:00,2026-07-01T20:02:27.624545,2,2,85.35,0.3,85.2,150,85.0,100,,,,,,,,,,,,,,,,,85.5,100,85.7,150,,,,,,,,,,,,,,,,
2026-07-01T20:02:27.969004+00:00,2026-07-01T20:02:27.968942,2,2,85.35,0.3,85.2,100,85.0,100,,,,,,,,,,,,,,,,,85.5,100,85.7,150,,,,,,,,,,,,,,,,
2026-07-01T20:02:29.110872+00:00,2026-07-01T20:02:29.110987,1,1,85.45,0.5,85.2,100,,,,,,,,,,,,,,,,,,,85.7,150,,,,,,,,,,,,,,,,,,
2026-07-01T20:02:29.165885+00:00,2026-07-01T20:02:29.165799,2,1,85.45,0.5,85.2,100,84.8,100,,,,,,,,,,,,,,,,,85.7,150,,,,,,,,,,,,,,,,,,
2026-07-01T20:02:29.216250+00:00,2026-07-01T20:02:29.216199,2,2,85.25,0.1,85.2,100,84.8,100,,,,,,,,,,,,,,,,,85.3,100,85.7,150,,,,,,,,,,,,,,,,
2026-07-01T20:02:29.843879+00:00,2026-07-01T20:02:29.843768,1,1,85.05,0.5,84.8,100,,,,,,,,,,,,,,,,,,,85.3,100,,,,,,,,,,,,,,,,,,
2026-07-01T20:02:29.901308+00:00,2026-07-01T20:02:29.901267,1,1,85.05,0.5,84.8,250,,,,,,,,,,,,,,,,,,,85.3,100,,,,,,,,,,,,,,,,,,
2026-07-01T20:02:29.963814+00:00,2026-07-01T20:02:29.963696,1,1,85.05,0.5,84.8,250,,,,,,,,,,,,,,,,,,,85.3,250,,,,,,,,,,,,,,,,,,
2026-07-01T20:02:32.132486+00:00,2026-07-01T20:02:32.132609,1,1,85.05,0.5,84.8,250,,,,,,,,,,,,,,,,,,,85.3,200,,,,,,,,,,,,,,,,,,
2026-07-01T20:02:32.268826+00:00,2026-07-01T20:02:32.268956,1,1,85.05,0.5,84.8,150,,,,,,,,,,,,,,,,,,,85.3,150,,,,,,,,,,,,,,,,,,
2026-07-01T20:02:32.322956+00:00,2026-07-01T20:02:32.322871,2,1,85.15,0.3,85.0,100,84.8,150,,,,,,,,,,,,,,,,,85.3,150,,,,,,,,,,,,,,,,,,
2026-07-01T20:02:32.376616+00:00,2026-07-01T20:02:32.376511,2,2,85.15,0.3,85.0,100,84.8,150,,,,,,,,,,,,,,,,,85.3,150,85.5,100,,,,,,,,,,,,,,,,
2026-07-01T20:02:33.008087+00:00,2026-07-01T20:02:33.007986,1,1,85.25,0.5,85.0,100,,,,,,,,,,,,,,,,,,,85.5,100,,,,,,,,,,,,,,,,,,
2026-07-01T20:02:33.058623+00:00,2026-07-01T20:02:33.051543,2,1,85.25,0.5,85.0,100,84.8,150,,,,,,,,,,,,,,,,,85.5,100,,,,,,,,,,,,,,,,,,
2026-07-01T20:02:33.112585+00:00,2026-07-01T20:02:33.112497,2,2,85.15,0.3,85.0,100,84.8,150,,,,,,,,,,,,,,,,,85.3,150,85.5,100,,,,,,,,,,,,,,,,
2026-07-01T20:02:35.350609+00:00,2026-07-01T20:02:35.350516,2,2,85.15,0.3,85.0,100,84.8,150,,,,,,,,,,,,,,,,,85.3,105,85.5,100,,,,,,,,,,,,,,,,
2026-07-01T20:02:35.458631+00:00,2026-07-01T20:02:35.447994,1,1,85.05,0.5,84.8,150,,,,,,,,,,,,,,,,,,,85.3,105,,,,,,,,,,,,,,,,,,
2026-07-01T20:02:35.504392+00:00,2026-07-01T20:02:35.504331,1,1,85.05,0.5,84.8,250,,,,,,,,,,,,,,,,,,,85.3,105,,,,,,,,,,,,,,,,,,
2026-07-01T20:02:35.558621+00:00,2026-07-01T20:02:35.556360,1,1,85.05,0.5,84.8,250,,,,,,,,,,,,,,,,,,,85.3,205,,,,,,,,,,,,,,,,,,
2026-07-01T20:02:36.164119+00:00,2026-07-01T20:02:36.164038,1,1,85.05,0.5,84.8,250,,,,,,,,,,,,,,,,,,,85.3,100,,,,,,,,,,,,,,,,,,
2026-07-01T20:02:36.169250+00:00,2026-07-01T20:02:36.169199,1,1,85.05,0.5,84.8,100,,,,,,,,,,,,,,,,,,,85.3,100,,,,,,,,,,,,,,,,,,
2026-07-01T20:02:36.205566+00:00,2026-07-01T20:02:36.197194,1,1,85.05,0.5,84.8,100,,,,,,,,,,,,,,,,,,,85.3,89,,,,,,,,,,,,,,,,,,
2026-07-01T20:02:36.220825+00:00,2026-07-01T20:02:36.221056,2,1,85.2,0.2,85.1,150,84.8,100,,,,,,,,,,,,,,,,,85.3,89,,,,,,,,,,,,,,,,,,
2026-07-01T20:02:36.269804+00:00,2026-07-01T20:02:36.270014,2,2,85.2,0.2,85.1,150,84.8,100,,,,,,,,,,,,,,,,,85.3,89,85.6,150,,,,,,,,,,,,,,,,
2026-07-01T20:02:36.358559+00:00,2026-07-01T20:02:36.354364,2,2,85.2,0.2,85.1,150,84.8,100,,,,,,,,,,,,,,,,,85.3,39,85.6,150,,,,,,,,,,,,,,,,
2026-07-01T20:02:38.490196+00:00,2026-07-01T20:02:38.489989,2,1,85.35,0.5,85.1,150,84.8,100,,,,,,,,,,,,,,,,,85.6,139,,,,,,,,,,,,,,,,,,
2026-07-01T20:02:38.615402+00:00,2026-07-01T20:02:38.615245,1,1,85.35,0.5,85.1,150,,,,,,,,,,,,,,,,,,,85.6,139,,,,,,,,,,,,,,,,,,
2026-07-01T20:02:38.620615+00:00,2026-07-01T20:02:38.620561,1,2,85.25,0.3,85.1,150,,,,,,,,,,,,,,,,,,,85.4,5,85.6,139,,,,,,,,,,,,,,,,
2026-07-01T20:02:38.663921+00:00,2026-07-01T20:02:38.663848,2,2,85.35,0.1,85.3,100,85.1,150,,,,,,,,,,,,,,,,,85.4,5,85.6,139,,,,,,,,,,,,,,,,
2026-07-01T20:02:38.718501+00:00,2026-07-01T20:02:38.718596,2,3,85.35,0.1,85.3,100,85.1,150,,,,,,,,,,,,,,,,,85.4,5,85.6,139,85.8,100,,,,,,,,,,,,,,
2026-07-01T20:02:39.326262+00:00,2026-07-01T20:02:39.326231,1,2,85.35,0.1,85.3,100,,,,,,,,,,,,,,,,,,,85.4,5,85.8,100,,,,,,,,,,,,,,,,
2026-07-01T20:02:39.375910+00:00,2026-07-01T20:02:39.375823,2,2,85.35,0.1,85.3,100,85.2,150,,,,,,,,,,,,,,,,,85.4,5,85.8,100,,,,,,,,,,,,,,,,
2026-07-01T20:02:39.408276+00:00,2026-07-01T20:02:39.408150,2,1,85.55,0.5,85.3,100,85.2,150,,,,,,,,,,,,,,,,,85.8,56,,,,,,,,,,,,,,,,,,
2026-07-01T20:02:39.429116+00:00,2026-07-01T20:02:39.429076,2,2,85.5,0.4,85.3,100,85.2,150,,,,,,,,,,,,,,,,,85.7,150,85.8,56,,,,,,,,,,,,,,,,
2026-07-01T20:02:39.624795+00:00,2026-07-01T20:02:39.624932,2,3,85.35,0.1,85.3,100,85.2,150,,,,,,,,,,,,,,,,,85.4,4,85.7,150,85.8,56,,,,,,,,,,,,,,
2026-07-01T20:02:39.869221+00:00,2026-07-01T20:02:39.869102,2,2,85.5,0.4,85.3,100,85.2,150,,,,,,,,,,,,,,,,,85.7,150,85.8,56,,,,,,,,,,,,,,,,
2026-07-01T20:02:40.597008+00:00,2026-07-01T20:02:40.597082,2,2,85.5,0.4,85.3,100,85.2,150,,,,,,,,,,,,,,,,,85.7,100,85.8,56,,,,,,,,,,,,,,,,
2026-07-01T20:02:40.733541+00:00,2026-07-01T20:02:40.733437,2,2,85.5,0.4,85.3,100,85.2,153,,,,,,,,,,,,,,,,,85.7,100,85.8,56,,,,,,,,,,,,,,,,
2026-07-01T20:02:40.758673+00:00,2026-07-01T20:02:40.754251,2,3,85.4,0.2,85.3,100,85.2,153,,,,,,,,,,,,,,,,,85.5,2,85.7,100,85.8,56,,,,,,,,,,,,,,
2026-07-01T20:02:41.022750+00:00,2026-07-01T20:02:41.017342,2,3,85.4,0.2,85.3,89,85.2,153,,,,,,,,,,,,,,,,,85.5,2,85.7,100,85.8,56,,,,,,,,,,,,,,
2026-07-01T20:02:41.773190+00:00,2026-07-01T20:02:41.773047,1,2,85.35,0.3,85.2,153,,,,,,,,,,,,,,,,,,,85.5,2,85.7,100,,,,,,,,,,,,,,,,
2026-07-01T20:02:41.826819+00:00,2026-07-01T20:02:41.826624,2,1,85.6,0.2,85.5,98,85.2,153,,,,,,,,,,,,,,,,,85.7,100,,,,,,,,,,,,,,,,,,
2026-07-01T20:02:41.845788+00:00,2026-07-01T20:02:41.845644,2,1,85.6,0.2,85.5,96,85.2,153,,,,,,,,,,,,,,,,,85.7,100,,,,,,,,,,,,,,,,,,
2026-07-01T20:02:41.881968+00:00,2026-07-01T20:02:41.881838,2,2,85.6,0.2,85.5,96,85.2,153,,,,,,,,,,,,,,,,,85.7,100,86.0,100,,,,,,,,,,,,,,,,
2026-07-01T20:02:42.241743+00:00,2026-07-01T20:02:42.235323,2,2,85.6,0.2,85.5,85,85.2,153,,,,,,,,,,,,,,,,,85.7,100,86.0,100,,,,,,,,,,,,,,,,
2026-07-01T20:02:42.482932+00:00,2026-07-01T20:02:42.482832,2,1,85.75,0.5,85.5,85,85.2,3,,,,,,,,,,,,,,,,,86.0,100,,,,,,,,,,,,,,,,,,
2026-07-01T20:02:42.543093+00:00,2026-07-01T20:02:42.542995,3,1,85.75,0.5,85.5,85,85.4,150,85.2,3,,,,,,,,,,,,,,,86.0,100,,,,,,,,,,,,,,,,,,
2026-07-01T20:02:42.602714+00:00,2026-07-01T20:02:42.602631,3,2,85.7,0.4,85.5,85,85.4,150,85.2,3,,,,,,,,,,,,,,,85.9,150,86.0,100,,,,,,,,,,,,,,,,
2026-07-01T20:02:42.710346+00:00,2026-07-01T20:02:42.710242,3,2,85.7,0.4,85.5,85,85.4,150,85.2,3,,,,,,,,,,,,,,,85.9,100,86.0,100,,,,,,,,,,,,,,,,
2026-07-01T20:02:42.858784+00:00,2026-07-01T20:02:42.858741,3,2,85.7,0.4,85.5,85,85.4,150,85.2,2,,,,,,,,,,,,,,,85.9,100,86.0,100,,,,,,,,,,,,,,,,
2026-07-01T20:02:44.591243+00:00,2026-07-01T20:02:44.591204,3,2,85.7,0.4,85.5,85,85.4,150,85.2,1,,,,,,,,,,,,,,,85.9,100,86.0,100,,,,,,,,,,,,,,,,
2026-07-01T20:02:44.812696+00:00,2026-07-01T20:02:44.812592,3,2,85.7,0.4,85.5,85,85.4,150,85.2,1,,,,,,,,,,,,,,,85.9,50,86.0,100,,,,,,,,,,,,,,,,
2026-07-01T20:02:44.936898+00:00,2026-07-01T20:02:44.936857,2,1,85.65,0.5,85.4,150,85.2,1,,,,,,,,,,,,,,,,,85.9,50,,,,,,,,,,,,,,,,,,
2026-07-01T20:02:44.992818+00:00,2026-07-01T20:02:44.992778,3,1,85.7,0.4,85.5,100,85.4,150,85.2,1,,,,,,,,,,,,,,,85.9,50,,,,,,,,,,,,,,,,,,
2026-07-01T20:02:45.045703+00:00,2026-07-01T20:02:45.045606,3,2,85.7,0.4,85.5,100,85.4,150,85.2,1,,,,,,,,,,,,,,,85.9,50,86.0,100,,,,,,,,,,,,,,,,
2026-07-01T20:02:45.291242+00:00,2026-07-01T20:02:45.291108,3,2,85.7,0.4,85.5,52,85.4,150,85.2,1,,,,,,,,,,,,,,,85.9,50,86.0,100,,,,,,,,,,,,,,,,
2026-07-01T20:02:45.663833+00:00,2026-07-01T20:02:45.663804,2,1,85.75,0.5,85.5,52,85.2,1,,,,,,,,,,,,,,,,,86.0,100,,,,,,,,,,,,,,,,,,
2026-07-01T20:02:45.756670+00:00,2026-07-01T20:02:45.716955,3,1,85.85,0.3,85.7,127,85.5,52,85.2,1,,,,,,,,,,,,,,,86.0,100,,,,,,,,,,,,,,,,,,
2026-07-01T20:02:45.772209+00:00,2026-07-01T20:02:45.772098,3,2,85.85,0.3,85.7,127,85.5,52,85.2,1,,,,,,,,,,,,,,,86.0,100,86.2,150,,,,,,,,,,,,,,,,
2026-07-01T20:02:46.708269+00:00,2026-07-01T20:02:46.708224,3,2,85.85,0.3,85.7,123,85.5,52,85.2,1,,,,,,,,,,,,,,,86.0,100,86.2,150,,,,,,,,,,,,,,,,
2026-07-01T20:02:46.758632+00:00,2026-07-01T20:02:46.752359,2,2,85.85,0.3,85.7,123,85.5,52,,,,,,,,,,,,,,,,,86.0,100,86.2,150,,,,,,,,,,,,,,,,
2026-07-01T20:02:46.921234+00:00,2026-07-01T20:02:46.921137,2,2,85.85,0.3,85.7,123,85.5,52,,,,,,,,,,,,,,,,,86.0,50,86.2,150,,,,,,,,,,,,,,,,
2026-07-01T20:02:48.092553+00:00,2026-07-01T20:02:48.092468,2,2,85.85,0.3,85.7,119,85.5,52,,,,,,,,,,,,,,,,,86.0,50,86.2,150,,,,,,,,,,,,,,,,
2026-07-01T20:02:48.097554+00:00,2026-07-01T20:02:48.097688,1,1,85.95,0.5,85.7,119,,,,,,,,,,,,,,,,,,,86.2,150,,,,,,,,,,,,,,,,,,
2026-07-01T20:02:48.169371+00:00,2026-07-01T20:02:48.169344,2,1,85.95,0.5,85.7,119,85.5,100,,,,,,,,,,,,,,,,,86.2,150,,,,,,,,,,,,,,,,,,
2026-07-01T20:02:48.173558+00:00,2026-07-01T20:02:48.170752,2,1,85.95,0.5,85.7,115,85.5,100,,,,,,,,,,,,,,,,,86.2,150,,,,,,,,,,,,,,,,,,
2026-07-01T20:02:48.223550+00:00,2026-07-01T20:02:48.223502,2,2,85.85,0.3,85.7,115,85.5,100,,,,,,,,,,,,,,,,,86.0,100,86.2,150,,,,,,,,,,,,,,,,
2026-07-01T20:02:48.726130+00:00,2026-07-01T20:02:48.726033,2,2,85.85,0.3,85.7,111,85.5,100,,,,,,,,,,,,,,,,,86.0,100,86.2,150,,,,,,,,,,,,,,,,
2026-07-01T20:02:48.821503+00:00,2026-07-01T20:02:48.821430,2,1,85.85,0.3,85.7,111,85.5,100,,,,,,,,,,,,,,,,,86.0,100,,,,,,,,,,,,,,,,,,
2026-07-01T20:02:48.826666+00:00,2026-07-01T20:02:48.826602,1,1,85.75,0.5,85.5,100,,,,,,,,,,,,,,,,,,,86.0,100,,,,,,,,,,,,,,,,,,
2026-07-01T20:02:48.879600+00:00,2026-07-01T20:02:48.879452,2,1,85.85,0.3,85.7,150,85.5,100,,,,,,,,,,,,,,,,,86.0,100,,,,,,,,,,,,,,,,,,
2026-07-01T20:02:48.934120+00:00,2026-07-01T20:02:48.934222,2,2,85.85,0.3,85.7,150,85.5,100,,,,,,,,,,,,,,,,,86.0,100,86.2,150,,,,,,,,,,,,,,,,
2026-07-01T20:02:50.857290+00:00,2026-07-01T20:02:50.857545,2,3,85.75,0.1,85.7,150,85.5,100,,,,,,,,,,,,,,,,,85.8,5,86.0,100,86.2,150,,,,,,,,,,,,,,
2026-07-01T20:02:51.285427+00:00,2026-07-01T20:02:51.285373,1,2,85.75,0.1,85.7,150,,,,,,,,,,,,,,,,,,,85.8,5,86.2,150,,,,,,,,,,,,,,,,
2026-07-01T20:02:51.335914+00:00,2026-07-01T20:02:51.335814,2,2,85.75,0.1,85.7,150,85.6,100,,,,,,,,,,,,,,,,,85.8,5,86.2,150,,,,,,,,,,,,,,,,
2026-07-01T20:02:51.389128+00:00,2026-07-01T20:02:51.389084,2,3,85.75,0.1,85.7,150,85.6,100,,,,,,,,,,,,,,,,,85.8,5,86.1,100,86.2,150,,,,,,,,,,,,,,
2026-07-01T20:02:51.984772+00:00,2026-07-01T20:02:51.984745,1,2,85.7,0.2,85.6,100,,,,,,,,,,,,,,,,,,,85.8,5,86.1,100,,,,,,,,,,,,,,,,
2026-07-01T20:02:52.042386+00:00,2026-07-01T20:02:52.042323,2,1,85.95,0.3,85.8,145,85.6,100,,,,,,,,,,,,,,,,,86.1,100,,,,,,,,,,,,,,,,,,
2026-07-01T20:02:52.093343+00:00,2026-07-01T20:02:52.093234,2,2,85.95,0.3,85.8,145,85.6,100,,,,,,,,,,,,,,,,,86.1,100,86.3,150,,,,,,,,,,,,,,,,
2026-07-01T20:02:52.772391+00:00,2026-07-01T20:02:52.772332,2,2,85.95,0.3,85.8,140,85.6,100,,,,,,,,,,,,,,,,,86.1,100,86.3,150,,,,,,,,,,,,,,,,
2026-07-01T20:02:52.858616+00:00,2026-07-01T20:02:52.856339,2,2,85.95,0.3,85.8,140,85.6,100,,,,,,,,,,,,,,,,,86.1,59,86.3,150,,,,,,,,,,,,,,,,
2026-07-01T20:02:52.914445+00:00,2026-07-01T20:02:52.914378,2,3,85.85,0.1,85.8,140,85.6,100,,,,,,,,,,,,,,,,,85.9,5,86.1,59,86.3,150,,,,,,,,,,,,,,
2026-07-01T20:02:52.963903+00:00,2026-07-01T20:02:52.963770,2,3,85.85,0.1,85.8,140,85.6,101,,,,,,,,,,,,,,,,,85.9,5,86.1,59,86.3,150,,,,,,,,,,,,,,
2026-07-01T20:02:53.256636+00:00,2026-07-01T20:02:53.256816,2,2,85.95,0.3,85.8,140,85.6,101,,,,,,,,,,,,,,,,,86.1,14,86.3,150,,,,,,,,,,,,,,,,
2026-07-01T20:02:53.930835+00:00,2026-07-01T20:02:53.930735,2,2,85.95,0.3,85.8,98,85.6,101,,,,,,,,,,,,,,,,,86.1,14,86.3,150,,,,,,,,,,,,,,,,
2026-07-01T20:02:53.993123+00:00,2026-07-01T20:02:53.993017,2,3,85.85,0.1,85.8,98,85.6,101,,,,,,,,,,,,,,,,,85.9,2,86.1,14,86.3,150,,,,,,,,,,,,,,
2026-07-01T20:02:54.458581+00:00,2026-07-01T20:02:54.446981,2,2,85.85,0.1,85.8,98,85.6,1,,,,,,,,,,,,,,,,,85.9,2,86.3,150,,,,,,,,,,,,,,,,
2026-07-01T20:02:54.498171+00:00,2026-07-01T20:02:54.498053,3,1,86.15,0.3,86.0,98,85.8,98,85.6,1,,,,,,,,,,,,,,,86.3,150,,,,,,,,,,,,,,,,,,
2026-07-01T20:02:54.525716+00:00,2026-07-01T20:02:54.525571,3,1,86.15,0.3,86.0,55,85.8,98,85.6,1,,,,,,,,,,,,,,,86.3,150,,,,,,,,,,,,,,,,,,
2026-07-01T20:02:54.530814+00:00,2026-07-01T20:02:54.530768,3,1,86.15,0.3,86.0,53,85.8,98,85.6,1,,,,,,,,,,,,,,,86.3,150,,,,,,,,,,,,,,,,,,
2026-07-01T20:02:54.551208+00:00,2026-07-01T20:02:54.547043,3,2,86.15,0.3,86.0,39,85.8,98,85.6,1,,,,,,,,,,,,,,,86.3,150,86.5,100,,,,,,,,,,,,,,,,
2026-07-01T20:02:54.777430+00:00,2026-07-01T20:02:54.777507,3,2,86.15,0.3,86.0,37,85.8,98,85.6,1,,,,,,,,,,,,,,,86.3,150,86.5,100,,,,,,,,,,,,,,,,
2026-07-01T20:02:54.958574+00:00,2026-07-01T20:02:54.950431,3,2,86.15,0.3,86.0,35,85.8,98,85.6,1,,,,,,,,,,,,,,,86.3,150,86.5,100,,,,,,,,,,,,,,,,
2026-07-01T20:02:54.972342+00:00,2026-07-01T20:02:54.972250,3,2,86.15,0.3,86.0,34,85.8,98,85.6,1,,,,,,,,,,,,,,,86.3,150,86.5,100,,,,,,,,,,,,,,,,
2026-07-01T20:02:55.000605+00:00,2026-07-01T20:02:55.000775,3,2,86.15,0.3,86.0,32,85.8,98,85.6,1,,,,,,,,,,,,,,,86.3,150,86.5,100,,,,,,,,,,,,,,,,
2026-07-01T20:02:55.147949+00:00,2026-07-01T20:02:55.147826,3,1,86.25,0.5,86.0,32,85.8,98,85.6,1,,,,,,,,,,,,,,,86.5,100,,,,,,,,,,,,,,,,,,
2026-07-01T20:02:55.153125+00:00,2026-07-01T20:02:55.152977,2,1,86.25,0.5,86.0,32,85.6,1,,,,,,,,,,,,,,,,,86.5,100,,,,,,,,,,,,,,,,,,
2026-07-01T20:02:55.203448+00:00,2026-07-01T20:02:55.203342,2,1,86.25,0.5,86.0,32,85.6,151,,,,,,,,,,,,,,,,,86.5,100,,,,,,,,,,,,,,,,,,
2026-07-01T20:02:55.258605+00:00,2026-07-01T20:02:55.250532,2,2,86.05,0.1,86.0,32,85.6,151,,,,,,,,,,,,,,,,,86.1,150,86.5,100,,,,,,,,,,,,,,,,
2026-07-01T20:02:55.390752+00:00,2026-07-01T20:02:55.390689,2,2,86.05,0.1,86.0,31,85.6,151,,,,,,,,,,,,,,,,,86.1,150,86.5,100,,,,,,,,,,,,,,,,
2026-07-01T20:02:55.423378+00:00,2026-07-01T20:02:55.423231,1,2,85.85,0.5,85.6,151,,,,,,,,,,,,,,,,,,,86.1,150,86.5,100,,,,,,,,,,,,,,,,
2026-07-01T20:02:55.563905+00:00,2026-07-01T20:02:55.563790,1,3,85.8,0.4,85.6,151,,,,,,,,,,,,,,,,,,,86.0,1,86.1,150,86.5,100,,,,,,,,,,,,,,
2026-07-01T20:02:57.197212+00:00,2026-07-01T20:02:57.197163,1,2,85.85,0.5,85.6,151,,,,,,,,,,,,,,,,,,,86.1,108,86.5,100,,,,,,,,,,,,,,,,
2026-07-01T20:02:57.479343+00:00,2026-07-01T20:02:57.479245,1,2,85.85,0.5,85.6,151,,,,,,,,,,,,,,,,,,,86.1,58,86.5,100,,,,,,,,,,,,,,,,
2026-07-01T20:02:57.514245+00:00,2026-07-01T20:02:57.514126,1,2,85.85,0.5,85.6,150,,,,,,,,,,,,,,,,,,,86.1,58,86.5,100,,,,,,,,,,,,,,,,
2026-07-01T20:02:57.607509+00:00,2026-07-01T20:02:57.607479,1,1,85.85,0.5,85.6,150,,,,,,,,,,,,,,,,,,,86.1,58,,,,,,,,,,,,,,,,,,
2026-07-01T20:02:57.665976+00:00,2026-07-01T20:02:57.665881,1,1,85.85,0.5,85.6,250,,,,,,,,,,,,,,,,,,,86.1,58,,,,,,,,,,,,,,,,,,
2026-07-01T20:02:57.718815+00:00,2026-07-01T20:02:57.718937,1,1,85.85,0.5,85.6,250,,,,,,,,,,,,,,,,,,,86.1,158,,,,,,,,,,,,,,,,,,
2026-07-01T20:02:57.758662+00:00,2026-07-01T20:02:57.758503,1,1,85.85,0.5,85.6,206,,,,,,,,,,,,,,,,,,,86.1,158,,,,,,,,,,,,,,,,,,
2026-07-01T20:02:58.311484+00:00,2026-07-01T20:02:58.311659,1,1,85.85,0.5,85.6,100,,,,,,,,,,,,,,,,,,,86.1,100,,,,,,,,,,,,,,,,,,
2026-07-01T20:02:58.363941+00:00,2026-07-01T20:02:58.363891,2,1,85.95,0.3,85.8,150,85.6,100,,,,,,,,,,,,,,,,,86.1,100,,,,,,,,,,,,,,,,,,
2026-07-01T20:02:58.417151+00:00,2026-07-01T20:02:58.417071,2,2,85.95,0.3,85.8,150,85.6,100,,,,,,,,,,,,,,,,,86.1,100,86.3,150,,,,,,,,,,,,,,,,
2026-07-01T20:02:58.887025+00:00,2026-07-01T20:02:58.886980,2,3,85.9,0.2,85.8,150,85.6,100,,,,,,,,,,,,,,,,,86.0,3,86.1,100,86.3,150,,,,,,,,,,,,,,
2026-07-01T20:02:59.585577+00:00,2026-07-01T20:02:59.585441,2,2,85.95,0.3,85.8,150,85.6,100,,,,,,,,,,,,,,,,,86.1,53,86.3,150,,,,,,,,,,,,,,,,
2026-07-01T20:02:59.607512+00:00,2026-07-01T20:02:59.607391,2,3,85.9,0.2,85.8,150,85.6,100,,,,,,,,,,,,,,,,,86.0,3,86.1,53,86.3,150,,,,,,,,,,,,,,
2026-07-01T20:03:00.617351+00:00,2026-07-01T20:03:00.617162,2,3,85.9,0.2,85.8,150,85.6,100,,,,,,,,,,,,,,,,,86.0,2,86.1,53,86.3,150,,,,,,,,,,,,,,
2026-07-01T20:03:00.679707+00:00,2026-07-01T20:03:00.679819,2,2,85.95,0.3,85.8,150,85.6,100,,,,,,,,,,,,,,,,,86.1,53,86.3,150,,,,,,,,,,,,,,,,
2026-07-01T20:03:00.773661+00:00,2026-07-01T20:03:00.773541,1,1,86.05,0.5,85.8,150,,,,,,,,,,,,,,,,,,,86.3,150,,,,,,,,,,,,,,,,,,
2026-07-01T20:03:00.828447+00:00,2026-07-01T20:03:00.828556,2,1,86.05,0.5,85.8,150,85.7,100,,,,,,,,,,,,,,,,,86.3,150,,,,,,,,,,,,,,,,,,
2026-07-01T20:03:00.879478+00:00,2026-07-01T20:03:00.879399,2,2,86.0,0.4,85.8,150,85.7,100,,,,,,,,,,,,,,,,,86.2,100,86.3,150,,,,,,,,,,,,,,,,
2026-07-01T20:03:01.472580+00:00,2026-07-01T20:03:01.472539,2,1,86.0,0.4,85.8,150,85.7,100,,,,,,,,,,,,,,,,,86.2,100,,,,,,,,,,,,,,,,,,
2026-07-01T20:03:01.477607+00:00,2026-07-01T20:03:01.477689,1,1,85.95,0.5,85.7,100,,,,,,,,,,,,,,,,,,,86.2,100,,,,,,,,,,,,,,,,,,
2026-07-01T20:03:01.530069+00:00,2026-07-01T20:03:01.529939,2,1,86.0,0.4,85.8,150,85.7,100,,,,,,,,,,,,,,,,,86.2,100,,,,,,,,,,,,,,,,,,
2026-07-01T20:03:01.584792+00:00,2026-07-01T20:03:01.584754,2,2,86.0,0.4,85.8,150,85.7,100,,,,,,,,,,,,,,,,,86.2,100,86.3,150,,,,,,,,,,,,,,,,
2026-07-01T20:03:01.693601+00:00,2026-07-01T20:03:01.693503,2,2,86.0,0.4,85.8,150,85.7,100,,,,,,,,,,,,,,,,,86.2,50,86.3,150,,,,,,,,,,,,,,,,
2026-07-01T20:03:02.312596+00:00,2026-07-01T20:03:02.312723,2,2,86.0,0.4,85.8,150,85.7,100,,,,,,,,,,,,,,,,,86.2,1,86.3,150,,,,,,,,,,,,,,,,
2026-07-01T20:03:03.398600+00:00,2026-07-01T20:03:03.398540,2,2,86.0,0.4,85.8,109,85.7,100,,,,,,,,,,,,,,,,,86.2,1,86.3,150,,,,,,,,,,,,,,,,
2026-07-01T20:03:03.932996+00:00,2026-07-01T20:03:03.932943,1,1,86.05,0.5,85.8,109,,,,,,,,,,,,,,,,,,,86.3,150,,,,,,,,,,,,,,,,,,
2026-07-01T20:03:03.984397+00:00,2026-07-01T20:03:03.984479,2,1,86.2,0.2,86.1,100,85.8,109,,,,,,,,,,,,,,,,,86.3,150,,,,,,,,,,,,,,,,,,
2026-07-01T20:03:04.037084+00:00,2026-07-01T20:03:04.037062,2,2,86.2,0.2,86.1,100,85.8,109,,,,,,,,,,,,,,,,,86.3,150,86.6,100,,,,,,,,,,,,,,,,
2026-07-01T20:03:04.641480+00:00,2026-07-01T20:03:04.641406,1,1,86.35,0.5,86.1,100,,,,,,,,,,,,,,,,,,,86.6,100,,,,,,,,,,,,,,,,,,
2026-07-01T20:03:04.694516+00:00,2026-07-01T20:03:04.694389,2,1,86.35,0.5,86.1,100,85.7,150,,,,,,,,,,,,,,,,,86.6,100,,,,,,,,,,,,,,,,,,
2026-07-01T20:03:04.748085+00:00,2026-07-01T20:03:04.748010,2,2,86.15,0.1,86.1,100,85.7,150,,,,,,,,,,,,,,,,,86.2,150,86.6,100,,,,,,,,,,,,,,,,
2026-07-01T20:03:05.045878+00:00,2026-07-01T20:03:05.040855,2,2,86.15,0.1,86.1,89,85.7,150,,,,,,,,,,,,,,,,,86.2,150,86.6,100,,,,,,,,,,,,,,,,
2026-07-01T20:03:05.968925+00:00,2026-07-01T20:03:05.968778,2,2,86.15,0.1,86.1,39,85.7,150,,,,,,,,,,,,,,,,,86.2,150,86.6,100,,,,,,,,,,,,,,,,
2026-07-01T20:03:06.344351+00:00,2026-07-01T20:03:06.348348,3,2,86.15,0.1,86.1,39,85.9,4,85.7,150,,,,,,,,,,,,,,,86.2,150,86.6,100,,,,,,,,,,,,,,,,
2026-07-01T20:03:06.417568+00:00,2026-07-01T20:03:06.411562,3,2,86.15,0.1,86.1,36,85.9,4,85.7,150,,,,,,,,,,,,,,,86.2,150,86.6,100,,,,,,,,,,,,,,,,
2026-07-01T20:03:07.093060+00:00,2026-07-01T20:03:07.092980,2,1,86.05,0.3,85.9,4,85.7,150,,,,,,,,,,,,,,,,,86.2,150,,,,,,,,,,,,,,,,,,
2026-07-01T20:03:07.147627+00:00,2026-07-01T20:03:07.147447,2,1,86.05,0.3,85.9,4,85.7,250,,,,,,,,,,,,,,,,,86.2,150,,,,,,,,,,,,,,,,,,
2026-07-01T20:03:07.200948+00:00,2026-07-01T20:03:07.201289,2,1,86.05,0.3,85.9,4,85.7,250,,,,,,,,,,,,,,,,,86.2,250,,,,,,,,,,,,,,,,,,
2026-07-01T20:03:07.804883+00:00,2026-07-01T20:03:07.804734,2,1,86.05,0.3,85.9,4,85.7,100,,,,,,,,,,,,,,,,,86.2,100,,,,,,,,,,,,,,,,,,
2026-07-01T20:03:07.852750+00:00,2026-07-01T20:03:07.852898,3,1,86.05,0.3,85.9,4,85.7,100,85.5,150,,,,,,,,,,,,,,,86.2,100,,,,,,,,,,,,,,,,,,
2026-07-01T20:03:07.910514+00:00,2026-07-01T20:03:07.910603,3,2,85.95,0.1,85.9,4,85.7,100,85.5,150,,,,,,,,,,,,,,,86.0,150,86.2,100,,,,,,,,,,,,,,,,
2026-07-01T20:03:08.058611+00:00,2026-07-01T20:03:08.058482,2,2,85.85,0.3,85.7,54,85.5,150,,,,,,,,,,,,,,,,,86.0,150,86.2,100,,,,,,,,,,,,,,,,
2026-07-01T20:03:08.313733+00:00,2026-07-01T20:03:08.313660,3,2,85.95,0.1,85.9,5,85.7,54,85.5,150,,,,,,,,,,,,,,,86.0,150,86.2,100,,,,,,,,,,,,,,,,
2026-07-01T20:03:09.269179+00:00,2026-07-01T20:03:09.269138,3,2,85.95,0.1,85.9,5,85.7,54,85.5,150,,,,,,,,,,,,,,,86.0,105,86.2,100,,,,,,,,,,,,,,,,
2026-07-01T20:03:10.009188+00:00,2026-07-01T20:03:10.009165,3,2,85.95,0.1,85.9,4,85.7,54,85.5,150,,,,,,,,,,,,,,,86.0,105,86.2,101,,,,,,,,,,,,,,,,
2026-07-01T20:03:10.171098+00:00,2026-07-01T20:03:10.171259,2,2,85.85,0.3,85.7,8,85.5,150,,,,,,,,,,,,,,,,,86.0,105,86.2,101,,,,,,,,,,,,,,,,
2026-07-01T20:03:10.258585+00:00,2026-07-01T20:03:10.254874,1,2,85.75,0.5,85.5,150,,,,,,,,,,,,,,,,,,,86.0,105,86.2,1,,,,,,,,,,,,,,,,
2026-07-01T20:03:10.311615+00:00,2026-07-01T20:03:10.311560,2,2,85.75,0.5,85.5,150,85.4,100,,,,,,,,,,,,,,,,,86.0,105,86.2,1,,,,,,,,,,,,,,,,
2026-07-01T20:03:10.364960+00:00,2026-07-01T20:03:10.364806,2,3,85.7,0.4,85.5,150,85.4,100,,,,,,,,,,,,,,,,,85.9,100,86.0,105,86.2,1,,,,,,,,,,,,,,
2026-07-01T20:03:10.536096+00:00,2026-07-01T20:03:10.536043,2,3,85.7,0.4,85.5,150,85.4,100,,,,,,,,,,,,,,,,,85.9,96,86.0,105,86.2,1,,,,,,,,,,,,,,
2026-07-01T20:03:10.580627+00:00,2026-07-01T20:03:10.580536,2,3,85.7,0.4,85.5,150,85.4,100,,,,,,,,,,,,,,,,,85.9,92,86.0,105,86.2,1,,,,,,,,,,,,,,
2026-07-01T20:03:10.658551+00:00,2026-07-01T20:03:10.653614,2,3,85.7,0.4,85.5,150,85.4,100,,,,,,,,,,,,,,,,,85.9,88,86.0,105,86.2,1,,,,,,,,,,,,,,
2026-07-01T20:03:10.958672+00:00,2026-07-01T20:03:10.958247,2,2,85.7,0.4,85.5,150,85.4,100,,,,,,,,,,,,,,,,,85.9,88,86.2,1,,,,,,,,,,,,,,,,
2026-07-01T20:03:10.969888+00:00,2026-07-01T20:03:10.969747,1,2,85.65,0.5,85.4,100,,,,,,,,,,,,,,,,,,,85.9,88,86.2,1,,,,,,,,,,,,,,,,
2026-07-01T20:03:11.022997+00:00,2026-07-01T20:03:11.022917,2,2,85.8,0.2,85.7,150,85.4,100,,,,,,,,,,,,,,,,,85.9,88,86.2,1,,,,,,,,,,,,,,,,
2026-07-01T20:03:11.071301+00:00,2026-07-01T20:03:11.071443,2,2,85.8,0.2,85.7,150,85.4,100,,,,,,,,,,,,,,,,,85.9,88,86.2,151,,,,,,,,,,,,,,,,
2026-07-01T20:03:11.269699+00:00,2026-07-01T20:03:11.262735,2,2,85.8,0.2,85.7,150,85.4,100,,,,,,,,,,,,,,,,,85.9,85,86.2,151,,,,,,,,,,,,,,,,
2026-07-01T20:03:11.535084+00:00,2026-07-01T20:03:11.534960,2,2,85.8,0.2,85.7,110,85.4,100,,,,,,,,,,,,,,,,,85.9,85,86.2,151,,,,,,,,,,,,,,,,
2026-07-01T20:03:12.279894+00:00,2026-07-01T20:03:12.279838,2,2,85.8,0.2,85.7,60,85.4,100,,,,,,,,,,,,,,,,,85.9,85,86.2,151,,,,,,,,,,,,,,,,
2026-07-01T20:03:12.900797+00:00,2026-07-01T20:03:12.895175,2,2,85.8,0.2,85.7,60,85.4,100,,,,,,,,,,,,,,,,,85.9,74,86.2,151,,,,,,,,,,,,,,,,
2026-07-01T20:03:13.421905+00:00,2026-07-01T20:03:13.421825,1,1,85.95,0.5,85.7,60,,,,,,,,,,,,,,,,,,,86.2,151,,,,,,,,,,,,,,,,,,
2026-07-01T20:03:13.476943+00:00,2026-07-01T20:03:13.476872,1,1,85.95,0.5,85.7,160,,,,,,,,,,,,,,,,,,,86.2,151,,,,,,,,,,,,,,,,,,
2026-07-01T20:03:13.525223+00:00,2026-07-01T20:03:13.525177,1,1,85.95,0.5,85.7,160,,,,,,,,,,,,,,,,,,,86.2,251,,,,,,,,,,,,,,,,,,
2026-07-01T20:03:14.133150+00:00,2026-07-01T20:03:14.133050,1,1,85.95,0.5,85.7,100,,,,,,,,,,,,,,,,,,,86.2,101,,,,,,,,,,,,,,,,,,
2026-07-01T20:03:14.182739+00:00,2026-07-01T20:03:14.182686,2,1,85.95,0.5,85.7,100,85.6,150,,,,,,,,,,,,,,,,,86.2,101,,,,,,,,,,,,,,,,,,
2026-07-01T20:03:14.239951+00:00,2026-07-01T20:03:14.239793,2,2,85.9,0.4,85.7,100,85.6,150,,,,,,,,,,,,,,,,,86.1,150,86.2,101,,,,,,,,,,,,,,,,
2026-07-01T20:03:14.388862+00:00,2026-07-01T20:03:14.388731,2,2,85.9,0.4,85.7,50,85.6,150,,,,,,,,,,,,,,,,,86.1,150,86.2,101,,,,,,,,,,,,,,,,
2026-07-01T20:03:15.588587+00:00,2026-07-01T20:03:15.588780,2,2,85.9,0.4,85.7,50,85.6,150,,,,,,,,,,,,,,,,,86.1,150,86.2,100,,,,,,,,,,,,,,,,
2026-07-01T20:03:16.443918+00:00,2026-07-01T20:03:16.443810,2,2,85.9,0.4,85.7,50,85.6,150,,,,,,,,,,,,,,,,,86.1,100,86.2,100,,,,,,,,,,,,,,,,
2026-07-01T20:03:16.578998+00:00,2026-07-01T20:03:16.578895,2,1,85.9,0.4,85.7,50,85.6,150,,,,,,,,,,,,,,,,,86.1,100,,,,,,,,,,,,,,,,,,
2026-07-01T20:03:16.584089+00:00,2026-07-01T20:03:16.584033,1,1,85.85,0.5,85.6,150,,,,,,,,,,,,,,,,,,,86.1,100,,,,,,,,,,,,,,,,,,
2026-07-01T20:03:16.674588+00:00,2026-07-01T20:03:16.674462,2,1,85.9,0.4,85.7,100,85.6,150,,,,,,,,,,,,,,,,,86.1,100,,,,,,,,,,,,,,,,,,
2026-07-01T20:03:16.724697+00:00,2026-07-01T20:03:16.724534,2,2,85.9,0.4,85.7,100,85.6,150,,,,,,,,,,,,,,,,,86.1,100,86.2,100,,,,,,,,,,,,,,,,
2026-07-01T20:03:17.117316+00:00,2026-07-01T20:03:17.117249,2,2,85.9,0.4,85.7,100,85.6,150,,,,,,,,,,,,,,,,,86.1,51,86.2,100,,,,,,,,,,,,,,,,
2026-07-01T20:03:17.297806+00:00,2026-07-01T20:03:17.297766,1,1,85.95,0.5,85.7,100,,,,,,,,,,,,,,,,,,,86.2,100,,,,,,,,,,,,,,,,,,
2026-07-01T20:03:17.358638+00:00,2026-07-01T20:03:17.358600,2,1,86.1,0.2,86.0,150,85.7,100,,,,,,,,,,,,,,,,,86.2,100,,,,,,,,,,,,,,,,,,
2026-07-01T20:03:17.404713+00:00,2026-07-01T20:03:17.404680,2,2,86.1,0.2,86.0,150,85.7,100,,,,,,,,,,,,,,,,,86.2,100,86.5,150,,,,,,,,,,,,,,,,
2026-07-01T20:03:18.042796+00:00,2026-07-01T20:03:18.042747,2,2,86.1,0.2,86.0,150,85.7,100,,,,,,,,,,,,,,,,,86.2,51,86.5,150,,,,,,,,,,,,,,,,
2026-07-01T20:03:18.097853+00:00,2026-07-01T20:03:18.097786,2,2,86.1,0.2,86.0,108,85.7,100,,,,,,,,,,,,,,,,,86.2,51,86.5,150,,,,,,,,,,,,,,,,
