recv_time,book_timestamp,n_bids,n_asks,mid,spread,bid_px_0,bid_vol_0,bid_px_1,bid_vol_1,bid_px_2,bid_vol_2,bid_px_3,bid_vol_3,bid_px_4,bid_vol_4,bid_px_5,bid_vol_5,bid_px_6,bid_vol_6,bid_px_7,bid_vol_7,bid_px_8,bid_vol_8,bid_px_9,bid_vol_9,ask_px_0,ask_vol_0,ask_px_1,ask_vol_1,ask_px_2,ask_vol_2,ask_px_3,ask_vol_3,ask_px_4,ask_vol_4,ask_px_5,ask_vol_5,ask_px_6,ask_vol_6,ask_px_7,ask_vol_7,ask_px_8,ask_vol_8,ask_px_9,ask_vol_9
2026-07-01T05:00:00.172481+00:00,2026-07-01T05:00:00.148537,3,1,89.05,0.5,88.8,107,88.7,100,88.6,1,,,,,,,,,,,,,,,89.3,150,,,,,,,,,,,,,,,,,,
2026-07-01T05:00:00.251721+00:00,2026-07-01T05:00:00.201090,3,2,89.0,0.4,88.8,107,88.7,100,88.6,1,,,,,,,,,,,,,,,89.2,100,89.3,150,,,,,,,,,,,,,,,,
2026-07-01T05:00:00.518207+00:00,2026-07-01T05:00:00.531035,3,3,88.85,0.1,88.8,107,88.7,100,88.6,1,,,,,,,,,,,,,,,88.9,4,89.2,100,89.3,150,,,,,,,,,,,,,,
2026-07-01T05:00:01.567324+00:00,2026-07-01T05:00:01.524444,3,3,88.85,0.1,88.8,64,88.7,100,88.6,1,,,,,,,,,,,,,,,88.9,1,89.2,100,89.3,150,,,,,,,,,,,,,,
2026-07-01T05:00:01.902591+00:00,2026-07-01T05:00:01.886745,2,2,88.8,0.2,88.7,100,88.6,1,,,,,,,,,,,,,,,,,88.9,1,89.2,100,,,,,,,,,,,,,,,,
2026-07-01T05:00:01.943670+00:00,2026-07-01T05:00:01.940276,3,2,88.8,0.2,88.7,100,88.6,1,88.5,150,,,,,,,,,,,,,,,88.9,1,89.2,100,,,,,,,,,,,,,,,,
2026-07-01T05:00:01.995006+00:00,2026-07-01T05:00:01.993692,3,3,88.8,0.2,88.7,100,88.6,1,88.5,150,,,,,,,,,,,,,,,88.9,1,89.0,150,89.2,100,,,,,,,,,,,,,,
2026-07-01T05:00:02.109331+00:00,2026-07-01T05:00:02.104967,3,2,88.85,0.3,88.7,100,88.6,1,88.5,150,,,,,,,,,,,,,,,89.0,110,89.2,100,,,,,,,,,,,,,,,,
2026-07-01T05:00:02.564222+00:00,2026-07-01T05:00:02.561086,3,2,88.85,0.3,88.7,53,88.6,1,88.5,150,,,,,,,,,,,,,,,89.0,110,89.2,100,,,,,,,,,,,,,,,,
2026-07-01T05:00:03.253323+00:00,2026-07-01T05:00:03.249056,3,2,88.85,0.3,88.7,53,88.6,1,88.5,150,,,,,,,,,,,,,,,89.0,111,89.2,100,,,,,,,,,,,,,,,,
2026-07-01T05:00:03.263626+00:00,2026-07-01T05:00:03.255321,2,1,88.8,0.4,88.6,1,88.5,150,,,,,,,,,,,,,,,,,89.0,111,,,,,,,,,,,,,,,,,,
2026-07-01T05:00:03.314823+00:00,2026-07-01T05:00:03.308439,2,1,88.8,0.4,88.6,101,88.5,150,,,,,,,,,,,,,,,,,89.0,111,,,,,,,,,,,,,,,,,,
2026-07-01T05:00:03.366583+00:00,2026-07-01T05:00:03.361153,2,2,88.8,0.4,88.6,101,88.5,150,,,,,,,,,,,,,,,,,89.0,111,89.1,100,,,,,,,,,,,,,,,,
2026-07-01T05:00:05.002237+00:00,2026-07-01T05:00:04.995486,2,2,88.8,0.4,88.6,101,88.5,150,,,,,,,,,,,,,,,,,89.0,110,89.1,100,,,,,,,,,,,,,,,,
2026-07-01T05:00:05.053635+00:00,2026-07-01T05:00:05.048860,1,1,88.85,0.5,88.6,101,,,,,,,,,,,,,,,,,,,89.1,100,,,,,,,,,,,,,,,,,,
2026-07-01T05:00:05.116693+00:00,2026-07-01T05:00:05.101504,2,1,88.95,0.3,88.8,150,88.6,101,,,,,,,,,,,,,,,,,89.1,100,,,,,,,,,,,,,,,,,,
2026-07-01T05:00:05.157898+00:00,2026-07-01T05:00:05.153616,2,2,88.95,0.3,88.8,150,88.6,101,,,,,,,,,,,,,,,,,89.1,100,89.3,150,,,,,,,,,,,,,,,,
2026-07-01T05:00:05.973039+00:00,2026-07-01T05:00:05.963161,2,2,88.95,0.3,88.8,100,88.6,101,,,,,,,,,,,,,,,,,89.1,100,89.3,150,,,,,,,,,,,,,,,,
2026-07-01T05:00:06.416780+00:00,2026-07-01T05:00:06.416286,2,1,89.05,0.5,88.8,100,88.6,1,,,,,,,,,,,,,,,,,89.3,150,,,,,,,,,,,,,,,,,,
2026-07-01T05:00:06.468300+00:00,2026-07-01T05:00:06.468205,2,1,89.05,0.5,88.8,200,88.6,1,,,,,,,,,,,,,,,,,89.3,150,,,,,,,,,,,,,,,,,,
2026-07-01T05:00:06.530645+00:00,2026-07-01T05:00:06.520623,2,1,89.05,0.5,88.8,200,88.6,1,,,,,,,,,,,,,,,,,89.3,250,,,,,,,,,,,,,,,,,,
2026-07-01T05:00:07.066577+00:00,2026-07-01T05:00:07.065588,2,2,88.9,0.2,88.8,200,88.6,1,,,,,,,,,,,,,,,,,89.0,1,89.3,250,,,,,,,,,,,,,,,,
2026-07-01T05:00:07.222498+00:00,2026-07-01T05:00:07.218424,2,2,88.9,0.2,88.8,200,88.6,1,,,,,,,,,,,,,,,,,89.0,11,89.3,250,,,,,,,,,,,,,,,,
2026-07-01T05:00:07.729079+00:00,2026-07-01T05:00:07.727968,2,2,88.9,0.2,88.8,200,88.6,1,,,,,,,,,,,,,,,,,89.0,1,89.3,250,,,,,,,,,,,,,,,,
2026-07-01T05:00:07.739465+00:00,2026-07-01T05:00:07.730926,2,2,88.9,0.2,88.8,200,88.6,1,,,,,,,,,,,,,,,,,89.0,11,89.3,250,,,,,,,,,,,,,,,,
2026-07-01T05:00:08.211881+00:00,2026-07-01T05:00:08.208161,2,2,88.9,0.2,88.8,100,88.6,1,,,,,,,,,,,,,,,,,89.0,11,89.3,100,,,,,,,,,,,,,,,,
2026-07-01T05:00:08.242681+00:00,2026-07-01T05:00:08.238909,2,2,88.9,0.2,88.8,110,88.6,1,,,,,,,,,,,,,,,,,89.0,1,89.3,100,,,,,,,,,,,,,,,,
2026-07-01T05:00:08.275166+00:00,2026-07-01T05:00:08.260953,3,2,88.9,0.2,88.8,110,88.7,150,88.6,1,,,,,,,,,,,,,,,89.0,1,89.3,100,,,,,,,,,,,,,,,,
2026-07-01T05:00:08.327317+00:00,2026-07-01T05:00:08.326356,3,3,88.9,0.2,88.8,110,88.7,150,88.6,1,,,,,,,,,,,,,,,89.0,1,89.2,150,89.3,100,,,,,,,,,,,,,,
2026-07-01T05:00:08.749647+00:00,2026-07-01T05:00:08.745557,3,3,88.9,0.2,88.8,110,88.7,150,88.6,1,,,,,,,,,,,,,,,89.0,1,89.2,150,89.3,100,,,,,,,,,,,,,,
2026-07-01T05:00:09.256615+00:00,2026-07-01T05:00:09.252489,3,3,88.9,0.2,88.8,110,88.7,150,88.6,1,,,,,,,,,,,,,,,89.0,1,89.2,150,89.3,100,,,,,,,,,,,,,,
2026-07-01T05:00:09.579099+00:00,2026-07-01T05:00:09.575068,3,2,88.9,0.2,88.8,10,88.7,150,88.6,1,,,,,,,,,,,,,,,89.0,1,89.2,150,,,,,,,,,,,,,,,,
2026-07-01T05:00:09.630617+00:00,2026-07-01T05:00:09.627605,3,2,88.9,0.2,88.8,10,88.7,250,88.6,1,,,,,,,,,,,,,,,89.0,1,89.2,150,,,,,,,,,,,,,,,,
2026-07-01T05:00:09.682182+00:00,2026-07-01T05:00:09.680708,3,2,88.9,0.2,88.8,10,88.7,250,88.6,1,,,,,,,,,,,,,,,89.0,1,89.2,250,,,,,,,,,,,,,,,,
2026-07-01T05:00:09.764627+00:00,2026-07-01T05:00:09.756213,2,2,88.85,0.3,88.7,250,88.6,1,,,,,,,,,,,,,,,,,89.0,1,89.2,250,,,,,,,,,,,,,,,,
2026-07-01T05:00:10.402801+00:00,2026-07-01T05:00:10.397470,2,1,88.95,0.5,88.7,250,88.6,1,,,,,,,,,,,,,,,,,89.2,205,,,,,,,,,,,,,,,,,,
2026-07-01T05:00:11.385763+00:00,2026-07-01T05:00:11.377444,2,1,88.95,0.5,88.7,100,88.6,1,,,,,,,,,,,,,,,,,89.2,100,,,,,,,,,,,,,,,,,,
2026-07-01T05:00:11.416615+00:00,2026-07-01T05:00:11.415065,1,1,88.95,0.5,88.7,100,,,,,,,,,,,,,,,,,,,89.2,100,,,,,,,,,,,,,,,,,,
2026-07-01T05:00:11.437309+00:00,2026-07-01T05:00:11.432835,1,1,88.95,0.5,88.7,205,,,,,,,,,,,,,,,,,,,89.2,100,,,,,,,,,,,,,,,,,,
2026-07-01T05:00:11.488766+00:00,2026-07-01T05:00:11.485993,1,1,88.95,0.5,88.7,205,,,,,,,,,,,,,,,,,,,89.2,250,,,,,,,,,,,,,,,,,,
2026-07-01T05:00:12.280717+00:00,2026-07-01T05:00:12.278433,1,1,88.95,0.5,88.7,155,,,,,,,,,,,,,,,,,,,89.2,250,,,,,,,,,,,,,,,,,,
2026-07-01T05:00:12.496687+00:00,2026-07-01T05:00:12.495316,1,2,88.9,0.4,88.7,155,,,,,,,,,,,,,,,,,,,89.1,4,89.2,250,,,,,,,,,,,,,,,,
2026-07-01T05:00:12.734663+00:00,2026-07-01T05:00:12.733734,1,2,88.9,0.4,88.7,155,,,,,,,,,,,,,,,,,,,89.1,4,89.2,150,,,,,,,,,,,,,,,,
2026-07-01T05:00:12.744938+00:00,2026-07-01T05:00:12.735078,1,2,88.9,0.4,88.7,150,,,,,,,,,,,,,,,,,,,89.1,4,89.2,150,,,,,,,,,,,,,,,,
2026-07-01T05:00:12.796297+00:00,2026-07-01T05:00:12.788330,2,2,88.9,0.4,88.7,150,88.4,100,,,,,,,,,,,,,,,,,89.1,4,89.2,150,,,,,,,,,,,,,,,,
2026-07-01T05:00:12.848258+00:00,2026-07-01T05:00:12.840342,2,3,88.8,0.2,88.7,150,88.4,100,,,,,,,,,,,,,,,,,88.9,100,89.1,4,89.2,150,,,,,,,,,,,,,,
2026-07-01T05:00:13.292094+00:00,2026-07-01T05:00:13.289616,2,3,88.8,0.2,88.7,160,88.4,100,,,,,,,,,,,,,,,,,88.9,100,89.1,4,89.2,150,,,,,,,,,,,,,,
2026-07-01T05:00:13.384839+00:00,2026-07-01T05:00:13.384429,3,3,88.85,0.1,88.8,2,88.7,160,88.4,100,,,,,,,,,,,,,,,88.9,100,89.1,4,89.2,150,,,,,,,,,,,,,,
2026-07-01T05:00:13.809395+00:00,2026-07-01T05:00:13.804811,3,3,88.85,0.1,88.8,12,88.7,150,88.4,100,,,,,,,,,,,,,,,88.9,100,89.1,4,89.2,150,,,,,,,,,,,,,,
2026-07-01T05:00:14.317765+00:00,2026-07-01T05:00:14.313053,3,3,88.85,0.1,88.8,10,88.7,150,88.4,100,,,,,,,,,,,,,,,88.9,100,89.1,4,89.2,150,,,,,,,,,,,,,,
2026-07-01T05:00:14.380037+00:00,2026-07-01T05:00:14.379878,3,3,88.85,0.1,88.8,10,88.7,152,88.4,100,,,,,,,,,,,,,,,88.9,100,89.1,4,89.2,150,,,,,,,,,,,,,,
2026-07-01T05:00:14.390460+00:00,2026-07-01T05:00:14.386814,2,3,88.8,0.2,88.7,112,88.4,100,,,,,,,,,,,,,,,,,88.9,100,89.1,4,89.2,150,,,,,,,,,,,,,,
2026-07-01T05:00:14.514765+00:00,2026-07-01T05:00:14.509086,2,3,88.8,0.2,88.7,112,88.4,100,,,,,,,,,,,,,,,,,88.9,100,89.1,3,89.2,150,,,,,,,,,,,,,,
2026-07-01T05:00:14.546009+00:00,2026-07-01T05:00:14.541434,2,2,88.8,0.2,88.7,2,88.4,100,,,,,,,,,,,,,,,,,88.9,100,89.1,3,,,,,,,,,,,,,,,,
2026-07-01T05:00:14.597640+00:00,2026-07-01T05:00:14.593607,3,2,88.8,0.2,88.7,2,88.6,150,88.4,100,,,,,,,,,,,,,,,88.9,100,89.1,3,,,,,,,,,,,,,,,,
2026-07-01T05:00:14.649091+00:00,2026-07-01T05:00:14.645279,3,2,88.8,0.2,88.7,2,88.6,150,88.4,100,,,,,,,,,,,,,,,88.9,100,89.1,153,,,,,,,,,,,,,,,,
2026-07-01T05:00:15.429190+00:00,2026-07-01T05:00:15.425899,3,2,88.8,0.2,88.7,2,88.6,150,88.4,100,,,,,,,,,,,,,,,88.9,100,89.1,152,,,,,,,,,,,,,,,,
2026-07-01T05:00:15.903816+00:00,2026-07-01T05:00:15.902639,2,1,88.9,0.4,88.7,2,88.6,150,,,,,,,,,,,,,,,,,89.1,152,,,,,,,,,,,,,,,,,,
2026-07-01T05:00:15.965503+00:00,2026-07-01T05:00:15.956267,3,1,88.9,0.4,88.7,2,88.6,150,88.4,100,,,,,,,,,,,,,,,89.1,152,,,,,,,,,,,,,,,,,,
2026-07-01T05:00:16.016835+00:00,2026-07-01T05:00:16.009456,3,2,88.8,0.2,88.7,2,88.6,150,88.4,100,,,,,,,,,,,,,,,88.9,100,89.1,152,,,,,,,,,,,,,,,,
2026-07-01T05:00:16.498975+00:00,2026-07-01T05:00:16.495859,2,2,88.75,0.3,88.6,102,88.4,100,,,,,,,,,,,,,,,,,88.9,100,89.1,152,,,,,,,,,,,,,,,,
2026-07-01T05:00:16.663709+00:00,2026-07-01T05:00:16.658716,3,2,88.8,0.2,88.7,3,88.6,102,88.4,100,,,,,,,,,,,,,,,88.9,100,89.1,152,,,,,,,,,,,,,,,,
2026-07-01T05:00:17.341691+00:00,2026-07-01T05:00:17.334436,3,2,88.8,0.2,88.7,3,88.6,102,88.4,100,,,,,,,,,,,,,,,88.9,110,89.1,152,,,,,,,,,,,,,,,,
2026-07-01T05:00:17.702394+00:00,2026-07-01T05:00:17.700449,2,2,88.8,0.2,88.7,3,88.4,100,,,,,,,,,,,,,,,,,88.9,110,89.1,2,,,,,,,,,,,,,,,,
2026-07-01T05:00:17.753883+00:00,2026-07-01T05:00:17.752643,3,2,88.8,0.2,88.7,3,88.4,100,88.2,150,,,,,,,,,,,,,,,88.9,110,89.1,2,,,,,,,,,,,,,,,,
2026-07-01T05:00:17.815771+00:00,2026-07-01T05:00:17.806143,2,3,88.55,0.3,88.4,100,88.2,150,,,,,,,,,,,,,,,,,88.7,147,88.9,110,89.1,2,,,,,,,,,,,,,,
2026-07-01T05:00:17.846788+00:00,2026-07-01T05:00:17.838493,2,3,88.55,0.3,88.4,100,88.2,150,,,,,,,,,,,,,,,,,88.7,147,88.9,100,89.1,2,,,,,,,,,,,,,,
2026-07-01T05:00:18.574276+00:00,2026-07-01T05:00:18.570413,2,3,88.55,0.3,88.4,100,88.2,150,,,,,,,,,,,,,,,,,88.7,144,88.9,100,89.1,2,,,,,,,,,,,,,,
2026-07-01T05:00:18.626329+00:00,2026-07-01T05:00:18.624210,2,3,88.55,0.3,88.4,50,88.2,150,,,,,,,,,,,,,,,,,88.7,141,88.9,100,89.1,2,,,,,,,,,,,,,,
2026-07-01T05:00:18.667422+00:00,2026-07-01T05:00:18.662359,2,3,88.55,0.3,88.4,50,88.2,150,,,,,,,,,,,,,,,,,88.7,138,88.9,100,89.1,2,,,,,,,,,,,,,,
2026-07-01T05:00:18.718684+00:00,2026-07-01T05:00:18.709953,2,3,88.55,0.3,88.4,50,88.2,150,,,,,,,,,,,,,,,,,88.7,135,88.9,100,89.1,2,,,,,,,,,,,,,,
2026-07-01T05:00:18.749568+00:00,2026-07-01T05:00:18.745751,2,3,88.55,0.3,88.4,50,88.2,150,,,,,,,,,,,,,,,,,88.7,132,88.9,100,89.1,2,,,,,,,,,,,,,,
2026-07-01T05:00:18.790652+00:00,2026-07-01T05:00:18.783109,2,3,88.55,0.3,88.4,50,88.2,150,,,,,,,,,,,,,,,,,88.7,129,88.9,100,89.1,2,,,,,,,,,,,,,,
2026-07-01T05:00:19.067003+00:00,2026-07-01T05:00:19.066344,2,2,88.55,0.3,88.4,50,88.2,150,,,,,,,,,,,,,,,,,88.7,129,89.1,2,,,,,,,,,,,,,,,,
2026-07-01T05:00:19.077368+00:00,2026-07-01T05:00:19.071326,1,1,88.45,0.5,88.2,150,,,,,,,,,,,,,,,,,,,88.7,129,,,,,,,,,,,,,,,,,,
2026-07-01T05:00:19.128546+00:00,2026-07-01T05:00:19.123725,2,1,88.45,0.5,88.2,150,88.1,100,,,,,,,,,,,,,,,,,88.7,129,,,,,,,,,,,,,,,,,,
2026-07-01T05:00:19.190747+00:00,2026-07-01T05:00:19.181667,2,2,88.4,0.4,88.2,150,88.1,100,,,,,,,,,,,,,,,,,88.6,100,88.7,129,,,,,,,,,,,,,,,,
2026-07-01T05:00:19.356703+00:00,2026-07-01T05:00:19.350909,3,2,88.45,0.3,88.3,10,88.2,150,88.1,100,,,,,,,,,,,,,,,88.6,100,88.7,129,,,,,,,,,,,,,,,,
2026-07-01T05:00:19.626255+00:00,2026-07-01T05:00:19.620736,3,2,88.45,0.3,88.3,10,88.2,150,88.1,100,,,,,,,,,,,,,,,88.6,97,88.7,129,,,,,,,,,,,,,,,,
2026-07-01T05:00:19.863759+00:00,2026-07-01T05:00:19.857036,3,2,88.45,0.3,88.3,10,88.2,150,88.1,100,,,,,,,,,,,,,,,88.6,97,88.7,129,,,,,,,,,,,,,,,,
2026-07-01T05:00:20.365020+00:00,2026-07-01T05:00:20.363878,3,2,88.45,0.3,88.3,10,88.2,150,88.1,100,,,,,,,,,,,,,,,88.6,97,88.7,129,,,,,,,,,,,,,,,,
2026-07-01T05:00:20.633206+00:00,2026-07-01T05:00:20.632813,3,2,88.45,0.3,88.3,10,88.2,150,88.1,100,,,,,,,,,,,,,,,88.6,94,88.7,129,,,,,,,,,,,,,,,,
2026-07-01T05:00:20.643540+00:00,2026-07-01T05:00:20.635468,3,3,88.45,0.3,88.3,10,88.2,150,88.1,100,,,,,,,,,,,,,,,88.6,94,88.7,129,88.9,3,,,,,,,,,,,,,,
2026-07-01T05:00:20.674571+00:00,2026-07-01T05:00:20.667079,3,3,88.45,0.3,88.3,10,88.2,150,88.1,100,,,,,,,,,,,,,,,88.6,91,88.7,129,88.9,3,,,,,,,,,,,,,,
2026-07-01T05:00:20.715972+00:00,2026-07-01T05:00:20.714008,3,3,88.45,0.3,88.3,10,88.2,150,88.1,100,,,,,,,,,,,,,,,88.6,89,88.7,129,88.9,3,,,,,,,,,,,,,,
2026-07-01T05:00:20.736851+00:00,2026-07-01T05:00:20.726806,2,3,88.4,0.4,88.2,110,88.1,100,,,,,,,,,,,,,,,,,88.6,89,88.7,129,88.9,3,,,,,,,,,,,,,,
2026-07-01T05:00:20.747164+00:00,2026-07-01T05:00:20.740987,2,3,88.4,0.4,88.2,110,88.1,100,,,,,,,,,,,,,,,,,88.6,86,88.7,129,88.9,3,,,,,,,,,,,,,,
2026-07-01T05:00:20.809344+00:00,2026-07-01T05:00:20.802864,2,3,88.4,0.4,88.2,110,88.1,100,,,,,,,,,,,,,,,,,88.6,84,88.7,129,88.9,3,,,,,,,,,,,,,,
2026-07-01T05:00:20.861115+00:00,2026-07-01T05:00:20.861032,2,2,88.4,0.4,88.2,110,88.1,100,,,,,,,,,,,,,,,,,88.6,84,88.9,3,,,,,,,,,,,,,,,,
2026-07-01T05:00:20.871461+00:00,2026-07-01T05:00:20.869335,2,2,88.4,0.4,88.2,10,88.1,100,,,,,,,,,,,,,,,,,88.6,84,88.9,3,,,,,,,,,,,,,,,,
2026-07-01T05:00:20.923044+00:00,2026-07-01T05:00:20.914124,2,2,88.4,0.4,88.2,10,88.1,250,,,,,,,,,,,,,,,,,88.6,84,88.9,3,,,,,,,,,,,,,,,,
2026-07-01T05:00:20.974645+00:00,2026-07-01T05:00:20.966215,2,2,88.4,0.4,88.2,10,88.1,250,,,,,,,,,,,,,,,,,88.6,234,88.9,3,,,,,,,,,,,,,,,,
2026-07-01T05:00:21.385139+00:00,2026-07-01T05:00:21.378707,1,2,88.35,0.5,88.1,250,,,,,,,,,,,,,,,,,,,88.6,234,88.9,3,,,,,,,,,,,,,,,,
2026-07-01T05:00:21.983980+00:00,2026-07-01T05:00:21.977341,2,2,88.55,0.1,88.5,1,88.1,250,,,,,,,,,,,,,,,,,88.6,234,88.9,3,,,,,,,,,,,,,,,,
2026-07-01T05:00:22.240445+00:00,2026-07-01T05:00:22.236410,2,2,88.55,0.1,88.5,1,88.1,150,,,,,,,,,,,,,,,,,88.6,150,88.9,3,,,,,,,,,,,,,,,,
2026-07-01T05:00:22.292724+00:00,2026-07-01T05:00:22.289633,3,2,88.55,0.1,88.5,1,88.1,150,88.0,100,,,,,,,,,,,,,,,88.6,150,88.9,3,,,,,,,,,,,,,,,,
2026-07-01T05:00:22.344392+00:00,2026-07-01T05:00:22.342242,2,3,88.3,0.4,88.1,150,88.0,100,,,,,,,,,,,,,,,,,88.5,99,88.6,150,88.9,3,,,,,,,,,,,,,,
2026-07-01T05:00:22.395944+00:00,2026-07-01T05:00:22.386427,3,3,88.35,0.3,88.2,10,88.1,150,88.0,100,,,,,,,,,,,,,,,88.5,99,88.6,150,88.9,3,,,,,,,,,,,,,,
2026-07-01T05:00:22.837686+00:00,2026-07-01T05:00:22.835131,2,3,88.3,0.4,88.1,110,88.0,100,,,,,,,,,,,,,,,,,88.5,99,88.6,150,88.9,3,,,,,,,,,,,,,,
2026-07-01T05:00:22.899600+00:00,2026-07-01T05:00:22.891177,3,3,88.35,0.3,88.2,10,88.1,110,88.0,100,,,,,,,,,,,,,,,88.5,99,88.6,150,88.9,3,,,,,,,,,,,,,,
2026-07-01T05:00:23.206818+00:00,2026-07-01T05:00:23.199485,3,3,88.35,0.3,88.2,10,88.1,110,88.0,100,,,,,,,,,,,,,,,88.5,98,88.6,150,88.9,3,,,,,,,,,,,,,,
2026-07-01T05:00:23.401223+00:00,2026-07-01T05:00:23.399712,2,3,88.3,0.4,88.1,110,88.0,100,,,,,,,,,,,,,,,,,88.5,98,88.6,150,88.9,3,,,,,,,,,,,,,,
2026-07-01T05:00:23.411475+00:00,2026-07-01T05:00:23.403275,3,3,88.35,0.3,88.2,10,88.1,110,88.0,100,,,,,,,,,,,,,,,88.5,98,88.6,150,88.9,3,,,,,,,,,,,,,,
2026-07-01T05:00:23.845252+00:00,2026-07-01T05:00:23.836339,3,3,88.35,0.3,88.2,10,88.1,110,88.0,100,,,,,,,,,,,,,,,88.5,97,88.6,150,88.9,3,,,,,,,,,,,,,,
2026-07-01T05:00:23.917246+00:00,2026-07-01T05:00:23.911796,3,3,88.35,0.3,88.2,10,88.1,110,88.0,100,,,,,,,,,,,,,,,88.5,97,88.6,150,88.9,3,,,,,,,,,,,,,,
2026-07-01T05:00:23.927533+00:00,2026-07-01T05:00:23.925493,3,2,88.35,0.3,88.2,10,88.1,110,88.0,100,,,,,,,,,,,,,,,88.5,97,88.6,150,,,,,,,,,,,,,,,,
2026-07-01T05:00:24.019747+00:00,2026-07-01T05:00:24.019057,3,1,88.35,0.3,88.2,10,88.1,110,88.0,100,,,,,,,,,,,,,,,88.5,97,,,,,,,,,,,,,,,,,,
2026-07-01T05:00:24.030030+00:00,2026-07-01T05:00:24.020317,2,1,88.35,0.3,88.2,10,88.0,100,,,,,,,,,,,,,,,,,88.5,97,,,,,,,,,,,,,,,,,,
2026-07-01T05:00:24.081745+00:00,2026-07-01T05:00:24.075590,3,1,88.35,0.3,88.2,10,88.0,100,87.8,150,,,,,,,,,,,,,,,88.5,97,,,,,,,,,,,,,,,,,,
2026-07-01T05:00:24.133095+00:00,2026-07-01T05:00:24.126514,3,2,88.25,0.1,88.2,10,88.0,100,87.8,150,,,,,,,,,,,,,,,88.3,150,88.5,97,,,,,,,,,,,,,,,,
2026-07-01T05:00:24.243681+00:00,2026-07-01T05:00:24.240230,3,3,88.25,0.1,88.2,10,88.0,100,87.8,150,,,,,,,,,,,,,,,88.3,150,88.5,97,88.7,5,,,,,,,,,,,,,,
2026-07-01T05:00:24.418547+00:00,2026-07-01T05:00:24.416274,2,3,88.15,0.3,88.0,100,87.8,150,,,,,,,,,,,,,,,,,88.3,150,88.5,97,88.7,5,,,,,,,,,,,,,,
2026-07-01T05:00:24.428972+00:00,2026-07-01T05:00:24.419465,3,3,88.2,0.2,88.1,10,88.0,100,87.8,150,,,,,,,,,,,,,,,88.3,150,88.5,97,88.7,5,,,,,,,,,,,,,,
2026-07-01T05:00:24.676615+00:00,2026-07-01T05:00:24.675530,3,3,88.2,0.2,88.1,10,88.0,100,87.8,150,,,,,,,,,,,,,,,88.3,149,88.5,97,88.7,5,,,,,,,,,,,,,,
2026-07-01T05:00:24.790131+00:00,2026-07-01T05:00:24.783080,3,3,88.2,0.2,88.1,10,88.0,100,87.8,150,,,,,,,,,,,,,,,88.3,148,88.5,97,88.7,5,,,,,,,,,,,,,,
2026-07-01T05:00:24.841477+00:00,2026-07-01T05:00:24.834389,3,3,88.2,0.2,88.1,10,88.0,100,87.8,150,,,,,,,,,,,,,,,88.3,147,88.5,97,88.7,5,,,,,,,,,,,,,,
2026-07-01T05:00:24.924140+00:00,2026-07-01T05:00:24.923321,2,3,88.15,0.3,88.0,100,87.8,150,,,,,,,,,,,,,,,,,88.3,147,88.5,97,88.7,5,,,,,,,,,,,,,,
2026-07-01T05:00:24.934494+00:00,2026-07-01T05:00:24.926249,3,3,88.2,0.2,88.1,10,88.0,100,87.8,150,,,,,,,,,,,,,,,88.3,147,88.5,97,88.7,5,,,,,,,,,,,,,,
2026-07-01T05:00:24.944876+00:00,2026-07-01T05:00:24.943747,2,3,88.15,0.3,88.0,60,87.8,150,,,,,,,,,,,,,,,,,88.3,147,88.5,97,88.7,5,,,,,,,,,,,,,,
2026-07-01T05:00:25.399918+00:00,2026-07-01T05:00:25.397444,1,2,88.05,0.5,87.8,150,,,,,,,,,,,,,,,,,,,88.3,147,88.7,5,,,,,,,,,,,,,,,,
2026-07-01T05:00:25.451563+00:00,2026-07-01T05:00:25.450418,2,2,88.05,0.5,87.8,150,87.6,100,,,,,,,,,,,,,,,,,88.3,147,88.7,5,,,,,,,,,,,,,,,,
2026-07-01T05:00:25.513425+00:00,2026-07-01T05:00:25.503342,2,3,87.95,0.3,87.8,150,87.6,100,,,,,,,,,,,,,,,,,88.1,100,88.3,147,88.7,5,,,,,,,,,,,,,,
2026-07-01T05:00:25.947741+00:00,2026-07-01T05:00:25.938440,2,3,87.95,0.3,87.8,160,87.6,100,,,,,,,,,,,,,,,,,88.1,100,88.3,147,88.7,5,,,,,,,,,,,,,,
2026-07-01T05:00:26.451135+00:00,2026-07-01T05:00:26.445112,2,3,87.95,0.3,87.8,160,87.6,100,,,,,,,,,,,,,,,,,88.1,100,88.3,147,88.7,5,,,,,,,,,,,,,,
2026-07-01T05:00:26.503518+00:00,2026-07-01T05:00:26.502738,2,3,87.95,0.3,87.8,160,87.6,100,,,,,,,,,,,,,,,,,88.1,97,88.3,147,88.7,5,,,,,,,,,,,,,,
2026-07-01T05:00:26.958009+00:00,2026-07-01T05:00:26.956831,2,3,87.95,0.3,87.8,160,87.6,100,,,,,,,,,,,,,,,,,88.1,97,88.3,147,88.7,5,,,,,,,,,,,,,,
2026-07-01T05:00:27.050387+00:00,2026-07-01T05:00:27.049960,2,3,87.95,0.3,87.8,110,87.6,100,,,,,,,,,,,,,,,,,88.1,97,88.3,147,88.7,5,,,,,,,,,,,,,,
2026-07-01T05:00:27.184055+00:00,2026-07-01T05:00:27.182383,2,2,87.95,0.3,87.8,10,87.6,100,,,,,,,,,,,,,,,,,88.1,97,88.7,5,,,,,,,,,,,,,,,,
2026-07-01T05:00:27.235366+00:00,2026-07-01T05:00:27.234647,3,2,87.95,0.3,87.8,10,87.6,100,87.5,150,,,,,,,,,,,,,,,88.1,97,88.7,5,,,,,,,,,,,,,,,,
2026-07-01T05:00:27.306155+00:00,2026-07-01T05:00:27.305228,3,3,87.9,0.2,87.8,10,87.6,100,87.5,150,,,,,,,,,,,,,,,88.0,139,88.1,97,88.7,5,,,,,,,,,,,,,,
2026-07-01T05:00:27.470659+00:00,2026-07-01T05:00:27.463003,3,3,87.85,0.3,87.7,10,87.6,100,87.5,150,,,,,,,,,,,,,,,88.0,139,88.1,97,88.7,5,,,,,,,,,,,,,,
2026-07-01T05:00:27.501710+00:00,2026-07-01T05:00:27.494026,3,3,87.85,0.3,87.7,10,87.6,100,87.5,150,,,,,,,,,,,,,,,88.0,96,88.1,97,88.7,5,,,,,,,,,,,,,,
2026-07-01T05:00:27.968026+00:00,2026-07-01T05:00:27.966616,2,3,87.8,0.4,87.6,100,87.5,150,,,,,,,,,,,,,,,,,88.0,96,88.1,97,88.7,5,,,,,,,,,,,,,,
2026-07-01T05:00:27.978416+00:00,2026-07-01T05:00:27.969291,3,3,87.85,0.3,87.7,10,87.6,100,87.5,150,,,,,,,,,,,,,,,88.0,96,88.1,97,88.7,5,,,,,,,,,,,,,,
2026-07-01T05:00:28.029683+00:00,2026-07-01T05:00:28.023773,3,2,87.85,0.3,87.7,10,87.6,100,87.5,150,,,,,,,,,,,,,,,88.0,96,88.1,97,,,,,,,,,,,,,,,,
2026-07-01T05:00:28.441546+00:00,2026-07-01T05:00:28.441454,3,2,87.85,0.3,87.7,10,87.6,100,87.5,150,,,,,,,,,,,,,,,88.0,48,88.1,97,,,,,,,,,,,,,,,,
2026-07-01T05:00:28.472826+00:00,2026-07-01T05:00:28.472730,2,2,87.8,0.4,87.6,100,87.5,150,,,,,,,,,,,,,,,,,88.0,48,88.1,97,,,,,,,,,,,,,,,,
2026-07-01T05:00:28.483262+00:00,2026-07-01T05:00:28.475335,3,2,87.85,0.3,87.7,10,87.6,100,87.5,150,,,,,,,,,,,,,,,88.0,48,88.1,97,,,,,,,,,,,,,,,,
2026-07-01T05:00:28.566066+00:00,2026-07-01T05:00:28.557554,2,1,87.85,0.3,87.7,10,87.5,150,,,,,,,,,,,,,,,,,88.0,48,,,,,,,,,,,,,,,,,,
2026-07-01T05:00:28.617550+00:00,2026-07-01T05:00:28.609626,3,1,87.85,0.3,87.7,10,87.6,100,87.5,150,,,,,,,,,,,,,,,88.0,48,,,,,,,,,,,,,,,,,,
2026-07-01T05:00:28.669437+00:00,2026-07-01T05:00:28.662313,3,2,87.85,0.3,87.7,10,87.6,100,87.5,150,,,,,,,,,,,,,,,88.0,48,88.1,100,,,,,,,,,,,,,,,,
2026-07-01T05:00:28.894735+00:00,2026-07-01T05:00:28.884899,3,3,87.85,0.3,87.7,10,87.6,100,87.5,150,,,,,,,,,,,,,,,88.0,48,88.1,100,88.5,6,,,,,,,,,,,,,,
2026-07-01T05:00:29.019903+00:00,2026-07-01T05:00:29.018868,2,3,87.8,0.4,87.6,100,87.5,150,,,,,,,,,,,,,,,,,88.0,48,88.1,100,88.5,6,,,,,,,,,,,,,,
2026-07-01T05:00:29.030341+00:00,2026-07-01T05:00:29.028729,3,3,87.85,0.3,87.7,10,87.6,100,87.5,150,,,,,,,,,,,,,,,88.0,48,88.1,100,88.5,6,,,,,,,,,,,,,,
2026-07-01T05:00:29.181315+00:00,2026-07-01T05:00:29.173124,2,3,87.8,0.4,87.6,60,87.5,150,,,,,,,,,,,,,,,,,88.0,48,88.1,100,88.5,6,,,,,,,,,,,,,,
2026-07-01T05:00:30.345409+00:00,2026-07-01T05:00:30.342730,1,2,87.85,0.5,87.6,60,,,,,,,,,,,,,,,,,,,88.1,100,88.5,6,,,,,,,,,,,,,,,,
2026-07-01T05:00:30.396635+00:00,2026-07-01T05:00:30.395661,1,2,87.85,0.5,87.6,210,,,,,,,,,,,,,,,,,,,88.1,100,88.5,6,,,,,,,,,,,,,,,,
2026-07-01T05:00:30.458047+00:00,2026-07-01T05:00:30.449476,1,2,87.85,0.5,87.6,210,,,,,,,,,,,,,,,,,,,88.1,250,88.5,6,,,,,,,,,,,,,,,,
2026-07-01T05:00:30.509120+00:00,2026-07-01T05:00:30.500589,1,2,87.85,0.5,87.6,166,,,,,,,,,,,,,,,,,,,88.1,250,88.5,6,,,,,,,,,,,,,,,,
2026-07-01T05:00:31.289553+00:00,2026-07-01T05:00:31.282416,1,2,87.85,0.5,87.6,116,,,,,,,,,,,,,,,,,,,88.1,250,88.5,6,,,,,,,,,,,,,,,,
2026-07-01T05:00:31.721456+00:00,2026-07-01T05:00:31.720889,1,1,87.85,0.5,87.6,116,,,,,,,,,,,,,,,,,,,88.1,150,,,,,,,,,,,,,,,,,,
2026-07-01T05:00:31.773080+00:00,2026-07-01T05:00:31.771832,2,1,87.85,0.5,87.6,116,87.3,100,,,,,,,,,,,,,,,,,88.1,150,,,,,,,,,,,,,,,,,,
2026-07-01T05:00:31.824286+00:00,2026-07-01T05:00:31.820406,2,2,87.85,0.5,87.6,116,87.3,100,,,,,,,,,,,,,,,,,88.1,150,88.3,6,,,,,,,,,,,,,,,,
2026-07-01T05:00:31.849489+00:00,2026-07-01T05:00:31.848462,2,3,87.7,0.2,87.6,116,87.3,100,,,,,,,,,,,,,,,,,87.8,77,88.1,150,88.3,6,,,,,,,,,,,,,,
2026-07-01T05:00:32.055803+00:00,2026-07-01T05:00:32.054289,2,3,87.7,0.2,87.6,126,87.3,100,,,,,,,,,,,,,,,,,87.8,77,88.1,150,88.3,6,,,,,,,,,,,,,,
2026-07-01T05:00:32.560680+00:00,2026-07-01T05:00:32.559715,2,3,87.7,0.2,87.6,116,87.3,100,,,,,,,,,,,,,,,,,87.8,77,88.1,150,88.3,6,,,,,,,,,,,,,,
2026-07-01T05:00:32.571069+00:00,2026-07-01T05:00:32.562537,2,3,87.7,0.2,87.6,126,87.3,100,,,,,,,,,,,,,,,,,87.8,77,88.1,150,88.3,6,,,,,,,,,,,,,,
2026-07-01T05:00:33.077130+00:00,2026-07-01T05:00:33.071596,2,3,87.7,0.2,87.6,126,87.3,100,,,,,,,,,,,,,,,,,87.8,77,88.1,150,88.3,6,,,,,,,,,,,,,,
2026-07-01T05:00:33.396309+00:00,2026-07-01T05:00:33.387412,2,3,87.7,0.2,87.6,76,87.3,100,,,,,,,,,,,,,,,,,87.8,77,88.1,150,88.3,6,,,,,,,,,,,,,,
2026-07-01T05:00:33.509612+00:00,2026-07-01T05:00:33.504053,2,2,87.7,0.2,87.6,10,87.3,100,,,,,,,,,,,,,,,,,87.8,77,88.3,6,,,,,,,,,,,,,,,,
2026-07-01T05:00:33.561192+00:00,2026-07-01T05:00:33.556336,3,2,87.7,0.2,87.6,10,87.4,150,87.3,100,,,,,,,,,,,,,,,87.8,29,88.3,6,,,,,,,,,,,,,,,,
2026-07-01T05:00:33.581804+00:00,2026-07-01T05:00:33.579081,3,2,87.65,0.3,87.5,10,87.4,150,87.3,100,,,,,,,,,,,,,,,87.8,29,88.3,6,,,,,,,,,,,,,,,,
2026-07-01T05:00:33.612626+00:00,2026-07-01T05:00:33.609474,3,3,87.65,0.3,87.5,10,87.4,150,87.3,100,,,,,,,,,,,,,,,87.8,29,87.9,150,88.3,6,,,,,,,,,,,,,,
2026-07-01T05:00:34.087116+00:00,2026-07-01T05:00:34.086840,3,3,87.65,0.3,87.5,10,87.4,150,87.3,100,,,,,,,,,,,,,,,87.8,29,87.9,150,88.3,6,,,,,,,,,,,,,,
2026-07-01T05:00:34.593443+00:00,2026-07-01T05:00:34.591750,2,3,87.6,0.4,87.4,150,87.3,100,,,,,,,,,,,,,,,,,87.8,29,87.9,150,88.3,6,,,,,,,,,,,,,,
2026-07-01T05:00:34.603800+00:00,2026-07-01T05:00:34.595342,3,3,87.65,0.3,87.5,10,87.4,150,87.3,100,,,,,,,,,,,,,,,87.8,29,87.9,150,88.3,6,,,,,,,,,,,,,,
2026-07-01T05:00:34.634907+00:00,2026-07-01T05:00:34.625682,2,3,87.6,0.4,87.4,114,87.3,100,,,,,,,,,,,,,,,,,87.8,29,87.9,150,88.3,6,,,,,,,,,,,,,,
2026-07-01T05:00:34.882096+00:00,2026-07-01T05:00:34.881127,2,2,87.65,0.5,87.4,114,87.3,100,,,,,,,,,,,,,,,,,87.9,150,88.3,6,,,,,,,,,,,,,,,,
2026-07-01T05:00:34.892512+00:00,2026-07-01T05:00:34.882465,1,2,87.65,0.5,87.4,114,,,,,,,,,,,,,,,,,,,87.9,150,88.3,6,,,,,,,,,,,,,,,,
2026-07-01T05:00:34.943848+00:00,2026-07-01T05:00:34.934719,2,2,87.7,0.4,87.5,100,87.4,114,,,,,,,,,,,,,,,,,87.9,150,88.3,6,,,,,,,,,,,,,,,,
2026-07-01T05:00:34.996038+00:00,2026-07-01T05:00:34.987784,2,3,87.7,0.4,87.5,100,87.4,114,,,,,,,,,,,,,,,,,87.9,150,88.0,100,88.3,6,,,,,,,,,,,,,,
2026-07-01T05:00:35.109957+00:00,2026-07-01T05:00:35.100420,3,3,87.75,0.3,87.6,10,87.5,100,87.4,114,,,,,,,,,,,,,,,87.9,150,88.0,100,88.3,6,,,,,,,,,,,,,,
2026-07-01T05:00:35.120424+00:00,2026-07-01T05:00:35.113462,3,3,87.75,0.3,87.6,10,87.5,100,87.4,114,,,,,,,,,,,,,,,87.9,108,88.0,100,88.3,6,,,,,,,,,,,,,,
2026-07-01T05:00:35.500411+00:00,2026-07-01T05:00:35.496509,2,3,87.7,0.4,87.5,60,87.4,114,,,,,,,,,,,,,,,,,87.9,108,88.0,100,88.3,6,,,,,,,,,,,,,,
2026-07-01T05:00:36.118475+00:00,2026-07-01T05:00:36.117040,3,3,87.75,0.3,87.6,10,87.5,60,87.4,114,,,,,,,,,,,,,,,87.9,108,88.0,100,88.3,6,,,,,,,,,,,,,,
2026-07-01T05:00:36.128930+00:00,2026-07-01T05:00:36.123354,3,3,87.75,0.3,87.6,10,87.5,60,87.4,114,,,,,,,,,,,,,,,87.9,108,88.0,100,88.1,6,,,,,,,,,,,,,,
2026-07-01T05:00:36.202046+00:00,2026-07-01T05:00:36.200050,2,3,87.7,0.4,87.5,60,87.4,114,,,,,,,,,,,,,,,,,87.9,108,88.0,100,88.1,6,,,,,,,,,,,,,,
2026-07-01T05:00:36.624756+00:00,2026-07-01T05:00:36.622439,3,3,87.75,0.3,87.6,10,87.5,60,87.4,114,,,,,,,,,,,,,,,87.9,108,88.0,100,88.1,6,,,,,,,,,,,,,,
2026-07-01T05:00:36.665752+00:00,2026-07-01T05:00:36.663587,2,2,87.8,0.4,87.6,10,87.5,60,,,,,,,,,,,,,,,,,88.0,100,88.1,6,,,,,,,,,,,,,,,,
2026-07-01T05:00:36.716855+00:00,2026-07-01T05:00:36.715674,2,2,87.8,0.4,87.6,160,87.5,60,,,,,,,,,,,,,,,,,88.0,100,88.1,6,,,,,,,,,,,,,,,,
2026-07-01T05:00:36.789221+00:00,2026-07-01T05:00:36.785661,2,2,87.8,0.4,87.6,160,87.5,60,,,,,,,,,,,,,,,,,88.0,100,88.1,156,,,,,,,,,,,,,,,,
2026-07-01T05:00:36.830546+00:00,2026-07-01T05:00:36.826477,2,2,87.8,0.4,87.6,160,87.5,60,,,,,,,,,,,,,,,,,88.0,56,88.1,156,,,,,,,,,,,,,,,,
2026-07-01T05:00:37.138299+00:00,2026-07-01T05:00:37.134682,2,3,87.75,0.3,87.6,150,87.5,60,,,,,,,,,,,,,,,,,87.9,10,88.0,56,88.1,156,,,,,,,,,,,,,,
2026-07-01T05:00:37.658898+00:00,2026-07-01T05:00:37.638845,2,2,87.8,0.4,87.6,150,87.5,60,,,,,,,,,,,,,,,,,88.0,56,88.1,156,,,,,,,,,,,,,,,,
2026-07-01T05:00:37.669184+00:00,2026-07-01T05:00:37.659220,2,3,87.75,0.3,87.6,150,87.5,60,,,,,,,,,,,,,,,,,87.9,10,88.0,56,88.1,156,,,,,,,,,,,,,,
2026-07-01T05:00:38.070108+00:00,2026-07-01T05:00:38.060393,1,2,87.75,0.3,87.6,150,,,,,,,,,,,,,,,,,,,87.9,10,88.1,156,,,,,,,,,,,,,,,,
2026-07-01T05:00:38.101331+00:00,2026-07-01T05:00:38.095892,2,2,87.75,0.3,87.6,150,87.3,100,,,,,,,,,,,,,,,,,87.9,10,88.1,156,,,,,,,,,,,,,,,,
2026-07-01T05:00:38.153183+00:00,2026-07-01T05:00:38.152297,2,3,87.7,0.2,87.6,150,87.3,100,,,,,,,,,,,,,,,,,87.8,100,88.0,10,88.1,156,,,,,,,,,,,,,,
2026-07-01T05:00:38.662841+00:00,2026-07-01T05:00:38.661115,2,2,87.7,0.2,87.6,160,87.3,100,,,,,,,,,,,,,,,,,87.8,100,88.1,156,,,,,,,,,,,,,,,,
2026-07-01T05:00:39.169684+00:00,2026-07-01T05:00:39.167339,2,2,87.7,0.2,87.6,160,87.3,100,,,,,,,,,,,,,,,,,87.8,100,88.1,156,,,,,,,,,,,,,,,,
2026-07-01T05:00:39.257829+00:00,2026-07-01T05:00:39.255228,2,2,87.7,0.2,87.6,120,87.3,100,,,,,,,,,,,,,,,,,87.8,100,88.1,156,,,,,,,,,,,,,,,,
2026-07-01T05:00:39.660388+00:00,2026-07-01T05:00:39.655621,2,2,87.7,0.2,87.6,120,87.3,100,,,,,,,,,,,,,,,,,87.8,50,88.1,156,,,,,,,,,,,,,,,,
2026-07-01T05:00:39.680884+00:00,2026-07-01T05:00:39.674484,2,2,87.7,0.2,87.6,110,87.3,100,,,,,,,,,,,,,,,,,87.8,60,88.1,156,,,,,,,,,,,,,,,,
2026-07-01T05:00:39.846088+00:00,2026-07-01T05:00:39.840478,1,2,87.55,0.5,87.3,100,,,,,,,,,,,,,,,,,,,87.8,60,88.1,6,,,,,,,,,,,,,,,,
2026-07-01T05:00:39.897891+00:00,2026-07-01T05:00:39.893925,2,2,87.55,0.5,87.3,100,87.1,150,,,,,,,,,,,,,,,,,87.8,60,88.1,6,,,,,,,,,,,,,,,,
2026-07-01T05:00:39.949975+00:00,2026-07-01T05:00:39.946275,2,3,87.45,0.3,87.3,100,87.1,150,,,,,,,,,,,,,,,,,87.6,150,87.8,60,88.1,6,,,,,,,,,,,,,,
2026-07-01T05:00:40.186956+00:00,2026-07-01T05:00:40.181484,2,3,87.45,0.3,87.3,110,87.1,150,,,,,,,,,,,,,,,,,87.6,150,87.8,50,88.1,6,,,,,,,,,,,,,,
2026-07-01T05:00:40.435502+00:00,2026-07-01T05:00:40.429547,2,3,87.45,0.3,87.3,110,87.1,150,,,,,,,,,,,,,,,,,87.6,110,87.8,50,88.1,6,,,,,,,,,,,,,,
2026-07-01T05:00:40.692199+00:00,2026-07-01T05:00:40.686356,2,3,87.45,0.3,87.3,100,87.1,150,,,,,,,,,,,,,,,,,87.6,110,87.8,50,88.1,6,,,,,,,,,,,,,,
2026-07-01T05:00:41.197752+00:00,2026-07-01T05:00:41.191626,2,3,87.45,0.3,87.3,110,87.1,150,,,,,,,,,,,,,,,,,87.6,110,87.8,50,88.1,6,,,,,,,,,,,,,,
2026-07-01T05:00:41.208130+00:00,2026-07-01T05:00:41.204725,2,2,87.45,0.3,87.3,10,87.1,150,,,,,,,,,,,,,,,,,87.6,110,88.1,6,,,,,,,,,,,,,,,,
2026-07-01T05:00:41.259980+00:00,2026-07-01T05:00:41.257382,3,2,87.55,0.1,87.5,100,87.3,10,87.1,150,,,,,,,,,,,,,,,87.6,110,88.1,6,,,,,,,,,,,,,,,,
2026-07-01T05:00:41.311950+00:00,2026-07-01T05:00:41.309999,3,3,87.55,0.1,87.5,100,87.3,10,87.1,150,,,,,,,,,,,,,,,87.6,110,88.0,100,88.1,6,,,,,,,,,,,,,,
2026-07-01T05:00:41.404881+00:00,2026-07-01T05:00:41.402863,3,3,87.55,0.1,87.5,58,87.3,10,87.1,150,,,,,,,,,,,,,,,87.6,110,88.0,100,88.1,6,,,,,,,,,,,,,,
2026-07-01T05:00:41.703841+00:00,2026-07-01T05:00:41.701123,2,3,87.55,0.1,87.5,68,87.1,150,,,,,,,,,,,,,,,,,87.6,120,88.0,100,88.1,6,,,,,,,,,,,,,,
2026-07-01T05:00:41.765654+00:00,2026-07-01T05:00:41.761497,2,3,87.55,0.1,87.5,68,87.1,150,,,,,,,,,,,,,,,,,87.6,70,88.0,100,88.1,6,,,,,,,,,,,,,,
2026-07-01T05:00:42.209167+00:00,2026-07-01T05:00:42.206152,2,3,87.55,0.1,87.5,58,87.1,150,,,,,,,,,,,,,,,,,87.6,60,88.0,100,88.1,6,,,,,,,,,,,,,,
2026-07-01T05:00:42.219545+00:00,2026-07-01T05:00:42.216558,2,3,87.55,0.1,87.5,68,87.1,150,,,,,,,,,,,,,,,,,87.6,70,88.0,100,88.1,6,,,,,,,,,,,,,,
2026-07-01T05:00:42.519674+00:00,2026-07-01T05:00:42.511764,2,3,87.55,0.1,87.5,68,87.1,150,,,,,,,,,,,,,,,,,87.6,30,88.0,100,88.1,6,,,,,,,,,,,,,,
2026-07-01T05:00:42.725110+00:00,2026-07-01T05:00:42.723455,2,3,87.55,0.1,87.5,58,87.1,150,,,,,,,,,,,,,,,,,87.6,20,88.0,100,88.1,6,,,,,,,,,,,,,,
2026-07-01T05:00:42.735512+00:00,2026-07-01T05:00:42.729396,2,3,87.55,0.1,87.5,68,87.1,150,,,,,,,,,,,,,,,,,87.6,30,88.0,100,88.1,6,,,,,,,,,,,,,,
2026-07-01T05:00:42.983192+00:00,2026-07-01T05:00:42.977563,2,3,87.55,0.1,87.5,28,87.1,150,,,,,,,,,,,,,,,,,87.6,30,88.0,100,88.1,6,,,,,,,,,,,,,,
2026-07-01T05:00:42.993605+00:00,2026-07-01T05:00:42.984803,2,2,87.55,0.1,87.5,28,87.1,150,,,,,,,,,,,,,,,,,87.6,30,88.0,100,,,,,,,,,,,,,,,,
2026-07-01T05:00:43.004038+00:00,2026-07-01T05:00:43.000624,1,2,87.55,0.1,87.5,28,,,,,,,,,,,,,,,,,,,87.6,10,88.0,100,,,,,,,,,,,,,,,,
2026-07-01T05:00:43.055754+00:00,2026-07-01T05:00:43.052973,2,1,87.8,0.4,87.6,140,87.5,28,,,,,,,,,,,,,,,,,88.0,100,,,,,,,,,,,,,,,,,,
2026-07-01T05:00:43.107392+00:00,2026-07-01T05:00:43.106362,2,2,87.8,0.4,87.6,140,87.5,28,,,,,,,,,,,,,,,,,88.0,100,88.1,150,,,,,,,,,,,,,,,,
2026-07-01T05:00:43.242144+00:00,2026-07-01T05:00:43.236909,2,3,87.75,0.3,87.6,140,87.5,18,,,,,,,,,,,,,,,,,87.9,10,88.0,100,88.1,150,,,,,,,,,,,,,,
2026-07-01T05:00:43.570899+00:00,2026-07-01T05:00:43.563736,2,2,87.8,0.4,87.6,140,87.5,18,,,,,,,,,,,,,,,,,88.0,69,88.1,150,,,,,,,,,,,,,,,,
2026-07-01T05:00:43.611827+00:00,2026-07-01T05:00:43.609079,2,3,87.75,0.3,87.6,140,87.5,18,,,,,,,,,,,,,,,,,87.9,6,88.0,69,88.1,150,,,,,,,,,,,,,,
2026-07-01T05:00:43.632475+00:00,2026-07-01T05:00:43.622563,2,3,87.75,0.3,87.6,92,87.5,18,,,,,,,,,,,,,,,,,87.9,6,88.0,69,88.1,150,,,,,,,,,,,,,,
2026-07-01T05:00:43.755245+00:00,2026-07-01T05:00:43.746107,2,3,87.75,0.3,87.6,102,87.5,18,,,,,,,,,,,,,,,,,87.9,6,88.0,69,88.1,150,,,,,,,,,,,,,,
2026-07-01T05:00:43.878373+00:00,2026-07-01T05:00:43.869514,2,2,87.8,0.4,87.6,102,87.5,18,,,,,,,,,,,,,,,,,88.0,25,88.1,150,,,,,,,,,,,,,,,,
2026-07-01T05:00:44.263537+00:00,2026-07-01T05:00:44.258836,3,2,87.85,0.3,87.7,10,87.6,92,87.5,18,,,,,,,,,,,,,,,88.0,25,88.1,150,,,,,,,,,,,,,,,,
2026-07-01T05:00:44.365938+00:00,2026-07-01T05:00:44.365334,2,1,87.9,0.4,87.7,10,87.6,92,,,,,,,,,,,,,,,,,88.1,150,,,,,,,,,,,,,,,,,,
2026-07-01T05:00:44.427397+00:00,2026-07-01T05:00:44.417579,2,1,87.9,0.4,87.7,110,87.6,92,,,,,,,,,,,,,,,,,88.1,150,,,,,,,,,,,,,,,,,,
2026-07-01T05:00:44.478737+00:00,2026-07-01T05:00:44.469545,2,2,87.9,0.4,87.7,110,87.6,92,,,,,,,,,,,,,,,,,88.1,150,88.2,100,,,,,,,,,,,,,,,,
2026-07-01T05:00:44.612275+00:00,2026-07-01T05:00:44.605768,2,2,87.9,0.4,87.7,110,87.6,92,,,,,,,,,,,,,,,,,88.1,109,88.2,100,,,,,,,,,,,,,,,,
2026-07-01T05:00:44.622633+00:00,2026-07-01T05:00:44.613783,2,3,87.85,0.3,87.7,110,87.6,92,,,,,,,,,,,,,,,,,88.0,6,88.1,109,88.2,100,,,,,,,,,,,,,,
2026-07-01T05:00:44.777015+00:00,2026-07-01T05:00:44.776785,2,3,87.85,0.3,87.7,100,87.6,92,,,,,,,,,,,,,,,,,88.0,6,88.1,109,88.2,100,,,,,,,,,,,,,,
2026-07-01T05:00:44.787315+00:00,2026-07-01T05:00:44.784421,2,3,87.85,0.3,87.7,100,87.6,92,,,,,,,,,,,,,,,,,88.0,5,88.1,109,88.2,100,,,,,,,,,,,,,,
2026-07-01T05:00:44.807903+00:00,2026-07-01T05:00:44.805418,2,3,87.85,0.3,87.7,110,87.6,92,,,,,,,,,,,,,,,,,88.0,5,88.1,109,88.2,100,,,,,,,,,,,,,,
2026-07-01T05:00:45.311451+00:00,2026-07-01T05:00:45.308936,2,3,87.85,0.3,87.7,100,87.6,92,,,,,,,,,,,,,,,,,88.0,5,88.1,109,88.2,100,,,,,,,,,,,,,,
2026-07-01T05:00:46.039780+00:00,2026-07-01T05:00:46.033031,2,3,87.85,0.3,87.7,50,87.6,92,,,,,,,,,,,,,,,,,88.0,5,88.1,109,88.2,100,,,,,,,,,,,,,,
2026-07-01T05:00:46.162699+00:00,2026-07-01T05:00:46.162060,1,2,87.85,0.3,87.7,50,,,,,,,,,,,,,,,,,,,88.0,5,88.2,100,,,,,,,,,,,,,,,,
2026-07-01T05:00:46.224206+00:00,2026-07-01T05:00:46.214503,1,2,87.85,0.3,87.7,200,,,,,,,,,,,,,,,,,,,88.0,5,88.2,100,,,,,,,,,,,,,,,,
2026-07-01T05:00:46.275293+00:00,2026-07-01T05:00:46.267521,1,2,87.85,0.3,87.7,200,,,,,,,,,,,,,,,,,,,88.0,5,88.2,250,,,,,,,,,,,,,,,,
2026-07-01T05:00:46.326478+00:00,2026-07-01T05:00:46.316438,1,2,87.85,0.3,87.7,210,,,,,,,,,,,,,,,,,,,88.0,5,88.2,250,,,,,,,,,,,,,,,,
2026-07-01T05:00:46.828546+00:00,2026-07-01T05:00:46.824754,1,2,87.85,0.3,87.7,210,,,,,,,,,,,,,,,,,,,88.0,5,88.2,250,,,,,,,,,,,,,,,,
2026-07-01T05:00:46.952278+00:00,2026-07-01T05:00:46.949703,1,2,87.85,0.3,87.7,210,,,,,,,,,,,,,,,,,,,88.0,3,88.2,250,,,,,,,,,,,,,,,,
2026-07-01T05:00:47.250839+00:00,2026-07-01T05:00:47.244951,1,2,87.85,0.3,87.7,165,,,,,,,,,,,,,,,,,,,88.0,3,88.2,250,,,,,,,,,,,,,,,,
2026-07-01T05:00:47.333219+00:00,2026-07-01T05:00:47.332621,1,2,87.85,0.3,87.7,165,,,,,,,,,,,,,,,,,,,88.0,3,88.2,250,,,,,,,,,,,,,,,,
2026-07-01T05:00:47.528134+00:00,2026-07-01T05:00:47.525564,1,2,87.85,0.3,87.7,160,,,,,,,,,,,,,,,,,,,88.0,3,88.2,150,,,,,,,,,,,,,,,,
2026-07-01T05:00:47.579775+00:00,2026-07-01T05:00:47.577775,2,2,87.85,0.3,87.7,160,87.3,100,,,,,,,,,,,,,,,,,88.0,3,88.2,150,,,,,,,,,,,,,,,,
2026-07-01T05:00:47.631147+00:00,2026-07-01T05:00:47.629705,2,3,87.75,0.1,87.7,160,87.3,100,,,,,,,,,,,,,,,,,87.8,100,88.0,3,88.2,150,,,,,,,,,,,,,,
2026-07-01T05:00:47.651764+00:00,2026-07-01T05:00:47.650194,2,3,87.75,0.1,87.7,160,87.3,100,,,,,,,,,,,,,,,,,87.8,100,88.0,2,88.2,150,,,,,,,,,,,,,,
2026-07-01T05:00:47.826830+00:00,2026-07-01T05:00:47.823924,2,3,87.75,0.1,87.7,160,87.3,100,,,,,,,,,,,,,,,,,87.8,60,88.0,2,88.2,150,,,,,,,,,,,,,,
2026-07-01T05:00:47.837117+00:00,2026-07-01T05:00:47.836366,2,3,87.75,0.1,87.7,150,87.3,100,,,,,,,,,,,,,,,,,87.8,60,88.0,2,88.2,150,,,,,,,,,,,,,,
2026-07-01T05:00:47.847502+00:00,2026-07-01T05:00:47.839687,2,3,87.75,0.1,87.7,160,87.3,100,,,,,,,,,,,,,,,,,87.8,60,88.0,2,88.2,150,,,,,,,,,,,,,,
2026-07-01T05:00:47.981282+00:00,2026-07-01T05:00:47.975721,2,3,87.75,0.1,87.7,160,87.3,100,,,,,,,,,,,,,,,,,87.8,60,88.0,1,88.2,150,,,,,,,,,,,,,,
2026-07-01T05:00:48.053477+00:00,2026-07-01T05:00:48.049845,2,2,87.75,0.1,87.7,160,87.3,100,,,,,,,,,,,,,,,,,87.8,60,88.2,150,,,,,,,,,,,,,,,,
2026-07-01T05:00:48.350857+00:00,2026-07-01T05:00:48.349424,2,2,87.75,0.1,87.7,115,87.3,100,,,,,,,,,,,,,,,,,87.8,60,88.2,150,,,,,,,,,,,,,,,,
2026-07-01T05:00:48.699321+00:00,2026-07-01T05:00:48.689825,2,2,87.75,0.1,87.7,120,87.3,100,,,,,,,,,,,,,,,,,87.8,60,88.2,150,,,,,,,,,,,,,,,,
2026-07-01T05:00:48.853246+00:00,2026-07-01T05:00:48.853014,2,2,87.75,0.1,87.7,110,87.3,100,,,,,,,,,,,,,,,,,87.8,60,88.2,150,,,,,,,,,,,,,,,,
2026-07-01T05:00:48.863509+00:00,2026-07-01T05:00:48.855866,2,2,87.75,0.1,87.7,120,87.3,100,,,,,,,,,,,,,,,,,87.8,60,88.2,150,,,,,,,,,,,,,,,,
2026-07-01T05:00:49.328353+00:00,2026-07-01T05:00:49.323396,2,1,87.75,0.1,87.7,15,87.3,100,,,,,,,,,,,,,,,,,87.8,60,,,,,,,,,,,,,,,,,,
2026-07-01T05:00:49.369479+00:00,2026-07-01T05:00:49.363618,2,1,87.75,0.1,87.7,15,87.3,100,,,,,,,,,,,,,,,,,87.8,60,,,,,,,,,,,,,,,,,,
2026-07-01T05:00:49.379776+00:00,2026-07-01T05:00:49.376162,3,1,87.75,0.1,87.7,15,87.6,150,87.3,100,,,,,,,,,,,,,,,87.8,60,,,,,,,,,,,,,,,,,,
2026-07-01T05:00:49.431107+00:00,2026-07-01T05:00:49.429076,3,2,87.75,0.1,87.7,15,87.6,150,87.3,100,,,,,,,,,,,,,,,87.8,60,88.1,150,,,,,,,,,,,,,,,,
2026-07-01T05:00:49.544533+00:00,2026-07-01T05:00:49.538271,3,2,87.75,0.1,87.7,15,87.6,150,87.3,100,,,,,,,,,,,,,,,87.8,15,88.1,150,,,,,,,,,,,,,,,,
2026-07-01T05:00:49.688539+00:00,2026-07-01T05:00:49.686237,3,2,87.75,0.1,87.7,14,87.6,150,87.3,100,,,,,,,,,,,,,,,87.8,15,88.1,150,,,,,,,,,,,,,,,,
2026-07-01T05:00:49.873074+00:00,2026-07-01T05:00:49.872718,3,2,87.75,0.1,87.7,14,87.6,150,87.3,100,,,,,,,,,,,,,,,87.8,15,88.1,150,,,,,,,,,,,,,,,,
2026-07-01T05:00:50.037303+00:00,2026-07-01T05:00:50.027376,3,2,87.75,0.1,87.7,13,87.6,150,87.3,100,,,,,,,,,,,,,,,87.8,15,88.1,150,,,,,,,,,,,,,,,,
2026-07-01T05:00:50.253068+00:00,2026-07-01T05:00:50.248605,2,2,87.7,0.2,87.6,113,87.3,100,,,,,,,,,,,,,,,,,87.8,15,88.1,150,,,,,,,,,,,,,,,,
2026-07-01T05:00:50.376012+00:00,2026-07-01T05:00:50.374090,2,2,87.7,0.2,87.6,113,87.3,100,,,,,,,,,,,,,,,,,87.8,25,88.1,150,,,,,,,,,,,,,,,,
2026-07-01T05:00:50.714557+00:00,2026-07-01T05:00:50.707572,1,2,87.7,0.2,87.6,113,,,,,,,,,,,,,,,,,,,87.8,10,88.1,150,,,,,,,,,,,,,,,,
2026-07-01T05:00:50.766108+00:00,2026-07-01T05:00:50.761498,2,2,87.7,0.2,87.6,113,87.5,100,,,,,,,,,,,,,,,,,87.8,10,88.1,150,,,,,,,,,,,,,,,,
2026-07-01T05:00:50.817397+00:00,2026-07-01T05:00:50.814525,2,3,87.7,0.2,87.6,113,87.5,100,,,,,,,,,,,,,,,,,87.8,10,88.0,100,88.1,150,,,,,,,,,,,,,,
2026-07-01T05:00:50.889606+00:00,2026-07-01T05:00:50.888152,3,2,87.85,0.3,87.7,10,87.6,113,87.5,100,,,,,,,,,,,,,,,88.0,100,88.1,150,,,,,,,,,,,,,,,,
2026-07-01T05:00:50.899879+00:00,2026-07-01T05:00:50.890719,3,3,87.8,0.2,87.7,10,87.6,113,87.5,100,,,,,,,,,,,,,,,87.9,10,88.0,100,88.1,150,,,,,,,,,,,,,,
2026-07-01T05:00:51.403821+00:00,2026-07-01T05:00:51.398362,2,3,87.75,0.3,87.6,113,87.5,100,,,,,,,,,,,,,,,,,87.9,10,88.0,100,88.1,150,,,,,,,,,,,,,,
2026-07-01T05:00:51.917637+00:00,2026-07-01T05:00:51.914115,2,3,87.75,0.3,87.6,113,87.5,100,,,,,,,,,,,,,,,,,87.9,10,88.0,100,88.1,150,,,,,,,,,,,,,,
2026-07-01T05:00:52.031586+00:00,2026-07-01T05:00:52.025620,2,3,87.75,0.3,87.6,113,87.5,100,,,,,,,,,,,,,,,,,87.9,16,88.0,100,88.1,150,,,,,,,,,,,,,,
2026-07-01T05:00:52.310165+00:00,2026-07-01T05:00:52.308032,2,2,87.8,0.4,87.6,113,87.5,100,,,,,,,,,,,,,,,,,88.0,66,88.1,150,,,,,,,,,,,,,,,,
2026-07-01T05:00:52.422674+00:00,2026-07-01T05:00:52.420577,2,3,87.75,0.3,87.6,113,87.5,100,,,,,,,,,,,,,,,,,87.9,10,88.0,66,88.1,150,,,,,,,,,,,,,,
2026-07-01T05:00:52.484409+00:00,2026-07-01T05:00:52.483222,2,2,87.75,0.3,87.6,113,87.5,100,,,,,,,,,,,,,,,,,87.9,10,88.0,66,,,,,,,,,,,,,,,,
2026-07-01T05:00:52.494778+00:00,2026-07-01T05:00:52.484923,1,2,87.7,0.4,87.5,100,,,,,,,,,,,,,,,,,,,87.9,10,88.0,66,,,,,,,,,,,,,,,,
2026-07-01T05:00:52.546907+00:00,2026-07-01T05:00:52.537254,2,2,87.7,0.4,87.5,100,87.2,150,,,,,,,,,,,,,,,,,87.9,10,88.0,66,,,,,,,,,,,,,,,,
2026-07-01T05:00:52.598628+00:00,2026-07-01T05:00:52.589737,2,3,87.6,0.2,87.5,100,87.2,150,,,,,,,,,,,,,,,,,87.7,150,87.9,10,88.0,66,,,,,,,,,,,,,,
2026-07-01T05:00:52.722358+00:00,2026-07-01T05:00:52.713606,2,3,87.6,0.2,87.5,100,87.2,150,,,,,,,,,,,,,,,,,87.7,150,87.9,16,88.0,66,,,,,,,,,,,,,,
2026-07-01T05:00:52.938901+00:00,2026-07-01T05:00:52.932632,2,3,87.6,0.2,87.5,110,87.2,150,,,,,,,,,,,,,,,,,87.7,150,87.9,6,88.0,66,,,,,,,,,,,,,,
2026-07-01T05:00:53.444204+00:00,2026-07-01T05:00:53.439557,2,3,87.6,0.2,87.5,110,87.2,150,,,,,,,,,,,,,,,,,87.7,150,87.9,6,88.0,66,,,,,,,,,,,,,,
2026-07-01T05:00:53.877715+00:00,2026-07-01T05:00:53.869800,2,2,87.6,0.2,87.5,10,87.2,150,,,,,,,,,,,,,,,,,87.7,150,87.9,6,,,,,,,,,,,,,,,,
2026-07-01T05:00:53.929553+00:00,2026-07-01T05:00:53.922216,2,2,87.6,0.2,87.5,110,87.2,150,,,,,,,,,,,,,,,,,87.7,150,87.9,6,,,,,,,,,,,,,,,,
2026-07-01T05:00:53.950367+00:00,2026-07-01T05:00:53.946120,2,2,87.6,0.2,87.5,110,87.2,150,,,,,,,,,,,,,,,,,87.7,150,87.9,6,,,,,,,,,,,,,,,,
2026-07-01T05:00:53.981703+00:00,2026-07-01T05:00:53.974939,2,3,87.6,0.2,87.5,110,87.2,150,,,,,,,,,,,,,,,,,87.7,150,87.9,6,88.0,100,,,,,,,,,,,,,,
2026-07-01T05:00:54.023157+00:00,2026-07-01T05:00:54.022060,2,3,87.6,0.2,87.5,66,87.2,150,,,,,,,,,,,,,,,,,87.7,150,87.9,6,88.0,100,,,,,,,,,,,,,,
2026-07-01T05:00:54.419251+00:00,2026-07-01T05:00:54.415874,2,3,87.6,0.2,87.5,66,87.2,150,,,,,,,,,,,,,,,,,87.7,100,87.9,6,88.0,100,,,,,,,,,,,,,,
2026-07-01T05:00:54.460947+00:00,2026-07-01T05:00:54.458452,2,3,87.6,0.2,87.5,66,87.2,150,,,,,,,,,,,,,,,,,87.7,100,87.9,6,88.0,100,,,,,,,,,,,,,,
2026-07-01T05:00:54.965142+00:00,2026-07-01T05:00:54.963404,2,3,87.6,0.2,87.5,56,87.2,150,,,,,,,,,,,,,,,,,87.7,100,87.9,6,88.0,100,,,,,,,,,,,,,,
2026-07-01T05:00:54.975584+00:00,2026-07-01T05:00:54.966342,2,3,87.6,0.2,87.5,66,87.2,150,,,,,,,,,,,,,,,,,87.7,100,87.9,6,88.0,100,,,,,,,,,,,,,,
2026-07-01T05:00:55.478142+00:00,2026-07-01T05:00:55.472590,2,3,87.6,0.2,87.5,66,87.2,150,,,,,,,,,,,,,,,,,87.7,100,87.9,6,88.0,100,,,,,,,,,,,,,,
2026-07-01T05:00:55.642771+00:00,2026-07-01T05:00:55.642461,2,2,87.7,0.4,87.5,66,87.2,150,,,,,,,,,,,,,,,,,87.9,6,88.0,100,,,,,,,,,,,,,,,,
2026-07-01T05:00:55.653047+00:00,2026-07-01T05:00:55.643953,1,2,87.7,0.4,87.5,66,,,,,,,,,,,,,,,,,,,87.9,6,88.0,100,,,,,,,,,,,,,,,,
2026-07-01T05:00:55.704438+00:00,2026-07-01T05:00:55.698995,2,2,87.7,0.4,87.5,66,87.4,150,,,,,,,,,,,,,,,,,87.9,6,88.0,100,,,,,,,,,,,,,,,,
2026-07-01T05:00:55.755723+00:00,2026-07-01T05:00:55.751626,2,2,87.7,0.4,87.5,66,87.4,150,,,,,,,,,,,,,,,,,87.9,156,88.0,100,,,,,,,,,,,,,,,,
2026-07-01T05:00:55.981553+00:00,2026-07-01T05:00:55.976356,2,2,87.7,0.4,87.5,56,87.4,150,,,,,,,,,,,,,,,,,87.9,156,88.0,100,,,,,,,,,,,,,,,,
2026-07-01T05:00:56.580366+00:00,2026-07-01T05:00:56.573893,2,2,87.7,0.4,87.5,6,87.4,150,,,,,,,,,,,,,,,,,87.9,156,88.0,100,,,,,,,,,,,,,,,,
2026-07-01T05:00:57.035279+00:00,2026-07-01T05:00:57.030849,1,1,87.65,0.5,87.4,150,,,,,,,,,,,,,,,,,,,87.9,156,,,,,,,,,,,,,,,,,,
2026-07-01T05:00:57.087011+00:00,2026-07-01T05:00:57.084042,2,1,87.65,0.5,87.4,150,87.3,100,,,,,,,,,,,,,,,,,87.9,156,,,,,,,,,,,,,,,,,,
2026-07-01T05:00:57.138806+00:00,2026-07-01T05:00:57.136427,2,2,87.6,0.4,87.4,150,87.3,100,,,,,,,,,,,,,,,,,87.8,100,87.9,156,,,,,,,,,,,,,,,,
2026-07-01T05:00:57.490178+00:00,2026-07-01T05:00:57.487024,3,2,87.65,0.3,87.5,10,87.4,150,87.3,100,,,,,,,,,,,,,,,87.8,100,87.9,156,,,,,,,,,,,,,,,,
2026-07-01T05:00:57.992870+00:00,2026-07-01T05:00:57.991077,2,2,87.6,0.4,87.4,150,87.3,100,,,,,,,,,,,,,,,,,87.8,100,87.9,156,,,,,,,,,,,,,,,,
2026-07-01T05:00:58.003174+00:00,2026-07-01T05:00:57.994235,2,3,87.55,0.3,87.4,150,87.3,100,,,,,,,,,,,,,,,,,87.7,10,87.8,100,87.9,156,,,,,,,,,,,,,,
2026-07-01T05:00:58.333687+00:00,2026-07-01T05:00:58.328118,2,3,87.55,0.3,87.4,105,87.3,100,,,,,,,,,,,,,,,,,87.7,10,87.8,100,87.9,156,,,,,,,,,,,,,,
2026-07-01T05:00:58.507695+00:00,2026-07-01T05:00:58.498596,2,2,87.6,0.4,87.4,105,87.3,100,,,,,,,,,,,,,,,,,87.8,100,87.9,156,,,,,,,,,,,,,,,,
2026-07-01T05:00:58.682500+00:00,2026-07-01T05:00:58.681400,2,2,87.6,0.4,87.4,55,87.3,100,,,,,,,,,,,,,,,,,87.8,100,87.9,156,,,,,,,,,,,,,,,,
2026-07-01T05:00:58.815735+00:00,2026-07-01T05:00:58.807557,1,2,87.55,0.5,87.3,100,,,,,,,,,,,,,,,,,,,87.8,100,87.9,6,,,,,,,,,,,,,,,,
2026-07-01T05:00:58.867353+00:00,2026-07-01T05:00:58.859522,2,2,87.55,0.5,87.3,100,86.9,150,,,,,,,,,,,,,,,,,87.8,100,87.9,6,,,,,,,,,,,,,,,,
2026-07-01T05:00:58.918562+00:00,2026-07-01T05:00:58.912755,2,3,87.35,0.1,87.3,100,86.9,150,,,,,,,,,,,,,,,,,87.4,150,87.8,100,87.9,6,,,,,,,,,,,,,,
2026-07-01T05:00:59.011379+00:00,2026-07-01T05:00:59.004869,2,3,87.35,0.1,87.3,110,86.9,150,,,,,,,,,,,,,,,,,87.4,150,87.8,100,87.9,6,,,,,,,,,,,,,,
2026-07-01T05:00:59.517156+00:00,2026-07-01T05:00:59.511578,2,3,87.35,0.1,87.3,110,86.9,150,,,,,,,,,,,,,,,,,87.4,150,87.8,100,87.9,6,,,,,,,,,,,,,,
2026-07-01T05:01:00.022490+00:00,2026-07-01T05:01:00.015246,2,3,87.35,0.1,87.3,100,86.9,150,,,,,,,,,,,,,,,,,87.4,150,87.8,100,87.9,6,,,,,,,,,,,,,,
2026-07-01T05:01:00.032898+00:00,2026-07-01T05:01:00.027422,2,3,87.35,0.1,87.3,110,86.9,150,,,,,,,,,,,,,,,,,87.4,150,87.8,100,87.9,6,,,,,,,,,,,,,,
2026-07-01T05:01:00.197190+00:00,2026-07-01T05:01:00.193716,2,2,87.35,0.1,87.3,10,86.9,150,,,,,,,,,,,,,,,,,87.4,150,87.9,6,,,,,,,,,,,,,,,,
2026-07-01T05:01:00.248943+00:00,2026-07-01T05:01:00.245835,3,2,87.35,0.1,87.3,10,87.2,100,86.9,150,,,,,,,,,,,,,,,87.4,150,87.9,6,,,,,,,,,,,,,,,,
2026-07-01T05:01:00.300462+00:00,2026-07-01T05:01:00.298670,3,3,87.35,0.1,87.3,10,87.2,100,86.9,150,,,,,,,,,,,,,,,87.4,150,87.7,100,87.9,6,,,,,,,,,,,,,,
2026-07-01T05:01:00.537352+00:00,2026-07-01T05:01:00.532314,2,3,87.3,0.2,87.2,100,86.9,150,,,,,,,,,,,,,,,,,87.4,150,87.7,100,87.9,6,,,,,,,,,,,,,,
2026-07-01T05:01:00.547736+00:00,2026-07-01T05:01:00.537993,2,3,87.3,0.2,87.2,110,86.9,150,,,,,,,,,,,,,,,,,87.4,150,87.7,100,87.9,6,,,,,,,,,,,,,,
2026-07-01T05:01:01.050393+00:00,2026-07-01T05:01:01.045518,2,3,87.3,0.2,87.2,110,86.9,150,,,,,,,,,,,,,,,,,87.4,150,87.7,100,87.9,6,,,,,,,,,,,,,,
2026-07-01T05:01:01.552334+00:00,2026-07-01T05:01:01.551103,2,2,87.3,0.2,87.2,100,86.9,150,,,,,,,,,,,,,,,,,87.4,150,87.7,100,,,,,,,,,,,,,,,,
2026-07-01T05:01:01.562598+00:00,2026-07-01T05:01:01.554741,2,2,87.3,0.2,87.2,110,86.9,150,,,,,,,,,,,,,,,,,87.4,150,87.7,106,,,,,,,,,,,,,,,,
2026-07-01T05:01:01.973786+00:00,2026-07-01T05:01:01.967969,1,1,87.45,0.5,87.2,110,,,,,,,,,,,,,,,,,,,87.7,106,,,,,,,,,,,,,,,,,,
2026-07-01T05:01:02.025017+00:00,2026-07-01T05:01:02.021889,2,1,87.45,0.5,87.2,110,86.9,150,,,,,,,,,,,,,,,,,87.7,106,,,,,,,,,,,,,,,,,,
2026-07-01T05:01:02.066173+00:00,2026-07-01T05:01:02.060370,3,1,87.5,0.4,87.3,10,87.2,100,86.9,150,,,,,,,,,,,,,,,87.7,106,,,,,,,,,,,,,,,,,,
2026-07-01T05:01:02.076468+00:00,2026-07-01T05:01:02.073888,3,2,87.35,0.1,87.3,10,87.2,100,86.9,150,,,,,,,,,,,,,,,87.4,150,87.7,106,,,,,,,,,,,,,,,,
2026-07-01T05:01:02.568876+00:00,2026-07-01T05:01:02.567200,2,2,87.3,0.2,87.2,110,86.9,150,,,,,,,,,,,,,,,,,87.4,150,87.7,106,,,,,,,,,,,,,,,,
2026-07-01T05:01:02.845989+00:00,2026-07-01T05:01:02.838432,2,2,87.3,0.2,87.2,110,86.9,150,,,,,,,,,,,,,,,,,87.4,100,87.7,106,,,,,,,,,,,,,,,,
2026-07-01T05:01:03.072089+00:00,2026-07-01T05:01:03.070791,2,2,87.3,0.2,87.2,100,86.9,150,,,,,,,,,,,,,,,,,87.4,100,87.7,106,,,,,,,,,,,,,,,,
2026-07-01T05:01:03.082575+00:00,2026-07-01T05:01:03.073564,2,2,87.3,0.2,87.2,110,86.9,150,,,,,,,,,,,,,,,,,87.4,100,87.7,106,,,,,,,,,,,,,,,,
2026-07-01T05:01:03.360914+00:00,2026-07-01T05:01:03.357690,2,2,87.3,0.2,87.2,10,86.9,150,,,,,,,,,,,,,,,,,87.4,100,87.7,6,,,,,,,,,,,,,,,,
2026-07-01T05:01:03.423204+00:00,2026-07-01T05:01:03.420750,2,2,87.3,0.2,87.2,110,86.9,150,,,,,,,,,,,,,,,,,87.4,100,87.7,6,,,,,,,,,,,,,,,,
2026-07-01T05:01:03.475134+00:00,2026-07-01T05:01:03.473508,2,2,87.3,0.2,87.2,110,86.9,150,,,,,,,,,,,,,,,,,87.4,100,87.7,106,,,,,,,,,,,,,,,,
2026-07-01T05:01:03.578437+00:00,2026-07-01T05:01:03.577368,2,2,87.3,0.2,87.2,100,86.9,150,,,,,,,,,,,,,,,,,87.4,100,87.7,106,,,,,,,,,,,,,,,,
2026-07-01T05:01:03.588843+00:00,2026-07-01T05:01:03.584545,2,2,87.3,0.2,87.2,110,86.9,150,,,,,,,,,,,,,,,,,87.4,100,87.7,106,,,,,,,,,,,,,,,,
2026-07-01T05:01:04.094063+00:00,2026-07-01T05:01:04.092314,2,2,87.3,0.2,87.2,110,86.9,150,,,,,,,,,,,,,,,,,87.4,100,87.7,106,,,,,,,,,,,,,,,,
2026-07-01T05:01:04.507989+00:00,2026-07-01T05:01:04.507403,2,2,87.3,0.2,87.2,110,86.9,150,,,,,,,,,,,,,,,,,87.4,52,87.7,106,,,,,,,,,,,,,,,,
2026-07-01T05:01:04.600655+00:00,2026-07-01T05:01:04.599086,2,2,87.3,0.2,87.2,110,86.9,150,,,,,,,,,,,,,,,,,87.4,52,87.7,106,,,,,,,,,,,,,,,,
2026-07-01T05:01:05.000194+00:00,2026-07-01T05:01:04.994748,2,2,87.3,0.2,87.2,60,86.9,150,,,,,,,,,,,,,,,,,87.4,52,87.7,106,,,,,,,,,,,,,,,,
2026-07-01T05:01:05.102640+00:00,2026-07-01T05:01:05.102517,2,2,87.3,0.2,87.2,50,86.9,150,,,,,,,,,,,,,,,,,87.4,52,87.7,106,,,,,,,,,,,,,,,,
2026-07-01T05:01:05.113026+00:00,2026-07-01T05:01:05.105173,2,2,87.3,0.2,87.2,60,86.9,150,,,,,,,,,,,,,,,,,87.4,52,87.7,106,,,,,,,,,,,,,,,,
2026-07-01T05:01:05.133573+00:00,2026-07-01T05:01:05.130036,1,1,87.45,0.5,87.2,60,,,,,,,,,,,,,,,,,,,87.7,106,,,,,,,,,,,,,,,,,,
2026-07-01T05:01:05.184765+00:00,2026-07-01T05:01:05.182117,2,1,87.55,0.3,87.4,150,87.2,60,,,,,,,,,,,,,,,,,87.7,106,,,,,,,,,,,,,,,,,,
2026-07-01T05:01:05.246356+00:00,2026-07-01T05:01:05.245281,2,2,87.55,0.3,87.4,150,87.2,60,,,,,,,,,,,,,,,,,87.7,106,87.9,150,,,,,,,,,,,,,,,,
2026-07-01T05:01:05.615083+00:00,2026-07-01T05:01:05.611131,2,2,87.55,0.3,87.4,160,87.2,50,,,,,,,,,,,,,,,,,87.7,106,87.9,150,,,,,,,,,,,,,,,,
2026-07-01T05:01:05.994572+00:00,2026-07-01T05:01:05.989369,2,2,87.55,0.3,87.4,160,87.2,50,,,,,,,,,,,,,,,,,87.7,57,87.9,150,,,,,,,,,,,,,,,,
2026-07-01T05:01:06.045792+00:00,2026-07-01T05:01:06.044878,2,2,87.55,0.3,87.4,160,87.2,50,,,,,,,,,,,,,,,,,87.7,63,87.9,150,,,,,,,,,,,,,,,,
2026-07-01T05:01:06.117853+00:00,2026-07-01T05:01:06.115049,2,2,87.55,0.3,87.4,150,87.2,50,,,,,,,,,,,,,,,,,87.7,63,87.9,150,,,,,,,,,,,,,,,,
2026-07-01T05:01:06.128295+00:00,2026-07-01T05:01:06.118230,2,2,87.55,0.3,87.4,160,87.2,50,,,,,,,,,,,,,,,,,87.7,63,87.9,150,,,,,,,,,,,,,,,,
2026-07-01T05:01:06.528827+00:00,2026-07-01T05:01:06.527759,2,2,87.55,0.3,87.4,160,87.2,50,,,,,,,,,,,,,,,,,87.7,6,87.9,150,,,,,,,,,,,,,,,,
2026-07-01T05:01:06.539212+00:00,2026-07-01T05:01:06.529239,1,2,87.55,0.3,87.4,160,,,,,,,,,,,,,,,,,,,87.7,6,87.9,150,,,,,,,,,,,,,,,,
2026-07-01T05:01:06.591121+00:00,2026-07-01T05:01:06.583829,2,2,87.55,0.3,87.4,160,87.1,100,,,,,,,,,,,,,,,,,87.7,6,87.9,150,,,,,,,,,,,,,,,,
2026-07-01T05:01:06.632581+00:00,2026-07-01T05:01:06.628961,2,2,87.55,0.3,87.4,160,87.1,100,,,,,,,,,,,,,,,,,87.7,6,87.9,150,,,,,,,,,,,,,,,,
2026-07-01T05:01:06.643001+00:00,2026-07-01T05:01:06.636375,2,3,87.5,0.2,87.4,160,87.1,100,,,,,,,,,,,,,,,,,87.6,100,87.7,6,87.9,150,,,,,,,,,,,,,,
2026-07-01T05:01:07.118281+00:00,2026-07-01T05:01:07.108722,2,3,87.5,0.2,87.4,110,87.1,100,,,,,,,,,,,,,,,,,87.6,100,87.7,6,87.9,150,,,,,,,,,,,,,,
2026-07-01T05:01:07.139157+00:00,2026-07-01T05:01:07.134918,2,3,87.5,0.2,87.4,110,87.1,100,,,,,,,,,,,,,,,,,87.6,100,87.7,6,87.9,150,,,,,,,,,,,,,,
2026-07-01T05:01:07.665998+00:00,2026-07-01T05:01:07.659311,2,3,87.5,0.2,87.4,100,87.1,100,,,,,,,,,,,,,,,,,87.6,100,87.7,6,87.9,150,,,,,,,,,,,,,,
2026-07-01T05:01:07.676484+00:00,2026-07-01T05:01:07.671481,2,3,87.5,0.2,87.4,110,87.1,100,,,,,,,,,,,,,,,,,87.6,100,87.7,6,87.9,150,,,,,,,,,,,,,,
2026-07-01T05:01:08.058222+00:00,2026-07-01T05:01:08.057527,2,3,87.5,0.2,87.4,110,87.1,100,,,,,,,,,,,,,,,,,87.6,100,87.7,5,87.9,150,,,,,,,,,,,,,,
2026-07-01T05:01:08.181707+00:00,2026-07-01T05:01:08.179122,2,3,87.5,0.2,87.4,110,87.1,100,,,,,,,,,,,,,,,,,87.6,100,87.7,5,87.9,150,,,,,,,,,,,,,,
2026-07-01T05:01:08.306118+00:00,2026-07-01T05:01:08.301483,2,2,87.5,0.2,87.4,10,87.1,100,,,,,,,,,,,,,,,,,87.6,100,87.7,5,,,,,,,,,,,,,,,,
2026-07-01T05:01:08.357774+00:00,2026-07-01T05:01:08.356849,3,2,87.5,0.2,87.4,10,87.2,150,87.1,100,,,,,,,,,,,,,,,87.6,100,87.7,3,,,,,,,,,,,,,,,,
2026-07-01T05:01:08.409299+00:00,2026-07-01T05:01:08.407216,3,2,87.5,0.2,87.4,10,87.2,150,87.1,100,,,,,,,,,,,,,,,87.6,100,87.7,153,,,,,,,,,,,,,,,,
2026-07-01T05:01:08.667399+00:00,2026-07-01T05:01:08.663747,2,2,87.4,0.4,87.2,116,87.1,100,,,,,,,,,,,,,,,,,87.6,100,87.7,153,,,,,,,,,,,,,,,,
2026-07-01T05:01:08.688016+00:00,2026-07-01T05:01:08.683757,3,2,87.45,0.3,87.3,10,87.2,116,87.1,100,,,,,,,,,,,,,,,87.6,100,87.7,153,,,,,,,,,,,,,,,,
2026-07-01T05:01:09.172621+00:00,2026-07-01T05:01:09.164254,3,2,87.45,0.3,87.3,10,87.2,116,87.1,100,,,,,,,,,,,,,,,87.6,50,87.7,153,,,,,,,,,,,,,,,,
2026-07-01T05:01:09.193326+00:00,2026-07-01T05:01:09.192249,2,2,87.4,0.4,87.2,116,87.1,100,,,,,,,,,,,,,,,,,87.6,50,87.7,153,,,,,,,,,,,,,,,,
2026-07-01T05:01:09.203741+00:00,2026-07-01T05:01:09.196438,3,2,87.45,0.3,87.3,10,87.2,116,87.1,100,,,,,,,,,,,,,,,87.6,50,87.7,153,,,,,,,,,,,,,,,,
2026-07-01T05:01:09.692113+00:00,2026-07-01T05:01:09.691667,3,1,87.5,0.4,87.3,10,87.2,116,87.1,100,,,,,,,,,,,,,,,87.7,153,,,,,,,,,,,,,,,,,,
2026-07-01T05:01:09.702530+00:00,2026-07-01T05:01:09.700561,1,1,87.45,0.5,87.2,116,,,,,,,,,,,,,,,,,,,87.7,153,,,,,,,,,,,,,,,,,,
2026-07-01T05:01:09.754618+00:00,2026-07-01T05:01:09.746926,2,1,87.5,0.4,87.3,100,87.2,116,,,,,,,,,,,,,,,,,87.7,153,,,,,,,,,,,,,,,,,,
2026-07-01T05:01:09.806812+00:00,2026-07-01T05:01:09.798939,2,2,87.5,0.4,87.3,100,87.2,116,,,,,,,,,,,,,,,,,87.7,153,87.8,100,,,,,,,,,,,,,,,,
2026-07-01T05:01:11.303148+00:00,2026-07-01T05:01:11.303008,2,3,87.45,0.3,87.3,100,87.2,116,,,,,,,,,,,,,,,,,87.6,10,87.7,103,87.8,100,,,,,,,,,,,,,,
2026-07-01T05:01:11.467256+00:00,2026-07-01T05:01:11.463892,1,2,87.45,0.3,87.3,100,,,,,,,,,,,,,,,,,,,87.6,10,87.8,100,,,,,,,,,,,,,,,,
2026-07-01T05:01:11.518422+00:00,2026-07-01T05:01:11.517087,2,2,87.45,0.3,87.3,100,87.0,150,,,,,,,,,,,,,,,,,87.6,10,87.8,100,,,,,,,,,,,,,,,,
2026-07-01T05:01:11.579828+00:00,2026-07-01T05:01:11.570780,2,3,87.4,0.2,87.3,100,87.0,150,,,,,,,,,,,,,,,,,87.5,150,87.6,10,87.8,100,,,,,,,,,,,,,,
2026-07-01T05:01:11.816061+00:00,2026-07-01T05:01:11.812276,2,2,87.4,0.2,87.3,100,87.0,150,,,,,,,,,,,,,,,,,87.5,160,87.8,100,,,,,,,,,,,,,,,,
2026-07-01T05:01:12.319379+00:00,2026-07-01T05:01:12.317851,2,2,87.4,0.2,87.3,100,87.0,150,,,,,,,,,,,,,,,,,87.5,150,87.8,100,,,,,,,,,,,,,,,,
2026-07-01T05:01:12.329723+00:00,2026-07-01T05:01:12.321448,2,2,87.4,0.2,87.3,100,87.0,150,,,,,,,,,,,,,,,,,87.5,160,87.8,100,,,,,,,,,,,,,,,,
2026-07-01T05:01:12.833802+00:00,2026-07-01T05:01:12.830468,2,2,87.4,0.2,87.3,100,87.0,150,,,,,,,,,,,,,,,,,87.5,160,87.8,100,,,,,,,,,,,,,,,,
2026-07-01T05:01:12.854491+00:00,2026-07-01T05:01:12.854063,1,1,87.25,0.5,87.0,150,,,,,,,,,,,,,,,,,,,87.5,160,,,,,,,,,,,,,,,,,,
2026-07-01T05:01:12.916690+00:00,2026-07-01T05:01:12.906673,2,1,87.3,0.4,87.1,100,87.0,150,,,,,,,,,,,,,,,,,87.5,160,,,,,,,,,,,,,,,,,,
2026-07-01T05:01:12.968419+00:00,2026-07-01T05:01:12.959290,2,2,87.3,0.4,87.1,100,87.0,150,,,,,,,,,,,,,,,,,87.5,160,87.6,100,,,,,,,,,,,,,,,,
2026-07-01T05:01:13.185696+00:00,2026-07-01T05:01:13.175956,2,2,87.3,0.4,87.1,100,87.0,150,,,,,,,,,,,,,,,,,87.5,160,87.6,103,,,,,,,,,,,,,,,,
2026-07-01T05:01:13.320011+00:00,2026-07-01T05:01:13.317069,2,2,87.3,0.4,87.1,100,87.0,150,,,,,,,,,,,,,,,,,87.5,112,87.6,103,,,,,,,,,,,,,,,,
2026-07-01T05:01:13.340876+00:00,2026-07-01T05:01:13.338177,2,2,87.3,0.4,87.1,100,87.0,150,,,,,,,,,,,,,,,,,87.5,102,87.6,103,,,,,,,,,,,,,,,,
2026-07-01T05:01:13.402522+00:00,2026-07-01T05:01:13.401608,2,2,87.3,0.4,87.1,100,87.0,150,,,,,,,,,,,,,,,,,87.5,52,87.6,103,,,,,,,,,,,,,,,,
2026-07-01T05:01:14.358258+00:00,2026-07-01T05:01:14.351511,3,2,87.35,0.3,87.2,10,87.1,100,87.0,150,,,,,,,,,,,,,,,87.5,52,87.6,103,,,,,,,,,,,,,,,,
2026-07-01T05:01:14.491861+00:00,2026-07-01T05:01:14.488291,2,2,87.3,0.4,87.1,62,87.0,150,,,,,,,,,,,,,,,,,87.5,52,87.6,103,,,,,,,,,,,,,,,,
2026-07-01T05:01:14.625820+00:00,2026-07-01T05:01:14.625080,2,1,87.35,0.5,87.1,62,87.0,150,,,,,,,,,,,,,,,,,87.6,103,,,,,,,,,,,,,,,,,,
2026-07-01T05:01:14.636147+00:00,2026-07-01T05:01:14.626605,1,1,87.35,0.5,87.1,62,,,,,,,,,,,,,,,,,,,87.6,103,,,,,,,,,,,,,,,,,,
2026-07-01T05:01:14.702643+00:00,2026-07-01T05:01:14.701730,2,1,87.55,0.1,87.5,139,87.1,62,,,,,,,,,,,,,,,,,87.6,103,,,,,,,,,,,,,,,,,,
2026-07-01T05:01:14.733779+00:00,2026-07-01T05:01:14.732452,2,2,87.55,0.1,87.5,139,87.1,62,,,,,,,,,,,,,,,,,87.6,103,88.0,150,,,,,,,,,,,,,,,,
2026-07-01T05:01:14.868751+00:00,2026-07-01T05:01:14.863392,2,2,87.55,0.1,87.5,139,87.1,62,,,,,,,,,,,,,,,,,87.6,113,88.0,150,,,,,,,,,,,,,,,,
2026-07-01T05:01:15.384558+00:00,2026-07-01T05:01:15.379155,2,2,87.55,0.1,87.5,139,87.1,62,,,,,,,,,,,,,,,,,87.6,113,88.0,150,,,,,,,,,,,,,,,,
2026-07-01T05:01:15.518858+00:00,2026-07-01T05:01:15.517545,2,2,87.55,0.1,87.5,139,87.1,62,,,,,,,,,,,,,,,,,87.6,63,88.0,150,,,,,,,,,,,,,,,,
2026-07-01T05:01:15.889717+00:00,2026-07-01T05:01:15.889434,2,2,87.55,0.1,87.5,139,87.1,62,,,,,,,,,,,,,,,,,87.6,63,88.0,150,,,,,,,,,,,,,,,,
2026-07-01T05:01:16.022970+00:00,2026-07-01T05:01:16.014594,1,2,87.55,0.1,87.5,139,,,,,,,,,,,,,,,,,,,87.6,13,88.0,150,,,,,,,,,,,,,,,,
2026-07-01T05:01:16.074249+00:00,2026-07-01T05:01:16.067405,2,2,87.55,0.1,87.5,139,87.3,100,,,,,,,,,,,,,,,,,87.6,13,88.0,150,,,,,,,,,,,,,,,,
2026-07-01T05:01:16.126141+00:00,2026-07-01T05:01:16.119135,2,3,87.55,0.1,87.5,139,87.3,100,,,,,,,,,,,,,,,,,87.6,13,87.8,100,88.0,150,,,,,,,,,,,,,,
2026-07-01T05:01:16.394051+00:00,2026-07-01T05:01:16.393443,2,3,87.55,0.1,87.5,139,87.3,100,,,,,,,,,,,,,,,,,87.6,3,87.8,100,88.0,150,,,,,,,,,,,,,,
2026-07-01T05:01:16.404394+00:00,2026-07-01T05:01:16.396975,2,3,87.55,0.1,87.5,139,87.3,100,,,,,,,,,,,,,,,,,87.6,13,87.8,100,88.0,150,,,,,,,,,,,,,,
2026-07-01T05:01:16.476323+00:00,2026-07-01T05:01:16.470983,2,2,87.65,0.3,87.5,139,87.3,100,,,,,,,,,,,,,,,,,87.8,72,88.0,150,,,,,,,,,,,,,,,,
2026-07-01T05:01:16.909151+00:00,2026-07-01T05:01:16.902004,2,3,87.6,0.2,87.5,139,87.3,100,,,,,,,,,,,,,,,,,87.7,10,87.8,72,88.0,150,,,,,,,,,,,,,,
2026-07-01T05:01:17.268275+00:00,2026-07-01T05:01:17.265390,2,4,87.55,0.1,87.5,139,87.3,100,,,,,,,,,,,,,,,,,87.6,4,87.7,10,87.8,72,88.0,150,,,,,,,,,,,,
2026-07-01T05:01:17.413289+00:00,2026-07-01T05:01:17.412834,2,3,87.55,0.1,87.5,139,87.3,100,,,,,,,,,,,,,,,,,87.6,14,87.8,72,88.0,150,,,,,,,,,,,,,,
2026-07-01T05:01:17.629651+00:00,2026-07-01T05:01:17.626795,2,2,87.65,0.3,87.5,139,87.3,100,,,,,,,,,,,,,,,,,87.8,36,88.0,150,,,,,,,,,,,,,,,,
2026-07-01T05:01:17.794184+00:00,2026-07-01T05:01:17.787061,1,1,87.55,0.5,87.3,100,,,,,,,,,,,,,,,,,,,87.8,36,,,,,,,,,,,,,,,,,,
2026-07-01T05:01:17.845657+00:00,2026-07-01T05:01:17.840010,2,1,87.65,0.3,87.5,150,87.3,100,,,,,,,,,,,,,,,,,87.8,36,,,,,,,,,,,,,,,,,,
2026-07-01T05:01:17.896821+00:00,2026-07-01T05:01:17.892689,2,2,87.65,0.3,87.5,150,87.3,100,,,,,,,,,,,,,,,,,87.8,36,88.0,150,,,,,,,,,,,,,,,,
2026-07-01T05:01:17.927485+00:00,2026-07-01T05:01:17.918358,2,3,87.6,0.2,87.5,150,87.3,100,,,,,,,,,,,,,,,,,87.7,10,87.8,36,88.0,150,,,,,,,,,,,,,,
2026-07-01T05:01:18.112079+00:00,2026-07-01T05:01:18.110546,2,4,87.55,0.1,87.5,150,87.3,100,,,,,,,,,,,,,,,,,87.6,5,87.7,10,87.8,36,88.0,150,,,,,,,,,,,,
2026-07-01T05:01:18.461824+00:00,2026-07-01T05:01:18.459998,2,2,87.65,0.3,87.5,160,87.3,100,,,,,,,,,,,,,,,,,87.8,36,88.0,150,,,,,,,,,,,,,,,,
2026-07-01T05:01:18.472165+00:00,2026-07-01T05:01:18.463039,2,3,87.55,0.1,87.5,160,87.3,100,,,,,,,,,,,,,,,,,87.6,10,87.8,36,88.0,150,,,,,,,,,,,,,,
2026-07-01T05:01:18.523280+00:00,2026-07-01T05:01:18.518469,2,4,87.55,0.1,87.5,160,87.3,100,,,,,,,,,,,,,,,,,87.6,10,87.7,5,87.8,36,88.0,150,,,,,,,,,,,,
2026-07-01T05:01:18.977088+00:00,2026-07-01T05:01:18.973376,2,3,87.6,0.2,87.5,160,87.3,100,,,,,,,,,,,,,,,,,87.7,15,87.8,36,88.0,150,,,,,,,,,,,,,,
2026-07-01T05:01:19.183614+00:00,2026-07-01T05:01:19.175286,1,2,87.6,0.2,87.5,160,,,,,,,,,,,,,,,,,,,87.7,15,88.0,150,,,,,,,,,,,,,,,,
2026-07-01T05:01:19.235059+00:00,2026-07-01T05:01:19.228652,2,2,87.65,0.1,87.6,100,87.5,160,,,,,,,,,,,,,,,,,87.7,15,88.0,150,,,,,,,,,,,,,,,,
2026-07-01T05:01:19.297624+00:00,2026-07-01T05:01:19.287527,2,3,87.65,0.1,87.6,100,87.5,160,,,,,,,,,,,,,,,,,87.7,15,88.0,150,88.1,100,,,,,,,,,,,,,,
2026-07-01T05:01:19.482476+00:00,2026-07-01T05:01:19.482352,2,3,87.65,0.1,87.6,110,87.5,150,,,,,,,,,,,,,,,,,87.7,5,88.0,150,88.1,100,,,,,,,,,,,,,,
2026-07-01T05:01:19.492773+00:00,2026-07-01T05:01:19.488657,2,3,87.65,0.1,87.6,110,87.5,150,,,,,,,,,,,,,,,,,87.7,15,88.0,150,88.1,100,,,,,,,,,,,,,,
2026-07-01T05:01:19.771065+00:00,2026-07-01T05:01:19.762537,2,2,87.8,0.4,87.6,110,87.5,150,,,,,,,,,,,,,,,,,88.0,115,88.1,100,,,,,,,,,,,,,,,,
2026-07-01T05:01:19.997117+00:00,2026-07-01T05:01:19.992272,2,2,87.8,0.4,87.6,100,87.5,150,,,,,,,,,,,,,,,,,88.0,115,88.1,100,,,,,,,,,,,,,,,,
2026-07-01T05:01:20.151681+00:00,2026-07-01T05:01:20.148749,2,2,87.8,0.4,87.6,57,87.5,150,,,,,,,,,,,,,,,,,88.0,115,88.1,100,,,,,,,,,,,,,,,,
2026-07-01T05:01:20.502922+00:00,2026-07-01T05:01:20.502844,2,3,87.75,0.3,87.6,57,87.5,150,,,,,,,,,,,,,,,,,87.9,10,88.0,115,88.1,100,,,,,,,,,,,,,,
2026-07-01T05:01:20.965375+00:00,2026-07-01T05:01:20.963422,1,2,87.75,0.3,87.6,57,,,,,,,,,,,,,,,,,,,87.9,10,88.1,100,,,,,,,,,,,,,,,,
2026-07-01T05:01:21.006829+00:00,2026-07-01T05:01:21.006570,1,1,87.85,0.5,87.6,57,,,,,,,,,,,,,,,,,,,88.1,100,,,,,,,,,,,,,,,,,,
2026-07-01T05:01:21.026307+00:00,2026-07-01T05:01:21.025484,2,2,87.85,0.3,87.7,138,87.6,57,,,,,,,,,,,,,,,,,88.0,10,88.1,100,,,,,,,,,,,,,,,,
2026-07-01T05:01:21.077999+00:00,2026-07-01T05:01:21.068849,2,3,87.85,0.3,87.7,138,87.6,57,,,,,,,,,,,,,,,,,88.0,10,88.1,100,88.2,150,,,,,,,,,,,,,,
2026-07-01T05:01:21.387116+00:00,2026-07-01T05:01:21.379997,2,3,87.85,0.3,87.7,133,87.6,57,,,,,,,,,,,,,,,,,88.0,10,88.1,100,88.2,150,,,,,,,,,,,,,,
2026-07-01T05:01:21.521820+00:00,2026-07-01T05:01:21.519315,2,3,87.85,0.3,87.7,133,87.6,57,,,,,,,,,,,,,,,,,88.0,10,88.1,100,88.2,150,,,,,,,,,,,,,,
2026-07-01T05:01:21.573920+00:00,2026-07-01T05:01:21.566793,2,3,87.85,0.3,87.7,128,87.6,57,,,,,,,,,,,,,,,,,88.0,10,88.1,100,88.2,150,,,,,,,,,,,,,,
2026-07-01T05:01:21.873391+00:00,2026-07-01T05:01:21.869730,2,2,87.9,0.4,87.7,128,87.6,57,,,,,,,,,,,,,,,,,88.1,60,88.2,150,,,,,,,,,,,,,,,,
2026-07-01T05:01:22.028185+00:00,2026-07-01T05:01:22.024425,2,3,87.85,0.3,87.7,128,87.6,57,,,,,,,,,,,,,,,,,88.0,10,88.1,60,88.2,150,,,,,,,,,,,,,,
2026-07-01T05:01:22.348286+00:00,2026-07-01T05:01:22.340930,1,2,87.85,0.3,87.7,128,,,,,,,,,,,,,,,,,,,88.0,10,88.2,150,,,,,,,,,,,,,,,,
2026-07-01T05:01:22.399732+00:00,2026-07-01T05:01:22.393429,2,2,87.85,0.3,87.7,128,87.5,100,,,,,,,,,,,,,,,,,88.0,10,88.2,150,,,,,,,,,,,,,,,,
2026-07-01T05:01:22.451294+00:00,2026-07-01T05:01:22.445122,2,2,87.85,0.3,87.7,128,87.5,100,,,,,,,,,,,,,,,,,88.0,110,88.2,150,,,,,,,,,,,,,,,,
2026-07-01T05:01:22.534162+00:00,2026-07-01T05:01:22.532196,2,2,87.85,0.3,87.7,128,87.5,100,,,,,,,,,,,,,,,,,88.0,100,88.2,150,,,,,,,,,,,,,,,,
2026-07-01T05:01:22.544548+00:00,2026-07-01T05:01:22.535425,2,2,87.85,0.3,87.7,128,87.5,100,,,,,,,,,,,,,,,,,88.0,110,88.2,150,,,,,,,,,,,,,,,,
2026-07-01T05:01:23.049115+00:00,2026-07-01T05:01:23.041646,2,2,87.85,0.3,87.7,128,87.5,100,,,,,,,,,,,,,,,,,88.0,110,88.2,150,,,,,,,,,,,,,,,,
2026-07-01T05:01:23.358277+00:00,2026-07-01T05:01:23.351283,2,2,87.85,0.3,87.7,128,87.5,100,,,,,,,,,,,,,,,,,88.0,69,88.2,150,,,,,,,,,,,,,,,,
2026-07-01T05:01:23.401121+00:00,2026-07-01T05:01:23.400448,2,2,87.85,0.3,87.7,117,87.5,100,,,,,,,,,,,,,,,,,88.0,69,88.2,150,,,,,,,,,,,,,,,,
2026-07-01T05:01:23.546406+00:00,2026-07-01T05:01:23.544951,2,2,87.85,0.3,87.7,117,87.5,100,,,,,,,,,,,,,,,,,88.0,59,88.2,150,,,,,,,,,,,,,,,,
2026-07-01T05:01:23.556865+00:00,2026-07-01T05:01:23.547546,2,2,87.85,0.3,87.7,117,87.5,100,,,,,,,,,,,,,,,,,88.0,69,88.2,150,,,,,,,,,,,,,,,,
2026-07-01T05:01:24.009227+00:00,2026-07-01T05:01:24.004259,2,2,87.85,0.3,87.7,117,87.5,100,,,,,,,,,,,,,,,,,88.0,19,88.2,150,,,,,,,,,,,,,,,,
2026-07-01T05:01:24.061692+00:00,2026-07-01T05:01:24.054537,2,2,87.85,0.3,87.7,117,87.5,100,,,,,,,,,,,,,,,,,88.0,19,88.2,150,,,,,,,,,,,,,,,,
2026-07-01T05:01:24.123329+00:00,2026-07-01T05:01:24.122570,2,1,87.85,0.3,87.7,117,87.5,100,,,,,,,,,,,,,,,,,88.0,19,,,,,,,,,,,,,,,,,,
2026-07-01T05:01:24.133625+00:00,2026-07-01T05:01:24.124113,1,1,87.75,0.5,87.5,100,,,,,,,,,,,,,,,,,,,88.0,19,,,,,,,,,,,,,,,,,,
2026-07-01T05:01:24.184987+00:00,2026-07-01T05:01:24.179633,1,1,87.75,0.5,87.5,250,,,,,,,,,,,,,,,,,,,88.0,19,,,,,,,,,,,,,,,,,,
2026-07-01T05:01:24.236651+00:00,2026-07-01T05:01:24.233018,1,1,87.75,0.5,87.5,250,,,,,,,,,,,,,,,,,,,88.0,169,,,,,,,,,,,,,,,,,,
2026-07-01T05:01:24.561363+00:00,2026-07-01T05:01:24.558063,1,1,87.75,0.5,87.5,250,,,,,,,,,,,,,,,,,,,88.0,159,,,,,,,,,,,,,,,,,,
2026-07-01T05:01:25.376148+00:00,2026-07-01T05:01:25.374049,1,2,87.65,0.3,87.5,250,,,,,,,,,,,,,,,,,,,87.8,5,88.0,159,,,,,,,,,,,,,,,,
2026-07-01T05:01:25.499847+00:00,2026-07-01T05:01:25.498809,1,2,87.65,0.3,87.5,150,,,,,,,,,,,,,,,,,,,87.8,5,88.0,150,,,,,,,,,,,,,,,,
2026-07-01T05:01:25.572324+00:00,2026-07-01T05:01:25.569263,2,2,87.7,0.2,87.6,110,87.5,151,,,,,,,,,,,,,,,,,87.8,5,88.0,150,,,,,,,,,,,,,,,,
2026-07-01T05:01:25.624297+00:00,2026-07-01T05:01:25.617291,2,3,87.7,0.2,87.6,110,87.5,151,,,,,,,,,,,,,,,,,87.8,5,88.0,150,88.1,100,,,,,,,,,,,,,,
2026-07-01T05:01:25.747741+00:00,2026-07-01T05:01:25.743198,2,3,87.7,0.2,87.6,110,87.5,150,,,,,,,,,,,,,,,,,87.8,5,88.0,150,88.1,100,,,,,,,,,,,,,,
2026-07-01T05:01:26.079221+00:00,2026-07-01T05:01:26.075845,2,3,87.7,0.2,87.6,110,87.5,150,,,,,,,,,,,,,,,,,87.8,5,88.0,150,88.1,100,,,,,,,,,,,,,,
2026-07-01T05:01:26.120482+00:00,2026-07-01T05:01:26.111853,2,2,87.8,0.4,87.6,110,87.5,150,,,,,,,,,,,,,,,,,88.0,105,88.1,100,,,,,,,,,,,,,,,,
2026-07-01T05:01:26.584907+00:00,2026-07-01T05:01:26.579183,2,2,87.8,0.4,87.6,100,87.5,150,,,,,,,,,,,,,,,,,88.0,105,88.1,100,,,,,,,,,,,,,,,,
2026-07-01T05:01:26.770291+00:00,2026-07-01T05:01:26.767290,2,3,87.75,0.3,87.6,100,87.5,150,,,,,,,,,,,,,,,,,87.9,5,88.0,105,88.1,100,,,,,,,,,,,,,,
2026-07-01T05:01:27.295815+00:00,2026-07-01T05:01:27.288796,1,2,87.75,0.3,87.6,100,,,,,,,,,,,,,,,,,,,87.9,5,88.1,100,,,,,,,,,,,,,,,,
2026-07-01T05:01:27.347507+00:00,2026-07-01T05:01:27.341055,2,2,87.8,0.2,87.7,150,87.6,100,,,,,,,,,,,,,,,,,87.9,5,88.1,100,,,,,,,,,,,,,,,,
2026-07-01T05:01:27.399438+00:00,2026-07-01T05:01:27.396969,2,3,87.8,0.2,87.7,150,87.6,100,,,,,,,,,,,,,,,,,87.9,4,88.1,100,88.2,150,,,,,,,,,,,,,,
2026-07-01T05:01:27.616562+00:00,2026-07-01T05:01:27.610960,2,3,87.8,0.2,87.7,150,87.6,100,,,,,,,,,,,,,,,,,87.9,14,88.1,100,88.2,150,,,,,,,,,,,,,,
2026-07-01T05:01:27.627069+00:00,2026-07-01T05:01:27.620553,2,3,87.8,0.2,87.7,110,87.6,101,,,,,,,,,,,,,,,,,87.9,14,88.1,100,88.2,150,,,,,,,,,,,,,,
2026-07-01T05:01:28.119616+00:00,2026-07-01T05:01:28.116105,2,3,87.8,0.2,87.7,110,87.6,101,,,,,,,,,,,,,,,,,87.9,4,88.1,100,88.2,150,,,,,,,,,,,,,,
2026-07-01T05:01:28.129874+00:00,2026-07-01T05:01:28.119839,2,3,87.8,0.2,87.7,110,87.6,101,,,,,,,,,,,,,,,,,87.9,14,88.1,100,88.2,150,,,,,,,,,,,,,,
2026-07-01T05:01:28.232541+00:00,2026-07-01T05:01:28.222698,2,2,87.9,0.4,87.7,110,87.6,101,,,,,,,,,,,,,,,,,88.1,64,88.2,150,,,,,,,,,,,,,,,,
2026-07-01T05:01:28.438465+00:00,2026-07-01T05:01:28.437995,2,3,87.8,0.2,87.7,110,87.6,101,,,,,,,,,,,,,,,,,87.9,5,88.1,64,88.2,150,,,,,,,,,,,,,,
2026-07-01T05:01:28.634320+00:00,2026-07-01T05:01:28.625876,2,3,87.8,0.2,87.7,120,87.6,101,,,,,,,,,,,,,,,,,87.9,5,88.1,64,88.2,150,,,,,,,,,,,,,,
2026-07-01T05:01:28.675662+00:00,2026-07-01T05:01:28.673469,2,2,87.8,0.2,87.7,120,87.6,1,,,,,,,,,,,,,,,,,87.9,5,88.2,150,,,,,,,,,,,,,,,,
2026-07-01T05:01:28.741837+00:00,2026-07-01T05:01:28.740782,3,1,88.05,0.3,87.9,92,87.7,120,87.6,1,,,,,,,,,,,,,,,88.2,150,,,,,,,,,,,,,,,,,,
2026-07-01T05:01:28.793807+00:00,2026-07-01T05:01:28.787619,3,2,88.05,0.3,87.9,92,87.7,120,87.6,1,,,,,,,,,,,,,,,88.2,150,88.4,100,,,,,,,,,,,,,,,,
2026-07-01T05:01:29.143928+00:00,2026-07-01T05:01:29.136987,3,2,88.05,0.3,87.9,92,87.7,110,87.6,1,,,,,,,,,,,,,,,88.2,160,88.4,100,,,,,,,,,,,,,,,,
2026-07-01T05:01:29.640946+00:00,2026-07-01T05:01:29.640760,3,2,88.05,0.3,87.9,92,87.7,110,87.6,1,,,,,,,,,,,,,,,88.2,150,88.4,100,,,,,,,,,,,,,,,,
2026-07-01T05:01:29.651274+00:00,2026-07-01T05:01:29.643452,3,2,88.05,0.3,87.9,92,87.7,110,87.6,1,,,,,,,,,,,,,,,88.2,160,88.4,100,,,,,,,,,,,,,,,,
2026-07-01T05:01:30.154653+00:00,2026-07-01T05:01:30.151014,3,2,88.05,0.3,87.9,92,87.7,110,87.6,1,,,,,,,,,,,,,,,88.2,160,88.4,100,,,,,,,,,,,,,,,,
2026-07-01T05:01:30.453564+00:00,2026-07-01T05:01:30.450653,2,2,88.05,0.3,87.9,92,87.6,1,,,,,,,,,,,,,,,,,88.2,10,88.4,100,,,,,,,,,,,,,,,,
2026-07-01T05:01:30.505731+00:00,2026-07-01T05:01:30.503981,3,2,88.05,0.3,87.9,92,87.6,1,87.5,150,,,,,,,,,,,,,,,88.2,10,88.4,100,,,,,,,,,,,,,,,,
2026-07-01T05:01:30.557668+00:00,2026-07-01T05:01:30.556093,3,3,87.95,0.1,87.9,92,87.6,1,87.5,150,,,,,,,,,,,,,,,88.0,150,88.2,10,88.4,100,,,,,,,,,,,,,,
2026-07-01T05:01:30.661932+00:00,2026-07-01T05:01:30.660146,3,2,87.95,0.1,87.9,92,87.6,1,87.5,150,,,,,,,,,,,,,,,88.0,160,88.4,100,,,,,,,,,,,,,,,,
2026-07-01T05:01:31.167865+00:00,2026-07-01T05:01:31.166878,3,2,87.95,0.1,87.9,92,87.6,1,87.5,150,,,,,,,,,,,,,,,88.0,160,88.4,100,,,,,,,,,,,,,,,,
2026-07-01T05:01:31.674940+00:00,2026-07-01T05:01:31.674451,3,2,87.95,0.1,87.9,92,87.6,1,87.5,150,,,,,,,,,,,,,,,88.0,160,88.4,100,,,,,,,,,,,,,,,,
2026-07-01T05:01:31.871079+00:00,2026-07-01T05:01:31.866462,2,1,87.8,0.4,87.6,1,87.5,150,,,,,,,,,,,,,,,,,88.0,160,,,,,,,,,,,,,,,,,,
2026-07-01T05:01:31.922960+00:00,2026-07-01T05:01:31.920733,3,1,87.85,0.3,87.7,100,87.6,1,87.5,150,,,,,,,,,,,,,,,88.0,160,,,,,,,,,,,,,,,,,,
2026-07-01T05:01:31.974689+00:00,2026-07-01T05:01:31.974010,3,2,87.85,0.3,87.7,100,87.6,1,87.5,150,,,,,,,,,,,,,,,88.0,160,88.2,100,,,,,,,,,,,,,,,,
2026-07-01T05:01:32.180916+00:00,2026-07-01T05:01:32.179503,2,2,87.85,0.3,87.7,100,87.5,150,,,,,,,,,,,,,,,,,88.0,150,88.2,100,,,,,,,,,,,,,,,,
2026-07-01T05:01:32.437273+00:00,2026-07-01T05:01:32.433119,2,2,87.85,0.3,87.7,100,87.5,150,,,,,,,,,,,,,,,,,88.0,100,88.2,100,,,,,,,,,,,,,,,,
2026-07-01T05:01:32.673747+00:00,2026-07-01T05:01:32.665060,2,2,87.85,0.3,87.7,56,87.5,150,,,,,,,,,,,,,,,,,88.0,100,88.2,100,,,,,,,,,,,,,,,,
2026-07-01T05:01:32.827683+00:00,2026-07-01T05:01:32.824109,2,2,87.85,0.3,87.7,56,87.5,150,,,,,,,,,,,,,,,,,88.0,105,88.2,100,,,,,,,,,,,,,,,,
2026-07-01T05:01:33.610917+00:00,2026-07-01T05:01:33.610018,2,2,87.85,0.3,87.7,56,87.5,150,,,,,,,,,,,,,,,,,88.0,5,88.2,100,,,,,,,,,,,,,,,,
2026-07-01T05:01:33.621324+00:00,2026-07-01T05:01:33.611866,1,2,87.85,0.3,87.7,56,,,,,,,,,,,,,,,,,,,88.0,5,88.2,100,,,,,,,,,,,,,,,,
2026-07-01T05:01:33.683688+00:00,2026-07-01T05:01:33.682637,2,2,87.95,0.1,87.9,150,87.7,56,,,,,,,,,,,,,,,,,88.0,5,88.2,100,,,,,,,,,,,,,,,,
2026-07-01T05:01:33.694098+00:00,2026-07-01T05:01:33.693274,2,2,87.95,0.1,87.9,160,87.7,56,,,,,,,,,,,,,,,,,88.0,15,88.2,100,,,,,,,,,,,,,,,,
2026-07-01T05:01:33.735267+00:00,2026-07-01T05:01:33.729088,2,3,87.95,0.1,87.9,160,87.7,56,,,,,,,,,,,,,,,,,88.0,15,88.2,100,88.4,150,,,,,,,,,,,,,,
2026-07-01T05:01:34.197906+00:00,2026-07-01T05:01:34.197477,2,3,87.95,0.1,87.9,160,87.7,56,,,,,,,,,,,,,,,,,88.0,5,88.2,100,88.4,150,,,,,,,,,,,,,,
2026-07-01T05:01:34.208227+00:00,2026-07-01T05:01:34.206045,2,3,87.95,0.1,87.9,160,87.7,56,,,,,,,,,,,,,,,,,88.0,5,88.2,100,88.4,150,,,,,,,,,,,,,,
2026-07-01T05:01:34.218639+00:00,2026-07-01T05:01:34.208707,2,3,87.95,0.1,87.9,160,87.7,56,,,,,,,,,,,,,,,,,88.0,15,88.2,100,88.4,150,,,,,,,,,,,,,,
2026-07-01T05:01:34.549895+00:00,2026-07-01T05:01:34.544433,2,2,88.05,0.3,87.9,160,87.7,56,,,,,,,,,,,,,,,,,88.2,65,88.4,150,,,,,,,,,,,,,,,,
2026-07-01T05:01:34.714400+00:00,2026-07-01T05:01:34.712377,2,2,88.05,0.3,87.9,150,87.7,56,,,,,,,,,,,,,,,,,88.2,65,88.4,150,,,,,,,,,,,,,,,,
2026-07-01T05:01:34.868985+00:00,2026-07-01T05:01:34.863146,2,3,87.95,0.1,87.9,150,87.7,56,,,,,,,,,,,,,,,,,88.0,6,88.2,65,88.4,150,,,,,,,,,,,,,,
2026-07-01T05:01:35.034607+00:00,2026-07-01T05:01:35.030639,1,2,87.95,0.1,87.9,150,,,,,,,,,,,,,,,,,,,88.0,6,88.4,150,,,,,,,,,,,,,,,,
2026-07-01T05:01:35.086044+00:00,2026-07-01T05:01:35.084281,1,2,87.95,0.1,87.9,250,,,,,,,,,,,,,,,,,,,88.0,6,88.4,150,,,,,,,,,,,,,,,,
2026-07-01T05:01:35.137785+00:00,2026-07-01T05:01:35.136828,1,2,87.95,0.1,87.9,250,,,,,,,,,,,,,,,,,,,88.0,6,88.4,250,,,,,,,,,,,,,,,,
2026-07-01T05:01:35.230468+00:00,2026-07-01T05:01:35.223605,1,2,87.95,0.1,87.9,260,,,,,,,,,,,,,,,,,,,88.0,6,88.4,250,,,,,,,,,,,,,,,,
2026-07-01T05:01:35.736567+00:00,2026-07-01T05:01:35.730925,1,2,87.95,0.1,87.9,260,,,,,,,,,,,,,,,,,,,88.0,6,88.4,250,,,,,,,,,,,,,,,,
2026-07-01T05:01:36.200362+00:00,2026-07-01T05:01:36.194697,1,1,88.15,0.5,87.9,260,,,,,,,,,,,,,,,,,,,88.4,250,,,,,,,,,,,,,,,,,,
2026-07-01T05:01:36.241309+00:00,2026-07-01T05:01:36.237712,1,1,88.15,0.5,87.9,250,,,,,,,,,,,,,,,,,,,88.4,250,,,,,,,,,,,,,,,,,,
2026-07-01T05:01:36.787369+00:00,2026-07-01T05:01:36.786491,1,1,88.15,0.5,87.9,100,,,,,,,,,,,,,,,,,,,88.4,100,,,,,,,,,,,,,,,,,,
2026-07-01T05:01:36.849420+00:00,2026-07-01T05:01:36.843479,1,1,88.15,0.5,87.9,250,,,,,,,,,,,,,,,,,,,88.4,100,,,,,,,,,,,,,,,,,,
2026-07-01T05:01:36.900843+00:00,2026-07-01T05:01:36.896805,1,1,88.15,0.5,87.9,250,,,,,,,,,,,,,,,,,,,88.4,250,,,,,,,,,,,,,,,,,,
2026-07-01T05:01:37.069158+00:00,2026-07-01T05:01:37.059484,1,2,88.0,0.2,87.9,250,,,,,,,,,,,,,,,,,,,88.1,5,88.4,250,,,,,,,,,,,,,,,,
2026-07-01T05:01:37.758617+00:00,2026-07-01T05:01:37.748414,1,2,88.0,0.2,87.9,260,,,,,,,,,,,,,,,,,,,88.1,5,88.4,250,,,,,,,,,,,,,,,,
2026-07-01T05:01:38.191214+00:00,2026-07-01T05:01:38.191012,1,2,88.0,0.2,87.9,160,,,,,,,,,,,,,,,,,,,88.1,5,88.4,150,,,,,,,,,,,,,,,,
2026-07-01T05:01:38.263134+00:00,2026-07-01T05:01:38.259166,2,2,88.05,0.1,88.0,110,87.9,150,,,,,,,,,,,,,,,,,88.1,5,88.4,150,,,,,,,,,,,,,,,,
2026-07-01T05:01:38.304294+00:00,2026-07-01T05:01:38.295431,2,3,88.05,0.1,88.0,110,87.9,150,,,,,,,,,,,,,,,,,88.1,5,88.4,150,88.5,100,,,,,,,,,,,,,,
2026-07-01T05:01:38.766560+00:00,2026-07-01T05:01:38.761898,2,3,88.05,0.1,88.0,110,87.9,150,,,,,,,,,,,,,,,,,88.1,5,88.4,150,88.5,100,,,,,,,,,,,,,,
2026-07-01T05:01:38.910536+00:00,2026-07-01T05:01:38.905117,3,3,88.05,0.1,88.0,110,87.9,150,87.8,2,,,,,,,,,,,,,,,88.1,5,88.4,150,88.5,100,,,,,,,,,,,,,,
2026-07-01T05:01:39.270762+00:00,2026-07-01T05:01:39.268299,3,3,88.05,0.1,88.0,110,87.9,150,87.8,2,,,,,,,,,,,,,,,88.1,5,88.4,150,88.5,100,,,,,,,,,,,,,,
2026-07-01T05:01:39.780238+00:00,2026-07-01T05:01:39.775400,3,2,88.2,0.4,88.0,110,87.9,150,87.8,2,,,,,,,,,,,,,,,88.4,150,88.5,100,,,,,,,,,,,,,,,,
2026-07-01T05:01:39.944169+00:00,2026-07-01T05:01:39.941668,3,3,88.1,0.2,88.0,110,87.9,150,87.8,2,,,,,,,,,,,,,,,88.2,4,88.4,150,88.5,100,,,,,,,,,,,,,,
2026-07-01T05:01:39.954594+00:00,2026-07-01T05:01:39.950893,2,2,88.1,0.2,88.0,110,87.8,2,,,,,,,,,,,,,,,,,88.2,4,88.5,100,,,,,,,,,,,,,,,,
2026-07-01T05:01:40.005924+00:00,2026-07-01T05:01:40.003007,2,2,88.1,0.2,88.0,260,87.8,2,,,,,,,,,,,,,,,,,88.2,4,88.5,100,,,,,,,,,,,,,,,,
2026-07-01T05:01:40.078110+00:00,2026-07-01T05:01:40.070292,2,2,88.1,0.2,88.0,260,87.8,2,,,,,,,,,,,,,,,,,88.2,4,88.5,250,,,,,,,,,,,,,,,,
2026-07-01T05:01:40.282754+00:00,2026-07-01T05:01:40.282553,2,2,88.1,0.2,88.0,260,87.8,2,,,,,,,,,,,,,,,,,88.2,4,88.5,250,,,,,,,,,,,,,,,,
2026-07-01T05:01:40.795118+00:00,2026-07-01T05:01:40.788753,2,2,88.1,0.2,88.0,260,87.8,2,,,,,,,,,,,,,,,,,88.2,4,88.5,250,,,,,,,,,,,,,,,,
2026-07-01T05:01:41.143106+00:00,2026-07-01T05:01:41.135699,2,2,88.1,0.2,88.0,260,87.8,2,,,,,,,,,,,,,,,,,88.2,3,88.5,250,,,,,,,,,,,,,,,,
2026-07-01T05:01:41.184032+00:00,2026-07-01T05:01:41.183668,2,1,88.25,0.5,88.0,260,87.8,2,,,,,,,,,,,,,,,,,88.5,210,,,,,,,,,,,,,,,,,,
2026-07-01T05:01:41.296402+00:00,2026-07-01T05:01:41.292424,2,1,88.25,0.5,88.0,250,87.8,2,,,,,,,,,,,,,,,,,88.5,210,,,,,,,,,,,,,,,,,,
2026-07-01T05:01:41.357828+00:00,2026-07-01T05:01:41.350182,2,1,88.25,0.5,88.0,150,87.8,2,,,,,,,,,,,,,,,,,88.5,150,,,,,,,,,,,,,,,,,,
2026-07-01T05:01:41.409176+00:00,2026-07-01T05:01:41.402529,3,1,88.4,0.2,88.3,100,88.0,150,87.8,2,,,,,,,,,,,,,,,88.5,150,,,,,,,,,,,,,,,,,,
2026-07-01T05:01:41.460302+00:00,2026-07-01T05:01:41.455437,3,2,88.4,0.2,88.3,100,88.0,150,87.8,2,,,,,,,,,,,,,,,88.5,150,88.8,100,,,,,,,,,,,,,,,,
2026-07-01T05:01:41.563166+00:00,2026-07-01T05:01:41.553340,3,2,88.4,0.2,88.3,97,88.0,150,87.8,2,,,,,,,,,,,,,,,88.5,150,88.8,100,,,,,,,,,,,,,,,,
2026-07-01T05:01:41.798956+00:00,2026-07-01T05:01:41.797713,3,2,88.4,0.2,88.3,97,88.0,150,87.8,2,,,,,,,,,,,,,,,88.5,160,88.8,100,,,,,,,,,,,,,,,,
2026-07-01T05:01:42.310375+00:00,2026-07-01T05:01:42.304540,3,2,88.4,0.2,88.3,97,88.0,150,87.8,2,,,,,,,,,,,,,,,88.5,160,88.8,100,,,,,,,,,,,,,,,,
2026-07-01T05:01:42.412663+00:00,2026-07-01T05:01:42.412255,3,2,88.4,0.2,88.3,49,88.0,150,87.8,2,,,,,,,,,,,,,,,88.5,160,88.8,100,,,,,,,,,,,,,,,,
2026-07-01T05:01:42.463801+00:00,2026-07-01T05:01:42.460935,3,2,88.4,0.2,88.3,46,88.0,150,87.8,2,,,,,,,,,,,,,,,88.5,160,88.8,100,,,,,,,,,,,,,,,,
2026-07-01T05:01:42.709806+00:00,2026-07-01T05:01:42.708993,3,2,88.4,0.2,88.3,9,88.0,150,87.8,2,,,,,,,,,,,,,,,88.5,160,88.8,100,,,,,,,,,,,,,,,,
2026-07-01T05:01:42.812505+00:00,2026-07-01T05:01:42.808695,3,2,88.4,0.2,88.3,9,88.0,150,87.8,2,,,,,,,,,,,,,,,88.5,150,88.8,100,,,,,,,,,,,,,,,,
2026-07-01T05:01:42.822786+00:00,2026-07-01T05:01:42.814577,3,2,88.4,0.2,88.3,9,88.0,150,87.8,2,,,,,,,,,,,,,,,88.5,160,88.8,100,,,,,,,,,,,,,,,,
2026-07-01T05:01:42.833028+00:00,2026-07-01T05:01:42.832697,2,2,88.4,0.2,88.3,9,88.0,150,,,,,,,,,,,,,,,,,88.5,160,88.8,100,,,,,,,,,,,,,,,,
2026-07-01T05:01:43.027633+00:00,2026-07-01T05:01:43.022067,1,2,88.25,0.5,88.0,109,,,,,,,,,,,,,,,,,,,88.5,160,88.8,100,,,,,,,,,,,,,,,,
2026-07-01T05:01:43.129970+00:00,2026-07-01T05:01:43.125439,0,2,,,,,,,,,,,,,,,,,,,,,,,88.5,10,88.8,100,,,,,,,,,,,,,,,,
2026-07-01T05:01:43.170809+00:00,2026-07-01T05:01:43.169548,1,2,88.25,0.5,88.0,4,,,,,,,,,,,,,,,,,,,88.5,10,88.8,100,,,,,,,,,,,,,,,,
2026-07-01T05:01:43.181043+00:00,2026-07-01T05:01:43.178186,2,2,88.25,0.5,88.0,4,87.4,150,,,,,,,,,,,,,,,,,88.5,10,88.8,100,,,,,,,,,,,,,,,,
2026-07-01T05:01:43.241928+00:00,2026-07-01T05:01:43.241069,1,3,87.65,0.5,87.4,150,,,,,,,,,,,,,,,,,,,87.9,112,88.5,10,88.8,100,,,,,,,,,,,,,,
2026-07-01T05:01:43.323818+00:00,2026-07-01T05:01:43.317990,1,2,87.65,0.5,87.4,150,,,,,,,,,,,,,,,,,,,87.9,112,88.8,100,,,,,,,,,,,,,,,,
2026-07-01T05:01:44.152040+00:00,2026-07-01T05:01:44.151165,1,2,87.65,0.5,87.4,150,,,,,,,,,,,,,,,,,,,87.9,109,88.8,100,,,,,,,,,,,,,,,,
2026-07-01T05:01:44.461423+00:00,2026-07-01T05:01:44.460249,1,3,87.65,0.5,87.4,150,,,,,,,,,,,,,,,,,,,87.9,106,88.2,3,88.8,100,,,,,,,,,,,,,,
2026-07-01T05:01:44.512669+00:00,2026-07-01T05:01:44.512589,1,2,87.65,0.5,87.4,150,,,,,,,,,,,,,,,,,,,87.9,106,88.2,3,,,,,,,,,,,,,,,,
2026-07-01T05:01:44.584544+00:00,2026-07-01T05:01:44.578650,2,2,87.75,0.3,87.6,100,87.4,150,,,,,,,,,,,,,,,,,87.9,106,88.2,3,,,,,,,,,,,,,,,,
2026-07-01T05:01:44.646109+00:00,2026-07-01T05:01:44.638910,2,3,87.75,0.3,87.6,100,87.4,150,,,,,,,,,,,,,,,,,87.9,106,88.1,100,88.2,3,,,,,,,,,,,,,,
2026-07-01T05:01:44.952942+00:00,2026-07-01T05:01:44.948460,2,3,87.75,0.3,87.6,100,87.4,150,,,,,,,,,,,,,,,,,87.9,66,88.1,100,88.2,3,,,,,,,,,,,,,,
2026-07-01T05:01:45.085981+00:00,2026-07-01T05:01:45.076248,2,3,87.75,0.3,87.6,100,87.4,150,,,,,,,,,,,,,,,,,87.9,16,88.1,100,88.2,3,,,,,,,,,,,,,,
2026-07-01T05:01:45.147306+00:00,2026-07-01T05:01:45.144440,2,3,87.75,0.3,87.6,100,87.4,150,,,,,,,,,,,,,,,,,87.9,16,88.1,100,88.2,2,,,,,,,,,,,,,,
2026-07-01T05:01:45.352393+00:00,2026-07-01T05:01:45.350192,2,3,87.75,0.3,87.6,110,87.4,150,,,,,,,,,,,,,,,,,87.9,16,88.1,100,88.2,2,,,,,,,,,,,,,,
2026-07-01T05:01:45.475288+00:00,2026-07-01T05:01:45.473719,2,2,87.85,0.5,87.6,110,87.4,150,,,,,,,,,,,,,,,,,88.1,69,88.2,2,,,,,,,,,,,,,,,,
2026-07-01T05:01:45.526501+00:00,2026-07-01T05:01:45.524775,3,2,88.0,0.2,87.9,3,87.6,110,87.4,150,,,,,,,,,,,,,,,88.1,69,88.2,2,,,,,,,,,,,,,,,,
2026-07-01T05:01:45.864680+00:00,2026-07-01T05:01:45.862546,3,2,88.0,0.2,87.9,3,87.6,100,87.4,150,,,,,,,,,,,,,,,88.1,79,88.2,2,,,,,,,,,,,,,,,,
2026-07-01T05:01:46.182063+00:00,2026-07-01T05:01:46.174368,3,2,88.0,0.2,87.9,2,87.6,100,87.4,150,,,,,,,,,,,,,,,88.1,79,88.2,2,,,,,,,,,,,,,,,,
2026-07-01T05:01:46.294467+00:00,2026-07-01T05:01:46.286364,2,2,88.0,0.2,87.9,2,87.6,100,,,,,,,,,,,,,,,,,88.1,79,88.2,2,,,,,,,,,,,,,,,,
2026-07-01T05:01:46.345617+00:00,2026-07-01T05:01:46.342785,3,0,,,88.2,69,87.9,2,87.6,100,,,,,,,,,,,,,,,,,,,,,,,,,,,,,,,,,,
2026-07-01T05:01:46.406457+00:00,2026-07-01T05:01:46.405515,3,1,88.45,0.5,88.2,66,87.9,2,87.6,100,,,,,,,,,,,,,,,88.7,150,,,,,,,,,,,,,,,,,,
2026-07-01T05:01:46.529387+00:00,2026-07-01T05:01:46.520923,3,1,88.45,0.5,88.2,61,87.9,2,87.6,100,,,,,,,,,,,,,,,88.7,150,,,,,,,,,,,,,,,,,,
2026-07-01T05:01:46.888337+00:00,2026-07-01T05:01:46.886697,3,2,88.4,0.4,88.2,61,87.9,2,87.6,100,,,,,,,,,,,,,,,88.6,10,88.7,150,,,,,,,,,,,,,,,,
2026-07-01T05:01:47.185377+00:00,2026-07-01T05:01:47.184651,3,1,88.45,0.5,88.2,61,87.9,2,87.6,100,,,,,,,,,,,,,,,88.7,110,,,,,,,,,,,,,,,,,,
2026-07-01T05:01:47.328385+00:00,2026-07-01T05:01:47.322145,3,1,88.45,0.5,88.2,61,87.9,1,87.6,100,,,,,,,,,,,,,,,88.7,110,,,,,,,,,,,,,,,,,,
2026-07-01T05:01:47.400071+00:00,2026-07-01T05:01:47.392249,3,2,88.4,0.4,88.2,61,87.9,1,87.6,100,,,,,,,,,,,,,,,88.6,10,88.7,110,,,,,,,,,,,,,,,,
2026-07-01T05:01:47.697753+00:00,2026-07-01T05:01:47.688955,1,2,88.4,0.4,88.2,61,,,,,,,,,,,,,,,,,,,88.6,10,88.7,110,,,,,,,,,,,,,,,,
2026-07-01T05:01:47.749006+00:00,2026-07-01T05:01:47.742040,2,2,88.4,0.4,88.2,61,88.0,100,,,,,,,,,,,,,,,,,88.6,10,88.7,110,,,,,,,,,,,,,,,,
2026-07-01T05:01:47.800448+00:00,2026-07-01T05:01:47.793945,2,3,88.35,0.3,88.2,61,88.0,100,,,,,,,,,,,,,,,,,88.5,100,88.6,10,88.7,110,,,,,,,,,,,,,,
2026-07-01T05:01:47.913236+00:00,2026-07-01T05:01:47.904578,2,2,88.35,0.3,88.2,61,88.0,100,,,,,,,,,,,,,,,,,88.5,100,88.7,110,,,,,,,,,,,,,,,,
2026-07-01T05:01:47.923535+00:00,2026-07-01T05:01:47.916594,2,2,88.35,0.3,88.2,61,88.0,100,,,,,,,,,,,,,,,,,88.5,110,88.7,110,,,,,,,,,,,,,,,,
2026-07-01T05:01:48.425418+00:00,2026-07-01T05:01:48.422671,2,2,88.35,0.3,88.2,61,88.0,100,,,,,,,,,,,,,,,,,88.5,110,88.7,110,,,,,,,,,,,,,,,,
2026-07-01T05:01:48.937559+00:00,2026-07-01T05:01:48.932506,2,2,88.35,0.3,88.2,61,88.0,100,,,,,,,,,,,,,,,,,88.5,110,88.7,110,,,,,,,,,,,,,,,,
2026-07-01T05:01:49.274784+00:00,2026-07-01T05:01:49.273923,2,2,88.35,0.3,88.2,50,88.0,100,,,,,,,,,,,,,,,,,88.5,110,88.7,110,,,,,,,,,,,,,,,,
2026-07-01T05:01:49.295318+00:00,2026-07-01T05:01:49.290798,2,2,88.35,0.3,88.2,50,88.0,100,,,,,,,,,,,,,,,,,88.5,60,88.7,110,,,,,,,,,,,,,,,,
2026-07-01T05:01:49.439414+00:00,2026-07-01T05:01:49.438857,2,2,88.35,0.3,88.2,50,88.0,100,,,,,,,,,,,,,,,,,88.5,60,88.7,110,,,,,,,,,,,,,,,,
2026-07-01T05:01:49.459871+00:00,2026-07-01T05:01:49.451866,1,1,88.25,0.5,88.0,100,,,,,,,,,,,,,,,,,,,88.5,60,,,,,,,,,,,,,,,,,,
2026-07-01T05:01:49.510973+00:00,2026-07-01T05:01:49.504380,2,1,88.25,0.5,88.0,100,87.9,150,,,,,,,,,,,,,,,,,88.5,60,,,,,,,,,,,,,,,,,,
2026-07-01T05:01:49.562156+00:00,2026-07-01T05:01:49.556714,2,2,88.2,0.4,88.0,100,87.9,150,,,,,,,,,,,,,,,,,88.4,150,88.5,60,,,,,,,,,,,,,,,,
2026-07-01T05:01:49.951342+00:00,2026-07-01T05:01:49.945558,2,3,88.15,0.3,88.0,100,87.9,150,,,,,,,,,,,,,,,,,88.3,10,88.4,150,88.5,50,,,,,,,,,,,,,,
2026-07-01T05:01:50.453352+00:00,2026-07-01T05:01:50.450511,2,2,88.2,0.4,88.0,100,87.9,150,,,,,,,,,,,,,,,,,88.4,150,88.5,50,,,,,,,,,,,,,,,,
2026-07-01T05:01:50.463626+00:00,2026-07-01T05:01:50.453621,2,3,88.15,0.3,88.0,100,87.9,150,,,,,,,,,,,,,,,,,88.3,10,88.4,150,88.5,50,,,,,,,,,,,,,,
2026-07-01T05:01:50.627619+00:00,2026-07-01T05:01:50.623427,2,3,88.15,0.3,88.0,105,87.9,150,,,,,,,,,,,,,,,,,88.3,10,88.4,150,88.5,50,,,,,,,,,,,,,,
2026-07-01T05:01:50.852715+00:00,2026-07-01T05:01:50.849101,2,2,88.15,0.3,88.0,5,87.9,150,,,,,,,,,,,,,,,,,88.3,10,88.4,150,,,,,,,,,,,,,,,,
2026-07-01T05:01:50.903838+00:00,2026-07-01T05:01:50.901464,3,2,88.25,0.1,88.2,100,88.0,5,87.9,150,,,,,,,,,,,,,,,88.3,10,88.4,150,,,,,,,,,,,,,,,,
2026-07-01T05:01:50.954953+00:00,2026-07-01T05:01:50.953650,3,3,88.25,0.1,88.2,100,88.0,5,87.9,150,,,,,,,,,,,,,,,88.3,10,88.4,150,88.7,100,,,,,,,,,,,,,,
2026-07-01T05:01:50.965203+00:00,2026-07-01T05:01:50.959871,3,2,88.3,0.2,88.2,100,88.0,5,87.9,150,,,,,,,,,,,,,,,88.4,160,88.7,100,,,,,,,,,,,,,,,,
2026-07-01T05:01:51.415532+00:00,2026-07-01T05:01:51.411379,3,2,88.3,0.2,88.2,100,88.0,5,87.9,150,,,,,,,,,,,,,,,88.4,110,88.7,100,,,,,,,,,,,,,,,,
2026-07-01T05:01:51.466859+00:00,2026-07-01T05:01:51.464128,3,2,88.3,0.2,88.2,100,88.0,5,87.9,150,,,,,,,,,,,,,,,88.4,100,88.7,100,,,,,,,,,,,,,,,,
2026-07-01T05:01:51.477113+00:00,2026-07-01T05:01:51.467211,3,2,88.3,0.2,88.2,100,88.0,5,87.9,150,,,,,,,,,,,,,,,88.4,110,88.7,100,,,,,,,,,,,,,,,,
2026-07-01T05:01:51.836707+00:00,2026-07-01T05:01:51.828428,3,2,88.3,0.2,88.2,100,88.0,4,87.9,150,,,,,,,,,,,,,,,88.4,110,88.7,100,,,,,,,,,,,,,,,,
2026-07-01T05:01:51.980357+00:00,2026-07-01T05:01:51.973548,3,2,88.3,0.2,88.2,100,88.0,4,87.9,150,,,,,,,,,,,,,,,88.4,110,88.7,100,,,,,,,,,,,,,,,,
2026-07-01T05:01:52.041838+00:00,2026-07-01T05:01:52.038500,3,2,88.3,0.2,88.2,53,88.0,4,87.9,150,,,,,,,,,,,,,,,88.4,110,88.7,100,,,,,,,,,,,,,,,,
2026-07-01T05:01:52.482001+00:00,2026-07-01T05:01:52.480255,3,2,88.3,0.2,88.2,53,88.0,4,87.9,150,,,,,,,,,,,,,,,88.4,110,88.7,100,,,,,,,,,,,,,,,,
2026-07-01T05:01:52.614974+00:00,2026-07-01T05:01:52.611045,2,2,88.3,0.2,88.2,53,88.0,4,,,,,,,,,,,,,,,,,88.4,10,88.7,100,,,,,,,,,,,,,,,,
2026-07-01T05:01:52.625241+00:00,2026-07-01T05:01:52.622461,2,2,88.3,0.2,88.2,11,88.0,4,,,,,,,,,,,,,,,,,88.4,10,88.7,100,,,,,,,,,,,,,,,,
2026-07-01T05:01:52.666331+00:00,2026-07-01T05:01:52.664533,3,2,88.35,0.1,88.3,150,88.2,11,88.0,4,,,,,,,,,,,,,,,88.4,10,88.7,100,,,,,,,,,,,,,,,,
2026-07-01T05:01:52.717717+00:00,2026-07-01T05:01:52.717641,3,3,88.35,0.1,88.3,150,88.2,11,88.0,4,,,,,,,,,,,,,,,88.4,10,88.7,100,88.8,150,,,,,,,,,,,,,,
2026-07-01T05:01:52.871010+00:00,2026-07-01T05:01:52.863754,3,3,88.35,0.1,88.3,150,88.2,11,88.0,3,,,,,,,,,,,,,,,88.4,10,88.7,100,88.8,150,,,,,,,,,,,,,,
2026-07-01T05:01:52.993631+00:00,2026-07-01T05:01:52.987112,3,3,88.45,0.3,88.3,150,88.2,11,88.0,3,,,,,,,,,,,,,,,88.6,10,88.7,100,88.8,150,,,,,,,,,,,,,,
2026-07-01T05:01:53.494827+00:00,2026-07-01T05:01:53.491787,3,2,88.5,0.4,88.3,150,88.2,11,88.0,3,,,,,,,,,,,,,,,88.7,100,88.8,150,,,,,,,,,,,,,,,,
2026-07-01T05:01:53.505067+00:00,2026-07-01T05:01:53.495497,3,3,88.45,0.3,88.3,150,88.2,11,88.0,3,,,,,,,,,,,,,,,88.6,10,88.7,100,88.8,150,,,,,,,,,,,,,,
2026-07-01T05:01:53.525537+00:00,2026-07-01T05:01:53.519879,3,2,88.5,0.4,88.3,150,88.2,11,88.0,3,,,,,,,,,,,,,,,88.7,60,88.8,150,,,,,,,,,,,,,,,,
2026-07-01T05:01:54.007100+00:00,2026-07-01T05:01:54.002110,3,3,88.45,0.3,88.3,150,88.2,11,88.0,3,,,,,,,,,,,,,,,88.6,10,88.7,60,88.8,150,,,,,,,,,,,,,,
2026-07-01T05:01:54.017406+00:00,2026-07-01T05:01:54.012003,2,2,88.45,0.3,88.3,150,88.0,3,,,,,,,,,,,,,,,,,88.6,10,88.8,150,,,,,,,,,,,,,,,,
2026-07-01T05:01:54.068888+00:00,2026-07-01T05:01:54.064828,2,2,88.45,0.3,88.3,150,88.0,103,,,,,,,,,,,,,,,,,88.6,10,88.8,150,,,,,,,,,,,,,,,,
2026-07-01T05:01:54.120415+00:00,2026-07-01T05:01:54.116972,2,3,88.4,0.2,88.3,150,88.0,103,,,,,,,,,,,,,,,,,88.5,100,88.6,10,88.8,150,,,,,,,,,,,,,,
2026-07-01T05:01:54.510370+00:00,2026-07-01T05:01:54.509669,2,2,88.4,0.2,88.3,150,88.0,103,,,,,,,,,,,,,,,,,88.5,100,88.8,150,,,,,,,,,,,,,,,,
2026-07-01T05:01:55.629761+00:00,2026-07-01T05:01:55.628436,2,2,88.4,0.2,88.3,150,88.0,103,,,,,,,,,,,,,,,,,88.5,50,88.8,150,,,,,,,,,,,,,,,,
2026-07-01T05:01:55.773283+00:00,2026-07-01T05:01:55.772246,1,1,88.25,0.5,88.0,103,,,,,,,,,,,,,,,,,,,88.5,50,,,,,,,,,,,,,,,,,,
2026-07-01T05:01:55.834914+00:00,2026-07-01T05:01:55.825654,2,1,88.45,0.1,88.4,150,88.0,103,,,,,,,,,,,,,,,,,88.5,50,,,,,,,,,,,,,,,,,,
2026-07-01T05:01:55.886062+00:00,2026-07-01T05:01:55.877533,2,2,88.45,0.1,88.4,150,88.0,103,,,,,,,,,,,,,,,,,88.5,50,88.9,150,,,,,,,,,,,,,,,,
2026-07-01T05:01:56.029141+00:00,2026-07-01T05:01:56.023407,2,2,88.45,0.1,88.4,150,88.0,103,,,,,,,,,,,,,,,,,88.5,60,88.9,150,,,,,,,,,,,,,,,,
2026-07-01T05:01:56.223894+00:00,2026-07-01T05:01:56.222481,2,2,88.45,0.1,88.4,150,88.0,103,,,,,,,,,,,,,,,,,88.5,16,88.9,150,,,,,,,,,,,,,,,,
2026-07-01T05:01:56.530990+00:00,2026-07-01T05:01:56.529175,2,2,88.45,0.1,88.4,150,88.0,103,,,,,,,,,,,,,,,,,88.5,16,88.9,150,,,,,,,,,,,,,,,,
2026-07-01T05:01:57.042734+00:00,2026-07-01T05:01:57.041721,3,2,88.45,0.1,88.4,150,88.2,5,88.0,100,,,,,,,,,,,,,,,88.5,16,88.9,150,,,,,,,,,,,,,,,,
2026-07-01T05:01:57.175960+00:00,2026-07-01T05:01:57.172506,2,2,88.45,0.1,88.4,150,88.2,5,,,,,,,,,,,,,,,,,88.5,10,88.9,150,,,,,,,,,,,,,,,,
2026-07-01T05:01:57.227192+00:00,2026-07-01T05:01:57.225256,2,2,88.45,0.1,88.4,250,88.2,5,,,,,,,,,,,,,,,,,88.5,10,88.9,150,,,,,,,,,,,,,,,,
2026-07-01T05:01:57.299143+00:00,2026-07-01T05:01:57.296667,2,2,88.45,0.1,88.4,250,88.2,5,,,,,,,,,,,,,,,,,88.5,10,88.9,250,,,,,,,,,,,,,,,,
2026-07-01T05:01:57.545077+00:00,2026-07-01T05:01:57.542750,2,1,88.65,0.5,88.4,250,88.2,5,,,,,,,,,,,,,,,,,88.9,250,,,,,,,,,,,,,,,,,,
2026-07-01T05:01:57.555341+00:00,2026-07-01T05:01:57.546304,2,2,88.6,0.4,88.4,250,88.2,5,,,,,,,,,,,,,,,,,88.8,10,88.9,250,,,,,,,,,,,,,,,,
2026-07-01T05:01:57.739738+00:00,2026-07-01T05:01:57.735496,2,1,88.65,0.5,88.4,250,88.2,5,,,,,,,,,,,,,,,,,88.9,210,,,,,,,,,,,,,,,,,,
2026-07-01T05:01:58.057384+00:00,2026-07-01T05:01:58.052074,2,2,88.6,0.4,88.4,250,88.2,5,,,,,,,,,,,,,,,,,88.8,10,88.9,210,,,,,,,,,,,,,,,,
2026-07-01T05:01:58.560228+00:00,2026-07-01T05:01:58.560166,2,1,88.65,0.5,88.4,250,88.2,5,,,,,,,,,,,,,,,,,88.9,210,,,,,,,,,,,,,,,,,,
2026-07-01T05:01:58.570448+00:00,2026-07-01T05:01:58.563103,2,2,88.6,0.4,88.4,250,88.2,5,,,,,,,,,,,,,,,,,88.8,10,88.9,210,,,,,,,,,,,,,,,,
2026-07-01T05:01:58.938898+00:00,2026-07-01T05:01:58.934302,2,2,88.6,0.4,88.4,100,88.2,5,,,,,,,,,,,,,,,,,88.8,10,88.9,100,,,,,,,,,,,,,,,,
2026-07-01T05:01:58.989939+00:00,2026-07-01T05:01:58.986749,2,2,88.6,0.4,88.4,250,88.2,5,,,,,,,,,,,,,,,,,88.8,10,88.9,100,,,,,,,,,,,,,,,,
2026-07-01T05:01:59.041165+00:00,2026-07-01T05:01:59.039610,2,2,88.6,0.4,88.4,250,88.2,5,,,,,,,,,,,,,,,,,88.8,10,88.9,250,,,,,,,,,,,,,,,,
2026-07-01T05:01:59.071898+00:00,2026-07-01T05:01:59.070241,2,2,88.6,0.4,88.4,250,88.2,5,,,,,,,,,,,,,,,,,88.8,10,88.9,250,,,,,,,,,,,,,,,,
2026-07-01T05:01:59.349131+00:00,2026-07-01T05:01:59.345808,2,2,88.6,0.4,88.4,250,88.2,4,,,,,,,,,,,,,,,,,88.8,10,88.9,250,,,,,,,,,,,,,,,,
2026-07-01T05:01:59.584245+00:00,2026-07-01T05:01:59.578814,2,2,88.6,0.4,88.4,250,88.2,4,,,,,,,,,,,,,,,,,88.8,10,88.9,250,,,,,,,,,,,,,,,,
2026-07-01T05:02:00.065450+00:00,2026-07-01T05:02:00.060553,2,2,88.6,0.4,88.4,250,88.2,2,,,,,,,,,,,,,,,,,88.8,10,88.9,250,,,,,,,,,,,,,,,,
2026-07-01T05:02:00.085958+00:00,2026-07-01T05:02:00.085154,2,2,88.6,0.4,88.4,250,88.2,2,,,,,,,,,,,,,,,,,88.8,10,88.9,250,,,,,,,,,,,,,,,,
2026-07-01T05:02:00.188575+00:00,2026-07-01T05:02:00.186547,2,2,88.6,0.4,88.4,203,88.2,2,,,,,,,,,,,,,,,,,88.8,10,88.9,250,,,,,,,,,,,,,,,,
2026-07-01T05:02:00.362920+00:00,2026-07-01T05:02:00.357661,2,2,88.6,0.4,88.4,150,88.2,2,,,,,,,,,,,,,,,,,88.8,10,88.9,150,,,,,,,,,,,,,,,,
2026-07-01T05:02:00.414090+00:00,2026-07-01T05:02:00.410905,2,2,88.6,0.4,88.4,150,88.2,102,,,,,,,,,,,,,,,,,88.8,10,88.9,150,,,,,,,,,,,,,,,,
2026-07-01T05:02:00.465208+00:00,2026-07-01T05:02:00.463036,2,3,88.55,0.3,88.4,150,88.2,102,,,,,,,,,,,,,,,,,88.7,100,88.8,10,88.9,150,,,,,,,,,,,,,,
2026-07-01T05:02:00.598418+00:00,2026-07-01T05:02:00.592660,2,2,88.55,0.3,88.4,150,88.2,102,,,,,,,,,,,,,,,,,88.7,110,88.9,150,,,,,,,,,,,,,,,,
2026-07-01T05:02:00.782653+00:00,2026-07-01T05:02:00.774980,2,2,88.55,0.3,88.4,140,88.2,102,,,,,,,,,,,,,,,,,88.7,110,88.9,150,,,,,,,,,,,,,,,,
2026-07-01T05:02:00.823627+00:00,2026-07-01T05:02:00.815862,2,2,88.55,0.3,88.4,92,88.2,102,,,,,,,,,,,,,,,,,88.7,110,88.9,150,,,,,,,,,,,,,,,,
2026-07-01T05:02:01.100235+00:00,2026-07-01T05:02:01.097774,2,2,88.55,0.3,88.4,92,88.2,102,,,,,,,,,,,,,,,,,88.7,100,88.9,150,,,,,,,,,,,,,,,,
2026-07-01T05:02:01.120797+00:00,2026-07-01T05:02:01.110858,2,2,88.55,0.3,88.4,92,88.2,102,,,,,,,,,,,,,,,,,88.7,110,88.9,150,,,,,,,,,,,,,,,,
2026-07-01T05:02:01.622762+00:00,2026-07-01T05:02:01.618057,2,2,88.55,0.3,88.4,92,88.2,102,,,,,,,,,,,,,,,,,88.7,110,88.9,150,,,,,,,,,,,,,,,,
2026-07-01T05:02:02.001773+00:00,2026-07-01T05:02:01.995630,2,2,88.55,0.3,88.4,42,88.2,102,,,,,,,,,,,,,,,,,88.7,110,88.9,150,,,,,,,,,,,,,,,,
2026-07-01T05:02:02.094247+00:00,2026-07-01T05:02:02.093037,2,1,88.55,0.3,88.4,42,88.2,102,,,,,,,,,,,,,,,,,88.7,110,,,,,,,,,,,,,,,,,,
2026-07-01T05:02:02.104518+00:00,2026-07-01T05:02:02.094519,1,1,88.45,0.5,88.2,102,,,,,,,,,,,,,,,,,,,88.7,110,,,,,,,,,,,,,,,,,,
2026-07-01T05:02:02.135523+00:00,2026-07-01T05:02:02.133513,1,1,88.45,0.5,88.2,102,,,,,,,,,,,,,,,,,,,88.7,100,,,,,,,,,,,,,,,,,,
2026-07-01T05:02:02.156195+00:00,2026-07-01T05:02:02.146299,2,1,88.45,0.5,88.2,102,88.1,150,,,,,,,,,,,,,,,,,88.7,100,,,,,,,,,,,,,,,,,,
2026-07-01T05:02:02.207311+00:00,2026-07-01T05:02:02.198197,2,2,88.4,0.4,88.2,102,88.1,150,,,,,,,,,,,,,,,,,88.6,150,88.7,100,,,,,,,,,,,,,,,,
2026-07-01T05:02:03.518047+00:00,2026-07-01T05:02:03.517906,2,1,88.4,0.4,88.2,102,88.1,150,,,,,,,,,,,,,,,,,88.6,150,,,,,,,,,,,,,,,,,,
2026-07-01T05:02:03.528340+00:00,2026-07-01T05:02:03.519158,2,1,88.4,0.4,88.2,2,88.1,150,,,,,,,,,,,,,,,,,88.6,150,,,,,,,,,,,,,,,,,,
2026-07-01T05:02:03.579702+00:00,2026-07-01T05:02:03.571050,3,1,88.45,0.3,88.3,100,88.2,2,88.1,150,,,,,,,,,,,,,,,88.6,150,,,,,,,,,,,,,,,,,,
2026-07-01T05:02:03.630930+00:00,2026-07-01T05:02:03.623478,3,2,88.45,0.3,88.3,100,88.2,2,88.1,150,,,,,,,,,,,,,,,88.6,150,88.8,100,,,,,,,,,,,,,,,,
2026-07-01T05:02:04.113276+00:00,2026-07-01T05:02:04.103754,3,2,88.45,0.3,88.3,50,88.2,2,88.1,150,,,,,,,,,,,,,,,88.6,150,88.8,100,,,,,,,,,,,,,,,,
2026-07-01T05:02:04.472751+00:00,2026-07-01T05:02:04.468422,3,2,88.45,0.3,88.3,50,88.2,2,88.1,150,,,,,,,,,,,,,,,88.6,154,88.8,100,,,,,,,,,,,,,,,,
2026-07-01T05:02:05.220546+00:00,2026-07-01T05:02:05.211796,3,2,88.45,0.3,88.3,50,88.2,2,88.1,150,,,,,,,,,,,,,,,88.6,113,88.8,100,,,,,,,,,,,,,,,,
2026-07-01T05:02:05.261557+00:00,2026-07-01T05:02:05.254119,2,2,88.45,0.3,88.3,50,88.2,2,,,,,,,,,,,,,,,,,88.6,4,88.8,100,,,,,,,,,,,,,,,,
2026-07-01T05:02:05.312941+00:00,2026-07-01T05:02:05.307406,2,2,88.45,0.3,88.3,50,88.2,152,,,,,,,,,,,,,,,,,88.6,4,88.8,100,,,,,,,,,,,,,,,,
2026-07-01T05:02:05.364089+00:00,2026-07-01T05:02:05.360143,2,3,88.45,0.3,88.3,50,88.2,152,,,,,,,,,,,,,,,,,88.6,4,88.7,150,88.8,100,,,,,,,,,,,,,,
2026-07-01T05:02:06.686109+00:00,2026-07-01T05:02:06.677506,1,2,88.4,0.4,88.2,152,,,,,,,,,,,,,,,,,,,88.6,4,88.7,150,,,,,,,,,,,,,,,,
2026-07-01T05:02:06.737397+00:00,2026-07-01T05:02:06.729972,2,2,88.4,0.4,88.2,152,88.1,100,,,,,,,,,,,,,,,,,88.6,4,88.7,150,,,,,,,,,,,,,,,,
2026-07-01T05:02:06.788487+00:00,2026-07-01T05:02:06.781659,2,2,88.4,0.4,88.2,152,88.1,100,,,,,,,,,,,,,,,,,88.6,104,88.7,150,,,,,,,,,,,,,,,,
2026-07-01T05:02:07.209157+00:00,2026-07-01T05:02:07.204534,2,2,88.4,0.4,88.2,152,88.1,100,,,,,,,,,,,,,,,,,88.6,103,88.7,150,,,,,,,,,,,,,,,,
2026-07-01T05:02:08.274054+00:00,2026-07-01T05:02:08.264727,2,2,88.4,0.4,88.2,152,88.1,100,,,,,,,,,,,,,,,,,88.6,53,88.7,150,,,,,,,,,,,,,,,,
2026-07-01T05:02:08.366293+00:00,2026-07-01T05:02:08.365695,2,2,88.4,0.4,88.2,111,88.1,100,,,,,,,,,,,,,,,,,88.6,53,88.7,150,,,,,,,,,,,,,,,,
2026-07-01T05:02:08.417447+00:00,2026-07-01T05:02:08.415225,1,1,88.35,0.5,88.1,100,,,,,,,,,,,,,,,,,,,88.6,53,,,,,,,,,,,,,,,,,,
2026-07-01T05:02:08.468561+00:00,2026-07-01T05:02:08.467740,1,1,88.35,0.5,88.1,250,,,,,,,,,,,,,,,,,,,88.6,53,,,,,,,,,,,,,,,,,,
2026-07-01T05:02:08.529892+00:00,2026-07-01T05:02:08.522074,1,1,88.35,0.5,88.1,250,,,,,,,,,,,,,,,,,,,88.6,203,,,,,,,,,,,,,,,,,,
2026-07-01T05:02:09.845065+00:00,2026-07-01T05:02:09.837807,1,1,88.35,0.5,88.1,150,,,,,,,,,,,,,,,,,,,88.6,150,,,,,,,,,,,,,,,,,,
2026-07-01T05:02:09.896184+00:00,2026-07-01T05:02:09.891851,2,1,88.4,0.4,88.2,100,88.1,150,,,,,,,,,,,,,,,,,88.6,150,,,,,,,,,,,,,,,,,,
2026-07-01T05:02:09.947436+00:00,2026-07-01T05:02:09.946748,2,2,88.4,0.4,88.2,100,88.1,150,,,,,,,,,,,,,,,,,88.6,150,88.7,100,,,,,,,,,,,,,,,,
2026-07-01T05:02:11.584970+00:00,2026-07-01T05:02:11.583223,1,1,88.45,0.5,88.2,100,,,,,,,,,,,,,,,,,,,88.7,100,,,,,,,,,,,,,,,,,,
2026-07-01T05:02:11.646346+00:00,2026-07-01T05:02:11.636479,2,1,88.45,0.5,88.2,100,87.9,150,,,,,,,,,,,,,,,,,88.7,100,,,,,,,,,,,,,,,,,,
2026-07-01T05:02:11.697488+00:00,2026-07-01T05:02:11.688933,2,2,88.3,0.2,88.2,100,87.9,150,,,,,,,,,,,,,,,,,88.4,150,88.7,100,,,,,,,,,,,,,,,,
2026-07-01T05:02:13.007833+00:00,2026-07-01T05:02:13.001363,1,1,88.15,0.5,87.9,150,,,,,,,,,,,,,,,,,,,88.4,150,,,,,,,,,,,,,,,,,,
2026-07-01T05:02:13.059207+00:00,2026-07-01T05:02:13.053726,1,1,88.15,0.5,87.9,250,,,,,,,,,,,,,,,,,,,88.4,150,,,,,,,,,,,,,,,,,,
2026-07-01T05:02:13.110384+00:00,2026-07-01T05:02:13.106112,1,1,88.15,0.5,87.9,250,,,,,,,,,,,,,,,,,,,88.4,250,,,,,,,,,,,,,,,,,,
2026-07-01T05:02:13.989561+00:00,2026-07-01T05:02:13.989220,1,1,88.15,0.5,87.9,250,,,,,,,,,,,,,,,,,,,88.4,203,,,,,,,,,,,,,,,,,,
2026-07-01T05:02:14.493464+00:00,2026-07-01T05:02:14.490938,1,1,88.15,0.5,87.9,250,,,,,,,,,,,,,,,,,,,88.4,159,,,,,,,,,,,,,,,,,,
2026-07-01T05:02:14.595580+00:00,2026-07-01T05:02:14.593989,1,2,88.15,0.5,87.9,250,,,,,,,,,,,,,,,,,,,88.4,159,88.6,4,,,,,,,,,,,,,,,,
2026-07-01T05:02:14.636602+00:00,2026-07-01T05:02:14.632622,1,2,88.15,0.5,87.9,200,,,,,,,,,,,,,,,,,,,88.4,159,88.6,4,,,,,,,,,,,,,,,,
2026-07-01T05:02:14.748920+00:00,2026-07-01T05:02:14.744474,1,2,88.15,0.5,87.9,100,,,,,,,,,,,,,,,,,,,88.4,100,88.6,4,,,,,,,,,,,,,,,,
2026-07-01T05:02:14.799994+00:00,2026-07-01T05:02:14.797202,2,2,88.3,0.2,88.2,150,87.9,100,,,,,,,,,,,,,,,,,88.4,100,88.6,4,,,,,,,,,,,,,,,,
2026-07-01T05:02:14.851334+00:00,2026-07-01T05:02:14.850251,2,3,88.3,0.2,88.2,150,87.9,100,,,,,,,,,,,,,,,,,88.4,100,88.6,4,88.7,150,,,,,,,,,,,,,,
2026-07-01T05:02:16.161217+00:00,2026-07-01T05:02:16.160875,1,2,88.4,0.4,88.2,150,,,,,,,,,,,,,,,,,,,88.6,4,88.7,150,,,,,,,,,,,,,,,,
2026-07-01T05:02:16.222821+00:00,2026-07-01T05:02:16.213416,1,2,88.4,0.4,88.2,250,,,,,,,,,,,,,,,,,,,88.6,4,88.7,150,,,,,,,,,,,,,,,,
2026-07-01T05:02:16.273920+00:00,2026-07-01T05:02:16.268753,1,2,88.4,0.4,88.2,250,,,,,,,,,,,,,,,,,,,88.6,4,88.7,250,,,,,,,,,,,,,,,,
2026-07-01T05:02:16.406836+00:00,2026-07-01T05:02:16.404501,1,2,88.4,0.4,88.2,250,,,,,,,,,,,,,,,,,,,88.6,2,88.7,250,,,,,,,,,,,,,,,,
2026-07-01T05:02:17.246878+00:00,2026-07-01T05:02:17.245230,1,2,88.4,0.4,88.2,250,,,,,,,,,,,,,,,,,,,88.6,1,88.7,250,,,,,,,,,,,,,,,,
2026-07-01T05:02:17.770076+00:00,2026-07-01T05:02:17.760938,1,1,88.45,0.5,88.2,250,,,,,,,,,,,,,,,,,,,88.7,250,,,,,,,,,,,,,,,,,,
2026-07-01T05:02:17.903616+00:00,2026-07-01T05:02:17.903495,1,1,88.45,0.5,88.2,250,,,,,,,,,,,,,,,,,,,88.7,100,,,,,,,,,,,,,,,,,,
2026-07-01T05:02:17.913936+00:00,2026-07-01T05:02:17.904607,1,1,88.45,0.5,88.2,100,,,,,,,,,,,,,,,,,,,88.7,100,,,,,,,,,,,,,,,,,,
2026-07-01T05:02:17.965191+00:00,2026-07-01T05:02:17.958339,1,1,88.45,0.5,88.2,250,,,,,,,,,,,,,,,,,,,88.7,100,,,,,,,,,,,,,,,,,,
2026-07-01T05:02:18.016666+00:00,2026-07-01T05:02:18.010252,1,1,88.45,0.5,88.2,250,,,,,,,,,,,,,,,,,,,88.7,250,,,,,,,,,,,,,,,,,,
2026-07-01T05:02:18.691828+00:00,2026-07-01T05:02:18.691089,2,1,88.5,0.4,88.3,5,88.2,250,,,,,,,,,,,,,,,,,88.7,250,,,,,,,,,,,,,,,,,,
2026-07-01T05:02:18.866112+00:00,2026-07-01T05:02:18.860000,1,1,88.45,0.5,88.2,205,,,,,,,,,,,,,,,,,,,88.7,250,,,,,,,,,,,,,,,,,,
2026-07-01T05:02:18.927721+00:00,2026-07-01T05:02:18.923786,1,1,88.45,0.5,88.2,159,,,,,,,,,,,,,,,,,,,88.7,250,,,,,,,,,,,,,,,,,,
2026-07-01T05:02:19.327504+00:00,2026-07-01T05:02:19.324665,1,1,88.45,0.5,88.2,150,,,,,,,,,,,,,,,,,,,88.7,150,,,,,,,,,,,,,,,,,,
2026-07-01T05:02:19.382945+00:00,2026-07-01T05:02:19.376824,2,1,88.45,0.5,88.2,150,88.1,100,,,,,,,,,,,,,,,,,88.7,150,,,,,,,,,,,,,,,,,,
