recv_time,book_timestamp,n_bids,n_asks,mid,spread,bid_px_0,bid_vol_0,bid_px_1,bid_vol_1,bid_px_2,bid_vol_2,bid_px_3,bid_vol_3,bid_px_4,bid_vol_4,bid_px_5,bid_vol_5,bid_px_6,bid_vol_6,bid_px_7,bid_vol_7,bid_px_8,bid_vol_8,bid_px_9,bid_vol_9,ask_px_0,ask_vol_0,ask_px_1,ask_vol_1,ask_px_2,ask_vol_2,ask_px_3,ask_vol_3,ask_px_4,ask_vol_4,ask_px_5,ask_vol_5,ask_px_6,ask_vol_6,ask_px_7,ask_vol_7,ask_px_8,ask_vol_8,ask_px_9,ask_vol_9
2026-07-05T03:00:00.279295+00:00,2026-07-05T03:00:00.215870,2,2,133.7,0.4,133.5,6,133.4,150,,,,,,,,,,,,,,,,,133.9,150,134.0,100,,,,,,,,,,,,,,,,
2026-07-05T03:00:01.510202+00:00,2026-07-05T03:00:01.510114,1,1,133.65,0.5,133.4,150,,,,,,,,,,,,,,,,,,,133.9,150,,,,,,,,,,,,,,,,,,
2026-07-05T03:00:01.566050+00:00,2026-07-05T03:00:01.565921,2,1,133.65,0.5,133.4,150,133.1,100,,,,,,,,,,,,,,,,,133.9,150,,,,,,,,,,,,,,,,,,
2026-07-05T03:00:01.607126+00:00,2026-07-05T03:00:01.607092,2,1,133.65,0.5,133.4,100,133.1,100,,,,,,,,,,,,,,,,,133.9,150,,,,,,,,,,,,,,,,,,
2026-07-05T03:00:01.620162+00:00,2026-07-05T03:00:01.620051,2,2,133.5,0.2,133.4,100,133.1,100,,,,,,,,,,,,,,,,,133.6,100,133.9,150,,,,,,,,,,,,,,,,
2026-07-05T03:00:02.676421+00:00,2026-07-05T03:00:02.676339,1,1,133.35,0.5,133.1,100,,,,,,,,,,,,,,,,,,,133.6,100,,,,,,,,,,,,,,,,,,
2026-07-05T03:00:02.732316+00:00,2026-07-05T03:00:02.732183,2,1,133.35,0.5,133.1,100,133.0,150,,,,,,,,,,,,,,,,,133.6,100,,,,,,,,,,,,,,,,,,
2026-07-05T03:00:02.806719+00:00,2026-07-05T03:00:02.806668,2,2,133.3,0.4,133.1,100,133.0,150,,,,,,,,,,,,,,,,,133.5,150,133.6,100,,,,,,,,,,,,,,,,
2026-07-05T03:00:02.978784+00:00,2026-07-05T03:00:02.972616,2,2,133.3,0.4,133.1,100,133.0,150,,,,,,,,,,,,,,,,,133.5,138,133.6,100,,,,,,,,,,,,,,,,
2026-07-05T03:00:03.532675+00:00,2026-07-05T03:00:03.532582,2,2,133.3,0.4,133.1,100,133.0,150,,,,,,,,,,,,,,,,,133.5,125,133.6,100,,,,,,,,,,,,,,,,
2026-07-05T03:00:03.718497+00:00,2026-07-05T03:00:03.718389,2,2,133.3,0.4,133.1,50,133.0,150,,,,,,,,,,,,,,,,,133.5,125,133.6,100,,,,,,,,,,,,,,,,
2026-07-05T03:00:04.542224+00:00,2026-07-05T03:00:04.542102,2,2,133.3,0.4,133.1,50,133.0,150,,,,,,,,,,,,,,,,,133.5,119,133.6,100,,,,,,,,,,,,,,,,
2026-07-05T03:00:04.675463+00:00,2026-07-05T03:00:04.675354,1,1,133.25,0.5,133.0,150,,,,,,,,,,,,,,,,,,,133.5,119,,,,,,,,,,,,,,,,,,
2026-07-05T03:00:04.731498+00:00,2026-07-05T03:00:04.731427,1,1,133.25,0.5,133.0,250,,,,,,,,,,,,,,,,,,,133.5,119,,,,,,,,,,,,,,,,,,
2026-07-05T03:00:04.784877+00:00,2026-07-05T03:00:04.784826,1,1,133.25,0.5,133.0,250,,,,,,,,,,,,,,,,,,,133.5,219,,,,,,,,,,,,,,,,,,
2026-07-05T03:00:04.878007+00:00,2026-07-05T03:00:04.878140,1,1,133.25,0.5,133.0,250,,,,,,,,,,,,,,,,,,,133.5,179,,,,,,,,,,,,,,,,,,
2026-07-05T03:00:05.864074+00:00,2026-07-05T03:00:05.863998,1,1,133.25,0.5,133.0,200,,,,,,,,,,,,,,,,,,,133.5,179,,,,,,,,,,,,,,,,,,
2026-07-05T03:00:05.874546+00:00,2026-07-05T03:00:05.874482,1,1,133.25,0.5,133.0,100,,,,,,,,,,,,,,,,,,,133.5,100,,,,,,,,,,,,,,,,,,
2026-07-05T03:00:05.930367+00:00,2026-07-05T03:00:05.930285,2,1,133.4,0.2,133.3,150,133.0,100,,,,,,,,,,,,,,,,,133.5,100,,,,,,,,,,,,,,,,,,
2026-07-05T03:00:05.980769+00:00,2026-07-05T03:00:05.980635,2,2,133.4,0.2,133.3,150,133.0,100,,,,,,,,,,,,,,,,,133.5,100,133.8,150,,,,,,,,,,,,,,,,
2026-07-05T03:00:07.309532+00:00,2026-07-05T03:00:07.309746,2,2,133.4,0.2,133.3,150,133.0,100,,,,,,,,,,,,,,,,,133.5,53,133.8,150,,,,,,,,,,,,,,,,
2026-07-05T03:00:07.840085+00:00,2026-07-05T03:00:07.840237,1,1,133.55,0.5,133.3,150,,,,,,,,,,,,,,,,,,,133.8,150,,,,,,,,,,,,,,,,,,
2026-07-05T03:00:07.895090+00:00,2026-07-05T03:00:07.894996,2,1,133.55,0.5,133.3,150,133.1,100,,,,,,,,,,,,,,,,,133.8,150,,,,,,,,,,,,,,,,,,
2026-07-05T03:00:07.948590+00:00,2026-07-05T03:00:07.948699,2,2,133.45,0.3,133.3,150,133.1,100,,,,,,,,,,,,,,,,,133.6,100,133.8,150,,,,,,,,,,,,,,,,
2026-07-05T03:00:09.034619+00:00,2026-07-05T03:00:09.034521,2,1,133.45,0.3,133.3,150,133.1,100,,,,,,,,,,,,,,,,,133.6,100,,,,,,,,,,,,,,,,,,
2026-07-05T03:00:09.039602+00:00,2026-07-05T03:00:09.039691,1,1,133.35,0.5,133.1,100,,,,,,,,,,,,,,,,,,,133.6,100,,,,,,,,,,,,,,,,,,
2026-07-05T03:00:09.093607+00:00,2026-07-05T03:00:09.093451,1,1,133.35,0.5,133.1,250,,,,,,,,,,,,,,,,,,,133.6,100,,,,,,,,,,,,,,,,,,
2026-07-05T03:00:09.147841+00:00,2026-07-05T03:00:09.147736,1,1,133.35,0.5,133.1,250,,,,,,,,,,,,,,,,,,,133.6,250,,,,,,,,,,,,,,,,,,
2026-07-05T03:00:09.906695+00:00,2026-07-05T03:00:09.906628,1,1,133.35,0.5,133.1,208,,,,,,,,,,,,,,,,,,,133.6,250,,,,,,,,,,,,,,,,,,
2026-07-05T03:00:10.898061+00:00,2026-07-05T03:00:10.898015,1,1,133.35,0.5,133.1,208,,,,,,,,,,,,,,,,,,,133.6,210,,,,,,,,,,,,,,,,,,
2026-07-05T03:00:11.003173+00:00,2026-07-05T03:00:10.993969,1,1,133.35,0.5,133.1,150,,,,,,,,,,,,,,,,,,,133.6,150,,,,,,,,,,,,,,,,,,
2026-07-05T03:00:11.057036+00:00,2026-07-05T03:00:11.057182,1,1,133.35,0.5,133.1,250,,,,,,,,,,,,,,,,,,,133.6,150,,,,,,,,,,,,,,,,,,
2026-07-05T03:00:11.109298+00:00,2026-07-05T03:00:11.109263,1,1,133.35,0.5,133.1,250,,,,,,,,,,,,,,,,,,,133.6,250,,,,,,,,,,,,,,,,,,
2026-07-05T03:00:12.197899+00:00,2026-07-05T03:00:12.198048,1,1,133.35,0.5,133.1,200,,,,,,,,,,,,,,,,,,,133.6,100,,,,,,,,,,,,,,,,,,
2026-07-05T03:00:12.203285+00:00,2026-07-05T03:00:12.203204,1,1,133.35,0.5,133.1,100,,,,,,,,,,,,,,,,,,,133.6,100,,,,,,,,,,,,,,,,,,
2026-07-05T03:00:12.253330+00:00,2026-07-05T03:00:12.253489,2,1,133.35,0.5,133.1,100,133.0,150,,,,,,,,,,,,,,,,,133.6,100,,,,,,,,,,,,,,,,,,
2026-07-05T03:00:12.311212+00:00,2026-07-05T03:00:12.311139,2,2,133.3,0.4,133.1,100,133.0,150,,,,,,,,,,,,,,,,,133.5,150,133.6,100,,,,,,,,,,,,,,,,
2026-07-05T03:00:12.564749+00:00,2026-07-05T03:00:12.564690,2,2,133.3,0.4,133.1,100,133.0,150,,,,,,,,,,,,,,,,,133.5,147,133.6,100,,,,,,,,,,,,,,,,
2026-07-05T03:00:13.058558+00:00,2026-07-05T03:00:13.057064,2,2,133.3,0.4,133.1,55,133.0,150,,,,,,,,,,,,,,,,,133.5,147,133.6,100,,,,,,,,,,,,,,,,
2026-07-05T03:00:14.158848+00:00,2026-07-05T03:00:14.158738,1,1,133.25,0.5,133.0,150,,,,,,,,,,,,,,,,,,,133.5,147,,,,,,,,,,,,,,,,,,
2026-07-05T03:00:14.214936+00:00,2026-07-05T03:00:14.214880,2,1,133.25,0.5,133.0,150,132.9,100,,,,,,,,,,,,,,,,,133.5,147,,,,,,,,,,,,,,,,,,
2026-07-05T03:00:14.250651+00:00,2026-07-05T03:00:14.250469,2,1,133.25,0.5,133.0,150,132.9,100,,,,,,,,,,,,,,,,,133.5,97,,,,,,,,,,,,,,,,,,
2026-07-05T03:00:14.278852+00:00,2026-07-05T03:00:14.278493,2,2,133.2,0.4,133.0,150,132.9,100,,,,,,,,,,,,,,,,,133.4,100,133.5,97,,,,,,,,,,,,,,,,
2026-07-05T03:00:14.578353+00:00,2026-07-05T03:00:14.578228,2,2,133.2,0.4,133.0,150,132.9,100,,,,,,,,,,,,,,,,,133.4,98,133.5,97,,,,,,,,,,,,,,,,
2026-07-05T03:00:15.358584+00:00,2026-07-05T03:00:15.356498,1,1,133.15,0.5,132.9,100,,,,,,,,,,,,,,,,,,,133.4,98,,,,,,,,,,,,,,,,,,
2026-07-05T03:00:15.417470+00:00,2026-07-05T03:00:15.417386,2,1,133.25,0.3,133.1,150,132.9,100,,,,,,,,,,,,,,,,,133.4,98,,,,,,,,,,,,,,,,,,
2026-07-05T03:00:15.471862+00:00,2026-07-05T03:00:15.471771,2,2,133.25,0.3,133.1,150,132.9,100,,,,,,,,,,,,,,,,,133.4,98,133.6,150,,,,,,,,,,,,,,,,
2026-07-05T03:00:15.836487+00:00,2026-07-05T03:00:15.830468,2,2,133.25,0.3,133.1,150,132.9,100,,,,,,,,,,,,,,,,,133.4,87,133.6,150,,,,,,,,,,,,,,,,
2026-07-05T03:00:16.158565+00:00,2026-07-05T03:00:16.151475,2,2,133.25,0.3,133.1,103,132.9,100,,,,,,,,,,,,,,,,,133.4,87,133.6,150,,,,,,,,,,,,,,,,
2026-07-05T03:00:16.370908+00:00,2026-07-05T03:00:16.371034,2,2,133.25,0.3,133.1,103,132.9,100,,,,,,,,,,,,,,,,,133.4,37,133.6,150,,,,,,,,,,,,,,,,
2026-07-05T03:00:17.344011+00:00,2026-07-05T03:00:17.343974,2,1,133.35,0.5,133.1,103,132.9,100,,,,,,,,,,,,,,,,,133.6,150,,,,,,,,,,,,,,,,,,
2026-07-05T03:00:17.349258+00:00,2026-07-05T03:00:17.349165,1,1,133.35,0.5,133.1,103,,,,,,,,,,,,,,,,,,,133.6,150,,,,,,,,,,,,,,,,,,
2026-07-05T03:00:17.408226+00:00,2026-07-05T03:00:17.408138,1,1,133.35,0.5,133.1,203,,,,,,,,,,,,,,,,,,,133.6,150,,,,,,,,,,,,,,,,,,
2026-07-05T03:00:17.458727+00:00,2026-07-05T03:00:17.453534,1,1,133.35,0.5,133.1,203,,,,,,,,,,,,,,,,,,,133.6,250,,,,,,,,,,,,,,,,,,
2026-07-05T03:00:18.122276+00:00,2026-07-05T03:00:18.122156,1,1,133.35,0.5,133.1,203,,,,,,,,,,,,,,,,,,,133.6,205,,,,,,,,,,,,,,,,,,
2026-07-05T03:00:18.478479+00:00,2026-07-05T03:00:18.478444,1,1,133.35,0.5,133.1,203,,,,,,,,,,,,,,,,,,,133.6,155,,,,,,,,,,,,,,,,,,
2026-07-05T03:00:18.555020+00:00,2026-07-05T03:00:18.554989,1,1,133.35,0.5,133.1,100,,,,,,,,,,,,,,,,,,,133.6,100,,,,,,,,,,,,,,,,,,
2026-07-05T03:00:18.612223+00:00,2026-07-05T03:00:18.612182,2,1,133.4,0.4,133.2,150,133.1,100,,,,,,,,,,,,,,,,,133.6,100,,,,,,,,,,,,,,,,,,
2026-07-05T03:00:18.658621+00:00,2026-07-05T03:00:18.658143,2,2,133.4,0.4,133.2,150,133.1,100,,,,,,,,,,,,,,,,,133.6,100,133.7,150,,,,,,,,,,,,,,,,
2026-07-05T03:00:18.690562+00:00,2026-07-05T03:00:18.690496,2,2,133.4,0.4,133.2,106,133.1,100,,,,,,,,,,,,,,,,,133.6,100,133.7,150,,,,,,,,,,,,,,,,
2026-07-05T03:00:20.222772+00:00,2026-07-05T03:00:20.222712,2,2,133.4,0.4,133.2,106,133.1,100,,,,,,,,,,,,,,,,,133.6,60,133.7,150,,,,,,,,,,,,,,,,
2026-07-05T03:00:20.515801+00:00,2026-07-05T03:00:20.515737,1,1,133.45,0.5,133.2,106,,,,,,,,,,,,,,,,,,,133.7,150,,,,,,,,,,,,,,,,,,
2026-07-05T03:00:20.571376+00:00,2026-07-05T03:00:20.571273,1,1,133.45,0.5,133.2,206,,,,,,,,,,,,,,,,,,,133.7,150,,,,,,,,,,,,,,,,,,
2026-07-05T03:00:20.612980+00:00,2026-07-05T03:00:20.612862,1,1,133.45,0.5,133.2,206,,,,,,,,,,,,,,,,,,,133.7,100,,,,,,,,,,,,,,,,,,
2026-07-05T03:00:20.623333+00:00,2026-07-05T03:00:20.623252,1,1,133.45,0.5,133.2,206,,,,,,,,,,,,,,,,,,,133.7,200,,,,,,,,,,,,,,,,,,
2026-07-05T03:00:21.720877+00:00,2026-07-05T03:00:21.720781,1,1,133.45,0.5,133.2,100,,,,,,,,,,,,,,,,,,,133.7,100,,,,,,,,,,,,,,,,,,
2026-07-05T03:00:21.779072+00:00,2026-07-05T03:00:21.778936,1,1,133.45,0.5,133.2,250,,,,,,,,,,,,,,,,,,,133.7,100,,,,,,,,,,,,,,,,,,
2026-07-05T03:00:21.809928+00:00,2026-07-05T03:00:21.809825,1,1,133.45,0.5,133.2,250,,,,,,,,,,,,,,,,,,,133.7,57,,,,,,,,,,,,,,,,,,
2026-07-05T03:00:21.834166+00:00,2026-07-05T03:00:21.834055,1,1,133.45,0.5,133.2,250,,,,,,,,,,,,,,,,,,,133.7,207,,,,,,,,,,,,,,,,,,
2026-07-05T03:00:22.723485+00:00,2026-07-05T03:00:22.723573,1,1,133.45,0.5,133.2,250,,,,,,,,,,,,,,,,,,,133.7,157,,,,,,,,,,,,,,,,,,
2026-07-05T03:00:23.675251+00:00,2026-07-05T03:00:23.675377,1,1,133.45,0.5,133.2,150,,,,,,,,,,,,,,,,,,,133.7,150,,,,,,,,,,,,,,,,,,
2026-07-05T03:00:23.728008+00:00,2026-07-05T03:00:23.727926,2,1,133.6,0.2,133.5,100,133.2,150,,,,,,,,,,,,,,,,,133.7,150,,,,,,,,,,,,,,,,,,
2026-07-05T03:00:23.782362+00:00,2026-07-05T03:00:23.782240,2,2,133.6,0.2,133.5,100,133.2,150,,,,,,,,,,,,,,,,,133.7,150,134.0,100,,,,,,,,,,,,,,,,
2026-07-05T03:00:23.925763+00:00,2026-07-05T03:00:23.920074,2,2,133.6,0.2,133.5,89,133.2,150,,,,,,,,,,,,,,,,,133.7,150,134.0,100,,,,,,,,,,,,,,,,
2026-07-05T03:00:24.447175+00:00,2026-07-05T03:00:24.447274,2,2,133.6,0.2,133.5,43,133.2,150,,,,,,,,,,,,,,,,,133.7,150,134.0,100,,,,,,,,,,,,,,,,
2026-07-05T03:00:24.857841+00:00,2026-07-05T03:00:24.858010,2,2,133.6,0.2,133.5,43,133.2,150,,,,,,,,,,,,,,,,,133.7,100,134.0,100,,,,,,,,,,,,,,,,
2026-07-05T03:00:24.889011+00:00,2026-07-05T03:00:24.888988,1,1,133.75,0.5,133.5,43,,,,,,,,,,,,,,,,,,,134.0,100,,,,,,,,,,,,,,,,,,
2026-07-05T03:00:24.945128+00:00,2026-07-05T03:00:24.945085,2,1,133.75,0.5,133.5,43,133.4,150,,,,,,,,,,,,,,,,,134.0,100,,,,,,,,,,,,,,,,,,
2026-07-05T03:00:24.999912+00:00,2026-07-05T03:00:24.999760,2,2,133.7,0.4,133.5,43,133.4,150,,,,,,,,,,,,,,,,,133.9,150,134.0,100,,,,,,,,,,,,,,,,
2026-07-05T03:00:26.548700+00:00,2026-07-05T03:00:26.542043,2,2,133.7,0.4,133.5,31,133.4,150,,,,,,,,,,,,,,,,,133.9,150,134.0,100,,,,,,,,,,,,,,,,
2026-07-05T03:00:26.837123+00:00,2026-07-05T03:00:26.837008,1,1,133.65,0.5,133.4,150,,,,,,,,,,,,,,,,,,,133.9,150,,,,,,,,,,,,,,,,,,
2026-07-05T03:00:26.892102+00:00,2026-07-05T03:00:26.891972,2,1,133.65,0.5,133.4,150,133.2,100,,,,,,,,,,,,,,,,,133.9,150,,,,,,,,,,,,,,,,,,
2026-07-05T03:00:26.945070+00:00,2026-07-05T03:00:26.945018,2,2,133.55,0.3,133.4,150,133.2,100,,,,,,,,,,,,,,,,,133.7,100,133.9,150,,,,,,,,,,,,,,,,
2026-07-05T03:00:26.972827+00:00,2026-07-05T03:00:26.972750,2,2,133.55,0.3,133.4,150,133.2,100,,,,,,,,,,,,,,,,,133.7,50,133.9,150,,,,,,,,,,,,,,,,
2026-07-05T03:00:28.055216+00:00,2026-07-05T03:00:28.055168,1,1,133.45,0.5,133.2,100,,,,,,,,,,,,,,,,,,,133.7,50,,,,,,,,,,,,,,,,,,
2026-07-05T03:00:28.111131+00:00,2026-07-05T03:00:28.111045,2,1,133.6,0.2,133.5,150,133.2,100,,,,,,,,,,,,,,,,,133.7,50,,,,,,,,,,,,,,,,,,
2026-07-05T03:00:28.164864+00:00,2026-07-05T03:00:28.164752,2,2,133.6,0.2,133.5,150,133.2,100,,,,,,,,,,,,,,,,,133.7,50,134.0,150,,,,,,,,,,,,,,,,
2026-07-05T03:00:28.390319+00:00,2026-07-05T03:00:28.390193,2,2,133.6,0.2,133.5,109,133.2,100,,,,,,,,,,,,,,,,,133.7,50,134.0,150,,,,,,,,,,,,,,,,
2026-07-05T03:00:29.080495+00:00,2026-07-05T03:00:29.080459,2,1,133.75,0.5,133.5,109,133.2,100,,,,,,,,,,,,,,,,,134.0,150,,,,,,,,,,,,,,,,,,
2026-07-05T03:00:29.168172+00:00,2026-07-05T03:00:29.162090,2,1,133.75,0.5,133.5,98,133.2,100,,,,,,,,,,,,,,,,,134.0,150,,,,,,,,,,,,,,,,,,
2026-07-05T03:00:29.997117+00:00,2026-07-05T03:00:29.996993,1,1,133.75,0.5,133.5,98,,,,,,,,,,,,,,,,,,,134.0,150,,,,,,,,,,,,,,,,,,
2026-07-05T03:00:30.058653+00:00,2026-07-05T03:00:30.055589,2,1,133.75,0.5,133.5,98,133.4,100,,,,,,,,,,,,,,,,,134.0,150,,,,,,,,,,,,,,,,,,
2026-07-05T03:00:30.117396+00:00,2026-07-05T03:00:30.117333,2,2,133.7,0.4,133.5,98,133.4,100,,,,,,,,,,,,,,,,,133.9,100,134.0,150,,,,,,,,,,,,,,,,
2026-07-05T03:00:30.606831+00:00,2026-07-05T03:00:30.606779,2,2,133.7,0.4,133.5,98,133.4,100,,,,,,,,,,,,,,,,,133.9,57,134.0,150,,,,,,,,,,,,,,,,
2026-07-05T03:00:31.074466+00:00,2026-07-05T03:00:31.074372,2,2,133.7,0.4,133.5,58,133.4,100,,,,,,,,,,,,,,,,,133.9,57,134.0,150,,,,,,,,,,,,,,,,
2026-07-05T03:00:31.190645+00:00,2026-07-05T03:00:31.190581,2,2,133.7,0.4,133.5,58,133.4,100,,,,,,,,,,,,,,,,,133.9,7,134.0,150,,,,,,,,,,,,,,,,
2026-07-05T03:00:31.223334+00:00,2026-07-05T03:00:31.223482,1,1,133.65,0.5,133.4,100,,,,,,,,,,,,,,,,,,,133.9,7,,,,,,,,,,,,,,,,,,
2026-07-05T03:00:31.281143+00:00,2026-07-05T03:00:31.281112,2,1,133.65,0.5,133.4,100,133.0,150,,,,,,,,,,,,,,,,,133.9,7,,,,,,,,,,,,,,,,,,
2026-07-05T03:00:31.336297+00:00,2026-07-05T03:00:31.336196,2,2,133.45,0.1,133.4,100,133.0,150,,,,,,,,,,,,,,,,,133.5,150,133.9,7,,,,,,,,,,,,,,,,
2026-07-05T03:00:33.079928+00:00,2026-07-05T03:00:33.073257,2,2,133.45,0.1,133.4,100,133.0,150,,,,,,,,,,,,,,,,,133.5,92,133.9,7,,,,,,,,,,,,,,,,
2026-07-05T03:00:33.172747+00:00,2026-07-05T03:00:33.172679,1,1,133.25,0.5,133.0,150,,,,,,,,,,,,,,,,,,,133.5,92,,,,,,,,,,,,,,,,,,
2026-07-05T03:00:33.230036+00:00,2026-07-05T03:00:33.229918,2,0,,,133.9,8,133.0,150,,,,,,,,,,,,,,,,,,,,,,,,,,,,,,,,,,,,
2026-07-05T03:00:33.301203+00:00,2026-07-05T03:00:33.294246,1,1,133.7,1.4,133.0,150,,,,,,,,,,,,,,,,,,,134.4,100,,,,,,,,,,,,,,,,,,
2026-07-05T03:00:33.329541+00:00,2026-07-05T03:00:33.329458,1,1,133.7,1.4,133.0,150,,,,,,,,,,,,,,,,,,,134.4,50,,,,,,,,,,,,,,,,,,
2026-07-05T03:00:33.612174+00:00,2026-07-05T03:00:33.612082,1,1,133.7,1.4,133.0,150,,,,,,,,,,,,,,,,,,,134.4,49,,,,,,,,,,,,,,,,,,
2026-07-05T03:00:34.390236+00:00,2026-07-05T03:00:34.390144,0,1,,,,,,,,,,,,,,,,,,,,,,,134.4,49,,,,,,,,,,,,,,,,,,
2026-07-05T03:00:34.459038+00:00,2026-07-05T03:00:34.446317,1,1,134.1,0.6,133.8,136,,,,,,,,,,,,,,,,,,,134.4,49,,,,,,,,,,,,,,,,,,
2026-07-05T03:00:34.496045+00:00,2026-07-05T03:00:34.495974,1,2,134.05,0.5,133.8,136,,,,,,,,,,,,,,,,,,,134.3,150,134.4,49,,,,,,,,,,,,,,,,
2026-07-05T03:00:34.624424+00:00,2026-07-05T03:00:34.624273,1,2,134.05,0.5,133.8,134,,,,,,,,,,,,,,,,,,,134.3,150,134.4,49,,,,,,,,,,,,,,,,
2026-07-05T03:00:35.437479+00:00,2026-07-05T03:00:35.437382,1,2,134.05,0.5,133.8,134,,,,,,,,,,,,,,,,,,,134.3,100,134.4,49,,,,,,,,,,,,,,,,
2026-07-05T03:00:35.641830+00:00,2026-07-05T03:00:35.631098,1,2,134.05,0.5,133.8,133,,,,,,,,,,,,,,,,,,,134.3,100,134.4,49,,,,,,,,,,,,,,,,
2026-07-05T03:00:36.232963+00:00,2026-07-05T03:00:36.232768,1,2,134.05,0.5,133.8,92,,,,,,,,,,,,,,,,,,,134.3,100,134.4,49,,,,,,,,,,,,,,,,
2026-07-05T03:00:36.340189+00:00,2026-07-05T03:00:36.340332,1,1,134.05,0.5,133.8,92,,,,,,,,,,,,,,,,,,,134.3,100,,,,,,,,,,,,,,,,,,
2026-07-05T03:00:36.393968+00:00,2026-07-05T03:00:36.393899,1,1,134.05,0.5,133.8,192,,,,,,,,,,,,,,,,,,,134.3,100,,,,,,,,,,,,,,,,,,
2026-07-05T03:00:36.446854+00:00,2026-07-05T03:00:36.446777,1,1,134.05,0.5,133.8,192,,,,,,,,,,,,,,,,,,,134.3,200,,,,,,,,,,,,,,,,,,
2026-07-05T03:00:37.558568+00:00,2026-07-05T03:00:37.556506,1,1,134.05,0.5,133.8,100,,,,,,,,,,,,,,,,,,,134.3,100,,,,,,,,,,,,,,,,,,
2026-07-05T03:00:37.572129+00:00,2026-07-05T03:00:37.572050,1,1,134.05,0.5,133.8,100,,,,,,,,,,,,,,,,,,,134.3,50,,,,,,,,,,,,,,,,,,
2026-07-05T03:00:37.613061+00:00,2026-07-05T03:00:37.612968,1,1,134.05,0.5,133.8,250,,,,,,,,,,,,,,,,,,,134.3,50,,,,,,,,,,,,,,,,,,
2026-07-05T03:00:37.670249+00:00,2026-07-05T03:00:37.670132,1,1,134.05,0.5,133.8,250,,,,,,,,,,,,,,,,,,,134.3,200,,,,,,,,,,,,,,,,,,
2026-07-05T03:00:39.502063+00:00,2026-07-05T03:00:39.501954,1,1,134.05,0.5,133.8,150,,,,,,,,,,,,,,,,,,,134.3,150,,,,,,,,,,,,,,,,,,
2026-07-05T03:00:39.552162+00:00,2026-07-05T03:00:39.552127,1,1,134.05,0.5,133.8,150,,,,,,,,,,,,,,,,,,,134.3,50,,,,,,,,,,,,,,,,,,
2026-07-05T03:00:39.557968+00:00,2026-07-05T03:00:39.558091,1,1,134.05,0.5,133.8,108,,,,,,,,,,,,,,,,,,,134.3,50,,,,,,,,,,,,,,,,,,
2026-07-05T03:00:39.610663+00:00,2026-07-05T03:00:39.610612,1,2,134.05,0.5,133.8,108,,,,,,,,,,,,,,,,,,,134.3,50,134.8,100,,,,,,,,,,,,,,,,
2026-07-05T03:00:39.653829+00:00,2026-07-05T03:00:39.653788,1,2,134.05,0.5,133.8,108,,,,,,,,,,,,,,,,,,,134.3,48,134.8,100,,,,,,,,,,,,,,,,
2026-07-05T03:00:39.678997+00:00,2026-07-05T03:00:39.679268,1,1,134.3,1.0,133.8,108,,,,,,,,,,,,,,,,,,,134.8,98,,,,,,,,,,,,,,,,,,
2026-07-05T03:00:40.653210+00:00,2026-07-05T03:00:40.654794,1,1,134.3,1.0,133.8,108,,,,,,,,,,,,,,,,,,,134.8,97,,,,,,,,,,,,,,,,,,
2026-07-05T03:00:40.729311+00:00,2026-07-05T03:00:40.729193,0,1,,,,,,,,,,,,,,,,,,,,,,,134.8,97,,,,,,,,,,,,,,,,,,
2026-07-05T03:00:40.797586+00:00,2026-07-05T03:00:40.789805,1,1,134.65,0.3,134.5,127,,,,,,,,,,,,,,,,,,,134.8,97,,,,,,,,,,,,,,,,,,
2026-07-05T03:00:40.838067+00:00,2026-07-05T03:00:40.838153,1,2,134.65,0.3,134.5,127,,,,,,,,,,,,,,,,,,,134.8,97,135.0,150,,,,,,,,,,,,,,,,
2026-07-05T03:00:40.989748+00:00,2026-07-05T03:00:40.983847,1,2,134.65,0.3,134.5,104,,,,,,,,,,,,,,,,,,,134.8,97,135.0,150,,,,,,,,,,,,,,,,
2026-07-05T03:00:41.581083+00:00,2026-07-05T03:00:41.581003,1,2,134.65,0.3,134.5,104,,,,,,,,,,,,,,,,,,,134.8,56,135.0,150,,,,,,,,,,,,,,,,
2026-07-05T03:00:41.675122+00:00,2026-07-05T03:00:41.675026,1,2,134.65,0.3,134.5,93,,,,,,,,,,,,,,,,,,,134.8,56,135.0,150,,,,,,,,,,,,,,,,
2026-07-05T03:00:41.791484+00:00,2026-07-05T03:00:41.791394,1,2,134.65,0.3,134.5,93,,,,,,,,,,,,,,,,,,,134.8,6,135.0,150,,,,,,,,,,,,,,,,
2026-07-05T03:00:42.304576+00:00,2026-07-05T03:00:42.298836,1,2,134.65,0.3,134.5,90,,,,,,,,,,,,,,,,,,,134.8,6,135.0,150,,,,,,,,,,,,,,,,
2026-07-05T03:00:42.664795+00:00,2026-07-05T03:00:42.664738,1,1,134.75,0.5,134.5,90,,,,,,,,,,,,,,,,,,,135.0,150,,,,,,,,,,,,,,,,,,
2026-07-05T03:00:42.687823+00:00,2026-07-05T03:00:42.687745,1,1,134.75,0.5,134.5,87,,,,,,,,,,,,,,,,,,,135.0,150,,,,,,,,,,,,,,,,,,
2026-07-05T03:00:42.718305+00:00,2026-07-05T03:00:42.718201,2,1,134.75,0.5,134.5,87,134.2,100,,,,,,,,,,,,,,,,,135.0,150,,,,,,,,,,,,,,,,,,
2026-07-05T03:00:42.770538+00:00,2026-07-05T03:00:42.770471,2,2,134.6,0.2,134.5,87,134.2,100,,,,,,,,,,,,,,,,,134.7,100,135.0,150,,,,,,,,,,,,,,,,
2026-07-05T03:00:43.890751+00:00,2026-07-05T03:00:43.890880,1,1,134.45,0.5,134.2,100,,,,,,,,,,,,,,,,,,,134.7,100,,,,,,,,,,,,,,,,,,
2026-07-05T03:00:43.896213+00:00,2026-07-05T03:00:43.896102,1,1,134.45,0.5,134.2,100,,,,,,,,,,,,,,,,,,,134.7,50,,,,,,,,,,,,,,,,,,
2026-07-05T03:00:44.012324+00:00,2026-07-05T03:00:44.012222,2,1,134.55,0.3,134.4,150,134.2,100,,,,,,,,,,,,,,,,,134.7,50,,,,,,,,,,,,,,,,,,
2026-07-05T03:00:44.060310+00:00,2026-07-05T03:00:44.060249,2,2,134.55,0.3,134.4,150,134.2,100,,,,,,,,,,,,,,,,,134.7,50,134.9,150,,,,,,,,,,,,,,,,
2026-07-05T03:00:44.227423+00:00,2026-07-05T03:00:44.227289,2,2,134.55,0.3,134.4,107,134.2,100,,,,,,,,,,,,,,,,,134.7,50,134.9,150,,,,,,,,,,,,,,,,
2026-07-05T03:00:44.815850+00:00,2026-07-05T03:00:44.815757,2,2,134.55,0.3,134.4,107,134.2,100,,,,,,,,,,,,,,,,,134.7,8,134.9,150,,,,,,,,,,,,,,,,
2026-07-05T03:00:45.822781+00:00,2026-07-05T03:00:45.822685,2,1,134.65,0.5,134.4,107,134.2,100,,,,,,,,,,,,,,,,,134.9,150,,,,,,,,,,,,,,,,,,
2026-07-05T03:00:45.827987+00:00,2026-07-05T03:00:45.827863,1,1,134.65,0.5,134.4,107,,,,,,,,,,,,,,,,,,,134.9,150,,,,,,,,,,,,,,,,,,
2026-07-05T03:00:45.882387+00:00,2026-07-05T03:00:45.882316,2,1,134.75,0.3,134.6,100,134.4,107,,,,,,,,,,,,,,,,,134.9,150,,,,,,,,,,,,,,,,,,
2026-07-05T03:00:45.931879+00:00,2026-07-05T03:00:45.931802,2,2,134.75,0.3,134.6,100,134.4,107,,,,,,,,,,,,,,,,,134.9,150,135.1,100,,,,,,,,,,,,,,,,
2026-07-05T03:00:46.064151+00:00,2026-07-05T03:00:46.064009,2,2,134.75,0.3,134.6,100,134.4,107,,,,,,,,,,,,,,,,,134.9,100,135.1,100,,,,,,,,,,,,,,,,
2026-07-05T03:00:46.358648+00:00,2026-07-05T03:00:46.352786,2,2,134.75,0.3,134.6,53,134.4,107,,,,,,,,,,,,,,,,,134.9,100,135.1,100,,,,,,,,,,,,,,,,
2026-07-05T03:00:47.120864+00:00,2026-07-05T03:00:47.120779,1,1,134.85,0.5,134.6,53,,,,,,,,,,,,,,,,,,,135.1,100,,,,,,,,,,,,,,,,,,
2026-07-05T03:00:47.176345+00:00,2026-07-05T03:00:47.176280,2,1,134.85,0.5,134.6,53,134.5,150,,,,,,,,,,,,,,,,,135.1,100,,,,,,,,,,,,,,,,,,
2026-07-05T03:00:47.229953+00:00,2026-07-05T03:00:47.229803,2,2,134.8,0.4,134.6,53,134.5,150,,,,,,,,,,,,,,,,,135.0,150,135.1,100,,,,,,,,,,,,,,,,
2026-07-05T03:00:47.310409+00:00,2026-07-05T03:00:47.310568,2,2,134.8,0.4,134.6,53,134.5,150,,,,,,,,,,,,,,,,,135.0,110,135.1,100,,,,,,,,,,,,,,,,
2026-07-05T03:00:48.988398+00:00,2026-07-05T03:00:48.988320,1,1,134.75,0.5,134.5,150,,,,,,,,,,,,,,,,,,,135.0,110,,,,,,,,,,,,,,,,,,
2026-07-05T03:00:49.040942+00:00,2026-07-05T03:00:49.040816,2,1,134.75,0.5,134.5,150,134.4,100,,,,,,,,,,,,,,,,,135.0,110,,,,,,,,,,,,,,,,,,
2026-07-05T03:00:49.097893+00:00,2026-07-05T03:00:49.097750,2,2,134.7,0.4,134.5,150,134.4,100,,,,,,,,,,,,,,,,,134.9,100,135.0,110,,,,,,,,,,,,,,,,
2026-07-05T03:00:50.280771+00:00,2026-07-05T03:00:50.280956,2,1,134.7,0.4,134.5,150,134.4,100,,,,,,,,,,,,,,,,,134.9,50,,,,,,,,,,,,,,,,,,
2026-07-05T03:00:50.286174+00:00,2026-07-05T03:00:50.286132,1,1,134.65,0.5,134.4,100,,,,,,,,,,,,,,,,,,,134.9,50,,,,,,,,,,,,,,,,,,
2026-07-05T03:00:50.340472+00:00,2026-07-05T03:00:50.340344,2,1,134.65,0.5,134.4,100,134.3,150,,,,,,,,,,,,,,,,,134.9,50,,,,,,,,,,,,,,,,,,
2026-07-05T03:00:50.393180+00:00,2026-07-05T03:00:50.393046,2,2,134.6,0.4,134.4,100,134.3,150,,,,,,,,,,,,,,,,,134.8,150,134.9,50,,,,,,,,,,,,,,,,
2026-07-05T03:00:50.709125+00:00,2026-07-05T03:00:50.709034,2,2,134.6,0.4,134.4,100,134.3,150,,,,,,,,,,,,,,,,,134.8,143,134.9,50,,,,,,,,,,,,,,,,
2026-07-05T03:00:51.658541+00:00,2026-07-05T03:00:51.656051,2,2,134.6,0.4,134.4,52,134.3,150,,,,,,,,,,,,,,,,,134.8,143,134.9,50,,,,,,,,,,,,,,,,
2026-07-05T03:00:52.158641+00:00,2026-07-05T03:00:52.148623,1,1,134.55,0.5,134.3,150,,,,,,,,,,,,,,,,,,,134.8,143,,,,,,,,,,,,,,,,,,
2026-07-05T03:00:52.203507+00:00,2026-07-05T03:00:52.203381,2,1,134.7,0.2,134.6,100,134.3,150,,,,,,,,,,,,,,,,,134.8,143,,,,,,,,,,,,,,,,,,
2026-07-05T03:00:52.258808+00:00,2026-07-05T03:00:52.258675,2,2,134.7,0.2,134.6,100,134.3,150,,,,,,,,,,,,,,,,,134.8,143,135.1,100,,,,,,,,,,,,,,,,
2026-07-05T03:00:52.388984+00:00,2026-07-05T03:00:52.388782,2,2,134.7,0.2,134.6,100,134.3,150,,,,,,,,,,,,,,,,,134.8,93,135.1,100,,,,,,,,,,,,,,,,
2026-07-05T03:00:52.720436+00:00,2026-07-05T03:00:52.720369,2,2,134.7,0.2,134.6,97,134.3,150,,,,,,,,,,,,,,,,,134.8,93,135.1,100,,,,,,,,,,,,,,,,
2026-07-05T03:00:52.866170+00:00,2026-07-05T03:00:52.866123,2,2,134.7,0.2,134.6,97,134.3,150,,,,,,,,,,,,,,,,,134.8,45,135.1,100,,,,,,,,,,,,,,,,
2026-07-05T03:00:53.442165+00:00,2026-07-05T03:00:53.442093,2,1,134.85,0.5,134.6,97,134.3,150,,,,,,,,,,,,,,,,,135.1,100,,,,,,,,,,,,,,,,,,
2026-07-05T03:00:53.447389+00:00,2026-07-05T03:00:53.447265,1,1,134.85,0.5,134.6,97,,,,,,,,,,,,,,,,,,,135.1,100,,,,,,,,,,,,,,,,,,
2026-07-05T03:00:53.502447+00:00,2026-07-05T03:00:53.502395,2,0,,,135.1,50,134.6,97,,,,,,,,,,,,,,,,,,,,,,,,,,,,,,,,,,,,
2026-07-05T03:00:53.558625+00:00,2026-07-05T03:00:53.556991,2,1,135.35,0.5,135.1,50,134.6,97,,,,,,,,,,,,,,,,,135.6,150,,,,,,,,,,,,,,,,,,
2026-07-05T03:00:53.733340+00:00,2026-07-05T03:00:53.733281,2,1,135.35,0.5,135.1,16,134.6,97,,,,,,,,,,,,,,,,,135.6,150,,,,,,,,,,,,,,,,,,
2026-07-05T03:00:54.519174+00:00,2026-07-05T03:00:54.519107,2,1,135.35,0.5,135.1,16,134.6,97,,,,,,,,,,,,,,,,,135.6,100,,,,,,,,,,,,,,,,,,
2026-07-05T03:00:55.310985+00:00,2026-07-05T03:00:55.311073,1,1,135.35,0.5,135.1,16,,,,,,,,,,,,,,,,,,,135.6,100,,,,,,,,,,,,,,,,,,
2026-07-05T03:00:55.365796+00:00,2026-07-05T03:00:55.365720,2,1,135.35,0.5,135.1,16,135.0,100,,,,,,,,,,,,,,,,,135.6,100,,,,,,,,,,,,,,,,,,
2026-07-05T03:00:55.418747+00:00,2026-07-05T03:00:55.418503,2,2,135.3,0.4,135.1,16,135.0,100,,,,,,,,,,,,,,,,,135.5,100,135.6,100,,,,,,,,,,,,,,,,
2026-07-05T03:00:56.612663+00:00,2026-07-05T03:00:56.612539,1,1,135.25,0.5,135.0,100,,,,,,,,,,,,,,,,,,,135.5,100,,,,,,,,,,,,,,,,,,
2026-07-05T03:00:56.679781+00:00,2026-07-05T03:00:56.679625,2,1,135.25,0.5,135.0,100,134.8,150,,,,,,,,,,,,,,,,,135.5,100,,,,,,,,,,,,,,,,,,
2026-07-05T03:00:56.684969+00:00,2026-07-05T03:00:56.684863,2,1,135.25,0.5,135.0,50,134.8,150,,,,,,,,,,,,,,,,,135.5,100,,,,,,,,,,,,,,,,,,
2026-07-05T03:00:56.736387+00:00,2026-07-05T03:00:56.736354,2,2,135.15,0.3,135.0,50,134.8,150,,,,,,,,,,,,,,,,,135.3,150,135.5,100,,,,,,,,,,,,,,,,
2026-07-05T03:00:58.469211+00:00,2026-07-05T03:00:58.469088,2,1,135.15,0.3,135.0,50,134.8,150,,,,,,,,,,,,,,,,,135.3,150,,,,,,,,,,,,,,,,,,
2026-07-05T03:00:58.474398+00:00,2026-07-05T03:00:58.474278,1,1,135.05,0.5,134.8,150,,,,,,,,,,,,,,,,,,,135.3,150,,,,,,,,,,,,,,,,,,
2026-07-05T03:00:58.528045+00:00,2026-07-05T03:00:58.527989,1,1,135.05,0.5,134.8,250,,,,,,,,,,,,,,,,,,,135.3,150,,,,,,,,,,,,,,,,,,
2026-07-05T03:00:58.584857+00:00,2026-07-05T03:00:58.584706,1,1,135.05,0.5,134.8,250,,,,,,,,,,,,,,,,,,,135.3,250,,,,,,,,,,,,,,,,,,
2026-07-05T03:00:59.790287+00:00,2026-07-05T03:00:59.790216,1,1,135.05,0.5,134.8,100,,,,,,,,,,,,,,,,,,,135.3,100,,,,,,,,,,,,,,,,,,
2026-07-05T03:00:59.844636+00:00,2026-07-05T03:00:59.844730,2,1,135.15,0.3,135.0,150,134.8,100,,,,,,,,,,,,,,,,,135.3,100,,,,,,,,,,,,,,,,,,
2026-07-05T03:00:59.897897+00:00,2026-07-05T03:00:59.897794,2,2,135.15,0.3,135.0,150,134.8,100,,,,,,,,,,,,,,,,,135.3,100,135.5,150,,,,,,,,,,,,,,,,
2026-07-05T03:01:00.674731+00:00,2026-07-05T03:01:00.674585,2,2,135.15,0.3,135.0,108,134.8,100,,,,,,,,,,,,,,,,,135.3,100,135.5,150,,,,,,,,,,,,,,,,
2026-07-05T03:01:00.899105+00:00,2026-07-05T03:01:00.899248,2,2,135.15,0.3,135.0,58,134.8,100,,,,,,,,,,,,,,,,,135.3,100,135.5,150,,,,,,,,,,,,,,,,
2026-07-05T03:01:01.601831+00:00,2026-07-05T03:01:01.601699,2,2,135.15,0.3,135.0,16,134.8,100,,,,,,,,,,,,,,,,,135.3,100,135.5,150,,,,,,,,,,,,,,,,
2026-07-05T03:01:01.638451+00:00,2026-07-05T03:01:01.638387,1,1,135.25,0.5,135.0,16,,,,,,,,,,,,,,,,,,,135.5,150,,,,,,,,,,,,,,,,,,
2026-07-05T03:01:01.693913+00:00,2026-07-05T03:01:01.693791,1,1,135.25,0.5,135.0,116,,,,,,,,,,,,,,,,,,,135.5,150,,,,,,,,,,,,,,,,,,
2026-07-05T03:01:01.747172+00:00,2026-07-05T03:01:01.747120,1,1,135.25,0.5,135.0,116,,,,,,,,,,,,,,,,,,,135.5,250,,,,,,,,,,,,,,,,,,
2026-07-05T03:01:02.774176+00:00,2026-07-05T03:01:02.774114,1,1,135.25,0.5,135.0,116,,,,,,,,,,,,,,,,,,,135.5,201,,,,,,,,,,,,,,,,,,
2026-07-05T03:01:02.951983+00:00,2026-07-05T03:01:02.951901,1,1,135.25,0.5,135.0,100,,,,,,,,,,,,,,,,,,,135.5,100,,,,,,,,,,,,,,,,,,
2026-07-05T03:01:03.009077+00:00,2026-07-05T03:01:03.009018,2,1,135.25,0.5,135.0,50,134.7,150,,,,,,,,,,,,,,,,,135.5,100,,,,,,,,,,,,,,,,,,
2026-07-05T03:01:03.057441+00:00,2026-07-05T03:01:03.057606,2,2,135.1,0.2,135.0,50,134.7,150,,,,,,,,,,,,,,,,,135.2,150,135.5,100,,,,,,,,,,,,,,,,
2026-07-05T03:01:04.801429+00:00,2026-07-05T03:01:04.801375,1,1,134.95,0.5,134.7,150,,,,,,,,,,,,,,,,,,,135.2,150,,,,,,,,,,,,,,,,,,
2026-07-05T03:01:04.858736+00:00,2026-07-05T03:01:04.858614,2,1,135.05,0.3,134.9,100,134.7,150,,,,,,,,,,,,,,,,,135.2,150,,,,,,,,,,,,,,,,,,
2026-07-05T03:01:04.909990+00:00,2026-07-05T03:01:04.909914,2,2,135.05,0.3,134.9,100,134.7,150,,,,,,,,,,,,,,,,,135.2,150,135.4,100,,,,,,,,,,,,,,,,
2026-07-05T03:01:05.117665+00:00,2026-07-05T03:01:05.117573,2,2,135.05,0.3,134.9,50,134.7,150,,,,,,,,,,,,,,,,,135.2,150,135.4,100,,,,,,,,,,,,,,,,
2026-07-05T03:01:06.117486+00:00,2026-07-05T03:01:06.117660,2,1,135.15,0.5,134.9,50,134.7,150,,,,,,,,,,,,,,,,,135.4,100,,,,,,,,,,,,,,,,,,
2026-07-05T03:01:06.122909+00:00,2026-07-05T03:01:06.122830,1,1,135.15,0.5,134.9,50,,,,,,,,,,,,,,,,,,,135.4,100,,,,,,,,,,,,,,,,,,
2026-07-05T03:01:06.176301+00:00,2026-07-05T03:01:06.176181,1,1,135.15,0.5,134.9,200,,,,,,,,,,,,,,,,,,,135.4,100,,,,,,,,,,,,,,,,,,
2026-07-05T03:01:06.229351+00:00,2026-07-05T03:01:06.229255,1,1,135.15,0.5,134.9,200,,,,,,,,,,,,,,,,,,,135.4,250,,,,,,,,,,,,,,,,,,
2026-07-05T03:01:06.700940+00:00,2026-07-05T03:01:06.700901,1,1,135.15,0.5,134.9,200,,,,,,,,,,,,,,,,,,,135.4,201,,,,,,,,,,,,,,,,,,
2026-07-05T03:01:07.225904+00:00,2026-07-05T03:01:07.225829,1,1,135.15,0.5,134.9,150,,,,,,,,,,,,,,,,,,,135.4,201,,,,,,,,,,,,,,,,,,
2026-07-05T03:01:07.965348+00:00,2026-07-05T03:01:07.965267,1,1,135.15,0.5,134.9,150,,,,,,,,,,,,,,,,,,,135.4,150,,,,,,,,,,,,,,,,,,
2026-07-05T03:01:08.019150+00:00,2026-07-05T03:01:08.019063,1,1,135.15,0.5,134.9,250,,,,,,,,,,,,,,,,,,,135.4,150,,,,,,,,,,,,,,,,,,
2026-07-05T03:01:08.071898+00:00,2026-07-05T03:01:08.071866,1,1,135.15,0.5,134.9,250,,,,,,,,,,,,,,,,,,,135.4,250,,,,,,,,,,,,,,,,,,
2026-07-05T03:01:09.287004+00:00,2026-07-05T03:01:09.286957,1,1,135.15,0.5,134.9,100,,,,,,,,,,,,,,,,,,,135.4,100,,,,,,,,,,,,,,,,,,
2026-07-05T03:01:09.331779+00:00,2026-07-05T03:01:09.331913,1,1,135.15,0.5,134.9,50,,,,,,,,,,,,,,,,,,,135.4,100,,,,,,,,,,,,,,,,,,
2026-07-05T03:01:09.342233+00:00,2026-07-05T03:01:09.342319,2,1,135.2,0.4,135.0,150,134.9,50,,,,,,,,,,,,,,,,,135.4,100,,,,,,,,,,,,,,,,,,
2026-07-05T03:01:09.396317+00:00,2026-07-05T03:01:09.396437,2,2,135.2,0.4,135.0,150,134.9,50,,,,,,,,,,,,,,,,,135.4,100,135.5,150,,,,,,,,,,,,,,,,
2026-07-05T03:01:11.127459+00:00,2026-07-05T03:01:11.127341,1,1,135.25,0.5,135.0,150,,,,,,,,,,,,,,,,,,,135.5,150,,,,,,,,,,,,,,,,,,
2026-07-05T03:01:11.180566+00:00,2026-07-05T03:01:11.180497,2,1,135.25,0.5,135.0,150,134.7,100,,,,,,,,,,,,,,,,,135.5,150,,,,,,,,,,,,,,,,,,
2026-07-05T03:01:11.233775+00:00,2026-07-05T03:01:11.233868,2,2,135.1,0.2,135.0,150,134.7,100,,,,,,,,,,,,,,,,,135.2,100,135.5,150,,,,,,,,,,,,,,,,
2026-07-05T03:01:11.438618+00:00,2026-07-05T03:01:11.438495,2,2,135.1,0.2,135.0,100,134.7,100,,,,,,,,,,,,,,,,,135.2,100,135.5,150,,,,,,,,,,,,,,,,
2026-07-05T03:01:12.427119+00:00,2026-07-05T03:01:12.419475,2,2,135.1,0.2,135.0,100,134.7,100,,,,,,,,,,,,,,,,,135.2,97,135.5,150,,,,,,,,,,,,,,,,
2026-07-05T03:01:12.447860+00:00,2026-07-05T03:01:12.447743,2,1,135.1,0.2,135.0,100,134.7,100,,,,,,,,,,,,,,,,,135.2,97,,,,,,,,,,,,,,,,,,
2026-07-05T03:01:12.452847+00:00,2026-07-05T03:01:12.452962,1,1,134.95,0.5,134.7,100,,,,,,,,,,,,,,,,,,,135.2,97,,,,,,,,,,,,,,,,,,
2026-07-05T03:01:12.481548+00:00,2026-07-05T03:01:12.475391,1,1,134.95,0.5,134.7,100,,,,,,,,,,,,,,,,,,,135.2,74,,,,,,,,,,,,,,,,,,
2026-07-05T03:01:12.508203+00:00,2026-07-05T03:01:12.508161,2,1,135.15,0.1,135.1,150,134.7,100,,,,,,,,,,,,,,,,,135.2,74,,,,,,,,,,,,,,,,,,
2026-07-05T03:01:12.557716+00:00,2026-07-05T03:01:12.557685,2,2,135.15,0.1,135.1,150,134.7,100,,,,,,,,,,,,,,,,,135.2,74,135.6,150,,,,,,,,,,,,,,,,
2026-07-05T03:01:13.547927+00:00,2026-07-05T03:01:13.547840,2,2,135.15,0.1,135.1,100,134.7,100,,,,,,,,,,,,,,,,,135.2,74,135.6,150,,,,,,,,,,,,,,,,
2026-07-05T03:01:14.281904+00:00,2026-07-05T03:01:14.281815,1,1,135.35,0.5,135.1,100,,,,,,,,,,,,,,,,,,,135.6,150,,,,,,,,,,,,,,,,,,
2026-07-05T03:01:14.346027+00:00,2026-07-05T03:01:14.345953,2,1,135.35,0.5,135.1,100,135.0,100,,,,,,,,,,,,,,,,,135.6,150,,,,,,,,,,,,,,,,,,
2026-07-05T03:01:14.397731+00:00,2026-07-05T03:01:14.397698,2,2,135.3,0.4,135.1,100,135.0,100,,,,,,,,,,,,,,,,,135.5,100,135.6,150,,,,,,,,,,,,,,,,
2026-07-05T03:01:15.085936+00:00,2026-07-05T03:01:15.086130,2,2,135.3,0.4,135.1,51,135.0,100,,,,,,,,,,,,,,,,,135.5,100,135.6,150,,,,,,,,,,,,,,,,
2026-07-05T03:01:15.620002+00:00,2026-07-05T03:01:15.619929,1,1,135.25,0.5,135.0,100,,,,,,,,,,,,,,,,,,,135.5,100,,,,,,,,,,,,,,,,,,
2026-07-05T03:01:15.676405+00:00,2026-07-05T03:01:15.676321,2,1,135.25,0.5,135.0,100,134.4,150,,,,,,,,,,,,,,,,,135.5,100,,,,,,,,,,,,,,,,,,
2026-07-05T03:01:15.744570+00:00,2026-07-05T03:01:15.737576,1,2,134.65,0.5,134.4,150,,,,,,,,,,,,,,,,,,,134.9,39,135.5,100,,,,,,,,,,,,,,,,
2026-07-05T03:01:16.169539+00:00,2026-07-05T03:01:16.169461,1,1,134.95,1.1,134.4,150,,,,,,,,,,,,,,,,,,,135.5,98,,,,,,,,,,,,,,,,,,
2026-07-05T03:01:17.458647+00:00,2026-07-05T03:01:17.451372,1,0,,,134.4,150,,,,,,,,,,,,,,,,,,,,,,,,,,,,,,,,,,,,,,
2026-07-05T03:01:17.508499+00:00,2026-07-05T03:01:17.508646,2,0,,,134.7,100,134.4,150,,,,,,,,,,,,,,,,,,,,,,,,,,,,,,,,,,,,
2026-07-05T03:01:17.561069+00:00,2026-07-05T03:01:17.561009,2,1,134.95,0.5,134.7,100,134.4,150,,,,,,,,,,,,,,,,,135.2,100,,,,,,,,,,,,,,,,,,
2026-07-05T03:01:17.718172+00:00,2026-07-05T03:01:17.718135,2,1,134.95,0.5,134.7,100,134.4,150,,,,,,,,,,,,,,,,,135.2,50,,,,,,,,,,,,,,,,,,
2026-07-05T03:01:18.791313+00:00,2026-07-05T03:01:18.791213,1,1,134.95,0.5,134.7,100,,,,,,,,,,,,,,,,,,,135.2,50,,,,,,,,,,,,,,,,,,
2026-07-05T03:01:18.841101+00:00,2026-07-05T03:01:18.841199,2,1,135.15,0.1,135.1,150,134.7,100,,,,,,,,,,,,,,,,,135.2,50,,,,,,,,,,,,,,,,,,
2026-07-05T03:01:18.898651+00:00,2026-07-05T03:01:18.898553,2,2,135.15,0.1,135.1,150,134.7,100,,,,,,,,,,,,,,,,,135.2,50,135.6,150,,,,,,,,,,,,,,,,
2026-07-05T03:01:19.826551+00:00,2026-07-05T03:01:19.826502,2,1,135.35,0.5,135.1,150,134.7,100,,,,,,,,,,,,,,,,,135.6,150,,,,,,,,,,,,,,,,,,
2026-07-05T03:01:20.618815+00:00,2026-07-05T03:01:20.618744,1,1,135.35,0.5,135.1,150,,,,,,,,,,,,,,,,,,,135.6,150,,,,,,,,,,,,,,,,,,
2026-07-05T03:01:20.672263+00:00,2026-07-05T03:01:20.672366,2,1,135.35,0.5,135.1,150,135.0,100,,,,,,,,,,,,,,,,,135.6,150,,,,,,,,,,,,,,,,,,
2026-07-05T03:01:20.726297+00:00,2026-07-05T03:01:20.726226,2,2,135.3,0.4,135.1,150,135.0,100,,,,,,,,,,,,,,,,,135.5,100,135.6,150,,,,,,,,,,,,,,,,
2026-07-05T03:01:21.141664+00:00,2026-07-05T03:01:21.141539,2,2,135.3,0.4,135.1,105,135.0,100,,,,,,,,,,,,,,,,,135.5,100,135.6,150,,,,,,,,,,,,,,,,
2026-07-05T03:01:21.689692+00:00,2026-07-05T03:01:21.683628,2,2,135.3,0.4,135.1,94,135.0,100,,,,,,,,,,,,,,,,,135.5,100,135.6,150,,,,,,,,,,,,,,,,
2026-07-05T03:01:21.933373+00:00,2026-07-05T03:01:21.933298,2,2,135.3,0.4,135.1,94,135.0,100,,,,,,,,,,,,,,,,,135.5,50,135.6,150,,,,,,,,,,,,,,,,
2026-07-05T03:01:21.954286+00:00,2026-07-05T03:01:21.954258,1,1,135.25,0.5,135.0,100,,,,,,,,,,,,,,,,,,,135.5,50,,,,,,,,,,,,,,,,,,
2026-07-05T03:01:22.008566+00:00,2026-07-05T03:01:22.008481,2,1,135.25,0.5,135.0,100,134.7,150,,,,,,,,,,,,,,,,,135.5,50,,,,,,,,,,,,,,,,,,
2026-07-05T03:01:22.058609+00:00,2026-07-05T03:01:22.056805,2,2,135.1,0.2,135.0,100,134.7,150,,,,,,,,,,,,,,,,,135.2,150,135.5,50,,,,,,,,,,,,,,,,
2026-07-05T03:01:22.232436+00:00,2026-07-05T03:01:22.232621,2,2,135.1,0.2,135.0,100,134.7,150,,,,,,,,,,,,,,,,,135.2,105,135.5,50,,,,,,,,,,,,,,,,
2026-07-05T03:01:23.671006+00:00,2026-07-05T03:01:23.670857,2,2,135.1,0.2,135.0,56,134.7,150,,,,,,,,,,,,,,,,,135.2,105,135.5,50,,,,,,,,,,,,,,,,
2026-07-05T03:01:23.780593+00:00,2026-07-05T03:01:23.780553,1,1,134.95,0.5,134.7,150,,,,,,,,,,,,,,,,,,,135.2,105,,,,,,,,,,,,,,,,,,
2026-07-05T03:01:23.834777+00:00,2026-07-05T03:01:23.834874,2,1,135.15,0.1,135.1,100,134.7,150,,,,,,,,,,,,,,,,,135.2,105,,,,,,,,,,,,,,,,,,
2026-07-05T03:01:23.887673+00:00,2026-07-05T03:01:23.887792,2,2,135.15,0.1,135.1,100,134.7,150,,,,,,,,,,,,,,,,,135.2,105,135.6,100,,,,,,,,,,,,,,,,
2026-07-05T03:01:24.044317+00:00,2026-07-05T03:01:24.044256,2,2,135.15,0.1,135.1,100,134.7,150,,,,,,,,,,,,,,,,,135.2,55,135.6,100,,,,,,,,,,,,,,,,
2026-07-05T03:01:24.307713+00:00,2026-07-05T03:01:24.302066,2,2,135.15,0.1,135.1,100,134.7,150,,,,,,,,,,,,,,,,,135.2,44,135.6,100,,,,,,,,,,,,,,,,
2026-07-05T03:01:25.135334+00:00,2026-07-05T03:01:25.135243,1,1,135.35,0.5,135.1,100,,,,,,,,,,,,,,,,,,,135.6,100,,,,,,,,,,,,,,,,,,
2026-07-05T03:01:25.197736+00:00,2026-07-05T03:01:25.190958,2,1,135.5,0.2,135.4,139,135.1,100,,,,,,,,,,,,,,,,,135.6,100,,,,,,,,,,,,,,,,,,
2026-07-05T03:01:25.242913+00:00,2026-07-05T03:01:25.242826,2,2,135.5,0.2,135.4,139,135.1,100,,,,,,,,,,,,,,,,,135.6,100,135.9,150,,,,,,,,,,,,,,,,
2026-07-05T03:01:25.253330+00:00,2026-07-05T03:01:25.253263,2,2,135.5,0.2,135.4,96,135.1,100,,,,,,,,,,,,,,,,,135.6,100,135.9,150,,,,,,,,,,,,,,,,
2026-07-05T03:01:25.623578+00:00,2026-07-05T03:01:25.617378,2,2,135.5,0.2,135.4,84,135.1,100,,,,,,,,,,,,,,,,,135.6,100,135.9,150,,,,,,,,,,,,,,,,
2026-07-05T03:01:26.202904+00:00,2026-07-05T03:01:26.202780,2,2,135.5,0.2,135.4,34,135.1,100,,,,,,,,,,,,,,,,,135.6,100,135.9,150,,,,,,,,,,,,,,,,
2026-07-05T03:01:26.949621+00:00,2026-07-05T03:01:26.949551,1,1,135.65,0.5,135.4,34,,,,,,,,,,,,,,,,,,,135.9,150,,,,,,,,,,,,,,,,,,
2026-07-05T03:01:27.006761+00:00,2026-07-05T03:01:27.006661,2,1,135.65,0.5,135.4,34,135.1,100,,,,,,,,,,,,,,,,,135.9,150,,,,,,,,,,,,,,,,,,
2026-07-05T03:01:27.061464+00:00,2026-07-05T03:01:27.061326,2,2,135.5,0.2,135.4,34,135.1,100,,,,,,,,,,,,,,,,,135.6,100,135.9,150,,,,,,,,,,,,,,,,
2026-07-05T03:01:27.871292+00:00,2026-07-05T03:01:27.871444,2,2,135.5,0.2,135.4,34,135.1,100,,,,,,,,,,,,,,,,,135.6,54,135.9,150,,,,,,,,,,,,,,,,
2026-07-05T03:01:28.295037+00:00,2026-07-05T03:01:28.294942,1,1,135.35,0.5,135.1,100,,,,,,,,,,,,,,,,,,,135.6,54,,,,,,,,,,,,,,,,,,
2026-07-05T03:01:28.358598+00:00,2026-07-05T03:01:28.354123,2,1,135.35,0.5,135.1,100,134.8,150,,,,,,,,,,,,,,,,,135.6,54,,,,,,,,,,,,,,,,,,
2026-07-05T03:01:28.408248+00:00,2026-07-05T03:01:28.408165,2,2,135.2,0.2,135.1,100,134.8,150,,,,,,,,,,,,,,,,,135.3,150,135.6,54,,,,,,,,,,,,,,,,
2026-07-05T03:01:30.115943+00:00,2026-07-05T03:01:30.115830,1,1,135.05,0.5,134.8,150,,,,,,,,,,,,,,,,,,,135.3,150,,,,,,,,,,,,,,,,,,
2026-07-05T03:01:30.171036+00:00,2026-07-05T03:01:30.171177,2,1,135.25,0.1,135.2,100,134.8,150,,,,,,,,,,,,,,,,,135.3,150,,,,,,,,,,,,,,,,,,
2026-07-05T03:01:30.226430+00:00,2026-07-05T03:01:30.226325,2,2,135.25,0.1,135.2,100,134.8,150,,,,,,,,,,,,,,,,,135.3,150,135.6,100,,,,,,,,,,,,,,,,
2026-07-05T03:01:30.358715+00:00,2026-07-05T03:01:30.356035,2,2,135.25,0.1,135.2,100,134.8,150,,,,,,,,,,,,,,,,,135.3,100,135.6,100,,,,,,,,,,,,,,,,
2026-07-05T03:01:30.902808+00:00,2026-07-05T03:01:30.895090,2,2,135.25,0.1,135.2,100,134.8,150,,,,,,,,,,,,,,,,,135.3,77,135.6,100,,,,,,,,,,,,,,,,
2026-07-05T03:01:31.463896+00:00,2026-07-05T03:01:31.463800,1,1,135.4,0.4,135.2,100,,,,,,,,,,,,,,,,,,,135.6,100,,,,,,,,,,,,,,,,,,
2026-07-05T03:01:31.524608+00:00,2026-07-05T03:01:31.524485,2,1,135.5,0.2,135.4,150,135.2,100,,,,,,,,,,,,,,,,,135.6,100,,,,,,,,,,,,,,,,,,
2026-07-05T03:01:31.578345+00:00,2026-07-05T03:01:31.578303,2,2,135.5,0.2,135.4,150,135.2,100,,,,,,,,,,,,,,,,,135.6,100,135.9,150,,,,,,,,,,,,,,,,
2026-07-05T03:01:32.210719+00:00,2026-07-05T03:01:32.204723,2,2,135.5,0.2,135.4,139,135.2,100,,,,,,,,,,,,,,,,,135.6,100,135.9,150,,,,,,,,,,,,,,,,
2026-07-05T03:01:32.522514+00:00,2026-07-05T03:01:32.522472,2,2,135.5,0.2,135.4,89,135.2,100,,,,,,,,,,,,,,,,,135.6,100,135.9,150,,,,,,,,,,,,,,,,
2026-07-05T03:01:32.835873+00:00,2026-07-05T03:01:32.836017,2,2,135.5,0.2,135.4,89,135.2,100,,,,,,,,,,,,,,,,,135.6,55,135.9,150,,,,,,,,,,,,,,,,
2026-07-05T03:01:33.284225+00:00,2026-07-05T03:01:33.284130,1,1,135.65,0.5,135.4,89,,,,,,,,,,,,,,,,,,,135.9,150,,,,,,,,,,,,,,,,,,
2026-07-05T03:01:33.340793+00:00,2026-07-05T03:01:33.340730,1,1,135.65,0.5,135.4,189,,,,,,,,,,,,,,,,,,,135.9,150,,,,,,,,,,,,,,,,,,
2026-07-05T03:01:33.390602+00:00,2026-07-05T03:01:33.390557,1,1,135.65,0.5,135.4,189,,,,,,,,,,,,,,,,,,,135.9,250,,,,,,,,,,,,,,,,,,
2026-07-05T03:01:34.631018+00:00,2026-07-05T03:01:34.630898,1,1,135.65,0.5,135.4,139,,,,,,,,,,,,,,,,,,,135.9,100,,,,,,,,,,,,,,,,,,
2026-07-05T03:01:34.636160+00:00,2026-07-05T03:01:34.636079,1,1,135.65,0.5,135.4,100,,,,,,,,,,,,,,,,,,,135.9,100,,,,,,,,,,,,,,,,,,
2026-07-05T03:01:34.690580+00:00,2026-07-05T03:01:34.690535,2,1,135.65,0.5,135.4,100,135.0,150,,,,,,,,,,,,,,,,,135.9,100,,,,,,,,,,,,,,,,,,
2026-07-05T03:01:34.744442+00:00,2026-07-05T03:01:34.744399,2,2,135.45,0.1,135.4,100,135.0,150,,,,,,,,,,,,,,,,,135.5,150,135.9,100,,,,,,,,,,,,,,,,
2026-07-05T03:01:34.860355+00:00,2026-07-05T03:01:34.855402,2,2,135.45,0.1,135.4,35,135.0,150,,,,,,,,,,,,,,,,,135.5,150,135.9,100,,,,,,,,,,,,,,,,
2026-07-05T03:01:36.163892+00:00,2026-07-05T03:01:36.154763,2,2,135.45,0.1,135.4,35,135.0,150,,,,,,,,,,,,,,,,,135.5,127,135.9,100,,,,,,,,,,,,,,,,
2026-07-05T03:01:36.445689+00:00,2026-07-05T03:01:36.445615,1,1,135.25,0.5,135.0,150,,,,,,,,,,,,,,,,,,,135.5,127,,,,,,,,,,,,,,,,,,
2026-07-05T03:01:36.502157+00:00,2026-07-05T03:01:36.501994,1,1,135.25,0.5,135.0,150,,,,,,,,,,,,,,,,,,,135.5,27,,,,,,,,,,,,,,,,,,
2026-07-05T03:01:36.558634+00:00,2026-07-05T03:01:36.558028,1,2,135.25,0.5,135.0,150,,,,,,,,,,,,,,,,,,,135.5,27,136.0,100,,,,,,,,,,,,,,,,
2026-07-05T03:01:36.739205+00:00,2026-07-05T03:01:36.739112,1,2,135.25,0.5,135.0,100,,,,,,,,,,,,,,,,,,,135.5,27,136.0,100,,,,,,,,,,,,,,,,
2026-07-05T03:01:37.800159+00:00,2026-07-05T03:01:37.800093,0,1,,,,,,,,,,,,,,,,,,,,,,,136.0,100,,,,,,,,,,,,,,,,,,
2026-07-05T03:01:37.858562+00:00,2026-07-05T03:01:37.856105,1,1,135.6,0.8,135.2,150,,,,,,,,,,,,,,,,,,,136.0,100,,,,,,,,,,,,,,,,,,
2026-07-05T03:01:37.908915+00:00,2026-07-05T03:01:37.909004,1,2,135.45,0.5,135.2,150,,,,,,,,,,,,,,,,,,,135.7,150,136.0,100,,,,,,,,,,,,,,,,
2026-07-05T03:01:38.846850+00:00,2026-07-05T03:01:38.846744,1,2,135.45,0.5,135.2,100,,,,,,,,,,,,,,,,,,,135.7,150,136.0,100,,,,,,,,,,,,,,,,
2026-07-05T03:01:39.612489+00:00,2026-07-05T03:01:39.612388,1,1,135.45,0.5,135.2,100,,,,,,,,,,,,,,,,,,,135.7,150,,,,,,,,,,,,,,,,,,
2026-07-05T03:01:39.664168+00:00,2026-07-05T03:01:39.664068,2,1,135.45,0.5,135.2,100,135.1,100,,,,,,,,,,,,,,,,,135.7,150,,,,,,,,,,,,,,,,,,
2026-07-05T03:01:39.716748+00:00,2026-07-05T03:01:39.716648,2,2,135.4,0.4,135.2,100,135.1,100,,,,,,,,,,,,,,,,,135.6,100,135.7,150,,,,,,,,,,,,,,,,
2026-07-05T03:01:40.903180+00:00,2026-07-05T03:01:40.903088,2,2,135.4,0.4,135.2,100,135.1,100,,,,,,,,,,,,,,,,,135.6,50,135.7,150,,,,,,,,,,,,,,,,
2026-07-05T03:01:40.958455+00:00,2026-07-05T03:01:40.958608,2,1,135.4,0.4,135.2,100,135.1,100,,,,,,,,,,,,,,,,,135.6,50,,,,,,,,,,,,,,,,,,
2026-07-05T03:01:40.963902+00:00,2026-07-05T03:01:40.963767,1,1,135.35,0.5,135.1,100,,,,,,,,,,,,,,,,,,,135.6,50,,,,,,,,,,,,,,,,,,
2026-07-05T03:01:41.017859+00:00,2026-07-05T03:01:41.017706,1,1,135.35,0.5,135.1,250,,,,,,,,,,,,,,,,,,,135.6,50,,,,,,,,,,,,,,,,,,
2026-07-05T03:01:41.071840+00:00,2026-07-05T03:01:41.071730,1,1,135.35,0.5,135.1,250,,,,,,,,,,,,,,,,,,,135.6,200,,,,,,,,,,,,,,,,,,
2026-07-05T03:01:41.864385+00:00,2026-07-05T03:01:41.864358,1,1,135.35,0.5,135.1,250,,,,,,,,,,,,,,,,,,,135.6,151,,,,,,,,,,,,,,,,,,
2026-07-05T03:01:42.769064+00:00,2026-07-05T03:01:42.768951,1,1,135.35,0.5,135.1,250,,,,,,,,,,,,,,,,,,,135.6,150,,,,,,,,,,,,,,,,,,
2026-07-05T03:01:42.774154+00:00,2026-07-05T03:01:42.774124,1,1,135.35,0.5,135.1,150,,,,,,,,,,,,,,,,,,,135.6,150,,,,,,,,,,,,,,,,,,
2026-07-05T03:01:42.824748+00:00,2026-07-05T03:01:42.824697,2,1,135.45,0.3,135.3,100,135.1,150,,,,,,,,,,,,,,,,,135.6,150,,,,,,,,,,,,,,,,,,
2026-07-05T03:01:42.880349+00:00,2026-07-05T03:01:42.880232,2,2,135.45,0.3,135.3,100,135.1,150,,,,,,,,,,,,,,,,,135.6,150,135.8,100,,,,,,,,,,,,,,,,
2026-07-05T03:01:43.651770+00:00,2026-07-05T03:01:43.651861,2,2,135.45,0.3,135.3,58,135.1,150,,,,,,,,,,,,,,,,,135.6,150,135.8,100,,,,,,,,,,,,,,,,
2026-07-05T03:01:44.124328+00:00,2026-07-05T03:01:44.124255,1,1,135.55,0.5,135.3,58,,,,,,,,,,,,,,,,,,,135.8,100,,,,,,,,,,,,,,,,,,
2026-07-05T03:01:44.178124+00:00,2026-07-05T03:01:44.178087,2,1,135.55,0.5,135.3,58,134.7,150,,,,,,,,,,,,,,,,,135.8,100,,,,,,,,,,,,,,,,,,
2026-07-05T03:01:44.231423+00:00,2026-07-05T03:01:44.231298,1,2,134.95,0.5,134.7,150,,,,,,,,,,,,,,,,,,,135.2,92,135.8,100,,,,,,,,,,,,,,,,
2026-07-05T03:01:45.120639+00:00,2026-07-05T03:01:45.120505,1,2,134.95,0.5,134.7,150,,,,,,,,,,,,,,,,,,,135.2,42,135.8,100,,,,,,,,,,,,,,,,
2026-07-05T03:01:45.179502+00:00,2026-07-05T03:01:45.179392,1,1,135.25,1.1,134.7,150,,,,,,,,,,,,,,,,,,,135.8,100,,,,,,,,,,,,,,,,,,
2026-07-05T03:01:45.804300+00:00,2026-07-05T03:01:45.804173,1,1,135.25,1.1,134.7,134,,,,,,,,,,,,,,,,,,,135.8,100,,,,,,,,,,,,,,,,,,
2026-07-05T03:01:45.931416+00:00,2026-07-05T03:01:45.931364,1,0,,,134.7,134,,,,,,,,,,,,,,,,,,,,,,,,,,,,,,,,,,,,,,
2026-07-05T03:01:45.989143+00:00,2026-07-05T03:01:45.989114,2,0,,,135.0,100,134.7,134,,,,,,,,,,,,,,,,,,,,,,,,,,,,,,,,,,,,
2026-07-05T03:01:46.038192+00:00,2026-07-05T03:01:46.038114,2,1,135.25,0.5,135.0,100,134.7,134,,,,,,,,,,,,,,,,,135.5,100,,,,,,,,,,,,,,,,,,
2026-07-05T03:01:46.100446+00:00,2026-07-05T03:01:46.100337,2,1,135.25,0.5,135.0,56,134.7,134,,,,,,,,,,,,,,,,,135.5,100,,,,,,,,,,,,,,,,,,
2026-07-05T03:01:47.246418+00:00,2026-07-05T03:01:47.246557,2,1,135.25,0.5,135.0,56,134.7,134,,,,,,,,,,,,,,,,,135.5,58,,,,,,,,,,,,,,,,,,
2026-07-05T03:01:47.283860+00:00,2026-07-05T03:01:47.283784,1,1,135.25,0.5,135.0,56,,,,,,,,,,,,,,,,,,,135.5,58,,,,,,,,,,,,,,,,,,
2026-07-05T03:01:47.336683+00:00,2026-07-05T03:01:47.336763,2,1,135.45,0.1,135.4,150,135.0,56,,,,,,,,,,,,,,,,,135.5,58,,,,,,,,,,,,,,,,,,
2026-07-05T03:01:47.389225+00:00,2026-07-05T03:01:47.389099,2,2,135.45,0.1,135.4,150,135.0,56,,,,,,,,,,,,,,,,,135.5,58,135.9,150,,,,,,,,,,,,,,,,
2026-07-05T03:01:48.404467+00:00,2026-07-05T03:01:48.404395,2,2,135.45,0.1,135.4,109,135.0,56,,,,,,,,,,,,,,,,,135.5,58,135.9,150,,,,,,,,,,,,,,,,
2026-07-05T03:01:49.098041+00:00,2026-07-05T03:01:49.097974,1,1,135.65,0.5,135.4,109,,,,,,,,,,,,,,,,,,,135.9,150,,,,,,,,,,,,,,,,,,
2026-07-05T03:01:49.163676+00:00,2026-07-05T03:01:49.163769,2,1,135.65,0.5,135.4,109,135.0,100,,,,,,,,,,,,,,,,,135.9,150,,,,,,,,,,,,,,,,,,
2026-07-05T03:01:49.207725+00:00,2026-07-05T03:01:49.207687,2,2,135.45,0.1,135.4,109,135.0,100,,,,,,,,,,,,,,,,,135.5,100,135.9,150,,,,,,,,,,,,,,,,
2026-07-05T03:01:49.412701+00:00,2026-07-05T03:01:49.412633,2,2,135.45,0.1,135.4,59,135.0,100,,,,,,,,,,,,,,,,,135.5,100,135.9,150,,,,,,,,,,,,,,,,
2026-07-05T03:01:50.395390+00:00,2026-07-05T03:01:50.389075,2,2,135.45,0.1,135.4,47,135.0,100,,,,,,,,,,,,,,,,,135.5,100,135.9,150,,,,,,,,,,,,,,,,
2026-07-05T03:01:50.445934+00:00,2026-07-05T03:01:50.445888,1,1,135.25,0.5,135.0,100,,,,,,,,,,,,,,,,,,,135.5,100,,,,,,,,,,,,,,,,,,
2026-07-05T03:01:50.501587+00:00,2026-07-05T03:01:50.501515,2,1,135.25,0.5,135.0,100,134.9,150,,,,,,,,,,,,,,,,,135.5,100,,,,,,,,,,,,,,,,,,
2026-07-05T03:01:50.570009+00:00,2026-07-05T03:01:50.569932,2,2,135.2,0.4,135.0,100,134.9,150,,,,,,,,,,,,,,,,,135.4,150,135.5,55,,,,,,,,,,,,,,,,
2026-07-05T03:01:51.521166+00:00,2026-07-05T03:01:51.521086,2,2,135.2,0.4,135.0,50,134.9,150,,,,,,,,,,,,,,,,,135.4,150,135.5,55,,,,,,,,,,,,,,,,
2026-07-05T03:01:52.258598+00:00,2026-07-05T03:01:52.258087,1,1,135.15,0.5,134.9,150,,,,,,,,,,,,,,,,,,,135.4,150,,,,,,,,,,,,,,,,,,
2026-07-05T03:01:52.320252+00:00,2026-07-05T03:01:52.320165,1,1,135.15,0.5,134.9,250,,,,,,,,,,,,,,,,,,,135.4,150,,,,,,,,,,,,,,,,,,
2026-07-05T03:01:52.380052+00:00,2026-07-05T03:01:52.380030,1,1,135.15,0.5,134.9,250,,,,,,,,,,,,,,,,,,,135.4,250,,,,,,,,,,,,,,,,,,
2026-07-05T03:01:52.685538+00:00,2026-07-05T03:01:52.685681,1,1,135.15,0.5,134.9,204,,,,,,,,,,,,,,,,,,,135.4,250,,,,,,,,,,,,,,,,,,
2026-07-05T03:01:53.622484+00:00,2026-07-05T03:01:53.622439,1,1,135.15,0.5,134.9,100,,,,,,,,,,,,,,,,,,,135.4,100,,,,,,,,,,,,,,,,,,
2026-07-05T03:01:53.666702+00:00,2026-07-05T03:01:53.666542,1,1,135.15,0.5,134.9,50,,,,,,,,,,,,,,,,,,,135.4,100,,,,,,,,,,,,,,,,,,
2026-07-05T03:01:53.676984+00:00,2026-07-05T03:01:53.676909,2,1,135.15,0.5,134.9,50,134.7,150,,,,,,,,,,,,,,,,,135.4,100,,,,,,,,,,,,,,,,,,
2026-07-05T03:01:53.730921+00:00,2026-07-05T03:01:53.730889,2,2,135.05,0.3,134.9,50,134.7,150,,,,,,,,,,,,,,,,,135.2,150,135.4,100,,,,,,,,,,,,,,,,
2026-07-05T03:01:53.758564+00:00,2026-07-05T03:01:53.756989,2,2,135.05,0.3,134.9,50,134.7,150,,,,,,,,,,,,,,,,,135.2,105,135.4,100,,,,,,,,,,,,,,,,
2026-07-05T03:01:54.517880+00:00,2026-07-05T03:01:54.512078,2,2,135.05,0.3,134.9,50,134.7,150,,,,,,,,,,,,,,,,,135.2,93,135.4,100,,,,,,,,,,,,,,,,
2026-07-05T03:01:55.436933+00:00,2026-07-05T03:01:55.436865,1,1,134.95,0.5,134.7,150,,,,,,,,,,,,,,,,,,,135.2,93,,,,,,,,,,,,,,,,,,
2026-07-05T03:01:55.491251+00:00,2026-07-05T03:01:55.491139,1,1,134.95,0.5,134.7,250,,,,,,,,,,,,,,,,,,,135.2,93,,,,,,,,,,,,,,,,,,
2026-07-05T03:01:55.544345+00:00,2026-07-05T03:01:55.544245,1,1,134.95,0.5,134.7,250,,,,,,,,,,,,,,,,,,,135.2,193,,,,,,,,,,,,,,,,,,
2026-07-05T03:01:55.584581+00:00,2026-07-05T03:01:55.584541,1,1,134.95,0.5,134.7,250,,,,,,,,,,,,,,,,,,,135.2,146,,,,,,,,,,,,,,,,,,
2026-07-05T03:01:56.785064+00:00,2026-07-05T03:01:56.785004,1,1,134.95,0.5,134.7,100,,,,,,,,,,,,,,,,,,,135.2,100,,,,,,,,,,,,,,,,,,
2026-07-05T03:01:56.839726+00:00,2026-07-05T03:01:56.839617,2,0,,,135.2,50,134.7,100,,,,,,,,,,,,,,,,,,,,,,,,,,,,,,,,,,,,
2026-07-05T03:01:56.893795+00:00,2026-07-05T03:01:56.893736,2,1,135.45,0.5,135.2,50,134.7,100,,,,,,,,,,,,,,,,,135.7,150,,,,,,,,,,,,,,,,,,
2026-07-05T03:01:57.267626+00:00,2026-07-05T03:01:57.267507,2,1,135.45,0.5,135.2,4,134.7,100,,,,,,,,,,,,,,,,,135.7,150,,,,,,,,,,,,,,,,,,
2026-07-05T03:01:57.826513+00:00,2026-07-05T03:01:57.826386,1,1,135.2,1.0,134.7,60,,,,,,,,,,,,,,,,,,,135.7,150,,,,,,,,,,,,,,,,,,
2026-07-05T03:01:58.599308+00:00,2026-07-05T03:01:58.599388,0,1,,,,,,,,,,,,,,,,,,,,,,,135.7,150,,,,,,,,,,,,,,,,,,
2026-07-05T03:01:58.652845+00:00,2026-07-05T03:01:58.652727,1,1,135.25,0.9,134.8,100,,,,,,,,,,,,,,,,,,,135.7,150,,,,,,,,,,,,,,,,,,
2026-07-05T03:01:58.706895+00:00,2026-07-05T03:01:58.706762,1,2,135.05,0.5,134.8,100,,,,,,,,,,,,,,,,,,,135.3,100,135.7,150,,,,,,,,,,,,,,,,
2026-07-05T03:01:59.932185+00:00,2026-07-05T03:01:59.932335,1,2,135.05,0.5,134.8,100,,,,,,,,,,,,,,,,,,,135.3,50,135.7,150,,,,,,,,,,,,,,,,
2026-07-05T03:01:59.947700+00:00,2026-07-05T03:01:59.947613,1,1,135.05,0.5,134.8,100,,,,,,,,,,,,,,,,,,,135.3,50,,,,,,,,,,,,,,,,,,
2026-07-05T03:02:00.000633+00:00,2026-07-05T03:02:00.000502,2,1,135.05,0.5,134.8,100,134.5,150,,,,,,,,,,,,,,,,,135.3,50,,,,,,,,,,,,,,,,,,
2026-07-05T03:02:00.072593+00:00,2026-07-05T03:02:00.053640,2,2,134.9,0.2,134.8,100,134.5,150,,,,,,,,,,,,,,,,,135.0,139,135.3,50,,,,,,,,,,,,,,,,
2026-07-05T03:02:00.345152+00:00,2026-07-05T03:02:00.345087,2,2,134.9,0.2,134.8,100,134.5,150,,,,,,,,,,,,,,,,,135.0,90,135.3,50,,,,,,,,,,,,,,,,
2026-07-05T03:02:01.762345+00:00,2026-07-05T03:02:01.762264,1,1,134.75,0.5,134.5,150,,,,,,,,,,,,,,,,,,,135.0,90,,,,,,,,,,,,,,,,,,
2026-07-05T03:02:01.817271+00:00,2026-07-05T03:02:01.817393,2,1,134.95,0.1,134.9,100,134.5,150,,,,,,,,,,,,,,,,,135.0,90,,,,,,,,,,,,,,,,,,
2026-07-05T03:02:01.871291+00:00,2026-07-05T03:02:01.871184,2,2,134.95,0.1,134.9,100,134.5,150,,,,,,,,,,,,,,,,,135.0,90,135.4,100,,,,,,,,,,,,,,,,
2026-07-05T03:02:02.074958+00:00,2026-07-05T03:02:02.074833,2,2,134.95,0.1,134.9,54,134.5,150,,,,,,,,,,,,,,,,,135.0,90,135.4,100,,,,,,,,,,,,,,,,
2026-07-05T03:02:02.091306+00:00,2026-07-05T03:02:02.091238,2,2,134.95,0.1,134.9,4,134.5,150,,,,,,,,,,,,,,,,,135.0,90,135.4,100,,,,,,,,,,,,,,,,
2026-07-05T03:02:03.107422+00:00,2026-07-05T03:02:03.107582,1,1,135.15,0.5,134.9,4,,,,,,,,,,,,,,,,,,,135.4,100,,,,,,,,,,,,,,,,,,
2026-07-05T03:02:03.163880+00:00,2026-07-05T03:02:03.163779,2,1,135.15,0.5,134.9,4,134.5,150,,,,,,,,,,,,,,,,,135.4,100,,,,,,,,,,,,,,,,,,
2026-07-05T03:02:03.216347+00:00,2026-07-05T03:02:03.216232,2,2,134.95,0.1,134.9,4,134.5,150,,,,,,,,,,,,,,,,,135.0,150,135.4,100,,,,,,,,,,,,,,,,
2026-07-05T03:02:04.235205+00:00,2026-07-05T03:02:04.235086,2,2,134.95,0.1,134.9,4,134.5,150,,,,,,,,,,,,,,,,,135.0,105,135.4,100,,,,,,,,,,,,,,,,
2026-07-05T03:02:04.284177+00:00,2026-07-05T03:02:04.284062,1,2,134.75,0.5,134.5,150,,,,,,,,,,,,,,,,,,,135.0,105,135.4,100,,,,,,,,,,,,,,,,
2026-07-05T03:02:04.926368+00:00,2026-07-05T03:02:04.926256,1,1,134.75,0.5,134.5,150,,,,,,,,,,,,,,,,,,,135.0,105,,,,,,,,,,,,,,,,,,
2026-07-05T03:02:04.982406+00:00,2026-07-05T03:02:04.982312,2,1,134.8,0.4,134.6,100,134.5,150,,,,,,,,,,,,,,,,,135.0,105,,,,,,,,,,,,,,,,,,
2026-07-05T03:02:05.035417+00:00,2026-07-05T03:02:05.035253,2,2,134.8,0.4,134.6,100,134.5,150,,,,,,,,,,,,,,,,,135.0,105,135.1,100,,,,,,,,,,,,,,,,
2026-07-05T03:02:06.137910+00:00,2026-07-05T03:02:06.137789,2,2,134.8,0.4,134.6,100,134.5,150,,,,,,,,,,,,,,,,,135.0,63,135.1,100,,,,,,,,,,,,,,,,
2026-07-05T03:02:06.270658+00:00,2026-07-05T03:02:06.268267,1,1,134.85,0.5,134.6,100,,,,,,,,,,,,,,,,,,,135.1,100,,,,,,,,,,,,,,,,,,
2026-07-05T03:02:06.326194+00:00,2026-07-05T03:02:06.326346,1,1,134.85,0.5,134.6,50,,,,,,,,,,,,,,,,,,,135.1,100,,,,,,,,,,,,,,,,,,
2026-07-05T03:02:06.336951+00:00,2026-07-05T03:02:06.336794,2,0,,,135.1,50,134.6,50,,,,,,,,,,,,,,,,,,,,,,,,,,,,,,,,,,,,
2026-07-05T03:02:06.389846+00:00,2026-07-05T03:02:06.389792,2,1,135.35,0.5,135.1,50,134.6,50,,,,,,,,,,,,,,,,,135.6,150,,,,,,,,,,,,,,,,,,
2026-07-05T03:02:06.844623+00:00,2026-07-05T03:02:06.844557,2,1,135.35,0.5,135.1,50,134.6,50,,,,,,,,,,,,,,,,,135.6,146,,,,,,,,,,,,,,,,,,
2026-07-05T03:02:08.089588+00:00,2026-07-05T03:02:08.089470,1,1,135.35,0.5,135.1,50,,,,,,,,,,,,,,,,,,,135.6,146,,,,,,,,,,,,,,,,,,
2026-07-05T03:02:08.140718+00:00,2026-07-05T03:02:08.140669,2,1,135.35,0.5,135.1,50,134.6,100,,,,,,,,,,,,,,,,,135.6,146,,,,,,,,,,,,,,,,,,
2026-07-05T03:02:08.195958+00:00,2026-07-05T03:02:08.195932,1,2,134.85,0.5,134.6,100,,,,,,,,,,,,,,,,,,,135.1,50,135.6,146,,,,,,,,,,,,,,,,
2026-07-05T03:02:08.381712+00:00,2026-07-05T03:02:08.381674,1,1,135.1,1.0,134.6,100,,,,,,,,,,,,,,,,,,,135.6,146,,,,,,,,,,,,,,,,,,
2026-07-05T03:02:08.854679+00:00,2026-07-05T03:02:08.854798,1,1,135.1,1.0,134.6,90,,,,,,,,,,,,,,,,,,,135.6,146,,,,,,,,,,,,,,,,,,
2026-07-05T03:02:09.458687+00:00,2026-07-05T03:02:09.446832,1,0,,,134.6,90,,,,,,,,,,,,,,,,,,,,,,,,,,,,,,,,,,,,,,
2026-07-05T03:02:09.504199+00:00,2026-07-05T03:02:09.504297,2,0,,,134.6,90,134.3,150,,,,,,,,,,,,,,,,,,,,,,,,,,,,,,,,,,,,
2026-07-05T03:02:09.556347+00:00,2026-07-05T03:02:09.556428,2,1,134.7,0.2,134.6,90,134.3,150,,,,,,,,,,,,,,,,,134.8,150,,,,,,,,,,,,,,,,,,
2026-07-05T03:02:09.569852+00:00,2026-07-05T03:02:09.563036,2,1,134.7,0.2,134.6,90,134.3,150,,,,,,,,,,,,,,,,,134.8,138,,,,,,,,,,,,,,,,,,
2026-07-05T03:02:09.869771+00:00,2026-07-05T03:02:09.869704,2,1,134.7,0.2,134.6,90,134.3,150,,,,,,,,,,,,,,,,,134.8,136,,,,,,,,,,,,,,,,,,
2026-07-05T03:02:10.194158+00:00,2026-07-05T03:02:10.194114,2,1,134.7,0.2,134.6,48,134.3,150,,,,,,,,,,,,,,,,,134.8,136,,,,,,,,,,,,,,,,,,
2026-07-05T03:02:10.492604+00:00,2026-07-05T03:02:10.492475,2,1,134.7,0.2,134.6,48,134.3,150,,,,,,,,,,,,,,,,,134.8,86,,,,,,,,,,,,,,,,,,
2026-07-05T03:02:10.658545+00:00,2026-07-05T03:02:10.656087,2,1,134.7,0.2,134.6,2,134.3,150,,,,,,,,,,,,,,,,,134.8,86,,,,,,,,,,,,,,,,,,
2026-07-05T03:02:11.250264+00:00,2026-07-05T03:02:11.250132,1,1,134.55,0.5,134.3,150,,,,,,,,,,,,,,,,,,,134.8,86,,,,,,,,,,,,,,,,,,
2026-07-05T03:02:11.303525+00:00,2026-07-05T03:02:11.303453,2,0,,,134.8,14,134.3,150,,,,,,,,,,,,,,,,,,,,,,,,,,,,,,,,,,,,
2026-07-05T03:02:11.358555+00:00,2026-07-05T03:02:11.352502,2,1,135.05,0.5,134.8,14,134.3,150,,,,,,,,,,,,,,,,,135.3,100,,,,,,,,,,,,,,,,,,
2026-07-05T03:02:12.608143+00:00,2026-07-05T03:02:12.608090,1,1,135.05,0.5,134.8,14,,,,,,,,,,,,,,,,,,,135.3,100,,,,,,,,,,,,,,,,,,
2026-07-05T03:02:12.658621+00:00,2026-07-05T03:02:12.657989,2,1,135.25,0.1,135.2,150,134.8,14,,,,,,,,,,,,,,,,,135.3,100,,,,,,,,,,,,,,,,,,
2026-07-05T03:02:12.717331+00:00,2026-07-05T03:02:12.717184,2,2,135.25,0.1,135.2,150,134.8,14,,,,,,,,,,,,,,,,,135.3,100,135.7,150,,,,,,,,,,,,,,,,
2026-07-05T03:02:12.911011+00:00,2026-07-05T03:02:12.904128,2,2,135.25,0.1,135.2,127,134.8,14,,,,,,,,,,,,,,,,,135.3,100,135.7,150,,,,,,,,,,,,,,,,
2026-07-05T03:02:13.741065+00:00,2026-07-05T03:02:13.740994,2,2,135.25,0.1,135.2,127,134.8,14,,,,,,,,,,,,,,,,,135.3,56,135.7,150,,,,,,,,,,,,,,,,
2026-07-05T03:02:14.412256+00:00,2026-07-05T03:02:14.412067,1,1,135.45,0.5,135.2,127,,,,,,,,,,,,,,,,,,,135.7,150,,,,,,,,,,,,,,,,,,
2026-07-05T03:02:14.468410+00:00,2026-07-05T03:02:14.468258,2,1,135.45,0.5,135.2,127,134.6,100,,,,,,,,,,,,,,,,,135.7,150,,,,,,,,,,,,,,,,,,
2026-07-05T03:02:14.522062+00:00,2026-07-05T03:02:14.521908,2,1,135.45,0.5,135.2,27,134.6,100,,,,,,,,,,,,,,,,,135.7,150,,,,,,,,,,,,,,,,,,
2026-07-05T03:02:14.758578+00:00,2026-07-05T03:02:14.754686,1,1,135.15,1.1,134.6,77,,,,,,,,,,,,,,,,,,,135.7,150,,,,,,,,,,,,,,,,,,
2026-07-05T03:02:14.888453+00:00,2026-07-05T03:02:14.888377,1,1,135.15,1.1,134.6,71,,,,,,,,,,,,,,,,,,,135.7,150,,,,,,,,,,,,,,,,,,
2026-07-05T03:02:15.772995+00:00,2026-07-05T03:02:15.772941,1,0,,,134.6,71,,,,,,,,,,,,,,,,,,,,,,,,,,,,,,,,,,,,,,
2026-07-05T03:02:15.820919+00:00,2026-07-05T03:02:15.820845,2,0,,,134.6,71,134.4,150,,,,,,,,,,,,,,,,,,,,,,,,,,,,,,,,,,,,
2026-07-05T03:02:15.891472+00:00,2026-07-05T03:02:15.883401,2,1,134.75,0.3,134.6,71,134.4,150,,,,,,,,,,,,,,,,,134.9,127,,,,,,,,,,,,,,,,,,
2026-07-05T03:02:15.906720+00:00,2026-07-05T03:02:15.906931,2,1,134.75,0.3,134.6,71,134.4,150,,,,,,,,,,,,,,,,,134.9,118,,,,,,,,,,,,,,,,,,
2026-07-05T03:02:16.871530+00:00,2026-07-05T03:02:16.871482,2,1,134.75,0.3,134.6,21,134.4,150,,,,,,,,,,,,,,,,,134.9,118,,,,,,,,,,,,,,,,,,
2026-07-05T03:02:16.915356+00:00,2026-07-05T03:02:16.915486,2,1,134.75,0.3,134.6,21,134.4,150,,,,,,,,,,,,,,,,,134.9,114,,,,,,,,,,,,,,,,,,
2026-07-05T03:02:17.574308+00:00,2026-07-05T03:02:17.574262,1,1,134.65,0.5,134.4,150,,,,,,,,,,,,,,,,,,,134.9,114,,,,,,,,,,,,,,,,,,
2026-07-05T03:02:17.633145+00:00,2026-07-05T03:02:17.633029,2,1,134.8,0.2,134.7,100,134.4,150,,,,,,,,,,,,,,,,,134.9,114,,,,,,,,,,,,,,,,,,
2026-07-05T03:02:17.686307+00:00,2026-07-05T03:02:17.686163,2,2,134.8,0.2,134.7,100,134.4,150,,,,,,,,,,,,,,,,,134.9,114,135.2,100,,,,,,,,,,,,,,,,
2026-07-05T03:02:17.845828+00:00,2026-07-05T03:02:17.845976,2,2,134.8,0.2,134.7,57,134.4,150,,,,,,,,,,,,,,,,,134.9,114,135.2,100,,,,,,,,,,,,,,,,
2026-07-05T03:02:17.925543+00:00,2026-07-05T03:02:17.925468,2,2,134.8,0.2,134.7,57,134.4,150,,,,,,,,,,,,,,,,,134.9,112,135.2,100,,,,,,,,,,,,,,,,
2026-07-05T03:02:18.935506+00:00,2026-07-05T03:02:18.935446,1,1,134.95,0.5,134.7,57,,,,,,,,,,,,,,,,,,,135.2,100,,,,,,,,,,,,,,,,,,
2026-07-05T03:02:18.989705+00:00,2026-07-05T03:02:18.989628,2,1,134.95,0.5,134.7,57,134.5,150,,,,,,,,,,,,,,,,,135.2,100,,,,,,,,,,,,,,,,,,
2026-07-05T03:02:19.043486+00:00,2026-07-05T03:02:19.043427,2,2,134.85,0.3,134.7,57,134.5,150,,,,,,,,,,,,,,,,,135.0,150,135.2,100,,,,,,,,,,,,,,,,
2026-07-05T03:02:19.444736+00:00,2026-07-05T03:02:19.444622,2,2,134.85,0.3,134.7,57,134.5,150,,,,,,,,,,,,,,,,,135.0,107,135.2,100,,,,,,,,,,,,,,,,
2026-07-05T03:02:20.741671+00:00,2026-07-05T03:02:20.741553,1,1,134.75,0.5,134.5,150,,,,,,,,,,,,,,,,,,,135.0,107,,,,,,,,,,,,,,,,,,
2026-07-05T03:02:20.799734+00:00,2026-07-05T03:02:20.799841,2,1,134.8,0.4,134.6,100,134.5,150,,,,,,,,,,,,,,,,,135.0,107,,,,,,,,,,,,,,,,,,
2026-07-05T03:02:20.858599+00:00,2026-07-05T03:02:20.855490,2,2,134.8,0.4,134.6,100,134.5,150,,,,,,,,,,,,,,,,,135.0,107,135.1,100,,,,,,,,,,,,,,,,
2026-07-05T03:02:22.102430+00:00,2026-07-05T03:02:22.102296,1,1,134.85,0.5,134.6,100,,,,,,,,,,,,,,,,,,,135.1,100,,,,,,,,,,,,,,,,,,
2026-07-05T03:02:22.158647+00:00,2026-07-05T03:02:22.156811,2,1,135.0,0.2,134.9,105,134.6,100,,,,,,,,,,,,,,,,,135.1,100,,,,,,,,,,,,,,,,,,
2026-07-05T03:02:22.211162+00:00,2026-07-05T03:02:22.211028,2,2,135.0,0.2,134.9,105,134.6,100,,,,,,,,,,,,,,,,,135.1,100,135.4,150,,,,,,,,,,,,,,,,
2026-07-05T03:02:22.943470+00:00,2026-07-05T03:02:22.943316,2,2,135.0,0.2,134.9,105,134.6,100,,,,,,,,,,,,,,,,,135.1,99,135.4,150,,,,,,,,,,,,,,,,
2026-07-05T03:02:23.139661+00:00,2026-07-05T03:02:23.139557,2,2,135.0,0.2,134.9,105,134.6,100,,,,,,,,,,,,,,,,,135.1,49,135.4,150,,,,,,,,,,,,,,,,
2026-07-05T03:02:23.896073+00:00,2026-07-05T03:02:23.895944,2,2,135.0,0.2,134.9,105,134.6,100,,,,,,,,,,,,,,,,,135.1,7,135.4,150,,,,,,,,,,,,,,,,
2026-07-05T03:02:23.918028+00:00,2026-07-05T03:02:23.908670,1,1,135.15,0.5,134.9,105,,,,,,,,,,,,,,,,,,,135.4,150,,,,,,,,,,,,,,,,,,
2026-07-05T03:02:23.967100+00:00,2026-07-05T03:02:23.967013,2,1,135.2,0.4,135.0,100,134.9,105,,,,,,,,,,,,,,,,,135.4,150,,,,,,,,,,,,,,,,,,
2026-07-05T03:02:24.023365+00:00,2026-07-05T03:02:24.023328,2,2,135.2,0.4,135.0,100,134.9,105,,,,,,,,,,,,,,,,,135.4,150,135.5,100,,,,,,,,,,,,,,,,
2026-07-05T03:02:25.246418+00:00,2026-07-05T03:02:25.246611,2,2,135.2,0.4,135.0,100,134.9,105,,,,,,,,,,,,,,,,,135.4,100,135.5,100,,,,,,,,,,,,,,,,
2026-07-05T03:02:25.265500+00:00,2026-07-05T03:02:25.265379,1,1,135.25,0.5,135.0,100,,,,,,,,,,,,,,,,,,,135.5,100,,,,,,,,,,,,,,,,,,
2026-07-05T03:02:25.319841+00:00,2026-07-05T03:02:25.319686,2,1,135.25,0.5,135.0,100,134.8,150,,,,,,,,,,,,,,,,,135.5,100,,,,,,,,,,,,,,,,,,
2026-07-05T03:02:25.372712+00:00,2026-07-05T03:02:25.372620,2,2,135.15,0.3,135.0,100,134.8,150,,,,,,,,,,,,,,,,,135.3,150,135.5,100,,,,,,,,,,,,,,,,
2026-07-05T03:02:27.077891+00:00,2026-07-05T03:02:27.077807,2,1,135.15,0.3,135.0,100,134.8,150,,,,,,,,,,,,,,,,,135.3,150,,,,,,,,,,,,,,,,,,
2026-07-05T03:02:27.083089+00:00,2026-07-05T03:02:27.083039,1,1,135.05,0.5,134.8,150,,,,,,,,,,,,,,,,,,,135.3,150,,,,,,,,,,,,,,,,,,
2026-07-05T03:02:27.131779+00:00,2026-07-05T03:02:27.131689,1,1,135.05,0.5,134.8,250,,,,,,,,,,,,,,,,,,,135.3,150,,,,,,,,,,,,,,,,,,
2026-07-05T03:02:27.189501+00:00,2026-07-05T03:02:27.189384,1,1,135.05,0.5,134.8,250,,,,,,,,,,,,,,,,,,,135.3,250,,,,,,,,,,,,,,,,,,
2026-07-05T03:02:27.358609+00:00,2026-07-05T03:02:27.352500,1,1,135.05,0.5,134.8,250,,,,,,,,,,,,,,,,,,,135.3,200,,,,,,,,,,,,,,,,,,
2026-07-05T03:02:28.284212+00:00,2026-07-05T03:02:28.284142,1,1,135.05,0.5,134.8,205,,,,,,,,,,,,,,,,,,,135.3,200,,,,,,,,,,,,,,,,,,
2026-07-05T03:02:28.427229+00:00,2026-07-05T03:02:28.427152,1,1,135.05,0.5,134.8,100,,,,,,,,,,,,,,,,,,,135.3,100,,,,,,,,,,,,,,,,,,
2026-07-05T03:02:28.482974+00:00,2026-07-05T03:02:28.482817,1,1,135.05,0.5,134.8,250,,,,,,,,,,,,,,,,,,,135.3,100,,,,,,,,,,,,,,,,,,
2026-07-05T03:02:28.536887+00:00,2026-07-05T03:02:28.537046,1,1,135.05,0.5,134.8,250,,,,,,,,,,,,,,,,,,,135.3,250,,,,,,,,,,,,,,,,,,
2026-07-05T03:02:30.242734+00:00,2026-07-05T03:02:30.242643,1,1,135.05,0.5,134.8,150,,,,,,,,,,,,,,,,,,,135.3,150,,,,,,,,,,,,,,,,,,
2026-07-05T03:02:30.297207+00:00,2026-07-05T03:02:30.297125,1,1,135.05,0.5,134.8,250,,,,,,,,,,,,,,,,,,,135.3,150,,,,,,,,,,,,,,,,,,
2026-07-05T03:02:30.320013+00:00,2026-07-05T03:02:30.319930,1,1,135.05,0.5,134.8,250,,,,,,,,,,,,,,,,,,,135.3,104,,,,,,,,,,,,,,,,,,
2026-07-05T03:02:30.350396+00:00,2026-07-05T03:02:30.350341,1,1,135.05,0.5,134.8,250,,,,,,,,,,,,,,,,,,,135.3,204,,,,,,,,,,,,,,,,,,
2026-07-05T03:02:31.590852+00:00,2026-07-05T03:02:31.590793,1,1,135.05,0.5,134.8,100,,,,,,,,,,,,,,,,,,,135.3,100,,,,,,,,,,,,,,,,,,
2026-07-05T03:02:31.645823+00:00,2026-07-05T03:02:31.645723,1,1,135.05,0.5,134.8,250,,,,,,,,,,,,,,,,,,,135.3,100,,,,,,,,,,,,,,,,,,
2026-07-05T03:02:31.758744+00:00,2026-07-05T03:02:31.758688,1,1,135.05,0.5,134.8,250,,,,,,,,,,,,,,,,,,,135.3,250,,,,,,,,,,,,,,,,,,
2026-07-05T03:02:32.411548+00:00,2026-07-05T03:02:32.411496,1,1,135.05,0.5,134.8,250,,,,,,,,,,,,,,,,,,,135.3,207,,,,,,,,,,,,,,,,,,
2026-07-05T03:02:32.976663+00:00,2026-07-05T03:02:32.976584,1,1,135.05,0.5,134.8,209,,,,,,,,,,,,,,,,,,,135.3,207,,,,,,,,,,,,,,,,,,
2026-07-05T03:02:33.405420+00:00,2026-07-05T03:02:33.405583,1,1,135.05,0.5,134.8,150,,,,,,,,,,,,,,,,,,,135.3,150,,,,,,,,,,,,,,,,,,
2026-07-05T03:02:33.457063+00:00,2026-07-05T03:02:33.457236,2,1,135.2,0.2,135.1,100,134.8,150,,,,,,,,,,,,,,,,,135.3,150,,,,,,,,,,,,,,,,,,
2026-07-05T03:02:33.529611+00:00,2026-07-05T03:02:33.529476,2,2,135.2,0.2,135.1,100,134.8,150,,,,,,,,,,,,,,,,,135.3,150,135.6,100,,,,,,,,,,,,,,,,
2026-07-05T03:02:34.412874+00:00,2026-07-05T03:02:34.412763,2,2,135.2,0.2,135.1,100,134.8,150,,,,,,,,,,,,,,,,,135.3,106,135.6,100,,,,,,,,,,,,,,,,
2026-07-05T03:02:34.784500+00:00,2026-07-05T03:02:34.784370,1,1,135.35,0.5,135.1,100,,,,,,,,,,,,,,,,,,,135.6,100,,,,,,,,,,,,,,,,,,
2026-07-05T03:02:34.857907+00:00,2026-07-05T03:02:34.852020,2,1,135.5,0.2,135.4,138,135.1,100,,,,,,,,,,,,,,,,,135.6,100,,,,,,,,,,,,,,,,,,
2026-07-05T03:02:34.908190+00:00,2026-07-05T03:02:34.908107,2,2,135.5,0.2,135.4,138,135.1,100,,,,,,,,,,,,,,,,,135.6,100,135.9,150,,,,,,,,,,,,,,,,
2026-07-05T03:02:35.234512+00:00,2026-07-05T03:02:35.227338,2,2,135.5,0.2,135.4,127,135.1,100,,,,,,,,,,,,,,,,,135.6,100,135.9,150,,,,,,,,,,,,,,,,
2026-07-05T03:02:35.827034+00:00,2026-07-05T03:02:35.826961,2,2,135.5,0.2,135.4,77,135.1,100,,,,,,,,,,,,,,,,,135.6,100,135.9,150,,,,,,,,,,,,,,,,
2026-07-05T03:02:36.622086+00:00,2026-07-05T03:02:36.622003,1,1,135.65,0.5,135.4,77,,,,,,,,,,,,,,,,,,,135.9,150,,,,,,,,,,,,,,,,,,
2026-07-05T03:02:36.680139+00:00,2026-07-05T03:02:36.680305,2,1,135.65,0.5,135.4,77,135.1,100,,,,,,,,,,,,,,,,,135.9,150,,,,,,,,,,,,,,,,,,
2026-07-05T03:02:36.733415+00:00,2026-07-05T03:02:36.733322,2,2,135.5,0.2,135.4,77,135.1,100,,,,,,,,,,,,,,,,,135.6,100,135.9,150,,,,,,,,,,,,,,,,
2026-07-05T03:02:37.883238+00:00,2026-07-05T03:02:37.883174,2,2,135.5,0.2,135.4,77,135.1,100,,,,,,,,,,,,,,,,,135.6,50,135.9,150,,,,,,,,,,,,,,,,
2026-07-05T03:02:37.953876+00:00,2026-07-05T03:02:37.956480,1,1,135.35,0.5,135.1,100,,,,,,,,,,,,,,,,,,,135.6,50,,,,,,,,,,,,,,,,,,
2026-07-05T03:02:38.016652+00:00,2026-07-05T03:02:38.016534,2,1,135.4,0.4,135.2,150,135.1,100,,,,,,,,,,,,,,,,,135.6,50,,,,,,,,,,,,,,,,,,
2026-07-05T03:02:38.072552+00:00,2026-07-05T03:02:38.072510,2,2,135.4,0.4,135.2,150,135.1,100,,,,,,,,,,,,,,,,,135.6,50,135.7,150,,,,,,,,,,,,,,,,
2026-07-05T03:02:39.791629+00:00,2026-07-05T03:02:39.791766,1,1,135.45,0.5,135.2,150,,,,,,,,,,,,,,,,,,,135.7,150,,,,,,,,,,,,,,,,,,
2026-07-05T03:02:39.865746+00:00,2026-07-05T03:02:39.865672,2,1,135.5,0.4,135.3,100,135.2,150,,,,,,,,,,,,,,,,,135.7,150,,,,,,,,,,,,,,,,,,
2026-07-05T03:02:39.922957+00:00,2026-07-05T03:02:39.922838,2,2,135.5,0.4,135.3,100,135.2,150,,,,,,,,,,,,,,,,,135.7,150,135.8,100,,,,,,,,,,,,,,,,
2026-07-05T03:02:39.992766+00:00,2026-07-05T03:02:39.992689,2,2,135.5,0.4,135.3,100,135.2,150,,,,,,,,,,,,,,,,,135.7,100,135.8,100,,,,,,,,,,,,,,,,
2026-07-05T03:02:41.126369+00:00,2026-07-05T03:02:41.126243,1,1,135.55,0.5,135.3,100,,,,,,,,,,,,,,,,,,,135.8,100,,,,,,,,,,,,,,,,,,
2026-07-05T03:02:41.180962+00:00,2026-07-05T03:02:41.181116,2,1,135.6,0.4,135.4,150,135.3,100,,,,,,,,,,,,,,,,,135.8,100,,,,,,,,,,,,,,,,,,
2026-07-05T03:02:41.233211+00:00,2026-07-05T03:02:41.233373,2,2,135.6,0.4,135.4,150,135.3,100,,,,,,,,,,,,,,,,,135.8,100,135.9,150,,,,,,,,,,,,,,,,
2026-07-05T03:02:42.099005+00:00,2026-07-05T03:02:42.098951,2,2,135.6,0.4,135.4,150,135.3,100,,,,,,,,,,,,,,,,,135.8,50,135.9,150,,,,,,,,,,,,,,,,
2026-07-05T03:02:42.978503+00:00,2026-07-05T03:02:42.978673,1,1,135.65,0.5,135.4,150,,,,,,,,,,,,,,,,,,,135.9,150,,,,,,,,,,,,,,,,,,
2026-07-05T03:02:43.035215+00:00,2026-07-05T03:02:43.035101,2,1,135.85,0.1,135.8,100,135.4,150,,,,,,,,,,,,,,,,,135.9,150,,,,,,,,,,,,,,,,,,
2026-07-05T03:02:43.096267+00:00,2026-07-05T03:02:43.088582,2,2,135.85,0.1,135.8,88,135.4,150,,,,,,,,,,,,,,,,,135.9,150,136.3,100,,,,,,,,,,,,,,,,
2026-07-05T03:02:44.209196+00:00,2026-07-05T03:02:44.209109,2,2,135.85,0.1,135.8,88,135.4,150,,,,,,,,,,,,,,,,,135.9,100,136.3,100,,,,,,,,,,,,,,,,
2026-07-05T03:02:44.293060+00:00,2026-07-05T03:02:44.292962,1,1,136.05,0.5,135.8,88,,,,,,,,,,,,,,,,,,,136.3,100,,,,,,,,,,,,,,,,,,
2026-07-05T03:02:44.343282+00:00,2026-07-05T03:02:44.343192,2,1,136.05,0.5,135.8,88,135.7,150,,,,,,,,,,,,,,,,,136.3,100,,,,,,,,,,,,,,,,,,
2026-07-05T03:02:44.402399+00:00,2026-07-05T03:02:44.396577,2,2,136.0,0.4,135.8,77,135.7,150,,,,,,,,,,,,,,,,,136.2,150,136.3,100,,,,,,,,,,,,,,,,
2026-07-05T03:02:44.724717+00:00,2026-07-05T03:02:44.724683,2,2,136.0,0.4,135.8,32,135.7,150,,,,,,,,,,,,,,,,,136.2,150,136.3,100,,,,,,,,,,,,,,,,
2026-07-05T03:02:44.969609+00:00,2026-07-05T03:02:44.963224,2,2,136.0,0.4,135.8,29,135.7,150,,,,,,,,,,,,,,,,,136.2,150,136.3,100,,,,,,,,,,,,,,,,
2026-07-05T03:02:46.138323+00:00,2026-07-05T03:02:46.138421,2,1,136.0,0.4,135.8,29,135.7,150,,,,,,,,,,,,,,,,,136.2,150,,,,,,,,,,,,,,,,,,
2026-07-05T03:02:46.143494+00:00,2026-07-05T03:02:46.143570,1,1,135.95,0.5,135.7,150,,,,,,,,,,,,,,,,,,,136.2,150,,,,,,,,,,,,,,,,,,
2026-07-05T03:02:46.197749+00:00,2026-07-05T03:02:46.197557,2,1,135.95,0.5,135.7,150,135.2,100,,,,,,,,,,,,,,,,,136.2,150,,,,,,,,,,,,,,,,,,
2026-07-05T03:02:46.280549+00:00,2026-07-05T03:02:46.280425,2,1,135.95,0.5,135.7,50,135.2,100,,,,,,,,,,,,,,,,,136.2,150,,,,,,,,,,,,,,,,,,
2026-07-05T03:02:46.314685+00:00,2026-07-05T03:02:46.314616,2,1,135.95,0.5,135.7,50,135.2,100,,,,,,,,,,,,,,,,,136.2,100,,,,,,,,,,,,,,,,,,
2026-07-05T03:02:47.458760+00:00,2026-07-05T03:02:47.458676,1,0,,,135.2,100,,,,,,,,,,,,,,,,,,,,,,,,,,,,,,,,,,,,,,
2026-07-05T03:02:47.511011+00:00,2026-07-05T03:02:47.510908,2,0,,,135.4,150,135.2,100,,,,,,,,,,,,,,,,,,,,,,,,,,,,,,,,,,,,
2026-07-05T03:02:47.564220+00:00,2026-07-05T03:02:47.564147,2,1,135.65,0.5,135.4,150,135.2,100,,,,,,,,,,,,,,,,,135.9,150,,,,,,,,,,,,,,,,,,
2026-07-05T03:02:47.985013+00:00,2026-07-05T03:02:47.984883,2,1,135.65,0.5,135.4,150,135.2,100,,,,,,,,,,,,,,,,,135.9,149,,,,,,,,,,,,,,,,,,
2026-07-05T03:02:48.481000+00:00,2026-07-05T03:02:48.480865,2,1,135.65,0.5,135.4,100,135.2,100,,,,,,,,,,,,,,,,,135.9,149,,,,,,,,,,,,,,,,,,
2026-07-05T03:02:49.336907+00:00,2026-07-05T03:02:49.336839,1,1,135.65,0.5,135.4,100,,,,,,,,,,,,,,,,,,,135.9,149,,,,,,,,,,,,,,,,,,
2026-07-05T03:02:49.392693+00:00,2026-07-05T03:02:49.392577,2,1,135.8,0.2,135.7,100,135.4,100,,,,,,,,,,,,,,,,,135.9,149,,,,,,,,,,,,,,,,,,
2026-07-05T03:02:49.458671+00:00,2026-07-05T03:02:49.445807,2,2,135.8,0.2,135.7,100,135.4,100,,,,,,,,,,,,,,,,,135.9,149,136.2,100,,,,,,,,,,,,,,,,
2026-07-05T03:02:50.588013+00:00,2026-07-05T03:02:50.587936,2,2,135.8,0.2,135.7,50,135.4,100,,,,,,,,,,,,,,,,,135.9,149,136.2,100,,,,,,,,,,,,,,,,
2026-07-05T03:02:50.621058+00:00,2026-07-05T03:02:50.620991,1,1,135.95,0.5,135.7,50,,,,,,,,,,,,,,,,,,,136.2,100,,,,,,,,,,,,,,,,,,
2026-07-05T03:02:50.636513+00:00,2026-07-05T03:02:50.636627,1,1,135.95,0.5,135.7,4,,,,,,,,,,,,,,,,,,,136.2,100,,,,,,,,,,,,,,,,,,
2026-07-05T03:02:50.676229+00:00,2026-07-05T03:02:50.676311,2,1,135.95,0.5,135.7,4,135.2,150,,,,,,,,,,,,,,,,,136.2,100,,,,,,,,,,,,,,,,,,
2026-07-05T03:02:50.729933+00:00,2026-07-05T03:02:50.729800,1,2,135.45,0.5,135.2,150,,,,,,,,,,,,,,,,,,,135.7,146,136.2,100,,,,,,,,,,,,,,,,
2026-07-05T03:02:52.269772+00:00,2026-07-05T03:02:52.263446,1,2,135.45,0.5,135.2,150,,,,,,,,,,,,,,,,,,,135.7,143,136.2,100,,,,,,,,,,,,,,,,
2026-07-05T03:02:52.504711+00:00,2026-07-05T03:02:52.504665,1,1,135.45,0.5,135.2,150,,,,,,,,,,,,,,,,,,,135.7,143,,,,,,,,,,,,,,,,,,
2026-07-05T03:02:52.558630+00:00,2026-07-05T03:02:52.553315,2,1,135.55,0.3,135.4,100,135.2,150,,,,,,,,,,,,,,,,,135.7,143,,,,,,,,,,,,,,,,,,
2026-07-05T03:02:52.571671+00:00,2026-07-05T03:02:52.571639,2,1,135.55,0.3,135.4,100,135.2,150,,,,,,,,,,,,,,,,,135.7,94,,,,,,,,,,,,,,,,,,
2026-07-05T03:02:52.615026+00:00,2026-07-05T03:02:52.615118,2,2,135.55,0.3,135.4,100,135.2,150,,,,,,,,,,,,,,,,,135.7,94,135.9,100,,,,,,,,,,,,,,,,
2026-07-05T03:02:53.786149+00:00,2026-07-05T03:02:53.786039,1,1,135.65,0.5,135.4,100,,,,,,,,,,,,,,,,,,,135.9,100,,,,,,,,,,,,,,,,,,
2026-07-05T03:02:53.840124+00:00,2026-07-05T03:02:53.840071,2,1,135.7,0.4,135.5,150,135.4,100,,,,,,,,,,,,,,,,,135.9,100,,,,,,,,,,,,,,,,,,
2026-07-05T03:02:53.888017+00:00,2026-07-05T03:02:53.887906,2,2,135.7,0.4,135.5,150,135.4,100,,,,,,,,,,,,,,,,,135.9,100,136.0,150,,,,,,,,,,,,,,,,
2026-07-05T03:02:55.233833+00:00,2026-07-05T03:02:55.233734,2,2,135.7,0.4,135.5,110,135.4,100,,,,,,,,,,,,,,,,,135.9,100,136.0,150,,,,,,,,,,,,,,,,
2026-07-05T03:02:55.670739+00:00,2026-07-05T03:02:55.670658,1,1,135.75,0.5,135.5,110,,,,,,,,,,,,,,,,,,,136.0,150,,,,,,,,,,,,,,,,,,
2026-07-05T03:02:55.727526+00:00,2026-07-05T03:02:55.727482,2,1,135.75,0.5,135.5,110,135.4,100,,,,,,,,,,,,,,,,,136.0,150,,,,,,,,,,,,,,,,,,
2026-07-05T03:02:55.780290+00:00,2026-07-05T03:02:55.780367,2,2,135.7,0.4,135.5,110,135.4,100,,,,,,,,,,,,,,,,,135.9,100,136.0,150,,,,,,,,,,,,,,,,
2026-07-05T03:02:55.793802+00:00,2026-07-05T03:02:55.793672,2,2,135.7,0.4,135.5,110,135.4,100,,,,,,,,,,,,,,,,,135.9,55,136.0,150,,,,,,,,,,,,,,,,
2026-07-05T03:02:55.849425+00:00,2026-07-05T03:02:55.849309,2,2,135.7,0.4,135.5,66,135.4,100,,,,,,,,,,,,,,,,,135.9,55,136.0,150,,,,,,,,,,,,,,,,
2026-07-05T03:02:56.884136+00:00,2026-07-05T03:02:56.884045,2,2,135.7,0.4,135.5,66,135.4,100,,,,,,,,,,,,,,,,,135.9,7,136.0,150,,,,,,,,,,,,,,,,
2026-07-05T03:02:56.923843+00:00,2026-07-05T03:02:56.923729,2,2,135.7,0.4,135.5,16,135.4,100,,,,,,,,,,,,,,,,,135.9,7,136.0,150,,,,,,,,,,,,,,,,
2026-07-05T03:02:56.947307+00:00,2026-07-05T03:02:56.947256,1,1,135.65,0.5,135.4,100,,,,,,,,,,,,,,,,,,,135.9,7,,,,,,,,,,,,,,,,,,
2026-07-05T03:02:57.003141+00:00,2026-07-05T03:02:57.003109,2,1,135.65,0.5,135.4,100,135.0,150,,,,,,,,,,,,,,,,,135.9,7,,,,,,,,,,,,,,,,,,
2026-07-05T03:02:57.072874+00:00,2026-07-05T03:02:57.064966,2,2,135.45,0.1,135.4,100,135.0,150,,,,,,,,,,,,,,,,,135.5,127,135.9,7,,,,,,,,,,,,,,,,
2026-07-05T03:02:57.913859+00:00,2026-07-05T03:02:57.914015,2,2,135.45,0.1,135.4,52,135.0,150,,,,,,,,,,,,,,,,,135.5,127,135.9,7,,,,,,,,,,,,,,,,
2026-07-05T03:02:58.834456+00:00,2026-07-05T03:02:58.834334,1,1,135.25,0.5,135.0,150,,,,,,,,,,,,,,,,,,,135.5,127,,,,,,,,,,,,,,,,,,
2026-07-05T03:02:58.890298+00:00,2026-07-05T03:02:58.890406,1,1,135.25,0.5,135.0,150,,,,,,,,,,,,,,,,,,,135.5,27,,,,,,,,,,,,,,,,,,
2026-07-05T03:02:58.948959+00:00,2026-07-05T03:02:58.948849,1,2,135.25,0.5,135.0,150,,,,,,,,,,,,,,,,,,,135.5,27,136.1,100,,,,,,,,,,,,,,,,
2026-07-05T03:03:00.105817+00:00,2026-07-05T03:03:00.105889,1,1,135.55,1.1,135.0,150,,,,,,,,,,,,,,,,,,,136.1,100,,,,,,,,,,,,,,,,,,
2026-07-05T03:03:00.110960+00:00,2026-07-05T03:03:00.111035,0,1,,,,,,,,,,,,,,,,,,,,,,,136.1,100,,,,,,,,,,,,,,,,,,
2026-07-05T03:03:00.163785+00:00,2026-07-05T03:03:00.163737,1,1,135.8,0.6,135.5,150,,,,,,,,,,,,,,,,,,,136.1,100,,,,,,,,,,,,,,,,,,
2026-07-05T03:03:00.225328+00:00,2026-07-05T03:03:00.225269,1,2,135.75,0.5,135.5,150,,,,,,,,,,,,,,,,,,,136.0,150,136.1,100,,,,,,,,,,,,,,,,
2026-07-05T03:03:01.109752+00:00,2026-07-05T03:03:01.109629,1,2,135.75,0.5,135.5,150,,,,,,,,,,,,,,,,,,,136.0,100,136.1,100,,,,,,,,,,,,,,,,
2026-07-05T03:03:01.314603+00:00,2026-07-05T03:03:01.314491,1,2,135.75,0.5,135.5,150,,,,,,,,,,,,,,,,,,,136.0,54,136.1,100,,,,,,,,,,,,,,,,
2026-07-05T03:03:01.372568+00:00,2026-07-05T03:03:01.372414,1,2,135.75,0.5,135.5,109,,,,,,,,,,,,,,,,,,,136.0,54,136.1,100,,,,,,,,,,,,,,,,
2026-07-05T03:03:01.968253+00:00,2026-07-05T03:03:01.968212,1,2,135.75,0.5,135.5,69,,,,,,,,,,,,,,,,,,,136.0,54,136.1,100,,,,,,,,,,,,,,,,
2026-07-05T03:03:02.024277+00:00,2026-07-05T03:03:02.024233,1,1,135.75,0.5,135.5,69,,,,,,,,,,,,,,,,,,,136.0,54,,,,,,,,,,,,,,,,,,
2026-07-05T03:03:02.081447+00:00,2026-07-05T03:03:02.081355,2,1,135.75,0.5,135.5,69,135.1,100,,,,,,,,,,,,,,,,,136.0,54,,,,,,,,,,,,,,,,,,
2026-07-05T03:03:02.134627+00:00,2026-07-05T03:03:02.134543,2,2,135.55,0.1,135.5,69,135.1,100,,,,,,,,,,,,,,,,,135.6,100,136.0,54,,,,,,,,,,,,,,,,
2026-07-05T03:03:02.628050+00:00,2026-07-05T03:03:02.621617,2,2,135.55,0.1,135.5,69,135.1,100,,,,,,,,,,,,,,,,,135.6,89,136.0,54,,,,,,,,,,,,,,,,
2026-07-05T03:03:03.236115+00:00,2026-07-05T03:03:03.236019,2,2,135.55,0.1,135.5,69,135.1,100,,,,,,,,,,,,,,,,,135.6,39,136.0,54,,,,,,,,,,,,,,,,
2026-07-05T03:03:03.280579+00:00,2026-07-05T03:03:03.280472,1,1,135.35,0.5,135.1,100,,,,,,,,,,,,,,,,,,,135.6,39,,,,,,,,,,,,,,,,,,
2026-07-05T03:03:03.337536+00:00,2026-07-05T03:03:03.337431,2,0,,,135.7,111,135.1,100,,,,,,,,,,,,,,,,,,,,,,,,,,,,,,,,,,,,
2026-07-05T03:03:03.392860+00:00,2026-07-05T03:03:03.392753,2,1,135.95,0.5,135.7,111,135.1,100,,,,,,,,,,,,,,,,,136.2,150,,,,,,,,,,,,,,,,,,
2026-07-05T03:03:05.043510+00:00,2026-07-05T03:03:05.043443,2,1,135.95,0.5,135.7,111,135.1,100,,,,,,,,,,,,,,,,,136.2,149,,,,,,,,,,,,,,,,,,
2026-07-05T03:03:05.189289+00:00,2026-07-05T03:03:05.189225,1,1,135.95,0.5,135.7,111,,,,,,,,,,,,,,,,,,,136.2,149,,,,,,,,,,,,,,,,,,
2026-07-05T03:03:05.242633+00:00,2026-07-05T03:03:05.242526,1,1,135.95,0.5,135.7,211,,,,,,,,,,,,,,,,,,,136.2,149,,,,,,,,,,,,,,,,,,
2026-07-05T03:03:05.295608+00:00,2026-07-05T03:03:05.295492,1,1,135.95,0.5,135.7,211,,,,,,,,,,,,,,,,,,,136.2,249,,,,,,,,,,,,,,,,,,
2026-07-05T03:03:05.338433+00:00,2026-07-05T03:03:05.338378,1,1,135.95,0.5,135.7,211,,,,,,,,,,,,,,,,,,,136.2,199,,,,,,,,,,,,,,,,,,
2026-07-05T03:03:06.458713+00:00,2026-07-05T03:03:06.458683,1,1,135.95,0.5,135.7,100,,,,,,,,,,,,,,,,,,,136.2,100,,,,,,,,,,,,,,,,,,
2026-07-05T03:03:06.505844+00:00,2026-07-05T03:03:06.505709,1,1,135.95,0.5,135.7,250,,,,,,,,,,,,,,,,,,,136.2,100,,,,,,,,,,,,,,,,,,
2026-07-05T03:03:06.558626+00:00,2026-07-05T03:03:06.553829,1,1,135.95,0.5,135.7,250,,,,,,,,,,,,,,,,,,,136.2,250,,,,,,,,,,,,,,,,,,
2026-07-05T03:03:06.782908+00:00,2026-07-05T03:03:06.782790,1,1,135.95,0.5,135.7,250,,,,,,,,,,,,,,,,,,,136.2,210,,,,,,,,,,,,,,,,,,
2026-07-05T03:03:07.474726+00:00,2026-07-05T03:03:07.474546,1,1,135.95,0.5,135.7,250,,,,,,,,,,,,,,,,,,,136.2,160,,,,,,,,,,,,,,,,,,
2026-07-05T03:03:08.349039+00:00,2026-07-05T03:03:08.348865,1,1,135.95,0.5,135.7,150,,,,,,,,,,,,,,,,,,,136.2,150,,,,,,,,,,,,,,,,,,
2026-07-05T03:03:08.435514+00:00,2026-07-05T03:03:08.429469,2,1,136.1,0.2,136.0,77,135.7,150,,,,,,,,,,,,,,,,,136.2,150,,,,,,,,,,,,,,,,,,
2026-07-05T03:03:08.457399+00:00,2026-07-05T03:03:08.457320,2,2,136.1,0.2,136.0,77,135.7,150,,,,,,,,,,,,,,,,,136.2,150,136.5,100,,,,,,,,,,,,,,,,
2026-07-05T03:03:08.723135+00:00,2026-07-05T03:03:08.723072,2,2,136.1,0.2,136.0,77,135.7,150,,,,,,,,,,,,,,,,,136.2,106,136.5,100,,,,,,,,,,,,,,,,
2026-07-05T03:03:09.613062+00:00,2026-07-05T03:03:09.613020,1,1,136.25,0.5,136.0,77,,,,,,,,,,,,,,,,,,,136.5,100,,,,,,,,,,,,,,,,,,
2026-07-05T03:03:09.631779+00:00,2026-07-05T03:03:09.631720,1,1,136.25,0.5,136.0,27,,,,,,,,,,,,,,,,,,,136.5,100,,,,,,,,,,,,,,,,,,
2026-07-05T03:03:09.668937+00:00,2026-07-05T03:03:09.668880,1,1,136.25,0.5,136.0,177,,,,,,,,,,,,,,,,,,,136.5,100,,,,,,,,,,,,,,,,,,
2026-07-05T03:03:09.722394+00:00,2026-07-05T03:03:09.722477,1,1,136.25,0.5,136.0,177,,,,,,,,,,,,,,,,,,,136.5,250,,,,,,,,,,,,,,,,,,
2026-07-05T03:03:09.948919+00:00,2026-07-05T03:03:09.948752,1,1,136.25,0.5,136.0,130,,,,,,,,,,,,,,,,,,,136.5,250,,,,,,,,,,,,,,,,,,
2026-07-05T03:03:11.513394+00:00,2026-07-05T03:03:11.513303,1,1,136.25,0.5,136.0,130,,,,,,,,,,,,,,,,,,,136.5,150,,,,,,,,,,,,,,,,,,
2026-07-05T03:03:11.567102+00:00,2026-07-05T03:03:11.567227,2,1,136.25,0.5,136.0,130,135.7,100,,,,,,,,,,,,,,,,,136.5,150,,,,,,,,,,,,,,,,,,
2026-07-05T03:03:11.664648+00:00,2026-07-05T03:03:11.663973,2,2,136.1,0.2,136.0,130,135.7,100,,,,,,,,,,,,,,,,,136.2,100,136.5,150,,,,,,,,,,,,,,,,
2026-07-05T03:03:11.769777+00:00,2026-07-05T03:03:11.769422,2,2,136.1,0.2,136.0,80,135.7,100,,,,,,,,,,,,,,,,,136.2,100,136.5,150,,,,,,,,,,,,,,,,
2026-07-05T03:03:12.751943+00:00,2026-07-05T03:03:12.751870,2,2,136.1,0.2,136.0,33,135.7,100,,,,,,,,,,,,,,,,,136.2,100,136.5,150,,,,,,,,,,,,,,,,
2026-07-05T03:03:12.776089+00:00,2026-07-05T03:03:12.776190,1,1,135.95,0.5,135.7,100,,,,,,,,,,,,,,,,,,,136.2,100,,,,,,,,,,,,,,,,,,
2026-07-05T03:03:12.830875+00:00,2026-07-05T03:03:12.830774,1,1,135.95,0.5,135.7,250,,,,,,,,,,,,,,,,,,,136.2,100,,,,,,,,,,,,,,,,,,
2026-07-05T03:03:12.883267+00:00,2026-07-05T03:03:12.883174,1,1,135.95,0.5,135.7,250,,,,,,,,,,,,,,,,,,,136.2,250,,,,,,,,,,,,,,,,,,
2026-07-05T03:03:13.826599+00:00,2026-07-05T03:03:13.826537,1,1,135.95,0.5,135.7,250,,,,,,,,,,,,,,,,,,,136.2,200,,,,,,,,,,,,,,,,,,
2026-07-05T03:03:14.332952+00:00,2026-07-05T03:03:14.333103,1,1,135.95,0.5,135.7,250,,,,,,,,,,,,,,,,,,,136.2,158,,,,,,,,,,,,,,,,,,
2026-07-05T03:03:14.675003+00:00,2026-07-05T03:03:14.674881,1,1,135.95,0.5,135.7,150,,,,,,,,,,,,,,,,,,,136.2,150,,,,,,,,,,,,,,,,,,
2026-07-05T03:03:14.737212+00:00,2026-07-05T03:03:14.737180,2,1,136.1,0.2,136.0,100,135.7,150,,,,,,,,,,,,,,,,,136.2,150,,,,,,,,,,,,,,,,,,
2026-07-05T03:03:14.790986+00:00,2026-07-05T03:03:14.790887,2,2,136.1,0.2,136.0,100,135.7,150,,,,,,,,,,,,,,,,,136.2,150,136.5,100,,,,,,,,,,,,,,,,
2026-07-05T03:03:15.948588+00:00,2026-07-05T03:03:15.948437,1,1,136.25,0.5,136.0,100,,,,,,,,,,,,,,,,,,,136.5,100,,,,,,,,,,,,,,,,,,
2026-07-05T03:03:16.000058+00:00,2026-07-05T03:03:15.999888,2,1,136.25,0.5,136.0,50,135.5,150,,,,,,,,,,,,,,,,,136.5,100,,,,,,,,,,,,,,,,,,
2026-07-05T03:03:16.058669+00:00,2026-07-05T03:03:16.052375,1,2,135.75,0.5,135.5,150,,,,,,,,,,,,,,,,,,,136.0,100,136.5,100,,,,,,,,,,,,,,,,
2026-07-05T03:03:16.589042+00:00,2026-07-05T03:03:16.588967,1,2,135.75,0.5,135.5,108,,,,,,,,,,,,,,,,,,,136.0,100,136.5,100,,,,,,,,,,,,,,,,
2026-07-05T03:03:17.843523+00:00,2026-07-05T03:03:17.843458,1,1,135.75,0.5,135.5,108,,,,,,,,,,,,,,,,,,,136.0,100,,,,,,,,,,,,,,,,,,
2026-07-05T03:03:17.896532+00:00,2026-07-05T03:03:17.896634,2,1,135.8,0.4,135.6,100,135.5,108,,,,,,,,,,,,,,,,,136.0,100,,,,,,,,,,,,,,,,,,
2026-07-05T03:03:17.952166+00:00,2026-07-05T03:03:17.952128,2,2,135.8,0.4,135.6,100,135.5,108,,,,,,,,,,,,,,,,,136.0,100,136.1,100,,,,,,,,,,,,,,,,
2026-07-05T03:03:18.251084+00:00,2026-07-05T03:03:18.251227,2,2,135.8,0.4,135.6,100,135.5,108,,,,,,,,,,,,,,,,,136.0,54,136.1,100,,,,,,,,,,,,,,,,
2026-07-05T03:03:18.847366+00:00,2026-07-05T03:03:18.847272,2,2,135.8,0.4,135.6,56,135.5,108,,,,,,,,,,,,,,,,,136.0,54,136.1,100,,,,,,,,,,,,,,,,
2026-07-05T03:03:19.108408+00:00,2026-07-05T03:03:19.108558,2,1,135.85,0.5,135.6,56,135.5,108,,,,,,,,,,,,,,,,,136.1,100,,,,,,,,,,,,,,,,,,
2026-07-05T03:03:19.113784+00:00,2026-07-05T03:03:19.113714,1,1,135.85,0.5,135.6,56,,,,,,,,,,,,,,,,,,,136.1,100,,,,,,,,,,,,,,,,,,
2026-07-05T03:03:19.166600+00:00,2026-07-05T03:03:19.166527,2,1,135.85,0.5,135.6,56,135.5,150,,,,,,,,,,,,,,,,,136.1,100,,,,,,,,,,,,,,,,,,
2026-07-05T03:03:19.219385+00:00,2026-07-05T03:03:19.219269,2,2,135.8,0.4,135.6,56,135.5,150,,,,,,,,,,,,,,,,,136.0,150,136.1,100,,,,,,,,,,,,,,,,
2026-07-05T03:03:19.905296+00:00,2026-07-05T03:03:19.905253,2,2,135.8,0.4,135.6,56,135.5,150,,,,,,,,,,,,,,,,,136.0,109,136.1,100,,,,,,,,,,,,,,,,
2026-07-05T03:03:20.212169+00:00,2026-07-05T03:03:20.212028,2,2,135.8,0.4,135.6,6,135.5,150,,,,,,,,,,,,,,,,,136.0,109,136.1,100,,,,,,,,,,,,,,,,
2026-07-05T03:03:20.502163+00:00,2026-07-05T03:03:20.502073,2,2,135.8,0.4,135.6,6,135.5,150,,,,,,,,,,,,,,,,,136.0,60,136.1,100,,,,,,,,,,,,,,,,
2026-07-05T03:03:21.003332+00:00,2026-07-05T03:03:21.003240,1,1,135.75,0.5,135.5,150,,,,,,,,,,,,,,,,,,,136.0,60,,,,,,,,,,,,,,,,,,
2026-07-05T03:03:21.058538+00:00,2026-07-05T03:03:21.058170,2,1,135.75,0.5,135.5,150,135.2,100,,,,,,,,,,,,,,,,,136.0,60,,,,,,,,,,,,,,,,,,
2026-07-05T03:03:21.113484+00:00,2026-07-05T03:03:21.113394,2,2,135.6,0.2,135.5,150,135.2,100,,,,,,,,,,,,,,,,,135.7,100,136.0,60,,,,,,,,,,,,,,,,
2026-07-05T03:03:22.268226+00:00,2026-07-05T03:03:22.268132,2,2,135.6,0.2,135.5,150,135.2,100,,,,,,,,,,,,,,,,,135.7,50,136.0,60,,,,,,,,,,,,,,,,
2026-07-05T03:03:22.273503+00:00,2026-07-05T03:03:22.273336,1,1,135.45,0.5,135.2,100,,,,,,,,,,,,,,,,,,,135.7,50,,,,,,,,,,,,,,,,,,
2026-07-05T03:03:22.330079+00:00,2026-07-05T03:03:22.330009,2,0,,,136.0,100,135.2,100,,,,,,,,,,,,,,,,,,,,,,,,,,,,,,,,,,,,
2026-07-05T03:03:22.392842+00:00,2026-07-05T03:03:22.386934,2,1,136.25,0.5,136.0,86,135.2,100,,,,,,,,,,,,,,,,,136.5,150,,,,,,,,,,,,,,,,,,
2026-07-05T03:03:24.158609+00:00,2026-07-05T03:03:24.157729,1,1,136.25,0.5,136.0,86,,,,,,,,,,,,,,,,,,,136.5,150,,,,,,,,,,,,,,,,,,
2026-07-05T03:03:24.220675+00:00,2026-07-05T03:03:24.220562,2,1,136.25,0.5,136.0,86,135.7,100,,,,,,,,,,,,,,,,,136.5,150,,,,,,,,,,,,,,,,,,
2026-07-05T03:03:24.275232+00:00,2026-07-05T03:03:24.274964,2,2,136.1,0.2,136.0,86,135.7,100,,,,,,,,,,,,,,,,,136.2,100,136.5,150,,,,,,,,,,,,,,,,
2026-07-05T03:03:24.613859+00:00,2026-07-05T03:03:24.613786,2,2,136.1,0.2,136.0,46,135.7,100,,,,,,,,,,,,,,,,,136.2,100,136.5,150,,,,,,,,,,,,,,,,
2026-07-05T03:03:25.441903+00:00,2026-07-05T03:03:25.441819,1,1,135.95,0.5,135.7,100,,,,,,,,,,,,,,,,,,,136.2,100,,,,,,,,,,,,,,,,,,
2026-07-05T03:03:25.496687+00:00,2026-07-05T03:03:25.496649,2,1,136.0,0.4,135.8,150,135.7,100,,,,,,,,,,,,,,,,,136.2,100,,,,,,,,,,,,,,,,,,
2026-07-05T03:03:25.550437+00:00,2026-07-05T03:03:25.550588,2,2,136.0,0.4,135.8,150,135.7,100,,,,,,,,,,,,,,,,,136.2,100,136.3,150,,,,,,,,,,,,,,,,
2026-07-05T03:03:26.516939+00:00,2026-07-05T03:03:26.517013,2,2,136.0,0.4,135.8,150,135.7,100,,,,,,,,,,,,,,,,,136.2,50,136.3,150,,,,,,,,,,,,,,,,
2026-07-05T03:03:27.332335+00:00,2026-07-05T03:03:27.332292,1,1,136.05,0.5,135.8,150,,,,,,,,,,,,,,,,,,,136.3,150,,,,,,,,,,,,,,,,,,
2026-07-05T03:03:27.394363+00:00,2026-07-05T03:03:27.394540,1,1,136.05,0.5,135.8,250,,,,,,,,,,,,,,,,,,,136.3,150,,,,,,,,,,,,,,,,,,
2026-07-05T03:03:27.458637+00:00,2026-07-05T03:03:27.446703,1,1,136.05,0.5,135.8,250,,,,,,,,,,,,,,,,,,,136.3,250,,,,,,,,,,,,,,,,,,
2026-07-05T03:03:28.382017+00:00,2026-07-05T03:03:28.381934,1,1,136.05,0.5,135.8,203,,,,,,,,,,,,,,,,,,,136.3,250,,,,,,,,,,,,,,,,,,
2026-07-05T03:03:28.607086+00:00,2026-07-05T03:03:28.607191,1,1,136.05,0.5,135.8,100,,,,,,,,,,,,,,,,,,,136.3,100,,,,,,,,,,,,,,,,,,
2026-07-05T03:03:28.627962+00:00,2026-07-05T03:03:28.627803,1,1,136.05,0.5,135.8,100,,,,,,,,,,,,,,,,,,,136.3,50,,,,,,,,,,,,,,,,,,
2026-07-05T03:03:28.673872+00:00,2026-07-05T03:03:28.674013,2,1,136.05,0.5,135.8,100,135.7,150,,,,,,,,,,,,,,,,,136.3,50,,,,,,,,,,,,,,,,,,
2026-07-05T03:03:28.728002+00:00,2026-07-05T03:03:28.727889,2,2,136.0,0.4,135.8,100,135.7,150,,,,,,,,,,,,,,,,,136.2,150,136.3,50,,,,,,,,,,,,,,,,
2026-07-05T03:03:30.515079+00:00,2026-07-05T03:03:30.514966,1,1,135.95,0.5,135.7,150,,,,,,,,,,,,,,,,,,,136.2,150,,,,,,,,,,,,,,,,,,
2026-07-05T03:03:30.566639+00:00,2026-07-05T03:03:30.566555,2,1,136.1,0.2,136.0,100,135.7,150,,,,,,,,,,,,,,,,,136.2,150,,,,,,,,,,,,,,,,,,
2026-07-05T03:03:30.620528+00:00,2026-07-05T03:03:30.620504,2,2,136.1,0.2,136.0,100,135.7,150,,,,,,,,,,,,,,,,,136.2,150,136.5,100,,,,,,,,,,,,,,,,
2026-07-05T03:03:30.984724+00:00,2026-07-05T03:03:30.984862,2,2,136.1,0.2,136.0,100,135.7,150,,,,,,,,,,,,,,,,,136.2,106,136.5,100,,,,,,,,,,,,,,,,
2026-07-05T03:03:31.782463+00:00,2026-07-05T03:03:31.782333,1,1,136.25,0.5,136.0,100,,,,,,,,,,,,,,,,,,,136.5,100,,,,,,,,,,,,,,,,,,
2026-07-05T03:03:31.837186+00:00,2026-07-05T03:03:31.837130,2,1,136.25,0.5,136.0,100,135.5,150,,,,,,,,,,,,,,,,,136.5,100,,,,,,,,,,,,,,,,,,
2026-07-05T03:03:31.891121+00:00,2026-07-05T03:03:31.891058,1,2,135.75,0.5,135.5,150,,,,,,,,,,,,,,,,,,,136.0,50,136.5,100,,,,,,,,,,,,,,,,
2026-07-05T03:03:32.100976+00:00,2026-07-05T03:03:32.100784,1,2,135.75,0.5,135.5,102,,,,,,,,,,,,,,,,,,,136.0,50,136.5,100,,,,,,,,,,,,,,,,
2026-07-05T03:03:32.845873+00:00,2026-07-05T03:03:32.845773,1,1,136.0,1.0,135.5,102,,,,,,,,,,,,,,,,,,,136.5,100,,,,,,,,,,,,,,,,,,
2026-07-05T03:03:33.087317+00:00,2026-07-05T03:03:33.087254,1,1,136.0,1.0,135.5,90,,,,,,,,,,,,,,,,,,,136.5,100,,,,,,,,,,,,,,,,,,
2026-07-05T03:03:33.675051+00:00,2026-07-05T03:03:33.674987,1,0,,,135.5,90,,,,,,,,,,,,,,,,,,,,,,,,,,,,,,,,,,,,,,
2026-07-05T03:03:33.728226+00:00,2026-07-05T03:03:33.728168,2,0,,,136.0,100,135.5,90,,,,,,,,,,,,,,,,,,,,,,,,,,,,,,,,,,,,
2026-07-05T03:03:33.789426+00:00,2026-07-05T03:03:33.789531,2,1,136.25,0.5,136.0,100,135.5,90,,,,,,,,,,,,,,,,,136.5,100,,,,,,,,,,,,,,,,,,
2026-07-05T03:03:34.131523+00:00,2026-07-05T03:03:34.131441,2,1,136.25,0.5,136.0,100,135.5,90,,,,,,,,,,,,,,,,,136.5,94,,,,,,,,,,,,,,,,,,
2026-07-05T03:03:34.668954+00:00,2026-07-05T03:03:34.668901,2,1,136.25,0.5,136.0,59,135.5,90,,,,,,,,,,,,,,,,,136.5,94,,,,,,,,,,,,,,,,,,
2026-07-05T03:03:34.944456+00:00,2026-07-05T03:03:34.944401,1,1,136.25,0.5,136.0,59,,,,,,,,,,,,,,,,,,,136.5,94,,,,,,,,,,,,,,,,,,
2026-07-05T03:03:34.976598+00:00,2026-07-05T03:03:34.976563,1,1,136.25,0.5,136.0,59,,,,,,,,,,,,,,,,,,,136.5,44,,,,,,,,,,,,,,,,,,
2026-07-05T03:03:34.997082+00:00,2026-07-05T03:03:34.997237,2,1,136.3,0.4,136.1,150,136.0,59,,,,,,,,,,,,,,,,,136.5,44,,,,,,,,,,,,,,,,,,
2026-07-05T03:03:35.051772+00:00,2026-07-05T03:03:35.051699,2,2,136.3,0.4,136.1,150,136.0,59,,,,,,,,,,,,,,,,,136.5,44,136.6,150,,,,,,,,,,,,,,,,
2026-07-05T03:03:36.846834+00:00,2026-07-05T03:03:36.846809,1,1,136.35,0.5,136.1,150,,,,,,,,,,,,,,,,,,,136.6,150,,,,,,,,,,,,,,,,,,
2026-07-05T03:03:36.901609+00:00,2026-07-05T03:03:36.901695,2,1,136.35,0.5,136.1,150,135.8,100,,,,,,,,,,,,,,,,,136.6,150,,,,,,,,,,,,,,,,,,
2026-07-05T03:03:36.958548+00:00,2026-07-05T03:03:36.954799,2,2,136.2,0.2,136.1,150,135.8,100,,,,,,,,,,,,,,,,,136.3,100,136.6,150,,,,,,,,,,,,,,,,
2026-07-05T03:03:37.090314+00:00,2026-07-05T03:03:37.090210,2,2,136.2,0.2,136.1,150,135.8,100,,,,,,,,,,,,,,,,,136.3,50,136.6,150,,,,,,,,,,,,,,,,
2026-07-05T03:03:37.258625+00:00,2026-07-05T03:03:37.255478,2,2,136.2,0.2,136.1,150,135.8,100,,,,,,,,,,,,,,,,,136.3,8,136.6,150,,,,,,,,,,,,,,,,
2026-07-05T03:03:38.108685+00:00,2026-07-05T03:03:38.108640,1,1,136.05,0.5,135.8,100,,,,,,,,,,,,,,,,,,,136.3,8,,,,,,,,,,,,,,,,,,
2026-07-05T03:03:38.165459+00:00,2026-07-05T03:03:38.165304,2,0,,,136.5,142,135.8,100,,,,,,,,,,,,,,,,,,,,,,,,,,,,,,,,,,,,
2026-07-05T03:03:38.221223+00:00,2026-07-05T03:03:38.221181,2,1,136.75,0.5,136.5,142,135.8,100,,,,,,,,,,,,,,,,,137.0,150,,,,,,,,,,,,,,,,,,
2026-07-05T03:03:39.149263+00:00,2026-07-05T03:03:39.149108,2,1,136.75,0.5,136.5,132,135.8,100,,,,,,,,,,,,,,,,,137.0,150,,,,,,,,,,,,,,,,,,
2026-07-05T03:03:39.241574+00:00,2026-07-05T03:03:39.241518,2,1,136.75,0.5,136.5,132,135.8,100,,,,,,,,,,,,,,,,,137.0,100,,,,,,,,,,,,,,,,,,
2026-07-05T03:03:39.278246+00:00,2026-07-05T03:03:39.278117,2,1,136.75,0.5,136.5,84,135.8,100,,,,,,,,,,,,,,,,,137.0,100,,,,,,,,,,,,,,,,,,
2026-07-05T03:03:40.005455+00:00,2026-07-05T03:03:40.005432,1,1,136.75,0.5,136.5,84,,,,,,,,,,,,,,,,,,,137.0,100,,,,,,,,,,,,,,,,,,
2026-07-05T03:03:40.059625+00:00,2026-07-05T03:03:40.059556,2,1,136.75,0.5,136.5,84,136.3,100,,,,,,,,,,,,,,,,,137.0,100,,,,,,,,,,,,,,,,,,
2026-07-05T03:03:40.114640+00:00,2026-07-05T03:03:40.114538,2,2,136.65,0.3,136.5,84,136.3,100,,,,,,,,,,,,,,,,,136.8,100,137.0,100,,,,,,,,,,,,,,,,
2026-07-05T03:03:40.859064+00:00,2026-07-05T03:03:40.858954,2,2,136.65,0.3,136.5,84,136.3,100,,,,,,,,,,,,,,,,,136.8,58,137.0,100,,,,,,,,,,,,,,,,
2026-07-05T03:03:41.155537+00:00,2026-07-05T03:03:41.155782,2,2,136.65,0.3,136.5,79,136.3,100,,,,,,,,,,,,,,,,,136.8,58,137.0,100,,,,,,,,,,,,,,,,
2026-07-05T03:03:41.273378+00:00,2026-07-05T03:03:41.273605,2,1,136.65,0.3,136.5,79,136.3,100,,,,,,,,,,,,,,,,,136.8,58,,,,,,,,,,,,,,,,,,
2026-07-05T03:03:41.278960+00:00,2026-07-05T03:03:41.278760,1,1,136.55,0.5,136.3,100,,,,,,,,,,,,,,,,,,,136.8,58,,,,,,,,,,,,,,,,,,
2026-07-05T03:03:41.329191+00:00,2026-07-05T03:03:41.329307,2,1,136.55,0.5,136.3,100,136.1,150,,,,,,,,,,,,,,,,,136.8,58,,,,,,,,,,,,,,,,,,
2026-07-05T03:03:41.350086+00:00,2026-07-05T03:03:41.349952,2,1,136.55,0.5,136.3,100,136.1,150,,,,,,,,,,,,,,,,,136.8,8,,,,,,,,,,,,,,,,,,
2026-07-05T03:03:41.384405+00:00,2026-07-05T03:03:41.384488,2,2,136.45,0.3,136.3,100,136.1,150,,,,,,,,,,,,,,,,,136.6,150,136.8,8,,,,,,,,,,,,,,,,
2026-07-05T03:03:42.214438+00:00,2026-07-05T03:03:42.214360,2,2,136.45,0.3,136.3,100,136.1,150,,,,,,,,,,,,,,,,,136.6,105,136.8,8,,,,,,,,,,,,,,,,
2026-07-05T03:03:43.175596+00:00,2026-07-05T03:03:43.175510,1,1,136.35,0.5,136.1,150,,,,,,,,,,,,,,,,,,,136.6,105,,,,,,,,,,,,,,,,,,
2026-07-05T03:03:43.231970+00:00,2026-07-05T03:03:43.231829,2,1,136.5,0.2,136.4,100,136.1,150,,,,,,,,,,,,,,,,,136.6,105,,,,,,,,,,,,,,,,,,
2026-07-05T03:03:43.284900+00:00,2026-07-05T03:03:43.284830,2,2,136.5,0.2,136.4,100,136.1,150,,,,,,,,,,,,,,,,,136.6,105,136.9,100,,,,,,,,,,,,,,,,
2026-07-05T03:03:43.458644+00:00,2026-07-05T03:03:43.453817,2,2,136.5,0.2,136.4,100,136.1,150,,,,,,,,,,,,,,,,,136.6,55,136.9,100,,,,,,,,,,,,,,,,
2026-07-05T03:03:44.178108+00:00,2026-07-05T03:03:44.178004,2,2,136.5,0.2,136.4,98,136.1,150,,,,,,,,,,,,,,,,,136.6,55,136.9,100,,,,,,,,,,,,,,,,
2026-07-05T03:03:44.438977+00:00,2026-07-05T03:03:44.438941,1,1,136.65,0.5,136.4,98,,,,,,,,,,,,,,,,,,,136.9,100,,,,,,,,,,,,,,,,,,
2026-07-05T03:03:44.491648+00:00,2026-07-05T03:03:44.491579,2,1,136.65,0.5,136.4,98,136.3,150,,,,,,,,,,,,,,,,,136.9,100,,,,,,,,,,,,,,,,,,
2026-07-05T03:03:44.548235+00:00,2026-07-05T03:03:44.548141,2,2,136.6,0.4,136.4,98,136.3,150,,,,,,,,,,,,,,,,,136.8,150,136.9,100,,,,,,,,,,,,,,,,
2026-07-05T03:03:45.191214+00:00,2026-07-05T03:03:45.191108,2,2,136.6,0.4,136.4,97,136.3,150,,,,,,,,,,,,,,,,,136.8,150,136.9,100,,,,,,,,,,,,,,,,
2026-07-05T03:03:45.570421+00:00,2026-07-05T03:03:45.570337,2,2,136.6,0.4,136.4,97,136.3,150,,,,,,,,,,,,,,,,,136.8,100,136.9,100,,,,,,,,,,,,,,,,
2026-07-05T03:03:46.340197+00:00,2026-07-05T03:03:46.340109,1,1,136.55,0.5,136.3,150,,,,,,,,,,,,,,,,,,,136.8,100,,,,,,,,,,,,,,,,,,
2026-07-05T03:03:46.395756+00:00,2026-07-05T03:03:46.395657,1,1,136.55,0.5,136.3,250,,,,,,,,,,,,,,,,,,,136.8,100,,,,,,,,,,,,,,,,,,
2026-07-05T03:03:46.458833+00:00,2026-07-05T03:03:46.458636,1,1,136.55,0.5,136.3,250,,,,,,,,,,,,,,,,,,,136.8,200,,,,,,,,,,,,,,,,,,
2026-07-05T03:03:46.710291+00:00,2026-07-05T03:03:46.710230,1,1,136.55,0.5,136.3,205,,,,,,,,,,,,,,,,,,,136.8,200,,,,,,,,,,,,,,,,,,
2026-07-05T03:03:47.602727+00:00,2026-07-05T03:03:47.602627,1,1,136.55,0.5,136.3,100,,,,,,,,,,,,,,,,,,,136.8,100,,,,,,,,,,,,,,,,,,
2026-07-05T03:03:47.657462+00:00,2026-07-05T03:03:47.657536,2,1,136.65,0.3,136.5,150,136.3,100,,,,,,,,,,,,,,,,,136.8,100,,,,,,,,,,,,,,,,,,
2026-07-05T03:03:47.693094+00:00,2026-07-05T03:03:47.692995,2,1,136.65,0.3,136.5,150,136.3,100,,,,,,,,,,,,,,,,,136.8,50,,,,,,,,,,,,,,,,,,
2026-07-05T03:03:47.712009+00:00,2026-07-05T03:03:47.711901,2,2,136.65,0.3,136.5,150,136.3,100,,,,,,,,,,,,,,,,,136.8,50,137.0,150,,,,,,,,,,,,,,,,
2026-07-05T03:03:47.770728+00:00,2026-07-05T03:03:47.770846,2,2,136.65,0.3,136.5,150,136.3,100,,,,,,,,,,,,,,,,,136.8,6,137.0,150,,,,,,,,,,,,,,,,
2026-07-05T03:03:49.503445+00:00,2026-07-05T03:03:49.503325,1,1,136.75,0.5,136.5,150,,,,,,,,,,,,,,,,,,,137.0,150,,,,,,,,,,,,,,,,,,
2026-07-05T03:03:49.569029+00:00,2026-07-05T03:03:49.562910,2,1,136.9,0.2,136.8,97,136.5,150,,,,,,,,,,,,,,,,,137.0,150,,,,,,,,,,,,,,,,,,
2026-07-05T03:03:49.612750+00:00,2026-07-05T03:03:49.612703,2,2,136.9,0.2,136.8,97,136.5,150,,,,,,,,,,,,,,,,,137.0,150,137.3,100,,,,,,,,,,,,,,,,
2026-07-05T03:03:50.005681+00:00,2026-07-05T03:03:49.993619,2,2,136.9,0.2,136.8,74,136.5,150,,,,,,,,,,,,,,,,,137.0,150,137.3,100,,,,,,,,,,,,,,,,
2026-07-05T03:03:50.207789+00:00,2026-07-05T03:03:50.207710,2,2,136.9,0.2,136.8,72,136.5,150,,,,,,,,,,,,,,,,,137.0,150,137.3,100,,,,,,,,,,,,,,,,
2026-07-05T03:03:50.766389+00:00,2026-07-05T03:03:50.766363,1,1,137.05,0.5,136.8,72,,,,,,,,,,,,,,,,,,,137.3,100,,,,,,,,,,,,,,,,,,
2026-07-05T03:03:50.821249+00:00,2026-07-05T03:03:50.821180,2,1,137.05,0.5,136.8,72,136.5,150,,,,,,,,,,,,,,,,,137.3,100,,,,,,,,,,,,,,,,,,
2026-07-05T03:03:50.874471+00:00,2026-07-05T03:03:50.874419,2,2,136.9,0.2,136.8,72,136.5,150,,,,,,,,,,,,,,,,,137.0,150,137.3,100,,,,,,,,,,,,,,,,
2026-07-05T03:03:51.222356+00:00,2026-07-05T03:03:51.222290,2,2,136.9,0.2,136.8,71,136.5,150,,,,,,,,,,,,,,,,,137.0,150,137.3,100,,,,,,,,,,,,,,,,
2026-07-05T03:03:51.309655+00:00,2026-07-05T03:03:51.303764,2,2,136.9,0.2,136.8,60,136.5,150,,,,,,,,,,,,,,,,,137.0,150,137.3,100,,,,,,,,,,,,,,,,
2026-07-05T03:03:51.901036+00:00,2026-07-05T03:03:51.900914,2,2,136.9,0.2,136.8,17,136.5,150,,,,,,,,,,,,,,,,,137.0,150,137.3,100,,,,,,,,,,,,,,,,
2026-07-05T03:03:51.946593+00:00,2026-07-05T03:03:51.946854,2,2,136.9,0.2,136.8,17,136.5,150,,,,,,,,,,,,,,,,,137.0,100,137.3,100,,,,,,,,,,,,,,,,
2026-07-05T03:03:52.295459+00:00,2026-07-05T03:03:52.295354,2,2,136.9,0.2,136.8,15,136.5,150,,,,,,,,,,,,,,,,,137.0,100,137.3,100,,,,,,,,,,,,,,,,
2026-07-05T03:03:52.670488+00:00,2026-07-05T03:03:52.670373,1,1,136.75,0.5,136.5,150,,,,,,,,,,,,,,,,,,,137.0,100,,,,,,,,,,,,,,,,,,
2026-07-05T03:03:52.725885+00:00,2026-07-05T03:03:52.725771,1,1,136.75,0.5,136.5,250,,,,,,,,,,,,,,,,,,,137.0,100,,,,,,,,,,,,,,,,,,
2026-07-05T03:03:52.780120+00:00,2026-07-05T03:03:52.780082,1,1,136.75,0.5,136.5,250,,,,,,,,,,,,,,,,,,,137.0,200,,,,,,,,,,,,,,,,,,
2026-07-05T03:03:53.310105+00:00,2026-07-05T03:03:53.310080,1,1,136.75,0.5,136.5,250,,,,,,,,,,,,,,,,,,,137.0,199,,,,,,,,,,,,,,,,,,
2026-07-05T03:03:53.686511+00:00,2026-07-05T03:03:53.686465,1,1,136.75,0.5,136.5,204,,,,,,,,,,,,,,,,,,,137.0,199,,,,,,,,,,,,,,,,,,
2026-07-05T03:03:53.928707+00:00,2026-07-05T03:03:53.928604,1,1,136.75,0.5,136.5,100,,,,,,,,,,,,,,,,,,,137.0,100,,,,,,,,,,,,,,,,,,
2026-07-05T03:03:53.983304+00:00,2026-07-05T03:03:53.983197,1,1,136.75,0.5,136.5,250,,,,,,,,,,,,,,,,,,,137.0,100,,,,,,,,,,,,,,,,,,
2026-07-05T03:03:54.036682+00:00,2026-07-05T03:03:54.036563,1,1,136.75,0.5,136.5,250,,,,,,,,,,,,,,,,,,,137.0,250,,,,,,,,,,,,,,,,,,
2026-07-05T03:03:54.120027+00:00,2026-07-05T03:03:54.119889,1,1,136.75,0.5,136.5,200,,,,,,,,,,,,,,,,,,,137.0,250,,,,,,,,,,,,,,,,,,
2026-07-05T03:03:54.317053+00:00,2026-07-05T03:03:54.317170,1,1,136.75,0.5,136.5,200,,,,,,,,,,,,,,,,,,,137.0,249,,,,,,,,,,,,,,,,,,
2026-07-05T03:03:55.838892+00:00,2026-07-05T03:03:55.838831,1,1,136.75,0.5,136.5,150,,,,,,,,,,,,,,,,,,,137.0,150,,,,,,,,,,,,,,,,,,
2026-07-05T03:03:55.894011+00:00,2026-07-05T03:03:55.893804,1,1,136.75,0.5,136.5,250,,,,,,,,,,,,,,,,,,,137.0,150,,,,,,,,,,,,,,,,,,
2026-07-05T03:03:55.942471+00:00,2026-07-05T03:03:55.942431,1,1,136.75,0.5,136.5,250,,,,,,,,,,,,,,,,,,,137.0,250,,,,,,,,,,,,,,,,,,
2026-07-05T03:03:56.231446+00:00,2026-07-05T03:03:56.231383,1,1,136.75,0.5,136.5,200,,,,,,,,,,,,,,,,,,,137.0,250,,,,,,,,,,,,,,,,,,
2026-07-05T03:03:57.092069+00:00,2026-07-05T03:03:57.091999,1,1,136.75,0.5,136.5,100,,,,,,,,,,,,,,,,,,,137.0,100,,,,,,,,,,,,,,,,,,
2026-07-05T03:03:57.146076+00:00,2026-07-05T03:03:57.146052,2,1,136.75,0.5,136.5,100,136.1,150,,,,,,,,,,,,,,,,,137.0,100,,,,,,,,,,,,,,,,,,
2026-07-05T03:03:57.197912+00:00,2026-07-05T03:03:57.197842,2,2,136.55,0.1,136.5,100,136.1,150,,,,,,,,,,,,,,,,,136.6,150,137.0,100,,,,,,,,,,,,,,,,
2026-07-05T03:03:57.763803+00:00,2026-07-05T03:03:57.763693,2,2,136.55,0.1,136.5,75,136.1,150,,,,,,,,,,,,,,,,,136.6,150,137.0,100,,,,,,,,,,,,,,,,
2026-07-05T03:03:58.210398+00:00,2026-07-05T03:03:58.210271,2,2,136.55,0.1,136.5,34,136.1,150,,,,,,,,,,,,,,,,,136.6,150,137.0,100,,,,,,,,,,,,,,,,
2026-07-05T03:03:58.340056+00:00,2026-07-05T03:03:58.340212,1,2,136.35,0.5,136.1,134,,,,,,,,,,,,,,,,,,,136.6,150,137.0,100,,,,,,,,,,,,,,,,
2026-07-05T03:03:59.000916+00:00,2026-07-05T03:03:59.000828,1,1,136.35,0.5,136.1,134,,,,,,,,,,,,,,,,,,,136.6,150,,,,,,,,,,,,,,,,,,
2026-07-05T03:03:59.054252+00:00,2026-07-05T03:03:59.054223,2,1,136.35,0.5,136.1,134,135.7,100,,,,,,,,,,,,,,,,,136.6,150,,,,,,,,,,,,,,,,,,
2026-07-05T03:03:59.114598+00:00,2026-07-05T03:03:59.108846,2,2,136.15,0.1,136.1,134,135.7,100,,,,,,,,,,,,,,,,,136.2,77,136.6,150,,,,,,,,,,,,,,,,
2026-07-05T03:03:59.168907+00:00,2026-07-05T03:03:59.163260,2,2,136.15,0.1,136.1,134,135.7,100,,,,,,,,,,,,,,,,,136.2,63,136.6,150,,,,,,,,,,,,,,,,
2026-07-05T03:03:59.289167+00:00,2026-07-05T03:03:59.289104,2,2,136.15,0.1,136.1,134,135.7,100,,,,,,,,,,,,,,,,,136.2,16,136.6,150,,,,,,,,,,,,,,,,
2026-07-05T03:04:00.252369+00:00,2026-07-05T03:04:00.252252,1,1,135.95,0.5,135.7,100,,,,,,,,,,,,,,,,,,,136.2,16,,,,,,,,,,,,,,,,,,
2026-07-05T03:04:00.309821+00:00,2026-07-05T03:04:00.309904,2,0,,,136.3,134,135.7,100,,,,,,,,,,,,,,,,,,,,,,,,,,,,,,,,,,,,
2026-07-05T03:04:00.356092+00:00,2026-07-05T03:04:00.356304,2,1,136.55,0.5,136.3,134,135.7,100,,,,,,,,,,,,,,,,,136.8,150,,,,,,,,,,,,,,,,,,
2026-07-05T03:04:00.447367+00:00,2026-07-05T03:04:00.447567,2,1,136.55,0.5,136.3,84,135.7,100,,,,,,,,,,,,,,,,,136.8,150,,,,,,,,,,,,,,,,,,
