recv_time,book_timestamp,n_bids,n_asks,mid,spread,bid_px_0,bid_vol_0,bid_px_1,bid_vol_1,bid_px_2,bid_vol_2,bid_px_3,bid_vol_3,bid_px_4,bid_vol_4,bid_px_5,bid_vol_5,bid_px_6,bid_vol_6,bid_px_7,bid_vol_7,bid_px_8,bid_vol_8,bid_px_9,bid_vol_9,ask_px_0,ask_vol_0,ask_px_1,ask_vol_1,ask_px_2,ask_vol_2,ask_px_3,ask_vol_3,ask_px_4,ask_vol_4,ask_px_5,ask_vol_5,ask_px_6,ask_vol_6,ask_px_7,ask_vol_7,ask_px_8,ask_vol_8,ask_px_9,ask_vol_9
2026-07-09T10:00:01.099066+00:00,2026-07-09T10:00:01.098968,1,1,125.35,0.5,125.1,150,,,,,,,,,,,,,,,,,,,125.6,139,,,,,,,,,,,,,,,,,,
2026-07-09T10:00:01.156714+00:00,2026-07-09T10:00:01.156609,2,1,125.4,0.4,125.2,100,125.1,150,,,,,,,,,,,,,,,,,125.6,139,,,,,,,,,,,,,,,,,,
2026-07-09T10:00:01.228735+00:00,2026-07-09T10:00:01.228675,2,2,125.4,0.4,125.2,100,125.1,150,,,,,,,,,,,,,,,,,125.6,139,125.7,100,,,,,,,,,,,,,,,,
2026-07-09T10:00:01.550770+00:00,2026-07-09T10:00:01.550972,2,2,125.4,0.4,125.2,100,125.1,150,,,,,,,,,,,,,,,,,125.6,89,125.7,100,,,,,,,,,,,,,,,,
2026-07-09T10:00:01.581290+00:00,2026-07-09T10:00:01.581211,1,1,125.45,0.5,125.2,100,,,,,,,,,,,,,,,,,,,125.7,100,,,,,,,,,,,,,,,,,,
2026-07-09T10:00:01.634714+00:00,2026-07-09T10:00:01.634660,2,1,125.5,0.4,125.3,150,125.2,100,,,,,,,,,,,,,,,,,125.7,100,,,,,,,,,,,,,,,,,,
2026-07-09T10:00:01.686550+00:00,2026-07-09T10:00:01.686445,2,2,125.5,0.4,125.3,150,125.2,100,,,,,,,,,,,,,,,,,125.7,100,125.8,150,,,,,,,,,,,,,,,,
2026-07-09T10:00:03.450216+00:00,2026-07-09T10:00:03.443790,2,2,125.5,0.4,125.3,150,125.2,100,,,,,,,,,,,,,,,,,125.7,88,125.8,150,,,,,,,,,,,,,,,,
2026-07-09T10:00:03.658572+00:00,2026-07-09T10:00:03.653246,2,2,125.5,0.4,125.3,150,125.2,100,,,,,,,,,,,,,,,,,125.7,38,125.8,150,,,,,,,,,,,,,,,,
2026-07-09T10:00:04.279769+00:00,2026-07-09T10:00:04.279898,2,1,125.55,0.5,125.3,150,125.2,100,,,,,,,,,,,,,,,,,125.8,150,,,,,,,,,,,,,,,,,,
2026-07-09T10:00:04.284970+00:00,2026-07-09T10:00:04.285048,1,1,125.55,0.5,125.3,150,,,,,,,,,,,,,,,,,,,125.8,150,,,,,,,,,,,,,,,,,,
2026-07-09T10:00:04.338554+00:00,2026-07-09T10:00:04.338441,2,1,125.7,0.2,125.6,100,125.3,150,,,,,,,,,,,,,,,,,125.8,150,,,,,,,,,,,,,,,,,,
2026-07-09T10:00:04.384891+00:00,2026-07-09T10:00:04.381690,2,2,125.7,0.2,125.6,100,125.3,150,,,,,,,,,,,,,,,,,125.8,150,126.1,100,,,,,,,,,,,,,,,,
2026-07-09T10:00:04.740802+00:00,2026-07-09T10:00:04.740741,1,1,125.85,0.5,125.6,100,,,,,,,,,,,,,,,,,,,126.1,100,,,,,,,,,,,,,,,,,,
2026-07-09T10:00:04.799050+00:00,2026-07-09T10:00:04.798997,1,1,125.85,0.5,125.6,250,,,,,,,,,,,,,,,,,,,126.1,100,,,,,,,,,,,,,,,,,,
2026-07-09T10:00:04.884495+00:00,2026-07-09T10:00:04.859372,1,1,125.85,0.5,125.6,250,,,,,,,,,,,,,,,,,,,126.1,250,,,,,,,,,,,,,,,,,,
2026-07-09T10:00:05.772799+00:00,2026-07-09T10:00:05.772701,1,1,125.85,0.5,125.6,250,,,,,,,,,,,,,,,,,,,126.1,200,,,,,,,,,,,,,,,,,,
2026-07-09T10:00:07.443396+00:00,2026-07-09T10:00:07.443332,1,1,125.85,0.5,125.6,250,,,,,,,,,,,,,,,,,,,126.1,150,,,,,,,,,,,,,,,,,,
2026-07-09T10:00:07.448638+00:00,2026-07-09T10:00:07.448491,1,1,125.85,0.5,125.6,150,,,,,,,,,,,,,,,,,,,126.1,150,,,,,,,,,,,,,,,,,,
2026-07-09T10:00:07.501216+00:00,2026-07-09T10:00:07.501084,2,1,125.9,0.4,125.7,100,125.6,150,,,,,,,,,,,,,,,,,126.1,150,,,,,,,,,,,,,,,,,,
2026-07-09T10:00:07.553760+00:00,2026-07-09T10:00:07.553596,2,2,125.9,0.4,125.7,100,125.6,150,,,,,,,,,,,,,,,,,126.1,150,126.2,100,,,,,,,,,,,,,,,,
2026-07-09T10:00:07.919831+00:00,2026-07-09T10:00:07.919779,1,1,125.95,0.5,125.7,100,,,,,,,,,,,,,,,,,,,126.2,100,,,,,,,,,,,,,,,,,,
2026-07-09T10:00:07.930703+00:00,2026-07-09T10:00:07.930602,1,1,125.95,0.5,125.7,50,,,,,,,,,,,,,,,,,,,126.2,100,,,,,,,,,,,,,,,,,,
2026-07-09T10:00:07.977936+00:00,2026-07-09T10:00:07.977868,2,1,125.95,0.5,125.7,50,125.6,150,,,,,,,,,,,,,,,,,126.2,100,,,,,,,,,,,,,,,,,,
2026-07-09T10:00:08.031273+00:00,2026-07-09T10:00:08.031228,2,2,125.9,0.4,125.7,50,125.6,150,,,,,,,,,,,,,,,,,126.1,150,126.2,100,,,,,,,,,,,,,,,,
2026-07-09T10:00:09.758609+00:00,2026-07-09T10:00:09.757616,2,2,125.9,0.4,125.7,50,125.6,150,,,,,,,,,,,,,,,,,126.1,110,126.2,100,,,,,,,,,,,,,,,,
2026-07-09T10:00:10.039709+00:00,2026-07-09T10:00:10.039869,1,2,125.85,0.5,125.6,150,,,,,,,,,,,,,,,,,,,126.1,110,126.2,100,,,,,,,,,,,,,,,,
2026-07-09T10:00:10.606997+00:00,2026-07-09T10:00:10.606946,1,1,125.85,0.5,125.6,150,,,,,,,,,,,,,,,,,,,126.1,110,,,,,,,,,,,,,,,,,,
2026-07-09T10:00:10.658611+00:00,2026-07-09T10:00:10.652771,2,1,125.85,0.5,125.6,150,125.5,100,,,,,,,,,,,,,,,,,126.1,110,,,,,,,,,,,,,,,,,,
2026-07-09T10:00:10.711867+00:00,2026-07-09T10:00:10.711800,2,2,125.8,0.4,125.6,150,125.5,100,,,,,,,,,,,,,,,,,126.0,100,126.1,110,,,,,,,,,,,,,,,,
2026-07-09T10:00:11.082797+00:00,2026-07-09T10:00:11.082922,1,1,125.75,0.5,125.5,100,,,,,,,,,,,,,,,,,,,126.0,100,,,,,,,,,,,,,,,,,,
2026-07-09T10:00:11.140555+00:00,2026-07-09T10:00:11.140365,2,1,125.9,0.2,125.8,150,125.5,100,,,,,,,,,,,,,,,,,126.0,100,,,,,,,,,,,,,,,,,,
2026-07-09T10:00:11.190014+00:00,2026-07-09T10:00:11.189947,2,2,125.9,0.2,125.8,150,125.5,100,,,,,,,,,,,,,,,,,126.0,100,126.3,150,,,,,,,,,,,,,,,,
2026-07-09T10:00:11.307341+00:00,2026-07-09T10:00:11.307200,2,2,125.9,0.2,125.8,150,125.5,100,,,,,,,,,,,,,,,,,126.0,54,126.3,150,,,,,,,,,,,,,,,,
2026-07-09T10:00:12.094773+00:00,2026-07-09T10:00:12.094684,2,2,125.9,0.2,125.8,150,125.5,100,,,,,,,,,,,,,,,,,126.0,4,126.3,150,,,,,,,,,,,,,,,,
2026-07-09T10:00:13.767273+00:00,2026-07-09T10:00:13.767173,1,1,126.05,0.5,125.8,150,,,,,,,,,,,,,,,,,,,126.3,150,,,,,,,,,,,,,,,,,,
2026-07-09T10:00:13.822472+00:00,2026-07-09T10:00:13.822561,2,1,126.05,0.5,125.8,150,125.6,100,,,,,,,,,,,,,,,,,126.3,150,,,,,,,,,,,,,,,,,,
2026-07-09T10:00:13.876088+00:00,2026-07-09T10:00:13.875998,2,2,125.95,0.3,125.8,150,125.6,100,,,,,,,,,,,,,,,,,126.1,100,126.3,150,,,,,,,,,,,,,,,,
2026-07-09T10:00:14.203854+00:00,2026-07-09T10:00:14.203766,2,2,125.95,0.3,125.8,150,125.6,100,,,,,,,,,,,,,,,,,126.1,50,126.3,150,,,,,,,,,,,,,,,,
2026-07-09T10:00:14.247377+00:00,2026-07-09T10:00:14.247271,1,1,125.85,0.5,125.6,100,,,,,,,,,,,,,,,,,,,126.1,50,,,,,,,,,,,,,,,,,,
2026-07-09T10:00:14.297486+00:00,2026-07-09T10:00:14.297377,2,1,125.9,0.4,125.7,150,125.6,100,,,,,,,,,,,,,,,,,126.1,50,,,,,,,,,,,,,,,,,,
2026-07-09T10:00:14.352216+00:00,2026-07-09T10:00:14.352141,2,2,125.9,0.4,125.7,150,125.6,100,,,,,,,,,,,,,,,,,126.1,50,126.2,150,,,,,,,,,,,,,,,,
2026-07-09T10:00:15.126682+00:00,2026-07-09T10:00:15.126554,2,2,125.9,0.4,125.7,107,125.6,100,,,,,,,,,,,,,,,,,126.1,50,126.2,150,,,,,,,,,,,,,,,,
2026-07-09T10:00:16.309903+00:00,2026-07-09T10:00:16.309854,2,1,125.95,0.5,125.7,107,125.6,100,,,,,,,,,,,,,,,,,126.2,150,,,,,,,,,,,,,,,,,,
2026-07-09T10:00:16.936309+00:00,2026-07-09T10:00:16.936169,1,1,125.95,0.5,125.7,107,,,,,,,,,,,,,,,,,,,126.2,150,,,,,,,,,,,,,,,,,,
2026-07-09T10:00:17.000688+00:00,2026-07-09T10:00:17.000483,2,1,126.1,0.2,126.0,100,125.7,107,,,,,,,,,,,,,,,,,126.2,150,,,,,,,,,,,,,,,,,,
2026-07-09T10:00:17.048561+00:00,2026-07-09T10:00:17.048478,2,2,126.1,0.2,126.0,100,125.7,107,,,,,,,,,,,,,,,,,126.2,150,126.5,100,,,,,,,,,,,,,,,,
2026-07-09T10:00:17.135128+00:00,2026-07-09T10:00:17.128890,2,2,126.1,0.2,126.0,88,125.7,107,,,,,,,,,,,,,,,,,126.2,150,126.5,100,,,,,,,,,,,,,,,,
2026-07-09T10:00:17.407593+00:00,2026-07-09T10:00:17.407499,1,1,126.25,0.5,126.0,88,,,,,,,,,,,,,,,,,,,126.5,100,,,,,,,,,,,,,,,,,,
2026-07-09T10:00:17.484330+00:00,2026-07-09T10:00:17.484277,2,1,126.25,0.5,126.0,88,125.6,150,,,,,,,,,,,,,,,,,126.5,100,,,,,,,,,,,,,,,,,,
2026-07-09T10:00:17.538274+00:00,2026-07-09T10:00:17.538173,2,2,126.05,0.1,126.0,88,125.6,150,,,,,,,,,,,,,,,,,126.1,150,126.5,100,,,,,,,,,,,,,,,,
2026-07-09T10:00:17.960698+00:00,2026-07-09T10:00:17.954278,2,2,126.05,0.1,126.0,66,125.6,150,,,,,,,,,,,,,,,,,126.1,150,126.5,100,,,,,,,,,,,,,,,,
2026-07-09T10:00:18.060018+00:00,2026-07-09T10:00:18.059819,2,2,126.05,0.1,126.0,19,125.6,150,,,,,,,,,,,,,,,,,126.1,150,126.5,100,,,,,,,,,,,,,,,,
2026-07-09T10:00:18.210738+00:00,2026-07-09T10:00:18.210621,2,2,126.05,0.1,126.0,19,125.6,150,,,,,,,,,,,,,,,,,126.1,125,126.5,100,,,,,,,,,,,,,,,,
2026-07-09T10:00:18.231509+00:00,2026-07-09T10:00:18.231358,2,3,126.05,0.1,126.0,19,125.6,150,,,,,,,,,,,,,,,,,126.1,125,126.5,100,126.8,1,,,,,,,,,,,,,,
2026-07-09T10:00:18.324130+00:00,2026-07-09T10:00:18.324066,2,2,126.05,0.1,126.0,19,125.6,150,,,,,,,,,,,,,,,,,126.1,125,126.5,100,,,,,,,,,,,,,,,,
2026-07-09T10:00:18.340012+00:00,2026-07-09T10:00:18.339857,2,2,126.05,0.1,126.0,19,125.6,150,,,,,,,,,,,,,,,,,126.1,120,126.5,100,,,,,,,,,,,,,,,,
2026-07-09T10:00:18.458655+00:00,2026-07-09T10:00:18.449668,2,2,126.05,0.1,126.0,19,125.6,150,,,,,,,,,,,,,,,,,126.1,70,126.5,100,,,,,,,,,,,,,,,,
2026-07-09T10:00:19.278582+00:00,2026-07-09T10:00:19.268722,2,2,126.05,0.1,126.0,7,125.6,150,,,,,,,,,,,,,,,,,126.1,70,126.5,100,,,,,,,,,,,,,,,,
2026-07-09T10:00:19.413243+00:00,2026-07-09T10:00:19.413374,2,3,126.05,0.1,126.0,7,125.6,150,,,,,,,,,,,,,,,,,126.1,70,126.5,100,126.7,1,,,,,,,,,,,,,,
2026-07-09T10:00:20.106933+00:00,2026-07-09T10:00:20.106829,1,2,125.85,0.5,125.6,150,,,,,,,,,,,,,,,,,,,126.1,70,126.7,1,,,,,,,,,,,,,,,,
2026-07-09T10:00:20.164038+00:00,2026-07-09T10:00:20.163945,2,2,125.85,0.5,125.6,150,125.4,100,,,,,,,,,,,,,,,,,126.1,70,126.7,1,,,,,,,,,,,,,,,,
2026-07-09T10:00:20.217831+00:00,2026-07-09T10:00:20.217719,2,3,125.75,0.3,125.6,150,125.4,100,,,,,,,,,,,,,,,,,125.9,100,126.1,70,126.7,1,,,,,,,,,,,,,,
2026-07-09T10:00:20.420139+00:00,2026-07-09T10:00:20.420051,2,3,125.75,0.3,125.6,150,125.4,100,,,,,,,,,,,,,,,,,125.9,100,126.1,70,126.7,1,,,,,,,,,,,,,,
2026-07-09T10:00:20.560152+00:00,2026-07-09T10:00:20.560251,2,3,125.75,0.3,125.6,150,125.4,100,,,,,,,,,,,,,,,,,125.9,50,126.1,70,126.7,1,,,,,,,,,,,,,,
2026-07-09T10:00:20.592741+00:00,2026-07-09T10:00:20.586618,1,2,125.65,0.5,125.4,100,,,,,,,,,,,,,,,,,,,125.9,38,126.7,1,,,,,,,,,,,,,,,,
2026-07-09T10:00:20.635182+00:00,2026-07-09T10:00:20.635001,1,1,125.65,0.5,125.4,100,,,,,,,,,,,,,,,,,,,125.9,38,,,,,,,,,,,,,,,,,,
2026-07-09T10:00:20.640454+00:00,2026-07-09T10:00:20.640293,1,1,125.65,0.5,125.4,100,,,,,,,,,,,,,,,,,,,125.9,18,,,,,,,,,,,,,,,,,,
2026-07-09T10:00:20.645399+00:00,2026-07-09T10:00:20.645528,2,1,125.85,0.1,125.8,150,125.4,100,,,,,,,,,,,,,,,,,125.9,18,,,,,,,,,,,,,,,,,,
2026-07-09T10:00:20.698151+00:00,2026-07-09T10:00:20.698115,2,2,125.85,0.1,125.8,150,125.4,100,,,,,,,,,,,,,,,,,125.9,18,126.3,150,,,,,,,,,,,,,,,,
2026-07-09T10:00:21.037126+00:00,2026-07-09T10:00:21.037070,2,1,126.05,0.5,125.8,150,125.4,100,,,,,,,,,,,,,,,,,126.3,119,,,,,,,,,,,,,,,,,,
2026-07-09T10:00:21.565606+00:00,2026-07-09T10:00:21.565790,2,2,126.05,0.5,125.8,150,125.4,100,,,,,,,,,,,,,,,,,126.3,119,126.9,1,,,,,,,,,,,,,,,,
2026-07-09T10:00:21.581629+00:00,2026-07-09T10:00:21.581506,2,2,126.05,0.5,125.8,105,125.4,100,,,,,,,,,,,,,,,,,126.3,119,126.9,1,,,,,,,,,,,,,,,,
2026-07-09T10:00:22.181712+00:00,2026-07-09T10:00:22.181603,2,2,126.05,0.5,125.8,105,125.4,100,,,,,,,,,,,,,,,,,126.3,76,126.9,1,,,,,,,,,,,,,,,,
2026-07-09T10:00:22.684566+00:00,2026-07-09T10:00:22.684415,2,1,126.05,0.5,125.8,105,125.4,100,,,,,,,,,,,,,,,,,126.3,76,,,,,,,,,,,,,,,,,,
2026-07-09T10:00:22.689758+00:00,2026-07-09T10:00:22.689694,2,2,126.05,0.5,125.8,105,125.4,100,,,,,,,,,,,,,,,,,126.3,26,126.7,1,,,,,,,,,,,,,,,,
2026-07-09T10:00:23.269327+00:00,2026-07-09T10:00:23.269444,1,2,126.05,0.5,125.8,105,,,,,,,,,,,,,,,,,,,126.3,26,126.7,1,,,,,,,,,,,,,,,,
2026-07-09T10:00:23.296030+00:00,2026-07-09T10:00:23.295851,1,1,126.05,0.5,125.8,105,,,,,,,,,,,,,,,,,,,126.3,26,,,,,,,,,,,,,,,,,,
2026-07-09T10:00:23.322684+00:00,2026-07-09T10:00:23.322643,2,1,126.05,0.5,125.8,105,125.7,100,,,,,,,,,,,,,,,,,126.3,26,,,,,,,,,,,,,,,,,,
2026-07-09T10:00:23.376721+00:00,2026-07-09T10:00:23.376680,2,2,126.0,0.4,125.8,105,125.7,100,,,,,,,,,,,,,,,,,126.2,100,126.3,26,,,,,,,,,,,,,,,,
2026-07-09T10:00:23.751744+00:00,2026-07-09T10:00:23.751962,1,1,125.95,0.5,125.7,100,,,,,,,,,,,,,,,,,,,126.2,100,,,,,,,,,,,,,,,,,,
2026-07-09T10:00:23.821528+00:00,2026-07-09T10:00:23.814162,2,1,126.05,0.3,125.9,128,125.7,100,,,,,,,,,,,,,,,,,126.2,100,,,,,,,,,,,,,,,,,,
2026-07-09T10:00:23.836852+00:00,2026-07-09T10:00:23.837022,2,2,126.05,0.3,125.9,128,125.7,100,,,,,,,,,,,,,,,,,126.2,100,126.6,1,,,,,,,,,,,,,,,,
2026-07-09T10:00:23.861948+00:00,2026-07-09T10:00:23.861919,2,3,126.05,0.3,125.9,128,125.7,100,,,,,,,,,,,,,,,,,126.2,100,126.4,150,126.6,1,,,,,,,,,,,,,,
2026-07-09T10:00:23.937360+00:00,2026-07-09T10:00:23.937269,2,2,126.05,0.3,125.9,128,125.7,100,,,,,,,,,,,,,,,,,126.2,100,126.4,150,,,,,,,,,,,,,,,,
2026-07-09T10:00:24.799650+00:00,2026-07-09T10:00:24.799516,2,2,126.05,0.3,125.9,128,125.7,100,,,,,,,,,,,,,,,,,126.2,50,126.4,150,,,,,,,,,,,,,,,,
2026-07-09T10:00:24.966497+00:00,2026-07-09T10:00:24.966390,2,3,126.05,0.3,125.9,128,125.7,100,,,,,,,,,,,,,,,,,126.2,50,126.4,150,126.7,1,,,,,,,,,,,,,,
2026-07-09T10:00:25.544689+00:00,2026-07-09T10:00:25.544618,2,3,126.05,0.3,125.9,82,125.7,100,,,,,,,,,,,,,,,,,126.2,50,126.4,150,126.7,1,,,,,,,,,,,,,,
2026-07-09T10:00:26.072951+00:00,2026-07-09T10:00:26.072907,2,3,126.05,0.3,125.9,82,125.7,100,,,,,,,,,,,,,,,,,126.2,50,126.4,150,126.7,1,,,,,,,,,,,,,,
2026-07-09T10:00:26.433798+00:00,2026-07-09T10:00:26.433655,1,2,126.15,0.5,125.9,82,,,,,,,,,,,,,,,,,,,126.4,150,126.7,1,,,,,,,,,,,,,,,,
2026-07-09T10:00:26.489179+00:00,2026-07-09T10:00:26.489263,1,2,126.15,0.5,125.9,182,,,,,,,,,,,,,,,,,,,126.4,150,126.7,1,,,,,,,,,,,,,,,,
2026-07-09T10:00:26.538707+00:00,2026-07-09T10:00:26.538614,1,2,126.15,0.5,125.9,182,,,,,,,,,,,,,,,,,,,126.4,250,126.7,1,,,,,,,,,,,,,,,,
2026-07-09T10:00:26.908692+00:00,2026-07-09T10:00:26.908567,1,2,126.15,0.5,125.9,182,,,,,,,,,,,,,,,,,,,126.4,200,126.7,1,,,,,,,,,,,,,,,,
2026-07-09T10:00:26.913642+00:00,2026-07-09T10:00:26.913784,1,2,126.15,0.5,125.9,100,,,,,,,,,,,,,,,,,,,126.4,100,126.7,1,,,,,,,,,,,,,,,,
2026-07-09T10:00:26.965604+00:00,2026-07-09T10:00:26.965545,1,2,126.15,0.5,125.9,100,,,,,,,,,,,,,,,,,,,126.4,56,126.7,1,,,,,,,,,,,,,,,,
2026-07-09T10:00:26.970632+00:00,2026-07-09T10:00:26.970716,1,2,126.15,0.5,125.9,250,,,,,,,,,,,,,,,,,,,126.4,56,126.7,1,,,,,,,,,,,,,,,,
2026-07-09T10:00:27.022284+00:00,2026-07-09T10:00:27.022187,1,2,126.15,0.5,125.9,250,,,,,,,,,,,,,,,,,,,126.4,206,126.7,1,,,,,,,,,,,,,,,,
2026-07-09T10:00:27.183322+00:00,2026-07-09T10:00:27.183210,1,2,126.15,0.5,125.9,250,,,,,,,,,,,,,,,,,,,126.4,206,126.9,1,,,,,,,,,,,,,,,,
2026-07-09T10:00:27.438005+00:00,2026-07-09T10:00:27.437888,1,2,126.15,0.5,125.9,250,,,,,,,,,,,,,,,,,,,126.4,165,126.9,1,,,,,,,,,,,,,,,,
2026-07-09T10:00:28.288721+00:00,2026-07-09T10:00:28.288647,1,1,126.15,0.5,125.9,250,,,,,,,,,,,,,,,,,,,126.4,165,,,,,,,,,,,,,,,,,,
2026-07-09T10:00:28.293853+00:00,2026-07-09T10:00:28.293829,1,2,126.15,0.5,125.9,250,,,,,,,,,,,,,,,,,,,126.4,165,126.8,1,,,,,,,,,,,,,,,,
2026-07-09T10:00:28.506193+00:00,2026-07-09T10:00:28.506145,1,2,126.15,0.5,125.9,204,,,,,,,,,,,,,,,,,,,126.4,165,126.8,1,,,,,,,,,,,,,,,,
2026-07-09T10:00:29.013797+00:00,2026-07-09T10:00:29.013946,1,2,126.15,0.5,125.9,204,,,,,,,,,,,,,,,,,,,126.4,115,126.8,1,,,,,,,,,,,,,,,,
2026-07-09T10:00:29.404104+00:00,2026-07-09T10:00:29.404042,1,2,126.15,0.5,125.9,204,,,,,,,,,,,,,,,,,,,126.4,115,126.8,1,,,,,,,,,,,,,,,,
2026-07-09T10:00:29.596130+00:00,2026-07-09T10:00:29.596045,1,2,126.15,0.5,125.9,150,,,,,,,,,,,,,,,,,,,126.4,115,126.8,1,,,,,,,,,,,,,,,,
2026-07-09T10:00:29.646953+00:00,2026-07-09T10:00:29.647128,2,2,126.3,0.2,126.2,100,125.9,150,,,,,,,,,,,,,,,,,126.4,115,126.8,1,,,,,,,,,,,,,,,,
2026-07-09T10:00:29.714695+00:00,2026-07-09T10:00:29.709508,2,3,126.3,0.2,126.2,89,125.9,150,,,,,,,,,,,,,,,,,126.4,115,126.7,100,126.8,1,,,,,,,,,,,,,,
2026-07-09T10:00:29.730349+00:00,2026-07-09T10:00:29.730133,2,2,126.3,0.2,126.2,89,125.9,150,,,,,,,,,,,,,,,,,126.4,115,126.7,100,,,,,,,,,,,,,,,,
2026-07-09T10:00:29.735393+00:00,2026-07-09T10:00:29.735539,2,2,126.3,0.2,126.2,79,125.9,150,,,,,,,,,,,,,,,,,126.4,115,126.7,100,,,,,,,,,,,,,,,,
2026-07-09T10:00:29.786265+00:00,2026-07-09T10:00:29.779250,2,2,126.3,0.2,126.2,67,125.9,150,,,,,,,,,,,,,,,,,126.4,115,126.7,100,,,,,,,,,,,,,,,,
2026-07-09T10:00:29.849722+00:00,2026-07-09T10:00:29.849898,2,2,126.3,0.2,126.2,57,125.9,150,,,,,,,,,,,,,,,,,126.4,115,126.7,100,,,,,,,,,,,,,,,,
2026-07-09T10:00:30.076110+00:00,2026-07-09T10:00:30.076236,1,1,126.45,0.5,126.2,57,,,,,,,,,,,,,,,,,,,126.7,100,,,,,,,,,,,,,,,,,,
2026-07-09T10:00:30.127202+00:00,2026-07-09T10:00:30.127175,2,1,126.45,0.5,126.2,57,126.0,150,,,,,,,,,,,,,,,,,126.7,100,,,,,,,,,,,,,,,,,,
2026-07-09T10:00:30.184549+00:00,2026-07-09T10:00:30.184436,2,2,126.35,0.3,126.2,57,126.0,150,,,,,,,,,,,,,,,,,126.5,150,126.7,100,,,,,,,,,,,,,,,,
2026-07-09T10:00:30.470008+00:00,2026-07-09T10:00:30.469894,2,3,126.35,0.3,126.2,57,126.0,150,,,,,,,,,,,,,,,,,126.5,150,126.7,100,126.8,1,,,,,,,,,,,,,,
2026-07-09T10:00:30.698597+00:00,2026-07-09T10:00:30.698477,2,3,126.35,0.3,126.2,12,126.0,150,,,,,,,,,,,,,,,,,126.5,150,126.7,100,126.8,1,,,,,,,,,,,,,,
2026-07-09T10:00:31.127256+00:00,2026-07-09T10:00:31.127157,2,3,126.35,0.3,126.2,12,126.0,150,,,,,,,,,,,,,,,,,126.5,100,126.7,100,126.8,1,,,,,,,,,,,,,,
2026-07-09T10:00:31.575898+00:00,2026-07-09T10:00:31.576006,2,2,126.35,0.3,126.2,12,126.0,150,,,,,,,,,,,,,,,,,126.5,100,126.7,100,,,,,,,,,,,,,,,,
2026-07-09T10:00:31.581326+00:00,2026-07-09T10:00:31.581287,2,3,126.35,0.3,126.2,12,126.0,150,,,,,,,,,,,,,,,,,126.5,100,126.7,100,127.0,1,,,,,,,,,,,,,,
2026-07-09T10:00:32.688037+00:00,2026-07-09T10:00:32.687989,2,2,126.35,0.3,126.2,12,126.0,150,,,,,,,,,,,,,,,,,126.5,100,126.7,100,,,,,,,,,,,,,,,,
2026-07-09T10:00:32.693374+00:00,2026-07-09T10:00:32.693273,2,3,126.35,0.3,126.2,12,126.0,150,,,,,,,,,,,,,,,,,126.5,100,126.7,100,127.0,1,,,,,,,,,,,,,,
2026-07-09T10:00:32.763912+00:00,2026-07-09T10:00:32.763814,1,2,126.25,0.5,126.0,150,,,,,,,,,,,,,,,,,,,126.5,100,127.0,1,,,,,,,,,,,,,,,,
2026-07-09T10:00:32.819481+00:00,2026-07-09T10:00:32.819253,2,2,126.3,0.4,126.1,100,126.0,150,,,,,,,,,,,,,,,,,126.5,100,127.0,1,,,,,,,,,,,,,,,,
2026-07-09T10:00:32.872355+00:00,2026-07-09T10:00:32.872547,2,3,126.3,0.4,126.1,100,126.0,150,,,,,,,,,,,,,,,,,126.5,100,126.6,100,127.0,1,,,,,,,,,,,,,,
2026-07-09T10:00:33.231898+00:00,2026-07-09T10:00:33.231721,2,3,126.3,0.4,126.1,100,126.0,150,,,,,,,,,,,,,,,,,126.5,50,126.6,100,127.0,1,,,,,,,,,,,,,,
2026-07-09T10:00:33.237122+00:00,2026-07-09T10:00:33.237006,1,2,126.35,0.5,126.1,100,,,,,,,,,,,,,,,,,,,126.6,100,127.0,1,,,,,,,,,,,,,,,,
2026-07-09T10:00:33.293303+00:00,2026-07-09T10:00:33.293219,2,1,126.95,0.1,126.9,50,126.1,100,,,,,,,,,,,,,,,,,127.0,1,,,,,,,,,,,,,,,,,,
2026-07-09T10:00:33.358623+00:00,2026-07-09T10:00:33.357882,2,2,126.95,0.1,126.9,50,126.1,100,,,,,,,,,,,,,,,,,127.0,1,127.4,150,,,,,,,,,,,,,,,,
2026-07-09T10:00:33.723817+00:00,2026-07-09T10:00:33.714878,2,2,126.95,0.1,126.9,36,126.1,100,,,,,,,,,,,,,,,,,127.0,1,127.4,150,,,,,,,,,,,,,,,,
2026-07-09T10:00:33.803413+00:00,2026-07-09T10:00:33.803215,2,1,127.15,0.5,126.9,36,126.1,100,,,,,,,,,,,,,,,,,127.4,150,,,,,,,,,,,,,,,,,,
2026-07-09T10:00:33.808535+00:00,2026-07-09T10:00:33.808432,2,1,127.15,0.5,126.9,11,126.1,100,,,,,,,,,,,,,,,,,127.4,150,,,,,,,,,,,,,,,,,,
2026-07-09T10:00:33.819008+00:00,2026-07-09T10:00:33.818925,2,2,127.1,0.4,126.9,11,126.1,100,,,,,,,,,,,,,,,,,127.3,1,127.4,150,,,,,,,,,,,,,,,,
2026-07-09T10:00:33.945922+00:00,2026-07-09T10:00:33.945835,2,1,127.15,0.5,126.9,11,126.1,100,,,,,,,,,,,,,,,,,127.4,150,,,,,,,,,,,,,,,,,,
2026-07-09T10:00:33.958659+00:00,2026-07-09T10:00:33.956384,1,1,126.75,1.3,126.1,100,,,,,,,,,,,,,,,,,,,127.4,150,,,,,,,,,,,,,,,,,,
2026-07-09T10:00:34.871818+00:00,2026-07-09T10:00:34.871737,1,2,126.7,1.2,126.1,100,,,,,,,,,,,,,,,,,,,127.3,1,127.4,150,,,,,,,,,,,,,,,,
2026-07-09T10:00:35.341710+00:00,2026-07-09T10:00:35.341640,1,1,126.75,1.3,126.1,100,,,,,,,,,,,,,,,,,,,127.4,101,,,,,,,,,,,,,,,,,,
2026-07-09T10:00:35.383394+00:00,2026-07-09T10:00:35.383534,1,1,126.75,1.3,126.1,100,,,,,,,,,,,,,,,,,,,127.4,100,,,,,,,,,,,,,,,,,,
2026-07-09T10:00:35.927741+00:00,2026-07-09T10:00:35.927663,0,1,,,,,,,,,,,,,,,,,,,,,,,127.4,100,,,,,,,,,,,,,,,,,,
2026-07-09T10:00:35.981247+00:00,2026-07-09T10:00:35.981105,1,1,127.1,0.6,126.8,100,,,,,,,,,,,,,,,,,,,127.4,100,,,,,,,,,,,,,,,,,,
2026-07-09T10:00:35.992528+00:00,2026-07-09T10:00:35.992492,1,2,127.1,0.6,126.8,100,,,,,,,,,,,,,,,,,,,127.4,100,127.7,1,,,,,,,,,,,,,,,,
2026-07-09T10:00:36.034999+00:00,2026-07-09T10:00:36.034885,1,3,127.05,0.5,126.8,100,,,,,,,,,,,,,,,,,,,127.3,100,127.4,100,127.7,1,,,,,,,,,,,,,,
2026-07-09T10:00:36.410491+00:00,2026-07-09T10:00:36.410367,1,2,127.05,0.5,126.8,100,,,,,,,,,,,,,,,,,,,127.3,100,127.7,1,,,,,,,,,,,,,,,,
2026-07-09T10:00:36.458645+00:00,2026-07-09T10:00:36.457698,2,2,127.05,0.5,126.8,100,126.5,150,,,,,,,,,,,,,,,,,127.3,100,127.7,1,,,,,,,,,,,,,,,,
2026-07-09T10:00:36.518209+00:00,2026-07-09T10:00:36.518099,2,3,126.9,0.2,126.8,100,126.5,150,,,,,,,,,,,,,,,,,127.0,150,127.3,100,127.7,1,,,,,,,,,,,,,,
2026-07-09T10:00:37.152095+00:00,2026-07-09T10:00:37.152249,2,3,126.9,0.2,126.8,100,126.5,150,,,,,,,,,,,,,,,,,127.0,150,127.2,1,127.3,100,,,,,,,,,,,,,,
2026-07-09T10:00:37.498525+00:00,2026-07-09T10:00:37.498401,2,3,126.9,0.2,126.8,50,126.5,150,,,,,,,,,,,,,,,,,127.0,150,127.2,1,127.3,100,,,,,,,,,,,,,,
2026-07-09T10:00:38.170153+00:00,2026-07-09T10:00:38.170056,2,2,126.9,0.2,126.8,50,126.5,150,,,,,,,,,,,,,,,,,127.0,150,127.3,100,,,,,,,,,,,,,,,,
2026-07-09T10:00:38.175168+00:00,2026-07-09T10:00:38.175294,2,3,126.9,0.2,126.8,50,126.5,150,,,,,,,,,,,,,,,,,127.0,150,127.2,1,127.3,100,,,,,,,,,,,,,,
2026-07-09T10:00:39.086900+00:00,2026-07-09T10:00:39.086825,2,2,126.9,0.2,126.8,50,126.5,150,,,,,,,,,,,,,,,,,127.0,150,127.2,1,,,,,,,,,,,,,,,,
2026-07-09T10:00:39.092113+00:00,2026-07-09T10:00:39.092006,1,2,126.75,0.5,126.5,150,,,,,,,,,,,,,,,,,,,127.0,150,127.2,1,,,,,,,,,,,,,,,,
2026-07-09T10:00:39.141257+00:00,2026-07-09T10:00:39.141201,2,2,126.75,0.5,126.5,150,126.3,100,,,,,,,,,,,,,,,,,127.0,150,127.2,1,,,,,,,,,,,,,,,,
2026-07-09T10:00:39.194332+00:00,2026-07-09T10:00:39.194174,2,3,126.65,0.3,126.5,150,126.3,100,,,,,,,,,,,,,,,,,126.8,100,127.0,150,127.2,1,,,,,,,,,,,,,,
2026-07-09T10:00:39.284083+00:00,2026-07-09T10:00:39.284017,2,3,126.65,0.3,126.5,150,126.3,100,,,,,,,,,,,,,,,,,126.8,100,127.0,150,127.1,1,,,,,,,,,,,,,,
2026-07-09T10:00:39.573631+00:00,2026-07-09T10:00:39.573518,1,2,126.55,0.5,126.3,100,,,,,,,,,,,,,,,,,,,126.8,100,127.1,1,,,,,,,,,,,,,,,,
2026-07-09T10:00:39.605860+00:00,2026-07-09T10:00:39.605782,1,2,126.55,0.5,126.3,50,,,,,,,,,,,,,,,,,,,126.8,100,127.1,1,,,,,,,,,,,,,,,,
2026-07-09T10:00:39.628953+00:00,2026-07-09T10:00:39.629044,2,2,126.6,0.4,126.4,150,126.3,50,,,,,,,,,,,,,,,,,126.8,100,127.1,1,,,,,,,,,,,,,,,,
2026-07-09T10:00:39.684428+00:00,2026-07-09T10:00:39.684325,2,3,126.6,0.4,126.4,150,126.3,50,,,,,,,,,,,,,,,,,126.8,100,126.9,150,127.1,1,,,,,,,,,,,,,,
2026-07-09T10:00:40.158589+00:00,2026-07-09T10:00:40.156777,2,3,126.6,0.4,126.4,150,126.3,50,,,,,,,,,,,,,,,,,126.8,51,126.9,150,127.1,1,,,,,,,,,,,,,,
2026-07-09T10:00:40.389332+00:00,2026-07-09T10:00:40.389252,2,2,126.6,0.4,126.4,150,126.3,50,,,,,,,,,,,,,,,,,126.8,51,126.9,150,,,,,,,,,,,,,,,,
2026-07-09T10:00:40.394475+00:00,2026-07-09T10:00:40.394435,2,3,126.6,0.4,126.4,150,126.3,50,,,,,,,,,,,,,,,,,126.8,51,126.9,150,127.0,1,,,,,,,,,,,,,,
2026-07-09T10:00:41.504354+00:00,2026-07-09T10:00:41.504280,2,3,126.6,0.4,126.4,150,126.3,50,,,,,,,,,,,,,,,,,126.8,51,126.9,150,127.0,1,,,,,,,,,,,,,,
2026-07-09T10:00:41.716136+00:00,2026-07-09T10:00:41.716055,2,3,126.6,0.4,126.4,100,126.3,50,,,,,,,,,,,,,,,,,126.8,51,126.9,150,127.0,1,,,,,,,,,,,,,,
2026-07-09T10:00:42.252119+00:00,2026-07-09T10:00:42.252071,1,2,126.65,0.5,126.4,100,,,,,,,,,,,,,,,,,,,126.9,150,127.0,1,,,,,,,,,,,,,,,,
2026-07-09T10:00:42.308866+00:00,2026-07-09T10:00:42.308743,2,2,126.65,0.5,126.4,100,126.2,100,,,,,,,,,,,,,,,,,126.9,150,127.0,1,,,,,,,,,,,,,,,,
2026-07-09T10:00:42.364103+00:00,2026-07-09T10:00:42.364060,2,3,126.55,0.3,126.4,100,126.2,100,,,,,,,,,,,,,,,,,126.7,100,126.9,150,127.0,1,,,,,,,,,,,,,,
2026-07-09T10:00:42.614432+00:00,2026-07-09T10:00:42.614363,2,2,126.55,0.3,126.4,100,126.2,100,,,,,,,,,,,,,,,,,126.7,100,126.9,150,,,,,,,,,,,,,,,,
2026-07-09T10:00:42.619729+00:00,2026-07-09T10:00:42.619575,2,2,126.55,0.3,126.4,100,126.2,100,,,,,,,,,,,,,,,,,126.7,94,126.9,150,,,,,,,,,,,,,,,,
2026-07-09T10:00:42.624891+00:00,2026-07-09T10:00:42.624808,2,3,126.55,0.3,126.4,100,126.2,100,,,,,,,,,,,,,,,,,126.7,94,126.9,150,127.0,1,,,,,,,,,,,,,,
2026-07-09T10:00:42.733693+00:00,2026-07-09T10:00:42.733599,2,2,126.55,0.3,126.4,100,126.2,100,,,,,,,,,,,,,,,,,126.7,94,126.9,150,,,,,,,,,,,,,,,,
2026-07-09T10:00:42.738714+00:00,2026-07-09T10:00:42.738818,1,1,126.45,0.5,126.2,100,,,,,,,,,,,,,,,,,,,126.7,94,,,,,,,,,,,,,,,,,,
2026-07-09T10:00:42.794100+00:00,2026-07-09T10:00:42.794236,2,1,126.45,0.5,126.2,100,126.1,150,,,,,,,,,,,,,,,,,126.7,94,,,,,,,,,,,,,,,,,,
2026-07-09T10:00:42.849170+00:00,2026-07-09T10:00:42.849052,2,2,126.4,0.4,126.2,100,126.1,150,,,,,,,,,,,,,,,,,126.6,150,126.7,94,,,,,,,,,,,,,,,,
2026-07-09T10:00:42.943200+00:00,2026-07-09T10:00:42.943085,2,2,126.4,0.4,126.2,100,126.1,150,,,,,,,,,,,,,,,,,126.6,140,126.7,94,,,,,,,,,,,,,,,,
2026-07-09T10:00:43.207589+00:00,2026-07-09T10:00:43.207496,2,2,126.4,0.4,126.2,51,126.1,150,,,,,,,,,,,,,,,,,126.6,140,126.7,94,,,,,,,,,,,,,,,,
2026-07-09T10:00:43.769312+00:00,2026-07-09T10:00:43.769200,2,3,126.4,0.4,126.2,51,126.1,150,,,,,,,,,,,,,,,,,126.6,140,126.7,94,127.1,1,,,,,,,,,,,,,,
2026-07-09T10:00:43.875575+00:00,2026-07-09T10:00:43.869811,2,2,126.4,0.4,126.2,1,126.1,150,,,,,,,,,,,,,,,,,126.6,137,126.7,94,,,,,,,,,,,,,,,,
2026-07-09T10:00:43.891233+00:00,2026-07-09T10:00:43.891061,2,2,126.4,0.4,126.2,1,126.1,150,,,,,,,,,,,,,,,,,126.6,127,126.7,94,,,,,,,,,,,,,,,,
2026-07-09T10:00:44.023858+00:00,2026-07-09T10:00:44.023752,3,2,126.5,0.2,126.4,6,126.2,1,126.1,150,,,,,,,,,,,,,,,126.6,127,126.7,94,,,,,,,,,,,,,,,,
2026-07-09T10:00:44.034293+00:00,2026-07-09T10:00:44.034209,3,3,126.5,0.2,126.4,6,126.2,1,126.1,150,,,,,,,,,,,,,,,126.6,127,126.7,94,126.9,6,,,,,,,,,,,,,,
2026-07-09T10:00:44.908494+00:00,2026-07-09T10:00:44.908616,3,4,126.5,0.2,126.4,6,126.2,1,126.1,150,,,,,,,,,,,,,,,126.6,127,126.7,94,126.9,6,127.1,1,,,,,,,,,,,,
2026-07-09T10:00:45.418540+00:00,2026-07-09T10:00:45.418466,2,3,126.5,0.2,126.4,6,126.1,150,,,,,,,,,,,,,,,,,126.6,127,126.9,6,127.1,1,,,,,,,,,,,,,,
2026-07-09T10:00:45.469020+00:00,2026-07-09T10:00:45.468986,2,3,126.5,0.2,126.4,6,126.1,250,,,,,,,,,,,,,,,,,126.6,127,126.9,6,127.1,1,,,,,,,,,,,,,,
2026-07-09T10:00:45.522291+00:00,2026-07-09T10:00:45.522237,2,3,126.5,0.2,126.4,6,126.1,250,,,,,,,,,,,,,,,,,126.6,227,126.9,6,127.1,1,,,,,,,,,,,,,,
2026-07-09T10:00:45.611000+00:00,2026-07-09T10:00:45.610940,2,3,126.5,0.2,126.4,6,126.1,250,,,,,,,,,,,,,,,,,126.6,181,126.9,6,127.1,1,,,,,,,,,,,,,,
2026-07-09T10:00:45.901119+00:00,2026-07-09T10:00:45.901270,2,3,126.5,0.2,126.4,6,126.1,100,,,,,,,,,,,,,,,,,126.6,100,126.9,6,127.1,1,,,,,,,,,,,,,,
2026-07-09T10:00:45.930310+00:00,2026-07-09T10:00:45.930182,1,3,126.35,0.5,126.1,56,,,,,,,,,,,,,,,,,,,126.6,100,126.9,6,127.1,1,,,,,,,,,,,,,,
2026-07-09T10:00:45.958620+00:00,2026-07-09T10:00:45.952556,2,3,126.55,0.1,126.5,150,126.1,56,,,,,,,,,,,,,,,,,126.6,100,126.9,6,127.1,1,,,,,,,,,,,,,,
2026-07-09T10:00:46.010496+00:00,2026-07-09T10:00:46.010728,2,4,126.55,0.1,126.5,150,126.1,56,,,,,,,,,,,,,,,,,126.6,100,126.9,6,127.0,150,127.1,1,,,,,,,,,,,,
2026-07-09T10:00:46.015851+00:00,2026-07-09T10:00:46.016033,2,4,126.55,0.1,126.5,150,126.1,56,,,,,,,,,,,,,,,,,126.6,100,126.9,6,127.0,150,127.1,1,,,,,,,,,,,,
2026-07-09T10:00:46.110943+00:00,2026-07-09T10:00:46.110883,2,4,126.55,0.1,126.5,150,126.1,56,,,,,,,,,,,,,,,,,126.6,58,126.9,6,127.0,150,127.1,1,,,,,,,,,,,,
2026-07-09T10:00:46.677338+00:00,2026-07-09T10:00:46.669820,2,4,126.55,0.1,126.5,150,126.1,56,,,,,,,,,,,,,,,,,126.6,35,126.9,6,127.0,150,127.1,1,,,,,,,,,,,,
2026-07-09T10:00:46.721105+00:00,2026-07-09T10:00:46.720979,2,3,126.55,0.1,126.5,150,126.1,56,,,,,,,,,,,,,,,,,126.6,35,126.9,6,127.0,150,,,,,,,,,,,,,,
2026-07-09T10:00:46.731661+00:00,2026-07-09T10:00:46.731553,2,3,126.55,0.1,126.5,150,126.1,56,,,,,,,,,,,,,,,,,126.6,15,126.9,6,127.0,150,,,,,,,,,,,,,,
2026-07-09T10:00:46.880524+00:00,2026-07-09T10:00:46.873706,2,3,126.55,0.1,126.5,150,126.1,56,,,,,,,,,,,,,,,,,126.6,4,126.9,6,127.0,150,,,,,,,,,,,,,,
2026-07-09T10:00:46.943190+00:00,2026-07-09T10:00:46.943361,2,2,126.7,0.4,126.5,150,126.1,56,,,,,,,,,,,,,,,,,126.9,6,127.0,150,,,,,,,,,,,,,,,,
2026-07-09T10:00:47.156527+00:00,2026-07-09T10:00:47.156689,2,3,126.7,0.4,126.5,150,126.1,56,,,,,,,,,,,,,,,,,126.9,6,127.0,150,127.5,1,,,,,,,,,,,,,,
2026-07-09T10:00:47.642488+00:00,2026-07-09T10:00:47.642330,3,3,126.8,0.2,126.7,6,126.5,150,126.1,56,,,,,,,,,,,,,,,126.9,6,127.0,150,127.5,1,,,,,,,,,,,,,,
2026-07-09T10:00:47.658648+00:00,2026-07-09T10:00:47.647591,3,2,126.85,0.3,126.7,6,126.5,150,126.1,56,,,,,,,,,,,,,,,127.0,150,127.5,1,,,,,,,,,,,,,,,,
2026-07-09T10:00:47.787887+00:00,2026-07-09T10:00:47.787738,2,2,126.75,0.5,126.5,109,126.1,56,,,,,,,,,,,,,,,,,127.0,150,127.5,1,,,,,,,,,,,,,,,,
2026-07-09T10:00:47.879805+00:00,2026-07-09T10:00:47.879679,2,3,126.75,0.5,126.5,109,126.1,56,,,,,,,,,,,,,,,,,127.0,150,127.2,4,127.5,1,,,,,,,,,,,,,,
2026-07-09T10:00:48.037280+00:00,2026-07-09T10:00:48.037058,2,3,126.75,0.5,126.5,59,126.1,56,,,,,,,,,,,,,,,,,127.0,150,127.2,4,127.5,1,,,,,,,,,,,,,,
2026-07-09T10:00:48.084027+00:00,2026-07-09T10:00:48.083956,2,3,126.75,0.5,126.5,59,126.1,56,,,,,,,,,,,,,,,,,127.0,150,127.2,5,127.5,1,,,,,,,,,,,,,,
2026-07-09T10:00:48.258693+00:00,2026-07-09T10:00:48.258663,2,3,126.75,0.5,126.5,59,126.1,56,,,,,,,,,,,,,,,,,127.0,150,127.2,5,127.3,1,,,,,,,,,,,,,,
2026-07-09T10:00:48.438064+00:00,2026-07-09T10:00:48.437922,2,3,126.75,0.5,126.5,65,126.1,56,,,,,,,,,,,,,,,,,127.0,150,127.2,5,127.3,1,,,,,,,,,,,,,,
2026-07-09T10:00:48.443036+00:00,2026-07-09T10:00:48.443192,2,2,126.75,0.5,126.5,65,126.1,56,,,,,,,,,,,,,,,,,127.0,150,127.3,1,,,,,,,,,,,,,,,,
2026-07-09T10:00:48.448608+00:00,2026-07-09T10:00:48.448481,2,2,126.75,0.5,126.5,65,126.1,56,,,,,,,,,,,,,,,,,127.0,155,127.3,1,,,,,,,,,,,,,,,,
2026-07-09T10:00:48.580812+00:00,2026-07-09T10:00:48.580726,1,2,126.75,0.5,126.5,65,,,,,,,,,,,,,,,,,,,127.0,155,127.3,1,,,,,,,,,,,,,,,,
2026-07-09T10:00:48.634481+00:00,2026-07-09T10:00:48.634370,2,2,126.8,0.4,126.6,100,126.5,65,,,,,,,,,,,,,,,,,127.0,155,127.3,1,,,,,,,,,,,,,,,,
2026-07-09T10:00:48.688067+00:00,2026-07-09T10:00:48.687998,2,3,126.8,0.4,126.6,100,126.5,65,,,,,,,,,,,,,,,,,127.0,155,127.1,100,127.3,1,,,,,,,,,,,,,,
2026-07-09T10:00:48.842926+00:00,2026-07-09T10:00:48.842803,3,3,126.85,0.3,126.7,6,126.6,100,126.5,59,,,,,,,,,,,,,,,127.0,155,127.1,100,127.3,1,,,,,,,,,,,,,,
2026-07-09T10:00:48.858788+00:00,2026-07-09T10:00:48.858664,3,3,126.85,0.3,126.7,6,126.6,100,126.5,59,,,,,,,,,,,,,,,127.0,150,127.1,100,127.3,1,,,,,,,,,,,,,,
2026-07-09T10:00:48.888547+00:00,2026-07-09T10:00:48.888377,3,4,126.85,0.3,126.7,6,126.6,100,126.5,59,,,,,,,,,,,,,,,127.0,150,127.1,100,127.2,5,127.3,1,,,,,,,,,,,,
2026-07-09T10:00:49.085183+00:00,2026-07-09T10:00:49.085043,2,3,126.9,0.4,126.7,6,126.6,100,,,,,,,,,,,,,,,,,127.1,100,127.2,5,127.3,1,,,,,,,,,,,,,,
2026-07-09T10:00:49.142044+00:00,2026-07-09T10:00:49.142213,3,3,126.9,0.4,126.7,6,126.6,100,126.5,150,,,,,,,,,,,,,,,127.1,100,127.2,5,127.3,1,,,,,,,,,,,,,,
2026-07-09T10:00:49.196405+00:00,2026-07-09T10:00:49.196211,3,4,126.85,0.3,126.7,6,126.6,100,126.5,150,,,,,,,,,,,,,,,127.0,150,127.1,100,127.2,5,127.3,1,,,,,,,,,,,,
2026-07-09T10:00:49.374326+00:00,2026-07-09T10:00:49.374268,3,4,126.85,0.3,126.7,6,126.6,100,126.5,150,,,,,,,,,,,,,,,127.0,150,127.1,100,127.2,5,127.5,1,,,,,,,,,,,,
2026-07-09T10:00:50.481809+00:00,2026-07-09T10:00:50.481757,3,3,126.85,0.3,126.7,6,126.6,100,126.5,150,,,,,,,,,,,,,,,127.0,150,127.1,100,127.2,5,,,,,,,,,,,,,,
2026-07-09T10:00:50.487132+00:00,2026-07-09T10:00:50.487039,3,4,126.85,0.3,126.7,6,126.6,100,126.5,150,,,,,,,,,,,,,,,127.0,150,127.1,100,127.2,5,127.5,1,,,,,,,,,,,,
2026-07-09T10:00:51.524502+00:00,2026-07-09T10:00:51.524391,2,4,126.8,0.4,126.6,100,126.5,150,,,,,,,,,,,,,,,,,127.0,150,127.1,100,127.2,5,127.5,1,,,,,,,,,,,,
2026-07-09T10:00:51.535231+00:00,2026-07-09T10:00:51.535082,2,4,126.8,0.4,126.6,100,126.5,156,,,,,,,,,,,,,,,,,127.0,150,127.1,100,127.2,5,127.5,1,,,,,,,,,,,,
2026-07-09T10:00:51.545858+00:00,2026-07-09T10:00:51.545722,2,3,126.8,0.4,126.6,100,126.5,156,,,,,,,,,,,,,,,,,127.0,150,127.1,100,127.5,1,,,,,,,,,,,,,,
2026-07-09T10:00:51.558875+00:00,2026-07-09T10:00:51.558773,2,3,126.8,0.4,126.6,100,126.5,156,,,,,,,,,,,,,,,,,127.0,155,127.1,100,127.5,1,,,,,,,,,,,,,,
2026-07-09T10:00:51.594256+00:00,2026-07-09T10:00:51.594126,2,3,126.8,0.4,126.6,100,126.5,156,,,,,,,,,,,,,,,,,127.0,155,127.1,100,127.4,1,,,,,,,,,,,,,,
2026-07-09T10:00:51.740041+00:00,2026-07-09T10:00:51.739874,1,2,126.75,0.5,126.5,156,,,,,,,,,,,,,,,,,,,127.0,155,127.4,1,,,,,,,,,,,,,,,,
2026-07-09T10:00:51.794294+00:00,2026-07-09T10:00:51.794185,2,2,126.8,0.4,126.6,100,126.5,156,,,,,,,,,,,,,,,,,127.0,155,127.4,1,,,,,,,,,,,,,,,,
2026-07-09T10:00:51.847370+00:00,2026-07-09T10:00:51.847310,2,3,126.8,0.4,126.6,100,126.5,156,,,,,,,,,,,,,,,,,127.0,155,127.1,100,127.4,1,,,,,,,,,,,,,,
2026-07-09T10:00:52.245807+00:00,2026-07-09T10:00:52.245673,2,3,126.8,0.4,126.6,100,126.5,156,,,,,,,,,,,,,,,,,127.0,5,127.1,100,127.4,1,,,,,,,,,,,,,,
2026-07-09T10:00:52.251087+00:00,2026-07-09T10:00:52.250944,2,3,126.8,0.4,126.6,100,126.5,6,,,,,,,,,,,,,,,,,127.0,5,127.1,100,127.4,1,,,,,,,,,,,,,,
2026-07-09T10:00:52.258650+00:00,2026-07-09T10:00:52.256271,2,3,126.8,0.4,126.6,50,126.5,6,,,,,,,,,,,,,,,,,127.0,5,127.1,100,127.4,1,,,,,,,,,,,,,,
2026-07-09T10:00:52.304606+00:00,2026-07-09T10:00:52.304501,3,3,126.85,0.3,126.7,150,126.6,50,126.5,6,,,,,,,,,,,,,,,127.0,5,127.1,100,127.4,1,,,,,,,,,,,,,,
2026-07-09T10:00:52.358564+00:00,2026-07-09T10:00:52.355845,3,4,126.85,0.3,126.7,150,126.6,50,126.5,6,,,,,,,,,,,,,,,127.0,5,127.1,100,127.2,150,127.4,1,,,,,,,,,,,,
2026-07-09T10:00:52.424178+00:00,2026-07-09T10:00:52.424051,3,3,126.9,0.4,126.7,150,126.6,50,126.5,6,,,,,,,,,,,,,,,127.1,56,127.2,150,127.4,1,,,,,,,,,,,,,,
2026-07-09T10:00:52.515402+00:00,2026-07-09T10:00:52.515550,2,3,126.9,0.4,126.7,150,126.6,50,,,,,,,,,,,,,,,,,127.1,56,127.2,150,127.4,1,,,,,,,,,,,,,,
2026-07-09T10:00:52.536318+00:00,2026-07-09T10:00:52.536238,3,3,126.95,0.3,126.8,6,126.7,150,126.6,50,,,,,,,,,,,,,,,127.1,56,127.2,150,127.4,1,,,,,,,,,,,,,,
2026-07-09T10:00:52.553023+00:00,2026-07-09T10:00:52.552891,3,4,126.95,0.3,126.8,6,126.7,150,126.6,50,,,,,,,,,,,,,,,127.1,56,127.2,150,127.3,4,127.4,1,,,,,,,,,,,,
2026-07-09T10:00:52.729559+00:00,2026-07-09T10:00:52.729348,3,3,126.95,0.3,126.8,6,126.7,150,126.6,50,,,,,,,,,,,,,,,127.1,56,127.2,150,127.3,4,,,,,,,,,,,,,,
2026-07-09T10:00:52.739838+00:00,2026-07-09T10:00:52.739997,3,4,126.95,0.3,126.8,6,126.7,150,126.6,50,,,,,,,,,,,,,,,127.1,56,127.2,150,127.3,4,127.7,1,,,,,,,,,,,,
2026-07-09T10:00:53.511081+00:00,2026-07-09T10:00:53.510994,2,4,126.9,0.4,126.7,150,126.6,50,,,,,,,,,,,,,,,,,127.1,56,127.2,150,127.3,4,127.7,1,,,,,,,,,,,,
2026-07-09T10:00:53.516369+00:00,2026-07-09T10:00:53.516258,2,4,126.9,0.4,126.7,150,126.6,56,,,,,,,,,,,,,,,,,127.1,56,127.2,150,127.3,4,127.7,1,,,,,,,,,,,,
2026-07-09T10:00:53.847328+00:00,2026-07-09T10:00:53.847221,2,4,126.9,0.4,126.7,150,126.6,56,,,,,,,,,,,,,,,,,127.1,56,127.2,150,127.3,4,127.5,1,,,,,,,,,,,,
2026-07-09T10:00:54.906145+00:00,2026-07-09T10:00:54.906039,2,3,126.95,0.5,126.7,150,126.6,6,,,,,,,,,,,,,,,,,127.2,150,127.3,4,127.5,1,,,,,,,,,,,,,,
2026-07-09T10:00:54.958580+00:00,2026-07-09T10:00:54.957778,2,3,126.95,0.5,126.7,150,126.6,106,,,,,,,,,,,,,,,,,127.2,150,127.3,4,127.5,1,,,,,,,,,,,,,,
2026-07-09T10:00:55.012929+00:00,2026-07-09T10:00:55.012812,2,4,126.9,0.4,126.7,150,126.6,106,,,,,,,,,,,,,,,,,127.1,100,127.2,150,127.3,4,127.5,1,,,,,,,,,,,,
2026-07-09T10:00:55.412759+00:00,2026-07-09T10:00:55.412971,1,3,126.85,0.5,126.6,106,,,,,,,,,,,,,,,,,,,127.1,100,127.3,4,127.5,1,,,,,,,,,,,,,,
2026-07-09T10:00:55.469256+00:00,2026-07-09T10:00:55.469075,2,3,126.85,0.5,126.6,106,126.5,150,,,,,,,,,,,,,,,,,127.1,100,127.3,4,127.5,1,,,,,,,,,,,,,,
2026-07-09T10:00:55.519742+00:00,2026-07-09T10:00:55.519595,2,4,126.8,0.4,126.6,106,126.5,150,,,,,,,,,,,,,,,,,127.0,150,127.1,100,127.3,4,127.5,1,,,,,,,,,,,,
2026-07-09T10:00:55.676227+00:00,2026-07-09T10:00:55.676085,2,3,126.8,0.4,126.6,106,126.5,150,,,,,,,,,,,,,,,,,127.0,150,127.1,100,127.5,1,,,,,,,,,,,,,,
2026-07-09T10:00:55.681195+00:00,2026-07-09T10:00:55.681345,2,3,126.8,0.4,126.6,106,126.5,150,,,,,,,,,,,,,,,,,127.0,150,127.1,105,127.5,1,,,,,,,,,,,,,,
2026-07-09T10:00:56.065007+00:00,2026-07-09T10:00:56.065279,2,2,126.8,0.4,126.6,106,126.5,150,,,,,,,,,,,,,,,,,127.0,150,127.1,105,,,,,,,,,,,,,,,,
2026-07-09T10:00:56.070397+00:00,2026-07-09T10:00:56.070595,2,3,126.8,0.4,126.6,106,126.5,150,,,,,,,,,,,,,,,,,127.0,150,127.1,105,127.6,1,,,,,,,,,,,,,,
2026-07-09T10:00:57.180138+00:00,2026-07-09T10:00:57.180293,2,3,126.8,0.4,126.6,106,126.5,150,,,,,,,,,,,,,,,,,127.0,150,127.1,105,127.4,1,,,,,,,,,,,,,,
2026-07-09T10:00:58.067661+00:00,2026-07-09T10:00:58.067560,2,3,126.8,0.4,126.6,6,126.5,150,,,,,,,,,,,,,,,,,127.0,150,127.1,5,127.4,1,,,,,,,,,,,,,,
2026-07-09T10:00:58.123568+00:00,2026-07-09T10:00:58.123445,2,3,126.8,0.4,126.6,106,126.5,150,,,,,,,,,,,,,,,,,127.0,150,127.1,5,127.4,1,,,,,,,,,,,,,,
2026-07-09T10:00:58.174377+00:00,2026-07-09T10:00:58.174314,2,3,126.8,0.4,126.6,106,126.5,150,,,,,,,,,,,,,,,,,127.0,150,127.1,105,127.4,1,,,,,,,,,,,,,,
2026-07-09T10:00:58.290250+00:00,2026-07-09T10:00:58.290157,2,3,126.8,0.4,126.6,106,126.5,150,,,,,,,,,,,,,,,,,127.0,150,127.1,105,127.4,1,,,,,,,,,,,,,,
2026-07-09T10:00:58.519984+00:00,2026-07-09T10:00:58.519920,2,3,126.8,0.4,126.6,106,126.5,150,,,,,,,,,,,,,,,,,127.0,100,127.1,105,127.4,1,,,,,,,,,,,,,,
2026-07-09T10:00:58.574701+00:00,2026-07-09T10:00:58.574625,1,2,126.85,0.5,126.6,106,,,,,,,,,,,,,,,,,,,127.1,105,127.4,1,,,,,,,,,,,,,,,,
2026-07-09T10:00:58.629141+00:00,2026-07-09T10:00:58.629060,1,2,126.85,0.5,126.6,256,,,,,,,,,,,,,,,,,,,127.1,105,127.4,1,,,,,,,,,,,,,,,,
2026-07-09T10:00:58.681932+00:00,2026-07-09T10:00:58.681797,1,2,126.85,0.5,126.6,256,,,,,,,,,,,,,,,,,,,127.1,255,127.4,1,,,,,,,,,,,,,,,,
2026-07-09T10:00:59.401668+00:00,2026-07-09T10:00:59.401645,1,1,126.85,0.5,126.6,256,,,,,,,,,,,,,,,,,,,127.1,255,,,,,,,,,,,,,,,,,,
2026-07-09T10:00:59.406869+00:00,2026-07-09T10:00:59.406847,1,2,126.85,0.5,126.6,256,,,,,,,,,,,,,,,,,,,127.1,255,127.6,1,,,,,,,,,,,,,,,,
2026-07-09T10:01:00.516347+00:00,2026-07-09T10:01:00.516258,1,2,126.85,0.5,126.6,256,,,,,,,,,,,,,,,,,,,127.1,255,127.6,1,,,,,,,,,,,,,,,,
2026-07-09T10:01:00.630754+00:00,2026-07-09T10:01:00.630616,1,2,126.85,0.5,126.6,256,,,,,,,,,,,,,,,,,,,127.1,205,127.6,1,,,,,,,,,,,,,,,,
2026-07-09T10:01:01.231786+00:00,2026-07-09T10:01:01.231650,1,2,126.85,0.5,126.6,156,,,,,,,,,,,,,,,,,,,127.1,150,127.6,1,,,,,,,,,,,,,,,,
2026-07-09T10:01:01.287706+00:00,2026-07-09T10:01:01.287642,2,2,127.0,0.2,126.9,100,126.6,156,,,,,,,,,,,,,,,,,127.1,150,127.6,1,,,,,,,,,,,,,,,,
2026-07-09T10:01:01.340279+00:00,2026-07-09T10:01:01.340096,2,3,127.0,0.2,126.9,100,126.6,156,,,,,,,,,,,,,,,,,127.1,150,127.4,100,127.6,1,,,,,,,,,,,,,,
2026-07-09T10:01:01.507412+00:00,2026-07-09T10:01:01.507362,2,3,127.0,0.2,126.9,100,126.6,150,,,,,,,,,,,,,,,,,127.1,150,127.4,100,127.6,1,,,,,,,,,,,,,,
2026-07-09T10:01:01.512624+00:00,2026-07-09T10:01:01.512555,3,3,127.0,0.2,126.9,100,126.8,6,126.6,150,,,,,,,,,,,,,,,127.1,150,127.4,100,127.6,1,,,,,,,,,,,,,,
2026-07-09T10:01:01.626384+00:00,2026-07-09T10:01:01.626341,3,3,127.0,0.2,126.9,100,126.8,6,126.6,150,,,,,,,,,,,,,,,127.1,150,127.4,100,127.7,1,,,,,,,,,,,,,,
2026-07-09T10:01:01.703212+00:00,2026-07-09T10:01:01.703085,3,4,127.0,0.2,126.9,100,126.8,6,126.6,150,,,,,,,,,,,,,,,127.1,150,127.3,4,127.4,100,127.7,1,,,,,,,,,,,,
2026-07-09T10:01:01.738137+00:00,2026-07-09T10:01:01.738080,2,3,127.1,0.4,126.9,100,126.8,6,,,,,,,,,,,,,,,,,127.3,4,127.4,100,127.7,1,,,,,,,,,,,,,,
2026-07-09T10:01:01.789763+00:00,2026-07-09T10:01:01.789946,2,3,127.1,0.4,126.9,250,126.8,6,,,,,,,,,,,,,,,,,127.3,4,127.4,100,127.7,1,,,,,,,,,,,,,,
2026-07-09T10:01:01.858749+00:00,2026-07-09T10:01:01.858628,2,3,127.1,0.4,126.9,250,126.8,6,,,,,,,,,,,,,,,,,127.3,4,127.4,250,127.7,1,,,,,,,,,,,,,,
2026-07-09T10:01:02.217824+00:00,2026-07-09T10:01:02.217677,2,3,127.1,0.4,126.9,206,126.8,6,,,,,,,,,,,,,,,,,127.3,4,127.4,250,127.7,1,,,,,,,,,,,,,,
2026-07-09T10:01:02.652999+00:00,2026-07-09T10:01:02.643878,2,3,127.1,0.4,126.9,195,126.8,6,,,,,,,,,,,,,,,,,127.3,4,127.4,250,127.7,1,,,,,,,,,,,,,,
2026-07-09T10:01:02.733842+00:00,2026-07-09T10:01:02.733928,2,2,127.1,0.4,126.9,195,126.8,6,,,,,,,,,,,,,,,,,127.3,4,127.4,250,,,,,,,,,,,,,,,,
2026-07-09T10:01:02.739249+00:00,2026-07-09T10:01:02.739142,2,2,127.1,0.4,126.9,191,126.8,6,,,,,,,,,,,,,,,,,127.3,4,127.4,250,,,,,,,,,,,,,,,,
2026-07-09T10:01:02.749657+00:00,2026-07-09T10:01:02.749554,2,3,127.1,0.4,126.9,191,126.8,6,,,,,,,,,,,,,,,,,127.3,4,127.4,250,127.5,1,,,,,,,,,,,,,,
2026-07-09T10:01:02.793180+00:00,2026-07-09T10:01:02.792990,2,3,127.1,0.4,126.9,141,126.8,6,,,,,,,,,,,,,,,,,127.3,4,127.4,250,127.5,1,,,,,,,,,,,,,,
2026-07-09T10:01:03.858553+00:00,2026-07-09T10:01:03.858447,2,3,127.1,0.4,126.9,141,126.8,6,,,,,,,,,,,,,,,,,127.3,4,127.4,250,127.5,1,,,,,,,,,,,,,,
2026-07-09T10:01:04.119285+00:00,2026-07-09T10:01:04.119226,2,2,127.15,0.5,126.9,141,126.8,6,,,,,,,,,,,,,,,,,127.4,250,127.5,5,,,,,,,,,,,,,,,,
2026-07-09T10:01:04.402265+00:00,2026-07-09T10:01:04.402137,2,2,127.15,0.5,126.9,141,126.8,6,,,,,,,,,,,,,,,,,127.4,150,127.5,5,,,,,,,,,,,,,,,,
2026-07-09T10:01:04.464294+00:00,2026-07-09T10:01:04.464149,3,2,127.15,0.5,126.9,141,126.8,6,126.7,100,,,,,,,,,,,,,,,127.4,150,127.5,5,,,,,,,,,,,,,,,,
2026-07-09T10:01:04.517817+00:00,2026-07-09T10:01:04.517722,3,3,127.05,0.3,126.9,141,126.8,6,126.7,100,,,,,,,,,,,,,,,127.2,100,127.4,150,127.5,5,,,,,,,,,,,,,,
2026-07-09T10:01:04.846839+00:00,2026-07-09T10:01:04.846735,3,3,127.05,0.3,126.9,141,126.8,6,126.7,100,,,,,,,,,,,,,,,127.2,50,127.4,150,127.5,5,,,,,,,,,,,,,,
2026-07-09T10:01:04.898776+00:00,2026-07-09T10:01:04.898736,3,2,127.05,0.3,126.9,141,126.8,6,126.7,100,,,,,,,,,,,,,,,127.2,50,127.5,5,,,,,,,,,,,,,,,,
2026-07-09T10:01:04.903986+00:00,2026-07-09T10:01:04.903934,2,2,127.0,0.4,126.8,6,126.7,100,,,,,,,,,,,,,,,,,127.2,50,127.5,5,,,,,,,,,,,,,,,,
2026-07-09T10:01:04.955984+00:00,2026-07-09T10:01:04.956080,3,2,127.05,0.3,126.9,150,126.8,6,126.7,100,,,,,,,,,,,,,,,127.2,50,127.5,5,,,,,,,,,,,,,,,,
2026-07-09T10:01:04.971070+00:00,2026-07-09T10:01:04.971195,3,3,127.05,0.3,126.9,150,126.8,6,126.7,100,,,,,,,,,,,,,,,127.2,50,127.5,4,127.7,1,,,,,,,,,,,,,,
2026-07-09T10:01:05.006606+00:00,2026-07-09T10:01:05.006552,3,4,127.05,0.3,126.9,150,126.8,6,126.7,100,,,,,,,,,,,,,,,127.2,50,127.4,150,127.5,4,127.7,1,,,,,,,,,,,,
2026-07-09T10:01:05.558650+00:00,2026-07-09T10:01:05.556698,2,4,127.05,0.3,126.9,150,126.7,100,,,,,,,,,,,,,,,,,127.2,50,127.4,150,127.5,4,127.7,1,,,,,,,,,,,,
2026-07-09T10:01:05.563785+00:00,2026-07-09T10:01:05.563734,3,4,127.1,0.2,127.0,6,126.9,150,126.7,100,,,,,,,,,,,,,,,127.2,50,127.4,150,127.5,4,127.7,1,,,,,,,,,,,,
2026-07-09T10:01:05.758575+00:00,2026-07-09T10:01:05.747786,3,4,127.1,0.2,127.0,6,126.9,150,126.7,100,,,,,,,,,,,,,,,127.2,9,127.4,150,127.5,4,127.7,1,,,,,,,,,,,,
2026-07-09T10:01:05.808197+00:00,2026-07-09T10:01:05.808365,2,4,127.05,0.3,126.9,114,126.7,100,,,,,,,,,,,,,,,,,127.2,9,127.4,150,127.5,4,127.7,1,,,,,,,,,,,,
2026-07-09T10:01:05.973361+00:00,2026-07-09T10:01:05.973308,2,4,127.05,0.3,126.9,114,126.7,100,,,,,,,,,,,,,,,,,127.2,9,127.4,150,127.5,5,127.7,1,,,,,,,,,,,,
2026-07-09T10:01:06.078206+00:00,2026-07-09T10:01:06.078090,2,3,127.05,0.3,126.9,114,126.7,100,,,,,,,,,,,,,,,,,127.2,9,127.4,150,127.5,5,,,,,,,,,,,,,,
2026-07-09T10:01:06.083354+00:00,2026-07-09T10:01:06.083267,2,4,127.05,0.3,126.9,114,126.7,100,,,,,,,,,,,,,,,,,127.2,9,127.4,150,127.5,5,127.9,1,,,,,,,,,,,,
2026-07-09T10:01:06.302081+00:00,2026-07-09T10:01:06.302187,2,4,127.05,0.3,126.9,69,126.7,100,,,,,,,,,,,,,,,,,127.2,9,127.4,150,127.5,5,127.9,1,,,,,,,,,,,,
2026-07-09T10:01:06.953112+00:00,2026-07-09T10:01:06.953308,2,3,127.15,0.5,126.9,69,126.7,100,,,,,,,,,,,,,,,,,127.4,109,127.5,5,127.9,1,,,,,,,,,,,,,,
2026-07-09T10:01:06.974909+00:00,2026-07-09T10:01:06.974858,3,3,127.15,0.5,126.9,69,126.8,6,126.7,100,,,,,,,,,,,,,,,127.4,109,127.5,5,127.9,1,,,,,,,,,,,,,,
2026-07-09T10:01:06.980189+00:00,2026-07-09T10:01:06.980064,3,3,127.1,0.4,126.9,69,126.8,6,126.7,100,,,,,,,,,,,,,,,127.3,5,127.4,109,127.9,1,,,,,,,,,,,,,,
2026-07-09T10:01:07.186324+00:00,2026-07-09T10:01:07.186460,3,2,127.1,0.4,126.9,69,126.8,6,126.7,100,,,,,,,,,,,,,,,127.3,5,127.4,109,,,,,,,,,,,,,,,,
2026-07-09T10:01:07.191817+00:00,2026-07-09T10:01:07.191677,3,3,127.1,0.4,126.9,69,126.8,6,126.7,100,,,,,,,,,,,,,,,127.3,5,127.4,109,127.7,1,,,,,,,,,,,,,,
2026-07-09T10:01:07.571849+00:00,2026-07-09T10:01:07.571746,2,3,127.1,0.4,126.9,69,126.8,6,,,,,,,,,,,,,,,,,127.3,5,127.4,109,127.7,1,,,,,,,,,,,,,,
2026-07-09T10:01:07.645111+00:00,2026-07-09T10:01:07.645017,3,3,127.15,0.3,127.0,100,126.9,69,126.8,6,,,,,,,,,,,,,,,127.3,5,127.4,109,127.7,1,,,,,,,,,,,,,,
2026-07-09T10:01:07.699098+00:00,2026-07-09T10:01:07.699029,3,4,127.15,0.3,127.0,100,126.9,69,126.8,6,,,,,,,,,,,,,,,127.3,5,127.4,109,127.5,100,127.7,1,,,,,,,,,,,,
2026-07-09T10:01:08.058628+00:00,2026-07-09T10:01:08.054347,2,3,127.15,0.3,127.0,100,126.8,6,,,,,,,,,,,,,,,,,127.3,5,127.5,100,127.7,1,,,,,,,,,,,,,,
2026-07-09T10:01:08.117077+00:00,2026-07-09T10:01:08.117052,2,3,127.15,0.3,127.0,100,126.8,156,,,,,,,,,,,,,,,,,127.3,5,127.5,100,127.7,1,,,,,,,,,,,,,,
2026-07-09T10:01:08.170191+00:00,2026-07-09T10:01:08.170096,2,3,127.15,0.3,127.0,100,126.8,156,,,,,,,,,,,,,,,,,127.3,155,127.5,100,127.7,1,,,,,,,,,,,,,,
2026-07-09T10:01:08.300916+00:00,2026-07-09T10:01:08.300791,2,3,127.15,0.3,127.0,100,126.8,156,,,,,,,,,,,,,,,,,127.3,155,127.5,100,127.8,1,,,,,,,,,,,,,,
2026-07-09T10:01:09.096473+00:00,2026-07-09T10:01:09.096414,2,3,127.15,0.3,127.0,100,126.8,156,,,,,,,,,,,,,,,,,127.3,105,127.5,100,127.8,1,,,,,,,,,,,,,,
2026-07-09T10:01:09.411920+00:00,2026-07-09T10:01:09.411867,2,3,127.15,0.3,127.0,100,126.8,156,,,,,,,,,,,,,,,,,127.3,105,127.5,100,127.6,1,,,,,,,,,,,,,,
2026-07-09T10:01:10.520506+00:00,2026-07-09T10:01:10.520431,2,3,127.15,0.3,127.0,100,126.8,156,,,,,,,,,,,,,,,,,127.3,105,127.5,100,127.6,1,,,,,,,,,,,,,,
2026-07-09T10:01:10.758677+00:00,2026-07-09T10:01:10.753905,1,2,127.05,0.5,126.8,156,,,,,,,,,,,,,,,,,,,127.3,105,127.6,1,,,,,,,,,,,,,,,,
2026-07-09T10:01:10.808612+00:00,2026-07-09T10:01:10.808719,1,2,127.05,0.5,126.8,256,,,,,,,,,,,,,,,,,,,127.3,105,127.6,1,,,,,,,,,,,,,,,,
2026-07-09T10:01:10.858587+00:00,2026-07-09T10:01:10.857909,1,2,127.05,0.5,126.8,256,,,,,,,,,,,,,,,,,,,127.3,205,127.6,1,,,,,,,,,,,,,,,,
2026-07-09T10:01:11.222176+00:00,2026-07-09T10:01:11.222141,1,2,127.05,0.5,126.8,106,,,,,,,,,,,,,,,,,,,127.3,100,127.6,1,,,,,,,,,,,,,,,,
2026-07-09T10:01:11.276447+00:00,2026-07-09T10:01:11.276402,1,2,127.05,0.5,126.8,256,,,,,,,,,,,,,,,,,,,127.3,100,127.6,1,,,,,,,,,,,,,,,,
2026-07-09T10:01:11.330571+00:00,2026-07-09T10:01:11.330469,1,2,127.05,0.5,126.8,256,,,,,,,,,,,,,,,,,,,127.3,250,127.6,1,,,,,,,,,,,,,,,,
2026-07-09T10:01:11.628732+00:00,2026-07-09T10:01:11.628686,1,1,127.05,0.5,126.8,256,,,,,,,,,,,,,,,,,,,127.3,250,,,,,,,,,,,,,,,,,,
2026-07-09T10:01:11.633883+00:00,2026-07-09T10:01:11.633856,1,2,127.05,0.5,126.8,256,,,,,,,,,,,,,,,,,,,127.3,250,127.6,1,,,,,,,,,,,,,,,,
2026-07-09T10:01:12.643387+00:00,2026-07-09T10:01:12.643261,1,2,127.05,0.5,126.8,256,,,,,,,,,,,,,,,,,,,127.3,206,127.6,1,,,,,,,,,,,,,,,,
2026-07-09T10:01:12.741164+00:00,2026-07-09T10:01:12.741133,1,2,127.05,0.5,126.8,256,,,,,,,,,,,,,,,,,,,127.3,206,127.9,1,,,,,,,,,,,,,,,,
2026-07-09T10:01:12.830898+00:00,2026-07-09T10:01:12.830803,2,2,127.15,0.3,127.0,6,126.8,250,,,,,,,,,,,,,,,,,127.3,206,127.9,1,,,,,,,,,,,,,,,,
2026-07-09T10:01:12.967290+00:00,2026-07-09T10:01:12.967218,2,3,127.15,0.3,127.0,6,126.8,250,,,,,,,,,,,,,,,,,127.3,206,127.5,4,127.9,1,,,,,,,,,,,,,,
2026-07-09T10:01:13.320172+00:00,2026-07-09T10:01:13.320040,2,3,127.15,0.3,127.0,6,126.8,250,,,,,,,,,,,,,,,,,127.3,156,127.5,4,127.9,1,,,,,,,,,,,,,,
2026-07-09T10:01:13.416750+00:00,2026-07-09T10:01:13.416716,1,3,127.05,0.5,126.8,256,,,,,,,,,,,,,,,,,,,127.3,156,127.5,4,127.9,1,,,,,,,,,,,,,,
2026-07-09T10:01:13.777106+00:00,2026-07-09T10:01:13.777047,1,3,127.05,0.5,126.8,256,,,,,,,,,,,,,,,,,,,127.3,107,127.5,4,127.9,1,,,,,,,,,,,,,,
2026-07-09T10:01:13.849110+00:00,2026-07-09T10:01:13.849262,1,2,127.05,0.5,126.8,256,,,,,,,,,,,,,,,,,,,127.3,107,127.5,4,,,,,,,,,,,,,,,,
2026-07-09T10:01:13.854589+00:00,2026-07-09T10:01:13.854446,1,3,127.05,0.5,126.8,256,,,,,,,,,,,,,,,,,,,127.3,107,127.5,4,127.8,1,,,,,,,,,,,,,,
2026-07-09T10:01:13.917222+00:00,2026-07-09T10:01:13.917180,1,3,127.05,0.5,126.8,156,,,,,,,,,,,,,,,,,,,127.3,107,127.5,4,127.8,1,,,,,,,,,,,,,,
2026-07-09T10:01:13.969188+00:00,2026-07-09T10:01:13.969352,1,3,127.05,0.5,126.8,156,,,,,,,,,,,,,,,,,,,127.3,7,127.5,4,127.8,1,,,,,,,,,,,,,,
2026-07-09T10:01:14.022516+00:00,2026-07-09T10:01:14.022428,1,3,127.05,0.5,126.8,156,,,,,,,,,,,,,,,,,,,127.3,7,127.5,4,127.8,101,,,,,,,,,,,,,,
2026-07-09T10:01:14.387583+00:00,2026-07-09T10:01:14.387513,1,2,127.15,0.7,126.8,6,,,,,,,,,,,,,,,,,,,127.5,4,127.8,101,,,,,,,,,,,,,,,,
2026-07-09T10:01:14.454000+00:00,2026-07-09T10:01:14.449769,2,1,127.65,0.3,127.5,120,126.8,6,,,,,,,,,,,,,,,,,127.8,100,,,,,,,,,,,,,,,,,,
2026-07-09T10:01:14.474761+00:00,2026-07-09T10:01:14.474534,2,1,127.65,0.3,127.5,95,126.8,6,,,,,,,,,,,,,,,,,127.8,100,,,,,,,,,,,,,,,,,,
2026-07-09T10:01:14.516611+00:00,2026-07-09T10:01:14.516521,2,2,127.65,0.3,127.5,95,126.8,6,,,,,,,,,,,,,,,,,127.8,100,128.0,150,,,,,,,,,,,,,,,,
2026-07-09T10:01:14.572263+00:00,2026-07-09T10:01:14.572094,2,2,127.65,0.3,127.5,85,126.8,6,,,,,,,,,,,,,,,,,127.8,100,128.0,150,,,,,,,,,,,,,,,,
2026-07-09T10:01:14.577456+00:00,2026-07-09T10:01:14.577360,2,2,127.65,0.3,127.5,60,126.8,6,,,,,,,,,,,,,,,,,127.8,100,128.0,150,,,,,,,,,,,,,,,,
2026-07-09T10:01:14.883268+00:00,2026-07-09T10:01:14.883207,2,2,127.65,0.3,127.5,20,126.8,6,,,,,,,,,,,,,,,,,127.8,100,128.0,150,,,,,,,,,,,,,,,,
2026-07-09T10:01:14.992517+00:00,2026-07-09T10:01:14.992404,2,3,127.6,0.2,127.5,20,126.8,6,,,,,,,,,,,,,,,,,127.7,1,127.8,100,128.0,150,,,,,,,,,,,,,,
2026-07-09T10:01:15.022962+00:00,2026-07-09T10:01:15.022904,2,3,127.6,0.2,127.5,10,126.8,6,,,,,,,,,,,,,,,,,127.7,1,127.8,100,128.0,150,,,,,,,,,,,,,,
2026-07-09T10:01:15.322127+00:00,2026-07-09T10:01:15.315258,2,3,127.6,0.2,127.5,7,126.8,6,,,,,,,,,,,,,,,,,127.7,1,127.8,100,128.0,150,,,,,,,,,,,,,,
2026-07-09T10:01:15.378465+00:00,2026-07-09T10:01:15.378362,1,3,127.25,0.9,126.8,6,,,,,,,,,,,,,,,,,,,127.7,1,127.8,100,128.0,150,,,,,,,,,,,,,,
2026-07-09T10:01:15.422999+00:00,2026-07-09T10:01:15.422946,1,2,127.3,1.0,126.8,6,,,,,,,,,,,,,,,,,,,127.8,51,128.0,150,,,,,,,,,,,,,,,,
2026-07-09T10:01:15.829719+00:00,2026-07-09T10:01:15.829655,1,3,127.05,0.5,126.8,6,,,,,,,,,,,,,,,,,,,127.3,4,127.8,51,128.0,150,,,,,,,,,,,,,,
2026-07-09T10:01:15.841583+00:00,2026-07-09T10:01:15.834366,1,3,127.05,0.5,126.8,6,,,,,,,,,,,,,,,,,,,127.3,1,127.8,51,128.0,150,,,,,,,,,,,,,,
2026-07-09T10:01:15.908830+00:00,2026-07-09T10:01:15.908755,1,2,127.3,1.0,126.8,6,,,,,,,,,,,,,,,,,,,127.8,51,128.0,150,,,,,,,,,,,,,,,,
2026-07-09T10:01:16.121391+00:00,2026-07-09T10:01:16.121341,2,2,127.35,0.9,126.9,1,126.8,6,,,,,,,,,,,,,,,,,127.8,51,128.0,150,,,,,,,,,,,,,,,,
2026-07-09T10:01:17.076408+00:00,2026-07-09T10:01:17.076321,2,1,127.45,1.1,126.9,1,126.8,6,,,,,,,,,,,,,,,,,128.0,150,,,,,,,,,,,,,,,,,,
2026-07-09T10:01:17.134366+00:00,2026-07-09T10:01:17.134252,3,1,127.55,0.9,127.1,100,126.9,1,126.8,6,,,,,,,,,,,,,,,128.0,150,,,,,,,,,,,,,,,,,,
2026-07-09T10:01:17.184540+00:00,2026-07-09T10:01:17.184494,3,2,127.35,0.5,127.1,100,126.9,1,126.8,6,,,,,,,,,,,,,,,127.6,100,128.0,150,,,,,,,,,,,,,,,,
2026-07-09T10:01:17.227067+00:00,2026-07-09T10:01:17.227005,2,2,127.35,0.5,127.1,100,126.8,6,,,,,,,,,,,,,,,,,127.6,100,128.0,150,,,,,,,,,,,,,,,,
2026-07-09T10:01:17.232290+00:00,2026-07-09T10:01:17.232188,3,2,127.4,0.4,127.2,1,127.1,100,126.8,6,,,,,,,,,,,,,,,127.6,100,128.0,150,,,,,,,,,,,,,,,,
2026-07-09T10:01:17.258630+00:00,2026-07-09T10:01:17.252376,3,2,127.4,0.4,127.2,1,127.1,100,127.0,6,,,,,,,,,,,,,,,127.6,100,128.0,150,,,,,,,,,,,,,,,,
2026-07-09T10:01:17.386612+00:00,2026-07-09T10:01:17.386394,3,2,127.4,0.4,127.2,1,127.1,100,127.0,6,,,,,,,,,,,,,,,127.6,103,128.0,150,,,,,,,,,,,,,,,,
2026-07-09T10:01:17.558610+00:00,2026-07-09T10:01:17.555536,3,2,127.4,0.4,127.2,1,127.1,100,127.0,6,,,,,,,,,,,,,,,127.6,53,128.0,150,,,,,,,,,,,,,,,,
2026-07-09T10:01:17.570462+00:00,2026-07-09T10:01:17.570394,3,1,127.4,0.4,127.2,1,127.1,100,127.0,6,,,,,,,,,,,,,,,127.6,53,,,,,,,,,,,,,,,,,,
2026-07-09T10:01:17.622153+00:00,2026-07-09T10:01:17.622048,4,1,127.4,0.4,127.2,1,127.1,100,127.0,6,126.9,150,,,,,,,,,,,,,127.6,53,,,,,,,,,,,,,,,,,,
2026-07-09T10:01:17.677802+00:00,2026-07-09T10:01:17.677751,4,2,127.25,0.1,127.2,1,127.1,100,127.0,6,126.9,150,,,,,,,,,,,,,127.3,150,127.6,53,,,,,,,,,,,,,,,,
2026-07-09T10:01:17.738329+00:00,2026-07-09T10:01:17.738291,3,2,127.2,0.2,127.1,100,127.0,6,126.9,150,,,,,,,,,,,,,,,127.3,150,127.6,53,,,,,,,,,,,,,,,,
2026-07-09T10:01:17.743582+00:00,2026-07-09T10:01:17.743523,3,2,127.2,0.2,127.1,100,127.0,6,126.9,150,,,,,,,,,,,,,,,127.3,140,127.6,53,,,,,,,,,,,,,,,,
2026-07-09T10:01:18.359448+00:00,2026-07-09T10:01:18.359381,3,2,127.2,0.2,127.1,100,127.0,6,126.9,150,,,,,,,,,,,,,,,127.3,140,127.6,54,,,,,,,,,,,,,,,,
2026-07-09T10:01:19.458614+00:00,2026-07-09T10:01:19.456369,3,2,127.2,0.2,127.1,100,127.0,6,126.9,150,,,,,,,,,,,,,,,127.3,140,127.6,53,,,,,,,,,,,,,,,,
2026-07-09T10:01:19.469953+00:00,2026-07-09T10:01:19.470067,3,2,127.2,0.2,127.1,100,127.0,6,126.9,150,,,,,,,,,,,,,,,127.3,140,127.6,54,,,,,,,,,,,,,,,,
2026-07-09T10:01:19.839169+00:00,2026-07-09T10:01:19.839321,3,2,127.2,0.2,127.1,57,127.0,6,126.9,150,,,,,,,,,,,,,,,127.3,140,127.6,54,,,,,,,,,,,,,,,,
2026-07-09T10:01:20.242195+00:00,2026-07-09T10:01:20.242142,2,2,127.15,0.3,127.0,6,126.9,150,,,,,,,,,,,,,,,,,127.3,140,127.6,4,,,,,,,,,,,,,,,,
2026-07-09T10:01:20.294996+00:00,2026-07-09T10:01:20.295165,2,2,127.15,0.3,127.0,106,126.9,150,,,,,,,,,,,,,,,,,127.3,140,127.6,4,,,,,,,,,,,,,,,,
2026-07-09T10:01:20.352264+00:00,2026-07-09T10:01:20.352064,2,3,127.15,0.3,127.0,106,126.9,150,,,,,,,,,,,,,,,,,127.3,140,127.5,100,127.6,4,,,,,,,,,,,,,,
2026-07-09T10:01:20.358582+00:00,2026-07-09T10:01:20.357328,2,3,127.15,0.3,127.0,65,126.9,150,,,,,,,,,,,,,,,,,127.3,140,127.5,100,127.6,4,,,,,,,,,,,,,,
2026-07-09T10:01:20.458654+00:00,2026-07-09T10:01:20.455552,2,3,127.15,0.3,127.0,65,126.9,150,,,,,,,,,,,,,,,,,127.3,140,127.5,100,127.6,5,,,,,,,,,,,,,,
2026-07-09T10:01:20.575402+00:00,2026-07-09T10:01:20.575330,2,3,127.15,0.3,127.0,65,126.9,150,,,,,,,,,,,,,,,,,127.3,140,127.5,100,127.6,4,,,,,,,,,,,,,,
2026-07-09T10:01:20.580577+00:00,2026-07-09T10:01:20.580508,2,3,127.15,0.3,127.0,65,126.9,150,,,,,,,,,,,,,,,,,127.3,140,127.5,100,127.6,5,,,,,,,,,,,,,,
2026-07-09T10:01:20.730876+00:00,2026-07-09T10:01:20.730760,1,2,127.25,0.5,127.0,65,,,,,,,,,,,,,,,,,,,127.5,100,127.6,5,,,,,,,,,,,,,,,,
2026-07-09T10:01:20.785863+00:00,2026-07-09T10:01:20.785803,2,2,127.25,0.5,127.0,65,126.8,150,,,,,,,,,,,,,,,,,127.5,100,127.6,5,,,,,,,,,,,,,,,,
2026-07-09T10:01:20.838760+00:00,2026-07-09T10:01:20.838625,2,3,127.15,0.3,127.0,65,126.8,150,,,,,,,,,,,,,,,,,127.3,150,127.5,100,127.6,5,,,,,,,,,,,,,,
2026-07-09T10:01:21.458617+00:00,2026-07-09T10:01:21.453472,2,3,127.15,0.3,127.0,65,126.8,156,,,,,,,,,,,,,,,,,127.3,150,127.5,100,127.6,5,,,,,,,,,,,,,,
2026-07-09T10:01:21.688016+00:00,2026-07-09T10:01:21.687922,2,3,127.15,0.3,127.0,65,126.8,156,,,,,,,,,,,,,,,,,127.3,150,127.5,101,127.6,4,,,,,,,,,,,,,,
2026-07-09T10:01:21.867325+00:00,2026-07-09T10:01:21.867248,2,3,127.15,0.3,127.0,15,126.8,156,,,,,,,,,,,,,,,,,127.3,150,127.5,101,127.6,4,,,,,,,,,,,,,,
2026-07-09T10:01:22.407329+00:00,2026-07-09T10:01:22.407305,2,3,127.15,0.3,127.0,15,126.8,156,,,,,,,,,,,,,,,,,127.3,150,127.5,100,127.6,4,,,,,,,,,,,,,,
2026-07-09T10:01:22.412581+00:00,2026-07-09T10:01:22.412521,2,3,127.15,0.3,127.0,15,126.8,156,,,,,,,,,,,,,,,,,127.3,140,127.5,100,127.6,4,,,,,,,,,,,,,,
2026-07-09T10:01:22.470565+00:00,2026-07-09T10:01:22.470396,2,3,127.15,0.3,127.0,21,126.8,150,,,,,,,,,,,,,,,,,127.3,140,127.5,100,127.6,4,,,,,,,,,,,,,,
2026-07-09T10:01:22.826817+00:00,2026-07-09T10:01:22.826742,2,4,127.15,0.3,127.0,21,126.8,150,,,,,,,,,,,,,,,,,127.3,140,127.5,100,127.6,4,127.9,1,,,,,,,,,,,,
2026-07-09T10:01:23.406281+00:00,2026-07-09T10:01:23.406161,2,3,127.15,0.3,127.0,6,126.8,150,,,,,,,,,,,,,,,,,127.3,140,127.6,4,127.9,1,,,,,,,,,,,,,,
2026-07-09T10:01:23.458737+00:00,2026-07-09T10:01:23.458661,2,3,127.15,0.3,127.0,106,126.8,150,,,,,,,,,,,,,,,,,127.3,140,127.6,4,127.9,1,,,,,,,,,,,,,,
2026-07-09T10:01:23.515160+00:00,2026-07-09T10:01:23.515255,2,4,127.15,0.3,127.0,106,126.8,150,,,,,,,,,,,,,,,,,127.3,140,127.5,100,127.6,4,127.9,1,,,,,,,,,,,,
2026-07-09T10:01:23.891459+00:00,2026-07-09T10:01:23.891611,1,3,127.25,0.5,127.0,106,,,,,,,,,,,,,,,,,,,127.5,100,127.6,4,127.9,1,,,,,,,,,,,,,,
2026-07-09T10:01:23.933169+00:00,2026-07-09T10:01:23.933035,1,2,127.25,0.5,127.0,106,,,,,,,,,,,,,,,,,,,127.5,100,127.6,4,,,,,,,,,,,,,,,,
2026-07-09T10:01:23.938335+00:00,2026-07-09T10:01:23.938250,1,3,127.25,0.5,127.0,106,,,,,,,,,,,,,,,,,,,127.5,100,127.6,4,127.8,1,,,,,,,,,,,,,,
2026-07-09T10:01:23.943687+00:00,2026-07-09T10:01:23.943501,1,3,127.25,0.5,127.0,256,,,,,,,,,,,,,,,,,,,127.5,100,127.6,4,127.8,1,,,,,,,,,,,,,,
2026-07-09T10:01:23.976504+00:00,2026-07-09T10:01:23.976359,1,3,127.25,0.5,127.0,206,,,,,,,,,,,,,,,,,,,127.5,100,127.6,4,127.8,1,,,,,,,,,,,,,,
2026-07-09T10:01:23.999297+00:00,2026-07-09T10:01:23.999210,1,3,127.25,0.5,127.0,206,,,,,,,,,,,,,,,,,,,127.5,250,127.6,4,127.8,1,,,,,,,,,,,,,,
2026-07-09T10:01:24.077305+00:00,2026-07-09T10:01:24.077226,1,3,127.25,0.5,127.0,206,,,,,,,,,,,,,,,,,,,127.5,250,127.6,6,127.8,1,,,,,,,,,,,,,,
2026-07-09T10:01:25.044547+00:00,2026-07-09T10:01:25.044481,1,3,127.25,0.5,127.0,206,,,,,,,,,,,,,,,,,,,127.5,250,127.6,6,127.7,1,,,,,,,,,,,,,,
2026-07-09T10:01:26.087130+00:00,2026-07-09T10:01:26.086959,1,3,127.25,0.5,127.0,156,,,,,,,,,,,,,,,,,,,127.5,250,127.6,6,127.7,1,,,,,,,,,,,,,,
2026-07-09T10:01:26.153631+00:00,2026-07-09T10:01:26.153595,1,3,127.25,0.5,127.0,156,,,,,,,,,,,,,,,,,,,127.5,250,127.6,6,127.7,1,,,,,,,,,,,,,,
2026-07-09T10:01:26.565131+00:00,2026-07-09T10:01:26.565072,1,3,127.25,0.5,127.0,156,,,,,,,,,,,,,,,,,,,127.5,150,127.6,6,127.7,1,,,,,,,,,,,,,,
2026-07-09T10:01:26.570328+00:00,2026-07-09T10:01:26.570249,1,3,127.25,0.5,127.0,150,,,,,,,,,,,,,,,,,,,127.5,150,127.6,6,127.7,1,,,,,,,,,,,,,,
2026-07-09T10:01:26.629788+00:00,2026-07-09T10:01:26.629916,2,3,127.25,0.5,127.0,150,126.5,100,,,,,,,,,,,,,,,,,127.5,150,127.6,6,127.7,1,,,,,,,,,,,,,,
2026-07-09T10:01:26.682290+00:00,2026-07-09T10:01:26.682136,2,3,127.25,0.5,127.0,50,126.5,100,,,,,,,,,,,,,,,,,127.5,150,127.6,6,127.7,1,,,,,,,,,,,,,,
2026-07-09T10:01:27.058611+00:00,2026-07-09T10:01:27.053258,1,2,127.05,1.1,126.5,100,,,,,,,,,,,,,,,,,,,127.6,6,127.7,1,,,,,,,,,,,,,,,,
2026-07-09T10:01:27.108188+00:00,2026-07-09T10:01:27.108074,2,2,127.05,1.1,126.5,100,126.4,150,,,,,,,,,,,,,,,,,127.6,6,127.7,1,,,,,,,,,,,,,,,,
2026-07-09T10:01:27.171193+00:00,2026-07-09T10:01:27.164532,2,3,126.7,0.4,126.5,100,126.4,150,,,,,,,,,,,,,,,,,126.9,136,127.6,6,127.7,1,,,,,,,,,,,,,,
2026-07-09T10:01:27.266248+00:00,2026-07-09T10:01:27.266209,2,2,126.7,0.4,126.5,100,126.4,150,,,,,,,,,,,,,,,,,126.9,136,127.6,6,,,,,,,,,,,,,,,,
2026-07-09T10:01:27.276532+00:00,2026-07-09T10:01:27.276633,2,2,126.7,0.4,126.5,100,126.4,150,,,,,,,,,,,,,,,,,126.9,126,127.6,6,,,,,,,,,,,,,,,,
2026-07-09T10:01:27.282062+00:00,2026-07-09T10:01:27.281963,2,2,126.7,0.4,126.5,100,126.4,150,,,,,,,,,,,,,,,,,126.9,106,127.6,6,,,,,,,,,,,,,,,,
2026-07-09T10:01:27.297583+00:00,2026-07-09T10:01:27.297670,2,2,126.7,0.4,126.5,100,126.4,150,,,,,,,,,,,,,,,,,126.9,106,127.6,7,,,,,,,,,,,,,,,,
2026-07-09T10:01:27.400136+00:00,2026-07-09T10:01:27.400006,2,2,126.7,0.4,126.5,100,126.4,150,,,,,,,,,,,,,,,,,126.9,106,127.6,6,,,,,,,,,,,,,,,,
2026-07-09T10:01:27.439252+00:00,2026-07-09T10:01:27.439153,3,1,126.85,0.1,126.8,6,126.5,100,126.4,150,,,,,,,,,,,,,,,126.9,106,,,,,,,,,,,,,,,,,,
2026-07-09T10:01:27.444380+00:00,2026-07-09T10:01:27.444333,3,2,126.85,0.1,126.8,6,126.5,100,126.4,150,,,,,,,,,,,,,,,126.9,106,127.3,6,,,,,,,,,,,,,,,,
2026-07-09T10:01:27.592895+00:00,2026-07-09T10:01:27.586618,3,2,126.85,0.1,126.8,6,126.5,100,126.4,150,,,,,,,,,,,,,,,126.9,83,127.3,6,,,,,,,,,,,,,,,,
2026-07-09T10:01:27.613820+00:00,2026-07-09T10:01:27.613659,3,2,126.85,0.1,126.8,6,126.5,100,126.4,150,,,,,,,,,,,,,,,126.9,63,127.3,6,,,,,,,,,,,,,,,,
2026-07-09T10:01:27.858572+00:00,2026-07-09T10:01:27.856654,3,1,126.85,0.1,126.8,6,126.5,100,126.4,150,,,,,,,,,,,,,,,126.9,63,,,,,,,,,,,,,,,,,,
2026-07-09T10:01:28.042413+00:00,2026-07-09T10:01:28.042312,3,2,126.85,0.1,126.8,6,126.5,100,126.4,150,,,,,,,,,,,,,,,126.9,63,127.5,6,,,,,,,,,,,,,,,,
2026-07-09T10:01:28.195548+00:00,2026-07-09T10:01:28.195484,2,2,126.7,0.4,126.5,56,126.4,150,,,,,,,,,,,,,,,,,126.9,63,127.5,6,,,,,,,,,,,,,,,,
2026-07-09T10:01:28.252771+00:00,2026-07-09T10:01:28.252947,2,2,126.7,0.4,126.5,56,126.4,150,,,,,,,,,,,,,,,,,126.9,53,127.5,6,,,,,,,,,,,,,,,,
2026-07-09T10:01:28.437396+00:00,2026-07-09T10:01:28.437075,2,3,126.7,0.4,126.5,56,126.4,150,,,,,,,,,,,,,,,,,126.9,53,127.5,6,127.9,1,,,,,,,,,,,,,,
2026-07-09T10:01:28.664054+00:00,2026-07-09T10:01:28.663951,2,3,126.7,0.4,126.5,56,126.4,150,,,,,,,,,,,,,,,,,126.9,43,127.5,6,127.9,1,,,,,,,,,,,,,,
2026-07-09T10:01:28.906685+00:00,2026-07-09T10:01:28.899736,2,3,126.7,0.4,126.5,56,126.4,150,,,,,,,,,,,,,,,,,126.9,31,127.5,6,127.9,1,,,,,,,,,,,,,,
2026-07-09T10:01:28.927315+00:00,2026-07-09T10:01:28.927431,2,2,126.7,0.4,126.5,56,126.4,150,,,,,,,,,,,,,,,,,126.9,31,127.5,6,,,,,,,,,,,,,,,,
2026-07-09T10:01:28.932766+00:00,2026-07-09T10:01:28.932684,2,2,126.7,0.4,126.5,56,126.4,150,,,,,,,,,,,,,,,,,126.9,21,127.5,6,,,,,,,,,,,,,,,,
2026-07-09T10:01:29.079566+00:00,2026-07-09T10:01:29.079465,2,2,126.7,0.4,126.5,56,126.4,150,,,,,,,,,,,,,,,,,126.9,12,127.5,6,,,,,,,,,,,,,,,,
2026-07-09T10:01:29.113403+00:00,2026-07-09T10:01:29.113306,2,0,,,126.5,56,126.4,150,,,,,,,,,,,,,,,,,,,,,,,,,,,,,,,,,,,,
2026-07-09T10:01:29.506471+00:00,2026-07-09T10:01:29.506423,3,0,,,127.0,6,126.5,56,126.4,150,,,,,,,,,,,,,,,,,,,,,,,,,,,,,,,,,,
2026-07-09T10:01:29.740069+00:00,2026-07-09T10:01:29.739960,2,0,,,127.0,6,126.4,150,,,,,,,,,,,,,,,,,,,,,,,,,,,,,,,,,,,,
2026-07-09T10:01:29.792785+00:00,2026-07-09T10:01:29.792703,3,0,,,127.0,6,126.9,100,126.4,150,,,,,,,,,,,,,,,,,,,,,,,,,,,,,,,,,,
2026-07-09T10:01:29.845816+00:00,2026-07-09T10:01:29.845741,3,1,127.2,0.4,127.0,6,126.9,100,126.4,150,,,,,,,,,,,,,,,127.4,100,,,,,,,,,,,,,,,,,,
2026-07-09T10:01:30.215407+00:00,2026-07-09T10:01:30.215264,2,1,127.2,0.4,127.0,6,126.9,100,,,,,,,,,,,,,,,,,127.4,100,,,,,,,,,,,,,,,,,,
2026-07-09T10:01:30.274539+00:00,2026-07-09T10:01:30.274342,3,0,,,127.4,50,127.0,6,126.9,100,,,,,,,,,,,,,,,,,,,,,,,,,,,,,,,,,,
2026-07-09T10:01:30.325912+00:00,2026-07-09T10:01:30.325757,2,1,127.45,0.9,127.0,6,126.9,100,,,,,,,,,,,,,,,,,127.9,150,,,,,,,,,,,,,,,,,,
2026-07-09T10:01:30.581237+00:00,2026-07-09T10:01:30.581168,2,1,127.45,0.9,127.0,6,126.9,100,,,,,,,,,,,,,,,,,127.9,151,,,,,,,,,,,,,,,,,,
2026-07-09T10:01:30.779968+00:00,2026-07-09T10:01:30.779825,2,1,127.45,0.9,127.0,6,126.9,100,,,,,,,,,,,,,,,,,127.9,106,,,,,,,,,,,,,,,,,,
2026-07-09T10:01:31.670268+00:00,2026-07-09T10:01:31.670214,1,1,127.4,1.0,126.9,100,,,,,,,,,,,,,,,,,,,127.9,106,,,,,,,,,,,,,,,,,,
2026-07-09T10:01:31.675468+00:00,2026-07-09T10:01:31.675371,2,1,127.55,0.7,127.2,6,126.9,100,,,,,,,,,,,,,,,,,127.9,106,,,,,,,,,,,,,,,,,,
2026-07-09T10:01:31.680606+00:00,2026-07-09T10:01:31.680547,2,2,127.45,0.5,127.2,6,126.9,100,,,,,,,,,,,,,,,,,127.7,6,127.9,106,,,,,,,,,,,,,,,,
2026-07-09T10:01:31.685812+00:00,2026-07-09T10:01:31.685712,2,2,127.45,0.5,127.2,6,126.9,100,,,,,,,,,,,,,,,,,127.7,6,127.9,105,,,,,,,,,,,,,,,,
2026-07-09T10:01:31.690976+00:00,2026-07-09T10:01:31.690880,2,3,127.45,0.5,127.2,6,126.9,100,,,,,,,,,,,,,,,,,127.7,6,127.9,105,128.1,1,,,,,,,,,,,,,,
2026-07-09T10:01:32.218828+00:00,2026-07-09T10:01:32.218766,2,2,127.55,0.7,127.2,6,126.9,100,,,,,,,,,,,,,,,,,127.9,105,128.1,1,,,,,,,,,,,,,,,,
2026-07-09T10:01:32.434493+00:00,2026-07-09T10:01:32.434373,1,2,127.4,1.0,126.9,56,,,,,,,,,,,,,,,,,,,127.9,105,128.1,1,,,,,,,,,,,,,,,,
2026-07-09T10:01:32.792354+00:00,2026-07-09T10:01:32.792296,1,1,127.4,1.0,126.9,56,,,,,,,,,,,,,,,,,,,127.9,105,,,,,,,,,,,,,,,,,,
2026-07-09T10:01:32.797535+00:00,2026-07-09T10:01:32.797451,1,2,127.4,1.0,126.9,56,,,,,,,,,,,,,,,,,,,127.9,105,128.0,1,,,,,,,,,,,,,,,,
2026-07-09T10:01:32.899664+00:00,2026-07-09T10:01:32.899626,0,2,,,,,,,,,,,,,,,,,,,,,,,127.9,105,128.0,1,,,,,,,,,,,,,,,,
2026-07-09T10:01:32.952489+00:00,2026-07-09T10:01:32.952414,1,2,127.55,0.7,127.2,100,,,,,,,,,,,,,,,,,,,127.9,105,128.0,1,,,,,,,,,,,,,,,,
2026-07-09T10:01:33.005193+00:00,2026-07-09T10:01:33.005086,1,3,127.45,0.5,127.2,100,,,,,,,,,,,,,,,,,,,127.7,100,127.9,105,128.0,1,,,,,,,,,,,,,,
2026-07-09T10:01:33.380510+00:00,2026-07-09T10:01:33.380435,1,2,127.45,0.5,127.2,100,,,,,,,,,,,,,,,,,,,127.7,100,128.0,1,,,,,,,,,,,,,,,,
2026-07-09T10:01:33.434763+00:00,2026-07-09T10:01:33.434645,2,2,127.45,0.5,127.2,100,127.0,150,,,,,,,,,,,,,,,,,127.7,100,128.0,1,,,,,,,,,,,,,,,,
2026-07-09T10:01:33.487043+00:00,2026-07-09T10:01:33.486959,2,3,127.35,0.3,127.2,100,127.0,150,,,,,,,,,,,,,,,,,127.5,150,127.7,100,128.0,1,,,,,,,,,,,,,,
2026-07-09T10:01:33.913426+00:00,2026-07-09T10:01:33.913321,2,2,127.35,0.3,127.2,100,127.0,150,,,,,,,,,,,,,,,,,127.5,150,127.7,100,,,,,,,,,,,,,,,,
2026-07-09T10:01:33.918650+00:00,2026-07-09T10:01:33.918567,2,3,127.35,0.3,127.2,100,127.0,150,,,,,,,,,,,,,,,,,127.5,150,127.7,100,128.0,1,,,,,,,,,,,,,,
2026-07-09T10:01:34.565605+00:00,2026-07-09T10:01:34.565497,2,3,127.35,0.3,127.2,50,127.0,150,,,,,,,,,,,,,,,,,127.5,150,127.7,100,128.0,1,,,,,,,,,,,,,,
2026-07-09T10:01:35.027040+00:00,2026-07-09T10:01:35.026966,2,2,127.35,0.3,127.2,50,127.0,150,,,,,,,,,,,,,,,,,127.5,150,127.7,100,,,,,,,,,,,,,,,,
2026-07-09T10:01:35.032227+00:00,2026-07-09T10:01:35.032157,2,3,127.35,0.3,127.2,50,127.0,150,,,,,,,,,,,,,,,,,127.5,150,127.7,100,128.0,1,,,,,,,,,,,,,,
2026-07-09T10:01:35.456816+00:00,2026-07-09T10:01:35.450492,2,3,127.35,0.3,127.2,27,127.0,150,,,,,,,,,,,,,,,,,127.5,150,127.7,100,128.0,1,,,,,,,,,,,,,,
2026-07-09T10:01:35.535714+00:00,2026-07-09T10:01:35.535646,2,2,127.35,0.3,127.2,27,127.0,150,,,,,,,,,,,,,,,,,127.5,150,127.7,100,,,,,,,,,,,,,,,,
2026-07-09T10:01:35.540971+00:00,2026-07-09T10:01:35.540866,2,2,127.35,0.3,127.2,7,127.0,150,,,,,,,,,,,,,,,,,127.5,150,127.7,100,,,,,,,,,,,,,,,,
2026-07-09T10:01:35.725006+00:00,2026-07-09T10:01:35.724889,2,2,127.35,0.3,127.2,7,127.0,156,,,,,,,,,,,,,,,,,127.5,150,127.7,100,,,,,,,,,,,,,,,,
2026-07-09T10:01:35.730183+00:00,2026-07-09T10:01:35.730078,2,2,127.35,0.3,127.2,7,127.0,156,,,,,,,,,,,,,,,,,127.5,156,127.7,100,,,,,,,,,,,,,,,,
2026-07-09T10:01:36.058628+00:00,2026-07-09T10:01:36.054444,1,1,127.25,0.5,127.0,156,,,,,,,,,,,,,,,,,,,127.5,156,,,,,,,,,,,,,,,,,,
2026-07-09T10:01:36.115559+00:00,2026-07-09T10:01:36.115489,2,1,127.25,0.5,127.0,156,126.8,100,,,,,,,,,,,,,,,,,127.5,156,,,,,,,,,,,,,,,,,,
2026-07-09T10:01:36.154385+00:00,2026-07-09T10:01:36.154331,2,2,127.25,0.5,127.0,156,126.8,100,,,,,,,,,,,,,,,,,127.5,156,127.8,1,,,,,,,,,,,,,,,,
2026-07-09T10:01:36.168403+00:00,2026-07-09T10:01:36.168313,2,3,127.15,0.3,127.0,156,126.8,100,,,,,,,,,,,,,,,,,127.3,100,127.5,156,127.8,1,,,,,,,,,,,,,,
2026-07-09T10:01:36.545670+00:00,2026-07-09T10:01:36.545587,2,3,127.15,0.3,127.0,6,126.8,100,,,,,,,,,,,,,,,,,127.3,100,127.5,6,127.8,1,,,,,,,,,,,,,,
2026-07-09T10:01:36.600691+00:00,2026-07-09T10:01:36.600815,3,3,127.15,0.3,127.0,6,126.9,150,126.8,100,,,,,,,,,,,,,,,127.3,100,127.5,6,127.8,1,,,,,,,,,,,,,,
2026-07-09T10:01:36.650028+00:00,2026-07-09T10:01:36.650269,3,4,127.15,0.3,127.0,6,126.9,150,126.8,100,,,,,,,,,,,,,,,127.3,100,127.4,150,127.5,6,127.8,1,,,,,,,,,,,,
2026-07-09T10:01:36.675372+00:00,2026-07-09T10:01:36.675233,2,4,127.1,0.4,126.9,106,126.8,100,,,,,,,,,,,,,,,,,127.3,100,127.4,150,127.5,6,127.8,1,,,,,,,,,,,,
2026-07-09T10:01:37.257526+00:00,2026-07-09T10:01:37.257779,2,3,127.1,0.4,126.9,106,126.8,100,,,,,,,,,,,,,,,,,127.3,100,127.4,150,127.5,6,,,,,,,,,,,,,,
2026-07-09T10:01:37.269959+00:00,2026-07-09T10:01:37.269862,2,4,127.1,0.4,126.9,106,126.8,100,,,,,,,,,,,,,,,,,127.3,51,127.4,150,127.5,6,127.8,1,,,,,,,,,,,,
2026-07-09T10:01:37.917904+00:00,2026-07-09T10:01:37.917987,2,4,127.1,0.4,126.9,62,126.8,100,,,,,,,,,,,,,,,,,127.3,51,127.4,150,127.5,6,127.8,1,,,,,,,,,,,,
2026-07-09T10:01:38.379560+00:00,2026-07-09T10:01:38.379405,2,3,127.1,0.4,126.9,62,126.8,100,,,,,,,,,,,,,,,,,127.3,51,127.4,150,127.5,6,,,,,,,,,,,,,,
2026-07-09T10:01:38.384790+00:00,2026-07-09T10:01:38.384711,2,4,127.1,0.4,126.9,62,126.8,100,,,,,,,,,,,,,,,,,127.3,51,127.4,150,127.5,6,127.9,1,,,,,,,,,,,,
2026-07-09T10:01:38.905116+00:00,2026-07-09T10:01:38.904979,2,4,127.1,0.4,126.9,62,126.8,100,,,,,,,,,,,,,,,,,127.3,5,127.4,150,127.5,6,127.9,1,,,,,,,,,,,,
2026-07-09T10:01:39.223210+00:00,2026-07-09T10:01:39.223138,1,3,127.15,0.5,126.9,62,,,,,,,,,,,,,,,,,,,127.4,150,127.5,6,127.9,1,,,,,,,,,,,,,,
2026-07-09T10:01:39.279113+00:00,2026-07-09T10:01:39.279020,2,3,127.25,0.3,127.1,100,126.9,62,,,,,,,,,,,,,,,,,127.4,150,127.5,6,127.9,1,,,,,,,,,,,,,,
2026-07-09T10:01:39.328374+00:00,2026-07-09T10:01:39.328537,2,4,127.25,0.3,127.1,100,126.9,62,,,,,,,,,,,,,,,,,127.4,150,127.5,6,127.6,100,127.9,1,,,,,,,,,,,,
2026-07-09T10:01:39.489960+00:00,2026-07-09T10:01:39.489846,2,3,127.25,0.3,127.1,100,126.9,62,,,,,,,,,,,,,,,,,127.4,150,127.5,6,127.6,100,,,,,,,,,,,,,,
2026-07-09T10:01:39.500293+00:00,2026-07-09T10:01:39.500219,2,4,127.25,0.3,127.1,100,126.9,62,,,,,,,,,,,,,,,,,127.4,150,127.5,6,127.6,100,128.0,1,,,,,,,,,,,,
2026-07-09T10:01:39.708921+00:00,2026-07-09T10:01:39.708847,1,3,127.3,0.4,127.1,100,,,,,,,,,,,,,,,,,,,127.5,6,127.6,100,128.0,1,,,,,,,,,,,,,,
2026-07-09T10:01:39.765742+00:00,2026-07-09T10:01:39.765874,2,3,127.3,0.4,127.1,100,126.6,150,,,,,,,,,,,,,,,,,127.5,6,127.6,100,128.0,1,,,,,,,,,,,,,,
2026-07-09T10:01:39.815808+00:00,2026-07-09T10:01:39.815963,1,4,126.85,0.5,126.6,150,,,,,,,,,,,,,,,,,,,127.1,50,127.5,6,127.6,100,128.0,1,,,,,,,,,,,,
2026-07-09T10:01:40.119136+00:00,2026-07-09T10:01:40.119068,1,4,126.85,0.5,126.6,150,,,,,,,,,,,,,,,,,,,127.1,42,127.5,6,127.6,100,128.0,1,,,,,,,,,,,,
2026-07-09T10:01:40.609540+00:00,2026-07-09T10:01:40.609371,1,4,126.85,0.5,126.6,150,,,,,,,,,,,,,,,,,,,127.1,42,127.5,6,127.6,100,128.0,1,,,,,,,,,,,,
2026-07-09T10:01:41.118799+00:00,2026-07-09T10:01:41.118743,2,4,126.95,0.3,126.8,4,126.6,150,,,,,,,,,,,,,,,,,127.1,42,127.5,6,127.6,100,128.0,1,,,,,,,,,,,,
2026-07-09T10:01:41.716624+00:00,2026-07-09T10:01:41.716534,2,3,126.95,0.3,126.8,4,126.6,150,,,,,,,,,,,,,,,,,127.1,42,127.5,6,127.6,100,,,,,,,,,,,,,,
2026-07-09T10:01:41.721839+00:00,2026-07-09T10:01:41.721764,2,4,126.95,0.3,126.8,4,126.6,150,,,,,,,,,,,,,,,,,127.1,42,127.5,6,127.6,100,127.9,1,,,,,,,,,,,,
2026-07-09T10:01:41.958603+00:00,2026-07-09T10:01:41.957720,2,4,126.95,0.3,126.8,4,126.6,150,,,,,,,,,,,,,,,,,127.1,42,127.3,6,127.6,100,127.9,1,,,,,,,,,,,,
2026-07-09T10:01:42.118726+00:00,2026-07-09T10:01:42.118613,1,4,126.85,0.5,126.6,110,,,,,,,,,,,,,,,,,,,127.1,42,127.3,6,127.6,100,127.9,1,,,,,,,,,,,,
2026-07-09T10:01:42.384668+00:00,2026-07-09T10:01:42.384603,1,3,126.85,0.5,126.6,110,,,,,,,,,,,,,,,,,,,127.1,42,127.3,6,127.9,1,,,,,,,,,,,,,,
2026-07-09T10:01:42.439143+00:00,2026-07-09T10:01:42.438959,2,3,126.95,0.3,126.8,100,126.6,110,,,,,,,,,,,,,,,,,127.1,42,127.3,6,127.9,1,,,,,,,,,,,,,,
2026-07-09T10:01:42.492008+00:00,2026-07-09T10:01:42.491881,2,3,126.95,0.3,126.8,100,126.6,110,,,,,,,,,,,,,,,,,127.1,42,127.3,106,127.9,1,,,,,,,,,,,,,,
2026-07-09T10:01:42.829342+00:00,2026-07-09T10:01:42.829256,2,3,126.95,0.3,126.8,100,126.6,110,,,,,,,,,,,,,,,,,127.1,42,127.3,106,127.9,1,,,,,,,,,,,,,,
2026-07-09T10:01:42.876596+00:00,2026-07-09T10:01:42.876537,1,2,127.05,0.5,126.8,100,,,,,,,,,,,,,,,,,,,127.3,106,127.9,1,,,,,,,,,,,,,,,,
2026-07-09T10:01:42.932848+00:00,2026-07-09T10:01:42.932762,1,2,127.05,0.5,126.8,250,,,,,,,,,,,,,,,,,,,127.3,106,127.9,1,,,,,,,,,,,,,,,,
2026-07-09T10:01:42.948554+00:00,2026-07-09T10:01:42.948423,1,2,127.05,0.5,126.8,250,,,,,,,,,,,,,,,,,,,127.3,56,127.9,1,,,,,,,,,,,,,,,,
2026-07-09T10:01:42.995008+00:00,2026-07-09T10:01:42.994941,1,2,127.05,0.5,126.8,250,,,,,,,,,,,,,,,,,,,127.3,206,127.9,1,,,,,,,,,,,,,,,,
2026-07-09T10:01:43.963663+00:00,2026-07-09T10:01:43.963966,1,2,127.05,0.5,126.8,250,,,,,,,,,,,,,,,,,,,127.3,206,127.7,1,,,,,,,,,,,,,,,,
2026-07-09T10:01:45.049424+00:00,2026-07-09T10:01:45.049300,1,1,127.05,0.5,126.8,250,,,,,,,,,,,,,,,,,,,127.3,206,,,,,,,,,,,,,,,,,,
2026-07-09T10:01:45.054619+00:00,2026-07-09T10:01:45.054537,1,2,127.05,0.5,126.8,250,,,,,,,,,,,,,,,,,,,127.3,206,127.6,1,,,,,,,,,,,,,,,,
2026-07-09T10:01:45.059840+00:00,2026-07-09T10:01:45.059796,1,2,127.05,0.5,126.8,250,,,,,,,,,,,,,,,,,,,127.3,156,127.6,1,,,,,,,,,,,,,,,,
2026-07-09T10:01:45.545667+00:00,2026-07-09T10:01:45.545562,1,2,127.05,0.5,126.8,250,,,,,,,,,,,,,,,,,,,127.3,150,127.6,1,,,,,,,,,,,,,,,,
2026-07-09T10:01:45.550640+00:00,2026-07-09T10:01:45.550736,1,2,127.05,0.5,126.8,150,,,,,,,,,,,,,,,,,,,127.3,150,127.6,1,,,,,,,,,,,,,,,,
2026-07-09T10:01:45.604836+00:00,2026-07-09T10:01:45.604728,2,2,127.1,0.4,126.9,100,126.8,150,,,,,,,,,,,,,,,,,127.3,150,127.6,1,,,,,,,,,,,,,,,,
2026-07-09T10:01:45.654069+00:00,2026-07-09T10:01:45.654204,2,3,127.1,0.4,126.9,100,126.8,150,,,,,,,,,,,,,,,,,127.3,150,127.4,100,127.6,1,,,,,,,,,,,,,,
2026-07-09T10:01:45.981327+00:00,2026-07-09T10:01:45.981254,3,3,127.1,0.4,126.9,100,126.8,150,126.6,5,,,,,,,,,,,,,,,127.3,150,127.4,100,127.6,1,,,,,,,,,,,,,,
2026-07-09T10:01:46.047059+00:00,2026-07-09T10:01:46.046980,2,2,127.15,0.5,126.9,100,126.6,5,,,,,,,,,,,,,,,,,127.4,100,127.6,1,,,,,,,,,,,,,,,,
2026-07-09T10:01:46.107088+00:00,2026-07-09T10:01:46.107033,3,2,127.15,0.5,126.9,100,126.6,5,126.5,150,,,,,,,,,,,,,,,127.4,100,127.6,1,,,,,,,,,,,,,,,,
2026-07-09T10:01:46.160102+00:00,2026-07-09T10:01:46.160007,3,2,126.95,0.1,126.9,100,126.6,5,126.5,150,,,,,,,,,,,,,,,127.0,150,127.4,100,,,,,,,,,,,,,,,,
2026-07-09T10:01:46.165399+00:00,2026-07-09T10:01:46.165225,3,3,126.95,0.1,126.9,100,126.6,5,126.5,150,,,,,,,,,,,,,,,127.0,150,127.4,100,127.6,1,,,,,,,,,,,,,,
2026-07-09T10:01:46.414002+00:00,2026-07-09T10:01:46.413929,3,4,126.95,0.1,126.9,100,126.6,5,126.5,150,,,,,,,,,,,,,,,127.0,150,127.1,6,127.4,100,127.6,1,,,,,,,,,,,,
2026-07-09T10:01:47.174769+00:00,2026-07-09T10:01:47.174672,3,4,126.95,0.1,126.9,100,126.6,5,126.5,150,,,,,,,,,,,,,,,127.0,100,127.1,6,127.4,100,127.6,1,,,,,,,,,,,,
2026-07-09T10:01:47.274747+00:00,2026-07-09T10:01:47.274588,3,3,126.95,0.1,126.9,100,126.6,5,126.5,150,,,,,,,,,,,,,,,127.0,100,127.1,6,127.4,100,,,,,,,,,,,,,,
2026-07-09T10:01:47.279876+00:00,2026-07-09T10:01:47.279840,3,4,126.95,0.1,126.9,100,126.6,5,126.5,150,,,,,,,,,,,,,,,127.0,100,127.1,6,127.4,100,127.5,1,,,,,,,,,,,,
2026-07-09T10:01:47.429575+00:00,2026-07-09T10:01:47.429448,2,4,126.95,0.1,126.9,100,126.5,150,,,,,,,,,,,,,,,,,127.0,100,127.1,6,127.4,100,127.5,1,,,,,,,,,,,,
2026-07-09T10:01:47.620799+00:00,2026-07-09T10:01:47.620969,3,4,126.95,0.1,126.9,100,126.8,5,126.5,150,,,,,,,,,,,,,,,127.0,100,127.1,6,127.4,100,127.5,1,,,,,,,,,,,,
2026-07-09T10:01:47.843001+00:00,2026-07-09T10:01:47.842905,3,3,126.95,0.1,126.9,100,126.8,5,126.5,150,,,,,,,,,,,,,,,127.0,100,127.4,100,127.5,1,,,,,,,,,,,,,,
2026-07-09T10:01:47.858599+00:00,2026-07-09T10:01:47.853354,3,4,126.95,0.1,126.9,100,126.8,5,126.5,150,,,,,,,,,,,,,,,127.0,100,127.3,6,127.4,100,127.5,1,,,,,,,,,,,,
2026-07-09T10:01:48.390867+00:00,2026-07-09T10:01:48.391025,3,4,126.95,0.1,126.9,100,126.8,5,126.5,150,,,,,,,,,,,,,,,127.0,100,127.3,6,127.4,100,127.6,1,,,,,,,,,,,,
2026-07-09T10:01:48.711532+00:00,2026-07-09T10:01:48.711454,2,3,126.9,0.2,126.8,5,126.5,150,,,,,,,,,,,,,,,,,127.0,100,127.3,6,127.6,1,,,,,,,,,,,,,,
2026-07-09T10:01:48.766086+00:00,2026-07-09T10:01:48.766018,3,3,126.95,0.1,126.9,100,126.8,5,126.5,150,,,,,,,,,,,,,,,127.0,100,127.3,6,127.6,1,,,,,,,,,,,,,,
2026-07-09T10:01:48.816134+00:00,2026-07-09T10:01:48.816008,3,4,126.95,0.1,126.9,100,126.8,5,126.5,150,,,,,,,,,,,,,,,127.0,100,127.3,6,127.4,100,127.6,1,,,,,,,,,,,,
2026-07-09T10:01:49.214757+00:00,2026-07-09T10:01:49.214699,2,3,127.1,0.4,126.9,100,126.8,5,,,,,,,,,,,,,,,,,127.3,6,127.4,100,127.6,1,,,,,,,,,,,,,,
2026-07-09T10:01:49.268124+00:00,2026-07-09T10:01:49.268038,2,3,127.1,0.4,126.9,100,126.8,155,,,,,,,,,,,,,,,,,127.3,6,127.4,100,127.6,1,,,,,,,,,,,,,,
2026-07-09T10:01:49.305290+00:00,2026-07-09T10:01:49.305450,2,2,127.15,0.5,126.9,100,126.8,155,,,,,,,,,,,,,,,,,127.4,56,127.6,1,,,,,,,,,,,,,,,,
2026-07-09T10:01:49.321029+00:00,2026-07-09T10:01:49.321005,2,3,127.1,0.4,126.9,100,126.8,155,,,,,,,,,,,,,,,,,127.3,150,127.4,56,127.6,1,,,,,,,,,,,,,,
2026-07-09T10:01:49.471737+00:00,2026-07-09T10:01:49.471641,2,3,127.1,0.4,126.9,100,126.8,156,,,,,,,,,,,,,,,,,127.3,150,127.4,56,127.6,1,,,,,,,,,,,,,,
2026-07-09T10:01:49.499742+00:00,2026-07-09T10:01:49.499690,2,3,127.1,0.4,126.9,100,126.8,156,,,,,,,,,,,,,,,,,127.3,150,127.4,56,127.6,1,,,,,,,,,,,,,,
2026-07-09T10:01:50.609763+00:00,2026-07-09T10:01:50.609921,2,3,127.1,0.4,126.9,100,126.8,156,,,,,,,,,,,,,,,,,127.3,150,127.4,56,127.6,1,,,,,,,,,,,,,,
2026-07-09T10:01:50.736483+00:00,2026-07-09T10:01:50.736448,2,3,127.1,0.4,126.9,51,126.8,156,,,,,,,,,,,,,,,,,127.3,150,127.4,56,127.6,1,,,,,,,,,,,,,,
2026-07-09T10:01:51.721247+00:00,2026-07-09T10:01:51.721050,2,2,127.1,0.4,126.9,51,126.8,156,,,,,,,,,,,,,,,,,127.3,150,127.4,56,,,,,,,,,,,,,,,,
2026-07-09T10:01:51.726336+00:00,2026-07-09T10:01:51.726284,2,3,127.1,0.4,126.9,51,126.8,156,,,,,,,,,,,,,,,,,127.3,150,127.4,56,127.8,1,,,,,,,,,,,,,,
2026-07-09T10:01:51.872118+00:00,2026-07-09T10:01:51.872259,1,2,127.05,0.5,126.8,156,,,,,,,,,,,,,,,,,,,127.3,150,127.8,1,,,,,,,,,,,,,,,,
2026-07-09T10:01:51.926752+00:00,2026-07-09T10:01:51.926657,2,2,127.15,0.3,127.0,100,126.8,156,,,,,,,,,,,,,,,,,127.3,150,127.8,1,,,,,,,,,,,,,,,,
2026-07-09T10:01:51.979050+00:00,2026-07-09T10:01:51.979004,2,3,127.15,0.3,127.0,100,126.8,156,,,,,,,,,,,,,,,,,127.3,150,127.5,100,127.8,1,,,,,,,,,,,,,,
2026-07-09T10:01:52.376852+00:00,2026-07-09T10:01:52.376973,2,2,127.25,0.5,127.0,100,126.8,6,,,,,,,,,,,,,,,,,127.5,100,127.8,1,,,,,,,,,,,,,,,,
2026-07-09T10:01:52.433059+00:00,2026-07-09T10:01:52.432948,3,2,127.25,0.5,127.0,100,126.9,150,126.8,6,,,,,,,,,,,,,,,127.5,100,127.8,1,,,,,,,,,,,,,,,,
2026-07-09T10:01:52.486971+00:00,2026-07-09T10:01:52.486896,3,3,127.2,0.4,127.0,100,126.9,150,126.8,6,,,,,,,,,,,,,,,127.4,150,127.5,100,127.8,1,,,,,,,,,,,,,,
2026-07-09T10:01:52.831790+00:00,2026-07-09T10:01:52.831688,3,2,127.2,0.4,127.0,100,126.9,150,126.8,6,,,,,,,,,,,,,,,127.4,150,127.5,100,,,,,,,,,,,,,,,,
2026-07-09T10:01:52.842234+00:00,2026-07-09T10:01:52.842090,3,3,127.2,0.4,127.0,100,126.9,150,126.8,6,,,,,,,,,,,,,,,127.4,150,127.5,100,127.7,1,,,,,,,,,,,,,,
2026-07-09T10:01:53.544590+00:00,2026-07-09T10:01:53.544453,3,3,127.2,0.4,127.0,100,126.9,150,126.8,6,,,,,,,,,,,,,,,127.4,100,127.5,100,127.7,1,,,,,,,,,,,,,,
2026-07-09T10:01:53.945640+00:00,2026-07-09T10:01:53.945595,3,2,127.2,0.4,127.0,100,126.9,150,126.8,6,,,,,,,,,,,,,,,127.4,100,127.5,100,,,,,,,,,,,,,,,,
2026-07-09T10:01:53.950867+00:00,2026-07-09T10:01:53.950752,3,3,127.2,0.4,127.0,100,126.9,150,126.8,6,,,,,,,,,,,,,,,127.4,100,127.5,100,127.7,1,,,,,,,,,,,,,,
2026-07-09T10:01:55.033846+00:00,2026-07-09T10:01:55.033780,2,2,127.15,0.5,126.9,150,126.8,6,,,,,,,,,,,,,,,,,127.4,100,127.7,1,,,,,,,,,,,,,,,,
2026-07-09T10:01:55.058633+00:00,2026-07-09T10:01:55.053125,2,2,127.15,0.5,126.9,150,126.8,6,,,,,,,,,,,,,,,,,127.4,100,127.7,1,,,,,,,,,,,,,,,,
2026-07-09T10:01:55.102067+00:00,2026-07-09T10:01:55.101944,2,2,127.15,0.5,126.9,250,126.8,6,,,,,,,,,,,,,,,,,127.4,100,127.7,1,,,,,,,,,,,,,,,,
2026-07-09T10:01:55.158640+00:00,2026-07-09T10:01:55.158029,2,2,127.15,0.5,126.9,250,126.8,6,,,,,,,,,,,,,,,,,127.4,200,127.7,1,,,,,,,,,,,,,,,,
2026-07-09T10:01:55.539814+00:00,2026-07-09T10:01:55.539749,2,2,127.15,0.5,126.9,100,126.8,6,,,,,,,,,,,,,,,,,127.4,100,127.7,1,,,,,,,,,,,,,,,,
2026-07-09T10:01:55.592272+00:00,2026-07-09T10:01:55.592234,3,2,127.25,0.3,127.1,150,126.9,100,126.8,6,,,,,,,,,,,,,,,127.4,100,127.7,1,,,,,,,,,,,,,,,,
2026-07-09T10:01:55.647412+00:00,2026-07-09T10:01:55.647306,3,3,127.25,0.3,127.1,150,126.9,100,126.8,6,,,,,,,,,,,,,,,127.4,100,127.6,150,127.7,1,,,,,,,,,,,,,,
2026-07-09T10:01:56.166666+00:00,2026-07-09T10:01:56.166802,3,3,127.25,0.3,127.1,150,126.9,100,126.8,6,,,,,,,,,,,,,,,127.4,100,127.6,150,127.8,1,,,,,,,,,,,,,,
2026-07-09T10:01:56.464796+00:00,2026-07-09T10:01:56.458243,3,3,127.25,0.3,127.1,138,126.9,100,126.8,6,,,,,,,,,,,,,,,127.4,100,127.6,150,127.8,1,,,,,,,,,,,,,,
2026-07-09T10:01:56.485605+00:00,2026-07-09T10:01:56.485360,3,2,127.25,0.3,127.1,128,126.9,100,126.8,6,,,,,,,,,,,,,,,127.4,100,127.6,150,,,,,,,,,,,,,,,,
2026-07-09T10:01:57.228814+00:00,2026-07-09T10:01:57.228721,3,2,127.25,0.3,127.1,128,126.9,100,126.8,6,,,,,,,,,,,,,,,127.4,100,127.6,151,,,,,,,,,,,,,,,,
2026-07-09T10:01:57.328266+00:00,2026-07-09T10:01:57.328236,3,2,127.25,0.3,127.1,128,126.9,100,126.8,6,,,,,,,,,,,,,,,127.4,58,127.6,150,,,,,,,,,,,,,,,,
2026-07-09T10:01:57.388031+00:00,2026-07-09T10:01:57.388104,3,2,127.25,0.3,127.1,82,126.9,100,126.8,6,,,,,,,,,,,,,,,127.4,58,127.6,150,,,,,,,,,,,,,,,,
2026-07-09T10:01:57.812037+00:00,2026-07-09T10:01:57.811903,3,2,127.25,0.3,127.1,32,126.9,100,126.8,6,,,,,,,,,,,,,,,127.4,58,127.6,150,,,,,,,,,,,,,,,,
2026-07-09T10:01:58.210510+00:00,2026-07-09T10:01:58.210474,2,1,127.35,0.5,127.1,32,126.8,6,,,,,,,,,,,,,,,,,127.6,150,,,,,,,,,,,,,,,,,,
2026-07-09T10:01:58.264004+00:00,2026-07-09T10:01:58.263920,3,1,127.35,0.5,127.1,32,127.0,100,126.8,6,,,,,,,,,,,,,,,127.6,150,,,,,,,,,,,,,,,,,,
2026-07-09T10:01:58.317977+00:00,2026-07-09T10:01:58.317949,3,2,127.3,0.4,127.1,32,127.0,100,126.8,6,,,,,,,,,,,,,,,127.5,100,127.6,150,,,,,,,,,,,,,,,,
2026-07-09T10:01:58.365601+00:00,2026-07-09T10:01:58.365498,3,3,127.3,0.4,127.1,32,127.0,100,126.8,6,,,,,,,,,,,,,,,127.5,100,127.6,150,127.7,1,,,,,,,,,,,,,,
2026-07-09T10:01:58.703601+00:00,2026-07-09T10:01:58.703504,2,2,127.25,0.5,127.0,100,126.8,6,,,,,,,,,,,,,,,,,127.5,100,127.7,1,,,,,,,,,,,,,,,,
2026-07-09T10:01:58.760985+00:00,2026-07-09T10:01:58.760852,3,2,127.25,0.5,127.0,100,126.8,6,126.6,150,,,,,,,,,,,,,,,127.5,100,127.7,1,,,,,,,,,,,,,,,,
2026-07-09T10:01:58.815294+00:00,2026-07-09T10:01:58.815268,3,3,127.05,0.1,127.0,100,126.8,6,126.6,150,,,,,,,,,,,,,,,127.1,150,127.5,100,127.7,1,,,,,,,,,,,,,,
2026-07-09T10:01:59.472488+00:00,2026-07-09T10:01:59.472383,3,3,127.05,0.1,127.0,100,126.8,6,126.6,150,,,,,,,,,,,,,,,127.1,150,127.5,100,127.7,1,,,,,,,,,,,,,,
2026-07-09T10:01:59.588474+00:00,2026-07-09T10:01:59.588423,3,3,127.05,0.1,127.0,100,126.8,6,126.6,150,,,,,,,,,,,,,,,127.1,109,127.5,100,127.7,1,,,,,,,,,,,,,,
2026-07-09T10:01:59.958704+00:00,2026-07-09T10:01:59.956292,3,3,127.05,0.1,127.0,50,126.8,6,126.6,150,,,,,,,,,,,,,,,127.1,109,127.5,100,127.7,1,,,,,,,,,,,,,,
2026-07-09T10:02:00.581961+00:00,2026-07-09T10:02:00.581912,3,3,127.05,0.1,127.0,50,126.8,6,126.6,150,,,,,,,,,,,,,,,127.1,109,127.5,100,127.7,1,,,,,,,,,,,,,,
2026-07-09T10:02:00.784029+00:00,2026-07-09T10:02:00.783991,3,3,127.05,0.1,127.0,5,126.8,6,126.6,150,,,,,,,,,,,,,,,127.1,109,127.5,100,127.7,1,,,,,,,,,,,,,,
2026-07-09T10:02:01.302499+00:00,2026-07-09T10:02:01.302443,3,3,127.05,0.1,127.0,5,126.8,6,126.6,150,,,,,,,,,,,,,,,127.1,60,127.5,100,127.7,1,,,,,,,,,,,,,,
2026-07-09T10:02:01.375667+00:00,2026-07-09T10:02:01.375524,2,2,126.95,0.3,126.8,6,126.6,150,,,,,,,,,,,,,,,,,127.1,60,127.7,1,,,,,,,,,,,,,,,,
2026-07-09T10:02:01.430393+00:00,2026-07-09T10:02:01.430337,3,2,126.95,0.3,126.8,6,126.7,100,126.6,150,,,,,,,,,,,,,,,127.1,60,127.7,1,,,,,,,,,,,,,,,,
2026-07-09T10:02:01.483401+00:00,2026-07-09T10:02:01.483337,3,3,126.95,0.3,126.8,6,126.7,100,126.6,150,,,,,,,,,,,,,,,127.1,60,127.2,100,127.7,1,,,,,,,,,,,,,,
2026-07-09T10:02:01.688184+00:00,2026-07-09T10:02:01.688038,3,2,126.95,0.3,126.8,6,126.7,100,126.6,150,,,,,,,,,,,,,,,127.1,60,127.2,100,,,,,,,,,,,,,,,,
2026-07-09T10:02:01.693441+00:00,2026-07-09T10:02:01.693369,3,3,126.95,0.3,126.8,6,126.7,100,126.6,150,,,,,,,,,,,,,,,127.1,60,127.2,100,127.9,1,,,,,,,,,,,,,,
2026-07-09T10:02:01.859890+00:00,2026-07-09T10:02:01.859713,3,3,126.95,0.3,126.8,6,126.7,100,126.6,150,,,,,,,,,,,,,,,127.1,16,127.2,100,127.9,1,,,,,,,,,,,,,,
2026-07-09T10:02:01.865035+00:00,2026-07-09T10:02:01.864992,3,2,127.0,0.4,126.8,6,126.7,100,126.6,150,,,,,,,,,,,,,,,127.2,100,127.9,1,,,,,,,,,,,,,,,,
2026-07-09T10:02:01.870365+00:00,2026-07-09T10:02:01.870248,2,2,127.0,0.4,126.8,6,126.7,100,,,,,,,,,,,,,,,,,127.2,100,127.9,1,,,,,,,,,,,,,,,,
2026-07-09T10:02:01.925031+00:00,2026-07-09T10:02:01.924910,3,2,127.1,0.2,127.0,150,126.8,6,126.7,100,,,,,,,,,,,,,,,127.2,100,127.9,1,,,,,,,,,,,,,,,,
2026-07-09T10:02:01.979676+00:00,2026-07-09T10:02:01.979439,3,3,127.1,0.2,127.0,150,126.8,6,126.7,100,,,,,,,,,,,,,,,127.2,100,127.5,150,127.9,1,,,,,,,,,,,,,,
2026-07-09T10:02:02.797583+00:00,2026-07-09T10:02:02.797512,3,2,127.1,0.2,127.0,150,126.8,6,126.7,100,,,,,,,,,,,,,,,127.2,100,127.5,150,,,,,,,,,,,,,,,,
2026-07-09T10:02:02.802589+00:00,2026-07-09T10:02:02.802679,3,3,127.1,0.2,127.0,150,126.8,6,126.7,100,,,,,,,,,,,,,,,127.2,100,127.5,150,127.6,1,,,,,,,,,,,,,,
2026-07-09T10:02:03.912779+00:00,2026-07-09T10:02:03.912911,3,3,127.1,0.2,127.0,150,126.8,6,126.7,100,,,,,,,,,,,,,,,127.2,100,127.5,150,127.7,1,,,,,,,,,,,,,,
2026-07-09T10:02:04.118869+00:00,2026-07-09T10:02:04.119097,3,3,127.1,0.2,127.0,150,126.8,6,126.7,100,,,,,,,,,,,,,,,127.2,50,127.5,150,127.7,1,,,,,,,,,,,,,,
2026-07-09T10:02:04.538695+00:00,2026-07-09T10:02:04.538635,2,2,127.25,0.5,127.0,150,126.8,6,,,,,,,,,,,,,,,,,127.5,150,127.7,1,,,,,,,,,,,,,,,,
2026-07-09T10:02:04.594279+00:00,2026-07-09T10:02:04.594157,2,2,127.25,0.5,127.0,150,126.8,106,,,,,,,,,,,,,,,,,127.5,150,127.7,1,,,,,,,,,,,,,,,,
2026-07-09T10:02:04.646487+00:00,2026-07-09T10:02:04.646354,2,3,127.15,0.3,127.0,150,126.8,106,,,,,,,,,,,,,,,,,127.3,100,127.5,150,127.7,1,,,,,,,,,,,,,,
2026-07-09T10:02:05.005276+00:00,2026-07-09T10:02:05.005250,2,3,127.15,0.3,127.0,102,126.8,106,,,,,,,,,,,,,,,,,127.3,100,127.5,150,127.7,1,,,,,,,,,,,,,,
2026-07-09T10:02:05.020957+00:00,2026-07-09T10:02:05.020869,2,2,127.15,0.3,127.0,102,126.8,106,,,,,,,,,,,,,,,,,127.3,100,127.5,150,,,,,,,,,,,,,,,,
2026-07-09T10:02:05.026132+00:00,2026-07-09T10:02:05.026109,2,3,127.15,0.3,127.0,102,126.8,106,,,,,,,,,,,,,,,,,127.3,100,127.5,150,127.6,1,,,,,,,,,,,,,,
2026-07-09T10:02:05.031371+00:00,2026-07-09T10:02:05.031322,1,2,127.05,0.5,126.8,106,,,,,,,,,,,,,,,,,,,127.3,100,127.6,1,,,,,,,,,,,,,,,,
2026-07-09T10:02:05.085424+00:00,2026-07-09T10:02:05.085351,2,2,127.1,0.4,126.9,150,126.8,106,,,,,,,,,,,,,,,,,127.3,100,127.6,1,,,,,,,,,,,,,,,,
2026-07-09T10:02:05.136810+00:00,2026-07-09T10:02:05.136752,2,3,127.1,0.4,126.9,150,126.8,106,,,,,,,,,,,,,,,,,127.3,100,127.4,150,127.6,1,,,,,,,,,,,,,,
2026-07-09T10:02:06.138993+00:00,2026-07-09T10:02:06.139077,2,2,127.1,0.4,126.9,150,126.8,106,,,,,,,,,,,,,,,,,127.3,100,127.4,150,,,,,,,,,,,,,,,,
2026-07-09T10:02:06.144421+00:00,2026-07-09T10:02:06.144333,2,3,127.1,0.4,126.9,150,126.8,106,,,,,,,,,,,,,,,,,127.3,100,127.4,150,127.7,1,,,,,,,,,,,,,,
2026-07-09T10:02:06.158580+00:00,2026-07-09T10:02:06.154680,2,3,127.1,0.4,126.9,103,126.8,106,,,,,,,,,,,,,,,,,127.3,100,127.4,150,127.7,1,,,,,,,,,,,,,,
2026-07-09T10:02:06.258655+00:00,2026-07-09T10:02:06.257986,2,3,127.1,0.4,126.9,103,126.8,106,,,,,,,,,,,,,,,,,127.3,50,127.4,150,127.7,1,,,,,,,,,,,,,,
2026-07-09T10:02:07.229711+00:00,2026-07-09T10:02:07.229628,3,3,127.15,0.3,127.0,6,126.9,103,126.8,100,,,,,,,,,,,,,,,127.3,50,127.4,150,127.7,1,,,,,,,,,,,,,,
2026-07-09T10:02:07.239888+00:00,2026-07-09T10:02:07.240103,3,4,127.15,0.3,127.0,6,126.9,103,126.8,100,,,,,,,,,,,,,,,127.3,50,127.4,150,127.5,5,127.7,1,,,,,,,,,,,,
2026-07-09T10:02:07.250595+00:00,2026-07-09T10:02:07.250541,3,3,127.15,0.3,127.0,6,126.9,103,126.8,100,,,,,,,,,,,,,,,127.3,50,127.4,150,127.5,5,,,,,,,,,,,,,,
2026-07-09T10:02:07.269757+00:00,2026-07-09T10:02:07.269615,3,4,127.15,0.3,127.0,6,126.9,103,126.8,100,,,,,,,,,,,,,,,127.3,50,127.4,150,127.5,5,127.9,1,,,,,,,,,,,,
2026-07-09T10:02:07.694271+00:00,2026-07-09T10:02:07.694139,3,4,127.15,0.3,127.0,6,126.9,103,126.8,100,,,,,,,,,,,,,,,127.3,10,127.4,150,127.5,5,127.9,1,,,,,,,,,,,,
2026-07-09T10:02:07.699376+00:00,2026-07-09T10:02:07.699323,2,3,127.2,0.4,127.0,6,126.9,103,,,,,,,,,,,,,,,,,127.4,150,127.5,5,127.9,1,,,,,,,,,,,,,,
2026-07-09T10:02:07.756396+00:00,2026-07-09T10:02:07.756484,3,3,127.3,0.2,127.2,100,127.0,6,126.9,103,,,,,,,,,,,,,,,127.4,150,127.5,5,127.9,1,,,,,,,,,,,,,,
2026-07-09T10:02:07.811640+00:00,2026-07-09T10:02:07.811541,3,4,127.3,0.2,127.2,100,127.0,6,126.9,103,,,,,,,,,,,,,,,127.4,150,127.5,5,127.7,100,127.9,1,,,,,,,,,,,,
2026-07-09T10:02:08.191105+00:00,2026-07-09T10:02:08.190997,2,3,127.35,0.3,127.2,100,127.0,6,,,,,,,,,,,,,,,,,127.5,5,127.7,100,127.9,1,,,,,,,,,,,,,,
2026-07-09T10:02:08.246309+00:00,2026-07-09T10:02:08.246228,3,3,127.35,0.3,127.2,100,127.0,6,126.8,150,,,,,,,,,,,,,,,127.5,5,127.7,100,127.9,1,,,,,,,,,,,,,,
2026-07-09T10:02:08.303789+00:00,2026-07-09T10:02:08.303684,3,4,127.25,0.1,127.2,100,127.0,6,126.8,150,,,,,,,,,,,,,,,127.3,150,127.5,5,127.7,100,127.9,1,,,,,,,,,,,,
2026-07-09T10:02:08.376034+00:00,2026-07-09T10:02:08.375934,3,4,127.25,0.1,127.2,100,127.0,6,126.8,150,,,,,,,,,,,,,,,127.3,150,127.5,5,127.7,100,127.8,1,,,,,,,,,,,,
2026-07-09T10:02:08.426223+00:00,2026-07-09T10:02:08.426007,3,4,127.25,0.1,127.2,50,127.0,6,126.8,150,,,,,,,,,,,,,,,127.3,150,127.5,5,127.7,100,127.8,1,,,,,,,,,,,,
2026-07-09T10:02:08.787360+00:00,2026-07-09T10:02:08.787311,3,4,127.25,0.1,127.2,50,127.0,6,126.8,150,,,,,,,,,,,,,,,127.3,109,127.5,5,127.7,100,127.8,1,,,,,,,,,,,,
2026-07-09T10:02:09.485673+00:00,2026-07-09T10:02:09.485567,3,4,127.25,0.1,127.2,50,127.0,6,126.8,150,,,,,,,,,,,,,,,127.3,109,127.5,5,127.7,100,127.8,1,,,,,,,,,,,,
2026-07-09T10:02:09.913365+00:00,2026-07-09T10:02:09.913229,3,4,127.25,0.1,127.2,3,127.0,6,126.8,150,,,,,,,,,,,,,,,127.3,109,127.5,5,127.7,100,127.8,1,,,,,,,,,,,,
2026-07-09T10:02:10.473810+00:00,2026-07-09T10:02:10.473954,2,4,127.15,0.3,127.0,6,126.8,150,,,,,,,,,,,,,,,,,127.3,109,127.5,5,127.7,100,127.8,1,,,,,,,,,,,,
2026-07-09T10:02:10.595437+00:00,2026-07-09T10:02:10.595340,2,4,127.15,0.3,127.0,6,126.8,150,,,,,,,,,,,,,,,,,127.3,109,127.5,5,127.7,100,127.9,1,,,,,,,,,,,,
2026-07-09T10:02:10.869744+00:00,2026-07-09T10:02:10.869608,2,3,127.15,0.3,127.0,6,126.8,150,,,,,,,,,,,,,,,,,127.3,109,127.5,5,127.9,1,,,,,,,,,,,,,,
2026-07-09T10:02:10.920372+00:00,2026-07-09T10:02:10.920241,2,3,127.15,0.3,127.0,106,126.8,150,,,,,,,,,,,,,,,,,127.3,109,127.5,5,127.9,1,,,,,,,,,,,,,,
2026-07-09T10:02:10.974320+00:00,2026-07-09T10:02:10.974251,2,3,127.15,0.3,127.0,106,126.8,150,,,,,,,,,,,,,,,,,127.3,109,127.5,105,127.9,1,,,,,,,,,,,,,,
2026-07-09T10:02:11.186083+00:00,2026-07-09T10:02:11.185983,2,3,127.15,0.3,127.0,100,126.8,156,,,,,,,,,,,,,,,,,127.3,109,127.5,105,127.9,1,,,,,,,,,,,,,,
2026-07-09T10:02:11.191302+00:00,2026-07-09T10:02:11.191232,2,3,127.15,0.3,127.0,100,126.8,156,,,,,,,,,,,,,,,,,127.3,109,127.5,100,127.9,1,,,,,,,,,,,,,,
2026-07-09T10:02:11.196648+00:00,2026-07-09T10:02:11.196497,2,3,127.15,0.3,127.0,100,126.8,156,,,,,,,,,,,,,,,,,127.3,114,127.5,100,127.9,1,,,,,,,,,,,,,,
2026-07-09T10:02:11.358866+00:00,2026-07-09T10:02:11.358837,2,3,127.15,0.3,127.0,100,126.8,6,,,,,,,,,,,,,,,,,127.3,5,127.5,100,127.9,1,,,,,,,,,,,,,,
2026-07-09T10:02:11.414960+00:00,2026-07-09T10:02:11.414822,2,3,127.15,0.3,127.0,100,126.8,156,,,,,,,,,,,,,,,,,127.3,5,127.5,100,127.9,1,,,,,,,,,,,,,,
2026-07-09T10:02:11.474344+00:00,2026-07-09T10:02:11.474286,2,3,127.15,0.3,127.0,100,126.8,156,,,,,,,,,,,,,,,,,127.3,155,127.5,100,127.9,1,,,,,,,,,,,,,,
2026-07-09T10:02:11.706245+00:00,2026-07-09T10:02:11.706141,2,3,127.15,0.3,127.0,100,126.8,156,,,,,,,,,,,,,,,,,127.3,155,127.5,100,127.6,1,,,,,,,,,,,,,,
2026-07-09T10:02:12.637375+00:00,2026-07-09T10:02:12.637228,2,3,127.15,0.3,127.0,50,126.8,156,,,,,,,,,,,,,,,,,127.3,155,127.5,100,127.6,1,,,,,,,,,,,,,,
2026-07-09T10:02:12.818400+00:00,2026-07-09T10:02:12.818303,2,3,127.15,0.3,127.0,50,126.8,156,,,,,,,,,,,,,,,,,127.3,155,127.5,100,127.7,1,,,,,,,,,,,,,,
2026-07-09T10:02:13.930043+00:00,2026-07-09T10:02:13.929963,2,3,127.15,0.3,127.0,50,126.8,156,,,,,,,,,,,,,,,,,127.3,155,127.5,100,127.6,1,,,,,,,,,,,,,,
2026-07-09T10:02:14.029088+00:00,2026-07-09T10:02:14.028950,1,2,127.05,0.5,126.8,156,,,,,,,,,,,,,,,,,,,127.3,155,127.6,1,,,,,,,,,,,,,,,,
2026-07-09T10:02:14.083577+00:00,2026-07-09T10:02:14.083404,2,2,127.05,0.5,126.8,156,126.6,100,,,,,,,,,,,,,,,,,127.3,155,127.6,1,,,,,,,,,,,,,,,,
2026-07-09T10:02:14.140143+00:00,2026-07-09T10:02:14.140291,2,3,126.95,0.3,126.8,156,126.6,100,,,,,,,,,,,,,,,,,127.1,100,127.3,155,127.6,1,,,,,,,,,,,,,,
2026-07-09T10:02:14.533267+00:00,2026-07-09T10:02:14.533179,2,3,126.95,0.3,126.8,6,126.6,100,,,,,,,,,,,,,,,,,127.1,100,127.3,5,127.6,1,,,,,,,,,,,,,,
2026-07-09T10:02:14.584434+00:00,2026-07-09T10:02:14.584590,3,3,127.0,0.2,126.9,150,126.8,6,126.6,100,,,,,,,,,,,,,,,127.1,100,127.3,5,127.6,1,,,,,,,,,,,,,,
2026-07-09T10:02:14.640866+00:00,2026-07-09T10:02:14.640769,3,4,127.0,0.2,126.9,150,126.8,6,126.6,100,,,,,,,,,,,,,,,127.1,100,127.3,5,127.4,150,127.6,1,,,,,,,,,,,,
2026-07-09T10:02:15.038324+00:00,2026-07-09T10:02:15.038250,3,3,127.0,0.2,126.9,150,126.8,6,126.6,100,,,,,,,,,,,,,,,127.1,100,127.3,5,127.4,150,,,,,,,,,,,,,,
2026-07-09T10:02:15.079924+00:00,2026-07-09T10:02:15.079798,3,4,127.0,0.2,126.9,150,126.8,6,126.6,100,,,,,,,,,,,,,,,127.1,100,127.3,5,127.4,150,127.7,1,,,,,,,,,,,,
2026-07-09T10:02:16.186722+00:00,2026-07-09T10:02:16.186663,3,4,127.0,0.2,126.9,150,126.8,6,126.6,100,,,,,,,,,,,,,,,127.1,100,127.3,5,127.4,150,127.6,1,,,,,,,,,,,,
2026-07-09T10:02:17.190265+00:00,2026-07-09T10:02:17.190173,3,3,127.1,0.4,126.9,150,126.8,6,126.6,100,,,,,,,,,,,,,,,127.3,5,127.4,150,127.6,1,,,,,,,,,,,,,,
2026-07-09T10:02:17.195447+00:00,2026-07-09T10:02:17.195347,2,3,127.1,0.4,126.9,150,126.8,6,,,,,,,,,,,,,,,,,127.3,5,127.4,150,127.6,1,,,,,,,,,,,,,,
2026-07-09T10:02:17.249319+00:00,2026-07-09T10:02:17.249411,3,3,127.1,0.4,126.9,150,126.8,6,126.6,100,,,,,,,,,,,,,,,127.3,5,127.4,150,127.6,1,,,,,,,,,,,,,,
2026-07-09T10:02:17.296606+00:00,2026-07-09T10:02:17.296537,3,3,127.1,0.4,126.9,150,126.8,6,126.6,100,,,,,,,,,,,,,,,127.3,5,127.4,150,127.6,1,,,,,,,,,,,,,,
2026-07-09T10:02:17.301792+00:00,2026-07-09T10:02:17.301693,3,4,127.0,0.2,126.9,150,126.8,6,126.6,100,,,,,,,,,,,,,,,127.1,100,127.3,5,127.4,150,127.6,1,,,,,,,,,,,,
2026-07-09T10:02:17.692175+00:00,2026-07-09T10:02:17.692081,2,3,126.95,0.3,126.8,6,126.6,100,,,,,,,,,,,,,,,,,127.1,100,127.3,5,127.6,1,,,,,,,,,,,,,,
2026-07-09T10:02:17.750997+00:00,2026-07-09T10:02:17.751099,3,3,126.95,0.3,126.8,6,126.7,150,126.6,100,,,,,,,,,,,,,,,127.1,100,127.3,5,127.6,1,,,,,,,,,,,,,,
2026-07-09T10:02:17.800661+00:00,2026-07-09T10:02:17.800542,3,4,126.95,0.3,126.8,6,126.7,150,126.6,100,,,,,,,,,,,,,,,127.1,100,127.2,150,127.3,5,127.6,1,,,,,,,,,,,,
2026-07-09T10:02:18.401970+00:00,2026-07-09T10:02:18.401904,3,3,126.95,0.3,126.8,6,126.7,150,126.6,100,,,,,,,,,,,,,,,127.1,100,127.2,150,127.3,5,,,,,,,,,,,,,,
2026-07-09T10:02:18.407165+00:00,2026-07-09T10:02:18.407084,3,4,126.95,0.3,126.8,6,126.7,150,126.6,100,,,,,,,,,,,,,,,127.1,100,127.2,150,127.3,5,127.5,1,,,,,,,,,,,,
2026-07-09T10:02:18.958614+00:00,2026-07-09T10:02:18.955096,2,4,126.9,0.4,126.7,106,126.6,100,,,,,,,,,,,,,,,,,127.1,100,127.2,150,127.3,5,127.5,1,,,,,,,,,,,,
2026-07-09T10:02:19.042952+00:00,2026-07-09T10:02:19.043035,2,4,126.9,0.4,126.7,106,126.6,100,,,,,,,,,,,,,,,,,127.1,100,127.2,150,127.3,6,127.5,1,,,,,,,,,,,,
2026-07-09T10:02:19.516138+00:00,2026-07-09T10:02:19.516047,2,3,126.9,0.4,126.7,106,126.6,100,,,,,,,,,,,,,,,,,127.1,100,127.2,150,127.3,6,,,,,,,,,,,,,,
2026-07-09T10:02:19.521371+00:00,2026-07-09T10:02:19.521275,2,4,126.9,0.4,126.7,106,126.6,100,,,,,,,,,,,,,,,,,127.1,100,127.2,150,127.3,6,127.5,1,,,,,,,,,,,,
2026-07-09T10:02:19.658684+00:00,2026-07-09T10:02:19.651187,2,4,126.9,0.4,126.7,106,126.6,100,,,,,,,,,,,,,,,,,127.1,56,127.2,150,127.3,6,127.5,1,,,,,,,,,,,,
2026-07-09T10:02:20.358601+00:00,2026-07-09T10:02:20.356633,1,3,126.95,0.5,126.7,106,,,,,,,,,,,,,,,,,,,127.2,150,127.3,6,127.5,1,,,,,,,,,,,,,,
2026-07-09T10:02:20.410319+00:00,2026-07-09T10:02:20.410220,2,3,126.95,0.5,126.7,106,126.6,100,,,,,,,,,,,,,,,,,127.2,150,127.3,6,127.5,1,,,,,,,,,,,,,,
2026-07-09T10:02:20.464278+00:00,2026-07-09T10:02:20.464155,2,4,126.9,0.4,126.7,106,126.6,100,,,,,,,,,,,,,,,,,127.1,100,127.2,150,127.3,6,127.5,1,,,,,,,,,,,,
2026-07-09T10:02:20.611114+00:00,2026-07-09T10:02:20.611049,2,3,126.9,0.4,126.7,106,126.6,105,,,,,,,,,,,,,,,,,127.1,100,127.2,150,127.5,1,,,,,,,,,,,,,,
2026-07-09T10:02:20.631379+00:00,2026-07-09T10:02:20.631289,2,3,126.9,0.4,126.7,106,126.6,105,,,,,,,,,,,,,,,,,127.1,100,127.2,150,127.3,1,,,,,,,,,,,,,,
2026-07-09T10:02:20.732316+00:00,2026-07-09T10:02:20.732214,2,3,126.9,0.4,126.7,66,126.6,105,,,,,,,,,,,,,,,,,127.1,100,127.2,150,127.3,1,,,,,,,,,,,,,,
2026-07-09T10:02:20.817669+00:00,2026-07-09T10:02:20.817567,2,3,126.9,0.4,126.7,66,126.6,105,,,,,,,,,,,,,,,,,127.1,106,127.2,150,127.3,1,,,,,,,,,,,,,,
2026-07-09T10:02:20.858612+00:00,2026-07-09T10:02:20.856991,1,2,126.85,0.5,126.6,105,,,,,,,,,,,,,,,,,,,127.1,106,127.3,1,,,,,,,,,,,,,,,,
2026-07-09T10:02:20.914419+00:00,2026-07-09T10:02:20.914354,2,2,126.85,0.5,126.6,105,126.2,150,,,,,,,,,,,,,,,,,127.1,106,127.3,1,,,,,,,,,,,,,,,,
2026-07-09T10:02:20.968232+00:00,2026-07-09T10:02:20.968200,2,3,126.65,0.1,126.6,105,126.2,150,,,,,,,,,,,,,,,,,126.7,150,127.1,106,127.3,1,,,,,,,,,,,,,,
2026-07-09T10:02:21.044352+00:00,2026-07-09T10:02:21.044281,2,2,126.65,0.1,126.6,105,126.2,150,,,,,,,,,,,,,,,,,126.7,150,127.1,106,,,,,,,,,,,,,,,,
2026-07-09T10:02:21.475459+00:00,2026-07-09T10:02:21.475370,2,2,126.65,0.1,126.6,100,126.2,150,,,,,,,,,,,,,,,,,126.7,150,127.1,106,,,,,,,,,,,,,,,,
2026-07-09T10:02:21.616510+00:00,2026-07-09T10:02:21.616403,3,2,126.65,0.1,126.6,100,126.3,5,126.2,150,,,,,,,,,,,,,,,126.7,150,127.1,106,,,,,,,,,,,,,,,,
2026-07-09T10:02:21.621564+00:00,2026-07-09T10:02:21.621666,3,2,126.65,0.1,126.6,100,126.3,5,126.2,150,,,,,,,,,,,,,,,126.7,150,127.1,100,,,,,,,,,,,,,,,,
2026-07-09T10:02:21.771373+00:00,2026-07-09T10:02:21.771226,3,3,126.65,0.1,126.6,100,126.3,5,126.2,150,,,,,,,,,,,,,,,126.7,150,127.1,100,127.2,1,,,,,,,,,,,,,,
2026-07-09T10:02:21.819770+00:00,2026-07-09T10:02:21.819669,3,4,126.65,0.1,126.6,100,126.3,5,126.2,150,,,,,,,,,,,,,,,126.7,150,126.8,6,127.1,100,127.2,1,,,,,,,,,,,,
2026-07-09T10:02:22.674271+00:00,2026-07-09T10:02:22.674237,3,3,126.65,0.1,126.6,100,126.3,5,126.2,150,,,,,,,,,,,,,,,126.7,150,126.8,6,127.1,100,,,,,,,,,,,,,,
2026-07-09T10:02:22.887582+00:00,2026-07-09T10:02:22.887483,3,3,126.65,0.1,126.6,100,126.3,5,126.2,150,,,,,,,,,,,,,,,126.7,150,126.8,6,127.1,101,,,,,,,,,,,,,,
2026-07-09T10:02:22.990802+00:00,2026-07-09T10:02:22.990702,3,3,126.65,0.1,126.6,100,126.3,5,126.2,150,,,,,,,,,,,,,,,126.7,150,126.8,6,127.1,100,,,,,,,,,,,,,,
2026-07-09T10:02:23.326185+00:00,2026-07-09T10:02:23.326132,3,3,126.65,0.1,126.6,58,126.3,5,126.2,150,,,,,,,,,,,,,,,126.7,150,126.8,6,127.1,100,,,,,,,,,,,,,,
2026-07-09T10:02:23.518876+00:00,2026-07-09T10:02:23.518750,2,2,126.5,0.4,126.3,5,126.2,150,,,,,,,,,,,,,,,,,126.7,150,126.8,6,,,,,,,,,,,,,,,,
