recv_time,book_timestamp,n_bids,n_asks,mid,spread,bid_px_0,bid_vol_0,bid_px_1,bid_vol_1,bid_px_2,bid_vol_2,bid_px_3,bid_vol_3,bid_px_4,bid_vol_4,bid_px_5,bid_vol_5,bid_px_6,bid_vol_6,bid_px_7,bid_vol_7,bid_px_8,bid_vol_8,bid_px_9,bid_vol_9,ask_px_0,ask_vol_0,ask_px_1,ask_vol_1,ask_px_2,ask_vol_2,ask_px_3,ask_vol_3,ask_px_4,ask_vol_4,ask_px_5,ask_vol_5,ask_px_6,ask_vol_6,ask_px_7,ask_vol_7,ask_px_8,ask_vol_8,ask_px_9,ask_vol_9
2026-07-02T00:00:01.252471+00:00,2026-07-02T00:00:01.697078,2,2,92.75,0.3,92.6,100,92.4,153,,,,,,,,,,,,,,,,,92.9,150,93.1,100,,,,,,,,,,,,,,,,
2026-07-02T00:00:05.725548+00:00,2026-07-02T00:00:05.088551,3,2,92.8,0.4,92.6,100,92.5,150,92.4,3,,,,,,,,,,,,,,,93.0,67,93.1,100,,,,,,,,,,,,,,,,
2026-07-02T00:00:06.098496+00:00,2026-07-02T00:00:06.098389,3,2,92.8,0.4,92.6,57,92.5,150,92.4,3,,,,,,,,,,,,,,,93.0,67,93.1,100,,,,,,,,,,,,,,,,
2026-07-02T00:00:06.159010+00:00,2026-07-02T00:00:06.158804,3,1,92.85,0.5,92.6,57,92.5,150,92.4,3,,,,,,,,,,,,,,,93.1,100,,,,,,,,,,,,,,,,,,
2026-07-02T00:00:06.164206+00:00,2026-07-02T00:00:06.164017,2,1,92.85,0.5,92.6,57,92.4,3,,,,,,,,,,,,,,,,,93.1,100,,,,,,,,,,,,,,,,,,
2026-07-02T00:00:06.185357+00:00,2026-07-02T00:00:06.185269,3,1,93.0,0.2,92.9,150,92.6,57,92.4,3,,,,,,,,,,,,,,,93.1,100,,,,,,,,,,,,,,,,,,
2026-07-02T00:00:06.267275+00:00,2026-07-02T00:00:06.258816,3,2,93.0,0.2,92.9,150,92.6,57,92.4,3,,,,,,,,,,,,,,,93.1,100,93.4,150,,,,,,,,,,,,,,,,
2026-07-02T00:00:06.858643+00:00,2026-07-02T00:00:06.847520,3,2,93.0,0.2,92.9,100,92.6,57,92.4,3,,,,,,,,,,,,,,,93.1,100,93.4,150,,,,,,,,,,,,,,,,
2026-07-02T00:00:07.164129+00:00,2026-07-02T00:00:07.163909,3,2,93.0,0.2,92.9,100,92.6,57,92.4,3,,,,,,,,,,,,,,,93.1,58,93.4,150,,,,,,,,,,,,,,,,
2026-07-02T00:00:07.964771+00:00,2026-07-02T00:00:07.964357,1,1,93.15,0.5,92.9,100,,,,,,,,,,,,,,,,,,,93.4,150,,,,,,,,,,,,,,,,,,
2026-07-02T00:00:07.976025+00:00,2026-07-02T00:00:07.976198,2,1,93.15,0.5,92.9,100,92.5,100,,,,,,,,,,,,,,,,,93.4,150,,,,,,,,,,,,,,,,,,
2026-07-02T00:00:08.069134+00:00,2026-07-02T00:00:08.068936,2,2,92.95,0.1,92.9,100,92.5,100,,,,,,,,,,,,,,,,,93.0,100,93.4,150,,,,,,,,,,,,,,,,
2026-07-02T00:00:08.258729+00:00,2026-07-02T00:00:08.204018,2,2,92.95,0.1,92.9,51,92.5,100,,,,,,,,,,,,,,,,,93.0,100,93.4,150,,,,,,,,,,,,,,,,
2026-07-02T00:00:08.964718+00:00,2026-07-02T00:00:08.964563,2,2,92.95,0.1,92.9,1,92.5,100,,,,,,,,,,,,,,,,,93.0,100,93.4,150,,,,,,,,,,,,,,,,
2026-07-02T00:00:09.290513+00:00,2026-07-02T00:00:09.290635,2,1,92.95,0.1,92.9,1,92.5,100,,,,,,,,,,,,,,,,,93.0,100,,,,,,,,,,,,,,,,,,
2026-07-02T00:00:09.295920+00:00,2026-07-02T00:00:09.295825,1,1,92.75,0.5,92.5,100,,,,,,,,,,,,,,,,,,,93.0,100,,,,,,,,,,,,,,,,,,
2026-07-02T00:00:09.369195+00:00,2026-07-02T00:00:09.369050,2,1,92.75,0.5,92.5,100,92.3,150,,,,,,,,,,,,,,,,,93.0,100,,,,,,,,,,,,,,,,,,
2026-07-02T00:00:09.410745+00:00,2026-07-02T00:00:09.405421,2,2,92.65,0.3,92.5,100,92.3,150,,,,,,,,,,,,,,,,,92.8,138,93.0,100,,,,,,,,,,,,,,,,
2026-07-02T00:00:11.070918+00:00,2026-07-02T00:00:11.070868,2,1,92.65,0.3,92.5,50,92.3,150,,,,,,,,,,,,,,,,,92.8,138,,,,,,,,,,,,,,,,,,
2026-07-02T00:00:11.081942+00:00,2026-07-02T00:00:11.082111,1,1,92.55,0.5,92.3,150,,,,,,,,,,,,,,,,,,,92.8,138,,,,,,,,,,,,,,,,,,
2026-07-02T00:00:11.158921+00:00,2026-07-02T00:00:11.158773,2,1,92.6,0.4,92.4,100,92.3,150,,,,,,,,,,,,,,,,,92.8,138,,,,,,,,,,,,,,,,,,
2026-07-02T00:00:11.182784+00:00,2026-07-02T00:00:11.182666,2,2,92.6,0.4,92.4,100,92.3,150,,,,,,,,,,,,,,,,,92.8,138,92.9,100,,,,,,,,,,,,,,,,
2026-07-02T00:00:11.508236+00:00,2026-07-02T00:00:11.508122,2,2,92.6,0.4,92.4,100,92.3,150,,,,,,,,,,,,,,,,,92.8,94,92.9,100,,,,,,,,,,,,,,,,
2026-07-02T00:00:11.558667+00:00,2026-07-02T00:00:11.513521,3,2,92.7,0.2,92.6,3,92.4,100,92.3,150,,,,,,,,,,,,,,,92.8,94,92.9,103,,,,,,,,,,,,,,,,
2026-07-02T00:00:12.104642+00:00,2026-07-02T00:00:12.099735,3,2,92.7,0.2,92.6,3,92.4,100,92.3,150,,,,,,,,,,,,,,,92.8,83,92.9,103,,,,,,,,,,,,,,,,
2026-07-02T00:00:12.274291+00:00,2026-07-02T00:00:12.274231,3,2,92.7,0.2,92.6,3,92.4,100,92.3,150,,,,,,,,,,,,,,,92.8,83,92.9,102,,,,,,,,,,,,,,,,
2026-07-02T00:00:12.463978+00:00,2026-07-02T00:00:12.463915,2,1,92.75,0.3,92.6,3,92.4,100,,,,,,,,,,,,,,,,,92.9,102,,,,,,,,,,,,,,,,,,
2026-07-02T00:00:12.482447+00:00,2026-07-02T00:00:12.482336,1,1,92.65,0.5,92.4,54,,,,,,,,,,,,,,,,,,,92.9,102,,,,,,,,,,,,,,,,,,
2026-07-02T00:00:12.508425+00:00,2026-07-02T00:00:12.508576,2,1,92.75,0.3,92.6,150,92.4,54,,,,,,,,,,,,,,,,,92.9,102,,,,,,,,,,,,,,,,,,
2026-07-02T00:00:12.519300+00:00,2026-07-02T00:00:12.519249,2,1,92.75,0.3,92.6,154,92.4,54,,,,,,,,,,,,,,,,,92.9,102,,,,,,,,,,,,,,,,,,
2026-07-02T00:00:12.564008+00:00,2026-07-02T00:00:12.563920,2,2,92.75,0.3,92.6,154,92.4,54,,,,,,,,,,,,,,,,,92.9,102,93.1,150,,,,,,,,,,,,,,,,
2026-07-02T00:00:13.159140+00:00,2026-07-02T00:00:13.158833,2,2,92.75,0.3,92.6,154,92.4,54,,,,,,,,,,,,,,,,,92.9,52,93.1,150,,,,,,,,,,,,,,,,
2026-07-02T00:00:13.558708+00:00,2026-07-02T00:00:13.527962,2,2,92.75,0.3,92.6,152,92.4,54,,,,,,,,,,,,,,,,,92.9,52,93.1,150,,,,,,,,,,,,,,,,
2026-07-02T00:00:14.264148+00:00,2026-07-02T00:00:14.264027,1,2,92.75,0.3,92.6,152,,,,,,,,,,,,,,,,,,,92.9,2,93.1,150,,,,,,,,,,,,,,,,
2026-07-02T00:00:14.289668+00:00,2026-07-02T00:00:14.289873,2,2,92.75,0.3,92.6,152,92.5,100,,,,,,,,,,,,,,,,,92.9,2,93.1,150,,,,,,,,,,,,,,,,
2026-07-02T00:00:14.328502+00:00,2026-07-02T00:00:14.358835,2,3,92.75,0.3,92.6,152,92.5,100,,,,,,,,,,,,,,,,,92.9,2,93.0,100,93.1,150,,,,,,,,,,,,,,
2026-07-02T00:00:15.227297+00:00,2026-07-02T00:00:15.235641,2,2,92.8,0.4,92.6,152,92.5,100,,,,,,,,,,,,,,,,,93.0,100,93.1,150,,,,,,,,,,,,,,,,
2026-07-02T00:00:15.658686+00:00,2026-07-02T00:00:15.615916,2,1,92.8,0.4,92.6,2,92.5,100,,,,,,,,,,,,,,,,,93.0,100,,,,,,,,,,,,,,,,,,
2026-07-02T00:00:15.672945+00:00,2026-07-02T00:00:15.672852,3,1,92.85,0.3,92.7,150,92.6,2,92.5,100,,,,,,,,,,,,,,,93.0,100,,,,,,,,,,,,,,,,,,
2026-07-02T00:00:15.769592+00:00,2026-07-02T00:00:15.769124,3,2,92.85,0.3,92.7,150,92.6,2,92.5,100,,,,,,,,,,,,,,,93.0,100,93.2,150,,,,,,,,,,,,,,,,
2026-07-02T00:00:17.458816+00:00,2026-07-02T00:00:17.399203,2,1,92.95,0.5,92.7,150,92.6,2,,,,,,,,,,,,,,,,,93.2,150,,,,,,,,,,,,,,,,,,
2026-07-02T00:00:17.468733+00:00,2026-07-02T00:00:17.469053,2,1,92.95,0.5,92.7,150,92.6,102,,,,,,,,,,,,,,,,,93.2,150,,,,,,,,,,,,,,,,,,
2026-07-02T00:00:17.560304+00:00,2026-07-02T00:00:17.558796,2,2,92.9,0.4,92.7,150,92.6,102,,,,,,,,,,,,,,,,,93.1,100,93.2,150,,,,,,,,,,,,,,,,
2026-07-02T00:00:18.804644+00:00,2026-07-02T00:00:18.804540,1,1,92.85,0.5,92.6,102,,,,,,,,,,,,,,,,,,,93.1,100,,,,,,,,,,,,,,,,,,
2026-07-02T00:00:18.864474+00:00,2026-07-02T00:00:18.864343,2,1,93.05,0.1,93.0,150,92.6,102,,,,,,,,,,,,,,,,,93.1,100,,,,,,,,,,,,,,,,,,
2026-07-02T00:00:18.907172+00:00,2026-07-02T00:00:18.907031,2,2,93.05,0.1,93.0,150,92.6,102,,,,,,,,,,,,,,,,,93.1,100,93.5,150,,,,,,,,,,,,,,,,
2026-07-02T00:00:19.469317+00:00,2026-07-02T00:00:19.469192,2,2,93.05,0.1,93.0,150,92.6,102,,,,,,,,,,,,,,,,,93.1,50,93.5,150,,,,,,,,,,,,,,,,
2026-07-02T00:00:20.064617+00:00,2026-07-02T00:00:20.064489,2,2,93.05,0.1,93.0,150,92.6,102,,,,,,,,,,,,,,,,,93.1,8,93.5,150,,,,,,,,,,,,,,,,
2026-07-02T00:00:20.569531+00:00,2026-07-02T00:00:20.569710,2,1,93.25,0.5,93.0,150,92.6,2,,,,,,,,,,,,,,,,,93.5,150,,,,,,,,,,,,,,,,,,
2026-07-02T00:00:20.658711+00:00,2026-07-02T00:00:20.615292,2,1,93.25,0.5,93.0,250,92.6,2,,,,,,,,,,,,,,,,,93.5,150,,,,,,,,,,,,,,,,,,
2026-07-02T00:00:20.674249+00:00,2026-07-02T00:00:20.674188,2,1,93.25,0.5,93.0,250,92.6,2,,,,,,,,,,,,,,,,,93.5,250,,,,,,,,,,,,,,,,,,
2026-07-02T00:00:21.569202+00:00,2026-07-02T00:00:21.569121,2,1,93.25,0.5,93.0,250,92.6,2,,,,,,,,,,,,,,,,,93.5,200,,,,,,,,,,,,,,,,,,
2026-07-02T00:00:21.964248+00:00,2026-07-02T00:00:21.964084,2,1,93.25,0.5,93.0,100,92.6,2,,,,,,,,,,,,,,,,,93.5,100,,,,,,,,,,,,,,,,,,
2026-07-02T00:00:21.969472+00:00,2026-07-02T00:00:21.969424,1,1,93.25,0.5,93.0,100,,,,,,,,,,,,,,,,,,,93.5,100,,,,,,,,,,,,,,,,,,
2026-07-02T00:00:22.058723+00:00,2026-07-02T00:00:22.015302,1,1,93.25,0.5,93.0,250,,,,,,,,,,,,,,,,,,,93.5,100,,,,,,,,,,,,,,,,,,
2026-07-02T00:00:22.069276+00:00,2026-07-02T00:00:22.069136,1,1,93.25,0.5,93.0,250,,,,,,,,,,,,,,,,,,,93.5,250,,,,,,,,,,,,,,,,,,
2026-07-02T00:00:22.258985+00:00,2026-07-02T00:00:22.211339,1,1,93.25,0.5,93.0,239,,,,,,,,,,,,,,,,,,,93.5,250,,,,,,,,,,,,,,,,,,
2026-07-02T00:00:22.997953+00:00,2026-07-02T00:00:22.997820,2,1,93.25,0.5,93.0,239,92.8,5,,,,,,,,,,,,,,,,,93.5,250,,,,,,,,,,,,,,,,,,
2026-07-02T00:00:23.674759+00:00,2026-07-02T00:00:23.674611,2,1,93.25,0.5,93.0,239,92.8,5,,,,,,,,,,,,,,,,,93.5,200,,,,,,,,,,,,,,,,,,
2026-07-02T00:00:23.730194+00:00,2026-07-02T00:00:23.730159,2,1,93.25,0.5,93.0,150,92.8,5,,,,,,,,,,,,,,,,,93.5,150,,,,,,,,,,,,,,,,,,
2026-07-02T00:00:23.795612+00:00,2026-07-02T00:00:23.795552,2,1,93.25,0.5,93.0,250,92.8,5,,,,,,,,,,,,,,,,,93.5,150,,,,,,,,,,,,,,,,,,
2026-07-02T00:00:23.868720+00:00,2026-07-02T00:00:23.868872,2,1,93.25,0.5,93.0,250,92.8,5,,,,,,,,,,,,,,,,,93.5,250,,,,,,,,,,,,,,,,,,
2026-07-02T00:00:24.068768+00:00,2026-07-02T00:00:24.069020,2,1,93.25,0.5,93.0,205,92.8,5,,,,,,,,,,,,,,,,,93.5,250,,,,,,,,,,,,,,,,,,
2026-07-02T00:00:24.683935+00:00,2026-07-02T00:00:24.683898,2,1,93.25,0.5,93.0,157,92.8,5,,,,,,,,,,,,,,,,,93.5,250,,,,,,,,,,,,,,,,,,
2026-07-02T00:00:25.120994+00:00,2026-07-02T00:00:25.121117,2,1,93.25,0.5,93.0,100,92.8,5,,,,,,,,,,,,,,,,,93.5,100,,,,,,,,,,,,,,,,,,
2026-07-02T00:00:25.178764+00:00,2026-07-02T00:00:25.178671,2,1,93.25,0.5,93.0,100,92.8,155,,,,,,,,,,,,,,,,,93.5,100,,,,,,,,,,,,,,,,,,
2026-07-02T00:00:25.230166+00:00,2026-07-02T00:00:25.230120,2,2,93.15,0.3,93.0,100,92.8,155,,,,,,,,,,,,,,,,,93.3,150,93.5,100,,,,,,,,,,,,,,,,
2026-07-02T00:00:25.782785+00:00,2026-07-02T00:00:25.782759,2,2,93.15,0.3,93.0,100,92.8,155,,,,,,,,,,,,,,,,,93.3,100,93.5,100,,,,,,,,,,,,,,,,
2026-07-02T00:00:26.003867+00:00,2026-07-02T00:00:26.006213,2,2,93.15,0.3,93.0,100,92.8,154,,,,,,,,,,,,,,,,,93.3,100,93.5,100,,,,,,,,,,,,,,,,
2026-07-02T00:00:26.884523+00:00,2026-07-02T00:00:26.884383,2,2,93.15,0.3,93.0,100,92.8,154,,,,,,,,,,,,,,,,,93.3,58,93.5,100,,,,,,,,,,,,,,,,
2026-07-02T00:00:26.902929+00:00,2026-07-02T00:00:26.902837,1,1,93.05,0.5,92.8,154,,,,,,,,,,,,,,,,,,,93.3,58,,,,,,,,,,,,,,,,,,
2026-07-02T00:00:26.964119+00:00,2026-07-02T00:00:26.963997,2,1,93.15,0.3,93.0,100,92.8,154,,,,,,,,,,,,,,,,,93.3,58,,,,,,,,,,,,,,,,,,
2026-07-02T00:00:27.005213+00:00,2026-07-02T00:00:27.005131,2,2,93.15,0.3,93.0,100,92.8,153,,,,,,,,,,,,,,,,,93.3,58,93.5,100,,,,,,,,,,,,,,,,
2026-07-02T00:00:27.174488+00:00,2026-07-02T00:00:27.174432,2,3,93.1,0.2,93.0,100,92.8,153,,,,,,,,,,,,,,,,,93.2,4,93.3,58,93.5,100,,,,,,,,,,,,,,
2026-07-02T00:00:27.464411+00:00,2026-07-02T00:00:27.464325,2,2,93.15,0.3,93.0,100,92.8,153,,,,,,,,,,,,,,,,,93.3,22,93.5,100,,,,,,,,,,,,,,,,
2026-07-02T00:00:28.064106+00:00,2026-07-02T00:00:28.063913,2,2,93.15,0.3,93.0,57,92.8,153,,,,,,,,,,,,,,,,,93.3,22,93.5,100,,,,,,,,,,,,,,,,
2026-07-02T00:00:28.280195+00:00,2026-07-02T00:00:28.280110,2,1,93.25,0.5,93.0,57,92.8,153,,,,,,,,,,,,,,,,,93.5,100,,,,,,,,,,,,,,,,,,
2026-07-02T00:00:28.285401+00:00,2026-07-02T00:00:28.285339,2,1,93.25,0.5,93.0,57,92.8,3,,,,,,,,,,,,,,,,,93.5,100,,,,,,,,,,,,,,,,,,
2026-07-02T00:00:28.338464+00:00,2026-07-02T00:00:28.338368,3,1,93.35,0.3,93.2,150,93.0,57,92.8,3,,,,,,,,,,,,,,,93.5,100,,,,,,,,,,,,,,,,,,
2026-07-02T00:00:28.386658+00:00,2026-07-02T00:00:28.386585,3,2,93.35,0.3,93.2,150,93.0,57,92.8,3,,,,,,,,,,,,,,,93.5,100,93.7,150,,,,,,,,,,,,,,,,
2026-07-02T00:00:29.159385+00:00,2026-07-02T00:00:29.087266,3,2,93.35,0.3,93.2,138,93.0,57,92.8,3,,,,,,,,,,,,,,,93.5,100,93.7,150,,,,,,,,,,,,,,,,
2026-07-02T00:00:29.594544+00:00,2026-07-02T00:00:29.594732,3,2,93.35,0.3,93.2,90,93.0,57,92.8,3,,,,,,,,,,,,,,,93.5,100,93.7,150,,,,,,,,,,,,,,,,
2026-07-02T00:00:30.064141+00:00,2026-07-02T00:00:30.064099,1,1,93.45,0.5,93.2,40,,,,,,,,,,,,,,,,,,,93.7,150,,,,,,,,,,,,,,,,,,
2026-07-02T00:00:30.121252+00:00,2026-07-02T00:00:30.121147,2,1,93.45,0.5,93.2,40,92.8,100,,,,,,,,,,,,,,,,,93.7,150,,,,,,,,,,,,,,,,,,
2026-07-02T00:00:30.174375+00:00,2026-07-02T00:00:30.174267,2,2,93.25,0.1,93.2,40,92.8,100,,,,,,,,,,,,,,,,,93.3,100,93.7,150,,,,,,,,,,,,,,,,
2026-07-02T00:00:31.464545+00:00,2026-07-02T00:00:31.464467,1,1,93.05,0.5,92.8,100,,,,,,,,,,,,,,,,,,,93.3,100,,,,,,,,,,,,,,,,,,
2026-07-02T00:00:31.567537+00:00,2026-07-02T00:00:31.562109,1,1,93.05,0.5,92.8,250,,,,,,,,,,,,,,,,,,,93.3,238,,,,,,,,,,,,,,,,,,
2026-07-02T00:00:31.897383+00:00,2026-07-02T00:00:31.897275,2,1,93.15,0.3,93.0,4,92.8,250,,,,,,,,,,,,,,,,,93.3,238,,,,,,,,,,,,,,,,,,
2026-07-02T00:00:32.169365+00:00,2026-07-02T00:00:32.169141,1,1,93.05,0.5,92.8,204,,,,,,,,,,,,,,,,,,,93.3,238,,,,,,,,,,,,,,,,,,
2026-07-02T00:00:32.283041+00:00,2026-07-02T00:00:32.283250,2,1,93.15,0.3,93.0,4,92.8,204,,,,,,,,,,,,,,,,,93.3,238,,,,,,,,,,,,,,,,,,
2026-07-02T00:00:32.614647+00:00,2026-07-02T00:00:32.614558,2,1,93.15,0.3,93.0,4,92.8,204,,,,,,,,,,,,,,,,,93.3,240,,,,,,,,,,,,,,,,,,
2026-07-02T00:00:33.080610+00:00,2026-07-02T00:00:33.080501,2,1,93.15,0.3,93.0,4,92.8,204,,,,,,,,,,,,,,,,,93.3,192,,,,,,,,,,,,,,,,,,
2026-07-02T00:00:33.258690+00:00,2026-07-02T00:00:33.224402,2,1,93.15,0.3,93.0,4,92.8,150,,,,,,,,,,,,,,,,,93.3,152,,,,,,,,,,,,,,,,,,
2026-07-02T00:00:33.279984+00:00,2026-07-02T00:00:33.279909,3,1,93.25,0.1,93.2,100,93.0,4,92.8,150,,,,,,,,,,,,,,,93.3,152,,,,,,,,,,,,,,,,,,
2026-07-02T00:00:33.364193+00:00,2026-07-02T00:00:33.364001,3,2,93.25,0.1,93.2,100,93.0,4,92.8,150,,,,,,,,,,,,,,,93.3,152,93.7,100,,,,,,,,,,,,,,,,
2026-07-02T00:00:33.911205+00:00,2026-07-02T00:00:33.911087,3,2,93.25,0.1,93.2,100,93.0,3,92.8,150,,,,,,,,,,,,,,,93.3,152,93.7,100,,,,,,,,,,,,,,,,
2026-07-02T00:00:34.212305+00:00,2026-07-02T00:00:34.212261,3,2,93.25,0.1,93.2,100,93.0,3,92.8,150,,,,,,,,,,,,,,,93.3,151,93.7,100,,,,,,,,,,,,,,,,
2026-07-02T00:00:34.234364+00:00,2026-07-02T00:00:34.234626,3,2,93.25,0.1,93.2,100,93.0,3,92.8,150,,,,,,,,,,,,,,,93.3,108,93.7,100,,,,,,,,,,,,,,,,
2026-07-02T00:00:34.269152+00:00,2026-07-02T00:00:34.269080,3,2,93.25,0.1,93.2,50,93.0,3,92.8,150,,,,,,,,,,,,,,,93.3,108,93.7,100,,,,,,,,,,,,,,,,
2026-07-02T00:00:34.616509+00:00,2026-07-02T00:00:34.616402,2,2,93.25,0.1,93.2,50,93.0,3,,,,,,,,,,,,,,,,,93.3,1,93.7,100,,,,,,,,,,,,,,,,
2026-07-02T00:00:34.673526+00:00,2026-07-02T00:00:34.673460,2,2,93.25,0.1,93.2,50,93.0,153,,,,,,,,,,,,,,,,,93.3,1,93.7,100,,,,,,,,,,,,,,,,
2026-07-02T00:00:34.727230+00:00,2026-07-02T00:00:34.727090,2,3,93.25,0.1,93.2,50,93.0,153,,,,,,,,,,,,,,,,,93.3,1,93.5,150,93.7,100,,,,,,,,,,,,,,
2026-07-02T00:00:35.321679+00:00,2026-07-02T00:00:35.316236,2,2,93.35,0.3,93.2,50,93.0,153,,,,,,,,,,,,,,,,,93.5,150,93.7,100,,,,,,,,,,,,,,,,
2026-07-02T00:00:35.663672+00:00,2026-07-02T00:00:35.663923,2,3,93.25,0.1,93.2,50,93.0,153,,,,,,,,,,,,,,,,,93.3,1,93.5,150,93.7,100,,,,,,,,,,,,,,
2026-07-02T00:00:35.703024+00:00,2026-07-02T00:00:35.668206,2,2,93.35,0.3,93.2,50,93.0,153,,,,,,,,,,,,,,,,,93.5,150,93.7,100,,,,,,,,,,,,,,,,
2026-07-02T00:00:35.913175+00:00,2026-07-02T00:00:35.913387,2,3,93.25,0.1,93.2,50,93.0,153,,,,,,,,,,,,,,,,,93.3,1,93.5,150,93.7,100,,,,,,,,,,,,,,
2026-07-02T00:00:35.969335+00:00,2026-07-02T00:00:35.963257,2,2,93.35,0.3,93.2,50,93.0,153,,,,,,,,,,,,,,,,,93.5,150,93.7,100,,,,,,,,,,,,,,,,
2026-07-02T00:00:36.379831+00:00,2026-07-02T00:00:36.375084,1,2,93.25,0.5,93.0,153,,,,,,,,,,,,,,,,,,,93.5,150,93.7,100,,,,,,,,,,,,,,,,
2026-07-02T00:00:36.389882+00:00,2026-07-02T00:00:36.389352,1,1,93.25,0.5,93.0,153,,,,,,,,,,,,,,,,,,,93.5,150,,,,,,,,,,,,,,,,,,
2026-07-02T00:00:36.464271+00:00,2026-07-02T00:00:36.464034,1,1,93.25,0.5,93.0,253,,,,,,,,,,,,,,,,,,,93.5,150,,,,,,,,,,,,,,,,,,
2026-07-02T00:00:36.496018+00:00,2026-07-02T00:00:36.496189,1,1,93.25,0.5,93.0,253,,,,,,,,,,,,,,,,,,,93.5,250,,,,,,,,,,,,,,,,,,
2026-07-02T00:00:37.225333+00:00,2026-07-02T00:00:37.225439,1,1,93.25,0.5,93.0,210,,,,,,,,,,,,,,,,,,,93.5,250,,,,,,,,,,,,,,,,,,
2026-07-02T00:00:37.781987+00:00,2026-07-02T00:00:37.781949,1,1,93.25,0.5,93.0,100,,,,,,,,,,,,,,,,,,,93.5,100,,,,,,,,,,,,,,,,,,
2026-07-02T00:00:37.858687+00:00,2026-07-02T00:00:37.837772,2,1,93.3,0.4,93.1,150,93.0,100,,,,,,,,,,,,,,,,,93.5,100,,,,,,,,,,,,,,,,,,
2026-07-02T00:00:37.891207+00:00,2026-07-02T00:00:37.891033,2,2,93.3,0.4,93.1,150,93.0,100,,,,,,,,,,,,,,,,,93.5,100,93.6,150,,,,,,,,,,,,,,,,
2026-07-02T00:00:38.294683+00:00,2026-07-02T00:00:38.294642,2,2,93.3,0.4,93.1,150,93.0,100,,,,,,,,,,,,,,,,,93.5,57,93.6,150,,,,,,,,,,,,,,,,
2026-07-02T00:00:38.489009+00:00,2026-07-02T00:00:38.488934,2,2,93.3,0.4,93.1,100,93.0,100,,,,,,,,,,,,,,,,,93.5,57,93.6,150,,,,,,,,,,,,,,,,
2026-07-02T00:00:39.268319+00:00,2026-07-02T00:00:39.262420,2,2,93.3,0.4,93.1,100,93.0,100,,,,,,,,,,,,,,,,,93.5,50,93.6,150,,,,,,,,,,,,,,,,
2026-07-02T00:00:39.564067+00:00,2026-07-02T00:00:39.563979,1,1,93.35,0.5,93.1,100,,,,,,,,,,,,,,,,,,,93.6,150,,,,,,,,,,,,,,,,,,
2026-07-02T00:00:39.605340+00:00,2026-07-02T00:00:39.605235,2,1,93.45,0.3,93.3,100,93.1,100,,,,,,,,,,,,,,,,,93.6,150,,,,,,,,,,,,,,,,,,
2026-07-02T00:00:39.664094+00:00,2026-07-02T00:00:39.663888,2,2,93.45,0.3,93.3,100,93.1,100,,,,,,,,,,,,,,,,,93.6,150,93.8,100,,,,,,,,,,,,,,,,
2026-07-02T00:00:40.605752+00:00,2026-07-02T00:00:40.605914,2,2,93.45,0.3,93.3,50,93.1,100,,,,,,,,,,,,,,,,,93.6,150,93.8,100,,,,,,,,,,,,,,,,
2026-07-02T00:00:40.946439+00:00,2026-07-02T00:00:40.946274,1,1,93.55,0.5,93.3,50,,,,,,,,,,,,,,,,,,,93.8,100,,,,,,,,,,,,,,,,,,
2026-07-02T00:00:40.996630+00:00,2026-07-02T00:00:40.996573,2,1,93.55,0.5,93.3,50,93.0,150,,,,,,,,,,,,,,,,,93.8,100,,,,,,,,,,,,,,,,,,
2026-07-02T00:00:41.038106+00:00,2026-07-02T00:00:41.043720,2,2,93.4,0.2,93.3,50,93.0,150,,,,,,,,,,,,,,,,,93.5,150,93.8,100,,,,,,,,,,,,,,,,
2026-07-02T00:00:41.464084+00:00,2026-07-02T00:00:41.463887,2,2,93.4,0.2,93.3,50,93.0,150,,,,,,,,,,,,,,,,,93.5,107,93.8,100,,,,,,,,,,,,,,,,
2026-07-02T00:00:41.775010+00:00,2026-07-02T00:00:41.775303,3,2,93.4,0.2,93.3,50,93.1,5,93.0,150,,,,,,,,,,,,,,,93.5,107,93.8,100,,,,,,,,,,,,,,,,
2026-07-02T00:00:42.663950+00:00,2026-07-02T00:00:42.663870,3,2,93.4,0.2,93.3,8,93.1,5,93.0,150,,,,,,,,,,,,,,,93.5,107,93.8,100,,,,,,,,,,,,,,,,
2026-07-02T00:00:42.712009+00:00,2026-07-02T00:00:42.712204,2,1,93.3,0.4,93.1,5,93.0,150,,,,,,,,,,,,,,,,,93.5,107,,,,,,,,,,,,,,,,,,
2026-07-02T00:00:42.717370+00:00,2026-07-02T00:00:42.717516,1,1,93.25,0.5,93.0,105,,,,,,,,,,,,,,,,,,,93.5,107,,,,,,,,,,,,,,,,,,
2026-07-02T00:00:42.764117+00:00,2026-07-02T00:00:42.763933,3,1,93.3,0.4,93.1,5,93.0,105,92.9,100,,,,,,,,,,,,,,,93.5,107,,,,,,,,,,,,,,,,,,
2026-07-02T00:00:42.815383+00:00,2026-07-02T00:00:42.815263,3,2,93.25,0.3,93.1,5,93.0,105,92.9,100,,,,,,,,,,,,,,,93.4,100,93.5,107,,,,,,,,,,,,,,,,
2026-07-02T00:00:44.112040+00:00,2026-07-02T00:00:44.111948,2,1,93.25,0.3,93.1,5,92.9,100,,,,,,,,,,,,,,,,,93.4,100,,,,,,,,,,,,,,,,,,
2026-07-02T00:00:44.174956+00:00,2026-07-02T00:00:44.174876,3,1,93.25,0.3,93.1,5,93.0,150,92.9,100,,,,,,,,,,,,,,,93.4,100,,,,,,,,,,,,,,,,,,
2026-07-02T00:00:44.264453+00:00,2026-07-02T00:00:44.264066,3,2,93.25,0.3,93.1,5,93.0,150,92.9,100,,,,,,,,,,,,,,,93.4,100,93.5,150,,,,,,,,,,,,,,,,
2026-07-02T00:00:44.869389+00:00,2026-07-02T00:00:44.869010,2,2,93.2,0.4,93.0,105,92.9,100,,,,,,,,,,,,,,,,,93.4,100,93.5,150,,,,,,,,,,,,,,,,
2026-07-02T00:00:45.810718+00:00,2026-07-02T00:00:45.804911,2,2,93.2,0.4,93.0,105,92.9,100,,,,,,,,,,,,,,,,,93.4,88,93.5,150,,,,,,,,,,,,,,,,
2026-07-02T00:00:45.869077+00:00,2026-07-02T00:00:45.868967,2,1,93.25,0.5,93.0,105,92.9,100,,,,,,,,,,,,,,,,,93.5,150,,,,,,,,,,,,,,,,,,
2026-07-02T00:00:45.874068+00:00,2026-07-02T00:00:45.874246,1,1,93.25,0.5,93.0,105,,,,,,,,,,,,,,,,,,,93.5,150,,,,,,,,,,,,,,,,,,
2026-07-02T00:00:45.927295+00:00,2026-07-02T00:00:45.927206,2,1,93.3,0.4,93.1,100,93.0,105,,,,,,,,,,,,,,,,,93.5,150,,,,,,,,,,,,,,,,,,
2026-07-02T00:00:46.004645+00:00,2026-07-02T00:00:46.004553,2,2,93.3,0.4,93.1,100,93.0,105,,,,,,,,,,,,,,,,,93.5,150,93.6,100,,,,,,,,,,,,,,,,
2026-07-02T00:00:46.158663+00:00,2026-07-02T00:00:46.115856,2,2,93.3,0.4,93.1,104,93.0,105,,,,,,,,,,,,,,,,,93.5,150,93.6,100,,,,,,,,,,,,,,,,
2026-07-02T00:00:46.369590+00:00,2026-07-02T00:00:46.369497,2,3,93.25,0.3,93.1,104,93.0,105,,,,,,,,,,,,,,,,,93.4,2,93.5,150,93.6,100,,,,,,,,,,,,,,
2026-07-02T00:00:46.858726+00:00,2026-07-02T00:00:46.794060,2,3,93.25,0.3,93.1,104,93.0,105,,,,,,,,,,,,,,,,,93.4,1,93.5,150,93.6,100,,,,,,,,,,,,,,
2026-07-02T00:00:46.913310+00:00,2026-07-02T00:00:46.932958,2,3,93.25,0.3,93.1,54,93.0,105,,,,,,,,,,,,,,,,,93.4,1,93.5,150,93.6,100,,,,,,,,,,,,,,
2026-07-02T00:00:47.258680+00:00,2026-07-02T00:00:47.215221,2,2,93.3,0.4,93.1,54,93.0,105,,,,,,,,,,,,,,,,,93.5,108,93.6,100,,,,,,,,,,,,,,,,
2026-07-02T00:00:47.285079+00:00,2026-07-02T00:00:47.285005,1,1,93.35,0.5,93.1,54,,,,,,,,,,,,,,,,,,,93.6,100,,,,,,,,,,,,,,,,,,
2026-07-02T00:00:47.363778+00:00,2026-07-02T00:00:47.363936,2,1,93.35,0.5,93.1,54,93.0,150,,,,,,,,,,,,,,,,,93.6,100,,,,,,,,,,,,,,,,,,
2026-07-02T00:00:47.390596+00:00,2026-07-02T00:00:47.390505,2,2,93.3,0.4,93.1,54,93.0,150,,,,,,,,,,,,,,,,,93.5,150,93.6,100,,,,,,,,,,,,,,,,
2026-07-02T00:00:47.781696+00:00,2026-07-02T00:00:47.781593,2,2,93.3,0.4,93.1,14,93.0,150,,,,,,,,,,,,,,,,,93.5,150,93.6,100,,,,,,,,,,,,,,,,
2026-07-02T00:00:47.916869+00:00,2026-07-02T00:00:47.916734,2,3,93.25,0.3,93.1,14,93.0,150,,,,,,,,,,,,,,,,,93.4,1,93.5,150,93.6,100,,,,,,,,,,,,,,
2026-07-02T00:00:48.258634+00:00,2026-07-02T00:00:48.238629,1,3,93.2,0.4,93.0,121,,,,,,,,,,,,,,,,,,,93.4,1,93.5,150,93.6,100,,,,,,,,,,,,,,
2026-07-02T00:00:48.716546+00:00,2026-07-02T00:00:48.716488,2,3,93.25,0.3,93.1,5,93.0,121,,,,,,,,,,,,,,,,,93.4,1,93.5,150,93.6,100,,,,,,,,,,,,,,
2026-07-02T00:00:48.782381+00:00,2026-07-02T00:00:48.782334,2,3,93.25,0.3,93.1,4,93.0,121,,,,,,,,,,,,,,,,,93.4,1,93.5,150,93.6,100,,,,,,,,,,,,,,
2026-07-02T00:00:49.064116+00:00,2026-07-02T00:00:49.063898,2,2,93.25,0.3,93.1,4,93.0,121,,,,,,,,,,,,,,,,,93.4,1,93.5,150,,,,,,,,,,,,,,,,
2026-07-02T00:00:49.069436+00:00,2026-07-02T00:00:49.069243,1,2,93.2,0.4,93.0,75,,,,,,,,,,,,,,,,,,,93.4,1,93.5,150,,,,,,,,,,,,,,,,
2026-07-02T00:00:49.113624+00:00,2026-07-02T00:00:49.113505,2,2,93.2,0.4,93.0,75,92.8,100,,,,,,,,,,,,,,,,,93.4,1,93.5,150,,,,,,,,,,,,,,,,
2026-07-02T00:00:49.172994+00:00,2026-07-02T00:00:49.167692,2,3,93.15,0.3,93.0,75,92.8,100,,,,,,,,,,,,,,,,,93.3,89,93.4,1,93.5,150,,,,,,,,,,,,,,
2026-07-02T00:00:49.712462+00:00,2026-07-02T00:00:49.705284,2,3,93.15,0.3,93.0,75,92.8,100,,,,,,,,,,,,,,,,,93.3,78,93.4,1,93.5,150,,,,,,,,,,,,,,
2026-07-02T00:00:50.469028+00:00,2026-07-02T00:00:50.468934,1,2,93.05,0.5,92.8,100,,,,,,,,,,,,,,,,,,,93.3,78,93.4,1,,,,,,,,,,,,,,,,
2026-07-02T00:00:50.498395+00:00,2026-07-02T00:00:50.498344,2,2,93.05,0.5,92.8,100,92.6,150,,,,,,,,,,,,,,,,,93.3,78,93.4,1,,,,,,,,,,,,,,,,
2026-07-02T00:00:50.558644+00:00,2026-07-02T00:00:50.545348,2,3,92.95,0.3,92.8,100,92.6,150,,,,,,,,,,,,,,,,,93.1,150,93.3,78,93.4,1,,,,,,,,,,,,,,
2026-07-02T00:00:50.859017+00:00,2026-07-02T00:00:50.858824,2,3,92.95,0.3,92.8,100,92.6,150,,,,,,,,,,,,,,,,,93.1,102,93.3,78,93.4,1,,,,,,,,,,,,,,
2026-07-02T00:00:50.958964+00:00,2026-07-02T00:00:50.958756,3,3,93.05,0.1,93.0,3,92.8,100,92.6,150,,,,,,,,,,,,,,,93.1,102,93.3,78,93.4,1,,,,,,,,,,,,,,
2026-07-02T00:00:51.073429+00:00,2026-07-02T00:00:51.067559,3,3,93.05,0.1,93.0,3,92.8,100,92.6,150,,,,,,,,,,,,,,,93.1,79,93.3,78,93.4,1,,,,,,,,,,,,,,
2026-07-02T00:00:51.176224+00:00,2026-07-02T00:00:51.176436,2,3,92.95,0.3,92.8,100,92.6,150,,,,,,,,,,,,,,,,,93.1,79,93.3,78,93.4,1,,,,,,,,,,,,,,
2026-07-02T00:00:51.464369+00:00,2026-07-02T00:00:51.464128,3,3,93.05,0.1,93.0,4,92.8,100,92.6,150,,,,,,,,,,,,,,,93.1,79,93.3,78,93.4,1,,,,,,,,,,,,,,
2026-07-02T00:00:51.900563+00:00,2026-07-02T00:00:51.900750,3,3,93.05,0.1,93.0,4,92.8,100,92.6,150,,,,,,,,,,,,,,,93.1,39,93.3,78,93.4,1,,,,,,,,,,,,,,
2026-07-02T00:00:52.086035+00:00,2026-07-02T00:00:52.085932,3,3,93.05,0.1,93.0,3,92.8,100,92.6,150,,,,,,,,,,,,,,,93.1,39,93.3,78,93.4,1,,,,,,,,,,,,,,
2026-07-02T00:00:52.219359+00:00,2026-07-02T00:00:52.219205,2,2,93.05,0.1,93.0,3,92.6,150,,,,,,,,,,,,,,,,,93.1,39,93.4,1,,,,,,,,,,,,,,,,
2026-07-02T00:00:52.278854+00:00,2026-07-02T00:00:52.278707,2,2,93.05,0.1,93.0,103,92.6,150,,,,,,,,,,,,,,,,,93.1,39,93.4,1,,,,,,,,,,,,,,,,
2026-07-02T00:00:52.327267+00:00,2026-07-02T00:00:52.327191,2,3,93.05,0.1,93.0,103,92.6,150,,,,,,,,,,,,,,,,,93.1,39,93.4,1,93.5,100,,,,,,,,,,,,,,
2026-07-02T00:00:52.764047+00:00,2026-07-02T00:00:52.763866,2,3,93.05,0.1,93.0,102,92.6,150,,,,,,,,,,,,,,,,,93.1,39,93.4,1,93.5,100,,,,,,,,,,,,,,
2026-07-02T00:00:53.158757+00:00,2026-07-02T00:00:53.128023,2,3,93.05,0.1,93.0,57,92.6,150,,,,,,,,,,,,,,,,,93.1,39,93.4,1,93.5,100,,,,,,,,,,,,,,
2026-07-02T00:00:53.182909+00:00,2026-07-02T00:00:53.182878,2,3,93.05,0.1,93.0,59,92.6,150,,,,,,,,,,,,,,,,,93.1,39,93.4,1,93.5,100,,,,,,,,,,,,,,
2026-07-02T00:00:53.609483+00:00,2026-07-02T00:00:53.609423,1,2,93.2,0.4,93.0,59,,,,,,,,,,,,,,,,,,,93.4,1,93.5,100,,,,,,,,,,,,,,,,
2026-07-02T00:00:53.663672+00:00,2026-07-02T00:00:53.663837,2,2,93.35,0.1,93.3,150,93.0,59,,,,,,,,,,,,,,,,,93.4,1,93.5,100,,,,,,,,,,,,,,,,
2026-07-02T00:00:53.673581+00:00,2026-07-02T00:00:53.667798,2,2,93.35,0.1,93.3,147,93.0,59,,,,,,,,,,,,,,,,,93.4,1,93.5,100,,,,,,,,,,,,,,,,
2026-07-02T00:00:53.717069+00:00,2026-07-02T00:00:53.711567,2,3,93.35,0.1,93.3,145,93.0,59,,,,,,,,,,,,,,,,,93.4,1,93.5,100,93.8,150,,,,,,,,,,,,,,
2026-07-02T00:00:54.069579+00:00,2026-07-02T00:00:54.069764,2,3,93.35,0.1,93.3,102,93.0,59,,,,,,,,,,,,,,,,,93.4,1,93.5,100,93.8,150,,,,,,,,,,,,,,
2026-07-02T00:00:54.576164+00:00,2026-07-02T00:00:54.568781,2,3,93.35,0.1,93.3,96,93.0,59,,,,,,,,,,,,,,,,,93.4,1,93.5,100,93.8,150,,,,,,,,,,,,,,
2026-07-02T00:00:55.380103+00:00,2026-07-02T00:00:55.379989,2,2,93.35,0.1,93.3,96,93.0,2,,,,,,,,,,,,,,,,,93.4,1,93.8,150,,,,,,,,,,,,,,,,
2026-07-02T00:00:55.385293+00:00,2026-07-02T00:00:55.385265,2,2,93.35,0.1,93.3,46,93.0,2,,,,,,,,,,,,,,,,,93.4,1,93.8,150,,,,,,,,,,,,,,,,
2026-07-02T00:00:55.458659+00:00,2026-07-02T00:00:55.428250,3,2,93.35,0.1,93.3,46,93.0,2,92.8,100,,,,,,,,,,,,,,,93.4,1,93.8,150,,,,,,,,,,,,,,,,
2026-07-02T00:00:55.486272+00:00,2026-07-02T00:00:55.486169,2,3,93.15,0.3,93.0,2,92.8,100,,,,,,,,,,,,,,,,,93.3,54,93.4,1,93.8,150,,,,,,,,,,,,,,
2026-07-02T00:00:55.774506+00:00,2026-07-02T00:00:55.774397,2,3,93.15,0.3,93.0,2,92.8,100,,,,,,,,,,,,,,,,,93.3,5,93.4,1,93.8,150,,,,,,,,,,,,,,
2026-07-02T00:00:56.769583+00:00,2026-07-02T00:00:56.769476,2,2,93.15,0.3,93.0,2,92.8,100,,,,,,,,,,,,,,,,,93.3,5,93.4,1,,,,,,,,,,,,,,,,
2026-07-02T00:00:56.865288+00:00,2026-07-02T00:00:56.865142,2,1,93.05,0.5,92.8,100,92.6,150,,,,,,,,,,,,,,,,,93.3,5,,,,,,,,,,,,,,,,,,
2026-07-02T00:00:56.958668+00:00,2026-07-02T00:00:56.905863,2,2,92.95,0.3,92.8,100,92.6,150,,,,,,,,,,,,,,,,,93.1,150,93.3,5,,,,,,,,,,,,,,,,
2026-07-02T00:00:57.458617+00:00,2026-07-02T00:00:57.444017,2,2,92.95,0.3,92.8,100,92.6,150,,,,,,,,,,,,,,,,,93.1,100,93.3,5,,,,,,,,,,,,,,,,
2026-07-02T00:00:57.600904+00:00,2026-07-02T00:00:57.595201,2,2,92.95,0.3,92.8,100,92.6,150,,,,,,,,,,,,,,,,,93.1,89,93.3,5,,,,,,,,,,,,,,,,
2026-07-02T00:00:58.558650+00:00,2026-07-02T00:00:58.543337,1,1,92.85,0.5,92.6,150,,,,,,,,,,,,,,,,,,,93.1,89,,,,,,,,,,,,,,,,,,
2026-07-02T00:00:58.599862+00:00,2026-07-02T00:00:58.599712,2,0,,,93.2,11,92.6,150,,,,,,,,,,,,,,,,,,,,,,,,,,,,,,,,,,,,
2026-07-02T00:00:58.664025+00:00,2026-07-02T00:00:58.663967,2,1,93.45,0.5,93.2,11,92.6,150,,,,,,,,,,,,,,,,,93.7,100,,,,,,,,,,,,,,,,,,
2026-07-02T00:00:59.558632+00:00,2026-07-02T00:00:59.541696,2,1,93.45,0.5,93.2,11,92.6,150,,,,,,,,,,,,,,,,,93.7,50,,,,,,,,,,,,,,,,,,
2026-07-02T00:00:59.969091+00:00,2026-07-02T00:00:59.969031,1,1,93.45,0.5,93.2,11,,,,,,,,,,,,,,,,,,,93.7,50,,,,,,,,,,,,,,,,,,
2026-07-02T00:01:00.033252+00:00,2026-07-02T00:01:00.027021,2,1,93.55,0.3,93.4,139,93.2,11,,,,,,,,,,,,,,,,,93.7,50,,,,,,,,,,,,,,,,,,
2026-07-02T00:01:00.074413+00:00,2026-07-02T00:01:00.074342,2,2,93.55,0.3,93.4,139,93.2,11,,,,,,,,,,,,,,,,,93.7,50,93.9,150,,,,,,,,,,,,,,,,
2026-07-02T00:01:00.225734+00:00,2026-07-02T00:01:00.219125,2,2,93.55,0.3,93.4,127,93.2,11,,,,,,,,,,,,,,,,,93.7,50,93.9,150,,,,,,,,,,,,,,,,
2026-07-02T00:01:01.580471+00:00,2026-07-02T00:01:01.568320,2,2,93.55,0.3,93.4,116,93.2,11,,,,,,,,,,,,,,,,,93.7,50,93.9,150,,,,,,,,,,,,,,,,
2026-07-02T00:01:01.678656+00:00,2026-07-02T00:01:01.672722,3,2,93.65,0.3,93.5,39,93.4,116,93.2,11,,,,,,,,,,,,,,,93.8,37,93.9,150,,,,,,,,,,,,,,,,
2026-07-02T00:01:01.759583+00:00,2026-07-02T00:01:01.759234,2,2,93.65,0.3,93.5,39,93.4,116,,,,,,,,,,,,,,,,,93.8,37,93.9,150,,,,,,,,,,,,,,,,
2026-07-02T00:01:01.784124+00:00,2026-07-02T00:01:01.784020,3,2,93.65,0.3,93.5,39,93.4,116,93.0,100,,,,,,,,,,,,,,,93.8,24,93.9,150,,,,,,,,,,,,,,,,
2026-07-02T00:01:01.795324+00:00,2026-07-02T00:01:01.830863,2,3,93.45,0.1,93.4,116,93.0,100,,,,,,,,,,,,,,,,,93.5,73,93.8,24,93.9,150,,,,,,,,,,,,,,
2026-07-02T00:01:01.990261+00:00,2026-07-02T00:01:01.990174,2,3,93.45,0.1,93.4,116,93.0,100,,,,,,,,,,,,,,,,,93.5,73,93.8,6,93.9,150,,,,,,,,,,,,,,
2026-07-02T00:01:02.808604+00:00,2026-07-02T00:01:02.808438,2,3,93.45,0.1,93.4,116,93.0,100,,,,,,,,,,,,,,,,,93.5,73,93.8,5,93.9,150,,,,,,,,,,,,,,
2026-07-02T00:01:03.158682+00:00,2026-07-02T00:01:03.129433,1,2,93.25,0.5,93.0,100,,,,,,,,,,,,,,,,,,,93.5,73,93.8,5,,,,,,,,,,,,,,,,
2026-07-02T00:01:03.183910+00:00,2026-07-02T00:01:03.183795,2,2,93.3,0.4,93.1,150,93.0,100,,,,,,,,,,,,,,,,,93.5,73,93.8,5,,,,,,,,,,,,,,,,
2026-07-02T00:01:03.263894+00:00,2026-07-02T00:01:03.263809,2,3,93.3,0.4,93.1,150,93.0,100,,,,,,,,,,,,,,,,,93.5,73,93.6,150,93.8,5,,,,,,,,,,,,,,
2026-07-02T00:01:03.784540+00:00,2026-07-02T00:01:03.784423,2,3,93.3,0.4,93.1,150,93.0,100,,,,,,,,,,,,,,,,,93.5,23,93.6,150,93.8,5,,,,,,,,,,,,,,
2026-07-02T00:01:04.489121+00:00,2026-07-02T00:01:04.488999,2,2,93.35,0.5,93.1,150,93.0,100,,,,,,,,,,,,,,,,,93.6,126,93.8,5,,,,,,,,,,,,,,,,
2026-07-02T00:01:04.864236+00:00,2026-07-02T00:01:04.863993,2,2,93.35,0.5,93.1,150,93.0,100,,,,,,,,,,,,,,,,,93.6,126,93.8,4,,,,,,,,,,,,,,,,
2026-07-02T00:01:04.896516+00:00,2026-07-02T00:01:04.896333,1,2,93.35,0.5,93.1,150,,,,,,,,,,,,,,,,,,,93.6,126,93.8,4,,,,,,,,,,,,,,,,
2026-07-02T00:01:04.963957+00:00,2026-07-02T00:01:04.963789,2,2,93.45,0.3,93.3,100,93.1,150,,,,,,,,,,,,,,,,,93.6,126,93.8,4,,,,,,,,,,,,,,,,
2026-07-02T00:01:05.003931+00:00,2026-07-02T00:01:05.003839,2,2,93.45,0.3,93.3,100,93.1,150,,,,,,,,,,,,,,,,,93.6,126,93.8,104,,,,,,,,,,,,,,,,
2026-07-02T00:01:05.878830+00:00,2026-07-02T00:01:05.878769,2,2,93.45,0.3,93.3,100,93.1,150,,,,,,,,,,,,,,,,,93.6,126,93.8,103,,,,,,,,,,,,,,,,
2026-07-02T00:01:05.894421+00:00,2026-07-02T00:01:05.894540,2,2,93.45,0.3,93.3,100,93.1,150,,,,,,,,,,,,,,,,,93.6,76,93.8,103,,,,,,,,,,,,,,,,
2026-07-02T00:01:05.990611+00:00,2026-07-02T00:01:05.990514,2,2,93.45,0.3,93.3,100,93.1,150,,,,,,,,,,,,,,,,,93.6,76,93.8,100,,,,,,,,,,,,,,,,
2026-07-02T00:01:06.293388+00:00,2026-07-02T00:01:06.293294,1,1,93.55,0.5,93.3,100,,,,,,,,,,,,,,,,,,,93.8,100,,,,,,,,,,,,,,,,,,
2026-07-02T00:01:06.363979+00:00,2026-07-02T00:01:06.363851,2,1,93.55,0.5,93.3,100,93.1,150,,,,,,,,,,,,,,,,,93.8,100,,,,,,,,,,,,,,,,,,
2026-07-02T00:01:06.404707+00:00,2026-07-02T00:01:06.394774,2,2,93.45,0.3,93.3,100,93.1,150,,,,,,,,,,,,,,,,,93.6,150,93.8,100,,,,,,,,,,,,,,,,
2026-07-02T00:01:06.859441+00:00,2026-07-02T00:01:06.859294,2,2,93.45,0.3,93.3,52,93.1,150,,,,,,,,,,,,,,,,,93.6,150,93.8,100,,,,,,,,,,,,,,,,
2026-07-02T00:01:07.958916+00:00,2026-07-02T00:01:07.958824,2,2,93.45,0.3,93.3,57,93.1,150,,,,,,,,,,,,,,,,,93.6,150,93.8,100,,,,,,,,,,,,,,,,
2026-07-02T00:01:08.000089+00:00,2026-07-02T00:01:07.999911,2,2,93.45,0.3,93.3,57,93.1,150,,,,,,,,,,,,,,,,,93.6,100,93.8,100,,,,,,,,,,,,,,,,
2026-07-02T00:01:08.064376+00:00,2026-07-02T00:01:08.064048,2,1,93.45,0.3,93.3,4,93.1,150,,,,,,,,,,,,,,,,,93.6,100,,,,,,,,,,,,,,,,,,
2026-07-02T00:01:08.111937+00:00,2026-07-02T00:01:08.111849,3,1,93.45,0.3,93.3,4,93.2,100,93.1,150,,,,,,,,,,,,,,,93.6,100,,,,,,,,,,,,,,,,,,
2026-07-02T00:01:08.158603+00:00,2026-07-02T00:01:08.155382,3,2,93.45,0.3,93.3,4,93.2,100,93.1,150,,,,,,,,,,,,,,,93.6,100,93.7,100,,,,,,,,,,,,,,,,
2026-07-02T00:01:09.064363+00:00,2026-07-02T00:01:09.064248,2,2,93.4,0.4,93.2,100,93.1,150,,,,,,,,,,,,,,,,,93.6,100,93.7,100,,,,,,,,,,,,,,,,
2026-07-02T00:01:09.469405+00:00,2026-07-02T00:01:09.469241,1,1,93.45,0.5,93.2,100,,,,,,,,,,,,,,,,,,,93.7,100,,,,,,,,,,,,,,,,,,
2026-07-02T00:01:09.564129+00:00,2026-07-02T00:01:09.564042,2,2,93.5,0.4,93.3,150,93.2,100,,,,,,,,,,,,,,,,,93.7,100,93.8,150,,,,,,,,,,,,,,,,
2026-07-02T00:01:10.069032+00:00,2026-07-02T00:01:10.068922,2,2,93.5,0.4,93.3,103,93.2,100,,,,,,,,,,,,,,,,,93.7,100,93.8,150,,,,,,,,,,,,,,,,
2026-07-02T00:01:10.105580+00:00,2026-07-02T00:01:10.105799,2,2,93.5,0.4,93.3,103,93.2,100,,,,,,,,,,,,,,,,,93.7,50,93.8,150,,,,,,,,,,,,,,,,
2026-07-02T00:01:11.219376+00:00,2026-07-02T00:01:11.219277,1,1,93.55,0.5,93.3,103,,,,,,,,,,,,,,,,,,,93.8,150,,,,,,,,,,,,,,,,,,
2026-07-02T00:01:11.272811+00:00,2026-07-02T00:01:11.272967,2,1,93.55,0.5,93.3,103,93.2,100,,,,,,,,,,,,,,,,,93.8,150,,,,,,,,,,,,,,,,,,
2026-07-02T00:01:11.325458+00:00,2026-07-02T00:01:11.325364,2,2,93.5,0.4,93.3,103,93.2,100,,,,,,,,,,,,,,,,,93.7,100,93.8,150,,,,,,,,,,,,,,,,
2026-07-02T00:01:12.058773+00:00,2026-07-02T00:01:12.047643,2,2,93.5,0.4,93.3,56,93.2,100,,,,,,,,,,,,,,,,,93.7,100,93.8,150,,,,,,,,,,,,,,,,
2026-07-02T00:01:12.164003+00:00,2026-07-02T00:01:12.163913,2,3,93.45,0.3,93.3,56,93.2,100,,,,,,,,,,,,,,,,,93.6,5,93.7,100,93.8,150,,,,,,,,,,,,,,
2026-07-02T00:01:12.216489+00:00,2026-07-02T00:01:12.216415,2,2,93.5,0.4,93.3,56,93.2,100,,,,,,,,,,,,,,,,,93.7,55,93.8,150,,,,,,,,,,,,,,,,
2026-07-02T00:01:12.636498+00:00,2026-07-02T00:01:12.636355,1,1,93.45,0.5,93.2,100,,,,,,,,,,,,,,,,,,,93.7,55,,,,,,,,,,,,,,,,,,
2026-07-02T00:01:12.691919+00:00,2026-07-02T00:01:12.691796,2,1,93.45,0.5,93.2,100,93.0,150,,,,,,,,,,,,,,,,,93.7,55,,,,,,,,,,,,,,,,,,
2026-07-02T00:01:12.764046+00:00,2026-07-02T00:01:12.763905,2,2,93.35,0.3,93.2,100,93.0,150,,,,,,,,,,,,,,,,,93.5,150,93.7,55,,,,,,,,,,,,,,,,
2026-07-02T00:01:13.589339+00:00,2026-07-02T00:01:13.589254,2,2,93.35,0.3,93.2,100,93.0,150,,,,,,,,,,,,,,,,,93.5,102,93.7,55,,,,,,,,,,,,,,,,
2026-07-02T00:01:14.176925+00:00,2026-07-02T00:01:14.176780,2,2,93.35,0.3,93.2,100,93.0,150,,,,,,,,,,,,,,,,,93.5,56,93.7,55,,,,,,,,,,,,,,,,
2026-07-02T00:01:14.182121+00:00,2026-07-02T00:01:14.182040,2,3,93.35,0.3,93.2,100,93.0,150,,,,,,,,,,,,,,,,,93.5,56,93.6,4,93.7,55,,,,,,,,,,,,,,
2026-07-02T00:01:14.269663+00:00,2026-07-02T00:01:14.269609,3,3,93.4,0.2,93.3,3,93.2,100,93.0,150,,,,,,,,,,,,,,,93.5,56,93.6,4,93.7,55,,,,,,,,,,,,,,
2026-07-02T00:01:14.323858+00:00,2026-07-02T00:01:14.324083,3,3,93.4,0.2,93.3,3,93.2,100,93.0,150,,,,,,,,,,,,,,,93.5,6,93.6,4,93.7,55,,,,,,,,,,,,,,
2026-07-02T00:01:14.379413+00:00,2026-07-02T00:01:14.379351,2,2,93.4,0.2,93.3,3,93.0,150,,,,,,,,,,,,,,,,,93.5,6,93.6,4,,,,,,,,,,,,,,,,
2026-07-02T00:01:14.437022+00:00,2026-07-02T00:01:14.437301,3,1,93.55,0.1,93.5,94,93.3,3,93.0,150,,,,,,,,,,,,,,,93.6,4,,,,,,,,,,,,,,,,,,
2026-07-02T00:01:14.495023+00:00,2026-07-02T00:01:14.495183,3,2,93.55,0.1,93.5,94,93.3,3,93.0,150,,,,,,,,,,,,,,,93.6,4,94.0,100,,,,,,,,,,,,,,,,
2026-07-02T00:01:14.694967+00:00,2026-07-02T00:01:14.689074,3,2,93.55,0.1,93.5,82,93.3,3,93.0,150,,,,,,,,,,,,,,,93.6,4,94.0,100,,,,,,,,,,,,,,,,
2026-07-02T00:01:15.799640+00:00,2026-07-02T00:01:15.799532,2,2,93.55,0.1,93.5,82,93.3,3,,,,,,,,,,,,,,,,,93.6,4,94.0,100,,,,,,,,,,,,,,,,
2026-07-02T00:01:15.868217+00:00,2026-07-02T00:01:15.862517,3,1,93.8,0.4,93.6,135,93.5,82,93.3,3,,,,,,,,,,,,,,,94.0,100,,,,,,,,,,,,,,,,,,
2026-07-02T00:01:15.909165+00:00,2026-07-02T00:01:15.909057,3,2,93.8,0.4,93.6,135,93.5,82,93.3,3,,,,,,,,,,,,,,,94.0,100,94.1,150,,,,,,,,,,,,,,,,
2026-07-02T00:01:16.058658+00:00,2026-07-02T00:01:16.024954,3,2,93.8,0.4,93.6,135,93.5,82,93.3,1,,,,,,,,,,,,,,,94.0,100,94.1,150,,,,,,,,,,,,,,,,
2026-07-02T00:01:16.368957+00:00,2026-07-02T00:01:16.362744,3,2,93.8,0.4,93.6,123,93.5,82,93.3,1,,,,,,,,,,,,,,,94.0,100,94.1,150,,,,,,,,,,,,,,,,
2026-07-02T00:01:16.436060+00:00,2026-07-02T00:01:16.436239,3,2,93.8,0.4,93.6,123,93.5,82,93.3,1,,,,,,,,,,,,,,,94.0,50,94.1,150,,,,,,,,,,,,,,,,
2026-07-02T00:01:17.074303+00:00,2026-07-02T00:01:17.074259,3,2,93.8,0.4,93.6,116,93.5,82,93.3,1,,,,,,,,,,,,,,,94.0,50,94.1,150,,,,,,,,,,,,,,,,
2026-07-02T00:01:17.187826+00:00,2026-07-02T00:01:17.188056,2,2,93.8,0.4,93.6,116,93.5,82,,,,,,,,,,,,,,,,,94.0,50,94.1,150,,,,,,,,,,,,,,,,
2026-07-02T00:01:17.564104+00:00,2026-07-02T00:01:17.564068,1,1,93.85,0.5,93.6,116,,,,,,,,,,,,,,,,,,,94.1,150,,,,,,,,,,,,,,,,,,
2026-07-02T00:01:17.605868+00:00,2026-07-02T00:01:17.605762,2,1,93.85,0.5,93.6,116,93.4,100,,,,,,,,,,,,,,,,,94.1,150,,,,,,,,,,,,,,,,,,
2026-07-02T00:01:17.664056+00:00,2026-07-02T00:01:17.663955,2,2,93.75,0.3,93.6,116,93.4,100,,,,,,,,,,,,,,,,,93.9,100,94.1,150,,,,,,,,,,,,,,,,
2026-07-02T00:01:18.085404+00:00,2026-07-02T00:01:18.085295,2,3,93.65,0.1,93.6,116,93.4,100,,,,,,,,,,,,,,,,,93.7,6,93.9,100,94.1,150,,,,,,,,,,,,,,
2026-07-02T00:01:18.133644+00:00,2026-07-02T00:01:18.133853,2,3,93.65,0.1,93.6,116,93.4,101,,,,,,,,,,,,,,,,,93.7,6,93.9,100,94.1,150,,,,,,,,,,,,,,
2026-07-02T00:01:18.367766+00:00,2026-07-02T00:01:18.367738,2,3,93.65,0.1,93.6,75,93.4,101,,,,,,,,,,,,,,,,,93.7,6,93.9,100,94.1,150,,,,,,,,,,,,,,
2026-07-02T00:01:18.558734+00:00,2026-07-02T00:01:18.536992,2,2,93.75,0.3,93.6,75,93.4,101,,,,,,,,,,,,,,,,,93.9,56,94.1,150,,,,,,,,,,,,,,,,
2026-07-02T00:01:18.958584+00:00,2026-07-02T00:01:18.956385,1,1,93.65,0.5,93.4,101,,,,,,,,,,,,,,,,,,,93.9,56,,,,,,,,,,,,,,,,,,
2026-07-02T00:01:19.019882+00:00,2026-07-02T00:01:19.019814,1,1,93.65,0.5,93.4,251,,,,,,,,,,,,,,,,,,,93.9,56,,,,,,,,,,,,,,,,,,
2026-07-02T00:01:19.069129+00:00,2026-07-02T00:01:19.069072,1,1,93.65,0.5,93.4,251,,,,,,,,,,,,,,,,,,,93.9,206,,,,,,,,,,,,,,,,,,
2026-07-02T00:01:19.534504+00:00,2026-07-02T00:01:19.534597,1,1,93.65,0.5,93.4,210,,,,,,,,,,,,,,,,,,,93.9,206,,,,,,,,,,,,,,,,,,
2026-07-02T00:01:20.658600+00:00,2026-07-02T00:01:20.647501,1,1,93.65,0.5,93.4,210,,,,,,,,,,,,,,,,,,,93.9,156,,,,,,,,,,,,,,,,,,
2026-07-02T00:01:20.716967+00:00,2026-07-02T00:01:20.716850,1,1,93.65,0.5,93.4,151,,,,,,,,,,,,,,,,,,,93.9,150,,,,,,,,,,,,,,,,,,
2026-07-02T00:01:20.772362+00:00,2026-07-02T00:01:20.772233,1,1,93.65,0.5,93.4,251,,,,,,,,,,,,,,,,,,,93.9,150,,,,,,,,,,,,,,,,,,
2026-07-02T00:01:20.826143+00:00,2026-07-02T00:01:20.826094,1,1,93.65,0.5,93.4,251,,,,,,,,,,,,,,,,,,,93.9,250,,,,,,,,,,,,,,,,,,
2026-07-02T00:01:21.764955+00:00,2026-07-02T00:01:21.764399,1,1,93.65,0.5,93.4,251,,,,,,,,,,,,,,,,,,,93.9,208,,,,,,,,,,,,,,,,,,
2026-07-02T00:01:22.114732+00:00,2026-07-02T00:01:22.114623,1,2,93.55,0.3,93.4,251,,,,,,,,,,,,,,,,,,,93.7,3,93.9,208,,,,,,,,,,,,,,,,
2026-07-02T00:01:22.126578+00:00,2026-07-02T00:01:22.126479,1,2,93.55,0.3,93.4,101,,,,,,,,,,,,,,,,,,,93.7,3,93.9,100,,,,,,,,,,,,,,,,
2026-07-02T00:01:22.180493+00:00,2026-07-02T00:01:22.180354,1,2,93.55,0.3,93.4,251,,,,,,,,,,,,,,,,,,,93.7,3,93.9,100,,,,,,,,,,,,,,,,
2026-07-02T00:01:22.264006+00:00,2026-07-02T00:01:22.263850,1,2,93.55,0.3,93.4,251,,,,,,,,,,,,,,,,,,,93.7,3,93.9,250,,,,,,,,,,,,,,,,
2026-07-02T00:01:22.769274+00:00,2026-07-02T00:01:22.768989,1,1,93.65,0.5,93.4,251,,,,,,,,,,,,,,,,,,,93.9,203,,,,,,,,,,,,,,,,,,
2026-07-02T00:01:23.881513+00:00,2026-07-02T00:01:23.881400,1,1,93.65,0.5,93.4,151,,,,,,,,,,,,,,,,,,,93.9,150,,,,,,,,,,,,,,,,,,
2026-07-02T00:01:23.886763+00:00,2026-07-02T00:01:23.886666,1,2,93.6,0.4,93.4,151,,,,,,,,,,,,,,,,,,,93.8,6,93.9,150,,,,,,,,,,,,,,,,
2026-07-02T00:01:23.936014+00:00,2026-07-02T00:01:23.935950,2,2,93.75,0.1,93.7,100,93.4,151,,,,,,,,,,,,,,,,,93.8,6,93.9,150,,,,,,,,,,,,,,,,
2026-07-02T00:01:23.989466+00:00,2026-07-02T00:01:23.989391,2,3,93.75,0.1,93.7,100,93.4,151,,,,,,,,,,,,,,,,,93.8,6,93.9,150,94.2,100,,,,,,,,,,,,,,
2026-07-02T00:01:24.869425+00:00,2026-07-02T00:01:24.869234,2,2,93.8,0.2,93.7,100,93.4,151,,,,,,,,,,,,,,,,,93.9,106,94.2,100,,,,,,,,,,,,,,,,
2026-07-02T00:01:24.890626+00:00,2026-07-02T00:01:24.890575,2,3,93.75,0.1,93.7,100,93.4,151,,,,,,,,,,,,,,,,,93.8,5,93.9,106,94.2,100,,,,,,,,,,,,,,
2026-07-02T00:01:25.179028+00:00,2026-07-02T00:01:25.173122,2,3,93.75,0.1,93.7,86,93.4,151,,,,,,,,,,,,,,,,,93.8,5,93.9,106,94.2,100,,,,,,,,,,,,,,
2026-07-02T00:01:25.286102+00:00,2026-07-02T00:01:25.286282,2,2,93.75,0.1,93.7,86,93.4,1,,,,,,,,,,,,,,,,,93.8,5,94.2,100,,,,,,,,,,,,,,,,
2026-07-02T00:01:25.358781+00:00,2026-07-02T00:01:25.340693,3,2,93.75,0.1,93.7,86,93.5,150,93.4,1,,,,,,,,,,,,,,,93.8,5,94.2,100,,,,,,,,,,,,,,,,
2026-07-02T00:01:25.402287+00:00,2026-07-02T00:01:25.402150,3,3,93.75,0.1,93.7,86,93.5,150,93.4,1,,,,,,,,,,,,,,,93.8,5,94.0,150,94.2,100,,,,,,,,,,,,,,
2026-07-02T00:01:26.886767+00:00,2026-07-02T00:01:26.886700,3,2,93.85,0.3,93.7,86,93.5,150,93.4,1,,,,,,,,,,,,,,,94.0,113,94.2,100,,,,,,,,,,,,,,,,
2026-07-02T00:01:26.974941+00:00,2026-07-02T00:01:26.975189,3,2,93.85,0.3,93.7,86,93.5,150,93.4,1,,,,,,,,,,,,,,,94.0,63,94.2,100,,,,,,,,,,,,,,,,
2026-07-02T00:01:27.062022+00:00,2026-07-02T00:01:27.058852,2,1,93.75,0.5,93.5,150,93.4,1,,,,,,,,,,,,,,,,,94.0,63,,,,,,,,,,,,,,,,,,
2026-07-02T00:01:27.099767+00:00,2026-07-02T00:01:27.099697,3,1,93.85,0.3,93.7,100,93.5,150,93.4,1,,,,,,,,,,,,,,,94.0,63,,,,,,,,,,,,,,,,,,
2026-07-02T00:01:27.169312+00:00,2026-07-02T00:01:27.169124,3,2,93.85,0.3,93.7,100,93.5,150,93.4,1,,,,,,,,,,,,,,,94.0,63,94.2,100,,,,,,,,,,,,,,,,
2026-07-02T00:01:27.479700+00:00,2026-07-02T00:01:27.479651,3,3,93.75,0.1,93.7,100,93.5,150,93.4,1,,,,,,,,,,,,,,,93.8,5,94.0,63,94.2,100,,,,,,,,,,,,,,
2026-07-02T00:01:28.469210+00:00,2026-07-02T00:01:28.469107,2,2,93.75,0.1,93.7,100,93.4,1,,,,,,,,,,,,,,,,,93.8,5,94.2,100,,,,,,,,,,,,,,,,
2026-07-02T00:01:28.489997+00:00,2026-07-02T00:01:28.489938,2,2,93.75,0.1,93.7,100,93.4,1,,,,,,,,,,,,,,,,,93.8,4,94.2,100,,,,,,,,,,,,,,,,
2026-07-02T00:01:28.508832+00:00,2026-07-02T00:01:28.508725,3,1,94.1,0.2,94.0,146,93.7,100,93.4,1,,,,,,,,,,,,,,,94.2,100,,,,,,,,,,,,,,,,,,
2026-07-02T00:01:28.563872+00:00,2026-07-02T00:01:28.563814,2,2,94.1,0.2,94.0,146,93.7,100,,,,,,,,,,,,,,,,,94.2,100,94.5,150,,,,,,,,,,,,,,,,
2026-07-02T00:01:28.718105+00:00,2026-07-02T00:01:28.718064,2,2,94.1,0.2,94.0,142,93.7,100,,,,,,,,,,,,,,,,,94.2,100,94.5,150,,,,,,,,,,,,,,,,
2026-07-02T00:01:29.164117+00:00,2026-07-02T00:01:29.163908,2,2,94.1,0.2,94.0,92,93.7,100,,,,,,,,,,,,,,,,,94.2,100,94.5,150,,,,,,,,,,,,,,,,
2026-07-02T00:01:30.216664+00:00,2026-07-02T00:01:30.216637,2,1,94.25,0.5,94.0,92,93.7,100,,,,,,,,,,,,,,,,,94.5,150,,,,,,,,,,,,,,,,,,
2026-07-02T00:01:30.222047+00:00,2026-07-02T00:01:30.221845,1,1,94.25,0.5,94.0,92,,,,,,,,,,,,,,,,,,,94.5,150,,,,,,,,,,,,,,,,,,
2026-07-02T00:01:30.274623+00:00,2026-07-02T00:01:30.274570,2,1,94.25,0.5,94.0,92,93.6,100,,,,,,,,,,,,,,,,,94.5,150,,,,,,,,,,,,,,,,,,
2026-07-02T00:01:30.327053+00:00,2026-07-02T00:01:30.326970,2,2,94.05,0.1,94.0,92,93.6,100,,,,,,,,,,,,,,,,,94.1,100,94.5,150,,,,,,,,,,,,,,,,
2026-07-02T00:01:31.258850+00:00,2026-07-02T00:01:31.258747,2,2,94.05,0.1,94.0,42,93.6,100,,,,,,,,,,,,,,,,,94.1,100,94.5,150,,,,,,,,,,,,,,,,
2026-07-02T00:01:31.564377+00:00,2026-07-02T00:01:31.564204,1,2,93.85,0.5,93.6,93,,,,,,,,,,,,,,,,,,,94.1,100,94.5,150,,,,,,,,,,,,,,,,
2026-07-02T00:01:31.664813+00:00,2026-07-02T00:01:31.664102,1,1,93.85,0.5,93.6,93,,,,,,,,,,,,,,,,,,,94.1,100,,,,,,,,,,,,,,,,,,
2026-07-02T00:01:31.669994+00:00,2026-07-02T00:01:31.669856,2,1,93.85,0.5,93.6,93,93.4,150,,,,,,,,,,,,,,,,,94.1,100,,,,,,,,,,,,,,,,,,
2026-07-02T00:01:31.764083+00:00,2026-07-02T00:01:31.763942,2,2,93.75,0.3,93.6,93,93.4,150,,,,,,,,,,,,,,,,,93.9,150,94.1,100,,,,,,,,,,,,,,,,
2026-07-02T00:01:32.210210+00:00,2026-07-02T00:01:32.210103,2,2,93.75,0.3,93.6,53,93.4,150,,,,,,,,,,,,,,,,,93.9,150,94.1,100,,,,,,,,,,,,,,,,
2026-07-02T00:01:33.215153+00:00,2026-07-02T00:01:33.215072,2,2,93.75,0.3,93.6,53,93.4,150,,,,,,,,,,,,,,,,,93.9,109,94.1,100,,,,,,,,,,,,,,,,
2026-07-02T00:01:33.298822+00:00,2026-07-02T00:01:33.298700,2,2,93.75,0.3,93.6,53,93.4,150,,,,,,,,,,,,,,,,,93.9,59,94.1,100,,,,,,,,,,,,,,,,
2026-07-02T00:01:33.380458+00:00,2026-07-02T00:01:33.380389,1,1,93.65,0.5,93.4,150,,,,,,,,,,,,,,,,,,,93.9,59,,,,,,,,,,,,,,,,,,
2026-07-02T00:01:33.429930+00:00,2026-07-02T00:01:33.429809,2,1,93.75,0.3,93.6,100,93.4,150,,,,,,,,,,,,,,,,,93.9,59,,,,,,,,,,,,,,,,,,
2026-07-02T00:01:33.487806+00:00,2026-07-02T00:01:33.487758,2,2,93.75,0.3,93.6,100,93.4,150,,,,,,,,,,,,,,,,,93.9,59,94.1,100,,,,,,,,,,,,,,,,
2026-07-02T00:01:33.658682+00:00,2026-07-02T00:01:33.641067,2,2,93.75,0.3,93.6,105,93.4,150,,,,,,,,,,,,,,,,,93.9,59,94.1,100,,,,,,,,,,,,,,,,
2026-07-02T00:01:34.102717+00:00,2026-07-02T00:01:34.102956,2,2,93.75,0.3,93.6,105,93.4,150,,,,,,,,,,,,,,,,,93.9,60,94.1,100,,,,,,,,,,,,,,,,
2026-07-02T00:01:34.781079+00:00,2026-07-02T00:01:34.780976,1,2,93.75,0.3,93.6,105,,,,,,,,,,,,,,,,,,,93.9,1,94.1,100,,,,,,,,,,,,,,,,
2026-07-02T00:01:34.797521+00:00,2026-07-02T00:01:34.797450,1,1,93.85,0.5,93.6,105,,,,,,,,,,,,,,,,,,,94.1,100,,,,,,,,,,,,,,,,,,
2026-07-02T00:01:34.863914+00:00,2026-07-02T00:01:34.863869,2,1,93.9,0.4,93.7,150,93.6,105,,,,,,,,,,,,,,,,,94.1,100,,,,,,,,,,,,,,,,,,
2026-07-02T00:01:34.889121+00:00,2026-07-02T00:01:34.888993,2,2,93.9,0.4,93.7,150,93.6,105,,,,,,,,,,,,,,,,,94.1,100,94.2,150,,,,,,,,,,,,,,,,
2026-07-02T00:01:35.458686+00:00,2026-07-02T00:01:35.447702,2,2,93.9,0.4,93.7,100,93.6,105,,,,,,,,,,,,,,,,,94.1,100,94.2,150,,,,,,,,,,,,,,,,
2026-07-02T00:01:35.996858+00:00,2026-07-02T00:01:35.997031,2,2,93.9,0.4,93.7,60,93.6,105,,,,,,,,,,,,,,,,,94.1,100,94.2,150,,,,,,,,,,,,,,,,
2026-07-02T00:01:36.498499+00:00,2026-07-02T00:01:36.558981,2,1,93.95,0.5,93.7,60,93.6,5,,,,,,,,,,,,,,,,,94.2,150,,,,,,,,,,,,,,,,,,
2026-07-02T00:01:36.593031+00:00,2026-07-02T00:01:36.593274,3,1,93.95,0.5,93.7,15,93.6,5,93.5,100,,,,,,,,,,,,,,,94.2,150,,,,,,,,,,,,,,,,,,
2026-07-02T00:01:36.669190+00:00,2026-07-02T00:01:36.669027,3,2,93.85,0.3,93.7,15,93.6,5,93.5,100,,,,,,,,,,,,,,,94.0,101,94.2,150,,,,,,,,,,,,,,,,
2026-07-02T00:01:37.393972+00:00,2026-07-02T00:01:37.393841,3,2,93.85,0.3,93.7,15,93.6,4,93.5,100,,,,,,,,,,,,,,,94.0,101,94.2,150,,,,,,,,,,,,,,,,
2026-07-02T00:01:37.606640+00:00,2026-07-02T00:01:37.606522,3,2,93.85,0.3,93.7,15,93.6,3,93.5,100,,,,,,,,,,,,,,,94.0,101,94.2,150,,,,,,,,,,,,,,,,
2026-07-02T00:01:37.958635+00:00,2026-07-02T00:01:37.931733,3,1,93.85,0.3,93.7,15,93.6,3,93.5,100,,,,,,,,,,,,,,,94.0,101,,,,,,,,,,,,,,,,,,
2026-07-02T00:01:37.969049+00:00,2026-07-02T00:01:37.968889,2,1,93.8,0.4,93.6,3,93.5,100,,,,,,,,,,,,,,,,,94.0,101,,,,,,,,,,,,,,,,,,
2026-07-02T00:01:37.991957+00:00,2026-07-02T00:01:37.991877,3,1,93.8,0.4,93.6,3,93.5,100,93.1,150,,,,,,,,,,,,,,,94.0,101,,,,,,,,,,,,,,,,,,
2026-07-02T00:01:38.063669+00:00,2026-07-02T00:01:38.064168,2,2,93.55,0.1,93.5,100,93.1,150,,,,,,,,,,,,,,,,,93.6,147,94.0,101,,,,,,,,,,,,,,,,
2026-07-02T00:01:39.614471+00:00,2026-07-02T00:01:39.614353,2,2,93.55,0.1,93.5,100,93.1,150,,,,,,,,,,,,,,,,,93.6,97,94.0,101,,,,,,,,,,,,,,,,
2026-07-02T00:01:39.669567+00:00,2026-07-02T00:01:39.663259,2,2,93.55,0.1,93.5,100,93.1,150,,,,,,,,,,,,,,,,,93.6,94,94.0,101,,,,,,,,,,,,,,,,
2026-07-02T00:01:39.700908+00:00,2026-07-02T00:01:39.700745,1,2,93.35,0.5,93.1,150,,,,,,,,,,,,,,,,,,,93.6,94,94.0,1,,,,,,,,,,,,,,,,
2026-07-02T00:01:39.764067+00:00,2026-07-02T00:01:39.764031,2,1,93.8,0.4,93.6,6,93.1,150,,,,,,,,,,,,,,,,,94.0,1,,,,,,,,,,,,,,,,,,
2026-07-02T00:01:39.813635+00:00,2026-07-02T00:01:39.813554,2,2,93.8,0.4,93.6,6,93.1,150,,,,,,,,,,,,,,,,,94.0,1,94.1,100,,,,,,,,,,,,,,,,
2026-07-02T00:01:41.159123+00:00,2026-07-02T00:01:41.158759,1,2,93.8,0.4,93.6,6,,,,,,,,,,,,,,,,,,,94.0,1,94.1,100,,,,,,,,,,,,,,,,
2026-07-02T00:01:41.187979+00:00,2026-07-02T00:01:41.181636,2,2,93.9,0.2,93.8,147,93.6,6,,,,,,,,,,,,,,,,,94.0,1,94.1,100,,,,,,,,,,,,,,,,
2026-07-02T00:01:41.230229+00:00,2026-07-02T00:01:41.230369,2,3,93.9,0.2,93.8,147,93.6,6,,,,,,,,,,,,,,,,,94.0,1,94.1,100,94.3,150,,,,,,,,,,,,,,
2026-07-02T00:01:41.763613+00:00,2026-07-02T00:01:41.764345,2,2,93.95,0.3,93.8,147,93.6,6,,,,,,,,,,,,,,,,,94.1,51,94.3,150,,,,,,,,,,,,,,,,
2026-07-02T00:01:41.936040+00:00,2026-07-02T00:01:41.936170,2,3,93.85,0.1,93.8,147,93.6,6,,,,,,,,,,,,,,,,,93.9,6,94.1,51,94.3,150,,,,,,,,,,,,,,
2026-07-02T00:01:42.536256+00:00,2026-07-02T00:01:42.536086,2,3,93.85,0.1,93.8,147,93.6,7,,,,,,,,,,,,,,,,,93.9,6,94.1,51,94.3,150,,,,,,,,,,,,,,
2026-07-02T00:01:42.859341+00:00,2026-07-02T00:01:42.859279,2,2,93.85,0.1,93.8,147,93.6,7,,,,,,,,,,,,,,,,,93.9,6,94.3,150,,,,,,,,,,,,,,,,
2026-07-02T00:01:42.870346+00:00,2026-07-02T00:01:42.870236,2,2,93.85,0.1,93.8,147,93.6,1,,,,,,,,,,,,,,,,,93.9,6,94.3,150,,,,,,,,,,,,,,,,
2026-07-02T00:01:42.964524+00:00,2026-07-02T00:01:42.964197,3,2,93.85,0.1,93.8,147,93.6,1,93.5,100,,,,,,,,,,,,,,,93.9,6,94.3,150,,,,,,,,,,,,,,,,
2026-07-02T00:01:42.980434+00:00,2026-07-02T00:01:42.980341,3,3,93.85,0.1,93.8,147,93.6,1,93.5,100,,,,,,,,,,,,,,,93.9,6,94.0,100,94.3,150,,,,,,,,,,,,,,
2026-07-02T00:01:43.833752+00:00,2026-07-02T00:01:43.833679,3,2,93.9,0.2,93.8,147,93.6,1,93.5,100,,,,,,,,,,,,,,,94.0,56,94.3,150,,,,,,,,,,,,,,,,
2026-07-02T00:01:44.289460+00:00,2026-07-02T00:01:44.289319,2,1,93.8,0.4,93.6,1,93.5,100,,,,,,,,,,,,,,,,,94.0,56,,,,,,,,,,,,,,,,,,
2026-07-02T00:01:44.359279+00:00,2026-07-02T00:01:44.359041,3,1,93.9,0.2,93.8,150,93.6,1,93.5,100,,,,,,,,,,,,,,,94.0,56,,,,,,,,,,,,,,,,,,
2026-07-02T00:01:44.395682+00:00,2026-07-02T00:01:44.395519,3,2,93.9,0.2,93.8,150,93.6,1,93.5,100,,,,,,,,,,,,,,,94.0,56,94.3,150,,,,,,,,,,,,,,,,
2026-07-02T00:01:45.186648+00:00,2026-07-02T00:01:45.186596,3,2,93.9,0.2,93.8,150,93.6,1,93.5,100,,,,,,,,,,,,,,,94.0,16,94.3,150,,,,,,,,,,,,,,,,
2026-07-02T00:01:45.964643+00:00,2026-07-02T00:01:45.964209,3,1,94.05,0.5,93.8,150,93.6,1,93.5,100,,,,,,,,,,,,,,,94.3,116,,,,,,,,,,,,,,,,,,
2026-07-02T00:01:46.063663+00:00,2026-07-02T00:01:46.063783,2,1,94.05,0.5,93.8,150,93.6,1,,,,,,,,,,,,,,,,,94.3,116,,,,,,,,,,,,,,,,,,
2026-07-02T00:01:46.091337+00:00,2026-07-02T00:01:46.091466,3,1,94.05,0.5,93.8,150,93.7,100,93.6,1,,,,,,,,,,,,,,,94.3,116,,,,,,,,,,,,,,,,,,
2026-07-02T00:01:46.138495+00:00,2026-07-02T00:01:46.158684,3,2,94.0,0.4,93.8,150,93.7,100,93.6,1,,,,,,,,,,,,,,,94.2,100,94.3,116,,,,,,,,,,,,,,,,
2026-07-02T00:01:47.458632+00:00,2026-07-02T00:01:47.441338,2,1,93.95,0.5,93.7,100,93.6,1,,,,,,,,,,,,,,,,,94.2,100,,,,,,,,,,,,,,,,,,
2026-07-02T00:01:47.504575+00:00,2026-07-02T00:01:47.504436,2,1,93.95,0.5,93.7,250,93.6,1,,,,,,,,,,,,,,,,,94.2,100,,,,,,,,,,,,,,,,,,
2026-07-02T00:01:47.563662+00:00,2026-07-02T00:01:47.563767,2,1,93.95,0.5,93.7,250,93.6,1,,,,,,,,,,,,,,,,,94.2,250,,,,,,,,,,,,,,,,,,
2026-07-02T00:01:48.064149+00:00,2026-07-02T00:01:48.063971,2,1,93.95,0.5,93.7,250,93.6,1,,,,,,,,,,,,,,,,,94.2,200,,,,,,,,,,,,,,,,,,
2026-07-02T00:01:49.194335+00:00,2026-07-02T00:01:49.194264,2,1,93.95,0.5,93.7,250,93.6,1,,,,,,,,,,,,,,,,,94.2,150,,,,,,,,,,,,,,,,,,
2026-07-02T00:01:49.199488+00:00,2026-07-02T00:01:49.199447,2,1,93.95,0.5,93.7,150,93.6,1,,,,,,,,,,,,,,,,,94.2,150,,,,,,,,,,,,,,,,,,
2026-07-02T00:01:49.247288+00:00,2026-07-02T00:01:49.247449,2,1,93.95,0.5,93.7,150,93.6,101,,,,,,,,,,,,,,,,,94.2,150,,,,,,,,,,,,,,,,,,
2026-07-02T00:01:49.302078+00:00,2026-07-02T00:01:49.302177,2,2,93.9,0.4,93.7,150,93.6,101,,,,,,,,,,,,,,,,,94.1,100,94.2,150,,,,,,,,,,,,,,,,
2026-07-02T00:01:50.012514+00:00,2026-07-02T00:01:50.012461,2,3,93.85,0.3,93.7,150,93.6,101,,,,,,,,,,,,,,,,,94.0,3,94.1,100,94.2,150,,,,,,,,,,,,,,
2026-07-02T00:01:50.190044+00:00,2026-07-02T00:01:50.190177,2,2,93.9,0.4,93.7,150,93.6,101,,,,,,,,,,,,,,,,,94.1,53,94.2,150,,,,,,,,,,,,,,,,
2026-07-02T00:01:50.213867+00:00,2026-07-02T00:01:50.214093,2,2,93.9,0.4,93.7,150,93.6,100,,,,,,,,,,,,,,,,,94.1,56,94.2,150,,,,,,,,,,,,,,,,
2026-07-02T00:01:50.319421+00:00,2026-07-02T00:01:50.312321,2,2,93.9,0.4,93.7,150,93.6,100,,,,,,,,,,,,,,,,,94.1,56,94.2,150,,,,,,,,,,,,,,,,
2026-07-02T00:01:50.612109+00:00,2026-07-02T00:01:50.611961,1,1,93.85,0.5,93.6,100,,,,,,,,,,,,,,,,,,,94.1,56,,,,,,,,,,,,,,,,,,
2026-07-02T00:01:50.666822+00:00,2026-07-02T00:01:50.666958,1,1,93.85,0.5,93.6,250,,,,,,,,,,,,,,,,,,,94.1,56,,,,,,,,,,,,,,,,,,
2026-07-02T00:01:50.714025+00:00,2026-07-02T00:01:50.713994,1,1,93.85,0.5,93.6,250,,,,,,,,,,,,,,,,,,,94.1,206,,,,,,,,,,,,,,,,,,
2026-07-02T00:01:52.364022+00:00,2026-07-02T00:01:52.363871,1,1,93.85,0.5,93.6,150,,,,,,,,,,,,,,,,,,,94.1,153,,,,,,,,,,,,,,,,,,
2026-07-02T00:01:52.415238+00:00,2026-07-02T00:01:52.415114,2,1,93.9,0.4,93.7,100,93.6,150,,,,,,,,,,,,,,,,,94.1,153,,,,,,,,,,,,,,,,,,
2026-07-02T00:01:52.468607+00:00,2026-07-02T00:01:52.468470,2,2,93.9,0.4,93.7,100,93.6,150,,,,,,,,,,,,,,,,,94.1,153,94.2,100,,,,,,,,,,,,,,,,
2026-07-02T00:01:53.465006+00:00,2026-07-02T00:01:53.465192,2,2,93.9,0.4,93.7,54,93.6,150,,,,,,,,,,,,,,,,,94.1,153,94.2,100,,,,,,,,,,,,,,,,
2026-07-02T00:01:53.771715+00:00,2026-07-02T00:01:53.771628,1,2,93.9,0.4,93.7,54,,,,,,,,,,,,,,,,,,,94.1,3,94.2,100,,,,,,,,,,,,,,,,
2026-07-02T00:01:53.858612+00:00,2026-07-02T00:01:53.826905,2,2,93.9,0.4,93.7,54,93.5,150,,,,,,,,,,,,,,,,,94.1,3,94.2,100,,,,,,,,,,,,,,,,
2026-07-02T00:01:53.885061+00:00,2026-07-02T00:01:53.884857,2,3,93.85,0.3,93.7,54,93.5,150,,,,,,,,,,,,,,,,,94.0,150,94.1,3,94.2,100,,,,,,,,,,,,,,
2026-07-02T00:01:55.524816+00:00,2026-07-02T00:01:55.524752,1,2,93.75,0.5,93.5,150,,,,,,,,,,,,,,,,,,,94.0,150,94.1,3,,,,,,,,,,,,,,,,
2026-07-02T00:01:55.579812+00:00,2026-07-02T00:01:55.579689,1,2,93.75,0.5,93.5,250,,,,,,,,,,,,,,,,,,,94.0,150,94.1,3,,,,,,,,,,,,,,,,
2026-07-02T00:01:55.664575+00:00,2026-07-02T00:01:55.664266,1,2,93.75,0.5,93.5,250,,,,,,,,,,,,,,,,,,,94.0,250,94.1,3,,,,,,,,,,,,,,,,
2026-07-02T00:01:56.659062+00:00,2026-07-02T00:01:56.658810,1,2,93.75,0.5,93.5,200,,,,,,,,,,,,,,,,,,,94.0,250,94.1,3,,,,,,,,,,,,,,,,
2026-07-02T00:01:56.964115+00:00,2026-07-02T00:01:56.963836,1,2,93.75,0.5,93.5,100,,,,,,,,,,,,,,,,,,,94.0,100,94.1,3,,,,,,,,,,,,,,,,
2026-07-02T00:01:56.994236+00:00,2026-07-02T00:01:56.994204,2,2,93.75,0.5,93.5,100,93.2,150,,,,,,,,,,,,,,,,,94.0,100,94.1,3,,,,,,,,,,,,,,,,
2026-07-02T00:01:57.058640+00:00,2026-07-02T00:01:57.038437,2,3,93.6,0.2,93.5,100,93.2,150,,,,,,,,,,,,,,,,,93.7,150,94.0,100,94.1,3,,,,,,,,,,,,,,
2026-07-02T00:01:57.718507+00:00,2026-07-02T00:01:57.758838,2,3,93.6,0.2,93.5,57,93.2,150,,,,,,,,,,,,,,,,,93.7,150,94.0,100,94.1,3,,,,,,,,,,,,,,
2026-07-02T00:01:58.690435+00:00,2026-07-02T00:01:58.690344,1,2,93.45,0.5,93.2,150,,,,,,,,,,,,,,,,,,,93.7,150,94.1,3,,,,,,,,,,,,,,,,
2026-07-02T00:01:58.763616+00:00,2026-07-02T00:01:58.763805,2,2,93.5,0.4,93.3,100,93.2,150,,,,,,,,,,,,,,,,,93.7,150,94.1,3,,,,,,,,,,,,,,,,
2026-07-02T00:01:58.796581+00:00,2026-07-02T00:01:58.796429,2,3,93.5,0.4,93.3,100,93.2,150,,,,,,,,,,,,,,,,,93.7,150,93.8,100,94.1,3,,,,,,,,,,,,,,
2026-07-02T00:01:59.798498+00:00,2026-07-02T00:01:59.798370,2,2,93.5,0.4,93.3,100,93.2,150,,,,,,,,,,,,,,,,,93.7,105,93.8,100,,,,,,,,,,,,,,,,
2026-07-02T00:02:00.103117+00:00,2026-07-02T00:02:00.103085,1,1,93.55,0.5,93.3,100,,,,,,,,,,,,,,,,,,,93.8,100,,,,,,,,,,,,,,,,,,
2026-07-02T00:02:00.163992+00:00,2026-07-02T00:02:00.163799,2,1,93.6,0.4,93.4,150,93.3,100,,,,,,,,,,,,,,,,,93.8,100,,,,,,,,,,,,,,,,,,
2026-07-02T00:02:00.212839+00:00,2026-07-02T00:02:00.212768,2,2,93.6,0.4,93.4,150,93.3,100,,,,,,,,,,,,,,,,,93.8,100,93.9,155,,,,,,,,,,,,,,,,
2026-07-02T00:02:00.764008+00:00,2026-07-02T00:02:00.763883,2,2,93.6,0.4,93.4,150,93.3,100,,,,,,,,,,,,,,,,,93.8,50,93.9,155,,,,,,,,,,,,,,,,
2026-07-02T00:02:01.795646+00:00,2026-07-02T00:02:01.797395,2,2,93.6,0.4,93.4,150,93.3,100,,,,,,,,,,,,,,,,,93.8,1,93.9,154,,,,,,,,,,,,,,,,
2026-07-02T00:02:01.869002+00:00,2026-07-02T00:02:01.868963,1,1,93.65,0.5,93.4,150,,,,,,,,,,,,,,,,,,,93.9,154,,,,,,,,,,,,,,,,,,
2026-07-02T00:02:01.910094+00:00,2026-07-02T00:02:01.909963,1,1,93.65,0.5,93.4,150,,,,,,,,,,,,,,,,,,,93.9,54,,,,,,,,,,,,,,,,,,
2026-07-02T00:02:01.963629+00:00,2026-07-02T00:02:01.963798,1,2,93.65,0.5,93.4,150,,,,,,,,,,,,,,,,,,,93.9,54,94.4,100,,,,,,,,,,,,,,,,
2026-07-02T00:02:02.864105+00:00,2026-07-02T00:02:02.864024,1,2,93.65,0.5,93.4,150,,,,,,,,,,,,,,,,,,,93.9,53,94.4,100,,,,,,,,,,,,,,,,
2026-07-02T00:02:03.266093+00:00,2026-07-02T00:02:03.266277,0,2,,,,,,,,,,,,,,,,,,,,,,,93.9,3,94.4,100,,,,,,,,,,,,,,,,
2026-07-02T00:02:03.326321+00:00,2026-07-02T00:02:03.319551,0,1,,,,,,,,,,,,,,,,,,,,,,,94.4,100,,,,,,,,,,,,,,,,,,
2026-07-02T00:02:03.377348+00:00,2026-07-02T00:02:03.377277,0,1,,,,,,,,,,,,,,,,,,,,,,,94.4,250,,,,,,,,,,,,,,,,,,
2026-07-02T00:02:05.020535+00:00,2026-07-02T00:02:05.020441,0,1,,,,,,,,,,,,,,,,,,,,,,,94.4,150,,,,,,,,,,,,,,,,,,
2026-07-02T00:02:05.069172+00:00,2026-07-02T00:02:05.069068,1,1,93.8,1.2,93.2,100,,,,,,,,,,,,,,,,,,,94.4,150,,,,,,,,,,,,,,,,,,
2026-07-02T00:02:05.125802+00:00,2026-07-02T00:02:05.125916,1,2,93.45,0.5,93.2,100,,,,,,,,,,,,,,,,,,,93.7,100,94.4,150,,,,,,,,,,,,,,,,
2026-07-02T00:02:05.969182+00:00,2026-07-02T00:02:05.969112,1,2,93.45,0.5,93.2,55,,,,,,,,,,,,,,,,,,,93.7,100,94.4,150,,,,,,,,,,,,,,,,
2026-07-02T00:02:06.427641+00:00,2026-07-02T00:02:06.427917,1,1,93.45,0.5,93.2,55,,,,,,,,,,,,,,,,,,,93.7,100,,,,,,,,,,,,,,,,,,
2026-07-02T00:02:06.565077+00:00,2026-07-02T00:02:06.559695,2,2,93.5,0.4,93.3,150,93.2,55,,,,,,,,,,,,,,,,,93.7,100,93.8,150,,,,,,,,,,,,,,,,
2026-07-02T00:02:07.063646+00:00,2026-07-02T00:02:07.063863,2,2,93.5,0.4,93.3,150,93.2,55,,,,,,,,,,,,,,,,,93.7,59,93.8,150,,,,,,,,,,,,,,,,
2026-07-02T00:02:08.175557+00:00,2026-07-02T00:02:08.175515,2,1,93.55,0.5,93.3,150,93.2,55,,,,,,,,,,,,,,,,,93.8,150,,,,,,,,,,,,,,,,,,
2026-07-02T00:02:08.180770+00:00,2026-07-02T00:02:08.180672,1,1,93.55,0.5,93.3,150,,,,,,,,,,,,,,,,,,,93.8,150,,,,,,,,,,,,,,,,,,
2026-07-02T00:02:08.229945+00:00,2026-07-02T00:02:08.229893,2,1,93.6,0.4,93.4,100,93.3,150,,,,,,,,,,,,,,,,,93.8,150,,,,,,,,,,,,,,,,,,
2026-07-02T00:02:08.288932+00:00,2026-07-02T00:02:08.288742,2,2,93.6,0.4,93.4,100,93.3,150,,,,,,,,,,,,,,,,,93.8,150,93.9,100,,,,,,,,,,,,,,,,
2026-07-02T00:02:09.174299+00:00,2026-07-02T00:02:09.174214,2,2,93.6,0.4,93.4,100,93.3,150,,,,,,,,,,,,,,,,,93.8,100,93.9,100,,,,,,,,,,,,,,,,
2026-07-02T00:02:09.626448+00:00,2026-07-02T00:02:09.626573,1,1,93.65,0.5,93.4,100,,,,,,,,,,,,,,,,,,,93.9,100,,,,,,,,,,,,,,,,,,
2026-07-02T00:02:09.682180+00:00,2026-07-02T00:02:09.682352,2,1,93.7,0.4,93.5,150,93.4,100,,,,,,,,,,,,,,,,,93.9,100,,,,,,,,,,,,,,,,,,
2026-07-02T00:02:09.764328+00:00,2026-07-02T00:02:09.764215,2,2,93.7,0.4,93.5,150,93.4,100,,,,,,,,,,,,,,,,,93.9,100,94.0,150,,,,,,,,,,,,,,,,
2026-07-02T00:02:09.820059+00:00,2026-07-02T00:02:09.820007,2,2,93.7,0.4,93.5,102,93.4,100,,,,,,,,,,,,,,,,,93.9,100,94.0,150,,,,,,,,,,,,,,,,
2026-07-02T00:02:10.194372+00:00,2026-07-02T00:02:10.194316,2,3,93.65,0.3,93.5,102,93.4,100,,,,,,,,,,,,,,,,,93.8,4,93.9,100,94.0,150,,,,,,,,,,,,,,
2026-07-02T00:02:11.337178+00:00,2026-07-02T00:02:11.337393,1,2,93.65,0.3,93.5,102,,,,,,,,,,,,,,,,,,,93.8,4,94.0,150,,,,,,,,,,,,,,,,
2026-07-02T00:02:11.395976+00:00,2026-07-02T00:02:11.395906,2,2,93.65,0.3,93.5,102,93.4,100,,,,,,,,,,,,,,,,,93.8,4,94.0,150,,,,,,,,,,,,,,,,
2026-07-02T00:02:11.463918+00:00,2026-07-02T00:02:11.463763,2,3,93.65,0.3,93.5,102,93.4,100,,,,,,,,,,,,,,,,,93.8,4,93.9,100,94.0,150,,,,,,,,,,,,,,
2026-07-02T00:02:12.610775+00:00,2026-07-02T00:02:12.610704,2,3,93.65,0.3,93.5,103,93.4,100,,,,,,,,,,,,,,,,,93.8,4,93.9,100,94.0,150,,,,,,,,,,,,,,
2026-07-02T00:02:12.792407+00:00,2026-07-02T00:02:12.792286,2,2,93.65,0.3,93.5,1,93.4,100,,,,,,,,,,,,,,,,,93.8,4,93.9,100,,,,,,,,,,,,,,,,
2026-07-02T00:02:12.863673+00:00,2026-07-02T00:02:12.863830,3,2,93.65,0.3,93.5,1,93.4,100,93.3,150,,,,,,,,,,,,,,,93.8,4,93.9,100,,,,,,,,,,,,,,,,
2026-07-02T00:02:12.898649+00:00,2026-07-02T00:02:12.898528,3,2,93.65,0.3,93.5,1,93.4,100,93.3,150,,,,,,,,,,,,,,,93.8,154,93.9,100,,,,,,,,,,,,,,,,
2026-07-02T00:02:13.263664+00:00,2026-07-02T00:02:13.264125,3,2,93.65,0.3,93.5,1,93.4,100,93.3,150,,,,,,,,,,,,,,,93.8,108,93.9,100,,,,,,,,,,,,,,,,
2026-07-02T00:02:13.274539+00:00,2026-07-02T00:02:13.274507,3,2,93.65,0.3,93.5,1,93.4,100,93.3,150,,,,,,,,,,,,,,,93.8,112,93.9,100,,,,,,,,,,,,,,,,
2026-07-02T00:02:13.384968+00:00,2026-07-02T00:02:13.384881,3,2,93.65,0.3,93.5,1,93.4,100,93.3,150,,,,,,,,,,,,,,,93.8,62,93.9,100,,,,,,,,,,,,,,,,
2026-07-02T00:02:14.558942+00:00,2026-07-02T00:02:14.558892,2,1,93.65,0.3,93.5,101,93.3,150,,,,,,,,,,,,,,,,,93.8,62,,,,,,,,,,,,,,,,,,
2026-07-02T00:02:14.658754+00:00,2026-07-02T00:02:14.614780,2,2,93.65,0.3,93.5,101,93.3,150,,,,,,,,,,,,,,,,,93.8,62,94.0,100,,,,,,,,,,,,,,,,
2026-07-02T00:02:14.864146+00:00,2026-07-02T00:02:14.863979,2,2,93.65,0.3,93.5,58,93.3,150,,,,,,,,,,,,,,,,,93.8,62,94.0,100,,,,,,,,,,,,,,,,
2026-07-02T00:02:15.491862+00:00,2026-07-02T00:02:15.491768,2,2,93.65,0.3,93.5,58,93.3,150,,,,,,,,,,,,,,,,,93.8,12,94.0,100,,,,,,,,,,,,,,,,
2026-07-02T00:02:15.963694+00:00,2026-07-02T00:02:15.963921,1,2,93.65,0.3,93.5,58,,,,,,,,,,,,,,,,,,,93.8,4,94.0,100,,,,,,,,,,,,,,,,
2026-07-02T00:02:16.012586+00:00,2026-07-02T00:02:16.011245,2,2,93.75,0.1,93.7,86,93.5,58,,,,,,,,,,,,,,,,,93.8,4,94.0,100,,,,,,,,,,,,,,,,
2026-07-02T00:02:16.068748+00:00,2026-07-02T00:02:16.068926,2,3,93.75,0.1,93.7,86,93.5,58,,,,,,,,,,,,,,,,,93.8,4,94.0,100,94.2,150,,,,,,,,,,,,,,
2026-07-02T00:02:16.864651+00:00,2026-07-02T00:02:16.864399,2,3,93.75,0.1,93.7,41,93.5,58,,,,,,,,,,,,,,,,,93.8,4,94.0,100,94.2,150,,,,,,,,,,,,,,
2026-07-02T00:02:17.598652+00:00,2026-07-02T00:02:17.598496,2,2,93.85,0.3,93.7,41,93.5,58,,,,,,,,,,,,,,,,,94.0,54,94.2,150,,,,,,,,,,,,,,,,
2026-07-02T00:02:17.668949+00:00,2026-07-02T00:02:17.668867,1,1,93.95,0.5,93.7,41,,,,,,,,,,,,,,,,,,,94.2,150,,,,,,,,,,,,,,,,,,
2026-07-02T00:02:17.723068+00:00,2026-07-02T00:02:17.722983,2,1,93.95,0.5,93.7,41,93.3,100,,,,,,,,,,,,,,,,,94.2,150,,,,,,,,,,,,,,,,,,
2026-07-02T00:02:17.776021+00:00,2026-07-02T00:02:17.775988,2,2,93.75,0.1,93.7,41,93.3,100,,,,,,,,,,,,,,,,,93.8,100,94.2,150,,,,,,,,,,,,,,,,
2026-07-02T00:02:19.111796+00:00,2026-07-02T00:02:19.111670,1,1,93.55,0.5,93.3,100,,,,,,,,,,,,,,,,,,,93.8,100,,,,,,,,,,,,,,,,,,
2026-07-02T00:02:19.169070+00:00,2026-07-02T00:02:19.168997,2,1,93.6,0.4,93.4,150,93.3,100,,,,,,,,,,,,,,,,,93.8,100,,,,,,,,,,,,,,,,,,
2026-07-02T00:02:19.216682+00:00,2026-07-02T00:02:19.216788,2,2,93.6,0.4,93.4,150,93.3,100,,,,,,,,,,,,,,,,,93.8,100,93.9,150,,,,,,,,,,,,,,,,
2026-07-02T00:02:19.758695+00:00,2026-07-02T00:02:19.753837,2,2,93.6,0.4,93.4,100,93.3,100,,,,,,,,,,,,,,,,,93.8,100,93.9,150,,,,,,,,,,,,,,,,
2026-07-02T00:02:20.063978+00:00,2026-07-02T00:02:20.063843,2,2,93.6,0.4,93.4,100,93.3,100,,,,,,,,,,,,,,,,,93.8,58,93.9,150,,,,,,,,,,,,,,,,
2026-07-02T00:02:20.825229+00:00,2026-07-02T00:02:20.824937,2,1,93.65,0.5,93.4,100,93.3,100,,,,,,,,,,,,,,,,,93.9,150,,,,,,,,,,,,,,,,,,
2026-07-02T00:02:20.830017+00:00,2026-07-02T00:02:20.830142,1,1,93.65,0.5,93.4,100,,,,,,,,,,,,,,,,,,,93.9,150,,,,,,,,,,,,,,,,,,
2026-07-02T00:02:20.882946+00:00,2026-07-02T00:02:20.882598,2,1,93.75,0.3,93.6,100,93.4,100,,,,,,,,,,,,,,,,,93.9,150,,,,,,,,,,,,,,,,,,
2026-07-02T00:02:20.958713+00:00,2026-07-02T00:02:20.931160,2,2,93.75,0.3,93.6,100,93.4,100,,,,,,,,,,,,,,,,,93.9,150,94.1,100,,,,,,,,,,,,,,,,
2026-07-02T00:02:21.469077+00:00,2026-07-02T00:02:21.468892,2,2,93.75,0.3,93.6,100,93.4,100,,,,,,,,,,,,,,,,,93.9,155,94.1,100,,,,,,,,,,,,,,,,
2026-07-02T00:02:21.774928+00:00,2026-07-02T00:02:21.772717,2,2,93.75,0.3,93.6,58,93.4,100,,,,,,,,,,,,,,,,,93.9,155,94.1,100,,,,,,,,,,,,,,,,
2026-07-02T00:02:21.869324+00:00,2026-07-02T00:02:21.869278,2,2,93.75,0.3,93.6,8,93.4,100,,,,,,,,,,,,,,,,,93.9,155,94.1,100,,,,,,,,,,,,,,,,
2026-07-02T00:02:22.280013+00:00,2026-07-02T00:02:22.279888,1,2,93.75,0.3,93.6,8,,,,,,,,,,,,,,,,,,,93.9,5,94.1,100,,,,,,,,,,,,,,,,
2026-07-02T00:02:22.295290+00:00,2026-07-02T00:02:22.295412,1,1,93.85,0.5,93.6,8,,,,,,,,,,,,,,,,,,,94.1,62,,,,,,,,,,,,,,,,,,
2026-07-02T00:02:22.363843+00:00,2026-07-02T00:02:22.364206,2,1,93.85,0.5,93.6,8,93.3,150,,,,,,,,,,,,,,,,,94.1,62,,,,,,,,,,,,,,,,,,
2026-07-02T00:02:22.385361+00:00,2026-07-02T00:02:22.385234,2,2,93.7,0.2,93.6,8,93.3,150,,,,,,,,,,,,,,,,,93.8,150,94.1,62,,,,,,,,,,,,,,,,
2026-07-02T00:02:22.403584+00:00,2026-07-02T00:02:22.403445,2,3,93.7,0.2,93.6,8,93.3,150,,,,,,,,,,,,,,,,,93.8,150,93.9,5,94.1,62,,,,,,,,,,,,,,
2026-07-02T00:02:22.458741+00:00,2026-07-02T00:02:22.435020,2,3,93.7,0.2,93.6,9,93.3,150,,,,,,,,,,,,,,,,,93.8,150,93.9,5,94.1,62,,,,,,,,,,,,,,
2026-07-02T00:02:22.564195+00:00,2026-07-02T00:02:22.563991,2,3,93.7,0.2,93.6,8,93.3,150,,,,,,,,,,,,,,,,,93.8,150,93.9,5,94.1,62,,,,,,,,,,,,,,
2026-07-02T00:02:23.974439+00:00,2026-07-02T00:02:23.974324,1,3,93.55,0.5,93.3,150,,,,,,,,,,,,,,,,,,,93.8,150,93.9,5,94.1,62,,,,,,,,,,,,,,
2026-07-02T00:02:23.990676+00:00,2026-07-02T00:02:23.990611,1,2,93.55,0.5,93.3,150,,,,,,,,,,,,,,,,,,,93.8,150,93.9,5,,,,,,,,,,,,,,,,
2026-07-02T00:02:24.069132+00:00,2026-07-02T00:02:24.068887,2,2,93.6,0.4,93.4,100,93.3,150,,,,,,,,,,,,,,,,,93.8,150,93.9,5,,,,,,,,,,,,,,,,
2026-07-02T00:02:24.118425+00:00,2026-07-02T00:02:24.118243,2,2,93.6,0.4,93.4,100,93.3,150,,,,,,,,,,,,,,,,,93.8,150,93.9,105,,,,,,,,,,,,,,,,
2026-07-02T00:02:24.225549+00:00,2026-07-02T00:02:24.219180,2,2,93.6,0.4,93.4,100,93.3,150,,,,,,,,,,,,,,,,,93.8,139,93.9,105,,,,,,,,,,,,,,,,
2026-07-02T00:02:25.469449+00:00,2026-07-02T00:02:25.469130,1,1,93.65,0.5,93.4,100,,,,,,,,,,,,,,,,,,,93.9,105,,,,,,,,,,,,,,,,,,
2026-07-02T00:02:25.491537+00:00,2026-07-02T00:02:25.491505,2,1,93.7,0.4,93.5,150,93.4,100,,,,,,,,,,,,,,,,,93.9,105,,,,,,,,,,,,,,,,,,
2026-07-02T00:02:25.498500+00:00,2026-07-02T00:02:25.559146,2,2,93.7,0.4,93.5,150,93.4,100,,,,,,,,,,,,,,,,,93.9,105,94.0,150,,,,,,,,,,,,,,,,
2026-07-02T00:02:26.058688+00:00,2026-07-02T00:02:26.025391,2,2,93.7,0.4,93.5,150,93.4,100,,,,,,,,,,,,,,,,,93.9,55,94.0,150,,,,,,,,,,,,,,,,
2026-07-02T00:02:26.069096+00:00,2026-07-02T00:02:26.068935,2,3,93.65,0.3,93.5,150,93.4,100,,,,,,,,,,,,,,,,,93.8,5,93.9,55,94.0,150,,,,,,,,,,,,,,
2026-07-02T00:02:26.458750+00:00,2026-07-02T00:02:26.435557,2,3,93.65,0.3,93.5,109,93.4,100,,,,,,,,,,,,,,,,,93.8,5,93.9,55,94.0,150,,,,,,,,,,,,,,
2026-07-02T00:02:27.174474+00:00,2026-07-02T00:02:27.174404,1,2,93.65,0.3,93.5,109,,,,,,,,,,,,,,,,,,,93.8,5,94.0,150,,,,,,,,,,,,,,,,
2026-07-02T00:02:27.258837+00:00,2026-07-02T00:02:27.258715,2,2,93.65,0.3,93.5,109,93.4,100,,,,,,,,,,,,,,,,,93.8,5,94.0,150,,,,,,,,,,,,,,,,
2026-07-02T00:02:27.282643+00:00,2026-07-02T00:02:27.282812,2,3,93.65,0.3,93.5,109,93.4,100,,,,,,,,,,,,,,,,,93.8,5,93.9,100,94.0,150,,,,,,,,,,,,,,
2026-07-02T00:02:28.189935+00:00,2026-07-02T00:02:28.189900,2,3,93.65,0.3,93.5,59,93.4,100,,,,,,,,,,,,,,,,,93.8,5,93.9,100,94.0,150,,,,,,,,,,,,,,
2026-07-02T00:02:28.602698+00:00,2026-07-02T00:02:28.602633,1,2,93.6,0.4,93.4,100,,,,,,,,,,,,,,,,,,,93.8,5,93.9,100,,,,,,,,,,,,,,,,
2026-07-02T00:02:28.668952+00:00,2026-07-02T00:02:28.668855,2,2,93.6,0.4,93.4,100,93.1,150,,,,,,,,,,,,,,,,,93.8,5,93.9,100,,,,,,,,,,,,,,,,
2026-07-02T00:02:28.738962+00:00,2026-07-02T00:02:28.725657,2,3,93.5,0.2,93.4,100,93.1,150,,,,,,,,,,,,,,,,,93.6,147,93.8,5,93.9,100,,,,,,,,,,,,,,
2026-07-02T00:02:30.295800+00:00,2026-07-02T00:02:30.295988,2,3,93.5,0.2,93.4,50,93.1,150,,,,,,,,,,,,,,,,,93.6,147,93.8,5,93.9,100,,,,,,,,,,,,,,
2026-07-02T00:02:30.338673+00:00,2026-07-02T00:02:30.338597,1,2,93.35,0.5,93.1,150,,,,,,,,,,,,,,,,,,,93.6,147,93.8,5,,,,,,,,,,,,,,,,
2026-07-02T00:02:30.393132+00:00,2026-07-02T00:02:30.393266,2,2,93.55,0.1,93.5,100,93.1,150,,,,,,,,,,,,,,,,,93.6,147,93.8,5,,,,,,,,,,,,,,,,
2026-07-02T00:02:30.458767+00:00,2026-07-02T00:02:30.441911,2,3,93.55,0.1,93.5,100,93.1,150,,,,,,,,,,,,,,,,,93.6,147,93.8,5,94.0,100,,,,,,,,,,,,,,
2026-07-02T00:02:31.259118+00:00,2026-07-02T00:02:31.258993,2,3,93.55,0.1,93.5,101,93.1,150,,,,,,,,,,,,,,,,,93.6,147,93.8,5,94.0,100,,,,,,,,,,,,,,
2026-07-02T00:02:31.774617+00:00,2026-07-02T00:02:31.774497,1,2,93.65,0.3,93.5,101,,,,,,,,,,,,,,,,,,,93.8,5,94.0,100,,,,,,,,,,,,,,,,
2026-07-02T00:02:31.830016+00:00,2026-07-02T00:02:31.829891,2,2,93.65,0.3,93.5,101,93.1,150,,,,,,,,,,,,,,,,,93.8,5,94.0,100,,,,,,,,,,,,,,,,
2026-07-02T00:02:31.879189+00:00,2026-07-02T00:02:31.879361,2,3,93.55,0.1,93.5,101,93.1,150,,,,,,,,,,,,,,,,,93.6,150,93.8,5,94.0,100,,,,,,,,,,,,,,
2026-07-02T00:02:32.094847+00:00,2026-07-02T00:02:32.094746,2,3,93.55,0.1,93.5,101,93.1,150,,,,,,,,,,,,,,,,,93.6,34,93.8,5,94.0,100,,,,,,,,,,,,,,
2026-07-02T00:02:32.405011+00:00,2026-07-02T00:02:32.404963,2,3,93.55,0.1,93.5,51,93.1,150,,,,,,,,,,,,,,,,,93.6,34,93.8,5,94.0,100,,,,,,,,,,,,,,
2026-07-02T00:02:33.499546+00:00,2026-07-02T00:02:33.499467,2,2,93.55,0.1,93.5,1,93.1,150,,,,,,,,,,,,,,,,,93.6,34,93.8,5,,,,,,,,,,,,,,,,
2026-07-02T00:02:33.564007+00:00,2026-07-02T00:02:33.563885,2,2,93.55,0.1,93.5,1,93.1,250,,,,,,,,,,,,,,,,,93.6,34,93.8,5,,,,,,,,,,,,,,,,
2026-07-02T00:02:33.584878+00:00,2026-07-02T00:02:33.584829,2,0,,,93.5,1,93.1,250,,,,,,,,,,,,,,,,,,,,,,,,,,,,,,,,,,,,
2026-07-02T00:02:33.609774+00:00,2026-07-02T00:02:33.609672,2,1,93.55,0.1,93.5,1,93.1,250,,,,,,,,,,,,,,,,,93.6,100,,,,,,,,,,,,,,,,,,
2026-07-02T00:02:34.509410+00:00,2026-07-02T00:02:34.509304,1,1,93.35,0.5,93.1,201,,,,,,,,,,,,,,,,,,,93.6,100,,,,,,,,,,,,,,,,,,
2026-07-02T00:02:34.938490+00:00,2026-07-02T00:02:34.958733,1,1,93.35,0.5,93.1,100,,,,,,,,,,,,,,,,,,,93.6,100,,,,,,,,,,,,,,,,,,
2026-07-02T00:02:34.993429+00:00,2026-07-02T00:02:34.993311,2,1,93.45,0.3,93.3,150,93.1,100,,,,,,,,,,,,,,,,,93.6,100,,,,,,,,,,,,,,,,,,
2026-07-02T00:02:35.024909+00:00,2026-07-02T00:02:35.038187,2,2,93.45,0.3,93.3,150,93.1,100,,,,,,,,,,,,,,,,,93.6,100,93.8,150,,,,,,,,,,,,,,,,
2026-07-02T00:02:35.580092+00:00,2026-07-02T00:02:35.580008,2,2,93.45,0.3,93.3,150,93.1,100,,,,,,,,,,,,,,,,,93.6,100,93.8,155,,,,,,,,,,,,,,,,
2026-07-02T00:02:35.964068+00:00,2026-07-02T00:02:35.963878,3,2,93.55,0.1,93.5,1,93.3,150,93.1,100,,,,,,,,,,,,,,,93.6,100,93.8,155,,,,,,,,,,,,,,,,
2026-07-02T00:02:36.622341+00:00,2026-07-02T00:02:36.622303,2,2,93.45,0.3,93.3,101,93.1,100,,,,,,,,,,,,,,,,,93.6,100,93.8,155,,,,,,,,,,,,,,,,
2026-07-02T00:02:36.627381+00:00,2026-07-02T00:02:36.639827,3,2,93.5,0.2,93.4,1,93.3,101,93.1,100,,,,,,,,,,,,,,,93.6,100,93.8,155,,,,,,,,,,,,,,,,
2026-07-02T00:02:36.664122+00:00,2026-07-02T00:02:36.664005,2,1,93.6,0.4,93.4,1,93.3,101,,,,,,,,,,,,,,,,,93.8,155,,,,,,,,,,,,,,,,,,
2026-07-02T00:02:36.720734+00:00,2026-07-02T00:02:36.720557,2,1,93.6,0.4,93.4,1,93.3,201,,,,,,,,,,,,,,,,,93.8,155,,,,,,,,,,,,,,,,,,
2026-07-02T00:02:36.766805+00:00,2026-07-02T00:02:36.766608,2,1,93.6,0.4,93.4,1,93.3,201,,,,,,,,,,,,,,,,,93.8,255,,,,,,,,,,,,,,,,,,
2026-07-02T00:02:38.016868+00:00,2026-07-02T00:02:38.016777,2,1,93.6,0.4,93.4,1,93.3,201,,,,,,,,,,,,,,,,,93.8,254,,,,,,,,,,,,,,,,,,
2026-07-02T00:02:38.102987+00:00,2026-07-02T00:02:38.102926,2,1,93.6,0.4,93.4,1,93.3,100,,,,,,,,,,,,,,,,,93.8,104,,,,,,,,,,,,,,,,,,
2026-07-02T00:02:38.163673+00:00,2026-07-02T00:02:38.163822,3,1,93.6,0.4,93.4,1,93.3,100,93.1,150,,,,,,,,,,,,,,,93.8,104,,,,,,,,,,,,,,,,,,
2026-07-02T00:02:38.212378+00:00,2026-07-02T00:02:38.212300,3,2,93.5,0.2,93.4,1,93.3,100,93.1,150,,,,,,,,,,,,,,,93.6,150,93.8,104,,,,,,,,,,,,,,,,
2026-07-02T00:02:38.758762+00:00,2026-07-02T00:02:38.733796,2,2,93.45,0.3,93.3,51,93.1,150,,,,,,,,,,,,,,,,,93.6,150,93.8,104,,,,,,,,,,,,,,,,
2026-07-02T00:02:39.009920+00:00,2026-07-02T00:02:39.009841,2,2,93.45,0.3,93.3,51,93.1,150,,,,,,,,,,,,,,,,,93.6,150,93.8,103,,,,,,,,,,,,,,,,
2026-07-02T00:02:39.868727+00:00,2026-07-02T00:02:39.869015,1,2,93.35,0.5,93.1,150,,,,,,,,,,,,,,,,,,,93.6,150,93.8,3,,,,,,,,,,,,,,,,
2026-07-02T00:02:39.893996+00:00,2026-07-02T00:02:39.893822,2,2,93.4,0.4,93.2,100,93.1,150,,,,,,,,,,,,,,,,,93.6,150,93.8,3,,,,,,,,,,,,,,,,
2026-07-02T00:02:39.964315+00:00,2026-07-02T00:02:39.964091,2,3,93.4,0.4,93.2,100,93.1,150,,,,,,,,,,,,,,,,,93.6,150,93.7,100,93.8,3,,,,,,,,,,,,,,
2026-07-02T00:02:40.269704+00:00,2026-07-02T00:02:40.269666,3,3,93.5,0.2,93.4,3,93.2,100,93.1,150,,,,,,,,,,,,,,,93.6,150,93.7,100,93.8,3,,,,,,,,,,,,,,
2026-07-02T00:02:40.969385+00:00,2026-07-02T00:02:40.969231,3,3,93.5,0.2,93.4,3,93.2,100,93.1,150,,,,,,,,,,,,,,,93.6,150,93.7,100,93.8,1,,,,,,,,,,,,,,
2026-07-02T00:02:41.265369+00:00,2026-07-02T00:02:41.265276,2,2,93.55,0.3,93.4,3,93.2,100,,,,,,,,,,,,,,,,,93.7,100,93.8,1,,,,,,,,,,,,,,,,
2026-07-02T00:02:41.322869+00:00,2026-07-02T00:02:41.322770,2,2,93.55,0.3,93.4,3,93.2,250,,,,,,,,,,,,,,,,,93.7,100,93.8,1,,,,,,,,,,,,,,,,
2026-07-02T00:02:41.376655+00:00,2026-07-02T00:02:41.376558,2,2,93.55,0.3,93.4,3,93.2,250,,,,,,,,,,,,,,,,,93.7,250,93.8,1,,,,,,,,,,,,,,,,
2026-07-02T00:02:42.104228+00:00,2026-07-02T00:02:42.104071,2,2,93.55,0.3,93.4,3,93.2,250,,,,,,,,,,,,,,,,,93.7,209,93.8,1,,,,,,,,,,,,,,,,
2026-07-02T00:02:42.163877+00:00,2026-07-02T00:02:42.164060,2,1,93.55,0.3,93.4,3,93.2,250,,,,,,,,,,,,,,,,,93.7,209,,,,,,,,,,,,,,,,,,
2026-07-02T00:02:42.895640+00:00,2026-07-02T00:02:42.895798,2,1,93.55,0.3,93.4,3,93.2,250,,,,,,,,,,,,,,,,,93.7,159,,,,,,,,,,,,,,,,,,
2026-07-02T00:02:43.011647+00:00,2026-07-02T00:02:43.011579,2,1,93.55,0.3,93.4,3,93.2,150,,,,,,,,,,,,,,,,,93.7,150,,,,,,,,,,,,,,,,,,
2026-07-02T00:02:43.063677+00:00,2026-07-02T00:02:43.063862,2,1,93.55,0.3,93.4,103,93.2,150,,,,,,,,,,,,,,,,,93.7,150,,,,,,,,,,,,,,,,,,
2026-07-02T00:02:43.119864+00:00,2026-07-02T00:02:43.119723,2,2,93.55,0.3,93.4,103,93.2,150,,,,,,,,,,,,,,,,,93.7,150,93.9,100,,,,,,,,,,,,,,,,
2026-07-02T00:02:43.975032+00:00,2026-07-02T00:02:43.975217,2,2,93.55,0.3,93.4,103,93.2,150,,,,,,,,,,,,,,,,,93.7,109,93.9,100,,,,,,,,,,,,,,,,
2026-07-02T00:02:44.058582+00:00,2026-07-02T00:02:44.027568,2,2,93.55,0.3,93.4,61,93.2,150,,,,,,,,,,,,,,,,,93.7,109,93.9,100,,,,,,,,,,,,,,,,
2026-07-02T00:02:44.386309+00:00,2026-07-02T00:02:44.386219,2,2,93.55,0.3,93.4,66,93.2,150,,,,,,,,,,,,,,,,,93.7,109,93.9,100,,,,,,,,,,,,,,,,
2026-07-02T00:02:44.431584+00:00,2026-07-02T00:02:44.431505,1,1,93.65,0.5,93.4,66,,,,,,,,,,,,,,,,,,,93.9,100,,,,,,,,,,,,,,,,,,
2026-07-02T00:02:44.486986+00:00,2026-07-02T00:02:44.486915,1,1,93.65,0.5,93.4,216,,,,,,,,,,,,,,,,,,,93.9,100,,,,,,,,,,,,,,,,,,
2026-07-02T00:02:44.564367+00:00,2026-07-02T00:02:44.564037,1,1,93.65,0.5,93.4,216,,,,,,,,,,,,,,,,,,,93.9,250,,,,,,,,,,,,,,,,,,
2026-07-02T00:02:44.999410+00:00,2026-07-02T00:02:44.999318,1,1,93.65,0.5,93.4,173,,,,,,,,,,,,,,,,,,,93.9,250,,,,,,,,,,,,,,,,,,
2026-07-02T00:02:45.399351+00:00,2026-07-02T00:02:45.399260,1,1,93.65,0.5,93.4,172,,,,,,,,,,,,,,,,,,,93.9,250,,,,,,,,,,,,,,,,,,
2026-07-02T00:02:46.174714+00:00,2026-07-02T00:02:46.174543,1,1,93.65,0.5,93.4,154,,,,,,,,,,,,,,,,,,,93.9,150,,,,,,,,,,,,,,,,,,
2026-07-02T00:02:46.258789+00:00,2026-07-02T00:02:46.225510,2,1,93.65,0.5,93.4,154,93.3,100,,,,,,,,,,,,,,,,,93.9,150,,,,,,,,,,,,,,,,,,
2026-07-02T00:02:46.279526+00:00,2026-07-02T00:02:46.279421,2,2,93.6,0.4,93.4,154,93.3,100,,,,,,,,,,,,,,,,,93.8,100,93.9,150,,,,,,,,,,,,,,,,
2026-07-02T00:02:46.397308+00:00,2026-07-02T00:02:46.397235,2,3,93.55,0.3,93.4,154,93.3,100,,,,,,,,,,,,,,,,,93.7,1,93.8,100,93.9,150,,,,,,,,,,,,,,
2026-07-02T00:02:46.799218+00:00,2026-07-02T00:02:46.799166,2,2,93.6,0.4,93.4,154,93.3,100,,,,,,,,,,,,,,,,,93.8,100,93.9,150,,,,,,,,,,,,,,,,
2026-07-02T00:02:47.175165+00:00,2026-07-02T00:02:47.175034,2,2,93.6,0.4,93.4,104,93.3,100,,,,,,,,,,,,,,,,,93.8,100,93.9,150,,,,,,,,,,,,,,,,
2026-07-02T00:02:47.293177+00:00,2026-07-02T00:02:47.292930,2,2,93.6,0.4,93.4,109,93.3,100,,,,,,,,,,,,,,,,,93.8,100,93.9,150,,,,,,,,,,,,,,,,
2026-07-02T00:02:47.588958+00:00,2026-07-02T00:02:47.589140,2,1,93.6,0.4,93.4,109,93.3,100,,,,,,,,,,,,,,,,,93.8,100,,,,,,,,,,,,,,,,,,
2026-07-02T00:02:47.594418+00:00,2026-07-02T00:02:47.594286,2,1,93.6,0.4,93.4,5,93.3,100,,,,,,,,,,,,,,,,,93.8,100,,,,,,,,,,,,,,,,,,
2026-07-02T00:02:47.658772+00:00,2026-07-02T00:02:47.640334,2,1,93.6,0.4,93.4,5,93.3,250,,,,,,,,,,,,,,,,,93.8,100,,,,,,,,,,,,,,,,,,
2026-07-02T00:02:47.720309+00:00,2026-07-02T00:02:47.720138,2,1,93.6,0.4,93.4,5,93.3,250,,,,,,,,,,,,,,,,,93.8,250,,,,,,,,,,,,,,,,,,
2026-07-02T00:02:49.358653+00:00,2026-07-02T00:02:49.335582,2,1,93.6,0.4,93.4,5,93.3,150,,,,,,,,,,,,,,,,,93.8,150,,,,,,,,,,,,,,,,,,
2026-07-02T00:02:49.389661+00:00,2026-07-02T00:02:49.389587,2,1,93.6,0.4,93.4,105,93.3,150,,,,,,,,,,,,,,,,,93.8,150,,,,,,,,,,,,,,,,,,
2026-07-02T00:02:49.458656+00:00,2026-07-02T00:02:49.442105,2,2,93.6,0.4,93.4,105,93.3,150,,,,,,,,,,,,,,,,,93.8,150,93.9,100,,,,,,,,,,,,,,,,
2026-07-02T00:02:49.927582+00:00,2026-07-02T00:02:49.927531,2,2,93.6,0.4,93.4,105,93.3,150,,,,,,,,,,,,,,,,,93.8,101,93.9,100,,,,,,,,,,,,,,,,
2026-07-02T00:02:50.783256+00:00,2026-07-02T00:02:50.783418,1,1,93.65,0.5,93.4,105,,,,,,,,,,,,,,,,,,,93.9,100,,,,,,,,,,,,,,,,,,
2026-07-02T00:02:50.864197+00:00,2026-07-02T00:02:50.863846,2,1,93.65,0.5,93.4,105,93.3,150,,,,,,,,,,,,,,,,,93.9,100,,,,,,,,,,,,,,,,,,
2026-07-02T00:02:50.891848+00:00,2026-07-02T00:02:50.891792,2,2,93.6,0.4,93.4,105,93.3,150,,,,,,,,,,,,,,,,,93.8,150,93.9,100,,,,,,,,,,,,,,,,
2026-07-02T00:02:51.064037+00:00,2026-07-02T00:02:51.063896,2,2,93.6,0.4,93.4,56,93.3,150,,,,,,,,,,,,,,,,,93.8,150,93.9,100,,,,,,,,,,,,,,,,
2026-07-02T00:02:51.364047+00:00,2026-07-02T00:02:51.363899,2,2,93.6,0.4,93.4,61,93.3,150,,,,,,,,,,,,,,,,,93.8,150,93.9,100,,,,,,,,,,,,,,,,
2026-07-02T00:02:51.398675+00:00,2026-07-02T00:02:51.398621,2,2,93.6,0.4,93.4,11,93.3,150,,,,,,,,,,,,,,,,,93.8,150,93.9,100,,,,,,,,,,,,,,,,
2026-07-02T00:02:52.496673+00:00,2026-07-02T00:02:52.496802,2,1,93.6,0.4,93.4,5,93.3,150,,,,,,,,,,,,,,,,,93.8,150,,,,,,,,,,,,,,,,,,
2026-07-02T00:02:52.564382+00:00,2026-07-02T00:02:52.564210,3,1,93.6,0.4,93.4,5,93.3,150,93.0,100,,,,,,,,,,,,,,,93.8,150,,,,,,,,,,,,,,,,,,
2026-07-02T00:02:52.605846+00:00,2026-07-02T00:02:52.605817,3,2,93.45,0.1,93.4,5,93.3,150,93.0,100,,,,,,,,,,,,,,,93.5,100,93.8,150,,,,,,,,,,,,,,,,
2026-07-02T00:02:52.616083+00:00,2026-07-02T00:02:52.616246,3,2,93.45,0.1,93.4,5,93.3,150,93.0,100,,,,,,,,,,,,,,,93.5,16,93.8,150,,,,,,,,,,,,,,,,
2026-07-02T00:02:53.758662+00:00,2026-07-02T00:02:53.728339,3,1,93.6,0.4,93.4,5,93.3,150,93.0,100,,,,,,,,,,,,,,,93.8,124,,,,,,,,,,,,,,,,,,
2026-07-02T00:02:53.959681+00:00,2026-07-02T00:02:53.958999,2,0,,,93.4,5,93.0,100,,,,,,,,,,,,,,,,,,,,,,,,,,,,,,,,,,,,
2026-07-02T00:02:53.997109+00:00,2026-07-02T00:02:53.997059,3,0,,,93.5,150,93.4,5,93.0,100,,,,,,,,,,,,,,,,,,,,,,,,,,,,,,,,,,
2026-07-02T00:02:54.064192+00:00,2026-07-02T00:02:54.063833,3,1,93.75,0.5,93.5,150,93.4,5,93.0,100,,,,,,,,,,,,,,,94.0,150,,,,,,,,,,,,,,,,,,
2026-07-02T00:02:55.405491+00:00,2026-07-02T00:02:55.405429,3,1,93.75,0.5,93.5,105,93.4,5,93.0,100,,,,,,,,,,,,,,,94.0,150,,,,,,,,,,,,,,,,,,
2026-07-02T00:02:55.564084+00:00,2026-07-02T00:02:55.563921,3,1,93.75,0.5,93.5,105,93.4,5,93.0,100,,,,,,,,,,,,,,,94.0,100,,,,,,,,,,,,,,,,,,
2026-07-02T00:02:55.664000+00:00,2026-07-02T00:02:55.663872,2,1,93.75,0.5,93.5,105,93.4,5,,,,,,,,,,,,,,,,,94.0,100,,,,,,,,,,,,,,,,,,
2026-07-02T00:02:55.714789+00:00,2026-07-02T00:02:55.714948,3,1,93.75,0.5,93.5,105,93.4,5,93.3,100,,,,,,,,,,,,,,,94.0,100,,,,,,,,,,,,,,,,,,
2026-07-02T00:02:55.768344+00:00,2026-07-02T00:02:55.768117,3,2,93.65,0.3,93.5,105,93.4,5,93.3,100,,,,,,,,,,,,,,,93.8,100,94.0,100,,,,,,,,,,,,,,,,
2026-07-02T00:02:57.108503+00:00,2026-07-02T00:02:57.108429,2,1,93.6,0.4,93.4,5,93.3,100,,,,,,,,,,,,,,,,,93.8,100,,,,,,,,,,,,,,,,,,
2026-07-02T00:02:57.163876+00:00,2026-07-02T00:02:57.163791,3,1,93.75,0.1,93.7,150,93.4,5,93.3,100,,,,,,,,,,,,,,,93.8,100,,,,,,,,,,,,,,,,,,
2026-07-02T00:02:57.214676+00:00,2026-07-02T00:02:57.214564,3,2,93.75,0.1,93.7,150,93.4,5,93.3,100,,,,,,,,,,,,,,,93.8,100,94.2,150,,,,,,,,,,,,,,,,
2026-07-02T00:02:57.675851+00:00,2026-07-02T00:02:57.675671,3,2,93.75,0.1,93.7,150,93.4,5,93.3,100,,,,,,,,,,,,,,,93.8,50,94.2,150,,,,,,,,,,,,,,,,
2026-07-02T00:02:57.780988+00:00,2026-07-02T00:02:57.780933,3,2,93.75,0.1,93.7,150,93.4,4,93.3,100,,,,,,,,,,,,,,,93.8,50,94.2,150,,,,,,,,,,,,,,,,
2026-07-02T00:02:58.263956+00:00,2026-07-02T00:02:58.263787,3,2,93.75,0.1,93.7,110,93.4,4,93.3,100,,,,,,,,,,,,,,,93.8,50,94.2,150,,,,,,,,,,,,,,,,
2026-07-02T00:02:58.380566+00:00,2026-07-02T00:02:58.380469,3,2,93.75,0.1,93.7,110,93.4,3,93.3,100,,,,,,,,,,,,,,,93.8,50,94.2,150,,,,,,,,,,,,,,,,
2026-07-02T00:02:58.767858+00:00,2026-07-02T00:02:58.767786,3,2,93.75,0.1,93.7,110,93.4,3,93.3,100,,,,,,,,,,,,,,,93.8,6,94.2,150,,,,,,,,,,,,,,,,
2026-07-02T00:02:58.819047+00:00,2026-07-02T00:02:58.818999,2,1,93.95,0.5,93.7,110,93.4,3,,,,,,,,,,,,,,,,,94.2,150,,,,,,,,,,,,,,,,,,
2026-07-02T00:02:58.876782+00:00,2026-07-02T00:02:58.876916,3,1,93.95,0.5,93.7,110,93.5,100,93.4,3,,,,,,,,,,,,,,,94.2,150,,,,,,,,,,,,,,,,,,
2026-07-02T00:02:58.959063+00:00,2026-07-02T00:02:58.958743,3,2,93.85,0.3,93.7,110,93.5,100,93.4,3,,,,,,,,,,,,,,,94.0,100,94.2,150,,,,,,,,,,,,,,,,
2026-07-02T00:02:59.317840+00:00,2026-07-02T00:02:59.317763,3,2,93.85,0.3,93.7,110,93.5,100,93.4,3,,,,,,,,,,,,,,,94.0,56,94.2,150,,,,,,,,,,,,,,,,
2026-07-02T00:02:59.659181+00:00,2026-07-02T00:02:59.658729,2,2,93.75,0.5,93.5,100,93.4,3,,,,,,,,,,,,,,,,,94.0,56,94.2,150,,,,,,,,,,,,,,,,
2026-07-02T00:02:59.778603+00:00,2026-07-02T00:02:59.778706,2,2,93.75,0.5,93.5,100,93.4,3,,,,,,,,,,,,,,,,,94.0,6,94.2,150,,,,,,,,,,,,,,,,
2026-07-02T00:03:00.269355+00:00,2026-07-02T00:03:00.269147,2,1,93.75,0.5,93.5,100,93.4,3,,,,,,,,,,,,,,,,,94.0,6,,,,,,,,,,,,,,,,,,
2026-07-02T00:03:00.316772+00:00,2026-07-02T00:03:00.316713,3,1,93.75,0.5,93.5,100,93.4,3,92.9,150,,,,,,,,,,,,,,,94.0,6,,,,,,,,,,,,,,,,,,
2026-07-02T00:03:00.374117+00:00,2026-07-02T00:03:00.374208,1,2,93.15,0.5,92.9,150,,,,,,,,,,,,,,,,,,,93.4,47,94.0,6,,,,,,,,,,,,,,,,
2026-07-02T00:03:00.383749+00:00,2026-07-02T00:03:00.378055,1,2,93.15,0.5,92.9,150,,,,,,,,,,,,,,,,,,,93.4,33,94.0,6,,,,,,,,,,,,,,,,
2026-07-02T00:03:00.969135+00:00,2026-07-02T00:03:00.968986,1,1,93.45,1.1,92.9,150,,,,,,,,,,,,,,,,,,,94.0,6,,,,,,,,,,,,,,,,,,
2026-07-02T00:03:01.983313+00:00,2026-07-02T00:03:01.983263,1,0,,,92.9,150,,,,,,,,,,,,,,,,,,,,,,,,,,,,,,,,,,,,,,
2026-07-02T00:03:02.035813+00:00,2026-07-02T00:03:02.035674,2,0,,,93.4,100,92.9,150,,,,,,,,,,,,,,,,,,,,,,,,,,,,,,,,,,,,
2026-07-02T00:03:02.083757+00:00,2026-07-02T00:03:02.083653,2,1,93.65,0.5,93.4,100,92.9,150,,,,,,,,,,,,,,,,,93.9,100,,,,,,,,,,,,,,,,,,
2026-07-02T00:03:03.469209+00:00,2026-07-02T00:03:03.468851,1,1,93.65,0.5,93.4,100,,,,,,,,,,,,,,,,,,,93.9,100,,,,,,,,,,,,,,,,,,
2026-07-02T00:03:03.512360+00:00,2026-07-02T00:03:03.512191,2,1,93.75,0.3,93.6,150,93.4,100,,,,,,,,,,,,,,,,,93.9,100,,,,,,,,,,,,,,,,,,
2026-07-02T00:03:03.564711+00:00,2026-07-02T00:03:03.564485,2,2,93.75,0.3,93.6,150,93.4,100,,,,,,,,,,,,,,,,,93.9,100,94.1,150,,,,,,,,,,,,,,,,
2026-07-02T00:03:03.600449+00:00,2026-07-02T00:03:03.600342,2,2,93.75,0.3,93.6,104,93.4,100,,,,,,,,,,,,,,,,,93.9,100,94.1,150,,,,,,,,,,,,,,,,
2026-07-02T00:03:04.001567+00:00,2026-07-02T00:03:04.001527,2,2,93.75,0.3,93.6,104,93.4,100,,,,,,,,,,,,,,,,,93.9,50,94.1,150,,,,,,,,,,,,,,,,
2026-07-02T00:03:05.136693+00:00,2026-07-02T00:03:05.136919,1,1,93.85,0.5,93.6,104,,,,,,,,,,,,,,,,,,,94.1,150,,,,,,,,,,,,,,,,,,
2026-07-02T00:03:05.196871+00:00,2026-07-02T00:03:05.196722,1,1,93.85,0.5,93.6,204,,,,,,,,,,,,,,,,,,,94.1,150,,,,,,,,,,,,,,,,,,
2026-07-02T00:03:05.264155+00:00,2026-07-02T00:03:05.263880,1,1,93.85,0.5,93.6,204,,,,,,,,,,,,,,,,,,,94.1,250,,,,,,,,,,,,,,,,,,
2026-07-02T00:03:06.121045+00:00,2026-07-02T00:03:06.120910,1,1,93.85,0.5,93.6,204,,,,,,,,,,,,,,,,,,,94.1,200,,,,,,,,,,,,,,,,,,
2026-07-02T00:03:06.621447+00:00,2026-07-02T00:03:06.621389,1,1,93.85,0.5,93.6,100,,,,,,,,,,,,,,,,,,,94.1,100,,,,,,,,,,,,,,,,,,
2026-07-02T00:03:06.674435+00:00,2026-07-02T00:03:06.674352,1,1,93.85,0.5,93.6,250,,,,,,,,,,,,,,,,,,,94.1,100,,,,,,,,,,,,,,,,,,
2026-07-02T00:03:06.758738+00:00,2026-07-02T00:03:06.728172,1,1,93.85,0.5,93.6,250,,,,,,,,,,,,,,,,,,,94.1,250,,,,,,,,,,,,,,,,,,
2026-07-02T00:03:08.263991+00:00,2026-07-02T00:03:08.263872,1,1,93.85,0.5,93.6,205,,,,,,,,,,,,,,,,,,,94.1,250,,,,,,,,,,,,,,,,,,
2026-07-02T00:03:08.307006+00:00,2026-07-02T00:03:08.306954,1,1,93.85,0.5,93.6,155,,,,,,,,,,,,,,,,,,,94.1,150,,,,,,,,,,,,,,,,,,
2026-07-02T00:03:08.312223+00:00,2026-07-02T00:03:08.312121,1,1,93.85,0.5,93.6,150,,,,,,,,,,,,,,,,,,,94.1,150,,,,,,,,,,,,,,,,,,
2026-07-02T00:03:08.363673+00:00,2026-07-02T00:03:08.363901,2,1,93.85,0.5,93.6,150,93.5,100,,,,,,,,,,,,,,,,,94.1,150,,,,,,,,,,,,,,,,,,
2026-07-02T00:03:08.415088+00:00,2026-07-02T00:03:08.415186,2,2,93.8,0.4,93.6,150,93.5,100,,,,,,,,,,,,,,,,,94.0,100,94.1,150,,,,,,,,,,,,,,,,
2026-07-02T00:03:09.390289+00:00,2026-07-02T00:03:09.390207,2,2,93.8,0.4,93.6,150,93.5,100,,,,,,,,,,,,,,,,,94.0,58,94.1,150,,,,,,,,,,,,,,,,
2026-07-02T00:03:09.779336+00:00,2026-07-02T00:03:09.779302,1,1,93.75,0.5,93.5,100,,,,,,,,,,,,,,,,,,,94.0,58,,,,,,,,,,,,,,,,,,
2026-07-02T00:03:09.831348+00:00,2026-07-02T00:03:09.831258,2,1,93.9,0.2,93.8,150,93.5,100,,,,,,,,,,,,,,,,,94.0,58,,,,,,,,,,,,,,,,,,
2026-07-02T00:03:09.884523+00:00,2026-07-02T00:03:09.884451,2,2,93.9,0.2,93.8,150,93.5,100,,,,,,,,,,,,,,,,,94.0,58,94.3,150,,,,,,,,,,,,,,,,
2026-07-02T00:03:10.411955+00:00,2026-07-02T00:03:10.411864,2,2,93.9,0.2,93.8,100,93.5,100,,,,,,,,,,,,,,,,,94.0,58,94.3,150,,,,,,,,,,,,,,,,
2026-07-02T00:03:10.564190+00:00,2026-07-02T00:03:10.564030,3,2,93.9,0.2,93.8,100,93.6,5,93.5,100,,,,,,,,,,,,,,,94.0,58,94.3,150,,,,,,,,,,,,,,,,
2026-07-02T00:03:11.464091+00:00,2026-07-02T00:03:11.464033,2,2,93.8,0.4,93.6,5,93.5,100,,,,,,,,,,,,,,,,,94.0,58,94.3,150,,,,,,,,,,,,,,,,
2026-07-02T00:03:11.469355+00:00,2026-07-02T00:03:11.469285,2,1,93.95,0.7,93.6,5,93.5,100,,,,,,,,,,,,,,,,,94.3,150,,,,,,,,,,,,,,,,,,
2026-07-02T00:03:11.474598+00:00,2026-07-02T00:03:11.474489,1,1,93.95,0.7,93.6,5,,,,,,,,,,,,,,,,,,,94.3,150,,,,,,,,,,,,,,,,,,
2026-07-02T00:03:11.528371+00:00,2026-07-02T00:03:11.528252,2,1,93.95,0.7,93.6,5,93.3,100,,,,,,,,,,,,,,,,,94.3,150,,,,,,,,,,,,,,,,,,
2026-07-02T00:03:11.581606+00:00,2026-07-02T00:03:11.581406,2,2,93.7,0.2,93.6,5,93.3,100,,,,,,,,,,,,,,,,,93.8,100,94.3,150,,,,,,,,,,,,,,,,
2026-07-02T00:03:11.658734+00:00,2026-07-02T00:03:11.637423,2,2,93.7,0.2,93.6,2,93.3,100,,,,,,,,,,,,,,,,,93.8,100,94.3,150,,,,,,,,,,,,,,,,
2026-07-02T00:03:12.564594+00:00,2026-07-02T00:03:12.564270,1,2,93.55,0.5,93.3,52,,,,,,,,,,,,,,,,,,,93.8,100,94.3,150,,,,,,,,,,,,,,,,
2026-07-02T00:03:12.938506+00:00,2026-07-02T00:03:12.958677,1,1,93.55,0.5,93.3,52,,,,,,,,,,,,,,,,,,,93.8,100,,,,,,,,,,,,,,,,,,
2026-07-02T00:03:12.990844+00:00,2026-07-02T00:03:12.990753,2,1,93.55,0.5,93.3,52,92.9,150,,,,,,,,,,,,,,,,,93.8,100,,,,,,,,,,,,,,,,,,
2026-07-02T00:03:13.063662+00:00,2026-07-02T00:03:13.063809,2,2,93.35,0.1,93.3,52,92.9,150,,,,,,,,,,,,,,,,,93.4,150,93.8,100,,,,,,,,,,,,,,,,
2026-07-02T00:03:14.064147+00:00,2026-07-02T00:03:14.063994,2,2,93.35,0.1,93.3,52,92.9,150,,,,,,,,,,,,,,,,,93.4,102,93.8,100,,,,,,,,,,,,,,,,
2026-07-02T00:03:14.632860+00:00,2026-07-02T00:03:14.632584,1,1,93.15,0.5,92.9,150,,,,,,,,,,,,,,,,,,,93.4,102,,,,,,,,,,,,,,,,,,
2026-07-02T00:03:14.659074+00:00,2026-07-02T00:03:14.658760,1,1,93.15,0.5,92.9,100,,,,,,,,,,,,,,,,,,,93.4,102,,,,,,,,,,,,,,,,,,
2026-07-02T00:03:14.691482+00:00,2026-07-02T00:03:14.691409,2,1,93.3,0.2,93.2,100,92.9,100,,,,,,,,,,,,,,,,,93.4,102,,,,,,,,,,,,,,,,,,
2026-07-02T00:03:14.707156+00:00,2026-07-02T00:03:14.707123,2,1,93.3,0.2,93.2,100,92.9,100,,,,,,,,,,,,,,,,,93.4,56,,,,,,,,,,,,,,,,,,
2026-07-02T00:03:14.764351+00:00,2026-07-02T00:03:14.764218,2,2,93.3,0.2,93.2,54,92.9,100,,,,,,,,,,,,,,,,,93.4,56,93.7,100,,,,,,,,,,,,,,,,
2026-07-02T00:03:15.685647+00:00,2026-07-02T00:03:15.685541,2,2,93.3,0.2,93.2,54,92.9,100,,,,,,,,,,,,,,,,,93.4,51,93.7,100,,,,,,,,,,,,,,,,
2026-07-02T00:03:15.758692+00:00,2026-07-02T00:03:15.734448,2,2,93.3,0.2,93.2,54,92.9,100,,,,,,,,,,,,,,,,,93.4,46,93.7,100,,,,,,,,,,,,,,,,
2026-07-02T00:03:16.004602+00:00,2026-07-02T00:03:16.004481,2,2,93.3,0.2,93.2,54,92.9,100,,,,,,,,,,,,,,,,,93.4,41,93.7,100,,,,,,,,,,,,,,,,
2026-07-02T00:03:16.101521+00:00,2026-07-02T00:03:16.101392,1,1,93.45,0.5,93.2,54,,,,,,,,,,,,,,,,,,,93.7,100,,,,,,,,,,,,,,,,,,
2026-07-02T00:03:16.163676+00:00,2026-07-02T00:03:16.164425,2,1,93.45,0.5,93.2,54,93.1,150,,,,,,,,,,,,,,,,,93.7,100,,,,,,,,,,,,,,,,,,
2026-07-02T00:03:16.258586+00:00,2026-07-02T00:03:16.225001,2,2,93.4,0.4,93.2,54,93.1,150,,,,,,,,,,,,,,,,,93.6,150,93.7,100,,,,,,,,,,,,,,,,
2026-07-02T00:03:16.780480+00:00,2026-07-02T00:03:16.778778,3,2,93.55,0.1,93.5,5,93.2,54,93.1,150,,,,,,,,,,,,,,,93.6,150,93.7,100,,,,,,,,,,,,,,,,
2026-07-02T00:03:16.785774+00:00,2026-07-02T00:03:16.785687,2,2,93.4,0.4,93.2,9,93.1,150,,,,,,,,,,,,,,,,,93.6,150,93.7,100,,,,,,,,,,,,,,,,
2026-07-02T00:03:16.858605+00:00,2026-07-02T00:03:16.837087,3,2,93.5,0.2,93.4,5,93.2,9,93.1,150,,,,,,,,,,,,,,,93.6,150,93.7,100,,,,,,,,,,,,,,,,
2026-07-02T00:03:17.799173+00:00,2026-07-02T00:03:17.799054,2,1,93.5,0.2,93.4,5,93.1,150,,,,,,,,,,,,,,,,,93.6,150,,,,,,,,,,,,,,,,,,
2026-07-02T00:03:17.863876+00:00,2026-07-02T00:03:17.863795,3,1,93.5,0.2,93.4,5,93.1,150,92.9,100,,,,,,,,,,,,,,,93.6,150,,,,,,,,,,,,,,,,,,
2026-07-02T00:03:17.906737+00:00,2026-07-02T00:03:17.906666,2,2,93.25,0.3,93.1,150,92.9,100,,,,,,,,,,,,,,,,,93.4,95,93.6,150,,,,,,,,,,,,,,,,
2026-07-02T00:03:18.558573+00:00,2026-07-02T00:03:18.535384,2,2,93.25,0.3,93.1,150,92.9,100,,,,,,,,,,,,,,,,,93.4,50,93.6,150,,,,,,,,,,,,,,,,
2026-07-02T00:03:18.885826+00:00,2026-07-02T00:03:18.885722,2,2,93.25,0.3,93.1,100,92.9,100,,,,,,,,,,,,,,,,,93.4,50,93.6,150,,,,,,,,,,,,,,,,
2026-07-02T00:03:19.274469+00:00,2026-07-02T00:03:19.274374,1,1,93.15,0.5,92.9,100,,,,,,,,,,,,,,,,,,,93.4,50,,,,,,,,,,,,,,,,,,
2026-07-02T00:03:19.358696+00:00,2026-07-02T00:03:19.332212,2,1,93.15,0.5,92.9,100,92.8,150,,,,,,,,,,,,,,,,,93.4,50,,,,,,,,,,,,,,,,,,
2026-07-02T00:03:19.386582+00:00,2026-07-02T00:03:19.386401,2,2,93.1,0.4,92.9,100,92.8,150,,,,,,,,,,,,,,,,,93.3,150,93.4,50,,,,,,,,,,,,,,,,
2026-07-02T00:03:20.621758+00:00,2026-07-02T00:03:20.621689,2,3,93.1,0.4,92.9,100,92.8,150,,,,,,,,,,,,,,,,,93.3,150,93.4,50,93.7,5,,,,,,,,,,,,,,
2026-07-02T00:03:20.958723+00:00,2026-07-02T00:03:20.938243,2,3,93.1,0.4,92.9,100,92.8,150,,,,,,,,,,,,,,,,,93.3,100,93.4,50,93.7,5,,,,,,,,,,,,,,
2026-07-02T00:03:20.963808+00:00,2026-07-02T00:03:20.963775,1,2,93.05,0.5,92.8,150,,,,,,,,,,,,,,,,,,,93.3,100,93.7,5,,,,,,,,,,,,,,,,
2026-07-02T00:03:21.058596+00:00,2026-07-02T00:03:21.027317,2,2,93.15,0.3,93.0,100,92.8,150,,,,,,,,,,,,,,,,,93.3,100,93.7,5,,,,,,,,,,,,,,,,
2026-07-02T00:03:21.074307+00:00,2026-07-02T00:03:21.074147,2,3,93.15,0.3,93.0,100,92.8,150,,,,,,,,,,,,,,,,,93.3,100,93.5,100,93.7,5,,,,,,,,,,,,,,
2026-07-02T00:03:21.800721+00:00,2026-07-02T00:03:21.800427,2,3,93.15,0.3,93.0,100,92.8,150,,,,,,,,,,,,,,,,,93.3,100,93.5,100,93.7,4,,,,,,,,,,,,,,
2026-07-02T00:03:21.969621+00:00,2026-07-02T00:03:21.969507,2,2,93.25,0.5,93.0,100,92.8,150,,,,,,,,,,,,,,,,,93.5,100,93.7,4,,,,,,,,,,,,,,,,
2026-07-02T00:03:22.358811+00:00,2026-07-02T00:03:22.331736,3,2,93.4,0.2,93.3,2,93.0,100,92.8,150,,,,,,,,,,,,,,,93.5,100,93.7,4,,,,,,,,,,,,,,,,
2026-07-02T00:03:22.458611+00:00,2026-07-02T00:03:22.435365,2,2,93.4,0.2,93.3,2,93.0,100,,,,,,,,,,,,,,,,,93.5,100,93.7,4,,,,,,,,,,,,,,,,
2026-07-02T00:03:22.488096+00:00,2026-07-02T00:03:22.487932,2,2,93.4,0.2,93.3,1,93.0,100,,,,,,,,,,,,,,,,,93.5,100,93.7,4,,,,,,,,,,,,,,,,
2026-07-02T00:03:22.493233+00:00,2026-07-02T00:03:22.493143,3,1,93.6,0.2,93.5,50,93.3,1,93.0,100,,,,,,,,,,,,,,,93.7,4,,,,,,,,,,,,,,,,,,
2026-07-02T00:03:22.558550+00:00,2026-07-02T00:03:22.544374,3,2,93.6,0.2,93.5,50,93.3,1,93.0,100,,,,,,,,,,,,,,,93.7,4,94.0,150,,,,,,,,,,,,,,,,
2026-07-02T00:03:23.018338+00:00,2026-07-02T00:03:23.018316,3,2,93.6,0.2,93.5,6,93.3,1,93.0,100,,,,,,,,,,,,,,,93.7,4,94.0,150,,,,,,,,,,,,,,,,
2026-07-02T00:03:23.759047+00:00,2026-07-02T00:03:23.758879,2,2,93.6,0.2,93.5,6,93.0,100,,,,,,,,,,,,,,,,,93.7,4,94.0,150,,,,,,,,,,,,,,,,
2026-07-02T00:03:24.158795+00:00,2026-07-02T00:03:24.122931,1,2,93.6,0.2,93.5,6,,,,,,,,,,,,,,,,,,,93.7,4,94.0,150,,,,,,,,,,,,,,,,
2026-07-02T00:03:24.175909+00:00,2026-07-02T00:03:24.175767,2,2,93.6,0.2,93.5,6,93.3,100,,,,,,,,,,,,,,,,,93.7,4,94.0,150,,,,,,,,,,,,,,,,
2026-07-02T00:03:24.231684+00:00,2026-07-02T00:03:24.231620,2,3,93.6,0.2,93.5,6,93.3,100,,,,,,,,,,,,,,,,,93.7,4,93.8,100,94.0,150,,,,,,,,,,,,,,
2026-07-02T00:03:24.469314+00:00,2026-07-02T00:03:24.469110,1,3,93.5,0.4,93.3,61,,,,,,,,,,,,,,,,,,,93.7,4,93.8,100,94.0,150,,,,,,,,,,,,,,
2026-07-02T00:03:25.063942+00:00,2026-07-02T00:03:25.063791,1,3,93.5,0.4,93.3,15,,,,,,,,,,,,,,,,,,,93.7,4,93.8,100,94.0,150,,,,,,,,,,,,,,
2026-07-02T00:03:25.258782+00:00,2026-07-02T00:03:25.226076,0,3,,,,,,,,,,,,,,,,,,,,,,,93.7,4,93.8,100,94.0,150,,,,,,,,,,,,,,
2026-07-02T00:03:25.604033+00:00,2026-07-02T00:03:25.603957,0,2,,,,,,,,,,,,,,,,,,,,,,,93.7,4,93.8,100,,,,,,,,,,,,,,,,
2026-07-02T00:03:25.664110+00:00,2026-07-02T00:03:25.663848,1,2,93.15,1.1,92.6,150,,,,,,,,,,,,,,,,,,,93.7,4,93.8,100,,,,,,,,,,,,,,,,
2026-07-02T00:03:25.710475+00:00,2026-07-02T00:03:25.710327,1,3,92.85,0.5,92.6,150,,,,,,,,,,,,,,,,,,,93.1,150,93.7,4,93.8,100,,,,,,,,,,,,,,
2026-07-02T00:03:25.895953+00:00,2026-07-02T00:03:25.895896,1,3,92.85,0.5,92.6,150,,,,,,,,,,,,,,,,,,,93.1,148,93.7,4,93.8,100,,,,,,,,,,,,,,
2026-07-02T00:03:25.917969+00:00,2026-07-02T00:03:25.917883,1,3,92.85,0.5,92.6,150,,,,,,,,,,,,,,,,,,,93.1,87,93.7,4,93.8,100,,,,,,,,,,,,,,
2026-07-02T00:03:25.969210+00:00,2026-07-02T00:03:25.968890,1,2,92.85,0.5,92.6,150,,,,,,,,,,,,,,,,,,,93.1,87,93.8,100,,,,,,,,,,,,,,,,
2026-07-02T00:03:26.058562+00:00,2026-07-02T00:03:26.036974,1,3,92.85,0.5,92.6,150,,,,,,,,,,,,,,,,,,,93.1,87,93.5,6,93.8,100,,,,,,,,,,,,,,
2026-07-02T00:03:26.884586+00:00,2026-07-02T00:03:26.878597,1,3,92.85,0.5,92.6,150,,,,,,,,,,,,,,,,,,,93.1,85,93.5,6,93.8,100,,,,,,,,,,,,,,
2026-07-02T00:03:27.079864+00:00,2026-07-02T00:03:27.072805,1,3,92.85,0.5,92.6,150,,,,,,,,,,,,,,,,,,,93.1,40,93.5,6,93.8,100,,,,,,,,,,,,,,
2026-07-02T00:03:27.286399+00:00,2026-07-02T00:03:27.286347,1,2,92.85,0.5,92.6,150,,,,,,,,,,,,,,,,,,,93.1,40,93.5,6,,,,,,,,,,,,,,,,
2026-07-02T00:03:27.358891+00:00,2026-07-02T00:03:27.358796,1,2,92.85,0.5,92.6,100,,,,,,,,,,,,,,,,,,,93.1,40,93.5,6,,,,,,,,,,,,,,,,
2026-07-02T00:03:27.364147+00:00,2026-07-02T00:03:27.363983,2,2,92.9,0.4,92.7,100,92.6,100,,,,,,,,,,,,,,,,,93.1,40,93.5,6,,,,,,,,,,,,,,,,
2026-07-02T00:03:27.395568+00:00,2026-07-02T00:03:27.395730,2,3,92.9,0.4,92.7,100,92.6,100,,,,,,,,,,,,,,,,,93.1,40,93.2,100,93.5,6,,,,,,,,,,,,,,
2026-07-02T00:03:28.763967+00:00,2026-07-02T00:03:28.763839,1,2,92.95,0.5,92.7,100,,,,,,,,,,,,,,,,,,,93.2,100,93.5,6,,,,,,,,,,,,,,,,
2026-07-02T00:03:28.818313+00:00,2026-07-02T00:03:28.818263,1,2,92.95,0.5,92.7,250,,,,,,,,,,,,,,,,,,,93.2,100,93.5,6,,,,,,,,,,,,,,,,
2026-07-02T00:03:28.890083+00:00,2026-07-02T00:03:28.889969,1,2,92.95,0.5,92.7,250,,,,,,,,,,,,,,,,,,,93.2,250,93.5,6,,,,,,,,,,,,,,,,
2026-07-02T00:03:30.464319+00:00,2026-07-02T00:03:30.464167,1,2,92.95,0.5,92.7,150,,,,,,,,,,,,,,,,,,,93.2,150,93.5,6,,,,,,,,,,,,,,,,
2026-07-02T00:03:30.506684+00:00,2026-07-02T00:03:30.506538,1,2,92.95,0.5,92.7,250,,,,,,,,,,,,,,,,,,,93.2,150,93.5,6,,,,,,,,,,,,,,,,
2026-07-02T00:03:30.569444+00:00,2026-07-02T00:03:30.569318,1,2,92.95,0.5,92.7,250,,,,,,,,,,,,,,,,,,,93.2,250,93.5,5,,,,,,,,,,,,,,,,
2026-07-02T00:03:31.502838+00:00,2026-07-02T00:03:31.502945,1,2,92.95,0.5,92.7,250,,,,,,,,,,,,,,,,,,,93.2,200,93.5,5,,,,,,,,,,,,,,,,
2026-07-02T00:03:31.964135+00:00,2026-07-02T00:03:31.964066,1,2,92.95,0.5,92.7,100,,,,,,,,,,,,,,,,,,,93.2,100,93.5,5,,,,,,,,,,,,,,,,
2026-07-02T00:03:32.004965+00:00,2026-07-02T00:03:32.004854,2,2,93.1,0.2,93.0,150,92.7,100,,,,,,,,,,,,,,,,,93.2,100,93.5,5,,,,,,,,,,,,,,,,
2026-07-02T00:03:32.010115+00:00,2026-07-02T00:03:32.010062,2,1,93.1,0.2,93.0,150,92.7,100,,,,,,,,,,,,,,,,,93.2,100,,,,,,,,,,,,,,,,,,
2026-07-02T00:03:32.063805+00:00,2026-07-02T00:03:32.063740,2,2,93.1,0.2,93.0,150,92.7,100,,,,,,,,,,,,,,,,,93.2,100,93.5,150,,,,,,,,,,,,,,,,
2026-07-02T00:03:32.576052+00:00,2026-07-02T00:03:32.565537,2,3,93.1,0.2,93.0,151,92.7,100,,,,,,,,,,,,,,,,,93.2,100,93.3,5,93.5,150,,,,,,,,,,,,,,
2026-07-02T00:03:33.183782+00:00,2026-07-02T00:03:33.183637,2,3,93.1,0.2,93.0,151,92.7,100,,,,,,,,,,,,,,,,,93.2,100,93.3,4,93.5,150,,,,,,,,,,,,,,
2026-07-02T00:03:33.213332+00:00,2026-07-02T00:03:33.207460,2,3,93.1,0.2,93.0,148,92.7,100,,,,,,,,,,,,,,,,,93.2,100,93.3,4,93.5,150,,,,,,,,,,,,,,
2026-07-02T00:03:33.610772+00:00,2026-07-02T00:03:33.610710,2,2,93.15,0.3,93.0,148,92.7,100,,,,,,,,,,,,,,,,,93.3,4,93.5,150,,,,,,,,,,,,,,,,
2026-07-02T00:03:33.616065+00:00,2026-07-02T00:03:33.615890,1,2,93.15,0.3,93.0,148,,,,,,,,,,,,,,,,,,,93.3,4,93.5,150,,,,,,,,,,,,,,,,
2026-07-02T00:03:33.621034+00:00,2026-07-02T00:03:33.621121,1,1,93.25,0.5,93.0,148,,,,,,,,,,,,,,,,,,,93.5,104,,,,,,,,,,,,,,,,,,
2026-07-02T00:03:33.670841+00:00,2026-07-02T00:03:33.670733,2,1,93.25,0.5,93.0,148,92.7,100,,,,,,,,,,,,,,,,,93.5,104,,,,,,,,,,,,,,,,,,
2026-07-02T00:03:33.758744+00:00,2026-07-02T00:03:33.728115,2,2,93.1,0.2,93.0,148,92.7,100,,,,,,,,,,,,,,,,,93.2,100,93.5,104,,,,,,,,,,,,,,,,
2026-07-02T00:03:35.118124+00:00,2026-07-02T00:03:35.118044,2,1,93.1,0.2,93.0,1,92.7,100,,,,,,,,,,,,,,,,,93.2,100,,,,,,,,,,,,,,,,,,
2026-07-02T00:03:35.174232+00:00,2026-07-02T00:03:35.174097,3,1,93.15,0.1,93.1,150,93.0,1,92.7,100,,,,,,,,,,,,,,,93.2,100,,,,,,,,,,,,,,,,,,
2026-07-02T00:03:35.227065+00:00,2026-07-02T00:03:35.226946,3,2,93.15,0.1,93.1,150,93.0,1,92.7,100,,,,,,,,,,,,,,,93.2,100,93.6,150,,,,,,,,,,,,,,,,
2026-07-02T00:03:35.258591+00:00,2026-07-02T00:03:35.238411,2,2,93.15,0.1,93.1,150,92.7,100,,,,,,,,,,,,,,,,,93.2,100,93.6,150,,,,,,,,,,,,,,,,
2026-07-02T00:03:35.726964+00:00,2026-07-02T00:03:35.726917,2,2,93.15,0.1,93.1,150,92.7,100,,,,,,,,,,,,,,,,,93.2,50,93.6,150,,,,,,,,,,,,,,,,
2026-07-02T00:03:36.727251+00:00,2026-07-02T00:03:36.727122,2,3,93.15,0.1,93.1,150,92.7,100,,,,,,,,,,,,,,,,,93.2,50,93.3,6,93.6,150,,,,,,,,,,,,,,
2026-07-02T00:03:36.790282+00:00,2026-07-02T00:03:36.790161,1,2,93.2,0.2,93.1,150,,,,,,,,,,,,,,,,,,,93.3,6,93.6,150,,,,,,,,,,,,,,,,
2026-07-02T00:03:36.863897+00:00,2026-07-02T00:03:36.863811,2,2,93.2,0.2,93.1,150,92.8,100,,,,,,,,,,,,,,,,,93.3,6,93.6,150,,,,,,,,,,,,,,,,
2026-07-02T00:03:36.897672+00:00,2026-07-02T00:03:36.897400,2,2,93.2,0.2,93.1,150,92.8,100,,,,,,,,,,,,,,,,,93.3,106,93.6,150,,,,,,,,,,,,,,,,
2026-07-02T00:03:37.834537+00:00,2026-07-02T00:03:37.834404,2,2,93.2,0.2,93.1,150,92.8,100,,,,,,,,,,,,,,,,,93.3,56,93.6,150,,,,,,,,,,,,,,,,
2026-07-02T00:03:38.282863+00:00,2026-07-02T00:03:38.282743,1,1,93.05,0.5,92.8,100,,,,,,,,,,,,,,,,,,,93.3,56,,,,,,,,,,,,,,,,,,
2026-07-02T00:03:38.358614+00:00,2026-07-02T00:03:38.333277,2,1,93.2,0.2,93.1,150,92.8,100,,,,,,,,,,,,,,,,,93.3,56,,,,,,,,,,,,,,,,,,
2026-07-02T00:03:38.391789+00:00,2026-07-02T00:03:38.391667,2,2,93.2,0.2,93.1,150,92.8,100,,,,,,,,,,,,,,,,,93.3,56,93.6,150,,,,,,,,,,,,,,,,
2026-07-02T00:03:38.664295+00:00,2026-07-02T00:03:38.664129,2,2,93.2,0.2,93.1,150,92.8,100,,,,,,,,,,,,,,,,,93.3,61,93.6,150,,,,,,,,,,,,,,,,
2026-07-02T00:03:39.963973+00:00,2026-07-02T00:03:39.963887,1,2,93.2,0.2,93.1,150,,,,,,,,,,,,,,,,,,,93.3,5,93.6,150,,,,,,,,,,,,,,,,
2026-07-02T00:03:40.011012+00:00,2026-07-02T00:03:40.010952,1,2,93.2,0.2,93.1,250,,,,,,,,,,,,,,,,,,,93.3,5,93.6,150,,,,,,,,,,,,,,,,
2026-07-02T00:03:40.065494+00:00,2026-07-02T00:03:40.065380,1,2,93.2,0.2,93.1,250,,,,,,,,,,,,,,,,,,,93.3,5,93.6,250,,,,,,,,,,,,,,,,
2026-07-02T00:03:40.395817+00:00,2026-07-02T00:03:40.395615,1,1,93.35,0.5,93.1,250,,,,,,,,,,,,,,,,,,,93.6,210,,,,,,,,,,,,,,,,,,
2026-07-02T00:03:40.696512+00:00,2026-07-02T00:03:40.696397,1,2,93.25,0.3,93.1,250,,,,,,,,,,,,,,,,,,,93.4,5,93.6,210,,,,,,,,,,,,,,,,
2026-07-02T00:03:41.369098+00:00,2026-07-02T00:03:41.368990,1,1,93.35,0.5,93.1,250,,,,,,,,,,,,,,,,,,,93.6,210,,,,,,,,,,,,,,,,,,
2026-07-02T00:03:41.440302+00:00,2026-07-02T00:03:41.440190,1,1,93.35,0.5,93.1,250,,,,,,,,,,,,,,,,,,,93.6,100,,,,,,,,,,,,,,,,,,
2026-07-02T00:03:41.445262+00:00,2026-07-02T00:03:41.445334,1,1,93.35,0.5,93.1,100,,,,,,,,,,,,,,,,,,,93.6,100,,,,,,,,,,,,,,,,,,
