recv_time,book_timestamp,n_bids,n_asks,mid,spread,bid_px_0,bid_vol_0,bid_px_1,bid_vol_1,bid_px_2,bid_vol_2,bid_px_3,bid_vol_3,bid_px_4,bid_vol_4,bid_px_5,bid_vol_5,bid_px_6,bid_vol_6,bid_px_7,bid_vol_7,bid_px_8,bid_vol_8,bid_px_9,bid_vol_9,ask_px_0,ask_vol_0,ask_px_1,ask_vol_1,ask_px_2,ask_vol_2,ask_px_3,ask_vol_3,ask_px_4,ask_vol_4,ask_px_5,ask_vol_5,ask_px_6,ask_vol_6,ask_px_7,ask_vol_7,ask_px_8,ask_vol_8,ask_px_9,ask_vol_9
2026-07-03T01:00:00.125168+00:00,2026-07-03T01:00:00.109871,1,1,111.25,0.5,111.0,200,,,,,,,,,,,,,,,,,,,111.5,250,,,,,,,,,,,,,,,,,,
2026-07-03T01:00:00.200534+00:00,2026-07-03T01:00:00.190711,1,1,111.25,0.5,111.0,200,,,,,,,,,,,,,,,,,,,111.5,204,,,,,,,,,,,,,,,,,,
2026-07-03T01:00:01.160420+00:00,2026-07-03T01:00:01.139069,1,1,111.25,0.5,111.0,100,,,,,,,,,,,,,,,,,,,111.5,100,,,,,,,,,,,,,,,,,,
2026-07-03T01:00:01.203443+00:00,2026-07-03T01:00:01.203369,2,1,111.25,0.5,111.0,100,110.7,150,,,,,,,,,,,,,,,,,111.5,100,,,,,,,,,,,,,,,,,,
2026-07-03T01:00:01.267247+00:00,2026-07-03T01:00:01.260678,2,2,111.1,0.2,111.0,100,110.7,150,,,,,,,,,,,,,,,,,111.2,139,111.5,100,,,,,,,,,,,,,,,,
2026-07-03T01:00:01.668253+00:00,2026-07-03T01:00:01.668197,2,2,111.1,0.2,111.0,100,110.7,150,,,,,,,,,,,,,,,,,111.2,95,111.5,100,,,,,,,,,,,,,,,,
2026-07-03T01:00:01.741727+00:00,2026-07-03T01:00:01.724150,2,2,111.1,0.2,111.0,100,110.7,150,,,,,,,,,,,,,,,,,111.2,92,111.5,100,,,,,,,,,,,,,,,,
2026-07-03T01:00:02.276722+00:00,2026-07-03T01:00:02.270436,2,1,110.95,0.5,110.7,100,110.6,100,,,,,,,,,,,,,,,,,111.2,92,,,,,,,,,,,,,,,,,,
2026-07-03T01:00:02.357496+00:00,2026-07-03T01:00:02.357290,2,2,110.9,0.4,110.7,100,110.6,100,,,,,,,,,,,,,,,,,111.1,100,111.2,92,,,,,,,,,,,,,,,,
2026-07-03T01:00:04.309551+00:00,2026-07-03T01:00:04.309443,1,1,110.85,0.5,110.6,100,,,,,,,,,,,,,,,,,,,111.1,100,,,,,,,,,,,,,,,,,,
2026-07-03T01:00:04.333013+00:00,2026-07-03T01:00:04.332875,1,1,110.85,0.5,110.6,50,,,,,,,,,,,,,,,,,,,111.1,100,,,,,,,,,,,,,,,,,,
2026-07-03T01:00:04.368958+00:00,2026-07-03T01:00:04.368817,2,1,111.05,0.1,111.0,150,110.6,50,,,,,,,,,,,,,,,,,111.1,100,,,,,,,,,,,,,,,,,,
2026-07-03T01:00:04.423838+00:00,2026-07-03T01:00:04.423764,2,2,111.05,0.1,111.0,150,110.6,50,,,,,,,,,,,,,,,,,111.1,100,111.5,150,,,,,,,,,,,,,,,,
2026-07-03T01:00:05.403066+00:00,2026-07-03T01:00:05.403035,1,1,111.25,0.5,111.0,150,,,,,,,,,,,,,,,,,,,111.5,150,,,,,,,,,,,,,,,,,,
2026-07-03T01:00:05.461013+00:00,2026-07-03T01:00:05.460912,2,1,111.25,0.5,111.0,150,110.7,100,,,,,,,,,,,,,,,,,111.5,150,,,,,,,,,,,,,,,,,,
2026-07-03T01:00:05.514648+00:00,2026-07-03T01:00:05.514491,2,2,111.1,0.2,111.0,150,110.7,100,,,,,,,,,,,,,,,,,111.2,100,111.5,150,,,,,,,,,,,,,,,,
2026-07-03T01:00:06.458560+00:00,2026-07-03T01:00:06.457847,2,2,111.1,0.2,111.0,100,110.7,100,,,,,,,,,,,,,,,,,111.2,100,111.5,150,,,,,,,,,,,,,,,,
2026-07-03T01:00:07.000477+00:00,2026-07-03T01:00:06.989644,2,2,111.1,0.2,111.0,100,110.7,100,,,,,,,,,,,,,,,,,111.2,97,111.5,150,,,,,,,,,,,,,,,,
2026-07-03T01:00:07.479694+00:00,2026-07-03T01:00:07.479581,1,1,110.95,0.5,110.7,100,,,,,,,,,,,,,,,,,,,111.2,97,,,,,,,,,,,,,,,,,,
2026-07-03T01:00:07.534954+00:00,2026-07-03T01:00:07.534850,2,1,111.1,0.2,111.0,150,110.7,100,,,,,,,,,,,,,,,,,111.2,97,,,,,,,,,,,,,,,,,,
2026-07-03T01:00:07.587997+00:00,2026-07-03T01:00:07.587884,2,2,111.1,0.2,111.0,150,110.7,100,,,,,,,,,,,,,,,,,111.2,97,111.5,150,,,,,,,,,,,,,,,,
2026-07-03T01:00:08.569251+00:00,2026-07-03T01:00:08.569138,1,1,111.25,0.5,111.0,150,,,,,,,,,,,,,,,,,,,111.5,150,,,,,,,,,,,,,,,,,,
2026-07-03T01:00:08.625349+00:00,2026-07-03T01:00:08.625448,1,1,111.25,0.5,111.0,250,,,,,,,,,,,,,,,,,,,111.5,150,,,,,,,,,,,,,,,,,,
2026-07-03T01:00:08.679218+00:00,2026-07-03T01:00:08.679308,1,1,111.25,0.5,111.0,250,,,,,,,,,,,,,,,,,,,111.5,250,,,,,,,,,,,,,,,,,,
2026-07-03T01:00:10.580761+00:00,2026-07-03T01:00:10.580605,1,1,111.25,0.5,111.0,202,,,,,,,,,,,,,,,,,,,111.5,250,,,,,,,,,,,,,,,,,,
2026-07-03T01:00:10.618307+00:00,2026-07-03T01:00:10.618231,1,1,111.25,0.5,111.0,202,,,,,,,,,,,,,,,,,,,111.5,200,,,,,,,,,,,,,,,,,,
2026-07-03T01:00:10.642218+00:00,2026-07-03T01:00:10.642129,1,1,111.25,0.5,111.0,100,,,,,,,,,,,,,,,,,,,111.5,100,,,,,,,,,,,,,,,,,,
2026-07-03T01:00:10.695778+00:00,2026-07-03T01:00:10.695742,2,1,111.3,0.4,111.1,150,111.0,100,,,,,,,,,,,,,,,,,111.5,100,,,,,,,,,,,,,,,,,,
2026-07-03T01:00:10.748121+00:00,2026-07-03T01:00:10.748018,2,2,111.3,0.4,111.1,150,111.0,100,,,,,,,,,,,,,,,,,111.5,100,111.6,150,,,,,,,,,,,,,,,,
2026-07-03T01:00:11.731204+00:00,2026-07-03T01:00:11.731352,1,1,111.35,0.5,111.1,150,,,,,,,,,,,,,,,,,,,111.6,150,,,,,,,,,,,,,,,,,,
2026-07-03T01:00:11.788386+00:00,2026-07-03T01:00:11.788248,2,1,111.4,0.4,111.2,100,111.1,150,,,,,,,,,,,,,,,,,111.6,150,,,,,,,,,,,,,,,,,,
2026-07-03T01:00:11.841181+00:00,2026-07-03T01:00:11.841016,2,2,111.4,0.4,111.2,100,111.1,150,,,,,,,,,,,,,,,,,111.6,150,111.7,100,,,,,,,,,,,,,,,,
2026-07-03T01:00:12.586013+00:00,2026-07-03T01:00:12.585942,2,2,111.4,0.4,111.2,100,111.1,150,,,,,,,,,,,,,,,,,111.6,104,111.7,100,,,,,,,,,,,,,,,,
2026-07-03T01:00:12.727310+00:00,2026-07-03T01:00:12.727219,2,2,111.4,0.4,111.2,100,111.1,150,,,,,,,,,,,,,,,,,111.6,54,111.7,100,,,,,,,,,,,,,,,,
2026-07-03T01:00:13.801300+00:00,2026-07-03T01:00:13.801237,1,1,111.45,0.5,111.2,100,,,,,,,,,,,,,,,,,,,111.7,100,,,,,,,,,,,,,,,,,,
2026-07-03T01:00:13.864163+00:00,2026-07-03T01:00:13.863872,2,0,,,111.7,50,111.2,100,,,,,,,,,,,,,,,,,,,,,,,,,,,,,,,,,,,,
2026-07-03T01:00:13.908643+00:00,2026-07-03T01:00:13.908498,2,1,111.95,0.5,111.7,50,111.2,100,,,,,,,,,,,,,,,,,112.2,150,,,,,,,,,,,,,,,,,,
2026-07-03T01:00:14.222945+00:00,2026-07-03T01:00:14.222920,2,1,111.95,0.5,111.7,10,111.2,100,,,,,,,,,,,,,,,,,112.2,150,,,,,,,,,,,,,,,,,,
2026-07-03T01:00:14.832838+00:00,2026-07-03T01:00:14.832784,2,1,111.95,0.5,111.7,10,111.2,100,,,,,,,,,,,,,,,,,112.2,100,,,,,,,,,,,,,,,,,,
2026-07-03T01:00:14.861821+00:00,2026-07-03T01:00:14.853693,2,1,111.95,0.5,111.7,7,111.2,100,,,,,,,,,,,,,,,,,112.2,100,,,,,,,,,,,,,,,,,,
2026-07-03T01:00:14.895622+00:00,2026-07-03T01:00:14.895531,1,1,111.95,0.5,111.7,7,,,,,,,,,,,,,,,,,,,112.2,100,,,,,,,,,,,,,,,,,,
2026-07-03T01:00:14.947892+00:00,2026-07-03T01:00:14.947769,2,1,111.95,0.5,111.7,7,111.6,100,,,,,,,,,,,,,,,,,112.2,100,,,,,,,,,,,,,,,,,,
2026-07-03T01:00:15.000514+00:00,2026-07-03T01:00:15.000674,2,2,111.9,0.4,111.7,7,111.6,100,,,,,,,,,,,,,,,,,112.1,100,112.2,100,,,,,,,,,,,,,,,,
2026-07-03T01:00:15.758652+00:00,2026-07-03T01:00:15.674798,1,2,111.85,0.5,111.6,63,,,,,,,,,,,,,,,,,,,112.1,100,112.2,100,,,,,,,,,,,,,,,,
2026-07-03T01:00:16.940219+00:00,2026-07-03T01:00:16.940142,1,2,111.85,0.5,111.6,63,,,,,,,,,,,,,,,,,,,112.1,50,112.2,100,,,,,,,,,,,,,,,,
2026-07-03T01:00:16.958608+00:00,2026-07-03T01:00:16.956770,1,1,111.85,0.5,111.6,63,,,,,,,,,,,,,,,,,,,112.1,50,,,,,,,,,,,,,,,,,,
2026-07-03T01:00:17.019357+00:00,2026-07-03T01:00:17.019265,2,1,111.85,0.5,111.6,63,111.4,150,,,,,,,,,,,,,,,,,112.1,50,,,,,,,,,,,,,,,,,,
2026-07-03T01:00:17.074981+00:00,2026-07-03T01:00:17.074893,2,2,111.75,0.3,111.6,63,111.4,150,,,,,,,,,,,,,,,,,111.9,150,112.1,50,,,,,,,,,,,,,,,,
2026-07-03T01:00:18.017926+00:00,2026-07-03T01:00:18.018049,2,2,111.75,0.3,111.6,17,111.4,150,,,,,,,,,,,,,,,,,111.9,150,112.1,50,,,,,,,,,,,,,,,,
2026-07-03T01:00:18.058646+00:00,2026-07-03T01:00:18.055893,1,1,111.65,0.5,111.4,150,,,,,,,,,,,,,,,,,,,111.9,150,,,,,,,,,,,,,,,,,,
2026-07-03T01:00:18.106626+00:00,2026-07-03T01:00:18.106504,2,1,111.65,0.5,111.4,150,111.3,100,,,,,,,,,,,,,,,,,111.9,150,,,,,,,,,,,,,,,,,,
2026-07-03T01:00:18.158575+00:00,2026-07-03T01:00:18.156628,2,2,111.6,0.4,111.4,150,111.3,100,,,,,,,,,,,,,,,,,111.8,100,111.9,150,,,,,,,,,,,,,,,,
2026-07-03T01:00:18.489989+00:00,2026-07-03T01:00:18.489922,2,2,111.6,0.4,111.4,150,111.3,100,,,,,,,,,,,,,,,,,111.8,52,111.9,150,,,,,,,,,,,,,,,,
2026-07-03T01:00:20.131656+00:00,2026-07-03T01:00:20.131843,1,1,111.55,0.5,111.3,100,,,,,,,,,,,,,,,,,,,111.8,52,,,,,,,,,,,,,,,,,,
2026-07-03T01:00:20.186664+00:00,2026-07-03T01:00:20.186547,2,1,111.55,0.5,111.3,100,111.2,150,,,,,,,,,,,,,,,,,111.8,52,,,,,,,,,,,,,,,,,,
2026-07-03T01:00:20.240484+00:00,2026-07-03T01:00:20.240387,2,2,111.5,0.4,111.3,100,111.2,150,,,,,,,,,,,,,,,,,111.7,150,111.8,52,,,,,,,,,,,,,,,,
2026-07-03T01:00:21.169018+00:00,2026-07-03T01:00:21.169234,2,2,111.5,0.4,111.3,100,111.2,150,,,,,,,,,,,,,,,,,111.7,100,111.8,52,,,,,,,,,,,,,,,,
2026-07-03T01:00:21.217054+00:00,2026-07-03T01:00:21.216995,1,1,111.45,0.5,111.2,150,,,,,,,,,,,,,,,,,,,111.7,100,,,,,,,,,,,,,,,,,,
2026-07-03T01:00:21.270876+00:00,2026-07-03T01:00:21.270846,2,1,111.65,0.1,111.6,100,111.2,150,,,,,,,,,,,,,,,,,111.7,100,,,,,,,,,,,,,,,,,,
2026-07-03T01:00:21.323758+00:00,2026-07-03T01:00:21.323870,2,2,111.65,0.1,111.6,100,111.2,150,,,,,,,,,,,,,,,,,111.7,100,112.1,100,,,,,,,,,,,,,,,,
2026-07-03T01:00:21.431290+00:00,2026-07-03T01:00:21.425210,2,2,111.65,0.1,111.6,100,111.2,150,,,,,,,,,,,,,,,,,111.7,97,112.1,100,,,,,,,,,,,,,,,,
2026-07-03T01:00:23.276798+00:00,2026-07-03T01:00:23.276682,2,2,111.65,0.1,111.6,100,111.2,150,,,,,,,,,,,,,,,,,111.7,47,112.1,100,,,,,,,,,,,,,,,,
2026-07-03T01:00:23.294061+00:00,2026-07-03T01:00:23.294184,1,1,111.85,0.5,111.6,100,,,,,,,,,,,,,,,,,,,112.1,100,,,,,,,,,,,,,,,,,,
2026-07-03T01:00:23.358756+00:00,2026-07-03T01:00:23.358638,2,1,111.9,0.4,111.7,150,111.6,100,,,,,,,,,,,,,,,,,112.1,100,,,,,,,,,,,,,,,,,,
2026-07-03T01:00:23.401780+00:00,2026-07-03T01:00:23.401877,2,2,111.9,0.4,111.7,150,111.6,100,,,,,,,,,,,,,,,,,112.1,100,112.2,150,,,,,,,,,,,,,,,,
2026-07-03T01:00:23.532700+00:00,2026-07-03T01:00:23.527093,2,2,111.9,0.4,111.7,147,111.6,100,,,,,,,,,,,,,,,,,112.1,100,112.2,150,,,,,,,,,,,,,,,,
2026-07-03T01:00:24.204848+00:00,2026-07-03T01:00:24.204766,2,2,111.9,0.4,111.7,107,111.6,100,,,,,,,,,,,,,,,,,112.1,100,112.2,150,,,,,,,,,,,,,,,,
2026-07-03T01:00:24.373744+00:00,2026-07-03T01:00:24.373651,1,1,111.95,0.5,111.7,107,,,,,,,,,,,,,,,,,,,112.2,150,,,,,,,,,,,,,,,,,,
2026-07-03T01:00:24.430948+00:00,2026-07-03T01:00:24.430879,2,1,111.95,0.5,111.7,107,111.6,100,,,,,,,,,,,,,,,,,112.2,150,,,,,,,,,,,,,,,,,,
2026-07-03T01:00:24.483998+00:00,2026-07-03T01:00:24.483870,2,2,111.9,0.4,111.7,107,111.6,100,,,,,,,,,,,,,,,,,112.1,100,112.2,150,,,,,,,,,,,,,,,,
2026-07-03T01:00:25.384625+00:00,2026-07-03T01:00:25.384564,2,2,111.9,0.4,111.7,107,111.6,100,,,,,,,,,,,,,,,,,112.1,50,112.2,150,,,,,,,,,,,,,,,,
2026-07-03T01:00:25.943296+00:00,2026-07-03T01:00:25.943216,2,2,111.9,0.4,111.7,107,111.6,100,,,,,,,,,,,,,,,,,112.1,2,112.2,150,,,,,,,,,,,,,,,,
2026-07-03T01:00:26.454579+00:00,2026-07-03T01:00:26.454729,1,1,111.85,0.5,111.6,100,,,,,,,,,,,,,,,,,,,112.1,2,,,,,,,,,,,,,,,,,,
2026-07-03T01:00:26.508601+00:00,2026-07-03T01:00:26.508450,1,1,111.85,0.5,111.6,250,,,,,,,,,,,,,,,,,,,112.1,2,,,,,,,,,,,,,,,,,,
2026-07-03T01:00:26.558602+00:00,2026-07-03T01:00:26.558013,1,1,111.85,0.5,111.6,250,,,,,,,,,,,,,,,,,,,112.1,152,,,,,,,,,,,,,,,,,,
2026-07-03T01:00:27.038729+00:00,2026-07-03T01:00:27.038601,1,1,111.85,0.5,111.6,250,,,,,,,,,,,,,,,,,,,112.1,111,,,,,,,,,,,,,,,,,,
2026-07-03T01:00:27.490758+00:00,2026-07-03T01:00:27.490697,1,1,111.85,0.5,111.6,250,,,,,,,,,,,,,,,,,,,112.1,61,,,,,,,,,,,,,,,,,,
2026-07-03T01:00:27.537115+00:00,2026-07-03T01:00:27.537088,1,1,111.85,0.5,111.6,150,,,,,,,,,,,,,,,,,,,112.1,61,,,,,,,,,,,,,,,,,,
2026-07-03T01:00:27.587936+00:00,2026-07-03T01:00:27.587859,2,1,112.05,0.1,112.0,100,111.6,150,,,,,,,,,,,,,,,,,112.1,61,,,,,,,,,,,,,,,,,,
2026-07-03T01:00:27.641753+00:00,2026-07-03T01:00:27.641845,2,2,112.05,0.1,112.0,100,111.6,150,,,,,,,,,,,,,,,,,112.1,61,112.5,100,,,,,,,,,,,,,,,,
2026-07-03T01:00:29.594896+00:00,2026-07-03T01:00:29.594861,2,2,112.05,0.1,112.0,100,111.6,150,,,,,,,,,,,,,,,,,112.1,11,112.5,100,,,,,,,,,,,,,,,,
2026-07-03T01:00:29.615880+00:00,2026-07-03T01:00:29.615811,1,1,112.25,0.5,112.0,100,,,,,,,,,,,,,,,,,,,112.5,100,,,,,,,,,,,,,,,,,,
2026-07-03T01:00:29.684207+00:00,2026-07-03T01:00:29.677558,2,1,112.4,0.2,112.3,147,112.0,100,,,,,,,,,,,,,,,,,112.5,100,,,,,,,,,,,,,,,,,,
2026-07-03T01:00:29.726478+00:00,2026-07-03T01:00:29.726430,2,2,112.4,0.2,112.3,147,112.0,100,,,,,,,,,,,,,,,,,112.5,100,112.8,150,,,,,,,,,,,,,,,,
2026-07-03T01:00:30.616405+00:00,2026-07-03T01:00:30.610302,2,2,112.4,0.2,112.3,124,112.0,100,,,,,,,,,,,,,,,,,112.5,100,112.8,150,,,,,,,,,,,,,,,,
2026-07-03T01:00:30.695941+00:00,2026-07-03T01:00:30.696097,1,1,112.55,0.5,112.3,124,,,,,,,,,,,,,,,,,,,112.8,150,,,,,,,,,,,,,,,,,,
2026-07-03T01:00:30.750280+00:00,2026-07-03T01:00:30.750225,2,1,112.55,0.5,112.3,124,112.0,100,,,,,,,,,,,,,,,,,112.8,150,,,,,,,,,,,,,,,,,,
2026-07-03T01:00:30.813478+00:00,2026-07-03T01:00:30.813125,2,2,112.4,0.2,112.3,124,112.0,100,,,,,,,,,,,,,,,,,112.5,100,112.8,150,,,,,,,,,,,,,,,,
2026-07-03T01:00:30.838705+00:00,2026-07-03T01:00:30.832453,2,2,112.4,0.2,112.3,113,112.0,100,,,,,,,,,,,,,,,,,112.5,100,112.8,150,,,,,,,,,,,,,,,,
2026-07-03T01:00:30.991265+00:00,2026-07-03T01:00:30.991110,2,2,112.4,0.2,112.3,91,112.0,100,,,,,,,,,,,,,,,,,112.5,100,112.8,150,,,,,,,,,,,,,,,,
2026-07-03T01:00:31.758693+00:00,2026-07-03T01:00:31.755327,2,2,112.4,0.2,112.3,41,112.0,100,,,,,,,,,,,,,,,,,112.5,100,112.8,150,,,,,,,,,,,,,,,,
2026-07-03T01:00:32.246772+00:00,2026-07-03T01:00:32.246723,1,2,112.25,0.5,112.0,92,,,,,,,,,,,,,,,,,,,112.5,100,112.8,150,,,,,,,,,,,,,,,,
2026-07-03T01:00:32.775088+00:00,2026-07-03T01:00:32.775065,1,1,112.25,0.5,112.0,92,,,,,,,,,,,,,,,,,,,112.5,100,,,,,,,,,,,,,,,,,,
2026-07-03T01:00:32.843594+00:00,2026-07-03T01:00:32.843463,2,1,112.25,0.5,112.0,92,111.5,150,,,,,,,,,,,,,,,,,112.5,100,,,,,,,,,,,,,,,,,,
2026-07-03T01:00:32.902714+00:00,2026-07-03T01:00:32.898917,1,2,111.75,0.5,111.5,150,,,,,,,,,,,,,,,,,,,112.0,35,112.5,100,,,,,,,,,,,,,,,,
2026-07-03T01:00:33.858612+00:00,2026-07-03T01:00:33.857982,1,1,111.75,0.5,111.5,150,,,,,,,,,,,,,,,,,,,112.0,35,,,,,,,,,,,,,,,,,,
2026-07-03T01:00:33.910202+00:00,2026-07-03T01:00:33.910094,2,1,111.8,0.4,111.6,100,111.5,150,,,,,,,,,,,,,,,,,112.0,35,,,,,,,,,,,,,,,,,,
2026-07-03T01:00:33.958545+00:00,2026-07-03T01:00:33.957139,2,2,111.8,0.4,111.6,100,111.5,150,,,,,,,,,,,,,,,,,112.0,35,112.1,100,,,,,,,,,,,,,,,,
2026-07-03T01:00:35.710386+00:00,2026-07-03T01:00:35.710320,2,2,111.8,0.4,111.6,59,111.5,150,,,,,,,,,,,,,,,,,112.0,35,112.1,100,,,,,,,,,,,,,,,,
2026-07-03T01:00:35.948531+00:00,2026-07-03T01:00:35.948392,2,1,111.85,0.5,111.6,59,111.5,150,,,,,,,,,,,,,,,,,112.1,100,,,,,,,,,,,,,,,,,,
2026-07-03T01:00:35.953678+00:00,2026-07-03T01:00:35.953588,1,1,111.85,0.5,111.6,59,,,,,,,,,,,,,,,,,,,112.1,100,,,,,,,,,,,,,,,,,,
2026-07-03T01:00:35.965312+00:00,2026-07-03T01:00:35.965448,1,1,111.85,0.5,111.6,9,,,,,,,,,,,,,,,,,,,112.1,100,,,,,,,,,,,,,,,,,,
2026-07-03T01:00:36.003570+00:00,2026-07-03T01:00:36.003490,2,1,112.0,0.2,111.9,150,111.6,9,,,,,,,,,,,,,,,,,112.1,100,,,,,,,,,,,,,,,,,,
2026-07-03T01:00:36.058664+00:00,2026-07-03T01:00:36.053883,2,2,112.0,0.2,111.9,150,111.6,9,,,,,,,,,,,,,,,,,112.1,100,112.4,150,,,,,,,,,,,,,,,,
2026-07-03T01:00:36.775185+00:00,2026-07-03T01:00:36.775122,2,2,112.0,0.2,111.9,150,111.6,9,,,,,,,,,,,,,,,,,112.1,56,112.4,150,,,,,,,,,,,,,,,,
2026-07-03T01:00:37.015757+00:00,2026-07-03T01:00:37.015736,1,1,112.15,0.5,111.9,150,,,,,,,,,,,,,,,,,,,112.4,150,,,,,,,,,,,,,,,,,,
2026-07-03T01:00:37.068879+00:00,2026-07-03T01:00:37.068961,2,1,112.15,0.5,111.9,150,111.6,100,,,,,,,,,,,,,,,,,112.4,150,,,,,,,,,,,,,,,,,,
2026-07-03T01:00:37.122639+00:00,2026-07-03T01:00:37.122520,2,2,112.0,0.2,111.9,150,111.6,100,,,,,,,,,,,,,,,,,112.1,100,112.4,150,,,,,,,,,,,,,,,,
2026-07-03T01:00:37.184167+00:00,2026-07-03T01:00:37.177887,2,2,112.0,0.2,111.9,150,111.6,100,,,,,,,,,,,,,,,,,112.1,89,112.4,150,,,,,,,,,,,,,,,,
2026-07-03T01:00:38.079495+00:00,2026-07-03T01:00:38.079411,2,2,112.0,0.2,111.9,100,111.6,100,,,,,,,,,,,,,,,,,112.1,89,112.4,150,,,,,,,,,,,,,,,,
2026-07-03T01:00:38.399748+00:00,2026-07-03T01:00:38.399933,2,2,112.0,0.2,111.9,100,111.6,100,,,,,,,,,,,,,,,,,112.1,48,112.4,150,,,,,,,,,,,,,,,,
2026-07-03T01:00:39.112044+00:00,2026-07-03T01:00:39.111938,1,1,111.85,0.5,111.6,100,,,,,,,,,,,,,,,,,,,112.1,48,,,,,,,,,,,,,,,,,,
2026-07-03T01:00:39.166805+00:00,2026-07-03T01:00:39.166673,2,1,112.0,0.2,111.9,150,111.6,100,,,,,,,,,,,,,,,,,112.1,48,,,,,,,,,,,,,,,,,,
2026-07-03T01:00:39.219339+00:00,2026-07-03T01:00:39.219231,2,2,112.0,0.2,111.9,150,111.6,100,,,,,,,,,,,,,,,,,112.1,48,112.4,150,,,,,,,,,,,,,,,,
2026-07-03T01:00:40.175618+00:00,2026-07-03T01:00:40.175581,1,1,112.15,0.5,111.9,150,,,,,,,,,,,,,,,,,,,112.4,150,,,,,,,,,,,,,,,,,,
2026-07-03T01:00:40.180654+00:00,2026-07-03T01:00:40.180784,1,1,112.15,0.5,111.9,100,,,,,,,,,,,,,,,,,,,112.4,150,,,,,,,,,,,,,,,,,,
2026-07-03T01:00:40.230193+00:00,2026-07-03T01:00:40.230062,1,1,112.15,0.5,111.9,200,,,,,,,,,,,,,,,,,,,112.4,150,,,,,,,,,,,,,,,,,,
2026-07-03T01:00:40.282791+00:00,2026-07-03T01:00:40.282716,1,1,112.15,0.5,111.9,200,,,,,,,,,,,,,,,,,,,112.4,250,,,,,,,,,,,,,,,,,,
2026-07-03T01:00:42.285594+00:00,2026-07-03T01:00:42.285490,1,1,112.15,0.5,111.9,100,,,,,,,,,,,,,,,,,,,112.4,100,,,,,,,,,,,,,,,,,,
2026-07-03T01:00:42.290848+00:00,2026-07-03T01:00:42.290697,1,1,112.15,0.5,111.9,50,,,,,,,,,,,,,,,,,,,112.4,100,,,,,,,,,,,,,,,,,,
2026-07-03T01:00:42.340683+00:00,2026-07-03T01:00:42.340766,2,1,112.15,0.5,111.9,50,111.6,150,,,,,,,,,,,,,,,,,112.4,100,,,,,,,,,,,,,,,,,,
2026-07-03T01:00:42.393220+00:00,2026-07-03T01:00:42.392978,2,2,112.0,0.2,111.9,50,111.6,150,,,,,,,,,,,,,,,,,112.1,150,112.4,100,,,,,,,,,,,,,,,,
2026-07-03T01:00:42.437840+00:00,2026-07-03T01:00:42.431884,2,2,112.0,0.2,111.9,50,111.6,150,,,,,,,,,,,,,,,,,112.1,147,112.4,100,,,,,,,,,,,,,,,,
2026-07-03T01:00:43.336797+00:00,2026-07-03T01:00:43.336700,1,1,111.85,0.5,111.6,150,,,,,,,,,,,,,,,,,,,112.1,147,,,,,,,,,,,,,,,,,,
2026-07-03T01:00:43.391790+00:00,2026-07-03T01:00:43.391728,2,1,112.0,0.2,111.9,100,111.6,150,,,,,,,,,,,,,,,,,112.1,147,,,,,,,,,,,,,,,,,,
2026-07-03T01:00:43.444487+00:00,2026-07-03T01:00:43.444400,2,2,112.0,0.2,111.9,100,111.6,150,,,,,,,,,,,,,,,,,112.1,147,112.4,100,,,,,,,,,,,,,,,,
2026-07-03T01:00:44.393354+00:00,2026-07-03T01:00:44.393321,2,2,112.0,0.2,111.9,50,111.6,150,,,,,,,,,,,,,,,,,112.1,147,112.4,100,,,,,,,,,,,,,,,,
2026-07-03T01:00:45.443829+00:00,2026-07-03T01:00:45.443643,1,1,112.15,0.5,111.9,50,,,,,,,,,,,,,,,,,,,112.4,100,,,,,,,,,,,,,,,,,,
2026-07-03T01:00:45.499630+00:00,2026-07-03T01:00:45.499547,2,1,112.15,0.5,111.9,50,111.8,150,,,,,,,,,,,,,,,,,112.4,100,,,,,,,,,,,,,,,,,,
2026-07-03T01:00:45.558621+00:00,2026-07-03T01:00:45.552555,2,2,112.1,0.4,111.9,50,111.8,150,,,,,,,,,,,,,,,,,112.3,150,112.4,100,,,,,,,,,,,,,,,,
2026-07-03T01:00:46.499465+00:00,2026-07-03T01:00:46.499380,1,1,112.05,0.5,111.8,150,,,,,,,,,,,,,,,,,,,112.3,150,,,,,,,,,,,,,,,,,,
2026-07-03T01:00:46.504510+00:00,2026-07-03T01:00:46.504602,1,1,112.05,0.5,111.8,100,,,,,,,,,,,,,,,,,,,112.3,150,,,,,,,,,,,,,,,,,,
2026-07-03T01:00:46.559006+00:00,2026-07-03T01:00:46.558757,2,1,112.05,0.5,111.8,100,111.7,100,,,,,,,,,,,,,,,,,112.3,150,,,,,,,,,,,,,,,,,,
2026-07-03T01:00:46.604625+00:00,2026-07-03T01:00:46.604504,2,2,112.0,0.4,111.8,100,111.7,100,,,,,,,,,,,,,,,,,112.2,100,112.3,150,,,,,,,,,,,,,,,,
2026-07-03T01:00:47.980243+00:00,2026-07-03T01:00:47.980375,2,2,112.0,0.4,111.8,53,111.7,100,,,,,,,,,,,,,,,,,112.2,100,112.3,150,,,,,,,,,,,,,,,,
2026-07-03T01:00:48.569236+00:00,2026-07-03T01:00:48.569195,2,2,112.0,0.4,111.8,53,111.7,100,,,,,,,,,,,,,,,,,112.2,58,112.3,150,,,,,,,,,,,,,,,,
2026-07-03T01:00:48.606127+00:00,2026-07-03T01:00:48.606076,1,1,111.95,0.5,111.7,100,,,,,,,,,,,,,,,,,,,112.2,58,,,,,,,,,,,,,,,,,,
2026-07-03T01:00:48.655995+00:00,2026-07-03T01:00:48.656129,2,1,111.95,0.5,111.7,100,111.5,150,,,,,,,,,,,,,,,,,112.2,58,,,,,,,,,,,,,,,,,,
2026-07-03T01:00:48.714121+00:00,2026-07-03T01:00:48.713981,2,2,111.85,0.3,111.7,100,111.5,150,,,,,,,,,,,,,,,,,112.0,150,112.2,58,,,,,,,,,,,,,,,,
2026-07-03T01:00:49.009125+00:00,2026-07-03T01:00:49.002587,2,2,111.85,0.3,111.7,100,111.5,150,,,,,,,,,,,,,,,,,112.0,147,112.2,58,,,,,,,,,,,,,,,,
2026-07-03T01:00:49.062178+00:00,2026-07-03T01:00:49.062134,2,2,111.85,0.3,111.7,100,111.5,150,,,,,,,,,,,,,,,,,112.0,99,112.2,58,,,,,,,,,,,,,,,,
2026-07-03T01:00:49.658561+00:00,2026-07-03T01:00:49.655904,1,1,111.75,0.5,111.5,150,,,,,,,,,,,,,,,,,,,112.0,99,,,,,,,,,,,,,,,,,,
2026-07-03T01:00:49.715743+00:00,2026-07-03T01:00:49.715617,2,0,,,112.0,1,111.5,150,,,,,,,,,,,,,,,,,,,,,,,,,,,,,,,,,,,,
2026-07-03T01:00:49.767260+00:00,2026-07-03T01:00:49.767140,2,1,112.25,0.5,112.0,1,111.5,150,,,,,,,,,,,,,,,,,112.5,100,,,,,,,,,,,,,,,,,,
2026-07-03T01:00:50.740398+00:00,2026-07-03T01:00:50.740350,1,1,112.0,1.0,111.5,102,,,,,,,,,,,,,,,,,,,112.5,100,,,,,,,,,,,,,,,,,,
2026-07-03T01:00:51.768128+00:00,2026-07-03T01:00:51.768073,0,1,,,,,,,,,,,,,,,,,,,,,,,112.5,100,,,,,,,,,,,,,,,,,,
2026-07-03T01:00:51.822410+00:00,2026-07-03T01:00:51.822223,1,1,112.2,0.6,111.9,150,,,,,,,,,,,,,,,,,,,112.5,100,,,,,,,,,,,,,,,,,,
2026-07-03T01:00:51.874688+00:00,2026-07-03T01:00:51.874609,1,2,112.15,0.5,111.9,150,,,,,,,,,,,,,,,,,,,112.4,150,112.5,100,,,,,,,,,,,,,,,,
2026-07-03T01:00:52.821389+00:00,2026-07-03T01:00:52.821303,1,1,112.15,0.5,111.9,100,,,,,,,,,,,,,,,,,,,112.4,150,,,,,,,,,,,,,,,,,,
2026-07-03T01:00:52.877727+00:00,2026-07-03T01:00:52.877654,2,1,112.15,0.5,111.9,100,111.6,100,,,,,,,,,,,,,,,,,112.4,150,,,,,,,,,,,,,,,,,,
2026-07-03T01:00:52.930751+00:00,2026-07-03T01:00:52.930625,2,2,112.0,0.2,111.9,100,111.6,100,,,,,,,,,,,,,,,,,112.1,100,112.4,150,,,,,,,,,,,,,,,,
2026-07-03T01:00:53.008956+00:00,2026-07-03T01:00:53.009078,2,2,112.0,0.2,111.9,100,111.6,100,,,,,,,,,,,,,,,,,112.1,78,112.4,150,,,,,,,,,,,,,,,,
2026-07-03T01:00:54.928704+00:00,2026-07-03T01:00:54.928645,2,1,112.0,0.2,111.9,50,111.6,100,,,,,,,,,,,,,,,,,112.1,78,,,,,,,,,,,,,,,,,,
2026-07-03T01:00:54.933964+00:00,2026-07-03T01:00:54.933821,1,1,111.85,0.5,111.6,100,,,,,,,,,,,,,,,,,,,112.1,78,,,,,,,,,,,,,,,,,,
2026-07-03T01:00:54.986423+00:00,2026-07-03T01:00:54.986308,1,1,111.85,0.5,111.6,250,,,,,,,,,,,,,,,,,,,112.1,78,,,,,,,,,,,,,,,,,,
2026-07-03T01:00:55.036549+00:00,2026-07-03T01:00:55.036450,1,1,111.85,0.5,111.6,250,,,,,,,,,,,,,,,,,,,112.1,228,,,,,,,,,,,,,,,,,,
2026-07-03T01:00:55.986062+00:00,2026-07-03T01:00:55.985928,1,1,111.85,0.5,111.6,150,,,,,,,,,,,,,,,,,,,112.1,150,,,,,,,,,,,,,,,,,,
2026-07-03T01:00:56.039575+00:00,2026-07-03T01:00:56.039443,2,1,111.85,0.5,111.6,150,111.5,100,,,,,,,,,,,,,,,,,112.1,150,,,,,,,,,,,,,,,,,,
2026-07-03T01:00:56.092304+00:00,2026-07-03T01:00:56.092228,2,2,111.8,0.4,111.6,150,111.5,100,,,,,,,,,,,,,,,,,112.0,100,112.1,150,,,,,,,,,,,,,,,,
2026-07-03T01:00:57.036513+00:00,2026-07-03T01:00:57.036393,2,2,111.8,0.4,111.6,100,111.5,100,,,,,,,,,,,,,,,,,112.0,100,112.1,150,,,,,,,,,,,,,,,,
2026-07-03T01:00:58.091777+00:00,2026-07-03T01:00:58.091749,1,1,111.75,0.5,111.5,100,,,,,,,,,,,,,,,,,,,112.0,100,,,,,,,,,,,,,,,,,,
2026-07-03T01:00:58.146944+00:00,2026-07-03T01:00:58.146712,2,1,111.75,0.5,111.5,100,111.1,150,,,,,,,,,,,,,,,,,112.0,100,,,,,,,,,,,,,,,,,,
2026-07-03T01:00:58.211033+00:00,2026-07-03T01:00:58.205685,2,2,111.55,0.1,111.5,100,111.1,150,,,,,,,,,,,,,,,,,111.6,116,112.0,100,,,,,,,,,,,,,,,,
2026-07-03T01:00:59.032243+00:00,2026-07-03T01:00:59.032374,2,2,111.55,0.1,111.5,100,111.1,150,,,,,,,,,,,,,,,,,111.6,67,112.0,100,,,,,,,,,,,,,,,,
2026-07-03T01:00:59.142721+00:00,2026-07-03T01:00:59.142904,1,1,111.35,0.5,111.1,150,,,,,,,,,,,,,,,,,,,111.6,67,,,,,,,,,,,,,,,,,,
2026-07-03T01:00:59.196900+00:00,2026-07-03T01:00:59.196845,2,0,,,111.7,33,111.1,150,,,,,,,,,,,,,,,,,,,,,,,,,,,,,,,,,,,,
2026-07-03T01:00:59.258680+00:00,2026-07-03T01:00:59.254168,2,1,111.95,0.5,111.7,33,111.1,150,,,,,,,,,,,,,,,,,112.2,100,,,,,,,,,,,,,,,,,,
2026-07-03T01:00:59.514416+00:00,2026-07-03T01:00:59.508013,2,1,111.95,0.5,111.7,22,111.1,150,,,,,,,,,,,,,,,,,112.2,100,,,,,,,,,,,,,,,,,,
2026-07-03T01:01:01.253854+00:00,2026-07-03T01:01:01.253793,1,1,111.95,0.5,111.7,22,,,,,,,,,,,,,,,,,,,112.2,100,,,,,,,,,,,,,,,,,,
2026-07-03T01:01:01.318573+00:00,2026-07-03T01:01:01.311067,2,1,112.05,0.3,111.9,138,111.7,22,,,,,,,,,,,,,,,,,112.2,100,,,,,,,,,,,,,,,,,,
2026-07-03T01:01:01.360846+00:00,2026-07-03T01:01:01.360747,2,2,112.05,0.3,111.9,138,111.7,22,,,,,,,,,,,,,,,,,112.2,100,112.4,150,,,,,,,,,,,,,,,,
2026-07-03T01:01:02.032127+00:00,2026-07-03T01:01:02.032009,2,2,112.05,0.3,111.9,95,111.7,22,,,,,,,,,,,,,,,,,112.2,100,112.4,150,,,,,,,,,,,,,,,,
2026-07-03T01:01:02.132762+00:00,2026-07-03T01:01:02.126528,2,2,112.05,0.3,111.9,84,111.7,22,,,,,,,,,,,,,,,,,112.2,100,112.4,150,,,,,,,,,,,,,,,,
2026-07-03T01:01:02.310690+00:00,2026-07-03T01:01:02.310669,1,1,112.15,0.5,111.9,84,,,,,,,,,,,,,,,,,,,112.4,150,,,,,,,,,,,,,,,,,,
2026-07-03T01:01:02.365057+00:00,2026-07-03T01:01:02.364979,2,1,112.15,0.5,111.9,84,111.3,100,,,,,,,,,,,,,,,,,112.4,150,,,,,,,,,,,,,,,,,,
2026-07-03T01:01:02.419449+00:00,2026-07-03T01:01:02.419543,1,2,111.55,0.5,111.3,100,,,,,,,,,,,,,,,,,,,111.8,16,112.4,150,,,,,,,,,,,,,,,,
2026-07-03T01:01:04.415255+00:00,2026-07-03T01:01:04.415124,1,1,111.55,0.5,111.3,100,,,,,,,,,,,,,,,,,,,111.8,16,,,,,,,,,,,,,,,,,,
2026-07-03T01:01:04.468678+00:00,2026-07-03T01:01:04.468581,1,1,111.55,0.5,111.3,250,,,,,,,,,,,,,,,,,,,111.8,16,,,,,,,,,,,,,,,,,,
2026-07-03T01:01:04.521458+00:00,2026-07-03T01:01:04.521353,1,1,111.55,0.5,111.3,250,,,,,,,,,,,,,,,,,,,111.8,166,,,,,,,,,,,,,,,,,,
2026-07-03T01:01:04.752187+00:00,2026-07-03T01:01:04.746747,1,1,111.55,0.5,111.3,250,,,,,,,,,,,,,,,,,,,111.8,155,,,,,,,,,,,,,,,,,,
2026-07-03T01:01:05.458616+00:00,2026-07-03T01:01:05.456795,1,1,111.55,0.5,111.3,200,,,,,,,,,,,,,,,,,,,111.8,155,,,,,,,,,,,,,,,,,,
2026-07-03T01:01:05.470919+00:00,2026-07-03T01:01:05.470881,1,1,111.55,0.5,111.3,150,,,,,,,,,,,,,,,,,,,111.8,150,,,,,,,,,,,,,,,,,,
2026-07-03T01:01:05.524071+00:00,2026-07-03T01:01:05.524020,2,1,111.6,0.4,111.4,100,111.3,150,,,,,,,,,,,,,,,,,111.8,150,,,,,,,,,,,,,,,,,,
2026-07-03T01:01:05.579063+00:00,2026-07-03T01:01:05.579020,2,2,111.6,0.4,111.4,100,111.3,150,,,,,,,,,,,,,,,,,111.8,150,111.9,100,,,,,,,,,,,,,,,,
2026-07-03T01:01:06.069035+00:00,2026-07-03T01:01:06.062188,2,2,111.6,0.4,111.4,100,111.3,150,,,,,,,,,,,,,,,,,111.8,127,111.9,100,,,,,,,,,,,,,,,,
2026-07-03T01:01:07.564190+00:00,2026-07-03T01:01:07.564058,2,2,111.6,0.4,111.4,50,111.3,150,,,,,,,,,,,,,,,,,111.8,127,111.9,100,,,,,,,,,,,,,,,,
2026-07-03T01:01:07.575040+00:00,2026-07-03T01:01:07.575166,1,1,111.65,0.5,111.4,50,,,,,,,,,,,,,,,,,,,111.9,100,,,,,,,,,,,,,,,,,,
2026-07-03T01:01:07.627507+00:00,2026-07-03T01:01:07.627416,2,1,111.65,0.5,111.4,50,111.2,150,,,,,,,,,,,,,,,,,111.9,100,,,,,,,,,,,,,,,,,,
2026-07-03T01:01:07.682576+00:00,2026-07-03T01:01:07.682503,2,2,111.55,0.3,111.4,50,111.2,150,,,,,,,,,,,,,,,,,111.7,150,111.9,100,,,,,,,,,,,,,,,,
2026-07-03T01:01:07.764035+00:00,2026-07-03T01:01:07.763903,2,2,111.55,0.3,111.4,5,111.2,150,,,,,,,,,,,,,,,,,111.7,150,111.9,100,,,,,,,,,,,,,,,,
2026-07-03T01:01:08.292397+00:00,2026-07-03T01:01:08.292535,2,2,111.55,0.3,111.4,5,111.2,150,,,,,,,,,,,,,,,,,111.7,105,111.9,100,,,,,,,,,,,,,,,,
2026-07-03T01:01:08.630979+00:00,2026-07-03T01:01:08.630825,1,1,111.45,0.5,111.2,150,,,,,,,,,,,,,,,,,,,111.7,105,,,,,,,,,,,,,,,,,,
2026-07-03T01:01:08.684148+00:00,2026-07-03T01:01:08.684326,2,1,111.45,0.5,111.2,150,111.1,100,,,,,,,,,,,,,,,,,111.7,105,,,,,,,,,,,,,,,,,,
2026-07-03T01:01:08.737070+00:00,2026-07-03T01:01:08.737017,2,2,111.4,0.4,111.2,150,111.1,100,,,,,,,,,,,,,,,,,111.6,100,111.7,105,,,,,,,,,,,,,,,,
2026-07-03T01:01:09.484916+00:00,2026-07-03T01:01:09.485050,2,2,111.4,0.4,111.2,150,111.1,100,,,,,,,,,,,,,,,,,111.6,55,111.7,105,,,,,,,,,,,,,,,,
2026-07-03T01:01:09.620365+00:00,2026-07-03T01:01:09.620192,2,2,111.4,0.4,111.2,150,111.1,100,,,,,,,,,,,,,,,,,111.6,5,111.7,105,,,,,,,,,,,,,,,,
2026-07-03T01:01:10.758622+00:00,2026-07-03T01:01:10.752510,1,1,111.35,0.5,111.1,100,,,,,,,,,,,,,,,,,,,111.6,5,,,,,,,,,,,,,,,,,,
2026-07-03T01:01:10.810401+00:00,2026-07-03T01:01:10.810340,2,0,,,111.6,145,111.1,100,,,,,,,,,,,,,,,,,,,,,,,,,,,,,,,,,,,,
2026-07-03T01:01:10.858167+00:00,2026-07-03T01:01:10.858375,2,1,111.85,0.5,111.6,145,111.1,100,,,,,,,,,,,,,,,,,112.1,150,,,,,,,,,,,,,,,,,,
2026-07-03T01:01:11.778923+00:00,2026-07-03T01:01:11.778790,2,1,111.85,0.5,111.6,95,111.1,100,,,,,,,,,,,,,,,,,112.1,150,,,,,,,,,,,,,,,,,,
2026-07-03T01:01:11.794345+00:00,2026-07-03T01:01:11.794246,1,1,111.85,0.5,111.6,95,,,,,,,,,,,,,,,,,,,112.1,150,,,,,,,,,,,,,,,,,,
2026-07-03T01:01:11.847165+00:00,2026-07-03T01:01:11.847060,1,1,111.85,0.5,111.6,195,,,,,,,,,,,,,,,,,,,112.1,150,,,,,,,,,,,,,,,,,,
2026-07-03T01:01:11.900546+00:00,2026-07-03T01:01:11.900507,1,1,111.85,0.5,111.6,195,,,,,,,,,,,,,,,,,,,112.1,250,,,,,,,,,,,,,,,,,,
2026-07-03T01:01:12.483585+00:00,2026-07-03T01:01:12.483503,1,1,111.85,0.5,111.6,147,,,,,,,,,,,,,,,,,,,112.1,250,,,,,,,,,,,,,,,,,,
2026-07-03T01:01:13.137756+00:00,2026-07-03T01:01:13.137642,1,1,111.85,0.5,111.6,147,,,,,,,,,,,,,,,,,,,112.1,210,,,,,,,,,,,,,,,,,,
2026-07-03T01:01:13.885093+00:00,2026-07-03T01:01:13.885043,1,1,111.85,0.5,111.6,97,,,,,,,,,,,,,,,,,,,112.1,210,,,,,,,,,,,,,,,,,,
2026-07-03T01:01:13.917028+00:00,2026-07-03T01:01:13.917172,1,1,111.85,0.5,111.6,97,,,,,,,,,,,,,,,,,,,112.1,100,,,,,,,,,,,,,,,,,,
2026-07-03T01:01:13.969924+00:00,2026-07-03T01:01:13.969876,2,1,111.85,0.5,111.6,97,111.2,150,,,,,,,,,,,,,,,,,112.1,100,,,,,,,,,,,,,,,,,,
2026-07-03T01:01:14.022797+00:00,2026-07-03T01:01:14.022752,2,2,111.65,0.1,111.6,97,111.2,150,,,,,,,,,,,,,,,,,111.7,150,112.1,100,,,,,,,,,,,,,,,,
2026-07-03T01:01:14.300437+00:00,2026-07-03T01:01:14.300298,2,2,111.65,0.1,111.6,56,111.2,150,,,,,,,,,,,,,,,,,111.7,150,112.1,100,,,,,,,,,,,,,,,,
2026-07-03T01:01:14.958624+00:00,2026-07-03T01:01:14.950610,1,1,111.45,0.5,111.2,150,,,,,,,,,,,,,,,,,,,111.7,150,,,,,,,,,,,,,,,,,,
2026-07-03T01:01:15.012252+00:00,2026-07-03T01:01:15.012157,2,1,111.65,0.1,111.6,100,111.2,150,,,,,,,,,,,,,,,,,111.7,150,,,,,,,,,,,,,,,,,,
2026-07-03T01:01:15.066397+00:00,2026-07-03T01:01:15.066294,2,2,111.65,0.1,111.6,100,111.2,150,,,,,,,,,,,,,,,,,111.7,150,112.1,100,,,,,,,,,,,,,,,,
2026-07-03T01:01:15.958599+00:00,2026-07-03T01:01:15.947814,2,2,111.65,0.1,111.6,59,111.2,150,,,,,,,,,,,,,,,,,111.7,150,112.1,100,,,,,,,,,,,,,,,,
2026-07-03T01:01:17.076690+00:00,2026-07-03T01:01:17.076816,1,1,111.85,0.5,111.6,59,,,,,,,,,,,,,,,,,,,112.1,100,,,,,,,,,,,,,,,,,,
2026-07-03T01:01:17.131538+00:00,2026-07-03T01:01:17.131489,2,1,111.85,0.5,111.6,59,111.2,150,,,,,,,,,,,,,,,,,112.1,100,,,,,,,,,,,,,,,,,,
2026-07-03T01:01:17.184994+00:00,2026-07-03T01:01:17.185160,2,2,111.65,0.1,111.6,59,111.2,150,,,,,,,,,,,,,,,,,111.7,150,112.1,100,,,,,,,,,,,,,,,,
2026-07-03T01:01:18.035481+00:00,2026-07-03T01:01:18.035750,2,2,111.65,0.1,111.6,59,111.2,150,,,,,,,,,,,,,,,,,111.7,100,112.1,100,,,,,,,,,,,,,,,,
2026-07-03T01:01:18.121209+00:00,2026-07-03T01:01:18.121164,1,1,111.45,0.5,111.2,150,,,,,,,,,,,,,,,,,,,111.7,100,,,,,,,,,,,,,,,,,,
2026-07-03T01:01:18.177048+00:00,2026-07-03T01:01:18.176967,2,1,111.55,0.3,111.4,100,111.2,150,,,,,,,,,,,,,,,,,111.7,100,,,,,,,,,,,,,,,,,,
2026-07-03T01:01:18.229946+00:00,2026-07-03T01:01:18.229835,2,2,111.55,0.3,111.4,100,111.2,150,,,,,,,,,,,,,,,,,111.7,100,111.9,100,,,,,,,,,,,,,,,,
2026-07-03T01:01:19.189756+00:00,2026-07-03T01:01:19.183694,2,2,111.55,0.3,111.4,100,111.2,150,,,,,,,,,,,,,,,,,111.7,88,111.9,100,,,,,,,,,,,,,,,,
2026-07-03T01:01:20.202028+00:00,2026-07-03T01:01:20.201922,2,2,111.55,0.3,111.4,50,111.2,150,,,,,,,,,,,,,,,,,111.7,88,111.9,100,,,,,,,,,,,,,,,,
2026-07-03T01:01:20.235671+00:00,2026-07-03T01:01:20.235563,1,1,111.65,0.5,111.4,50,,,,,,,,,,,,,,,,,,,111.9,100,,,,,,,,,,,,,,,,,,
2026-07-03T01:01:20.288762+00:00,2026-07-03T01:01:20.288646,2,1,111.65,0.5,111.4,50,111.1,150,,,,,,,,,,,,,,,,,111.9,100,,,,,,,,,,,,,,,,,,
2026-07-03T01:01:20.341216+00:00,2026-07-03T01:01:20.341184,2,2,111.5,0.2,111.4,50,111.1,150,,,,,,,,,,,,,,,,,111.6,150,111.9,100,,,,,,,,,,,,,,,,
2026-07-03T01:01:21.283566+00:00,2026-07-03T01:01:21.283536,1,1,111.35,0.5,111.1,150,,,,,,,,,,,,,,,,,,,111.6,150,,,,,,,,,,,,,,,,,,
2026-07-03T01:01:21.343852+00:00,2026-07-03T01:01:21.343778,1,1,111.35,0.5,111.1,250,,,,,,,,,,,,,,,,,,,111.6,150,,,,,,,,,,,,,,,,,,
2026-07-03T01:01:21.397392+00:00,2026-07-03T01:01:21.397276,1,1,111.35,0.5,111.1,250,,,,,,,,,,,,,,,,,,,111.6,250,,,,,,,,,,,,,,,,,,
2026-07-03T01:01:22.321996+00:00,2026-07-03T01:01:22.321804,1,1,111.35,0.5,111.1,200,,,,,,,,,,,,,,,,,,,111.6,250,,,,,,,,,,,,,,,,,,
2026-07-03T01:01:22.717213+00:00,2026-07-03T01:01:22.717104,1,1,111.35,0.5,111.1,200,,,,,,,,,,,,,,,,,,,111.6,204,,,,,,,,,,,,,,,,,,
2026-07-03T01:01:23.398746+00:00,2026-07-03T01:01:23.398662,1,1,111.35,0.5,111.1,100,,,,,,,,,,,,,,,,,,,111.6,100,,,,,,,,,,,,,,,,,,
2026-07-03T01:01:23.463896+00:00,2026-07-03T01:01:23.463848,2,1,111.45,0.3,111.3,150,111.1,100,,,,,,,,,,,,,,,,,111.6,100,,,,,,,,,,,,,,,,,,
2026-07-03T01:01:23.514347+00:00,2026-07-03T01:01:23.514267,2,2,111.45,0.3,111.3,150,111.1,100,,,,,,,,,,,,,,,,,111.6,100,111.8,150,,,,,,,,,,,,,,,,
2026-07-03T01:01:23.636724+00:00,2026-07-03T01:01:23.636617,2,2,111.45,0.3,111.3,150,111.1,100,,,,,,,,,,,,,,,,,111.6,57,111.8,150,,,,,,,,,,,,,,,,
2026-07-03T01:01:24.377511+00:00,2026-07-03T01:01:24.377438,2,2,111.45,0.3,111.3,150,111.1,100,,,,,,,,,,,,,,,,,111.6,7,111.8,150,,,,,,,,,,,,,,,,
2026-07-03T01:01:24.452024+00:00,2026-07-03T01:01:24.451931,1,1,111.55,0.5,111.3,150,,,,,,,,,,,,,,,,,,,111.8,150,,,,,,,,,,,,,,,,,,
2026-07-03T01:01:24.501539+00:00,2026-07-03T01:01:24.501488,2,1,111.65,0.3,111.5,100,111.3,150,,,,,,,,,,,,,,,,,111.8,150,,,,,,,,,,,,,,,,,,
2026-07-03T01:01:24.558690+00:00,2026-07-03T01:01:24.553296,2,2,111.65,0.3,111.5,100,111.3,150,,,,,,,,,,,,,,,,,111.8,150,112.0,100,,,,,,,,,,,,,,,,
2026-07-03T01:01:24.789409+00:00,2026-07-03T01:01:24.789249,2,2,111.65,0.3,111.5,51,111.3,150,,,,,,,,,,,,,,,,,111.8,150,112.0,100,,,,,,,,,,,,,,,,
2026-07-03T01:01:26.509010+00:00,2026-07-03T01:01:26.508837,2,2,111.65,0.3,111.5,51,111.3,150,,,,,,,,,,,,,,,,,111.8,100,112.0,100,,,,,,,,,,,,,,,,
2026-07-03T01:01:26.557535+00:00,2026-07-03T01:01:26.541112,2,2,111.65,0.3,111.5,39,111.3,150,,,,,,,,,,,,,,,,,111.8,100,112.0,100,,,,,,,,,,,,,,,,
2026-07-03T01:01:26.573096+00:00,2026-07-03T01:01:26.573040,1,1,111.75,0.5,111.5,39,,,,,,,,,,,,,,,,,,,112.0,100,,,,,,,,,,,,,,,,,,
2026-07-03T01:01:26.621189+00:00,2026-07-03T01:01:26.621274,2,1,111.75,0.5,111.5,39,111.4,150,,,,,,,,,,,,,,,,,112.0,100,,,,,,,,,,,,,,,,,,
2026-07-03T01:01:26.674043+00:00,2026-07-03T01:01:26.673984,2,2,111.7,0.4,111.5,39,111.4,150,,,,,,,,,,,,,,,,,111.9,150,112.0,100,,,,,,,,,,,,,,,,
2026-07-03T01:01:27.350181+00:00,2026-07-03T01:01:27.350291,1,2,111.65,0.5,111.4,150,,,,,,,,,,,,,,,,,,,111.9,150,112.0,100,,,,,,,,,,,,,,,,
2026-07-03T01:01:27.612244+00:00,2026-07-03T01:01:27.612201,1,1,111.65,0.5,111.4,150,,,,,,,,,,,,,,,,,,,111.9,150,,,,,,,,,,,,,,,,,,
2026-07-03T01:01:27.665567+00:00,2026-07-03T01:01:27.665648,2,1,111.65,0.5,111.4,150,111.1,100,,,,,,,,,,,,,,,,,111.9,150,,,,,,,,,,,,,,,,,,
2026-07-03T01:01:27.713705+00:00,2026-07-03T01:01:27.713580,2,2,111.5,0.2,111.4,150,111.1,100,,,,,,,,,,,,,,,,,111.6,100,111.9,150,,,,,,,,,,,,,,,,
2026-07-03T01:01:28.669918+00:00,2026-07-03T01:01:28.669795,2,2,111.5,0.2,111.4,100,111.1,100,,,,,,,,,,,,,,,,,111.6,100,111.9,150,,,,,,,,,,,,,,,,
2026-07-03T01:01:29.730876+00:00,2026-07-03T01:01:29.730825,1,1,111.35,0.5,111.1,100,,,,,,,,,,,,,,,,,,,111.6,100,,,,,,,,,,,,,,,,,,
2026-07-03T01:01:29.786625+00:00,2026-07-03T01:01:29.786547,2,1,111.45,0.3,111.3,150,111.1,100,,,,,,,,,,,,,,,,,111.6,100,,,,,,,,,,,,,,,,,,
2026-07-03T01:01:29.840283+00:00,2026-07-03T01:01:29.840184,2,2,111.45,0.3,111.3,150,111.1,100,,,,,,,,,,,,,,,,,111.6,100,111.8,150,,,,,,,,,,,,,,,,
2026-07-03T01:01:30.330761+00:00,2026-07-03T01:01:30.330570,2,2,111.45,0.3,111.3,150,111.1,100,,,,,,,,,,,,,,,,,111.6,55,111.8,150,,,,,,,,,,,,,,,,
2026-07-03T01:01:30.734028+00:00,2026-07-03T01:01:30.733934,2,2,111.45,0.3,111.3,150,111.1,100,,,,,,,,,,,,,,,,,111.6,5,111.8,150,,,,,,,,,,,,,,,,
2026-07-03T01:01:30.771313+00:00,2026-07-03T01:01:30.771441,1,1,111.55,0.5,111.3,150,,,,,,,,,,,,,,,,,,,111.8,150,,,,,,,,,,,,,,,,,,
2026-07-03T01:01:30.825443+00:00,2026-07-03T01:01:30.825328,1,1,111.55,0.5,111.3,250,,,,,,,,,,,,,,,,,,,111.8,150,,,,,,,,,,,,,,,,,,
2026-07-03T01:01:30.877970+00:00,2026-07-03T01:01:30.877870,1,1,111.55,0.5,111.3,250,,,,,,,,,,,,,,,,,,,111.8,250,,,,,,,,,,,,,,,,,,
2026-07-03T01:01:32.303609+00:00,2026-07-03T01:01:32.303409,1,1,111.55,0.5,111.3,250,,,,,,,,,,,,,,,,,,,111.8,202,,,,,,,,,,,,,,,,,,
2026-07-03T01:01:32.894834+00:00,2026-07-03T01:01:32.894668,1,1,111.55,0.5,111.3,100,,,,,,,,,,,,,,,,,,,111.8,100,,,,,,,,,,,,,,,,,,
2026-07-03T01:01:32.899799+00:00,2026-07-03T01:01:32.899895,1,1,111.55,0.5,111.3,50,,,,,,,,,,,,,,,,,,,111.8,100,,,,,,,,,,,,,,,,,,
2026-07-03T01:01:32.905245+00:00,2026-07-03T01:01:32.905113,1,1,111.55,0.5,111.3,8,,,,,,,,,,,,,,,,,,,111.8,100,,,,,,,,,,,,,,,,,,
2026-07-03T01:01:32.950253+00:00,2026-07-03T01:01:32.950081,2,1,111.6,0.4,111.4,150,111.3,8,,,,,,,,,,,,,,,,,111.8,100,,,,,,,,,,,,,,,,,,
2026-07-03T01:01:33.002905+00:00,2026-07-03T01:01:33.002772,2,2,111.6,0.4,111.4,150,111.3,8,,,,,,,,,,,,,,,,,111.8,100,111.9,150,,,,,,,,,,,,,,,,
2026-07-03T01:01:33.928808+00:00,2026-07-03T01:01:33.928696,1,1,111.65,0.5,111.4,150,,,,,,,,,,,,,,,,,,,111.9,150,,,,,,,,,,,,,,,,,,
2026-07-03T01:01:33.949074+00:00,2026-07-03T01:01:33.949047,1,1,111.65,0.5,111.4,150,,,,,,,,,,,,,,,,,,,111.9,110,,,,,,,,,,,,,,,,,,
2026-07-03T01:01:33.981836+00:00,2026-07-03T01:01:33.981692,2,1,111.65,0.5,111.4,150,110.9,100,,,,,,,,,,,,,,,,,111.9,110,,,,,,,,,,,,,,,,,,
2026-07-03T01:01:34.038498+00:00,2026-07-03T01:01:34.038473,2,1,111.65,0.5,111.4,50,110.9,100,,,,,,,,,,,,,,,,,111.9,110,,,,,,,,,,,,,,,,,,
2026-07-03T01:01:34.969488+00:00,2026-07-03T01:01:34.969310,2,1,111.65,0.5,111.4,50,110.9,100,,,,,,,,,,,,,,,,,111.9,60,,,,,,,,,,,,,,,,,,
2026-07-03T01:01:35.005992+00:00,2026-07-03T01:01:35.005928,2,1,111.65,0.5,111.4,1,110.9,100,,,,,,,,,,,,,,,,,111.9,60,,,,,,,,,,,,,,,,,,
2026-07-03T01:01:36.063998+00:00,2026-07-03T01:01:36.063848,1,0,,,110.9,100,,,,,,,,,,,,,,,,,,,,,,,,,,,,,,,,,,,,,,
2026-07-03T01:01:36.115338+00:00,2026-07-03T01:01:36.115234,2,0,,,111.2,150,110.9,100,,,,,,,,,,,,,,,,,,,,,,,,,,,,,,,,,,,,
2026-07-03T01:01:36.175545+00:00,2026-07-03T01:01:36.175431,2,1,111.45,0.5,111.2,150,110.9,100,,,,,,,,,,,,,,,,,111.7,150,,,,,,,,,,,,,,,,,,
2026-07-03T01:01:37.074630+00:00,2026-07-03T01:01:37.074556,2,1,111.45,0.5,111.2,150,110.9,100,,,,,,,,,,,,,,,,,111.7,100,,,,,,,,,,,,,,,,,,
2026-07-03T01:01:37.095054+00:00,2026-07-03T01:01:37.094943,1,1,111.45,0.5,111.2,150,,,,,,,,,,,,,,,,,,,111.7,100,,,,,,,,,,,,,,,,,,
2026-07-03T01:01:37.147830+00:00,2026-07-03T01:01:37.147691,2,1,111.5,0.4,111.3,100,111.2,150,,,,,,,,,,,,,,,,,111.7,100,,,,,,,,,,,,,,,,,,
2026-07-03T01:01:37.199297+00:00,2026-07-03T01:01:37.199021,2,2,111.5,0.4,111.3,100,111.2,150,,,,,,,,,,,,,,,,,111.7,100,111.8,100,,,,,,,,,,,,,,,,
2026-07-03T01:01:39.184346+00:00,2026-07-03T01:01:39.184512,2,2,111.5,0.4,111.3,100,111.2,150,,,,,,,,,,,,,,,,,111.7,50,111.8,100,,,,,,,,,,,,,,,,
2026-07-03T01:01:39.238726+00:00,2026-07-03T01:01:39.226982,1,1,111.55,0.5,111.3,100,,,,,,,,,,,,,,,,,,,111.8,100,,,,,,,,,,,,,,,,,,
2026-07-03T01:01:39.290226+00:00,2026-07-03T01:01:39.290157,2,1,111.7,0.2,111.6,150,111.3,100,,,,,,,,,,,,,,,,,111.8,100,,,,,,,,,,,,,,,,,,
2026-07-03T01:01:39.342836+00:00,2026-07-03T01:01:39.342781,2,2,111.7,0.2,111.6,150,111.3,100,,,,,,,,,,,,,,,,,111.8,100,112.1,150,,,,,,,,,,,,,,,,
2026-07-03T01:01:39.628484+00:00,2026-07-03T01:01:39.628411,2,2,111.7,0.2,111.6,150,111.3,100,,,,,,,,,,,,,,,,,111.8,58,112.1,150,,,,,,,,,,,,,,,,
2026-07-03T01:01:40.258602+00:00,2026-07-03T01:01:40.253945,1,1,111.85,0.5,111.6,150,,,,,,,,,,,,,,,,,,,112.1,150,,,,,,,,,,,,,,,,,,
2026-07-03T01:01:40.308594+00:00,2026-07-03T01:01:40.308564,1,1,111.85,0.5,111.6,250,,,,,,,,,,,,,,,,,,,112.1,150,,,,,,,,,,,,,,,,,,
2026-07-03T01:01:40.358581+00:00,2026-07-03T01:01:40.356245,1,1,111.85,0.5,111.6,250,,,,,,,,,,,,,,,,,,,112.1,250,,,,,,,,,,,,,,,,,,
2026-07-03T01:01:41.300014+00:00,2026-07-03T01:01:41.299865,1,1,111.85,0.5,111.6,250,,,,,,,,,,,,,,,,,,,112.1,200,,,,,,,,,,,,,,,,,,
2026-07-03T01:01:41.490765+00:00,2026-07-03T01:01:41.484939,1,1,111.85,0.5,111.6,239,,,,,,,,,,,,,,,,,,,112.1,200,,,,,,,,,,,,,,,,,,
2026-07-03T01:01:42.395592+00:00,2026-07-03T01:01:42.395526,1,1,111.85,0.5,111.6,100,,,,,,,,,,,,,,,,,,,112.1,100,,,,,,,,,,,,,,,,,,
2026-07-03T01:01:42.460572+00:00,2026-07-03T01:01:42.454630,2,1,111.9,0.4,111.7,138,111.6,100,,,,,,,,,,,,,,,,,112.1,100,,,,,,,,,,,,,,,,,,
2026-07-03T01:01:42.502698+00:00,2026-07-03T01:01:42.502655,2,2,111.9,0.4,111.7,138,111.6,100,,,,,,,,,,,,,,,,,112.1,100,112.2,150,,,,,,,,,,,,,,,,
2026-07-03T01:01:42.839941+00:00,2026-07-03T01:01:42.799766,2,2,111.9,0.4,111.7,127,111.6,100,,,,,,,,,,,,,,,,,112.1,100,112.2,150,,,,,,,,,,,,,,,,
2026-07-03T01:01:43.403723+00:00,2026-07-03T01:01:43.403909,2,2,111.9,0.4,111.7,127,111.6,100,,,,,,,,,,,,,,,,,112.1,50,112.2,150,,,,,,,,,,,,,,,,
2026-07-03T01:01:43.414823+00:00,2026-07-03T01:01:43.414790,1,1,111.95,0.5,111.7,127,,,,,,,,,,,,,,,,,,,112.2,150,,,,,,,,,,,,,,,,,,
2026-07-03T01:01:43.474586+00:00,2026-07-03T01:01:43.474506,2,1,111.95,0.5,111.7,127,111.4,100,,,,,,,,,,,,,,,,,112.2,150,,,,,,,,,,,,,,,,,,
2026-07-03T01:01:43.527903+00:00,2026-07-03T01:01:43.527870,2,2,111.8,0.2,111.7,127,111.4,100,,,,,,,,,,,,,,,,,111.9,100,112.2,150,,,,,,,,,,,,,,,,
2026-07-03T01:01:44.073981+00:00,2026-07-03T01:01:44.074095,2,2,111.8,0.2,111.7,86,111.4,100,,,,,,,,,,,,,,,,,111.9,100,112.2,150,,,,,,,,,,,,,,,,
2026-07-03T01:01:45.020489+00:00,2026-07-03T01:01:45.020432,2,2,111.8,0.2,111.7,86,111.4,100,,,,,,,,,,,,,,,,,111.9,57,112.2,150,,,,,,,,,,,,,,,,
2026-07-03T01:01:45.523571+00:00,2026-07-03T01:01:45.523501,2,2,111.8,0.2,111.7,86,111.4,100,,,,,,,,,,,,,,,,,111.9,7,112.2,150,,,,,,,,,,,,,,,,
2026-07-03T01:01:45.558568+00:00,2026-07-03T01:01:45.556226,1,1,111.65,0.5,111.4,100,,,,,,,,,,,,,,,,,,,111.9,7,,,,,,,,,,,,,,,,,,
2026-07-03T01:01:45.610448+00:00,2026-07-03T01:01:45.610355,1,1,111.65,0.5,111.4,250,,,,,,,,,,,,,,,,,,,111.9,7,,,,,,,,,,,,,,,,,,
2026-07-03T01:01:45.658633+00:00,2026-07-03T01:01:45.657153,1,1,111.65,0.5,111.4,250,,,,,,,,,,,,,,,,,,,111.9,157,,,,,,,,,,,,,,,,,,
2026-07-03T01:01:46.581801+00:00,2026-07-03T01:01:46.581927,1,1,111.65,0.5,111.4,150,,,,,,,,,,,,,,,,,,,111.9,150,,,,,,,,,,,,,,,,,,
2026-07-03T01:01:46.637555+00:00,2026-07-03T01:01:46.637753,1,1,111.65,0.5,111.4,150,,,,,,,,,,,,,,,,,,,111.9,50,,,,,,,,,,,,,,,,,,
2026-07-03T01:01:46.704252+00:00,2026-07-03T01:01:46.704072,1,2,111.65,0.5,111.4,150,,,,,,,,,,,,,,,,,,,111.9,50,112.4,100,,,,,,,,,,,,,,,,
2026-07-03T01:01:47.629921+00:00,2026-07-03T01:01:47.629760,1,1,111.9,1.0,111.4,150,,,,,,,,,,,,,,,,,,,112.4,100,,,,,,,,,,,,,,,,,,
2026-07-03T01:01:48.607199+00:00,2026-07-03T01:01:48.607084,1,1,111.9,1.0,111.4,104,,,,,,,,,,,,,,,,,,,112.4,100,,,,,,,,,,,,,,,,,,
2026-07-03T01:01:48.716333+00:00,2026-07-03T01:01:48.716239,0,1,,,,,,,,,,,,,,,,,,,,,,,112.4,100,,,,,,,,,,,,,,,,,,
2026-07-03T01:01:48.768555+00:00,2026-07-03T01:01:48.768417,1,1,112.3,0.2,112.2,150,,,,,,,,,,,,,,,,,,,112.4,100,,,,,,,,,,,,,,,,,,
2026-07-03T01:01:48.821039+00:00,2026-07-03T01:01:48.820980,1,2,112.3,0.2,112.2,150,,,,,,,,,,,,,,,,,,,112.4,100,112.7,150,,,,,,,,,,,,,,,,
2026-07-03T01:01:49.536786+00:00,2026-07-03T01:01:49.530886,1,2,112.3,0.2,112.2,147,,,,,,,,,,,,,,,,,,,112.4,100,112.7,150,,,,,,,,,,,,,,,,
2026-07-03T01:01:49.649105+00:00,2026-07-03T01:01:49.649064,1,2,112.3,0.2,112.2,147,,,,,,,,,,,,,,,,,,,112.4,51,112.7,150,,,,,,,,,,,,,,,,
2026-07-03T01:01:49.746233+00:00,2026-07-03T01:01:49.746121,1,2,112.3,0.2,112.2,147,,,,,,,,,,,,,,,,,,,112.4,1,112.7,150,,,,,,,,,,,,,,,,
2026-07-03T01:01:49.758601+00:00,2026-07-03T01:01:49.751414,1,1,112.45,0.5,112.2,147,,,,,,,,,,,,,,,,,,,112.7,150,,,,,,,,,,,,,,,,,,
2026-07-03T01:01:49.809030+00:00,2026-07-03T01:01:49.808972,2,1,112.45,0.5,112.2,147,112.1,100,,,,,,,,,,,,,,,,,112.7,150,,,,,,,,,,,,,,,,,,
2026-07-03T01:01:49.866025+00:00,2026-07-03T01:01:49.865881,2,2,112.4,0.4,112.2,147,112.1,100,,,,,,,,,,,,,,,,,112.6,100,112.7,150,,,,,,,,,,,,,,,,
2026-07-03T01:01:51.202515+00:00,2026-07-03T01:01:51.202660,2,2,112.4,0.4,112.2,103,112.1,100,,,,,,,,,,,,,,,,,112.6,100,112.7,150,,,,,,,,,,,,,,,,
2026-07-03T01:01:51.858650+00:00,2026-07-03T01:01:51.853945,2,2,112.4,0.4,112.2,103,112.1,100,,,,,,,,,,,,,,,,,112.6,50,112.7,150,,,,,,,,,,,,,,,,
2026-07-03T01:01:51.872051+00:00,2026-07-03T01:01:51.871974,1,1,112.35,0.5,112.1,100,,,,,,,,,,,,,,,,,,,112.6,50,,,,,,,,,,,,,,,,,,
2026-07-03T01:01:51.932942+00:00,2026-07-03T01:01:51.932840,2,1,112.35,0.5,112.1,100,112.0,150,,,,,,,,,,,,,,,,,112.6,50,,,,,,,,,,,,,,,,,,
2026-07-03T01:01:51.991879+00:00,2026-07-03T01:01:51.991770,2,2,112.3,0.4,112.1,100,112.0,150,,,,,,,,,,,,,,,,,112.5,150,112.6,50,,,,,,,,,,,,,,,,
2026-07-03T01:01:52.916609+00:00,2026-07-03T01:01:52.916526,2,1,112.3,0.4,112.1,100,112.0,150,,,,,,,,,,,,,,,,,112.5,150,,,,,,,,,,,,,,,,,,
2026-07-03T01:01:52.921724+00:00,2026-07-03T01:01:52.921678,1,1,112.25,0.5,112.0,150,,,,,,,,,,,,,,,,,,,112.5,150,,,,,,,,,,,,,,,,,,
2026-07-03T01:01:52.973962+00:00,2026-07-03T01:01:52.973896,2,1,112.35,0.3,112.2,100,112.0,150,,,,,,,,,,,,,,,,,112.5,150,,,,,,,,,,,,,,,,,,
2026-07-03T01:01:53.023782+00:00,2026-07-03T01:01:53.023690,2,2,112.35,0.3,112.2,100,112.0,150,,,,,,,,,,,,,,,,,112.5,150,112.7,100,,,,,,,,,,,,,,,,
2026-07-03T01:01:53.987235+00:00,2026-07-03T01:01:53.987044,2,2,112.35,0.3,112.2,100,112.0,150,,,,,,,,,,,,,,,,,112.5,100,112.7,100,,,,,,,,,,,,,,,,
2026-07-03T01:01:54.585251+00:00,2026-07-03T01:01:54.585187,2,2,112.35,0.3,112.2,57,112.0,150,,,,,,,,,,,,,,,,,112.5,100,112.7,100,,,,,,,,,,,,,,,,
2026-07-03T01:01:55.040548+00:00,2026-07-03T01:01:55.040482,1,1,112.45,0.5,112.2,57,,,,,,,,,,,,,,,,,,,112.7,100,,,,,,,,,,,,,,,,,,
2026-07-03T01:01:55.096458+00:00,2026-07-03T01:01:55.096349,2,1,112.45,0.5,112.2,57,112.0,150,,,,,,,,,,,,,,,,,112.7,100,,,,,,,,,,,,,,,,,,
2026-07-03T01:01:55.148839+00:00,2026-07-03T01:01:55.148750,2,2,112.35,0.3,112.2,57,112.0,150,,,,,,,,,,,,,,,,,112.5,150,112.7,100,,,,,,,,,,,,,,,,
2026-07-03T01:01:56.077335+00:00,2026-07-03T01:01:56.077242,2,1,112.35,0.3,112.2,57,112.0,150,,,,,,,,,,,,,,,,,112.5,150,,,,,,,,,,,,,,,,,,
2026-07-03T01:01:56.082529+00:00,2026-07-03T01:01:56.082399,1,1,112.25,0.5,112.0,150,,,,,,,,,,,,,,,,,,,112.5,150,,,,,,,,,,,,,,,,,,
2026-07-03T01:01:56.092891+00:00,2026-07-03T01:01:56.092796,1,1,112.25,0.5,112.0,150,,,,,,,,,,,,,,,,,,,112.5,100,,,,,,,,,,,,,,,,,,
2026-07-03T01:01:56.137049+00:00,2026-07-03T01:01:56.136922,2,1,112.25,0.5,112.0,150,111.9,100,,,,,,,,,,,,,,,,,112.5,100,,,,,,,,,,,,,,,,,,
2026-07-03T01:01:56.185791+00:00,2026-07-03T01:01:56.185716,2,1,112.25,0.5,112.0,150,111.9,100,,,,,,,,,,,,,,,,,112.5,51,,,,,,,,,,,,,,,,,,
2026-07-03T01:01:56.201657+00:00,2026-07-03T01:01:56.201563,2,2,112.2,0.4,112.0,150,111.9,100,,,,,,,,,,,,,,,,,112.4,100,112.5,51,,,,,,,,,,,,,,,,
2026-07-03T01:01:56.241791+00:00,2026-07-03T01:01:56.241673,2,2,112.2,0.4,112.0,104,111.9,100,,,,,,,,,,,,,,,,,112.4,100,112.5,51,,,,,,,,,,,,,,,,
2026-07-03T01:01:58.201247+00:00,2026-07-03T01:01:58.201104,2,1,112.2,0.4,112.0,104,111.9,100,,,,,,,,,,,,,,,,,112.4,50,,,,,,,,,,,,,,,,,,
2026-07-03T01:01:58.206435+00:00,2026-07-03T01:01:58.206266,1,1,112.15,0.5,111.9,100,,,,,,,,,,,,,,,,,,,112.4,50,,,,,,,,,,,,,,,,,,
2026-07-03T01:01:58.264112+00:00,2026-07-03T01:01:58.263995,2,1,112.3,0.2,112.2,150,111.9,100,,,,,,,,,,,,,,,,,112.4,50,,,,,,,,,,,,,,,,,,
2026-07-03T01:01:58.319643+00:00,2026-07-03T01:01:58.319570,2,2,112.3,0.2,112.2,150,111.9,100,,,,,,,,,,,,,,,,,112.4,50,112.7,150,,,,,,,,,,,,,,,,
2026-07-03T01:01:58.436994+00:00,2026-07-03T01:01:58.436914,2,2,112.3,0.2,112.2,101,111.9,100,,,,,,,,,,,,,,,,,112.4,50,112.7,150,,,,,,,,,,,,,,,,
2026-07-03T01:01:59.258591+00:00,2026-07-03T01:01:59.253592,1,1,112.45,0.5,112.2,101,,,,,,,,,,,,,,,,,,,112.7,150,,,,,,,,,,,,,,,,,,
2026-07-03T01:01:59.313683+00:00,2026-07-03T01:01:59.313578,2,1,112.45,0.5,112.2,101,112.0,100,,,,,,,,,,,,,,,,,112.7,150,,,,,,,,,,,,,,,,,,
2026-07-03T01:01:59.367041+00:00,2026-07-03T01:01:59.366975,2,2,112.35,0.3,112.2,101,112.0,100,,,,,,,,,,,,,,,,,112.5,100,112.7,150,,,,,,,,,,,,,,,,
2026-07-03T01:02:00.320492+00:00,2026-07-03T01:02:00.320626,2,2,112.35,0.3,112.2,101,112.0,100,,,,,,,,,,,,,,,,,112.5,50,112.7,150,,,,,,,,,,,,,,,,
2026-07-03T01:02:00.420711+00:00,2026-07-03T01:02:00.420546,2,2,112.35,0.3,112.2,101,112.0,100,,,,,,,,,,,,,,,,,112.5,9,112.7,150,,,,,,,,,,,,,,,,
2026-07-03T01:02:01.372040+00:00,2026-07-03T01:02:01.372143,1,1,112.25,0.5,112.0,100,,,,,,,,,,,,,,,,,,,112.5,9,,,,,,,,,,,,,,,,,,
2026-07-03T01:02:01.427148+00:00,2026-07-03T01:02:01.427113,2,1,112.25,0.5,112.0,100,111.9,150,,,,,,,,,,,,,,,,,112.5,9,,,,,,,,,,,,,,,,,,
2026-07-03T01:02:01.478377+00:00,2026-07-03T01:02:01.478276,2,2,112.2,0.4,112.0,100,111.9,150,,,,,,,,,,,,,,,,,112.4,150,112.5,9,,,,,,,,,,,,,,,,
2026-07-03T01:02:02.420186+00:00,2026-07-03T01:02:02.420128,1,1,112.15,0.5,111.9,150,,,,,,,,,,,,,,,,,,,112.4,150,,,,,,,,,,,,,,,,,,
2026-07-03T01:02:02.425416+00:00,2026-07-03T01:02:02.425360,1,1,112.15,0.5,111.9,150,,,,,,,,,,,,,,,,,,,112.4,100,,,,,,,,,,,,,,,,,,
2026-07-03T01:02:02.479838+00:00,2026-07-03T01:02:02.473830,2,1,112.35,0.1,112.3,97,111.9,150,,,,,,,,,,,,,,,,,112.4,100,,,,,,,,,,,,,,,,,,
2026-07-03T01:02:02.526828+00:00,2026-07-03T01:02:02.526720,2,2,112.35,0.1,112.3,97,111.9,150,,,,,,,,,,,,,,,,,112.4,100,112.8,100,,,,,,,,,,,,,,,,
2026-07-03T01:02:03.125255+00:00,2026-07-03T01:02:03.125187,2,2,112.35,0.1,112.3,48,111.9,150,,,,,,,,,,,,,,,,,112.4,100,112.8,100,,,,,,,,,,,,,,,,
2026-07-03T01:02:04.535214+00:00,2026-07-03T01:02:04.535101,1,1,112.55,0.5,112.3,48,,,,,,,,,,,,,,,,,,,112.8,100,,,,,,,,,,,,,,,,,,
2026-07-03T01:02:04.590554+00:00,2026-07-03T01:02:04.590469,1,1,112.55,0.5,112.3,198,,,,,,,,,,,,,,,,,,,112.8,100,,,,,,,,,,,,,,,,,,
2026-07-03T01:02:04.651325+00:00,2026-07-03T01:02:04.651441,1,1,112.55,0.5,112.3,198,,,,,,,,,,,,,,,,,,,112.8,250,,,,,,,,,,,,,,,,,,
2026-07-03T01:02:04.675293+00:00,2026-07-03T01:02:04.675115,1,1,112.55,0.5,112.3,198,,,,,,,,,,,,,,,,,,,112.8,201,,,,,,,,,,,,,,,,,,
2026-07-03T01:02:05.583842+00:00,2026-07-03T01:02:05.583749,1,1,112.55,0.5,112.3,150,,,,,,,,,,,,,,,,,,,112.8,150,,,,,,,,,,,,,,,,,,
2026-07-03T01:02:05.637934+00:00,2026-07-03T01:02:05.637806,2,1,112.7,0.2,112.6,100,112.3,150,,,,,,,,,,,,,,,,,112.8,150,,,,,,,,,,,,,,,,,,
2026-07-03T01:02:05.690387+00:00,2026-07-03T01:02:05.690492,2,2,112.7,0.2,112.6,100,112.3,150,,,,,,,,,,,,,,,,,112.8,150,113.1,100,,,,,,,,,,,,,,,,
2026-07-03T01:02:05.810489+00:00,2026-07-03T01:02:05.810457,2,2,112.7,0.2,112.6,100,112.3,150,,,,,,,,,,,,,,,,,112.8,107,113.1,100,,,,,,,,,,,,,,,,
2026-07-03T01:02:06.313749+00:00,2026-07-03T01:02:06.313702,2,2,112.7,0.2,112.6,54,112.3,150,,,,,,,,,,,,,,,,,112.8,107,113.1,100,,,,,,,,,,,,,,,,
2026-07-03T01:02:06.640290+00:00,2026-07-03T01:02:06.640175,2,2,112.7,0.2,112.6,54,112.3,150,,,,,,,,,,,,,,,,,112.8,57,113.1,100,,,,,,,,,,,,,,,,
2026-07-03T01:02:07.710763+00:00,2026-07-03T01:02:07.710680,1,1,112.85,0.5,112.6,54,,,,,,,,,,,,,,,,,,,113.1,100,,,,,,,,,,,,,,,,,,
2026-07-03T01:02:07.737361+00:00,2026-07-03T01:02:07.731387,1,1,112.85,0.5,112.6,43,,,,,,,,,,,,,,,,,,,113.1,100,,,,,,,,,,,,,,,,,,
2026-07-03T01:02:07.783676+00:00,2026-07-03T01:02:07.771308,2,1,113.05,0.1,113.0,104,112.6,43,,,,,,,,,,,,,,,,,113.1,100,,,,,,,,,,,,,,,,,,
2026-07-03T01:02:07.820660+00:00,2026-07-03T01:02:07.820816,2,2,113.05,0.1,113.0,104,112.6,43,,,,,,,,,,,,,,,,,113.1,100,113.5,150,,,,,,,,,,,,,,,,
2026-07-03T01:02:07.895013+00:00,2026-07-03T01:02:07.894912,2,2,113.05,0.1,113.0,82,112.6,43,,,,,,,,,,,,,,,,,113.1,100,113.5,150,,,,,,,,,,,,,,,,
2026-07-03T01:02:08.745530+00:00,2026-07-03T01:02:08.745652,1,1,113.25,0.5,113.0,82,,,,,,,,,,,,,,,,,,,113.5,150,,,,,,,,,,,,,,,,,,
2026-07-03T01:02:08.750891+00:00,2026-07-03T01:02:08.750842,1,1,113.25,0.5,113.0,82,,,,,,,,,,,,,,,,,,,113.5,100,,,,,,,,,,,,,,,,,,
2026-07-03T01:02:08.800514+00:00,2026-07-03T01:02:08.800431,2,1,113.25,0.5,113.0,82,112.3,100,,,,,,,,,,,,,,,,,113.5,100,,,,,,,,,,,,,,,,,,
2026-07-03T01:02:08.858626+00:00,2026-07-03T01:02:08.853065,1,2,112.55,0.5,112.3,100,,,,,,,,,,,,,,,,,,,112.8,18,113.5,100,,,,,,,,,,,,,,,,
2026-07-03T01:02:08.925341+00:00,2026-07-03T01:02:08.919301,1,2,112.55,0.5,112.3,100,,,,,,,,,,,,,,,,,,,112.8,7,113.5,100,,,,,,,,,,,,,,,,
2026-07-03T01:02:09.847677+00:00,2026-07-03T01:02:09.847638,1,2,112.55,0.5,112.3,58,,,,,,,,,,,,,,,,,,,112.8,7,113.5,100,,,,,,,,,,,,,,,,
2026-07-03T01:02:10.491513+00:00,2026-07-03T01:02:10.491426,1,1,112.9,1.2,112.3,58,,,,,,,,,,,,,,,,,,,113.5,100,,,,,,,,,,,,,,,,,,
2026-07-03T01:02:10.856604+00:00,2026-07-03T01:02:10.856727,1,1,112.9,1.2,112.3,58,,,,,,,,,,,,,,,,,,,113.5,50,,,,,,,,,,,,,,,,,,
2026-07-03T01:02:10.874469+00:00,2026-07-03T01:02:10.874400,1,0,,,112.3,58,,,,,,,,,,,,,,,,,,,,,,,,,,,,,,,,,,,,,,
2026-07-03T01:02:10.924437+00:00,2026-07-03T01:02:10.924325,2,0,,,112.6,150,112.3,58,,,,,,,,,,,,,,,,,,,,,,,,,,,,,,,,,,,,
2026-07-03T01:02:10.977621+00:00,2026-07-03T01:02:10.977553,2,1,112.85,0.5,112.6,150,112.3,58,,,,,,,,,,,,,,,,,113.1,150,,,,,,,,,,,,,,,,,,
2026-07-03T01:02:11.094202+00:00,2026-07-03T01:02:11.094088,2,1,112.85,0.5,112.6,150,112.3,58,,,,,,,,,,,,,,,,,113.1,104,,,,,,,,,,,,,,,,,,
2026-07-03T01:02:11.908420+00:00,2026-07-03T01:02:11.908334,1,1,112.85,0.5,112.6,150,,,,,,,,,,,,,,,,,,,113.1,104,,,,,,,,,,,,,,,,,,
2026-07-03T01:02:11.953253+00:00,2026-07-03T01:02:11.953410,2,1,112.85,0.5,112.6,150,112.4,100,,,,,,,,,,,,,,,,,113.1,104,,,,,,,,,,,,,,,,,,
2026-07-03T01:02:12.011397+00:00,2026-07-03T01:02:12.011243,2,2,112.75,0.3,112.6,150,112.4,100,,,,,,,,,,,,,,,,,112.9,100,113.1,104,,,,,,,,,,,,,,,,
2026-07-03T01:02:13.141566+00:00,2026-07-03T01:02:13.141484,2,2,112.75,0.3,112.6,103,112.4,100,,,,,,,,,,,,,,,,,112.9,100,113.1,104,,,,,,,,,,,,,,,,
2026-07-03T01:02:14.030610+00:00,2026-07-03T01:02:14.030505,1,1,112.65,0.5,112.4,100,,,,,,,,,,,,,,,,,,,112.9,100,,,,,,,,,,,,,,,,,,
2026-07-03T01:02:14.085998+00:00,2026-07-03T01:02:14.085902,2,1,112.85,0.1,112.8,150,112.4,100,,,,,,,,,,,,,,,,,112.9,100,,,,,,,,,,,,,,,,,,
2026-07-03T01:02:14.139086+00:00,2026-07-03T01:02:14.138955,2,2,112.85,0.1,112.8,150,112.4,100,,,,,,,,,,,,,,,,,112.9,100,113.3,150,,,,,,,,,,,,,,,,
2026-07-03T01:02:15.069159+00:00,2026-07-03T01:02:15.069054,1,1,113.05,0.5,112.8,150,,,,,,,,,,,,,,,,,,,113.3,150,,,,,,,,,,,,,,,,,,
2026-07-03T01:02:15.124278+00:00,2026-07-03T01:02:15.124171,2,1,113.05,0.5,112.8,150,112.4,100,,,,,,,,,,,,,,,,,113.3,150,,,,,,,,,,,,,,,,,,
2026-07-03T01:02:15.178441+00:00,2026-07-03T01:02:15.178352,2,2,112.85,0.1,112.8,150,112.4,100,,,,,,,,,,,,,,,,,112.9,100,113.3,150,,,,,,,,,,,,,,,,
2026-07-03T01:02:16.918404+00:00,2026-07-03T01:02:16.911836,2,2,112.85,0.1,112.8,139,112.4,100,,,,,,,,,,,,,,,,,112.9,100,113.3,150,,,,,,,,,,,,,,,,
2026-07-03T01:02:17.192450+00:00,2026-07-03T01:02:17.192395,1,1,112.65,0.5,112.4,100,,,,,,,,,,,,,,,,,,,112.9,100,,,,,,,,,,,,,,,,,,
2026-07-03T01:02:17.227949+00:00,2026-07-03T01:02:17.227819,1,1,112.65,0.5,112.4,50,,,,,,,,,,,,,,,,,,,112.9,100,,,,,,,,,,,,,,,,,,
2026-07-03T01:02:17.263688+00:00,2026-07-03T01:02:17.263842,1,1,112.65,0.5,112.4,200,,,,,,,,,,,,,,,,,,,112.9,100,,,,,,,,,,,,,,,,,,
2026-07-03T01:02:17.297013+00:00,2026-07-03T01:02:17.296953,1,1,112.65,0.5,112.4,200,,,,,,,,,,,,,,,,,,,112.9,250,,,,,,,,,,,,,,,,,,
2026-07-03T01:02:18.115637+00:00,2026-07-03T01:02:18.115561,1,1,112.65,0.5,112.4,157,,,,,,,,,,,,,,,,,,,112.9,250,,,,,,,,,,,,,,,,,,
2026-07-03T01:02:18.231719+00:00,2026-07-03T01:02:18.231698,1,1,112.65,0.5,112.4,150,,,,,,,,,,,,,,,,,,,112.9,150,,,,,,,,,,,,,,,,,,
2026-07-03T01:02:18.286795+00:00,2026-07-03T01:02:18.286690,2,1,112.65,0.5,112.4,150,112.1,100,,,,,,,,,,,,,,,,,112.9,150,,,,,,,,,,,,,,,,,,
2026-07-03T01:02:18.340190+00:00,2026-07-03T01:02:18.340099,2,2,112.5,0.2,112.4,150,112.1,100,,,,,,,,,,,,,,,,,112.6,100,112.9,150,,,,,,,,,,,,,,,,
2026-07-03T01:02:18.649317+00:00,2026-07-03T01:02:18.649264,2,2,112.5,0.2,112.4,150,112.1,100,,,,,,,,,,,,,,,,,112.6,60,112.9,150,,,,,,,,,,,,,,,,
2026-07-03T01:02:19.528418+00:00,2026-07-03T01:02:19.522100,2,2,112.5,0.2,112.4,150,112.1,100,,,,,,,,,,,,,,,,,112.6,49,112.9,150,,,,,,,,,,,,,,,,
2026-07-03T01:02:20.363952+00:00,2026-07-03T01:02:20.363791,1,1,112.35,0.5,112.1,100,,,,,,,,,,,,,,,,,,,112.6,49,,,,,,,,,,,,,,,,,,
2026-07-03T01:02:20.405837+00:00,2026-07-03T01:02:20.405774,2,1,112.55,0.1,112.5,150,112.1,100,,,,,,,,,,,,,,,,,112.6,49,,,,,,,,,,,,,,,,,,
2026-07-03T01:02:20.458612+00:00,2026-07-03T01:02:20.458030,2,2,112.55,0.1,112.5,150,112.1,100,,,,,,,,,,,,,,,,,112.6,49,113.0,150,,,,,,,,,,,,,,,,
2026-07-03T01:02:21.387370+00:00,2026-07-03T01:02:21.387323,2,1,112.75,0.5,112.5,150,112.1,100,,,,,,,,,,,,,,,,,113.0,150,,,,,,,,,,,,,,,,,,
2026-07-03T01:02:21.392624+00:00,2026-07-03T01:02:21.392504,1,1,112.75,0.5,112.5,150,,,,,,,,,,,,,,,,,,,113.0,150,,,,,,,,,,,,,,,,,,
2026-07-03T01:02:21.445961+00:00,2026-07-03T01:02:21.445871,2,1,112.75,0.5,112.5,150,112.2,100,,,,,,,,,,,,,,,,,113.0,150,,,,,,,,,,,,,,,,,,
2026-07-03T01:02:21.498931+00:00,2026-07-03T01:02:21.498844,2,2,112.6,0.2,112.5,150,112.2,100,,,,,,,,,,,,,,,,,112.7,100,113.0,150,,,,,,,,,,,,,,,,
2026-07-03T01:02:22.470286+00:00,2026-07-03T01:02:22.470218,2,2,112.6,0.2,112.5,104,112.2,100,,,,,,,,,,,,,,,,,112.7,100,113.0,150,,,,,,,,,,,,,,,,
2026-07-03T01:02:23.027561+00:00,2026-07-03T01:02:23.027425,2,2,112.6,0.2,112.5,104,112.2,100,,,,,,,,,,,,,,,,,112.7,55,113.0,150,,,,,,,,,,,,,,,,
2026-07-03T01:02:23.517141+00:00,2026-07-03T01:02:23.517049,1,1,112.45,0.5,112.2,100,,,,,,,,,,,,,,,,,,,112.7,55,,,,,,,,,,,,,,,,,,
2026-07-03T01:02:23.570120+00:00,2026-07-03T01:02:23.570020,1,1,112.45,0.5,112.2,250,,,,,,,,,,,,,,,,,,,112.7,55,,,,,,,,,,,,,,,,,,
2026-07-03T01:02:23.626431+00:00,2026-07-03T01:02:23.626304,1,1,112.45,0.5,112.2,250,,,,,,,,,,,,,,,,,,,112.7,205,,,,,,,,,,,,,,,,,,
2026-07-03T01:02:24.548044+00:00,2026-07-03T01:02:24.547976,1,1,112.45,0.5,112.2,250,,,,,,,,,,,,,,,,,,,112.7,150,,,,,,,,,,,,,,,,,,
2026-07-03T01:02:24.553215+00:00,2026-07-03T01:02:24.553130,1,1,112.45,0.5,112.2,150,,,,,,,,,,,,,,,,,,,112.7,150,,,,,,,,,,,,,,,,,,
2026-07-03T01:02:24.624377+00:00,2026-07-03T01:02:24.624288,2,1,112.5,0.4,112.3,100,112.2,150,,,,,,,,,,,,,,,,,112.7,150,,,,,,,,,,,,,,,,,,
2026-07-03T01:02:24.678738+00:00,2026-07-03T01:02:24.678623,2,2,112.5,0.4,112.3,100,112.2,150,,,,,,,,,,,,,,,,,112.7,150,112.8,100,,,,,,,,,,,,,,,,
2026-07-03T01:02:24.917083+00:00,2026-07-03T01:02:24.917013,2,2,112.5,0.4,112.3,100,112.2,150,,,,,,,,,,,,,,,,,112.7,104,112.8,100,,,,,,,,,,,,,,,,
2026-07-03T01:02:25.650438+00:00,2026-07-03T01:02:25.650411,2,2,112.5,0.4,112.3,50,112.2,150,,,,,,,,,,,,,,,,,112.7,104,112.8,100,,,,,,,,,,,,,,,,
2026-07-03T01:02:26.676369+00:00,2026-07-03T01:02:26.676470,2,1,112.55,0.5,112.3,50,112.2,150,,,,,,,,,,,,,,,,,112.8,100,,,,,,,,,,,,,,,,,,
2026-07-03T01:02:26.681733+00:00,2026-07-03T01:02:26.681633,1,1,112.55,0.5,112.3,50,,,,,,,,,,,,,,,,,,,112.8,100,,,,,,,,,,,,,,,,,,
2026-07-03T01:02:26.735093+00:00,2026-07-03T01:02:26.735183,2,1,112.55,0.5,112.3,50,112.2,150,,,,,,,,,,,,,,,,,112.8,100,,,,,,,,,,,,,,,,,,
2026-07-03T01:02:26.784134+00:00,2026-07-03T01:02:26.784092,2,2,112.5,0.4,112.3,50,112.2,150,,,,,,,,,,,,,,,,,112.7,150,112.8,100,,,,,,,,,,,,,,,,
2026-07-03T01:02:27.373475+00:00,2026-07-03T01:02:27.373382,2,2,112.5,0.4,112.3,3,112.2,150,,,,,,,,,,,,,,,,,112.7,150,112.8,100,,,,,,,,,,,,,,,,
2026-07-03T01:02:27.732957+00:00,2026-07-03T01:02:27.732868,1,1,112.45,0.5,112.2,150,,,,,,,,,,,,,,,,,,,112.7,150,,,,,,,,,,,,,,,,,,
2026-07-03T01:02:27.786270+00:00,2026-07-03T01:02:27.786438,2,1,112.45,0.5,112.2,150,111.9,100,,,,,,,,,,,,,,,,,112.7,150,,,,,,,,,,,,,,,,,,
2026-07-03T01:02:27.839081+00:00,2026-07-03T01:02:27.838928,2,2,112.3,0.2,112.2,150,111.9,100,,,,,,,,,,,,,,,,,112.4,100,112.7,150,,,,,,,,,,,,,,,,
2026-07-03T01:02:28.379645+00:00,2026-07-03T01:02:28.379482,2,2,112.3,0.2,112.2,150,111.9,100,,,,,,,,,,,,,,,,,112.4,78,112.7,150,,,,,,,,,,,,,,,,
2026-07-03T01:02:28.809843+00:00,2026-07-03T01:02:28.809736,2,2,112.3,0.2,112.2,103,111.9,100,,,,,,,,,,,,,,,,,112.4,78,112.7,150,,,,,,,,,,,,,,,,
2026-07-03T01:02:29.811745+00:00,2026-07-03T01:02:29.811876,2,2,112.3,0.2,112.2,103,111.9,100,,,,,,,,,,,,,,,,,112.4,28,112.7,150,,,,,,,,,,,,,,,,
2026-07-03T01:02:29.840556+00:00,2026-07-03T01:02:29.840486,1,1,112.15,0.5,111.9,100,,,,,,,,,,,,,,,,,,,112.4,28,,,,,,,,,,,,,,,,,,
2026-07-03T01:02:29.894152+00:00,2026-07-03T01:02:29.889977,2,1,112.2,0.4,112.0,150,111.9,100,,,,,,,,,,,,,,,,,112.4,28,,,,,,,,,,,,,,,,,,
2026-07-03T01:02:29.943370+00:00,2026-07-03T01:02:29.943540,2,2,112.2,0.4,112.0,150,111.9,100,,,,,,,,,,,,,,,,,112.4,28,112.5,150,,,,,,,,,,,,,,,,
2026-07-03T01:02:30.532673+00:00,2026-07-03T01:02:30.532516,2,1,112.25,0.5,112.0,150,111.9,100,,,,,,,,,,,,,,,,,112.5,138,,,,,,,,,,,,,,,,,,
2026-07-03T01:02:30.893293+00:00,2026-07-03T01:02:30.893206,1,1,112.25,0.5,112.0,150,,,,,,,,,,,,,,,,,,,112.5,138,,,,,,,,,,,,,,,,,,
2026-07-03T01:02:30.945869+00:00,2026-07-03T01:02:30.946015,2,1,112.35,0.3,112.2,100,112.0,150,,,,,,,,,,,,,,,,,112.5,138,,,,,,,,,,,,,,,,,,
2026-07-03T01:02:30.999220+00:00,2026-07-03T01:02:30.999095,2,2,112.35,0.3,112.2,100,112.0,150,,,,,,,,,,,,,,,,,112.5,138,112.7,100,,,,,,,,,,,,,,,,
2026-07-03T01:02:31.919460+00:00,2026-07-03T01:02:31.919324,2,2,112.35,0.3,112.2,100,112.0,150,,,,,,,,,,,,,,,,,112.5,88,112.7,100,,,,,,,,,,,,,,,,
2026-07-03T01:02:32.938599+00:00,2026-07-03T01:02:32.938469,2,2,112.35,0.3,112.2,100,112.0,150,,,,,,,,,,,,,,,,,112.5,42,112.7,100,,,,,,,,,,,,,,,,
2026-07-03T01:02:32.998475+00:00,2026-07-03T01:02:32.998417,2,1,112.45,0.5,112.2,100,112.0,150,,,,,,,,,,,,,,,,,112.7,100,,,,,,,,,,,,,,,,,,
2026-07-03T01:02:33.003632+00:00,2026-07-03T01:02:33.003581,1,1,112.45,0.5,112.2,100,,,,,,,,,,,,,,,,,,,112.7,100,,,,,,,,,,,,,,,,,,
2026-07-03T01:02:33.063862+00:00,2026-07-03T01:02:33.063793,2,1,112.6,0.2,112.5,150,112.2,100,,,,,,,,,,,,,,,,,112.7,100,,,,,,,,,,,,,,,,,,
2026-07-03T01:02:33.111774+00:00,2026-07-03T01:02:33.111597,2,2,112.6,0.2,112.5,150,112.2,100,,,,,,,,,,,,,,,,,112.7,100,113.0,150,,,,,,,,,,,,,,,,
2026-07-03T01:02:34.027417+00:00,2026-07-03T01:02:34.027389,2,2,112.6,0.2,112.5,150,112.2,100,,,,,,,,,,,,,,,,,112.7,50,113.0,150,,,,,,,,,,,,,,,,
2026-07-03T01:02:34.053121+00:00,2026-07-03T01:02:34.053038,1,1,112.75,0.5,112.5,150,,,,,,,,,,,,,,,,,,,113.0,150,,,,,,,,,,,,,,,,,,
2026-07-03T01:02:34.106625+00:00,2026-07-03T01:02:34.106594,2,1,112.75,0.5,112.5,150,112.4,100,,,,,,,,,,,,,,,,,113.0,150,,,,,,,,,,,,,,,,,,
2026-07-03T01:02:34.158611+00:00,2026-07-03T01:02:34.153987,2,2,112.7,0.4,112.5,150,112.4,100,,,,,,,,,,,,,,,,,112.9,100,113.0,150,,,,,,,,,,,,,,,,
2026-07-03T01:02:34.497354+00:00,2026-07-03T01:02:34.497239,2,2,112.7,0.4,112.5,107,112.4,100,,,,,,,,,,,,,,,,,112.9,100,113.0,150,,,,,,,,,,,,,,,,
2026-07-03T01:02:36.170181+00:00,2026-07-03T01:02:36.170068,1,1,112.65,0.5,112.4,100,,,,,,,,,,,,,,,,,,,112.9,100,,,,,,,,,,,,,,,,,,
2026-07-03T01:02:36.222474+00:00,2026-07-03T01:02:36.222377,2,1,112.65,0.5,112.4,100,112.3,150,,,,,,,,,,,,,,,,,112.9,100,,,,,,,,,,,,,,,,,,
2026-07-03T01:02:36.232799+00:00,2026-07-03T01:02:36.232761,2,1,112.65,0.5,112.4,52,112.3,150,,,,,,,,,,,,,,,,,112.9,100,,,,,,,,,,,,,,,,,,
2026-07-03T01:02:36.277301+00:00,2026-07-03T01:02:36.277231,2,2,112.6,0.4,112.4,52,112.3,150,,,,,,,,,,,,,,,,,112.8,150,112.9,100,,,,,,,,,,,,,,,,
2026-07-03T01:02:37.213071+00:00,2026-07-03T01:02:37.212982,1,1,112.55,0.5,112.3,150,,,,,,,,,,,,,,,,,,,112.8,150,,,,,,,,,,,,,,,,,,
2026-07-03T01:02:37.267689+00:00,2026-07-03T01:02:37.267630,2,1,112.55,0.5,112.3,150,112.2,100,,,,,,,,,,,,,,,,,112.8,150,,,,,,,,,,,,,,,,,,
2026-07-03T01:02:37.326508+00:00,2026-07-03T01:02:37.326398,2,2,112.5,0.4,112.3,150,112.2,100,,,,,,,,,,,,,,,,,112.7,100,112.8,150,,,,,,,,,,,,,,,,
2026-07-03T01:02:39.343976+00:00,2026-07-03T01:02:39.343854,1,1,112.45,0.5,112.2,100,,,,,,,,,,,,,,,,,,,112.7,100,,,,,,,,,,,,,,,,,,
2026-07-03T01:02:39.401146+00:00,2026-07-03T01:02:39.401275,2,1,112.5,0.4,112.3,150,112.2,100,,,,,,,,,,,,,,,,,112.7,100,,,,,,,,,,,,,,,,,,
2026-07-03T01:02:39.458671+00:00,2026-07-03T01:02:39.453667,2,2,112.5,0.4,112.3,150,112.2,100,,,,,,,,,,,,,,,,,112.7,100,112.8,150,,,,,,,,,,,,,,,,
2026-07-03T01:02:40.384517+00:00,2026-07-03T01:02:40.384637,1,1,112.55,0.5,112.3,150,,,,,,,,,,,,,,,,,,,112.8,150,,,,,,,,,,,,,,,,,,
2026-07-03T01:02:40.434689+00:00,2026-07-03T01:02:40.434791,1,1,112.55,0.5,112.3,250,,,,,,,,,,,,,,,,,,,112.8,150,,,,,,,,,,,,,,,,,,
2026-07-03T01:02:40.489795+00:00,2026-07-03T01:02:40.489689,1,1,112.55,0.5,112.3,250,,,,,,,,,,,,,,,,,,,112.8,250,,,,,,,,,,,,,,,,,,
2026-07-03T01:02:41.173950+00:00,2026-07-03T01:02:41.173806,1,1,112.55,0.5,112.3,250,,,,,,,,,,,,,,,,,,,112.8,203,,,,,,,,,,,,,,,,,,
2026-07-03T01:02:42.508983+00:00,2026-07-03T01:02:42.509106,1,1,112.55,0.5,112.3,100,,,,,,,,,,,,,,,,,,,112.8,100,,,,,,,,,,,,,,,,,,
2026-07-03T01:02:42.522563+00:00,2026-07-03T01:02:42.522691,1,1,112.55,0.5,112.3,50,,,,,,,,,,,,,,,,,,,112.8,100,,,,,,,,,,,,,,,,,,
2026-07-03T01:02:42.564213+00:00,2026-07-03T01:02:42.564105,2,1,112.7,0.2,112.6,150,112.3,50,,,,,,,,,,,,,,,,,112.8,100,,,,,,,,,,,,,,,,,,
2026-07-03T01:02:42.616972+00:00,2026-07-03T01:02:42.617089,2,2,112.7,0.2,112.6,150,112.3,50,,,,,,,,,,,,,,,,,112.8,100,113.1,150,,,,,,,,,,,,,,,,
2026-07-03T01:02:42.630875+00:00,2026-07-03T01:02:42.630761,2,2,112.7,0.2,112.6,102,112.3,50,,,,,,,,,,,,,,,,,112.8,100,113.1,150,,,,,,,,,,,,,,,,
2026-07-03T01:02:43.543208+00:00,2026-07-03T01:02:43.543139,1,1,112.85,0.5,112.6,102,,,,,,,,,,,,,,,,,,,113.1,150,,,,,,,,,,,,,,,,,,
2026-07-03T01:02:43.596228+00:00,2026-07-03T01:02:43.596162,2,1,112.85,0.5,112.6,102,112.3,100,,,,,,,,,,,,,,,,,113.1,150,,,,,,,,,,,,,,,,,,
2026-07-03T01:02:43.649769+00:00,2026-07-03T01:02:43.649696,2,2,112.7,0.2,112.6,102,112.3,100,,,,,,,,,,,,,,,,,112.8,100,113.1,150,,,,,,,,,,,,,,,,
2026-07-03T01:02:44.626818+00:00,2026-07-03T01:02:44.626749,2,2,112.7,0.2,112.6,52,112.3,100,,,,,,,,,,,,,,,,,112.8,100,113.1,150,,,,,,,,,,,,,,,,
2026-07-03T01:02:45.670067+00:00,2026-07-03T01:02:45.669991,1,1,112.55,0.5,112.3,100,,,,,,,,,,,,,,,,,,,112.8,100,,,,,,,,,,,,,,,,,,
2026-07-03T01:02:45.725034+00:00,2026-07-03T01:02:45.724932,2,1,112.6,0.4,112.4,150,112.3,100,,,,,,,,,,,,,,,,,112.8,100,,,,,,,,,,,,,,,,,,
2026-07-03T01:02:45.777539+00:00,2026-07-03T01:02:45.777510,2,2,112.6,0.4,112.4,150,112.3,100,,,,,,,,,,,,,,,,,112.8,100,112.9,150,,,,,,,,,,,,,,,,
2026-07-03T01:02:46.704263+00:00,2026-07-03T01:02:46.704159,1,1,112.65,0.5,112.4,150,,,,,,,,,,,,,,,,,,,112.9,150,,,,,,,,,,,,,,,,,,
2026-07-03T01:02:46.737538+00:00,2026-07-03T01:02:46.737361,1,1,112.65,0.5,112.4,100,,,,,,,,,,,,,,,,,,,112.9,150,,,,,,,,,,,,,,,,,,
2026-07-03T01:02:46.763781+00:00,2026-07-03T01:02:46.763713,2,1,112.65,0.5,112.4,100,112.3,100,,,,,,,,,,,,,,,,,112.9,150,,,,,,,,,,,,,,,,,,
2026-07-03T01:02:46.816727+00:00,2026-07-03T01:02:46.816620,2,2,112.6,0.4,112.4,100,112.3,100,,,,,,,,,,,,,,,,,112.8,100,112.9,150,,,,,,,,,,,,,,,,
2026-07-03T01:02:48.828703+00:00,2026-07-03T01:02:48.828646,1,1,112.55,0.5,112.3,100,,,,,,,,,,,,,,,,,,,112.8,100,,,,,,,,,,,,,,,,,,
2026-07-03T01:02:48.879942+00:00,2026-07-03T01:02:48.879811,2,1,112.55,0.5,112.3,100,112.1,150,,,,,,,,,,,,,,,,,112.8,100,,,,,,,,,,,,,,,,,,
2026-07-03T01:02:48.932936+00:00,2026-07-03T01:02:48.932867,2,2,112.45,0.3,112.3,100,112.1,150,,,,,,,,,,,,,,,,,112.6,150,112.8,100,,,,,,,,,,,,,,,,
2026-07-03T01:02:49.870688+00:00,2026-07-03T01:02:49.870564,1,1,112.35,0.5,112.1,150,,,,,,,,,,,,,,,,,,,112.6,150,,,,,,,,,,,,,,,,,,
2026-07-03T01:02:49.926679+00:00,2026-07-03T01:02:49.926646,2,1,112.5,0.2,112.4,100,112.1,150,,,,,,,,,,,,,,,,,112.6,150,,,,,,,,,,,,,,,,,,
2026-07-03T01:02:49.980036+00:00,2026-07-03T01:02:49.979907,2,2,112.5,0.2,112.4,100,112.1,150,,,,,,,,,,,,,,,,,112.6,150,112.9,100,,,,,,,,,,,,,,,,
2026-07-03T01:02:50.158629+00:00,2026-07-03T01:02:50.155236,2,2,112.5,0.2,112.4,100,112.1,150,,,,,,,,,,,,,,,,,112.6,105,112.9,100,,,,,,,,,,,,,,,,
2026-07-03T01:02:50.945381+00:00,2026-07-03T01:02:50.945266,2,2,112.5,0.2,112.4,50,112.1,150,,,,,,,,,,,,,,,,,112.6,105,112.9,100,,,,,,,,,,,,,,,,
2026-07-03T01:02:51.989889+00:00,2026-07-03T01:02:51.990018,1,1,112.65,0.5,112.4,50,,,,,,,,,,,,,,,,,,,112.9,100,,,,,,,,,,,,,,,,,,
2026-07-03T01:02:52.045215+00:00,2026-07-03T01:02:52.045126,2,1,112.65,0.5,112.4,50,112.3,150,,,,,,,,,,,,,,,,,112.9,100,,,,,,,,,,,,,,,,,,
2026-07-03T01:02:52.095310+00:00,2026-07-03T01:02:52.095169,2,2,112.6,0.4,112.4,50,112.3,150,,,,,,,,,,,,,,,,,112.8,150,112.9,100,,,,,,,,,,,,,,,,
2026-07-03T01:02:52.481429+00:00,2026-07-03T01:02:52.481307,2,2,112.6,0.4,112.4,50,112.3,150,,,,,,,,,,,,,,,,,112.8,103,112.9,100,,,,,,,,,,,,,,,,
2026-07-03T01:02:52.947633+00:00,2026-07-03T01:02:52.947593,2,2,112.6,0.4,112.4,3,112.3,150,,,,,,,,,,,,,,,,,112.8,103,112.9,100,,,,,,,,,,,,,,,,
2026-07-03T01:02:53.039692+00:00,2026-07-03T01:02:53.039568,1,1,112.55,0.5,112.3,150,,,,,,,,,,,,,,,,,,,112.8,103,,,,,,,,,,,,,,,,,,
2026-07-03T01:02:53.108128+00:00,2026-07-03T01:02:53.108085,2,1,112.55,0.5,112.3,150,112.2,100,,,,,,,,,,,,,,,,,112.8,103,,,,,,,,,,,,,,,,,,
2026-07-03T01:02:53.158548+00:00,2026-07-03T01:02:53.154635,2,2,112.5,0.4,112.3,150,112.2,100,,,,,,,,,,,,,,,,,112.7,100,112.8,103,,,,,,,,,,,,,,,,
2026-07-03T01:02:53.576056+00:00,2026-07-03T01:02:53.575949,2,2,112.5,0.4,112.3,150,112.2,100,,,,,,,,,,,,,,,,,112.7,52,112.8,103,,,,,,,,,,,,,,,,
2026-07-03T01:02:55.152144+00:00,2026-07-03T01:02:55.152109,1,1,112.45,0.5,112.2,100,,,,,,,,,,,,,,,,,,,112.7,52,,,,,,,,,,,,,,,,,,
2026-07-03T01:02:55.177045+00:00,2026-07-03T01:02:55.176927,1,1,112.45,0.5,112.2,50,,,,,,,,,,,,,,,,,,,112.7,52,,,,,,,,,,,,,,,,,,
2026-07-03T01:02:55.204351+00:00,2026-07-03T01:02:55.204240,2,1,112.55,0.3,112.4,150,112.2,50,,,,,,,,,,,,,,,,,112.7,52,,,,,,,,,,,,,,,,,,
2026-07-03T01:02:55.263828+00:00,2026-07-03T01:02:55.263776,2,2,112.55,0.3,112.4,150,112.2,50,,,,,,,,,,,,,,,,,112.7,52,112.9,150,,,,,,,,,,,,,,,,
2026-07-03T01:02:56.205602+00:00,2026-07-03T01:02:56.205527,1,1,112.65,0.5,112.4,150,,,,,,,,,,,,,,,,,,,112.9,150,,,,,,,,,,,,,,,,,,
2026-07-03T01:02:56.258622+00:00,2026-07-03T01:02:56.252917,2,1,112.65,0.5,112.4,150,112.1,100,,,,,,,,,,,,,,,,,112.9,150,,,,,,,,,,,,,,,,,,
2026-07-03T01:02:56.325802+00:00,2026-07-03T01:02:56.319520,2,2,112.5,0.2,112.4,150,112.1,100,,,,,,,,,,,,,,,,,112.6,65,112.9,150,,,,,,,,,,,,,,,,
2026-07-03T01:02:57.230407+00:00,2026-07-03T01:02:57.230368,2,2,112.5,0.2,112.4,150,112.1,100,,,,,,,,,,,,,,,,,112.6,15,112.9,150,,,,,,,,,,,,,,,,
2026-07-03T01:02:58.312420+00:00,2026-07-03T01:02:58.312334,1,1,112.35,0.5,112.1,100,,,,,,,,,,,,,,,,,,,112.6,15,,,,,,,,,,,,,,,,,,
2026-07-03T01:02:58.383650+00:00,2026-07-03T01:02:58.383787,2,0,,,112.6,135,112.1,100,,,,,,,,,,,,,,,,,,,,,,,,,,,,,,,,,,,,
2026-07-03T01:02:58.451055+00:00,2026-07-03T01:02:58.444754,2,1,112.85,0.5,112.6,123,112.1,100,,,,,,,,,,,,,,,,,113.1,150,,,,,,,,,,,,,,,,,,
2026-07-03T01:02:59.369748+00:00,2026-07-03T01:02:59.369647,1,1,112.85,0.5,112.6,123,,,,,,,,,,,,,,,,,,,113.1,150,,,,,,,,,,,,,,,,,,
2026-07-03T01:02:59.390319+00:00,2026-07-03T01:02:59.390199,1,1,112.85,0.5,112.6,73,,,,,,,,,,,,,,,,,,,113.1,150,,,,,,,,,,,,,,,,,,
2026-07-03T01:02:59.419307+00:00,2026-07-03T01:02:59.419282,2,1,112.85,0.5,112.6,73,112.5,100,,,,,,,,,,,,,,,,,113.1,150,,,,,,,,,,,,,,,,,,
2026-07-03T01:02:59.475077+00:00,2026-07-03T01:02:59.475179,2,2,112.8,0.4,112.6,73,112.5,100,,,,,,,,,,,,,,,,,113.0,100,113.1,150,,,,,,,,,,,,,,,,
2026-07-03T01:03:00.186162+00:00,2026-07-03T01:03:00.178945,2,2,112.8,0.4,112.6,62,112.5,100,,,,,,,,,,,,,,,,,113.0,100,113.1,150,,,,,,,,,,,,,,,,
2026-07-03T01:03:00.406720+00:00,2026-07-03T01:03:00.406548,2,2,112.8,0.4,112.6,15,112.5,100,,,,,,,,,,,,,,,,,113.0,100,113.1,150,,,,,,,,,,,,,,,,
2026-07-03T01:03:00.949135+00:00,2026-07-03T01:03:00.949220,1,2,112.75,0.5,112.5,72,,,,,,,,,,,,,,,,,,,113.0,100,113.1,150,,,,,,,,,,,,,,,,
2026-07-03T01:03:01.491277+00:00,2026-07-03T01:03:01.491166,1,1,112.75,0.5,112.5,72,,,,,,,,,,,,,,,,,,,113.0,100,,,,,,,,,,,,,,,,,,
2026-07-03T01:03:01.543879+00:00,2026-07-03T01:03:01.543951,2,1,112.75,0.5,112.5,72,112.1,150,,,,,,,,,,,,,,,,,113.0,100,,,,,,,,,,,,,,,,,,
2026-07-03T01:03:01.600728+00:00,2026-07-03T01:03:01.600660,2,2,112.55,0.1,112.5,72,112.1,150,,,,,,,,,,,,,,,,,112.6,150,113.0,100,,,,,,,,,,,,,,,,
2026-07-03T01:03:02.529295+00:00,2026-07-03T01:03:02.529231,1,1,112.35,0.5,112.1,150,,,,,,,,,,,,,,,,,,,112.6,150,,,,,,,,,,,,,,,,,,
2026-07-03T01:03:02.558630+00:00,2026-07-03T01:03:02.550916,1,1,112.35,0.5,112.1,150,,,,,,,,,,,,,,,,,,,112.6,108,,,,,,,,,,,,,,,,,,
2026-07-03T01:03:02.579540+00:00,2026-07-03T01:03:02.579423,2,1,112.5,0.2,112.4,100,112.1,150,,,,,,,,,,,,,,,,,112.6,108,,,,,,,,,,,,,,,,,,
2026-07-03T01:03:02.636494+00:00,2026-07-03T01:03:02.636601,2,2,112.5,0.2,112.4,100,112.1,150,,,,,,,,,,,,,,,,,112.6,108,112.9,100,,,,,,,,,,,,,,,,
2026-07-03T01:03:02.800819+00:00,2026-07-03T01:03:02.795111,2,2,112.5,0.2,112.4,100,112.1,150,,,,,,,,,,,,,,,,,112.6,74,112.9,100,,,,,,,,,,,,,,,,
2026-07-03T01:03:03.558584+00:00,2026-07-03T01:03:03.553685,2,2,112.5,0.2,112.4,100,112.1,150,,,,,,,,,,,,,,,,,112.6,24,112.9,100,,,,,,,,,,,,,,,,
2026-07-03T01:03:04.067664+00:00,2026-07-03T01:03:04.067590,2,1,112.65,0.5,112.4,100,112.1,150,,,,,,,,,,,,,,,,,112.9,79,,,,,,,,,,,,,,,,,,
2026-07-03T01:03:04.605880+00:00,2026-07-03T01:03:04.605690,2,1,112.65,0.5,112.4,100,112.1,150,,,,,,,,,,,,,,,,,112.9,37,,,,,,,,,,,,,,,,,,
2026-07-03T01:03:04.655353+00:00,2026-07-03T01:03:04.655307,1,1,112.65,0.5,112.4,100,,,,,,,,,,,,,,,,,,,112.9,37,,,,,,,,,,,,,,,,,,
2026-07-03T01:03:04.719352+00:00,2026-07-03T01:03:04.712054,2,1,112.85,0.1,112.8,127,112.4,100,,,,,,,,,,,,,,,,,112.9,37,,,,,,,,,,,,,,,,,,
2026-07-03T01:03:04.760972+00:00,2026-07-03T01:03:04.760875,2,2,112.85,0.1,112.8,127,112.4,100,,,,,,,,,,,,,,,,,112.9,37,113.3,150,,,,,,,,,,,,,,,,
2026-07-03T01:03:05.425582+00:00,2026-07-03T01:03:05.419619,2,2,112.85,0.1,112.8,104,112.4,100,,,,,,,,,,,,,,,,,112.9,37,113.3,150,,,,,,,,,,,,,,,,
2026-07-03T01:03:05.658579+00:00,2026-07-03T01:03:05.653491,2,1,113.05,0.5,112.8,104,112.4,100,,,,,,,,,,,,,,,,,113.3,137,,,,,,,,,,,,,,,,,,
2026-07-03T01:03:05.692140+00:00,2026-07-03T01:03:05.692056,1,1,113.05,0.5,112.8,104,,,,,,,,,,,,,,,,,,,113.3,137,,,,,,,,,,,,,,,,,,
2026-07-03T01:03:05.745975+00:00,2026-07-03T01:03:05.745916,2,1,113.05,0.5,112.8,104,112.6,100,,,,,,,,,,,,,,,,,113.3,137,,,,,,,,,,,,,,,,,,
2026-07-03T01:03:05.796440+00:00,2026-07-03T01:03:05.796534,2,2,112.95,0.3,112.8,104,112.6,100,,,,,,,,,,,,,,,,,113.1,100,113.3,137,,,,,,,,,,,,,,,,
2026-07-03T01:03:07.758553+00:00,2026-07-03T01:03:07.758007,2,2,112.95,0.3,112.8,104,112.6,100,,,,,,,,,,,,,,,,,113.1,50,113.3,137,,,,,,,,,,,,,,,,
2026-07-03T01:03:07.811740+00:00,2026-07-03T01:03:07.811922,1,1,112.85,0.5,112.6,100,,,,,,,,,,,,,,,,,,,113.1,50,,,,,,,,,,,,,,,,,,
2026-07-03T01:03:07.870614+00:00,2026-07-03T01:03:07.870457,2,1,112.9,0.4,112.7,150,112.6,100,,,,,,,,,,,,,,,,,113.1,50,,,,,,,,,,,,,,,,,,
2026-07-03T01:03:07.921916+00:00,2026-07-03T01:03:07.922002,2,2,112.9,0.4,112.7,150,112.6,100,,,,,,,,,,,,,,,,,113.1,50,113.2,150,,,,,,,,,,,,,,,,
2026-07-03T01:03:08.848808+00:00,2026-07-03T01:03:08.848744,2,1,112.95,0.5,112.7,150,112.6,100,,,,,,,,,,,,,,,,,113.2,150,,,,,,,,,,,,,,,,,,
2026-07-03T01:03:08.853818+00:00,2026-07-03T01:03:08.853886,1,1,112.95,0.5,112.7,150,,,,,,,,,,,,,,,,,,,113.2,150,,,,,,,,,,,,,,,,,,
2026-07-03T01:03:08.906934+00:00,2026-07-03T01:03:08.906895,2,1,113.1,0.2,113.0,100,112.7,150,,,,,,,,,,,,,,,,,113.2,150,,,,,,,,,,,,,,,,,,
2026-07-03T01:03:08.959745+00:00,2026-07-03T01:03:08.959694,2,2,113.1,0.2,113.0,100,112.7,150,,,,,,,,,,,,,,,,,113.2,150,113.5,100,,,,,,,,,,,,,,,,
2026-07-03T01:03:09.874298+00:00,2026-07-03T01:03:09.874243,2,2,113.1,0.2,113.0,100,112.7,150,,,,,,,,,,,,,,,,,113.2,100,113.5,100,,,,,,,,,,,,,,,,
2026-07-03T01:03:10.978850+00:00,2026-07-03T01:03:10.978672,1,1,113.25,0.5,113.0,100,,,,,,,,,,,,,,,,,,,113.5,100,,,,,,,,,,,,,,,,,,
2026-07-03T01:03:11.031947+00:00,2026-07-03T01:03:11.031868,2,1,113.25,0.5,113.0,100,112.9,150,,,,,,,,,,,,,,,,,113.5,100,,,,,,,,,,,,,,,,,,
2026-07-03T01:03:11.086930+00:00,2026-07-03T01:03:11.086743,2,2,113.2,0.4,113.0,100,112.9,150,,,,,,,,,,,,,,,,,113.4,150,113.5,100,,,,,,,,,,,,,,,,
2026-07-03T01:03:12.009487+00:00,2026-07-03T01:03:12.009361,1,1,113.15,0.5,112.9,150,,,,,,,,,,,,,,,,,,,113.4,150,,,,,,,,,,,,,,,,,,
2026-07-03T01:03:12.058601+00:00,2026-07-03T01:03:12.055838,2,1,113.2,0.4,113.0,100,112.9,150,,,,,,,,,,,,,,,,,113.4,150,,,,,,,,,,,,,,,,,,
2026-07-03T01:03:12.114109+00:00,2026-07-03T01:03:12.114039,2,2,113.2,0.4,113.0,100,112.9,150,,,,,,,,,,,,,,,,,113.4,150,113.5,100,,,,,,,,,,,,,,,,
2026-07-03T01:03:12.405074+00:00,2026-07-03T01:03:12.405026,2,2,113.2,0.4,113.0,58,112.9,150,,,,,,,,,,,,,,,,,113.4,150,113.5,100,,,,,,,,,,,,,,,,
2026-07-03T01:03:13.094003+00:00,2026-07-03T01:03:13.087885,2,2,113.2,0.4,113.0,47,112.9,150,,,,,,,,,,,,,,,,,113.4,150,113.5,100,,,,,,,,,,,,,,,,
2026-07-03T01:03:14.090926+00:00,2026-07-03T01:03:14.091047,2,2,113.2,0.4,113.0,47,112.9,150,,,,,,,,,,,,,,,,,113.4,100,113.5,100,,,,,,,,,,,,,,,,
2026-07-03T01:03:14.141313+00:00,2026-07-03T01:03:14.141281,1,1,113.25,0.5,113.0,47,,,,,,,,,,,,,,,,,,,113.5,100,,,,,,,,,,,,,,,,,,
2026-07-03T01:03:14.196169+00:00,2026-07-03T01:03:14.196066,1,1,113.25,0.5,113.0,197,,,,,,,,,,,,,,,,,,,113.5,100,,,,,,,,,,,,,,,,,,
2026-07-03T01:03:14.249463+00:00,2026-07-03T01:03:14.249551,1,1,113.25,0.5,113.0,197,,,,,,,,,,,,,,,,,,,113.5,250,,,,,,,,,,,,,,,,,,
2026-07-03T01:03:14.495334+00:00,2026-07-03T01:03:14.495147,1,1,113.25,0.5,113.0,152,,,,,,,,,,,,,,,,,,,113.5,250,,,,,,,,,,,,,,,,,,
2026-07-03T01:03:15.167367+00:00,2026-07-03T01:03:15.167488,1,1,113.25,0.5,113.0,152,,,,,,,,,,,,,,,,,,,113.5,150,,,,,,,,,,,,,,,,,,
2026-07-03T01:03:15.172725+00:00,2026-07-03T01:03:15.172623,1,1,113.25,0.5,113.0,150,,,,,,,,,,,,,,,,,,,113.5,150,,,,,,,,,,,,,,,,,,
2026-07-03T01:03:15.219745+00:00,2026-07-03T01:03:15.219665,2,1,113.25,0.5,113.0,150,112.6,100,,,,,,,,,,,,,,,,,113.5,150,,,,,,,,,,,,,,,,,,
2026-07-03T01:03:15.272010+00:00,2026-07-03T01:03:15.271960,2,2,113.05,0.1,113.0,150,112.6,100,,,,,,,,,,,,,,,,,113.1,100,113.5,150,,,,,,,,,,,,,,,,
2026-07-03T01:03:15.918752+00:00,2026-07-03T01:03:15.913285,2,2,113.05,0.1,113.0,139,112.6,100,,,,,,,,,,,,,,,,,113.1,100,113.5,150,,,,,,,,,,,,,,,,
2026-07-03T01:03:17.304367+00:00,2026-07-03T01:03:17.304553,1,1,112.85,0.5,112.6,100,,,,,,,,,,,,,,,,,,,113.1,100,,,,,,,,,,,,,,,,,,
2026-07-03T01:03:17.364113+00:00,2026-07-03T01:03:17.364009,2,1,112.95,0.3,112.8,150,112.6,100,,,,,,,,,,,,,,,,,113.1,100,,,,,,,,,,,,,,,,,,
2026-07-03T01:03:17.411494+00:00,2026-07-03T01:03:17.411396,2,2,112.95,0.3,112.8,150,112.6,100,,,,,,,,,,,,,,,,,113.1,100,113.3,150,,,,,,,,,,,,,,,,
2026-07-03T01:03:17.634240+00:00,2026-07-03T01:03:17.634178,2,2,112.95,0.3,112.8,109,112.6,100,,,,,,,,,,,,,,,,,113.1,100,113.3,150,,,,,,,,,,,,,,,,
2026-07-03T01:03:18.327110+00:00,2026-07-03T01:03:18.327011,1,1,113.05,0.5,112.8,109,,,,,,,,,,,,,,,,,,,113.3,150,,,,,,,,,,,,,,,,,,
2026-07-03T01:03:18.358990+00:00,2026-07-03T01:03:18.358770,1,1,113.05,0.5,112.8,59,,,,,,,,,,,,,,,,,,,113.3,150,,,,,,,,,,,,,,,,,,
2026-07-03T01:03:18.379884+00:00,2026-07-03T01:03:18.379807,2,1,113.05,0.5,112.8,59,112.5,100,,,,,,,,,,,,,,,,,113.3,150,,,,,,,,,,,,,,,,,,
2026-07-03T01:03:18.437147+00:00,2026-07-03T01:03:18.437074,2,2,112.9,0.2,112.8,59,112.5,100,,,,,,,,,,,,,,,,,113.0,100,113.3,150,,,,,,,,,,,,,,,,
2026-07-03T01:03:19.758746+00:00,2026-07-03T01:03:19.748046,2,2,112.9,0.2,112.8,59,112.5,100,,,,,,,,,,,,,,,,,113.0,51,113.3,150,,,,,,,,,,,,,,,,
2026-07-03T01:03:20.458572+00:00,2026-07-03T01:03:20.456874,1,1,112.75,0.5,112.5,100,,,,,,,,,,,,,,,,,,,113.0,51,,,,,,,,,,,,,,,,,,
2026-07-03T01:03:20.519188+00:00,2026-07-03T01:03:20.519132,2,1,112.75,0.5,112.5,100,112.3,150,,,,,,,,,,,,,,,,,113.0,51,,,,,,,,,,,,,,,,,,
2026-07-03T01:03:20.581874+00:00,2026-07-03T01:03:20.575681,2,2,112.65,0.3,112.5,100,112.3,150,,,,,,,,,,,,,,,,,112.8,139,113.0,51,,,,,,,,,,,,,,,,
2026-07-03T01:03:21.161642+00:00,2026-07-03T01:03:21.155676,2,2,112.65,0.3,112.5,100,112.3,150,,,,,,,,,,,,,,,,,112.8,116,113.0,51,,,,,,,,,,,,,,,,
2026-07-03T01:03:21.224752+00:00,2026-07-03T01:03:21.224707,2,2,112.65,0.3,112.5,100,112.3,150,,,,,,,,,,,,,,,,,112.8,71,113.0,51,,,,,,,,,,,,,,,,
2026-07-03T01:03:21.487349+00:00,2026-07-03T01:03:21.487320,2,1,112.65,0.3,112.5,100,112.3,150,,,,,,,,,,,,,,,,,112.8,71,,,,,,,,,,,,,,,,,,
2026-07-03T01:03:21.492533+00:00,2026-07-03T01:03:21.492467,1,1,112.55,0.5,112.3,150,,,,,,,,,,,,,,,,,,,112.8,71,,,,,,,,,,,,,,,,,,
2026-07-03T01:03:21.546638+00:00,2026-07-03T01:03:21.546710,2,0,,,112.9,29,112.3,150,,,,,,,,,,,,,,,,,,,,,,,,,,,,,,,,,,,,
2026-07-03T01:03:21.598657+00:00,2026-07-03T01:03:21.598591,2,1,113.15,0.5,112.9,29,112.3,150,,,,,,,,,,,,,,,,,113.4,100,,,,,,,,,,,,,,,,,,
2026-07-03T01:03:22.569292+00:00,2026-07-03T01:03:22.569215,1,1,112.85,1.1,112.3,129,,,,,,,,,,,,,,,,,,,113.4,100,,,,,,,,,,,,,,,,,,
2026-07-03T01:03:23.621106+00:00,2026-07-03T01:03:23.621040,0,1,,,,,,,,,,,,,,,,,,,,,,,113.4,100,,,,,,,,,,,,,,,,,,
2026-07-03T01:03:23.681343+00:00,2026-07-03T01:03:23.676066,1,1,113.2,0.4,113.0,138,,,,,,,,,,,,,,,,,,,113.4,100,,,,,,,,,,,,,,,,,,
2026-07-03T01:03:23.726959+00:00,2026-07-03T01:03:23.726842,1,2,113.2,0.4,113.0,138,,,,,,,,,,,,,,,,,,,113.4,100,113.5,150,,,,,,,,,,,,,,,,
2026-07-03T01:03:23.996624+00:00,2026-07-03T01:03:23.990265,1,2,113.2,0.4,113.0,127,,,,,,,,,,,,,,,,,,,113.4,100,113.5,150,,,,,,,,,,,,,,,,
2026-07-03T01:03:24.658601+00:00,2026-07-03T01:03:24.651407,1,1,113.25,0.5,113.0,127,,,,,,,,,,,,,,,,,,,113.5,150,,,,,,,,,,,,,,,,,,
2026-07-03T01:03:24.704578+00:00,2026-07-03T01:03:24.704482,2,1,113.25,0.5,113.0,127,112.5,100,,,,,,,,,,,,,,,,,113.5,150,,,,,,,,,,,,,,,,,,
2026-07-03T01:03:24.758539+00:00,2026-07-03T01:03:24.757193,2,1,113.25,0.5,113.0,27,112.5,100,,,,,,,,,,,,,,,,,113.5,150,,,,,,,,,,,,,,,,,,
2026-07-03T01:03:26.782156+00:00,2026-07-03T01:03:26.781989,1,0,,,112.5,100,,,,,,,,,,,,,,,,,,,,,,,,,,,,,,,,,,,,,,
2026-07-03T01:03:26.787372+00:00,2026-07-03T01:03:26.787251,1,0,,,112.5,50,,,,,,,,,,,,,,,,,,,,,,,,,,,,,,,,,,,,,,
2026-07-03T01:03:26.837954+00:00,2026-07-03T01:03:26.837872,2,0,,,112.5,50,112.4,150,,,,,,,,,,,,,,,,,,,,,,,,,,,,,,,,,,,,
2026-07-03T01:03:26.890898+00:00,2026-07-03T01:03:26.890691,2,1,112.7,0.4,112.5,50,112.4,150,,,,,,,,,,,,,,,,,112.9,150,,,,,,,,,,,,,,,,,,
2026-07-03T01:03:27.721699+00:00,2026-07-03T01:03:27.714613,2,1,112.7,0.4,112.5,50,112.4,150,,,,,,,,,,,,,,,,,112.9,127,,,,,,,,,,,,,,,,,,
2026-07-03T01:03:27.814332+00:00,2026-07-03T01:03:27.814291,1,1,112.65,0.5,112.4,150,,,,,,,,,,,,,,,,,,,112.9,127,,,,,,,,,,,,,,,,,,
2026-07-03T01:03:27.873782+00:00,2026-07-03T01:03:27.873725,1,1,112.65,0.5,112.4,150,,,,,,,,,,,,,,,,,,,112.9,27,,,,,,,,,,,,,,,,,,
2026-07-03T01:03:27.929388+00:00,2026-07-03T01:03:27.929277,1,2,112.65,0.5,112.4,150,,,,,,,,,,,,,,,,,,,112.9,27,113.4,100,,,,,,,,,,,,,,,,
2026-07-03T01:03:28.000932+00:00,2026-07-03T01:03:28.000862,1,2,112.65,0.5,112.4,103,,,,,,,,,,,,,,,,,,,112.9,27,113.4,100,,,,,,,,,,,,,,,,
2026-07-03T01:03:29.945323+00:00,2026-07-03T01:03:29.945277,0,1,,,,,,,,,,,,,,,,,,,,,,,113.4,100,,,,,,,,,,,,,,,,,,
2026-07-03T01:03:30.004190+00:00,2026-07-03T01:03:30.004067,1,1,113.2,0.4,113.0,150,,,,,,,,,,,,,,,,,,,113.4,100,,,,,,,,,,,,,,,,,,
2026-07-03T01:03:30.068958+00:00,2026-07-03T01:03:30.068845,1,2,113.2,0.4,113.0,150,,,,,,,,,,,,,,,,,,,113.4,100,113.5,150,,,,,,,,,,,,,,,,
2026-07-03T01:03:30.984089+00:00,2026-07-03T01:03:30.984058,1,1,113.25,0.5,113.0,150,,,,,,,,,,,,,,,,,,,113.5,150,,,,,,,,,,,,,,,,,,
2026-07-03T01:03:30.994584+00:00,2026-07-03T01:03:30.994523,1,1,113.25,0.5,113.0,100,,,,,,,,,,,,,,,,,,,113.5,150,,,,,,,,,,,,,,,,,,
2026-07-03T01:03:31.058609+00:00,2026-07-03T01:03:31.045680,2,1,113.25,0.5,113.0,100,112.5,100,,,,,,,,,,,,,,,,,113.5,150,,,,,,,,,,,,,,,,,,
2026-07-03T01:03:31.100041+00:00,2026-07-03T01:03:31.099971,1,1,113.0,1.0,112.5,100,,,,,,,,,,,,,,,,,,,113.5,150,,,,,,,,,,,,,,,,,,
2026-07-03T01:03:33.111599+00:00,2026-07-03T01:03:33.111522,1,0,,,112.5,50,,,,,,,,,,,,,,,,,,,,,,,,,,,,,,,,,,,,,,
2026-07-03T01:03:33.153330+00:00,2026-07-03T01:03:33.155101,2,0,,,112.5,50,112.3,150,,,,,,,,,,,,,,,,,,,,,,,,,,,,,,,,,,,,
2026-07-03T01:03:33.229636+00:00,2026-07-03T01:03:33.221864,2,1,112.65,0.3,112.5,50,112.3,150,,,,,,,,,,,,,,,,,112.8,139,,,,,,,,,,,,,,,,,,
2026-07-03T01:03:34.156664+00:00,2026-07-03T01:03:34.156544,1,1,112.55,0.5,112.3,150,,,,,,,,,,,,,,,,,,,112.8,139,,,,,,,,,,,,,,,,,,
2026-07-03T01:03:34.209330+00:00,2026-07-03T01:03:34.209294,2,1,112.75,0.1,112.7,100,112.3,150,,,,,,,,,,,,,,,,,112.8,139,,,,,,,,,,,,,,,,,,
2026-07-03T01:03:34.266030+00:00,2026-07-03T01:03:34.265983,2,2,112.75,0.1,112.7,100,112.3,150,,,,,,,,,,,,,,,,,112.8,139,113.2,100,,,,,,,,,,,,,,,,
2026-07-03T01:03:35.219700+00:00,2026-07-03T01:03:35.219559,2,2,112.75,0.1,112.7,50,112.3,150,,,,,,,,,,,,,,,,,112.8,139,113.2,100,,,,,,,,,,,,,,,,
2026-07-03T01:03:36.151687+00:00,2026-07-03T01:03:36.151790,2,2,112.75,0.1,112.7,50,112.3,150,,,,,,,,,,,,,,,,,112.8,94,113.2,100,,,,,,,,,,,,,,,,
2026-07-03T01:03:36.270077+00:00,2026-07-03T01:03:36.270005,1,1,112.95,0.5,112.7,50,,,,,,,,,,,,,,,,,,,113.2,100,,,,,,,,,,,,,,,,,,
2026-07-03T01:03:36.325431+00:00,2026-07-03T01:03:36.325381,2,1,112.95,0.5,112.7,50,112.6,150,,,,,,,,,,,,,,,,,113.2,100,,,,,,,,,,,,,,,,,,
2026-07-03T01:03:36.378740+00:00,2026-07-03T01:03:36.378661,2,2,112.9,0.4,112.7,50,112.6,150,,,,,,,,,,,,,,,,,113.1,150,113.2,100,,,,,,,,,,,,,,,,
2026-07-03T01:03:37.325308+00:00,2026-07-03T01:03:37.325229,1,1,112.85,0.5,112.6,100,,,,,,,,,,,,,,,,,,,113.1,150,,,,,,,,,,,,,,,,,,
2026-07-03T01:03:37.379237+00:00,2026-07-03T01:03:37.379167,2,1,112.95,0.3,112.8,100,112.6,100,,,,,,,,,,,,,,,,,113.1,150,,,,,,,,,,,,,,,,,,
2026-07-03T01:03:37.432137+00:00,2026-07-03T01:03:37.432027,2,2,112.95,0.3,112.8,100,112.6,100,,,,,,,,,,,,,,,,,113.1,150,113.3,100,,,,,,,,,,,,,,,,
2026-07-03T01:03:37.791008+00:00,2026-07-03T01:03:37.790885,2,2,112.95,0.3,112.8,100,112.6,100,,,,,,,,,,,,,,,,,113.1,106,113.3,100,,,,,,,,,,,,,,,,
2026-07-03T01:03:38.518732+00:00,2026-07-03T01:03:38.493301,2,2,112.95,0.3,112.8,56,112.6,100,,,,,,,,,,,,,,,,,113.1,106,113.3,100,,,,,,,,,,,,,,,,
2026-07-03T01:03:39.434104+00:00,2026-07-03T01:03:39.434059,2,1,113.05,0.5,112.8,6,112.6,100,,,,,,,,,,,,,,,,,113.3,100,,,,,,,,,,,,,,,,,,
2026-07-03T01:03:39.439347+00:00,2026-07-03T01:03:39.439225,1,1,113.05,0.5,112.8,6,,,,,,,,,,,,,,,,,,,113.3,100,,,,,,,,,,,,,,,,,,
2026-07-03T01:03:39.490908+00:00,2026-07-03T01:03:39.490984,2,1,113.05,0.5,112.8,6,112.4,150,,,,,,,,,,,,,,,,,113.3,100,,,,,,,,,,,,,,,,,,
2026-07-03T01:03:39.541409+00:00,2026-07-03T01:03:39.541479,2,2,112.85,0.1,112.8,6,112.4,150,,,,,,,,,,,,,,,,,112.9,150,113.3,100,,,,,,,,,,,,,,,,
2026-07-03T01:03:40.181527+00:00,2026-07-03T01:03:40.181447,1,2,112.65,0.5,112.4,109,,,,,,,,,,,,,,,,,,,112.9,150,113.3,100,,,,,,,,,,,,,,,,
2026-07-03T01:03:40.485537+00:00,2026-07-03T01:03:40.485404,1,1,112.65,0.5,112.4,109,,,,,,,,,,,,,,,,,,,112.9,150,,,,,,,,,,,,,,,,,,
2026-07-03T01:03:40.539497+00:00,2026-07-03T01:03:40.539378,2,1,112.65,0.5,112.4,109,112.2,100,,,,,,,,,,,,,,,,,112.9,150,,,,,,,,,,,,,,,,,,
2026-07-03T01:03:40.603215+00:00,2026-07-03T01:03:40.596535,2,2,112.55,0.3,112.4,109,112.2,100,,,,,,,,,,,,,,,,,112.7,88,112.9,150,,,,,,,,,,,,,,,,
2026-07-03T01:03:40.844581+00:00,2026-07-03T01:03:40.838980,2,2,112.55,0.3,112.4,109,112.2,100,,,,,,,,,,,,,,,,,112.7,77,112.9,150,,,,,,,,,,,,,,,,
2026-07-03T01:03:41.749601+00:00,2026-07-03T01:03:41.749565,2,2,112.55,0.3,112.4,109,112.2,100,,,,,,,,,,,,,,,,,112.7,28,112.9,150,,,,,,,,,,,,,,,,
2026-07-03T01:03:42.597695+00:00,2026-07-03T01:03:42.597602,1,1,112.45,0.5,112.2,100,,,,,,,,,,,,,,,,,,,112.7,28,,,,,,,,,,,,,,,,,,
2026-07-03T01:03:42.652936+00:00,2026-07-03T01:03:42.653064,2,1,112.5,0.4,112.3,150,112.2,100,,,,,,,,,,,,,,,,,112.7,28,,,,,,,,,,,,,,,,,,
2026-07-03T01:03:42.719590+00:00,2026-07-03T01:03:42.719491,2,2,112.5,0.4,112.3,150,112.2,100,,,,,,,,,,,,,,,,,112.7,28,112.8,150,,,,,,,,,,,,,,,,
2026-07-03T01:03:43.647122+00:00,2026-07-03T01:03:43.647243,1,1,112.55,0.5,112.3,150,,,,,,,,,,,,,,,,,,,112.8,150,,,,,,,,,,,,,,,,,,
2026-07-03T01:03:43.668688+00:00,2026-07-03T01:03:43.668823,1,1,112.55,0.5,112.3,100,,,,,,,,,,,,,,,,,,,112.8,150,,,,,,,,,,,,,,,,,,
2026-07-03T01:03:43.702579+00:00,2026-07-03T01:03:43.702452,2,1,112.65,0.3,112.5,100,112.3,100,,,,,,,,,,,,,,,,,112.8,150,,,,,,,,,,,,,,,,,,
2026-07-03T01:03:43.754211+00:00,2026-07-03T01:03:43.754130,2,2,112.65,0.3,112.5,100,112.3,100,,,,,,,,,,,,,,,,,112.8,150,113.0,100,,,,,,,,,,,,,,,,
2026-07-03T01:03:44.458563+00:00,2026-07-03T01:03:44.457491,2,2,112.65,0.3,112.5,100,112.3,100,,,,,,,,,,,,,,,,,112.8,110,113.0,100,,,,,,,,,,,,,,,,
2026-07-03T01:03:45.773230+00:00,2026-07-03T01:03:45.773092,1,1,112.75,0.5,112.5,100,,,,,,,,,,,,,,,,,,,113.0,100,,,,,,,,,,,,,,,,,,
2026-07-03T01:03:45.778384+00:00,2026-07-03T01:03:45.778281,1,1,112.75,0.5,112.5,50,,,,,,,,,,,,,,,,,,,113.0,100,,,,,,,,,,,,,,,,,,
2026-07-03T01:03:45.827537+00:00,2026-07-03T01:03:45.827451,2,1,112.75,0.5,112.5,50,112.2,150,,,,,,,,,,,,,,,,,113.0,100,,,,,,,,,,,,,,,,,,
2026-07-03T01:03:45.875546+00:00,2026-07-03T01:03:45.875529,2,2,112.6,0.2,112.5,50,112.2,150,,,,,,,,,,,,,,,,,112.7,150,113.0,100,,,,,,,,,,,,,,,,
2026-07-03T01:03:46.808051+00:00,2026-07-03T01:03:46.808202,1,1,112.45,0.5,112.2,150,,,,,,,,,,,,,,,,,,,112.7,150,,,,,,,,,,,,,,,,,,
2026-07-03T01:03:46.858571+00:00,2026-07-03T01:03:46.856147,1,1,112.45,0.5,112.2,250,,,,,,,,,,,,,,,,,,,112.7,150,,,,,,,,,,,,,,,,,,
2026-07-03T01:03:46.913347+00:00,2026-07-03T01:03:46.913237,1,1,112.45,0.5,112.2,250,,,,,,,,,,,,,,,,,,,112.7,250,,,,,,,,,,,,,,,,,,
2026-07-03T01:03:47.882880+00:00,2026-07-03T01:03:47.882706,1,1,112.45,0.5,112.2,200,,,,,,,,,,,,,,,,,,,112.7,250,,,,,,,,,,,,,,,,,,
2026-07-03T01:03:48.933631+00:00,2026-07-03T01:03:48.933551,1,1,112.45,0.5,112.2,100,,,,,,,,,,,,,,,,,,,112.7,100,,,,,,,,,,,,,,,,,,
2026-07-03T01:03:48.983959+00:00,2026-07-03T01:03:48.983859,1,1,112.45,0.5,112.2,250,,,,,,,,,,,,,,,,,,,112.7,100,,,,,,,,,,,,,,,,,,
2026-07-03T01:03:49.040758+00:00,2026-07-03T01:03:49.040841,1,1,112.45,0.5,112.2,250,,,,,,,,,,,,,,,,,,,112.7,250,,,,,,,,,,,,,,,,,,
2026-07-03T01:03:49.974122+00:00,2026-07-03T01:03:49.974057,1,1,112.45,0.5,112.2,150,,,,,,,,,,,,,,,,,,,112.7,150,,,,,,,,,,,,,,,,,,
2026-07-03T01:03:49.990175+00:00,2026-07-03T01:03:49.990041,1,1,112.45,0.5,112.2,100,,,,,,,,,,,,,,,,,,,112.7,150,,,,,,,,,,,,,,,,,,
2026-07-03T01:03:50.036756+00:00,2026-07-03T01:03:50.036877,2,1,112.5,0.4,112.3,100,112.2,100,,,,,,,,,,,,,,,,,112.7,150,,,,,,,,,,,,,,,,,,
2026-07-03T01:03:50.089743+00:00,2026-07-03T01:03:50.089823,2,2,112.5,0.4,112.3,100,112.2,100,,,,,,,,,,,,,,,,,112.7,150,112.8,100,,,,,,,,,,,,,,,,
2026-07-03T01:03:52.058548+00:00,2026-07-03T01:03:52.046743,2,2,112.5,0.4,112.3,100,112.2,100,,,,,,,,,,,,,,,,,112.7,100,112.8,100,,,,,,,,,,,,,,,,
2026-07-03T01:03:52.094294+00:00,2026-07-03T01:03:52.094180,1,1,112.55,0.5,112.3,100,,,,,,,,,,,,,,,,,,,112.8,100,,,,,,,,,,,,,,,,,,
2026-07-03T01:03:52.147856+00:00,2026-07-03T01:03:52.147767,2,1,112.55,0.5,112.3,100,112.0,150,,,,,,,,,,,,,,,,,112.8,100,,,,,,,,,,,,,,,,,,
2026-07-03T01:03:52.200475+00:00,2026-07-03T01:03:52.200416,2,2,112.4,0.2,112.3,100,112.0,150,,,,,,,,,,,,,,,,,112.5,150,112.8,100,,,,,,,,,,,,,,,,
2026-07-03T01:03:52.678847+00:00,2026-07-03T01:03:52.672272,2,2,112.4,0.2,112.3,100,112.0,150,,,,,,,,,,,,,,,,,112.5,147,112.8,100,,,,,,,,,,,,,,,,
2026-07-03T01:03:53.145828+00:00,2026-07-03T01:03:53.145672,1,1,112.25,0.5,112.0,150,,,,,,,,,,,,,,,,,,,112.5,147,,,,,,,,,,,,,,,,,,
2026-07-03T01:03:53.199229+00:00,2026-07-03T01:03:53.199173,2,1,112.4,0.2,112.3,100,112.0,150,,,,,,,,,,,,,,,,,112.5,147,,,,,,,,,,,,,,,,,,
2026-07-03T01:03:53.251380+00:00,2026-07-03T01:03:53.251471,2,2,112.4,0.2,112.3,100,112.0,150,,,,,,,,,,,,,,,,,112.5,147,112.8,100,,,,,,,,,,,,,,,,
2026-07-03T01:03:54.158652+00:00,2026-07-03T01:03:54.152902,2,2,112.4,0.2,112.3,100,112.0,150,,,,,,,,,,,,,,,,,112.5,97,112.8,100,,,,,,,,,,,,,,,,
2026-07-03T01:03:55.258649+00:00,2026-07-03T01:03:55.254339,1,1,112.55,0.5,112.3,100,,,,,,,,,,,,,,,,,,,112.8,100,,,,,,,,,,,,,,,,,,
2026-07-03T01:03:55.307653+00:00,2026-07-03T01:03:55.307539,1,1,112.55,0.5,112.3,250,,,,,,,,,,,,,,,,,,,112.8,100,,,,,,,,,,,,,,,,,,
2026-07-03T01:03:55.359406+00:00,2026-07-03T01:03:55.359356,1,1,112.55,0.5,112.3,250,,,,,,,,,,,,,,,,,,,112.8,250,,,,,,,,,,,,,,,,,,
2026-07-03T01:03:56.300106+00:00,2026-07-03T01:03:56.300311,1,1,112.55,0.5,112.3,250,,,,,,,,,,,,,,,,,,,112.8,150,,,,,,,,,,,,,,,,,,
2026-07-03T01:03:56.305551+00:00,2026-07-03T01:03:56.305494,1,1,112.55,0.5,112.3,150,,,,,,,,,,,,,,,,,,,112.8,150,,,,,,,,,,,,,,,,,,
2026-07-03T01:03:56.334666+00:00,2026-07-03T01:03:56.334551,1,1,112.55,0.5,112.3,100,,,,,,,,,,,,,,,,,,,112.8,150,,,,,,,,,,,,,,,,,,
2026-07-03T01:03:56.364002+00:00,2026-07-03T01:03:56.363969,1,1,112.55,0.5,112.3,200,,,,,,,,,,,,,,,,,,,112.8,150,,,,,,,,,,,,,,,,,,
2026-07-03T01:03:56.409076+00:00,2026-07-03T01:03:56.409027,1,1,112.55,0.5,112.3,200,,,,,,,,,,,,,,,,,,,112.8,250,,,,,,,,,,,,,,,,,,
2026-07-03T01:03:56.872861+00:00,2026-07-03T01:03:56.872719,1,1,112.55,0.5,112.3,157,,,,,,,,,,,,,,,,,,,112.8,250,,,,,,,,,,,,,,,,,,
2026-07-03T01:03:57.458635+00:00,2026-07-03T01:03:57.454397,1,1,112.55,0.5,112.3,157,,,,,,,,,,,,,,,,,,,112.8,207,,,,,,,,,,,,,,,,,,
2026-07-03T01:03:58.412313+00:00,2026-07-03T01:03:58.412228,1,1,112.55,0.5,112.3,100,,,,,,,,,,,,,,,,,,,112.8,100,,,,,,,,,,,,,,,,,,
2026-07-03T01:03:58.469360+00:00,2026-07-03T01:03:58.469476,2,1,112.55,0.5,112.3,100,112.2,150,,,,,,,,,,,,,,,,,112.8,100,,,,,,,,,,,,,,,,,,
2026-07-03T01:03:58.521351+00:00,2026-07-03T01:03:58.521279,2,2,112.5,0.4,112.3,100,112.2,150,,,,,,,,,,,,,,,,,112.7,150,112.8,100,,,,,,,,,,,,,,,,
2026-07-03T01:03:59.023100+00:00,2026-07-03T01:03:59.023285,2,2,112.5,0.4,112.3,100,112.2,150,,,,,,,,,,,,,,,,,112.7,107,112.8,100,,,,,,,,,,,,,,,,
2026-07-03T01:03:59.465234+00:00,2026-07-03T01:03:59.465110,1,1,112.45,0.5,112.2,150,,,,,,,,,,,,,,,,,,,112.7,107,,,,,,,,,,,,,,,,,,
2026-07-03T01:03:59.519420+00:00,2026-07-03T01:03:59.519587,2,1,112.5,0.4,112.3,100,112.2,150,,,,,,,,,,,,,,,,,112.7,107,,,,,,,,,,,,,,,,,,
2026-07-03T01:03:59.572304+00:00,2026-07-03T01:03:59.572259,2,2,112.5,0.4,112.3,100,112.2,150,,,,,,,,,,,,,,,,,112.7,107,112.8,100,,,,,,,,,,,,,,,,
2026-07-03T01:04:00.525669+00:00,2026-07-03T01:04:00.525566,2,2,112.5,0.4,112.3,100,112.2,150,,,,,,,,,,,,,,,,,112.7,57,112.8,100,,,,,,,,,,,,,,,,
2026-07-03T01:04:01.577730+00:00,2026-07-03T01:04:01.577651,1,1,112.55,0.5,112.3,100,,,,,,,,,,,,,,,,,,,112.8,100,,,,,,,,,,,,,,,,,,
2026-07-03T01:04:01.630666+00:00,2026-07-03T01:04:01.630518,2,1,112.65,0.3,112.5,150,112.3,100,,,,,,,,,,,,,,,,,112.8,100,,,,,,,,,,,,,,,,,,
2026-07-03T01:04:01.684301+00:00,2026-07-03T01:04:01.684117,2,2,112.65,0.3,112.5,150,112.3,100,,,,,,,,,,,,,,,,,112.8,100,113.0,150,,,,,,,,,,,,,,,,
2026-07-03T01:04:02.626771+00:00,2026-07-03T01:04:02.626687,1,1,112.75,0.5,112.5,150,,,,,,,,,,,,,,,,,,,113.0,150,,,,,,,,,,,,,,,,,,
2026-07-03T01:04:02.680296+00:00,2026-07-03T01:04:02.680186,2,1,112.75,0.5,112.5,150,112.2,100,,,,,,,,,,,,,,,,,113.0,150,,,,,,,,,,,,,,,,,,
2026-07-03T01:04:02.685481+00:00,2026-07-03T01:04:02.685420,2,1,112.75,0.5,112.5,100,112.2,100,,,,,,,,,,,,,,,,,113.0,150,,,,,,,,,,,,,,,,,,
2026-07-03T01:04:02.732832+00:00,2026-07-03T01:04:02.732756,2,2,112.6,0.2,112.5,100,112.2,100,,,,,,,,,,,,,,,,,112.7,100,113.0,150,,,,,,,,,,,,,,,,
2026-07-03T01:04:04.736608+00:00,2026-07-03T01:04:04.736582,2,1,112.6,0.2,112.5,100,112.2,100,,,,,,,,,,,,,,,,,112.7,100,,,,,,,,,,,,,,,,,,
2026-07-03T01:04:04.741845+00:00,2026-07-03T01:04:04.741756,1,1,112.45,0.5,112.2,100,,,,,,,,,,,,,,,,,,,112.7,100,,,,,,,,,,,,,,,,,,
2026-07-03T01:04:04.794006+00:00,2026-07-03T01:04:04.794087,2,1,112.5,0.4,112.3,150,112.2,100,,,,,,,,,,,,,,,,,112.7,100,,,,,,,,,,,,,,,,,,
2026-07-03T01:04:04.843293+00:00,2026-07-03T01:04:04.843256,2,1,112.5,0.4,112.3,150,112.2,100,,,,,,,,,,,,,,,,,112.7,250,,,,,,,,,,,,,,,,,,
2026-07-03T01:04:05.325750+00:00,2026-07-03T01:04:05.325680,2,1,112.5,0.4,112.3,107,112.2,100,,,,,,,,,,,,,,,,,112.7,250,,,,,,,,,,,,,,,,,,
2026-07-03T01:04:05.790462+00:00,2026-07-03T01:04:05.790375,1,1,112.5,0.4,112.3,107,,,,,,,,,,,,,,,,,,,112.7,150,,,,,,,,,,,,,,,,,,
2026-07-03T01:04:05.843093+00:00,2026-07-03T01:04:05.843051,2,1,112.55,0.3,112.4,100,112.3,107,,,,,,,,,,,,,,,,,112.7,150,,,,,,,,,,,,,,,,,,
2026-07-03T01:04:05.893786+00:00,2026-07-03T01:04:05.893732,2,2,112.55,0.3,112.4,100,112.3,107,,,,,,,,,,,,,,,,,112.7,150,112.9,100,,,,,,,,,,,,,,,,
2026-07-03T01:04:06.845777+00:00,2026-07-03T01:04:06.845673,2,2,112.55,0.3,112.4,100,112.3,107,,,,,,,,,,,,,,,,,112.7,100,112.9,100,,,,,,,,,,,,,,,,
2026-07-03T01:04:07.897555+00:00,2026-07-03T01:04:07.897485,1,1,112.65,0.5,112.4,100,,,,,,,,,,,,,,,,,,,112.9,100,,,,,,,,,,,,,,,,,,
2026-07-03T01:04:07.949704+00:00,2026-07-03T01:04:07.949634,2,1,112.65,0.5,112.4,100,112.3,150,,,,,,,,,,,,,,,,,112.9,100,,,,,,,,,,,,,,,,,,
2026-07-03T01:04:08.003857+00:00,2026-07-03T01:04:08.003823,2,2,112.6,0.4,112.4,100,112.3,150,,,,,,,,,,,,,,,,,112.8,150,112.9,100,,,,,,,,,,,,,,,,
2026-07-03T01:04:08.341017+00:00,2026-07-03T01:04:08.340965,2,2,112.6,0.4,112.4,60,112.3,150,,,,,,,,,,,,,,,,,112.8,150,112.9,100,,,,,,,,,,,,,,,,
2026-07-03T01:04:08.950525+00:00,2026-07-03T01:04:08.950455,1,1,112.55,0.5,112.3,150,,,,,,,,,,,,,,,,,,,112.8,150,,,,,,,,,,,,,,,,,,
2026-07-03T01:04:09.005174+00:00,2026-07-03T01:04:09.005442,2,1,112.55,0.5,112.3,100,112.1,100,,,,,,,,,,,,,,,,,112.8,150,,,,,,,,,,,,,,,,,,
2026-07-03T01:04:09.063897+00:00,2026-07-03T01:04:09.063764,2,2,112.45,0.3,112.3,100,112.1,100,,,,,,,,,,,,,,,,,112.6,100,112.8,150,,,,,,,,,,,,,,,,
2026-07-03T01:04:11.073983+00:00,2026-07-03T01:04:11.073955,1,1,112.35,0.5,112.1,100,,,,,,,,,,,,,,,,,,,112.6,100,,,,,,,,,,,,,,,,,,
2026-07-03T01:04:11.108982+00:00,2026-07-03T01:04:11.108864,2,1,112.35,0.5,112.1,100,112.0,150,,,,,,,,,,,,,,,,,112.6,100,,,,,,,,,,,,,,,,,,
2026-07-03T01:04:11.185825+00:00,2026-07-03T01:04:11.185720,2,2,112.3,0.4,112.1,100,112.0,150,,,,,,,,,,,,,,,,,112.5,150,112.6,100,,,,,,,,,,,,,,,,
2026-07-03T01:04:11.196314+00:00,2026-07-03T01:04:11.196139,2,2,112.3,0.4,112.1,100,112.0,150,,,,,,,,,,,,,,,,,112.5,102,112.6,100,,,,,,,,,,,,,,,,
2026-07-03T01:04:12.112094+00:00,2026-07-03T01:04:12.112017,1,1,112.25,0.5,112.0,150,,,,,,,,,,,,,,,,,,,112.5,102,,,,,,,,,,,,,,,,,,
2026-07-03T01:04:12.165675+00:00,2026-07-03T01:04:12.165570,2,1,112.3,0.4,112.1,100,112.0,150,,,,,,,,,,,,,,,,,112.5,102,,,,,,,,,,,,,,,,,,
2026-07-03T01:04:12.214649+00:00,2026-07-03T01:04:12.214610,2,2,112.3,0.4,112.1,100,112.0,150,,,,,,,,,,,,,,,,,112.5,102,112.6,100,,,,,,,,,,,,,,,,
2026-07-03T01:04:13.167557+00:00,2026-07-03T01:04:13.167421,2,2,112.3,0.4,112.1,100,112.0,150,,,,,,,,,,,,,,,,,112.5,52,112.6,100,,,,,,,,,,,,,,,,
2026-07-03T01:04:13.640582+00:00,2026-07-03T01:04:13.640544,2,2,112.3,0.4,112.1,54,112.0,150,,,,,,,,,,,,,,,,,112.5,52,112.6,100,,,,,,,,,,,,,,,,
2026-07-03T01:04:14.111231+00:00,2026-07-03T01:04:14.111178,2,2,112.3,0.4,112.1,54,112.0,150,,,,,,,,,,,,,,,,,112.5,7,112.6,100,,,,,,,,,,,,,,,,
2026-07-03T01:04:14.242776+00:00,2026-07-03T01:04:14.242697,1,1,112.35,0.5,112.1,54,,,,,,,,,,,,,,,,,,,112.6,100,,,,,,,,,,,,,,,,,,
2026-07-03T01:04:14.296542+00:00,2026-07-03T01:04:14.296447,2,0,,,112.7,50,112.1,54,,,,,,,,,,,,,,,,,,,,,,,,,,,,,,,,,,,,
2026-07-03T01:04:14.368386+00:00,2026-07-03T01:04:14.362097,2,1,112.95,0.5,112.7,47,112.1,54,,,,,,,,,,,,,,,,,113.2,150,,,,,,,,,,,,,,,,,,
2026-07-03T01:04:15.223042+00:00,2026-07-03T01:04:15.222912,1,1,112.65,1.1,112.1,53,,,,,,,,,,,,,,,,,,,113.2,150,,,,,,,,,,,,,,,,,,
2026-07-03T01:04:15.272666+00:00,2026-07-03T01:04:15.272816,0,1,,,,,,,,,,,,,,,,,,,,,,,113.2,100,,,,,,,,,,,,,,,,,,
2026-07-03T01:04:15.364020+00:00,2026-07-03T01:04:15.363891,1,1,112.85,0.7,112.5,100,,,,,,,,,,,,,,,,,,,113.2,100,,,,,,,,,,,,,,,,,,
2026-07-03T01:04:15.379665+00:00,2026-07-03T01:04:15.379552,1,2,112.75,0.5,112.5,100,,,,,,,,,,,,,,,,,,,113.0,100,113.2,100,,,,,,,,,,,,,,,,
2026-07-03T01:04:16.322220+00:00,2026-07-03T01:04:16.322099,1,2,112.75,0.5,112.5,100,,,,,,,,,,,,,,,,,,,113.0,53,113.2,100,,,,,,,,,,,,,,,,
