recv_time,book_timestamp,n_bids,n_asks,mid,spread,bid_px_0,bid_vol_0,bid_px_1,bid_vol_1,bid_px_2,bid_vol_2,bid_px_3,bid_vol_3,bid_px_4,bid_vol_4,bid_px_5,bid_vol_5,bid_px_6,bid_vol_6,bid_px_7,bid_vol_7,bid_px_8,bid_vol_8,bid_px_9,bid_vol_9,ask_px_0,ask_vol_0,ask_px_1,ask_vol_1,ask_px_2,ask_vol_2,ask_px_3,ask_vol_3,ask_px_4,ask_vol_4,ask_px_5,ask_vol_5,ask_px_6,ask_vol_6,ask_px_7,ask_vol_7,ask_px_8,ask_vol_8,ask_px_9,ask_vol_9
2026-07-03T05:00:00.123368+00:00,2026-07-03T05:00:00.257565,1,1,114.95,0.5,114.7,150,,,,,,,,,,,,,,,,,,,115.2,150,,,,,,,,,,,,,,,,,,
2026-07-03T05:00:00.539433+00:00,2026-07-03T05:00:00.416818,2,2,115.0,0.4,114.8,100,114.7,150,,,,,,,,,,,,,,,,,115.2,108,115.3,100,,,,,,,,,,,,,,,,
2026-07-03T05:00:02.008127+00:00,2026-07-03T05:00:02.008075,2,2,115.0,0.4,114.8,100,114.7,150,,,,,,,,,,,,,,,,,115.2,61,115.3,100,,,,,,,,,,,,,,,,
2026-07-03T05:00:02.120871+00:00,2026-07-03T05:00:02.120814,2,1,115.05,0.5,114.8,100,114.7,150,,,,,,,,,,,,,,,,,115.3,100,,,,,,,,,,,,,,,,,,
2026-07-03T05:00:02.126045+00:00,2026-07-03T05:00:02.125973,1,1,115.05,0.5,114.8,100,,,,,,,,,,,,,,,,,,,115.3,100,,,,,,,,,,,,,,,,,,
2026-07-03T05:00:02.175901+00:00,2026-07-03T05:00:02.175828,2,1,115.15,0.3,115.0,150,114.8,100,,,,,,,,,,,,,,,,,115.3,100,,,,,,,,,,,,,,,,,,
2026-07-03T05:00:02.235266+00:00,2026-07-03T05:00:02.225980,2,2,115.15,0.3,115.0,150,114.8,100,,,,,,,,,,,,,,,,,115.3,100,115.5,150,,,,,,,,,,,,,,,,
2026-07-03T05:00:02.898108+00:00,2026-07-03T05:00:02.892613,2,2,115.15,0.3,115.0,147,114.8,100,,,,,,,,,,,,,,,,,115.3,100,115.5,150,,,,,,,,,,,,,,,,
2026-07-03T05:00:03.079765+00:00,2026-07-03T05:00:03.079626,2,2,115.15,0.3,115.0,122,114.8,100,,,,,,,,,,,,,,,,,115.3,100,115.5,150,,,,,,,,,,,,,,,,
2026-07-03T05:00:03.137161+00:00,2026-07-03T05:00:03.137126,2,2,115.15,0.3,115.0,72,114.8,100,,,,,,,,,,,,,,,,,115.3,100,115.5,150,,,,,,,,,,,,,,,,
2026-07-03T05:00:03.288229+00:00,2026-07-03T05:00:03.288136,2,2,115.15,0.3,115.0,47,114.8,100,,,,,,,,,,,,,,,,,115.3,100,115.5,150,,,,,,,,,,,,,,,,
2026-07-03T05:00:03.427088+00:00,2026-07-03T05:00:03.427254,1,1,115.25,0.5,115.0,47,,,,,,,,,,,,,,,,,,,115.5,150,,,,,,,,,,,,,,,,,,
2026-07-03T05:00:03.482804+00:00,2026-07-03T05:00:03.482715,2,1,115.25,0.5,115.0,47,114.5,100,,,,,,,,,,,,,,,,,115.5,150,,,,,,,,,,,,,,,,,,
2026-07-03T05:00:03.498571+00:00,2026-07-03T05:00:03.498435,2,1,115.25,0.5,115.0,22,114.5,100,,,,,,,,,,,,,,,,,115.5,150,,,,,,,,,,,,,,,,,,
2026-07-03T05:00:03.541769+00:00,2026-07-03T05:00:03.541594,1,2,114.75,0.5,114.5,100,,,,,,,,,,,,,,,,,,,115.0,78,115.5,150,,,,,,,,,,,,,,,,
2026-07-03T05:00:04.212955+00:00,2026-07-03T05:00:04.206925,1,2,114.75,0.5,114.5,100,,,,,,,,,,,,,,,,,,,115.0,75,115.5,150,,,,,,,,,,,,,,,,
2026-07-03T05:00:04.887071+00:00,2026-07-03T05:00:04.854163,1,2,114.75,0.5,114.5,100,,,,,,,,,,,,,,,,,,,115.0,31,115.5,150,,,,,,,,,,,,,,,,
2026-07-03T05:00:05.193519+00:00,2026-07-03T05:00:05.193427,1,1,115.0,1.0,114.5,100,,,,,,,,,,,,,,,,,,,115.5,131,,,,,,,,,,,,,,,,,,
2026-07-03T05:00:05.226609+00:00,2026-07-03T05:00:05.226697,1,1,115.0,1.0,114.5,78,,,,,,,,,,,,,,,,,,,115.5,131,,,,,,,,,,,,,,,,,,
2026-07-03T05:00:05.283440+00:00,2026-07-03T05:00:05.283381,1,0,,,114.5,78,,,,,,,,,,,,,,,,,,,,,,,,,,,,,,,,,,,,,,
2026-07-03T05:00:05.338913+00:00,2026-07-03T05:00:05.338855,2,0,,,114.6,150,114.5,78,,,,,,,,,,,,,,,,,,,,,,,,,,,,,,,,,,,,
2026-07-03T05:00:05.391844+00:00,2026-07-03T05:00:05.391742,2,1,114.85,0.5,114.6,150,114.5,78,,,,,,,,,,,,,,,,,115.1,150,,,,,,,,,,,,,,,,,,
2026-07-03T05:00:05.397022+00:00,2026-07-03T05:00:05.396928,2,1,114.85,0.5,114.6,101,114.5,78,,,,,,,,,,,,,,,,,115.1,150,,,,,,,,,,,,,,,,,,
2026-07-03T05:00:06.598966+00:00,2026-07-03T05:00:06.598914,1,1,114.85,0.5,114.6,101,,,,,,,,,,,,,,,,,,,115.1,150,,,,,,,,,,,,,,,,,,
2026-07-03T05:00:06.659077+00:00,2026-07-03T05:00:06.658728,2,1,114.95,0.3,114.8,100,114.6,101,,,,,,,,,,,,,,,,,115.1,150,,,,,,,,,,,,,,,,,,
2026-07-03T05:00:06.700675+00:00,2026-07-03T05:00:06.700840,2,2,114.95,0.3,114.8,100,114.6,101,,,,,,,,,,,,,,,,,115.1,150,115.3,100,,,,,,,,,,,,,,,,
2026-07-03T05:00:06.983356+00:00,2026-07-03T05:00:06.983219,2,2,114.95,0.3,114.8,55,114.6,101,,,,,,,,,,,,,,,,,115.1,150,115.3,100,,,,,,,,,,,,,,,,
2026-07-03T05:00:08.451231+00:00,2026-07-03T05:00:08.451081,1,1,115.05,0.5,114.8,55,,,,,,,,,,,,,,,,,,,115.3,100,,,,,,,,,,,,,,,,,,
2026-07-03T05:00:08.527850+00:00,2026-07-03T05:00:08.527706,2,1,115.05,0.5,114.8,55,114.2,150,,,,,,,,,,,,,,,,,115.3,100,,,,,,,,,,,,,,,,,,
2026-07-03T05:00:08.581579+00:00,2026-07-03T05:00:08.581440,1,2,114.45,0.5,114.2,150,,,,,,,,,,,,,,,,,,,114.7,95,115.3,100,,,,,,,,,,,,,,,,
2026-07-03T05:00:08.723456+00:00,2026-07-03T05:00:08.723349,1,2,114.45,0.5,114.2,150,,,,,,,,,,,,,,,,,,,114.7,70,115.3,100,,,,,,,,,,,,,,,,
2026-07-03T05:00:08.934724+00:00,2026-07-03T05:00:08.934589,1,2,114.45,0.5,114.2,150,,,,,,,,,,,,,,,,,,,114.7,45,115.3,100,,,,,,,,,,,,,,,,
2026-07-03T05:00:09.212721+00:00,2026-07-03T05:00:09.212882,1,2,114.45,0.5,114.2,150,,,,,,,,,,,,,,,,,,,114.7,20,115.3,100,,,,,,,,,,,,,,,,
2026-07-03T05:00:09.412145+00:00,2026-07-03T05:00:09.412070,1,1,114.75,1.1,114.2,150,,,,,,,,,,,,,,,,,,,115.3,70,,,,,,,,,,,,,,,,,,
2026-07-03T05:00:09.758890+00:00,2026-07-03T05:00:09.758810,1,0,,,114.2,150,,,,,,,,,,,,,,,,,,,,,,,,,,,,,,,,,,,,,,
2026-07-03T05:00:09.811901+00:00,2026-07-03T05:00:09.811863,2,0,,,114.8,100,114.2,150,,,,,,,,,,,,,,,,,,,,,,,,,,,,,,,,,,,,
2026-07-03T05:00:09.864336+00:00,2026-07-03T05:00:09.864239,2,1,115.05,0.5,114.8,100,114.2,150,,,,,,,,,,,,,,,,,115.3,100,,,,,,,,,,,,,,,,,,
2026-07-03T05:00:11.644642+00:00,2026-07-03T05:00:11.644509,1,1,115.05,0.5,114.8,100,,,,,,,,,,,,,,,,,,,115.3,100,,,,,,,,,,,,,,,,,,
2026-07-03T05:00:11.699503+00:00,2026-07-03T05:00:11.699407,1,1,115.05,0.5,114.8,250,,,,,,,,,,,,,,,,,,,115.3,100,,,,,,,,,,,,,,,,,,
2026-07-03T05:00:11.753096+00:00,2026-07-03T05:00:11.753019,1,1,115.05,0.5,114.8,250,,,,,,,,,,,,,,,,,,,115.3,250,,,,,,,,,,,,,,,,,,
2026-07-03T05:00:12.917848+00:00,2026-07-03T05:00:12.917704,1,1,115.05,0.5,114.8,150,,,,,,,,,,,,,,,,,,,115.3,150,,,,,,,,,,,,,,,,,,
2026-07-03T05:00:12.971161+00:00,2026-07-03T05:00:12.971086,2,1,115.05,0.5,114.8,150,114.7,100,,,,,,,,,,,,,,,,,115.3,150,,,,,,,,,,,,,,,,,,
2026-07-03T05:00:13.023805+00:00,2026-07-03T05:00:13.023901,2,2,115.0,0.4,114.8,150,114.7,100,,,,,,,,,,,,,,,,,115.2,100,115.3,150,,,,,,,,,,,,,,,,
2026-07-03T05:00:13.647379+00:00,2026-07-03T05:00:13.647270,2,2,115.0,0.4,114.8,150,114.7,100,,,,,,,,,,,,,,,,,115.2,50,115.3,150,,,,,,,,,,,,,,,,
2026-07-03T05:00:14.246898+00:00,2026-07-03T05:00:14.246778,2,2,115.0,0.4,114.8,150,114.7,100,,,,,,,,,,,,,,,,,115.2,4,115.3,150,,,,,,,,,,,,,,,,
2026-07-03T05:00:14.801693+00:00,2026-07-03T05:00:14.801836,2,1,115.0,0.4,114.8,150,114.7,100,,,,,,,,,,,,,,,,,115.2,4,,,,,,,,,,,,,,,,,,
2026-07-03T05:00:14.807127+00:00,2026-07-03T05:00:14.807001,1,1,114.95,0.5,114.7,100,,,,,,,,,,,,,,,,,,,115.2,4,,,,,,,,,,,,,,,,,,
2026-07-03T05:00:14.857549+00:00,2026-07-03T05:00:14.857629,2,1,115.15,0.1,115.1,150,114.7,100,,,,,,,,,,,,,,,,,115.2,4,,,,,,,,,,,,,,,,,,
2026-07-03T05:00:14.911742+00:00,2026-07-03T05:00:14.911628,2,2,115.15,0.1,115.1,150,114.7,100,,,,,,,,,,,,,,,,,115.2,4,115.6,150,,,,,,,,,,,,,,,,
2026-07-03T05:00:15.758637+00:00,2026-07-03T05:00:15.757449,2,1,115.35,0.5,115.1,150,114.7,100,,,,,,,,,,,,,,,,,115.6,104,,,,,,,,,,,,,,,,,,
2026-07-03T05:00:16.074909+00:00,2026-07-03T05:00:16.074804,1,1,115.35,0.5,115.1,150,,,,,,,,,,,,,,,,,,,115.6,104,,,,,,,,,,,,,,,,,,
2026-07-03T05:00:16.127882+00:00,2026-07-03T05:00:16.127836,1,1,115.35,0.5,115.1,250,,,,,,,,,,,,,,,,,,,115.6,104,,,,,,,,,,,,,,,,,,
2026-07-03T05:00:16.183603+00:00,2026-07-03T05:00:16.183472,1,1,115.35,0.5,115.1,250,,,,,,,,,,,,,,,,,,,115.6,204,,,,,,,,,,,,,,,,,,
2026-07-03T05:00:17.915668+00:00,2026-07-03T05:00:17.915795,1,1,115.35,0.5,115.1,200,,,,,,,,,,,,,,,,,,,115.6,204,,,,,,,,,,,,,,,,,,
2026-07-03T05:00:17.964058+00:00,2026-07-03T05:00:17.963952,1,1,115.35,0.5,115.1,100,,,,,,,,,,,,,,,,,,,115.6,100,,,,,,,,,,,,,,,,,,
2026-07-03T05:00:18.016813+00:00,2026-07-03T05:00:18.016786,2,1,115.35,0.5,115.1,100,115.0,150,,,,,,,,,,,,,,,,,115.6,100,,,,,,,,,,,,,,,,,,
2026-07-03T05:00:18.068960+00:00,2026-07-03T05:00:18.069097,2,2,115.3,0.4,115.1,100,115.0,150,,,,,,,,,,,,,,,,,115.5,150,115.6,100,,,,,,,,,,,,,,,,
2026-07-03T05:00:19.028377+00:00,2026-07-03T05:00:19.028230,2,2,115.3,0.4,115.1,60,115.0,150,,,,,,,,,,,,,,,,,115.5,150,115.6,100,,,,,,,,,,,,,,,,
2026-07-03T05:00:19.236883+00:00,2026-07-03T05:00:19.236769,1,1,115.25,0.5,115.0,150,,,,,,,,,,,,,,,,,,,115.5,150,,,,,,,,,,,,,,,,,,
2026-07-03T05:00:19.288157+00:00,2026-07-03T05:00:19.288111,2,1,115.3,0.4,115.1,100,115.0,150,,,,,,,,,,,,,,,,,115.5,150,,,,,,,,,,,,,,,,,,
2026-07-03T05:00:19.344477+00:00,2026-07-03T05:00:19.344346,2,2,115.3,0.4,115.1,100,115.0,150,,,,,,,,,,,,,,,,,115.5,150,115.6,100,,,,,,,,,,,,,,,,
2026-07-03T05:00:21.124022+00:00,2026-07-03T05:00:21.123985,2,1,115.35,0.5,115.1,100,115.0,150,,,,,,,,,,,,,,,,,115.6,100,,,,,,,,,,,,,,,,,,
2026-07-03T05:00:21.129311+00:00,2026-07-03T05:00:21.129168,1,1,115.35,0.5,115.1,100,,,,,,,,,,,,,,,,,,,115.6,100,,,,,,,,,,,,,,,,,,
2026-07-03T05:00:21.179386+00:00,2026-07-03T05:00:21.179294,2,1,115.35,0.5,115.1,100,115.0,150,,,,,,,,,,,,,,,,,115.6,100,,,,,,,,,,,,,,,,,,
2026-07-03T05:00:21.258741+00:00,2026-07-03T05:00:21.254035,2,2,115.3,0.4,115.1,100,115.0,150,,,,,,,,,,,,,,,,,115.5,150,115.6,100,,,,,,,,,,,,,,,,
2026-07-03T05:00:21.288506+00:00,2026-07-03T05:00:21.279118,2,2,115.3,0.4,115.1,72,115.0,150,,,,,,,,,,,,,,,,,115.5,150,115.6,100,,,,,,,,,,,,,,,,
2026-07-03T05:00:21.499477+00:00,2026-07-03T05:00:21.499360,2,2,115.3,0.4,115.1,47,115.0,150,,,,,,,,,,,,,,,,,115.5,150,115.6,100,,,,,,,,,,,,,,,,
2026-07-03T05:00:21.706778+00:00,2026-07-03T05:00:21.706622,2,2,115.3,0.4,115.1,22,115.0,150,,,,,,,,,,,,,,,,,115.5,150,115.6,100,,,,,,,,,,,,,,,,
2026-07-03T05:00:21.914907+00:00,2026-07-03T05:00:21.914723,1,2,115.25,0.5,115.0,150,,,,,,,,,,,,,,,,,,,115.5,150,115.6,100,,,,,,,,,,,,,,,,
2026-07-03T05:00:21.920021+00:00,2026-07-03T05:00:21.919992,1,2,115.25,0.5,115.0,148,,,,,,,,,,,,,,,,,,,115.5,150,115.6,100,,,,,,,,,,,,,,,,
2026-07-03T05:00:22.076304+00:00,2026-07-03T05:00:22.076222,1,2,115.25,0.5,115.0,148,,,,,,,,,,,,,,,,,,,115.5,100,115.6,100,,,,,,,,,,,,,,,,
2026-07-03T05:00:22.128042+00:00,2026-07-03T05:00:22.127920,1,2,115.25,0.5,115.0,147,,,,,,,,,,,,,,,,,,,115.5,100,115.6,100,,,,,,,,,,,,,,,,
2026-07-03T05:00:22.395580+00:00,2026-07-03T05:00:22.395538,1,1,115.25,0.5,115.0,147,,,,,,,,,,,,,,,,,,,115.5,100,,,,,,,,,,,,,,,,,,
2026-07-03T05:00:22.448882+00:00,2026-07-03T05:00:22.448776,2,1,115.25,0.5,115.0,147,114.5,100,,,,,,,,,,,,,,,,,115.5,100,,,,,,,,,,,,,,,,,,
2026-07-03T05:00:22.502866+00:00,2026-07-03T05:00:22.502824,2,1,115.25,0.5,115.0,47,114.5,100,,,,,,,,,,,,,,,,,115.5,100,,,,,,,,,,,,,,,,,,
2026-07-03T05:00:24.313137+00:00,2026-07-03T05:00:24.313040,1,0,,,114.5,100,,,,,,,,,,,,,,,,,,,,,,,,,,,,,,,,,,,,,,
2026-07-03T05:00:24.366522+00:00,2026-07-03T05:00:24.366466,2,0,,,114.6,150,114.5,100,,,,,,,,,,,,,,,,,,,,,,,,,,,,,,,,,,,,
2026-07-03T05:00:24.420298+00:00,2026-07-03T05:00:24.420190,2,1,114.85,0.5,114.6,150,114.5,100,,,,,,,,,,,,,,,,,115.1,150,,,,,,,,,,,,,,,,,,
2026-07-03T05:00:25.282724+00:00,2026-07-03T05:00:25.282649,2,1,114.85,0.5,114.6,150,114.5,100,,,,,,,,,,,,,,,,,115.1,128,,,,,,,,,,,,,,,,,,
2026-07-03T05:00:25.547863+00:00,2026-07-03T05:00:25.547753,2,1,114.85,0.5,114.6,150,114.5,100,,,,,,,,,,,,,,,,,115.1,88,,,,,,,,,,,,,,,,,,
2026-07-03T05:00:25.558638+00:00,2026-07-03T05:00:25.558100,1,1,114.85,0.5,114.6,150,,,,,,,,,,,,,,,,,,,115.1,88,,,,,,,,,,,,,,,,,,
2026-07-03T05:00:25.611582+00:00,2026-07-03T05:00:25.611469,2,1,115.0,0.2,114.9,100,114.6,150,,,,,,,,,,,,,,,,,115.1,88,,,,,,,,,,,,,,,,,,
2026-07-03T05:00:25.664620+00:00,2026-07-03T05:00:25.664576,2,2,115.0,0.2,114.9,100,114.6,150,,,,,,,,,,,,,,,,,115.1,88,115.4,100,,,,,,,,,,,,,,,,
2026-07-03T05:00:26.541637+00:00,2026-07-03T05:00:26.541449,2,2,115.0,0.2,114.9,75,114.6,150,,,,,,,,,,,,,,,,,115.1,88,115.4,100,,,,,,,,,,,,,,,,
2026-07-03T05:00:26.748800+00:00,2026-07-03T05:00:26.749000,2,2,115.0,0.2,114.9,50,114.6,150,,,,,,,,,,,,,,,,,115.1,88,115.4,100,,,,,,,,,,,,,,,,
2026-07-03T05:00:26.958635+00:00,2026-07-03T05:00:26.952974,2,2,115.0,0.2,114.9,25,114.6,150,,,,,,,,,,,,,,,,,115.1,88,115.4,100,,,,,,,,,,,,,,,,
2026-07-03T05:00:27.168574+00:00,2026-07-03T05:00:27.168364,2,2,115.0,0.2,114.9,3,114.6,150,,,,,,,,,,,,,,,,,115.1,88,115.4,100,,,,,,,,,,,,,,,,
2026-07-03T05:00:27.475562+00:00,2026-07-03T05:00:27.475539,2,1,115.15,0.5,114.9,3,114.6,150,,,,,,,,,,,,,,,,,115.4,100,,,,,,,,,,,,,,,,,,
2026-07-03T05:00:27.480641+00:00,2026-07-03T05:00:27.480724,1,1,115.15,0.5,114.9,3,,,,,,,,,,,,,,,,,,,115.4,100,,,,,,,,,,,,,,,,,,
2026-07-03T05:00:27.531094+00:00,2026-07-03T05:00:27.531246,2,1,115.15,0.5,114.9,3,114.6,150,,,,,,,,,,,,,,,,,115.4,100,,,,,,,,,,,,,,,,,,
2026-07-03T05:00:27.589820+00:00,2026-07-03T05:00:27.589647,2,2,115.0,0.2,114.9,3,114.6,150,,,,,,,,,,,,,,,,,115.1,150,115.4,100,,,,,,,,,,,,,,,,
2026-07-03T05:00:28.116723+00:00,2026-07-03T05:00:28.116678,1,2,114.85,0.5,114.6,106,,,,,,,,,,,,,,,,,,,115.1,150,115.4,100,,,,,,,,,,,,,,,,
2026-07-03T05:00:28.420043+00:00,2026-07-03T05:00:28.419820,1,2,114.85,0.5,114.6,106,,,,,,,,,,,,,,,,,,,115.1,100,115.4,100,,,,,,,,,,,,,,,,
2026-07-03T05:00:28.719503+00:00,2026-07-03T05:00:28.719385,1,1,114.85,0.5,114.6,106,,,,,,,,,,,,,,,,,,,115.1,100,,,,,,,,,,,,,,,,,,
2026-07-03T05:00:28.771414+00:00,2026-07-03T05:00:28.771374,2,1,114.9,0.4,114.7,100,114.6,106,,,,,,,,,,,,,,,,,115.1,100,,,,,,,,,,,,,,,,,,
2026-07-03T05:00:28.819040+00:00,2026-07-03T05:00:28.818973,2,2,114.9,0.4,114.7,100,114.6,106,,,,,,,,,,,,,,,,,115.1,100,115.2,100,,,,,,,,,,,,,,,,
2026-07-03T05:00:30.603301+00:00,2026-07-03T05:00:30.603497,2,2,114.9,0.4,114.7,50,114.6,106,,,,,,,,,,,,,,,,,115.1,100,115.2,100,,,,,,,,,,,,,,,,
2026-07-03T05:00:30.639292+00:00,2026-07-03T05:00:30.639267,2,1,114.95,0.5,114.7,50,114.6,106,,,,,,,,,,,,,,,,,115.2,100,,,,,,,,,,,,,,,,,,
2026-07-03T05:00:30.644498+00:00,2026-07-03T05:00:30.644457,1,1,114.95,0.5,114.7,50,,,,,,,,,,,,,,,,,,,115.2,100,,,,,,,,,,,,,,,,,,
2026-07-03T05:00:30.693501+00:00,2026-07-03T05:00:30.693648,2,1,115.05,0.3,114.9,150,114.7,50,,,,,,,,,,,,,,,,,115.2,100,,,,,,,,,,,,,,,,,,
2026-07-03T05:00:30.747343+00:00,2026-07-03T05:00:30.747234,2,2,115.05,0.3,114.9,150,114.7,50,,,,,,,,,,,,,,,,,115.2,100,115.4,150,,,,,,,,,,,,,,,,
2026-07-03T05:00:31.874181+00:00,2026-07-03T05:00:31.874140,1,1,115.15,0.5,114.9,150,,,,,,,,,,,,,,,,,,,115.4,150,,,,,,,,,,,,,,,,,,
2026-07-03T05:00:31.928338+00:00,2026-07-03T05:00:31.928222,2,1,115.15,0.5,114.9,150,114.6,100,,,,,,,,,,,,,,,,,115.4,150,,,,,,,,,,,,,,,,,,
2026-07-03T05:00:31.980798+00:00,2026-07-03T05:00:31.980717,2,2,115.0,0.2,114.9,150,114.6,100,,,,,,,,,,,,,,,,,115.1,100,115.4,150,,,,,,,,,,,,,,,,
2026-07-03T05:00:32.058636+00:00,2026-07-03T05:00:32.052600,2,2,115.0,0.2,114.9,150,114.6,100,,,,,,,,,,,,,,,,,115.1,59,115.4,150,,,,,,,,,,,,,,,,
2026-07-03T05:00:32.709265+00:00,2026-07-03T05:00:32.709210,2,2,115.0,0.2,114.9,100,114.6,100,,,,,,,,,,,,,,,,,115.1,59,115.4,150,,,,,,,,,,,,,,,,
2026-07-03T05:00:33.640601+00:00,2026-07-03T05:00:33.640485,2,2,115.0,0.2,114.9,52,114.6,100,,,,,,,,,,,,,,,,,115.1,59,115.4,150,,,,,,,,,,,,,,,,
2026-07-03T05:00:33.803566+00:00,2026-07-03T05:00:33.803523,1,1,114.85,0.5,114.6,100,,,,,,,,,,,,,,,,,,,115.1,59,,,,,,,,,,,,,,,,,,
2026-07-03T05:00:33.858754+00:00,2026-07-03T05:00:33.853085,2,1,114.85,0.5,114.6,100,114.5,150,,,,,,,,,,,,,,,,,115.1,59,,,,,,,,,,,,,,,,,,
2026-07-03T05:00:33.920697+00:00,2026-07-03T05:00:33.914837,2,2,114.8,0.4,114.6,100,114.5,150,,,,,,,,,,,,,,,,,115.0,147,115.1,59,,,,,,,,,,,,,,,,
2026-07-03T05:00:34.764005+00:00,2026-07-03T05:00:34.764168,2,2,114.8,0.4,114.6,100,114.5,150,,,,,,,,,,,,,,,,,115.0,97,115.1,59,,,,,,,,,,,,,,,,
2026-07-03T05:00:34.769454+00:00,2026-07-03T05:00:34.769382,2,2,114.8,0.4,114.6,100,114.5,150,,,,,,,,,,,,,,,,,115.0,51,115.1,59,,,,,,,,,,,,,,,,
2026-07-03T05:00:35.034324+00:00,2026-07-03T05:00:35.034234,1,1,114.75,0.5,114.5,150,,,,,,,,,,,,,,,,,,,115.0,51,,,,,,,,,,,,,,,,,,
2026-07-03T05:00:35.088298+00:00,2026-07-03T05:00:35.088424,2,1,114.8,0.4,114.6,100,114.5,150,,,,,,,,,,,,,,,,,115.0,51,,,,,,,,,,,,,,,,,,
2026-07-03T05:00:35.161846+00:00,2026-07-03T05:00:35.161672,2,2,114.8,0.4,114.6,100,114.5,150,,,,,,,,,,,,,,,,,115.0,51,115.1,100,,,,,,,,,,,,,,,,
2026-07-03T05:00:36.378789+00:00,2026-07-03T05:00:36.378673,2,2,114.8,0.4,114.6,100,114.5,150,,,,,,,,,,,,,,,,,115.0,7,115.1,100,,,,,,,,,,,,,,,,
2026-07-03T05:00:36.920734+00:00,2026-07-03T05:00:36.920867,2,2,114.8,0.4,114.6,50,114.5,150,,,,,,,,,,,,,,,,,115.0,7,115.1,100,,,,,,,,,,,,,,,,
2026-07-03T05:00:36.969483+00:00,2026-07-03T05:00:36.969413,2,1,114.85,0.5,114.6,50,114.5,150,,,,,,,,,,,,,,,,,115.1,100,,,,,,,,,,,,,,,,,,
2026-07-03T05:00:36.974506+00:00,2026-07-03T05:00:36.974591,1,1,114.85,0.5,114.6,50,,,,,,,,,,,,,,,,,,,115.1,100,,,,,,,,,,,,,,,,,,
2026-07-03T05:00:37.023475+00:00,2026-07-03T05:00:37.023437,2,0,,,115.1,50,114.6,50,,,,,,,,,,,,,,,,,,,,,,,,,,,,,,,,,,,,
2026-07-03T05:00:37.077175+00:00,2026-07-03T05:00:37.077080,2,1,115.35,0.5,115.1,50,114.6,50,,,,,,,,,,,,,,,,,115.6,150,,,,,,,,,,,,,,,,,,
2026-07-03T05:00:38.218699+00:00,2026-07-03T05:00:38.218595,1,1,115.35,0.5,115.1,50,,,,,,,,,,,,,,,,,,,115.6,150,,,,,,,,,,,,,,,,,,
2026-07-03T05:00:38.272505+00:00,2026-07-03T05:00:38.272587,2,1,115.35,0.5,115.1,50,114.8,100,,,,,,,,,,,,,,,,,115.6,150,,,,,,,,,,,,,,,,,,
2026-07-03T05:00:38.329886+00:00,2026-07-03T05:00:38.329788,2,2,115.2,0.2,115.1,50,114.8,100,,,,,,,,,,,,,,,,,115.3,100,115.6,150,,,,,,,,,,,,,,,,
2026-07-03T05:00:38.528617+00:00,2026-07-03T05:00:38.528537,2,2,115.2,0.2,115.1,8,114.8,100,,,,,,,,,,,,,,,,,115.3,100,115.6,150,,,,,,,,,,,,,,,,
2026-07-03T05:00:39.027220+00:00,2026-07-03T05:00:39.027148,1,2,115.05,0.5,114.8,58,,,,,,,,,,,,,,,,,,,115.3,100,115.6,150,,,,,,,,,,,,,,,,
2026-07-03T05:00:40.130300+00:00,2026-07-03T05:00:40.130175,1,1,115.05,0.5,114.8,58,,,,,,,,,,,,,,,,,,,115.3,100,,,,,,,,,,,,,,,,,,
2026-07-03T05:00:40.190257+00:00,2026-07-03T05:00:40.190115,2,1,115.05,0.5,114.8,58,114.7,150,,,,,,,,,,,,,,,,,115.3,100,,,,,,,,,,,,,,,,,,
2026-07-03T05:00:40.243966+00:00,2026-07-03T05:00:40.243830,2,2,115.0,0.4,114.8,58,114.7,150,,,,,,,,,,,,,,,,,115.2,150,115.3,100,,,,,,,,,,,,,,,,
2026-07-03T05:00:40.438091+00:00,2026-07-03T05:00:40.438235,2,2,115.0,0.4,114.8,58,114.7,150,,,,,,,,,,,,,,,,,115.2,107,115.3,100,,,,,,,,,,,,,,,,
2026-07-03T05:00:40.918830+00:00,2026-07-03T05:00:40.918794,2,2,115.0,0.4,114.8,14,114.7,150,,,,,,,,,,,,,,,,,115.2,107,115.3,100,,,,,,,,,,,,,,,,
2026-07-03T05:00:41.135708+00:00,2026-07-03T05:00:41.135646,1,2,114.95,0.5,114.7,114,,,,,,,,,,,,,,,,,,,115.2,107,115.3,100,,,,,,,,,,,,,,,,
2026-07-03T05:00:41.388951+00:00,2026-07-03T05:00:41.388875,1,1,114.95,0.5,114.7,114,,,,,,,,,,,,,,,,,,,115.2,107,,,,,,,,,,,,,,,,,,
2026-07-03T05:00:41.458597+00:00,2026-07-03T05:00:41.442867,2,1,114.95,0.5,114.7,114,114.2,100,,,,,,,,,,,,,,,,,115.2,107,,,,,,,,,,,,,,,,,,
2026-07-03T05:00:41.496857+00:00,2026-07-03T05:00:41.496800,2,1,114.95,0.5,114.7,14,114.2,100,,,,,,,,,,,,,,,,,115.2,107,,,,,,,,,,,,,,,,,,
2026-07-03T05:00:42.820666+00:00,2026-07-03T05:00:42.820859,1,1,114.7,1.0,114.2,100,,,,,,,,,,,,,,,,,,,115.2,107,,,,,,,,,,,,,,,,,,
2026-07-03T05:00:43.243972+00:00,2026-07-03T05:00:43.243885,1,1,114.7,1.0,114.2,50,,,,,,,,,,,,,,,,,,,115.2,107,,,,,,,,,,,,,,,,,,
2026-07-03T05:00:43.298209+00:00,2026-07-03T05:00:43.298021,1,0,,,114.2,50,,,,,,,,,,,,,,,,,,,,,,,,,,,,,,,,,,,,,,
2026-07-03T05:00:43.358649+00:00,2026-07-03T05:00:43.351150,2,0,,,114.2,50,113.9,150,,,,,,,,,,,,,,,,,,,,,,,,,,,,,,,,,,,,
2026-07-03T05:00:43.400508+00:00,2026-07-03T05:00:43.400616,2,1,114.3,0.2,114.2,50,113.9,150,,,,,,,,,,,,,,,,,114.4,150,,,,,,,,,,,,,,,,,,
2026-07-03T05:00:43.409663+00:00,2026-07-03T05:00:43.404655,2,1,114.3,0.2,114.2,50,113.9,150,,,,,,,,,,,,,,,,,114.4,111,,,,,,,,,,,,,,,,,,
2026-07-03T05:00:43.590038+00:00,2026-07-03T05:00:43.584520,2,1,114.3,0.2,114.2,50,113.9,150,,,,,,,,,,,,,,,,,114.4,76,,,,,,,,,,,,,,,,,,
2026-07-03T05:00:43.637351+00:00,2026-07-03T05:00:43.637254,2,1,114.3,0.2,114.2,50,113.9,150,,,,,,,,,,,,,,,,,114.4,51,,,,,,,,,,,,,,,,,,
2026-07-03T05:00:43.847094+00:00,2026-07-03T05:00:43.846913,2,1,114.3,0.2,114.2,50,113.9,150,,,,,,,,,,,,,,,,,114.4,9,,,,,,,,,,,,,,,,,,
2026-07-03T05:00:43.852366+00:00,2026-07-03T05:00:43.852187,2,0,,,114.2,50,113.9,150,,,,,,,,,,,,,,,,,,,,,,,,,,,,,,,,,,,,
2026-07-03T05:00:44.558633+00:00,2026-07-03T05:00:44.552981,1,0,,,113.9,150,,,,,,,,,,,,,,,,,,,,,,,,,,,,,,,,,,,,,,
2026-07-03T05:00:44.613820+00:00,2026-07-03T05:00:44.613694,2,0,,,114.7,100,113.9,150,,,,,,,,,,,,,,,,,,,,,,,,,,,,,,,,,,,,
2026-07-03T05:00:44.667227+00:00,2026-07-03T05:00:44.667324,2,1,114.95,0.5,114.7,100,113.9,150,,,,,,,,,,,,,,,,,115.2,100,,,,,,,,,,,,,,,,,,
2026-07-03T05:00:44.677249+00:00,2026-07-03T05:00:44.672133,2,1,114.95,0.5,114.7,77,113.9,150,,,,,,,,,,,,,,,,,115.2,100,,,,,,,,,,,,,,,,,,
2026-07-03T05:00:45.358612+00:00,2026-07-03T05:00:45.353506,2,1,114.95,0.5,114.7,27,113.9,150,,,,,,,,,,,,,,,,,115.2,100,,,,,,,,,,,,,,,,,,
2026-07-03T05:00:45.465776+00:00,2026-07-03T05:00:45.465960,1,1,114.55,1.3,113.9,150,,,,,,,,,,,,,,,,,,,115.2,100,,,,,,,,,,,,,,,,,,
2026-07-03T05:00:46.024857+00:00,2026-07-03T05:00:46.024715,1,1,114.55,1.3,113.9,150,,,,,,,,,,,,,,,,,,,115.2,59,,,,,,,,,,,,,,,,,,
2026-07-03T05:00:46.458696+00:00,2026-07-03T05:00:46.453621,0,1,,,,,,,,,,,,,,,,,,,,,,,115.2,59,,,,,,,,,,,,,,,,,,
2026-07-03T05:00:46.511914+00:00,2026-07-03T05:00:46.511707,1,1,114.95,0.5,114.7,150,,,,,,,,,,,,,,,,,,,115.2,59,,,,,,,,,,,,,,,,,,
2026-07-03T05:00:46.564307+00:00,2026-07-03T05:00:46.564431,1,1,114.95,0.5,114.7,150,,,,,,,,,,,,,,,,,,,115.2,209,,,,,,,,,,,,,,,,,,
2026-07-03T05:00:47.458591+00:00,2026-07-03T05:00:47.457145,1,1,114.95,0.5,114.7,100,,,,,,,,,,,,,,,,,,,115.2,209,,,,,,,,,,,,,,,,,,
2026-07-03T05:00:47.716947+00:00,2026-07-03T05:00:47.716844,1,1,114.95,0.5,114.7,100,,,,,,,,,,,,,,,,,,,115.2,150,,,,,,,,,,,,,,,,,,
2026-07-03T05:00:47.770305+00:00,2026-07-03T05:00:47.770261,2,1,114.95,0.5,114.7,100,114.5,100,,,,,,,,,,,,,,,,,115.2,150,,,,,,,,,,,,,,,,,,
2026-07-03T05:00:47.822886+00:00,2026-07-03T05:00:47.822815,2,2,114.85,0.3,114.7,100,114.5,100,,,,,,,,,,,,,,,,,115.0,100,115.2,150,,,,,,,,,,,,,,,,
2026-07-03T05:00:47.913625+00:00,2026-07-03T05:00:47.913494,2,2,114.85,0.3,114.7,100,114.5,100,,,,,,,,,,,,,,,,,115.0,75,115.2,150,,,,,,,,,,,,,,,,
2026-07-03T05:00:48.116558+00:00,2026-07-03T05:00:48.112004,2,2,114.85,0.3,114.7,100,114.5,100,,,,,,,,,,,,,,,,,115.0,50,115.2,150,,,,,,,,,,,,,,,,
2026-07-03T05:00:48.330132+00:00,2026-07-03T05:00:48.330053,2,2,114.85,0.3,114.7,100,114.5,100,,,,,,,,,,,,,,,,,115.0,25,115.2,150,,,,,,,,,,,,,,,,
2026-07-03T05:00:48.539087+00:00,2026-07-03T05:00:48.538988,2,1,114.95,0.5,114.7,100,114.5,100,,,,,,,,,,,,,,,,,115.2,150,,,,,,,,,,,,,,,,,,
2026-07-03T05:00:49.567217+00:00,2026-07-03T05:00:49.567370,2,1,114.95,0.5,114.7,50,114.5,100,,,,,,,,,,,,,,,,,115.2,150,,,,,,,,,,,,,,,,,,
2026-07-03T05:00:49.614166+00:00,2026-07-03T05:00:49.614056,2,0,,,114.7,50,114.5,100,,,,,,,,,,,,,,,,,,,,,,,,,,,,,,,,,,,,
2026-07-03T05:00:49.619333+00:00,2026-07-03T05:00:49.619223,1,0,,,114.5,100,,,,,,,,,,,,,,,,,,,,,,,,,,,,,,,,,,,,,,
2026-07-03T05:00:49.685501+00:00,2026-07-03T05:00:49.685421,2,0,,,114.5,100,114.4,150,,,,,,,,,,,,,,,,,,,,,,,,,,,,,,,,,,,,
2026-07-03T05:00:49.735664+00:00,2026-07-03T05:00:49.735600,2,1,114.7,0.4,114.5,100,114.4,150,,,,,,,,,,,,,,,,,114.9,150,,,,,,,,,,,,,,,,,,
2026-07-03T05:00:49.746199+00:00,2026-07-03T05:00:49.746144,2,1,114.7,0.4,114.5,100,114.4,150,,,,,,,,,,,,,,,,,114.9,125,,,,,,,,,,,,,,,,,,
2026-07-03T05:00:49.957567+00:00,2026-07-03T05:00:49.957709,2,1,114.7,0.4,114.5,100,114.4,150,,,,,,,,,,,,,,,,,114.9,109,,,,,,,,,,,,,,,,,,
2026-07-03T05:00:50.879105+00:00,2026-07-03T05:00:50.879033,1,1,114.65,0.5,114.4,150,,,,,,,,,,,,,,,,,,,114.9,109,,,,,,,,,,,,,,,,,,
2026-07-03T05:00:50.931800+00:00,2026-07-03T05:00:50.931681,2,1,114.8,0.2,114.7,100,114.4,150,,,,,,,,,,,,,,,,,114.9,109,,,,,,,,,,,,,,,,,,
2026-07-03T05:00:50.940575+00:00,2026-07-03T05:00:50.935416,2,1,114.8,0.2,114.7,88,114.4,150,,,,,,,,,,,,,,,,,114.9,109,,,,,,,,,,,,,,,,,,
2026-07-03T05:00:50.980664+00:00,2026-07-03T05:00:50.980519,2,2,114.8,0.2,114.7,88,114.4,150,,,,,,,,,,,,,,,,,114.9,109,115.2,100,,,,,,,,,,,,,,,,
2026-07-03T05:00:52.789958+00:00,2026-07-03T05:00:52.789884,2,1,114.95,0.5,114.7,88,114.4,150,,,,,,,,,,,,,,,,,115.2,100,,,,,,,,,,,,,,,,,,
2026-07-03T05:00:52.795176+00:00,2026-07-03T05:00:52.795040,1,1,114.95,0.5,114.7,88,,,,,,,,,,,,,,,,,,,115.2,100,,,,,,,,,,,,,,,,,,
2026-07-03T05:00:52.853171+00:00,2026-07-03T05:00:52.853052,2,1,114.95,0.5,114.7,88,114.4,150,,,,,,,,,,,,,,,,,115.2,100,,,,,,,,,,,,,,,,,,
2026-07-03T05:00:52.897570+00:00,2026-07-03T05:00:52.897522,2,2,114.8,0.2,114.7,88,114.4,150,,,,,,,,,,,,,,,,,114.9,150,115.2,100,,,,,,,,,,,,,,,,
2026-07-03T05:00:52.986990+00:00,2026-07-03T05:00:52.987164,2,2,114.8,0.2,114.7,48,114.4,150,,,,,,,,,,,,,,,,,114.9,150,115.2,100,,,,,,,,,,,,,,,,
2026-07-03T05:00:53.725170+00:00,2026-07-03T05:00:53.725126,2,2,114.8,0.2,114.7,48,114.4,150,,,,,,,,,,,,,,,,,114.9,100,115.2,100,,,,,,,,,,,,,,,,
2026-07-03T05:00:54.038998+00:00,2026-07-03T05:00:54.038875,1,1,114.65,0.5,114.4,150,,,,,,,,,,,,,,,,,,,114.9,100,,,,,,,,,,,,,,,,,,
2026-07-03T05:00:54.091387+00:00,2026-07-03T05:00:54.091275,2,1,114.75,0.3,114.6,100,114.4,150,,,,,,,,,,,,,,,,,114.9,100,,,,,,,,,,,,,,,,,,
2026-07-03T05:00:54.142419+00:00,2026-07-03T05:00:54.142309,2,2,114.75,0.3,114.6,100,114.4,150,,,,,,,,,,,,,,,,,114.9,100,115.1,100,,,,,,,,,,,,,,,,
2026-07-03T05:00:55.001225+00:00,2026-07-03T05:00:55.001087,2,2,114.75,0.3,114.6,54,114.4,150,,,,,,,,,,,,,,,,,114.9,100,115.1,100,,,,,,,,,,,,,,,,
2026-07-03T05:00:55.884582+00:00,2026-07-03T05:00:55.884430,2,2,114.75,0.3,114.6,4,114.4,150,,,,,,,,,,,,,,,,,114.9,100,115.1,100,,,,,,,,,,,,,,,,
2026-07-03T05:00:55.958651+00:00,2026-07-03T05:00:55.949693,1,1,114.85,0.5,114.6,4,,,,,,,,,,,,,,,,,,,115.1,100,,,,,,,,,,,,,,,,,,
2026-07-03T05:00:56.007881+00:00,2026-07-03T05:00:56.007793,2,1,114.85,0.5,114.6,4,114.5,150,,,,,,,,,,,,,,,,,115.1,100,,,,,,,,,,,,,,,,,,
2026-07-03T05:00:56.058621+00:00,2026-07-03T05:00:56.053366,2,2,114.8,0.4,114.6,4,114.5,150,,,,,,,,,,,,,,,,,115.0,150,115.1,100,,,,,,,,,,,,,,,,
2026-07-03T05:00:57.198742+00:00,2026-07-03T05:00:57.198688,1,1,114.75,0.5,114.5,150,,,,,,,,,,,,,,,,,,,115.0,150,,,,,,,,,,,,,,,,,,
2026-07-03T05:00:57.254052+00:00,2026-07-03T05:00:57.253820,2,1,114.75,0.5,114.5,150,114.2,100,,,,,,,,,,,,,,,,,115.0,150,,,,,,,,,,,,,,,,,,
2026-07-03T05:00:57.307105+00:00,2026-07-03T05:00:57.307039,2,2,114.6,0.2,114.5,150,114.2,100,,,,,,,,,,,,,,,,,114.7,100,115.0,150,,,,,,,,,,,,,,,,
2026-07-03T05:00:57.992193+00:00,2026-07-03T05:00:57.992284,2,2,114.6,0.2,114.5,100,114.2,100,,,,,,,,,,,,,,,,,114.7,100,115.0,150,,,,,,,,,,,,,,,,
2026-07-03T05:00:59.117146+00:00,2026-07-03T05:00:59.117303,1,1,114.45,0.5,114.2,100,,,,,,,,,,,,,,,,,,,114.7,100,,,,,,,,,,,,,,,,,,
2026-07-03T05:00:59.172389+00:00,2026-07-03T05:00:59.172267,2,1,114.55,0.3,114.4,150,114.2,100,,,,,,,,,,,,,,,,,114.7,100,,,,,,,,,,,,,,,,,,
2026-07-03T05:00:59.225210+00:00,2026-07-03T05:00:59.225159,2,2,114.55,0.3,114.4,150,114.2,100,,,,,,,,,,,,,,,,,114.7,100,114.9,150,,,,,,,,,,,,,,,,
2026-07-03T05:01:00.098609+00:00,2026-07-03T05:01:00.098556,2,2,114.55,0.3,114.4,100,114.2,100,,,,,,,,,,,,,,,,,114.7,100,114.9,150,,,,,,,,,,,,,,,,
2026-07-03T05:01:00.364019+00:00,2026-07-03T05:01:00.363919,1,1,114.65,0.5,114.4,100,,,,,,,,,,,,,,,,,,,114.9,150,,,,,,,,,,,,,,,,,,
2026-07-03T05:01:00.415643+00:00,2026-07-03T05:01:00.415558,2,1,114.65,0.5,114.4,100,114.0,100,,,,,,,,,,,,,,,,,114.9,150,,,,,,,,,,,,,,,,,,
2026-07-03T05:01:00.468278+00:00,2026-07-03T05:01:00.468169,2,2,114.45,0.1,114.4,100,114.0,100,,,,,,,,,,,,,,,,,114.5,100,114.9,150,,,,,,,,,,,,,,,,
2026-07-03T05:01:01.006066+00:00,2026-07-03T05:01:01.005960,2,2,114.45,0.1,114.4,100,114.0,100,,,,,,,,,,,,,,,,,114.5,55,114.9,150,,,,,,,,,,,,,,,,
2026-07-03T05:01:01.980029+00:00,2026-07-03T05:01:01.973269,2,2,114.45,0.1,114.4,86,114.0,100,,,,,,,,,,,,,,,,,114.5,55,114.9,150,,,,,,,,,,,,,,,,
2026-07-03T05:01:02.205246+00:00,2026-07-03T05:01:02.205213,2,2,114.45,0.1,114.4,36,114.0,100,,,,,,,,,,,,,,,,,114.5,55,114.9,150,,,,,,,,,,,,,,,,
2026-07-03T05:01:02.278744+00:00,2026-07-03T05:01:02.278679,1,1,114.25,0.5,114.0,100,,,,,,,,,,,,,,,,,,,114.5,55,,,,,,,,,,,,,,,,,,
2026-07-03T05:01:02.333635+00:00,2026-07-03T05:01:02.333833,2,1,114.25,0.5,114.0,100,113.4,150,,,,,,,,,,,,,,,,,114.5,55,,,,,,,,,,,,,,,,,,
2026-07-03T05:01:02.404307+00:00,2026-07-03T05:01:02.404278,1,2,113.65,0.5,113.4,150,,,,,,,,,,,,,,,,,,,113.9,50,114.5,55,,,,,,,,,,,,,,,,
2026-07-03T05:01:02.416390+00:00,2026-07-03T05:01:02.410130,1,2,113.65,0.5,113.4,150,,,,,,,,,,,,,,,,,,,113.9,1,114.5,55,,,,,,,,,,,,,,,,
2026-07-03T05:01:02.583275+00:00,2026-07-03T05:01:02.583230,1,1,113.95,1.1,113.4,150,,,,,,,,,,,,,,,,,,,114.5,55,,,,,,,,,,,,,,,,,,
2026-07-03T05:01:03.522097+00:00,2026-07-03T05:01:03.521990,1,0,,,113.4,150,,,,,,,,,,,,,,,,,,,,,,,,,,,,,,,,,,,,,,
2026-07-03T05:01:03.574566+00:00,2026-07-03T05:01:03.574704,2,0,,,114.0,100,113.4,150,,,,,,,,,,,,,,,,,,,,,,,,,,,,,,,,,,,,
2026-07-03T05:01:03.627290+00:00,2026-07-03T05:01:03.627174,2,1,114.25,0.5,114.0,100,113.4,150,,,,,,,,,,,,,,,,,114.5,100,,,,,,,,,,,,,,,,,,
2026-07-03T05:01:04.263886+00:00,2026-07-03T05:01:04.263804,2,1,114.25,0.5,114.0,100,113.4,150,,,,,,,,,,,,,,,,,114.5,50,,,,,,,,,,,,,,,,,,
2026-07-03T05:01:05.458599+00:00,2026-07-03T05:01:05.457550,1,1,114.25,0.5,114.0,100,,,,,,,,,,,,,,,,,,,114.5,50,,,,,,,,,,,,,,,,,,
2026-07-03T05:01:05.515831+00:00,2026-07-03T05:01:05.515992,2,1,114.4,0.2,114.3,150,114.0,100,,,,,,,,,,,,,,,,,114.5,50,,,,,,,,,,,,,,,,,,
2026-07-03T05:01:05.525455+00:00,2026-07-03T05:01:05.519783,2,1,114.4,0.2,114.3,127,114.0,100,,,,,,,,,,,,,,,,,114.5,50,,,,,,,,,,,,,,,,,,
2026-07-03T05:01:05.569128+00:00,2026-07-03T05:01:05.569274,2,2,114.4,0.2,114.3,127,114.0,100,,,,,,,,,,,,,,,,,114.5,50,114.8,150,,,,,,,,,,,,,,,,
2026-07-03T05:01:05.902500+00:00,2026-07-03T05:01:05.897084,2,2,114.4,0.2,114.3,115,114.0,100,,,,,,,,,,,,,,,,,114.5,50,114.8,150,,,,,,,,,,,,,,,,
2026-07-03T05:01:06.368956+00:00,2026-07-03T05:01:06.369119,2,1,114.55,0.5,114.3,115,114.0,100,,,,,,,,,,,,,,,,,114.8,150,,,,,,,,,,,,,,,,,,
2026-07-03T05:01:06.681016+00:00,2026-07-03T05:01:06.680899,1,1,114.55,0.5,114.3,115,,,,,,,,,,,,,,,,,,,114.8,150,,,,,,,,,,,,,,,,,,
2026-07-03T05:01:06.733835+00:00,2026-07-03T05:01:06.733735,2,1,114.55,0.5,114.3,115,114.0,100,,,,,,,,,,,,,,,,,114.8,150,,,,,,,,,,,,,,,,,,
2026-07-03T05:01:06.786518+00:00,2026-07-03T05:01:06.786433,2,2,114.4,0.2,114.3,115,114.0,100,,,,,,,,,,,,,,,,,114.5,100,114.8,150,,,,,,,,,,,,,,,,
2026-07-03T05:01:07.734964+00:00,2026-07-03T05:01:07.734893,2,2,114.4,0.2,114.3,115,114.0,100,,,,,,,,,,,,,,,,,114.5,57,114.8,150,,,,,,,,,,,,,,,,
2026-07-03T05:01:08.219861+00:00,2026-07-03T05:01:08.219729,2,2,114.4,0.2,114.3,75,114.0,100,,,,,,,,,,,,,,,,,114.5,57,114.8,150,,,,,,,,,,,,,,,,
2026-07-03T05:01:08.477265+00:00,2026-07-03T05:01:08.477136,2,2,114.4,0.2,114.3,75,114.0,100,,,,,,,,,,,,,,,,,114.5,7,114.8,150,,,,,,,,,,,,,,,,
2026-07-03T05:01:08.624458+00:00,2026-07-03T05:01:08.624392,1,1,114.25,0.5,114.0,100,,,,,,,,,,,,,,,,,,,114.5,7,,,,,,,,,,,,,,,,,,
2026-07-03T05:01:08.679139+00:00,2026-07-03T05:01:08.679080,2,1,114.25,0.5,114.0,100,113.8,150,,,,,,,,,,,,,,,,,114.5,7,,,,,,,,,,,,,,,,,,
2026-07-03T05:01:08.732212+00:00,2026-07-03T05:01:08.732108,2,2,114.15,0.3,114.0,100,113.8,150,,,,,,,,,,,,,,,,,114.3,150,114.5,7,,,,,,,,,,,,,,,,
2026-07-03T05:01:09.836287+00:00,2026-07-03T05:01:09.836170,1,1,114.05,0.5,113.8,150,,,,,,,,,,,,,,,,,,,114.3,150,,,,,,,,,,,,,,,,,,
2026-07-03T05:01:09.893310+00:00,2026-07-03T05:01:09.893187,1,1,114.05,0.5,113.8,150,,,,,,,,,,,,,,,,,,,114.3,50,,,,,,,,,,,,,,,,,,
2026-07-03T05:01:09.947775+00:00,2026-07-03T05:01:09.947651,1,2,114.05,0.5,113.8,150,,,,,,,,,,,,,,,,,,,114.3,50,115.0,100,,,,,,,,,,,,,,,,
2026-07-03T05:01:10.416777+00:00,2026-07-03T05:01:10.416907,1,2,114.05,0.5,113.8,150,,,,,,,,,,,,,,,,,,,114.3,3,115.0,100,,,,,,,,,,,,,,,,
2026-07-03T05:01:10.951751+00:00,2026-07-03T05:01:10.951610,1,1,114.4,1.2,113.8,150,,,,,,,,,,,,,,,,,,,115.0,100,,,,,,,,,,,,,,,,,,
2026-07-03T05:01:11.785338+00:00,2026-07-03T05:01:11.785233,0,1,,,,,,,,,,,,,,,,,,,,,,,115.0,100,,,,,,,,,,,,,,,,,,
2026-07-03T05:01:11.847648+00:00,2026-07-03T05:01:11.841645,1,1,114.8,0.4,114.6,136,,,,,,,,,,,,,,,,,,,115.0,100,,,,,,,,,,,,,,,,,,
2026-07-03T05:01:11.888752+00:00,2026-07-03T05:01:11.888654,1,2,114.8,0.4,114.6,136,,,,,,,,,,,,,,,,,,,115.0,100,115.1,150,,,,,,,,,,,,,,,,
2026-07-03T05:01:12.369748+00:00,2026-07-03T05:01:12.369695,1,2,114.8,0.4,114.6,90,,,,,,,,,,,,,,,,,,,115.0,100,115.1,150,,,,,,,,,,,,,,,,
2026-07-03T05:01:12.745339+00:00,2026-07-03T05:01:12.745279,1,2,114.8,0.4,114.6,40,,,,,,,,,,,,,,,,,,,115.0,100,115.1,150,,,,,,,,,,,,,,,,
2026-07-03T05:01:12.999892+00:00,2026-07-03T05:01:13.000074,1,1,114.85,0.5,114.6,40,,,,,,,,,,,,,,,,,,,115.1,150,,,,,,,,,,,,,,,,,,
2026-07-03T05:01:13.058615+00:00,2026-07-03T05:01:13.049827,2,1,114.85,0.5,114.6,40,114.2,100,,,,,,,,,,,,,,,,,115.1,150,,,,,,,,,,,,,,,,,,
2026-07-03T05:01:13.107801+00:00,2026-07-03T05:01:13.107754,2,2,114.65,0.1,114.6,40,114.2,100,,,,,,,,,,,,,,,,,114.7,100,115.1,150,,,,,,,,,,,,,,,,
2026-07-03T05:01:13.470161+00:00,2026-07-03T05:01:13.470104,2,2,114.65,0.1,114.6,40,114.2,100,,,,,,,,,,,,,,,,,114.7,53,115.1,150,,,,,,,,,,,,,,,,
2026-07-03T05:01:14.381033+00:00,2026-07-03T05:01:14.381232,1,2,114.45,0.5,114.2,98,,,,,,,,,,,,,,,,,,,114.7,53,115.1,150,,,,,,,,,,,,,,,,
2026-07-03T05:01:14.945071+00:00,2026-07-03T05:01:14.945020,1,1,114.45,0.5,114.2,98,,,,,,,,,,,,,,,,,,,114.7,53,,,,,,,,,,,,,,,,,,
2026-07-03T05:01:14.999752+00:00,2026-07-03T05:01:14.999627,1,1,114.45,0.5,114.2,248,,,,,,,,,,,,,,,,,,,114.7,53,,,,,,,,,,,,,,,,,,
2026-07-03T05:01:15.058566+00:00,2026-07-03T05:01:15.048097,1,1,114.45,0.5,114.2,248,,,,,,,,,,,,,,,,,,,114.7,203,,,,,,,,,,,,,,,,,,
2026-07-03T05:01:16.158636+00:00,2026-07-03T05:01:16.156521,1,1,114.45,0.5,114.2,150,,,,,,,,,,,,,,,,,,,114.7,150,,,,,,,,,,,,,,,,,,
2026-07-03T05:01:16.215660+00:00,2026-07-03T05:01:16.215565,2,1,114.6,0.2,114.5,100,114.2,150,,,,,,,,,,,,,,,,,114.7,150,,,,,,,,,,,,,,,,,,
2026-07-03T05:01:16.268269+00:00,2026-07-03T05:01:16.268166,2,2,114.6,0.2,114.5,100,114.2,150,,,,,,,,,,,,,,,,,114.7,150,115.0,100,,,,,,,,,,,,,,,,
2026-07-03T05:01:16.484694+00:00,2026-07-03T05:01:16.484572,2,2,114.6,0.2,114.5,100,114.2,150,,,,,,,,,,,,,,,,,114.7,109,115.0,100,,,,,,,,,,,,,,,,
2026-07-03T05:01:16.538006+00:00,2026-07-03T05:01:16.537879,2,2,114.6,0.2,114.5,58,114.2,150,,,,,,,,,,,,,,,,,114.7,109,115.0,100,,,,,,,,,,,,,,,,
2026-07-03T05:01:16.905226+00:00,2026-07-03T05:01:16.905149,2,2,114.6,0.2,114.5,58,114.2,150,,,,,,,,,,,,,,,,,114.7,59,115.0,100,,,,,,,,,,,,,,,,
2026-07-03T05:01:17.500250+00:00,2026-07-03T05:01:17.500169,2,2,114.6,0.2,114.5,58,114.2,150,,,,,,,,,,,,,,,,,114.7,19,115.0,100,,,,,,,,,,,,,,,,
2026-07-03T05:01:18.104567+00:00,2026-07-03T05:01:18.104440,1,1,114.75,0.5,114.5,58,,,,,,,,,,,,,,,,,,,115.0,100,,,,,,,,,,,,,,,,,,
2026-07-03T05:01:18.164173+00:00,2026-07-03T05:01:18.163948,2,1,114.8,0.4,114.6,150,114.5,58,,,,,,,,,,,,,,,,,115.0,100,,,,,,,,,,,,,,,,,,
2026-07-03T05:01:18.211564+00:00,2026-07-03T05:01:18.211520,2,2,114.8,0.4,114.6,150,114.5,58,,,,,,,,,,,,,,,,,115.0,100,115.1,150,,,,,,,,,,,,,,,,
2026-07-03T05:01:19.009191+00:00,2026-07-03T05:01:19.009085,2,2,114.8,0.4,114.6,150,114.5,58,,,,,,,,,,,,,,,,,115.0,50,115.1,150,,,,,,,,,,,,,,,,
2026-07-03T05:01:19.348145+00:00,2026-07-03T05:01:19.348049,2,1,114.85,0.5,114.6,150,114.5,58,,,,,,,,,,,,,,,,,115.1,150,,,,,,,,,,,,,,,,,,
2026-07-03T05:01:19.353134+00:00,2026-07-03T05:01:19.353227,1,1,114.85,0.5,114.6,150,,,,,,,,,,,,,,,,,,,115.1,150,,,,,,,,,,,,,,,,,,
2026-07-03T05:01:19.407017+00:00,2026-07-03T05:01:19.406937,2,1,114.85,0.5,114.6,150,114.4,100,,,,,,,,,,,,,,,,,115.1,150,,,,,,,,,,,,,,,,,,
2026-07-03T05:01:19.463920+00:00,2026-07-03T05:01:19.463813,2,2,114.75,0.3,114.6,150,114.4,100,,,,,,,,,,,,,,,,,114.9,100,115.1,150,,,,,,,,,,,,,,,,
2026-07-03T05:01:20.604435+00:00,2026-07-03T05:01:20.604594,2,2,114.75,0.3,114.6,110,114.4,100,,,,,,,,,,,,,,,,,114.9,100,115.1,150,,,,,,,,,,,,,,,,
2026-07-03T05:01:21.118733+00:00,2026-07-03T05:01:21.118618,2,2,114.75,0.3,114.6,110,114.4,100,,,,,,,,,,,,,,,,,114.9,50,115.1,150,,,,,,,,,,,,,,,,
2026-07-03T05:01:21.264989+00:00,2026-07-03T05:01:21.264878,1,1,114.65,0.5,114.4,100,,,,,,,,,,,,,,,,,,,114.9,50,,,,,,,,,,,,,,,,,,
2026-07-03T05:01:21.318585+00:00,2026-07-03T05:01:21.318476,2,1,114.7,0.4,114.5,150,114.4,100,,,,,,,,,,,,,,,,,114.9,50,,,,,,,,,,,,,,,,,,
2026-07-03T05:01:21.371621+00:00,2026-07-03T05:01:21.371800,2,2,114.7,0.4,114.5,150,114.4,100,,,,,,,,,,,,,,,,,114.9,50,115.0,150,,,,,,,,,,,,,,,,
2026-07-03T05:01:21.548119+00:00,2026-07-03T05:01:21.547999,2,2,114.7,0.4,114.5,105,114.4,100,,,,,,,,,,,,,,,,,114.9,50,115.0,150,,,,,,,,,,,,,,,,
2026-07-03T05:01:22.515511+00:00,2026-07-03T05:01:22.515413,1,1,114.75,0.5,114.5,105,,,,,,,,,,,,,,,,,,,115.0,150,,,,,,,,,,,,,,,,,,
2026-07-03T05:01:22.569694+00:00,2026-07-03T05:01:22.569644,1,1,114.75,0.5,114.5,205,,,,,,,,,,,,,,,,,,,115.0,150,,,,,,,,,,,,,,,,,,
2026-07-03T05:01:22.623692+00:00,2026-07-03T05:01:22.623623,1,1,114.75,0.5,114.5,205,,,,,,,,,,,,,,,,,,,115.0,250,,,,,,,,,,,,,,,,,,
2026-07-03T05:01:23.230412+00:00,2026-07-03T05:01:23.230502,1,1,114.75,0.5,114.5,205,,,,,,,,,,,,,,,,,,,115.0,200,,,,,,,,,,,,,,,,,,
2026-07-03T05:01:24.428385+00:00,2026-07-03T05:01:24.428317,1,1,114.75,0.5,114.5,100,,,,,,,,,,,,,,,,,,,115.0,100,,,,,,,,,,,,,,,,,,
2026-07-03T05:01:24.482747+00:00,2026-07-03T05:01:24.482885,2,1,114.75,0.5,114.5,100,114.4,150,,,,,,,,,,,,,,,,,115.0,100,,,,,,,,,,,,,,,,,,
2026-07-03T05:01:24.536252+00:00,2026-07-03T05:01:24.536194,2,2,114.7,0.4,114.5,100,114.4,150,,,,,,,,,,,,,,,,,114.9,150,115.0,100,,,,,,,,,,,,,,,,
2026-07-03T05:01:25.680386+00:00,2026-07-03T05:01:25.680308,1,1,114.65,0.5,114.4,150,,,,,,,,,,,,,,,,,,,114.9,150,,,,,,,,,,,,,,,,,,
2026-07-03T05:01:25.733134+00:00,2026-07-03T05:01:25.732993,1,1,114.65,0.5,114.4,150,,,,,,,,,,,,,,,,,,,114.9,50,,,,,,,,,,,,,,,,,,
2026-07-03T05:01:25.790390+00:00,2026-07-03T05:01:25.790300,1,2,114.65,0.5,114.4,150,,,,,,,,,,,,,,,,,,,114.9,50,115.4,100,,,,,,,,,,,,,,,,
2026-07-03T05:01:26.600845+00:00,2026-07-03T05:01:26.600709,1,2,114.65,0.5,114.4,150,,,,,,,,,,,,,,,,,,,114.9,5,115.4,100,,,,,,,,,,,,,,,,
2026-07-03T05:01:26.867417+00:00,2026-07-03T05:01:26.862249,1,2,114.65,0.5,114.4,150,,,,,,,,,,,,,,,,,,,114.9,2,115.4,100,,,,,,,,,,,,,,,,
2026-07-03T05:01:27.449660+00:00,2026-07-03T05:01:27.449808,1,1,114.9,1.0,114.4,150,,,,,,,,,,,,,,,,,,,115.4,100,,,,,,,,,,,,,,,,,,
2026-07-03T05:01:27.590920+00:00,2026-07-03T05:01:27.590827,0,1,,,,,,,,,,,,,,,,,,,,,,,115.4,100,,,,,,,,,,,,,,,,,,
2026-07-03T05:01:27.644524+00:00,2026-07-03T05:01:27.644415,1,0,,,115.5,50,,,,,,,,,,,,,,,,,,,,,,,,,,,,,,,,,,,,,,
2026-07-03T05:01:27.705303+00:00,2026-07-03T05:01:27.699897,1,1,115.75,0.5,115.5,33,,,,,,,,,,,,,,,,,,,116.0,150,,,,,,,,,,,,,,,,,,
2026-07-03T05:01:27.837186+00:00,2026-07-03T05:01:27.837146,1,1,115.75,0.5,115.5,8,,,,,,,,,,,,,,,,,,,116.0,150,,,,,,,,,,,,,,,,,,
2026-07-03T05:01:28.064007+00:00,2026-07-03T05:01:28.063918,0,1,,,,,,,,,,,,,,,,,,,,,,,116.0,150,,,,,,,,,,,,,,,,,,
2026-07-03T05:01:28.894321+00:00,2026-07-03T05:01:28.894196,1,1,115.6,0.8,115.2,100,,,,,,,,,,,,,,,,,,,116.0,150,,,,,,,,,,,,,,,,,,
2026-07-03T05:01:28.946579+00:00,2026-07-03T05:01:28.946445,1,2,115.45,0.5,115.2,100,,,,,,,,,,,,,,,,,,,115.7,100,116.0,150,,,,,,,,,,,,,,,,
2026-07-03T05:01:29.608331+00:00,2026-07-03T05:01:29.608271,1,2,115.45,0.5,115.2,50,,,,,,,,,,,,,,,,,,,115.7,100,116.0,150,,,,,,,,,,,,,,,,
2026-07-03T05:01:30.252493+00:00,2026-07-03T05:01:30.252408,1,2,115.45,0.5,115.2,4,,,,,,,,,,,,,,,,,,,115.7,100,116.0,150,,,,,,,,,,,,,,,,
2026-07-03T05:01:30.750897+00:00,2026-07-03T05:01:30.750814,1,1,115.45,0.5,115.2,4,,,,,,,,,,,,,,,,,,,115.7,100,,,,,,,,,,,,,,,,,,
2026-07-03T05:01:30.801135+00:00,2026-07-03T05:01:30.800989,2,1,115.45,0.5,115.2,4,115.0,150,,,,,,,,,,,,,,,,,115.7,100,,,,,,,,,,,,,,,,,,
2026-07-03T05:01:30.855362+00:00,2026-07-03T05:01:30.855482,2,2,115.35,0.3,115.2,4,115.0,150,,,,,,,,,,,,,,,,,115.5,150,115.7,100,,,,,,,,,,,,,,,,
2026-07-03T05:01:31.803885+00:00,2026-07-03T05:01:31.803826,1,2,115.25,0.5,115.0,150,,,,,,,,,,,,,,,,,,,115.5,150,115.7,100,,,,,,,,,,,,,,,,
2026-07-03T05:01:31.999807+00:00,2026-07-03T05:01:31.999755,1,1,115.25,0.5,115.0,150,,,,,,,,,,,,,,,,,,,115.5,150,,,,,,,,,,,,,,,,,,
2026-07-03T05:01:32.058653+00:00,2026-07-03T05:01:32.050544,2,1,115.25,0.5,115.0,150,114.7,100,,,,,,,,,,,,,,,,,115.5,150,,,,,,,,,,,,,,,,,,
2026-07-03T05:01:32.127806+00:00,2026-07-03T05:01:32.122103,2,2,115.1,0.2,115.0,150,114.7,100,,,,,,,,,,,,,,,,,115.2,89,115.5,150,,,,,,,,,,,,,,,,
2026-07-03T05:01:33.309435+00:00,2026-07-03T05:01:33.304269,2,2,115.1,0.2,115.0,150,114.7,100,,,,,,,,,,,,,,,,,115.2,86,115.5,150,,,,,,,,,,,,,,,,
2026-07-03T05:01:33.330323+00:00,2026-07-03T05:01:33.330225,2,2,115.1,0.2,115.0,150,114.7,100,,,,,,,,,,,,,,,,,115.2,61,115.5,150,,,,,,,,,,,,,,,,
2026-07-03T05:01:33.538000+00:00,2026-07-03T05:01:33.538130,2,2,115.1,0.2,115.0,150,114.7,100,,,,,,,,,,,,,,,,,115.2,53,115.5,150,,,,,,,,,,,,,,,,
2026-07-03T05:01:33.773777+00:00,2026-07-03T05:01:33.773733,2,2,115.1,0.2,115.0,150,114.7,100,,,,,,,,,,,,,,,,,115.2,3,115.5,150,,,,,,,,,,,,,,,,
2026-07-03T05:01:33.915038+00:00,2026-07-03T05:01:33.915143,1,1,114.95,0.5,114.7,100,,,,,,,,,,,,,,,,,,,115.2,3,,,,,,,,,,,,,,,,,,
2026-07-03T05:01:33.969263+00:00,2026-07-03T05:01:33.969234,2,1,115.1,0.2,115.0,150,114.7,100,,,,,,,,,,,,,,,,,115.2,3,,,,,,,,,,,,,,,,,,
2026-07-03T05:01:34.019882+00:00,2026-07-03T05:01:34.020128,2,2,115.1,0.2,115.0,150,114.7,100,,,,,,,,,,,,,,,,,115.2,3,115.5,150,,,,,,,,,,,,,,,,
2026-07-03T05:01:35.169049+00:00,2026-07-03T05:01:35.169001,1,1,115.25,0.5,115.0,150,,,,,,,,,,,,,,,,,,,115.5,150,,,,,,,,,,,,,,,,,,
2026-07-03T05:01:35.227773+00:00,2026-07-03T05:01:35.227686,1,1,115.25,0.5,115.0,250,,,,,,,,,,,,,,,,,,,115.5,150,,,,,,,,,,,,,,,,,,
2026-07-03T05:01:35.280533+00:00,2026-07-03T05:01:35.280416,1,1,115.25,0.5,115.0,250,,,,,,,,,,,,,,,,,,,115.5,250,,,,,,,,,,,,,,,,,,
2026-07-03T05:01:36.939497+00:00,2026-07-03T05:01:36.939336,1,1,115.25,0.5,115.0,250,,,,,,,,,,,,,,,,,,,115.5,210,,,,,,,,,,,,,,,,,,
2026-07-03T05:01:37.075458+00:00,2026-07-03T05:01:37.075412,1,1,115.25,0.5,115.0,100,,,,,,,,,,,,,,,,,,,115.5,100,,,,,,,,,,,,,,,,,,
2026-07-03T05:01:37.128365+00:00,2026-07-03T05:01:37.128253,2,1,115.3,0.4,115.1,150,115.0,100,,,,,,,,,,,,,,,,,115.5,100,,,,,,,,,,,,,,,,,,
2026-07-03T05:01:37.181251+00:00,2026-07-03T05:01:37.181443,2,2,115.3,0.4,115.1,150,115.0,100,,,,,,,,,,,,,,,,,115.5,100,115.6,150,,,,,,,,,,,,,,,,
2026-07-03T05:01:38.333142+00:00,2026-07-03T05:01:38.333001,1,1,115.35,0.5,115.1,150,,,,,,,,,,,,,,,,,,,115.6,150,,,,,,,,,,,,,,,,,,
2026-07-03T05:01:38.387839+00:00,2026-07-03T05:01:38.387751,2,1,115.35,0.5,115.1,150,115.0,100,,,,,,,,,,,,,,,,,115.6,150,,,,,,,,,,,,,,,,,,
2026-07-03T05:01:38.440407+00:00,2026-07-03T05:01:38.440252,2,2,115.3,0.4,115.1,150,115.0,100,,,,,,,,,,,,,,,,,115.5,100,115.6,150,,,,,,,,,,,,,,,,
2026-07-03T05:01:38.776272+00:00,2026-07-03T05:01:38.776145,2,2,115.3,0.4,115.1,103,115.0,100,,,,,,,,,,,,,,,,,115.5,100,115.6,150,,,,,,,,,,,,,,,,
2026-07-03T05:01:40.022461+00:00,2026-07-03T05:01:40.022357,2,2,115.3,0.4,115.1,103,115.0,100,,,,,,,,,,,,,,,,,115.5,58,115.6,150,,,,,,,,,,,,,,,,
2026-07-03T05:01:40.237775+00:00,2026-07-03T05:01:40.237631,1,1,115.25,0.5,115.0,100,,,,,,,,,,,,,,,,,,,115.5,58,,,,,,,,,,,,,,,,,,
2026-07-03T05:01:40.292212+00:00,2026-07-03T05:01:40.292109,2,1,115.3,0.4,115.1,150,115.0,100,,,,,,,,,,,,,,,,,115.5,58,,,,,,,,,,,,,,,,,,
2026-07-03T05:01:40.345690+00:00,2026-07-03T05:01:40.345602,2,2,115.3,0.4,115.1,150,115.0,100,,,,,,,,,,,,,,,,,115.5,58,115.6,150,,,,,,,,,,,,,,,,
2026-07-03T05:01:40.579988+00:00,2026-07-03T05:01:40.579929,2,2,115.3,0.4,115.1,109,115.0,100,,,,,,,,,,,,,,,,,115.5,58,115.6,150,,,,,,,,,,,,,,,,
2026-07-03T05:01:41.491562+00:00,2026-07-03T05:01:41.491436,2,1,115.35,0.5,115.1,109,115.0,100,,,,,,,,,,,,,,,,,115.6,150,,,,,,,,,,,,,,,,,,
2026-07-03T05:01:41.496521+00:00,2026-07-03T05:01:41.496601,1,1,115.35,0.5,115.1,109,,,,,,,,,,,,,,,,,,,115.6,150,,,,,,,,,,,,,,,,,,
2026-07-03T05:01:41.545583+00:00,2026-07-03T05:01:41.545469,2,1,115.35,0.5,115.1,109,114.9,100,,,,,,,,,,,,,,,,,115.6,150,,,,,,,,,,,,,,,,,,
2026-07-03T05:01:41.601528+00:00,2026-07-03T05:01:41.601443,2,2,115.25,0.3,115.1,109,114.9,100,,,,,,,,,,,,,,,,,115.4,100,115.6,150,,,,,,,,,,,,,,,,
2026-07-03T05:01:42.192668+00:00,2026-07-03T05:01:42.192553,2,2,115.25,0.3,115.1,109,114.9,100,,,,,,,,,,,,,,,,,115.4,50,115.6,150,,,,,,,,,,,,,,,,
2026-07-03T05:01:42.537330+00:00,2026-07-03T05:01:42.537449,2,2,115.25,0.3,115.1,109,114.9,100,,,,,,,,,,,,,,,,,115.4,5,115.6,150,,,,,,,,,,,,,,,,
2026-07-03T05:01:42.592091+00:00,2026-07-03T05:01:42.591996,2,2,115.25,0.3,115.1,63,114.9,100,,,,,,,,,,,,,,,,,115.4,5,115.6,150,,,,,,,,,,,,,,,,
2026-07-03T05:01:43.211488+00:00,2026-07-03T05:01:43.211415,2,1,115.35,0.5,115.1,63,114.9,100,,,,,,,,,,,,,,,,,115.6,114,,,,,,,,,,,,,,,,,,
2026-07-03T05:01:43.396261+00:00,2026-07-03T05:01:43.396191,1,0,,,114.9,100,,,,,,,,,,,,,,,,,,,,,,,,,,,,,,,,,,,,,,
2026-07-03T05:01:43.458634+00:00,2026-07-03T05:01:43.452843,2,0,,,114.9,100,114.6,150,,,,,,,,,,,,,,,,,,,,,,,,,,,,,,,,,,,,
2026-07-03T05:01:43.502836+00:00,2026-07-03T05:01:43.502919,2,1,115.0,0.2,114.9,100,114.6,150,,,,,,,,,,,,,,,,,115.1,150,,,,,,,,,,,,,,,,,,
2026-07-03T05:01:44.299857+00:00,2026-07-03T05:01:44.299966,2,1,115.0,0.2,114.9,100,114.6,150,,,,,,,,,,,,,,,,,115.1,100,,,,,,,,,,,,,,,,,,
2026-07-03T05:01:44.658552+00:00,2026-07-03T05:01:44.656760,1,1,114.85,0.5,114.6,150,,,,,,,,,,,,,,,,,,,115.1,100,,,,,,,,,,,,,,,,,,
2026-07-03T05:01:44.711522+00:00,2026-07-03T05:01:44.711443,1,0,,,114.6,150,,,,,,,,,,,,,,,,,,,,,,,,,,,,,,,,,,,,,,
2026-07-03T05:01:44.794546+00:00,2026-07-03T05:01:44.794360,1,1,115.25,1.3,114.6,150,,,,,,,,,,,,,,,,,,,115.9,100,,,,,,,,,,,,,,,,,,
2026-07-03T05:01:44.901405+00:00,2026-07-03T05:01:44.901196,1,1,115.25,1.3,114.6,128,,,,,,,,,,,,,,,,,,,115.9,100,,,,,,,,,,,,,,,,,,
2026-07-03T05:01:46.407236+00:00,2026-07-03T05:01:46.407166,1,1,115.25,1.3,114.6,128,,,,,,,,,,,,,,,,,,,115.9,50,,,,,,,,,,,,,,,,,,
2026-07-03T05:01:46.558640+00:00,2026-07-03T05:01:46.552221,0,1,,,,,,,,,,,,,,,,,,,,,,,115.9,50,,,,,,,,,,,,,,,,,,
2026-07-03T05:01:46.610304+00:00,2026-07-03T05:01:46.610273,1,1,115.55,0.7,115.2,150,,,,,,,,,,,,,,,,,,,115.9,50,,,,,,,,,,,,,,,,,,
2026-07-03T05:01:46.664443+00:00,2026-07-03T05:01:46.664358,1,2,115.45,0.5,115.2,150,,,,,,,,,,,,,,,,,,,115.7,150,115.9,50,,,,,,,,,,,,,,,,
2026-07-03T05:01:47.850660+00:00,2026-07-03T05:01:47.850790,1,1,115.45,0.5,115.2,150,,,,,,,,,,,,,,,,,,,115.7,150,,,,,,,,,,,,,,,,,,
2026-07-03T05:01:47.905668+00:00,2026-07-03T05:01:47.905604,2,1,115.45,0.5,115.2,150,115.1,100,,,,,,,,,,,,,,,,,115.7,150,,,,,,,,,,,,,,,,,,
2026-07-03T05:01:47.958622+00:00,2026-07-03T05:01:47.957442,2,2,115.4,0.4,115.2,150,115.1,100,,,,,,,,,,,,,,,,,115.6,100,115.7,150,,,,,,,,,,,,,,,,
2026-07-03T05:01:48.564690+00:00,2026-07-03T05:01:48.564595,2,2,115.4,0.4,115.2,100,115.1,100,,,,,,,,,,,,,,,,,115.6,100,115.7,150,,,,,,,,,,,,,,,,
2026-07-03T05:01:49.718759+00:00,2026-07-03T05:01:49.718663,1,1,115.35,0.5,115.1,100,,,,,,,,,,,,,,,,,,,115.6,100,,,,,,,,,,,,,,,,,,
2026-07-03T05:01:49.774044+00:00,2026-07-03T05:01:49.774171,2,1,115.35,0.5,115.1,100,114.8,150,,,,,,,,,,,,,,,,,115.6,100,,,,,,,,,,,,,,,,,,
2026-07-03T05:01:49.825824+00:00,2026-07-03T05:01:49.825729,2,2,115.2,0.2,115.1,100,114.8,150,,,,,,,,,,,,,,,,,115.3,150,115.6,100,,,,,,,,,,,,,,,,
2026-07-03T05:01:50.624227+00:00,2026-07-03T05:01:50.624060,2,2,115.2,0.2,115.1,100,114.8,150,,,,,,,,,,,,,,,,,115.3,100,115.6,100,,,,,,,,,,,,,,,,
2026-07-03T05:01:50.984142+00:00,2026-07-03T05:01:50.984094,2,2,115.2,0.2,115.1,51,114.8,150,,,,,,,,,,,,,,,,,115.3,100,115.6,100,,,,,,,,,,,,,,,,
2026-07-03T05:01:51.010618+00:00,2026-07-03T05:01:51.010450,1,1,115.05,0.5,114.8,150,,,,,,,,,,,,,,,,,,,115.3,100,,,,,,,,,,,,,,,,,,
2026-07-03T05:01:51.065089+00:00,2026-07-03T05:01:51.065006,2,1,115.1,0.4,114.9,100,114.8,150,,,,,,,,,,,,,,,,,115.3,100,,,,,,,,,,,,,,,,,,
2026-07-03T05:01:51.117019+00:00,2026-07-03T05:01:51.117082,2,2,115.1,0.4,114.9,100,114.8,150,,,,,,,,,,,,,,,,,115.3,100,115.4,100,,,,,,,,,,,,,,,,
2026-07-03T05:01:51.574208+00:00,2026-07-03T05:01:51.574149,2,2,115.1,0.4,114.9,100,114.8,150,,,,,,,,,,,,,,,,,115.3,51,115.4,100,,,,,,,,,,,,,,,,
2026-07-03T05:01:52.882874+00:00,2026-07-03T05:01:52.883045,1,1,115.15,0.5,114.9,100,,,,,,,,,,,,,,,,,,,115.4,100,,,,,,,,,,,,,,,,,,
2026-07-03T05:01:52.934502+00:00,2026-07-03T05:01:52.934656,2,1,115.2,0.4,115.0,150,114.9,100,,,,,,,,,,,,,,,,,115.4,100,,,,,,,,,,,,,,,,,,
2026-07-03T05:01:52.944574+00:00,2026-07-03T05:01:52.938504,2,1,115.2,0.4,115.0,147,114.9,100,,,,,,,,,,,,,,,,,115.4,100,,,,,,,,,,,,,,,,,,
2026-07-03T05:01:52.980434+00:00,2026-07-03T05:01:52.980337,2,1,115.2,0.4,115.0,122,114.9,100,,,,,,,,,,,,,,,,,115.4,100,,,,,,,,,,,,,,,,,,
2026-07-03T05:01:52.990972+00:00,2026-07-03T05:01:52.990828,2,2,115.2,0.4,115.0,122,114.9,100,,,,,,,,,,,,,,,,,115.4,100,115.5,150,,,,,,,,,,,,,,,,
2026-07-03T05:01:53.389908+00:00,2026-07-03T05:01:53.389826,2,2,115.2,0.4,115.0,97,114.9,100,,,,,,,,,,,,,,,,,115.4,100,115.5,150,,,,,,,,,,,,,,,,
2026-07-03T05:01:53.598957+00:00,2026-07-03T05:01:53.598862,2,2,115.2,0.4,115.0,72,114.9,100,,,,,,,,,,,,,,,,,115.4,100,115.5,150,,,,,,,,,,,,,,,,
2026-07-03T05:01:53.806269+00:00,2026-07-03T05:01:53.806209,2,2,115.2,0.4,115.0,47,114.9,100,,,,,,,,,,,,,,,,,115.4,100,115.5,150,,,,,,,,,,,,,,,,
2026-07-03T05:01:54.015768+00:00,2026-07-03T05:01:54.015604,2,2,115.2,0.4,115.0,22,114.9,100,,,,,,,,,,,,,,,,,115.4,100,115.5,150,,,,,,,,,,,,,,,,
2026-07-03T05:01:54.169047+00:00,2026-07-03T05:01:54.169006,1,1,115.25,0.5,115.0,22,,,,,,,,,,,,,,,,,,,115.5,150,,,,,,,,,,,,,,,,,,
2026-07-03T05:01:54.224235+00:00,2026-07-03T05:01:54.224173,1,1,115.05,0.9,114.6,100,,,,,,,,,,,,,,,,,,,115.5,150,,,,,,,,,,,,,,,,,,
2026-07-03T05:01:54.277424+00:00,2026-07-03T05:01:54.277372,1,2,114.85,0.5,114.6,100,,,,,,,,,,,,,,,,,,,115.1,100,115.5,150,,,,,,,,,,,,,,,,
2026-07-03T05:01:54.833812+00:00,2026-07-03T05:01:54.833972,1,2,114.85,0.5,114.6,100,,,,,,,,,,,,,,,,,,,115.1,50,115.5,150,,,,,,,,,,,,,,,,
2026-07-03T05:01:56.045167+00:00,2026-07-03T05:01:56.045049,1,1,114.85,0.5,114.6,100,,,,,,,,,,,,,,,,,,,115.1,50,,,,,,,,,,,,,,,,,,
2026-07-03T05:01:56.098469+00:00,2026-07-03T05:01:56.098398,2,1,114.85,0.5,114.6,100,114.4,150,,,,,,,,,,,,,,,,,115.1,50,,,,,,,,,,,,,,,,,,
2026-07-03T05:01:56.150637+00:00,2026-07-03T05:01:56.150735,2,2,114.75,0.3,114.6,100,114.4,150,,,,,,,,,,,,,,,,,114.9,150,115.1,50,,,,,,,,,,,,,,,,
2026-07-03T05:01:56.161034+00:00,2026-07-03T05:01:56.161161,2,2,114.75,0.3,114.6,53,114.4,150,,,,,,,,,,,,,,,,,114.9,150,115.1,50,,,,,,,,,,,,,,,,
2026-07-03T05:01:56.938776+00:00,2026-07-03T05:01:56.938699,2,2,114.75,0.3,114.6,53,114.4,150,,,,,,,,,,,,,,,,,114.9,100,115.1,50,,,,,,,,,,,,,,,,
2026-07-03T05:01:57.039606+00:00,2026-07-03T05:01:57.033746,2,2,114.75,0.3,114.6,53,114.4,150,,,,,,,,,,,,,,,,,114.9,97,115.1,50,,,,,,,,,,,,,,,,
2026-07-03T05:01:57.330359+00:00,2026-07-03T05:01:57.330268,1,1,114.65,0.5,114.4,150,,,,,,,,,,,,,,,,,,,114.9,97,,,,,,,,,,,,,,,,,,
2026-07-03T05:01:57.388766+00:00,2026-07-03T05:01:57.388642,2,1,114.85,0.1,114.8,100,114.4,150,,,,,,,,,,,,,,,,,114.9,97,,,,,,,,,,,,,,,,,,
2026-07-03T05:01:57.447220+00:00,2026-07-03T05:01:57.447140,2,2,114.85,0.1,114.8,100,114.4,150,,,,,,,,,,,,,,,,,114.9,97,115.3,100,,,,,,,,,,,,,,,,
2026-07-03T05:01:59.058847+00:00,2026-07-03T05:01:59.058646,2,2,114.85,0.1,114.8,100,114.4,150,,,,,,,,,,,,,,,,,114.9,47,115.3,100,,,,,,,,,,,,,,,,
2026-07-03T05:01:59.200946+00:00,2026-07-03T05:01:59.200845,2,1,115.05,0.5,114.8,100,114.4,150,,,,,,,,,,,,,,,,,115.3,100,,,,,,,,,,,,,,,,,,
2026-07-03T05:01:59.206083+00:00,2026-07-03T05:01:59.206020,1,1,115.05,0.5,114.8,100,,,,,,,,,,,,,,,,,,,115.3,100,,,,,,,,,,,,,,,,,,
2026-07-03T05:01:59.254324+00:00,2026-07-03T05:01:59.254283,1,1,115.05,0.5,114.8,250,,,,,,,,,,,,,,,,,,,115.3,100,,,,,,,,,,,,,,,,,,
2026-07-03T05:01:59.320741+00:00,2026-07-03T05:01:59.320648,1,1,115.05,0.5,114.8,250,,,,,,,,,,,,,,,,,,,115.3,250,,,,,,,,,,,,,,,,,,
2026-07-03T05:01:59.659680+00:00,2026-07-03T05:01:59.654136,1,1,115.05,0.5,114.8,222,,,,,,,,,,,,,,,,,,,115.3,250,,,,,,,,,,,,,,,,,,
2026-07-03T05:01:59.858553+00:00,2026-07-03T05:01:59.856782,1,1,115.05,0.5,114.8,197,,,,,,,,,,,,,,,,,,,115.3,250,,,,,,,,,,,,,,,,,,
2026-07-03T05:02:00.076593+00:00,2026-07-03T05:02:00.076415,1,1,115.05,0.5,114.8,194,,,,,,,,,,,,,,,,,,,115.3,250,,,,,,,,,,,,,,,,,,
2026-07-03T05:02:00.240476+00:00,2026-07-03T05:02:00.240399,1,1,115.05,0.5,114.8,194,,,,,,,,,,,,,,,,,,,115.3,202,,,,,,,,,,,,,,,,,,
2026-07-03T05:02:00.525649+00:00,2026-07-03T05:02:00.525603,1,1,115.05,0.5,114.8,194,,,,,,,,,,,,,,,,,,,115.3,150,,,,,,,,,,,,,,,,,,
2026-07-03T05:02:00.530929+00:00,2026-07-03T05:02:00.530769,1,1,115.05,0.5,114.8,150,,,,,,,,,,,,,,,,,,,115.3,150,,,,,,,,,,,,,,,,,,
2026-07-03T05:02:00.583029+00:00,2026-07-03T05:02:00.582905,2,1,115.05,0.5,114.8,150,114.4,100,,,,,,,,,,,,,,,,,115.3,150,,,,,,,,,,,,,,,,,,
2026-07-03T05:02:00.636045+00:00,2026-07-03T05:02:00.636010,2,2,114.85,0.1,114.8,150,114.4,100,,,,,,,,,,,,,,,,,114.9,100,115.3,150,,,,,,,,,,,,,,,,
2026-07-03T05:02:01.324548+00:00,2026-07-03T05:02:01.324684,2,2,114.85,0.1,114.8,108,114.4,100,,,,,,,,,,,,,,,,,114.9,100,115.3,150,,,,,,,,,,,,,,,,
2026-07-03T05:02:02.376707+00:00,2026-07-03T05:02:02.376615,1,1,114.65,0.5,114.4,100,,,,,,,,,,,,,,,,,,,114.9,100,,,,,,,,,,,,,,,,,,
2026-07-03T05:02:02.429707+00:00,2026-07-03T05:02:02.429603,2,1,114.7,0.4,114.5,150,114.4,100,,,,,,,,,,,,,,,,,114.9,100,,,,,,,,,,,,,,,,,,
2026-07-03T05:02:02.482202+00:00,2026-07-03T05:02:02.482068,2,2,114.7,0.4,114.5,150,114.4,100,,,,,,,,,,,,,,,,,114.9,100,115.0,150,,,,,,,,,,,,,,,,
2026-07-03T05:02:02.969733+00:00,2026-07-03T05:02:02.969650,2,2,114.7,0.4,114.5,150,114.4,100,,,,,,,,,,,,,,,,,114.9,56,115.0,150,,,,,,,,,,,,,,,,
2026-07-03T05:02:03.309132+00:00,2026-07-03T05:02:03.309055,2,2,114.7,0.4,114.5,100,114.4,100,,,,,,,,,,,,,,,,,114.9,56,115.0,150,,,,,,,,,,,,,,,,
2026-07-03T05:02:03.600002+00:00,2026-07-03T05:02:03.592624,2,2,114.7,0.4,114.5,100,114.4,100,,,,,,,,,,,,,,,,,114.9,53,115.0,150,,,,,,,,,,,,,,,,
2026-07-03T05:02:03.692136+00:00,2026-07-03T05:02:03.692312,1,1,114.75,0.5,114.5,100,,,,,,,,,,,,,,,,,,,115.0,150,,,,,,,,,,,,,,,,,,
2026-07-03T05:02:03.746378+00:00,2026-07-03T05:02:03.746336,2,1,114.95,0.1,114.9,100,114.5,100,,,,,,,,,,,,,,,,,115.0,150,,,,,,,,,,,,,,,,,,
2026-07-03T05:02:03.793658+00:00,2026-07-03T05:02:03.793779,2,2,114.95,0.1,114.9,100,114.5,100,,,,,,,,,,,,,,,,,115.0,150,115.4,100,,,,,,,,,,,,,,,,
2026-07-03T05:02:04.908039+00:00,2026-07-03T05:02:04.902616,2,2,114.95,0.1,114.9,86,114.5,100,,,,,,,,,,,,,,,,,115.0,150,115.4,100,,,,,,,,,,,,,,,,
2026-07-03T05:02:05.435455+00:00,2026-07-03T05:02:05.435328,2,2,114.95,0.1,114.9,36,114.5,100,,,,,,,,,,,,,,,,,115.0,150,115.4,100,,,,,,,,,,,,,,,,
2026-07-03T05:02:05.532094+00:00,2026-07-03T05:02:05.531975,1,1,115.15,0.5,114.9,36,,,,,,,,,,,,,,,,,,,115.4,100,,,,,,,,,,,,,,,,,,
2026-07-03T05:02:05.588301+00:00,2026-07-03T05:02:05.588179,2,1,115.15,0.5,114.9,36,114.1,150,,,,,,,,,,,,,,,,,115.4,100,,,,,,,,,,,,,,,,,,
2026-07-03T05:02:05.650643+00:00,2026-07-03T05:02:05.644920,1,2,114.35,0.5,114.1,150,,,,,,,,,,,,,,,,,,,114.6,103,115.4,100,,,,,,,,,,,,,,,,
2026-07-03T05:02:05.720013+00:00,2026-07-03T05:02:05.719902,1,2,114.35,0.5,114.1,150,,,,,,,,,,,,,,,,,,,114.6,81,115.4,100,,,,,,,,,,,,,,,,
2026-07-03T05:02:06.013624+00:00,2026-07-03T05:02:06.008057,1,2,114.35,0.5,114.1,150,,,,,,,,,,,,,,,,,,,114.6,78,115.4,100,,,,,,,,,,,,,,,,
2026-07-03T05:02:06.302801+00:00,2026-07-03T05:02:06.302616,1,2,114.35,0.5,114.1,150,,,,,,,,,,,,,,,,,,,114.6,53,115.4,100,,,,,,,,,,,,,,,,
2026-07-03T05:02:06.511579+00:00,2026-07-03T05:02:06.511471,1,2,114.35,0.5,114.1,150,,,,,,,,,,,,,,,,,,,114.6,28,115.4,100,,,,,,,,,,,,,,,,
2026-07-03T05:02:06.721702+00:00,2026-07-03T05:02:06.721554,1,2,114.35,0.5,114.1,150,,,,,,,,,,,,,,,,,,,114.6,3,115.4,100,,,,,,,,,,,,,,,,
2026-07-03T05:02:06.852274+00:00,2026-07-03T05:02:06.852147,1,1,114.35,0.5,114.1,150,,,,,,,,,,,,,,,,,,,114.6,3,,,,,,,,,,,,,,,,,,
2026-07-03T05:02:06.904906+00:00,2026-07-03T05:02:06.904788,2,1,114.5,0.2,114.4,100,114.1,150,,,,,,,,,,,,,,,,,114.6,3,,,,,,,,,,,,,,,,,,
2026-07-03T05:02:06.931331+00:00,2026-07-03T05:02:06.931258,2,0,,,114.4,100,114.1,150,,,,,,,,,,,,,,,,,,,,,,,,,,,,,,,,,,,,
2026-07-03T05:02:06.958640+00:00,2026-07-03T05:02:06.952883,2,1,114.65,0.5,114.4,100,114.1,150,,,,,,,,,,,,,,,,,114.9,100,,,,,,,,,,,,,,,,,,
2026-07-03T05:02:06.992408+00:00,2026-07-03T05:02:06.992547,2,1,114.65,0.5,114.4,100,114.1,150,,,,,,,,,,,,,,,,,114.9,54,,,,,,,,,,,,,,,,,,
2026-07-03T05:02:07.542043+00:00,2026-07-03T05:02:07.541841,2,1,114.65,0.5,114.4,50,114.1,150,,,,,,,,,,,,,,,,,114.9,54,,,,,,,,,,,,,,,,,,
2026-07-03T05:02:07.610278+00:00,2026-07-03T05:02:07.610244,2,1,114.65,0.5,114.4,7,114.1,150,,,,,,,,,,,,,,,,,114.9,54,,,,,,,,,,,,,,,,,,
2026-07-03T05:02:08.697382+00:00,2026-07-03T05:02:08.697267,1,1,114.65,0.5,114.4,7,,,,,,,,,,,,,,,,,,,114.9,54,,,,,,,,,,,,,,,,,,
2026-07-03T05:02:08.749998+00:00,2026-07-03T05:02:08.749857,2,0,,,114.9,96,114.4,7,,,,,,,,,,,,,,,,,,,,,,,,,,,,,,,,,,,,
2026-07-03T05:02:08.802257+00:00,2026-07-03T05:02:08.802198,2,1,115.15,0.5,114.9,96,114.4,7,,,,,,,,,,,,,,,,,115.4,150,,,,,,,,,,,,,,,,,,
2026-07-03T05:02:09.645398+00:00,2026-07-03T05:02:09.640251,2,1,115.15,0.5,114.9,93,114.4,7,,,,,,,,,,,,,,,,,115.4,150,,,,,,,,,,,,,,,,,,
2026-07-03T05:02:09.675471+00:00,2026-07-03T05:02:09.675394,2,1,115.15,0.5,114.9,43,114.4,7,,,,,,,,,,,,,,,,,115.4,150,,,,,,,,,,,,,,,,,,
2026-07-03T05:02:09.813792+00:00,2026-07-03T05:02:09.813659,2,1,115.15,0.5,114.9,18,114.4,7,,,,,,,,,,,,,,,,,115.4,150,,,,,,,,,,,,,,,,,,
2026-07-03T05:02:10.011954+00:00,2026-07-03T05:02:10.012072,1,1,115.15,0.5,114.9,18,,,,,,,,,,,,,,,,,,,115.4,150,,,,,,,,,,,,,,,,,,
2026-07-03T05:02:10.023913+00:00,2026-07-03T05:02:10.023746,0,1,,,,,,,,,,,,,,,,,,,,,,,115.4,150,,,,,,,,,,,,,,,,,,
2026-07-03T05:02:10.065532+00:00,2026-07-03T05:02:10.065624,1,1,114.85,1.1,114.3,100,,,,,,,,,,,,,,,,,,,115.4,150,,,,,,,,,,,,,,,,,,
2026-07-03T05:02:10.119939+00:00,2026-07-03T05:02:10.120013,1,2,114.55,0.5,114.3,100,,,,,,,,,,,,,,,,,,,114.8,100,115.4,150,,,,,,,,,,,,,,,,
2026-07-03T05:02:10.833200+00:00,2026-07-03T05:02:10.833101,1,2,114.55,0.5,114.3,51,,,,,,,,,,,,,,,,,,,114.8,100,115.4,150,,,,,,,,,,,,,,,,
2026-07-03T05:02:11.858627+00:00,2026-07-03T05:02:11.854112,1,1,114.55,0.5,114.3,51,,,,,,,,,,,,,,,,,,,114.8,100,,,,,,,,,,,,,,,,,,
2026-07-03T05:02:11.913160+00:00,2026-07-03T05:02:11.913075,2,1,114.55,0.5,114.3,51,114.2,150,,,,,,,,,,,,,,,,,114.8,100,,,,,,,,,,,,,,,,,,
2026-07-03T05:02:11.964983+00:00,2026-07-03T05:02:11.964860,2,2,114.5,0.4,114.3,51,114.2,150,,,,,,,,,,,,,,,,,114.7,150,114.8,100,,,,,,,,,,,,,,,,
2026-07-03T05:02:12.908787+00:00,2026-07-03T05:02:12.908680,2,2,114.5,0.4,114.3,51,114.2,150,,,,,,,,,,,,,,,,,114.7,104,114.8,100,,,,,,,,,,,,,,,,
2026-07-03T05:02:13.174329+00:00,2026-07-03T05:02:13.174258,1,1,114.45,0.5,114.2,150,,,,,,,,,,,,,,,,,,,114.7,104,,,,,,,,,,,,,,,,,,
2026-07-03T05:02:13.237167+00:00,2026-07-03T05:02:13.237090,2,1,114.45,0.5,114.2,150,114.1,100,,,,,,,,,,,,,,,,,114.7,104,,,,,,,,,,,,,,,,,,
2026-07-03T05:02:13.295012+00:00,2026-07-03T05:02:13.288435,2,2,114.4,0.4,114.2,150,114.1,100,,,,,,,,,,,,,,,,,114.6,97,114.7,104,,,,,,,,,,,,,,,,
2026-07-03T05:02:14.258536+00:00,2026-07-03T05:02:14.256755,2,2,114.4,0.4,114.2,150,114.1,100,,,,,,,,,,,,,,,,,114.6,72,114.7,104,,,,,,,,,,,,,,,,
2026-07-03T05:02:14.277969+00:00,2026-07-03T05:02:14.278073,2,2,114.4,0.4,114.2,150,114.1,100,,,,,,,,,,,,,,,,,114.6,32,114.7,104,,,,,,,,,,,,,,,,
2026-07-03T05:02:14.675790+00:00,2026-07-03T05:02:14.675856,2,2,114.4,0.4,114.2,150,114.1,100,,,,,,,,,,,,,,,,,114.6,7,114.7,104,,,,,,,,,,,,,,,,
2026-07-03T05:02:14.880709+00:00,2026-07-03T05:02:14.880658,2,1,114.45,0.5,114.2,150,114.1,100,,,,,,,,,,,,,,,,,114.7,104,,,,,,,,,,,,,,,,,,
2026-07-03T05:02:14.885946+00:00,2026-07-03T05:02:14.885846,2,1,114.45,0.5,114.2,150,114.1,100,,,,,,,,,,,,,,,,,114.7,102,,,,,,,,,,,,,,,,,,
2026-07-03T05:02:15.017862+00:00,2026-07-03T05:02:15.017719,1,0,,,114.1,100,,,,,,,,,,,,,,,,,,,,,,,,,,,,,,,,,,,,,,
2026-07-03T05:02:15.071924+00:00,2026-07-03T05:02:15.071798,2,0,,,114.5,150,114.1,100,,,,,,,,,,,,,,,,,,,,,,,,,,,,,,,,,,,,
2026-07-03T05:02:15.124233+00:00,2026-07-03T05:02:15.124341,2,1,114.75,0.5,114.5,150,114.1,100,,,,,,,,,,,,,,,,,115.0,150,,,,,,,,,,,,,,,,,,
2026-07-03T05:02:16.342493+00:00,2026-07-03T05:02:16.342415,1,1,114.75,0.5,114.5,150,,,,,,,,,,,,,,,,,,,115.0,150,,,,,,,,,,,,,,,,,,
2026-07-03T05:02:16.394234+00:00,2026-07-03T05:02:16.394211,2,1,114.75,0.5,114.5,150,114.2,100,,,,,,,,,,,,,,,,,115.0,150,,,,,,,,,,,,,,,,,,
2026-07-03T05:02:16.468714+00:00,2026-07-03T05:02:16.468871,2,2,114.6,0.2,114.5,150,114.2,100,,,,,,,,,,,,,,,,,114.7,100,115.0,150,,,,,,,,,,,,,,,,
2026-07-03T05:02:17.973335+00:00,2026-07-03T05:02:17.973272,2,2,114.6,0.2,114.5,104,114.2,100,,,,,,,,,,,,,,,,,114.7,100,115.0,150,,,,,,,,,,,,,,,,
2026-07-03T05:02:18.133176+00:00,2026-07-03T05:02:18.133327,2,2,114.6,0.2,114.5,54,114.2,100,,,,,,,,,,,,,,,,,114.7,100,115.0,150,,,,,,,,,,,,,,,,
2026-07-03T05:02:18.177803+00:00,2026-07-03T05:02:18.177613,1,1,114.45,0.5,114.2,100,,,,,,,,,,,,,,,,,,,114.7,100,,,,,,,,,,,,,,,,,,
2026-07-03T05:02:18.233686+00:00,2026-07-03T05:02:18.233587,2,1,114.45,0.5,114.2,100,114.0,150,,,,,,,,,,,,,,,,,114.7,100,,,,,,,,,,,,,,,,,,
2026-07-03T05:02:18.286497+00:00,2026-07-03T05:02:18.286613,2,2,114.35,0.3,114.2,100,114.0,150,,,,,,,,,,,,,,,,,114.5,150,114.7,100,,,,,,,,,,,,,,,,
2026-07-03T05:02:18.478891+00:00,2026-07-03T05:02:18.479014,2,2,114.35,0.3,114.2,100,114.0,150,,,,,,,,,,,,,,,,,114.5,125,114.7,100,,,,,,,,,,,,,,,,
2026-07-03T05:02:18.690223+00:00,2026-07-03T05:02:18.690107,2,2,114.35,0.3,114.2,100,114.0,150,,,,,,,,,,,,,,,,,114.5,100,114.7,100,,,,,,,,,,,,,,,,
2026-07-03T05:02:18.898995+00:00,2026-07-03T05:02:18.898884,2,2,114.35,0.3,114.2,100,114.0,150,,,,,,,,,,,,,,,,,114.5,75,114.7,100,,,,,,,,,,,,,,,,
2026-07-03T05:02:19.108734+00:00,2026-07-03T05:02:19.108627,2,2,114.35,0.3,114.2,100,114.0,150,,,,,,,,,,,,,,,,,114.5,50,114.7,100,,,,,,,,,,,,,,,,
2026-07-03T05:02:19.505675+00:00,2026-07-03T05:02:19.505777,1,1,114.25,0.5,114.0,150,,,,,,,,,,,,,,,,,,,114.5,50,,,,,,,,,,,,,,,,,,
2026-07-03T05:02:19.558607+00:00,2026-07-03T05:02:19.555670,1,1,114.25,0.5,114.0,250,,,,,,,,,,,,,,,,,,,114.5,50,,,,,,,,,,,,,,,,,,
2026-07-03T05:02:19.609280+00:00,2026-07-03T05:02:19.609248,1,1,114.25,0.5,114.0,250,,,,,,,,,,,,,,,,,,,114.5,150,,,,,,,,,,,,,,,,,,
2026-07-03T05:02:20.118676+00:00,2026-07-03T05:02:20.118539,1,1,114.25,0.5,114.0,204,,,,,,,,,,,,,,,,,,,114.5,150,,,,,,,,,,,,,,,,,,
2026-07-03T05:02:20.241419+00:00,2026-07-03T05:02:20.241384,1,1,114.25,0.5,114.0,154,,,,,,,,,,,,,,,,,,,114.5,150,,,,,,,,,,,,,,,,,,
2026-07-03T05:02:21.340397+00:00,2026-07-03T05:02:21.340281,1,1,114.25,0.5,114.0,100,,,,,,,,,,,,,,,,,,,114.5,100,,,,,,,,,,,,,,,,,,
2026-07-03T05:02:21.394954+00:00,2026-07-03T05:02:21.395072,2,1,114.25,0.5,114.0,100,113.8,150,,,,,,,,,,,,,,,,,114.5,100,,,,,,,,,,,,,,,,,,
2026-07-03T05:02:21.447258+00:00,2026-07-03T05:02:21.447021,2,2,114.15,0.3,114.0,100,113.8,150,,,,,,,,,,,,,,,,,114.3,150,114.5,100,,,,,,,,,,,,,,,,
2026-07-03T05:02:21.923641+00:00,2026-07-03T05:02:21.923466,2,2,114.15,0.3,114.0,100,113.8,150,,,,,,,,,,,,,,,,,114.3,144,114.5,100,,,,,,,,,,,,,,,,
2026-07-03T05:02:22.321320+00:00,2026-07-03T05:02:22.321190,2,2,114.15,0.3,114.0,100,113.8,150,,,,,,,,,,,,,,,,,114.3,94,114.5,100,,,,,,,,,,,,,,,,
2026-07-03T05:02:22.665851+00:00,2026-07-03T05:02:22.665724,1,1,114.05,0.5,113.8,150,,,,,,,,,,,,,,,,,,,114.3,94,,,,,,,,,,,,,,,,,,
2026-07-03T05:02:22.720242+00:00,2026-07-03T05:02:22.720145,2,1,114.25,0.1,114.2,100,113.8,150,,,,,,,,,,,,,,,,,114.3,94,,,,,,,,,,,,,,,,,,
2026-07-03T05:02:22.771475+00:00,2026-07-03T05:02:22.771408,2,2,114.25,0.1,114.2,100,113.8,150,,,,,,,,,,,,,,,,,114.3,94,114.7,100,,,,,,,,,,,,,,,,
2026-07-03T05:02:24.427744+00:00,2026-07-03T05:02:24.427605,2,2,114.25,0.1,114.2,100,113.8,150,,,,,,,,,,,,,,,,,114.3,44,114.7,100,,,,,,,,,,,,,,,,
2026-07-03T05:02:24.500437+00:00,2026-07-03T05:02:24.500381,1,1,114.45,0.5,114.2,100,,,,,,,,,,,,,,,,,,,114.7,100,,,,,,,,,,,,,,,,,,
2026-07-03T05:02:24.558600+00:00,2026-07-03T05:02:24.554340,2,1,114.45,0.5,114.2,100,114.1,150,,,,,,,,,,,,,,,,,114.7,100,,,,,,,,,,,,,,,,,,
2026-07-03T05:02:24.609144+00:00,2026-07-03T05:02:24.608972,2,2,114.4,0.4,114.2,100,114.1,150,,,,,,,,,,,,,,,,,114.6,150,114.7,100,,,,,,,,,,,,,,,,
2026-07-03T05:02:25.828099+00:00,2026-07-03T05:02:25.828000,1,1,114.35,0.5,114.1,150,,,,,,,,,,,,,,,,,,,114.6,150,,,,,,,,,,,,,,,,,,
2026-07-03T05:02:25.880778+00:00,2026-07-03T05:02:25.880742,2,1,114.35,0.5,114.1,150,114.0,100,,,,,,,,,,,,,,,,,114.6,150,,,,,,,,,,,,,,,,,,
2026-07-03T05:02:25.936553+00:00,2026-07-03T05:02:25.936493,2,2,114.3,0.4,114.1,150,114.0,100,,,,,,,,,,,,,,,,,114.5,100,114.6,150,,,,,,,,,,,,,,,,
2026-07-03T05:02:26.539832+00:00,2026-07-03T05:02:26.539772,2,2,114.3,0.4,114.1,150,114.0,100,,,,,,,,,,,,,,,,,114.5,50,114.6,150,,,,,,,,,,,,,,,,
2026-07-03T05:02:27.666131+00:00,2026-07-03T05:02:27.666008,1,1,114.25,0.5,114.0,100,,,,,,,,,,,,,,,,,,,114.5,50,,,,,,,,,,,,,,,,,,
2026-07-03T05:02:27.719586+00:00,2026-07-03T05:02:27.719429,2,1,114.25,0.5,114.0,100,113.9,150,,,,,,,,,,,,,,,,,114.5,50,,,,,,,,,,,,,,,,,,
2026-07-03T05:02:27.774305+00:00,2026-07-03T05:02:27.774453,2,2,114.2,0.4,114.0,100,113.9,150,,,,,,,,,,,,,,,,,114.4,150,114.5,50,,,,,,,,,,,,,,,,
2026-07-03T05:02:28.643773+00:00,2026-07-03T05:02:28.643611,2,2,114.2,0.4,114.0,100,113.9,150,,,,,,,,,,,,,,,,,114.4,100,114.5,50,,,,,,,,,,,,,,,,
2026-07-03T05:02:28.984566+00:00,2026-07-03T05:02:28.984750,2,1,114.2,0.4,114.0,100,113.9,150,,,,,,,,,,,,,,,,,114.4,100,,,,,,,,,,,,,,,,,,
2026-07-03T05:02:28.989826+00:00,2026-07-03T05:02:28.989922,1,1,114.15,0.5,113.9,150,,,,,,,,,,,,,,,,,,,114.4,100,,,,,,,,,,,,,,,,,,
2026-07-03T05:02:29.043488+00:00,2026-07-03T05:02:29.043366,2,1,114.15,0.5,113.9,150,113.7,100,,,,,,,,,,,,,,,,,114.4,100,,,,,,,,,,,,,,,,,,
2026-07-03T05:02:29.095808+00:00,2026-07-03T05:02:29.095784,2,2,114.05,0.3,113.9,150,113.7,100,,,,,,,,,,,,,,,,,114.2,100,114.4,100,,,,,,,,,,,,,,,,
2026-07-03T05:02:30.750974+00:00,2026-07-03T05:02:30.750937,2,2,114.05,0.3,113.9,150,113.7,100,,,,,,,,,,,,,,,,,114.2,50,114.4,100,,,,,,,,,,,,,,,,
2026-07-03T05:02:30.831824+00:00,2026-07-03T05:02:30.831662,1,1,113.95,0.5,113.7,100,,,,,,,,,,,,,,,,,,,114.2,50,,,,,,,,,,,,,,,,,,
2026-07-03T05:02:30.885099+00:00,2026-07-03T05:02:30.885007,2,1,114.05,0.3,113.9,150,113.7,100,,,,,,,,,,,,,,,,,114.2,50,,,,,,,,,,,,,,,,,,
2026-07-03T05:02:30.937812+00:00,2026-07-03T05:02:30.937719,2,2,114.05,0.3,113.9,150,113.7,100,,,,,,,,,,,,,,,,,114.2,50,114.4,150,,,,,,,,,,,,,,,,
2026-07-03T05:02:32.150030+00:00,2026-07-03T05:02:32.149997,1,1,114.15,0.5,113.9,150,,,,,,,,,,,,,,,,,,,114.4,150,,,,,,,,,,,,,,,,,,
2026-07-03T05:02:32.208234+00:00,2026-07-03T05:02:32.208113,2,1,114.25,0.3,114.1,100,113.9,150,,,,,,,,,,,,,,,,,114.4,150,,,,,,,,,,,,,,,,,,
2026-07-03T05:02:32.258564+00:00,2026-07-03T05:02:32.256289,2,2,114.25,0.3,114.1,100,113.9,150,,,,,,,,,,,,,,,,,114.4,150,114.6,100,,,,,,,,,,,,,,,,
2026-07-03T05:02:32.631129+00:00,2026-07-03T05:02:32.631018,2,2,114.25,0.3,114.1,100,113.9,150,,,,,,,,,,,,,,,,,114.4,110,114.6,100,,,,,,,,,,,,,,,,
2026-07-03T05:02:32.908168+00:00,2026-07-03T05:02:32.908338,2,2,114.25,0.3,114.1,50,113.9,150,,,,,,,,,,,,,,,,,114.4,110,114.6,100,,,,,,,,,,,,,,,,
2026-07-03T05:02:33.145564+00:00,2026-07-03T05:02:33.145768,2,2,114.25,0.3,114.1,50,113.9,150,,,,,,,,,,,,,,,,,114.4,64,114.6,100,,,,,,,,,,,,,,,,
2026-07-03T05:02:33.745223+00:00,2026-07-03T05:02:33.740373,1,2,114.15,0.5,113.9,150,,,,,,,,,,,,,,,,,,,114.4,64,114.6,100,,,,,,,,,,,,,,,,
2026-07-03T05:02:33.765924+00:00,2026-07-03T05:02:33.765817,1,2,114.15,0.5,113.9,149,,,,,,,,,,,,,,,,,,,114.4,64,114.6,100,,,,,,,,,,,,,,,,
2026-07-03T05:02:33.966936+00:00,2026-07-03T05:02:33.966798,1,2,114.15,0.5,113.9,124,,,,,,,,,,,,,,,,,,,114.4,64,114.6,100,,,,,,,,,,,,,,,,
2026-07-03T05:02:33.989732+00:00,2026-07-03T05:02:33.989656,0,1,,,,,,,,,,,,,,,,,,,,,,,114.6,100,,,,,,,,,,,,,,,,,,
2026-07-03T05:02:34.058631+00:00,2026-07-03T05:02:34.046043,1,1,114.25,0.7,113.9,150,,,,,,,,,,,,,,,,,,,114.6,100,,,,,,,,,,,,,,,,,,
2026-07-03T05:02:34.099156+00:00,2026-07-03T05:02:34.099060,1,2,114.15,0.5,113.9,150,,,,,,,,,,,,,,,,,,,114.4,150,114.6,100,,,,,,,,,,,,,,,,
2026-07-03T05:02:34.175319+00:00,2026-07-03T05:02:34.175188,1,2,114.15,0.5,113.9,125,,,,,,,,,,,,,,,,,,,114.4,150,114.6,100,,,,,,,,,,,,,,,,
2026-07-03T05:02:34.190700+00:00,2026-07-03T05:02:34.190785,1,2,114.15,0.5,113.9,78,,,,,,,,,,,,,,,,,,,114.4,150,114.6,100,,,,,,,,,,,,,,,,
2026-07-03T05:02:34.383659+00:00,2026-07-03T05:02:34.383587,1,2,114.15,0.5,113.9,53,,,,,,,,,,,,,,,,,,,114.4,150,114.6,100,,,,,,,,,,,,,,,,
2026-07-03T05:02:34.590836+00:00,2026-07-03T05:02:34.590666,1,2,114.15,0.5,113.9,28,,,,,,,,,,,,,,,,,,,114.4,150,114.6,100,,,,,,,,,,,,,,,,
2026-07-03T05:02:34.801804+00:00,2026-07-03T05:02:34.802026,1,2,114.15,0.5,113.9,3,,,,,,,,,,,,,,,,,,,114.4,150,114.6,100,,,,,,,,,,,,,,,,
2026-07-03T05:02:35.035809+00:00,2026-07-03T05:02:35.035690,0,2,,,,,,,,,,,,,,,,,,,,,,,114.4,150,114.6,100,,,,,,,,,,,,,,,,
2026-07-03T05:02:35.310481+00:00,2026-07-03T05:02:35.310551,0,1,,,,,,,,,,,,,,,,,,,,,,,114.4,150,,,,,,,,,,,,,,,,,,
2026-07-03T05:02:35.358546+00:00,2026-07-03T05:02:35.358229,1,1,114.1,0.6,113.8,100,,,,,,,,,,,,,,,,,,,114.4,150,,,,,,,,,,,,,,,,,,
2026-07-03T05:02:35.417621+00:00,2026-07-03T05:02:35.417590,1,2,114.05,0.5,113.8,100,,,,,,,,,,,,,,,,,,,114.3,100,114.4,150,,,,,,,,,,,,,,,,
2026-07-03T05:02:35.698100+00:00,2026-07-03T05:02:35.698011,1,2,114.05,0.5,113.8,100,,,,,,,,,,,,,,,,,,,114.3,57,114.4,150,,,,,,,,,,,,,,,,
2026-07-03T05:02:37.144571+00:00,2026-07-03T05:02:37.144495,1,2,114.05,0.5,113.8,50,,,,,,,,,,,,,,,,,,,114.3,57,114.4,150,,,,,,,,,,,,,,,,
2026-07-03T05:02:37.149702+00:00,2026-07-03T05:02:37.149670,1,1,114.05,0.5,113.8,50,,,,,,,,,,,,,,,,,,,114.3,57,,,,,,,,,,,,,,,,,,
2026-07-03T05:02:37.159909+00:00,2026-07-03T05:02:37.160033,1,1,114.05,0.5,113.8,9,,,,,,,,,,,,,,,,,,,114.3,57,,,,,,,,,,,,,,,,,,
2026-07-03T05:02:37.208058+00:00,2026-07-03T05:02:37.207981,2,1,114.05,0.5,113.8,9,113.4,150,,,,,,,,,,,,,,,,,114.3,57,,,,,,,,,,,,,,,,,,
2026-07-03T05:02:37.273162+00:00,2026-07-03T05:02:37.267507,2,2,113.85,0.1,113.8,9,113.4,150,,,,,,,,,,,,,,,,,113.9,138,114.3,57,,,,,,,,,,,,,,,,
2026-07-03T05:02:37.813571+00:00,2026-07-03T05:02:37.813471,1,2,113.65,0.5,113.4,115,,,,,,,,,,,,,,,,,,,113.9,138,114.3,57,,,,,,,,,,,,,,,,
2026-07-03T05:02:38.474724+00:00,2026-07-03T05:02:38.474589,1,1,113.65,0.5,113.4,115,,,,,,,,,,,,,,,,,,,113.9,138,,,,,,,,,,,,,,,,,,
2026-07-03T05:02:38.528108+00:00,2026-07-03T05:02:38.528027,1,1,113.65,0.5,113.4,215,,,,,,,,,,,,,,,,,,,113.9,138,,,,,,,,,,,,,,,,,,
2026-07-03T05:02:38.580804+00:00,2026-07-03T05:02:38.580640,1,1,113.65,0.5,113.4,215,,,,,,,,,,,,,,,,,,,113.9,238,,,,,,,,,,,,,,,,,,
2026-07-03T05:02:38.920306+00:00,2026-07-03T05:02:38.920163,1,1,113.65,0.5,113.4,215,,,,,,,,,,,,,,,,,,,113.9,191,,,,,,,,,,,,,,,,,,
2026-07-03T05:02:40.319740+00:00,2026-07-03T05:02:40.319686,1,1,113.65,0.5,113.4,100,,,,,,,,,,,,,,,,,,,113.9,100,,,,,,,,,,,,,,,,,,
2026-07-03T05:02:40.369060+00:00,2026-07-03T05:02:40.368936,1,1,113.65,0.5,113.4,250,,,,,,,,,,,,,,,,,,,113.9,100,,,,,,,,,,,,,,,,,,
2026-07-03T05:02:40.433960+00:00,2026-07-03T05:02:40.433886,1,1,113.65,0.5,113.4,250,,,,,,,,,,,,,,,,,,,113.9,250,,,,,,,,,,,,,,,,,,
2026-07-03T05:02:41.363978+00:00,2026-07-03T05:02:41.363925,1,1,113.65,0.5,113.4,200,,,,,,,,,,,,,,,,,,,113.9,250,,,,,,,,,,,,,,,,,,
2026-07-03T05:02:41.630350+00:00,2026-07-03T05:02:41.630269,1,1,113.65,0.5,113.4,200,,,,,,,,,,,,,,,,,,,113.9,150,,,,,,,,,,,,,,,,,,
2026-07-03T05:02:41.635356+00:00,2026-07-03T05:02:41.635436,1,1,113.65,0.5,113.4,150,,,,,,,,,,,,,,,,,,,113.9,150,,,,,,,,,,,,,,,,,,
2026-07-03T05:02:41.685257+00:00,2026-07-03T05:02:41.685196,2,1,113.65,0.5,113.4,150,113.1,100,,,,,,,,,,,,,,,,,113.9,150,,,,,,,,,,,,,,,,,,
2026-07-03T05:02:41.750676+00:00,2026-07-03T05:02:41.745306,2,2,113.5,0.2,113.4,150,113.1,100,,,,,,,,,,,,,,,,,113.6,89,113.9,150,,,,,,,,,,,,,,,,
2026-07-03T05:02:41.869255+00:00,2026-07-03T05:02:41.869157,2,2,113.5,0.2,113.4,109,113.1,100,,,,,,,,,,,,,,,,,113.6,89,113.9,150,,,,,,,,,,,,,,,,
2026-07-03T05:02:42.295772+00:00,2026-07-03T05:02:42.291516,2,2,113.5,0.2,113.4,109,113.1,100,,,,,,,,,,,,,,,,,113.6,86,113.9,150,,,,,,,,,,,,,,,,
2026-07-03T05:02:42.496056+00:00,2026-07-03T05:02:42.496009,2,2,113.5,0.2,113.4,109,113.1,100,,,,,,,,,,,,,,,,,113.6,39,113.9,150,,,,,,,,,,,,,,,,
2026-07-03T05:02:43.474650+00:00,2026-07-03T05:02:43.474558,2,2,113.5,0.2,113.4,59,113.1,100,,,,,,,,,,,,,,,,,113.6,39,113.9,150,,,,,,,,,,,,,,,,
2026-07-03T05:02:43.511194+00:00,2026-07-03T05:02:43.511089,1,1,113.35,0.5,113.1,100,,,,,,,,,,,,,,,,,,,113.6,39,,,,,,,,,,,,,,,,,,
2026-07-03T05:02:43.558672+00:00,2026-07-03T05:02:43.555815,2,1,113.35,0.5,113.1,100,113.0,150,,,,,,,,,,,,,,,,,113.6,39,,,,,,,,,,,,,,,,,,
2026-07-03T05:02:43.626550+00:00,2026-07-03T05:02:43.626412,2,2,113.3,0.4,113.1,100,113.0,150,,,,,,,,,,,,,,,,,113.5,150,113.6,39,,,,,,,,,,,,,,,,
2026-07-03T05:02:43.698441+00:00,2026-07-03T05:02:43.698366,2,2,113.3,0.4,113.1,100,113.0,150,,,,,,,,,,,,,,,,,113.5,125,113.6,39,,,,,,,,,,,,,,,,
2026-07-03T05:02:43.909089+00:00,2026-07-03T05:02:43.909058,2,2,113.3,0.4,113.1,100,113.0,150,,,,,,,,,,,,,,,,,113.5,100,113.6,39,,,,,,,,,,,,,,,,
2026-07-03T05:02:44.115467+00:00,2026-07-03T05:02:44.115350,2,2,113.3,0.4,113.1,100,113.0,150,,,,,,,,,,,,,,,,,113.5,75,113.6,39,,,,,,,,,,,,,,,,
2026-07-03T05:02:44.327120+00:00,2026-07-03T05:02:44.327218,2,2,113.3,0.4,113.1,100,113.0,150,,,,,,,,,,,,,,,,,113.5,50,113.6,39,,,,,,,,,,,,,,,,
2026-07-03T05:02:44.537525+00:00,2026-07-03T05:02:44.537431,2,2,113.3,0.4,113.1,100,113.0,150,,,,,,,,,,,,,,,,,113.5,25,113.6,39,,,,,,,,,,,,,,,,
2026-07-03T05:02:44.746747+00:00,2026-07-03T05:02:44.746566,2,1,113.35,0.5,113.1,100,113.0,150,,,,,,,,,,,,,,,,,113.6,39,,,,,,,,,,,,,,,,,,
2026-07-03T05:02:44.797511+00:00,2026-07-03T05:02:44.797458,1,0,,,113.0,150,,,,,,,,,,,,,,,,,,,,,,,,,,,,,,,,,,,,,,
2026-07-03T05:02:44.851782+00:00,2026-07-03T05:02:44.851659,2,0,,,113.3,100,113.0,150,,,,,,,,,,,,,,,,,,,,,,,,,,,,,,,,,,,,
2026-07-03T05:02:44.904302+00:00,2026-07-03T05:02:44.904212,2,1,113.55,0.5,113.3,100,113.0,150,,,,,,,,,,,,,,,,,113.8,100,,,,,,,,,,,,,,,,,,
2026-07-03T05:02:45.584169+00:00,2026-07-03T05:02:45.584110,2,1,113.55,0.5,113.3,50,113.0,150,,,,,,,,,,,,,,,,,113.8,100,,,,,,,,,,,,,,,,,,
2026-07-03T05:02:46.176599+00:00,2026-07-03T05:02:46.176445,2,1,113.55,0.5,113.3,50,113.0,150,,,,,,,,,,,,,,,,,113.8,51,,,,,,,,,,,,,,,,,,
2026-07-03T05:02:46.230751+00:00,2026-07-03T05:02:46.230615,2,1,113.55,0.5,113.3,2,113.0,150,,,,,,,,,,,,,,,,,113.8,51,,,,,,,,,,,,,,,,,,
2026-07-03T05:02:46.670735+00:00,2026-07-03T05:02:46.670695,1,1,113.55,0.5,113.3,2,,,,,,,,,,,,,,,,,,,113.8,51,,,,,,,,,,,,,,,,,,
2026-07-03T05:02:46.724760+00:00,2026-07-03T05:02:46.724655,2,1,113.7,0.2,113.6,150,113.3,2,,,,,,,,,,,,,,,,,113.8,51,,,,,,,,,,,,,,,,,,
2026-07-03T05:02:46.777798+00:00,2026-07-03T05:02:46.777644,2,2,113.7,0.2,113.6,150,113.3,2,,,,,,,,,,,,,,,,,113.8,51,114.1,150,,,,,,,,,,,,,,,,
2026-07-03T05:02:47.686593+00:00,2026-07-03T05:02:47.686521,2,2,113.7,0.2,113.6,100,113.3,2,,,,,,,,,,,,,,,,,113.8,51,114.1,150,,,,,,,,,,,,,,,,
2026-07-03T05:02:47.958848+00:00,2026-07-03T05:02:47.958719,1,1,113.85,0.5,113.6,100,,,,,,,,,,,,,,,,,,,114.1,150,,,,,,,,,,,,,,,,,,
2026-07-03T05:02:48.010249+00:00,2026-07-03T05:02:48.010202,2,1,113.85,0.5,113.6,100,113.1,100,,,,,,,,,,,,,,,,,114.1,150,,,,,,,,,,,,,,,,,,
2026-07-03T05:02:48.066345+00:00,2026-07-03T05:02:48.066167,1,1,113.6,1.0,113.1,100,,,,,,,,,,,,,,,,,,,114.1,150,,,,,,,,,,,,,,,,,,
2026-07-03T05:02:48.205684+00:00,2026-07-03T05:02:48.205531,1,1,113.6,1.0,113.1,100,,,,,,,,,,,,,,,,,,,114.1,128,,,,,,,,,,,,,,,,,,
2026-07-03T05:02:48.485392+00:00,2026-07-03T05:02:48.485315,1,1,113.6,1.0,113.1,54,,,,,,,,,,,,,,,,,,,114.1,128,,,,,,,,,,,,,,,,,,
2026-07-03T05:02:49.832047+00:00,2026-07-03T05:02:49.831973,1,0,,,113.1,54,,,,,,,,,,,,,,,,,,,,,,,,,,,,,,,,,,,,,,
2026-07-03T05:02:49.885545+00:00,2026-07-03T05:02:49.885711,2,0,,,113.1,54,113.0,150,,,,,,,,,,,,,,,,,,,,,,,,,,,,,,,,,,,,
2026-07-03T05:02:49.937937+00:00,2026-07-03T05:02:49.938123,2,1,113.3,0.4,113.1,54,113.0,150,,,,,,,,,,,,,,,,,113.5,150,,,,,,,,,,,,,,,,,,
2026-07-03T05:02:50.967273+00:00,2026-07-03T05:02:50.967145,2,1,113.3,0.4,113.1,54,113.0,150,,,,,,,,,,,,,,,,,113.5,147,,,,,,,,,,,,,,,,,,
2026-07-03T05:02:51.123826+00:00,2026-07-03T05:02:51.123687,1,1,113.25,0.5,113.0,150,,,,,,,,,,,,,,,,,,,113.5,147,,,,,,,,,,,,,,,,,,
2026-07-03T05:02:51.177129+00:00,2026-07-03T05:02:51.177060,2,1,113.4,0.2,113.3,100,113.0,150,,,,,,,,,,,,,,,,,113.5,147,,,,,,,,,,,,,,,,,,
2026-07-03T05:02:51.232321+00:00,2026-07-03T05:02:51.232217,2,2,113.4,0.2,113.3,100,113.0,150,,,,,,,,,,,,,,,,,113.5,147,113.8,100,,,,,,,,,,,,,,,,
2026-07-03T05:02:52.993268+00:00,2026-07-03T05:02:52.993236,1,1,113.55,0.5,113.3,100,,,,,,,,,,,,,,,,,,,113.8,100,,,,,,,,,,,,,,,,,,
2026-07-03T05:02:53.058713+00:00,2026-07-03T05:02:53.046147,2,1,113.55,0.5,113.3,100,113.2,150,,,,,,,,,,,,,,,,,113.8,100,,,,,,,,,,,,,,,,,,
2026-07-03T05:02:53.099574+00:00,2026-07-03T05:02:53.099537,2,2,113.5,0.4,113.3,100,113.2,150,,,,,,,,,,,,,,,,,113.7,150,113.8,100,,,,,,,,,,,,,,,,
2026-07-03T05:02:53.947908+00:00,2026-07-03T05:02:53.947842,2,2,113.5,0.4,113.3,100,113.2,150,,,,,,,,,,,,,,,,,113.7,100,113.8,100,,,,,,,,,,,,,,,,
2026-07-03T05:02:54.287833+00:00,2026-07-03T05:02:54.287719,1,1,113.45,0.5,113.2,150,,,,,,,,,,,,,,,,,,,113.7,100,,,,,,,,,,,,,,,,,,
2026-07-03T05:02:54.343998+00:00,2026-07-03T05:02:54.343916,2,1,113.55,0.3,113.4,100,113.2,150,,,,,,,,,,,,,,,,,113.7,100,,,,,,,,,,,,,,,,,,
2026-07-03T05:02:54.412570+00:00,2026-07-03T05:02:54.412521,2,2,113.55,0.3,113.4,100,113.2,150,,,,,,,,,,,,,,,,,113.7,100,113.9,100,,,,,,,,,,,,,,,,
2026-07-03T05:02:56.058705+00:00,2026-07-03T05:02:56.046571,2,2,113.55,0.3,113.4,100,113.2,150,,,,,,,,,,,,,,,,,113.7,50,113.9,100,,,,,,,,,,,,,,,,
2026-07-03T05:02:56.158558+00:00,2026-07-03T05:02:56.156798,1,1,113.65,0.5,113.4,100,,,,,,,,,,,,,,,,,,,113.9,100,,,,,,,,,,,,,,,,,,
2026-07-03T05:02:56.226031+00:00,2026-07-03T05:02:56.225959,2,1,113.75,0.3,113.6,150,113.4,100,,,,,,,,,,,,,,,,,113.9,100,,,,,,,,,,,,,,,,,,
2026-07-03T05:02:56.275682+00:00,2026-07-03T05:02:56.275839,2,2,113.75,0.3,113.6,150,113.4,100,,,,,,,,,,,,,,,,,113.9,100,114.1,150,,,,,,,,,,,,,,,,
2026-07-03T05:02:57.468953+00:00,2026-07-03T05:02:57.468856,1,1,113.85,0.5,113.6,150,,,,,,,,,,,,,,,,,,,114.1,150,,,,,,,,,,,,,,,,,,
2026-07-03T05:02:57.526468+00:00,2026-07-03T05:02:57.526384,1,1,113.85,0.5,113.6,250,,,,,,,,,,,,,,,,,,,114.1,150,,,,,,,,,,,,,,,,,,
2026-07-03T05:02:57.580739+00:00,2026-07-03T05:02:57.580659,1,1,113.85,0.5,113.6,250,,,,,,,,,,,,,,,,,,,114.1,250,,,,,,,,,,,,,,,,,,
2026-07-03T05:02:58.212789+00:00,2026-07-03T05:02:58.212644,1,1,113.85,0.5,113.6,200,,,,,,,,,,,,,,,,,,,114.1,250,,,,,,,,,,,,,,,,,,
2026-07-03T05:02:58.367282+00:00,2026-07-03T05:02:58.367152,1,1,113.85,0.5,113.6,200,,,,,,,,,,,,,,,,,,,114.1,207,,,,,,,,,,,,,,,,,,
2026-07-03T05:02:58.893616+00:00,2026-07-03T05:02:58.893797,1,1,113.85,0.5,113.6,200,,,,,,,,,,,,,,,,,,,114.1,167,,,,,,,,,,,,,,,,,,
2026-07-03T05:02:59.332247+00:00,2026-07-03T05:02:59.332136,1,1,113.85,0.5,113.6,100,,,,,,,,,,,,,,,,,,,114.1,100,,,,,,,,,,,,,,,,,,
2026-07-03T05:02:59.384178+00:00,2026-07-03T05:02:59.384110,2,1,114.05,0.1,114.0,150,113.6,100,,,,,,,,,,,,,,,,,114.1,100,,,,,,,,,,,,,,,,,,
2026-07-03T05:02:59.439055+00:00,2026-07-03T05:02:59.438969,2,2,114.05,0.1,114.0,150,113.6,100,,,,,,,,,,,,,,,,,114.1,100,114.5,150,,,,,,,,,,,,,,,,
2026-07-03T05:02:59.990135+00:00,2026-07-03T05:02:59.984140,2,2,114.05,0.1,114.0,122,113.6,100,,,,,,,,,,,,,,,,,114.1,100,114.5,150,,,,,,,,,,,,,,,,
2026-07-03T05:03:00.200166+00:00,2026-07-03T05:03:00.200062,2,2,114.05,0.1,114.0,97,113.6,100,,,,,,,,,,,,,,,,,114.1,100,114.5,150,,,,,,,,,,,,,,,,
2026-07-03T05:03:00.318580+00:00,2026-07-03T05:03:00.318706,2,2,114.05,0.1,114.0,47,113.6,100,,,,,,,,,,,,,,,,,114.1,100,114.5,150,,,,,,,,,,,,,,,,
2026-07-03T05:03:00.409118+00:00,2026-07-03T05:03:00.409027,2,2,114.05,0.1,114.0,22,113.6,100,,,,,,,,,,,,,,,,,114.1,100,114.5,150,,,,,,,,,,,,,,,,
2026-07-03T05:03:00.503668+00:00,2026-07-03T05:03:00.498064,2,2,114.05,0.1,114.0,11,113.6,100,,,,,,,,,,,,,,,,,114.1,100,114.5,150,,,,,,,,,,,,,,,,
2026-07-03T05:03:00.619990+00:00,2026-07-03T05:03:00.619903,1,2,113.85,0.5,113.6,100,,,,,,,,,,,,,,,,,,,114.1,100,114.5,150,,,,,,,,,,,,,,,,
2026-07-03T05:03:00.630409+00:00,2026-07-03T05:03:00.630338,0,1,,,,,,,,,,,,,,,,,,,,,,,114.5,150,,,,,,,,,,,,,,,,,,
2026-07-03T05:03:00.686812+00:00,2026-07-03T05:03:00.686960,1,1,113.95,1.1,113.4,100,,,,,,,,,,,,,,,,,,,114.5,150,,,,,,,,,,,,,,,,,,
2026-07-03T05:03:00.735173+00:00,2026-07-03T05:03:00.735278,1,2,113.65,0.5,113.4,100,,,,,,,,,,,,,,,,,,,113.9,100,114.5,150,,,,,,,,,,,,,,,,
2026-07-03T05:03:02.376824+00:00,2026-07-03T05:03:02.376712,1,2,113.65,0.5,113.4,100,,,,,,,,,,,,,,,,,,,113.9,50,114.5,150,,,,,,,,,,,,,,,,
2026-07-03T05:03:02.490980+00:00,2026-07-03T05:03:02.490890,1,1,113.65,0.5,113.4,100,,,,,,,,,,,,,,,,,,,113.9,50,,,,,,,,,,,,,,,,,,
2026-07-03T05:03:02.544082+00:00,2026-07-03T05:03:02.544025,2,1,113.65,0.5,113.4,100,113.2,150,,,,,,,,,,,,,,,,,113.9,50,,,,,,,,,,,,,,,,,,
2026-07-03T05:03:02.602120+00:00,2026-07-03T05:03:02.602243,2,2,113.55,0.3,113.4,100,113.2,150,,,,,,,,,,,,,,,,,113.7,150,113.9,50,,,,,,,,,,,,,,,,
2026-07-03T05:03:02.609520+00:00,2026-07-03T05:03:02.605886,2,2,113.55,0.3,113.4,100,113.2,150,,,,,,,,,,,,,,,,,113.7,136,113.9,50,,,,,,,,,,,,,,,,
2026-07-03T05:03:03.794894+00:00,2026-07-03T05:03:03.794774,1,1,113.45,0.5,113.2,150,,,,,,,,,,,,,,,,,,,113.7,136,,,,,,,,,,,,,,,,,,
2026-07-03T05:03:03.849270+00:00,2026-07-03T05:03:03.849354,2,1,113.55,0.3,113.4,100,113.2,150,,,,,,,,,,,,,,,,,113.7,136,,,,,,,,,,,,,,,,,,
2026-07-03T05:03:03.901501+00:00,2026-07-03T05:03:03.901601,2,2,113.55,0.3,113.4,100,113.2,150,,,,,,,,,,,,,,,,,113.7,136,113.9,100,,,,,,,,,,,,,,,,
2026-07-03T05:03:05.658592+00:00,2026-07-03T05:03:05.656845,1,1,113.65,0.5,113.4,100,,,,,,,,,,,,,,,,,,,113.9,100,,,,,,,,,,,,,,,,,,
2026-07-03T05:03:05.710970+00:00,2026-07-03T05:03:05.710920,2,1,113.65,0.5,113.4,100,113.0,150,,,,,,,,,,,,,,,,,113.9,100,,,,,,,,,,,,,,,,,,
2026-07-03T05:03:05.770095+00:00,2026-07-03T05:03:05.764780,2,2,113.45,0.1,113.4,100,113.0,150,,,,,,,,,,,,,,,,,113.5,150,113.9,100,,,,,,,,,,,,,,,,
2026-07-03T05:03:06.589035+00:00,2026-07-03T05:03:06.588956,2,2,113.45,0.1,113.4,100,113.0,150,,,,,,,,,,,,,,,,,113.5,100,113.9,100,,,,,,,,,,,,,,,,
2026-07-03T05:03:06.937472+00:00,2026-07-03T05:03:06.937402,2,2,113.45,0.1,113.4,56,113.0,150,,,,,,,,,,,,,,,,,113.5,100,113.9,100,,,,,,,,,,,,,,,,
2026-07-03T05:03:06.958537+00:00,2026-07-03T05:03:06.954565,1,1,113.25,0.5,113.0,150,,,,,,,,,,,,,,,,,,,113.5,100,,,,,,,,,,,,,,,,,,
2026-07-03T05:03:07.008486+00:00,2026-07-03T05:03:07.008625,2,1,113.35,0.3,113.2,100,113.0,150,,,,,,,,,,,,,,,,,113.5,100,,,,,,,,,,,,,,,,,,
2026-07-03T05:03:07.058552+00:00,2026-07-03T05:03:07.055888,2,2,113.35,0.3,113.2,100,113.0,150,,,,,,,,,,,,,,,,,113.5,100,113.7,100,,,,,,,,,,,,,,,,
2026-07-03T05:03:07.289615+00:00,2026-07-03T05:03:07.289474,2,2,113.35,0.3,113.2,100,113.0,150,,,,,,,,,,,,,,,,,113.5,75,113.7,100,,,,,,,,,,,,,,,,
2026-07-03T05:03:07.503169+00:00,2026-07-03T05:03:07.503072,2,2,113.35,0.3,113.2,100,113.0,150,,,,,,,,,,,,,,,,,113.5,50,113.7,100,,,,,,,,,,,,,,,,
2026-07-03T05:03:07.741331+00:00,2026-07-03T05:03:07.741447,2,2,113.35,0.3,113.2,100,113.0,150,,,,,,,,,,,,,,,,,113.5,25,113.7,100,,,,,,,,,,,,,,,,
2026-07-03T05:03:07.958590+00:00,2026-07-03T05:03:07.952471,2,2,113.35,0.3,113.2,100,113.0,150,,,,,,,,,,,,,,,,,113.5,14,113.7,100,,,,,,,,,,,,,,,,
2026-07-03T05:03:08.818448+00:00,2026-07-03T05:03:08.818412,1,1,113.45,0.5,113.2,100,,,,,,,,,,,,,,,,,,,113.7,100,,,,,,,,,,,,,,,,,,
2026-07-03T05:03:08.873110+00:00,2026-07-03T05:03:08.873002,2,1,113.65,0.1,113.6,150,113.2,100,,,,,,,,,,,,,,,,,113.7,100,,,,,,,,,,,,,,,,,,
2026-07-03T05:03:08.941094+00:00,2026-07-03T05:03:08.941040,2,2,113.65,0.1,113.6,150,113.2,100,,,,,,,,,,,,,,,,,113.7,100,114.1,150,,,,,,,,,,,,,,,,
2026-07-03T05:03:09.029369+00:00,2026-07-03T05:03:09.029282,2,2,113.65,0.1,113.6,128,113.2,100,,,,,,,,,,,,,,,,,113.7,100,114.1,150,,,,,,,,,,,,,,,,
2026-07-03T05:03:10.114932+00:00,2026-07-03T05:03:10.114820,1,1,113.85,0.5,113.6,128,,,,,,,,,,,,,,,,,,,114.1,150,,,,,,,,,,,,,,,,,,
2026-07-03T05:03:10.168573+00:00,2026-07-03T05:03:10.168352,2,1,113.85,0.5,113.6,128,113.5,100,,,,,,,,,,,,,,,,,114.1,150,,,,,,,,,,,,,,,,,,
2026-07-03T05:03:10.220609+00:00,2026-07-03T05:03:10.220460,2,2,113.8,0.4,113.6,128,113.5,100,,,,,,,,,,,,,,,,,114.0,100,114.1,150,,,,,,,,,,,,,,,,
2026-07-03T05:03:10.849529+00:00,2026-07-03T05:03:10.849468,2,2,113.8,0.4,113.6,78,113.5,100,,,,,,,,,,,,,,,,,114.0,100,114.1,150,,,,,,,,,,,,,,,,
2026-07-03T05:03:12.000312+00:00,2026-07-03T05:03:12.000211,1,1,113.75,0.5,113.5,100,,,,,,,,,,,,,,,,,,,114.0,100,,,,,,,,,,,,,,,,,,
2026-07-03T05:03:12.063901+00:00,2026-07-03T05:03:12.063738,1,1,113.75,0.5,113.5,250,,,,,,,,,,,,,,,,,,,114.0,100,,,,,,,,,,,,,,,,,,
2026-07-03T05:03:12.104469+00:00,2026-07-03T05:03:12.104595,1,1,113.75,0.5,113.5,250,,,,,,,,,,,,,,,,,,,114.0,250,,,,,,,,,,,,,,,,,,
2026-07-03T05:03:12.814459+00:00,2026-07-03T05:03:12.814318,1,1,113.75,0.5,113.5,203,,,,,,,,,,,,,,,,,,,114.0,250,,,,,,,,,,,,,,,,,,
2026-07-03T05:03:12.906764+00:00,2026-07-03T05:03:12.906685,1,1,113.75,0.5,113.5,203,,,,,,,,,,,,,,,,,,,114.0,200,,,,,,,,,,,,,,,,,,
2026-07-03T05:03:13.273973+00:00,2026-07-03T05:03:13.274079,1,1,113.75,0.5,113.5,150,,,,,,,,,,,,,,,,,,,114.0,150,,,,,,,,,,,,,,,,,,
2026-07-03T05:03:13.326819+00:00,2026-07-03T05:03:13.326761,1,1,113.75,0.5,113.5,250,,,,,,,,,,,,,,,,,,,114.0,150,,,,,,,,,,,,,,,,,,
2026-07-03T05:03:13.375731+00:00,2026-07-03T05:03:13.375702,1,1,113.75,0.5,113.5,250,,,,,,,,,,,,,,,,,,,114.0,250,,,,,,,,,,,,,,,,,,
2026-07-03T05:03:13.429948+00:00,2026-07-03T05:03:13.429835,1,1,113.75,0.5,113.5,250,,,,,,,,,,,,,,,,,,,114.0,209,,,,,,,,,,,,,,,,,,
2026-07-03T05:03:15.066124+00:00,2026-07-03T05:03:15.065990,1,1,113.75,0.5,113.5,200,,,,,,,,,,,,,,,,,,,114.0,209,,,,,,,,,,,,,,,,,,
2026-07-03T05:03:15.158662+00:00,2026-07-03T05:03:15.152413,1,1,113.75,0.5,113.5,200,,,,,,,,,,,,,,,,,,,114.0,100,,,,,,,,,,,,,,,,,,
2026-07-03T05:03:15.169066+00:00,2026-07-03T05:03:15.168851,1,1,113.75,0.5,113.5,100,,,,,,,,,,,,,,,,,,,114.0,100,,,,,,,,,,,,,,,,,,
2026-07-03T05:03:15.216955+00:00,2026-07-03T05:03:15.216842,2,1,113.75,0.5,113.5,100,113.4,150,,,,,,,,,,,,,,,,,114.0,100,,,,,,,,,,,,,,,,,,
2026-07-03T05:03:15.270923+00:00,2026-07-03T05:03:15.270775,2,2,113.7,0.4,113.5,100,113.4,150,,,,,,,,,,,,,,,,,113.9,150,114.0,100,,,,,,,,,,,,,,,,
2026-07-03T05:03:16.428501+00:00,2026-07-03T05:03:16.458737,1,1,113.65,0.5,113.4,150,,,,,,,,,,,,,,,,,,,113.9,150,,,,,,,,,,,,,,,,,,
2026-07-03T05:03:16.487715+00:00,2026-07-03T05:03:16.487667,2,1,113.8,0.2,113.7,100,113.4,150,,,,,,,,,,,,,,,,,113.9,150,,,,,,,,,,,,,,,,,,
2026-07-03T05:03:16.527677+00:00,2026-07-03T05:03:16.527630,2,1,113.8,0.2,113.7,100,113.4,150,,,,,,,,,,,,,,,,,113.9,106,,,,,,,,,,,,,,,,,,
2026-07-03T05:03:16.541504+00:00,2026-07-03T05:03:16.541449,2,2,113.8,0.2,113.7,100,113.4,150,,,,,,,,,,,,,,,,,113.9,106,114.2,100,,,,,,,,,,,,,,,,
2026-07-03T05:03:17.174790+00:00,2026-07-03T05:03:17.174855,2,2,113.8,0.2,113.7,50,113.4,150,,,,,,,,,,,,,,,,,113.9,106,114.2,100,,,,,,,,,,,,,,,,
2026-07-03T05:03:18.326832+00:00,2026-07-03T05:03:18.326950,1,1,113.95,0.5,113.7,50,,,,,,,,,,,,,,,,,,,114.2,100,,,,,,,,,,,,,,,,,,
2026-07-03T05:03:18.384216+00:00,2026-07-03T05:03:18.384136,2,1,114.1,0.2,114.0,150,113.7,50,,,,,,,,,,,,,,,,,114.2,100,,,,,,,,,,,,,,,,,,
2026-07-03T05:03:18.458649+00:00,2026-07-03T05:03:18.444036,2,2,114.1,0.2,114.0,150,113.7,50,,,,,,,,,,,,,,,,,114.2,100,114.4,150,,,,,,,,,,,,,,,,
2026-07-03T05:03:19.364201+00:00,2026-07-03T05:03:19.363970,2,2,114.1,0.2,114.0,100,113.7,50,,,,,,,,,,,,,,,,,114.2,100,114.4,150,,,,,,,,,,,,,,,,
2026-07-03T05:03:19.590549+00:00,2026-07-03T05:03:19.590432,1,1,114.2,0.4,114.0,100,,,,,,,,,,,,,,,,,,,114.4,150,,,,,,,,,,,,,,,,,,
2026-07-03T05:03:19.645459+00:00,2026-07-03T05:03:19.645358,2,1,114.2,0.4,114.0,100,113.5,100,,,,,,,,,,,,,,,,,114.4,150,,,,,,,,,,,,,,,,,,
2026-07-03T05:03:19.698756+00:00,2026-07-03T05:03:19.698645,1,1,113.95,0.9,113.5,100,,,,,,,,,,,,,,,,,,,114.4,150,,,,,,,,,,,,,,,,,,
2026-07-03T05:03:21.498395+00:00,2026-07-03T05:03:21.498308,1,0,,,113.5,100,,,,,,,,,,,,,,,,,,,,,,,,,,,,,,,,,,,,,,
2026-07-03T05:03:21.553867+00:00,2026-07-03T05:03:21.554010,2,0,,,113.5,100,113.1,150,,,,,,,,,,,,,,,,,,,,,,,,,,,,,,,,,,,,
2026-07-03T05:03:21.606210+00:00,2026-07-03T05:03:21.606130,2,1,113.55,0.1,113.5,100,113.1,150,,,,,,,,,,,,,,,,,113.6,150,,,,,,,,,,,,,,,,,,
2026-07-03T05:03:22.089060+00:00,2026-07-03T05:03:22.089023,2,1,113.55,0.1,113.5,100,113.1,150,,,,,,,,,,,,,,,,,113.6,107,,,,,,,,,,,,,,,,,,
2026-07-03T05:03:22.307804+00:00,2026-07-03T05:03:22.299981,2,1,113.55,0.1,113.5,100,113.1,150,,,,,,,,,,,,,,,,,113.6,104,,,,,,,,,,,,,,,,,,
2026-07-03T05:03:22.758506+00:00,2026-07-03T05:03:22.758611,1,1,113.35,0.5,113.1,150,,,,,,,,,,,,,,,,,,,113.6,104,,,,,,,,,,,,,,,,,,
2026-07-03T05:03:22.810875+00:00,2026-07-03T05:03:22.810684,1,1,113.35,0.5,113.1,150,,,,,,,,,,,,,,,,,,,113.6,4,,,,,,,,,,,,,,,,,,
2026-07-03T05:03:22.876737+00:00,2026-07-03T05:03:22.876562,1,2,113.35,0.5,113.1,150,,,,,,,,,,,,,,,,,,,113.6,4,114.4,100,,,,,,,,,,,,,,,,
2026-07-03T05:03:23.497161+00:00,2026-07-03T05:03:23.497044,1,2,113.35,0.5,113.1,100,,,,,,,,,,,,,,,,,,,113.6,4,114.4,100,,,,,,,,,,,,,,,,
2026-07-03T05:03:24.687844+00:00,2026-07-03T05:03:24.687750,0,1,,,,,,,,,,,,,,,,,,,,,,,114.4,100,,,,,,,,,,,,,,,,,,
2026-07-03T05:03:24.742194+00:00,2026-07-03T05:03:24.742309,1,1,113.95,0.9,113.5,150,,,,,,,,,,,,,,,,,,,114.4,100,,,,,,,,,,,,,,,,,,
2026-07-03T05:03:24.795024+00:00,2026-07-03T05:03:24.794983,1,2,113.75,0.5,113.5,150,,,,,,,,,,,,,,,,,,,114.0,150,114.4,100,,,,,,,,,,,,,,,,
2026-07-03T05:03:25.602780+00:00,2026-07-03T05:03:25.602646,1,2,113.75,0.5,113.5,100,,,,,,,,,,,,,,,,,,,114.0,150,114.4,100,,,,,,,,,,,,,,,,
2026-07-03T05:03:25.925349+00:00,2026-07-03T05:03:25.925278,1,1,113.75,0.5,113.5,100,,,,,,,,,,,,,,,,,,,114.0,150,,,,,,,,,,,,,,,,,,
2026-07-03T05:03:25.983159+00:00,2026-07-03T05:03:25.983049,2,1,113.75,0.5,113.5,100,113.3,100,,,,,,,,,,,,,,,,,114.0,150,,,,,,,,,,,,,,,,,,
2026-07-03T05:03:26.036132+00:00,2026-07-03T05:03:26.036000,2,2,113.65,0.3,113.5,100,113.3,100,,,,,,,,,,,,,,,,,113.8,100,114.0,150,,,,,,,,,,,,,,,,
2026-07-03T05:03:27.375696+00:00,2026-07-03T05:03:27.375558,2,2,113.65,0.3,113.5,58,113.3,100,,,,,,,,,,,,,,,,,113.8,100,114.0,150,,,,,,,,,,,,,,,,
2026-07-03T05:03:27.712427+00:00,2026-07-03T05:03:27.712306,2,2,113.65,0.3,113.5,8,113.3,100,,,,,,,,,,,,,,,,,113.8,100,114.0,150,,,,,,,,,,,,,,,,
2026-07-03T05:03:27.839746+00:00,2026-07-03T05:03:27.839629,1,2,113.55,0.5,113.3,65,,,,,,,,,,,,,,,,,,,113.8,100,114.0,150,,,,,,,,,,,,,,,,
2026-07-03T05:03:27.850150+00:00,2026-07-03T05:03:27.849942,1,1,113.55,0.5,113.3,65,,,,,,,,,,,,,,,,,,,113.8,100,,,,,,,,,,,,,,,,,,
2026-07-03T05:03:27.902521+00:00,2026-07-03T05:03:27.902444,2,1,113.55,0.5,113.3,65,112.9,150,,,,,,,,,,,,,,,,,113.8,100,,,,,,,,,,,,,,,,,,
2026-07-03T05:03:27.968588+00:00,2026-07-03T05:03:27.962325,2,2,113.35,0.1,113.3,65,112.9,150,,,,,,,,,,,,,,,,,113.4,139,113.8,100,,,,,,,,,,,,,,,,
2026-07-03T05:03:29.085579+00:00,2026-07-03T05:03:29.085513,2,1,113.35,0.1,113.3,65,112.9,150,,,,,,,,,,,,,,,,,113.4,139,,,,,,,,,,,,,,,,,,
2026-07-03T05:03:29.090741+00:00,2026-07-03T05:03:29.090664,1,1,113.15,0.5,112.9,150,,,,,,,,,,,,,,,,,,,113.4,139,,,,,,,,,,,,,,,,,,
2026-07-03T05:03:29.143671+00:00,2026-07-03T05:03:29.143516,2,1,113.3,0.2,113.2,100,112.9,150,,,,,,,,,,,,,,,,,113.4,139,,,,,,,,,,,,,,,,,,
2026-07-03T05:03:29.196579+00:00,2026-07-03T05:03:29.196407,2,2,113.3,0.2,113.2,100,112.9,150,,,,,,,,,,,,,,,,,113.4,139,113.7,100,,,,,,,,,,,,,,,,
2026-07-03T05:03:29.565607+00:00,2026-07-03T05:03:29.565530,2,2,113.3,0.2,113.2,100,112.9,150,,,,,,,,,,,,,,,,,113.4,93,113.7,100,,,,,,,,,,,,,,,,
2026-07-03T05:03:29.818030+00:00,2026-07-03T05:03:29.817903,2,2,113.3,0.2,113.2,50,112.9,150,,,,,,,,,,,,,,,,,113.4,93,113.7,100,,,,,,,,,,,,,,,,
2026-07-03T05:03:31.012529+00:00,2026-07-03T05:03:31.012474,1,1,113.45,0.5,113.2,50,,,,,,,,,,,,,,,,,,,113.7,100,,,,,,,,,,,,,,,,,,
2026-07-03T05:03:31.061087+00:00,2026-07-03T05:03:31.061314,1,1,113.45,0.5,113.2,200,,,,,,,,,,,,,,,,,,,113.7,100,,,,,,,,,,,,,,,,,,
2026-07-03T05:03:31.115088+00:00,2026-07-03T05:03:31.115045,1,1,113.45,0.5,113.2,200,,,,,,,,,,,,,,,,,,,113.7,250,,,,,,,,,,,,,,,,,,
2026-07-03T05:03:31.258675+00:00,2026-07-03T05:03:31.254792,1,1,113.45,0.5,113.2,200,,,,,,,,,,,,,,,,,,,113.7,207,,,,,,,,,,,,,,,,,,
2026-07-03T05:03:31.722086+00:00,2026-07-03T05:03:31.721872,1,1,113.45,0.5,113.2,158,,,,,,,,,,,,,,,,,,,113.7,207,,,,,,,,,,,,,,,,,,
2026-07-03T05:03:31.874078+00:00,2026-07-03T05:03:31.873986,1,1,113.45,0.5,113.2,158,,,,,,,,,,,,,,,,,,,113.7,157,,,,,,,,,,,,,,,,,,
2026-07-03T05:03:32.258603+00:00,2026-07-03T05:03:32.252282,1,1,113.45,0.5,113.2,150,,,,,,,,,,,,,,,,,,,113.7,150,,,,,,,,,,,,,,,,,,
2026-07-03T05:03:32.306473+00:00,2026-07-03T05:03:32.306429,1,1,113.45,0.5,113.2,250,,,,,,,,,,,,,,,,,,,113.7,150,,,,,,,,,,,,,,,,,,
2026-07-03T05:03:32.359450+00:00,2026-07-03T05:03:32.359337,1,1,113.45,0.5,113.2,250,,,,,,,,,,,,,,,,,,,113.7,250,,,,,,,,,,,,,,,,,,
2026-07-03T05:03:32.832873+00:00,2026-07-03T05:03:32.832980,1,1,113.45,0.5,113.2,209,,,,,,,,,,,,,,,,,,,113.7,250,,,,,,,,,,,,,,,,,,
2026-07-03T05:03:34.002090+00:00,2026-07-03T05:03:34.002037,1,1,113.45,0.5,113.2,209,,,,,,,,,,,,,,,,,,,113.7,200,,,,,,,,,,,,,,,,,,
2026-07-03T05:03:34.174869+00:00,2026-07-03T05:03:34.174734,1,1,113.45,0.5,113.2,100,,,,,,,,,,,,,,,,,,,113.7,100,,,,,,,,,,,,,,,,,,
2026-07-03T05:03:34.227830+00:00,2026-07-03T05:03:34.227906,2,1,113.45,0.5,113.2,100,113.1,150,,,,,,,,,,,,,,,,,113.7,100,,,,,,,,,,,,,,,,,,
2026-07-03T05:03:34.282087+00:00,2026-07-03T05:03:34.282191,2,2,113.4,0.4,113.2,100,113.1,150,,,,,,,,,,,,,,,,,113.6,150,113.7,100,,,,,,,,,,,,,,,,
2026-07-03T05:03:35.412014+00:00,2026-07-03T05:03:35.411892,1,1,113.35,0.5,113.1,150,,,,,,,,,,,,,,,,,,,113.6,150,,,,,,,,,,,,,,,,,,
2026-07-03T05:03:35.467418+00:00,2026-07-03T05:03:35.467320,2,1,113.45,0.3,113.3,100,113.1,150,,,,,,,,,,,,,,,,,113.6,150,,,,,,,,,,,,,,,,,,
2026-07-03T05:03:35.520615+00:00,2026-07-03T05:03:35.520474,2,2,113.45,0.3,113.3,100,113.1,150,,,,,,,,,,,,,,,,,113.6,150,113.7,100,,,,,,,,,,,,,,,,
2026-07-03T05:03:36.158622+00:00,2026-07-03T05:03:36.156077,2,2,113.45,0.3,113.3,50,113.1,150,,,,,,,,,,,,,,,,,113.6,150,113.7,100,,,,,,,,,,,,,,,,
2026-07-03T05:03:37.335482+00:00,2026-07-03T05:03:37.335266,1,1,113.5,0.4,113.3,50,,,,,,,,,,,,,,,,,,,113.7,100,,,,,,,,,,,,,,,,,,
2026-07-03T05:03:37.394553+00:00,2026-07-03T05:03:37.394459,2,1,113.5,0.4,113.3,50,113.2,150,,,,,,,,,,,,,,,,,113.7,100,,,,,,,,,,,,,,,,,,
2026-07-03T05:03:37.449279+00:00,2026-07-03T05:03:37.449160,2,1,113.5,0.4,113.3,50,113.2,150,,,,,,,,,,,,,,,,,113.7,250,,,,,,,,,,,,,,,,,,
2026-07-03T05:03:38.267489+00:00,2026-07-03T05:03:38.267385,1,1,113.45,0.5,113.2,150,,,,,,,,,,,,,,,,,,,113.7,250,,,,,,,,,,,,,,,,,,
2026-07-03T05:03:38.574264+00:00,2026-07-03T05:03:38.574098,1,1,113.45,0.5,113.2,150,,,,,,,,,,,,,,,,,,,113.7,150,,,,,,,,,,,,,,,,,,
2026-07-03T05:03:38.626248+00:00,2026-07-03T05:03:38.626166,2,1,113.45,0.5,113.2,150,112.9,100,,,,,,,,,,,,,,,,,113.7,150,,,,,,,,,,,,,,,,,,
2026-07-03T05:03:38.680025+00:00,2026-07-03T05:03:38.679996,2,2,113.25,0.1,113.2,150,112.9,100,,,,,,,,,,,,,,,,,113.3,100,113.7,150,,,,,,,,,,,,,,,,
2026-07-03T05:03:39.023641+00:00,2026-07-03T05:03:39.023800,2,2,113.25,0.1,113.2,150,112.9,100,,,,,,,,,,,,,,,,,113.3,54,113.7,150,,,,,,,,,,,,,,,,
2026-07-03T05:03:39.362760+00:00,2026-07-03T05:03:39.355736,2,2,113.25,0.1,113.2,150,112.9,100,,,,,,,,,,,,,,,,,113.3,42,113.7,150,,,,,,,,,,,,,,,,
2026-07-03T05:03:40.334127+00:00,2026-07-03T05:03:40.334007,2,1,113.45,0.5,113.2,150,112.9,100,,,,,,,,,,,,,,,,,113.7,142,,,,,,,,,,,,,,,,,,
2026-07-03T05:03:40.498052+00:00,2026-07-03T05:03:40.498130,2,0,,,113.2,150,112.9,100,,,,,,,,,,,,,,,,,,,,,,,,,,,,,,,,,,,,
2026-07-03T05:03:40.503300+00:00,2026-07-03T05:03:40.503264,1,0,,,112.9,100,,,,,,,,,,,,,,,,,,,,,,,,,,,,,,,,,,,,,,
2026-07-03T05:03:40.563933+00:00,2026-07-03T05:03:40.563833,2,0,,,113.2,150,112.9,100,,,,,,,,,,,,,,,,,,,,,,,,,,,,,,,,,,,,
2026-07-03T05:03:40.617020+00:00,2026-07-03T05:03:40.617101,2,1,113.45,0.5,113.2,150,112.9,100,,,,,,,,,,,,,,,,,113.7,150,,,,,,,,,,,,,,,,,,
2026-07-03T05:03:40.664235+00:00,2026-07-03T05:03:40.664076,2,1,113.45,0.5,113.2,150,112.9,100,,,,,,,,,,,,,,,,,113.7,102,,,,,,,,,,,,,,,,,,
2026-07-03T05:03:41.735118+00:00,2026-07-03T05:03:41.735010,1,1,113.45,0.5,113.2,150,,,,,,,,,,,,,,,,,,,113.7,102,,,,,,,,,,,,,,,,,,
2026-07-03T05:03:41.785215+00:00,2026-07-03T05:03:41.785127,1,1,113.45,0.5,113.2,250,,,,,,,,,,,,,,,,,,,113.7,102,,,,,,,,,,,,,,,,,,
2026-07-03T05:03:41.841800+00:00,2026-07-03T05:03:41.841714,1,1,113.45,0.5,113.2,250,,,,,,,,,,,,,,,,,,,113.7,202,,,,,,,,,,,,,,,,,,
2026-07-03T05:03:42.448035+00:00,2026-07-03T05:03:42.443984,1,1,113.45,0.5,113.2,201,,,,,,,,,,,,,,,,,,,113.7,152,,,,,,,,,,,,,,,,,,
2026-07-03T05:03:43.665507+00:00,2026-07-03T05:03:43.665463,1,1,113.45,0.5,113.2,201,,,,,,,,,,,,,,,,,,,113.7,100,,,,,,,,,,,,,,,,,,
2026-07-03T05:03:43.670775+00:00,2026-07-03T05:03:43.670601,1,1,113.45,0.5,113.2,100,,,,,,,,,,,,,,,,,,,113.7,100,,,,,,,,,,,,,,,,,,
2026-07-03T05:03:43.719358+00:00,2026-07-03T05:03:43.719285,1,1,113.45,0.5,113.2,250,,,,,,,,,,,,,,,,,,,113.7,100,,,,,,,,,,,,,,,,,,
2026-07-03T05:03:43.778864+00:00,2026-07-03T05:03:43.769914,1,1,113.45,0.5,113.2,250,,,,,,,,,,,,,,,,,,,113.7,250,,,,,,,,,,,,,,,,,,
2026-07-03T05:03:44.447805+00:00,2026-07-03T05:03:44.447876,1,1,113.45,0.5,113.2,205,,,,,,,,,,,,,,,,,,,113.7,250,,,,,,,,,,,,,,,,,,
2026-07-03T05:03:44.558567+00:00,2026-07-03T05:03:44.556342,1,1,113.45,0.5,113.2,205,,,,,,,,,,,,,,,,,,,113.7,200,,,,,,,,,,,,,,,,,,
2026-07-03T05:03:44.896799+00:00,2026-07-03T05:03:44.896650,1,1,113.45,0.5,113.2,150,,,,,,,,,,,,,,,,,,,113.7,150,,,,,,,,,,,,,,,,,,
2026-07-03T05:03:44.951999+00:00,2026-07-03T05:03:44.951931,1,1,113.45,0.5,113.2,250,,,,,,,,,,,,,,,,,,,113.7,150,,,,,,,,,,,,,,,,,,
2026-07-03T05:03:45.005469+00:00,2026-07-03T05:03:45.005333,1,1,113.45,0.5,113.2,250,,,,,,,,,,,,,,,,,,,113.7,250,,,,,,,,,,,,,,,,,,
2026-07-03T05:03:45.525056+00:00,2026-07-03T05:03:45.524923,1,1,113.45,0.5,113.2,250,,,,,,,,,,,,,,,,,,,113.7,201,,,,,,,,,,,,,,,,,,
2026-07-03T05:03:46.664016+00:00,2026-07-03T05:03:46.663889,1,1,113.45,0.5,113.2,250,,,,,,,,,,,,,,,,,,,113.7,151,,,,,,,,,,,,,,,,,,
2026-07-03T05:03:46.703437+00:00,2026-07-03T05:03:46.703319,1,1,113.45,0.5,113.2,250,,,,,,,,,,,,,,,,,,,113.7,129,,,,,,,,,,,,,,,,,,
2026-07-03T05:03:46.829981+00:00,2026-07-03T05:03:46.829916,1,1,113.45,0.5,113.2,100,,,,,,,,,,,,,,,,,,,113.7,100,,,,,,,,,,,,,,,,,,
2026-07-03T05:03:46.895130+00:00,2026-07-03T05:03:46.887806,2,1,113.6,0.2,113.5,127,113.2,100,,,,,,,,,,,,,,,,,113.7,100,,,,,,,,,,,,,,,,,,
2026-07-03T05:03:46.936721+00:00,2026-07-03T05:03:46.936820,2,2,113.6,0.2,113.5,127,113.2,100,,,,,,,,,,,,,,,,,113.7,100,114.0,150,,,,,,,,,,,,,,,,
2026-07-03T05:03:48.063654+00:00,2026-07-03T05:03:48.063825,1,1,113.75,0.5,113.5,127,,,,,,,,,,,,,,,,,,,114.0,150,,,,,,,,,,,,,,,,,,
