recv_time,book_timestamp,n_bids,n_asks,mid,spread,bid_px_0,bid_vol_0,bid_px_1,bid_vol_1,bid_px_2,bid_vol_2,bid_px_3,bid_vol_3,bid_px_4,bid_vol_4,bid_px_5,bid_vol_5,bid_px_6,bid_vol_6,bid_px_7,bid_vol_7,bid_px_8,bid_vol_8,bid_px_9,bid_vol_9,ask_px_0,ask_vol_0,ask_px_1,ask_vol_1,ask_px_2,ask_vol_2,ask_px_3,ask_vol_3,ask_px_4,ask_vol_4,ask_px_5,ask_vol_5,ask_px_6,ask_vol_6,ask_px_7,ask_vol_7,ask_px_8,ask_vol_8,ask_px_9,ask_vol_9
2026-06-29T20:00:00.210080+00:00,2026-06-30T06:00:00.201968,1,1,121.15,0.5,120.9,100,,,,,,,,,,,,,,,,,,,121.4,155,,,,,,,,,,,,,,,,,,
2026-06-29T20:00:00.264345+00:00,2026-06-30T06:00:00.254297,2,1,121.15,0.5,120.9,100,120.6,100,,,,,,,,,,,,,,,,,121.4,155,,,,,,,,,,,,,,,,,,
2026-06-29T20:00:00.318140+00:00,2026-06-30T06:00:00.307699,2,2,121.0,0.2,120.9,100,120.6,100,,,,,,,,,,,,,,,,,121.1,100,121.4,155,,,,,,,,,,,,,,,,
2026-06-29T20:00:00.512964+00:00,2026-06-30T06:00:00.507954,2,2,121.0,0.2,120.9,60,120.6,100,,,,,,,,,,,,,,,,,121.1,100,121.4,155,,,,,,,,,,,,,,,,
2026-06-29T20:00:01.141979+00:00,2026-06-30T06:00:01.138970,2,2,121.0,0.2,120.9,60,120.6,100,,,,,,,,,,,,,,,,,121.1,60,121.4,155,,,,,,,,,,,,,,,,
2026-06-29T20:00:02.036952+00:00,2026-06-30T06:00:02.035960,2,2,121.0,0.2,120.9,60,120.6,100,,,,,,,,,,,,,,,,,121.1,10,121.4,155,,,,,,,,,,,,,,,,
2026-06-29T20:00:02.100898+00:00,2026-06-30T06:00:02.091851,1,2,120.85,0.5,120.6,100,,,,,,,,,,,,,,,,,,,121.1,10,121.4,5,,,,,,,,,,,,,,,,
2026-06-29T20:00:02.156156+00:00,2026-06-30T06:00:02.150156,2,2,120.85,0.5,120.6,100,120.4,150,,,,,,,,,,,,,,,,,121.1,10,121.4,5,,,,,,,,,,,,,,,,
2026-06-29T20:00:02.208999+00:00,2026-06-30T06:00:02.202455,2,3,120.75,0.3,120.6,100,120.4,150,,,,,,,,,,,,,,,,,120.9,150,121.1,10,121.4,5,,,,,,,,,,,,,,
2026-06-29T20:00:03.372102+00:00,2026-06-30T06:00:03.365039,1,2,120.65,0.5,120.4,150,,,,,,,,,,,,,,,,,,,120.9,150,121.4,5,,,,,,,,,,,,,,,,
2026-06-29T20:00:03.427411+00:00,2026-06-30T06:00:03.421403,1,2,120.65,0.5,120.4,150,,,,,,,,,,,,,,,,,,,120.9,50,121.4,5,,,,,,,,,,,,,,,,
2026-06-29T20:00:03.482299+00:00,2026-06-30T06:00:03.474235,1,3,120.65,0.5,120.4,150,,,,,,,,,,,,,,,,,,,120.9,50,121.4,5,121.5,100,,,,,,,,,,,,,,
2026-06-29T20:00:03.947551+00:00,2026-06-30T06:00:03.940551,1,3,120.65,0.5,120.4,150,,,,,,,,,,,,,,,,,,,120.9,50,121.4,3,121.5,100,,,,,,,,,,,,,,
2026-06-29T20:00:04.207883+00:00,2026-06-30T06:00:04.205301,1,3,120.65,0.5,120.4,100,,,,,,,,,,,,,,,,,,,120.9,50,121.4,3,121.5,100,,,,,,,,,,,,,,
2026-06-29T20:00:04.698224+00:00,2026-06-30T06:00:04.697224,1,3,120.65,0.5,120.4,100,,,,,,,,,,,,,,,,,,,120.9,1,121.4,3,121.5,100,,,,,,,,,,,,,,
2026-06-29T20:00:04.708384+00:00,2026-06-30T06:00:04.704321,1,3,120.65,0.5,120.4,100,,,,,,,,,,,,,,,,,,,120.9,1,121.4,1,121.5,100,,,,,,,,,,,,,,
2026-06-29T20:00:05.264199+00:00,2026-06-30T06:00:05.257188,0,2,,,,,,,,,,,,,,,,,,,,,,,121.4,1,121.5,100,,,,,,,,,,,,,,,,
2026-06-29T20:00:05.317560+00:00,2026-06-30T06:00:05.309514,1,2,121.05,0.7,120.7,150,,,,,,,,,,,,,,,,,,,121.4,1,121.5,100,,,,,,,,,,,,,,,,
2026-06-29T20:00:05.371934+00:00,2026-06-30T06:00:05.361865,1,3,120.95,0.5,120.7,150,,,,,,,,,,,,,,,,,,,121.2,150,121.4,1,121.5,100,,,,,,,,,,,,,,
2026-06-29T20:00:05.980176+00:00,2026-06-30T06:00:05.972112,2,3,121.1,0.2,121.0,5,120.7,150,,,,,,,,,,,,,,,,,121.2,150,121.4,1,121.5,100,,,,,,,,,,,,,,
2026-06-29T20:00:06.338544+00:00,2026-06-30T06:00:06.335496,1,3,120.95,0.5,120.7,150,,,,,,,,,,,,,,,,,,,121.2,150,121.4,1,121.5,100,,,,,,,,,,,,,,
2026-06-29T20:00:06.535350+00:00,2026-06-30T06:00:06.528350,1,2,120.95,0.5,120.7,150,,,,,,,,,,,,,,,,,,,121.2,150,121.4,1,,,,,,,,,,,,,,,,
2026-06-29T20:00:06.589810+00:00,2026-06-30T06:00:06.583746,2,2,120.95,0.5,120.7,150,120.4,100,,,,,,,,,,,,,,,,,121.2,150,121.4,1,,,,,,,,,,,,,,,,
2026-06-29T20:00:06.645117+00:00,2026-06-30T06:00:06.636056,2,3,120.8,0.2,120.7,150,120.4,100,,,,,,,,,,,,,,,,,120.9,100,121.2,150,121.4,1,,,,,,,,,,,,,,
2026-06-29T20:00:06.948748+00:00,2026-06-30T06:00:06.947190,2,3,120.8,0.2,120.7,150,120.4,100,,,,,,,,,,,,,,,,,120.9,98,121.2,150,121.4,1,,,,,,,,,,,,,,
2026-06-29T20:00:07.015148+00:00,2026-06-30T06:00:07.010142,2,2,120.8,0.2,120.7,150,120.4,100,,,,,,,,,,,,,,,,,120.9,98,121.2,150,,,,,,,,,,,,,,,,
2026-06-29T20:00:07.949929+00:00,2026-06-30T06:00:07.944866,2,2,120.8,0.2,120.7,150,120.4,100,,,,,,,,,,,,,,,,,120.9,98,121.2,155,,,,,,,,,,,,,,,,
2026-06-29T20:00:07.961028+00:00,2026-06-30T06:00:07.953929,2,2,120.8,0.2,120.7,150,120.4,100,,,,,,,,,,,,,,,,,120.9,97,121.2,155,,,,,,,,,,,,,,,,
2026-06-29T20:00:08.397463+00:00,2026-06-30T06:00:08.391417,2,2,120.8,0.2,120.7,150,120.4,100,,,,,,,,,,,,,,,,,120.9,47,121.2,155,,,,,,,,,,,,,,,,
2026-06-29T20:00:08.429702+00:00,2026-06-30T06:00:08.421639,1,2,120.65,0.5,120.4,100,,,,,,,,,,,,,,,,,,,120.9,47,121.2,5,,,,,,,,,,,,,,,,
2026-06-29T20:00:08.485024+00:00,2026-06-30T06:00:08.473951,2,2,120.85,0.1,120.8,150,120.4,100,,,,,,,,,,,,,,,,,120.9,47,121.2,5,,,,,,,,,,,,,,,,
2026-06-29T20:00:08.527845+00:00,2026-06-30T06:00:08.525284,2,3,120.85,0.1,120.8,150,120.4,100,,,,,,,,,,,,,,,,,120.9,47,121.2,5,121.3,150,,,,,,,,,,,,,,
2026-06-29T20:00:08.856042+00:00,2026-06-30T06:00:08.854042,2,3,120.85,0.1,120.8,106,120.4,100,,,,,,,,,,,,,,,,,120.9,47,121.2,5,121.3,150,,,,,,,,,,,,,,
2026-06-29T20:00:08.965153+00:00,2026-06-30T06:00:08.964153,2,3,120.85,0.1,120.8,106,120.4,100,,,,,,,,,,,,,,,,,120.9,47,121.2,4,121.3,150,,,,,,,,,,,,,,
2026-06-29T20:00:09.041159+00:00,2026-06-30T06:00:09.030309,2,3,120.85,0.1,120.8,106,120.4,100,,,,,,,,,,,,,,,,,120.9,22,121.2,4,121.3,150,,,,,,,,,,,,,,
2026-06-29T20:00:09.085348+00:00,2026-06-30T06:00:09.076298,2,2,121.0,0.4,120.8,106,120.4,100,,,,,,,,,,,,,,,,,121.2,4,121.3,150,,,,,,,,,,,,,,,,
2026-06-29T20:00:09.399881+00:00,2026-06-30T06:00:09.394809,2,1,121.05,0.5,120.8,106,120.4,100,,,,,,,,,,,,,,,,,121.3,150,,,,,,,,,,,,,,,,,,
2026-06-29T20:00:09.696240+00:00,2026-06-30T06:00:09.690240,1,1,121.05,0.5,120.8,106,,,,,,,,,,,,,,,,,,,121.3,150,,,,,,,,,,,,,,,,,,
2026-06-29T20:00:09.749652+00:00,2026-06-30T06:00:09.743588,2,1,121.15,0.3,121.0,100,120.8,106,,,,,,,,,,,,,,,,,121.3,150,,,,,,,,,,,,,,,,,,
2026-06-29T20:00:09.804019+00:00,2026-06-30T06:00:09.797927,2,2,121.15,0.3,121.0,100,120.8,106,,,,,,,,,,,,,,,,,121.3,150,121.5,100,,,,,,,,,,,,,,,,
2026-06-29T20:00:10.499863+00:00,2026-06-30T06:00:10.498863,2,2,121.15,0.3,121.0,100,120.8,106,,,,,,,,,,,,,,,,,121.3,100,121.5,100,,,,,,,,,,,,,,,,
2026-06-29T20:00:11.054191+00:00,2026-06-30T06:00:11.053191,3,3,121.1,0.2,121.0,100,120.9,2,120.8,106,,,,,,,,,,,,,,,121.2,4,121.3,100,121.5,100,,,,,,,,,,,,,,
2026-06-29T20:00:11.065254+00:00,2026-06-30T06:00:11.058254,3,2,121.15,0.3,121.0,100,120.9,2,120.8,106,,,,,,,,,,,,,,,121.3,100,121.5,100,,,,,,,,,,,,,,,,
2026-06-29T20:00:11.585287+00:00,2026-06-30T06:00:11.581287,2,1,121.25,0.5,121.0,100,120.9,2,,,,,,,,,,,,,,,,,121.5,100,,,,,,,,,,,,,,,,,,
2026-06-29T20:00:11.639699+00:00,2026-06-30T06:00:11.634624,2,1,121.25,0.5,121.0,100,120.9,152,,,,,,,,,,,,,,,,,121.5,100,,,,,,,,,,,,,,,,,,
2026-06-29T20:00:11.695009+00:00,2026-06-30T06:00:11.686945,2,2,121.15,0.3,121.0,100,120.9,152,,,,,,,,,,,,,,,,,121.3,150,121.5,100,,,,,,,,,,,,,,,,
2026-06-29T20:00:12.607729+00:00,2026-06-30T06:00:12.604169,2,2,121.15,0.3,121.0,100,120.9,152,,,,,,,,,,,,,,,,,121.3,100,121.5,100,,,,,,,,,,,,,,,,
2026-06-29T20:00:12.858432+00:00,2026-06-30T06:00:12.854873,1,1,121.1,0.4,120.9,152,,,,,,,,,,,,,,,,,,,121.3,100,,,,,,,,,,,,,,,,,,
2026-06-29T20:00:12.891150+00:00,2026-06-30T06:00:12.888149,1,1,121.1,0.4,120.9,151,,,,,,,,,,,,,,,,,,,121.3,100,,,,,,,,,,,,,,,,,,
2026-06-29T20:00:12.913273+00:00,2026-06-30T06:00:12.907263,2,1,121.15,0.3,121.0,100,120.9,151,,,,,,,,,,,,,,,,,121.3,100,,,,,,,,,,,,,,,,,,
2026-06-29T20:00:12.967598+00:00,2026-06-30T06:00:12.960572,2,2,121.15,0.3,121.0,100,120.9,151,,,,,,,,,,,,,,,,,121.3,100,121.5,100,,,,,,,,,,,,,,,,
2026-06-29T20:00:13.077304+00:00,2026-06-30T06:00:13.073304,2,3,121.1,0.2,121.0,100,120.9,151,,,,,,,,,,,,,,,,,121.2,5,121.3,100,121.5,100,,,,,,,,,,,,,,
2026-06-29T20:00:14.743267+00:00,2026-06-30T06:00:14.742268,2,1,121.25,0.5,121.0,100,120.9,1,,,,,,,,,,,,,,,,,121.5,100,,,,,,,,,,,,,,,,,,
2026-06-29T20:00:14.765390+00:00,2026-06-30T06:00:14.760391,2,1,121.25,0.5,121.0,50,120.9,1,,,,,,,,,,,,,,,,,121.5,100,,,,,,,,,,,,,,,,,,
2026-06-29T20:00:14.797619+00:00,2026-06-30T06:00:14.793582,3,1,121.3,0.4,121.1,150,121.0,50,120.9,1,,,,,,,,,,,,,,,121.5,100,,,,,,,,,,,,,,,,,,
2026-06-29T20:00:14.852526+00:00,2026-06-30T06:00:14.845458,3,2,121.3,0.4,121.1,150,121.0,50,120.9,1,,,,,,,,,,,,,,,121.5,100,121.6,150,,,,,,,,,,,,,,,,
2026-06-29T20:00:16.021800+00:00,2026-06-30T06:00:16.015727,2,1,121.35,0.5,121.1,150,120.9,1,,,,,,,,,,,,,,,,,121.6,150,,,,,,,,,,,,,,,,,,
2026-06-29T20:00:16.076673+00:00,2026-06-30T06:00:16.069121,2,1,121.35,0.5,121.1,150,120.9,101,,,,,,,,,,,,,,,,,121.6,150,,,,,,,,,,,,,,,,,,
2026-06-29T20:00:16.108919+00:00,2026-06-30T06:00:16.106371,2,2,121.2,0.2,121.1,150,120.9,101,,,,,,,,,,,,,,,,,121.3,5,121.6,150,,,,,,,,,,,,,,,,
2026-06-29T20:00:16.131081+00:00,2026-06-30T06:00:16.121017,2,3,121.2,0.2,121.1,150,120.9,101,,,,,,,,,,,,,,,,,121.3,5,121.4,100,121.6,150,,,,,,,,,,,,,,
2026-06-29T20:00:16.827732+00:00,2026-06-30T06:00:16.823685,2,2,121.25,0.3,121.1,150,120.9,101,,,,,,,,,,,,,,,,,121.4,55,121.6,150,,,,,,,,,,,,,,,,
2026-06-29T20:00:17.131767+00:00,2026-06-30T06:00:17.125703,2,3,121.2,0.2,121.1,150,120.9,101,,,,,,,,,,,,,,,,,121.3,5,121.4,55,121.6,150,,,,,,,,,,,,,,
2026-06-29T20:00:17.907483+00:00,2026-06-30T06:00:17.900483,1,2,121.1,0.4,120.9,101,,,,,,,,,,,,,,,,,,,121.3,5,121.4,55,,,,,,,,,,,,,,,,
2026-06-29T20:00:17.960894+00:00,2026-06-30T06:00:17.952830,2,2,121.15,0.3,121.0,150,120.9,101,,,,,,,,,,,,,,,,,121.3,5,121.4,55,,,,,,,,,,,,,,,,
2026-06-29T20:00:18.005138+00:00,2026-06-30T06:00:18.004138,2,3,121.15,0.3,121.0,150,120.9,101,,,,,,,,,,,,,,,,,121.3,5,121.4,55,121.5,150,,,,,,,,,,,,,,
2026-06-29T20:00:18.667518+00:00,2026-06-30T06:00:18.662518,2,3,121.15,0.3,121.0,150,120.9,101,,,,,,,,,,,,,,,,,121.3,4,121.4,55,121.5,150,,,,,,,,,,,,,,
2026-06-29T20:00:18.949962+00:00,2026-06-30T06:00:18.946899,2,2,121.2,0.4,121.0,150,120.9,101,,,,,,,,,,,,,,,,,121.4,9,121.5,150,,,,,,,,,,,,,,,,
2026-06-29T20:00:18.983144+00:00,2026-06-30T06:00:18.980144,2,2,121.2,0.4,121.0,150,120.9,100,,,,,,,,,,,,,,,,,121.4,9,121.5,150,,,,,,,,,,,,,,,,
2026-06-29T20:00:19.177927+00:00,2026-06-30T06:00:19.175368,1,1,121.25,0.5,121.0,150,,,,,,,,,,,,,,,,,,,121.5,150,,,,,,,,,,,,,,,,,,
2026-06-29T20:00:19.232289+00:00,2026-06-30T06:00:19.231290,2,1,121.3,0.4,121.1,100,121.0,150,,,,,,,,,,,,,,,,,121.5,150,,,,,,,,,,,,,,,,,,
2026-06-29T20:00:19.287618+00:00,2026-06-30T06:00:19.282618,2,2,121.3,0.4,121.1,100,121.0,150,,,,,,,,,,,,,,,,,121.5,150,121.6,100,,,,,,,,,,,,,,,,
2026-06-29T20:00:20.850126+00:00,2026-06-30T06:00:20.845064,2,2,121.3,0.4,121.1,107,121.0,150,,,,,,,,,,,,,,,,,121.5,150,121.6,100,,,,,,,,,,,,,,,,
2026-06-29T20:00:21.057490+00:00,2026-06-30T06:00:21.052463,2,2,121.3,0.4,121.1,107,121.0,150,,,,,,,,,,,,,,,,,121.5,100,121.6,100,,,,,,,,,,,,,,,,
2026-06-29T20:00:21.068089+00:00,2026-06-30T06:00:21.061520,1,1,121.35,0.5,121.1,107,,,,,,,,,,,,,,,,,,,121.6,100,,,,,,,,,,,,,,,,,,
2026-06-29T20:00:21.122937+00:00,2026-06-30T06:00:21.114866,2,0,,,121.8,50,121.1,107,,,,,,,,,,,,,,,,,,,,,,,,,,,,,,,,,,,,
2026-06-29T20:00:21.167198+00:00,2026-06-30T06:00:21.167171,2,1,122.05,0.5,121.8,50,121.1,107,,,,,,,,,,,,,,,,,122.3,150,,,,,,,,,,,,,,,,,,
2026-06-29T20:00:21.265382+00:00,2026-06-30T06:00:21.257372,2,1,122.05,0.5,121.8,25,121.1,107,,,,,,,,,,,,,,,,,122.3,150,,,,,,,,,,,,,,,,,,
2026-06-29T20:00:21.308215+00:00,2026-06-30T06:00:21.302655,1,1,121.7,1.2,121.1,107,,,,,,,,,,,,,,,,,,,122.3,150,,,,,,,,,,,,,,,,,,
2026-06-29T20:00:22.344149+00:00,2026-06-30T06:00:22.337139,1,1,121.7,1.2,121.1,7,,,,,,,,,,,,,,,,,,,122.3,150,,,,,,,,,,,,,,,,,,
2026-06-29T20:00:22.398537+00:00,2026-06-30T06:00:22.390978,2,1,122.1,0.4,121.9,100,121.1,7,,,,,,,,,,,,,,,,,122.3,150,,,,,,,,,,,,,,,,,,
2026-06-29T20:00:22.453901+00:00,2026-06-30T06:00:22.443829,2,2,122.1,0.4,121.9,100,121.1,7,,,,,,,,,,,,,,,,,122.3,150,122.4,100,,,,,,,,,,,,,,,,
2026-06-29T20:00:22.476019+00:00,2026-06-30T06:00:22.467955,2,2,122.1,0.4,121.9,75,121.1,7,,,,,,,,,,,,,,,,,122.3,150,122.4,100,,,,,,,,,,,,,,,,
2026-06-29T20:00:22.518902+00:00,2026-06-30T06:00:22.513323,2,2,122.1,0.4,121.9,50,121.1,7,,,,,,,,,,,,,,,,,122.3,150,122.4,100,,,,,,,,,,,,,,,,
2026-06-29T20:00:22.681979+00:00,2026-06-30T06:00:22.676916,2,2,122.1,0.4,121.9,25,121.1,7,,,,,,,,,,,,,,,,,122.3,150,122.4,100,,,,,,,,,,,,,,,,
2026-06-29T20:00:22.726214+00:00,2026-06-30T06:00:22.722223,1,2,121.7,1.2,121.1,7,,,,,,,,,,,,,,,,,,,122.3,150,122.4,100,,,,,,,,,,,,,,,,
2026-06-29T20:00:23.178914+00:00,2026-06-30T06:00:23.169353,1,2,121.7,1.2,121.1,7,,,,,,,,,,,,,,,,,,,122.3,100,122.4,100,,,,,,,,,,,,,,,,
2026-06-29T20:00:24.225040+00:00,2026-06-30T06:00:24.221040,1,1,121.75,1.3,121.1,7,,,,,,,,,,,,,,,,,,,122.4,100,,,,,,,,,,,,,,,,,,
2026-06-29T20:00:24.278956+00:00,2026-06-30T06:00:24.274385,2,1,122.0,0.8,121.6,150,121.1,7,,,,,,,,,,,,,,,,,122.4,100,,,,,,,,,,,,,,,,,,
2026-06-29T20:00:24.290037+00:00,2026-06-30T06:00:24.285967,1,1,122.0,0.8,121.6,150,,,,,,,,,,,,,,,,,,,122.4,100,,,,,,,,,,,,,,,,,,
2026-06-29T20:00:24.334305+00:00,2026-06-30T06:00:24.327304,1,2,121.85,0.5,121.6,150,,,,,,,,,,,,,,,,,,,122.1,150,122.4,100,,,,,,,,,,,,,,,,
2026-06-29T20:00:24.855944+00:00,2026-06-30T06:00:24.845852,2,2,121.85,0.5,121.6,150,121.3,7,,,,,,,,,,,,,,,,,122.1,150,122.4,100,,,,,,,,,,,,,,,,
2026-06-29T20:00:25.279787+00:00,2026-06-30T06:00:25.273724,2,2,121.85,0.5,121.6,150,121.3,7,,,,,,,,,,,,,,,,,122.1,100,122.4,100,,,,,,,,,,,,,,,,
2026-06-29T20:00:25.498232+00:00,2026-06-30T06:00:25.498232,2,1,121.85,0.5,121.6,150,121.3,7,,,,,,,,,,,,,,,,,122.1,100,,,,,,,,,,,,,,,,,,
2026-06-29T20:00:25.553165+00:00,2026-06-30T06:00:25.550164,3,1,121.95,0.3,121.8,100,121.6,150,121.3,7,,,,,,,,,,,,,,,122.1,100,,,,,,,,,,,,,,,,,,
2026-06-29T20:00:25.607625+00:00,2026-06-30T06:00:25.602545,3,2,121.95,0.3,121.8,100,121.6,150,121.3,7,,,,,,,,,,,,,,,122.1,100,122.3,100,,,,,,,,,,,,,,,,
2026-06-29T20:00:26.107814+00:00,2026-06-30T06:00:26.097876,3,2,121.95,0.3,121.8,58,121.6,150,121.3,7,,,,,,,,,,,,,,,122.1,100,122.3,100,,,,,,,,,,,,,,,,
2026-06-29T20:00:26.575370+00:00,2026-06-30T06:00:26.564474,3,2,121.95,0.3,121.8,10,121.6,150,121.3,7,,,,,,,,,,,,,,,122.1,100,122.3,100,,,,,,,,,,,,,,,,
2026-06-29T20:00:27.389730+00:00,2026-06-30T06:00:27.388730,2,1,122.05,0.5,121.8,10,121.3,7,,,,,,,,,,,,,,,,,122.3,100,,,,,,,,,,,,,,,,,,
2026-06-29T20:00:27.445055+00:00,2026-06-30T06:00:27.438045,2,1,122.05,0.5,121.8,160,121.3,7,,,,,,,,,,,,,,,,,122.3,100,,,,,,,,,,,,,,,,,,
2026-06-29T20:00:27.498470+00:00,2026-06-30T06:00:27.490909,2,2,122.0,0.4,121.8,160,121.3,7,,,,,,,,,,,,,,,,,122.2,150,122.3,100,,,,,,,,,,,,,,,,
2026-06-29T20:00:27.759776+00:00,2026-06-30T06:00:27.756712,2,2,122.0,0.4,121.8,135,121.3,7,,,,,,,,,,,,,,,,,122.2,150,122.3,100,,,,,,,,,,,,,,,,
2026-06-29T20:00:27.901231+00:00,2026-06-30T06:00:27.895150,2,2,122.0,0.4,121.8,110,121.3,7,,,,,,,,,,,,,,,,,122.2,150,122.3,100,,,,,,,,,,,,,,,,
2026-06-29T20:00:27.988291+00:00,2026-06-30T06:00:27.979732,2,2,122.0,0.4,121.8,85,121.3,7,,,,,,,,,,,,,,,,,122.2,150,122.3,100,,,,,,,,,,,,,,,,
2026-06-29T20:00:28.108111+00:00,2026-06-30T06:00:28.104551,2,2,122.0,0.4,121.8,60,121.3,7,,,,,,,,,,,,,,,,,122.2,150,122.3,100,,,,,,,,,,,,,,,,
2026-06-29T20:00:28.185104+00:00,2026-06-30T06:00:28.183104,2,2,122.0,0.4,121.8,35,121.3,7,,,,,,,,,,,,,,,,,122.2,150,122.3,100,,,,,,,,,,,,,,,,
2026-06-29T20:00:28.207230+00:00,2026-06-30T06:00:28.199230,1,2,122.0,0.4,121.8,35,,,,,,,,,,,,,,,,,,,122.2,150,122.3,100,,,,,,,,,,,,,,,,
2026-06-29T20:00:28.315483+00:00,2026-06-30T06:00:28.313483,1,2,122.0,0.4,121.8,10,,,,,,,,,,,,,,,,,,,122.2,150,122.3,100,,,,,,,,,,,,,,,,
2026-06-29T20:00:28.392040+00:00,2026-06-30T06:00:28.391032,0,2,,,,,,,,,,,,,,,,,,,,,,,122.2,150,122.3,100,,,,,,,,,,,,,,,,
2026-06-29T20:00:28.663333+00:00,2026-06-30T06:00:28.656272,0,1,,,,,,,,,,,,,,,,,,,,,,,122.2,150,,,,,,,,,,,,,,,,,,
2026-06-29T20:00:28.717666+00:00,2026-06-30T06:00:28.711657,1,1,121.9,0.6,121.6,100,,,,,,,,,,,,,,,,,,,122.2,150,,,,,,,,,,,,,,,,,,
2026-06-29T20:00:28.772134+00:00,2026-06-30T06:00:28.764072,1,2,121.85,0.5,121.6,100,,,,,,,,,,,,,,,,,,,122.1,100,122.2,150,,,,,,,,,,,,,,,,
2026-06-29T20:00:29.490850+00:00,2026-06-30T06:00:29.489850,1,2,121.85,0.5,121.6,100,,,,,,,,,,,,,,,,,,,122.1,50,122.2,150,,,,,,,,,,,,,,,,
2026-06-29T20:00:29.719917+00:00,2026-06-30T06:00:29.715854,2,2,121.85,0.5,121.6,100,121.5,7,,,,,,,,,,,,,,,,,122.1,50,122.2,150,,,,,,,,,,,,,,,,
2026-06-29T20:00:30.166388+00:00,2026-06-30T06:00:30.164389,2,2,121.85,0.5,121.6,100,121.5,7,,,,,,,,,,,,,,,,,122.1,6,122.2,150,,,,,,,,,,,,,,,,
2026-06-29T20:00:30.546416+00:00,2026-06-30T06:00:30.542416,2,1,121.85,0.5,121.6,100,121.5,7,,,,,,,,,,,,,,,,,122.1,6,,,,,,,,,,,,,,,,,,
2026-06-29T20:00:30.598878+00:00,2026-06-30T06:00:30.594757,3,1,121.85,0.5,121.6,100,121.5,7,121.3,150,,,,,,,,,,,,,,,122.1,6,,,,,,,,,,,,,,,,,,
2026-06-29T20:00:30.654194+00:00,2026-06-30T06:00:30.652193,3,2,121.7,0.2,121.6,100,121.5,6,121.3,150,,,,,,,,,,,,,,,121.8,150,122.1,6,,,,,,,,,,,,,,,,
2026-06-29T20:00:31.338329+00:00,2026-06-30T06:00:31.329769,3,2,121.7,0.2,121.6,87,121.5,6,121.3,150,,,,,,,,,,,,,,,121.8,150,122.1,6,,,,,,,,,,,,,,,,
2026-06-29T20:00:31.642893+00:00,2026-06-30T06:00:31.631974,3,2,121.7,0.2,121.6,41,121.5,6,121.3,150,,,,,,,,,,,,,,,121.8,150,122.1,6,,,,,,,,,,,,,,,,
2026-06-29T20:00:31.827479+00:00,2026-06-30T06:00:31.820456,2,1,121.65,0.3,121.5,6,121.3,150,,,,,,,,,,,,,,,,,121.8,150,,,,,,,,,,,,,,,,,,
2026-06-29T20:00:31.881854+00:00,2026-06-30T06:00:31.873791,2,1,121.65,0.3,121.5,6,121.3,250,,,,,,,,,,,,,,,,,121.8,150,,,,,,,,,,,,,,,,,,
2026-06-29T20:00:31.937184+00:00,2026-06-30T06:00:31.927174,2,1,121.65,0.3,121.5,6,121.3,250,,,,,,,,,,,,,,,,,121.8,250,,,,,,,,,,,,,,,,,,
2026-06-29T20:00:32.687260+00:00,2026-06-30T06:00:32.680213,2,1,121.65,0.3,121.5,6,121.3,250,,,,,,,,,,,,,,,,,121.8,210,,,,,,,,,,,,,,,,,,
2026-06-29T20:00:33.557675+00:00,2026-06-30T06:00:33.553667,2,1,121.65,0.3,121.5,5,121.3,250,,,,,,,,,,,,,,,,,121.8,210,,,,,,,,,,,,,,,,,,
2026-06-29T20:00:33.709780+00:00,2026-06-30T06:00:33.709780,2,1,121.65,0.3,121.5,5,121.3,100,,,,,,,,,,,,,,,,,121.8,100,,,,,,,,,,,,,,,,,,
2026-06-29T20:00:33.776196+00:00,2026-06-30T06:00:33.769196,1,1,121.55,0.5,121.3,205,,,,,,,,,,,,,,,,,,,121.8,100,,,,,,,,,,,,,,,,,,
2026-06-29T20:00:33.840694+00:00,2026-06-30T06:00:33.829818,1,1,121.55,0.5,121.3,205,,,,,,,,,,,,,,,,,,,121.8,250,,,,,,,,,,,,,,,,,,
2026-06-29T20:00:34.428663+00:00,2026-06-30T06:00:34.425103,1,1,121.55,0.5,121.3,205,,,,,,,,,,,,,,,,,,,121.8,201,,,,,,,,,,,,,,,,,,
2026-06-29T20:00:34.591747+00:00,2026-06-30T06:00:34.584685,2,1,121.65,0.3,121.5,5,121.3,205,,,,,,,,,,,,,,,,,121.8,201,,,,,,,,,,,,,,,,,,
2026-06-29T20:00:34.981938+00:00,2026-06-30T06:00:34.980938,2,1,121.65,0.3,121.5,5,121.3,205,,,,,,,,,,,,,,,,,121.8,150,,,,,,,,,,,,,,,,,,
2026-06-29T20:00:34.993006+00:00,2026-06-30T06:00:34.982939,2,1,121.65,0.3,121.5,5,121.3,150,,,,,,,,,,,,,,,,,121.8,150,,,,,,,,,,,,,,,,,,
2026-06-29T20:00:35.037259+00:00,2026-06-30T06:00:35.035259,2,1,121.65,0.3,121.5,5,121.3,250,,,,,,,,,,,,,,,,,121.8,150,,,,,,,,,,,,,,,,,,
2026-06-29T20:00:35.090694+00:00,2026-06-30T06:00:35.087685,2,1,121.65,0.3,121.5,5,121.3,250,,,,,,,,,,,,,,,,,121.8,250,,,,,,,,,,,,,,,,,,
2026-06-29T20:00:35.220093+00:00,2026-06-30T06:00:35.211031,1,1,121.55,0.5,121.3,250,,,,,,,,,,,,,,,,,,,121.8,250,,,,,,,,,,,,,,,,,,
2026-06-29T20:00:36.887570+00:00,2026-06-30T06:00:36.878570,1,1,121.55,0.5,121.3,100,,,,,,,,,,,,,,,,,,,121.8,100,,,,,,,,,,,,,,,,,,
2026-06-29T20:00:36.940973+00:00,2026-06-30T06:00:36.934910,2,1,121.55,0.5,121.3,100,121.1,150,,,,,,,,,,,,,,,,,121.8,100,,,,,,,,,,,,,,,,,,
2026-06-29T20:00:36.996281+00:00,2026-06-30T06:00:36.987271,2,2,121.45,0.3,121.3,100,121.1,150,,,,,,,,,,,,,,,,,121.6,150,121.8,100,,,,,,,,,,,,,,,,
2026-06-29T20:00:37.931142+00:00,2026-06-30T06:00:37.927132,2,2,121.45,0.3,121.3,100,121.1,150,,,,,,,,,,,,,,,,,121.6,100,121.8,100,,,,,,,,,,,,,,,,
2026-06-29T20:00:38.148179+00:00,2026-06-30T06:00:38.143620,1,1,121.35,0.5,121.1,150,,,,,,,,,,,,,,,,,,,121.6,100,,,,,,,,,,,,,,,,,,
2026-06-29T20:00:38.203034+00:00,2026-06-30T06:00:38.198024,2,1,121.4,0.4,121.2,100,121.1,150,,,,,,,,,,,,,,,,,121.6,100,,,,,,,,,,,,,,,,,,
2026-06-29T20:00:38.257902+00:00,2026-06-30T06:00:38.251343,2,2,121.4,0.4,121.2,100,121.1,150,,,,,,,,,,,,,,,,,121.6,100,121.7,100,,,,,,,,,,,,,,,,
2026-06-29T20:00:38.638432+00:00,2026-06-30T06:00:38.636870,2,2,121.4,0.4,121.2,59,121.1,150,,,,,,,,,,,,,,,,,121.6,100,121.7,100,,,,,,,,,,,,,,,,
2026-06-29T20:00:38.670177+00:00,2026-06-30T06:00:38.667167,3,3,121.55,0.1,121.5,3,121.2,59,121.1,150,,,,,,,,,,,,,,,121.6,100,121.7,100,121.8,3,,,,,,,,,,,,,,
2026-06-29T20:00:38.835095+00:00,2026-06-30T06:00:38.826045,2,3,121.4,0.4,121.2,59,121.1,150,,,,,,,,,,,,,,,,,121.6,100,121.7,100,121.8,3,,,,,,,,,,,,,,
2026-06-29T20:00:38.857187+00:00,2026-06-30T06:00:38.851187,3,3,121.55,0.1,121.5,3,121.2,59,121.1,150,,,,,,,,,,,,,,,121.6,100,121.7,100,121.8,3,,,,,,,,,,,,,,
2026-06-29T20:00:39.227248+00:00,2026-06-30T06:00:39.225247,3,3,121.55,0.1,121.5,3,121.2,59,121.1,150,,,,,,,,,,,,,,,121.6,57,121.7,100,121.8,3,,,,,,,,,,,,,,
2026-06-29T20:00:39.696415+00:00,2026-06-30T06:00:39.695415,2,3,121.4,0.4,121.2,13,121.1,150,,,,,,,,,,,,,,,,,121.6,57,121.7,100,121.8,3,,,,,,,,,,,,,,
2026-06-29T20:00:40.042980+00:00,2026-06-30T06:00:40.040980,1,2,121.45,0.5,121.2,13,,,,,,,,,,,,,,,,,,,121.7,100,121.8,3,,,,,,,,,,,,,,,,
2026-06-29T20:00:40.097337+00:00,2026-06-30T06:00:40.093311,2,2,121.6,0.2,121.5,150,121.2,13,,,,,,,,,,,,,,,,,121.7,100,121.8,3,,,,,,,,,,,,,,,,
2026-06-29T20:00:40.151240+00:00,2026-06-30T06:00:40.145177,2,3,121.6,0.2,121.5,150,121.2,13,,,,,,,,,,,,,,,,,121.7,100,121.8,3,122.0,150,,,,,,,,,,,,,,
2026-06-29T20:00:40.282099+00:00,2026-06-30T06:00:40.275036,2,3,121.6,0.2,121.5,150,121.2,13,,,,,,,,,,,,,,,,,121.7,60,121.8,3,122.0,150,,,,,,,,,,,,,,
2026-06-29T20:00:40.981540+00:00,2026-06-30T06:00:40.977529,2,3,121.6,0.2,121.5,150,121.2,13,,,,,,,,,,,,,,,,,121.7,60,121.8,2,122.0,150,,,,,,,,,,,,,,
2026-06-29T20:00:41.307976+00:00,2026-06-30T06:00:41.306929,1,2,121.65,0.3,121.5,150,,,,,,,,,,,,,,,,,,,121.8,2,122.0,150,,,,,,,,,,,,,,,,
2026-06-29T20:00:41.362816+00:00,2026-06-30T06:00:41.361816,3,2,121.65,0.3,121.5,150,121.4,4,121.1,100,,,,,,,,,,,,,,,121.8,2,122.0,150,,,,,,,,,,,,,,,,
2026-06-29T20:00:41.417167+00:00,2026-06-30T06:00:41.415140,3,3,121.55,0.1,121.5,150,121.4,4,121.1,100,,,,,,,,,,,,,,,121.6,100,121.8,2,122.0,150,,,,,,,,,,,,,,
2026-06-29T20:00:42.983174+00:00,2026-06-30T06:00:42.975110,3,3,121.55,0.1,121.5,150,121.4,4,121.1,100,,,,,,,,,,,,,,,121.6,100,121.8,1,122.0,150,,,,,,,,,,,,,,
2026-06-29T20:00:43.200158+00:00,2026-06-30T06:00:43.199158,2,2,121.5,0.2,121.4,4,121.1,100,,,,,,,,,,,,,,,,,121.6,100,121.8,1,,,,,,,,,,,,,,,,
2026-06-29T20:00:43.255465+00:00,2026-06-30T06:00:43.252465,3,2,121.5,0.2,121.4,4,121.3,150,121.1,100,,,,,,,,,,,,,,,121.6,100,121.8,1,,,,,,,,,,,,,,,,
2026-06-29T20:00:43.308858+00:00,2026-06-30T06:00:43.307295,3,2,121.5,0.2,121.4,4,121.3,150,121.1,100,,,,,,,,,,,,,,,121.6,100,121.8,151,,,,,,,,,,,,,,,,
2026-06-29T20:00:44.299102+00:00,2026-06-30T06:00:44.294513,2,2,121.45,0.3,121.3,104,121.1,100,,,,,,,,,,,,,,,,,121.6,100,121.8,151,,,,,,,,,,,,,,,,
2026-06-29T20:00:44.429942+00:00,2026-06-30T06:00:44.419866,3,2,121.5,0.2,121.4,5,121.3,104,121.1,100,,,,,,,,,,,,,,,121.6,100,121.8,151,,,,,,,,,,,,,,,,
2026-06-29T20:00:44.474187+00:00,2026-06-30T06:00:44.473186,2,1,121.6,0.4,121.4,5,121.3,104,,,,,,,,,,,,,,,,,121.8,151,,,,,,,,,,,,,,,,,,
2026-06-29T20:00:44.528070+00:00,2026-06-30T06:00:44.526518,3,1,121.6,0.4,121.4,5,121.3,104,120.8,100,,,,,,,,,,,,,,,121.8,151,,,,,,,,,,,,,,,,,,
2026-06-29T20:00:44.582913+00:00,2026-06-30T06:00:44.580913,2,1,121.55,0.5,121.3,9,120.8,100,,,,,,,,,,,,,,,,,121.8,151,,,,,,,,,,,,,,,,,,
2026-06-29T20:00:45.128637+00:00,2026-06-30T06:00:45.121051,1,1,121.3,1.0,120.8,61,,,,,,,,,,,,,,,,,,,121.8,151,,,,,,,,,,,,,,,,,,
2026-06-29T20:00:46.152208+00:00,2026-06-30T06:00:46.141338,2,1,121.6,0.4,121.4,5,120.8,61,,,,,,,,,,,,,,,,,121.8,151,,,,,,,,,,,,,,,,,,
2026-06-29T20:00:46.368684+00:00,2026-06-30T06:00:46.360125,2,1,121.6,0.4,121.4,5,120.8,61,,,,,,,,,,,,,,,,,121.8,1,,,,,,,,,,,,,,,,,,
2026-06-29T20:00:46.412964+00:00,2026-06-30T06:00:46.406902,1,1,121.3,1.0,120.8,16,,,,,,,,,,,,,,,,,,,121.8,1,,,,,,,,,,,,,,,,,,
2026-06-29T20:00:46.424028+00:00,2026-06-30T06:00:46.412964,2,1,121.3,1.0,120.8,16,120.6,150,,,,,,,,,,,,,,,,,121.8,1,,,,,,,,,,,,,,,,,,
2026-06-29T20:00:46.467330+00:00,2026-06-30T06:00:46.465285,2,2,120.95,0.3,120.8,16,120.6,150,,,,,,,,,,,,,,,,,121.1,150,121.8,1,,,,,,,,,,,,,,,,
2026-06-29T20:00:46.477909+00:00,2026-06-30T06:00:46.474349,2,1,120.95,0.3,120.8,16,120.6,150,,,,,,,,,,,,,,,,,121.1,145,,,,,,,,,,,,,,,,,,
2026-06-29T20:00:47.155055+00:00,2026-06-30T06:00:47.146971,2,1,120.95,0.3,120.8,16,120.6,150,,,,,,,,,,,,,,,,,121.1,140,,,,,,,,,,,,,,,,,,
2026-06-29T20:00:47.504048+00:00,2026-06-30T06:00:47.502040,2,1,120.95,0.3,120.8,16,120.6,150,,,,,,,,,,,,,,,,,121.1,135,,,,,,,,,,,,,,,,,,
2026-06-29T20:00:47.646034+00:00,2026-06-30T06:00:47.635071,1,1,120.85,0.5,120.6,150,,,,,,,,,,,,,,,,,,,121.1,135,,,,,,,,,,,,,,,,,,
2026-06-29T20:00:47.688394+00:00,2026-06-30T06:00:47.687881,2,1,121.0,0.2,120.9,100,120.6,150,,,,,,,,,,,,,,,,,121.1,135,,,,,,,,,,,,,,,,,,
2026-06-29T20:00:47.743295+00:00,2026-06-30T06:00:47.740295,2,2,121.0,0.2,120.9,100,120.6,150,,,,,,,,,,,,,,,,,121.1,135,121.4,100,,,,,,,,,,,,,,,,
2026-06-29T20:00:47.787578+00:00,2026-06-30T06:00:47.777568,2,2,121.0,0.2,120.9,100,120.6,150,,,,,,,,,,,,,,,,,121.1,110,121.4,100,,,,,,,,,,,,,,,,
2026-06-29T20:00:47.864115+00:00,2026-06-30T06:00:47.855044,2,2,121.0,0.2,120.9,100,120.6,150,,,,,,,,,,,,,,,,,121.1,85,121.4,100,,,,,,,,,,,,,,,,
2026-06-29T20:00:48.005026+00:00,2026-06-30T06:00:47.994965,2,2,121.0,0.2,120.9,100,120.6,150,,,,,,,,,,,,,,,,,121.1,60,121.4,100,,,,,,,,,,,,,,,,
2026-06-29T20:00:48.069051+00:00,2026-06-30T06:00:48.066486,2,2,121.0,0.2,120.9,100,120.6,150,,,,,,,,,,,,,,,,,121.1,35,121.4,100,,,,,,,,,,,,,,,,
2026-06-29T20:00:48.167707+00:00,2026-06-30T06:00:48.160660,2,2,121.0,0.2,120.9,100,120.6,150,,,,,,,,,,,,,,,,,121.1,31,121.4,100,,,,,,,,,,,,,,,,
2026-06-29T20:00:48.199945+00:00,2026-06-30T06:00:48.197935,2,2,121.0,0.2,120.9,100,120.6,150,,,,,,,,,,,,,,,,,121.1,6,121.4,100,,,,,,,,,,,,,,,,
2026-06-29T20:00:48.288015+00:00,2026-06-30T06:00:48.277571,2,1,121.15,0.5,120.9,100,120.6,150,,,,,,,,,,,,,,,,,121.4,100,,,,,,,,,,,,,,,,,,
2026-06-29T20:00:48.517485+00:00,2026-06-30T06:00:48.513485,2,1,121.15,0.5,120.9,50,120.6,150,,,,,,,,,,,,,,,,,121.4,100,,,,,,,,,,,,,,,,,,
2026-06-29T20:00:49.538832+00:00,2026-06-30T06:00:49.531271,1,1,121.15,0.5,120.9,50,,,,,,,,,,,,,,,,,,,121.4,100,,,,,,,,,,,,,,,,,,
2026-06-29T20:00:49.594151+00:00,2026-06-30T06:00:49.587084,2,0,,,121.5,50,120.9,50,,,,,,,,,,,,,,,,,,,,,,,,,,,,,,,,,,,,
2026-06-29T20:00:49.648046+00:00,2026-06-30T06:00:49.637603,2,1,121.75,0.5,121.5,50,120.9,50,,,,,,,,,,,,,,,,,122.0,150,,,,,,,,,,,,,,,,,,
2026-06-29T20:00:49.691820+00:00,2026-06-30T06:00:49.686766,2,1,121.75,0.5,121.5,25,120.9,50,,,,,,,,,,,,,,,,,122.0,150,,,,,,,,,,,,,,,,,,
2026-06-29T20:00:49.810665+00:00,2026-06-30T06:00:49.809665,1,1,121.45,1.1,120.9,50,,,,,,,,,,,,,,,,,,,122.0,150,,,,,,,,,,,,,,,,,,
2026-06-29T20:00:50.628468+00:00,2026-06-30T06:00:50.620905,0,1,,,,,,,,,,,,,,,,,,,,,,,122.0,150,,,,,,,,,,,,,,,,,,
2026-06-29T20:00:50.847941+00:00,2026-06-30T06:00:50.847427,1,1,121.55,0.9,121.1,100,,,,,,,,,,,,,,,,,,,122.0,150,,,,,,,,,,,,,,,,,,
2026-06-29T20:00:50.902310+00:00,2026-06-30T06:00:50.898310,1,2,121.35,0.5,121.1,100,,,,,,,,,,,,,,,,,,,121.6,100,122.0,150,,,,,,,,,,,,,,,,
2026-06-29T20:00:52.698465+00:00,2026-06-30T06:00:52.689906,1,1,121.35,0.5,121.1,100,,,,,,,,,,,,,,,,,,,121.6,100,,,,,,,,,,,,,,,,,,
2026-06-29T20:00:52.742259+00:00,2026-06-30T06:00:52.731195,1,1,121.35,0.5,121.1,50,,,,,,,,,,,,,,,,,,,121.6,100,,,,,,,,,,,,,,,,,,
2026-06-29T20:00:52.753321+00:00,2026-06-30T06:00:52.742423,2,1,121.35,0.5,121.1,50,120.9,150,,,,,,,,,,,,,,,,,121.6,100,,,,,,,,,,,,,,,,,,
2026-06-29T20:00:52.797567+00:00,2026-06-30T06:00:52.795558,2,2,121.25,0.3,121.1,50,120.9,150,,,,,,,,,,,,,,,,,121.4,150,121.6,100,,,,,,,,,,,,,,,,
2026-06-29T20:00:52.905330+00:00,2026-06-30T06:00:52.903330,3,2,121.3,0.2,121.2,8,121.1,50,120.9,150,,,,,,,,,,,,,,,121.4,150,121.6,100,,,,,,,,,,,,,,,,
2026-06-29T20:00:53.318160+00:00,2026-06-30T06:00:53.310600,3,2,121.3,0.2,121.2,7,121.1,50,120.9,150,,,,,,,,,,,,,,,121.4,150,121.6,100,,,,,,,,,,,,,,,,
2026-06-29T20:00:53.907133+00:00,2026-06-30T06:00:53.906133,3,2,121.3,0.2,121.2,6,121.1,50,120.9,150,,,,,,,,,,,,,,,121.4,150,121.6,100,,,,,,,,,,,,,,,,
2026-06-29T20:00:53.961077+00:00,2026-06-30T06:00:53.952015,2,1,121.3,0.2,121.2,6,120.9,150,,,,,,,,,,,,,,,,,121.4,150,,,,,,,,,,,,,,,,,,
2026-06-29T20:00:54.005341+00:00,2026-06-30T06:00:54.004341,2,1,121.3,0.2,121.2,6,120.9,250,,,,,,,,,,,,,,,,,121.4,150,,,,,,,,,,,,,,,,,,
2026-06-29T20:00:54.048175+00:00,2026-06-30T06:00:54.044615,2,1,121.3,0.2,121.2,6,120.9,250,,,,,,,,,,,,,,,,,121.4,110,,,,,,,,,,,,,,,,,,
2026-06-29T20:00:54.058752+00:00,2026-06-30T06:00:54.057193,2,1,121.3,0.2,121.2,6,120.9,250,,,,,,,,,,,,,,,,,121.4,210,,,,,,,,,,,,,,,,,,
2026-06-29T20:00:54.331026+00:00,2026-06-30T06:00:54.328016,2,1,121.3,0.2,121.2,5,120.9,250,,,,,,,,,,,,,,,,,121.4,210,,,,,,,,,,,,,,,,,,
2026-06-29T20:00:54.625463+00:00,2026-06-30T06:00:54.623463,2,1,121.3,0.2,121.2,5,120.9,250,,,,,,,,,,,,,,,,,121.4,161,,,,,,,,,,,,,,,,,,
2026-06-29T20:00:54.647590+00:00,2026-06-30T06:00:54.636527,2,1,121.3,0.2,121.2,3,120.9,250,,,,,,,,,,,,,,,,,121.4,161,,,,,,,,,,,,,,,,,,
2026-06-29T20:00:54.843496+00:00,2026-06-30T06:00:54.838497,1,1,121.15,0.5,120.9,203,,,,,,,,,,,,,,,,,,,121.4,161,,,,,,,,,,,,,,,,,,
2026-06-29T20:00:55.853975+00:00,2026-06-30T06:00:55.849975,1,1,121.15,0.5,120.9,100,,,,,,,,,,,,,,,,,,,121.4,100,,,,,,,,,,,,,,,,,,
2026-06-29T20:00:55.907777+00:00,2026-06-30T06:00:55.902230,2,1,121.15,0.5,120.9,100,120.8,150,,,,,,,,,,,,,,,,,121.4,100,,,,,,,,,,,,,,,,,,
2026-06-29T20:00:55.962051+00:00,2026-06-30T06:00:55.958051,2,2,121.1,0.4,120.9,100,120.8,150,,,,,,,,,,,,,,,,,121.3,150,121.4,100,,,,,,,,,,,,,,,,
2026-06-29T20:00:56.278025+00:00,2026-06-30T06:00:56.269460,2,2,121.1,0.4,120.9,57,120.8,150,,,,,,,,,,,,,,,,,121.3,150,121.4,100,,,,,,,,,,,,,,,,
2026-06-29T20:00:56.953875+00:00,2026-06-30T06:00:56.945812,2,2,121.1,0.4,120.9,7,120.8,150,,,,,,,,,,,,,,,,,121.3,150,121.4,100,,,,,,,,,,,,,,,,
2026-06-29T20:00:57.117447+00:00,2026-06-30T06:00:57.111447,1,1,121.05,0.5,120.8,150,,,,,,,,,,,,,,,,,,,121.3,150,,,,,,,,,,,,,,,,,,
2026-06-29T20:00:57.170929+00:00,2026-06-30T06:00:57.162866,2,1,121.05,0.5,120.8,150,120.6,100,,,,,,,,,,,,,,,,,121.3,150,,,,,,,,,,,,,,,,,,
2026-06-29T20:00:57.226262+00:00,2026-06-30T06:00:57.215199,2,2,120.95,0.3,120.8,150,120.6,100,,,,,,,,,,,,,,,,,121.1,100,121.3,150,,,,,,,,,,,,,,,,
2026-06-29T20:00:57.237338+00:00,2026-06-30T06:00:57.234338,2,2,120.95,0.3,120.8,150,120.6,100,,,,,,,,,,,,,,,,,121.1,75,121.3,150,,,,,,,,,,,,,,,,
2026-06-29T20:00:57.313889+00:00,2026-06-30T06:00:57.312889,2,2,120.95,0.3,120.8,150,120.6,100,,,,,,,,,,,,,,,,,121.1,50,121.3,150,,,,,,,,,,,,,,,,
2026-06-29T20:00:57.444272+00:00,2026-06-30T06:00:57.442272,2,2,120.95,0.3,120.8,150,120.6,100,,,,,,,,,,,,,,,,,121.1,8,121.3,150,,,,,,,,,,,,,,,,
2026-06-29T20:00:57.531919+00:00,2026-06-30T06:00:57.527909,2,1,121.05,0.5,120.8,150,120.6,100,,,,,,,,,,,,,,,,,121.3,150,,,,,,,,,,,,,,,,,,
2026-06-29T20:00:58.098783+00:00,2026-06-30T06:00:58.095216,2,1,121.05,0.5,120.8,101,120.6,100,,,,,,,,,,,,,,,,,121.3,150,,,,,,,,,,,,,,,,,,
2026-06-29T20:00:59.012914+00:00,2026-06-30T06:00:59.010914,1,0,,,120.6,100,,,,,,,,,,,,,,,,,,,,,,,,,,,,,,,,,,,,,,
2026-06-29T20:00:59.067281+00:00,2026-06-30T06:00:59.064246,2,0,,,120.8,150,120.6,50,,,,,,,,,,,,,,,,,,,,,,,,,,,,,,,,,,,,
2026-06-29T20:00:59.121166+00:00,2026-06-30T06:00:59.116103,2,1,121.05,0.5,120.8,150,120.6,50,,,,,,,,,,,,,,,,,121.3,150,,,,,,,,,,,,,,,,,,
2026-06-29T20:01:00.272923+00:00,2026-06-30T06:01:00.269923,1,1,121.05,0.5,120.8,150,,,,,,,,,,,,,,,,,,,121.3,150,,,,,,,,,,,,,,,,,,
2026-06-29T20:01:00.327253+00:00,2026-06-30T06:01:00.322226,2,1,121.05,0.5,120.8,150,120.7,100,,,,,,,,,,,,,,,,,121.3,150,,,,,,,,,,,,,,,,,,
2026-06-29T20:01:00.381138+00:00,2026-06-30T06:01:00.377128,2,2,121.0,0.4,120.8,150,120.7,100,,,,,,,,,,,,,,,,,121.2,100,121.3,150,,,,,,,,,,,,,,,,
2026-06-29T20:01:00.436454+00:00,2026-06-30T06:01:00.430446,2,2,121.0,0.4,120.8,150,120.7,100,,,,,,,,,,,,,,,,,121.2,100,121.3,154,,,,,,,,,,,,,,,,
2026-06-29T20:01:01.155978+00:00,2026-06-30T06:01:01.144928,2,2,121.0,0.4,120.8,150,120.7,100,,,,,,,,,,,,,,,,,121.2,54,121.3,154,,,,,,,,,,,,,,,,
2026-06-29T20:01:01.167025+00:00,2026-06-30T06:01:01.165025,2,2,121.0,0.4,120.8,100,120.7,100,,,,,,,,,,,,,,,,,121.2,54,121.3,154,,,,,,,,,,,,,,,,
2026-06-29T20:01:01.209799+00:00,2026-06-30T06:01:01.202749,2,2,121.0,0.4,120.8,56,120.7,100,,,,,,,,,,,,,,,,,121.2,54,121.3,154,,,,,,,,,,,,,,,,
2026-06-29T20:01:02.178031+00:00,2026-06-30T06:01:02.172462,1,2,120.95,0.5,120.7,100,,,,,,,,,,,,,,,,,,,121.2,54,121.3,4,,,,,,,,,,,,,,,,
2026-06-29T20:01:02.243955+00:00,2026-06-30T06:01:02.239956,2,2,120.95,0.5,120.7,100,120.2,150,,,,,,,,,,,,,,,,,121.2,54,121.3,4,,,,,,,,,,,,,,,,
2026-06-29T20:01:02.297823+00:00,2026-06-30T06:01:02.294263,1,3,120.45,0.5,120.2,150,,,,,,,,,,,,,,,,,,,120.7,50,121.2,54,121.3,4,,,,,,,,,,,,,,
2026-06-29T20:01:02.352181+00:00,2026-06-30T06:01:02.349181,1,3,120.45,0.5,120.2,150,,,,,,,,,,,,,,,,,,,120.7,25,121.2,54,121.3,4,,,,,,,,,,,,,,
2026-06-29T20:01:02.472964+00:00,2026-06-30T06:01:02.465900,1,2,120.7,1.0,120.2,150,,,,,,,,,,,,,,,,,,,121.2,54,121.3,4,,,,,,,,,,,,,,,,
2026-06-29T20:01:02.843053+00:00,2026-06-30T06:01:02.839053,1,2,120.7,1.0,120.2,150,,,,,,,,,,,,,,,,,,,121.2,13,121.3,4,,,,,,,,,,,,,,,,
2026-06-29T20:01:03.277488+00:00,2026-06-30T06:01:03.272432,1,2,120.7,1.0,120.2,100,,,,,,,,,,,,,,,,,,,121.2,13,121.3,4,,,,,,,,,,,,,,,,
2026-06-29T20:01:03.440087+00:00,2026-06-30T06:01:03.430024,1,1,120.75,1.1,120.2,100,,,,,,,,,,,,,,,,,,,121.3,4,,,,,,,,,,,,,,,,,,
2026-06-29T20:01:03.495437+00:00,2026-06-30T06:01:03.494437,2,1,120.95,0.7,120.6,100,120.2,100,,,,,,,,,,,,,,,,,121.3,4,,,,,,,,,,,,,,,,,,
2026-06-29T20:01:03.548825+00:00,2026-06-30T06:01:03.546266,2,2,120.85,0.5,120.6,100,120.2,100,,,,,,,,,,,,,,,,,121.1,100,121.3,4,,,,,,,,,,,,,,,,
2026-06-29T20:01:03.888184+00:00,2026-06-30T06:01:03.879624,2,2,120.85,0.5,120.6,56,120.2,100,,,,,,,,,,,,,,,,,121.1,100,121.3,4,,,,,,,,,,,,,,,,
2026-06-29T20:01:04.107090+00:00,2026-06-30T06:01:04.097080,2,2,120.85,0.5,120.6,56,120.2,100,,,,,,,,,,,,,,,,,121.1,75,121.3,4,,,,,,,,,,,,,,,,
2026-06-29T20:01:04.161056+00:00,2026-06-30T06:01:04.160056,2,2,120.85,0.5,120.6,56,120.2,100,,,,,,,,,,,,,,,,,121.1,50,121.3,4,,,,,,,,,,,,,,,,
2026-06-29T20:01:04.314043+00:00,2026-06-30T06:01:04.310044,2,2,120.85,0.5,120.6,56,120.2,100,,,,,,,,,,,,,,,,,121.1,25,121.3,4,,,,,,,,,,,,,,,,
2026-06-29T20:01:04.378492+00:00,2026-06-30T06:01:04.370931,2,1,120.95,0.7,120.6,56,120.2,100,,,,,,,,,,,,,,,,,121.3,4,,,,,,,,,,,,,,,,,,
2026-06-29T20:01:04.444426+00:00,2026-06-30T06:01:04.438426,2,0,,,120.6,56,120.2,100,,,,,,,,,,,,,,,,,,,,,,,,,,,,,,,,,,,,
2026-06-29T20:01:05.357635+00:00,2026-06-30T06:01:05.348609,1,0,,,120.6,56,,,,,,,,,,,,,,,,,,,,,,,,,,,,,,,,,,,,,,
2026-06-29T20:01:05.389889+00:00,2026-06-30T06:01:05.378946,1,0,,,120.6,6,,,,,,,,,,,,,,,,,,,,,,,,,,,,,,,,,,,,,,
2026-06-29T20:01:05.412011+00:00,2026-06-30T06:01:05.400949,2,0,,,120.8,150,120.6,6,,,,,,,,,,,,,,,,,,,,,,,,,,,,,,,,,,,,
2026-06-29T20:01:05.456260+00:00,2026-06-30T06:01:05.453251,2,1,121.05,0.5,120.8,150,120.6,6,,,,,,,,,,,,,,,,,121.3,150,,,,,,,,,,,,,,,,,,
2026-06-29T20:01:06.509936+00:00,2026-06-30T06:01:06.503873,2,1,121.05,0.5,120.8,150,120.6,6,,,,,,,,,,,,,,,,,121.3,154,,,,,,,,,,,,,,,,,,
2026-06-29T20:01:06.607594+00:00,2026-06-30T06:01:06.600548,1,1,121.05,0.5,120.8,150,,,,,,,,,,,,,,,,,,,121.3,154,,,,,,,,,,,,,,,,,,
2026-06-29T20:01:06.661489+00:00,2026-06-30T06:01:06.653426,1,1,121.05,0.5,120.8,250,,,,,,,,,,,,,,,,,,,121.3,154,,,,,,,,,,,,,,,,,,
2026-06-29T20:01:06.716797+00:00,2026-06-30T06:01:06.705734,1,1,121.05,0.5,120.8,250,,,,,,,,,,,,,,,,,,,121.3,254,,,,,,,,,,,,,,,,,,
2026-06-29T20:01:07.467204+00:00,2026-06-30T06:01:07.457194,1,1,121.05,0.5,120.8,250,,,,,,,,,,,,,,,,,,,121.3,214,,,,,,,,,,,,,,,,,,
2026-06-29T20:01:07.488407+00:00,2026-06-30T06:01:07.484839,1,1,121.05,0.5,120.8,200,,,,,,,,,,,,,,,,,,,121.3,214,,,,,,,,,,,,,,,,,,
2026-06-29T20:01:08.512309+00:00,2026-06-30T06:01:08.508309,1,1,121.05,0.5,120.8,100,,,,,,,,,,,,,,,,,,,121.3,104,,,,,,,,,,,,,,,,,,
2026-06-29T20:01:08.567684+00:00,2026-06-30T06:01:08.564634,3,1,121.1,0.4,120.9,1,120.8,100,120.7,150,,,,,,,,,,,,,,,121.3,104,,,,,,,,,,,,,,,,,,
2026-06-29T20:01:08.622082+00:00,2026-06-30T06:01:08.618071,3,2,121.05,0.3,120.9,1,120.8,100,120.7,150,,,,,,,,,,,,,,,121.2,150,121.3,104,,,,,,,,,,,,,,,,
2026-06-29T20:01:09.605484+00:00,2026-06-30T06:01:09.600484,2,2,121.0,0.4,120.8,51,120.7,150,,,,,,,,,,,,,,,,,121.2,150,121.3,104,,,,,,,,,,,,,,,,
2026-06-29T20:01:09.704149+00:00,2026-06-30T06:01:09.695086,3,2,121.05,0.3,120.9,1,120.8,51,120.7,150,,,,,,,,,,,,,,,121.2,150,121.3,104,,,,,,,,,,,,,,,,
2026-06-29T20:01:09.768606+00:00,2026-06-30T06:01:09.761046,2,2,121.05,0.3,120.9,1,120.7,150,,,,,,,,,,,,,,,,,121.2,150,121.3,4,,,,,,,,,,,,,,,,
2026-06-29T20:01:09.823589+00:00,2026-06-30T06:01:09.814518,3,2,121.05,0.3,120.9,1,120.7,150,120.5,100,,,,,,,,,,,,,,,121.2,150,121.3,4,,,,,,,,,,,,,,,,
2026-06-29T20:01:09.877934+00:00,2026-06-30T06:01:09.867979,3,3,120.95,0.1,120.9,1,120.7,150,120.5,100,,,,,,,,,,,,,,,121.0,100,121.2,150,121.3,4,,,,,,,,,,,,,,
2026-06-29T20:01:09.932810+00:00,2026-06-30T06:01:09.927799,3,3,120.95,0.1,120.9,1,120.7,150,120.5,100,,,,,,,,,,,,,,,121.0,75,121.2,150,121.3,4,,,,,,,,,,,,,,
2026-06-29T20:01:09.997758+00:00,2026-06-30T06:01:09.990198,3,3,120.95,0.1,120.9,1,120.7,150,120.5,100,,,,,,,,,,,,,,,121.0,50,121.2,150,121.3,4,,,,,,,,,,,,,,
2026-06-29T20:01:10.139730+00:00,2026-06-30T06:01:10.136666,3,3,120.95,0.1,120.9,1,120.7,150,120.5,100,,,,,,,,,,,,,,,121.0,25,121.2,150,121.3,4,,,,,,,,,,,,,,
2026-06-29T20:01:10.282160+00:00,2026-06-30T06:01:10.277150,2,3,120.85,0.3,120.7,105,120.5,100,,,,,,,,,,,,,,,,,121.0,25,121.2,150,121.3,4,,,,,,,,,,,,,,
2026-06-29T20:01:10.304286+00:00,2026-06-30T06:01:10.299286,3,3,120.95,0.1,120.9,2,120.7,105,120.5,100,,,,,,,,,,,,,,,121.0,25,121.2,150,121.3,4,,,,,,,,,,,,,,
2026-06-29T20:01:10.739845+00:00,2026-06-30T06:01:10.729772,3,3,120.95,0.1,120.9,1,120.7,105,120.5,100,,,,,,,,,,,,,,,121.0,25,121.2,150,121.3,4,,,,,,,,,,,,,,
2026-06-29T20:01:10.925014+00:00,2026-06-30T06:01:10.921013,3,2,121.05,0.3,120.9,1,120.7,105,120.5,100,,,,,,,,,,,,,,,121.2,131,121.3,4,,,,,,,,,,,,,,,,
2026-06-29T20:01:11.666112+00:00,2026-06-30T06:01:11.658112,3,2,121.05,0.3,120.9,1,120.7,105,120.5,100,,,,,,,,,,,,,,,121.2,81,121.3,4,,,,,,,,,,,,,,,,
2026-06-29T20:01:11.677175+00:00,2026-06-30T06:01:11.674175,2,1,121.1,0.4,120.9,1,120.5,100,,,,,,,,,,,,,,,,,121.3,4,,,,,,,,,,,,,,,,,,
2026-06-29T20:01:11.731100+00:00,2026-06-30T06:01:11.726035,3,1,121.1,0.4,120.9,1,120.7,150,120.5,100,,,,,,,,,,,,,,,121.3,4,,,,,,,,,,,,,,,,,,
2026-06-29T20:01:11.786447+00:00,2026-06-30T06:01:11.781448,3,2,121.05,0.3,120.9,1,120.7,150,120.5,100,,,,,,,,,,,,,,,121.2,150,121.3,4,,,,,,,,,,,,,,,,
2026-06-29T20:01:12.928002+00:00,2026-06-30T06:01:12.922441,2,2,121.05,0.3,120.9,1,120.7,150,,,,,,,,,,,,,,,,,121.2,150,121.3,4,,,,,,,,,,,,,,,,
2026-06-29T20:01:12.982842+00:00,2026-06-30T06:01:12.975779,2,2,121.05,0.3,120.9,1,120.7,250,,,,,,,,,,,,,,,,,121.2,150,121.3,4,,,,,,,,,,,,,,,,
2026-06-29T20:01:13.037169+00:00,2026-06-30T06:01:13.027238,2,2,121.05,0.3,120.9,1,120.7,250,,,,,,,,,,,,,,,,,121.2,250,121.3,4,,,,,,,,,,,,,,,,
2026-06-29T20:01:13.776172+00:00,2026-06-30T06:01:13.769171,2,2,121.05,0.3,120.9,1,120.7,250,,,,,,,,,,,,,,,,,121.2,200,121.3,4,,,,,,,,,,,,,,,,
2026-06-29T20:01:14.507559+00:00,2026-06-30T06:01:14.504559,2,2,121.05,0.3,120.9,1,120.7,250,,,,,,,,,,,,,,,,,121.2,200,121.3,3,,,,,,,,,,,,,,,,
2026-06-29T20:01:14.528766+00:00,2026-06-30T06:01:14.527203,1,2,120.95,0.5,120.7,203,,,,,,,,,,,,,,,,,,,121.2,200,121.3,3,,,,,,,,,,,,,,,,
2026-06-29T20:01:14.843610+00:00,2026-06-30T06:01:14.836547,1,2,120.95,0.5,120.7,100,,,,,,,,,,,,,,,,,,,121.2,100,121.3,3,,,,,,,,,,,,,,,,
2026-06-29T20:01:14.897964+00:00,2026-06-30T06:01:14.889938,2,2,121.0,0.4,120.8,150,120.7,100,,,,,,,,,,,,,,,,,121.2,100,121.3,3,,,,,,,,,,,,,,,,
2026-06-29T20:01:14.963917+00:00,2026-06-30T06:01:14.959917,2,2,121.0,0.4,120.8,150,120.7,100,,,,,,,,,,,,,,,,,121.2,100,121.3,153,,,,,,,,,,,,,,,,
2026-06-29T20:01:15.507093+00:00,2026-06-30T06:01:15.498092,2,2,121.0,0.4,120.8,150,120.7,100,,,,,,,,,,,,,,,,,121.2,100,121.3,152,,,,,,,,,,,,,,,,
2026-06-29T20:01:15.877725+00:00,2026-06-30T06:01:15.872166,2,2,121.0,0.4,120.8,150,120.7,100,,,,,,,,,,,,,,,,,121.2,50,121.3,152,,,,,,,,,,,,,,,,
2026-06-29T20:01:15.932085+00:00,2026-06-30T06:01:15.922021,2,2,121.0,0.4,120.8,150,120.7,100,,,,,,,,,,,,,,,,,121.2,50,121.3,151,,,,,,,,,,,,,,,,
2026-06-29T20:01:15.965292+00:00,2026-06-30T06:01:15.957282,2,2,121.0,0.4,120.8,150,120.7,100,,,,,,,,,,,,,,,,,121.2,50,121.3,150,,,,,,,,,,,,,,,,
2026-06-29T20:01:16.085651+00:00,2026-06-30T06:01:16.085651,2,1,121.05,0.5,120.8,150,120.7,100,,,,,,,,,,,,,,,,,121.3,150,,,,,,,,,,,,,,,,,,
2026-06-29T20:01:16.096722+00:00,2026-06-30T06:01:16.086659,1,1,121.05,0.5,120.8,150,,,,,,,,,,,,,,,,,,,121.3,150,,,,,,,,,,,,,,,,,,
2026-06-29T20:01:16.150123+00:00,2026-06-30T06:01:16.141059,2,1,121.2,0.2,121.1,100,120.8,150,,,,,,,,,,,,,,,,,121.3,150,,,,,,,,,,,,,,,,,,
2026-06-29T20:01:16.194372+00:00,2026-06-30T06:01:16.191373,2,2,121.2,0.2,121.1,100,120.8,150,,,,,,,,,,,,,,,,,121.3,150,121.6,100,,,,,,,,,,,,,,,,
2026-06-29T20:01:16.898121+00:00,2026-06-30T06:01:16.897111,3,2,121.2,0.2,121.1,100,120.9,7,120.8,150,,,,,,,,,,,,,,,121.3,150,121.6,100,,,,,,,,,,,,,,,,
2026-06-29T20:01:18.008638+00:00,2026-06-30T06:01:18.004077,3,2,121.2,0.2,121.1,100,120.9,7,120.8,150,,,,,,,,,,,,,,,121.3,100,121.6,100,,,,,,,,,,,,,,,,
2026-06-29T20:01:18.019725+00:00,2026-06-30T06:01:18.017714,2,1,121.35,0.5,121.1,100,120.9,7,,,,,,,,,,,,,,,,,121.6,100,,,,,,,,,,,,,,,,,,
2026-06-29T20:01:18.075042+00:00,2026-06-30T06:01:18.074042,3,1,121.4,0.4,121.2,150,121.1,100,120.9,7,,,,,,,,,,,,,,,121.6,100,,,,,,,,,,,,,,,,,,
2026-06-29T20:01:18.139005+00:00,2026-06-30T06:01:18.128566,3,2,121.4,0.4,121.2,150,121.1,100,120.9,7,,,,,,,,,,,,,,,121.6,100,121.7,150,,,,,,,,,,,,,,,,
2026-06-29T20:01:19.248482+00:00,2026-06-30T06:01:19.245922,2,1,121.45,0.5,121.2,150,120.9,7,,,,,,,,,,,,,,,,,121.7,150,,,,,,,,,,,,,,,,,,
2026-06-29T20:01:19.303378+00:00,2026-06-30T06:01:19.299378,3,1,121.5,0.4,121.3,100,121.2,150,120.9,7,,,,,,,,,,,,,,,121.7,150,,,,,,,,,,,,,,,,,,
2026-06-29T20:01:19.357717+00:00,2026-06-30T06:01:19.352690,3,2,121.5,0.4,121.3,100,121.2,150,120.9,7,,,,,,,,,,,,,,,121.7,150,121.8,100,,,,,,,,,,,,,,,,
2026-06-29T20:01:20.107882+00:00,2026-06-30T06:01:20.105316,3,2,121.5,0.4,121.3,100,121.2,150,120.9,7,,,,,,,,,,,,,,,121.7,100,121.8,100,,,,,,,,,,,,,,,,
2026-06-29T20:01:20.552907+00:00,2026-06-30T06:01:20.546844,3,2,121.5,0.4,121.3,54,121.2,150,120.9,7,,,,,,,,,,,,,,,121.7,100,121.8,100,,,,,,,,,,,,,,,,
2026-06-29T20:01:21.183122+00:00,2026-06-30T06:01:21.182121,3,1,121.55,0.5,121.3,54,121.2,150,120.9,7,,,,,,,,,,,,,,,121.8,100,,,,,,,,,,,,,,,,,,
2026-06-29T20:01:21.194185+00:00,2026-06-30T06:01:21.184122,2,1,121.55,0.5,121.3,54,120.9,7,,,,,,,,,,,,,,,,,121.8,100,,,,,,,,,,,,,,,,,,
2026-06-29T20:01:21.247535+00:00,2026-06-30T06:01:21.237566,3,1,121.6,0.4,121.4,150,121.3,54,120.9,7,,,,,,,,,,,,,,,121.8,100,,,,,,,,,,,,,,,,,,
2026-06-29T20:01:21.301908+00:00,2026-06-30T06:01:21.290844,3,2,121.6,0.4,121.4,150,121.3,54,120.9,7,,,,,,,,,,,,,,,121.8,100,121.9,150,,,,,,,,,,,,,,,,
2026-06-29T20:01:22.414291+00:00,2026-06-30T06:01:22.408291,1,1,121.65,0.5,121.4,150,,,,,,,,,,,,,,,,,,,121.9,150,,,,,,,,,,,,,,,,,,
2026-06-29T20:01:22.425355+00:00,2026-06-30T06:01:22.416292,1,1,121.65,0.5,121.4,125,,,,,,,,,,,,,,,,,,,121.9,150,,,,,,,,,,,,,,,,,,
2026-06-29T20:01:22.468179+00:00,2026-06-30T06:01:22.459621,2,1,121.65,0.5,121.4,125,120.9,100,,,,,,,,,,,,,,,,,121.9,150,,,,,,,,,,,,,,,,,,
2026-06-29T20:01:22.523021+00:00,2026-06-30T06:01:22.513950,2,1,121.65,0.5,121.4,25,120.9,100,,,,,,,,,,,,,,,,,121.9,150,,,,,,,,,,,,,,,,,,
2026-06-29T20:01:22.567288+00:00,2026-06-30T06:01:22.563288,1,1,121.4,1.0,120.9,100,,,,,,,,,,,,,,,,,,,121.9,150,,,,,,,,,,,,,,,,,,
2026-06-29T20:01:23.077909+00:00,2026-06-30T06:01:23.073325,2,1,121.5,0.8,121.1,8,120.9,100,,,,,,,,,,,,,,,,,121.9,150,,,,,,,,,,,,,,,,,,
2026-06-29T20:01:23.458466+00:00,2026-06-30T06:01:23.448149,2,1,121.5,0.8,121.1,7,120.9,100,,,,,,,,,,,,,,,,,121.9,150,,,,,,,,,,,,,,,,,,
2026-06-29T20:01:24.349902+00:00,2026-06-30T06:01:24.344839,2,0,,,121.1,7,120.9,100,,,,,,,,,,,,,,,,,,,,,,,,,,,,,,,,,,,,
2026-06-29T20:01:24.394150+00:00,2026-06-30T06:01:24.392150,1,0,,,120.9,100,,,,,,,,,,,,,,,,,,,,,,,,,,,,,,,,,,,,,,
2026-06-29T20:01:24.405213+00:00,2026-06-30T06:01:24.398213,2,0,,,120.9,100,120.8,150,,,,,,,,,,,,,,,,,,,,,,,,,,,,,,,,,,,,
2026-06-29T20:01:24.458120+00:00,2026-06-30T06:01:24.450560,2,1,121.1,0.4,120.9,100,120.8,150,,,,,,,,,,,,,,,,,121.3,150,,,,,,,,,,,,,,,,,,
2026-06-29T20:01:24.643322+00:00,2026-06-30T06:01:24.642322,3,1,121.15,0.3,121.0,7,120.9,100,120.8,150,,,,,,,,,,,,,,,121.3,150,,,,,,,,,,,,,,,,,,
2026-06-29T20:01:25.578284+00:00,2026-06-30T06:01:25.567813,2,1,121.15,0.3,121.0,7,120.8,150,,,,,,,,,,,,,,,,,121.3,150,,,,,,,,,,,,,,,,,,
2026-06-29T20:01:25.633173+00:00,2026-06-30T06:01:25.627163,2,1,121.15,0.3,121.0,7,120.8,150,,,,,,,,,,,,,,,,,121.3,50,,,,,,,,,,,,,,,,,,
2026-06-29T20:01:25.687528+00:00,2026-06-30T06:01:25.681528,2,2,121.15,0.3,121.0,7,120.8,150,,,,,,,,,,,,,,,,,121.3,50,121.8,100,,,,,,,,,,,,,,,,
2026-06-29T20:01:26.527175+00:00,2026-06-30T06:01:26.518148,1,2,121.05,0.5,120.8,107,,,,,,,,,,,,,,,,,,,121.3,50,121.8,100,,,,,,,,,,,,,,,,
2026-06-29T20:01:27.189021+00:00,2026-06-30T06:01:27.189021,2,2,121.15,0.3,121.0,5,120.8,107,,,,,,,,,,,,,,,,,121.3,25,121.8,100,,,,,,,,,,,,,,,,
2026-06-29T20:01:27.244349+00:00,2026-06-30T06:01:27.238349,2,1,121.4,0.8,121.0,5,120.8,107,,,,,,,,,,,,,,,,,121.8,100,,,,,,,,,,,,,,,,,,
2026-06-29T20:01:27.319889+00:00,2026-06-30T06:01:27.316826,2,1,121.4,0.8,121.0,5,120.8,107,,,,,,,,,,,,,,,,,121.8,55,,,,,,,,,,,,,,,,,,
2026-06-29T20:01:27.507100+00:00,2026-06-30T06:01:27.504100,1,1,121.4,0.8,121.0,5,,,,,,,,,,,,,,,,,,,121.8,55,,,,,,,,,,,,,,,,,,
2026-06-29T20:01:27.517725+00:00,2026-06-30T06:01:27.512165,1,1,121.4,0.8,121.0,4,,,,,,,,,,,,,,,,,,,121.8,55,,,,,,,,,,,,,,,,,,
2026-06-29T20:01:27.572126+00:00,2026-06-30T06:01:27.562031,2,1,121.55,0.5,121.3,150,121.0,4,,,,,,,,,,,,,,,,,121.8,55,,,,,,,,,,,,,,,,,,
2026-06-29T20:01:27.638064+00:00,2026-06-30T06:01:27.628505,2,1,121.55,0.5,121.3,150,121.0,4,,,,,,,,,,,,,,,,,121.8,205,,,,,,,,,,,,,,,,,,
2026-06-29T20:01:27.834389+00:00,2026-06-30T06:01:27.827379,2,1,121.55,0.5,121.3,101,121.0,4,,,,,,,,,,,,,,,,,121.8,205,,,,,,,,,,,,,,,,,,
2026-06-29T20:01:28.638869+00:00,2026-06-30T06:01:28.631310,2,1,121.55,0.5,121.3,51,121.0,4,,,,,,,,,,,,,,,,,121.8,205,,,,,,,,,,,,,,,,,,
2026-06-29T20:01:28.738016+00:00,2026-06-30T06:01:28.735456,2,1,121.55,0.5,121.3,51,121.0,4,,,,,,,,,,,,,,,,,121.8,150,,,,,,,,,,,,,,,,,,
2026-06-29T20:01:28.803933+00:00,2026-06-30T06:01:28.800933,3,1,121.55,0.5,121.3,51,121.2,100,121.0,4,,,,,,,,,,,,,,,121.8,150,,,,,,,,,,,,,,,,,,
2026-06-29T20:01:28.847217+00:00,2026-06-30T06:01:28.843191,3,2,121.5,0.4,121.3,51,121.2,100,121.0,4,,,,,,,,,,,,,,,121.7,100,121.8,150,,,,,,,,,,,,,,,,
2026-06-29T20:01:29.357622+00:00,2026-06-30T06:01:29.349621,3,2,121.5,0.4,121.3,51,121.2,100,121.0,4,,,,,,,,,,,,,,,121.7,57,121.8,150,,,,,,,,,,,,,,,,
2026-06-29T20:01:30.707820+00:00,2026-06-30T06:01:30.705269,3,1,121.5,0.4,121.3,51,121.2,100,121.0,4,,,,,,,,,,,,,,,121.7,57,,,,,,,,,,,,,,,,,,
2026-06-29T20:01:30.718400+00:00,2026-06-30T06:01:30.708054,2,1,121.45,0.5,121.2,100,121.0,4,,,,,,,,,,,,,,,,,121.7,57,,,,,,,,,,,,,,,,,,
2026-06-29T20:01:30.762273+00:00,2026-06-30T06:01:30.760273,2,1,121.45,0.5,121.2,50,121.0,4,,,,,,,,,,,,,,,,,121.7,57,,,,,,,,,,,,,,,,,,
2026-06-29T20:01:30.773344+00:00,2026-06-30T06:01:30.762273,3,1,121.45,0.5,121.2,50,121.0,4,120.9,150,,,,,,,,,,,,,,,121.7,57,,,,,,,,,,,,,,,,,,
2026-06-29T20:01:30.817605+00:00,2026-06-30T06:01:30.815605,3,2,121.3,0.2,121.2,50,121.0,4,120.9,150,,,,,,,,,,,,,,,121.4,150,121.7,57,,,,,,,,,,,,,,,,
2026-06-29T20:01:30.859949+00:00,2026-06-30T06:01:30.856886,3,2,121.3,0.2,121.2,50,121.0,4,120.9,150,,,,,,,,,,,,,,,121.4,125,121.7,57,,,,,,,,,,,,,,,,
2026-06-29T20:01:31.906500+00:00,2026-06-30T06:01:31.903500,2,1,121.2,0.4,121.0,4,120.9,150,,,,,,,,,,,,,,,,,121.4,125,,,,,,,,,,,,,,,,,,
2026-06-29T20:01:31.970966+00:00,2026-06-30T06:01:31.965904,3,1,121.3,0.2,121.2,100,121.0,4,120.9,150,,,,,,,,,,,,,,,121.4,125,,,,,,,,,,,,,,,,,,
2026-06-29T20:01:32.015212+00:00,2026-06-30T06:01:32.013213,3,2,121.3,0.2,121.2,100,121.0,4,120.9,150,,,,,,,,,,,,,,,121.4,125,121.7,100,,,,,,,,,,,,,,,,
2026-06-29T20:01:32.874398+00:00,2026-06-30T06:01:32.868398,3,2,121.3,0.2,121.2,50,121.0,4,120.9,150,,,,,,,,,,,,,,,121.4,125,121.7,100,,,,,,,,,,,,,,,,
2026-06-29T20:01:33.877355+00:00,2026-06-30T06:01:33.871354,3,1,121.45,0.5,121.2,50,121.0,4,120.9,150,,,,,,,,,,,,,,,121.7,100,,,,,,,,,,,,,,,,,,
2026-06-29T20:01:33.887970+00:00,2026-06-30T06:01:33.879408,2,1,121.45,0.5,121.2,50,121.0,4,,,,,,,,,,,,,,,,,121.7,100,,,,,,,,,,,,,,,,,,
2026-06-29T20:01:33.931677+00:00,2026-06-30T06:01:33.925629,2,1,121.45,0.5,121.2,200,121.0,4,,,,,,,,,,,,,,,,,121.7,100,,,,,,,,,,,,,,,,,,
2026-06-29T20:01:33.986983+00:00,2026-06-30T06:01:33.978982,2,1,121.45,0.5,121.2,200,121.0,4,,,,,,,,,,,,,,,,,121.7,250,,,,,,,,,,,,,,,,,,
2026-06-29T20:01:35.007979+00:00,2026-06-30T06:01:34.998419,2,1,121.45,0.5,121.2,150,121.0,4,,,,,,,,,,,,,,,,,121.7,250,,,,,,,,,,,,,,,,,,
2026-06-29T20:01:35.073882+00:00,2026-06-30T06:01:35.064820,2,1,121.45,0.5,121.2,150,121.0,4,,,,,,,,,,,,,,,,,121.7,150,,,,,,,,,,,,,,,,,,
2026-06-29T20:01:35.127775+00:00,2026-06-30T06:01:35.118203,3,1,121.45,0.5,121.2,150,121.1,100,121.0,4,,,,,,,,,,,,,,,121.7,150,,,,,,,,,,,,,,,,,,
2026-06-29T20:01:35.171086+00:00,2026-06-30T06:01:35.170085,3,2,121.4,0.4,121.2,150,121.1,100,121.0,4,,,,,,,,,,,,,,,121.6,100,121.7,150,,,,,,,,,,,,,,,,
2026-06-29T20:01:37.034128+00:00,2026-06-30T06:01:37.033128,3,1,121.4,0.4,121.2,150,121.1,100,121.0,4,,,,,,,,,,,,,,,121.6,100,,,,,,,,,,,,,,,,,,
2026-06-29T20:01:37.045191+00:00,2026-06-30T06:01:37.034128,2,1,121.35,0.5,121.1,100,121.0,4,,,,,,,,,,,,,,,,,121.6,100,,,,,,,,,,,,,,,,,,
2026-06-29T20:01:37.098059+00:00,2026-06-30T06:01:37.087598,3,1,121.4,0.4,121.2,150,121.1,100,121.0,4,,,,,,,,,,,,,,,121.6,100,,,,,,,,,,,,,,,,,,
2026-06-29T20:01:37.108650+00:00,2026-06-30T06:01:37.104077,3,1,121.4,0.4,121.2,100,121.1,100,121.0,4,,,,,,,,,,,,,,,121.6,100,,,,,,,,,,,,,,,,,,
2026-06-29T20:01:37.141847+00:00,2026-06-30T06:01:37.139847,3,2,121.4,0.4,121.2,100,121.1,100,121.0,4,,,,,,,,,,,,,,,121.6,100,121.7,150,,,,,,,,,,,,,,,,
2026-06-29T20:01:37.827383+00:00,2026-06-30T06:01:37.817373,3,3,121.3,0.2,121.2,100,121.1,100,121.0,4,,,,,,,,,,,,,,,121.4,1,121.6,100,121.7,150,,,,,,,,,,,,,,
2026-06-29T20:01:37.880807+00:00,2026-06-30T06:01:37.879806,3,2,121.4,0.4,121.2,100,121.1,100,121.0,4,,,,,,,,,,,,,,,121.6,100,121.7,150,,,,,,,,,,,,,,,,
2026-06-29T20:01:38.088303+00:00,2026-06-30T06:01:38.088303,3,2,121.4,0.4,121.2,100,121.1,100,121.0,4,,,,,,,,,,,,,,,121.6,55,121.7,150,,,,,,,,,,,,,,,,
2026-06-29T20:01:38.230212+00:00,2026-06-30T06:01:38.227202,2,1,121.45,0.5,121.2,100,121.0,4,,,,,,,,,,,,,,,,,121.7,150,,,,,,,,,,,,,,,,,,
2026-06-29T20:01:38.296592+00:00,2026-06-30T06:01:38.285517,3,1,121.55,0.3,121.4,100,121.2,100,121.0,4,,,,,,,,,,,,,,,121.7,150,,,,,,,,,,,,,,,,,,
2026-06-29T20:01:38.338930+00:00,2026-06-30T06:01:38.332360,3,2,121.55,0.3,121.4,100,121.2,100,121.0,4,,,,,,,,,,,,,,,121.7,150,121.9,100,,,,,,,,,,,,,,,,
2026-06-29T20:01:39.221197+00:00,2026-06-30T06:01:39.218197,3,2,121.55,0.3,121.4,100,121.2,100,121.0,4,,,,,,,,,,,,,,,121.7,104,121.9,100,,,,,,,,,,,,,,,,
2026-06-29T20:01:39.232249+00:00,2026-06-30T06:01:39.225197,3,2,121.55,0.3,121.4,50,121.2,100,121.0,4,,,,,,,,,,,,,,,121.7,104,121.9,100,,,,,,,,,,,,,,,,
2026-06-29T20:01:39.243304+00:00,2026-06-30T06:01:39.236249,2,2,121.55,0.3,121.4,50,121.2,100,,,,,,,,,,,,,,,,,121.7,104,121.9,100,,,,,,,,,,,,,,,,
2026-06-29T20:01:39.755390+00:00,2026-06-30T06:01:39.751390,2,2,121.55,0.3,121.4,50,121.2,107,,,,,,,,,,,,,,,,,121.7,104,121.9,100,,,,,,,,,,,,,,,,
2026-06-29T20:01:40.200741+00:00,2026-06-30T06:01:40.195679,2,1,121.65,0.5,121.4,50,121.2,7,,,,,,,,,,,,,,,,,121.9,100,,,,,,,,,,,,,,,,,,
2026-06-29T20:01:40.256048+00:00,2026-06-30T06:01:40.248038,3,1,121.65,0.5,121.4,50,121.3,150,121.2,7,,,,,,,,,,,,,,,121.9,100,,,,,,,,,,,,,,,,,,
2026-06-29T20:01:40.308950+00:00,2026-06-30T06:01:40.300390,3,2,121.6,0.4,121.4,50,121.3,150,121.2,7,,,,,,,,,,,,,,,121.8,150,121.9,100,,,,,,,,,,,,,,,,
2026-06-29T20:01:41.344359+00:00,2026-06-30T06:01:41.333429,2,2,121.55,0.5,121.3,150,121.2,7,,,,,,,,,,,,,,,,,121.8,150,121.9,100,,,,,,,,,,,,,,,,
2026-06-29T20:01:41.387666+00:00,2026-06-30T06:01:41.385640,2,1,121.55,0.5,121.3,150,121.2,7,,,,,,,,,,,,,,,,,121.8,150,,,,,,,,,,,,,,,,,,
2026-06-29T20:01:41.441094+00:00,2026-06-30T06:01:41.439094,3,1,121.55,0.5,121.3,150,121.2,7,121.1,100,,,,,,,,,,,,,,,121.8,150,,,,,,,,,,,,,,,,,,
2026-06-29T20:01:41.496441+00:00,2026-06-30T06:01:41.491441,3,2,121.45,0.3,121.3,150,121.2,7,121.1,100,,,,,,,,,,,,,,,121.6,100,121.8,150,,,,,,,,,,,,,,,,
2026-06-29T20:01:43.356453+00:00,2026-06-30T06:01:43.354445,2,1,121.4,0.4,121.2,7,121.1,100,,,,,,,,,,,,,,,,,121.6,100,,,,,,,,,,,,,,,,,,
2026-06-29T20:01:43.420946+00:00,2026-06-30T06:01:43.416872,2,1,121.4,0.4,121.2,157,121.1,100,,,,,,,,,,,,,,,,,121.6,100,,,,,,,,,,,,,,,,,,
2026-06-29T20:01:43.443068+00:00,2026-06-30T06:01:43.441069,2,1,121.4,0.4,121.2,107,121.1,100,,,,,,,,,,,,,,,,,121.6,100,,,,,,,,,,,,,,,,,,
2026-06-29T20:01:43.465194+00:00,2026-06-30T06:01:43.464194,2,2,121.4,0.4,121.2,107,121.1,100,,,,,,,,,,,,,,,,,121.6,100,121.7,150,,,,,,,,,,,,,,,,
2026-06-29T20:01:43.529653+00:00,2026-06-30T06:01:43.523585,2,2,121.4,0.4,121.2,114,121.1,100,,,,,,,,,,,,,,,,,121.6,100,121.7,150,,,,,,,,,,,,,,,,
2026-06-29T20:01:43.735532+00:00,2026-06-30T06:01:43.732532,2,2,121.4,0.4,121.2,72,121.1,100,,,,,,,,,,,,,,,,,121.6,100,121.7,150,,,,,,,,,,,,,,,,
2026-06-29T20:01:44.552935+00:00,2026-06-30T06:01:44.547864,1,1,121.45,0.5,121.2,72,,,,,,,,,,,,,,,,,,,121.7,150,,,,,,,,,,,,,,,,,,
2026-06-29T20:01:44.617910+00:00,2026-06-30T06:01:44.617397,2,1,121.45,0.5,121.2,72,120.9,100,,,,,,,,,,,,,,,,,121.7,150,,,,,,,,,,,,,,,,,,
2026-06-29T20:01:44.672287+00:00,2026-06-30T06:01:44.669287,2,2,121.3,0.2,121.2,72,120.9,100,,,,,,,,,,,,,,,,,121.4,100,121.7,150,,,,,,,,,,,,,,,,
2026-06-29T20:01:45.097138+00:00,2026-06-30T06:01:45.091138,2,2,121.3,0.2,121.2,71,120.9,100,,,,,,,,,,,,,,,,,121.4,100,121.7,150,,,,,,,,,,,,,,,,
2026-06-29T20:01:45.498503+00:00,2026-06-30T06:01:45.496960,2,2,121.3,0.2,121.2,71,120.9,100,,,,,,,,,,,,,,,,,121.4,50,121.7,150,,,,,,,,,,,,,,,,
2026-06-29T20:01:45.878929+00:00,2026-06-30T06:01:45.872369,2,2,121.3,0.2,121.2,71,120.9,100,,,,,,,,,,,,,,,,,121.4,3,121.7,150,,,,,,,,,,,,,,,,
2026-06-29T20:01:45.912134+00:00,2026-06-30T06:01:45.905071,2,1,121.45,0.5,121.2,71,120.9,100,,,,,,,,,,,,,,,,,121.7,150,,,,,,,,,,,,,,,,,,
2026-06-29T20:01:46.525309+00:00,2026-06-30T06:01:46.519309,2,0,,,121.2,6,120.9,100,,,,,,,,,,,,,,,,,,,,,,,,,,,,,,,,,,,,
2026-06-29T20:01:46.578681+00:00,2026-06-30T06:01:46.572121,2,0,,,121.2,6,120.9,250,,,,,,,,,,,,,,,,,,,,,,,,,,,,,,,,,,,,
2026-06-29T20:01:46.633997+00:00,2026-06-30T06:01:46.624945,2,1,121.3,0.2,121.2,6,120.9,250,,,,,,,,,,,,,,,,,121.4,150,,,,,,,,,,,,,,,,,,
2026-06-29T20:01:47.612239+00:00,2026-06-30T06:01:47.606175,2,1,121.3,0.2,121.2,6,120.9,250,,,,,,,,,,,,,,,,,121.4,100,,,,,,,,,,,,,,,,,,
2026-06-29T20:01:47.732102+00:00,2026-06-30T06:01:47.723043,2,1,121.3,0.2,121.2,6,120.9,150,,,,,,,,,,,,,,,,,121.4,100,,,,,,,,,,,,,,,,,,
2026-06-29T20:01:47.787453+00:00,2026-06-30T06:01:47.777443,2,0,,,121.2,6,120.9,150,,,,,,,,,,,,,,,,,,,,,,,,,,,,,,,,,,,,
2026-06-29T20:01:47.841853+00:00,2026-06-30T06:01:47.830788,2,1,121.55,0.7,121.2,6,120.9,150,,,,,,,,,,,,,,,,,121.9,100,,,,,,,,,,,,,,,,,,
2026-06-29T20:01:48.005443+00:00,2026-06-30T06:01:48.001443,2,2,121.35,0.3,121.2,6,120.9,150,,,,,,,,,,,,,,,,,121.5,1,121.9,100,,,,,,,,,,,,,,,,
2026-06-29T20:01:48.124241+00:00,2026-06-30T06:01:48.119241,2,1,121.55,0.7,121.2,6,120.9,150,,,,,,,,,,,,,,,,,121.9,100,,,,,,,,,,,,,,,,,,
2026-06-29T20:01:49.091030+00:00,2026-06-30T06:01:49.081968,2,1,121.55,0.7,121.2,5,120.9,150,,,,,,,,,,,,,,,,,121.9,100,,,,,,,,,,,,,,,,,,
2026-06-29T20:01:49.678987+00:00,2026-06-30T06:01:49.678987,1,1,121.55,0.7,121.2,5,,,,,,,,,,,,,,,,,,,121.9,100,,,,,,,,,,,,,,,,,,
2026-06-29T20:01:49.701131+00:00,2026-06-30T06:01:49.692068,1,1,121.55,0.7,121.2,4,,,,,,,,,,,,,,,,,,,121.9,100,,,,,,,,,,,,,,,,,,
2026-06-29T20:01:49.723276+00:00,2026-06-30T06:01:49.718276,1,1,121.55,0.7,121.2,4,,,,,,,,,,,,,,,,,,,121.9,50,,,,,,,,,,,,,,,,,,
2026-06-29T20:01:49.734369+00:00,2026-06-30T06:01:49.730370,2,1,121.75,0.3,121.6,150,121.2,4,,,,,,,,,,,,,,,,,121.9,50,,,,,,,,,,,,,,,,,,
2026-06-29T20:01:49.788683+00:00,2026-06-30T06:01:49.787683,2,2,121.75,0.3,121.6,150,121.2,4,,,,,,,,,,,,,,,,,121.9,50,122.1,150,,,,,,,,,,,,,,,,
2026-06-29T20:01:50.733125+00:00,2026-06-30T06:01:50.728125,2,2,121.75,0.3,121.6,150,121.2,3,,,,,,,,,,,,,,,,,121.9,50,122.1,150,,,,,,,,,,,,,,,,
2026-06-29T20:01:50.896186+00:00,2026-06-30T06:01:50.886125,2,1,121.85,0.5,121.6,150,121.2,3,,,,,,,,,,,,,,,,,122.1,150,,,,,,,,,,,,,,,,,,
2026-06-29T20:01:50.950042+00:00,2026-06-30T06:01:50.939177,3,1,121.85,0.5,121.6,150,121.2,3,121.1,100,,,,,,,,,,,,,,,122.1,150,,,,,,,,,,,,,,,,,,
2026-06-29T20:01:51.005356+00:00,2026-06-30T06:01:50.994293,3,1,121.85,0.5,121.6,50,121.2,3,121.1,100,,,,,,,,,,,,,,,122.1,150,,,,,,,,,,,,,,,,,,
2026-06-29T20:01:51.836018+00:00,2026-06-30T06:01:51.826956,3,1,121.85,0.5,121.6,50,121.2,3,121.1,100,,,,,,,,,,,,,,,122.1,100,,,,,,,,,,,,,,,,,,
2026-06-29T20:01:52.847837+00:00,2026-06-30T06:01:52.840276,2,0,,,121.2,3,121.1,100,,,,,,,,,,,,,,,,,,,,,,,,,,,,,,,,,,,,
2026-06-29T20:01:52.902220+00:00,2026-06-30T06:01:52.893156,3,0,,,121.3,150,121.2,3,121.1,100,,,,,,,,,,,,,,,,,,,,,,,,,,,,,,,,,,
2026-06-29T20:01:52.946470+00:00,2026-06-30T06:01:52.945470,3,1,121.55,0.5,121.3,150,121.2,3,121.1,100,,,,,,,,,,,,,,,121.8,150,,,,,,,,,,,,,,,,,,
2026-06-29T20:01:53.119671+00:00,2026-06-30T06:01:53.114608,3,1,121.55,0.5,121.3,150,121.2,2,121.1,100,,,,,,,,,,,,,,,121.8,150,,,,,,,,,,,,,,,,,,
2026-06-29T20:01:53.748946+00:00,2026-06-30T06:01:53.743386,3,1,121.55,0.5,121.3,103,121.2,2,121.1,100,,,,,,,,,,,,,,,121.8,150,,,,,,,,,,,,,,,,,,
2026-06-29T20:01:53.936135+00:00,2026-06-30T06:01:53.934135,3,1,121.55,0.5,121.3,103,121.2,2,121.1,100,,,,,,,,,,,,,,,121.8,100,,,,,,,,,,,,,,,,,,
2026-06-29T20:01:54.055525+00:00,2026-06-30T06:01:54.047515,2,1,121.55,0.5,121.3,103,121.2,2,,,,,,,,,,,,,,,,,121.8,100,,,,,,,,,,,,,,,,,,
2026-06-29T20:01:54.120998+00:00,2026-06-30T06:01:54.109936,3,1,121.6,0.4,121.4,100,121.3,103,121.2,2,,,,,,,,,,,,,,,121.8,100,,,,,,,,,,,,,,,,,,
2026-06-29T20:01:54.165280+00:00,2026-06-30T06:01:54.164280,3,2,121.6,0.4,121.4,100,121.3,103,121.2,2,,,,,,,,,,,,,,,121.8,100,121.9,100,,,,,,,,,,,,,,,,
2026-06-29T20:01:54.752265+00:00,2026-06-30T06:01:54.750265,3,2,121.6,0.4,121.4,100,121.3,103,121.2,1,,,,,,,,,,,,,,,121.8,100,121.9,100,,,,,,,,,,,,,,,,
2026-06-29T20:01:55.753910+00:00,2026-06-30T06:01:55.750902,3,3,121.5,0.2,121.4,100,121.3,103,121.2,1,,,,,,,,,,,,,,,121.6,4,121.8,100,121.9,100,,,,,,,,,,,,,,
2026-06-29T20:01:56.005126+00:00,2026-06-30T06:01:56.002127,2,2,121.5,0.2,121.4,100,121.2,1,,,,,,,,,,,,,,,,,121.6,4,121.9,100,,,,,,,,,,,,,,,,
2026-06-29T20:01:56.049195+00:00,2026-06-30T06:01:56.041196,2,1,121.65,0.5,121.4,100,121.2,1,,,,,,,,,,,,,,,,,121.9,54,,,,,,,,,,,,,,,,,,
2026-06-29T20:01:56.060195+00:00,2026-06-30T06:01:56.054195,3,1,121.65,0.5,121.4,100,121.3,150,121.2,1,,,,,,,,,,,,,,,121.9,54,,,,,,,,,,,,,,,,,,
2026-06-29T20:01:56.137012+00:00,2026-06-30T06:01:56.126949,3,2,121.6,0.4,121.4,100,121.3,150,121.2,1,,,,,,,,,,,,,,,121.8,150,121.9,54,,,,,,,,,,,,,,,,
2026-06-29T20:01:56.147627+00:00,2026-06-30T06:01:56.137012,3,3,121.5,0.2,121.4,100,121.3,150,121.2,1,,,,,,,,,,,,,,,121.6,4,121.8,150,121.9,54,,,,,,,,,,,,,,
2026-06-29T20:01:56.388010+00:00,2026-06-30T06:01:56.376957,3,2,121.6,0.4,121.4,100,121.3,150,121.2,1,,,,,,,,,,,,,,,121.8,150,121.9,54,,,,,,,,,,,,,,,,
2026-06-29T20:01:56.528946+00:00,2026-06-30T06:01:56.518574,3,3,121.5,0.2,121.4,100,121.3,150,121.2,1,,,,,,,,,,,,,,,121.6,4,121.8,150,121.9,54,,,,,,,,,,,,,,
2026-06-29T20:01:57.227867+00:00,2026-06-30T06:01:57.220307,2,2,121.45,0.3,121.3,150,121.2,1,,,,,,,,,,,,,,,,,121.6,4,121.8,150,,,,,,,,,,,,,,,,
2026-06-29T20:01:57.282244+00:00,2026-06-30T06:01:57.273176,3,2,121.5,0.2,121.4,100,121.3,150,121.2,1,,,,,,,,,,,,,,,121.6,4,121.8,150,,,,,,,,,,,,,,,,
2026-06-29T20:01:57.348227+00:00,2026-06-30T06:01:57.344667,3,3,121.5,0.2,121.4,100,121.3,150,121.2,1,,,,,,,,,,,,,,,121.6,4,121.8,150,121.9,100,,,,,,,,,,,,,,
2026-06-29T20:01:57.358804+00:00,2026-06-30T06:01:57.355245,3,3,121.5,0.2,121.4,59,121.3,150,121.2,1,,,,,,,,,,,,,,,121.6,4,121.8,150,121.9,100,,,,,,,,,,,,,,
2026-06-29T20:01:57.838150+00:00,2026-06-30T06:01:57.831590,3,2,121.6,0.4,121.4,59,121.3,150,121.2,1,,,,,,,,,,,,,,,121.8,112,121.9,100,,,,,,,,,,,,,,,,
2026-06-29T20:01:57.870871+00:00,2026-06-30T06:01:57.862808,3,3,121.5,0.2,121.4,59,121.3,150,121.2,1,,,,,,,,,,,,,,,121.6,4,121.8,112,121.9,100,,,,,,,,,,,,,,
2026-06-29T20:01:57.892998+00:00,2026-06-30T06:01:57.884935,3,3,121.5,0.2,121.4,10,121.3,150,121.2,1,,,,,,,,,,,,,,,121.6,4,121.8,112,121.9,100,,,,,,,,,,,,,,
2026-06-29T20:01:59.184115+00:00,2026-06-30T06:01:59.181115,2,2,121.5,0.2,121.4,10,121.2,1,,,,,,,,,,,,,,,,,121.6,4,121.9,100,,,,,,,,,,,,,,,,
2026-06-29T20:01:59.238012+00:00,2026-06-30T06:01:59.233452,2,2,121.5,0.2,121.4,160,121.2,1,,,,,,,,,,,,,,,,,121.6,4,121.9,100,,,,,,,,,,,,,,,,
2026-06-29T20:01:59.292877+00:00,2026-06-30T06:01:59.285814,2,2,121.5,0.2,121.4,160,121.2,1,,,,,,,,,,,,,,,,,121.6,4,121.9,250,,,,,,,,,,,,,,,,
2026-06-29T20:02:00.312099+00:00,2026-06-30T06:02:00.308088,2,2,121.5,0.2,121.4,110,121.2,1,,,,,,,,,,,,,,,,,121.6,4,121.9,250,,,,,,,,,,,,,,,,
2026-06-29T20:02:00.399693+00:00,2026-06-30T06:02:00.397683,2,2,121.5,0.2,121.4,110,121.2,1,,,,,,,,,,,,,,,,,121.6,4,121.9,150,,,,,,,,,,,,,,,,
2026-06-29T20:02:00.466070+00:00,2026-06-30T06:02:00.455007,2,2,121.5,0.2,121.4,110,121.2,101,,,,,,,,,,,,,,,,,121.6,4,121.9,150,,,,,,,,,,,,,,,,
2026-06-29T20:02:00.507923+00:00,2026-06-30T06:02:00.502362,2,3,121.5,0.2,121.4,110,121.2,101,,,,,,,,,,,,,,,,,121.6,4,121.7,100,121.9,150,,,,,,,,,,,,,,
2026-06-29T20:02:01.367849+00:00,2026-06-30T06:02:01.364273,2,3,121.5,0.2,121.4,67,121.2,101,,,,,,,,,,,,,,,,,121.6,4,121.7,100,121.9,150,,,,,,,,,,,,,,
2026-06-29T20:02:02.011121+00:00,2026-06-30T06:02:02.004049,2,3,121.5,0.2,121.4,67,121.2,101,,,,,,,,,,,,,,,,,121.6,2,121.7,100,121.9,150,,,,,,,,,,,,,,
2026-06-29T20:02:02.348866+00:00,2026-06-30T06:02:02.341307,1,2,121.4,0.4,121.2,101,,,,,,,,,,,,,,,,,,,121.6,2,121.7,100,,,,,,,,,,,,,,,,
2026-06-29T20:02:02.404217+00:00,2026-06-30T06:02:02.393132,2,2,121.4,0.4,121.2,101,121.1,150,,,,,,,,,,,,,,,,,121.6,2,121.7,100,,,,,,,,,,,,,,,,
2026-06-29T20:02:02.415281+00:00,2026-06-30T06:02:02.412280,2,2,121.4,0.4,121.2,51,121.1,150,,,,,,,,,,,,,,,,,121.6,2,121.7,100,,,,,,,,,,,,,,,,
2026-06-29T20:02:02.447517+00:00,2026-06-30T06:02:02.445463,2,2,121.4,0.4,121.2,51,121.1,150,,,,,,,,,,,,,,,,,121.6,152,121.7,100,,,,,,,,,,,,,,,,
2026-06-29T20:02:03.350761+00:00,2026-06-30T06:02:03.349762,3,2,121.45,0.3,121.3,4,121.2,51,121.1,150,,,,,,,,,,,,,,,121.6,152,121.7,100,,,,,,,,,,,,,,,,
2026-06-29T20:02:03.558125+00:00,2026-06-30T06:02:03.556560,3,1,121.45,0.3,121.3,4,121.2,51,121.1,150,,,,,,,,,,,,,,,121.6,152,,,,,,,,,,,,,,,,,,
2026-06-29T20:02:03.568710+00:00,2026-06-30T06:02:03.561144,2,1,121.45,0.3,121.3,4,121.1,150,,,,,,,,,,,,,,,,,121.6,152,,,,,,,,,,,,,,,,,,
2026-06-29T20:02:03.612982+00:00,2026-06-30T06:02:03.610982,3,1,121.45,0.3,121.3,4,121.1,150,121.0,100,,,,,,,,,,,,,,,121.6,152,,,,,,,,,,,,,,,,,,
2026-06-29T20:02:03.667338+00:00,2026-06-30T06:02:03.665313,3,2,121.4,0.2,121.3,4,121.1,150,121.0,100,,,,,,,,,,,,,,,121.5,100,121.6,152,,,,,,,,,,,,,,,,
2026-06-29T20:02:04.298238+00:00,2026-06-30T06:02:04.293672,3,2,121.4,0.2,121.3,4,121.1,150,121.0,100,,,,,,,,,,,,,,,121.5,100,121.6,151,,,,,,,,,,,,,,,,
2026-06-29T20:02:04.527240+00:00,2026-06-30T06:02:04.519240,2,2,121.3,0.4,121.1,104,121.0,100,,,,,,,,,,,,,,,,,121.5,100,121.6,151,,,,,,,,,,,,,,,,
2026-06-29T20:02:05.157233+00:00,2026-06-30T06:02:05.155206,3,2,121.4,0.2,121.3,5,121.1,104,121.0,100,,,,,,,,,,,,,,,121.5,100,121.6,151,,,,,,,,,,,,,,,,
2026-06-29T20:02:05.506095+00:00,2026-06-30T06:02:05.500095,2,2,121.4,0.2,121.3,5,121.0,100,,,,,,,,,,,,,,,,,121.5,100,121.6,1,,,,,,,,,,,,,,,,
2026-06-29T20:02:05.559008+00:00,2026-06-30T06:02:05.552449,3,2,121.4,0.2,121.3,5,121.0,100,120.8,150,,,,,,,,,,,,,,,121.5,100,121.6,1,,,,,,,,,,,,,,,,
2026-06-29T20:02:05.614354+00:00,2026-06-30T06:02:05.610354,2,3,121.15,0.3,121.0,100,120.8,150,,,,,,,,,,,,,,,,,121.3,145,121.5,100,121.6,1,,,,,,,,,,,,,,
2026-06-29T20:02:05.959712+00:00,2026-06-30T06:02:05.958712,2,3,121.15,0.3,121.0,100,120.8,150,,,,,,,,,,,,,,,,,121.3,143,121.5,100,121.6,1,,,,,,,,,,,,,,
2026-06-29T20:02:06.633133+00:00,2026-06-30T06:02:06.626062,2,3,121.15,0.3,121.0,50,120.8,150,,,,,,,,,,,,,,,,,121.3,143,121.5,100,121.6,1,,,,,,,,,,,,,,
2026-06-29T20:02:06.719713+00:00,2026-06-30T06:02:06.718713,2,2,121.15,0.3,121.0,50,120.8,150,,,,,,,,,,,,,,,,,121.3,143,121.6,1,,,,,,,,,,,,,,,,
2026-06-29T20:02:06.730809+00:00,2026-06-30T06:02:06.720714,1,2,121.05,0.5,120.8,150,,,,,,,,,,,,,,,,,,,121.3,143,121.6,1,,,,,,,,,,,,,,,,
2026-06-29T20:02:06.786139+00:00,2026-06-30T06:02:06.778138,1,2,121.05,0.5,120.8,250,,,,,,,,,,,,,,,,,,,121.3,143,121.6,1,,,,,,,,,,,,,,,,
2026-06-29T20:02:06.829002+00:00,2026-06-30T06:02:06.828489,1,2,121.05,0.5,120.8,250,,,,,,,,,,,,,,,,,,,121.3,243,121.6,1,,,,,,,,,,,,,,,,
2026-06-29T20:02:07.288030+00:00,2026-06-30T06:02:07.281472,1,2,121.05,0.5,120.8,250,,,,,,,,,,,,,,,,,,,121.3,200,121.6,1,,,,,,,,,,,,,,,,
2026-06-29T20:02:07.657057+00:00,2026-06-30T06:02:07.656057,2,2,121.25,0.1,121.2,3,120.8,250,,,,,,,,,,,,,,,,,121.3,200,121.6,1,,,,,,,,,,,,,,,,
2026-06-29T20:02:08.288037+00:00,2026-06-30T06:02:08.285484,1,1,121.05,0.5,120.8,250,,,,,,,,,,,,,,,,,,,121.3,200,,,,,,,,,,,,,,,,,,
2026-06-29T20:02:08.668267+00:00,2026-06-30T06:02:08.664706,1,1,121.05,0.5,120.8,100,,,,,,,,,,,,,,,,,,,121.3,100,,,,,,,,,,,,,,,,,,
2026-06-29T20:02:08.723132+00:00,2026-06-30T06:02:08.718132,2,1,121.1,0.4,120.9,150,120.8,100,,,,,,,,,,,,,,,,,121.3,100,,,,,,,,,,,,,,,,,,
2026-06-29T20:02:08.777511+00:00,2026-06-30T06:02:08.770465,2,2,121.1,0.4,120.9,150,120.8,100,,,,,,,,,,,,,,,,,121.3,100,121.4,150,,,,,,,,,,,,,,,,
2026-06-29T20:02:09.887846+00:00,2026-06-30T06:02:09.882804,1,1,121.15,0.5,120.9,150,,,,,,,,,,,,,,,,,,,121.4,150,,,,,,,,,,,,,,,,,,
2026-06-29T20:02:09.942177+00:00,2026-06-30T06:02:09.936113,1,1,121.15,0.5,120.9,250,,,,,,,,,,,,,,,,,,,121.4,150,,,,,,,,,,,,,,,,,,
2026-06-29T20:02:09.997500+00:00,2026-06-30T06:02:09.989500,1,1,121.15,0.5,120.9,250,,,,,,,,,,,,,,,,,,,121.4,250,,,,,,,,,,,,,,,,,,
2026-06-29T20:02:11.837503+00:00,2026-06-30T06:02:11.827493,1,1,121.15,0.5,120.9,100,,,,,,,,,,,,,,,,,,,121.4,100,,,,,,,,,,,,,,,,,,
2026-06-29T20:02:11.891908+00:00,2026-06-30T06:02:11.889908,2,1,121.2,0.4,121.0,150,120.9,100,,,,,,,,,,,,,,,,,121.4,100,,,,,,,,,,,,,,,,,,
2026-06-29T20:02:11.947217+00:00,2026-06-30T06:02:11.942217,2,2,121.2,0.4,121.0,150,120.9,100,,,,,,,,,,,,,,,,,121.4,100,121.5,150,,,,,,,,,,,,,,,,
2026-06-29T20:02:12.651963+00:00,2026-06-30T06:02:12.648955,2,2,121.2,0.4,121.0,150,120.9,100,,,,,,,,,,,,,,,,,121.4,56,121.5,150,,,,,,,,,,,,,,,,
2026-06-29T20:02:13.053165+00:00,2026-06-30T06:02:13.044103,1,1,121.25,0.5,121.0,150,,,,,,,,,,,,,,,,,,,121.5,150,,,,,,,,,,,,,,,,,,
2026-06-29T20:02:13.108045+00:00,2026-06-30T06:02:13.099485,2,1,121.35,0.3,121.2,100,121.0,150,,,,,,,,,,,,,,,,,121.5,150,,,,,,,,,,,,,,,,,,
2026-06-29T20:02:13.162906+00:00,2026-06-30T06:02:13.156843,3,3,121.3,0.2,121.2,100,121.1,50,121.0,150,,,,,,,,,,,,,,,121.4,50,121.5,150,121.7,100,,,,,,,,,,,,,,
2026-06-29T20:02:13.185032+00:00,2026-06-30T06:02:13.180032,3,3,121.3,0.2,121.2,100,121.1,33,121.0,150,,,,,,,,,,,,,,,121.4,50,121.5,150,121.7,100,,,,,,,,,,,,,,
2026-06-29T20:02:13.196094+00:00,2026-06-30T06:02:13.185228,3,3,121.3,0.2,121.2,100,121.1,33,121.0,150,,,,,,,,,,,,,,,121.4,47,121.5,150,121.7,100,,,,,,,,,,,,,,
2026-06-29T20:02:13.249001+00:00,2026-06-30T06:02:13.246442,3,3,121.3,0.2,121.2,100,121.1,13,121.0,150,,,,,,,,,,,,,,,121.4,47,121.5,150,121.7,100,,,,,,,,,,,,,,
2026-06-29T20:02:13.260083+00:00,2026-06-30T06:02:13.257011,3,3,121.3,0.2,121.2,100,121.1,13,121.0,150,,,,,,,,,,,,,,,121.4,3,121.5,150,121.7,100,,,,,,,,,,,,,,
2026-06-29T20:02:13.271148+00:00,2026-06-30T06:02:13.267138,3,3,121.3,0.2,121.2,100,121.1,13,121.0,150,,,,,,,,,,,,,,,121.4,15,121.5,150,121.7,100,,,,,,,,,,,,,,
2026-06-29T20:02:13.369820+00:00,2026-06-30T06:02:13.361758,3,3,121.3,0.2,121.2,100,121.1,13,121.0,150,,,,,,,,,,,,,,,121.4,7,121.5,150,121.7,100,,,,,,,,,,,,,,
2026-06-29T20:02:14.766411+00:00,2026-06-30T06:02:14.756328,3,3,121.3,0.2,121.2,55,121.1,13,121.0,150,,,,,,,,,,,,,,,121.4,7,121.5,150,121.7,100,,,,,,,,,,,,,,
2026-06-29T20:02:15.005188+00:00,2026-06-30T06:02:14.998188,2,1,121.45,0.5,121.2,55,121.1,13,,,,,,,,,,,,,,,,,121.7,100,,,,,,,,,,,,,,,,,,
2026-06-29T20:02:15.059089+00:00,2026-06-30T06:02:15.050530,2,1,121.45,0.5,121.2,55,121.1,163,,,,,,,,,,,,,,,,,121.7,100,,,,,,,,,,,,,,,,,,
2026-06-29T20:02:15.114443+00:00,2026-06-30T06:02:15.104381,2,2,121.4,0.4,121.2,55,121.1,163,,,,,,,,,,,,,,,,,121.6,150,121.7,100,,,,,,,,,,,,,,,,
2026-06-29T20:02:15.202026+00:00,2026-06-30T06:02:15.201026,2,2,121.4,0.4,121.2,55,121.1,155,,,,,,,,,,,,,,,,,121.6,150,121.7,100,,,,,,,,,,,,,,,,
2026-06-29T20:02:15.299690+00:00,2026-06-30T06:02:15.289628,2,2,121.4,0.4,121.2,55,121.1,155,,,,,,,,,,,,,,,,,121.6,103,121.7,100,,,,,,,,,,,,,,,,
2026-06-29T20:02:15.355045+00:00,2026-06-30T06:02:15.343965,2,2,121.4,0.4,121.2,12,121.1,155,,,,,,,,,,,,,,,,,121.6,103,121.7,100,,,,,,,,,,,,,,,,
2026-06-29T20:02:16.214446+00:00,2026-06-30T06:02:16.208446,1,1,121.35,0.5,121.1,155,,,,,,,,,,,,,,,,,,,121.6,103,,,,,,,,,,,,,,,,,,
2026-06-29T20:02:16.268324+00:00,2026-06-30T06:02:16.260765,2,1,121.35,0.5,121.1,155,120.8,100,,,,,,,,,,,,,,,,,121.6,103,,,,,,,,,,,,,,,,,,
2026-06-29T20:02:16.323199+00:00,2026-06-30T06:02:16.313136,2,2,121.2,0.2,121.1,155,120.8,100,,,,,,,,,,,,,,,,,121.3,100,121.6,103,,,,,,,,,,,,,,,,
2026-06-29T20:02:17.157339+00:00,2026-06-30T06:02:17.154293,2,2,121.2,0.2,121.1,105,120.8,100,,,,,,,,,,,,,,,,,121.3,100,121.6,103,,,,,,,,,,,,,,,,
2026-06-29T20:02:18.168794+00:00,2026-06-30T06:02:18.159213,1,1,121.05,0.5,120.8,100,,,,,,,,,,,,,,,,,,,121.3,100,,,,,,,,,,,,,,,,,,
2026-06-29T20:02:18.224122+00:00,2026-06-30T06:02:18.214051,2,0,,,121.4,50,120.8,100,,,,,,,,,,,,,,,,,,,,,,,,,,,,,,,,,,,,
2026-06-29T20:02:18.267419+00:00,2026-06-30T06:02:18.266372,2,1,121.65,0.5,121.4,50,120.8,100,,,,,,,,,,,,,,,,,121.9,150,,,,,,,,,,,,,,,,,,
2026-06-29T20:02:18.299653+00:00,2026-06-30T06:02:18.295591,2,1,121.65,0.5,121.4,1,120.8,100,,,,,,,,,,,,,,,,,121.9,150,,,,,,,,,,,,,,,,,,
2026-06-29T20:02:18.354958+00:00,2026-06-30T06:02:18.345895,3,1,121.65,0.5,121.4,1,121.1,6,120.8,100,,,,,,,,,,,,,,,121.9,150,,,,,,,,,,,,,,,,,,
2026-06-29T20:02:19.267459+00:00,2026-06-30T06:02:19.264468,1,1,121.35,1.1,120.8,57,,,,,,,,,,,,,,,,,,,121.9,150,,,,,,,,,,,,,,,,,,
2026-06-29T20:02:19.288175+00:00,2026-06-30T06:02:19.286615,2,1,121.5,0.8,121.1,6,120.8,57,,,,,,,,,,,,,,,,,121.9,150,,,,,,,,,,,,,,,,,,
2026-06-29T20:02:19.376212+00:00,2026-06-30T06:02:19.367202,1,1,121.5,0.8,121.1,6,,,,,,,,,,,,,,,,,,,121.9,150,,,,,,,,,,,,,,,,,,
2026-06-29T20:02:19.429651+00:00,2026-06-30T06:02:19.419575,1,1,121.5,0.8,121.1,106,,,,,,,,,,,,,,,,,,,121.9,150,,,,,,,,,,,,,,,,,,
2026-06-29T20:02:19.473894+00:00,2026-06-30T06:02:19.471894,1,2,121.35,0.5,121.1,106,,,,,,,,,,,,,,,,,,,121.6,100,121.9,150,,,,,,,,,,,,,,,,
2026-06-29T20:02:20.377486+00:00,2026-06-30T06:02:20.366423,1,2,121.35,0.5,121.1,106,,,,,,,,,,,,,,,,,,,121.6,58,121.9,150,,,,,,,,,,,,,,,,
2026-06-29T20:02:21.324414+00:00,2026-06-30T06:02:21.321414,1,1,121.35,0.5,121.1,106,,,,,,,,,,,,,,,,,,,121.6,58,,,,,,,,,,,,,,,,,,
2026-06-29T20:02:21.378276+00:00,2026-06-30T06:02:21.375716,2,1,121.35,0.5,121.1,56,120.7,150,,,,,,,,,,,,,,,,,121.6,58,,,,,,,,,,,,,,,,,,
2026-06-29T20:02:21.433139+00:00,2026-06-30T06:02:21.429139,2,2,121.15,0.1,121.1,56,120.7,150,,,,,,,,,,,,,,,,,121.2,150,121.6,58,,,,,,,,,,,,,,,,
2026-06-29T20:02:21.508712+00:00,2026-06-30T06:02:21.504151,2,2,121.15,0.1,121.1,62,120.7,150,,,,,,,,,,,,,,,,,121.2,150,121.6,58,,,,,,,,,,,,,,,,
2026-06-29T20:02:22.468487+00:00,2026-06-30T06:02:22.464927,2,2,121.15,0.1,121.1,62,120.7,150,,,,,,,,,,,,,,,,,121.2,102,121.6,58,,,,,,,,,,,,,,,,
2026-06-29T20:02:22.534428+00:00,2026-06-30T06:02:22.526365,2,1,121.15,0.1,121.1,6,120.7,150,,,,,,,,,,,,,,,,,121.2,102,,,,,,,,,,,,,,,,,,
2026-06-29T20:02:22.588298+00:00,2026-06-30T06:02:22.584738,2,1,121.15,0.1,121.1,6,120.7,150,,,,,,,,,,,,,,,,,121.2,2,,,,,,,,,,,,,,,,,,
2026-06-29T20:02:22.609959+00:00,2026-06-30T06:02:22.599032,2,0,,,121.1,6,120.7,150,,,,,,,,,,,,,,,,,,,,,,,,,,,,,,,,,,,,
2026-06-29T20:02:22.643144+00:00,2026-06-30T06:02:22.637134,2,1,121.45,0.7,121.1,6,120.7,150,,,,,,,,,,,,,,,,,121.8,100,,,,,,,,,,,,,,,,,,
2026-06-29T20:02:23.481807+00:00,2026-06-30T06:02:23.480806,1,1,121.25,1.1,120.7,106,,,,,,,,,,,,,,,,,,,121.8,100,,,,,,,,,,,,,,,,,,
2026-06-29T20:02:23.514992+00:00,2026-06-30T06:02:23.506920,2,1,121.45,0.7,121.1,6,120.7,106,,,,,,,,,,,,,,,,,121.8,100,,,,,,,,,,,,,,,,,,
2026-06-29T20:02:24.486004+00:00,2026-06-30T06:02:24.483004,1,1,121.45,0.7,121.1,6,,,,,,,,,,,,,,,,,,,121.8,100,,,,,,,,,,,,,,,,,,
2026-06-29T20:02:24.538905+00:00,2026-06-30T06:02:24.536346,2,1,121.6,0.4,121.4,150,121.1,6,,,,,,,,,,,,,,,,,121.8,100,,,,,,,,,,,,,,,,,,
2026-06-29T20:02:24.605328+00:00,2026-06-30T06:02:24.604327,2,2,121.6,0.4,121.4,150,121.1,6,,,,,,,,,,,,,,,,,121.8,100,121.9,150,,,,,,,,,,,,,,,,
2026-06-29T20:02:25.591989+00:00,2026-06-30T06:02:25.588980,2,2,121.6,0.4,121.4,100,121.1,6,,,,,,,,,,,,,,,,,121.8,100,121.9,150,,,,,,,,,,,,,,,,
2026-06-29T20:02:25.699751+00:00,2026-06-30T06:02:25.689688,2,1,121.65,0.5,121.4,100,121.1,6,,,,,,,,,,,,,,,,,121.9,150,,,,,,,,,,,,,,,,,,
2026-06-29T20:02:25.755084+00:00,2026-06-30T06:02:25.749084,3,1,121.65,0.5,121.4,100,121.1,6,120.8,100,,,,,,,,,,,,,,,121.9,150,,,,,,,,,,,,,,,,,,
2026-06-29T20:02:25.819084+00:00,2026-06-30T06:02:25.808742,2,1,121.5,0.8,121.1,6,120.8,100,,,,,,,,,,,,,,,,,121.9,150,,,,,,,,,,,,,,,,,,
2026-06-29T20:02:27.661748+00:00,2026-06-30T06:02:27.653684,2,0,,,121.1,6,120.8,100,,,,,,,,,,,,,,,,,,,,,,,,,,,,,,,,,,,,
2026-06-29T20:02:27.717064+00:00,2026-06-30T06:02:27.708054,3,0,,,121.1,6,120.8,100,120.7,150,,,,,,,,,,,,,,,,,,,,,,,,,,,,,,,,,,
2026-06-29T20:02:27.770019+00:00,2026-06-30T06:02:27.760957,3,1,121.15,0.1,121.1,6,120.8,100,120.7,150,,,,,,,,,,,,,,,121.2,150,,,,,,,,,,,,,,,,,,
2026-06-29T20:02:28.065911+00:00,2026-06-30T06:02:28.054848,3,1,121.15,0.1,121.1,6,120.8,100,120.7,150,,,,,,,,,,,,,,,121.2,105,,,,,,,,,,,,,,,,,,
2026-06-29T20:02:28.870836+00:00,2026-06-30T06:02:28.860775,2,1,121.15,0.1,121.1,6,120.7,150,,,,,,,,,,,,,,,,,121.2,105,,,,,,,,,,,,,,,,,,
2026-06-29T20:02:28.926161+00:00,2026-06-30T06:02:28.915099,2,1,121.15,0.1,121.1,6,120.7,150,,,,,,,,,,,,,,,,,121.2,5,,,,,,,,,,,,,,,,,,
2026-06-29T20:02:28.969025+00:00,2026-06-30T06:02:28.967465,2,2,121.15,0.1,121.1,6,120.7,150,,,,,,,,,,,,,,,,,121.2,5,121.7,100,,,,,,,,,,,,,,,,
2026-06-29T20:02:29.755176+00:00,2026-06-30T06:02:29.750176,2,1,121.4,0.6,121.1,6,120.7,150,,,,,,,,,,,,,,,,,121.7,55,,,,,,,,,,,,,,,,,,
2026-06-29T20:02:30.817554+00:00,2026-06-30T06:02:30.814528,1,1,121.4,0.6,121.1,6,,,,,,,,,,,,,,,,,,,121.7,55,,,,,,,,,,,,,,,,,,
2026-06-29T20:02:30.870955+00:00,2026-06-30T06:02:30.868956,2,1,121.4,0.6,121.1,6,120.9,150,,,,,,,,,,,,,,,,,121.7,55,,,,,,,,,,,,,,,,,,
2026-06-29T20:02:30.926258+00:00,2026-06-30T06:02:30.922258,2,2,121.25,0.3,121.1,6,120.9,150,,,,,,,,,,,,,,,,,121.4,150,121.7,55,,,,,,,,,,,,,,,,
2026-06-29T20:02:31.165560+00:00,2026-06-30T06:02:31.156512,1,2,121.15,0.5,120.9,109,,,,,,,,,,,,,,,,,,,121.4,150,121.7,55,,,,,,,,,,,,,,,,
2026-06-29T20:02:31.875345+00:00,2026-06-30T06:02:31.865258,1,2,121.15,0.5,120.9,109,,,,,,,,,,,,,,,,,,,121.4,100,121.7,55,,,,,,,,,,,,,,,,
2026-06-29T20:02:32.028428+00:00,2026-06-30T06:02:32.023869,1,1,121.15,0.5,120.9,109,,,,,,,,,,,,,,,,,,,121.4,100,,,,,,,,,,,,,,,,,,
2026-06-29T20:02:32.082757+00:00,2026-06-30T06:02:32.077720,2,1,121.3,0.2,121.2,100,120.9,109,,,,,,,,,,,,,,,,,121.4,100,,,,,,,,,,,,,,,,,,
2026-06-29T20:02:32.093832+00:00,2026-06-30T06:02:32.090832,3,1,121.3,0.2,121.2,100,121.1,7,120.9,109,,,,,,,,,,,,,,,121.4,100,,,,,,,,,,,,,,,,,,
2026-06-29T20:02:32.137645+00:00,2026-06-30T06:02:32.128075,3,2,121.3,0.2,121.2,100,121.1,7,120.9,109,,,,,,,,,,,,,,,121.4,100,121.7,100,,,,,,,,,,,,,,,,
2026-06-29T20:02:33.072281+00:00,2026-06-30T06:02:33.070281,3,2,121.3,0.2,121.2,100,121.1,6,120.9,109,,,,,,,,,,,,,,,121.4,100,121.7,100,,,,,,,,,,,,,,,,
2026-06-29T20:02:33.148801+00:00,2026-06-30T06:02:33.141242,3,2,121.3,0.2,121.2,100,121.1,6,120.9,109,,,,,,,,,,,,,,,121.4,101,121.7,100,,,,,,,,,,,,,,,,
2026-06-29T20:02:33.974354+00:00,2026-06-30T06:02:33.967344,3,2,121.3,0.2,121.2,100,121.1,6,120.9,109,,,,,,,,,,,,,,,121.4,51,121.7,100,,,,,,,,,,,,,,,,
2026-06-29T20:02:33.985418+00:00,2026-06-30T06:02:33.979418,2,2,121.3,0.2,121.2,100,121.1,6,,,,,,,,,,,,,,,,,121.4,1,121.7,100,,,,,,,,,,,,,,,,
2026-06-29T20:02:34.038856+00:00,2026-06-30T06:02:34.033286,3,1,121.6,0.2,121.5,150,121.2,100,121.1,6,,,,,,,,,,,,,,,121.7,100,,,,,,,,,,,,,,,,,,
2026-06-29T20:02:34.094187+00:00,2026-06-30T06:02:34.086125,3,2,121.6,0.2,121.5,150,121.2,100,121.1,6,,,,,,,,,,,,,,,121.7,100,122.0,150,,,,,,,,,,,,,,,,
2026-06-29T20:02:34.169748+00:00,2026-06-30T06:02:34.163651,3,2,121.6,0.2,121.5,150,121.2,100,121.1,3,,,,,,,,,,,,,,,121.7,100,122.0,150,,,,,,,,,,,,,,,,
2026-06-29T20:02:35.192171+00:00,2026-06-30T06:02:35.183108,2,1,121.75,0.5,121.5,150,121.1,3,,,,,,,,,,,,,,,,,122.0,150,,,,,,,,,,,,,,,,,,
2026-06-29T20:02:35.236418+00:00,2026-06-30T06:02:35.235418,3,1,121.75,0.5,121.5,150,121.2,100,121.1,3,,,,,,,,,,,,,,,122.0,150,,,,,,,,,,,,,,,,,,
2026-06-29T20:02:35.289823+00:00,2026-06-30T06:02:35.287812,3,2,121.6,0.2,121.5,150,121.2,100,121.1,3,,,,,,,,,,,,,,,121.7,100,122.0,150,,,,,,,,,,,,,,,,
2026-06-29T20:02:36.085990+00:00,2026-06-30T06:02:36.076937,3,2,121.6,0.2,121.5,150,121.2,100,121.1,3,,,,,,,,,,,,,,,121.7,50,122.0,150,,,,,,,,,,,,,,,,
2026-06-29T20:02:37.145347+00:00,2026-06-30T06:02:37.141348,2,1,121.45,0.5,121.2,100,121.1,3,,,,,,,,,,,,,,,,,121.7,50,,,,,,,,,,,,,,,,,,
2026-06-29T20:02:37.197684+00:00,2026-06-30T06:02:37.190659,2,1,121.45,0.5,121.2,56,121.1,3,,,,,,,,,,,,,,,,,121.7,50,,,,,,,,,,,,,,,,,,
2026-06-29T20:02:37.208256+00:00,2026-06-30T06:02:37.204710,3,0,,,121.7,100,121.2,56,121.1,3,,,,,,,,,,,,,,,,,,,,,,,,,,,,,,,,,,
2026-06-29T20:02:37.263053+00:00,2026-06-30T06:02:37.255977,3,1,121.95,0.5,121.7,100,121.2,56,121.1,3,,,,,,,,,,,,,,,122.2,150,,,,,,,,,,,,,,,,,,
2026-06-29T20:02:38.039147+00:00,2026-06-30T06:02:38.034014,3,1,121.95,0.5,121.7,98,121.2,56,121.1,3,,,,,,,,,,,,,,,122.2,150,,,,,,,,,,,,,,,,,,
2026-06-29T20:02:38.105476+00:00,2026-06-30T06:02:38.098476,2,1,121.95,0.5,121.7,98,121.2,56,,,,,,,,,,,,,,,,,122.2,150,,,,,,,,,,,,,,,,,,
2026-06-29T20:02:38.191115+00:00,2026-06-30T06:02:38.184887,2,1,121.95,0.5,121.7,98,121.2,56,,,,,,,,,,,,,,,,,122.2,100,,,,,,,,,,,,,,,,,,
2026-06-29T20:02:38.344964+00:00,2026-06-30T06:02:38.340965,1,1,121.95,0.5,121.7,98,,,,,,,,,,,,,,,,,,,122.2,100,,,,,,,,,,,,,,,,,,
2026-06-29T20:02:38.397837+00:00,2026-06-30T06:02:38.396272,2,1,121.95,0.5,121.7,98,121.3,100,,,,,,,,,,,,,,,,,122.2,100,,,,,,,,,,,,,,,,,,
2026-06-29T20:02:38.452193+00:00,2026-06-30T06:02:38.450193,2,2,121.75,0.1,121.7,98,121.3,100,,,,,,,,,,,,,,,,,121.8,100,122.2,100,,,,,,,,,,,,,,,,
2026-06-29T20:02:39.202012+00:00,2026-06-30T06:02:39.200012,2,2,121.75,0.1,121.7,98,121.3,103,,,,,,,,,,,,,,,,,121.8,100,122.2,100,,,,,,,,,,,,,,,,
2026-06-29T20:02:39.213075+00:00,2026-06-30T06:02:39.203012,2,2,121.75,0.1,121.7,95,121.3,103,,,,,,,,,,,,,,,,,121.8,100,122.2,100,,,,,,,,,,,,,,,,
2026-06-29T20:02:39.778598+00:00,2026-06-30T06:02:39.775028,2,2,121.75,0.1,121.7,95,121.3,102,,,,,,,,,,,,,,,,,121.8,100,122.2,100,,,,,,,,,,,,,,,,
2026-06-29T20:02:40.051771+00:00,2026-06-30T06:02:40.049771,2,2,121.75,0.1,121.7,92,121.3,102,,,,,,,,,,,,,,,,,121.8,100,122.2,100,,,,,,,,,,,,,,,,
2026-06-29T20:02:40.215346+00:00,2026-06-30T06:02:40.206283,2,2,121.75,0.1,121.7,89,121.3,102,,,,,,,,,,,,,,,,,121.8,100,122.2,100,,,,,,,,,,,,,,,,
2026-06-29T20:02:40.258149+00:00,2026-06-30T06:02:40.247717,2,2,121.75,0.1,121.7,86,121.3,102,,,,,,,,,,,,,,,,,121.8,100,122.2,100,,,,,,,,,,,,,,,,
2026-06-29T20:02:40.301927+00:00,2026-06-30T06:02:40.295864,2,2,121.75,0.1,121.7,83,121.3,102,,,,,,,,,,,,,,,,,121.8,50,122.2,100,,,,,,,,,,,,,,,,
2026-06-29T20:02:40.312989+00:00,2026-06-30T06:02:40.308989,1,1,121.55,0.5,121.3,102,,,,,,,,,,,,,,,,,,,121.8,50,,,,,,,,,,,,,,,,,,
2026-06-29T20:02:40.367903+00:00,2026-06-30T06:02:40.362344,2,1,121.55,0.5,121.3,102,121.2,150,,,,,,,,,,,,,,,,,121.8,50,,,,,,,,,,,,,,,,,,
2026-06-29T20:02:40.422285+00:00,2026-06-30T06:02:40.414222,2,2,121.5,0.4,121.3,102,121.2,150,,,,,,,,,,,,,,,,,121.7,150,121.8,50,,,,,,,,,,,,,,,,
2026-06-29T20:02:40.681993+00:00,2026-06-30T06:02:40.677982,2,3,121.45,0.3,121.3,102,121.2,150,,,,,,,,,,,,,,,,,121.6,3,121.7,150,121.8,50,,,,,,,,,,,,,,
2026-06-29T20:02:41.171214+00:00,2026-06-30T06:02:41.164150,2,3,121.45,0.3,121.3,53,121.2,150,,,,,,,,,,,,,,,,,121.6,3,121.7,150,121.8,50,,,,,,,,,,,,,,
2026-06-29T20:02:41.508412+00:00,2026-06-30T06:02:41.505851,2,2,121.45,0.3,121.3,2,121.2,150,,,,,,,,,,,,,,,,,121.6,3,121.7,150,,,,,,,,,,,,,,,,
2026-06-29T20:02:41.563295+00:00,2026-06-30T06:02:41.558294,3,2,121.45,0.3,121.3,2,121.2,150,121.1,100,,,,,,,,,,,,,,,121.6,3,121.7,150,,,,,,,,,,,,,,,,
2026-06-29T20:02:41.617665+00:00,2026-06-30T06:02:41.609619,3,2,121.45,0.3,121.3,2,121.2,150,121.1,100,,,,,,,,,,,,,,,121.6,103,121.7,150,,,,,,,,,,,,,,,,
2026-06-29T20:02:42.425010+00:00,2026-06-30T06:02:42.414947,3,2,121.45,0.3,121.3,2,121.2,150,121.1,100,,,,,,,,,,,,,,,121.6,53,121.7,150,,,,,,,,,,,,,,,,
2026-06-29T20:02:43.469688+00:00,2026-06-30T06:02:43.469688,2,1,121.45,0.3,121.3,2,121.1,100,,,,,,,,,,,,,,,,,121.6,53,,,,,,,,,,,,,,,,,,
2026-06-29T20:02:43.525026+00:00,2026-06-30T06:02:43.522026,3,1,121.45,0.3,121.3,2,121.2,150,121.1,100,,,,,,,,,,,,,,,121.6,53,,,,,,,,,,,,,,,,,,
2026-06-29T20:02:43.578442+00:00,2026-06-30T06:02:43.574875,3,2,121.45,0.3,121.3,2,121.2,150,121.1,100,,,,,,,,,,,,,,,121.6,53,121.7,150,,,,,,,,,,,,,,,,
2026-06-29T20:02:44.112180+00:00,2026-06-30T06:02:44.101117,3,2,121.45,0.3,121.3,1,121.2,150,121.1,100,,,,,,,,,,,,,,,121.6,53,121.7,150,,,,,,,,,,,,,,,,
2026-06-29T20:02:44.208831+00:00,2026-06-30T06:02:44.207272,2,2,121.4,0.4,121.2,150,121.1,100,,,,,,,,,,,,,,,,,121.6,53,121.7,150,,,,,,,,,,,,,,,,
2026-06-29T20:02:44.534951+00:00,2026-06-30T06:02:44.526888,2,2,121.4,0.4,121.2,150,121.1,100,,,,,,,,,,,,,,,,,121.6,3,121.7,150,,,,,,,,,,,,,,,,
2026-06-29T20:02:44.666367+00:00,2026-06-30T06:02:44.664368,1,1,121.45,0.5,121.2,150,,,,,,,,,,,,,,,,,,,121.7,150,,,,,,,,,,,,,,,,,,
2026-06-29T20:02:44.718757+00:00,2026-06-30T06:02:44.717197,2,1,121.6,0.2,121.5,100,121.2,150,,,,,,,,,,,,,,,,,121.7,150,,,,,,,,,,,,,,,,,,
2026-06-29T20:02:44.774105+00:00,2026-06-30T06:02:44.768105,2,2,121.6,0.2,121.5,100,121.2,150,,,,,,,,,,,,,,,,,121.7,150,122.0,100,,,,,,,,,,,,,,,,
2026-06-29T20:02:45.221173+00:00,2026-06-30T06:02:45.211110,2,3,121.55,0.1,121.5,100,121.2,150,,,,,,,,,,,,,,,,,121.6,5,121.7,150,122.0,100,,,,,,,,,,,,,,
2026-06-29T20:02:45.329934+00:00,2026-06-30T06:02:45.320863,2,2,121.6,0.2,121.5,100,121.2,150,,,,,,,,,,,,,,,,,121.7,107,122.0,100,,,,,,,,,,,,,,,,
2026-06-29T20:02:46.006399+00:00,2026-06-30T06:02:46.001399,2,2,121.6,0.2,121.5,100,121.2,150,,,,,,,,,,,,,,,,,121.7,112,122.0,100,,,,,,,,,,,,,,,,
2026-06-29T20:02:46.368416+00:00,2026-06-30T06:02:46.365857,2,2,121.6,0.2,121.5,100,121.2,150,,,,,,,,,,,,,,,,,121.7,66,122.0,100,,,,,,,,,,,,,,,,
2026-06-29T20:02:46.630720+00:00,2026-06-30T06:02:46.629720,1,2,121.6,0.2,121.5,100,,,,,,,,,,,,,,,,,,,121.7,5,122.0,100,,,,,,,,,,,,,,,,
2026-06-29T20:02:46.641783+00:00,2026-06-30T06:02:46.635712,1,1,121.75,0.5,121.5,100,,,,,,,,,,,,,,,,,,,122.0,55,,,,,,,,,,,,,,,,,,
2026-06-29T20:02:46.686027+00:00,2026-06-30T06:02:46.682027,2,1,121.8,0.4,121.6,150,121.5,100,,,,,,,,,,,,,,,,,122.0,55,,,,,,,,,,,,,,,,,,
2026-06-29T20:02:46.750009+00:00,2026-06-30T06:02:46.742946,2,2,121.8,0.4,121.6,150,121.5,100,,,,,,,,,,,,,,,,,122.0,55,122.1,150,,,,,,,,,,,,,,,,
2026-06-29T20:02:47.119046+00:00,2026-06-30T06:02:47.111466,2,3,121.65,0.1,121.6,150,121.5,100,,,,,,,,,,,,,,,,,121.7,5,122.0,55,122.1,150,,,,,,,,,,,,,,
2026-06-29T20:02:47.826340+00:00,2026-06-30T06:02:47.824340,1,2,121.65,0.1,121.6,150,,,,,,,,,,,,,,,,,,,121.7,5,122.1,150,,,,,,,,,,,,,,,,
2026-06-29T20:02:47.879781+00:00,2026-06-30T06:02:47.877771,2,2,121.65,0.1,121.6,150,121.5,100,,,,,,,,,,,,,,,,,121.7,5,122.1,150,,,,,,,,,,,,,,,,
2026-06-29T20:02:47.935097+00:00,2026-06-30T06:02:47.930097,2,3,121.65,0.1,121.6,150,121.5,100,,,,,,,,,,,,,,,,,121.7,5,122.0,100,122.1,150,,,,,,,,,,,,,,
2026-06-29T20:02:48.748509+00:00,2026-06-30T06:02:48.741918,2,2,121.8,0.4,121.6,150,121.5,100,,,,,,,,,,,,,,,,,122.0,55,122.1,150,,,,,,,,,,,,,,,,
2026-06-29T20:02:49.796094+00:00,2026-06-30T06:02:49.792087,1,1,121.75,0.5,121.5,100,,,,,,,,,,,,,,,,,,,122.0,55,,,,,,,,,,,,,,,,,,
2026-06-29T20:02:49.850820+00:00,2026-06-30T06:02:49.848819,2,2,121.7,0.2,121.6,150,121.5,100,,,,,,,,,,,,,,,,,121.8,5,122.0,55,,,,,,,,,,,,,,,,
2026-06-29T20:02:49.905220+00:00,2026-06-30T06:02:49.901220,2,3,121.7,0.2,121.6,150,121.5,100,,,,,,,,,,,,,,,,,121.8,5,122.0,55,122.1,150,,,,,,,,,,,,,,
2026-06-29T20:02:50.850753+00:00,2026-06-30T06:02:50.849752,2,2,121.8,0.4,121.6,150,121.5,100,,,,,,,,,,,,,,,,,122.0,10,122.1,150,,,,,,,,,,,,,,,,
2026-06-29T20:02:50.992305+00:00,2026-06-30T06:02:50.987295,1,1,121.85,0.5,121.6,150,,,,,,,,,,,,,,,,,,,122.1,150,,,,,,,,,,,,,,,,,,
2026-06-29T20:02:51.047610+00:00,2026-06-30T06:02:51.039611,2,1,122.0,0.2,121.9,100,121.6,150,,,,,,,,,,,,,,,,,122.1,150,,,,,,,,,,,,,,,,,,
2026-06-29T20:02:51.102017+00:00,2026-06-30T06:02:51.092955,2,2,122.0,0.2,121.9,100,121.6,150,,,,,,,,,,,,,,,,,122.1,150,122.4,100,,,,,,,,,,,,,,,,
2026-06-29T20:02:51.255021+00:00,2026-06-30T06:02:51.245945,2,2,122.0,0.2,121.9,95,121.6,150,,,,,,,,,,,,,,,,,122.1,150,122.4,100,,,,,,,,,,,,,,,,
2026-06-29T20:02:51.384929+00:00,2026-06-30T06:02:51.374866,2,2,122.0,0.2,121.9,90,121.6,150,,,,,,,,,,,,,,,,,122.1,150,122.4,100,,,,,,,,,,,,,,,,
2026-06-29T20:02:51.438829+00:00,2026-06-30T06:02:51.430271,3,2,122.0,0.2,121.9,85,121.6,150,121.5,1,,,,,,,,,,,,,,,122.1,150,122.4,100,,,,,,,,,,,,,,,,
2026-06-29T20:02:51.952290+00:00,2026-06-30T06:02:51.946227,3,2,122.0,0.2,121.9,60,121.6,150,121.5,1,,,,,,,,,,,,,,,122.1,150,122.4,100,,,,,,,,,,,,,,,,
2026-06-29T20:02:51.963353+00:00,2026-06-30T06:02:51.958353,3,2,122.0,0.2,121.9,13,121.6,150,121.5,1,,,,,,,,,,,,,,,122.1,150,122.4,100,,,,,,,,,,,,,,,,
2026-06-29T20:02:52.072053+00:00,2026-06-30T06:02:52.066990,2,2,121.85,0.5,121.6,150,121.5,1,,,,,,,,,,,,,,,,,122.1,150,122.4,100,,,,,,,,,,,,,,,,
2026-06-29T20:02:52.236097+00:00,2026-06-30T06:02:52.229097,2,3,121.75,0.3,121.6,150,121.5,1,,,,,,,,,,,,,,,,,121.9,5,122.1,150,122.4,100,,,,,,,,,,,,,,
2026-06-29T20:02:52.923367+00:00,2026-06-30T06:02:52.912420,2,3,121.75,0.3,121.6,105,121.5,1,,,,,,,,,,,,,,,,,121.9,5,122.1,150,122.4,100,,,,,,,,,,,,,,
2026-06-29T20:02:52.967630+00:00,2026-06-30T06:02:52.963630,1,1,121.95,0.9,121.5,1,,,,,,,,,,,,,,,,,,,122.4,100,,,,,,,,,,,,,,,,,,
2026-06-29T20:02:53.022040+00:00,2026-06-30T06:02:53.016978,2,1,121.95,0.9,121.5,1,121.4,150,,,,,,,,,,,,,,,,,122.4,100,,,,,,,,,,,,,,,,,,
2026-06-29T20:02:53.077365+00:00,2026-06-30T06:02:53.070365,2,2,121.7,0.4,121.5,1,121.4,150,,,,,,,,,,,,,,,,,121.9,150,122.4,100,,,,,,,,,,,,,,,,
2026-06-29T20:02:54.020703+00:00,2026-06-30T06:02:54.013641,2,2,121.7,0.4,121.5,1,121.4,150,,,,,,,,,,,,,,,,,121.9,109,122.4,100,,,,,,,,,,,,,,,,
2026-06-29T20:02:54.151120+00:00,2026-06-30T06:02:54.147110,2,1,121.7,0.4,121.5,1,121.4,150,,,,,,,,,,,,,,,,,121.9,109,,,,,,,,,,,,,,,,,,
2026-06-29T20:02:54.206440+00:00,2026-06-30T06:02:54.200440,3,1,121.75,0.3,121.6,100,121.5,1,121.4,150,,,,,,,,,,,,,,,121.9,109,,,,,,,,,,,,,,,,,,
2026-06-29T20:02:54.281989+00:00,2026-06-30T06:02:54.272926,3,2,121.75,0.3,121.6,100,121.5,1,121.4,150,,,,,,,,,,,,,,,121.9,109,122.1,100,,,,,,,,,,,,,,,,
2026-06-29T20:02:54.575424+00:00,2026-06-30T06:02:54.572434,3,2,121.75,0.3,121.6,100,121.5,1,121.4,150,,,,,,,,,,,,,,,121.9,68,122.1,100,,,,,,,,,,,,,,,,
2026-06-29T20:02:55.076408+00:00,2026-06-30T06:02:55.066347,3,2,121.75,0.3,121.6,100,121.5,1,121.4,150,,,,,,,,,,,,,,,121.9,18,122.1,100,,,,,,,,,,,,,,,,
2026-06-29T20:02:55.087471+00:00,2026-06-30T06:02:55.081462,3,2,121.75,0.3,121.6,58,121.5,1,121.4,150,,,,,,,,,,,,,,,121.9,18,122.1,100,,,,,,,,,,,,,,,,
2026-06-29T20:02:55.434377+00:00,2026-06-30T06:02:55.426315,3,2,121.75,0.3,121.6,58,121.5,1,121.4,150,,,,,,,,,,,,,,,121.9,20,122.1,100,,,,,,,,,,,,,,,,
2026-06-29T20:02:55.978515+00:00,2026-06-30T06:02:55.971955,3,2,121.75,0.3,121.6,18,121.5,1,121.4,150,,,,,,,,,,,,,,,121.9,20,122.1,100,,,,,,,,,,,,,,,,
2026-06-29T20:02:56.132082+00:00,2026-06-30T06:02:56.127012,2,2,121.75,0.3,121.6,18,121.5,1,,,,,,,,,,,,,,,,,121.9,2,122.1,100,,,,,,,,,,,,,,,,
2026-06-29T20:02:56.187406+00:00,2026-06-30T06:02:56.182406,3,0,,,122.2,48,121.6,18,121.5,1,,,,,,,,,,,,,,,,,,,,,,,,,,,,,,,,,,
2026-06-29T20:02:56.240924+00:00,2026-06-30T06:02:56.234861,3,1,122.45,0.5,122.2,48,121.6,18,121.5,1,,,,,,,,,,,,,,,122.7,150,,,,,,,,,,,,,,,,,,
2026-06-29T20:02:56.285170+00:00,2026-06-30T06:02:56.283170,3,1,122.45,0.5,122.2,23,121.6,18,121.5,1,,,,,,,,,,,,,,,122.7,150,,,,,,,,,,,,,,,,,,
2026-06-29T20:02:56.296234+00:00,2026-06-30T06:02:56.294235,3,1,122.45,0.5,122.2,21,121.6,18,121.5,1,,,,,,,,,,,,,,,122.7,150,,,,,,,,,,,,,,,,,,
2026-06-29T20:02:56.372762+00:00,2026-06-30T06:02:56.363702,2,1,122.15,1.1,121.6,18,121.5,1,,,,,,,,,,,,,,,,,122.7,150,,,,,,,,,,,,,,,,,,
2026-06-29T20:02:57.178149+00:00,2026-06-30T06:02:57.173564,2,1,122.15,1.1,121.6,18,121.5,1,,,,,,,,,,,,,,,,,122.7,100,,,,,,,,,,,,,,,,,,
2026-06-29T20:02:57.332412+00:00,2026-06-30T06:02:57.325412,1,1,122.1,1.2,121.5,1,,,,,,,,,,,,,,,,,,,122.7,100,,,,,,,,,,,,,,,,,,
2026-06-29T20:02:57.387086+00:00,2026-06-30T06:02:57.379086,2,1,122.2,1.0,121.7,100,121.5,1,,,,,,,,,,,,,,,,,122.7,100,,,,,,,,,,,,,,,,,,
2026-06-29T20:02:57.397682+00:00,2026-06-30T06:02:57.387255,2,2,121.8,0.2,121.7,100,121.5,1,,,,,,,,,,,,,,,,,121.9,2,122.7,100,,,,,,,,,,,,,,,,
2026-06-29T20:02:57.439984+00:00,2026-06-30T06:02:57.431877,2,3,121.8,0.2,121.7,100,121.5,1,,,,,,,,,,,,,,,,,121.9,2,122.2,100,122.7,100,,,,,,,,,,,,,,
2026-06-29T20:02:57.517365+00:00,2026-06-30T06:02:57.515365,2,3,121.8,0.2,121.7,55,121.5,1,,,,,,,,,,,,,,,,,121.9,2,122.2,100,122.7,100,,,,,,,,,,,,,,
2026-06-29T20:02:59.287343+00:00,2026-06-30T06:02:59.283316,2,2,121.95,0.5,121.7,55,121.5,1,,,,,,,,,,,,,,,,,122.2,52,122.7,100,,,,,,,,,,,,,,,,
2026-06-29T20:02:59.297940+00:00,2026-06-30T06:02:59.292381,2,1,121.95,0.5,121.7,55,121.5,1,,,,,,,,,,,,,,,,,122.2,52,,,,,,,,,,,,,,,,,,
2026-06-29T20:02:59.341236+00:00,2026-06-30T06:02:59.336173,1,1,121.95,0.5,121.7,55,,,,,,,,,,,,,,,,,,,122.2,52,,,,,,,,,,,,,,,,,,
2026-06-29T20:02:59.352298+00:00,2026-06-30T06:02:59.345235,1,1,121.95,0.5,121.7,205,,,,,,,,,,,,,,,,,,,122.2,52,,,,,,,,,,,,,,,,,,
2026-06-29T20:02:59.407651+00:00,2026-06-30T06:02:59.397639,1,1,121.95,0.5,121.7,205,,,,,,,,,,,,,,,,,,,122.2,202,,,,,,,,,,,,,,,,,,
2026-06-29T20:02:59.591948+00:00,2026-06-30T06:02:59.586884,1,1,121.95,0.5,121.7,180,,,,,,,,,,,,,,,,,,,122.2,202,,,,,,,,,,,,,,,,,,
2026-06-29T20:02:59.743983+00:00,2026-06-30T06:02:59.733062,1,1,121.95,0.5,121.7,155,,,,,,,,,,,,,,,,,,,122.2,202,,,,,,,,,,,,,,,,,,
2026-06-29T20:02:59.807972+00:00,2026-06-30T06:02:59.798385,1,1,121.95,0.5,121.7,130,,,,,,,,,,,,,,,,,,,122.2,202,,,,,,,,,,,,,,,,,,
2026-06-29T20:02:59.948951+00:00,2026-06-30T06:02:59.939386,1,1,121.95,0.5,121.7,105,,,,,,,,,,,,,,,,,,,122.2,202,,,,,,,,,,,,,,,,,,
2026-06-29T20:03:00.015387+00:00,2026-06-30T06:03:00.008387,1,1,121.95,0.5,121.7,80,,,,,,,,,,,,,,,,,,,122.2,202,,,,,,,,,,,,,,,,,,
2026-06-29T20:03:00.157350+00:00,2026-06-30T06:03:00.149350,1,1,121.95,0.5,121.7,55,,,,,,,,,,,,,,,,,,,122.2,202,,,,,,,,,,,,,,,,,,
2026-06-29T20:03:00.222862+00:00,2026-06-30T06:03:00.218862,1,1,121.95,0.5,121.7,30,,,,,,,,,,,,,,,,,,,122.2,202,,,,,,,,,,,,,,,,,,
2026-06-29T20:03:00.364317+00:00,2026-06-30T06:03:00.358318,1,1,121.95,0.5,121.7,5,,,,,,,,,,,,,,,,,,,122.2,202,,,,,,,,,,,,,,,,,,
2026-06-29T20:03:00.438849+00:00,2026-06-30T06:03:00.429286,0,1,,,,,,,,,,,,,,,,,,,,,,,122.2,202,,,,,,,,,,,,,,,,,,
2026-06-29T20:03:00.494175+00:00,2026-06-30T06:03:00.488166,0,1,,,,,,,,,,,,,,,,,,,,,,,122.2,150,,,,,,,,,,,,,,,,,,
2026-06-29T20:03:00.548069+00:00,2026-06-30T06:03:00.540502,1,1,121.7,1.0,121.2,100,,,,,,,,,,,,,,,,,,,122.2,150,,,,,,,,,,,,,,,,,,
2026-06-29T20:03:00.601978+00:00,2026-06-30T06:03:00.592875,1,2,121.45,0.5,121.2,100,,,,,,,,,,,,,,,,,,,121.7,100,122.2,150,,,,,,,,,,,,,,,,
2026-06-29T20:03:01.397384+00:00,2026-06-30T06:03:01.389358,1,2,121.45,0.5,121.2,100,,,,,,,,,,,,,,,,,,,121.7,50,122.2,150,,,,,,,,,,,,,,,,
2026-06-29T20:03:02.455023+00:00,2026-06-30T06:03:02.452021,1,1,121.45,0.5,121.2,100,,,,,,,,,,,,,,,,,,,121.7,50,,,,,,,,,,,,,,,,,,
2026-06-29T20:03:02.518574+00:00,2026-06-30T06:03:02.513984,2,1,121.45,0.5,121.2,100,120.9,150,,,,,,,,,,,,,,,,,121.7,50,,,,,,,,,,,,,,,,,,
2026-06-29T20:03:02.573900+00:00,2026-06-30T06:03:02.567890,2,2,121.3,0.2,121.2,100,120.9,150,,,,,,,,,,,,,,,,,121.4,150,121.7,50,,,,,,,,,,,,,,,,
2026-06-29T20:03:02.988210+00:00,2026-06-30T06:03:02.978651,2,3,121.3,0.2,121.2,100,120.9,150,,,,,,,,,,,,,,,,,121.4,150,121.7,50,121.9,5,,,,,,,,,,,,,,
2026-06-29T20:03:03.150848+00:00,2026-06-30T06:03:03.149848,2,3,121.3,0.2,121.2,100,120.9,150,,,,,,,,,,,,,,,,,121.4,104,121.7,50,121.9,5,,,,,,,,,,,,,,
2026-06-29T20:03:03.500834+00:00,2026-06-30T06:03:03.494770,2,3,121.3,0.2,121.2,100,120.9,150,,,,,,,,,,,,,,,,,121.4,54,121.7,50,121.9,5,,,,,,,,,,,,,,
2026-06-29T20:03:03.654062+00:00,2026-06-30T06:03:03.649062,1,2,121.15,0.5,120.9,150,,,,,,,,,,,,,,,,,,,121.4,54,121.9,5,,,,,,,,,,,,,,,,
2026-06-29T20:03:03.708352+00:00,2026-06-30T06:03:03.700807,2,2,121.35,0.1,121.3,100,120.9,150,,,,,,,,,,,,,,,,,121.4,54,121.9,5,,,,,,,,,,,,,,,,
2026-06-29T20:03:03.763129+00:00,2026-06-30T06:03:03.754078,2,3,121.35,0.1,121.3,100,120.9,150,,,,,,,,,,,,,,,,,121.4,54,121.8,100,121.9,5,,,,,,,,,,,,,,
2026-06-29T20:03:05.277445+00:00,2026-06-30T06:03:05.267500,2,3,121.35,0.1,121.3,59,120.9,150,,,,,,,,,,,,,,,,,121.4,54,121.8,100,121.9,5,,,,,,,,,,,,,,
2026-06-29T20:03:05.605127+00:00,2026-06-30T06:03:05.601121,2,3,121.35,0.1,121.3,59,120.9,150,,,,,,,,,,,,,,,,,121.4,4,121.8,100,121.9,5,,,,,,,,,,,,,,
2026-06-29T20:03:05.627253+00:00,2026-06-30T06:03:05.624253,1,2,121.55,0.5,121.3,59,,,,,,,,,,,,,,,,,,,121.8,100,121.9,5,,,,,,,,,,,,,,,,
2026-06-29T20:03:05.681177+00:00,2026-06-30T06:03:05.677166,2,2,121.6,0.4,121.4,150,121.3,59,,,,,,,,,,,,,,,,,121.8,100,121.9,5,,,,,,,,,,,,,,,,
2026-06-29T20:03:05.736483+00:00,2026-06-30T06:03:05.732483,2,2,121.6,0.4,121.4,150,121.3,59,,,,,,,,,,,,,,,,,121.8,100,121.9,155,,,,,,,,,,,,,,,,
2026-06-29T20:03:06.817255+00:00,2026-06-30T06:03:06.807245,1,1,121.65,0.5,121.4,150,,,,,,,,,,,,,,,,,,,121.9,155,,,,,,,,,,,,,,,,,,
2026-06-29T20:03:06.871217+00:00,2026-06-30T06:03:06.861156,2,1,121.65,0.5,121.4,150,121.0,100,,,,,,,,,,,,,,,,,121.9,155,,,,,,,,,,,,,,,,,,
2026-06-29T20:03:06.915464+00:00,2026-06-30T06:03:06.913464,2,2,121.45,0.1,121.4,150,121.0,100,,,,,,,,,,,,,,,,,121.5,100,121.9,155,,,,,,,,,,,,,,,,
2026-06-29T20:03:07.717387+00:00,2026-06-30T06:03:07.708360,2,2,121.45,0.1,121.4,150,121.0,100,,,,,,,,,,,,,,,,,121.5,50,121.9,155,,,,,,,,,,,,,,,,
2026-06-29T20:03:08.818948+00:00,2026-06-30T06:03:08.809385,1,2,121.25,0.5,121.0,100,,,,,,,,,,,,,,,,,,,121.5,50,121.9,5,,,,,,,,,,,,,,,,
2026-06-29T20:03:08.863216+00:00,2026-06-30T06:03:08.860217,2,2,121.45,0.1,121.4,150,121.0,100,,,,,,,,,,,,,,,,,121.5,50,121.9,5,,,,,,,,,,,,,,,,
2026-06-29T20:03:08.917553+00:00,2026-06-30T06:03:08.912552,2,2,121.45,0.1,121.4,150,121.0,100,,,,,,,,,,,,,,,,,121.5,50,121.9,155,,,,,,,,,,,,,,,,
2026-06-29T20:03:09.822197+00:00,2026-06-30T06:03:09.815087,2,1,121.65,0.5,121.4,150,121.0,100,,,,,,,,,,,,,,,,,121.9,155,,,,,,,,,,,,,,,,,,
2026-06-29T20:03:09.975933+00:00,2026-06-30T06:03:09.967932,1,1,121.65,0.5,121.4,150,,,,,,,,,,,,,,,,,,,121.9,155,,,,,,,,,,,,,,,,,,
2026-06-29T20:03:10.029788+00:00,2026-06-30T06:03:10.020738,2,1,121.7,0.4,121.5,100,121.4,150,,,,,,,,,,,,,,,,,121.9,155,,,,,,,,,,,,,,,,,,
2026-06-29T20:03:10.073989+00:00,2026-06-30T06:03:10.072989,2,2,121.7,0.4,121.5,100,121.4,150,,,,,,,,,,,,,,,,,121.9,155,122.0,100,,,,,,,,,,,,,,,,
2026-06-29T20:03:11.977815+00:00,2026-06-30T06:03:11.972255,1,2,121.7,0.4,121.5,50,,,,,,,,,,,,,,,,,,,121.9,5,122.0,100,,,,,,,,,,,,,,,,
2026-06-29T20:03:12.032215+00:00,2026-06-30T06:03:12.027205,2,2,121.85,0.1,121.8,150,121.5,50,,,,,,,,,,,,,,,,,121.9,5,122.0,100,,,,,,,,,,,,,,,,
2026-06-29T20:03:12.087527+00:00,2026-06-30T06:03:12.079527,2,3,121.85,0.1,121.8,150,121.5,50,,,,,,,,,,,,,,,,,121.9,5,122.0,100,122.3,150,,,,,,,,,,,,,,
2026-06-29T20:03:12.838501+00:00,2026-06-30T06:03:12.831941,2,2,121.9,0.2,121.8,150,121.5,50,,,,,,,,,,,,,,,,,122.0,62,122.3,150,,,,,,,,,,,,,,,,
2026-06-29T20:03:13.132999+00:00,2026-06-30T06:03:13.125927,1,1,122.05,0.5,121.8,150,,,,,,,,,,,,,,,,,,,122.3,150,,,,,,,,,,,,,,,,,,
2026-06-29T20:03:13.187359+00:00,2026-06-30T06:03:13.179313,2,1,122.1,0.4,121.9,100,121.8,150,,,,,,,,,,,,,,,,,122.3,150,,,,,,,,,,,,,,,,,,
2026-06-29T20:03:13.241235+00:00,2026-06-30T06:03:13.231173,2,2,122.1,0.4,121.9,100,121.8,150,,,,,,,,,,,,,,,,,122.3,150,122.4,100,,,,,,,,,,,,,,,,
2026-06-29T20:03:14.090015+00:00,2026-06-30T06:03:14.079064,2,2,122.1,0.4,121.9,50,121.8,150,,,,,,,,,,,,,,,,,122.3,150,122.4,100,,,,,,,,,,,,,,,,
2026-06-29T20:03:14.588903+00:00,2026-06-30T06:03:14.587343,2,2,122.1,0.4,121.9,1,121.8,150,,,,,,,,,,,,,,,,,122.3,150,122.4,100,,,,,,,,,,,,,,,,
2026-06-29T20:03:15.144208+00:00,2026-06-30T06:03:15.141209,1,1,122.15,0.5,121.9,1,,,,,,,,,,,,,,,,,,,122.4,100,,,,,,,,,,,,,,,,,,
2026-06-29T20:03:15.198103+00:00,2026-06-30T06:03:15.192543,1,1,122.15,0.5,121.9,151,,,,,,,,,,,,,,,,,,,122.4,100,,,,,,,,,,,,,,,,,,
2026-06-29T20:03:15.252951+00:00,2026-06-30T06:03:15.244888,1,1,122.15,0.5,121.9,151,,,,,,,,,,,,,,,,,,,122.4,250,,,,,,,,,,,,,,,,,,
2026-06-29T20:03:15.754277+00:00,2026-06-30T06:03:15.745214,1,1,122.15,0.5,121.9,151,,,,,,,,,,,,,,,,,,,122.4,209,,,,,,,,,,,,,,,,,,
2026-06-29T20:03:16.287320+00:00,2026-06-30T06:03:16.285320,1,1,122.15,0.5,121.9,151,,,,,,,,,,,,,,,,,,,122.4,150,,,,,,,,,,,,,,,,,,
2026-06-29T20:03:16.297421+00:00,2026-06-30T06:03:16.287482,1,1,122.15,0.5,121.9,150,,,,,,,,,,,,,,,,,,,122.4,150,,,,,,,,,,,,,,,,,,
2026-06-29T20:03:16.340740+00:00,2026-06-30T06:03:16.339740,1,1,122.15,0.5,121.9,250,,,,,,,,,,,,,,,,,,,122.4,150,,,,,,,,,,,,,,,,,,
2026-06-29T20:03:16.396048+00:00,2026-06-30T06:03:16.393048,1,1,122.15,0.5,121.9,250,,,,,,,,,,,,,,,,,,,122.4,250,,,,,,,,,,,,,,,,,,
2026-06-29T20:03:17.473945+00:00,2026-06-30T06:03:17.470945,1,1,122.15,0.5,121.9,250,,,,,,,,,,,,,,,,,,,122.4,204,,,,,,,,,,,,,,,,,,
2026-06-29T20:03:18.214978+00:00,2026-06-30T06:03:18.205909,2,1,122.15,0.5,121.9,250,121.7,4,,,,,,,,,,,,,,,,,122.4,204,,,,,,,,,,,,,,,,,,
2026-06-29T20:03:18.301036+00:00,2026-06-30T06:03:18.290988,2,1,122.15,0.5,121.9,200,121.7,4,,,,,,,,,,,,,,,,,122.4,204,,,,,,,,,,,,,,,,,,
2026-06-29T20:03:18.312085+00:00,2026-06-30T06:03:18.304036,2,1,122.15,0.5,121.9,100,121.7,4,,,,,,,,,,,,,,,,,122.4,100,,,,,,,,,,,,,,,,,,
2026-06-29T20:03:18.356251+00:00,2026-06-30T06:03:18.354250,3,1,122.2,0.4,122.0,150,121.9,100,121.7,4,,,,,,,,,,,,,,,122.4,100,,,,,,,,,,,,,,,,,,
