recv_time,book_timestamp,n_bids,n_asks,mid,spread,bid_px_0,bid_vol_0,bid_px_1,bid_vol_1,bid_px_2,bid_vol_2,bid_px_3,bid_vol_3,bid_px_4,bid_vol_4,bid_px_5,bid_vol_5,bid_px_6,bid_vol_6,bid_px_7,bid_vol_7,bid_px_8,bid_vol_8,bid_px_9,bid_vol_9,ask_px_0,ask_vol_0,ask_px_1,ask_vol_1,ask_px_2,ask_vol_2,ask_px_3,ask_vol_3,ask_px_4,ask_vol_4,ask_px_5,ask_vol_5,ask_px_6,ask_vol_6,ask_px_7,ask_vol_7,ask_px_8,ask_vol_8,ask_px_9,ask_vol_9
2026-07-06T21:00:00.145874+00:00,2026-07-06T21:00:00.145763,1,2,152.55,0.5,152.3,100,,,,,,,,,,,,,,,,,,,152.8,100,153.4,108,,,,,,,,,,,,,,,,
2026-07-06T21:00:00.167086+00:00,2026-07-06T21:00:00.145992,1,3,152.5,0.4,152.3,106,,,,,,,,,,,,,,,,,,,152.7,6,152.8,100,153.4,108,,,,,,,,,,,,,,
2026-07-06T21:00:00.338698+00:00,2026-07-06T21:00:00.338635,1,2,152.5,0.4,152.3,106,,,,,,,,,,,,,,,,,,,152.7,6,152.8,100,,,,,,,,,,,,,,,,
2026-07-06T21:00:00.393301+00:00,2026-07-06T21:00:00.393177,1,2,152.5,0.4,152.3,256,,,,,,,,,,,,,,,,,,,152.7,6,152.8,100,,,,,,,,,,,,,,,,
2026-07-06T21:00:00.417423+00:00,2026-07-06T21:00:00.405831,1,1,152.55,0.5,152.3,256,,,,,,,,,,,,,,,,,,,152.8,57,,,,,,,,,,,,,,,,,,
2026-07-06T21:00:00.447569+00:00,2026-07-06T21:00:00.447456,1,2,152.5,0.4,152.3,256,,,,,,,,,,,,,,,,,,,152.7,150,152.8,57,,,,,,,,,,,,,,,,
2026-07-06T21:00:00.843380+00:00,2026-07-06T21:00:00.843249,1,2,152.5,0.4,152.3,256,,,,,,,,,,,,,,,,,,,152.7,100,152.8,57,,,,,,,,,,,,,,,,
2026-07-06T21:00:01.411869+00:00,2026-07-06T21:00:01.411790,1,2,152.5,0.4,152.3,250,,,,,,,,,,,,,,,,,,,152.7,100,152.8,57,,,,,,,,,,,,,,,,
2026-07-06T21:00:01.417202+00:00,2026-07-06T21:00:01.417139,2,2,152.5,0.4,152.3,250,152.1,7,,,,,,,,,,,,,,,,,152.7,100,152.8,57,,,,,,,,,,,,,,,,
2026-07-06T21:00:01.438646+00:00,2026-07-06T21:00:01.417339,2,3,152.45,0.3,152.3,250,152.1,7,,,,,,,,,,,,,,,,,152.6,7,152.7,100,152.8,57,,,,,,,,,,,,,,
2026-07-06T21:00:01.905775+00:00,2026-07-06T21:00:01.920374,1,2,152.5,0.4,152.3,250,,,,,,,,,,,,,,,,,,,152.7,100,152.8,57,,,,,,,,,,,,,,,,
2026-07-06T21:00:01.932281+00:00,2026-07-06T21:00:01.925888,2,3,152.4,0.2,152.3,250,152.1,8,,,,,,,,,,,,,,,,,152.5,8,152.7,100,152.8,57,,,,,,,,,,,,,,
2026-07-06T21:00:02.958550+00:00,2026-07-06T21:00:02.946262,2,2,152.5,0.4,152.3,250,152.1,8,,,,,,,,,,,,,,,,,152.7,58,152.8,57,,,,,,,,,,,,,,,,
2026-07-06T21:00:03.025745+00:00,2026-07-06T21:00:03.025686,2,1,152.5,0.4,152.3,150,152.1,8,,,,,,,,,,,,,,,,,152.7,58,,,,,,,,,,,,,,,,,,
2026-07-06T21:00:03.077592+00:00,2026-07-06T21:00:03.077502,3,1,152.5,0.4,152.3,150,152.2,100,152.1,8,,,,,,,,,,,,,,,152.7,58,,,,,,,,,,,,,,,,,,
2026-07-06T21:00:03.130634+00:00,2026-07-06T21:00:03.130846,3,1,152.5,0.4,152.3,150,152.2,100,152.1,8,,,,,,,,,,,,,,,152.7,158,,,,,,,,,,,,,,,,,,
2026-07-06T21:00:03.191223+00:00,2026-07-06T21:00:03.191342,3,1,152.5,0.4,152.3,150,152.2,100,152.1,8,,,,,,,,,,,,,,,152.7,158,,,,,,,,,,,,,,,,,,
2026-07-06T21:00:03.196418+00:00,2026-07-06T21:00:03.196503,3,2,152.45,0.3,152.3,150,152.2,100,152.1,8,,,,,,,,,,,,,,,152.6,8,152.7,158,,,,,,,,,,,,,,,,
2026-07-06T21:00:03.515716+00:00,2026-07-06T21:00:03.515582,2,2,152.4,0.4,152.2,100,152.1,8,,,,,,,,,,,,,,,,,152.6,8,152.7,100,,,,,,,,,,,,,,,,
2026-07-06T21:00:03.577164+00:00,2026-07-06T21:00:03.577060,3,2,152.5,0.2,152.4,150,152.2,100,152.1,8,,,,,,,,,,,,,,,152.6,8,152.7,100,,,,,,,,,,,,,,,,
2026-07-06T21:00:03.627578+00:00,2026-07-06T21:00:03.627476,3,3,152.5,0.2,152.4,150,152.2,100,152.1,8,,,,,,,,,,,,,,,152.6,8,152.7,100,152.9,150,,,,,,,,,,,,,,
2026-07-06T21:00:03.707376+00:00,2026-07-06T21:00:03.707258,2,2,152.55,0.3,152.4,150,152.2,100,,,,,,,,,,,,,,,,,152.7,100,152.9,150,,,,,,,,,,,,,,,,
2026-07-06T21:00:03.712557+00:00,2026-07-06T21:00:03.712450,3,3,152.45,0.1,152.4,150,152.2,100,152.1,8,,,,,,,,,,,,,,,152.5,8,152.7,100,152.9,150,,,,,,,,,,,,,,
2026-07-06T21:00:04.168303+00:00,2026-07-06T21:00:04.162059,3,3,152.45,0.1,152.4,150,152.2,100,152.1,8,,,,,,,,,,,,,,,152.5,5,152.7,100,152.9,150,,,,,,,,,,,,,,
2026-07-06T21:00:04.491209+00:00,2026-07-06T21:00:04.491097,3,3,152.45,0.1,152.4,109,152.2,100,152.1,8,,,,,,,,,,,,,,,152.5,5,152.7,100,152.9,150,,,,,,,,,,,,,,
2026-07-06T21:00:04.974457+00:00,2026-07-06T21:00:04.974349,2,3,152.45,0.1,152.4,109,152.2,100,,,,,,,,,,,,,,,,,152.5,5,152.7,100,152.9,150,,,,,,,,,,,,,,
2026-07-06T21:00:04.979667+00:00,2026-07-06T21:00:04.979570,2,2,152.55,0.3,152.4,109,152.2,108,,,,,,,,,,,,,,,,,152.7,100,152.9,150,,,,,,,,,,,,,,,,
2026-07-06T21:00:04.984871+00:00,2026-07-06T21:00:04.984776,2,3,152.45,0.1,152.4,109,152.2,108,,,,,,,,,,,,,,,,,152.5,8,152.7,100,152.9,150,,,,,,,,,,,,,,
2026-07-06T21:00:05.058589+00:00,2026-07-06T21:00:05.054851,2,2,152.55,0.3,152.4,109,152.2,108,,,,,,,,,,,,,,,,,152.7,58,152.9,150,,,,,,,,,,,,,,,,
2026-07-06T21:00:05.496439+00:00,2026-07-06T21:00:05.496389,2,2,152.55,0.3,152.4,109,152.2,108,,,,,,,,,,,,,,,,,152.7,58,152.9,150,,,,,,,,,,,,,,,,
2026-07-06T21:00:05.501741+00:00,2026-07-06T21:00:05.501627,2,3,152.5,0.2,152.4,109,152.2,108,,,,,,,,,,,,,,,,,152.6,8,152.7,58,152.9,150,,,,,,,,,,,,,,
2026-07-06T21:00:06.188760+00:00,2026-07-06T21:00:06.188653,2,2,152.5,0.2,152.4,109,152.2,8,,,,,,,,,,,,,,,,,152.6,8,152.9,150,,,,,,,,,,,,,,,,
2026-07-06T21:00:06.243313+00:00,2026-07-06T21:00:06.243273,2,2,152.5,0.2,152.4,209,152.2,8,,,,,,,,,,,,,,,,,152.6,8,152.9,150,,,,,,,,,,,,,,,,
2026-07-06T21:00:06.296140+00:00,2026-07-06T21:00:06.296056,2,2,152.5,0.2,152.4,209,152.2,8,,,,,,,,,,,,,,,,,152.6,8,152.9,250,,,,,,,,,,,,,,,,
2026-07-06T21:00:06.684475+00:00,2026-07-06T21:00:06.684390,2,2,152.5,0.2,152.4,100,152.2,8,,,,,,,,,,,,,,,,,152.6,8,152.9,100,,,,,,,,,,,,,,,,
2026-07-06T21:00:06.738432+00:00,2026-07-06T21:00:06.738343,2,2,152.5,0.2,152.4,100,152.2,158,,,,,,,,,,,,,,,,,152.6,8,152.9,100,,,,,,,,,,,,,,,,
2026-07-06T21:00:06.791043+00:00,2026-07-06T21:00:06.791160,2,3,152.5,0.2,152.4,100,152.2,158,,,,,,,,,,,,,,,,,152.6,8,152.7,150,152.9,100,,,,,,,,,,,,,,
2026-07-06T21:00:07.168881+00:00,2026-07-06T21:00:07.169002,2,2,152.55,0.3,152.4,100,152.2,158,,,,,,,,,,,,,,,,,152.7,108,152.9,100,,,,,,,,,,,,,,,,
2026-07-06T21:00:08.015018+00:00,2026-07-06T21:00:08.014929,3,2,152.55,0.3,152.4,100,152.2,150,152.1,8,,,,,,,,,,,,,,,152.7,108,152.9,100,,,,,,,,,,,,,,,,
2026-07-06T21:00:08.020206+00:00,2026-07-06T21:00:08.020096,3,3,152.5,0.2,152.4,100,152.2,150,152.1,8,,,,,,,,,,,,,,,152.6,8,152.7,108,152.9,100,,,,,,,,,,,,,,
2026-07-06T21:00:08.235671+00:00,2026-07-06T21:00:08.235556,3,3,152.5,0.2,152.4,52,152.2,150,152.1,8,,,,,,,,,,,,,,,152.6,8,152.7,108,152.9,100,,,,,,,,,,,,,,
2026-07-06T21:00:08.274954+00:00,2026-07-06T21:00:08.274849,2,2,152.55,0.3,152.4,52,152.2,150,,,,,,,,,,,,,,,,,152.7,108,152.9,100,,,,,,,,,,,,,,,,
2026-07-06T21:00:08.280170+00:00,2026-07-06T21:00:08.280054,3,3,152.45,0.1,152.4,52,152.2,150,152.1,8,,,,,,,,,,,,,,,152.5,8,152.7,108,152.9,100,,,,,,,,,,,,,,
2026-07-06T21:00:09.271897+00:00,2026-07-06T21:00:09.271837,3,2,152.55,0.3,152.4,52,152.2,150,152.1,8,,,,,,,,,,,,,,,152.7,66,152.9,100,,,,,,,,,,,,,,,,
2026-07-06T21:00:09.285722+00:00,2026-07-06T21:00:09.285606,2,2,152.55,0.3,152.4,52,152.2,150,,,,,,,,,,,,,,,,,152.7,66,152.9,100,,,,,,,,,,,,,,,,
2026-07-06T21:00:09.290895+00:00,2026-07-06T21:00:09.290828,3,2,152.55,0.3,152.4,52,152.2,150,152.1,8,,,,,,,,,,,,,,,152.7,66,152.9,100,,,,,,,,,,,,,,,,
2026-07-06T21:00:09.296112+00:00,2026-07-06T21:00:09.296023,3,3,152.5,0.2,152.4,52,152.2,150,152.1,8,,,,,,,,,,,,,,,152.6,8,152.7,66,152.9,100,,,,,,,,,,,,,,
2026-07-06T21:00:09.346481+00:00,2026-07-06T21:00:09.346445,2,2,152.4,0.4,152.2,150,152.1,8,,,,,,,,,,,,,,,,,152.6,8,152.7,66,,,,,,,,,,,,,,,,
2026-07-06T21:00:09.399432+00:00,2026-07-06T21:00:09.399323,3,2,152.45,0.3,152.3,100,152.2,150,152.1,8,,,,,,,,,,,,,,,152.6,8,152.7,66,,,,,,,,,,,,,,,,
2026-07-06T21:00:09.451591+00:00,2026-07-06T21:00:09.451684,3,3,152.45,0.3,152.3,100,152.2,150,152.1,8,,,,,,,,,,,,,,,152.6,8,152.7,66,152.8,100,,,,,,,,,,,,,,
2026-07-06T21:00:09.569046+00:00,2026-07-06T21:00:09.569014,2,2,152.5,0.4,152.3,100,152.2,150,,,,,,,,,,,,,,,,,152.7,66,152.8,100,,,,,,,,,,,,,,,,
2026-07-06T21:00:09.574207+00:00,2026-07-06T21:00:09.574182,2,2,152.5,0.4,152.3,108,152.2,150,,,,,,,,,,,,,,,,,152.7,66,152.8,100,,,,,,,,,,,,,,,,
2026-07-06T21:00:09.579389+00:00,2026-07-06T21:00:09.579345,2,3,152.45,0.3,152.3,108,152.2,150,,,,,,,,,,,,,,,,,152.6,8,152.7,66,152.8,100,,,,,,,,,,,,,,
2026-07-06T21:00:09.845070+00:00,2026-07-06T21:00:09.845037,1,2,152.45,0.3,152.3,108,,,,,,,,,,,,,,,,,,,152.6,8,152.8,100,,,,,,,,,,,,,,,,
2026-07-06T21:00:09.897270+00:00,2026-07-06T21:00:09.897228,2,1,152.75,0.1,152.7,142,152.3,108,,,,,,,,,,,,,,,,,152.8,100,,,,,,,,,,,,,,,,,,
2026-07-06T21:00:09.958601+00:00,2026-07-06T21:00:09.947996,2,2,152.75,0.1,152.7,142,152.3,108,,,,,,,,,,,,,,,,,152.8,100,153.2,150,,,,,,,,,,,,,,,,
2026-07-06T21:00:10.083617+00:00,2026-07-06T21:00:10.083528,2,2,152.75,0.1,152.7,142,152.3,100,,,,,,,,,,,,,,,,,152.8,100,153.2,150,,,,,,,,,,,,,,,,
2026-07-06T21:00:10.088850+00:00,2026-07-06T21:00:10.088699,2,2,152.75,0.1,152.7,142,152.3,108,,,,,,,,,,,,,,,,,152.8,100,153.2,150,,,,,,,,,,,,,,,,
2026-07-06T21:00:10.094053+00:00,2026-07-06T21:00:10.093911,2,2,152.75,0.1,152.7,134,152.3,108,,,,,,,,,,,,,,,,,152.8,100,153.2,150,,,,,,,,,,,,,,,,
2026-07-06T21:00:11.464010+00:00,2026-07-06T21:00:11.463910,2,2,152.75,0.1,152.7,84,152.3,108,,,,,,,,,,,,,,,,,152.8,100,153.2,150,,,,,,,,,,,,,,,,
2026-07-06T21:00:11.930507+00:00,2026-07-06T21:00:11.923652,2,2,152.75,0.1,152.7,81,152.3,108,,,,,,,,,,,,,,,,,152.8,100,153.2,150,,,,,,,,,,,,,,,,
2026-07-06T21:00:12.513221+00:00,2026-07-06T21:00:12.513164,2,1,152.95,0.5,152.7,81,152.3,8,,,,,,,,,,,,,,,,,153.2,150,,,,,,,,,,,,,,,,,,
2026-07-06T21:00:12.569433+00:00,2026-07-06T21:00:12.569313,2,1,152.95,0.5,152.7,81,152.3,108,,,,,,,,,,,,,,,,,153.2,150,,,,,,,,,,,,,,,,,,
2026-07-06T21:00:12.609207+00:00,2026-07-06T21:00:12.609085,2,1,152.95,0.5,152.7,81,152.3,108,,,,,,,,,,,,,,,,,153.2,150,,,,,,,,,,,,,,,,,,
2026-07-06T21:00:12.614376+00:00,2026-07-06T21:00:12.614262,2,2,152.9,0.4,152.7,81,152.3,108,,,,,,,,,,,,,,,,,153.1,8,153.2,150,,,,,,,,,,,,,,,,
2026-07-06T21:00:12.619592+00:00,2026-07-06T21:00:12.619459,2,3,152.75,0.1,152.7,81,152.3,108,,,,,,,,,,,,,,,,,152.8,100,153.1,8,153.2,150,,,,,,,,,,,,,,
2026-07-06T21:00:12.868829+00:00,2026-07-06T21:00:12.868754,2,2,152.75,0.1,152.7,81,152.3,100,,,,,,,,,,,,,,,,,152.8,100,153.2,150,,,,,,,,,,,,,,,,
2026-07-06T21:00:12.874033+00:00,2026-07-06T21:00:12.874008,2,2,152.75,0.1,152.7,81,152.3,108,,,,,,,,,,,,,,,,,152.8,100,153.2,150,,,,,,,,,,,,,,,,
2026-07-06T21:00:12.879245+00:00,2026-07-06T21:00:12.879194,2,2,152.75,0.1,152.7,73,152.3,108,,,,,,,,,,,,,,,,,152.8,100,153.2,150,,,,,,,,,,,,,,,,
2026-07-06T21:00:13.006144+00:00,2026-07-06T21:00:13.006378,2,1,152.75,0.1,152.7,73,152.3,108,,,,,,,,,,,,,,,,,152.8,100,,,,,,,,,,,,,,,,,,
2026-07-06T21:00:13.011634+00:00,2026-07-06T21:00:13.011559,1,1,152.55,0.5,152.3,108,,,,,,,,,,,,,,,,,,,152.8,100,,,,,,,,,,,,,,,,,,
2026-07-06T21:00:13.065440+00:00,2026-07-06T21:00:13.065315,1,1,152.55,0.5,152.3,258,,,,,,,,,,,,,,,,,,,152.8,100,,,,,,,,,,,,,,,,,,
2026-07-06T21:00:13.117722+00:00,2026-07-06T21:00:13.117841,1,1,152.55,0.5,152.3,258,,,,,,,,,,,,,,,,,,,152.8,250,,,,,,,,,,,,,,,,,,
2026-07-06T21:00:13.885260+00:00,2026-07-06T21:00:13.885147,1,1,152.55,0.5,152.3,258,,,,,,,,,,,,,,,,,,,152.8,203,,,,,,,,,,,,,,,,,,
2026-07-06T21:00:14.535768+00:00,2026-07-06T21:00:14.535685,1,1,152.55,0.5,152.3,258,,,,,,,,,,,,,,,,,,,152.8,162,,,,,,,,,,,,,,,,,,
2026-07-06T21:00:15.675289+00:00,2026-07-06T21:00:15.675458,1,1,152.55,0.5,152.3,158,,,,,,,,,,,,,,,,,,,152.8,150,,,,,,,,,,,,,,,,,,
2026-07-06T21:00:15.680809+00:00,2026-07-06T21:00:15.680738,1,1,152.55,0.5,152.3,108,,,,,,,,,,,,,,,,,,,152.8,150,,,,,,,,,,,,,,,,,,
2026-07-06T21:00:15.730118+00:00,2026-07-06T21:00:15.730202,2,1,152.65,0.3,152.5,100,152.3,108,,,,,,,,,,,,,,,,,152.8,150,,,,,,,,,,,,,,,,,,
2026-07-06T21:00:15.780837+00:00,2026-07-06T21:00:15.780708,2,2,152.65,0.3,152.5,100,152.3,108,,,,,,,,,,,,,,,,,152.8,150,153.0,100,,,,,,,,,,,,,,,,
2026-07-06T21:00:15.897049+00:00,2026-07-06T21:00:15.896950,3,3,152.6,0.2,152.5,100,152.4,8,152.3,108,,,,,,,,,,,,,,,152.7,8,152.8,150,153.0,100,,,,,,,,,,,,,,
2026-07-06T21:00:16.171821+00:00,2026-07-06T21:00:16.171703,2,2,152.6,0.2,152.5,100,152.4,8,,,,,,,,,,,,,,,,,152.7,8,153.0,100,,,,,,,,,,,,,,,,
2026-07-06T21:00:16.248026+00:00,2026-07-06T21:00:16.247948,2,2,152.6,0.2,152.5,100,152.4,158,,,,,,,,,,,,,,,,,152.7,8,153.0,100,,,,,,,,,,,,,,,,
2026-07-06T21:00:16.303230+00:00,2026-07-06T21:00:16.303073,2,3,152.6,0.2,152.5,100,152.4,158,,,,,,,,,,,,,,,,,152.7,8,152.9,150,153.0,100,,,,,,,,,,,,,,
2026-07-06T21:00:16.406019+00:00,2026-07-06T21:00:16.406099,2,3,152.6,0.2,152.5,100,152.4,150,,,,,,,,,,,,,,,,,152.7,8,152.9,150,153.0,100,,,,,,,,,,,,,,
2026-07-06T21:00:16.411349+00:00,2026-07-06T21:00:16.411298,2,2,152.7,0.4,152.5,108,152.4,150,,,,,,,,,,,,,,,,,152.9,150,153.0,100,,,,,,,,,,,,,,,,
2026-07-06T21:00:16.416487+00:00,2026-07-06T21:00:16.416456,2,3,152.65,0.3,152.5,108,152.4,150,,,,,,,,,,,,,,,,,152.8,8,152.9,150,153.0,100,,,,,,,,,,,,,,
2026-07-06T21:00:17.784348+00:00,2026-07-06T21:00:17.784266,2,3,152.65,0.3,152.5,58,152.4,150,,,,,,,,,,,,,,,,,152.8,8,152.9,150,153.0,100,,,,,,,,,,,,,,
2026-07-06T21:00:18.672634+00:00,2026-07-06T21:00:18.672549,2,3,152.65,0.3,152.5,50,152.4,150,,,,,,,,,,,,,,,,,152.8,8,152.9,150,153.0,100,,,,,,,,,,,,,,
2026-07-06T21:00:18.683218+00:00,2026-07-06T21:00:18.683085,2,2,152.7,0.4,152.5,50,152.4,150,,,,,,,,,,,,,,,,,152.9,150,153.0,100,,,,,,,,,,,,,,,,
2026-07-06T21:00:18.688487+00:00,2026-07-06T21:00:18.688406,2,2,152.7,0.4,152.5,50,152.4,158,,,,,,,,,,,,,,,,,152.9,150,153.0,100,,,,,,,,,,,,,,,,
2026-07-06T21:00:18.693533+00:00,2026-07-06T21:00:18.693670,2,3,152.6,0.2,152.5,50,152.4,158,,,,,,,,,,,,,,,,,152.7,8,152.9,150,153.0,100,,,,,,,,,,,,,,
2026-07-06T21:00:18.833372+00:00,2026-07-06T21:00:18.833467,2,2,152.6,0.2,152.5,50,152.4,158,,,,,,,,,,,,,,,,,152.7,8,152.9,150,,,,,,,,,,,,,,,,
2026-07-06T21:00:18.838711+00:00,2026-07-06T21:00:18.838603,1,2,152.55,0.3,152.4,158,,,,,,,,,,,,,,,,,,,152.7,8,152.9,150,,,,,,,,,,,,,,,,
2026-07-06T21:00:18.892429+00:00,2026-07-06T21:00:18.892360,1,2,152.55,0.3,152.4,258,,,,,,,,,,,,,,,,,,,152.7,8,152.9,150,,,,,,,,,,,,,,,,
2026-07-06T21:00:18.945109+00:00,2026-07-06T21:00:18.945215,1,2,152.55,0.3,152.4,258,,,,,,,,,,,,,,,,,,,152.7,8,152.9,250,,,,,,,,,,,,,,,,
2026-07-06T21:00:19.358734+00:00,2026-07-06T21:00:19.349164,1,2,152.55,0.3,152.4,108,,,,,,,,,,,,,,,,,,,152.7,8,152.9,100,,,,,,,,,,,,,,,,
2026-07-06T21:00:19.412121+00:00,2026-07-06T21:00:19.412002,2,2,152.55,0.3,152.4,108,152.2,150,,,,,,,,,,,,,,,,,152.7,8,152.9,100,,,,,,,,,,,,,,,,
2026-07-06T21:00:19.464936+00:00,2026-07-06T21:00:19.465100,2,2,152.55,0.3,152.4,108,152.2,150,,,,,,,,,,,,,,,,,152.7,158,152.9,100,,,,,,,,,,,,,,,,
2026-07-06T21:00:19.915374+00:00,2026-07-06T21:00:19.915304,2,2,152.55,0.3,152.4,58,152.2,150,,,,,,,,,,,,,,,,,152.7,158,152.9,100,,,,,,,,,,,,,,,,
2026-07-06T21:00:20.800727+00:00,2026-07-06T21:00:20.800672,2,2,152.55,0.3,152.4,17,152.2,150,,,,,,,,,,,,,,,,,152.7,158,152.9,100,,,,,,,,,,,,,,,,
2026-07-06T21:00:21.100794+00:00,2026-07-06T21:00:21.095117,2,2,152.55,0.3,152.4,17,152.2,150,,,,,,,,,,,,,,,,,152.7,155,152.9,100,,,,,,,,,,,,,,,,
2026-07-06T21:00:21.997239+00:00,2026-07-06T21:00:21.997352,2,1,152.55,0.3,152.4,17,152.2,150,,,,,,,,,,,,,,,,,152.7,155,,,,,,,,,,,,,,,,,,
2026-07-06T21:00:22.002627+00:00,2026-07-06T21:00:22.002522,1,1,152.45,0.5,152.2,150,,,,,,,,,,,,,,,,,,,152.7,155,,,,,,,,,,,,,,,,,,
2026-07-06T21:00:22.022793+00:00,2026-07-06T21:00:22.022730,1,1,152.45,0.5,152.2,100,,,,,,,,,,,,,,,,,,,152.7,155,,,,,,,,,,,,,,,,,,
2026-07-06T21:00:22.050172+00:00,2026-07-06T21:00:22.050144,2,1,152.5,0.4,152.3,100,152.2,100,,,,,,,,,,,,,,,,,152.7,155,,,,,,,,,,,,,,,,,,
2026-07-06T21:00:22.104596+00:00,2026-07-06T21:00:22.104695,2,2,152.5,0.4,152.3,100,152.2,100,,,,,,,,,,,,,,,,,152.7,155,152.8,100,,,,,,,,,,,,,,,,
2026-07-06T21:00:22.514079+00:00,2026-07-06T21:00:22.514013,2,2,152.5,0.4,152.3,100,152.2,100,,,,,,,,,,,,,,,,,152.7,5,152.8,100,,,,,,,,,,,,,,,,
2026-07-06T21:00:22.519372+00:00,2026-07-06T21:00:22.519271,1,2,152.5,0.4,152.3,100,,,,,,,,,,,,,,,,,,,152.7,5,152.8,100,,,,,,,,,,,,,,,,
2026-07-06T21:00:22.574649+00:00,2026-07-06T21:00:22.574593,2,2,152.5,0.4,152.3,100,152.0,150,,,,,,,,,,,,,,,,,152.7,5,152.8,100,,,,,,,,,,,,,,,,
2026-07-06T21:00:22.625017+00:00,2026-07-06T21:00:22.624924,2,3,152.4,0.2,152.3,100,152.0,150,,,,,,,,,,,,,,,,,152.5,150,152.7,5,152.8,100,,,,,,,,,,,,,,
2026-07-06T21:00:23.716159+00:00,2026-07-06T21:00:23.710272,2,3,152.4,0.2,152.3,100,152.0,150,,,,,,,,,,,,,,,,,152.5,139,152.7,5,152.8,100,,,,,,,,,,,,,,
2026-07-06T21:00:24.079633+00:00,2026-07-06T21:00:24.079816,2,3,152.4,0.2,152.3,100,152.0,150,,,,,,,,,,,,,,,,,152.5,89,152.7,5,152.8,100,,,,,,,,,,,,,,
2026-07-06T21:00:25.163863+00:00,2026-07-06T21:00:25.163799,1,2,152.25,0.5,152.0,150,,,,,,,,,,,,,,,,,,,152.5,89,152.7,5,,,,,,,,,,,,,,,,
2026-07-06T21:00:25.212466+00:00,2026-07-06T21:00:25.212340,2,2,152.35,0.3,152.2,100,152.0,150,,,,,,,,,,,,,,,,,152.5,89,152.7,5,,,,,,,,,,,,,,,,
2026-07-06T21:00:25.258651+00:00,2026-07-06T21:00:25.257460,2,2,152.35,0.3,152.2,100,152.0,150,,,,,,,,,,,,,,,,,152.5,89,152.7,105,,,,,,,,,,,,,,,,
2026-07-06T21:00:25.682546+00:00,2026-07-06T21:00:25.682444,1,1,152.45,0.5,152.2,100,,,,,,,,,,,,,,,,,,,152.7,105,,,,,,,,,,,,,,,,,,
2026-07-06T21:00:25.738601+00:00,2026-07-06T21:00:25.738495,2,1,152.55,0.3,152.4,150,152.2,100,,,,,,,,,,,,,,,,,152.7,105,,,,,,,,,,,,,,,,,,
2026-07-06T21:00:25.791117+00:00,2026-07-06T21:00:25.791010,2,2,152.55,0.3,152.4,150,152.2,100,,,,,,,,,,,,,,,,,152.7,105,152.9,150,,,,,,,,,,,,,,,,
2026-07-06T21:00:26.185870+00:00,2026-07-06T21:00:26.185836,2,2,152.55,0.3,152.4,150,152.2,100,,,,,,,,,,,,,,,,,152.7,55,152.9,150,,,,,,,,,,,,,,,,
2026-07-06T21:00:26.764084+00:00,2026-07-06T21:00:26.763982,2,2,152.55,0.3,152.4,150,152.2,100,,,,,,,,,,,,,,,,,152.7,14,152.9,150,,,,,,,,,,,,,,,,
2026-07-06T21:00:28.321800+00:00,2026-07-06T21:00:28.321680,1,1,152.65,0.5,152.4,150,,,,,,,,,,,,,,,,,,,152.9,150,,,,,,,,,,,,,,,,,,
2026-07-06T21:00:28.374347+00:00,2026-07-06T21:00:28.374229,1,1,152.65,0.5,152.4,250,,,,,,,,,,,,,,,,,,,152.9,150,,,,,,,,,,,,,,,,,,
2026-07-06T21:00:28.427836+00:00,2026-07-06T21:00:28.427738,1,1,152.65,0.5,152.4,250,,,,,,,,,,,,,,,,,,,152.9,250,,,,,,,,,,,,,,,,,,
2026-07-06T21:00:28.840523+00:00,2026-07-06T21:00:28.840616,1,1,152.65,0.5,152.4,250,,,,,,,,,,,,,,,,,,,152.9,100,,,,,,,,,,,,,,,,,,
2026-07-06T21:00:28.845712+00:00,2026-07-06T21:00:28.845792,1,1,152.65,0.5,152.4,100,,,,,,,,,,,,,,,,,,,152.9,100,,,,,,,,,,,,,,,,,,
2026-07-06T21:00:28.896877+00:00,2026-07-06T21:00:28.896812,2,1,152.65,0.5,152.4,100,152.3,150,,,,,,,,,,,,,,,,,152.9,100,,,,,,,,,,,,,,,,,,
2026-07-06T21:00:28.975781+00:00,2026-07-06T21:00:28.975647,2,2,152.6,0.4,152.4,100,152.3,150,,,,,,,,,,,,,,,,,152.8,150,152.9,100,,,,,,,,,,,,,,,,
2026-07-06T21:00:30.409633+00:00,2026-07-06T21:00:30.409562,2,2,152.6,0.4,152.4,100,152.3,150,,,,,,,,,,,,,,,,,152.8,100,152.9,100,,,,,,,,,,,,,,,,
2026-07-06T21:00:30.487719+00:00,2026-07-06T21:00:30.487804,2,2,152.6,0.4,152.4,100,152.3,158,,,,,,,,,,,,,,,,,152.8,100,152.9,100,,,,,,,,,,,,,,,,
2026-07-06T21:00:30.493108+00:00,2026-07-06T21:00:30.492983,2,3,152.55,0.3,152.4,100,152.3,158,,,,,,,,,,,,,,,,,152.7,8,152.8,100,152.9,100,,,,,,,,,,,,,,
2026-07-06T21:00:30.689551+00:00,2026-07-06T21:00:30.689425,2,3,152.55,0.3,152.4,57,152.3,158,,,,,,,,,,,,,,,,,152.7,8,152.8,100,152.9,100,,,,,,,,,,,,,,
2026-07-06T21:00:30.794273+00:00,2026-07-06T21:00:30.788431,2,3,152.55,0.3,152.4,46,152.3,158,,,,,,,,,,,,,,,,,152.7,8,152.8,100,152.9,100,,,,,,,,,,,,,,
2026-07-06T21:00:31.481779+00:00,2026-07-06T21:00:31.481712,2,2,152.55,0.3,152.4,46,152.3,158,,,,,,,,,,,,,,,,,152.7,8,152.8,100,,,,,,,,,,,,,,,,
2026-07-06T21:00:31.487002+00:00,2026-07-06T21:00:31.486916,1,2,152.5,0.4,152.3,158,,,,,,,,,,,,,,,,,,,152.7,8,152.8,100,,,,,,,,,,,,,,,,
2026-07-06T21:00:31.536529+00:00,2026-07-06T21:00:31.536416,2,2,152.5,0.4,152.3,158,152.0,100,,,,,,,,,,,,,,,,,152.7,8,152.8,100,,,,,,,,,,,,,,,,
2026-07-06T21:00:31.588948+00:00,2026-07-06T21:00:31.589085,2,3,152.4,0.2,152.3,158,152.0,100,,,,,,,,,,,,,,,,,152.5,100,152.7,8,152.8,100,,,,,,,,,,,,,,
2026-07-06T21:00:32.023820+00:00,2026-07-06T21:00:32.023718,2,2,152.4,0.2,152.3,8,152.0,100,,,,,,,,,,,,,,,,,152.5,100,152.7,8,,,,,,,,,,,,,,,,
2026-07-06T21:00:32.078689+00:00,2026-07-06T21:00:32.078607,3,1,152.6,0.2,152.5,50,152.3,8,152.0,100,,,,,,,,,,,,,,,152.7,8,,,,,,,,,,,,,,,,,,
2026-07-06T21:00:32.158578+00:00,2026-07-06T21:00:32.134766,3,2,152.6,0.2,152.5,50,152.3,8,152.0,100,,,,,,,,,,,,,,,152.7,8,153.0,150,,,,,,,,,,,,,,,,
2026-07-06T21:00:32.258605+00:00,2026-07-06T21:00:32.253193,3,2,152.6,0.2,152.5,50,152.4,8,152.0,100,,,,,,,,,,,,,,,152.7,8,153.0,150,,,,,,,,,,,,,,,,
2026-07-06T21:00:32.358621+00:00,2026-07-06T21:00:32.353202,3,2,152.6,0.2,152.5,5,152.4,8,152.0,100,,,,,,,,,,,,,,,152.7,8,153.0,150,,,,,,,,,,,,,,,,
2026-07-06T21:00:32.518270+00:00,2026-07-06T21:00:32.518225,3,1,152.75,0.5,152.5,5,152.4,8,152.0,100,,,,,,,,,,,,,,,153.0,108,,,,,,,,,,,,,,,,,,
2026-07-06T21:00:32.764084+00:00,2026-07-06T21:00:32.763990,2,1,152.75,0.5,152.5,5,152.0,100,,,,,,,,,,,,,,,,,153.0,108,,,,,,,,,,,,,,,,,,
2026-07-06T21:00:32.769315+00:00,2026-07-06T21:00:32.769260,3,1,152.75,0.5,152.5,5,152.4,8,152.0,100,,,,,,,,,,,,,,,153.0,108,,,,,,,,,,,,,,,,,,
2026-07-06T21:00:32.774721+00:00,2026-07-06T21:00:32.774545,3,2,152.7,0.4,152.5,5,152.4,8,152.0,100,,,,,,,,,,,,,,,152.9,8,153.0,108,,,,,,,,,,,,,,,,
2026-07-06T21:00:34.280430+00:00,2026-07-06T21:00:34.280591,2,1,152.75,0.5,152.5,5,152.0,100,,,,,,,,,,,,,,,,,153.0,108,,,,,,,,,,,,,,,,,,
2026-07-06T21:00:34.292293+00:00,2026-07-06T21:00:34.292415,3,2,152.65,0.3,152.5,5,152.2,8,152.0,100,,,,,,,,,,,,,,,152.8,8,153.0,108,,,,,,,,,,,,,,,,
2026-07-06T21:00:34.641109+00:00,2026-07-06T21:00:34.640969,3,1,152.75,0.5,152.5,5,152.2,8,152.0,100,,,,,,,,,,,,,,,153.0,66,,,,,,,,,,,,,,,,,,
2026-07-06T21:00:34.646181+00:00,2026-07-06T21:00:34.646136,2,1,152.75,0.5,152.5,5,152.2,8,,,,,,,,,,,,,,,,,153.0,66,,,,,,,,,,,,,,,,,,
2026-07-06T21:00:34.698583+00:00,2026-07-06T21:00:34.698468,3,1,152.75,0.5,152.5,5,152.4,100,152.2,8,,,,,,,,,,,,,,,153.0,66,,,,,,,,,,,,,,,,,,
2026-07-06T21:00:34.758665+00:00,2026-07-06T21:00:34.747495,3,2,152.7,0.4,152.5,5,152.4,100,152.2,8,,,,,,,,,,,,,,,152.9,100,153.0,66,,,,,,,,,,,,,,,,
2026-07-06T21:00:35.189193+00:00,2026-07-06T21:00:35.189132,2,1,152.65,0.5,152.4,100,152.2,8,,,,,,,,,,,,,,,,,152.9,100,,,,,,,,,,,,,,,,,,
2026-07-06T21:00:35.258653+00:00,2026-07-06T21:00:35.242689,3,1,152.65,0.5,152.4,100,152.2,8,152.1,150,,,,,,,,,,,,,,,152.9,100,,,,,,,,,,,,,,,,,,
2026-07-06T21:00:35.295336+00:00,2026-07-06T21:00:35.295303,3,2,152.5,0.2,152.4,100,152.2,8,152.1,150,,,,,,,,,,,,,,,152.6,150,152.9,100,,,,,,,,,,,,,,,,
2026-07-06T21:00:35.300583+00:00,2026-07-06T21:00:35.300502,2,2,152.5,0.2,152.4,100,152.1,150,,,,,,,,,,,,,,,,,152.6,150,152.9,100,,,,,,,,,,,,,,,,
2026-07-06T21:00:35.305596+00:00,2026-07-06T21:00:35.305722,3,2,152.5,0.2,152.4,100,152.2,8,152.1,150,,,,,,,,,,,,,,,152.6,158,152.9,100,,,,,,,,,,,,,,,,
2026-07-06T21:00:35.814244+00:00,2026-07-06T21:00:35.814143,2,2,152.5,0.2,152.4,100,152.1,150,,,,,,,,,,,,,,,,,152.6,150,152.9,100,,,,,,,,,,,,,,,,
2026-07-06T21:00:35.819408+00:00,2026-07-06T21:00:35.819367,2,3,152.5,0.2,152.4,108,152.1,150,,,,,,,,,,,,,,,,,152.6,150,152.7,8,152.9,100,,,,,,,,,,,,,,
2026-07-06T21:00:36.748936+00:00,2026-07-06T21:00:36.749176,2,3,152.5,0.2,152.4,108,152.1,150,,,,,,,,,,,,,,,,,152.6,100,152.7,8,152.9,100,,,,,,,,,,,,,,
2026-07-06T21:00:37.078377+00:00,2026-07-06T21:00:37.078559,2,2,152.5,0.2,152.4,100,152.1,150,,,,,,,,,,,,,,,,,152.6,100,152.9,100,,,,,,,,,,,,,,,,
2026-07-06T21:00:37.083893+00:00,2026-07-06T21:00:37.083813,3,2,152.5,0.2,152.4,100,152.2,8,152.1,150,,,,,,,,,,,,,,,152.6,108,152.9,100,,,,,,,,,,,,,,,,
2026-07-06T21:00:37.802262+00:00,2026-07-06T21:00:37.802211,2,1,152.4,0.4,152.2,8,152.1,150,,,,,,,,,,,,,,,,,152.6,108,,,,,,,,,,,,,,,,,,
2026-07-06T21:00:37.864000+00:00,2026-07-06T21:00:37.863894,3,1,152.5,0.2,152.4,100,152.2,8,152.1,150,,,,,,,,,,,,,,,152.6,108,,,,,,,,,,,,,,,,,,
2026-07-06T21:00:37.909402+00:00,2026-07-06T21:00:37.909313,3,2,152.5,0.2,152.4,100,152.2,8,152.1,150,,,,,,,,,,,,,,,152.6,108,152.9,100,,,,,,,,,,,,,,,,
2026-07-06T21:00:38.358925+00:00,2026-07-06T21:00:38.358821,2,2,152.5,0.2,152.4,100,152.2,8,,,,,,,,,,,,,,,,,152.6,8,152.9,100,,,,,,,,,,,,,,,,
2026-07-06T21:00:38.400854+00:00,2026-07-06T21:00:38.400775,2,2,152.5,0.2,152.4,250,152.2,8,,,,,,,,,,,,,,,,,152.6,8,152.9,100,,,,,,,,,,,,,,,,
2026-07-06T21:00:38.454119+00:00,2026-07-06T21:00:38.454072,2,2,152.5,0.2,152.4,250,152.2,8,,,,,,,,,,,,,,,,,152.6,8,152.9,250,,,,,,,,,,,,,,,,
2026-07-06T21:00:38.595097+00:00,2026-07-06T21:00:38.595048,1,1,152.65,0.5,152.4,250,,,,,,,,,,,,,,,,,,,152.9,250,,,,,,,,,,,,,,,,,,
2026-07-06T21:00:38.600385+00:00,2026-07-06T21:00:38.600223,1,1,152.65,0.5,152.4,258,,,,,,,,,,,,,,,,,,,152.9,250,,,,,,,,,,,,,,,,,,
2026-07-06T21:00:38.637084+00:00,2026-07-06T21:00:38.636974,1,2,152.55,0.3,152.4,258,,,,,,,,,,,,,,,,,,,152.7,8,152.9,250,,,,,,,,,,,,,,,,
2026-07-06T21:00:38.874176+00:00,2026-07-06T21:00:38.874146,1,1,152.65,0.5,152.4,258,,,,,,,,,,,,,,,,,,,152.9,208,,,,,,,,,,,,,,,,,,
2026-07-06T21:00:38.892784+00:00,2026-07-06T21:00:38.892716,1,1,152.65,0.5,152.4,258,,,,,,,,,,,,,,,,,,,152.9,208,,,,,,,,,,,,,,,,,,
2026-07-06T21:00:38.898172+00:00,2026-07-06T21:00:38.897995,1,2,152.6,0.4,152.4,258,,,,,,,,,,,,,,,,,,,152.8,8,152.9,208,,,,,,,,,,,,,,,,
2026-07-06T21:00:39.052570+00:00,2026-07-06T21:00:39.052461,1,1,152.65,0.5,152.4,258,,,,,,,,,,,,,,,,,,,152.9,171,,,,,,,,,,,,,,,,,,
2026-07-06T21:00:39.612466+00:00,2026-07-06T21:00:39.612426,1,1,152.65,0.5,152.4,217,,,,,,,,,,,,,,,,,,,152.9,171,,,,,,,,,,,,,,,,,,
2026-07-06T21:00:40.983964+00:00,2026-07-06T21:00:40.984201,1,1,152.65,0.5,152.4,158,,,,,,,,,,,,,,,,,,,152.9,150,,,,,,,,,,,,,,,,,,
2026-07-06T21:00:40.989591+00:00,2026-07-06T21:00:40.989455,1,1,152.65,0.5,152.4,158,,,,,,,,,,,,,,,,,,,152.9,100,,,,,,,,,,,,,,,,,,
2026-07-06T21:00:41.068951+00:00,2026-07-06T21:00:41.068862,2,1,152.75,0.3,152.6,100,152.4,158,,,,,,,,,,,,,,,,,152.9,100,,,,,,,,,,,,,,,,,,
2026-07-06T21:00:41.120550+00:00,2026-07-06T21:00:41.120372,2,2,152.75,0.3,152.6,100,152.4,158,,,,,,,,,,,,,,,,,152.9,100,153.1,100,,,,,,,,,,,,,,,,
2026-07-06T21:00:41.170137+00:00,2026-07-06T21:00:41.170094,2,2,152.75,0.3,152.6,100,152.4,158,,,,,,,,,,,,,,,,,152.9,52,153.1,100,,,,,,,,,,,,,,,,
2026-07-06T21:00:41.511758+00:00,2026-07-06T21:00:41.511724,2,1,152.85,0.5,152.6,100,152.4,8,,,,,,,,,,,,,,,,,153.1,100,,,,,,,,,,,,,,,,,,
2026-07-06T21:00:41.565882+00:00,2026-07-06T21:00:41.566069,3,1,152.9,0.4,152.7,150,152.6,100,152.4,8,,,,,,,,,,,,,,,153.1,100,,,,,,,,,,,,,,,,,,
2026-07-06T21:00:41.576122+00:00,2026-07-06T21:00:41.569754,3,1,152.9,0.4,152.7,147,152.6,100,152.4,8,,,,,,,,,,,,,,,153.1,100,,,,,,,,,,,,,,,,,,
2026-07-06T21:00:41.617765+00:00,2026-07-06T21:00:41.617646,3,2,152.9,0.4,152.7,147,152.6,100,152.4,8,,,,,,,,,,,,,,,153.1,100,153.2,150,,,,,,,,,,,,,,,,
2026-07-06T21:00:41.672553+00:00,2026-07-06T21:00:41.672473,3,2,152.9,0.4,152.7,144,152.6,100,152.4,8,,,,,,,,,,,,,,,153.1,100,153.2,150,,,,,,,,,,,,,,,,
2026-07-06T21:00:41.677879+00:00,2026-07-06T21:00:41.677772,2,2,152.9,0.4,152.7,144,152.6,100,,,,,,,,,,,,,,,,,153.1,100,153.2,150,,,,,,,,,,,,,,,,
2026-07-06T21:00:41.693487+00:00,2026-07-06T21:00:41.693445,3,3,152.85,0.3,152.7,144,152.6,100,152.4,8,,,,,,,,,,,,,,,153.0,8,153.1,100,153.2,150,,,,,,,,,,,,,,
2026-07-06T21:00:41.964219+00:00,2026-07-06T21:00:41.964018,3,3,152.85,0.3,152.7,141,152.6,100,152.4,8,,,,,,,,,,,,,,,153.0,8,153.1,100,153.2,150,,,,,,,,,,,,,,
2026-07-06T21:00:42.215226+00:00,2026-07-06T21:00:42.215168,2,2,152.9,0.4,152.7,141,152.6,100,,,,,,,,,,,,,,,,,153.1,100,153.2,150,,,,,,,,,,,,,,,,
2026-07-06T21:00:42.220503+00:00,2026-07-06T21:00:42.220380,3,3,152.8,0.2,152.7,141,152.6,100,152.5,8,,,,,,,,,,,,,,,152.9,8,153.1,100,153.2,150,,,,,,,,,,,,,,
2026-07-06T21:00:42.874749+00:00,2026-07-06T21:00:42.874882,3,2,152.9,0.4,152.7,141,152.6,100,152.5,8,,,,,,,,,,,,,,,153.1,100,153.2,150,,,,,,,,,,,,,,,,
2026-07-06T21:00:44.175573+00:00,2026-07-06T21:00:44.175701,2,1,152.95,0.5,152.7,141,152.5,8,,,,,,,,,,,,,,,,,153.2,150,,,,,,,,,,,,,,,,,,
2026-07-06T21:00:44.230896+00:00,2026-07-06T21:00:44.230812,2,1,152.95,0.5,152.7,241,152.5,8,,,,,,,,,,,,,,,,,153.2,150,,,,,,,,,,,,,,,,,,
2026-07-06T21:00:44.236049+00:00,2026-07-06T21:00:44.236016,2,1,152.95,0.5,152.7,241,152.5,8,,,,,,,,,,,,,,,,,153.2,150,,,,,,,,,,,,,,,,,,
2026-07-06T21:00:44.283777+00:00,2026-07-06T21:00:44.283742,2,1,152.95,0.5,152.7,241,152.5,8,,,,,,,,,,,,,,,,,153.2,250,,,,,,,,,,,,,,,,,,
2026-07-06T21:00:44.680788+00:00,2026-07-06T21:00:44.680710,2,1,152.95,0.5,152.7,100,152.5,8,,,,,,,,,,,,,,,,,153.2,100,,,,,,,,,,,,,,,,,,
2026-07-06T21:00:44.739956+00:00,2026-07-06T21:00:44.739830,3,1,153.0,0.4,152.8,150,152.7,100,152.5,8,,,,,,,,,,,,,,,153.2,100,,,,,,,,,,,,,,,,,,
2026-07-06T21:00:44.796094+00:00,2026-07-06T21:00:44.795969,3,2,153.0,0.4,152.8,150,152.7,100,152.5,8,,,,,,,,,,,,,,,153.2,100,153.3,150,,,,,,,,,,,,,,,,
2026-07-06T21:00:45.226092+00:00,2026-07-06T21:00:45.226030,3,2,153.0,0.4,152.8,150,152.7,100,152.5,8,,,,,,,,,,,,,,,153.2,50,153.3,150,,,,,,,,,,,,,,,,
2026-07-06T21:00:46.743391+00:00,2026-07-06T21:00:46.743534,3,2,153.0,0.4,152.8,150,152.7,100,152.6,8,,,,,,,,,,,,,,,153.2,50,153.3,150,,,,,,,,,,,,,,,,
2026-07-06T21:00:47.358804+00:00,2026-07-06T21:00:47.358724,2,1,153.05,0.5,152.8,150,152.6,8,,,,,,,,,,,,,,,,,153.3,150,,,,,,,,,,,,,,,,,,
2026-07-06T21:00:47.395450+00:00,2026-07-06T21:00:47.395378,2,1,153.05,0.5,152.8,250,152.6,8,,,,,,,,,,,,,,,,,153.3,150,,,,,,,,,,,,,,,,,,
2026-07-06T21:00:47.446142+00:00,2026-07-06T21:00:47.446069,2,1,153.05,0.5,152.8,250,152.6,8,,,,,,,,,,,,,,,,,153.3,250,,,,,,,,,,,,,,,,,,
2026-07-06T21:00:47.863935+00:00,2026-07-06T21:00:47.863891,2,1,153.05,0.5,152.8,100,152.6,8,,,,,,,,,,,,,,,,,153.3,100,,,,,,,,,,,,,,,,,,
2026-07-06T21:00:47.905543+00:00,2026-07-06T21:00:47.905476,3,1,153.1,0.4,152.9,150,152.8,100,152.6,8,,,,,,,,,,,,,,,153.3,100,,,,,,,,,,,,,,,,,,
2026-07-06T21:00:47.958671+00:00,2026-07-06T21:00:47.958642,3,2,153.1,0.4,152.9,150,152.8,100,152.6,8,,,,,,,,,,,,,,,153.3,100,153.4,150,,,,,,,,,,,,,,,,
2026-07-06T21:00:49.500623+00:00,2026-07-06T21:00:49.500496,3,2,153.1,0.4,152.9,100,152.8,100,152.6,8,,,,,,,,,,,,,,,153.3,100,153.4,150,,,,,,,,,,,,,,,,
2026-07-06T21:00:50.017081+00:00,2026-07-06T21:00:50.016888,3,2,153.1,0.4,152.9,100,152.8,100,152.7,8,,,,,,,,,,,,,,,153.3,100,153.4,150,,,,,,,,,,,,,,,,
2026-07-06T21:00:50.504778+00:00,2026-07-06T21:00:50.504714,2,1,153.15,0.5,152.9,100,152.7,8,,,,,,,,,,,,,,,,,153.4,150,,,,,,,,,,,,,,,,,,
2026-07-06T21:00:50.558600+00:00,2026-07-06T21:00:50.550602,3,1,153.35,0.1,153.3,100,152.9,100,152.7,8,,,,,,,,,,,,,,,153.4,150,,,,,,,,,,,,,,,,,,
2026-07-06T21:00:50.609555+00:00,2026-07-06T21:00:50.609490,3,2,153.35,0.1,153.3,100,152.9,100,152.7,8,,,,,,,,,,,,,,,153.4,150,153.8,100,,,,,,,,,,,,,,,,
2026-07-06T21:00:51.011508+00:00,2026-07-06T21:00:51.011441,2,1,153.55,0.5,153.3,100,152.7,8,,,,,,,,,,,,,,,,,153.8,100,,,,,,,,,,,,,,,,,,
2026-07-06T21:00:51.026669+00:00,2026-07-06T21:00:51.026529,2,1,153.55,0.5,153.3,100,152.7,8,,,,,,,,,,,,,,,,,153.8,100,,,,,,,,,,,,,,,,,,
2026-07-06T21:00:51.065875+00:00,2026-07-06T21:00:51.065753,3,1,153.55,0.5,153.3,100,152.9,150,152.7,8,,,,,,,,,,,,,,,153.8,100,,,,,,,,,,,,,,,,,,
2026-07-06T21:00:51.118564+00:00,2026-07-06T21:00:51.118443,3,2,153.35,0.1,153.3,100,152.9,150,152.7,8,,,,,,,,,,,,,,,153.4,150,153.8,100,,,,,,,,,,,,,,,,
2026-07-06T21:00:51.533473+00:00,2026-07-06T21:00:51.533419,3,2,153.35,0.1,153.3,100,152.9,150,152.7,8,,,,,,,,,,,,,,,153.4,150,153.8,100,,,,,,,,,,,,,,,,
2026-07-06T21:00:51.664018+00:00,2026-07-06T21:00:51.663907,3,2,153.35,0.1,153.3,50,152.9,150,152.7,8,,,,,,,,,,,,,,,153.4,150,153.8,100,,,,,,,,,,,,,,,,
2026-07-06T21:00:52.292062+00:00,2026-07-06T21:00:52.291932,3,2,153.35,0.1,153.3,1,152.9,150,152.7,8,,,,,,,,,,,,,,,153.4,150,153.8,100,,,,,,,,,,,,,,,,
2026-07-06T21:00:52.931315+00:00,2026-07-06T21:00:52.931473,2,2,153.15,0.5,152.9,107,152.7,8,,,,,,,,,,,,,,,,,153.4,150,153.8,100,,,,,,,,,,,,,,,,
2026-07-06T21:00:53.665975+00:00,2026-07-06T21:00:53.665895,2,1,153.15,0.5,152.9,107,152.7,8,,,,,,,,,,,,,,,,,153.4,150,,,,,,,,,,,,,,,,,,
2026-07-06T21:00:53.717705+00:00,2026-07-06T21:00:53.717594,3,1,153.2,0.4,153.0,100,152.9,57,152.7,8,,,,,,,,,,,,,,,153.4,150,,,,,,,,,,,,,,,,,,
2026-07-06T21:00:53.779721+00:00,2026-07-06T21:00:53.779635,3,2,153.2,0.4,153.0,100,152.9,57,152.7,8,,,,,,,,,,,,,,,153.4,150,153.5,100,,,,,,,,,,,,,,,,
2026-07-06T21:00:54.046467+00:00,2026-07-06T21:00:54.046347,3,2,153.2,0.4,153.0,100,152.9,57,152.6,8,,,,,,,,,,,,,,,153.4,150,153.5,100,,,,,,,,,,,,,,,,
2026-07-06T21:00:54.172060+00:00,2026-07-06T21:00:54.172026,2,1,153.25,0.5,153.0,100,152.6,8,,,,,,,,,,,,,,,,,153.5,100,,,,,,,,,,,,,,,,,,
2026-07-06T21:00:54.227273+00:00,2026-07-06T21:00:54.227244,3,1,153.25,0.5,153.0,100,152.6,8,152.4,150,,,,,,,,,,,,,,,153.5,100,,,,,,,,,,,,,,,,,,
2026-07-06T21:00:54.280662+00:00,2026-07-06T21:00:54.280541,2,2,152.75,0.3,152.6,8,152.4,150,,,,,,,,,,,,,,,,,152.9,50,153.5,100,,,,,,,,,,,,,,,,
2026-07-06T21:00:54.304142+00:00,2026-07-06T21:00:54.304033,2,2,152.75,0.3,152.6,8,152.4,150,,,,,,,,,,,,,,,,,152.9,50,153.5,100,,,,,,,,,,,,,,,,
2026-07-06T21:00:55.826332+00:00,2026-07-06T21:00:55.826251,1,2,152.65,0.5,152.4,108,,,,,,,,,,,,,,,,,,,152.9,50,153.5,100,,,,,,,,,,,,,,,,
2026-07-06T21:00:56.834661+00:00,2026-07-06T21:00:56.834502,1,1,152.65,0.5,152.4,108,,,,,,,,,,,,,,,,,,,152.9,50,,,,,,,,,,,,,,,,,,
2026-07-06T21:00:56.888081+00:00,2026-07-06T21:00:56.888165,1,1,152.65,0.5,152.4,208,,,,,,,,,,,,,,,,,,,152.9,50,,,,,,,,,,,,,,,,,,
2026-07-06T21:00:56.941436+00:00,2026-07-06T21:00:56.941601,1,1,152.65,0.5,152.4,208,,,,,,,,,,,,,,,,,,,152.9,150,,,,,,,,,,,,,,,,,,
2026-07-06T21:00:57.337386+00:00,2026-07-06T21:00:57.337318,1,1,152.65,0.5,152.4,100,,,,,,,,,,,,,,,,,,,152.9,100,,,,,,,,,,,,,,,,,,
2026-07-06T21:00:57.394916+00:00,2026-07-06T21:00:57.395049,1,1,152.65,0.5,152.4,250,,,,,,,,,,,,,,,,,,,152.9,100,,,,,,,,,,,,,,,,,,
2026-07-06T21:00:57.449408+00:00,2026-07-06T21:00:57.449330,1,1,152.65,0.5,152.4,250,,,,,,,,,,,,,,,,,,,152.9,250,,,,,,,,,,,,,,,,,,
2026-07-06T21:00:57.638506+00:00,2026-07-06T21:00:57.638651,1,1,152.65,0.5,152.4,250,,,,,,,,,,,,,,,,,,,152.9,203,,,,,,,,,,,,,,,,,,
2026-07-06T21:00:57.947582+00:00,2026-07-06T21:00:57.947481,1,1,152.65,0.5,152.4,200,,,,,,,,,,,,,,,,,,,152.9,203,,,,,,,,,,,,,,,,,,
2026-07-06T21:00:59.995314+00:00,2026-07-06T21:00:59.995456,1,1,152.65,0.5,152.4,150,,,,,,,,,,,,,,,,,,,152.9,150,,,,,,,,,,,,,,,,,,
2026-07-06T21:01:00.058940+00:00,2026-07-06T21:01:00.058781,1,1,152.65,0.5,152.4,200,,,,,,,,,,,,,,,,,,,152.9,150,,,,,,,,,,,,,,,,,,
2026-07-06T21:01:00.104848+00:00,2026-07-06T21:01:00.104746,1,1,152.65,0.5,152.4,200,,,,,,,,,,,,,,,,,,,152.9,250,,,,,,,,,,,,,,,,,,
2026-07-06T21:01:00.505431+00:00,2026-07-06T21:01:00.505357,1,1,152.65,0.5,152.4,100,,,,,,,,,,,,,,,,,,,152.9,100,,,,,,,,,,,,,,,,,,
2026-07-06T21:01:00.558644+00:00,2026-07-06T21:01:00.555752,2,1,152.65,0.5,152.4,100,152.1,150,,,,,,,,,,,,,,,,,152.9,100,,,,,,,,,,,,,,,,,,
2026-07-06T21:01:00.614962+00:00,2026-07-06T21:01:00.614840,2,2,152.5,0.2,152.4,100,152.1,150,,,,,,,,,,,,,,,,,152.6,150,152.9,100,,,,,,,,,,,,,,,,
2026-07-06T21:01:01.033935+00:00,2026-07-06T21:01:01.033830,2,2,152.5,0.2,152.4,108,152.1,150,,,,,,,,,,,,,,,,,152.6,150,152.9,100,,,,,,,,,,,,,,,,
2026-07-06T21:01:01.039082+00:00,2026-07-06T21:01:01.039002,2,3,152.5,0.2,152.4,108,152.1,150,,,,,,,,,,,,,,,,,152.6,150,152.7,8,152.9,100,,,,,,,,,,,,,,
2026-07-06T21:01:02.169099+00:00,2026-07-06T21:01:02.168980,2,3,152.5,0.2,152.4,58,152.1,150,,,,,,,,,,,,,,,,,152.6,150,152.7,8,152.9,100,,,,,,,,,,,,,,
2026-07-06T21:01:02.296235+00:00,2026-07-06T21:01:02.296122,2,2,152.5,0.2,152.4,50,152.1,150,,,,,,,,,,,,,,,,,152.6,150,152.9,100,,,,,,,,,,,,,,,,
2026-07-06T21:01:02.301376+00:00,2026-07-06T21:01:02.301333,3,2,152.5,0.2,152.4,50,152.3,8,152.1,150,,,,,,,,,,,,,,,152.6,158,152.9,100,,,,,,,,,,,,,,,,
2026-07-06T21:01:02.471045+00:00,2026-07-06T21:01:02.471221,3,2,152.5,0.2,152.4,50,152.3,8,152.1,150,,,,,,,,,,,,,,,152.6,116,152.9,100,,,,,,,,,,,,,,,,
2026-07-06T21:01:03.163650+00:00,2026-07-06T21:01:03.163808,2,1,152.45,0.3,152.3,8,152.1,150,,,,,,,,,,,,,,,,,152.6,116,,,,,,,,,,,,,,,,,,
2026-07-06T21:01:03.213077+00:00,2026-07-06T21:01:03.212939,3,1,152.45,0.3,152.3,8,152.2,100,152.1,150,,,,,,,,,,,,,,,152.6,116,,,,,,,,,,,,,,,,,,
2026-07-06T21:01:03.266236+00:00,2026-07-06T21:01:03.266155,3,2,152.45,0.3,152.3,8,152.2,100,152.1,150,,,,,,,,,,,,,,,152.6,116,152.7,100,,,,,,,,,,,,,,,,
2026-07-06T21:01:03.495616+00:00,2026-07-06T21:01:03.489673,3,2,152.45,0.3,152.3,8,152.2,100,152.1,150,,,,,,,,,,,,,,,152.6,113,152.7,100,,,,,,,,,,,,,,,,
2026-07-06T21:01:03.561319+00:00,2026-07-06T21:01:03.561254,2,2,152.4,0.4,152.2,100,152.1,150,,,,,,,,,,,,,,,,,152.6,105,152.7,100,,,,,,,,,,,,,,,,
2026-07-06T21:01:03.566545+00:00,2026-07-06T21:01:03.566471,3,2,152.5,0.2,152.4,8,152.2,100,152.1,150,,,,,,,,,,,,,,,152.6,105,152.7,108,,,,,,,,,,,,,,,,
2026-07-06T21:01:03.669446+00:00,2026-07-06T21:01:03.669330,2,1,152.55,0.3,152.4,8,152.2,100,,,,,,,,,,,,,,,,,152.7,108,,,,,,,,,,,,,,,,,,
2026-07-06T21:01:03.725134+00:00,2026-07-06T21:01:03.725007,3,1,152.6,0.2,152.5,150,152.4,8,152.2,100,,,,,,,,,,,,,,,152.7,108,,,,,,,,,,,,,,,,,,
2026-07-06T21:01:03.778865+00:00,2026-07-06T21:01:03.778780,3,2,152.6,0.2,152.5,150,152.4,8,152.2,100,,,,,,,,,,,,,,,152.7,108,153.0,150,,,,,,,,,,,,,,,,
2026-07-06T21:01:04.268908+00:00,2026-07-06T21:01:04.268804,3,2,152.6,0.2,152.5,100,152.4,8,152.2,100,,,,,,,,,,,,,,,152.7,108,153.0,150,,,,,,,,,,,,,,,,
2026-07-06T21:01:04.592103+00:00,2026-07-06T21:01:04.592036,3,2,152.6,0.2,152.5,100,152.4,8,152.2,100,,,,,,,,,,,,,,,152.7,61,153.0,150,,,,,,,,,,,,,,,,
2026-07-06T21:01:04.647638+00:00,2026-07-06T21:01:04.647597,3,2,152.6,0.2,152.5,60,152.4,8,152.2,100,,,,,,,,,,,,,,,152.7,61,153.0,150,,,,,,,,,,,,,,,,
2026-07-06T21:01:05.118630+00:00,2026-07-06T21:01:05.118545,3,2,152.6,0.2,152.5,16,152.4,8,152.2,100,,,,,,,,,,,,,,,152.7,61,153.0,150,,,,,,,,,,,,,,,,
2026-07-06T21:01:05.829481+00:00,2026-07-06T21:01:05.829434,2,2,152.6,0.2,152.5,16,152.2,100,,,,,,,,,,,,,,,,,152.7,53,153.0,150,,,,,,,,,,,,,,,,
2026-07-06T21:01:05.834679+00:00,2026-07-06T21:01:05.834654,3,3,152.65,0.1,152.6,8,152.5,16,152.2,100,,,,,,,,,,,,,,,152.7,53,152.9,8,153.0,150,,,,,,,,,,,,,,
2026-07-06T21:01:06.310140+00:00,2026-07-06T21:01:06.310110,3,2,152.75,0.3,152.6,8,152.5,16,152.2,100,,,,,,,,,,,,,,,152.9,8,153.0,150,,,,,,,,,,,,,,,,
2026-07-06T21:01:06.316644+00:00,2026-07-06T21:01:06.316523,2,1,152.8,0.4,152.6,8,152.5,16,,,,,,,,,,,,,,,,,153.0,108,,,,,,,,,,,,,,,,,,
2026-07-06T21:01:06.374232+00:00,2026-07-06T21:01:06.374189,2,1,152.8,0.4,152.6,108,152.5,16,,,,,,,,,,,,,,,,,153.0,108,,,,,,,,,,,,,,,,,,
2026-07-06T21:01:06.427668+00:00,2026-07-06T21:01:06.427559,2,2,152.8,0.4,152.6,108,152.5,16,,,,,,,,,,,,,,,,,153.0,108,153.1,100,,,,,,,,,,,,,,,,
2026-07-06T21:01:06.832346+00:00,2026-07-06T21:01:06.832236,1,1,152.85,0.5,152.6,108,,,,,,,,,,,,,,,,,,,153.1,100,,,,,,,,,,,,,,,,,,
2026-07-06T21:01:06.887436+00:00,2026-07-06T21:01:06.887331,2,1,152.85,0.5,152.6,108,152.3,150,,,,,,,,,,,,,,,,,153.1,100,,,,,,,,,,,,,,,,,,
2026-07-06T21:01:06.940306+00:00,2026-07-06T21:01:06.940209,2,2,152.7,0.2,152.6,108,152.3,150,,,,,,,,,,,,,,,,,152.8,150,153.1,100,,,,,,,,,,,,,,,,
2026-07-06T21:01:07.344337+00:00,2026-07-06T21:01:07.344216,2,2,152.7,0.2,152.6,100,152.3,150,,,,,,,,,,,,,,,,,152.8,150,153.1,100,,,,,,,,,,,,,,,,
2026-07-06T21:01:07.349471+00:00,2026-07-06T21:01:07.349395,3,2,152.7,0.2,152.6,100,152.5,8,152.3,150,,,,,,,,,,,,,,,152.8,150,153.1,100,,,,,,,,,,,,,,,,
2026-07-06T21:01:08.481861+00:00,2026-07-06T21:01:08.482099,3,2,152.7,0.2,152.6,50,152.5,8,152.3,150,,,,,,,,,,,,,,,152.8,150,153.1,100,,,,,,,,,,,,,,,,
2026-07-06T21:01:09.258760+00:00,2026-07-06T21:01:09.252482,3,2,152.7,0.2,152.6,2,152.5,8,152.3,150,,,,,,,,,,,,,,,152.8,150,153.1,100,,,,,,,,,,,,,,,,
2026-07-06T21:01:09.493208+00:00,2026-07-06T21:01:09.493056,3,1,152.7,0.2,152.6,2,152.5,8,152.3,150,,,,,,,,,,,,,,,152.8,150,,,,,,,,,,,,,,,,,,
2026-07-06T21:01:09.498352+00:00,2026-07-06T21:01:09.498260,2,1,152.65,0.3,152.5,8,152.3,150,,,,,,,,,,,,,,,,,152.8,150,,,,,,,,,,,,,,,,,,
2026-07-06T21:01:09.548731+00:00,2026-07-06T21:01:09.548659,3,1,152.65,0.3,152.5,8,152.3,150,152.2,100,,,,,,,,,,,,,,,152.8,150,,,,,,,,,,,,,,,,,,
2026-07-06T21:01:09.605080+00:00,2026-07-06T21:01:09.604986,3,2,152.6,0.2,152.5,8,152.3,150,152.2,100,,,,,,,,,,,,,,,152.7,100,152.8,150,,,,,,,,,,,,,,,,
2026-07-06T21:01:09.858653+00:00,2026-07-06T21:01:09.852958,3,2,152.55,0.3,152.4,8,152.3,150,152.2,100,,,,,,,,,,,,,,,152.7,100,152.8,150,,,,,,,,,,,,,,,,
2026-07-06T21:01:09.995468+00:00,2026-07-06T21:01:09.995628,2,1,152.55,0.3,152.4,8,152.2,100,,,,,,,,,,,,,,,,,152.7,100,,,,,,,,,,,,,,,,,,
2026-07-06T21:01:10.058613+00:00,2026-07-06T21:01:10.055896,3,1,152.55,0.3,152.4,8,152.2,100,151.9,150,,,,,,,,,,,,,,,152.7,100,,,,,,,,,,,,,,,,,,
2026-07-06T21:01:10.111676+00:00,2026-07-06T21:01:10.111805,2,2,152.3,0.2,152.2,100,151.9,150,,,,,,,,,,,,,,,,,152.4,142,152.7,100,,,,,,,,,,,,,,,,
2026-07-06T21:01:10.591287+00:00,2026-07-06T21:01:10.591251,2,2,152.3,0.2,152.2,50,151.9,150,,,,,,,,,,,,,,,,,152.4,142,152.7,100,,,,,,,,,,,,,,,,
2026-07-06T21:01:10.968730+00:00,2026-07-06T21:01:10.962371,2,2,152.3,0.2,152.2,50,151.9,150,,,,,,,,,,,,,,,,,152.4,131,152.7,100,,,,,,,,,,,,,,,,
2026-07-06T21:01:12.126603+00:00,2026-07-06T21:01:12.126506,3,3,152.35,0.1,152.3,8,152.2,50,151.9,150,,,,,,,,,,,,,,,152.4,131,152.7,100,152.8,8,,,,,,,,,,,,,,
2026-07-06T21:01:12.658597+00:00,2026-07-06T21:01:12.654715,2,2,152.35,0.1,152.3,8,151.9,150,,,,,,,,,,,,,,,,,152.4,131,152.8,8,,,,,,,,,,,,,,,,
2026-07-06T21:01:12.700501+00:00,2026-07-06T21:01:12.700430,1,2,152.15,0.5,151.9,108,,,,,,,,,,,,,,,,,,,152.4,131,152.8,8,,,,,,,,,,,,,,,,
2026-07-06T21:01:12.764144+00:00,2026-07-06T21:01:12.764005,1,2,152.15,0.5,151.9,208,,,,,,,,,,,,,,,,,,,152.4,231,152.8,8,,,,,,,,,,,,,,,,
2026-07-06T21:01:12.883645+00:00,2026-07-06T21:01:12.883787,2,1,152.2,0.4,152.0,8,151.9,208,,,,,,,,,,,,,,,,,152.4,231,,,,,,,,,,,,,,,,,,
2026-07-06T21:01:12.889076+00:00,2026-07-06T21:01:12.888947,2,2,152.2,0.4,152.0,8,151.9,208,,,,,,,,,,,,,,,,,152.4,231,152.7,8,,,,,,,,,,,,,,,,
2026-07-06T21:01:13.058557+00:00,2026-07-06T21:01:13.057146,2,2,152.2,0.4,152.0,8,151.9,208,,,,,,,,,,,,,,,,,152.4,184,152.7,8,,,,,,,,,,,,,,,,
2026-07-06T21:01:13.158649+00:00,2026-07-06T21:01:13.154995,2,2,152.2,0.4,152.0,8,151.9,100,,,,,,,,,,,,,,,,,152.4,100,152.7,8,,,,,,,,,,,,,,,,
2026-07-06T21:01:13.214797+00:00,2026-07-06T21:01:13.214767,3,2,152.25,0.3,152.1,150,152.0,8,151.9,100,,,,,,,,,,,,,,,152.4,100,152.7,8,,,,,,,,,,,,,,,,
2026-07-06T21:01:13.269012+00:00,2026-07-06T21:01:13.268959,3,3,152.25,0.3,152.1,150,152.0,8,151.9,100,,,,,,,,,,,,,,,152.4,100,152.6,150,152.7,8,,,,,,,,,,,,,,
2026-07-06T21:01:13.398647+00:00,2026-07-06T21:01:13.398582,2,2,152.25,0.3,152.1,150,151.9,100,,,,,,,,,,,,,,,,,152.4,100,152.6,150,,,,,,,,,,,,,,,,
2026-07-06T21:01:13.403850+00:00,2026-07-06T21:01:13.403770,3,3,152.3,0.2,152.2,8,152.1,150,151.9,100,,,,,,,,,,,,,,,152.4,100,152.6,150,152.7,8,,,,,,,,,,,,,,
2026-07-06T21:01:13.913020+00:00,2026-07-06T21:01:13.912900,2,3,152.25,0.3,152.1,150,151.9,100,,,,,,,,,,,,,,,,,152.4,100,152.6,150,152.7,8,,,,,,,,,,,,,,
2026-07-06T21:01:13.917994+00:00,2026-07-06T21:01:13.918119,3,2,152.35,0.1,152.3,8,152.1,150,151.9,100,,,,,,,,,,,,,,,152.4,100,152.6,150,,,,,,,,,,,,,,,,
2026-07-06T21:01:13.923354+00:00,2026-07-06T21:01:13.923306,3,3,152.35,0.1,152.3,8,152.1,150,151.9,100,,,,,,,,,,,,,,,152.4,100,152.6,150,152.8,8,,,,,,,,,,,,,,
2026-07-06T21:01:14.812602+00:00,2026-07-06T21:01:14.812525,2,3,152.25,0.3,152.1,108,151.9,100,,,,,,,,,,,,,,,,,152.4,100,152.6,150,152.8,8,,,,,,,,,,,,,,
2026-07-06T21:01:14.887730+00:00,2026-07-06T21:01:14.881574,2,3,152.25,0.3,152.1,108,151.9,100,,,,,,,,,,,,,,,,,152.4,88,152.6,150,152.8,8,,,,,,,,,,,,,,
2026-07-06T21:01:14.961019+00:00,2026-07-06T21:01:14.960936,2,2,152.25,0.3,152.1,108,151.9,100,,,,,,,,,,,,,,,,,152.4,88,152.6,150,,,,,,,,,,,,,,,,
2026-07-06T21:01:14.971549+00:00,2026-07-06T21:01:14.971401,3,3,152.3,0.2,152.2,8,152.1,108,151.9,100,,,,,,,,,,,,,,,152.4,88,152.6,150,152.8,8,,,,,,,,,,,,,,
2026-07-06T21:01:15.236049+00:00,2026-07-06T21:01:15.235902,2,2,152.25,0.3,152.1,108,151.9,100,,,,,,,,,,,,,,,,,152.4,88,152.6,150,,,,,,,,,,,,,,,,
2026-07-06T21:01:15.240980+00:00,2026-07-06T21:01:15.241109,3,3,152.35,0.1,152.3,8,152.1,108,151.9,100,,,,,,,,,,,,,,,152.4,88,152.6,150,152.7,8,,,,,,,,,,,,,,
2026-07-06T21:01:15.821828+00:00,2026-07-06T21:01:15.821749,2,2,152.45,0.3,152.3,8,152.1,108,,,,,,,,,,,,,,,,,152.6,150,152.7,8,,,,,,,,,,,,,,,,
2026-07-06T21:01:15.876697+00:00,2026-07-06T21:01:15.876597,2,2,152.45,0.3,152.3,8,152.1,208,,,,,,,,,,,,,,,,,152.6,150,152.7,8,,,,,,,,,,,,,,,,
2026-07-06T21:01:15.929270+00:00,2026-07-06T21:01:15.929404,2,2,152.45,0.3,152.3,8,152.1,208,,,,,,,,,,,,,,,,,152.6,250,152.7,8,,,,,,,,,,,,,,,,
2026-07-06T21:01:16.250986+00:00,2026-07-06T21:01:16.250879,1,1,152.35,0.5,152.1,208,,,,,,,,,,,,,,,,,,,152.6,250,,,,,,,,,,,,,,,,,,
2026-07-06T21:01:16.255973+00:00,2026-07-06T21:01:16.256080,2,1,152.45,0.3,152.3,8,152.1,208,,,,,,,,,,,,,,,,,152.6,258,,,,,,,,,,,,,,,,,,
2026-07-06T21:01:16.324726+00:00,2026-07-06T21:01:16.324659,2,1,152.45,0.3,152.3,8,152.1,100,,,,,,,,,,,,,,,,,152.6,108,,,,,,,,,,,,,,,,,,
2026-07-06T21:01:16.379806+00:00,2026-07-06T21:01:16.379709,3,1,152.45,0.3,152.3,8,152.1,100,151.9,150,,,,,,,,,,,,,,,152.6,108,,,,,,,,,,,,,,,,,,
2026-07-06T21:01:16.432833+00:00,2026-07-06T21:01:16.432769,3,2,152.35,0.1,152.3,8,152.1,100,151.9,150,,,,,,,,,,,,,,,152.4,150,152.6,108,,,,,,,,,,,,,,,,
2026-07-06T21:01:16.919919+00:00,2026-07-06T21:01:16.919775,2,2,152.25,0.3,152.1,58,151.9,150,,,,,,,,,,,,,,,,,152.4,150,152.6,108,,,,,,,,,,,,,,,,
2026-07-06T21:01:17.014427+00:00,2026-07-06T21:01:17.014344,2,2,152.25,0.3,152.1,58,151.9,150,,,,,,,,,,,,,,,,,152.4,150,152.6,100,,,,,,,,,,,,,,,,
2026-07-06T21:01:17.019426+00:00,2026-07-06T21:01:17.019553,3,2,152.3,0.2,152.2,8,152.1,58,151.9,150,,,,,,,,,,,,,,,152.4,150,152.6,108,,,,,,,,,,,,,,,,
2026-07-06T21:01:17.468760+00:00,2026-07-06T21:01:17.468880,3,2,152.3,0.2,152.2,8,152.1,58,151.9,150,,,,,,,,,,,,,,,152.4,104,152.6,108,,,,,,,,,,,,,,,,
2026-07-06T21:01:17.531939+00:00,2026-07-06T21:01:17.531894,2,2,152.25,0.3,152.1,58,151.9,150,,,,,,,,,,,,,,,,,152.4,104,152.6,100,,,,,,,,,,,,,,,,
2026-07-06T21:01:17.537233+00:00,2026-07-06T21:01:17.537127,3,3,152.35,0.1,152.3,8,152.1,58,151.9,150,,,,,,,,,,,,,,,152.4,104,152.6,100,152.7,8,,,,,,,,,,,,,,
2026-07-06T21:01:18.983396+00:00,2026-07-06T21:01:18.983330,2,2,152.35,0.1,152.3,8,151.9,150,,,,,,,,,,,,,,,,,152.4,104,152.7,8,,,,,,,,,,,,,,,,
2026-07-06T21:01:19.030774+00:00,2026-07-06T21:01:19.030700,1,2,152.15,0.5,151.9,108,,,,,,,,,,,,,,,,,,,152.4,104,152.7,8,,,,,,,,,,,,,,,,
2026-07-06T21:01:19.041254+00:00,2026-07-06T21:01:19.041130,1,2,152.15,0.5,151.9,208,,,,,,,,,,,,,,,,,,,152.4,104,152.7,8,,,,,,,,,,,,,,,,
2026-07-06T21:01:19.051350+00:00,2026-07-06T21:01:19.051453,2,1,152.2,0.4,152.0,8,151.9,208,,,,,,,,,,,,,,,,,152.4,104,,,,,,,,,,,,,,,,,,
2026-07-06T21:01:19.058603+00:00,2026-07-06T21:01:19.056631,2,2,152.2,0.4,152.0,8,151.9,208,,,,,,,,,,,,,,,,,152.4,104,152.8,8,,,,,,,,,,,,,,,,
2026-07-06T21:01:19.093995+00:00,2026-07-06T21:01:19.093963,2,2,152.2,0.4,152.0,8,151.9,208,,,,,,,,,,,,,,,,,152.4,204,152.8,8,,,,,,,,,,,,,,,,
2026-07-06T21:01:19.486594+00:00,2026-07-06T21:01:19.486737,2,2,152.2,0.4,152.0,8,151.9,100,,,,,,,,,,,,,,,,,152.4,100,152.8,8,,,,,,,,,,,,,,,,
2026-07-06T21:01:19.540994+00:00,2026-07-06T21:01:19.540915,3,2,152.25,0.3,152.1,150,152.0,8,151.9,100,,,,,,,,,,,,,,,152.4,100,152.8,8,,,,,,,,,,,,,,,,
2026-07-06T21:01:19.558733+00:00,2026-07-06T21:01:19.557512,3,1,152.3,0.2,152.2,8,152.1,150,151.9,100,,,,,,,,,,,,,,,152.4,100,,,,,,,,,,,,,,,,,,
2026-07-06T21:01:19.570510+00:00,2026-07-06T21:01:19.570302,3,2,152.3,0.2,152.2,8,152.1,150,151.9,100,,,,,,,,,,,,,,,152.4,100,152.8,8,,,,,,,,,,,,,,,,
2026-07-06T21:01:19.603882+00:00,2026-07-06T21:01:19.603776,3,3,152.3,0.2,152.2,8,152.1,150,151.9,100,,,,,,,,,,,,,,,152.4,100,152.6,150,152.8,8,,,,,,,,,,,,,,
2026-07-06T21:01:19.823527+00:00,2026-07-06T21:01:19.823445,2,3,152.25,0.3,152.1,150,151.9,100,,,,,,,,,,,,,,,,,152.4,100,152.6,150,152.8,8,,,,,,,,,,,,,,
2026-07-06T21:01:19.828858+00:00,2026-07-06T21:01:19.828704,2,2,152.25,0.3,152.1,150,151.9,100,,,,,,,,,,,,,,,,,152.4,100,152.6,150,,,,,,,,,,,,,,,,
2026-07-06T21:01:19.833004+00:00,2026-07-06T21:01:19.831071,3,3,152.35,0.1,152.3,8,152.1,150,151.9,100,,,,,,,,,,,,,,,152.4,100,152.6,150,152.8,8,,,,,,,,,,,,,,
2026-07-06T21:01:21.140114+00:00,2026-07-06T21:01:21.140075,2,3,152.25,0.3,152.1,108,151.9,100,,,,,,,,,,,,,,,,,152.4,100,152.6,150,152.8,8,,,,,,,,,,,,,,
2026-07-06T21:01:21.339706+00:00,2026-07-06T21:01:21.339656,2,2,152.25,0.3,152.1,108,151.9,100,,,,,,,,,,,,,,,,,152.4,100,152.6,150,,,,,,,,,,,,,,,,
2026-07-06T21:01:21.345051+00:00,2026-07-06T21:01:21.344931,3,3,152.3,0.2,152.2,8,152.1,108,151.9,100,,,,,,,,,,,,,,,152.4,100,152.6,150,152.7,8,,,,,,,,,,,,,,
2026-07-06T21:01:21.455611+00:00,2026-07-06T21:01:21.449243,3,3,152.3,0.2,152.2,8,152.1,108,151.9,100,,,,,,,,,,,,,,,152.4,89,152.6,150,152.7,8,,,,,,,,,,,,,,
2026-07-06T21:01:21.610413+00:00,2026-07-06T21:01:21.610277,2,2,152.25,0.3,152.1,108,151.9,100,,,,,,,,,,,,,,,,,152.4,89,152.6,150,,,,,,,,,,,,,,,,
2026-07-06T21:01:21.615607+00:00,2026-07-06T21:01:21.615530,3,3,152.35,0.1,152.3,8,152.1,108,151.9,100,,,,,,,,,,,,,,,152.4,89,152.6,150,152.8,8,,,,,,,,,,,,,,
2026-07-06T21:01:21.631065+00:00,2026-07-06T21:01:21.630990,2,3,152.25,0.3,152.1,68,151.9,100,,,,,,,,,,,,,,,,,152.4,89,152.6,150,152.8,8,,,,,,,,,,,,,,
2026-07-06T21:01:22.127007+00:00,2026-07-06T21:01:22.127142,3,2,152.3,0.2,152.2,8,152.1,68,151.9,100,,,,,,,,,,,,,,,152.4,89,152.6,150,,,,,,,,,,,,,,,,
2026-07-06T21:01:22.132411+00:00,2026-07-06T21:01:22.132340,3,3,152.3,0.2,152.2,8,152.1,68,151.9,100,,,,,,,,,,,,,,,152.4,89,152.6,150,152.8,8,,,,,,,,,,,,,,
2026-07-06T21:01:22.158777+00:00,2026-07-06T21:01:22.158726,2,2,152.4,0.4,152.2,8,152.1,68,,,,,,,,,,,,,,,,,152.6,150,152.8,8,,,,,,,,,,,,,,,,
2026-07-06T21:01:22.214652+00:00,2026-07-06T21:01:22.214473,3,2,152.4,0.4,152.2,8,152.1,68,152.0,100,,,,,,,,,,,,,,,152.6,150,152.8,8,,,,,,,,,,,,,,,,
2026-07-06T21:01:22.271299+00:00,2026-07-06T21:01:22.271248,3,3,152.35,0.3,152.2,8,152.1,68,152.0,100,,,,,,,,,,,,,,,152.5,100,152.6,150,152.8,8,,,,,,,,,,,,,,
2026-07-06T21:01:22.636884+00:00,2026-07-06T21:01:22.637014,2,2,152.3,0.4,152.1,68,152.0,100,,,,,,,,,,,,,,,,,152.5,100,152.6,150,,,,,,,,,,,,,,,,
2026-07-06T21:01:22.642257+00:00,2026-07-06T21:01:22.642208,3,3,152.4,0.2,152.3,8,152.1,68,152.0,100,,,,,,,,,,,,,,,152.5,100,152.6,150,152.8,8,,,,,,,,,,,,,,
2026-07-06T21:01:22.658542+00:00,2026-07-06T21:01:22.657627,2,2,152.4,0.2,152.3,8,152.0,100,,,,,,,,,,,,,,,,,152.5,100,152.8,8,,,,,,,,,,,,,,,,
2026-07-06T21:01:22.778456+00:00,2026-07-06T21:01:22.772768,2,3,152.15,0.3,152.0,100,151.8,150,,,,,,,,,,,,,,,,,152.3,119,152.5,100,152.8,8,,,,,,,,,,,,,,
2026-07-06T21:01:22.898827+00:00,2026-07-06T21:01:22.898728,3,2,152.2,0.2,152.1,8,152.0,100,151.8,150,,,,,,,,,,,,,,,152.3,119,152.5,100,,,,,,,,,,,,,,,,
2026-07-06T21:01:22.904028+00:00,2026-07-06T21:01:22.903903,3,3,152.2,0.2,152.1,8,152.0,100,151.8,150,,,,,,,,,,,,,,,152.3,119,152.5,100,152.8,8,,,,,,,,,,,,,,
2026-07-06T21:01:23.145130+00:00,2026-07-06T21:01:23.153294,3,3,152.2,0.2,152.1,8,152.0,100,151.8,150,,,,,,,,,,,,,,,152.3,116,152.5,100,152.8,8,,,,,,,,,,,,,,
2026-07-06T21:01:23.258584+00:00,2026-07-06T21:01:23.243130,2,3,152.15,0.3,152.0,100,151.8,150,,,,,,,,,,,,,,,,,152.3,116,152.5,100,152.8,8,,,,,,,,,,,,,,
2026-07-06T21:01:25.035377+00:00,2026-07-06T21:01:25.035299,2,3,152.15,0.3,152.0,100,151.8,150,,,,,,,,,,,,,,,,,152.3,71,152.5,100,152.8,8,,,,,,,,,,,,,,
2026-07-06T21:01:25.323525+00:00,2026-07-06T21:01:25.323466,1,2,152.05,0.5,151.8,150,,,,,,,,,,,,,,,,,,,152.3,71,152.8,8,,,,,,,,,,,,,,,,
2026-07-06T21:01:25.385978+00:00,2026-07-06T21:01:25.385917,2,2,152.2,0.2,152.1,100,151.8,150,,,,,,,,,,,,,,,,,152.3,71,152.8,8,,,,,,,,,,,,,,,,
2026-07-06T21:01:25.441111+00:00,2026-07-06T21:01:25.441078,2,3,152.2,0.2,152.1,100,151.8,150,,,,,,,,,,,,,,,,,152.3,71,152.6,100,152.8,8,,,,,,,,,,,,,,
2026-07-06T21:01:25.816964+00:00,2026-07-06T21:01:25.816942,2,2,152.35,0.5,152.1,100,151.8,150,,,,,,,,,,,,,,,,,152.6,100,152.8,8,,,,,,,,,,,,,,,,
2026-07-06T21:01:25.822197+00:00,2026-07-06T21:01:25.822135,1,2,152.35,0.5,152.1,100,,,,,,,,,,,,,,,,,,,152.6,100,152.8,8,,,,,,,,,,,,,,,,
2026-07-06T21:01:25.874454+00:00,2026-07-06T21:01:25.874542,2,2,152.4,0.4,152.2,150,152.1,100,,,,,,,,,,,,,,,,,152.6,100,152.8,8,,,,,,,,,,,,,,,,
2026-07-06T21:01:25.923233+00:00,2026-07-06T21:01:25.923167,2,3,152.4,0.4,152.2,150,152.1,100,,,,,,,,,,,,,,,,,152.6,100,152.7,150,152.8,8,,,,,,,,,,,,,,
2026-07-06T21:01:25.928412+00:00,2026-07-06T21:01:25.928356,2,2,152.4,0.4,152.2,150,152.1,100,,,,,,,,,,,,,,,,,152.6,100,152.7,150,,,,,,,,,,,,,,,,
2026-07-06T21:01:25.933681+00:00,2026-07-06T21:01:25.933559,3,3,152.45,0.3,152.3,8,152.2,150,152.1,100,,,,,,,,,,,,,,,152.6,100,152.7,150,152.8,8,,,,,,,,,,,,,,
2026-07-06T21:01:27.463850+00:00,2026-07-06T21:01:27.463801,2,3,152.4,0.4,152.2,108,152.1,100,,,,,,,,,,,,,,,,,152.6,100,152.7,150,152.8,8,,,,,,,,,,,,,,
2026-07-06T21:01:28.495238+00:00,2026-07-06T21:01:28.495119,2,2,152.45,0.5,152.2,108,152.1,100,,,,,,,,,,,,,,,,,152.7,150,152.8,8,,,,,,,,,,,,,,,,
2026-07-06T21:01:28.500356+00:00,2026-07-06T21:01:28.500321,1,2,152.45,0.5,152.2,108,,,,,,,,,,,,,,,,,,,152.7,150,152.8,8,,,,,,,,,,,,,,,,
2026-07-06T21:01:28.558664+00:00,2026-07-06T21:01:28.553617,2,2,152.45,0.5,152.2,108,152.1,100,,,,,,,,,,,,,,,,,152.7,150,152.8,8,,,,,,,,,,,,,,,,
2026-07-06T21:01:28.604689+00:00,2026-07-06T21:01:28.604584,2,3,152.4,0.4,152.2,108,152.1,100,,,,,,,,,,,,,,,,,152.6,100,152.7,150,152.8,8,,,,,,,,,,,,,,
2026-07-06T21:01:28.980863+00:00,2026-07-06T21:01:28.980751,1,2,152.35,0.5,152.1,100,,,,,,,,,,,,,,,,,,,152.6,100,152.8,8,,,,,,,,,,,,,,,,
2026-07-06T21:01:29.034696+00:00,2026-07-06T21:01:29.034809,2,2,152.35,0.5,152.1,100,152.0,150,,,,,,,,,,,,,,,,,152.6,100,152.8,8,,,,,,,,,,,,,,,,
2026-07-06T21:01:29.084229+00:00,2026-07-06T21:01:29.084183,2,3,152.3,0.4,152.1,100,152.0,150,,,,,,,,,,,,,,,,,152.5,150,152.6,100,152.8,8,,,,,,,,,,,,,,
2026-07-06T21:01:29.205015+00:00,2026-07-06T21:01:29.205223,3,2,152.35,0.3,152.2,8,152.1,100,152.0,150,,,,,,,,,,,,,,,152.5,150,152.6,100,,,,,,,,,,,,,,,,
2026-07-06T21:01:29.210315+00:00,2026-07-06T21:01:29.210457,3,3,152.35,0.3,152.2,8,152.1,100,152.0,150,,,,,,,,,,,,,,,152.5,150,152.6,100,152.8,8,,,,,,,,,,,,,,
2026-07-06T21:01:29.464023+00:00,2026-07-06T21:01:29.464001,2,2,152.3,0.4,152.1,100,152.0,150,,,,,,,,,,,,,,,,,152.5,150,152.6,100,,,,,,,,,,,,,,,,
2026-07-06T21:01:29.469322+00:00,2026-07-06T21:01:29.469201,3,3,152.4,0.2,152.3,8,152.1,100,152.0,150,,,,,,,,,,,,,,,152.5,150,152.6,100,152.7,8,,,,,,,,,,,,,,
2026-07-06T21:01:29.518971+00:00,2026-07-06T21:01:29.518822,3,3,152.4,0.2,152.3,8,152.1,100,152.0,150,,,,,,,,,,,,,,,152.5,100,152.6,100,152.7,8,,,,,,,,,,,,,,
2026-07-06T21:01:30.051053+00:00,2026-07-06T21:01:30.051433,3,3,152.4,0.2,152.3,8,152.1,100,152.0,150,,,,,,,,,,,,,,,152.5,60,152.6,100,152.7,8,,,,,,,,,,,,,,
2026-07-06T21:01:31.658656+00:00,2026-07-06T21:01:31.655938,2,2,152.4,0.2,152.3,8,152.0,150,,,,,,,,,,,,,,,,,152.5,60,152.7,8,,,,,,,,,,,,,,,,
2026-07-06T21:01:31.679662+00:00,2026-07-06T21:01:31.679513,1,2,152.25,0.5,152.0,150,,,,,,,,,,,,,,,,,,,152.5,60,152.7,8,,,,,,,,,,,,,,,,
2026-07-06T21:01:31.723562+00:00,2026-07-06T21:01:31.723655,1,2,152.25,0.5,152.0,250,,,,,,,,,,,,,,,,,,,152.5,60,152.7,8,,,,,,,,,,,,,,,,
2026-07-06T21:01:31.728939+00:00,2026-07-06T21:01:31.728846,1,1,152.25,0.5,152.0,250,,,,,,,,,,,,,,,,,,,152.5,60,,,,,,,,,,,,,,,,,,
2026-07-06T21:01:31.734208+00:00,2026-07-06T21:01:31.734044,2,1,152.3,0.4,152.1,8,152.0,250,,,,,,,,,,,,,,,,,152.5,60,,,,,,,,,,,,,,,,,,
2026-07-06T21:01:31.739395+00:00,2026-07-06T21:01:31.739297,2,2,152.3,0.4,152.1,8,152.0,250,,,,,,,,,,,,,,,,,152.5,60,152.7,8,,,,,,,,,,,,,,,,
2026-07-06T21:01:31.777211+00:00,2026-07-06T21:01:31.777168,2,2,152.3,0.4,152.1,8,152.0,250,,,,,,,,,,,,,,,,,152.5,160,152.7,8,,,,,,,,,,,,,,,,
2026-07-06T21:01:32.141604+00:00,2026-07-06T21:01:32.141530,2,2,152.3,0.4,152.1,8,152.0,100,,,,,,,,,,,,,,,,,152.5,100,152.7,8,,,,,,,,,,,,,,,,
2026-07-06T21:01:32.196689+00:00,2026-07-06T21:01:32.196652,3,2,152.4,0.2,152.3,150,152.1,8,152.0,100,,,,,,,,,,,,,,,152.5,100,152.7,8,,,,,,,,,,,,,,,,
2026-07-06T21:01:32.258781+00:00,2026-07-06T21:01:32.258708,3,3,152.4,0.2,152.3,150,152.1,8,152.0,100,,,,,,,,,,,,,,,152.5,100,152.7,8,152.8,150,,,,,,,,,,,,,,
2026-07-06T21:01:32.263809+00:00,2026-07-06T21:01:32.263984,3,3,152.45,0.1,152.4,8,152.3,150,152.0,100,,,,,,,,,,,,,,,152.5,100,152.7,8,152.8,150,,,,,,,,,,,,,,
2026-07-06T21:01:32.273636+00:00,2026-07-06T21:01:32.267732,2,3,152.4,0.2,152.3,150,152.0,100,,,,,,,,,,,,,,,,,152.5,100,152.7,8,152.8,150,,,,,,,,,,,,,,
2026-07-06T21:01:32.644100+00:00,2026-07-06T21:01:32.643995,2,3,152.4,0.2,152.3,105,152.0,100,,,,,,,,,,,,,,,,,152.5,100,152.7,8,152.8,150,,,,,,,,,,,,,,
2026-07-06T21:01:33.285392+00:00,2026-07-06T21:01:33.285281,2,2,152.4,0.2,152.3,113,152.0,100,,,,,,,,,,,,,,,,,152.5,100,152.8,150,,,,,,,,,,,,,,,,
2026-07-06T21:01:33.290373+00:00,2026-07-06T21:01:33.290460,2,3,152.4,0.2,152.3,113,152.0,100,,,,,,,,,,,,,,,,,152.5,100,152.6,8,152.8,150,,,,,,,,,,,,,,
2026-07-06T21:01:33.738450+00:00,2026-07-06T21:01:33.738295,2,3,152.4,0.2,152.3,113,152.0,100,,,,,,,,,,,,,,,,,152.5,50,152.6,8,152.8,150,,,,,,,,,,,,,,
2026-07-06T21:01:34.832782+00:00,2026-07-06T21:01:34.832694,1,2,152.45,0.3,152.3,113,,,,,,,,,,,,,,,,,,,152.6,8,152.8,150,,,,,,,,,,,,,,,,
2026-07-06T21:01:34.858667+00:00,2026-07-06T21:01:34.852639,1,2,152.45,0.3,152.3,70,,,,,,,,,,,,,,,,,,,152.6,8,152.8,150,,,,,,,,,,,,,,,,
2026-07-06T21:01:34.887013+00:00,2026-07-06T21:01:34.887105,2,2,152.45,0.3,152.3,70,152.1,100,,,,,,,,,,,,,,,,,152.6,8,152.8,150,,,,,,,,,,,,,,,,
2026-07-06T21:01:34.940078+00:00,2026-07-06T21:01:34.939934,2,2,152.45,0.3,152.3,70,152.1,100,,,,,,,,,,,,,,,,,152.6,108,152.8,150,,,,,,,,,,,,,,,,
2026-07-06T21:01:35.303880+00:00,2026-07-06T21:01:35.303810,2,1,152.45,0.3,152.3,8,152.1,100,,,,,,,,,,,,,,,,,152.6,108,,,,,,,,,,,,,,,,,,
2026-07-06T21:01:35.358616+00:00,2026-07-06T21:01:35.357024,3,1,152.45,0.3,152.3,8,152.1,100,151.9,150,,,,,,,,,,,,,,,152.6,108,,,,,,,,,,,,,,,,,,
2026-07-06T21:01:35.412724+00:00,2026-07-06T21:01:35.412548,3,2,152.35,0.1,152.3,8,152.1,100,151.9,150,,,,,,,,,,,,,,,152.4,150,152.6,108,,,,,,,,,,,,,,,,
2026-07-06T21:01:35.844068+00:00,2026-07-06T21:01:35.843944,3,2,152.35,0.1,152.3,8,152.1,100,151.9,150,,,,,,,,,,,,,,,152.4,100,152.6,108,,,,,,,,,,,,,,,,
2026-07-06T21:01:36.301089+00:00,2026-07-06T21:01:36.301048,2,2,152.25,0.3,152.1,100,151.9,150,,,,,,,,,,,,,,,,,152.4,100,152.6,100,,,,,,,,,,,,,,,,
2026-07-06T21:01:36.306300+00:00,2026-07-06T21:01:36.306271,2,2,152.25,0.3,152.1,100,151.9,150,,,,,,,,,,,,,,,,,152.4,92,152.6,100,,,,,,,,,,,,,,,,
2026-07-06T21:01:36.311657+00:00,2026-07-06T21:01:36.311457,2,3,152.25,0.3,152.1,100,151.9,150,,,,,,,,,,,,,,,,,152.4,92,152.6,100,152.8,8,,,,,,,,,,,,,,
2026-07-06T21:01:36.569576+00:00,2026-07-06T21:01:36.569518,3,2,152.3,0.2,152.2,8,152.1,100,151.9,150,,,,,,,,,,,,,,,152.4,92,152.6,100,,,,,,,,,,,,,,,,
2026-07-06T21:01:36.574800+00:00,2026-07-06T21:01:36.574688,3,3,152.3,0.2,152.2,8,152.1,100,151.9,150,,,,,,,,,,,,,,,152.4,92,152.6,100,152.8,8,,,,,,,,,,,,,,
2026-07-06T21:01:36.835211+00:00,2026-07-06T21:01:36.835179,2,3,152.25,0.3,152.1,100,151.9,150,,,,,,,,,,,,,,,,,152.4,92,152.6,100,152.8,8,,,,,,,,,,,,,,
2026-07-06T21:01:36.840494+00:00,2026-07-06T21:01:36.840416,2,2,152.25,0.3,152.1,100,151.9,150,,,,,,,,,,,,,,,,,152.4,92,152.6,100,,,,,,,,,,,,,,,,
2026-07-06T21:01:36.850922+00:00,2026-07-06T21:01:36.850840,3,3,152.35,0.1,152.3,8,152.1,100,151.9,150,,,,,,,,,,,,,,,152.4,92,152.6,100,152.8,8,,,,,,,,,,,,,,
2026-07-06T21:01:37.429068+00:00,2026-07-06T21:01:37.422440,3,3,152.35,0.1,152.3,8,152.1,100,151.9,150,,,,,,,,,,,,,,,152.4,84,152.6,100,152.8,8,,,,,,,,,,,,,,
2026-07-06T21:01:37.964190+00:00,2026-07-06T21:01:37.963887,3,3,152.35,0.1,152.3,8,152.1,100,151.9,150,,,,,,,,,,,,,,,152.4,41,152.6,100,152.8,8,,,,,,,,,,,,,,
2026-07-06T21:01:37.994044+00:00,2026-07-06T21:01:37.993959,2,2,152.35,0.1,152.3,8,151.9,150,,,,,,,,,,,,,,,,,152.4,41,152.8,8,,,,,,,,,,,,,,,,
2026-07-06T21:01:38.045852+00:00,2026-07-06T21:01:38.045951,3,1,152.6,0.4,152.4,59,152.3,8,151.9,150,,,,,,,,,,,,,,,152.8,8,,,,,,,,,,,,,,,,,,
2026-07-06T21:01:38.101423+00:00,2026-07-06T21:01:38.101319,3,2,152.6,0.4,152.4,59,152.3,8,151.9,150,,,,,,,,,,,,,,,152.8,8,152.9,100,,,,,,,,,,,,,,,,
2026-07-06T21:01:38.106489+00:00,2026-07-06T21:01:38.106468,2,2,152.6,0.4,152.4,59,151.9,150,,,,,,,,,,,,,,,,,152.8,8,152.9,100,,,,,,,,,,,,,,,,
2026-07-06T21:01:38.111537+00:00,2026-07-06T21:01:38.111669,3,1,152.7,0.4,152.5,8,152.4,59,151.9,150,,,,,,,,,,,,,,,152.9,100,,,,,,,,,,,,,,,,,,
2026-07-06T21:01:38.116752+00:00,2026-07-06T21:01:38.116884,3,2,152.65,0.3,152.5,8,152.4,59,151.9,150,,,,,,,,,,,,,,,152.8,8,152.9,100,,,,,,,,,,,,,,,,
2026-07-06T21:01:38.463922+00:00,2026-07-06T21:01:38.463822,2,2,152.65,0.3,152.5,8,152.4,59,,,,,,,,,,,,,,,,,152.8,8,152.9,100,,,,,,,,,,,,,,,,
2026-07-06T21:01:38.515352+00:00,2026-07-06T21:01:38.511347,2,1,152.85,0.1,152.8,142,152.4,59,,,,,,,,,,,,,,,,,152.9,100,,,,,,,,,,,,,,,,,,
2026-07-06T21:01:38.524120+00:00,2026-07-06T21:01:38.518688,2,1,152.85,0.1,152.8,104,152.4,59,,,,,,,,,,,,,,,,,152.9,100,,,,,,,,,,,,,,,,,,
2026-07-06T21:01:38.583863+00:00,2026-07-06T21:01:38.583992,2,2,152.85,0.1,152.8,104,152.4,59,,,,,,,,,,,,,,,,,152.9,100,153.3,150,,,,,,,,,,,,,,,,
2026-07-06T21:01:38.875654+00:00,2026-07-06T21:01:38.875598,2,2,152.85,0.1,152.8,96,152.4,67,,,,,,,,,,,,,,,,,152.9,100,153.3,150,,,,,,,,,,,,,,,,
2026-07-06T21:01:39.013359+00:00,2026-07-06T21:01:39.013240,2,2,152.85,0.1,152.8,96,152.4,67,,,,,,,,,,,,,,,,,152.9,53,153.3,150,,,,,,,,,,,,,,,,
2026-07-06T21:01:39.848868+00:00,2026-07-06T21:01:39.842627,2,2,152.85,0.1,152.8,85,152.4,67,,,,,,,,,,,,,,,,,152.9,53,153.3,150,,,,,,,,,,,,,,,,
2026-07-06T21:01:40.058535+00:00,2026-07-06T21:01:40.056739,2,2,152.85,0.1,152.8,85,152.4,67,,,,,,,,,,,,,,,,,152.9,3,153.3,150,,,,,,,,,,,,,,,,
2026-07-06T21:01:41.163815+00:00,2026-07-06T21:01:41.163750,2,1,153.05,0.5,152.8,85,152.4,8,,,,,,,,,,,,,,,,,153.3,150,,,,,,,,,,,,,,,,,,
2026-07-06T21:01:41.209248+00:00,2026-07-06T21:01:41.209081,3,1,153.05,0.5,152.8,85,152.4,8,152.3,100,,,,,,,,,,,,,,,153.3,150,,,,,,,,,,,,,,,,,,
2026-07-06T21:01:41.258587+00:00,2026-07-06T21:01:41.257049,2,2,152.6,0.4,152.4,8,152.3,100,,,,,,,,,,,,,,,,,152.8,15,153.3,150,,,,,,,,,,,,,,,,
2026-07-06T21:01:41.390064+00:00,2026-07-06T21:01:41.389966,1,2,152.55,0.5,152.3,100,,,,,,,,,,,,,,,,,,,152.8,15,153.3,150,,,,,,,,,,,,,,,,
2026-07-06T21:01:41.395278+00:00,2026-07-06T21:01:41.395185,2,3,152.5,0.4,152.3,100,152.2,7,,,,,,,,,,,,,,,,,152.7,7,152.8,15,153.3,150,,,,,,,,,,,,,,
2026-07-06T21:01:41.640276+00:00,2026-07-06T21:01:41.640169,2,2,152.5,0.4,152.3,100,152.2,7,,,,,,,,,,,,,,,,,152.7,7,152.8,15,,,,,,,,,,,,,,,,
2026-07-06T21:01:41.693138+00:00,2026-07-06T21:01:41.693019,3,2,152.5,0.4,152.3,100,152.2,7,151.9,150,,,,,,,,,,,,,,,152.7,7,152.8,15,,,,,,,,,,,,,,,,
2026-07-06T21:01:41.752313+00:00,2026-07-06T21:01:41.746644,3,3,152.35,0.1,152.3,100,152.2,7,151.9,150,,,,,,,,,,,,,,,152.4,127,152.7,7,152.8,15,,,,,,,,,,,,,,
2026-07-06T21:01:41.903631+00:00,2026-07-06T21:01:41.903512,2,2,152.35,0.1,152.3,100,151.9,150,,,,,,,,,,,,,,,,,152.4,127,152.8,15,,,,,,,,,,,,,,,,
2026-07-06T21:01:41.908758+00:00,2026-07-06T21:01:41.908722,3,3,152.35,0.1,152.3,100,152.2,8,151.9,150,,,,,,,,,,,,,,,152.4,127,152.5,8,152.8,15,,,,,,,,,,,,,,
2026-07-06T21:01:42.167288+00:00,2026-07-06T21:01:42.167203,3,3,152.35,0.1,152.3,100,152.2,8,151.9,150,,,,,,,,,,,,,,,152.4,77,152.5,8,152.8,15,,,,,,,,,,,,,,
2026-07-06T21:01:44.279108+00:00,2026-07-06T21:01:44.279048,3,3,152.35,0.1,152.3,100,152.2,8,151.9,150,,,,,,,,,,,,,,,152.4,27,152.5,8,152.8,15,,,,,,,,,,,,,,
2026-07-06T21:01:44.318097+00:00,2026-07-06T21:01:44.317987,2,2,152.3,0.2,152.2,8,151.9,150,,,,,,,,,,,,,,,,,152.4,27,152.5,8,,,,,,,,,,,,,,,,
2026-07-06T21:01:44.372424+00:00,2026-07-06T21:01:44.372303,3,1,152.45,0.1,152.4,73,152.2,8,151.9,150,,,,,,,,,,,,,,,152.5,8,,,,,,,,,,,,,,,,,,
2026-07-06T21:01:44.426110+00:00,2026-07-06T21:01:44.426076,3,2,152.45,0.1,152.4,73,152.2,8,151.9,150,,,,,,,,,,,,,,,152.5,8,152.9,100,,,,,,,,,,,,,,,,
2026-07-06T21:01:44.795388+00:00,2026-07-06T21:01:44.795547,2,2,152.45,0.1,152.4,73,152.2,8,,,,,,,,,,,,,,,,,152.5,8,152.9,100,,,,,,,,,,,,,,,,
2026-07-06T21:01:44.858567+00:00,2026-07-06T21:01:44.857950,2,2,152.45,0.1,152.4,223,152.2,8,,,,,,,,,,,,,,,,,152.5,8,152.9,100,,,,,,,,,,,,,,,,
2026-07-06T21:01:44.902441+00:00,2026-07-06T21:01:44.902629,2,2,152.45,0.1,152.4,223,152.2,8,,,,,,,,,,,,,,,,,152.5,8,152.9,250,,,,,,,,,,,,,,,,
2026-07-06T21:01:47.479298+00:00,2026-07-06T21:01:47.479470,2,2,152.45,0.1,152.4,150,152.2,8,,,,,,,,,,,,,,,,,152.5,8,152.9,150,,,,,,,,,,,,,,,,
2026-07-06T21:01:47.534839+00:00,2026-07-06T21:01:47.534733,3,2,152.45,0.1,152.4,150,152.3,100,152.2,8,,,,,,,,,,,,,,,152.5,8,152.9,150,,,,,,,,,,,,,,,,
2026-07-06T21:01:47.587217+00:00,2026-07-06T21:01:47.587349,3,3,152.45,0.1,152.4,150,152.3,100,152.2,8,,,,,,,,,,,,,,,152.5,8,152.8,100,152.9,150,,,,,,,,,,,,,,
2026-07-06T21:01:47.958557+00:00,2026-07-06T21:01:47.954858,2,2,152.4,0.2,152.3,100,152.2,8,,,,,,,,,,,,,,,,,152.5,8,152.8,100,,,,,,,,,,,,,,,,
2026-07-06T21:01:47.990209+00:00,2026-07-06T21:01:47.990170,2,2,152.4,0.2,152.3,57,152.2,8,,,,,,,,,,,,,,,,,152.5,8,152.8,100,,,,,,,,,,,,,,,,
2026-07-06T21:01:48.016069+00:00,2026-07-06T21:01:48.015949,3,1,152.65,0.3,152.5,142,152.3,57,152.2,8,,,,,,,,,,,,,,,152.8,100,,,,,,,,,,,,,,,,,,
2026-07-06T21:01:48.070570+00:00,2026-07-06T21:01:48.070463,3,2,152.65,0.3,152.5,142,152.3,57,152.2,8,,,,,,,,,,,,,,,152.8,100,153.0,150,,,,,,,,,,,,,,,,
2026-07-06T21:01:48.181695+00:00,2026-07-06T21:01:48.181661,2,2,152.65,0.3,152.5,142,152.3,65,,,,,,,,,,,,,,,,,152.8,100,153.0,150,,,,,,,,,,,,,,,,
2026-07-06T21:01:48.186932+00:00,2026-07-06T21:01:48.186829,2,3,152.6,0.2,152.5,142,152.3,65,,,,,,,,,,,,,,,,,152.7,8,152.8,100,153.0,150,,,,,,,,,,,,,,
2026-07-06T21:01:48.288116+00:00,2026-07-06T21:01:48.272487,2,3,152.6,0.2,152.5,130,152.3,65,,,,,,,,,,,,,,,,,152.7,8,152.8,100,153.0,150,,,,,,,,,,,,,,
2026-07-06T21:01:48.447914+00:00,2026-07-06T21:01:48.447826,2,2,152.65,0.3,152.5,130,152.3,57,,,,,,,,,,,,,,,,,152.8,100,153.0,150,,,,,,,,,,,,,,,,
2026-07-06T21:01:48.458678+00:00,2026-07-06T21:01:48.453035,3,3,152.55,0.1,152.5,130,152.3,57,152.1,8,,,,,,,,,,,,,,,152.6,8,152.8,100,153.0,150,,,,,,,,,,,,,,
2026-07-06T21:01:48.469445+00:00,2026-07-06T21:01:48.469363,3,2,152.65,0.3,152.5,130,152.3,57,152.1,8,,,,,,,,,,,,,,,152.8,100,153.0,150,,,,,,,,,,,,,,,,
2026-07-06T21:01:48.506031+00:00,2026-07-06T21:01:48.505928,3,2,152.65,0.3,152.5,130,152.3,57,152.1,8,,,,,,,,,,,,,,,152.8,50,153.0,150,,,,,,,,,,,,,,,,
2026-07-06T21:01:49.007824+00:00,2026-07-06T21:01:49.001674,3,2,152.65,0.3,152.5,116,152.3,57,152.1,8,,,,,,,,,,,,,,,152.8,50,153.0,150,,,,,,,,,,,,,,,,
2026-07-06T21:01:49.216205+00:00,2026-07-06T21:01:49.216146,3,2,152.65,0.3,152.5,116,152.3,57,152.0,8,,,,,,,,,,,,,,,152.8,50,153.0,150,,,,,,,,,,,,,,,,
2026-07-06T21:01:49.226613+00:00,2026-07-06T21:01:49.226544,3,3,152.6,0.2,152.5,116,152.3,57,152.0,8,,,,,,,,,,,,,,,152.7,8,152.8,50,153.0,150,,,,,,,,,,,,,,
2026-07-06T21:01:50.206002+00:00,2026-07-06T21:01:50.205873,3,3,152.6,0.2,152.5,73,152.3,57,152.0,8,,,,,,,,,,,,,,,152.7,8,152.8,50,153.0,150,,,,,,,,,,,,,,
2026-07-06T21:01:50.486154+00:00,2026-07-06T21:01:50.486016,3,3,152.6,0.2,152.5,70,152.3,57,152.0,8,,,,,,,,,,,,,,,152.7,8,152.8,50,153.0,150,,,,,,,,,,,,,,
2026-07-06T21:01:50.641978+00:00,2026-07-06T21:01:50.641876,2,2,152.6,0.2,152.5,70,152.0,8,,,,,,,,,,,,,,,,,152.7,8,153.0,150,,,,,,,,,,,,,,,,
2026-07-06T21:01:50.689986+00:00,2026-07-06T21:01:50.689951,2,2,152.6,0.2,152.5,20,152.0,8,,,,,,,,,,,,,,,,,152.7,8,153.0,150,,,,,,,,,,,,,,,,
2026-07-06T21:01:50.695235+00:00,2026-07-06T21:01:50.695167,2,2,152.6,0.2,152.5,20,152.0,108,,,,,,,,,,,,,,,,,152.7,8,153.0,150,,,,,,,,,,,,,,,,
2026-07-06T21:01:50.744726+00:00,2026-07-06T21:01:50.744864,2,2,152.6,0.2,152.5,17,152.0,108,,,,,,,,,,,,,,,,,152.7,8,153.0,150,,,,,,,,,,,,,,,,
2026-07-06T21:01:50.750321+00:00,2026-07-06T21:01:50.750273,1,2,152.25,0.5,152.0,100,,,,,,,,,,,,,,,,,,,152.5,83,153.0,150,,,,,,,,,,,,,,,,
2026-07-06T21:01:50.755666+00:00,2026-07-06T21:01:50.755578,2,3,152.25,0.5,152.0,100,151.8,8,,,,,,,,,,,,,,,,,152.5,83,152.6,8,153.0,150,,,,,,,,,,,,,,
2026-07-06T21:01:50.786278+00:00,2026-07-06T21:01:50.786214,2,3,152.25,0.5,152.0,58,151.8,8,,,,,,,,,,,,,,,,,152.5,83,152.6,8,153.0,150,,,,,,,,,,,,,,
2026-07-06T21:01:51.124492+00:00,2026-07-06T21:01:51.124411,2,2,152.25,0.5,152.0,58,151.8,8,,,,,,,,,,,,,,,,,152.5,83,152.6,8,,,,,,,,,,,,,,,,
2026-07-06T21:01:51.174453+00:00,2026-07-06T21:01:51.174348,3,2,152.25,0.5,152.0,58,151.8,8,151.4,150,,,,,,,,,,,,,,,152.5,83,152.6,8,,,,,,,,,,,,,,,,
2026-07-06T21:01:51.232010+00:00,2026-07-06T21:01:51.232115,2,3,151.85,0.1,151.8,8,151.4,150,,,,,,,,,,,,,,,,,151.9,92,152.5,83,152.6,8,,,,,,,,,,,,,,
2026-07-06T21:01:51.241779+00:00,2026-07-06T21:01:51.235669,2,3,151.85,0.1,151.8,8,151.4,150,,,,,,,,,,,,,,,,,151.9,66,152.5,83,152.6,8,,,,,,,,,,,,,,
2026-07-06T21:01:51.258720+00:00,2026-07-06T21:01:51.257360,1,3,151.65,0.5,151.4,150,,,,,,,,,,,,,,,,,,,151.9,66,152.5,83,152.6,8,,,,,,,,,,,,,,
2026-07-06T21:01:51.300462+00:00,2026-07-06T21:01:51.300357,2,2,151.85,0.1,151.8,8,151.4,150,,,,,,,,,,,,,,,,,151.9,66,152.5,83,,,,,,,,,,,,,,,,
2026-07-06T21:01:51.305637+00:00,2026-07-06T21:01:51.305509,2,3,151.85,0.1,151.8,8,151.4,150,,,,,,,,,,,,,,,,,151.9,66,152.1,8,152.5,83,,,,,,,,,,,,,,
2026-07-06T21:01:52.764355+00:00,2026-07-06T21:01:52.764156,2,3,151.85,0.1,151.8,8,151.4,150,,,,,,,,,,,,,,,,,151.9,16,152.1,8,152.5,83,,,,,,,,,,,,,,
2026-07-06T21:01:53.280443+00:00,2026-07-06T21:01:53.280396,2,1,152.15,0.7,151.8,8,151.4,150,,,,,,,,,,,,,,,,,152.5,61,,,,,,,,,,,,,,,,,,
2026-07-06T21:01:53.313614+00:00,2026-07-06T21:01:53.313493,2,1,152.15,0.7,151.8,6,151.4,150,,,,,,,,,,,,,,,,,152.5,61,,,,,,,,,,,,,,,,,,
2026-07-06T21:01:53.318786+00:00,2026-07-06T21:01:53.318663,2,2,152.1,0.6,151.8,6,151.4,150,,,,,,,,,,,,,,,,,152.4,6,152.5,61,,,,,,,,,,,,,,,,
2026-07-06T21:01:53.758606+00:00,2026-07-06T21:01:53.750590,2,1,152.15,0.7,151.8,6,151.4,150,,,,,,,,,,,,,,,,,152.5,26,,,,,,,,,,,,,,,,,,
2026-07-06T21:01:53.806970+00:00,2026-07-06T21:01:53.806863,2,0,,,151.8,6,151.4,150,,,,,,,,,,,,,,,,,,,,,,,,,,,,,,,,,,,,
2026-07-06T21:01:53.858569+00:00,2026-07-06T21:01:53.855590,3,0,,,151.9,100,151.8,6,151.4,150,,,,,,,,,,,,,,,,,,,,,,,,,,,,,,,,,,
2026-07-06T21:01:53.913864+00:00,2026-07-06T21:01:53.913770,3,1,152.15,0.5,151.9,100,151.8,6,151.4,150,,,,,,,,,,,,,,,152.4,100,,,,,,,,,,,,,,,,,,
2026-07-06T21:01:54.286327+00:00,2026-07-06T21:01:54.286432,2,1,152.15,0.5,151.9,100,151.8,6,,,,,,,,,,,,,,,,,152.4,100,,,,,,,,,,,,,,,,,,
2026-07-06T21:01:54.338841+00:00,2026-07-06T21:01:54.338809,2,1,152.15,0.5,151.9,250,151.8,6,,,,,,,,,,,,,,,,,152.4,100,,,,,,,,,,,,,,,,,,
2026-07-06T21:01:54.390502+00:00,2026-07-06T21:01:54.390451,2,1,152.15,0.5,151.9,250,151.8,6,,,,,,,,,,,,,,,,,152.4,250,,,,,,,,,,,,,,,,,,
2026-07-06T21:01:54.859386+00:00,2026-07-06T21:01:54.858739,2,1,152.15,0.5,151.9,250,151.8,6,,,,,,,,,,,,,,,,,152.4,200,,,,,,,,,,,,,,,,,,
2026-07-06T21:01:55.589960+00:00,2026-07-06T21:01:55.583070,2,1,152.15,0.5,151.9,238,151.8,6,,,,,,,,,,,,,,,,,152.4,200,,,,,,,,,,,,,,,,,,
2026-07-06T21:01:56.386688+00:00,2026-07-06T21:01:56.386576,2,1,152.15,0.5,151.9,194,151.8,6,,,,,,,,,,,,,,,,,152.4,200,,,,,,,,,,,,,,,,,,
2026-07-06T21:01:56.588826+00:00,2026-07-06T21:01:56.588781,2,1,152.2,0.4,152.0,8,151.9,194,,,,,,,,,,,,,,,,,152.4,200,,,,,,,,,,,,,,,,,,
2026-07-06T21:01:56.593862+00:00,2026-07-06T21:01:56.593937,2,1,152.2,0.4,152.0,8,151.9,194,,,,,,,,,,,,,,,,,152.4,208,,,,,,,,,,,,,,,,,,
2026-07-06T21:01:56.965910+00:00,2026-07-06T21:01:56.966013,2,1,152.2,0.4,152.0,8,151.9,150,,,,,,,,,,,,,,,,,152.4,158,,,,,,,,,,,,,,,,,,
2026-07-06T21:01:56.990311+00:00,2026-07-06T21:01:56.990171,2,1,152.2,0.4,152.0,8,151.9,150,,,,,,,,,,,,,,,,,152.4,108,,,,,,,,,,,,,,,,,,
2026-07-06T21:01:57.021406+00:00,2026-07-06T21:01:57.021315,2,1,152.2,0.4,152.0,108,151.9,150,,,,,,,,,,,,,,,,,152.4,108,,,,,,,,,,,,,,,,,,
2026-07-06T21:01:57.071024+00:00,2026-07-06T21:01:57.070937,2,2,152.2,0.4,152.0,108,151.9,150,,,,,,,,,,,,,,,,,152.4,108,152.5,100,,,,,,,,,,,,,,,,
2026-07-06T21:01:57.444127+00:00,2026-07-06T21:01:57.444071,1,2,152.2,0.4,152.0,108,,,,,,,,,,,,,,,,,,,152.4,8,152.5,100,,,,,,,,,,,,,,,,
2026-07-06T21:01:57.499910+00:00,2026-07-06T21:01:57.499799,2,2,152.35,0.1,152.3,150,152.0,108,,,,,,,,,,,,,,,,,152.4,8,152.5,100,,,,,,,,,,,,,,,,
2026-07-06T21:01:57.552542+00:00,2026-07-06T21:01:57.552469,2,3,152.35,0.1,152.3,150,152.0,108,,,,,,,,,,,,,,,,,152.4,8,152.5,100,152.8,150,,,,,,,,,,,,,,
2026-07-06T21:01:58.196116+00:00,2026-07-06T21:01:58.190507,2,3,152.35,0.1,152.3,136,152.0,108,,,,,,,,,,,,,,,,,152.4,8,152.5,100,152.8,150,,,,,,,,,,,,,,
2026-07-06T21:01:58.620650+00:00,2026-07-06T21:01:58.620570,2,3,152.35,0.1,152.3,136,152.0,100,,,,,,,,,,,,,,,,,152.4,8,152.5,100,152.8,150,,,,,,,,,,,,,,
2026-07-06T21:01:58.625802+00:00,2026-07-06T21:01:58.625767,3,2,152.4,0.2,152.3,136,152.1,8,152.0,100,,,,,,,,,,,,,,,152.5,100,152.8,150,,,,,,,,,,,,,,,,
2026-07-06T21:01:58.636208+00:00,2026-07-06T21:01:58.636095,3,3,152.35,0.1,152.3,136,152.1,8,152.0,100,,,,,,,,,,,,,,,152.4,8,152.5,100,152.8,150,,,,,,,,,,,,,,
2026-07-06T21:01:59.141898+00:00,2026-07-06T21:01:59.141850,2,2,152.4,0.2,152.3,136,152.0,100,,,,,,,,,,,,,,,,,152.5,100,152.8,150,,,,,,,,,,,,,,,,
2026-07-06T21:01:59.158584+00:00,2026-07-06T21:01:59.147028,3,2,152.4,0.2,152.3,136,152.2,8,152.0,100,,,,,,,,,,,,,,,152.5,108,152.8,150,,,,,,,,,,,,,,,,
2026-07-06T21:01:59.658614+00:00,2026-07-06T21:01:59.652942,3,3,152.35,0.1,152.3,136,152.0,100,151.8,8,,,,,,,,,,,,,,,152.4,8,152.5,100,152.8,150,,,,,,,,,,,,,,
2026-07-06T21:02:00.127058+00:00,2026-07-06T21:02:00.127026,2,2,152.35,0.1,152.3,136,151.8,8,,,,,,,,,,,,,,,,,152.4,8,152.8,150,,,,,,,,,,,,,,,,
2026-07-06T21:02:00.181159+00:00,2026-07-06T21:02:00.181042,3,2,152.35,0.1,152.3,136,151.8,8,151.7,100,,,,,,,,,,,,,,,152.4,8,152.8,150,,,,,,,,,,,,,,,,
2026-07-06T21:02:00.234858+00:00,2026-07-06T21:02:00.234806,3,2,152.35,0.1,152.3,36,151.8,8,151.7,100,,,,,,,,,,,,,,,152.4,8,152.8,150,,,,,,,,,,,,,,,,
2026-07-06T21:02:00.415193+00:00,2026-07-06T21:02:00.415126,2,2,152.35,0.1,152.3,36,151.7,100,,,,,,,,,,,,,,,,,152.4,8,152.8,150,,,,,,,,,,,,,,,,
2026-07-06T21:02:00.420432+00:00,2026-07-06T21:02:00.420338,2,1,152.55,0.5,152.3,36,151.7,100,,,,,,,,,,,,,,,,,152.8,150,,,,,,,,,,,,,,,,,,
2026-07-06T21:02:00.425619+00:00,2026-07-06T21:02:00.425598,3,1,152.55,0.5,152.3,28,151.9,8,151.7,100,,,,,,,,,,,,,,,152.8,150,,,,,,,,,,,,,,,,,,
2026-07-06T21:02:00.606079+00:00,2026-07-06T21:02:00.606007,2,0,,,151.9,8,151.7,100,,,,,,,,,,,,,,,,,,,,,,,,,,,,,,,,,,,,
2026-07-06T21:02:00.660440+00:00,2026-07-06T21:02:00.660379,2,0,,,151.9,8,151.7,250,,,,,,,,,,,,,,,,,,,,,,,,,,,,,,,,,,,,
2026-07-06T21:02:00.713202+00:00,2026-07-06T21:02:00.713089,2,1,152.05,0.3,151.9,8,151.7,250,,,,,,,,,,,,,,,,,152.2,150,,,,,,,,,,,,,,,,,,
2026-07-06T21:02:00.996920+00:00,2026-07-06T21:02:00.991145,2,1,152.05,0.3,151.9,8,151.7,250,,,,,,,,,,,,,,,,,152.2,147,,,,,,,,,,,,,,,,,,
2026-07-06T21:02:01.597671+00:00,2026-07-06T21:02:01.592247,2,1,152.05,0.3,151.9,8,151.7,250,,,,,,,,,,,,,,,,,152.2,136,,,,,,,,,,,,,,,,,,
2026-07-06T21:02:03.000517+00:00,2026-07-06T21:02:03.000398,2,1,152.05,0.3,151.9,8,151.7,250,,,,,,,,,,,,,,,,,152.2,96,,,,,,,,,,,,,,,,,,
2026-07-06T21:02:03.291867+00:00,2026-07-06T21:02:03.291747,2,1,152.05,0.3,151.9,8,151.7,150,,,,,,,,,,,,,,,,,152.2,96,,,,,,,,,,,,,,,,,,
2026-07-06T21:02:03.306123+00:00,2026-07-06T21:02:03.305991,2,1,152.05,0.3,151.9,8,151.7,150,,,,,,,,,,,,,,,,,152.2,46,,,,,,,,,,,,,,,,,,
2026-07-06T21:02:03.358689+00:00,2026-07-06T21:02:03.344991,3,0,,,152.4,54,151.9,8,151.7,150,,,,,,,,,,,,,,,,,,,,,,,,,,,,,,,,,,
2026-07-06T21:02:03.417224+00:00,2026-07-06T21:02:03.417133,3,1,152.65,0.5,152.4,54,151.9,8,151.7,150,,,,,,,,,,,,,,,152.9,100,,,,,,,,,,,,,,,,,,
2026-07-06T21:02:03.762409+00:00,2026-07-06T21:02:03.762344,2,1,152.65,0.5,152.4,54,151.9,8,,,,,,,,,,,,,,,,,152.9,100,,,,,,,,,,,,,,,,,,
2026-07-06T21:02:03.830608+00:00,2026-07-06T21:02:03.823158,3,1,152.7,0.4,152.5,139,152.4,54,151.9,8,,,,,,,,,,,,,,,152.9,100,,,,,,,,,,,,,,,,,,
2026-07-06T21:02:03.872776+00:00,2026-07-06T21:02:03.872731,3,2,152.7,0.4,152.5,139,152.4,54,151.9,8,,,,,,,,,,,,,,,152.9,100,153.0,150,,,,,,,,,,,,,,,,
2026-07-06T21:02:04.748798+00:00,2026-07-06T21:02:04.742730,3,2,152.7,0.4,152.5,136,152.4,54,151.9,8,,,,,,,,,,,,,,,152.9,100,153.0,150,,,,,,,,,,,,,,,,
2026-07-06T21:02:05.126641+00:00,2026-07-06T21:02:05.126589,3,2,152.7,0.4,152.5,88,152.4,54,151.9,8,,,,,,,,,,,,,,,152.9,100,153.0,150,,,,,,,,,,,,,,,,
2026-07-06T21:02:05.467010+00:00,2026-07-06T21:02:05.467158,3,2,152.7,0.4,152.5,38,152.4,54,151.9,8,,,,,,,,,,,,,,,152.9,100,153.0,150,,,,,,,,,,,,,,,,
2026-07-06T21:02:05.617772+00:00,2026-07-06T21:02:05.617717,2,2,152.65,0.5,152.4,49,151.9,8,,,,,,,,,,,,,,,,,152.9,100,153.0,150,,,,,,,,,,,,,,,,
2026-07-06T21:02:06.474396+00:00,2026-07-06T21:02:06.474297,1,1,152.45,1.1,151.9,8,,,,,,,,,,,,,,,,,,,153.0,150,,,,,,,,,,,,,,,,,,
2026-07-06T21:02:06.525312+00:00,2026-07-06T21:02:06.525285,2,1,152.55,0.9,152.1,100,151.9,8,,,,,,,,,,,,,,,,,153.0,150,,,,,,,,,,,,,,,,,,
2026-07-06T21:02:06.578916+00:00,2026-07-06T21:02:06.578814,2,2,152.35,0.5,152.1,100,151.9,8,,,,,,,,,,,,,,,,,152.6,100,153.0,150,,,,,,,,,,,,,,,,
2026-07-06T21:02:06.630537+00:00,2026-07-06T21:02:06.630341,1,2,152.35,0.5,152.1,100,,,,,,,,,,,,,,,,,,,152.6,100,153.0,150,,,,,,,,,,,,,,,,
2026-07-06T21:02:06.635742+00:00,2026-07-06T21:02:06.635595,1,2,152.35,0.5,152.1,107,,,,,,,,,,,,,,,,,,,152.6,100,153.0,150,,,,,,,,,,,,,,,,
2026-07-06T21:02:06.651311+00:00,2026-07-06T21:02:06.651180,1,3,152.3,0.4,152.1,107,,,,,,,,,,,,,,,,,,,152.5,7,152.6,100,153.0,150,,,,,,,,,,,,,,
2026-07-06T21:02:06.926316+00:00,2026-07-06T21:02:06.926204,1,2,152.3,0.4,152.1,107,,,,,,,,,,,,,,,,,,,152.5,7,152.6,100,,,,,,,,,,,,,,,,
2026-07-06T21:02:06.979881+00:00,2026-07-06T21:02:06.979824,2,2,152.3,0.4,152.1,107,152.0,150,,,,,,,,,,,,,,,,,152.5,7,152.6,100,,,,,,,,,,,,,,,,
2026-07-06T21:02:07.048329+00:00,2026-07-06T21:02:07.048263,2,2,152.3,0.4,152.1,107,152.0,150,,,,,,,,,,,,,,,,,152.5,157,152.6,100,,,,,,,,,,,,,,,,
2026-07-06T21:02:07.574531+00:00,2026-07-06T21:02:07.574418,2,2,152.3,0.4,152.1,57,152.0,150,,,,,,,,,,,,,,,,,152.5,157,152.6,100,,,,,,,,,,,,,,,,
2026-07-06T21:02:09.636213+00:00,2026-07-06T21:02:09.636112,2,1,152.3,0.4,152.1,7,152.0,150,,,,,,,,,,,,,,,,,152.5,157,,,,,,,,,,,,,,,,,,
2026-07-06T21:02:09.690457+00:00,2026-07-06T21:02:09.690379,2,1,152.3,0.4,152.1,7,152.0,250,,,,,,,,,,,,,,,,,152.5,157,,,,,,,,,,,,,,,,,,
2026-07-06T21:02:09.743561+00:00,2026-07-06T21:02:09.743527,2,1,152.3,0.4,152.1,7,152.0,250,,,,,,,,,,,,,,,,,152.5,257,,,,,,,,,,,,,,,,,,
2026-07-06T21:02:09.991590+00:00,2026-07-06T21:02:09.985172,2,1,152.3,0.4,152.1,7,152.0,250,,,,,,,,,,,,,,,,,152.5,254,,,,,,,,,,,,,,,,,,
2026-07-06T21:02:10.106591+00:00,2026-07-06T21:02:10.106463,2,1,152.3,0.4,152.1,7,152.0,100,,,,,,,,,,,,,,,,,152.5,104,,,,,,,,,,,,,,,,,,
2026-07-06T21:02:10.163997+00:00,2026-07-06T21:02:10.163877,2,1,152.35,0.3,152.2,158,152.0,100,,,,,,,,,,,,,,,,,152.5,100,,,,,,,,,,,,,,,,,,
2026-07-06T21:02:10.168949+00:00,2026-07-06T21:02:10.169075,2,2,152.35,0.3,152.2,158,152.0,100,,,,,,,,,,,,,,,,,152.5,100,152.6,8,,,,,,,,,,,,,,,,
2026-07-06T21:02:10.213420+00:00,2026-07-06T21:02:10.213368,2,3,152.35,0.3,152.2,158,152.0,100,,,,,,,,,,,,,,,,,152.5,100,152.6,8,152.7,150,,,,,,,,,,,,,,
2026-07-06T21:02:10.605540+00:00,2026-07-06T21:02:10.605465,2,3,152.35,0.3,152.2,158,152.0,100,,,,,,,,,,,,,,,,,152.5,51,152.6,8,152.7,150,,,,,,,,,,,,,,
2026-07-06T21:02:11.783798+00:00,2026-07-06T21:02:11.783688,2,3,152.35,0.3,152.2,108,152.0,100,,,,,,,,,,,,,,,,,152.5,51,152.6,8,152.7,150,,,,,,,,,,,,,,
2026-07-06T21:02:12.793355+00:00,2026-07-06T21:02:12.793590,2,2,152.4,0.4,152.2,108,152.0,100,,,,,,,,,,,,,,,,,152.6,8,152.7,150,,,,,,,,,,,,,,,,
2026-07-06T21:02:12.798851+00:00,2026-07-06T21:02:12.798758,1,2,152.4,0.4,152.2,108,,,,,,,,,,,,,,,,,,,152.6,8,152.7,150,,,,,,,,,,,,,,,,
2026-07-06T21:02:12.864079+00:00,2026-07-06T21:02:12.864001,2,2,152.45,0.3,152.3,100,152.2,108,,,,,,,,,,,,,,,,,152.6,8,152.7,150,,,,,,,,,,,,,,,,
2026-07-06T21:02:12.904789+00:00,2026-07-06T21:02:12.904700,2,3,152.45,0.3,152.3,100,152.2,108,,,,,,,,,,,,,,,,,152.6,8,152.7,150,152.8,100,,,,,,,,,,,,,,
2026-07-06T21:02:13.265926+00:00,2026-07-06T21:02:13.265807,2,2,152.45,0.3,152.3,100,152.2,8,,,,,,,,,,,,,,,,,152.6,8,152.8,100,,,,,,,,,,,,,,,,
2026-07-06T21:02:13.318815+00:00,2026-07-06T21:02:13.318751,3,2,152.45,0.3,152.3,100,152.2,8,151.8,150,,,,,,,,,,,,,,,152.6,8,152.8,100,,,,,,,,,,,,,,,,
2026-07-06T21:02:13.376607+00:00,2026-07-06T21:02:13.376686,2,3,152.25,0.1,152.2,8,151.8,150,,,,,,,,,,,,,,,,,152.3,50,152.6,8,152.8,100,,,,,,,,,,,,,,
2026-07-06T21:02:13.732818+00:00,2026-07-06T21:02:13.727783,2,3,152.25,0.1,152.2,8,151.8,150,,,,,,,,,,,,,,,,,152.3,39,152.6,8,152.8,100,,,,,,,,,,,,,,
2026-07-06T21:02:13.889442+00:00,2026-07-06T21:02:13.889388,1,3,152.05,0.5,151.8,150,,,,,,,,,,,,,,,,,,,152.3,39,152.6,8,152.8,100,,,,,,,,,,,,,,
2026-07-06T21:02:13.938372+00:00,2026-07-06T21:02:13.938260,2,2,152.1,0.4,151.9,8,151.8,150,,,,,,,,,,,,,,,,,152.3,39,152.8,100,,,,,,,,,,,,,,,,
2026-07-06T21:02:13.943514+00:00,2026-07-06T21:02:13.943437,2,3,152.1,0.4,151.9,8,151.8,150,,,,,,,,,,,,,,,,,152.3,39,152.6,8,152.8,100,,,,,,,,,,,,,,
2026-07-06T21:02:15.221471+00:00,2026-07-06T21:02:15.221400,2,1,152.35,0.9,151.9,8,151.8,150,,,,,,,,,,,,,,,,,152.8,100,,,,,,,,,,,,,,,,,,
2026-07-06T21:02:15.455282+00:00,2026-07-06T21:02:15.455221,2,1,152.4,0.8,152.0,8,151.8,150,,,,,,,,,,,,,,,,,152.8,100,,,,,,,,,,,,,,,,,,
2026-07-06T21:02:15.460545+00:00,2026-07-06T21:02:15.460390,2,2,152.35,0.7,152.0,8,151.8,150,,,,,,,,,,,,,,,,,152.7,8,152.8,100,,,,,,,,,,,,,,,,
2026-07-06T21:02:15.946848+00:00,2026-07-06T21:02:15.946956,2,1,152.4,0.8,152.0,8,151.8,150,,,,,,,,,,,,,,,,,152.8,58,,,,,,,,,,,,,,,,,,
2026-07-06T21:02:15.958653+00:00,2026-07-06T21:02:15.953424,2,0,,,152.0,8,151.8,150,,,,,,,,,,,,,,,,,,,,,,,,,,,,,,,,,,,,
2026-07-06T21:02:16.011118+00:00,2026-07-06T21:02:16.011040,3,0,,,152.3,100,152.0,8,151.8,150,,,,,,,,,,,,,,,,,,,,,,,,,,,,,,,,,,
2026-07-06T21:02:16.058639+00:00,2026-07-06T21:02:16.058496,3,1,152.55,0.5,152.3,100,152.0,8,151.8,150,,,,,,,,,,,,,,,152.8,100,,,,,,,,,,,,,,,,,,
2026-07-06T21:02:16.219172+00:00,2026-07-06T21:02:16.219066,2,1,152.55,0.5,152.3,108,151.8,150,,,,,,,,,,,,,,,,,152.8,100,,,,,,,,,,,,,,,,,,
2026-07-06T21:02:16.224426+00:00,2026-07-06T21:02:16.224233,2,2,152.5,0.4,152.3,108,151.8,150,,,,,,,,,,,,,,,,,152.7,8,152.8,100,,,,,,,,,,,,,,,,
2026-07-06T21:02:16.270272+00:00,2026-07-06T21:02:16.270199,2,2,152.5,0.4,152.3,64,151.8,150,,,,,,,,,,,,,,,,,152.7,8,152.8,100,,,,,,,,,,,,,,,,
2026-07-06T21:02:16.430484+00:00,2026-07-06T21:02:16.430415,1,2,152.5,0.4,152.3,64,,,,,,,,,,,,,,,,,,,152.7,8,152.8,100,,,,,,,,,,,,,,,,
2026-07-06T21:02:16.485471+00:00,2026-07-06T21:02:16.485304,2,2,152.6,0.2,152.5,150,152.3,64,,,,,,,,,,,,,,,,,152.7,8,152.8,100,,,,,,,,,,,,,,,,
2026-07-06T21:02:16.539026+00:00,2026-07-06T21:02:16.538879,2,3,152.6,0.2,152.5,150,152.3,64,,,,,,,,,,,,,,,,,152.7,8,152.8,100,153.0,150,,,,,,,,,,,,,,
2026-07-06T21:02:17.864292+00:00,2026-07-06T21:02:17.864043,2,2,152.65,0.3,152.5,150,152.3,64,,,,,,,,,,,,,,,,,152.8,66,153.0,150,,,,,,,,,,,,,,,,
2026-07-06T21:02:17.916863+00:00,2026-07-06T21:02:17.916679,2,2,152.65,0.3,152.5,108,152.3,64,,,,,,,,,,,,,,,,,152.8,66,153.0,150,,,,,,,,,,,,,,,,
2026-07-06T21:02:18.064064+00:00,2026-07-06T21:02:18.063958,2,2,152.65,0.3,152.5,108,152.3,64,,,,,,,,,,,,,,,,,152.8,16,153.0,150,,,,,,,,,,,,,,,,
2026-07-06T21:02:19.117600+00:00,2026-07-06T21:02:19.117515,2,1,152.75,0.5,152.5,108,152.3,8,,,,,,,,,,,,,,,,,153.0,150,,,,,,,,,,,,,,,,,,
2026-07-06T21:02:19.169190+00:00,2026-07-06T21:02:19.169045,2,1,152.75,0.5,152.5,108,152.3,108,,,,,,,,,,,,,,,,,153.0,150,,,,,,,,,,,,,,,,,,
2026-07-06T21:02:19.219333+00:00,2026-07-06T21:02:19.219209,2,2,152.65,0.3,152.5,108,152.3,108,,,,,,,,,,,,,,,,,152.8,100,153.0,150,,,,,,,,,,,,,,,,
2026-07-06T21:02:19.589209+00:00,2026-07-06T21:02:19.589174,1,1,152.55,0.5,152.3,108,,,,,,,,,,,,,,,,,,,152.8,100,,,,,,,,,,,,,,,,,,
2026-07-06T21:02:19.649806+00:00,2026-07-06T21:02:19.649733,1,1,152.55,0.5,152.3,258,,,,,,,,,,,,,,,,,,,152.8,100,,,,,,,,,,,,,,,,,,
2026-07-06T21:02:19.703173+00:00,2026-07-06T21:02:19.703147,1,1,152.55,0.5,152.3,258,,,,,,,,,,,,,,,,,,,152.8,250,,,,,,,,,,,,,,,,,,
2026-07-06T21:02:20.214877+00:00,2026-07-06T21:02:20.214812,1,1,152.55,0.5,152.3,208,,,,,,,,,,,,,,,,,,,152.8,250,,,,,,,,,,,,,,,,,,
2026-07-06T21:02:20.626125+00:00,2026-07-06T21:02:20.626091,1,1,152.55,0.5,152.3,208,,,,,,,,,,,,,,,,,,,152.8,210,,,,,,,,,,,,,,,,,,
2026-07-06T21:02:22.101119+00:00,2026-07-06T21:02:22.101066,1,1,152.55,0.5,152.3,164,,,,,,,,,,,,,,,,,,,152.8,210,,,,,,,,,,,,,,,,,,
2026-07-06T21:02:22.276574+00:00,2026-07-06T21:02:22.276424,1,1,152.55,0.5,152.3,150,,,,,,,,,,,,,,,,,,,152.8,150,,,,,,,,,,,,,,,,,,
2026-07-06T21:02:22.322773+00:00,2026-07-06T21:02:22.322711,1,1,152.55,0.5,152.3,100,,,,,,,,,,,,,,,,,,,152.8,150,,,,,,,,,,,,,,,,,,
2026-07-06T21:02:22.327787+00:00,2026-07-06T21:02:22.327865,2,1,152.55,0.5,152.3,100,152.2,100,,,,,,,,,,,,,,,,,152.8,150,,,,,,,,,,,,,,,,,,
2026-07-06T21:02:22.383219+00:00,2026-07-06T21:02:22.383079,2,2,152.5,0.4,152.3,100,152.2,100,,,,,,,,,,,,,,,,,152.7,100,152.8,150,,,,,,,,,,,,,,,,
2026-07-06T21:02:22.623670+00:00,2026-07-06T21:02:22.623570,2,2,152.5,0.4,152.3,100,152.2,100,,,,,,,,,,,,,,,,,152.7,60,152.8,150,,,,,,,,,,,,,,,,
2026-07-06T21:02:22.774953+00:00,2026-07-06T21:02:22.774912,2,1,152.5,0.4,152.3,100,152.2,100,,,,,,,,,,,,,,,,,152.7,60,,,,,,,,,,,,,,,,,,
2026-07-06T21:02:22.780289+00:00,2026-07-06T21:02:22.780113,1,1,152.45,0.5,152.2,100,,,,,,,,,,,,,,,,,,,152.7,60,,,,,,,,,,,,,,,,,,
2026-07-06T21:02:22.869167+00:00,2026-07-06T21:02:22.868937,1,1,152.45,0.5,152.2,250,,,,,,,,,,,,,,,,,,,152.7,60,,,,,,,,,,,,,,,,,,
2026-07-06T21:02:22.901961+00:00,2026-07-06T21:02:22.902043,1,1,152.45,0.5,152.2,250,,,,,,,,,,,,,,,,,,,152.7,210,,,,,,,,,,,,,,,,,,
2026-07-06T21:02:23.229741+00:00,2026-07-06T21:02:23.229650,1,1,152.45,0.5,152.2,250,,,,,,,,,,,,,,,,,,,152.7,168,,,,,,,,,,,,,,,,,,
2026-07-06T21:02:23.283584+00:00,2026-07-06T21:02:23.283534,1,1,152.45,0.5,152.2,204,,,,,,,,,,,,,,,,,,,152.7,168,,,,,,,,,,,,,,,,,,
2026-07-06T21:02:24.437534+00:00,2026-07-06T21:02:24.437414,1,1,152.45,0.5,152.2,154,,,,,,,,,,,,,,,,,,,152.7,168,,,,,,,,,,,,,,,,,,
2026-07-06T21:02:24.508016+00:00,2026-07-06T21:02:24.507945,1,1,152.45,0.5,152.2,154,,,,,,,,,,,,,,,,,,,152.7,121,,,,,,,,,,,,,,,,,,
2026-07-06T21:02:25.433966+00:00,2026-07-06T21:02:25.433933,1,1,152.45,0.5,152.2,150,,,,,,,,,,,,,,,,,,,152.7,121,,,,,,,,,,,,,,,,,,
2026-07-06T21:02:25.487280+00:00,2026-07-06T21:02:25.487413,2,1,152.5,0.4,152.3,100,152.2,150,,,,,,,,,,,,,,,,,152.7,121,,,,,,,,,,,,,,,,,,
2026-07-06T21:02:25.541457+00:00,2026-07-06T21:02:25.541384,2,2,152.5,0.4,152.3,100,152.2,150,,,,,,,,,,,,,,,,,152.7,121,152.8,100,,,,,,,,,,,,,,,,
2026-07-06T21:02:25.956234+00:00,2026-07-06T21:02:25.956407,1,1,152.55,0.5,152.3,100,,,,,,,,,,,,,,,,,,,152.8,100,,,,,,,,,,,,,,,,,,
2026-07-06T21:02:26.010437+00:00,2026-07-06T21:02:26.010313,1,1,152.55,0.5,152.3,250,,,,,,,,,,,,,,,,,,,152.8,100,,,,,,,,,,,,,,,,,,
2026-07-06T21:02:26.057794+00:00,2026-07-06T21:02:26.057959,1,1,152.55,0.5,152.3,250,,,,,,,,,,,,,,,,,,,152.8,250,,,,,,,,,,,,,,,,,,
2026-07-06T21:02:26.085484+00:00,2026-07-06T21:02:26.085609,1,1,152.55,0.5,152.3,208,,,,,,,,,,,,,,,,,,,152.8,250,,,,,,,,,,,,,,,,,,
2026-07-06T21:02:26.543015+00:00,2026-07-06T21:02:26.542917,1,1,152.55,0.5,152.3,158,,,,,,,,,,,,,,,,,,,152.8,250,,,,,,,,,,,,,,,,,,
2026-07-06T21:02:26.591656+00:00,2026-07-06T21:02:26.591612,1,1,152.55,0.5,152.3,113,,,,,,,,,,,,,,,,,,,152.8,250,,,,,,,,,,,,,,,,,,
2026-07-06T21:02:28.598369+00:00,2026-07-06T21:02:28.598494,1,1,152.55,0.5,152.3,113,,,,,,,,,,,,,,,,,,,152.8,150,,,,,,,,,,,,,,,,,,
2026-07-06T21:02:28.651751+00:00,2026-07-06T21:02:28.651719,2,1,152.55,0.5,152.3,63,152.1,100,,,,,,,,,,,,,,,,,152.8,150,,,,,,,,,,,,,,,,,,
2026-07-06T21:02:28.708478+00:00,2026-07-06T21:02:28.708576,2,2,152.45,0.3,152.3,63,152.1,100,,,,,,,,,,,,,,,,,152.6,100,152.8,150,,,,,,,,,,,,,,,,
2026-07-06T21:02:29.116880+00:00,2026-07-06T21:02:29.116980,1,1,152.35,0.5,152.1,100,,,,,,,,,,,,,,,,,,,152.6,100,,,,,,,,,,,,,,,,,,
2026-07-06T21:02:29.169061+00:00,2026-07-06T21:02:29.169006,2,1,152.35,0.5,152.1,100,152.0,150,,,,,,,,,,,,,,,,,152.6,100,,,,,,,,,,,,,,,,,,
2026-07-06T21:02:29.222477+00:00,2026-07-06T21:02:29.222401,2,2,152.3,0.4,152.1,100,152.0,150,,,,,,,,,,,,,,,,,152.5,150,152.6,100,,,,,,,,,,,,,,,,
2026-07-06T21:02:29.278005+00:00,2026-07-06T21:02:29.277922,3,3,152.35,0.3,152.2,8,152.1,100,152.0,150,,,,,,,,,,,,,,,152.5,150,152.6,100,152.7,8,,,,,,,,,,,,,,
2026-07-06T21:02:29.534967+00:00,2026-07-06T21:02:29.535098,2,2,152.3,0.4,152.1,100,152.0,150,,,,,,,,,,,,,,,,,152.5,150,152.6,100,,,,,,,,,,,,,,,,
2026-07-06T21:02:29.540315+00:00,2026-07-06T21:02:29.540281,3,3,152.4,0.2,152.3,8,152.1,100,152.0,150,,,,,,,,,,,,,,,152.5,150,152.6,100,152.7,8,,,,,,,,,,,,,,
2026-07-06T21:02:29.610554+00:00,2026-07-06T21:02:29.610689,3,3,152.4,0.2,152.3,8,152.1,100,152.0,150,,,,,,,,,,,,,,,152.5,109,152.6,100,152.7,8,,,,,,,,,,,,,,
2026-07-06T21:02:30.549468+00:00,2026-07-06T21:02:30.549413,2,2,152.3,0.4,152.1,100,152.0,150,,,,,,,,,,,,,,,,,152.5,109,152.6,100,,,,,,,,,,,,,,,,
2026-07-06T21:02:30.559708+00:00,2026-07-06T21:02:30.559670,3,2,152.4,0.2,152.3,8,152.1,100,152.0,150,,,,,,,,,,,,,,,152.5,109,152.6,108,,,,,,,,,,,,,,,,
2026-07-06T21:02:30.758542+00:00,2026-07-06T21:02:30.756604,2,2,152.3,0.4,152.1,58,152.0,150,,,,,,,,,,,,,,,,,152.5,109,152.6,108,,,,,,,,,,,,,,,,
2026-07-06T21:02:31.058550+00:00,2026-07-06T21:02:31.057570,2,2,152.3,0.4,152.1,58,152.0,150,,,,,,,,,,,,,,,,,152.5,109,152.6,100,,,,,,,,,,,,,,,,
2026-07-06T21:02:31.069295+00:00,2026-07-06T21:02:31.069200,3,2,152.35,0.3,152.2,8,152.1,58,152.0,150,,,,,,,,,,,,,,,152.5,109,152.6,108,,,,,,,,,,,,,,,,
2026-07-06T21:02:31.576134+00:00,2026-07-06T21:02:31.576064,2,2,152.3,0.4,152.1,58,152.0,150,,,,,,,,,,,,,,,,,152.5,109,152.6,108,,,,,,,,,,,,,,,,
2026-07-06T21:02:31.591880+00:00,2026-07-06T21:02:31.591773,2,2,152.3,0.4,152.1,58,152.0,150,,,,,,,,,,,,,,,,,152.5,109,152.6,100,,,,,,,,,,,,,,,,
2026-07-06T21:02:31.597069+00:00,2026-07-06T21:02:31.596954,3,2,152.4,0.2,152.3,8,152.1,58,152.0,150,,,,,,,,,,,,,,,152.5,109,152.6,108,,,,,,,,,,,,,,,,
2026-07-06T21:02:31.758579+00:00,2026-07-06T21:02:31.755689,2,2,152.4,0.2,152.3,8,152.0,150,,,,,,,,,,,,,,,,,152.5,109,152.6,8,,,,,,,,,,,,,,,,
2026-07-06T21:02:31.818712+00:00,2026-07-06T21:02:31.818668,3,2,152.4,0.2,152.3,8,152.0,150,151.8,100,,,,,,,,,,,,,,,152.5,109,152.6,8,,,,,,,,,,,,,,,,
2026-07-06T21:02:31.887323+00:00,2026-07-06T21:02:31.882447,2,3,152.15,0.3,152.0,150,151.8,100,,,,,,,,,,,,,,,,,152.3,80,152.5,109,152.6,8,,,,,,,,,,,,,,
2026-07-06T21:02:31.920025+00:00,2026-07-06T21:02:31.914444,2,3,152.15,0.3,152.0,150,151.8,100,,,,,,,,,,,,,,,,,152.3,69,152.5,109,152.6,8,,,,,,,,,,,,,,
2026-07-06T21:02:32.105973+00:00,2026-07-06T21:02:32.105883,3,2,152.2,0.2,152.1,8,152.0,150,151.8,100,,,,,,,,,,,,,,,152.3,69,152.5,109,,,,,,,,,,,,,,,,
2026-07-06T21:02:32.111176+00:00,2026-07-06T21:02:32.111077,3,3,152.2,0.2,152.1,8,152.0,150,151.8,100,,,,,,,,,,,,,,,152.3,69,152.5,109,152.6,8,,,,,,,,,,,,,,
2026-07-06T21:02:32.276491+00:00,2026-07-06T21:02:32.276693,2,2,152.2,0.2,152.1,8,151.8,100,,,,,,,,,,,,,,,,,152.3,69,152.6,8,,,,,,,,,,,,,,,,
2026-07-06T21:02:32.331634+00:00,2026-07-06T21:02:32.331580,2,2,152.2,0.2,152.1,158,151.8,100,,,,,,,,,,,,,,,,,152.3,69,152.6,8,,,,,,,,,,,,,,,,
2026-07-06T21:02:32.370007+00:00,2026-07-06T21:02:32.370164,2,1,152.2,0.2,152.1,150,151.8,100,,,,,,,,,,,,,,,,,152.3,69,,,,,,,,,,,,,,,,,,
2026-07-06T21:02:32.375382+00:00,2026-07-06T21:02:32.375335,3,2,152.25,0.1,152.2,8,152.1,150,151.8,100,,,,,,,,,,,,,,,152.3,69,152.5,8,,,,,,,,,,,,,,,,
2026-07-06T21:02:32.380550+00:00,2026-07-06T21:02:32.380472,3,3,152.25,0.1,152.2,8,152.1,150,151.8,100,,,,,,,,,,,,,,,152.3,69,152.5,8,152.6,150,,,,,,,,,,,,,,
2026-07-06T21:02:32.875413+00:00,2026-07-06T21:02:32.875318,2,3,152.2,0.2,152.1,108,151.8,100,,,,,,,,,,,,,,,,,152.3,69,152.5,8,152.6,150,,,,,,,,,,,,,,
2026-07-06T21:02:33.890894+00:00,2026-07-06T21:02:33.890797,3,2,152.25,0.1,152.2,8,152.1,108,151.8,100,,,,,,,,,,,,,,,152.3,69,152.6,150,,,,,,,,,,,,,,,,
2026-07-06T21:02:33.896065+00:00,2026-07-06T21:02:33.895977,3,2,152.25,0.1,152.2,8,152.1,108,151.8,100,,,,,,,,,,,,,,,152.3,69,152.6,158,,,,,,,,,,,,,,,,
2026-07-06T21:02:34.151705+00:00,2026-07-06T21:02:34.151640,2,2,152.2,0.2,152.1,108,151.8,100,,,,,,,,,,,,,,,,,152.3,69,152.6,150,,,,,,,,,,,,,,,,
2026-07-06T21:02:34.158541+00:00,2026-07-06T21:02:34.156876,2,2,152.2,0.2,152.1,108,151.8,100,,,,,,,,,,,,,,,,,152.3,61,152.6,158,,,,,,,,,,,,,,,,
2026-07-06T21:02:34.423647+00:00,2026-07-06T21:02:34.423527,3,2,152.25,0.1,152.2,8,152.1,108,151.8,100,,,,,,,,,,,,,,,152.3,61,152.6,150,,,,,,,,,,,,,,,,
2026-07-06T21:02:34.428600+00:00,2026-07-06T21:02:34.428673,3,2,152.25,0.1,152.2,8,152.1,108,151.8,100,,,,,,,,,,,,,,,152.3,61,152.6,158,,,,,,,,,,,,,,,,
2026-07-06T21:02:34.941262+00:00,2026-07-06T21:02:34.941119,1,1,152.35,0.5,152.1,108,,,,,,,,,,,,,,,,,,,152.6,158,,,,,,,,,,,,,,,,,,
2026-07-06T21:02:34.969065+00:00,2026-07-06T21:02:34.968986,2,1,152.45,0.3,152.3,8,152.1,108,,,,,,,,,,,,,,,,,152.6,158,,,,,,,,,,,,,,,,,,
2026-07-06T21:02:34.992985+00:00,2026-07-06T21:02:34.992952,1,1,152.35,0.5,152.1,66,,,,,,,,,,,,,,,,,,,152.6,158,,,,,,,,,,,,,,,,,,
2026-07-06T21:02:34.998233+00:00,2026-07-06T21:02:34.998149,1,1,152.35,0.5,152.1,166,,,,,,,,,,,,,,,,,,,152.6,158,,,,,,,,,,,,,,,,,,
2026-07-06T21:02:35.050468+00:00,2026-07-06T21:02:35.050561,1,1,152.35,0.5,152.1,166,,,,,,,,,,,,,,,,,,,152.6,258,,,,,,,,,,,,,,,,,,
2026-07-06T21:02:35.222097+00:00,2026-07-06T21:02:35.222050,2,1,152.4,0.4,152.2,8,152.1,166,,,,,,,,,,,,,,,,,152.6,250,,,,,,,,,,,,,,,,,,
2026-07-06T21:02:35.227359+00:00,2026-07-06T21:02:35.227224,2,1,152.4,0.4,152.2,8,152.1,166,,,,,,,,,,,,,,,,,152.6,258,,,,,,,,,,,,,,,,,,
2026-07-06T21:02:35.437974+00:00,2026-07-06T21:02:35.437803,2,1,152.4,0.4,152.2,8,152.1,100,,,,,,,,,,,,,,,,,152.6,108,,,,,,,,,,,,,,,,,,
2026-07-06T21:02:35.514793+00:00,2026-07-06T21:02:35.514706,3,1,152.4,0.4,152.2,8,152.1,100,151.8,150,,,,,,,,,,,,,,,152.6,108,,,,,,,,,,,,,,,,,,
2026-07-06T21:02:35.563868+00:00,2026-07-06T21:02:35.563750,3,2,152.25,0.1,152.2,8,152.1,100,151.8,150,,,,,,,,,,,,,,,152.3,150,152.6,108,,,,,,,,,,,,,,,,
2026-07-06T21:02:35.937932+00:00,2026-07-06T21:02:35.937807,3,2,152.25,0.1,152.2,8,152.1,100,151.8,150,,,,,,,,,,,,,,,152.3,106,152.6,108,,,,,,,,,,,,,,,,
2026-07-06T21:02:35.992771+00:00,2026-07-06T21:02:35.992718,2,2,152.2,0.2,152.1,60,151.8,150,,,,,,,,,,,,,,,,,152.3,106,152.6,108,,,,,,,,,,,,,,,,
2026-07-06T21:02:37.050849+00:00,2026-07-06T21:02:37.050799,2,2,152.2,0.2,152.1,60,151.8,150,,,,,,,,,,,,,,,,,152.3,56,152.6,108,,,,,,,,,,,,,,,,
2026-07-06T21:02:37.958683+00:00,2026-07-06T21:02:37.945632,2,2,152.2,0.2,152.1,60,151.8,150,,,,,,,,,,,,,,,,,152.3,13,152.6,108,,,,,,,,,,,,,,,,
2026-07-06T21:02:38.000467+00:00,2026-07-06T21:02:38.000579,2,2,152.2,0.2,152.1,19,151.8,150,,,,,,,,,,,,,,,,,152.3,13,152.6,108,,,,,,,,,,,,,,,,
2026-07-06T21:02:38.100735+00:00,2026-07-06T21:02:38.100686,1,2,152.05,0.5,151.8,150,,,,,,,,,,,,,,,,,,,152.3,13,152.6,8,,,,,,,,,,,,,,,,
2026-07-06T21:02:38.158628+00:00,2026-07-06T21:02:38.154081,2,2,152.05,0.5,151.8,150,151.7,100,,,,,,,,,,,,,,,,,152.3,13,152.6,8,,,,,,,,,,,,,,,,
2026-07-06T21:02:38.209598+00:00,2026-07-06T21:02:38.209525,2,3,152.0,0.4,151.8,150,151.7,100,,,,,,,,,,,,,,,,,152.2,100,152.3,13,152.6,8,,,,,,,,,,,,,,
2026-07-06T21:02:38.248046+00:00,2026-07-06T21:02:38.247945,3,2,152.05,0.3,151.9,8,151.8,150,151.7,100,,,,,,,,,,,,,,,152.2,100,152.3,13,,,,,,,,,,,,,,,,
2026-07-06T21:02:38.253198+00:00,2026-07-06T21:02:38.253134,3,3,152.05,0.3,151.9,8,151.8,150,151.7,100,,,,,,,,,,,,,,,152.2,100,152.3,13,152.5,8,,,,,,,,,,,,,,
2026-07-06T21:02:38.620653+00:00,2026-07-06T21:02:38.620798,2,2,152.05,0.3,151.9,8,151.7,100,,,,,,,,,,,,,,,,,152.2,100,152.5,8,,,,,,,,,,,,,,,,
2026-07-06T21:02:38.674827+00:00,2026-07-06T21:02:38.674991,3,1,152.4,0.2,152.3,50,151.9,8,151.7,100,,,,,,,,,,,,,,,152.5,8,,,,,,,,,,,,,,,,,,
2026-07-06T21:02:38.730341+00:00,2026-07-06T21:02:38.730245,3,2,152.4,0.2,152.3,50,151.9,8,151.7,100,,,,,,,,,,,,,,,152.5,8,152.8,150,,,,,,,,,,,,,,,,
2026-07-06T21:02:38.758730+00:00,2026-07-06T21:02:38.758633,2,1,152.55,0.5,152.3,50,151.7,100,,,,,,,,,,,,,,,,,152.8,150,,,,,,,,,,,,,,,,,,
2026-07-06T21:02:38.763713+00:00,2026-07-06T21:02:38.763829,3,2,152.4,0.2,152.3,50,152.2,8,151.7,100,,,,,,,,,,,,,,,152.5,8,152.8,150,,,,,,,,,,,,,,,,
2026-07-06T21:02:41.258568+00:00,2026-07-06T21:02:41.257416,3,1,152.55,0.5,152.3,50,152.2,8,151.7,100,,,,,,,,,,,,,,,152.8,108,,,,,,,,,,,,,,,,,,
2026-07-06T21:02:41.269001+00:00,2026-07-06T21:02:41.269114,2,1,152.55,0.5,152.3,50,152.2,8,,,,,,,,,,,,,,,,,152.8,108,,,,,,,,,,,,,,,,,,
2026-07-06T21:02:41.274348+00:00,2026-07-06T21:02:41.274296,2,1,152.55,0.5,152.3,50,152.2,8,,,,,,,,,,,,,,,,,152.8,108,,,,,,,,,,,,,,,,,,
2026-07-06T21:02:41.279589+00:00,2026-07-06T21:02:41.279451,2,2,152.5,0.4,152.3,50,152.2,8,,,,,,,,,,,,,,,,,152.7,8,152.8,108,,,,,,,,,,,,,,,,
2026-07-06T21:02:41.329583+00:00,2026-07-06T21:02:41.329512,3,2,152.5,0.4,152.3,50,152.2,8,152.0,100,,,,,,,,,,,,,,,152.7,8,152.8,108,,,,,,,,,,,,,,,,
2026-07-06T21:02:41.383514+00:00,2026-07-06T21:02:41.383435,3,3,152.4,0.2,152.3,50,152.2,8,152.0,100,,,,,,,,,,,,,,,152.5,100,152.7,8,152.8,108,,,,,,,,,,,,,,
2026-07-06T21:02:41.540452+00:00,2026-07-06T21:02:41.540344,2,3,152.4,0.2,152.3,50,152.0,100,,,,,,,,,,,,,,,,,152.5,100,152.7,8,152.8,108,,,,,,,,,,,,,,
2026-07-06T21:02:41.574342+00:00,2026-07-06T21:02:41.574227,2,2,152.4,0.2,152.3,50,152.0,100,,,,,,,,,,,,,,,,,152.5,100,152.8,108,,,,,,,,,,,,,,,,
2026-07-06T21:02:41.579668+00:00,2026-07-06T21:02:41.579536,3,2,152.4,0.2,152.3,50,152.2,8,152.0,100,,,,,,,,,,,,,,,152.5,100,152.8,108,,,,,,,,,,,,,,,,
2026-07-06T21:02:41.584983+00:00,2026-07-06T21:02:41.584912,3,2,152.4,0.2,152.3,50,152.2,8,152.0,100,,,,,,,,,,,,,,,152.5,108,152.8,108,,,,,,,,,,,,,,,,
2026-07-06T21:02:41.687691+00:00,2026-07-06T21:02:41.687557,3,2,152.4,0.2,152.3,50,152.2,8,152.0,100,,,,,,,,,,,,,,,152.5,65,152.8,108,,,,,,,,,,,,,,,,
2026-07-06T21:02:41.784425+00:00,2026-07-06T21:02:41.784323,2,1,152.35,0.3,152.2,8,152.0,100,,,,,,,,,,,,,,,,,152.5,65,,,,,,,,,,,,,,,,,,
2026-07-06T21:02:41.838971+00:00,2026-07-06T21:02:41.838846,3,1,152.35,0.3,152.2,8,152.1,150,152.0,100,,,,,,,,,,,,,,,152.5,65,,,,,,,,,,,,,,,,,,
2026-07-06T21:02:41.892367+00:00,2026-07-06T21:02:41.892320,3,2,152.35,0.3,152.2,8,152.1,150,152.0,100,,,,,,,,,,,,,,,152.5,65,152.6,150,,,,,,,,,,,,,,,,
2026-07-06T21:02:44.438152+00:00,2026-07-06T21:02:44.438053,2,2,152.35,0.3,152.2,8,152.1,150,,,,,,,,,,,,,,,,,152.5,8,152.6,150,,,,,,,,,,,,,,,,
2026-07-06T21:02:44.493280+00:00,2026-07-06T21:02:44.493210,2,2,152.35,0.3,152.2,8,152.1,250,,,,,,,,,,,,,,,,,152.5,8,152.6,150,,,,,,,,,,,,,,,,
2026-07-06T21:02:44.546672+00:00,2026-07-06T21:02:44.546605,2,2,152.35,0.3,152.2,8,152.1,250,,,,,,,,,,,,,,,,,152.5,8,152.6,250,,,,,,,,,,,,,,,,
