recv_time,book_timestamp,n_bids,n_asks,mid,spread,bid_px_0,bid_vol_0,bid_px_1,bid_vol_1,bid_px_2,bid_vol_2,bid_px_3,bid_vol_3,bid_px_4,bid_vol_4,bid_px_5,bid_vol_5,bid_px_6,bid_vol_6,bid_px_7,bid_vol_7,bid_px_8,bid_vol_8,bid_px_9,bid_vol_9,ask_px_0,ask_vol_0,ask_px_1,ask_vol_1,ask_px_2,ask_vol_2,ask_px_3,ask_vol_3,ask_px_4,ask_vol_4,ask_px_5,ask_vol_5,ask_px_6,ask_vol_6,ask_px_7,ask_vol_7,ask_px_8,ask_vol_8,ask_px_9,ask_vol_9
2026-07-02T03:00:00.157846+00:00,2026-07-02T03:00:00.189354,1,2,99.05,0.1,99.0,150,,,,,,,,,,,,,,,,,,,99.1,6,99.5,150,,,,,,,,,,,,,,,,
2026-07-02T03:00:00.382617+00:00,2026-07-02T03:00:00.294478,2,2,99.3,0.4,99.1,94,99.0,100,,,,,,,,,,,,,,,,,99.5,150,99.6,100,,,,,,,,,,,,,,,,
2026-07-02T03:00:00.663466+00:00,2026-07-02T03:00:00.658526,2,2,99.3,0.4,99.1,94,99.0,100,,,,,,,,,,,,,,,,,99.5,110,99.6,100,,,,,,,,,,,,,,,,
2026-07-02T03:00:01.994628+00:00,2026-07-02T03:00:01.994560,1,1,99.35,0.5,99.1,94,,,,,,,,,,,,,,,,,,,99.6,100,,,,,,,,,,,,,,,,,,
2026-07-02T03:00:02.050277+00:00,2026-07-02T03:00:02.050425,2,1,99.35,0.5,99.1,94,99.0,150,,,,,,,,,,,,,,,,,99.6,100,,,,,,,,,,,,,,,,,,
2026-07-02T03:00:02.103620+00:00,2026-07-02T03:00:02.103495,2,2,99.3,0.4,99.1,94,99.0,150,,,,,,,,,,,,,,,,,99.5,150,99.6,100,,,,,,,,,,,,,,,,
2026-07-02T03:00:02.701972+00:00,2026-07-02T03:00:02.701899,2,2,99.3,0.4,99.1,49,99.0,150,,,,,,,,,,,,,,,,,99.5,150,99.6,100,,,,,,,,,,,,,,,,
2026-07-02T03:00:03.248973+00:00,2026-07-02T03:00:03.249086,3,2,99.3,0.4,99.1,49,99.0,150,98.9,3,,,,,,,,,,,,,,,99.5,150,99.6,100,,,,,,,,,,,,,,,,
2026-07-02T03:00:03.358574+00:00,2026-07-02T03:00:03.352786,2,1,99.25,0.5,99.0,150,98.9,3,,,,,,,,,,,,,,,,,99.5,150,,,,,,,,,,,,,,,,,,
2026-07-02T03:00:03.407507+00:00,2026-07-02T03:00:03.407433,2,1,99.25,0.5,99.0,250,98.9,3,,,,,,,,,,,,,,,,,99.5,150,,,,,,,,,,,,,,,,,,
2026-07-02T03:00:03.464665+00:00,2026-07-02T03:00:03.464574,2,2,99.1,0.2,99.0,250,98.9,3,,,,,,,,,,,,,,,,,99.2,3,99.5,250,,,,,,,,,,,,,,,,
2026-07-02T03:00:04.317313+00:00,2026-07-02T03:00:04.317469,2,1,99.25,0.5,99.0,250,98.9,2,,,,,,,,,,,,,,,,,99.5,250,,,,,,,,,,,,,,,,,,
2026-07-02T03:00:04.458644+00:00,2026-07-02T03:00:04.447981,2,1,99.25,0.5,99.0,200,98.9,2,,,,,,,,,,,,,,,,,99.5,250,,,,,,,,,,,,,,,,,,
2026-07-02T03:00:05.164074+00:00,2026-07-02T03:00:05.163899,2,1,99.25,0.5,99.0,100,98.9,2,,,,,,,,,,,,,,,,,99.5,100,,,,,,,,,,,,,,,,,,
2026-07-02T03:00:05.215702+00:00,2026-07-02T03:00:05.215552,3,1,99.25,0.5,99.0,100,98.9,2,98.7,150,,,,,,,,,,,,,,,99.5,100,,,,,,,,,,,,,,,,,,
2026-07-02T03:00:05.236570+00:00,2026-07-02T03:00:05.257748,3,2,99.1,0.2,99.0,100,98.9,1,98.7,150,,,,,,,,,,,,,,,99.2,150,99.5,100,,,,,,,,,,,,,,,,
2026-07-02T03:00:05.380263+00:00,2026-07-02T03:00:05.380070,2,2,99.1,0.2,99.0,100,98.7,150,,,,,,,,,,,,,,,,,99.2,150,99.5,100,,,,,,,,,,,,,,,,
2026-07-02T03:00:06.510997+00:00,2026-07-02T03:00:06.510967,2,2,99.1,0.2,99.0,100,98.7,150,,,,,,,,,,,,,,,,,99.2,100,99.5,100,,,,,,,,,,,,,,,,
2026-07-02T03:00:06.516310+00:00,2026-07-02T03:00:06.516258,1,1,98.95,0.5,98.7,150,,,,,,,,,,,,,,,,,,,99.2,100,,,,,,,,,,,,,,,,,,
2026-07-02T03:00:06.571823+00:00,2026-07-02T03:00:06.571743,2,1,99.05,0.3,98.9,100,98.7,150,,,,,,,,,,,,,,,,,99.2,100,,,,,,,,,,,,,,,,,,
2026-07-02T03:00:06.624825+00:00,2026-07-02T03:00:06.624986,2,2,99.05,0.3,98.9,100,98.7,150,,,,,,,,,,,,,,,,,99.2,100,99.4,100,,,,,,,,,,,,,,,,
2026-07-02T03:00:08.317884+00:00,2026-07-02T03:00:08.317800,1,1,99.15,0.5,98.9,100,,,,,,,,,,,,,,,,,,,99.4,100,,,,,,,,,,,,,,,,,,
2026-07-02T03:00:08.374041+00:00,2026-07-02T03:00:08.373958,2,1,99.2,0.4,99.0,150,98.9,100,,,,,,,,,,,,,,,,,99.4,100,,,,,,,,,,,,,,,,,,
2026-07-02T03:00:08.426952+00:00,2026-07-02T03:00:08.426819,2,2,99.2,0.4,99.0,150,98.9,100,,,,,,,,,,,,,,,,,99.4,100,99.5,150,,,,,,,,,,,,,,,,
2026-07-02T03:00:08.658671+00:00,2026-07-02T03:00:08.657826,2,2,99.2,0.4,99.0,100,98.9,100,,,,,,,,,,,,,,,,,99.4,100,99.5,150,,,,,,,,,,,,,,,,
2026-07-02T03:00:09.433243+00:00,2026-07-02T03:00:09.433410,2,2,99.2,0.4,99.0,57,98.9,100,,,,,,,,,,,,,,,,,99.4,100,99.5,150,,,,,,,,,,,,,,,,
2026-07-02T03:00:09.673894+00:00,2026-07-02T03:00:09.673967,2,1,99.25,0.5,99.0,57,98.9,100,,,,,,,,,,,,,,,,,99.5,150,,,,,,,,,,,,,,,,,,
2026-07-02T03:00:09.679182+00:00,2026-07-02T03:00:09.679124,1,1,99.25,0.5,99.0,57,,,,,,,,,,,,,,,,,,,99.5,150,,,,,,,,,,,,,,,,,,
2026-07-02T03:00:09.733497+00:00,2026-07-02T03:00:09.733370,2,1,99.25,0.5,99.0,57,98.8,100,,,,,,,,,,,,,,,,,99.5,150,,,,,,,,,,,,,,,,,,
2026-07-02T03:00:09.786148+00:00,2026-07-02T03:00:09.786043,2,2,99.15,0.3,99.0,57,98.8,100,,,,,,,,,,,,,,,,,99.3,100,99.5,150,,,,,,,,,,,,,,,,
2026-07-02T03:00:10.680636+00:00,2026-07-02T03:00:10.669565,1,2,99.05,0.5,98.8,100,,,,,,,,,,,,,,,,,,,99.3,100,99.5,150,,,,,,,,,,,,,,,,
2026-07-02T03:00:11.485557+00:00,2026-07-02T03:00:11.485435,1,2,99.0,0.4,98.8,100,,,,,,,,,,,,,,,,,,,99.2,28,99.3,100,,,,,,,,,,,,,,,,
2026-07-02T03:00:11.534987+00:00,2026-07-02T03:00:11.534881,2,2,99.0,0.4,98.8,100,98.1,150,,,,,,,,,,,,,,,,,99.2,28,99.3,100,,,,,,,,,,,,,,,,
2026-07-02T03:00:11.590854+00:00,2026-07-02T03:00:11.590787,1,3,98.35,0.5,98.1,150,,,,,,,,,,,,,,,,,,,98.6,50,99.2,28,99.3,100,,,,,,,,,,,,,,
2026-07-02T03:00:11.601452+00:00,2026-07-02T03:00:11.594885,1,3,98.35,0.5,98.1,150,,,,,,,,,,,,,,,,,,,98.6,47,99.2,28,99.3,100,,,,,,,,,,,,,,
2026-07-02T03:00:12.263850+00:00,2026-07-02T03:00:12.263987,1,3,98.35,0.5,98.1,150,,,,,,,,,,,,,,,,,,,98.6,47,99.2,7,99.3,100,,,,,,,,,,,,,,
2026-07-02T03:00:12.858702+00:00,2026-07-02T03:00:12.858646,1,2,98.35,0.5,98.1,150,,,,,,,,,,,,,,,,,,,98.6,47,99.2,7,,,,,,,,,,,,,,,,
2026-07-02T03:00:12.893188+00:00,2026-07-02T03:00:12.893098,2,2,98.45,0.3,98.3,100,98.1,150,,,,,,,,,,,,,,,,,98.6,47,99.2,7,,,,,,,,,,,,,,,,
2026-07-02T03:00:12.946464+00:00,2026-07-02T03:00:12.946427,2,3,98.45,0.3,98.3,100,98.1,150,,,,,,,,,,,,,,,,,98.6,47,98.8,100,99.2,7,,,,,,,,,,,,,,
2026-07-02T03:00:13.263819+00:00,2026-07-02T03:00:13.263716,2,3,98.45,0.3,98.3,100,98.1,150,,,,,,,,,,,,,,,,,98.6,47,98.8,100,99.2,6,,,,,,,,,,,,,,
2026-07-02T03:00:14.663651+00:00,2026-07-02T03:00:14.663787,1,2,98.55,0.5,98.3,100,,,,,,,,,,,,,,,,,,,98.8,100,99.2,6,,,,,,,,,,,,,,,,
2026-07-02T03:00:14.698839+00:00,2026-07-02T03:00:14.698929,2,2,98.65,0.3,98.5,150,98.3,100,,,,,,,,,,,,,,,,,98.8,100,99.2,6,,,,,,,,,,,,,,,,
2026-07-02T03:00:14.763953+00:00,2026-07-02T03:00:14.763775,2,3,98.65,0.3,98.5,150,98.3,100,,,,,,,,,,,,,,,,,98.8,100,99.0,150,99.2,6,,,,,,,,,,,,,,
2026-07-02T03:00:15.269403+00:00,2026-07-02T03:00:15.269275,2,3,98.65,0.3,98.5,150,98.3,100,,,,,,,,,,,,,,,,,98.8,100,99.0,150,99.2,5,,,,,,,,,,,,,,
2026-07-02T03:00:15.997188+00:00,2026-07-02T03:00:15.997151,1,2,98.75,0.5,98.5,150,,,,,,,,,,,,,,,,,,,99.0,150,99.2,5,,,,,,,,,,,,,,,,
2026-07-02T03:00:16.058573+00:00,2026-07-02T03:00:16.047782,2,2,98.75,0.5,98.5,150,98.3,100,,,,,,,,,,,,,,,,,99.0,150,99.2,5,,,,,,,,,,,,,,,,
2026-07-02T03:00:16.095802+00:00,2026-07-02T03:00:16.095650,2,2,98.75,0.5,98.5,150,98.3,100,,,,,,,,,,,,,,,,,99.0,150,99.2,3,,,,,,,,,,,,,,,,
2026-07-02T03:00:16.101047+00:00,2026-07-02T03:00:16.100911,2,3,98.65,0.3,98.5,150,98.3,100,,,,,,,,,,,,,,,,,98.8,100,99.0,150,99.2,3,,,,,,,,,,,,,,
2026-07-02T03:00:16.472002+00:00,2026-07-02T03:00:16.471880,2,3,98.65,0.3,98.5,150,98.3,100,,,,,,,,,,,,,,,,,98.8,100,99.0,150,99.2,2,,,,,,,,,,,,,,
2026-07-02T03:00:17.808502+00:00,2026-07-02T03:00:17.858987,2,1,98.65,0.3,98.5,150,98.3,100,,,,,,,,,,,,,,,,,98.8,100,,,,,,,,,,,,,,,,,,
2026-07-02T03:00:17.927036+00:00,2026-07-02T03:00:17.926990,2,2,98.65,0.3,98.5,150,98.3,100,,,,,,,,,,,,,,,,,98.8,100,99.0,150,,,,,,,,,,,,,,,,
2026-07-02T03:00:19.136190+00:00,2026-07-02T03:00:19.136024,2,2,98.65,0.3,98.5,150,98.3,100,,,,,,,,,,,,,,,,,98.8,50,99.0,150,,,,,,,,,,,,,,,,
2026-07-02T03:00:19.158617+00:00,2026-07-02T03:00:19.149618,1,1,98.75,0.5,98.5,150,,,,,,,,,,,,,,,,,,,99.0,150,,,,,,,,,,,,,,,,,,
2026-07-02T03:00:19.212514+00:00,2026-07-02T03:00:19.212679,2,1,98.75,0.5,98.5,150,98.4,100,,,,,,,,,,,,,,,,,99.0,150,,,,,,,,,,,,,,,,,,
2026-07-02T03:00:19.265454+00:00,2026-07-02T03:00:19.265560,2,2,98.7,0.4,98.5,150,98.4,100,,,,,,,,,,,,,,,,,98.9,100,99.0,150,,,,,,,,,,,,,,,,
2026-07-02T03:00:19.370172+00:00,2026-07-02T03:00:19.370048,3,2,98.8,0.2,98.7,5,98.5,150,98.4,100,,,,,,,,,,,,,,,98.9,53,99.0,150,,,,,,,,,,,,,,,,
2026-07-02T03:00:20.592721+00:00,2026-07-02T03:00:20.592904,3,2,98.8,0.2,98.7,5,98.5,150,98.4,100,,,,,,,,,,,,,,,98.9,10,99.0,150,,,,,,,,,,,,,,,,
2026-07-02T03:00:20.982834+00:00,2026-07-02T03:00:20.982729,2,1,98.8,0.2,98.7,5,98.4,100,,,,,,,,,,,,,,,,,98.9,10,,,,,,,,,,,,,,,,,,
2026-07-02T03:00:21.036659+00:00,2026-07-02T03:00:21.036538,3,1,98.8,0.2,98.7,5,98.5,150,98.4,100,,,,,,,,,,,,,,,98.9,10,,,,,,,,,,,,,,,,,,
2026-07-02T03:00:21.086768+00:00,2026-07-02T03:00:21.086675,3,2,98.8,0.2,98.7,5,98.5,150,98.4,100,,,,,,,,,,,,,,,98.9,10,99.0,150,,,,,,,,,,,,,,,,
2026-07-02T03:00:21.258713+00:00,2026-07-02T03:00:21.244769,3,1,98.85,0.3,98.7,5,98.5,150,98.4,100,,,,,,,,,,,,,,,99.0,110,,,,,,,,,,,,,,,,,,
2026-07-02T03:00:22.318722+00:00,2026-07-02T03:00:22.318675,2,1,98.85,0.3,98.7,5,98.5,150,,,,,,,,,,,,,,,,,99.0,110,,,,,,,,,,,,,,,,,,
2026-07-02T03:00:22.374784+00:00,2026-07-02T03:00:22.374707,2,1,98.85,0.3,98.7,105,98.5,150,,,,,,,,,,,,,,,,,99.0,110,,,,,,,,,,,,,,,,,,
2026-07-02T03:00:22.428410+00:00,2026-07-02T03:00:22.428353,2,2,98.85,0.3,98.7,105,98.5,150,,,,,,,,,,,,,,,,,99.0,110,99.2,100,,,,,,,,,,,,,,,,
2026-07-02T03:00:22.669757+00:00,2026-07-02T03:00:22.669680,2,2,98.85,0.3,98.7,105,98.5,150,,,,,,,,,,,,,,,,,99.0,111,99.2,100,,,,,,,,,,,,,,,,
2026-07-02T03:00:22.780227+00:00,2026-07-02T03:00:22.780112,2,2,98.85,0.3,98.7,105,98.5,150,,,,,,,,,,,,,,,,,99.0,110,99.2,100,,,,,,,,,,,,,,,,
2026-07-02T03:00:23.196750+00:00,2026-07-02T03:00:23.196610,2,2,98.85,0.3,98.7,59,98.5,150,,,,,,,,,,,,,,,,,99.0,110,99.2,100,,,,,,,,,,,,,,,,
2026-07-02T03:00:23.401192+00:00,2026-07-02T03:00:23.401119,2,2,98.85,0.3,98.7,9,98.5,150,,,,,,,,,,,,,,,,,99.0,110,99.2,100,,,,,,,,,,,,,,,,
2026-07-02T03:00:24.063939+00:00,2026-07-02T03:00:24.063823,2,2,98.85,0.3,98.7,14,98.5,150,,,,,,,,,,,,,,,,,99.0,110,99.2,100,,,,,,,,,,,,,,,,
2026-07-02T03:00:24.142595+00:00,2026-07-02T03:00:24.142489,1,1,98.95,0.5,98.7,14,,,,,,,,,,,,,,,,,,,99.2,100,,,,,,,,,,,,,,,,,,
2026-07-02T03:00:24.196438+00:00,2026-07-02T03:00:24.196529,2,1,98.95,0.5,98.7,14,98.6,150,,,,,,,,,,,,,,,,,99.2,100,,,,,,,,,,,,,,,,,,
2026-07-02T03:00:24.258707+00:00,2026-07-02T03:00:24.258631,2,2,98.9,0.4,98.7,14,98.6,150,,,,,,,,,,,,,,,,,99.1,150,99.2,100,,,,,,,,,,,,,,,,
2026-07-02T03:00:25.483234+00:00,2026-07-02T03:00:25.483121,2,1,98.9,0.4,98.7,5,98.6,150,,,,,,,,,,,,,,,,,99.1,150,,,,,,,,,,,,,,,,,,
2026-07-02T03:00:25.508349+00:00,2026-07-02T03:00:25.508542,1,1,98.85,0.5,98.6,105,,,,,,,,,,,,,,,,,,,99.1,150,,,,,,,,,,,,,,,,,,
2026-07-02T03:00:25.545124+00:00,2026-07-02T03:00:25.545217,2,1,98.85,0.5,98.6,105,98.4,100,,,,,,,,,,,,,,,,,99.1,150,,,,,,,,,,,,,,,,,,
2026-07-02T03:00:25.597136+00:00,2026-07-02T03:00:25.597007,2,2,98.75,0.3,98.6,105,98.4,100,,,,,,,,,,,,,,,,,98.9,100,99.1,150,,,,,,,,,,,,,,,,
2026-07-02T03:00:26.186670+00:00,2026-07-02T03:00:26.186608,2,2,98.75,0.3,98.6,60,98.4,100,,,,,,,,,,,,,,,,,98.9,100,99.1,150,,,,,,,,,,,,,,,,
2026-07-02T03:00:27.302131+00:00,2026-07-02T03:00:27.302015,1,1,98.65,0.5,98.4,100,,,,,,,,,,,,,,,,,,,98.9,100,,,,,,,,,,,,,,,,,,
2026-07-02T03:00:27.358690+00:00,2026-07-02T03:00:27.345037,2,1,98.65,0.5,98.4,100,98.2,150,,,,,,,,,,,,,,,,,98.9,100,,,,,,,,,,,,,,,,,,
2026-07-02T03:00:27.404565+00:00,2026-07-02T03:00:27.404481,2,2,98.55,0.3,98.4,100,98.2,150,,,,,,,,,,,,,,,,,98.7,150,98.9,100,,,,,,,,,,,,,,,,
2026-07-02T03:00:28.535564+00:00,2026-07-02T03:00:28.535740,2,2,98.55,0.3,98.4,100,98.2,150,,,,,,,,,,,,,,,,,98.7,104,98.9,100,,,,,,,,,,,,,,,,
2026-07-02T03:00:28.658650+00:00,2026-07-02T03:00:28.650195,1,1,98.45,0.5,98.2,150,,,,,,,,,,,,,,,,,,,98.7,104,,,,,,,,,,,,,,,,,,
2026-07-02T03:00:28.704420+00:00,2026-07-02T03:00:28.704362,2,1,98.55,0.3,98.4,100,98.2,150,,,,,,,,,,,,,,,,,98.7,104,,,,,,,,,,,,,,,,,,
2026-07-02T03:00:28.764018+00:00,2026-07-02T03:00:28.763894,2,2,98.55,0.3,98.4,100,98.2,150,,,,,,,,,,,,,,,,,98.7,104,98.9,100,,,,,,,,,,,,,,,,
2026-07-02T03:00:29.717039+00:00,2026-07-02T03:00:29.716996,2,2,98.55,0.3,98.4,50,98.2,150,,,,,,,,,,,,,,,,,98.7,104,98.9,100,,,,,,,,,,,,,,,,
2026-07-02T03:00:30.464075+00:00,2026-07-02T03:00:30.463909,1,1,98.65,0.5,98.4,50,,,,,,,,,,,,,,,,,,,98.9,100,,,,,,,,,,,,,,,,,,
2026-07-02T03:00:30.513468+00:00,2026-07-02T03:00:30.513277,1,1,98.65,0.5,98.4,200,,,,,,,,,,,,,,,,,,,98.9,100,,,,,,,,,,,,,,,,,,
2026-07-02T03:00:30.565224+00:00,2026-07-02T03:00:30.564939,1,1,98.65,0.5,98.4,200,,,,,,,,,,,,,,,,,,,98.9,250,,,,,,,,,,,,,,,,,,
2026-07-02T03:00:31.806741+00:00,2026-07-02T03:00:31.806689,1,1,98.65,0.5,98.4,200,,,,,,,,,,,,,,,,,,,98.9,150,,,,,,,,,,,,,,,,,,
2026-07-02T03:00:31.811937+00:00,2026-07-02T03:00:31.811884,1,1,98.65,0.5,98.4,150,,,,,,,,,,,,,,,,,,,98.9,150,,,,,,,,,,,,,,,,,,
2026-07-02T03:00:31.858834+00:00,2026-07-02T03:00:31.858725,1,1,98.65,0.5,98.4,100,,,,,,,,,,,,,,,,,,,98.9,150,,,,,,,,,,,,,,,,,,
2026-07-02T03:00:31.864253+00:00,2026-07-02T03:00:31.864125,2,1,98.65,0.5,98.4,100,98.2,100,,,,,,,,,,,,,,,,,98.9,150,,,,,,,,,,,,,,,,,,
2026-07-02T03:00:31.919272+00:00,2026-07-02T03:00:31.919166,2,2,98.55,0.3,98.4,100,98.2,100,,,,,,,,,,,,,,,,,98.7,100,98.9,150,,,,,,,,,,,,,,,,
2026-07-02T03:00:33.586897+00:00,2026-07-02T03:00:33.586716,2,2,98.55,0.3,98.4,100,98.2,100,,,,,,,,,,,,,,,,,98.7,100,98.9,156,,,,,,,,,,,,,,,,
2026-07-02T03:00:33.614955+00:00,2026-07-02T03:00:33.615175,1,2,98.45,0.5,98.2,100,,,,,,,,,,,,,,,,,,,98.7,100,98.9,6,,,,,,,,,,,,,,,,
2026-07-02T03:00:33.669038+00:00,2026-07-02T03:00:33.668921,2,2,98.45,0.5,98.2,100,98.1,150,,,,,,,,,,,,,,,,,98.7,100,98.9,6,,,,,,,,,,,,,,,,
2026-07-02T03:00:33.723011+00:00,2026-07-02T03:00:33.723108,2,3,98.4,0.4,98.2,100,98.1,150,,,,,,,,,,,,,,,,,98.6,150,98.7,100,98.9,6,,,,,,,,,,,,,,
2026-07-02T03:00:33.958575+00:00,2026-07-02T03:00:33.951297,2,3,98.4,0.4,98.2,50,98.1,150,,,,,,,,,,,,,,,,,98.6,150,98.7,100,98.9,6,,,,,,,,,,,,,,
2026-07-02T03:00:34.973340+00:00,2026-07-02T03:00:34.973180,1,2,98.35,0.5,98.1,150,,,,,,,,,,,,,,,,,,,98.6,150,98.9,6,,,,,,,,,,,,,,,,
2026-07-02T03:00:35.027390+00:00,2026-07-02T03:00:35.027311,2,2,98.45,0.3,98.3,100,98.1,150,,,,,,,,,,,,,,,,,98.6,150,98.9,6,,,,,,,,,,,,,,,,
2026-07-02T03:00:35.076206+00:00,2026-07-02T03:00:35.076073,2,3,98.45,0.3,98.3,100,98.1,150,,,,,,,,,,,,,,,,,98.6,150,98.8,100,98.9,6,,,,,,,,,,,,,,
2026-07-02T03:00:35.999714+00:00,2026-07-02T03:00:35.999608,2,3,98.45,0.3,98.3,100,98.1,150,,,,,,,,,,,,,,,,,98.6,150,98.8,100,98.9,2,,,,,,,,,,,,,,
2026-07-02T03:00:36.016649+00:00,2026-07-02T03:00:36.016541,2,3,98.45,0.3,98.3,100,98.1,150,,,,,,,,,,,,,,,,,98.6,100,98.8,100,98.9,2,,,,,,,,,,,,,,
2026-07-02T03:00:36.358575+00:00,2026-07-02T03:00:36.358437,2,3,98.45,0.3,98.3,100,98.1,150,,,,,,,,,,,,,,,,,98.6,52,98.8,100,98.9,2,,,,,,,,,,,,,,
2026-07-02T03:00:36.776373+00:00,2026-07-02T03:00:36.776343,1,2,98.55,0.5,98.3,100,,,,,,,,,,,,,,,,,,,98.8,100,98.9,2,,,,,,,,,,,,,,,,
2026-07-02T03:00:36.832033+00:00,2026-07-02T03:00:36.831883,2,2,98.7,0.2,98.6,150,98.3,100,,,,,,,,,,,,,,,,,98.8,100,98.9,2,,,,,,,,,,,,,,,,
2026-07-02T03:00:36.884942+00:00,2026-07-02T03:00:36.885061,2,3,98.7,0.2,98.6,150,98.3,100,,,,,,,,,,,,,,,,,98.8,100,98.9,2,99.1,150,,,,,,,,,,,,,,
2026-07-02T03:00:37.558632+00:00,2026-07-02T03:00:37.542898,2,3,98.7,0.2,98.6,150,98.3,100,,,,,,,,,,,,,,,,,98.8,100,98.9,1,99.1,150,,,,,,,,,,,,,,
2026-07-02T03:00:38.123922+00:00,2026-07-02T03:00:38.123889,2,3,98.7,0.2,98.6,150,98.3,100,,,,,,,,,,,,,,,,,98.8,50,98.9,1,99.1,150,,,,,,,,,,,,,,
2026-07-02T03:00:38.129163+00:00,2026-07-02T03:00:38.129094,1,2,98.75,0.3,98.6,150,,,,,,,,,,,,,,,,,,,98.9,1,99.1,150,,,,,,,,,,,,,,,,
2026-07-02T03:00:38.186551+00:00,2026-07-02T03:00:38.186425,2,2,98.75,0.3,98.6,150,98.2,100,,,,,,,,,,,,,,,,,98.9,1,99.1,150,,,,,,,,,,,,,,,,
2026-07-02T03:00:38.233749+00:00,2026-07-02T03:00:38.233623,2,3,98.65,0.1,98.6,150,98.2,100,,,,,,,,,,,,,,,,,98.7,100,98.9,1,99.1,150,,,,,,,,,,,,,,
2026-07-02T03:00:38.813983+00:00,2026-07-02T03:00:38.813951,2,3,98.65,0.1,98.6,150,98.2,100,,,,,,,,,,,,,,,,,98.7,60,98.9,1,99.1,150,,,,,,,,,,,,,,
2026-07-02T03:00:39.516489+00:00,2026-07-02T03:00:39.510678,2,3,98.65,0.1,98.6,147,98.2,100,,,,,,,,,,,,,,,,,98.7,60,98.9,1,99.1,150,,,,,,,,,,,,,,
2026-07-02T03:00:39.938475+00:00,2026-07-02T03:00:39.938405,1,2,98.45,0.5,98.2,100,,,,,,,,,,,,,,,,,,,98.7,60,98.9,1,,,,,,,,,,,,,,,,
2026-07-02T03:00:39.990488+00:00,2026-07-02T03:00:39.990359,2,2,98.5,0.4,98.3,150,98.2,100,,,,,,,,,,,,,,,,,98.7,60,98.9,1,,,,,,,,,,,,,,,,
2026-07-02T03:00:40.044265+00:00,2026-07-02T03:00:40.044166,2,3,98.5,0.4,98.3,150,98.2,100,,,,,,,,,,,,,,,,,98.7,60,98.8,150,98.9,1,,,,,,,,,,,,,,
2026-07-02T03:00:40.057608+00:00,2026-07-02T03:00:40.057525,2,3,98.5,0.4,98.3,107,98.2,100,,,,,,,,,,,,,,,,,98.7,60,98.8,150,98.9,1,,,,,,,,,,,,,,
2026-07-02T03:00:40.281856+00:00,2026-07-02T03:00:40.281752,2,3,98.5,0.4,98.3,57,98.2,100,,,,,,,,,,,,,,,,,98.7,60,98.8,150,98.9,1,,,,,,,,,,,,,,
2026-07-02T03:00:41.292434+00:00,2026-07-02T03:00:41.292604,1,2,98.55,0.5,98.3,57,,,,,,,,,,,,,,,,,,,98.8,150,98.9,1,,,,,,,,,,,,,,,,
2026-07-02T03:00:41.343203+00:00,2026-07-02T03:00:41.343130,1,2,98.55,0.5,98.3,157,,,,,,,,,,,,,,,,,,,98.8,150,98.9,1,,,,,,,,,,,,,,,,
2026-07-02T03:00:41.372304+00:00,2026-07-02T03:00:41.372224,2,2,98.65,0.3,98.5,4,98.3,157,,,,,,,,,,,,,,,,,98.8,150,98.9,1,,,,,,,,,,,,,,,,
2026-07-02T03:00:41.398757+00:00,2026-07-02T03:00:41.398664,2,2,98.65,0.3,98.5,4,98.3,157,,,,,,,,,,,,,,,,,98.8,250,98.9,1,,,,,,,,,,,,,,,,
2026-07-02T03:00:42.022541+00:00,2026-07-02T03:00:42.022374,2,2,98.65,0.3,98.5,2,98.3,157,,,,,,,,,,,,,,,,,98.8,250,98.9,1,,,,,,,,,,,,,,,,
2026-07-02T03:00:42.387838+00:00,2026-07-02T03:00:42.387709,1,2,98.55,0.5,98.3,109,,,,,,,,,,,,,,,,,,,98.8,250,98.9,1,,,,,,,,,,,,,,,,
2026-07-02T03:00:43.100550+00:00,2026-07-02T03:00:43.100470,1,2,98.55,0.5,98.3,100,,,,,,,,,,,,,,,,,,,98.8,100,98.9,1,,,,,,,,,,,,,,,,
2026-07-02T03:00:43.158645+00:00,2026-07-02T03:00:43.154500,2,2,98.55,0.5,98.3,100,97.8,150,,,,,,,,,,,,,,,,,98.8,100,98.9,1,,,,,,,,,,,,,,,,
2026-07-02T03:00:43.206802+00:00,2026-07-02T03:00:43.207016,1,3,98.05,0.5,97.8,150,,,,,,,,,,,,,,,,,,,98.3,50,98.8,100,98.9,1,,,,,,,,,,,,,,
2026-07-02T03:00:43.218213+00:00,2026-07-02T03:00:43.211513,1,3,98.05,0.5,97.8,150,,,,,,,,,,,,,,,,,,,98.3,47,98.8,100,98.9,1,,,,,,,,,,,,,,
2026-07-02T03:00:43.649469+00:00,2026-07-02T03:00:43.649277,1,3,98.05,0.5,97.8,150,,,,,,,,,,,,,,,,,,,98.3,45,98.8,100,98.9,1,,,,,,,,,,,,,,
2026-07-02T03:00:43.665355+00:00,2026-07-02T03:00:43.665298,1,2,98.05,0.5,97.8,150,,,,,,,,,,,,,,,,,,,98.3,45,98.8,100,,,,,,,,,,,,,,,,
2026-07-02T03:00:43.964321+00:00,2026-07-02T03:00:43.964223,1,3,98.05,0.5,97.8,150,,,,,,,,,,,,,,,,,,,98.3,45,98.7,4,98.8,100,,,,,,,,,,,,,,
2026-07-02T03:00:43.969693+00:00,2026-07-02T03:00:43.969537,1,3,98.05,0.5,97.8,150,,,,,,,,,,,,,,,,,,,98.3,43,98.7,4,98.8,100,,,,,,,,,,,,,,
2026-07-02T03:00:44.001258+00:00,2026-07-02T03:00:44.001212,1,3,98.05,0.5,97.8,150,,,,,,,,,,,,,,,,,,,98.3,41,98.7,4,98.8,100,,,,,,,,,,,,,,
2026-07-02T03:00:44.049809+00:00,2026-07-02T03:00:44.049752,1,3,98.05,0.5,97.8,150,,,,,,,,,,,,,,,,,,,98.3,39,98.7,4,98.8,100,,,,,,,,,,,,,,
2026-07-02T03:00:44.382146+00:00,2026-07-02T03:00:44.382072,1,3,98.05,0.5,97.8,150,,,,,,,,,,,,,,,,,,,98.3,37,98.7,4,98.8,100,,,,,,,,,,,,,,
2026-07-02T03:00:44.458718+00:00,2026-07-02T03:00:44.449540,1,2,98.05,0.5,97.8,150,,,,,,,,,,,,,,,,,,,98.3,37,98.7,4,,,,,,,,,,,,,,,,
2026-07-02T03:00:44.493791+00:00,2026-07-02T03:00:44.493698,1,2,98.05,0.5,97.8,100,,,,,,,,,,,,,,,,,,,98.3,37,98.7,4,,,,,,,,,,,,,,,,
2026-07-02T03:00:44.506911+00:00,2026-07-02T03:00:44.507102,2,2,98.1,0.4,97.9,100,97.8,100,,,,,,,,,,,,,,,,,98.3,37,98.7,4,,,,,,,,,,,,,,,,
2026-07-02T03:00:44.567084+00:00,2026-07-02T03:00:44.567007,2,3,98.1,0.4,97.9,100,97.8,100,,,,,,,,,,,,,,,,,98.3,37,98.4,100,98.7,4,,,,,,,,,,,,,,
2026-07-02T03:00:44.612827+00:00,2026-07-02T03:00:44.613018,2,2,98.15,0.5,97.9,100,97.8,100,,,,,,,,,,,,,,,,,98.4,100,98.7,4,,,,,,,,,,,,,,,,
2026-07-02T03:00:44.665350+00:00,2026-07-02T03:00:44.665304,2,2,98.15,0.5,97.9,100,97.8,100,,,,,,,,,,,,,,,,,98.4,99,98.7,4,,,,,,,,,,,,,,,,
2026-07-02T03:00:45.008744+00:00,2026-07-02T03:00:45.008623,2,2,98.15,0.5,97.9,100,97.8,100,,,,,,,,,,,,,,,,,98.4,97,98.7,4,,,,,,,,,,,,,,,,
2026-07-02T03:00:45.034251+00:00,2026-07-02T03:00:45.034204,2,2,98.15,0.5,97.9,100,97.8,100,,,,,,,,,,,,,,,,,98.4,95,98.7,4,,,,,,,,,,,,,,,,
2026-07-02T03:00:45.092030+00:00,2026-07-02T03:00:45.092205,2,2,98.15,0.5,97.9,100,97.8,100,,,,,,,,,,,,,,,,,98.4,94,98.7,4,,,,,,,,,,,,,,,,
2026-07-02T03:00:45.586080+00:00,2026-07-02T03:00:45.585938,2,2,98.15,0.5,97.9,100,97.8,100,,,,,,,,,,,,,,,,,98.4,50,98.7,4,,,,,,,,,,,,,,,,
2026-07-02T03:00:46.258586+00:00,2026-07-02T03:00:46.256736,1,2,98.15,0.5,97.9,100,,,,,,,,,,,,,,,,,,,98.4,50,98.7,4,,,,,,,,,,,,,,,,
2026-07-02T03:00:46.317521+00:00,2026-07-02T03:00:46.317610,2,2,98.35,0.1,98.3,150,97.9,100,,,,,,,,,,,,,,,,,98.4,50,98.7,4,,,,,,,,,,,,,,,,
2026-07-02T03:00:46.375518+00:00,2026-07-02T03:00:46.375442,2,3,98.35,0.1,98.3,150,97.9,100,,,,,,,,,,,,,,,,,98.4,50,98.7,4,98.8,150,,,,,,,,,,,,,,
2026-07-02T03:00:46.598799+00:00,2026-07-02T03:00:46.598706,2,3,98.35,0.1,98.3,100,97.9,100,,,,,,,,,,,,,,,,,98.4,50,98.7,4,98.8,150,,,,,,,,,,,,,,
2026-07-02T03:00:47.623778+00:00,2026-07-02T03:00:47.623750,1,2,98.5,0.4,98.3,100,,,,,,,,,,,,,,,,,,,98.7,4,98.8,150,,,,,,,,,,,,,,,,
2026-07-02T03:00:47.681251+00:00,2026-07-02T03:00:47.681421,2,2,98.5,0.4,98.3,100,98.2,100,,,,,,,,,,,,,,,,,98.7,4,98.8,150,,,,,,,,,,,,,,,,
2026-07-02T03:00:47.733732+00:00,2026-07-02T03:00:47.733903,2,2,98.5,0.4,98.3,100,98.2,100,,,,,,,,,,,,,,,,,98.7,104,98.8,150,,,,,,,,,,,,,,,,
2026-07-02T03:00:48.406819+00:00,2026-07-02T03:00:48.406707,2,2,98.5,0.4,98.3,101,98.2,100,,,,,,,,,,,,,,,,,98.7,104,98.8,150,,,,,,,,,,,,,,,,
2026-07-02T03:00:48.708766+00:00,2026-07-02T03:00:48.708633,2,2,98.5,0.4,98.3,51,98.2,100,,,,,,,,,,,,,,,,,98.7,104,98.8,150,,,,,,,,,,,,,,,,
2026-07-02T03:00:49.119316+00:00,2026-07-02T03:00:49.119239,2,2,98.5,0.4,98.3,11,98.2,100,,,,,,,,,,,,,,,,,98.7,104,98.8,150,,,,,,,,,,,,,,,,
2026-07-02T03:00:49.426973+00:00,2026-07-02T03:00:49.426875,2,1,98.5,0.4,98.3,1,98.2,100,,,,,,,,,,,,,,,,,98.7,104,,,,,,,,,,,,,,,,,,
2026-07-02T03:00:49.481281+00:00,2026-07-02T03:00:49.481435,3,1,98.5,0.4,98.3,1,98.2,100,97.9,150,,,,,,,,,,,,,,,98.7,104,,,,,,,,,,,,,,,,,,
2026-07-02T03:00:49.535849+00:00,2026-07-02T03:00:49.535692,3,2,98.35,0.1,98.3,1,98.2,100,97.9,150,,,,,,,,,,,,,,,98.4,150,98.7,104,,,,,,,,,,,,,,,,
2026-07-02T03:00:49.546258+00:00,2026-07-02T03:00:49.546447,3,2,98.35,0.1,98.3,1,98.2,100,97.9,150,,,,,,,,,,,,,,,98.4,42,98.7,104,,,,,,,,,,,,,,,,
2026-07-02T03:00:49.581827+00:00,2026-07-02T03:00:49.582060,2,2,98.3,0.2,98.2,54,97.9,150,,,,,,,,,,,,,,,,,98.4,42,98.7,104,,,,,,,,,,,,,,,,
2026-07-02T03:00:50.058684+00:00,2026-07-02T03:00:50.055814,2,1,98.45,0.5,98.2,54,97.9,150,,,,,,,,,,,,,,,,,98.7,103,,,,,,,,,,,,,,,,,,
2026-07-02T03:00:50.244104+00:00,2026-07-02T03:00:50.243959,2,1,98.45,0.5,98.2,54,97.9,150,,,,,,,,,,,,,,,,,98.7,102,,,,,,,,,,,,,,,,,,
2026-07-02T03:00:50.631134+00:00,2026-07-02T03:00:50.630931,2,1,98.45,0.5,98.2,54,97.9,150,,,,,,,,,,,,,,,,,98.7,101,,,,,,,,,,,,,,,,,,
2026-07-02T03:00:50.792282+00:00,2026-07-02T03:00:50.792226,1,1,98.3,0.8,97.9,150,,,,,,,,,,,,,,,,,,,98.7,1,,,,,,,,,,,,,,,,,,
2026-07-02T03:00:50.814812+00:00,2026-07-02T03:00:50.814681,1,1,98.3,0.8,97.9,100,,,,,,,,,,,,,,,,,,,98.7,1,,,,,,,,,,,,,,,,,,
2026-07-02T03:00:50.845617+00:00,2026-07-02T03:00:50.845482,1,1,98.3,0.8,97.9,200,,,,,,,,,,,,,,,,,,,98.7,1,,,,,,,,,,,,,,,,,,
2026-07-02T03:00:50.898818+00:00,2026-07-02T03:00:50.898727,1,2,98.15,0.5,97.9,200,,,,,,,,,,,,,,,,,,,98.4,100,98.7,1,,,,,,,,,,,,,,,,
2026-07-02T03:00:51.202764+00:00,2026-07-02T03:00:51.202550,1,2,98.15,0.5,97.9,155,,,,,,,,,,,,,,,,,,,98.4,100,98.7,1,,,,,,,,,,,,,,,,
2026-07-02T03:00:52.358584+00:00,2026-07-02T03:00:52.353975,1,2,98.15,0.5,97.9,155,,,,,,,,,,,,,,,,,,,98.4,51,98.7,1,,,,,,,,,,,,,,,,
2026-07-02T03:00:52.589027+00:00,2026-07-02T03:00:52.588912,1,2,98.15,0.5,97.9,100,,,,,,,,,,,,,,,,,,,98.4,51,98.7,1,,,,,,,,,,,,,,,,
2026-07-02T03:00:52.641130+00:00,2026-07-02T03:00:52.641060,2,2,98.15,0.5,97.9,100,97.7,150,,,,,,,,,,,,,,,,,98.4,51,98.7,1,,,,,,,,,,,,,,,,
2026-07-02T03:00:52.694247+00:00,2026-07-02T03:00:52.694129,2,3,98.05,0.3,97.9,100,97.7,150,,,,,,,,,,,,,,,,,98.2,150,98.4,51,98.7,1,,,,,,,,,,,,,,
2026-07-02T03:00:52.944152+00:00,2026-07-02T03:00:52.943981,2,3,98.05,0.3,97.9,100,97.7,150,,,,,,,,,,,,,,,,,98.2,145,98.4,51,98.7,1,,,,,,,,,,,,,,
2026-07-02T03:00:53.664334+00:00,2026-07-02T03:00:53.664277,2,3,98.05,0.3,97.9,100,97.7,150,,,,,,,,,,,,,,,,,98.2,141,98.4,51,98.7,1,,,,,,,,,,,,,,
2026-07-02T03:00:53.768974+00:00,2026-07-02T03:00:53.768870,2,2,98.05,0.3,97.9,100,97.7,150,,,,,,,,,,,,,,,,,98.2,141,98.4,51,,,,,,,,,,,,,,,,
2026-07-02T03:00:53.958659+00:00,2026-07-02T03:00:53.953142,1,1,97.95,0.5,97.7,150,,,,,,,,,,,,,,,,,,,98.2,141,,,,,,,,,,,,,,,,,,
2026-07-02T03:00:54.007178+00:00,2026-07-02T03:00:54.007273,2,1,98.0,0.4,97.8,100,97.7,150,,,,,,,,,,,,,,,,,98.2,141,,,,,,,,,,,,,,,,,,
2026-07-02T03:00:54.060535+00:00,2026-07-02T03:00:54.060426,2,2,98.0,0.4,97.8,100,97.7,150,,,,,,,,,,,,,,,,,98.2,141,98.3,100,,,,,,,,,,,,,,,,
2026-07-02T03:00:54.325483+00:00,2026-07-02T03:00:54.325303,2,2,98.0,0.4,97.8,100,97.7,150,,,,,,,,,,,,,,,,,98.2,93,98.3,100,,,,,,,,,,,,,,,,
2026-07-02T03:00:54.973497+00:00,2026-07-02T03:00:54.973636,2,2,98.0,0.4,97.8,100,97.7,150,,,,,,,,,,,,,,,,,98.2,43,98.3,100,,,,,,,,,,,,,,,,
2026-07-02T03:00:55.746022+00:00,2026-07-02T03:00:55.745960,1,1,98.05,0.5,97.8,100,,,,,,,,,,,,,,,,,,,98.3,100,,,,,,,,,,,,,,,,,,
2026-07-02T03:00:55.799003+00:00,2026-07-02T03:00:55.798902,2,1,98.25,0.1,98.2,150,97.8,100,,,,,,,,,,,,,,,,,98.3,100,,,,,,,,,,,,,,,,,,
2026-07-02T03:00:55.854824+00:00,2026-07-02T03:00:55.854683,2,2,98.25,0.1,98.2,150,97.8,100,,,,,,,,,,,,,,,,,98.3,100,98.7,150,,,,,,,,,,,,,,,,
2026-07-02T03:00:56.348265+00:00,2026-07-02T03:00:56.348110,2,3,98.25,0.1,98.2,150,97.8,100,,,,,,,,,,,,,,,,,98.3,100,98.5,5,98.7,150,,,,,,,,,,,,,,
2026-07-02T03:00:57.029682+00:00,2026-07-02T03:00:57.029634,2,3,98.25,0.1,98.2,150,97.8,100,,,,,,,,,,,,,,,,,98.3,100,98.5,4,98.7,150,,,,,,,,,,,,,,
2026-07-02T03:00:57.078089+00:00,2026-07-02T03:00:57.078219,2,3,98.25,0.1,98.2,150,97.8,100,,,,,,,,,,,,,,,,,98.3,50,98.5,4,98.7,150,,,,,,,,,,,,,,
2026-07-02T03:00:57.115703+00:00,2026-07-02T03:00:57.115644,1,2,98.35,0.3,98.2,150,,,,,,,,,,,,,,,,,,,98.5,4,98.7,150,,,,,,,,,,,,,,,,
2026-07-02T03:00:57.171507+00:00,2026-07-02T03:00:57.171410,2,2,98.35,0.3,98.2,150,97.9,100,,,,,,,,,,,,,,,,,98.5,4,98.7,150,,,,,,,,,,,,,,,,
2026-07-02T03:00:57.221799+00:00,2026-07-02T03:00:57.221637,2,3,98.3,0.2,98.2,150,97.9,100,,,,,,,,,,,,,,,,,98.4,100,98.5,4,98.7,150,,,,,,,,,,,,,,
2026-07-02T03:00:57.333134+00:00,2026-07-02T03:00:57.333013,2,3,98.3,0.2,98.2,109,97.9,100,,,,,,,,,,,,,,,,,98.4,100,98.5,4,98.7,150,,,,,,,,,,,,,,
2026-07-02T03:00:57.374573+00:00,2026-07-02T03:00:57.374472,2,3,98.3,0.2,98.2,109,97.9,100,,,,,,,,,,,,,,,,,98.4,100,98.5,2,98.7,150,,,,,,,,,,,,,,
2026-07-02T03:00:58.050315+00:00,2026-07-02T03:00:58.050265,2,3,98.3,0.2,98.2,109,97.9,100,,,,,,,,,,,,,,,,,98.4,100,98.5,1,98.7,150,,,,,,,,,,,,,,
2026-07-02T03:00:58.907857+00:00,2026-07-02T03:00:58.907794,1,2,98.15,0.5,97.9,100,,,,,,,,,,,,,,,,,,,98.4,100,98.5,1,,,,,,,,,,,,,,,,
2026-07-02T03:00:58.955695+00:00,2026-07-02T03:00:58.955850,2,2,98.15,0.5,97.9,100,97.8,150,,,,,,,,,,,,,,,,,98.4,100,98.5,1,,,,,,,,,,,,,,,,
2026-07-02T03:00:59.017024+00:00,2026-07-02T03:00:59.016972,2,3,98.1,0.4,97.9,100,97.8,150,,,,,,,,,,,,,,,,,98.3,150,98.4,100,98.5,1,,,,,,,,,,,,,,
2026-07-02T03:00:59.187120+00:00,2026-07-02T03:00:59.187252,2,3,98.1,0.4,97.9,100,97.8,150,,,,,,,,,,,,,,,,,98.3,100,98.4,100,98.5,1,,,,,,,,,,,,,,
2026-07-02T03:01:00.277852+00:00,2026-07-02T03:01:00.277751,1,2,98.05,0.5,97.8,150,,,,,,,,,,,,,,,,,,,98.3,100,98.5,1,,,,,,,,,,,,,,,,
2026-07-02T03:01:00.333405+00:00,2026-07-02T03:01:00.333311,2,2,98.15,0.3,98.0,100,97.8,150,,,,,,,,,,,,,,,,,98.3,100,98.5,1,,,,,,,,,,,,,,,,
2026-07-02T03:01:00.385738+00:00,2026-07-02T03:01:00.385681,2,2,98.15,0.3,98.0,100,97.8,150,,,,,,,,,,,,,,,,,98.3,100,98.5,101,,,,,,,,,,,,,,,,
2026-07-02T03:01:01.295426+00:00,2026-07-02T03:01:01.295310,2,2,98.15,0.3,98.0,100,97.8,150,,,,,,,,,,,,,,,,,98.3,50,98.5,101,,,,,,,,,,,,,,,,
2026-07-02T03:01:02.067684+00:00,2026-07-02T03:01:02.067859,1,1,98.25,0.5,98.0,100,,,,,,,,,,,,,,,,,,,98.5,101,,,,,,,,,,,,,,,,,,
2026-07-02T03:01:02.136017+00:00,2026-07-02T03:01:02.135968,2,1,98.3,0.4,98.1,150,98.0,100,,,,,,,,,,,,,,,,,98.5,101,,,,,,,,,,,,,,,,,,
2026-07-02T03:01:02.190051+00:00,2026-07-02T03:01:02.189866,2,2,98.3,0.4,98.1,150,98.0,100,,,,,,,,,,,,,,,,,98.5,101,98.6,150,,,,,,,,,,,,,,,,
2026-07-02T03:01:03.399085+00:00,2026-07-02T03:01:03.399030,2,2,98.3,0.4,98.1,150,98.0,100,,,,,,,,,,,,,,,,,98.5,51,98.6,150,,,,,,,,,,,,,,,,
2026-07-02T03:01:03.440017+00:00,2026-07-02T03:01:03.439951,1,1,98.35,0.5,98.1,150,,,,,,,,,,,,,,,,,,,98.6,150,,,,,,,,,,,,,,,,,,
2026-07-02T03:01:03.493425+00:00,2026-07-02T03:01:03.493350,2,1,98.4,0.4,98.2,100,98.1,150,,,,,,,,,,,,,,,,,98.6,150,,,,,,,,,,,,,,,,,,
2026-07-02T03:01:03.544165+00:00,2026-07-02T03:01:03.544318,2,2,98.4,0.4,98.2,100,98.1,150,,,,,,,,,,,,,,,,,98.6,150,98.7,100,,,,,,,,,,,,,,,,
2026-07-02T03:01:03.622827+00:00,2026-07-02T03:01:03.622777,2,2,98.4,0.4,98.2,52,98.1,150,,,,,,,,,,,,,,,,,98.6,150,98.7,100,,,,,,,,,,,,,,,,
2026-07-02T03:01:04.733516+00:00,2026-07-02T03:01:04.733730,2,2,98.4,0.4,98.2,52,98.1,150,,,,,,,,,,,,,,,,,98.6,106,98.7,100,,,,,,,,,,,,,,,,
2026-07-02T03:01:05.244945+00:00,2026-07-02T03:01:05.244842,1,1,98.45,0.5,98.2,52,,,,,,,,,,,,,,,,,,,98.7,100,,,,,,,,,,,,,,,,,,
2026-07-02T03:01:05.294594+00:00,2026-07-02T03:01:05.294733,2,1,98.55,0.3,98.4,150,98.2,52,,,,,,,,,,,,,,,,,98.7,100,,,,,,,,,,,,,,,,,,
2026-07-02T03:01:05.302693+00:00,2026-07-02T03:01:05.296264,1,1,98.45,0.5,98.2,52,,,,,,,,,,,,,,,,,,,98.7,100,,,,,,,,,,,,,,,,,,
2026-07-02T03:01:05.347662+00:00,2026-07-02T03:01:05.347511,1,2,98.45,0.5,98.2,52,,,,,,,,,,,,,,,,,,,98.7,100,98.9,150,,,,,,,,,,,,,,,,
2026-07-02T03:01:05.512665+00:00,2026-07-02T03:01:05.512559,1,2,98.45,0.5,98.2,52,,,,,,,,,,,,,,,,,,,98.7,50,98.9,150,,,,,,,,,,,,,,,,
2026-07-02T03:01:06.596565+00:00,2026-07-02T03:01:06.596523,0,1,,,,,,,,,,,,,,,,,,,,,,,98.9,150,,,,,,,,,,,,,,,,,,
2026-07-02T03:01:06.658826+00:00,2026-07-02T03:01:06.658651,1,1,98.4,1.0,97.9,100,,,,,,,,,,,,,,,,,,,98.9,150,,,,,,,,,,,,,,,,,,
2026-07-02T03:01:06.706114+00:00,2026-07-02T03:01:06.706010,1,2,98.15,0.5,97.9,100,,,,,,,,,,,,,,,,,,,98.4,100,98.9,150,,,,,,,,,,,,,,,,
2026-07-02T03:01:07.672445+00:00,2026-07-02T03:01:07.672362,1,2,98.15,0.5,97.9,50,,,,,,,,,,,,,,,,,,,98.4,100,98.9,150,,,,,,,,,,,,,,,,
2026-07-02T03:01:08.404558+00:00,2026-07-02T03:01:08.404378,1,1,98.15,0.5,97.9,50,,,,,,,,,,,,,,,,,,,98.4,100,,,,,,,,,,,,,,,,,,
2026-07-02T03:01:08.459024+00:00,2026-07-02T03:01:08.458935,2,1,98.15,0.5,97.9,50,97.8,150,,,,,,,,,,,,,,,,,98.4,100,,,,,,,,,,,,,,,,,,
2026-07-02T03:01:08.511509+00:00,2026-07-02T03:01:08.511629,2,2,98.1,0.4,97.9,50,97.8,150,,,,,,,,,,,,,,,,,98.3,150,98.4,100,,,,,,,,,,,,,,,,
2026-07-02T03:01:09.118896+00:00,2026-07-02T03:01:09.119047,2,2,98.1,0.4,97.9,50,97.8,150,,,,,,,,,,,,,,,,,98.3,150,98.4,104,,,,,,,,,,,,,,,,
2026-07-02T03:01:09.574301+00:00,2026-07-02T03:01:09.574217,3,2,98.2,0.2,98.1,2,97.9,50,97.8,150,,,,,,,,,,,,,,,98.3,150,98.4,104,,,,,,,,,,,,,,,,
2026-07-02T03:01:09.758630+00:00,2026-07-02T03:01:09.755181,2,2,98.2,0.2,98.1,2,97.8,150,,,,,,,,,,,,,,,,,98.3,150,98.4,4,,,,,,,,,,,,,,,,
2026-07-02T03:01:09.783103+00:00,2026-07-02T03:01:09.783035,1,2,98.05,0.5,97.8,102,,,,,,,,,,,,,,,,,,,98.3,150,98.4,4,,,,,,,,,,,,,,,,
2026-07-02T03:01:09.814989+00:00,2026-07-02T03:01:09.814865,1,2,98.05,0.5,97.8,202,,,,,,,,,,,,,,,,,,,98.3,150,98.4,4,,,,,,,,,,,,,,,,
2026-07-02T03:01:09.858619+00:00,2026-07-02T03:01:09.858332,1,2,98.05,0.5,97.8,202,,,,,,,,,,,,,,,,,,,98.3,250,98.4,4,,,,,,,,,,,,,,,,
2026-07-02T03:01:11.403887+00:00,2026-07-02T03:01:11.403991,1,2,98.05,0.5,97.8,153,,,,,,,,,,,,,,,,,,,98.3,250,98.4,4,,,,,,,,,,,,,,,,
2026-07-02T03:01:11.565802+00:00,2026-07-02T03:01:11.565626,1,2,98.05,0.5,97.8,100,,,,,,,,,,,,,,,,,,,98.3,100,98.4,4,,,,,,,,,,,,,,,,
2026-07-02T03:01:11.620218+00:00,2026-07-02T03:01:11.620099,2,2,98.05,0.5,97.8,100,97.3,150,,,,,,,,,,,,,,,,,98.3,100,98.4,4,,,,,,,,,,,,,,,,
2026-07-02T03:01:11.625551+00:00,2026-07-02T03:01:11.625451,3,2,98.15,0.3,98.0,1,97.8,100,97.3,150,,,,,,,,,,,,,,,98.3,100,98.4,4,,,,,,,,,,,,,,,,
2026-07-02T03:01:11.676828+00:00,2026-07-02T03:01:11.672920,1,3,97.55,0.5,97.3,150,,,,,,,,,,,,,,,,,,,97.8,49,98.3,100,98.4,4,,,,,,,,,,,,,,
2026-07-02T03:01:11.697402+00:00,2026-07-02T03:01:11.697285,1,3,97.55,0.5,97.3,150,,,,,,,,,,,,,,,,,,,97.8,47,98.3,100,98.4,4,,,,,,,,,,,,,,
2026-07-02T03:01:11.891905+00:00,2026-07-02T03:01:11.891861,1,3,97.55,0.5,97.3,100,,,,,,,,,,,,,,,,,,,97.8,47,98.3,100,98.4,4,,,,,,,,,,,,,,
2026-07-02T03:01:12.048882+00:00,2026-07-02T03:01:12.048755,1,3,97.55,0.5,97.3,100,,,,,,,,,,,,,,,,,,,97.8,46,98.3,100,98.4,4,,,,,,,,,,,,,,
2026-07-02T03:01:12.063903+00:00,2026-07-02T03:01:12.063780,1,3,97.55,0.5,97.3,100,,,,,,,,,,,,,,,,,,,97.8,44,98.3,100,98.4,4,,,,,,,,,,,,,,
2026-07-02T03:01:12.923151+00:00,2026-07-02T03:01:12.923094,1,2,97.55,0.5,97.3,100,,,,,,,,,,,,,,,,,,,97.8,44,98.4,4,,,,,,,,,,,,,,,,
2026-07-02T03:01:12.975623+00:00,2026-07-02T03:01:12.975727,1,2,97.55,0.5,97.3,200,,,,,,,,,,,,,,,,,,,97.8,44,98.4,4,,,,,,,,,,,,,,,,
2026-07-02T03:01:13.043525+00:00,2026-07-02T03:01:13.043395,1,2,97.55,0.5,97.3,200,,,,,,,,,,,,,,,,,,,97.8,144,98.4,4,,,,,,,,,,,,,,,,
2026-07-02T03:01:13.424038+00:00,2026-07-02T03:01:13.423954,1,2,97.55,0.5,97.3,200,,,,,,,,,,,,,,,,,,,97.8,103,98.4,4,,,,,,,,,,,,,,,,
2026-07-02T03:01:13.429230+00:00,2026-07-02T03:01:13.429190,1,2,97.55,0.5,97.3,200,,,,,,,,,,,,,,,,,,,97.8,103,98.2,5,,,,,,,,,,,,,,,,
2026-07-02T03:01:13.998697+00:00,2026-07-02T03:01:13.998628,1,2,97.55,0.5,97.3,150,,,,,,,,,,,,,,,,,,,97.8,103,98.2,5,,,,,,,,,,,,,,,,
2026-07-02T03:01:14.491326+00:00,2026-07-02T03:01:14.491476,1,2,97.55,0.5,97.3,150,,,,,,,,,,,,,,,,,,,97.8,60,98.2,5,,,,,,,,,,,,,,,,
2026-07-02T03:01:14.546751+00:00,2026-07-02T03:01:14.546690,1,2,97.55,0.5,97.3,101,,,,,,,,,,,,,,,,,,,97.8,60,98.2,5,,,,,,,,,,,,,,,,
2026-07-02T03:01:14.733754+00:00,2026-07-02T03:01:14.733519,1,2,97.55,0.5,97.3,100,,,,,,,,,,,,,,,,,,,97.8,60,98.2,5,,,,,,,,,,,,,,,,
2026-07-02T03:01:14.782482+00:00,2026-07-02T03:01:14.782397,2,2,97.55,0.5,97.3,100,97.1,150,,,,,,,,,,,,,,,,,97.8,60,98.2,5,,,,,,,,,,,,,,,,
2026-07-02T03:01:14.858659+00:00,2026-07-02T03:01:14.857818,2,3,97.45,0.3,97.3,100,97.1,150,,,,,,,,,,,,,,,,,97.6,4,97.8,60,98.2,5,,,,,,,,,,,,,,
2026-07-02T03:01:15.749526+00:00,2026-07-02T03:01:15.741972,2,3,97.45,0.3,97.3,100,97.1,150,,,,,,,,,,,,,,,,,97.6,3,97.8,60,98.2,5,,,,,,,,,,,,,,
2026-07-02T03:01:16.052827+00:00,2026-07-02T03:01:16.054343,2,2,97.55,0.5,97.3,100,97.1,150,,,,,,,,,,,,,,,,,97.8,13,98.2,5,,,,,,,,,,,,,,,,
2026-07-02T03:01:16.098264+00:00,2026-07-02T03:01:16.098188,1,1,97.65,1.1,97.1,150,,,,,,,,,,,,,,,,,,,98.2,5,,,,,,,,,,,,,,,,,,
2026-07-02T03:01:16.152581+00:00,2026-07-02T03:01:16.152456,2,1,97.9,0.6,97.6,100,97.1,150,,,,,,,,,,,,,,,,,98.2,5,,,,,,,,,,,,,,,,,,
2026-07-02T03:01:16.204840+00:00,2026-07-02T03:01:16.204939,2,2,97.85,0.5,97.6,100,97.1,150,,,,,,,,,,,,,,,,,98.1,100,98.2,5,,,,,,,,,,,,,,,,
2026-07-02T03:01:17.785918+00:00,2026-07-02T03:01:17.785782,2,2,97.85,0.5,97.6,100,97.1,150,,,,,,,,,,,,,,,,,98.1,100,98.2,3,,,,,,,,,,,,,,,,
2026-07-02T03:01:17.916104+00:00,2026-07-02T03:01:17.916001,1,2,97.85,0.5,97.6,100,,,,,,,,,,,,,,,,,,,98.1,100,98.2,3,,,,,,,,,,,,,,,,
2026-07-02T03:01:17.967598+00:00,2026-07-02T03:01:17.967760,2,2,98.0,0.2,97.9,150,97.6,100,,,,,,,,,,,,,,,,,98.1,100,98.2,3,,,,,,,,,,,,,,,,
2026-07-02T03:01:17.977970+00:00,2026-07-02T03:01:17.971941,2,2,98.0,0.2,97.9,149,97.6,100,,,,,,,,,,,,,,,,,98.1,100,98.2,3,,,,,,,,,,,,,,,,
2026-07-02T03:01:18.022719+00:00,2026-07-02T03:01:18.022668,2,3,98.0,0.2,97.9,149,97.6,100,,,,,,,,,,,,,,,,,98.1,100,98.2,3,98.4,150,,,,,,,,,,,,,,
2026-07-02T03:01:18.169397+00:00,2026-07-02T03:01:18.169312,2,3,98.0,0.2,97.9,149,97.6,100,,,,,,,,,,,,,,,,,98.1,50,98.2,3,98.4,150,,,,,,,,,,,,,,
2026-07-02T03:01:19.256427+00:00,2026-07-02T03:01:19.256383,2,2,98.05,0.3,97.9,149,97.6,100,,,,,,,,,,,,,,,,,98.2,3,98.4,150,,,,,,,,,,,,,,,,
2026-07-02T03:01:19.261662+00:00,2026-07-02T03:01:19.261564,1,2,98.05,0.3,97.9,149,,,,,,,,,,,,,,,,,,,98.2,3,98.4,150,,,,,,,,,,,,,,,,
2026-07-02T03:01:19.266952+00:00,2026-07-02T03:01:19.266801,1,2,98.05,0.3,97.9,149,,,,,,,,,,,,,,,,,,,98.2,1,98.4,150,,,,,,,,,,,,,,,,
2026-07-02T03:01:19.315100+00:00,2026-07-02T03:01:19.315005,1,2,98.05,0.3,97.9,249,,,,,,,,,,,,,,,,,,,98.2,1,98.4,150,,,,,,,,,,,,,,,,
2026-07-02T03:01:19.365478+00:00,2026-07-02T03:01:19.365400,1,2,98.05,0.3,97.9,249,,,,,,,,,,,,,,,,,,,98.2,1,98.4,250,,,,,,,,,,,,,,,,
2026-07-02T03:01:20.122690+00:00,2026-07-02T03:01:20.122572,2,2,98.05,0.3,97.9,249,97.8,4,,,,,,,,,,,,,,,,,98.2,1,98.4,250,,,,,,,,,,,,,,,,
2026-07-02T03:01:20.158594+00:00,2026-07-02T03:01:20.156555,2,1,98.15,0.5,97.9,249,97.8,4,,,,,,,,,,,,,,,,,98.4,207,,,,,,,,,,,,,,,,,,
2026-07-02T03:01:20.275836+00:00,2026-07-02T03:01:20.275751,2,1,98.15,0.5,97.9,249,97.8,4,,,,,,,,,,,,,,,,,98.4,157,,,,,,,,,,,,,,,,,,
2026-07-02T03:01:21.078784+00:00,2026-07-02T03:01:21.078939,2,1,98.15,0.5,97.9,100,97.8,4,,,,,,,,,,,,,,,,,98.4,100,,,,,,,,,,,,,,,,,,
2026-07-02T03:01:21.141165+00:00,2026-07-02T03:01:21.135788,3,1,98.35,0.1,98.3,147,97.9,100,97.8,4,,,,,,,,,,,,,,,98.4,100,,,,,,,,,,,,,,,,,,
2026-07-02T03:01:21.188875+00:00,2026-07-02T03:01:21.188608,3,2,98.35,0.1,98.3,147,97.9,100,97.8,4,,,,,,,,,,,,,,,98.4,100,98.8,150,,,,,,,,,,,,,,,,
2026-07-02T03:01:21.244476+00:00,2026-07-02T03:01:21.244372,3,2,98.35,0.1,98.3,98,97.9,100,97.8,4,,,,,,,,,,,,,,,98.4,100,98.8,150,,,,,,,,,,,,,,,,
2026-07-02T03:01:21.523025+00:00,2026-07-02T03:01:21.522916,3,2,98.35,0.1,98.3,98,97.9,100,97.8,2,,,,,,,,,,,,,,,98.4,100,98.8,150,,,,,,,,,,,,,,,,
2026-07-02T03:01:22.385985+00:00,2026-07-02T03:01:22.385926,3,2,98.35,0.1,98.3,98,97.9,100,97.8,2,,,,,,,,,,,,,,,98.4,50,98.8,150,,,,,,,,,,,,,,,,
2026-07-02T03:01:22.421482+00:00,2026-07-02T03:01:22.421372,3,1,98.55,0.5,98.3,52,97.9,100,97.8,2,,,,,,,,,,,,,,,98.8,150,,,,,,,,,,,,,,,,,,
2026-07-02T03:01:22.426591+00:00,2026-07-02T03:01:22.426549,2,1,98.55,0.5,98.3,52,97.8,2,,,,,,,,,,,,,,,,,98.8,150,,,,,,,,,,,,,,,,,,
2026-07-02T03:01:22.479602+00:00,2026-07-02T03:01:22.479495,3,1,98.55,0.5,98.3,52,98.1,100,97.8,2,,,,,,,,,,,,,,,98.8,150,,,,,,,,,,,,,,,,,,
2026-07-02T03:01:22.532036+00:00,2026-07-02T03:01:22.531952,3,2,98.45,0.3,98.3,52,98.1,100,97.8,2,,,,,,,,,,,,,,,98.6,100,98.8,150,,,,,,,,,,,,,,,,
2026-07-02T03:01:22.888611+00:00,2026-07-02T03:01:22.888760,3,2,98.45,0.3,98.3,52,98.1,100,97.8,2,,,,,,,,,,,,,,,98.6,59,98.8,150,,,,,,,,,,,,,,,,
2026-07-02T03:01:23.369016+00:00,2026-07-02T03:01:23.368805,2,2,98.45,0.3,98.3,52,98.1,100,,,,,,,,,,,,,,,,,98.6,59,98.8,150,,,,,,,,,,,,,,,,
2026-07-02T03:01:23.921550+00:00,2026-07-02T03:01:23.921463,2,2,98.45,0.3,98.3,47,98.1,100,,,,,,,,,,,,,,,,,98.6,59,98.8,150,,,,,,,,,,,,,,,,
2026-07-02T03:01:24.244243+00:00,2026-07-02T03:01:24.244127,1,1,98.35,0.5,98.1,100,,,,,,,,,,,,,,,,,,,98.6,59,,,,,,,,,,,,,,,,,,
2026-07-02T03:01:24.299527+00:00,2026-07-02T03:01:24.299636,2,2,98.2,0.2,98.1,100,98.0,150,,,,,,,,,,,,,,,,,98.3,5,98.6,59,,,,,,,,,,,,,,,,
2026-07-02T03:01:24.358660+00:00,2026-07-02T03:01:24.354059,2,3,98.2,0.2,98.1,100,98.0,150,,,,,,,,,,,,,,,,,98.3,5,98.5,150,98.6,59,,,,,,,,,,,,,,
2026-07-02T03:01:24.492722+00:00,2026-07-02T03:01:24.492653,2,2,98.3,0.4,98.1,100,98.0,150,,,,,,,,,,,,,,,,,98.5,105,98.6,59,,,,,,,,,,,,,,,,
2026-07-02T03:01:25.590046+00:00,2026-07-02T03:01:25.590018,1,1,98.25,0.5,98.0,150,,,,,,,,,,,,,,,,,,,98.5,105,,,,,,,,,,,,,,,,,,
2026-07-02T03:01:25.644961+00:00,2026-07-02T03:01:25.644891,2,1,98.35,0.3,98.2,100,98.0,150,,,,,,,,,,,,,,,,,98.5,105,,,,,,,,,,,,,,,,,,
2026-07-02T03:01:25.697591+00:00,2026-07-02T03:01:25.697479,2,2,98.35,0.3,98.2,100,98.0,150,,,,,,,,,,,,,,,,,98.5,105,98.7,100,,,,,,,,,,,,,,,,
2026-07-02T03:01:25.972071+00:00,2026-07-02T03:01:25.972022,2,2,98.35,0.3,98.2,100,98.0,150,,,,,,,,,,,,,,,,,98.5,59,98.7,100,,,,,,,,,,,,,,,,
2026-07-02T03:01:26.027508+00:00,2026-07-02T03:01:26.027407,2,2,98.35,0.3,98.2,57,98.0,150,,,,,,,,,,,,,,,,,98.5,59,98.7,100,,,,,,,,,,,,,,,,
2026-07-02T03:01:26.608870+00:00,2026-07-02T03:01:26.608829,2,2,98.35,0.3,98.2,57,98.0,150,,,,,,,,,,,,,,,,,98.5,9,98.7,100,,,,,,,,,,,,,,,,
2026-07-02T03:01:27.127142+00:00,2026-07-02T03:01:27.126988,2,1,98.45,0.5,98.2,57,98.0,150,,,,,,,,,,,,,,,,,98.7,100,,,,,,,,,,,,,,,,,,
2026-07-02T03:01:27.406433+00:00,2026-07-02T03:01:27.406364,1,1,98.45,0.5,98.2,57,,,,,,,,,,,,,,,,,,,98.7,100,,,,,,,,,,,,,,,,,,
2026-07-02T03:01:27.463881+00:00,2026-07-02T03:01:27.463705,2,0,,,98.7,50,98.2,57,,,,,,,,,,,,,,,,,,,,,,,,,,,,,,,,,,,,
2026-07-02T03:01:27.516690+00:00,2026-07-02T03:01:27.516834,2,1,98.95,0.5,98.7,50,98.2,57,,,,,,,,,,,,,,,,,99.2,150,,,,,,,,,,,,,,,,,,
2026-07-02T03:01:27.524797+00:00,2026-07-02T03:01:27.517175,1,1,98.7,1.0,98.2,57,,,,,,,,,,,,,,,,,,,99.2,150,,,,,,,,,,,,,,,,,,
2026-07-02T03:01:28.685666+00:00,2026-07-02T03:01:28.685544,1,1,98.7,1.0,98.2,9,,,,,,,,,,,,,,,,,,,99.2,150,,,,,,,,,,,,,,,,,,
2026-07-02T03:01:28.758575+00:00,2026-07-02T03:01:28.752133,0,1,,,,,,,,,,,,,,,,,,,,,,,99.2,150,,,,,,,,,,,,,,,,,,
2026-07-02T03:01:28.813172+00:00,2026-07-02T03:01:28.813138,1,1,98.8,0.8,98.4,100,,,,,,,,,,,,,,,,,,,99.2,150,,,,,,,,,,,,,,,,,,
2026-07-02T03:01:28.869892+00:00,2026-07-02T03:01:28.869796,1,2,98.65,0.5,98.4,100,,,,,,,,,,,,,,,,,,,98.9,100,99.2,150,,,,,,,,,,,,,,,,
2026-07-02T03:01:29.153532+00:00,2026-07-02T03:01:29.153451,1,2,98.65,0.5,98.4,60,,,,,,,,,,,,,,,,,,,98.9,100,99.2,150,,,,,,,,,,,,,,,,
2026-07-02T03:01:30.124893+00:00,2026-07-02T03:01:30.124866,1,2,98.65,0.5,98.4,60,,,,,,,,,,,,,,,,,,,98.9,56,99.2,150,,,,,,,,,,,,,,,,
2026-07-02T03:01:30.358633+00:00,2026-07-02T03:01:30.354693,2,2,98.65,0.5,98.4,60,98.1,3,,,,,,,,,,,,,,,,,98.9,56,99.2,150,,,,,,,,,,,,,,,,
2026-07-02T03:01:30.368719+00:00,2026-07-02T03:01:30.368891,2,2,98.65,0.5,98.4,57,98.1,3,,,,,,,,,,,,,,,,,98.9,56,99.2,150,,,,,,,,,,,,,,,,
2026-07-02T03:01:30.431745+00:00,2026-07-02T03:01:30.431643,2,2,98.65,0.5,98.4,54,98.1,3,,,,,,,,,,,,,,,,,98.9,56,99.2,150,,,,,,,,,,,,,,,,
2026-07-02T03:01:30.511928+00:00,2026-07-02T03:01:30.511896,2,2,98.65,0.5,98.4,51,98.1,3,,,,,,,,,,,,,,,,,98.9,56,99.2,150,,,,,,,,,,,,,,,,
2026-07-02T03:01:30.574222+00:00,2026-07-02T03:01:30.574190,2,1,98.65,0.5,98.4,48,98.1,3,,,,,,,,,,,,,,,,,98.9,56,,,,,,,,,,,,,,,,,,
2026-07-02T03:01:30.626859+00:00,2026-07-02T03:01:30.626956,3,1,98.65,0.5,98.4,48,98.1,3,98.0,150,,,,,,,,,,,,,,,98.9,56,,,,,,,,,,,,,,,,,,
2026-07-02T03:01:30.660793+00:00,2026-07-02T03:01:30.660719,3,1,98.65,0.5,98.4,48,98.1,3,98.0,150,,,,,,,,,,,,,,,98.9,15,,,,,,,,,,,,,,,,,,
2026-07-02T03:01:30.680220+00:00,2026-07-02T03:01:30.680071,3,2,98.45,0.1,98.4,48,98.1,3,98.0,150,,,,,,,,,,,,,,,98.5,150,98.9,15,,,,,,,,,,,,,,,,
2026-07-02T03:01:30.891946+00:00,2026-07-02T03:01:30.891914,2,2,98.3,0.4,98.1,1,98.0,150,,,,,,,,,,,,,,,,,98.5,150,98.9,15,,,,,,,,,,,,,,,,
2026-07-02T03:01:31.005918+00:00,2026-07-02T03:01:31.000804,2,3,98.25,0.3,98.1,1,98.0,150,,,,,,,,,,,,,,,,,98.4,3,98.5,150,98.9,15,,,,,,,,,,,,,,
2026-07-02T03:01:31.933683+00:00,2026-07-02T03:01:31.933635,2,2,98.25,0.3,98.1,1,98.0,150,,,,,,,,,,,,,,,,,98.4,3,98.5,150,,,,,,,,,,,,,,,,
2026-07-02T03:01:31.987619+00:00,2026-07-02T03:01:31.987503,3,2,98.35,0.1,98.3,100,98.1,1,98.0,150,,,,,,,,,,,,,,,98.4,1,98.5,150,,,,,,,,,,,,,,,,
2026-07-02T03:01:32.040440+00:00,2026-07-02T03:01:32.040363,3,3,98.35,0.1,98.3,100,98.1,1,98.0,150,,,,,,,,,,,,,,,98.4,1,98.5,150,98.8,100,,,,,,,,,,,,,,
2026-07-02T03:01:32.488739+00:00,2026-07-02T03:01:32.488581,3,2,98.4,0.2,98.3,100,98.1,1,98.0,150,,,,,,,,,,,,,,,98.5,150,98.8,100,,,,,,,,,,,,,,,,
2026-07-02T03:01:33.027117+00:00,2026-07-02T03:01:33.026952,3,2,98.4,0.2,98.3,50,98.1,1,98.0,150,,,,,,,,,,,,,,,98.5,150,98.8,100,,,,,,,,,,,,,,,,
2026-07-02T03:01:33.312676+00:00,2026-07-02T03:01:33.312547,2,2,98.3,0.4,98.1,1,98.0,150,,,,,,,,,,,,,,,,,98.5,150,98.8,100,,,,,,,,,,,,,,,,
2026-07-02T03:01:33.734908+00:00,2026-07-02T03:01:33.734825,1,1,98.45,0.7,98.1,1,,,,,,,,,,,,,,,,,,,98.8,100,,,,,,,,,,,,,,,,,,
2026-07-02T03:01:33.790857+00:00,2026-07-02T03:01:33.790924,2,1,98.45,0.7,98.1,1,97.8,150,,,,,,,,,,,,,,,,,98.8,100,,,,,,,,,,,,,,,,,,
2026-07-02T03:01:33.840850+00:00,2026-07-02T03:01:33.840712,2,2,98.2,0.2,98.1,1,97.8,150,,,,,,,,,,,,,,,,,98.3,150,98.8,100,,,,,,,,,,,,,,,,
2026-07-02T03:01:35.093218+00:00,2026-07-02T03:01:35.093094,2,1,98.2,0.2,98.1,1,97.8,150,,,,,,,,,,,,,,,,,98.3,150,,,,,,,,,,,,,,,,,,
2026-07-02T03:01:35.158579+00:00,2026-07-02T03:01:35.151953,3,1,98.2,0.2,98.1,1,97.9,100,97.8,150,,,,,,,,,,,,,,,98.3,150,,,,,,,,,,,,,,,,,,
2026-07-02T03:01:35.203372+00:00,2026-07-02T03:01:35.203303,3,2,98.2,0.2,98.1,1,97.9,100,97.8,150,,,,,,,,,,,,,,,98.3,150,98.4,100,,,,,,,,,,,,,,,,
2026-07-02T03:01:36.896675+00:00,2026-07-02T03:01:36.896624,2,1,98.25,0.3,98.1,1,97.9,100,,,,,,,,,,,,,,,,,98.4,100,,,,,,,,,,,,,,,,,,
2026-07-02T03:01:36.947248+00:00,2026-07-02T03:01:36.947203,2,1,98.25,0.3,98.1,1,97.9,250,,,,,,,,,,,,,,,,,98.4,100,,,,,,,,,,,,,,,,,,
2026-07-02T03:01:37.000820+00:00,2026-07-02T03:01:37.000732,2,1,98.25,0.3,98.1,1,97.9,250,,,,,,,,,,,,,,,,,98.4,250,,,,,,,,,,,,,,,,,,
2026-07-02T03:01:37.241267+00:00,2026-07-02T03:01:37.241092,1,1,98.15,0.5,97.9,201,,,,,,,,,,,,,,,,,,,98.4,250,,,,,,,,,,,,,,,,,,
2026-07-02T03:01:37.274843+00:00,2026-07-02T03:01:37.274675,1,1,98.15,0.5,97.9,153,,,,,,,,,,,,,,,,,,,98.4,250,,,,,,,,,,,,,,,,,,
2026-07-02T03:01:38.264174+00:00,2026-07-02T03:01:38.264102,1,1,98.15,0.5,97.9,150,,,,,,,,,,,,,,,,,,,98.4,150,,,,,,,,,,,,,,,,,,
2026-07-02T03:01:38.311491+00:00,2026-07-02T03:01:38.311379,2,1,98.15,0.5,97.9,150,97.7,100,,,,,,,,,,,,,,,,,98.4,150,,,,,,,,,,,,,,,,,,
2026-07-02T03:01:38.358409+00:00,2026-07-02T03:01:38.358798,2,2,98.05,0.3,97.9,150,97.7,100,,,,,,,,,,,,,,,,,98.2,100,98.4,150,,,,,,,,,,,,,,,,
2026-07-02T03:01:38.552824+00:00,2026-07-02T03:01:38.547170,2,2,98.05,0.3,97.9,150,97.7,100,,,,,,,,,,,,,,,,,98.2,97,98.4,150,,,,,,,,,,,,,,,,
2026-07-02T03:01:39.387130+00:00,2026-07-02T03:01:39.387059,2,2,98.05,0.3,97.9,150,97.7,100,,,,,,,,,,,,,,,,,98.2,53,98.4,150,,,,,,,,,,,,,,,,
2026-07-02T03:01:40.057407+00:00,2026-07-02T03:01:40.057513,1,1,97.95,0.5,97.7,100,,,,,,,,,,,,,,,,,,,98.2,53,,,,,,,,,,,,,,,,,,
2026-07-02T03:01:40.110139+00:00,2026-07-02T03:01:40.110093,2,1,98.1,0.2,98.0,150,97.7,100,,,,,,,,,,,,,,,,,98.2,53,,,,,,,,,,,,,,,,,,
2026-07-02T03:01:40.164499+00:00,2026-07-02T03:01:40.164466,2,2,98.1,0.2,98.0,150,97.7,100,,,,,,,,,,,,,,,,,98.2,53,98.5,150,,,,,,,,,,,,,,,,
2026-07-02T03:01:41.419642+00:00,2026-07-02T03:01:41.419575,1,1,98.25,0.5,98.0,150,,,,,,,,,,,,,,,,,,,98.5,150,,,,,,,,,,,,,,,,,,
2026-07-02T03:01:41.458670+00:00,2026-07-02T03:01:41.451253,1,1,98.25,0.5,98.0,100,,,,,,,,,,,,,,,,,,,98.5,150,,,,,,,,,,,,,,,,,,
2026-07-02T03:01:41.472405+00:00,2026-07-02T03:01:41.472366,2,1,98.25,0.5,98.0,100,97.9,100,,,,,,,,,,,,,,,,,98.5,150,,,,,,,,,,,,,,,,,,
2026-07-02T03:01:41.523154+00:00,2026-07-02T03:01:41.523103,2,2,98.2,0.4,98.0,100,97.9,100,,,,,,,,,,,,,,,,,98.4,100,98.5,150,,,,,,,,,,,,,,,,
2026-07-02T03:01:42.000280+00:00,2026-07-02T03:01:42.000226,2,2,98.2,0.4,98.0,54,97.9,100,,,,,,,,,,,,,,,,,98.4,100,98.5,150,,,,,,,,,,,,,,,,
2026-07-02T03:01:42.482975+00:00,2026-07-02T03:01:42.482847,2,2,98.2,0.4,98.0,54,97.9,100,,,,,,,,,,,,,,,,,98.4,54,98.5,150,,,,,,,,,,,,,,,,
2026-07-02T03:01:43.135431+00:00,2026-07-02T03:01:43.135555,2,2,98.2,0.4,98.0,54,97.9,100,,,,,,,,,,,,,,,,,98.4,59,98.5,150,,,,,,,,,,,,,,,,
2026-07-02T03:01:43.221020+00:00,2026-07-02T03:01:43.220951,1,1,98.15,0.5,97.9,100,,,,,,,,,,,,,,,,,,,98.4,59,,,,,,,,,,,,,,,,,,
2026-07-02T03:01:43.276203+00:00,2026-07-02T03:01:43.276131,2,1,98.15,0.5,97.9,100,97.6,150,,,,,,,,,,,,,,,,,98.4,59,,,,,,,,,,,,,,,,,,
2026-07-02T03:01:43.330052+00:00,2026-07-02T03:01:43.329924,2,2,98.0,0.2,97.9,100,97.6,150,,,,,,,,,,,,,,,,,98.1,150,98.4,59,,,,,,,,,,,,,,,,
2026-07-02T03:01:43.508629+00:00,2026-07-02T03:01:43.508703,2,2,98.0,0.2,97.9,100,97.6,150,,,,,,,,,,,,,,,,,98.1,100,98.4,59,,,,,,,,,,,,,,,,
2026-07-02T03:01:44.035353+00:00,2026-07-02T03:01:44.035290,2,2,98.0,0.2,97.9,100,97.6,150,,,,,,,,,,,,,,,,,98.1,53,98.4,59,,,,,,,,,,,,,,,,
2026-07-02T03:01:44.576988+00:00,2026-07-02T03:01:44.576861,1,2,97.85,0.5,97.6,150,,,,,,,,,,,,,,,,,,,98.1,53,98.4,5,,,,,,,,,,,,,,,,
2026-07-02T03:01:44.625670+00:00,2026-07-02T03:01:44.625763,2,2,98.05,0.1,98.0,100,97.6,150,,,,,,,,,,,,,,,,,98.1,53,98.4,5,,,,,,,,,,,,,,,,
2026-07-02T03:01:44.678183+00:00,2026-07-02T03:01:44.678138,2,3,98.05,0.1,98.0,100,97.6,150,,,,,,,,,,,,,,,,,98.1,53,98.4,5,98.5,100,,,,,,,,,,,,,,
2026-07-02T03:01:45.613874+00:00,2026-07-02T03:01:45.614032,2,3,98.05,0.1,98.0,100,97.6,150,,,,,,,,,,,,,,,,,98.1,3,98.4,5,98.5,100,,,,,,,,,,,,,,
2026-07-02T03:01:46.387601+00:00,2026-07-02T03:01:46.387534,1,2,98.2,0.4,98.0,100,,,,,,,,,,,,,,,,,,,98.4,5,98.5,100,,,,,,,,,,,,,,,,
2026-07-02T03:01:46.442334+00:00,2026-07-02T03:01:46.442300,2,2,98.3,0.2,98.2,150,98.0,100,,,,,,,,,,,,,,,,,98.4,5,98.5,100,,,,,,,,,,,,,,,,
2026-07-02T03:01:46.491613+00:00,2026-07-02T03:01:46.491465,2,3,98.3,0.2,98.2,150,98.0,100,,,,,,,,,,,,,,,,,98.4,5,98.5,100,98.7,150,,,,,,,,,,,,,,
2026-07-02T03:01:47.735582+00:00,2026-07-02T03:01:47.735469,1,2,98.3,0.2,98.2,150,,,,,,,,,,,,,,,,,,,98.4,5,98.7,150,,,,,,,,,,,,,,,,
2026-07-02T03:01:47.791454+00:00,2026-07-02T03:01:47.791331,2,2,98.3,0.2,98.2,150,97.9,100,,,,,,,,,,,,,,,,,98.4,5,98.7,150,,,,,,,,,,,,,,,,
2026-07-02T03:01:47.844802+00:00,2026-07-02T03:01:47.844662,2,2,98.3,0.2,98.2,150,97.9,100,,,,,,,,,,,,,,,,,98.4,105,98.7,150,,,,,,,,,,,,,,,,
2026-07-02T03:01:49.547725+00:00,2026-07-02T03:01:49.547632,1,1,98.15,0.5,97.9,100,,,,,,,,,,,,,,,,,,,98.4,105,,,,,,,,,,,,,,,,,,
2026-07-02T03:01:49.604778+00:00,2026-07-02T03:01:49.604588,2,1,98.3,0.2,98.2,150,97.9,100,,,,,,,,,,,,,,,,,98.4,105,,,,,,,,,,,,,,,,,,
2026-07-02T03:01:49.658590+00:00,2026-07-02T03:01:49.653065,2,2,98.3,0.2,98.2,150,97.9,100,,,,,,,,,,,,,,,,,98.4,105,98.7,150,,,,,,,,,,,,,,,,
2026-07-02T03:01:49.878937+00:00,2026-07-02T03:01:49.878875,2,2,98.3,0.2,98.2,100,97.9,100,,,,,,,,,,,,,,,,,98.4,105,98.7,150,,,,,,,,,,,,,,,,
2026-07-02T03:01:50.333266+00:00,2026-07-02T03:01:50.333127,2,2,98.3,0.2,98.2,52,97.9,100,,,,,,,,,,,,,,,,,98.4,105,98.7,150,,,,,,,,,,,,,,,,
2026-07-02T03:01:50.899345+00:00,2026-07-02T03:01:50.899240,1,2,98.3,0.2,98.2,52,,,,,,,,,,,,,,,,,,,98.4,5,98.7,150,,,,,,,,,,,,,,,,
2026-07-02T03:01:50.958650+00:00,2026-07-02T03:01:50.955315,2,2,98.3,0.2,98.2,52,97.9,100,,,,,,,,,,,,,,,,,98.4,5,98.7,150,,,,,,,,,,,,,,,,
2026-07-02T03:01:51.009471+00:00,2026-07-02T03:01:51.009336,2,2,98.3,0.2,98.2,52,97.9,100,,,,,,,,,,,,,,,,,98.4,105,98.7,150,,,,,,,,,,,,,,,,
2026-07-02T03:01:51.424125+00:00,2026-07-02T03:01:51.424222,2,2,98.3,0.2,98.2,52,97.9,100,,,,,,,,,,,,,,,,,98.4,104,98.7,150,,,,,,,,,,,,,,,,
2026-07-02T03:01:51.998655+00:00,2026-07-02T03:01:51.998623,2,2,98.3,0.2,98.2,2,97.9,100,,,,,,,,,,,,,,,,,98.4,104,98.7,150,,,,,,,,,,,,,,,,
2026-07-02T03:01:52.546475+00:00,2026-07-02T03:01:52.546441,3,2,98.3,0.2,98.2,2,98.1,1,97.9,100,,,,,,,,,,,,,,,98.4,104,98.7,150,,,,,,,,,,,,,,,,
2026-07-02T03:01:52.706808+00:00,2026-07-02T03:01:52.706945,3,1,98.3,0.2,98.2,2,98.1,1,97.9,100,,,,,,,,,,,,,,,98.4,104,,,,,,,,,,,,,,,,,,
2026-07-02T03:01:52.712233+00:00,2026-07-02T03:01:52.712122,2,1,98.25,0.3,98.1,1,97.9,100,,,,,,,,,,,,,,,,,98.4,104,,,,,,,,,,,,,,,,,,
2026-07-02T03:01:52.763979+00:00,2026-07-02T03:01:52.763863,3,1,98.25,0.3,98.1,1,97.9,100,97.5,150,,,,,,,,,,,,,,,98.4,104,,,,,,,,,,,,,,,,,,
2026-07-02T03:01:52.819253+00:00,2026-07-02T03:01:52.819204,2,2,97.95,0.1,97.9,100,97.5,150,,,,,,,,,,,,,,,,,98.0,149,98.4,104,,,,,,,,,,,,,,,,
2026-07-02T03:01:53.579137+00:00,2026-07-02T03:01:53.579051,2,2,97.95,0.1,97.9,100,97.5,150,,,,,,,,,,,,,,,,,98.0,148,98.4,104,,,,,,,,,,,,,,,,
2026-07-02T03:01:53.629390+00:00,2026-07-02T03:01:53.629560,2,2,97.95,0.1,97.9,100,97.5,150,,,,,,,,,,,,,,,,,98.0,147,98.4,104,,,,,,,,,,,,,,,,
2026-07-02T03:01:54.064488+00:00,2026-07-02T03:01:54.064365,1,2,97.75,0.5,97.5,150,,,,,,,,,,,,,,,,,,,98.0,147,98.4,4,,,,,,,,,,,,,,,,
2026-07-02T03:01:54.120740+00:00,2026-07-02T03:01:54.120572,2,2,97.95,0.1,97.9,100,97.5,150,,,,,,,,,,,,,,,,,98.0,147,98.4,4,,,,,,,,,,,,,,,,
2026-07-02T03:01:54.174700+00:00,2026-07-02T03:01:54.174653,2,2,97.95,0.1,97.9,100,97.5,150,,,,,,,,,,,,,,,,,98.0,147,98.4,104,,,,,,,,,,,,,,,,
2026-07-02T03:01:54.597256+00:00,2026-07-02T03:01:54.597194,2,2,97.95,0.1,97.9,100,97.5,150,,,,,,,,,,,,,,,,,98.0,146,98.4,104,,,,,,,,,,,,,,,,
2026-07-02T03:01:54.725444+00:00,2026-07-02T03:01:54.725535,2,2,97.95,0.1,97.9,56,97.5,150,,,,,,,,,,,,,,,,,98.0,146,98.4,104,,,,,,,,,,,,,,,,
2026-07-02T03:01:55.873392+00:00,2026-07-02T03:01:55.873333,1,1,98.15,0.5,97.9,56,,,,,,,,,,,,,,,,,,,98.4,104,,,,,,,,,,,,,,,,,,
2026-07-02T03:01:55.926465+00:00,2026-07-02T03:01:55.926368,2,1,98.15,0.5,97.9,56,97.6,150,,,,,,,,,,,,,,,,,98.4,104,,,,,,,,,,,,,,,,,,
2026-07-02T03:01:55.978943+00:00,2026-07-02T03:01:55.978748,2,2,98.0,0.2,97.9,56,97.6,150,,,,,,,,,,,,,,,,,98.1,150,98.4,104,,,,,,,,,,,,,,,,
2026-07-02T03:01:56.209357+00:00,2026-07-02T03:01:56.209244,2,2,98.0,0.2,97.9,6,97.6,150,,,,,,,,,,,,,,,,,98.1,150,98.4,104,,,,,,,,,,,,,,,,
2026-07-02T03:01:56.525746+00:00,2026-07-02T03:01:56.525694,3,2,98.05,0.1,98.0,2,97.9,6,97.6,150,,,,,,,,,,,,,,,98.1,150,98.4,104,,,,,,,,,,,,,,,,
2026-07-02T03:01:56.858629+00:00,2026-07-02T03:01:56.855401,3,2,98.05,0.1,98.0,2,97.9,6,97.6,150,,,,,,,,,,,,,,,98.1,150,98.4,103,,,,,,,,,,,,,,,,
2026-07-02T03:01:57.258635+00:00,2026-07-02T03:01:57.248174,2,2,98.05,0.1,98.0,2,97.6,150,,,,,,,,,,,,,,,,,98.1,150,98.4,3,,,,,,,,,,,,,,,,
2026-07-02T03:01:57.301468+00:00,2026-07-02T03:01:57.301352,3,2,98.05,0.1,98.0,2,97.7,100,97.6,150,,,,,,,,,,,,,,,98.1,150,98.4,3,,,,,,,,,,,,,,,,
2026-07-02T03:01:57.359567+00:00,2026-07-02T03:01:57.359369,3,3,98.05,0.1,98.0,2,97.7,100,97.6,150,,,,,,,,,,,,,,,98.1,150,98.2,100,98.4,3,,,,,,,,,,,,,,
2026-07-02T03:01:58.315231+00:00,2026-07-02T03:01:58.315202,2,3,97.9,0.4,97.7,52,97.6,150,,,,,,,,,,,,,,,,,98.1,150,98.2,100,98.4,3,,,,,,,,,,,,,,
2026-07-02T03:01:58.395247+00:00,2026-07-02T03:01:58.395324,3,3,98.05,0.1,98.0,2,97.7,52,97.6,150,,,,,,,,,,,,,,,98.1,150,98.2,100,98.4,3,,,,,,,,,,,,,,
2026-07-02T03:01:59.045961+00:00,2026-07-02T03:01:59.045916,2,1,98.1,0.2,98.0,2,97.7,52,,,,,,,,,,,,,,,,,98.2,100,,,,,,,,,,,,,,,,,,
2026-07-02T03:01:59.087556+00:00,2026-07-02T03:01:59.087485,2,1,98.1,0.2,98.0,1,97.7,52,,,,,,,,,,,,,,,,,98.2,100,,,,,,,,,,,,,,,,,,
2026-07-02T03:01:59.103077+00:00,2026-07-02T03:01:59.103207,3,1,98.1,0.2,98.0,1,97.7,52,97.5,150,,,,,,,,,,,,,,,98.2,100,,,,,,,,,,,,,,,,,,
2026-07-02T03:01:59.158549+00:00,2026-07-02T03:01:59.156691,2,2,97.85,0.3,97.7,52,97.5,150,,,,,,,,,,,,,,,,,98.0,149,98.2,100,,,,,,,,,,,,,,,,
2026-07-02T03:01:59.413350+00:00,2026-07-02T03:01:59.413492,3,2,97.95,0.1,97.9,2,97.7,52,97.5,150,,,,,,,,,,,,,,,98.0,149,98.2,104,,,,,,,,,,,,,,,,
2026-07-02T03:01:59.508124+00:00,2026-07-02T03:01:59.508057,3,2,97.95,0.1,97.9,2,97.7,52,97.5,150,,,,,,,,,,,,,,,98.0,49,98.2,104,,,,,,,,,,,,,,,,
2026-07-02T03:02:00.413023+00:00,2026-07-02T03:02:00.412980,2,2,97.95,0.1,97.9,2,97.5,150,,,,,,,,,,,,,,,,,98.0,49,98.2,4,,,,,,,,,,,,,,,,
2026-07-02T03:02:00.443986+00:00,2026-07-02T03:02:00.443885,1,2,97.75,0.5,97.5,150,,,,,,,,,,,,,,,,,,,98.0,49,98.2,4,,,,,,,,,,,,,,,,
2026-07-02T03:02:00.469940+00:00,2026-07-02T03:02:00.469883,2,2,97.8,0.4,97.6,100,97.5,150,,,,,,,,,,,,,,,,,98.0,49,98.2,4,,,,,,,,,,,,,,,,
2026-07-02T03:02:00.491934+00:00,2026-07-02T03:02:00.492011,3,2,97.95,0.1,97.9,1,97.6,100,97.5,150,,,,,,,,,,,,,,,98.0,49,98.2,4,,,,,,,,,,,,,,,,
2026-07-02T03:02:00.522761+00:00,2026-07-02T03:02:00.522672,3,3,97.95,0.1,97.9,1,97.6,100,97.5,150,,,,,,,,,,,,,,,98.0,49,98.1,100,98.2,4,,,,,,,,,,,,,,
2026-07-02T03:02:02.211974+00:00,2026-07-02T03:02:02.211869,2,2,98.0,0.2,97.9,1,97.6,100,,,,,,,,,,,,,,,,,98.1,100,98.2,4,,,,,,,,,,,,,,,,
2026-07-02T03:02:02.265795+00:00,2026-07-02T03:02:02.265769,2,2,98.0,0.2,97.9,151,97.6,100,,,,,,,,,,,,,,,,,98.1,100,98.2,4,,,,,,,,,,,,,,,,
2026-07-02T03:02:02.314034+00:00,2026-07-02T03:02:02.313996,2,3,98.0,0.2,97.9,151,97.6,100,,,,,,,,,,,,,,,,,98.1,100,98.2,4,98.4,150,,,,,,,,,,,,,,
2026-07-02T03:02:02.558713+00:00,2026-07-02T03:02:02.551704,2,3,98.0,0.2,97.9,101,97.6,100,,,,,,,,,,,,,,,,,98.1,100,98.2,4,98.4,150,,,,,,,,,,,,,,
2026-07-02T03:02:03.577868+00:00,2026-07-02T03:02:03.577706,1,2,98.05,0.3,97.9,101,,,,,,,,,,,,,,,,,,,98.2,4,98.4,150,,,,,,,,,,,,,,,,
2026-07-02T03:02:03.633348+00:00,2026-07-02T03:02:03.633270,2,2,98.05,0.3,97.9,103,97.6,100,,,,,,,,,,,,,,,,,98.2,4,98.4,150,,,,,,,,,,,,,,,,
2026-07-02T03:02:03.686881+00:00,2026-07-02T03:02:03.686731,2,3,98.0,0.2,97.9,103,97.6,100,,,,,,,,,,,,,,,,,98.1,100,98.2,4,98.4,150,,,,,,,,,,,,,,
2026-07-02T03:02:05.370175+00:00,2026-07-02T03:02:05.370096,2,2,98.0,0.2,97.9,2,97.6,100,,,,,,,,,,,,,,,,,98.1,100,98.2,4,,,,,,,,,,,,,,,,
2026-07-02T03:02:05.423051+00:00,2026-07-02T03:02:05.422973,3,2,98.0,0.2,97.9,2,97.8,150,97.6,100,,,,,,,,,,,,,,,98.1,100,98.2,4,,,,,,,,,,,,,,,,
2026-07-02T03:02:05.476810+00:00,2026-07-02T03:02:05.476771,3,3,98.0,0.2,97.9,2,97.8,150,97.6,100,,,,,,,,,,,,,,,98.1,100,98.2,4,98.3,150,,,,,,,,,,,,,,
2026-07-02T03:02:06.463726+00:00,2026-07-02T03:02:06.463687,3,3,98.0,0.2,97.9,2,97.8,150,97.6,100,,,,,,,,,,,,,,,98.1,58,98.2,4,98.3,150,,,,,,,,,,,,,,
2026-07-02T03:02:06.558630+00:00,2026-07-02T03:02:06.557453,3,3,98.0,0.2,97.9,2,97.8,150,97.6,100,,,,,,,,,,,,,,,98.1,58,98.2,2,98.3,150,,,,,,,,,,,,,,
2026-07-02T03:02:06.740618+00:00,2026-07-02T03:02:06.740555,2,2,98.05,0.3,97.9,2,97.8,150,,,,,,,,,,,,,,,,,98.2,2,98.3,150,,,,,,,,,,,,,,,,
2026-07-02T03:02:06.796324+00:00,2026-07-02T03:02:06.796265,3,2,98.05,0.3,97.9,2,97.8,150,97.6,100,,,,,,,,,,,,,,,98.2,2,98.3,150,,,,,,,,,,,,,,,,
2026-07-02T03:02:06.848974+00:00,2026-07-02T03:02:06.848929,3,3,98.0,0.2,97.9,2,97.8,150,97.6,100,,,,,,,,,,,,,,,98.1,100,98.2,2,98.3,150,,,,,,,,,,,,,,
2026-07-02T03:02:06.937284+00:00,2026-07-02T03:02:06.937088,2,3,97.95,0.3,97.8,104,97.6,100,,,,,,,,,,,,,,,,,98.1,100,98.2,2,98.3,150,,,,,,,,,,,,,,
2026-07-02T03:02:08.097336+00:00,2026-07-02T03:02:08.097246,2,3,97.95,0.3,97.8,104,97.6,100,,,,,,,,,,,,,,,,,98.1,100,98.2,1,98.3,150,,,,,,,,,,,,,,
2026-07-02T03:02:08.533653+00:00,2026-07-02T03:02:08.533763,1,2,97.85,0.5,97.6,100,,,,,,,,,,,,,,,,,,,98.1,100,98.2,1,,,,,,,,,,,,,,,,
2026-07-02T03:02:08.583542+00:00,2026-07-02T03:02:08.583704,1,2,97.85,0.5,97.6,250,,,,,,,,,,,,,,,,,,,98.1,100,98.2,1,,,,,,,,,,,,,,,,
2026-07-02T03:02:08.637291+00:00,2026-07-02T03:02:08.637233,1,2,97.85,0.5,97.6,250,,,,,,,,,,,,,,,,,,,98.1,250,98.2,1,,,,,,,,,,,,,,,,
2026-07-02T03:02:08.815614+00:00,2026-07-02T03:02:08.815772,1,2,97.85,0.5,97.6,250,,,,,,,,,,,,,,,,,,,98.1,200,98.2,1,,,,,,,,,,,,,,,,
2026-07-02T03:02:09.903342+00:00,2026-07-02T03:02:09.903247,1,2,97.85,0.5,97.6,150,,,,,,,,,,,,,,,,,,,98.1,150,98.2,1,,,,,,,,,,,,,,,,
2026-07-02T03:02:09.954255+00:00,2026-07-02T03:02:09.954335,2,2,97.9,0.4,97.7,100,97.6,150,,,,,,,,,,,,,,,,,98.1,150,98.2,1,,,,,,,,,,,,,,,,
2026-07-02T03:02:10.011148+00:00,2026-07-02T03:02:10.010997,2,2,97.9,0.4,97.7,100,97.6,150,,,,,,,,,,,,,,,,,98.1,150,98.2,101,,,,,,,,,,,,,,,,
2026-07-02T03:02:10.922211+00:00,2026-07-02T03:02:10.922364,2,2,97.9,0.4,97.7,100,97.6,150,,,,,,,,,,,,,,,,,98.1,100,98.2,101,,,,,,,,,,,,,,,,
2026-07-02T03:02:11.693300+00:00,2026-07-02T03:02:11.693192,1,1,97.95,0.5,97.7,100,,,,,,,,,,,,,,,,,,,98.2,101,,,,,,,,,,,,,,,,,,
2026-07-02T03:02:11.775161+00:00,2026-07-02T03:02:11.774976,1,1,97.95,0.5,97.7,250,,,,,,,,,,,,,,,,,,,98.2,101,,,,,,,,,,,,,,,,,,
2026-07-02T03:02:11.834243+00:00,2026-07-02T03:02:11.834117,1,1,97.95,0.5,97.7,250,,,,,,,,,,,,,,,,,,,98.2,251,,,,,,,,,,,,,,,,,,
2026-07-02T03:02:13.029187+00:00,2026-07-02T03:02:13.029344,1,1,97.95,0.5,97.7,250,,,,,,,,,,,,,,,,,,,98.2,201,,,,,,,,,,,,,,,,,,
2026-07-02T03:02:13.064823+00:00,2026-07-02T03:02:13.064701,1,1,97.95,0.5,97.7,150,,,,,,,,,,,,,,,,,,,98.2,150,,,,,,,,,,,,,,,,,,
2026-07-02T03:02:13.069970+00:00,2026-07-02T03:02:13.069874,1,1,97.95,0.5,97.7,150,,,,,,,,,,,,,,,,,,,98.2,103,,,,,,,,,,,,,,,,,,
2026-07-02T03:02:13.119531+00:00,2026-07-02T03:02:13.119421,1,1,97.95,0.5,97.7,250,,,,,,,,,,,,,,,,,,,98.2,103,,,,,,,,,,,,,,,,,,
2026-07-02T03:02:13.172645+00:00,2026-07-02T03:02:13.172799,1,1,97.95,0.5,97.7,250,,,,,,,,,,,,,,,,,,,98.2,203,,,,,,,,,,,,,,,,,,
2026-07-02T03:02:14.558605+00:00,2026-07-02T03:02:14.556434,1,1,97.95,0.5,97.7,250,,,,,,,,,,,,,,,,,,,98.2,155,,,,,,,,,,,,,,,,,,
2026-07-02T03:02:14.884708+00:00,2026-07-02T03:02:14.884644,1,1,97.95,0.5,97.7,100,,,,,,,,,,,,,,,,,,,98.2,100,,,,,,,,,,,,,,,,,,
2026-07-02T03:02:14.940203+00:00,2026-07-02T03:02:14.940061,2,0,,,98.2,50,97.7,100,,,,,,,,,,,,,,,,,,,,,,,,,,,,,,,,,,,,
2026-07-02T03:02:14.996407+00:00,2026-07-02T03:02:14.996318,2,1,98.45,0.5,98.2,50,97.7,100,,,,,,,,,,,,,,,,,98.7,150,,,,,,,,,,,,,,,,,,
2026-07-02T03:02:15.138725+00:00,2026-07-02T03:02:15.138584,2,1,98.45,0.5,98.2,50,97.7,100,,,,,,,,,,,,,,,,,98.7,100,,,,,,,,,,,,,,,,,,
2026-07-02T03:02:15.143686+00:00,2026-07-02T03:02:15.143839,3,1,98.45,0.5,98.2,50,97.8,7,97.7,100,,,,,,,,,,,,,,,98.7,100,,,,,,,,,,,,,,,,,,
2026-07-02T03:02:15.239774+00:00,2026-07-02T03:02:15.231221,3,1,98.45,0.5,98.2,47,97.8,7,97.7,100,,,,,,,,,,,,,,,98.7,100,,,,,,,,,,,,,,,,,,
2026-07-02T03:02:16.227943+00:00,2026-07-02T03:02:16.227820,2,1,98.45,0.5,98.2,47,97.8,7,,,,,,,,,,,,,,,,,98.7,100,,,,,,,,,,,,,,,,,,
2026-07-02T03:02:16.291246+00:00,2026-07-02T03:02:16.291055,3,1,98.45,0.5,98.2,47,98.1,100,97.8,7,,,,,,,,,,,,,,,98.7,100,,,,,,,,,,,,,,,,,,
2026-07-02T03:02:16.335728+00:00,2026-07-02T03:02:16.335527,3,2,98.4,0.4,98.2,47,98.1,100,97.8,7,,,,,,,,,,,,,,,98.6,100,98.7,100,,,,,,,,,,,,,,,,
2026-07-02T03:02:17.249872+00:00,2026-07-02T03:02:17.249823,3,2,98.4,0.4,98.2,47,98.1,100,97.8,7,,,,,,,,,,,,,,,98.6,50,98.7,100,,,,,,,,,,,,,,,,
2026-07-02T03:02:18.050390+00:00,2026-07-02T03:02:18.050281,2,1,98.35,0.5,98.1,100,97.8,7,,,,,,,,,,,,,,,,,98.6,50,,,,,,,,,,,,,,,,,,
2026-07-02T03:02:18.104458+00:00,2026-07-02T03:02:18.104341,3,1,98.35,0.5,98.1,100,98.0,150,97.8,7,,,,,,,,,,,,,,,98.6,50,,,,,,,,,,,,,,,,,,
2026-07-02T03:02:18.158588+00:00,2026-07-02T03:02:18.151948,3,2,98.25,0.3,98.1,100,98.0,150,97.8,7,,,,,,,,,,,,,,,98.4,150,98.6,50,,,,,,,,,,,,,,,,
2026-07-02T03:02:19.389851+00:00,2026-07-02T03:02:19.389782,1,1,98.2,0.4,98.0,150,,,,,,,,,,,,,,,,,,,98.4,150,,,,,,,,,,,,,,,,,,
2026-07-02T03:02:19.443717+00:00,2026-07-02T03:02:19.443682,1,1,98.2,0.4,98.0,150,,,,,,,,,,,,,,,,,,,98.4,50,,,,,,,,,,,,,,,,,,
2026-07-02T03:02:19.498341+00:00,2026-07-02T03:02:19.498230,1,2,98.2,0.4,98.0,150,,,,,,,,,,,,,,,,,,,98.4,50,98.9,100,,,,,,,,,,,,,,,,
2026-07-02T03:02:19.849595+00:00,2026-07-02T03:02:19.849505,1,2,98.2,0.4,98.0,157,,,,,,,,,,,,,,,,,,,98.4,50,98.9,100,,,,,,,,,,,,,,,,
2026-07-02T03:02:20.258586+00:00,2026-07-02T03:02:20.254703,1,2,98.2,0.4,98.0,156,,,,,,,,,,,,,,,,,,,98.4,50,98.9,100,,,,,,,,,,,,,,,,
2026-07-02T03:02:21.209502+00:00,2026-07-02T03:02:21.209613,1,1,98.45,0.9,98.0,6,,,,,,,,,,,,,,,,,,,98.9,100,,,,,,,,,,,,,,,,,,
2026-07-02T03:02:21.265159+00:00,2026-07-02T03:02:21.265312,2,1,98.55,0.7,98.2,150,98.0,6,,,,,,,,,,,,,,,,,98.9,100,,,,,,,,,,,,,,,,,,
2026-07-02T03:02:21.322981+00:00,2026-07-02T03:02:21.322810,2,2,98.45,0.5,98.2,150,98.0,6,,,,,,,,,,,,,,,,,98.7,150,98.9,100,,,,,,,,,,,,,,,,
2026-07-02T03:02:21.517914+00:00,2026-07-02T03:02:21.517809,2,2,98.45,0.5,98.2,100,98.0,6,,,,,,,,,,,,,,,,,98.7,150,98.9,100,,,,,,,,,,,,,,,,
2026-07-02T03:02:22.472329+00:00,2026-07-02T03:02:22.472276,2,2,98.45,0.5,98.2,100,98.0,5,,,,,,,,,,,,,,,,,98.7,150,98.9,100,,,,,,,,,,,,,,,,
2026-07-02T03:02:22.552148+00:00,2026-07-02T03:02:22.552251,2,1,98.45,0.5,98.2,100,98.0,5,,,,,,,,,,,,,,,,,98.7,150,,,,,,,,,,,,,,,,,,
2026-07-02T03:02:22.606234+00:00,2026-07-02T03:02:22.606155,2,1,98.45,0.5,98.2,100,98.0,105,,,,,,,,,,,,,,,,,98.7,150,,,,,,,,,,,,,,,,,,
2026-07-02T03:02:22.658596+00:00,2026-07-02T03:02:22.655601,2,2,98.35,0.3,98.2,100,98.0,105,,,,,,,,,,,,,,,,,98.5,100,98.7,150,,,,,,,,,,,,,,,,
2026-07-02T03:02:23.622100+00:00,2026-07-02T03:02:23.622069,2,2,98.35,0.3,98.2,50,98.0,105,,,,,,,,,,,,,,,,,98.5,100,98.7,150,,,,,,,,,,,,,,,,
2026-07-02T03:02:23.921045+00:00,2026-07-02T03:02:23.920980,2,3,98.25,0.1,98.2,50,98.0,105,,,,,,,,,,,,,,,,,98.3,2,98.5,100,98.7,150,,,,,,,,,,,,,,
2026-07-02T03:02:24.258699+00:00,2026-07-02T03:02:24.253128,2,3,98.25,0.1,98.2,9,98.0,105,,,,,,,,,,,,,,,,,98.3,2,98.5,100,98.7,150,,,,,,,,,,,,,,
2026-07-02T03:02:24.377952+00:00,2026-07-02T03:02:24.377923,1,2,98.15,0.3,98.0,105,,,,,,,,,,,,,,,,,,,98.3,2,98.5,100,,,,,,,,,,,,,,,,
2026-07-02T03:02:24.433924+00:00,2026-07-02T03:02:24.433875,2,2,98.15,0.3,98.0,105,97.8,150,,,,,,,,,,,,,,,,,98.3,2,98.5,100,,,,,,,,,,,,,,,,
2026-07-02T03:02:24.491259+00:00,2026-07-02T03:02:24.491428,2,2,98.15,0.3,98.0,105,97.8,150,,,,,,,,,,,,,,,,,98.3,152,98.5,100,,,,,,,,,,,,,,,,
2026-07-02T03:02:24.571765+00:00,2026-07-02T03:02:24.571617,2,2,98.15,0.3,98.0,104,97.8,150,,,,,,,,,,,,,,,,,98.3,152,98.5,100,,,,,,,,,,,,,,,,
2026-07-02T03:02:25.426719+00:00,2026-07-02T03:02:25.426666,2,2,98.15,0.3,98.0,63,97.8,150,,,,,,,,,,,,,,,,,98.3,152,98.5,100,,,,,,,,,,,,,,,,
2026-07-02T03:02:25.458575+00:00,2026-07-02T03:02:25.455658,2,2,98.15,0.3,98.0,67,97.8,150,,,,,,,,,,,,,,,,,98.3,152,98.5,100,,,,,,,,,,,,,,,,
2026-07-02T03:02:25.711058+00:00,2026-07-02T03:02:25.711021,2,1,98.15,0.3,98.0,4,97.8,150,,,,,,,,,,,,,,,,,98.3,152,,,,,,,,,,,,,,,,,,
2026-07-02T03:02:25.736492+00:00,2026-07-02T03:02:25.736377,1,1,98.05,0.5,97.8,104,,,,,,,,,,,,,,,,,,,98.3,152,,,,,,,,,,,,,,,,,,
2026-07-02T03:02:25.756337+00:00,2026-07-02T03:02:25.756497,2,1,98.15,0.3,98.0,104,97.8,104,,,,,,,,,,,,,,,,,98.3,152,,,,,,,,,,,,,,,,,,
2026-07-02T03:02:25.822529+00:00,2026-07-02T03:02:25.822396,2,2,98.15,0.3,98.0,104,97.8,104,,,,,,,,,,,,,,,,,98.3,152,98.5,100,,,,,,,,,,,,,,,,
2026-07-02T03:02:27.546098+00:00,2026-07-02T03:02:27.546002,1,2,98.15,0.3,98.0,104,,,,,,,,,,,,,,,,,,,98.3,2,98.5,100,,,,,,,,,,,,,,,,
2026-07-02T03:02:27.601350+00:00,2026-07-02T03:02:27.601123,2,2,98.15,0.3,98.0,104,97.8,150,,,,,,,,,,,,,,,,,98.3,2,98.5,100,,,,,,,,,,,,,,,,
2026-07-02T03:02:27.653602+00:00,2026-07-02T03:02:27.653714,2,2,98.15,0.3,98.0,104,97.8,150,,,,,,,,,,,,,,,,,98.3,152,98.5,100,,,,,,,,,,,,,,,,
2026-07-02T03:02:27.841315+00:00,2026-07-02T03:02:27.841595,2,2,98.15,0.3,98.0,54,97.8,150,,,,,,,,,,,,,,,,,98.3,152,98.5,100,,,,,,,,,,,,,,,,
2026-07-02T03:02:28.112993+00:00,2026-07-02T03:02:28.112917,2,2,98.15,0.3,98.0,54,97.8,150,,,,,,,,,,,,,,,,,98.3,151,98.5,100,,,,,,,,,,,,,,,,
2026-07-02T03:02:28.876275+00:00,2026-07-02T03:02:28.876430,1,1,98.05,0.5,97.8,150,,,,,,,,,,,,,,,,,,,98.3,151,,,,,,,,,,,,,,,,,,
2026-07-02T03:02:28.930565+00:00,2026-07-02T03:02:28.930459,1,1,98.05,0.5,97.8,250,,,,,,,,,,,,,,,,,,,98.3,151,,,,,,,,,,,,,,,,,,
2026-07-02T03:02:28.983299+00:00,2026-07-02T03:02:28.983238,1,1,98.05,0.5,97.8,250,,,,,,,,,,,,,,,,,,,98.3,251,,,,,,,,,,,,,,,,,,
2026-07-02T03:02:29.395826+00:00,2026-07-02T03:02:29.395736,1,1,98.05,0.5,97.8,250,,,,,,,,,,,,,,,,,,,98.3,250,,,,,,,,,,,,,,,,,,
2026-07-02T03:02:30.703438+00:00,2026-07-02T03:02:30.703587,1,1,98.05,0.5,97.8,250,,,,,,,,,,,,,,,,,,,98.3,100,,,,,,,,,,,,,,,,,,
2026-07-02T03:02:30.708857+00:00,2026-07-02T03:02:30.708742,1,1,98.05,0.5,97.8,100,,,,,,,,,,,,,,,,,,,98.3,100,,,,,,,,,,,,,,,,,,
2026-07-02T03:02:30.758750+00:00,2026-07-02T03:02:30.755843,2,1,98.05,0.5,97.8,100,97.7,150,,,,,,,,,,,,,,,,,98.3,100,,,,,,,,,,,,,,,,,,
2026-07-02T03:02:30.813724+00:00,2026-07-02T03:02:30.813660,2,2,98.0,0.4,97.8,100,97.7,150,,,,,,,,,,,,,,,,,98.2,150,98.3,100,,,,,,,,,,,,,,,,
2026-07-02T03:02:31.340360+00:00,2026-07-02T03:02:31.340319,2,2,98.0,0.4,97.8,100,97.7,150,,,,,,,,,,,,,,,,,98.2,104,98.3,100,,,,,,,,,,,,,,,,
2026-07-02T03:02:32.001789+00:00,2026-07-02T03:02:32.001957,2,2,98.0,0.4,97.8,100,97.7,150,,,,,,,,,,,,,,,,,98.2,54,98.3,100,,,,,,,,,,,,,,,,
2026-07-02T03:02:32.040328+00:00,2026-07-02T03:02:32.040278,1,1,97.95,0.5,97.7,150,,,,,,,,,,,,,,,,,,,98.2,54,,,,,,,,,,,,,,,,,,
2026-07-02T03:02:32.096103+00:00,2026-07-02T03:02:32.096226,1,1,97.95,0.5,97.7,250,,,,,,,,,,,,,,,,,,,98.2,54,,,,,,,,,,,,,,,,,,
2026-07-02T03:02:32.149555+00:00,2026-07-02T03:02:32.149485,1,1,97.95,0.5,97.7,250,,,,,,,,,,,,,,,,,,,98.2,154,,,,,,,,,,,,,,,,,,
2026-07-02T03:02:33.858534+00:00,2026-07-02T03:02:33.857208,1,1,97.95,0.5,97.7,250,,,,,,,,,,,,,,,,,,,98.2,100,,,,,,,,,,,,,,,,,,
2026-07-02T03:02:33.869058+00:00,2026-07-02T03:02:33.869000,1,1,97.95,0.5,97.7,100,,,,,,,,,,,,,,,,,,,98.2,100,,,,,,,,,,,,,,,,,,
2026-07-02T03:02:33.922018+00:00,2026-07-02T03:02:33.922160,2,1,98.1,0.2,98.0,150,97.7,100,,,,,,,,,,,,,,,,,98.2,100,,,,,,,,,,,,,,,,,,
2026-07-02T03:02:33.974771+00:00,2026-07-02T03:02:33.974633,2,2,98.1,0.2,98.0,150,97.7,100,,,,,,,,,,,,,,,,,98.2,100,98.5,150,,,,,,,,,,,,,,,,
2026-07-02T03:02:35.038887+00:00,2026-07-02T03:02:35.038809,2,2,98.1,0.2,98.0,110,97.7,100,,,,,,,,,,,,,,,,,98.2,100,98.5,150,,,,,,,,,,,,,,,,
2026-07-02T03:02:35.204865+00:00,2026-07-02T03:02:35.204771,1,1,98.25,0.5,98.0,110,,,,,,,,,,,,,,,,,,,98.5,150,,,,,,,,,,,,,,,,,,
2026-07-02T03:02:35.210057+00:00,2026-07-02T03:02:35.209946,1,1,98.25,0.5,98.0,117,,,,,,,,,,,,,,,,,,,98.5,150,,,,,,,,,,,,,,,,,,
2026-07-02T03:02:35.258548+00:00,2026-07-02T03:02:35.255057,2,1,98.25,0.5,98.0,117,97.8,100,,,,,,,,,,,,,,,,,98.5,150,,,,,,,,,,,,,,,,,,
2026-07-02T03:02:35.314489+00:00,2026-07-02T03:02:35.314292,2,2,98.15,0.3,98.0,117,97.8,100,,,,,,,,,,,,,,,,,98.3,100,98.5,150,,,,,,,,,,,,,,,,
2026-07-02T03:02:35.675741+00:00,2026-07-02T03:02:35.675905,2,2,98.15,0.3,98.0,116,97.8,100,,,,,,,,,,,,,,,,,98.3,100,98.5,150,,,,,,,,,,,,,,,,
2026-07-02T03:02:36.211359+00:00,2026-07-02T03:02:36.211195,2,2,98.15,0.3,98.0,116,97.8,100,,,,,,,,,,,,,,,,,98.3,50,98.5,150,,,,,,,,,,,,,,,,
2026-07-02T03:02:37.029314+00:00,2026-07-02T03:02:37.029221,2,1,98.15,0.3,98.0,6,97.8,100,,,,,,,,,,,,,,,,,98.3,50,,,,,,,,,,,,,,,,,,
2026-07-02T03:02:37.084753+00:00,2026-07-02T03:02:37.084624,3,1,98.15,0.3,98.0,6,97.9,150,97.8,100,,,,,,,,,,,,,,,98.3,50,,,,,,,,,,,,,,,,,,
2026-07-02T03:02:37.132978+00:00,2026-07-02T03:02:37.132488,3,2,98.15,0.3,98.0,6,97.9,150,97.8,100,,,,,,,,,,,,,,,98.3,50,98.4,150,,,,,,,,,,,,,,,,
2026-07-02T03:02:37.907415+00:00,2026-07-02T03:02:37.907387,2,2,98.1,0.4,97.9,109,97.8,100,,,,,,,,,,,,,,,,,98.3,50,98.4,150,,,,,,,,,,,,,,,,
2026-07-02T03:02:38.367975+00:00,2026-07-02T03:02:38.368096,1,1,98.15,0.5,97.9,109,,,,,,,,,,,,,,,,,,,98.4,150,,,,,,,,,,,,,,,,,,
2026-07-02T03:02:38.373349+00:00,2026-07-02T03:02:38.373284,1,1,98.15,0.5,97.9,59,,,,,,,,,,,,,,,,,,,98.4,150,,,,,,,,,,,,,,,,,,
2026-07-02T03:02:38.424438+00:00,2026-07-02T03:02:38.424244,2,1,98.15,0.5,97.9,59,97.7,100,,,,,,,,,,,,,,,,,98.4,150,,,,,,,,,,,,,,,,,,
2026-07-02T03:02:38.476280+00:00,2026-07-02T03:02:38.476155,2,2,98.05,0.3,97.9,59,97.7,100,,,,,,,,,,,,,,,,,98.2,100,98.4,150,,,,,,,,,,,,,,,,
2026-07-02T03:02:40.202086+00:00,2026-07-02T03:02:40.201894,1,1,97.95,0.5,97.7,100,,,,,,,,,,,,,,,,,,,98.2,100,,,,,,,,,,,,,,,,,,
2026-07-02T03:02:40.207280+00:00,2026-07-02T03:02:40.207126,1,1,97.95,0.5,97.7,100,,,,,,,,,,,,,,,,,,,98.2,53,,,,,,,,,,,,,,,,,,
2026-07-02T03:02:40.258590+00:00,2026-07-02T03:02:40.256070,2,1,97.95,0.5,97.7,100,97.4,150,,,,,,,,,,,,,,,,,98.2,53,,,,,,,,,,,,,,,,,,
2026-07-02T03:02:40.319131+00:00,2026-07-02T03:02:40.319095,2,2,97.8,0.2,97.7,100,97.4,150,,,,,,,,,,,,,,,,,97.9,150,98.2,53,,,,,,,,,,,,,,,,
2026-07-02T03:02:40.426893+00:00,2026-07-02T03:02:40.426815,2,2,97.8,0.2,97.7,100,97.4,150,,,,,,,,,,,,,,,,,97.9,100,98.2,53,,,,,,,,,,,,,,,,
2026-07-02T03:02:40.804657+00:00,2026-07-02T03:02:40.800938,2,2,97.8,0.2,97.7,60,97.4,150,,,,,,,,,,,,,,,,,97.9,100,98.2,58,,,,,,,,,,,,,,,,
2026-07-02T03:02:41.529576+00:00,2026-07-02T03:02:41.529481,2,2,97.8,0.2,97.7,60,97.4,150,,,,,,,,,,,,,,,,,97.9,100,98.2,5,,,,,,,,,,,,,,,,
2026-07-02T03:02:41.534756+00:00,2026-07-02T03:02:41.534649,1,2,97.65,0.5,97.4,150,,,,,,,,,,,,,,,,,,,97.9,100,98.2,5,,,,,,,,,,,,,,,,
2026-07-02T03:02:41.584371+00:00,2026-07-02T03:02:41.584294,2,2,97.8,0.2,97.7,100,97.4,150,,,,,,,,,,,,,,,,,97.9,100,98.2,5,,,,,,,,,,,,,,,,
2026-07-02T03:02:41.640072+00:00,2026-07-02T03:02:41.639992,2,2,97.8,0.2,97.7,100,97.4,150,,,,,,,,,,,,,,,,,97.9,100,98.2,105,,,,,,,,,,,,,,,,
2026-07-02T03:02:41.870316+00:00,2026-07-02T03:02:41.870248,2,2,97.8,0.2,97.7,53,97.4,150,,,,,,,,,,,,,,,,,97.9,100,98.2,105,,,,,,,,,,,,,,,,
2026-07-02T03:02:42.535532+00:00,2026-07-02T03:02:42.535426,2,2,97.8,0.2,97.7,53,97.4,150,,,,,,,,,,,,,,,,,97.9,50,98.2,105,,,,,,,,,,,,,,,,
2026-07-02T03:02:42.640531+00:00,2026-07-02T03:02:42.640436,2,2,97.8,0.2,97.7,53,97.4,150,,,,,,,,,,,,,,,,,97.9,49,98.2,105,,,,,,,,,,,,,,,,
2026-07-02T03:02:42.722056+00:00,2026-07-02T03:02:42.721963,2,2,97.8,0.2,97.7,53,97.4,150,,,,,,,,,,,,,,,,,97.9,48,98.2,105,,,,,,,,,,,,,,,,
2026-07-02T03:02:43.370354+00:00,2026-07-02T03:02:43.370429,2,1,97.95,0.5,97.7,53,97.4,150,,,,,,,,,,,,,,,,,98.2,105,,,,,,,,,,,,,,,,,,
2026-07-02T03:02:43.375699+00:00,2026-07-02T03:02:43.375584,1,1,97.95,0.5,97.7,53,,,,,,,,,,,,,,,,,,,98.2,105,,,,,,,,,,,,,,,,,,
2026-07-02T03:02:43.427872+00:00,2026-07-02T03:02:43.427843,2,1,98.0,0.4,97.8,150,97.7,53,,,,,,,,,,,,,,,,,98.2,105,,,,,,,,,,,,,,,,,,
2026-07-02T03:02:43.475799+00:00,2026-07-02T03:02:43.475685,2,2,98.0,0.4,97.8,150,97.7,53,,,,,,,,,,,,,,,,,98.2,105,98.3,150,,,,,,,,,,,,,,,,
2026-07-02T03:02:43.510306+00:00,2026-07-02T03:02:43.510200,2,2,98.0,0.4,97.8,150,97.7,53,,,,,,,,,,,,,,,,,98.2,102,98.3,150,,,,,,,,,,,,,,,,
2026-07-02T03:02:43.899357+00:00,2026-07-02T03:02:43.899267,3,2,98.05,0.3,97.9,5,97.8,150,97.7,53,,,,,,,,,,,,,,,98.2,102,98.3,150,,,,,,,,,,,,,,,,
2026-07-02T03:02:44.641122+00:00,2026-07-02T03:02:44.641080,3,2,98.05,0.3,97.9,5,97.8,150,97.7,53,,,,,,,,,,,,,,,98.2,52,98.3,150,,,,,,,,,,,,,,,,
2026-07-02T03:02:44.694251+00:00,2026-07-02T03:02:44.694134,2,1,98.1,0.4,97.9,5,97.8,150,,,,,,,,,,,,,,,,,98.3,150,,,,,,,,,,,,,,,,,,
2026-07-02T03:02:44.748532+00:00,2026-07-02T03:02:44.748423,3,1,98.1,0.4,97.9,5,97.8,150,97.7,100,,,,,,,,,,,,,,,98.3,150,,,,,,,,,,,,,,,,,,
2026-07-02T03:02:44.801332+00:00,2026-07-02T03:02:44.801218,3,2,98.05,0.3,97.9,5,97.8,150,97.7,100,,,,,,,,,,,,,,,98.2,100,98.3,150,,,,,,,,,,,,,,,,
2026-07-02T03:02:45.658743+00:00,2026-07-02T03:02:45.650440,3,2,98.05,0.3,97.9,4,97.8,150,97.7,100,,,,,,,,,,,,,,,98.2,100,98.3,150,,,,,,,,,,,,,,,,
2026-07-02T03:02:45.765393+00:00,2026-07-02T03:02:45.765528,3,2,98.05,0.3,97.9,2,97.8,150,97.7,100,,,,,,,,,,,,,,,98.2,100,98.3,150,,,,,,,,,,,,,,,,
2026-07-02T03:02:46.434679+00:00,2026-07-02T03:02:46.434541,3,2,98.05,0.3,97.9,1,97.8,150,97.7,100,,,,,,,,,,,,,,,98.2,100,98.3,150,,,,,,,,,,,,,,,,
2026-07-02T03:02:46.528663+00:00,2026-07-02T03:02:46.528558,3,1,98.05,0.3,97.9,1,97.8,150,97.7,100,,,,,,,,,,,,,,,98.2,100,,,,,,,,,,,,,,,,,,
2026-07-02T03:02:46.533838+00:00,2026-07-02T03:02:46.533731,2,1,98.05,0.3,97.9,1,97.7,100,,,,,,,,,,,,,,,,,98.2,100,,,,,,,,,,,,,,,,,,
2026-07-02T03:02:46.584013+00:00,2026-07-02T03:02:46.583894,2,1,98.05,0.3,97.9,151,97.7,100,,,,,,,,,,,,,,,,,98.2,100,,,,,,,,,,,,,,,,,,
2026-07-02T03:02:46.637467+00:00,2026-07-02T03:02:46.637418,2,2,98.05,0.3,97.9,151,97.7,100,,,,,,,,,,,,,,,,,98.2,100,98.4,150,,,,,,,,,,,,,,,,
2026-07-02T03:02:46.758593+00:00,2026-07-02T03:02:46.751974,2,2,98.05,0.3,97.9,151,97.7,100,,,,,,,,,,,,,,,,,98.2,50,98.4,150,,,,,,,,,,,,,,,,
2026-07-02T03:02:46.866880+00:00,2026-07-02T03:02:46.866752,2,2,98.05,0.3,97.9,150,97.7,100,,,,,,,,,,,,,,,,,98.2,50,98.4,150,,,,,,,,,,,,,,,,
2026-07-02T03:02:47.595420+00:00,2026-07-02T03:02:47.595355,2,2,98.05,0.3,97.9,150,97.7,100,,,,,,,,,,,,,,,,,98.2,56,98.4,150,,,,,,,,,,,,,,,,
2026-07-02T03:02:47.858581+00:00,2026-07-02T03:02:47.857837,1,2,98.05,0.3,97.9,150,,,,,,,,,,,,,,,,,,,98.2,6,98.4,150,,,,,,,,,,,,,,,,
2026-07-02T03:02:47.909297+00:00,2026-07-02T03:02:47.909410,2,2,98.1,0.2,98.0,100,97.9,150,,,,,,,,,,,,,,,,,98.2,6,98.4,150,,,,,,,,,,,,,,,,
2026-07-02T03:02:47.965811+00:00,2026-07-02T03:02:47.965896,2,3,98.1,0.2,98.0,100,97.9,150,,,,,,,,,,,,,,,,,98.2,6,98.4,150,98.5,100,,,,,,,,,,,,,,
2026-07-02T03:02:48.780927+00:00,2026-07-02T03:02:48.780889,2,3,98.1,0.2,98.0,100,97.9,150,,,,,,,,,,,,,,,,,98.2,3,98.4,150,98.5,100,,,,,,,,,,,,,,
2026-07-02T03:02:49.690884+00:00,2026-07-02T03:02:49.690983,2,3,98.1,0.2,98.0,100,97.9,150,,,,,,,,,,,,,,,,,98.2,1,98.4,150,98.5,100,,,,,,,,,,,,,,
2026-07-02T03:02:49.696318+00:00,2026-07-02T03:02:49.696291,2,2,98.1,0.2,98.0,100,97.9,150,,,,,,,,,,,,,,,,,98.2,1,98.5,100,,,,,,,,,,,,,,,,
2026-07-02T03:02:49.701572+00:00,2026-07-02T03:02:49.701454,1,2,98.1,0.2,98.0,100,,,,,,,,,,,,,,,,,,,98.2,1,98.5,100,,,,,,,,,,,,,,,,
2026-07-02T03:02:49.754735+00:00,2026-07-02T03:02:49.754690,2,1,98.35,0.3,98.2,149,98.0,100,,,,,,,,,,,,,,,,,98.5,100,,,,,,,,,,,,,,,,,,
2026-07-02T03:02:49.804675+00:00,2026-07-02T03:02:49.804648,2,2,98.35,0.3,98.2,149,98.0,100,,,,,,,,,,,,,,,,,98.5,100,98.7,150,,,,,,,,,,,,,,,,
2026-07-02T03:02:50.957958+00:00,2026-07-02T03:02:50.958119,2,2,98.35,0.3,98.2,149,98.0,100,,,,,,,,,,,,,,,,,98.5,50,98.7,150,,,,,,,,,,,,,,,,
2026-07-02T03:02:51.017997+00:00,2026-07-02T03:02:51.017876,1,1,98.45,0.5,98.2,149,,,,,,,,,,,,,,,,,,,98.7,150,,,,,,,,,,,,,,,,,,
2026-07-02T03:02:51.068160+00:00,2026-07-02T03:02:51.068293,1,1,98.45,0.5,98.2,249,,,,,,,,,,,,,,,,,,,98.7,150,,,,,,,,,,,,,,,,,,
2026-07-02T03:02:51.123512+00:00,2026-07-02T03:02:51.123417,1,1,98.45,0.5,98.2,249,,,,,,,,,,,,,,,,,,,98.7,250,,,,,,,,,,,,,,,,,,
2026-07-02T03:02:51.820085+00:00,2026-07-02T03:02:51.819979,2,1,98.45,0.5,98.2,249,97.9,7,,,,,,,,,,,,,,,,,98.7,250,,,,,,,,,,,,,,,,,,
2026-07-02T03:02:52.858565+00:00,2026-07-02T03:02:52.857389,2,1,98.45,0.5,98.2,100,97.9,7,,,,,,,,,,,,,,,,,98.7,100,,,,,,,,,,,,,,,,,,
2026-07-02T03:02:52.915883+00:00,2026-07-02T03:02:52.915798,2,1,98.45,0.5,98.2,250,97.9,7,,,,,,,,,,,,,,,,,98.7,100,,,,,,,,,,,,,,,,,,
2026-07-02T03:02:52.971060+00:00,2026-07-02T03:02:52.970969,2,1,98.45,0.5,98.2,250,97.9,7,,,,,,,,,,,,,,,,,98.7,250,,,,,,,,,,,,,,,,,,
2026-07-02T03:02:54.181129+00:00,2026-07-02T03:02:54.181059,2,1,98.45,0.5,98.2,150,97.9,7,,,,,,,,,,,,,,,,,98.7,150,,,,,,,,,,,,,,,,,,
2026-07-02T03:02:54.234490+00:00,2026-07-02T03:02:54.234399,3,1,98.55,0.3,98.4,100,98.2,150,97.9,7,,,,,,,,,,,,,,,98.7,150,,,,,,,,,,,,,,,,,,
2026-07-02T03:02:54.287576+00:00,2026-07-02T03:02:54.287469,3,2,98.55,0.3,98.4,100,98.2,150,97.9,7,,,,,,,,,,,,,,,98.7,150,98.9,100,,,,,,,,,,,,,,,,
2026-07-02T03:02:55.172663+00:00,2026-07-02T03:02:55.172534,2,2,98.55,0.3,98.4,100,98.2,150,,,,,,,,,,,,,,,,,98.7,100,98.9,100,,,,,,,,,,,,,,,,
2026-07-02T03:02:55.177786+00:00,2026-07-02T03:02:55.177730,3,2,98.55,0.3,98.4,100,98.2,150,98.1,7,,,,,,,,,,,,,,,98.7,100,98.9,100,,,,,,,,,,,,,,,,
2026-07-02T03:02:55.613987+00:00,2026-07-02T03:02:55.613860,3,2,98.55,0.3,98.4,100,98.2,150,98.1,7,,,,,,,,,,,,,,,98.7,57,98.9,100,,,,,,,,,,,,,,,,
2026-07-02T03:02:55.846233+00:00,2026-07-02T03:02:55.843556,3,2,98.55,0.3,98.4,98,98.2,150,98.1,7,,,,,,,,,,,,,,,98.7,57,98.9,100,,,,,,,,,,,,,,,,
2026-07-02T03:02:55.873575+00:00,2026-07-02T03:02:55.866988,2,2,98.45,0.5,98.2,150,98.1,7,,,,,,,,,,,,,,,,,98.7,57,98.9,100,,,,,,,,,,,,,,,,
2026-07-02T03:02:56.023269+00:00,2026-07-02T03:02:56.023406,1,1,98.5,0.8,98.1,7,,,,,,,,,,,,,,,,,,,98.9,100,,,,,,,,,,,,,,,,,,
2026-07-02T03:02:56.076473+00:00,2026-07-02T03:02:56.076448,2,1,98.6,0.6,98.3,150,98.1,7,,,,,,,,,,,,,,,,,98.9,100,,,,,,,,,,,,,,,,,,
2026-07-02T03:02:56.081737+00:00,2026-07-02T03:02:56.081630,2,1,98.6,0.6,98.3,49,98.1,7,,,,,,,,,,,,,,,,,98.9,100,,,,,,,,,,,,,,,,,,
2026-07-02T03:02:56.130772+00:00,2026-07-02T03:02:56.130707,2,2,98.55,0.5,98.3,49,98.1,7,,,,,,,,,,,,,,,,,98.8,150,98.9,100,,,,,,,,,,,,,,,,
2026-07-02T03:02:56.526250+00:00,2026-07-02T03:02:56.526205,1,2,98.45,0.7,98.1,7,,,,,,,,,,,,,,,,,,,98.8,150,98.9,100,,,,,,,,,,,,,,,,
2026-07-02T03:02:57.280747+00:00,2026-07-02T03:02:57.280813,1,2,98.45,0.7,98.1,7,,,,,,,,,,,,,,,,,,,98.8,100,98.9,100,,,,,,,,,,,,,,,,
2026-07-02T03:02:57.341331+00:00,2026-07-02T03:02:57.341230,1,1,98.45,0.7,98.1,7,,,,,,,,,,,,,,,,,,,98.8,100,,,,,,,,,,,,,,,,,,
2026-07-02T03:02:57.395219+00:00,2026-07-02T03:02:57.395125,2,1,98.5,0.6,98.2,100,98.1,7,,,,,,,,,,,,,,,,,98.8,100,,,,,,,,,,,,,,,,,,
2026-07-02T03:02:57.447073+00:00,2026-07-02T03:02:57.446956,2,2,98.45,0.5,98.2,100,98.1,7,,,,,,,,,,,,,,,,,98.7,100,98.8,100,,,,,,,,,,,,,,,,
2026-07-02T03:02:57.873851+00:00,2026-07-02T03:02:57.873716,2,2,98.45,0.5,98.2,100,98.1,5,,,,,,,,,,,,,,,,,98.7,100,98.8,100,,,,,,,,,,,,,,,,
2026-07-02T03:02:58.525400+00:00,2026-07-02T03:02:58.525316,2,2,98.45,0.5,98.2,100,98.1,5,,,,,,,,,,,,,,,,,98.7,60,98.8,100,,,,,,,,,,,,,,,,
2026-07-02T03:02:59.087796+00:00,2026-07-02T03:02:59.087624,2,2,98.45,0.5,98.2,100,98.1,4,,,,,,,,,,,,,,,,,98.7,60,98.8,100,,,,,,,,,,,,,,,,
2026-07-02T03:02:59.186736+00:00,2026-07-02T03:02:59.186646,2,1,98.45,0.5,98.2,100,98.1,4,,,,,,,,,,,,,,,,,98.7,60,,,,,,,,,,,,,,,,,,
2026-07-02T03:02:59.240526+00:00,2026-07-02T03:02:59.240597,2,1,98.45,0.5,98.2,100,98.1,154,,,,,,,,,,,,,,,,,98.7,60,,,,,,,,,,,,,,,,,,
2026-07-02T03:02:59.293331+00:00,2026-07-02T03:02:59.293232,2,2,98.4,0.4,98.2,100,98.1,154,,,,,,,,,,,,,,,,,98.6,150,98.7,60,,,,,,,,,,,,,,,,
2026-07-02T03:02:59.882821+00:00,2026-07-02T03:02:59.882688,2,2,98.4,0.4,98.2,100,98.1,153,,,,,,,,,,,,,,,,,98.6,150,98.7,60,,,,,,,,,,,,,,,,
2026-07-02T03:03:00.498972+00:00,2026-07-02T03:03:00.498850,2,1,98.4,0.4,98.2,100,98.1,153,,,,,,,,,,,,,,,,,98.6,150,,,,,,,,,,,,,,,,,,
2026-07-02T03:03:00.503926+00:00,2026-07-02T03:03:00.503991,1,1,98.35,0.5,98.1,153,,,,,,,,,,,,,,,,,,,98.6,150,,,,,,,,,,,,,,,,,,
2026-07-02T03:03:00.558636+00:00,2026-07-02T03:03:00.556951,1,1,98.35,0.5,98.1,253,,,,,,,,,,,,,,,,,,,98.6,150,,,,,,,,,,,,,,,,,,
2026-07-02T03:03:00.609849+00:00,2026-07-02T03:03:00.609946,1,1,98.35,0.5,98.1,253,,,,,,,,,,,,,,,,,,,98.6,250,,,,,,,,,,,,,,,,,,
2026-07-02T03:03:00.644652+00:00,2026-07-02T03:03:00.644728,1,1,98.35,0.5,98.1,252,,,,,,,,,,,,,,,,,,,98.6,250,,,,,,,,,,,,,,,,,,
2026-07-02T03:03:01.231531+00:00,2026-07-02T03:03:01.231439,1,1,98.35,0.5,98.1,251,,,,,,,,,,,,,,,,,,,98.6,250,,,,,,,,,,,,,,,,,,
2026-07-02T03:03:01.545439+00:00,2026-07-02T03:03:01.545339,1,1,98.35,0.5,98.1,201,,,,,,,,,,,,,,,,,,,98.6,250,,,,,,,,,,,,,,,,,,
2026-07-02T03:03:01.670965+00:00,2026-07-02T03:03:01.670873,1,1,98.35,0.5,98.1,201,,,,,,,,,,,,,,,,,,,98.6,204,,,,,,,,,,,,,,,,,,
2026-07-02T03:03:02.346170+00:00,2026-07-02T03:03:02.346083,1,1,98.35,0.5,98.1,100,,,,,,,,,,,,,,,,,,,98.6,100,,,,,,,,,,,,,,,,,,
2026-07-02T03:03:02.399935+00:00,2026-07-02T03:03:02.399882,2,1,98.4,0.4,98.2,150,98.1,100,,,,,,,,,,,,,,,,,98.6,100,,,,,,,,,,,,,,,,,,
2026-07-02T03:03:02.458629+00:00,2026-07-02T03:03:02.452323,2,2,98.4,0.4,98.2,150,98.1,100,,,,,,,,,,,,,,,,,98.6,100,98.7,150,,,,,,,,,,,,,,,,
2026-07-02T03:03:03.287918+00:00,2026-07-02T03:03:03.287835,2,2,98.4,0.4,98.2,104,98.1,100,,,,,,,,,,,,,,,,,98.6,100,98.7,150,,,,,,,,,,,,,,,,
2026-07-02T03:03:03.602870+00:00,2026-07-02T03:03:03.602821,2,2,98.4,0.4,98.2,104,98.1,100,,,,,,,,,,,,,,,,,98.6,50,98.7,150,,,,,,,,,,,,,,,,
2026-07-02T03:03:03.658609+00:00,2026-07-02T03:03:03.657943,1,1,98.45,0.5,98.2,104,,,,,,,,,,,,,,,,,,,98.7,150,,,,,,,,,,,,,,,,,,
2026-07-02T03:03:03.719295+00:00,2026-07-02T03:03:03.719207,2,1,98.45,0.5,98.2,104,98.1,100,,,,,,,,,,,,,,,,,98.7,150,,,,,,,,,,,,,,,,,,
2026-07-02T03:03:03.773957+00:00,2026-07-02T03:03:03.773873,2,2,98.4,0.4,98.2,104,98.1,100,,,,,,,,,,,,,,,,,98.6,100,98.7,150,,,,,,,,,,,,,,,,
2026-07-02T03:03:05.358554+00:00,2026-07-02T03:03:05.356361,2,2,98.4,0.4,98.2,58,98.1,100,,,,,,,,,,,,,,,,,98.6,100,98.7,150,,,,,,,,,,,,,,,,
2026-07-02T03:03:05.505617+00:00,2026-07-02T03:03:05.505500,1,1,98.35,0.5,98.1,100,,,,,,,,,,,,,,,,,,,98.6,100,,,,,,,,,,,,,,,,,,
2026-07-02T03:03:05.559586+00:00,2026-07-02T03:03:05.559530,2,1,98.35,0.5,98.1,100,97.6,150,,,,,,,,,,,,,,,,,98.6,100,,,,,,,,,,,,,,,,,,
2026-07-02T03:03:05.632062+00:00,2026-07-02T03:03:05.625658,1,2,97.85,0.5,97.6,150,,,,,,,,,,,,,,,,,,,98.1,49,98.6,100,,,,,,,,,,,,,,,,
2026-07-02T03:03:06.828043+00:00,2026-07-02T03:03:06.828160,1,1,97.85,0.5,97.6,150,,,,,,,,,,,,,,,,,,,98.1,49,,,,,,,,,,,,,,,,,,
2026-07-02T03:03:06.880663+00:00,2026-07-02T03:03:06.880556,2,1,98.0,0.2,97.9,100,97.6,150,,,,,,,,,,,,,,,,,98.1,49,,,,,,,,,,,,,,,,,,
2026-07-02T03:03:06.935291+00:00,2026-07-02T03:03:06.935199,2,2,98.0,0.2,97.9,100,97.6,150,,,,,,,,,,,,,,,,,98.1,49,98.4,100,,,,,,,,,,,,,,,,
2026-07-02T03:03:07.658550+00:00,2026-07-02T03:03:07.656518,2,2,98.0,0.2,97.9,100,97.6,150,,,,,,,,,,,,,,,,,98.1,4,98.4,100,,,,,,,,,,,,,,,,
2026-07-02T03:03:07.813298+00:00,2026-07-02T03:03:07.813414,2,1,98.15,0.5,97.9,100,97.6,150,,,,,,,,,,,,,,,,,98.4,100,,,,,,,,,,,,,,,,,,
2026-07-02T03:03:08.486803+00:00,2026-07-02T03:03:08.486677,2,2,98.0,0.2,97.9,100,97.6,150,,,,,,,,,,,,,,,,,98.1,5,98.4,100,,,,,,,,,,,,,,,,
2026-07-02T03:03:08.679693+00:00,2026-07-02T03:03:08.679523,1,2,98.0,0.2,97.9,100,,,,,,,,,,,,,,,,,,,98.1,5,98.4,100,,,,,,,,,,,,,,,,
2026-07-02T03:03:08.732649+00:00,2026-07-02T03:03:08.732589,2,2,98.05,0.1,98.0,150,97.9,100,,,,,,,,,,,,,,,,,98.1,5,98.4,100,,,,,,,,,,,,,,,,
2026-07-02T03:03:08.784653+00:00,2026-07-02T03:03:08.784561,2,3,98.05,0.1,98.0,150,97.9,100,,,,,,,,,,,,,,,,,98.1,5,98.4,100,98.5,150,,,,,,,,,,,,,,
2026-07-02T03:03:09.549964+00:00,2026-07-02T03:03:09.549862,2,3,98.05,0.1,98.0,150,97.9,100,,,,,,,,,,,,,,,,,98.1,4,98.4,100,98.5,150,,,,,,,,,,,,,,
2026-07-02T03:03:09.652456+00:00,2026-07-02T03:03:09.652351,2,2,98.2,0.4,98.0,150,97.9,100,,,,,,,,,,,,,,,,,98.4,100,98.5,150,,,,,,,,,,,,,,,,
2026-07-02T03:03:09.970731+00:00,2026-07-02T03:03:09.970606,2,2,98.2,0.4,98.0,100,97.9,100,,,,,,,,,,,,,,,,,98.4,100,98.5,150,,,,,,,,,,,,,,,,
2026-07-02T03:03:09.983887+00:00,2026-07-02T03:03:09.983841,2,1,98.25,0.5,98.0,100,97.9,100,,,,,,,,,,,,,,,,,98.5,150,,,,,,,,,,,,,,,,,,
2026-07-02T03:03:09.989011+00:00,2026-07-02T03:03:09.988974,1,1,98.25,0.5,98.0,100,,,,,,,,,,,,,,,,,,,98.5,150,,,,,,,,,,,,,,,,,,
2026-07-02T03:03:10.041494+00:00,2026-07-02T03:03:10.041342,2,1,98.25,0.5,98.0,100,97.7,100,,,,,,,,,,,,,,,,,98.5,150,,,,,,,,,,,,,,,,,,
2026-07-02T03:03:10.091676+00:00,2026-07-02T03:03:10.091599,2,2,98.1,0.2,98.0,100,97.7,100,,,,,,,,,,,,,,,,,98.2,100,98.5,150,,,,,,,,,,,,,,,,
2026-07-02T03:03:10.536250+00:00,2026-07-02T03:03:10.536119,2,2,98.1,0.2,98.0,100,97.7,100,,,,,,,,,,,,,,,,,98.2,59,98.5,150,,,,,,,,,,,,,,,,
2026-07-02T03:03:11.838611+00:00,2026-07-02T03:03:11.838497,1,1,97.95,0.5,97.7,100,,,,,,,,,,,,,,,,,,,98.2,59,,,,,,,,,,,,,,,,,,
2026-07-02T03:03:11.891794+00:00,2026-07-02T03:03:11.891759,1,1,97.95,0.5,97.7,250,,,,,,,,,,,,,,,,,,,98.2,59,,,,,,,,,,,,,,,,,,
2026-07-02T03:03:11.944317+00:00,2026-07-02T03:03:11.944216,1,1,97.95,0.5,97.7,250,,,,,,,,,,,,,,,,,,,98.2,209,,,,,,,,,,,,,,,,,,
2026-07-02T03:03:12.077591+00:00,2026-07-02T03:03:12.077734,1,1,97.95,0.5,97.7,200,,,,,,,,,,,,,,,,,,,98.2,209,,,,,,,,,,,,,,,,,,
2026-07-02T03:03:13.147386+00:00,2026-07-02T03:03:13.147315,1,1,97.95,0.5,97.7,150,,,,,,,,,,,,,,,,,,,98.2,150,,,,,,,,,,,,,,,,,,
2026-07-02T03:03:13.175568+00:00,2026-07-02T03:03:13.175405,1,1,97.95,0.5,97.7,109,,,,,,,,,,,,,,,,,,,98.2,150,,,,,,,,,,,,,,,,,,
2026-07-02T03:03:13.200271+00:00,2026-07-02T03:03:13.200239,2,1,98.0,0.4,97.8,100,97.7,109,,,,,,,,,,,,,,,,,98.2,150,,,,,,,,,,,,,,,,,,
2026-07-02T03:03:13.252436+00:00,2026-07-02T03:03:13.252363,2,2,98.0,0.4,97.8,100,97.7,109,,,,,,,,,,,,,,,,,98.2,150,98.3,100,,,,,,,,,,,,,,,,
2026-07-02T03:03:14.193326+00:00,2026-07-02T03:03:14.193202,2,2,98.0,0.4,97.8,50,97.7,109,,,,,,,,,,,,,,,,,98.2,150,98.3,100,,,,,,,,,,,,,,,,
2026-07-02T03:03:14.871661+00:00,2026-07-02T03:03:14.871569,2,2,98.0,0.4,97.8,50,97.7,109,,,,,,,,,,,,,,,,,98.2,104,98.3,100,,,,,,,,,,,,,,,,
2026-07-02T03:03:14.998372+00:00,2026-07-02T03:03:14.998309,1,1,98.05,0.5,97.8,50,,,,,,,,,,,,,,,,,,,98.3,100,,,,,,,,,,,,,,,,,,
2026-07-02T03:03:15.052202+00:00,2026-07-02T03:03:15.052122,2,1,98.15,0.3,98.0,150,97.8,50,,,,,,,,,,,,,,,,,98.3,100,,,,,,,,,,,,,,,,,,
2026-07-02T03:03:15.068868+00:00,2026-07-02T03:03:15.068783,2,1,98.15,0.3,98.0,150,97.8,54,,,,,,,,,,,,,,,,,98.3,100,,,,,,,,,,,,,,,,,,
2026-07-02T03:03:15.101118+00:00,2026-07-02T03:03:15.101054,2,2,98.15,0.3,98.0,150,97.8,54,,,,,,,,,,,,,,,,,98.3,100,98.5,150,,,,,,,,,,,,,,,,
2026-07-02T03:03:15.547338+00:00,2026-07-02T03:03:15.547541,2,3,98.05,0.1,98.0,150,97.8,54,,,,,,,,,,,,,,,,,98.1,2,98.3,100,98.5,150,,,,,,,,,,,,,,
2026-07-02T03:03:15.614227+00:00,2026-07-02T03:03:15.614131,2,2,98.15,0.3,98.0,150,97.8,54,,,,,,,,,,,,,,,,,98.3,100,98.5,150,,,,,,,,,,,,,,,,
2026-07-02T03:03:15.655768+00:00,2026-07-02T03:03:15.655687,2,3,98.1,0.2,98.0,150,97.8,54,,,,,,,,,,,,,,,,,98.2,2,98.3,100,98.5,150,,,,,,,,,,,,,,
2026-07-02T03:03:16.300079+00:00,2026-07-02T03:03:16.300230,2,3,98.1,0.2,98.0,100,97.8,54,,,,,,,,,,,,,,,,,98.2,2,98.3,100,98.5,150,,,,,,,,,,,,,,
2026-07-02T03:03:16.305490+00:00,2026-07-02T03:03:16.305400,2,2,98.1,0.2,98.0,100,97.8,54,,,,,,,,,,,,,,,,,98.2,2,98.5,150,,,,,,,,,,,,,,,,
2026-07-02T03:03:16.310629+00:00,2026-07-02T03:03:16.310556,2,2,98.1,0.2,98.0,100,97.8,4,,,,,,,,,,,,,,,,,98.2,2,98.5,150,,,,,,,,,,,,,,,,
2026-07-02T03:03:16.363829+00:00,2026-07-02T03:03:16.363704,3,2,98.1,0.2,98.0,100,97.8,4,97.7,100,,,,,,,,,,,,,,,98.2,2,98.5,150,,,,,,,,,,,,,,,,
2026-07-02T03:03:16.415932+00:00,2026-07-02T03:03:16.415835,3,2,98.1,0.2,98.0,100,97.8,4,97.7,100,,,,,,,,,,,,,,,98.2,102,98.5,150,,,,,,,,,,,,,,,,
2026-07-02T03:03:16.573509+00:00,2026-07-02T03:03:16.573389,3,2,98.1,0.2,98.0,100,97.8,2,97.7,100,,,,,,,,,,,,,,,98.2,102,98.5,150,,,,,,,,,,,,,,,,
2026-07-02T03:03:16.831774+00:00,2026-07-02T03:03:16.831953,3,2,98.1,0.2,98.0,100,97.8,2,97.7,100,,,,,,,,,,,,,,,98.2,60,98.5,150,,,,,,,,,,,,,,,,
2026-07-02T03:03:17.121499+00:00,2026-07-02T03:03:17.121383,3,2,98.1,0.2,98.0,100,97.8,2,97.7,100,,,,,,,,,,,,,,,98.2,64,98.5,150,,,,,,,,,,,,,,,,
2026-07-02T03:03:17.431086+00:00,2026-07-02T03:03:17.431315,3,2,98.1,0.2,98.0,58,97.8,2,97.7,100,,,,,,,,,,,,,,,98.2,64,98.5,150,,,,,,,,,,,,,,,,
2026-07-02T03:03:18.158673+00:00,2026-07-02T03:03:18.158412,2,1,98.0,0.4,97.8,2,97.7,100,,,,,,,,,,,,,,,,,98.2,64,,,,,,,,,,,,,,,,,,
2026-07-02T03:03:18.213981+00:00,2026-07-02T03:03:18.213823,3,1,98.0,0.4,97.8,2,97.7,100,97.5,150,,,,,,,,,,,,,,,98.2,64,,,,,,,,,,,,,,,,,,
2026-07-02T03:03:18.277220+00:00,2026-07-02T03:03:18.270722,3,2,97.9,0.2,97.8,2,97.7,100,97.5,150,,,,,,,,,,,,,,,98.0,147,98.2,64,,,,,,,,,,,,,,,,
2026-07-02T03:03:18.364029+00:00,2026-07-02T03:03:18.363877,3,2,97.9,0.2,97.8,2,97.7,100,97.5,150,,,,,,,,,,,,,,,98.0,97,98.2,64,,,,,,,,,,,,,,,,
2026-07-02T03:03:18.599791+00:00,2026-07-02T03:03:18.599606,3,2,97.9,0.2,97.8,1,97.7,100,97.5,150,,,,,,,,,,,,,,,98.0,97,98.2,64,,,,,,,,,,,,,,,,
2026-07-02T03:03:18.620807+00:00,2026-07-02T03:03:18.620696,2,2,97.85,0.3,97.7,59,97.5,150,,,,,,,,,,,,,,,,,98.0,97,98.2,64,,,,,,,,,,,,,,,,
2026-07-02T03:03:18.727739+00:00,2026-07-02T03:03:18.727676,3,2,97.95,0.1,97.9,2,97.7,59,97.5,150,,,,,,,,,,,,,,,98.0,97,98.2,64,,,,,,,,,,,,,,,,
2026-07-02T03:03:19.190164+00:00,2026-07-02T03:03:19.190084,2,2,97.85,0.3,97.7,59,97.5,150,,,,,,,,,,,,,,,,,98.0,97,98.2,64,,,,,,,,,,,,,,,,
2026-07-02T03:03:19.365455+00:00,2026-07-02T03:03:19.365627,2,2,97.85,0.3,97.7,59,97.5,150,,,,,,,,,,,,,,,,,98.0,97,98.2,63,,,,,,,,,,,,,,,,
2026-07-02T03:03:19.469900+00:00,2026-07-02T03:03:19.469774,1,2,97.75,0.5,97.5,150,,,,,,,,,,,,,,,,,,,98.0,97,98.2,3,,,,,,,,,,,,,,,,
2026-07-02T03:03:19.525492+00:00,2026-07-02T03:03:19.525417,2,2,97.8,0.4,97.6,100,97.5,150,,,,,,,,,,,,,,,,,98.0,97,98.2,3,,,,,,,,,,,,,,,,
2026-07-02T03:03:19.575705+00:00,2026-07-02T03:03:19.575568,2,3,97.8,0.4,97.6,100,97.5,150,,,,,,,,,,,,,,,,,98.0,97,98.1,100,98.2,3,,,,,,,,,,,,,,
2026-07-02T03:03:19.601670+00:00,2026-07-02T03:03:19.601838,2,3,97.8,0.4,97.6,100,97.5,150,,,,,,,,,,,,,,,,,98.0,97,98.1,100,98.2,2,,,,,,,,,,,,,,
2026-07-02T03:03:19.607185+00:00,2026-07-02T03:03:19.607061,3,3,97.9,0.2,97.8,4,97.6,100,97.5,150,,,,,,,,,,,,,,,98.0,97,98.1,100,98.2,2,,,,,,,,,,,,,,
2026-07-02T03:03:20.158668+00:00,2026-07-02T03:03:20.155606,3,3,97.9,0.2,97.8,3,97.6,100,97.5,150,,,,,,,,,,,,,,,98.0,97,98.1,100,98.2,2,,,,,,,,,,,,,,
2026-07-02T03:03:20.471053+00:00,2026-07-02T03:03:20.470910,3,3,97.9,0.2,97.8,3,97.6,100,97.5,150,,,,,,,,,,,,,,,98.0,47,98.1,100,98.2,2,,,,,,,,,,,,,,
2026-07-02T03:03:20.647858+00:00,2026-07-02T03:03:20.647793,3,3,97.9,0.2,97.8,2,97.6,100,97.5,150,,,,,,,,,,,,,,,98.0,47,98.1,100,98.2,2,,,,,,,,,,,,,,
2026-07-02T03:03:20.781802+00:00,2026-07-02T03:03:20.781592,2,3,97.8,0.4,97.6,100,97.5,150,,,,,,,,,,,,,,,,,98.0,47,98.1,100,98.2,2,,,,,,,,,,,,,,
2026-07-02T03:03:20.815973+00:00,2026-07-02T03:03:20.816106,3,3,97.9,0.2,97.8,2,97.6,100,97.5,150,,,,,,,,,,,,,,,98.0,47,98.1,100,98.2,2,,,,,,,,,,,,,,
2026-07-02T03:03:21.319163+00:00,2026-07-02T03:03:21.319108,3,2,97.95,0.3,97.8,2,97.6,100,97.5,150,,,,,,,,,,,,,,,98.1,100,98.2,2,,,,,,,,,,,,,,,,
2026-07-02T03:03:21.324392+00:00,2026-07-02T03:03:21.324256,2,2,97.95,0.3,97.8,2,97.6,100,,,,,,,,,,,,,,,,,98.1,100,98.2,2,,,,,,,,,,,,,,,,
2026-07-02T03:03:21.374361+00:00,2026-07-02T03:03:21.374458,3,2,98.0,0.2,97.9,150,97.8,2,97.6,100,,,,,,,,,,,,,,,98.1,100,98.2,2,,,,,,,,,,,,,,,,
2026-07-02T03:03:21.384868+00:00,2026-07-02T03:03:21.384758,3,2,98.0,0.2,97.9,150,97.8,2,97.6,100,,,,,,,,,,,,,,,98.1,59,98.2,2,,,,,,,,,,,,,,,,
2026-07-02T03:03:21.429853+00:00,2026-07-02T03:03:21.429762,3,3,98.0,0.2,97.9,150,97.8,2,97.6,100,,,,,,,,,,,,,,,98.1,59,98.2,2,98.4,150,,,,,,,,,,,,,,
2026-07-02T03:03:22.174684+00:00,2026-07-02T03:03:22.174535,3,3,98.0,0.2,97.9,150,97.8,1,97.6,100,,,,,,,,,,,,,,,98.1,59,98.2,2,98.4,150,,,,,,,,,,,,,,
2026-07-02T03:03:22.325933+00:00,2026-07-02T03:03:22.325809,2,3,98.0,0.2,97.9,150,97.6,100,,,,,,,,,,,,,,,,,98.1,59,98.2,2,98.4,150,,,,,,,,,,,,,,
2026-07-02T03:03:22.637070+00:00,2026-07-02T03:03:22.637042,2,2,98.05,0.3,97.9,150,97.6,100,,,,,,,,,,,,,,,,,98.2,2,98.4,150,,,,,,,,,,,,,,,,
2026-07-02T03:03:22.642355+00:00,2026-07-02T03:03:22.642279,1,2,98.05,0.3,97.9,100,,,,,,,,,,,,,,,,,,,98.2,2,98.4,150,,,,,,,,,,,,,,,,
2026-07-02T03:03:22.699150+00:00,2026-07-02T03:03:22.698957,2,2,98.05,0.3,97.9,100,97.7,100,,,,,,,,,,,,,,,,,98.2,2,98.4,150,,,,,,,,,,,,,,,,
2026-07-02T03:03:22.747868+00:00,2026-07-02T03:03:22.748024,2,2,98.05,0.3,97.9,100,97.7,100,,,,,,,,,,,,,,,,,98.2,102,98.4,150,,,,,,,,,,,,,,,,
2026-07-02T03:03:23.420306+00:00,2026-07-02T03:03:23.414369,2,2,98.05,0.3,97.9,86,97.7,100,,,,,,,,,,,,,,,,,98.2,102,98.4,150,,,,,,,,,,,,,,,,
2026-07-02T03:03:23.857732+00:00,2026-07-02T03:03:23.857888,2,2,98.05,0.3,97.9,86,97.7,100,,,,,,,,,,,,,,,,,98.2,100,98.4,150,,,,,,,,,,,,,,,,
2026-07-02T03:03:24.484888+00:00,2026-07-02T03:03:24.485012,1,1,97.95,0.5,97.7,100,,,,,,,,,,,,,,,,,,,98.2,100,,,,,,,,,,,,,,,,,,
2026-07-02T03:03:24.540348+00:00,2026-07-02T03:03:24.540247,2,1,97.95,0.5,97.7,100,97.4,150,,,,,,,,,,,,,,,,,98.2,100,,,,,,,,,,,,,,,,,,
2026-07-02T03:03:24.593125+00:00,2026-07-02T03:03:24.593269,2,2,97.8,0.2,97.7,100,97.4,150,,,,,,,,,,,,,,,,,97.9,150,98.2,100,,,,,,,,,,,,,,,,
2026-07-02T03:03:24.725795+00:00,2026-07-02T03:03:24.719848,2,2,97.8,0.2,97.7,100,97.4,150,,,,,,,,,,,,,,,,,97.9,139,98.2,100,,,,,,,,,,,,,,,,
2026-07-02T03:03:24.746502+00:00,2026-07-02T03:03:24.746376,2,2,97.8,0.2,97.7,50,97.4,150,,,,,,,,,,,,,,,,,97.9,139,98.2,100,,,,,,,,,,,,,,,,
2026-07-02T03:03:25.504199+00:00,2026-07-02T03:03:25.504072,2,2,97.8,0.2,97.7,50,97.4,150,,,,,,,,,,,,,,,,,97.9,90,98.2,100,,,,,,,,,,,,,,,,
2026-07-02T03:03:25.559205+00:00,2026-07-02T03:03:25.559019,2,2,97.8,0.2,97.7,8,97.4,150,,,,,,,,,,,,,,,,,97.9,90,98.2,100,,,,,,,,,,,,,,,,
2026-07-02T03:03:25.805263+00:00,2026-07-02T03:03:25.805371,1,1,97.65,0.5,97.4,150,,,,,,,,,,,,,,,,,,,97.9,90,,,,,,,,,,,,,,,,,,
2026-07-02T03:03:25.858599+00:00,2026-07-02T03:03:25.852546,1,1,97.65,0.5,97.4,250,,,,,,,,,,,,,,,,,,,97.9,90,,,,,,,,,,,,,,,,,,
2026-07-02T03:03:25.909060+00:00,2026-07-02T03:03:25.908928,1,1,97.65,0.5,97.4,250,,,,,,,,,,,,,,,,,,,97.9,190,,,,,,,,,,,,,,,,,,
2026-07-02T03:03:26.217750+00:00,2026-07-02T03:03:26.217636,1,1,97.65,0.5,97.4,250,,,,,,,,,,,,,,,,,,,97.9,146,,,,,,,,,,,,,,,,,,
2026-07-02T03:03:26.271637+00:00,2026-07-02T03:03:26.271352,1,1,97.65,0.5,97.4,202,,,,,,,,,,,,,,,,,,,97.9,146,,,,,,,,,,,,,,,,,,
2026-07-02T03:03:26.874073+00:00,2026-07-02T03:03:26.873993,1,1,97.65,0.5,97.4,152,,,,,,,,,,,,,,,,,,,97.9,146,,,,,,,,,,,,,,,,,,
2026-07-02T03:03:27.647278+00:00,2026-07-02T03:03:27.647151,1,1,97.65,0.5,97.4,100,,,,,,,,,,,,,,,,,,,97.9,100,,,,,,,,,,,,,,,,,,
2026-07-02T03:03:27.700759+00:00,2026-07-02T03:03:27.700689,2,1,97.65,0.5,97.4,100,97.3,150,,,,,,,,,,,,,,,,,97.9,100,,,,,,,,,,,,,,,,,,
2026-07-02T03:03:27.752785+00:00,2026-07-02T03:03:27.752729,2,2,97.6,0.4,97.4,100,97.3,150,,,,,,,,,,,,,,,,,97.8,150,97.9,100,,,,,,,,,,,,,,,,
2026-07-02T03:03:27.858645+00:00,2026-07-02T03:03:27.855296,2,2,97.6,0.4,97.4,100,97.3,150,,,,,,,,,,,,,,,,,97.8,106,97.9,100,,,,,,,,,,,,,,,,
2026-07-02T03:03:28.929709+00:00,2026-07-02T03:03:28.929657,2,2,97.6,0.4,97.4,100,97.3,150,,,,,,,,,,,,,,,,,97.8,56,97.9,100,,,,,,,,,,,,,,,,
2026-07-02T03:03:28.967164+00:00,2026-07-02T03:03:28.967047,1,1,97.55,0.5,97.3,150,,,,,,,,,,,,,,,,,,,97.8,56,,,,,,,,,,,,,,,,,,
2026-07-02T03:03:29.021612+00:00,2026-07-02T03:03:29.021488,2,1,97.55,0.5,97.3,150,97.1,100,,,,,,,,,,,,,,,,,97.8,56,,,,,,,,,,,,,,,,,,
2026-07-02T03:03:29.032012+00:00,2026-07-02T03:03:29.031971,2,1,97.55,0.5,97.3,109,97.1,100,,,,,,,,,,,,,,,,,97.8,56,,,,,,,,,,,,,,,,,,
2026-07-02T03:03:29.074959+00:00,2026-07-02T03:03:29.074833,2,2,97.45,0.3,97.3,109,97.1,100,,,,,,,,,,,,,,,,,97.6,100,97.8,56,,,,,,,,,,,,,,,,
2026-07-02T03:03:29.225285+00:00,2026-07-02T03:03:29.219395,2,2,97.45,0.3,97.3,109,97.1,100,,,,,,,,,,,,,,,,,97.6,97,97.8,56,,,,,,,,,,,,,,,,
2026-07-02T03:03:29.529149+00:00,2026-07-02T03:03:29.529060,2,2,97.45,0.3,97.3,60,97.1,100,,,,,,,,,,,,,,,,,97.6,97,97.8,56,,,,,,,,,,,,,,,,
2026-07-02T03:03:30.073668+00:00,2026-07-02T03:03:30.073596,2,2,97.45,0.3,97.3,60,97.1,100,,,,,,,,,,,,,,,,,97.6,107,97.8,56,,,,,,,,,,,,,,,,
2026-07-02T03:03:30.158587+00:00,2026-07-02T03:03:30.154595,2,2,97.45,0.3,97.3,60,97.1,100,,,,,,,,,,,,,,,,,97.6,92,97.8,56,,,,,,,,,,,,,,,,
2026-07-02T03:03:30.200474+00:00,2026-07-02T03:03:30.200408,2,2,97.45,0.3,97.3,60,97.1,100,,,,,,,,,,,,,,,,,97.6,75,97.8,56,,,,,,,,,,,,,,,,
2026-07-02T03:03:30.806841+00:00,2026-07-02T03:03:30.806739,1,1,97.35,0.5,97.1,100,,,,,,,,,,,,,,,,,,,97.6,75,,,,,,,,,,,,,,,,,,
2026-07-02T03:03:30.858801+00:00,2026-07-02T03:03:30.858715,2,1,97.5,0.2,97.4,150,97.1,100,,,,,,,,,,,,,,,,,97.6,75,,,,,,,,,,,,,,,,,,
2026-07-02T03:03:30.912414+00:00,2026-07-02T03:03:30.912310,2,2,97.5,0.2,97.4,150,97.1,100,,,,,,,,,,,,,,,,,97.6,75,97.9,150,,,,,,,,,,,,,,,,
2026-07-02T03:03:31.037161+00:00,2026-07-02T03:03:31.037028,2,2,97.5,0.2,97.4,150,97.1,100,,,,,,,,,,,,,,,,,97.6,25,97.9,150,,,,,,,,,,,,,,,,
2026-07-02T03:03:31.146139+00:00,2026-07-02T03:03:31.145996,2,2,97.5,0.2,97.4,150,97.1,100,,,,,,,,,,,,,,,,,97.6,13,97.9,150,,,,,,,,,,,,,,,,
2026-07-02T03:03:31.607847+00:00,2026-07-02T03:03:31.607790,2,2,97.5,0.2,97.4,101,97.1,100,,,,,,,,,,,,,,,,,97.6,13,97.9,150,,,,,,,,,,,,,,,,
2026-07-02T03:03:31.876678+00:00,2026-07-02T03:03:31.876544,2,2,97.5,0.2,97.4,101,97.1,100,,,,,,,,,,,,,,,,,97.6,11,97.9,150,,,,,,,,,,,,,,,,
2026-07-02T03:03:32.124678+00:00,2026-07-02T03:03:32.124632,2,2,97.5,0.2,97.4,101,97.1,100,,,,,,,,,,,,,,,,,97.6,4,97.9,150,,,,,,,,,,,,,,,,
2026-07-02T03:03:32.129832+00:00,2026-07-02T03:03:32.129780,1,2,97.5,0.2,97.4,101,,,,,,,,,,,,,,,,,,,97.6,4,97.9,150,,,,,,,,,,,,,,,,
2026-07-02T03:03:32.169519+00:00,2026-07-02T03:03:32.169592,1,2,97.5,0.2,97.4,101,,,,,,,,,,,,,,,,,,,97.6,2,97.9,150,,,,,,,,,,,,,,,,
