recv_time,book_timestamp,n_bids,n_asks,mid,spread,bid_px_0,bid_vol_0,bid_px_1,bid_vol_1,bid_px_2,bid_vol_2,bid_px_3,bid_vol_3,bid_px_4,bid_vol_4,bid_px_5,bid_vol_5,bid_px_6,bid_vol_6,bid_px_7,bid_vol_7,bid_px_8,bid_vol_8,bid_px_9,bid_vol_9,ask_px_0,ask_vol_0,ask_px_1,ask_vol_1,ask_px_2,ask_vol_2,ask_px_3,ask_vol_3,ask_px_4,ask_vol_4,ask_px_5,ask_vol_5,ask_px_6,ask_vol_6,ask_px_7,ask_vol_7,ask_px_8,ask_vol_8,ask_px_9,ask_vol_9
2026-07-15T00:00:00.235258+00:00,2026-07-15T00:00:00.195750,3,3,69.05,0.3,68.9,150,68.8,5,68.7,103,,,,,,,,,,,,,,,69.2,100,69.3,5,69.4,150,,,,,,,,,,,,,,
2026-07-15T00:00:00.838440+00:00,2026-07-15T00:00:00.836531,3,2,69.1,0.4,68.9,150,68.8,5,68.7,103,,,,,,,,,,,,,,,69.3,5,69.4,150,,,,,,,,,,,,,,,,
2026-07-15T00:00:00.849413+00:00,2026-07-15T00:00:00.838883,3,2,69.1,0.4,68.9,150,68.8,5,68.7,3,,,,,,,,,,,,,,,69.3,5,69.4,150,,,,,,,,,,,,,,,,
2026-07-15T00:00:00.892913+00:00,2026-07-15T00:00:00.891082,4,2,69.1,0.4,68.9,150,68.8,5,68.7,3,68.5,100,,,,,,,,,,,,,69.3,5,69.4,150,,,,,,,,,,,,,,,,
2026-07-15T00:00:00.914719+00:00,2026-07-15T00:00:00.910798,3,2,69.1,0.4,68.9,153,68.8,5,68.5,100,,,,,,,,,,,,,,,69.3,5,69.4,150,,,,,,,,,,,,,,,,
2026-07-15T00:00:00.947010+00:00,2026-07-15T00:00:00.944201,3,3,68.95,0.1,68.9,153,68.8,5,68.5,100,,,,,,,,,,,,,,,69.0,100,69.3,5,69.4,150,,,,,,,,,,,,,,
2026-07-15T00:00:01.239050+00:00,2026-07-15T00:00:01.273188,3,3,68.95,0.1,68.9,153,68.6,5,68.5,100,,,,,,,,,,,,,,,69.0,100,69.1,5,69.4,150,,,,,,,,,,,,,,
2026-07-15T00:00:01.739127+00:00,2026-07-15T00:00:01.731321,3,3,68.95,0.1,68.9,111,68.6,5,68.5,100,,,,,,,,,,,,,,,69.0,100,69.1,5,69.4,150,,,,,,,,,,,,,,
2026-07-15T00:00:01.922200+00:00,2026-07-15T00:00:01.919299,3,3,68.95,0.1,68.9,108,68.6,5,68.5,100,,,,,,,,,,,,,,,69.0,100,69.1,5,69.4,150,,,,,,,,,,,,,,
2026-07-15T00:00:01.933178+00:00,2026-07-15T00:00:01.927313,3,3,68.95,0.1,68.9,111,68.6,5,68.5,100,,,,,,,,,,,,,,,69.0,100,69.1,5,69.4,150,,,,,,,,,,,,,,
2026-07-15T00:00:02.292428+00:00,2026-07-15T00:00:02.290465,2,2,68.95,0.1,68.9,111,68.5,100,,,,,,,,,,,,,,,,,69.0,100,69.4,150,,,,,,,,,,,,,,,,
2026-07-15T00:00:02.303357+00:00,2026-07-15T00:00:02.300571,3,2,68.95,0.1,68.9,111,68.6,5,68.5,100,,,,,,,,,,,,,,,69.0,100,69.4,150,,,,,,,,,,,,,,,,
2026-07-15T00:00:02.314299+00:00,2026-07-15T00:00:02.304249,3,3,68.95,0.1,68.9,111,68.6,5,68.5,100,,,,,,,,,,,,,,,69.0,100,69.1,5,69.4,150,,,,,,,,,,,,,,
2026-07-15T00:00:02.940282+00:00,2026-07-15T00:00:02.936032,3,3,68.95,0.1,68.9,108,68.6,5,68.5,100,,,,,,,,,,,,,,,69.0,100,69.1,5,69.4,150,,,,,,,,,,,,,,
2026-07-15T00:00:02.950981+00:00,2026-07-15T00:00:02.942944,3,3,68.95,0.1,68.9,111,68.6,5,68.5,100,,,,,,,,,,,,,,,69.0,100,69.1,5,69.4,150,,,,,,,,,,,,,,
2026-07-15T00:00:03.088096+00:00,2026-07-15T00:00:03.080774,2,2,68.8,0.4,68.6,155,68.5,100,,,,,,,,,,,,,,,,,69.0,100,69.1,5,,,,,,,,,,,,,,,,
2026-07-15T00:00:03.146537+00:00,2026-07-15T00:00:03.138156,2,2,68.8,0.4,68.6,155,68.5,100,,,,,,,,,,,,,,,,,69.0,100,69.1,155,,,,,,,,,,,,,,,,
2026-07-15T00:00:03.314864+00:00,2026-07-15T00:00:03.314487,2,2,68.8,0.4,68.6,150,68.5,100,,,,,,,,,,,,,,,,,69.0,100,69.1,155,,,,,,,,,,,,,,,,
2026-07-15T00:00:03.325467+00:00,2026-07-15T00:00:03.319063,2,2,68.8,0.4,68.6,150,68.5,100,,,,,,,,,,,,,,,,,69.0,100,69.1,150,,,,,,,,,,,,,,,,
2026-07-15T00:00:03.336062+00:00,2026-07-15T00:00:03.333483,2,2,68.8,0.4,68.6,155,68.5,100,,,,,,,,,,,,,,,,,69.0,100,69.1,155,,,,,,,,,,,,,,,,
2026-07-15T00:00:03.346641+00:00,2026-07-15T00:00:03.343888,2,2,68.8,0.4,68.6,155,68.5,100,,,,,,,,,,,,,,,,,69.0,50,69.1,155,,,,,,,,,,,,,,,,
2026-07-15T00:00:03.514626+00:00,2026-07-15T00:00:03.513025,2,2,68.8,0.4,68.6,155,68.5,100,,,,,,,,,,,,,,,,,69.0,7,69.1,155,,,,,,,,,,,,,,,,
2026-07-15T00:00:03.965703+00:00,2026-07-15T00:00:03.961230,2,2,68.8,0.4,68.6,158,68.5,100,,,,,,,,,,,,,,,,,69.0,7,69.1,155,,,,,,,,,,,,,,,,
2026-07-15T00:00:04.007938+00:00,2026-07-15T00:00:03.999488,1,1,68.85,0.5,68.6,158,,,,,,,,,,,,,,,,,,,69.1,155,,,,,,,,,,,,,,,,,,
2026-07-15T00:00:04.049912+00:00,2026-07-15T00:00:04.040876,1,1,68.85,0.5,68.6,117,,,,,,,,,,,,,,,,,,,69.1,155,,,,,,,,,,,,,,,,,,
2026-07-15T00:00:04.060616+00:00,2026-07-15T00:00:04.051749,2,1,68.95,0.3,68.8,100,68.6,117,,,,,,,,,,,,,,,,,69.1,155,,,,,,,,,,,,,,,,,,
2026-07-15T00:00:04.113590+00:00,2026-07-15T00:00:04.104181,2,2,68.95,0.3,68.8,100,68.6,117,,,,,,,,,,,,,,,,,69.1,155,69.3,100,,,,,,,,,,,,,,,,
2026-07-15T00:00:04.376056+00:00,2026-07-15T00:00:04.362897,2,2,68.95,0.3,68.8,105,68.6,112,,,,,,,,,,,,,,,,,69.1,150,69.3,105,,,,,,,,,,,,,,,,
2026-07-15T00:00:04.970682+00:00,2026-07-15T00:00:04.967132,2,2,68.95,0.3,68.8,105,68.6,109,,,,,,,,,,,,,,,,,69.1,150,69.3,105,,,,,,,,,,,,,,,,
2026-07-15T00:00:04.981715+00:00,2026-07-15T00:00:04.974039,2,2,68.95,0.3,68.8,108,68.6,109,,,,,,,,,,,,,,,,,69.1,150,69.3,105,,,,,,,,,,,,,,,,
2026-07-15T00:00:05.388114+00:00,2026-07-15T00:00:05.385420,2,2,68.95,0.3,68.8,103,68.6,109,,,,,,,,,,,,,,,,,69.1,150,69.3,100,,,,,,,,,,,,,,,,
2026-07-15T00:00:05.398937+00:00,2026-07-15T00:00:05.396103,2,2,68.95,0.3,68.8,108,68.6,109,,,,,,,,,,,,,,,,,69.1,150,69.3,100,,,,,,,,,,,,,,,,
2026-07-15T00:00:05.409769+00:00,2026-07-15T00:00:05.399256,2,2,68.95,0.3,68.8,108,68.6,109,,,,,,,,,,,,,,,,,69.1,150,69.3,105,,,,,,,,,,,,,,,,
2026-07-15T00:00:05.672705+00:00,2026-07-15T00:00:05.670381,2,2,68.95,0.3,68.8,108,68.6,109,,,,,,,,,,,,,,,,,69.1,101,69.3,105,,,,,,,,,,,,,,,,
2026-07-15T00:00:05.995668+00:00,2026-07-15T00:00:05.986857,2,2,68.95,0.3,68.8,105,68.6,109,,,,,,,,,,,,,,,,,69.1,101,69.3,105,,,,,,,,,,,,,,,,
2026-07-15T00:00:06.006638+00:00,2026-07-15T00:00:06.001742,2,2,68.95,0.3,68.8,108,68.6,109,,,,,,,,,,,,,,,,,69.1,101,69.3,105,,,,,,,,,,,,,,,,
2026-07-15T00:00:06.159267+00:00,2026-07-15T00:00:06.151502,2,2,68.95,0.3,68.8,63,68.6,109,,,,,,,,,,,,,,,,,69.1,101,69.3,105,,,,,,,,,,,,,,,,
2026-07-15T00:00:06.202052+00:00,2026-07-15T00:00:06.193374,1,1,69.05,0.5,68.8,63,,,,,,,,,,,,,,,,,,,69.3,105,,,,,,,,,,,,,,,,,,
2026-07-15T00:00:06.255823+00:00,2026-07-15T00:00:06.247707,2,1,69.05,0.5,68.8,63,68.7,150,,,,,,,,,,,,,,,,,69.3,105,,,,,,,,,,,,,,,,,,
2026-07-15T00:00:06.308909+00:00,2026-07-15T00:00:06.301290,2,2,69.0,0.4,68.8,63,68.7,150,,,,,,,,,,,,,,,,,69.2,150,69.3,105,,,,,,,,,,,,,,,,
2026-07-15T00:00:06.425697+00:00,2026-07-15T00:00:06.421463,2,2,69.0,0.4,68.8,58,68.7,150,,,,,,,,,,,,,,,,,69.2,150,69.3,100,,,,,,,,,,,,,,,,
2026-07-15T00:00:06.447296+00:00,2026-07-15T00:00:06.440830,2,2,69.0,0.4,68.8,58,68.7,155,,,,,,,,,,,,,,,,,69.2,155,69.3,100,,,,,,,,,,,,,,,,
2026-07-15T00:00:06.692075+00:00,2026-07-15T00:00:06.690256,2,2,69.0,0.4,68.8,9,68.7,155,,,,,,,,,,,,,,,,,69.2,155,69.3,100,,,,,,,,,,,,,,,,
2026-07-15T00:00:07.011566+00:00,2026-07-15T00:00:07.009533,2,2,69.0,0.4,68.8,6,68.7,155,,,,,,,,,,,,,,,,,69.2,155,69.3,100,,,,,,,,,,,,,,,,
2026-07-15T00:00:07.022344+00:00,2026-07-15T00:00:07.017135,2,2,69.0,0.4,68.8,9,68.7,155,,,,,,,,,,,,,,,,,69.2,155,69.3,100,,,,,,,,,,,,,,,,
2026-07-15T00:00:07.160446+00:00,2026-07-15T00:00:07.159755,2,1,69.0,0.4,68.8,3,68.7,155,,,,,,,,,,,,,,,,,69.2,155,,,,,,,,,,,,,,,,,,
2026-07-15T00:00:07.213623+00:00,2026-07-15T00:00:07.212876,3,1,69.0,0.4,68.8,3,68.7,155,68.6,100,,,,,,,,,,,,,,,69.2,155,,,,,,,,,,,,,,,,,,
2026-07-15T00:00:07.288363+00:00,2026-07-15T00:00:07.282620,3,2,68.95,0.3,68.8,3,68.7,155,68.6,100,,,,,,,,,,,,,,,69.1,100,69.2,155,,,,,,,,,,,,,,,,
2026-07-15T00:00:07.458488+00:00,2026-07-15T00:00:07.454794,3,2,68.95,0.3,68.8,3,68.7,150,68.6,100,,,,,,,,,,,,,,,69.1,100,69.2,155,,,,,,,,,,,,,,,,
2026-07-15T00:00:07.469348+00:00,2026-07-15T00:00:07.468727,3,2,68.95,0.3,68.8,3,68.7,155,68.6,100,,,,,,,,,,,,,,,69.1,100,69.2,150,,,,,,,,,,,,,,,,
2026-07-15T00:00:07.480259+00:00,2026-07-15T00:00:07.471766,3,2,68.95,0.3,68.8,3,68.7,155,68.6,100,,,,,,,,,,,,,,,69.1,100,69.2,155,,,,,,,,,,,,,,,,
2026-07-15T00:00:08.035517+00:00,2026-07-15T00:00:08.032547,2,2,68.9,0.4,68.7,158,68.6,100,,,,,,,,,,,,,,,,,69.1,100,69.2,155,,,,,,,,,,,,,,,,
2026-07-15T00:00:08.515017+00:00,2026-07-15T00:00:08.513189,2,2,68.9,0.4,68.7,153,68.6,100,,,,,,,,,,,,,,,,,69.1,100,69.2,155,,,,,,,,,,,,,,,,
2026-07-15T00:00:08.525899+00:00,2026-07-15T00:00:08.518465,2,2,68.9,0.4,68.7,153,68.6,100,,,,,,,,,,,,,,,,,69.1,100,69.2,150,,,,,,,,,,,,,,,,
2026-07-15T00:00:08.547620+00:00,2026-07-15T00:00:08.544542,2,2,68.9,0.4,68.7,158,68.6,100,,,,,,,,,,,,,,,,,69.1,100,69.2,155,,,,,,,,,,,,,,,,
2026-07-15T00:00:09.048562+00:00,2026-07-15T00:00:09.039099,2,2,68.9,0.4,68.7,155,68.6,100,,,,,,,,,,,,,,,,,69.1,100,69.2,155,,,,,,,,,,,,,,,,
2026-07-15T00:00:09.059352+00:00,2026-07-15T00:00:09.054999,2,2,68.9,0.4,68.7,158,68.6,100,,,,,,,,,,,,,,,,,69.1,100,69.2,155,,,,,,,,,,,,,,,,
2026-07-15T00:00:09.356795+00:00,2026-07-15T00:00:09.355727,2,2,68.9,0.4,68.7,158,68.6,100,,,,,,,,,,,,,,,,,69.1,100,69.2,5,,,,,,,,,,,,,,,,
2026-07-15T00:00:09.374821+00:00,2026-07-15T00:00:09.358050,2,2,68.9,0.4,68.7,8,68.6,100,,,,,,,,,,,,,,,,,69.1,100,69.2,5,,,,,,,,,,,,,,,,
2026-07-15T00:00:09.415845+00:00,2026-07-15T00:00:09.413032,2,2,68.9,0.4,68.7,158,68.6,100,,,,,,,,,,,,,,,,,69.1,100,69.2,5,,,,,,,,,,,,,,,,
2026-07-15T00:00:09.470321+00:00,2026-07-15T00:00:09.467869,2,2,68.9,0.4,68.7,158,68.6,100,,,,,,,,,,,,,,,,,69.1,100,69.2,155,,,,,,,,,,,,,,,,
2026-07-15T00:00:09.562581+00:00,2026-07-15T00:00:09.558189,2,2,68.9,0.4,68.7,153,68.6,100,,,,,,,,,,,,,,,,,69.1,100,69.2,155,,,,,,,,,,,,,,,,
2026-07-15T00:00:09.579847+00:00,2026-07-15T00:00:09.562961,2,2,68.9,0.4,68.7,153,68.6,100,,,,,,,,,,,,,,,,,69.1,100,69.2,150,,,,,,,,,,,,,,,,
2026-07-15T00:00:09.590891+00:00,2026-07-15T00:00:09.586538,2,2,68.9,0.4,68.7,158,68.6,100,,,,,,,,,,,,,,,,,69.1,100,69.2,155,,,,,,,,,,,,,,,,
2026-07-15T00:00:09.749652+00:00,2026-07-15T00:00:09.739856,2,2,68.9,0.4,68.7,108,68.6,100,,,,,,,,,,,,,,,,,69.1,100,69.2,155,,,,,,,,,,,,,,,,
2026-07-15T00:00:10.074886+00:00,2026-07-15T00:00:10.066827,2,2,68.9,0.4,68.7,111,68.6,100,,,,,,,,,,,,,,,,,69.1,100,69.2,155,,,,,,,,,,,,,,,,
2026-07-15T00:00:10.342341+00:00,2026-07-15T00:00:10.337489,1,1,68.95,0.5,68.7,111,,,,,,,,,,,,,,,,,,,69.2,155,,,,,,,,,,,,,,,,,,
2026-07-15T00:00:10.396059+00:00,2026-07-15T00:00:10.389445,2,1,68.95,0.5,68.7,111,68.6,100,,,,,,,,,,,,,,,,,69.2,155,,,,,,,,,,,,,,,,,,
2026-07-15T00:00:10.449544+00:00,2026-07-15T00:00:10.442036,2,2,68.9,0.4,68.7,111,68.6,100,,,,,,,,,,,,,,,,,69.1,100,69.2,155,,,,,,,,,,,,,,,,
2026-07-15T00:00:10.610144+00:00,2026-07-15T00:00:10.605568,2,2,68.9,0.4,68.7,106,68.6,100,,,,,,,,,,,,,,,,,69.1,100,69.2,150,,,,,,,,,,,,,,,,
2026-07-15T00:00:10.621125+00:00,2026-07-15T00:00:10.618828,2,2,68.9,0.4,68.7,111,68.6,100,,,,,,,,,,,,,,,,,69.1,100,69.2,155,,,,,,,,,,,,,,,,
2026-07-15T00:00:10.685865+00:00,2026-07-15T00:00:10.683338,2,2,68.9,0.4,68.7,111,68.6,100,,,,,,,,,,,,,,,,,69.1,56,69.2,155,,,,,,,,,,,,,,,,
2026-07-15T00:00:10.896418+00:00,2026-07-15T00:00:10.893915,2,2,68.9,0.4,68.7,111,68.6,100,,,,,,,,,,,,,,,,,69.1,53,69.2,155,,,,,,,,,,,,,,,,
2026-07-15T00:00:11.079296+00:00,2026-07-15T00:00:11.073510,2,2,68.9,0.4,68.7,108,68.6,100,,,,,,,,,,,,,,,,,69.1,53,69.2,155,,,,,,,,,,,,,,,,
2026-07-15T00:00:11.090110+00:00,2026-07-15T00:00:11.086427,2,2,68.9,0.4,68.7,111,68.6,100,,,,,,,,,,,,,,,,,69.1,50,69.2,155,,,,,,,,,,,,,,,,
2026-07-15T00:00:11.250894+00:00,2026-07-15T00:00:11.247634,2,2,68.9,0.4,68.7,111,68.6,100,,,,,,,,,,,,,,,,,69.1,10,69.2,155,,,,,,,,,,,,,,,,
2026-07-15T00:00:11.305076+00:00,2026-07-15T00:00:11.302951,2,2,68.9,0.4,68.7,65,68.6,100,,,,,,,,,,,,,,,,,69.1,10,69.2,155,,,,,,,,,,,,,,,,
2026-07-15T00:00:11.639292+00:00,2026-07-15T00:00:11.638678,2,2,68.9,0.4,68.7,60,68.6,100,,,,,,,,,,,,,,,,,69.1,10,69.2,150,,,,,,,,,,,,,,,,
2026-07-15T00:00:11.661214+00:00,2026-07-15T00:00:11.653407,3,3,68.95,0.3,68.8,5,68.7,60,68.6,100,,,,,,,,,,,,,,,69.1,10,69.2,150,69.3,5,,,,,,,,,,,,,,
2026-07-15T00:00:11.854732+00:00,2026-07-15T00:00:11.848793,2,3,68.9,0.4,68.7,15,68.6,100,,,,,,,,,,,,,,,,,69.1,10,69.2,150,69.3,5,,,,,,,,,,,,,,
2026-07-15T00:00:12.103638+00:00,2026-07-15T00:00:12.101470,2,3,68.9,0.4,68.7,15,68.6,100,,,,,,,,,,,,,,,,,69.1,10,69.2,150,69.3,5,,,,,,,,,,,,,,
2026-07-15T00:00:12.530106+00:00,2026-07-15T00:00:12.525257,2,2,68.9,0.4,68.7,3,68.6,100,,,,,,,,,,,,,,,,,69.1,10,69.3,5,,,,,,,,,,,,,,,,
2026-07-15T00:00:12.583554+00:00,2026-07-15T00:00:12.578470,3,2,68.9,0.4,68.7,3,68.6,100,68.3,150,,,,,,,,,,,,,,,69.1,10,69.3,5,,,,,,,,,,,,,,,,
2026-07-15T00:00:12.637106+00:00,2026-07-15T00:00:12.630369,3,3,68.75,0.1,68.7,3,68.6,100,68.3,150,,,,,,,,,,,,,,,68.8,150,69.1,10,69.3,5,,,,,,,,,,,,,,
2026-07-15T00:00:12.669764+00:00,2026-07-15T00:00:12.667017,3,2,68.75,0.1,68.7,3,68.6,100,68.3,150,,,,,,,,,,,,,,,68.8,150,69.1,10,,,,,,,,,,,,,,,,
2026-07-15T00:00:12.680742+00:00,2026-07-15T00:00:12.673237,3,2,68.75,0.1,68.7,3,68.6,100,68.3,150,,,,,,,,,,,,,,,68.8,147,69.1,10,,,,,,,,,,,,,,,,
2026-07-15T00:00:12.691735+00:00,2026-07-15T00:00:12.689111,3,2,68.75,0.1,68.7,3,68.6,105,68.3,150,,,,,,,,,,,,,,,68.8,147,69.1,10,,,,,,,,,,,,,,,,
2026-07-15T00:00:12.702771+00:00,2026-07-15T00:00:12.692205,3,2,68.75,0.1,68.7,3,68.6,105,68.3,150,,,,,,,,,,,,,,,68.8,147,69.1,15,,,,,,,,,,,,,,,,
2026-07-15T00:00:12.757224+00:00,2026-07-15T00:00:12.746778,3,2,68.75,0.1,68.7,3,68.6,105,68.3,150,,,,,,,,,,,,,,,68.8,86,69.1,15,,,,,,,,,,,,,,,,
2026-07-15T00:00:13.051500+00:00,2026-07-15T00:00:13.045755,3,2,68.75,0.1,68.7,3,68.6,105,68.3,150,,,,,,,,,,,,,,,68.8,43,69.1,15,,,,,,,,,,,,,,,,
2026-07-15T00:00:13.127259+00:00,2026-07-15T00:00:13.116737,2,2,68.7,0.2,68.6,105,68.3,150,,,,,,,,,,,,,,,,,68.8,43,69.1,15,,,,,,,,,,,,,,,,
2026-07-15T00:00:13.138276+00:00,2026-07-15T00:00:13.134697,2,2,68.7,0.2,68.6,108,68.3,150,,,,,,,,,,,,,,,,,68.8,33,69.1,15,,,,,,,,,,,,,,,,
2026-07-15T00:00:13.497766+00:00,2026-07-15T00:00:13.495951,2,2,68.7,0.2,68.6,108,68.3,150,,,,,,,,,,,,,,,,,68.8,33,69.1,5,,,,,,,,,,,,,,,,
2026-07-15T00:00:13.508726+00:00,2026-07-15T00:00:13.498158,2,2,68.7,0.2,68.6,8,68.3,150,,,,,,,,,,,,,,,,,68.8,33,69.1,5,,,,,,,,,,,,,,,,
2026-07-15T00:00:13.562781+00:00,2026-07-15T00:00:13.553498,3,1,69.0,0.2,68.9,67,68.6,8,68.3,150,,,,,,,,,,,,,,,69.1,5,,,,,,,,,,,,,,,,,,
2026-07-15T00:00:13.616880+00:00,2026-07-15T00:00:13.606868,3,2,69.0,0.2,68.9,67,68.6,8,68.3,150,,,,,,,,,,,,,,,69.1,5,69.4,100,,,,,,,,,,,,,,,,
2026-07-15T00:00:13.714062+00:00,2026-07-15T00:00:13.710471,3,1,69.15,0.5,68.9,67,68.6,3,68.3,150,,,,,,,,,,,,,,,69.4,100,,,,,,,,,,,,,,,,,,
2026-07-15T00:00:13.725144+00:00,2026-07-15T00:00:13.721825,4,1,69.15,0.5,68.9,67,68.8,5,68.6,3,68.3,150,,,,,,,,,,,,,69.4,100,,,,,,,,,,,,,,,,,,
2026-07-15T00:00:13.736073+00:00,2026-07-15T00:00:13.725493,4,2,69.1,0.4,68.9,67,68.8,5,68.6,3,68.3,150,,,,,,,,,,,,,69.3,5,69.4,100,,,,,,,,,,,,,,,,
2026-07-15T00:00:13.964467+00:00,2026-07-15T00:00:13.958460,4,2,69.1,0.4,68.9,17,68.8,5,68.6,3,68.3,150,,,,,,,,,,,,,69.3,5,69.4,100,,,,,,,,,,,,,,,,
2026-07-15T00:00:14.147939+00:00,2026-07-15T00:00:14.143388,3,2,69.1,0.4,68.9,17,68.8,5,68.3,150,,,,,,,,,,,,,,,69.3,5,69.4,100,,,,,,,,,,,,,,,,
2026-07-15T00:00:14.158663+00:00,2026-07-15T00:00:14.151024,3,2,69.1,0.4,68.9,20,68.8,5,68.3,150,,,,,,,,,,,,,,,69.3,5,69.4,100,,,,,,,,,,,,,,,,
2026-07-15T00:00:14.743440+00:00,2026-07-15T00:00:14.738605,2,2,69.1,0.4,68.9,20,68.3,150,,,,,,,,,,,,,,,,,69.3,5,69.4,100,,,,,,,,,,,,,,,,
2026-07-15T00:00:14.754485+00:00,2026-07-15T00:00:14.753231,3,1,69.15,0.5,68.9,20,68.8,5,68.3,150,,,,,,,,,,,,,,,69.4,100,,,,,,,,,,,,,,,,,,
2026-07-15T00:00:14.765684+00:00,2026-07-15T00:00:14.756338,3,2,69.1,0.4,68.9,20,68.8,5,68.3,150,,,,,,,,,,,,,,,69.3,5,69.4,100,,,,,,,,,,,,,,,,
2026-07-15T00:00:15.187906+00:00,2026-07-15T00:00:15.182055,3,2,69.1,0.4,68.9,17,68.8,5,68.3,150,,,,,,,,,,,,,,,69.3,5,69.4,100,,,,,,,,,,,,,,,,
2026-07-15T00:00:15.210300+00:00,2026-07-15T00:00:15.205577,3,2,69.1,0.4,68.9,20,68.8,5,68.3,150,,,,,,,,,,,,,,,69.3,5,69.4,100,,,,,,,,,,,,,,,,
2026-07-15T00:00:15.695256+00:00,2026-07-15T00:00:15.684670,2,2,69.1,0.4,68.9,20,68.8,5,,,,,,,,,,,,,,,,,69.3,5,69.4,100,,,,,,,,,,,,,,,,
2026-07-15T00:00:15.750026+00:00,2026-07-15T00:00:15.739473,2,2,69.1,0.4,68.9,20,68.8,155,,,,,,,,,,,,,,,,,69.3,5,69.4,100,,,,,,,,,,,,,,,,
2026-07-15T00:00:15.783245+00:00,2026-07-15T00:00:15.779550,2,2,69.1,0.4,68.9,20,68.8,150,,,,,,,,,,,,,,,,,69.3,5,69.4,100,,,,,,,,,,,,,,,,
2026-07-15T00:00:15.794300+00:00,2026-07-15T00:00:15.792802,2,2,69.1,0.4,68.9,20,68.8,150,,,,,,,,,,,,,,,,,69.3,150,69.4,100,,,,,,,,,,,,,,,,
2026-07-15T00:00:15.805420+00:00,2026-07-15T00:00:15.801381,3,3,69.05,0.3,68.9,20,68.8,150,68.7,5,,,,,,,,,,,,,,,69.2,5,69.3,150,69.4,100,,,,,,,,,,,,,,
2026-07-15T00:00:15.837885+00:00,2026-07-15T00:00:15.836585,2,3,69.0,0.4,68.8,128,68.7,5,,,,,,,,,,,,,,,,,69.2,5,69.3,150,69.4,100,,,,,,,,,,,,,,
2026-07-15T00:00:16.075287+00:00,2026-07-15T00:00:16.065559,2,3,69.0,0.4,68.8,78,68.7,5,,,,,,,,,,,,,,,,,69.2,5,69.3,150,69.4,100,,,,,,,,,,,,,,
2026-07-15T00:00:16.226495+00:00,2026-07-15T00:00:16.218657,2,3,69.0,0.4,68.8,81,68.7,5,,,,,,,,,,,,,,,,,69.2,5,69.3,150,69.4,100,,,,,,,,,,,,,,
2026-07-15T00:00:16.661309+00:00,2026-07-15T00:00:16.660202,2,2,69.0,0.4,68.8,81,68.7,5,,,,,,,,,,,,,,,,,69.2,5,69.3,150,,,,,,,,,,,,,,,,
2026-07-15T00:00:16.714757+00:00,2026-07-15T00:00:16.712869,2,2,69.0,0.4,68.8,81,68.7,105,,,,,,,,,,,,,,,,,69.2,5,69.3,150,,,,,,,,,,,,,,,,
2026-07-15T00:00:16.768468+00:00,2026-07-15T00:00:16.765006,2,2,69.0,0.4,68.8,81,68.7,105,,,,,,,,,,,,,,,,,69.2,105,69.3,150,,,,,,,,,,,,,,,,
2026-07-15T00:00:16.822685+00:00,2026-07-15T00:00:16.821328,2,2,69.0,0.4,68.8,81,68.7,100,,,,,,,,,,,,,,,,,69.2,100,69.3,150,,,,,,,,,,,,,,,,
2026-07-15T00:00:16.833694+00:00,2026-07-15T00:00:16.832054,2,2,69.0,0.4,68.8,81,68.7,105,,,,,,,,,,,,,,,,,69.2,100,69.3,150,,,,,,,,,,,,,,,,
2026-07-15T00:00:16.844701+00:00,2026-07-15T00:00:16.835114,2,2,69.0,0.4,68.8,81,68.7,105,,,,,,,,,,,,,,,,,69.2,105,69.3,150,,,,,,,,,,,,,,,,
2026-07-15T00:00:17.242504+00:00,2026-07-15T00:00:17.238316,2,2,69.0,0.4,68.8,81,68.7,105,,,,,,,,,,,,,,,,,69.2,105,69.3,150,,,,,,,,,,,,,,,,
2026-07-15T00:00:17.853477+00:00,2026-07-15T00:00:17.852474,2,2,69.0,0.4,68.8,81,68.7,100,,,,,,,,,,,,,,,,,69.2,100,69.3,150,,,,,,,,,,,,,,,,
2026-07-15T00:00:17.864492+00:00,2026-07-15T00:00:17.863181,2,2,69.0,0.4,68.8,81,68.7,105,,,,,,,,,,,,,,,,,69.2,100,69.3,150,,,,,,,,,,,,,,,,
2026-07-15T00:00:17.875525+00:00,2026-07-15T00:00:17.866266,2,2,69.0,0.4,68.8,81,68.7,105,,,,,,,,,,,,,,,,,69.2,105,69.3,150,,,,,,,,,,,,,,,,
2026-07-15T00:00:18.124346+00:00,2026-07-15T00:00:18.121077,2,2,69.0,0.4,68.8,81,68.7,105,,,,,,,,,,,,,,,,,69.2,55,69.3,150,,,,,,,,,,,,,,,,
2026-07-15T00:00:18.253733+00:00,2026-07-15T00:00:18.247089,2,2,69.0,0.4,68.8,78,68.7,105,,,,,,,,,,,,,,,,,69.2,55,69.3,150,,,,,,,,,,,,,,,,
2026-07-15T00:00:18.264600+00:00,2026-07-15T00:00:18.256021,2,2,69.0,0.4,68.8,81,68.7,105,,,,,,,,,,,,,,,,,69.2,55,69.3,150,,,,,,,,,,,,,,,,
2026-07-15T00:00:18.857851+00:00,2026-07-15T00:00:18.848587,2,1,69.0,0.4,68.8,3,68.7,105,,,,,,,,,,,,,,,,,69.2,55,,,,,,,,,,,,,,,,,,
2026-07-15T00:00:18.890466+00:00,2026-07-15T00:00:18.884158,2,1,69.0,0.4,68.8,3,68.7,100,,,,,,,,,,,,,,,,,69.2,50,,,,,,,,,,,,,,,,,,
2026-07-15T00:00:18.901428+00:00,2026-07-15T00:00:18.899632,2,1,69.0,0.4,68.8,3,68.7,105,,,,,,,,,,,,,,,,,69.2,55,,,,,,,,,,,,,,,,,,
2026-07-15T00:00:18.912357+00:00,2026-07-15T00:00:18.901715,3,1,69.0,0.4,68.8,3,68.7,105,68.6,150,,,,,,,,,,,,,,,69.2,55,,,,,,,,,,,,,,,,,,
2026-07-15T00:00:18.955226+00:00,2026-07-15T00:00:18.953593,3,2,68.95,0.3,68.8,3,68.7,105,68.6,150,,,,,,,,,,,,,,,69.1,150,69.2,55,,,,,,,,,,,,,,,,
2026-07-15T00:00:19.267710+00:00,2026-07-15T00:00:19.263871,2,2,68.9,0.4,68.7,105,68.6,150,,,,,,,,,,,,,,,,,69.1,150,69.2,55,,,,,,,,,,,,,,,,
2026-07-15T00:00:19.278819+00:00,2026-07-15T00:00:19.270463,2,2,68.9,0.4,68.7,108,68.6,150,,,,,,,,,,,,,,,,,69.1,150,69.2,55,,,,,,,,,,,,,,,,
2026-07-15T00:00:19.830849+00:00,2026-07-15T00:00:19.821625,2,2,68.9,0.4,68.7,8,68.6,150,,,,,,,,,,,,,,,,,69.1,150,69.2,5,,,,,,,,,,,,,,,,
2026-07-15T00:00:19.874398+00:00,2026-07-15T00:00:19.873742,3,2,69.05,0.1,69.0,100,68.7,8,68.6,150,,,,,,,,,,,,,,,69.1,150,69.2,5,,,,,,,,,,,,,,,,
2026-07-15T00:00:19.917868+00:00,2026-07-15T00:00:19.914317,3,2,69.05,0.1,69.0,100,68.7,3,68.6,150,,,,,,,,,,,,,,,69.1,150,69.2,5,,,,,,,,,,,,,,,,
2026-07-15T00:00:19.928945+00:00,2026-07-15T00:00:19.926562,3,2,69.05,0.1,69.0,100,68.7,3,68.6,150,,,,,,,,,,,,,,,69.1,150,69.5,100,,,,,,,,,,,,,,,,
2026-07-15T00:00:19.939859+00:00,2026-07-15T00:00:19.935637,4,3,69.05,0.1,69.0,100,68.8,5,68.7,3,68.6,150,,,,,,,,,,,,,69.1,150,69.3,5,69.5,100,,,,,,,,,,,,,,
2026-07-15T00:00:20.252958+00:00,2026-07-15T00:00:20.247673,4,3,69.05,0.1,69.0,100,68.8,5,68.7,3,68.6,150,,,,,,,,,,,,,69.1,100,69.3,5,69.5,100,,,,,,,,,,,,,,
2026-07-15T00:00:20.285105+00:00,2026-07-15T00:00:20.281574,3,3,69.05,0.1,69.0,100,68.8,5,68.6,150,,,,,,,,,,,,,,,69.1,97,69.3,5,69.5,100,,,,,,,,,,,,,,
2026-07-15T00:00:20.295776+00:00,2026-07-15T00:00:20.294289,3,3,69.05,0.1,69.0,103,68.8,5,68.6,150,,,,,,,,,,,,,,,69.1,97,69.3,5,69.5,100,,,,,,,,,,,,,,
2026-07-15T00:00:20.958529+00:00,2026-07-15T00:00:20.953489,2,2,69.05,0.1,69.0,103,68.6,150,,,,,,,,,,,,,,,,,69.1,97,69.5,100,,,,,,,,,,,,,,,,
2026-07-15T00:00:20.969407+00:00,2026-07-15T00:00:20.967093,3,2,69.05,0.1,69.0,103,68.7,5,68.6,150,,,,,,,,,,,,,,,69.1,97,69.5,100,,,,,,,,,,,,,,,,
2026-07-15T00:00:20.980320+00:00,2026-07-15T00:00:20.970381,3,3,69.05,0.1,69.0,103,68.7,5,68.6,150,,,,,,,,,,,,,,,69.1,97,69.2,5,69.5,100,,,,,,,,,,,,,,
2026-07-15T00:00:21.311527+00:00,2026-07-15T00:00:21.308775,3,3,69.05,0.1,69.0,103,68.7,5,68.6,150,,,,,,,,,,,,,,,69.1,97,69.2,5,69.5,100,,,,,,,,,,,,,,
2026-07-15T00:00:21.989199+00:00,2026-07-15T00:00:21.986444,2,3,69.05,0.1,69.0,103,68.6,150,,,,,,,,,,,,,,,,,69.1,97,69.2,5,69.5,100,,,,,,,,,,,,,,
2026-07-15T00:00:21.999973+00:00,2026-07-15T00:00:21.990595,2,2,69.05,0.1,69.0,103,68.6,150,,,,,,,,,,,,,,,,,69.1,97,69.5,100,,,,,,,,,,,,,,,,
2026-07-15T00:00:22.010717+00:00,2026-07-15T00:00:22.009448,2,2,69.1,0.2,69.0,103,68.7,5,,,,,,,,,,,,,,,,,69.2,5,69.5,100,,,,,,,,,,,,,,,,
2026-07-15T00:00:22.063797+00:00,2026-07-15T00:00:22.062931,3,1,69.25,0.5,69.0,103,68.8,150,68.7,5,,,,,,,,,,,,,,,69.5,100,,,,,,,,,,,,,,,,,,
2026-07-15T00:00:22.116907+00:00,2026-07-15T00:00:22.115828,3,2,69.15,0.3,69.0,58,68.8,150,68.7,5,,,,,,,,,,,,,,,69.3,150,69.5,100,,,,,,,,,,,,,,,,
2026-07-15T00:00:22.317160+00:00,2026-07-15T00:00:22.314781,3,2,69.15,0.3,69.0,55,68.8,150,68.7,5,,,,,,,,,,,,,,,69.3,150,69.5,100,,,,,,,,,,,,,,,,
2026-07-15T00:00:22.338402+00:00,2026-07-15T00:00:22.328226,3,2,69.15,0.3,69.0,58,68.8,150,68.7,5,,,,,,,,,,,,,,,69.3,150,69.5,100,,,,,,,,,,,,,,,,
2026-07-15T00:00:22.982058+00:00,2026-07-15T00:00:22.980521,3,1,69.15,0.3,69.0,58,68.8,150,68.7,5,,,,,,,,,,,,,,,69.3,150,,,,,,,,,,,,,,,,,,
2026-07-15T00:00:22.993154+00:00,2026-07-15T00:00:22.982470,3,1,69.15,0.3,69.0,3,68.8,150,68.7,5,,,,,,,,,,,,,,,69.3,150,,,,,,,,,,,,,,,,,,
2026-07-15T00:00:23.048673+00:00,2026-07-15T00:00:23.045157,3,1,69.15,0.3,69.0,3,68.8,150,68.7,100,,,,,,,,,,,,,,,69.3,150,,,,,,,,,,,,,,,,,,
2026-07-15T00:00:23.059831+00:00,2026-07-15T00:00:23.058159,3,1,69.15,0.3,69.0,3,68.8,155,68.7,100,,,,,,,,,,,,,,,69.3,150,,,,,,,,,,,,,,,,,,
2026-07-15T00:00:23.070934+00:00,2026-07-15T00:00:23.062642,3,1,69.15,0.3,69.0,3,68.8,155,68.7,100,,,,,,,,,,,,,,,69.3,155,,,,,,,,,,,,,,,,,,
2026-07-15T00:00:23.092592+00:00,2026-07-15T00:00:23.090778,3,2,69.1,0.2,69.0,3,68.8,155,68.7,100,,,,,,,,,,,,,,,69.2,100,69.3,155,,,,,,,,,,,,,,,,
2026-07-15T00:00:23.343414+00:00,2026-07-15T00:00:23.336516,2,2,69.0,0.4,68.8,155,68.7,100,,,,,,,,,,,,,,,,,69.2,100,69.3,155,,,,,,,,,,,,,,,,
2026-07-15T00:00:23.354549+00:00,2026-07-15T00:00:23.343802,2,2,69.0,0.4,68.8,158,68.7,100,,,,,,,,,,,,,,,,,69.2,100,69.3,155,,,,,,,,,,,,,,,,
2026-07-15T00:00:24.079280+00:00,2026-07-15T00:00:24.077754,2,2,69.0,0.4,68.8,153,68.7,100,,,,,,,,,,,,,,,,,69.2,100,69.3,155,,,,,,,,,,,,,,,,
2026-07-15T00:00:24.090390+00:00,2026-07-15T00:00:24.081724,2,2,69.0,0.4,68.8,153,68.7,100,,,,,,,,,,,,,,,,,69.2,100,69.3,150,,,,,,,,,,,,,,,,
2026-07-15T00:00:24.101483+00:00,2026-07-15T00:00:24.096673,2,2,69.0,0.4,68.8,158,68.7,100,,,,,,,,,,,,,,,,,69.2,100,69.3,155,,,,,,,,,,,,,,,,
2026-07-15T00:00:24.352095+00:00,2026-07-15T00:00:24.349638,2,2,69.0,0.4,68.8,155,68.7,100,,,,,,,,,,,,,,,,,69.2,100,69.3,155,,,,,,,,,,,,,,,,
2026-07-15T00:00:24.374270+00:00,2026-07-15T00:00:24.363620,2,2,69.0,0.4,68.8,158,68.7,100,,,,,,,,,,,,,,,,,69.2,100,69.3,155,,,,,,,,,,,,,,,,
2026-07-15T00:00:24.487786+00:00,2026-07-15T00:00:24.485202,2,2,69.0,0.4,68.8,158,68.7,100,,,,,,,,,,,,,,,,,69.2,50,69.3,155,,,,,,,,,,,,,,,,
2026-07-15T00:00:24.804831+00:00,2026-07-15T00:00:24.803525,2,2,69.0,0.4,68.8,158,68.7,100,,,,,,,,,,,,,,,,,69.2,7,69.3,155,,,,,,,,,,,,,,,,
2026-07-15T00:00:25.121846+00:00,2026-07-15T00:00:25.115133,2,2,69.0,0.4,68.8,153,68.7,100,,,,,,,,,,,,,,,,,69.2,7,69.3,150,,,,,,,,,,,,,,,,
2026-07-15T00:00:25.132985+00:00,2026-07-15T00:00:25.130577,2,2,69.0,0.4,68.8,158,68.7,100,,,,,,,,,,,,,,,,,69.2,7,69.3,155,,,,,,,,,,,,,,,,
2026-07-15T00:00:25.176585+00:00,2026-07-15T00:00:25.172270,2,2,69.0,0.4,68.8,8,68.7,100,,,,,,,,,,,,,,,,,69.2,7,69.3,5,,,,,,,,,,,,,,,,
2026-07-15T00:00:25.231152+00:00,2026-07-15T00:00:25.228671,2,2,69.0,0.4,68.8,158,68.7,100,,,,,,,,,,,,,,,,,69.2,7,69.3,5,,,,,,,,,,,,,,,,
2026-07-15T00:00:25.285847+00:00,2026-07-15T00:00:25.282600,2,2,69.0,0.4,68.8,158,68.7,100,,,,,,,,,,,,,,,,,69.2,7,69.3,155,,,,,,,,,,,,,,,,
2026-07-15T00:00:25.373582+00:00,2026-07-15T00:00:25.371383,2,2,69.0,0.4,68.8,155,68.7,100,,,,,,,,,,,,,,,,,69.2,7,69.3,155,,,,,,,,,,,,,,,,
2026-07-15T00:00:25.384636+00:00,2026-07-15T00:00:25.378418,2,2,69.0,0.4,68.8,158,68.7,100,,,,,,,,,,,,,,,,,69.2,7,69.3,155,,,,,,,,,,,,,,,,
2026-07-15T00:00:26.148702+00:00,2026-07-15T00:00:26.146938,1,1,69.05,0.5,68.8,153,,,,,,,,,,,,,,,,,,,69.3,155,,,,,,,,,,,,,,,,,,
2026-07-15T00:00:26.159825+00:00,2026-07-15T00:00:26.149294,1,1,69.05,0.5,68.8,153,,,,,,,,,,,,,,,,,,,69.3,150,,,,,,,,,,,,,,,,,,
2026-07-15T00:00:26.170959+00:00,2026-07-15T00:00:26.162692,1,1,69.05,0.5,68.8,158,,,,,,,,,,,,,,,,,,,69.3,155,,,,,,,,,,,,,,,,,,
2026-07-15T00:00:26.203104+00:00,2026-07-15T00:00:26.201044,2,1,69.15,0.3,69.0,100,68.8,158,,,,,,,,,,,,,,,,,69.3,155,,,,,,,,,,,,,,,,,,
2026-07-15T00:00:26.256411+00:00,2026-07-15T00:00:26.255229,2,2,69.15,0.3,69.0,100,68.8,158,,,,,,,,,,,,,,,,,69.3,155,69.5,100,,,,,,,,,,,,,,,,
2026-07-15T00:00:26.395844+00:00,2026-07-15T00:00:26.391947,2,2,69.15,0.3,69.0,103,68.8,155,,,,,,,,,,,,,,,,,69.3,155,69.5,100,,,,,,,,,,,,,,,,
2026-07-15T00:00:26.600365+00:00,2026-07-15T00:00:26.593725,2,2,69.15,0.3,69.0,103,68.8,155,,,,,,,,,,,,,,,,,69.3,105,69.5,100,,,,,,,,,,,,,,,,
2026-07-15T00:00:26.817242+00:00,2026-07-15T00:00:26.811467,2,2,69.15,0.3,69.0,42,68.8,155,,,,,,,,,,,,,,,,,69.3,105,69.5,100,,,,,,,,,,,,,,,,
2026-07-15T00:00:27.182818+00:00,2026-07-15T00:00:27.180394,2,2,69.15,0.3,69.0,42,68.8,150,,,,,,,,,,,,,,,,,69.3,100,69.5,100,,,,,,,,,,,,,,,,
2026-07-15T00:00:27.193705+00:00,2026-07-15T00:00:27.192913,2,2,69.15,0.3,69.0,42,68.8,155,,,,,,,,,,,,,,,,,69.3,100,69.5,100,,,,,,,,,,,,,,,,
2026-07-15T00:00:27.204639+00:00,2026-07-15T00:00:27.196032,2,2,69.15,0.3,69.0,42,68.8,155,,,,,,,,,,,,,,,,,69.3,105,69.5,100,,,,,,,,,,,,,,,,
2026-07-15T00:00:27.410056+00:00,2026-07-15T00:00:27.407874,2,2,69.15,0.3,69.0,42,68.8,155,,,,,,,,,,,,,,,,,69.3,105,69.5,100,,,,,,,,,,,,,,,,
2026-07-15T00:00:28.027596+00:00,2026-07-15T00:00:28.005631,2,2,69.15,0.3,69.0,39,68.8,155,,,,,,,,,,,,,,,,,69.3,105,69.5,100,,,,,,,,,,,,,,,,
2026-07-15T00:00:28.038593+00:00,2026-07-15T00:00:28.033649,1,2,69.05,0.5,68.8,155,,,,,,,,,,,,,,,,,,,69.3,105,69.5,100,,,,,,,,,,,,,,,,
2026-07-15T00:00:28.222435+00:00,2026-07-15T00:00:28.217595,1,2,69.05,0.5,68.8,150,,,,,,,,,,,,,,,,,,,69.3,100,69.5,100,,,,,,,,,,,,,,,,
2026-07-15T00:00:28.233258+00:00,2026-07-15T00:00:28.230845,2,2,69.05,0.5,68.8,150,68.7,5,,,,,,,,,,,,,,,,,69.3,100,69.5,100,,,,,,,,,,,,,,,,
2026-07-15T00:00:28.244074+00:00,2026-07-15T00:00:28.234927,2,3,69.0,0.4,68.8,150,68.7,5,,,,,,,,,,,,,,,,,69.2,5,69.3,100,69.5,100,,,,,,,,,,,,,,
2026-07-15T00:00:28.342628+00:00,2026-07-15T00:00:28.340216,2,2,69.0,0.4,68.8,150,68.7,5,,,,,,,,,,,,,,,,,69.2,5,69.5,100,,,,,,,,,,,,,,,,
2026-07-15T00:00:28.353698+00:00,2026-07-15T00:00:28.343936,1,2,68.95,0.5,68.7,5,,,,,,,,,,,,,,,,,,,69.2,5,69.5,100,,,,,,,,,,,,,,,,
2026-07-15T00:00:28.408392+00:00,2026-07-15T00:00:28.398928,2,2,69.0,0.4,68.8,150,68.7,5,,,,,,,,,,,,,,,,,69.2,5,69.5,100,,,,,,,,,,,,,,,,
2026-07-15T00:00:28.430580+00:00,2026-07-15T00:00:28.420449,2,2,69.0,0.4,68.8,153,68.7,5,,,,,,,,,,,,,,,,,69.2,5,69.5,100,,,,,,,,,,,,,,,,
2026-07-15T00:00:28.463861+00:00,2026-07-15T00:00:28.453246,2,3,69.0,0.4,68.8,153,68.7,5,,,,,,,,,,,,,,,,,69.2,5,69.3,150,69.5,100,,,,,,,,,,,,,,
2026-07-15T00:00:28.722123+00:00,2026-07-15T00:00:28.719383,2,2,69.05,0.5,68.8,153,68.7,5,,,,,,,,,,,,,,,,,69.3,105,69.5,100,,,,,,,,,,,,,,,,
2026-07-15T00:00:29.259186+00:00,2026-07-15T00:00:29.257459,2,2,69.05,0.5,68.8,153,68.7,5,,,,,,,,,,,,,,,,,69.3,105,69.5,100,,,,,,,,,,,,,,,,
2026-07-15T00:00:29.270298+00:00,2026-07-15T00:00:29.260526,2,3,69.0,0.4,68.8,153,68.7,5,,,,,,,,,,,,,,,,,69.2,5,69.3,105,69.5,100,,,,,,,,,,,,,,
2026-07-15T00:00:29.307865+00:00,2026-07-15T00:00:29.306366,2,3,69.0,0.4,68.8,153,68.7,5,,,,,,,,,,,,,,,,,69.2,2,69.3,105,69.5,100,,,,,,,,,,,,,,
2026-07-15T00:00:29.319087+00:00,2026-07-15T00:00:29.308949,2,2,69.0,0.4,68.8,153,68.7,5,,,,,,,,,,,,,,,,,69.2,2,69.3,105,,,,,,,,,,,,,,,,
2026-07-15T00:00:29.362004+00:00,2026-07-15T00:00:29.357151,2,1,69.05,0.5,68.8,153,68.7,5,,,,,,,,,,,,,,,,,69.3,105,,,,,,,,,,,,,,,,,,
2026-07-15T00:00:29.372930+00:00,2026-07-15T00:00:29.362446,3,1,69.1,0.4,68.9,100,68.8,153,68.7,5,,,,,,,,,,,,,,,69.3,105,,,,,,,,,,,,,,,,,,
2026-07-15T00:00:29.415685+00:00,2026-07-15T00:00:29.414921,3,2,69.1,0.4,68.9,100,68.8,153,68.7,5,,,,,,,,,,,,,,,69.3,105,69.4,100,,,,,,,,,,,,,,,,
2026-07-15T00:00:29.441738+00:00,2026-07-15T00:00:29.433579,3,2,69.1,0.4,68.9,103,68.8,150,68.7,5,,,,,,,,,,,,,,,69.3,105,69.4,100,,,,,,,,,,,,,,,,
2026-07-15T00:00:30.304067+00:00,2026-07-15T00:00:30.297382,2,2,69.1,0.4,68.9,103,68.8,150,,,,,,,,,,,,,,,,,69.3,105,69.4,100,,,,,,,,,,,,,,,,
2026-07-15T00:00:30.315137+00:00,2026-07-15T00:00:30.311510,2,2,69.1,0.4,68.9,108,68.8,150,,,,,,,,,,,,,,,,,69.3,105,69.4,105,,,,,,,,,,,,,,,,
2026-07-15T00:00:30.450609+00:00,2026-07-15T00:00:30.448336,2,2,69.1,0.4,68.9,108,68.8,150,,,,,,,,,,,,,,,,,69.3,105,69.4,105,,,,,,,,,,,,,,,,
2026-07-15T00:00:30.832348+00:00,2026-07-15T00:00:30.827425,2,2,69.1,0.4,68.9,108,68.8,150,,,,,,,,,,,,,,,,,69.3,55,69.4,105,,,,,,,,,,,,,,,,
2026-07-15T00:00:30.853828+00:00,2026-07-15T00:00:30.848868,2,2,69.1,0.4,68.9,63,68.8,150,,,,,,,,,,,,,,,,,69.3,55,69.4,105,,,,,,,,,,,,,,,,
2026-07-15T00:00:31.326799+00:00,2026-07-15T00:00:31.325547,2,2,69.1,0.4,68.9,58,68.8,150,,,,,,,,,,,,,,,,,69.3,55,69.4,105,,,,,,,,,,,,,,,,
2026-07-15T00:00:31.337813+00:00,2026-07-15T00:00:31.329559,2,2,69.1,0.4,68.9,58,68.8,150,,,,,,,,,,,,,,,,,69.3,55,69.4,100,,,,,,,,,,,,,,,,
2026-07-15T00:00:31.348850+00:00,2026-07-15T00:00:31.345872,2,2,69.1,0.4,68.9,63,68.8,150,,,,,,,,,,,,,,,,,69.3,55,69.4,105,,,,,,,,,,,,,,,,
2026-07-15T00:00:31.466915+00:00,2026-07-15T00:00:31.464387,2,2,69.1,0.4,68.9,63,68.8,150,,,,,,,,,,,,,,,,,69.3,55,69.4,105,,,,,,,,,,,,,,,,
2026-07-15T00:00:31.521234+00:00,2026-07-15T00:00:31.516850,1,1,69.15,0.5,68.9,63,,,,,,,,,,,,,,,,,,,69.4,105,,,,,,,,,,,,,,,,,,
2026-07-15T00:00:31.581074+00:00,2026-07-15T00:00:31.578937,2,1,69.35,0.1,69.3,136,68.9,63,,,,,,,,,,,,,,,,,69.4,105,,,,,,,,,,,,,,,,,,
2026-07-15T00:00:31.624575+00:00,2026-07-15T00:00:31.622513,2,2,69.35,0.1,69.3,136,68.9,63,,,,,,,,,,,,,,,,,69.4,105,69.8,150,,,,,,,,,,,,,,,,
2026-07-15T00:00:31.667862+00:00,2026-07-15T00:00:31.663986,2,2,69.35,0.1,69.3,112,68.9,63,,,,,,,,,,,,,,,,,69.4,105,69.8,150,,,,,,,,,,,,,,,,
2026-07-15T00:00:32.367679+00:00,2026-07-15T00:00:32.364473,2,2,69.35,0.1,69.3,112,68.9,58,,,,,,,,,,,,,,,,,69.4,100,69.8,150,,,,,,,,,,,,,,,,
2026-07-15T00:00:32.378935+00:00,2026-07-15T00:00:32.376986,3,2,69.35,0.1,69.3,112,69.0,5,68.9,58,,,,,,,,,,,,,,,69.4,100,69.8,150,,,,,,,,,,,,,,,,
2026-07-15T00:00:32.390034+00:00,2026-07-15T00:00:32.380542,3,3,69.35,0.1,69.3,112,69.0,5,68.9,58,,,,,,,,,,,,,,,69.4,100,69.5,5,69.8,150,,,,,,,,,,,,,,
2026-07-15T00:00:32.477815+00:00,2026-07-15T00:00:32.476306,3,2,69.4,0.2,69.3,112,69.0,5,68.9,3,,,,,,,,,,,,,,,69.5,5,69.8,150,,,,,,,,,,,,,,,,
2026-07-15T00:00:32.488899+00:00,2026-07-15T00:00:32.482522,2,2,69.4,0.2,69.3,112,69.0,5,,,,,,,,,,,,,,,,,69.5,5,69.8,150,,,,,,,,,,,,,,,,
2026-07-15T00:00:32.499991+00:00,2026-07-15T00:00:32.489409,2,2,69.4,0.2,69.3,107,69.0,5,,,,,,,,,,,,,,,,,69.5,5,69.8,150,,,,,,,,,,,,,,,,
2026-07-15T00:00:32.511209+00:00,2026-07-15T00:00:32.507012,2,2,69.4,0.2,69.3,110,69.0,5,,,,,,,,,,,,,,,,,69.5,5,69.8,150,,,,,,,,,,,,,,,,
2026-07-15T00:00:32.533006+00:00,2026-07-15T00:00:32.530618,3,2,69.4,0.2,69.3,110,69.0,5,68.6,100,,,,,,,,,,,,,,,69.5,5,69.8,150,,,,,,,,,,,,,,,,
2026-07-15T00:00:32.597143+00:00,2026-07-15T00:00:32.587696,3,2,69.4,0.2,69.3,10,69.0,5,68.6,100,,,,,,,,,,,,,,,69.5,5,69.8,150,,,,,,,,,,,,,,,,
2026-07-15T00:00:32.963650+00:00,2026-07-15T00:00:32.962014,3,1,69.55,0.5,69.3,10,69.0,5,68.6,100,,,,,,,,,,,,,,,69.8,105,,,,,,,,,,,,,,,,,,
2026-07-15T00:00:33.251750+00:00,2026-07-15T00:00:33.250074,2,1,69.4,0.8,69.0,5,68.6,100,,,,,,,,,,,,,,,,,69.8,105,,,,,,,,,,,,,,,,,,
2026-07-15T00:00:33.392655+00:00,2026-07-15T00:00:33.389067,1,1,69.2,1.2,68.6,100,,,,,,,,,,,,,,,,,,,69.8,105,,,,,,,,,,,,,,,,,,
2026-07-15T00:00:33.403450+00:00,2026-07-15T00:00:33.399692,2,1,69.35,0.9,68.9,5,68.6,100,,,,,,,,,,,,,,,,,69.8,105,,,,,,,,,,,,,,,,,,
2026-07-15T00:00:33.414243+00:00,2026-07-15T00:00:33.403714,2,2,69.15,0.5,68.9,5,68.6,100,,,,,,,,,,,,,,,,,69.4,5,69.8,105,,,,,,,,,,,,,,,,
2026-07-15T00:00:33.522020+00:00,2026-07-15T00:00:33.520929,2,2,69.15,0.5,68.9,8,68.6,100,,,,,,,,,,,,,,,,,69.4,5,69.8,105,,,,,,,,,,,,,,,,
2026-07-15T00:00:34.419676+00:00,2026-07-15T00:00:34.418325,2,2,69.15,0.5,68.9,3,68.6,100,,,,,,,,,,,,,,,,,69.4,5,69.8,105,,,,,,,,,,,,,,,,
2026-07-15T00:00:34.430729+00:00,2026-07-15T00:00:34.422451,2,1,69.35,0.9,68.9,3,68.6,100,,,,,,,,,,,,,,,,,69.8,105,,,,,,,,,,,,,,,,,,
2026-07-15T00:00:34.447628+00:00,2026-07-15T00:00:34.435735,3,2,69.25,0.5,69.0,5,68.9,3,68.6,100,,,,,,,,,,,,,,,69.5,5,69.8,105,,,,,,,,,,,,,,,,
2026-07-15T00:00:34.458762+00:00,2026-07-15T00:00:34.453323,3,1,69.4,0.8,69.0,5,68.9,3,68.6,100,,,,,,,,,,,,,,,69.8,105,,,,,,,,,,,,,,,,,,
2026-07-15T00:00:34.513539+00:00,2026-07-15T00:00:34.507033,2,1,69.35,0.9,68.9,3,68.6,100,,,,,,,,,,,,,,,,,69.8,105,,,,,,,,,,,,,,,,,,
2026-07-15T00:00:34.558144+00:00,2026-07-15T00:00:34.553848,1,1,69.2,1.2,68.6,100,,,,,,,,,,,,,,,,,,,69.8,105,,,,,,,,,,,,,,,,,,
2026-07-15T00:00:34.601358+00:00,2026-07-15T00:00:34.590846,1,1,69.2,1.2,68.6,103,,,,,,,,,,,,,,,,,,,69.8,105,,,,,,,,,,,,,,,,,,
2026-07-15T00:00:34.688067+00:00,2026-07-15T00:00:34.679099,1,0,,,68.6,103,,,,,,,,,,,,,,,,,,,,,,,,,,,,,,,,,,,,,,
2026-07-15T00:00:34.742257+00:00,2026-07-15T00:00:34.732098,2,0,,,68.7,150,68.6,103,,,,,,,,,,,,,,,,,,,,,,,,,,,,,,,,,,,,
2026-07-15T00:00:34.796631+00:00,2026-07-15T00:00:34.785946,2,1,68.95,0.5,68.7,150,68.6,103,,,,,,,,,,,,,,,,,69.2,150,,,,,,,,,,,,,,,,,,
2026-07-15T00:00:35.457554+00:00,2026-07-15T00:00:35.456635,3,2,69.0,0.4,68.8,5,68.7,150,68.6,103,,,,,,,,,,,,,,,69.2,150,69.3,5,,,,,,,,,,,,,,,,
2026-07-15T00:00:35.608312+00:00,2026-07-15T00:00:35.603609,3,2,69.0,0.4,68.8,8,68.7,150,68.6,100,,,,,,,,,,,,,,,69.2,150,69.3,5,,,,,,,,,,,,,,,,
2026-07-15T00:00:35.651519+00:00,2026-07-15T00:00:35.642350,2,2,69.0,0.4,68.8,8,68.7,150,,,,,,,,,,,,,,,,,69.2,150,69.3,5,,,,,,,,,,,,,,,,
2026-07-15T00:00:35.706083+00:00,2026-07-15T00:00:35.696815,2,2,69.0,0.4,68.8,8,68.7,250,,,,,,,,,,,,,,,,,69.2,150,69.3,5,,,,,,,,,,,,,,,,
2026-07-15T00:00:35.750474+00:00,2026-07-15T00:00:35.749327,2,2,69.0,0.4,68.8,8,68.7,250,,,,,,,,,,,,,,,,,69.2,250,69.3,5,,,,,,,,,,,,,,,,
2026-07-15T00:00:36.475240+00:00,2026-07-15T00:00:36.473905,2,1,69.0,0.4,68.8,3,68.7,250,,,,,,,,,,,,,,,,,69.2,250,,,,,,,,,,,,,,,,,,
2026-07-15T00:00:36.486302+00:00,2026-07-15T00:00:36.484749,3,1,69.05,0.3,68.9,5,68.8,3,68.7,250,,,,,,,,,,,,,,,69.2,250,,,,,,,,,,,,,,,,,,
2026-07-15T00:00:36.497407+00:00,2026-07-15T00:00:36.487794,3,2,69.05,0.3,68.9,5,68.8,3,68.7,250,,,,,,,,,,,,,,,69.2,250,69.4,5,,,,,,,,,,,,,,,,
2026-07-15T00:00:36.615436+00:00,2026-07-15T00:00:36.609972,2,2,69.05,0.3,68.9,5,68.7,250,,,,,,,,,,,,,,,,,69.2,250,69.4,5,,,,,,,,,,,,,,,,
2026-07-15T00:00:36.626229+00:00,2026-07-15T00:00:36.619350,2,2,69.05,0.3,68.9,8,68.7,250,,,,,,,,,,,,,,,,,69.2,250,69.4,5,,,,,,,,,,,,,,,,
2026-07-15T00:00:37.254810+00:00,2026-07-15T00:00:37.247310,1,2,68.95,0.5,68.7,208,,,,,,,,,,,,,,,,,,,69.2,250,69.4,5,,,,,,,,,,,,,,,,
2026-07-15T00:00:37.276724+00:00,2026-07-15T00:00:37.271790,1,2,68.95,0.5,68.7,208,,,,,,,,,,,,,,,,,,,69.2,204,69.4,5,,,,,,,,,,,,,,,,
2026-07-15T00:00:37.507328+00:00,2026-07-15T00:00:37.501245,1,1,68.95,0.5,68.7,208,,,,,,,,,,,,,,,,,,,69.2,204,,,,,,,,,,,,,,,,,,
2026-07-15T00:00:37.518447+00:00,2026-07-15T00:00:37.516183,1,1,68.95,0.5,68.7,213,,,,,,,,,,,,,,,,,,,69.2,209,,,,,,,,,,,,,,,,,,
2026-07-15T00:00:37.638326+00:00,2026-07-15T00:00:37.631845,1,1,68.95,0.5,68.7,216,,,,,,,,,,,,,,,,,,,69.2,209,,,,,,,,,,,,,,,,,,
2026-07-15T00:00:37.849467+00:00,2026-07-15T00:00:37.841888,1,1,68.95,0.5,68.7,108,,,,,,,,,,,,,,,,,,,69.2,105,,,,,,,,,,,,,,,,,,
2026-07-15T00:00:37.904092+00:00,2026-07-15T00:00:37.894780,2,1,69.05,0.3,68.9,150,68.7,108,,,,,,,,,,,,,,,,,69.2,105,,,,,,,,,,,,,,,,,,
2026-07-15T00:00:37.958586+00:00,2026-07-15T00:00:37.948019,2,2,69.05,0.3,68.9,150,68.7,108,,,,,,,,,,,,,,,,,69.2,105,69.4,150,,,,,,,,,,,,,,,,
2026-07-15T00:00:38.535393+00:00,2026-07-15T00:00:38.529994,2,2,69.05,0.3,68.9,150,68.7,103,,,,,,,,,,,,,,,,,69.2,105,69.4,150,,,,,,,,,,,,,,,,
2026-07-15T00:00:38.546490+00:00,2026-07-15T00:00:38.535903,2,2,69.05,0.3,68.9,150,68.7,103,,,,,,,,,,,,,,,,,69.2,100,69.4,150,,,,,,,,,,,,,,,,
2026-07-15T00:00:38.557571+00:00,2026-07-15T00:00:38.551353,2,2,69.05,0.3,68.9,155,68.7,103,,,,,,,,,,,,,,,,,69.2,100,69.4,155,,,,,,,,,,,,,,,,
2026-07-15T00:00:38.644159+00:00,2026-07-15T00:00:38.639851,2,2,69.05,0.3,68.9,155,68.7,100,,,,,,,,,,,,,,,,,69.2,100,69.4,155,,,,,,,,,,,,,,,,
2026-07-15T00:00:38.655085+00:00,2026-07-15T00:00:38.647193,2,2,69.05,0.3,68.9,158,68.7,100,,,,,,,,,,,,,,,,,69.2,100,69.4,155,,,,,,,,,,,,,,,,
2026-07-15T00:00:38.766452+00:00,2026-07-15T00:00:38.765865,2,2,69.05,0.3,68.9,158,68.7,100,,,,,,,,,,,,,,,,,69.2,90,69.4,155,,,,,,,,,,,,,,,,
2026-07-15T00:00:38.810122+00:00,2026-07-15T00:00:38.804585,1,1,69.15,0.5,68.9,158,,,,,,,,,,,,,,,,,,,69.4,155,,,,,,,,,,,,,,,,,,
2026-07-15T00:00:38.864247+00:00,2026-07-15T00:00:38.858308,1,1,69.15,0.5,68.9,258,,,,,,,,,,,,,,,,,,,69.4,155,,,,,,,,,,,,,,,,,,
2026-07-15T00:00:38.918135+00:00,2026-07-15T00:00:38.910784,1,1,69.15,0.5,68.9,258,,,,,,,,,,,,,,,,,,,69.4,255,,,,,,,,,,,,,,,,,,
2026-07-15T00:00:39.358820+00:00,2026-07-15T00:00:39.356103,1,1,69.15,0.5,68.9,208,,,,,,,,,,,,,,,,,,,69.4,255,,,,,,,,,,,,,,,,,,
2026-07-15T00:00:39.572065+00:00,2026-07-15T00:00:39.567593,1,1,69.15,0.5,68.9,203,,,,,,,,,,,,,,,,,,,69.4,255,,,,,,,,,,,,,,,,,,
2026-07-15T00:00:39.582937+00:00,2026-07-15T00:00:39.572725,1,1,69.15,0.5,68.9,203,,,,,,,,,,,,,,,,,,,69.4,250,,,,,,,,,,,,,,,,,,
2026-07-15T00:00:39.593919+00:00,2026-07-15T00:00:39.587493,1,1,69.15,0.5,68.9,208,,,,,,,,,,,,,,,,,,,69.4,255,,,,,,,,,,,,,,,,,,
2026-07-15T00:00:39.669492+00:00,2026-07-15T00:00:39.666889,1,1,69.15,0.5,68.9,208,,,,,,,,,,,,,,,,,,,69.4,255,,,,,,,,,,,,,,,,,,
2026-07-15T00:00:40.371387+00:00,2026-07-15T00:00:40.366456,1,1,69.15,0.5,68.9,162,,,,,,,,,,,,,,,,,,,69.4,255,,,,,,,,,,,,,,,,,,
2026-07-15T00:00:40.612988+00:00,2026-07-15T00:00:40.607578,1,1,69.15,0.5,68.9,157,,,,,,,,,,,,,,,,,,,69.4,250,,,,,,,,,,,,,,,,,,
2026-07-15T00:00:40.634902+00:00,2026-07-15T00:00:40.631210,1,1,69.15,0.5,68.9,162,,,,,,,,,,,,,,,,,,,69.4,250,,,,,,,,,,,,,,,,,,
2026-07-15T00:00:40.645788+00:00,2026-07-15T00:00:40.635273,1,1,69.15,0.5,68.9,162,,,,,,,,,,,,,,,,,,,69.4,255,,,,,,,,,,,,,,,,,,
2026-07-15T00:00:40.678375+00:00,2026-07-15T00:00:40.675595,1,1,69.15,0.5,68.9,159,,,,,,,,,,,,,,,,,,,69.4,255,,,,,,,,,,,,,,,,,,
2026-07-15T00:00:40.689222+00:00,2026-07-15T00:00:40.682716,1,1,69.15,0.5,68.9,162,,,,,,,,,,,,,,,,,,,69.4,255,,,,,,,,,,,,,,,,,,
2026-07-15T00:00:41.003715+00:00,2026-07-15T00:00:41.002903,1,1,69.15,0.5,68.9,108,,,,,,,,,,,,,,,,,,,69.4,105,,,,,,,,,,,,,,,,,,
2026-07-15T00:00:41.057694+00:00,2026-07-15T00:00:41.055548,2,1,69.15,0.5,68.9,108,68.6,150,,,,,,,,,,,,,,,,,69.4,105,,,,,,,,,,,,,,,,,,
2026-07-15T00:00:41.118495+00:00,2026-07-15T00:00:41.116468,2,2,69.0,0.2,68.9,108,68.6,150,,,,,,,,,,,,,,,,,69.1,139,69.4,105,,,,,,,,,,,,,,,,
2026-07-15T00:00:41.135792+00:00,2026-07-15T00:00:41.133476,2,2,69.0,0.2,68.9,108,68.6,150,,,,,,,,,,,,,,,,,69.1,136,69.4,105,,,,,,,,,,,,,,,,
2026-07-15T00:00:41.233897+00:00,2026-07-15T00:00:41.231005,2,2,69.0,0.2,68.9,108,68.6,150,,,,,,,,,,,,,,,,,69.1,75,69.4,105,,,,,,,,,,,,,,,,
2026-07-15T00:00:41.472638+00:00,2026-07-15T00:00:41.464183,2,2,69.0,0.2,68.9,58,68.6,150,,,,,,,,,,,,,,,,,69.1,75,69.4,105,,,,,,,,,,,,,,,,
2026-07-15T00:00:41.655445+00:00,2026-07-15T00:00:41.652131,2,2,69.0,0.2,68.9,53,68.6,150,,,,,,,,,,,,,,,,,69.1,75,69.4,100,,,,,,,,,,,,,,,,
2026-07-15T00:00:41.666468+00:00,2026-07-15T00:00:41.665223,2,2,69.0,0.2,68.9,58,68.6,150,,,,,,,,,,,,,,,,,69.1,75,69.4,105,,,,,,,,,,,,,,,,
2026-07-15T00:00:41.699592+00:00,2026-07-15T00:00:41.696152,2,2,69.0,0.2,68.9,58,68.6,150,,,,,,,,,,,,,,,,,69.1,75,69.4,105,,,,,,,,,,,,,,,,
2026-07-15T00:00:41.970119+00:00,2026-07-15T00:00:41.968931,2,2,69.0,0.2,68.9,8,68.6,150,,,,,,,,,,,,,,,,,69.1,75,69.4,5,,,,,,,,,,,,,,,,
2026-07-15T00:00:42.024479+00:00,2026-07-15T00:00:42.022706,2,2,69.0,0.2,68.9,108,68.6,150,,,,,,,,,,,,,,,,,69.1,75,69.4,5,,,,,,,,,,,,,,,,
2026-07-15T00:00:42.078368+00:00,2026-07-15T00:00:42.074968,2,2,69.0,0.2,68.9,108,68.6,150,,,,,,,,,,,,,,,,,69.1,75,69.4,105,,,,,,,,,,,,,,,,
2026-07-15T00:00:42.683407+00:00,2026-07-15T00:00:42.681262,2,2,69.0,0.2,68.9,103,68.6,150,,,,,,,,,,,,,,,,,69.1,75,69.4,105,,,,,,,,,,,,,,,,
2026-07-15T00:00:42.694494+00:00,2026-07-15T00:00:42.685284,2,2,69.0,0.2,68.9,103,68.6,150,,,,,,,,,,,,,,,,,69.1,75,69.4,100,,,,,,,,,,,,,,,,
2026-07-15T00:00:42.705589+00:00,2026-07-15T00:00:42.704444,2,2,69.0,0.2,68.9,105,68.6,150,,,,,,,,,,,,,,,,,69.1,75,69.4,105,,,,,,,,,,,,,,,,
2026-07-15T00:00:42.716674+00:00,2026-07-15T00:00:42.711027,2,2,69.0,0.2,68.9,108,68.6,150,,,,,,,,,,,,,,,,,69.1,75,69.4,105,,,,,,,,,,,,,,,,
2026-07-15T00:00:43.578431+00:00,2026-07-15T00:00:43.575693,2,2,69.0,0.2,68.9,58,68.6,150,,,,,,,,,,,,,,,,,69.1,75,69.4,105,,,,,,,,,,,,,,,,
2026-07-15T00:00:43.721633+00:00,2026-07-15T00:00:43.719633,2,2,69.0,0.2,68.9,50,68.6,150,,,,,,,,,,,,,,,,,69.1,75,69.4,100,,,,,,,,,,,,,,,,
2026-07-15T00:00:43.732785+00:00,2026-07-15T00:00:43.729518,2,2,69.0,0.2,68.9,53,68.6,150,,,,,,,,,,,,,,,,,69.1,75,69.4,100,,,,,,,,,,,,,,,,
2026-07-15T00:00:43.743987+00:00,2026-07-15T00:00:43.741913,2,2,69.0,0.2,68.9,58,68.6,150,,,,,,,,,,,,,,,,,69.1,75,69.4,105,,,,,,,,,,,,,,,,
2026-07-15T00:00:44.168898+00:00,2026-07-15T00:00:44.165319,1,1,69.15,0.5,68.9,58,,,,,,,,,,,,,,,,,,,69.4,105,,,,,,,,,,,,,,,,,,
2026-07-15T00:00:44.224610+00:00,2026-07-15T00:00:44.222978,2,1,69.2,0.4,69.0,150,68.9,58,,,,,,,,,,,,,,,,,69.4,105,,,,,,,,,,,,,,,,,,
2026-07-15T00:00:44.291593+00:00,2026-07-15T00:00:44.289045,2,2,69.2,0.4,69.0,150,68.9,58,,,,,,,,,,,,,,,,,69.4,105,69.5,150,,,,,,,,,,,,,,,,
2026-07-15T00:00:44.739243+00:00,2026-07-15T00:00:44.735479,2,2,69.2,0.4,69.0,150,68.9,55,,,,,,,,,,,,,,,,,69.4,105,69.5,150,,,,,,,,,,,,,,,,
2026-07-15T00:00:44.750335+00:00,2026-07-15T00:00:44.742206,2,2,69.2,0.4,69.0,153,68.9,55,,,,,,,,,,,,,,,,,69.4,105,69.5,150,,,,,,,,,,,,,,,,
2026-07-15T00:00:44.761509+00:00,2026-07-15T00:00:44.758593,2,2,69.2,0.4,69.0,153,68.9,50,,,,,,,,,,,,,,,,,69.4,100,69.5,150,,,,,,,,,,,,,,,,
2026-07-15T00:00:44.783956+00:00,2026-07-15T00:00:44.776334,2,2,69.2,0.4,69.0,158,68.9,50,,,,,,,,,,,,,,,,,69.4,100,69.5,155,,,,,,,,,,,,,,,,
2026-07-15T00:00:45.131589+00:00,2026-07-15T00:00:45.128883,2,1,69.25,0.5,69.0,158,68.9,50,,,,,,,,,,,,,,,,,69.5,155,,,,,,,,,,,,,,,,,,
2026-07-15T00:00:45.142587+00:00,2026-07-15T00:00:45.131889,1,1,69.25,0.5,69.0,158,,,,,,,,,,,,,,,,,,,69.5,155,,,,,,,,,,,,,,,,,,
2026-07-15T00:00:45.185459+00:00,2026-07-15T00:00:45.184461,2,1,69.25,0.5,69.0,158,68.7,100,,,,,,,,,,,,,,,,,69.5,155,,,,,,,,,,,,,,,,,,
2026-07-15T00:00:45.239482+00:00,2026-07-15T00:00:45.238182,2,2,69.1,0.2,69.0,158,68.7,100,,,,,,,,,,,,,,,,,69.2,100,69.5,155,,,,,,,,,,,,,,,,
2026-07-15T00:00:45.685147+00:00,2026-07-15T00:00:45.682783,2,2,69.1,0.2,69.0,108,68.7,100,,,,,,,,,,,,,,,,,69.2,100,69.5,155,,,,,,,,,,,,,,,,
2026-07-15T00:00:45.761538+00:00,2026-07-15T00:00:45.756992,2,2,69.1,0.2,69.0,108,68.7,100,,,,,,,,,,,,,,,,,69.2,100,69.5,155,,,,,,,,,,,,,,,,
2026-07-15T00:00:45.794880+00:00,2026-07-15T00:00:45.790127,2,2,69.1,0.2,69.0,103,68.7,100,,,,,,,,,,,,,,,,,69.2,100,69.5,155,,,,,,,,,,,,,,,,
2026-07-15T00:00:45.806204+00:00,2026-07-15T00:00:45.795285,2,2,69.1,0.2,69.0,103,68.7,100,,,,,,,,,,,,,,,,,69.2,100,69.5,150,,,,,,,,,,,,,,,,
2026-07-15T00:00:45.817486+00:00,2026-07-15T00:00:45.808455,2,2,69.1,0.2,69.0,108,68.7,100,,,,,,,,,,,,,,,,,69.2,100,69.5,155,,,,,,,,,,,,,,,,
2026-07-15T00:00:45.872142+00:00,2026-07-15T00:00:45.863541,2,2,69.1,0.2,69.0,108,68.7,100,,,,,,,,,,,,,,,,,69.2,58,69.5,155,,,,,,,,,,,,,,,,
2026-07-15T00:00:46.769646+00:00,2026-07-15T00:00:46.766103,2,2,69.1,0.2,69.0,105,68.7,100,,,,,,,,,,,,,,,,,69.2,58,69.5,155,,,,,,,,,,,,,,,,
2026-07-15T00:00:46.780781+00:00,2026-07-15T00:00:46.776963,2,2,69.1,0.2,69.0,108,68.7,100,,,,,,,,,,,,,,,,,69.2,58,69.5,155,,,,,,,,,,,,,,,,
2026-07-15T00:00:46.836422+00:00,2026-07-15T00:00:46.833760,2,2,69.1,0.2,69.0,103,68.7,100,,,,,,,,,,,,,,,,,69.2,58,69.5,150,,,,,,,,,,,,,,,,
2026-07-15T00:00:46.847777+00:00,2026-07-15T00:00:46.844263,2,2,69.1,0.2,69.0,108,68.7,100,,,,,,,,,,,,,,,,,69.2,58,69.5,150,,,,,,,,,,,,,,,,
2026-07-15T00:00:46.858953+00:00,2026-07-15T00:00:46.848202,2,2,69.1,0.2,69.0,108,68.7,100,,,,,,,,,,,,,,,,,69.2,58,69.5,155,,,,,,,,,,,,,,,,
2026-07-15T00:00:47.337136+00:00,2026-07-15T00:00:47.336336,2,2,69.1,0.2,69.0,108,68.7,100,,,,,,,,,,,,,,,,,69.2,58,69.5,5,,,,,,,,,,,,,,,,
2026-07-15T00:00:47.348194+00:00,2026-07-15T00:00:47.338253,2,2,69.1,0.2,69.0,8,68.7,100,,,,,,,,,,,,,,,,,69.2,58,69.5,5,,,,,,,,,,,,,,,,
2026-07-15T00:00:47.392324+00:00,2026-07-15T00:00:47.391496,3,2,69.1,0.2,69.0,8,68.8,150,68.7,100,,,,,,,,,,,,,,,69.2,58,69.5,5,,,,,,,,,,,,,,,,
2026-07-15T00:00:47.403542+00:00,2026-07-15T00:00:47.401207,2,2,69.0,0.4,68.8,115,68.7,100,,,,,,,,,,,,,,,,,69.2,58,69.5,5,,,,,,,,,,,,,,,,
2026-07-15T00:00:47.447326+00:00,2026-07-15T00:00:47.445381,2,3,69.0,0.4,68.8,115,68.7,100,,,,,,,,,,,,,,,,,69.2,58,69.3,150,69.5,5,,,,,,,,,,,,,,
2026-07-15T00:00:47.743456+00:00,2026-07-15T00:00:47.739326,2,3,69.0,0.4,68.8,115,68.7,100,,,,,,,,,,,,,,,,,69.2,8,69.3,150,69.5,5,,,,,,,,,,,,,,
2026-07-15T00:00:47.798733+00:00,2026-07-15T00:00:47.789847,2,3,69.0,0.4,68.8,118,68.7,100,,,,,,,,,,,,,,,,,69.2,8,69.3,150,69.5,5,,,,,,,,,,,,,,
2026-07-15T00:00:47.876584+00:00,2026-07-15T00:00:47.869954,2,2,69.0,0.4,68.8,118,68.7,100,,,,,,,,,,,,,,,,,69.2,8,69.3,150,,,,,,,,,,,,,,,,
2026-07-15T00:00:47.887713+00:00,2026-07-15T00:00:47.885366,2,2,69.0,0.4,68.8,123,68.7,100,,,,,,,,,,,,,,,,,69.2,8,69.3,150,,,,,,,,,,,,,,,,
2026-07-15T00:00:47.898966+00:00,2026-07-15T00:00:47.889878,2,2,69.0,0.4,68.8,123,68.7,100,,,,,,,,,,,,,,,,,69.2,8,69.3,155,,,,,,,,,,,,,,,,
2026-07-15T00:00:48.292044+00:00,2026-07-15T00:00:48.291358,2,1,69.05,0.5,68.8,123,68.7,100,,,,,,,,,,,,,,,,,69.3,155,,,,,,,,,,,,,,,,,,
2026-07-15T00:00:48.303068+00:00,2026-07-15T00:00:48.293783,1,1,69.05,0.5,68.8,123,,,,,,,,,,,,,,,,,,,69.3,155,,,,,,,,,,,,,,,,,,
2026-07-15T00:00:48.356944+00:00,2026-07-15T00:00:48.347324,2,1,69.1,0.4,68.9,100,68.8,123,,,,,,,,,,,,,,,,,69.3,155,,,,,,,,,,,,,,,,,,
2026-07-15T00:00:48.411709+00:00,2026-07-15T00:00:48.400775,2,2,69.1,0.4,68.9,100,68.8,123,,,,,,,,,,,,,,,,,69.3,155,69.4,100,,,,,,,,,,,,,,,,
2026-07-15T00:00:48.802638+00:00,2026-07-15T00:00:48.797851,2,2,69.1,0.4,68.9,100,68.8,120,,,,,,,,,,,,,,,,,69.3,155,69.4,100,,,,,,,,,,,,,,,,
2026-07-15T00:00:48.813731+00:00,2026-07-15T00:00:48.804699,2,2,69.1,0.4,68.9,103,68.8,120,,,,,,,,,,,,,,,,,69.3,155,69.4,100,,,,,,,,,,,,,,,,
2026-07-15T00:00:48.911850+00:00,2026-07-15T00:00:48.907960,2,2,69.1,0.4,68.9,103,68.8,115,,,,,,,,,,,,,,,,,69.3,150,69.4,100,,,,,,,,,,,,,,,,
2026-07-15T00:00:48.923079+00:00,2026-07-15T00:00:48.921509,2,2,69.1,0.4,68.9,108,68.8,115,,,,,,,,,,,,,,,,,69.3,150,69.4,105,,,,,,,,,,,,,,,,
2026-07-15T00:00:49.820509+00:00,2026-07-15T00:00:49.812938,2,2,69.1,0.4,68.9,105,68.8,115,,,,,,,,,,,,,,,,,69.3,150,69.4,105,,,,,,,,,,,,,,,,
2026-07-15T00:00:49.831606+00:00,2026-07-15T00:00:49.820862,2,2,69.1,0.4,68.9,108,68.8,115,,,,,,,,,,,,,,,,,69.3,150,69.4,105,,,,,,,,,,,,,,,,
2026-07-15T00:00:49.853516+00:00,2026-07-15T00:00:49.846412,2,2,69.1,0.4,68.9,108,68.8,115,,,,,,,,,,,,,,,,,69.3,100,69.4,105,,,,,,,,,,,,,,,,
2026-07-15T00:00:49.941300+00:00,2026-07-15T00:00:49.940108,2,2,69.1,0.4,68.9,103,68.8,115,,,,,,,,,,,,,,,,,69.3,100,69.4,105,,,,,,,,,,,,,,,,
2026-07-15T00:00:49.952736+00:00,2026-07-15T00:00:49.944179,2,2,69.1,0.4,68.9,103,68.8,115,,,,,,,,,,,,,,,,,69.3,100,69.4,100,,,,,,,,,,,,,,,,
2026-07-15T00:00:49.963881+00:00,2026-07-15T00:00:49.957261,2,2,69.1,0.4,68.9,108,68.8,115,,,,,,,,,,,,,,,,,69.3,100,69.4,105,,,,,,,,,,,,,,,,
2026-07-15T00:00:50.510765+00:00,2026-07-15T00:00:50.504648,1,1,69.15,0.5,68.9,108,,,,,,,,,,,,,,,,,,,69.4,105,,,,,,,,,,,,,,,,,,
2026-07-15T00:00:50.566044+00:00,2026-07-15T00:00:50.558569,2,1,69.15,0.5,68.9,108,68.8,150,,,,,,,,,,,,,,,,,69.4,105,,,,,,,,,,,,,,,,,,
2026-07-15T00:00:50.620623+00:00,2026-07-15T00:00:50.610823,2,2,69.1,0.4,68.9,108,68.8,150,,,,,,,,,,,,,,,,,69.3,150,69.4,105,,,,,,,,,,,,,,,,
2026-07-15T00:00:50.828540+00:00,2026-07-15T00:00:50.826466,2,2,69.1,0.4,68.9,105,68.8,150,,,,,,,,,,,,,,,,,69.3,150,69.4,105,,,,,,,,,,,,,,,,
2026-07-15T00:00:50.839709+00:00,2026-07-15T00:00:50.833363,2,2,69.1,0.4,68.9,108,68.8,150,,,,,,,,,,,,,,,,,69.3,150,69.4,105,,,,,,,,,,,,,,,,
2026-07-15T00:00:50.970993+00:00,2026-07-15T00:00:50.970116,2,2,69.1,0.4,68.9,103,68.8,150,,,,,,,,,,,,,,,,,69.3,150,69.4,105,,,,,,,,,,,,,,,,
2026-07-15T00:00:50.982052+00:00,2026-07-15T00:00:50.975827,2,2,69.1,0.4,68.9,103,68.8,150,,,,,,,,,,,,,,,,,69.3,150,69.4,100,,,,,,,,,,,,,,,,
2026-07-15T00:00:50.993211+00:00,2026-07-15T00:00:50.989310,2,2,69.1,0.4,68.9,108,68.8,150,,,,,,,,,,,,,,,,,69.3,150,69.4,105,,,,,,,,,,,,,,,,
2026-07-15T00:00:51.458981+00:00,2026-07-15T00:00:51.455396,2,2,69.1,0.4,68.9,8,68.8,150,,,,,,,,,,,,,,,,,69.3,150,69.4,5,,,,,,,,,,,,,,,,
2026-07-15T00:00:51.513566+00:00,2026-07-15T00:00:51.507997,3,2,69.15,0.3,69.0,100,68.9,8,68.8,150,,,,,,,,,,,,,,,69.3,150,69.4,5,,,,,,,,,,,,,,,,
2026-07-15T00:00:51.563784+00:00,2026-07-15T00:00:51.560818,3,3,69.15,0.3,69.0,100,68.9,8,68.8,150,,,,,,,,,,,,,,,69.3,150,69.4,5,69.5,100,,,,,,,,,,,,,,
2026-07-15T00:00:51.850227+00:00,2026-07-15T00:00:51.841237,3,3,69.15,0.3,69.0,100,68.9,5,68.8,150,,,,,,,,,,,,,,,69.3,150,69.4,5,69.5,100,,,,,,,,,,,,,,
2026-07-15T00:00:51.861310+00:00,2026-07-15T00:00:51.850614,3,3,69.15,0.3,69.0,103,68.9,5,68.8,150,,,,,,,,,,,,,,,69.3,150,69.4,5,69.5,100,,,,,,,,,,,,,,
2026-07-15T00:00:51.958310+00:00,2026-07-15T00:00:51.953829,3,3,69.15,0.3,69.0,103,68.9,5,68.8,150,,,,,,,,,,,,,,,69.3,100,69.4,5,69.5,100,,,,,,,,,,,,,,
2026-07-15T00:00:52.012365+00:00,2026-07-15T00:00:52.007810,2,2,69.15,0.3,69.0,103,68.8,150,,,,,,,,,,,,,,,,,69.3,100,69.5,100,,,,,,,,,,,,,,,,
2026-07-15T00:00:52.034301+00:00,2026-07-15T00:00:52.030696,3,2,69.15,0.3,69.0,103,68.9,5,68.8,150,,,,,,,,,,,,,,,69.3,100,69.5,100,,,,,,,,,,,,,,,,
2026-07-15T00:00:52.045251+00:00,2026-07-15T00:00:52.038151,3,3,69.15,0.3,69.0,103,68.9,5,68.8,150,,,,,,,,,,,,,,,69.3,100,69.4,5,69.5,100,,,,,,,,,,,,,,
2026-07-15T00:00:52.864482+00:00,2026-07-15T00:00:52.858746,3,3,69.15,0.3,69.0,100,68.9,5,68.8,150,,,,,,,,,,,,,,,69.3,100,69.4,5,69.5,100,,,,,,,,,,,,,,
2026-07-15T00:00:52.875333+00:00,2026-07-15T00:00:52.866575,3,3,69.15,0.3,69.0,103,68.9,5,68.8,150,,,,,,,,,,,,,,,69.3,100,69.4,5,69.5,100,,,,,,,,,,,,,,
2026-07-15T00:00:53.058245+00:00,2026-07-15T00:00:53.056921,2,3,69.15,0.3,69.0,103,68.8,150,,,,,,,,,,,,,,,,,69.3,100,69.4,5,69.5,100,,,,,,,,,,,,,,
2026-07-15T00:00:53.069255+00:00,2026-07-15T00:00:53.061223,2,2,69.15,0.3,69.0,103,68.8,150,,,,,,,,,,,,,,,,,69.3,100,69.5,100,,,,,,,,,,,,,,,,
2026-07-15T00:00:53.080138+00:00,2026-07-15T00:00:53.075998,3,3,69.15,0.3,69.0,103,68.9,5,68.8,150,,,,,,,,,,,,,,,69.3,100,69.4,5,69.5,100,,,,,,,,,,,,,,
2026-07-15T00:00:53.671653+00:00,2026-07-15T00:00:53.666689,2,2,69.2,0.4,69.0,103,68.9,5,,,,,,,,,,,,,,,,,69.4,5,69.5,100,,,,,,,,,,,,,,,,
2026-07-15T00:00:53.725344+00:00,2026-07-15T00:00:53.720099,2,2,69.2,0.4,69.0,103,68.9,155,,,,,,,,,,,,,,,,,69.4,5,69.5,100,,,,,,,,,,,,,,,,
2026-07-15T00:00:53.779463+00:00,2026-07-15T00:00:53.777235,2,2,69.2,0.4,69.0,103,68.9,155,,,,,,,,,,,,,,,,,69.4,155,69.5,100,,,,,,,,,,,,,,,,
2026-07-15T00:00:53.875951+00:00,2026-07-15T00:00:53.875237,2,2,69.2,0.4,69.0,100,68.9,155,,,,,,,,,,,,,,,,,69.4,155,69.5,100,,,,,,,,,,,,,,,,
2026-07-15T00:00:53.919544+00:00,2026-07-15T00:00:53.913974,2,2,69.2,0.4,69.0,103,68.9,155,,,,,,,,,,,,,,,,,69.4,155,69.5,100,,,,,,,,,,,,,,,,
2026-07-15T00:00:54.070686+00:00,2026-07-15T00:00:54.063040,2,2,69.2,0.4,69.0,103,68.9,155,,,,,,,,,,,,,,,,,69.4,105,69.5,100,,,,,,,,,,,,,,,,
2026-07-15T00:00:54.092296+00:00,2026-07-15T00:00:54.088560,2,2,69.2,0.4,69.0,103,68.9,150,,,,,,,,,,,,,,,,,69.4,105,69.5,100,,,,,,,,,,,,,,,,
2026-07-15T00:00:54.103168+00:00,2026-07-15T00:00:54.101241,2,2,69.2,0.4,69.0,108,68.9,150,,,,,,,,,,,,,,,,,69.4,105,69.5,105,,,,,,,,,,,,,,,,
2026-07-15T00:00:54.625883+00:00,2026-07-15T00:00:54.617766,2,2,69.2,0.4,69.0,8,68.9,150,,,,,,,,,,,,,,,,,69.4,105,69.5,5,,,,,,,,,,,,,,,,
2026-07-15T00:00:54.681114+00:00,2026-07-15T00:00:54.670992,2,2,69.2,0.4,69.0,8,68.9,250,,,,,,,,,,,,,,,,,69.4,105,69.5,5,,,,,,,,,,,,,,,,
2026-07-15T00:00:54.735835+00:00,2026-07-15T00:00:54.725388,2,2,69.2,0.4,69.0,8,68.9,250,,,,,,,,,,,,,,,,,69.4,205,69.5,5,,,,,,,,,,,,,,,,
2026-07-15T00:00:54.928234+00:00,2026-07-15T00:00:54.920395,2,2,69.2,0.4,69.0,5,68.9,250,,,,,,,,,,,,,,,,,69.4,205,69.5,5,,,,,,,,,,,,,,,,
2026-07-15T00:00:54.939122+00:00,2026-07-15T00:00:54.934190,2,2,69.2,0.4,69.0,8,68.9,250,,,,,,,,,,,,,,,,,69.4,205,69.5,5,,,,,,,,,,,,,,,,
2026-07-15T00:00:55.147087+00:00,2026-07-15T00:00:55.138962,2,2,69.2,0.4,69.0,3,68.9,250,,,,,,,,,,,,,,,,,69.4,205,69.5,5,,,,,,,,,,,,,,,,
2026-07-15T00:00:55.158045+00:00,2026-07-15T00:00:55.152682,2,1,69.2,0.4,69.0,3,68.9,250,,,,,,,,,,,,,,,,,69.4,205,,,,,,,,,,,,,,,,,,
2026-07-15T00:00:55.169124+00:00,2026-07-15T00:00:55.166807,2,2,69.2,0.4,69.0,8,68.9,250,,,,,,,,,,,,,,,,,69.4,205,69.5,5,,,,,,,,,,,,,,,,
2026-07-15T00:00:55.947252+00:00,2026-07-15T00:00:55.940045,2,2,69.2,0.4,69.0,5,68.9,250,,,,,,,,,,,,,,,,,69.4,205,69.5,5,,,,,,,,,,,,,,,,
2026-07-15T00:00:55.958399+00:00,2026-07-15T00:00:55.950569,2,2,69.2,0.4,69.0,8,68.9,250,,,,,,,,,,,,,,,,,69.4,205,69.5,5,,,,,,,,,,,,,,,,
2026-07-15T00:00:56.174307+00:00,2026-07-15T00:00:56.171622,2,2,69.2,0.4,69.0,8,68.9,250,,,,,,,,,,,,,,,,,69.4,155,69.5,5,,,,,,,,,,,,,,,,
2026-07-15T00:00:56.185169+00:00,2026-07-15T00:00:56.183371,2,2,69.2,0.4,69.0,3,68.9,250,,,,,,,,,,,,,,,,,69.4,155,69.5,5,,,,,,,,,,,,,,,,
2026-07-15T00:00:56.196075+00:00,2026-07-15T00:00:56.187617,2,1,69.2,0.4,69.0,3,68.9,250,,,,,,,,,,,,,,,,,69.4,155,,,,,,,,,,,,,,,,,,
2026-07-15T00:00:56.206962+00:00,2026-07-15T00:00:56.203064,2,2,69.2,0.4,69.0,8,68.9,250,,,,,,,,,,,,,,,,,69.4,155,69.5,5,,,,,,,,,,,,,,,,
2026-07-15T00:00:56.832631+00:00,2026-07-15T00:00:56.831550,2,2,69.2,0.4,69.0,8,68.9,250,,,,,,,,,,,,,,,,,69.4,100,69.5,5,,,,,,,,,,,,,,,,
2026-07-15T00:00:56.843617+00:00,2026-07-15T00:00:56.833711,2,2,69.2,0.4,69.0,8,68.9,100,,,,,,,,,,,,,,,,,69.4,100,69.5,5,,,,,,,,,,,,,,,,
2026-07-15T00:00:56.947797+00:00,2026-07-15T00:00:56.945201,3,1,69.45,0.1,69.4,8,69.0,8,68.9,100,,,,,,,,,,,,,,,69.5,5,,,,,,,,,,,,,,,,,,
2026-07-15T00:00:56.959162+00:00,2026-07-15T00:00:56.956812,3,2,69.45,0.1,69.4,5,69.0,8,68.9,100,,,,,,,,,,,,,,,69.5,5,69.9,150,,,,,,,,,,,,,,,,
2026-07-15T00:00:56.970246+00:00,2026-07-15T00:00:56.969059,2,2,69.25,0.5,69.0,5,68.9,100,,,,,,,,,,,,,,,,,69.5,5,69.9,150,,,,,,,,,,,,,,,,
2026-07-15T00:00:56.992425+00:00,2026-07-15T00:00:56.985984,2,2,69.25,0.5,69.0,8,68.9,100,,,,,,,,,,,,,,,,,69.5,5,69.9,150,,,,,,,,,,,,,,,,
2026-07-15T00:00:57.220208+00:00,2026-07-15T00:00:57.218239,2,2,69.25,0.5,69.0,3,68.9,100,,,,,,,,,,,,,,,,,69.5,5,69.9,150,,,,,,,,,,,,,,,,
2026-07-15T00:00:57.231323+00:00,2026-07-15T00:00:57.222676,2,1,69.45,0.9,69.0,3,68.9,100,,,,,,,,,,,,,,,,,69.9,150,,,,,,,,,,,,,,,,,,
2026-07-15T00:00:57.242395+00:00,2026-07-15T00:00:57.237628,3,2,69.45,0.5,69.2,5,69.0,3,68.9,100,,,,,,,,,,,,,,,69.7,5,69.9,150,,,,,,,,,,,,,,,,
2026-07-15T00:00:57.789405+00:00,2026-07-15T00:00:57.779192,2,2,69.45,0.5,69.2,5,69.0,3,,,,,,,,,,,,,,,,,69.7,5,69.9,150,,,,,,,,,,,,,,,,
2026-07-15T00:00:57.842991+00:00,2026-07-15T00:00:57.832348,3,2,69.5,0.4,69.3,100,69.2,5,69.0,3,,,,,,,,,,,,,,,69.7,5,69.9,150,,,,,,,,,,,,,,,,
2026-07-15T00:00:57.896765+00:00,2026-07-15T00:00:57.886120,3,3,69.5,0.4,69.3,100,69.2,5,69.0,3,,,,,,,,,,,,,,,69.7,5,69.8,100,69.9,150,,,,,,,,,,,,,,
2026-07-15T00:00:57.994425+00:00,2026-07-15T00:00:57.993421,2,3,69.5,0.4,69.3,100,69.2,5,,,,,,,,,,,,,,,,,69.7,5,69.8,100,69.9,150,,,,,,,,,,,,,,
2026-07-15T00:00:58.005546+00:00,2026-07-15T00:00:57.999722,2,3,69.5,0.4,69.3,103,69.2,5,,,,,,,,,,,,,,,,,69.7,5,69.8,100,69.9,150,,,,,,,,,,,,,,
2026-07-15T00:00:58.257909+00:00,2026-07-15T00:00:58.255300,1,2,69.55,0.5,69.3,103,,,,,,,,,,,,,,,,,,,69.8,100,69.9,150,,,,,,,,,,,,,,,,
2026-07-15T00:00:58.280132+00:00,2026-07-15T00:00:58.273411,2,3,69.5,0.4,69.3,103,69.2,5,,,,,,,,,,,,,,,,,69.7,5,69.8,100,69.9,150,,,,,,,,,,,,,,
2026-07-15T00:00:58.291150+00:00,2026-07-15T00:00:58.280587,2,2,69.55,0.5,69.3,103,69.2,5,,,,,,,,,,,,,,,,,69.8,55,69.9,150,,,,,,,,,,,,,,,,
2026-07-15T00:00:59.019624+00:00,2026-07-15T00:00:59.014589,2,2,69.55,0.5,69.3,95,69.2,5,,,,,,,,,,,,,,,,,69.8,55,69.9,150,,,,,,,,,,,,,,,,
2026-07-15T00:00:59.030524+00:00,2026-07-15T00:00:59.025778,2,2,69.55,0.5,69.3,98,69.2,5,,,,,,,,,,,,,,,,,69.8,55,69.9,150,,,,,,,,,,,,,,,,
2026-07-15T00:00:59.201256+00:00,2026-07-15T00:00:59.197194,2,2,69.55,0.5,69.3,53,69.2,5,,,,,,,,,,,,,,,,,69.8,55,69.9,150,,,,,,,,,,,,,,,,
2026-07-15T00:00:59.298357+00:00,2026-07-15T00:00:59.296831,1,2,69.55,0.5,69.3,53,,,,,,,,,,,,,,,,,,,69.8,55,69.9,150,,,,,,,,,,,,,,,,
2026-07-15T00:00:59.309475+00:00,2026-07-15T00:00:59.308403,2,2,69.55,0.5,69.3,53,69.2,5,,,,,,,,,,,,,,,,,69.8,55,69.9,150,,,,,,,,,,,,,,,,
2026-07-15T00:00:59.320555+00:00,2026-07-15T00:00:59.311833,2,3,69.5,0.4,69.3,53,69.2,5,,,,,,,,,,,,,,,,,69.7,5,69.8,55,69.9,150,,,,,,,,,,,,,,
2026-07-15T00:01:00.017752+00:00,2026-07-15T00:01:00.010521,2,2,69.5,0.4,69.3,53,69.2,5,,,,,,,,,,,,,,,,,69.7,5,69.8,55,,,,,,,,,,,,,,,,
2026-07-15T00:01:00.039690+00:00,2026-07-15T00:01:00.034513,2,2,69.5,0.4,69.3,50,69.2,5,,,,,,,,,,,,,,,,,69.7,5,69.8,55,,,,,,,,,,,,,,,,
2026-07-15T00:01:00.050855+00:00,2026-07-15T00:01:00.042383,2,2,69.5,0.4,69.3,45,69.2,5,,,,,,,,,,,,,,,,,69.7,5,69.8,55,,,,,,,,,,,,,,,,
2026-07-15T00:01:00.062022+00:00,2026-07-15T00:01:00.054069,2,2,69.5,0.4,69.3,48,69.2,5,,,,,,,,,,,,,,,,,69.7,5,69.8,55,,,,,,,,,,,,,,,,
2026-07-15T00:01:00.072932+00:00,2026-07-15T00:01:00.063548,3,2,69.5,0.4,69.3,48,69.2,5,68.8,150,,,,,,,,,,,,,,,69.7,5,69.8,55,,,,,,,,,,,,,,,,
2026-07-15T00:01:00.126750+00:00,2026-07-15T00:01:00.120904,2,3,69.25,0.1,69.2,5,68.8,150,,,,,,,,,,,,,,,,,69.3,102,69.7,5,69.8,55,,,,,,,,,,,,,,
2026-07-15T00:01:00.373287+00:00,2026-07-15T00:01:00.372345,1,2,69.05,0.5,68.8,150,,,,,,,,,,,,,,,,,,,69.3,102,69.8,55,,,,,,,,,,,,,,,,
2026-07-15T00:01:00.471062+00:00,2026-07-15T00:01:00.466251,2,3,69.15,0.3,69.0,5,68.8,150,,,,,,,,,,,,,,,,,69.3,102,69.5,5,69.8,55,,,,,,,,,,,,,,
2026-07-15T00:01:00.701665+00:00,2026-07-15T00:01:00.691532,2,3,69.15,0.3,69.0,5,68.8,150,,,,,,,,,,,,,,,,,69.3,56,69.5,5,69.8,55,,,,,,,,,,,,,,
2026-07-15T00:01:00.949450+00:00,2026-07-15T00:01:00.940713,2,2,69.15,0.3,69.0,5,68.8,150,,,,,,,,,,,,,,,,,69.3,56,69.5,5,,,,,,,,,,,,,,,,
2026-07-15T00:01:01.003095+00:00,2026-07-15T00:01:00.993288,3,2,69.25,0.1,69.2,100,69.0,5,68.8,150,,,,,,,,,,,,,,,69.3,56,69.5,5,,,,,,,,,,,,,,,,
2026-07-15T00:01:01.057137+00:00,2026-07-15T00:01:01.046586,3,3,69.25,0.1,69.2,100,69.0,5,68.8,150,,,,,,,,,,,,,,,69.3,56,69.5,5,69.7,100,,,,,,,,,,,,,,
2026-07-15T00:01:01.068007+00:00,2026-07-15T00:01:01.064651,3,3,69.25,0.1,69.2,103,69.0,5,68.8,150,,,,,,,,,,,,,,,69.3,56,69.5,5,69.7,100,,,,,,,,,,,,,,
2026-07-15T00:01:01.490448+00:00,2026-07-15T00:01:01.485354,2,2,69.25,0.1,69.2,103,68.8,150,,,,,,,,,,,,,,,,,69.3,56,69.7,100,,,,,,,,,,,,,,,,
2026-07-15T00:01:01.501527+00:00,2026-07-15T00:01:01.499104,3,3,69.25,0.1,69.2,103,69.1,5,68.8,150,,,,,,,,,,,,,,,69.3,56,69.6,5,69.7,100,,,,,,,,,,,,,,
2026-07-15T00:01:02.082039+00:00,2026-07-15T00:01:02.081234,3,3,69.25,0.1,69.2,103,69.1,5,68.8,150,,,,,,,,,,,,,,,69.3,56,69.6,5,69.7,100,,,,,,,,,,,,,,
2026-07-15T00:01:02.521654+00:00,2026-07-15T00:01:02.520648,2,2,69.25,0.1,69.2,103,68.8,150,,,,,,,,,,,,,,,,,69.3,56,69.7,100,,,,,,,,,,,,,,,,
2026-07-15T00:01:02.543802+00:00,2026-07-15T00:01:02.541029,3,3,69.25,0.1,69.2,53,69.0,5,68.8,150,,,,,,,,,,,,,,,69.3,56,69.5,5,69.7,100,,,,,,,,,,,,,,
2026-07-15T00:01:03.098933+00:00,2026-07-15T00:01:03.095099,3,3,69.25,0.1,69.2,45,69.0,5,68.8,150,,,,,,,,,,,,,,,69.3,56,69.5,5,69.7,100,,,,,,,,,,,,,,
2026-07-15T00:01:03.110029+00:00,2026-07-15T00:01:03.106476,3,3,69.25,0.1,69.2,48,69.0,5,68.8,150,,,,,,,,,,,,,,,69.3,56,69.5,5,69.7,100,,,,,,,,,,,,,,
2026-07-15T00:01:03.186803+00:00,2026-07-15T00:01:03.176941,2,2,69.35,0.3,69.2,48,69.0,5,,,,,,,,,,,,,,,,,69.5,5,69.7,100,,,,,,,,,,,,,,,,
2026-07-15T00:01:03.241712+00:00,2026-07-15T00:01:03.231052,2,2,69.35,0.3,69.2,48,69.0,155,,,,,,,,,,,,,,,,,69.5,5,69.7,100,,,,,,,,,,,,,,,,
2026-07-15T00:01:03.297173+00:00,2026-07-15T00:01:03.286812,2,2,69.35,0.3,69.2,48,69.0,155,,,,,,,,,,,,,,,,,69.5,155,69.7,100,,,,,,,,,,,,,,,,
2026-07-15T00:01:03.555062+00:00,2026-07-15T00:01:03.552045,2,2,69.35,0.3,69.2,48,69.0,150,,,,,,,,,,,,,,,,,69.5,155,69.7,100,,,,,,,,,,,,,,,,
2026-07-15T00:01:03.566101+00:00,2026-07-15T00:01:03.556693,2,2,69.35,0.3,69.2,48,69.0,150,,,,,,,,,,,,,,,,,69.5,150,69.7,100,,,,,,,,,,,,,,,,
2026-07-15T00:01:03.577263+00:00,2026-07-15T00:01:03.570584,3,3,69.35,0.3,69.2,48,69.1,5,69.0,150,,,,,,,,,,,,,,,69.5,150,69.6,5,69.7,100,,,,,,,,,,,,,,
2026-07-15T00:01:04.108491+00:00,2026-07-15T00:01:04.102781,3,2,69.35,0.3,69.2,3,69.1,5,69.0,150,,,,,,,,,,,,,,,69.5,150,69.6,5,,,,,,,,,,,,,,,,
2026-07-15T00:01:04.119600+00:00,2026-07-15T00:01:04.114461,2,2,69.3,0.4,69.1,5,69.0,150,,,,,,,,,,,,,,,,,69.5,150,69.6,5,,,,,,,,,,,,,,,,
2026-07-15T00:01:04.130712+00:00,2026-07-15T00:01:04.121658,2,2,69.3,0.4,69.1,8,69.0,150,,,,,,,,,,,,,,,,,69.5,150,69.6,5,,,,,,,,,,,,,,,,
2026-07-15T00:01:04.163821+00:00,2026-07-15T00:01:04.156198,3,2,69.3,0.4,69.1,8,69.0,150,68.8,100,,,,,,,,,,,,,,,69.5,150,69.6,5,,,,,,,,,,,,,,,,
2026-07-15T00:01:04.219094+00:00,2026-07-15T00:01:04.215317,3,3,69.2,0.2,69.1,8,69.0,150,68.8,100,,,,,,,,,,,,,,,69.3,100,69.5,150,69.6,5,,,,,,,,,,,,,,
2026-07-15T00:01:04.594859+00:00,2026-07-15T00:01:04.589097,3,2,69.2,0.2,69.1,3,69.0,150,68.8,100,,,,,,,,,,,,,,,69.3,100,69.5,150,,,,,,,,,,,,,,,,
2026-07-15T00:01:04.606071+00:00,2026-07-15T00:01:04.601020,2,2,69.15,0.3,69.0,150,68.8,100,,,,,,,,,,,,,,,,,69.3,100,69.5,150,,,,,,,,,,,,,,,,
2026-07-15T00:01:04.617167+00:00,2026-07-15T00:01:04.614970,2,2,69.15,0.3,69.0,155,68.8,100,,,,,,,,,,,,,,,,,69.3,100,69.5,155,,,,,,,,,,,,,,,,
2026-07-15T00:01:04.660798+00:00,2026-07-15T00:01:04.651244,2,2,69.15,0.3,69.0,105,68.8,100,,,,,,,,,,,,,,,,,69.3,100,69.5,155,,,,,,,,,,,,,,,,
2026-07-15T00:01:05.078252+00:00,2026-07-15T00:01:05.075024,2,2,69.15,0.3,69.0,61,68.8,100,,,,,,,,,,,,,,,,,69.3,100,69.5,155,,,,,,,,,,,,,,,,
2026-07-15T00:01:05.143669+00:00,2026-07-15T00:01:05.139587,2,2,69.15,0.3,69.0,64,68.8,100,,,,,,,,,,,,,,,,,69.3,100,69.5,155,,,,,,,,,,,,,,,,
2026-07-15T00:01:05.635827+00:00,2026-07-15T00:01:05.632691,2,2,69.15,0.3,69.0,59,68.8,100,,,,,,,,,,,,,,,,,69.3,100,69.5,150,,,,,,,,,,,,,,,,
2026-07-15T00:01:05.646950+00:00,2026-07-15T00:01:05.643515,2,2,69.15,0.3,69.0,64,68.8,100,,,,,,,,,,,,,,,,,69.3,100,69.5,150,,,,,,,,,,,,,,,,
2026-07-15T00:01:05.658133+00:00,2026-07-15T00:01:05.647355,2,2,69.15,0.3,69.0,64,68.8,100,,,,,,,,,,,,,,,,,69.3,100,69.5,155,,,,,,,,,,,,,,,,
2026-07-15T00:01:06.137629+00:00,2026-07-15T00:01:06.127707,2,2,69.15,0.3,69.0,64,68.8,100,,,,,,,,,,,,,,,,,69.3,53,69.5,155,,,,,,,,,,,,,,,,
2026-07-15T00:01:06.148323+00:00,2026-07-15T00:01:06.145876,2,2,69.15,0.3,69.0,61,68.8,100,,,,,,,,,,,,,,,,,69.3,53,69.5,155,,,,,,,,,,,,,,,,
2026-07-15T00:01:06.159055+00:00,2026-07-15T00:01:06.153222,2,2,69.15,0.3,69.0,64,68.8,100,,,,,,,,,,,,,,,,,69.3,53,69.5,155,,,,,,,,,,,,,,,,
2026-07-15T00:01:06.351532+00:00,2026-07-15T00:01:06.342143,2,2,69.15,0.3,69.0,8,68.8,100,,,,,,,,,,,,,,,,,69.3,53,69.5,5,,,,,,,,,,,,,,,,
2026-07-15T00:01:06.405313+00:00,2026-07-15T00:01:06.395214,3,2,69.15,0.3,69.0,8,68.8,100,68.7,150,,,,,,,,,,,,,,,69.3,53,69.5,5,,,,,,,,,,,,,,,,
2026-07-15T00:01:06.458924+00:00,2026-07-15T00:01:06.448686,3,3,69.1,0.2,69.0,8,68.8,100,68.7,150,,,,,,,,,,,,,,,69.2,150,69.3,53,69.5,5,,,,,,,,,,,,,,
2026-07-15T00:01:06.675676+00:00,2026-07-15T00:01:06.669869,3,2,69.1,0.2,69.0,3,68.8,100,68.7,150,,,,,,,,,,,,,,,69.2,150,69.3,53,,,,,,,,,,,,,,,,
2026-07-15T00:01:06.686798+00:00,2026-07-15T00:01:06.685987,3,2,69.1,0.2,69.0,8,68.8,100,68.7,150,,,,,,,,,,,,,,,69.2,150,69.3,53,,,,,,,,,,,,,,,,
2026-07-15T00:01:06.697986+00:00,2026-07-15T00:01:06.689507,3,3,69.1,0.2,69.0,8,68.8,100,68.7,150,,,,,,,,,,,,,,,69.2,150,69.3,53,69.5,5,,,,,,,,,,,,,,
2026-07-15T00:01:06.774136+00:00,2026-07-15T00:01:06.763548,2,3,69.0,0.4,68.8,58,68.7,150,,,,,,,,,,,,,,,,,69.2,150,69.3,53,69.5,5,,,,,,,,,,,,,,
2026-07-15T00:01:07.171250+00:00,2026-07-15T00:01:07.170572,2,3,69.0,0.4,68.8,61,68.7,150,,,,,,,,,,,,,,,,,69.2,150,69.3,53,69.5,5,,,,,,,,,,,,,,
2026-07-15T00:01:07.280358+00:00,2026-07-15T00:01:07.271377,2,2,69.0,0.4,68.8,3,68.7,150,,,,,,,,,,,,,,,,,69.2,150,69.5,5,,,,,,,,,,,,,,,,
2026-07-15T00:01:07.334316+00:00,2026-07-15T00:01:07.324232,2,2,69.0,0.4,68.8,103,68.7,150,,,,,,,,,,,,,,,,,69.2,150,69.5,5,,,,,,,,,,,,,,,,
2026-07-15T00:01:07.389045+00:00,2026-07-15T00:01:07.378443,2,3,69.0,0.4,68.8,103,68.7,150,,,,,,,,,,,,,,,,,69.2,150,69.3,100,69.5,5,,,,,,,,,,,,,,
2026-07-15T00:01:07.713194+00:00,2026-07-15T00:01:07.703508,2,2,69.0,0.4,68.8,103,68.7,150,,,,,,,,,,,,,,,,,69.2,150,69.3,100,,,,,,,,,,,,,,,,
2026-07-15T00:01:07.724277+00:00,2026-07-15T00:01:07.717541,3,3,69.05,0.3,68.9,5,68.8,103,68.7,150,,,,,,,,,,,,,,,69.2,150,69.3,100,69.4,5,,,,,,,,,,,,,,
2026-07-15T00:01:08.190798+00:00,2026-07-15T00:01:08.187742,3,3,69.05,0.3,68.9,8,68.8,100,68.7,150,,,,,,,,,,,,,,,69.2,150,69.3,100,69.4,5,,,,,,,,,,,,,,
2026-07-15T00:01:08.550952+00:00,2026-07-15T00:01:08.547105,3,3,69.05,0.3,68.9,8,68.8,100,68.7,150,,,,,,,,,,,,,,,69.2,103,69.3,100,69.4,5,,,,,,,,,,,,,,
2026-07-15T00:01:08.736274+00:00,2026-07-15T00:01:08.735509,3,2,69.05,0.3,68.9,3,68.8,100,68.7,150,,,,,,,,,,,,,,,69.2,103,69.3,100,,,,,,,,,,,,,,,,
2026-07-15T00:01:08.757993+00:00,2026-07-15T00:01:08.751120,3,3,69.05,0.3,68.9,8,68.8,100,68.7,150,,,,,,,,,,,,,,,69.2,103,69.3,100,69.4,5,,,,,,,,,,,,,,
2026-07-15T00:01:08.887586+00:00,2026-07-15T00:01:08.883712,2,3,69.0,0.4,68.8,58,68.7,150,,,,,,,,,,,,,,,,,69.2,103,69.3,100,69.4,5,,,,,,,,,,,,,,
2026-07-15T00:01:09.213106+00:00,2026-07-15T00:01:09.206948,2,3,69.0,0.4,68.8,61,68.7,150,,,,,,,,,,,,,,,,,69.2,103,69.3,100,69.4,5,,,,,,,,,,,,,,
2026-07-15T00:01:09.515780+00:00,2026-07-15T00:01:09.505812,1,2,69.05,0.5,68.8,61,,,,,,,,,,,,,,,,,,,69.3,100,69.4,5,,,,,,,,,,,,,,,,
2026-07-15T00:01:09.569790+00:00,2026-07-15T00:01:09.560129,2,2,69.15,0.3,69.0,150,68.8,61,,,,,,,,,,,,,,,,,69.3,100,69.4,5,,,,,,,,,,,,,,,,
2026-07-15T00:01:09.623485+00:00,2026-07-15T00:01:09.617397,2,3,69.15,0.3,69.0,150,68.8,61,,,,,,,,,,,,,,,,,69.3,100,69.4,5,69.5,150,,,,,,,,,,,,,,
2026-07-15T00:01:09.766708+00:00,2026-07-15T00:01:09.765515,2,2,69.15,0.3,69.0,150,68.8,61,,,,,,,,,,,,,,,,,69.3,100,69.5,150,,,,,,,,,,,,,,,,
2026-07-15T00:01:09.788916+00:00,2026-07-15T00:01:09.782291,3,3,69.15,0.3,69.0,150,68.9,5,68.8,61,,,,,,,,,,,,,,,69.3,100,69.4,5,69.5,150,,,,,,,,,,,,,,
2026-07-15T00:01:10.219575+00:00,2026-07-15T00:01:10.213105,3,3,69.15,0.3,69.0,150,68.9,5,68.8,58,,,,,,,,,,,,,,,69.3,100,69.4,5,69.5,150,,,,,,,,,,,,,,
2026-07-15T00:01:10.230611+00:00,2026-07-15T00:01:10.220147,3,3,69.15,0.3,69.0,153,68.9,5,68.8,58,,,,,,,,,,,,,,,69.3,100,69.4,5,69.5,150,,,,,,,,,,,,,,
2026-07-15T00:01:10.437240+00:00,2026-07-15T00:01:10.434655,2,2,69.2,0.4,69.0,153,68.9,5,,,,,,,,,,,,,,,,,69.4,5,69.5,150,,,,,,,,,,,,,,,,
2026-07-15T00:01:10.491580+00:00,2026-07-15T00:01:10.487925,2,2,69.2,0.4,69.0,153,68.9,105,,,,,,,,,,,,,,,,,69.4,5,69.5,150,,,,,,,,,,,,,,,,
2026-07-15T00:01:10.546180+00:00,2026-07-15T00:01:10.541700,2,2,69.2,0.4,69.0,153,68.9,105,,,,,,,,,,,,,,,,,69.4,105,69.5,150,,,,,,,,,,,,,,,,
2026-07-15T00:01:10.806906+00:00,2026-07-15T00:01:10.799782,2,2,69.2,0.4,69.0,153,68.9,100,,,,,,,,,,,,,,,,,69.4,100,69.5,150,,,,,,,,,,,,,,,,
2026-07-15T00:01:10.817923+00:00,2026-07-15T00:01:10.812466,2,2,69.2,0.4,69.0,158,68.9,100,,,,,,,,,,,,,,,,,69.4,100,69.5,155,,,,,,,,,,,,,,,,
2026-07-15T00:01:10.991769+00:00,2026-07-15T00:01:10.987528,2,2,69.2,0.4,69.0,108,68.9,100,,,,,,,,,,,,,,,,,69.4,100,69.5,155,,,,,,,,,,,,,,,,
2026-07-15T00:01:11.173685+00:00,2026-07-15T00:01:11.166416,2,2,69.2,0.4,69.0,108,68.9,100,,,,,,,,,,,,,,,,,69.4,58,69.5,155,,,,,,,,,,,,,,,,
2026-07-15T00:01:11.238233+00:00,2026-07-15T00:01:11.236333,2,2,69.2,0.4,69.0,108,68.9,100,,,,,,,,,,,,,,,,,69.4,58,69.5,155,,,,,,,,,,,,,,,,
2026-07-15T00:01:11.832632+00:00,2026-07-15T00:01:11.831861,2,2,69.2,0.4,69.0,103,68.9,100,,,,,,,,,,,,,,,,,69.4,58,69.5,150,,,,,,,,,,,,,,,,
2026-07-15T00:01:11.843655+00:00,2026-07-15T00:01:11.842549,2,2,69.2,0.4,69.0,108,68.9,100,,,,,,,,,,,,,,,,,69.4,58,69.5,150,,,,,,,,,,,,,,,,
2026-07-15T00:01:11.854701+00:00,2026-07-15T00:01:11.847815,2,2,69.2,0.4,69.0,108,68.9,100,,,,,,,,,,,,,,,,,69.4,58,69.5,155,,,,,,,,,,,,,,,,
2026-07-15T00:01:12.255274+00:00,2026-07-15T00:01:12.248496,2,2,69.2,0.4,69.0,105,68.9,100,,,,,,,,,,,,,,,,,69.4,58,69.5,155,,,,,,,,,,,,,,,,
2026-07-15T00:01:12.266165+00:00,2026-07-15T00:01:12.258227,2,2,69.2,0.4,69.0,108,68.9,100,,,,,,,,,,,,,,,,,69.4,58,69.5,155,,,,,,,,,,,,,,,,
2026-07-15T00:01:12.678731+00:00,2026-07-15T00:01:12.675392,2,2,69.2,0.4,69.0,8,68.9,100,,,,,,,,,,,,,,,,,69.4,58,69.5,5,,,,,,,,,,,,,,,,
2026-07-15T00:01:12.733218+00:00,2026-07-15T00:01:12.728294,3,2,69.2,0.4,69.0,8,68.9,100,68.8,150,,,,,,,,,,,,,,,69.4,58,69.5,5,,,,,,,,,,,,,,,,
2026-07-15T00:01:12.786765+00:00,2026-07-15T00:01:12.781082,3,3,69.15,0.3,69.0,8,68.9,100,68.8,150,,,,,,,,,,,,,,,69.3,150,69.4,58,69.5,5,,,,,,,,,,,,,,
2026-07-15T00:01:12.862216+00:00,2026-07-15T00:01:12.860754,3,3,69.15,0.3,69.0,3,68.9,100,68.8,150,,,,,,,,,,,,,,,69.3,150,69.4,58,69.5,5,,,,,,,,,,,,,,
2026-07-15T00:01:12.873183+00:00,2026-07-15T00:01:12.864839,3,2,69.15,0.3,69.0,3,68.9,100,68.8,150,,,,,,,,,,,,,,,69.3,150,69.4,58,,,,,,,,,,,,,,,,
2026-07-15T00:01:12.884157+00:00,2026-07-15T00:01:12.880943,3,3,69.15,0.3,69.0,8,68.9,100,68.8,150,,,,,,,,,,,,,,,69.3,150,69.4,58,69.5,5,,,,,,,,,,,,,,
2026-07-15T00:01:13.110265+00:00,2026-07-15T00:01:13.099710,2,3,69.1,0.4,68.9,58,68.8,150,,,,,,,,,,,,,,,,,69.3,150,69.4,58,69.5,5,,,,,,,,,,,,,,
2026-07-15T00:01:13.282792+00:00,2026-07-15T00:01:13.281912,2,3,69.1,0.4,68.9,61,68.8,150,,,,,,,,,,,,,,,,,69.3,150,69.4,58,69.5,5,,,,,,,,,,,,,,
2026-07-15T00:01:13.606551+00:00,2026-07-15T00:01:13.601409,2,2,69.1,0.4,68.9,3,68.8,150,,,,,,,,,,,,,,,,,69.3,150,69.5,5,,,,,,,,,,,,,,,,
2026-07-15T00:01:13.660197+00:00,2026-07-15T00:01:13.653379,2,2,69.1,0.4,68.9,103,68.8,150,,,,,,,,,,,,,,,,,69.3,150,69.5,5,,,,,,,,,,,,,,,,
2026-07-15T00:01:13.714382+00:00,2026-07-15T00:01:13.707013,2,3,69.1,0.4,68.9,103,68.8,150,,,,,,,,,,,,,,,,,69.3,150,69.4,100,69.5,5,,,,,,,,,,,,,,
2026-07-15T00:01:13.898936+00:00,2026-07-15T00:01:13.892987,2,2,69.1,0.4,68.9,103,68.8,150,,,,,,,,,,,,,,,,,69.3,150,69.4,100,,,,,,,,,,,,,,,,
2026-07-15T00:01:13.909916+00:00,2026-07-15T00:01:13.904098,2,2,69.1,0.4,68.9,108,68.8,150,,,,,,,,,,,,,,,,,69.3,150,69.4,100,,,,,,,,,,,,,,,,
2026-07-15T00:01:13.926095+00:00,2026-07-15T00:01:13.924103,2,2,69.1,0.4,68.9,108,68.8,150,,,,,,,,,,,,,,,,,69.3,147,69.4,105,,,,,,,,,,,,,,,,
2026-07-15T00:01:14.033876+00:00,2026-07-15T00:01:14.024472,2,2,69.1,0.4,68.9,108,68.8,150,,,,,,,,,,,,,,,,,69.3,105,69.4,105,,,,,,,,,,,,,,,,
2026-07-15T00:01:14.292940+00:00,2026-07-15T00:01:14.290333,2,2,69.1,0.4,68.9,105,68.8,150,,,,,,,,,,,,,,,,,69.3,105,69.4,105,,,,,,,,,,,,,,,,
2026-07-15T00:01:14.303953+00:00,2026-07-15T00:01:14.295879,2,2,69.1,0.4,68.9,108,68.8,150,,,,,,,,,,,,,,,,,69.3,105,69.4,105,,,,,,,,,,,,,,,,
2026-07-15T00:01:14.934491+00:00,2026-07-15T00:01:14.927625,2,2,69.1,0.4,68.9,103,68.8,150,,,,,,,,,,,,,,,,,69.3,105,69.4,100,,,,,,,,,,,,,,,,
2026-07-15T00:01:14.945569+00:00,2026-07-15T00:01:14.942244,3,3,69.15,0.3,69.0,5,68.9,103,68.8,150,,,,,,,,,,,,,,,69.3,105,69.4,100,69.5,5,,,,,,,,,,,,,,
2026-07-15T00:01:15.164747+00:00,2026-07-15T00:01:15.154837,3,3,69.15,0.3,69.0,5,68.9,103,68.8,150,,,,,,,,,,,,,,,69.3,55,69.4,100,69.5,5,,,,,,,,,,,,,,
2026-07-15T00:01:15.316815+00:00,2026-07-15T00:01:15.315467,3,3,69.15,0.3,69.0,8,68.9,100,68.8,150,,,,,,,,,,,,,,,69.3,55,69.4,100,69.5,5,,,,,,,,,,,,,,
2026-07-15T00:01:15.842054+00:00,2026-07-15T00:01:15.836989,2,2,69.2,0.4,69.0,8,68.9,100,,,,,,,,,,,,,,,,,69.4,100,69.5,5,,,,,,,,,,,,,,,,
2026-07-15T00:01:15.896145+00:00,2026-07-15T00:01:15.890042,3,2,69.3,0.2,69.2,150,69.0,8,68.9,100,,,,,,,,,,,,,,,69.4,100,69.5,5,,,,,,,,,,,,,,,,
2026-07-15T00:01:15.950224+00:00,2026-07-15T00:01:15.943012,3,3,69.3,0.2,69.2,150,69.0,8,68.9,100,,,,,,,,,,,,,,,69.4,100,69.5,5,69.7,150,,,,,,,,,,,,,,
2026-07-15T00:01:15.961469+00:00,2026-07-15T00:01:15.956940,3,3,69.3,0.2,69.2,150,69.0,3,68.9,100,,,,,,,,,,,,,,,69.4,100,69.5,5,69.7,150,,,,,,,,,,,,,,
2026-07-15T00:01:15.972540+00:00,2026-07-15T00:01:15.961847,3,2,69.3,0.2,69.2,150,69.0,3,68.9,100,,,,,,,,,,,,,,,69.4,100,69.7,150,,,,,,,,,,,,,,,,
2026-07-15T00:01:15.983632+00:00,2026-07-15T00:01:15.976438,3,3,69.3,0.2,69.2,150,69.0,8,68.9,100,,,,,,,,,,,,,,,69.4,100,69.5,5,69.7,150,,,,,,,,,,,,,,
2026-07-15T00:01:16.333313+00:00,2026-07-15T00:01:16.332182,3,3,69.3,0.2,69.2,153,69.0,5,68.9,100,,,,,,,,,,,,,,,69.4,100,69.5,5,69.7,150,,,,,,,,,,,,,,
2026-07-15T00:01:16.766800+00:00,2026-07-15T00:01:16.765095,2,2,69.35,0.3,69.2,153,69.0,5,,,,,,,,,,,,,,,,,69.5,5,69.7,150,,,,,,,,,,,,,,,,
2026-07-15T00:01:16.821231+00:00,2026-07-15T00:01:16.818584,2,2,69.35,0.3,69.2,153,69.0,105,,,,,,,,,,,,,,,,,69.5,5,69.7,150,,,,,,,,,,,,,,,,
2026-07-15T00:01:16.875210+00:00,2026-07-15T00:01:16.873042,2,2,69.35,0.3,69.2,153,69.0,105,,,,,,,,,,,,,,,,,69.5,105,69.7,150,,,,,,,,,,,,,,,,
2026-07-15T00:01:16.995273+00:00,2026-07-15T00:01:16.991786,2,2,69.35,0.3,69.2,153,69.0,100,,,,,,,,,,,,,,,,,69.5,105,69.7,150,,,,,,,,,,,,,,,,
2026-07-15T00:01:17.006272+00:00,2026-07-15T00:01:16.995676,2,2,69.35,0.3,69.2,153,69.0,100,,,,,,,,,,,,,,,,,69.5,100,69.7,150,,,,,,,,,,,,,,,,
2026-07-15T00:01:17.017248+00:00,2026-07-15T00:01:17.009375,3,3,69.35,0.3,69.2,153,69.1,5,69.0,100,,,,,,,,,,,,,,,69.5,100,69.6,5,69.7,150,,,,,,,,,,,,,,
2026-07-15T00:01:17.274550+00:00,2026-07-15T00:01:17.264639,3,3,69.35,0.3,69.2,153,69.1,5,69.0,100,,,,,,,,,,,,,,,69.5,50,69.6,5,69.7,150,,,,,,,,,,,,,,
2026-07-15T00:01:17.339933+00:00,2026-07-15T00:01:17.338634,3,3,69.35,0.3,69.2,150,69.1,5,69.0,100,,,,,,,,,,,,,,,69.5,50,69.6,5,69.7,150,,,,,,,,,,,,,,
2026-07-15T00:01:17.362079+00:00,2026-07-15T00:01:17.351384,3,3,69.35,0.3,69.2,153,69.1,5,69.0,100,,,,,,,,,,,,,,,69.5,50,69.6,5,69.7,150,,,,,,,,,,,,,,
2026-07-15T00:01:17.535397+00:00,2026-07-15T00:01:17.527733,3,3,69.35,0.3,69.2,107,69.1,5,69.0,100,,,,,,,,,,,,,,,69.5,50,69.6,5,69.7,150,,,,,,,,,,,,,,
2026-07-15T00:01:18.028964+00:00,2026-07-15T00:01:18.027652,2,2,69.35,0.3,69.2,107,69.0,100,,,,,,,,,,,,,,,,,69.5,50,69.7,150,,,,,,,,,,,,,,,,
2026-07-15T00:01:18.050726+00:00,2026-07-15T00:01:18.042632,2,2,69.35,0.3,69.2,107,69.0,105,,,,,,,,,,,,,,,,,69.5,55,69.7,150,,,,,,,,,,,,,,,,
2026-07-15T00:01:18.374770+00:00,2026-07-15T00:01:18.369658,2,2,69.35,0.3,69.2,107,69.0,105,,,,,,,,,,,,,,,,,69.5,55,69.7,150,,,,,,,,,,,,,,,,
2026-07-15T00:01:19.006537+00:00,2026-07-15T00:01:18.999808,2,1,69.35,0.3,69.2,3,69.0,105,,,,,,,,,,,,,,,,,69.5,55,,,,,,,,,,,,,,,,,,
2026-07-15T00:01:19.059974+00:00,2026-07-15T00:01:19.057625,2,1,69.35,0.3,69.2,3,69.0,250,,,,,,,,,,,,,,,,,69.5,55,,,,,,,,,,,,,,,,,,
2026-07-15T00:01:19.070798+00:00,2026-07-15T00:01:19.061835,2,1,69.35,0.3,69.2,3,69.0,250,,,,,,,,,,,,,,,,,69.5,50,,,,,,,,,,,,,,,,,,
2026-07-15T00:01:19.081572+00:00,2026-07-15T00:01:19.074799,2,1,69.35,0.3,69.2,3,69.0,255,,,,,,,,,,,,,,,,,69.5,55,,,,,,,,,,,,,,,,,,
2026-07-15T00:01:19.113873+00:00,2026-07-15T00:01:19.105974,2,1,69.35,0.3,69.2,3,69.0,255,,,,,,,,,,,,,,,,,69.5,205,,,,,,,,,,,,,,,,,,
2026-07-15T00:01:19.385652+00:00,2026-07-15T00:01:19.377645,1,1,69.25,0.5,69.0,255,,,,,,,,,,,,,,,,,,,69.5,205,,,,,,,,,,,,,,,,,,
2026-07-15T00:01:19.396787+00:00,2026-07-15T00:01:19.392535,1,1,69.25,0.5,69.0,258,,,,,,,,,,,,,,,,,,,69.5,205,,,,,,,,,,,,,,,,,,
2026-07-15T00:01:19.934217+00:00,2026-07-15T00:01:19.930469,1,1,69.25,0.5,69.0,158,,,,,,,,,,,,,,,,,,,69.5,155,,,,,,,,,,,,,,,,,,
2026-07-15T00:01:19.988982+00:00,2026-07-15T00:01:19.984182,1,1,69.25,0.5,69.0,258,,,,,,,,,,,,,,,,,,,69.5,155,,,,,,,,,,,,,,,,,,
2026-07-15T00:01:20.043507+00:00,2026-07-15T00:01:20.037125,1,1,69.25,0.5,69.0,258,,,,,,,,,,,,,,,,,,,69.5,255,,,,,,,,,,,,,,,,,,
2026-07-15T00:01:20.098131+00:00,2026-07-15T00:01:20.094827,1,1,69.25,0.5,69.0,253,,,,,,,,,,,,,,,,,,,69.5,250,,,,,,,,,,,,,,,,,,
2026-07-15T00:01:20.109243+00:00,2026-07-15T00:01:20.105957,1,1,69.25,0.5,69.0,258,,,,,,,,,,,,,,,,,,,69.5,250,,,,,,,,,,,,,,,,,,
2026-07-15T00:01:20.120187+00:00,2026-07-15T00:01:20.109577,1,1,69.25,0.5,69.0,258,,,,,,,,,,,,,,,,,,,69.5,255,,,,,,,,,,,,,,,,,,
2026-07-15T00:01:20.195797+00:00,2026-07-15T00:01:20.187458,1,1,69.25,0.5,69.0,258,,,,,,,,,,,,,,,,,,,69.5,211,,,,,,,,,,,,,,,,,,
2026-07-15T00:01:20.412125+00:00,2026-07-15T00:01:20.407862,1,1,69.25,0.5,69.0,258,,,,,,,,,,,,,,,,,,,69.5,211,,,,,,,,,,,,,,,,,,
2026-07-15T00:01:21.155373+00:00,2026-07-15T00:01:21.149856,1,1,69.25,0.5,69.0,253,,,,,,,,,,,,,,,,,,,69.5,206,,,,,,,,,,,,,,,,,,
2026-07-15T00:01:21.166294+00:00,2026-07-15T00:01:21.163744,1,1,69.25,0.5,69.0,258,,,,,,,,,,,,,,,,,,,69.5,206,,,,,,,,,,,,,,,,,,
2026-07-15T00:01:21.177206+00:00,2026-07-15T00:01:21.166974,1,1,69.25,0.5,69.0,258,,,,,,,,,,,,,,,,,,,69.5,211,,,,,,,,,,,,,,,,,,
2026-07-15T00:01:21.423456+00:00,2026-07-15T00:01:21.416198,1,1,69.25,0.5,69.0,255,,,,,,,,,,,,,,,,,,,69.5,211,,,,,,,,,,,,,,,,,,
2026-07-15T00:01:21.434305+00:00,2026-07-15T00:01:21.424432,1,1,69.25,0.5,69.0,258,,,,,,,,,,,,,,,,,,,69.5,211,,,,,,,,,,,,,,,,,,
2026-07-15T00:01:21.477204+00:00,2026-07-15T00:01:21.476245,1,1,69.25,0.5,69.0,258,,,,,,,,,,,,,,,,,,,69.5,161,,,,,,,,,,,,,,,,,,
2026-07-15T00:01:22.169195+00:00,2026-07-15T00:01:22.161718,1,1,69.25,0.5,69.0,108,,,,,,,,,,,,,,,,,,,69.5,105,,,,,,,,,,,,,,,,,,
2026-07-15T00:01:22.191303+00:00,2026-07-15T00:01:22.184926,1,1,69.25,0.5,69.0,103,,,,,,,,,,,,,,,,,,,69.5,100,,,,,,,,,,,,,,,,,,
2026-07-15T00:01:22.202414+00:00,2026-07-15T00:01:22.198086,1,1,69.25,0.5,69.0,108,,,,,,,,,,,,,,,,,,,69.5,105,,,,,,,,,,,,,,,,,,
2026-07-15T00:01:22.224253+00:00,2026-07-15T00:01:22.218113,2,0,,,69.5,45,69.0,108,,,,,,,,,,,,,,,,,,,,,,,,,,,,,,,,,,,,
2026-07-15T00:01:22.284826+00:00,2026-07-15T00:01:22.282800,2,1,69.75,0.5,69.5,42,69.0,108,,,,,,,,,,,,,,,,,70.0,150,,,,,,,,,,,,,,,,,,
2026-07-15T00:01:22.307108+00:00,2026-07-15T00:01:22.296378,1,1,69.5,1.0,69.0,108,,,,,,,,,,,,,,,,,,,70.0,150,,,,,,,,,,,,,,,,,,
2026-07-15T00:01:22.439980+00:00,2026-07-15T00:01:22.432227,1,1,69.5,1.0,69.0,105,,,,,,,,,,,,,,,,,,,70.0,150,,,,,,,,,,,,,,,,,,
2026-07-15T00:01:22.451172+00:00,2026-07-15T00:01:22.444017,1,1,69.5,1.0,69.0,108,,,,,,,,,,,,,,,,,,,70.0,150,,,,,,,,,,,,,,,,,,
2026-07-15T00:01:23.095281+00:00,2026-07-15T00:01:23.092052,1,1,69.5,1.0,69.0,8,,,,,,,,,,,,,,,,,,,70.0,150,,,,,,,,,,,,,,,,,,
2026-07-15T00:01:23.150704+00:00,2026-07-15T00:01:23.144981,2,1,69.7,0.6,69.4,100,69.0,8,,,,,,,,,,,,,,,,,70.0,150,,,,,,,,,,,,,,,,,,
2026-07-15T00:01:23.205602+00:00,2026-07-15T00:01:23.197099,2,2,69.65,0.5,69.4,100,69.0,8,,,,,,,,,,,,,,,,,69.9,100,70.0,150,,,,,,,,,,,,,,,,
2026-07-15T00:01:23.216766+00:00,2026-07-15T00:01:23.210980,2,2,69.65,0.5,69.4,100,69.0,3,,,,,,,,,,,,,,,,,69.9,100,70.0,150,,,,,,,,,,,,,,,,
2026-07-15T00:01:23.227840+00:00,2026-07-15T00:01:23.224759,3,3,69.6,0.4,69.4,100,69.3,5,69.0,3,,,,,,,,,,,,,,,69.8,5,69.9,100,70.0,150,,,,,,,,,,,,,,
2026-07-15T00:01:23.454552+00:00,2026-07-15T00:01:23.452866,2,3,69.6,0.4,69.4,100,69.3,5,,,,,,,,,,,,,,,,,69.8,5,69.9,100,70.0,150,,,,,,,,,,,,,,
2026-07-15T00:01:23.465599+00:00,2026-07-15T00:01:23.460056,2,3,69.6,0.4,69.4,103,69.3,5,,,,,,,,,,,,,,,,,69.8,5,69.9,100,70.0,150,,,,,,,,,,,,,,
2026-07-15T00:01:23.597040+00:00,2026-07-15T00:01:23.586258,2,2,69.65,0.5,69.4,103,69.3,5,,,,,,,,,,,,,,,,,69.9,55,70.0,150,,,,,,,,,,,,,,,,
2026-07-15T00:01:24.245299+00:00,2026-07-15T00:01:24.237718,1,2,69.65,0.5,69.4,103,,,,,,,,,,,,,,,,,,,69.9,55,70.0,150,,,,,,,,,,,,,,,,
2026-07-15T00:01:24.256506+00:00,2026-07-15T00:01:24.254318,2,3,69.6,0.4,69.4,103,69.3,5,,,,,,,,,,,,,,,,,69.8,5,69.9,55,70.0,150,,,,,,,,,,,,,,
2026-07-15T00:01:24.424016+00:00,2026-07-15T00:01:24.422694,2,3,69.6,0.4,69.4,92,69.3,5,,,,,,,,,,,,,,,,,69.8,5,69.9,55,70.0,150,,,,,,,,,,,,,,
2026-07-15T00:01:24.478205+00:00,2026-07-15T00:01:24.476335,2,3,69.6,0.4,69.4,60,69.3,5,,,,,,,,,,,,,,,,,69.8,5,69.9,55,70.0,150,,,,,,,,,,,,,,
2026-07-15T00:01:24.489097+00:00,2026-07-15T00:01:24.488333,2,3,69.6,0.4,69.4,63,69.3,5,,,,,,,,,,,,,,,,,69.8,5,69.9,55,70.0,150,,,,,,,,,,,,,,
2026-07-15T00:01:25.277501+00:00,2026-07-15T00:01:25.271620,1,2,69.65,0.5,69.4,63,,,,,,,,,,,,,,,,,,,69.9,55,70.0,150,,,,,,,,,,,,,,,,
2026-07-15T00:01:25.288394+00:00,2026-07-15T00:01:25.282425,1,2,69.65,0.5,69.4,60,,,,,,,,,,,,,,,,,,,69.9,55,70.0,150,,,,,,,,,,,,,,,,
2026-07-15T00:01:25.299225+00:00,2026-07-15T00:01:25.295386,2,3,69.6,0.4,69.4,60,69.3,5,,,,,,,,,,,,,,,,,69.8,5,69.9,55,70.0,150,,,,,,,,,,,,,,
2026-07-15T00:01:25.331493+00:00,2026-07-15T00:01:25.325934,2,2,69.6,0.4,69.4,60,69.3,5,,,,,,,,,,,,,,,,,69.8,5,69.9,55,,,,,,,,,,,,,,,,
2026-07-15T00:01:25.385376+00:00,2026-07-15T00:01:25.379848,3,2,69.6,0.4,69.4,60,69.3,5,68.7,150,,,,,,,,,,,,,,,69.8,5,69.9,55,,,,,,,,,,,,,,,,
2026-07-15T00:01:25.450271+00:00,2026-07-15T00:01:25.439967,1,3,68.95,0.5,68.7,150,,,,,,,,,,,,,,,,,,,69.2,85,69.8,5,69.9,55,,,,,,,,,,,,,,
2026-07-15T00:01:25.503894+00:00,2026-07-15T00:01:25.502357,1,3,68.95,0.5,68.7,153,,,,,,,,,,,,,,,,,,,69.2,85,69.8,5,69.9,55,,,,,,,,,,,,,,
2026-07-15T00:01:25.752791+00:00,2026-07-15T00:01:25.743666,1,3,68.95,0.5,68.7,103,,,,,,,,,,,,,,,,,,,69.2,85,69.8,5,69.9,55,,,,,,,,,,,,,,
2026-07-15T00:01:26.256663+00:00,2026-07-15T00:01:26.251144,1,2,68.95,0.5,68.7,103,,,,,,,,,,,,,,,,,,,69.2,85,69.8,5,,,,,,,,,,,,,,,,
2026-07-15T00:01:26.311133+00:00,2026-07-15T00:01:26.307790,2,1,69.1,0.2,69.0,100,68.7,103,,,,,,,,,,,,,,,,,69.2,85,,,,,,,,,,,,,,,,,,
2026-07-15T00:01:26.333498+00:00,2026-07-15T00:01:26.325747,3,2,69.1,0.2,69.0,100,68.9,5,68.7,103,,,,,,,,,,,,,,,69.2,85,69.4,5,,,,,,,,,,,,,,,,
2026-07-15T00:01:26.366443+00:00,2026-07-15T00:01:26.361004,3,3,69.1,0.2,69.0,100,68.9,5,68.7,103,,,,,,,,,,,,,,,69.2,85,69.4,5,69.5,100,,,,,,,,,,,,,,
2026-07-15T00:01:26.519149+00:00,2026-07-15T00:01:26.517357,3,3,69.1,0.2,69.0,103,68.9,5,68.7,100,,,,,,,,,,,,,,,69.2,85,69.4,5,69.5,100,,,,,,,,,,,,,,
2026-07-15T00:01:27.044611+00:00,2026-07-15T00:01:27.042443,3,3,69.1,0.2,69.0,103,68.9,5,68.7,100,,,,,,,,,,,,,,,69.2,74,69.4,5,69.5,100,,,,,,,,,,,,,,
2026-07-15T00:01:27.349439+00:00,2026-07-15T00:01:27.343090,2,2,69.1,0.2,69.0,103,68.7,100,,,,,,,,,,,,,,,,,69.2,74,69.5,100,,,,,,,,,,,,,,,,
2026-07-15T00:01:27.360539+00:00,2026-07-15T00:01:27.358608,2,2,69.1,0.2,69.0,108,68.7,100,,,,,,,,,,,,,,,,,69.2,74,69.5,105,,,,,,,,,,,,,,,,
2026-07-15T00:01:27.533261+00:00,2026-07-15T00:01:27.530707,2,2,69.1,0.2,69.0,108,68.7,100,,,,,,,,,,,,,,,,,69.2,74,69.5,105,,,,,,,,,,,,,,,,
2026-07-15T00:01:27.869921+00:00,2026-07-15T00:01:27.868784,2,2,69.1,0.2,69.0,58,68.7,100,,,,,,,,,,,,,,,,,69.2,74,69.5,105,,,,,,,,,,,,,,,,
2026-07-15T00:01:28.383278+00:00,2026-07-15T00:01:28.375413,2,2,69.1,0.2,69.0,53,68.7,100,,,,,,,,,,,,,,,,,69.2,74,69.5,100,,,,,,,,,,,,,,,,
2026-07-15T00:01:28.394425+00:00,2026-07-15T00:01:28.392868,3,3,69.1,0.2,69.0,53,68.9,5,68.7,100,,,,,,,,,,,,,,,69.2,74,69.4,5,69.5,100,,,,,,,,,,,,,,
2026-07-15T00:01:28.503511+00:00,2026-07-15T00:01:28.496138,2,2,69.2,0.4,69.0,53,68.9,5,,,,,,,,,,,,,,,,,69.4,5,69.5,100,,,,,,,,,,,,,,,,
2026-07-15T00:01:28.546484+00:00,2026-07-15T00:01:28.545855,2,2,69.2,0.4,69.0,53,68.9,5,,,,,,,,,,,,,,,,,69.4,5,69.5,100,,,,,,,,,,,,,,,,
2026-07-15T00:01:28.557259+00:00,2026-07-15T00:01:28.551853,3,2,69.2,0.4,69.0,53,68.9,5,68.8,150,,,,,,,,,,,,,,,69.4,5,69.5,100,,,,,,,,,,,,,,,,
2026-07-15T00:01:28.610673+00:00,2026-07-15T00:01:28.604817,3,3,69.15,0.3,69.0,53,68.9,5,68.8,150,,,,,,,,,,,,,,,69.3,150,69.4,5,69.5,100,,,,,,,,,,,,,,
2026-07-15T00:01:29.417409+00:00,2026-07-15T00:01:29.415608,2,1,69.15,0.3,69.0,53,68.8,150,,,,,,,,,,,,,,,,,69.3,150,,,,,,,,,,,,,,,,,,
2026-07-15T00:01:29.428478+00:00,2026-07-15T00:01:29.427291,2,1,69.15,0.3,69.0,8,68.8,150,,,,,,,,,,,,,,,,,69.3,150,,,,,,,,,,,,,,,,,,
2026-07-15T00:01:29.439651+00:00,2026-07-15T00:01:29.432320,2,2,69.15,0.3,69.0,8,68.8,150,,,,,,,,,,,,,,,,,69.3,150,69.5,5,,,,,,,,,,,,,,,,
2026-07-15T00:01:29.472944+00:00,2026-07-15T00:01:29.469790,3,2,69.15,0.3,69.0,8,68.9,100,68.8,150,,,,,,,,,,,,,,,69.3,150,69.5,5,,,,,,,,,,,,,,,,
2026-07-15T00:01:29.527137+00:00,2026-07-15T00:01:29.523649,3,3,69.15,0.3,69.0,8,68.9,100,68.8,150,,,,,,,,,,,,,,,69.3,150,69.4,100,69.5,5,,,,,,,,,,,,,,
2026-07-15T00:01:29.564584+00:00,2026-07-15T00:01:29.561456,3,3,69.15,0.3,69.0,8,68.9,100,68.8,150,,,,,,,,,,,,,,,69.3,150,69.4,100,69.5,5,,,,,,,,,,,,,,
2026-07-15T00:01:29.981009+00:00,2026-07-15T00:01:29.978595,2,3,69.1,0.4,68.9,58,68.8,150,,,,,,,,,,,,,,,,,69.3,150,69.4,100,69.5,5,,,,,,,,,,,,,,
2026-07-15T00:01:30.446467+00:00,2026-07-15T00:01:30.442150,2,2,69.1,0.4,68.9,58,68.8,150,,,,,,,,,,,,,,,,,69.3,150,69.4,100,,,,,,,,,,,,,,,,
2026-07-15T00:01:30.457596+00:00,2026-07-15T00:01:30.456133,2,2,69.1,0.4,68.9,63,68.8,150,,,,,,,,,,,,,,,,,69.3,150,69.4,100,,,,,,,,,,,,,,,,
2026-07-15T00:01:30.468611+00:00,2026-07-15T00:01:30.459414,2,2,69.1,0.4,68.9,63,68.8,150,,,,,,,,,,,,,,,,,69.3,150,69.4,105,,,,,,,,,,,,,,,,
2026-07-15T00:01:30.575554+00:00,2026-07-15T00:01:30.572567,2,2,69.1,0.4,68.9,66,68.8,150,,,,,,,,,,,,,,,,,69.3,150,69.4,105,,,,,,,,,,,,,,,,
2026-07-15T00:01:31.480948+00:00,2026-07-15T00:01:31.476800,2,2,69.1,0.4,68.9,61,68.8,150,,,,,,,,,,,,,,,,,69.3,150,69.4,105,,,,,,,,,,,,,,,,
2026-07-15T00:01:31.492067+00:00,2026-07-15T00:01:31.481341,2,2,69.1,0.4,68.9,61,68.8,150,,,,,,,,,,,,,,,,,69.3,150,69.4,100,,,,,,,,,,,,,,,,
2026-07-15T00:01:31.503258+00:00,2026-07-15T00:01:31.496425,2,2,69.1,0.4,68.9,66,68.8,150,,,,,,,,,,,,,,,,,69.3,150,69.4,105,,,,,,,,,,,,,,,,
2026-07-15T00:01:31.590538+00:00,2026-07-15T00:01:31.587913,2,2,69.1,0.4,68.9,66,68.8,150,,,,,,,,,,,,,,,,,69.3,150,69.4,105,,,,,,,,,,,,,,,,
2026-07-15T00:01:31.666550+00:00,2026-07-15T00:01:31.659781,1,1,69.15,0.5,68.9,66,,,,,,,,,,,,,,,,,,,69.4,105,,,,,,,,,,,,,,,,,,
2026-07-15T00:01:31.721988+00:00,2026-07-15T00:01:31.713254,1,1,69.15,0.5,68.9,216,,,,,,,,,,,,,,,,,,,69.4,105,,,,,,,,,,,,,,,,,,
2026-07-15T00:01:31.776378+00:00,2026-07-15T00:01:31.766675,1,1,69.15,0.5,68.9,216,,,,,,,,,,,,,,,,,,,69.4,255,,,,,,,,,,,,,,,,,,
2026-07-15T00:01:32.513732+00:00,2026-07-15T00:01:32.512845,1,1,69.15,0.5,68.9,211,,,,,,,,,,,,,,,,,,,69.4,250,,,,,,,,,,,,,,,,,,
2026-07-15T00:01:32.525067+00:00,2026-07-15T00:01:32.523243,2,1,69.2,0.4,69.0,5,68.9,211,,,,,,,,,,,,,,,,,69.4,250,,,,,,,,,,,,,,,,,,
2026-07-15T00:01:32.536176+00:00,2026-07-15T00:01:32.526256,2,2,69.2,0.4,69.0,5,68.9,211,,,,,,,,,,,,,,,,,69.4,250,69.5,5,,,,,,,,,,,,,,,,
2026-07-15T00:01:32.580178+00:00,2026-07-15T00:01:32.579368,2,2,69.2,0.4,69.0,5,68.9,153,,,,,,,,,,,,,,,,,69.4,150,69.5,5,,,,,,,,,,,,,,,,
2026-07-15T00:01:32.646104+00:00,2026-07-15T00:01:32.644172,2,2,69.2,0.4,69.0,5,68.9,250,,,,,,,,,,,,,,,,,69.4,150,69.5,5,,,,,,,,,,,,,,,,
2026-07-15T00:01:32.657185+00:00,2026-07-15T00:01:32.652455,2,2,69.2,0.4,69.0,8,68.9,250,,,,,,,,,,,,,,,,,69.4,150,69.5,5,,,,,,,,,,,,,,,,
2026-07-15T00:01:32.701345+00:00,2026-07-15T00:01:32.694004,2,2,69.2,0.4,69.0,8,68.9,250,,,,,,,,,,,,,,,,,69.4,250,69.5,5,,,,,,,,,,,,,,,,
2026-07-15T00:01:33.550946+00:00,2026-07-15T00:01:33.545561,2,1,69.2,0.4,69.0,3,68.9,250,,,,,,,,,,,,,,,,,69.4,250,,,,,,,,,,,,,,,,,,
2026-07-15T00:01:33.561948+00:00,2026-07-15T00:01:33.561202,2,2,69.2,0.4,69.0,8,68.9,250,,,,,,,,,,,,,,,,,69.4,250,69.5,5,,,,,,,,,,,,,,,,
2026-07-15T00:01:33.672581+00:00,2026-07-15T00:01:33.670186,2,2,69.2,0.4,69.0,8,68.9,250,,,,,,,,,,,,,,,,,69.4,250,69.5,5,,,,,,,,,,,,,,,,
2026-07-15T00:01:34.150270+00:00,2026-07-15T00:01:34.147153,2,2,69.2,0.4,69.0,8,68.9,250,,,,,,,,,,,,,,,,,69.4,200,69.5,5,,,,,,,,,,,,,,,,
2026-07-15T00:01:34.578961+00:00,2026-07-15T00:01:34.576331,2,2,69.2,0.4,69.0,3,68.9,250,,,,,,,,,,,,,,,,,69.4,200,69.5,5,,,,,,,,,,,,,,,,
2026-07-15T00:01:34.590030+00:00,2026-07-15T00:01:34.580601,2,1,69.2,0.4,69.0,3,68.9,250,,,,,,,,,,,,,,,,,69.4,200,,,,,,,,,,,,,,,,,,
2026-07-15T00:01:34.623187+00:00,2026-07-15T00:01:34.616937,2,1,69.2,0.4,69.0,3,68.9,255,,,,,,,,,,,,,,,,,69.4,205,,,,,,,,,,,,,,,,,,
2026-07-15T00:01:34.689284+00:00,2026-07-15T00:01:34.686236,1,1,69.15,0.5,68.9,258,,,,,,,,,,,,,,,,,,,69.4,205,,,,,,,,,,,,,,,,,,
2026-07-15T00:01:34.821392+00:00,2026-07-15T00:01:34.820633,1,1,69.15,0.5,68.9,258,,,,,,,,,,,,,,,,,,,69.4,105,,,,,,,,,,,,,,,,,,
2026-07-15T00:01:34.832375+00:00,2026-07-15T00:01:34.822216,1,1,69.15,0.5,68.9,108,,,,,,,,,,,,,,,,,,,69.4,105,,,,,,,,,,,,,,,,,,
2026-07-15T00:01:34.886573+00:00,2026-07-15T00:01:34.877424,2,1,69.2,0.4,69.0,150,68.9,108,,,,,,,,,,,,,,,,,69.4,105,,,,,,,,,,,,,,,,,,
2026-07-15T00:01:34.941361+00:00,2026-07-15T00:01:34.930859,2,2,69.2,0.4,69.0,150,68.9,108,,,,,,,,,,,,,,,,,69.4,105,69.5,150,,,,,,,,,,,,,,,,
2026-07-15T00:01:35.640438+00:00,2026-07-15T00:01:35.633516,2,2,69.2,0.4,69.0,150,68.9,103,,,,,,,,,,,,,,,,,69.4,100,69.5,150,,,,,,,,,,,,,,,,
2026-07-15T00:01:35.651441+00:00,2026-07-15T00:01:35.644922,2,2,69.2,0.4,69.0,150,68.9,108,,,,,,,,,,,,,,,,,69.4,100,69.5,150,,,,,,,,,,,,,,,,
2026-07-15T00:01:35.673411+00:00,2026-07-15T00:01:35.671456,2,2,69.2,0.4,69.0,150,68.9,108,,,,,,,,,,,,,,,,,69.4,105,69.5,150,,,,,,,,,,,,,,,,
2026-07-15T00:01:35.695556+00:00,2026-07-15T00:01:35.694811,2,2,69.2,0.4,69.0,150,68.9,105,,,,,,,,,,,,,,,,,69.4,105,69.5,150,,,,,,,,,,,,,,,,
2026-07-15T00:01:35.706513+00:00,2026-07-15T00:01:35.705438,2,2,69.2,0.4,69.0,153,68.9,105,,,,,,,,,,,,,,,,,69.4,105,69.5,150,,,,,,,,,,,,,,,,
2026-07-15T00:01:35.749656+00:00,2026-07-15T00:01:35.748854,2,2,69.2,0.4,69.0,153,68.9,105,,,,,,,,,,,,,,,,,69.4,5,69.5,150,,,,,,,,,,,,,,,,
2026-07-15T00:01:35.760497+00:00,2026-07-15T00:01:35.750106,2,2,69.2,0.4,69.0,153,68.9,5,,,,,,,,,,,,,,,,,69.4,5,69.5,150,,,,,,,,,,,,,,,,
2026-07-15T00:01:35.803253+00:00,2026-07-15T00:01:35.802634,3,2,69.2,0.4,69.0,153,68.9,5,68.7,100,,,,,,,,,,,,,,,69.4,5,69.5,150,,,,,,,,,,,,,,,,
2026-07-15T00:01:35.856673+00:00,2026-07-15T00:01:35.855501,3,3,69.1,0.2,69.0,153,68.9,5,68.7,100,,,,,,,,,,,,,,,69.2,100,69.4,5,69.5,150,,,,,,,,,,,,,,
2026-07-15T00:01:36.287558+00:00,2026-07-15T00:01:36.280807,3,3,69.1,0.2,69.0,153,68.9,5,68.7,100,,,,,,,,,,,,,,,69.2,50,69.4,5,69.5,150,,,,,,,,,,,,,,
2026-07-15T00:01:36.697590+00:00,2026-07-15T00:01:36.695678,2,2,69.1,0.2,69.0,153,68.7,100,,,,,,,,,,,,,,,,,69.2,50,69.5,150,,,,,,,,,,,,,,,,
2026-07-15T00:01:36.719426+00:00,2026-07-15T00:01:36.717606,3,3,69.1,0.2,69.0,153,68.8,5,68.7,100,,,,,,,,,,,,,,,69.2,50,69.3,5,69.5,150,,,,,,,,,,,,,,
2026-07-15T00:01:36.730479+00:00,2026-07-15T00:01:36.720981,3,3,69.1,0.2,69.0,150,68.8,5,68.7,100,,,,,,,,,,,,,,,69.2,50,69.3,5,69.5,150,,,,,,,,,,,,,,
2026-07-15T00:01:36.741409+00:00,2026-07-15T00:01:36.731425,3,3,69.1,0.2,69.0,153,68.8,5,68.7,100,,,,,,,,,,,,,,,69.2,50,69.3,5,69.5,150,,,,,,,,,,,,,,
2026-07-15T00:01:37.736890+00:00,2026-07-15T00:01:37.734893,2,2,69.1,0.2,69.0,153,68.7,100,,,,,,,,,,,,,,,,,69.2,50,69.5,150,,,,,,,,,,,,,,,,
2026-07-15T00:01:37.748173+00:00,2026-07-15T00:01:37.739458,2,2,69.1,0.2,69.0,150,68.7,100,,,,,,,,,,,,,,,,,69.2,50,69.5,150,,,,,,,,,,,,,,,,
2026-07-15T00:01:37.759433+00:00,2026-07-15T00:01:37.755170,3,3,69.1,0.2,69.0,153,68.9,5,68.7,100,,,,,,,,,,,,,,,69.2,50,69.4,5,69.5,150,,,,,,,,,,,,,,
2026-07-15T00:01:37.985040+00:00,2026-07-15T00:01:37.983917,3,2,69.1,0.2,69.0,153,68.9,5,68.7,100,,,,,,,,,,,,,,,69.2,50,69.4,5,,,,,,,,,,,,,,,,
2026-07-15T00:01:37.995815+00:00,2026-07-15T00:01:37.985460,3,2,69.1,0.2,69.0,3,68.9,5,68.7,100,,,,,,,,,,,,,,,69.2,50,69.4,5,,,,,,,,,,,,,,,,
2026-07-15T00:01:38.049101+00:00,2026-07-15T00:01:38.038755,3,2,69.1,0.2,69.0,153,68.9,5,68.7,100,,,,,,,,,,,,,,,69.2,50,69.4,5,,,,,,,,,,,,,,,,
2026-07-15T00:01:38.102761+00:00,2026-07-15T00:01:38.092287,3,3,69.1,0.2,69.0,153,68.9,5,68.7,100,,,,,,,,,,,,,,,69.2,50,69.4,5,69.5,150,,,,,,,,,,,,,,
2026-07-15T00:01:38.389331+00:00,2026-07-15T00:01:38.388146,3,2,69.2,0.4,69.0,153,68.9,5,68.7,100,,,,,,,,,,,,,,,69.4,5,69.5,150,,,,,,,,,,,,,,,,
2026-07-15T00:01:38.763528+00:00,2026-07-15T00:01:38.761469,3,2,69.2,0.4,69.0,150,68.9,5,68.7,100,,,,,,,,,,,,,,,69.4,5,69.5,150,,,,,,,,,,,,,,,,
2026-07-15T00:01:38.774312+00:00,2026-07-15T00:01:38.771050,2,2,69.2,0.4,69.0,153,68.7,100,,,,,,,,,,,,,,,,,69.4,5,69.5,150,,,,,,,,,,,,,,,,
2026-07-15T00:01:38.784999+00:00,2026-07-15T00:01:38.774549,2,1,69.25,0.5,69.0,153,68.7,100,,,,,,,,,,,,,,,,,69.5,150,,,,,,,,,,,,,,,,,,
2026-07-15T00:01:38.795674+00:00,2026-07-15T00:01:38.787945,2,1,69.25,0.5,69.0,158,68.7,100,,,,,,,,,,,,,,,,,69.5,155,,,,,,,,,,,,,,,,,,
2026-07-15T00:01:38.913348+00:00,2026-07-15T00:01:38.909915,1,1,69.25,0.5,69.0,158,,,,,,,,,,,,,,,,,,,69.5,155,,,,,,,,,,,,,,,,,,
2026-07-15T00:01:38.966931+00:00,2026-07-15T00:01:38.964335,2,1,69.3,0.4,69.1,100,69.0,158,,,,,,,,,,,,,,,,,69.5,155,,,,,,,,,,,,,,,,,,
2026-07-15T00:01:39.021695+00:00,2026-07-15T00:01:39.016864,2,2,69.3,0.4,69.1,100,69.0,158,,,,,,,,,,,,,,,,,69.5,155,69.6,100,,,,,,,,,,,,,,,,
2026-07-15T00:01:39.808090+00:00,2026-07-15T00:01:39.807184,2,2,69.3,0.4,69.1,100,69.0,153,,,,,,,,,,,,,,,,,69.5,150,69.6,100,,,,,,,,,,,,,,,,
2026-07-15T00:01:39.819180+00:00,2026-07-15T00:01:39.817873,2,2,69.3,0.4,69.1,100,69.0,158,,,,,,,,,,,,,,,,,69.5,150,69.6,100,,,,,,,,,,,,,,,,
2026-07-15T00:01:39.830176+00:00,2026-07-15T00:01:39.821363,2,2,69.3,0.4,69.1,100,69.0,158,,,,,,,,,,,,,,,,,69.5,155,69.6,100,,,,,,,,,,,,,,,,
2026-07-15T00:01:40.375971+00:00,2026-07-15T00:01:40.373310,2,2,69.3,0.4,69.1,100,69.0,155,,,,,,,,,,,,,,,,,69.5,155,69.6,100,,,,,,,,,,,,,,,,
2026-07-15T00:01:40.507337+00:00,2026-07-15T00:01:40.496743,2,2,69.3,0.4,69.1,100,69.0,155,,,,,,,,,,,,,,,,,69.5,105,69.6,100,,,,,,,,,,,,,,,,
2026-07-15T00:01:40.618131+00:00,2026-07-15T00:01:40.617274,2,2,69.3,0.4,69.1,103,69.0,155,,,,,,,,,,,,,,,,,69.5,105,69.6,100,,,,,,,,,,,,,,,,
2026-07-15T00:01:40.836397+00:00,2026-07-15T00:01:40.835687,2,2,69.3,0.4,69.1,103,69.0,150,,,,,,,,,,,,,,,,,69.5,105,69.6,100,,,,,,,,,,,,,,,,
2026-07-15T00:01:40.847709+00:00,2026-07-15T00:01:40.839665,2,2,69.3,0.4,69.1,103,69.0,150,,,,,,,,,,,,,,,,,69.5,100,69.6,100,,,,,,,,,,,,,,,,
2026-07-15T00:01:40.858919+00:00,2026-07-15T00:01:40.853583,2,2,69.3,0.4,69.1,103,69.0,155,,,,,,,,,,,,,,,,,69.5,105,69.6,100,,,,,,,,,,,,,,,,
2026-07-15T00:01:41.150644+00:00,2026-07-15T00:01:41.145881,2,2,69.3,0.4,69.1,103,69.0,5,,,,,,,,,,,,,,,,,69.5,5,69.6,100,,,,,,,,,,,,,,,,
2026-07-15T00:01:41.205720+00:00,2026-07-15T00:01:41.198139,3,2,69.35,0.3,69.2,150,69.1,103,69.0,5,,,,,,,,,,,,,,,69.5,5,69.6,100,,,,,,,,,,,,,,,,
2026-07-15T00:01:41.259830+00:00,2026-07-15T00:01:41.252484,3,3,69.35,0.3,69.2,150,69.1,103,69.0,5,,,,,,,,,,,,,,,69.5,5,69.6,100,69.7,150,,,,,,,,,,,,,,
2026-07-15T00:01:41.626630+00:00,2026-07-15T00:01:41.625929,3,3,69.35,0.3,69.2,150,69.1,100,69.0,5,,,,,,,,,,,,,,,69.5,5,69.6,100,69.7,150,,,,,,,,,,,,,,
2026-07-15T00:01:41.637645+00:00,2026-07-15T00:01:41.631701,3,3,69.35,0.3,69.2,145,69.1,100,69.0,5,,,,,,,,,,,,,,,69.5,5,69.6,100,69.7,150,,,,,,,,,,,,,,
2026-07-15T00:01:41.648762+00:00,2026-07-15T00:01:41.642167,3,3,69.35,0.3,69.2,148,69.1,100,69.0,5,,,,,,,,,,,,,,,69.5,5,69.6,100,69.7,150,,,,,,,,,,,,,,
2026-07-15T00:01:41.876967+00:00,2026-07-15T00:01:41.872116,2,2,69.4,0.4,69.2,148,69.1,100,,,,,,,,,,,,,,,,,69.6,100,69.7,150,,,,,,,,,,,,,,,,
2026-07-15T00:01:41.888015+00:00,2026-07-15T00:01:41.885475,3,3,69.35,0.3,69.2,148,69.1,100,69.0,5,,,,,,,,,,,,,,,69.5,5,69.6,100,69.7,150,,,,,,,,,,,,,,
2026-07-15T00:01:42.081833+00:00,2026-07-15T00:01:42.074052,2,2,69.35,0.3,69.2,148,69.0,5,,,,,,,,,,,,,,,,,69.5,5,69.7,150,,,,,,,,,,,,,,,,
2026-07-15T00:01:42.136160+00:00,2026-07-15T00:01:42.126911,2,2,69.35,0.3,69.2,148,69.0,105,,,,,,,,,,,,,,,,,69.5,5,69.7,150,,,,,,,,,,,,,,,,
2026-07-15T00:01:42.190159+00:00,2026-07-15T00:01:42.179908,2,2,69.35,0.3,69.2,148,69.0,105,,,,,,,,,,,,,,,,,69.5,105,69.7,150,,,,,,,,,,,,,,,,
2026-07-15T00:01:42.614388+00:00,2026-07-15T00:01:42.610860,2,2,69.35,0.3,69.2,148,69.0,105,,,,,,,,,,,,,,,,,69.5,55,69.7,150,,,,,,,,,,,,,,,,
2026-07-15T00:01:42.657629+00:00,2026-07-15T00:01:42.655930,2,2,69.35,0.3,69.2,140,69.0,105,,,,,,,,,,,,,,,,,69.5,55,69.7,150,,,,,,,,,,,,,,,,
2026-07-15T00:01:42.679834+00:00,2026-07-15T00:01:42.669152,2,2,69.35,0.3,69.2,143,69.0,105,,,,,,,,,,,,,,,,,69.5,55,69.7,150,,,,,,,,,,,,,,,,
2026-07-15T00:01:42.906968+00:00,2026-07-15T00:01:42.899065,2,2,69.35,0.3,69.2,143,69.0,100,,,,,,,,,,,,,,,,,69.5,55,69.7,150,,,,,,,,,,,,,,,,
2026-07-15T00:01:42.940550+00:00,2026-07-15T00:01:42.938605,3,2,69.35,0.3,69.2,143,69.1,5,69.0,100,,,,,,,,,,,,,,,69.5,55,69.7,150,,,,,,,,,,,,,,,,
2026-07-15T00:01:42.951711+00:00,2026-07-15T00:01:42.941912,3,3,69.35,0.3,69.2,143,69.1,5,69.0,100,,,,,,,,,,,,,,,69.5,55,69.6,5,69.7,150,,,,,,,,,,,,,,
2026-07-15T00:01:43.680328+00:00,2026-07-15T00:01:43.675054,3,3,69.35,0.3,69.2,140,69.1,5,69.0,100,,,,,,,,,,,,,,,69.5,55,69.6,5,69.7,150,,,,,,,,,,,,,,
2026-07-15T00:01:43.691423+00:00,2026-07-15T00:01:43.686353,3,3,69.35,0.3,69.2,143,69.1,5,69.0,100,,,,,,,,,,,,,,,69.5,55,69.6,5,69.7,150,,,,,,,,,,,,,,
2026-07-15T00:01:43.965422+00:00,2026-07-15T00:01:43.959515,2,2,69.35,0.3,69.2,143,69.0,100,,,,,,,,,,,,,,,,,69.5,55,69.7,150,,,,,,,,,,,,,,,,
2026-07-15T00:01:43.976811+00:00,2026-07-15T00:01:43.975799,3,3,69.35,0.3,69.2,143,69.1,5,69.0,100,,,,,,,,,,,,,,,69.5,55,69.6,5,69.7,150,,,,,,,,,,,,,,
2026-07-15T00:01:44.317573+00:00,2026-07-15T00:01:44.308656,3,2,69.35,0.3,69.2,3,69.1,5,69.0,100,,,,,,,,,,,,,,,69.5,55,69.6,5,,,,,,,,,,,,,,,,
2026-07-15T00:01:44.371468+00:00,2026-07-15T00:01:44.362434,4,2,69.4,0.2,69.3,150,69.2,3,69.1,5,69.0,100,,,,,,,,,,,,,69.5,55,69.6,5,,,,,,,,,,,,,,,,
2026-07-15T00:01:44.425465+00:00,2026-07-15T00:01:44.415001,4,3,69.4,0.2,69.3,150,69.2,3,69.1,5,69.0,100,,,,,,,,,,,,,69.5,55,69.6,5,69.8,150,,,,,,,,,,,,,,
2026-07-15T00:01:44.706470+00:00,2026-07-15T00:01:44.703804,3,3,69.4,0.2,69.3,153,69.1,5,69.0,100,,,,,,,,,,,,,,,69.5,55,69.6,5,69.8,150,,,,,,,,,,,,,,
