recv_time,book_timestamp,n_bids,n_asks,mid,spread,bid_px_0,bid_vol_0,bid_px_1,bid_vol_1,bid_px_2,bid_vol_2,bid_px_3,bid_vol_3,bid_px_4,bid_vol_4,bid_px_5,bid_vol_5,bid_px_6,bid_vol_6,bid_px_7,bid_vol_7,bid_px_8,bid_vol_8,bid_px_9,bid_vol_9,ask_px_0,ask_vol_0,ask_px_1,ask_vol_1,ask_px_2,ask_vol_2,ask_px_3,ask_vol_3,ask_px_4,ask_vol_4,ask_px_5,ask_vol_5,ask_px_6,ask_vol_6,ask_px_7,ask_vol_7,ask_px_8,ask_vol_8,ask_px_9,ask_vol_9
2026-07-02T11:00:00.061155+00:00,2026-07-02T11:00:00.041517,2,1,112.15,0.5,111.9,150,111.8,7,,,,,,,,,,,,,,,,,112.4,150,,,,,,,,,,,,,,,,,,
2026-07-02T11:00:00.126785+00:00,2026-07-02T11:00:00.094935,3,1,112.2,0.4,112.0,100,111.9,150,111.8,7,,,,,,,,,,,,,,,112.4,150,,,,,,,,,,,,,,,,,,
2026-07-02T11:00:00.231472+00:00,2026-07-02T11:00:00.145830,3,2,112.2,0.4,112.0,100,111.9,150,111.8,7,,,,,,,,,,,,,,,112.4,150,112.5,100,,,,,,,,,,,,,,,,
2026-07-02T11:00:00.425542+00:00,2026-07-02T11:00:00.425506,3,2,112.2,0.4,112.0,50,111.9,150,111.8,7,,,,,,,,,,,,,,,112.4,150,112.5,100,,,,,,,,,,,,,,,,
2026-07-02T11:00:01.381661+00:00,2026-07-02T11:00:01.389214,2,1,112.25,0.5,112.0,50,111.8,7,,,,,,,,,,,,,,,,,112.5,100,,,,,,,,,,,,,,,,,,
2026-07-02T11:00:01.439036+00:00,2026-07-02T11:00:01.441425,3,1,112.3,0.4,112.1,150,112.0,50,111.8,7,,,,,,,,,,,,,,,112.5,100,,,,,,,,,,,,,,,,,,
2026-07-02T11:00:01.512536+00:00,2026-07-02T11:00:01.512491,3,2,112.3,0.4,112.1,150,112.0,50,111.8,7,,,,,,,,,,,,,,,112.5,100,112.6,150,,,,,,,,,,,,,,,,
2026-07-02T11:00:02.531433+00:00,2026-07-02T11:00:02.522756,3,2,112.3,0.4,112.1,100,112.0,50,111.8,7,,,,,,,,,,,,,,,112.5,100,112.6,150,,,,,,,,,,,,,,,,
2026-07-02T11:00:03.206897+00:00,2026-07-02T11:00:03.206832,2,1,112.35,0.5,112.1,100,111.8,7,,,,,,,,,,,,,,,,,112.6,150,,,,,,,,,,,,,,,,,,
2026-07-02T11:00:03.258672+00:00,2026-07-02T11:00:03.255660,2,1,112.35,0.5,112.1,100,111.8,107,,,,,,,,,,,,,,,,,112.6,150,,,,,,,,,,,,,,,,,,
2026-07-02T11:00:03.334948+00:00,2026-07-02T11:00:03.319308,2,2,112.2,0.2,112.1,100,111.8,107,,,,,,,,,,,,,,,,,112.3,100,112.6,150,,,,,,,,,,,,,,,,
2026-07-02T11:00:04.301498+00:00,2026-07-02T11:00:04.301416,2,2,112.2,0.2,112.1,100,111.8,105,,,,,,,,,,,,,,,,,112.3,100,112.6,150,,,,,,,,,,,,,,,,
2026-07-02T11:00:04.570229+00:00,2026-07-02T11:00:04.570093,1,1,112.05,0.5,111.8,105,,,,,,,,,,,,,,,,,,,112.3,100,,,,,,,,,,,,,,,,,,
2026-07-02T11:00:04.591111+00:00,2026-07-02T11:00:04.591009,1,1,112.05,0.5,111.8,105,,,,,,,,,,,,,,,,,,,112.3,50,,,,,,,,,,,,,,,,,,
2026-07-02T11:00:04.622249+00:00,2026-07-02T11:00:04.622170,2,1,112.15,0.3,112.0,150,111.8,105,,,,,,,,,,,,,,,,,112.3,50,,,,,,,,,,,,,,,,,,
2026-07-02T11:00:04.677165+00:00,2026-07-02T11:00:04.677141,2,2,112.15,0.3,112.0,150,111.8,105,,,,,,,,,,,,,,,,,112.3,50,112.5,150,,,,,,,,,,,,,,,,
2026-07-02T11:00:05.015842+00:00,2026-07-02T11:00:05.011214,2,2,112.15,0.3,112.0,108,111.8,105,,,,,,,,,,,,,,,,,112.3,50,112.5,150,,,,,,,,,,,,,,,,
2026-07-02T11:00:05.637843+00:00,2026-07-02T11:00:05.637716,2,2,112.15,0.3,112.0,108,111.8,104,,,,,,,,,,,,,,,,,112.3,50,112.5,150,,,,,,,,,,,,,,,,
2026-07-02T11:00:06.197175+00:00,2026-07-02T11:00:06.197084,2,2,112.15,0.3,112.0,62,111.8,104,,,,,,,,,,,,,,,,,112.3,50,112.5,150,,,,,,,,,,,,,,,,
2026-07-02T11:00:06.385740+00:00,2026-07-02T11:00:06.385688,2,1,112.25,0.5,112.0,62,111.8,104,,,,,,,,,,,,,,,,,112.5,150,,,,,,,,,,,,,,,,,,
2026-07-02T11:00:06.390989+00:00,2026-07-02T11:00:06.390869,2,1,112.25,0.5,112.0,62,111.8,4,,,,,,,,,,,,,,,,,112.5,150,,,,,,,,,,,,,,,,,,
2026-07-02T11:00:06.443939+00:00,2026-07-02T11:00:06.443808,2,1,112.25,0.5,112.0,62,111.8,104,,,,,,,,,,,,,,,,,112.5,150,,,,,,,,,,,,,,,,,,
2026-07-02T11:00:06.492342+00:00,2026-07-02T11:00:06.492290,2,2,112.15,0.3,112.0,62,111.8,104,,,,,,,,,,,,,,,,,112.3,100,112.5,150,,,,,,,,,,,,,,,,
2026-07-02T11:00:06.750634+00:00,2026-07-02T11:00:06.750514,2,2,112.15,0.3,112.0,12,111.8,104,,,,,,,,,,,,,,,,,112.3,100,112.5,150,,,,,,,,,,,,,,,,
2026-07-02T11:00:07.729588+00:00,2026-07-02T11:00:07.729539,1,1,112.05,0.5,111.8,104,,,,,,,,,,,,,,,,,,,112.3,100,,,,,,,,,,,,,,,,,,
2026-07-02T11:00:07.782170+00:00,2026-07-02T11:00:07.782303,2,1,112.05,0.5,111.8,104,111.3,150,,,,,,,,,,,,,,,,,112.3,100,,,,,,,,,,,,,,,,,,
2026-07-02T11:00:07.850987+00:00,2026-07-02T11:00:07.844542,1,2,111.55,0.5,111.3,150,,,,,,,,,,,,,,,,,,,111.8,23,112.3,100,,,,,,,,,,,,,,,,
2026-07-02T11:00:08.155217+00:00,2026-07-02T11:00:08.157561,1,2,111.55,0.5,111.3,150,,,,,,,,,,,,,,,,,,,111.8,17,112.3,100,,,,,,,,,,,,,,,,
2026-07-02T11:00:08.217691+00:00,2026-07-02T11:00:08.211825,1,2,111.55,0.5,111.3,150,,,,,,,,,,,,,,,,,,,111.8,6,112.3,100,,,,,,,,,,,,,,,,
2026-07-02T11:00:08.286409+00:00,2026-07-02T11:00:08.286264,1,1,111.8,1.0,111.3,150,,,,,,,,,,,,,,,,,,,112.3,100,,,,,,,,,,,,,,,,,,
2026-07-02T11:00:08.805903+00:00,2026-07-02T11:00:08.805802,1,1,111.8,1.0,111.3,150,,,,,,,,,,,,,,,,,,,112.3,50,,,,,,,,,,,,,,,,,,
2026-07-02T11:00:09.550041+00:00,2026-07-02T11:00:09.549890,1,0,,,111.3,150,,,,,,,,,,,,,,,,,,,,,,,,,,,,,,,,,,,,,,
2026-07-02T11:00:09.603238+00:00,2026-07-02T11:00:09.603194,2,0,,,111.7,100,111.3,150,,,,,,,,,,,,,,,,,,,,,,,,,,,,,,,,,,,,
2026-07-02T11:00:09.658593+00:00,2026-07-02T11:00:09.651487,2,1,111.95,0.5,111.7,100,111.3,150,,,,,,,,,,,,,,,,,112.2,100,,,,,,,,,,,,,,,,,,
2026-07-02T11:00:10.894666+00:00,2026-07-02T11:00:10.894536,1,1,111.95,0.5,111.7,100,,,,,,,,,,,,,,,,,,,112.2,100,,,,,,,,,,,,,,,,,,
2026-07-02T11:00:10.913067+00:00,2026-07-02T11:00:10.912941,1,1,111.95,0.5,111.7,100,,,,,,,,,,,,,,,,,,,112.2,50,,,,,,,,,,,,,,,,,,
2026-07-02T11:00:10.944741+00:00,2026-07-02T11:00:10.944610,2,1,112.1,0.2,112.0,150,111.7,100,,,,,,,,,,,,,,,,,112.2,50,,,,,,,,,,,,,,,,,,
2026-07-02T11:00:11.000732+00:00,2026-07-02T11:00:11.000667,2,2,112.1,0.2,112.0,150,111.7,100,,,,,,,,,,,,,,,,,112.2,50,112.5,150,,,,,,,,,,,,,,,,
2026-07-02T11:00:11.085270+00:00,2026-07-02T11:00:11.072940,2,2,112.1,0.2,112.0,139,111.7,100,,,,,,,,,,,,,,,,,112.2,50,112.5,150,,,,,,,,,,,,,,,,
2026-07-02T11:00:11.634812+00:00,2026-07-02T11:00:11.634632,2,3,112.05,0.1,112.0,139,111.7,100,,,,,,,,,,,,,,,,,112.1,5,112.2,50,112.5,150,,,,,,,,,,,,,,
2026-07-02T11:00:11.700475+00:00,2026-07-02T11:00:11.700394,2,2,112.1,0.2,112.0,139,111.7,100,,,,,,,,,,,,,,,,,112.2,50,112.5,150,,,,,,,,,,,,,,,,
2026-07-02T11:00:12.706819+00:00,2026-07-02T11:00:12.706784,2,1,112.25,0.5,112.0,139,111.7,100,,,,,,,,,,,,,,,,,112.5,150,,,,,,,,,,,,,,,,,,
2026-07-02T11:00:12.711870+00:00,2026-07-02T11:00:12.711980,1,1,112.25,0.5,112.0,139,,,,,,,,,,,,,,,,,,,112.5,150,,,,,,,,,,,,,,,,,,
2026-07-02T11:00:12.764433+00:00,2026-07-02T11:00:12.764279,1,1,112.25,0.5,112.0,239,,,,,,,,,,,,,,,,,,,112.5,150,,,,,,,,,,,,,,,,,,
2026-07-02T11:00:12.817125+00:00,2026-07-02T11:00:12.817238,1,1,112.25,0.5,112.0,239,,,,,,,,,,,,,,,,,,,112.5,250,,,,,,,,,,,,,,,,,,
2026-07-02T11:00:12.822609+00:00,2026-07-02T11:00:12.822468,1,1,112.25,0.5,112.0,239,,,,,,,,,,,,,,,,,,,112.5,204,,,,,,,,,,,,,,,,,,
2026-07-02T11:00:13.073819+00:00,2026-07-02T11:00:13.073989,1,1,112.25,0.5,112.0,189,,,,,,,,,,,,,,,,,,,112.5,204,,,,,,,,,,,,,,,,,,
2026-07-02T11:00:13.987099+00:00,2026-07-02T11:00:13.986930,1,1,112.25,0.5,112.0,189,,,,,,,,,,,,,,,,,,,112.5,163,,,,,,,,,,,,,,,,,,
2026-07-02T11:00:14.058794+00:00,2026-07-02T11:00:14.058680,1,1,112.25,0.5,112.0,100,,,,,,,,,,,,,,,,,,,112.5,100,,,,,,,,,,,,,,,,,,
2026-07-02T11:00:14.111203+00:00,2026-07-02T11:00:14.111117,2,1,112.35,0.3,112.2,150,112.0,100,,,,,,,,,,,,,,,,,112.5,100,,,,,,,,,,,,,,,,,,
2026-07-02T11:00:14.163918+00:00,2026-07-02T11:00:14.163785,2,2,112.35,0.3,112.2,150,112.0,100,,,,,,,,,,,,,,,,,112.5,100,112.7,150,,,,,,,,,,,,,,,,
2026-07-02T11:00:14.514922+00:00,2026-07-02T11:00:14.508770,2,2,112.35,0.3,112.2,144,112.0,100,,,,,,,,,,,,,,,,,112.5,100,112.7,150,,,,,,,,,,,,,,,,
2026-07-02T11:00:14.683957+00:00,2026-07-02T11:00:14.678605,2,2,112.35,0.3,112.2,138,112.0,100,,,,,,,,,,,,,,,,,112.5,100,112.7,150,,,,,,,,,,,,,,,,
2026-07-02T11:00:15.181855+00:00,2026-07-02T11:00:15.181809,2,2,112.35,0.3,112.2,88,112.0,100,,,,,,,,,,,,,,,,,112.5,100,112.7,150,,,,,,,,,,,,,,,,
2026-07-02T11:00:15.872629+00:00,2026-07-02T11:00:15.872536,1,1,112.45,0.5,112.2,88,,,,,,,,,,,,,,,,,,,112.7,150,,,,,,,,,,,,,,,,,,
2026-07-02T11:00:15.922516+00:00,2026-07-02T11:00:15.922442,1,1,112.45,0.5,112.2,188,,,,,,,,,,,,,,,,,,,112.7,150,,,,,,,,,,,,,,,,,,
2026-07-02T11:00:15.975093+00:00,2026-07-02T11:00:15.975053,1,1,112.45,0.5,112.2,188,,,,,,,,,,,,,,,,,,,112.7,250,,,,,,,,,,,,,,,,,,
2026-07-02T11:00:17.228044+00:00,2026-07-02T11:00:17.228005,1,1,112.45,0.5,112.2,100,,,,,,,,,,,,,,,,,,,112.7,100,,,,,,,,,,,,,,,,,,
2026-07-02T11:00:17.233443+00:00,2026-07-02T11:00:17.233308,1,1,112.45,0.5,112.2,100,,,,,,,,,,,,,,,,,,,112.7,50,,,,,,,,,,,,,,,,,,
2026-07-02T11:00:17.286859+00:00,2026-07-02T11:00:17.286956,2,1,112.45,0.5,112.2,100,112.0,150,,,,,,,,,,,,,,,,,112.7,50,,,,,,,,,,,,,,,,,,
2026-07-02T11:00:17.340025+00:00,2026-07-02T11:00:17.339888,2,2,112.35,0.3,112.2,100,112.0,150,,,,,,,,,,,,,,,,,112.5,150,112.7,50,,,,,,,,,,,,,,,,
2026-07-02T11:00:18.693227+00:00,2026-07-02T11:00:18.693136,2,3,112.25,0.1,112.2,100,112.0,150,,,,,,,,,,,,,,,,,112.3,3,112.5,150,112.7,50,,,,,,,,,,,,,,
2026-07-02T11:00:19.039437+00:00,2026-07-02T11:00:19.039280,1,2,112.15,0.3,112.0,150,,,,,,,,,,,,,,,,,,,112.3,3,112.5,150,,,,,,,,,,,,,,,,
2026-07-02T11:00:19.095420+00:00,2026-07-02T11:00:19.095324,2,2,112.25,0.1,112.2,100,112.0,150,,,,,,,,,,,,,,,,,112.3,3,112.5,150,,,,,,,,,,,,,,,,
2026-07-02T11:00:19.152459+00:00,2026-07-02T11:00:19.152319,2,3,112.25,0.1,112.2,100,112.0,150,,,,,,,,,,,,,,,,,112.3,3,112.5,150,112.7,100,,,,,,,,,,,,,,
2026-07-02T11:00:19.281161+00:00,2026-07-02T11:00:19.281089,2,3,112.25,0.1,112.2,100,112.0,150,,,,,,,,,,,,,,,,,112.3,1,112.5,150,112.7,100,,,,,,,,,,,,,,
2026-07-02T11:00:19.345992+00:00,2026-07-02T11:00:19.345857,2,2,112.35,0.3,112.2,100,112.0,150,,,,,,,,,,,,,,,,,112.5,101,112.7,100,,,,,,,,,,,,,,,,
2026-07-02T11:00:20.309931+00:00,2026-07-02T11:00:20.302647,2,2,112.35,0.3,112.2,89,112.0,150,,,,,,,,,,,,,,,,,112.5,101,112.7,100,,,,,,,,,,,,,,,,
2026-07-02T11:00:20.396174+00:00,2026-07-02T11:00:20.396077,1,1,112.45,0.5,112.2,89,,,,,,,,,,,,,,,,,,,112.7,100,,,,,,,,,,,,,,,,,,
2026-07-02T11:00:20.449667+00:00,2026-07-02T11:00:20.449544,2,1,112.45,0.5,112.2,89,112.0,150,,,,,,,,,,,,,,,,,112.7,100,,,,,,,,,,,,,,,,,,
2026-07-02T11:00:20.505557+00:00,2026-07-02T11:00:20.505444,2,2,112.35,0.3,112.2,89,112.0,150,,,,,,,,,,,,,,,,,112.5,150,112.7,100,,,,,,,,,,,,,,,,
2026-07-02T11:00:20.592019+00:00,2026-07-02T11:00:20.591909,2,2,112.35,0.3,112.2,45,112.0,150,,,,,,,,,,,,,,,,,112.5,150,112.7,100,,,,,,,,,,,,,,,,
2026-07-02T11:00:21.100113+00:00,2026-07-02T11:00:21.099993,2,2,112.35,0.3,112.2,45,112.0,150,,,,,,,,,,,,,,,,,112.5,108,112.7,100,,,,,,,,,,,,,,,,
2026-07-02T11:00:21.163946+00:00,2026-07-02T11:00:21.163839,2,2,112.35,0.3,112.2,1,112.0,150,,,,,,,,,,,,,,,,,112.5,108,112.7,100,,,,,,,,,,,,,,,,
2026-07-02T11:00:22.132773+00:00,2026-07-02T11:00:22.132975,1,2,112.25,0.5,112.0,109,,,,,,,,,,,,,,,,,,,112.5,108,112.7,100,,,,,,,,,,,,,,,,
2026-07-02T11:00:22.205117+00:00,2026-07-02T11:00:22.205028,1,1,112.25,0.5,112.0,109,,,,,,,,,,,,,,,,,,,112.5,108,,,,,,,,,,,,,,,,,,
2026-07-02T11:00:22.259385+00:00,2026-07-02T11:00:22.251313,2,1,112.25,0.5,112.0,109,111.7,100,,,,,,,,,,,,,,,,,112.5,108,,,,,,,,,,,,,,,,,,
2026-07-02T11:00:22.309361+00:00,2026-07-02T11:00:22.309246,2,2,112.1,0.2,112.0,109,111.7,100,,,,,,,,,,,,,,,,,112.2,100,112.5,108,,,,,,,,,,,,,,,,
2026-07-02T11:00:23.556447+00:00,2026-07-02T11:00:23.556615,2,1,112.1,0.2,112.0,109,111.7,100,,,,,,,,,,,,,,,,,112.2,100,,,,,,,,,,,,,,,,,,
2026-07-02T11:00:23.561910+00:00,2026-07-02T11:00:23.561823,1,1,111.95,0.5,111.7,100,,,,,,,,,,,,,,,,,,,112.2,100,,,,,,,,,,,,,,,,,,
2026-07-02T11:00:23.578925+00:00,2026-07-02T11:00:23.578862,1,1,111.95,0.5,111.7,100,,,,,,,,,,,,,,,,,,,112.2,50,,,,,,,,,,,,,,,,,,
2026-07-02T11:00:23.617202+00:00,2026-07-02T11:00:23.617144,2,1,112.15,0.1,112.1,150,111.7,100,,,,,,,,,,,,,,,,,112.2,50,,,,,,,,,,,,,,,,,,
2026-07-02T11:00:23.671042+00:00,2026-07-02T11:00:23.670969,2,2,112.15,0.1,112.1,150,111.7,100,,,,,,,,,,,,,,,,,112.2,1,112.6,150,,,,,,,,,,,,,,,,
2026-07-02T11:00:24.658749+00:00,2026-07-02T11:00:24.658875,2,3,112.15,0.1,112.1,150,111.7,100,,,,,,,,,,,,,,,,,112.2,1,112.3,4,112.6,150,,,,,,,,,,,,,,
2026-07-02T11:00:25.187513+00:00,2026-07-02T11:00:25.187352,2,3,112.15,0.1,112.1,107,111.7,100,,,,,,,,,,,,,,,,,112.2,1,112.3,4,112.6,150,,,,,,,,,,,,,,
2026-07-02T11:00:25.364210+00:00,2026-07-02T11:00:25.364161,1,2,112.2,0.2,112.1,107,,,,,,,,,,,,,,,,,,,112.3,4,112.6,150,,,,,,,,,,,,,,,,
2026-07-02T11:00:25.417535+00:00,2026-07-02T11:00:25.417439,1,2,112.2,0.2,112.1,207,,,,,,,,,,,,,,,,,,,112.3,4,112.6,150,,,,,,,,,,,,,,,,
2026-07-02T11:00:25.471946+00:00,2026-07-02T11:00:25.472054,1,2,112.2,0.2,112.1,207,,,,,,,,,,,,,,,,,,,112.3,4,112.6,250,,,,,,,,,,,,,,,,
2026-07-02T11:00:25.666926+00:00,2026-07-02T11:00:25.666796,1,2,112.2,0.2,112.1,207,,,,,,,,,,,,,,,,,,,112.3,1,112.6,250,,,,,,,,,,,,,,,,
2026-07-02T11:00:26.414550+00:00,2026-07-02T11:00:26.414363,1,1,112.35,0.5,112.1,207,,,,,,,,,,,,,,,,,,,112.6,250,,,,,,,,,,,,,,,,,,
2026-07-02T11:00:26.722155+00:00,2026-07-02T11:00:26.722061,1,1,112.35,0.5,112.1,207,,,,,,,,,,,,,,,,,,,112.6,100,,,,,,,,,,,,,,,,,,
2026-07-02T11:00:26.727280+00:00,2026-07-02T11:00:26.727246,1,1,112.35,0.5,112.1,100,,,,,,,,,,,,,,,,,,,112.6,100,,,,,,,,,,,,,,,,,,
2026-07-02T11:00:26.785299+00:00,2026-07-02T11:00:26.785198,2,1,112.35,0.5,112.1,100,111.9,150,,,,,,,,,,,,,,,,,112.6,100,,,,,,,,,,,,,,,,,,
2026-07-02T11:00:26.839635+00:00,2026-07-02T11:00:26.839490,2,2,112.25,0.3,112.1,100,111.9,150,,,,,,,,,,,,,,,,,112.4,150,112.6,100,,,,,,,,,,,,,,,,
2026-07-02T11:00:27.916063+00:00,2026-07-02T11:00:27.915963,3,2,112.25,0.3,112.1,100,112.0,3,111.9,150,,,,,,,,,,,,,,,112.4,150,112.6,100,,,,,,,,,,,,,,,,
2026-07-02T11:00:28.354049+00:00,2026-07-02T11:00:28.353911,3,3,112.2,0.2,112.1,100,112.0,3,111.9,150,,,,,,,,,,,,,,,112.3,1,112.4,150,112.6,100,,,,,,,,,,,,,,
2026-07-02T11:00:28.522861+00:00,2026-07-02T11:00:28.522824,2,2,112.15,0.3,112.0,3,111.9,150,,,,,,,,,,,,,,,,,112.3,1,112.4,150,,,,,,,,,,,,,,,,
2026-07-02T11:00:28.580462+00:00,2026-07-02T11:00:28.580346,3,2,112.25,0.1,112.2,100,112.0,3,111.9,150,,,,,,,,,,,,,,,112.3,1,112.4,150,,,,,,,,,,,,,,,,
2026-07-02T11:00:28.628670+00:00,2026-07-02T11:00:28.628537,3,3,112.25,0.1,112.2,100,112.0,3,111.9,150,,,,,,,,,,,,,,,112.3,1,112.4,150,112.7,100,,,,,,,,,,,,,,
2026-07-02T11:00:29.369440+00:00,2026-07-02T11:00:29.369321,3,3,112.25,0.1,112.2,100,112.0,2,111.9,150,,,,,,,,,,,,,,,112.3,1,112.4,150,112.7,100,,,,,,,,,,,,,,
2026-07-02T11:00:29.573947+00:00,2026-07-02T11:00:29.574144,3,3,112.25,0.1,112.2,100,112.0,1,111.9,150,,,,,,,,,,,,,,,112.3,1,112.4,150,112.7,100,,,,,,,,,,,,,,
2026-07-02T11:00:29.751359+00:00,2026-07-02T11:00:29.751259,2,3,112.25,0.1,112.2,100,111.9,150,,,,,,,,,,,,,,,,,112.3,1,112.4,150,112.7,100,,,,,,,,,,,,,,
2026-07-02T11:00:29.896242+00:00,2026-07-02T11:00:29.896129,1,2,112.25,0.1,112.2,100,,,,,,,,,,,,,,,,,,,112.3,1,112.7,100,,,,,,,,,,,,,,,,
2026-07-02T11:00:29.970600+00:00,2026-07-02T11:00:29.970355,2,2,112.25,0.1,112.2,100,111.8,150,,,,,,,,,,,,,,,,,112.3,1,112.7,100,,,,,,,,,,,,,,,,
2026-07-02T11:00:30.020290+00:00,2026-07-02T11:00:30.020120,2,2,112.25,0.1,112.2,100,111.8,150,,,,,,,,,,,,,,,,,112.3,151,112.7,100,,,,,,,,,,,,,,,,
2026-07-02T11:00:31.684264+00:00,2026-07-02T11:00:31.684445,1,1,112.05,0.5,111.8,150,,,,,,,,,,,,,,,,,,,112.3,151,,,,,,,,,,,,,,,,,,
2026-07-02T11:00:31.758607+00:00,2026-07-02T11:00:31.756712,2,1,112.2,0.2,112.1,100,111.8,150,,,,,,,,,,,,,,,,,112.3,151,,,,,,,,,,,,,,,,,,
2026-07-02T11:00:31.819600+00:00,2026-07-02T11:00:31.819410,2,2,112.2,0.2,112.1,100,111.8,150,,,,,,,,,,,,,,,,,112.3,151,112.6,100,,,,,,,,,,,,,,,,
2026-07-02T11:00:32.020191+00:00,2026-07-02T11:00:32.020036,2,2,112.2,0.2,112.1,100,111.8,150,,,,,,,,,,,,,,,,,112.3,103,112.6,100,,,,,,,,,,,,,,,,
2026-07-02T11:00:32.074563+00:00,2026-07-02T11:00:32.074455,2,2,112.2,0.2,112.1,50,111.8,150,,,,,,,,,,,,,,,,,112.3,103,112.6,100,,,,,,,,,,,,,,,,
2026-07-02T11:00:33.069768+00:00,2026-07-02T11:00:33.069655,2,1,112.35,0.5,112.1,50,111.8,150,,,,,,,,,,,,,,,,,112.6,100,,,,,,,,,,,,,,,,,,
2026-07-02T11:00:33.074754+00:00,2026-07-02T11:00:33.074864,1,1,112.35,0.5,112.1,50,,,,,,,,,,,,,,,,,,,112.6,100,,,,,,,,,,,,,,,,,,
2026-07-02T11:00:33.128440+00:00,2026-07-02T11:00:33.128302,2,1,112.35,0.5,112.1,50,112.0,150,,,,,,,,,,,,,,,,,112.6,100,,,,,,,,,,,,,,,,,,
2026-07-02T11:00:33.181011+00:00,2026-07-02T11:00:33.180941,2,2,112.3,0.4,112.1,50,112.0,150,,,,,,,,,,,,,,,,,112.5,150,112.6,100,,,,,,,,,,,,,,,,
2026-07-02T11:00:34.184960+00:00,2026-07-02T11:00:34.185104,1,2,112.25,0.5,112.0,150,,,,,,,,,,,,,,,,,,,112.5,150,112.6,100,,,,,,,,,,,,,,,,
2026-07-02T11:00:34.872147+00:00,2026-07-02T11:00:34.872023,1,1,112.25,0.5,112.0,150,,,,,,,,,,,,,,,,,,,112.5,150,,,,,,,,,,,,,,,,,,
2026-07-02T11:00:34.925216+00:00,2026-07-02T11:00:34.925073,2,1,112.25,0.5,112.0,150,111.7,100,,,,,,,,,,,,,,,,,112.5,150,,,,,,,,,,,,,,,,,,
2026-07-02T11:00:34.979166+00:00,2026-07-02T11:00:34.979284,2,2,112.1,0.2,112.0,150,111.7,100,,,,,,,,,,,,,,,,,112.2,100,112.5,150,,,,,,,,,,,,,,,,
2026-07-02T11:00:35.145100+00:00,2026-07-02T11:00:35.145000,2,2,112.1,0.2,112.0,152,111.7,100,,,,,,,,,,,,,,,,,112.2,100,112.5,150,,,,,,,,,,,,,,,,
2026-07-02T11:00:35.264891+00:00,2026-07-02T11:00:35.264814,2,3,112.1,0.2,112.0,152,111.7,100,,,,,,,,,,,,,,,,,112.2,100,112.3,2,112.5,150,,,,,,,,,,,,,,
2026-07-02T11:00:36.042281+00:00,2026-07-02T11:00:36.042124,2,3,112.1,0.2,112.0,110,111.7,100,,,,,,,,,,,,,,,,,112.2,100,112.3,2,112.5,150,,,,,,,,,,,,,,
2026-07-02T11:00:36.235108+00:00,2026-07-02T11:00:36.234975,2,2,112.1,0.2,112.0,2,111.7,100,,,,,,,,,,,,,,,,,112.2,100,112.3,2,,,,,,,,,,,,,,,,
2026-07-02T11:00:36.245688+00:00,2026-07-02T11:00:36.245565,2,2,112.1,0.2,112.0,1,111.7,100,,,,,,,,,,,,,,,,,112.2,100,112.3,2,,,,,,,,,,,,,,,,
2026-07-02T11:00:36.289198+00:00,2026-07-02T11:00:36.289040,3,2,112.1,0.2,112.0,1,111.8,150,111.7,100,,,,,,,,,,,,,,,112.2,100,112.3,2,,,,,,,,,,,,,,,,
2026-07-02T11:00:36.294487+00:00,2026-07-02T11:00:36.294415,2,2,112.0,0.4,111.8,101,111.7,100,,,,,,,,,,,,,,,,,112.2,100,112.3,2,,,,,,,,,,,,,,,,
2026-07-02T11:00:36.339445+00:00,2026-07-02T11:00:36.339340,2,2,112.0,0.4,111.8,101,111.7,100,,,,,,,,,,,,,,,,,112.2,100,112.3,152,,,,,,,,,,,,,,,,
2026-07-02T11:00:36.536534+00:00,2026-07-02T11:00:36.536672,3,2,112.1,0.2,112.0,1,111.8,101,111.7,100,,,,,,,,,,,,,,,112.2,100,112.3,152,,,,,,,,,,,,,,,,
2026-07-02T11:00:36.615789+00:00,2026-07-02T11:00:36.615666,2,2,112.0,0.4,111.8,101,111.7,100,,,,,,,,,,,,,,,,,112.2,100,112.3,152,,,,,,,,,,,,,,,,
2026-07-02T11:00:37.295540+00:00,2026-07-02T11:00:37.295426,2,2,112.0,0.4,111.8,101,111.7,100,,,,,,,,,,,,,,,,,112.2,100,112.3,150,,,,,,,,,,,,,,,,
2026-07-02T11:00:38.035664+00:00,2026-07-02T11:00:38.035541,1,1,112.05,0.5,111.8,101,,,,,,,,,,,,,,,,,,,112.3,150,,,,,,,,,,,,,,,,,,
2026-07-02T11:00:38.089324+00:00,2026-07-02T11:00:38.089155,1,1,112.05,0.5,111.8,201,,,,,,,,,,,,,,,,,,,112.3,150,,,,,,,,,,,,,,,,,,
2026-07-02T11:00:38.141551+00:00,2026-07-02T11:00:38.141437,1,1,112.05,0.5,111.8,201,,,,,,,,,,,,,,,,,,,112.3,250,,,,,,,,,,,,,,,,,,
2026-07-02T11:00:38.425618+00:00,2026-07-02T11:00:38.425479,1,1,112.05,0.5,111.8,151,,,,,,,,,,,,,,,,,,,112.3,250,,,,,,,,,,,,,,,,,,
2026-07-02T11:00:38.696561+00:00,2026-07-02T11:00:38.696482,1,1,112.05,0.5,111.8,151,,,,,,,,,,,,,,,,,,,112.3,206,,,,,,,,,,,,,,,,,,
2026-07-02T11:00:39.395114+00:00,2026-07-02T11:00:39.395065,1,1,112.05,0.5,111.8,100,,,,,,,,,,,,,,,,,,,112.3,100,,,,,,,,,,,,,,,,,,
2026-07-02T11:00:39.453501+00:00,2026-07-02T11:00:39.453626,2,1,112.05,0.5,111.8,100,111.7,150,,,,,,,,,,,,,,,,,112.3,100,,,,,,,,,,,,,,,,,,
2026-07-02T11:00:39.502763+00:00,2026-07-02T11:00:39.502927,2,2,112.0,0.4,111.8,100,111.7,150,,,,,,,,,,,,,,,,,112.2,150,112.3,100,,,,,,,,,,,,,,,,
2026-07-02T11:00:39.842559+00:00,2026-07-02T11:00:39.842482,2,2,112.0,0.4,111.8,100,111.7,150,,,,,,,,,,,,,,,,,112.2,101,112.3,100,,,,,,,,,,,,,,,,
2026-07-02T11:00:40.841351+00:00,2026-07-02T11:00:40.836540,2,2,112.0,0.4,111.8,100,111.7,150,,,,,,,,,,,,,,,,,112.2,90,112.3,100,,,,,,,,,,,,,,,,
2026-07-02T11:00:41.190126+00:00,2026-07-02T11:00:41.190082,2,1,112.0,0.4,111.8,100,111.7,150,,,,,,,,,,,,,,,,,112.2,90,,,,,,,,,,,,,,,,,,
2026-07-02T11:00:41.195433+00:00,2026-07-02T11:00:41.195248,1,1,111.95,0.5,111.7,150,,,,,,,,,,,,,,,,,,,112.2,90,,,,,,,,,,,,,,,,,,
2026-07-02T11:00:41.249417+00:00,2026-07-02T11:00:41.249352,2,1,112.1,0.2,112.0,100,111.7,150,,,,,,,,,,,,,,,,,112.2,90,,,,,,,,,,,,,,,,,,
2026-07-02T11:00:41.283163+00:00,2026-07-02T11:00:41.277748,2,1,112.1,0.2,112.0,100,111.7,150,,,,,,,,,,,,,,,,,112.2,78,,,,,,,,,,,,,,,,,,
2026-07-02T11:00:41.298819+00:00,2026-07-02T11:00:41.298679,2,2,112.1,0.2,112.0,100,111.7,150,,,,,,,,,,,,,,,,,112.2,78,112.5,100,,,,,,,,,,,,,,,,
2026-07-02T11:00:42.558674+00:00,2026-07-02T11:00:42.558036,1,1,112.25,0.5,112.0,100,,,,,,,,,,,,,,,,,,,112.5,100,,,,,,,,,,,,,,,,,,
2026-07-02T11:00:42.570284+00:00,2026-07-02T11:00:42.570114,1,2,112.15,0.3,112.0,131,,,,,,,,,,,,,,,,,,,112.3,50,112.5,100,,,,,,,,,,,,,,,,
2026-07-02T11:00:42.592304+00:00,2026-07-02T11:00:42.592482,1,1,112.25,0.5,112.0,131,,,,,,,,,,,,,,,,,,,112.5,100,,,,,,,,,,,,,,,,,,
2026-07-02T11:00:42.614896+00:00,2026-07-02T11:00:42.614846,2,1,112.35,0.3,112.2,150,112.0,131,,,,,,,,,,,,,,,,,112.5,100,,,,,,,,,,,,,,,,,,
2026-07-02T11:00:42.674646+00:00,2026-07-02T11:00:42.674855,2,2,112.3,0.2,112.2,150,112.0,131,,,,,,,,,,,,,,,,,112.4,27,112.5,100,,,,,,,,,,,,,,,,
2026-07-02T11:00:42.685254+00:00,2026-07-02T11:00:42.685395,2,3,112.3,0.2,112.2,150,112.0,131,,,,,,,,,,,,,,,,,112.4,27,112.5,100,112.7,150,,,,,,,,,,,,,,
2026-07-02T11:00:42.801414+00:00,2026-07-02T11:00:42.801365,2,3,112.3,0.2,112.2,106,112.0,131,,,,,,,,,,,,,,,,,112.4,27,112.5,100,112.7,150,,,,,,,,,,,,,,
2026-07-02T11:00:43.284622+00:00,2026-07-02T11:00:43.284808,2,2,112.35,0.3,112.2,106,112.0,131,,,,,,,,,,,,,,,,,112.5,79,112.7,150,,,,,,,,,,,,,,,,
2026-07-02T11:00:43.513736+00:00,2026-07-02T11:00:43.513631,2,2,112.35,0.3,112.2,106,112.0,104,,,,,,,,,,,,,,,,,112.5,79,112.7,150,,,,,,,,,,,,,,,,
2026-07-02T11:00:44.358553+00:00,2026-07-02T11:00:44.358318,2,1,112.45,0.5,112.2,106,112.0,4,,,,,,,,,,,,,,,,,112.7,150,,,,,,,,,,,,,,,,,,
2026-07-02T11:00:44.413268+00:00,2026-07-02T11:00:44.413142,3,1,112.5,0.4,112.3,100,112.2,106,112.0,4,,,,,,,,,,,,,,,112.7,150,,,,,,,,,,,,,,,,,,
2026-07-02T11:00:44.468703+00:00,2026-07-02T11:00:44.468928,3,2,112.5,0.4,112.3,100,112.2,106,112.0,4,,,,,,,,,,,,,,,112.7,150,112.8,100,,,,,,,,,,,,,,,,
2026-07-02T11:00:44.479392+00:00,2026-07-02T11:00:44.479367,3,2,112.5,0.4,112.3,51,112.2,106,112.0,4,,,,,,,,,,,,,,,112.7,150,112.8,100,,,,,,,,,,,,,,,,
2026-07-02T11:00:44.550818+00:00,2026-07-02T11:00:44.550700,3,2,112.5,0.4,112.3,51,112.2,106,112.0,3,,,,,,,,,,,,,,,112.7,150,112.8,100,,,,,,,,,,,,,,,,
2026-07-02T11:00:44.758644+00:00,2026-07-02T11:00:44.756350,3,2,112.5,0.4,112.3,51,112.2,106,112.0,2,,,,,,,,,,,,,,,112.7,150,112.8,100,,,,,,,,,,,,,,,,
2026-07-02T11:00:44.770921+00:00,2026-07-02T11:00:44.770804,3,2,112.5,0.4,112.3,1,112.2,106,112.0,2,,,,,,,,,,,,,,,112.7,150,112.8,100,,,,,,,,,,,,,,,,
2026-07-02T11:00:45.642547+00:00,2026-07-02T11:00:45.642667,3,2,112.5,0.4,112.3,1,112.2,106,112.0,1,,,,,,,,,,,,,,,112.7,150,112.8,100,,,,,,,,,,,,,,,,
2026-07-02T11:00:45.741043+00:00,2026-07-02T11:00:45.740937,2,1,112.55,0.5,112.3,1,112.0,1,,,,,,,,,,,,,,,,,112.8,100,,,,,,,,,,,,,,,,,,
2026-07-02T11:00:45.795800+00:00,2026-07-02T11:00:45.795628,3,1,112.55,0.5,112.3,1,112.1,150,112.0,1,,,,,,,,,,,,,,,112.8,100,,,,,,,,,,,,,,,,,,
2026-07-02T11:00:45.845334+00:00,2026-07-02T11:00:45.845229,3,2,112.45,0.3,112.3,1,112.1,150,112.0,1,,,,,,,,,,,,,,,112.6,150,112.8,100,,,,,,,,,,,,,,,,
2026-07-02T11:00:46.616074+00:00,2026-07-02T11:00:46.615959,3,2,112.45,0.3,112.3,1,112.1,150,112.0,1,,,,,,,,,,,,,,,112.6,102,112.8,100,,,,,,,,,,,,,,,,
2026-07-02T11:00:46.891587+00:00,2026-07-02T11:00:46.891498,2,2,112.35,0.5,112.1,101,112.0,1,,,,,,,,,,,,,,,,,112.6,102,112.8,100,,,,,,,,,,,,,,,,
2026-07-02T11:00:47.526493+00:00,2026-07-02T11:00:47.526367,2,1,112.35,0.5,112.1,101,112.0,1,,,,,,,,,,,,,,,,,112.6,102,,,,,,,,,,,,,,,,,,
2026-07-02T11:00:47.579931+00:00,2026-07-02T11:00:47.579788,2,1,112.35,0.5,112.1,201,112.0,1,,,,,,,,,,,,,,,,,112.6,102,,,,,,,,,,,,,,,,,,
2026-07-02T11:00:47.632930+00:00,2026-07-02T11:00:47.632821,2,1,112.35,0.5,112.1,201,112.0,1,,,,,,,,,,,,,,,,,112.6,202,,,,,,,,,,,,,,,,,,
2026-07-02T11:00:48.905244+00:00,2026-07-02T11:00:48.905072,2,1,112.35,0.5,112.1,100,112.0,1,,,,,,,,,,,,,,,,,112.6,100,,,,,,,,,,,,,,,,,,
2026-07-02T11:00:48.929504+00:00,2026-07-02T11:00:48.929653,1,1,112.35,0.5,112.1,100,,,,,,,,,,,,,,,,,,,112.6,100,,,,,,,,,,,,,,,,,,
2026-07-02T11:00:48.958599+00:00,2026-07-02T11:00:48.955745,2,1,112.5,0.2,112.4,150,112.1,100,,,,,,,,,,,,,,,,,112.6,100,,,,,,,,,,,,,,,,,,
2026-07-02T11:00:48.996713+00:00,2026-07-02T11:00:48.996853,2,1,112.5,0.2,112.4,100,112.1,100,,,,,,,,,,,,,,,,,112.6,100,,,,,,,,,,,,,,,,,,
2026-07-02T11:00:49.011141+00:00,2026-07-02T11:00:49.011047,2,2,112.5,0.2,112.4,100,112.1,100,,,,,,,,,,,,,,,,,112.6,100,112.9,150,,,,,,,,,,,,,,,,
2026-07-02T11:00:49.930849+00:00,2026-07-02T11:00:49.930813,2,2,112.5,0.2,112.4,52,112.1,100,,,,,,,,,,,,,,,,,112.6,100,112.9,150,,,,,,,,,,,,,,,,
2026-07-02T11:00:50.688218+00:00,2026-07-02T11:00:50.688134,1,1,112.65,0.5,112.4,52,,,,,,,,,,,,,,,,,,,112.9,150,,,,,,,,,,,,,,,,,,
2026-07-02T11:00:50.732633+00:00,2026-07-02T11:00:50.732482,2,1,112.65,0.5,112.4,52,112.2,5,,,,,,,,,,,,,,,,,112.9,150,,,,,,,,,,,,,,,,,,
2026-07-02T11:00:50.737771+00:00,2026-07-02T11:00:50.737678,3,1,112.65,0.5,112.4,52,112.3,100,112.2,5,,,,,,,,,,,,,,,112.9,150,,,,,,,,,,,,,,,,,,
2026-07-02T11:00:50.796008+00:00,2026-07-02T11:00:50.795915,3,2,112.6,0.4,112.4,52,112.3,100,112.2,5,,,,,,,,,,,,,,,112.8,100,112.9,150,,,,,,,,,,,,,,,,
2026-07-02T11:00:51.103927+00:00,2026-07-02T11:00:51.103741,3,2,112.6,0.4,112.4,2,112.3,100,112.2,5,,,,,,,,,,,,,,,112.8,100,112.9,150,,,,,,,,,,,,,,,,
2026-07-02T11:00:52.058722+00:00,2026-07-02T11:00:52.058644,3,1,112.6,0.4,112.4,2,112.3,100,112.2,5,,,,,,,,,,,,,,,112.8,100,,,,,,,,,,,,,,,,,,
2026-07-02T11:00:52.063740+00:00,2026-07-02T11:00:52.063853,2,1,112.55,0.5,112.3,100,112.2,5,,,,,,,,,,,,,,,,,112.8,100,,,,,,,,,,,,,,,,,,
2026-07-02T11:00:52.116626+00:00,2026-07-02T11:00:52.116503,3,1,112.55,0.5,112.3,100,112.2,5,111.8,150,,,,,,,,,,,,,,,112.8,100,,,,,,,,,,,,,,,,,,
2026-07-02T11:00:52.179647+00:00,2026-07-02T11:00:52.173828,2,2,112.25,0.1,112.2,5,111.8,150,,,,,,,,,,,,,,,,,112.3,27,112.8,100,,,,,,,,,,,,,,,,
2026-07-02T11:00:52.622286+00:00,2026-07-02T11:00:52.622214,2,1,112.5,0.6,112.2,5,111.8,150,,,,,,,,,,,,,,,,,112.8,87,,,,,,,,,,,,,,,,,,
2026-07-02T11:00:53.209763+00:00,2026-07-02T11:00:53.209678,1,1,112.3,1.0,111.8,105,,,,,,,,,,,,,,,,,,,112.8,87,,,,,,,,,,,,,,,,,,
2026-07-02T11:00:53.850227+00:00,2026-07-02T11:00:53.850024,1,0,,,111.8,105,,,,,,,,,,,,,,,,,,,,,,,,,,,,,,,,,,,,,,
2026-07-02T11:00:53.902972+00:00,2026-07-02T11:00:53.902912,2,0,,,112.0,100,111.8,105,,,,,,,,,,,,,,,,,,,,,,,,,,,,,,,,,,,,
2026-07-02T11:00:53.952320+00:00,2026-07-02T11:00:53.952219,2,1,112.25,0.5,112.0,100,111.8,105,,,,,,,,,,,,,,,,,112.5,100,,,,,,,,,,,,,,,,,,
2026-07-02T11:00:54.784869+00:00,2026-07-02T11:00:54.784797,3,1,112.35,0.3,112.2,4,112.0,100,111.8,105,,,,,,,,,,,,,,,112.5,100,,,,,,,,,,,,,,,,,,
2026-07-02T11:00:55.225413+00:00,2026-07-02T11:00:55.225205,2,1,112.35,0.3,112.2,4,112.0,100,,,,,,,,,,,,,,,,,112.5,100,,,,,,,,,,,,,,,,,,
2026-07-02T11:00:55.274645+00:00,2026-07-02T11:00:55.274770,2,1,112.35,0.3,112.2,4,112.0,250,,,,,,,,,,,,,,,,,112.5,100,,,,,,,,,,,,,,,,,,
2026-07-02T11:00:55.319779+00:00,2026-07-02T11:00:55.319663,1,1,112.25,0.5,112.0,204,,,,,,,,,,,,,,,,,,,112.5,100,,,,,,,,,,,,,,,,,,
2026-07-02T11:00:55.330262+00:00,2026-07-02T11:00:55.330377,1,1,112.25,0.5,112.0,204,,,,,,,,,,,,,,,,,,,112.5,250,,,,,,,,,,,,,,,,,,
2026-07-02T11:00:55.714812+00:00,2026-07-02T11:00:55.714579,1,1,112.25,0.5,112.0,164,,,,,,,,,,,,,,,,,,,112.5,250,,,,,,,,,,,,,,,,,,
2026-07-02T11:00:55.790724+00:00,2026-07-02T11:00:55.790857,2,1,112.35,0.3,112.2,4,112.0,164,,,,,,,,,,,,,,,,,112.5,250,,,,,,,,,,,,,,,,,,
2026-07-02T11:00:56.219025+00:00,2026-07-02T11:00:56.218958,2,1,112.35,0.3,112.2,4,112.0,164,,,,,,,,,,,,,,,,,112.5,206,,,,,,,,,,,,,,,,,,
2026-07-02T11:00:57.009697+00:00,2026-07-02T11:00:57.009869,2,1,112.35,0.3,112.2,4,112.0,150,,,,,,,,,,,,,,,,,112.5,150,,,,,,,,,,,,,,,,,,
2026-07-02T11:00:57.058718+00:00,2026-07-02T11:00:57.054390,3,1,112.35,0.3,112.2,4,112.0,150,111.8,100,,,,,,,,,,,,,,,112.5,150,,,,,,,,,,,,,,,,,,
2026-07-02T11:00:57.116701+00:00,2026-07-02T11:00:57.116573,3,2,112.25,0.1,112.2,4,112.0,150,111.8,100,,,,,,,,,,,,,,,112.3,100,112.5,150,,,,,,,,,,,,,,,,
2026-07-02T11:00:57.258668+00:00,2026-07-02T11:00:57.255548,3,2,112.25,0.1,112.2,4,112.0,150,111.8,100,,,,,,,,,,,,,,,112.3,57,112.5,150,,,,,,,,,,,,,,,,
2026-07-02T11:00:57.426738+00:00,2026-07-02T11:00:57.426653,2,2,112.15,0.3,112.0,104,111.8,100,,,,,,,,,,,,,,,,,112.3,57,112.5,150,,,,,,,,,,,,,,,,
2026-07-02T11:00:57.717946+00:00,2026-07-02T11:00:57.717822,2,2,112.15,0.3,112.0,61,111.8,100,,,,,,,,,,,,,,,,,112.3,57,112.5,150,,,,,,,,,,,,,,,,
2026-07-02T11:00:57.800924+00:00,2026-07-02T11:00:57.800833,3,2,112.25,0.1,112.2,5,112.0,61,111.8,100,,,,,,,,,,,,,,,112.3,57,112.5,150,,,,,,,,,,,,,,,,
2026-07-02T11:00:58.384731+00:00,2026-07-02T11:00:58.384953,2,1,112.25,0.1,112.2,5,111.8,100,,,,,,,,,,,,,,,,,112.3,57,,,,,,,,,,,,,,,,,,
2026-07-02T11:00:58.453216+00:00,2026-07-02T11:00:58.453037,3,1,112.25,0.1,112.2,5,111.8,100,111.7,150,,,,,,,,,,,,,,,112.3,57,,,,,,,,,,,,,,,,,,
2026-07-02T11:00:58.511170+00:00,2026-07-02T11:00:58.511039,2,2,112.0,0.4,111.8,100,111.7,150,,,,,,,,,,,,,,,,,112.2,145,112.3,57,,,,,,,,,,,,,,,,
2026-07-02T11:00:58.695352+00:00,2026-07-02T11:00:58.695278,2,2,112.0,0.4,111.8,60,111.7,150,,,,,,,,,,,,,,,,,112.2,145,112.3,57,,,,,,,,,,,,,,,,
2026-07-02T11:00:59.048768+00:00,2026-07-02T11:00:59.042451,2,2,112.0,0.4,111.8,60,111.7,150,,,,,,,,,,,,,,,,,112.2,134,112.3,57,,,,,,,,,,,,,,,,
2026-07-02T11:00:59.195204+00:00,2026-07-02T11:00:59.195128,3,2,112.15,0.1,112.1,4,111.8,60,111.7,150,,,,,,,,,,,,,,,112.2,134,112.3,57,,,,,,,,,,,,,,,,
2026-07-02T11:00:59.483557+00:00,2026-07-02T11:00:59.483515,3,2,112.15,0.1,112.1,4,111.8,60,111.7,150,,,,,,,,,,,,,,,112.2,84,112.3,57,,,,,,,,,,,,,,,,
2026-07-02T11:00:59.855276+00:00,2026-07-02T11:00:59.855385,3,3,112.15,0.1,112.1,4,111.8,60,111.7,150,,,,,,,,,,,,,,,112.2,84,112.3,57,112.4,1,,,,,,,,,,,,,,
2026-07-02T11:01:00.165457+00:00,2026-07-02T11:01:00.165350,3,2,112.15,0.1,112.1,4,111.8,60,111.7,150,,,,,,,,,,,,,,,112.2,84,112.4,1,,,,,,,,,,,,,,,,
2026-07-02T11:01:00.170730+00:00,2026-07-02T11:01:00.170583,2,2,112.15,0.1,112.1,4,111.7,150,,,,,,,,,,,,,,,,,112.2,84,112.4,1,,,,,,,,,,,,,,,,
2026-07-02T11:01:00.228726+00:00,2026-07-02T11:01:00.228580,3,2,112.15,0.1,112.1,4,111.7,150,111.6,100,,,,,,,,,,,,,,,112.2,84,112.4,1,,,,,,,,,,,,,,,,
2026-07-02T11:01:00.289647+00:00,2026-07-02T11:01:00.279454,2,3,111.9,0.4,111.7,150,111.6,100,,,,,,,,,,,,,,,,,112.1,96,112.2,84,112.4,1,,,,,,,,,,,,,,
2026-07-02T11:01:00.315433+00:00,2026-07-02T11:01:00.315624,2,3,111.9,0.4,111.7,150,111.6,100,,,,,,,,,,,,,,,,,112.1,92,112.2,84,112.4,1,,,,,,,,,,,,,,
2026-07-02T11:01:01.355640+00:00,2026-07-02T11:01:01.355932,2,3,111.9,0.4,111.7,150,111.6,100,,,,,,,,,,,,,,,,,112.1,88,112.2,84,112.4,1,,,,,,,,,,,,,,
2026-07-02T11:01:01.425083+00:00,2026-07-02T11:01:01.425017,3,3,112.05,0.1,112.0,3,111.7,150,111.6,100,,,,,,,,,,,,,,,112.1,88,112.2,84,112.4,1,,,,,,,,,,,,,,
2026-07-02T11:01:01.566466+00:00,2026-07-02T11:01:01.559274,2,2,112.05,0.1,112.0,3,111.6,100,,,,,,,,,,,,,,,,,112.1,88,112.4,1,,,,,,,,,,,,,,,,
2026-07-02T11:01:01.587474+00:00,2026-07-02T11:01:01.587358,2,2,112.05,0.1,112.0,3,111.6,100,,,,,,,,,,,,,,,,,112.1,38,112.4,1,,,,,,,,,,,,,,,,
2026-07-02T11:01:01.619450+00:00,2026-07-02T11:01:01.619379,3,2,112.05,0.1,112.0,3,111.9,150,111.6,100,,,,,,,,,,,,,,,112.1,38,112.4,1,,,,,,,,,,,,,,,,
2026-07-02T11:01:01.674850+00:00,2026-07-02T11:01:01.674754,3,2,112.05,0.1,112.0,3,111.9,150,111.6,100,,,,,,,,,,,,,,,112.1,38,112.4,151,,,,,,,,,,,,,,,,
2026-07-02T11:01:02.147124+00:00,2026-07-02T11:01:02.147001,3,1,112.2,0.4,112.0,3,111.9,150,111.6,100,,,,,,,,,,,,,,,112.4,141,,,,,,,,,,,,,,,,,,
2026-07-02T11:01:02.211025+00:00,2026-07-02T11:01:02.210975,3,2,112.15,0.3,112.0,3,111.9,150,111.6,100,,,,,,,,,,,,,,,112.3,2,112.4,141,,,,,,,,,,,,,,,,
2026-07-02T11:01:02.507820+00:00,2026-07-02T11:01:02.507968,3,2,112.15,0.3,112.0,3,111.9,150,111.6,100,,,,,,,,,,,,,,,112.3,1,112.4,141,,,,,,,,,,,,,,,,
2026-07-02T11:01:02.658591+00:00,2026-07-02T11:01:02.654347,3,1,112.2,0.4,112.0,3,111.9,150,111.6,100,,,,,,,,,,,,,,,112.4,141,,,,,,,,,,,,,,,,,,
2026-07-02T11:01:02.858591+00:00,2026-07-02T11:01:02.857380,3,2,112.15,0.3,112.0,3,111.9,150,111.6,100,,,,,,,,,,,,,,,112.3,2,112.4,141,,,,,,,,,,,,,,,,
2026-07-02T11:01:03.339024+00:00,2026-07-02T11:01:03.338892,2,2,112.15,0.3,112.0,3,111.9,150,,,,,,,,,,,,,,,,,112.3,2,112.4,141,,,,,,,,,,,,,,,,
2026-07-02T11:01:03.392621+00:00,2026-07-02T11:01:03.392441,2,2,112.15,0.3,112.0,103,111.9,150,,,,,,,,,,,,,,,,,112.3,2,112.4,141,,,,,,,,,,,,,,,,
2026-07-02T11:01:03.445700+00:00,2026-07-02T11:01:03.445592,2,3,112.15,0.3,112.0,103,111.9,150,,,,,,,,,,,,,,,,,112.3,2,112.4,141,112.5,100,,,,,,,,,,,,,,
2026-07-02T11:01:03.697360+00:00,2026-07-02T11:01:03.697250,2,2,112.2,0.4,112.0,103,111.9,150,,,,,,,,,,,,,,,,,112.4,93,112.5,100,,,,,,,,,,,,,,,,
2026-07-02T11:01:04.728073+00:00,2026-07-02T11:01:04.727979,1,1,112.25,0.5,112.0,103,,,,,,,,,,,,,,,,,,,112.5,100,,,,,,,,,,,,,,,,,,
2026-07-02T11:01:04.780009+00:00,2026-07-02T11:01:04.779941,2,1,112.4,0.2,112.3,150,112.0,103,,,,,,,,,,,,,,,,,112.5,100,,,,,,,,,,,,,,,,,,
2026-07-02T11:01:04.835455+00:00,2026-07-02T11:01:04.835378,2,2,112.4,0.2,112.3,150,112.0,103,,,,,,,,,,,,,,,,,112.5,100,112.8,150,,,,,,,,,,,,,,,,
2026-07-02T11:01:05.805471+00:00,2026-07-02T11:01:05.805436,2,2,112.4,0.2,112.3,150,112.0,103,,,,,,,,,,,,,,,,,112.5,50,112.8,150,,,,,,,,,,,,,,,,
2026-07-02T11:01:06.290028+00:00,2026-07-02T11:01:06.282892,2,2,112.4,0.2,112.3,139,112.0,103,,,,,,,,,,,,,,,,,112.5,50,112.8,150,,,,,,,,,,,,,,,,
2026-07-02T11:01:06.497788+00:00,2026-07-02T11:01:06.497760,2,1,112.55,0.5,112.3,139,112.0,3,,,,,,,,,,,,,,,,,112.8,150,,,,,,,,,,,,,,,,,,
2026-07-02T11:01:06.553817+00:00,2026-07-02T11:01:06.553936,3,1,112.55,0.5,112.3,139,112.1,100,112.0,3,,,,,,,,,,,,,,,112.8,150,,,,,,,,,,,,,,,,,,
2026-07-02T11:01:06.611168+00:00,2026-07-02T11:01:06.601576,3,2,112.45,0.3,112.3,139,112.1,100,112.0,3,,,,,,,,,,,,,,,112.6,100,112.8,150,,,,,,,,,,,,,,,,
2026-07-02T11:01:07.658587+00:00,2026-07-02T11:01:07.651686,3,3,112.35,0.1,112.3,139,112.1,100,112.0,3,,,,,,,,,,,,,,,112.4,1,112.6,100,112.8,150,,,,,,,,,,,,,,
2026-07-02T11:01:07.891417+00:00,2026-07-02T11:01:07.891371,2,2,112.25,0.3,112.1,100,112.0,3,,,,,,,,,,,,,,,,,112.4,1,112.6,100,,,,,,,,,,,,,,,,
2026-07-02T11:01:07.913448+00:00,2026-07-02T11:01:07.913386,2,1,112.35,0.5,112.1,100,112.0,3,,,,,,,,,,,,,,,,,112.6,51,,,,,,,,,,,,,,,,,,
2026-07-02T11:01:07.945309+00:00,2026-07-02T11:01:07.945240,2,1,112.35,0.5,112.1,250,112.0,3,,,,,,,,,,,,,,,,,112.6,51,,,,,,,,,,,,,,,,,,
2026-07-02T11:01:08.001366+00:00,2026-07-02T11:01:08.001497,2,1,112.35,0.5,112.1,250,112.0,3,,,,,,,,,,,,,,,,,112.6,201,,,,,,,,,,,,,,,,,,
2026-07-02T11:01:08.358648+00:00,2026-07-02T11:01:08.357046,2,2,112.25,0.3,112.1,250,112.0,3,,,,,,,,,,,,,,,,,112.4,1,112.6,201,,,,,,,,,,,,,,,,
2026-07-02T11:01:09.660216+00:00,2026-07-02T11:01:09.660385,2,2,112.25,0.3,112.1,150,112.0,3,,,,,,,,,,,,,,,,,112.4,1,112.6,150,,,,,,,,,,,,,,,,
2026-07-02T11:01:09.678347+00:00,2026-07-02T11:01:09.678290,2,1,112.35,0.5,112.1,150,112.0,3,,,,,,,,,,,,,,,,,112.6,150,,,,,,,,,,,,,,,,,,
2026-07-02T11:01:09.716108+00:00,2026-07-02T11:01:09.707241,3,1,112.5,0.2,112.4,99,112.1,150,112.0,3,,,,,,,,,,,,,,,112.6,150,,,,,,,,,,,,,,,,,,
2026-07-02T11:01:09.764694+00:00,2026-07-02T11:01:09.764611,3,2,112.5,0.2,112.4,99,112.1,150,112.0,3,,,,,,,,,,,,,,,112.6,150,112.9,100,,,,,,,,,,,,,,,,
2026-07-02T11:01:09.786503+00:00,2026-07-02T11:01:09.786464,3,2,112.5,0.2,112.4,98,112.1,150,112.0,3,,,,,,,,,,,,,,,112.6,150,112.9,100,,,,,,,,,,,,,,,,
2026-07-02T11:01:09.912439+00:00,2026-07-02T11:01:09.906656,3,2,112.5,0.2,112.4,74,112.1,150,112.0,3,,,,,,,,,,,,,,,112.6,150,112.9,100,,,,,,,,,,,,,,,,
2026-07-02T11:01:10.074058+00:00,2026-07-02T11:01:10.074223,3,2,112.5,0.2,112.4,24,112.1,150,112.0,3,,,,,,,,,,,,,,,112.6,150,112.9,100,,,,,,,,,,,,,,,,
2026-07-02T11:01:10.579734+00:00,2026-07-02T11:01:10.579675,3,2,112.5,0.2,112.4,23,112.1,150,112.0,3,,,,,,,,,,,,,,,112.6,150,112.9,100,,,,,,,,,,,,,,,,
2026-07-02T11:01:10.769110+00:00,2026-07-02T11:01:10.758953,3,2,112.5,0.2,112.4,22,112.1,150,112.0,3,,,,,,,,,,,,,,,112.6,150,112.9,100,,,,,,,,,,,,,,,,
2026-07-02T11:01:11.058598+00:00,2026-07-02T11:01:11.048792,2,1,112.65,0.5,112.4,22,112.0,3,,,,,,,,,,,,,,,,,112.9,100,,,,,,,,,,,,,,,,,,
2026-07-02T11:01:11.109888+00:00,2026-07-02T11:01:11.109803,2,1,112.65,0.5,112.4,22,112.0,153,,,,,,,,,,,,,,,,,112.9,100,,,,,,,,,,,,,,,,,,
2026-07-02T11:01:11.157843+00:00,2026-07-02T11:01:11.158289,2,2,112.45,0.1,112.4,22,112.0,153,,,,,,,,,,,,,,,,,112.5,150,112.9,100,,,,,,,,,,,,,,,,
2026-07-02T11:01:11.472699+00:00,2026-07-02T11:01:11.463887,1,2,112.25,0.5,112.0,153,,,,,,,,,,,,,,,,,,,112.5,150,112.9,100,,,,,,,,,,,,,,,,
2026-07-02T11:01:11.525854+00:00,2026-07-02T11:01:11.525799,1,3,112.2,0.4,112.0,153,,,,,,,,,,,,,,,,,,,112.4,2,112.5,150,112.9,100,,,,,,,,,,,,,,
2026-07-02T11:01:12.180566+00:00,2026-07-02T11:01:12.180438,1,3,112.2,0.4,112.0,103,,,,,,,,,,,,,,,,,,,112.4,2,112.5,150,112.9,100,,,,,,,,,,,,,,
2026-07-02T11:01:12.819353+00:00,2026-07-02T11:01:12.819255,1,2,112.2,0.4,112.0,103,,,,,,,,,,,,,,,,,,,112.4,2,112.5,150,,,,,,,,,,,,,,,,
2026-07-02T11:01:12.874476+00:00,2026-07-02T11:01:12.874412,2,2,112.2,0.4,112.0,103,111.7,100,,,,,,,,,,,,,,,,,112.4,2,112.5,150,,,,,,,,,,,,,,,,
2026-07-02T11:01:12.944408+00:00,2026-07-02T11:01:12.935112,2,3,112.1,0.2,112.0,103,111.7,100,,,,,,,,,,,,,,,,,112.2,100,112.4,2,112.5,150,,,,,,,,,,,,,,
2026-07-02T11:01:12.953666+00:00,2026-07-02T11:01:12.948146,2,3,112.1,0.2,112.0,103,111.7,100,,,,,,,,,,,,,,,,,112.2,90,112.4,2,112.5,150,,,,,,,,,,,,,,
2026-07-02T11:01:13.813375+00:00,2026-07-02T11:01:13.813262,2,3,112.1,0.2,112.0,54,111.7,100,,,,,,,,,,,,,,,,,112.2,90,112.4,2,112.5,150,,,,,,,,,,,,,,
2026-07-02T11:01:14.221874+00:00,2026-07-02T11:01:14.221810,1,2,111.95,0.5,111.7,100,,,,,,,,,,,,,,,,,,,112.2,90,112.4,2,,,,,,,,,,,,,,,,
2026-07-02T11:01:14.273031+00:00,2026-07-02T11:01:14.272939,2,2,111.95,0.5,111.7,100,111.4,150,,,,,,,,,,,,,,,,,112.2,90,112.4,2,,,,,,,,,,,,,,,,
2026-07-02T11:01:14.337712+00:00,2026-07-02T11:01:14.330873,2,3,111.8,0.2,111.7,100,111.4,150,,,,,,,,,,,,,,,,,111.9,147,112.2,90,112.4,2,,,,,,,,,,,,,,
2026-07-02T11:01:14.349164+00:00,2026-07-02T11:01:14.341903,2,3,111.8,0.2,111.7,100,111.4,150,,,,,,,,,,,,,,,,,111.9,127,112.2,90,112.4,2,,,,,,,,,,,,,,
2026-07-02T11:01:14.739247+00:00,2026-07-02T11:01:14.704362,2,3,111.8,0.2,111.7,100,111.4,150,,,,,,,,,,,,,,,,,111.9,125,112.2,90,112.4,2,,,,,,,,,,,,,,
2026-07-02T11:01:14.824629+00:00,2026-07-02T11:01:14.817963,2,3,111.8,0.2,111.7,100,111.4,150,,,,,,,,,,,,,,,,,111.9,123,112.2,90,112.4,2,,,,,,,,,,,,,,
2026-07-02T11:01:14.866360+00:00,2026-07-02T11:01:14.866278,2,3,111.8,0.2,111.7,100,111.4,150,,,,,,,,,,,,,,,,,111.9,76,112.2,90,112.4,2,,,,,,,,,,,,,,
2026-07-02T11:01:15.403962+00:00,2026-07-02T11:01:15.393562,2,3,111.8,0.2,111.7,100,111.4,150,,,,,,,,,,,,,,,,,111.9,57,112.2,90,112.4,2,,,,,,,,,,,,,,
2026-07-02T11:01:15.459924+00:00,2026-07-02T11:01:15.459875,2,3,111.8,0.2,111.7,100,111.4,150,,,,,,,,,,,,,,,,,111.9,11,112.2,90,112.4,2,,,,,,,,,,,,,,
2026-07-02T11:01:15.511174+00:00,2026-07-02T11:01:15.511128,2,3,111.8,0.2,111.7,52,111.4,150,,,,,,,,,,,,,,,,,111.9,11,112.2,90,112.4,2,,,,,,,,,,,,,,
2026-07-02T11:01:15.987298+00:00,2026-07-02T11:01:15.987586,1,2,111.65,0.5,111.4,150,,,,,,,,,,,,,,,,,,,111.9,11,112.4,2,,,,,,,,,,,,,,,,
2026-07-02T11:01:16.045028+00:00,2026-07-02T11:01:16.044958,2,2,111.8,0.2,111.7,100,111.4,150,,,,,,,,,,,,,,,,,111.9,11,112.4,2,,,,,,,,,,,,,,,,
2026-07-02T11:01:16.095599+00:00,2026-07-02T11:01:16.095493,2,3,111.8,0.2,111.7,100,111.4,150,,,,,,,,,,,,,,,,,111.9,11,112.2,100,112.4,2,,,,,,,,,,,,,,
2026-07-02T11:01:17.381791+00:00,2026-07-02T11:01:17.381942,1,2,111.95,0.5,111.7,100,,,,,,,,,,,,,,,,,,,112.2,100,112.4,2,,,,,,,,,,,,,,,,
2026-07-02T11:01:17.453462+00:00,2026-07-02T11:01:17.447345,2,2,112.1,0.2,112.0,139,111.7,100,,,,,,,,,,,,,,,,,112.2,100,112.4,2,,,,,,,,,,,,,,,,
2026-07-02T11:01:17.494044+00:00,2026-07-02T11:01:17.493961,2,3,112.1,0.2,112.0,139,111.7,100,,,,,,,,,,,,,,,,,112.2,100,112.4,2,112.5,150,,,,,,,,,,,,,,
2026-07-02T11:01:18.442497+00:00,2026-07-02T11:01:18.442370,2,3,112.1,0.2,112.0,139,111.7,100,,,,,,,,,,,,,,,,,112.2,50,112.4,2,112.5,150,,,,,,,,,,,,,,
2026-07-02T11:01:19.151104+00:00,2026-07-02T11:01:19.151006,1,2,112.2,0.4,112.0,139,,,,,,,,,,,,,,,,,,,112.4,2,112.5,150,,,,,,,,,,,,,,,,
2026-07-02T11:01:19.205806+00:00,2026-07-02T11:01:19.205913,1,2,112.2,0.4,112.0,239,,,,,,,,,,,,,,,,,,,112.4,2,112.5,150,,,,,,,,,,,,,,,,
2026-07-02T11:01:19.258660+00:00,2026-07-02T11:01:19.255053,1,2,112.2,0.4,112.0,239,,,,,,,,,,,,,,,,,,,112.4,2,112.5,250,,,,,,,,,,,,,,,,
2026-07-02T11:01:20.085562+00:00,2026-07-02T11:01:20.085495,1,2,112.2,0.4,112.0,190,,,,,,,,,,,,,,,,,,,112.4,2,112.5,250,,,,,,,,,,,,,,,,
2026-07-02T11:01:20.549455+00:00,2026-07-02T11:01:20.549281,1,2,112.2,0.4,112.0,100,,,,,,,,,,,,,,,,,,,112.4,2,112.5,100,,,,,,,,,,,,,,,,
2026-07-02T11:01:20.558651+00:00,2026-07-02T11:01:20.554538,1,1,112.25,0.5,112.0,100,,,,,,,,,,,,,,,,,,,112.5,52,,,,,,,,,,,,,,,,,,
2026-07-02T11:01:20.603489+00:00,2026-07-02T11:01:20.603389,2,1,112.25,0.5,112.0,100,111.7,150,,,,,,,,,,,,,,,,,112.5,52,,,,,,,,,,,,,,,,,,
2026-07-02T11:01:20.617713+00:00,2026-07-02T11:01:20.617573,2,1,112.25,0.5,112.0,100,111.7,150,,,,,,,,,,,,,,,,,112.5,12,,,,,,,,,,,,,,,,,,
2026-07-02T11:01:20.654691+00:00,2026-07-02T11:01:20.654567,2,2,112.1,0.2,112.0,100,111.7,150,,,,,,,,,,,,,,,,,112.2,150,112.5,12,,,,,,,,,,,,,,,,
2026-07-02T11:01:21.125045+00:00,2026-07-02T11:01:21.125012,2,2,112.1,0.2,112.0,100,111.7,150,,,,,,,,,,,,,,,,,112.2,102,112.5,12,,,,,,,,,,,,,,,,
2026-07-02T11:01:22.308626+00:00,2026-07-02T11:01:22.308803,2,1,112.1,0.2,112.0,100,111.7,150,,,,,,,,,,,,,,,,,112.2,102,,,,,,,,,,,,,,,,,,
2026-07-02T11:01:22.314151+00:00,2026-07-02T11:01:22.313994,1,1,111.95,0.5,111.7,150,,,,,,,,,,,,,,,,,,,112.2,102,,,,,,,,,,,,,,,,,,
2026-07-02T11:01:22.366752+00:00,2026-07-02T11:01:22.366650,2,1,112.1,0.2,112.0,100,111.7,150,,,,,,,,,,,,,,,,,112.2,102,,,,,,,,,,,,,,,,,,
2026-07-02T11:01:22.419369+00:00,2026-07-02T11:01:22.419491,2,2,112.1,0.2,112.0,100,111.7,150,,,,,,,,,,,,,,,,,112.2,102,112.5,100,,,,,,,,,,,,,,,,
2026-07-02T11:01:22.659321+00:00,2026-07-02T11:01:22.659515,2,2,112.1,0.2,112.0,100,111.7,150,,,,,,,,,,,,,,,,,112.2,52,112.5,100,,,,,,,,,,,,,,,,
2026-07-02T11:01:22.756782+00:00,2026-07-02T11:01:22.757058,2,3,112.1,0.2,112.0,100,111.7,150,,,,,,,,,,,,,,,,,112.2,52,112.3,5,112.5,100,,,,,,,,,,,,,,
2026-07-02T11:01:23.285668+00:00,2026-07-02T11:01:23.285587,2,3,112.1,0.2,112.0,101,111.7,150,,,,,,,,,,,,,,,,,112.2,52,112.3,5,112.5,100,,,,,,,,,,,,,,
2026-07-02T11:01:23.421800+00:00,2026-07-02T11:01:23.421726,2,3,112.1,0.2,112.0,100,111.7,150,,,,,,,,,,,,,,,,,112.2,52,112.3,5,112.5,100,,,,,,,,,,,,,,
2026-07-02T11:01:23.708478+00:00,2026-07-02T11:01:23.708349,1,2,112.15,0.3,112.0,100,,,,,,,,,,,,,,,,,,,112.3,5,112.5,100,,,,,,,,,,,,,,,,
2026-07-02T11:01:23.769333+00:00,2026-07-02T11:01:23.769452,2,2,112.2,0.2,112.1,150,112.0,100,,,,,,,,,,,,,,,,,112.3,5,112.5,100,,,,,,,,,,,,,,,,
2026-07-02T11:01:23.781668+00:00,2026-07-02T11:01:23.776790,2,2,112.2,0.2,112.1,91,112.0,100,,,,,,,,,,,,,,,,,112.3,5,112.5,100,,,,,,,,,,,,,,,,
2026-07-02T11:01:23.818628+00:00,2026-07-02T11:01:23.818446,2,3,112.2,0.2,112.1,91,112.0,100,,,,,,,,,,,,,,,,,112.3,5,112.5,100,112.6,150,,,,,,,,,,,,,,
2026-07-02T11:01:24.331004+00:00,2026-07-02T11:01:24.330877,2,3,112.2,0.2,112.1,47,112.0,100,,,,,,,,,,,,,,,,,112.3,5,112.5,100,112.6,150,,,,,,,,,,,,,,
2026-07-02T11:01:24.769287+00:00,2026-07-02T11:01:24.769146,2,2,112.3,0.4,112.1,47,112.0,100,,,,,,,,,,,,,,,,,112.5,55,112.6,150,,,,,,,,,,,,,,,,
2026-07-02T11:01:24.795332+00:00,2026-07-02T11:01:24.795257,2,3,112.2,0.2,112.1,47,112.0,100,,,,,,,,,,,,,,,,,112.3,5,112.5,55,112.6,150,,,,,,,,,,,,,,
2026-07-02T11:01:24.800527+00:00,2026-07-02T11:01:24.800460,2,3,112.2,0.2,112.1,47,112.0,101,,,,,,,,,,,,,,,,,112.3,5,112.5,55,112.6,150,,,,,,,,,,,,,,
2026-07-02T11:01:25.474316+00:00,2026-07-02T11:01:25.474237,2,2,112.2,0.2,112.1,47,112.0,1,,,,,,,,,,,,,,,,,112.3,5,112.6,150,,,,,,,,,,,,,,,,
2026-07-02T11:01:25.516670+00:00,2026-07-02T11:01:25.516621,2,2,112.2,0.2,112.1,47,112.0,1,,,,,,,,,,,,,,,,,112.3,2,112.6,150,,,,,,,,,,,,,,,,
2026-07-02T11:01:25.528433+00:00,2026-07-02T11:01:25.528306,2,2,112.2,0.2,112.1,147,112.0,1,,,,,,,,,,,,,,,,,112.3,2,112.6,150,,,,,,,,,,,,,,,,
2026-07-02T11:01:25.579960+00:00,2026-07-02T11:01:25.580066,2,2,112.2,0.2,112.1,147,112.0,1,,,,,,,,,,,,,,,,,112.3,2,112.6,250,,,,,,,,,,,,,,,,
2026-07-02T11:01:26.469867+00:00,2026-07-02T11:01:26.470033,2,1,112.35,0.5,112.1,147,112.0,1,,,,,,,,,,,,,,,,,112.6,204,,,,,,,,,,,,,,,,,,
2026-07-02T11:01:26.879620+00:00,2026-07-02T11:01:26.879502,2,1,112.35,0.5,112.1,100,112.0,1,,,,,,,,,,,,,,,,,112.6,100,,,,,,,,,,,,,,,,,,
2026-07-02T11:01:26.936505+00:00,2026-07-02T11:01:26.936383,3,1,112.35,0.5,112.1,100,112.0,1,111.9,150,,,,,,,,,,,,,,,112.6,100,,,,,,,,,,,,,,,,,,
2026-07-02T11:01:26.989600+00:00,2026-07-02T11:01:26.989538,3,2,112.25,0.3,112.1,100,112.0,1,111.9,150,,,,,,,,,,,,,,,112.4,150,112.6,100,,,,,,,,,,,,,,,,
2026-07-02T11:01:28.063773+00:00,2026-07-02T11:01:28.063739,3,3,112.2,0.2,112.1,100,112.0,1,111.9,150,,,,,,,,,,,,,,,112.3,2,112.4,150,112.6,100,,,,,,,,,,,,,,
2026-07-02T11:01:28.633502+00:00,2026-07-02T11:01:28.633408,2,2,112.15,0.3,112.0,1,111.9,150,,,,,,,,,,,,,,,,,112.3,2,112.4,150,,,,,,,,,,,,,,,,
2026-07-02T11:01:28.683838+00:00,2026-07-02T11:01:28.684013,3,2,112.2,0.2,112.1,100,112.0,1,111.9,150,,,,,,,,,,,,,,,112.3,2,112.4,150,,,,,,,,,,,,,,,,
2026-07-02T11:01:28.739375+00:00,2026-07-02T11:01:28.739184,3,3,112.2,0.2,112.1,100,112.0,1,111.9,150,,,,,,,,,,,,,,,112.3,2,112.4,150,112.6,100,,,,,,,,,,,,,,
2026-07-02T11:01:28.985808+00:00,2026-07-02T11:01:28.985742,3,2,112.25,0.3,112.1,100,112.0,1,111.9,150,,,,,,,,,,,,,,,112.4,102,112.6,100,,,,,,,,,,,,,,,,
2026-07-02T11:01:30.043830+00:00,2026-07-02T11:01:30.043807,2,1,112.35,0.5,112.1,100,112.0,1,,,,,,,,,,,,,,,,,112.6,100,,,,,,,,,,,,,,,,,,
2026-07-02T11:01:30.110494+00:00,2026-07-02T11:01:30.104567,3,1,112.45,0.3,112.3,127,112.1,100,112.0,1,,,,,,,,,,,,,,,112.6,100,,,,,,,,,,,,,,,,,,
2026-07-02T11:01:30.151163+00:00,2026-07-02T11:01:30.151064,3,2,112.45,0.3,112.3,127,112.1,100,112.0,1,,,,,,,,,,,,,,,112.6,100,112.8,150,,,,,,,,,,,,,,,,
2026-07-02T11:01:31.132229+00:00,2026-07-02T11:01:31.118691,3,2,112.45,0.3,112.3,116,112.1,100,112.0,1,,,,,,,,,,,,,,,112.6,50,112.8,150,,,,,,,,,,,,,,,,
2026-07-02T11:01:31.789627+00:00,2026-07-02T11:01:31.789750,2,1,112.55,0.5,112.3,116,112.0,1,,,,,,,,,,,,,,,,,112.8,150,,,,,,,,,,,,,,,,,,
2026-07-02T11:01:31.841296+00:00,2026-07-02T11:01:31.841219,3,1,112.55,0.5,112.3,116,112.2,100,112.0,1,,,,,,,,,,,,,,,112.8,150,,,,,,,,,,,,,,,,,,
2026-07-02T11:01:31.894741+00:00,2026-07-02T11:01:31.894712,3,2,112.5,0.4,112.3,116,112.2,100,112.0,1,,,,,,,,,,,,,,,112.7,100,112.8,150,,,,,,,,,,,,,,,,
2026-07-02T11:01:32.454421+00:00,2026-07-02T11:01:32.449123,3,2,112.5,0.4,112.3,113,112.2,100,112.0,1,,,,,,,,,,,,,,,112.7,100,112.8,150,,,,,,,,,,,,,,,,
2026-07-02T11:01:33.205805+00:00,2026-07-02T11:01:33.205686,2,1,112.45,0.5,112.2,100,112.0,1,,,,,,,,,,,,,,,,,112.7,100,,,,,,,,,,,,,,,,,,
2026-07-02T11:01:33.222243+00:00,2026-07-02T11:01:33.222123,2,1,112.45,0.5,112.2,100,112.0,1,,,,,,,,,,,,,,,,,112.7,50,,,,,,,,,,,,,,,,,,
2026-07-02T11:01:33.258634+00:00,2026-07-02T11:01:33.257700,3,1,112.45,0.5,112.2,100,112.0,1,111.8,150,,,,,,,,,,,,,,,112.7,50,,,,,,,,,,,,,,,,,,
2026-07-02T11:01:33.306856+00:00,2026-07-02T11:01:33.306824,3,2,112.25,0.1,112.2,100,112.0,1,111.8,150,,,,,,,,,,,,,,,112.3,150,112.7,50,,,,,,,,,,,,,,,,
2026-07-02T11:01:34.949808+00:00,2026-07-02T11:01:34.949684,2,1,112.15,0.3,112.0,1,111.8,150,,,,,,,,,,,,,,,,,112.3,150,,,,,,,,,,,,,,,,,,
2026-07-02T11:01:34.978614+00:00,2026-07-02T11:01:34.978535,1,1,112.05,0.5,111.8,108,,,,,,,,,,,,,,,,,,,112.3,150,,,,,,,,,,,,,,,,,,
2026-07-02T11:01:35.003287+00:00,2026-07-02T11:01:35.003161,2,1,112.15,0.3,112.0,100,111.8,108,,,,,,,,,,,,,,,,,112.3,150,,,,,,,,,,,,,,,,,,
2026-07-02T11:01:35.058565+00:00,2026-07-02T11:01:35.051162,2,2,112.15,0.3,112.0,100,111.8,108,,,,,,,,,,,,,,,,,112.3,150,112.5,100,,,,,,,,,,,,,,,,
2026-07-02T11:01:35.335182+00:00,2026-07-02T11:01:35.335125,2,2,112.15,0.3,112.0,100,111.8,108,,,,,,,,,,,,,,,,,112.3,100,112.5,100,,,,,,,,,,,,,,,,
2026-07-02T11:01:36.068900+00:00,2026-07-02T11:01:36.068846,2,2,112.15,0.3,112.0,59,111.8,108,,,,,,,,,,,,,,,,,112.3,100,112.5,100,,,,,,,,,,,,,,,,
2026-07-02T11:01:36.358643+00:00,2026-07-02T11:01:36.356357,1,1,112.25,0.5,112.0,59,,,,,,,,,,,,,,,,,,,112.5,100,,,,,,,,,,,,,,,,,,
2026-07-02T11:01:36.419017+00:00,2026-07-02T11:01:36.418912,2,1,112.25,0.5,112.0,59,111.8,150,,,,,,,,,,,,,,,,,112.5,100,,,,,,,,,,,,,,,,,,
2026-07-02T11:01:36.470813+00:00,2026-07-02T11:01:36.470914,2,2,112.15,0.3,112.0,59,111.8,150,,,,,,,,,,,,,,,,,112.3,150,112.5,100,,,,,,,,,,,,,,,,
2026-07-02T11:01:37.094167+00:00,2026-07-02T11:01:37.094063,2,2,112.15,0.3,112.0,59,111.8,150,,,,,,,,,,,,,,,,,112.3,103,112.5,100,,,,,,,,,,,,,,,,
2026-07-02T11:01:37.441335+00:00,2026-07-02T11:01:37.441197,2,2,112.15,0.3,112.0,59,111.8,150,,,,,,,,,,,,,,,,,112.3,53,112.5,100,,,,,,,,,,,,,,,,
2026-07-02T11:01:37.510964+00:00,2026-07-02T11:01:37.510919,2,3,112.15,0.3,112.0,59,111.8,150,,,,,,,,,,,,,,,,,112.3,53,112.4,4,112.5,100,,,,,,,,,,,,,,
2026-07-02T11:01:38.111072+00:00,2026-07-02T11:01:38.111000,1,2,112.05,0.5,111.8,150,,,,,,,,,,,,,,,,,,,112.3,53,112.4,4,,,,,,,,,,,,,,,,
2026-07-02T11:01:38.165453+00:00,2026-07-02T11:01:38.165328,1,2,112.05,0.5,111.8,250,,,,,,,,,,,,,,,,,,,112.3,53,112.4,4,,,,,,,,,,,,,,,,
2026-07-02T11:01:38.218936+00:00,2026-07-02T11:01:38.218811,1,2,112.05,0.5,111.8,250,,,,,,,,,,,,,,,,,,,112.3,153,112.4,4,,,,,,,,,,,,,,,,
2026-07-02T11:01:39.304206+00:00,2026-07-02T11:01:39.304018,1,2,112.05,0.5,111.8,250,,,,,,,,,,,,,,,,,,,112.3,153,112.4,3,,,,,,,,,,,,,,,,
2026-07-02T11:01:39.522454+00:00,2026-07-02T11:01:39.522385,1,2,112.05,0.5,111.8,100,,,,,,,,,,,,,,,,,,,112.3,100,112.4,3,,,,,,,,,,,,,,,,
2026-07-02T11:01:39.574315+00:00,2026-07-02T11:01:39.574206,1,2,112.05,0.5,111.8,100,,,,,,,,,,,,,,,,,,,112.3,50,112.4,3,,,,,,,,,,,,,,,,
2026-07-02T11:01:39.584868+00:00,2026-07-02T11:01:39.584710,2,1,112.35,0.1,112.3,100,111.8,100,,,,,,,,,,,,,,,,,112.4,3,,,,,,,,,,,,,,,,,,
2026-07-02T11:01:39.637349+00:00,2026-07-02T11:01:39.637482,2,2,112.35,0.1,112.3,100,111.8,100,,,,,,,,,,,,,,,,,112.4,3,112.8,150,,,,,,,,,,,,,,,,
2026-07-02T11:01:41.275363+00:00,2026-07-02T11:01:41.275216,1,2,112.35,0.1,112.3,100,,,,,,,,,,,,,,,,,,,112.4,3,112.8,150,,,,,,,,,,,,,,,,
2026-07-02T11:01:41.280539+00:00,2026-07-02T11:01:41.280467,1,2,112.35,0.1,112.3,53,,,,,,,,,,,,,,,,,,,112.4,3,112.8,150,,,,,,,,,,,,,,,,
2026-07-02T11:01:41.326834+00:00,2026-07-02T11:01:41.326784,2,1,112.6,0.4,112.4,97,112.3,53,,,,,,,,,,,,,,,,,112.8,150,,,,,,,,,,,,,,,,,,
2026-07-02T11:01:41.390950+00:00,2026-07-02T11:01:41.390880,2,2,112.6,0.4,112.4,97,112.3,53,,,,,,,,,,,,,,,,,112.8,150,112.9,100,,,,,,,,,,,,,,,,
2026-07-02T11:01:41.606586+00:00,2026-07-02T11:01:41.606520,3,2,112.6,0.4,112.4,97,112.3,53,112.1,4,,,,,,,,,,,,,,,112.8,150,112.9,100,,,,,,,,,,,,,,,,
2026-07-02T11:01:41.733960+00:00,2026-07-02T11:01:41.733894,3,2,112.6,0.4,112.4,47,112.3,53,112.1,4,,,,,,,,,,,,,,,112.8,150,112.9,100,,,,,,,,,,,,,,,,
2026-07-02T11:01:41.985780+00:00,2026-07-02T11:01:41.985570,3,2,112.6,0.4,112.4,47,112.3,53,112.1,3,,,,,,,,,,,,,,,112.8,150,112.9,100,,,,,,,,,,,,,,,,
2026-07-02T11:01:42.691007+00:00,2026-07-02T11:01:42.690857,2,1,112.65,0.5,112.4,47,112.1,3,,,,,,,,,,,,,,,,,112.9,100,,,,,,,,,,,,,,,,,,
2026-07-02T11:01:42.744519+00:00,2026-07-02T11:01:42.744324,3,1,112.65,0.5,112.4,47,112.1,3,111.9,150,,,,,,,,,,,,,,,112.9,100,,,,,,,,,,,,,,,,,,
2026-07-02T11:01:42.798196+00:00,2026-07-02T11:01:42.798124,2,2,112.25,0.3,112.1,3,111.9,150,,,,,,,,,,,,,,,,,112.4,103,112.9,100,,,,,,,,,,,,,,,,
2026-07-02T11:01:42.903331+00:00,2026-07-02T11:01:42.903187,2,2,112.25,0.3,112.1,2,111.9,150,,,,,,,,,,,,,,,,,112.4,103,112.9,100,,,,,,,,,,,,,,,,
2026-07-02T11:01:43.071304+00:00,2026-07-02T11:01:43.071231,2,3,112.25,0.3,112.1,2,111.9,150,,,,,,,,,,,,,,,,,112.4,103,112.5,4,112.9,100,,,,,,,,,,,,,,
2026-07-02T11:01:43.841052+00:00,2026-07-02T11:01:43.841006,1,3,112.15,0.5,111.9,102,,,,,,,,,,,,,,,,,,,112.4,103,112.5,4,112.9,100,,,,,,,,,,,,,,
2026-07-02T11:01:43.896921+00:00,2026-07-02T11:01:43.897141,2,3,112.25,0.3,112.1,1,111.9,102,,,,,,,,,,,,,,,,,112.4,103,112.5,4,112.9,100,,,,,,,,,,,,,,
2026-07-02T11:01:44.104485+00:00,2026-07-02T11:01:44.104407,1,3,112.15,0.5,111.9,102,,,,,,,,,,,,,,,,,,,112.4,103,112.5,4,112.9,100,,,,,,,,,,,,,,
2026-07-02T11:01:44.452937+00:00,2026-07-02T11:01:44.453080,1,2,112.15,0.5,111.9,102,,,,,,,,,,,,,,,,,,,112.4,103,112.5,4,,,,,,,,,,,,,,,,
2026-07-02T11:01:44.508790+00:00,2026-07-02T11:01:44.508648,1,2,112.15,0.5,111.9,202,,,,,,,,,,,,,,,,,,,112.4,103,112.5,4,,,,,,,,,,,,,,,,
2026-07-02T11:01:44.562040+00:00,2026-07-02T11:01:44.561912,1,2,112.15,0.5,111.9,202,,,,,,,,,,,,,,,,,,,112.4,203,112.5,4,,,,,,,,,,,,,,,,
2026-07-02T11:01:45.724119+00:00,2026-07-02T11:01:45.724080,1,2,112.15,0.5,111.9,202,,,,,,,,,,,,,,,,,,,112.4,160,112.5,4,,,,,,,,,,,,,,,,
2026-07-02T11:01:45.853117+00:00,2026-07-02T11:01:45.853079,1,2,112.15,0.5,111.9,100,,,,,,,,,,,,,,,,,,,112.4,100,112.5,4,,,,,,,,,,,,,,,,
2026-07-02T11:01:45.911140+00:00,2026-07-02T11:01:45.910956,2,2,112.25,0.3,112.1,150,111.9,100,,,,,,,,,,,,,,,,,112.4,100,112.5,4,,,,,,,,,,,,,,,,
2026-07-02T11:01:45.958620+00:00,2026-07-02T11:01:45.955682,2,2,112.25,0.3,112.1,100,111.9,100,,,,,,,,,,,,,,,,,112.4,100,112.5,4,,,,,,,,,,,,,,,,
2026-07-02T11:01:45.969030+00:00,2026-07-02T11:01:45.968973,2,3,112.25,0.3,112.1,100,111.9,100,,,,,,,,,,,,,,,,,112.4,100,112.5,4,112.6,150,,,,,,,,,,,,,,
2026-07-02T11:01:46.767945+00:00,2026-07-02T11:01:46.767811,2,3,112.25,0.3,112.1,56,111.9,100,,,,,,,,,,,,,,,,,112.4,100,112.5,4,112.6,150,,,,,,,,,,,,,,
2026-07-02T11:01:46.980516+00:00,2026-07-02T11:01:46.980405,2,3,112.25,0.3,112.1,56,111.9,100,,,,,,,,,,,,,,,,,112.4,100,112.5,2,112.6,150,,,,,,,,,,,,,,
2026-07-02T11:01:47.395059+00:00,2026-07-02T11:01:47.394907,2,3,112.25,0.3,112.1,56,111.9,100,,,,,,,,,,,,,,,,,112.4,51,112.5,2,112.6,150,,,,,,,,,,,,,,
2026-07-02T11:01:47.450272+00:00,2026-07-02T11:01:47.450390,2,3,112.25,0.3,112.1,10,111.9,100,,,,,,,,,,,,,,,,,112.4,51,112.5,2,112.6,150,,,,,,,,,,,,,,
2026-07-02T11:01:47.618296+00:00,2026-07-02T11:01:47.618209,1,2,112.3,0.4,112.1,10,,,,,,,,,,,,,,,,,,,112.5,2,112.6,150,,,,,,,,,,,,,,,,
2026-07-02T11:01:47.674105+00:00,2026-07-02T11:01:47.674217,1,2,112.3,0.4,112.1,110,,,,,,,,,,,,,,,,,,,112.5,2,112.6,150,,,,,,,,,,,,,,,,
2026-07-02T11:01:47.725048+00:00,2026-07-02T11:01:47.725188,1,2,112.3,0.4,112.1,110,,,,,,,,,,,,,,,,,,,112.5,2,112.6,250,,,,,,,,,,,,,,,,
2026-07-02T11:01:48.091857+00:00,2026-07-02T11:01:48.091746,1,2,112.3,0.4,112.1,60,,,,,,,,,,,,,,,,,,,112.5,2,112.6,250,,,,,,,,,,,,,,,,
2026-07-02T11:01:48.141366+00:00,2026-07-02T11:01:48.141217,1,2,112.3,0.4,112.1,64,,,,,,,,,,,,,,,,,,,112.5,2,112.6,250,,,,,,,,,,,,,,,,
2026-07-02T11:01:48.996531+00:00,2026-07-02T11:01:48.996417,1,2,112.3,0.4,112.1,64,,,,,,,,,,,,,,,,,,,112.5,1,112.6,250,,,,,,,,,,,,,,,,
2026-07-02T11:01:49.024481+00:00,2026-07-02T11:01:49.024319,1,2,112.3,0.4,112.1,64,,,,,,,,,,,,,,,,,,,112.5,1,112.6,100,,,,,,,,,,,,,,,,
2026-07-02T11:01:49.077313+00:00,2026-07-02T11:01:49.077154,2,2,112.3,0.4,112.1,64,111.4,150,,,,,,,,,,,,,,,,,112.5,1,112.6,100,,,,,,,,,,,,,,,,
2026-07-02T11:01:49.139668+00:00,2026-07-02T11:01:49.132785,1,3,111.65,0.5,111.4,150,,,,,,,,,,,,,,,,,,,111.9,83,112.5,1,112.6,100,,,,,,,,,,,,,,
2026-07-02T11:01:50.781625+00:00,2026-07-02T11:01:50.781729,1,2,111.65,0.5,111.4,150,,,,,,,,,,,,,,,,,,,111.9,83,112.5,1,,,,,,,,,,,,,,,,
2026-07-02T11:01:50.786983+00:00,2026-07-02T11:01:50.786947,1,1,111.65,0.5,111.4,150,,,,,,,,,,,,,,,,,,,111.9,83,,,,,,,,,,,,,,,,,,
2026-07-02T11:01:50.835225+00:00,2026-07-02T11:01:50.835188,2,1,111.85,0.1,111.8,100,111.4,150,,,,,,,,,,,,,,,,,111.9,83,,,,,,,,,,,,,,,,,,
2026-07-02T11:01:50.888544+00:00,2026-07-02T11:01:50.888400,2,2,111.85,0.1,111.8,100,111.4,150,,,,,,,,,,,,,,,,,111.9,83,112.3,100,,,,,,,,,,,,,,,,
2026-07-02T11:01:51.328720+00:00,2026-07-02T11:01:51.328624,2,2,111.85,0.1,111.8,100,111.4,150,,,,,,,,,,,,,,,,,111.9,83,112.3,104,,,,,,,,,,,,,,,,
2026-07-02T11:01:51.597539+00:00,2026-07-02T11:01:51.597476,2,2,111.85,0.1,111.8,60,111.4,150,,,,,,,,,,,,,,,,,111.9,83,112.3,104,,,,,,,,,,,,,,,,
2026-07-02T11:01:52.187152+00:00,2026-07-02T11:01:52.187256,1,1,112.05,0.5,111.8,60,,,,,,,,,,,,,,,,,,,112.3,104,,,,,,,,,,,,,,,,,,
2026-07-02T11:01:52.205288+00:00,2026-07-02T11:01:52.205193,1,1,112.05,0.5,111.8,60,,,,,,,,,,,,,,,,,,,112.3,64,,,,,,,,,,,,,,,,,,
2026-07-02T11:01:52.249679+00:00,2026-07-02T11:01:52.249589,2,1,112.05,0.5,111.8,60,111.7,150,,,,,,,,,,,,,,,,,112.3,64,,,,,,,,,,,,,,,,,,
2026-07-02T11:01:52.286350+00:00,2026-07-02T11:01:52.286285,2,1,112.05,0.5,111.8,60,111.7,150,,,,,,,,,,,,,,,,,112.3,14,,,,,,,,,,,,,,,,,,
2026-07-02T11:01:52.296872+00:00,2026-07-02T11:01:52.296745,2,2,112.0,0.4,111.8,60,111.7,150,,,,,,,,,,,,,,,,,112.2,150,112.3,14,,,,,,,,,,,,,,,,
2026-07-02T11:01:52.517361+00:00,2026-07-02T11:01:52.517491,3,2,112.1,0.2,112.0,1,111.8,60,111.7,150,,,,,,,,,,,,,,,112.2,150,112.3,14,,,,,,,,,,,,,,,,
2026-07-02T11:01:52.803234+00:00,2026-07-02T11:01:52.803137,3,2,112.1,0.2,112.0,1,111.8,60,111.7,150,,,,,,,,,,,,,,,112.2,108,112.3,14,,,,,,,,,,,,,,,,
2026-07-02T11:01:53.481971+00:00,2026-07-02T11:01:53.450788,2,2,112.0,0.4,111.8,60,111.7,150,,,,,,,,,,,,,,,,,112.2,108,112.3,14,,,,,,,,,,,,,,,,
2026-07-02T11:01:53.497618+00:00,2026-07-02T11:01:53.497439,2,2,112.0,0.4,111.8,60,111.7,150,,,,,,,,,,,,,,,,,112.2,108,112.3,13,,,,,,,,,,,,,,,,
2026-07-02T11:01:53.943019+00:00,2026-07-02T11:01:53.942918,1,2,111.95,0.5,111.7,150,,,,,,,,,,,,,,,,,,,112.2,108,112.3,3,,,,,,,,,,,,,,,,
2026-07-02T11:01:53.999242+00:00,2026-07-02T11:01:53.999019,2,2,112.0,0.4,111.8,100,111.7,150,,,,,,,,,,,,,,,,,112.2,108,112.3,3,,,,,,,,,,,,,,,,
2026-07-02T11:01:54.058557+00:00,2026-07-02T11:01:54.043895,2,2,112.0,0.4,111.8,100,111.7,150,,,,,,,,,,,,,,,,,112.2,108,112.3,103,,,,,,,,,,,,,,,,
2026-07-02T11:01:54.397346+00:00,2026-07-02T11:01:54.397494,2,2,112.0,0.4,111.8,100,111.7,150,,,,,,,,,,,,,,,,,112.2,58,112.3,103,,,,,,,,,,,,,,,,
2026-07-02T11:01:55.358643+00:00,2026-07-02T11:01:55.352461,1,1,112.05,0.5,111.8,100,,,,,,,,,,,,,,,,,,,112.3,103,,,,,,,,,,,,,,,,,,
2026-07-02T11:01:55.409396+00:00,2026-07-02T11:01:55.409255,2,1,112.1,0.4,111.9,150,111.8,100,,,,,,,,,,,,,,,,,112.3,103,,,,,,,,,,,,,,,,,,
2026-07-02T11:01:55.414626+00:00,2026-07-02T11:01:55.414552,2,1,112.1,0.4,111.9,103,111.8,100,,,,,,,,,,,,,,,,,112.3,103,,,,,,,,,,,,,,,,,,
2026-07-02T11:01:55.458218+00:00,2026-07-02T11:01:55.458440,2,2,112.1,0.4,111.9,103,111.8,100,,,,,,,,,,,,,,,,,112.3,103,112.4,150,,,,,,,,,,,,,,,,
2026-07-02T11:01:56.530000+00:00,2026-07-02T11:01:56.529868,2,2,112.1,0.4,111.9,103,111.8,100,,,,,,,,,,,,,,,,,112.3,53,112.4,150,,,,,,,,,,,,,,,,
2026-07-02T11:01:57.128303+00:00,2026-07-02T11:01:57.128261,2,1,112.15,0.5,111.9,103,111.8,100,,,,,,,,,,,,,,,,,112.4,150,,,,,,,,,,,,,,,,,,
2026-07-02T11:01:57.133540+00:00,2026-07-02T11:01:57.133430,1,1,112.15,0.5,111.9,103,,,,,,,,,,,,,,,,,,,112.4,150,,,,,,,,,,,,,,,,,,
2026-07-02T11:01:57.190207+00:00,2026-07-02T11:01:57.190145,2,1,112.25,0.3,112.1,100,111.9,103,,,,,,,,,,,,,,,,,112.4,150,,,,,,,,,,,,,,,,,,
2026-07-02T11:01:57.244422+00:00,2026-07-02T11:01:57.239974,2,2,112.25,0.3,112.1,100,111.9,103,,,,,,,,,,,,,,,,,112.4,150,112.6,100,,,,,,,,,,,,,,,,
2026-07-02T11:01:57.905631+00:00,2026-07-02T11:01:57.905468,2,3,112.2,0.2,112.1,100,111.9,103,,,,,,,,,,,,,,,,,112.3,5,112.4,150,112.6,100,,,,,,,,,,,,,,
2026-07-02T11:01:58.524461+00:00,2026-07-02T11:01:58.524383,1,2,112.2,0.2,112.1,100,,,,,,,,,,,,,,,,,,,112.3,5,112.6,100,,,,,,,,,,,,,,,,
2026-07-02T11:01:58.580485+00:00,2026-07-02T11:01:58.580352,2,2,112.2,0.2,112.1,100,111.9,150,,,,,,,,,,,,,,,,,112.3,5,112.6,100,,,,,,,,,,,,,,,,
2026-07-02T11:01:58.633489+00:00,2026-07-02T11:01:58.633349,2,3,112.2,0.2,112.1,100,111.9,150,,,,,,,,,,,,,,,,,112.3,5,112.4,150,112.6,100,,,,,,,,,,,,,,
2026-07-02T11:01:58.643978+00:00,2026-07-02T11:01:58.643909,2,2,112.25,0.3,112.1,100,111.9,150,,,,,,,,,,,,,,,,,112.4,105,112.6,100,,,,,,,,,,,,,,,,
2026-07-02T11:01:58.713674+00:00,2026-07-02T11:01:58.704907,2,2,112.25,0.3,112.1,98,111.9,150,,,,,,,,,,,,,,,,,112.4,105,112.6,100,,,,,,,,,,,,,,,,
2026-07-02T11:01:58.937859+00:00,2026-07-02T11:01:58.937635,2,3,112.2,0.2,112.1,98,111.9,150,,,,,,,,,,,,,,,,,112.3,5,112.4,105,112.6,100,,,,,,,,,,,,,,
2026-07-02T11:01:59.146065+00:00,2026-07-02T11:01:59.145925,2,2,112.25,0.3,112.1,98,111.9,150,,,,,,,,,,,,,,,,,112.4,65,112.6,100,,,,,,,,,,,,,,,,
2026-07-02T11:02:00.209153+00:00,2026-07-02T11:02:00.209022,2,2,112.25,0.3,112.1,53,111.9,150,,,,,,,,,,,,,,,,,112.4,65,112.6,100,,,,,,,,,,,,,,,,
2026-07-02T11:02:00.299811+00:00,2026-07-02T11:02:00.299693,1,1,112.15,0.5,111.9,150,,,,,,,,,,,,,,,,,,,112.4,65,,,,,,,,,,,,,,,,,,
2026-07-02T11:02:00.349653+00:00,2026-07-02T11:02:00.349571,2,1,112.2,0.4,112.0,100,111.9,150,,,,,,,,,,,,,,,,,112.4,65,,,,,,,,,,,,,,,,,,
2026-07-02T11:02:00.405051+00:00,2026-07-02T11:02:00.404935,2,2,112.2,0.4,112.0,100,111.9,150,,,,,,,,,,,,,,,,,112.4,65,112.5,100,,,,,,,,,,,,,,,,
2026-07-02T11:02:00.681088+00:00,2026-07-02T11:02:00.680965,2,2,112.2,0.4,112.0,100,111.9,150,,,,,,,,,,,,,,,,,112.4,16,112.5,100,,,,,,,,,,,,,,,,
2026-07-02T11:02:00.779555+00:00,2026-07-02T11:02:00.779494,2,1,112.25,0.5,112.0,100,111.9,150,,,,,,,,,,,,,,,,,112.5,66,,,,,,,,,,,,,,,,,,
2026-07-02T11:02:01.688771+00:00,2026-07-02T11:02:01.688698,1,1,112.25,0.5,112.0,100,,,,,,,,,,,,,,,,,,,112.5,66,,,,,,,,,,,,,,,,,,
2026-07-02T11:02:01.741356+00:00,2026-07-02T11:02:01.741512,2,0,,,112.5,84,112.0,100,,,,,,,,,,,,,,,,,,,,,,,,,,,,,,,,,,,,
2026-07-02T11:02:01.802081+00:00,2026-07-02T11:02:01.796098,2,1,112.75,0.5,112.5,81,112.0,100,,,,,,,,,,,,,,,,,113.0,150,,,,,,,,,,,,,,,,,,
2026-07-02T11:02:01.911829+00:00,2026-07-02T11:02:01.912006,2,1,112.75,0.5,112.5,56,112.0,100,,,,,,,,,,,,,,,,,113.0,150,,,,,,,,,,,,,,,,,,
2026-07-02T11:02:02.121941+00:00,2026-07-02T11:02:02.121857,2,1,112.75,0.5,112.5,31,112.0,100,,,,,,,,,,,,,,,,,113.0,150,,,,,,,,,,,,,,,,,,
2026-07-02T11:02:02.331731+00:00,2026-07-02T11:02:02.331640,2,1,112.75,0.5,112.5,6,112.0,100,,,,,,,,,,,,,,,,,113.0,150,,,,,,,,,,,,,,,,,,
2026-07-02T11:02:02.538826+00:00,2026-07-02T11:02:02.538772,1,1,112.5,1.0,112.0,100,,,,,,,,,,,,,,,,,,,113.0,150,,,,,,,,,,,,,,,,,,
2026-07-02T11:02:02.717927+00:00,2026-07-02T11:02:02.717868,1,1,112.5,1.0,112.0,60,,,,,,,,,,,,,,,,,,,113.0,150,,,,,,,,,,,,,,,,,,
2026-07-02T11:02:03.458596+00:00,2026-07-02T11:02:03.456622,0,1,,,,,,,,,,,,,,,,,,,,,,,113.0,150,,,,,,,,,,,,,,,,,,
2026-07-02T11:02:03.514534+00:00,2026-07-02T11:02:03.514459,1,1,112.55,0.9,112.1,100,,,,,,,,,,,,,,,,,,,113.0,150,,,,,,,,,,,,,,,,,,
2026-07-02T11:02:03.569102+00:00,2026-07-02T11:02:03.568995,1,2,112.35,0.5,112.1,100,,,,,,,,,,,,,,,,,,,112.6,100,113.0,150,,,,,,,,,,,,,,,,
2026-07-02T11:02:03.852348+00:00,2026-07-02T11:02:03.852448,1,2,112.35,0.5,112.1,100,,,,,,,,,,,,,,,,,,,112.6,51,113.0,150,,,,,,,,,,,,,,,,
2026-07-02T11:02:04.848914+00:00,2026-07-02T11:02:04.848878,1,1,112.35,0.5,112.1,100,,,,,,,,,,,,,,,,,,,112.6,51,,,,,,,,,,,,,,,,,,
2026-07-02T11:02:04.901630+00:00,2026-07-02T11:02:04.901512,2,1,112.35,0.5,112.1,100,111.9,150,,,,,,,,,,,,,,,,,112.6,51,,,,,,,,,,,,,,,,,,
2026-07-02T11:02:04.953920+00:00,2026-07-02T11:02:04.953809,2,2,112.25,0.3,112.1,100,111.9,150,,,,,,,,,,,,,,,,,112.4,150,112.6,51,,,,,,,,,,,,,,,,
2026-07-02T11:02:04.999406+00:00,2026-07-02T11:02:04.999247,2,2,112.25,0.3,112.1,100,111.9,150,,,,,,,,,,,,,,,,,112.4,100,112.6,51,,,,,,,,,,,,,,,,
2026-07-02T11:02:05.222319+00:00,2026-07-02T11:02:05.222442,2,2,112.25,0.3,112.1,104,111.9,150,,,,,,,,,,,,,,,,,112.4,100,112.6,51,,,,,,,,,,,,,,,,
2026-07-02T11:02:05.263382+00:00,2026-07-02T11:02:05.258804,2,2,112.25,0.3,112.1,104,111.9,150,,,,,,,,,,,,,,,,,112.4,97,112.6,51,,,,,,,,,,,,,,,,
2026-07-02T11:02:06.234928+00:00,2026-07-02T11:02:06.234677,2,2,112.25,0.3,112.1,104,111.9,150,,,,,,,,,,,,,,,,,112.4,99,112.6,51,,,,,,,,,,,,,,,,
2026-07-02T11:02:06.622543+00:00,2026-07-02T11:02:06.622773,2,1,112.25,0.3,112.1,4,111.9,150,,,,,,,,,,,,,,,,,112.4,99,,,,,,,,,,,,,,,,,,
2026-07-02T11:02:06.675743+00:00,2026-07-02T11:02:06.675598,3,1,112.35,0.1,112.3,100,112.1,4,111.9,150,,,,,,,,,,,,,,,112.4,99,,,,,,,,,,,,,,,,,,
2026-07-02T11:02:06.726164+00:00,2026-07-02T11:02:06.726072,3,2,112.35,0.1,112.3,100,112.1,4,111.9,150,,,,,,,,,,,,,,,112.4,99,112.8,100,,,,,,,,,,,,,,,,
2026-07-02T11:02:07.158590+00:00,2026-07-02T11:02:07.156953,3,2,112.35,0.1,112.3,50,112.1,4,111.9,150,,,,,,,,,,,,,,,112.4,99,112.8,100,,,,,,,,,,,,,,,,
2026-07-02T11:02:07.240690+00:00,2026-07-02T11:02:07.240790,3,2,112.35,0.1,112.3,50,112.1,4,111.9,150,,,,,,,,,,,,,,,112.4,98,112.8,100,,,,,,,,,,,,,,,,
2026-07-02T11:02:08.042859+00:00,2026-07-02T11:02:08.042756,2,2,112.35,0.1,112.3,50,112.1,4,,,,,,,,,,,,,,,,,112.4,1,112.8,100,,,,,,,,,,,,,,,,
2026-07-02T11:02:08.099906+00:00,2026-07-02T11:02:08.099853,3,2,112.35,0.1,112.3,50,112.2,150,112.1,4,,,,,,,,,,,,,,,112.4,1,112.8,100,,,,,,,,,,,,,,,,
2026-07-02T11:02:08.158537+00:00,2026-07-02T11:02:08.155699,3,3,112.35,0.1,112.3,50,112.2,150,112.1,4,,,,,,,,,,,,,,,112.4,1,112.7,150,112.8,100,,,,,,,,,,,,,,
2026-07-02T11:02:08.744956+00:00,2026-07-02T11:02:08.745109,3,3,112.35,0.1,112.3,5,112.2,150,112.1,4,,,,,,,,,,,,,,,112.4,1,112.7,150,112.8,100,,,,,,,,,,,,,,
2026-07-02T11:02:09.278646+00:00,2026-07-02T11:02:09.273361,3,3,112.35,0.1,112.3,2,112.2,150,112.1,4,,,,,,,,,,,,,,,112.4,1,112.7,150,112.8,100,,,,,,,,,,,,,,
2026-07-02T11:02:09.299440+00:00,2026-07-02T11:02:09.299352,2,3,112.3,0.2,112.2,102,112.1,4,,,,,,,,,,,,,,,,,112.4,1,112.7,150,112.8,100,,,,,,,,,,,,,,
2026-07-02T11:02:09.781475+00:00,2026-07-02T11:02:09.781675,2,2,112.3,0.2,112.2,102,112.1,4,,,,,,,,,,,,,,,,,112.4,1,112.7,150,,,,,,,,,,,,,,,,
2026-07-02T11:02:09.852367+00:00,2026-07-02T11:02:09.852211,3,2,112.3,0.2,112.2,102,112.1,4,111.8,100,,,,,,,,,,,,,,,112.4,1,112.7,150,,,,,,,,,,,,,,,,
2026-07-02T11:02:09.903276+00:00,2026-07-02T11:02:09.903174,3,3,112.25,0.1,112.2,102,112.1,4,111.8,100,,,,,,,,,,,,,,,112.3,100,112.4,1,112.7,150,,,,,,,,,,,,,,
2026-07-02T11:02:10.634950+00:00,2026-07-02T11:02:10.635055,3,3,112.25,0.1,112.2,102,112.1,3,111.8,100,,,,,,,,,,,,,,,112.3,100,112.4,1,112.7,150,,,,,,,,,,,,,,
2026-07-02T11:02:11.205639+00:00,2026-07-02T11:02:11.205575,3,2,112.25,0.1,112.2,102,112.1,3,111.8,100,,,,,,,,,,,,,,,112.3,100,112.4,1,,,,,,,,,,,,,,,,
2026-07-02T11:02:11.210662+00:00,2026-07-02T11:02:11.210741,2,2,112.2,0.2,112.1,3,111.8,100,,,,,,,,,,,,,,,,,112.3,100,112.4,1,,,,,,,,,,,,,,,,
2026-07-02T11:02:11.258670+00:00,2026-07-02T11:02:11.255440,3,2,112.2,0.2,112.1,3,111.9,150,111.8,100,,,,,,,,,,,,,,,112.3,100,112.4,1,,,,,,,,,,,,,,,,
2026-07-02T11:02:11.316354+00:00,2026-07-02T11:02:11.316261,3,2,112.2,0.2,112.1,3,111.9,150,111.8,100,,,,,,,,,,,,,,,112.3,100,112.4,151,,,,,,,,,,,,,,,,
2026-07-02T11:02:11.408714+00:00,2026-07-02T11:02:11.408670,2,2,112.1,0.4,111.9,103,111.8,100,,,,,,,,,,,,,,,,,112.3,100,112.4,151,,,,,,,,,,,,,,,,
2026-07-02T11:02:11.916233+00:00,2026-07-02T11:02:11.916099,2,2,112.1,0.4,111.9,103,111.8,100,,,,,,,,,,,,,,,,,112.3,54,112.4,151,,,,,,,,,,,,,,,,
2026-07-02T11:02:11.971076+00:00,2026-07-02T11:02:11.970943,2,2,112.1,0.4,111.9,54,111.8,100,,,,,,,,,,,,,,,,,112.3,54,112.4,151,,,,,,,,,,,,,,,,
2026-07-02T11:02:12.900642+00:00,2026-07-02T11:02:12.900474,2,2,112.1,0.4,111.9,54,111.8,100,,,,,,,,,,,,,,,,,112.3,9,112.4,151,,,,,,,,,,,,,,,,
2026-07-02T11:02:12.958559+00:00,2026-07-02T11:02:12.955088,1,1,112.15,0.5,111.9,54,,,,,,,,,,,,,,,,,,,112.4,151,,,,,,,,,,,,,,,,,,
2026-07-02T11:02:13.010314+00:00,2026-07-02T11:02:13.010240,2,1,112.25,0.3,112.1,100,111.9,54,,,,,,,,,,,,,,,,,112.4,151,,,,,,,,,,,,,,,,,,
2026-07-02T11:02:13.058540+00:00,2026-07-02T11:02:13.058046,2,2,112.25,0.3,112.1,100,111.9,54,,,,,,,,,,,,,,,,,112.4,151,112.6,100,,,,,,,,,,,,,,,,
2026-07-02T11:02:13.638930+00:00,2026-07-02T11:02:13.639086,2,2,112.25,0.3,112.1,102,111.9,54,,,,,,,,,,,,,,,,,112.4,151,112.6,100,,,,,,,,,,,,,,,,
2026-07-02T11:02:14.367486+00:00,2026-07-02T11:02:14.367379,2,2,112.25,0.3,112.1,102,111.9,54,,,,,,,,,,,,,,,,,112.4,1,112.6,100,,,,,,,,,,,,,,,,
2026-07-02T11:02:14.372630+00:00,2026-07-02T11:02:14.372550,1,2,112.25,0.3,112.1,102,,,,,,,,,,,,,,,,,,,112.4,1,112.6,100,,,,,,,,,,,,,,,,
2026-07-02T11:02:14.421147+00:00,2026-07-02T11:02:14.421108,2,2,112.25,0.3,112.1,102,111.3,150,,,,,,,,,,,,,,,,,112.4,1,112.6,100,,,,,,,,,,,,,,,,
2026-07-02T11:02:14.488343+00:00,2026-07-02T11:02:14.483321,1,3,111.55,0.5,111.3,150,,,,,,,,,,,,,,,,,,,111.8,45,112.4,1,112.6,100,,,,,,,,,,,,,,
2026-07-02T11:02:14.583427+00:00,2026-07-02T11:02:14.583321,1,3,111.55,0.5,111.3,150,,,,,,,,,,,,,,,,,,,111.8,20,112.4,1,112.6,100,,,,,,,,,,,,,,
2026-07-02T11:02:14.694545+00:00,2026-07-02T11:02:14.690356,1,3,111.55,0.5,111.3,150,,,,,,,,,,,,,,,,,,,111.8,17,112.4,1,112.6,100,,,,,,,,,,,,,,
2026-07-02T11:02:14.789675+00:00,2026-07-02T11:02:14.789525,1,2,111.85,1.1,111.3,150,,,,,,,,,,,,,,,,,,,112.4,1,112.6,100,,,,,,,,,,,,,,,,
2026-07-02T11:02:14.937808+00:00,2026-07-02T11:02:14.937942,1,2,111.85,1.1,111.3,101,,,,,,,,,,,,,,,,,,,112.4,1,112.6,100,,,,,,,,,,,,,,,,
2026-07-02T11:02:15.569087+00:00,2026-07-02T11:02:15.568968,1,1,111.95,1.3,111.3,101,,,,,,,,,,,,,,,,,,,112.6,51,,,,,,,,,,,,,,,,,,
2026-07-02T11:02:15.641698+00:00,2026-07-02T11:02:15.641873,2,1,112.35,0.5,112.1,5,111.3,101,,,,,,,,,,,,,,,,,112.6,51,,,,,,,,,,,,,,,,,,
2026-07-02T11:02:15.651049+00:00,2026-07-02T11:02:15.645594,2,2,112.25,0.3,112.1,2,111.3,101,,,,,,,,,,,,,,,,,112.4,2,112.6,51,,,,,,,,,,,,,,,,
2026-07-02T11:02:16.117924+00:00,2026-07-02T11:02:16.117811,2,1,112.25,0.3,112.1,2,111.3,101,,,,,,,,,,,,,,,,,112.4,2,,,,,,,,,,,,,,,,,,
2026-07-02T11:02:16.172463+00:00,2026-07-02T11:02:16.172407,2,1,112.25,0.3,112.1,102,111.3,101,,,,,,,,,,,,,,,,,112.4,2,,,,,,,,,,,,,,,,,,
2026-07-02T11:02:16.222735+00:00,2026-07-02T11:02:16.222626,2,2,112.25,0.3,112.1,102,111.3,101,,,,,,,,,,,,,,,,,112.4,2,112.6,100,,,,,,,,,,,,,,,,
2026-07-02T11:02:17.452140+00:00,2026-07-02T11:02:17.452097,2,2,112.25,0.3,112.1,54,111.3,101,,,,,,,,,,,,,,,,,112.4,2,112.6,100,,,,,,,,,,,,,,,,
2026-07-02T11:02:17.477164+00:00,2026-07-02T11:02:17.477117,2,2,112.25,0.3,112.1,57,111.3,101,,,,,,,,,,,,,,,,,112.4,2,112.6,100,,,,,,,,,,,,,,,,
2026-07-02T11:02:17.534275+00:00,2026-07-02T11:02:17.534244,1,2,112.25,0.3,112.1,57,,,,,,,,,,,,,,,,,,,112.4,2,112.6,100,,,,,,,,,,,,,,,,
2026-07-02T11:02:17.588985+00:00,2026-07-02T11:02:17.589116,2,2,112.25,0.3,112.1,57,111.8,150,,,,,,,,,,,,,,,,,112.4,2,112.6,100,,,,,,,,,,,,,,,,
2026-07-02T11:02:17.642291+00:00,2026-07-02T11:02:17.642204,2,3,112.2,0.2,112.1,57,111.8,150,,,,,,,,,,,,,,,,,112.3,150,112.4,2,112.6,100,,,,,,,,,,,,,,
2026-07-02T11:02:17.724941+00:00,2026-07-02T11:02:17.724819,2,3,112.2,0.2,112.1,55,111.8,150,,,,,,,,,,,,,,,,,112.3,150,112.4,2,112.6,100,,,,,,,,,,,,,,
2026-07-02T11:02:19.281857+00:00,2026-07-02T11:02:19.281745,2,2,112.2,0.2,112.1,1,111.8,150,,,,,,,,,,,,,,,,,112.3,150,112.4,2,,,,,,,,,,,,,,,,
2026-07-02T11:02:19.334077+00:00,2026-07-02T11:02:19.333979,3,2,112.2,0.2,112.1,1,111.9,100,111.8,150,,,,,,,,,,,,,,,112.3,150,112.4,2,,,,,,,,,,,,,,,,
2026-07-02T11:02:19.388796+00:00,2026-07-02T11:02:19.388724,3,2,112.2,0.2,112.1,1,111.9,100,111.8,150,,,,,,,,,,,,,,,112.3,150,112.4,102,,,,,,,,,,,,,,,,
2026-07-02T11:02:19.805560+00:00,2026-07-02T11:02:19.805440,3,2,112.2,0.2,112.1,1,111.9,100,111.8,150,,,,,,,,,,,,,,,112.3,125,112.4,102,,,,,,,,,,,,,,,,
2026-07-02T11:02:19.834310+00:00,2026-07-02T11:02:19.834194,2,2,112.1,0.4,111.9,51,111.8,150,,,,,,,,,,,,,,,,,112.3,125,112.4,102,,,,,,,,,,,,,,,,
2026-07-02T11:02:20.700578+00:00,2026-07-02T11:02:20.700449,2,1,112.15,0.5,111.9,51,111.8,150,,,,,,,,,,,,,,,,,112.4,102,,,,,,,,,,,,,,,,,,
2026-07-02T11:02:20.705569+00:00,2026-07-02T11:02:20.705680,1,1,112.15,0.5,111.9,51,,,,,,,,,,,,,,,,,,,112.4,102,,,,,,,,,,,,,,,,,,
2026-07-02T11:02:20.770091+00:00,2026-07-02T11:02:20.770002,2,1,112.25,0.3,112.1,150,111.9,51,,,,,,,,,,,,,,,,,112.4,102,,,,,,,,,,,,,,,,,,
2026-07-02T11:02:20.818768+00:00,2026-07-02T11:02:20.818576,2,2,112.25,0.3,112.1,150,111.9,51,,,,,,,,,,,,,,,,,112.4,102,112.6,150,,,,,,,,,,,,,,,,
2026-07-02T11:02:21.900419+00:00,2026-07-02T11:02:21.900294,2,2,112.25,0.3,112.1,150,111.9,51,,,,,,,,,,,,,,,,,112.4,101,112.6,150,,,,,,,,,,,,,,,,
2026-07-02T11:02:21.969867+00:00,2026-07-02T11:02:21.969628,2,2,112.25,0.3,112.1,100,111.9,51,,,,,,,,,,,,,,,,,112.4,101,112.6,150,,,,,,,,,,,,,,,,
2026-07-02T11:02:22.443175+00:00,2026-07-02T11:02:22.443107,2,2,112.25,0.3,112.1,100,111.9,51,,,,,,,,,,,,,,,,,112.4,1,112.6,150,,,,,,,,,,,,,,,,
2026-07-02T11:02:22.458628+00:00,2026-07-02T11:02:22.448268,1,2,112.25,0.3,112.1,100,,,,,,,,,,,,,,,,,,,112.4,1,112.6,150,,,,,,,,,,,,,,,,
2026-07-02T11:02:22.497943+00:00,2026-07-02T11:02:22.497842,2,2,112.25,0.3,112.1,100,111.8,100,,,,,,,,,,,,,,,,,112.4,1,112.6,150,,,,,,,,,,,,,,,,
2026-07-02T11:02:22.569643+00:00,2026-07-02T11:02:22.569593,2,3,112.2,0.2,112.1,100,111.8,100,,,,,,,,,,,,,,,,,112.3,100,112.4,1,112.6,150,,,,,,,,,,,,,,
2026-07-02T11:02:22.858628+00:00,2026-07-02T11:02:22.856009,2,2,112.2,0.2,112.1,100,111.8,100,,,,,,,,,,,,,,,,,112.3,100,112.6,150,,,,,,,,,,,,,,,,
2026-07-02T11:02:23.658574+00:00,2026-07-02T11:02:23.657415,2,2,112.2,0.2,112.1,106,111.8,100,,,,,,,,,,,,,,,,,112.3,100,112.6,150,,,,,,,,,,,,,,,,
2026-07-02T11:02:23.871864+00:00,2026-07-02T11:02:23.872006,2,1,112.2,0.2,112.1,6,111.8,100,,,,,,,,,,,,,,,,,112.3,100,,,,,,,,,,,,,,,,,,
2026-07-02T11:02:23.936153+00:00,2026-07-02T11:02:23.936037,2,1,112.2,0.2,112.1,6,111.8,250,,,,,,,,,,,,,,,,,112.3,100,,,,,,,,,,,,,,,,,,
2026-07-02T11:02:23.987221+00:00,2026-07-02T11:02:23.987020,2,1,112.2,0.2,112.1,6,111.8,250,,,,,,,,,,,,,,,,,112.3,250,,,,,,,,,,,,,,,,,,
2026-07-02T11:02:24.074322+00:00,2026-07-02T11:02:24.074254,1,1,112.05,0.5,111.8,206,,,,,,,,,,,,,,,,,,,112.3,250,,,,,,,,,,,,,,,,,,
2026-07-02T11:02:25.626926+00:00,2026-07-02T11:02:25.626774,1,1,112.05,0.5,111.8,150,,,,,,,,,,,,,,,,,,,112.3,150,,,,,,,,,,,,,,,,,,
2026-07-02T11:02:25.681273+00:00,2026-07-02T11:02:25.681138,1,1,112.05,0.5,111.8,250,,,,,,,,,,,,,,,,,,,112.3,150,,,,,,,,,,,,,,,,,,
2026-07-02T11:02:25.732572+00:00,2026-07-02T11:02:25.732478,1,1,112.05,0.5,111.8,250,,,,,,,,,,,,,,,,,,,112.3,250,,,,,,,,,,,,,,,,,,
2026-07-02T11:02:26.211741+00:00,2026-07-02T11:02:26.211612,1,1,112.05,0.5,111.8,200,,,,,,,,,,,,,,,,,,,112.3,250,,,,,,,,,,,,,,,,,,
2026-07-02T11:02:27.039380+00:00,2026-07-02T11:02:27.039307,1,1,112.05,0.5,111.8,100,,,,,,,,,,,,,,,,,,,112.3,100,,,,,,,,,,,,,,,,,,
2026-07-02T11:02:27.094786+00:00,2026-07-02T11:02:27.094677,2,1,112.05,0.5,111.8,100,111.7,150,,,,,,,,,,,,,,,,,112.3,100,,,,,,,,,,,,,,,,,,
2026-07-02T11:02:27.145448+00:00,2026-07-02T11:02:27.145400,2,2,112.0,0.4,111.8,100,111.7,150,,,,,,,,,,,,,,,,,112.2,150,112.3,100,,,,,,,,,,,,,,,,
2026-07-02T11:02:28.790071+00:00,2026-07-02T11:02:28.790018,2,1,112.0,0.4,111.8,100,111.7,150,,,,,,,,,,,,,,,,,112.2,150,,,,,,,,,,,,,,,,,,
2026-07-02T11:02:28.795319+00:00,2026-07-02T11:02:28.795237,1,1,111.95,0.5,111.7,150,,,,,,,,,,,,,,,,,,,112.2,150,,,,,,,,,,,,,,,,,,
2026-07-02T11:02:28.844690+00:00,2026-07-02T11:02:28.844632,1,1,111.95,0.5,111.7,250,,,,,,,,,,,,,,,,,,,112.2,150,,,,,,,,,,,,,,,,,,
2026-07-02T11:02:28.896464+00:00,2026-07-02T11:02:28.896355,1,1,111.95,0.5,111.7,250,,,,,,,,,,,,,,,,,,,112.2,250,,,,,,,,,,,,,,,,,,
2026-07-02T11:02:30.199213+00:00,2026-07-02T11:02:30.199160,1,1,111.95,0.5,111.7,250,,,,,,,,,,,,,,,,,,,112.2,100,,,,,,,,,,,,,,,,,,
2026-07-02T11:02:30.204462+00:00,2026-07-02T11:02:30.204420,2,1,112.05,0.3,111.9,50,111.7,100,,,,,,,,,,,,,,,,,112.2,100,,,,,,,,,,,,,,,,,,
2026-07-02T11:02:30.253043+00:00,2026-07-02T11:02:30.252935,3,1,112.05,0.3,111.9,50,111.8,150,111.7,100,,,,,,,,,,,,,,,112.2,100,,,,,,,,,,,,,,,,,,
2026-07-02T11:02:30.309561+00:00,2026-07-02T11:02:30.309473,3,2,112.05,0.3,111.9,50,111.8,150,111.7,100,,,,,,,,,,,,,,,112.2,100,112.3,150,,,,,,,,,,,,,,,,
2026-07-02T11:02:30.431375+00:00,2026-07-02T11:02:30.431198,2,2,112.0,0.4,111.8,150,111.7,100,,,,,,,,,,,,,,,,,112.2,100,112.3,150,,,,,,,,,,,,,,,,
2026-07-02T11:02:31.964268+00:00,2026-07-02T11:02:31.964018,1,1,112.05,0.5,111.8,150,,,,,,,,,,,,,,,,,,,112.3,150,,,,,,,,,,,,,,,,,,
2026-07-02T11:02:32.009755+00:00,2026-07-02T11:02:32.009894,2,1,112.1,0.4,111.9,100,111.8,150,,,,,,,,,,,,,,,,,112.3,150,,,,,,,,,,,,,,,,,,
2026-07-02T11:02:32.057659+00:00,2026-07-02T11:02:32.057792,2,2,112.1,0.4,111.9,100,111.8,150,,,,,,,,,,,,,,,,,112.3,150,112.4,100,,,,,,,,,,,,,,,,
2026-07-02T11:02:32.486486+00:00,2026-07-02T11:02:32.486409,2,2,112.1,0.4,111.9,100,111.8,150,,,,,,,,,,,,,,,,,112.3,100,112.4,100,,,,,,,,,,,,,,,,
2026-07-02T11:02:33.364091+00:00,2026-07-02T11:02:33.364248,1,1,112.15,0.5,111.9,100,,,,,,,,,,,,,,,,,,,112.4,100,,,,,,,,,,,,,,,,,,
2026-07-02T11:02:33.415766+00:00,2026-07-02T11:02:33.415910,1,1,112.15,0.5,111.9,250,,,,,,,,,,,,,,,,,,,112.4,100,,,,,,,,,,,,,,,,,,
2026-07-02T11:02:33.470065+00:00,2026-07-02T11:02:33.469912,1,1,112.15,0.5,111.9,250,,,,,,,,,,,,,,,,,,,112.4,250,,,,,,,,,,,,,,,,,,
2026-07-02T11:02:33.517923+00:00,2026-07-02T11:02:33.517776,1,1,112.15,0.5,111.9,250,,,,,,,,,,,,,,,,,,,112.4,206,,,,,,,,,,,,,,,,,,
2026-07-02T11:02:34.593282+00:00,2026-07-02T11:02:34.593170,1,1,112.15,0.5,111.9,250,,,,,,,,,,,,,,,,,,,112.4,156,,,,,,,,,,,,,,,,,,
2026-07-02T11:02:35.117120+00:00,2026-07-02T11:02:35.117238,1,1,112.15,0.5,111.9,150,,,,,,,,,,,,,,,,,,,112.4,150,,,,,,,,,,,,,,,,,,
2026-07-02T11:02:35.170924+00:00,2026-07-02T11:02:35.170816,1,1,112.15,0.5,111.9,250,,,,,,,,,,,,,,,,,,,112.4,150,,,,,,,,,,,,,,,,,,
2026-07-02T11:02:35.224254+00:00,2026-07-02T11:02:35.224076,1,1,112.15,0.5,111.9,250,,,,,,,,,,,,,,,,,,,112.4,250,,,,,,,,,,,,,,,,,,
2026-07-02T11:02:36.222495+00:00,2026-07-02T11:02:36.222367,1,1,112.15,0.5,111.9,203,,,,,,,,,,,,,,,,,,,112.4,250,,,,,,,,,,,,,,,,,,
2026-07-02T11:02:36.524702+00:00,2026-07-02T11:02:36.524596,1,1,112.15,0.5,111.9,203,,,,,,,,,,,,,,,,,,,112.4,100,,,,,,,,,,,,,,,,,,
2026-07-02T11:02:36.529908+00:00,2026-07-02T11:02:36.529770,1,1,112.15,0.5,111.9,100,,,,,,,,,,,,,,,,,,,112.4,100,,,,,,,,,,,,,,,,,,
2026-07-02T11:02:36.582175+00:00,2026-07-02T11:02:36.582300,2,1,112.15,0.5,111.9,100,111.6,150,,,,,,,,,,,,,,,,,112.4,100,,,,,,,,,,,,,,,,,,
2026-07-02T11:02:36.644670+00:00,2026-07-02T11:02:36.644755,2,2,112.0,0.2,111.9,100,111.6,150,,,,,,,,,,,,,,,,,112.1,150,112.4,100,,,,,,,,,,,,,,,,
2026-07-02T11:02:36.733275+00:00,2026-07-02T11:02:36.733410,2,2,112.0,0.2,111.9,100,111.6,150,,,,,,,,,,,,,,,,,112.1,100,112.4,100,,,,,,,,,,,,,,,,
2026-07-02T11:02:37.398766+00:00,2026-07-02T11:02:37.398658,2,2,112.0,0.2,111.9,100,111.6,150,,,,,,,,,,,,,,,,,112.1,60,112.4,100,,,,,,,,,,,,,,,,
2026-07-02T11:02:37.799038+00:00,2026-07-02T11:02:37.799206,2,2,112.0,0.2,111.9,105,111.6,150,,,,,,,,,,,,,,,,,112.1,60,112.4,100,,,,,,,,,,,,,,,,
2026-07-02T11:02:38.274121+00:00,2026-07-02T11:02:38.274053,2,1,112.0,0.2,111.9,5,111.6,150,,,,,,,,,,,,,,,,,112.1,60,,,,,,,,,,,,,,,,,,
2026-07-02T11:02:38.331529+00:00,2026-07-02T11:02:38.331416,2,1,112.0,0.2,111.9,105,111.6,150,,,,,,,,,,,,,,,,,112.1,60,,,,,,,,,,,,,,,,,,
2026-07-02T11:02:38.380016+00:00,2026-07-02T11:02:38.380158,2,2,112.0,0.2,111.9,105,111.6,150,,,,,,,,,,,,,,,,,112.1,60,112.4,100,,,,,,,,,,,,,,,,
2026-07-02T11:02:38.449705+00:00,2026-07-02T11:02:38.449841,2,2,112.0,0.2,111.9,105,111.6,150,,,,,,,,,,,,,,,,,112.1,57,112.4,100,,,,,,,,,,,,,,,,
2026-07-02T11:02:38.835951+00:00,2026-07-02T11:02:38.836082,2,2,112.0,0.2,111.9,105,111.6,150,,,,,,,,,,,,,,,,,112.1,7,112.4,100,,,,,,,,,,,,,,,,
2026-07-02T11:02:38.858581+00:00,2026-07-02T11:02:38.852717,2,1,112.15,0.5,111.9,105,111.6,150,,,,,,,,,,,,,,,,,112.4,100,,,,,,,,,,,,,,,,,,
2026-07-02T11:02:39.698190+00:00,2026-07-02T11:02:39.698104,1,1,112.15,0.5,111.9,105,,,,,,,,,,,,,,,,,,,112.4,100,,,,,,,,,,,,,,,,,,
2026-07-02T11:02:39.751192+00:00,2026-07-02T11:02:39.751425,2,0,,,112.4,50,111.9,105,,,,,,,,,,,,,,,,,,,,,,,,,,,,,,,,,,,,
2026-07-02T11:02:39.806648+00:00,2026-07-02T11:02:39.806563,2,1,112.65,0.5,112.4,50,111.9,105,,,,,,,,,,,,,,,,,112.9,150,,,,,,,,,,,,,,,,,,
2026-07-02T11:02:40.443813+00:00,2026-07-02T11:02:40.444023,2,1,112.65,0.5,112.4,5,111.9,105,,,,,,,,,,,,,,,,,112.9,150,,,,,,,,,,,,,,,,,,
2026-07-02T11:02:40.972599+00:00,2026-07-02T11:02:40.972487,2,1,112.65,0.5,112.4,5,111.9,105,,,,,,,,,,,,,,,,,112.9,100,,,,,,,,,,,,,,,,,,
2026-07-02T11:02:41.437082+00:00,2026-07-02T11:02:41.437031,2,1,112.65,0.5,112.4,5,111.9,5,,,,,,,,,,,,,,,,,112.9,100,,,,,,,,,,,,,,,,,,
2026-07-02T11:02:41.492756+00:00,2026-07-02T11:02:41.492542,3,1,112.65,0.5,112.4,5,112.3,100,111.9,5,,,,,,,,,,,,,,,112.9,100,,,,,,,,,,,,,,,,,,
2026-07-02T11:02:41.549572+00:00,2026-07-02T11:02:41.549519,3,2,112.6,0.4,112.4,5,112.3,100,111.9,5,,,,,,,,,,,,,,,112.8,100,112.9,100,,,,,,,,,,,,,,,,
2026-07-02T11:02:41.677468+00:00,2026-07-02T11:02:41.677356,3,2,112.6,0.4,112.4,5,112.3,100,111.9,5,,,,,,,,,,,,,,,112.8,52,112.9,100,,,,,,,,,,,,,,,,
2026-07-02T11:02:41.958631+00:00,2026-07-02T11:02:41.951377,2,2,112.6,0.4,112.4,5,112.3,100,,,,,,,,,,,,,,,,,112.8,52,112.9,100,,,,,,,,,,,,,,,,
2026-07-02T11:02:42.858596+00:00,2026-07-02T11:02:42.856555,1,1,112.55,0.5,112.3,100,,,,,,,,,,,,,,,,,,,112.8,52,,,,,,,,,,,,,,,,,,
2026-07-02T11:02:42.916361+00:00,2026-07-02T11:02:42.916207,2,1,112.55,0.5,112.3,100,111.9,150,,,,,,,,,,,,,,,,,112.8,52,,,,,,,,,,,,,,,,,,
2026-07-02T11:02:42.969265+00:00,2026-07-02T11:02:42.969135,2,2,112.35,0.1,112.3,100,111.9,150,,,,,,,,,,,,,,,,,112.4,150,112.8,52,,,,,,,,,,,,,,,,
2026-07-02T11:02:43.081920+00:00,2026-07-02T11:02:43.081868,2,2,112.35,0.1,112.3,100,111.9,150,,,,,,,,,,,,,,,,,112.4,100,112.8,52,,,,,,,,,,,,,,,,
2026-07-02T11:02:43.900136+00:00,2026-07-02T11:02:43.899960,2,2,112.35,0.1,112.3,56,111.9,150,,,,,,,,,,,,,,,,,112.4,100,112.8,52,,,,,,,,,,,,,,,,
2026-07-02T11:02:44.529706+00:00,2026-07-02T11:02:44.529674,2,2,112.35,0.1,112.3,56,111.9,150,,,,,,,,,,,,,,,,,112.4,59,112.8,52,,,,,,,,,,,,,,,,
2026-07-02T11:02:44.603840+00:00,2026-07-02T11:02:44.603699,2,1,112.35,0.1,112.3,56,111.9,150,,,,,,,,,,,,,,,,,112.4,59,,,,,,,,,,,,,,,,,,
2026-07-02T11:02:44.608794+00:00,2026-07-02T11:02:44.608876,1,1,112.15,0.5,111.9,150,,,,,,,,,,,,,,,,,,,112.4,59,,,,,,,,,,,,,,,,,,
2026-07-02T11:02:44.658589+00:00,2026-07-02T11:02:44.653798,2,1,112.3,0.2,112.2,100,111.9,150,,,,,,,,,,,,,,,,,112.4,59,,,,,,,,,,,,,,,,,,
2026-07-02T11:02:44.712438+00:00,2026-07-02T11:02:44.712362,2,2,112.3,0.2,112.2,100,111.9,150,,,,,,,,,,,,,,,,,112.4,59,112.7,100,,,,,,,,,,,,,,,,
2026-07-02T11:02:44.991328+00:00,2026-07-02T11:02:44.991505,2,2,112.3,0.2,112.2,100,111.9,150,,,,,,,,,,,,,,,,,112.4,11,112.7,100,,,,,,,,,,,,,,,,
2026-07-02T11:02:45.185379+00:00,2026-07-02T11:02:45.185301,2,1,112.45,0.5,112.2,100,111.9,150,,,,,,,,,,,,,,,,,112.7,61,,,,,,,,,,,,,,,,,,
2026-07-02T11:02:46.023106+00:00,2026-07-02T11:02:46.022955,1,1,112.45,0.5,112.2,100,,,,,,,,,,,,,,,,,,,112.7,61,,,,,,,,,,,,,,,,,,
2026-07-02T11:02:46.073359+00:00,2026-07-02T11:02:46.073228,2,1,112.5,0.4,112.3,150,112.2,100,,,,,,,,,,,,,,,,,112.7,61,,,,,,,,,,,,,,,,,,
2026-07-02T11:02:46.128490+00:00,2026-07-02T11:02:46.128654,2,2,112.5,0.4,112.3,150,112.2,100,,,,,,,,,,,,,,,,,112.7,61,112.8,150,,,,,,,,,,,,,,,,
2026-07-02T11:02:47.306812+00:00,2026-07-02T11:02:47.306681,2,2,112.5,0.4,112.3,150,112.2,100,,,,,,,,,,,,,,,,,112.7,11,112.8,150,,,,,,,,,,,,,,,,
2026-07-02T11:02:47.771435+00:00,2026-07-02T11:02:47.771352,1,1,112.55,0.5,112.3,150,,,,,,,,,,,,,,,,,,,112.8,150,,,,,,,,,,,,,,,,,,
2026-07-02T11:02:47.776701+00:00,2026-07-02T11:02:47.776565,1,2,112.45,0.3,112.3,189,,,,,,,,,,,,,,,,,,,112.6,28,112.8,150,,,,,,,,,,,,,,,,
2026-07-02T11:02:47.806510+00:00,2026-07-02T11:02:47.806382,1,2,112.45,0.3,112.3,189,,,,,,,,,,,,,,,,,,,112.6,11,112.8,150,,,,,,,,,,,,,,,,
2026-07-02T11:02:47.822584+00:00,2026-07-02T11:02:47.822701,2,2,112.55,0.1,112.5,100,112.3,189,,,,,,,,,,,,,,,,,112.6,11,112.8,150,,,,,,,,,,,,,,,,
2026-07-02T11:02:47.832734+00:00,2026-07-02T11:02:47.826771,2,2,112.55,0.1,112.5,86,112.3,189,,,,,,,,,,,,,,,,,112.6,11,112.8,150,,,,,,,,,,,,,,,,
2026-07-02T11:02:47.848377+00:00,2026-07-02T11:02:47.848204,2,2,112.55,0.1,112.5,86,112.3,188,,,,,,,,,,,,,,,,,112.6,3,112.8,150,,,,,,,,,,,,,,,,
2026-07-02T11:02:47.876350+00:00,2026-07-02T11:02:47.876326,2,3,112.55,0.1,112.5,86,112.3,188,,,,,,,,,,,,,,,,,112.6,3,112.8,150,113.0,100,,,,,,,,,,,,,,
2026-07-02T11:02:47.881631+00:00,2026-07-02T11:02:47.881523,2,3,112.55,0.1,112.5,61,112.3,188,,,,,,,,,,,,,,,,,112.6,3,112.8,150,113.0,100,,,,,,,,,,,,,,
2026-07-02T11:02:47.917615+00:00,2026-07-02T11:02:47.917550,2,3,112.55,0.1,112.5,61,112.3,171,,,,,,,,,,,,,,,,,112.6,1,112.8,150,113.0,100,,,,,,,,,,,,,,
2026-07-02T11:02:48.095385+00:00,2026-07-02T11:02:48.095280,2,3,112.55,0.1,112.5,36,112.3,171,,,,,,,,,,,,,,,,,112.6,1,112.8,150,113.0,100,,,,,,,,,,,,,,
2026-07-02T11:02:48.305073+00:00,2026-07-02T11:02:48.304999,2,3,112.55,0.1,112.5,11,112.3,171,,,,,,,,,,,,,,,,,112.6,1,112.8,150,113.0,100,,,,,,,,,,,,,,
2026-07-02T11:02:48.512501+00:00,2026-07-02T11:02:48.512391,1,3,112.45,0.3,112.3,171,,,,,,,,,,,,,,,,,,,112.6,1,112.8,150,113.0,100,,,,,,,,,,,,,,
2026-07-02T11:02:49.184656+00:00,2026-07-02T11:02:49.184577,1,1,112.65,0.7,112.3,21,,,,,,,,,,,,,,,,,,,113.0,100,,,,,,,,,,,,,,,,,,
2026-07-02T11:02:49.237172+00:00,2026-07-02T11:02:49.237043,2,1,112.7,0.6,112.4,150,112.3,21,,,,,,,,,,,,,,,,,113.0,100,,,,,,,,,,,,,,,,,,
2026-07-02T11:02:49.287592+00:00,2026-07-02T11:02:49.287499,2,2,112.65,0.5,112.4,150,112.3,21,,,,,,,,,,,,,,,,,112.9,150,113.0,100,,,,,,,,,,,,,,,,
2026-07-02T11:02:49.442775+00:00,2026-07-02T11:02:49.442938,2,2,112.65,0.5,112.4,150,112.3,21,,,,,,,,,,,,,,,,,112.9,100,113.0,100,,,,,,,,,,,,,,,,
2026-07-02T11:02:49.830139+00:00,2026-07-02T11:02:49.830038,2,2,112.65,0.5,112.4,150,112.3,6,,,,,,,,,,,,,,,,,112.9,100,113.0,100,,,,,,,,,,,,,,,,
2026-07-02T11:02:50.913658+00:00,2026-07-02T11:02:50.913870,2,2,112.65,0.5,112.4,150,112.3,5,,,,,,,,,,,,,,,,,112.9,100,113.0,100,,,,,,,,,,,,,,,,
2026-07-02T11:02:50.929404+00:00,2026-07-02T11:02:50.929547,2,1,112.65,0.5,112.4,150,112.3,5,,,,,,,,,,,,,,,,,112.9,100,,,,,,,,,,,,,,,,,,
2026-07-02T11:02:50.981676+00:00,2026-07-02T11:02:50.981820,2,1,112.65,0.5,112.4,150,112.3,105,,,,,,,,,,,,,,,,,112.9,100,,,,,,,,,,,,,,,,,,
2026-07-02T11:02:51.045075+00:00,2026-07-02T11:02:51.045210,2,2,112.6,0.4,112.4,150,112.3,105,,,,,,,,,,,,,,,,,112.8,100,112.9,100,,,,,,,,,,,,,,,,
2026-07-02T11:02:51.328780+00:00,2026-07-02T11:02:51.328662,2,2,112.6,0.4,112.4,125,112.3,105,,,,,,,,,,,,,,,,,112.8,100,112.9,100,,,,,,,,,,,,,,,,
2026-07-02T11:02:51.535271+00:00,2026-07-02T11:02:51.535157,2,2,112.6,0.4,112.4,100,112.3,105,,,,,,,,,,,,,,,,,112.8,100,112.9,100,,,,,,,,,,,,,,,,
2026-07-02T11:02:51.550737+00:00,2026-07-02T11:02:51.550849,2,2,112.6,0.4,112.4,100,112.3,105,,,,,,,,,,,,,,,,,112.8,50,112.9,100,,,,,,,,,,,,,,,,
2026-07-02T11:02:51.755050+00:00,2026-07-02T11:02:51.754958,2,2,112.6,0.4,112.4,75,112.3,105,,,,,,,,,,,,,,,,,112.8,50,112.9,100,,,,,,,,,,,,,,,,
2026-07-02T11:02:51.967981+00:00,2026-07-02T11:02:51.967857,2,2,112.6,0.4,112.4,50,112.3,105,,,,,,,,,,,,,,,,,112.8,50,112.9,100,,,,,,,,,,,,,,,,
2026-07-02T11:02:52.345048+00:00,2026-07-02T11:02:52.344991,1,1,112.55,0.5,112.3,105,,,,,,,,,,,,,,,,,,,112.8,50,,,,,,,,,,,,,,,,,,
2026-07-02T11:02:52.399385+00:00,2026-07-02T11:02:52.399497,2,1,112.55,0.5,112.3,105,112.1,150,,,,,,,,,,,,,,,,,112.8,50,,,,,,,,,,,,,,,,,,
2026-07-02T11:02:52.452534+00:00,2026-07-02T11:02:52.452643,2,2,112.45,0.3,112.3,105,112.1,150,,,,,,,,,,,,,,,,,112.6,150,112.8,50,,,,,,,,,,,,,,,,
2026-07-02T11:02:52.699702+00:00,2026-07-02T11:02:52.699651,2,2,112.45,0.3,112.3,56,112.1,150,,,,,,,,,,,,,,,,,112.6,150,112.8,50,,,,,,,,,,,,,,,,
2026-07-02T11:02:53.085824+00:00,2026-07-02T11:02:53.085653,3,2,112.5,0.2,112.4,5,112.3,56,112.1,150,,,,,,,,,,,,,,,112.6,150,112.8,50,,,,,,,,,,,,,,,,
2026-07-02T11:02:53.654941+00:00,2026-07-02T11:02:53.655105,3,2,112.5,0.2,112.4,5,112.3,56,112.1,150,,,,,,,,,,,,,,,112.6,100,112.8,50,,,,,,,,,,,,,,,,
2026-07-02T11:02:53.984319+00:00,2026-07-02T11:02:53.984226,2,2,112.45,0.3,112.3,56,112.1,150,,,,,,,,,,,,,,,,,112.6,100,112.8,50,,,,,,,,,,,,,,,,
2026-07-02T11:02:54.096121+00:00,2026-07-02T11:02:54.096049,2,1,112.45,0.3,112.3,56,112.1,150,,,,,,,,,,,,,,,,,112.6,100,,,,,,,,,,,,,,,,,,
2026-07-02T11:02:54.101141+00:00,2026-07-02T11:02:54.101237,1,1,112.35,0.5,112.1,150,,,,,,,,,,,,,,,,,,,112.6,100,,,,,,,,,,,,,,,,,,
2026-07-02T11:02:54.152765+00:00,2026-07-02T11:02:54.152919,1,1,112.35,0.5,112.1,250,,,,,,,,,,,,,,,,,,,112.6,100,,,,,,,,,,,,,,,,,,
2026-07-02T11:02:54.204749+00:00,2026-07-02T11:02:54.204854,1,1,112.35,0.5,112.1,250,,,,,,,,,,,,,,,,,,,112.6,200,,,,,,,,,,,,,,,,,,
2026-07-02T11:02:54.819010+00:00,2026-07-02T11:02:54.818945,1,1,112.35,0.5,112.1,250,,,,,,,,,,,,,,,,,,,112.6,152,,,,,,,,,,,,,,,,,,
2026-07-02T11:02:55.506500+00:00,2026-07-02T11:02:55.506423,1,1,112.35,0.5,112.1,100,,,,,,,,,,,,,,,,,,,112.6,100,,,,,,,,,,,,,,,,,,
2026-07-02T11:02:55.561220+00:00,2026-07-02T11:02:55.561108,2,0,,,112.7,50,112.1,100,,,,,,,,,,,,,,,,,,,,,,,,,,,,,,,,,,,,
2026-07-02T11:02:55.615514+00:00,2026-07-02T11:02:55.615608,2,1,112.95,0.5,112.7,50,112.1,100,,,,,,,,,,,,,,,,,113.2,150,,,,,,,,,,,,,,,,,,
2026-07-02T11:02:55.625140+00:00,2026-07-02T11:02:55.619507,2,1,112.95,0.5,112.7,38,112.1,100,,,,,,,,,,,,,,,,,113.2,150,,,,,,,,,,,,,,,,,,
2026-07-02T11:02:55.758546+00:00,2026-07-02T11:02:55.757501,2,1,112.95,0.5,112.7,38,112.1,100,,,,,,,,,,,,,,,,,113.2,100,,,,,,,,,,,,,,,,,,
2026-07-02T11:02:56.509695+00:00,2026-07-02T11:02:56.503926,2,1,112.95,0.5,112.7,27,112.1,100,,,,,,,,,,,,,,,,,113.2,100,,,,,,,,,,,,,,,,,,
2026-07-02T11:02:56.886847+00:00,2026-07-02T11:02:56.886776,2,1,112.95,0.5,112.7,23,112.1,100,,,,,,,,,,,,,,,,,113.2,100,,,,,,,,,,,,,,,,,,
2026-07-02T11:02:57.258577+00:00,2026-07-02T11:02:57.254520,1,1,112.95,0.5,112.7,23,,,,,,,,,,,,,,,,,,,113.2,100,,,,,,,,,,,,,,,,,,
2026-07-02T11:02:57.319656+00:00,2026-07-02T11:02:57.319546,2,1,112.95,0.5,112.7,23,112.4,100,,,,,,,,,,,,,,,,,113.2,100,,,,,,,,,,,,,,,,,,
2026-07-02T11:02:57.364620+00:00,2026-07-02T11:02:57.364601,2,2,112.8,0.2,112.7,23,112.4,100,,,,,,,,,,,,,,,,,112.9,100,113.2,100,,,,,,,,,,,,,,,,
2026-07-02T11:02:57.869944+00:00,2026-07-02T11:02:57.870090,2,2,112.8,0.2,112.7,23,112.4,100,,,,,,,,,,,,,,,,,112.9,50,113.2,100,,,,,,,,,,,,,,,,
2026-07-02T11:02:58.669568+00:00,2026-07-02T11:02:58.669482,1,1,112.65,0.5,112.4,100,,,,,,,,,,,,,,,,,,,112.9,50,,,,,,,,,,,,,,,,,,
2026-07-02T11:02:58.722994+00:00,2026-07-02T11:02:58.722901,2,1,112.75,0.3,112.6,150,112.4,100,,,,,,,,,,,,,,,,,112.9,50,,,,,,,,,,,,,,,,,,
2026-07-02T11:02:58.775758+00:00,2026-07-02T11:02:58.775718,2,2,112.75,0.3,112.6,150,112.4,100,,,,,,,,,,,,,,,,,112.9,50,113.1,150,,,,,,,,,,,,,,,,
2026-07-02T11:02:59.075293+00:00,2026-07-02T11:02:59.075176,2,2,112.75,0.3,112.6,150,112.4,104,,,,,,,,,,,,,,,,,112.9,50,113.1,150,,,,,,,,,,,,,,,,
2026-07-02T11:02:59.977141+00:00,2026-07-02T11:02:59.977287,2,1,112.85,0.5,112.6,150,112.4,104,,,,,,,,,,,,,,,,,113.1,150,,,,,,,,,,,,,,,,,,
2026-07-02T11:03:00.038463+00:00,2026-07-02T11:03:00.038401,2,1,112.85,0.5,112.6,150,112.4,103,,,,,,,,,,,,,,,,,113.1,150,,,,,,,,,,,,,,,,,,
2026-07-02T11:03:00.143580+00:00,2026-07-02T11:03:00.143434,2,1,112.85,0.5,112.6,150,112.4,101,,,,,,,,,,,,,,,,,113.1,150,,,,,,,,,,,,,,,,,,
2026-07-02T11:03:00.421490+00:00,2026-07-02T11:03:00.421437,2,1,112.85,0.5,112.6,150,112.4,1,,,,,,,,,,,,,,,,,113.1,150,,,,,,,,,,,,,,,,,,
2026-07-02T11:03:00.480547+00:00,2026-07-02T11:03:00.474691,3,1,113.05,0.1,113.0,88,112.6,150,112.4,1,,,,,,,,,,,,,,,113.1,150,,,,,,,,,,,,,,,,,,
2026-07-02T11:03:00.528244+00:00,2026-07-02T11:03:00.528161,3,2,113.05,0.1,113.0,88,112.6,150,112.4,1,,,,,,,,,,,,,,,113.1,150,113.5,100,,,,,,,,,,,,,,,,
2026-07-02T11:03:00.822408+00:00,2026-07-02T11:03:00.822244,3,2,113.05,0.1,113.0,41,112.6,150,112.4,1,,,,,,,,,,,,,,,113.1,150,113.5,100,,,,,,,,,,,,,,,,
2026-07-02T11:03:01.756339+00:00,2026-07-02T11:03:01.750572,3,2,113.05,0.1,113.0,30,112.6,150,112.4,1,,,,,,,,,,,,,,,113.1,150,113.5,100,,,,,,,,,,,,,,,,
2026-07-02T11:03:01.828929+00:00,2026-07-02T11:03:01.829029,2,1,113.25,0.5,113.0,30,112.4,1,,,,,,,,,,,,,,,,,113.5,100,,,,,,,,,,,,,,,,,,
2026-07-02T11:03:01.882303+00:00,2026-07-02T11:03:01.882237,3,1,113.25,0.5,113.0,30,112.4,1,112.3,150,,,,,,,,,,,,,,,113.5,100,,,,,,,,,,,,,,,,,,
2026-07-02T11:03:01.934997+00:00,2026-07-02T11:03:01.934884,2,2,112.6,0.4,112.4,1,112.3,150,,,,,,,,,,,,,,,,,112.8,120,113.5,100,,,,,,,,,,,,,,,,
2026-07-02T11:03:02.083710+00:00,2026-07-02T11:03:02.083618,2,2,112.6,0.4,112.4,1,112.3,150,,,,,,,,,,,,,,,,,112.8,70,113.5,100,,,,,,,,,,,,,,,,
2026-07-02T11:03:03.075115+00:00,2026-07-02T11:03:03.069564,2,2,112.6,0.4,112.4,1,112.3,150,,,,,,,,,,,,,,,,,112.8,47,113.5,100,,,,,,,,,,,,,,,,
2026-07-02T11:03:03.579369+00:00,2026-07-02T11:03:03.579274,2,1,112.6,0.4,112.4,1,112.3,150,,,,,,,,,,,,,,,,,112.8,47,,,,,,,,,,,,,,,,,,
2026-07-02T11:03:03.633615+00:00,2026-07-02T11:03:03.633511,3,1,112.75,0.1,112.7,100,112.4,1,112.3,150,,,,,,,,,,,,,,,112.8,47,,,,,,,,,,,,,,,,,,
2026-07-02T11:03:03.687810+00:00,2026-07-02T11:03:03.687696,3,2,112.75,0.1,112.7,100,112.4,1,112.3,150,,,,,,,,,,,,,,,112.8,47,113.2,100,,,,,,,,,,,,,,,,
2026-07-02T11:03:04.190506+00:00,2026-07-02T11:03:04.190435,3,1,112.95,0.5,112.7,100,112.4,1,112.3,150,,,,,,,,,,,,,,,113.2,97,,,,,,,,,,,,,,,,,,
2026-07-02T11:03:04.990594+00:00,2026-07-02T11:03:04.990470,2,1,112.95,0.5,112.7,100,112.4,1,,,,,,,,,,,,,,,,,113.2,97,,,,,,,,,,,,,,,,,,
2026-07-02T11:03:05.013862+00:00,2026-07-02T11:03:05.007346,2,1,112.95,0.5,112.7,88,112.4,1,,,,,,,,,,,,,,,,,113.2,97,,,,,,,,,,,,,,,,,,
2026-07-02T11:03:05.055865+00:00,2026-07-02T11:03:05.049484,3,1,113.0,0.4,112.8,139,112.7,88,112.4,1,,,,,,,,,,,,,,,113.2,97,,,,,,,,,,,,,,,,,,
2026-07-02T11:03:05.099971+00:00,2026-07-02T11:03:05.099804,3,2,113.0,0.4,112.8,139,112.7,88,112.4,1,,,,,,,,,,,,,,,113.2,97,113.3,150,,,,,,,,,,,,,,,,
2026-07-02T11:03:06.358633+00:00,2026-07-02T11:03:06.351181,3,2,113.0,0.4,112.8,89,112.7,88,112.4,1,,,,,,,,,,,,,,,113.2,97,113.3,150,,,,,,,,,,,,,,,,
2026-07-02T11:03:06.639462+00:00,2026-07-02T11:03:06.639341,3,2,113.0,0.4,112.8,85,112.7,88,112.4,1,,,,,,,,,,,,,,,113.2,97,113.3,150,,,,,,,,,,,,,,,,
2026-07-02T11:03:06.758630+00:00,2026-07-02T11:03:06.758235,2,1,113.05,0.5,112.8,85,112.4,1,,,,,,,,,,,,,,,,,113.3,150,,,,,,,,,,,,,,,,,,
2026-07-02T11:03:06.824325+00:00,2026-07-02T11:03:06.824289,2,1,113.05,0.5,112.8,85,112.4,101,,,,,,,,,,,,,,,,,113.3,150,,,,,,,,,,,,,,,,,,
2026-07-02T11:03:06.876697+00:00,2026-07-02T11:03:06.876644,2,2,112.85,0.1,112.8,85,112.4,100,,,,,,,,,,,,,,,,,112.9,100,113.3,150,,,,,,,,,,,,,,,,
2026-07-02T11:03:07.731300+00:00,2026-07-02T11:03:07.731153,2,2,112.85,0.1,112.8,43,112.4,100,,,,,,,,,,,,,,,,,112.9,100,113.3,150,,,,,,,,,,,,,,,,
2026-07-02T11:03:08.149881+00:00,2026-07-02T11:03:08.149798,1,1,112.65,0.5,112.4,100,,,,,,,,,,,,,,,,,,,112.9,100,,,,,,,,,,,,,,,,,,
2026-07-02T11:03:08.207435+00:00,2026-07-02T11:03:08.207287,1,1,112.65,0.5,112.4,250,,,,,,,,,,,,,,,,,,,112.9,100,,,,,,,,,,,,,,,,,,
2026-07-02T11:03:08.258602+00:00,2026-07-02T11:03:08.252562,1,1,112.65,0.5,112.4,250,,,,,,,,,,,,,,,,,,,112.9,202,,,,,,,,,,,,,,,,,,
2026-07-02T11:03:08.453124+00:00,2026-07-02T11:03:08.453314,1,1,112.65,0.5,112.4,200,,,,,,,,,,,,,,,,,,,112.9,202,,,,,,,,,,,,,,,,,,
2026-07-02T11:03:09.725342+00:00,2026-07-02T11:03:09.725181,1,1,112.65,0.5,112.4,157,,,,,,,,,,,,,,,,,,,112.9,202,,,,,,,,,,,,,,,,,,
2026-07-02T11:03:09.929030+00:00,2026-07-02T11:03:09.929160,1,1,112.65,0.5,112.4,150,,,,,,,,,,,,,,,,,,,112.9,150,,,,,,,,,,,,,,,,,,
2026-07-02T11:03:09.934371+00:00,2026-07-02T11:03:09.934346,1,1,112.65,0.5,112.4,146,,,,,,,,,,,,,,,,,,,112.9,150,,,,,,,,,,,,,,,,,,
2026-07-02T11:03:09.994044+00:00,2026-07-02T11:03:09.993996,2,1,112.65,0.5,112.4,146,112.2,100,,,,,,,,,,,,,,,,,112.9,150,,,,,,,,,,,,,,,,,,
2026-07-02T11:03:10.063546+00:00,2026-07-02T11:03:10.049309,2,2,112.55,0.3,112.4,146,112.2,100,,,,,,,,,,,,,,,,,112.7,100,112.9,150,,,,,,,,,,,,,,,,
2026-07-02T11:03:10.376048+00:00,2026-07-02T11:03:10.375878,2,2,112.55,0.3,112.4,99,112.2,100,,,,,,,,,,,,,,,,,112.7,100,112.9,150,,,,,,,,,,,,,,,,
2026-07-02T11:03:10.578288+00:00,2026-07-02T11:03:10.578186,2,2,112.55,0.3,112.4,49,112.2,100,,,,,,,,,,,,,,,,,112.7,100,112.9,150,,,,,,,,,,,,,,,,
2026-07-02T11:03:11.318876+00:00,2026-07-02T11:03:11.318832,1,1,112.45,0.5,112.2,100,,,,,,,,,,,,,,,,,,,112.7,100,,,,,,,,,,,,,,,,,,
2026-07-02T11:03:11.374088+00:00,2026-07-02T11:03:11.374043,2,1,112.45,0.5,112.2,100,111.9,150,,,,,,,,,,,,,,,,,112.7,100,,,,,,,,,,,,,,,,,,
2026-07-02T11:03:11.439973+00:00,2026-07-02T11:03:11.431488,2,2,112.3,0.2,112.2,100,111.9,150,,,,,,,,,,,,,,,,,112.4,146,112.7,100,,,,,,,,,,,,,,,,
2026-07-02T11:03:11.449226+00:00,2026-07-02T11:03:11.443557,2,2,112.3,0.2,112.2,100,111.9,150,,,,,,,,,,,,,,,,,112.4,127,112.7,100,,,,,,,,,,,,,,,,
2026-07-02T11:03:12.683271+00:00,2026-07-02T11:03:12.683418,2,2,112.3,0.2,112.2,50,111.9,150,,,,,,,,,,,,,,,,,112.4,127,112.7,100,,,,,,,,,,,,,,,,
2026-07-02T11:03:13.104675+00:00,2026-07-02T11:03:13.104551,1,1,112.15,0.5,111.9,150,,,,,,,,,,,,,,,,,,,112.4,127,,,,,,,,,,,,,,,,,,
2026-07-02T11:03:13.158659+00:00,2026-07-02T11:03:13.150697,2,1,112.2,0.4,112.0,100,111.9,150,,,,,,,,,,,,,,,,,112.4,127,,,,,,,,,,,,,,,,,,
2026-07-02T11:03:13.206921+00:00,2026-07-02T11:03:13.206785,2,2,112.2,0.4,112.0,100,111.9,150,,,,,,,,,,,,,,,,,112.4,127,112.5,100,,,,,,,,,,,,,,,,
2026-07-02T11:03:14.482184+00:00,2026-07-02T11:03:14.482076,1,1,112.25,0.5,112.0,100,,,,,,,,,,,,,,,,,,,112.5,100,,,,,,,,,,,,,,,,,,
2026-07-02T11:03:14.531673+00:00,2026-07-02T11:03:14.531522,2,1,112.25,0.5,112.0,100,111.9,150,,,,,,,,,,,,,,,,,112.5,100,,,,,,,,,,,,,,,,,,
2026-07-02T11:03:14.586621+00:00,2026-07-02T11:03:14.586768,2,2,112.2,0.4,112.0,100,111.9,150,,,,,,,,,,,,,,,,,112.4,150,112.5,100,,,,,,,,,,,,,,,,
2026-07-02T11:03:14.735453+00:00,2026-07-02T11:03:14.735430,2,2,112.2,0.4,112.0,100,111.9,150,,,,,,,,,,,,,,,,,112.4,100,112.5,100,,,,,,,,,,,,,,,,
2026-07-02T11:03:16.266020+00:00,2026-07-02T11:03:16.265919,1,1,112.15,0.5,111.9,150,,,,,,,,,,,,,,,,,,,112.4,100,,,,,,,,,,,,,,,,,,
2026-07-02T11:03:16.309595+00:00,2026-07-02T11:03:16.309512,1,2,112.15,0.5,111.9,150,,,,,,,,,,,,,,,,,,,112.4,100,112.6,5,,,,,,,,,,,,,,,,
2026-07-02T11:03:16.319977+00:00,2026-07-02T11:03:16.319859,2,2,112.2,0.4,112.0,100,111.9,150,,,,,,,,,,,,,,,,,112.4,100,112.6,5,,,,,,,,,,,,,,,,
2026-07-02T11:03:16.378410+00:00,2026-07-02T11:03:16.378502,2,3,112.2,0.4,112.0,100,111.9,150,,,,,,,,,,,,,,,,,112.4,100,112.5,100,112.6,5,,,,,,,,,,,,,,
2026-07-02T11:03:16.464066+00:00,2026-07-02T11:03:16.463990,2,3,112.2,0.4,112.0,100,111.9,150,,,,,,,,,,,,,,,,,112.4,100,112.5,100,112.6,4,,,,,,,,,,,,,,
2026-07-02T11:03:16.848571+00:00,2026-07-02T11:03:16.848380,2,3,112.2,0.4,112.0,100,111.9,150,,,,,,,,,,,,,,,,,112.4,50,112.5,100,112.6,4,,,,,,,,,,,,,,
2026-07-02T11:03:17.573121+00:00,2026-07-02T11:03:17.573038,2,3,112.2,0.4,112.0,100,111.9,150,,,,,,,,,,,,,,,,,112.4,50,112.5,100,112.6,3,,,,,,,,,,,,,,
