recv_time,book_timestamp,n_bids,n_asks,mid,spread,bid_px_0,bid_vol_0,bid_px_1,bid_vol_1,bid_px_2,bid_vol_2,bid_px_3,bid_vol_3,bid_px_4,bid_vol_4,bid_px_5,bid_vol_5,bid_px_6,bid_vol_6,bid_px_7,bid_vol_7,bid_px_8,bid_vol_8,bid_px_9,bid_vol_9,ask_px_0,ask_vol_0,ask_px_1,ask_vol_1,ask_px_2,ask_vol_2,ask_px_3,ask_vol_3,ask_px_4,ask_vol_4,ask_px_5,ask_vol_5,ask_px_6,ask_vol_6,ask_px_7,ask_vol_7,ask_px_8,ask_vol_8,ask_px_9,ask_vol_9
2026-07-13T23:00:00.288842+00:00,2026-07-13T23:00:00.292977,1,3,82.75,0.1,82.7,194,,,,,,,,,,,,,,,,,,,82.8,4,83.1,50,83.2,250,,,,,,,,,,,,,,
2026-07-13T23:00:00.609893+00:00,2026-07-13T23:00:00.595011,1,3,82.75,0.1,82.7,194,,,,,,,,,,,,,,,,,,,82.8,4,83.1,50,83.2,150,,,,,,,,,,,,,,
2026-07-13T23:00:00.651135+00:00,2026-07-13T23:00:00.649795,3,3,82.75,0.1,82.7,141,82.6,50,82.1,100,,,,,,,,,,,,,,,82.8,4,83.0,50,83.2,150,,,,,,,,,,,,,,
2026-07-13T23:00:00.697111+00:00,2026-07-13T23:00:00.716346,3,3,82.75,0.1,82.7,35,82.6,50,82.1,100,,,,,,,,,,,,,,,82.8,4,83.0,50,83.2,150,,,,,,,,,,,,,,
2026-07-13T23:00:00.744320+00:00,2026-07-13T23:00:00.734447,3,2,82.85,0.3,82.7,35,82.6,50,82.1,100,,,,,,,,,,,,,,,83.0,14,83.2,150,,,,,,,,,,,,,,,,
2026-07-13T23:00:00.872832+00:00,2026-07-13T23:00:00.892345,2,1,82.85,0.5,82.6,50,82.1,100,,,,,,,,,,,,,,,,,83.1,50,,,,,,,,,,,,,,,,,,
2026-07-13T23:00:00.957536+00:00,2026-07-13T23:00:00.945174,3,0,,,82.6,50,82.1,100,81.8,150,,,,,,,,,,,,,,,,,,,,,,,,,,,,,,,,,,
2026-07-13T23:00:01.005232+00:00,2026-07-13T23:00:01.004220,2,1,82.2,0.2,82.1,100,81.8,150,,,,,,,,,,,,,,,,,82.3,76,,,,,,,,,,,,,,,,,,
2026-07-13T23:00:01.037739+00:00,2026-07-13T23:00:01.032595,3,1,82.25,0.1,82.2,6,82.1,100,81.8,150,,,,,,,,,,,,,,,82.3,76,,,,,,,,,,,,,,,,,,
2026-07-13T23:00:01.080861+00:00,2026-07-13T23:00:01.077986,3,2,82.25,0.1,82.2,6,82.1,100,81.8,150,,,,,,,,,,,,,,,82.3,26,83.0,50,,,,,,,,,,,,,,,,
2026-07-13T23:00:01.490037+00:00,2026-07-13T23:00:01.487746,4,0,,,82.3,10,82.2,6,82.1,100,81.8,150,,,,,,,,,,,,,,,,,,,,,,,,,,,,,,,,
2026-07-13T23:00:01.500750+00:00,2026-07-13T23:00:01.491198,4,1,82.6,0.6,82.3,10,82.2,6,82.1,100,81.8,150,,,,,,,,,,,,,82.9,50,,,,,,,,,,,,,,,,,,
2026-07-13T23:00:01.543666+00:00,2026-07-13T23:00:01.537879,3,1,82.6,0.6,82.3,10,82.1,100,81.8,150,,,,,,,,,,,,,,,82.9,50,,,,,,,,,,,,,,,,,,
2026-07-13T23:00:01.704542+00:00,2026-07-13T23:00:01.700827,3,1,82.55,0.7,82.2,10,82.1,100,81.8,150,,,,,,,,,,,,,,,82.9,50,,,,,,,,,,,,,,,,,,
2026-07-13T23:00:02.932684+00:00,2026-07-13T23:00:02.924439,3,2,82.5,0.6,82.2,10,82.1,100,81.8,150,,,,,,,,,,,,,,,82.8,7,82.9,50,,,,,,,,,,,,,,,,
2026-07-13T23:00:02.953720+00:00,2026-07-13T23:00:02.948228,3,2,82.5,0.6,82.2,10,82.1,100,81.8,150,,,,,,,,,,,,,,,82.8,7,83.0,50,,,,,,,,,,,,,,,,
2026-07-13T23:00:03.058924+00:00,2026-07-13T23:00:03.050536,3,1,82.6,0.8,82.2,10,82.1,100,81.8,150,,,,,,,,,,,,,,,83.0,7,,,,,,,,,,,,,,,,,,
2026-07-13T23:00:03.175230+00:00,2026-07-13T23:00:03.174213,3,1,82.65,0.9,82.2,10,82.1,100,81.8,150,,,,,,,,,,,,,,,83.1,50,,,,,,,,,,,,,,,,,,
2026-07-13T23:00:03.440504+00:00,2026-07-13T23:00:03.438332,3,2,82.5,0.6,82.2,10,82.1,100,81.8,150,,,,,,,,,,,,,,,82.8,7,83.1,50,,,,,,,,,,,,,,,,
2026-07-13T23:00:03.764774+00:00,2026-07-13T23:00:03.754253,2,2,82.5,0.6,82.2,10,81.8,150,,,,,,,,,,,,,,,,,82.8,7,83.1,50,,,,,,,,,,,,,,,,
2026-07-13T23:00:03.807738+00:00,2026-07-13T23:00:03.807306,3,2,82.55,0.5,82.3,100,82.2,10,81.8,150,,,,,,,,,,,,,,,82.8,7,83.1,50,,,,,,,,,,,,,,,,
2026-07-13T23:00:03.818412+00:00,2026-07-13T23:00:03.816128,3,1,82.55,0.5,82.3,100,81.9,50,81.8,150,,,,,,,,,,,,,,,82.8,7,,,,,,,,,,,,,,,,,,
2026-07-13T23:00:03.829180+00:00,2026-07-13T23:00:03.820488,3,2,82.55,0.5,82.3,100,81.9,50,81.8,150,,,,,,,,,,,,,,,82.8,7,83.0,50,,,,,,,,,,,,,,,,
2026-07-13T23:00:03.861350+00:00,2026-07-13T23:00:03.859920,3,2,82.55,0.5,82.3,100,81.9,50,81.8,150,,,,,,,,,,,,,,,82.8,107,83.0,50,,,,,,,,,,,,,,,,
2026-07-13T23:00:04.032254+00:00,2026-07-13T23:00:04.028280,3,2,82.6,0.4,82.4,50,82.3,100,81.8,150,,,,,,,,,,,,,,,82.8,107,83.0,50,,,,,,,,,,,,,,,,
2026-07-13T23:00:04.064385+00:00,2026-07-13T23:00:04.054010,2,2,82.6,0.4,82.4,50,82.3,100,,,,,,,,,,,,,,,,,82.8,107,83.0,50,,,,,,,,,,,,,,,,
2026-07-13T23:00:04.106683+00:00,2026-07-13T23:00:04.106134,2,2,82.6,0.4,82.4,200,82.3,100,,,,,,,,,,,,,,,,,82.8,107,83.0,50,,,,,,,,,,,,,,,,
2026-07-13T23:00:04.159911+00:00,2026-07-13T23:00:04.158209,2,3,82.6,0.4,82.4,200,82.3,100,,,,,,,,,,,,,,,,,82.8,107,82.9,150,83.0,50,,,,,,,,,,,,,,
2026-07-13T23:00:04.259238+00:00,2026-07-13T23:00:04.258118,3,3,82.65,0.3,82.5,40,82.4,150,82.3,100,,,,,,,,,,,,,,,82.8,107,82.9,150,83.0,50,,,,,,,,,,,,,,
2026-07-13T23:00:04.443926+00:00,2026-07-13T23:00:04.439676,3,3,82.65,0.3,82.5,40,82.4,150,82.3,100,,,,,,,,,,,,,,,82.8,105,82.9,150,83.0,50,,,,,,,,,,,,,,
2026-07-13T23:00:04.476024+00:00,2026-07-13T23:00:04.474722,3,2,82.65,0.3,82.5,40,82.4,150,82.3,100,,,,,,,,,,,,,,,82.8,105,82.9,200,,,,,,,,,,,,,,,,
2026-07-13T23:00:04.797189+00:00,2026-07-13T23:00:04.788088,3,2,82.65,0.3,82.5,40,82.4,150,82.3,100,,,,,,,,,,,,,,,82.8,104,82.9,200,,,,,,,,,,,,,,,,
2026-07-13T23:00:05.161141+00:00,2026-07-13T23:00:05.157273,3,2,82.65,0.3,82.5,40,82.4,150,82.3,100,,,,,,,,,,,,,,,82.8,54,82.9,200,,,,,,,,,,,,,,,,
2026-07-13T23:00:05.901039+00:00,2026-07-13T23:00:05.896704,3,2,82.65,0.3,82.5,40,82.4,150,82.3,100,,,,,,,,,,,,,,,82.8,54,82.9,150,,,,,,,,,,,,,,,,
2026-07-13T23:00:05.911927+00:00,2026-07-13T23:00:05.910599,2,2,82.6,0.4,82.4,150,82.3,100,,,,,,,,,,,,,,,,,82.8,46,82.9,150,,,,,,,,,,,,,,,,
2026-07-13T23:00:05.922879+00:00,2026-07-13T23:00:05.917159,3,3,82.65,0.3,82.5,35,82.4,150,82.3,100,,,,,,,,,,,,,,,82.8,46,82.9,150,83.1,50,,,,,,,,,,,,,,
2026-07-13T23:00:06.136443+00:00,2026-07-13T23:00:06.134334,3,3,82.65,0.3,82.5,35,82.4,150,82.3,100,,,,,,,,,,,,,,,82.8,46,82.9,150,83.0,50,,,,,,,,,,,,,,
2026-07-13T23:00:06.512822+00:00,2026-07-13T23:00:06.505469,3,3,82.65,0.3,82.5,35,82.4,150,82.3,100,,,,,,,,,,,,,,,82.8,5,82.9,150,83.0,50,,,,,,,,,,,,,,
2026-07-13T23:00:06.545320+00:00,2026-07-13T23:00:06.543601,3,1,82.7,0.4,82.5,35,82.4,150,82.3,100,,,,,,,,,,,,,,,82.9,150,,,,,,,,,,,,,,,,,,
2026-07-13T23:00:06.556098+00:00,2026-07-13T23:00:06.553334,3,2,82.7,0.4,82.5,30,82.4,150,82.3,100,,,,,,,,,,,,,,,82.9,150,83.1,50,,,,,,,,,,,,,,,,
2026-07-13T23:00:06.922798+00:00,2026-07-13T23:00:06.913126,2,2,82.7,0.4,82.5,30,82.4,150,,,,,,,,,,,,,,,,,82.9,150,83.1,50,,,,,,,,,,,,,,,,
2026-07-13T23:00:06.983666+00:00,2026-07-13T23:00:06.971206,3,2,82.85,0.1,82.8,100,82.5,30,82.4,150,,,,,,,,,,,,,,,82.9,150,83.1,50,,,,,,,,,,,,,,,,
2026-07-13T23:00:06.994824+00:00,2026-07-13T23:00:06.984264,3,2,82.85,0.1,82.8,89,82.5,30,82.4,150,,,,,,,,,,,,,,,82.9,150,83.1,50,,,,,,,,,,,,,,,,
2026-07-13T23:00:07.027960+00:00,2026-07-13T23:00:07.021869,3,3,82.85,0.1,82.8,89,82.5,30,82.4,150,,,,,,,,,,,,,,,82.9,150,83.1,50,83.3,100,,,,,,,,,,,,,,
2026-07-13T23:00:07.195722+00:00,2026-07-13T23:00:07.194603,3,2,82.85,0.1,82.8,86,82.5,30,82.4,150,,,,,,,,,,,,,,,82.9,150,83.3,100,,,,,,,,,,,,,,,,
2026-07-13T23:00:07.206788+00:00,2026-07-13T23:00:07.196149,3,3,82.85,0.1,82.8,86,82.5,30,82.4,150,,,,,,,,,,,,,,,82.9,150,83.0,50,83.3,100,,,,,,,,,,,,,,
2026-07-13T23:00:07.217782+00:00,2026-07-13T23:00:07.215547,2,2,82.9,0.2,82.8,86,82.5,30,,,,,,,,,,,,,,,,,83.0,50,83.3,100,,,,,,,,,,,,,,,,
2026-07-13T23:00:07.270962+00:00,2026-07-13T23:00:07.267426,2,2,82.9,0.2,82.8,86,82.5,180,,,,,,,,,,,,,,,,,83.0,50,83.3,100,,,,,,,,,,,,,,,,
2026-07-13T23:00:07.323928+00:00,2026-07-13T23:00:07.320459,2,2,82.9,0.2,82.8,36,82.5,180,,,,,,,,,,,,,,,,,83.0,200,83.3,100,,,,,,,,,,,,,,,,
2026-07-13T23:00:07.656020+00:00,2026-07-13T23:00:07.654286,2,2,82.9,0.2,82.8,36,82.5,185,,,,,,,,,,,,,,,,,83.0,200,83.3,100,,,,,,,,,,,,,,,,
2026-07-13T23:00:08.428797+00:00,2026-07-13T23:00:08.424716,2,2,82.9,0.2,82.8,36,82.5,183,,,,,,,,,,,,,,,,,83.0,200,83.3,100,,,,,,,,,,,,,,,,
2026-07-13T23:00:08.642907+00:00,2026-07-13T23:00:08.638763,2,2,82.9,0.2,82.8,36,82.5,153,,,,,,,,,,,,,,,,,83.0,200,83.3,100,,,,,,,,,,,,,,,,
2026-07-13T23:00:08.653733+00:00,2026-07-13T23:00:08.649787,3,3,82.9,0.2,82.8,36,82.6,30,82.5,153,,,,,,,,,,,,,,,83.0,150,83.1,50,83.3,100,,,,,,,,,,,,,,
2026-07-13T23:00:08.675476+00:00,2026-07-13T23:00:08.666871,3,3,82.9,0.2,82.8,36,82.6,30,82.5,153,,,,,,,,,,,,,,,83.0,104,83.1,50,83.3,100,,,,,,,,,,,,,,
2026-07-13T23:00:08.718916+00:00,2026-07-13T23:00:08.715640,3,3,82.9,0.2,82.8,36,82.6,30,82.5,150,,,,,,,,,,,,,,,83.0,104,83.1,50,83.3,100,,,,,,,,,,,,,,
2026-07-13T23:00:09.339393+00:00,2026-07-13T23:00:09.331653,2,3,82.8,0.4,82.6,19,82.5,150,,,,,,,,,,,,,,,,,83.0,104,83.1,50,83.3,100,,,,,,,,,,,,,,
2026-07-13T23:00:09.468554+00:00,2026-07-13T23:00:09.459091,1,3,82.75,0.5,82.5,119,,,,,,,,,,,,,,,,,,,83.0,104,83.1,50,83.3,100,,,,,,,,,,,,,,
2026-07-13T23:00:09.511616+00:00,2026-07-13T23:00:09.506396,1,4,82.65,0.3,82.5,119,,,,,,,,,,,,,,,,,,,82.8,8,83.0,104,83.1,50,83.3,100,,,,,,,,,,,,
2026-07-13T23:00:09.916919+00:00,2026-07-13T23:00:09.906795,1,4,82.65,0.3,82.5,71,,,,,,,,,,,,,,,,,,,82.8,8,83.0,104,83.1,50,83.3,100,,,,,,,,,,,,
2026-07-13T23:00:10.077693+00:00,2026-07-13T23:00:10.075597,1,3,82.65,0.3,82.5,71,,,,,,,,,,,,,,,,,,,82.8,8,83.0,104,83.1,50,,,,,,,,,,,,,,
2026-07-13T23:00:10.132106+00:00,2026-07-13T23:00:10.129250,2,3,82.65,0.3,82.5,71,82.4,100,,,,,,,,,,,,,,,,,82.8,8,83.0,104,83.1,50,,,,,,,,,,,,,,
2026-07-13T23:00:10.186443+00:00,2026-07-13T23:00:10.181227,2,4,82.65,0.3,82.5,71,82.4,100,,,,,,,,,,,,,,,,,82.8,8,82.9,100,83.0,104,83.1,50,,,,,,,,,,,,
2026-07-13T23:00:10.316094+00:00,2026-07-13T23:00:10.312845,2,3,82.65,0.3,82.5,71,82.4,100,,,,,,,,,,,,,,,,,82.8,8,82.9,100,83.0,154,,,,,,,,,,,,,,
2026-07-13T23:00:10.380841+00:00,2026-07-13T23:00:10.375067,1,3,82.6,0.4,82.4,100,,,,,,,,,,,,,,,,,,,82.8,8,82.9,100,83.0,50,,,,,,,,,,,,,,
2026-07-13T23:00:10.434700+00:00,2026-07-13T23:00:10.427099,1,3,82.6,0.4,82.4,250,,,,,,,,,,,,,,,,,,,82.8,8,82.9,100,83.0,50,,,,,,,,,,,,,,
2026-07-13T23:00:10.488603+00:00,2026-07-13T23:00:10.479752,1,3,82.6,0.4,82.4,250,,,,,,,,,,,,,,,,,,,82.8,8,82.9,250,83.0,50,,,,,,,,,,,,,,
2026-07-13T23:00:11.338430+00:00,2026-07-13T23:00:11.337152,1,2,82.6,0.4,82.4,250,,,,,,,,,,,,,,,,,,,82.8,8,82.9,250,,,,,,,,,,,,,,,,
2026-07-13T23:00:11.349396+00:00,2026-07-13T23:00:11.340197,1,3,82.6,0.4,82.4,250,,,,,,,,,,,,,,,,,,,82.8,8,82.9,250,83.1,50,,,,,,,,,,,,,,
2026-07-13T23:00:11.554033+00:00,2026-07-13T23:00:11.550707,1,3,82.6,0.4,82.4,250,,,,,,,,,,,,,,,,,,,82.8,5,82.9,250,83.1,50,,,,,,,,,,,,,,
2026-07-13T23:00:11.575571+00:00,2026-07-13T23:00:11.565160,1,3,82.6,0.4,82.4,200,,,,,,,,,,,,,,,,,,,82.8,5,82.9,250,83.1,50,,,,,,,,,,,,,,
2026-07-13T23:00:12.067404+00:00,2026-07-13T23:00:12.064489,1,2,82.65,0.5,82.4,200,,,,,,,,,,,,,,,,,,,82.9,213,83.1,50,,,,,,,,,,,,,,,,
2026-07-13T23:00:12.580444+00:00,2026-07-13T23:00:12.569827,1,2,82.65,0.5,82.4,159,,,,,,,,,,,,,,,,,,,82.9,213,83.1,50,,,,,,,,,,,,,,,,
2026-07-13T23:00:13.244280+00:00,2026-07-13T23:00:13.236869,1,2,82.65,0.5,82.4,150,,,,,,,,,,,,,,,,,,,82.9,150,83.1,50,,,,,,,,,,,,,,,,
2026-07-13T23:00:13.298749+00:00,2026-07-13T23:00:13.289451,2,2,82.65,0.5,82.4,150,82.2,100,,,,,,,,,,,,,,,,,82.9,150,83.1,50,,,,,,,,,,,,,,,,
2026-07-13T23:00:13.352340+00:00,2026-07-13T23:00:13.342094,2,3,82.55,0.3,82.4,150,82.2,100,,,,,,,,,,,,,,,,,82.7,100,82.9,150,83.1,50,,,,,,,,,,,,,,
2026-07-13T23:00:13.534662+00:00,2026-07-13T23:00:13.533224,2,2,82.55,0.3,82.4,150,82.2,100,,,,,,,,,,,,,,,,,82.7,100,83.1,50,,,,,,,,,,,,,,,,
2026-07-13T23:00:13.545392+00:00,2026-07-13T23:00:13.535358,1,2,82.45,0.5,82.2,100,,,,,,,,,,,,,,,,,,,82.7,100,83.1,50,,,,,,,,,,,,,,,,
2026-07-13T23:00:13.577761+00:00,2026-07-13T23:00:13.571911,1,2,82.45,0.5,82.2,100,,,,,,,,,,,,,,,,,,,82.7,100,83.0,50,,,,,,,,,,,,,,,,
2026-07-13T23:00:13.599510+00:00,2026-07-13T23:00:13.589017,2,2,82.55,0.3,82.4,150,82.2,100,,,,,,,,,,,,,,,,,82.7,100,83.0,50,,,,,,,,,,,,,,,,
2026-07-13T23:00:13.653944+00:00,2026-07-13T23:00:13.646834,2,3,82.55,0.3,82.4,150,82.2,100,,,,,,,,,,,,,,,,,82.7,100,82.9,150,83.0,50,,,,,,,,,,,,,,
2026-07-13T23:00:13.697959+00:00,2026-07-13T23:00:13.687290,2,3,82.55,0.3,82.4,100,82.2,100,,,,,,,,,,,,,,,,,82.7,100,82.9,150,83.0,50,,,,,,,,,,,,,,
2026-07-13T23:00:14.408370+00:00,2026-07-13T23:00:14.406569,2,2,82.55,0.3,82.4,100,82.2,100,,,,,,,,,,,,,,,,,82.7,100,82.9,150,,,,,,,,,,,,,,,,
2026-07-13T23:00:14.419407+00:00,2026-07-13T23:00:14.415732,2,3,82.55,0.3,82.4,100,82.2,100,,,,,,,,,,,,,,,,,82.7,95,82.9,150,83.0,50,,,,,,,,,,,,,,
2026-07-13T23:00:15.748277+00:00,2026-07-13T23:00:15.742533,2,3,82.55,0.3,82.4,100,82.2,100,,,,,,,,,,,,,,,,,82.7,45,82.9,150,83.0,50,,,,,,,,,,,,,,
2026-07-13T23:00:15.759082+00:00,2026-07-13T23:00:15.750583,2,4,82.55,0.3,82.4,100,82.2,100,,,,,,,,,,,,,,,,,82.7,45,82.8,5,82.9,150,83.0,50,,,,,,,,,,,,
2026-07-13T23:00:16.247410+00:00,2026-07-13T23:00:16.244115,2,3,82.55,0.3,82.4,100,82.2,100,,,,,,,,,,,,,,,,,82.7,45,82.8,5,82.9,150,,,,,,,,,,,,,,
2026-07-13T23:00:16.258044+00:00,2026-07-13T23:00:16.247676,2,4,82.55,0.3,82.4,100,82.2,100,,,,,,,,,,,,,,,,,82.7,45,82.8,5,82.9,150,83.1,50,,,,,,,,,,,,
2026-07-13T23:00:16.382672+00:00,2026-07-13T23:00:16.374920,2,4,82.55,0.3,82.4,100,82.2,100,,,,,,,,,,,,,,,,,82.7,21,82.8,5,82.9,150,83.1,50,,,,,,,,,,,,
2026-07-13T23:00:16.393283+00:00,2026-07-13T23:00:16.390407,3,4,82.6,0.2,82.5,6,82.4,100,82.2,100,,,,,,,,,,,,,,,82.7,21,82.8,5,82.9,150,83.1,50,,,,,,,,,,,,
2026-07-13T23:00:16.403825+00:00,2026-07-13T23:00:16.397457,2,3,82.65,0.3,82.5,6,82.4,100,,,,,,,,,,,,,,,,,82.8,5,82.9,150,83.1,50,,,,,,,,,,,,,,
2026-07-13T23:00:16.456719+00:00,2026-07-13T23:00:16.453493,3,2,82.75,0.1,82.7,100,82.5,6,82.4,100,,,,,,,,,,,,,,,82.8,5,82.9,150,,,,,,,,,,,,,,,,
2026-07-13T23:00:16.467402+00:00,2026-07-13T23:00:16.459402,3,3,82.75,0.1,82.7,100,82.5,6,82.4,100,,,,,,,,,,,,,,,82.8,5,82.9,150,83.3,50,,,,,,,,,,,,,,
2026-07-13T23:00:16.499295+00:00,2026-07-13T23:00:16.495344,2,3,82.75,0.1,82.7,100,82.4,100,,,,,,,,,,,,,,,,,82.8,5,82.9,150,83.3,50,,,,,,,,,,,,,,
2026-07-13T23:00:16.509885+00:00,2026-07-13T23:00:16.504591,2,4,82.75,0.1,82.7,100,82.4,100,,,,,,,,,,,,,,,,,82.8,5,82.9,150,83.2,100,83.3,50,,,,,,,,,,,,
2026-07-13T23:00:16.669497+00:00,2026-07-13T23:00:16.667052,2,3,82.75,0.1,82.7,100,82.4,100,,,,,,,,,,,,,,,,,82.8,5,82.9,150,83.2,150,,,,,,,,,,,,,,
2026-07-13T23:00:16.702278+00:00,2026-07-13T23:00:16.700627,2,2,82.75,0.1,82.7,100,82.4,100,,,,,,,,,,,,,,,,,82.8,5,83.2,150,,,,,,,,,,,,,,,,
2026-07-13T23:00:16.713268+00:00,2026-07-13T23:00:16.702637,1,2,82.75,0.1,82.7,100,,,,,,,,,,,,,,,,,,,82.8,5,83.2,150,,,,,,,,,,,,,,,,
2026-07-13T23:00:16.756048+00:00,2026-07-13T23:00:16.754233,2,2,82.75,0.1,82.7,100,82.2,150,,,,,,,,,,,,,,,,,82.8,5,83.2,150,,,,,,,,,,,,,,,,
2026-07-13T23:00:16.811078+00:00,2026-07-13T23:00:16.807723,1,3,82.45,0.5,82.2,150,,,,,,,,,,,,,,,,,,,82.7,50,82.8,5,83.2,150,,,,,,,,,,,,,,
2026-07-13T23:00:17.299569+00:00,2026-07-13T23:00:17.296660,1,4,82.45,0.5,82.2,150,,,,,,,,,,,,,,,,,,,82.7,50,82.8,5,83.1,50,83.2,100,,,,,,,,,,,,
2026-07-13T23:00:17.909276+00:00,2026-07-13T23:00:17.906407,1,4,82.45,0.5,82.2,100,,,,,,,,,,,,,,,,,,,82.7,50,82.8,5,83.1,50,83.2,100,,,,,,,,,,,,
2026-07-13T23:00:18.507706+00:00,2026-07-13T23:00:18.505387,1,3,82.45,0.5,82.2,100,,,,,,,,,,,,,,,,,,,82.7,50,82.8,5,83.2,100,,,,,,,,,,,,,,
2026-07-13T23:00:18.540933+00:00,2026-07-13T23:00:18.538002,1,4,82.45,0.5,82.2,100,,,,,,,,,,,,,,,,,,,82.7,50,82.8,5,83.0,50,83.2,100,,,,,,,,,,,,
2026-07-13T23:00:18.945119+00:00,2026-07-13T23:00:18.934441,1,4,82.45,0.5,82.2,100,,,,,,,,,,,,,,,,,,,82.7,50,82.8,4,83.0,50,83.2,100,,,,,,,,,,,,
2026-07-13T23:00:19.151705+00:00,2026-07-13T23:00:19.146450,1,4,82.45,0.5,82.2,100,,,,,,,,,,,,,,,,,,,82.7,50,82.8,4,83.1,50,83.2,100,,,,,,,,,,,,
2026-07-13T23:00:19.451376+00:00,2026-07-13T23:00:19.448812,1,4,82.45,0.5,82.2,100,,,,,,,,,,,,,,,,,,,82.7,6,82.8,4,83.1,50,83.2,100,,,,,,,,,,,,
2026-07-13T23:00:19.569898+00:00,2026-07-13T23:00:19.559311,1,3,82.45,0.5,82.2,100,,,,,,,,,,,,,,,,,,,82.7,6,82.8,4,83.1,50,,,,,,,,,,,,,,
2026-07-13T23:00:19.612934+00:00,2026-07-13T23:00:19.610731,1,3,82.45,0.5,82.2,200,,,,,,,,,,,,,,,,,,,82.7,6,82.8,4,83.1,50,,,,,,,,,,,,,,
2026-07-13T23:00:19.667225+00:00,2026-07-13T23:00:19.663220,1,3,82.45,0.5,82.2,200,,,,,,,,,,,,,,,,,,,82.7,106,82.8,4,83.1,50,,,,,,,,,,,,,,
2026-07-13T23:00:19.809234+00:00,2026-07-13T23:00:19.801054,2,3,82.6,0.2,82.5,3,82.2,200,,,,,,,,,,,,,,,,,82.7,106,82.8,4,83.1,50,,,,,,,,,,,,,,
2026-07-13T23:00:19.870681+00:00,2026-07-13T23:00:19.865816,2,3,82.6,0.2,82.5,3,82.2,100,,,,,,,,,,,,,,,,,82.7,100,82.8,4,83.1,50,,,,,,,,,,,,,,
2026-07-13T23:00:19.929589+00:00,2026-07-13T23:00:19.928386,3,2,82.75,0.1,82.7,40,82.5,3,82.2,100,,,,,,,,,,,,,,,82.8,4,83.1,50,,,,,,,,,,,,,,,,
2026-07-13T23:00:19.962674+00:00,2026-07-13T23:00:19.961910,3,1,82.9,0.4,82.7,40,82.5,3,82.2,100,,,,,,,,,,,,,,,83.1,4,,,,,,,,,,,,,,,,,,
2026-07-13T23:00:19.984807+00:00,2026-07-13T23:00:19.974555,3,2,82.9,0.4,82.7,40,82.5,3,82.2,100,,,,,,,,,,,,,,,83.1,4,83.2,150,,,,,,,,,,,,,,,,
2026-07-13T23:00:20.070847+00:00,2026-07-13T23:00:20.069334,1,3,82.5,0.6,82.2,100,,,,,,,,,,,,,,,,,,,82.8,4,83.1,4,83.2,150,,,,,,,,,,,,,,
2026-07-13T23:00:20.157390+00:00,2026-07-13T23:00:20.150278,2,3,82.65,0.3,82.5,3,82.2,100,,,,,,,,,,,,,,,,,82.8,4,83.1,4,83.2,150,,,,,,,,,,,,,,
2026-07-13T23:00:20.168461+00:00,2026-07-13T23:00:20.165124,3,3,82.7,0.2,82.6,41,82.5,3,82.2,100,,,,,,,,,,,,,,,82.8,4,83.1,4,83.2,150,,,,,,,,,,,,,,
2026-07-13T23:00:20.314579+00:00,2026-07-13T23:00:20.313155,3,3,82.7,0.2,82.6,27,82.5,3,82.2,100,,,,,,,,,,,,,,,82.8,4,83.1,4,83.2,150,,,,,,,,,,,,,,
2026-07-13T23:00:20.595101+00:00,2026-07-13T23:00:20.591671,2,3,82.65,0.3,82.5,3,82.2,100,,,,,,,,,,,,,,,,,82.8,4,83.1,4,83.2,150,,,,,,,,,,,,,,
2026-07-13T23:00:20.606242+00:00,2026-07-13T23:00:20.602258,3,2,82.65,0.3,82.5,3,82.4,27,82.2,100,,,,,,,,,,,,,,,82.8,54,83.2,150,,,,,,,,,,,,,,,,
2026-07-13T23:00:21.558774+00:00,2026-07-13T23:00:21.551805,3,2,82.65,0.3,82.5,3,82.4,27,82.2,100,,,,,,,,,,,,,,,82.8,6,83.2,150,,,,,,,,,,,,,,,,
2026-07-13T23:00:21.580524+00:00,2026-07-13T23:00:21.570766,3,3,82.65,0.3,82.5,3,82.4,27,82.2,100,,,,,,,,,,,,,,,82.8,6,82.9,4,83.2,150,,,,,,,,,,,,,,
2026-07-13T23:00:21.635890+00:00,2026-07-13T23:00:21.634500,2,2,82.7,0.4,82.5,3,82.2,100,,,,,,,,,,,,,,,,,82.9,4,83.2,150,,,,,,,,,,,,,,,,
2026-07-13T23:00:21.646971+00:00,2026-07-13T23:00:21.642668,2,2,82.7,0.4,82.5,53,82.2,100,,,,,,,,,,,,,,,,,82.9,54,83.2,150,,,,,,,,,,,,,,,,
2026-07-13T23:00:21.843632+00:00,2026-07-13T23:00:21.834788,2,2,82.7,0.4,82.5,52,82.2,100,,,,,,,,,,,,,,,,,82.9,54,83.2,150,,,,,,,,,,,,,,,,
2026-07-13T23:00:22.724763+00:00,2026-07-13T23:00:22.716703,1,2,82.7,0.4,82.5,52,,,,,,,,,,,,,,,,,,,82.9,54,83.2,150,,,,,,,,,,,,,,,,
2026-07-13T23:00:22.778779+00:00,2026-07-13T23:00:22.772966,2,2,82.7,0.4,82.5,51,82.2,100,,,,,,,,,,,,,,,,,82.9,54,83.2,150,,,,,,,,,,,,,,,,
2026-07-13T23:00:22.832594+00:00,2026-07-13T23:00:22.822020,2,3,82.6,0.2,82.5,51,82.2,100,,,,,,,,,,,,,,,,,82.7,100,82.9,54,83.2,150,,,,,,,,,,,,,,
2026-07-13T23:00:23.038317+00:00,2026-07-13T23:00:23.028503,2,2,82.6,0.2,82.5,51,82.2,100,,,,,,,,,,,,,,,,,82.7,100,82.9,54,,,,,,,,,,,,,,,,
2026-07-13T23:00:23.081582+00:00,2026-07-13T23:00:23.080875,3,3,82.6,0.2,82.5,51,82.2,100,81.8,150,,,,,,,,,,,,,,,82.7,100,82.9,4,83.0,50,,,,,,,,,,,,,,
2026-07-13T23:00:23.150124+00:00,2026-07-13T23:00:23.149017,2,4,82.25,0.1,82.2,100,81.8,150,,,,,,,,,,,,,,,,,82.3,85,82.7,100,82.9,4,83.0,50,,,,,,,,,,,,
2026-07-13T23:00:23.332513+00:00,2026-07-13T23:00:23.330692,2,3,82.25,0.1,82.2,87,81.8,150,,,,,,,,,,,,,,,,,82.3,51,82.7,100,82.9,4,,,,,,,,,,,,,,
2026-07-13T23:00:23.343496+00:00,2026-07-13T23:00:23.333947,2,3,82.25,0.1,82.2,87,81.8,150,,,,,,,,,,,,,,,,,82.3,51,82.7,100,82.9,54,,,,,,,,,,,,,,
2026-07-13T23:00:23.760988+00:00,2026-07-13T23:00:23.756714,2,3,82.25,0.1,82.2,87,81.8,150,,,,,,,,,,,,,,,,,82.3,51,82.7,100,82.9,4,,,,,,,,,,,,,,
2026-07-13T23:00:23.771927+00:00,2026-07-13T23:00:23.764625,2,4,82.25,0.1,82.2,41,81.8,150,,,,,,,,,,,,,,,,,82.3,51,82.7,100,82.8,50,82.9,4,,,,,,,,,,,,
2026-07-13T23:00:23.869309+00:00,2026-07-13T23:00:23.858939,2,4,82.25,0.1,82.2,41,81.8,150,,,,,,,,,,,,,,,,,82.3,49,82.7,100,82.8,50,82.9,4,,,,,,,,,,,,
2026-07-13T23:00:24.899449+00:00,2026-07-13T23:00:24.896070,2,3,82.25,0.1,82.2,41,81.8,150,,,,,,,,,,,,,,,,,82.3,49,82.7,100,82.8,50,,,,,,,,,,,,,,
2026-07-13T23:00:25.876050+00:00,2026-07-13T23:00:25.875523,2,2,82.25,0.1,82.2,41,81.8,150,,,,,,,,,,,,,,,,,82.3,49,82.8,50,,,,,,,,,,,,,,,,
2026-07-13T23:00:25.886842+00:00,2026-07-13T23:00:25.876398,1,2,82.05,0.5,81.8,150,,,,,,,,,,,,,,,,,,,82.3,49,82.8,50,,,,,,,,,,,,,,,,
2026-07-13T23:00:25.930876+00:00,2026-07-13T23:00:25.928537,2,2,82.15,0.3,82.0,100,81.8,150,,,,,,,,,,,,,,,,,82.3,49,82.8,50,,,,,,,,,,,,,,,,
2026-07-13T23:00:25.985210+00:00,2026-07-13T23:00:25.980527,2,3,82.15,0.3,82.0,100,81.8,150,,,,,,,,,,,,,,,,,82.3,49,82.5,100,82.8,50,,,,,,,,,,,,,,
2026-07-13T23:00:26.199937+00:00,2026-07-13T23:00:26.192324,1,2,82.25,0.5,82.0,100,,,,,,,,,,,,,,,,,,,82.5,100,82.8,50,,,,,,,,,,,,,,,,
2026-07-13T23:00:26.253126+00:00,2026-07-13T23:00:26.245056,2,2,82.35,0.3,82.2,150,82.0,100,,,,,,,,,,,,,,,,,82.5,100,82.8,50,,,,,,,,,,,,,,,,
2026-07-13T23:00:26.306299+00:00,2026-07-13T23:00:26.297722,2,3,82.35,0.3,82.2,150,82.0,100,,,,,,,,,,,,,,,,,82.5,100,82.7,150,82.8,50,,,,,,,,,,,,,,
2026-07-13T23:00:26.349929+00:00,2026-07-13T23:00:26.342079,2,3,82.35,0.3,82.2,100,82.0,100,,,,,,,,,,,,,,,,,82.5,100,82.7,150,82.8,50,,,,,,,,,,,,,,
2026-07-13T23:00:27.626884+00:00,2026-07-13T23:00:27.621687,2,3,82.35,0.3,82.2,100,82.0,100,,,,,,,,,,,,,,,,,82.5,100,82.7,150,83.3,50,,,,,,,,,,,,,,
2026-07-13T23:00:28.195586+00:00,2026-07-13T23:00:28.188226,3,3,82.4,0.2,82.3,6,82.2,100,82.0,100,,,,,,,,,,,,,,,82.5,90,82.7,150,83.3,50,,,,,,,,,,,,,,
2026-07-13T23:00:28.242742+00:00,2026-07-13T23:00:28.236024,3,3,82.4,0.2,82.3,6,82.2,100,82.0,100,,,,,,,,,,,,,,,82.5,90,82.7,150,83.1,50,,,,,,,,,,,,,,
2026-07-13T23:00:28.404254+00:00,2026-07-13T23:00:28.395758,3,3,82.4,0.2,82.3,6,82.2,100,82.0,100,,,,,,,,,,,,,,,82.5,40,82.7,150,83.1,50,,,,,,,,,,,,,,
2026-07-13T23:00:28.973960+00:00,2026-07-13T23:00:28.970884,3,2,82.5,0.4,82.3,6,82.2,100,82.0,100,,,,,,,,,,,,,,,82.7,141,83.1,50,,,,,,,,,,,,,,,,
2026-07-13T23:00:29.017270+00:00,2026-07-13T23:00:29.008590,2,2,82.45,0.5,82.2,100,82.0,100,,,,,,,,,,,,,,,,,82.7,141,83.1,50,,,,,,,,,,,,,,,,
2026-07-13T23:00:29.050160+00:00,2026-07-13T23:00:29.048478,1,2,82.45,0.5,82.2,100,,,,,,,,,,,,,,,,,,,82.7,141,83.1,50,,,,,,,,,,,,,,,,
2026-07-13T23:00:29.104788+00:00,2026-07-13T23:00:29.101007,1,2,82.45,0.5,82.2,100,,,,,,,,,,,,,,,,,,,82.7,41,83.1,50,,,,,,,,,,,,,,,,
2026-07-13T23:00:29.159272+00:00,2026-07-13T23:00:29.153444,1,3,82.45,0.5,82.2,100,,,,,,,,,,,,,,,,,,,82.7,41,83.1,50,83.2,100,,,,,,,,,,,,,,
2026-07-13T23:00:29.356272+00:00,2026-07-13T23:00:29.352871,0,2,,,,,,,,,,,,,,,,,,,,,,,83.1,50,83.2,100,,,,,,,,,,,,,,,,
2026-07-13T23:00:29.415650+00:00,2026-07-13T23:00:29.414477,1,2,82.9,0.4,82.7,140,,,,,,,,,,,,,,,,,,,83.1,50,83.2,100,,,,,,,,,,,,,,,,
2026-07-13T23:00:29.459105+00:00,2026-07-13T23:00:29.457901,1,2,82.9,0.4,82.7,140,,,,,,,,,,,,,,,,,,,83.1,50,83.2,250,,,,,,,,,,,,,,,,
2026-07-13T23:00:29.496206+00:00,2026-07-13T23:00:29.494998,1,2,82.9,0.4,82.7,126,,,,,,,,,,,,,,,,,,,83.1,50,83.2,250,,,,,,,,,,,,,,,,
2026-07-13T23:00:30.569204+00:00,2026-07-13T23:00:30.565376,1,2,82.9,0.4,82.7,76,,,,,,,,,,,,,,,,,,,83.1,50,83.2,250,,,,,,,,,,,,,,,,
2026-07-13T23:00:32.210020+00:00,2026-07-13T23:00:32.206981,1,2,82.9,0.4,82.7,76,,,,,,,,,,,,,,,,,,,83.1,50,83.2,150,,,,,,,,,,,,,,,,
2026-07-13T23:00:32.263644+00:00,2026-07-13T23:00:32.259647,2,2,82.9,0.4,82.7,76,82.2,100,,,,,,,,,,,,,,,,,83.1,50,83.2,150,,,,,,,,,,,,,,,,
2026-07-13T23:00:32.317434+00:00,2026-07-13T23:00:32.314011,1,3,82.4,0.4,82.2,100,,,,,,,,,,,,,,,,,,,82.6,24,83.1,50,83.2,150,,,,,,,,,,,,,,
2026-07-13T23:00:32.508076+00:00,2026-07-13T23:00:32.505374,1,3,82.4,0.4,82.2,100,,,,,,,,,,,,,,,,,,,82.6,24,82.9,50,83.2,150,,,,,,,,,,,,,,
2026-07-13T23:00:32.519238+00:00,2026-07-13T23:00:32.511693,1,2,82.4,0.4,82.2,100,,,,,,,,,,,,,,,,,,,82.6,24,82.9,50,,,,,,,,,,,,,,,,
2026-07-13T23:00:32.573210+00:00,2026-07-13T23:00:32.566448,2,2,82.4,0.4,82.2,100,81.9,150,,,,,,,,,,,,,,,,,82.6,24,82.9,50,,,,,,,,,,,,,,,,
2026-07-13T23:00:32.632106+00:00,2026-07-13T23:00:32.630941,2,3,82.3,0.2,82.2,100,81.9,150,,,,,,,,,,,,,,,,,82.4,136,82.6,24,82.9,50,,,,,,,,,,,,,,
2026-07-13T23:00:32.675165+00:00,2026-07-13T23:00:32.668124,2,3,82.3,0.2,82.2,50,81.9,150,,,,,,,,,,,,,,,,,82.4,136,82.6,24,82.9,50,,,,,,,,,,,,,,
2026-07-13T23:00:33.523952+00:00,2026-07-13T23:00:33.522627,2,2,82.3,0.2,82.2,50,81.9,150,,,,,,,,,,,,,,,,,82.4,136,82.6,24,,,,,,,,,,,,,,,,
2026-07-13T23:00:33.534920+00:00,2026-07-13T23:00:33.526066,2,3,82.3,0.2,82.2,50,81.9,150,,,,,,,,,,,,,,,,,82.4,136,82.6,24,83.0,50,,,,,,,,,,,,,,
2026-07-13T23:00:34.262680+00:00,2026-07-13T23:00:34.261406,2,3,82.3,0.2,82.2,50,81.9,150,,,,,,,,,,,,,,,,,82.4,126,82.6,24,83.0,50,,,,,,,,,,,,,,
2026-07-13T23:00:34.273661+00:00,2026-07-13T23:00:34.266551,3,3,82.35,0.1,82.3,6,82.2,50,81.9,150,,,,,,,,,,,,,,,82.4,126,82.6,24,83.0,50,,,,,,,,,,,,,,
2026-07-13T23:00:34.786580+00:00,2026-07-13T23:00:34.781165,2,3,82.3,0.2,82.2,6,81.9,150,,,,,,,,,,,,,,,,,82.4,126,82.6,24,83.0,50,,,,,,,,,,,,,,
2026-07-13T23:00:34.947809+00:00,2026-07-13T23:00:34.939600,2,3,82.3,0.2,82.2,6,81.9,150,,,,,,,,,,,,,,,,,82.4,121,82.6,24,83.0,50,,,,,,,,,,,,,,
2026-07-13T23:00:35.378423+00:00,2026-07-13T23:00:35.370439,1,2,82.15,0.5,81.9,150,,,,,,,,,,,,,,,,,,,82.4,121,83.0,50,,,,,,,,,,,,,,,,
2026-07-13T23:00:35.433812+00:00,2026-07-13T23:00:35.423461,2,2,82.3,0.2,82.2,100,81.9,150,,,,,,,,,,,,,,,,,82.4,121,83.0,50,,,,,,,,,,,,,,,,
2026-07-13T23:00:35.477841+00:00,2026-07-13T23:00:35.475862,2,3,82.3,0.2,82.2,100,81.9,150,,,,,,,,,,,,,,,,,82.4,121,82.7,100,83.0,50,,,,,,,,,,,,,,
2026-07-13T23:00:35.683522+00:00,2026-07-13T23:00:35.673056,1,2,82.45,0.5,82.2,100,,,,,,,,,,,,,,,,,,,82.7,100,83.0,50,,,,,,,,,,,,,,,,
2026-07-13T23:00:35.732066+00:00,2026-07-13T23:00:35.724919,2,2,82.45,0.5,82.2,100,82.1,150,,,,,,,,,,,,,,,,,82.7,100,83.0,50,,,,,,,,,,,,,,,,
2026-07-13T23:00:35.786863+00:00,2026-07-13T23:00:35.776455,2,3,82.4,0.4,82.2,100,82.1,150,,,,,,,,,,,,,,,,,82.6,150,82.7,100,83.0,50,,,,,,,,,,,,,,
2026-07-13T23:00:36.171942+00:00,2026-07-13T23:00:36.168673,2,3,82.4,0.4,82.2,100,82.1,150,,,,,,,,,,,,,,,,,82.6,150,82.7,100,83.1,50,,,,,,,,,,,,,,
2026-07-13T23:00:36.396178+00:00,2026-07-13T23:00:36.394936,2,3,82.4,0.4,82.2,100,82.1,150,,,,,,,,,,,,,,,,,82.6,145,82.7,100,83.1,50,,,,,,,,,,,,,,
2026-07-13T23:00:36.891288+00:00,2026-07-13T23:00:36.890372,2,3,82.4,0.4,82.2,50,82.1,150,,,,,,,,,,,,,,,,,82.6,145,82.7,100,83.1,50,,,,,,,,,,,,,,
2026-07-13T23:00:37.976645+00:00,2026-07-13T23:00:37.973590,2,4,82.4,0.4,82.2,50,82.1,150,,,,,,,,,,,,,,,,,82.6,140,82.7,100,82.9,1,83.1,50,,,,,,,,,,,,
2026-07-13T23:00:38.193298+00:00,2026-07-13T23:00:38.183770,2,4,82.4,0.4,82.2,50,82.1,150,,,,,,,,,,,,,,,,,82.6,135,82.7,100,82.9,1,83.1,50,,,,,,,,,,,,
2026-07-13T23:00:38.534479+00:00,2026-07-13T23:00:38.532407,1,3,82.35,0.5,82.1,150,,,,,,,,,,,,,,,,,,,82.6,135,82.9,1,83.1,50,,,,,,,,,,,,,,
2026-07-13T23:00:38.589269+00:00,2026-07-13T23:00:38.587598,1,3,82.35,0.5,82.1,250,,,,,,,,,,,,,,,,,,,82.6,135,82.9,1,83.1,50,,,,,,,,,,,,,,
2026-07-13T23:00:38.643982+00:00,2026-07-13T23:00:38.640414,1,3,82.35,0.5,82.1,250,,,,,,,,,,,,,,,,,,,82.6,235,82.9,1,83.1,50,,,,,,,,,,,,,,
2026-07-13T23:00:38.839538+00:00,2026-07-13T23:00:38.831599,1,3,82.35,0.5,82.1,100,,,,,,,,,,,,,,,,,,,82.6,100,82.9,1,83.1,50,,,,,,,,,,,,,,
2026-07-13T23:00:38.893058+00:00,2026-07-13T23:00:38.884104,2,3,82.4,0.4,82.2,150,82.1,100,,,,,,,,,,,,,,,,,82.6,100,82.9,1,83.1,50,,,,,,,,,,,,,,
2026-07-13T23:00:38.946703+00:00,2026-07-13T23:00:38.937486,2,4,82.4,0.4,82.2,150,82.1,100,,,,,,,,,,,,,,,,,82.6,100,82.7,150,82.9,1,83.1,50,,,,,,,,,,,,
2026-07-13T23:00:39.277949+00:00,2026-07-13T23:00:39.272776,2,3,82.4,0.4,82.2,150,82.1,100,,,,,,,,,,,,,,,,,82.6,100,82.7,150,83.1,50,,,,,,,,,,,,,,
2026-07-13T23:00:39.988826+00:00,2026-07-13T23:00:39.987897,2,3,82.4,0.4,82.2,150,82.1,100,,,,,,,,,,,,,,,,,82.6,89,82.7,150,83.1,50,,,,,,,,,,,,,,
2026-07-13T23:00:40.022131+00:00,2026-07-13T23:00:40.018235,3,3,82.45,0.3,82.3,3,82.2,150,82.1,100,,,,,,,,,,,,,,,82.6,89,82.7,150,83.1,50,,,,,,,,,,,,,,
2026-07-13T23:00:40.043871+00:00,2026-07-13T23:00:40.041026,3,3,82.45,0.3,82.3,3,82.2,150,82.1,100,,,,,,,,,,,,,,,82.6,89,82.7,150,83.3,50,,,,,,,,,,,,,,
2026-07-13T23:00:40.337533+00:00,2026-07-13T23:00:40.326883,2,3,82.4,0.4,82.2,150,82.1,100,,,,,,,,,,,,,,,,,82.6,89,82.7,150,83.3,50,,,,,,,,,,,,,,
2026-07-13T23:00:40.445050+00:00,2026-07-13T23:00:40.443157,2,3,82.4,0.4,82.2,150,82.1,100,,,,,,,,,,,,,,,,,82.6,48,82.7,150,83.3,50,,,,,,,,,,,,,,
2026-07-13T23:00:40.456101+00:00,2026-07-13T23:00:40.449012,2,3,82.4,0.4,82.2,150,82.1,100,,,,,,,,,,,,,,,,,82.6,48,82.7,150,83.1,50,,,,,,,,,,,,,,
2026-07-13T23:00:40.864289+00:00,2026-07-13T23:00:40.861842,2,3,82.4,0.4,82.2,150,82.1,100,,,,,,,,,,,,,,,,,82.6,48,82.7,150,83.2,50,,,,,,,,,,,,,,
2026-07-13T23:00:41.014887+00:00,2026-07-13T23:00:41.013698,2,4,82.4,0.4,82.2,150,82.1,100,,,,,,,,,,,,,,,,,82.6,48,82.7,150,82.8,6,83.2,50,,,,,,,,,,,,
2026-07-13T23:00:41.069839+00:00,2026-07-13T23:00:41.065340,2,2,82.45,0.5,82.2,150,82.1,100,,,,,,,,,,,,,,,,,82.7,148,82.8,6,,,,,,,,,,,,,,,,
2026-07-13T23:00:41.080935+00:00,2026-07-13T23:00:41.070193,2,3,82.45,0.5,82.2,150,82.1,100,,,,,,,,,,,,,,,,,82.7,148,82.8,6,83.1,50,,,,,,,,,,,,,,
2026-07-13T23:00:41.703244+00:00,2026-07-13T23:00:41.694491,1,3,82.45,0.5,82.2,150,,,,,,,,,,,,,,,,,,,82.7,148,82.8,6,83.1,50,,,,,,,,,,,,,,
2026-07-13T23:00:41.757408+00:00,2026-07-13T23:00:41.747554,2,3,82.55,0.3,82.4,100,82.2,150,,,,,,,,,,,,,,,,,82.7,148,82.8,6,83.1,50,,,,,,,,,,,,,,
2026-07-13T23:00:41.811300+00:00,2026-07-13T23:00:41.800771,2,4,82.55,0.3,82.4,100,82.2,150,,,,,,,,,,,,,,,,,82.7,148,82.8,6,82.9,100,83.1,50,,,,,,,,,,,,
2026-07-13T23:00:41.993949+00:00,2026-07-13T23:00:41.992418,1,3,82.6,0.4,82.4,100,,,,,,,,,,,,,,,,,,,82.8,6,82.9,100,83.1,50,,,,,,,,,,,,,,
2026-07-13T23:00:42.069827+00:00,2026-07-13T23:00:42.065960,2,3,82.6,0.4,82.4,100,82.3,150,,,,,,,,,,,,,,,,,82.8,6,82.9,100,83.1,50,,,,,,,,,,,,,,
2026-07-13T23:00:42.124277+00:00,2026-07-13T23:00:42.120228,2,3,82.6,0.4,82.4,100,82.3,150,,,,,,,,,,,,,,,,,82.8,156,82.9,100,83.1,50,,,,,,,,,,,,,,
2026-07-13T23:00:42.616494+00:00,2026-07-13T23:00:42.615252,2,3,82.6,0.4,82.4,89,82.3,150,,,,,,,,,,,,,,,,,82.8,156,82.9,100,83.1,50,,,,,,,,,,,,,,
2026-07-13T23:00:42.713210+00:00,2026-07-13T23:00:42.705275,2,2,82.6,0.4,82.4,89,82.3,150,,,,,,,,,,,,,,,,,82.8,156,82.9,150,,,,,,,,,,,,,,,,
2026-07-13T23:00:43.050466+00:00,2026-07-13T23:00:43.046385,2,2,82.6,0.4,82.4,89,82.3,150,,,,,,,,,,,,,,,,,82.8,154,82.9,150,,,,,,,,,,,,,,,,
2026-07-13T23:00:43.170089+00:00,2026-07-13T23:00:43.167053,2,2,82.6,0.4,82.4,89,82.3,150,,,,,,,,,,,,,,,,,82.8,104,82.9,150,,,,,,,,,,,,,,,,
2026-07-13T23:00:43.924734+00:00,2026-07-13T23:00:43.921249,2,2,82.6,0.4,82.4,89,82.3,150,,,,,,,,,,,,,,,,,82.8,104,82.9,100,,,,,,,,,,,,,,,,
2026-07-13T23:00:43.935830+00:00,2026-07-13T23:00:43.925355,2,3,82.6,0.4,82.4,89,82.3,150,,,,,,,,,,,,,,,,,82.8,104,82.9,100,83.1,50,,,,,,,,,,,,,,
2026-07-13T23:00:44.142258+00:00,2026-07-13T23:00:44.135714,2,3,82.6,0.4,82.4,89,82.3,150,,,,,,,,,,,,,,,,,82.8,104,82.9,100,83.0,50,,,,,,,,,,,,,,
2026-07-13T23:00:44.863158+00:00,2026-07-13T23:00:44.855556,1,2,82.55,0.5,82.3,150,,,,,,,,,,,,,,,,,,,82.8,104,83.0,50,,,,,,,,,,,,,,,,
2026-07-13T23:00:44.918998+00:00,2026-07-13T23:00:44.909206,1,2,82.55,0.5,82.3,250,,,,,,,,,,,,,,,,,,,82.8,104,83.0,50,,,,,,,,,,,,,,,,
2026-07-13T23:00:44.963059+00:00,2026-07-13T23:00:44.961766,1,2,82.55,0.5,82.3,250,,,,,,,,,,,,,,,,,,,82.8,204,83.0,50,,,,,,,,,,,,,,,,
2026-07-13T23:00:45.163318+00:00,2026-07-13T23:00:45.158150,2,1,82.65,0.3,82.5,3,82.3,250,,,,,,,,,,,,,,,,,82.8,208,,,,,,,,,,,,,,,,,,
2026-07-13T23:00:45.174588+00:00,2026-07-13T23:00:45.167848,2,2,82.65,0.3,82.5,3,82.3,250,,,,,,,,,,,,,,,,,82.8,208,83.1,50,,,,,,,,,,,,,,,,
2026-07-13T23:00:45.185686+00:00,2026-07-13T23:00:45.175419,2,2,82.65,0.3,82.5,3,82.3,100,,,,,,,,,,,,,,,,,82.8,104,83.1,50,,,,,,,,,,,,,,,,
2026-07-13T23:00:45.245206+00:00,2026-07-13T23:00:45.244230,2,2,82.6,0.4,82.4,150,82.3,100,,,,,,,,,,,,,,,,,82.8,104,83.1,50,,,,,,,,,,,,,,,,
2026-07-13T23:00:45.289507+00:00,2026-07-13T23:00:45.285771,2,3,82.6,0.4,82.4,150,82.3,100,,,,,,,,,,,,,,,,,82.8,104,82.9,150,83.1,50,,,,,,,,,,,,,,
2026-07-13T23:00:45.332828+00:00,2026-07-13T23:00:45.331429,2,3,82.6,0.4,82.4,100,82.3,100,,,,,,,,,,,,,,,,,82.8,104,82.9,150,83.1,50,,,,,,,,,,,,,,
2026-07-13T23:00:45.375949+00:00,2026-07-13T23:00:45.375327,2,2,82.6,0.4,82.4,100,82.3,100,,,,,,,,,,,,,,,,,82.8,104,82.9,200,,,,,,,,,,,,,,,,
2026-07-13T23:00:46.158118+00:00,2026-07-13T23:00:46.157329,2,2,82.6,0.4,82.4,100,82.3,100,,,,,,,,,,,,,,,,,82.8,104,82.9,200,,,,,,,,,,,,,,,,
2026-07-13T23:00:46.556588+00:00,2026-07-13T23:00:46.554447,2,2,82.6,0.4,82.4,96,82.3,100,,,,,,,,,,,,,,,,,82.8,104,82.9,200,,,,,,,,,,,,,,,,
2026-07-13T23:00:46.815887+00:00,2026-07-13T23:00:46.814123,2,2,82.6,0.4,82.4,96,82.3,100,,,,,,,,,,,,,,,,,82.8,104,82.9,150,,,,,,,,,,,,,,,,
2026-07-13T23:00:46.826924+00:00,2026-07-13T23:00:46.819062,2,2,82.6,0.4,82.4,96,82.3,100,,,,,,,,,,,,,,,,,82.8,154,82.9,150,,,,,,,,,,,,,,,,
2026-07-13T23:00:47.387707+00:00,2026-07-13T23:00:47.385909,2,2,82.6,0.4,82.4,96,82.3,100,,,,,,,,,,,,,,,,,82.8,104,82.9,150,,,,,,,,,,,,,,,,
2026-07-13T23:00:48.018417+00:00,2026-07-13T23:00:48.016999,1,2,82.6,0.4,82.4,96,,,,,,,,,,,,,,,,,,,82.8,54,82.9,150,,,,,,,,,,,,,,,,
2026-07-13T23:00:48.040486+00:00,2026-07-13T23:00:48.037849,1,3,82.6,0.4,82.4,96,,,,,,,,,,,,,,,,,,,82.8,4,82.9,150,83.0,50,,,,,,,,,,,,,,
2026-07-13T23:00:48.073468+00:00,2026-07-13T23:00:48.069139,1,3,82.6,0.4,82.4,196,,,,,,,,,,,,,,,,,,,82.8,4,82.9,150,83.0,50,,,,,,,,,,,,,,
2026-07-13T23:00:48.139111+00:00,2026-07-13T23:00:48.129713,1,3,82.6,0.4,82.4,196,,,,,,,,,,,,,,,,,,,82.8,4,82.9,250,83.0,50,,,,,,,,,,,,,,
2026-07-13T23:00:48.322813+00:00,2026-07-13T23:00:48.321624,2,3,82.65,0.3,82.5,1,82.4,196,,,,,,,,,,,,,,,,,82.8,4,82.9,250,83.0,50,,,,,,,,,,,,,,
2026-07-13T23:00:48.344281+00:00,2026-07-13T23:00:48.342550,2,3,82.65,0.3,82.5,1,82.4,100,,,,,,,,,,,,,,,,,82.8,4,82.9,100,83.0,50,,,,,,,,,,,,,,
2026-07-13T23:00:48.397931+00:00,2026-07-13T23:00:48.395497,3,3,82.65,0.3,82.5,1,82.4,100,82.1,150,,,,,,,,,,,,,,,82.8,4,82.9,100,83.0,50,,,,,,,,,,,,,,
2026-07-13T23:00:48.451356+00:00,2026-07-13T23:00:48.448364,3,4,82.55,0.1,82.5,1,82.4,100,82.1,150,,,,,,,,,,,,,,,82.6,150,82.8,4,82.9,100,83.0,50,,,,,,,,,,,,
2026-07-13T23:00:48.665392+00:00,2026-07-13T23:00:48.663346,2,4,82.5,0.2,82.4,100,82.1,150,,,,,,,,,,,,,,,,,82.6,150,82.8,4,82.9,100,83.0,50,,,,,,,,,,,,
2026-07-13T23:00:49.503264+00:00,2026-07-13T23:00:49.492967,2,4,82.5,0.2,82.4,100,82.1,150,,,,,,,,,,,,,,,,,82.6,100,82.8,4,82.9,100,83.0,50,,,,,,,,,,,,
2026-07-13T23:00:49.661854+00:00,2026-07-13T23:00:49.653569,2,4,82.5,0.2,82.4,56,82.1,150,,,,,,,,,,,,,,,,,82.6,100,82.8,4,82.9,100,83.0,50,,,,,,,,,,,,
2026-07-13T23:00:50.074613+00:00,2026-07-13T23:00:50.066785,2,3,82.5,0.2,82.4,56,82.1,150,,,,,,,,,,,,,,,,,82.6,100,82.8,4,82.9,150,,,,,,,,,,,,,,
2026-07-13T23:00:50.216328+00:00,2026-07-13T23:00:50.206376,2,3,82.5,0.2,82.4,7,82.1,150,,,,,,,,,,,,,,,,,82.6,100,82.8,4,82.9,150,,,,,,,,,,,,,,
2026-07-13T23:00:50.357123+00:00,2026-07-13T23:00:50.356270,2,3,82.5,0.2,82.4,7,82.1,150,,,,,,,,,,,,,,,,,82.6,100,82.8,3,82.9,150,,,,,,,,,,,,,,
2026-07-13T23:00:51.195122+00:00,2026-07-13T23:00:51.190481,1,3,82.35,0.5,82.1,150,,,,,,,,,,,,,,,,,,,82.6,100,82.8,3,82.9,50,,,,,,,,,,,,,,
2026-07-13T23:00:51.227954+00:00,2026-07-13T23:00:51.221878,2,3,82.5,0.2,82.4,3,82.1,150,,,,,,,,,,,,,,,,,82.6,100,82.8,3,82.9,50,,,,,,,,,,,,,,
2026-07-13T23:00:51.249667+00:00,2026-07-13T23:00:51.244724,2,3,82.5,0.2,82.4,3,82.1,250,,,,,,,,,,,,,,,,,82.6,100,82.8,3,82.9,50,,,,,,,,,,,,,,
2026-07-13T23:00:51.303117+00:00,2026-07-13T23:00:51.297252,2,3,82.5,0.2,82.4,3,82.1,250,,,,,,,,,,,,,,,,,82.6,200,82.8,3,82.9,50,,,,,,,,,,,,,,
2026-07-13T23:00:51.506629+00:00,2026-07-13T23:00:51.502319,2,3,82.5,0.2,82.4,3,82.1,100,,,,,,,,,,,,,,,,,82.6,100,82.8,3,82.9,50,,,,,,,,,,,,,,
2026-07-13T23:00:51.560018+00:00,2026-07-13T23:00:51.554825,3,3,82.5,0.2,82.4,3,82.3,150,82.1,100,,,,,,,,,,,,,,,82.6,100,82.8,3,82.9,50,,,,,,,,,,,,,,
2026-07-13T23:00:51.602903+00:00,2026-07-13T23:00:51.600399,3,3,82.5,0.2,82.4,3,82.3,150,82.1,100,,,,,,,,,,,,,,,82.6,50,82.8,3,82.9,50,,,,,,,,,,,,,,
2026-07-13T23:00:51.635665+00:00,2026-07-13T23:00:51.625202,3,3,82.5,0.2,82.4,3,82.3,150,82.1,100,,,,,,,,,,,,,,,82.6,50,82.8,153,82.9,50,,,,,,,,,,,,,,
2026-07-13T23:00:51.902373+00:00,2026-07-13T23:00:51.897397,3,3,82.5,0.2,82.4,3,82.3,150,82.1,100,,,,,,,,,,,,,,,82.6,50,82.8,153,83.1,50,,,,,,,,,,,,,,
2026-07-13T23:00:53.119427+00:00,2026-07-13T23:00:53.113646,3,3,82.5,0.2,82.4,3,82.3,150,82.1,100,,,,,,,,,,,,,,,82.6,50,82.8,153,82.9,50,,,,,,,,,,,,,,
2026-07-13T23:00:53.714745+00:00,2026-07-13T23:00:53.706499,3,2,82.6,0.4,82.4,3,82.3,150,82.1,100,,,,,,,,,,,,,,,82.8,153,82.9,50,,,,,,,,,,,,,,,,
2026-07-13T23:00:54.060584+00:00,2026-07-13T23:00:54.052606,3,2,82.6,0.4,82.4,3,82.3,150,82.1,100,,,,,,,,,,,,,,,82.8,105,82.9,50,,,,,,,,,,,,,,,,
2026-07-13T23:00:54.321008+00:00,2026-07-13T23:00:54.319729,3,2,82.6,0.4,82.4,2,82.3,150,82.1,100,,,,,,,,,,,,,,,82.8,105,82.9,50,,,,,,,,,,,,,,,,
2026-07-13T23:00:54.354304+00:00,2026-07-13T23:00:54.350775,2,2,82.6,0.4,82.4,2,82.3,150,,,,,,,,,,,,,,,,,82.8,105,82.9,50,,,,,,,,,,,,,,,,
2026-07-13T23:00:54.409169+00:00,2026-07-13T23:00:54.403967,2,2,82.6,0.4,82.4,102,82.3,150,,,,,,,,,,,,,,,,,82.8,105,82.9,50,,,,,,,,,,,,,,,,
2026-07-13T23:00:54.464495+00:00,2026-07-13T23:00:54.457710,2,3,82.55,0.3,82.4,102,82.3,150,,,,,,,,,,,,,,,,,82.7,5,82.8,105,82.9,150,,,,,,,,,,,,,,
2026-07-13T23:00:54.540967+00:00,2026-07-13T23:00:54.537983,2,3,82.55,0.3,82.4,102,82.3,150,,,,,,,,,,,,,,,,,82.7,5,82.8,105,82.9,100,,,,,,,,,,,,,,
2026-07-13T23:00:54.551960+00:00,2026-07-13T23:00:54.541633,2,4,82.55,0.3,82.4,102,82.3,150,,,,,,,,,,,,,,,,,82.7,5,82.8,105,82.9,100,83.0,50,,,,,,,,,,,,
2026-07-13T23:00:54.682996+00:00,2026-07-13T23:00:54.679076,1,3,82.55,0.3,82.4,102,,,,,,,,,,,,,,,,,,,82.7,5,82.9,100,83.0,50,,,,,,,,,,,,,,
2026-07-13T23:00:54.737668+00:00,2026-07-13T23:00:54.731246,2,3,82.6,0.2,82.5,150,82.4,102,,,,,,,,,,,,,,,,,82.7,5,82.9,100,83.0,50,,,,,,,,,,,,,,
2026-07-13T23:00:54.793249+00:00,2026-07-13T23:00:54.783341,2,3,82.6,0.2,82.5,150,82.4,102,,,,,,,,,,,,,,,,,82.7,5,82.9,100,83.0,200,,,,,,,,,,,,,,
2026-07-13T23:00:55.607876+00:00,2026-07-13T23:00:55.601196,2,2,82.7,0.4,82.5,150,82.4,102,,,,,,,,,,,,,,,,,82.9,60,83.0,200,,,,,,,,,,,,,,,,
2026-07-13T23:00:55.644073+00:00,2026-07-13T23:00:55.634380,2,3,82.65,0.3,82.5,150,82.4,102,,,,,,,,,,,,,,,,,82.8,5,82.9,60,83.0,200,,,,,,,,,,,,,,
2026-07-13T23:00:55.784221+00:00,2026-07-13T23:00:55.780617,2,3,82.65,0.3,82.5,150,82.4,102,,,,,,,,,,,,,,,,,82.8,5,82.9,110,83.0,150,,,,,,,,,,,,,,
2026-07-13T23:00:55.817042+00:00,2026-07-13T23:00:55.814284,2,2,82.7,0.4,82.5,150,82.4,102,,,,,,,,,,,,,,,,,82.9,65,83.0,150,,,,,,,,,,,,,,,,
2026-07-13T23:00:55.838738+00:00,2026-07-13T23:00:55.837696,2,3,82.65,0.3,82.5,150,82.4,102,,,,,,,,,,,,,,,,,82.8,4,82.9,65,83.0,150,,,,,,,,,,,,,,
2026-07-13T23:00:56.848425+00:00,2026-07-13T23:00:56.841730,2,3,82.65,0.3,82.5,150,82.4,101,,,,,,,,,,,,,,,,,82.8,4,82.9,65,83.0,150,,,,,,,,,,,,,,
2026-07-13T23:00:57.222351+00:00,2026-07-13T23:00:57.220633,2,4,82.65,0.3,82.5,150,82.4,101,,,,,,,,,,,,,,,,,82.8,4,82.9,15,83.0,150,83.1,50,,,,,,,,,,,,
2026-07-13T23:00:57.517621+00:00,2026-07-13T23:00:57.512488,2,3,82.65,0.3,82.5,150,82.4,1,,,,,,,,,,,,,,,,,82.8,4,83.0,150,83.1,50,,,,,,,,,,,,,,
2026-07-13T23:00:57.577396+00:00,2026-07-13T23:00:57.575937,3,2,82.9,0.2,82.8,85,82.5,150,82.4,1,,,,,,,,,,,,,,,83.0,150,83.1,50,,,,,,,,,,,,,,,,
2026-07-13T23:00:57.621602+00:00,2026-07-13T23:00:57.619572,3,3,82.9,0.2,82.8,85,82.5,150,82.4,1,,,,,,,,,,,,,,,83.0,150,83.1,50,83.3,100,,,,,,,,,,,,,,
2026-07-13T23:00:57.840443+00:00,2026-07-13T23:00:57.838582,2,2,82.95,0.3,82.8,85,82.4,1,,,,,,,,,,,,,,,,,83.1,50,83.3,100,,,,,,,,,,,,,,,,
2026-07-13T23:00:57.895344+00:00,2026-07-13T23:00:57.891389,3,2,82.95,0.3,82.8,85,82.6,150,82.4,1,,,,,,,,,,,,,,,83.1,50,83.3,100,,,,,,,,,,,,,,,,
2026-07-13T23:00:57.949968+00:00,2026-07-13T23:00:57.945460,3,2,82.95,0.3,82.8,85,82.6,150,82.4,1,,,,,,,,,,,,,,,83.1,200,83.3,100,,,,,,,,,,,,,,,,
2026-07-13T23:00:58.091321+00:00,2026-07-13T23:00:58.085857,3,2,82.95,0.3,82.8,79,82.6,150,82.4,1,,,,,,,,,,,,,,,83.1,200,83.3,100,,,,,,,,,,,,,,,,
2026-07-13T23:00:58.178680+00:00,2026-07-13T23:00:58.177198,3,2,82.95,0.3,82.8,73,82.6,150,82.4,1,,,,,,,,,,,,,,,83.1,200,83.3,100,,,,,,,,,,,,,,,,
2026-07-13T23:00:58.532837+00:00,2026-07-13T23:00:58.529908,2,2,82.95,0.3,82.8,26,82.6,150,,,,,,,,,,,,,,,,,83.1,200,83.3,100,,,,,,,,,,,,,,,,
2026-07-13T23:01:00.039041+00:00,2026-07-13T23:01:00.029184,2,2,82.95,0.3,82.8,26,82.6,150,,,,,,,,,,,,,,,,,83.1,150,83.3,100,,,,,,,,,,,,,,,,
2026-07-13T23:01:00.072338+00:00,2026-07-13T23:01:00.067588,2,3,82.95,0.3,82.8,76,82.6,150,,,,,,,,,,,,,,,,,83.1,150,83.2,50,83.3,100,,,,,,,,,,,,,,
2026-07-13T23:01:00.160127+00:00,2026-07-13T23:01:00.149465,2,4,82.85,0.1,82.8,76,82.6,150,,,,,,,,,,,,,,,,,82.9,4,83.1,150,83.2,50,83.3,100,,,,,,,,,,,,
2026-07-13T23:01:00.687658+00:00,2026-07-13T23:01:00.685283,2,3,82.8,0.2,82.7,50,82.6,150,,,,,,,,,,,,,,,,,82.9,4,83.1,150,83.2,50,,,,,,,,,,,,,,
2026-07-13T23:01:00.743152+00:00,2026-07-13T23:01:00.732437,2,3,82.8,0.2,82.7,50,82.6,250,,,,,,,,,,,,,,,,,82.9,4,83.1,150,83.2,50,,,,,,,,,,,,,,
2026-07-13T23:01:00.787605+00:00,2026-07-13T23:01:00.784279,2,3,82.8,0.2,82.7,50,82.6,250,,,,,,,,,,,,,,,,,82.9,4,83.1,250,83.2,50,,,,,,,,,,,,,,
2026-07-13T23:01:00.968818+00:00,2026-07-13T23:01:00.967393,2,3,82.8,0.2,82.7,47,82.6,250,,,,,,,,,,,,,,,,,82.9,4,83.1,250,83.2,50,,,,,,,,,,,,,,
2026-07-13T23:01:01.001942+00:00,2026-07-13T23:01:01.001116,2,4,82.75,0.1,82.7,47,82.6,100,,,,,,,,,,,,,,,,,82.8,6,82.9,4,83.1,100,83.2,50,,,,,,,,,,,,
2026-07-13T23:01:01.055825+00:00,2026-07-13T23:01:01.053345,3,4,82.75,0.1,82.7,47,82.6,100,82.4,150,,,,,,,,,,,,,,,82.8,6,82.9,4,83.1,100,83.2,50,,,,,,,,,,,,
2026-07-13T23:01:01.110018+00:00,2026-07-13T23:01:01.107700,3,4,82.75,0.1,82.7,47,82.6,100,82.4,150,,,,,,,,,,,,,,,82.8,6,82.9,154,83.1,100,83.2,50,,,,,,,,,,,,
2026-07-13T23:01:01.121058+00:00,2026-07-13T23:01:01.119033,2,4,82.7,0.2,82.6,100,82.4,150,,,,,,,,,,,,,,,,,82.8,6,82.9,154,83.1,100,83.2,50,,,,,,,,,,,,
2026-07-13T23:01:01.132160+00:00,2026-07-13T23:01:01.128306,2,4,82.7,0.2,82.6,147,82.4,150,,,,,,,,,,,,,,,,,82.8,6,82.9,154,83.0,50,83.1,100,,,,,,,,,,,,
2026-07-13T23:01:01.208366+00:00,2026-07-13T23:01:01.200961,2,3,82.75,0.3,82.6,147,82.4,150,,,,,,,,,,,,,,,,,82.9,154,83.0,50,83.1,100,,,,,,,,,,,,,,
2026-07-13T23:01:01.361519+00:00,2026-07-13T23:01:01.353056,2,3,82.75,0.3,82.6,147,82.4,150,,,,,,,,,,,,,,,,,82.9,109,83.0,50,83.1,100,,,,,,,,,,,,,,
2026-07-13T23:01:01.694506+00:00,2026-07-13T23:01:01.691714,2,3,82.75,0.3,82.6,147,82.4,150,,,,,,,,,,,,,,,,,82.9,114,83.0,50,83.1,100,,,,,,,,,,,,,,
2026-07-13T23:01:01.855361+00:00,2026-07-13T23:01:01.853154,2,3,82.75,0.3,82.6,149,82.4,150,,,,,,,,,,,,,,,,,82.9,114,83.0,50,83.1,100,,,,,,,,,,,,,,
2026-07-13T23:01:02.145296+00:00,2026-07-13T23:01:02.135785,2,3,82.75,0.3,82.6,149,82.4,150,,,,,,,,,,,,,,,,,82.9,64,83.0,50,83.1,100,,,,,,,,,,,,,,
2026-07-13T23:01:02.350494+00:00,2026-07-13T23:01:02.344563,2,3,82.75,0.3,82.6,102,82.4,150,,,,,,,,,,,,,,,,,82.9,64,83.0,50,83.1,100,,,,,,,,,,,,,,
2026-07-13T23:01:02.361586+00:00,2026-07-13T23:01:02.358276,3,3,82.8,0.2,82.7,47,82.6,102,82.4,150,,,,,,,,,,,,,,,82.9,64,83.1,100,83.2,50,,,,,,,,,,,,,,
2026-07-13T23:01:02.605996+00:00,2026-07-13T23:01:02.600372,3,3,82.8,0.2,82.7,47,82.6,101,82.4,150,,,,,,,,,,,,,,,82.9,63,83.1,100,83.2,50,,,,,,,,,,,,,,
2026-07-13T23:01:03.629732+00:00,2026-07-13T23:01:03.619025,3,4,82.75,0.1,82.7,47,82.6,101,82.4,150,,,,,,,,,,,,,,,82.8,6,82.9,63,83.1,100,83.2,50,,,,,,,,,,,,
2026-07-13T23:01:03.794468+00:00,2026-07-13T23:01:03.793346,2,4,82.7,0.2,82.6,148,82.4,150,,,,,,,,,,,,,,,,,82.8,6,82.9,63,83.0,50,83.1,100,,,,,,,,,,,,
2026-07-13T23:01:03.838755+00:00,2026-07-13T23:01:03.837231,2,2,82.75,0.3,82.6,148,82.4,150,,,,,,,,,,,,,,,,,82.9,63,83.0,50,,,,,,,,,,,,,,,,
2026-07-13T23:01:03.849888+00:00,2026-07-13T23:01:03.839157,2,2,82.75,0.3,82.6,48,82.4,150,,,,,,,,,,,,,,,,,82.9,63,83.0,50,,,,,,,,,,,,,,,,
2026-07-13T23:01:03.894686+00:00,2026-07-13T23:01:03.893527,2,2,82.75,0.3,82.6,48,82.4,250,,,,,,,,,,,,,,,,,82.9,63,83.0,50,,,,,,,,,,,,,,,,
2026-07-13T23:01:03.949948+00:00,2026-07-13T23:01:03.945925,2,2,82.75,0.3,82.6,48,82.4,250,,,,,,,,,,,,,,,,,82.9,163,83.0,50,,,,,,,,,,,,,,,,
2026-07-13T23:01:04.168388+00:00,2026-07-13T23:01:04.163941,2,2,82.75,0.3,82.6,48,82.4,100,,,,,,,,,,,,,,,,,82.9,104,83.0,50,,,,,,,,,,,,,,,,
2026-07-13T23:01:04.222860+00:00,2026-07-13T23:01:04.216165,3,2,82.85,0.1,82.8,150,82.6,48,82.4,100,,,,,,,,,,,,,,,82.9,104,83.0,50,,,,,,,,,,,,,,,,
2026-07-13T23:01:04.255785+00:00,2026-07-13T23:01:04.249101,3,2,82.85,0.1,82.8,136,82.6,48,82.4,100,,,,,,,,,,,,,,,82.9,54,83.0,50,,,,,,,,,,,,,,,,
2026-07-13T23:01:04.277971+00:00,2026-07-13T23:01:04.268311,3,3,82.85,0.1,82.8,136,82.6,48,82.4,100,,,,,,,,,,,,,,,82.9,54,83.0,50,83.3,150,,,,,,,,,,,,,,
2026-07-13T23:01:04.961761+00:00,2026-07-13T23:01:04.953076,3,3,82.85,0.1,82.8,136,82.6,48,82.4,100,,,,,,,,,,,,,,,82.9,58,83.0,50,83.3,150,,,,,,,,,,,,,,
2026-07-13T23:01:05.038644+00:00,2026-07-13T23:01:05.035172,3,3,82.85,0.1,82.8,136,82.6,1,82.4,100,,,,,,,,,,,,,,,82.9,58,83.0,50,83.3,150,,,,,,,,,,,,,,
2026-07-13T23:01:05.049714+00:00,2026-07-13T23:01:05.045803,4,3,82.85,0.1,82.8,136,82.7,47,82.6,1,82.4,100,,,,,,,,,,,,,82.9,58,83.1,50,83.3,150,,,,,,,,,,,,,,
2026-07-13T23:01:05.855905+00:00,2026-07-13T23:01:05.854317,4,3,82.85,0.1,82.8,136,82.7,47,82.6,1,82.4,100,,,,,,,,,,,,,82.9,58,83.2,50,83.3,150,,,,,,,,,,,,,,
2026-07-13T23:01:05.955433+00:00,2026-07-13T23:01:05.946441,4,3,82.85,0.1,82.8,90,82.7,47,82.6,1,82.4,100,,,,,,,,,,,,,82.9,58,83.2,50,83.3,150,,,,,,,,,,,,,,
2026-07-13T23:01:06.286183+00:00,2026-07-13T23:01:06.284253,3,3,82.85,0.1,82.8,137,82.6,1,82.4,100,,,,,,,,,,,,,,,82.9,58,83.2,50,83.3,150,,,,,,,,,,,,,,
2026-07-13T23:01:06.363555+00:00,2026-07-13T23:01:06.352878,3,3,82.85,0.1,82.8,137,82.6,1,82.4,100,,,,,,,,,,,,,,,82.9,8,83.2,50,83.3,150,,,,,,,,,,,,,,
2026-07-13T23:01:06.918240+00:00,2026-07-13T23:01:06.910229,3,2,83.0,0.4,82.8,137,82.6,1,82.4,100,,,,,,,,,,,,,,,83.2,50,83.3,150,,,,,,,,,,,,,,,,
2026-07-13T23:01:07.006348+00:00,2026-07-13T23:01:07.005095,2,2,83.0,0.4,82.8,137,82.4,100,,,,,,,,,,,,,,,,,83.2,50,83.3,150,,,,,,,,,,,,,,,,
2026-07-13T23:01:07.039853+00:00,2026-07-13T23:01:07.031510,1,2,83.0,0.4,82.8,137,,,,,,,,,,,,,,,,,,,83.2,50,83.3,150,,,,,,,,,,,,,,,,
2026-07-13T23:01:07.083654+00:00,2026-07-13T23:01:07.080130,2,2,83.05,0.3,82.9,100,82.8,137,,,,,,,,,,,,,,,,,83.2,50,83.3,150,,,,,,,,,,,,,,,,
2026-07-13T23:01:07.138865+00:00,2026-07-13T23:01:07.134453,2,3,83.05,0.3,82.9,100,82.8,137,,,,,,,,,,,,,,,,,83.2,50,83.3,150,83.4,100,,,,,,,,,,,,,,
2026-07-13T23:01:07.324493+00:00,2026-07-13T23:01:07.322507,2,2,83.05,0.3,82.9,100,82.8,47,,,,,,,,,,,,,,,,,83.2,50,83.4,100,,,,,,,,,,,,,,,,
2026-07-13T23:01:07.378719+00:00,2026-07-13T23:01:07.375573,2,2,83.05,0.3,82.9,100,82.8,197,,,,,,,,,,,,,,,,,83.2,50,83.4,100,,,,,,,,,,,,,,,,
2026-07-13T23:01:07.433220+00:00,2026-07-13T23:01:07.427689,2,3,83.05,0.3,82.9,100,82.8,197,,,,,,,,,,,,,,,,,83.2,50,83.3,150,83.4,100,,,,,,,,,,,,,,
2026-07-13T23:01:08.322262+00:00,2026-07-13T23:01:08.315584,2,2,83.1,0.4,82.9,100,82.8,197,,,,,,,,,,,,,,,,,83.3,200,83.4,100,,,,,,,,,,,,,,,,
2026-07-13T23:01:08.515735+00:00,2026-07-13T23:01:08.509949,2,2,83.1,0.4,82.9,50,82.8,197,,,,,,,,,,,,,,,,,83.3,200,83.4,100,,,,,,,,,,,,,,,,
2026-07-13T23:01:08.928408+00:00,2026-07-13T23:01:08.926439,2,2,83.1,0.4,82.9,50,82.8,150,,,,,,,,,,,,,,,,,83.3,200,83.4,100,,,,,,,,,,,,,,,,
2026-07-13T23:01:08.939373+00:00,2026-07-13T23:01:08.929638,2,2,83.1,0.4,82.9,97,82.8,150,,,,,,,,,,,,,,,,,83.3,200,83.4,100,,,,,,,,,,,,,,,,
2026-07-13T23:01:09.549053+00:00,2026-07-13T23:01:09.544442,2,2,83.1,0.4,82.9,97,82.8,150,,,,,,,,,,,,,,,,,83.3,150,83.4,150,,,,,,,,,,,,,,,,
2026-07-13T23:01:10.192287+00:00,2026-07-13T23:01:10.189956,2,2,83.1,0.4,82.9,47,82.8,150,,,,,,,,,,,,,,,,,83.3,150,83.4,50,,,,,,,,,,,,,,,,
2026-07-13T23:01:10.246719+00:00,2026-07-13T23:01:10.242819,2,2,83.1,0.4,82.9,147,82.8,150,,,,,,,,,,,,,,,,,83.3,150,83.4,50,,,,,,,,,,,,,,,,
2026-07-13T23:01:10.301634+00:00,2026-07-13T23:01:10.296263,2,2,83.1,0.4,82.9,147,82.8,150,,,,,,,,,,,,,,,,,83.3,150,83.4,150,,,,,,,,,,,,,,,,
2026-07-13T23:01:10.485034+00:00,2026-07-13T23:01:10.483779,1,1,83.15,0.5,82.9,147,,,,,,,,,,,,,,,,,,,83.4,150,,,,,,,,,,,,,,,,,,
2026-07-13T23:01:10.540378+00:00,2026-07-13T23:01:10.536350,1,1,83.15,0.5,82.9,297,,,,,,,,,,,,,,,,,,,83.4,150,,,,,,,,,,,,,,,,,,
2026-07-13T23:01:10.595516+00:00,2026-07-13T23:01:10.588008,1,1,83.15,0.5,82.9,297,,,,,,,,,,,,,,,,,,,83.4,300,,,,,,,,,,,,,,,,,,
2026-07-13T23:01:11.587945+00:00,2026-07-13T23:01:11.586982,1,1,83.15,0.5,82.9,250,,,,,,,,,,,,,,,,,,,83.4,300,,,,,,,,,,,,,,,,,,
2026-07-13T23:01:11.599024+00:00,2026-07-13T23:01:11.590978,2,1,83.2,0.4,83.0,47,82.9,250,,,,,,,,,,,,,,,,,83.4,300,,,,,,,,,,,,,,,,,,
2026-07-13T23:01:12.735391+00:00,2026-07-13T23:01:12.727635,1,1,83.15,0.5,82.9,247,,,,,,,,,,,,,,,,,,,83.4,300,,,,,,,,,,,,,,,,,,
2026-07-13T23:01:12.833420+00:00,2026-07-13T23:01:12.830937,1,1,83.15,0.5,82.9,247,,,,,,,,,,,,,,,,,,,83.4,250,,,,,,,,,,,,,,,,,,
2026-07-13T23:01:12.844526+00:00,2026-07-13T23:01:12.833894,1,2,83.1,0.4,82.9,247,,,,,,,,,,,,,,,,,,,83.3,50,83.4,250,,,,,,,,,,,,,,,,
2026-07-13T23:01:13.362953+00:00,2026-07-13T23:01:13.353555,1,2,83.1,0.4,82.9,150,,,,,,,,,,,,,,,,,,,83.3,50,83.4,150,,,,,,,,,,,,,,,,
2026-07-13T23:01:13.416736+00:00,2026-07-13T23:01:13.406250,2,2,83.1,0.4,82.9,150,82.8,100,,,,,,,,,,,,,,,,,83.3,50,83.4,150,,,,,,,,,,,,,,,,
2026-07-13T23:01:13.459734+00:00,2026-07-13T23:01:13.457862,2,2,83.1,0.4,82.9,150,82.8,100,,,,,,,,,,,,,,,,,83.3,150,83.4,150,,,,,,,,,,,,,,,,
2026-07-13T23:01:13.644717+00:00,2026-07-13T23:01:13.643472,1,1,83.05,0.5,82.8,100,,,,,,,,,,,,,,,,,,,83.3,150,,,,,,,,,,,,,,,,,,
2026-07-13T23:01:13.655738+00:00,2026-07-13T23:01:13.648346,1,2,83.0,0.4,82.8,100,,,,,,,,,,,,,,,,,,,83.2,50,83.3,100,,,,,,,,,,,,,,,,
2026-07-13T23:01:13.699023+00:00,2026-07-13T23:01:13.696380,1,2,83.0,0.4,82.8,250,,,,,,,,,,,,,,,,,,,83.2,50,83.3,100,,,,,,,,,,,,,,,,
2026-07-13T23:01:13.752870+00:00,2026-07-13T23:01:13.748409,1,2,83.0,0.4,82.8,250,,,,,,,,,,,,,,,,,,,83.2,50,83.3,250,,,,,,,,,,,,,,,,
2026-07-13T23:01:14.145046+00:00,2026-07-13T23:01:14.134548,1,3,83.0,0.4,82.8,250,,,,,,,,,,,,,,,,,,,83.2,50,83.3,250,83.5,6,,,,,,,,,,,,,,
2026-07-13T23:01:14.264436+00:00,2026-07-13T23:01:14.261659,1,2,83.05,0.5,82.8,250,,,,,,,,,,,,,,,,,,,83.3,250,83.5,6,,,,,,,,,,,,,,,,
2026-07-13T23:01:14.275158+00:00,2026-07-13T23:01:14.265446,1,2,83.05,0.5,82.8,250,,,,,,,,,,,,,,,,,,,83.3,300,83.5,6,,,,,,,,,,,,,,,,
2026-07-13T23:01:14.792333+00:00,2026-07-13T23:01:14.784637,1,2,83.05,0.5,82.8,250,,,,,,,,,,,,,,,,,,,83.3,250,83.5,6,,,,,,,,,,,,,,,,
2026-07-13T23:01:14.803185+00:00,2026-07-13T23:01:14.795224,1,2,83.05,0.5,82.8,209,,,,,,,,,,,,,,,,,,,83.3,250,83.5,6,,,,,,,,,,,,,,,,
2026-07-13T23:01:15.476774+00:00,2026-07-13T23:01:15.475339,1,3,83.05,0.5,82.8,209,,,,,,,,,,,,,,,,,,,83.3,200,83.4,50,83.5,6,,,,,,,,,,,,,,
2026-07-13T23:01:16.514068+00:00,2026-07-13T23:01:16.512509,1,3,83.05,0.5,82.8,150,,,,,,,,,,,,,,,,,,,83.3,150,83.4,50,83.5,6,,,,,,,,,,,,,,
2026-07-13T23:01:16.589595+00:00,2026-07-13T23:01:16.585425,2,3,83.2,0.2,83.1,100,82.8,150,,,,,,,,,,,,,,,,,83.3,150,83.4,50,83.5,6,,,,,,,,,,,,,,
2026-07-13T23:01:16.643581+00:00,2026-07-13T23:01:16.637410,2,4,83.2,0.2,83.1,100,82.8,150,,,,,,,,,,,,,,,,,83.3,150,83.4,50,83.5,6,83.6,100,,,,,,,,,,,,
2026-07-13T23:01:16.804876+00:00,2026-07-13T23:01:16.804341,1,3,83.25,0.3,83.1,100,,,,,,,,,,,,,,,,,,,83.4,50,83.5,6,83.6,100,,,,,,,,,,,,,,
2026-07-13T23:01:16.858397+00:00,2026-07-13T23:01:16.856043,2,3,83.25,0.3,83.1,55,82.9,150,,,,,,,,,,,,,,,,,83.4,50,83.5,6,83.6,100,,,,,,,,,,,,,,
2026-07-13T23:01:16.912492+00:00,2026-07-13T23:01:16.907565,2,3,83.25,0.3,83.1,55,82.9,150,,,,,,,,,,,,,,,,,83.4,200,83.5,6,83.6,100,,,,,,,,,,,,,,
2026-07-13T23:01:17.096911+00:00,2026-07-13T23:01:17.094576,2,3,83.25,0.3,83.1,35,82.9,150,,,,,,,,,,,,,,,,,83.4,150,83.5,6,83.6,100,,,,,,,,,,,,,,
2026-07-13T23:01:17.107750+00:00,2026-07-13T23:01:17.102200,3,4,83.2,0.2,83.1,35,82.9,150,82.8,20,,,,,,,,,,,,,,,83.3,50,83.4,150,83.5,6,83.6,100,,,,,,,,,,,,
2026-07-13T23:01:17.366619+00:00,2026-07-13T23:01:17.357754,3,4,83.2,0.2,83.1,35,82.9,150,82.8,20,,,,,,,,,,,,,,,83.3,8,83.4,150,83.5,6,83.6,100,,,,,,,,,,,,
2026-07-13T23:01:17.534122+00:00,2026-07-13T23:01:17.529508,2,4,83.2,0.2,83.1,35,82.9,200,,,,,,,,,,,,,,,,,83.3,8,83.4,150,83.5,6,83.6,100,,,,,,,,,,,,
2026-07-13T23:01:18.301543+00:00,2026-07-13T23:01:18.300387,1,4,83.1,0.4,82.9,192,,,,,,,,,,,,,,,,,,,83.3,8,83.4,150,83.5,6,83.6,100,,,,,,,,,,,,
2026-07-13T23:01:18.948542+00:00,2026-07-13T23:01:18.937921,1,3,83.15,0.5,82.9,192,,,,,,,,,,,,,,,,,,,83.4,115,83.5,6,83.6,100,,,,,,,,,,,,,,
2026-07-13T23:01:19.003340+00:00,2026-07-13T23:01:18.998868,1,3,83.15,0.5,82.9,192,,,,,,,,,,,,,,,,,,,83.4,65,83.5,6,83.6,100,,,,,,,,,,,,,,
2026-07-13T23:01:19.014272+00:00,2026-07-13T23:01:19.012557,1,4,83.1,0.4,82.9,192,,,,,,,,,,,,,,,,,,,83.3,50,83.4,65,83.5,6,83.6,100,,,,,,,,,,,,
2026-07-13T23:01:19.228650+00:00,2026-07-13T23:01:19.219575,1,4,83.1,0.4,82.9,142,,,,,,,,,,,,,,,,,,,83.3,50,83.4,65,83.5,6,83.6,100,,,,,,,,,,,,
2026-07-13T23:01:19.250053+00:00,2026-07-13T23:01:19.247366,2,4,83.1,0.4,82.9,142,82.8,50,,,,,,,,,,,,,,,,,83.3,50,83.4,65,83.5,6,83.6,100,,,,,,,,,,,,
2026-07-13T23:01:19.478826+00:00,2026-07-13T23:01:19.473199,1,4,83.1,0.4,82.9,192,,,,,,,,,,,,,,,,,,,83.3,50,83.4,65,83.5,6,83.6,100,,,,,,,,,,,,
2026-07-13T23:01:19.696259+00:00,2026-07-13T23:01:19.691036,1,3,83.1,0.4,82.9,192,,,,,,,,,,,,,,,,,,,83.3,50,83.4,65,83.5,6,,,,,,,,,,,,,,
2026-07-13T23:01:19.750823+00:00,2026-07-13T23:01:19.744872,2,3,83.1,0.4,82.9,192,82.6,100,,,,,,,,,,,,,,,,,83.3,50,83.4,65,83.5,6,,,,,,,,,,,,,,
2026-07-13T23:01:19.805516+00:00,2026-07-13T23:01:19.798629,2,4,83.0,0.2,82.9,192,82.6,100,,,,,,,,,,,,,,,,,83.1,100,83.3,50,83.4,65,83.5,6,,,,,,,,,,,,
2026-07-13T23:01:19.962632+00:00,2026-07-13T23:01:19.961266,2,3,83.0,0.2,82.9,192,82.6,100,,,,,,,,,,,,,,,,,83.1,100,83.3,50,83.5,6,,,,,,,,,,,,,,
2026-07-13T23:01:19.973722+00:00,2026-07-13T23:01:19.962975,2,3,83.0,0.2,82.9,50,82.6,100,,,,,,,,,,,,,,,,,83.1,100,83.3,50,83.5,6,,,,,,,,,,,,,,
2026-07-13T23:01:20.027833+00:00,2026-07-13T23:01:20.017513,3,2,83.25,0.1,83.2,50,82.9,50,82.6,100,,,,,,,,,,,,,,,83.3,50,83.5,6,,,,,,,,,,,,,,,,
2026-07-13T23:01:20.082294+00:00,2026-07-13T23:01:20.071650,3,3,83.25,0.1,83.2,50,82.9,50,82.6,100,,,,,,,,,,,,,,,83.3,50,83.5,6,83.7,150,,,,,,,,,,,,,,
2026-07-13T23:01:20.093278+00:00,2026-07-13T23:01:20.092480,3,3,83.3,0.2,83.2,50,82.9,50,82.6,100,,,,,,,,,,,,,,,83.4,50,83.5,6,83.7,150,,,,,,,,,,,,,,
2026-07-13T23:01:20.104382+00:00,2026-07-13T23:01:20.094927,2,4,83.05,0.3,82.9,50,82.6,100,,,,,,,,,,,,,,,,,83.2,24,83.4,50,83.5,6,83.7,150,,,,,,,,,,,,
2026-07-13T23:01:20.213189+00:00,2026-07-13T23:01:20.202560,2,3,83.15,0.5,82.9,50,82.6,100,,,,,,,,,,,,,,,,,83.4,50,83.5,6,83.7,150,,,,,,,,,,,,,,
2026-07-13T23:01:20.312657+00:00,2026-07-13T23:01:20.310894,1,3,83.0,0.8,82.6,100,,,,,,,,,,,,,,,,,,,83.4,50,83.5,6,83.7,150,,,,,,,,,,,,,,
2026-07-13T23:01:20.323707+00:00,2026-07-13T23:01:20.314165,2,3,83.05,0.7,82.7,50,82.6,100,,,,,,,,,,,,,,,,,83.4,50,83.5,6,83.7,150,,,,,,,,,,,,,,
2026-07-13T23:01:20.939349+00:00,2026-07-13T23:01:20.936509,2,2,83.1,0.8,82.7,50,82.6,100,,,,,,,,,,,,,,,,,83.5,6,83.7,150,,,,,,,,,,,,,,,,
2026-07-13T23:01:20.950339+00:00,2026-07-13T23:01:20.939934,2,2,83.1,0.8,82.7,50,82.6,100,,,,,,,,,,,,,,,,,83.5,56,83.7,150,,,,,,,,,,,,,,,,
2026-07-13T23:01:21.155686+00:00,2026-07-13T23:01:21.152608,1,2,83.05,0.9,82.6,100,,,,,,,,,,,,,,,,,,,83.5,56,83.7,150,,,,,,,,,,,,,,,,
2026-07-13T23:01:21.166750+00:00,2026-07-13T23:01:21.161079,2,2,83.3,0.4,83.1,1,82.6,100,,,,,,,,,,,,,,,,,83.5,56,83.7,150,,,,,,,,,,,,,,,,
2026-07-13T23:01:21.231424+00:00,2026-07-13T23:01:21.227291,1,2,83.05,0.9,82.6,100,,,,,,,,,,,,,,,,,,,83.5,56,83.7,150,,,,,,,,,,,,,,,,
2026-07-13T23:01:21.350660+00:00,2026-07-13T23:01:21.341797,1,2,83.05,0.9,82.6,100,,,,,,,,,,,,,,,,,,,83.5,10,83.7,150,,,,,,,,,,,,,,,,
2026-07-13T23:01:21.372805+00:00,2026-07-13T23:01:21.372031,2,1,83.2,1.0,82.7,50,82.6,100,,,,,,,,,,,,,,,,,83.7,150,,,,,,,,,,,,,,,,,,
2026-07-13T23:01:21.383927+00:00,2026-07-13T23:01:21.374875,2,2,83.15,0.9,82.7,50,82.6,100,,,,,,,,,,,,,,,,,83.6,50,83.7,150,,,,,,,,,,,,,,,,
2026-07-13T23:01:22.317357+00:00,2026-07-13T23:01:22.311312,2,3,83.05,0.7,82.7,50,82.6,100,,,,,,,,,,,,,,,,,83.4,7,83.6,50,83.7,150,,,,,,,,,,,,,,
2026-07-13T23:01:22.835741+00:00,2026-07-13T23:01:22.829176,2,3,83.05,0.7,82.7,50,82.6,100,,,,,,,,,,,,,,,,,83.4,7,83.5,50,83.7,150,,,,,,,,,,,,,,
2026-07-13T23:01:22.857398+00:00,2026-07-13T23:01:22.852484,1,3,83.05,0.7,82.7,50,,,,,,,,,,,,,,,,,,,83.4,7,83.5,50,83.7,150,,,,,,,,,,,,,,
2026-07-13T23:01:22.911578+00:00,2026-07-13T23:01:22.906907,2,3,83.2,0.4,83.0,100,82.7,50,,,,,,,,,,,,,,,,,83.4,7,83.5,50,83.7,150,,,,,,,,,,,,,,
2026-07-13T23:01:22.965328+00:00,2026-07-13T23:01:22.963607,2,3,83.2,0.4,83.0,100,82.7,50,,,,,,,,,,,,,,,,,83.4,7,83.5,150,83.7,150,,,,,,,,,,,,,,
2026-07-13T23:01:23.041085+00:00,2026-07-13T23:01:23.036711,1,3,83.2,0.4,83.0,150,,,,,,,,,,,,,,,,,,,83.4,7,83.5,150,83.7,150,,,,,,,,,,,,,,
2026-07-13T23:01:23.128002+00:00,2026-07-13T23:01:23.125143,1,2,83.2,0.4,83.0,150,,,,,,,,,,,,,,,,,,,83.4,7,83.5,150,,,,,,,,,,,,,,,,
2026-07-13T23:01:23.182248+00:00,2026-07-13T23:01:23.179043,2,2,83.2,0.4,83.0,150,82.7,150,,,,,,,,,,,,,,,,,83.4,7,83.5,150,,,,,,,,,,,,,,,,
2026-07-13T23:01:23.247143+00:00,2026-07-13T23:01:23.241533,2,3,83.1,0.2,83.0,150,82.7,150,,,,,,,,,,,,,,,,,83.2,150,83.4,7,83.5,150,,,,,,,,,,,,,,
2026-07-13T23:01:23.269186+00:00,2026-07-13T23:01:23.258549,2,3,83.1,0.2,83.0,100,82.7,150,,,,,,,,,,,,,,,,,83.2,150,83.4,7,83.5,150,,,,,,,,,,,,,,
2026-07-13T23:01:23.482953+00:00,2026-07-13T23:01:23.479972,2,3,83.1,0.2,83.0,50,82.7,150,,,,,,,,,,,,,,,,,83.2,150,83.4,7,83.5,100,,,,,,,,,,,,,,
2026-07-13T23:01:23.493771+00:00,2026-07-13T23:01:23.485622,2,3,83.1,0.2,83.0,50,82.7,200,,,,,,,,,,,,,,,,,83.2,200,83.4,7,83.5,100,,,,,,,,,,,,,,
2026-07-13T23:01:23.910240+00:00,2026-07-13T23:01:23.905345,3,3,83.1,0.2,83.0,50,82.8,50,82.7,150,,,,,,,,,,,,,,,83.2,200,83.4,7,83.5,100,,,,,,,,,,,,,,
2026-07-13T23:01:24.179402+00:00,2026-07-13T23:01:24.169396,3,3,83.1,0.2,83.0,50,82.8,50,82.7,150,,,,,,,,,,,,,,,83.2,200,83.4,5,83.5,100,,,,,,,,,,,,,,
2026-07-13T23:01:24.441461+00:00,2026-07-13T23:01:24.440596,3,3,83.1,0.2,83.0,50,82.8,50,82.7,150,,,,,,,,,,,,,,,83.2,200,83.4,4,83.5,100,,,,,,,,,,,,,,
2026-07-13T23:01:24.737825+00:00,2026-07-13T23:01:24.736712,3,3,83.1,0.2,83.0,50,82.8,50,82.7,150,,,,,,,,,,,,,,,83.2,150,83.4,4,83.5,100,,,,,,,,,,,,,,
2026-07-13T23:01:24.748887+00:00,2026-07-13T23:01:24.739907,3,4,83.1,0.2,83.0,50,82.8,50,82.7,150,,,,,,,,,,,,,,,83.2,150,83.3,50,83.4,4,83.5,100,,,,,,,,,,,,
2026-07-13T23:01:25.372011+00:00,2026-07-13T23:01:25.363594,2,4,83.0,0.4,82.8,50,82.7,150,,,,,,,,,,,,,,,,,83.2,150,83.3,50,83.4,4,83.5,100,,,,,,,,,,,,
2026-07-13T23:01:25.963812+00:00,2026-07-13T23:01:25.962251,3,4,83.15,0.1,83.1,1,82.8,50,82.7,150,,,,,,,,,,,,,,,83.2,150,83.3,50,83.4,4,83.5,100,,,,,,,,,,,,
2026-07-13T23:01:26.028690+00:00,2026-07-13T23:01:26.018081,3,3,83.15,0.1,83.1,1,82.8,50,82.7,150,,,,,,,,,,,,,,,83.2,150,83.3,50,83.4,4,,,,,,,,,,,,,,
2026-07-13T23:01:26.082272+00:00,2026-07-13T23:01:26.072061,4,3,83.15,0.1,83.1,1,82.8,50,82.7,150,82.5,100,,,,,,,,,,,,,83.2,150,83.3,50,83.4,4,,,,,,,,,,,,,,
2026-07-13T23:01:26.135746+00:00,2026-07-13T23:01:26.126660,3,4,82.9,0.2,82.8,50,82.7,150,82.5,100,,,,,,,,,,,,,,,83.0,99,83.2,150,83.3,50,83.4,4,,,,,,,,,,,,
2026-07-13T23:01:26.178657+00:00,2026-07-13T23:01:26.170436,3,4,82.9,0.2,82.8,50,82.7,150,82.5,100,,,,,,,,,,,,,,,83.0,52,83.2,150,83.3,50,83.4,4,,,,,,,,,,,,
2026-07-13T23:01:26.200198+00:00,2026-07-13T23:01:26.193440,3,4,82.9,0.2,82.8,50,82.7,150,82.5,100,,,,,,,,,,,,,,,83.0,51,83.2,150,83.3,50,83.4,4,,,,,,,,,,,,
2026-07-13T23:01:26.253706+00:00,2026-07-13T23:01:26.243509,3,4,82.9,0.2,82.8,50,82.7,150,82.5,100,,,,,,,,,,,,,,,83.0,50,83.2,150,83.3,50,83.4,4,,,,,,,,,,,,
2026-07-13T23:01:26.296590+00:00,2026-07-13T23:01:26.295804,3,3,82.9,0.2,82.8,50,82.7,150,82.5,100,,,,,,,,,,,,,,,83.0,49,83.3,50,83.4,4,,,,,,,,,,,,,,
2026-07-13T23:01:26.307456+00:00,2026-07-13T23:01:26.297086,2,3,82.9,0.2,82.8,50,82.5,100,,,,,,,,,,,,,,,,,83.0,49,83.3,50,83.4,4,,,,,,,,,,,,,,
2026-07-13T23:01:26.329011+00:00,2026-07-13T23:01:26.326270,2,3,82.9,0.2,82.8,50,82.5,100,,,,,,,,,,,,,,,,,83.0,48,83.3,50,83.4,4,,,,,,,,,,,,,,
2026-07-13T23:01:26.350400+00:00,2026-07-13T23:01:26.349614,2,3,82.9,0.2,82.8,50,82.5,250,,,,,,,,,,,,,,,,,83.0,48,83.3,50,83.4,4,,,,,,,,,,,,,,
2026-07-13T23:01:26.393082+00:00,2026-07-13T23:01:26.392215,1,3,82.75,0.5,82.5,250,,,,,,,,,,,,,,,,,,,83.0,47,83.3,50,83.4,4,,,,,,,,,,,,,,
2026-07-13T23:01:26.403783+00:00,2026-07-13T23:01:26.402340,2,3,82.8,0.4,82.6,50,82.5,250,,,,,,,,,,,,,,,,,83.0,197,83.3,50,83.4,4,,,,,,,,,,,,,,
2026-07-13T23:01:26.671854+00:00,2026-07-13T23:01:26.669692,2,3,82.8,0.4,82.6,50,82.5,250,,,,,,,,,,,,,,,,,83.0,196,83.3,50,83.4,4,,,,,,,,,,,,,,
2026-07-13T23:01:26.896646+00:00,2026-07-13T23:01:26.893261,2,3,82.8,0.4,82.6,50,82.5,250,,,,,,,,,,,,,,,,,83.0,195,83.3,50,83.4,4,,,,,,,,,,,,,,
2026-07-13T23:01:26.978325+00:00,2026-07-13T23:01:26.968094,2,3,82.8,0.4,82.6,50,82.5,250,,,,,,,,,,,,,,,,,83.0,194,83.3,50,83.4,4,,,,,,,,,,,,,,
2026-07-13T23:01:27.225137+00:00,2026-07-13T23:01:27.221454,2,2,82.8,0.4,82.6,50,82.5,250,,,,,,,,,,,,,,,,,83.0,193,83.4,4,,,,,,,,,,,,,,,,
2026-07-13T23:01:27.236013+00:00,2026-07-13T23:01:27.226841,2,3,82.8,0.4,82.6,50,82.5,250,,,,,,,,,,,,,,,,,83.0,193,83.2,50,83.4,4,,,,,,,,,,,,,,
2026-07-13T23:01:27.268195+00:00,2026-07-13T23:01:27.265608,2,3,82.8,0.4,82.6,7,82.5,250,,,,,,,,,,,,,,,,,83.0,193,83.2,50,83.4,4,,,,,,,,,,,,,,
2026-07-13T23:01:27.321632+00:00,2026-07-13T23:01:27.320890,2,3,82.8,0.4,82.6,7,82.5,250,,,,,,,,,,,,,,,,,83.0,192,83.2,50,83.4,4,,,,,,,,,,,,,,
2026-07-13T23:01:27.353754+00:00,2026-07-13T23:01:27.345208,2,3,82.8,0.4,82.6,7,82.5,250,,,,,,,,,,,,,,,,,83.0,191,83.2,50,83.4,4,,,,,,,,,,,,,,
2026-07-13T23:01:27.428691+00:00,2026-07-13T23:01:27.424637,2,3,82.8,0.4,82.6,7,82.5,250,,,,,,,,,,,,,,,,,83.0,190,83.2,50,83.4,4,,,,,,,,,,,,,,
2026-07-13T23:01:27.439473+00:00,2026-07-13T23:01:27.438364,2,2,82.8,0.4,82.6,7,82.5,250,,,,,,,,,,,,,,,,,83.0,190,83.4,4,,,,,,,,,,,,,,,,
2026-07-13T23:01:27.450270+00:00,2026-07-13T23:01:27.441381,2,3,82.8,0.4,82.6,7,82.5,250,,,,,,,,,,,,,,,,,83.0,190,83.1,50,83.4,4,,,,,,,,,,,,,,
2026-07-13T23:01:27.493386+00:00,2026-07-13T23:01:27.492763,1,3,82.75,0.5,82.5,207,,,,,,,,,,,,,,,,,,,83.0,190,83.1,50,83.4,4,,,,,,,,,,,,,,
2026-07-13T23:01:27.667145+00:00,2026-07-13T23:01:27.656881,2,3,82.8,0.4,82.6,10,82.5,207,,,,,,,,,,,,,,,,,83.0,190,83.1,50,83.4,4,,,,,,,,,,,,,,
2026-07-13T23:01:29.189862+00:00,2026-07-13T23:01:29.182342,2,3,82.8,0.4,82.6,10,82.5,150,,,,,,,,,,,,,,,,,83.0,150,83.1,50,83.4,4,,,,,,,,,,,,,,
2026-07-13T23:01:29.200769+00:00,2026-07-13T23:01:29.190210,2,2,82.8,0.4,82.6,10,82.5,150,,,,,,,,,,,,,,,,,83.0,150,83.1,50,,,,,,,,,,,,,,,,
2026-07-13T23:01:29.243989+00:00,2026-07-13T23:01:29.238933,2,2,82.8,0.4,82.6,10,82.5,250,,,,,,,,,,,,,,,,,83.0,150,83.1,50,,,,,,,,,,,,,,,,
2026-07-13T23:01:29.321255+00:00,2026-07-13T23:01:29.313016,2,2,82.8,0.4,82.6,10,82.5,250,,,,,,,,,,,,,,,,,83.0,250,83.1,50,,,,,,,,,,,,,,,,
2026-07-13T23:01:29.462753+00:00,2026-07-13T23:01:29.457842,2,2,82.8,0.4,82.6,10,82.5,100,,,,,,,,,,,,,,,,,83.0,100,83.1,50,,,,,,,,,,,,,,,,
2026-07-13T23:01:29.516709+00:00,2026-07-13T23:01:29.510446,3,2,82.8,0.4,82.6,10,82.5,100,82.4,150,,,,,,,,,,,,,,,83.0,100,83.1,50,,,,,,,,,,,,,,,,
2026-07-13T23:01:29.571831+00:00,2026-07-13T23:01:29.562662,3,3,82.75,0.3,82.6,10,82.5,100,82.4,150,,,,,,,,,,,,,,,82.9,150,83.0,100,83.1,50,,,,,,,,,,,,,,
2026-07-13T23:01:29.604421+00:00,2026-07-13T23:01:29.600854,2,3,82.7,0.4,82.5,60,82.4,150,,,,,,,,,,,,,,,,,82.9,150,83.0,100,83.1,50,,,,,,,,,,,,,,
2026-07-13T23:01:29.817763+00:00,2026-07-13T23:01:29.803890,2,3,82.7,0.4,82.5,60,82.4,150,,,,,,,,,,,,,,,,,82.9,147,83.0,100,83.1,50,,,,,,,,,,,,,,
2026-07-13T23:01:29.851115+00:00,2026-07-13T23:01:29.848771,3,3,82.75,0.3,82.6,50,82.5,60,82.4,150,,,,,,,,,,,,,,,82.9,147,83.0,100,83.1,50,,,,,,,,,,,,,,
2026-07-13T23:01:29.976852+00:00,2026-07-13T23:01:29.973959,3,2,82.75,0.3,82.6,50,82.5,60,82.4,150,,,,,,,,,,,,,,,82.9,142,83.0,100,,,,,,,,,,,,,,,,
2026-07-13T23:01:30.184033+00:00,2026-07-13T23:01:30.178118,3,3,82.75,0.3,82.6,50,82.5,60,82.4,150,,,,,,,,,,,,,,,82.9,142,83.0,100,83.3,50,,,,,,,,,,,,,,
2026-07-13T23:01:31.497901+00:00,2026-07-13T23:01:31.487231,3,4,82.75,0.3,82.6,50,82.5,60,82.4,150,,,,,,,,,,,,,,,82.9,142,83.0,100,83.2,8,83.3,50,,,,,,,,,,,,
2026-07-13T23:01:31.660958+00:00,2026-07-13T23:01:31.655466,3,4,82.75,0.3,82.6,50,82.5,60,82.4,150,,,,,,,,,,,,,,,82.9,92,83.0,100,83.2,8,83.3,50,,,,,,,,,,,,
2026-07-13T23:01:32.255434+00:00,2026-07-13T23:01:32.247462,3,4,82.75,0.3,82.6,50,82.5,60,82.4,150,,,,,,,,,,,,,,,82.9,52,83.0,100,83.2,8,83.3,50,,,,,,,,,,,,
2026-07-13T23:01:32.374007+00:00,2026-07-13T23:01:32.366279,2,3,82.75,0.3,82.6,50,82.4,150,,,,,,,,,,,,,,,,,82.9,52,83.2,8,83.3,50,,,,,,,,,,,,,,
2026-07-13T23:01:32.417835+00:00,2026-07-13T23:01:32.410145,2,3,82.75,0.3,82.6,50,82.4,150,,,,,,,,,,,,,,,,,82.9,52,83.1,50,83.2,8,,,,,,,,,,,,,,
2026-07-13T23:01:32.428726+00:00,2026-07-13T23:01:32.420859,3,3,82.75,0.3,82.6,50,82.5,100,82.4,150,,,,,,,,,,,,,,,82.9,52,83.1,50,83.2,8,,,,,,,,,,,,,,
2026-07-13T23:01:32.482796+00:00,2026-07-13T23:01:32.474034,3,4,82.75,0.3,82.6,50,82.5,100,82.4,150,,,,,,,,,,,,,,,82.9,52,83.0,100,83.1,50,83.2,8,,,,,,,,,,,,
2026-07-13T23:01:32.620545+00:00,2026-07-13T23:01:32.617965,2,3,82.8,0.4,82.6,50,82.5,100,,,,,,,,,,,,,,,,,83.0,100,83.1,50,83.2,8,,,,,,,,,,,,,,
2026-07-13T23:01:32.662826+00:00,2026-07-13T23:01:32.657136,1,3,82.75,0.5,82.5,100,,,,,,,,,,,,,,,,,,,83.0,100,83.1,50,83.2,8,,,,,,,,,,,,,,
2026-07-13T23:01:32.680484+00:00,2026-07-13T23:01:32.679099,2,3,82.95,0.1,82.9,147,82.5,100,,,,,,,,,,,,,,,,,83.0,100,83.1,50,83.2,8,,,,,,,,,,,,,,
2026-07-13T23:01:32.723515+00:00,2026-07-13T23:01:32.721765,2,4,82.95,0.1,82.9,147,82.5,100,,,,,,,,,,,,,,,,,83.0,100,83.1,50,83.2,8,83.4,150,,,,,,,,,,,,
2026-07-13T23:01:32.819960+00:00,2026-07-13T23:01:32.818203,2,4,82.95,0.1,82.9,105,82.5,100,,,,,,,,,,,,,,,,,83.0,100,83.1,50,83.2,8,83.4,150,,,,,,,,,,,,
2026-07-13T23:01:32.873432+00:00,2026-07-13T23:01:32.871539,3,4,82.95,0.1,82.9,105,82.8,1,82.5,100,,,,,,,,,,,,,,,83.0,100,83.1,50,83.2,8,83.4,150,,,,,,,,,,,,
2026-07-13T23:01:33.078299+00:00,2026-07-13T23:01:33.072120,3,4,82.95,0.1,82.9,105,82.8,1,82.5,100,,,,,,,,,,,,,,,83.0,100,83.1,50,83.2,6,83.4,150,,,,,,,,,,,,
2026-07-13T23:01:33.639668+00:00,2026-07-13T23:01:33.635724,3,3,82.95,0.1,82.9,105,82.8,1,82.5,100,,,,,,,,,,,,,,,83.0,100,83.2,56,83.4,150,,,,,,,,,,,,,,
2026-07-13T23:01:33.770798+00:00,2026-07-13T23:01:33.762719,3,3,82.95,0.1,82.9,105,82.8,1,82.5,100,,,,,,,,,,,,,,,83.0,50,83.2,56,83.4,150,,,,,,,,,,,,,,
2026-07-13T23:01:33.781847+00:00,2026-07-13T23:01:33.780805,3,3,82.95,0.1,82.9,105,82.8,1,82.5,100,,,,,,,,,,,,,,,83.0,50,83.2,54,83.4,150,,,,,,,,,,,,,,
2026-07-13T23:01:33.847462+00:00,2026-07-13T23:01:33.842682,3,3,82.95,0.1,82.9,105,82.8,1,82.5,100,,,,,,,,,,,,,,,83.0,100,83.2,4,83.4,150,,,,,,,,,,,,,,
2026-07-13T23:01:35.072940+00:00,2026-07-13T23:01:35.069513,4,3,82.95,0.1,82.9,31,82.8,1,82.6,45,82.5,100,,,,,,,,,,,,,83.0,100,83.2,4,83.4,150,,,,,,,,,,,,,,
2026-07-13T23:01:35.536305+00:00,2026-07-13T23:01:35.529183,3,3,82.95,0.1,82.9,31,82.8,1,82.6,45,,,,,,,,,,,,,,,83.0,50,83.2,4,83.4,150,,,,,,,,,,,,,,
2026-07-13T23:01:35.590035+00:00,2026-07-13T23:01:35.581637,4,3,82.95,0.1,82.9,31,82.8,1,82.6,45,82.4,100,,,,,,,,,,,,,83.0,50,83.2,4,83.4,150,,,,,,,,,,,,,,
2026-07-13T23:01:35.643380+00:00,2026-07-13T23:01:35.635542,3,4,82.85,0.1,82.8,1,82.6,45,82.4,100,,,,,,,,,,,,,,,82.9,69,83.0,50,83.2,4,83.4,150,,,,,,,,,,,,
2026-07-13T23:01:35.783136+00:00,2026-07-13T23:01:35.774751,3,3,82.85,0.1,82.8,1,82.6,45,82.4,100,,,,,,,,,,,,,,,82.9,69,83.0,50,83.2,4,,,,,,,,,,,,,,
2026-07-13T23:01:35.836676+00:00,2026-07-13T23:01:35.827124,4,3,82.85,0.1,82.8,1,82.6,45,82.4,100,82.1,150,,,,,,,,,,,,,82.9,69,83.0,50,83.2,4,,,,,,,,,,,,,,
2026-07-13T23:01:35.868676+00:00,2026-07-13T23:01:35.868074,4,3,82.85,0.1,82.8,1,82.6,45,82.4,100,82.1,150,,,,,,,,,,,,,82.9,19,83.0,50,83.2,4,,,,,,,,,,,,,,
2026-07-13T23:01:35.890060+00:00,2026-07-13T23:01:35.882351,2,4,82.5,0.2,82.4,100,82.1,150,,,,,,,,,,,,,,,,,82.6,104,82.9,19,83.0,50,83.2,4,,,,,,,,,,,,
2026-07-13T23:01:35.900839+00:00,2026-07-13T23:01:35.899789,3,4,82.55,0.1,82.5,61,82.4,100,82.1,150,,,,,,,,,,,,,,,82.6,104,82.9,19,83.0,50,83.2,4,,,,,,,,,,,,
2026-07-13T23:01:35.922292+00:00,2026-07-13T23:01:35.916980,3,3,82.55,0.1,82.5,61,82.4,100,82.1,150,,,,,,,,,,,,,,,82.6,104,82.9,69,83.2,4,,,,,,,,,,,,,,
2026-07-13T23:01:36.517738+00:00,2026-07-13T23:01:36.512366,3,3,82.55,0.1,82.5,17,82.4,100,82.1,150,,,,,,,,,,,,,,,82.6,104,82.9,69,83.2,4,,,,,,,,,,,,,,
2026-07-13T23:01:37.319079+00:00,2026-07-13T23:01:37.315316,2,3,82.5,0.2,82.4,100,82.1,150,,,,,,,,,,,,,,,,,82.6,104,82.9,69,83.2,4,,,,,,,,,,,,,,
2026-07-13T23:01:37.351807+00:00,2026-07-13T23:01:37.350486,2,3,82.5,0.2,82.4,100,82.1,150,,,,,,,,,,,,,,,,,82.6,104,82.9,19,83.2,4,,,,,,,,,,,,,,
2026-07-13T23:01:37.362849+00:00,2026-07-13T23:01:37.354233,2,4,82.5,0.2,82.4,100,82.1,150,,,,,,,,,,,,,,,,,82.6,104,82.8,50,82.9,19,83.2,4,,,,,,,,,,,,
2026-07-13T23:01:37.502824+00:00,2026-07-13T23:01:37.498825,2,4,82.5,0.2,82.4,54,82.1,150,,,,,,,,,,,,,,,,,82.6,104,82.8,50,82.9,19,83.2,4,,,,,,,,,,,,
2026-07-13T23:01:37.981666+00:00,2026-07-13T23:01:37.975819,2,4,82.5,0.2,82.4,54,82.1,150,,,,,,,,,,,,,,,,,82.6,54,82.8,50,82.9,19,83.2,4,,,,,,,,,,,,
2026-07-13T23:01:38.696965+00:00,2026-07-13T23:01:38.694594,1,2,82.35,0.5,82.1,150,,,,,,,,,,,,,,,,,,,82.6,54,82.8,50,,,,,,,,,,,,,,,,
2026-07-13T23:01:38.750570+00:00,2026-07-13T23:01:38.745153,2,2,82.5,0.2,82.4,100,82.1,150,,,,,,,,,,,,,,,,,82.6,54,82.8,50,,,,,,,,,,,,,,,,
2026-07-13T23:01:38.804571+00:00,2026-07-13T23:01:38.799740,2,3,82.5,0.2,82.4,100,82.1,150,,,,,,,,,,,,,,,,,82.6,54,82.8,50,82.9,100,,,,,,,,,,,,,,
2026-07-13T23:01:38.947562+00:00,2026-07-13T23:01:38.940041,1,2,82.6,0.4,82.4,100,,,,,,,,,,,,,,,,,,,82.8,50,82.9,100,,,,,,,,,,,,,,,,
2026-07-13T23:01:39.012000+00:00,2026-07-13T23:01:39.006479,2,2,82.6,0.4,82.4,100,82.3,150,,,,,,,,,,,,,,,,,82.8,50,82.9,100,,,,,,,,,,,,,,,,
2026-07-13T23:01:39.022815+00:00,2026-07-13T23:01:39.019673,2,1,82.65,0.5,82.4,100,82.3,150,,,,,,,,,,,,,,,,,82.9,100,,,,,,,,,,,,,,,,,,
2026-07-13T23:01:39.033638+00:00,2026-07-13T23:01:39.023087,2,1,82.65,0.5,82.4,100,82.3,150,,,,,,,,,,,,,,,,,82.9,150,,,,,,,,,,,,,,,,,,
2026-07-13T23:01:39.065696+00:00,2026-07-13T23:01:39.059526,2,2,82.6,0.4,82.4,100,82.3,150,,,,,,,,,,,,,,,,,82.8,150,82.9,150,,,,,,,,,,,,,,,,
2026-07-13T23:01:39.267625+00:00,2026-07-13T23:01:39.265414,2,3,82.6,0.4,82.4,100,82.3,150,,,,,,,,,,,,,,,,,82.8,150,82.9,150,83.0,7,,,,,,,,,,,,,,
2026-07-13T23:01:39.838898+00:00,2026-07-13T23:01:39.831027,2,3,82.6,0.4,82.4,100,82.3,150,,,,,,,,,,,,,,,,,82.8,200,82.9,100,83.0,7,,,,,,,,,,,,,,
2026-07-13T23:01:40.090927+00:00,2026-07-13T23:01:40.081305,2,3,82.6,0.4,82.4,100,82.3,150,,,,,,,,,,,,,,,,,82.8,150,82.9,100,83.0,7,,,,,,,,,,,,,,
2026-07-13T23:01:40.324799+00:00,2026-07-13T23:01:40.322391,2,3,82.6,0.4,82.4,100,82.3,150,,,,,,,,,,,,,,,,,82.8,150,82.9,100,83.0,4,,,,,,,,,,,,,,
2026-07-13T23:01:40.870456+00:00,2026-07-13T23:01:40.863255,2,3,82.6,0.4,82.4,100,82.3,150,,,,,,,,,,,,,,,,,82.8,150,82.9,100,83.0,3,,,,,,,,,,,,,,
2026-07-13T23:01:41.313232+00:00,2026-07-13T23:01:41.304770,3,3,82.75,0.1,82.7,3,82.4,100,82.3,150,,,,,,,,,,,,,,,82.8,150,82.9,100,83.0,3,,,,,,,,,,,,,,
2026-07-13T23:01:41.862950+00:00,2026-07-13T23:01:41.854392,2,2,82.75,0.1,82.7,3,82.3,150,,,,,,,,,,,,,,,,,82.8,150,83.0,3,,,,,,,,,,,,,,,,
2026-07-13T23:01:41.916436+00:00,2026-07-13T23:01:41.909231,3,2,82.75,0.1,82.7,3,82.4,100,82.3,150,,,,,,,,,,,,,,,82.8,150,83.0,3,,,,,,,,,,,,,,,,
2026-07-13T23:01:41.970968+00:00,2026-07-13T23:01:41.961828,3,3,82.75,0.1,82.7,3,82.4,100,82.3,150,,,,,,,,,,,,,,,82.8,150,82.9,100,83.0,3,,,,,,,,,,,,,,
2026-07-13T23:01:42.123672+00:00,2026-07-13T23:01:42.114862,2,3,82.75,0.1,82.7,3,82.4,100,,,,,,,,,,,,,,,,,82.8,50,82.9,100,83.0,3,,,,,,,,,,,,,,
2026-07-13T23:01:42.177315+00:00,2026-07-13T23:01:42.166761,3,3,82.75,0.1,82.7,3,82.5,150,82.4,100,,,,,,,,,,,,,,,82.8,50,82.9,100,83.0,3,,,,,,,,,,,,,,
2026-07-13T23:01:42.188205+00:00,2026-07-13T23:01:42.187370,3,2,82.8,0.2,82.7,3,82.5,150,82.4,100,,,,,,,,,,,,,,,82.9,100,83.0,3,,,,,,,,,,,,,,,,
2026-07-13T23:01:42.220240+00:00,2026-07-13T23:01:42.219706,3,2,82.8,0.2,82.7,3,82.5,150,82.4,100,,,,,,,,,,,,,,,82.9,100,83.0,153,,,,,,,,,,,,,,,,
2026-07-13T23:01:42.264049+00:00,2026-07-13T23:01:42.263325,3,2,82.8,0.2,82.7,3,82.5,200,82.4,100,,,,,,,,,,,,,,,82.9,100,83.0,153,,,,,,,,,,,,,,,,
2026-07-13T23:01:42.275085+00:00,2026-07-13T23:01:42.266175,3,2,82.8,0.2,82.7,3,82.5,200,82.4,100,,,,,,,,,,,,,,,82.9,150,83.0,153,,,,,,,,,,,,,,,,
2026-07-13T23:01:42.339802+00:00,2026-07-13T23:01:42.330689,3,2,82.8,0.2,82.7,2,82.5,200,82.4,100,,,,,,,,,,,,,,,82.9,150,83.0,153,,,,,,,,,,,,,,,,
2026-07-13T23:01:44.049291+00:00,2026-07-13T23:01:44.044381,3,2,82.8,0.2,82.7,1,82.5,200,82.4,100,,,,,,,,,,,,,,,82.9,150,83.0,153,,,,,,,,,,,,,,,,
2026-07-13T23:01:44.306132+00:00,2026-07-13T23:01:44.296300,3,2,82.8,0.2,82.7,1,82.5,200,82.4,100,,,,,,,,,,,,,,,82.9,100,83.0,153,,,,,,,,,,,,,,,,
2026-07-13T23:01:45.020516+00:00,2026-07-13T23:01:45.016766,2,2,82.8,0.2,82.7,1,82.5,200,,,,,,,,,,,,,,,,,82.9,50,83.0,153,,,,,,,,,,,,,,,,
2026-07-13T23:01:45.074489+00:00,2026-07-13T23:01:45.069269,2,2,82.8,0.2,82.7,1,82.5,300,,,,,,,,,,,,,,,,,82.9,50,83.0,153,,,,,,,,,,,,,,,,
2026-07-13T23:01:45.127515+00:00,2026-07-13T23:01:45.121529,2,2,82.8,0.2,82.7,1,82.5,300,,,,,,,,,,,,,,,,,82.9,50,83.0,253,,,,,,,,,,,,,,,,
2026-07-13T23:01:45.276009+00:00,2026-07-13T23:01:45.274491,2,2,82.8,0.2,82.7,1,82.5,150,,,,,,,,,,,,,,,,,82.9,50,83.0,103,,,,,,,,,,,,,,,,
2026-07-13T23:01:45.329127+00:00,2026-07-13T23:01:45.327512,2,2,82.8,0.2,82.7,1,82.5,300,,,,,,,,,,,,,,,,,82.9,50,83.0,103,,,,,,,,,,,,,,,,
2026-07-13T23:01:45.392673+00:00,2026-07-13T23:01:45.382415,2,2,82.8,0.2,82.7,1,82.5,300,,,,,,,,,,,,,,,,,82.9,50,83.0,253,,,,,,,,,,,,,,,,
2026-07-13T23:01:45.890953+00:00,2026-07-13T23:01:45.889918,2,1,82.85,0.3,82.7,1,82.5,300,,,,,,,,,,,,,,,,,83.0,253,,,,,,,,,,,,,,,,,,
2026-07-13T23:01:45.901521+00:00,2026-07-13T23:01:45.893404,2,1,82.85,0.3,82.7,1,82.5,300,,,,,,,,,,,,,,,,,83.0,303,,,,,,,,,,,,,,,,,,
2026-07-13T23:01:46.123266+00:00,2026-07-13T23:01:46.119941,2,1,82.85,0.3,82.7,1,82.5,300,,,,,,,,,,,,,,,,,83.0,259,,,,,,,,,,,,,,,,,,
2026-07-13T23:01:46.408258+00:00,2026-07-13T23:01:46.403869,2,1,82.85,0.3,82.7,1,82.5,300,,,,,,,,,,,,,,,,,83.0,209,,,,,,,,,,,,,,,,,,
2026-07-13T23:01:46.661185+00:00,2026-07-13T23:01:46.660155,1,1,82.75,0.5,82.5,300,,,,,,,,,,,,,,,,,,,83.0,209,,,,,,,,,,,,,,,,,,
2026-07-13T23:01:46.714180+00:00,2026-07-13T23:01:46.708148,2,1,82.8,0.4,82.6,50,82.5,250,,,,,,,,,,,,,,,,,83.0,209,,,,,,,,,,,,,,,,,,
2026-07-13T23:01:46.927267+00:00,2026-07-13T23:01:46.924028,2,1,82.8,0.4,82.6,50,82.5,250,,,,,,,,,,,,,,,,,83.0,159,,,,,,,,,,,,,,,,,,
2026-07-13T23:01:46.937915+00:00,2026-07-13T23:01:46.927537,2,2,82.8,0.4,82.6,50,82.5,250,,,,,,,,,,,,,,,,,83.0,159,83.1,50,,,,,,,,,,,,,,,,
2026-07-13T23:01:47.539576+00:00,2026-07-13T23:01:47.529136,3,2,82.85,0.3,82.7,5,82.6,50,82.5,250,,,,,,,,,,,,,,,83.0,159,83.1,50,,,,,,,,,,,,,,,,
2026-07-13T23:01:48.153025+00:00,2026-07-13T23:01:48.150464,3,1,82.85,0.3,82.7,5,82.6,50,82.5,250,,,,,,,,,,,,,,,83.0,159,,,,,,,,,,,,,,,,,,
2026-07-13T23:01:48.163575+00:00,2026-07-13T23:01:48.157529,3,1,82.85,0.3,82.7,5,82.6,50,82.5,250,,,,,,,,,,,,,,,83.0,209,,,,,,,,,,,,,,,,,,
2026-07-13T23:01:48.195418+00:00,2026-07-13T23:01:48.194262,3,1,82.85,0.3,82.7,5,82.6,50,82.5,150,,,,,,,,,,,,,,,83.0,200,,,,,,,,,,,,,,,,,,
2026-07-13T23:01:48.248443+00:00,2026-07-13T23:01:48.240685,4,1,82.95,0.1,82.9,100,82.7,5,82.6,50,82.5,150,,,,,,,,,,,,,83.0,200,,,,,,,,,,,,,,,,,,
2026-07-13T23:01:48.301150+00:00,2026-07-13T23:01:48.294958,4,2,82.95,0.1,82.9,100,82.7,5,82.6,50,82.5,150,,,,,,,,,,,,,83.0,200,83.4,100,,,,,,,,,,,,,,,,
2026-07-13T23:01:48.374866+00:00,2026-07-13T23:01:48.373285,3,2,82.95,0.1,82.9,100,82.7,55,82.5,150,,,,,,,,,,,,,,,83.0,150,83.4,100,,,,,,,,,,,,,,,,
2026-07-13T23:01:48.385384+00:00,2026-07-13T23:01:48.376304,3,3,82.95,0.1,82.9,100,82.7,55,82.5,150,,,,,,,,,,,,,,,83.0,150,83.2,50,83.4,100,,,,,,,,,,,,,,
2026-07-13T23:01:48.438030+00:00,2026-07-13T23:01:48.437691,2,2,83.05,0.3,82.9,100,82.7,55,,,,,,,,,,,,,,,,,83.2,50,83.4,100,,,,,,,,,,,,,,,,
2026-07-13T23:01:48.490583+00:00,2026-07-13T23:01:48.490225,3,2,83.05,0.3,82.9,100,82.8,150,82.7,55,,,,,,,,,,,,,,,83.2,50,83.4,100,,,,,,,,,,,,,,,,
2026-07-13T23:01:48.511579+00:00,2026-07-13T23:01:48.509604,3,1,83.15,0.5,82.9,100,82.8,150,82.7,55,,,,,,,,,,,,,,,83.4,100,,,,,,,,,,,,,,,,,,
2026-07-13T23:01:48.553626+00:00,2026-07-13T23:01:48.544563,3,2,83.1,0.4,82.9,100,82.8,150,82.7,55,,,,,,,,,,,,,,,83.3,150,83.4,100,,,,,,,,,,,,,,,,
2026-07-13T23:01:48.606435+00:00,2026-07-13T23:01:48.604394,3,2,83.1,0.4,82.9,100,82.8,200,82.7,5,,,,,,,,,,,,,,,83.3,200,83.4,100,,,,,,,,,,,,,,,,
2026-07-13T23:01:49.826375+00:00,2026-07-13T23:01:49.824153,3,2,83.1,0.4,82.9,60,82.8,200,82.7,5,,,,,,,,,,,,,,,83.3,200,83.4,100,,,,,,,,,,,,,,,,
2026-07-13T23:01:50.625356+00:00,2026-07-13T23:01:50.624938,3,3,83.05,0.3,82.9,60,82.8,200,82.7,5,,,,,,,,,,,,,,,83.2,50,83.3,100,83.4,100,,,,,,,,,,,,,,
2026-07-13T23:01:50.836998+00:00,2026-07-13T23:01:50.835456,3,3,83.05,0.3,82.9,60,82.8,150,82.7,5,,,,,,,,,,,,,,,83.2,50,83.3,100,83.4,100,,,,,,,,,,,,,,
2026-07-13T23:01:50.847747+00:00,2026-07-13T23:01:50.845014,3,2,83.1,0.4,82.9,110,82.8,150,82.7,5,,,,,,,,,,,,,,,83.3,150,83.4,100,,,,,,,,,,,,,,,,
2026-07-13T23:01:51.266408+00:00,2026-07-13T23:01:51.264455,3,2,83.1,0.4,82.9,110,82.8,150,82.7,5,,,,,,,,,,,,,,,83.3,100,83.4,100,,,,,,,,,,,,,,,,
2026-07-13T23:01:51.277057+00:00,2026-07-13T23:01:51.268269,3,2,83.1,0.4,82.9,110,82.8,150,82.7,5,,,,,,,,,,,,,,,83.3,100,83.4,150,,,,,,,,,,,,,,,,
2026-07-13T23:01:51.351259+00:00,2026-07-13T23:01:51.349719,3,2,83.1,0.4,82.9,110,82.8,150,82.7,5,,,,,,,,,,,,,,,83.3,100,83.4,50,,,,,,,,,,,,,,,,
2026-07-13T23:01:51.361940+00:00,2026-07-13T23:01:51.351504,3,2,83.1,0.4,82.9,50,82.8,150,82.7,5,,,,,,,,,,,,,,,83.3,100,83.4,50,,,,,,,,,,,,,,,,
2026-07-13T23:01:51.414921+00:00,2026-07-13T23:01:51.405102,4,2,83.15,0.3,83.0,100,82.9,50,82.8,150,82.7,5,,,,,,,,,,,,,83.3,100,83.4,50,,,,,,,,,,,,,,,,
2026-07-13T23:01:51.446612+00:00,2026-07-13T23:01:51.436272,4,2,83.15,0.3,83.0,100,82.9,50,82.8,150,82.7,5,,,,,,,,,,,,,83.3,57,83.4,50,,,,,,,,,,,,,,,,
2026-07-13T23:01:51.467742+00:00,2026-07-13T23:01:51.458913,4,3,83.15,0.3,83.0,100,82.9,50,82.8,150,82.7,5,,,,,,,,,,,,,83.3,57,83.4,50,83.5,100,,,,,,,,,,,,,,
2026-07-13T23:01:51.606425+00:00,2026-07-13T23:01:51.599657,3,2,83.2,0.4,83.0,100,82.9,50,82.7,5,,,,,,,,,,,,,,,83.4,50,83.5,100,,,,,,,,,,,,,,,,
2026-07-13T23:01:51.664840+00:00,2026-07-13T23:01:51.663484,4,2,83.35,0.1,83.3,147,83.0,100,82.9,50,82.7,5,,,,,,,,,,,,,83.4,50,83.5,100,,,,,,,,,,,,,,,,
2026-07-13T23:01:51.686802+00:00,2026-07-13T23:01:51.676106,4,2,83.35,0.1,83.3,64,83.0,100,82.9,50,82.7,5,,,,,,,,,,,,,83.4,50,83.5,100,,,,,,,,,,,,,,,,
2026-07-13T23:01:51.708905+00:00,2026-07-13T23:01:51.707511,4,3,83.35,0.1,83.3,64,83.0,100,82.9,50,82.7,5,,,,,,,,,,,,,83.4,50,83.5,100,83.8,150,,,,,,,,,,,,,,
2026-07-13T23:01:51.775927+00:00,2026-07-13T23:01:51.770053,4,3,83.35,0.1,83.3,53,83.0,100,82.9,50,82.7,5,,,,,,,,,,,,,83.4,50,83.5,100,83.8,150,,,,,,,,,,,,,,
2026-07-13T23:01:51.830606+00:00,2026-07-13T23:01:51.820022,4,3,83.35,0.1,83.3,31,83.0,100,82.9,50,82.7,5,,,,,,,,,,,,,83.4,50,83.5,100,83.8,150,,,,,,,,,,,,,,
2026-07-13T23:01:51.928001+00:00,2026-07-13T23:01:51.923800,3,3,83.35,0.1,83.3,31,83.0,100,82.7,5,,,,,,,,,,,,,,,83.4,50,83.5,100,83.8,150,,,,,,,,,,,,,,
2026-07-13T23:01:51.938974+00:00,2026-07-13T23:01:51.931704,3,3,83.2,0.4,83.0,100,82.9,50,82.7,5,,,,,,,,,,,,,,,83.4,50,83.5,100,83.8,150,,,,,,,,,,,,,,
2026-07-13T23:01:52.158834+00:00,2026-07-13T23:01:52.152781,2,3,83.2,0.4,83.0,86,82.7,5,,,,,,,,,,,,,,,,,83.4,50,83.5,100,83.8,150,,,,,,,,,,,,,,
2026-07-13T23:01:52.364529+00:00,2026-07-13T23:01:52.362124,2,3,83.2,0.4,83.0,136,82.7,5,,,,,,,,,,,,,,,,,83.4,45,83.5,100,83.8,150,,,,,,,,,,,,,,
2026-07-13T23:01:52.731212+00:00,2026-07-13T23:01:52.721272,2,2,83.25,0.5,83.0,136,82.7,5,,,,,,,,,,,,,,,,,83.5,95,83.8,150,,,,,,,,,,,,,,,,
2026-07-13T23:01:53.034302+00:00,2026-07-13T23:01:53.025042,2,2,83.25,0.5,83.0,89,82.7,5,,,,,,,,,,,,,,,,,83.5,95,83.8,150,,,,,,,,,,,,,,,,
2026-07-13T23:01:53.795333+00:00,2026-07-13T23:01:53.794917,3,2,83.3,0.4,83.1,50,83.0,39,82.7,5,,,,,,,,,,,,,,,83.5,95,83.8,150,,,,,,,,,,,,,,,,
2026-07-13T23:01:54.521354+00:00,2026-07-13T23:01:54.518218,1,1,83.45,0.7,83.1,50,,,,,,,,,,,,,,,,,,,83.8,150,,,,,,,,,,,,,,,,,,
2026-07-13T23:01:54.543053+00:00,2026-07-13T23:01:54.532975,2,1,83.45,0.7,83.1,50,82.9,6,,,,,,,,,,,,,,,,,83.8,150,,,,,,,,,,,,,,,,,,
2026-07-13T23:01:54.575099+00:00,2026-07-13T23:01:54.567884,3,1,83.45,0.7,83.1,50,83.0,100,82.9,6,,,,,,,,,,,,,,,83.8,150,,,,,,,,,,,,,,,,,,
2026-07-13T23:01:54.628282+00:00,2026-07-13T23:01:54.623979,3,2,83.3,0.4,83.1,50,83.0,100,82.9,6,,,,,,,,,,,,,,,83.5,100,83.8,150,,,,,,,,,,,,,,,,
2026-07-13T23:01:54.767953+00:00,2026-07-13T23:01:54.760841,3,1,83.3,0.4,83.1,50,83.0,100,82.9,6,,,,,,,,,,,,,,,83.5,100,,,,,,,,,,,,,,,,,,
2026-07-13T23:01:54.821150+00:00,2026-07-13T23:01:54.813484,4,1,83.3,0.4,83.1,50,83.0,100,82.9,6,82.8,150,,,,,,,,,,,,,83.5,100,,,,,,,,,,,,,,,,,,
2026-07-13T23:01:54.879143+00:00,2026-07-13T23:01:54.878030,4,2,83.2,0.2,83.1,50,83.0,100,82.9,6,82.8,150,,,,,,,,,,,,,83.3,139,83.5,100,,,,,,,,,,,,,,,,
2026-07-13T23:01:55.471319+00:00,2026-07-13T23:01:55.460985,4,2,83.2,0.2,83.1,50,83.0,100,82.9,4,82.8,150,,,,,,,,,,,,,83.3,139,83.5,100,,,,,,,,,,,,,,,,
2026-07-13T23:01:56.931759+00:00,2026-07-13T23:01:56.930249,4,2,83.2,0.2,83.1,50,83.0,100,82.9,4,82.8,150,,,,,,,,,,,,,83.3,89,83.5,100,,,,,,,,,,,,,,,,
2026-07-13T23:01:57.588306+00:00,2026-07-13T23:01:57.587477,4,3,83.15,0.1,83.1,50,83.0,100,82.9,4,82.8,150,,,,,,,,,,,,,83.2,2,83.3,89,83.5,100,,,,,,,,,,,,,,
2026-07-13T23:01:57.685554+00:00,2026-07-13T23:01:57.683158,3,2,83.15,0.1,83.1,50,82.9,4,82.8,150,,,,,,,,,,,,,,,83.2,2,83.3,89,,,,,,,,,,,,,,,,
2026-07-13T23:01:57.762391+00:00,2026-07-13T23:01:57.760264,3,2,83.15,0.1,83.1,50,82.9,104,82.8,150,,,,,,,,,,,,,,,83.2,2,83.3,89,,,,,,,,,,,,,,,,
2026-07-13T23:01:57.828717+00:00,2026-07-13T23:01:57.818011,3,3,83.15,0.1,83.1,50,82.9,104,82.8,150,,,,,,,,,,,,,,,83.2,2,83.3,89,83.4,100,,,,,,,,,,,,,,
2026-07-13T23:01:57.893312+00:00,2026-07-13T23:01:57.892494,3,3,83.1,0.2,83.0,50,82.9,104,82.8,150,,,,,,,,,,,,,,,83.2,2,83.3,89,83.4,100,,,,,,,,,,,,,,
2026-07-13T23:01:57.926299+00:00,2026-07-13T23:01:57.920709,2,2,83.1,0.2,83.0,50,82.9,104,,,,,,,,,,,,,,,,,83.2,2,83.4,100,,,,,,,,,,,,,,,,
2026-07-13T23:01:57.980767+00:00,2026-07-13T23:01:57.973512,2,2,83.1,0.2,83.0,200,82.9,104,,,,,,,,,,,,,,,,,83.2,2,83.4,100,,,,,,,,,,,,,,,,
2026-07-13T23:01:58.035166+00:00,2026-07-13T23:01:58.025869,2,3,83.1,0.2,83.0,200,82.9,104,,,,,,,,,,,,,,,,,83.2,2,83.4,100,83.5,150,,,,,,,,,,,,,,
2026-07-13T23:01:58.099935+00:00,2026-07-13T23:01:58.096432,2,3,83.1,0.2,83.0,150,82.9,104,,,,,,,,,,,,,,,,,83.2,2,83.4,100,83.5,150,,,,,,,,,,,,,,
2026-07-13T23:01:58.110966+00:00,2026-07-13T23:01:58.100297,3,3,83.15,0.1,83.1,50,83.0,150,82.9,104,,,,,,,,,,,,,,,83.2,2,83.4,100,83.5,150,,,,,,,,,,,,,,
2026-07-13T23:01:58.594927+00:00,2026-07-13T23:01:58.588834,3,3,83.15,0.1,83.1,50,83.0,150,82.9,103,,,,,,,,,,,,,,,83.2,2,83.4,100,83.5,150,,,,,,,,,,,,,,
2026-07-13T23:01:58.689760+00:00,2026-07-13T23:01:58.688347,3,2,83.25,0.3,83.1,50,83.0,150,82.9,103,,,,,,,,,,,,,,,83.4,100,83.5,150,,,,,,,,,,,,,,,,
2026-07-13T23:01:58.700849+00:00,2026-07-13T23:01:58.690282,4,2,83.3,0.2,83.2,61,83.1,50,83.0,150,82.9,103,,,,,,,,,,,,,83.4,100,83.5,150,,,,,,,,,,,,,,,,
2026-07-13T23:01:58.712005+00:00,2026-07-13T23:01:58.710116,4,2,83.3,0.2,83.2,61,83.1,50,83.0,150,82.9,103,,,,,,,,,,,,,83.4,50,83.5,200,,,,,,,,,,,,,,,,
2026-07-13T23:01:58.799440+00:00,2026-07-13T23:01:58.797440,3,2,83.25,0.3,83.1,50,83.0,150,82.9,103,,,,,,,,,,,,,,,83.4,50,83.5,200,,,,,,,,,,,,,,,,
2026-07-13T23:01:59.091867+00:00,2026-07-13T23:01:59.085288,2,2,83.2,0.4,83.0,150,82.9,103,,,,,,,,,,,,,,,,,83.4,50,83.5,200,,,,,,,,,,,,,,,,
2026-07-13T23:01:59.155632+00:00,2026-07-13T23:01:59.154402,2,2,83.2,0.4,83.0,200,82.9,103,,,,,,,,,,,,,,,,,83.4,50,83.5,150,,,,,,,,,,,,,,,,
2026-07-13T23:01:59.166381+00:00,2026-07-13T23:01:59.157193,2,2,83.2,0.4,83.0,200,82.9,103,,,,,,,,,,,,,,,,,83.4,100,83.5,150,,,,,,,,,,,,,,,,
2026-07-13T23:02:00.196775+00:00,2026-07-13T23:02:00.193551,2,2,83.2,0.4,83.0,150,82.9,153,,,,,,,,,,,,,,,,,83.4,50,83.5,150,,,,,,,,,,,,,,,,
2026-07-13T23:02:00.207636+00:00,2026-07-13T23:02:00.203608,2,3,83.15,0.3,83.0,150,82.9,153,,,,,,,,,,,,,,,,,83.3,50,83.4,50,83.5,150,,,,,,,,,,,,,,
2026-07-13T23:02:00.411759+00:00,2026-07-13T23:02:00.410083,3,3,83.15,0.3,83.0,150,82.9,103,82.8,50,,,,,,,,,,,,,,,83.3,50,83.4,50,83.5,150,,,,,,,,,,,,,,
2026-07-13T23:02:00.880109+00:00,2026-07-13T23:02:00.874174,3,2,83.15,0.3,83.0,150,82.9,3,82.8,50,,,,,,,,,,,,,,,83.3,50,83.5,150,,,,,,,,,,,,,,,,
2026-07-13T23:02:00.932870+00:00,2026-07-13T23:02:00.925322,3,2,83.15,0.3,83.0,250,82.9,3,82.8,50,,,,,,,,,,,,,,,83.3,50,83.5,150,,,,,,,,,,,,,,,,
2026-07-13T23:02:00.985934+00:00,2026-07-13T23:02:00.978254,3,2,83.15,0.3,83.0,250,82.9,3,82.8,50,,,,,,,,,,,,,,,83.3,50,83.5,250,,,,,,,,,,,,,,,,
2026-07-13T23:02:01.029830+00:00,2026-07-13T23:02:01.023530,3,2,83.2,0.4,83.0,250,82.9,3,82.8,50,,,,,,,,,,,,,,,83.4,50,83.5,250,,,,,,,,,,,,,,,,
2026-07-13T23:02:01.083459+00:00,2026-07-13T23:02:01.080967,3,2,83.2,0.4,83.0,100,82.9,3,82.8,50,,,,,,,,,,,,,,,83.4,50,83.5,100,,,,,,,,,,,,,,,,
2026-07-13T23:02:01.137268+00:00,2026-07-13T23:02:01.133637,3,2,83.2,0.4,83.0,100,82.9,153,82.8,50,,,,,,,,,,,,,,,83.4,50,83.5,100,,,,,,,,,,,,,,,,
2026-07-13T23:02:01.190752+00:00,2026-07-13T23:02:01.186715,3,2,83.2,0.4,83.0,100,82.9,153,82.8,50,,,,,,,,,,,,,,,83.4,200,83.5,100,,,,,,,,,,,,,,,,
2026-07-13T23:02:01.201538+00:00,2026-07-13T23:02:01.191382,3,2,83.2,0.4,83.0,50,82.9,153,82.8,50,,,,,,,,,,,,,,,83.4,200,83.5,100,,,,,,,,,,,,,,,,
2026-07-13T23:02:01.233365+00:00,2026-07-13T23:02:01.230660,3,3,83.15,0.3,83.0,50,82.9,153,82.8,50,,,,,,,,,,,,,,,83.3,50,83.4,150,83.5,100,,,,,,,,,,,,,,
2026-07-13T23:02:01.451855+00:00,2026-07-13T23:02:01.450423,2,3,83.15,0.3,83.0,50,82.9,153,,,,,,,,,,,,,,,,,83.3,50,83.4,150,83.5,100,,,,,,,,,,,,,,
2026-07-13T23:02:01.462600+00:00,2026-07-13T23:02:01.459047,2,2,83.2,0.4,83.0,50,82.9,203,,,,,,,,,,,,,,,,,83.4,200,83.5,100,,,,,,,,,,,,,,,,
2026-07-13T23:02:01.664106+00:00,2026-07-13T23:02:01.660961,2,2,83.2,0.4,83.0,50,82.9,203,,,,,,,,,,,,,,,,,83.4,155,83.5,100,,,,,,,,,,,,,,,,
2026-07-13T23:02:02.692958+00:00,2026-07-13T23:02:02.692303,3,2,83.25,0.3,83.1,50,83.0,50,82.9,153,,,,,,,,,,,,,,,83.4,105,83.5,150,,,,,,,,,,,,,,,,
2026-07-13T23:02:03.258020+00:00,2026-07-13T23:02:03.247504,3,2,83.25,0.3,83.1,50,83.0,50,82.9,153,,,,,,,,,,,,,,,83.4,55,83.5,150,,,,,,,,,,,,,,,,
2026-07-13T23:02:03.930696+00:00,2026-07-13T23:02:03.929386,3,2,83.25,0.3,83.1,48,83.0,50,82.9,153,,,,,,,,,,,,,,,83.4,55,83.5,150,,,,,,,,,,,,,,,,
2026-07-13T23:02:04.038643+00:00,2026-07-13T23:02:04.034020,2,2,83.25,0.3,83.1,48,82.9,153,,,,,,,,,,,,,,,,,83.4,55,83.5,50,,,,,,,,,,,,,,,,
2026-07-13T23:02:04.092103+00:00,2026-07-13T23:02:04.086021,3,2,83.25,0.3,83.1,48,82.9,153,82.7,100,,,,,,,,,,,,,,,83.4,55,83.5,50,,,,,,,,,,,,,,,,
2026-07-13T23:02:04.124056+00:00,2026-07-13T23:02:04.123440,2,2,83.15,0.5,82.9,153,82.7,100,,,,,,,,,,,,,,,,,83.4,55,83.5,50,,,,,,,,,,,,,,,,
2026-07-13T23:02:04.134640+00:00,2026-07-13T23:02:04.134287,3,2,83.1,0.4,82.9,153,82.7,100,82.6,50,,,,,,,,,,,,,,,83.3,50,83.4,55,,,,,,,,,,,,,,,,
2026-07-13T23:02:04.145190+00:00,2026-07-13T23:02:04.139094,3,3,83.05,0.3,82.9,153,82.7,100,82.6,50,,,,,,,,,,,,,,,83.2,100,83.3,50,83.4,55,,,,,,,,,,,,,,
2026-07-13T23:02:04.250372+00:00,2026-07-13T23:02:04.243245,3,2,83.05,0.3,82.9,3,82.7,100,82.6,50,,,,,,,,,,,,,,,83.2,100,83.3,50,,,,,,,,,,,,,,,,
2026-07-13T23:02:04.302796+00:00,2026-07-13T23:02:04.296387,4,2,83.15,0.1,83.1,150,82.9,3,82.7,100,82.6,50,,,,,,,,,,,,,83.2,100,83.3,50,,,,,,,,,,,,,,,,
2026-07-13T23:02:04.355132+00:00,2026-07-13T23:02:04.351810,3,2,83.15,0.1,83.1,150,82.9,3,82.7,100,,,,,,,,,,,,,,,83.2,100,83.6,150,,,,,,,,,,,,,,,,
2026-07-13T23:02:04.365646+00:00,2026-07-13T23:02:04.359236,3,2,83.15,0.1,83.1,100,82.9,3,82.7,150,,,,,,,,,,,,,,,83.2,100,83.6,150,,,,,,,,,,,,,,,,
2026-07-13T23:02:04.737262+00:00,2026-07-13T23:02:04.733540,3,2,83.15,0.1,83.1,100,82.9,3,82.7,150,,,,,,,,,,,,,,,83.2,58,83.6,150,,,,,,,,,,,,,,,,
2026-07-13T23:02:04.779774+00:00,2026-07-13T23:02:04.775601,4,2,83.15,0.1,83.1,100,82.9,3,82.8,50,82.7,100,,,,,,,,,,,,,83.2,108,83.6,150,,,,,,,,,,,,,,,,
2026-07-13T23:02:05.151731+00:00,2026-07-13T23:02:05.144008,4,2,83.15,0.1,83.1,75,82.9,3,82.8,50,82.7,100,,,,,,,,,,,,,83.2,108,83.6,150,,,,,,,,,,,,,,,,
2026-07-13T23:02:05.363770+00:00,2026-07-13T23:02:05.354818,4,2,83.15,0.1,83.1,75,82.9,3,82.8,50,82.7,100,,,,,,,,,,,,,83.2,58,83.6,150,,,,,,,,,,,,,,,,
2026-07-13T23:02:05.395705+00:00,2026-07-13T23:02:05.394389,3,2,83.15,0.1,83.1,75,82.9,3,82.7,100,,,,,,,,,,,,,,,83.2,8,83.6,150,,,,,,,,,,,,,,,,
2026-07-13T23:02:05.406384+00:00,2026-07-13T23:02:05.400635,4,3,83.15,0.1,83.1,75,83.0,50,82.9,3,82.7,100,,,,,,,,,,,,,83.2,8,83.5,50,83.6,150,,,,,,,,,,,,,,
2026-07-13T23:02:05.685757+00:00,2026-07-13T23:02:05.680276,4,3,83.15,0.1,83.1,75,83.0,50,82.9,3,82.7,100,,,,,,,,,,,,,83.2,6,83.5,50,83.6,150,,,,,,,,,,,,,,
2026-07-13T23:02:06.218420+00:00,2026-07-13T23:02:06.215783,4,2,83.15,0.1,83.1,75,83.0,50,82.9,3,82.7,100,,,,,,,,,,,,,83.2,6,83.6,150,,,,,,,,,,,,,,,,
2026-07-13T23:02:06.229379+00:00,2026-07-13T23:02:06.222508,4,2,83.3,0.4,83.1,75,83.0,50,82.9,3,82.7,100,,,,,,,,,,,,,83.5,50,83.6,150,,,,,,,,,,,,,,,,
2026-07-13T23:02:06.653646+00:00,2026-07-13T23:02:06.650330,4,2,83.3,0.4,83.1,75,82.9,3,82.8,50,82.7,100,,,,,,,,,,,,,83.5,50,83.6,150,,,,,,,,,,,,,,,,
2026-07-13T23:02:06.782235+00:00,2026-07-13T23:02:06.777887,4,2,83.3,0.4,83.1,75,82.9,2,82.8,50,82.7,100,,,,,,,,,,,,,83.5,50,83.6,150,,,,,,,,,,,,,,,,
2026-07-13T23:02:07.052351+00:00,2026-07-13T23:02:07.047994,3,2,83.3,0.4,83.1,75,82.8,50,82.7,100,,,,,,,,,,,,,,,83.5,50,83.6,150,,,,,,,,,,,,,,,,
2026-07-13T23:02:07.201917+00:00,2026-07-13T23:02:07.194563,2,2,83.3,0.4,83.1,75,82.8,50,,,,,,,,,,,,,,,,,83.5,50,83.6,150,,,,,,,,,,,,,,,,
2026-07-13T23:02:07.255078+00:00,2026-07-13T23:02:07.247920,2,2,83.3,0.4,83.1,175,82.8,50,,,,,,,,,,,,,,,,,83.5,50,83.6,150,,,,,,,,,,,,,,,,
2026-07-13T23:02:07.308730+00:00,2026-07-13T23:02:07.300952,2,2,83.3,0.4,83.1,175,82.8,50,,,,,,,,,,,,,,,,,83.5,50,83.6,250,,,,,,,,,,,,,,,,
2026-07-13T23:02:07.447177+00:00,2026-07-13T23:02:07.446106,2,2,83.3,0.4,83.1,100,82.8,50,,,,,,,,,,,,,,,,,83.5,50,83.6,100,,,,,,,,,,,,,,,,
2026-07-13T23:02:07.468447+00:00,2026-07-13T23:02:07.463363,2,1,83.35,0.5,83.1,100,82.8,50,,,,,,,,,,,,,,,,,83.6,100,,,,,,,,,,,,,,,,,,
2026-07-13T23:02:07.511187+00:00,2026-07-13T23:02:07.500789,3,1,83.35,0.5,83.1,100,82.9,150,82.8,50,,,,,,,,,,,,,,,83.6,100,,,,,,,,,,,,,,,,,,
2026-07-13T23:02:07.553506+00:00,2026-07-13T23:02:07.552080,3,2,83.25,0.3,83.1,100,82.9,150,82.8,50,,,,,,,,,,,,,,,83.4,150,83.6,100,,,,,,,,,,,,,,,,
2026-07-13T23:02:07.680901+00:00,2026-07-13T23:02:07.676478,3,2,83.25,0.3,83.1,100,83.0,50,82.9,150,,,,,,,,,,,,,,,83.4,158,83.6,100,,,,,,,,,,,,,,,,
2026-07-13T23:02:07.894042+00:00,2026-07-13T23:02:07.892609,2,2,83.25,0.3,83.1,100,82.9,150,,,,,,,,,,,,,,,,,83.4,150,83.6,100,,,,,,,,,,,,,,,,
2026-07-13T23:02:07.904663+00:00,2026-07-13T23:02:07.899504,2,3,83.25,0.3,83.1,150,82.9,150,,,,,,,,,,,,,,,,,83.4,150,83.5,8,83.6,100,,,,,,,,,,,,,,
2026-07-13T23:02:09.320814+00:00,2026-07-13T23:02:09.316318,2,2,83.25,0.3,83.1,150,82.9,150,,,,,,,,,,,,,,,,,83.4,150,83.6,100,,,,,,,,,,,,,,,,
2026-07-13T23:02:09.331821+00:00,2026-07-13T23:02:09.321173,2,2,83.25,0.3,83.1,150,82.9,150,,,,,,,,,,,,,,,,,83.4,150,83.6,108,,,,,,,,,,,,,,,,
2026-07-13T23:02:09.576777+00:00,2026-07-13T23:02:09.571038,2,2,83.25,0.3,83.1,150,82.9,150,,,,,,,,,,,,,,,,,83.4,100,83.6,108,,,,,,,,,,,,,,,,
2026-07-13T23:02:09.745707+00:00,2026-07-13T23:02:09.743772,2,2,83.25,0.3,83.1,150,82.9,150,,,,,,,,,,,,,,,,,83.4,106,83.6,108,,,,,,,,,,,,,,,,
2026-07-13T23:02:09.756304+00:00,2026-07-13T23:02:09.747366,2,2,83.25,0.3,83.1,151,82.9,150,,,,,,,,,,,,,,,,,83.4,106,83.6,108,,,,,,,,,,,,,,,,
2026-07-13T23:02:10.358859+00:00,2026-07-13T23:02:10.355249,2,2,83.25,0.3,83.1,51,82.9,150,,,,,,,,,,,,,,,,,83.4,106,83.6,8,,,,,,,,,,,,,,,,
2026-07-13T23:02:10.411501+00:00,2026-07-13T23:02:10.407050,3,2,83.35,0.1,83.3,100,83.1,51,82.9,150,,,,,,,,,,,,,,,83.4,106,83.6,8,,,,,,,,,,,,,,,,
2026-07-13T23:02:10.475123+00:00,2026-07-13T23:02:10.470158,3,3,83.35,0.1,83.3,100,83.1,51,82.9,150,,,,,,,,,,,,,,,83.4,106,83.6,8,83.8,100,,,,,,,,,,,,,,
2026-07-13T23:02:10.527883+00:00,2026-07-13T23:02:10.526447,3,2,83.35,0.1,83.3,100,83.1,51,82.9,150,,,,,,,,,,,,,,,83.4,106,83.8,100,,,,,,,,,,,,,,,,
2026-07-13T23:02:10.538545+00:00,2026-07-13T23:02:10.531214,3,3,83.35,0.1,83.3,100,83.1,51,82.9,150,,,,,,,,,,,,,,,83.4,106,83.5,8,83.8,100,,,,,,,,,,,,,,
2026-07-13T23:02:10.612794+00:00,2026-07-13T23:02:10.608023,2,3,83.35,0.1,83.3,100,83.1,51,,,,,,,,,,,,,,,,,83.4,6,83.5,8,83.8,100,,,,,,,,,,,,,,
2026-07-13T23:02:10.665636+00:00,2026-07-13T23:02:10.660260,3,3,83.35,0.1,83.3,100,83.2,150,83.1,51,,,,,,,,,,,,,,,83.4,6,83.5,8,83.8,100,,,,,,,,,,,,,,
2026-07-13T23:02:10.718400+00:00,2026-07-13T23:02:10.713591,3,4,83.35,0.1,83.3,100,83.2,150,83.1,51,,,,,,,,,,,,,,,83.4,6,83.5,8,83.7,150,83.8,100,,,,,,,,,,,,
2026-07-13T23:02:10.750137+00:00,2026-07-13T23:02:10.745815,3,4,83.35,0.1,83.3,100,83.2,150,83.1,51,,,,,,,,,,,,,,,83.4,3,83.5,8,83.7,150,83.8,100,,,,,,,,,,,,
2026-07-13T23:02:10.792610+00:00,2026-07-13T23:02:10.791993,3,4,83.35,0.1,83.3,57,83.2,150,83.1,51,,,,,,,,,,,,,,,83.4,3,83.5,8,83.7,150,83.8,100,,,,,,,,,,,,
2026-07-13T23:02:11.163601+00:00,2026-07-13T23:02:11.158445,4,4,83.35,0.1,83.3,57,83.2,150,83.1,1,83.0,50,,,,,,,,,,,,,83.4,3,83.5,8,83.7,150,83.8,100,,,,,,,,,,,,
2026-07-13T23:02:11.689061+00:00,2026-07-13T23:02:11.681942,4,2,83.5,0.4,83.3,57,83.2,150,83.1,1,83.0,50,,,,,,,,,,,,,83.7,111,83.8,100,,,,,,,,,,,,,,,,
2026-07-13T23:02:11.868202+00:00,2026-07-13T23:02:11.859332,4,2,83.5,0.4,83.3,11,83.2,150,83.1,1,83.0,50,,,,,,,,,,,,,83.7,111,83.8,100,,,,,,,,,,,,,,,,
2026-07-13T23:02:11.899882+00:00,2026-07-13T23:02:11.895647,3,2,83.45,0.5,83.2,150,83.1,1,83.0,50,,,,,,,,,,,,,,,83.7,111,83.8,100,,,,,,,,,,,,,,,,
2026-07-13T23:02:12.375627+00:00,2026-07-13T23:02:12.367009,3,2,83.45,0.5,83.2,150,83.1,1,83.0,50,,,,,,,,,,,,,,,83.7,62,83.8,100,,,,,,,,,,,,,,,,
2026-07-13T23:02:12.418275+00:00,2026-07-13T23:02:12.416170,2,2,83.45,0.5,83.2,150,83.1,51,,,,,,,,,,,,,,,,,83.7,62,83.8,100,,,,,,,,,,,,,,,,
2026-07-13T23:02:12.428845+00:00,2026-07-13T23:02:12.421972,2,2,83.45,0.5,83.2,148,83.1,51,,,,,,,,,,,,,,,,,83.7,62,83.8,100,,,,,,,,,,,,,,,,
2026-07-13T23:02:13.224012+00:00,2026-07-13T23:02:13.221153,2,2,83.45,0.5,83.2,148,83.1,1,,,,,,,,,,,,,,,,,83.7,62,83.8,100,,,,,,,,,,,,,,,,
2026-07-13T23:02:13.234557+00:00,2026-07-13T23:02:13.224953,3,2,83.45,0.5,83.2,148,83.1,1,83.0,50,,,,,,,,,,,,,,,83.7,62,83.8,100,,,,,,,,,,,,,,,,
2026-07-13T23:02:13.444995+00:00,2026-07-13T23:02:13.435969,3,2,83.45,0.5,83.2,107,83.1,1,83.0,50,,,,,,,,,,,,,,,83.7,62,83.8,100,,,,,,,,,,,,,,,,
2026-07-13T23:02:13.529460+00:00,2026-07-13T23:02:13.523765,3,1,83.45,0.5,83.2,107,83.1,1,83.0,50,,,,,,,,,,,,,,,83.7,62,,,,,,,,,,,,,,,,,,
2026-07-13T23:02:13.582173+00:00,2026-07-13T23:02:13.577601,4,1,83.45,0.5,83.2,107,83.1,1,83.0,50,82.9,100,,,,,,,,,,,,,83.7,62,,,,,,,,,,,,,,,,,,
2026-07-13T23:02:13.634959+00:00,2026-07-13T23:02:13.631694,4,2,83.3,0.2,83.2,107,83.1,1,83.0,50,82.9,100,,,,,,,,,,,,,83.4,100,83.7,62,,,,,,,,,,,,,,,,
2026-07-13T23:02:13.666554+00:00,2026-07-13T23:02:13.659243,4,2,83.3,0.2,83.2,105,83.1,1,83.0,50,82.9,100,,,,,,,,,,,,,83.4,100,83.7,62,,,,,,,,,,,,,,,,
2026-07-13T23:02:13.771883+00:00,2026-07-13T23:02:13.769290,3,1,83.25,0.3,83.1,1,83.0,50,82.9,100,,,,,,,,,,,,,,,83.4,100,,,,,,,,,,,,,,,,,,
2026-07-13T23:02:13.793220+00:00,2026-07-13T23:02:13.787813,3,1,83.25,0.3,83.1,1,83.0,50,82.9,100,,,,,,,,,,,,,,,83.4,50,,,,,,,,,,,,,,,,,,
2026-07-13T23:02:13.824820+00:00,2026-07-13T23:02:13.823873,4,0,,,83.4,100,83.1,1,83.0,50,82.9,100,,,,,,,,,,,,,,,,,,,,,,,,,,,,,,,,
2026-07-13T23:02:13.882633+00:00,2026-07-13T23:02:13.880964,4,1,83.65,0.5,83.4,89,83.1,1,83.0,50,82.9,100,,,,,,,,,,,,,83.9,150,,,,,,,,,,,,,,,,,,
2026-07-13T23:02:14.094299+00:00,2026-07-13T23:02:14.091278,3,1,83.65,0.5,83.4,89,83.0,50,82.9,100,,,,,,,,,,,,,,,83.9,150,,,,,,,,,,,,,,,,,,
2026-07-13T23:02:14.264798+00:00,2026-07-13T23:02:14.259564,3,1,83.65,0.5,83.4,89,83.1,50,82.9,100,,,,,,,,,,,,,,,83.9,150,,,,,,,,,,,,,,,,,,
2026-07-13T23:02:14.464436+00:00,2026-07-13T23:02:14.463352,2,1,83.65,0.5,83.4,89,82.9,100,,,,,,,,,,,,,,,,,83.9,150,,,,,,,,,,,,,,,,,,
2026-07-13T23:02:14.474953+00:00,2026-07-13T23:02:14.466433,3,1,83.65,0.5,83.4,89,83.2,50,82.9,100,,,,,,,,,,,,,,,83.9,150,,,,,,,,,,,,,,,,,,
2026-07-13T23:02:14.811293+00:00,2026-07-13T23:02:14.807592,3,2,83.45,0.1,83.4,89,83.2,50,82.9,100,,,,,,,,,,,,,,,83.5,6,83.9,150,,,,,,,,,,,,,,,,
2026-07-13T23:02:14.916453+00:00,2026-07-13T23:02:14.915461,3,2,83.45,0.1,83.4,64,83.2,50,82.9,100,,,,,,,,,,,,,,,83.5,6,83.9,150,,,,,,,,,,,,,,,,
2026-07-13T23:02:15.558598+00:00,2026-07-13T23:02:15.550120,3,1,83.65,0.5,83.4,64,83.2,50,82.9,100,,,,,,,,,,,,,,,83.9,109,,,,,,,,,,,,,,,,,,
2026-07-13T23:02:15.895365+00:00,2026-07-13T23:02:15.894809,2,1,83.65,0.5,83.4,64,82.9,100,,,,,,,,,,,,,,,,,83.9,59,,,,,,,,,,,,,,,,,,
2026-07-13T23:02:15.905908+00:00,2026-07-13T23:02:15.897514,3,1,83.65,0.5,83.4,64,83.1,50,82.9,100,,,,,,,,,,,,,,,83.9,59,,,,,,,,,,,,,,,,,,
2026-07-13T23:02:15.927085+00:00,2026-07-13T23:02:15.924122,3,2,83.45,0.1,83.4,64,83.1,50,82.9,100,,,,,,,,,,,,,,,83.5,5,83.9,59,,,,,,,,,,,,,,,,
2026-07-13T23:02:16.063722+00:00,2026-07-13T23:02:16.062074,3,1,83.65,0.5,83.4,64,83.1,50,82.9,100,,,,,,,,,,,,,,,83.9,59,,,,,,,,,,,,,,,,,,
2026-07-13T23:02:16.201601+00:00,2026-07-13T23:02:16.197014,3,2,83.5,0.2,83.4,64,83.1,50,82.9,100,,,,,,,,,,,,,,,83.6,4,83.9,59,,,,,,,,,,,,,,,,
2026-07-13T23:02:16.580998+00:00,2026-07-13T23:02:16.576822,3,2,83.5,0.2,83.4,16,83.1,50,82.9,100,,,,,,,,,,,,,,,83.6,4,83.9,59,,,,,,,,,,,,,,,,
2026-07-13T23:02:16.687352+00:00,2026-07-13T23:02:16.685961,2,2,83.5,0.2,83.4,16,83.1,50,,,,,,,,,,,,,,,,,83.6,4,83.9,59,,,,,,,,,,,,,,,,
2026-07-13T23:02:16.708838+00:00,2026-07-13T23:02:16.701960,1,2,83.35,0.5,83.1,50,,,,,,,,,,,,,,,,,,,83.6,4,83.9,59,,,,,,,,,,,,,,,,
2026-07-13T23:02:16.740973+00:00,2026-07-13T23:02:16.738574,2,2,83.4,0.4,83.2,100,83.1,50,,,,,,,,,,,,,,,,,83.6,4,83.9,59,,,,,,,,,,,,,,,,
2026-07-13T23:02:16.794297+00:00,2026-07-13T23:02:16.793668,2,3,83.4,0.4,83.2,100,83.1,50,,,,,,,,,,,,,,,,,83.6,4,83.7,100,83.9,59,,,,,,,,,,,,,,
2026-07-13T23:02:16.932736+00:00,2026-07-13T23:02:16.930107,2,2,83.4,0.4,83.2,100,83.1,50,,,,,,,,,,,,,,,,,83.6,4,83.7,100,,,,,,,,,,,,,,,,
