recv_time,book_timestamp,n_bids,n_asks,mid,spread,bid_px_0,bid_vol_0,bid_px_1,bid_vol_1,bid_px_2,bid_vol_2,bid_px_3,bid_vol_3,bid_px_4,bid_vol_4,bid_px_5,bid_vol_5,bid_px_6,bid_vol_6,bid_px_7,bid_vol_7,bid_px_8,bid_vol_8,bid_px_9,bid_vol_9,ask_px_0,ask_vol_0,ask_px_1,ask_vol_1,ask_px_2,ask_vol_2,ask_px_3,ask_vol_3,ask_px_4,ask_vol_4,ask_px_5,ask_vol_5,ask_px_6,ask_vol_6,ask_px_7,ask_vol_7,ask_px_8,ask_vol_8,ask_px_9,ask_vol_9
2026-07-04T02:00:00.087788+00:00,2026-07-04T02:00:00.102194,2,1,136.25,0.5,136.0,100,135.4,150,,,,,,,,,,,,,,,,,136.5,100,,,,,,,,,,,,,,,,,,
2026-07-04T02:00:00.280222+00:00,2026-07-04T02:00:00.155844,1,2,135.65,0.5,135.4,150,,,,,,,,,,,,,,,,,,,135.9,50,136.5,100,,,,,,,,,,,,,,,,
2026-07-04T02:00:01.111435+00:00,2026-07-04T02:00:01.111329,1,1,135.65,0.5,135.4,150,,,,,,,,,,,,,,,,,,,135.9,50,,,,,,,,,,,,,,,,,,
2026-07-04T02:00:01.164435+00:00,2026-07-04T02:00:01.164340,2,1,135.65,0.5,135.4,150,135.3,100,,,,,,,,,,,,,,,,,135.9,50,,,,,,,,,,,,,,,,,,
2026-07-04T02:00:01.217036+00:00,2026-07-04T02:00:01.216986,2,2,135.6,0.4,135.4,150,135.3,100,,,,,,,,,,,,,,,,,135.8,100,135.9,50,,,,,,,,,,,,,,,,
2026-07-04T02:00:01.301048+00:00,2026-07-04T02:00:01.288822,2,2,135.6,0.4,135.4,100,135.3,100,,,,,,,,,,,,,,,,,135.8,100,135.9,50,,,,,,,,,,,,,,,,
2026-07-04T02:00:02.178327+00:00,2026-07-04T02:00:02.178464,2,2,135.6,0.4,135.4,100,135.3,100,,,,,,,,,,,,,,,,,135.8,58,135.9,50,,,,,,,,,,,,,,,,
2026-07-04T02:00:02.234742+00:00,2026-07-04T02:00:02.234652,2,2,135.6,0.4,135.4,58,135.3,100,,,,,,,,,,,,,,,,,135.8,58,135.9,50,,,,,,,,,,,,,,,,
2026-07-04T02:00:02.758588+00:00,2026-07-04T02:00:02.757945,2,2,135.6,0.4,135.4,18,135.3,100,,,,,,,,,,,,,,,,,135.8,58,135.9,50,,,,,,,,,,,,,,,,
2026-07-04T02:00:02.812551+00:00,2026-07-04T02:00:02.807099,2,2,135.6,0.4,135.4,18,135.3,100,,,,,,,,,,,,,,,,,135.8,55,135.9,50,,,,,,,,,,,,,,,,
2026-07-04T02:00:03.219977+00:00,2026-07-04T02:00:03.219865,1,1,135.55,0.5,135.3,100,,,,,,,,,,,,,,,,,,,135.8,55,,,,,,,,,,,,,,,,,,
2026-07-04T02:00:03.272816+00:00,2026-07-04T02:00:03.272731,1,1,135.55,0.5,135.3,250,,,,,,,,,,,,,,,,,,,135.8,55,,,,,,,,,,,,,,,,,,
2026-07-04T02:00:03.343996+00:00,2026-07-04T02:00:03.343851,1,1,135.55,0.5,135.3,250,,,,,,,,,,,,,,,,,,,135.8,205,,,,,,,,,,,,,,,,,,
2026-07-04T02:00:03.405030+00:00,2026-07-04T02:00:03.404964,1,1,135.55,0.5,135.3,200,,,,,,,,,,,,,,,,,,,135.8,205,,,,,,,,,,,,,,,,,,
2026-07-04T02:00:04.270292+00:00,2026-07-04T02:00:04.270232,1,1,135.55,0.5,135.3,150,,,,,,,,,,,,,,,,,,,135.8,150,,,,,,,,,,,,,,,,,,
2026-07-04T02:00:04.324151+00:00,2026-07-04T02:00:04.324119,1,1,135.55,0.5,135.3,250,,,,,,,,,,,,,,,,,,,135.8,150,,,,,,,,,,,,,,,,,,
2026-07-04T02:00:04.376294+00:00,2026-07-04T02:00:04.376254,1,1,135.55,0.5,135.3,250,,,,,,,,,,,,,,,,,,,135.8,250,,,,,,,,,,,,,,,,,,
2026-07-04T02:00:05.231518+00:00,2026-07-04T02:00:05.226362,1,1,135.55,0.5,135.3,250,,,,,,,,,,,,,,,,,,,135.8,239,,,,,,,,,,,,,,,,,,
2026-07-04T02:00:05.511779+00:00,2026-07-04T02:00:05.511646,1,1,135.55,0.5,135.3,200,,,,,,,,,,,,,,,,,,,135.8,239,,,,,,,,,,,,,,,,,,
2026-07-04T02:00:05.872148+00:00,2026-07-04T02:00:05.872119,1,1,135.55,0.5,135.3,200,,,,,,,,,,,,,,,,,,,135.8,197,,,,,,,,,,,,,,,,,,
2026-07-04T02:00:06.453198+00:00,2026-07-04T02:00:06.440552,2,1,135.55,0.5,135.3,100,135.2,150,,,,,,,,,,,,,,,,,135.8,100,,,,,,,,,,,,,,,,,,
2026-07-04T02:00:06.504020+00:00,2026-07-04T02:00:06.503871,2,2,135.5,0.4,135.3,100,135.2,150,,,,,,,,,,,,,,,,,135.7,150,135.8,100,,,,,,,,,,,,,,,,
2026-07-04T02:00:07.429351+00:00,2026-07-04T02:00:07.429254,1,1,135.45,0.5,135.2,150,,,,,,,,,,,,,,,,,,,135.7,150,,,,,,,,,,,,,,,,,,
2026-07-04T02:00:07.482650+00:00,2026-07-04T02:00:07.482605,2,1,135.5,0.4,135.3,100,135.2,150,,,,,,,,,,,,,,,,,135.7,102,,,,,,,,,,,,,,,,,,
2026-07-04T02:00:07.534545+00:00,2026-07-04T02:00:07.534482,2,2,135.5,0.4,135.3,100,135.2,150,,,,,,,,,,,,,,,,,135.7,102,135.8,100,,,,,,,,,,,,,,,,
2026-07-04T02:00:07.643151+00:00,2026-07-04T02:00:07.637017,2,2,135.5,0.4,135.3,50,135.2,150,,,,,,,,,,,,,,,,,135.7,90,135.8,100,,,,,,,,,,,,,,,,
2026-07-04T02:00:07.977152+00:00,2026-07-04T02:00:07.977005,2,2,135.5,0.4,135.3,10,135.2,150,,,,,,,,,,,,,,,,,135.7,90,135.8,100,,,,,,,,,,,,,,,,
2026-07-04T02:00:09.558115+00:00,2026-07-04T02:00:09.558010,1,1,135.55,0.5,135.3,10,,,,,,,,,,,,,,,,,,,135.8,100,,,,,,,,,,,,,,,,,,
2026-07-04T02:00:09.608499+00:00,2026-07-04T02:00:09.608405,2,1,135.6,0.4,135.4,150,135.3,10,,,,,,,,,,,,,,,,,135.8,100,,,,,,,,,,,,,,,,,,
2026-07-04T02:00:09.665509+00:00,2026-07-04T02:00:09.665385,2,2,135.6,0.4,135.4,150,135.3,10,,,,,,,,,,,,,,,,,135.8,100,135.9,150,,,,,,,,,,,,,,,,
2026-07-04T02:00:09.689268+00:00,2026-07-04T02:00:09.689149,2,2,135.6,0.4,135.4,150,135.3,10,,,,,,,,,,,,,,,,,135.8,50,135.9,150,,,,,,,,,,,,,,,,
2026-07-04T02:00:10.456165+00:00,2026-07-04T02:00:10.456358,2,2,135.6,0.4,135.4,150,135.3,10,,,,,,,,,,,,,,,,,135.8,9,135.9,150,,,,,,,,,,,,,,,,
2026-07-04T02:00:10.601099+00:00,2026-07-04T02:00:10.601061,2,1,135.65,0.5,135.4,150,135.3,10,,,,,,,,,,,,,,,,,135.9,150,,,,,,,,,,,,,,,,,,
2026-07-04T02:00:10.606400+00:00,2026-07-04T02:00:10.606222,1,1,135.65,0.5,135.4,150,,,,,,,,,,,,,,,,,,,135.9,150,,,,,,,,,,,,,,,,,,
2026-07-04T02:00:10.658701+00:00,2026-07-04T02:00:10.654904,1,1,135.65,0.5,135.4,250,,,,,,,,,,,,,,,,,,,135.9,150,,,,,,,,,,,,,,,,,,
2026-07-04T02:00:10.708960+00:00,2026-07-04T02:00:10.708825,1,1,135.65,0.5,135.4,250,,,,,,,,,,,,,,,,,,,135.9,250,,,,,,,,,,,,,,,,,,
2026-07-04T02:00:11.584113+00:00,2026-07-04T02:00:11.584060,1,1,135.65,0.5,135.4,202,,,,,,,,,,,,,,,,,,,135.9,250,,,,,,,,,,,,,,,,,,
2026-07-04T02:00:11.796427+00:00,2026-07-04T02:00:11.796307,1,1,135.65,0.5,135.4,202,,,,,,,,,,,,,,,,,,,135.9,200,,,,,,,,,,,,,,,,,,
2026-07-04T02:00:12.198421+00:00,2026-07-04T02:00:12.198582,1,1,135.65,0.5,135.4,202,,,,,,,,,,,,,,,,,,,135.9,159,,,,,,,,,,,,,,,,,,
2026-07-04T02:00:12.264022+00:00,2026-07-04T02:00:12.263894,1,1,135.65,0.5,135.4,161,,,,,,,,,,,,,,,,,,,135.9,159,,,,,,,,,,,,,,,,,,
2026-07-04T02:00:12.717933+00:00,2026-07-04T02:00:12.717794,1,1,135.65,0.5,135.4,100,,,,,,,,,,,,,,,,,,,135.9,100,,,,,,,,,,,,,,,,,,
2026-07-04T02:00:12.773147+00:00,2026-07-04T02:00:12.773225,1,1,135.65,0.5,135.4,250,,,,,,,,,,,,,,,,,,,135.9,100,,,,,,,,,,,,,,,,,,
2026-07-04T02:00:12.826173+00:00,2026-07-04T02:00:12.825971,1,1,135.65,0.5,135.4,250,,,,,,,,,,,,,,,,,,,135.9,250,,,,,,,,,,,,,,,,,,
2026-07-04T02:00:13.764112+00:00,2026-07-04T02:00:13.764037,1,1,135.65,0.5,135.4,150,,,,,,,,,,,,,,,,,,,135.9,150,,,,,,,,,,,,,,,,,,
2026-07-04T02:00:13.818080+00:00,2026-07-04T02:00:13.818008,1,1,135.65,0.5,135.4,250,,,,,,,,,,,,,,,,,,,135.9,150,,,,,,,,,,,,,,,,,,
2026-07-04T02:00:13.884645+00:00,2026-07-04T02:00:13.874370,1,1,135.65,0.5,135.4,250,,,,,,,,,,,,,,,,,,,135.9,250,,,,,,,,,,,,,,,,,,
2026-07-04T02:00:13.905048+00:00,2026-07-04T02:00:13.905359,1,1,135.65,0.5,135.4,250,,,,,,,,,,,,,,,,,,,135.9,200,,,,,,,,,,,,,,,,,,
2026-07-04T02:00:14.270043+00:00,2026-07-04T02:00:14.264831,1,1,135.65,0.5,135.4,205,,,,,,,,,,,,,,,,,,,135.9,200,,,,,,,,,,,,,,,,,,
2026-07-04T02:00:15.881254+00:00,2026-07-04T02:00:15.881189,1,1,135.65,0.5,135.4,100,,,,,,,,,,,,,,,,,,,135.9,100,,,,,,,,,,,,,,,,,,
2026-07-04T02:00:15.935324+00:00,2026-07-04T02:00:15.935430,2,1,135.7,0.4,135.5,150,135.4,100,,,,,,,,,,,,,,,,,135.9,100,,,,,,,,,,,,,,,,,,
2026-07-04T02:00:15.988328+00:00,2026-07-04T02:00:15.988238,2,2,135.7,0.4,135.5,150,135.4,100,,,,,,,,,,,,,,,,,135.9,100,136.0,150,,,,,,,,,,,,,,,,
2026-07-04T02:00:16.013130+00:00,2026-07-04T02:00:16.012988,2,2,135.7,0.4,135.5,150,135.4,100,,,,,,,,,,,,,,,,,135.9,50,136.0,150,,,,,,,,,,,,,,,,
2026-07-04T02:00:16.602119+00:00,2026-07-04T02:00:16.602073,2,2,135.7,0.4,135.5,150,135.4,100,,,,,,,,,,,,,,,,,135.9,7,136.0,150,,,,,,,,,,,,,,,,
2026-07-04T02:00:16.927809+00:00,2026-07-04T02:00:16.927683,1,1,135.75,0.5,135.5,150,,,,,,,,,,,,,,,,,,,136.0,150,,,,,,,,,,,,,,,,,,
2026-07-04T02:00:16.982459+00:00,2026-07-04T02:00:16.982342,2,1,135.9,0.2,135.8,100,135.5,150,,,,,,,,,,,,,,,,,136.0,150,,,,,,,,,,,,,,,,,,
2026-07-04T02:00:17.035112+00:00,2026-07-04T02:00:17.035041,2,2,135.9,0.2,135.8,100,135.5,150,,,,,,,,,,,,,,,,,136.0,150,136.3,100,,,,,,,,,,,,,,,,
2026-07-04T02:00:18.173914+00:00,2026-07-04T02:00:18.173868,2,2,135.9,0.2,135.8,50,135.5,150,,,,,,,,,,,,,,,,,136.0,150,136.3,100,,,,,,,,,,,,,,,,
2026-07-04T02:00:19.042745+00:00,2026-07-04T02:00:19.042716,1,1,136.05,0.5,135.8,50,,,,,,,,,,,,,,,,,,,136.3,100,,,,,,,,,,,,,,,,,,
2026-07-04T02:00:19.101503+00:00,2026-07-04T02:00:19.101467,2,1,136.05,0.5,135.8,50,135.6,150,,,,,,,,,,,,,,,,,136.3,100,,,,,,,,,,,,,,,,,,
2026-07-04T02:00:19.153083+00:00,2026-07-04T02:00:19.152936,2,2,135.95,0.3,135.8,50,135.6,150,,,,,,,,,,,,,,,,,136.1,150,136.3,100,,,,,,,,,,,,,,,,
2026-07-04T02:00:19.749136+00:00,2026-07-04T02:00:19.743657,2,2,135.95,0.3,135.8,38,135.6,150,,,,,,,,,,,,,,,,,136.1,150,136.3,100,,,,,,,,,,,,,,,,
2026-07-04T02:00:20.090042+00:00,2026-07-04T02:00:20.089869,1,1,135.85,0.5,135.6,150,,,,,,,,,,,,,,,,,,,136.1,150,,,,,,,,,,,,,,,,,,
2026-07-04T02:00:20.145412+00:00,2026-07-04T02:00:20.145284,2,1,135.85,0.5,135.6,150,135.4,100,,,,,,,,,,,,,,,,,136.1,150,,,,,,,,,,,,,,,,,,
2026-07-04T02:00:20.198437+00:00,2026-07-04T02:00:20.198301,2,2,135.75,0.3,135.6,150,135.4,100,,,,,,,,,,,,,,,,,135.9,100,136.1,150,,,,,,,,,,,,,,,,
2026-07-04T02:00:20.227633+00:00,2026-07-04T02:00:20.227530,2,2,135.75,0.3,135.6,150,135.4,100,,,,,,,,,,,,,,,,,135.9,50,136.1,150,,,,,,,,,,,,,,,,
2026-07-04T02:00:21.228823+00:00,2026-07-04T02:00:21.228715,2,2,135.75,0.3,135.6,150,135.4,100,,,,,,,,,,,,,,,,,135.9,10,136.1,150,,,,,,,,,,,,,,,,
2026-07-04T02:00:22.208450+00:00,2026-07-04T02:00:22.208342,1,1,135.65,0.5,135.4,100,,,,,,,,,,,,,,,,,,,135.9,10,,,,,,,,,,,,,,,,,,
2026-07-04T02:00:22.258561+00:00,2026-07-04T02:00:22.257798,2,1,135.75,0.3,135.6,150,135.4,100,,,,,,,,,,,,,,,,,135.9,10,,,,,,,,,,,,,,,,,,
2026-07-04T02:00:22.315204+00:00,2026-07-04T02:00:22.315124,2,2,135.75,0.3,135.6,150,135.4,100,,,,,,,,,,,,,,,,,135.9,10,136.1,150,,,,,,,,,,,,,,,,
2026-07-04T02:00:22.412355+00:00,2026-07-04T02:00:22.412310,2,2,135.75,0.3,135.6,100,135.4,100,,,,,,,,,,,,,,,,,135.9,10,136.1,150,,,,,,,,,,,,,,,,
2026-07-04T02:00:23.252995+00:00,2026-07-04T02:00:23.252842,1,1,135.85,0.5,135.6,100,,,,,,,,,,,,,,,,,,,136.1,150,,,,,,,,,,,,,,,,,,
2026-07-04T02:00:23.302961+00:00,2026-07-04T02:00:23.302905,2,1,135.9,0.4,135.7,100,135.6,100,,,,,,,,,,,,,,,,,136.1,150,,,,,,,,,,,,,,,,,,
2026-07-04T02:00:23.358610+00:00,2026-07-04T02:00:23.356154,2,2,135.9,0.4,135.7,100,135.6,100,,,,,,,,,,,,,,,,,136.1,150,136.2,100,,,,,,,,,,,,,,,,
2026-07-04T02:00:24.541713+00:00,2026-07-04T02:00:24.541514,2,2,135.9,0.4,135.7,50,135.6,100,,,,,,,,,,,,,,,,,136.1,150,136.2,100,,,,,,,,,,,,,,,,
2026-07-04T02:00:25.364586+00:00,2026-07-04T02:00:25.364477,2,1,135.95,0.5,135.7,50,135.6,100,,,,,,,,,,,,,,,,,136.2,100,,,,,,,,,,,,,,,,,,
2026-07-04T02:00:25.369877+00:00,2026-07-04T02:00:25.369762,1,1,135.95,0.5,135.7,50,,,,,,,,,,,,,,,,,,,136.2,100,,,,,,,,,,,,,,,,,,
2026-07-04T02:00:25.424098+00:00,2026-07-04T02:00:25.424064,2,1,135.95,0.5,135.7,50,135.4,150,,,,,,,,,,,,,,,,,136.2,100,,,,,,,,,,,,,,,,,,
2026-07-04T02:00:25.478618+00:00,2026-07-04T02:00:25.478531,2,2,135.8,0.2,135.7,50,135.4,150,,,,,,,,,,,,,,,,,135.9,150,136.2,100,,,,,,,,,,,,,,,,
2026-07-04T02:00:26.412452+00:00,2026-07-04T02:00:26.412377,2,1,135.8,0.2,135.7,50,135.4,150,,,,,,,,,,,,,,,,,135.9,150,,,,,,,,,,,,,,,,,,
2026-07-04T02:00:26.434032+00:00,2026-07-04T02:00:26.433907,1,1,135.65,0.5,135.4,150,,,,,,,,,,,,,,,,,,,135.9,150,,,,,,,,,,,,,,,,,,
2026-07-04T02:00:26.486922+00:00,2026-07-04T02:00:26.487033,2,1,135.75,0.3,135.6,100,135.4,150,,,,,,,,,,,,,,,,,135.9,150,,,,,,,,,,,,,,,,,,
2026-07-04T02:00:26.539519+00:00,2026-07-04T02:00:26.539418,2,2,135.75,0.3,135.6,100,135.4,150,,,,,,,,,,,,,,,,,135.9,150,136.1,100,,,,,,,,,,,,,,,,
2026-07-04T02:00:26.644867+00:00,2026-07-04T02:00:26.644829,2,2,135.75,0.3,135.6,50,135.4,150,,,,,,,,,,,,,,,,,135.9,150,136.1,100,,,,,,,,,,,,,,,,
2026-07-04T02:00:28.387805+00:00,2026-07-04T02:00:28.387773,2,2,135.75,0.3,135.6,9,135.4,150,,,,,,,,,,,,,,,,,135.9,150,136.1,100,,,,,,,,,,,,,,,,
2026-07-04T02:00:28.527664+00:00,2026-07-04T02:00:28.527932,2,1,135.85,0.5,135.6,9,135.4,150,,,,,,,,,,,,,,,,,136.1,100,,,,,,,,,,,,,,,,,,
2026-07-04T02:00:28.533188+00:00,2026-07-04T02:00:28.533134,1,1,135.85,0.5,135.6,9,,,,,,,,,,,,,,,,,,,136.1,100,,,,,,,,,,,,,,,,,,
2026-07-04T02:00:28.587532+00:00,2026-07-04T02:00:28.587439,2,1,135.9,0.4,135.7,150,135.6,9,,,,,,,,,,,,,,,,,136.1,100,,,,,,,,,,,,,,,,,,
2026-07-04T02:00:28.640624+00:00,2026-07-04T02:00:28.640577,2,2,135.9,0.4,135.7,150,135.6,9,,,,,,,,,,,,,,,,,136.1,100,136.2,150,,,,,,,,,,,,,,,,
2026-07-04T02:00:28.776410+00:00,2026-07-04T02:00:28.776227,2,2,135.9,0.4,135.7,100,135.6,9,,,,,,,,,,,,,,,,,136.1,100,136.2,150,,,,,,,,,,,,,,,,
2026-07-04T02:00:29.483017+00:00,2026-07-04T02:00:29.482909,2,2,135.9,0.4,135.7,56,135.6,9,,,,,,,,,,,,,,,,,136.1,100,136.2,150,,,,,,,,,,,,,,,,
2026-07-04T02:00:29.595296+00:00,2026-07-04T02:00:29.595431,1,1,135.95,0.5,135.7,56,,,,,,,,,,,,,,,,,,,136.2,150,,,,,,,,,,,,,,,,,,
2026-07-04T02:00:29.649522+00:00,2026-07-04T02:00:29.649604,2,1,135.95,0.5,135.7,56,135.5,100,,,,,,,,,,,,,,,,,136.2,150,,,,,,,,,,,,,,,,,,
2026-07-04T02:00:29.703358+00:00,2026-07-04T02:00:29.703189,2,2,135.85,0.3,135.7,56,135.5,100,,,,,,,,,,,,,,,,,136.0,100,136.2,150,,,,,,,,,,,,,,,,
2026-07-04T02:00:30.404820+00:00,2026-07-04T02:00:30.404755,2,2,135.85,0.3,135.7,56,135.5,100,,,,,,,,,,,,,,,,,136.0,56,136.2,150,,,,,,,,,,,,,,,,
2026-07-04T02:00:30.878978+00:00,2026-07-04T02:00:30.878933,2,2,135.85,0.3,135.7,6,135.5,100,,,,,,,,,,,,,,,,,136.0,56,136.2,150,,,,,,,,,,,,,,,,
2026-07-04T02:00:31.618085+00:00,2026-07-04T02:00:31.618247,1,2,135.75,0.5,135.5,61,,,,,,,,,,,,,,,,,,,136.0,56,136.2,150,,,,,,,,,,,,,,,,
2026-07-04T02:00:31.696271+00:00,2026-07-04T02:00:31.696242,1,1,135.75,0.5,135.5,61,,,,,,,,,,,,,,,,,,,136.0,56,,,,,,,,,,,,,,,,,,
2026-07-04T02:00:31.749794+00:00,2026-07-04T02:00:31.749717,2,1,135.75,0.5,135.5,61,134.9,150,,,,,,,,,,,,,,,,,136.0,56,,,,,,,,,,,,,,,,,,
2026-07-04T02:00:31.810863+00:00,2026-07-04T02:00:31.811064,1,2,135.15,0.5,134.9,150,,,,,,,,,,,,,,,,,,,135.4,89,136.0,56,,,,,,,,,,,,,,,,
2026-07-04T02:00:31.832100+00:00,2026-07-04T02:00:31.820651,1,2,135.15,0.5,134.9,150,,,,,,,,,,,,,,,,,,,135.4,43,136.0,56,,,,,,,,,,,,,,,,
2026-07-04T02:00:32.756384+00:00,2026-07-04T02:00:32.756512,1,1,135.15,0.5,134.9,150,,,,,,,,,,,,,,,,,,,135.4,43,,,,,,,,,,,,,,,,,,
2026-07-04T02:00:32.810112+00:00,2026-07-04T02:00:32.810062,2,1,135.3,0.2,135.2,100,134.9,150,,,,,,,,,,,,,,,,,135.4,43,,,,,,,,,,,,,,,,,,
2026-07-04T02:00:32.858616+00:00,2026-07-04T02:00:32.858189,2,2,135.3,0.2,135.2,100,134.9,150,,,,,,,,,,,,,,,,,135.4,43,135.7,100,,,,,,,,,,,,,,,,
2026-07-04T02:00:34.875460+00:00,2026-07-04T02:00:34.875394,1,1,135.45,0.5,135.2,100,,,,,,,,,,,,,,,,,,,135.7,100,,,,,,,,,,,,,,,,,,
2026-07-04T02:00:34.941548+00:00,2026-07-04T02:00:34.941448,2,1,135.5,0.4,135.3,150,135.2,100,,,,,,,,,,,,,,,,,135.7,100,,,,,,,,,,,,,,,,,,
2026-07-04T02:00:34.989060+00:00,2026-07-04T02:00:34.989237,2,2,135.5,0.4,135.3,150,135.2,100,,,,,,,,,,,,,,,,,135.7,100,135.8,150,,,,,,,,,,,,,,,,
2026-07-04T02:00:35.917873+00:00,2026-07-04T02:00:35.917756,1,1,135.55,0.5,135.3,150,,,,,,,,,,,,,,,,,,,135.8,150,,,,,,,,,,,,,,,,,,
2026-07-04T02:00:35.969076+00:00,2026-07-04T02:00:35.969300,1,1,135.55,0.5,135.3,250,,,,,,,,,,,,,,,,,,,135.8,150,,,,,,,,,,,,,,,,,,
2026-07-04T02:00:36.058622+00:00,2026-07-04T02:00:36.051985,1,1,135.55,0.5,135.3,250,,,,,,,,,,,,,,,,,,,135.8,250,,,,,,,,,,,,,,,,,,
2026-07-04T02:00:36.164569+00:00,2026-07-04T02:00:36.164422,1,1,135.55,0.5,135.3,250,,,,,,,,,,,,,,,,,,,135.8,206,,,,,,,,,,,,,,,,,,
2026-07-04T02:00:37.158564+00:00,2026-07-04T02:00:37.158189,1,1,135.55,0.5,135.3,250,,,,,,,,,,,,,,,,,,,135.8,156,,,,,,,,,,,,,,,,,,
2026-07-04T02:00:38.046134+00:00,2026-07-04T02:00:38.046334,1,1,135.55,0.5,135.3,100,,,,,,,,,,,,,,,,,,,135.8,100,,,,,,,,,,,,,,,,,,
2026-07-04T02:00:38.100924+00:00,2026-07-04T02:00:38.101027,2,1,135.75,0.1,135.7,150,135.3,100,,,,,,,,,,,,,,,,,135.8,100,,,,,,,,,,,,,,,,,,
2026-07-04T02:00:38.112638+00:00,2026-07-04T02:00:38.105636,2,1,135.75,0.1,135.7,139,135.3,100,,,,,,,,,,,,,,,,,135.8,100,,,,,,,,,,,,,,,,,,
2026-07-04T02:00:38.152199+00:00,2026-07-04T02:00:38.152084,2,2,135.75,0.1,135.7,139,135.3,100,,,,,,,,,,,,,,,,,135.8,100,136.2,150,,,,,,,,,,,,,,,,
2026-07-04T02:00:39.104618+00:00,2026-07-04T02:00:39.104542,1,1,135.95,0.5,135.7,139,,,,,,,,,,,,,,,,,,,136.2,150,,,,,,,,,,,,,,,,,,
2026-07-04T02:00:39.158645+00:00,2026-07-04T02:00:39.154297,2,1,135.95,0.5,135.7,139,135.3,100,,,,,,,,,,,,,,,,,136.2,150,,,,,,,,,,,,,,,,,,
2026-07-04T02:00:39.212452+00:00,2026-07-04T02:00:39.212262,2,2,135.75,0.1,135.7,139,135.3,100,,,,,,,,,,,,,,,,,135.8,100,136.2,150,,,,,,,,,,,,,,,,
2026-07-04T02:00:39.322268+00:00,2026-07-04T02:00:39.322161,2,2,135.75,0.1,135.7,89,135.3,100,,,,,,,,,,,,,,,,,135.8,100,136.2,150,,,,,,,,,,,,,,,,
2026-07-04T02:00:41.207538+00:00,2026-07-04T02:00:41.207442,1,1,135.55,0.5,135.3,100,,,,,,,,,,,,,,,,,,,135.8,100,,,,,,,,,,,,,,,,,,
2026-07-04T02:00:41.258627+00:00,2026-07-04T02:00:41.257402,2,1,135.65,0.3,135.5,150,135.3,100,,,,,,,,,,,,,,,,,135.8,100,,,,,,,,,,,,,,,,,,
2026-07-04T02:00:41.315321+00:00,2026-07-04T02:00:41.315216,2,2,135.65,0.3,135.5,150,135.3,100,,,,,,,,,,,,,,,,,135.8,100,136.0,150,,,,,,,,,,,,,,,,
2026-07-04T02:00:41.846231+00:00,2026-07-04T02:00:41.846391,2,2,135.65,0.3,135.5,150,135.3,100,,,,,,,,,,,,,,,,,135.8,51,136.0,150,,,,,,,,,,,,,,,,
2026-07-04T02:00:42.258653+00:00,2026-07-04T02:00:42.257757,2,1,135.75,0.5,135.5,150,135.3,100,,,,,,,,,,,,,,,,,136.0,150,,,,,,,,,,,,,,,,,,
2026-07-04T02:00:42.269175+00:00,2026-07-04T02:00:42.269061,1,1,135.75,0.5,135.5,150,,,,,,,,,,,,,,,,,,,136.0,150,,,,,,,,,,,,,,,,,,
2026-07-04T02:00:42.318844+00:00,2026-07-04T02:00:42.318991,1,1,135.75,0.5,135.5,250,,,,,,,,,,,,,,,,,,,136.0,150,,,,,,,,,,,,,,,,,,
2026-07-04T02:00:42.372492+00:00,2026-07-04T02:00:42.372622,1,1,135.75,0.5,135.5,250,,,,,,,,,,,,,,,,,,,136.0,250,,,,,,,,,,,,,,,,,,
2026-07-04T02:00:43.321755+00:00,2026-07-04T02:00:43.321682,1,1,135.75,0.5,135.5,204,,,,,,,,,,,,,,,,,,,136.0,250,,,,,,,,,,,,,,,,,,
2026-07-04T02:00:43.484363+00:00,2026-07-04T02:00:43.484254,1,1,135.75,0.5,135.5,204,,,,,,,,,,,,,,,,,,,136.0,200,,,,,,,,,,,,,,,,,,
2026-07-04T02:00:44.372733+00:00,2026-07-04T02:00:44.372861,1,1,135.75,0.5,135.5,100,,,,,,,,,,,,,,,,,,,136.0,100,,,,,,,,,,,,,,,,,,
2026-07-04T02:00:44.427894+00:00,2026-07-04T02:00:44.427838,2,1,135.8,0.4,135.6,150,135.5,100,,,,,,,,,,,,,,,,,136.0,100,,,,,,,,,,,,,,,,,,
2026-07-04T02:00:44.477030+00:00,2026-07-04T02:00:44.476986,2,2,135.8,0.4,135.6,150,135.5,100,,,,,,,,,,,,,,,,,136.0,100,136.1,150,,,,,,,,,,,,,,,,
2026-07-04T02:00:45.428142+00:00,2026-07-04T02:00:45.428024,1,1,135.85,0.5,135.6,150,,,,,,,,,,,,,,,,,,,136.1,150,,,,,,,,,,,,,,,,,,
2026-07-04T02:00:45.485648+00:00,2026-07-04T02:00:45.485730,2,1,135.85,0.5,135.6,150,135.5,100,,,,,,,,,,,,,,,,,136.1,150,,,,,,,,,,,,,,,,,,
2026-07-04T02:00:45.533775+00:00,2026-07-04T02:00:45.533907,2,2,135.8,0.4,135.6,150,135.5,100,,,,,,,,,,,,,,,,,136.0,100,136.1,150,,,,,,,,,,,,,,,,
2026-07-04T02:00:45.643797+00:00,2026-07-04T02:00:45.643720,2,2,135.8,0.4,135.6,100,135.5,100,,,,,,,,,,,,,,,,,136.0,100,136.1,150,,,,,,,,,,,,,,,,
2026-07-04T02:00:45.858586+00:00,2026-07-04T02:00:45.855856,2,2,135.8,0.4,135.6,100,135.5,100,,,,,,,,,,,,,,,,,136.0,53,136.1,150,,,,,,,,,,,,,,,,
2026-07-04T02:00:47.558641+00:00,2026-07-04T02:00:47.549506,1,1,135.75,0.5,135.5,100,,,,,,,,,,,,,,,,,,,136.0,53,,,,,,,,,,,,,,,,,,
2026-07-04T02:00:47.607591+00:00,2026-07-04T02:00:47.607483,2,1,135.75,0.5,135.5,100,135.3,150,,,,,,,,,,,,,,,,,136.0,53,,,,,,,,,,,,,,,,,,
2026-07-04T02:00:47.656794+00:00,2026-07-04T02:00:47.657061,2,2,135.65,0.3,135.5,100,135.3,150,,,,,,,,,,,,,,,,,135.8,150,136.0,53,,,,,,,,,,,,,,,,
2026-07-04T02:00:47.748061+00:00,2026-07-04T02:00:47.747984,2,2,135.65,0.3,135.5,50,135.3,150,,,,,,,,,,,,,,,,,135.8,150,136.0,53,,,,,,,,,,,,,,,,
2026-07-04T02:00:48.592828+00:00,2026-07-04T02:00:48.592693,1,1,135.55,0.5,135.3,150,,,,,,,,,,,,,,,,,,,135.8,150,,,,,,,,,,,,,,,,,,
2026-07-04T02:00:48.645735+00:00,2026-07-04T02:00:48.645956,2,1,135.65,0.3,135.5,100,135.3,150,,,,,,,,,,,,,,,,,135.8,150,,,,,,,,,,,,,,,,,,
2026-07-04T02:00:48.669419+00:00,2026-07-04T02:00:48.669275,2,1,135.65,0.3,135.5,59,135.3,150,,,,,,,,,,,,,,,,,135.8,150,,,,,,,,,,,,,,,,,,
2026-07-04T02:00:48.699164+00:00,2026-07-04T02:00:48.699097,2,2,135.65,0.3,135.5,59,135.3,150,,,,,,,,,,,,,,,,,135.8,150,136.0,100,,,,,,,,,,,,,,,,
2026-07-04T02:00:50.722678+00:00,2026-07-04T02:00:50.722636,1,1,135.75,0.5,135.5,59,,,,,,,,,,,,,,,,,,,136.0,100,,,,,,,,,,,,,,,,,,
2026-07-04T02:00:50.775820+00:00,2026-07-04T02:00:50.775705,2,1,135.75,0.5,135.5,59,135.3,150,,,,,,,,,,,,,,,,,136.0,100,,,,,,,,,,,,,,,,,,
2026-07-04T02:00:50.827752+00:00,2026-07-04T02:00:50.827667,2,2,135.65,0.3,135.5,59,135.3,150,,,,,,,,,,,,,,,,,135.8,150,136.0,100,,,,,,,,,,,,,,,,
2026-07-04T02:00:51.658602+00:00,2026-07-04T02:00:51.654047,2,2,135.65,0.3,135.5,13,135.3,150,,,,,,,,,,,,,,,,,135.8,150,136.0,100,,,,,,,,,,,,,,,,
2026-07-04T02:00:51.774831+00:00,2026-07-04T02:00:51.774721,1,1,135.55,0.5,135.3,150,,,,,,,,,,,,,,,,,,,135.8,150,,,,,,,,,,,,,,,,,,
2026-07-04T02:00:51.832592+00:00,2026-07-04T02:00:51.832562,2,1,135.55,0.5,135.3,150,135.0,100,,,,,,,,,,,,,,,,,135.8,150,,,,,,,,,,,,,,,,,,
2026-07-04T02:00:51.885138+00:00,2026-07-04T02:00:51.885053,2,2,135.35,0.1,135.3,150,135.0,100,,,,,,,,,,,,,,,,,135.4,100,135.8,150,,,,,,,,,,,,,,,,
2026-07-04T02:00:51.956259+00:00,2026-07-04T02:00:51.956428,2,2,135.35,0.1,135.3,100,135.0,100,,,,,,,,,,,,,,,,,135.4,100,135.8,150,,,,,,,,,,,,,,,,
2026-07-04T02:00:52.035859+00:00,2026-07-04T02:00:52.030369,2,2,135.35,0.1,135.3,100,135.0,100,,,,,,,,,,,,,,,,,135.4,89,135.8,150,,,,,,,,,,,,,,,,
2026-07-04T02:00:52.258718+00:00,2026-07-04T02:00:52.252827,2,2,135.35,0.1,135.3,100,135.0,100,,,,,,,,,,,,,,,,,135.4,42,135.8,150,,,,,,,,,,,,,,,,
2026-07-04T02:00:52.895824+00:00,2026-07-04T02:00:52.895698,2,2,135.35,0.1,135.3,100,135.0,100,,,,,,,,,,,,,,,,,135.4,1,135.8,150,,,,,,,,,,,,,,,,
2026-07-04T02:00:53.359147+00:00,2026-07-04T02:00:53.359070,2,1,135.55,0.5,135.3,100,135.0,100,,,,,,,,,,,,,,,,,135.8,150,,,,,,,,,,,,,,,,,,
2026-07-04T02:00:53.877003+00:00,2026-07-04T02:00:53.876897,2,0,,,135.3,100,135.0,100,,,,,,,,,,,,,,,,,,,,,,,,,,,,,,,,,,,,
2026-07-04T02:00:53.881986+00:00,2026-07-04T02:00:53.882059,1,0,,,135.0,100,,,,,,,,,,,,,,,,,,,,,,,,,,,,,,,,,,,,,,
2026-07-04T02:00:53.935625+00:00,2026-07-04T02:00:53.935507,2,0,,,135.0,56,134.9,150,,,,,,,,,,,,,,,,,,,,,,,,,,,,,,,,,,,,
2026-07-04T02:00:53.988226+00:00,2026-07-04T02:00:53.988341,2,1,135.2,0.4,135.0,56,134.9,150,,,,,,,,,,,,,,,,,135.4,150,,,,,,,,,,,,,,,,,,
2026-07-04T02:00:54.807436+00:00,2026-07-04T02:00:54.802677,2,1,135.2,0.4,135.0,56,134.9,150,,,,,,,,,,,,,,,,,135.4,139,,,,,,,,,,,,,,,,,,
2026-07-04T02:00:54.938724+00:00,2026-07-04T02:00:54.938657,1,1,135.15,0.5,134.9,150,,,,,,,,,,,,,,,,,,,135.4,139,,,,,,,,,,,,,,,,,,
2026-07-04T02:00:54.991791+00:00,2026-07-04T02:00:54.991754,1,1,135.15,0.5,134.9,150,,,,,,,,,,,,,,,,,,,135.4,39,,,,,,,,,,,,,,,,,,
2026-07-04T02:00:55.044706+00:00,2026-07-04T02:00:55.044670,1,2,135.15,0.5,134.9,150,,,,,,,,,,,,,,,,,,,135.4,39,135.9,100,,,,,,,,,,,,,,,,
2026-07-04T02:00:56.174939+00:00,2026-07-04T02:00:56.174889,1,2,135.15,0.5,134.9,100,,,,,,,,,,,,,,,,,,,135.4,39,135.9,100,,,,,,,,,,,,,,,,
2026-07-04T02:00:57.043548+00:00,2026-07-04T02:00:57.043452,0,1,,,,,,,,,,,,,,,,,,,,,,,135.9,100,,,,,,,,,,,,,,,,,,
2026-07-04T02:00:57.098720+00:00,2026-07-04T02:00:57.098606,1,1,135.6,0.6,135.3,150,,,,,,,,,,,,,,,,,,,135.9,100,,,,,,,,,,,,,,,,,,
2026-07-04T02:00:57.158660+00:00,2026-07-04T02:00:57.151326,1,2,135.55,0.5,135.3,150,,,,,,,,,,,,,,,,,,,135.8,107,135.9,100,,,,,,,,,,,,,,,,
2026-07-04T02:00:58.098294+00:00,2026-07-04T02:00:58.098269,1,1,135.55,0.5,135.3,150,,,,,,,,,,,,,,,,,,,135.8,107,,,,,,,,,,,,,,,,,,
2026-07-04T02:00:58.158802+00:00,2026-07-04T02:00:58.158692,2,1,135.55,0.5,135.3,150,135.0,100,,,,,,,,,,,,,,,,,135.8,107,,,,,,,,,,,,,,,,,,
2026-07-04T02:00:58.203850+00:00,2026-07-04T02:00:58.203996,2,2,135.4,0.2,135.3,150,135.0,100,,,,,,,,,,,,,,,,,135.5,100,135.8,107,,,,,,,,,,,,,,,,
2026-07-04T02:00:58.282127+00:00,2026-07-04T02:00:58.282083,2,2,135.4,0.2,135.3,100,135.0,100,,,,,,,,,,,,,,,,,135.5,100,135.8,107,,,,,,,,,,,,,,,,
2026-07-04T02:01:00.200366+00:00,2026-07-04T02:01:00.200332,2,1,135.4,0.2,135.3,100,135.0,100,,,,,,,,,,,,,,,,,135.5,100,,,,,,,,,,,,,,,,,,
2026-07-04T02:01:00.205557+00:00,2026-07-04T02:01:00.205525,1,1,135.25,0.5,135.0,100,,,,,,,,,,,,,,,,,,,135.5,100,,,,,,,,,,,,,,,,,,
2026-07-04T02:01:00.265146+00:00,2026-07-04T02:01:00.265003,2,1,135.35,0.3,135.2,150,135.0,100,,,,,,,,,,,,,,,,,135.5,100,,,,,,,,,,,,,,,,,,
2026-07-04T02:01:00.324252+00:00,2026-07-04T02:01:00.324370,2,2,135.35,0.3,135.2,150,135.0,100,,,,,,,,,,,,,,,,,135.5,100,135.7,150,,,,,,,,,,,,,,,,
2026-07-04T02:01:01.258717+00:00,2026-07-04T02:01:01.258571,1,1,135.45,0.5,135.2,150,,,,,,,,,,,,,,,,,,,135.7,150,,,,,,,,,,,,,,,,,,
2026-07-04T02:01:01.312254+00:00,2026-07-04T02:01:01.312149,2,1,135.45,0.5,135.2,150,135.0,100,,,,,,,,,,,,,,,,,135.7,150,,,,,,,,,,,,,,,,,,
2026-07-04T02:01:01.365136+00:00,2026-07-04T02:01:01.365075,2,2,135.35,0.3,135.2,150,135.0,100,,,,,,,,,,,,,,,,,135.5,100,135.7,150,,,,,,,,,,,,,,,,
2026-07-04T02:01:02.442266+00:00,2026-07-04T02:01:02.442137,2,2,135.35,0.3,135.2,150,135.0,100,,,,,,,,,,,,,,,,,135.5,50,135.7,150,,,,,,,,,,,,,,,,
2026-07-04T02:01:02.492910+00:00,2026-07-04T02:01:02.493045,2,2,135.35,0.3,135.2,150,135.0,100,,,,,,,,,,,,,,,,,135.5,2,135.7,150,,,,,,,,,,,,,,,,
2026-07-04T02:01:03.378865+00:00,2026-07-04T02:01:03.378759,1,1,135.25,0.5,135.0,100,,,,,,,,,,,,,,,,,,,135.5,2,,,,,,,,,,,,,,,,,,
2026-07-04T02:01:03.433308+00:00,2026-07-04T02:01:03.433255,2,1,135.45,0.1,135.4,150,135.0,100,,,,,,,,,,,,,,,,,135.5,2,,,,,,,,,,,,,,,,,,
2026-07-04T02:01:03.485855+00:00,2026-07-04T02:01:03.485786,2,2,135.45,0.1,135.4,150,135.0,100,,,,,,,,,,,,,,,,,135.5,2,135.9,150,,,,,,,,,,,,,,,,
2026-07-04T02:01:04.418887+00:00,2026-07-04T02:01:04.418842,1,1,135.65,0.5,135.4,150,,,,,,,,,,,,,,,,,,,135.9,150,,,,,,,,,,,,,,,,,,
2026-07-04T02:01:04.484859+00:00,2026-07-04T02:01:04.484655,2,1,135.65,0.5,135.4,150,135.3,100,,,,,,,,,,,,,,,,,135.9,150,,,,,,,,,,,,,,,,,,
2026-07-04T02:01:04.538533+00:00,2026-07-04T02:01:04.538460,2,2,135.6,0.4,135.4,150,135.3,100,,,,,,,,,,,,,,,,,135.8,100,135.9,150,,,,,,,,,,,,,,,,
2026-07-04T02:01:04.564314+00:00,2026-07-04T02:01:04.564259,2,2,135.6,0.4,135.4,150,135.3,100,,,,,,,,,,,,,,,,,135.8,50,135.9,150,,,,,,,,,,,,,,,,
2026-07-04T02:01:06.532824+00:00,2026-07-04T02:01:06.532366,1,1,135.55,0.5,135.3,100,,,,,,,,,,,,,,,,,,,135.8,50,,,,,,,,,,,,,,,,,,
2026-07-04T02:01:06.593763+00:00,2026-07-04T02:01:06.593644,2,1,135.7,0.2,135.6,150,135.3,100,,,,,,,,,,,,,,,,,135.8,50,,,,,,,,,,,,,,,,,,
2026-07-04T02:01:06.647317+00:00,2026-07-04T02:01:06.647198,2,2,135.7,0.2,135.6,150,135.3,100,,,,,,,,,,,,,,,,,135.8,50,136.1,150,,,,,,,,,,,,,,,,
2026-07-04T02:01:06.672638+00:00,2026-07-04T02:01:06.672532,2,1,135.85,0.5,135.6,150,135.3,100,,,,,,,,,,,,,,,,,136.1,150,,,,,,,,,,,,,,,,,,
2026-07-04T02:01:07.237397+00:00,2026-07-04T02:01:07.237273,2,1,135.85,0.5,135.6,106,135.3,100,,,,,,,,,,,,,,,,,136.1,150,,,,,,,,,,,,,,,,,,
2026-07-04T02:01:07.593460+00:00,2026-07-04T02:01:07.593428,1,1,135.85,0.5,135.6,106,,,,,,,,,,,,,,,,,,,136.1,150,,,,,,,,,,,,,,,,,,
2026-07-04T02:01:07.658374+00:00,2026-07-04T02:01:07.652234,2,1,136.0,0.2,135.9,89,135.6,106,,,,,,,,,,,,,,,,,136.1,150,,,,,,,,,,,,,,,,,,
2026-07-04T02:01:07.700875+00:00,2026-07-04T02:01:07.700835,2,2,136.0,0.2,135.9,89,135.6,106,,,,,,,,,,,,,,,,,136.1,150,136.4,100,,,,,,,,,,,,,,,,
2026-07-04T02:01:07.768538+00:00,2026-07-04T02:01:07.762397,2,2,136.0,0.2,135.9,66,135.6,106,,,,,,,,,,,,,,,,,136.1,150,136.4,100,,,,,,,,,,,,,,,,
2026-07-04T02:01:09.698553+00:00,2026-07-04T02:01:09.698427,2,1,136.15,0.5,135.9,66,135.6,106,,,,,,,,,,,,,,,,,136.4,100,,,,,,,,,,,,,,,,,,
2026-07-04T02:01:09.703707+00:00,2026-07-04T02:01:09.703610,1,1,136.15,0.5,135.9,66,,,,,,,,,,,,,,,,,,,136.4,100,,,,,,,,,,,,,,,,,,
2026-07-04T02:01:09.758596+00:00,2026-07-04T02:01:09.748083,2,1,136.15,0.5,135.9,66,135.3,150,,,,,,,,,,,,,,,,,136.4,100,,,,,,,,,,,,,,,,,,
2026-07-04T02:01:09.808818+00:00,2026-07-04T02:01:09.808755,1,2,135.55,0.5,135.3,150,,,,,,,,,,,,,,,,,,,135.8,84,136.4,100,,,,,,,,,,,,,,,,
2026-07-04T02:01:10.374797+00:00,2026-07-04T02:01:10.370003,1,2,135.55,0.5,135.3,150,,,,,,,,,,,,,,,,,,,135.8,50,136.4,100,,,,,,,,,,,,,,,,
2026-07-04T02:01:10.758633+00:00,2026-07-04T02:01:10.755677,1,1,135.55,0.5,135.3,150,,,,,,,,,,,,,,,,,,,135.8,50,,,,,,,,,,,,,,,,,,
2026-07-04T02:01:10.814567+00:00,2026-07-04T02:01:10.814473,2,0,,,135.8,50,135.3,150,,,,,,,,,,,,,,,,,,,,,,,,,,,,,,,,,,,,
2026-07-04T02:01:10.858022+00:00,2026-07-04T02:01:10.858239,2,1,136.05,0.5,135.8,50,135.3,150,,,,,,,,,,,,,,,,,136.3,100,,,,,,,,,,,,,,,,,,
2026-07-04T02:01:12.858621+00:00,2026-07-04T02:01:12.853807,1,1,136.05,0.5,135.8,9,,,,,,,,,,,,,,,,,,,136.3,100,,,,,,,,,,,,,,,,,,
2026-07-04T02:01:12.916293+00:00,2026-07-04T02:01:12.916454,2,0,,,136.6,50,135.8,9,,,,,,,,,,,,,,,,,,,,,,,,,,,,,,,,,,,,
2026-07-04T02:01:12.979600+00:00,2026-07-04T02:01:12.979503,2,1,136.85,0.5,136.6,50,135.8,9,,,,,,,,,,,,,,,,,137.1,150,,,,,,,,,,,,,,,,,,
2026-07-04T02:01:13.004747+00:00,2026-07-04T02:01:12.999045,1,1,136.45,1.3,135.8,9,,,,,,,,,,,,,,,,,,,137.1,150,,,,,,,,,,,,,,,,,,
2026-07-04T02:01:13.791640+00:00,2026-07-04T02:01:13.791563,0,1,,,,,,,,,,,,,,,,,,,,,,,137.1,150,,,,,,,,,,,,,,,,,,
2026-07-04T02:01:13.976374+00:00,2026-07-04T02:01:13.976462,1,1,136.5,1.2,135.9,100,,,,,,,,,,,,,,,,,,,137.1,150,,,,,,,,,,,,,,,,,,
2026-07-04T02:01:14.028192+00:00,2026-07-04T02:01:14.028088,1,2,136.15,0.5,135.9,100,,,,,,,,,,,,,,,,,,,136.4,100,137.1,150,,,,,,,,,,,,,,,,
2026-07-04T02:01:14.308703+00:00,2026-07-04T02:01:14.304049,1,2,136.15,0.5,135.9,100,,,,,,,,,,,,,,,,,,,136.4,84,137.1,150,,,,,,,,,,,,,,,,
2026-07-04T02:01:14.352283+00:00,2026-07-04T02:01:14.352159,1,2,136.15,0.5,135.9,100,,,,,,,,,,,,,,,,,,,136.4,36,137.1,150,,,,,,,,,,,,,,,,
2026-07-04T02:01:15.092487+00:00,2026-07-04T02:01:15.092365,1,1,136.5,1.2,135.9,100,,,,,,,,,,,,,,,,,,,137.1,136,,,,,,,,,,,,,,,,,,
2026-07-04T02:01:15.514185+00:00,2026-07-04T02:01:15.514152,1,1,136.5,1.2,135.9,52,,,,,,,,,,,,,,,,,,,137.1,136,,,,,,,,,,,,,,,,,,
2026-07-04T02:01:16.032997+00:00,2026-07-04T02:01:16.032928,1,0,,,135.9,52,,,,,,,,,,,,,,,,,,,,,,,,,,,,,,,,,,,,,,
2026-07-04T02:01:16.085284+00:00,2026-07-04T02:01:16.085173,1,0,,,135.9,202,,,,,,,,,,,,,,,,,,,,,,,,,,,,,,,,,,,,,,
2026-07-04T02:01:16.138115+00:00,2026-07-04T02:01:16.138196,1,1,136.15,0.5,135.9,202,,,,,,,,,,,,,,,,,,,136.4,150,,,,,,,,,,,,,,,,,,
2026-07-04T02:01:17.084026+00:00,2026-07-04T02:01:17.083971,1,1,136.15,0.5,135.9,150,,,,,,,,,,,,,,,,,,,136.4,150,,,,,,,,,,,,,,,,,,
2026-07-04T02:01:17.136026+00:00,2026-07-04T02:01:17.135881,2,1,136.25,0.3,136.1,100,135.9,150,,,,,,,,,,,,,,,,,136.4,150,,,,,,,,,,,,,,,,,,
2026-07-04T02:01:17.148852+00:00,2026-07-04T02:01:17.148782,2,1,136.25,0.3,136.1,57,135.9,150,,,,,,,,,,,,,,,,,136.4,150,,,,,,,,,,,,,,,,,,
2026-07-04T02:01:17.201942+00:00,2026-07-04T02:01:17.201875,2,2,136.25,0.3,136.1,57,135.9,150,,,,,,,,,,,,,,,,,136.4,100,136.6,100,,,,,,,,,,,,,,,,
2026-07-04T02:01:19.192435+00:00,2026-07-04T02:01:19.192635,1,1,136.35,0.5,136.1,57,,,,,,,,,,,,,,,,,,,136.6,100,,,,,,,,,,,,,,,,,,
2026-07-04T02:01:19.244092+00:00,2026-07-04T02:01:19.244206,2,1,136.35,0.5,136.1,57,135.9,150,,,,,,,,,,,,,,,,,136.6,100,,,,,,,,,,,,,,,,,,
2026-07-04T02:01:19.300302+00:00,2026-07-04T02:01:19.300251,2,2,136.25,0.3,136.1,57,135.9,150,,,,,,,,,,,,,,,,,136.4,150,136.6,100,,,,,,,,,,,,,,,,
2026-07-04T02:01:19.312119+00:00,2026-07-04T02:01:19.312026,2,2,136.25,0.3,136.1,57,135.9,150,,,,,,,,,,,,,,,,,136.4,100,136.6,100,,,,,,,,,,,,,,,,
2026-07-04T02:01:19.758572+00:00,2026-07-04T02:01:19.757164,2,2,136.25,0.3,136.1,57,135.9,150,,,,,,,,,,,,,,,,,136.4,53,136.6,100,,,,,,,,,,,,,,,,
2026-07-04T02:01:20.258630+00:00,2026-07-04T02:01:20.255975,1,1,136.15,0.5,135.9,150,,,,,,,,,,,,,,,,,,,136.4,53,,,,,,,,,,,,,,,,,,
2026-07-04T02:01:20.308610+00:00,2026-07-04T02:01:20.308566,2,1,136.2,0.4,136.0,100,135.9,150,,,,,,,,,,,,,,,,,136.4,53,,,,,,,,,,,,,,,,,,
2026-07-04T02:01:20.364137+00:00,2026-07-04T02:01:20.364039,2,2,136.2,0.4,136.0,100,135.9,150,,,,,,,,,,,,,,,,,136.4,53,136.5,100,,,,,,,,,,,,,,,,
2026-07-04T02:01:21.439159+00:00,2026-07-04T02:01:21.439121,2,2,136.2,0.4,136.0,100,135.9,150,,,,,,,,,,,,,,,,,136.4,3,136.5,100,,,,,,,,,,,,,,,,
2026-07-04T02:01:22.358624+00:00,2026-07-04T02:01:22.354378,1,1,136.25,0.5,136.0,100,,,,,,,,,,,,,,,,,,,136.5,100,,,,,,,,,,,,,,,,,,
2026-07-04T02:01:22.412876+00:00,2026-07-04T02:01:22.412751,2,0,,,136.8,50,136.0,100,,,,,,,,,,,,,,,,,,,,,,,,,,,,,,,,,,,,
2026-07-04T02:01:22.479127+00:00,2026-07-04T02:01:22.472804,2,1,137.05,0.5,136.8,27,136.0,100,,,,,,,,,,,,,,,,,137.3,150,,,,,,,,,,,,,,,,,,
2026-07-04T02:01:23.419882+00:00,2026-07-04T02:01:23.419827,1,1,137.05,0.5,136.8,27,,,,,,,,,,,,,,,,,,,137.3,150,,,,,,,,,,,,,,,,,,
2026-07-04T02:01:23.489314+00:00,2026-07-04T02:01:23.483869,2,1,137.05,0.5,136.8,13,136.4,100,,,,,,,,,,,,,,,,,137.3,150,,,,,,,,,,,,,,,,,,
2026-07-04T02:01:23.535146+00:00,2026-07-04T02:01:23.535056,2,2,136.85,0.1,136.8,13,136.4,100,,,,,,,,,,,,,,,,,136.9,100,137.3,150,,,,,,,,,,,,,,,,
2026-07-04T02:01:23.545330+00:00,2026-07-04T02:01:23.545426,2,2,136.85,0.1,136.8,13,136.4,100,,,,,,,,,,,,,,,,,136.9,50,137.3,150,,,,,,,,,,,,,,,,
2026-07-04T02:01:25.523347+00:00,2026-07-04T02:01:25.523290,1,1,136.65,0.5,136.4,100,,,,,,,,,,,,,,,,,,,136.9,50,,,,,,,,,,,,,,,,,,
2026-07-04T02:01:25.577658+00:00,2026-07-04T02:01:25.577599,2,1,136.7,0.4,136.5,150,136.4,100,,,,,,,,,,,,,,,,,136.9,50,,,,,,,,,,,,,,,,,,
2026-07-04T02:01:25.630920+00:00,2026-07-04T02:01:25.630809,2,2,136.7,0.4,136.5,150,136.4,100,,,,,,,,,,,,,,,,,136.9,50,137.0,150,,,,,,,,,,,,,,,,
2026-07-04T02:01:25.651143+00:00,2026-07-04T02:01:25.651036,2,1,136.75,0.5,136.5,150,136.4,100,,,,,,,,,,,,,,,,,137.0,150,,,,,,,,,,,,,,,,,,
2026-07-04T02:01:26.585761+00:00,2026-07-04T02:01:26.585666,1,1,136.75,0.5,136.5,150,,,,,,,,,,,,,,,,,,,137.0,150,,,,,,,,,,,,,,,,,,
2026-07-04T02:01:26.637334+00:00,2026-07-04T02:01:26.637248,2,1,136.8,0.4,136.6,100,136.5,150,,,,,,,,,,,,,,,,,137.0,150,,,,,,,,,,,,,,,,,,
2026-07-04T02:01:26.690556+00:00,2026-07-04T02:01:26.690713,2,2,136.8,0.4,136.6,100,136.5,150,,,,,,,,,,,,,,,,,137.0,150,137.1,100,,,,,,,,,,,,,,,,
2026-07-04T02:01:27.770882+00:00,2026-07-04T02:01:27.770811,2,2,136.8,0.4,136.6,100,136.5,150,,,,,,,,,,,,,,,,,137.0,100,137.1,100,,,,,,,,,,,,,,,,
2026-07-04T02:01:28.558673+00:00,2026-07-04T02:01:28.551558,2,2,136.8,0.4,136.6,100,136.5,150,,,,,,,,,,,,,,,,,137.0,54,137.1,100,,,,,,,,,,,,,,,,
2026-07-04T02:01:28.714046+00:00,2026-07-04T02:01:28.713971,1,1,136.85,0.5,136.6,100,,,,,,,,,,,,,,,,,,,137.1,100,,,,,,,,,,,,,,,,,,
2026-07-04T02:01:28.774236+00:00,2026-07-04T02:01:28.774183,2,1,136.95,0.3,136.8,150,136.6,100,,,,,,,,,,,,,,,,,137.1,100,,,,,,,,,,,,,,,,,,
2026-07-04T02:01:28.831967+00:00,2026-07-04T02:01:28.831931,2,2,136.95,0.3,136.8,150,136.6,100,,,,,,,,,,,,,,,,,137.1,100,137.3,150,,,,,,,,,,,,,,,,
2026-07-04T02:01:29.763937+00:00,2026-07-04T02:01:29.763849,1,1,137.05,0.5,136.8,150,,,,,,,,,,,,,,,,,,,137.3,150,,,,,,,,,,,,,,,,,,
2026-07-04T02:01:29.803811+00:00,2026-07-04T02:01:29.803669,2,1,137.1,0.4,136.9,100,136.8,150,,,,,,,,,,,,,,,,,137.3,150,,,,,,,,,,,,,,,,,,
2026-07-04T02:01:29.856523+00:00,2026-07-04T02:01:29.856453,2,2,137.1,0.4,136.9,100,136.8,150,,,,,,,,,,,,,,,,,137.3,150,137.4,100,,,,,,,,,,,,,,,,
2026-07-04T02:01:29.879001+00:00,2026-07-04T02:01:29.878853,2,2,137.1,0.4,136.9,100,136.8,150,,,,,,,,,,,,,,,,,137.3,100,137.4,100,,,,,,,,,,,,,,,,
2026-07-04T02:01:30.299998+00:00,2026-07-04T02:01:30.299882,2,2,137.1,0.4,136.9,58,136.8,150,,,,,,,,,,,,,,,,,137.3,100,137.4,100,,,,,,,,,,,,,,,,
2026-07-04T02:01:31.887007+00:00,2026-07-04T02:01:31.886955,1,1,137.15,0.5,136.9,58,,,,,,,,,,,,,,,,,,,137.4,100,,,,,,,,,,,,,,,,,,
2026-07-04T02:01:31.941350+00:00,2026-07-04T02:01:31.941281,2,1,137.2,0.4,137.0,150,136.9,58,,,,,,,,,,,,,,,,,137.4,100,,,,,,,,,,,,,,,,,,
2026-07-04T02:01:31.998138+00:00,2026-07-04T02:01:31.998107,2,2,137.2,0.4,137.0,150,136.9,58,,,,,,,,,,,,,,,,,137.4,50,137.5,150,,,,,,,,,,,,,,,,
2026-07-04T02:01:32.911289+00:00,2026-07-04T02:01:32.911131,2,1,137.25,0.5,137.0,150,136.9,58,,,,,,,,,,,,,,,,,137.5,150,,,,,,,,,,,,,,,,,,
2026-07-04T02:01:32.916357+00:00,2026-07-04T02:01:32.916316,1,1,137.25,0.5,137.0,150,,,,,,,,,,,,,,,,,,,137.5,150,,,,,,,,,,,,,,,,,,
2026-07-04T02:01:32.965786+00:00,2026-07-04T02:01:32.965687,2,1,137.25,0.5,137.0,150,136.8,100,,,,,,,,,,,,,,,,,137.5,150,,,,,,,,,,,,,,,,,,
2026-07-04T02:01:33.017738+00:00,2026-07-04T02:01:33.017884,2,2,137.15,0.3,137.0,150,136.8,100,,,,,,,,,,,,,,,,,137.3,100,137.5,150,,,,,,,,,,,,,,,,
2026-07-04T02:01:34.107137+00:00,2026-07-04T02:01:34.107276,2,2,137.15,0.3,137.0,150,136.8,100,,,,,,,,,,,,,,,,,137.3,50,137.5,150,,,,,,,,,,,,,,,,
2026-07-04T02:01:35.058661+00:00,2026-07-04T02:01:35.052808,1,1,137.05,0.5,136.8,100,,,,,,,,,,,,,,,,,,,137.3,50,,,,,,,,,,,,,,,,,,
2026-07-04T02:01:35.107423+00:00,2026-07-04T02:01:35.107351,2,1,137.15,0.3,137.0,150,136.8,100,,,,,,,,,,,,,,,,,137.3,50,,,,,,,,,,,,,,,,,,
2026-07-04T02:01:35.158630+00:00,2026-07-04T02:01:35.154375,2,2,137.15,0.3,137.0,150,136.8,100,,,,,,,,,,,,,,,,,137.3,50,137.5,150,,,,,,,,,,,,,,,,
2026-07-04T02:01:36.071478+00:00,2026-07-04T02:01:36.071631,1,1,137.25,0.5,137.0,150,,,,,,,,,,,,,,,,,,,137.5,150,,,,,,,,,,,,,,,,,,
2026-07-04T02:01:36.124062+00:00,2026-07-04T02:01:36.124015,2,1,137.3,0.4,137.1,100,137.0,150,,,,,,,,,,,,,,,,,137.5,150,,,,,,,,,,,,,,,,,,
2026-07-04T02:01:36.176423+00:00,2026-07-04T02:01:36.176335,2,2,137.3,0.4,137.1,100,137.0,150,,,,,,,,,,,,,,,,,137.5,150,137.6,100,,,,,,,,,,,,,,,,
2026-07-04T02:01:36.225632+00:00,2026-07-04T02:01:36.225567,2,2,137.3,0.4,137.1,100,137.0,150,,,,,,,,,,,,,,,,,137.5,100,137.6,100,,,,,,,,,,,,,,,,
2026-07-04T02:01:37.832280+00:00,2026-07-04T02:01:37.832151,2,2,137.3,0.4,137.1,58,137.0,150,,,,,,,,,,,,,,,,,137.5,100,137.6,100,,,,,,,,,,,,,,,,
2026-07-04T02:01:38.215059+00:00,2026-07-04T02:01:38.214937,1,1,137.35,0.5,137.1,58,,,,,,,,,,,,,,,,,,,137.6,100,,,,,,,,,,,,,,,,,,
2026-07-04T02:01:38.270731+00:00,2026-07-04T02:01:38.270599,2,1,137.5,0.2,137.4,150,137.1,58,,,,,,,,,,,,,,,,,137.6,100,,,,,,,,,,,,,,,,,,
2026-07-04T02:01:38.324063+00:00,2026-07-04T02:01:38.323853,2,2,137.5,0.2,137.4,150,137.1,58,,,,,,,,,,,,,,,,,137.6,100,137.9,150,,,,,,,,,,,,,,,,
2026-07-04T02:01:38.329306+00:00,2026-07-04T02:01:38.329158,2,2,137.5,0.2,137.4,150,137.1,58,,,,,,,,,,,,,,,,,137.6,50,137.9,150,,,,,,,,,,,,,,,,
2026-07-04T02:01:39.230425+00:00,2026-07-04T02:01:39.230366,2,1,137.65,0.5,137.4,150,137.1,58,,,,,,,,,,,,,,,,,137.9,150,,,,,,,,,,,,,,,,,,
2026-07-04T02:01:39.235635+00:00,2026-07-04T02:01:39.235550,1,1,137.65,0.5,137.4,150,,,,,,,,,,,,,,,,,,,137.9,150,,,,,,,,,,,,,,,,,,
2026-07-04T02:01:39.288820+00:00,2026-07-04T02:01:39.288990,2,1,137.65,0.5,137.4,150,137.3,100,,,,,,,,,,,,,,,,,137.9,150,,,,,,,,,,,,,,,,,,
2026-07-04T02:01:39.342358+00:00,2026-07-04T02:01:39.342231,2,2,137.6,0.4,137.4,150,137.3,100,,,,,,,,,,,,,,,,,137.8,100,137.9,150,,,,,,,,,,,,,,,,
2026-07-04T02:01:40.109442+00:00,2026-07-04T02:01:40.109407,2,2,137.6,0.4,137.4,103,137.3,100,,,,,,,,,,,,,,,,,137.8,100,137.9,150,,,,,,,,,,,,,,,,
2026-07-04T02:01:40.512410+00:00,2026-07-04T02:01:40.512269,2,2,137.6,0.4,137.4,53,137.3,100,,,,,,,,,,,,,,,,,137.8,100,137.9,150,,,,,,,,,,,,,,,,
2026-07-04T02:01:40.605256+00:00,2026-07-04T02:01:40.605214,2,2,137.6,0.4,137.4,53,137.3,100,,,,,,,,,,,,,,,,,137.8,52,137.9,150,,,,,,,,,,,,,,,,
2026-07-04T02:01:41.378547+00:00,2026-07-04T02:01:41.378470,1,1,137.55,0.5,137.3,100,,,,,,,,,,,,,,,,,,,137.8,52,,,,,,,,,,,,,,,,,,
2026-07-04T02:01:41.435434+00:00,2026-07-04T02:01:41.435361,2,1,137.55,0.5,137.3,100,137.1,150,,,,,,,,,,,,,,,,,137.8,52,,,,,,,,,,,,,,,,,,
2026-07-04T02:01:41.491569+00:00,2026-07-04T02:01:41.491668,2,2,137.45,0.3,137.3,100,137.1,150,,,,,,,,,,,,,,,,,137.6,150,137.8,52,,,,,,,,,,,,,,,,
2026-07-04T02:01:41.668016+00:00,2026-07-04T02:01:41.667948,2,2,137.45,0.3,137.3,55,137.1,150,,,,,,,,,,,,,,,,,137.6,150,137.8,52,,,,,,,,,,,,,,,,
2026-07-04T02:01:42.395793+00:00,2026-07-04T02:01:42.395684,1,1,137.35,0.5,137.1,150,,,,,,,,,,,,,,,,,,,137.6,150,,,,,,,,,,,,,,,,,,
2026-07-04T02:01:42.458678+00:00,2026-07-04T02:01:42.458625,2,1,137.45,0.3,137.3,100,137.1,150,,,,,,,,,,,,,,,,,137.6,150,,,,,,,,,,,,,,,,,,
2026-07-04T02:01:42.503555+00:00,2026-07-04T02:01:42.503473,2,2,137.45,0.3,137.3,100,137.1,150,,,,,,,,,,,,,,,,,137.6,150,137.8,100,,,,,,,,,,,,,,,,
2026-07-04T02:01:43.142632+00:00,2026-07-04T02:01:43.142521,2,2,137.45,0.3,137.3,100,137.1,150,,,,,,,,,,,,,,,,,137.6,102,137.8,100,,,,,,,,,,,,,,,,
2026-07-04T02:01:44.545870+00:00,2026-07-04T02:01:44.545841,1,1,137.55,0.5,137.3,100,,,,,,,,,,,,,,,,,,,137.8,100,,,,,,,,,,,,,,,,,,
2026-07-04T02:01:44.598719+00:00,2026-07-04T02:01:44.598645,2,1,137.55,0.5,137.3,100,137.2,150,,,,,,,,,,,,,,,,,137.8,100,,,,,,,,,,,,,,,,,,
2026-07-04T02:01:44.647236+00:00,2026-07-04T02:01:44.647331,2,2,137.5,0.4,137.3,100,137.2,150,,,,,,,,,,,,,,,,,137.7,150,137.8,100,,,,,,,,,,,,,,,,
2026-07-04T02:01:44.672449+00:00,2026-07-04T02:01:44.672376,2,2,137.5,0.4,137.3,100,137.2,150,,,,,,,,,,,,,,,,,137.7,100,137.8,100,,,,,,,,,,,,,,,,
2026-07-04T02:01:45.558582+00:00,2026-07-04T02:01:45.555213,1,1,137.45,0.5,137.2,150,,,,,,,,,,,,,,,,,,,137.7,100,,,,,,,,,,,,,,,,,,
2026-07-04T02:01:45.609860+00:00,2026-07-04T02:01:45.609741,2,1,137.5,0.4,137.3,100,137.2,150,,,,,,,,,,,,,,,,,137.7,100,,,,,,,,,,,,,,,,,,
2026-07-04T02:01:45.674911+00:00,2026-07-04T02:01:45.674821,2,2,137.5,0.4,137.3,100,137.2,150,,,,,,,,,,,,,,,,,137.7,100,137.8,100,,,,,,,,,,,,,,,,
2026-07-04T02:01:46.739885+00:00,2026-07-04T02:01:46.739742,2,2,137.5,0.4,137.3,100,137.2,150,,,,,,,,,,,,,,,,,137.7,51,137.8,100,,,,,,,,,,,,,,,,
2026-07-04T02:01:46.778965+00:00,2026-07-04T02:01:46.778821,2,2,137.5,0.4,137.3,100,137.2,150,,,,,,,,,,,,,,,,,137.7,1,137.8,100,,,,,,,,,,,,,,,,
2026-07-04T02:01:47.348635+00:00,2026-07-04T02:01:47.348550,2,2,137.5,0.4,137.3,54,137.2,150,,,,,,,,,,,,,,,,,137.7,1,137.8,100,,,,,,,,,,,,,,,,
2026-07-04T02:01:47.702227+00:00,2026-07-04T02:01:47.702157,1,1,137.55,0.5,137.3,54,,,,,,,,,,,,,,,,,,,137.8,100,,,,,,,,,,,,,,,,,,
2026-07-04T02:01:47.758659+00:00,2026-07-04T02:01:47.754405,2,0,,,138.0,50,137.3,54,,,,,,,,,,,,,,,,,,,,,,,,,,,,,,,,,,,,
2026-07-04T02:01:47.818593+00:00,2026-07-04T02:01:47.813504,1,1,137.9,1.2,137.3,54,,,,,,,,,,,,,,,,,,,138.5,150,,,,,,,,,,,,,,,,,,
2026-07-04T02:01:48.733236+00:00,2026-07-04T02:01:48.733336,0,1,,,,,,,,,,,,,,,,,,,,,,,138.5,150,,,,,,,,,,,,,,,,,,
2026-07-04T02:01:48.789323+00:00,2026-07-04T02:01:48.789289,1,1,138.1,0.8,137.7,100,,,,,,,,,,,,,,,,,,,138.5,150,,,,,,,,,,,,,,,,,,
2026-07-04T02:01:48.842840+00:00,2026-07-04T02:01:48.842751,1,2,137.95,0.5,137.7,100,,,,,,,,,,,,,,,,,,,138.2,100,138.5,150,,,,,,,,,,,,,,,,
2026-07-04T02:01:48.885102+00:00,2026-07-04T02:01:48.885028,1,2,137.95,0.5,137.7,100,,,,,,,,,,,,,,,,,,,138.2,50,138.5,150,,,,,,,,,,,,,,,,
2026-07-04T02:01:48.997731+00:00,2026-07-04T02:01:48.997916,1,2,137.95,0.5,137.7,57,,,,,,,,,,,,,,,,,,,138.2,50,138.5,150,,,,,,,,,,,,,,,,
2026-07-04T02:01:50.865056+00:00,2026-07-04T02:01:50.865014,1,1,137.95,0.5,137.7,57,,,,,,,,,,,,,,,,,,,138.2,50,,,,,,,,,,,,,,,,,,
2026-07-04T02:01:50.916963+00:00,2026-07-04T02:01:50.916937,2,1,137.95,0.5,137.7,57,137.4,150,,,,,,,,,,,,,,,,,138.2,50,,,,,,,,,,,,,,,,,,
2026-07-04T02:01:50.969878+00:00,2026-07-04T02:01:50.969820,2,2,137.8,0.2,137.7,57,137.4,150,,,,,,,,,,,,,,,,,137.9,150,138.2,50,,,,,,,,,,,,,,,,
2026-07-04T02:01:50.993019+00:00,2026-07-04T02:01:50.992904,2,2,137.8,0.2,137.7,57,137.4,150,,,,,,,,,,,,,,,,,137.9,100,138.2,50,,,,,,,,,,,,,,,,
2026-07-04T02:01:51.896240+00:00,2026-07-04T02:01:51.896207,2,1,137.8,0.2,137.7,57,137.4,150,,,,,,,,,,,,,,,,,137.9,100,,,,,,,,,,,,,,,,,,
2026-07-04T02:01:51.901498+00:00,2026-07-04T02:01:51.901370,1,1,137.65,0.5,137.4,150,,,,,,,,,,,,,,,,,,,137.9,100,,,,,,,,,,,,,,,,,,
2026-07-04T02:01:51.967131+00:00,2026-07-04T02:01:51.954882,2,1,137.8,0.2,137.7,100,137.4,150,,,,,,,,,,,,,,,,,137.9,100,,,,,,,,,,,,,,,,,,
2026-07-04T02:01:52.003972+00:00,2026-07-04T02:01:52.004073,2,2,137.8,0.2,137.7,100,137.4,150,,,,,,,,,,,,,,,,,137.9,100,138.2,100,,,,,,,,,,,,,,,,
2026-07-04T02:01:53.100302+00:00,2026-07-04T02:01:53.100242,2,2,137.8,0.2,137.7,100,137.4,150,,,,,,,,,,,,,,,,,137.9,50,138.2,100,,,,,,,,,,,,,,,,
2026-07-04T02:01:54.024001+00:00,2026-07-04T02:01:54.024149,1,1,137.95,0.5,137.7,100,,,,,,,,,,,,,,,,,,,138.2,100,,,,,,,,,,,,,,,,,,
2026-07-04T02:01:54.077396+00:00,2026-07-04T02:01:54.077206,1,1,137.95,0.5,137.7,250,,,,,,,,,,,,,,,,,,,138.2,100,,,,,,,,,,,,,,,,,,
2026-07-04T02:01:54.126657+00:00,2026-07-04T02:01:54.126590,1,1,137.95,0.5,137.7,250,,,,,,,,,,,,,,,,,,,138.2,250,,,,,,,,,,,,,,,,,,
2026-07-04T02:01:54.396102+00:00,2026-07-04T02:01:54.396048,1,1,137.95,0.5,137.7,250,,,,,,,,,,,,,,,,,,,138.2,210,,,,,,,,,,,,,,,,,,
2026-07-04T02:01:55.058692+00:00,2026-07-04T02:01:55.058468,1,1,137.95,0.5,137.7,150,,,,,,,,,,,,,,,,,,,138.2,150,,,,,,,,,,,,,,,,,,
2026-07-04T02:01:55.118888+00:00,2026-07-04T02:01:55.118803,1,1,137.95,0.5,137.7,250,,,,,,,,,,,,,,,,,,,138.2,150,,,,,,,,,,,,,,,,,,
2026-07-04T02:01:55.170106+00:00,2026-07-04T02:01:55.170024,1,1,137.95,0.5,137.7,250,,,,,,,,,,,,,,,,,,,138.2,250,,,,,,,,,,,,,,,,,,
2026-07-04T02:01:55.206887+00:00,2026-07-04T02:01:55.206803,1,1,137.95,0.5,137.7,250,,,,,,,,,,,,,,,,,,,138.2,200,,,,,,,,,,,,,,,,,,
2026-07-04T02:01:55.312328+00:00,2026-07-04T02:01:55.312280,1,1,137.95,0.5,137.7,250,,,,,,,,,,,,,,,,,,,138.2,158,,,,,,,,,,,,,,,,,,
2026-07-04T02:01:56.577718+00:00,2026-07-04T02:01:56.575982,1,1,137.95,0.5,137.7,238,,,,,,,,,,,,,,,,,,,138.2,158,,,,,,,,,,,,,,,,,,
2026-07-04T02:01:57.184914+00:00,2026-07-04T02:01:57.184789,1,1,137.95,0.5,137.7,100,,,,,,,,,,,,,,,,,,,138.2,100,,,,,,,,,,,,,,,,,,
2026-07-04T02:01:57.246094+00:00,2026-07-04T02:01:57.240194,2,1,138.0,0.4,137.8,138,137.7,100,,,,,,,,,,,,,,,,,138.2,100,,,,,,,,,,,,,,,,,,
2026-07-04T02:01:57.294447+00:00,2026-07-04T02:01:57.294288,2,2,138.0,0.4,137.8,138,137.7,100,,,,,,,,,,,,,,,,,138.2,100,138.3,150,,,,,,,,,,,,,,,,
2026-07-04T02:01:57.361480+00:00,2026-07-04T02:01:57.357074,2,2,138.0,0.4,137.8,88,137.7,100,,,,,,,,,,,,,,,,,138.2,100,138.3,150,,,,,,,,,,,,,,,,
2026-07-04T02:01:58.223958+00:00,2026-07-04T02:01:58.223868,1,1,138.05,0.5,137.8,88,,,,,,,,,,,,,,,,,,,138.3,150,,,,,,,,,,,,,,,,,,
2026-07-04T02:01:58.277001+00:00,2026-07-04T02:01:58.277140,2,1,138.05,0.5,137.8,88,137.6,100,,,,,,,,,,,,,,,,,138.3,150,,,,,,,,,,,,,,,,,,
2026-07-04T02:01:58.330450+00:00,2026-07-04T02:01:58.330409,2,2,137.95,0.3,137.8,88,137.6,100,,,,,,,,,,,,,,,,,138.1,100,138.3,150,,,,,,,,,,,,,,,,
2026-07-04T02:01:59.471493+00:00,2026-07-04T02:01:59.471329,2,2,137.95,0.3,137.8,38,137.6,100,,,,,,,,,,,,,,,,,138.1,100,138.3,150,,,,,,,,,,,,,,,,
2026-07-04T02:02:00.352508+00:00,2026-07-04T02:02:00.352624,1,1,137.85,0.5,137.6,100,,,,,,,,,,,,,,,,,,,138.1,100,,,,,,,,,,,,,,,,,,
2026-07-04T02:02:00.403525+00:00,2026-07-04T02:02:00.403455,2,1,137.85,0.5,137.6,100,137.5,150,,,,,,,,,,,,,,,,,138.1,100,,,,,,,,,,,,,,,,,,
2026-07-04T02:02:00.463929+00:00,2026-07-04T02:02:00.463781,2,2,137.8,0.4,137.6,100,137.5,150,,,,,,,,,,,,,,,,,138.0,150,138.1,100,,,,,,,,,,,,,,,,
2026-07-04T02:02:00.976099+00:00,2026-07-04T02:02:00.975972,2,2,137.8,0.4,137.6,56,137.5,150,,,,,,,,,,,,,,,,,138.0,150,138.1,100,,,,,,,,,,,,,,,,
2026-07-04T02:02:01.385172+00:00,2026-07-04T02:02:01.385372,2,1,137.8,0.4,137.6,56,137.5,150,,,,,,,,,,,,,,,,,138.0,150,,,,,,,,,,,,,,,,,,
2026-07-04T02:02:01.390733+00:00,2026-07-04T02:02:01.390631,1,1,137.75,0.5,137.5,150,,,,,,,,,,,,,,,,,,,138.0,150,,,,,,,,,,,,,,,,,,
2026-07-04T02:02:01.443931+00:00,2026-07-04T02:02:01.443757,2,1,137.8,0.4,137.6,100,137.5,150,,,,,,,,,,,,,,,,,138.0,150,,,,,,,,,,,,,,,,,,
2026-07-04T02:02:01.492452+00:00,2026-07-04T02:02:01.492372,2,2,137.8,0.4,137.6,100,137.5,150,,,,,,,,,,,,,,,,,138.0,150,138.1,100,,,,,,,,,,,,,,,,
2026-07-04T02:02:01.532149+00:00,2026-07-04T02:02:01.532057,2,2,137.8,0.4,137.6,100,137.5,150,,,,,,,,,,,,,,,,,138.0,105,138.1,100,,,,,,,,,,,,,,,,
2026-07-04T02:02:01.580446+00:00,2026-07-04T02:02:01.577847,2,2,137.8,0.4,137.6,6,137.5,150,,,,,,,,,,,,,,,,,138.0,105,138.1,100,,,,,,,,,,,,,,,,
2026-07-04T02:02:02.113137+00:00,2026-07-04T02:02:02.112997,1,2,137.75,0.5,137.5,114,,,,,,,,,,,,,,,,,,,138.0,105,138.1,100,,,,,,,,,,,,,,,,
2026-07-04T02:02:03.513891+00:00,2026-07-04T02:02:03.513783,0,1,,,,,,,,,,,,,,,,,,,,,,,138.1,100,,,,,,,,,,,,,,,,,,
2026-07-04T02:02:03.569336+00:00,2026-07-04T02:02:03.569238,1,1,137.75,0.7,137.4,150,,,,,,,,,,,,,,,,,,,138.1,100,,,,,,,,,,,,,,,,,,
2026-07-04T02:02:03.617122+00:00,2026-07-04T02:02:03.617027,1,2,137.65,0.5,137.4,150,,,,,,,,,,,,,,,,,,,137.9,150,138.1,100,,,,,,,,,,,,,,,,
2026-07-04T02:02:03.680355+00:00,2026-07-04T02:02:03.677179,1,2,137.65,0.5,137.4,100,,,,,,,,,,,,,,,,,,,137.9,150,138.1,100,,,,,,,,,,,,,,,,
2026-07-04T02:02:04.549294+00:00,2026-07-04T02:02:04.549211,1,1,137.65,0.5,137.4,100,,,,,,,,,,,,,,,,,,,137.9,150,,,,,,,,,,,,,,,,,,
2026-07-04T02:02:04.599281+00:00,2026-07-04T02:02:04.599492,2,1,137.65,0.5,137.4,100,137.1,100,,,,,,,,,,,,,,,,,137.9,150,,,,,,,,,,,,,,,,,,
2026-07-04T02:02:04.654559+00:00,2026-07-04T02:02:04.654679,2,2,137.5,0.2,137.4,100,137.1,100,,,,,,,,,,,,,,,,,137.6,100,137.9,150,,,,,,,,,,,,,,,,
2026-07-04T02:02:05.097051+00:00,2026-07-04T02:02:05.087524,2,2,137.5,0.2,137.4,100,137.1,100,,,,,,,,,,,,,,,,,137.6,88,137.9,150,,,,,,,,,,,,,,,,
2026-07-04T02:02:05.791834+00:00,2026-07-04T02:02:05.791987,2,2,137.5,0.2,137.4,50,137.1,100,,,,,,,,,,,,,,,,,137.6,88,137.9,150,,,,,,,,,,,,,,,,
2026-07-04T02:02:06.674786+00:00,2026-07-04T02:02:06.674726,1,1,137.35,0.5,137.1,100,,,,,,,,,,,,,,,,,,,137.6,88,,,,,,,,,,,,,,,,,,
2026-07-04T02:02:06.725678+00:00,2026-07-04T02:02:06.725560,2,1,137.35,0.5,137.1,100,136.9,150,,,,,,,,,,,,,,,,,137.6,88,,,,,,,,,,,,,,,,,,
2026-07-04T02:02:06.777914+00:00,2026-07-04T02:02:06.777851,2,2,137.25,0.3,137.1,100,136.9,150,,,,,,,,,,,,,,,,,137.4,150,137.6,88,,,,,,,,,,,,,,,,
2026-07-04T02:02:06.797002+00:00,2026-07-04T02:02:06.791758,2,2,137.25,0.3,137.1,100,136.9,150,,,,,,,,,,,,,,,,,137.4,136,137.6,88,,,,,,,,,,,,,,,,
2026-07-04T02:02:07.708855+00:00,2026-07-04T02:02:07.708712,1,1,137.15,0.5,136.9,150,,,,,,,,,,,,,,,,,,,137.4,136,,,,,,,,,,,,,,,,,,
2026-07-04T02:02:07.758552+00:00,2026-07-04T02:02:07.757073,2,1,137.35,0.1,137.3,100,136.9,150,,,,,,,,,,,,,,,,,137.4,136,,,,,,,,,,,,,,,,,,
2026-07-04T02:02:07.818855+00:00,2026-07-04T02:02:07.818746,2,2,137.35,0.1,137.3,100,136.9,150,,,,,,,,,,,,,,,,,137.4,136,137.8,100,,,,,,,,,,,,,,,,
2026-07-04T02:02:07.899778+00:00,2026-07-04T02:02:07.899715,2,2,137.35,0.1,137.3,50,136.9,150,,,,,,,,,,,,,,,,,137.4,136,137.8,100,,,,,,,,,,,,,,,,
2026-07-04T02:02:09.836301+00:00,2026-07-04T02:02:09.836197,1,1,137.55,0.5,137.3,50,,,,,,,,,,,,,,,,,,,137.8,100,,,,,,,,,,,,,,,,,,
2026-07-04T02:02:09.892741+00:00,2026-07-04T02:02:09.892628,2,1,137.55,0.5,137.3,50,137.0,150,,,,,,,,,,,,,,,,,137.8,100,,,,,,,,,,,,,,,,,,
2026-07-04T02:02:09.922459+00:00,2026-07-04T02:02:09.922303,2,1,137.55,0.5,137.3,50,137.0,150,,,,,,,,,,,,,,,,,137.8,51,,,,,,,,,,,,,,,,,,
2026-07-04T02:02:09.948442+00:00,2026-07-04T02:02:09.948274,2,2,137.4,0.2,137.3,50,137.0,150,,,,,,,,,,,,,,,,,137.5,150,137.8,51,,,,,,,,,,,,,,,,
2026-07-04T02:02:10.001814+00:00,2026-07-04T02:02:10.001717,1,2,137.25,0.5,137.0,150,,,,,,,,,,,,,,,,,,,137.5,150,137.8,51,,,,,,,,,,,,,,,,
2026-07-04T02:02:10.466973+00:00,2026-07-04T02:02:10.466843,1,2,137.25,0.5,137.0,150,,,,,,,,,,,,,,,,,,,137.5,107,137.8,51,,,,,,,,,,,,,,,,
2026-07-04T02:02:10.874413+00:00,2026-07-04T02:02:10.874371,1,1,137.25,0.5,137.0,150,,,,,,,,,,,,,,,,,,,137.5,107,,,,,,,,,,,,,,,,,,
2026-07-04T02:02:10.928041+00:00,2026-07-04T02:02:10.927981,1,1,137.25,0.5,137.0,250,,,,,,,,,,,,,,,,,,,137.5,107,,,,,,,,,,,,,,,,,,
2026-07-04T02:02:10.980357+00:00,2026-07-04T02:02:10.980245,1,2,137.2,0.4,137.0,250,,,,,,,,,,,,,,,,,,,137.4,100,137.5,107,,,,,,,,,,,,,,,,
2026-07-04T02:02:12.058622+00:00,2026-07-04T02:02:11.988750,1,2,137.2,0.4,137.0,208,,,,,,,,,,,,,,,,,,,137.4,100,137.5,107,,,,,,,,,,,,,,,,
2026-07-04T02:02:12.163861+00:00,2026-07-04T02:02:12.164140,1,2,137.2,0.4,137.0,158,,,,,,,,,,,,,,,,,,,137.4,100,137.5,107,,,,,,,,,,,,,,,,
2026-07-04T02:02:13.000249+00:00,2026-07-04T02:02:13.000151,1,1,137.2,0.4,137.0,100,,,,,,,,,,,,,,,,,,,137.4,100,,,,,,,,,,,,,,,,,,
2026-07-04T02:02:13.052716+00:00,2026-07-04T02:02:13.052825,2,1,137.2,0.4,137.0,100,136.7,150,,,,,,,,,,,,,,,,,137.4,100,,,,,,,,,,,,,,,,,,
2026-07-04T02:02:13.105340+00:00,2026-07-04T02:02:13.105256,2,2,137.1,0.2,137.0,100,136.7,150,,,,,,,,,,,,,,,,,137.2,150,137.4,100,,,,,,,,,,,,,,,,
2026-07-04T02:02:13.577384+00:00,2026-07-04T02:02:13.577280,2,2,137.1,0.2,137.0,58,136.7,150,,,,,,,,,,,,,,,,,137.2,150,137.4,100,,,,,,,,,,,,,,,,
2026-07-04T02:02:14.034044+00:00,2026-07-04T02:02:14.033957,1,1,136.95,0.5,136.7,150,,,,,,,,,,,,,,,,,,,137.2,150,,,,,,,,,,,,,,,,,,
2026-07-04T02:02:14.088316+00:00,2026-07-04T02:02:14.088290,2,1,136.95,0.5,136.7,150,136.6,100,,,,,,,,,,,,,,,,,137.2,150,,,,,,,,,,,,,,,,,,
2026-07-04T02:02:14.155807+00:00,2026-07-04T02:02:14.142738,2,2,136.9,0.4,136.7,150,136.6,100,,,,,,,,,,,,,,,,,137.1,100,137.2,150,,,,,,,,,,,,,,,,
2026-07-04T02:02:14.219734+00:00,2026-07-04T02:02:14.219628,2,2,136.9,0.4,136.7,100,136.6,100,,,,,,,,,,,,,,,,,137.1,100,137.2,150,,,,,,,,,,,,,,,,
2026-07-04T02:02:14.648018+00:00,2026-07-04T02:02:14.648149,2,2,136.9,0.4,136.7,100,136.6,100,,,,,,,,,,,,,,,,,137.1,53,137.2,150,,,,,,,,,,,,,,,,
2026-07-04T02:02:15.284211+00:00,2026-07-04T02:02:15.284109,2,2,136.9,0.4,136.7,100,136.6,100,,,,,,,,,,,,,,,,,137.1,11,137.2,150,,,,,,,,,,,,,,,,
2026-07-04T02:02:15.789873+00:00,2026-07-04T02:02:15.789831,2,1,136.95,0.5,136.7,100,136.6,100,,,,,,,,,,,,,,,,,137.2,118,,,,,,,,,,,,,,,,,,
2026-07-04T02:02:16.158581+00:00,2026-07-04T02:02:16.158401,1,0,,,136.6,100,,,,,,,,,,,,,,,,,,,,,,,,,,,,,,,,,,,,,,
2026-07-04T02:02:16.213401+00:00,2026-07-04T02:02:16.213232,1,0,,,136.6,250,,,,,,,,,,,,,,,,,,,,,,,,,,,,,,,,,,,,,,
2026-07-04T02:02:16.267405+00:00,2026-07-04T02:02:16.267309,1,1,136.85,0.5,136.6,250,,,,,,,,,,,,,,,,,,,137.1,150,,,,,,,,,,,,,,,,,,
2026-07-04T02:02:16.329325+00:00,2026-07-04T02:02:16.329229,1,1,136.85,0.5,136.6,200,,,,,,,,,,,,,,,,,,,137.1,150,,,,,,,,,,,,,,,,,,
2026-07-04T02:02:17.194268+00:00,2026-07-04T02:02:17.194133,1,1,136.85,0.5,136.6,150,,,,,,,,,,,,,,,,,,,137.1,150,,,,,,,,,,,,,,,,,,
2026-07-04T02:02:17.250000+00:00,2026-07-04T02:02:17.249967,2,1,136.95,0.3,136.8,100,136.6,150,,,,,,,,,,,,,,,,,137.1,150,,,,,,,,,,,,,,,,,,
2026-07-04T02:02:17.309212+00:00,2026-07-04T02:02:17.309099,2,2,136.95,0.3,136.8,100,136.6,150,,,,,,,,,,,,,,,,,137.1,150,137.3,100,,,,,,,,,,,,,,,,
2026-07-04T02:02:17.810613+00:00,2026-07-04T02:02:17.810497,2,2,136.95,0.3,136.8,53,136.6,150,,,,,,,,,,,,,,,,,137.1,150,137.3,100,,,,,,,,,,,,,,,,
2026-07-04T02:02:18.444171+00:00,2026-07-04T02:02:18.444004,2,2,136.95,0.3,136.8,3,136.6,150,,,,,,,,,,,,,,,,,137.1,150,137.3,100,,,,,,,,,,,,,,,,
2026-07-04T02:02:19.323520+00:00,2026-07-04T02:02:19.323439,1,1,137.05,0.5,136.8,3,,,,,,,,,,,,,,,,,,,137.3,100,,,,,,,,,,,,,,,,,,
2026-07-04T02:02:19.377058+00:00,2026-07-04T02:02:19.377004,2,1,137.05,0.5,136.8,3,136.7,150,,,,,,,,,,,,,,,,,137.3,100,,,,,,,,,,,,,,,,,,
2026-07-04T02:02:19.425732+00:00,2026-07-04T02:02:19.425636,2,2,137.0,0.4,136.8,3,136.7,150,,,,,,,,,,,,,,,,,137.2,150,137.3,100,,,,,,,,,,,,,,,,
2026-07-04T02:02:19.526418+00:00,2026-07-04T02:02:19.526348,1,2,136.95,0.5,136.7,106,,,,,,,,,,,,,,,,,,,137.2,150,137.3,100,,,,,,,,,,,,,,,,
2026-07-04T02:02:19.987690+00:00,2026-07-04T02:02:19.987567,1,2,136.95,0.5,136.7,106,,,,,,,,,,,,,,,,,,,137.2,110,137.3,100,,,,,,,,,,,,,,,,
2026-07-04T02:02:20.364448+00:00,2026-07-04T02:02:20.364562,1,1,136.95,0.5,136.7,106,,,,,,,,,,,,,,,,,,,137.2,110,,,,,,,,,,,,,,,,,,
2026-07-04T02:02:20.417692+00:00,2026-07-04T02:02:20.417567,2,1,136.95,0.5,136.7,106,136.6,100,,,,,,,,,,,,,,,,,137.2,110,,,,,,,,,,,,,,,,,,
2026-07-04T02:02:20.470852+00:00,2026-07-04T02:02:20.470773,2,2,136.9,0.4,136.7,106,136.6,100,,,,,,,,,,,,,,,,,137.1,100,137.2,110,,,,,,,,,,,,,,,,
2026-07-04T02:02:20.551121+00:00,2026-07-04T02:02:20.551075,2,2,136.9,0.4,136.7,56,136.6,100,,,,,,,,,,,,,,,,,137.1,100,137.2,110,,,,,,,,,,,,,,,,
2026-07-04T02:02:21.075967+00:00,2026-07-04T02:02:21.075936,2,2,136.9,0.4,136.7,11,136.6,100,,,,,,,,,,,,,,,,,137.1,100,137.2,110,,,,,,,,,,,,,,,,
2026-07-04T02:02:21.678923+00:00,2026-07-04T02:02:21.678779,2,2,136.9,0.4,136.7,11,136.6,100,,,,,,,,,,,,,,,,,137.1,54,137.2,110,,,,,,,,,,,,,,,,
2026-07-04T02:02:22.481859+00:00,2026-07-04T02:02:22.481751,1,1,136.85,0.5,136.6,100,,,,,,,,,,,,,,,,,,,137.1,54,,,,,,,,,,,,,,,,,,
2026-07-04T02:02:22.538353+00:00,2026-07-04T02:02:22.538215,2,1,136.85,0.5,136.6,100,136.4,150,,,,,,,,,,,,,,,,,137.1,54,,,,,,,,,,,,,,,,,,
2026-07-04T02:02:22.618447+00:00,2026-07-04T02:02:22.612732,2,2,136.75,0.3,136.6,100,136.4,150,,,,,,,,,,,,,,,,,136.9,147,137.1,54,,,,,,,,,,,,,,,,
2026-07-04T02:02:22.667429+00:00,2026-07-04T02:02:22.667356,2,2,136.75,0.3,136.6,50,136.4,150,,,,,,,,,,,,,,,,,136.9,147,137.1,54,,,,,,,,,,,,,,,,
2026-07-04T02:02:23.525810+00:00,2026-07-04T02:02:23.525634,1,1,136.65,0.5,136.4,150,,,,,,,,,,,,,,,,,,,136.9,147,,,,,,,,,,,,,,,,,,
2026-07-04T02:02:23.581345+00:00,2026-07-04T02:02:23.581231,2,1,136.75,0.3,136.6,100,136.4,150,,,,,,,,,,,,,,,,,136.9,147,,,,,,,,,,,,,,,,,,
2026-07-04T02:02:23.634514+00:00,2026-07-04T02:02:23.634384,2,2,136.75,0.3,136.6,100,136.4,150,,,,,,,,,,,,,,,,,136.9,147,137.1,100,,,,,,,,,,,,,,,,
2026-07-04T02:02:24.483641+00:00,2026-07-04T02:02:24.477960,2,2,136.75,0.3,136.6,100,136.4,150,,,,,,,,,,,,,,,,,136.9,136,137.1,100,,,,,,,,,,,,,,,,
2026-07-04T02:02:24.769067+00:00,2026-07-04T02:02:24.768940,2,2,136.75,0.3,136.6,50,136.4,150,,,,,,,,,,,,,,,,,136.9,136,137.1,100,,,,,,,,,,,,,,,,
2026-07-04T02:02:25.663841+00:00,2026-07-04T02:02:25.663789,1,1,136.85,0.5,136.6,50,,,,,,,,,,,,,,,,,,,137.1,100,,,,,,,,,,,,,,,,,,
2026-07-04T02:02:25.717804+00:00,2026-07-04T02:02:25.717639,2,1,136.85,0.5,136.6,50,136.4,150,,,,,,,,,,,,,,,,,137.1,100,,,,,,,,,,,,,,,,,,
2026-07-04T02:02:25.770835+00:00,2026-07-04T02:02:25.770656,2,2,136.75,0.3,136.6,50,136.4,150,,,,,,,,,,,,,,,,,136.9,150,137.1,100,,,,,,,,,,,,,,,,
2026-07-04T02:02:26.688132+00:00,2026-07-04T02:02:26.687956,1,1,136.65,0.5,136.4,150,,,,,,,,,,,,,,,,,,,136.9,150,,,,,,,,,,,,,,,,,,
2026-07-04T02:02:26.739731+00:00,2026-07-04T02:02:26.739679,2,1,136.7,0.4,136.5,100,136.4,150,,,,,,,,,,,,,,,,,136.9,150,,,,,,,,,,,,,,,,,,
2026-07-04T02:02:26.795580+00:00,2026-07-04T02:02:26.795480,2,2,136.7,0.4,136.5,100,136.4,150,,,,,,,,,,,,,,,,,136.9,150,137.0,100,,,,,,,,,,,,,,,,
2026-07-04T02:02:26.854766+00:00,2026-07-04T02:02:26.854912,2,2,136.7,0.4,136.5,100,136.4,150,,,,,,,,,,,,,,,,,136.9,100,137.0,100,,,,,,,,,,,,,,,,
2026-07-04T02:02:28.820662+00:00,2026-07-04T02:02:28.820551,2,1,136.75,0.5,136.5,100,136.4,150,,,,,,,,,,,,,,,,,137.0,100,,,,,,,,,,,,,,,,,,
2026-07-04T02:02:28.825779+00:00,2026-07-04T02:02:28.825710,1,1,136.75,0.5,136.5,100,,,,,,,,,,,,,,,,,,,137.0,100,,,,,,,,,,,,,,,,,,
2026-07-04T02:02:28.875375+00:00,2026-07-04T02:02:28.875266,2,1,136.75,0.5,136.5,100,136.4,150,,,,,,,,,,,,,,,,,137.0,100,,,,,,,,,,,,,,,,,,
2026-07-04T02:02:28.926368+00:00,2026-07-04T02:02:28.926492,2,2,136.7,0.4,136.5,100,136.4,150,,,,,,,,,,,,,,,,,136.9,150,137.0,100,,,,,,,,,,,,,,,,
2026-07-04T02:02:28.958569+00:00,2026-07-04T02:02:28.955378,2,2,136.7,0.4,136.5,100,136.4,150,,,,,,,,,,,,,,,,,136.9,100,137.0,100,,,,,,,,,,,,,,,,
2026-07-04T02:02:29.874207+00:00,2026-07-04T02:02:29.874138,2,1,136.7,0.4,136.5,100,136.4,150,,,,,,,,,,,,,,,,,136.9,100,,,,,,,,,,,,,,,,,,
2026-07-04T02:02:29.879449+00:00,2026-07-04T02:02:29.879304,1,1,136.65,0.5,136.4,150,,,,,,,,,,,,,,,,,,,136.9,100,,,,,,,,,,,,,,,,,,
2026-07-04T02:02:29.929560+00:00,2026-07-04T02:02:29.929354,2,1,136.65,0.5,136.4,150,136.3,100,,,,,,,,,,,,,,,,,136.9,100,,,,,,,,,,,,,,,,,,
2026-07-04T02:02:29.985517+00:00,2026-07-04T02:02:29.985393,2,2,136.6,0.4,136.4,150,136.3,100,,,,,,,,,,,,,,,,,136.8,100,136.9,100,,,,,,,,,,,,,,,,
2026-07-04T02:02:31.116852+00:00,2026-07-04T02:02:31.116758,2,2,136.6,0.4,136.4,100,136.3,100,,,,,,,,,,,,,,,,,136.8,100,136.9,100,,,,,,,,,,,,,,,,
2026-07-04T02:02:31.961957+00:00,2026-07-04T02:02:31.961925,2,2,136.6,0.4,136.4,100,136.3,100,,,,,,,,,,,,,,,,,136.8,59,136.9,100,,,,,,,,,,,,,,,,
2026-07-04T02:02:31.985393+00:00,2026-07-04T02:02:31.985289,1,1,136.55,0.5,136.3,100,,,,,,,,,,,,,,,,,,,136.8,59,,,,,,,,,,,,,,,,,,
2026-07-04T02:02:32.039326+00:00,2026-07-04T02:02:32.039175,2,1,136.65,0.3,136.5,150,136.3,100,,,,,,,,,,,,,,,,,136.8,59,,,,,,,,,,,,,,,,,,
2026-07-04T02:02:32.094273+00:00,2026-07-04T02:02:32.094439,2,2,136.65,0.3,136.5,150,136.3,100,,,,,,,,,,,,,,,,,136.8,59,137.0,150,,,,,,,,,,,,,,,,
2026-07-04T02:02:32.448506+00:00,2026-07-04T02:02:32.458684,2,2,136.65,0.3,136.5,108,136.3,100,,,,,,,,,,,,,,,,,136.8,59,137.0,150,,,,,,,,,,,,,,,,
2026-07-04T02:02:33.043714+00:00,2026-07-04T02:02:33.043603,1,1,136.75,0.5,136.5,108,,,,,,,,,,,,,,,,,,,137.0,150,,,,,,,,,,,,,,,,,,
2026-07-04T02:02:33.095284+00:00,2026-07-04T02:02:33.095136,2,1,136.8,0.4,136.6,100,136.5,108,,,,,,,,,,,,,,,,,137.0,150,,,,,,,,,,,,,,,,,,
2026-07-04T02:02:33.148788+00:00,2026-07-04T02:02:33.148736,2,2,136.8,0.4,136.6,100,136.5,108,,,,,,,,,,,,,,,,,137.0,150,137.1,100,,,,,,,,,,,,,,,,
2026-07-04T02:02:33.228561+00:00,2026-07-04T02:02:33.228463,2,2,136.8,0.4,136.6,50,136.5,108,,,,,,,,,,,,,,,,,137.0,150,137.1,100,,,,,,,,,,,,,,,,
2026-07-04T02:02:35.149727+00:00,2026-07-04T02:02:35.149673,1,1,136.85,0.5,136.6,50,,,,,,,,,,,,,,,,,,,137.1,100,,,,,,,,,,,,,,,,,,
2026-07-04T02:02:35.211546+00:00,2026-07-04T02:02:35.211638,2,1,136.85,0.5,136.6,50,136.5,150,,,,,,,,,,,,,,,,,137.1,100,,,,,,,,,,,,,,,,,,
2026-07-04T02:02:35.263963+00:00,2026-07-04T02:02:35.263812,2,2,136.8,0.4,136.6,50,136.5,150,,,,,,,,,,,,,,,,,137.0,150,137.1,100,,,,,,,,,,,,,,,,
2026-07-04T02:02:35.336932+00:00,2026-07-04T02:02:35.336820,1,2,136.75,0.5,136.5,150,,,,,,,,,,,,,,,,,,,137.0,150,137.1,100,,,,,,,,,,,,,,,,
2026-07-04T02:02:36.208492+00:00,2026-07-04T02:02:36.208683,1,1,136.75,0.5,136.5,150,,,,,,,,,,,,,,,,,,,137.0,150,,,,,,,,,,,,,,,,,,
2026-07-04T02:02:36.260049+00:00,2026-07-04T02:02:36.259997,2,1,136.75,0.5,136.5,150,136.2,100,,,,,,,,,,,,,,,,,137.0,150,,,,,,,,,,,,,,,,,,
2026-07-04T02:02:36.313381+00:00,2026-07-04T02:02:36.313338,2,2,136.6,0.2,136.5,150,136.2,100,,,,,,,,,,,,,,,,,136.7,100,137.0,150,,,,,,,,,,,,,,,,
2026-07-04T02:02:36.984065+00:00,2026-07-04T02:02:36.978612,2,2,136.6,0.2,136.5,150,136.2,100,,,,,,,,,,,,,,,,,136.7,77,137.0,150,,,,,,,,,,,,,,,,
2026-07-04T02:02:37.442494+00:00,2026-07-04T02:02:37.442418,2,2,136.6,0.2,136.5,100,136.2,100,,,,,,,,,,,,,,,,,136.7,77,137.0,150,,,,,,,,,,,,,,,,
2026-07-04T02:02:38.292763+00:00,2026-07-04T02:02:38.287454,2,2,136.6,0.2,136.5,100,136.2,100,,,,,,,,,,,,,,,,,136.7,65,137.0,150,,,,,,,,,,,,,,,,
2026-07-04T02:02:38.318488+00:00,2026-07-04T02:02:38.318414,1,1,136.45,0.5,136.2,100,,,,,,,,,,,,,,,,,,,136.7,65,,,,,,,,,,,,,,,,,,
2026-07-04T02:02:38.372051+00:00,2026-07-04T02:02:38.371899,2,1,136.5,0.4,136.3,150,136.2,100,,,,,,,,,,,,,,,,,136.7,65,,,,,,,,,,,,,,,,,,
2026-07-04T02:02:38.424848+00:00,2026-07-04T02:02:38.424820,2,2,136.5,0.4,136.3,150,136.2,100,,,,,,,,,,,,,,,,,136.7,65,136.8,150,,,,,,,,,,,,,,,,
2026-07-04T02:02:39.370130+00:00,2026-07-04T02:02:39.370031,1,1,136.55,0.5,136.3,150,,,,,,,,,,,,,,,,,,,136.8,150,,,,,,,,,,,,,,,,,,
2026-07-04T02:02:39.421690+00:00,2026-07-04T02:02:39.421649,2,1,136.7,0.2,136.6,100,136.3,150,,,,,,,,,,,,,,,,,136.8,150,,,,,,,,,,,,,,,,,,
2026-07-04T02:02:39.474642+00:00,2026-07-04T02:02:39.474847,2,2,136.7,0.2,136.6,100,136.3,150,,,,,,,,,,,,,,,,,136.8,150,137.1,100,,,,,,,,,,,,,,,,
2026-07-04T02:02:39.579870+00:00,2026-07-04T02:02:39.579776,2,2,136.7,0.2,136.6,50,136.3,150,,,,,,,,,,,,,,,,,136.8,150,137.1,100,,,,,,,,,,,,,,,,
2026-07-04T02:02:41.480884+00:00,2026-07-04T02:02:41.480833,1,1,136.85,0.5,136.6,50,,,,,,,,,,,,,,,,,,,137.1,100,,,,,,,,,,,,,,,,,,
2026-07-04T02:02:41.535866+00:00,2026-07-04T02:02:41.535703,2,1,136.85,0.5,136.6,50,136.2,150,,,,,,,,,,,,,,,,,137.1,100,,,,,,,,,,,,,,,,,,
2026-07-04T02:02:41.589542+00:00,2026-07-04T02:02:41.589447,2,2,136.65,0.1,136.6,50,136.2,150,,,,,,,,,,,,,,,,,136.7,150,137.1,100,,,,,,,,,,,,,,,,
2026-07-04T02:02:41.634356+00:00,2026-07-04T02:02:41.634577,2,2,136.65,0.1,136.6,50,136.2,150,,,,,,,,,,,,,,,,,136.7,100,137.1,100,,,,,,,,,,,,,,,,
2026-07-04T02:02:41.894005+00:00,2026-07-04T02:02:41.893962,2,2,136.65,0.1,136.6,50,136.2,150,,,,,,,,,,,,,,,,,136.7,59,137.1,100,,,,,,,,,,,,,,,,
2026-07-04T02:02:42.529216+00:00,2026-07-04T02:02:42.529169,1,1,136.45,0.5,136.2,150,,,,,,,,,,,,,,,,,,,136.7,59,,,,,,,,,,,,,,,,,,
2026-07-04T02:02:42.582265+00:00,2026-07-04T02:02:42.582108,2,1,136.45,0.5,136.2,150,136.1,100,,,,,,,,,,,,,,,,,136.7,59,,,,,,,,,,,,,,,,,,
2026-07-04T02:02:42.635005+00:00,2026-07-04T02:02:42.634964,2,2,136.4,0.4,136.2,150,136.1,100,,,,,,,,,,,,,,,,,136.6,100,136.7,59,,,,,,,,,,,,,,,,
2026-07-04T02:02:42.970110+00:00,2026-07-04T02:02:42.970056,2,2,136.4,0.4,136.2,150,136.1,100,,,,,,,,,,,,,,,,,136.6,60,136.7,59,,,,,,,,,,,,,,,,
2026-07-04T02:02:43.743172+00:00,2026-07-04T02:02:43.743123,2,2,136.4,0.4,136.2,150,136.1,100,,,,,,,,,,,,,,,,,136.6,10,136.7,59,,,,,,,,,,,,,,,,
2026-07-04T02:02:44.645430+00:00,2026-07-04T02:02:44.645562,1,1,136.35,0.5,136.1,100,,,,,,,,,,,,,,,,,,,136.6,10,,,,,,,,,,,,,,,,,,
2026-07-04T02:02:44.698795+00:00,2026-07-04T02:02:44.698755,2,0,,,136.6,140,136.1,100,,,,,,,,,,,,,,,,,,,,,,,,,,,,,,,,,,,,
2026-07-04T02:02:44.758594+00:00,2026-07-04T02:02:44.755323,2,1,136.85,0.5,136.6,140,136.1,100,,,,,,,,,,,,,,,,,137.1,150,,,,,,,,,,,,,,,,,,
2026-07-04T02:02:45.688792+00:00,2026-07-04T02:02:45.688673,1,1,136.85,0.5,136.6,140,,,,,,,,,,,,,,,,,,,137.1,150,,,,,,,,,,,,,,,,,,
2026-07-04T02:02:45.753690+00:00,2026-07-04T02:02:45.753854,1,1,136.85,0.5,136.6,240,,,,,,,,,,,,,,,,,,,137.1,150,,,,,,,,,,,,,,,,,,
2026-07-04T02:02:45.808740+00:00,2026-07-04T02:02:45.808624,1,1,136.85,0.5,136.6,240,,,,,,,,,,,,,,,,,,,137.1,250,,,,,,,,,,,,,,,,,,
2026-07-04T02:02:46.502674+00:00,2026-07-04T02:02:46.502599,1,1,136.85,0.5,136.6,196,,,,,,,,,,,,,,,,,,,137.1,250,,,,,,,,,,,,,,,,,,
2026-07-04T02:02:47.810319+00:00,2026-07-04T02:02:47.810222,1,1,136.85,0.5,136.6,100,,,,,,,,,,,,,,,,,,,137.1,100,,,,,,,,,,,,,,,,,,
2026-07-04T02:02:47.858702+00:00,2026-07-04T02:02:47.858595,2,1,136.85,0.5,136.6,100,136.3,150,,,,,,,,,,,,,,,,,137.1,100,,,,,,,,,,,,,,,,,,
2026-07-04T02:02:47.919405+00:00,2026-07-04T02:02:47.919515,2,2,136.7,0.2,136.6,100,136.3,150,,,,,,,,,,,,,,,,,136.8,150,137.1,100,,,,,,,,,,,,,,,,
2026-07-04T02:02:48.542198+00:00,2026-07-04T02:02:48.542115,2,2,136.7,0.2,136.6,58,136.3,150,,,,,,,,,,,,,,,,,136.8,150,137.1,100,,,,,,,,,,,,,,,,
2026-07-04T02:02:48.858563+00:00,2026-07-04T02:02:48.855130,1,1,136.55,0.5,136.3,150,,,,,,,,,,,,,,,,,,,136.8,150,,,,,,,,,,,,,,,,,,
2026-07-04T02:02:48.917480+00:00,2026-07-04T02:02:48.917332,2,1,136.6,0.4,136.4,100,136.3,150,,,,,,,,,,,,,,,,,136.8,150,,,,,,,,,,,,,,,,,,
2026-07-04T02:02:48.970360+00:00,2026-07-04T02:02:48.970458,2,2,136.6,0.4,136.4,100,136.3,150,,,,,,,,,,,,,,,,,136.8,150,136.9,100,,,,,,,,,,,,,,,,
2026-07-04T02:02:50.158595+00:00,2026-07-04T02:02:50.151738,2,2,136.6,0.4,136.4,100,136.3,150,,,,,,,,,,,,,,,,,136.8,102,136.9,100,,,,,,,,,,,,,,,,
2026-07-04T02:02:50.969248+00:00,2026-07-04T02:02:50.969218,2,1,136.65,0.5,136.4,100,136.3,150,,,,,,,,,,,,,,,,,136.9,100,,,,,,,,,,,,,,,,,,
2026-07-04T02:02:50.974451+00:00,2026-07-04T02:02:50.974372,1,1,136.65,0.5,136.4,100,,,,,,,,,,,,,,,,,,,136.9,100,,,,,,,,,,,,,,,,,,
2026-07-04T02:02:51.027058+00:00,2026-07-04T02:02:51.026881,2,1,136.7,0.4,136.5,150,136.4,100,,,,,,,,,,,,,,,,,136.9,100,,,,,,,,,,,,,,,,,,
2026-07-04T02:02:51.094906+00:00,2026-07-04T02:02:51.085914,2,2,136.7,0.4,136.5,150,136.4,100,,,,,,,,,,,,,,,,,136.9,100,137.0,150,,,,,,,,,,,,,,,,
2026-07-04T02:02:51.321068+00:00,2026-07-04T02:02:51.321267,2,2,136.7,0.4,136.5,150,136.4,100,,,,,,,,,,,,,,,,,136.9,56,137.0,150,,,,,,,,,,,,,,,,
2026-07-04T02:02:52.026689+00:00,2026-07-04T02:02:52.026646,1,1,136.75,0.5,136.5,150,,,,,,,,,,,,,,,,,,,137.0,150,,,,,,,,,,,,,,,,,,
2026-07-04T02:02:52.081754+00:00,2026-07-04T02:02:52.081643,2,1,136.85,0.3,136.7,100,136.5,150,,,,,,,,,,,,,,,,,137.0,150,,,,,,,,,,,,,,,,,,
2026-07-04T02:02:52.134742+00:00,2026-07-04T02:02:52.134691,2,2,136.85,0.3,136.7,100,136.5,150,,,,,,,,,,,,,,,,,137.0,150,137.2,100,,,,,,,,,,,,,,,,
2026-07-04T02:02:52.241707+00:00,2026-07-04T02:02:52.241574,2,2,136.85,0.3,136.7,50,136.5,150,,,,,,,,,,,,,,,,,137.0,150,137.2,100,,,,,,,,,,,,,,,,
2026-07-04T02:02:53.511252+00:00,2026-07-04T02:02:53.511125,2,2,136.85,0.3,136.7,9,136.5,150,,,,,,,,,,,,,,,,,137.0,150,137.2,100,,,,,,,,,,,,,,,,
2026-07-04T02:02:54.024403+00:00,2026-07-04T02:02:54.017428,1,2,136.75,0.5,136.5,150,,,,,,,,,,,,,,,,,,,137.0,150,137.2,100,,,,,,,,,,,,,,,,
2026-07-04T02:02:54.129933+00:00,2026-07-04T02:02:54.129843,1,2,136.75,0.5,136.5,110,,,,,,,,,,,,,,,,,,,137.0,150,137.2,100,,,,,,,,,,,,,,,,
2026-07-04T02:02:54.153921+00:00,2026-07-04T02:02:54.153813,0,1,,,,,,,,,,,,,,,,,,,,,,,137.2,100,,,,,,,,,,,,,,,,,,
2026-07-04T02:02:54.207939+00:00,2026-07-04T02:02:54.208075,1,1,136.75,0.9,136.3,150,,,,,,,,,,,,,,,,,,,137.2,100,,,,,,,,,,,,,,,,,,
2026-07-04T02:02:54.258601+00:00,2026-07-04T02:02:54.256109,1,2,136.55,0.5,136.3,150,,,,,,,,,,,,,,,,,,,136.8,150,137.2,100,,,,,,,,,,,,,,,,
2026-07-04T02:02:54.635092+00:00,2026-07-04T02:02:54.634971,1,2,136.55,0.5,136.3,150,,,,,,,,,,,,,,,,,,,136.8,104,137.2,100,,,,,,,,,,,,,,,,
2026-07-04T02:02:55.188926+00:00,2026-07-04T02:02:55.188891,1,1,136.55,0.5,136.3,150,,,,,,,,,,,,,,,,,,,136.8,104,,,,,,,,,,,,,,,,,,
2026-07-04T02:02:55.243665+00:00,2026-07-04T02:02:55.243549,2,1,136.55,0.5,136.3,150,136.2,100,,,,,,,,,,,,,,,,,136.8,104,,,,,,,,,,,,,,,,,,
2026-07-04T02:02:55.258645+00:00,2026-07-04T02:02:55.256348,2,1,136.55,0.5,136.3,150,136.2,100,,,,,,,,,,,,,,,,,136.8,55,,,,,,,,,,,,,,,,,,
2026-07-04T02:02:55.318984+00:00,2026-07-04T02:02:55.319156,2,2,136.5,0.4,136.3,150,136.2,100,,,,,,,,,,,,,,,,,136.7,100,136.8,55,,,,,,,,,,,,,,,,
2026-07-04T02:02:55.354112+00:00,2026-07-04T02:02:55.348890,2,2,136.5,0.4,136.3,150,136.2,100,,,,,,,,,,,,,,,,,136.7,91,136.8,55,,,,,,,,,,,,,,,,
2026-07-04T02:02:55.956195+00:00,2026-07-04T02:02:55.951511,2,2,136.5,0.4,136.3,150,136.2,100,,,,,,,,,,,,,,,,,136.7,80,136.8,55,,,,,,,,,,,,,,,,
2026-07-04T02:02:56.403857+00:00,2026-07-04T02:02:56.403714,2,2,136.5,0.4,136.3,150,136.2,100,,,,,,,,,,,,,,,,,136.7,30,136.8,55,,,,,,,,,,,,,,,,
2026-07-04T02:02:57.316092+00:00,2026-07-04T02:02:57.316068,1,1,136.45,0.5,136.2,100,,,,,,,,,,,,,,,,,,,136.7,30,,,,,,,,,,,,,,,,,,
2026-07-04T02:02:57.371603+00:00,2026-07-04T02:02:57.371738,2,0,,,136.9,120,136.2,100,,,,,,,,,,,,,,,,,,,,,,,,,,,,,,,,,,,,
2026-07-04T02:02:57.433015+00:00,2026-07-04T02:02:57.427584,2,1,137.15,0.5,136.9,97,136.2,100,,,,,,,,,,,,,,,,,137.4,150,,,,,,,,,,,,,,,,,,
2026-07-04T02:02:57.968540+00:00,2026-07-04T02:02:57.962112,2,1,137.15,0.5,136.9,86,136.2,100,,,,,,,,,,,,,,,,,137.4,150,,,,,,,,,,,,,,,,,,
2026-07-04T02:02:58.375111+00:00,2026-07-04T02:02:58.375054,1,1,137.15,0.5,136.9,86,,,,,,,,,,,,,,,,,,,137.4,150,,,,,,,,,,,,,,,,,,
2026-07-04T02:02:58.430127+00:00,2026-07-04T02:02:58.429932,2,1,137.15,0.5,136.9,86,136.6,100,,,,,,,,,,,,,,,,,137.4,150,,,,,,,,,,,,,,,,,,
2026-07-04T02:02:58.482978+00:00,2026-07-04T02:02:58.482899,2,2,137.0,0.2,136.9,86,136.6,100,,,,,,,,,,,,,,,,,137.1,100,137.4,150,,,,,,,,,,,,,,,,
2026-07-04T02:02:58.558572+00:00,2026-07-04T02:02:58.556370,2,2,137.0,0.2,136.9,36,136.6,100,,,,,,,,,,,,,,,,,137.1,100,137.4,150,,,,,,,,,,,,,,,,
2026-07-04T02:03:00.478606+00:00,2026-07-04T02:03:00.478489,1,1,136.85,0.5,136.6,100,,,,,,,,,,,,,,,,,,,137.1,100,,,,,,,,,,,,,,,,,,
2026-07-04T02:03:00.532603+00:00,2026-07-04T02:03:00.532501,2,1,136.9,0.4,136.7,150,136.6,100,,,,,,,,,,,,,,,,,137.1,100,,,,,,,,,,,,,,,,,,
2026-07-04T02:03:00.579663+00:00,2026-07-04T02:03:00.579573,2,2,136.9,0.4,136.7,150,136.6,100,,,,,,,,,,,,,,,,,137.1,100,137.2,150,,,,,,,,,,,,,,,,
2026-07-04T02:03:00.667258+00:00,2026-07-04T02:03:00.667392,2,2,136.9,0.4,136.7,100,136.6,100,,,,,,,,,,,,,,,,,137.1,100,137.2,150,,,,,,,,,,,,,,,,
2026-07-04T02:03:01.431507+00:00,2026-07-04T02:03:01.431430,2,2,136.9,0.4,136.7,53,136.6,100,,,,,,,,,,,,,,,,,137.1,100,137.2,150,,,,,,,,,,,,,,,,
2026-07-04T02:03:01.536324+00:00,2026-07-04T02:03:01.536469,1,1,136.95,0.5,136.7,53,,,,,,,,,,,,,,,,,,,137.2,150,,,,,,,,,,,,,,,,,,
2026-07-04T02:03:01.588887+00:00,2026-07-04T02:03:01.588839,1,1,136.95,0.5,136.7,53,,,,,,,,,,,,,,,,,,,137.2,50,,,,,,,,,,,,,,,,,,
2026-07-04T02:03:01.641349+00:00,2026-07-04T02:03:01.641281,1,2,136.95,0.5,136.7,53,,,,,,,,,,,,,,,,,,,137.2,50,137.7,100,,,,,,,,,,,,,,,,
2026-07-04T02:03:01.896819+00:00,2026-07-04T02:03:01.891574,1,2,136.95,0.5,136.7,53,,,,,,,,,,,,,,,,,,,137.2,39,137.7,100,,,,,,,,,,,,,,,,
2026-07-04T02:03:02.525910+00:00,2026-07-04T02:03:02.525800,1,1,137.2,1.0,136.7,53,,,,,,,,,,,,,,,,,,,137.7,100,,,,,,,,,,,,,,,,,,
2026-07-04T02:03:02.776035+00:00,2026-07-04T02:03:02.775911,1,1,137.2,1.0,136.7,3,,,,,,,,,,,,,,,,,,,137.7,100,,,,,,,,,,,,,,,,,,
2026-07-04T02:03:03.498933+00:00,2026-07-04T02:03:03.498828,0,1,,,,,,,,,,,,,,,,,,,,,,,137.7,100,,,,,,,,,,,,,,,,,,
2026-07-04T02:03:03.689119+00:00,2026-07-04T02:03:03.689200,1,1,137.25,0.9,136.8,150,,,,,,,,,,,,,,,,,,,137.7,100,,,,,,,,,,,,,,,,,,
2026-07-04T02:03:03.736598+00:00,2026-07-04T02:03:03.732967,1,2,137.05,0.5,136.8,150,,,,,,,,,,,,,,,,,,,137.3,150,137.7,100,,,,,,,,,,,,,,,,
2026-07-04T02:03:04.695737+00:00,2026-07-04T02:03:04.695834,1,1,137.05,0.5,136.8,150,,,,,,,,,,,,,,,,,,,137.3,150,,,,,,,,,,,,,,,,,,
2026-07-04T02:03:04.748840+00:00,2026-07-04T02:03:04.748700,2,1,137.1,0.4,136.9,100,136.8,150,,,,,,,,,,,,,,,,,137.3,150,,,,,,,,,,,,,,,,,,
2026-07-04T02:03:04.803122+00:00,2026-07-04T02:03:04.803207,2,2,137.1,0.4,136.9,100,136.8,150,,,,,,,,,,,,,,,,,137.3,150,137.4,100,,,,,,,,,,,,,,,,
2026-07-04T02:03:04.881358+00:00,2026-07-04T02:03:04.881198,2,2,137.1,0.4,136.9,50,136.8,150,,,,,,,,,,,,,,,,,137.3,150,137.4,100,,,,,,,,,,,,,,,,
2026-07-04T02:03:05.085271+00:00,2026-07-04T02:03:05.085149,2,2,137.1,0.4,136.9,6,136.8,150,,,,,,,,,,,,,,,,,137.3,150,137.4,100,,,,,,,,,,,,,,,,
2026-07-04T02:03:06.528753+00:00,2026-07-04T02:03:06.528685,2,2,137.1,0.4,136.9,6,136.8,150,,,,,,,,,,,,,,,,,137.3,107,137.4,100,,,,,,,,,,,,,,,,
2026-07-04T02:03:06.799680+00:00,2026-07-04T02:03:06.799527,1,1,137.15,0.5,136.9,6,,,,,,,,,,,,,,,,,,,137.4,100,,,,,,,,,,,,,,,,,,
2026-07-04T02:03:06.858627+00:00,2026-07-04T02:03:06.852772,2,1,137.25,0.3,137.1,150,136.9,6,,,,,,,,,,,,,,,,,137.4,100,,,,,,,,,,,,,,,,,,
2026-07-04T02:03:06.904947+00:00,2026-07-04T02:03:06.904859,2,2,137.25,0.3,137.1,150,136.9,6,,,,,,,,,,,,,,,,,137.4,100,137.6,150,,,,,,,,,,,,,,,,
2026-07-04T02:03:06.988218+00:00,2026-07-04T02:03:06.988373,2,2,137.25,0.3,137.1,100,136.9,6,,,,,,,,,,,,,,,,,137.4,100,137.6,150,,,,,,,,,,,,,,,,
2026-07-04T02:03:07.854539+00:00,2026-07-04T02:03:07.854488,1,1,137.35,0.5,137.1,100,,,,,,,,,,,,,,,,,,,137.6,150,,,,,,,,,,,,,,,,,,
2026-07-04T02:03:07.908710+00:00,2026-07-04T02:03:07.908800,2,1,137.35,0.5,137.1,100,136.4,100,,,,,,,,,,,,,,,,,137.6,150,,,,,,,,,,,,,,,,,,
2026-07-04T02:03:07.958590+00:00,2026-07-04T02:03:07.956059,1,1,137.0,1.2,136.4,100,,,,,,,,,,,,,,,,,,,137.6,150,,,,,,,,,,,,,,,,,,
2026-07-04T02:03:09.089172+00:00,2026-07-04T02:03:09.089103,1,1,137.0,1.2,136.4,50,,,,,,,,,,,,,,,,,,,137.6,150,,,,,,,,,,,,,,,,,,
2026-07-04T02:03:09.958628+00:00,2026-07-04T02:03:09.955126,1,0,,,136.4,50,,,,,,,,,,,,,,,,,,,,,,,,,,,,,,,,,,,,,,
2026-07-04T02:03:10.012526+00:00,2026-07-04T02:03:10.012629,2,0,,,136.4,50,136.1,150,,,,,,,,,,,,,,,,,,,,,,,,,,,,,,,,,,,,
2026-07-04T02:03:10.074679+00:00,2026-07-04T02:03:10.068900,2,1,136.5,0.2,136.4,50,136.1,150,,,,,,,,,,,,,,,,,136.6,127,,,,,,,,,,,,,,,,,,
2026-07-04T02:03:10.289250+00:00,2026-07-04T02:03:10.289205,2,1,136.5,0.2,136.4,50,136.1,150,,,,,,,,,,,,,,,,,136.6,81,,,,,,,,,,,,,,,,,,
2026-07-04T02:03:10.342775+00:00,2026-07-04T02:03:10.342664,2,1,136.5,0.2,136.4,2,136.1,150,,,,,,,,,,,,,,,,,136.6,81,,,,,,,,,,,,,,,,,,
2026-07-04T02:03:10.447534+00:00,2026-07-04T02:03:10.437905,2,1,136.5,0.2,136.4,2,136.1,150,,,,,,,,,,,,,,,,,136.6,70,,,,,,,,,,,,,,,,,,
2026-07-04T02:03:10.967227+00:00,2026-07-04T02:03:10.967198,2,1,136.5,0.2,136.4,2,136.1,150,,,,,,,,,,,,,,,,,136.6,23,,,,,,,,,,,,,,,,,,
2026-07-04T02:03:11.042268+00:00,2026-07-04T02:03:11.042225,1,1,136.35,0.5,136.1,150,,,,,,,,,,,,,,,,,,,136.6,23,,,,,,,,,,,,,,,,,,
2026-07-04T02:03:11.094391+00:00,2026-07-04T02:03:11.094278,2,1,136.4,0.4,136.2,100,136.1,150,,,,,,,,,,,,,,,,,136.6,23,,,,,,,,,,,,,,,,,,
2026-07-04T02:03:11.158589+00:00,2026-07-04T02:03:11.150533,2,2,136.4,0.4,136.2,100,136.1,150,,,,,,,,,,,,,,,,,136.6,23,136.7,100,,,,,,,,,,,,,,,,
2026-07-04T02:03:11.204000+00:00,2026-07-04T02:03:11.204203,2,2,136.4,0.4,136.2,50,136.1,150,,,,,,,,,,,,,,,,,136.6,23,136.7,100,,,,,,,,,,,,,,,,
2026-07-04T02:03:12.541915+00:00,2026-07-04T02:03:12.541840,2,2,136.4,0.4,136.2,10,136.1,150,,,,,,,,,,,,,,,,,136.6,23,136.7,100,,,,,,,,,,,,,,,,
2026-07-04T02:03:13.118912+00:00,2026-07-04T02:03:13.118856,1,1,136.45,0.5,136.2,10,,,,,,,,,,,,,,,,,,,136.7,100,,,,,,,,,,,,,,,,,,
2026-07-04T02:03:13.174117+00:00,2026-07-04T02:03:13.174061,2,1,136.65,0.1,136.6,150,136.2,10,,,,,,,,,,,,,,,,,136.7,100,,,,,,,,,,,,,,,,,,
2026-07-04T02:03:13.224717+00:00,2026-07-04T02:03:13.224623,2,2,136.65,0.1,136.6,150,136.2,10,,,,,,,,,,,,,,,,,136.7,100,137.1,150,,,,,,,,,,,,,,,,
2026-07-04T02:03:13.312088+00:00,2026-07-04T02:03:13.311978,2,2,136.65,0.1,136.6,100,136.2,10,,,,,,,,,,,,,,,,,136.7,100,137.1,150,,,,,,,,,,,,,,,,
2026-07-04T02:03:14.205304+00:00,2026-07-04T02:03:14.205248,1,1,136.85,0.5,136.6,100,,,,,,,,,,,,,,,,,,,137.1,150,,,,,,,,,,,,,,,,,,
2026-07-04T02:03:14.255249+00:00,2026-07-04T02:03:14.255150,2,1,136.85,0.5,136.6,100,136.0,100,,,,,,,,,,,,,,,,,137.1,150,,,,,,,,,,,,,,,,,,
2026-07-04T02:03:14.311993+00:00,2026-07-04T02:03:14.311868,1,1,136.55,1.1,136.0,100,,,,,,,,,,,,,,,,,,,137.1,150,,,,,,,,,,,,,,,,,,
2026-07-04T02:03:15.295536+00:00,2026-07-04T02:03:15.295371,1,1,136.55,1.1,136.0,58,,,,,,,,,,,,,,,,,,,137.1,150,,,,,,,,,,,,,,,,,,
2026-07-04T02:03:15.369982+00:00,2026-07-04T02:03:15.369909,1,1,136.55,1.1,136.0,58,,,,,,,,,,,,,,,,,,,137.1,100,,,,,,,,,,,,,,,,,,
2026-07-04T02:03:15.907787+00:00,2026-07-04T02:03:15.907747,1,1,136.55,1.1,136.0,58,,,,,,,,,,,,,,,,,,,137.1,51,,,,,,,,,,,,,,,,,,
2026-07-04T02:03:16.280763+00:00,2026-07-04T02:03:16.280697,1,0,,,136.0,58,,,,,,,,,,,,,,,,,,,,,,,,,,,,,,,,,,,,,,
2026-07-04T02:03:16.332356+00:00,2026-07-04T02:03:16.332183,2,0,,,136.5,150,136.0,58,,,,,,,,,,,,,,,,,,,,,,,,,,,,,,,,,,,,
2026-07-04T02:03:16.380259+00:00,2026-07-04T02:03:16.380198,2,1,136.75,0.5,136.5,150,136.0,58,,,,,,,,,,,,,,,,,137.0,150,,,,,,,,,,,,,,,,,,
2026-07-04T02:03:17.357172+00:00,2026-07-04T02:03:17.357312,1,1,136.75,0.5,136.5,150,,,,,,,,,,,,,,,,,,,137.0,150,,,,,,,,,,,,,,,,,,
2026-07-04T02:03:17.420436+00:00,2026-07-04T02:03:17.420321,2,1,136.75,0.5,136.5,150,136.2,100,,,,,,,,,,,,,,,,,137.0,150,,,,,,,,,,,,,,,,,,
2026-07-04T02:03:17.473496+00:00,2026-07-04T02:03:17.473376,2,2,136.6,0.2,136.5,150,136.2,100,,,,,,,,,,,,,,,,,136.7,50,137.0,150,,,,,,,,,,,,,,,,
2026-07-04T02:03:17.616423+00:00,2026-07-04T02:03:17.616289,2,2,136.6,0.2,136.5,108,136.2,100,,,,,,,,,,,,,,,,,136.7,50,137.0,150,,,,,,,,,,,,,,,,
2026-07-04T02:03:19.439083+00:00,2026-07-04T02:03:19.439283,1,1,136.45,0.5,136.2,100,,,,,,,,,,,,,,,,,,,136.7,50,,,,,,,,,,,,,,,,,,
2026-07-04T02:03:19.491051+00:00,2026-07-04T02:03:19.491127,2,1,136.55,0.3,136.4,150,136.2,100,,,,,,,,,,,,,,,,,136.7,50,,,,,,,,,,,,,,,,,,
2026-07-04T02:03:19.542891+00:00,2026-07-04T02:03:19.542969,2,2,136.55,0.3,136.4,150,136.2,100,,,,,,,,,,,,,,,,,136.7,50,136.9,150,,,,,,,,,,,,,,,,
2026-07-04T02:03:19.583353+00:00,2026-07-04T02:03:19.583231,2,1,136.65,0.5,136.4,150,136.2,100,,,,,,,,,,,,,,,,,136.9,150,,,,,,,,,,,,,,,,,,
2026-07-04T02:03:20.527774+00:00,2026-07-04T02:03:20.527712,1,1,136.65,0.5,136.4,150,,,,,,,,,,,,,,,,,,,136.9,150,,,,,,,,,,,,,,,,,,
2026-07-04T02:03:20.580204+00:00,2026-07-04T02:03:20.580118,2,1,136.8,0.2,136.7,100,136.4,150,,,,,,,,,,,,,,,,,136.9,150,,,,,,,,,,,,,,,,,,
2026-07-04T02:03:20.632776+00:00,2026-07-04T02:03:20.632687,2,2,136.8,0.2,136.7,100,136.4,150,,,,,,,,,,,,,,,,,136.9,150,137.2,100,,,,,,,,,,,,,,,,
2026-07-04T02:03:21.685965+00:00,2026-07-04T02:03:21.686230,2,2,136.8,0.2,136.7,100,136.4,150,,,,,,,,,,,,,,,,,136.9,55,137.2,100,,,,,,,,,,,,,,,,
2026-07-04T02:03:21.740264+00:00,2026-07-04T02:03:21.740121,2,2,136.8,0.2,136.7,58,136.4,150,,,,,,,,,,,,,,,,,136.9,55,137.2,100,,,,,,,,,,,,,,,,
2026-07-04T02:03:22.598336+00:00,2026-07-04T02:03:22.598172,1,1,136.95,0.5,136.7,58,,,,,,,,,,,,,,,,,,,137.2,100,,,,,,,,,,,,,,,,,,
2026-07-04T02:03:22.650923+00:00,2026-07-04T02:03:22.650886,2,1,137.0,0.4,136.8,150,136.7,58,,,,,,,,,,,,,,,,,137.2,100,,,,,,,,,,,,,,,,,,
2026-07-04T02:03:22.701071+00:00,2026-07-04T02:03:22.700926,2,2,137.0,0.4,136.8,150,136.7,58,,,,,,,,,,,,,,,,,137.2,100,137.3,150,,,,,,,,,,,,,,,,
2026-07-04T02:03:23.684569+00:00,2026-07-04T02:03:23.684490,1,1,137.05,0.5,136.8,150,,,,,,,,,,,,,,,,,,,137.3,150,,,,,,,,,,,,,,,,,,
2026-07-04T02:03:23.752195+00:00,2026-07-04T02:03:23.752088,2,1,137.05,0.5,136.8,150,136.3,100,,,,,,,,,,,,,,,,,137.3,150,,,,,,,,,,,,,,,,,,
2026-07-04T02:03:23.794416+00:00,2026-07-04T02:03:23.794330,2,1,137.05,0.5,136.8,150,136.3,100,,,,,,,,,,,,,,,,,137.3,100,,,,,,,,,,,,,,,,,,
2026-07-04T02:03:23.810117+00:00,2026-07-04T02:03:23.809963,2,1,137.05,0.5,136.8,50,136.3,100,,,,,,,,,,,,,,,,,137.3,100,,,,,,,,,,,,,,,,,,
2026-07-04T02:03:25.047435+00:00,2026-07-04T02:03:25.041360,2,1,137.05,0.5,136.8,39,136.3,100,,,,,,,,,,,,,,,,,137.3,100,,,,,,,,,,,,,,,,,,
2026-07-04T02:03:25.527784+00:00,2026-07-04T02:03:25.522287,2,1,137.05,0.5,136.8,28,136.3,100,,,,,,,,,,,,,,,,,137.3,100,,,,,,,,,,,,,,,,,,
2026-07-04T02:03:25.758602+00:00,2026-07-04T02:03:25.757890,1,0,,,136.3,100,,,,,,,,,,,,,,,,,,,,,,,,,,,,,,,,,,,,,,
2026-07-04T02:03:25.807384+00:00,2026-07-04T02:03:25.807263,1,0,,,136.3,250,,,,,,,,,,,,,,,,,,,,,,,,,,,,,,,,,,,,,,
2026-07-04T02:03:25.855307+00:00,2026-07-04T02:03:25.855464,1,1,136.55,0.5,136.3,250,,,,,,,,,,,,,,,,,,,136.8,150,,,,,,,,,,,,,,,,,,
2026-07-04T02:03:25.900644+00:00,2026-07-04T02:03:25.900611,1,1,136.55,0.5,136.3,250,,,,,,,,,,,,,,,,,,,136.8,100,,,,,,,,,,,,,,,,,,
2026-07-04T02:03:26.193664+00:00,2026-07-04T02:03:26.188101,1,1,136.55,0.5,136.3,250,,,,,,,,,,,,,,,,,,,136.8,89,,,,,,,,,,,,,,,,,,
2026-07-04T02:03:26.864203+00:00,2026-07-04T02:03:26.864075,1,1,136.55,0.5,136.3,150,,,,,,,,,,,,,,,,,,,136.8,89,,,,,,,,,,,,,,,,,,
2026-07-04T02:03:26.917562+00:00,2026-07-04T02:03:26.917659,2,1,136.75,0.1,136.7,100,136.3,150,,,,,,,,,,,,,,,,,136.8,89,,,,,,,,,,,,,,,,,,
2026-07-04T02:03:26.970476+00:00,2026-07-04T02:03:26.970385,2,2,136.75,0.1,136.7,100,136.3,150,,,,,,,,,,,,,,,,,136.8,89,137.2,100,,,,,,,,,,,,,,,,
2026-07-04T02:03:28.058537+00:00,2026-07-04T02:03:28.056238,2,2,136.75,0.1,136.7,50,136.3,150,,,,,,,,,,,,,,,,,136.8,89,137.2,100,,,,,,,,,,,,,,,,
2026-07-04T02:03:28.917139+00:00,2026-07-04T02:03:28.917005,1,1,136.95,0.5,136.7,50,,,,,,,,,,,,,,,,,,,137.2,100,,,,,,,,,,,,,,,,,,
2026-07-04T02:03:28.968396+00:00,2026-07-04T02:03:28.968536,1,1,136.95,0.5,136.7,200,,,,,,,,,,,,,,,,,,,137.2,100,,,,,,,,,,,,,,,,,,
2026-07-04T02:03:29.021138+00:00,2026-07-04T02:03:29.021023,1,1,136.95,0.5,136.7,200,,,,,,,,,,,,,,,,,,,137.2,250,,,,,,,,,,,,,,,,,,
2026-07-04T02:03:30.022789+00:00,2026-07-04T02:03:30.022710,1,1,136.95,0.5,136.7,150,,,,,,,,,,,,,,,,,,,137.2,150,,,,,,,,,,,,,,,,,,
2026-07-04T02:03:30.077207+00:00,2026-07-04T02:03:30.077099,2,1,136.95,0.5,136.7,150,136.6,100,,,,,,,,,,,,,,,,,137.2,150,,,,,,,,,,,,,,,,,,
2026-07-04T02:03:30.129877+00:00,2026-07-04T02:03:30.129838,2,2,136.9,0.4,136.7,150,136.6,100,,,,,,,,,,,,,,,,,137.1,100,137.2,150,,,,,,,,,,,,,,,,
2026-07-04T02:03:30.158577+00:00,2026-07-04T02:03:30.158451,2,2,136.9,0.4,136.7,100,136.6,100,,,,,,,,,,,,,,,,,137.1,100,137.2,150,,,,,,,,,,,,,,,,
2026-07-04T02:03:32.074688+00:00,2026-07-04T02:03:32.074615,1,1,136.85,0.5,136.6,100,,,,,,,,,,,,,,,,,,,137.1,100,,,,,,,,,,,,,,,,,,
2026-07-04T02:03:32.129924+00:00,2026-07-04T02:03:32.130026,1,1,136.85,0.5,136.6,250,,,,,,,,,,,,,,,,,,,137.1,100,,,,,,,,,,,,,,,,,,
2026-07-04T02:03:32.183374+00:00,2026-07-04T02:03:32.183255,1,1,136.85,0.5,136.6,250,,,,,,,,,,,,,,,,,,,137.1,250,,,,,,,,,,,,,,,,,,
2026-07-04T02:03:32.298390+00:00,2026-07-04T02:03:32.298457,1,1,136.85,0.5,136.6,200,,,,,,,,,,,,,,,,,,,137.1,250,,,,,,,,,,,,,,,,,,
2026-07-04T02:03:33.178064+00:00,2026-07-04T02:03:33.177915,1,1,136.85,0.5,136.6,200,,,,,,,,,,,,,,,,,,,137.1,150,,,,,,,,,,,,,,,,,,
2026-07-04T02:03:33.183133+00:00,2026-07-04T02:03:33.183055,1,1,136.85,0.5,136.6,150,,,,,,,,,,,,,,,,,,,137.1,150,,,,,,,,,,,,,,,,,,
2026-07-04T02:03:33.237107+00:00,2026-07-04T02:03:33.236989,2,1,136.85,0.5,136.6,150,136.5,100,,,,,,,,,,,,,,,,,137.1,150,,,,,,,,,,,,,,,,,,
2026-07-04T02:03:33.287714+00:00,2026-07-04T02:03:33.287630,2,2,136.8,0.4,136.6,150,136.5,100,,,,,,,,,,,,,,,,,137.0,100,137.1,150,,,,,,,,,,,,,,,,
2026-07-04T02:03:33.395828+00:00,2026-07-04T02:03:33.395943,2,2,136.8,0.4,136.6,101,136.5,100,,,,,,,,,,,,,,,,,137.0,100,137.1,150,,,,,,,,,,,,,,,,
2026-07-04T02:03:34.403608+00:00,2026-07-04T02:03:34.403484,2,2,136.8,0.4,136.6,51,136.5,100,,,,,,,,,,,,,,,,,137.0,100,137.1,150,,,,,,,,,,,,,,,,
2026-07-04T02:03:34.649377+00:00,2026-07-04T02:03:34.649513,2,2,136.8,0.4,136.6,51,136.5,100,,,,,,,,,,,,,,,,,137.0,60,137.1,150,,,,,,,,,,,,,,,,
2026-07-04T02:03:35.250119+00:00,2026-07-04T02:03:35.250076,2,1,136.8,0.4,136.6,51,136.5,100,,,,,,,,,,,,,,,,,137.0,60,,,,,,,,,,,,,,,,,,
2026-07-04T02:03:35.258533+00:00,2026-07-04T02:03:35.255215,1,1,136.75,0.5,136.5,100,,,,,,,,,,,,,,,,,,,137.0,60,,,,,,,,,,,,,,,,,,
2026-07-04T02:03:35.305963+00:00,2026-07-04T02:03:35.305852,2,1,136.75,0.5,136.5,100,136.2,150,,,,,,,,,,,,,,,,,137.0,60,,,,,,,,,,,,,,,,,,
2026-07-04T02:03:35.370462+00:00,2026-07-04T02:03:35.364019,2,2,136.6,0.2,136.5,100,136.2,150,,,,,,,,,,,,,,,,,136.7,127,137.0,60,,,,,,,,,,,,,,,,
2026-07-04T02:03:35.865848+00:00,2026-07-04T02:03:35.865726,2,2,136.6,0.2,136.5,100,136.2,150,,,,,,,,,,,,,,,,,136.7,87,137.0,60,,,,,,,,,,,,,,,,
2026-07-04T02:03:35.931090+00:00,2026-07-04T02:03:35.925456,2,2,136.6,0.2,136.5,100,136.2,150,,,,,,,,,,,,,,,,,136.7,76,137.0,60,,,,,,,,,,,,,,,,
2026-07-04T02:03:36.339561+00:00,2026-07-04T02:03:36.339437,2,1,136.6,0.2,136.5,100,136.2,150,,,,,,,,,,,,,,,,,136.7,76,,,,,,,,,,,,,,,,,,
2026-07-04T02:03:36.344593+00:00,2026-07-04T02:03:36.344572,1,1,136.45,0.5,136.2,150,,,,,,,,,,,,,,,,,,,136.7,76,,,,,,,,,,,,,,,,,,
2026-07-04T02:03:36.397636+00:00,2026-07-04T02:03:36.397610,2,0,,,136.7,24,136.2,150,,,,,,,,,,,,,,,,,,,,,,,,,,,,,,,,,,,,
2026-07-04T02:03:36.458592+00:00,2026-07-04T02:03:36.455900,2,1,136.95,0.5,136.7,24,136.2,150,,,,,,,,,,,,,,,,,137.2,50,,,,,,,,,,,,,,,,,,
2026-07-04T02:03:36.994911+00:00,2026-07-04T02:03:36.994991,1,1,136.7,1.0,136.2,150,,,,,,,,,,,,,,,,,,,137.2,50,,,,,,,,,,,,,,,,,,
2026-07-04T02:03:38.414743+00:00,2026-07-04T02:03:38.414666,0,1,,,,,,,,,,,,,,,,,,,,,,,137.2,50,,,,,,,,,,,,,,,,,,
2026-07-04T02:03:38.458615+00:00,2026-07-04T02:03:38.457255,1,1,136.95,0.5,136.7,150,,,,,,,,,,,,,,,,,,,137.2,50,,,,,,,,,,,,,,,,,,
2026-07-04T02:03:38.518749+00:00,2026-07-04T02:03:38.518815,1,1,136.95,0.5,136.7,150,,,,,,,,,,,,,,,,,,,137.2,200,,,,,,,,,,,,,,,,,,
2026-07-04T02:03:38.625187+00:00,2026-07-04T02:03:38.625016,1,1,136.95,0.5,136.7,100,,,,,,,,,,,,,,,,,,,137.2,200,,,,,,,,,,,,,,,,,,
2026-07-04T02:03:39.507020+00:00,2026-07-04T02:03:39.506947,1,1,136.95,0.5,136.7,100,,,,,,,,,,,,,,,,,,,137.2,150,,,,,,,,,,,,,,,,,,
2026-07-04T02:03:39.558613+00:00,2026-07-04T02:03:39.557539,2,1,136.95,0.5,136.7,100,136.5,100,,,,,,,,,,,,,,,,,137.2,150,,,,,,,,,,,,,,,,,,
2026-07-04T02:03:39.611624+00:00,2026-07-04T02:03:39.611553,2,2,136.85,0.3,136.7,100,136.5,100,,,,,,,,,,,,,,,,,137.0,100,137.2,150,,,,,,,,,,,,,,,,
2026-07-04T02:03:41.574677+00:00,2026-07-04T02:03:41.574646,1,1,136.75,0.5,136.5,100,,,,,,,,,,,,,,,,,,,137.0,100,,,,,,,,,,,,,,,,,,
2026-07-04T02:03:41.628086+00:00,2026-07-04T02:03:41.628001,1,1,136.75,0.5,136.5,250,,,,,,,,,,,,,,,,,,,137.0,100,,,,,,,,,,,,,,,,,,
2026-07-04T02:03:41.685564+00:00,2026-07-04T02:03:41.685503,1,1,136.75,0.5,136.5,250,,,,,,,,,,,,,,,,,,,137.0,250,,,,,,,,,,,,,,,,,,
2026-07-04T02:03:42.668989+00:00,2026-07-04T02:03:42.668876,1,1,136.75,0.5,136.5,150,,,,,,,,,,,,,,,,,,,137.0,150,,,,,,,,,,,,,,,,,,
2026-07-04T02:03:42.720658+00:00,2026-07-04T02:03:42.720568,2,1,136.75,0.5,136.5,150,136.4,100,,,,,,,,,,,,,,,,,137.0,150,,,,,,,,,,,,,,,,,,
2026-07-04T02:03:42.773879+00:00,2026-07-04T02:03:42.773812,2,2,136.7,0.4,136.5,150,136.4,100,,,,,,,,,,,,,,,,,136.9,100,137.0,150,,,,,,,,,,,,,,,,
2026-07-04T02:03:42.808160+00:00,2026-07-04T02:03:42.808311,2,2,136.7,0.4,136.5,150,136.4,100,,,,,,,,,,,,,,,,,136.9,50,137.0,150,,,,,,,,,,,,,,,,
2026-07-04T02:03:42.858793+00:00,2026-07-04T02:03:42.858660,2,2,136.7,0.4,136.5,150,136.4,100,,,,,,,,,,,,,,,,,136.9,3,137.0,150,,,,,,,,,,,,,,,,
2026-07-04T02:03:43.876268+00:00,2026-07-04T02:03:43.876239,2,2,136.7,0.4,136.5,107,136.4,100,,,,,,,,,,,,,,,,,136.9,3,137.0,150,,,,,,,,,,,,,,,,
2026-07-04T02:03:44.389786+00:00,2026-07-04T02:03:44.389652,2,2,136.7,0.4,136.5,66,136.4,100,,,,,,,,,,,,,,,,,136.9,3,137.0,150,,,,,,,,,,,,,,,,
2026-07-04T02:03:44.734792+00:00,2026-07-04T02:03:44.734999,1,1,136.65,0.5,136.4,100,,,,,,,,,,,,,,,,,,,136.9,3,,,,,,,,,,,,,,,,,,
2026-07-04T02:03:44.792686+00:00,2026-07-04T02:03:44.792586,2,1,136.65,0.5,136.4,100,136.3,150,,,,,,,,,,,,,,,,,136.9,3,,,,,,,,,,,,,,,,,,
2026-07-04T02:03:44.848263+00:00,2026-07-04T02:03:44.848130,2,2,136.6,0.4,136.4,100,136.3,150,,,,,,,,,,,,,,,,,136.8,150,136.9,3,,,,,,,,,,,,,,,,
2026-07-04T02:03:44.878739+00:00,2026-07-04T02:03:44.878616,2,2,136.6,0.4,136.4,100,136.3,150,,,,,,,,,,,,,,,,,136.8,101,136.9,3,,,,,,,,,,,,,,,,
2026-07-04T02:03:44.916976+00:00,2026-07-04T02:03:44.917107,2,2,136.6,0.4,136.4,100,136.3,150,,,,,,,,,,,,,,,,,136.8,51,136.9,3,,,,,,,,,,,,,,,,
2026-07-04T02:03:45.431415+00:00,2026-07-04T02:03:45.431618,2,2,136.6,0.4,136.4,58,136.3,150,,,,,,,,,,,,,,,,,136.8,51,136.9,3,,,,,,,,,,,,,,,,
2026-07-04T02:03:45.828487+00:00,2026-07-04T02:03:45.828441,1,1,136.55,0.5,136.3,150,,,,,,,,,,,,,,,,,,,136.8,51,,,,,,,,,,,,,,,,,,
2026-07-04T02:03:45.879629+00:00,2026-07-04T02:03:45.879588,2,1,136.75,0.1,136.7,100,136.3,150,,,,,,,,,,,,,,,,,136.8,51,,,,,,,,,,,,,,,,,,
2026-07-04T02:03:45.937150+00:00,2026-07-04T02:03:45.937032,2,2,136.75,0.1,136.7,100,136.3,150,,,,,,,,,,,,,,,,,136.8,51,137.2,100,,,,,,,,,,,,,,,,
2026-07-04T02:03:47.034889+00:00,2026-07-04T02:03:47.034760,2,2,136.75,0.1,136.7,100,136.3,150,,,,,,,,,,,,,,,,,136.8,1,137.2,100,,,,,,,,,,,,,,,,
2026-07-04T02:03:47.899553+00:00,2026-07-04T02:03:47.899446,1,1,136.95,0.5,136.7,100,,,,,,,,,,,,,,,,,,,137.2,100,,,,,,,,,,,,,,,,,,
2026-07-04T02:03:47.978679+00:00,2026-07-04T02:03:47.973404,2,1,137.05,0.3,136.9,139,136.7,100,,,,,,,,,,,,,,,,,137.2,100,,,,,,,,,,,,,,,,,,
2026-07-04T02:03:48.015273+00:00,2026-07-04T02:03:48.015184,2,2,137.05,0.3,136.9,139,136.7,100,,,,,,,,,,,,,,,,,137.2,100,137.4,150,,,,,,,,,,,,,,,,
2026-07-04T02:03:48.989500+00:00,2026-07-04T02:03:48.989462,1,1,137.15,0.5,136.9,139,,,,,,,,,,,,,,,,,,,137.4,150,,,,,,,,,,,,,,,,,,
2026-07-04T02:03:49.043905+00:00,2026-07-04T02:03:49.043861,2,1,137.15,0.5,136.9,139,136.7,100,,,,,,,,,,,,,,,,,137.4,150,,,,,,,,,,,,,,,,,,
2026-07-04T02:03:49.097934+00:00,2026-07-04T02:03:49.097848,2,2,137.05,0.3,136.9,139,136.7,100,,,,,,,,,,,,,,,,,137.2,100,137.4,150,,,,,,,,,,,,,,,,
2026-07-04T02:03:49.197703+00:00,2026-07-04T02:03:49.197571,2,2,137.05,0.3,136.9,89,136.7,100,,,,,,,,,,,,,,,,,137.2,100,137.4,150,,,,,,,,,,,,,,,,
2026-07-04T02:03:49.618302+00:00,2026-07-04T02:03:49.618165,2,2,137.05,0.3,136.9,89,136.7,100,,,,,,,,,,,,,,,,,137.2,53,137.4,150,,,,,,,,,,,,,,,,
2026-07-04T02:03:51.074117+00:00,2026-07-04T02:03:51.074053,1,1,136.95,0.5,136.7,100,,,,,,,,,,,,,,,,,,,137.2,53,,,,,,,,,,,,,,,,,,
2026-07-04T02:03:51.128432+00:00,2026-07-04T02:03:51.128579,1,1,136.95,0.5,136.7,250,,,,,,,,,,,,,,,,,,,137.2,53,,,,,,,,,,,,,,,,,,
2026-07-04T02:03:51.180954+00:00,2026-07-04T02:03:51.180842,1,1,136.95,0.5,136.7,250,,,,,,,,,,,,,,,,,,,137.2,203,,,,,,,,,,,,,,,,,,
2026-07-04T02:03:52.017847+00:00,2026-07-04T02:03:52.017764,1,1,136.95,0.5,136.7,250,,,,,,,,,,,,,,,,,,,137.2,159,,,,,,,,,,,,,,,,,,
2026-07-04T02:03:52.158648+00:00,2026-07-04T02:03:52.151638,1,1,136.95,0.5,136.7,150,,,,,,,,,,,,,,,,,,,137.2,150,,,,,,,,,,,,,,,,,,
2026-07-04T02:03:52.206726+00:00,2026-07-04T02:03:52.206859,1,1,136.95,0.5,136.7,150,,,,,,,,,,,,,,,,,,,137.2,50,,,,,,,,,,,,,,,,,,
2026-07-04T02:03:52.259959+00:00,2026-07-04T02:03:52.260106,1,2,136.95,0.5,136.7,150,,,,,,,,,,,,,,,,,,,137.2,50,137.7,100,,,,,,,,,,,,,,,,
2026-07-04T02:03:53.300584+00:00,2026-07-04T02:03:53.300550,1,2,136.95,0.5,136.7,109,,,,,,,,,,,,,,,,,,,137.2,50,137.7,100,,,,,,,,,,,,,,,,
2026-07-04T02:03:53.358615+00:00,2026-07-04T02:03:53.353254,1,1,137.2,1.0,136.7,109,,,,,,,,,,,,,,,,,,,137.7,100,,,,,,,,,,,,,,,,,,
2026-07-04T02:03:54.231719+00:00,2026-07-04T02:03:54.231663,0,1,,,,,,,,,,,,,,,,,,,,,,,137.7,100,,,,,,,,,,,,,,,,,,
2026-07-04T02:03:54.295594+00:00,2026-07-04T02:03:54.290323,1,1,137.45,0.5,137.2,138,,,,,,,,,,,,,,,,,,,137.7,100,,,,,,,,,,,,,,,,,,
2026-07-04T02:03:54.340082+00:00,2026-07-04T02:03:54.339979,1,1,137.45,0.5,137.2,138,,,,,,,,,,,,,,,,,,,137.7,250,,,,,,,,,,,,,,,,,,
2026-07-04T02:03:54.371982+00:00,2026-07-04T02:03:54.371905,1,1,137.45,0.5,137.2,98,,,,,,,,,,,,,,,,,,,137.7,250,,,,,,,,,,,,,,,,,,
2026-07-04T02:03:55.314060+00:00,2026-07-04T02:03:55.313982,1,1,137.45,0.5,137.2,98,,,,,,,,,,,,,,,,,,,137.7,150,,,,,,,,,,,,,,,,,,
2026-07-04T02:03:55.368860+00:00,2026-07-04T02:03:55.368744,2,1,137.45,0.5,137.2,98,137.0,100,,,,,,,,,,,,,,,,,137.7,150,,,,,,,,,,,,,,,,,,
2026-07-04T02:03:55.422525+00:00,2026-07-04T02:03:55.422412,2,2,137.35,0.3,137.2,98,137.0,100,,,,,,,,,,,,,,,,,137.5,100,137.7,150,,,,,,,,,,,,,,,,
2026-07-04T02:03:55.471089+00:00,2026-07-04T02:03:55.470977,2,2,137.35,0.3,137.2,98,137.0,100,,,,,,,,,,,,,,,,,137.5,50,137.7,150,,,,,,,,,,,,,,,,
2026-07-04T02:03:57.395314+00:00,2026-07-04T02:03:57.395172,1,1,137.25,0.5,137.0,100,,,,,,,,,,,,,,,,,,,137.5,50,,,,,,,,,,,,,,,,,,
2026-07-04T02:03:57.458646+00:00,2026-07-04T02:03:57.454017,2,1,137.35,0.3,137.2,150,137.0,100,,,,,,,,,,,,,,,,,137.5,50,,,,,,,,,,,,,,,,,,
2026-07-04T02:03:57.502550+00:00,2026-07-04T02:03:57.502716,2,2,137.35,0.3,137.2,150,137.0,100,,,,,,,,,,,,,,,,,137.5,50,137.7,150,,,,,,,,,,,,,,,,
2026-07-04T02:03:57.578416+00:00,2026-07-04T02:03:57.578315,2,1,137.45,0.5,137.2,150,137.0,100,,,,,,,,,,,,,,,,,137.7,150,,,,,,,,,,,,,,,,,,
2026-07-04T02:03:58.474418+00:00,2026-07-04T02:03:58.474556,1,1,137.45,0.5,137.2,150,,,,,,,,,,,,,,,,,,,137.7,150,,,,,,,,,,,,,,,,,,
2026-07-04T02:03:58.526987+00:00,2026-07-04T02:03:58.526900,1,1,137.45,0.5,137.2,250,,,,,,,,,,,,,,,,,,,137.7,150,,,,,,,,,,,,,,,,,,
2026-07-04T02:03:58.581543+00:00,2026-07-04T02:03:58.581457,1,1,137.45,0.5,137.2,250,,,,,,,,,,,,,,,,,,,137.7,250,,,,,,,,,,,,,,,,,,
2026-07-04T02:03:59.687920+00:00,2026-07-04T02:03:59.687819,1,1,137.45,0.5,137.2,250,,,,,,,,,,,,,,,,,,,137.7,200,,,,,,,,,,,,,,,,,,
2026-07-04T02:04:00.108598+00:00,2026-07-04T02:04:00.108377,1,1,137.45,0.5,137.2,250,,,,,,,,,,,,,,,,,,,137.7,154,,,,,,,,,,,,,,,,,,
2026-07-04T02:04:00.558537+00:00,2026-07-04T02:04:00.555689,1,1,137.45,0.5,137.2,100,,,,,,,,,,,,,,,,,,,137.7,100,,,,,,,,,,,,,,,,,,
2026-07-04T02:04:00.622300+00:00,2026-07-04T02:04:00.617296,2,1,137.6,0.2,137.5,116,137.2,100,,,,,,,,,,,,,,,,,137.7,100,,,,,,,,,,,,,,,,,,
2026-07-04T02:04:00.678582+00:00,2026-07-04T02:04:00.678370,2,2,137.6,0.2,137.5,116,137.2,100,,,,,,,,,,,,,,,,,137.7,100,138.0,150,,,,,,,,,,,,,,,,
2026-07-04T02:04:00.683761+00:00,2026-07-04T02:04:00.683619,2,2,137.6,0.2,137.5,75,137.2,100,,,,,,,,,,,,,,,,,137.7,100,138.0,150,,,,,,,,,,,,,,,,
2026-07-04T02:04:01.388877+00:00,2026-07-04T02:04:01.388818,2,2,137.6,0.2,137.5,27,137.2,100,,,,,,,,,,,,,,,,,137.7,100,138.0,150,,,,,,,,,,,,,,,,
2026-07-04T02:04:01.629554+00:00,2026-07-04T02:04:01.629446,1,1,137.75,0.5,137.5,27,,,,,,,,,,,,,,,,,,,138.0,150,,,,,,,,,,,,,,,,,,
2026-07-04T02:04:01.689431+00:00,2026-07-04T02:04:01.689575,2,1,137.75,0.5,137.5,27,136.9,100,,,,,,,,,,,,,,,,,138.0,150,,,,,,,,,,,,,,,,,,
2026-07-04T02:04:01.742926+00:00,2026-07-04T02:04:01.742807,1,2,137.15,0.5,136.9,100,,,,,,,,,,,,,,,,,,,137.4,73,138.0,150,,,,,,,,,,,,,,,,
2026-07-04T02:04:01.794097+00:00,2026-07-04T02:04:01.793999,1,2,137.15,0.5,136.9,100,,,,,,,,,,,,,,,,,,,137.4,23,138.0,150,,,,,,,,,,,,,,,,
2026-07-04T02:04:03.725913+00:00,2026-07-04T02:04:03.725823,1,1,137.15,0.5,136.9,100,,,,,,,,,,,,,,,,,,,137.4,23,,,,,,,,,,,,,,,,,,
2026-07-04T02:04:03.779378+00:00,2026-07-04T02:04:03.779249,2,1,137.15,0.5,136.9,100,136.6,150,,,,,,,,,,,,,,,,,137.4,23,,,,,,,,,,,,,,,,,,
2026-07-04T02:04:03.832819+00:00,2026-07-04T02:04:03.832765,2,2,137.0,0.2,136.9,100,136.6,150,,,,,,,,,,,,,,,,,137.1,150,137.4,23,,,,,,,,,,,,,,,,
2026-07-04T02:04:03.903655+00:00,2026-07-04T02:04:03.903545,2,2,137.0,0.2,136.9,100,136.6,150,,,,,,,,,,,,,,,,,137.1,100,137.4,23,,,,,,,,,,,,,,,,
2026-07-04T02:04:04.797646+00:00,2026-07-04T02:04:04.797588,1,1,136.85,0.5,136.6,150,,,,,,,,,,,,,,,,,,,137.1,100,,,,,,,,,,,,,,,,,,
2026-07-04T02:04:04.864203+00:00,2026-07-04T02:04:04.864153,1,0,,,136.6,150,,,,,,,,,,,,,,,,,,,,,,,,,,,,,,,,,,,,,,
2026-07-04T02:04:04.931853+00:00,2026-07-04T02:04:04.931950,1,1,137.1,1.0,136.6,150,,,,,,,,,,,,,,,,,,,137.6,100,,,,,,,,,,,,,,,,,,
2026-07-04T02:04:06.011008+00:00,2026-07-04T02:04:06.010848,1,1,137.1,1.0,136.6,150,,,,,,,,,,,,,,,,,,,137.6,50,,,,,,,,,,,,,,,,,,
2026-07-04T02:04:06.280447+00:00,2026-07-04T02:04:06.280319,1,1,137.1,1.0,136.6,150,,,,,,,,,,,,,,,,,,,137.6,2,,,,,,,,,,,,,,,,,,
2026-07-04T02:04:06.889372+00:00,2026-07-04T02:04:06.889254,0,1,,,,,,,,,,,,,,,,,,,,,,,137.6,2,,,,,,,,,,,,,,,,,,
2026-07-04T02:04:06.943805+00:00,2026-07-04T02:04:06.943666,1,1,137.45,0.3,137.3,150,,,,,,,,,,,,,,,,,,,137.6,2,,,,,,,,,,,,,,,,,,
2026-07-04T02:04:06.994026+00:00,2026-07-04T02:04:06.993943,1,2,137.45,0.3,137.3,150,,,,,,,,,,,,,,,,,,,137.6,2,137.8,150,,,,,,,,,,,,,,,,
2026-07-04T02:04:07.358705+00:00,2026-07-04T02:04:07.358593,1,2,137.45,0.3,137.3,102,,,,,,,,,,,,,,,,,,,137.6,2,137.8,150,,,,,,,,,,,,,,,,
2026-07-04T02:04:07.985318+00:00,2026-07-04T02:04:07.985277,1,1,137.55,0.5,137.3,102,,,,,,,,,,,,,,,,,,,137.8,150,,,,,,,,,,,,,,,,,,
2026-07-04T02:04:08.035590+00:00,2026-07-04T02:04:08.035527,2,1,137.55,0.5,137.3,102,136.9,100,,,,,,,,,,,,,,,,,137.8,150,,,,,,,,,,,,,,,,,,
2026-07-04T02:04:08.089613+00:00,2026-07-04T02:04:08.089517,2,2,137.35,0.1,137.3,102,136.9,100,,,,,,,,,,,,,,,,,137.4,100,137.8,150,,,,,,,,,,,,,,,,
2026-07-04T02:04:08.117158+00:00,2026-07-04T02:04:08.117127,2,2,137.35,0.1,137.3,102,136.9,100,,,,,,,,,,,,,,,,,137.4,50,137.8,150,,,,,,,,,,,,,,,,
2026-07-04T02:04:10.051713+00:00,2026-07-04T02:04:10.051631,1,1,137.15,0.5,136.9,100,,,,,,,,,,,,,,,,,,,137.4,50,,,,,,,,,,,,,,,,,,
2026-07-04T02:04:10.108162+00:00,2026-07-04T02:04:10.108319,2,1,137.3,0.2,137.2,150,136.9,100,,,,,,,,,,,,,,,,,137.4,50,,,,,,,,,,,,,,,,,,
2026-07-04T02:04:10.157738+00:00,2026-07-04T02:04:10.157918,2,2,137.3,0.2,137.2,150,136.9,100,,,,,,,,,,,,,,,,,137.4,50,137.7,150,,,,,,,,,,,,,,,,
2026-07-04T02:04:10.274536+00:00,2026-07-04T02:04:10.274422,2,2,137.3,0.2,137.2,100,136.9,100,,,,,,,,,,,,,,,,,137.4,50,137.7,150,,,,,,,,,,,,,,,,
2026-07-04T02:04:10.703133+00:00,2026-07-04T02:04:10.703075,2,2,137.3,0.2,137.2,100,136.9,100,,,,,,,,,,,,,,,,,137.4,7,137.7,150,,,,,,,,,,,,,,,,
