recv_time,book_timestamp,n_bids,n_asks,mid,spread,bid_px_0,bid_vol_0,bid_px_1,bid_vol_1,bid_px_2,bid_vol_2,bid_px_3,bid_vol_3,bid_px_4,bid_vol_4,bid_px_5,bid_vol_5,bid_px_6,bid_vol_6,bid_px_7,bid_vol_7,bid_px_8,bid_vol_8,bid_px_9,bid_vol_9,ask_px_0,ask_vol_0,ask_px_1,ask_vol_1,ask_px_2,ask_vol_2,ask_px_3,ask_vol_3,ask_px_4,ask_vol_4,ask_px_5,ask_vol_5,ask_px_6,ask_vol_6,ask_px_7,ask_vol_7,ask_px_8,ask_vol_8,ask_px_9,ask_vol_9
2026-07-02T12:00:00.273251+00:00,2026-07-02T12:00:00.282561,1,1,111.15,0.5,110.9,250,,,,,,,,,,,,,,,,,,,111.4,250,,,,,,,,,,,,,,,,,,
2026-07-02T12:00:00.437271+00:00,2026-07-02T12:00:00.325845,1,1,111.15,0.5,110.9,200,,,,,,,,,,,,,,,,,,,111.4,250,,,,,,,,,,,,,,,,,,
2026-07-02T12:00:01.781134+00:00,2026-07-02T12:00:01.781233,1,1,111.15,0.5,110.9,200,,,,,,,,,,,,,,,,,,,111.4,150,,,,,,,,,,,,,,,,,,
2026-07-02T12:00:01.786542+00:00,2026-07-02T12:00:01.786429,1,1,111.15,0.5,110.9,150,,,,,,,,,,,,,,,,,,,111.4,150,,,,,,,,,,,,,,,,,,
2026-07-02T12:00:01.839419+00:00,2026-07-02T12:00:01.839342,1,1,111.15,0.5,110.9,250,,,,,,,,,,,,,,,,,,,111.4,150,,,,,,,,,,,,,,,,,,
2026-07-02T12:00:01.890332+00:00,2026-07-02T12:00:01.890240,1,1,111.15,0.5,110.9,250,,,,,,,,,,,,,,,,,,,111.4,250,,,,,,,,,,,,,,,,,,
2026-07-02T12:00:02.441452+00:00,2026-07-02T12:00:02.441323,1,1,111.15,0.5,110.9,200,,,,,,,,,,,,,,,,,,,111.4,250,,,,,,,,,,,,,,,,,,
2026-07-02T12:00:03.346829+00:00,2026-07-02T12:00:03.346690,1,1,111.15,0.5,110.9,200,,,,,,,,,,,,,,,,,,,111.4,100,,,,,,,,,,,,,,,,,,
2026-07-02T12:00:03.352087+00:00,2026-07-02T12:00:03.351908,1,1,111.15,0.5,110.9,100,,,,,,,,,,,,,,,,,,,111.4,100,,,,,,,,,,,,,,,,,,
2026-07-02T12:00:03.405758+00:00,2026-07-02T12:00:03.405706,2,1,111.15,0.5,110.9,100,110.7,150,,,,,,,,,,,,,,,,,111.4,100,,,,,,,,,,,,,,,,,,
2026-07-02T12:00:03.458726+00:00,2026-07-02T12:00:03.454621,2,2,111.05,0.3,110.9,100,110.7,150,,,,,,,,,,,,,,,,,111.2,150,111.4,100,,,,,,,,,,,,,,,,
2026-07-02T12:00:04.551063+00:00,2026-07-02T12:00:04.551026,2,2,111.05,0.3,110.9,50,110.7,150,,,,,,,,,,,,,,,,,111.2,150,111.4,100,,,,,,,,,,,,,,,,
2026-07-02T12:00:04.946590+00:00,2026-07-02T12:00:04.946467,1,1,110.95,0.5,110.7,150,,,,,,,,,,,,,,,,,,,111.2,150,,,,,,,,,,,,,,,,,,
2026-07-02T12:00:05.002191+00:00,2026-07-02T12:00:05.002125,2,1,110.95,0.5,110.7,150,110.6,100,,,,,,,,,,,,,,,,,111.2,150,,,,,,,,,,,,,,,,,,
2026-07-02T12:00:05.058684+00:00,2026-07-02T12:00:05.051288,2,2,110.9,0.4,110.7,150,110.6,100,,,,,,,,,,,,,,,,,111.1,100,111.2,150,,,,,,,,,,,,,,,,
2026-07-02T12:00:05.784001+00:00,2026-07-02T12:00:05.778175,2,2,110.9,0.4,110.7,150,110.6,100,,,,,,,,,,,,,,,,,111.1,88,111.2,150,,,,,,,,,,,,,,,,
2026-07-02T12:00:06.514542+00:00,2026-07-02T12:00:06.514461,2,1,110.9,0.4,110.7,150,110.6,100,,,,,,,,,,,,,,,,,111.1,88,,,,,,,,,,,,,,,,,,
2026-07-02T12:00:06.519751+00:00,2026-07-02T12:00:06.519625,1,1,110.85,0.5,110.6,100,,,,,,,,,,,,,,,,,,,111.1,88,,,,,,,,,,,,,,,,,,
2026-07-02T12:00:06.535439+00:00,2026-07-02T12:00:06.535321,1,1,110.85,0.5,110.6,100,,,,,,,,,,,,,,,,,,,111.1,42,,,,,,,,,,,,,,,,,,
2026-07-02T12:00:06.572256+00:00,2026-07-02T12:00:06.572159,2,1,111.0,0.2,110.9,150,110.6,100,,,,,,,,,,,,,,,,,111.1,42,,,,,,,,,,,,,,,,,,
2026-07-02T12:00:06.603601+00:00,2026-07-02T12:00:06.603501,2,0,,,110.9,150,110.6,100,,,,,,,,,,,,,,,,,,,,,,,,,,,,,,,,,,,,
2026-07-02T12:00:06.630724+00:00,2026-07-02T12:00:06.630593,2,1,111.15,0.5,110.9,150,110.6,100,,,,,,,,,,,,,,,,,111.4,150,,,,,,,,,,,,,,,,,,
2026-07-02T12:00:08.008493+00:00,2026-07-02T12:00:08.008429,2,1,111.15,0.5,110.9,107,110.6,100,,,,,,,,,,,,,,,,,111.4,150,,,,,,,,,,,,,,,,,,
2026-07-02T12:00:08.108505+00:00,2026-07-02T12:00:08.108438,1,1,111.15,0.5,110.9,107,,,,,,,,,,,,,,,,,,,111.4,150,,,,,,,,,,,,,,,,,,
2026-07-02T12:00:08.158629+00:00,2026-07-02T12:00:08.154488,2,1,111.2,0.4,111.0,100,110.9,107,,,,,,,,,,,,,,,,,111.4,150,,,,,,,,,,,,,,,,,,
2026-07-02T12:00:08.214572+00:00,2026-07-02T12:00:08.214471,2,2,111.2,0.4,111.0,100,110.9,107,,,,,,,,,,,,,,,,,111.4,150,111.5,100,,,,,,,,,,,,,,,,
2026-07-02T12:00:08.369082+00:00,2026-07-02T12:00:08.368945,2,2,111.2,0.4,111.0,100,110.9,111,,,,,,,,,,,,,,,,,111.4,150,111.5,100,,,,,,,,,,,,,,,,
2026-07-02T12:00:08.524417+00:00,2026-07-02T12:00:08.524360,2,3,111.1,0.2,111.0,100,110.9,111,,,,,,,,,,,,,,,,,111.2,2,111.4,150,111.5,100,,,,,,,,,,,,,,
2026-07-02T12:00:08.715113+00:00,2026-07-02T12:00:08.715066,2,2,111.2,0.4,111.0,100,110.9,111,,,,,,,,,,,,,,,,,111.4,102,111.5,100,,,,,,,,,,,,,,,,
2026-07-02T12:00:09.280903+00:00,2026-07-02T12:00:09.281008,2,2,111.2,0.4,111.0,55,110.9,111,,,,,,,,,,,,,,,,,111.4,102,111.5,100,,,,,,,,,,,,,,,,
2026-07-02T12:00:09.682908+00:00,2026-07-02T12:00:09.682830,2,1,111.25,0.5,111.0,55,110.9,4,,,,,,,,,,,,,,,,,111.5,100,,,,,,,,,,,,,,,,,,
2026-07-02T12:00:09.734969+00:00,2026-07-02T12:00:09.734907,2,1,111.25,0.5,111.0,55,110.9,154,,,,,,,,,,,,,,,,,111.5,100,,,,,,,,,,,,,,,,,,
2026-07-02T12:00:09.795448+00:00,2026-07-02T12:00:09.795575,2,2,111.2,0.4,111.0,55,110.9,154,,,,,,,,,,,,,,,,,111.4,150,111.5,100,,,,,,,,,,,,,,,,
2026-07-02T12:00:10.268979+00:00,2026-07-02T12:00:10.268899,2,2,111.2,0.4,111.0,55,110.9,154,,,,,,,,,,,,,,,,,111.4,110,111.5,100,,,,,,,,,,,,,,,,
2026-07-02T12:00:11.268438+00:00,2026-07-02T12:00:11.268358,1,1,111.15,0.5,110.9,154,,,,,,,,,,,,,,,,,,,111.4,110,,,,,,,,,,,,,,,,,,
2026-07-02T12:00:11.323747+00:00,2026-07-02T12:00:11.323689,2,1,111.15,0.5,110.9,154,110.8,100,,,,,,,,,,,,,,,,,111.4,110,,,,,,,,,,,,,,,,,,
2026-07-02T12:00:11.375891+00:00,2026-07-02T12:00:11.375997,2,2,111.1,0.4,110.9,154,110.8,100,,,,,,,,,,,,,,,,,111.3,100,111.4,110,,,,,,,,,,,,,,,,
2026-07-02T12:00:11.558555+00:00,2026-07-02T12:00:11.557964,2,3,111.05,0.3,110.9,154,110.8,100,,,,,,,,,,,,,,,,,111.2,2,111.3,100,111.4,110,,,,,,,,,,,,,,
2026-07-02T12:00:12.851219+00:00,2026-07-02T12:00:12.851436,2,2,111.05,0.3,110.9,4,110.8,100,,,,,,,,,,,,,,,,,111.2,2,111.3,100,,,,,,,,,,,,,,,,
2026-07-02T12:00:12.906653+00:00,2026-07-02T12:00:12.906573,3,2,111.15,0.1,111.1,150,110.9,4,110.8,100,,,,,,,,,,,,,,,111.2,2,111.3,100,,,,,,,,,,,,,,,,
2026-07-02T12:00:12.926525+00:00,2026-07-02T12:00:12.926426,3,1,111.2,0.2,111.1,150,110.9,4,110.8,100,,,,,,,,,,,,,,,111.3,52,,,,,,,,,,,,,,,,,,
2026-07-02T12:00:12.958630+00:00,2026-07-02T12:00:12.954559,3,2,111.2,0.2,111.1,150,110.9,4,110.8,100,,,,,,,,,,,,,,,111.3,52,111.6,150,,,,,,,,,,,,,,,,
2026-07-02T12:00:13.826396+00:00,2026-07-02T12:00:13.826365,3,2,111.2,0.2,111.1,106,110.9,4,110.8,100,,,,,,,,,,,,,,,111.3,52,111.6,150,,,,,,,,,,,,,,,,
2026-07-02T12:00:14.434309+00:00,2026-07-02T12:00:14.434480,2,1,111.35,0.5,111.1,106,110.9,4,,,,,,,,,,,,,,,,,111.6,150,,,,,,,,,,,,,,,,,,
2026-07-02T12:00:14.490577+00:00,2026-07-02T12:00:14.490508,3,1,111.4,0.4,111.2,100,111.1,106,110.9,4,,,,,,,,,,,,,,,111.6,150,,,,,,,,,,,,,,,,,,
2026-07-02T12:00:14.543867+00:00,2026-07-02T12:00:14.543740,3,2,111.4,0.4,111.2,100,111.1,106,110.9,4,,,,,,,,,,,,,,,111.6,150,111.7,100,,,,,,,,,,,,,,,,
2026-07-02T12:00:15.036310+00:00,2026-07-02T12:00:15.036162,3,2,111.4,0.4,111.2,100,111.1,106,110.9,4,,,,,,,,,,,,,,,111.6,100,111.7,100,,,,,,,,,,,,,,,,
2026-07-02T12:00:15.657142+00:00,2026-07-02T12:00:15.657264,3,3,111.25,0.1,111.2,100,111.1,106,110.9,4,,,,,,,,,,,,,,,111.3,2,111.6,100,111.7,100,,,,,,,,,,,,,,
2026-07-02T12:00:16.014322+00:00,2026-07-02T12:00:16.014239,2,2,111.25,0.1,111.2,100,110.9,4,,,,,,,,,,,,,,,,,111.3,2,111.7,100,,,,,,,,,,,,,,,,
2026-07-02T12:00:16.070833+00:00,2026-07-02T12:00:16.070665,2,2,111.25,0.1,111.2,250,110.9,4,,,,,,,,,,,,,,,,,111.3,2,111.7,100,,,,,,,,,,,,,,,,
2026-07-02T12:00:16.123822+00:00,2026-07-02T12:00:16.123715,2,2,111.25,0.1,111.2,250,110.9,4,,,,,,,,,,,,,,,,,111.3,2,111.7,250,,,,,,,,,,,,,,,,
2026-07-02T12:00:16.521045+00:00,2026-07-02T12:00:16.520960,2,2,111.25,0.1,111.2,250,110.9,4,,,,,,,,,,,,,,,,,111.3,1,111.7,250,,,,,,,,,,,,,,,,
2026-07-02T12:00:16.721056+00:00,2026-07-02T12:00:16.721003,2,1,111.45,0.5,111.2,250,110.9,4,,,,,,,,,,,,,,,,,111.7,250,,,,,,,,,,,,,,,,,,
2026-07-02T12:00:17.158648+00:00,2026-07-02T12:00:17.155033,2,1,111.45,0.5,111.2,249,110.9,4,,,,,,,,,,,,,,,,,111.7,250,,,,,,,,,,,,,,,,,,
2026-07-02T12:00:17.199095+00:00,2026-07-02T12:00:17.198939,2,1,111.45,0.5,111.2,199,110.9,4,,,,,,,,,,,,,,,,,111.7,250,,,,,,,,,,,,,,,,,,
2026-07-02T12:00:17.598446+00:00,2026-07-02T12:00:17.598317,1,1,111.45,0.5,111.2,150,,,,,,,,,,,,,,,,,,,111.7,150,,,,,,,,,,,,,,,,,,
2026-07-02T12:00:17.654194+00:00,2026-07-02T12:00:17.654076,1,1,111.45,0.5,111.2,250,,,,,,,,,,,,,,,,,,,111.7,150,,,,,,,,,,,,,,,,,,
2026-07-02T12:00:17.706881+00:00,2026-07-02T12:00:17.706757,1,1,111.45,0.5,111.2,250,,,,,,,,,,,,,,,,,,,111.7,250,,,,,,,,,,,,,,,,,,
2026-07-02T12:00:18.675733+00:00,2026-07-02T12:00:18.675905,2,1,111.45,0.5,111.2,250,111.1,5,,,,,,,,,,,,,,,,,111.7,250,,,,,,,,,,,,,,,,,,
2026-07-02T12:00:19.179825+00:00,2026-07-02T12:00:19.179719,2,1,111.45,0.5,111.2,100,111.1,5,,,,,,,,,,,,,,,,,111.7,100,,,,,,,,,,,,,,,,,,
2026-07-02T12:00:19.232422+00:00,2026-07-02T12:00:19.232292,3,1,111.5,0.4,111.3,150,111.2,100,111.1,5,,,,,,,,,,,,,,,111.7,100,,,,,,,,,,,,,,,,,,
2026-07-02T12:00:19.253736+00:00,2026-07-02T12:00:19.253613,3,1,111.5,0.4,111.3,150,111.2,100,111.1,5,,,,,,,,,,,,,,,111.7,50,,,,,,,,,,,,,,,,,,
2026-07-02T12:00:19.289630+00:00,2026-07-02T12:00:19.289528,3,2,111.5,0.4,111.3,150,111.2,100,111.1,5,,,,,,,,,,,,,,,111.7,50,111.8,150,,,,,,,,,,,,,,,,
2026-07-02T12:00:20.758562+00:00,2026-07-02T12:00:20.755065,2,1,111.55,0.5,111.3,150,111.1,5,,,,,,,,,,,,,,,,,111.8,150,,,,,,,,,,,,,,,,,,
2026-07-02T12:00:20.819183+00:00,2026-07-02T12:00:20.819110,2,1,111.55,0.5,111.3,250,111.1,5,,,,,,,,,,,,,,,,,111.8,150,,,,,,,,,,,,,,,,,,
2026-07-02T12:00:20.875650+00:00,2026-07-02T12:00:20.875622,2,1,111.55,0.5,111.3,250,111.1,5,,,,,,,,,,,,,,,,,111.8,250,,,,,,,,,,,,,,,,,,
2026-07-02T12:00:20.977900+00:00,2026-07-02T12:00:20.977818,2,1,111.55,0.5,111.3,250,111.1,5,,,,,,,,,,,,,,,,,111.8,210,,,,,,,,,,,,,,,,,,
2026-07-02T12:00:22.343152+00:00,2026-07-02T12:00:22.343027,2,1,111.55,0.5,111.3,100,111.1,5,,,,,,,,,,,,,,,,,111.8,100,,,,,,,,,,,,,,,,,,
2026-07-02T12:00:22.413986+00:00,2026-07-02T12:00:22.414171,3,1,111.6,0.4,111.4,150,111.3,100,111.1,5,,,,,,,,,,,,,,,111.8,100,,,,,,,,,,,,,,,,,,
2026-07-02T12:00:22.469147+00:00,2026-07-02T12:00:22.468947,3,2,111.6,0.4,111.4,150,111.3,100,111.1,5,,,,,,,,,,,,,,,111.8,100,111.9,150,,,,,,,,,,,,,,,,
2026-07-02T12:00:23.236017+00:00,2026-07-02T12:00:23.236127,3,2,111.6,0.4,111.4,107,111.3,100,111.1,5,,,,,,,,,,,,,,,111.8,100,111.9,150,,,,,,,,,,,,,,,,
2026-07-02T12:00:23.744747+00:00,2026-07-02T12:00:23.744657,3,2,111.6,0.4,111.4,61,111.3,100,111.1,5,,,,,,,,,,,,,,,111.8,100,111.9,150,,,,,,,,,,,,,,,,
2026-07-02T12:00:23.929050+00:00,2026-07-02T12:00:23.929301,2,1,111.65,0.5,111.4,61,111.1,5,,,,,,,,,,,,,,,,,111.9,150,,,,,,,,,,,,,,,,,,
2026-07-02T12:00:23.984656+00:00,2026-07-02T12:00:23.984559,3,1,111.75,0.3,111.6,100,111.4,61,111.1,5,,,,,,,,,,,,,,,111.9,150,,,,,,,,,,,,,,,,,,
2026-07-02T12:00:24.039388+00:00,2026-07-02T12:00:24.039287,3,2,111.75,0.3,111.6,100,111.4,61,111.1,5,,,,,,,,,,,,,,,111.9,150,112.1,100,,,,,,,,,,,,,,,,
2026-07-02T12:00:24.160255+00:00,2026-07-02T12:00:24.154578,3,2,111.75,0.3,111.6,88,111.4,61,111.1,5,,,,,,,,,,,,,,,111.9,150,112.1,100,,,,,,,,,,,,,,,,
2026-07-02T12:00:25.119064+00:00,2026-07-02T12:00:25.119034,2,2,111.75,0.3,111.6,88,111.4,61,,,,,,,,,,,,,,,,,111.9,104,112.1,100,,,,,,,,,,,,,,,,
2026-07-02T12:00:25.525699+00:00,2026-07-02T12:00:25.525633,1,1,111.85,0.5,111.6,88,,,,,,,,,,,,,,,,,,,112.1,100,,,,,,,,,,,,,,,,,,
2026-07-02T12:00:25.580501+00:00,2026-07-02T12:00:25.580429,2,1,111.85,0.5,111.6,88,111.5,150,,,,,,,,,,,,,,,,,112.1,100,,,,,,,,,,,,,,,,,,
2026-07-02T12:00:25.636416+00:00,2026-07-02T12:00:25.636223,2,2,111.8,0.4,111.6,88,111.5,150,,,,,,,,,,,,,,,,,112.0,150,112.1,100,,,,,,,,,,,,,,,,
2026-07-02T12:00:25.735218+00:00,2026-07-02T12:00:25.735132,3,2,111.8,0.4,111.6,88,111.5,150,111.3,5,,,,,,,,,,,,,,,112.0,150,112.1,100,,,,,,,,,,,,,,,,
2026-07-02T12:00:26.244407+00:00,2026-07-02T12:00:26.244280,3,2,111.8,0.4,111.6,88,111.5,150,111.3,5,,,,,,,,,,,,,,,112.0,109,112.1,100,,,,,,,,,,,,,,,,
2026-07-02T12:00:26.735423+00:00,2026-07-02T12:00:26.735260,3,2,111.8,0.4,111.6,41,111.5,150,111.3,5,,,,,,,,,,,,,,,112.0,109,112.1,100,,,,,,,,,,,,,,,,
2026-07-02T12:00:27.111602+00:00,2026-07-02T12:00:27.111505,3,1,111.8,0.4,111.6,41,111.5,150,111.3,5,,,,,,,,,,,,,,,112.0,109,,,,,,,,,,,,,,,,,,
2026-07-02T12:00:27.116975+00:00,2026-07-02T12:00:27.116733,2,1,111.75,0.5,111.5,150,111.3,5,,,,,,,,,,,,,,,,,112.0,109,,,,,,,,,,,,,,,,,,
2026-07-02T12:00:27.174490+00:00,2026-07-02T12:00:27.174362,3,1,111.75,0.5,111.5,150,111.4,100,111.3,5,,,,,,,,,,,,,,,112.0,109,,,,,,,,,,,,,,,,,,
2026-07-02T12:00:27.222429+00:00,2026-07-02T12:00:27.222353,3,2,111.7,0.4,111.5,150,111.4,100,111.3,5,,,,,,,,,,,,,,,111.9,100,112.0,109,,,,,,,,,,,,,,,,
2026-07-02T12:00:27.681535+00:00,2026-07-02T12:00:27.681391,3,2,111.7,0.4,111.5,150,111.4,100,111.3,5,,,,,,,,,,,,,,,111.9,50,112.0,109,,,,,,,,,,,,,,,,
2026-07-02T12:00:28.658634+00:00,2026-07-02T12:00:28.657519,3,2,111.7,0.4,111.5,150,111.4,100,111.3,5,,,,,,,,,,,,,,,111.9,7,112.0,109,,,,,,,,,,,,,,,,
2026-07-02T12:00:28.689283+00:00,2026-07-02T12:00:28.689167,3,1,111.7,0.4,111.5,150,111.4,100,111.3,5,,,,,,,,,,,,,,,111.9,7,,,,,,,,,,,,,,,,,,
2026-07-02T12:00:28.694286+00:00,2026-07-02T12:00:28.694384,2,1,111.65,0.5,111.4,100,111.3,5,,,,,,,,,,,,,,,,,111.9,7,,,,,,,,,,,,,,,,,,
2026-07-02T12:00:28.745782+00:00,2026-07-02T12:00:28.745926,3,1,111.8,0.2,111.7,150,111.4,100,111.3,5,,,,,,,,,,,,,,,111.9,7,,,,,,,,,,,,,,,,,,
2026-07-02T12:00:28.801356+00:00,2026-07-02T12:00:28.801241,3,2,111.8,0.2,111.7,150,111.4,100,111.3,5,,,,,,,,,,,,,,,111.9,7,112.2,150,,,,,,,,,,,,,,,,
2026-07-02T12:00:28.858585+00:00,2026-07-02T12:00:28.855524,3,2,111.8,0.2,111.7,150,111.4,100,111.3,4,,,,,,,,,,,,,,,111.9,7,112.2,150,,,,,,,,,,,,,,,,
2026-07-02T12:00:29.252780+00:00,2026-07-02T12:00:29.252656,3,2,111.8,0.2,111.7,106,111.4,100,111.3,4,,,,,,,,,,,,,,,111.9,7,112.2,150,,,,,,,,,,,,,,,,
2026-07-02T12:00:29.790076+00:00,2026-07-02T12:00:29.789933,3,1,111.95,0.5,111.7,106,111.4,100,111.3,4,,,,,,,,,,,,,,,112.2,150,,,,,,,,,,,,,,,,,,
2026-07-02T12:00:30.276506+00:00,2026-07-02T12:00:30.276357,2,1,111.95,0.5,111.7,106,111.3,4,,,,,,,,,,,,,,,,,112.2,150,,,,,,,,,,,,,,,,,,
2026-07-02T12:00:30.330056+00:00,2026-07-02T12:00:30.329980,2,1,112.1,0.2,112.0,100,111.7,106,,,,,,,,,,,,,,,,,112.2,150,,,,,,,,,,,,,,,,,,
2026-07-02T12:00:30.384403+00:00,2026-07-02T12:00:30.384270,2,2,112.1,0.2,112.0,100,111.7,106,,,,,,,,,,,,,,,,,112.2,150,112.5,100,,,,,,,,,,,,,,,,
2026-07-02T12:00:30.609930+00:00,2026-07-02T12:00:30.609729,2,2,112.1,0.2,112.0,96,111.7,106,,,,,,,,,,,,,,,,,112.2,150,112.5,100,,,,,,,,,,,,,,,,
2026-07-02T12:00:31.857746+00:00,2026-07-02T12:00:31.857904,1,1,112.25,0.5,112.0,96,,,,,,,,,,,,,,,,,,,112.5,100,,,,,,,,,,,,,,,,,,
2026-07-02T12:00:31.895066+00:00,2026-07-02T12:00:31.894958,1,1,112.25,0.5,112.0,96,,,,,,,,,,,,,,,,,,,112.5,50,,,,,,,,,,,,,,,,,,
2026-07-02T12:00:31.916191+00:00,2026-07-02T12:00:31.916018,2,1,112.25,0.5,112.0,96,111.8,150,,,,,,,,,,,,,,,,,112.5,50,,,,,,,,,,,,,,,,,,
2026-07-02T12:00:31.971389+00:00,2026-07-02T12:00:31.971257,2,2,112.15,0.3,112.0,96,111.8,150,,,,,,,,,,,,,,,,,112.3,150,112.5,50,,,,,,,,,,,,,,,,
2026-07-02T12:00:32.200517+00:00,2026-07-02T12:00:32.200478,2,2,112.15,0.3,112.0,49,111.8,150,,,,,,,,,,,,,,,,,112.3,150,112.5,50,,,,,,,,,,,,,,,,
2026-07-02T12:00:32.731887+00:00,2026-07-02T12:00:32.731849,2,2,112.15,0.3,112.0,49,111.8,150,,,,,,,,,,,,,,,,,112.3,110,112.5,50,,,,,,,,,,,,,,,,
2026-07-02T12:00:33.301107+00:00,2026-07-02T12:00:33.301018,2,2,112.15,0.3,112.0,49,111.8,150,,,,,,,,,,,,,,,,,112.3,67,112.5,50,,,,,,,,,,,,,,,,
2026-07-02T12:00:33.439535+00:00,2026-07-02T12:00:33.439434,1,1,112.05,0.5,111.8,150,,,,,,,,,,,,,,,,,,,112.3,67,,,,,,,,,,,,,,,,,,
2026-07-02T12:00:33.495750+00:00,2026-07-02T12:00:33.495565,2,1,112.1,0.4,111.9,100,111.8,150,,,,,,,,,,,,,,,,,112.3,67,,,,,,,,,,,,,,,,,,
2026-07-02T12:00:33.548366+00:00,2026-07-02T12:00:33.548250,2,2,112.1,0.4,111.9,100,111.8,150,,,,,,,,,,,,,,,,,112.3,67,112.4,100,,,,,,,,,,,,,,,,
2026-07-02T12:00:33.844578+00:00,2026-07-02T12:00:33.844776,2,2,112.1,0.4,111.9,96,111.8,150,,,,,,,,,,,,,,,,,112.3,67,112.4,100,,,,,,,,,,,,,,,,
2026-07-02T12:00:34.008917+00:00,2026-07-02T12:00:34.008724,2,2,112.1,0.4,111.9,96,111.8,150,,,,,,,,,,,,,,,,,112.3,17,112.4,100,,,,,,,,,,,,,,,,
2026-07-02T12:00:34.634183+00:00,2026-07-02T12:00:34.628308,2,2,112.1,0.4,111.9,85,111.8,150,,,,,,,,,,,,,,,,,112.3,17,112.4,100,,,,,,,,,,,,,,,,
2026-07-02T12:00:35.028331+00:00,2026-07-02T12:00:35.028292,1,1,112.15,0.5,111.9,85,,,,,,,,,,,,,,,,,,,112.4,100,,,,,,,,,,,,,,,,,,
2026-07-02T12:00:35.092772+00:00,2026-07-02T12:00:35.085877,2,1,112.2,0.4,112.0,138,111.9,85,,,,,,,,,,,,,,,,,112.4,100,,,,,,,,,,,,,,,,,,
2026-07-02T12:00:35.132283+00:00,2026-07-02T12:00:35.132115,2,2,112.2,0.4,112.0,138,111.9,85,,,,,,,,,,,,,,,,,112.4,100,112.5,150,,,,,,,,,,,,,,,,
2026-07-02T12:00:35.580150+00:00,2026-07-02T12:00:35.579992,3,2,112.2,0.4,112.0,138,111.9,85,111.7,5,,,,,,,,,,,,,,,112.4,100,112.5,150,,,,,,,,,,,,,,,,
2026-07-02T12:00:36.093549+00:00,2026-07-02T12:00:36.093409,3,2,112.2,0.4,112.0,97,111.9,85,111.7,5,,,,,,,,,,,,,,,112.4,100,112.5,150,,,,,,,,,,,,,,,,
2026-07-02T12:00:36.115462+00:00,2026-07-02T12:00:36.115642,3,2,112.2,0.4,112.0,97,111.9,85,111.7,5,,,,,,,,,,,,,,,112.4,50,112.5,150,,,,,,,,,,,,,,,,
2026-07-02T12:00:36.601264+00:00,2026-07-02T12:00:36.601187,2,1,112.25,0.5,112.0,97,111.7,5,,,,,,,,,,,,,,,,,112.5,150,,,,,,,,,,,,,,,,,,
2026-07-02T12:00:36.659238+00:00,2026-07-02T12:00:36.659075,3,1,112.3,0.4,112.1,100,112.0,97,111.7,5,,,,,,,,,,,,,,,112.5,150,,,,,,,,,,,,,,,,,,
2026-07-02T12:00:36.712362+00:00,2026-07-02T12:00:36.712201,3,2,112.3,0.4,112.1,100,112.0,97,111.7,5,,,,,,,,,,,,,,,112.5,150,112.6,100,,,,,,,,,,,,,,,,
2026-07-02T12:00:37.118562+00:00,2026-07-02T12:00:37.118503,3,2,112.3,0.4,112.1,96,112.0,97,111.7,5,,,,,,,,,,,,,,,112.5,150,112.6,100,,,,,,,,,,,,,,,,
2026-07-02T12:00:38.184710+00:00,2026-07-02T12:00:38.184662,2,1,112.35,0.5,112.1,96,111.7,5,,,,,,,,,,,,,,,,,112.6,100,,,,,,,,,,,,,,,,,,
2026-07-02T12:00:38.233202+00:00,2026-07-02T12:00:38.233040,2,1,112.35,0.5,112.1,96,111.7,5,,,,,,,,,,,,,,,,,112.6,50,,,,,,,,,,,,,,,,,,
2026-07-02T12:00:38.238390+00:00,2026-07-02T12:00:38.238318,2,1,112.35,0.5,112.1,246,111.7,5,,,,,,,,,,,,,,,,,112.6,50,,,,,,,,,,,,,,,,,,
2026-07-02T12:00:38.291953+00:00,2026-07-02T12:00:38.291814,2,1,112.35,0.5,112.1,246,111.7,5,,,,,,,,,,,,,,,,,112.6,200,,,,,,,,,,,,,,,,,,
2026-07-02T12:00:39.758609+00:00,2026-07-02T12:00:39.756522,2,1,112.35,0.5,112.1,150,111.7,5,,,,,,,,,,,,,,,,,112.6,150,,,,,,,,,,,,,,,,,,
2026-07-02T12:00:39.769256+00:00,2026-07-02T12:00:39.769087,1,1,112.35,0.5,112.1,150,,,,,,,,,,,,,,,,,,,112.6,150,,,,,,,,,,,,,,,,,,
2026-07-02T12:00:39.827286+00:00,2026-07-02T12:00:39.827399,2,1,112.4,0.4,112.2,100,112.1,150,,,,,,,,,,,,,,,,,112.6,150,,,,,,,,,,,,,,,,,,
2026-07-02T12:00:39.878718+00:00,2026-07-02T12:00:39.878553,2,2,112.4,0.4,112.2,100,112.1,150,,,,,,,,,,,,,,,,,112.6,150,112.7,100,,,,,,,,,,,,,,,,
2026-07-02T12:00:40.149926+00:00,2026-07-02T12:00:40.149799,3,2,112.4,0.4,112.2,100,112.1,150,111.9,5,,,,,,,,,,,,,,,112.6,150,112.7,100,,,,,,,,,,,,,,,,
2026-07-02T12:00:40.340053+00:00,2026-07-02T12:00:40.339995,3,2,112.4,0.4,112.2,100,112.1,150,111.9,5,,,,,,,,,,,,,,,112.6,100,112.7,100,,,,,,,,,,,,,,,,
2026-07-02T12:00:40.436304+00:00,2026-07-02T12:00:40.436189,3,2,112.4,0.4,112.2,96,112.1,150,111.9,5,,,,,,,,,,,,,,,112.6,100,112.7,100,,,,,,,,,,,,,,,,
2026-07-02T12:00:41.349913+00:00,2026-07-02T12:00:41.349808,2,1,112.45,0.5,112.2,96,111.9,5,,,,,,,,,,,,,,,,,112.7,100,,,,,,,,,,,,,,,,,,
2026-07-02T12:00:41.401699+00:00,2026-07-02T12:00:41.401585,3,1,112.55,0.3,112.4,150,112.2,96,111.9,5,,,,,,,,,,,,,,,112.7,100,,,,,,,,,,,,,,,,,,
2026-07-02T12:00:41.458650+00:00,2026-07-02T12:00:41.453405,3,2,112.55,0.3,112.4,150,112.2,96,111.9,5,,,,,,,,,,,,,,,112.7,100,112.9,150,,,,,,,,,,,,,,,,
2026-07-02T12:00:41.630350+00:00,2026-07-02T12:00:41.624549,3,2,112.55,0.3,112.4,149,112.2,96,111.9,5,,,,,,,,,,,,,,,112.7,100,112.9,150,,,,,,,,,,,,,,,,
2026-07-02T12:00:41.856362+00:00,2026-07-02T12:00:41.848327,3,2,112.55,0.3,112.4,148,112.2,96,111.9,5,,,,,,,,,,,,,,,112.7,100,112.9,150,,,,,,,,,,,,,,,,
2026-07-02T12:00:42.501105+00:00,2026-07-02T12:00:42.501054,3,2,112.55,0.3,112.4,98,112.2,96,111.9,5,,,,,,,,,,,,,,,112.7,100,112.9,150,,,,,,,,,,,,,,,,
2026-07-02T12:00:42.914854+00:00,2026-07-02T12:00:42.914740,3,2,112.55,0.3,112.4,57,112.2,96,111.9,5,,,,,,,,,,,,,,,112.7,100,112.9,150,,,,,,,,,,,,,,,,
2026-07-02T12:00:42.932259+00:00,2026-07-02T12:00:42.932120,2,1,112.65,0.5,112.4,57,111.9,5,,,,,,,,,,,,,,,,,112.9,150,,,,,,,,,,,,,,,,,,
2026-07-02T12:00:42.984461+00:00,2026-07-02T12:00:42.984395,2,1,112.65,0.5,112.4,157,111.9,5,,,,,,,,,,,,,,,,,112.9,150,,,,,,,,,,,,,,,,,,
2026-07-02T12:00:43.035329+00:00,2026-07-02T12:00:43.035200,2,1,112.65,0.5,112.4,157,111.9,5,,,,,,,,,,,,,,,,,112.9,250,,,,,,,,,,,,,,,,,,
2026-07-02T12:00:43.558645+00:00,2026-07-02T12:00:43.557521,2,1,112.65,0.5,112.4,157,111.9,5,,,,,,,,,,,,,,,,,112.9,204,,,,,,,,,,,,,,,,,,
2026-07-02T12:00:43.677314+00:00,2026-07-02T12:00:43.677260,2,1,112.65,0.5,112.4,153,111.9,5,,,,,,,,,,,,,,,,,112.9,204,,,,,,,,,,,,,,,,,,
2026-07-02T12:00:43.797827+00:00,2026-07-02T12:00:43.792298,2,1,112.65,0.5,112.4,144,111.9,5,,,,,,,,,,,,,,,,,112.9,204,,,,,,,,,,,,,,,,,,
2026-07-02T12:00:44.104222+00:00,2026-07-02T12:00:44.104393,2,1,112.65,0.5,112.4,98,111.9,5,,,,,,,,,,,,,,,,,112.9,204,,,,,,,,,,,,,,,,,,
2026-07-02T12:00:44.109898+00:00,2026-07-02T12:00:44.109666,1,1,112.65,0.5,112.4,98,,,,,,,,,,,,,,,,,,,112.9,204,,,,,,,,,,,,,,,,,,
2026-07-02T12:00:44.504769+00:00,2026-07-02T12:00:44.504710,1,1,112.65,0.5,112.4,98,,,,,,,,,,,,,,,,,,,112.9,100,,,,,,,,,,,,,,,,,,
2026-07-02T12:00:44.552987+00:00,2026-07-02T12:00:44.553201,2,1,112.65,0.5,112.4,98,112.0,150,,,,,,,,,,,,,,,,,112.9,100,,,,,,,,,,,,,,,,,,
2026-07-02T12:00:44.606991+00:00,2026-07-02T12:00:44.606871,2,1,112.65,0.5,112.4,48,112.0,150,,,,,,,,,,,,,,,,,112.9,100,,,,,,,,,,,,,,,,,,
2026-07-02T12:00:44.612233+00:00,2026-07-02T12:00:44.612128,2,2,112.45,0.1,112.4,48,112.0,150,,,,,,,,,,,,,,,,,112.5,150,112.9,100,,,,,,,,,,,,,,,,
2026-07-02T12:00:46.094744+00:00,2026-07-02T12:00:46.094701,1,1,112.25,0.5,112.0,150,,,,,,,,,,,,,,,,,,,112.5,150,,,,,,,,,,,,,,,,,,
2026-07-02T12:00:46.149274+00:00,2026-07-02T12:00:46.149392,2,1,112.35,0.3,112.2,100,112.0,150,,,,,,,,,,,,,,,,,112.5,150,,,,,,,,,,,,,,,,,,
2026-07-02T12:00:46.154569+00:00,2026-07-02T12:00:46.154715,3,1,112.35,0.3,112.2,100,112.1,5,112.0,150,,,,,,,,,,,,,,,112.5,150,,,,,,,,,,,,,,,,,,
2026-07-02T12:00:46.200474+00:00,2026-07-02T12:00:46.200381,3,2,112.35,0.3,112.2,100,112.1,5,112.0,150,,,,,,,,,,,,,,,112.5,150,112.7,100,,,,,,,,,,,,,,,,
2026-07-02T12:00:46.277936+00:00,2026-07-02T12:00:46.277843,3,2,112.35,0.3,112.2,100,112.1,5,112.0,150,,,,,,,,,,,,,,,112.5,108,112.7,100,,,,,,,,,,,,,,,,
2026-07-02T12:00:46.714499+00:00,2026-07-02T12:00:46.714371,3,2,112.35,0.3,112.2,50,112.1,5,112.0,150,,,,,,,,,,,,,,,112.5,108,112.7,100,,,,,,,,,,,,,,,,
2026-07-02T12:00:46.928666+00:00,2026-07-02T12:00:46.928619,3,2,112.35,0.3,112.2,46,112.1,5,112.0,150,,,,,,,,,,,,,,,112.5,108,112.7,100,,,,,,,,,,,,,,,,
2026-07-02T12:00:47.435170+00:00,2026-07-02T12:00:47.435029,2,2,112.3,0.4,112.1,5,112.0,150,,,,,,,,,,,,,,,,,112.5,108,112.7,100,,,,,,,,,,,,,,,,
2026-07-02T12:00:47.668715+00:00,2026-07-02T12:00:47.668899,1,1,112.4,0.6,112.1,5,,,,,,,,,,,,,,,,,,,112.7,100,,,,,,,,,,,,,,,,,,
2026-07-02T12:00:47.727195+00:00,2026-07-02T12:00:47.727040,2,1,112.45,0.5,112.2,150,112.1,5,,,,,,,,,,,,,,,,,112.7,100,,,,,,,,,,,,,,,,,,
2026-07-02T12:00:47.779639+00:00,2026-07-02T12:00:47.779600,2,1,112.45,0.5,112.2,150,112.1,5,,,,,,,,,,,,,,,,,112.7,250,,,,,,,,,,,,,,,,,,
2026-07-02T12:00:48.068746+00:00,2026-07-02T12:00:48.068924,2,1,112.45,0.5,112.2,150,112.1,5,,,,,,,,,,,,,,,,,112.7,207,,,,,,,,,,,,,,,,,,
2026-07-02T12:00:48.817955+00:00,2026-07-02T12:00:48.818199,2,1,112.45,0.5,112.2,100,112.1,5,,,,,,,,,,,,,,,,,112.7,207,,,,,,,,,,,,,,,,,,
2026-07-02T12:00:49.252666+00:00,2026-07-02T12:00:49.252827,2,1,112.45,0.5,112.2,100,112.1,5,,,,,,,,,,,,,,,,,112.7,150,,,,,,,,,,,,,,,,,,
2026-07-02T12:00:49.309918+00:00,2026-07-02T12:00:49.309838,2,1,112.45,0.5,112.2,200,112.1,5,,,,,,,,,,,,,,,,,112.7,150,,,,,,,,,,,,,,,,,,
2026-07-02T12:00:49.358583+00:00,2026-07-02T12:00:49.357452,2,1,112.45,0.5,112.2,200,112.1,5,,,,,,,,,,,,,,,,,112.7,250,,,,,,,,,,,,,,,,,,
2026-07-02T12:00:50.833499+00:00,2026-07-02T12:00:50.833418,2,1,112.45,0.5,112.2,100,112.1,5,,,,,,,,,,,,,,,,,112.7,100,,,,,,,,,,,,,,,,,,
2026-07-02T12:00:50.887731+00:00,2026-07-02T12:00:50.887702,2,1,112.45,0.5,112.2,100,112.1,155,,,,,,,,,,,,,,,,,112.7,100,,,,,,,,,,,,,,,,,,
2026-07-02T12:00:50.930455+00:00,2026-07-02T12:00:50.930316,2,1,112.45,0.5,112.2,50,112.1,155,,,,,,,,,,,,,,,,,112.7,100,,,,,,,,,,,,,,,,,,
2026-07-02T12:00:50.935666+00:00,2026-07-02T12:00:50.935570,2,2,112.4,0.4,112.2,50,112.1,155,,,,,,,,,,,,,,,,,112.6,150,112.7,100,,,,,,,,,,,,,,,,
2026-07-02T12:00:52.350546+00:00,2026-07-02T12:00:52.350440,2,2,112.4,0.4,112.2,2,112.1,155,,,,,,,,,,,,,,,,,112.6,150,112.7,100,,,,,,,,,,,,,,,,
2026-07-02T12:00:52.411958+00:00,2026-07-02T12:00:52.411884,1,1,112.35,0.5,112.1,155,,,,,,,,,,,,,,,,,,,112.6,150,,,,,,,,,,,,,,,,,,
2026-07-02T12:00:52.469253+00:00,2026-07-02T12:00:52.469125,2,1,112.35,0.5,112.1,155,112.0,100,,,,,,,,,,,,,,,,,112.6,150,,,,,,,,,,,,,,,,,,
2026-07-02T12:00:52.537709+00:00,2026-07-02T12:00:52.537645,2,2,112.3,0.4,112.1,155,112.0,100,,,,,,,,,,,,,,,,,112.5,100,112.6,150,,,,,,,,,,,,,,,,
2026-07-02T12:00:52.548731+00:00,2026-07-02T12:00:52.541942,2,2,112.3,0.4,112.1,155,112.0,100,,,,,,,,,,,,,,,,,112.5,89,112.6,150,,,,,,,,,,,,,,,,
2026-07-02T12:00:53.036775+00:00,2026-07-02T12:00:53.036699,2,2,112.3,0.4,112.1,105,112.0,100,,,,,,,,,,,,,,,,,112.5,89,112.6,150,,,,,,,,,,,,,,,,
2026-07-02T12:00:53.082217+00:00,2026-07-02T12:00:53.082163,3,2,112.35,0.3,112.2,5,112.1,105,112.0,100,,,,,,,,,,,,,,,112.5,89,112.6,150,,,,,,,,,,,,,,,,
2026-07-02T12:00:53.333092+00:00,2026-07-02T12:00:53.333052,3,2,112.35,0.3,112.2,5,112.1,105,112.0,100,,,,,,,,,,,,,,,112.5,49,112.6,150,,,,,,,,,,,,,,,,
2026-07-02T12:00:53.908908+00:00,2026-07-02T12:00:53.908856,2,2,112.3,0.4,112.1,105,112.0,100,,,,,,,,,,,,,,,,,112.5,49,112.6,150,,,,,,,,,,,,,,,,
2026-07-02T12:00:53.993546+00:00,2026-07-02T12:00:53.993514,1,1,112.25,0.5,112.0,100,,,,,,,,,,,,,,,,,,,112.5,49,,,,,,,,,,,,,,,,,,
2026-07-02T12:00:54.048063+00:00,2026-07-02T12:00:54.047941,1,1,112.25,0.5,112.0,250,,,,,,,,,,,,,,,,,,,112.5,49,,,,,,,,,,,,,,,,,,
2026-07-02T12:00:54.100715+00:00,2026-07-02T12:00:54.100463,1,1,112.25,0.5,112.0,250,,,,,,,,,,,,,,,,,,,112.5,199,,,,,,,,,,,,,,,,,,
2026-07-02T12:00:55.127111+00:00,2026-07-02T12:00:55.127017,2,1,112.35,0.3,112.2,5,112.0,250,,,,,,,,,,,,,,,,,112.5,200,,,,,,,,,,,,,,,,,,
2026-07-02T12:00:55.143464+00:00,2026-07-02T12:00:55.143429,1,1,112.25,0.5,112.0,205,,,,,,,,,,,,,,,,,,,112.5,200,,,,,,,,,,,,,,,,,,
2026-07-02T12:00:55.587924+00:00,2026-07-02T12:00:55.588098,1,1,112.25,0.5,112.0,205,,,,,,,,,,,,,,,,,,,112.5,151,,,,,,,,,,,,,,,,,,
2026-07-02T12:00:55.593393+00:00,2026-07-02T12:00:55.593293,1,1,112.25,0.5,112.0,150,,,,,,,,,,,,,,,,,,,112.5,151,,,,,,,,,,,,,,,,,,
2026-07-02T12:00:55.645859+00:00,2026-07-02T12:00:55.639698,2,1,112.25,0.5,112.0,150,111.9,100,,,,,,,,,,,,,,,,,112.5,139,,,,,,,,,,,,,,,,,,
2026-07-02T12:00:55.708785+00:00,2026-07-02T12:00:55.702698,2,2,112.2,0.4,112.0,150,111.9,100,,,,,,,,,,,,,,,,,112.4,89,112.5,139,,,,,,,,,,,,,,,,
2026-07-02T12:00:55.789624+00:00,2026-07-02T12:00:55.789561,2,2,112.2,0.4,112.0,150,111.9,100,,,,,,,,,,,,,,,,,112.4,89,112.5,138,,,,,,,,,,,,,,,,
2026-07-02T12:00:56.158731+00:00,2026-07-02T12:00:56.156362,3,2,112.25,0.3,112.1,5,112.0,150,111.9,100,,,,,,,,,,,,,,,112.4,89,112.5,138,,,,,,,,,,,,,,,,
2026-07-02T12:00:57.154438+00:00,2026-07-02T12:00:57.154276,2,1,112.25,0.3,112.1,5,111.9,100,,,,,,,,,,,,,,,,,112.4,89,,,,,,,,,,,,,,,,,,
2026-07-02T12:00:57.205144+00:00,2026-07-02T12:00:57.205052,3,1,112.25,0.3,112.1,5,112.0,150,111.9,100,,,,,,,,,,,,,,,112.4,89,,,,,,,,,,,,,,,,,,
2026-07-02T12:00:57.252487+00:00,2026-07-02T12:00:57.252674,2,1,112.2,0.4,112.0,105,111.9,100,,,,,,,,,,,,,,,,,112.4,89,,,,,,,,,,,,,,,,,,
2026-07-02T12:00:57.258561+00:00,2026-07-02T12:00:57.257903,2,2,112.2,0.4,112.0,105,111.9,100,,,,,,,,,,,,,,,,,112.4,89,112.5,150,,,,,,,,,,,,,,,,
2026-07-02T12:00:57.395463+00:00,2026-07-02T12:00:57.395345,2,2,112.2,0.4,112.0,105,111.9,100,,,,,,,,,,,,,,,,,112.4,41,112.5,150,,,,,,,,,,,,,,,,
2026-07-02T12:00:57.932586+00:00,2026-07-02T12:00:57.932758,2,2,112.2,0.4,112.0,61,111.9,100,,,,,,,,,,,,,,,,,112.4,41,112.5,150,,,,,,,,,,,,,,,,
2026-07-02T12:00:58.752687+00:00,2026-07-02T12:00:58.752609,1,1,112.25,0.5,112.0,61,,,,,,,,,,,,,,,,,,,112.5,150,,,,,,,,,,,,,,,,,,
2026-07-02T12:00:58.807970+00:00,2026-07-02T12:00:58.807837,2,1,112.35,0.3,112.2,100,112.0,61,,,,,,,,,,,,,,,,,112.5,150,,,,,,,,,,,,,,,,,,
2026-07-02T12:00:58.858620+00:00,2026-07-02T12:00:58.855915,2,2,112.35,0.3,112.2,100,112.0,61,,,,,,,,,,,,,,,,,112.5,150,112.7,100,,,,,,,,,,,,,,,,
2026-07-02T12:00:59.358608+00:00,2026-07-02T12:00:59.356359,2,2,112.35,0.3,112.2,50,112.0,61,,,,,,,,,,,,,,,,,112.5,150,112.7,100,,,,,,,,,,,,,,,,
2026-07-02T12:01:00.315868+00:00,2026-07-02T12:01:00.315799,1,1,112.45,0.5,112.2,50,,,,,,,,,,,,,,,,,,,112.7,100,,,,,,,,,,,,,,,,,,
2026-07-02T12:01:00.371561+00:00,2026-07-02T12:01:00.371397,2,1,112.45,0.5,112.2,50,112.0,150,,,,,,,,,,,,,,,,,112.7,100,,,,,,,,,,,,,,,,,,
2026-07-02T12:01:00.424465+00:00,2026-07-02T12:01:00.424363,2,2,112.35,0.3,112.2,50,112.0,150,,,,,,,,,,,,,,,,,112.5,150,112.7,100,,,,,,,,,,,,,,,,
2026-07-02T12:01:00.844827+00:00,2026-07-02T12:01:00.844958,3,2,112.35,0.3,112.2,50,112.1,4,112.0,150,,,,,,,,,,,,,,,112.5,150,112.7,100,,,,,,,,,,,,,,,,
2026-07-02T12:01:01.234765+00:00,2026-07-02T12:01:01.234656,3,3,112.3,0.2,112.2,50,112.1,4,112.0,150,,,,,,,,,,,,,,,112.4,2,112.5,150,112.7,100,,,,,,,,,,,,,,
2026-07-02T12:01:01.469079+00:00,2026-07-02T12:01:01.468980,2,3,112.25,0.3,112.1,4,112.0,150,,,,,,,,,,,,,,,,,112.4,2,112.5,150,112.7,100,,,,,,,,,,,,,,
2026-07-02T12:01:01.629690+00:00,2026-07-02T12:01:01.629595,2,3,112.25,0.3,112.1,4,112.0,150,,,,,,,,,,,,,,,,,112.4,1,112.5,150,112.7,100,,,,,,,,,,,,,,
2026-07-02T12:01:01.915066+00:00,2026-07-02T12:01:01.914954,2,2,112.25,0.3,112.1,4,112.0,150,,,,,,,,,,,,,,,,,112.4,1,112.5,150,,,,,,,,,,,,,,,,
2026-07-02T12:01:01.968017+00:00,2026-07-02T12:01:01.967887,3,2,112.25,0.3,112.1,4,112.0,150,111.8,100,,,,,,,,,,,,,,,112.4,1,112.5,150,,,,,,,,,,,,,,,,
2026-07-02T12:01:02.021659+00:00,2026-07-02T12:01:02.021572,3,3,112.2,0.2,112.1,4,112.0,150,111.8,100,,,,,,,,,,,,,,,112.3,100,112.4,1,112.5,150,,,,,,,,,,,,,,
2026-07-02T12:01:02.470137+00:00,2026-07-02T12:01:02.469991,3,3,112.2,0.2,112.1,4,112.0,150,111.8,100,,,,,,,,,,,,,,,112.3,60,112.4,1,112.5,150,,,,,,,,,,,,,,
2026-07-02T12:01:03.350961+00:00,2026-07-02T12:01:03.350832,3,3,112.2,0.2,112.1,2,112.0,150,111.8,100,,,,,,,,,,,,,,,112.3,60,112.4,1,112.5,150,,,,,,,,,,,,,,
2026-07-02T12:01:03.479690+00:00,2026-07-02T12:01:03.479590,2,2,112.2,0.2,112.1,2,111.8,100,,,,,,,,,,,,,,,,,112.3,60,112.4,1,,,,,,,,,,,,,,,,
2026-07-02T12:01:03.533134+00:00,2026-07-02T12:01:03.533076,3,2,112.2,0.2,112.1,2,111.8,100,111.6,150,,,,,,,,,,,,,,,112.3,60,112.4,1,,,,,,,,,,,,,,,,
2026-07-02T12:01:03.575639+00:00,2026-07-02T12:01:03.575557,2,2,112.05,0.5,111.8,52,111.6,150,,,,,,,,,,,,,,,,,112.3,60,112.4,1,,,,,,,,,,,,,,,,
2026-07-02T12:01:03.596773+00:00,2026-07-02T12:01:03.590206,2,3,111.95,0.3,111.8,52,111.6,150,,,,,,,,,,,,,,,,,112.1,127,112.3,60,112.4,1,,,,,,,,,,,,,,
2026-07-02T12:01:04.840583+00:00,2026-07-02T12:01:04.834341,2,3,111.95,0.3,111.8,52,111.6,150,,,,,,,,,,,,,,,,,112.1,124,112.3,60,112.4,1,,,,,,,,,,,,,,
2026-07-02T12:01:04.856341+00:00,2026-07-02T12:01:04.856220,2,3,111.95,0.3,111.8,52,111.6,150,,,,,,,,,,,,,,,,,112.1,99,112.3,60,112.4,1,,,,,,,,,,,,,,
2026-07-02T12:01:05.069185+00:00,2026-07-02T12:01:05.069118,2,3,111.95,0.3,111.8,52,111.6,150,,,,,,,,,,,,,,,,,112.1,74,112.3,60,112.4,1,,,,,,,,,,,,,,
2026-07-02T12:01:05.074472+00:00,2026-07-02T12:01:05.074402,1,2,111.85,0.5,111.6,150,,,,,,,,,,,,,,,,,,,112.1,74,112.4,1,,,,,,,,,,,,,,,,
2026-07-02T12:01:05.103018+00:00,2026-07-02T12:01:05.103213,1,2,111.85,0.5,111.6,150,,,,,,,,,,,,,,,,,,,112.1,34,112.4,1,,,,,,,,,,,,,,,,
2026-07-02T12:01:05.129068+00:00,2026-07-02T12:01:05.128955,2,1,112.25,0.3,112.1,66,111.6,150,,,,,,,,,,,,,,,,,112.4,1,,,,,,,,,,,,,,,,,,
2026-07-02T12:01:05.184140+00:00,2026-07-02T12:01:05.184335,2,2,112.25,0.3,112.1,66,111.6,150,,,,,,,,,,,,,,,,,112.4,1,112.6,100,,,,,,,,,,,,,,,,
2026-07-02T12:01:05.683715+00:00,2026-07-02T12:01:05.683869,2,2,112.25,0.3,112.1,16,111.6,150,,,,,,,,,,,,,,,,,112.4,1,112.6,100,,,,,,,,,,,,,,,,
2026-07-02T12:01:05.900585+00:00,2026-07-02T12:01:05.900451,2,2,112.25,0.3,112.1,18,111.6,150,,,,,,,,,,,,,,,,,112.4,1,112.6,100,,,,,,,,,,,,,,,,
2026-07-02T12:01:06.640117+00:00,2026-07-02T12:01:06.639950,1,2,112.25,0.3,112.1,18,,,,,,,,,,,,,,,,,,,112.4,1,112.6,100,,,,,,,,,,,,,,,,
2026-07-02T12:01:06.699643+00:00,2026-07-02T12:01:06.693545,2,1,112.5,0.2,112.4,135,112.1,18,,,,,,,,,,,,,,,,,112.6,100,,,,,,,,,,,,,,,,,,
2026-07-02T12:01:06.743754+00:00,2026-07-02T12:01:06.743659,2,2,112.5,0.2,112.4,135,112.1,18,,,,,,,,,,,,,,,,,112.6,100,112.9,150,,,,,,,,,,,,,,,,
2026-07-02T12:01:06.885050+00:00,2026-07-02T12:01:06.884816,2,2,112.5,0.2,112.4,110,112.1,18,,,,,,,,,,,,,,,,,112.6,100,112.9,150,,,,,,,,,,,,,,,,
2026-07-02T12:01:06.923315+00:00,2026-07-02T12:01:06.923229,2,2,112.5,0.2,112.4,106,112.1,18,,,,,,,,,,,,,,,,,112.6,100,112.9,150,,,,,,,,,,,,,,,,
2026-07-02T12:01:07.036046+00:00,2026-07-02T12:01:07.035944,2,2,112.5,0.2,112.4,102,112.1,18,,,,,,,,,,,,,,,,,112.6,100,112.9,150,,,,,,,,,,,,,,,,
2026-07-02T12:01:07.090921+00:00,2026-07-02T12:01:07.090755,2,2,112.5,0.2,112.4,77,112.1,18,,,,,,,,,,,,,,,,,112.6,100,112.9,150,,,,,,,,,,,,,,,,
2026-07-02T12:01:07.358551+00:00,2026-07-02T12:01:07.352944,2,2,112.5,0.2,112.4,73,112.1,18,,,,,,,,,,,,,,,,,112.6,100,112.9,150,,,,,,,,,,,,,,,,
2026-07-02T12:01:07.416258+00:00,2026-07-02T12:01:07.416117,2,2,112.5,0.2,112.4,69,112.1,18,,,,,,,,,,,,,,,,,112.6,100,112.9,150,,,,,,,,,,,,,,,,
2026-07-02T12:01:07.719996+00:00,2026-07-02T12:01:07.719874,2,2,112.5,0.2,112.4,26,112.1,18,,,,,,,,,,,,,,,,,112.6,100,112.9,150,,,,,,,,,,,,,,,,
2026-07-02T12:01:07.787861+00:00,2026-07-02T12:01:07.787810,1,2,112.35,0.5,112.1,18,,,,,,,,,,,,,,,,,,,112.6,100,112.9,150,,,,,,,,,,,,,,,,
2026-07-02T12:01:08.175928+00:00,2026-07-02T12:01:08.175813,1,3,112.25,0.3,112.1,18,,,,,,,,,,,,,,,,,,,112.4,4,112.6,100,112.9,150,,,,,,,,,,,,,,
2026-07-02T12:01:08.241172+00:00,2026-07-02T12:01:08.241027,1,2,112.25,0.3,112.1,2,,,,,,,,,,,,,,,,,,,112.4,4,112.9,150,,,,,,,,,,,,,,,,
2026-07-02T12:01:08.295389+00:00,2026-07-02T12:01:08.295269,1,1,112.5,0.8,112.1,2,,,,,,,,,,,,,,,,,,,112.9,150,,,,,,,,,,,,,,,,,,
2026-07-02T12:01:08.316329+00:00,2026-07-02T12:01:08.316260,2,1,112.5,0.8,112.1,2,111.6,100,,,,,,,,,,,,,,,,,112.9,150,,,,,,,,,,,,,,,,,,
2026-07-02T12:01:08.350476+00:00,2026-07-02T12:01:08.350398,1,1,112.25,1.3,111.6,100,,,,,,,,,,,,,,,,,,,112.9,150,,,,,,,,,,,,,,,,,,
2026-07-02T12:01:08.391045+00:00,2026-07-02T12:01:08.378276,1,2,111.85,0.5,111.6,100,,,,,,,,,,,,,,,,,,,112.1,89,112.9,150,,,,,,,,,,,,,,,,
2026-07-02T12:01:08.447936+00:00,2026-07-02T12:01:08.447793,1,2,111.85,0.5,111.6,100,,,,,,,,,,,,,,,,,,,112.1,86,112.9,150,,,,,,,,,,,,,,,,
2026-07-02T12:01:08.769697+00:00,2026-07-02T12:01:08.765239,1,2,111.85,0.5,111.6,100,,,,,,,,,,,,,,,,,,,112.1,83,112.9,150,,,,,,,,,,,,,,,,
2026-07-02T12:01:08.921209+00:00,2026-07-02T12:01:08.921130,1,2,111.85,0.5,111.6,100,,,,,,,,,,,,,,,,,,,112.1,58,112.9,150,,,,,,,,,,,,,,,,
2026-07-02T12:01:09.131605+00:00,2026-07-02T12:01:09.131574,1,2,111.85,0.5,111.6,100,,,,,,,,,,,,,,,,,,,112.1,33,112.9,150,,,,,,,,,,,,,,,,
2026-07-02T12:01:09.343129+00:00,2026-07-02T12:01:09.343073,1,2,111.85,0.5,111.6,100,,,,,,,,,,,,,,,,,,,112.1,8,112.9,150,,,,,,,,,,,,,,,,
2026-07-02T12:01:09.550700+00:00,2026-07-02T12:01:09.550644,1,1,112.25,1.3,111.6,100,,,,,,,,,,,,,,,,,,,112.9,150,,,,,,,,,,,,,,,,,,
2026-07-02T12:01:09.801548+00:00,2026-07-02T12:01:09.801497,1,0,,,111.6,100,,,,,,,,,,,,,,,,,,,,,,,,,,,,,,,,,,,,,,
2026-07-02T12:01:09.858569+00:00,2026-07-02T12:01:09.854159,2,0,,,111.9,150,111.6,100,,,,,,,,,,,,,,,,,,,,,,,,,,,,,,,,,,,,
2026-07-02T12:01:09.906217+00:00,2026-07-02T12:01:09.906089,2,1,112.15,0.5,111.9,150,111.6,100,,,,,,,,,,,,,,,,,112.4,150,,,,,,,,,,,,,,,,,,
2026-07-02T12:01:10.692137+00:00,2026-07-02T12:01:10.692040,3,1,112.25,0.3,112.1,5,111.9,150,111.6,100,,,,,,,,,,,,,,,112.4,150,,,,,,,,,,,,,,,,,,
2026-07-02T12:01:10.960357+00:00,2026-07-02T12:01:10.960244,3,1,112.25,0.3,112.1,5,111.9,150,111.6,100,,,,,,,,,,,,,,,112.4,151,,,,,,,,,,,,,,,,,,
2026-07-02T12:01:11.099197+00:00,2026-07-02T12:01:11.099140,3,1,112.25,0.3,112.1,5,111.9,150,111.6,100,,,,,,,,,,,,,,,112.4,150,,,,,,,,,,,,,,,,,,
2026-07-02T12:01:11.422964+00:00,2026-07-02T12:01:11.422932,2,1,112.25,0.3,112.1,5,111.9,150,,,,,,,,,,,,,,,,,112.4,150,,,,,,,,,,,,,,,,,,
2026-07-02T12:01:11.476119+00:00,2026-07-02T12:01:11.476317,2,1,112.25,0.3,112.1,105,111.9,150,,,,,,,,,,,,,,,,,112.4,150,,,,,,,,,,,,,,,,,,
2026-07-02T12:01:11.532474+00:00,2026-07-02T12:01:11.532623,2,2,112.25,0.3,112.1,105,111.9,150,,,,,,,,,,,,,,,,,112.4,150,112.6,100,,,,,,,,,,,,,,,,
2026-07-02T12:01:11.958613+00:00,2026-07-02T12:01:11.952070,2,2,112.25,0.3,112.1,105,111.9,150,,,,,,,,,,,,,,,,,112.4,100,112.6,100,,,,,,,,,,,,,,,,
2026-07-02T12:01:11.989225+00:00,2026-07-02T12:01:11.989134,2,2,112.25,0.3,112.1,105,111.9,150,,,,,,,,,,,,,,,,,112.4,101,112.6,100,,,,,,,,,,,,,,,,
2026-07-02T12:01:12.503854+00:00,2026-07-02T12:01:12.503732,2,2,112.25,0.3,112.1,104,111.9,150,,,,,,,,,,,,,,,,,112.4,101,112.6,100,,,,,,,,,,,,,,,,
2026-07-02T12:01:12.954173+00:00,2026-07-02T12:01:12.954366,1,2,112.25,0.3,112.1,104,,,,,,,,,,,,,,,,,,,112.4,1,112.6,100,,,,,,,,,,,,,,,,
2026-07-02T12:01:13.009308+00:00,2026-07-02T12:01:13.009221,1,2,112.25,0.3,112.1,254,,,,,,,,,,,,,,,,,,,112.4,1,112.6,100,,,,,,,,,,,,,,,,
2026-07-02T12:01:13.058770+00:00,2026-07-02T12:01:13.055449,1,2,112.25,0.3,112.1,254,,,,,,,,,,,,,,,,,,,112.4,1,112.6,250,,,,,,,,,,,,,,,,
2026-07-02T12:01:13.145930+00:00,2026-07-02T12:01:13.146099,1,2,112.25,0.3,112.1,253,,,,,,,,,,,,,,,,,,,112.4,1,112.6,250,,,,,,,,,,,,,,,,
2026-07-02T12:01:13.581452+00:00,2026-07-02T12:01:13.581400,1,2,112.25,0.3,112.1,212,,,,,,,,,,,,,,,,,,,112.4,1,112.6,250,,,,,,,,,,,,,,,,
2026-07-02T12:01:14.058616+00:00,2026-07-02T12:01:14.053336,1,1,112.35,0.5,112.1,212,,,,,,,,,,,,,,,,,,,112.6,201,,,,,,,,,,,,,,,,,,
2026-07-02T12:01:14.531500+00:00,2026-07-02T12:01:14.531326,1,2,112.25,0.3,112.1,212,,,,,,,,,,,,,,,,,,,112.4,4,112.6,201,,,,,,,,,,,,,,,,
2026-07-02T12:01:14.536679+00:00,2026-07-02T12:01:14.536610,1,2,112.25,0.3,112.1,215,,,,,,,,,,,,,,,,,,,112.4,4,112.6,201,,,,,,,,,,,,,,,,
2026-07-02T12:01:14.581917+00:00,2026-07-02T12:01:14.581782,1,2,112.25,0.3,112.1,215,,,,,,,,,,,,,,,,,,,112.4,4,112.6,150,,,,,,,,,,,,,,,,
2026-07-02T12:01:14.587021+00:00,2026-07-02T12:01:14.586982,1,2,112.25,0.3,112.1,153,,,,,,,,,,,,,,,,,,,112.4,4,112.6,150,,,,,,,,,,,,,,,,
2026-07-02T12:01:14.638534+00:00,2026-07-02T12:01:14.638637,1,2,112.25,0.3,112.1,253,,,,,,,,,,,,,,,,,,,112.4,4,112.6,150,,,,,,,,,,,,,,,,
2026-07-02T12:01:14.693376+00:00,2026-07-02T12:01:14.693190,1,2,112.25,0.3,112.1,253,,,,,,,,,,,,,,,,,,,112.4,4,112.6,250,,,,,,,,,,,,,,,,
2026-07-02T12:01:15.538911+00:00,2026-07-02T12:01:15.538785,1,2,112.25,0.3,112.1,253,,,,,,,,,,,,,,,,,,,112.4,3,112.6,250,,,,,,,,,,,,,,,,
2026-07-02T12:01:15.744714+00:00,2026-07-02T12:01:15.744559,1,2,112.25,0.3,112.1,253,,,,,,,,,,,,,,,,,,,112.4,1,112.6,250,,,,,,,,,,,,,,,,
2026-07-02T12:01:16.115171+00:00,2026-07-02T12:01:16.115098,1,2,112.25,0.3,112.1,253,,,,,,,,,,,,,,,,,,,112.4,1,112.6,100,,,,,,,,,,,,,,,,
2026-07-02T12:01:16.120207+00:00,2026-07-02T12:01:16.120312,1,2,112.25,0.3,112.1,103,,,,,,,,,,,,,,,,,,,112.4,1,112.6,100,,,,,,,,,,,,,,,,
2026-07-02T12:01:16.140105+00:00,2026-07-02T12:01:16.139991,1,1,112.35,0.5,112.1,103,,,,,,,,,,,,,,,,,,,112.6,100,,,,,,,,,,,,,,,,,,
2026-07-02T12:01:16.182282+00:00,2026-07-02T12:01:16.182177,2,1,112.35,0.5,112.1,103,112.0,150,,,,,,,,,,,,,,,,,112.6,50,,,,,,,,,,,,,,,,,,
2026-07-02T12:01:16.234109+00:00,2026-07-02T12:01:16.234010,2,2,112.3,0.4,112.1,103,112.0,150,,,,,,,,,,,,,,,,,112.5,150,112.6,50,,,,,,,,,,,,,,,,
2026-07-02T12:01:17.379993+00:00,2026-07-02T12:01:17.379928,2,2,112.3,0.4,112.1,103,112.0,150,,,,,,,,,,,,,,,,,112.5,108,112.6,50,,,,,,,,,,,,,,,,
2026-07-02T12:01:17.601755+00:00,2026-07-02T12:01:17.601657,2,3,112.25,0.3,112.1,103,112.0,150,,,,,,,,,,,,,,,,,112.4,2,112.5,108,112.6,50,,,,,,,,,,,,,,
2026-07-02T12:01:17.746995+00:00,2026-07-02T12:01:17.746904,2,2,112.25,0.3,112.1,3,112.0,150,,,,,,,,,,,,,,,,,112.4,2,112.5,108,,,,,,,,,,,,,,,,
2026-07-02T12:01:17.803887+00:00,2026-07-02T12:01:17.803763,3,2,112.35,0.1,112.3,100,112.1,3,112.0,150,,,,,,,,,,,,,,,112.4,2,112.5,108,,,,,,,,,,,,,,,,
2026-07-02T12:01:17.856828+00:00,2026-07-02T12:01:17.857022,3,3,112.35,0.1,112.3,100,112.1,3,112.0,150,,,,,,,,,,,,,,,112.4,2,112.5,108,112.8,100,,,,,,,,,,,,,,
2026-07-02T12:01:18.293761+00:00,2026-07-02T12:01:18.293626,3,2,112.4,0.2,112.3,100,112.1,3,112.0,150,,,,,,,,,,,,,,,112.5,60,112.8,100,,,,,,,,,,,,,,,,
2026-07-02T12:01:18.618008+00:00,2026-07-02T12:01:18.617902,3,3,112.35,0.1,112.3,100,112.1,3,112.0,150,,,,,,,,,,,,,,,112.4,1,112.5,60,112.8,100,,,,,,,,,,,,,,
2026-07-02T12:01:19.289951+00:00,2026-07-02T12:01:19.289780,2,2,112.35,0.1,112.3,100,112.1,3,,,,,,,,,,,,,,,,,112.4,1,112.8,100,,,,,,,,,,,,,,,,
2026-07-02T12:01:19.340387+00:00,2026-07-02T12:01:19.340328,3,1,112.7,0.2,112.6,149,112.3,100,112.1,3,,,,,,,,,,,,,,,112.8,100,,,,,,,,,,,,,,,,,,
2026-07-02T12:01:19.349120+00:00,2026-07-02T12:01:19.344065,3,1,112.7,0.2,112.6,147,112.3,100,112.1,3,,,,,,,,,,,,,,,112.8,100,,,,,,,,,,,,,,,,,,
2026-07-02T12:01:19.357843+00:00,2026-07-02T12:01:19.352534,3,1,112.7,0.2,112.6,146,112.3,100,112.1,3,,,,,,,,,,,,,,,112.8,100,,,,,,,,,,,,,,,,,,
2026-07-02T12:01:19.373572+00:00,2026-07-02T12:01:19.373407,3,1,112.7,0.2,112.6,121,112.3,100,112.1,3,,,,,,,,,,,,,,,112.8,100,,,,,,,,,,,,,,,,,,
2026-07-02T12:01:19.391390+00:00,2026-07-02T12:01:19.391334,3,2,112.7,0.2,112.6,121,112.3,100,112.1,3,,,,,,,,,,,,,,,112.8,100,113.1,150,,,,,,,,,,,,,,,,
2026-07-02T12:01:19.584301+00:00,2026-07-02T12:01:19.584222,3,2,112.7,0.2,112.6,96,112.3,100,112.1,3,,,,,,,,,,,,,,,112.8,100,113.1,150,,,,,,,,,,,,,,,,
2026-07-02T12:01:19.629814+00:00,2026-07-02T12:01:19.623668,3,2,112.7,0.2,112.6,94,112.3,100,112.1,3,,,,,,,,,,,,,,,112.8,100,113.1,150,,,,,,,,,,,,,,,,
2026-07-02T12:01:19.796288+00:00,2026-07-02T12:01:19.796142,3,2,112.7,0.2,112.6,69,112.3,100,112.1,3,,,,,,,,,,,,,,,112.8,100,113.1,150,,,,,,,,,,,,,,,,
2026-07-02T12:01:19.949501+00:00,2026-07-02T12:01:19.949369,3,2,112.7,0.2,112.6,69,112.3,100,112.1,3,,,,,,,,,,,,,,,112.8,54,113.1,150,,,,,,,,,,,,,,,,
2026-07-02T12:01:20.411972+00:00,2026-07-02T12:01:20.411881,3,2,112.7,0.2,112.6,69,112.3,100,112.1,3,,,,,,,,,,,,,,,112.8,4,113.1,150,,,,,,,,,,,,,,,,
2026-07-02T12:01:20.575135+00:00,2026-07-02T12:01:20.568801,3,2,112.7,0.2,112.6,60,112.3,100,112.1,3,,,,,,,,,,,,,,,112.8,4,113.1,150,,,,,,,,,,,,,,,,
2026-07-02T12:01:20.910062+00:00,2026-07-02T12:01:20.909955,2,1,112.85,0.5,112.6,60,112.1,3,,,,,,,,,,,,,,,,,113.1,150,,,,,,,,,,,,,,,,,,
2026-07-02T12:01:20.963877+00:00,2026-07-02T12:01:20.963833,2,1,112.85,0.5,112.6,160,112.1,3,,,,,,,,,,,,,,,,,113.1,150,,,,,,,,,,,,,,,,,,
2026-07-02T12:01:21.038203+00:00,2026-07-02T12:01:21.038342,2,1,112.85,0.5,112.6,160,112.1,3,,,,,,,,,,,,,,,,,113.1,250,,,,,,,,,,,,,,,,,,
2026-07-02T12:01:22.133768+00:00,2026-07-02T12:01:22.133694,1,1,112.85,0.5,112.6,115,,,,,,,,,,,,,,,,,,,113.1,250,,,,,,,,,,,,,,,,,,
2026-07-02T12:01:22.277977+00:00,2026-07-02T12:01:22.272707,1,1,112.85,0.5,112.6,103,,,,,,,,,,,,,,,,,,,113.1,250,,,,,,,,,,,,,,,,,,
2026-07-02T12:01:22.449073+00:00,2026-07-02T12:01:22.448964,1,1,112.85,0.5,112.6,100,,,,,,,,,,,,,,,,,,,113.1,100,,,,,,,,,,,,,,,,,,
2026-07-02T12:01:22.503521+00:00,2026-07-02T12:01:22.503402,2,1,112.85,0.5,112.6,100,111.9,150,,,,,,,,,,,,,,,,,113.1,100,,,,,,,,,,,,,,,,,,
2026-07-02T12:01:22.558545+00:00,2026-07-02T12:01:22.555699,1,2,112.15,0.5,111.9,150,,,,,,,,,,,,,,,,,,,112.4,50,113.1,100,,,,,,,,,,,,,,,,
2026-07-02T12:01:22.570274+00:00,2026-07-02T12:01:22.564770,1,2,112.15,0.5,111.9,100,,,,,,,,,,,,,,,,,,,112.4,38,113.1,100,,,,,,,,,,,,,,,,
2026-07-02T12:01:22.874158+00:00,2026-07-02T12:01:22.850901,1,2,112.15,0.5,111.9,100,,,,,,,,,,,,,,,,,,,112.4,27,113.1,100,,,,,,,,,,,,,,,,
2026-07-02T12:01:23.258659+00:00,2026-07-02T12:01:23.256103,1,1,112.5,1.2,111.9,100,,,,,,,,,,,,,,,,,,,113.1,100,,,,,,,,,,,,,,,,,,
2026-07-02T12:01:23.894414+00:00,2026-07-02T12:01:23.894326,1,1,112.5,1.2,111.9,54,,,,,,,,,,,,,,,,,,,113.1,100,,,,,,,,,,,,,,,,,,
2026-07-02T12:01:24.092718+00:00,2026-07-02T12:01:24.092592,1,0,,,111.9,54,,,,,,,,,,,,,,,,,,,,,,,,,,,,,,,,,,,,,,
2026-07-02T12:01:24.148805+00:00,2026-07-02T12:01:24.148674,2,0,,,112.5,100,111.9,54,,,,,,,,,,,,,,,,,,,,,,,,,,,,,,,,,,,,
2026-07-02T12:01:24.201833+00:00,2026-07-02T12:01:24.201707,2,1,112.75,0.5,112.5,100,111.9,54,,,,,,,,,,,,,,,,,113.0,100,,,,,,,,,,,,,,,,,,
2026-07-02T12:01:24.701493+00:00,2026-07-02T12:01:24.701335,2,1,112.75,0.5,112.5,50,111.9,54,,,,,,,,,,,,,,,,,113.0,100,,,,,,,,,,,,,,,,,,
2026-07-02T12:01:24.718446+00:00,2026-07-02T12:01:24.718329,3,1,112.75,0.5,112.5,50,112.3,5,111.9,54,,,,,,,,,,,,,,,113.0,100,,,,,,,,,,,,,,,,,,
2026-07-02T12:01:25.611368+00:00,2026-07-02T12:01:25.611334,2,1,112.75,0.5,112.5,50,112.3,5,,,,,,,,,,,,,,,,,113.0,100,,,,,,,,,,,,,,,,,,
2026-07-02T12:01:25.664187+00:00,2026-07-02T12:01:25.664088,2,1,112.75,0.5,112.5,200,112.3,5,,,,,,,,,,,,,,,,,113.0,100,,,,,,,,,,,,,,,,,,
2026-07-02T12:01:25.718052+00:00,2026-07-02T12:01:25.717982,2,1,112.75,0.5,112.5,200,112.3,5,,,,,,,,,,,,,,,,,113.0,250,,,,,,,,,,,,,,,,,,
2026-07-02T12:01:25.884908+00:00,2026-07-02T12:01:25.884994,2,2,112.55,0.1,112.5,200,112.3,5,,,,,,,,,,,,,,,,,112.6,1,113.0,250,,,,,,,,,,,,,,,,
2026-07-02T12:01:26.758560+00:00,2026-07-02T12:01:26.757730,2,2,112.55,0.1,112.5,154,112.3,5,,,,,,,,,,,,,,,,,112.6,1,113.0,250,,,,,,,,,,,,,,,,
2026-07-02T12:01:26.809744+00:00,2026-07-02T12:01:26.809694,2,2,112.55,0.1,112.5,104,112.3,5,,,,,,,,,,,,,,,,,112.6,1,113.0,250,,,,,,,,,,,,,,,,
2026-07-02T12:01:27.258597+00:00,2026-07-02T12:01:27.255308,2,2,112.55,0.1,112.5,104,112.3,5,,,,,,,,,,,,,,,,,112.6,1,113.0,150,,,,,,,,,,,,,,,,
2026-07-02T12:01:27.303275+00:00,2026-07-02T12:01:27.303162,2,1,112.75,0.5,112.5,104,112.3,5,,,,,,,,,,,,,,,,,113.0,150,,,,,,,,,,,,,,,,,,
2026-07-02T12:01:27.308240+00:00,2026-07-02T12:01:27.308365,2,1,112.75,0.5,112.5,104,112.3,105,,,,,,,,,,,,,,,,,113.0,150,,,,,,,,,,,,,,,,,,
2026-07-02T12:01:27.358566+00:00,2026-07-02T12:01:27.358151,2,2,112.65,0.3,112.5,104,112.3,105,,,,,,,,,,,,,,,,,112.8,100,113.0,150,,,,,,,,,,,,,,,,
2026-07-02T12:01:27.836958+00:00,2026-07-02T12:01:27.836888,2,2,112.65,0.3,112.5,104,112.3,105,,,,,,,,,,,,,,,,,112.8,53,113.0,150,,,,,,,,,,,,,,,,
2026-07-02T12:01:27.893925+00:00,2026-07-02T12:01:27.893780,2,3,112.6,0.2,112.5,104,112.3,105,,,,,,,,,,,,,,,,,112.7,1,112.8,53,113.0,150,,,,,,,,,,,,,,
2026-07-02T12:01:28.451258+00:00,2026-07-02T12:01:28.451228,2,2,112.65,0.3,112.5,104,112.3,105,,,,,,,,,,,,,,,,,112.8,14,113.0,150,,,,,,,,,,,,,,,,
2026-07-02T12:01:28.772655+00:00,2026-07-02T12:01:28.772460,1,1,112.55,0.5,112.3,105,,,,,,,,,,,,,,,,,,,112.8,14,,,,,,,,,,,,,,,,,,
2026-07-02T12:01:28.827401+00:00,2026-07-02T12:01:28.827583,1,1,112.55,0.5,112.3,255,,,,,,,,,,,,,,,,,,,112.8,14,,,,,,,,,,,,,,,,,,
2026-07-02T12:01:28.905547+00:00,2026-07-02T12:01:28.905641,1,1,112.55,0.5,112.3,255,,,,,,,,,,,,,,,,,,,112.8,164,,,,,,,,,,,,,,,,,,
2026-07-02T12:01:28.932195+00:00,2026-07-02T12:01:28.932033,1,1,112.55,0.5,112.3,205,,,,,,,,,,,,,,,,,,,112.8,164,,,,,,,,,,,,,,,,,,
2026-07-02T12:01:28.958612+00:00,2026-07-02T12:01:28.957542,2,1,112.6,0.4,112.4,5,112.3,205,,,,,,,,,,,,,,,,,112.8,164,,,,,,,,,,,,,,,,,,
2026-07-02T12:01:29.202258+00:00,2026-07-02T12:01:29.202403,2,2,112.55,0.3,112.4,5,112.3,205,,,,,,,,,,,,,,,,,112.7,1,112.8,164,,,,,,,,,,,,,,,,
2026-07-02T12:01:29.418274+00:00,2026-07-02T12:01:29.418448,2,1,112.6,0.4,112.4,5,112.3,205,,,,,,,,,,,,,,,,,112.8,118,,,,,,,,,,,,,,,,,,
2026-07-02T12:01:30.421363+00:00,2026-07-02T12:01:30.421255,2,1,112.6,0.4,112.4,5,112.3,150,,,,,,,,,,,,,,,,,112.8,118,,,,,,,,,,,,,,,,,,
2026-07-02T12:01:30.475514+00:00,2026-07-02T12:01:30.475685,3,1,112.65,0.3,112.5,100,112.4,5,112.3,150,,,,,,,,,,,,,,,112.8,118,,,,,,,,,,,,,,,,,,
2026-07-02T12:01:30.529752+00:00,2026-07-02T12:01:30.529575,3,2,112.65,0.3,112.5,100,112.4,5,112.3,150,,,,,,,,,,,,,,,112.8,118,113.0,100,,,,,,,,,,,,,,,,
2026-07-02T12:01:31.041906+00:00,2026-07-02T12:01:31.042077,3,2,112.65,0.3,112.5,50,112.4,5,112.3,150,,,,,,,,,,,,,,,112.8,118,113.0,100,,,,,,,,,,,,,,,,
2026-07-02T12:01:31.958613+00:00,2026-07-02T12:01:31.955392,2,1,112.75,0.5,112.5,50,112.4,5,,,,,,,,,,,,,,,,,113.0,100,,,,,,,,,,,,,,,,,,
2026-07-02T12:01:32.015980+00:00,2026-07-02T12:01:32.015764,2,1,112.75,0.5,112.5,200,112.4,5,,,,,,,,,,,,,,,,,113.0,100,,,,,,,,,,,,,,,,,,
2026-07-02T12:01:32.070124+00:00,2026-07-02T12:01:32.069994,2,1,112.75,0.5,112.5,200,112.4,5,,,,,,,,,,,,,,,,,113.0,250,,,,,,,,,,,,,,,,,,
2026-07-02T12:01:33.150481+00:00,2026-07-02T12:01:33.150249,2,1,112.75,0.5,112.5,150,112.4,5,,,,,,,,,,,,,,,,,113.0,250,,,,,,,,,,,,,,,,,,
2026-07-02T12:01:33.594204+00:00,2026-07-02T12:01:33.594096,2,1,112.75,0.5,112.5,150,112.4,5,,,,,,,,,,,,,,,,,113.0,150,,,,,,,,,,,,,,,,,,
2026-07-02T12:01:33.644265+00:00,2026-07-02T12:01:33.644430,3,1,112.75,0.5,112.5,150,112.4,5,112.3,100,,,,,,,,,,,,,,,113.0,150,,,,,,,,,,,,,,,,,,
2026-07-02T12:01:33.658623+00:00,2026-07-02T12:01:33.655040,3,1,112.75,0.5,112.5,102,112.4,5,112.3,100,,,,,,,,,,,,,,,113.0,150,,,,,,,,,,,,,,,,,,
2026-07-02T12:01:33.722966+00:00,2026-07-02T12:01:33.706359,3,2,112.65,0.3,112.5,102,112.4,5,112.3,100,,,,,,,,,,,,,,,112.8,97,113.0,150,,,,,,,,,,,,,,,,
2026-07-02T12:01:34.312469+00:00,2026-07-02T12:01:34.312376,3,3,112.6,0.2,112.5,102,112.4,5,112.3,100,,,,,,,,,,,,,,,112.7,1,112.8,97,113.0,150,,,,,,,,,,,,,,
2026-07-02T12:01:34.433935+00:00,2026-07-02T12:01:34.433803,3,2,112.65,0.3,112.5,102,112.4,5,112.3,100,,,,,,,,,,,,,,,112.8,97,113.0,150,,,,,,,,,,,,,,,,
2026-07-02T12:01:34.630290+00:00,2026-07-02T12:01:34.630157,3,2,112.65,0.3,112.5,102,112.4,5,112.3,100,,,,,,,,,,,,,,,112.8,98,113.0,150,,,,,,,,,,,,,,,,
2026-07-02T12:01:35.123169+00:00,2026-07-02T12:01:35.123082,2,1,112.6,0.4,112.4,5,112.3,100,,,,,,,,,,,,,,,,,112.8,98,,,,,,,,,,,,,,,,,,
2026-07-02T12:01:35.158588+00:00,2026-07-02T12:01:35.153287,2,1,112.6,0.4,112.4,5,112.3,100,,,,,,,,,,,,,,,,,112.8,97,,,,,,,,,,,,,,,,,,
2026-07-02T12:01:35.178673+00:00,2026-07-02T12:01:35.178570,2,1,112.6,0.4,112.4,155,112.3,100,,,,,,,,,,,,,,,,,112.8,97,,,,,,,,,,,,,,,,,,
2026-07-02T12:01:35.231176+00:00,2026-07-02T12:01:35.231138,2,2,112.6,0.4,112.4,155,112.3,100,,,,,,,,,,,,,,,,,112.8,97,112.9,150,,,,,,,,,,,,,,,,
2026-07-02T12:01:35.258547+00:00,2026-07-02T12:01:35.258100,2,2,112.6,0.4,112.4,105,112.3,100,,,,,,,,,,,,,,,,,112.8,97,112.9,150,,,,,,,,,,,,,,,,
2026-07-02T12:01:36.097179+00:00,2026-07-02T12:01:36.097065,2,2,112.6,0.4,112.4,105,112.3,100,,,,,,,,,,,,,,,,,112.8,48,112.9,150,,,,,,,,,,,,,,,,
2026-07-02T12:01:36.158722+00:00,2026-07-02T12:01:36.153382,2,2,112.6,0.4,112.4,58,112.3,100,,,,,,,,,,,,,,,,,112.8,48,112.9,150,,,,,,,,,,,,,,,,
2026-07-02T12:01:36.769251+00:00,2026-07-02T12:01:36.769132,1,1,112.65,0.5,112.4,58,,,,,,,,,,,,,,,,,,,112.9,150,,,,,,,,,,,,,,,,,,
2026-07-02T12:01:36.817918+00:00,2026-07-02T12:01:36.817891,2,1,112.7,0.4,112.5,100,112.4,58,,,,,,,,,,,,,,,,,112.9,150,,,,,,,,,,,,,,,,,,
2026-07-02T12:01:36.875193+00:00,2026-07-02T12:01:36.875104,2,2,112.7,0.4,112.5,100,112.4,58,,,,,,,,,,,,,,,,,112.9,150,113.0,100,,,,,,,,,,,,,,,,
2026-07-02T12:01:37.375822+00:00,2026-07-02T12:01:37.375772,2,2,112.7,0.4,112.5,50,112.4,58,,,,,,,,,,,,,,,,,112.9,150,113.0,100,,,,,,,,,,,,,,,,
2026-07-02T12:01:38.198070+00:00,2026-07-02T12:01:38.197849,2,2,112.7,0.4,112.5,54,112.4,58,,,,,,,,,,,,,,,,,112.9,150,113.0,100,,,,,,,,,,,,,,,,
2026-07-02T12:01:38.274047+00:00,2026-07-02T12:01:38.273962,2,3,112.65,0.3,112.5,54,112.4,58,,,,,,,,,,,,,,,,,112.8,3,112.9,150,113.0,100,,,,,,,,,,,,,,
2026-07-02T12:01:38.285304+00:00,2026-07-02T12:01:38.285179,1,2,112.65,0.3,112.5,54,,,,,,,,,,,,,,,,,,,112.8,3,113.0,100,,,,,,,,,,,,,,,,
2026-07-02T12:01:38.342743+00:00,2026-07-02T12:01:38.342617,2,2,112.65,0.3,112.5,54,111.9,150,,,,,,,,,,,,,,,,,112.8,3,113.0,100,,,,,,,,,,,,,,,,
2026-07-02T12:01:38.395512+00:00,2026-07-02T12:01:38.395355,1,3,112.15,0.5,111.9,150,,,,,,,,,,,,,,,,,,,112.4,96,112.8,3,113.0,100,,,,,,,,,,,,,,
2026-07-02T12:01:38.450213+00:00,2026-07-02T12:01:38.450364,1,3,112.15,0.5,111.9,150,,,,,,,,,,,,,,,,,,,112.4,71,112.8,3,113.0,100,,,,,,,,,,,,,,
2026-07-02T12:01:38.658681+00:00,2026-07-02T12:01:38.656457,1,3,112.15,0.5,111.9,150,,,,,,,,,,,,,,,,,,,112.4,46,112.8,3,113.0,100,,,,,,,,,,,,,,
2026-07-02T12:01:38.869425+00:00,2026-07-02T12:01:38.869303,1,3,112.15,0.5,111.9,150,,,,,,,,,,,,,,,,,,,112.4,21,112.8,3,113.0,100,,,,,,,,,,,,,,
2026-07-02T12:01:38.947207+00:00,2026-07-02T12:01:38.941486,1,3,112.15,0.5,111.9,150,,,,,,,,,,,,,,,,,,,112.4,18,112.8,3,113.0,100,,,,,,,,,,,,,,
2026-07-02T12:01:39.083133+00:00,2026-07-02T12:01:39.082999,1,2,112.35,0.9,111.9,150,,,,,,,,,,,,,,,,,,,112.8,3,113.0,100,,,,,,,,,,,,,,,,
2026-07-02T12:01:39.202000+00:00,2026-07-02T12:01:39.201861,1,2,112.35,0.9,111.9,150,,,,,,,,,,,,,,,,,,,112.8,2,113.0,100,,,,,,,,,,,,,,,,
2026-07-02T12:01:39.412951+00:00,2026-07-02T12:01:39.412878,2,2,112.6,0.4,112.4,4,111.9,150,,,,,,,,,,,,,,,,,112.8,2,113.0,100,,,,,,,,,,,,,,,,
2026-07-02T12:01:39.930365+00:00,2026-07-02T12:01:39.930266,2,1,112.6,0.4,112.4,4,111.9,150,,,,,,,,,,,,,,,,,112.8,2,,,,,,,,,,,,,,,,,,
2026-07-02T12:01:39.985912+00:00,2026-07-02T12:01:39.986024,3,1,112.6,0.4,112.4,4,112.2,100,111.9,150,,,,,,,,,,,,,,,112.8,2,,,,,,,,,,,,,,,,,,
2026-07-02T12:01:40.036170+00:00,2026-07-02T12:01:40.036062,3,2,112.55,0.3,112.4,4,112.2,100,111.9,150,,,,,,,,,,,,,,,112.7,100,112.8,2,,,,,,,,,,,,,,,,
2026-07-02T12:01:40.205566+00:00,2026-07-02T12:01:40.205455,3,2,112.55,0.3,112.4,3,112.2,100,111.9,150,,,,,,,,,,,,,,,112.7,100,112.8,2,,,,,,,,,,,,,,,,
2026-07-02T12:01:40.258633+00:00,2026-07-02T12:01:40.257987,2,2,112.45,0.5,112.2,56,111.9,150,,,,,,,,,,,,,,,,,112.7,100,112.8,2,,,,,,,,,,,,,,,,
2026-07-02T12:01:41.452650+00:00,2026-07-02T12:01:41.452148,1,2,112.45,0.5,112.2,56,,,,,,,,,,,,,,,,,,,112.7,100,112.8,2,,,,,,,,,,,,,,,,
2026-07-02T12:01:41.519576+00:00,2026-07-02T12:01:41.513196,2,2,112.6,0.2,112.5,147,112.2,56,,,,,,,,,,,,,,,,,112.7,100,112.8,2,,,,,,,,,,,,,,,,
2026-07-02T12:01:41.562026+00:00,2026-07-02T12:01:41.561940,2,3,112.6,0.2,112.5,147,112.2,56,,,,,,,,,,,,,,,,,112.7,100,112.8,2,113.0,150,,,,,,,,,,,,,,
2026-07-02T12:01:41.612884+00:00,2026-07-02T12:01:41.612765,2,3,112.6,0.2,112.5,97,112.2,56,,,,,,,,,,,,,,,,,112.7,100,112.8,2,113.0,150,,,,,,,,,,,,,,
2026-07-02T12:01:42.091104+00:00,2026-07-02T12:01:42.090989,3,3,112.6,0.2,112.5,97,112.4,2,112.2,56,,,,,,,,,,,,,,,112.7,100,112.8,2,113.0,150,,,,,,,,,,,,,,
2026-07-02T12:01:42.452993+00:00,2026-07-02T12:01:42.452874,3,3,112.6,0.2,112.5,97,112.4,2,112.2,56,,,,,,,,,,,,,,,112.7,55,112.8,2,113.0,150,,,,,,,,,,,,,,
2026-07-02T12:01:43.069181+00:00,2026-07-02T12:01:43.069094,3,3,112.6,0.2,112.5,52,112.4,2,112.2,56,,,,,,,,,,,,,,,112.7,55,112.8,2,113.0,150,,,,,,,,,,,,,,
2026-07-02T12:01:43.089673+00:00,2026-07-02T12:01:43.089551,3,2,112.65,0.3,112.5,52,112.4,2,112.2,56,,,,,,,,,,,,,,,112.8,2,113.0,150,,,,,,,,,,,,,,,,
2026-07-02T12:01:43.094855+00:00,2026-07-02T12:01:43.094737,2,2,112.65,0.3,112.5,52,112.4,2,,,,,,,,,,,,,,,,,112.8,2,113.0,150,,,,,,,,,,,,,,,,
2026-07-02T12:01:43.145489+00:00,2026-07-02T12:01:43.145443,3,2,112.65,0.3,112.5,52,112.4,2,112.0,100,,,,,,,,,,,,,,,112.8,2,113.0,150,,,,,,,,,,,,,,,,
2026-07-02T12:01:43.200948+00:00,2026-07-02T12:01:43.200848,2,3,112.45,0.1,112.4,2,112.0,100,,,,,,,,,,,,,,,,,112.5,48,112.8,2,113.0,150,,,,,,,,,,,,,,
2026-07-02T12:01:43.669579+00:00,2026-07-02T12:01:43.669725,2,2,112.6,0.4,112.4,2,112.0,100,,,,,,,,,,,,,,,,,112.8,2,113.0,150,,,,,,,,,,,,,,,,
2026-07-02T12:01:43.983662+00:00,2026-07-02T12:01:43.983606,2,1,112.7,0.6,112.4,2,112.0,100,,,,,,,,,,,,,,,,,113.0,106,,,,,,,,,,,,,,,,,,
2026-07-02T12:01:44.625642+00:00,2026-07-02T12:01:44.625615,2,0,,,112.4,2,112.0,100,,,,,,,,,,,,,,,,,,,,,,,,,,,,,,,,,,,,
2026-07-02T12:01:44.683910+00:00,2026-07-02T12:01:44.683757,2,0,,,112.4,2,112.0,250,,,,,,,,,,,,,,,,,,,,,,,,,,,,,,,,,,,,
2026-07-02T12:01:44.734185+00:00,2026-07-02T12:01:44.734287,2,1,112.45,0.1,112.4,2,112.0,250,,,,,,,,,,,,,,,,,112.5,150,,,,,,,,,,,,,,,,,,
2026-07-02T12:01:45.088009+00:00,2026-07-02T12:01:45.088095,2,2,112.45,0.1,112.4,2,112.0,250,,,,,,,,,,,,,,,,,112.5,150,112.7,4,,,,,,,,,,,,,,,,
2026-07-02T12:01:45.134377+00:00,2026-07-02T12:01:45.134220,1,2,112.25,0.5,112.0,250,,,,,,,,,,,,,,,,,,,112.5,150,112.7,4,,,,,,,,,,,,,,,,
2026-07-02T12:01:45.255001+00:00,2026-07-02T12:01:45.255090,2,2,112.45,0.1,112.4,2,112.0,250,,,,,,,,,,,,,,,,,112.5,150,112.7,4,,,,,,,,,,,,,,,,
2026-07-02T12:01:45.592607+00:00,2026-07-02T12:01:45.592575,2,2,112.45,0.1,112.4,2,112.0,250,,,,,,,,,,,,,,,,,112.5,110,112.7,4,,,,,,,,,,,,,,,,
2026-07-02T12:01:45.703817+00:00,2026-07-02T12:01:45.703792,2,2,112.45,0.1,112.4,2,112.0,250,,,,,,,,,,,,,,,,,112.5,85,112.7,4,,,,,,,,,,,,,,,,
2026-07-02T12:01:45.776458+00:00,2026-07-02T12:01:45.776313,2,2,112.45,0.1,112.4,2,112.0,250,,,,,,,,,,,,,,,,,112.5,35,112.7,4,,,,,,,,,,,,,,,,
2026-07-02T12:01:45.922908+00:00,2026-07-02T12:01:45.922801,2,2,112.45,0.1,112.4,2,112.0,250,,,,,,,,,,,,,,,,,112.5,10,112.7,4,,,,,,,,,,,,,,,,
2026-07-02T12:01:46.134259+00:00,2026-07-02T12:01:46.134110,2,1,112.55,0.3,112.4,2,112.0,250,,,,,,,,,,,,,,,,,112.7,4,,,,,,,,,,,,,,,,,,
2026-07-02T12:01:46.256407+00:00,2026-07-02T12:01:46.256582,2,1,112.55,0.3,112.4,2,112.0,150,,,,,,,,,,,,,,,,,112.7,4,,,,,,,,,,,,,,,,,,
2026-07-02T12:01:46.307340+00:00,2026-07-02T12:01:46.307263,2,1,112.55,0.3,112.4,102,112.0,150,,,,,,,,,,,,,,,,,112.7,4,,,,,,,,,,,,,,,,,,
2026-07-02T12:01:46.364109+00:00,2026-07-02T12:01:46.364207,2,2,112.55,0.3,112.4,102,112.0,150,,,,,,,,,,,,,,,,,112.7,4,112.9,100,,,,,,,,,,,,,,,,
2026-07-02T12:01:46.636415+00:00,2026-07-02T12:01:46.636390,2,2,112.55,0.3,112.4,56,112.0,150,,,,,,,,,,,,,,,,,112.7,4,112.9,100,,,,,,,,,,,,,,,,
2026-07-02T12:01:47.168950+00:00,2026-07-02T12:01:47.168839,2,2,112.55,0.3,112.4,7,112.0,150,,,,,,,,,,,,,,,,,112.7,4,112.9,100,,,,,,,,,,,,,,,,
2026-07-02T12:01:47.547361+00:00,2026-07-02T12:01:47.547303,2,2,112.55,0.3,112.4,7,112.0,150,,,,,,,,,,,,,,,,,112.7,3,112.9,100,,,,,,,,,,,,,,,,
2026-07-02T12:01:47.679323+00:00,2026-07-02T12:01:47.679283,2,2,112.55,0.3,112.4,10,112.0,150,,,,,,,,,,,,,,,,,112.7,3,112.9,100,,,,,,,,,,,,,,,,
2026-07-02T12:01:47.787618+00:00,2026-07-02T12:01:47.787526,1,2,112.55,0.3,112.4,10,,,,,,,,,,,,,,,,,,,112.7,3,112.9,100,,,,,,,,,,,,,,,,
2026-07-02T12:01:47.840972+00:00,2026-07-02T12:01:47.840929,2,2,112.65,0.1,112.6,150,112.4,10,,,,,,,,,,,,,,,,,112.7,3,112.9,100,,,,,,,,,,,,,,,,
2026-07-02T12:01:47.893593+00:00,2026-07-02T12:01:47.893705,2,3,112.65,0.1,112.6,150,112.4,10,,,,,,,,,,,,,,,,,112.7,3,112.9,100,113.1,150,,,,,,,,,,,,,,
2026-07-02T12:01:47.958533+00:00,2026-07-02T12:01:47.957212,2,3,112.65,0.1,112.6,100,112.4,10,,,,,,,,,,,,,,,,,112.7,3,112.9,100,113.1,150,,,,,,,,,,,,,,
2026-07-02T12:01:48.148478+00:00,2026-07-02T12:01:48.143072,2,3,112.65,0.1,112.6,97,112.4,10,,,,,,,,,,,,,,,,,112.7,3,112.9,100,113.1,150,,,,,,,,,,,,,,
2026-07-02T12:01:48.343293+00:00,2026-07-02T12:01:48.343157,2,3,112.65,0.1,112.6,72,112.4,10,,,,,,,,,,,,,,,,,112.7,3,112.9,100,113.1,150,,,,,,,,,,,,,,
2026-07-02T12:01:48.558700+00:00,2026-07-02T12:01:48.552723,2,3,112.65,0.1,112.6,47,112.4,10,,,,,,,,,,,,,,,,,112.7,3,112.9,100,113.1,150,,,,,,,,,,,,,,
2026-07-02T12:01:48.625582+00:00,2026-07-02T12:01:48.625388,2,2,112.75,0.3,112.6,47,112.4,10,,,,,,,,,,,,,,,,,112.9,59,113.1,150,,,,,,,,,,,,,,,,
2026-07-02T12:01:48.758637+00:00,2026-07-02T12:01:48.756780,2,2,112.75,0.3,112.6,22,112.4,10,,,,,,,,,,,,,,,,,112.9,59,113.1,150,,,,,,,,,,,,,,,,
2026-07-02T12:01:48.976203+00:00,2026-07-02T12:01:48.976060,1,2,112.65,0.5,112.4,10,,,,,,,,,,,,,,,,,,,112.9,59,113.1,150,,,,,,,,,,,,,,,,
2026-07-02T12:01:49.417517+00:00,2026-07-02T12:01:49.417613,1,1,112.75,0.7,112.4,3,,,,,,,,,,,,,,,,,,,113.1,150,,,,,,,,,,,,,,,,,,
2026-07-02T12:01:49.469955+00:00,2026-07-02T12:01:49.470061,2,1,112.75,0.7,112.4,3,112.0,100,,,,,,,,,,,,,,,,,113.1,150,,,,,,,,,,,,,,,,,,
2026-07-02T12:01:49.521694+00:00,2026-07-02T12:01:49.521585,2,2,112.45,0.1,112.4,3,112.0,100,,,,,,,,,,,,,,,,,112.5,100,113.1,150,,,,,,,,,,,,,,,,
2026-07-02T12:01:50.074748+00:00,2026-07-02T12:01:50.074632,1,2,112.25,0.5,112.0,53,,,,,,,,,,,,,,,,,,,112.5,100,113.1,150,,,,,,,,,,,,,,,,
2026-07-02T12:01:50.678165+00:00,2026-07-02T12:01:50.669375,1,2,112.25,0.5,112.0,53,,,,,,,,,,,,,,,,,,,112.5,97,113.1,150,,,,,,,,,,,,,,,,
2026-07-02T12:01:50.724705+00:00,2026-07-02T12:01:50.724868,1,2,112.25,0.5,112.0,53,,,,,,,,,,,,,,,,,,,112.5,53,113.1,150,,,,,,,,,,,,,,,,
2026-07-02T12:01:50.792272+00:00,2026-07-02T12:01:50.792153,1,2,112.25,0.5,112.0,53,,,,,,,,,,,,,,,,,,,112.5,28,113.1,150,,,,,,,,,,,,,,,,
2026-07-02T12:01:50.948914+00:00,2026-07-02T12:01:50.948815,1,1,112.25,0.5,112.0,53,,,,,,,,,,,,,,,,,,,112.5,28,,,,,,,,,,,,,,,,,,
2026-07-02T12:01:50.999625+00:00,2026-07-02T12:01:50.999573,2,1,112.3,0.4,112.1,150,112.0,53,,,,,,,,,,,,,,,,,112.5,28,,,,,,,,,,,,,,,,,,
2026-07-02T12:01:51.004961+00:00,2026-07-02T12:01:51.004782,2,1,112.3,0.4,112.1,150,112.0,53,,,,,,,,,,,,,,,,,112.5,3,,,,,,,,,,,,,,,,,,
2026-07-02T12:01:51.064083+00:00,2026-07-02T12:01:51.063888,2,2,112.3,0.4,112.1,150,112.0,53,,,,,,,,,,,,,,,,,112.5,3,112.6,150,,,,,,,,,,,,,,,,
2026-07-02T12:01:51.215385+00:00,2026-07-02T12:01:51.215286,2,1,112.35,0.5,112.1,150,112.0,53,,,,,,,,,,,,,,,,,112.6,150,,,,,,,,,,,,,,,,,,
2026-07-02T12:01:52.133012+00:00,2026-07-02T12:01:52.132899,2,1,112.35,0.5,112.1,150,112.0,53,,,,,,,,,,,,,,,,,112.6,100,,,,,,,,,,,,,,,,,,
2026-07-02T12:01:52.264400+00:00,2026-07-02T12:01:52.264187,2,1,112.35,0.5,112.1,150,112.0,53,,,,,,,,,,,,,,,,,112.6,105,,,,,,,,,,,,,,,,,,
2026-07-02T12:01:52.308974+00:00,2026-07-02T12:01:52.308907,2,1,112.35,0.5,112.1,103,112.0,53,,,,,,,,,,,,,,,,,112.6,105,,,,,,,,,,,,,,,,,,
2026-07-02T12:01:52.574459+00:00,2026-07-02T12:01:52.574357,1,1,112.35,0.5,112.1,103,,,,,,,,,,,,,,,,,,,112.6,105,,,,,,,,,,,,,,,,,,
2026-07-02T12:01:52.630828+00:00,2026-07-02T12:01:52.630677,2,1,112.4,0.4,112.2,100,112.1,103,,,,,,,,,,,,,,,,,112.6,105,,,,,,,,,,,,,,,,,,
2026-07-02T12:01:52.682716+00:00,2026-07-02T12:01:52.682608,2,2,112.4,0.4,112.2,100,112.1,103,,,,,,,,,,,,,,,,,112.6,105,112.7,100,,,,,,,,,,,,,,,,
2026-07-02T12:01:53.156124+00:00,2026-07-02T12:01:53.156289,3,2,112.45,0.3,112.3,1,112.2,100,112.1,103,,,,,,,,,,,,,,,112.6,105,112.7,100,,,,,,,,,,,,,,,,
2026-07-02T12:01:53.428416+00:00,2026-07-02T12:01:53.428287,3,2,112.45,0.3,112.3,1,112.2,100,112.1,103,,,,,,,,,,,,,,,112.6,80,112.7,100,,,,,,,,,,,,,,,,
2026-07-02T12:01:53.637317+00:00,2026-07-02T12:01:53.637185,3,2,112.45,0.3,112.3,1,112.2,100,112.1,103,,,,,,,,,,,,,,,112.6,55,112.7,100,,,,,,,,,,,,,,,,
2026-07-02T12:01:53.858581+00:00,2026-07-02T12:01:53.854605,3,2,112.45,0.3,112.3,1,112.2,100,112.1,103,,,,,,,,,,,,,,,112.6,30,112.7,100,,,,,,,,,,,,,,,,
2026-07-02T12:01:53.879888+00:00,2026-07-02T12:01:53.879710,3,2,112.45,0.3,112.3,1,112.2,100,112.1,103,,,,,,,,,,,,,,,112.6,29,112.7,100,,,,,,,,,,,,,,,,
2026-07-02T12:01:54.112878+00:00,2026-07-02T12:01:54.113068,2,2,112.45,0.3,112.3,1,112.2,100,,,,,,,,,,,,,,,,,112.6,4,112.7,100,,,,,,,,,,,,,,,,
2026-07-02T12:01:54.170467+00:00,2026-07-02T12:01:54.170400,3,2,112.55,0.1,112.5,150,112.3,1,112.2,100,,,,,,,,,,,,,,,112.6,2,112.7,100,,,,,,,,,,,,,,,,
2026-07-02T12:01:54.219063+00:00,2026-07-02T12:01:54.218958,3,3,112.55,0.1,112.5,150,112.3,1,112.2,100,,,,,,,,,,,,,,,112.6,2,112.7,100,113.0,150,,,,,,,,,,,,,,
2026-07-02T12:01:54.244763+00:00,2026-07-02T12:01:54.244660,3,2,112.6,0.2,112.5,150,112.3,1,112.2,100,,,,,,,,,,,,,,,112.7,52,113.0,150,,,,,,,,,,,,,,,,
2026-07-02T12:01:54.337141+00:00,2026-07-02T12:01:54.336972,3,2,112.6,0.2,112.5,150,112.3,1,112.2,100,,,,,,,,,,,,,,,112.7,10,113.0,150,,,,,,,,,,,,,,,,
2026-07-02T12:01:55.734967+00:00,2026-07-02T12:01:55.734898,2,1,112.75,0.5,112.5,150,112.3,1,,,,,,,,,,,,,,,,,113.0,150,,,,,,,,,,,,,,,,,,
2026-07-02T12:01:55.784950+00:00,2026-07-02T12:01:55.784924,3,1,112.85,0.3,112.7,100,112.5,150,112.3,1,,,,,,,,,,,,,,,113.0,150,,,,,,,,,,,,,,,,,,
2026-07-02T12:01:55.843339+00:00,2026-07-02T12:01:55.843276,3,2,112.85,0.3,112.7,100,112.5,150,112.3,1,,,,,,,,,,,,,,,113.0,150,113.2,100,,,,,,,,,,,,,,,,
2026-07-02T12:01:55.904716+00:00,2026-07-02T12:01:55.904574,3,2,112.85,0.3,112.7,60,112.5,150,112.3,1,,,,,,,,,,,,,,,113.0,150,113.2,100,,,,,,,,,,,,,,,,
2026-07-02T12:01:56.370077+00:00,2026-07-02T12:01:56.369966,3,2,112.85,0.3,112.7,60,112.5,150,112.3,1,,,,,,,,,,,,,,,113.0,100,113.2,100,,,,,,,,,,,,,,,,
2026-07-02T12:01:57.275835+00:00,2026-07-02T12:01:57.275725,2,1,112.95,0.5,112.7,60,112.3,1,,,,,,,,,,,,,,,,,113.2,100,,,,,,,,,,,,,,,,,,
2026-07-02T12:01:57.360575+00:00,2026-07-02T12:01:57.360366,3,1,112.95,0.5,112.7,60,112.5,150,112.3,1,,,,,,,,,,,,,,,113.2,100,,,,,,,,,,,,,,,,,,
2026-07-02T12:01:57.414127+00:00,2026-07-02T12:01:57.413999,3,2,112.85,0.3,112.7,60,112.5,150,112.3,1,,,,,,,,,,,,,,,113.0,150,113.2,100,,,,,,,,,,,,,,,,
2026-07-02T12:01:58.480162+00:00,2026-07-02T12:01:58.480073,3,2,112.85,0.3,112.7,60,112.5,150,112.3,1,,,,,,,,,,,,,,,113.0,100,113.2,100,,,,,,,,,,,,,,,,
2026-07-02T12:01:58.900294+00:00,2026-07-02T12:01:58.900161,2,1,112.75,0.5,112.5,150,112.3,1,,,,,,,,,,,,,,,,,113.0,100,,,,,,,,,,,,,,,,,,
2026-07-02T12:01:58.958553+00:00,2026-07-02T12:01:58.956321,3,1,112.9,0.2,112.8,100,112.5,150,112.3,1,,,,,,,,,,,,,,,113.0,100,,,,,,,,,,,,,,,,,,
2026-07-02T12:01:59.009144+00:00,2026-07-02T12:01:59.008980,3,2,112.9,0.2,112.8,100,112.5,150,112.3,1,,,,,,,,,,,,,,,113.0,100,113.3,100,,,,,,,,,,,,,,,,
2026-07-02T12:02:00.469090+00:00,2026-07-02T12:02:00.469043,2,1,113.05,0.5,112.8,100,112.3,1,,,,,,,,,,,,,,,,,113.3,100,,,,,,,,,,,,,,,,,,
2026-07-02T12:02:00.474341+00:00,2026-07-02T12:02:00.474245,1,1,113.05,0.5,112.8,100,,,,,,,,,,,,,,,,,,,113.3,100,,,,,,,,,,,,,,,,,,
2026-07-02T12:02:00.523419+00:00,2026-07-02T12:02:00.523361,2,1,113.15,0.3,113.0,150,112.8,100,,,,,,,,,,,,,,,,,113.3,100,,,,,,,,,,,,,,,,,,
2026-07-02T12:02:00.577477+00:00,2026-07-02T12:02:00.577369,2,2,113.15,0.3,113.0,150,112.8,100,,,,,,,,,,,,,,,,,113.3,100,113.5,150,,,,,,,,,,,,,,,,
2026-07-02T12:02:00.658638+00:00,2026-07-02T12:02:00.657884,2,2,113.15,0.3,113.0,100,112.8,100,,,,,,,,,,,,,,,,,113.3,100,113.5,150,,,,,,,,,,,,,,,,
2026-07-02T12:02:01.057162+00:00,2026-07-02T12:02:01.057439,3,2,113.15,0.3,113.0,100,112.8,100,112.5,6,,,,,,,,,,,,,,,113.3,100,113.5,150,,,,,,,,,,,,,,,,
2026-07-02T12:02:01.069535+00:00,2026-07-02T12:02:01.065244,3,2,113.15,0.3,113.0,72,112.8,100,112.5,6,,,,,,,,,,,,,,,113.3,100,113.5,150,,,,,,,,,,,,,,,,
2026-07-02T12:02:01.169444+00:00,2026-07-02T12:02:01.169366,3,2,113.15,0.3,113.0,72,112.8,100,112.5,5,,,,,,,,,,,,,,,113.3,100,113.5,150,,,,,,,,,,,,,,,,
2026-07-02T12:02:01.285350+00:00,2026-07-02T12:02:01.285209,3,2,113.15,0.3,113.0,47,112.8,100,112.5,5,,,,,,,,,,,,,,,113.3,100,113.5,150,,,,,,,,,,,,,,,,
2026-07-02T12:02:02.063984+00:00,2026-07-02T12:02:02.063878,3,1,113.25,0.5,113.0,47,112.8,100,112.5,5,,,,,,,,,,,,,,,113.5,150,,,,,,,,,,,,,,,,,,
2026-07-02T12:02:02.069205+00:00,2026-07-02T12:02:02.069071,2,1,113.25,0.5,113.0,47,112.5,5,,,,,,,,,,,,,,,,,113.5,150,,,,,,,,,,,,,,,,,,
2026-07-02T12:02:02.122494+00:00,2026-07-02T12:02:02.122371,3,1,113.25,0.5,113.0,47,112.9,100,112.5,5,,,,,,,,,,,,,,,113.5,150,,,,,,,,,,,,,,,,,,
2026-07-02T12:02:02.179760+00:00,2026-07-02T12:02:02.179694,3,2,113.2,0.4,113.0,47,112.9,100,112.5,5,,,,,,,,,,,,,,,113.4,100,113.5,150,,,,,,,,,,,,,,,,
2026-07-02T12:02:02.640442+00:00,2026-07-02T12:02:02.633897,3,2,113.2,0.4,113.0,24,112.9,100,112.5,5,,,,,,,,,,,,,,,113.4,100,113.5,150,,,,,,,,,,,,,,,,
2026-07-02T12:02:02.699479+00:00,2026-07-02T12:02:02.699436,2,2,113.15,0.5,112.9,100,112.5,5,,,,,,,,,,,,,,,,,113.4,100,113.5,150,,,,,,,,,,,,,,,,
2026-07-02T12:02:02.784921+00:00,2026-07-02T12:02:02.784790,2,2,113.15,0.5,112.9,53,112.5,5,,,,,,,,,,,,,,,,,113.4,100,113.5,150,,,,,,,,,,,,,,,,
2026-07-02T12:02:02.915083+00:00,2026-07-02T12:02:02.914967,2,2,113.15,0.5,112.9,28,112.5,5,,,,,,,,,,,,,,,,,113.4,100,113.5,150,,,,,,,,,,,,,,,,
2026-07-02T12:02:03.125537+00:00,2026-07-02T12:02:03.125495,2,2,113.15,0.5,112.9,3,112.5,5,,,,,,,,,,,,,,,,,113.4,100,113.5,150,,,,,,,,,,,,,,,,
2026-07-02T12:02:03.333690+00:00,2026-07-02T12:02:03.333582,1,2,112.95,0.9,112.5,5,,,,,,,,,,,,,,,,,,,113.4,100,113.5,150,,,,,,,,,,,,,,,,
2026-07-02T12:02:03.631604+00:00,2026-07-02T12:02:03.631713,1,1,112.95,0.9,112.5,5,,,,,,,,,,,,,,,,,,,113.4,100,,,,,,,,,,,,,,,,,,
2026-07-02T12:02:03.684376+00:00,2026-07-02T12:02:03.684271,2,1,112.95,0.9,112.5,5,112.2,150,,,,,,,,,,,,,,,,,113.4,100,,,,,,,,,,,,,,,,,,
2026-07-02T12:02:03.745338+00:00,2026-07-02T12:02:03.738314,2,2,112.6,0.2,112.5,5,112.2,150,,,,,,,,,,,,,,,,,112.7,138,113.4,100,,,,,,,,,,,,,,,,
2026-07-02T12:02:03.951820+00:00,2026-07-02T12:02:03.946720,2,2,112.6,0.2,112.5,5,112.2,150,,,,,,,,,,,,,,,,,112.7,124,113.4,100,,,,,,,,,,,,,,,,
2026-07-02T12:02:04.289043+00:00,2026-07-02T12:02:04.288976,2,2,112.6,0.2,112.5,5,112.2,150,,,,,,,,,,,,,,,,,112.7,81,113.4,100,,,,,,,,,,,,,,,,
2026-07-02T12:02:04.753417+00:00,2026-07-02T12:02:04.753285,2,2,112.6,0.2,112.5,5,112.2,150,,,,,,,,,,,,,,,,,112.7,56,113.4,100,,,,,,,,,,,,,,,,
2026-07-02T12:02:04.837322+00:00,2026-07-02T12:02:04.837201,2,2,112.6,0.2,112.5,5,112.2,150,,,,,,,,,,,,,,,,,112.7,6,113.4,100,,,,,,,,,,,,,,,,
2026-07-02T12:02:04.908442+00:00,2026-07-02T12:02:04.908387,2,1,112.95,0.9,112.5,5,112.2,150,,,,,,,,,,,,,,,,,113.4,100,,,,,,,,,,,,,,,,,,
2026-07-02T12:02:05.124687+00:00,2026-07-02T12:02:05.124592,2,1,112.95,0.9,112.5,4,112.2,150,,,,,,,,,,,,,,,,,113.4,100,,,,,,,,,,,,,,,,,,
2026-07-02T12:02:05.232428+00:00,2026-07-02T12:02:05.232513,2,0,,,112.5,4,112.2,150,,,,,,,,,,,,,,,,,,,,,,,,,,,,,,,,,,,,
2026-07-02T12:02:05.285011+00:00,2026-07-02T12:02:05.284870,3,0,,,112.5,4,112.4,100,112.2,150,,,,,,,,,,,,,,,,,,,,,,,,,,,,,,,,,,
2026-07-02T12:02:05.334100+00:00,2026-07-02T12:02:05.333996,3,1,112.7,0.4,112.5,4,112.4,100,112.2,150,,,,,,,,,,,,,,,112.9,100,,,,,,,,,,,,,,,,,,
2026-07-02T12:02:05.470542+00:00,2026-07-02T12:02:05.470503,3,1,112.7,0.4,112.5,4,112.4,100,112.2,150,,,,,,,,,,,,,,,112.9,53,,,,,,,,,,,,,,,,,,
2026-07-02T12:02:06.498626+00:00,2026-07-02T12:02:06.498708,2,1,112.65,0.5,112.4,59,112.2,150,,,,,,,,,,,,,,,,,112.9,53,,,,,,,,,,,,,,,,,,
2026-07-02T12:02:06.789460+00:00,2026-07-02T12:02:06.789614,1,1,112.65,0.5,112.4,59,,,,,,,,,,,,,,,,,,,112.9,53,,,,,,,,,,,,,,,,,,
2026-07-02T12:02:06.846267+00:00,2026-07-02T12:02:06.846357,2,0,,,113.0,97,112.4,59,,,,,,,,,,,,,,,,,,,,,,,,,,,,,,,,,,,,
2026-07-02T12:02:06.895878+00:00,2026-07-02T12:02:06.895848,2,1,113.25,0.5,113.0,97,112.4,59,,,,,,,,,,,,,,,,,113.5,150,,,,,,,,,,,,,,,,,,
2026-07-02T12:02:06.947585+00:00,2026-07-02T12:02:06.947460,2,1,113.25,0.5,113.0,97,112.4,59,,,,,,,,,,,,,,,,,113.5,100,,,,,,,,,,,,,,,,,,
2026-07-02T12:02:07.027436+00:00,2026-07-02T12:02:07.021878,2,1,113.25,0.5,113.0,94,112.4,59,,,,,,,,,,,,,,,,,113.5,100,,,,,,,,,,,,,,,,,,
2026-07-02T12:02:07.163630+00:00,2026-07-02T12:02:07.163775,2,1,113.25,0.5,113.0,69,112.4,59,,,,,,,,,,,,,,,,,113.5,100,,,,,,,,,,,,,,,,,,
2026-07-02T12:02:07.372502+00:00,2026-07-02T12:02:07.372355,2,1,113.25,0.5,113.0,44,112.4,59,,,,,,,,,,,,,,,,,113.5,100,,,,,,,,,,,,,,,,,,
2026-07-02T12:02:07.583398+00:00,2026-07-02T12:02:07.583341,2,1,113.25,0.5,113.0,19,112.4,59,,,,,,,,,,,,,,,,,113.5,100,,,,,,,,,,,,,,,,,,
2026-07-02T12:02:08.392347+00:00,2026-07-02T12:02:08.392253,1,1,113.25,0.5,113.0,19,,,,,,,,,,,,,,,,,,,113.5,100,,,,,,,,,,,,,,,,,,
2026-07-02T12:02:08.445540+00:00,2026-07-02T12:02:08.445431,2,1,113.25,0.5,113.0,19,112.6,100,,,,,,,,,,,,,,,,,113.5,100,,,,,,,,,,,,,,,,,,
2026-07-02T12:02:08.468819+00:00,2026-07-02T12:02:08.468662,2,1,113.25,0.5,113.0,19,112.6,104,,,,,,,,,,,,,,,,,113.5,100,,,,,,,,,,,,,,,,,,
2026-07-02T12:02:08.497215+00:00,2026-07-02T12:02:08.497147,2,2,113.05,0.1,113.0,19,112.6,104,,,,,,,,,,,,,,,,,113.1,100,113.5,100,,,,,,,,,,,,,,,,
2026-07-02T12:02:08.599033+00:00,2026-07-02T12:02:08.598944,2,2,113.05,0.1,113.0,19,112.6,104,,,,,,,,,,,,,,,,,113.1,58,113.5,100,,,,,,,,,,,,,,,,
2026-07-02T12:02:09.079771+00:00,2026-07-02T12:02:09.079636,2,2,113.05,0.1,113.0,19,112.6,104,,,,,,,,,,,,,,,,,113.1,8,113.5,100,,,,,,,,,,,,,,,,
2026-07-02T12:02:09.187962+00:00,2026-07-02T12:02:09.188111,2,2,113.05,0.1,113.0,19,112.6,103,,,,,,,,,,,,,,,,,113.1,8,113.5,100,,,,,,,,,,,,,,,,
2026-07-02T12:02:09.467146+00:00,2026-07-02T12:02:09.462047,2,2,113.05,0.1,113.0,8,112.6,103,,,,,,,,,,,,,,,,,113.1,8,113.5,100,,,,,,,,,,,,,,,,
2026-07-02T12:02:09.597714+00:00,2026-07-02T12:02:09.597574,1,2,112.85,0.5,112.6,103,,,,,,,,,,,,,,,,,,,113.1,8,113.5,100,,,,,,,,,,,,,,,,
2026-07-02T12:02:09.953535+00:00,2026-07-02T12:02:09.953620,1,1,112.85,0.5,112.6,103,,,,,,,,,,,,,,,,,,,113.1,8,,,,,,,,,,,,,,,,,,
2026-07-02T12:02:10.006450+00:00,2026-07-02T12:02:10.006573,2,1,112.85,0.5,112.6,103,112.4,150,,,,,,,,,,,,,,,,,113.1,8,,,,,,,,,,,,,,,,,,
2026-07-02T12:02:10.068827+00:00,2026-07-02T12:02:10.068766,2,2,112.75,0.3,112.6,103,112.4,150,,,,,,,,,,,,,,,,,112.9,150,113.1,8,,,,,,,,,,,,,,,,
2026-07-02T12:02:11.152421+00:00,2026-07-02T12:02:11.152315,2,2,112.75,0.3,112.6,58,112.4,150,,,,,,,,,,,,,,,,,112.9,150,113.1,8,,,,,,,,,,,,,,,,
2026-07-02T12:02:11.187400+00:00,2026-07-02T12:02:11.187360,2,2,112.75,0.3,112.6,58,112.4,150,,,,,,,,,,,,,,,,,112.9,100,113.1,8,,,,,,,,,,,,,,,,
2026-07-02T12:02:11.551562+00:00,2026-07-02T12:02:11.551437,2,1,112.75,0.3,112.6,3,112.4,150,,,,,,,,,,,,,,,,,112.9,100,,,,,,,,,,,,,,,,,,
2026-07-02T12:02:11.607928+00:00,2026-07-02T12:02:11.607829,3,1,112.8,0.2,112.7,100,112.6,3,112.4,150,,,,,,,,,,,,,,,112.9,100,,,,,,,,,,,,,,,,,,
2026-07-02T12:02:11.658570+00:00,2026-07-02T12:02:11.655167,3,2,112.8,0.2,112.7,100,112.6,3,112.4,150,,,,,,,,,,,,,,,112.9,100,113.2,100,,,,,,,,,,,,,,,,
2026-07-02T12:02:12.485128+00:00,2026-07-02T12:02:12.485038,3,3,112.8,0.2,112.7,100,112.6,3,112.4,150,,,,,,,,,,,,,,,112.9,100,113.0,2,113.2,100,,,,,,,,,,,,,,
2026-07-02T12:02:13.121613+00:00,2026-07-02T12:02:13.121581,2,2,112.85,0.3,112.7,100,112.6,3,,,,,,,,,,,,,,,,,113.0,2,113.2,100,,,,,,,,,,,,,,,,
2026-07-02T12:02:13.179569+00:00,2026-07-02T12:02:13.179485,2,2,112.85,0.3,112.7,250,112.6,3,,,,,,,,,,,,,,,,,113.0,2,113.2,100,,,,,,,,,,,,,,,,
2026-07-02T12:02:13.231862+00:00,2026-07-02T12:02:13.231960,2,2,112.85,0.3,112.7,250,112.6,3,,,,,,,,,,,,,,,,,113.0,2,113.2,250,,,,,,,,,,,,,,,,
2026-07-02T12:02:13.297130+00:00,2026-07-02T12:02:13.297001,2,1,112.95,0.5,112.7,250,112.6,3,,,,,,,,,,,,,,,,,113.2,202,,,,,,,,,,,,,,,,,,
2026-07-02T12:02:13.352350+00:00,2026-07-02T12:02:13.352226,2,1,112.95,0.5,112.7,250,112.6,2,,,,,,,,,,,,,,,,,113.2,202,,,,,,,,,,,,,,,,,,
2026-07-02T12:02:13.490443+00:00,2026-07-02T12:02:13.490359,2,2,112.85,0.3,112.7,250,112.6,2,,,,,,,,,,,,,,,,,113.0,5,113.2,202,,,,,,,,,,,,,,,,
2026-07-02T12:02:13.608433+00:00,2026-07-02T12:02:13.608316,1,2,112.85,0.3,112.7,250,,,,,,,,,,,,,,,,,,,113.0,5,113.2,202,,,,,,,,,,,,,,,,
2026-07-02T12:02:13.726241+00:00,2026-07-02T12:02:13.726183,1,2,112.85,0.3,112.7,202,,,,,,,,,,,,,,,,,,,113.0,5,113.2,202,,,,,,,,,,,,,,,,
2026-07-02T12:02:14.515226+00:00,2026-07-02T12:02:14.515118,1,2,112.85,0.3,112.7,203,,,,,,,,,,,,,,,,,,,113.0,5,113.2,202,,,,,,,,,,,,,,,,
2026-07-02T12:02:14.711904+00:00,2026-07-02T12:02:14.711817,1,2,112.85,0.3,112.7,151,,,,,,,,,,,,,,,,,,,113.0,5,113.2,150,,,,,,,,,,,,,,,,
2026-07-02T12:02:14.767941+00:00,2026-07-02T12:02:14.767818,1,2,112.85,0.3,112.7,251,,,,,,,,,,,,,,,,,,,113.0,5,113.2,150,,,,,,,,,,,,,,,,
2026-07-02T12:02:14.820797+00:00,2026-07-02T12:02:14.820900,1,2,112.85,0.3,112.7,251,,,,,,,,,,,,,,,,,,,113.0,5,113.2,250,,,,,,,,,,,,,,,,
2026-07-02T12:02:15.403729+00:00,2026-07-02T12:02:15.403659,1,1,112.95,0.5,112.7,251,,,,,,,,,,,,,,,,,,,113.2,250,,,,,,,,,,,,,,,,,,
2026-07-02T12:02:15.527760+00:00,2026-07-02T12:02:15.527659,1,2,112.85,0.3,112.7,251,,,,,,,,,,,,,,,,,,,113.0,5,113.2,250,,,,,,,,,,,,,,,,
2026-07-02T12:02:16.288043+00:00,2026-07-02T12:02:16.287997,1,2,112.85,0.3,112.7,101,,,,,,,,,,,,,,,,,,,113.0,5,113.2,100,,,,,,,,,,,,,,,,
2026-07-02T12:02:16.340376+00:00,2026-07-02T12:02:16.340237,1,2,112.85,0.3,112.7,251,,,,,,,,,,,,,,,,,,,113.0,5,113.2,100,,,,,,,,,,,,,,,,
2026-07-02T12:02:16.392991+00:00,2026-07-02T12:02:16.392963,1,2,112.85,0.3,112.7,251,,,,,,,,,,,,,,,,,,,113.0,5,113.2,250,,,,,,,,,,,,,,,,
2026-07-02T12:02:16.550568+00:00,2026-07-02T12:02:16.550391,1,2,112.85,0.3,112.7,251,,,,,,,,,,,,,,,,,,,113.0,4,113.2,250,,,,,,,,,,,,,,,,
2026-07-02T12:02:17.198107+00:00,2026-07-02T12:02:17.198210,1,2,112.85,0.3,112.7,251,,,,,,,,,,,,,,,,,,,113.0,3,113.2,250,,,,,,,,,,,,,,,,
2026-07-02T12:02:17.511294+00:00,2026-07-02T12:02:17.511158,1,1,112.95,0.5,112.7,251,,,,,,,,,,,,,,,,,,,113.2,203,,,,,,,,,,,,,,,,,,
2026-07-02T12:02:17.654760+00:00,2026-07-02T12:02:17.654890,1,1,112.95,0.5,112.7,251,,,,,,,,,,,,,,,,,,,113.2,154,,,,,,,,,,,,,,,,,,
2026-07-02T12:02:17.875025+00:00,2026-07-02T12:02:17.874961,1,1,112.95,0.5,112.7,151,,,,,,,,,,,,,,,,,,,113.2,150,,,,,,,,,,,,,,,,,,
2026-07-02T12:02:17.932221+00:00,2026-07-02T12:02:17.932114,2,1,113.05,0.3,112.9,100,112.7,151,,,,,,,,,,,,,,,,,113.2,150,,,,,,,,,,,,,,,,,,
2026-07-02T12:02:17.980511+00:00,2026-07-02T12:02:17.980440,2,2,113.05,0.3,112.9,100,112.7,151,,,,,,,,,,,,,,,,,113.2,150,113.4,100,,,,,,,,,,,,,,,,
2026-07-02T12:02:18.595922+00:00,2026-07-02T12:02:18.595870,2,3,112.95,0.1,112.9,100,112.7,151,,,,,,,,,,,,,,,,,113.0,4,113.2,150,113.4,100,,,,,,,,,,,,,,
2026-07-02T12:02:19.449270+00:00,2026-07-02T12:02:19.449229,2,1,113.15,0.5,112.9,100,112.7,1,,,,,,,,,,,,,,,,,113.4,100,,,,,,,,,,,,,,,,,,
2026-07-02T12:02:19.504527+00:00,2026-07-02T12:02:19.504501,2,1,113.15,0.5,112.9,100,112.7,151,,,,,,,,,,,,,,,,,113.4,100,,,,,,,,,,,,,,,,,,
2026-07-02T12:02:19.558558+00:00,2026-07-02T12:02:19.555024,2,2,113.05,0.3,112.9,100,112.7,151,,,,,,,,,,,,,,,,,113.2,150,113.4,100,,,,,,,,,,,,,,,,
2026-07-02T12:02:19.619738+00:00,2026-07-02T12:02:19.619525,2,2,113.05,0.3,112.9,100,112.7,151,,,,,,,,,,,,,,,,,113.2,100,113.4,100,,,,,,,,,,,,,,,,
2026-07-02T12:02:19.791084+00:00,2026-07-02T12:02:19.791213,2,2,113.05,0.3,112.9,52,112.7,151,,,,,,,,,,,,,,,,,113.2,100,113.4,100,,,,,,,,,,,,,,,,
2026-07-02T12:02:20.626816+00:00,2026-07-02T12:02:20.626946,2,3,113.0,0.2,112.9,52,112.7,151,,,,,,,,,,,,,,,,,113.1,6,113.2,100,113.4,100,,,,,,,,,,,,,,
2026-07-02T12:02:20.699077+00:00,2026-07-02T12:02:20.699332,2,3,113.0,0.2,112.9,52,112.7,150,,,,,,,,,,,,,,,,,113.1,6,113.2,100,113.4,100,,,,,,,,,,,,,,
2026-07-02T12:02:21.042812+00:00,2026-07-02T12:02:21.042725,1,2,112.9,0.4,112.7,150,,,,,,,,,,,,,,,,,,,113.1,6,113.2,100,,,,,,,,,,,,,,,,
2026-07-02T12:02:21.091857+00:00,2026-07-02T12:02:21.091763,1,2,112.9,0.4,112.7,250,,,,,,,,,,,,,,,,,,,113.1,6,113.2,100,,,,,,,,,,,,,,,,
2026-07-02T12:02:21.144821+00:00,2026-07-02T12:02:21.144683,1,2,112.9,0.4,112.7,250,,,,,,,,,,,,,,,,,,,113.1,6,113.2,200,,,,,,,,,,,,,,,,
2026-07-02T12:02:21.727391+00:00,2026-07-02T12:02:21.727268,1,1,112.95,0.5,112.7,250,,,,,,,,,,,,,,,,,,,113.2,156,,,,,,,,,,,,,,,,,,
2026-07-02T12:02:22.611489+00:00,2026-07-02T12:02:22.611405,1,1,112.95,0.5,112.7,100,,,,,,,,,,,,,,,,,,,113.2,100,,,,,,,,,,,,,,,,,,
2026-07-02T12:02:22.656365+00:00,2026-07-02T12:02:22.656642,1,2,112.9,0.4,112.7,100,,,,,,,,,,,,,,,,,,,113.1,4,113.2,100,,,,,,,,,,,,,,,,
2026-07-02T12:02:22.668735+00:00,2026-07-02T12:02:22.668933,2,2,113.05,0.1,113.0,150,112.7,100,,,,,,,,,,,,,,,,,113.1,4,113.2,100,,,,,,,,,,,,,,,,
2026-07-02T12:02:22.678801+00:00,2026-07-02T12:02:22.672926,2,2,113.05,0.1,113.0,138,112.7,100,,,,,,,,,,,,,,,,,113.1,4,113.2,100,,,,,,,,,,,,,,,,
2026-07-02T12:02:22.721705+00:00,2026-07-02T12:02:22.721583,2,3,113.05,0.1,113.0,138,112.7,100,,,,,,,,,,,,,,,,,113.1,4,113.2,100,113.5,150,,,,,,,,,,,,,,
2026-07-02T12:02:23.630890+00:00,2026-07-02T12:02:23.630759,2,2,113.1,0.2,113.0,138,112.7,100,,,,,,,,,,,,,,,,,113.2,58,113.5,150,,,,,,,,,,,,,,,,
2026-07-02T12:02:23.682747+00:00,2026-07-02T12:02:23.682556,2,3,113.05,0.1,113.0,138,112.7,100,,,,,,,,,,,,,,,,,113.1,5,113.2,58,113.5,150,,,,,,,,,,,,,,
2026-07-02T12:02:23.722022+00:00,2026-07-02T12:02:23.722254,3,3,113.05,0.1,113.0,138,112.8,2,112.7,100,,,,,,,,,,,,,,,113.1,5,113.2,58,113.5,150,,,,,,,,,,,,,,
2026-07-02T12:02:23.834003+00:00,2026-07-02T12:02:23.833861,3,2,113.1,0.2,113.0,138,112.8,2,112.7,100,,,,,,,,,,,,,,,113.2,13,113.5,150,,,,,,,,,,,,,,,,
2026-07-02T12:02:24.200768+00:00,2026-07-02T12:02:24.200956,2,1,113.25,0.5,113.0,138,112.8,2,,,,,,,,,,,,,,,,,113.5,150,,,,,,,,,,,,,,,,,,
2026-07-02T12:02:24.258621+00:00,2026-07-02T12:02:24.255879,2,2,113.1,0.2,113.0,238,112.8,2,,,,,,,,,,,,,,,,,113.2,4,113.5,150,,,,,,,,,,,,,,,,
2026-07-02T12:02:24.308465+00:00,2026-07-02T12:02:24.308422,2,2,113.1,0.2,113.0,238,112.8,2,,,,,,,,,,,,,,,,,113.2,4,113.5,250,,,,,,,,,,,,,,,,
2026-07-02T12:02:24.672029+00:00,2026-07-02T12:02:24.671900,2,2,113.1,0.2,113.0,238,112.8,1,,,,,,,,,,,,,,,,,113.2,4,113.5,250,,,,,,,,,,,,,,,,
2026-07-02T12:02:25.253184+00:00,2026-07-02T12:02:25.256864,2,2,113.1,0.2,113.0,194,112.8,1,,,,,,,,,,,,,,,,,113.2,4,113.5,250,,,,,,,,,,,,,,,,
2026-07-02T12:02:25.795063+00:00,2026-07-02T12:02:25.795231,2,2,113.1,0.2,113.0,100,112.8,1,,,,,,,,,,,,,,,,,113.2,4,113.5,100,,,,,,,,,,,,,,,,
2026-07-02T12:02:25.800668+00:00,2026-07-02T12:02:25.800530,1,2,113.1,0.2,113.0,100,,,,,,,,,,,,,,,,,,,113.2,4,113.5,100,,,,,,,,,,,,,,,,
2026-07-02T12:02:25.855498+00:00,2026-07-02T12:02:25.855388,2,2,113.1,0.2,113.0,100,112.8,150,,,,,,,,,,,,,,,,,113.2,4,113.5,100,,,,,,,,,,,,,,,,
2026-07-02T12:02:25.904118+00:00,2026-07-02T12:02:25.904029,2,3,113.1,0.2,113.0,100,112.8,150,,,,,,,,,,,,,,,,,113.2,4,113.3,150,113.5,100,,,,,,,,,,,,,,
2026-07-02T12:02:25.942713+00:00,2026-07-02T12:02:25.942585,2,2,113.15,0.3,113.0,100,112.8,150,,,,,,,,,,,,,,,,,113.3,104,113.5,100,,,,,,,,,,,,,,,,
2026-07-02T12:02:26.237839+00:00,2026-07-02T12:02:26.238013,2,2,113.15,0.3,113.0,52,112.8,150,,,,,,,,,,,,,,,,,113.3,104,113.5,100,,,,,,,,,,,,,,,,
2026-07-02T12:02:26.437354+00:00,2026-07-02T12:02:26.437275,2,2,113.15,0.3,113.0,51,112.8,150,,,,,,,,,,,,,,,,,113.3,104,113.5,100,,,,,,,,,,,,,,,,
2026-07-02T12:02:27.358608+00:00,2026-07-02T12:02:27.357289,1,1,113.05,0.5,112.8,150,,,,,,,,,,,,,,,,,,,113.3,104,,,,,,,,,,,,,,,,,,
2026-07-02T12:02:27.415859+00:00,2026-07-02T12:02:27.415772,2,1,113.15,0.3,113.0,100,112.8,150,,,,,,,,,,,,,,,,,113.3,104,,,,,,,,,,,,,,,,,,
2026-07-02T12:02:27.468366+00:00,2026-07-02T12:02:27.468229,2,2,113.15,0.3,113.0,100,112.8,150,,,,,,,,,,,,,,,,,113.3,104,113.5,100,,,,,,,,,,,,,,,,
2026-07-02T12:02:27.679146+00:00,2026-07-02T12:02:27.679305,2,3,113.1,0.2,113.0,100,112.8,150,,,,,,,,,,,,,,,,,113.2,6,113.3,104,113.5,100,,,,,,,,,,,,,,
2026-07-02T12:02:28.050454+00:00,2026-07-02T12:02:28.050424,2,2,113.15,0.3,113.0,100,112.8,150,,,,,,,,,,,,,,,,,113.3,60,113.5,100,,,,,,,,,,,,,,,,
2026-07-02T12:02:28.074167+00:00,2026-07-02T12:02:28.074033,2,3,113.1,0.2,113.0,100,112.8,150,,,,,,,,,,,,,,,,,113.2,6,113.3,60,113.5,100,,,,,,,,,,,,,,
2026-07-02T12:02:28.800523+00:00,2026-07-02T12:02:28.800426,2,2,113.15,0.3,113.0,100,112.8,150,,,,,,,,,,,,,,,,,113.3,60,113.5,100,,,,,,,,,,,,,,,,
2026-07-02T12:02:28.958644+00:00,2026-07-02T12:02:28.957380,1,1,113.25,0.5,113.0,100,,,,,,,,,,,,,,,,,,,113.5,100,,,,,,,,,,,,,,,,,,
2026-07-02T12:02:29.022964+00:00,2026-07-02T12:02:29.014997,2,1,113.4,0.2,113.3,139,113.0,100,,,,,,,,,,,,,,,,,113.5,100,,,,,,,,,,,,,,,,,,
2026-07-02T12:02:29.064697+00:00,2026-07-02T12:02:29.064792,2,2,113.4,0.2,113.3,139,113.0,100,,,,,,,,,,,,,,,,,113.5,100,113.8,150,,,,,,,,,,,,,,,,
2026-07-02T12:02:30.167702+00:00,2026-07-02T12:02:30.149447,2,2,113.4,0.2,113.3,139,113.0,100,,,,,,,,,,,,,,,,,113.5,50,113.8,150,,,,,,,,,,,,,,,,
2026-07-02T12:02:30.262023+00:00,2026-07-02T12:02:30.256327,2,2,113.4,0.2,113.3,127,113.0,100,,,,,,,,,,,,,,,,,113.5,50,113.8,150,,,,,,,,,,,,,,,,
2026-07-02T12:02:30.521812+00:00,2026-07-02T12:02:30.521986,1,1,113.55,0.5,113.3,127,,,,,,,,,,,,,,,,,,,113.8,150,,,,,,,,,,,,,,,,,,
2026-07-02T12:02:30.574467+00:00,2026-07-02T12:02:30.574532,2,1,113.55,0.5,113.3,127,113.1,100,,,,,,,,,,,,,,,,,113.8,150,,,,,,,,,,,,,,,,,,
2026-07-02T12:02:30.642523+00:00,2026-07-02T12:02:30.642665,2,2,113.45,0.3,113.3,127,113.1,100,,,,,,,,,,,,,,,,,113.6,100,113.8,150,,,,,,,,,,,,,,,,
2026-07-02T12:02:31.574138+00:00,2026-07-02T12:02:31.574086,2,2,113.45,0.3,113.3,123,113.1,100,,,,,,,,,,,,,,,,,113.6,100,113.8,150,,,,,,,,,,,,,,,,
2026-07-02T12:02:32.120926+00:00,2026-07-02T12:02:32.120871,1,1,113.35,0.5,113.1,100,,,,,,,,,,,,,,,,,,,113.6,100,,,,,,,,,,,,,,,,,,
2026-07-02T12:02:32.174485+00:00,2026-07-02T12:02:32.174371,1,1,113.35,0.5,113.1,250,,,,,,,,,,,,,,,,,,,113.6,100,,,,,,,,,,,,,,,,,,
2026-07-02T12:02:32.229334+00:00,2026-07-02T12:02:32.229254,1,1,113.35,0.5,113.1,250,,,,,,,,,,,,,,,,,,,113.6,250,,,,,,,,,,,,,,,,,,
2026-07-02T12:02:32.264656+00:00,2026-07-02T12:02:32.264613,1,1,113.35,0.5,113.1,250,,,,,,,,,,,,,,,,,,,113.6,200,,,,,,,,,,,,,,,,,,
2026-07-02T12:02:33.695604+00:00,2026-07-02T12:02:33.695498,1,1,113.35,0.5,113.1,150,,,,,,,,,,,,,,,,,,,113.6,150,,,,,,,,,,,,,,,,,,
2026-07-02T12:02:33.730379+00:00,2026-07-02T12:02:33.730218,1,1,113.35,0.5,113.1,150,,,,,,,,,,,,,,,,,,,113.6,105,,,,,,,,,,,,,,,,,,
2026-07-02T12:02:33.735506+00:00,2026-07-02T12:02:33.735460,1,1,113.35,0.5,113.1,150,,,,,,,,,,,,,,,,,,,113.6,133,,,,,,,,,,,,,,,,,,
2026-07-02T12:02:33.751249+00:00,2026-07-02T12:02:33.751146,1,1,113.35,0.5,113.1,250,,,,,,,,,,,,,,,,,,,113.6,133,,,,,,,,,,,,,,,,,,
2026-07-02T12:02:33.808860+00:00,2026-07-02T12:02:33.808632,1,1,113.35,0.5,113.1,250,,,,,,,,,,,,,,,,,,,113.6,233,,,,,,,,,,,,,,,,,,
2026-07-02T12:02:33.833017+00:00,2026-07-02T12:02:33.832921,1,1,113.35,0.5,113.1,250,,,,,,,,,,,,,,,,,,,113.6,216,,,,,,,,,,,,,,,,,,
2026-07-02T12:02:33.858635+00:00,2026-07-02T12:02:33.855175,1,1,113.35,0.5,113.1,250,,,,,,,,,,,,,,,,,,,113.6,214,,,,,,,,,,,,,,,,,,
2026-07-02T12:02:34.280045+00:00,2026-07-02T12:02:34.280165,1,1,113.35,0.5,113.1,208,,,,,,,,,,,,,,,,,,,113.6,214,,,,,,,,,,,,,,,,,,
2026-07-02T12:02:34.374451+00:00,2026-07-02T12:02:34.374388,1,1,113.35,0.5,113.1,208,,,,,,,,,,,,,,,,,,,113.6,164,,,,,,,,,,,,,,,,,,
2026-07-02T12:02:34.677029+00:00,2026-07-02T12:02:34.676928,1,1,113.35,0.5,113.1,208,,,,,,,,,,,,,,,,,,,113.6,162,,,,,,,,,,,,,,,,,,
2026-07-02T12:02:34.826129+00:00,2026-07-02T12:02:34.826064,1,1,113.35,0.5,113.1,204,,,,,,,,,,,,,,,,,,,113.6,162,,,,,,,,,,,,,,,,,,
2026-07-02T12:02:35.279642+00:00,2026-07-02T12:02:35.279528,1,1,113.35,0.5,113.1,100,,,,,,,,,,,,,,,,,,,113.6,107,,,,,,,,,,,,,,,,,,
2026-07-02T12:02:35.341269+00:00,2026-07-02T12:02:35.341198,2,1,113.35,0.5,113.1,100,113.0,150,,,,,,,,,,,,,,,,,113.6,107,,,,,,,,,,,,,,,,,,
2026-07-02T12:02:35.390298+00:00,2026-07-02T12:02:35.390165,2,2,113.3,0.4,113.1,100,113.0,150,,,,,,,,,,,,,,,,,113.5,150,113.6,107,,,,,,,,,,,,,,,,
2026-07-02T12:02:36.532026+00:00,2026-07-02T12:02:36.531905,2,2,113.3,0.4,113.1,50,113.0,150,,,,,,,,,,,,,,,,,113.5,150,113.6,107,,,,,,,,,,,,,,,,
2026-07-02T12:02:36.828748+00:00,2026-07-02T12:02:36.828676,2,2,113.3,0.4,113.1,50,113.0,150,,,,,,,,,,,,,,,,,113.5,150,113.6,104,,,,,,,,,,,,,,,,
2026-07-02T12:02:36.852245+00:00,2026-07-02T12:02:36.854654,1,2,113.25,0.5,113.0,150,,,,,,,,,,,,,,,,,,,113.5,150,113.6,4,,,,,,,,,,,,,,,,
2026-07-02T12:02:36.915961+00:00,2026-07-02T12:02:36.916080,2,2,113.25,0.5,113.0,150,112.8,100,,,,,,,,,,,,,,,,,113.5,150,113.6,4,,,,,,,,,,,,,,,,
2026-07-02T12:02:36.969477+00:00,2026-07-02T12:02:36.969391,2,3,113.15,0.3,113.0,150,112.8,100,,,,,,,,,,,,,,,,,113.3,100,113.5,150,113.6,4,,,,,,,,,,,,,,
2026-07-02T12:02:37.814173+00:00,2026-07-02T12:02:37.814357,2,3,113.15,0.3,113.0,150,112.8,100,,,,,,,,,,,,,,,,,113.3,100,113.5,150,113.6,2,,,,,,,,,,,,,,
2026-07-02T12:02:38.074739+00:00,2026-07-02T12:02:38.074608,2,3,113.15,0.3,113.0,146,112.8,100,,,,,,,,,,,,,,,,,113.3,100,113.5,150,113.6,2,,,,,,,,,,,,,,
2026-07-02T12:02:38.447627+00:00,2026-07-02T12:02:38.447553,1,2,113.05,0.5,112.8,100,,,,,,,,,,,,,,,,,,,113.3,100,113.6,2,,,,,,,,,,,,,,,,
2026-07-02T12:02:38.502877+00:00,2026-07-02T12:02:38.502822,2,2,113.2,0.2,113.1,150,112.8,100,,,,,,,,,,,,,,,,,113.3,100,113.6,2,,,,,,,,,,,,,,,,
2026-07-02T12:02:38.563981+00:00,2026-07-02T12:02:38.563766,2,2,113.2,0.2,113.1,150,112.8,100,,,,,,,,,,,,,,,,,113.3,100,113.6,152,,,,,,,,,,,,,,,,
2026-07-02T12:02:38.642915+00:00,2026-07-02T12:02:38.642827,2,2,113.2,0.2,113.1,100,112.8,100,,,,,,,,,,,,,,,,,113.3,100,113.6,152,,,,,,,,,,,,,,,,
2026-07-02T12:02:38.828540+00:00,2026-07-02T12:02:38.828374,2,2,113.2,0.2,113.1,100,112.8,100,,,,,,,,,,,,,,,,,113.3,100,113.6,151,,,,,,,,,,,,,,,,
2026-07-02T12:02:40.028820+00:00,2026-07-02T12:02:40.028716,1,1,113.35,0.5,113.1,100,,,,,,,,,,,,,,,,,,,113.6,151,,,,,,,,,,,,,,,,,,
2026-07-02T12:02:40.084272+00:00,2026-07-02T12:02:40.084377,2,1,113.35,0.5,113.1,100,112.9,100,,,,,,,,,,,,,,,,,113.6,151,,,,,,,,,,,,,,,,,,
2026-07-02T12:02:40.137843+00:00,2026-07-02T12:02:40.137733,2,2,113.25,0.3,113.1,100,112.9,100,,,,,,,,,,,,,,,,,113.4,100,113.6,151,,,,,,,,,,,,,,,,
2026-07-02T12:02:40.750881+00:00,2026-07-02T12:02:40.750846,2,2,113.25,0.3,113.1,50,112.9,100,,,,,,,,,,,,,,,,,113.4,100,113.6,151,,,,,,,,,,,,,,,,
2026-07-02T12:02:41.350637+00:00,2026-07-02T12:02:41.350557,2,2,113.25,0.3,113.1,46,112.9,100,,,,,,,,,,,,,,,,,113.4,100,113.6,151,,,,,,,,,,,,,,,,
2026-07-02T12:02:41.621177+00:00,2026-07-02T12:02:41.621080,1,2,113.15,0.5,112.9,100,,,,,,,,,,,,,,,,,,,113.4,100,113.6,1,,,,,,,,,,,,,,,,
2026-07-02T12:02:41.675823+00:00,2026-07-02T12:02:41.675738,2,2,113.15,0.5,112.9,100,112.7,150,,,,,,,,,,,,,,,,,113.4,100,113.6,1,,,,,,,,,,,,,,,,
2026-07-02T12:02:41.731838+00:00,2026-07-02T12:02:41.731763,2,3,113.05,0.3,112.9,100,112.7,150,,,,,,,,,,,,,,,,,113.2,150,113.4,100,113.6,1,,,,,,,,,,,,,,
2026-07-02T12:02:42.858578+00:00,2026-07-02T12:02:42.855525,2,3,113.05,0.3,112.9,50,112.7,150,,,,,,,,,,,,,,,,,113.2,150,113.4,100,113.6,1,,,,,,,,,,,,,,
2026-07-02T12:02:43.191606+00:00,2026-07-02T12:02:43.191470,2,2,113.05,0.3,112.9,50,112.7,150,,,,,,,,,,,,,,,,,113.2,150,113.6,1,,,,,,,,,,,,,,,,
2026-07-02T12:02:43.196788+00:00,2026-07-02T12:02:43.196643,1,2,112.95,0.5,112.7,150,,,,,,,,,,,,,,,,,,,113.2,150,113.6,1,,,,,,,,,,,,,,,,
2026-07-02T12:02:43.245381+00:00,2026-07-02T12:02:43.245219,1,2,112.95,0.5,112.7,250,,,,,,,,,,,,,,,,,,,113.2,150,113.6,1,,,,,,,,,,,,,,,,
2026-07-02T12:02:43.250607+00:00,2026-07-02T12:02:43.250442,1,1,112.95,0.5,112.7,250,,,,,,,,,,,,,,,,,,,113.2,150,,,,,,,,,,,,,,,,,,
2026-07-02T12:02:43.298160+00:00,2026-07-02T12:02:43.298050,1,1,112.95,0.5,112.7,250,,,,,,,,,,,,,,,,,,,113.2,250,,,,,,,,,,,,,,,,,,
2026-07-02T12:02:44.786163+00:00,2026-07-02T12:02:44.786057,1,1,112.95,0.5,112.7,100,,,,,,,,,,,,,,,,,,,113.2,100,,,,,,,,,,,,,,,,,,
2026-07-02T12:02:44.839484+00:00,2026-07-02T12:02:44.839620,1,1,112.95,0.5,112.7,250,,,,,,,,,,,,,,,,,,,113.2,100,,,,,,,,,,,,,,,,,,
2026-07-02T12:02:44.892370+00:00,2026-07-02T12:02:44.892174,1,1,112.95,0.5,112.7,250,,,,,,,,,,,,,,,,,,,113.2,250,,,,,,,,,,,,,,,,,,
2026-07-02T12:02:44.968213+00:00,2026-07-02T12:02:44.968081,1,1,112.95,0.5,112.7,200,,,,,,,,,,,,,,,,,,,113.2,250,,,,,,,,,,,,,,,,,,
2026-07-02T12:02:44.978883+00:00,2026-07-02T12:02:44.978688,2,2,113.15,0.1,113.1,3,112.7,200,,,,,,,,,,,,,,,,,113.2,250,113.4,3,,,,,,,,,,,,,,,,
2026-07-02T12:02:45.080565+00:00,2026-07-02T12:02:45.080395,1,2,112.95,0.5,112.7,200,,,,,,,,,,,,,,,,,,,113.2,250,113.4,3,,,,,,,,,,,,,,,,
2026-07-02T12:02:45.188589+00:00,2026-07-02T12:02:45.188561,2,2,113.15,0.1,113.1,2,112.7,200,,,,,,,,,,,,,,,,,113.2,250,113.4,3,,,,,,,,,,,,,,,,
2026-07-02T12:02:45.289068+00:00,2026-07-02T12:02:45.289002,1,2,112.95,0.5,112.7,200,,,,,,,,,,,,,,,,,,,113.2,250,113.4,3,,,,,,,,,,,,,,,,
2026-07-02T12:02:45.987194+00:00,2026-07-02T12:02:45.987111,2,2,113.15,0.1,113.1,3,112.7,200,,,,,,,,,,,,,,,,,113.2,250,113.4,3,,,,,,,,,,,,,,,,
2026-07-02T12:02:46.353336+00:00,2026-07-02T12:02:46.353462,2,2,113.15,0.1,113.1,3,112.7,150,,,,,,,,,,,,,,,,,113.2,150,113.4,3,,,,,,,,,,,,,,,,
2026-07-02T12:02:46.407246+00:00,2026-07-02T12:02:46.407067,3,2,113.15,0.1,113.1,3,112.7,150,112.6,100,,,,,,,,,,,,,,,113.2,150,113.4,3,,,,,,,,,,,,,,,,
2026-07-02T12:02:46.458590+00:00,2026-07-02T12:02:46.456252,2,3,112.9,0.4,112.7,150,112.6,100,,,,,,,,,,,,,,,,,113.1,97,113.2,150,113.4,3,,,,,,,,,,,,,,
2026-07-02T12:02:46.515724+00:00,2026-07-02T12:02:46.515685,2,3,112.9,0.4,112.7,150,112.6,100,,,,,,,,,,,,,,,,,113.1,94,113.2,150,113.4,3,,,,,,,,,,,,,,
2026-07-02T12:02:46.549116+00:00,2026-07-02T12:02:46.549074,2,3,112.9,0.4,112.7,150,112.6,100,,,,,,,,,,,,,,,,,113.1,91,113.2,150,113.4,3,,,,,,,,,,,,,,
2026-07-02T12:02:46.614374+00:00,2026-07-02T12:02:46.614224,2,3,112.9,0.4,112.7,150,112.6,100,,,,,,,,,,,,,,,,,113.1,88,113.2,150,113.4,3,,,,,,,,,,,,,,
2026-07-02T12:02:46.710987+00:00,2026-07-02T12:02:46.710764,2,3,112.9,0.4,112.7,150,112.6,100,,,,,,,,,,,,,,,,,113.1,86,113.2,150,113.4,3,,,,,,,,,,,,,,
2026-07-02T12:02:47.075207+00:00,2026-07-02T12:02:47.075085,2,3,112.9,0.4,112.7,100,112.6,100,,,,,,,,,,,,,,,,,113.1,86,113.2,150,113.4,3,,,,,,,,,,,,,,
2026-07-02T12:02:47.946020+00:00,2026-07-02T12:02:47.946200,1,2,112.85,0.5,112.6,100,,,,,,,,,,,,,,,,,,,113.1,86,113.4,3,,,,,,,,,,,,,,,,
2026-07-02T12:02:47.998502+00:00,2026-07-02T12:02:47.998468,2,2,112.85,0.5,112.6,100,112.5,150,,,,,,,,,,,,,,,,,113.1,86,113.4,3,,,,,,,,,,,,,,,,
2026-07-02T12:02:48.052728+00:00,2026-07-02T12:02:48.052629,2,3,112.8,0.4,112.6,100,112.5,150,,,,,,,,,,,,,,,,,113.0,150,113.1,86,113.4,3,,,,,,,,,,,,,,
2026-07-02T12:02:49.521023+00:00,2026-07-02T12:02:49.521162,1,2,112.75,0.5,112.5,150,,,,,,,,,,,,,,,,,,,113.0,150,113.4,3,,,,,,,,,,,,,,,,
2026-07-02T12:02:49.577566+00:00,2026-07-02T12:02:49.577695,1,2,112.75,0.5,112.5,250,,,,,,,,,,,,,,,,,,,113.0,150,113.4,3,,,,,,,,,,,,,,,,
2026-07-02T12:02:49.630639+00:00,2026-07-02T12:02:49.630519,1,2,112.75,0.5,112.5,250,,,,,,,,,,,,,,,,,,,113.0,250,113.4,3,,,,,,,,,,,,,,,,
2026-07-02T12:02:50.892280+00:00,2026-07-02T12:02:50.892142,1,1,112.75,0.5,112.5,250,,,,,,,,,,,,,,,,,,,113.0,250,,,,,,,,,,,,,,,,,,
2026-07-02T12:02:51.103619+00:00,2026-07-02T12:02:51.103467,1,1,112.75,0.5,112.5,100,,,,,,,,,,,,,,,,,,,113.0,100,,,,,,,,,,,,,,,,,,
2026-07-02T12:02:51.158580+00:00,2026-07-02T12:02:51.156674,1,1,112.75,0.5,112.5,250,,,,,,,,,,,,,,,,,,,113.0,100,,,,,,,,,,,,,,,,,,
2026-07-02T12:02:51.218769+00:00,2026-07-02T12:02:51.218654,1,1,112.75,0.5,112.5,250,,,,,,,,,,,,,,,,,,,113.0,250,,,,,,,,,,,,,,,,,,
2026-07-02T12:02:51.288755+00:00,2026-07-02T12:02:51.288649,1,1,112.75,0.5,112.5,200,,,,,,,,,,,,,,,,,,,113.0,250,,,,,,,,,,,,,,,,,,
2026-07-02T12:02:51.931799+00:00,2026-07-02T12:02:51.931721,1,2,112.75,0.5,112.5,200,,,,,,,,,,,,,,,,,,,113.0,250,113.2,6,,,,,,,,,,,,,,,,
2026-07-02T12:02:52.684771+00:00,2026-07-02T12:02:52.684669,1,2,112.75,0.5,112.5,150,,,,,,,,,,,,,,,,,,,113.0,150,113.2,6,,,,,,,,,,,,,,,,
2026-07-02T12:02:52.737791+00:00,2026-07-02T12:02:52.737943,2,2,112.75,0.5,112.5,150,112.4,100,,,,,,,,,,,,,,,,,113.0,150,113.2,6,,,,,,,,,,,,,,,,
2026-07-02T12:02:52.790116+00:00,2026-07-02T12:02:52.790059,2,3,112.7,0.4,112.5,150,112.4,100,,,,,,,,,,,,,,,,,112.9,100,113.0,150,113.2,6,,,,,,,,,,,,,,
2026-07-02T12:02:53.393735+00:00,2026-07-02T12:02:53.393624,2,3,112.7,0.4,112.5,100,112.4,100,,,,,,,,,,,,,,,,,112.9,100,113.0,150,113.2,6,,,,,,,,,,,,,,
2026-07-02T12:02:53.978731+00:00,2026-07-02T12:02:53.978681,2,3,112.7,0.4,112.5,100,112.4,100,,,,,,,,,,,,,,,,,112.9,100,113.0,150,113.2,5,,,,,,,,,,,,,,
2026-07-02T12:02:54.269620+00:00,2026-07-02T12:02:54.269482,1,2,112.65,0.5,112.4,100,,,,,,,,,,,,,,,,,,,112.9,100,113.2,5,,,,,,,,,,,,,,,,
2026-07-02T12:02:54.321982+00:00,2026-07-02T12:02:54.322164,2,2,112.65,0.5,112.4,100,112.2,150,,,,,,,,,,,,,,,,,112.9,100,113.2,5,,,,,,,,,,,,,,,,
2026-07-02T12:02:54.386567+00:00,2026-07-02T12:02:54.380383,2,3,112.55,0.3,112.4,100,112.2,150,,,,,,,,,,,,,,,,,112.7,138,112.9,100,113.2,5,,,,,,,,,,,,,,
2026-07-02T12:02:55.521151+00:00,2026-07-02T12:02:55.521005,2,3,112.55,0.3,112.4,50,112.2,150,,,,,,,,,,,,,,,,,112.7,138,112.9,100,113.2,5,,,,,,,,,,,,,,
2026-07-02T12:02:55.843456+00:00,2026-07-02T12:02:55.843353,1,2,112.45,0.5,112.2,150,,,,,,,,,,,,,,,,,,,112.7,138,113.2,5,,,,,,,,,,,,,,,,
2026-07-02T12:02:55.895666+00:00,2026-07-02T12:02:55.895523,1,2,112.45,0.5,112.2,250,,,,,,,,,,,,,,,,,,,112.7,138,113.2,5,,,,,,,,,,,,,,,,
2026-07-02T12:02:55.944863+00:00,2026-07-02T12:02:55.944749,1,2,112.45,0.5,112.2,250,,,,,,,,,,,,,,,,,,,112.7,238,113.2,5,,,,,,,,,,,,,,,,
2026-07-02T12:02:57.430990+00:00,2026-07-02T12:02:57.430915,1,1,112.45,0.5,112.2,100,,,,,,,,,,,,,,,,,,,112.7,100,,,,,,,,,,,,,,,,,,
2026-07-02T12:02:57.436015+00:00,2026-07-02T12:02:57.436101,1,2,112.45,0.5,112.2,100,,,,,,,,,,,,,,,,,,,112.7,100,113.0,7,,,,,,,,,,,,,,,,
2026-07-02T12:02:57.483322+00:00,2026-07-02T12:02:57.483269,1,2,112.45,0.5,112.2,250,,,,,,,,,,,,,,,,,,,112.7,100,113.0,7,,,,,,,,,,,,,,,,
2026-07-02T12:02:57.537404+00:00,2026-07-02T12:02:57.537343,1,2,112.45,0.5,112.2,250,,,,,,,,,,,,,,,,,,,112.7,250,113.0,7,,,,,,,,,,,,,,,,
2026-07-02T12:02:57.626165+00:00,2026-07-02T12:02:57.626027,1,2,112.45,0.5,112.2,200,,,,,,,,,,,,,,,,,,,112.7,250,113.0,7,,,,,,,,,,,,,,,,
2026-07-02T12:02:59.001501+00:00,2026-07-02T12:02:59.001431,1,2,112.45,0.5,112.2,150,,,,,,,,,,,,,,,,,,,112.7,150,113.0,7,,,,,,,,,,,,,,,,
2026-07-02T12:02:59.063661+00:00,2026-07-02T12:02:59.063810,2,2,112.45,0.5,112.2,150,112.0,100,,,,,,,,,,,,,,,,,112.7,150,113.0,7,,,,,,,,,,,,,,,,
2026-07-02T12:02:59.146101+00:00,2026-07-02T12:02:59.120289,2,3,112.35,0.3,112.2,150,112.0,100,,,,,,,,,,,,,,,,,112.5,89,112.7,150,113.0,7,,,,,,,,,,,,,,
2026-07-02T12:02:59.159473+00:00,2026-07-02T12:02:59.154480,2,3,112.35,0.3,112.2,150,112.0,100,,,,,,,,,,,,,,,,,112.5,77,112.7,150,113.0,7,,,,,,,,,,,,,,
2026-07-02T12:02:59.773989+00:00,2026-07-02T12:02:59.774099,2,3,112.35,0.3,112.2,100,112.0,100,,,,,,,,,,,,,,,,,112.5,77,112.7,150,113.0,7,,,,,,,,,,,,,,
2026-07-02T12:02:59.997068+00:00,2026-07-02T12:02:59.996924,2,3,112.35,0.3,112.2,100,112.0,100,,,,,,,,,,,,,,,,,112.5,77,112.7,150,113.0,3,,,,,,,,,,,,,,
2026-07-02T12:03:00.420232+00:00,2026-07-02T12:03:00.420108,2,3,112.35,0.3,112.2,100,112.0,100,,,,,,,,,,,,,,,,,112.5,29,112.7,150,113.0,3,,,,,,,,,,,,,,
2026-07-02T12:03:00.442919+00:00,2026-07-02T12:03:00.429118,2,3,112.35,0.3,112.2,100,112.0,100,,,,,,,,,,,,,,,,,112.5,18,112.7,150,113.0,3,,,,,,,,,,,,,,
2026-07-02T12:03:00.590494+00:00,2026-07-02T12:03:00.590626,1,2,112.25,0.5,112.0,100,,,,,,,,,,,,,,,,,,,112.5,18,113.0,3,,,,,,,,,,,,,,,,
2026-07-02T12:03:00.644990+00:00,2026-07-02T12:03:00.644868,2,2,112.3,0.4,112.1,150,112.0,100,,,,,,,,,,,,,,,,,112.5,18,113.0,3,,,,,,,,,,,,,,,,
2026-07-02T12:03:00.697153+00:00,2026-07-02T12:03:00.697015,2,3,112.3,0.4,112.1,150,112.0,100,,,,,,,,,,,,,,,,,112.5,18,112.6,150,113.0,3,,,,,,,,,,,,,,
2026-07-02T12:03:01.748439+00:00,2026-07-02T12:03:01.742590,2,3,112.3,0.4,112.1,150,112.0,100,,,,,,,,,,,,,,,,,112.5,15,112.6,150,113.0,3,,,,,,,,,,,,,,
2026-07-02T12:03:01.881588+00:00,2026-07-02T12:03:01.881554,2,3,112.3,0.4,112.1,100,112.0,100,,,,,,,,,,,,,,,,,112.5,15,112.6,150,113.0,3,,,,,,,,,,,,,,
2026-07-02T12:03:02.177382+00:00,2026-07-02T12:03:02.177223,1,2,112.35,0.5,112.1,100,,,,,,,,,,,,,,,,,,,112.6,150,113.0,3,,,,,,,,,,,,,,,,
2026-07-02T12:03:02.232284+00:00,2026-07-02T12:03:02.232160,2,2,112.5,0.2,112.4,100,112.1,100,,,,,,,,,,,,,,,,,112.6,150,113.0,3,,,,,,,,,,,,,,,,
