recv_time,book_timestamp,n_bids,n_asks,mid,spread,bid_px_0,bid_vol_0,bid_px_1,bid_vol_1,bid_px_2,bid_vol_2,bid_px_3,bid_vol_3,bid_px_4,bid_vol_4,bid_px_5,bid_vol_5,bid_px_6,bid_vol_6,bid_px_7,bid_vol_7,bid_px_8,bid_vol_8,bid_px_9,bid_vol_9,ask_px_0,ask_vol_0,ask_px_1,ask_vol_1,ask_px_2,ask_vol_2,ask_px_3,ask_vol_3,ask_px_4,ask_vol_4,ask_px_5,ask_vol_5,ask_px_6,ask_vol_6,ask_px_7,ask_vol_7,ask_px_8,ask_vol_8,ask_px_9,ask_vol_9
2026-06-29T00:00:00.121387+00:00,2026-06-29T10:00:00.116387,2,2,99.2,0.4,99.0,100,98.9,100,,,,,,,,,,,,,,,,,99.4,100,99.5,150,,,,,,,,,,,,,,,,
2026-06-29T00:00:01.320387+00:00,2026-06-29T10:00:01.314387,2,2,99.2,0.4,99.0,52,98.9,100,,,,,,,,,,,,,,,,,99.4,100,99.5,150,,,,,,,,,,,,,,,,
2026-06-29T00:00:02.266244+00:00,2026-06-29T10:00:02.258244,1,1,99.15,0.5,98.9,100,,,,,,,,,,,,,,,,,,,99.4,100,,,,,,,,,,,,,,,,,,
2026-06-29T00:00:02.321243+00:00,2026-06-29T10:00:02.313244,2,1,99.15,0.5,98.9,100,98.5,150,,,,,,,,,,,,,,,,,99.4,100,,,,,,,,,,,,,,,,,,
2026-06-29T00:00:02.376244+00:00,2026-06-29T10:00:02.365244,2,2,98.95,0.1,98.9,100,98.5,150,,,,,,,,,,,,,,,,,99.0,150,99.4,100,,,,,,,,,,,,,,,,
2026-06-29T00:00:02.585244+00:00,2026-06-29T10:00:02.583244,1,1,98.75,0.5,98.5,150,,,,,,,,,,,,,,,,,,,99.0,150,,,,,,,,,,,,,,,,,,
2026-06-29T00:00:02.640244+00:00,2026-06-29T10:00:02.637244,2,1,98.85,0.3,98.7,100,98.5,150,,,,,,,,,,,,,,,,,99.0,150,,,,,,,,,,,,,,,,,,
2026-06-29T00:00:02.695244+00:00,2026-06-29T10:00:02.692243,2,2,98.85,0.3,98.7,100,98.5,150,,,,,,,,,,,,,,,,,99.0,150,99.2,100,,,,,,,,,,,,,,,,
2026-06-29T00:00:03.750803+00:00,2026-06-29T10:00:03.741803,2,2,98.85,0.3,98.7,100,98.5,150,,,,,,,,,,,,,,,,,99.0,154,99.2,100,,,,,,,,,,,,,,,,
2026-06-29T00:00:04.201823+00:00,2026-06-29T10:00:04.193814,2,2,98.85,0.3,98.7,102,98.5,150,,,,,,,,,,,,,,,,,99.0,154,99.2,100,,,,,,,,,,,,,,,,
2026-06-29T00:00:04.333814+00:00,2026-06-29T10:00:04.326814,2,2,98.85,0.3,98.7,52,98.5,150,,,,,,,,,,,,,,,,,99.0,154,99.2,100,,,,,,,,,,,,,,,,
2026-06-29T00:00:05.048814+00:00,2026-06-29T10:00:05.041814,2,2,98.85,0.3,98.7,50,98.5,150,,,,,,,,,,,,,,,,,99.0,154,99.2,100,,,,,,,,,,,,,,,,
2026-06-29T00:00:05.422814+00:00,2026-06-29T10:00:05.421814,1,2,98.85,0.3,98.7,50,,,,,,,,,,,,,,,,,,,99.0,4,99.2,100,,,,,,,,,,,,,,,,
2026-06-29T00:00:05.477823+00:00,2026-06-29T10:00:05.472823,1,2,98.85,0.3,98.7,200,,,,,,,,,,,,,,,,,,,99.0,4,99.2,100,,,,,,,,,,,,,,,,
2026-06-29T00:00:05.532814+00:00,2026-06-29T10:00:05.525814,1,2,98.85,0.3,98.7,200,,,,,,,,,,,,,,,,,,,99.0,4,99.2,250,,,,,,,,,,,,,,,,
2026-06-29T00:00:05.752814+00:00,2026-06-29T10:00:05.751814,1,2,98.85,0.3,98.7,150,,,,,,,,,,,,,,,,,,,99.0,4,99.2,150,,,,,,,,,,,,,,,,
2026-06-29T00:00:05.807814+00:00,2026-06-29T10:00:05.802814,2,2,98.9,0.2,98.8,100,98.7,150,,,,,,,,,,,,,,,,,99.0,4,99.2,150,,,,,,,,,,,,,,,,
2026-06-29T00:00:05.862814+00:00,2026-06-29T10:00:05.857814,2,3,98.9,0.2,98.8,100,98.7,150,,,,,,,,,,,,,,,,,99.0,4,99.2,150,99.3,100,,,,,,,,,,,,,,
2026-06-29T00:00:06.434826+00:00,2026-06-29T10:00:06.433826,2,3,98.9,0.2,98.8,50,98.7,150,,,,,,,,,,,,,,,,,99.0,4,99.2,150,99.3,100,,,,,,,,,,,,,,
2026-06-29T00:00:07.149825+00:00,2026-06-29T10:00:07.139826,2,2,99.0,0.4,98.8,50,98.7,150,,,,,,,,,,,,,,,,,99.2,112,99.3,100,,,,,,,,,,,,,,,,
2026-06-29T00:00:07.358826+00:00,2026-06-29T10:00:07.358826,2,3,98.9,0.2,98.8,50,98.7,150,,,,,,,,,,,,,,,,,99.0,5,99.2,112,99.3,100,,,,,,,,,,,,,,
2026-06-29T00:00:07.787826+00:00,2026-06-29T10:00:07.782826,2,3,98.9,0.2,98.8,4,98.7,150,,,,,,,,,,,,,,,,,99.0,5,99.2,112,99.3,100,,,,,,,,,,,,,,
2026-06-29T00:00:08.391417+00:00,2026-06-29T10:00:08.380417,2,3,98.9,0.2,98.8,4,98.7,150,,,,,,,,,,,,,,,,,99.0,3,99.2,112,99.3,100,,,,,,,,,,,,,,
2026-06-29T00:00:08.556408+00:00,2026-06-29T10:00:08.546409,1,3,98.85,0.3,98.7,104,,,,,,,,,,,,,,,,,,,99.0,3,99.2,112,99.3,100,,,,,,,,,,,,,,
2026-06-29T00:00:08.589408+00:00,2026-06-29T10:00:08.579409,0,2,,,,,,,,,,,,,,,,,,,,,,,99.0,3,99.3,100,,,,,,,,,,,,,,,,
2026-06-29T00:00:08.633408+00:00,2026-06-29T10:00:08.631408,1,2,98.8,0.4,98.6,150,,,,,,,,,,,,,,,,,,,99.0,3,99.3,100,,,,,,,,,,,,,,,,
2026-06-29T00:00:08.688409+00:00,2026-06-29T10:00:08.684408,1,3,98.8,0.4,98.6,150,,,,,,,,,,,,,,,,,,,99.0,3,99.1,150,99.3,100,,,,,,,,,,,,,,
2026-06-29T00:00:08.765408+00:00,2026-06-29T10:00:08.759408,1,3,98.8,0.4,98.6,150,,,,,,,,,,,,,,,,,,,99.0,2,99.1,150,99.3,100,,,,,,,,,,,,,,
2026-06-29T00:00:08.886408+00:00,2026-06-29T10:00:08.881409,1,2,98.85,0.5,98.6,150,,,,,,,,,,,,,,,,,,,99.1,111,99.3,100,,,,,,,,,,,,,,,,
2026-06-29T00:00:08.919408+00:00,2026-06-29T10:00:08.911408,1,1,98.85,0.5,98.6,150,,,,,,,,,,,,,,,,,,,99.1,111,,,,,,,,,,,,,,,,,,
2026-06-29T00:00:08.985409+00:00,2026-06-29T10:00:08.982408,2,1,98.85,0.5,98.6,150,98.5,100,,,,,,,,,,,,,,,,,99.1,111,,,,,,,,,,,,,,,,,,
2026-06-29T00:00:09.050923+00:00,2026-06-29T10:00:09.040924,2,2,98.8,0.4,98.6,150,98.5,100,,,,,,,,,,,,,,,,,99.0,100,99.1,111,,,,,,,,,,,,,,,,
2026-06-29T00:00:10.502933+00:00,2026-06-29T10:00:10.500933,2,2,98.8,0.4,98.6,150,98.5,100,,,,,,,,,,,,,,,,,99.0,59,99.1,111,,,,,,,,,,,,,,,,
2026-06-29T00:00:11.591933+00:00,2026-06-29T10:00:11.590932,2,2,98.8,0.4,98.6,101,98.5,100,,,,,,,,,,,,,,,,,99.0,59,99.1,111,,,,,,,,,,,,,,,,
2026-06-29T00:00:11.646933+00:00,2026-06-29T10:00:11.644933,3,2,98.85,0.3,98.7,6,98.6,101,98.5,100,,,,,,,,,,,,,,,99.0,59,99.1,111,,,,,,,,,,,,,,,,
2026-06-29T00:00:11.745932+00:00,2026-06-29T10:00:11.740933,2,1,98.85,0.3,98.7,6,98.5,100,,,,,,,,,,,,,,,,,99.0,59,,,,,,,,,,,,,,,,,,
2026-06-29T00:00:11.800932+00:00,2026-06-29T10:00:11.792933,3,1,98.85,0.3,98.7,6,98.5,100,98.3,150,,,,,,,,,,,,,,,99.0,59,,,,,,,,,,,,,,,,,,
2026-06-29T00:00:11.855933+00:00,2026-06-29T10:00:11.845933,3,2,98.75,0.1,98.7,6,98.5,100,98.3,150,,,,,,,,,,,,,,,98.8,150,99.0,59,,,,,,,,,,,,,,,,
2026-06-29T00:00:12.097953+00:00,2026-06-29T10:00:12.094953,2,1,98.75,0.1,98.7,6,98.3,150,,,,,,,,,,,,,,,,,98.8,150,,,,,,,,,,,,,,,,,,
2026-06-29T00:00:12.152953+00:00,2026-06-29T10:00:12.148953,2,1,98.75,0.1,98.7,3,98.3,250,,,,,,,,,,,,,,,,,98.8,150,,,,,,,,,,,,,,,,,,
2026-06-29T00:00:12.207953+00:00,2026-06-29T10:00:12.200953,2,1,98.75,0.1,98.7,3,98.3,250,,,,,,,,,,,,,,,,,98.8,250,,,,,,,,,,,,,,,,,,
2026-06-29T00:00:12.702953+00:00,2026-06-29T10:00:12.700953,2,1,98.75,0.1,98.7,3,98.3,250,,,,,,,,,,,,,,,,,98.8,200,,,,,,,,,,,,,,,,,,
2026-06-29T00:00:12.999953+00:00,2026-06-29T10:00:12.998953,2,1,98.75,0.1,98.7,3,98.3,250,,,,,,,,,,,,,,,,,98.8,155,,,,,,,,,,,,,,,,,,
2026-06-29T00:00:13.957037+00:00,2026-06-29T10:00:13.950037,1,2,98.55,0.5,98.3,250,,,,,,,,,,,,,,,,,,,98.8,155,99.0,2,,,,,,,,,,,,,,,,
2026-06-29T00:00:14.452037+00:00,2026-06-29T10:00:14.442037,2,2,98.7,0.2,98.6,4,98.3,250,,,,,,,,,,,,,,,,,98.8,155,99.0,2,,,,,,,,,,,,,,,,
2026-06-29T00:00:14.463037+00:00,2026-06-29T10:00:14.454037,2,2,98.7,0.2,98.6,4,98.3,250,,,,,,,,,,,,,,,,,98.8,107,99.0,2,,,,,,,,,,,,,,,,
2026-06-29T00:00:14.815037+00:00,2026-06-29T10:00:14.810037,2,2,98.7,0.2,98.6,4,98.3,250,,,,,,,,,,,,,,,,,98.8,57,99.0,2,,,,,,,,,,,,,,,,
2026-06-29T00:00:14.903037+00:00,2026-06-29T10:00:14.901037,2,2,98.7,0.2,98.6,4,98.3,100,,,,,,,,,,,,,,,,,98.8,57,99.0,2,,,,,,,,,,,,,,,,
2026-06-29T00:00:14.958037+00:00,2026-06-29T10:00:14.956028,3,0,,,99.1,91,98.6,4,98.3,100,,,,,,,,,,,,,,,,,,,,,,,,,,,,,,,,,,
2026-06-29T00:00:14.980037+00:00,2026-06-29T10:00:14.976037,3,0,,,99.1,89,98.6,4,98.3,100,,,,,,,,,,,,,,,,,,,,,,,,,,,,,,,,,,
2026-06-29T00:00:15.013038+00:00,2026-06-29T10:00:15.010029,3,1,99.35,0.5,99.1,87,98.6,4,98.3,100,,,,,,,,,,,,,,,99.6,150,,,,,,,,,,,,,,,,,,
2026-06-29T00:00:15.046037+00:00,2026-06-29T10:00:15.042037,3,1,99.35,0.5,99.1,86,98.6,4,98.3,100,,,,,,,,,,,,,,,99.6,150,,,,,,,,,,,,,,,,,,
2026-06-29T00:00:15.079037+00:00,2026-06-29T10:00:15.070028,3,1,99.35,0.5,99.1,84,98.6,4,98.3,100,,,,,,,,,,,,,,,99.6,150,,,,,,,,,,,,,,,,,,
2026-06-29T00:00:15.090037+00:00,2026-06-29T10:00:15.089037,3,1,99.35,0.5,99.1,42,98.6,4,98.3,100,,,,,,,,,,,,,,,99.6,150,,,,,,,,,,,,,,,,,,
2026-06-29T00:00:15.112037+00:00,2026-06-29T10:00:15.106037,3,1,99.35,0.5,99.1,41,98.6,4,98.3,100,,,,,,,,,,,,,,,99.6,150,,,,,,,,,,,,,,,,,,
2026-06-29T00:00:15.222037+00:00,2026-06-29T10:00:15.215028,3,1,99.35,0.5,99.1,39,98.6,4,98.3,100,,,,,,,,,,,,,,,99.6,150,,,,,,,,,,,,,,,,,,
2026-06-29T00:00:15.266037+00:00,2026-06-29T10:00:15.258038,2,1,99.35,0.5,99.1,39,98.6,4,,,,,,,,,,,,,,,,,99.6,150,,,,,,,,,,,,,,,,,,
2026-06-29T00:00:15.321037+00:00,2026-06-29T10:00:15.314037,3,1,99.35,0.5,99.1,39,98.9,100,98.6,4,,,,,,,,,,,,,,,99.6,150,,,,,,,,,,,,,,,,,,
2026-06-29T00:00:15.376037+00:00,2026-06-29T10:00:15.368037,3,2,99.25,0.3,99.1,39,98.9,100,98.6,4,,,,,,,,,,,,,,,99.4,100,99.6,150,,,,,,,,,,,,,,,,
2026-06-29T00:00:15.431037+00:00,2026-06-29T10:00:15.420037,3,2,99.25,0.3,99.1,38,98.9,100,98.6,4,,,,,,,,,,,,,,,99.4,100,99.6,150,,,,,,,,,,,,,,,,
2026-06-29T00:00:16.926947+00:00,2026-06-29T10:00:16.916947,3,2,99.25,0.3,99.1,38,98.9,100,98.6,4,,,,,,,,,,,,,,,99.4,50,99.6,150,,,,,,,,,,,,,,,,
2026-06-29T00:00:18.081087+00:00,2026-06-29T10:00:18.080087,2,1,99.15,0.5,98.9,100,98.6,4,,,,,,,,,,,,,,,,,99.4,50,,,,,,,,,,,,,,,,,,
2026-06-29T00:00:18.136087+00:00,2026-06-29T10:00:18.130087,3,1,99.15,0.5,98.9,100,98.6,4,98.4,150,,,,,,,,,,,,,,,99.4,50,,,,,,,,,,,,,,,,,,
2026-06-29T00:00:18.190612+00:00,2026-06-29T10:00:18.188611,2,2,98.75,0.3,98.6,4,98.4,150,,,,,,,,,,,,,,,,,98.9,50,99.4,50,,,,,,,,,,,,,,,,
2026-06-29T00:00:18.421620+00:00,2026-06-29T10:00:18.420620,2,1,98.75,0.3,98.6,4,98.4,150,,,,,,,,,,,,,,,,,98.9,50,,,,,,,,,,,,,,,,,,
2026-06-29T00:00:18.487620+00:00,2026-06-29T10:00:18.479620,2,1,98.75,0.3,98.6,104,98.4,150,,,,,,,,,,,,,,,,,98.9,50,,,,,,,,,,,,,,,,,,
2026-06-29T00:00:18.531620+00:00,2026-06-29T10:00:18.530620,2,2,98.75,0.3,98.6,104,98.4,150,,,,,,,,,,,,,,,,,98.9,50,99.1,100,,,,,,,,,,,,,,,,
2026-06-29T00:00:19.037620+00:00,2026-06-29T10:00:19.028620,2,1,98.85,0.5,98.6,104,98.4,150,,,,,,,,,,,,,,,,,99.1,100,,,,,,,,,,,,,,,,,,
2026-06-29T00:00:19.411620+00:00,2026-06-29T10:00:19.407621,2,1,98.85,0.5,98.6,58,98.4,150,,,,,,,,,,,,,,,,,99.1,100,,,,,,,,,,,,,,,,,,
2026-06-29T00:00:21.139008+00:00,2026-06-29T10:00:21.132008,2,1,98.85,0.5,98.6,58,98.4,150,,,,,,,,,,,,,,,,,99.1,50,,,,,,,,,,,,,,,,,,
2026-06-29T00:00:21.249008+00:00,2026-06-29T10:00:21.240007,1,1,98.85,0.5,98.6,58,,,,,,,,,,,,,,,,,,,99.1,50,,,,,,,,,,,,,,,,,,
2026-06-29T00:00:21.304008+00:00,2026-06-29T10:00:21.295008,2,1,99.05,0.1,99.0,150,98.6,58,,,,,,,,,,,,,,,,,99.1,50,,,,,,,,,,,,,,,,,,
2026-06-29T00:00:21.348008+00:00,2026-06-29T10:00:21.346007,2,2,99.05,0.1,99.0,150,98.6,58,,,,,,,,,,,,,,,,,99.1,50,99.5,150,,,,,,,,,,,,,,,,
2026-06-29T00:00:21.546008+00:00,2026-06-29T10:00:21.537008,2,2,99.05,0.1,99.0,150,98.6,58,,,,,,,,,,,,,,,,,99.1,1,99.5,150,,,,,,,,,,,,,,,,
2026-06-29T00:00:21.590008+00:00,2026-06-29T10:00:21.586008,1,1,99.25,0.5,99.0,150,,,,,,,,,,,,,,,,,,,99.5,150,,,,,,,,,,,,,,,,,,
2026-06-29T00:00:21.645007+00:00,2026-06-29T10:00:21.638007,2,1,99.25,0.5,99.0,150,98.6,100,,,,,,,,,,,,,,,,,99.5,150,,,,,,,,,,,,,,,,,,
2026-06-29T00:00:21.700007+00:00,2026-06-29T10:00:21.690999,2,2,99.05,0.1,99.0,150,98.6,100,,,,,,,,,,,,,,,,,99.1,100,99.5,150,,,,,,,,,,,,,,,,
2026-06-29T00:00:23.294143+00:00,2026-06-29T10:00:23.289143,2,2,99.05,0.1,99.0,100,98.6,100,,,,,,,,,,,,,,,,,99.1,100,99.5,150,,,,,,,,,,,,,,,,
2026-06-29T00:00:24.075134+00:00,2026-06-29T10:00:24.072134,2,2,99.05,0.1,99.0,55,98.6,100,,,,,,,,,,,,,,,,,99.1,100,99.5,150,,,,,,,,,,,,,,,,
2026-06-29T00:00:24.405143+00:00,2026-06-29T10:00:24.401143,2,1,98.9,0.4,98.7,5,98.6,100,,,,,,,,,,,,,,,,,99.1,100,,,,,,,,,,,,,,,,,,
2026-06-29T00:00:24.460143+00:00,2026-06-29T10:00:24.454143,2,1,98.9,0.4,98.7,155,98.6,100,,,,,,,,,,,,,,,,,99.1,100,,,,,,,,,,,,,,,,,,
2026-06-29T00:00:24.515143+00:00,2026-06-29T10:00:24.507143,2,2,98.9,0.4,98.7,155,98.6,100,,,,,,,,,,,,,,,,,99.1,100,99.2,150,,,,,,,,,,,,,,,,
2026-06-29T00:00:24.746143+00:00,2026-06-29T10:00:24.744143,2,1,98.95,0.5,98.7,155,98.6,100,,,,,,,,,,,,,,,,,99.2,150,,,,,,,,,,,,,,,,,,
2026-06-29T00:00:24.757143+00:00,2026-06-29T10:00:24.746143,1,1,98.95,0.5,98.7,155,,,,,,,,,,,,,,,,,,,99.2,150,,,,,,,,,,,,,,,,,,
2026-06-29T00:00:24.812143+00:00,2026-06-29T10:00:24.806143,1,1,98.95,0.5,98.7,255,,,,,,,,,,,,,,,,,,,99.2,150,,,,,,,,,,,,,,,,,,
2026-06-29T00:00:24.867143+00:00,2026-06-29T10:00:24.859143,1,1,98.95,0.5,98.7,255,,,,,,,,,,,,,,,,,,,99.2,250,,,,,,,,,,,,,,,,,,
2026-06-29T00:00:25.406143+00:00,2026-06-29T10:00:25.398143,1,1,98.95,0.5,98.7,205,,,,,,,,,,,,,,,,,,,99.2,250,,,,,,,,,,,,,,,,,,
2026-06-29T00:00:25.505144+00:00,2026-06-29T10:00:25.504143,1,1,98.95,0.5,98.7,205,,,,,,,,,,,,,,,,,,,99.2,205,,,,,,,,,,,,,,,,,,
2026-06-29T00:00:25.593134+00:00,2026-06-29T10:00:25.591135,1,1,98.95,0.5,98.7,211,,,,,,,,,,,,,,,,,,,99.2,205,,,,,,,,,,,,,,,,,,
2026-06-29T00:00:26.472713+00:00,2026-06-29T10:00:26.470713,1,1,98.95,0.5,98.7,210,,,,,,,,,,,,,,,,,,,99.2,205,,,,,,,,,,,,,,,,,,
2026-06-29T00:00:27.506713+00:00,2026-06-29T10:00:27.504713,1,1,98.95,0.5,98.7,160,,,,,,,,,,,,,,,,,,,99.2,205,,,,,,,,,,,,,,,,,,
2026-06-29T00:00:27.561713+00:00,2026-06-29T10:00:27.560713,1,1,98.95,0.5,98.7,160,,,,,,,,,,,,,,,,,,,99.2,100,,,,,,,,,,,,,,,,,,
2026-06-29T00:00:27.572713+00:00,2026-06-29T10:00:27.561713,1,1,98.95,0.5,98.7,105,,,,,,,,,,,,,,,,,,,99.2,100,,,,,,,,,,,,,,,,,,
2026-06-29T00:00:27.616713+00:00,2026-06-29T10:00:27.614713,2,1,98.95,0.5,98.7,105,98.6,150,,,,,,,,,,,,,,,,,99.2,100,,,,,,,,,,,,,,,,,,
2026-06-29T00:00:27.671713+00:00,2026-06-29T10:00:27.666713,2,2,98.9,0.4,98.7,105,98.6,150,,,,,,,,,,,,,,,,,99.1,150,99.2,100,,,,,,,,,,,,,,,,
2026-06-29T00:00:27.924713+00:00,2026-06-29T10:00:27.916713,2,1,98.9,0.4,98.7,5,98.6,150,,,,,,,,,,,,,,,,,99.1,150,,,,,,,,,,,,,,,,,,
2026-06-29T00:00:27.968713+00:00,2026-06-29T10:00:27.966713,3,1,98.95,0.3,98.8,100,98.7,5,98.6,150,,,,,,,,,,,,,,,99.1,150,,,,,,,,,,,,,,,,,,
2026-06-29T00:00:28.023713+00:00,2026-06-29T10:00:28.019713,3,2,98.95,0.3,98.8,100,98.7,5,98.6,150,,,,,,,,,,,,,,,99.1,150,99.3,100,,,,,,,,,,,,,,,,
2026-06-29T00:00:29.617869+00:00,2026-06-29T10:00:29.610869,3,2,98.95,0.3,98.8,50,98.7,5,98.6,150,,,,,,,,,,,,,,,99.1,150,99.3,100,,,,,,,,,,,,,,,,
2026-06-29T00:00:30.145869+00:00,2026-06-29T10:00:30.142869,3,2,98.95,0.3,98.8,4,98.7,4,98.6,150,,,,,,,,,,,,,,,99.1,150,99.3,100,,,,,,,,,,,,,,,,
2026-06-29T00:00:30.563402+00:00,2026-06-29T10:00:30.554403,3,3,98.9,0.2,98.8,4,98.7,4,98.6,150,,,,,,,,,,,,,,,99.0,2,99.1,150,99.3,100,,,,,,,,,,,,,,
2026-06-29T00:00:30.728403+00:00,2026-06-29T10:00:30.723403,2,2,98.9,0.2,98.8,4,98.7,4,,,,,,,,,,,,,,,,,99.0,2,99.3,100,,,,,,,,,,,,,,,,
2026-06-29T00:00:30.794403+00:00,2026-06-29T10:00:30.791403,3,2,98.9,0.2,98.8,4,98.7,4,98.5,150,,,,,,,,,,,,,,,99.0,2,99.3,100,,,,,,,,,,,,,,,,
2026-06-29T00:00:30.849403+00:00,2026-06-29T10:00:30.846403,3,2,98.9,0.2,98.8,4,98.7,4,98.5,150,,,,,,,,,,,,,,,99.0,152,99.3,100,,,,,,,,,,,,,,,,
2026-06-29T00:00:31.080403+00:00,2026-06-29T10:00:31.077403,2,1,98.85,0.3,98.7,4,98.5,150,,,,,,,,,,,,,,,,,99.0,152,,,,,,,,,,,,,,,,,,
2026-06-29T00:00:31.135403+00:00,2026-06-29T10:00:31.129403,3,1,98.85,0.3,98.7,4,98.5,150,98.4,100,,,,,,,,,,,,,,,99.0,152,,,,,,,,,,,,,,,,,,
2026-06-29T00:00:31.190403+00:00,2026-06-29T10:00:31.189403,2,2,98.7,0.4,98.5,150,98.4,100,,,,,,,,,,,,,,,,,98.9,100,99.0,152,,,,,,,,,,,,,,,,
2026-06-29T00:00:31.597394+00:00,2026-06-29T10:00:31.587394,3,2,98.8,0.2,98.7,5,98.5,150,98.4,100,,,,,,,,,,,,,,,98.9,100,99.0,152,,,,,,,,,,,,,,,,
2026-06-29T00:00:31.729394+00:00,2026-06-29T10:00:31.718394,2,2,98.7,0.4,98.5,105,98.4,100,,,,,,,,,,,,,,,,,98.9,100,99.0,152,,,,,,,,,,,,,,,,
2026-06-29T00:00:32.620394+00:00,2026-06-29T10:00:32.609543,3,2,98.8,0.2,98.7,4,98.5,105,98.4,100,,,,,,,,,,,,,,,98.9,100,99.0,152,,,,,,,,,,,,,,,,
2026-06-29T00:00:33.290993+00:00,2026-06-29T10:00:33.282993,2,2,98.7,0.4,98.5,105,98.4,100,,,,,,,,,,,,,,,,,98.9,100,99.0,152,,,,,,,,,,,,,,,,
2026-06-29T00:00:33.907002+00:00,2026-06-29T10:00:33.902002,1,2,98.65,0.5,98.4,100,,,,,,,,,,,,,,,,,,,98.9,100,99.0,2,,,,,,,,,,,,,,,,
2026-06-29T00:00:33.962002+00:00,2026-06-29T10:00:33.957002,2,2,98.65,0.5,98.4,100,98.2,150,,,,,,,,,,,,,,,,,98.9,100,99.0,2,,,,,,,,,,,,,,,,
2026-06-29T00:00:34.017002+00:00,2026-06-29T10:00:34.010002,2,3,98.55,0.3,98.4,100,98.2,150,,,,,,,,,,,,,,,,,98.7,150,98.9,100,99.0,2,,,,,,,,,,,,,,
2026-06-29T00:00:34.248002+00:00,2026-06-29T10:00:34.241002,1,2,98.45,0.5,98.2,150,,,,,,,,,,,,,,,,,,,98.7,150,99.0,2,,,,,,,,,,,,,,,,
2026-06-29T00:00:34.303002+00:00,2026-06-29T10:00:34.294002,1,2,98.45,0.5,98.2,250,,,,,,,,,,,,,,,,,,,98.7,150,99.0,2,,,,,,,,,,,,,,,,
2026-06-29T00:00:34.347002+00:00,2026-06-29T10:00:34.346002,1,2,98.45,0.5,98.2,250,,,,,,,,,,,,,,,,,,,98.7,250,99.0,2,,,,,,,,,,,,,,,,
2026-06-29T00:00:35.656002+00:00,2026-06-29T10:00:35.645003,2,2,98.65,0.1,98.6,1,98.2,250,,,,,,,,,,,,,,,,,98.7,250,99.0,2,,,,,,,,,,,,,,,,
2026-06-29T00:00:35.942002+00:00,2026-06-29T10:00:35.932003,1,2,98.45,0.5,98.2,201,,,,,,,,,,,,,,,,,,,98.7,250,99.0,2,,,,,,,,,,,,,,,,
2026-06-29T00:00:35.997002+00:00,2026-06-29T10:00:35.988002,2,2,98.65,0.1,98.6,1,98.2,201,,,,,,,,,,,,,,,,,98.7,250,99.0,2,,,,,,,,,,,,,,,,
2026-06-29T00:00:37.019576+00:00,2026-06-29T10:00:37.008576,2,2,98.65,0.1,98.6,1,98.2,201,,,,,,,,,,,,,,,,,98.7,208,99.0,2,,,,,,,,,,,,,,,,
2026-06-29T00:00:37.074576+00:00,2026-06-29T10:00:37.066577,2,2,98.65,0.1,98.6,1,98.2,100,,,,,,,,,,,,,,,,,98.7,100,99.0,2,,,,,,,,,,,,,,,,
2026-06-29T00:00:37.129576+00:00,2026-06-29T10:00:37.120576,3,2,98.65,0.1,98.6,1,98.4,150,98.2,100,,,,,,,,,,,,,,,98.7,100,99.0,2,,,,,,,,,,,,,,,,
2026-06-29T00:00:37.173577+00:00,2026-06-29T10:00:37.172576,3,3,98.65,0.1,98.6,1,98.4,150,98.2,100,,,,,,,,,,,,,,,98.7,100,98.9,150,99.0,2,,,,,,,,,,,,,,
2026-06-29T00:00:37.404576+00:00,2026-06-29T10:00:37.401576,2,2,98.75,0.3,98.6,1,98.4,150,,,,,,,,,,,,,,,,,98.9,150,99.0,2,,,,,,,,,,,,,,,,
2026-06-29T00:00:37.459576+00:00,2026-06-29T10:00:37.454576,3,2,98.75,0.3,98.6,1,98.5,100,98.4,150,,,,,,,,,,,,,,,98.9,150,99.0,2,,,,,,,,,,,,,,,,
2026-06-29T00:00:37.514576+00:00,2026-06-29T10:00:37.509576,3,2,98.75,0.3,98.6,1,98.5,100,98.4,150,,,,,,,,,,,,,,,98.9,150,99.0,102,,,,,,,,,,,,,,,,
2026-06-29T00:00:37.569577+00:00,2026-06-29T10:00:37.560576,2,2,98.7,0.4,98.5,100,98.4,150,,,,,,,,,,,,,,,,,98.9,150,99.0,102,,,,,,,,,,,,,,,,
2026-06-29T00:00:38.273232+00:00,2026-06-29T10:00:38.270232,2,2,98.7,0.4,98.5,52,98.4,150,,,,,,,,,,,,,,,,,98.9,150,99.0,102,,,,,,,,,,,,,,,,
2026-06-29T00:00:38.284232+00:00,2026-06-29T10:00:38.283232,2,2,98.7,0.4,98.5,52,98.4,150,,,,,,,,,,,,,,,,,98.9,150,99.0,100,,,,,,,,,,,,,,,,
2026-06-29T00:00:39.692252+00:00,2026-06-29T10:00:39.690252,2,3,98.65,0.3,98.5,52,98.4,150,,,,,,,,,,,,,,,,,98.8,5,98.9,150,99.0,100,,,,,,,,,,,,,,
2026-06-29T00:00:40.055252+00:00,2026-06-29T10:00:40.045245,2,3,98.65,0.3,98.5,52,98.4,150,,,,,,,,,,,,,,,,,98.8,4,98.9,150,99.0,100,,,,,,,,,,,,,,
2026-06-29T00:00:40.121252+00:00,2026-06-29T10:00:40.111253,2,2,98.7,0.4,98.5,52,98.4,150,,,,,,,,,,,,,,,,,98.9,104,99.0,100,,,,,,,,,,,,,,,,
2026-06-29T00:00:40.231252+00:00,2026-06-29T10:00:40.227252,1,1,98.75,0.5,98.5,52,,,,,,,,,,,,,,,,,,,99.0,100,,,,,,,,,,,,,,,,,,
2026-06-29T00:00:40.286252+00:00,2026-06-29T10:00:40.279252,2,1,98.85,0.3,98.7,150,98.5,52,,,,,,,,,,,,,,,,,99.0,100,,,,,,,,,,,,,,,,,,
2026-06-29T00:00:40.341252+00:00,2026-06-29T10:00:40.331253,2,2,98.85,0.3,98.7,150,98.5,52,,,,,,,,,,,,,,,,,99.0,100,99.2,150,,,,,,,,,,,,,,,,
2026-06-29T00:00:40.407252+00:00,2026-06-29T10:00:40.400252,2,2,98.85,0.3,98.7,150,98.5,52,,,,,,,,,,,,,,,,,99.0,59,99.2,150,,,,,,,,,,,,,,,,
2026-06-29T00:00:40.572243+00:00,2026-06-29T10:00:40.563243,1,1,98.95,0.5,98.7,150,,,,,,,,,,,,,,,,,,,99.2,150,,,,,,,,,,,,,,,,,,
2026-06-29T00:00:40.627243+00:00,2026-06-29T10:00:40.616336,1,1,98.95,0.5,98.7,250,,,,,,,,,,,,,,,,,,,99.2,150,,,,,,,,,,,,,,,,,,
2026-06-29T00:00:40.671252+00:00,2026-06-29T10:00:40.668252,1,1,98.95,0.5,98.7,250,,,,,,,,,,,,,,,,,,,99.2,250,,,,,,,,,,,,,,,,,,
2026-06-29T00:00:42.233252+00:00,2026-06-29T10:00:42.222384,1,1,98.95,0.5,98.7,250,,,,,,,,,,,,,,,,,,,99.2,200,,,,,,,,,,,,,,,,,,
2026-06-29T00:00:43.387519+00:00,2026-06-29T10:00:43.385520,1,1,98.95,0.5,98.7,100,,,,,,,,,,,,,,,,,,,99.2,100,,,,,,,,,,,,,,,,,,
2026-06-29T00:00:43.442519+00:00,2026-06-29T10:00:43.438520,2,1,99.05,0.3,98.9,150,98.7,100,,,,,,,,,,,,,,,,,99.2,100,,,,,,,,,,,,,,,,,,
2026-06-29T00:00:43.508520+00:00,2026-06-29T10:00:43.502520,2,2,99.05,0.3,98.9,150,98.7,100,,,,,,,,,,,,,,,,,99.2,100,99.4,150,,,,,,,,,,,,,,,,
2026-06-29T00:00:43.728053+00:00,2026-06-29T10:00:43.725053,1,1,99.15,0.5,98.9,150,,,,,,,,,,,,,,,,,,,99.4,150,,,,,,,,,,,,,,,,,,
2026-06-29T00:00:43.783053+00:00,2026-06-29T10:00:43.778053,2,1,99.15,0.5,98.9,150,98.6,100,,,,,,,,,,,,,,,,,99.4,150,,,,,,,,,,,,,,,,,,
2026-06-29T00:00:43.794053+00:00,2026-06-29T10:00:43.786053,2,1,99.15,0.5,98.9,146,98.6,100,,,,,,,,,,,,,,,,,99.4,150,,,,,,,,,,,,,,,,,,
2026-06-29T00:00:43.838053+00:00,2026-06-29T10:00:43.832054,2,2,99.0,0.2,98.9,146,98.6,100,,,,,,,,,,,,,,,,,99.1,100,99.4,150,,,,,,,,,,,,,,,,
2026-06-29T00:00:43.871053+00:00,2026-06-29T10:00:43.865044,2,2,99.0,0.2,98.9,142,98.6,100,,,,,,,,,,,,,,,,,99.1,100,99.4,150,,,,,,,,,,,,,,,,
2026-06-29T00:00:43.926053+00:00,2026-06-29T10:00:43.915053,2,2,99.0,0.2,98.9,138,98.6,100,,,,,,,,,,,,,,,,,99.1,100,99.4,150,,,,,,,,,,,,,,,,
2026-06-29T00:00:44.223053+00:00,2026-06-29T10:00:44.221053,2,2,99.0,0.2,98.9,134,98.6,100,,,,,,,,,,,,,,,,,99.1,100,99.4,150,,,,,,,,,,,,,,,,
2026-06-29T00:00:44.333053+00:00,2026-06-29T10:00:44.323054,2,2,99.0,0.2,98.9,134,98.6,100,,,,,,,,,,,,,,,,,99.1,50,99.4,150,,,,,,,,,,,,,,,,
2026-06-29T00:00:44.443053+00:00,2026-06-29T10:00:44.433053,2,2,99.0,0.2,98.9,130,98.6,100,,,,,,,,,,,,,,,,,99.1,50,99.4,150,,,,,,,,,,,,,,,,
2026-06-29T00:00:44.784053+00:00,2026-06-29T10:00:44.782053,2,3,98.95,0.1,98.9,130,98.6,100,,,,,,,,,,,,,,,,,99.0,3,99.1,50,99.4,150,,,,,,,,,,,,,,
2026-06-29T00:00:44.960053+00:00,2026-06-29T10:00:44.949053,2,2,99.0,0.2,98.9,130,98.6,100,,,,,,,,,,,,,,,,,99.1,8,99.4,150,,,,,,,,,,,,,,,,
2026-06-29T00:00:45.961053+00:00,2026-06-29T10:00:45.958054,3,3,98.95,0.1,98.9,130,98.7,2,98.6,100,,,,,,,,,,,,,,,99.0,3,99.1,8,99.4,150,,,,,,,,,,,,,,
2026-06-29T00:00:46.027045+00:00,2026-06-29T10:00:46.018044,3,3,98.95,0.1,98.9,85,98.7,2,98.6,100,,,,,,,,,,,,,,,99.0,3,99.1,8,99.4,150,,,,,,,,,,,,,,
2026-06-29T00:00:46.444593+00:00,2026-06-29T10:00:46.433593,3,1,99.15,0.5,98.9,85,98.7,2,98.6,100,,,,,,,,,,,,,,,99.4,111,,,,,,,,,,,,,,,,,,
2026-06-29T00:00:46.565593+00:00,2026-06-29T10:00:46.558593,2,0,,,98.7,2,98.6,100,,,,,,,,,,,,,,,,,,,,,,,,,,,,,,,,,,,,
2026-06-29T00:00:46.620613+00:00,2026-06-29T10:00:46.611613,2,0,,,98.7,2,98.6,250,,,,,,,,,,,,,,,,,,,,,,,,,,,,,,,,,,,,
2026-06-29T00:00:46.664613+00:00,2026-06-29T10:00:46.663613,2,1,98.9,0.4,98.7,2,98.6,250,,,,,,,,,,,,,,,,,99.1,150,,,,,,,,,,,,,,,,,,
2026-06-29T00:00:46.906612+00:00,2026-06-29T10:00:46.895725,2,1,98.9,0.4,98.7,2,98.6,150,,,,,,,,,,,,,,,,,99.1,150,,,,,,,,,,,,,,,,,,
2026-06-29T00:00:46.950612+00:00,2026-06-29T10:00:46.945613,2,1,98.9,0.4,98.7,102,98.6,150,,,,,,,,,,,,,,,,,99.1,150,,,,,,,,,,,,,,,,,,
2026-06-29T00:00:47.005613+00:00,2026-06-29T10:00:46.998613,2,2,98.9,0.4,98.7,102,98.6,150,,,,,,,,,,,,,,,,,99.1,150,99.2,100,,,,,,,,,,,,,,,,
2026-06-29T00:00:47.555613+00:00,2026-06-29T10:00:47.551612,2,2,98.9,0.4,98.7,102,98.6,150,,,,,,,,,,,,,,,,,99.1,108,99.2,100,,,,,,,,,,,,,,,,
2026-06-29T00:00:48.544875+00:00,2026-06-29T10:00:48.541875,2,2,98.9,0.4,98.7,102,98.6,150,,,,,,,,,,,,,,,,,99.1,58,99.2,100,,,,,,,,,,,,,,,,
2026-06-29T00:00:48.940875+00:00,2026-06-29T10:00:48.931875,2,2,98.9,0.4,98.7,101,98.6,150,,,,,,,,,,,,,,,,,99.1,58,99.2,100,,,,,,,,,,,,,,,,
2026-06-29T00:00:49.721895+00:00,2026-06-29T10:00:49.717895,1,1,98.95,0.5,98.7,101,,,,,,,,,,,,,,,,,,,99.2,100,,,,,,,,,,,,,,,,,,
2026-06-29T00:00:49.776895+00:00,2026-06-29T10:00:49.772895,2,0,,,99.2,50,98.7,101,,,,,,,,,,,,,,,,,,,,,,,,,,,,,,,,,,,,
2026-06-29T00:00:49.831895+00:00,2026-06-29T10:00:49.826895,2,1,99.45,0.5,99.2,50,98.7,101,,,,,,,,,,,,,,,,,99.7,150,,,,,,,,,,,,,,,,,,
2026-06-29T00:00:50.062895+00:00,2026-06-29T10:00:50.051895,2,1,99.45,0.5,99.2,50,98.7,1,,,,,,,,,,,,,,,,,99.7,150,,,,,,,,,,,,,,,,,,
2026-06-29T00:00:50.084895+00:00,2026-06-29T10:00:50.079895,1,1,99.45,0.5,99.2,50,,,,,,,,,,,,,,,,,,,99.7,150,,,,,,,,,,,,,,,,,,
2026-06-29T00:00:50.106895+00:00,2026-06-29T10:00:50.103886,1,1,99.45,0.5,99.2,150,,,,,,,,,,,,,,,,,,,99.7,150,,,,,,,,,,,,,,,,,,
2026-06-29T00:00:50.183895+00:00,2026-06-29T10:00:50.175895,1,1,99.45,0.5,99.2,150,,,,,,,,,,,,,,,,,,,99.7,250,,,,,,,,,,,,,,,,,,
2026-06-29T00:00:50.656887+00:00,2026-06-29T10:00:50.645886,1,1,99.45,0.5,99.2,150,,,,,,,,,,,,,,,,,,,99.7,200,,,,,,,,,,,,,,,,,,
2026-06-29T00:00:52.009429+00:00,2026-06-29T10:00:52.008429,1,1,99.45,0.5,99.2,145,,,,,,,,,,,,,,,,,,,99.7,200,,,,,,,,,,,,,,,,,,
2026-06-29T00:00:52.812419+00:00,2026-06-29T10:00:52.805419,1,1,99.45,0.5,99.2,95,,,,,,,,,,,,,,,,,,,99.7,200,,,,,,,,,,,,,,,,,,
2026-06-29T00:00:52.889420+00:00,2026-06-29T10:00:52.879420,1,1,99.45,0.5,99.2,95,,,,,,,,,,,,,,,,,,,99.7,100,,,,,,,,,,,,,,,,,,
2026-06-29T00:00:52.944419+00:00,2026-06-29T10:00:52.933419,2,1,99.45,0.5,99.2,95,98.6,150,,,,,,,,,,,,,,,,,99.7,100,,,,,,,,,,,,,,,,,,
2026-06-29T00:00:52.999420+00:00,2026-06-29T10:00:52.989420,1,2,98.85,0.5,98.6,150,,,,,,,,,,,,,,,,,,,99.1,55,99.7,100,,,,,,,,,,,,,,,,
2026-06-29T00:00:53.043420+00:00,2026-06-29T10:00:53.037419,1,3,98.85,0.5,98.6,150,,,,,,,,,,,,,,,,,,,99.1,55,99.2,5,99.7,100,,,,,,,,,,,,,,
2026-06-29T00:00:53.053977+00:00,2026-06-29T10:00:53.044419,2,3,99.0,0.2,98.9,1,98.6,150,,,,,,,,,,,,,,,,,99.1,55,99.2,5,99.7,100,,,,,,,,,,,,,,
2026-06-29T00:00:53.229520+00:00,2026-06-29T10:00:53.226519,2,2,99.0,0.2,98.9,1,98.6,150,,,,,,,,,,,,,,,,,99.1,55,99.2,5,,,,,,,,,,,,,,,,
2026-06-29T00:00:53.284520+00:00,2026-06-29T10:00:53.278520,3,2,99.0,0.2,98.9,1,98.7,100,98.6,150,,,,,,,,,,,,,,,99.1,55,99.2,5,,,,,,,,,,,,,,,,
2026-06-29T00:00:53.339520+00:00,2026-06-29T10:00:53.332520,3,2,99.0,0.2,98.9,1,98.7,100,98.6,150,,,,,,,,,,,,,,,99.1,55,99.2,105,,,,,,,,,,,,,,,,
2026-06-29T00:00:53.757520+00:00,2026-06-29T10:00:53.747511,2,2,98.9,0.4,98.7,100,98.6,150,,,,,,,,,,,,,,,,,99.1,55,99.2,105,,,,,,,,,,,,,,,,
2026-06-29T00:00:56.045520+00:00,2026-06-29T10:00:56.044520,2,1,98.95,0.5,98.7,100,98.6,150,,,,,,,,,,,,,,,,,99.2,105,,,,,,,,,,,,,,,,,,
2026-06-29T00:00:56.056520+00:00,2026-06-29T10:00:56.046520,1,1,98.95,0.5,98.7,100,,,,,,,,,,,,,,,,,,,99.2,105,,,,,,,,,,,,,,,,,,
2026-06-29T00:00:56.100076+00:00,2026-06-29T10:00:56.099075,2,1,99.05,0.3,98.9,150,98.7,100,,,,,,,,,,,,,,,,,99.2,105,,,,,,,,,,,,,,,,,,
2026-06-29T00:00:56.155075+00:00,2026-06-29T10:00:56.151075,2,2,99.05,0.3,98.9,150,98.7,100,,,,,,,,,,,,,,,,,99.2,105,99.4,150,,,,,,,,,,,,,,,,
2026-06-29T00:00:56.397076+00:00,2026-06-29T10:00:56.389075,1,2,99.05,0.3,98.9,150,,,,,,,,,,,,,,,,,,,99.2,5,99.4,150,,,,,,,,,,,,,,,,
2026-06-29T00:00:56.452075+00:00,2026-06-29T10:00:56.441075,2,2,99.05,0.3,98.9,150,98.5,100,,,,,,,,,,,,,,,,,99.2,5,99.4,150,,,,,,,,,,,,,,,,
2026-06-29T00:00:56.496076+00:00,2026-06-29T10:00:56.494075,2,3,98.95,0.1,98.9,150,98.5,100,,,,,,,,,,,,,,,,,99.0,100,99.2,5,99.4,150,,,,,,,,,,,,,,
2026-06-29T00:00:57.024075+00:00,2026-06-29T10:00:57.014075,2,3,98.95,0.1,98.9,100,98.5,100,,,,,,,,,,,,,,,,,99.0,100,99.2,5,99.4,150,,,,,,,,,,,,,,
2026-06-29T00:00:58.244716+00:00,2026-06-29T10:00:58.233716,2,3,98.95,0.1,98.9,51,98.5,100,,,,,,,,,,,,,,,,,99.0,100,99.2,5,99.4,150,,,,,,,,,,,,,,
2026-06-29T00:00:59.124716+00:00,2026-06-29T10:00:59.121716,2,3,98.95,0.1,98.9,1,98.5,100,,,,,,,,,,,,,,,,,99.0,100,99.2,5,99.4,150,,,,,,,,,,,,,,
2026-06-29T00:00:59.212716+00:00,2026-06-29T10:00:59.206716,1,2,98.75,0.5,98.5,100,,,,,,,,,,,,,,,,,,,99.0,100,99.2,5,,,,,,,,,,,,,,,,
2026-06-29T00:00:59.289716+00:00,2026-06-29T10:00:59.286716,2,2,98.75,0.5,98.5,100,98.3,150,,,,,,,,,,,,,,,,,99.0,100,99.2,5,,,,,,,,,,,,,,,,
2026-06-29T00:00:59.322716+00:00,2026-06-29T10:00:59.315716,2,1,98.75,0.5,98.5,100,98.3,150,,,,,,,,,,,,,,,,,99.0,100,,,,,,,,,,,,,,,,,,
2026-06-29T00:00:59.344716+00:00,2026-06-29T10:00:59.339716,2,2,98.65,0.3,98.5,100,98.3,150,,,,,,,,,,,,,,,,,98.8,150,99.0,100,,,,,,,,,,,,,,,,
2026-06-29T00:00:59.564716+00:00,2026-06-29T10:00:59.557707,1,1,98.55,0.5,98.3,150,,,,,,,,,,,,,,,,,,,98.8,150,,,,,,,,,,,,,,,,,,
2026-06-29T00:00:59.608716+00:00,2026-06-29T10:00:59.604708,2,1,98.75,0.1,98.7,100,98.3,150,,,,,,,,,,,,,,,,,98.8,150,,,,,,,,,,,,,,,,,,
2026-06-29T00:00:59.663716+00:00,2026-06-29T10:00:59.655716,2,2,98.75,0.1,98.7,100,98.3,150,,,,,,,,,,,,,,,,,98.8,150,99.2,100,,,,,,,,,,,,,,,,
2026-06-29T00:01:01.181736+00:00,2026-06-29T10:01:01.179727,2,2,98.75,0.1,98.7,100,98.3,150,,,,,,,,,,,,,,,,,98.8,100,99.2,100,,,,,,,,,,,,,,,,
2026-06-29T00:01:01.753736+00:00,2026-06-29T10:01:01.746736,2,2,98.75,0.1,98.7,52,98.3,150,,,,,,,,,,,,,,,,,98.8,100,99.2,100,,,,,,,,,,,,,,,,
2026-06-29T00:01:02.402727+00:00,2026-06-29T10:01:02.393727,1,1,98.95,0.5,98.7,52,,,,,,,,,,,,,,,,,,,99.2,100,,,,,,,,,,,,,,,,,,
2026-06-29T00:01:02.457727+00:00,2026-06-29T10:01:02.446727,2,1,99.0,0.4,98.8,150,98.7,52,,,,,,,,,,,,,,,,,99.2,100,,,,,,,,,,,,,,,,,,
2026-06-29T00:01:02.501727+00:00,2026-06-29T10:01:02.499727,2,2,99.0,0.4,98.8,150,98.7,52,,,,,,,,,,,,,,,,,99.2,100,99.3,150,,,,,,,,,,,,,,,,
2026-06-29T00:01:02.710736+00:00,2026-06-29T10:01:02.709736,2,1,99.05,0.5,98.8,150,98.7,52,,,,,,,,,,,,,,,,,99.3,150,,,,,,,,,,,,,,,,,,
2026-06-29T00:01:02.721736+00:00,2026-06-29T10:01:02.712736,1,1,99.05,0.5,98.8,150,,,,,,,,,,,,,,,,,,,99.3,150,,,,,,,,,,,,,,,,,,
2026-06-29T00:01:02.776736+00:00,2026-06-29T10:01:02.766042,1,1,99.05,0.5,98.8,250,,,,,,,,,,,,,,,,,,,99.3,150,,,,,,,,,,,,,,,,,,
2026-06-29T00:01:02.820736+00:00,2026-06-29T10:01:02.819736,1,1,99.05,0.5,98.8,250,,,,,,,,,,,,,,,,,,,99.3,250,,,,,,,,,,,,,,,,,,
2026-06-29T00:01:03.193854+00:00,2026-06-29T10:01:03.186854,1,1,99.05,0.5,98.8,250,,,,,,,,,,,,,,,,,,,99.3,201,,,,,,,,,,,,,,,,,,
2026-06-29T00:01:03.336854+00:00,2026-06-29T10:01:03.335854,1,1,99.05,0.5,98.8,200,,,,,,,,,,,,,,,,,,,99.3,201,,,,,,,,,,,,,,,,,,
2026-06-29T00:01:05.446874+00:00,2026-06-29T10:01:05.442984,1,1,99.05,0.5,98.8,150,,,,,,,,,,,,,,,,,,,99.3,201,,,,,,,,,,,,,,,,,,
2026-06-29T00:01:05.556874+00:00,2026-06-29T10:01:05.554984,1,1,99.05,0.5,98.8,100,,,,,,,,,,,,,,,,,,,99.3,100,,,,,,,,,,,,,,,,,,
2026-06-29T00:01:05.611984+00:00,2026-06-29T10:01:05.607984,2,1,99.05,0.5,98.8,100,98.6,150,,,,,,,,,,,,,,,,,99.3,100,,,,,,,,,,,,,,,,,,
2026-06-29T00:01:05.666984+00:00,2026-06-29T10:01:05.659984,2,2,98.95,0.3,98.8,100,98.6,150,,,,,,,,,,,,,,,,,99.1,150,99.3,100,,,,,,,,,,,,,,,,
2026-06-29T00:01:05.875984+00:00,2026-06-29T10:01:05.874984,1,1,98.85,0.5,98.6,150,,,,,,,,,,,,,,,,,,,99.1,150,,,,,,,,,,,,,,,,,,
2026-06-29T00:01:05.941874+00:00,2026-06-29T10:01:05.936867,2,1,98.95,0.3,98.8,100,98.6,150,,,,,,,,,,,,,,,,,99.1,150,,,,,,,,,,,,,,,,,,
2026-06-29T00:01:05.996875+00:00,2026-06-29T10:01:05.986875,2,2,98.95,0.3,98.8,100,98.6,150,,,,,,,,,,,,,,,,,99.1,150,99.3,100,,,,,,,,,,,,,,,,
2026-06-29T00:01:06.843895+00:00,2026-06-29T10:01:06.836886,2,2,98.95,0.3,98.8,58,98.6,150,,,,,,,,,,,,,,,,,99.1,150,99.3,100,,,,,,,,,,,,,,,,
2026-06-29T00:01:07.558894+00:00,2026-06-29T10:01:07.549886,2,2,98.95,0.3,98.8,8,98.6,150,,,,,,,,,,,,,,,,,99.1,150,99.3,100,,,,,,,,,,,,,,,,
2026-06-29T00:01:08.723091+00:00,2026-06-29T10:01:08.716091,1,1,99.05,0.5,98.8,8,,,,,,,,,,,,,,,,,,,99.3,100,,,,,,,,,,,,,,,,,,
2026-06-29T00:01:08.777982+00:00,2026-06-29T10:01:08.771981,2,1,99.05,0.5,98.8,8,98.6,150,,,,,,,,,,,,,,,,,99.3,100,,,,,,,,,,,,,,,,,,
2026-06-29T00:01:08.832981+00:00,2026-06-29T10:01:08.825981,2,2,98.95,0.3,98.8,8,98.6,150,,,,,,,,,,,,,,,,,99.1,150,99.3,100,,,,,,,,,,,,,,,,
2026-06-29T00:01:08.898981+00:00,2026-06-29T10:01:08.894981,2,2,98.95,0.3,98.8,8,98.6,150,,,,,,,,,,,,,,,,,99.1,105,99.3,100,,,,,,,,,,,,,,,,
2026-06-29T00:01:09.041981+00:00,2026-06-29T10:01:09.039981,1,1,98.85,0.5,98.6,150,,,,,,,,,,,,,,,,,,,99.1,105,,,,,,,,,,,,,,,,,,
2026-06-29T00:01:09.096981+00:00,2026-06-29T10:01:09.092974,2,1,98.85,0.5,98.6,150,98.5,100,,,,,,,,,,,,,,,,,99.1,105,,,,,,,,,,,,,,,,,,
2026-06-29T00:01:09.151981+00:00,2026-06-29T10:01:09.145981,2,2,98.8,0.4,98.6,150,98.5,100,,,,,,,,,,,,,,,,,99.0,100,99.1,105,,,,,,,,,,,,,,,,
2026-06-29T00:01:09.404981+00:00,2026-06-29T10:01:09.398981,3,2,98.9,0.2,98.8,2,98.6,150,98.5,100,,,,,,,,,,,,,,,99.0,100,99.1,108,,,,,,,,,,,,,,,,
2026-06-29T00:01:09.668981+00:00,2026-06-29T10:01:09.658982,2,2,98.8,0.4,98.6,102,98.5,100,,,,,,,,,,,,,,,,,99.0,100,99.1,108,,,,,,,,,,,,,,,,
2026-06-29T00:01:09.877981+00:00,2026-06-29T10:01:09.870981,3,2,98.9,0.2,98.8,2,98.6,102,98.5,100,,,,,,,,,,,,,,,99.0,100,99.1,108,,,,,,,,,,,,,,,,
2026-06-29T00:01:09.899981+00:00,2026-06-29T10:01:09.895981,2,2,98.8,0.4,98.6,102,98.5,100,,,,,,,,,,,,,,,,,99.0,100,99.1,108,,,,,,,,,,,,,,,,
2026-06-29T00:01:10.295981+00:00,2026-06-29T10:01:10.292981,3,2,98.9,0.2,98.8,2,98.6,102,98.5,100,,,,,,,,,,,,,,,99.0,100,99.1,108,,,,,,,,,,,,,,,,
2026-06-29T00:01:11.769982+00:00,2026-06-29T10:01:11.764981,2,2,98.8,0.4,98.6,54,98.5,100,,,,,,,,,,,,,,,,,99.0,100,99.1,108,,,,,,,,,,,,,,,,
2026-06-29T00:01:11.791981+00:00,2026-06-29T10:01:11.781982,3,2,98.85,0.3,98.7,2,98.6,54,98.5,100,,,,,,,,,,,,,,,99.0,100,99.1,108,,,,,,,,,,,,,,,,
2026-06-29T00:01:11.890981+00:00,2026-06-29T10:01:11.880972,2,2,98.85,0.3,98.7,2,98.5,100,,,,,,,,,,,,,,,,,99.0,100,99.1,3,,,,,,,,,,,,,,,,
2026-06-29T00:01:11.934981+00:00,2026-06-29T10:01:11.931981,3,2,98.85,0.3,98.7,2,98.5,100,98.3,150,,,,,,,,,,,,,,,99.0,100,99.1,3,,,,,,,,,,,,,,,,
2026-06-29T00:01:12.000981+00:00,2026-06-29T10:01:11.999981,3,3,98.75,0.1,98.7,2,98.5,100,98.3,150,,,,,,,,,,,,,,,98.8,150,99.0,100,99.1,3,,,,,,,,,,,,,,
2026-06-29T00:01:12.209973+00:00,2026-06-29T10:01:12.203972,2,2,98.75,0.1,98.7,2,98.3,150,,,,,,,,,,,,,,,,,98.8,150,99.1,3,,,,,,,,,,,,,,,,
2026-06-29T00:01:12.264981+00:00,2026-06-29T10:01:12.255981,2,2,98.75,0.1,98.7,102,98.3,150,,,,,,,,,,,,,,,,,98.8,150,99.1,3,,,,,,,,,,,,,,,,
2026-06-29T00:01:12.319981+00:00,2026-06-29T10:01:12.309982,2,3,98.75,0.1,98.7,102,98.3,150,,,,,,,,,,,,,,,,,98.8,150,99.1,3,99.2,100,,,,,,,,,,,,,,
2026-06-29T00:01:12.649982+00:00,2026-06-29T10:01:12.647981,2,2,98.75,0.1,98.7,100,98.3,150,,,,,,,,,,,,,,,,,98.8,150,99.2,100,,,,,,,,,,,,,,,,
2026-06-29T00:01:13.683109+00:00,2026-06-29T10:01:13.679109,2,2,98.75,0.1,98.7,100,98.3,150,,,,,,,,,,,,,,,,,98.8,106,99.2,100,,,,,,,,,,,,,,,,
2026-06-29T00:01:13.738109+00:00,2026-06-29T10:01:13.734109,2,2,98.75,0.1,98.7,59,98.3,150,,,,,,,,,,,,,,,,,98.8,106,99.2,100,,,,,,,,,,,,,,,,
2026-06-29T00:01:14.770642+00:00,2026-06-29T10:01:14.767642,2,2,98.75,0.1,98.7,59,98.3,150,,,,,,,,,,,,,,,,,98.8,62,99.2,100,,,,,,,,,,,,,,,,
2026-06-29T00:01:15.056642+00:00,2026-06-29T10:01:15.049642,1,1,98.95,0.5,98.7,59,,,,,,,,,,,,,,,,,,,99.2,100,,,,,,,,,,,,,,,,,,
2026-06-29T00:01:15.111642+00:00,2026-06-29T10:01:15.102633,1,1,98.95,0.5,98.7,209,,,,,,,,,,,,,,,,,,,99.2,100,,,,,,,,,,,,,,,,,,
2026-06-29T00:01:15.155642+00:00,2026-06-29T10:01:15.154642,1,1,98.95,0.5,98.7,209,,,,,,,,,,,,,,,,,,,99.2,250,,,,,,,,,,,,,,,,,,
2026-06-29T00:01:15.364642+00:00,2026-06-29T10:01:15.363642,1,1,98.95,0.5,98.7,209,,,,,,,,,,,,,,,,,,,99.2,150,,,,,,,,,,,,,,,,,,
2026-06-29T00:01:15.375642+00:00,2026-06-29T10:01:15.366642,1,1,98.95,0.5,98.7,150,,,,,,,,,,,,,,,,,,,99.2,150,,,,,,,,,,,,,,,,,,
2026-06-29T00:01:15.430642+00:00,2026-06-29T10:01:15.421642,2,1,98.95,0.5,98.7,150,98.4,100,,,,,,,,,,,,,,,,,99.2,150,,,,,,,,,,,,,,,,,,
2026-06-29T00:01:15.485642+00:00,2026-06-29T10:01:15.475642,2,2,98.8,0.2,98.7,150,98.4,100,,,,,,,,,,,,,,,,,98.9,100,99.2,150,,,,,,,,,,,,,,,,
2026-06-29T00:01:18.048205+00:00,2026-06-29T10:01:18.041205,2,2,98.8,0.2,98.7,150,98.4,100,,,,,,,,,,,,,,,,,98.9,50,99.2,150,,,,,,,,,,,,,,,,
2026-06-29T00:01:18.213340+00:00,2026-06-29T10:01:18.211340,1,1,98.65,0.5,98.4,100,,,,,,,,,,,,,,,,,,,98.9,50,,,,,,,,,,,,,,,,,,
2026-06-29T00:01:18.268340+00:00,2026-06-29T10:01:18.264340,2,1,98.8,0.2,98.7,150,98.4,100,,,,,,,,,,,,,,,,,98.9,50,,,,,,,,,,,,,,,,,,
2026-06-29T00:01:18.323340+00:00,2026-06-29T10:01:18.317340,2,2,98.8,0.2,98.7,150,98.4,100,,,,,,,,,,,,,,,,,98.9,50,99.2,150,,,,,,,,,,,,,,,,
2026-06-29T00:01:18.411340+00:00,2026-06-29T10:01:18.405340,2,2,98.8,0.2,98.7,110,98.4,100,,,,,,,,,,,,,,,,,98.9,50,99.2,150,,,,,,,,,,,,,,,,
2026-06-29T00:01:18.532340+00:00,2026-06-29T10:01:18.530341,1,1,98.95,0.5,98.7,110,,,,,,,,,,,,,,,,,,,99.2,150,,,,,,,,,,,,,,,,,,
2026-06-29T00:01:18.543340+00:00,2026-06-29T10:01:18.534340,1,2,98.85,0.3,98.7,160,,,,,,,,,,,,,,,,,,,99.0,50,99.2,150,,,,,,,,,,,,,,,,
2026-06-29T00:01:18.554341+00:00,2026-06-29T10:01:18.553340,1,2,98.85,0.3,98.7,131,,,,,,,,,,,,,,,,,,,99.0,50,99.2,150,,,,,,,,,,,,,,,,
2026-06-29T00:01:18.565340+00:00,2026-06-29T10:01:18.554341,1,2,98.85,0.3,98.7,131,,,,,,,,,,,,,,,,,,,99.0,38,99.2,150,,,,,,,,,,,,,,,,
2026-06-29T00:01:18.587340+00:00,2026-06-29T10:01:18.583340,2,2,98.85,0.3,98.7,131,98.5,100,,,,,,,,,,,,,,,,,99.0,38,99.2,150,,,,,,,,,,,,,,,,
2026-06-29T00:01:18.664340+00:00,2026-06-29T10:01:18.656341,2,2,98.85,0.3,98.7,118,98.5,100,,,,,,,,,,,,,,,,,99.0,121,99.2,150,,,,,,,,,,,,,,,,
2026-06-29T00:01:19.016340+00:00,2026-06-29T10:01:19.010340,2,2,98.85,0.3,98.7,118,98.5,100,,,,,,,,,,,,,,,,,99.0,75,99.2,150,,,,,,,,,,,,,,,,
2026-06-29T00:01:20.204351+00:00,2026-06-29T10:01:20.201352,2,2,98.85,0.3,98.7,68,98.5,100,,,,,,,,,,,,,,,,,99.0,75,99.2,150,,,,,,,,,,,,,,,,
2026-06-29T00:01:20.523360+00:00,2026-06-29T10:01:20.518361,2,2,98.85,0.3,98.7,63,98.5,100,,,,,,,,,,,,,,,,,99.0,75,99.2,150,,,,,,,,,,,,,,,,
2026-06-29T00:01:21.380895+00:00,2026-06-29T10:01:21.372894,2,1,98.85,0.3,98.7,3,98.5,100,,,,,,,,,,,,,,,,,99.0,75,,,,,,,,,,,,,,,,,,
2026-06-29T00:01:21.435895+00:00,2026-06-29T10:01:21.427895,3,1,98.85,0.3,98.7,3,98.5,100,98.2,150,,,,,,,,,,,,,,,99.0,75,,,,,,,,,,,,,,,,,,
2026-06-29T00:01:21.490885+00:00,2026-06-29T10:01:21.484895,2,2,98.6,0.2,98.5,100,98.2,150,,,,,,,,,,,,,,,,,98.7,147,99.0,75,,,,,,,,,,,,,,,,
2026-06-29T00:01:21.710885+00:00,2026-06-29T10:01:21.705886,1,1,98.45,0.5,98.2,150,,,,,,,,,,,,,,,,,,,98.7,147,,,,,,,,,,,,,,,,,,
2026-06-29T00:01:21.765886+00:00,2026-06-29T10:01:21.759885,2,1,98.55,0.3,98.4,100,98.2,150,,,,,,,,,,,,,,,,,98.7,147,,,,,,,,,,,,,,,,,,
2026-06-29T00:01:21.820895+00:00,2026-06-29T10:01:21.810895,2,2,98.55,0.3,98.4,100,98.2,150,,,,,,,,,,,,,,,,,98.7,147,98.9,100,,,,,,,,,,,,,,,,
2026-06-29T00:01:22.326894+00:00,2026-06-29T10:01:22.319894,2,2,98.55,0.3,98.4,50,98.2,150,,,,,,,,,,,,,,,,,98.7,147,98.9,100,,,,,,,,,,,,,,,,
2026-06-29T00:01:24.360635+00:00,2026-06-29T10:01:24.357634,2,2,98.55,0.3,98.4,6,98.2,150,,,,,,,,,,,,,,,,,98.7,147,98.9,100,,,,,,,,,,,,,,,,
2026-06-29T00:01:24.393634+00:00,2026-06-29T10:01:24.385626,2,2,98.55,0.3,98.4,6,98.2,150,,,,,,,,,,,,,,,,,98.7,97,98.9,100,,,,,,,,,,,,,,,,
2026-06-29T00:01:24.547635+00:00,2026-06-29T10:01:24.541635,1,1,98.65,0.5,98.4,6,,,,,,,,,,,,,,,,,,,98.9,100,,,,,,,,,,,,,,,,,,
2026-06-29T00:01:24.602625+00:00,2026-06-29T10:01:24.596635,2,1,98.7,0.4,98.5,150,98.4,6,,,,,,,,,,,,,,,,,98.9,100,,,,,,,,,,,,,,,,,,
2026-06-29T00:01:24.657634+00:00,2026-06-29T10:01:24.648635,2,2,98.7,0.4,98.5,150,98.4,6,,,,,,,,,,,,,,,,,98.9,100,99.0,150,,,,,,,,,,,,,,,,
2026-06-29T00:01:24.877635+00:00,2026-06-29T10:01:24.868635,1,1,98.75,0.5,98.5,150,,,,,,,,,,,,,,,,,,,99.0,150,,,,,,,,,,,,,,,,,,
2026-06-29T00:01:24.888635+00:00,2026-06-29T10:01:24.879635,1,2,98.7,0.4,98.5,150,,,,,,,,,,,,,,,,,,,98.9,5,99.0,150,,,,,,,,,,,,,,,,
2026-06-29T00:01:24.932634+00:00,2026-06-29T10:01:24.921635,2,2,98.7,0.4,98.5,150,98.2,100,,,,,,,,,,,,,,,,,98.9,5,99.0,150,,,,,,,,,,,,,,,,
2026-06-29T00:01:24.976635+00:00,2026-06-29T10:01:24.975634,2,3,98.6,0.2,98.5,150,98.2,100,,,,,,,,,,,,,,,,,98.7,100,98.9,5,99.0,150,,,,,,,,,,,,,,
2026-06-29T00:01:25.724634+00:00,2026-06-29T10:01:25.716634,2,3,98.6,0.2,98.5,109,98.2,100,,,,,,,,,,,,,,,,,98.7,100,98.9,5,99.0,150,,,,,,,,,,,,,,
2026-06-29T00:01:26.494713+00:00,2026-06-29T10:01:26.485704,2,3,98.6,0.2,98.5,109,98.2,100,,,,,,,,,,,,,,,,,98.7,50,98.9,5,99.0,150,,,,,,,,,,,,,,
2026-06-29T00:01:27.737734+00:00,2026-06-29T10:01:27.734733,1,2,98.45,0.5,98.2,100,,,,,,,,,,,,,,,,,,,98.7,50,98.9,5,,,,,,,,,,,,,,,,
2026-06-29T00:01:27.781733+00:00,2026-06-29T10:01:27.778733,1,2,98.45,0.5,98.2,250,,,,,,,,,,,,,,,,,,,98.7,50,98.9,5,,,,,,,,,,,,,,,,
2026-06-29T00:01:27.836733+00:00,2026-06-29T10:01:27.830733,1,2,98.45,0.5,98.2,250,,,,,,,,,,,,,,,,,,,98.7,200,98.9,5,,,,,,,,,,,,,,,,
2026-06-29T00:01:28.034733+00:00,2026-06-29T10:01:28.030733,1,2,98.45,0.5,98.2,150,,,,,,,,,,,,,,,,,,,98.7,150,98.9,5,,,,,,,,,,,,,,,,
2026-06-29T00:01:28.089381+00:00,2026-06-29T10:01:28.083381,2,2,98.55,0.3,98.4,100,98.2,150,,,,,,,,,,,,,,,,,98.7,150,98.9,5,,,,,,,,,,,,,,,,
2026-06-29T00:01:28.144381+00:00,2026-06-29T10:01:28.136381,2,2,98.55,0.3,98.4,100,98.2,150,,,,,,,,,,,,,,,,,98.7,150,98.9,105,,,,,,,,,,,,,,,,
2026-06-29T00:01:28.353381+00:00,2026-06-29T10:01:28.349381,2,2,98.55,0.3,98.4,100,98.2,150,,,,,,,,,,,,,,,,,98.7,109,98.9,105,,,,,,,,,,,,,,,,
2026-06-29T00:01:28.595381+00:00,2026-06-29T10:01:28.591381,2,2,98.55,0.3,98.4,100,98.2,150,,,,,,,,,,,,,,,,,98.7,59,98.9,105,,,,,,,,,,,,,,,,
2026-06-29T00:01:28.903382+00:00,2026-06-29T10:01:28.894381,2,2,98.55,0.3,98.4,100,98.2,150,,,,,,,,,,,,,,,,,98.7,11,98.9,105,,,,,,,,,,,,,,,,
2026-06-29T00:01:30.036381+00:00,2026-06-29T10:01:30.032381,2,2,98.55,0.3,98.4,59,98.2,150,,,,,,,,,,,,,,,,,98.7,11,98.9,105,,,,,,,,,,,,,,,,
2026-06-29T00:01:30.685381+00:00,2026-06-29T10:01:30.680381,3,2,98.6,0.2,98.5,1,98.4,59,98.2,150,,,,,,,,,,,,,,,98.7,11,98.9,105,,,,,,,,,,,,,,,,
2026-06-29T00:01:30.707382+00:00,2026-06-29T10:01:30.702382,3,1,98.7,0.4,98.5,1,98.4,59,98.2,150,,,,,,,,,,,,,,,98.9,66,,,,,,,,,,,,,,,,,,
2026-06-29T00:01:30.828382+00:00,2026-06-29T10:01:30.818382,3,2,98.65,0.3,98.5,1,98.4,59,98.2,150,,,,,,,,,,,,,,,98.8,4,98.9,66,,,,,,,,,,,,,,,,
2026-06-29T00:01:30.894381+00:00,2026-06-29T10:01:30.884382,2,2,98.65,0.3,98.5,1,98.4,59,,,,,,,,,,,,,,,,,98.8,4,98.9,66,,,,,,,,,,,,,,,,
2026-06-29T00:01:30.949381+00:00,2026-06-29T10:01:30.943374,3,0,,,98.9,80,98.5,1,98.4,59,,,,,,,,,,,,,,,,,,,,,,,,,,,,,,,,,,
2026-06-29T00:01:31.004381+00:00,2026-06-29T10:01:30.995382,3,1,99.15,0.5,98.9,80,98.5,1,98.4,59,,,,,,,,,,,,,,,99.4,150,,,,,,,,,,,,,,,,,,
2026-06-29T00:01:31.191373+00:00,2026-06-29T10:01:31.191373,2,1,99.15,0.5,98.9,80,98.5,1,,,,,,,,,,,,,,,,,99.4,150,,,,,,,,,,,,,,,,,,
2026-06-29T00:01:31.246381+00:00,2026-06-29T10:01:31.244381,2,1,99.15,0.5,98.9,80,98.5,101,,,,,,,,,,,,,,,,,99.4,150,,,,,,,,,,,,,,,,,,
2026-06-29T00:01:31.301381+00:00,2026-06-29T10:01:31.298374,2,2,98.95,0.1,98.9,80,98.5,101,,,,,,,,,,,,,,,,,99.0,100,99.4,150,,,,,,,,,,,,,,,,
2026-06-29T00:01:31.389381+00:00,2026-06-29T10:01:31.387381,2,2,98.95,0.1,98.9,76,98.5,101,,,,,,,,,,,,,,,,,99.0,100,99.4,150,,,,,,,,,,,,,,,,
2026-06-29T00:01:31.719381+00:00,2026-06-29T10:01:31.717381,2,2,98.95,0.1,98.9,72,98.5,101,,,,,,,,,,,,,,,,,99.0,100,99.4,150,,,,,,,,,,,,,,,,
2026-06-29T00:01:31.807381+00:00,2026-06-29T10:01:31.800382,2,2,98.95,0.1,98.9,68,98.5,101,,,,,,,,,,,,,,,,,99.0,100,99.4,150,,,,,,,,,,,,,,,,
2026-06-29T00:01:32.830392+00:00,2026-06-29T10:01:32.821393,2,2,98.95,0.1,98.9,68,98.5,101,,,,,,,,,,,,,,,,,99.0,50,99.4,150,,,,,,,,,,,,,,,,
2026-06-29T00:01:34.050944+00:00,2026-06-29T10:01:34.049944,1,1,98.75,0.5,98.5,101,,,,,,,,,,,,,,,,,,,99.0,50,,,,,,,,,,,,,,,,,,
2026-06-29T00:01:34.105944+00:00,2026-06-29T10:01:34.101944,2,1,98.8,0.4,98.6,150,98.5,101,,,,,,,,,,,,,,,,,99.0,50,,,,,,,,,,,,,,,,,,
2026-06-29T00:01:34.160944+00:00,2026-06-29T10:01:34.154935,2,2,98.8,0.4,98.6,150,98.5,101,,,,,,,,,,,,,,,,,99.0,50,99.1,150,,,,,,,,,,,,,,,,
2026-06-29T00:01:34.358944+00:00,2026-06-29T10:01:34.352944,2,1,98.85,0.5,98.6,150,98.5,1,,,,,,,,,,,,,,,,,99.1,150,,,,,,,,,,,,,,,,,,
2026-06-29T00:01:34.413944+00:00,2026-06-29T10:01:34.404944,3,1,98.9,0.4,98.7,100,98.6,150,98.5,1,,,,,,,,,,,,,,,99.1,150,,,,,,,,,,,,,,,,,,
2026-06-29T00:01:34.457944+00:00,2026-06-29T10:01:34.456944,3,2,98.9,0.4,98.7,100,98.6,150,98.5,1,,,,,,,,,,,,,,,99.1,150,99.2,100,,,,,,,,,,,,,,,,
2026-06-29T00:01:34.754936+00:00,2026-06-29T10:01:34.750936,3,2,98.9,0.4,98.7,59,98.6,150,98.5,1,,,,,,,,,,,,,,,99.1,150,99.2,100,,,,,,,,,,,,,,,,
2026-06-29T00:01:36.766725+00:00,2026-06-29T10:01:36.758725,3,2,98.9,0.4,98.7,59,98.6,150,98.5,1,,,,,,,,,,,,,,,99.1,106,99.2,100,,,,,,,,,,,,,,,,
2026-06-29T00:01:37.041725+00:00,2026-06-29T10:01:37.034725,3,2,98.9,0.4,98.7,59,98.6,150,98.5,1,,,,,,,,,,,,,,,99.1,56,99.2,100,,,,,,,,,,,,,,,,
2026-06-29T00:01:37.217725+00:00,2026-06-29T10:01:37.207725,2,1,98.95,0.5,98.7,59,98.5,1,,,,,,,,,,,,,,,,,99.2,100,,,,,,,,,,,,,,,,,,
2026-06-29T00:01:37.272725+00:00,2026-06-29T10:01:37.262725,3,1,99.1,0.2,99.0,150,98.7,59,98.5,1,,,,,,,,,,,,,,,99.2,100,,,,,,,,,,,,,,,,,,
2026-06-29T00:01:37.305725+00:00,2026-06-29T10:01:37.302725,2,1,99.1,0.2,99.0,150,98.7,59,,,,,,,,,,,,,,,,,99.2,100,,,,,,,,,,,,,,,,,,
2026-06-29T00:01:37.316725+00:00,2026-06-29T10:01:37.314725,2,2,99.1,0.2,99.0,150,98.7,59,,,,,,,,,,,,,,,,,99.2,100,99.5,150,,,,,,,,,,,,,,,,
2026-06-29T00:01:37.514258+00:00,2026-06-29T10:01:37.511258,1,1,99.25,0.5,99.0,150,,,,,,,,,,,,,,,,,,,99.5,150,,,,,,,,,,,,,,,,,,
2026-06-29T00:01:37.569258+00:00,2026-06-29T10:01:37.563258,2,1,99.25,0.5,99.0,150,98.6,100,,,,,,,,,,,,,,,,,99.5,150,,,,,,,,,,,,,,,,,,
2026-06-29T00:01:37.624258+00:00,2026-06-29T10:01:37.615258,2,2,99.05,0.1,99.0,150,98.6,100,,,,,,,,,,,,,,,,,99.1,100,99.5,150,,,,,,,,,,,,,,,,
2026-06-29T00:01:37.888259+00:00,2026-06-29T10:01:37.879258,2,2,99.05,0.1,99.0,101,98.6,100,,,,,,,,,,,,,,,,,99.1,100,99.5,150,,,,,,,,,,,,,,,,
2026-06-29T00:01:38.470533+00:00,2026-06-29T10:01:38.467533,3,2,99.05,0.1,99.0,101,98.7,4,98.6,100,,,,,,,,,,,,,,,99.1,100,99.5,150,,,,,,,,,,,,,,,,
2026-06-29T00:01:38.910542+00:00,2026-06-29T10:01:38.905534,3,2,99.05,0.1,99.0,99,98.7,4,98.6,100,,,,,,,,,,,,,,,99.1,100,99.5,150,,,,,,,,,,,,,,,,
2026-06-29T00:01:39.031542+00:00,2026-06-29T10:01:39.021533,3,2,99.05,0.1,99.0,97,98.7,4,98.6,100,,,,,,,,,,,,,,,99.1,100,99.5,150,,,,,,,,,,,,,,,,
2026-06-29T00:01:39.141542+00:00,2026-06-29T10:01:39.139542,3,2,99.05,0.1,99.0,97,98.7,4,98.6,100,,,,,,,,,,,,,,,99.1,50,99.5,150,,,,,,,,,,,,,,,,
2026-06-29T00:01:40.373542+00:00,2026-06-29T10:01:40.368543,2,1,98.9,0.4,98.7,4,98.6,100,,,,,,,,,,,,,,,,,99.1,50,,,,,,,,,,,,,,,,,,
2026-06-29T00:01:40.472542+00:00,2026-06-29T10:01:40.462542,3,1,99.0,0.2,98.9,150,98.7,4,98.6,100,,,,,,,,,,,,,,,99.1,50,,,,,,,,,,,,,,,,,,
2026-06-29T00:01:40.516542+00:00,2026-06-29T10:01:40.513542,3,2,99.0,0.2,98.9,150,98.7,4,98.6,100,,,,,,,,,,,,,,,99.1,50,99.4,150,,,,,,,,,,,,,,,,
2026-06-29T00:01:40.670542+00:00,2026-06-29T10:01:40.669542,3,1,99.15,0.5,98.9,150,98.7,4,98.6,100,,,,,,,,,,,,,,,99.4,150,,,,,,,,,,,,,,,,,,
2026-06-29T00:01:40.681542+00:00,2026-06-29T10:01:40.671543,2,1,99.15,0.5,98.9,150,98.7,4,,,,,,,,,,,,,,,,,99.4,150,,,,,,,,,,,,,,,,,,
2026-06-29T00:01:40.725543+00:00,2026-06-29T10:01:40.724542,3,1,99.15,0.5,98.9,150,98.8,100,98.7,4,,,,,,,,,,,,,,,99.4,150,,,,,,,,,,,,,,,,,,
2026-06-29T00:01:40.780542+00:00,2026-06-29T10:01:40.776542,3,2,99.1,0.4,98.9,150,98.8,100,98.7,4,,,,,,,,,,,,,,,99.3,100,99.4,150,,,,,,,,,,,,,,,,
2026-06-29T00:01:41.253542+00:00,2026-06-29T10:01:41.246542,3,2,99.1,0.4,98.9,150,98.8,100,98.7,4,,,,,,,,,,,,,,,99.3,50,99.4,150,,,,,,,,,,,,,,,,
2026-06-29T00:01:42.144542+00:00,2026-06-29T10:01:42.138542,3,2,99.1,0.4,98.9,150,98.8,100,98.7,4,,,,,,,,,,,,,,,99.3,6,99.4,150,,,,,,,,,,,,,,,,
2026-06-29T00:01:42.947542+00:00,2026-06-29T10:01:42.939533,3,2,99.1,0.4,98.9,150,98.8,100,98.7,3,,,,,,,,,,,,,,,99.3,6,99.4,150,,,,,,,,,,,,,,,,
2026-06-29T00:01:43.418791+00:00,2026-06-29T10:01:43.408782,3,2,99.1,0.4,98.9,100,98.8,100,98.7,3,,,,,,,,,,,,,,,99.3,6,99.4,150,,,,,,,,,,,,,,,,
2026-06-29T00:01:43.484791+00:00,2026-06-29T10:01:43.473791,3,2,99.1,0.4,98.9,100,98.8,100,98.7,2,,,,,,,,,,,,,,,99.3,6,99.4,150,,,,,,,,,,,,,,,,
2026-06-29T00:01:43.572791+00:00,2026-06-29T10:01:43.571791,2,1,99.05,0.5,98.8,100,98.7,2,,,,,,,,,,,,,,,,,99.3,6,,,,,,,,,,,,,,,,,,
2026-06-29T00:01:43.627791+00:00,2026-06-29T10:01:43.623791,2,1,99.05,0.5,98.8,100,98.7,152,,,,,,,,,,,,,,,,,99.3,6,,,,,,,,,,,,,,,,,,
2026-06-29T00:01:43.682791+00:00,2026-06-29T10:01:43.675783,2,2,99.0,0.4,98.8,100,98.7,152,,,,,,,,,,,,,,,,,99.2,150,99.3,6,,,,,,,,,,,,,,,,
2026-06-29T00:01:43.836791+00:00,2026-06-29T10:01:43.833791,1,1,98.95,0.5,98.7,152,,,,,,,,,,,,,,,,,,,99.2,150,,,,,,,,,,,,,,,,,,
2026-06-29T00:01:43.891791+00:00,2026-06-29T10:01:43.888791,1,1,98.95,0.5,98.7,152,,,,,,,,,,,,,,,,,,,99.2,50,,,,,,,,,,,,,,,,,,
2026-06-29T00:01:43.957791+00:00,2026-06-29T10:01:43.948792,1,2,98.95,0.5,98.7,152,,,,,,,,,,,,,,,,,,,99.2,50,99.7,100,,,,,,,,,,,,,,,,
2026-06-29T00:01:44.177784+00:00,2026-06-29T10:01:44.166792,1,2,98.95,0.5,98.7,106,,,,,,,,,,,,,,,,,,,99.2,50,99.7,100,,,,,,,,,,,,,,,,
2026-06-29T00:01:45.519791+00:00,2026-06-29T10:01:45.516791,1,2,98.95,0.5,98.7,56,,,,,,,,,,,,,,,,,,,99.2,50,99.7,100,,,,,,,,,,,,,,,,
2026-06-29T00:01:46.739847+00:00,2026-06-29T10:01:46.730847,0,1,,,,,,,,,,,,,,,,,,,,,,,99.7,100,,,,,,,,,,,,,,,,,,
2026-06-29T00:01:46.783847+00:00,2026-06-29T10:01:46.782847,1,1,99.2,1.0,98.7,150,,,,,,,,,,,,,,,,,,,99.7,100,,,,,,,,,,,,,,,,,,
2026-06-29T00:01:46.838846+00:00,2026-06-29T10:01:46.836838,1,2,98.95,0.5,98.7,150,,,,,,,,,,,,,,,,,,,99.2,150,99.7,100,,,,,,,,,,,,,,,,
2026-06-29T00:01:47.014847+00:00,2026-06-29T10:01:47.003847,1,1,98.95,0.5,98.7,150,,,,,,,,,,,,,,,,,,,99.2,150,,,,,,,,,,,,,,,,,,
2026-06-29T00:01:47.058847+00:00,2026-06-29T10:01:47.056847,2,1,99.0,0.4,98.8,100,98.7,150,,,,,,,,,,,,,,,,,99.2,150,,,,,,,,,,,,,,,,,,
2026-06-29T00:01:47.124847+00:00,2026-06-29T10:01:47.121847,2,2,99.0,0.4,98.8,105,98.7,150,,,,,,,,,,,,,,,,,99.2,150,99.3,100,,,,,,,,,,,,,,,,
2026-06-29T00:01:47.630380+00:00,2026-06-29T10:01:47.622381,2,2,99.0,0.4,98.8,55,98.7,150,,,,,,,,,,,,,,,,,99.2,150,99.3,100,,,,,,,,,,,,,,,,
2026-06-29T00:01:47.982380+00:00,2026-06-29T10:01:47.974380,2,2,99.0,0.4,98.8,54,98.7,150,,,,,,,,,,,,,,,,,99.2,150,99.3,100,,,,,,,,,,,,,,,,
2026-06-29T00:01:48.015381+00:00,2026-06-29T10:01:48.013381,2,2,99.0,0.4,98.8,54,98.7,150,,,,,,,,,,,,,,,,,99.2,101,99.3,100,,,,,,,,,,,,,,,,
2026-06-29T00:01:49.731030+00:00,2026-06-29T10:01:49.730030,2,2,99.0,0.4,98.8,4,98.7,150,,,,,,,,,,,,,,,,,99.2,101,99.3,100,,,,,,,,,,,,,,,,
2026-06-29T00:01:49.896030+00:00,2026-06-29T10:01:49.893031,0,1,,,,,,,,,,,,,,,,,,,,,,,99.3,100,,,,,,,,,,,,,,,,,,
2026-06-29T00:01:49.951030+00:00,2026-06-29T10:01:49.945030,1,1,99.0,0.6,98.7,150,,,,,,,,,,,,,,,,,,,99.3,100,,,,,,,,,,,,,,,,,,
2026-06-29T00:01:49.984030+00:00,2026-06-29T10:01:49.982030,2,1,99.05,0.5,98.8,5,98.7,150,,,,,,,,,,,,,,,,,99.3,100,,,,,,,,,,,,,,,,,,
2026-06-29T00:01:50.006030+00:00,2026-06-29T10:01:49.998030,2,2,99.0,0.4,98.8,5,98.7,150,,,,,,,,,,,,,,,,,99.2,150,99.3,100,,,,,,,,,,,,,,,,
2026-06-29T00:01:50.171021+00:00,2026-06-29T10:01:50.164021,2,1,99.0,0.4,98.8,5,98.7,150,,,,,,,,,,,,,,,,,99.2,150,,,,,,,,,,,,,,,,,,
2026-06-29T00:01:50.226022+00:00,2026-06-29T10:01:50.217021,3,1,99.0,0.4,98.8,5,98.7,150,98.6,100,,,,,,,,,,,,,,,99.2,150,,,,,,,,,,,,,,,,,,
2026-06-29T00:01:50.281021+00:00,2026-06-29T10:01:50.271021,3,2,98.95,0.3,98.8,5,98.7,150,98.6,100,,,,,,,,,,,,,,,99.1,100,99.2,150,,,,,,,,,,,,,,,,
2026-06-29T00:01:51.117030+00:00,2026-06-29T10:01:51.116030,3,2,98.95,0.3,98.8,3,98.7,150,98.6,100,,,,,,,,,,,,,,,99.1,100,99.2,150,,,,,,,,,,,,,,,,
2026-06-29T00:01:51.414030+00:00,2026-06-29T10:01:51.408030,3,2,98.95,0.3,98.8,3,98.7,150,98.6,100,,,,,,,,,,,,,,,99.1,54,99.2,150,,,,,,,,,,,,,,,,
2026-06-29T00:01:51.843030+00:00,2026-06-29T10:01:51.838030,2,2,98.9,0.4,98.7,103,98.6,100,,,,,,,,,,,,,,,,,99.1,54,99.2,150,,,,,,,,,,,,,,,,
2026-06-29T00:01:52.008030+00:00,2026-06-29T10:01:51.999030,3,2,98.95,0.3,98.8,4,98.7,103,98.6,100,,,,,,,,,,,,,,,99.1,54,99.2,150,,,,,,,,,,,,,,,,
2026-06-29T00:01:52.965030+00:00,2026-06-29T10:01:52.958030,3,2,98.95,0.3,98.8,4,98.7,103,98.6,100,,,,,,,,,,,,,,,99.1,11,99.2,150,,,,,,,,,,,,,,,,
2026-06-29T00:01:53.053031+00:00,2026-06-29T10:01:53.051030,3,1,98.95,0.3,98.8,4,98.7,103,98.6,100,,,,,,,,,,,,,,,99.1,11,,,,,,,,,,,,,,,,,,
2026-06-29T00:01:53.064155+00:00,2026-06-29T10:01:53.053031,2,1,98.95,0.3,98.8,4,98.6,100,,,,,,,,,,,,,,,,,99.1,11,,,,,,,,,,,,,,,,,,
2026-06-29T00:01:53.108155+00:00,2026-06-29T10:01:53.107155,3,1,99.0,0.2,98.9,150,98.8,4,98.6,100,,,,,,,,,,,,,,,99.1,11,,,,,,,,,,,,,,,,,,
2026-06-29T00:01:53.185155+00:00,2026-06-29T10:01:53.183155,3,2,99.0,0.2,98.9,150,98.8,4,98.6,100,,,,,,,,,,,,,,,99.1,11,99.4,150,,,,,,,,,,,,,,,,
2026-06-29T00:01:53.328155+00:00,2026-06-29T10:01:53.325156,2,1,99.15,0.5,98.9,150,98.8,4,,,,,,,,,,,,,,,,,99.4,150,,,,,,,,,,,,,,,,,,
2026-06-29T00:01:53.383155+00:00,2026-06-29T10:01:53.377155,2,1,99.15,0.5,98.9,150,98.8,104,,,,,,,,,,,,,,,,,99.4,150,,,,,,,,,,,,,,,,,,
2026-06-29T00:01:53.438155+00:00,2026-06-29T10:01:53.430155,2,2,99.1,0.4,98.9,150,98.8,104,,,,,,,,,,,,,,,,,99.3,100,99.4,150,,,,,,,,,,,,,,,,
2026-06-29T00:01:53.955175+00:00,2026-06-29T10:01:53.945176,2,2,99.1,0.4,98.9,100,98.8,104,,,,,,,,,,,,,,,,,99.3,100,99.4,150,,,,,,,,,,,,,,,,
2026-06-29T00:01:54.538175+00:00,2026-06-29T10:01:54.530175,2,2,99.1,0.4,98.9,57,98.8,104,,,,,,,,,,,,,,,,,99.3,100,99.4,150,,,,,,,,,,,,,,,,
2026-06-29T00:01:56.055710+00:00,2026-06-29T10:01:56.052710,2,2,99.1,0.4,98.9,7,98.8,104,,,,,,,,,,,,,,,,,99.3,100,99.4,150,,,,,,,,,,,,,,,,
2026-06-29T00:01:56.242287+00:00,2026-06-29T10:01:56.234287,1,1,99.05,0.5,98.8,104,,,,,,,,,,,,,,,,,,,99.3,100,,,,,,,,,,,,,,,,,,
2026-06-29T00:01:56.297287+00:00,2026-06-29T10:01:56.293287,2,1,99.05,0.5,98.8,104,98.1,150,,,,,,,,,,,,,,,,,99.3,100,,,,,,,,,,,,,,,,,,
2026-06-29T00:01:56.352287+00:00,2026-06-29T10:01:56.342279,1,2,98.35,0.5,98.1,150,,,,,,,,,,,,,,,,,,,98.6,46,99.3,100,,,,,,,,,,,,,,,,
2026-06-29T00:01:56.495287+00:00,2026-06-29T10:01:56.485287,1,1,98.35,0.5,98.1,150,,,,,,,,,,,,,,,,,,,98.6,46,,,,,,,,,,,,,,,,,,
2026-06-29T00:01:56.539287+00:00,2026-06-29T10:01:56.538285,2,0,,,98.7,54,98.1,150,,,,,,,,,,,,,,,,,,,,,,,,,,,,,,,,,,,,
2026-06-29T00:01:56.594287+00:00,2026-06-29T10:01:56.590287,2,1,98.95,0.5,98.7,54,98.1,150,,,,,,,,,,,,,,,,,99.2,100,,,,,,,,,,,,,,,,,,
2026-06-29T00:01:58.111506+00:00,2026-06-29T10:01:58.108505,2,1,98.95,0.5,98.7,54,98.1,150,,,,,,,,,,,,,,,,,99.2,50,,,,,,,,,,,,,,,,,,
2026-06-29T00:01:59.398526+00:00,2026-06-29T10:01:59.395517,1,1,98.95,0.5,98.7,54,,,,,,,,,,,,,,,,,,,99.2,50,,,,,,,,,,,,,,,,,,
2026-06-29T00:01:59.453526+00:00,2026-06-29T10:01:59.447526,2,1,98.95,0.5,98.7,54,98.4,150,,,,,,,,,,,,,,,,,99.2,50,,,,,,,,,,,,,,,,,,
2026-06-29T00:01:59.508526+00:00,2026-06-29T10:01:59.501526,2,2,98.8,0.2,98.7,54,98.4,150,,,,,,,,,,,,,,,,,98.9,150,99.2,50,,,,,,,,,,,,,,,,
2026-06-29T00:01:59.651526+00:00,2026-06-29T10:01:59.644526,1,1,98.65,0.5,98.4,150,,,,,,,,,,,,,,,,,,,98.9,150,,,,,,,,,,,,,,,,,,
2026-06-29T00:01:59.706526+00:00,2026-06-29T10:01:59.697526,1,1,98.65,0.5,98.4,250,,,,,,,,,,,,,,,,,,,98.9,150,,,,,,,,,,,,,,,,,,
2026-06-29T00:01:59.761526+00:00,2026-06-29T10:01:59.751526,1,1,98.65,0.5,98.4,250,,,,,,,,,,,,,,,,,,,98.9,250,,,,,,,,,,,,,,,,,,
2026-06-29T00:02:00.223525+00:00,2026-06-29T10:02:00.217526,1,1,98.65,0.5,98.4,250,,,,,,,,,,,,,,,,,,,98.9,200,,,,,,,,,,,,,,,,,,
2026-06-29T00:02:00.685526+00:00,2026-06-29T10:02:00.681526,1,1,98.65,0.5,98.4,250,,,,,,,,,,,,,,,,,,,98.9,159,,,,,,,,,,,,,,,,,,
2026-06-29T00:02:00.729526+00:00,2026-06-29T10:02:00.723526,1,1,98.65,0.5,98.4,204,,,,,,,,,,,,,,,,,,,98.9,159,,,,,,,,,,,,,,,,,,
2026-06-29T00:02:02.269060+00:00,2026-06-29T10:02:02.263060,1,1,98.65,0.5,98.4,158,,,,,,,,,,,,,,,,,,,98.9,159,,,,,,,,,,,,,,,,,,
2026-06-29T00:02:02.557051+00:00,2026-06-29T10:02:02.556050,1,1,98.65,0.5,98.4,158,,,,,,,,,,,,,,,,,,,98.9,100,,,,,,,,,,,,,,,,,,
2026-06-29T00:02:02.568050+00:00,2026-06-29T10:02:02.560050,1,1,98.65,0.5,98.4,100,,,,,,,,,,,,,,,,,,,98.9,100,,,,,,,,,,,,,,,,,,
2026-06-29T00:02:02.623050+00:00,2026-06-29T10:02:02.612052,2,1,98.65,0.5,98.4,100,98.0,150,,,,,,,,,,,,,,,,,98.9,100,,,,,,,,,,,,,,,,,,
2026-06-29T00:02:02.667051+00:00,2026-06-29T10:02:02.665051,2,2,98.45,0.1,98.4,100,98.0,150,,,,,,,,,,,,,,,,,98.5,150,98.9,100,,,,,,,,,,,,,,,,
2026-06-29T00:02:02.810051+00:00,2026-06-29T10:02:02.804051,1,1,98.25,0.5,98.0,150,,,,,,,,,,,,,,,,,,,98.5,150,,,,,,,,,,,,,,,,,,
2026-06-29T00:02:02.865051+00:00,2026-06-29T10:02:02.860051,1,1,98.25,0.5,98.0,250,,,,,,,,,,,,,,,,,,,98.5,150,,,,,,,,,,,,,,,,,,
2026-06-29T00:02:02.920050+00:00,2026-06-29T10:02:02.909051,1,1,98.25,0.5,98.0,250,,,,,,,,,,,,,,,,,,,98.5,250,,,,,,,,,,,,,,,,,,
2026-06-29T00:02:04.438148+00:00,2026-06-29T10:02:04.435148,1,1,98.25,0.5,98.0,250,,,,,,,,,,,,,,,,,,,98.5,200,,,,,,,,,,,,,,,,,,
2026-06-29T00:02:05.725168+00:00,2026-06-29T10:02:05.717168,1,1,98.25,0.5,98.0,100,,,,,,,,,,,,,,,,,,,98.5,100,,,,,,,,,,,,,,,,,,
2026-06-29T00:02:05.780168+00:00,2026-06-29T10:02:05.769168,2,1,98.45,0.1,98.4,150,98.0,100,,,,,,,,,,,,,,,,,98.5,100,,,,,,,,,,,,,,,,,,
2026-06-29T00:02:05.835168+00:00,2026-06-29T10:02:05.830168,2,2,98.45,0.1,98.4,150,98.0,100,,,,,,,,,,,,,,,,,98.5,100,98.9,150,,,,,,,,,,,,,,,,
2026-06-29T00:02:05.967168+00:00,2026-06-29T10:02:05.963168,1,1,98.65,0.5,98.4,150,,,,,,,,,,,,,,,,,,,98.9,150,,,,,,,,,,,,,,,,,,
2026-06-29T00:02:06.022168+00:00,2026-06-29T10:02:06.015168,2,1,98.65,0.5,98.4,150,98.2,100,,,,,,,,,,,,,,,,,98.9,150,,,,,,,,,,,,,,,,,,
2026-06-29T00:02:06.077188+00:00,2026-06-29T10:02:06.067182,2,2,98.55,0.3,98.4,150,98.2,100,,,,,,,,,,,,,,,,,98.7,100,98.9,150,,,,,,,,,,,,,,,,
2026-06-29T00:02:06.494747+00:00,2026-06-29T10:02:06.493748,2,2,98.55,0.3,98.4,150,98.2,100,,,,,,,,,,,,,,,,,98.7,60,98.9,150,,,,,,,,,,,,,,,,
2026-06-29T00:02:07.594262+00:00,2026-06-29T10:02:07.587262,2,2,98.55,0.3,98.4,150,98.2,100,,,,,,,,,,,,,,,,,98.7,14,98.9,150,,,,,,,,,,,,,,,,
2026-06-29T00:02:08.704514+00:00,2026-06-29T10:02:08.696505,2,2,98.55,0.3,98.4,100,98.2,100,,,,,,,,,,,,,,,,,98.7,14,98.9,150,,,,,,,,,,,,,,,,
2026-06-29T00:02:08.902514+00:00,2026-06-29T10:02:08.901514,1,1,98.45,0.5,98.2,100,,,,,,,,,,,,,,,,,,,98.7,14,,,,,,,,,,,,,,,,,,
2026-06-29T00:02:08.957514+00:00,2026-06-29T10:02:08.955514,2,1,98.45,0.5,98.2,100,97.9,150,,,,,,,,,,,,,,,,,98.7,14,,,,,,,,,,,,,,,,,,
2026-06-29T00:02:09.023514+00:00,2026-06-29T10:02:09.014514,2,2,98.3,0.2,98.2,100,97.9,150,,,,,,,,,,,,,,,,,98.4,150,98.7,14,,,,,,,,,,,,,,,,
2026-06-29T00:02:09.122514+00:00,2026-06-29T10:02:09.121514,2,1,98.3,0.2,98.2,100,97.9,150,,,,,,,,,,,,,,,,,98.4,150,,,,,,,,,,,,,,,,,,
2026-06-29T00:02:09.133514+00:00,2026-06-29T10:02:09.123514,1,1,98.15,0.5,97.9,150,,,,,,,,,,,,,,,,,,,98.4,150,,,,,,,,,,,,,,,,,,
2026-06-29T00:02:09.177514+00:00,2026-06-29T10:02:09.174514,2,1,98.3,0.2,98.2,100,97.9,150,,,,,,,,,,,,,,,,,98.4,150,,,,,,,,,,,,,,,,,,
2026-06-29T00:02:09.232514+00:00,2026-06-29T10:02:09.228514,2,2,98.3,0.2,98.2,100,97.9,150,,,,,,,,,,,,,,,,,98.4,150,98.7,100,,,,,,,,,,,,,,,,
2026-06-29T00:02:09.518514+00:00,2026-06-29T10:02:09.514514,2,2,98.3,0.2,98.2,100,97.9,150,,,,,,,,,,,,,,,,,98.4,146,98.7,100,,,,,,,,,,,,,,,,
2026-06-29T00:02:10.211350+00:00,2026-06-29T10:02:10.207350,2,2,98.3,0.2,98.2,51,97.9,150,,,,,,,,,,,,,,,,,98.4,146,98.7,100,,,,,,,,,,,,,,,,
2026-06-29T00:02:10.497350+00:00,2026-06-29T10:02:10.496350,2,2,98.3,0.2,98.2,51,97.9,150,,,,,,,,,,,,,,,,,98.4,142,98.7,100,,,,,,,,,,,,,,,,
2026-06-29T00:02:10.728350+00:00,2026-06-29T10:02:10.724350,2,2,98.3,0.2,98.2,51,97.9,150,,,,,,,,,,,,,,,,,98.4,138,98.7,100,,,,,,,,,,,,,,,,
2026-06-29T00:02:10.805349+00:00,2026-06-29T10:02:10.802350,2,2,98.3,0.2,98.2,1,97.9,150,,,,,,,,,,,,,,,,,98.4,138,98.7,100,,,,,,,,,,,,,,,,
2026-06-29T00:02:11.520349+00:00,2026-06-29T10:02:11.516342,2,2,98.3,0.2,98.2,1,97.9,150,,,,,,,,,,,,,,,,,98.4,135,98.7,100,,,,,,,,,,,,,,,,
2026-06-29T00:02:12.070350+00:00,2026-06-29T10:02:12.068350,1,1,98.45,0.5,98.2,1,,,,,,,,,,,,,,,,,,,98.7,100,,,,,,,,,,,,,,,,,,
2026-06-29T00:02:12.125350+00:00,2026-06-29T10:02:12.120350,2,1,98.45,0.5,98.2,1,97.8,150,,,,,,,,,,,,,,,,,98.7,100,,,,,,,,,,,,,,,,,,
2026-06-29T00:02:12.180349+00:00,2026-06-29T10:02:12.173342,2,2,98.25,0.1,98.2,1,97.8,150,,,,,,,,,,,,,,,,,98.3,150,98.7,100,,,,,,,,,,,,,,,,
2026-06-29T00:02:12.290350+00:00,2026-06-29T10:02:12.285350,1,1,98.05,0.5,97.8,150,,,,,,,,,,,,,,,,,,,98.3,150,,,,,,,,,,,,,,,,,,
2026-06-29T00:02:12.345350+00:00,2026-06-29T10:02:12.339350,2,1,98.05,0.5,97.8,150,97.7,100,,,,,,,,,,,,,,,,,98.3,150,,,,,,,,,,,,,,,,,,
2026-06-29T00:02:12.400350+00:00,2026-06-29T10:02:12.392350,2,2,98.0,0.4,97.8,150,97.7,100,,,,,,,,,,,,,,,,,98.2,100,98.3,150,,,,,,,,,,,,,,,,
2026-06-29T00:02:12.917349+00:00,2026-06-29T10:02:12.910350,2,2,98.0,0.4,97.8,100,97.7,100,,,,,,,,,,,,,,,,,98.2,100,98.3,150,,,,,,,,,,,,,,,,
2026-06-29T00:02:13.158472+00:00,2026-06-29T10:02:13.152472,2,3,98.0,0.4,97.8,100,97.7,100,,,,,,,,,,,,,,,,,98.2,100,98.3,150,98.7,4,,,,,,,,,,,,,,
2026-06-29T00:02:14.863472+00:00,2026-06-29T10:02:14.862472,2,3,98.0,0.4,97.8,100,97.7,100,,,,,,,,,,,,,,,,,98.2,55,98.3,150,98.7,4,,,,,,,,,,,,,,
2026-06-29T00:02:14.973472+00:00,2026-06-29T10:02:14.966472,2,3,98.0,0.4,97.8,100,97.7,100,,,,,,,,,,,,,,,,,98.2,5,98.3,150,98.7,4,,,,,,,,,,,,,,
2026-06-29T00:02:15.237472+00:00,2026-06-29T10:02:15.231464,1,2,97.95,0.5,97.7,100,,,,,,,,,,,,,,,,,,,98.2,5,98.7,4,,,,,,,,,,,,,,,,
2026-06-29T00:02:15.292472+00:00,2026-06-29T10:02:15.287472,1,2,97.95,0.5,97.7,250,,,,,,,,,,,,,,,,,,,98.2,5,98.7,4,,,,,,,,,,,,,,,,
2026-06-29T00:02:15.336472+00:00,2026-06-29T10:02:15.334472,1,1,98.2,1.0,97.7,250,,,,,,,,,,,,,,,,,,,98.7,4,,,,,,,,,,,,,,,,,,
2026-06-29T00:02:15.347472+00:00,2026-06-29T10:02:15.342472,1,2,97.95,0.5,97.7,250,,,,,,,,,,,,,,,,,,,98.2,150,98.7,4,,,,,,,,,,,,,,,,
2026-06-29T00:02:15.391472+00:00,2026-06-29T10:02:15.387472,1,2,97.95,0.5,97.7,203,,,,,,,,,,,,,,,,,,,98.2,150,98.7,4,,,,,,,,,,,,,,,,
2026-06-29T00:02:15.457472+00:00,2026-06-29T10:02:15.446471,1,2,97.95,0.5,97.7,150,,,,,,,,,,,,,,,,,,,98.2,150,98.7,4,,,,,,,,,,,,,,,,
2026-06-29T00:02:15.501472+00:00,2026-06-29T10:02:15.498472,2,2,98.1,0.2,98.0,100,97.7,150,,,,,,,,,,,,,,,,,98.2,150,98.7,4,,,,,,,,,,,,,,,,
2026-06-29T00:02:15.578472+00:00,2026-06-29T10:02:15.569472,2,3,98.1,0.2,98.0,100,97.7,150,,,,,,,,,,,,,,,,,98.2,150,98.5,100,98.7,4,,,,,,,,,,,,,,
2026-06-29T00:02:16.997037+00:00,2026-06-29T10:02:16.991037,2,2,98.1,0.2,98.0,58,97.7,150,,,,,,,,,,,,,,,,,98.2,150,98.5,100,,,,,,,,,,,,,,,,
2026-06-29T00:02:17.129037+00:00,2026-06-29T10:02:17.125037,2,2,98.1,0.2,98.0,8,97.7,150,,,,,,,,,,,,,,,,,98.2,150,98.5,100,,,,,,,,,,,,,,,,
2026-06-29T00:02:17.459037+00:00,2026-06-29T10:02:17.454037,2,2,98.1,0.2,98.0,8,97.7,150,,,,,,,,,,,,,,,,,98.2,105,98.5,100,,,,,,,,,,,,,,,,
2026-06-29T00:02:18.404854+00:00,2026-06-29T10:02:18.399854,1,1,98.25,0.5,98.0,8,,,,,,,,,,,,,,,,,,,98.5,100,,,,,,,,,,,,,,,,,,
2026-06-29T00:02:18.459854+00:00,2026-06-29T10:02:18.449855,2,1,98.25,0.5,98.0,8,97.9,150,,,,,,,,,,,,,,,,,98.5,100,,,,,,,,,,,,,,,,,,
2026-06-29T00:02:18.503854+00:00,2026-06-29T10:02:18.502854,2,2,98.2,0.4,98.0,8,97.9,150,,,,,,,,,,,,,,,,,98.4,150,98.5,100,,,,,,,,,,,,,,,,
2026-06-29T00:02:18.635854+00:00,2026-06-29T10:02:18.631854,1,1,98.15,0.5,97.9,150,,,,,,,,,,,,,,,,,,,98.4,150,,,,,,,,,,,,,,,,,,
2026-06-29T00:02:18.690854+00:00,2026-06-29T10:02:18.681854,2,1,98.15,0.5,97.9,150,97.7,100,,,,,,,,,,,,,,,,,98.4,150,,,,,,,,,,,,,,,,,,
2026-06-29T00:02:18.745854+00:00,2026-06-29T10:02:18.734846,2,2,98.05,0.3,97.9,150,97.7,100,,,,,,,,,,,,,,,,,98.2,100,98.4,150,,,,,,,,,,,,,,,,
2026-06-29T00:02:18.921845+00:00,2026-06-29T10:02:18.919845,2,2,98.05,0.3,97.9,110,97.7,100,,,,,,,,,,,,,,,,,98.2,100,98.4,150,,,,,,,,,,,,,,,,
2026-06-29T00:02:19.262854+00:00,2026-06-29T10:02:19.260854,2,2,98.05,0.3,97.9,60,97.7,100,,,,,,,,,,,,,,,,,98.2,100,98.4,150,,,,,,,,,,,,,,,,
2026-06-29T00:02:19.416854+00:00,2026-06-29T10:02:19.408854,2,2,98.05,0.3,97.9,60,97.7,100,,,,,,,,,,,,,,,,,98.2,60,98.4,150,,,,,,,,,,,,,,,,
2026-06-29T00:02:19.999854+00:00,2026-06-29T10:02:19.994854,2,2,98.05,0.3,97.9,17,97.7,100,,,,,,,,,,,,,,,,,98.2,60,98.4,150,,,,,,,,,,,,,,,,
2026-06-29T00:02:20.571388+00:00,2026-06-29T10:02:20.561388,3,2,98.15,0.1,98.1,5,97.9,17,97.7,100,,,,,,,,,,,,,,,98.2,60,98.4,150,,,,,,,,,,,,,,,,
2026-06-29T00:02:21.561388+00:00,2026-06-29T10:02:21.558378,2,1,98.15,0.1,98.1,5,97.7,100,,,,,,,,,,,,,,,,,98.2,60,,,,,,,,,,,,,,,,,,
2026-06-29T00:02:21.627388+00:00,2026-06-29T10:02:21.623388,3,1,98.15,0.1,98.1,5,97.7,100,97.1,150,,,,,,,,,,,,,,,98.2,60,,,,,,,,,,,,,,,,,,
2026-06-29T00:02:21.682388+00:00,2026-06-29T10:02:21.679388,1,2,97.35,0.5,97.1,150,,,,,,,,,,,,,,,,,,,97.6,45,98.2,60,,,,,,,,,,,,,,,,
2026-06-29T00:02:21.792388+00:00,2026-06-29T10:02:21.789388,1,1,97.35,0.5,97.1,150,,,,,,,,,,,,,,,,,,,97.6,45,,,,,,,,,,,,,,,,,,
2026-06-29T00:02:21.847387+00:00,2026-06-29T10:02:21.842388,2,1,97.45,0.3,97.3,100,97.1,150,,,,,,,,,,,,,,,,,97.6,45,,,,,,,,,,,,,,,,,,
2026-06-29T00:02:21.913387+00:00,2026-06-29T10:02:21.902382,2,2,97.45,0.3,97.3,100,97.1,150,,,,,,,,,,,,,,,,,97.6,45,97.8,100,,,,,,,,,,,,,,,,
2026-06-29T00:02:23.430632+00:00,2026-06-29T10:02:23.422631,2,1,97.55,0.5,97.3,100,97.1,150,,,,,,,,,,,,,,,,,97.8,95,,,,,,,,,,,,,,,,,,
2026-06-29T00:02:24.739632+00:00,2026-06-29T10:02:24.733632,1,1,97.55,0.5,97.3,100,,,,,,,,,,,,,,,,,,,97.8,95,,,,,,,,,,,,,,,,,,
2026-06-29T00:02:24.794632+00:00,2026-06-29T10:02:24.788632,2,0,,,98.1,55,97.3,100,,,,,,,,,,,,,,,,,,,,,,,,,,,,,,,,,,,,
2026-06-29T00:02:24.860631+00:00,2026-06-29T10:02:24.852623,2,1,98.35,0.5,98.1,55,97.3,100,,,,,,,,,,,,,,,,,98.6,150,,,,,,,,,,,,,,,,,,
2026-06-29T00:02:24.959632+00:00,2026-06-29T10:02:24.950632,1,1,98.35,0.5,98.1,55,,,,,,,,,,,,,,,,,,,98.6,150,,,,,,,,,,,,,,,,,,
2026-06-29T00:02:25.014631+00:00,2026-06-29T10:02:25.004632,2,1,98.35,0.5,98.1,55,98.0,100,,,,,,,,,,,,,,,,,98.6,150,,,,,,,,,,,,,,,,,,
2026-06-29T00:02:25.058632+00:00,2026-06-29T10:02:25.056623,2,2,98.3,0.4,98.1,55,98.0,100,,,,,,,,,,,,,,,,,98.5,100,98.6,150,,,,,,,,,,,,,,,,
2026-06-29T00:02:25.542631+00:00,2026-06-29T10:02:25.535624,2,2,98.3,0.4,98.1,55,98.0,100,,,,,,,,,,,,,,,,,98.5,50,98.6,150,,,,,,,,,,,,,,,,
2026-06-29T00:02:27.456072+00:00,2026-06-29T10:02:27.446064,2,2,98.3,0.4,98.1,55,98.0,100,,,,,,,,,,,,,,,,,98.5,10,98.6,150,,,,,,,,,,,,,,,,
2026-06-29T00:02:27.643072+00:00,2026-06-29T10:02:27.641072,2,1,98.35,0.5,98.1,55,98.0,100,,,,,,,,,,,,,,,,,98.6,110,,,,,,,,,,,,,,,,,,
2026-06-29T00:02:27.907072+00:00,2026-06-29T10:02:27.902072,1,0,,,98.0,100,,,,,,,,,,,,,,,,,,,,,,,,,,,,,,,,,,,,,,
2026-06-29T00:02:27.962072+00:00,2026-06-29T10:02:27.961072,1,0,,,98.0,250,,,,,,,,,,,,,,,,,,,,,,,,,,,,,,,,,,,,,,
2026-06-29T00:02:28.028072+00:00,2026-06-29T10:02:28.021072,1,1,98.25,0.5,98.0,250,,,,,,,,,,,,,,,,,,,98.5,150,,,,,,,,,,,,,,,,,,
2026-06-29T00:02:28.115190+00:00,2026-06-29T10:02:28.109190,1,1,98.25,0.5,98.0,150,,,,,,,,,,,,,,,,,,,98.5,150,,,,,,,,,,,,,,,,,,
2026-06-29T00:02:28.170190+00:00,2026-06-29T10:02:28.164190,2,1,98.35,0.3,98.2,100,98.0,150,,,,,,,,,,,,,,,,,98.5,150,,,,,,,,,,,,,,,,,,
2026-06-29T00:02:28.225181+00:00,2026-06-29T10:02:28.217181,2,2,98.35,0.3,98.2,100,98.0,150,,,,,,,,,,,,,,,,,98.5,150,98.7,100,,,,,,,,,,,,,,,,
2026-06-29T00:02:28.973190+00:00,2026-06-29T10:02:28.966190,2,2,98.35,0.3,98.2,100,98.0,150,,,,,,,,,,,,,,,,,98.5,110,98.7,100,,,,,,,,,,,,,,,,
2026-06-29T00:02:29.589190+00:00,2026-06-29T10:02:29.584191,2,2,98.35,0.3,98.2,55,98.0,150,,,,,,,,,,,,,,,,,98.5,110,98.7,100,,,,,,,,,,,,,,,,
2026-06-29T00:02:29.754190+00:00,2026-06-29T10:02:29.749190,2,2,98.35,0.3,98.2,55,98.0,150,,,,,,,,,,,,,,,,,98.5,60,98.7,100,,,,,,,,,,,,,,,,
2026-06-29T00:02:31.085190+00:00,2026-06-29T10:02:31.075190,1,1,98.45,0.5,98.2,55,,,,,,,,,,,,,,,,,,,98.7,100,,,,,,,,,,,,,,,,,,
2026-06-29T00:02:31.129190+00:00,2026-06-29T10:02:31.128190,1,1,98.45,0.5,98.2,205,,,,,,,,,,,,,,,,,,,98.7,100,,,,,,,,,,,,,,,,,,
2026-06-29T00:02:31.184190+00:00,2026-06-29T10:02:31.180190,1,1,98.45,0.5,98.2,205,,,,,,,,,,,,,,,,,,,98.7,250,,,,,,,,,,,,,,,,,,
2026-06-29T00:02:31.283190+00:00,2026-06-29T10:02:31.274190,1,1,98.45,0.5,98.2,150,,,,,,,,,,,,,,,,,,,98.7,150,,,,,,,,,,,,,,,,,,
2026-06-29T00:02:31.338190+00:00,2026-06-29T10:02:31.329190,2,1,98.45,0.5,98.2,150,98.0,100,,,,,,,,,,,,,,,,,98.7,150,,,,,,,,,,,,,,,,,,
2026-06-29T00:02:31.393190+00:00,2026-06-29T10:02:31.382190,2,2,98.35,0.3,98.2,150,98.0,100,,,,,,,,,,,,,,,,,98.5,100,98.7,150,,,,,,,,,,,,,,,,
2026-06-29T00:02:31.866190+00:00,2026-06-29T10:02:31.856191,2,2,98.35,0.3,98.2,150,98.0,100,,,,,,,,,,,,,,,,,98.5,50,98.7,150,,,,,,,,,,,,,,,,
2026-06-29T00:02:32.251190+00:00,2026-06-29T10:02:32.240190,2,2,98.35,0.3,98.2,150,98.0,103,,,,,,,,,,,,,,,,,98.5,50,98.7,150,,,,,,,,,,,,,,,,
2026-06-29T00:02:32.460190+00:00,2026-06-29T10:02:32.449190,2,3,98.3,0.2,98.2,150,98.0,103,,,,,,,,,,,,,,,,,98.4,3,98.5,50,98.7,150,,,,,,,,,,,,,,
2026-06-29T00:02:33.988239+00:00,2026-06-29T10:02:33.978240,2,2,98.35,0.3,98.2,150,98.0,103,,,,,,,,,,,,,,,,,98.5,3,98.7,150,,,,,,,,,,,,,,,,
2026-06-29T00:02:34.175249+00:00,2026-06-29T10:02:34.170249,2,1,98.45,0.5,98.2,150,98.0,103,,,,,,,,,,,,,,,,,98.7,112,,,,,,,,,,,,,,,,,,
2026-06-29T00:02:34.241249+00:00,2026-06-29T10:02:34.234249,1,0,,,98.0,103,,,,,,,,,,,,,,,,,,,,,,,,,,,,,,,,,,,,,,
2026-06-29T00:02:34.296249+00:00,2026-06-29T10:02:34.287249,2,0,,,98.3,150,98.0,103,,,,,,,,,,,,,,,,,,,,,,,,,,,,,,,,,,,,
2026-06-29T00:02:34.351249+00:00,2026-06-29T10:02:34.340249,2,1,98.55,0.5,98.3,150,98.0,103,,,,,,,,,,,,,,,,,98.8,150,,,,,,,,,,,,,,,,,,
2026-06-29T00:02:34.439249+00:00,2026-06-29T10:02:34.438249,2,1,98.55,0.5,98.3,150,98.0,3,,,,,,,,,,,,,,,,,98.8,150,,,,,,,,,,,,,,,,,,
2026-06-29T00:02:34.494249+00:00,2026-06-29T10:02:34.492241,2,1,98.55,0.5,98.3,250,98.0,3,,,,,,,,,,,,,,,,,98.8,150,,,,,,,,,,,,,,,,,,
2026-06-29T00:02:34.549249+00:00,2026-06-29T10:02:34.545249,2,1,98.55,0.5,98.3,250,98.0,3,,,,,,,,,,,,,,,,,98.8,250,,,,,,,,,,,,,,,,,,
2026-06-29T00:02:35.407249+00:00,2026-06-29T10:02:35.397249,2,1,98.55,0.5,98.3,250,98.0,1,,,,,,,,,,,,,,,,,98.8,250,,,,,,,,,,,,,,,,,,
2026-06-29T00:02:36.099810+00:00,2026-06-29T10:02:36.088810,2,1,98.55,0.5,98.3,250,98.0,1,,,,,,,,,,,,,,,,,98.8,200,,,,,,,,,,,,,,,,,,
2026-06-29T00:02:36.429830+00:00,2026-06-29T10:02:36.420831,2,2,98.35,0.1,98.3,250,98.0,1,,,,,,,,,,,,,,,,,98.4,4,98.8,200,,,,,,,,,,,,,,,,
2026-06-29T00:02:36.671831+00:00,2026-06-29T10:02:36.663830,1,2,98.35,0.1,98.3,250,,,,,,,,,,,,,,,,,,,98.4,4,98.8,200,,,,,,,,,,,,,,,,
2026-06-29T00:02:37.397831+00:00,2026-06-29T10:02:37.396831,1,2,98.35,0.1,98.3,100,,,,,,,,,,,,,,,,,,,98.4,4,98.8,100,,,,,,,,,,,,,,,,
2026-06-29T00:02:37.452830+00:00,2026-06-29T10:02:37.450831,2,0,,,98.8,46,98.3,100,,,,,,,,,,,,,,,,,,,,,,,,,,,,,,,,,,,,
2026-06-29T00:02:37.507830+00:00,2026-06-29T10:02:37.504831,2,1,99.05,0.5,98.8,46,98.3,100,,,,,,,,,,,,,,,,,99.3,150,,,,,,,,,,,,,,,,,,
2026-06-29T00:02:37.606830+00:00,2026-06-29T10:02:37.600830,1,1,99.05,0.5,98.8,46,,,,,,,,,,,,,,,,,,,99.3,150,,,,,,,,,,,,,,,,,,
2026-06-29T00:02:37.661830+00:00,2026-06-29T10:02:37.654821,1,1,99.05,0.5,98.8,146,,,,,,,,,,,,,,,,,,,99.3,150,,,,,,,,,,,,,,,,,,
2026-06-29T00:02:37.716830+00:00,2026-06-29T10:02:37.707830,1,1,99.05,0.5,98.8,146,,,,,,,,,,,,,,,,,,,99.3,250,,,,,,,,,,,,,,,,,,
2026-06-29T00:02:37.837830+00:00,2026-06-29T10:02:37.826830,1,1,99.05,0.5,98.8,142,,,,,,,,,,,,,,,,,,,99.3,250,,,,,,,,,,,,,,,,,,
2026-06-29T00:02:37.903831+00:00,2026-06-29T10:02:37.898831,1,1,99.05,0.5,98.8,99,,,,,,,,,,,,,,,,,,,99.3,250,,,,,,,,,,,,,,,,,,
2026-06-29T00:02:38.221507+00:00,2026-06-29T10:02:38.220506,1,1,99.05,0.5,98.8,99,,,,,,,,,,,,,,,,,,,99.3,200,,,,,,,,,,,,,,,,,,
2026-06-29T00:02:38.430506+00:00,2026-06-29T10:02:38.421506,1,1,99.05,0.5,98.8,95,,,,,,,,,,,,,,,,,,,99.3,200,,,,,,,,,,,,,,,,,,
2026-06-29T00:02:39.024507+00:00,2026-06-29T10:02:39.016507,1,1,99.05,0.5,98.8,48,,,,,,,,,,,,,,,,,,,99.3,200,,,,,,,,,,,,,,,,,,
2026-06-29T00:02:39.464525+00:00,2026-06-29T10:02:39.461525,1,1,99.05,0.5,98.8,44,,,,,,,,,,,,,,,,,,,99.3,200,,,,,,,,,,,,,,,,,,
2026-06-29T00:02:40.333525+00:00,2026-06-29T10:02:40.327525,1,1,99.05,0.5,98.8,44,,,,,,,,,,,,,,,,,,,99.3,150,,,,,,,,,,,,,,,,,,
2026-06-29T00:02:40.487525+00:00,2026-06-29T10:02:40.476705,1,1,99.05,0.5,98.8,39,,,,,,,,,,,,,,,,,,,99.3,150,,,,,,,,,,,,,,,,,,
2026-06-29T00:02:40.564525+00:00,2026-06-29T10:02:40.557525,1,1,99.05,0.5,98.8,39,,,,,,,,,,,,,,,,,,,99.3,100,,,,,,,,,,,,,,,,,,
2026-06-29T00:02:40.619525+00:00,2026-06-29T10:02:40.609526,2,1,99.05,0.5,98.8,39,98.5,150,,,,,,,,,,,,,,,,,99.3,100,,,,,,,,,,,,,,,,,,
2026-06-29T00:02:40.663525+00:00,2026-06-29T10:02:40.661525,2,2,98.9,0.2,98.8,39,98.5,150,,,,,,,,,,,,,,,,,99.0,150,99.3,100,,,,,,,,,,,,,,,,
2026-06-29T00:02:40.773525+00:00,2026-06-29T10:02:40.764525,1,1,98.75,0.5,98.5,150,,,,,,,,,,,,,,,,,,,99.0,150,,,,,,,,,,,,,,,,,,
2026-06-29T00:02:40.828525+00:00,2026-06-29T10:02:40.817525,2,1,98.8,0.4,98.6,100,98.5,150,,,,,,,,,,,,,,,,,99.0,150,,,,,,,,,,,,,,,,,,
2026-06-29T00:02:40.872525+00:00,2026-06-29T10:02:40.871519,2,2,98.8,0.4,98.6,100,98.5,150,,,,,,,,,,,,,,,,,99.0,150,99.1,100,,,,,,,,,,,,,,,,
2026-06-29T00:02:41.477058+00:00,2026-06-29T10:02:41.472059,2,3,98.65,0.1,98.6,100,98.5,150,,,,,,,,,,,,,,,,,98.7,4,99.0,150,99.1,100,,,,,,,,,,,,,,
2026-06-29T00:02:41.488059+00:00,2026-06-29T10:02:41.478059,3,3,98.65,0.1,98.6,100,98.5,150,98.4,2,,,,,,,,,,,,,,,98.7,4,99.0,150,99.1,100,,,,,,,,,,,,,,
2026-06-29T00:02:42.445058+00:00,2026-06-29T10:02:42.439059,3,2,98.8,0.4,98.6,100,98.5,150,98.4,2,,,,,,,,,,,,,,,99.0,104,99.1,100,,,,,,,,,,,,,,,,
2026-06-29T00:02:42.478058+00:00,2026-06-29T10:02:42.477059,3,3,98.65,0.1,98.6,100,98.5,150,98.4,2,,,,,,,,,,,,,,,98.7,3,99.0,104,99.1,100,,,,,,,,,,,,,,
2026-06-29T00:02:43.721158+00:00,2026-06-29T10:02:43.716158,2,2,98.65,0.1,98.6,100,98.4,2,,,,,,,,,,,,,,,,,98.7,3,99.1,100,,,,,,,,,,,,,,,,
2026-06-29T00:02:43.776158+00:00,2026-06-29T10:02:43.768158,2,2,98.65,0.1,98.6,250,98.4,2,,,,,,,,,,,,,,,,,98.7,3,99.1,100,,,,,,,,,,,,,,,,
2026-06-29T00:02:43.831158+00:00,2026-06-29T10:02:43.821158,2,2,98.65,0.1,98.6,250,98.4,2,,,,,,,,,,,,,,,,,98.7,3,99.1,250,,,,,,,,,,,,,,,,
2026-06-29T00:02:43.930158+00:00,2026-06-29T10:02:43.929149,2,2,98.65,0.1,98.6,150,98.4,2,,,,,,,,,,,,,,,,,98.7,3,99.1,150,,,,,,,,,,,,,,,,
2026-06-29T00:02:43.985158+00:00,2026-06-29T10:02:43.977158,2,2,98.65,0.1,98.6,250,98.4,2,,,,,,,,,,,,,,,,,98.7,3,99.1,150,,,,,,,,,,,,,,,,
2026-06-29T00:02:44.040149+00:00,2026-06-29T10:02:44.034158,2,1,98.85,0.5,98.6,250,98.4,2,,,,,,,,,,,,,,,,,99.1,250,,,,,,,,,,,,,,,,,,
2026-06-29T00:02:44.502158+00:00,2026-06-29T10:02:44.498157,2,2,98.7,0.2,98.6,250,98.4,2,,,,,,,,,,,,,,,,,98.8,3,99.1,250,,,,,,,,,,,,,,,,
2026-06-29T00:02:44.546158+00:00,2026-06-29T10:02:44.545159,2,1,98.85,0.5,98.6,250,98.4,2,,,,,,,,,,,,,,,,,99.1,203,,,,,,,,,,,,,,,,,,
2026-06-29T00:02:44.579158+00:00,2026-06-29T10:02:44.572158,2,2,98.7,0.2,98.6,250,98.4,2,,,,,,,,,,,,,,,,,98.8,3,99.1,203,,,,,,,,,,,,,,,,
2026-06-29T00:02:46.404689+00:00,2026-06-29T10:02:46.401689,2,1,98.85,0.5,98.6,250,98.4,2,,,,,,,,,,,,,,,,,99.1,158,,,,,,,,,,,,,,,,,,
2026-06-29T00:02:46.679689+00:00,2026-06-29T10:02:46.678689,2,1,98.85,0.5,98.6,250,98.4,2,,,,,,,,,,,,,,,,,99.1,108,,,,,,,,,,,,,,,,,,
2026-06-29T00:02:46.877689+00:00,2026-06-29T10:02:46.875689,2,1,98.85,0.5,98.6,100,98.4,2,,,,,,,,,,,,,,,,,99.1,100,,,,,,,,,,,,,,,,,,
2026-06-29T00:02:46.932689+00:00,2026-06-29T10:02:46.930689,3,0,,,99.2,50,98.6,100,98.4,2,,,,,,,,,,,,,,,,,,,,,,,,,,,,,,,,,,
2026-06-29T00:02:46.987689+00:00,2026-06-29T10:02:46.983689,3,1,99.45,0.5,99.2,50,98.6,100,98.4,2,,,,,,,,,,,,,,,99.7,150,,,,,,,,,,,,,,,,,,
2026-06-29T00:02:46.998689+00:00,2026-06-29T10:02:46.997680,2,1,99.15,1.1,98.6,100,98.4,2,,,,,,,,,,,,,,,,,99.7,150,,,,,,,,,,,,,,,,,,
2026-06-29T00:02:47.097689+00:00,2026-06-29T10:02:47.089689,1,1,99.05,1.3,98.4,2,,,,,,,,,,,,,,,,,,,99.7,150,,,,,,,,,,,,,,,,,,
2026-06-29T00:02:47.152689+00:00,2026-06-29T10:02:47.143689,2,1,99.3,0.8,98.9,100,98.4,2,,,,,,,,,,,,,,,,,99.7,150,,,,,,,,,,,,,,,,,,
2026-06-29T00:02:47.207680+00:00,2026-06-29T10:02:47.197689,2,2,99.15,0.5,98.9,100,98.4,2,,,,,,,,,,,,,,,,,99.4,100,99.7,150,,,,,,,,,,,,,,,,
2026-06-29T00:02:47.262681+00:00,2026-06-29T10:02:47.260689,1,2,99.15,0.5,98.9,100,,,,,,,,,,,,,,,,,,,99.4,100,99.7,150,,,,,,,,,,,,,,,,
2026-06-29T00:02:48.097952+00:00,2026-06-29T10:02:48.089952,2,2,99.15,0.5,98.9,100,98.6,3,,,,,,,,,,,,,,,,,99.4,100,99.7,150,,,,,,,,,,,,,,,,
2026-06-29T00:02:48.152952+00:00,2026-06-29T10:02:48.144952,2,2,99.15,0.5,98.9,97,98.6,3,,,,,,,,,,,,,,,,,99.4,100,99.7,150,,,,,,,,,,,,,,,,
2026-06-29T00:02:48.174952+00:00,2026-06-29T10:02:48.169952,2,2,99.15,0.5,98.9,94,98.6,3,,,,,,,,,,,,,,,,,99.4,100,99.7,150,,,,,,,,,,,,,,,,
2026-06-29T00:02:48.229952+00:00,2026-06-29T10:02:48.228953,2,2,99.15,0.5,98.9,91,98.6,3,,,,,,,,,,,,,,,,,99.4,100,99.7,150,,,,,,,,,,,,,,,,
2026-06-29T00:02:48.284952+00:00,2026-06-29T10:02:48.275952,2,2,99.15,0.5,98.9,88,98.6,3,,,,,,,,,,,,,,,,,99.4,100,99.7,150,,,,,,,,,,,,,,,,
2026-06-29T00:02:48.306952+00:00,2026-06-29T10:02:48.300952,2,2,99.15,0.5,98.9,86,98.6,3,,,,,,,,,,,,,,,,,99.4,100,99.7,150,,,,,,,,,,,,,,,,
2026-06-29T00:02:48.328952+00:00,2026-06-29T10:02:48.326952,2,2,99.15,0.5,98.9,83,98.6,3,,,,,,,,,,,,,,,,,99.4,100,99.7,150,,,,,,,,,,,,,,,,
2026-06-29T00:02:48.680952+00:00,2026-06-29T10:02:48.677943,2,2,99.15,0.5,98.9,81,98.6,3,,,,,,,,,,,,,,,,,99.4,100,99.7,150,,,,,,,,,,,,,,,,
2026-06-29T00:02:48.713952+00:00,2026-06-29T10:02:48.707952,2,2,99.15,0.5,98.9,79,98.6,3,,,,,,,,,,,,,,,,,99.4,100,99.7,150,,,,,,,,,,,,,,,,
2026-06-29T00:02:49.923972+00:00,2026-06-29T10:02:49.914972,2,2,99.15,0.5,98.9,38,98.6,3,,,,,,,,,,,,,,,,,99.4,100,99.7,150,,,,,,,,,,,,,,,,
2026-06-29T00:02:50.044973+00:00,2026-06-29T10:02:50.035972,2,1,99.15,0.5,98.9,38,98.6,3,,,,,,,,,,,,,,,,,99.4,100,,,,,,,,,,,,,,,,,,
2026-06-29T00:02:50.099973+00:00,2026-06-29T10:02:50.088973,3,1,99.15,0.5,98.9,38,98.7,150,98.6,3,,,,,,,,,,,,,,,99.4,100,,,,,,,,,,,,,,,,,,
2026-06-29T00:02:50.143972+00:00,2026-06-29T10:02:50.140972,3,2,99.05,0.3,98.9,38,98.7,150,98.6,3,,,,,,,,,,,,,,,99.2,150,99.4,100,,,,,,,,,,,,,,,,
2026-06-29T00:02:50.253973+00:00,2026-06-29T10:02:50.249973,3,1,99.05,0.3,98.9,38,98.7,150,98.6,3,,,,,,,,,,,,,,,99.2,150,,,,,,,,,,,,,,,,,,
2026-06-29T00:02:50.264972+00:00,2026-06-29T10:02:50.254137,2,1,98.95,0.5,98.7,150,98.6,3,,,,,,,,,,,,,,,,,99.2,150,,,,,,,,,,,,,,,,,,
2026-06-29T00:02:50.286973+00:00,2026-06-29T10:02:50.276972,2,2,98.85,0.3,98.7,150,98.6,3,,,,,,,,,,,,,,,,,99.0,2,99.2,150,,,,,,,,,,,,,,,,
2026-06-29T00:02:50.308972+00:00,2026-06-29T10:02:50.304973,2,2,98.85,0.3,98.7,250,98.6,3,,,,,,,,,,,,,,,,,99.0,2,99.2,150,,,,,,,,,,,,,,,,
2026-06-29T00:02:50.363973+00:00,2026-06-29T10:02:50.360973,2,2,98.85,0.3,98.7,250,98.6,3,,,,,,,,,,,,,,,,,99.0,2,99.2,250,,,,,,,,,,,,,,,,
2026-06-29T00:02:51.936972+00:00,2026-06-29T10:02:51.925973,2,2,98.85,0.3,98.7,225,98.6,3,,,,,,,,,,,,,,,,,99.0,2,99.2,250,,,,,,,,,,,,,,,,
2026-06-29T00:02:52.145973+00:00,2026-06-29T10:02:52.135973,2,2,98.85,0.3,98.7,200,98.6,3,,,,,,,,,,,,,,,,,99.0,2,99.2,250,,,,,,,,,,,,,,,,
2026-06-29T00:02:52.354972+00:00,2026-06-29T10:02:52.347972,2,2,98.85,0.3,98.7,175,98.6,3,,,,,,,,,,,,,,,,,99.0,2,99.2,250,,,,,,,,,,,,,,,,
2026-06-29T00:02:52.563972+00:00,2026-06-29T10:02:52.553972,2,2,98.85,0.3,98.7,150,98.6,3,,,,,,,,,,,,,,,,,99.0,2,99.2,250,,,,,,,,,,,,,,,,
2026-06-29T00:02:52.772972+00:00,2026-06-29T10:02:52.762973,2,2,98.85,0.3,98.7,125,98.6,3,,,,,,,,,,,,,,,,,99.0,2,99.2,250,,,,,,,,,,,,,,,,
2026-06-29T00:02:52.981973+00:00,2026-06-29T10:02:52.973972,2,2,98.85,0.3,98.7,100,98.6,3,,,,,,,,,,,,,,,,,99.0,2,99.2,250,,,,,,,,,,,,,,,,
2026-06-29T00:02:53.047972+00:00,2026-06-29T10:02:53.043973,2,2,98.85,0.3,98.7,50,98.6,3,,,,,,,,,,,,,,,,,99.0,2,99.2,250,,,,,,,,,,,,,,,,
2026-06-29T00:02:53.202080+00:00,2026-06-29T10:02:53.195080,2,2,98.85,0.3,98.7,50,98.6,3,,,,,,,,,,,,,,,,,99.0,2,99.2,100,,,,,,,,,,,,,,,,
2026-06-29T00:02:53.257080+00:00,2026-06-29T10:02:53.247080,3,2,98.85,0.3,98.7,50,98.6,3,97.9,150,,,,,,,,,,,,,,,99.0,2,99.2,100,,,,,,,,,,,,,,,,
2026-06-29T00:02:53.312081+00:00,2026-06-29T10:02:53.303081,1,3,98.15,0.5,97.9,150,,,,,,,,,,,,,,,,,,,98.4,97,99.0,2,99.2,100,,,,,,,,,,,,,,
2026-06-29T00:02:53.323081+00:00,2026-06-29T10:02:53.319081,1,3,98.15,0.5,97.9,150,,,,,,,,,,,,,,,,,,,98.4,47,99.0,2,99.2,100,,,,,,,,,,,,,,
2026-06-29T00:02:53.334080+00:00,2026-06-29T10:02:53.325081,1,3,98.15,0.5,97.9,150,,,,,,,,,,,,,,,,,,,98.4,44,99.0,2,99.2,100,,,,,,,,,,,,,,
2026-06-29T00:02:53.367081+00:00,2026-06-29T10:02:53.366071,1,3,98.15,0.5,97.9,150,,,,,,,,,,,,,,,,,,,98.4,41,99.0,2,99.2,100,,,,,,,,,,,,,,
2026-06-29T00:02:53.400081+00:00,2026-06-29T10:02:53.392080,1,3,98.15,0.5,97.9,150,,,,,,,,,,,,,,,,,,,98.4,16,99.0,2,99.2,100,,,,,,,,,,,,,,
2026-06-29T00:02:53.422081+00:00,2026-06-29T10:02:53.414081,1,2,98.15,0.5,97.9,150,,,,,,,,,,,,,,,,,,,98.4,13,99.0,2,,,,,,,,,,,,,,,,
2026-06-29T00:02:53.455080+00:00,2026-06-29T10:02:53.450081,1,2,98.15,0.5,97.9,150,,,,,,,,,,,,,,,,,,,98.4,10,99.0,2,,,,,,,,,,,,,,,,
2026-06-29T00:02:53.477080+00:00,2026-06-29T10:02:53.466081,2,2,98.35,0.1,98.3,100,97.9,150,,,,,,,,,,,,,,,,,98.4,10,99.0,2,,,,,,,,,,,,,,,,
2026-06-29T00:02:53.499081+00:00,2026-06-29T10:02:53.498081,2,2,98.35,0.1,98.3,100,97.9,150,,,,,,,,,,,,,,,,,98.4,7,99.0,2,,,,,,,,,,,,,,,,
2026-06-29T00:02:53.521081+00:00,2026-06-29T10:02:53.519081,2,3,98.35,0.1,98.3,100,97.9,150,,,,,,,,,,,,,,,,,98.4,7,98.8,100,99.0,2,,,,,,,,,,,,,,
2026-06-29T00:02:53.609072+00:00,2026-06-29T10:02:53.601081,2,2,98.55,0.5,98.3,100,97.9,150,,,,,,,,,,,,,,,,,98.8,100,99.0,2,,,,,,,,,,,,,,,,
2026-06-29T00:02:55.105081+00:00,2026-06-29T10:02:55.100081,2,2,98.55,0.5,98.3,100,97.9,150,,,,,,,,,,,,,,,,,98.8,50,99.0,2,,,,,,,,,,,,,,,,
2026-06-29T00:02:55.545081+00:00,2026-06-29T10:02:55.542081,3,2,98.7,0.2,98.6,2,98.3,100,97.9,150,,,,,,,,,,,,,,,98.8,50,99.0,2,,,,,,,,,,,,,,,,
2026-06-29T00:02:56.369652+00:00,2026-06-29T10:02:56.365652,2,2,98.7,0.2,98.6,2,98.3,100,,,,,,,,,,,,,,,,,98.8,50,99.0,2,,,,,,,,,,,,,,,,
2026-06-29T00:02:56.413652+00:00,2026-06-29T10:02:56.411652,2,2,98.7,0.2,98.6,152,98.3,100,,,,,,,,,,,,,,,,,98.8,50,99.0,2,,,,,,,,,,,,,,,,
2026-06-29T00:02:56.468652+00:00,2026-06-29T10:02:56.463652,2,3,98.7,0.2,98.6,152,98.3,100,,,,,,,,,,,,,,,,,98.8,50,99.0,2,99.1,150,,,,,,,,,,,,,,
2026-06-29T00:02:56.578652+00:00,2026-06-29T10:02:56.572652,1,2,98.8,0.4,98.6,152,,,,,,,,,,,,,,,,,,,99.0,2,99.1,150,,,,,,,,,,,,,,,,
2026-06-29T00:02:56.633651+00:00,2026-06-29T10:02:56.630652,1,2,98.8,0.4,98.6,252,,,,,,,,,,,,,,,,,,,99.0,2,99.1,150,,,,,,,,,,,,,,,,
2026-06-29T00:02:56.688652+00:00,2026-06-29T10:02:56.678652,1,2,98.8,0.4,98.6,252,,,,,,,,,,,,,,,,,,,99.0,2,99.1,250,,,,,,,,,,,,,,,,
2026-06-29T00:02:57.821652+00:00,2026-06-29T10:02:57.817652,1,2,98.8,0.4,98.6,252,,,,,,,,,,,,,,,,,,,99.0,1,99.1,250,,,,,,,,,,,,,,,,
2026-06-29T00:02:58.635337+00:00,2026-06-29T10:02:58.627337,1,1,98.85,0.5,98.6,252,,,,,,,,,,,,,,,,,,,99.1,250,,,,,,,,,,,,,,,,,,
2026-06-29T00:02:59.372336+00:00,2026-06-29T10:02:59.364336,1,1,98.85,0.5,98.6,202,,,,,,,,,,,,,,,,,,,99.1,250,,,,,,,,,,,,,,,,,,
2026-06-29T00:02:59.526336+00:00,2026-06-29T10:02:59.519337,1,1,98.85,0.5,98.6,100,,,,,,,,,,,,,,,,,,,99.1,100,,,,,,,,,,,,,,,,,,
2026-06-29T00:02:59.537336+00:00,2026-06-29T10:02:59.535337,1,1,98.85,0.5,98.6,104,,,,,,,,,,,,,,,,,,,99.1,100,,,,,,,,,,,,,,,,,,
2026-06-29T00:02:59.581336+00:00,2026-06-29T10:02:59.572337,2,1,98.85,0.5,98.6,104,98.2,150,,,,,,,,,,,,,,,,,99.1,100,,,,,,,,,,,,,,,,,,
2026-06-29T00:02:59.636336+00:00,2026-06-29T10:02:59.625336,2,2,98.65,0.1,98.6,104,98.2,150,,,,,,,,,,,,,,,,,98.7,150,99.1,100,,,,,,,,,,,,,,,,
2026-06-29T00:02:59.746336+00:00,2026-06-29T10:02:59.737337,2,1,98.65,0.1,98.6,4,98.2,150,,,,,,,,,,,,,,,,,98.7,150,,,,,,,,,,,,,,,,,,
2026-06-29T00:02:59.790337+00:00,2026-06-29T10:02:59.789336,3,1,98.65,0.1,98.6,4,98.3,100,98.2,150,,,,,,,,,,,,,,,98.7,150,,,,,,,,,,,,,,,,,,
2026-06-29T00:02:59.845336+00:00,2026-06-29T10:02:59.843336,3,2,98.65,0.1,98.6,4,98.3,100,98.2,150,,,,,,,,,,,,,,,98.7,150,98.8,100,,,,,,,,,,,,,,,,
2026-06-29T00:02:59.922336+00:00,2026-06-29T10:02:59.915337,3,2,98.65,0.1,98.6,3,98.3,100,98.2,150,,,,,,,,,,,,,,,98.7,150,98.8,100,,,,,,,,,,,,,,,,
2026-06-29T00:03:00.153337+00:00,2026-06-29T10:03:00.150336,3,2,98.65,0.1,98.6,3,98.3,100,98.2,150,,,,,,,,,,,,,,,98.7,107,98.8,100,,,,,,,,,,,,,,,,
2026-06-29T00:03:00.428336+00:00,2026-06-29T10:03:00.426336,3,2,98.65,0.1,98.6,2,98.3,100,98.2,150,,,,,,,,,,,,,,,98.7,107,98.8,100,,,,,,,,,,,,,,,,
2026-06-29T00:03:01.473356+00:00,2026-06-29T10:03:01.470348,2,2,98.5,0.4,98.3,52,98.2,150,,,,,,,,,,,,,,,,,98.7,107,98.8,100,,,,,,,,,,,,,,,,
2026-06-29T00:03:02.683348+00:00,2026-06-29T10:03:02.680347,1,1,98.55,0.5,98.3,52,,,,,,,,,,,,,,,,,,,98.8,100,,,,,,,,,,,,,,,,,,
2026-06-29T00:03:02.738348+00:00,2026-06-29T10:03:02.733348,2,1,98.6,0.4,98.4,150,98.3,52,,,,,,,,,,,,,,,,,98.8,100,,,,,,,,,,,,,,,,,,
2026-06-29T00:03:02.815348+00:00,2026-06-29T10:03:02.807347,2,2,98.6,0.4,98.4,150,98.3,52,,,,,,,,,,,,,,,,,98.8,100,98.9,150,,,,,,,,,,,,,,,,
2026-06-29T00:03:02.837348+00:00,2026-06-29T10:03:02.832348,2,2,98.6,0.4,98.4,150,98.3,52,,,,,,,,,,,,,,,,,98.8,55,98.9,150,,,,,,,,,,,,,,,,
2026-06-29T00:03:02.903347+00:00,2026-06-29T10:03:02.899348,1,1,98.65,0.5,98.4,150,,,,,,,,,,,,,,,,,,,98.9,150,,,,,,,,,,,,,,,,,,
2026-06-29T00:03:02.958347+00:00,2026-06-29T10:03:02.952348,1,1,98.65,0.5,98.4,250,,,,,,,,,,,,,,,,,,,98.9,150,,,,,,,,,,,,,,,,,,
2026-06-29T00:03:03.013348+00:00,2026-06-29T10:03:03.004348,1,1,98.65,0.5,98.4,250,,,,,,,,,,,,,,,,,,,98.9,250,,,,,,,,,,,,,,,,,,
2026-06-29T00:03:03.596444+00:00,2026-06-29T10:03:03.588444,1,1,98.65,0.5,98.4,200,,,,,,,,,,,,,,,,,,,98.9,250,,,,,,,,,,,,,,,,,,
2026-06-29T00:03:05.312445+00:00,2026-06-29T10:03:05.303445,1,1,98.65,0.5,98.4,151,,,,,,,,,,,,,,,,,,,98.9,250,,,,,,,,,,,,,,,,,,
2026-06-29T00:03:05.686445+00:00,2026-06-29T10:03:05.683444,1,1,98.65,0.5,98.4,101,,,,,,,,,,,,,,,,,,,98.9,250,,,,,,,,,,,,,,,,,,
2026-06-29T00:03:05.862445+00:00,2026-06-29T10:03:05.860445,1,1,98.65,0.5,98.4,100,,,,,,,,,,,,,,,,,,,98.9,100,,,,,,,,,,,,,,,,,,
2026-06-29T00:03:05.917445+00:00,2026-06-29T10:03:05.913444,2,1,98.65,0.5,98.4,100,97.6,150,,,,,,,,,,,,,,,,,98.9,100,,,,,,,,,,,,,,,,,,
2026-06-29T00:03:05.972445+00:00,2026-06-29T10:03:05.967445,1,2,97.85,0.5,97.6,150,,,,,,,,,,,,,,,,,,,98.1,50,98.9,100,,,,,,,,,,,,,,,,
2026-06-29T00:03:06.038445+00:00,2026-06-29T10:03:06.032445,1,2,97.85,0.5,97.6,150,,,,,,,,,,,,,,,,,,,98.1,25,98.9,100,,,,,,,,,,,,,,,,
2026-06-29T00:03:06.060445+00:00,2026-06-29T10:03:06.059437,1,1,97.85,0.5,97.6,150,,,,,,,,,,,,,,,,,,,98.1,25,,,,,,,,,,,,,,,,,,
2026-06-29T00:03:06.114996+00:00,2026-06-29T10:03:06.110996,2,1,98.0,0.2,97.9,100,97.6,150,,,,,,,,,,,,,,,,,98.1,25,,,,,,,,,,,,,,,,,,
2026-06-29T00:03:06.169996+00:00,2026-06-29T10:03:06.162996,2,2,98.0,0.2,97.9,100,97.6,150,,,,,,,,,,,,,,,,,98.1,25,98.4,100,,,,,,,,,,,,,,,,
2026-06-29T00:03:06.246996+00:00,2026-06-29T10:03:06.243996,2,1,98.15,0.5,97.9,100,97.6,150,,,,,,,,,,,,,,,,,98.4,100,,,,,,,,,,,,,,,,,,
2026-06-29T00:03:06.477996+00:00,2026-06-29T10:03:06.472996,2,1,98.15,0.5,97.9,100,97.6,150,,,,,,,,,,,,,,,,,98.4,75,,,,,,,,,,,,,,,,,,
2026-06-29T00:03:06.686996+00:00,2026-06-29T10:03:06.680996,2,1,98.15,0.5,97.9,100,97.6,150,,,,,,,,,,,,,,,,,98.4,50,,,,,,,,,,,,,,,,,,
2026-06-29T00:03:07.798016+00:00,2026-06-29T10:03:07.790016,2,1,98.15,0.5,97.9,50,97.6,150,,,,,,,,,,,,,,,,,98.4,50,,,,,,,,,,,,,,,,,,
2026-06-29T00:03:09.029294+00:00,2026-06-29T10:03:09.022294,1,1,98.15,0.5,97.9,50,,,,,,,,,,,,,,,,,,,98.4,50,,,,,,,,,,,,,,,,,,
2026-06-29T00:03:09.084294+00:00,2026-06-29T10:03:09.077294,2,0,,,98.5,100,97.9,50,,,,,,,,,,,,,,,,,,,,,,,,,,,,,,,,,,,,
2026-06-29T00:03:09.139294+00:00,2026-06-29T10:03:09.129294,2,1,98.75,0.5,98.5,100,97.9,50,,,,,,,,,,,,,,,,,99.0,150,,,,,,,,,,,,,,,,,,
2026-06-29T00:03:09.227294+00:00,2026-06-29T10:03:09.218285,1,1,98.75,0.5,98.5,100,,,,,,,,,,,,,,,,,,,99.0,150,,,,,,,,,,,,,,,,,,
2026-06-29T00:03:09.282294+00:00,2026-06-29T10:03:09.271294,2,1,98.75,0.5,98.5,100,98.3,100,,,,,,,,,,,,,,,,,99.0,150,,,,,,,,,,,,,,,,,,
2026-06-29T00:03:09.326294+00:00,2026-06-29T10:03:09.324294,2,2,98.65,0.3,98.5,100,98.3,100,,,,,,,,,,,,,,,,,98.8,100,99.0,150,,,,,,,,,,,,,,,,
2026-06-29T00:03:09.898294+00:00,2026-06-29T10:03:09.897294,2,2,98.65,0.3,98.5,50,98.3,100,,,,,,,,,,,,,,,,,98.8,100,99.0,150,,,,,,,,,,,,,,,,
2026-06-29T00:03:11.582285+00:00,2026-06-29T10:03:11.581285,2,2,98.65,0.3,98.5,50,98.3,100,,,,,,,,,,,,,,,,,98.8,59,99.0,150,,,,,,,,,,,,,,,,
2026-06-29T00:03:12.186823+00:00,2026-06-29T10:03:12.183832,2,1,98.65,0.3,98.5,50,98.3,100,,,,,,,,,,,,,,,,,98.8,59,,,,,,,,,,,,,,,,,,
2026-06-29T00:03:12.197832+00:00,2026-06-29T10:03:12.186823,1,1,98.55,0.5,98.3,100,,,,,,,,,,,,,,,,,,,98.8,59,,,,,,,,,,,,,,,,,,
2026-06-29T00:03:12.241832+00:00,2026-06-29T10:03:12.236824,2,1,98.55,0.5,98.3,100,97.9,150,,,,,,,,,,,,,,,,,98.8,59,,,,,,,,,,,,,,,,,,
2026-06-29T00:03:12.296833+00:00,2026-06-29T10:03:12.287832,2,2,98.35,0.1,98.3,100,97.9,150,,,,,,,,,,,,,,,,,98.4,150,98.8,59,,,,,,,,,,,,,,,,
2026-06-29T00:03:12.307832+00:00,2026-06-29T10:03:12.301832,2,2,98.35,0.1,98.3,100,97.9,150,,,,,,,,,,,,,,,,,98.4,142,98.8,59,,,,,,,,,,,,,,,,
2026-06-29T00:03:12.384832+00:00,2026-06-29T10:03:12.382832,1,1,98.15,0.5,97.9,150,,,,,,,,,,,,,,,,,,,98.4,142,,,,,,,,,,,,,,,,,,
2026-06-29T00:03:12.439832+00:00,2026-06-29T10:03:12.434832,1,1,98.15,0.5,97.9,250,,,,,,,,,,,,,,,,,,,98.4,142,,,,,,,,,,,,,,,,,,
2026-06-29T00:03:12.494832+00:00,2026-06-29T10:03:12.490832,1,1,98.15,0.5,97.9,250,,,,,,,,,,,,,,,,,,,98.4,242,,,,,,,,,,,,,,,,,,
2026-06-29T00:03:12.923832+00:00,2026-06-29T10:03:12.912833,1,1,98.15,0.5,97.9,250,,,,,,,,,,,,,,,,,,,98.4,234,,,,,,,,,,,,,,,,,,
2026-06-29T00:03:14.298268+00:00,2026-06-29T10:03:14.292268,1,1,98.15,0.5,97.9,208,,,,,,,,,,,,,,,,,,,98.4,234,,,,,,,,,,,,,,,,,,
2026-06-29T00:03:14.771268+00:00,2026-06-29T10:03:14.761261,1,1,98.15,0.5,97.9,208,,,,,,,,,,,,,,,,,,,98.4,239,,,,,,,,,,,,,,,,,,
2026-06-29T00:03:15.343280+00:00,2026-06-29T10:03:15.342279,1,1,98.15,0.5,97.9,100,,,,,,,,,,,,,,,,,,,98.4,105,,,,,,,,,,,,,,,,,,
2026-06-29T00:03:15.398279+00:00,2026-06-29T10:03:15.395279,2,1,98.15,0.5,97.9,100,97.8,150,,,,,,,,,,,,,,,,,98.4,105,,,,,,,,,,,,,,,,,,
2026-06-29T00:03:15.453279+00:00,2026-06-29T10:03:15.446279,2,2,98.1,0.4,97.9,100,97.8,150,,,,,,,,,,,,,,,,,98.3,150,98.4,105,,,,,,,,,,,,,,,,
2026-06-29T00:03:15.552279+00:00,2026-06-29T10:03:15.544279,1,2,98.05,0.5,97.8,150,,,,,,,,,,,,,,,,,,,98.3,150,98.4,5,,,,,,,,,,,,,,,,
2026-06-29T00:03:15.607279+00:00,2026-06-29T10:03:15.597280,2,2,98.25,0.1,98.2,100,97.8,150,,,,,,,,,,,,,,,,,98.3,150,98.4,5,,,,,,,,,,,,,,,,
2026-06-29T00:03:15.662288+00:00,2026-06-29T10:03:15.651452,2,3,98.25,0.1,98.2,100,97.8,150,,,,,,,,,,,,,,,,,98.3,150,98.4,5,98.7,100,,,,,,,,,,,,,,
2026-06-29T00:03:15.783288+00:00,2026-06-29T10:03:15.773289,2,3,98.25,0.1,98.2,100,97.8,150,,,,,,,,,,,,,,,,,98.3,150,98.4,4,98.7,100,,,,,,,,,,,,,,
2026-06-29T00:03:15.882288+00:00,2026-06-29T10:03:15.880289,2,3,98.25,0.1,98.2,100,97.8,150,,,,,,,,,,,,,,,,,98.3,106,98.4,4,98.7,100,,,,,,,,,,,,,,
2026-06-29T00:03:15.937288+00:00,2026-06-29T10:03:15.934288,2,3,98.25,0.1,98.2,56,97.8,150,,,,,,,,,,,,,,,,,98.3,106,98.4,4,98.7,100,,,,,,,,,,,,,,
2026-06-29T00:03:16.178844+00:00,2026-06-29T10:03:16.171845,2,3,98.25,0.1,98.2,56,97.8,150,,,,,,,,,,,,,,,,,98.3,56,98.4,4,98.7,100,,,,,,,,,,,,,,
2026-06-29T00:03:16.255844+00:00,2026-06-29T10:03:16.250844,3,3,98.25,0.1,98.2,56,98.1,1,97.8,150,,,,,,,,,,,,,,,98.3,56,98.4,4,98.7,100,,,,,,,,,,,,,,
2026-06-29T00:03:16.563844+00:00,2026-06-29T10:03:16.558844,3,3,98.25,0.1,98.2,16,98.1,1,97.8,150,,,,,,,,,,,,,,,98.3,56,98.4,4,98.7,100,,,,,,,,,,,,,,
2026-06-29T00:03:16.739845+00:00,2026-06-29T10:03:16.735844,3,3,98.25,0.1,98.2,16,98.1,1,97.8,150,,,,,,,,,,,,,,,98.3,54,98.4,4,98.7,100,,,,,,,,,,,,,,
2026-06-29T00:03:17.124378+00:00,2026-06-29T10:03:17.117378,2,3,98.25,0.1,98.2,16,97.8,150,,,,,,,,,,,,,,,,,98.3,54,98.4,4,98.7,100,,,,,,,,,,,,,,
2026-06-29T00:03:18.080108+00:00,2026-06-29T10:03:18.079107,3,3,98.25,0.1,98.2,16,98.1,1,97.8,150,,,,,,,,,,,,,,,98.3,54,98.4,4,98.7,100,,,,,,,,,,,,,,
2026-06-29T00:03:18.344107+00:00,2026-06-29T10:03:18.334107,1,3,98.05,0.5,97.8,117,,,,,,,,,,,,,,,,,,,98.3,54,98.4,4,98.7,100,,,,,,,,,,,,,,
2026-06-29T00:03:18.509107+00:00,2026-06-29T10:03:18.502107,0,2,,,,,,,,,,,,,,,,,,,,,,,98.4,4,98.7,100,,,,,,,,,,,,,,,,
2026-06-29T00:03:18.564107+00:00,2026-06-29T10:03:18.556107,1,2,98.2,0.4,98.0,150,,,,,,,,,,,,,,,,,,,98.4,4,98.7,100,,,,,,,,,,,,,,,,
2026-06-29T00:03:18.619107+00:00,2026-06-29T10:03:18.616107,1,3,98.2,0.4,98.0,150,,,,,,,,,,,,,,,,,,,98.4,4,98.5,150,98.7,100,,,,,,,,,,,,,,
2026-06-29T00:03:18.718107+00:00,2026-06-29T10:03:18.709098,1,2,98.2,0.4,98.0,150,,,,,,,,,,,,,,,,,,,98.4,4,98.5,150,,,,,,,,,,,,,,,,
2026-06-29T00:03:18.762107+00:00,2026-06-29T10:03:18.760107,2,2,98.2,0.4,98.0,150,97.9,100,,,,,,,,,,,,,,,,,98.4,4,98.5,150,,,,,,,,,,,,,,,,
2026-06-29T00:03:18.817107+00:00,2026-06-29T10:03:18.814107,2,2,98.2,0.4,98.0,150,97.9,100,,,,,,,,,,,,,,,,,98.4,104,98.5,150,,,,,,,,,,,,,,,,
2026-06-29T00:03:18.883107+00:00,2026-06-29T10:03:18.873108,3,2,98.25,0.3,98.1,1,98.0,150,97.9,100,,,,,,,,,,,,,,,98.4,104,98.5,150,,,,,,,,,,,,,,,,
2026-06-29T00:03:18.960108+00:00,2026-06-29T10:03:18.949107,3,2,98.25,0.3,98.1,1,98.0,150,97.9,100,,,,,,,,,,,,,,,98.4,57,98.5,150,,,,,,,,,,,,,,,,
2026-06-29T00:03:18.982107+00:00,2026-06-29T10:03:18.971107,3,2,98.25,0.3,98.1,1,98.0,150,97.9,100,,,,,,,,,,,,,,,98.4,62,98.5,150,,,,,,,,,,,,,,,,
2026-06-29T00:03:19.202107+00:00,2026-06-29T10:03:19.197108,2,2,98.2,0.4,98.0,150,97.9,100,,,,,,,,,,,,,,,,,98.4,62,98.5,150,,,,,,,,,,,,,,,,
2026-06-29T00:03:19.510107+00:00,2026-06-29T10:03:19.505108,3,2,98.25,0.3,98.1,1,98.0,150,97.9,100,,,,,,,,,,,,,,,98.4,62,98.5,150,,,,,,,,,,,,,,,,
2026-06-29T00:03:19.796107+00:00,2026-06-29T10:03:19.788107,2,2,98.2,0.4,98.0,150,97.9,100,,,,,,,,,,,,,,,,,98.4,57,98.5,150,,,,,,,,,,,,,,,,
2026-06-29T00:03:20.390107+00:00,2026-06-29T10:03:20.389107,2,2,98.2,0.4,98.0,150,97.9,100,,,,,,,,,,,,,,,,,98.4,7,98.5,150,,,,,,,,,,,,,,,,
2026-06-29T00:03:21.677107+00:00,2026-06-29T10:03:21.671107,1,1,98.15,0.5,97.9,100,,,,,,,,,,,,,,,,,,,98.4,7,,,,,,,,,,,,,,,,,,
2026-06-29T00:03:21.732107+00:00,2026-06-29T10:03:21.728107,1,1,98.15,0.5,97.9,250,,,,,,,,,,,,,,,,,,,98.4,7,,,,,,,,,,,,,,,,,,
2026-06-29T00:03:21.787107+00:00,2026-06-29T10:03:21.781099,1,1,98.15,0.5,97.9,250,,,,,,,,,,,,,,,,,,,98.4,157,,,,,,,,,,,,,,,,,,
2026-06-29T00:03:21.875107+00:00,2026-06-29T10:03:21.870107,1,1,98.15,0.5,97.9,150,,,,,,,,,,,,,,,,,,,98.4,150,,,,,,,,,,,,,,,,,,
2026-06-29T00:03:21.930107+00:00,2026-06-29T10:03:21.925107,2,1,98.2,0.4,98.0,100,97.9,150,,,,,,,,,,,,,,,,,98.4,150,,,,,,,,,,,,,,,,,,
2026-06-29T00:03:21.952108+00:00,2026-06-29T10:03:21.942107,2,1,98.2,0.4,98.0,100,97.9,150,,,,,,,,,,,,,,,,,98.4,107,,,,,,,,,,,,,,,,,,
2026-06-29T00:03:21.985107+00:00,2026-06-29T10:03:21.978107,2,2,98.2,0.4,98.0,100,97.9,150,,,,,,,,,,,,,,,,,98.4,107,98.5,100,,,,,,,,,,,,,,,,
2026-06-29T00:03:22.513107+00:00,2026-06-29T10:03:22.502107,2,2,98.2,0.4,98.0,100,97.9,150,,,,,,,,,,,,,,,,,98.4,57,98.5,100,,,,,,,,,,,,,,,,
2026-06-29T00:03:24.601890+00:00,2026-06-29T10:03:24.600889,2,2,98.2,0.4,98.0,100,97.9,150,,,,,,,,,,,,,,,,,98.4,7,98.5,100,,,,,,,,,,,,,,,,
2026-06-29T00:03:24.843889+00:00,2026-06-29T10:03:24.834889,1,1,98.25,0.5,98.0,100,,,,,,,,,,,,,,,,,,,98.5,100,,,,,,,,,,,,,,,,,,
2026-06-29T00:03:24.887889+00:00,2026-06-29T10:03:24.886889,2,1,98.45,0.1,98.4,150,98.0,100,,,,,,,,,,,,,,,,,98.5,100,,,,,,,,,,,,,,,,,,
2026-06-29T00:03:24.942889+00:00,2026-06-29T10:03:24.939889,2,2,98.45,0.1,98.4,150,98.0,100,,,,,,,,,,,,,,,,,98.5,100,98.9,150,,,,,,,,,,,,,,,,
2026-06-29T00:03:25.041889+00:00,2026-06-29T10:03:25.035885,1,1,98.65,0.5,98.4,150,,,,,,,,,,,,,,,,,,,98.9,150,,,,,,,,,,,,,,,,,,
2026-06-29T00:03:25.096891+00:00,2026-06-29T10:03:25.090889,2,1,98.65,0.5,98.4,150,98.0,100,,,,,,,,,,,,,,,,,98.9,150,,,,,,,,,,,,,,,,,,
2026-06-29T00:03:25.151910+00:00,2026-06-29T10:03:25.141910,2,2,98.45,0.1,98.4,150,98.0,100,,,,,,,,,,,,,,,,,98.5,100,98.9,150,,,,,,,,,,,,,,,,
2026-06-29T00:03:26.768471+00:00,2026-06-29T10:03:26.760471,2,2,98.45,0.1,98.4,100,98.0,100,,,,,,,,,,,,,,,,,98.5,100,98.9,150,,,,,,,,,,,,,,,,
2026-06-29T00:03:28.000470+00:00,2026-06-29T10:03:27.995470,1,1,98.25,0.5,98.0,100,,,,,,,,,,,,,,,,,,,98.5,100,,,,,,,,,,,,,,,,,,
2026-06-29T00:03:28.055470+00:00,2026-06-29T10:03:28.047471,2,1,98.3,0.4,98.1,150,98.0,100,,,,,,,,,,,,,,,,,98.5,100,,,,,,,,,,,,,,,,,,
2026-06-29T00:03:28.109618+00:00,2026-06-29T10:03:28.100618,2,2,98.3,0.4,98.1,150,98.0,100,,,,,,,,,,,,,,,,,98.5,100,98.6,150,,,,,,,,,,,,,,,,
2026-06-29T00:03:28.219623+00:00,2026-06-29T10:03:28.210623,1,1,98.35,0.5,98.1,150,,,,,,,,,,,,,,,,,,,98.6,150,,,,,,,,,,,,,,,,,,
2026-06-29T00:03:28.263623+00:00,2026-06-29T10:03:28.259623,2,1,98.35,0.5,98.1,150,97.9,100,,,,,,,,,,,,,,,,,98.6,150,,,,,,,,,,,,,,,,,,
2026-06-29T00:03:28.329623+00:00,2026-06-29T10:03:28.318623,2,2,98.25,0.3,98.1,150,97.9,100,,,,,,,,,,,,,,,,,98.4,100,98.6,150,,,,,,,,,,,,,,,,
2026-06-29T00:03:28.879623+00:00,2026-06-29T10:03:28.877623,2,2,98.25,0.3,98.1,100,97.9,100,,,,,,,,,,,,,,,,,98.4,100,98.6,150,,,,,,,,,,,,,,,,
2026-06-29T00:03:30.991623+00:00,2026-06-29T10:03:30.987623,2,2,98.25,0.3,98.1,50,97.9,100,,,,,,,,,,,,,,,,,98.4,100,98.6,150,,,,,,,,,,,,,,,,
2026-06-29T00:03:31.156623+00:00,2026-06-29T10:03:31.154623,2,1,98.25,0.3,98.1,50,97.9,100,,,,,,,,,,,,,,,,,98.4,100,,,,,,,,,,,,,,,,,,
2026-06-29T00:03:31.167623+00:00,2026-06-29T10:03:31.156623,1,1,98.15,0.5,97.9,100,,,,,,,,,,,,,,,,,,,98.4,100,,,,,,,,,,,,,,,,,,
2026-06-29T00:03:31.211623+00:00,2026-06-29T10:03:31.208623,2,1,98.15,0.5,97.9,100,97.8,150,,,,,,,,,,,,,,,,,98.4,100,,,,,,,,,,,,,,,,,,
2026-06-29T00:03:31.266623+00:00,2026-06-29T10:03:31.261623,2,2,98.1,0.4,97.9,100,97.8,150,,,,,,,,,,,,,,,,,98.3,150,98.4,100,,,,,,,,,,,,,,,,
2026-06-29T00:03:31.376614+00:00,2026-06-29T10:03:31.368615,1,1,98.05,0.5,97.8,150,,,,,,,,,,,,,,,,,,,98.3,150,,,,,,,,,,,,,,,,,,
2026-06-29T00:03:31.431614+00:00,2026-06-29T10:03:31.420729,2,1,98.15,0.3,98.0,100,97.8,150,,,,,,,,,,,,,,,,,98.3,150,,,,,,,,,,,,,,,,,,
2026-06-29T00:03:31.475614+00:00,2026-06-29T10:03:31.472614,2,2,98.15,0.3,98.0,100,97.8,150,,,,,,,,,,,,,,,,,98.3,150,98.5,100,,,,,,,,,,,,,,,,
2026-06-29T00:03:32.850623+00:00,2026-06-29T10:03:32.847623,3,2,98.25,0.1,98.2,6,98.0,100,97.8,150,,,,,,,,,,,,,,,98.3,150,98.5,100,,,,,,,,,,,,,,,,
2026-06-29T00:03:33.125155+00:00,2026-06-29T10:03:33.123154,2,2,98.15,0.3,98.0,56,97.8,150,,,,,,,,,,,,,,,,,98.3,150,98.5,100,,,,,,,,,,,,,,,,
2026-06-29T00:03:33.905431+00:00,2026-06-29T10:03:33.902431,3,2,98.25,0.1,98.2,6,98.0,56,97.8,150,,,,,,,,,,,,,,,98.3,150,98.5,100,,,,,,,,,,,,,,,,
2026-06-29T00:03:34.323440+00:00,2026-06-29T10:03:34.319440,2,1,98.35,0.3,98.2,6,98.0,56,,,,,,,,,,,,,,,,,98.5,100,,,,,,,,,,,,,,,,,,
2026-06-29T00:03:34.378440+00:00,2026-06-29T10:03:34.372440,3,1,98.35,0.3,98.2,6,98.0,56,97.8,150,,,,,,,,,,,,,,,98.5,100,,,,,,,,,,,,,,,,,,
2026-06-29T00:03:34.433440+00:00,2026-06-29T10:03:34.430440,2,2,98.15,0.3,98.0,19,97.8,150,,,,,,,,,,,,,,,,,98.3,150,98.5,100,,,,,,,,,,,,,,,,
2026-06-29T00:03:34.532440+00:00,2026-06-29T10:03:34.528440,1,1,98.05,0.5,97.8,150,,,,,,,,,,,,,,,,,,,98.3,150,,,,,,,,,,,,,,,,,,
2026-06-29T00:03:34.587440+00:00,2026-06-29T10:03:34.580440,2,1,98.05,0.5,97.8,150,97.7,100,,,,,,,,,,,,,,,,,98.3,150,,,,,,,,,,,,,,,,,,
2026-06-29T00:03:34.642440+00:00,2026-06-29T10:03:34.633440,2,2,98.0,0.4,97.8,150,97.7,100,,,,,,,,,,,,,,,,,98.2,100,98.3,150,,,,,,,,,,,,,,,,
2026-06-29T00:03:34.994431+00:00,2026-06-29T10:03:34.990431,2,2,98.0,0.4,97.8,150,97.7,100,,,,,,,,,,,,,,,,,98.2,60,98.3,150,,,,,,,,,,,,,,,,
2026-06-29T00:03:35.236440+00:00,2026-06-29T10:03:35.229430,2,2,98.0,0.4,97.8,100,97.7,100,,,,,,,,,,,,,,,,,98.2,60,98.3,150,,,,,,,,,,,,,,,,
2026-06-29T00:03:36.952025+00:00,2026-06-29T10:03:36.945025,2,2,98.0,0.4,97.8,100,97.7,100,,,,,,,,,,,,,,,,,98.2,55,98.3,150,,,,,,,,,,,,,,,,
2026-06-29T00:03:37.359025+00:00,2026-06-29T10:03:37.348182,2,2,98.0,0.4,97.8,50,97.7,100,,,,,,,,,,,,,,,,,98.2,55,98.3,150,,,,,,,,,,,,,,,,
2026-06-29T00:03:37.491016+00:00,2026-06-29T10:03:37.482017,1,1,97.95,0.5,97.7,100,,,,,,,,,,,,,,,,,,,98.2,55,,,,,,,,,,,,,,,,,,
2026-06-29T00:03:37.546025+00:00,2026-06-29T10:03:37.536026,2,1,97.95,0.5,97.7,100,97.3,150,,,,,,,,,,,,,,,,,98.2,55,,,,,,,,,,,,,,,,,,
2026-06-29T00:03:37.590025+00:00,2026-06-29T10:03:37.589025,2,2,97.75,0.1,97.7,100,97.3,150,,,,,,,,,,,,,,,,,97.8,150,98.2,55,,,,,,,,,,,,,,,,
2026-06-29T00:03:37.700026+00:00,2026-06-29T10:03:37.694025,1,1,97.55,0.5,97.3,150,,,,,,,,,,,,,,,,,,,97.8,150,,,,,,,,,,,,,,,,,,
2026-06-29T00:03:37.755025+00:00,2026-06-29T10:03:37.753025,1,1,97.55,0.5,97.3,150,,,,,,,,,,,,,,,,,,,97.8,50,,,,,,,,,,,,,,,,,,
2026-06-29T00:03:37.799025+00:00,2026-06-29T10:03:37.794025,1,1,97.55,0.5,97.3,150,,,,,,,,,,,,,,,,,,,97.8,1,,,,,,,,,,,,,,,,,,
2026-06-29T00:03:37.810025+00:00,2026-06-29T10:03:37.803025,1,2,97.55,0.5,97.3,150,,,,,,,,,,,,,,,,,,,97.8,1,98.4,100,,,,,,,,,,,,,,,,
2026-06-29T00:03:38.501785+00:00,2026-06-29T10:03:38.490785,2,1,98.25,0.3,98.1,4,97.3,150,,,,,,,,,,,,,,,,,98.4,100,,,,,,,,,,,,,,,,,,
