recv_time,book_timestamp,n_bids,n_asks,mid,spread,bid_px_0,bid_vol_0,bid_px_1,bid_vol_1,bid_px_2,bid_vol_2,bid_px_3,bid_vol_3,bid_px_4,bid_vol_4,bid_px_5,bid_vol_5,bid_px_6,bid_vol_6,bid_px_7,bid_vol_7,bid_px_8,bid_vol_8,bid_px_9,bid_vol_9,ask_px_0,ask_vol_0,ask_px_1,ask_vol_1,ask_px_2,ask_vol_2,ask_px_3,ask_vol_3,ask_px_4,ask_vol_4,ask_px_5,ask_vol_5,ask_px_6,ask_vol_6,ask_px_7,ask_vol_7,ask_px_8,ask_vol_8,ask_px_9,ask_vol_9
2026-07-09T01:00:00.747623+00:00,2026-07-09T01:00:00.747510,2,1,131.75,0.3,131.6,100,131.4,150,,,,,,,,,,,,,,,,,131.9,150,,,,,,,,,,,,,,,,,,
2026-07-09T01:00:00.768813+00:00,2026-07-09T01:00:00.747735,1,1,131.65,0.5,131.4,150,,,,,,,,,,,,,,,,,,,131.9,150,,,,,,,,,,,,,,,,,,
2026-07-09T01:00:00.817813+00:00,2026-07-09T01:00:00.808723,2,1,131.8,0.2,131.7,100,131.4,150,,,,,,,,,,,,,,,,,131.9,150,,,,,,,,,,,,,,,,,,
2026-07-09T01:00:00.867668+00:00,2026-07-09T01:00:00.867783,2,2,131.8,0.2,131.7,100,131.4,150,,,,,,,,,,,,,,,,,131.9,150,132.2,100,,,,,,,,,,,,,,,,
2026-07-09T01:00:01.688751+00:00,2026-07-09T01:00:01.688917,2,2,131.8,0.2,131.7,55,131.4,150,,,,,,,,,,,,,,,,,131.9,150,132.2,100,,,,,,,,,,,,,,,,
2026-07-09T01:00:01.839076+00:00,2026-07-09T01:00:01.832341,2,2,131.8,0.2,131.7,44,131.4,150,,,,,,,,,,,,,,,,,131.9,150,132.2,100,,,,,,,,,,,,,,,,
2026-07-09T01:00:01.946545+00:00,2026-07-09T01:00:01.946486,2,2,131.8,0.2,131.7,44,131.4,150,,,,,,,,,,,,,,,,,131.9,100,132.2,100,,,,,,,,,,,,,,,,
2026-07-09T01:00:02.558562+00:00,2026-07-09T01:00:02.552516,1,1,131.95,0.5,131.7,44,,,,,,,,,,,,,,,,,,,132.2,100,,,,,,,,,,,,,,,,,,
2026-07-09T01:00:02.630721+00:00,2026-07-09T01:00:02.630688,2,1,131.95,0.5,131.7,44,131.5,150,,,,,,,,,,,,,,,,,132.2,100,,,,,,,,,,,,,,,,,,
2026-07-09T01:00:02.676758+00:00,2026-07-09T01:00:02.676727,2,2,131.85,0.3,131.7,44,131.5,150,,,,,,,,,,,,,,,,,132.0,150,132.2,100,,,,,,,,,,,,,,,,
2026-07-09T01:00:03.821029+00:00,2026-07-09T01:00:03.820963,2,2,131.85,0.3,131.7,44,131.5,150,,,,,,,,,,,,,,,,,132.0,108,132.2,100,,,,,,,,,,,,,,,,
2026-07-09T01:00:03.920302+00:00,2026-07-09T01:00:03.920244,2,1,131.85,0.3,131.7,44,131.5,150,,,,,,,,,,,,,,,,,132.0,108,,,,,,,,,,,,,,,,,,
2026-07-09T01:00:03.925550+00:00,2026-07-09T01:00:03.925413,1,1,131.75,0.5,131.5,150,,,,,,,,,,,,,,,,,,,132.0,108,,,,,,,,,,,,,,,,,,
2026-07-09T01:00:03.975474+00:00,2026-07-09T01:00:03.975408,1,1,131.75,0.5,131.5,250,,,,,,,,,,,,,,,,,,,132.0,108,,,,,,,,,,,,,,,,,,
2026-07-09T01:00:04.032208+00:00,2026-07-09T01:00:04.032108,1,1,131.75,0.5,131.5,250,,,,,,,,,,,,,,,,,,,132.0,208,,,,,,,,,,,,,,,,,,
2026-07-09T01:00:04.076449+00:00,2026-07-09T01:00:04.076391,1,1,131.75,0.5,131.5,250,,,,,,,,,,,,,,,,,,,132.0,158,,,,,,,,,,,,,,,,,,
2026-07-09T01:00:05.715664+00:00,2026-07-09T01:00:05.715615,1,1,131.75,0.5,131.5,205,,,,,,,,,,,,,,,,,,,132.0,158,,,,,,,,,,,,,,,,,,
2026-07-09T01:00:05.734435+00:00,2026-07-09T01:00:05.734386,1,1,131.75,0.5,131.5,100,,,,,,,,,,,,,,,,,,,132.0,100,,,,,,,,,,,,,,,,,,
2026-07-09T01:00:05.804137+00:00,2026-07-09T01:00:05.804022,2,1,131.8,0.4,131.6,150,131.5,100,,,,,,,,,,,,,,,,,132.0,100,,,,,,,,,,,,,,,,,,
2026-07-09T01:00:05.858591+00:00,2026-07-09T01:00:05.852300,2,2,131.8,0.4,131.6,150,131.5,100,,,,,,,,,,,,,,,,,132.0,100,132.1,150,,,,,,,,,,,,,,,,
2026-07-09T01:00:06.186429+00:00,2026-07-09T01:00:06.186376,2,2,131.8,0.4,131.6,150,131.5,100,,,,,,,,,,,,,,,,,132.0,50,132.1,150,,,,,,,,,,,,,,,,
2026-07-09T01:00:06.354098+00:00,2026-07-09T01:00:06.354049,2,2,131.8,0.4,131.6,150,131.5,100,,,,,,,,,,,,,,,,,132.0,3,132.1,150,,,,,,,,,,,,,,,,
2026-07-09T01:00:06.410753+00:00,2026-07-09T01:00:06.410672,2,2,131.8,0.4,131.6,110,131.5,100,,,,,,,,,,,,,,,,,132.0,3,132.1,150,,,,,,,,,,,,,,,,
2026-07-09T01:00:07.087348+00:00,2026-07-09T01:00:07.087279,1,1,131.85,0.5,131.6,110,,,,,,,,,,,,,,,,,,,132.1,150,,,,,,,,,,,,,,,,,,
2026-07-09T01:00:07.142521+00:00,2026-07-09T01:00:07.142445,2,1,131.9,0.4,131.7,100,131.6,110,,,,,,,,,,,,,,,,,132.1,150,,,,,,,,,,,,,,,,,,
2026-07-09T01:00:07.193586+00:00,2026-07-09T01:00:07.193496,2,2,131.9,0.4,131.7,100,131.6,110,,,,,,,,,,,,,,,,,132.1,150,132.2,100,,,,,,,,,,,,,,,,
2026-07-09T01:00:07.424074+00:00,2026-07-09T01:00:07.423952,2,2,131.9,0.4,131.7,59,131.6,110,,,,,,,,,,,,,,,,,132.1,150,132.2,100,,,,,,,,,,,,,,,,
2026-07-09T01:00:08.328124+00:00,2026-07-09T01:00:08.306387,2,2,131.9,0.4,131.7,59,131.6,110,,,,,,,,,,,,,,,,,132.1,100,132.2,100,,,,,,,,,,,,,,,,
2026-07-09T01:00:08.913234+00:00,2026-07-09T01:00:08.913130,1,1,131.95,0.5,131.7,59,,,,,,,,,,,,,,,,,,,132.2,100,,,,,,,,,,,,,,,,,,
2026-07-09T01:00:08.967943+00:00,2026-07-09T01:00:08.967820,2,1,131.95,0.5,131.7,59,131.6,150,,,,,,,,,,,,,,,,,132.2,100,,,,,,,,,,,,,,,,,,
2026-07-09T01:00:09.021006+00:00,2026-07-09T01:00:09.020911,2,2,131.9,0.4,131.7,59,131.6,150,,,,,,,,,,,,,,,,,132.1,150,132.2,100,,,,,,,,,,,,,,,,
2026-07-09T01:00:10.248500+00:00,2026-07-09T01:00:10.258682,1,1,131.85,0.5,131.6,150,,,,,,,,,,,,,,,,,,,132.1,150,,,,,,,,,,,,,,,,,,
2026-07-09T01:00:10.312958+00:00,2026-07-09T01:00:10.312847,1,1,131.85,0.5,131.6,250,,,,,,,,,,,,,,,,,,,132.1,150,,,,,,,,,,,,,,,,,,
2026-07-09T01:00:10.367615+00:00,2026-07-09T01:00:10.367451,1,1,131.85,0.5,131.6,250,,,,,,,,,,,,,,,,,,,132.1,250,,,,,,,,,,,,,,,,,,
2026-07-09T01:00:10.425808+00:00,2026-07-09T01:00:10.425673,1,1,131.85,0.5,131.6,250,,,,,,,,,,,,,,,,,,,132.1,200,,,,,,,,,,,,,,,,,,
2026-07-09T01:00:10.693255+00:00,2026-07-09T01:00:10.693183,1,1,131.85,0.5,131.6,250,,,,,,,,,,,,,,,,,,,132.1,153,,,,,,,,,,,,,,,,,,
2026-07-09T01:00:11.201657+00:00,2026-07-09T01:00:11.201583,1,1,131.85,0.5,131.6,210,,,,,,,,,,,,,,,,,,,132.1,153,,,,,,,,,,,,,,,,,,
2026-07-09T01:00:12.074725+00:00,2026-07-09T01:00:12.074635,1,1,131.85,0.5,131.6,100,,,,,,,,,,,,,,,,,,,132.1,100,,,,,,,,,,,,,,,,,,
2026-07-09T01:00:12.140428+00:00,2026-07-09T01:00:12.133893,2,1,132.0,0.2,131.9,147,131.6,100,,,,,,,,,,,,,,,,,132.1,100,,,,,,,,,,,,,,,,,,
2026-07-09T01:00:12.182316+00:00,2026-07-09T01:00:12.182250,2,2,132.0,0.2,131.9,147,131.6,100,,,,,,,,,,,,,,,,,132.1,100,132.4,150,,,,,,,,,,,,,,,,
2026-07-09T01:00:12.535148+00:00,2026-07-09T01:00:12.535039,2,2,132.0,0.2,131.9,147,131.6,100,,,,,,,,,,,,,,,,,132.1,50,132.4,150,,,,,,,,,,,,,,,,
2026-07-09T01:00:13.420471+00:00,2026-07-09T01:00:13.420600,1,1,132.15,0.5,131.9,147,,,,,,,,,,,,,,,,,,,132.4,150,,,,,,,,,,,,,,,,,,
2026-07-09T01:00:13.476809+00:00,2026-07-09T01:00:13.476714,1,1,132.15,0.5,131.9,247,,,,,,,,,,,,,,,,,,,132.4,150,,,,,,,,,,,,,,,,,,
2026-07-09T01:00:13.536533+00:00,2026-07-09T01:00:13.536426,1,1,132.15,0.5,131.9,247,,,,,,,,,,,,,,,,,,,132.4,250,,,,,,,,,,,,,,,,,,
2026-07-09T01:00:15.236021+00:00,2026-07-09T01:00:15.235979,1,1,132.15,0.5,131.9,100,,,,,,,,,,,,,,,,,,,132.4,100,,,,,,,,,,,,,,,,,,
2026-07-09T01:00:15.290298+00:00,2026-07-09T01:00:15.290249,2,1,132.2,0.4,132.0,150,131.9,100,,,,,,,,,,,,,,,,,132.4,100,,,,,,,,,,,,,,,,,,
2026-07-09T01:00:15.339784+00:00,2026-07-09T01:00:15.339944,2,2,132.2,0.4,132.0,150,131.9,100,,,,,,,,,,,,,,,,,132.4,100,132.5,150,,,,,,,,,,,,,,,,
2026-07-09T01:00:15.813739+00:00,2026-07-09T01:00:15.813674,2,2,132.2,0.4,132.0,110,131.9,100,,,,,,,,,,,,,,,,,132.4,100,132.5,150,,,,,,,,,,,,,,,,
2026-07-09T01:00:16.143287+00:00,2026-07-09T01:00:16.143432,2,2,132.2,0.4,132.0,100,131.9,100,,,,,,,,,,,,,,,,,132.4,100,132.5,150,,,,,,,,,,,,,,,,
2026-07-09T01:00:16.355809+00:00,2026-07-09T01:00:16.355701,2,2,132.2,0.4,132.0,90,131.9,100,,,,,,,,,,,,,,,,,132.4,100,132.5,150,,,,,,,,,,,,,,,,
2026-07-09T01:00:16.570148+00:00,2026-07-09T01:00:16.570243,2,2,132.2,0.4,132.0,85,131.9,100,,,,,,,,,,,,,,,,,132.4,100,132.5,150,,,,,,,,,,,,,,,,
2026-07-09T01:00:16.589930+00:00,2026-07-09T01:00:16.589863,1,1,132.25,0.5,132.0,85,,,,,,,,,,,,,,,,,,,132.5,150,,,,,,,,,,,,,,,,,,
2026-07-09T01:00:16.646799+00:00,2026-07-09T01:00:16.646673,2,1,132.25,0.5,132.0,85,131.7,100,,,,,,,,,,,,,,,,,132.5,150,,,,,,,,,,,,,,,,,,
2026-07-09T01:00:16.700620+00:00,2026-07-09T01:00:16.700549,2,2,132.1,0.2,132.0,85,131.7,100,,,,,,,,,,,,,,,,,132.2,100,132.5,150,,,,,,,,,,,,,,,,
2026-07-09T01:00:16.798312+00:00,2026-07-09T01:00:16.798215,2,2,132.1,0.2,132.0,35,131.7,100,,,,,,,,,,,,,,,,,132.2,100,132.5,150,,,,,,,,,,,,,,,,
2026-07-09T01:00:18.399051+00:00,2026-07-09T01:00:18.398975,1,1,131.95,0.5,131.7,100,,,,,,,,,,,,,,,,,,,132.2,100,,,,,,,,,,,,,,,,,,
2026-07-09T01:00:18.453037+00:00,2026-07-09T01:00:18.452947,2,1,131.95,0.5,131.7,100,131.4,150,,,,,,,,,,,,,,,,,132.2,100,,,,,,,,,,,,,,,,,,
2026-07-09T01:00:18.508435+00:00,2026-07-09T01:00:18.508325,2,2,131.8,0.2,131.7,100,131.4,150,,,,,,,,,,,,,,,,,131.9,150,132.2,100,,,,,,,,,,,,,,,,
2026-07-09T01:00:18.906475+00:00,2026-07-09T01:00:18.906372,2,2,131.8,0.2,131.7,50,131.4,150,,,,,,,,,,,,,,,,,131.9,150,132.2,100,,,,,,,,,,,,,,,,
2026-07-09T01:00:19.764537+00:00,2026-07-09T01:00:19.764435,1,1,131.65,0.5,131.4,150,,,,,,,,,,,,,,,,,,,131.9,150,,,,,,,,,,,,,,,,,,
2026-07-09T01:00:19.819099+00:00,2026-07-09T01:00:19.818984,2,1,131.65,0.5,131.4,150,131.3,100,,,,,,,,,,,,,,,,,131.9,150,,,,,,,,,,,,,,,,,,
2026-07-09T01:00:19.874448+00:00,2026-07-09T01:00:19.874409,2,2,131.6,0.4,131.4,150,131.3,100,,,,,,,,,,,,,,,,,131.8,100,131.9,150,,,,,,,,,,,,,,,,
2026-07-09T01:00:19.974277+00:00,2026-07-09T01:00:19.974227,2,2,131.6,0.4,131.4,150,131.3,100,,,,,,,,,,,,,,,,,131.8,54,131.9,150,,,,,,,,,,,,,,,,
2026-07-09T01:00:21.017972+00:00,2026-07-09T01:00:21.017830,2,2,131.6,0.4,131.4,100,131.3,100,,,,,,,,,,,,,,,,,131.8,54,131.9,150,,,,,,,,,,,,,,,,
2026-07-09T01:00:21.558584+00:00,2026-07-09T01:00:21.557762,1,1,131.55,0.5,131.3,100,,,,,,,,,,,,,,,,,,,131.8,54,,,,,,,,,,,,,,,,,,
2026-07-09T01:00:21.618850+00:00,2026-07-09T01:00:21.618717,2,1,131.55,0.5,131.3,100,131.0,150,,,,,,,,,,,,,,,,,131.8,54,,,,,,,,,,,,,,,,,,
2026-07-09T01:00:21.671989+00:00,2026-07-09T01:00:21.671877,2,2,131.4,0.2,131.3,100,131.0,150,,,,,,,,,,,,,,,,,131.5,150,131.8,54,,,,,,,,,,,,,,,,
2026-07-09T01:00:22.170337+00:00,2026-07-09T01:00:22.170188,2,2,131.4,0.2,131.3,100,131.0,150,,,,,,,,,,,,,,,,,131.5,110,131.8,54,,,,,,,,,,,,,,,,
2026-07-09T01:00:22.746039+00:00,2026-07-09T01:00:22.745927,2,2,131.4,0.2,131.3,55,131.0,150,,,,,,,,,,,,,,,,,131.5,110,131.8,54,,,,,,,,,,,,,,,,
2026-07-09T01:00:22.927517+00:00,2026-07-09T01:00:22.927632,1,1,131.25,0.5,131.0,150,,,,,,,,,,,,,,,,,,,131.5,110,,,,,,,,,,,,,,,,,,
2026-07-09T01:00:22.979274+00:00,2026-07-09T01:00:22.979166,2,1,131.4,0.2,131.3,100,131.0,150,,,,,,,,,,,,,,,,,131.5,110,,,,,,,,,,,,,,,,,,
2026-07-09T01:00:23.037338+00:00,2026-07-09T01:00:23.037292,2,2,131.4,0.2,131.3,100,131.0,150,,,,,,,,,,,,,,,,,131.5,110,131.8,100,,,,,,,,,,,,,,,,
2026-07-09T01:00:23.124672+00:00,2026-07-09T01:00:23.124543,2,2,131.4,0.2,131.3,50,131.0,150,,,,,,,,,,,,,,,,,131.5,110,131.8,100,,,,,,,,,,,,,,,,
2026-07-09T01:00:24.727291+00:00,2026-07-09T01:00:24.727218,1,1,131.55,0.5,131.3,50,,,,,,,,,,,,,,,,,,,131.8,100,,,,,,,,,,,,,,,,,,
2026-07-09T01:00:24.782136+00:00,2026-07-09T01:00:24.782006,2,1,131.55,0.5,131.3,50,130.9,150,,,,,,,,,,,,,,,,,131.8,100,,,,,,,,,,,,,,,,,,
2026-07-09T01:00:24.835461+00:00,2026-07-09T01:00:24.835375,2,2,131.35,0.1,131.3,50,130.9,150,,,,,,,,,,,,,,,,,131.4,150,131.8,100,,,,,,,,,,,,,,,,
2026-07-09T01:00:25.182539+00:00,2026-07-09T01:00:25.182382,2,2,131.35,0.1,131.3,50,130.9,150,,,,,,,,,,,,,,,,,131.4,100,131.8,100,,,,,,,,,,,,,,,,
2026-07-09T01:00:25.416120+00:00,2026-07-09T01:00:25.416023,2,2,131.35,0.1,131.3,50,130.9,150,,,,,,,,,,,,,,,,,131.4,60,131.8,100,,,,,,,,,,,,,,,,
2026-07-09T01:00:26.047583+00:00,2026-07-09T01:00:26.047526,2,2,131.35,0.1,131.3,50,130.9,150,,,,,,,,,,,,,,,,,131.4,11,131.8,100,,,,,,,,,,,,,,,,
2026-07-09T01:00:26.090231+00:00,2026-07-09T01:00:26.090198,1,1,131.15,0.5,130.9,150,,,,,,,,,,,,,,,,,,,131.4,11,,,,,,,,,,,,,,,,,,
2026-07-09T01:00:26.146034+00:00,2026-07-09T01:00:26.146215,1,1,131.15,0.5,130.9,250,,,,,,,,,,,,,,,,,,,131.4,11,,,,,,,,,,,,,,,,,,
2026-07-09T01:00:26.195875+00:00,2026-07-09T01:00:26.195782,1,1,131.15,0.5,130.9,250,,,,,,,,,,,,,,,,,,,131.4,111,,,,,,,,,,,,,,,,,,
2026-07-09T01:00:27.041738+00:00,2026-07-09T01:00:27.041605,1,1,131.15,0.5,130.9,210,,,,,,,,,,,,,,,,,,,131.4,111,,,,,,,,,,,,,,,,,,
2026-07-09T01:00:27.293912+00:00,2026-07-09T01:00:27.293781,1,1,131.15,0.5,130.9,210,,,,,,,,,,,,,,,,,,,131.4,61,,,,,,,,,,,,,,,,,,
2026-07-09T01:00:27.887165+00:00,2026-07-09T01:00:27.887114,1,1,131.15,0.5,130.9,100,,,,,,,,,,,,,,,,,,,131.4,61,,,,,,,,,,,,,,,,,,
2026-07-09T01:00:27.940209+00:00,2026-07-09T01:00:27.940089,2,1,131.35,0.1,131.3,150,130.9,100,,,,,,,,,,,,,,,,,131.4,61,,,,,,,,,,,,,,,,,,
2026-07-09T01:00:27.989179+00:00,2026-07-09T01:00:27.989132,2,2,131.35,0.1,131.3,150,130.9,100,,,,,,,,,,,,,,,,,131.4,61,131.8,150,,,,,,,,,,,,,,,,
2026-07-09T01:00:28.458599+00:00,2026-07-09T01:00:28.455200,2,2,131.35,0.1,131.3,107,130.9,100,,,,,,,,,,,,,,,,,131.4,61,131.8,150,,,,,,,,,,,,,,,,
2026-07-09T01:00:29.268719+00:00,2026-07-09T01:00:29.268880,1,1,131.55,0.5,131.3,107,,,,,,,,,,,,,,,,,,,131.8,150,,,,,,,,,,,,,,,,,,
2026-07-09T01:00:29.320677+00:00,2026-07-09T01:00:29.320613,2,1,131.55,0.5,131.3,107,131.1,100,,,,,,,,,,,,,,,,,131.8,150,,,,,,,,,,,,,,,,,,
2026-07-09T01:00:29.370096+00:00,2026-07-09T01:00:29.370224,2,2,131.45,0.3,131.3,107,131.1,100,,,,,,,,,,,,,,,,,131.6,100,131.8,150,,,,,,,,,,,,,,,,
2026-07-09T01:00:30.068700+00:00,2026-07-09T01:00:30.068824,2,2,131.45,0.3,131.3,58,131.1,100,,,,,,,,,,,,,,,,,131.6,100,131.8,150,,,,,,,,,,,,,,,,
2026-07-09T01:00:31.047395+00:00,2026-07-09T01:00:31.047312,1,1,131.35,0.5,131.1,100,,,,,,,,,,,,,,,,,,,131.6,100,,,,,,,,,,,,,,,,,,
2026-07-09T01:00:31.100376+00:00,2026-07-09T01:00:31.100319,2,1,131.35,0.5,131.1,100,131.0,150,,,,,,,,,,,,,,,,,131.6,100,,,,,,,,,,,,,,,,,,
2026-07-09T01:00:31.147228+00:00,2026-07-09T01:00:31.147494,2,2,131.3,0.4,131.1,100,131.0,150,,,,,,,,,,,,,,,,,131.5,150,131.6,100,,,,,,,,,,,,,,,,
2026-07-09T01:00:31.503999+00:00,2026-07-09T01:00:31.503952,2,2,131.3,0.4,131.1,100,131.0,150,,,,,,,,,,,,,,,,,131.5,100,131.6,100,,,,,,,,,,,,,,,,
2026-07-09T01:00:32.134265+00:00,2026-07-09T01:00:32.134208,2,2,131.3,0.4,131.1,100,131.0,150,,,,,,,,,,,,,,,,,131.5,53,131.6,100,,,,,,,,,,,,,,,,
2026-07-09T01:00:32.427996+00:00,2026-07-09T01:00:32.427911,1,1,131.25,0.5,131.0,150,,,,,,,,,,,,,,,,,,,131.5,53,,,,,,,,,,,,,,,,,,
2026-07-09T01:00:32.482101+00:00,2026-07-09T01:00:32.482025,2,1,131.25,0.5,131.0,150,130.9,100,,,,,,,,,,,,,,,,,131.5,53,,,,,,,,,,,,,,,,,,
2026-07-09T01:00:32.530516+00:00,2026-07-09T01:00:32.530421,2,2,131.2,0.4,131.0,150,130.9,100,,,,,,,,,,,,,,,,,131.4,100,131.5,53,,,,,,,,,,,,,,,,
2026-07-09T01:00:33.612345+00:00,2026-07-09T01:00:33.612222,2,2,131.2,0.4,131.0,150,130.9,100,,,,,,,,,,,,,,,,,131.4,50,131.5,53,,,,,,,,,,,,,,,,
2026-07-09T01:00:34.210521+00:00,2026-07-09T01:00:34.210388,1,1,131.15,0.5,130.9,100,,,,,,,,,,,,,,,,,,,131.4,50,,,,,,,,,,,,,,,,,,
2026-07-09T01:00:34.266615+00:00,2026-07-09T01:00:34.266788,2,1,131.3,0.2,131.2,150,130.9,100,,,,,,,,,,,,,,,,,131.4,50,,,,,,,,,,,,,,,,,,
2026-07-09T01:00:34.320855+00:00,2026-07-09T01:00:34.320766,2,2,131.3,0.2,131.2,150,130.9,100,,,,,,,,,,,,,,,,,131.4,50,131.7,150,,,,,,,,,,,,,,,,
2026-07-09T01:00:34.832176+00:00,2026-07-09T01:00:34.831996,2,2,131.3,0.2,131.2,150,130.9,100,,,,,,,,,,,,,,,,,131.4,3,131.7,150,,,,,,,,,,,,,,,,
2026-07-09T01:00:35.589229+00:00,2026-07-09T01:00:35.589178,1,1,131.45,0.5,131.2,150,,,,,,,,,,,,,,,,,,,131.7,150,,,,,,,,,,,,,,,,,,
2026-07-09T01:00:35.644285+00:00,2026-07-09T01:00:35.644196,2,1,131.5,0.4,131.3,100,131.2,150,,,,,,,,,,,,,,,,,131.7,150,,,,,,,,,,,,,,,,,,
2026-07-09T01:00:35.694883+00:00,2026-07-09T01:00:35.694846,2,2,131.5,0.4,131.3,100,131.2,150,,,,,,,,,,,,,,,,,131.7,150,131.8,100,,,,,,,,,,,,,,,,
2026-07-09T01:00:35.722765+00:00,2026-07-09T01:00:35.722925,2,2,131.5,0.4,131.3,100,131.2,150,,,,,,,,,,,,,,,,,131.7,100,131.8,100,,,,,,,,,,,,,,,,
2026-07-09T01:00:36.812809+00:00,2026-07-09T01:00:36.812981,2,2,131.5,0.4,131.3,51,131.2,150,,,,,,,,,,,,,,,,,131.7,100,131.8,100,,,,,,,,,,,,,,,,
2026-07-09T01:00:37.376236+00:00,2026-07-09T01:00:37.376178,1,1,131.55,0.5,131.3,51,,,,,,,,,,,,,,,,,,,131.8,100,,,,,,,,,,,,,,,,,,
2026-07-09T01:00:37.431524+00:00,2026-07-09T01:00:37.431468,2,1,131.6,0.4,131.4,150,131.3,51,,,,,,,,,,,,,,,,,131.8,100,,,,,,,,,,,,,,,,,,
2026-07-09T01:00:37.484207+00:00,2026-07-09T01:00:37.484300,2,2,131.6,0.4,131.4,150,131.3,51,,,,,,,,,,,,,,,,,131.8,100,131.9,150,,,,,,,,,,,,,,,,
2026-07-09T01:00:37.881303+00:00,2026-07-09T01:00:37.881272,2,2,131.6,0.4,131.4,100,131.3,51,,,,,,,,,,,,,,,,,131.8,100,131.9,150,,,,,,,,,,,,,,,,
2026-07-09T01:00:38.758749+00:00,2026-07-09T01:00:38.758658,1,1,131.65,0.5,131.4,100,,,,,,,,,,,,,,,,,,,131.9,150,,,,,,,,,,,,,,,,,,
2026-07-09T01:00:38.807014+00:00,2026-07-09T01:00:38.806874,2,1,131.65,0.5,131.4,100,131.1,100,,,,,,,,,,,,,,,,,131.9,150,,,,,,,,,,,,,,,,,,
2026-07-09T01:00:38.860512+00:00,2026-07-09T01:00:38.860382,2,2,131.5,0.2,131.4,100,131.1,100,,,,,,,,,,,,,,,,,131.6,100,131.9,150,,,,,,,,,,,,,,,,
2026-07-09T01:00:39.508820+00:00,2026-07-09T01:00:39.508690,2,2,131.5,0.2,131.4,100,131.1,100,,,,,,,,,,,,,,,,,131.6,58,131.9,150,,,,,,,,,,,,,,,,
2026-07-09T01:00:39.987569+00:00,2026-07-09T01:00:39.987499,2,2,131.5,0.2,131.4,50,131.1,100,,,,,,,,,,,,,,,,,131.6,58,131.9,150,,,,,,,,,,,,,,,,
2026-07-09T01:00:40.539121+00:00,2026-07-09T01:00:40.539054,1,1,131.35,0.5,131.1,100,,,,,,,,,,,,,,,,,,,131.6,58,,,,,,,,,,,,,,,,,,
2026-07-09T01:00:40.593370+00:00,2026-07-09T01:00:40.593569,2,1,131.45,0.3,131.3,150,131.1,100,,,,,,,,,,,,,,,,,131.6,58,,,,,,,,,,,,,,,,,,
2026-07-09T01:00:40.650606+00:00,2026-07-09T01:00:40.650775,2,2,131.45,0.3,131.3,150,131.1,100,,,,,,,,,,,,,,,,,131.6,58,131.8,150,,,,,,,,,,,,,,,,
2026-07-09T01:00:41.910605+00:00,2026-07-09T01:00:41.910453,1,1,131.55,0.5,131.3,150,,,,,,,,,,,,,,,,,,,131.8,150,,,,,,,,,,,,,,,,,,
2026-07-09T01:00:41.998192+00:00,2026-07-09T01:00:41.998033,2,1,131.65,0.3,131.5,100,131.3,150,,,,,,,,,,,,,,,,,131.8,150,,,,,,,,,,,,,,,,,,
2026-07-09T01:00:42.058614+00:00,2026-07-09T01:00:42.053624,2,2,131.65,0.3,131.5,100,131.3,150,,,,,,,,,,,,,,,,,131.8,150,132.0,100,,,,,,,,,,,,,,,,
2026-07-09T01:00:43.704939+00:00,2026-07-09T01:00:43.704864,1,1,131.75,0.5,131.5,100,,,,,,,,,,,,,,,,,,,132.0,100,,,,,,,,,,,,,,,,,,
2026-07-09T01:00:43.758662+00:00,2026-07-09T01:00:43.755956,2,1,131.75,0.5,131.5,100,131.2,150,,,,,,,,,,,,,,,,,132.0,100,,,,,,,,,,,,,,,,,,
2026-07-09T01:00:43.811314+00:00,2026-07-09T01:00:43.811264,2,2,131.6,0.2,131.5,100,131.2,150,,,,,,,,,,,,,,,,,131.7,150,132.0,100,,,,,,,,,,,,,,,,
2026-07-09T01:00:44.164049+00:00,2026-07-09T01:00:44.163927,2,2,131.6,0.2,131.5,100,131.2,150,,,,,,,,,,,,,,,,,131.7,100,132.0,100,,,,,,,,,,,,,,,,
2026-07-09T01:00:45.109069+00:00,2026-07-09T01:00:45.109046,1,1,131.45,0.5,131.2,150,,,,,,,,,,,,,,,,,,,131.7,100,,,,,,,,,,,,,,,,,,
2026-07-09T01:00:45.164083+00:00,2026-07-09T01:00:45.163952,2,1,131.55,0.3,131.4,100,131.2,150,,,,,,,,,,,,,,,,,131.7,100,,,,,,,,,,,,,,,,,,
2026-07-09T01:00:45.216842+00:00,2026-07-09T01:00:45.216657,2,2,131.55,0.3,131.4,100,131.2,150,,,,,,,,,,,,,,,,,131.7,100,131.9,100,,,,,,,,,,,,,,,,
2026-07-09T01:00:46.158562+00:00,2026-07-09T01:00:46.156486,2,2,131.55,0.3,131.4,55,131.2,150,,,,,,,,,,,,,,,,,131.7,100,131.9,100,,,,,,,,,,,,,,,,
2026-07-09T01:00:46.305405+00:00,2026-07-09T01:00:46.305344,2,2,131.55,0.3,131.4,5,131.2,150,,,,,,,,,,,,,,,,,131.7,100,131.9,100,,,,,,,,,,,,,,,,
2026-07-09T01:00:46.734245+00:00,2026-07-09T01:00:46.734117,1,2,131.45,0.5,131.2,150,,,,,,,,,,,,,,,,,,,131.7,100,131.9,100,,,,,,,,,,,,,,,,
2026-07-09T01:00:46.869592+00:00,2026-07-09T01:00:46.869495,0,1,,,,,,,,,,,,,,,,,,,,,,,131.9,100,,,,,,,,,,,,,,,,,,
2026-07-09T01:00:46.931879+00:00,2026-07-09T01:00:46.931791,1,1,131.65,0.5,131.4,150,,,,,,,,,,,,,,,,,,,131.9,100,,,,,,,,,,,,,,,,,,
2026-07-09T01:00:46.983251+00:00,2026-07-09T01:00:46.983337,1,1,131.65,0.5,131.4,150,,,,,,,,,,,,,,,,,,,131.9,250,,,,,,,,,,,,,,,,,,
2026-07-09T01:00:48.271024+00:00,2026-07-09T01:00:48.271113,1,1,131.65,0.5,131.4,150,,,,,,,,,,,,,,,,,,,131.9,150,,,,,,,,,,,,,,,,,,
2026-07-09T01:00:48.324345+00:00,2026-07-09T01:00:48.324486,2,1,131.65,0.5,131.4,150,131.0,100,,,,,,,,,,,,,,,,,131.9,150,,,,,,,,,,,,,,,,,,
2026-07-09T01:00:48.372012+00:00,2026-07-09T01:00:48.370104,2,2,131.45,0.1,131.4,150,131.0,100,,,,,,,,,,,,,,,,,131.5,100,131.9,150,,,,,,,,,,,,,,,,
2026-07-09T01:00:48.413719+00:00,2026-07-09T01:00:48.413478,2,2,131.45,0.1,131.4,100,131.0,100,,,,,,,,,,,,,,,,,131.5,100,131.9,150,,,,,,,,,,,,,,,,
2026-07-09T01:00:50.042599+00:00,2026-07-09T01:00:50.042520,1,1,131.25,0.5,131.0,100,,,,,,,,,,,,,,,,,,,131.5,100,,,,,,,,,,,,,,,,,,
2026-07-09T01:00:50.097709+00:00,2026-07-09T01:00:50.097636,2,1,131.35,0.3,131.2,150,131.0,100,,,,,,,,,,,,,,,,,131.5,100,,,,,,,,,,,,,,,,,,
2026-07-09T01:00:50.158634+00:00,2026-07-09T01:00:50.145621,2,2,131.35,0.3,131.2,150,131.0,100,,,,,,,,,,,,,,,,,131.5,100,131.7,150,,,,,,,,,,,,,,,,
2026-07-09T01:00:50.531351+00:00,2026-07-09T01:00:50.531185,2,2,131.35,0.3,131.2,100,131.0,100,,,,,,,,,,,,,,,,,131.5,100,131.7,150,,,,,,,,,,,,,,,,
2026-07-09T01:00:51.432175+00:00,2026-07-09T01:00:51.432097,1,1,131.45,0.5,131.2,100,,,,,,,,,,,,,,,,,,,131.7,150,,,,,,,,,,,,,,,,,,
2026-07-09T01:00:51.486891+00:00,2026-07-09T01:00:51.486767,2,1,131.45,0.5,131.2,100,131.0,100,,,,,,,,,,,,,,,,,131.7,150,,,,,,,,,,,,,,,,,,
2026-07-09T01:00:51.540018+00:00,2026-07-09T01:00:51.539947,2,2,131.35,0.3,131.2,100,131.0,100,,,,,,,,,,,,,,,,,131.5,100,131.7,150,,,,,,,,,,,,,,,,
2026-07-09T01:00:51.766338+00:00,2026-07-09T01:00:51.766223,2,2,131.35,0.3,131.2,100,131.0,100,,,,,,,,,,,,,,,,,131.5,58,131.7,150,,,,,,,,,,,,,,,,
2026-07-09T01:00:52.325119+00:00,2026-07-09T01:00:52.325276,2,2,131.35,0.3,131.2,54,131.0,100,,,,,,,,,,,,,,,,,131.5,58,131.7,150,,,,,,,,,,,,,,,,
2026-07-09T01:00:52.636677+00:00,2026-07-09T01:00:52.636606,2,2,131.35,0.3,131.2,4,131.0,100,,,,,,,,,,,,,,,,,131.5,58,131.7,150,,,,,,,,,,,,,,,,
2026-07-09T01:00:53.210804+00:00,2026-07-09T01:00:53.210754,1,1,131.25,0.5,131.0,100,,,,,,,,,,,,,,,,,,,131.5,58,,,,,,,,,,,,,,,,,,
2026-07-09T01:00:53.266135+00:00,2026-07-09T01:00:53.266255,2,1,131.25,0.5,131.0,100,130.6,150,,,,,,,,,,,,,,,,,131.5,58,,,,,,,,,,,,,,,,,,
2026-07-09T01:00:53.332354+00:00,2026-07-09T01:00:53.325882,2,2,131.05,0.1,131.0,100,130.6,150,,,,,,,,,,,,,,,,,131.1,147,131.5,58,,,,,,,,,,,,,,,,
2026-07-09T01:00:53.446887+00:00,2026-07-09T01:00:53.446811,2,2,131.05,0.1,131.0,100,130.6,150,,,,,,,,,,,,,,,,,131.1,137,131.5,58,,,,,,,,,,,,,,,,
2026-07-09T01:00:53.658576+00:00,2026-07-09T01:00:53.656512,2,2,131.05,0.1,131.0,100,130.6,150,,,,,,,,,,,,,,,,,131.1,127,131.5,58,,,,,,,,,,,,,,,,
2026-07-09T01:00:53.868920+00:00,2026-07-09T01:00:53.868870,2,2,131.05,0.1,131.0,100,130.6,150,,,,,,,,,,,,,,,,,131.1,122,131.5,58,,,,,,,,,,,,,,,,
2026-07-09T01:00:54.594955+00:00,2026-07-09T01:00:54.594844,1,1,130.85,0.5,130.6,150,,,,,,,,,,,,,,,,,,,131.1,122,,,,,,,,,,,,,,,,,,
2026-07-09T01:00:54.648351+00:00,2026-07-09T01:00:54.648580,1,1,130.85,0.5,130.6,150,,,,,,,,,,,,,,,,,,,131.1,22,,,,,,,,,,,,,,,,,,
2026-07-09T01:00:54.720794+00:00,2026-07-09T01:00:54.720682,1,2,130.85,0.5,130.6,150,,,,,,,,,,,,,,,,,,,131.1,22,131.6,100,,,,,,,,,,,,,,,,
2026-07-09T01:00:54.774711+00:00,2026-07-09T01:00:54.774627,1,2,130.85,0.5,130.6,100,,,,,,,,,,,,,,,,,,,131.1,22,131.6,100,,,,,,,,,,,,,,,,
2026-07-09T01:00:54.905685+00:00,2026-07-09T01:00:54.905615,1,1,131.1,1.0,130.6,100,,,,,,,,,,,,,,,,,,,131.6,75,,,,,,,,,,,,,,,,,,
2026-07-09T01:00:56.373187+00:00,2026-07-09T01:00:56.373273,0,1,,,,,,,,,,,,,,,,,,,,,,,131.6,75,,,,,,,,,,,,,,,,,,
2026-07-09T01:00:56.428107+00:00,2026-07-09T01:00:56.428059,1,1,131.3,0.6,131.0,150,,,,,,,,,,,,,,,,,,,131.6,75,,,,,,,,,,,,,,,,,,
2026-07-09T01:00:56.481331+00:00,2026-07-09T01:00:56.481190,1,2,131.25,0.5,131.0,150,,,,,,,,,,,,,,,,,,,131.5,150,131.6,75,,,,,,,,,,,,,,,,
2026-07-09T01:00:57.508430+00:00,2026-07-09T01:00:57.508327,1,2,131.25,0.5,131.0,150,,,,,,,,,,,,,,,,,,,131.5,103,131.6,75,,,,,,,,,,,,,,,,
2026-07-09T01:00:57.558571+00:00,2026-07-09T01:00:57.557773,1,2,131.25,0.5,131.0,101,,,,,,,,,,,,,,,,,,,131.5,103,131.6,75,,,,,,,,,,,,,,,,
2026-07-09T01:00:57.775229+00:00,2026-07-09T01:00:57.775160,1,1,131.25,0.5,131.0,101,,,,,,,,,,,,,,,,,,,131.5,103,,,,,,,,,,,,,,,,,,
2026-07-09T01:00:57.830094+00:00,2026-07-09T01:00:57.829953,1,1,131.25,0.5,131.0,201,,,,,,,,,,,,,,,,,,,131.5,103,,,,,,,,,,,,,,,,,,
2026-07-09T01:00:57.882937+00:00,2026-07-09T01:00:57.882818,1,1,131.25,0.5,131.0,201,,,,,,,,,,,,,,,,,,,131.5,203,,,,,,,,,,,,,,,,,,
2026-07-09T01:00:58.994839+00:00,2026-07-09T01:00:58.994772,1,1,131.25,0.5,131.0,151,,,,,,,,,,,,,,,,,,,131.5,203,,,,,,,,,,,,,,,,,,
2026-07-09T01:00:59.544134+00:00,2026-07-09T01:00:59.544090,1,1,131.25,0.5,131.0,100,,,,,,,,,,,,,,,,,,,131.5,100,,,,,,,,,,,,,,,,,,
2026-07-09T01:00:59.597915+00:00,2026-07-09T01:00:59.597847,2,1,131.25,0.5,131.0,100,130.7,150,,,,,,,,,,,,,,,,,131.5,100,,,,,,,,,,,,,,,,,,
2026-07-09T01:00:59.650057+00:00,2026-07-09T01:00:59.649895,2,2,131.1,0.2,131.0,100,130.7,150,,,,,,,,,,,,,,,,,131.2,150,131.5,100,,,,,,,,,,,,,,,,
2026-07-09T01:01:00.313824+00:00,2026-07-09T01:01:00.313770,2,2,131.1,0.2,131.0,100,130.7,150,,,,,,,,,,,,,,,,,131.2,105,131.5,100,,,,,,,,,,,,,,,,
2026-07-09T01:01:00.933134+00:00,2026-07-09T01:01:00.933302,2,1,131.1,0.2,131.0,100,130.7,150,,,,,,,,,,,,,,,,,131.2,105,,,,,,,,,,,,,,,,,,
2026-07-09T01:01:00.938641+00:00,2026-07-09T01:01:00.938490,1,1,130.95,0.5,130.7,150,,,,,,,,,,,,,,,,,,,131.2,105,,,,,,,,,,,,,,,,,,
2026-07-09T01:01:00.994000+00:00,2026-07-09T01:01:00.994097,2,1,131.05,0.3,130.9,100,130.7,150,,,,,,,,,,,,,,,,,131.2,105,,,,,,,,,,,,,,,,,,
2026-07-09T01:01:01.058651+00:00,2026-07-09T01:01:01.048053,2,2,131.05,0.3,130.9,100,130.7,150,,,,,,,,,,,,,,,,,131.2,105,131.4,100,,,,,,,,,,,,,,,,
2026-07-09T01:01:01.102229+00:00,2026-07-09T01:01:01.102143,2,2,131.05,0.3,130.9,50,130.7,150,,,,,,,,,,,,,,,,,131.2,105,131.4,100,,,,,,,,,,,,,,,,
2026-07-09T01:01:01.427215+00:00,2026-07-09T01:01:01.427178,2,2,131.05,0.3,130.9,1,130.7,150,,,,,,,,,,,,,,,,,131.2,105,131.4,100,,,,,,,,,,,,,,,,
2026-07-09T01:01:02.046289+00:00,2026-07-09T01:01:02.046171,2,2,131.05,0.3,130.9,1,130.7,150,,,,,,,,,,,,,,,,,131.2,58,131.4,100,,,,,,,,,,,,,,,,
2026-07-09T01:01:02.706002+00:00,2026-07-09T01:01:02.705835,1,1,131.15,0.5,130.9,1,,,,,,,,,,,,,,,,,,,131.4,100,,,,,,,,,,,,,,,,,,
2026-07-09T01:01:02.759198+00:00,2026-07-09T01:01:02.759056,2,1,131.3,0.2,131.2,150,130.9,1,,,,,,,,,,,,,,,,,131.4,100,,,,,,,,,,,,,,,,,,
2026-07-09T01:01:02.811706+00:00,2026-07-09T01:01:02.811595,2,2,131.3,0.2,131.2,150,130.9,1,,,,,,,,,,,,,,,,,131.4,100,131.7,150,,,,,,,,,,,,,,,,
2026-07-09T01:01:03.140644+00:00,2026-07-09T01:01:03.140524,2,2,131.3,0.2,131.2,103,130.9,1,,,,,,,,,,,,,,,,,131.4,100,131.7,150,,,,,,,,,,,,,,,,
2026-07-09T01:01:03.237239+00:00,2026-07-09T01:01:03.237146,2,2,131.3,0.2,131.2,53,130.9,1,,,,,,,,,,,,,,,,,131.4,100,131.7,150,,,,,,,,,,,,,,,,
2026-07-09T01:01:04.104195+00:00,2026-07-09T01:01:04.104155,1,1,131.45,0.5,131.2,53,,,,,,,,,,,,,,,,,,,131.7,150,,,,,,,,,,,,,,,,,,
2026-07-09T01:01:04.163829+00:00,2026-07-09T01:01:04.163780,2,1,131.45,0.5,131.2,53,130.7,100,,,,,,,,,,,,,,,,,131.7,150,,,,,,,,,,,,,,,,,,
2026-07-09T01:01:04.215489+00:00,2026-07-09T01:01:04.215374,1,2,130.95,0.5,130.7,100,,,,,,,,,,,,,,,,,,,131.2,47,131.7,150,,,,,,,,,,,,,,,,
2026-07-09T01:01:05.858562+00:00,2026-07-09T01:01:05.856215,1,1,130.95,0.5,130.7,100,,,,,,,,,,,,,,,,,,,131.2,47,,,,,,,,,,,,,,,,,,
2026-07-09T01:01:05.919784+00:00,2026-07-09T01:01:05.919701,2,1,130.95,0.5,130.7,100,130.6,150,,,,,,,,,,,,,,,,,131.2,47,,,,,,,,,,,,,,,,,,
2026-07-09T01:01:05.971447+00:00,2026-07-09T01:01:05.971363,2,2,130.9,0.4,130.7,100,130.6,150,,,,,,,,,,,,,,,,,131.1,150,131.2,47,,,,,,,,,,,,,,,,
2026-07-09T01:01:06.289313+00:00,2026-07-09T01:01:06.289240,2,2,130.9,0.4,130.7,100,130.6,150,,,,,,,,,,,,,,,,,131.1,105,131.2,47,,,,,,,,,,,,,,,,
2026-07-09T01:01:07.272901+00:00,2026-07-09T01:01:07.272782,1,1,130.85,0.5,130.6,150,,,,,,,,,,,,,,,,,,,131.1,105,,,,,,,,,,,,,,,,,,
2026-07-09T01:01:07.327526+00:00,2026-07-09T01:01:07.327714,2,1,130.95,0.3,130.8,100,130.6,150,,,,,,,,,,,,,,,,,131.1,105,,,,,,,,,,,,,,,,,,
2026-07-09T01:01:07.381027+00:00,2026-07-09T01:01:07.380996,2,2,130.95,0.3,130.8,100,130.6,150,,,,,,,,,,,,,,,,,131.1,105,131.3,100,,,,,,,,,,,,,,,,
2026-07-09T01:01:07.441248+00:00,2026-07-09T01:01:07.441117,2,2,130.95,0.3,130.8,50,130.6,150,,,,,,,,,,,,,,,,,131.1,105,131.3,100,,,,,,,,,,,,,,,,
2026-07-09T01:01:07.510143+00:00,2026-07-09T01:01:07.510272,2,2,130.95,0.3,130.8,50,130.6,150,,,,,,,,,,,,,,,,,131.1,57,131.3,100,,,,,,,,,,,,,,,,
2026-07-09T01:01:09.026933+00:00,2026-07-09T01:01:09.026858,2,1,131.05,0.5,130.8,50,130.6,150,,,,,,,,,,,,,,,,,131.3,100,,,,,,,,,,,,,,,,,,
2026-07-09T01:01:09.032156+00:00,2026-07-09T01:01:09.032034,1,1,131.05,0.5,130.8,50,,,,,,,,,,,,,,,,,,,131.3,100,,,,,,,,,,,,,,,,,,
2026-07-09T01:01:09.084900+00:00,2026-07-09T01:01:09.084832,2,1,131.15,0.3,131.0,150,130.8,50,,,,,,,,,,,,,,,,,131.3,100,,,,,,,,,,,,,,,,,,
2026-07-09T01:01:09.138506+00:00,2026-07-09T01:01:09.138387,2,2,131.15,0.3,131.0,150,130.8,50,,,,,,,,,,,,,,,,,131.3,100,131.5,150,,,,,,,,,,,,,,,,
2026-07-09T01:01:09.497314+00:00,2026-07-09T01:01:09.497264,2,2,131.15,0.3,131.0,150,130.8,50,,,,,,,,,,,,,,,,,131.3,50,131.5,150,,,,,,,,,,,,,,,,
2026-07-09T01:01:10.088095+00:00,2026-07-09T01:01:10.087997,2,2,131.15,0.3,131.0,101,130.8,50,,,,,,,,,,,,,,,,,131.3,50,131.5,150,,,,,,,,,,,,,,,,
2026-07-09T01:01:10.458564+00:00,2026-07-09T01:01:10.455744,1,1,131.25,0.5,131.0,101,,,,,,,,,,,,,,,,,,,131.5,150,,,,,,,,,,,,,,,,,,
2026-07-09T01:01:10.515006+00:00,2026-07-09T01:01:10.515093,2,1,131.25,0.5,131.0,101,130.8,100,,,,,,,,,,,,,,,,,131.5,150,,,,,,,,,,,,,,,,,,
2026-07-09T01:01:10.558576+00:00,2026-07-09T01:01:10.557889,2,2,131.15,0.3,131.0,101,130.8,100,,,,,,,,,,,,,,,,,131.3,100,131.5,150,,,,,,,,,,,,,,,,
2026-07-09T01:01:10.694755+00:00,2026-07-09T01:01:10.694633,2,2,131.15,0.3,131.0,52,130.8,100,,,,,,,,,,,,,,,,,131.3,100,131.5,150,,,,,,,,,,,,,,,,
2026-07-09T01:01:11.242006+00:00,2026-07-09T01:01:11.241948,2,2,131.15,0.3,131.0,52,130.8,100,,,,,,,,,,,,,,,,,131.3,55,131.5,150,,,,,,,,,,,,,,,,
2026-07-09T01:01:11.295985+00:00,2026-07-09T01:01:11.295951,2,2,131.15,0.3,131.0,5,130.8,100,,,,,,,,,,,,,,,,,131.3,55,131.5,150,,,,,,,,,,,,,,,,
2026-07-09T01:01:11.608018+00:00,2026-07-09T01:01:11.607929,2,2,131.15,0.3,131.0,5,130.8,100,,,,,,,,,,,,,,,,,131.3,5,131.5,150,,,,,,,,,,,,,,,,
2026-07-09T01:01:12.195632+00:00,2026-07-09T01:01:12.195890,1,1,131.05,0.5,130.8,100,,,,,,,,,,,,,,,,,,,131.3,5,,,,,,,,,,,,,,,,,,
2026-07-09T01:01:12.250824+00:00,2026-07-09T01:01:12.250731,2,1,131.05,0.5,130.8,100,130.3,150,,,,,,,,,,,,,,,,,131.3,5,,,,,,,,,,,,,,,,,,
2026-07-09T01:01:12.314671+00:00,2026-07-09T01:01:12.308205,1,2,130.55,0.5,130.3,150,,,,,,,,,,,,,,,,,,,130.8,6,131.3,5,,,,,,,,,,,,,,,,
2026-07-09T01:01:13.622502+00:00,2026-07-09T01:01:13.622388,1,1,130.55,0.5,130.3,150,,,,,,,,,,,,,,,,,,,130.8,6,,,,,,,,,,,,,,,,,,
2026-07-09T01:01:13.675184+00:00,2026-07-09T01:01:13.675110,2,1,130.7,0.2,130.6,100,130.3,150,,,,,,,,,,,,,,,,,130.8,6,,,,,,,,,,,,,,,,,,
2026-07-09T01:01:13.717168+00:00,2026-07-09T01:01:13.717038,2,0,,,130.6,100,130.3,150,,,,,,,,,,,,,,,,,,,,,,,,,,,,,,,,,,,,
2026-07-09T01:01:13.728713+00:00,2026-07-09T01:01:13.728573,2,1,130.85,0.5,130.6,100,130.3,150,,,,,,,,,,,,,,,,,131.1,100,,,,,,,,,,,,,,,,,,
2026-07-09T01:01:14.384617+00:00,2026-07-09T01:01:14.384551,2,1,130.85,0.5,130.6,100,130.3,150,,,,,,,,,,,,,,,,,131.1,52,,,,,,,,,,,,,,,,,,
2026-07-09T01:01:14.945405+00:00,2026-07-09T01:01:14.945268,2,1,130.85,0.5,130.6,100,130.3,150,,,,,,,,,,,,,,,,,131.1,8,,,,,,,,,,,,,,,,,,
2026-07-09T01:01:15.358641+00:00,2026-07-09T01:01:15.354091,1,1,130.85,0.5,130.6,100,,,,,,,,,,,,,,,,,,,131.1,8,,,,,,,,,,,,,,,,,,
2026-07-09T01:01:15.413310+00:00,2026-07-09T01:01:15.413200,2,1,130.95,0.3,130.8,150,130.6,100,,,,,,,,,,,,,,,,,131.1,8,,,,,,,,,,,,,,,,,,
2026-07-09T01:01:15.466985+00:00,2026-07-09T01:01:15.466939,2,2,130.95,0.3,130.8,150,130.6,100,,,,,,,,,,,,,,,,,131.1,8,131.3,150,,,,,,,,,,,,,,,,
2026-07-09T01:01:15.826620+00:00,2026-07-09T01:01:15.826813,2,1,131.05,0.5,130.8,150,130.6,100,,,,,,,,,,,,,,,,,131.3,108,,,,,,,,,,,,,,,,,,
2026-07-09T01:01:16.781775+00:00,2026-07-09T01:01:16.781634,1,1,131.05,0.5,130.8,150,,,,,,,,,,,,,,,,,,,131.3,108,,,,,,,,,,,,,,,,,,
2026-07-09T01:01:16.844944+00:00,2026-07-09T01:01:16.838333,2,1,131.15,0.3,131.0,77,130.8,150,,,,,,,,,,,,,,,,,131.3,108,,,,,,,,,,,,,,,,,,
2026-07-09T01:01:16.889349+00:00,2026-07-09T01:01:16.889238,2,2,131.15,0.3,131.0,77,130.8,150,,,,,,,,,,,,,,,,,131.3,108,131.5,100,,,,,,,,,,,,,,,,
2026-07-09T01:01:17.798080+00:00,2026-07-09T01:01:17.786920,2,2,131.15,0.3,131.0,66,130.8,150,,,,,,,,,,,,,,,,,131.3,108,131.5,100,,,,,,,,,,,,,,,,
2026-07-09T01:01:18.021285+00:00,2026-07-09T01:01:18.021203,2,2,131.15,0.3,131.0,16,130.8,150,,,,,,,,,,,,,,,,,131.3,108,131.5,100,,,,,,,,,,,,,,,,
2026-07-09T01:01:18.520350+00:00,2026-07-09T01:01:18.520278,1,1,131.25,0.5,131.0,16,,,,,,,,,,,,,,,,,,,131.5,100,,,,,,,,,,,,,,,,,,
2026-07-09T01:01:18.575707+00:00,2026-07-09T01:01:18.575603,2,1,131.25,0.5,131.0,16,130.8,150,,,,,,,,,,,,,,,,,131.5,100,,,,,,,,,,,,,,,,,,
2026-07-09T01:01:18.628506+00:00,2026-07-09T01:01:18.628464,2,2,131.15,0.3,131.0,16,130.8,150,,,,,,,,,,,,,,,,,131.3,150,131.5,100,,,,,,,,,,,,,,,,
2026-07-09T01:01:19.831308+00:00,2026-07-09T01:01:19.831202,1,2,131.05,0.5,130.8,119,,,,,,,,,,,,,,,,,,,131.3,150,131.5,100,,,,,,,,,,,,,,,,
2026-07-09T01:01:19.943213+00:00,2026-07-09T01:01:19.943136,1,1,131.05,0.5,130.8,119,,,,,,,,,,,,,,,,,,,131.3,150,,,,,,,,,,,,,,,,,,
2026-07-09T01:01:19.996219+00:00,2026-07-09T01:01:19.996174,2,1,131.05,0.5,130.8,119,130.7,100,,,,,,,,,,,,,,,,,131.3,150,,,,,,,,,,,,,,,,,,
2026-07-09T01:01:20.049093+00:00,2026-07-09T01:01:20.049048,2,2,131.0,0.4,130.8,119,130.7,100,,,,,,,,,,,,,,,,,131.2,100,131.3,150,,,,,,,,,,,,,,,,
2026-07-09T01:01:20.078383+00:00,2026-07-09T01:01:20.078301,2,2,131.0,0.4,130.8,119,130.7,100,,,,,,,,,,,,,,,,,131.2,50,131.3,150,,,,,,,,,,,,,,,,
2026-07-09T01:01:21.682896+00:00,2026-07-09T01:01:21.682754,1,1,130.95,0.5,130.7,100,,,,,,,,,,,,,,,,,,,131.2,50,,,,,,,,,,,,,,,,,,
2026-07-09T01:01:21.736514+00:00,2026-07-09T01:01:21.736388,2,1,131.05,0.3,130.9,150,130.7,100,,,,,,,,,,,,,,,,,131.2,50,,,,,,,,,,,,,,,,,,
2026-07-09T01:01:21.786662+00:00,2026-07-09T01:01:21.786612,2,2,131.05,0.3,130.9,150,130.7,100,,,,,,,,,,,,,,,,,131.2,50,131.4,150,,,,,,,,,,,,,,,,
2026-07-09T01:01:23.109846+00:00,2026-07-09T01:01:23.099276,1,1,131.15,0.5,130.9,150,,,,,,,,,,,,,,,,,,,131.4,150,,,,,,,,,,,,,,,,,,
2026-07-09T01:01:23.190812+00:00,2026-07-09T01:01:23.190763,2,1,131.15,0.5,130.9,150,130.8,100,,,,,,,,,,,,,,,,,131.4,150,,,,,,,,,,,,,,,,,,
2026-07-09T01:01:23.247638+00:00,2026-07-09T01:01:23.247560,2,2,131.1,0.4,130.9,150,130.8,100,,,,,,,,,,,,,,,,,131.3,100,131.4,150,,,,,,,,,,,,,,,,
2026-07-09T01:01:23.507195+00:00,2026-07-09T01:01:23.507138,2,2,131.1,0.4,130.9,104,130.8,100,,,,,,,,,,,,,,,,,131.3,100,131.4,150,,,,,,,,,,,,,,,,
2026-07-09T01:01:24.638137+00:00,2026-07-09T01:01:24.638044,2,2,131.1,0.4,130.9,104,130.8,100,,,,,,,,,,,,,,,,,131.3,54,131.4,150,,,,,,,,,,,,,,,,
2026-07-09T01:01:24.839979+00:00,2026-07-09T01:01:24.839923,2,1,131.1,0.4,130.9,104,130.8,100,,,,,,,,,,,,,,,,,131.3,54,,,,,,,,,,,,,,,,,,
2026-07-09T01:01:24.845191+00:00,2026-07-09T01:01:24.845104,1,1,131.05,0.5,130.8,100,,,,,,,,,,,,,,,,,,,131.3,54,,,,,,,,,,,,,,,,,,
2026-07-09T01:01:24.897370+00:00,2026-07-09T01:01:24.897328,2,1,131.05,0.5,130.8,100,130.7,150,,,,,,,,,,,,,,,,,131.3,54,,,,,,,,,,,,,,,,,,
2026-07-09T01:01:24.958625+00:00,2026-07-09T01:01:24.951136,2,2,131.0,0.4,130.8,100,130.7,150,,,,,,,,,,,,,,,,,131.2,150,131.3,54,,,,,,,,,,,,,,,,
2026-07-09T01:01:26.303290+00:00,2026-07-09T01:01:26.303212,1,1,130.95,0.5,130.7,150,,,,,,,,,,,,,,,,,,,131.2,150,,,,,,,,,,,,,,,,,,
2026-07-09T01:01:26.358634+00:00,2026-07-09T01:01:26.356129,2,1,131.15,0.1,131.1,100,130.7,150,,,,,,,,,,,,,,,,,131.2,150,,,,,,,,,,,,,,,,,,
2026-07-09T01:01:26.410929+00:00,2026-07-09T01:01:26.410833,2,2,131.15,0.1,131.1,100,130.7,150,,,,,,,,,,,,,,,,,131.2,150,131.6,100,,,,,,,,,,,,,,,,
2026-07-09T01:01:26.450702+00:00,2026-07-09T01:01:26.450547,2,2,131.15,0.1,131.1,50,130.7,150,,,,,,,,,,,,,,,,,131.2,150,131.6,100,,,,,,,,,,,,,,,,
2026-07-09T01:01:27.287215+00:00,2026-07-09T01:01:27.287153,2,2,131.15,0.1,131.1,4,130.7,150,,,,,,,,,,,,,,,,,131.2,150,131.6,100,,,,,,,,,,,,,,,,
2026-07-09T01:01:28.034057+00:00,2026-07-09T01:01:28.033940,1,1,131.35,0.5,131.1,4,,,,,,,,,,,,,,,,,,,131.6,100,,,,,,,,,,,,,,,,,,
2026-07-09T01:01:28.086590+00:00,2026-07-09T01:01:28.086486,2,1,131.35,0.5,131.1,4,130.7,150,,,,,,,,,,,,,,,,,131.6,100,,,,,,,,,,,,,,,,,,
2026-07-09T01:01:28.142548+00:00,2026-07-09T01:01:28.142524,2,2,131.15,0.1,131.1,4,130.7,150,,,,,,,,,,,,,,,,,131.2,150,131.6,100,,,,,,,,,,,,,,,,
2026-07-09T01:01:29.462137+00:00,2026-07-09T01:01:29.462105,1,1,130.95,0.5,130.7,150,,,,,,,,,,,,,,,,,,,131.2,150,,,,,,,,,,,,,,,,,,
2026-07-09T01:01:29.520129+00:00,2026-07-09T01:01:29.520244,2,1,130.95,0.5,130.7,150,130.6,100,,,,,,,,,,,,,,,,,131.2,150,,,,,,,,,,,,,,,,,,
2026-07-09T01:01:29.574703+00:00,2026-07-09T01:01:29.574610,2,2,130.9,0.4,130.7,150,130.6,100,,,,,,,,,,,,,,,,,131.1,100,131.2,150,,,,,,,,,,,,,,,,
2026-07-09T01:01:30.612734+00:00,2026-07-09T01:01:30.612648,2,2,130.9,0.4,130.7,150,130.6,100,,,,,,,,,,,,,,,,,131.1,50,131.2,150,,,,,,,,,,,,,,,,
2026-07-09T01:01:31.200114+00:00,2026-07-09T01:01:31.200041,1,1,130.85,0.5,130.6,100,,,,,,,,,,,,,,,,,,,131.1,50,,,,,,,,,,,,,,,,,,
2026-07-09T01:01:31.249431+00:00,2026-07-09T01:01:31.249549,1,1,130.85,0.5,130.6,250,,,,,,,,,,,,,,,,,,,131.1,50,,,,,,,,,,,,,,,,,,
2026-07-09T01:01:31.308149+00:00,2026-07-09T01:01:31.308121,1,1,130.85,0.5,130.6,250,,,,,,,,,,,,,,,,,,,131.1,200,,,,,,,,,,,,,,,,,,
2026-07-09T01:01:31.371904+00:00,2026-07-09T01:01:31.372079,1,1,130.85,0.5,130.6,250,,,,,,,,,,,,,,,,,,,131.1,156,,,,,,,,,,,,,,,,,,
2026-07-09T01:01:32.627515+00:00,2026-07-09T01:01:32.627447,1,1,130.85,0.5,130.6,150,,,,,,,,,,,,,,,,,,,131.1,150,,,,,,,,,,,,,,,,,,
2026-07-09T01:01:32.680351+00:00,2026-07-09T01:01:32.680281,2,1,130.95,0.3,130.8,100,130.6,150,,,,,,,,,,,,,,,,,131.1,150,,,,,,,,,,,,,,,,,,
2026-07-09T01:01:32.733662+00:00,2026-07-09T01:01:32.733609,2,2,130.95,0.3,130.8,100,130.6,150,,,,,,,,,,,,,,,,,131.1,150,131.3,100,,,,,,,,,,,,,,,,
2026-07-09T01:01:34.358614+00:00,2026-07-09T01:01:34.355181,1,1,131.05,0.5,130.8,100,,,,,,,,,,,,,,,,,,,131.3,100,,,,,,,,,,,,,,,,,,
2026-07-09T01:01:34.416940+00:00,2026-07-09T01:01:34.416884,2,1,131.05,0.5,130.8,100,130.6,150,,,,,,,,,,,,,,,,,131.3,100,,,,,,,,,,,,,,,,,,
2026-07-09T01:01:34.469254+00:00,2026-07-09T01:01:34.469204,2,2,130.95,0.3,130.8,100,130.6,150,,,,,,,,,,,,,,,,,131.1,150,131.3,100,,,,,,,,,,,,,,,,
2026-07-09T01:01:34.821108+00:00,2026-07-09T01:01:34.821041,2,2,130.95,0.3,130.8,100,130.6,150,,,,,,,,,,,,,,,,,131.1,100,131.3,100,,,,,,,,,,,,,,,,
2026-07-09T01:01:35.787810+00:00,2026-07-09T01:01:35.787769,1,1,130.85,0.5,130.6,150,,,,,,,,,,,,,,,,,,,131.1,100,,,,,,,,,,,,,,,,,,
2026-07-09T01:01:35.842930+00:00,2026-07-09T01:01:35.842834,2,1,130.95,0.3,130.8,100,130.6,150,,,,,,,,,,,,,,,,,131.1,100,,,,,,,,,,,,,,,,,,
2026-07-09T01:01:35.906942+00:00,2026-07-09T01:01:35.906816,2,2,130.95,0.3,130.8,100,130.6,150,,,,,,,,,,,,,,,,,131.1,100,131.3,100,,,,,,,,,,,,,,,,
2026-07-09T01:01:36.931436+00:00,2026-07-09T01:01:36.931306,2,2,130.95,0.3,130.8,100,130.6,150,,,,,,,,,,,,,,,,,131.1,50,131.3,100,,,,,,,,,,,,,,,,
2026-07-09T01:01:37.074843+00:00,2026-07-09T01:01:37.074723,2,2,130.95,0.3,130.8,57,130.6,150,,,,,,,,,,,,,,,,,131.1,50,131.3,100,,,,,,,,,,,,,,,,
2026-07-09T01:01:37.523312+00:00,2026-07-09T01:01:37.523247,1,1,131.05,0.5,130.8,57,,,,,,,,,,,,,,,,,,,131.3,100,,,,,,,,,,,,,,,,,,
2026-07-09T01:01:37.549380+00:00,2026-07-09T01:01:37.549239,1,1,131.05,0.5,130.8,13,,,,,,,,,,,,,,,,,,,131.3,100,,,,,,,,,,,,,,,,,,
2026-07-09T01:01:37.577736+00:00,2026-07-09T01:01:37.577640,2,1,131.15,0.3,131.0,150,130.8,13,,,,,,,,,,,,,,,,,131.3,100,,,,,,,,,,,,,,,,,,
2026-07-09T01:01:37.630893+00:00,2026-07-09T01:01:37.630789,2,2,131.15,0.3,131.0,150,130.8,13,,,,,,,,,,,,,,,,,131.3,100,131.5,150,,,,,,,,,,,,,,,,
2026-07-09T01:01:38.794884+00:00,2026-07-09T01:01:38.788877,2,2,131.15,0.3,131.0,147,130.8,13,,,,,,,,,,,,,,,,,131.3,100,131.5,150,,,,,,,,,,,,,,,,
2026-07-09T01:01:38.957034+00:00,2026-07-09T01:01:38.956915,2,1,131.25,0.5,131.0,147,130.8,13,,,,,,,,,,,,,,,,,131.5,150,,,,,,,,,,,,,,,,,,
2026-07-09T01:01:38.962240+00:00,2026-07-09T01:01:38.962089,1,1,131.25,0.5,131.0,147,,,,,,,,,,,,,,,,,,,131.5,150,,,,,,,,,,,,,,,,,,
2026-07-09T01:01:38.972575+00:00,2026-07-09T01:01:38.972520,1,1,131.25,0.5,131.0,137,,,,,,,,,,,,,,,,,,,131.5,150,,,,,,,,,,,,,,,,,,
2026-07-09T01:01:39.017083+00:00,2026-07-09T01:01:39.017048,2,1,131.25,0.5,131.0,137,130.5,100,,,,,,,,,,,,,,,,,131.5,150,,,,,,,,,,,,,,,,,,
2026-07-09T01:01:39.040763+00:00,2026-07-09T01:01:39.040631,2,1,131.25,0.5,131.0,137,130.5,100,,,,,,,,,,,,,,,,,131.5,100,,,,,,,,,,,,,,,,,,
2026-07-09T01:01:39.073694+00:00,2026-07-09T01:01:39.073564,2,1,131.25,0.5,131.0,37,130.5,100,,,,,,,,,,,,,,,,,131.5,100,,,,,,,,,,,,,,,,,,
2026-07-09T01:01:40.684843+00:00,2026-07-09T01:01:40.684796,1,0,,,130.5,100,,,,,,,,,,,,,,,,,,,,,,,,,,,,,,,,,,,,,,
2026-07-09T01:01:40.742398+00:00,2026-07-09T01:01:40.742325,2,0,,,130.6,150,130.5,100,,,,,,,,,,,,,,,,,,,,,,,,,,,,,,,,,,,,
2026-07-09T01:01:40.796057+00:00,2026-07-09T01:01:40.795960,2,1,130.85,0.5,130.6,150,130.5,100,,,,,,,,,,,,,,,,,131.1,150,,,,,,,,,,,,,,,,,,
2026-07-09T01:01:41.158710+00:00,2026-07-09T01:01:41.147472,2,1,130.85,0.5,130.6,150,130.5,100,,,,,,,,,,,,,,,,,131.1,100,,,,,,,,,,,,,,,,,,
2026-07-09T01:01:42.127271+00:00,2026-07-09T01:01:42.127476,1,1,130.85,0.5,130.6,150,,,,,,,,,,,,,,,,,,,131.1,100,,,,,,,,,,,,,,,,,,
2026-07-09T01:01:42.182672+00:00,2026-07-09T01:01:42.182602,2,1,131.05,0.1,131.0,100,130.6,150,,,,,,,,,,,,,,,,,131.1,100,,,,,,,,,,,,,,,,,,
2026-07-09T01:01:42.236806+00:00,2026-07-09T01:01:42.236763,2,2,131.05,0.1,131.0,100,130.6,150,,,,,,,,,,,,,,,,,131.1,100,131.5,100,,,,,,,,,,,,,,,,
2026-07-09T01:01:43.263746+00:00,2026-07-09T01:01:43.263681,2,2,131.05,0.1,131.0,100,130.6,150,,,,,,,,,,,,,,,,,131.1,50,131.5,100,,,,,,,,,,,,,,,,
2026-07-09T01:01:43.864028+00:00,2026-07-09T01:01:43.863970,1,1,131.25,0.5,131.0,100,,,,,,,,,,,,,,,,,,,131.5,100,,,,,,,,,,,,,,,,,,
2026-07-09T01:01:43.963942+00:00,2026-07-09T01:01:43.963866,2,2,131.3,0.4,131.1,150,131.0,100,,,,,,,,,,,,,,,,,131.5,100,131.6,150,,,,,,,,,,,,,,,,
2026-07-09T01:01:44.795160+00:00,2026-07-09T01:01:44.795089,2,2,131.3,0.4,131.1,140,131.0,100,,,,,,,,,,,,,,,,,131.5,100,131.6,150,,,,,,,,,,,,,,,,
2026-07-09T01:01:45.012635+00:00,2026-07-09T01:01:45.012568,2,2,131.3,0.4,131.1,130,131.0,100,,,,,,,,,,,,,,,,,131.5,100,131.6,150,,,,,,,,,,,,,,,,
2026-07-09T01:01:45.080823+00:00,2026-07-09T01:01:45.080904,2,2,131.3,0.4,131.1,87,131.0,100,,,,,,,,,,,,,,,,,131.5,100,131.6,150,,,,,,,,,,,,,,,,
2026-07-09T01:01:45.228578+00:00,2026-07-09T01:01:45.228433,2,2,131.3,0.4,131.1,82,131.0,100,,,,,,,,,,,,,,,,,131.5,100,131.6,150,,,,,,,,,,,,,,,,
2026-07-09T01:01:45.294490+00:00,2026-07-09T01:01:45.294417,1,1,131.35,0.5,131.1,82,,,,,,,,,,,,,,,,,,,131.6,150,,,,,,,,,,,,,,,,,,
2026-07-09T01:01:45.347025+00:00,2026-07-09T01:01:45.346942,2,1,131.35,0.5,131.1,82,130.7,100,,,,,,,,,,,,,,,,,131.6,150,,,,,,,,,,,,,,,,,,
2026-07-09T01:01:45.364754+00:00,2026-07-09T01:01:45.364728,2,1,131.35,0.5,131.1,82,130.7,100,,,,,,,,,,,,,,,,,131.6,100,,,,,,,,,,,,,,,,,,
2026-07-09T01:01:45.397899+00:00,2026-07-09T01:01:45.397795,2,2,131.15,0.1,131.1,82,130.7,100,,,,,,,,,,,,,,,,,131.2,100,131.6,100,,,,,,,,,,,,,,,,
2026-07-09T01:01:47.022645+00:00,2026-07-09T01:01:47.022573,1,1,130.95,0.5,130.7,100,,,,,,,,,,,,,,,,,,,131.2,100,,,,,,,,,,,,,,,,,,
2026-07-09T01:01:47.071027+00:00,2026-07-09T01:01:47.070961,2,1,131.05,0.3,130.9,150,130.7,100,,,,,,,,,,,,,,,,,131.2,100,,,,,,,,,,,,,,,,,,
2026-07-09T01:01:47.129562+00:00,2026-07-09T01:01:47.129435,2,2,131.05,0.3,130.9,150,130.7,100,,,,,,,,,,,,,,,,,131.2,100,131.4,150,,,,,,,,,,,,,,,,
2026-07-09T01:01:47.472945+00:00,2026-07-09T01:01:47.473108,2,2,131.05,0.3,130.9,150,130.7,100,,,,,,,,,,,,,,,,,131.2,50,131.4,150,,,,,,,,,,,,,,,,
2026-07-09T01:01:48.458573+00:00,2026-07-09T01:01:48.455394,1,1,131.15,0.5,130.9,150,,,,,,,,,,,,,,,,,,,131.4,150,,,,,,,,,,,,,,,,,,
2026-07-09T01:01:48.510635+00:00,2026-07-09T01:01:48.510574,1,1,131.15,0.5,130.9,250,,,,,,,,,,,,,,,,,,,131.4,150,,,,,,,,,,,,,,,,,,
2026-07-09T01:01:48.564326+00:00,2026-07-09T01:01:48.564226,1,1,131.15,0.5,130.9,250,,,,,,,,,,,,,,,,,,,131.4,250,,,,,,,,,,,,,,,,,,
2026-07-09T01:01:50.182785+00:00,2026-07-09T01:01:50.182645,1,1,131.15,0.5,130.9,100,,,,,,,,,,,,,,,,,,,131.4,100,,,,,,,,,,,,,,,,,,
2026-07-09T01:01:50.235211+00:00,2026-07-09T01:01:50.235107,2,1,131.2,0.4,131.0,150,130.9,100,,,,,,,,,,,,,,,,,131.4,100,,,,,,,,,,,,,,,,,,
2026-07-09T01:01:50.287440+00:00,2026-07-09T01:01:50.287396,2,2,131.2,0.4,131.0,150,130.9,100,,,,,,,,,,,,,,,,,131.4,100,131.5,150,,,,,,,,,,,,,,,,
2026-07-09T01:01:51.619095+00:00,2026-07-09T01:01:51.618976,1,1,131.25,0.5,131.0,150,,,,,,,,,,,,,,,,,,,131.5,150,,,,,,,,,,,,,,,,,,
2026-07-09T01:01:51.675192+00:00,2026-07-09T01:01:51.675129,1,1,131.25,0.5,131.0,250,,,,,,,,,,,,,,,,,,,131.5,150,,,,,,,,,,,,,,,,,,
2026-07-09T01:01:51.727747+00:00,2026-07-09T01:01:51.727649,1,1,131.25,0.5,131.0,250,,,,,,,,,,,,,,,,,,,131.5,250,,,,,,,,,,,,,,,,,,
2026-07-09T01:01:53.344964+00:00,2026-07-09T01:01:53.344860,1,1,131.25,0.5,131.0,100,,,,,,,,,,,,,,,,,,,131.5,100,,,,,,,,,,,,,,,,,,
2026-07-09T01:01:53.398432+00:00,2026-07-09T01:01:53.396243,1,1,131.25,0.5,131.0,250,,,,,,,,,,,,,,,,,,,131.5,100,,,,,,,,,,,,,,,,,,
2026-07-09T01:01:53.458636+00:00,2026-07-09T01:01:53.456313,1,1,131.25,0.5,131.0,250,,,,,,,,,,,,,,,,,,,131.5,250,,,,,,,,,,,,,,,,,,
2026-07-09T01:01:54.453745+00:00,2026-07-09T01:01:54.454212,1,1,131.25,0.5,131.0,250,,,,,,,,,,,,,,,,,,,131.5,209,,,,,,,,,,,,,,,,,,
2026-07-09T01:01:54.780744+00:00,2026-07-09T01:01:54.780668,1,1,131.25,0.5,131.0,150,,,,,,,,,,,,,,,,,,,131.5,150,,,,,,,,,,,,,,,,,,
2026-07-09T01:01:54.838464+00:00,2026-07-09T01:01:54.838406,2,1,131.3,0.4,131.1,100,131.0,150,,,,,,,,,,,,,,,,,131.5,150,,,,,,,,,,,,,,,,,,
2026-07-09T01:01:54.892404+00:00,2026-07-09T01:01:54.892322,2,2,131.3,0.4,131.1,100,131.0,150,,,,,,,,,,,,,,,,,131.5,150,131.6,100,,,,,,,,,,,,,,,,
2026-07-09T01:01:55.953735+00:00,2026-07-09T01:01:55.953852,2,2,131.3,0.4,131.1,50,131.0,150,,,,,,,,,,,,,,,,,131.5,150,131.6,100,,,,,,,,,,,,,,,,
2026-07-09T01:01:56.516180+00:00,2026-07-09T01:01:56.516089,2,1,131.35,0.5,131.1,50,131.0,150,,,,,,,,,,,,,,,,,131.6,100,,,,,,,,,,,,,,,,,,
2026-07-09T01:01:56.521378+00:00,2026-07-09T01:01:56.521244,1,1,131.35,0.5,131.1,50,,,,,,,,,,,,,,,,,,,131.6,100,,,,,,,,,,,,,,,,,,
2026-07-09T01:01:56.573660+00:00,2026-07-09T01:01:56.573598,2,1,131.35,0.5,131.1,50,131.0,150,,,,,,,,,,,,,,,,,131.6,100,,,,,,,,,,,,,,,,,,
2026-07-09T01:01:56.623549+00:00,2026-07-09T01:01:56.623503,2,2,131.3,0.4,131.1,50,131.0,150,,,,,,,,,,,,,,,,,131.5,150,131.6,100,,,,,,,,,,,,,,,,
2026-07-09T01:01:57.946400+00:00,2026-07-09T01:01:57.946336,1,1,131.25,0.5,131.0,150,,,,,,,,,,,,,,,,,,,131.5,150,,,,,,,,,,,,,,,,,,
2026-07-09T01:01:58.001519+00:00,2026-07-09T01:01:58.001594,2,1,131.3,0.4,131.1,100,131.0,150,,,,,,,,,,,,,,,,,131.5,150,,,,,,,,,,,,,,,,,,
2026-07-09T01:01:58.011893+00:00,2026-07-09T01:01:58.011978,2,1,131.3,0.4,131.1,100,131.0,150,,,,,,,,,,,,,,,,,131.5,100,,,,,,,,,,,,,,,,,,
2026-07-09T01:01:58.058579+00:00,2026-07-09T01:01:58.055319,2,2,131.3,0.4,131.1,100,131.0,150,,,,,,,,,,,,,,,,,131.5,100,131.6,100,,,,,,,,,,,,,,,,
2026-07-09T01:01:59.680895+00:00,2026-07-09T01:01:59.680782,1,1,131.35,0.5,131.1,100,,,,,,,,,,,,,,,,,,,131.6,100,,,,,,,,,,,,,,,,,,
2026-07-09T01:01:59.735479+00:00,2026-07-09T01:01:59.735362,2,1,131.45,0.3,131.3,150,131.1,100,,,,,,,,,,,,,,,,,131.6,100,,,,,,,,,,,,,,,,,,
2026-07-09T01:01:59.788084+00:00,2026-07-09T01:01:59.788007,2,2,131.45,0.3,131.3,150,131.1,100,,,,,,,,,,,,,,,,,131.6,100,131.8,150,,,,,,,,,,,,,,,,
2026-07-09T01:02:00.126416+00:00,2026-07-09T01:02:00.126275,2,2,131.45,0.3,131.3,150,131.1,100,,,,,,,,,,,,,,,,,131.6,50,131.8,150,,,,,,,,,,,,,,,,
2026-07-09T01:02:01.109884+00:00,2026-07-09T01:02:01.109809,1,1,131.55,0.5,131.3,150,,,,,,,,,,,,,,,,,,,131.8,150,,,,,,,,,,,,,,,,,,
2026-07-09T01:02:01.164103+00:00,2026-07-09T01:02:01.163976,2,1,131.55,0.5,131.3,150,131.2,100,,,,,,,,,,,,,,,,,131.8,150,,,,,,,,,,,,,,,,,,
2026-07-09T01:02:01.215787+00:00,2026-07-09T01:02:01.215725,2,2,131.5,0.4,131.3,150,131.2,100,,,,,,,,,,,,,,,,,131.7,100,131.8,150,,,,,,,,,,,,,,,,
2026-07-09T01:02:01.487008+00:00,2026-07-09T01:02:01.486892,2,2,131.5,0.4,131.3,106,131.2,100,,,,,,,,,,,,,,,,,131.7,100,131.8,150,,,,,,,,,,,,,,,,
2026-07-09T01:02:02.230229+00:00,2026-07-09T01:02:02.230169,2,2,131.5,0.4,131.3,106,131.2,100,,,,,,,,,,,,,,,,,131.7,50,131.8,150,,,,,,,,,,,,,,,,
2026-07-09T01:02:02.435688+00:00,2026-07-09T01:02:02.426554,2,2,131.5,0.4,131.3,103,131.2,100,,,,,,,,,,,,,,,,,131.7,50,131.8,150,,,,,,,,,,,,,,,,
2026-07-09T01:02:02.472036+00:00,2026-07-09T01:02:02.471905,2,2,131.5,0.4,131.3,93,131.2,100,,,,,,,,,,,,,,,,,131.7,50,131.8,150,,,,,,,,,,,,,,,,
2026-07-09T01:02:02.682968+00:00,2026-07-09T01:02:02.683041,2,2,131.5,0.4,131.3,83,131.2,100,,,,,,,,,,,,,,,,,131.7,50,131.8,150,,,,,,,,,,,,,,,,
2026-07-09T01:02:02.840253+00:00,2026-07-09T01:02:02.840151,1,1,131.45,0.5,131.2,100,,,,,,,,,,,,,,,,,,,131.7,50,,,,,,,,,,,,,,,,,,
2026-07-09T01:02:02.893742+00:00,2026-07-09T01:02:02.893603,2,1,131.45,0.5,131.2,100,130.9,150,,,,,,,,,,,,,,,,,131.7,50,,,,,,,,,,,,,,,,,,
2026-07-09T01:02:02.944296+00:00,2026-07-09T01:02:02.944226,2,2,131.3,0.2,131.2,100,130.9,150,,,,,,,,,,,,,,,,,131.4,150,131.7,50,,,,,,,,,,,,,,,,
2026-07-09T01:02:04.271680+00:00,2026-07-09T01:02:04.271625,2,1,131.3,0.2,131.2,100,130.9,150,,,,,,,,,,,,,,,,,131.4,150,,,,,,,,,,,,,,,,,,
2026-07-09T01:02:04.276896+00:00,2026-07-09T01:02:04.276805,1,1,131.15,0.5,130.9,150,,,,,,,,,,,,,,,,,,,131.4,150,,,,,,,,,,,,,,,,,,
2026-07-09T01:02:04.328963+00:00,2026-07-09T01:02:04.328862,2,1,131.3,0.2,131.2,100,130.9,150,,,,,,,,,,,,,,,,,131.4,150,,,,,,,,,,,,,,,,,,
2026-07-09T01:02:04.384691+00:00,2026-07-09T01:02:04.384596,2,2,131.3,0.2,131.2,100,130.9,150,,,,,,,,,,,,,,,,,131.4,150,131.7,100,,,,,,,,,,,,,,,,
2026-07-09T01:02:05.998827+00:00,2026-07-09T01:02:05.998740,2,1,131.45,0.5,131.2,100,130.9,150,,,,,,,,,,,,,,,,,131.7,100,,,,,,,,,,,,,,,,,,
2026-07-09T01:02:06.003985+00:00,2026-07-09T01:02:06.003917,1,1,131.45,0.5,131.2,100,,,,,,,,,,,,,,,,,,,131.7,100,,,,,,,,,,,,,,,,,,
2026-07-09T01:02:06.058574+00:00,2026-07-09T01:02:06.053681,2,1,131.45,0.5,131.2,100,131.1,150,,,,,,,,,,,,,,,,,131.7,100,,,,,,,,,,,,,,,,,,
2026-07-09T01:02:06.109874+00:00,2026-07-09T01:02:06.109735,2,2,131.4,0.4,131.2,100,131.1,150,,,,,,,,,,,,,,,,,131.6,150,131.7,100,,,,,,,,,,,,,,,,
2026-07-09T01:02:07.445554+00:00,2026-07-09T01:02:07.445447,1,1,131.35,0.5,131.1,150,,,,,,,,,,,,,,,,,,,131.6,150,,,,,,,,,,,,,,,,,,
2026-07-09T01:02:07.501331+00:00,2026-07-09T01:02:07.501213,1,1,131.35,0.5,131.1,250,,,,,,,,,,,,,,,,,,,131.6,150,,,,,,,,,,,,,,,,,,
2026-07-09T01:02:07.555103+00:00,2026-07-09T01:02:07.554983,1,1,131.35,0.5,131.1,250,,,,,,,,,,,,,,,,,,,131.6,250,,,,,,,,,,,,,,,,,,
2026-07-09T01:02:08.669606+00:00,2026-07-09T01:02:08.669503,1,1,131.35,0.5,131.1,200,,,,,,,,,,,,,,,,,,,131.6,250,,,,,,,,,,,,,,,,,,
2026-07-09T01:02:09.158645+00:00,2026-07-09T01:02:09.154597,1,1,131.35,0.5,131.1,100,,,,,,,,,,,,,,,,,,,131.6,100,,,,,,,,,,,,,,,,,,
2026-07-09T01:02:09.213255+00:00,2026-07-09T01:02:09.213208,2,1,131.35,0.5,131.1,100,130.6,150,,,,,,,,,,,,,,,,,131.6,100,,,,,,,,,,,,,,,,,,
2026-07-09T01:02:09.270649+00:00,2026-07-09T01:02:09.270598,1,2,130.85,0.5,130.6,150,,,,,,,,,,,,,,,,,,,131.1,50,131.6,100,,,,,,,,,,,,,,,,
2026-07-09T01:02:10.342558+00:00,2026-07-09T01:02:10.335379,1,2,130.85,0.5,130.6,150,,,,,,,,,,,,,,,,,,,131.1,47,131.6,100,,,,,,,,,,,,,,,,
2026-07-09T01:02:10.604702+00:00,2026-07-09T01:02:10.604812,1,1,130.85,0.5,130.6,150,,,,,,,,,,,,,,,,,,,131.1,47,,,,,,,,,,,,,,,,,,
2026-07-09T01:02:10.658677+00:00,2026-07-09T01:02:10.653569,2,1,131.0,0.2,130.9,100,130.6,150,,,,,,,,,,,,,,,,,131.1,47,,,,,,,,,,,,,,,,,,
2026-07-09T01:02:10.711129+00:00,2026-07-09T01:02:10.711100,2,2,131.0,0.2,130.9,100,130.6,150,,,,,,,,,,,,,,,,,131.1,47,131.4,100,,,,,,,,,,,,,,,,
2026-07-09T01:02:10.777692+00:00,2026-07-09T01:02:10.777611,2,2,131.0,0.2,130.9,50,130.6,150,,,,,,,,,,,,,,,,,131.1,47,131.4,100,,,,,,,,,,,,,,,,
2026-07-09T01:02:11.438461+00:00,2026-07-09T01:02:11.438583,2,2,131.0,0.2,130.9,50,130.6,150,,,,,,,,,,,,,,,,,131.1,6,131.4,100,,,,,,,,,,,,,,,,
2026-07-09T01:02:12.330069+00:00,2026-07-09T01:02:12.330021,1,1,131.15,0.5,130.9,50,,,,,,,,,,,,,,,,,,,131.4,100,,,,,,,,,,,,,,,,,,
2026-07-09T01:02:12.396414+00:00,2026-07-09T01:02:12.389015,2,1,131.25,0.3,131.1,147,130.9,50,,,,,,,,,,,,,,,,,131.4,100,,,,,,,,,,,,,,,,,,
2026-07-09T01:02:12.437815+00:00,2026-07-09T01:02:12.437758,2,2,131.25,0.3,131.1,147,130.9,50,,,,,,,,,,,,,,,,,131.4,100,131.6,150,,,,,,,,,,,,,,,,
2026-07-09T01:02:12.511266+00:00,2026-07-09T01:02:12.511149,2,2,131.25,0.3,131.1,142,130.9,50,,,,,,,,,,,,,,,,,131.4,100,131.6,150,,,,,,,,,,,,,,,,
2026-07-09T01:02:12.913002+00:00,2026-07-09T01:02:12.912921,2,2,131.25,0.3,131.1,92,130.9,50,,,,,,,,,,,,,,,,,131.4,100,131.6,150,,,,,,,,,,,,,,,,
2026-07-09T01:02:13.764466+00:00,2026-07-09T01:02:13.764417,2,1,131.35,0.5,131.1,92,130.9,50,,,,,,,,,,,,,,,,,131.6,150,,,,,,,,,,,,,,,,,,
2026-07-09T01:02:13.769664+00:00,2026-07-09T01:02:13.769573,1,1,131.35,0.5,131.1,92,,,,,,,,,,,,,,,,,,,131.6,150,,,,,,,,,,,,,,,,,,
2026-07-09T01:02:13.823931+00:00,2026-07-09T01:02:13.823841,2,1,131.35,0.5,131.1,92,130.7,100,,,,,,,,,,,,,,,,,131.6,150,,,,,,,,,,,,,,,,,,
2026-07-09T01:02:13.877862+00:00,2026-07-09T01:02:13.877808,2,2,131.15,0.1,131.1,92,130.7,100,,,,,,,,,,,,,,,,,131.2,100,131.6,150,,,,,,,,,,,,,,,,
2026-07-09T01:02:14.969822+00:00,2026-07-09T01:02:14.969764,2,2,131.15,0.1,131.1,92,130.7,100,,,,,,,,,,,,,,,,,131.2,50,131.6,150,,,,,,,,,,,,,,,,
2026-07-09T01:02:15.490463+00:00,2026-07-09T01:02:15.490364,1,1,130.95,0.5,130.7,100,,,,,,,,,,,,,,,,,,,131.2,50,,,,,,,,,,,,,,,,,,
2026-07-09T01:02:15.544565+00:00,2026-07-09T01:02:15.544439,2,1,131.1,0.2,131.0,150,130.7,100,,,,,,,,,,,,,,,,,131.2,50,,,,,,,,,,,,,,,,,,
2026-07-09T01:02:15.596906+00:00,2026-07-09T01:02:15.596839,2,2,131.1,0.2,131.0,150,130.7,100,,,,,,,,,,,,,,,,,131.2,50,131.5,150,,,,,,,,,,,,,,,,
2026-07-09T01:02:15.979754+00:00,2026-07-09T01:02:15.979639,2,2,131.1,0.2,131.0,150,130.7,100,,,,,,,,,,,,,,,,,131.2,5,131.5,150,,,,,,,,,,,,,,,,
2026-07-09T01:02:16.931178+00:00,2026-07-09T01:02:16.931076,1,1,131.25,0.5,131.0,150,,,,,,,,,,,,,,,,,,,131.5,150,,,,,,,,,,,,,,,,,,
2026-07-09T01:02:16.986835+00:00,2026-07-09T01:02:16.986921,1,1,131.25,0.5,131.0,250,,,,,,,,,,,,,,,,,,,131.5,150,,,,,,,,,,,,,,,,,,
2026-07-09T01:02:16.992218+00:00,2026-07-09T01:02:16.992099,1,1,131.25,0.5,131.0,201,,,,,,,,,,,,,,,,,,,131.5,150,,,,,,,,,,,,,,,,,,
2026-07-09T01:02:17.038682+00:00,2026-07-09T01:02:17.038750,1,1,131.25,0.5,131.0,201,,,,,,,,,,,,,,,,,,,131.5,250,,,,,,,,,,,,,,,,,,
2026-07-09T01:02:17.127282+00:00,2026-07-09T01:02:17.127448,1,1,131.25,0.5,131.0,151,,,,,,,,,,,,,,,,,,,131.5,250,,,,,,,,,,,,,,,,,,
2026-07-09T01:02:18.651768+00:00,2026-07-09T01:02:18.651642,1,1,131.25,0.5,131.0,100,,,,,,,,,,,,,,,,,,,131.5,100,,,,,,,,,,,,,,,,,,
2026-07-09T01:02:18.708941+00:00,2026-07-09T01:02:18.708825,2,1,131.25,0.5,131.0,100,130.6,150,,,,,,,,,,,,,,,,,131.5,100,,,,,,,,,,,,,,,,,,
2026-07-09T01:02:18.758617+00:00,2026-07-09T01:02:18.756299,2,2,131.05,0.1,131.0,100,130.6,150,,,,,,,,,,,,,,,,,131.1,150,131.5,100,,,,,,,,,,,,,,,,
2026-07-09T01:02:19.184564+00:00,2026-07-09T01:02:19.184370,2,2,131.05,0.1,131.0,100,130.6,150,,,,,,,,,,,,,,,,,131.1,100,131.5,100,,,,,,,,,,,,,,,,
2026-07-09T01:02:20.114176+00:00,2026-07-09T01:02:20.114101,1,1,130.85,0.5,130.6,150,,,,,,,,,,,,,,,,,,,131.1,100,,,,,,,,,,,,,,,,,,
2026-07-09T01:02:20.174453+00:00,2026-07-09T01:02:20.174298,2,1,131.05,0.1,131.0,100,130.6,150,,,,,,,,,,,,,,,,,131.1,100,,,,,,,,,,,,,,,,,,
2026-07-09T01:02:20.228537+00:00,2026-07-09T01:02:20.228423,2,2,131.05,0.1,131.0,100,130.6,150,,,,,,,,,,,,,,,,,131.1,100,131.5,100,,,,,,,,,,,,,,,,
2026-07-09T01:02:21.344758+00:00,2026-07-09T01:02:21.344882,2,2,131.05,0.1,131.0,50,130.6,150,,,,,,,,,,,,,,,,,131.1,100,131.5,100,,,,,,,,,,,,,,,,
2026-07-09T01:02:21.820762+00:00,2026-07-09T01:02:21.820579,1,1,131.25,0.5,131.0,50,,,,,,,,,,,,,,,,,,,131.5,100,,,,,,,,,,,,,,,,,,
2026-07-09T01:02:21.870982+00:00,2026-07-09T01:02:21.870911,2,1,131.25,0.5,131.0,50,130.5,150,,,,,,,,,,,,,,,,,131.5,100,,,,,,,,,,,,,,,,,,
2026-07-09T01:02:21.934117+00:00,2026-07-09T01:02:21.934042,1,2,130.75,0.5,130.5,150,,,,,,,,,,,,,,,,,,,131.0,100,131.5,100,,,,,,,,,,,,,,,,
2026-07-09T01:02:23.282656+00:00,2026-07-09T01:02:23.282590,1,1,130.75,0.5,130.5,150,,,,,,,,,,,,,,,,,,,131.0,100,,,,,,,,,,,,,,,,,,
2026-07-09T01:02:23.336327+00:00,2026-07-09T01:02:23.336180,2,1,130.85,0.3,130.7,100,130.5,150,,,,,,,,,,,,,,,,,131.0,100,,,,,,,,,,,,,,,,,,
2026-07-09T01:02:23.370997+00:00,2026-07-09T01:02:23.371153,2,1,130.85,0.3,130.7,100,130.5,150,,,,,,,,,,,,,,,,,131.0,53,,,,,,,,,,,,,,,,,,
2026-07-09T01:02:23.386895+00:00,2026-07-09T01:02:23.386813,2,2,130.85,0.3,130.7,100,130.5,150,,,,,,,,,,,,,,,,,131.0,53,131.2,100,,,,,,,,,,,,,,,,
2026-07-09T01:02:24.419158+00:00,2026-07-09T01:02:24.419052,2,2,130.85,0.3,130.7,54,130.5,150,,,,,,,,,,,,,,,,,131.0,53,131.2,100,,,,,,,,,,,,,,,,
2026-07-09T01:02:24.980129+00:00,2026-07-09T01:02:24.980025,2,1,130.95,0.5,130.7,54,130.5,150,,,,,,,,,,,,,,,,,131.2,100,,,,,,,,,,,,,,,,,,
2026-07-09T01:02:24.985300+00:00,2026-07-09T01:02:24.985226,1,1,130.95,0.5,130.7,54,,,,,,,,,,,,,,,,,,,131.2,100,,,,,,,,,,,,,,,,,,
2026-07-09T01:02:25.001480+00:00,2026-07-09T01:02:25.001399,1,1,130.95,0.5,130.7,54,,,,,,,,,,,,,,,,,,,131.2,51,,,,,,,,,,,,,,,,,,
2026-07-09T01:02:25.058701+00:00,2026-07-09T01:02:25.042814,2,1,131.1,0.2,131.0,150,130.7,54,,,,,,,,,,,,,,,,,131.2,51,,,,,,,,,,,,,,,,,,
2026-07-09T01:02:25.094017+00:00,2026-07-09T01:02:25.094189,2,2,131.1,0.2,131.0,150,130.7,54,,,,,,,,,,,,,,,,,131.2,51,131.5,150,,,,,,,,,,,,,,,,
2026-07-09T01:02:25.485482+00:00,2026-07-09T01:02:25.485424,2,2,131.1,0.2,131.0,102,130.7,54,,,,,,,,,,,,,,,,,131.2,51,131.5,150,,,,,,,,,,,,,,,,
2026-07-09T01:02:25.505019+00:00,2026-07-09T01:02:25.504947,2,2,131.1,0.2,131.0,102,130.7,54,,,,,,,,,,,,,,,,,131.2,1,131.5,150,,,,,,,,,,,,,,,,
2026-07-09T01:02:26.439839+00:00,2026-07-09T01:02:26.439759,2,1,131.25,0.5,131.0,102,130.7,54,,,,,,,,,,,,,,,,,131.5,150,,,,,,,,,,,,,,,,,,
2026-07-09T01:02:26.445080+00:00,2026-07-09T01:02:26.444957,1,1,131.25,0.5,131.0,102,,,,,,,,,,,,,,,,,,,131.5,150,,,,,,,,,,,,,,,,,,
2026-07-09T01:02:26.494778+00:00,2026-07-09T01:02:26.494706,2,1,131.25,0.5,131.0,102,130.7,100,,,,,,,,,,,,,,,,,131.5,150,,,,,,,,,,,,,,,,,,
2026-07-09T01:02:26.550596+00:00,2026-07-09T01:02:26.550518,2,2,131.1,0.2,131.0,102,130.7,100,,,,,,,,,,,,,,,,,131.2,100,131.5,150,,,,,,,,,,,,,,,,
2026-07-09T01:02:26.920116+00:00,2026-07-09T01:02:26.919998,2,2,131.1,0.2,131.0,102,130.7,100,,,,,,,,,,,,,,,,,131.2,55,131.5,150,,,,,,,,,,,,,,,,
2026-07-09T01:02:27.625934+00:00,2026-07-09T01:02:27.626162,2,2,131.1,0.2,131.0,102,130.7,100,,,,,,,,,,,,,,,,,131.2,5,131.5,150,,,,,,,,,,,,,,,,
2026-07-09T01:02:28.158794+00:00,2026-07-09T01:02:28.158742,2,1,131.1,0.2,131.0,102,130.7,100,,,,,,,,,,,,,,,,,131.2,5,,,,,,,,,,,,,,,,,,
2026-07-09T01:02:28.164057+00:00,2026-07-09T01:02:28.163918,1,1,130.95,0.5,130.7,100,,,,,,,,,,,,,,,,,,,131.2,5,,,,,,,,,,,,,,,,,,
2026-07-09T01:02:28.210919+00:00,2026-07-09T01:02:28.210781,1,1,130.95,0.5,130.7,250,,,,,,,,,,,,,,,,,,,131.2,5,,,,,,,,,,,,,,,,,,
2026-07-09T01:02:28.260344+00:00,2026-07-09T01:02:28.260299,1,1,130.95,0.5,130.7,250,,,,,,,,,,,,,,,,,,,131.2,155,,,,,,,,,,,,,,,,,,
2026-07-09T01:02:29.607229+00:00,2026-07-09T01:02:29.607131,1,1,130.95,0.5,130.7,150,,,,,,,,,,,,,,,,,,,131.2,150,,,,,,,,,,,,,,,,,,
2026-07-09T01:02:29.658623+00:00,2026-07-09T01:02:29.655997,2,1,131.1,0.2,131.0,100,130.7,150,,,,,,,,,,,,,,,,,131.2,150,,,,,,,,,,,,,,,,,,
2026-07-09T01:02:29.713191+00:00,2026-07-09T01:02:29.713105,2,2,131.1,0.2,131.0,100,130.7,150,,,,,,,,,,,,,,,,,131.2,150,131.5,100,,,,,,,,,,,,,,,,
2026-07-09T01:02:29.790460+00:00,2026-07-09T01:02:29.790361,2,2,131.1,0.2,131.0,50,130.7,150,,,,,,,,,,,,,,,,,131.2,150,131.5,100,,,,,,,,,,,,,,,,
2026-07-09T01:02:30.828655+00:00,2026-07-09T01:02:30.822896,2,2,131.1,0.2,131.0,39,130.7,150,,,,,,,,,,,,,,,,,131.2,150,131.5,100,,,,,,,,,,,,,,,,
2026-07-09T01:02:31.319446+00:00,2026-07-09T01:02:31.319413,1,1,131.25,0.5,131.0,39,,,,,,,,,,,,,,,,,,,131.5,100,,,,,,,,,,,,,,,,,,
2026-07-09T01:02:31.351419+00:00,2026-07-09T01:02:31.345512,1,1,131.25,0.5,131.0,16,,,,,,,,,,,,,,,,,,,131.5,100,,,,,,,,,,,,,,,,,,
2026-07-09T01:02:31.372273+00:00,2026-07-09T01:02:31.372178,2,1,131.25,0.5,131.0,16,130.6,150,,,,,,,,,,,,,,,,,131.5,100,,,,,,,,,,,,,,,,,,
2026-07-09T01:02:31.428689+00:00,2026-07-09T01:02:31.428617,2,2,131.05,0.1,131.0,16,130.6,150,,,,,,,,,,,,,,,,,131.1,150,131.5,100,,,,,,,,,,,,,,,,
2026-07-09T01:02:31.475644+00:00,2026-07-09T01:02:31.475547,2,2,131.05,0.1,131.0,6,130.6,150,,,,,,,,,,,,,,,,,131.1,150,131.5,100,,,,,,,,,,,,,,,,
2026-07-09T01:02:31.693920+00:00,2026-07-09T01:02:31.693769,1,2,130.85,0.5,130.6,150,,,,,,,,,,,,,,,,,,,131.1,150,131.5,100,,,,,,,,,,,,,,,,
2026-07-09T01:02:31.898967+00:00,2026-07-09T01:02:31.899094,1,2,130.85,0.5,130.6,100,,,,,,,,,,,,,,,,,,,131.1,150,131.5,100,,,,,,,,,,,,,,,,
2026-07-09T01:02:32.758629+00:00,2026-07-09T01:02:32.757582,1,1,130.85,0.5,130.6,100,,,,,,,,,,,,,,,,,,,131.1,150,,,,,,,,,,,,,,,,,,
2026-07-09T01:02:32.833345+00:00,2026-07-09T01:02:32.833218,2,1,130.85,0.5,130.6,100,130.5,100,,,,,,,,,,,,,,,,,131.1,150,,,,,,,,,,,,,,,,,,
2026-07-09T01:02:32.883975+00:00,2026-07-09T01:02:32.883899,2,2,130.8,0.4,130.6,100,130.5,100,,,,,,,,,,,,,,,,,131.0,100,131.1,150,,,,,,,,,,,,,,,,
2026-07-09T01:02:32.923143+00:00,2026-07-09T01:02:32.923105,2,2,130.8,0.4,130.6,100,130.5,100,,,,,,,,,,,,,,,,,131.0,56,131.1,150,,,,,,,,,,,,,,,,
2026-07-09T01:02:34.038596+00:00,2026-07-09T01:02:34.038443,2,2,130.8,0.4,130.6,50,130.5,100,,,,,,,,,,,,,,,,,131.0,56,131.1,150,,,,,,,,,,,,,,,,
2026-07-09T01:02:34.383311+00:00,2026-07-09T01:02:34.383241,2,2,130.8,0.4,130.6,8,130.5,100,,,,,,,,,,,,,,,,,131.0,56,131.1,150,,,,,,,,,,,,,,,,
2026-07-09T01:02:34.483755+00:00,2026-07-09T01:02:34.483700,1,1,130.75,0.5,130.5,100,,,,,,,,,,,,,,,,,,,131.0,56,,,,,,,,,,,,,,,,,,
2026-07-09T01:02:34.538925+00:00,2026-07-09T01:02:34.538807,2,1,130.75,0.5,130.5,100,129.9,150,,,,,,,,,,,,,,,,,131.0,56,,,,,,,,,,,,,,,,,,
2026-07-09T01:02:34.638791+00:00,2026-07-09T01:02:34.631328,1,2,130.15,0.5,129.9,150,,,,,,,,,,,,,,,,,,,130.4,13,131.0,56,,,,,,,,,,,,,,,,
2026-07-09T01:02:34.708944+00:00,2026-07-09T01:02:34.708875,1,2,130.15,0.5,129.9,150,,,,,,,,,,,,,,,,,,,130.4,3,131.0,56,,,,,,,,,,,,,,,,
2026-07-09T01:02:34.918443+00:00,2026-07-09T01:02:34.918413,1,1,130.45,1.1,129.9,150,,,,,,,,,,,,,,,,,,,131.0,56,,,,,,,,,,,,,,,,,,
2026-07-09T01:02:35.940032+00:00,2026-07-09T01:02:35.939876,1,0,,,129.9,150,,,,,,,,,,,,,,,,,,,,,,,,,,,,,,,,,,,,,,
2026-07-09T01:02:35.993850+00:00,2026-07-09T01:02:35.993740,2,0,,,130.2,100,129.9,150,,,,,,,,,,,,,,,,,,,,,,,,,,,,,,,,,,,,
2026-07-09T01:02:36.046954+00:00,2026-07-09T01:02:36.047037,2,1,130.45,0.5,130.2,100,129.9,150,,,,,,,,,,,,,,,,,130.7,100,,,,,,,,,,,,,,,,,,
2026-07-09T01:02:36.144440+00:00,2026-07-09T01:02:36.144316,2,1,130.45,0.5,130.2,50,129.9,150,,,,,,,,,,,,,,,,,130.7,100,,,,,,,,,,,,,,,,,,
2026-07-09T01:02:36.541941+00:00,2026-07-09T01:02:36.541822,2,1,130.45,0.5,130.2,50,129.9,150,,,,,,,,,,,,,,,,,130.7,53,,,,,,,,,,,,,,,,,,
2026-07-09T01:02:37.675034+00:00,2026-07-09T01:02:37.674919,1,1,130.45,0.5,130.2,50,,,,,,,,,,,,,,,,,,,130.7,53,,,,,,,,,,,,,,,,,,
2026-07-09T01:02:37.730863+00:00,2026-07-09T01:02:37.730685,2,1,130.65,0.1,130.6,150,130.2,50,,,,,,,,,,,,,,,,,130.7,53,,,,,,,,,,,,,,,,,,
2026-07-09T01:02:37.784351+00:00,2026-07-09T01:02:37.784301,2,2,130.65,0.1,130.6,150,130.2,50,,,,,,,,,,,,,,,,,130.7,53,131.1,150,,,,,,,,,,,,,,,,
2026-07-09T01:02:38.250488+00:00,2026-07-09T01:02:38.250422,2,2,130.65,0.1,130.6,100,130.2,50,,,,,,,,,,,,,,,,,130.7,53,131.1,150,,,,,,,,,,,,,,,,
2026-07-09T01:02:39.101099+00:00,2026-07-09T01:02:39.100997,1,1,130.85,0.5,130.6,100,,,,,,,,,,,,,,,,,,,131.1,150,,,,,,,,,,,,,,,,,,
2026-07-09T01:02:39.156453+00:00,2026-07-09T01:02:39.156622,2,1,130.85,0.5,130.6,100,130.4,100,,,,,,,,,,,,,,,,,131.1,150,,,,,,,,,,,,,,,,,,
2026-07-09T01:02:39.204800+00:00,2026-07-09T01:02:39.204929,2,2,130.75,0.3,130.6,100,130.4,100,,,,,,,,,,,,,,,,,130.9,100,131.1,150,,,,,,,,,,,,,,,,
2026-07-09T01:02:40.360661+00:00,2026-07-09T01:02:40.360531,2,2,130.75,0.3,130.6,50,130.4,100,,,,,,,,,,,,,,,,,130.9,100,131.1,150,,,,,,,,,,,,,,,,
2026-07-09T01:02:40.844170+00:00,2026-07-09T01:02:40.844123,1,1,130.65,0.5,130.4,100,,,,,,,,,,,,,,,,,,,130.9,100,,,,,,,,,,,,,,,,,,
2026-07-09T01:02:40.895431+00:00,2026-07-09T01:02:40.895313,2,1,130.65,0.5,130.4,100,130.1,150,,,,,,,,,,,,,,,,,130.9,100,,,,,,,,,,,,,,,,,,
2026-07-09T01:02:40.951209+00:00,2026-07-09T01:02:40.951073,2,2,130.5,0.2,130.4,100,130.1,150,,,,,,,,,,,,,,,,,130.6,150,130.9,100,,,,,,,,,,,,,,,,
2026-07-09T01:02:42.264129+00:00,2026-07-09T01:02:42.264082,1,1,130.35,0.5,130.1,150,,,,,,,,,,,,,,,,,,,130.6,150,,,,,,,,,,,,,,,,,,
2026-07-09T01:02:42.319926+00:00,2026-07-09T01:02:42.319855,2,1,130.4,0.4,130.2,100,130.1,150,,,,,,,,,,,,,,,,,130.6,150,,,,,,,,,,,,,,,,,,
2026-07-09T01:02:42.373187+00:00,2026-07-09T01:02:42.373268,2,2,130.4,0.4,130.2,100,130.1,150,,,,,,,,,,,,,,,,,130.6,150,130.7,100,,,,,,,,,,,,,,,,
2026-07-09T01:02:42.470154+00:00,2026-07-09T01:02:42.469923,2,2,130.4,0.4,130.2,50,130.1,150,,,,,,,,,,,,,,,,,130.6,150,130.7,100,,,,,,,,,,,,,,,,
2026-07-09T01:02:43.342599+00:00,2026-07-09T01:02:43.342493,2,2,130.4,0.4,130.2,50,130.1,150,,,,,,,,,,,,,,,,,130.6,147,130.7,100,,,,,,,,,,,,,,,,
2026-07-09T01:02:44.058929+00:00,2026-07-09T01:02:44.058825,2,1,130.55,0.3,130.4,150,130.2,50,,,,,,,,,,,,,,,,,130.7,100,,,,,,,,,,,,,,,,,,
2026-07-09T01:02:44.118914+00:00,2026-07-09T01:02:44.118862,2,2,130.55,0.3,130.4,150,130.2,50,,,,,,,,,,,,,,,,,130.7,100,130.9,150,,,,,,,,,,,,,,,,
2026-07-09T01:02:44.574535+00:00,2026-07-09T01:02:44.574469,2,2,130.55,0.3,130.4,100,130.2,50,,,,,,,,,,,,,,,,,130.7,100,130.9,150,,,,,,,,,,,,,,,,
2026-07-09T01:02:45.423307+00:00,2026-07-09T01:02:45.423270,1,1,130.65,0.5,130.4,100,,,,,,,,,,,,,,,,,,,130.9,150,,,,,,,,,,,,,,,,,,
2026-07-09T01:02:45.478241+00:00,2026-07-09T01:02:45.478201,2,1,130.65,0.5,130.4,100,130.2,100,,,,,,,,,,,,,,,,,130.9,150,,,,,,,,,,,,,,,,,,
2026-07-09T01:02:45.547206+00:00,2026-07-09T01:02:45.547135,2,2,130.55,0.3,130.4,100,130.2,100,,,,,,,,,,,,,,,,,130.7,100,130.9,150,,,,,,,,,,,,,,,,
2026-07-09T01:02:46.682844+00:00,2026-07-09T01:02:46.682721,2,2,130.55,0.3,130.4,50,130.2,100,,,,,,,,,,,,,,,,,130.7,100,130.9,150,,,,,,,,,,,,,,,,
2026-07-09T01:02:47.174679+00:00,2026-07-09T01:02:47.174604,1,1,130.45,0.5,130.2,100,,,,,,,,,,,,,,,,,,,130.7,100,,,,,,,,,,,,,,,,,,
2026-07-09T01:02:47.229857+00:00,2026-07-09T01:02:47.229808,2,1,130.45,0.5,130.2,100,129.9,150,,,,,,,,,,,,,,,,,130.7,100,,,,,,,,,,,,,,,,,,
2026-07-09T01:02:47.282314+00:00,2026-07-09T01:02:47.282279,2,2,130.3,0.2,130.2,100,129.9,150,,,,,,,,,,,,,,,,,130.4,150,130.7,100,,,,,,,,,,,,,,,,
2026-07-09T01:02:47.292721+00:00,2026-07-09T01:02:47.286732,2,2,130.3,0.2,130.2,100,129.9,150,,,,,,,,,,,,,,,,,130.4,147,130.7,100,,,,,,,,,,,,,,,,
2026-07-09T01:02:47.357413+00:00,2026-07-09T01:02:47.357362,2,2,130.3,0.2,130.2,100,129.9,150,,,,,,,,,,,,,,,,,130.4,137,130.7,100,,,,,,,,,,,,,,,,
2026-07-09T01:02:47.469121+00:00,2026-07-09T01:02:47.468979,2,2,130.3,0.2,130.2,100,129.9,150,,,,,,,,,,,,,,,,,130.4,91,130.7,100,,,,,,,,,,,,,,,,
2026-07-09T01:02:47.571199+00:00,2026-07-09T01:02:47.571158,2,2,130.3,0.2,130.2,100,129.9,150,,,,,,,,,,,,,,,,,130.4,81,130.7,100,,,,,,,,,,,,,,,,
2026-07-09T01:02:47.783471+00:00,2026-07-09T01:02:47.783296,2,2,130.3,0.2,130.2,100,129.9,150,,,,,,,,,,,,,,,,,130.4,71,130.7,100,,,,,,,,,,,,,,,,
2026-07-09T01:02:47.994367+00:00,2026-07-09T01:02:47.994240,2,2,130.3,0.2,130.2,100,129.9,150,,,,,,,,,,,,,,,,,130.4,61,130.7,100,,,,,,,,,,,,,,,,
2026-07-09T01:02:48.205950+00:00,2026-07-09T01:02:48.205847,2,2,130.3,0.2,130.2,100,129.9,150,,,,,,,,,,,,,,,,,130.4,51,130.7,100,,,,,,,,,,,,,,,,
2026-07-09T01:02:48.449291+00:00,2026-07-09T01:02:48.440168,2,2,130.3,0.2,130.2,100,129.9,150,,,,,,,,,,,,,,,,,130.4,28,130.7,100,,,,,,,,,,,,,,,,
2026-07-09T01:02:48.603870+00:00,2026-07-09T01:02:48.603771,1,1,130.15,0.5,129.9,150,,,,,,,,,,,,,,,,,,,130.4,28,,,,,,,,,,,,,,,,,,
2026-07-09T01:02:48.619498+00:00,2026-07-09T01:02:48.619419,1,1,130.15,0.5,129.9,150,,,,,,,,,,,,,,,,,,,130.4,18,,,,,,,,,,,,,,,,,,
2026-07-09T01:02:48.659698+00:00,2026-07-09T01:02:48.659597,2,0,,,130.4,82,129.9,150,,,,,,,,,,,,,,,,,,,,,,,,,,,,,,,,,,,,
2026-07-09T01:02:48.709221+00:00,2026-07-09T01:02:48.709114,2,1,130.65,0.5,130.4,82,129.9,150,,,,,,,,,,,,,,,,,130.9,100,,,,,,,,,,,,,,,,,,
2026-07-09T01:02:48.791367+00:00,2026-07-09T01:02:48.791324,2,1,130.65,0.5,130.4,32,129.9,150,,,,,,,,,,,,,,,,,130.9,100,,,,,,,,,,,,,,,,,,
2026-07-09T01:02:50.333668+00:00,2026-07-09T01:02:50.333541,1,1,130.65,0.5,130.4,32,,,,,,,,,,,,,,,,,,,130.9,100,,,,,,,,,,,,,,,,,,
2026-07-09T01:02:50.404442+00:00,2026-07-09T01:02:50.399165,2,1,130.75,0.3,130.6,138,130.4,32,,,,,,,,,,,,,,,,,130.9,100,,,,,,,,,,,,,,,,,,
2026-07-09T01:02:50.442998+00:00,2026-07-09T01:02:50.442911,2,2,130.75,0.3,130.6,138,130.4,32,,,,,,,,,,,,,,,,,130.9,100,131.1,150,,,,,,,,,,,,,,,,
2026-07-09T01:02:50.896301+00:00,2026-07-09T01:02:50.896261,2,2,130.75,0.3,130.6,88,130.4,32,,,,,,,,,,,,,,,,,130.9,100,131.1,150,,,,,,,,,,,,,,,,
2026-07-09T01:02:51.071081+00:00,2026-07-09T01:02:51.067125,2,2,130.75,0.3,130.6,77,130.4,32,,,,,,,,,,,,,,,,,130.9,100,131.1,150,,,,,,,,,,,,,,,,
2026-07-09T01:02:51.467547+00:00,2026-07-09T01:02:51.467448,2,2,130.75,0.3,130.6,37,130.4,32,,,,,,,,,,,,,,,,,130.9,100,131.1,150,,,,,,,,,,,,,,,,
2026-07-09T01:02:51.768811+00:00,2026-07-09T01:02:51.768701,1,1,130.85,0.5,130.6,37,,,,,,,,,,,,,,,,,,,131.1,150,,,,,,,,,,,,,,,,,,
2026-07-09T01:02:51.822684+00:00,2026-07-09T01:02:51.822501,2,1,130.85,0.5,130.6,37,130.1,100,,,,,,,,,,,,,,,,,131.1,150,,,,,,,,,,,,,,,,,,
2026-07-09T01:02:51.875330+00:00,2026-07-09T01:02:51.875220,1,2,130.35,0.5,130.1,100,,,,,,,,,,,,,,,,,,,130.6,63,131.1,150,,,,,,,,,,,,,,,,
2026-07-09T01:02:52.954418+00:00,2026-07-09T01:02:52.954347,1,2,130.35,0.5,130.1,100,,,,,,,,,,,,,,,,,,,130.6,13,131.1,150,,,,,,,,,,,,,,,,
2026-07-09T01:02:53.497833+00:00,2026-07-09T01:02:53.497794,1,1,130.35,0.5,130.1,100,,,,,,,,,,,,,,,,,,,130.6,13,,,,,,,,,,,,,,,,,,
2026-07-09T01:02:53.551568+00:00,2026-07-09T01:02:53.551439,2,1,130.35,0.5,130.1,100,129.8,150,,,,,,,,,,,,,,,,,130.6,13,,,,,,,,,,,,,,,,,,
2026-07-09T01:02:53.604532+00:00,2026-07-09T01:02:53.604478,2,2,130.2,0.2,130.1,100,129.8,150,,,,,,,,,,,,,,,,,130.3,150,130.6,13,,,,,,,,,,,,,,,,
2026-07-09T01:02:53.691332+00:00,2026-07-09T01:02:53.686015,2,2,130.2,0.2,130.1,100,129.8,150,,,,,,,,,,,,,,,,,130.3,127,130.6,13,,,,,,,,,,,,,,,,
2026-07-09T01:02:53.838748+00:00,2026-07-09T01:02:53.838622,2,2,130.2,0.2,130.1,100,129.8,150,,,,,,,,,,,,,,,,,130.3,117,130.6,13,,,,,,,,,,,,,,,,
2026-07-09T01:02:54.048349+00:00,2026-07-09T01:02:54.048264,2,2,130.2,0.2,130.1,100,129.8,150,,,,,,,,,,,,,,,,,130.3,112,130.6,13,,,,,,,,,,,,,,,,
2026-07-09T01:02:54.944704+00:00,2026-07-09T01:02:54.944627,1,1,130.05,0.5,129.8,150,,,,,,,,,,,,,,,,,,,130.3,112,,,,,,,,,,,,,,,,,,
2026-07-09T01:02:55.002010+00:00,2026-07-09T01:02:55.001940,1,1,130.05,0.5,129.8,150,,,,,,,,,,,,,,,,,,,130.3,12,,,,,,,,,,,,,,,,,,
2026-07-09T01:02:55.058604+00:00,2026-07-09T01:02:55.055669,1,2,130.05,0.5,129.8,150,,,,,,,,,,,,,,,,,,,130.3,12,130.8,100,,,,,,,,,,,,,,,,
2026-07-09T01:02:55.069566+00:00,2026-07-09T01:02:55.069417,1,1,130.3,1.0,129.8,150,,,,,,,,,,,,,,,,,,,130.8,62,,,,,,,,,,,,,,,,,,
2026-07-09T01:02:56.674579+00:00,2026-07-09T01:02:56.674727,0,1,,,,,,,,,,,,,,,,,,,,,,,130.8,62,,,,,,,,,,,,,,,,,,
2026-07-09T01:02:56.741845+00:00,2026-07-09T01:02:56.735232,1,1,130.65,0.3,130.5,138,,,,,,,,,,,,,,,,,,,130.8,62,,,,,,,,,,,,,,,,,,
2026-07-09T01:02:56.784668+00:00,2026-07-09T01:02:56.784538,1,2,130.65,0.3,130.5,138,,,,,,,,,,,,,,,,,,,130.8,62,131.0,150,,,,,,,,,,,,,,,,
2026-07-09T01:02:57.173396+00:00,2026-07-09T01:02:57.173336,1,2,130.65,0.3,130.5,138,,,,,,,,,,,,,,,,,,,130.8,12,131.0,150,,,,,,,,,,,,,,,,
2026-07-09T01:02:58.123208+00:00,2026-07-09T01:02:58.123092,1,1,130.75,0.5,130.5,138,,,,,,,,,,,,,,,,,,,131.0,150,,,,,,,,,,,,,,,,,,
2026-07-09T01:02:58.175402+00:00,2026-07-09T01:02:58.175513,2,1,130.8,0.4,130.6,100,130.5,138,,,,,,,,,,,,,,,,,131.0,150,,,,,,,,,,,,,,,,,,
2026-07-09T01:02:58.258815+00:00,2026-07-09T01:02:58.258676,2,2,130.8,0.4,130.6,100,130.5,138,,,,,,,,,,,,,,,,,131.0,150,131.1,100,,,,,,,,,,,,,,,,
2026-07-09T01:02:58.995954+00:00,2026-07-09T01:02:58.989693,2,2,130.8,0.4,130.6,89,130.5,138,,,,,,,,,,,,,,,,,131.0,150,131.1,100,,,,,,,,,,,,,,,,
2026-07-09T01:02:59.836942+00:00,2026-07-09T01:02:59.836837,1,1,130.85,0.5,130.6,89,,,,,,,,,,,,,,,,,,,131.1,100,,,,,,,,,,,,,,,,,,
2026-07-09T01:02:59.889752+00:00,2026-07-09T01:02:59.889668,2,1,131.05,0.1,131.0,150,130.6,89,,,,,,,,,,,,,,,,,131.1,100,,,,,,,,,,,,,,,,,,
2026-07-09T01:02:59.921622+00:00,2026-07-09T01:02:59.914395,2,1,131.05,0.1,131.0,147,130.6,89,,,,,,,,,,,,,,,,,131.1,100,,,,,,,,,,,,,,,,,,
2026-07-09T01:02:59.942668+00:00,2026-07-09T01:02:59.942553,2,2,131.05,0.1,131.0,147,130.6,89,,,,,,,,,,,,,,,,,131.1,100,131.5,150,,,,,,,,,,,,,,,,
2026-07-09T01:03:00.079459+00:00,2026-07-09T01:03:00.079345,2,2,131.05,0.1,131.0,137,130.6,89,,,,,,,,,,,,,,,,,131.1,100,131.5,150,,,,,,,,,,,,,,,,
2026-07-09T01:03:00.294256+00:00,2026-07-09T01:03:00.294167,2,2,131.05,0.1,131.0,127,130.6,89,,,,,,,,,,,,,,,,,131.1,100,131.5,150,,,,,,,,,,,,,,,,
2026-07-09T01:03:01.308642+00:00,2026-07-09T01:03:01.308577,1,1,131.25,0.5,131.0,127,,,,,,,,,,,,,,,,,,,131.5,150,,,,,,,,,,,,,,,,,,
2026-07-09T01:03:01.358572+00:00,2026-07-09T01:03:01.358348,2,1,131.25,0.5,131.0,127,130.6,100,,,,,,,,,,,,,,,,,131.5,150,,,,,,,,,,,,,,,,,,
2026-07-09T01:03:01.415980+00:00,2026-07-09T01:03:01.415873,2,2,131.05,0.1,131.0,127,130.6,100,,,,,,,,,,,,,,,,,131.1,100,131.5,150,,,,,,,,,,,,,,,,
2026-07-09T01:03:01.440689+00:00,2026-07-09T01:03:01.440566,2,2,131.05,0.1,131.0,77,130.6,100,,,,,,,,,,,,,,,,,131.1,100,131.5,150,,,,,,,,,,,,,,,,
2026-07-09T01:03:01.705002+00:00,2026-07-09T01:03:01.704955,2,2,131.05,0.1,131.0,67,130.6,100,,,,,,,,,,,,,,,,,131.1,100,131.5,150,,,,,,,,,,,,,,,,
2026-07-09T01:03:02.999868+00:00,2026-07-09T01:03:02.999974,1,1,130.85,0.5,130.6,100,,,,,,,,,,,,,,,,,,,131.1,100,,,,,,,,,,,,,,,,,,
2026-07-09T01:03:03.050810+00:00,2026-07-09T01:03:03.051002,2,1,130.85,0.5,130.6,100,130.5,150,,,,,,,,,,,,,,,,,131.1,100,,,,,,,,,,,,,,,,,,
2026-07-09T01:03:03.111468+00:00,2026-07-09T01:03:03.111336,2,2,130.8,0.4,130.6,100,130.5,150,,,,,,,,,,,,,,,,,131.0,150,131.1,100,,,,,,,,,,,,,,,,
2026-07-09T01:03:03.496869+00:00,2026-07-09T01:03:03.496767,2,2,130.8,0.4,130.6,100,130.5,150,,,,,,,,,,,,,,,,,131.0,100,131.1,100,,,,,,,,,,,,,,,,
2026-07-09T01:03:04.470043+00:00,2026-07-09T01:03:04.469993,1,1,130.75,0.5,130.5,150,,,,,,,,,,,,,,,,,,,131.0,100,,,,,,,,,,,,,,,,,,
2026-07-09T01:03:04.525248+00:00,2026-07-09T01:03:04.525211,2,1,130.85,0.3,130.7,100,130.5,150,,,,,,,,,,,,,,,,,131.0,100,,,,,,,,,,,,,,,,,,
2026-07-09T01:03:04.579389+00:00,2026-07-09T01:03:04.579504,2,2,130.85,0.3,130.7,100,130.5,150,,,,,,,,,,,,,,,,,131.0,100,131.2,100,,,,,,,,,,,,,,,,
2026-07-09T01:03:04.619103+00:00,2026-07-09T01:03:04.619007,2,2,130.85,0.3,130.7,60,130.5,150,,,,,,,,,,,,,,,,,131.0,100,131.2,100,,,,,,,,,,,,,,,,
2026-07-09T01:03:05.586053+00:00,2026-07-09T01:03:05.585936,2,2,130.85,0.3,130.7,60,130.5,150,,,,,,,,,,,,,,,,,131.0,52,131.2,100,,,,,,,,,,,,,,,,
2026-07-09T01:03:05.607243+00:00,2026-07-09T01:03:05.607190,2,2,130.85,0.3,130.7,60,130.5,150,,,,,,,,,,,,,,,,,131.0,2,131.2,100,,,,,,,,,,,,,,,,
2026-07-09T01:03:06.158594+00:00,2026-07-09T01:03:06.156438,1,1,130.95,0.5,130.7,60,,,,,,,,,,,,,,,,,,,131.2,100,,,,,,,,,,,,,,,,,,
2026-07-09T01:03:06.220018+00:00,2026-07-09T01:03:06.219992,2,0,,,131.4,50,130.7,60,,,,,,,,,,,,,,,,,,,,,,,,,,,,,,,,,,,,
2026-07-09T01:03:06.272371+00:00,2026-07-09T01:03:06.272244,2,1,131.65,0.5,131.4,50,130.7,60,,,,,,,,,,,,,,,,,131.9,150,,,,,,,,,,,,,,,,,,
2026-07-09T01:03:07.633452+00:00,2026-07-09T01:03:07.633357,1,1,131.65,0.5,131.4,50,,,,,,,,,,,,,,,,,,,131.9,150,,,,,,,,,,,,,,,,,,
2026-07-09T01:03:07.686576+00:00,2026-07-09T01:03:07.686531,2,1,131.65,0.5,131.4,50,131.1,100,,,,,,,,,,,,,,,,,131.9,150,,,,,,,,,,,,,,,,,,
2026-07-09T01:03:07.713694+00:00,2026-07-09T01:03:07.713623,2,1,131.65,0.5,131.4,50,131.1,100,,,,,,,,,,,,,,,,,131.9,100,,,,,,,,,,,,,,,,,,
2026-07-09T01:03:07.738314+00:00,2026-07-09T01:03:07.738259,2,2,131.5,0.2,131.4,50,131.1,100,,,,,,,,,,,,,,,,,131.6,100,131.9,100,,,,,,,,,,,,,,,,
2026-07-09T01:03:09.327070+00:00,2026-07-09T01:03:09.327030,2,1,131.5,0.2,131.4,50,131.1,100,,,,,,,,,,,,,,,,,131.6,100,,,,,,,,,,,,,,,,,,
2026-07-09T01:03:09.332305+00:00,2026-07-09T01:03:09.332205,1,1,131.35,0.5,131.1,100,,,,,,,,,,,,,,,,,,,131.6,100,,,,,,,,,,,,,,,,,,
2026-07-09T01:03:09.384243+00:00,2026-07-09T01:03:09.384086,1,1,131.35,0.5,131.1,250,,,,,,,,,,,,,,,,,,,131.6,100,,,,,,,,,,,,,,,,,,
2026-07-09T01:03:09.437836+00:00,2026-07-09T01:03:09.437727,1,1,131.35,0.5,131.1,250,,,,,,,,,,,,,,,,,,,131.6,250,,,,,,,,,,,,,,,,,,
2026-07-09T01:03:09.820266+00:00,2026-07-09T01:03:09.820141,1,1,131.35,0.5,131.1,250,,,,,,,,,,,,,,,,,,,131.6,200,,,,,,,,,,,,,,,,,,
2026-07-09T01:03:10.243444+00:00,2026-07-09T01:03:10.243354,1,1,131.35,0.5,131.1,201,,,,,,,,,,,,,,,,,,,131.6,200,,,,,,,,,,,,,,,,,,
2026-07-09T01:03:10.792944+00:00,2026-07-09T01:03:10.793051,1,1,131.35,0.5,131.1,150,,,,,,,,,,,,,,,,,,,131.6,150,,,,,,,,,,,,,,,,,,
2026-07-09T01:03:10.845072+00:00,2026-07-09T01:03:10.845025,2,1,131.35,0.5,131.1,150,130.8,100,,,,,,,,,,,,,,,,,131.6,150,,,,,,,,,,,,,,,,,,
2026-07-09T01:03:10.900211+00:00,2026-07-09T01:03:10.900148,2,2,131.2,0.2,131.1,150,130.8,100,,,,,,,,,,,,,,,,,131.3,100,131.6,150,,,,,,,,,,,,,,,,
2026-07-09T01:03:11.927559+00:00,2026-07-09T01:03:11.927506,2,2,131.2,0.2,131.1,150,130.8,100,,,,,,,,,,,,,,,,,131.3,50,131.6,150,,,,,,,,,,,,,,,,
2026-07-09T01:03:12.493764+00:00,2026-07-09T01:03:12.493630,1,1,131.05,0.5,130.8,100,,,,,,,,,,,,,,,,,,,131.3,50,,,,,,,,,,,,,,,,,,
2026-07-09T01:03:12.549008+00:00,2026-07-09T01:03:12.548900,2,1,131.15,0.3,131.0,150,130.8,100,,,,,,,,,,,,,,,,,131.3,50,,,,,,,,,,,,,,,,,,
2026-07-09T01:03:12.602754+00:00,2026-07-09T01:03:12.602642,2,2,131.15,0.3,131.0,150,130.8,100,,,,,,,,,,,,,,,,,131.3,50,131.5,150,,,,,,,,,,,,,,,,
2026-07-09T01:03:13.958661+00:00,2026-07-09T01:03:13.954637,1,1,131.25,0.5,131.0,150,,,,,,,,,,,,,,,,,,,131.5,150,,,,,,,,,,,,,,,,,,
2026-07-09T01:03:14.025435+00:00,2026-07-09T01:03:14.025308,2,1,131.3,0.4,131.1,100,131.0,150,,,,,,,,,,,,,,,,,131.5,150,,,,,,,,,,,,,,,,,,
2026-07-09T01:03:14.041058+00:00,2026-07-09T01:03:14.040984,2,1,131.3,0.4,131.1,100,131.0,150,,,,,,,,,,,,,,,,,131.5,100,,,,,,,,,,,,,,,,,,
2026-07-09T01:03:14.076932+00:00,2026-07-09T01:03:14.076845,2,2,131.3,0.4,131.1,100,131.0,150,,,,,,,,,,,,,,,,,131.5,100,131.6,100,,,,,,,,,,,,,,,,
2026-07-09T01:03:14.874568+00:00,2026-07-09T01:03:14.874486,2,2,131.3,0.4,131.1,52,131.0,150,,,,,,,,,,,,,,,,,131.5,100,131.6,100,,,,,,,,,,,,,,,,
2026-07-09T01:03:15.658562+00:00,2026-07-09T01:03:15.655112,1,1,131.35,0.5,131.1,52,,,,,,,,,,,,,,,,,,,131.6,100,,,,,,,,,,,,,,,,,,
2026-07-09T01:03:15.715627+00:00,2026-07-09T01:03:15.715602,2,1,131.45,0.3,131.3,150,131.1,52,,,,,,,,,,,,,,,,,131.6,100,,,,,,,,,,,,,,,,,,
2026-07-09T01:03:15.772016+00:00,2026-07-09T01:03:15.771904,2,2,131.45,0.3,131.3,150,131.1,52,,,,,,,,,,,,,,,,,131.6,100,131.8,150,,,,,,,,,,,,,,,,
2026-07-09T01:03:16.145112+00:00,2026-07-09T01:03:16.145282,2,2,131.45,0.3,131.3,150,131.1,52,,,,,,,,,,,,,,,,,131.6,50,131.8,150,,,,,,,,,,,,,,,,
2026-07-09T01:03:17.128450+00:00,2026-07-09T01:03:17.128365,2,1,131.55,0.5,131.3,150,131.1,52,,,,,,,,,,,,,,,,,131.8,150,,,,,,,,,,,,,,,,,,
2026-07-09T01:03:17.133546+00:00,2026-07-09T01:03:17.133510,1,1,131.55,0.5,131.3,150,,,,,,,,,,,,,,,,,,,131.8,150,,,,,,,,,,,,,,,,,,
2026-07-09T01:03:17.186268+00:00,2026-07-09T01:03:17.186209,1,1,131.55,0.5,131.3,250,,,,,,,,,,,,,,,,,,,131.8,150,,,,,,,,,,,,,,,,,,
2026-07-09T01:03:17.237927+00:00,2026-07-09T01:03:17.237853,1,1,131.55,0.5,131.3,250,,,,,,,,,,,,,,,,,,,131.8,250,,,,,,,,,,,,,,,,,,
2026-07-09T01:03:18.258554+00:00,2026-07-09T01:03:18.251200,1,1,131.55,0.5,131.3,250,,,,,,,,,,,,,,,,,,,131.8,200,,,,,,,,,,,,,,,,,,
2026-07-09T01:03:18.864119+00:00,2026-07-09T01:03:18.863945,1,1,131.55,0.5,131.3,100,,,,,,,,,,,,,,,,,,,131.8,100,,,,,,,,,,,,,,,,,,
2026-07-09T01:03:18.911973+00:00,2026-07-09T01:03:18.911797,2,1,131.7,0.2,131.6,150,131.3,100,,,,,,,,,,,,,,,,,131.8,100,,,,,,,,,,,,,,,,,,
2026-07-09T01:03:18.947591+00:00,2026-07-09T01:03:18.947527,2,1,131.7,0.2,131.6,140,131.3,100,,,,,,,,,,,,,,,,,131.8,100,,,,,,,,,,,,,,,,,,
2026-07-09T01:03:18.966726+00:00,2026-07-09T01:03:18.966602,2,2,131.7,0.2,131.6,140,131.3,100,,,,,,,,,,,,,,,,,131.8,100,132.1,150,,,,,,,,,,,,,,,,
2026-07-09T01:03:18.991618+00:00,2026-07-09T01:03:18.991759,2,2,131.7,0.2,131.6,140,131.3,100,,,,,,,,,,,,,,,,,131.8,55,132.1,150,,,,,,,,,,,,,,,,
2026-07-09T01:03:19.158563+00:00,2026-07-09T01:03:19.154852,2,2,131.7,0.2,131.6,130,131.3,100,,,,,,,,,,,,,,,,,131.8,55,132.1,150,,,,,,,,,,,,,,,,
2026-07-09T01:03:19.507537+00:00,2026-07-09T01:03:19.507448,2,2,131.7,0.2,131.6,81,131.3,100,,,,,,,,,,,,,,,,,131.8,55,132.1,150,,,,,,,,,,,,,,,,
2026-07-09T01:03:20.290800+00:00,2026-07-09T01:03:20.290950,2,1,131.85,0.5,131.6,81,131.3,100,,,,,,,,,,,,,,,,,132.1,150,,,,,,,,,,,,,,,,,,
2026-07-09T01:03:20.296232+00:00,2026-07-09T01:03:20.296116,1,1,131.85,0.5,131.6,81,,,,,,,,,,,,,,,,,,,132.1,150,,,,,,,,,,,,,,,,,,
2026-07-09T01:03:20.345659+00:00,2026-07-09T01:03:20.345769,2,1,131.85,0.5,131.6,81,131.4,100,,,,,,,,,,,,,,,,,132.1,150,,,,,,,,,,,,,,,,,,
2026-07-09T01:03:20.358605+00:00,2026-07-09T01:03:20.356153,2,1,131.85,0.5,131.6,81,131.4,100,,,,,,,,,,,,,,,,,132.1,100,,,,,,,,,,,,,,,,,,
2026-07-09T01:03:20.401293+00:00,2026-07-09T01:03:20.401215,2,2,131.75,0.3,131.6,81,131.4,100,,,,,,,,,,,,,,,,,131.9,100,132.1,100,,,,,,,,,,,,,,,,
2026-07-09T01:03:21.223357+00:00,2026-07-09T01:03:21.223290,2,2,131.75,0.3,131.6,37,131.4,100,,,,,,,,,,,,,,,,,131.9,100,132.1,100,,,,,,,,,,,,,,,,
2026-07-09T01:03:22.020518+00:00,2026-07-09T01:03:22.020368,1,1,131.65,0.5,131.4,100,,,,,,,,,,,,,,,,,,,131.9,100,,,,,,,,,,,,,,,,,,
2026-07-09T01:03:22.074423+00:00,2026-07-09T01:03:22.074396,1,1,131.65,0.5,131.4,250,,,,,,,,,,,,,,,,,,,131.9,100,,,,,,,,,,,,,,,,,,
2026-07-09T01:03:22.128399+00:00,2026-07-09T01:03:22.128323,1,1,131.65,0.5,131.4,250,,,,,,,,,,,,,,,,,,,131.9,250,,,,,,,,,,,,,,,,,,
2026-07-09T01:03:22.485389+00:00,2026-07-09T01:03:22.485348,1,1,131.65,0.5,131.4,250,,,,,,,,,,,,,,,,,,,131.9,200,,,,,,,,,,,,,,,,,,
2026-07-09T01:03:22.670213+00:00,2026-07-09T01:03:22.670094,1,1,131.65,0.5,131.4,250,,,,,,,,,,,,,,,,,,,131.9,160,,,,,,,,,,,,,,,,,,
2026-07-09T01:03:23.458558+00:00,2026-07-09T01:03:23.454648,1,1,131.65,0.5,131.4,150,,,,,,,,,,,,,,,,,,,131.9,150,,,,,,,,,,,,,,,,,,
2026-07-09T01:03:23.509415+00:00,2026-07-09T01:03:23.509489,2,1,131.75,0.3,131.6,100,131.4,150,,,,,,,,,,,,,,,,,131.9,150,,,,,,,,,,,,,,,,,,
2026-07-09T01:03:23.520178+00:00,2026-07-09T01:03:23.513906,2,1,131.75,0.3,131.6,97,131.4,150,,,,,,,,,,,,,,,,,131.9,150,,,,,,,,,,,,,,,,,,
2026-07-09T01:03:23.561433+00:00,2026-07-09T01:03:23.561352,2,2,131.75,0.3,131.6,97,131.4,150,,,,,,,,,,,,,,,,,131.9,150,132.1,100,,,,,,,,,,,,,,,,
2026-07-09T01:03:23.576931+00:00,2026-07-09T01:03:23.576908,2,2,131.75,0.3,131.6,87,131.4,150,,,,,,,,,,,,,,,,,131.9,150,132.1,100,,,,,,,,,,,,,,,,
2026-07-09T01:03:23.789423+00:00,2026-07-09T01:03:23.789315,2,2,131.75,0.3,131.6,77,131.4,150,,,,,,,,,,,,,,,,,131.9,150,132.1,100,,,,,,,,,,,,,,,,
2026-07-09T01:03:24.593354+00:00,2026-07-09T01:03:24.593496,2,2,131.75,0.3,131.6,77,131.4,150,,,,,,,,,,,,,,,,,131.9,100,132.1,100,,,,,,,,,,,,,,,,
2026-07-09T01:03:25.182641+00:00,2026-07-09T01:03:25.182536,1,1,131.85,0.5,131.6,77,,,,,,,,,,,,,,,,,,,132.1,100,,,,,,,,,,,,,,,,,,
2026-07-09T01:03:25.238673+00:00,2026-07-09T01:03:25.238769,1,1,131.85,0.5,131.6,227,,,,,,,,,,,,,,,,,,,132.1,100,,,,,,,,,,,,,,,,,,
2026-07-09T01:03:25.293143+00:00,2026-07-09T01:03:25.293000,1,1,131.85,0.5,131.6,227,,,,,,,,,,,,,,,,,,,132.1,250,,,,,,,,,,,,,,,,,,
2026-07-09T01:03:26.615331+00:00,2026-07-09T01:03:26.615214,1,1,131.85,0.5,131.6,150,,,,,,,,,,,,,,,,,,,132.1,150,,,,,,,,,,,,,,,,,,
2026-07-09T01:03:26.669364+00:00,2026-07-09T01:03:26.669451,2,1,131.9,0.4,131.7,100,131.6,150,,,,,,,,,,,,,,,,,132.1,150,,,,,,,,,,,,,,,,,,
2026-07-09T01:03:26.734783+00:00,2026-07-09T01:03:26.734711,2,1,131.9,0.4,131.7,100,131.6,150,,,,,,,,,,,,,,,,,132.1,100,,,,,,,,,,,,,,,,,,
2026-07-09T01:03:26.740007+00:00,2026-07-09T01:03:26.739891,2,2,131.9,0.4,131.7,100,131.6,150,,,,,,,,,,,,,,,,,132.1,100,132.2,100,,,,,,,,,,,,,,,,
2026-07-09T01:03:26.902459+00:00,2026-07-09T01:03:26.902401,2,2,131.9,0.4,131.7,100,131.6,150,,,,,,,,,,,,,,,,,132.1,58,132.2,100,,,,,,,,,,,,,,,,
2026-07-09T01:03:27.909045+00:00,2026-07-09T01:03:27.909131,2,2,131.9,0.4,131.7,57,131.6,150,,,,,,,,,,,,,,,,,132.1,58,132.2,100,,,,,,,,,,,,,,,,
2026-07-09T01:03:28.343565+00:00,2026-07-09T01:03:28.343486,1,1,131.95,0.5,131.7,57,,,,,,,,,,,,,,,,,,,132.2,100,,,,,,,,,,,,,,,,,,
2026-07-09T01:03:28.411401+00:00,2026-07-09T01:03:28.406498,2,1,132.15,0.1,132.1,106,131.7,57,,,,,,,,,,,,,,,,,132.2,100,,,,,,,,,,,,,,,,,,
2026-07-09T01:03:28.451293+00:00,2026-07-09T01:03:28.451259,2,2,132.15,0.1,132.1,106,131.7,57,,,,,,,,,,,,,,,,,132.2,100,132.6,150,,,,,,,,,,,,,,,,
2026-07-09T01:03:28.626305+00:00,2026-07-09T01:03:28.626183,2,2,132.15,0.1,132.1,96,131.7,57,,,,,,,,,,,,,,,,,132.2,100,132.6,150,,,,,,,,,,,,,,,,
2026-07-09T01:03:28.840523+00:00,2026-07-09T01:03:28.840446,2,2,132.15,0.1,132.1,86,131.7,57,,,,,,,,,,,,,,,,,132.2,100,132.6,150,,,,,,,,,,,,,,,,
2026-07-09T01:03:28.845784+00:00,2026-07-09T01:03:28.845654,2,2,132.15,0.1,132.1,86,131.7,57,,,,,,,,,,,,,,,,,132.2,50,132.6,150,,,,,,,,,,,,,,,,
2026-07-09T01:03:28.948767+00:00,2026-07-09T01:03:28.948634,2,2,132.15,0.1,132.1,41,131.7,57,,,,,,,,,,,,,,,,,132.2,50,132.6,150,,,,,,,,,,,,,,,,
2026-07-09T01:03:29.005748+00:00,2026-07-09T01:03:28.999750,2,2,132.15,0.1,132.1,29,131.7,57,,,,,,,,,,,,,,,,,132.2,50,132.6,150,,,,,,,,,,,,,,,,
2026-07-09T01:03:29.052828+00:00,2026-07-09T01:03:29.052642,2,2,132.15,0.1,132.1,19,131.7,57,,,,,,,,,,,,,,,,,132.2,50,132.6,150,,,,,,,,,,,,,,,,
2026-07-09T01:03:29.270127+00:00,2026-07-09T01:03:29.270022,2,2,132.15,0.1,132.1,9,131.7,57,,,,,,,,,,,,,,,,,132.2,50,132.6,150,,,,,,,,,,,,,,,,
2026-07-09T01:03:29.479886+00:00,2026-07-09T01:03:29.479990,2,2,132.15,0.1,132.1,4,131.7,57,,,,,,,,,,,,,,,,,132.2,50,132.6,150,,,,,,,,,,,,,,,,
2026-07-09T01:03:29.790979+00:00,2026-07-09T01:03:29.791078,1,1,132.35,0.5,132.1,4,,,,,,,,,,,,,,,,,,,132.6,150,,,,,,,,,,,,,,,,,,
2026-07-09T01:03:29.844475+00:00,2026-07-09T01:03:29.844585,2,1,132.35,0.5,132.1,4,131.7,100,,,,,,,,,,,,,,,,,132.6,150,,,,,,,,,,,,,,,,,,
2026-07-09T01:03:29.894770+00:00,2026-07-09T01:03:29.894666,2,2,132.15,0.1,132.1,4,131.7,100,,,,,,,,,,,,,,,,,132.2,100,132.6,150,,,,,,,,,,,,,,,,
2026-07-09T01:03:30.948205+00:00,2026-07-09T01:03:30.948134,2,2,132.15,0.1,132.1,4,131.7,100,,,,,,,,,,,,,,,,,132.2,50,132.6,150,,,,,,,,,,,,,,,,
2026-07-09T01:03:31.506187+00:00,2026-07-09T01:03:31.506133,1,1,131.95,0.5,131.7,100,,,,,,,,,,,,,,,,,,,132.2,50,,,,,,,,,,,,,,,,,,
2026-07-09T01:03:31.586693+00:00,2026-07-09T01:03:31.586571,2,1,131.95,0.5,131.7,100,131.6,150,,,,,,,,,,,,,,,,,132.2,50,,,,,,,,,,,,,,,,,,
2026-07-09T01:03:31.641202+00:00,2026-07-09T01:03:31.641149,2,2,131.9,0.4,131.7,100,131.6,150,,,,,,,,,,,,,,,,,132.1,150,132.2,50,,,,,,,,,,,,,,,,
2026-07-09T01:03:31.868945+00:00,2026-07-09T01:03:31.868808,2,2,131.9,0.4,131.7,100,131.6,150,,,,,,,,,,,,,,,,,132.1,106,132.2,50,,,,,,,,,,,,,,,,
2026-07-09T01:03:32.953793+00:00,2026-07-09T01:03:32.953727,1,1,131.85,0.5,131.6,150,,,,,,,,,,,,,,,,,,,132.1,106,,,,,,,,,,,,,,,,,,
2026-07-09T01:03:33.006868+00:00,2026-07-09T01:03:33.006802,2,1,131.95,0.3,131.8,100,131.6,150,,,,,,,,,,,,,,,,,132.1,106,,,,,,,,,,,,,,,,,,
2026-07-09T01:03:33.058642+00:00,2026-07-09T01:03:33.054397,2,2,131.95,0.3,131.8,100,131.6,150,,,,,,,,,,,,,,,,,132.1,56,132.3,100,,,,,,,,,,,,,,,,
2026-07-09T01:03:34.668541+00:00,2026-07-09T01:03:34.668407,2,2,131.95,0.3,131.8,100,131.6,150,,,,,,,,,,,,,,,,,132.1,10,132.3,100,,,,,,,,,,,,,,,,
2026-07-09T01:03:34.695161+00:00,2026-07-09T01:03:34.695096,1,1,132.05,0.5,131.8,100,,,,,,,,,,,,,,,,,,,132.3,100,,,,,,,,,,,,,,,,,,
2026-07-09T01:03:34.724565+00:00,2026-07-09T01:03:34.724419,1,1,132.05,0.5,131.8,53,,,,,,,,,,,,,,,,,,,132.3,100,,,,,,,,,,,,,,,,,,
2026-07-09T01:03:34.751377+00:00,2026-07-09T01:03:34.751457,2,1,132.1,0.4,131.9,150,131.8,53,,,,,,,,,,,,,,,,,132.3,100,,,,,,,,,,,,,,,,,,
2026-07-09T01:03:34.805329+00:00,2026-07-09T01:03:34.805193,2,2,132.1,0.4,131.9,150,131.8,53,,,,,,,,,,,,,,,,,132.3,100,132.4,150,,,,,,,,,,,,,,,,
2026-07-09T01:03:36.118386+00:00,2026-07-09T01:03:36.118279,1,1,132.15,0.5,131.9,150,,,,,,,,,,,,,,,,,,,132.4,150,,,,,,,,,,,,,,,,,,
2026-07-09T01:03:36.172735+00:00,2026-07-09T01:03:36.172833,2,1,132.15,0.5,131.9,150,131.5,100,,,,,,,,,,,,,,,,,132.4,150,,,,,,,,,,,,,,,,,,
2026-07-09T01:03:36.224020+00:00,2026-07-09T01:03:36.223955,2,2,131.95,0.1,131.9,150,131.5,100,,,,,,,,,,,,,,,,,132.0,100,132.4,150,,,,,,,,,,,,,,,,
2026-07-09T01:03:37.324487+00:00,2026-07-09T01:03:37.324421,2,2,131.95,0.1,131.9,100,131.5,100,,,,,,,,,,,,,,,,,132.0,100,132.4,150,,,,,,,,,,,,,,,,
2026-07-09T01:03:37.858556+00:00,2026-07-09T01:03:37.854543,1,1,131.75,0.5,131.5,100,,,,,,,,,,,,,,,,,,,132.0,100,,,,,,,,,,,,,,,,,,
2026-07-09T01:03:37.915607+00:00,2026-07-09T01:03:37.915530,2,1,131.85,0.3,131.7,150,131.5,100,,,,,,,,,,,,,,,,,132.0,100,,,,,,,,,,,,,,,,,,
2026-07-09T01:03:37.965135+00:00,2026-07-09T01:03:37.965068,2,2,131.85,0.3,131.7,150,131.5,100,,,,,,,,,,,,,,,,,132.0,100,132.2,150,,,,,,,,,,,,,,,,
2026-07-09T01:03:39.282191+00:00,2026-07-09T01:03:39.282064,1,1,131.95,0.5,131.7,150,,,,,,,,,,,,,,,,,,,132.2,150,,,,,,,,,,,,,,,,,,
2026-07-09T01:03:39.337261+00:00,2026-07-09T01:03:39.337085,2,1,131.95,0.5,131.7,150,131.6,100,,,,,,,,,,,,,,,,,132.2,150,,,,,,,,,,,,,,,,,,
2026-07-09T01:03:39.390755+00:00,2026-07-09T01:03:39.390584,2,2,131.9,0.4,131.7,150,131.6,100,,,,,,,,,,,,,,,,,132.1,100,132.2,150,,,,,,,,,,,,,,,,
2026-07-09T01:03:39.454295+00:00,2026-07-09T01:03:39.454426,2,2,131.9,0.4,131.7,100,131.6,100,,,,,,,,,,,,,,,,,132.1,100,132.2,150,,,,,,,,,,,,,,,,
2026-07-09T01:03:41.023843+00:00,2026-07-09T01:03:41.023748,1,1,131.85,0.5,131.6,100,,,,,,,,,,,,,,,,,,,132.1,100,,,,,,,,,,,,,,,,,,
2026-07-09T01:03:41.074991+00:00,2026-07-09T01:03:41.075105,2,1,131.85,0.5,131.6,100,131.4,150,,,,,,,,,,,,,,,,,132.1,100,,,,,,,,,,,,,,,,,,
2026-07-09T01:03:41.131041+00:00,2026-07-09T01:03:41.130960,2,2,131.75,0.3,131.6,100,131.4,150,,,,,,,,,,,,,,,,,131.9,150,132.1,100,,,,,,,,,,,,,,,,
2026-07-09T01:03:41.558698+00:00,2026-07-09T01:03:41.558586,2,2,131.75,0.3,131.6,50,131.4,150,,,,,,,,,,,,,,,,,131.9,150,132.1,100,,,,,,,,,,,,,,,,
2026-07-09T01:03:42.458551+00:00,2026-07-09T01:03:42.457582,2,1,131.75,0.3,131.6,50,131.4,150,,,,,,,,,,,,,,,,,131.9,150,,,,,,,,,,,,,,,,,,
2026-07-09T01:03:42.469238+00:00,2026-07-09T01:03:42.469194,1,1,131.65,0.5,131.4,150,,,,,,,,,,,,,,,,,,,131.9,105,,,,,,,,,,,,,,,,,,
2026-07-09T01:03:42.519539+00:00,2026-07-09T01:03:42.519415,1,1,131.65,0.5,131.4,250,,,,,,,,,,,,,,,,,,,131.9,105,,,,,,,,,,,,,,,,,,
2026-07-09T01:03:42.574714+00:00,2026-07-09T01:03:42.574638,1,1,131.65,0.5,131.4,250,,,,,,,,,,,,,,,,,,,131.9,205,,,,,,,,,,,,,,,,,,
2026-07-09T01:03:43.720711+00:00,2026-07-09T01:03:43.720609,1,1,131.65,0.5,131.4,200,,,,,,,,,,,,,,,,,,,131.9,205,,,,,,,,,,,,,,,,,,
2026-07-09T01:03:44.183030+00:00,2026-07-09T01:03:44.182944,1,1,131.65,0.5,131.4,100,,,,,,,,,,,,,,,,,,,131.9,100,,,,,,,,,,,,,,,,,,
2026-07-09T01:03:44.237909+00:00,2026-07-09T01:03:44.237740,2,1,131.65,0.5,131.4,100,131.2,150,,,,,,,,,,,,,,,,,131.9,100,,,,,,,,,,,,,,,,,,
2026-07-09T01:03:44.304057+00:00,2026-07-09T01:03:44.303897,2,2,131.55,0.3,131.4,100,131.2,150,,,,,,,,,,,,,,,,,131.7,150,131.9,100,,,,,,,,,,,,,,,,
2026-07-09T01:03:44.469249+00:00,2026-07-09T01:03:44.469069,2,2,131.55,0.3,131.4,59,131.2,150,,,,,,,,,,,,,,,,,131.7,150,131.9,100,,,,,,,,,,,,,,,,
2026-07-09T01:03:45.628064+00:00,2026-07-09T01:03:45.628185,1,1,131.45,0.5,131.2,150,,,,,,,,,,,,,,,,,,,131.7,150,,,,,,,,,,,,,,,,,,
2026-07-09T01:03:45.680797+00:00,2026-07-09T01:03:45.680691,1,1,131.45,0.5,131.2,250,,,,,,,,,,,,,,,,,,,131.7,150,,,,,,,,,,,,,,,,,,
2026-07-09T01:03:45.732897+00:00,2026-07-09T01:03:45.732746,1,1,131.45,0.5,131.2,250,,,,,,,,,,,,,,,,,,,131.7,250,,,,,,,,,,,,,,,,,,
2026-07-09T01:03:45.831568+00:00,2026-07-09T01:03:45.831501,1,1,131.45,0.5,131.2,200,,,,,,,,,,,,,,,,,,,131.7,250,,,,,,,,,,,,,,,,,,
2026-07-09T01:03:47.358872+00:00,2026-07-09T01:03:47.358796,1,1,131.45,0.5,131.2,100,,,,,,,,,,,,,,,,,,,131.7,100,,,,,,,,,,,,,,,,,,
2026-07-09T01:03:47.413624+00:00,2026-07-09T01:03:47.413590,2,1,131.45,0.5,131.2,100,131.0,150,,,,,,,,,,,,,,,,,131.7,100,,,,,,,,,,,,,,,,,,
2026-07-09T01:03:47.467255+00:00,2026-07-09T01:03:47.467228,2,2,131.35,0.3,131.2,100,131.0,150,,,,,,,,,,,,,,,,,131.5,150,131.7,100,,,,,,,,,,,,,,,,
2026-07-09T01:03:47.477586+00:00,2026-07-09T01:03:47.471503,2,2,131.35,0.3,131.2,100,131.0,150,,,,,,,,,,,,,,,,,131.5,138,131.7,100,,,,,,,,,,,,,,,,
2026-07-09T01:03:47.919808+00:00,2026-07-09T01:03:47.919769,2,2,131.35,0.3,131.2,55,131.0,150,,,,,,,,,,,,,,,,,131.5,138,131.7,100,,,,,,,,,,,,,,,,
2026-07-09T01:03:47.938589+00:00,2026-07-09T01:03:47.938555,2,2,131.35,0.3,131.2,5,131.0,150,,,,,,,,,,,,,,,,,131.5,138,131.7,100,,,,,,,,,,,,,,,,
2026-07-09T01:03:48.791835+00:00,2026-07-09T01:03:48.791741,2,1,131.35,0.3,131.2,5,131.0,150,,,,,,,,,,,,,,,,,131.5,138,,,,,,,,,,,,,,,,,,
2026-07-09T01:03:48.797034+00:00,2026-07-09T01:03:48.796895,1,1,131.25,0.5,131.0,150,,,,,,,,,,,,,,,,,,,131.5,138,,,,,,,,,,,,,,,,,,
2026-07-09T01:03:48.851756+00:00,2026-07-09T01:03:48.851656,2,1,131.25,0.5,131.0,150,130.8,100,,,,,,,,,,,,,,,,,131.5,138,,,,,,,,,,,,,,,,,,
2026-07-09T01:03:48.915313+00:00,2026-07-09T01:03:48.908822,2,2,131.15,0.3,131.0,150,130.8,100,,,,,,,,,,,,,,,,,131.3,77,131.5,138,,,,,,,,,,,,,,,,
2026-07-09T01:03:49.017490+00:00,2026-07-09T01:03:49.010091,2,2,131.15,0.3,131.0,150,130.8,100,,,,,,,,,,,,,,,,,131.3,66,131.5,138,,,,,,,,,,,,,,,,
2026-07-09T01:03:49.994314+00:00,2026-07-09T01:03:49.994191,2,2,131.15,0.3,131.0,150,130.8,100,,,,,,,,,,,,,,,,,131.3,16,131.5,138,,,,,,,,,,,,,,,,
2026-07-09T01:03:50.518080+00:00,2026-07-09T01:03:50.518034,1,1,131.05,0.5,130.8,100,,,,,,,,,,,,,,,,,,,131.3,16,,,,,,,,,,,,,,,,,,
2026-07-09T01:03:50.570327+00:00,2026-07-09T01:03:50.570256,2,1,131.2,0.2,131.1,150,130.8,100,,,,,,,,,,,,,,,,,131.3,16,,,,,,,,,,,,,,,,,,
2026-07-09T01:03:50.624583+00:00,2026-07-09T01:03:50.624669,2,2,131.2,0.2,131.1,150,130.8,100,,,,,,,,,,,,,,,,,131.3,16,131.6,150,,,,,,,,,,,,,,,,
2026-07-09T01:03:50.909325+00:00,2026-07-09T01:03:50.909239,2,1,131.35,0.5,131.1,150,130.8,100,,,,,,,,,,,,,,,,,131.6,122,,,,,,,,,,,,,,,,,,
2026-07-09T01:03:51.927925+00:00,2026-07-09T01:03:51.928059,2,1,131.35,0.5,131.1,150,130.8,100,,,,,,,,,,,,,,,,,131.6,81,,,,,,,,,,,,,,,,,,
2026-07-09T01:03:51.963869+00:00,2026-07-09T01:03:51.963802,1,1,131.35,0.5,131.1,150,,,,,,,,,,,,,,,,,,,131.6,81,,,,,,,,,,,,,,,,,,
2026-07-09T01:03:52.007493+00:00,2026-07-09T01:03:52.007394,2,1,131.4,0.4,131.2,100,131.1,150,,,,,,,,,,,,,,,,,131.6,81,,,,,,,,,,,,,,,,,,
2026-07-09T01:03:52.064003+00:00,2026-07-09T01:03:52.063942,2,2,131.4,0.4,131.2,100,131.1,150,,,,,,,,,,,,,,,,,131.6,81,131.7,100,,,,,,,,,,,,,,,,
2026-07-09T01:03:52.169661+00:00,2026-07-09T01:03:52.169846,2,2,131.4,0.4,131.2,50,131.1,150,,,,,,,,,,,,,,,,,131.6,81,131.7,100,,,,,,,,,,,,,,,,
2026-07-09T01:03:53.710591+00:00,2026-07-09T01:03:53.704560,1,1,131.45,0.5,131.2,50,,,,,,,,,,,,,,,,,,,131.7,100,,,,,,,,,,,,,,,,,,
2026-07-09T01:03:53.735957+00:00,2026-07-09T01:03:53.735861,2,1,131.55,0.3,131.4,150,131.2,50,,,,,,,,,,,,,,,,,131.7,100,,,,,,,,,,,,,,,,,,
2026-07-09T01:03:53.789420+00:00,2026-07-09T01:03:53.789384,2,2,131.55,0.3,131.4,150,131.2,50,,,,,,,,,,,,,,,,,131.7,100,131.9,150,,,,,,,,,,,,,,,,
2026-07-09T01:03:54.421213+00:00,2026-07-09T01:03:54.421150,2,2,131.55,0.3,131.4,101,131.2,50,,,,,,,,,,,,,,,,,131.7,100,131.9,150,,,,,,,,,,,,,,,,
2026-07-09T01:03:54.990688+00:00,2026-07-09T01:03:54.990611,2,2,131.55,0.3,131.4,101,131.2,50,,,,,,,,,,,,,,,,,131.7,59,131.9,150,,,,,,,,,,,,,,,,
2026-07-09T01:03:55.119707+00:00,2026-07-09T01:03:55.119641,1,1,131.65,0.5,131.4,101,,,,,,,,,,,,,,,,,,,131.9,150,,,,,,,,,,,,,,,,,,
2026-07-09T01:03:55.196492+00:00,2026-07-09T01:03:55.196459,2,1,131.65,0.5,131.4,101,131.1,100,,,,,,,,,,,,,,,,,131.9,150,,,,,,,,,,,,,,,,,,
2026-07-09T01:03:55.251311+00:00,2026-07-09T01:03:55.251417,2,2,131.5,0.2,131.4,101,131.1,100,,,,,,,,,,,,,,,,,131.6,100,131.9,150,,,,,,,,,,,,,,,,
2026-07-09T01:03:55.554740+00:00,2026-07-09T01:03:55.554905,2,2,131.5,0.2,131.4,101,131.1,100,,,,,,,,,,,,,,,,,131.6,52,131.9,150,,,,,,,,,,,,,,,,
2026-07-09T01:03:55.629843+00:00,2026-07-09T01:03:55.624008,2,2,131.5,0.2,131.4,90,131.1,100,,,,,,,,,,,,,,,,,131.6,52,131.9,150,,,,,,,,,,,,,,,,
2026-07-09T01:03:56.382528+00:00,2026-07-09T01:03:56.382487,2,2,131.5,0.2,131.4,40,131.1,100,,,,,,,,,,,,,,,,,131.6,52,131.9,150,,,,,,,,,,,,,,,,
2026-07-09T01:03:56.711246+00:00,2026-07-09T01:03:56.711169,1,2,131.35,0.5,131.1,99,,,,,,,,,,,,,,,,,,,131.6,52,131.9,150,,,,,,,,,,,,,,,,
2026-07-09T01:03:56.838376+00:00,2026-07-09T01:03:56.838266,1,1,131.35,0.5,131.1,99,,,,,,,,,,,,,,,,,,,131.6,52,,,,,,,,,,,,,,,,,,
2026-07-09T01:03:56.896459+00:00,2026-07-09T01:03:56.896378,2,1,131.35,0.5,131.1,99,130.7,150,,,,,,,,,,,,,,,,,131.6,52,,,,,,,,,,,,,,,,,,
2026-07-09T01:03:56.963277+00:00,2026-07-09T01:03:56.956422,2,2,131.15,0.1,131.1,99,130.7,150,,,,,,,,,,,,,,,,,131.2,139,131.6,52,,,,,,,,,,,,,,,,
2026-07-09T01:03:57.699560+00:00,2026-07-09T01:03:57.699759,2,2,131.15,0.1,131.1,59,130.7,150,,,,,,,,,,,,,,,,,131.2,139,131.6,52,,,,,,,,,,,,,,,,
2026-07-09T01:03:58.305331+00:00,2026-07-09T01:03:58.305263,1,1,130.95,0.5,130.7,150,,,,,,,,,,,,,,,,,,,131.2,139,,,,,,,,,,,,,,,,,,
2026-07-09T01:03:58.364188+00:00,2026-07-09T01:03:58.364154,2,1,131.1,0.2,131.0,100,130.7,150,,,,,,,,,,,,,,,,,131.2,139,,,,,,,,,,,,,,,,,,
2026-07-09T01:03:58.419629+00:00,2026-07-09T01:03:58.419546,2,2,131.1,0.2,131.0,100,130.7,150,,,,,,,,,,,,,,,,,131.2,139,131.5,100,,,,,,,,,,,,,,,,
2026-07-09T01:04:00.031258+00:00,2026-07-09T01:04:00.031170,1,1,131.25,0.5,131.0,100,,,,,,,,,,,,,,,,,,,131.5,100,,,,,,,,,,,,,,,,,,
2026-07-09T01:04:00.087096+00:00,2026-07-09T01:04:00.087016,2,1,131.25,0.5,131.0,100,130.7,150,,,,,,,,,,,,,,,,,131.5,100,,,,,,,,,,,,,,,,,,
2026-07-09T01:04:00.141092+00:00,2026-07-09T01:04:00.141018,2,2,131.1,0.2,131.0,100,130.7,150,,,,,,,,,,,,,,,,,131.2,150,131.5,100,,,,,,,,,,,,,,,,
2026-07-09T01:04:00.325995+00:00,2026-07-09T01:04:00.325942,2,2,131.1,0.2,131.0,100,130.7,150,,,,,,,,,,,,,,,,,131.2,103,131.5,100,,,,,,,,,,,,,,,,
2026-07-09T01:04:00.548242+00:00,2026-07-09T01:04:00.548122,2,2,131.1,0.2,131.0,100,130.7,150,,,,,,,,,,,,,,,,,131.2,53,131.5,100,,,,,,,,,,,,,,,,
2026-07-09T01:04:01.475645+00:00,2026-07-09T01:04:01.475508,1,1,130.95,0.5,130.7,101,,,,,,,,,,,,,,,,,,,131.2,53,,,,,,,,,,,,,,,,,,
2026-07-09T01:04:01.529593+00:00,2026-07-09T01:04:01.529453,2,1,131.1,0.2,131.0,100,130.7,101,,,,,,,,,,,,,,,,,131.2,53,,,,,,,,,,,,,,,,,,
2026-07-09T01:04:01.582731+00:00,2026-07-09T01:04:01.582686,2,2,131.1,0.2,131.0,100,130.7,101,,,,,,,,,,,,,,,,,131.2,53,131.5,100,,,,,,,,,,,,,,,,
2026-07-09T01:04:03.197028+00:00,2026-07-09T01:04:03.196928,1,1,131.25,0.5,131.0,100,,,,,,,,,,,,,,,,,,,131.5,100,,,,,,,,,,,,,,,,,,
