recv_time,book_timestamp,n_bids,n_asks,mid,spread,bid_px_0,bid_vol_0,bid_px_1,bid_vol_1,bid_px_2,bid_vol_2,bid_px_3,bid_vol_3,bid_px_4,bid_vol_4,bid_px_5,bid_vol_5,bid_px_6,bid_vol_6,bid_px_7,bid_vol_7,bid_px_8,bid_vol_8,bid_px_9,bid_vol_9,ask_px_0,ask_vol_0,ask_px_1,ask_vol_1,ask_px_2,ask_vol_2,ask_px_3,ask_vol_3,ask_px_4,ask_vol_4,ask_px_5,ask_vol_5,ask_px_6,ask_vol_6,ask_px_7,ask_vol_7,ask_px_8,ask_vol_8,ask_px_9,ask_vol_9
2026-06-30T01:00:00.198397+00:00,2026-06-30T11:00:00.188397,1,1,67.6,1.0,67.1,150,,,,,,,,,,,,,,,,,,,68.1,51,,,,,,,,,,,,,,,,,,
2026-06-30T01:00:01.275880+00:00,2026-06-30T11:00:01.273881,1,0,,,67.1,150,,,,,,,,,,,,,,,,,,,,,,,,,,,,,,,,,,,,,,
2026-06-30T01:00:01.330285+00:00,2026-06-30T11:00:01.326205,2,0,,,67.2,100,67.1,150,,,,,,,,,,,,,,,,,,,,,,,,,,,,,,,,,,,,
2026-06-30T01:00:01.385635+00:00,2026-06-30T11:00:01.378635,2,1,67.45,0.5,67.2,100,67.1,150,,,,,,,,,,,,,,,,,67.7,100,,,,,,,,,,,,,,,,,,
2026-06-30T01:00:01.962585+00:00,2026-06-30T11:00:01.956512,1,1,67.45,0.5,67.2,100,,,,,,,,,,,,,,,,,,,67.7,100,,,,,,,,,,,,,,,,,,
2026-06-30T01:00:02.017939+00:00,2026-06-30T11:00:02.009939,2,1,67.6,0.2,67.5,150,67.2,100,,,,,,,,,,,,,,,,,67.7,100,,,,,,,,,,,,,,,,,,
2026-06-30T01:00:02.072321+00:00,2026-06-30T11:00:02.061257,2,2,67.6,0.2,67.5,150,67.2,100,,,,,,,,,,,,,,,,,67.7,100,68.0,150,,,,,,,,,,,,,,,,
2026-06-30T01:00:02.300813+00:00,2026-06-30T11:00:02.294751,2,2,67.6,0.2,67.5,150,67.2,100,,,,,,,,,,,,,,,,,67.7,50,68.0,150,,,,,,,,,,,,,,,,
2026-06-30T01:00:04.436295+00:00,2026-06-30T11:00:04.433295,1,1,67.75,0.5,67.5,150,,,,,,,,,,,,,,,,,,,68.0,150,,,,,,,,,,,,,,,,,,
2026-06-30T01:00:04.457448+00:00,2026-06-30T11:00:04.453422,1,1,67.75,0.5,67.5,100,,,,,,,,,,,,,,,,,,,68.0,150,,,,,,,,,,,,,,,,,,
2026-06-30T01:00:04.489701+00:00,2026-06-30T11:00:04.485639,2,1,67.75,0.5,67.5,100,67.3,100,,,,,,,,,,,,,,,,,68.0,150,,,,,,,,,,,,,,,,,,
2026-06-30T01:00:04.545043+00:00,2026-06-30T11:00:04.538033,2,2,67.65,0.3,67.5,100,67.3,100,,,,,,,,,,,,,,,,,67.8,100,68.0,150,,,,,,,,,,,,,,,,
2026-06-30T01:00:05.118383+00:00,2026-06-30T11:00:05.116822,1,1,67.55,0.5,67.3,100,,,,,,,,,,,,,,,,,,,67.8,100,,,,,,,,,,,,,,,,,,
2026-06-30T01:00:05.173243+00:00,2026-06-30T11:00:05.170234,2,1,67.55,0.5,67.3,100,67.0,150,,,,,,,,,,,,,,,,,67.8,100,,,,,,,,,,,,,,,,,,
2026-06-30T01:00:05.227598+00:00,2026-06-30T11:00:05.222551,2,2,67.4,0.2,67.3,100,67.0,150,,,,,,,,,,,,,,,,,67.5,150,67.8,100,,,,,,,,,,,,,,,,
2026-06-30T01:00:06.566987+00:00,2026-06-30T11:00:06.560987,2,2,67.4,0.2,67.3,5,67.0,150,,,,,,,,,,,,,,,,,67.5,150,67.8,100,,,,,,,,,,,,,,,,
2026-06-30T01:00:07.597585+00:00,2026-06-30T11:00:07.593560,1,1,67.25,0.5,67.0,150,,,,,,,,,,,,,,,,,,,67.5,150,,,,,,,,,,,,,,,,,,
2026-06-30T01:00:07.651968+00:00,2026-06-30T11:00:07.646906,1,1,67.25,0.5,67.0,250,,,,,,,,,,,,,,,,,,,67.5,150,,,,,,,,,,,,,,,,,,
2026-06-30T01:00:07.707277+00:00,2026-06-30T11:00:07.698277,1,1,67.25,0.5,67.0,250,,,,,,,,,,,,,,,,,,,67.5,250,,,,,,,,,,,,,,,,,,
2026-06-30T01:00:08.283221+00:00,2026-06-30T11:00:08.276158,1,1,67.25,0.5,67.0,100,,,,,,,,,,,,,,,,,,,67.5,100,,,,,,,,,,,,,,,,,,
2026-06-30T01:00:08.337583+00:00,2026-06-30T11:00:08.328556,2,1,67.3,0.4,67.1,150,67.0,100,,,,,,,,,,,,,,,,,67.5,100,,,,,,,,,,,,,,,,,,
2026-06-30T01:00:08.391962+00:00,2026-06-30T11:00:08.381034,2,2,67.3,0.4,67.1,150,67.0,100,,,,,,,,,,,,,,,,,67.5,100,67.6,150,,,,,,,,,,,,,,,,
2026-06-30T01:00:08.675358+00:00,2026-06-30T11:00:08.665295,2,2,67.3,0.4,67.1,100,67.0,100,,,,,,,,,,,,,,,,,67.5,100,67.6,150,,,,,,,,,,,,,,,,
2026-06-30T01:00:10.726303+00:00,2026-06-30T11:00:10.722305,2,2,67.3,0.4,67.1,100,67.0,100,,,,,,,,,,,,,,,,,67.5,50,67.6,150,,,,,,,,,,,,,,,,
2026-06-30T01:00:10.757610+00:00,2026-06-30T11:00:10.754529,1,1,67.35,0.5,67.1,100,,,,,,,,,,,,,,,,,,,67.6,150,,,,,,,,,,,,,,,,,,
2026-06-30T01:00:10.811989+00:00,2026-06-30T11:00:10.805857,2,1,67.4,0.4,67.2,100,67.1,100,,,,,,,,,,,,,,,,,67.6,150,,,,,,,,,,,,,,,,,,
2026-06-30T01:00:10.877386+00:00,2026-06-30T11:00:10.868357,2,2,67.4,0.4,67.2,100,67.1,100,,,,,,,,,,,,,,,,,67.6,150,67.7,100,,,,,,,,,,,,,,,,
2026-06-30T01:00:11.443293+00:00,2026-06-30T11:00:11.434222,1,1,67.45,0.5,67.2,100,,,,,,,,,,,,,,,,,,,67.7,100,,,,,,,,,,,,,,,,,,
2026-06-30T01:00:11.487516+00:00,2026-06-30T11:00:11.486516,2,1,67.45,0.5,67.2,100,66.9,150,,,,,,,,,,,,,,,,,67.7,100,,,,,,,,,,,,,,,,,,
2026-06-30T01:00:11.551919+00:00,2026-06-30T11:00:11.545855,2,1,67.45,0.5,67.2,100,66.9,150,,,,,,,,,,,,,,,,,67.7,100,,,,,,,,,,,,,,,,,,
2026-06-30T01:00:12.886408+00:00,2026-06-30T11:00:12.878408,2,1,67.45,0.5,67.2,50,66.9,150,,,,,,,,,,,,,,,,,67.7,100,,,,,,,,,,,,,,,,,,
2026-06-30T01:00:13.932102+00:00,2026-06-30T11:00:13.922046,1,0,,,66.9,150,,,,,,,,,,,,,,,,,,,,,,,,,,,,,,,,,,,,,,
2026-06-30T01:00:13.976307+00:00,2026-06-30T11:00:13.974307,2,0,,,67.1,100,66.9,150,,,,,,,,,,,,,,,,,,,,,,,,,,,,,,,,,,,,
2026-06-30T01:00:14.029611+00:00,2026-06-30T11:00:14.027609,2,1,67.35,0.5,67.1,100,66.9,150,,,,,,,,,,,,,,,,,67.6,100,,,,,,,,,,,,,,,,,,
2026-06-30T01:00:14.607415+00:00,2026-06-30T11:00:14.596532,1,1,67.35,0.5,67.1,100,,,,,,,,,,,,,,,,,,,67.6,100,,,,,,,,,,,,,,,,,,
2026-06-30T01:00:14.661826+00:00,2026-06-30T11:00:14.650763,2,0,,,67.6,50,67.1,100,,,,,,,,,,,,,,,,,,,,,,,,,,,,,,,,,,,,
2026-06-30T01:00:14.706090+00:00,2026-06-30T11:00:14.705090,2,1,67.85,0.5,67.6,50,67.1,100,,,,,,,,,,,,,,,,,68.1,150,,,,,,,,,,,,,,,,,,
2026-06-30T01:00:14.934206+00:00,2026-06-30T11:00:14.932197,2,1,67.85,0.5,67.6,50,67.1,100,,,,,,,,,,,,,,,,,68.1,100,,,,,,,,,,,,,,,,,,
2026-06-30T01:00:15.477434+00:00,2026-06-30T11:00:15.467482,2,1,67.85,0.5,67.6,50,67.1,100,,,,,,,,,,,,,,,,,68.1,57,,,,,,,,,,,,,,,,,,
2026-06-30T01:00:16.021146+00:00,2026-06-30T11:00:16.011084,2,1,67.85,0.5,67.6,9,67.1,100,,,,,,,,,,,,,,,,,68.1,57,,,,,,,,,,,,,,,,,,
2026-06-30T01:00:16.531128+00:00,2026-06-30T11:00:16.523064,2,1,67.85,0.5,67.6,9,67.1,100,,,,,,,,,,,,,,,,,68.1,11,,,,,,,,,,,,,,,,,,
2026-06-30T01:00:17.086381+00:00,2026-06-30T11:00:17.080380,1,1,67.85,0.5,67.6,9,,,,,,,,,,,,,,,,,,,68.1,11,,,,,,,,,,,,,,,,,,
2026-06-30T01:00:17.139789+00:00,2026-06-30T11:00:17.133726,2,1,67.85,0.5,67.6,9,67.3,100,,,,,,,,,,,,,,,,,68.1,11,,,,,,,,,,,,,,,,,,
2026-06-30T01:00:17.217242+00:00,2026-06-30T11:00:17.211234,2,2,67.7,0.2,67.6,9,67.3,100,,,,,,,,,,,,,,,,,67.8,100,68.1,11,,,,,,,,,,,,,,,,
2026-06-30T01:00:17.760079+00:00,2026-06-30T11:00:17.758069,2,1,67.7,0.2,67.6,9,67.3,100,,,,,,,,,,,,,,,,,67.8,100,,,,,,,,,,,,,,,,,,
2026-06-30T01:00:17.771141+00:00,2026-06-30T11:00:17.760212,1,1,67.55,0.5,67.3,100,,,,,,,,,,,,,,,,,,,67.8,100,,,,,,,,,,,,,,,,,,
2026-06-30T01:00:17.815408+00:00,2026-06-30T11:00:17.811408,2,1,67.65,0.3,67.5,150,67.3,100,,,,,,,,,,,,,,,,,67.8,100,,,,,,,,,,,,,,,,,,
2026-06-30T01:00:17.868311+00:00,2026-06-30T11:00:17.863741,2,2,67.65,0.3,67.5,150,67.3,100,,,,,,,,,,,,,,,,,67.8,100,68.0,150,,,,,,,,,,,,,,,,
2026-06-30T01:00:18.947672+00:00,2026-06-30T11:00:18.937670,2,2,67.65,0.3,67.5,107,67.3,100,,,,,,,,,,,,,,,,,67.8,100,68.0,150,,,,,,,,,,,,,,,,
2026-06-30T01:00:19.196582+00:00,2026-06-30T11:00:19.193583,2,2,67.65,0.3,67.5,57,67.3,100,,,,,,,,,,,,,,,,,67.8,100,68.0,150,,,,,,,,,,,,,,,,
2026-06-30T01:00:20.267398+00:00,2026-06-30T11:00:20.262351,1,1,67.75,0.5,67.5,57,,,,,,,,,,,,,,,,,,,68.0,150,,,,,,,,,,,,,,,,,,
2026-06-30T01:00:20.320342+00:00,2026-06-30T11:00:20.315279,2,1,67.75,0.5,67.5,57,67.4,100,,,,,,,,,,,,,,,,,68.0,150,,,,,,,,,,,,,,,,,,
2026-06-30T01:00:20.375651+00:00,2026-06-30T11:00:20.367641,2,2,67.7,0.4,67.5,57,67.4,100,,,,,,,,,,,,,,,,,67.9,100,68.0,150,,,,,,,,,,,,,,,,
2026-06-30T01:00:20.920017+00:00,2026-06-30T11:00:20.915954,1,1,67.65,0.5,67.4,100,,,,,,,,,,,,,,,,,,,67.9,100,,,,,,,,,,,,,,,,,,
2026-06-30T01:00:20.975342+00:00,2026-06-30T11:00:20.968342,2,1,67.65,0.5,67.4,100,67.2,150,,,,,,,,,,,,,,,,,67.9,100,,,,,,,,,,,,,,,,,,
2026-06-30T01:00:21.028771+00:00,2026-06-30T11:00:21.020213,2,2,67.55,0.3,67.4,100,67.2,150,,,,,,,,,,,,,,,,,67.7,150,67.9,100,,,,,,,,,,,,,,,,
2026-06-30T01:00:21.302090+00:00,2026-06-30T11:00:21.299090,2,2,67.55,0.3,67.4,50,67.2,150,,,,,,,,,,,,,,,,,67.7,150,67.9,100,,,,,,,,,,,,,,,,
2026-06-30T01:00:21.714405+00:00,2026-06-30T11:00:21.709405,2,2,67.55,0.3,67.4,50,67.2,150,,,,,,,,,,,,,,,,,67.7,101,67.9,100,,,,,,,,,,,,,,,,
2026-06-30T01:00:23.407429+00:00,2026-06-30T11:00:23.406429,1,2,67.45,0.5,67.2,150,,,,,,,,,,,,,,,,,,,67.7,101,67.9,100,,,,,,,,,,,,,,,,
2026-06-30T01:00:23.428112+00:00,2026-06-30T11:00:23.419551,1,1,67.45,0.5,67.2,150,,,,,,,,,,,,,,,,,,,67.7,101,,,,,,,,,,,,,,,,,,
2026-06-30T01:00:23.471896+00:00,2026-06-30T11:00:23.470895,2,1,67.45,0.5,67.2,150,67.0,100,,,,,,,,,,,,,,,,,67.7,101,,,,,,,,,,,,,,,,,,
2026-06-30T01:00:23.527203+00:00,2026-06-30T11:00:23.523204,2,2,67.35,0.3,67.2,150,67.0,100,,,,,,,,,,,,,,,,,67.5,100,67.7,101,,,,,,,,,,,,,,,,
2026-06-30T01:00:23.647522+00:00,2026-06-30T11:00:23.638522,2,2,67.35,0.3,67.2,150,67.0,100,,,,,,,,,,,,,,,,,67.5,52,67.7,101,,,,,,,,,,,,,,,,
2026-06-30T01:00:23.841893+00:00,2026-06-30T11:00:23.837882,2,2,67.35,0.3,67.2,150,67.0,100,,,,,,,,,,,,,,,,,67.5,9,67.7,101,,,,,,,,,,,,,,,,
2026-06-30T01:00:24.080076+00:00,2026-06-30T11:00:24.075012,1,1,67.25,0.5,67.0,100,,,,,,,,,,,,,,,,,,,67.5,9,,,,,,,,,,,,,,,,,,
2026-06-30T01:00:24.135409+00:00,2026-06-30T11:00:24.128409,2,0,,,67.5,141,67.0,100,,,,,,,,,,,,,,,,,,,,,,,,,,,,,,,,,,,,
2026-06-30T01:00:24.189801+00:00,2026-06-30T11:00:24.179716,2,1,67.75,0.5,67.5,141,67.0,100,,,,,,,,,,,,,,,,,68.0,150,,,,,,,,,,,,,,,,,,
2026-06-30T01:00:25.519969+00:00,2026-06-30T11:00:25.511881,2,1,67.75,0.5,67.5,91,67.0,100,,,,,,,,,,,,,,,,,68.0,150,,,,,,,,,,,,,,,,,,
2026-06-30T01:00:25.683071+00:00,2026-06-30T11:00:25.671990,2,1,67.75,0.5,67.5,50,67.0,100,,,,,,,,,,,,,,,,,68.0,150,,,,,,,,,,,,,,,,,,
2026-06-30T01:00:26.140287+00:00,2026-06-30T11:00:26.133224,2,1,67.75,0.5,67.5,7,67.0,100,,,,,,,,,,,,,,,,,68.0,150,,,,,,,,,,,,,,,,,,
2026-06-30T01:00:26.587271+00:00,2026-06-30T11:00:26.579271,1,1,67.75,0.5,67.5,7,,,,,,,,,,,,,,,,,,,68.0,150,,,,,,,,,,,,,,,,,,
2026-06-30T01:00:26.641219+00:00,2026-06-30T11:00:26.636157,2,1,67.75,0.5,67.5,7,67.3,100,,,,,,,,,,,,,,,,,68.0,150,,,,,,,,,,,,,,,,,,
2026-06-30T01:00:26.696527+00:00,2026-06-30T11:00:26.690537,2,2,67.65,0.3,67.5,7,67.3,100,,,,,,,,,,,,,,,,,67.8,100,68.0,150,,,,,,,,,,,,,,,,
2026-06-30T01:00:27.239655+00:00,2026-06-30T11:00:27.234593,1,1,67.55,0.5,67.3,100,,,,,,,,,,,,,,,,,,,67.8,100,,,,,,,,,,,,,,,,,,
2026-06-30T01:00:27.294989+00:00,2026-06-30T11:00:27.285926,2,1,67.55,0.5,67.3,100,66.8,150,,,,,,,,,,,,,,,,,67.8,100,,,,,,,,,,,,,,,,,,
2026-06-30T01:00:27.348891+00:00,2026-06-30T11:00:27.338440,1,2,67.05,0.5,66.8,150,,,,,,,,,,,,,,,,,,,67.3,50,67.8,100,,,,,,,,,,,,,,,,
2026-06-30T01:00:27.620976+00:00,2026-06-30T11:00:27.617965,1,2,67.05,0.5,66.8,100,,,,,,,,,,,,,,,,,,,67.3,50,67.8,100,,,,,,,,,,,,,,,,
2026-06-30T01:00:29.683321+00:00,2026-06-30T11:00:29.674257,1,1,67.3,1.0,66.8,100,,,,,,,,,,,,,,,,,,,67.8,100,,,,,,,,,,,,,,,,,,
2026-06-30T01:00:29.748289+00:00,2026-06-30T11:00:29.742729,1,0,,,66.8,100,,,,,,,,,,,,,,,,,,,,,,,,,,,,,,,,,,,,,,
2026-06-30T01:00:29.803160+00:00,2026-06-30T11:00:29.795097,2,0,,,67.1,100,66.8,100,,,,,,,,,,,,,,,,,,,,,,,,,,,,,,,,,,,,
2026-06-30T01:00:29.857498+00:00,2026-06-30T11:00:29.847546,2,1,67.35,0.5,67.1,100,66.8,100,,,,,,,,,,,,,,,,,67.6,100,,,,,,,,,,,,,,,,,,
2026-06-30T01:00:30.400950+00:00,2026-06-30T11:00:30.392887,1,1,67.35,0.5,67.1,100,,,,,,,,,,,,,,,,,,,67.6,100,,,,,,,,,,,,,,,,,,
2026-06-30T01:00:30.445200+00:00,2026-06-30T11:00:30.444200,1,1,67.35,0.5,67.1,250,,,,,,,,,,,,,,,,,,,67.6,100,,,,,,,,,,,,,,,,,,
2026-06-30T01:00:30.456262+00:00,2026-06-30T11:00:30.449262,1,1,67.35,0.5,67.1,250,,,,,,,,,,,,,,,,,,,67.6,52,,,,,,,,,,,,,,,,,,
2026-06-30T01:00:30.498595+00:00,2026-06-30T11:00:30.496026,1,1,67.35,0.5,67.1,250,,,,,,,,,,,,,,,,,,,67.6,202,,,,,,,,,,,,,,,,,,
2026-06-30T01:00:31.845192+00:00,2026-06-30T11:00:31.835129,1,1,67.35,0.5,67.1,200,,,,,,,,,,,,,,,,,,,67.6,202,,,,,,,,,,,,,,,,,,
2026-06-30T01:00:32.908895+00:00,2026-06-30T11:00:32.905335,1,1,67.35,0.5,67.1,150,,,,,,,,,,,,,,,,,,,67.6,150,,,,,,,,,,,,,,,,,,
2026-06-30T01:00:32.964222+00:00,2026-06-30T11:00:32.960222,1,1,67.35,0.5,67.1,250,,,,,,,,,,,,,,,,,,,67.6,150,,,,,,,,,,,,,,,,,,
2026-06-30T01:00:33.017634+00:00,2026-06-30T11:00:33.013586,1,1,67.35,0.5,67.1,250,,,,,,,,,,,,,,,,,,,67.6,250,,,,,,,,,,,,,,,,,,
2026-06-30T01:00:33.094118+00:00,2026-06-30T11:00:33.090110,1,1,67.35,0.5,67.1,202,,,,,,,,,,,,,,,,,,,67.6,250,,,,,,,,,,,,,,,,,,
2026-06-30T01:00:33.562345+00:00,2026-06-30T11:00:33.551402,1,1,67.35,0.5,67.1,100,,,,,,,,,,,,,,,,,,,67.6,100,,,,,,,,,,,,,,,,,,
2026-06-30T01:00:33.606586+00:00,2026-06-30T11:00:33.603594,2,1,67.4,0.4,67.2,150,67.1,100,,,,,,,,,,,,,,,,,67.6,100,,,,,,,,,,,,,,,,,,
2026-06-30T01:00:33.659019+00:00,2026-06-30T11:00:33.656458,2,2,67.4,0.4,67.2,150,67.1,100,,,,,,,,,,,,,,,,,67.6,100,67.7,150,,,,,,,,,,,,,,,,
2026-06-30T01:00:34.052103+00:00,2026-06-30T11:00:34.042999,2,2,67.4,0.4,67.2,150,67.1,100,,,,,,,,,,,,,,,,,67.6,55,67.7,150,,,,,,,,,,,,,,,,
2026-06-30T01:00:36.006388+00:00,2026-06-30T11:00:35.997306,2,2,67.4,0.4,67.2,150,67.1,100,,,,,,,,,,,,,,,,,67.6,5,67.7,150,,,,,,,,,,,,,,,,
2026-06-30T01:00:36.071866+00:00,2026-06-30T11:00:36.068866,1,1,67.45,0.5,67.2,150,,,,,,,,,,,,,,,,,,,67.7,150,,,,,,,,,,,,,,,,,,
2026-06-30T01:00:36.127203+00:00,2026-06-30T11:00:36.122204,1,1,67.45,0.5,67.2,150,,,,,,,,,,,,,,,,,,,67.7,50,,,,,,,,,,,,,,,,,,
2026-06-30T01:00:36.181157+00:00,2026-06-30T11:00:36.175088,1,2,67.45,0.5,67.2,150,,,,,,,,,,,,,,,,,,,67.7,50,68.2,100,,,,,,,,,,,,,,,,
2026-06-30T01:00:36.421783+00:00,2026-06-30T11:00:36.413706,1,2,67.45,0.5,67.2,150,,,,,,,,,,,,,,,,,,,67.7,7,68.2,100,,,,,,,,,,,,,,,,
2026-06-30T01:00:36.716286+00:00,2026-06-30T11:00:36.711287,0,1,,,,,,,,,,,,,,,,,,,,,,,68.2,100,,,,,,,,,,,,,,,,,,
2026-06-30T01:00:36.769764+00:00,2026-06-30T11:00:36.763701,1,1,68.1,0.2,68.0,150,,,,,,,,,,,,,,,,,,,68.2,100,,,,,,,,,,,,,,,,,,
2026-06-30T01:00:36.825077+00:00,2026-06-30T11:00:36.817011,1,2,68.1,0.2,68.0,150,,,,,,,,,,,,,,,,,,,68.2,100,68.5,150,,,,,,,,,,,,,,,,
2026-06-30T01:00:37.118146+00:00,2026-06-30T11:00:37.113585,1,2,68.1,0.2,68.0,101,,,,,,,,,,,,,,,,,,,68.2,100,68.5,150,,,,,,,,,,,,,,,,
2026-06-30T01:00:38.110167+00:00,2026-06-30T11:00:38.102104,1,2,68.1,0.2,68.0,101,,,,,,,,,,,,,,,,,,,68.2,50,68.5,150,,,,,,,,,,,,,,,,
2026-06-30T01:00:39.232143+00:00,2026-06-30T11:00:39.228143,1,1,68.25,0.5,68.0,101,,,,,,,,,,,,,,,,,,,68.5,150,,,,,,,,,,,,,,,,,,
2026-06-30T01:00:39.298116+00:00,2026-06-30T11:00:39.289556,2,1,68.25,0.5,68.0,101,67.7,100,,,,,,,,,,,,,,,,,68.5,150,,,,,,,,,,,,,,,,,,
2026-06-30T01:00:39.352959+00:00,2026-06-30T11:00:39.347949,2,2,68.1,0.2,68.0,101,67.7,100,,,,,,,,,,,,,,,,,68.2,100,68.5,150,,,,,,,,,,,,,,,,
2026-06-30T01:00:39.888580+00:00,2026-06-30T11:00:39.888066,1,1,67.95,0.5,67.7,100,,,,,,,,,,,,,,,,,,,68.2,100,,,,,,,,,,,,,,,,,,
2026-06-30T01:00:39.954973+00:00,2026-06-30T11:00:39.949973,2,1,68.0,0.4,67.8,150,67.7,100,,,,,,,,,,,,,,,,,68.2,100,,,,,,,,,,,,,,,,,,
2026-06-30T01:00:40.008899+00:00,2026-06-30T11:00:40.001338,2,2,68.0,0.4,67.8,150,67.7,100,,,,,,,,,,,,,,,,,68.2,100,68.3,150,,,,,,,,,,,,,,,,
2026-06-30T01:00:40.217231+00:00,2026-06-30T11:00:40.211231,2,2,68.0,0.4,67.8,150,67.7,100,,,,,,,,,,,,,,,,,68.2,50,68.3,150,,,,,,,,,,,,,,,,
2026-06-30T01:00:40.293351+00:00,2026-06-30T11:00:40.289351,2,2,68.0,0.4,67.8,150,67.7,100,,,,,,,,,,,,,,,,,68.2,4,68.3,150,,,,,,,,,,,,,,,,
2026-06-30T01:00:42.324974+00:00,2026-06-30T11:00:42.319975,2,1,68.05,0.5,67.8,150,67.7,100,,,,,,,,,,,,,,,,,68.3,104,,,,,,,,,,,,,,,,,,
2026-06-30T01:00:42.400897+00:00,2026-06-30T11:00:42.393846,1,1,68.05,0.5,67.8,150,,,,,,,,,,,,,,,,,,,68.3,104,,,,,,,,,,,,,,,,,,
2026-06-30T01:00:42.456153+00:00,2026-06-30T11:00:42.446090,2,1,68.15,0.3,68.0,100,67.8,150,,,,,,,,,,,,,,,,,68.3,104,,,,,,,,,,,,,,,,,,
2026-06-30T01:00:42.509045+00:00,2026-06-30T11:00:42.498589,2,2,68.15,0.3,68.0,100,67.8,150,,,,,,,,,,,,,,,,,68.3,104,68.5,100,,,,,,,,,,,,,,,,
2026-06-30T01:00:43.061924+00:00,2026-06-30T11:00:43.057914,1,1,68.25,0.5,68.0,100,,,,,,,,,,,,,,,,,,,68.5,100,,,,,,,,,,,,,,,,,,
2026-06-30T01:00:43.117230+00:00,2026-06-30T11:00:43.109230,1,1,68.25,0.5,68.0,250,,,,,,,,,,,,,,,,,,,68.5,100,,,,,,,,,,,,,,,,,,
2026-06-30T01:00:43.170672+00:00,2026-06-30T11:00:43.162609,1,1,68.25,0.5,68.0,250,,,,,,,,,,,,,,,,,,,68.5,250,,,,,,,,,,,,,,,,,,
2026-06-30T01:00:45.553872+00:00,2026-06-30T11:00:45.551873,1,1,68.25,0.5,68.0,250,,,,,,,,,,,,,,,,,,,68.5,150,,,,,,,,,,,,,,,,,,
2026-06-30T01:00:45.564936+00:00,2026-06-30T11:00:45.553872,1,1,68.25,0.5,68.0,150,,,,,,,,,,,,,,,,,,,68.5,150,,,,,,,,,,,,,,,,,,
2026-06-30T01:00:45.607227+00:00,2026-06-30T11:00:45.606180,2,1,68.25,0.5,68.0,150,67.7,100,,,,,,,,,,,,,,,,,68.5,150,,,,,,,,,,,,,,,,,,
2026-06-30T01:00:45.672158+00:00,2026-06-30T11:00:45.661240,2,2,68.1,0.2,68.0,150,67.7,100,,,,,,,,,,,,,,,,,68.2,100,68.5,150,,,,,,,,,,,,,,,,
2026-06-30T01:00:46.217630+00:00,2026-06-30T11:00:46.216621,2,1,68.1,0.2,68.0,150,67.7,100,,,,,,,,,,,,,,,,,68.2,100,,,,,,,,,,,,,,,,,,
2026-06-30T01:00:46.227749+00:00,2026-06-30T11:00:46.217842,1,1,67.95,0.5,67.7,100,,,,,,,,,,,,,,,,,,,68.2,100,,,,,,,,,,,,,,,,,,
2026-06-30T01:00:46.271060+00:00,2026-06-30T11:00:46.270059,1,1,67.95,0.5,67.7,250,,,,,,,,,,,,,,,,,,,68.2,100,,,,,,,,,,,,,,,,,,
2026-06-30T01:00:46.326386+00:00,2026-06-30T11:00:46.322377,1,1,67.95,0.5,67.7,250,,,,,,,,,,,,,,,,,,,68.2,250,,,,,,,,,,,,,,,,,,
2026-06-30T01:00:46.530807+00:00,2026-06-30T11:00:46.529806,1,1,67.95,0.5,67.7,250,,,,,,,,,,,,,,,,,,,68.2,200,,,,,,,,,,,,,,,,,,
2026-06-30T01:00:48.638406+00:00,2026-06-30T11:00:48.634846,1,1,67.95,0.5,67.7,250,,,,,,,,,,,,,,,,,,,68.2,150,,,,,,,,,,,,,,,,,,
2026-06-30T01:00:48.715403+00:00,2026-06-30T11:00:48.713403,1,1,67.95,0.5,67.7,150,,,,,,,,,,,,,,,,,,,68.2,150,,,,,,,,,,,,,,,,,,
2026-06-30T01:00:48.769818+00:00,2026-06-30T11:00:48.765756,2,1,68.15,0.1,68.1,100,67.7,150,,,,,,,,,,,,,,,,,68.2,150,,,,,,,,,,,,,,,,,,
2026-06-30T01:00:48.825171+00:00,2026-06-30T11:00:48.818170,2,2,68.15,0.1,68.1,100,67.7,150,,,,,,,,,,,,,,,,,68.2,150,68.6,100,,,,,,,,,,,,,,,,
2026-06-30T01:00:49.379878+00:00,2026-06-30T11:00:49.375788,1,1,68.35,0.5,68.1,100,,,,,,,,,,,,,,,,,,,68.6,100,,,,,,,,,,,,,,,,,,
2026-06-30T01:00:49.435220+00:00,2026-06-30T11:00:49.428219,2,1,68.35,0.5,68.1,100,67.8,150,,,,,,,,,,,,,,,,,68.6,100,,,,,,,,,,,,,,,,,,
2026-06-30T01:00:49.488616+00:00,2026-06-30T11:00:49.483058,2,2,68.2,0.2,68.1,100,67.8,150,,,,,,,,,,,,,,,,,68.3,150,68.6,100,,,,,,,,,,,,,,,,
2026-06-30T01:00:49.817272+00:00,2026-06-30T11:00:49.809264,2,2,68.2,0.2,68.1,51,67.8,150,,,,,,,,,,,,,,,,,68.3,150,68.6,100,,,,,,,,,,,,,,,,
2026-06-30T01:00:50.753192+00:00,2026-06-30T11:00:50.742129,2,2,68.2,0.2,68.1,51,67.8,150,,,,,,,,,,,,,,,,,68.3,100,68.6,100,,,,,,,,,,,,,,,,
2026-06-30T01:00:51.493274+00:00,2026-06-30T11:00:51.491274,2,2,68.2,0.2,68.1,8,67.8,150,,,,,,,,,,,,,,,,,68.3,100,68.6,100,,,,,,,,,,,,,,,,
2026-06-30T01:00:51.882002+00:00,2026-06-30T11:00:51.875940,1,1,68.05,0.5,67.8,150,,,,,,,,,,,,,,,,,,,68.3,100,,,,,,,,,,,,,,,,,,
2026-06-30T01:00:51.926249+00:00,2026-06-30T11:00:51.925249,1,1,68.05,0.5,67.8,250,,,,,,,,,,,,,,,,,,,68.3,100,,,,,,,,,,,,,,,,,,
2026-06-30T01:00:51.989817+00:00,2026-06-30T11:00:51.985754,1,1,68.05,0.5,67.8,250,,,,,,,,,,,,,,,,,,,68.3,200,,,,,,,,,,,,,,,,,,
2026-06-30T01:00:52.546385+00:00,2026-06-30T11:00:52.539386,1,1,68.05,0.5,67.8,100,,,,,,,,,,,,,,,,,,,68.3,100,,,,,,,,,,,,,,,,,,
2026-06-30T01:00:52.599694+00:00,2026-06-30T11:00:52.590635,2,1,68.2,0.2,68.1,150,67.8,100,,,,,,,,,,,,,,,,,68.3,100,,,,,,,,,,,,,,,,,,
2026-06-30T01:00:52.643892+00:00,2026-06-30T11:00:52.641892,2,2,68.2,0.2,68.1,150,67.8,100,,,,,,,,,,,,,,,,,68.3,100,68.6,150,,,,,,,,,,,,,,,,
2026-06-30T01:00:52.858369+00:00,2026-06-30T11:00:52.849801,2,2,68.2,0.2,68.1,150,67.8,100,,,,,,,,,,,,,,,,,68.3,50,68.6,150,,,,,,,,,,,,,,,,
2026-06-30T01:00:53.618507+00:00,2026-06-30T11:00:53.613948,2,2,68.2,0.2,68.1,150,67.8,100,,,,,,,,,,,,,,,,,68.3,9,68.6,150,,,,,,,,,,,,,,,,
2026-06-30T01:00:53.956283+00:00,2026-06-30T11:00:53.945220,1,2,68.05,0.5,67.8,100,,,,,,,,,,,,,,,,,,,68.3,9,68.6,150,,,,,,,,,,,,,,,,
2026-06-30T01:00:54.684939+00:00,2026-06-30T11:00:54.674871,1,2,68.05,0.5,67.8,56,,,,,,,,,,,,,,,,,,,68.3,9,68.6,150,,,,,,,,,,,,,,,,
2026-06-30T01:00:54.967184+00:00,2026-06-30T11:00:54.960183,1,1,68.2,0.8,67.8,56,,,,,,,,,,,,,,,,,,,68.6,109,,,,,,,,,,,,,,,,,,
2026-06-30T01:00:55.042239+00:00,2026-06-30T11:00:55.041239,0,1,,,,,,,,,,,,,,,,,,,,,,,68.6,109,,,,,,,,,,,,,,,,,,
2026-06-30T01:00:55.097552+00:00,2026-06-30T11:00:55.090552,1,1,68.3,0.6,68.0,100,,,,,,,,,,,,,,,,,,,68.6,109,,,,,,,,,,,,,,,,,,
2026-06-30T01:00:55.150986+00:00,2026-06-30T11:00:55.142923,1,2,68.25,0.5,68.0,100,,,,,,,,,,,,,,,,,,,68.5,100,68.6,109,,,,,,,,,,,,,,,,
2026-06-30T01:00:55.661150+00:00,2026-06-30T11:00:55.655088,1,2,68.25,0.5,68.0,88,,,,,,,,,,,,,,,,,,,68.5,100,68.6,109,,,,,,,,,,,,,,,,
2026-06-30T01:00:55.683278+00:00,2026-06-30T11:00:55.680279,1,2,68.25,0.5,68.0,76,,,,,,,,,,,,,,,,,,,68.5,100,68.6,109,,,,,,,,,,,,,,,,
2026-06-30T01:00:55.705405+00:00,2026-06-30T11:00:55.696341,1,1,68.25,0.5,68.0,76,,,,,,,,,,,,,,,,,,,68.5,100,,,,,,,,,,,,,,,,,,
2026-06-30T01:00:55.716495+00:00,2026-06-30T11:00:55.707484,1,1,68.25,0.5,68.0,64,,,,,,,,,,,,,,,,,,,68.5,100,,,,,,,,,,,,,,,,,,
2026-06-30T01:00:55.727558+00:00,2026-06-30T11:00:55.720559,1,1,68.25,0.5,68.0,64,,,,,,,,,,,,,,,,,,,68.5,54,,,,,,,,,,,,,,,,,,
2026-06-30T01:00:55.737659+00:00,2026-06-30T11:00:55.734621,1,1,68.25,0.5,68.0,52,,,,,,,,,,,,,,,,,,,68.5,54,,,,,,,,,,,,,,,,,,
2026-06-30T01:00:55.758840+00:00,2026-06-30T11:00:55.749279,2,1,68.25,0.5,68.0,52,67.6,150,,,,,,,,,,,,,,,,,68.5,54,,,,,,,,,,,,,,,,,,
2026-06-30T01:00:55.769922+00:00,2026-06-30T11:00:55.761859,2,1,68.25,0.5,68.0,50,67.6,150,,,,,,,,,,,,,,,,,68.5,54,,,,,,,,,,,,,,,,,,
2026-06-30T01:00:55.803119+00:00,2026-06-30T11:00:55.801119,2,2,68.05,0.1,68.0,50,67.6,150,,,,,,,,,,,,,,,,,68.1,150,68.5,54,,,,,,,,,,,,,,,,
2026-06-30T01:00:57.087408+00:00,2026-06-30T11:00:57.080361,2,2,68.05,0.1,68.0,50,67.6,150,,,,,,,,,,,,,,,,,68.1,100,68.5,54,,,,,,,,,,,,,,,,
2026-06-30T01:00:58.207532+00:00,2026-06-30T11:00:58.198486,1,1,67.85,0.5,67.6,150,,,,,,,,,,,,,,,,,,,68.1,100,,,,,,,,,,,,,,,,,,
2026-06-30T01:00:58.261909+00:00,2026-06-30T11:00:58.250846,2,1,68.05,0.1,68.0,100,67.6,150,,,,,,,,,,,,,,,,,68.1,100,,,,,,,,,,,,,,,,,,
2026-06-30T01:00:58.306153+00:00,2026-06-30T11:00:58.304145,2,2,68.05,0.1,68.0,100,67.6,150,,,,,,,,,,,,,,,,,68.1,100,68.5,100,,,,,,,,,,,,,,,,
2026-06-30T01:00:58.868056+00:00,2026-06-30T11:00:58.858496,1,1,68.25,0.5,68.0,100,,,,,,,,,,,,,,,,,,,68.5,100,,,,,,,,,,,,,,,,,,
2026-06-30T01:00:58.922897+00:00,2026-06-30T11:00:58.911939,2,1,68.25,0.5,68.0,100,67.9,150,,,,,,,,,,,,,,,,,68.5,100,,,,,,,,,,,,,,,,,,
2026-06-30T01:00:58.967145+00:00,2026-06-30T11:00:58.963144,2,2,68.2,0.4,68.0,100,67.9,150,,,,,,,,,,,,,,,,,68.4,150,68.5,100,,,,,,,,,,,,,,,,
2026-06-30T01:00:59.192248+00:00,2026-06-30T11:00:59.188248,2,2,68.2,0.4,68.0,100,67.9,150,,,,,,,,,,,,,,,,,68.4,100,68.5,100,,,,,,,,,,,,,,,,
2026-06-30T01:01:01.361926+00:00,2026-06-30T11:01:01.359926,1,1,68.15,0.5,67.9,150,,,,,,,,,,,,,,,,,,,68.4,100,,,,,,,,,,,,,,,,,,
2026-06-30T01:01:01.417237+00:00,2026-06-30T11:01:01.412237,2,1,68.2,0.4,68.0,100,67.9,150,,,,,,,,,,,,,,,,,68.4,100,,,,,,,,,,,,,,,,,,
2026-06-30T01:01:01.470165+00:00,2026-06-30T11:01:01.465094,2,2,68.2,0.4,68.0,100,67.9,150,,,,,,,,,,,,,,,,,68.4,100,68.5,100,,,,,,,,,,,,,,,,
2026-06-30T01:01:01.492288+00:00,2026-06-30T11:01:01.489289,2,2,68.2,0.4,68.0,57,67.9,150,,,,,,,,,,,,,,,,,68.4,100,68.5,100,,,,,,,,,,,,,,,,
2026-06-30T01:01:02.027466+00:00,2026-06-30T11:01:02.018466,1,1,68.25,0.5,68.0,57,,,,,,,,,,,,,,,,,,,68.5,100,,,,,,,,,,,,,,,,,,
2026-06-30T01:01:02.080911+00:00,2026-06-30T11:01:02.070849,2,1,68.4,0.2,68.3,150,68.0,57,,,,,,,,,,,,,,,,,68.5,100,,,,,,,,,,,,,,,,,,
2026-06-30T01:01:02.125170+00:00,2026-06-30T11:01:02.123170,2,2,68.4,0.2,68.3,150,68.0,57,,,,,,,,,,,,,,,,,68.5,100,68.8,150,,,,,,,,,,,,,,,,
2026-06-30T01:01:02.604378+00:00,2026-06-30T11:01:02.598378,2,2,68.4,0.2,68.3,150,68.0,57,,,,,,,,,,,,,,,,,68.5,58,68.8,150,,,,,,,,,,,,,,,,
2026-06-30T01:01:03.398751+00:00,2026-06-30T11:01:03.397191,2,2,68.4,0.2,68.3,150,68.0,57,,,,,,,,,,,,,,,,,68.5,8,68.8,150,,,,,,,,,,,,,,,,
2026-06-30T01:01:04.527895+00:00,2026-06-30T11:01:04.522336,1,1,68.55,0.5,68.3,150,,,,,,,,,,,,,,,,,,,68.8,150,,,,,,,,,,,,,,,,,,
2026-06-30T01:01:04.571180+00:00,2026-06-30T11:01:04.571180,2,1,68.55,0.5,68.3,150,68.2,100,,,,,,,,,,,,,,,,,68.8,150,,,,,,,,,,,,,,,,,,
2026-06-30T01:01:04.625575+00:00,2026-06-30T11:01:04.622575,2,2,68.5,0.4,68.3,150,68.2,100,,,,,,,,,,,,,,,,,68.7,100,68.8,150,,,,,,,,,,,,,,,,
2026-06-30T01:01:04.808389+00:00,2026-06-30T11:01:04.802829,2,2,68.5,0.4,68.3,102,68.2,100,,,,,,,,,,,,,,,,,68.7,100,68.8,150,,,,,,,,,,,,,,,,
2026-06-30T01:01:05.188398+00:00,2026-06-30T11:01:05.178830,1,1,68.45,0.5,68.2,100,,,,,,,,,,,,,,,,,,,68.7,100,,,,,,,,,,,,,,,,,,
2026-06-30T01:01:05.232171+00:00,2026-06-30T11:01:05.231171,2,1,68.45,0.5,68.2,100,68.0,150,,,,,,,,,,,,,,,,,68.7,100,,,,,,,,,,,,,,,,,,
2026-06-30T01:01:05.287506+00:00,2026-06-30T11:01:05.284506,2,2,68.35,0.3,68.2,100,68.0,150,,,,,,,,,,,,,,,,,68.5,150,68.7,100,,,,,,,,,,,,,,,,
2026-06-30T01:01:07.612215+00:00,2026-06-30T11:01:07.608215,2,2,68.35,0.3,68.2,100,68.0,150,,,,,,,,,,,,,,,,,68.5,100,68.7,100,,,,,,,,,,,,,,,,
2026-06-30T01:01:07.688226+00:00,2026-06-30T11:01:07.678665,1,1,68.25,0.5,68.0,150,,,,,,,,,,,,,,,,,,,68.5,100,,,,,,,,,,,,,,,,,,
2026-06-30T01:01:07.732010+00:00,2026-06-30T11:01:07.730010,2,1,68.35,0.3,68.2,100,68.0,150,,,,,,,,,,,,,,,,,68.5,100,,,,,,,,,,,,,,,,,,
2026-06-30T01:01:07.787350+00:00,2026-06-30T11:01:07.782351,2,2,68.35,0.3,68.2,100,68.0,150,,,,,,,,,,,,,,,,,68.5,100,68.7,100,,,,,,,,,,,,,,,,
2026-06-30T01:01:08.352216+00:00,2026-06-30T11:01:08.350216,1,1,68.45,0.5,68.2,100,,,,,,,,,,,,,,,,,,,68.7,100,,,,,,,,,,,,,,,,,,
2026-06-30T01:01:08.407520+00:00,2026-06-30T11:01:08.397509,2,1,68.45,0.5,68.2,100,68.1,150,,,,,,,,,,,,,,,,,68.7,100,,,,,,,,,,,,,,,,,,
2026-06-30T01:01:08.460924+00:00,2026-06-30T11:01:08.449862,2,2,68.4,0.4,68.2,100,68.1,150,,,,,,,,,,,,,,,,,68.6,150,68.7,100,,,,,,,,,,,,,,,,
2026-06-30T01:01:09.788979+00:00,2026-06-30T11:01:09.784417,2,2,68.4,0.4,68.2,51,68.1,150,,,,,,,,,,,,,,,,,68.6,150,68.7,100,,,,,,,,,,,,,,,,
2026-06-30T01:01:10.409840+00:00,2026-06-30T11:01:10.403777,2,2,68.4,0.4,68.2,51,68.1,150,,,,,,,,,,,,,,,,,68.6,109,68.7,100,,,,,,,,,,,,,,,,
2026-06-30T01:01:10.846182+00:00,2026-06-30T11:01:10.838173,1,1,68.35,0.5,68.1,150,,,,,,,,,,,,,,,,,,,68.6,109,,,,,,,,,,,,,,,,,,
2026-06-30T01:01:10.898605+00:00,2026-06-30T11:01:10.889045,2,1,68.35,0.5,68.1,150,68.0,100,,,,,,,,,,,,,,,,,68.6,109,,,,,,,,,,,,,,,,,,
2026-06-30T01:01:10.942872+00:00,2026-06-30T11:01:10.941871,2,2,68.3,0.4,68.1,150,68.0,100,,,,,,,,,,,,,,,,,68.5,100,68.6,109,,,,,,,,,,,,,,,,
2026-06-30T01:01:11.507363+00:00,2026-06-30T11:01:11.506308,1,1,68.25,0.5,68.0,100,,,,,,,,,,,,,,,,,,,68.5,100,,,,,,,,,,,,,,,,,,
2026-06-30T01:01:11.572788+00:00,2026-06-30T11:01:11.570788,2,1,68.4,0.2,68.3,150,68.0,100,,,,,,,,,,,,,,,,,68.5,100,,,,,,,,,,,,,,,,,,
2026-06-30T01:01:11.627160+00:00,2026-06-30T11:01:11.624097,2,2,68.4,0.2,68.3,150,68.0,100,,,,,,,,,,,,,,,,,68.5,100,68.8,150,,,,,,,,,,,,,,,,
2026-06-30T01:01:11.822993+00:00,2026-06-30T11:01:11.818993,2,2,68.4,0.2,68.3,150,68.0,100,,,,,,,,,,,,,,,,,68.5,50,68.8,150,,,,,,,,,,,,,,,,
2026-06-30T01:01:13.898028+00:00,2026-06-30T11:01:13.897523,2,2,68.4,0.2,68.3,110,68.0,100,,,,,,,,,,,,,,,,,68.5,50,68.8,150,,,,,,,,,,,,,,,,
2026-06-30T01:01:13.930684+00:00,2026-06-30T11:01:13.925638,2,1,68.55,0.5,68.3,110,68.0,100,,,,,,,,,,,,,,,,,68.8,150,,,,,,,,,,,,,,,,,,
2026-06-30T01:01:13.997023+00:00,2026-06-30T11:01:13.995024,1,1,68.55,0.5,68.3,110,,,,,,,,,,,,,,,,,,,68.8,150,,,,,,,,,,,,,,,,,,
2026-06-30T01:01:14.062009+00:00,2026-06-30T11:01:14.051285,2,1,68.55,0.5,68.3,110,68.2,100,,,,,,,,,,,,,,,,,68.8,150,,,,,,,,,,,,,,,,,,
2026-06-30T01:01:14.106255+00:00,2026-06-30T11:01:14.105255,2,2,68.5,0.4,68.3,110,68.2,100,,,,,,,,,,,,,,,,,68.7,100,68.8,150,,,,,,,,,,,,,,,,
2026-06-30T01:01:14.682197+00:00,2026-06-30T11:01:14.679198,1,1,68.45,0.5,68.2,100,,,,,,,,,,,,,,,,,,,68.7,100,,,,,,,,,,,,,,,,,,
2026-06-30T01:01:14.737518+00:00,2026-06-30T11:01:14.731518,2,1,68.45,0.5,68.2,100,68.0,150,,,,,,,,,,,,,,,,,68.7,100,,,,,,,,,,,,,,,,,,
2026-06-30T01:01:14.791933+00:00,2026-06-30T11:01:14.783868,2,2,68.35,0.3,68.2,100,68.0,150,,,,,,,,,,,,,,,,,68.5,150,68.7,100,,,,,,,,,,,,,,,,
2026-06-30T01:01:16.042920+00:00,2026-06-30T11:01:16.034857,2,2,68.35,0.3,68.2,100,68.0,150,,,,,,,,,,,,,,,,,68.5,103,68.7,100,,,,,,,,,,,,,,,,
2026-06-30T01:01:17.139832+00:00,2026-06-30T11:01:17.131770,2,2,68.35,0.3,68.2,100,68.0,150,,,,,,,,,,,,,,,,,68.5,58,68.7,100,,,,,,,,,,,,,,,,
2026-06-30T01:01:17.161971+00:00,2026-06-30T11:01:17.160962,1,1,68.25,0.5,68.0,150,,,,,,,,,,,,,,,,,,,68.5,58,,,,,,,,,,,,,,,,,,
2026-06-30T01:01:17.217283+00:00,2026-06-30T11:01:17.213283,2,1,68.4,0.2,68.3,100,68.0,150,,,,,,,,,,,,,,,,,68.5,58,,,,,,,,,,,,,,,,,,
2026-06-30T01:01:17.270703+00:00,2026-06-30T11:01:17.265627,2,2,68.4,0.2,68.3,100,68.0,150,,,,,,,,,,,,,,,,,68.5,58,68.8,100,,,,,,,,,,,,,,,,
2026-06-30T01:01:17.847986+00:00,2026-06-30T11:01:17.839414,1,1,68.55,0.5,68.3,100,,,,,,,,,,,,,,,,,,,68.8,100,,,,,,,,,,,,,,,,,,
2026-06-30T01:01:17.902827+00:00,2026-06-30T11:01:17.891765,2,1,68.65,0.3,68.5,150,68.3,100,,,,,,,,,,,,,,,,,68.8,100,,,,,,,,,,,,,,,,,,
2026-06-30T01:01:17.947073+00:00,2026-06-30T11:01:17.945073,2,2,68.65,0.3,68.5,150,68.3,100,,,,,,,,,,,,,,,,,68.8,100,69.0,150,,,,,,,,,,,,,,,,
2026-06-30T01:01:18.186173+00:00,2026-06-30T11:01:18.185173,2,2,68.65,0.3,68.5,100,68.3,100,,,,,,,,,,,,,,,,,68.8,100,69.0,150,,,,,,,,,,,,,,,,
2026-06-30T01:01:20.292805+00:00,2026-06-30T11:01:20.290805,2,2,68.65,0.3,68.5,50,68.3,100,,,,,,,,,,,,,,,,,68.8,100,69.0,150,,,,,,,,,,,,,,,,
2026-06-30T01:01:20.325242+00:00,2026-06-30T11:01:20.320242,1,1,68.75,0.5,68.5,50,,,,,,,,,,,,,,,,,,,69.0,150,,,,,,,,,,,,,,,,,,
2026-06-30T01:01:20.378158+00:00,2026-06-30T11:01:20.372575,2,1,68.75,0.5,68.5,50,68.3,100,,,,,,,,,,,,,,,,,69.0,150,,,,,,,,,,,,,,,,,,
2026-06-30T01:01:20.466209+00:00,2026-06-30T11:01:20.457199,2,2,68.65,0.3,68.5,50,68.3,100,,,,,,,,,,,,,,,,,68.8,100,69.0,150,,,,,,,,,,,,,,,,
2026-06-30T01:01:21.008705+00:00,2026-06-30T11:01:21.000157,1,1,68.55,0.5,68.3,100,,,,,,,,,,,,,,,,,,,68.8,100,,,,,,,,,,,,,,,,,,
2026-06-30T01:01:21.063968+00:00,2026-06-30T11:01:21.052914,2,1,68.55,0.5,68.3,100,68.0,150,,,,,,,,,,,,,,,,,68.8,100,,,,,,,,,,,,,,,,,,
2026-06-30T01:01:21.107208+00:00,2026-06-30T11:01:21.105167,2,2,68.4,0.2,68.3,100,68.0,150,,,,,,,,,,,,,,,,,68.5,150,68.8,100,,,,,,,,,,,,,,,,
2026-06-30T01:01:22.399687+00:00,2026-06-30T11:01:22.394624,2,2,68.4,0.2,68.3,50,68.0,150,,,,,,,,,,,,,,,,,68.5,150,68.8,100,,,,,,,,,,,,,,,,
2026-06-30T01:01:23.508601+00:00,2026-06-30T11:01:23.508033,1,1,68.25,0.5,68.0,150,,,,,,,,,,,,,,,,,,,68.5,150,,,,,,,,,,,,,,,,,,
2026-06-30T01:01:23.563924+00:00,2026-06-30T11:01:23.561924,2,1,68.4,0.2,68.3,100,68.0,150,,,,,,,,,,,,,,,,,68.5,105,,,,,,,,,,,,,,,,,,
2026-06-30T01:01:23.617801+00:00,2026-06-30T11:01:23.612242,2,2,68.4,0.2,68.3,100,68.0,150,,,,,,,,,,,,,,,,,68.5,105,68.8,100,,,,,,,,,,,,,,,,
2026-06-30T01:01:24.107571+00:00,2026-06-30T11:01:24.101516,2,2,68.4,0.2,68.3,51,68.0,150,,,,,,,,,,,,,,,,,68.5,105,68.8,100,,,,,,,,,,,,,,,,
2026-06-30T01:01:24.161930+00:00,2026-06-30T11:01:24.159930,1,1,68.55,0.5,68.3,51,,,,,,,,,,,,,,,,,,,68.8,100,,,,,,,,,,,,,,,,,,
2026-06-30T01:01:24.217239+00:00,2026-06-30T11:01:24.213238,2,1,68.6,0.4,68.4,150,68.3,51,,,,,,,,,,,,,,,,,68.8,100,,,,,,,,,,,,,,,,,,
2026-06-30T01:01:24.270157+00:00,2026-06-30T11:01:24.266095,2,2,68.6,0.4,68.4,150,68.3,51,,,,,,,,,,,,,,,,,68.8,100,68.9,150,,,,,,,,,,,,,,,,
2026-06-30T01:01:24.508763+00:00,2026-06-30T11:01:24.501195,2,2,68.6,0.4,68.4,100,68.3,51,,,,,,,,,,,,,,,,,68.8,100,68.9,150,,,,,,,,,,,,,,,,
2026-06-30T01:01:26.608094+00:00,2026-06-30T11:01:26.606535,2,2,68.6,0.4,68.4,50,68.3,51,,,,,,,,,,,,,,,,,68.8,100,68.9,150,,,,,,,,,,,,,,,,
2026-06-30T01:01:26.674025+00:00,2026-06-30T11:01:26.674025,1,1,68.65,0.5,68.4,50,,,,,,,,,,,,,,,,,,,68.9,150,,,,,,,,,,,,,,,,,,
2026-06-30T01:01:26.728430+00:00,2026-06-30T11:01:26.722871,2,1,68.65,0.5,68.4,50,68.0,100,,,,,,,,,,,,,,,,,68.9,150,,,,,,,,,,,,,,,,,,
2026-06-30T01:01:26.783326+00:00,2026-06-30T11:01:26.775263,2,2,68.45,0.1,68.4,50,68.0,100,,,,,,,,,,,,,,,,,68.5,100,68.9,150,,,,,,,,,,,,,,,,
2026-06-30T01:01:27.240904+00:00,2026-06-30T11:01:27.234842,2,2,68.45,0.1,68.4,3,68.0,100,,,,,,,,,,,,,,,,,68.5,100,68.9,150,,,,,,,,,,,,,,,,
2026-06-30T01:01:27.328012+00:00,2026-06-30T11:01:27.323452,1,1,68.25,0.5,68.0,100,,,,,,,,,,,,,,,,,,,68.5,100,,,,,,,,,,,,,,,,,,
2026-06-30T01:01:27.382853+00:00,2026-06-30T11:01:27.376790,2,1,68.25,0.5,68.0,100,67.5,150,,,,,,,,,,,,,,,,,68.5,100,,,,,,,,,,,,,,,,,,
2026-06-30T01:01:27.437203+00:00,2026-06-30T11:01:27.431156,1,2,67.75,0.5,67.5,150,,,,,,,,,,,,,,,,,,,68.0,50,68.5,100,,,,,,,,,,,,,,,,
2026-06-30T01:01:28.718299+00:00,2026-06-30T11:01:28.712740,1,2,67.75,0.5,67.5,100,,,,,,,,,,,,,,,,,,,68.0,50,68.5,100,,,,,,,,,,,,,,,,
2026-06-30T01:01:29.840153+00:00,2026-06-30T11:01:29.829185,1,1,67.75,0.5,67.5,100,,,,,,,,,,,,,,,,,,,68.0,50,,,,,,,,,,,,,,,,,,
2026-06-30T01:01:29.884439+00:00,2026-06-30T11:01:29.881438,1,1,67.75,0.5,67.5,200,,,,,,,,,,,,,,,,,,,68.0,50,,,,,,,,,,,,,,,,,,
2026-06-30T01:01:29.949909+00:00,2026-06-30T11:01:29.940847,1,1,67.75,0.5,67.5,200,,,,,,,,,,,,,,,,,,,68.0,150,,,,,,,,,,,,,,,,,,
2026-06-30T01:01:30.500790+00:00,2026-06-30T11:01:30.493718,1,1,67.75,0.5,67.5,100,,,,,,,,,,,,,,,,,,,68.0,100,,,,,,,,,,,,,,,,,,
2026-06-30T01:01:30.556122+00:00,2026-06-30T11:01:30.546052,2,1,67.85,0.3,67.7,150,67.5,100,,,,,,,,,,,,,,,,,68.0,100,,,,,,,,,,,,,,,,,,
2026-06-30T01:01:30.609008+00:00,2026-06-30T11:01:30.598674,2,2,67.85,0.3,67.7,150,67.5,100,,,,,,,,,,,,,,,,,68.0,100,68.2,150,,,,,,,,,,,,,,,,
2026-06-30T01:01:30.827976+00:00,2026-06-30T11:01:30.818417,2,2,67.85,0.3,67.7,100,67.5,100,,,,,,,,,,,,,,,,,68.0,100,68.2,150,,,,,,,,,,,,,,,,
2026-06-30T01:01:32.925066+00:00,2026-06-30T11:01:32.924066,2,2,67.85,0.3,67.7,50,67.5,100,,,,,,,,,,,,,,,,,68.0,100,68.2,150,,,,,,,,,,,,,,,,
2026-06-30T01:01:33.000202+00:00,2026-06-30T11:01:32.997084,1,1,67.95,0.5,67.7,50,,,,,,,,,,,,,,,,,,,68.2,150,,,,,,,,,,,,,,,,,,
2026-06-30T01:01:33.055543+00:00,2026-06-30T11:01:33.049543,2,1,67.95,0.5,67.7,50,67.4,100,,,,,,,,,,,,,,,,,68.2,150,,,,,,,,,,,,,,,,,,
2026-06-30T01:01:33.109999+00:00,2026-06-30T11:01:33.102926,2,2,67.8,0.2,67.7,50,67.4,100,,,,,,,,,,,,,,,,,67.9,100,68.2,150,,,,,,,,,,,,,,,,
2026-06-30T01:01:33.657015+00:00,2026-06-30T11:01:33.653016,1,1,67.65,0.5,67.4,100,,,,,,,,,,,,,,,,,,,67.9,100,,,,,,,,,,,,,,,,,,
2026-06-30T01:01:33.710837+00:00,2026-06-30T11:01:33.706774,2,1,67.65,0.5,67.4,100,67.3,150,,,,,,,,,,,,,,,,,67.9,100,,,,,,,,,,,,,,,,,,
2026-06-30T01:01:33.766137+00:00,2026-06-30T11:01:33.759137,2,2,67.6,0.4,67.4,100,67.3,150,,,,,,,,,,,,,,,,,67.8,150,67.9,100,,,,,,,,,,,,,,,,
2026-06-30T01:01:34.567110+00:00,2026-06-30T11:01:34.559110,2,1,67.65,0.5,67.4,100,67.3,150,,,,,,,,,,,,,,,,,67.9,100,,,,,,,,,,,,,,,,,,
2026-06-30T01:01:35.034231+00:00,2026-06-30T11:01:35.032231,2,1,67.65,0.5,67.4,50,67.3,150,,,,,,,,,,,,,,,,,67.9,100,,,,,,,,,,,,,,,,,,
2026-06-30T01:01:35.947519+00:00,2026-06-30T11:01:35.936456,2,1,67.65,0.5,67.4,50,67.3,150,,,,,,,,,,,,,,,,,67.9,52,,,,,,,,,,,,,,,,,,
2026-06-30T01:01:36.166520+00:00,2026-06-30T11:01:36.161521,1,0,,,67.3,150,,,,,,,,,,,,,,,,,,,,,,,,,,,,,,,,,,,,,,
2026-06-30T01:01:36.218903+00:00,2026-06-30T11:01:36.213342,2,0,,,67.5,100,67.3,150,,,,,,,,,,,,,,,,,,,,,,,,,,,,,,,,,,,,
2026-06-30T01:01:36.274235+00:00,2026-06-30T11:01:36.268235,2,1,67.75,0.5,67.5,100,67.3,150,,,,,,,,,,,,,,,,,68.0,100,,,,,,,,,,,,,,,,,,
2026-06-30T01:01:36.826079+00:00,2026-06-30T11:01:36.817016,1,1,67.75,0.5,67.5,100,,,,,,,,,,,,,,,,,,,68.0,100,,,,,,,,,,,,,,,,,,
2026-06-30T01:01:36.868419+00:00,2026-06-30T11:01:36.867879,2,1,67.95,0.1,67.9,150,67.5,100,,,,,,,,,,,,,,,,,68.0,100,,,,,,,,,,,,,,,,,,
2026-06-30T01:01:36.923287+00:00,2026-06-30T11:01:36.920288,2,2,67.95,0.1,67.9,150,67.5,100,,,,,,,,,,,,,,,,,68.0,100,68.4,150,,,,,,,,,,,,,,,,
2026-06-30T01:01:37.140723+00:00,2026-06-30T11:01:37.138723,2,2,67.95,0.1,67.9,100,67.5,100,,,,,,,,,,,,,,,,,68.0,100,68.4,150,,,,,,,,,,,,,,,,
2026-06-30T01:01:39.327601+00:00,2026-06-30T11:01:39.324555,1,1,68.15,0.5,67.9,100,,,,,,,,,,,,,,,,,,,68.4,150,,,,,,,,,,,,,,,,,,
2026-06-30T01:01:39.381959+00:00,2026-06-30T11:01:39.376896,2,1,68.15,0.5,67.9,100,67.5,100,,,,,,,,,,,,,,,,,68.4,150,,,,,,,,,,,,,,,,,,
2026-06-30T01:01:39.437303+00:00,2026-06-30T11:01:39.428304,2,2,67.95,0.1,67.9,100,67.5,100,,,,,,,,,,,,,,,,,68.0,100,68.4,150,,,,,,,,,,,,,,,,
2026-06-30T01:01:39.502307+00:00,2026-06-30T11:01:39.499307,2,2,67.95,0.1,67.9,55,67.5,100,,,,,,,,,,,,,,,,,68.0,100,68.4,150,,,,,,,,,,,,,,,,
2026-06-30T01:01:39.980053+00:00,2026-06-30T11:01:39.975983,1,1,67.75,0.5,67.5,100,,,,,,,,,,,,,,,,,,,68.0,100,,,,,,,,,,,,,,,,,,
2026-06-30T01:01:40.035361+00:00,2026-06-30T11:01:40.027351,2,1,67.8,0.4,67.6,150,67.5,100,,,,,,,,,,,,,,,,,68.0,100,,,,,,,,,,,,,,,,,,
2026-06-30T01:01:40.088230+00:00,2026-06-30T11:01:40.079669,2,2,67.8,0.4,67.6,150,67.5,100,,,,,,,,,,,,,,,,,68.0,100,68.1,150,,,,,,,,,,,,,,,,
2026-06-30T01:01:40.903992+00:00,2026-06-30T11:01:40.901993,2,2,67.8,0.4,67.6,150,67.5,100,,,,,,,,,,,,,,,,,68.0,55,68.1,150,,,,,,,,,,,,,,,,
2026-06-30T01:01:41.306160+00:00,2026-06-30T11:01:41.299161,2,2,67.8,0.4,67.6,150,67.5,100,,,,,,,,,,,,,,,,,68.0,5,68.1,150,,,,,,,,,,,,,,,,
2026-06-30T01:01:42.488822+00:00,2026-06-30T11:01:42.481263,1,1,67.85,0.5,67.6,150,,,,,,,,,,,,,,,,,,,68.1,150,,,,,,,,,,,,,,,,,,
2026-06-30T01:01:42.544151+00:00,2026-06-30T11:01:42.534089,1,1,67.85,0.5,67.6,250,,,,,,,,,,,,,,,,,,,68.1,150,,,,,,,,,,,,,,,,,,
2026-06-30T01:01:42.598029+00:00,2026-06-30T11:01:42.587567,1,1,67.85,0.5,67.6,250,,,,,,,,,,,,,,,,,,,68.1,250,,,,,,,,,,,,,,,,,,
2026-06-30T01:01:43.141156+00:00,2026-06-30T11:01:43.135093,1,1,67.85,0.5,67.6,100,,,,,,,,,,,,,,,,,,,68.1,100,,,,,,,,,,,,,,,,,,
2026-06-30T01:01:43.196501+00:00,2026-06-30T11:01:43.190501,2,1,67.85,0.5,67.6,100,67.3,150,,,,,,,,,,,,,,,,,68.1,100,,,,,,,,,,,,,,,,,,
2026-06-30T01:01:43.249921+00:00,2026-06-30T11:01:43.242859,2,2,67.7,0.2,67.6,100,67.3,150,,,,,,,,,,,,,,,,,67.8,150,68.1,100,,,,,,,,,,,,,,,,
2026-06-30T01:01:43.425050+00:00,2026-06-30T11:01:43.421050,2,2,67.7,0.2,67.6,100,67.3,150,,,,,,,,,,,,,,,,,67.8,100,68.1,100,,,,,,,,,,,,,,,,
2026-06-30T01:01:44.688088+00:00,2026-06-30T11:01:44.685529,2,2,67.7,0.2,67.6,100,67.3,150,,,,,,,,,,,,,,,,,67.8,59,68.1,100,,,,,,,,,,,,,,,,
2026-06-30T01:01:45.527594+00:00,2026-06-30T11:01:45.526594,2,2,67.7,0.2,67.6,100,67.3,150,,,,,,,,,,,,,,,,,67.8,9,68.1,100,,,,,,,,,,,,,,,,
2026-06-30T01:01:45.593065+00:00,2026-06-30T11:01:45.589064,2,2,67.7,0.2,67.6,51,67.3,150,,,,,,,,,,,,,,,,,67.8,9,68.1,100,,,,,,,,,,,,,,,,
2026-06-30T01:01:45.647399+00:00,2026-06-30T11:01:45.642372,1,1,67.55,0.5,67.3,150,,,,,,,,,,,,,,,,,,,67.8,9,,,,,,,,,,,,,,,,,,
2026-06-30T01:01:45.712837+00:00,2026-06-30T11:01:45.701775,2,1,67.7,0.2,67.6,100,67.3,150,,,,,,,,,,,,,,,,,67.8,9,,,,,,,,,,,,,,,,,,
2026-06-30T01:01:45.757085+00:00,2026-06-30T11:01:45.747022,2,2,67.7,0.2,67.6,100,67.3,150,,,,,,,,,,,,,,,,,67.8,9,68.1,100,,,,,,,,,,,,,,,,
2026-06-30T01:01:46.298671+00:00,2026-06-30T11:01:46.297112,1,1,67.85,0.5,67.6,100,,,,,,,,,,,,,,,,,,,68.1,100,,,,,,,,,,,,,,,,,,
2026-06-30T01:01:46.354003+00:00,2026-06-30T11:01:46.350003,2,1,68.0,0.2,67.9,150,67.6,100,,,,,,,,,,,,,,,,,68.1,100,,,,,,,,,,,,,,,,,,
2026-06-30T01:01:46.407371+00:00,2026-06-30T11:01:46.403317,2,2,68.0,0.2,67.9,150,67.6,100,,,,,,,,,,,,,,,,,68.1,100,68.4,150,,,,,,,,,,,,,,,,
2026-06-30T01:01:47.126098+00:00,2026-06-30T11:01:47.118098,2,2,68.0,0.2,67.9,150,67.6,100,,,,,,,,,,,,,,,,,68.1,52,68.4,150,,,,,,,,,,,,,,,,
2026-06-30T01:01:47.634062+00:00,2026-06-30T11:01:47.630062,2,2,68.0,0.2,67.9,150,67.6,100,,,,,,,,,,,,,,,,,68.1,2,68.4,150,,,,,,,,,,,,,,,,
2026-06-30T01:01:47.677912+00:00,2026-06-30T11:01:47.676351,1,2,67.85,0.5,67.6,100,,,,,,,,,,,,,,,,,,,68.1,2,68.4,150,,,,,,,,,,,,,,,,
2026-06-30T01:01:48.808923+00:00,2026-06-30T11:01:48.802364,0,1,,,,,,,,,,,,,,,,,,,,,,,68.4,150,,,,,,,,,,,,,,,,,,
2026-06-30T01:01:48.875333+00:00,2026-06-30T11:01:48.871325,1,1,68.1,0.6,67.8,100,,,,,,,,,,,,,,,,,,,68.4,150,,,,,,,,,,,,,,,,,,
2026-06-30T01:01:48.929749+00:00,2026-06-30T11:01:48.922686,1,2,68.05,0.5,67.8,100,,,,,,,,,,,,,,,,,,,68.3,100,68.4,150,,,,,,,,,,,,,,,,
2026-06-30T01:01:49.473894+00:00,2026-06-30T11:01:49.470903,1,1,68.05,0.5,67.8,100,,,,,,,,,,,,,,,,,,,68.3,100,,,,,,,,,,,,,,,,,,
2026-06-30T01:01:49.527789+00:00,2026-06-30T11:01:49.523229,2,1,68.05,0.5,67.8,100,67.2,150,,,,,,,,,,,,,,,,,68.3,100,,,,,,,,,,,,,,,,,,
2026-06-30T01:01:49.582151+00:00,2026-06-30T11:01:49.578151,1,2,67.45,0.5,67.2,150,,,,,,,,,,,,,,,,,,,67.7,50,68.3,100,,,,,,,,,,,,,,,,
2026-06-30T01:01:49.747210+00:00,2026-06-30T11:01:49.745210,1,1,67.75,1.1,67.2,150,,,,,,,,,,,,,,,,,,,68.3,100,,,,,,,,,,,,,,,,,,
2026-06-30T01:01:51.852943+00:00,2026-06-30T11:01:51.851942,1,1,67.75,1.1,67.2,150,,,,,,,,,,,,,,,,,,,68.3,50,,,,,,,,,,,,,,,,,,
2026-06-30T01:01:51.983319+00:00,2026-06-30T11:01:51.976238,1,0,,,67.2,150,,,,,,,,,,,,,,,,,,,,,,,,,,,,,,,,,,,,,,
2026-06-30T01:01:52.037648+00:00,2026-06-30T11:01:52.029615,2,0,,,67.7,100,67.2,150,,,,,,,,,,,,,,,,,,,,,,,,,,,,,,,,,,,,
2026-06-30T01:01:52.092035+00:00,2026-06-30T11:01:52.081962,2,1,67.95,0.5,67.7,100,67.2,150,,,,,,,,,,,,,,,,,68.2,100,,,,,,,,,,,,,,,,,,
2026-06-30T01:01:52.635130+00:00,2026-06-30T11:01:52.634130,1,1,67.95,0.5,67.7,100,,,,,,,,,,,,,,,,,,,68.2,100,,,,,,,,,,,,,,,,,,
2026-06-30T01:01:52.688017+00:00,2026-06-30T11:01:52.685458,2,1,68.05,0.3,67.9,150,67.7,100,,,,,,,,,,,,,,,,,68.2,100,,,,,,,,,,,,,,,,,,
2026-06-30T01:01:52.742864+00:00,2026-06-30T11:01:52.737854,2,2,68.05,0.3,67.9,150,67.7,100,,,,,,,,,,,,,,,,,68.2,100,68.4,150,,,,,,,,,,,,,,,,
2026-06-30T01:01:54.877287+00:00,2026-06-30T11:01:54.866239,2,2,68.05,0.3,67.9,150,67.7,100,,,,,,,,,,,,,,,,,68.2,54,68.4,150,,,,,,,,,,,,,,,,
2026-06-30T01:01:55.138332+00:00,2026-06-30T11:01:55.135781,1,1,68.15,0.5,67.9,150,,,,,,,,,,,,,,,,,,,68.4,150,,,,,,,,,,,,,,,,,,
2026-06-30T01:01:55.193119+00:00,2026-06-30T11:01:55.188119,1,1,68.15,0.5,67.9,250,,,,,,,,,,,,,,,,,,,68.4,150,,,,,,,,,,,,,,,,,,
2026-06-30T01:01:55.247441+00:00,2026-06-30T11:01:55.242392,1,1,68.15,0.5,67.9,250,,,,,,,,,,,,,,,,,,,68.4,250,,,,,,,,,,,,,,,,,,
2026-06-30T01:01:55.801166+00:00,2026-06-30T11:01:55.794102,1,1,68.15,0.5,67.9,100,,,,,,,,,,,,,,,,,,,68.4,100,,,,,,,,,,,,,,,,,,
2026-06-30T01:01:55.856482+00:00,2026-06-30T11:01:55.846410,2,1,68.15,0.5,67.9,100,67.8,150,,,,,,,,,,,,,,,,,68.4,100,,,,,,,,,,,,,,,,,,
2026-06-30T01:01:55.909894+00:00,2026-06-30T11:01:55.898926,2,2,68.1,0.4,67.9,100,67.8,150,,,,,,,,,,,,,,,,,68.3,150,68.4,100,,,,,,,,,,,,,,,,
2026-06-30T01:01:56.138470+00:00,2026-06-30T11:01:56.128909,2,2,68.1,0.4,67.9,50,67.8,150,,,,,,,,,,,,,,,,,68.3,150,68.4,100,,,,,,,,,,,,,,,,
2026-06-30T01:01:58.238239+00:00,2026-06-30T11:01:58.235694,1,2,68.05,0.5,67.8,150,,,,,,,,,,,,,,,,,,,68.3,150,68.4,100,,,,,,,,,,,,,,,,
2026-06-30T01:01:58.304105+00:00,2026-06-30T11:01:58.298105,1,1,68.05,0.5,67.8,150,,,,,,,,,,,,,,,,,,,68.3,150,,,,,,,,,,,,,,,,,,
2026-06-30T01:01:58.357915+00:00,2026-06-30T11:01:58.347479,2,1,68.05,0.5,67.8,150,67.7,100,,,,,,,,,,,,,,,,,68.3,150,,,,,,,,,,,,,,,,,,
2026-06-30T01:01:58.400695+00:00,2026-06-30T11:01:58.399695,2,2,68.0,0.4,67.8,150,67.7,100,,,,,,,,,,,,,,,,,68.2,100,68.3,150,,,,,,,,,,,,,,,,
2026-06-30T01:01:58.953972+00:00,2026-06-30T11:01:58.952972,2,1,68.0,0.4,67.8,150,67.7,100,,,,,,,,,,,,,,,,,68.2,100,,,,,,,,,,,,,,,,,,
2026-06-30T01:01:58.965037+00:00,2026-06-30T11:01:58.953972,1,1,67.95,0.5,67.7,100,,,,,,,,,,,,,,,,,,,68.2,100,,,,,,,,,,,,,,,,,,
2026-06-30T01:01:59.007335+00:00,2026-06-30T11:01:59.005289,2,1,68.1,0.2,68.0,150,67.7,100,,,,,,,,,,,,,,,,,68.2,100,,,,,,,,,,,,,,,,,,
2026-06-30T01:01:59.061201+00:00,2026-06-30T11:01:59.057190,2,2,68.1,0.2,68.0,150,67.7,100,,,,,,,,,,,,,,,,,68.2,100,68.4,150,,,,,,,,,,,,,,,,
2026-06-30T01:02:00.353124+00:00,2026-06-30T11:02:00.342053,2,2,68.1,0.2,68.0,100,67.7,100,,,,,,,,,,,,,,,,,68.2,100,68.4,150,,,,,,,,,,,,,,,,
2026-06-30T01:02:01.457264+00:00,2026-06-30T11:02:01.454216,1,1,68.2,0.4,68.0,100,,,,,,,,,,,,,,,,,,,68.4,150,,,,,,,,,,,,,,,,,,
2026-06-30T01:02:01.511149+00:00,2026-06-30T11:02:01.507138,2,1,68.2,0.4,68.0,100,67.6,100,,,,,,,,,,,,,,,,,68.4,150,,,,,,,,,,,,,,,,,,
2026-06-30T01:02:01.588199+00:00,2026-06-30T11:02:01.578639,2,2,68.05,0.1,68.0,100,67.6,100,,,,,,,,,,,,,,,,,68.1,100,68.4,150,,,,,,,,,,,,,,,,
2026-06-30T01:02:02.110785+00:00,2026-06-30T11:02:02.110785,2,1,68.05,0.1,68.0,100,67.6,100,,,,,,,,,,,,,,,,,68.1,100,,,,,,,,,,,,,,,,,,
2026-06-30T01:02:02.121856+00:00,2026-06-30T11:02:02.112793,1,1,67.85,0.5,67.6,100,,,,,,,,,,,,,,,,,,,68.1,100,,,,,,,,,,,,,,,,,,
2026-06-30T01:02:02.187841+00:00,2026-06-30T11:02:02.178279,1,1,67.85,0.5,67.6,250,,,,,,,,,,,,,,,,,,,68.1,100,,,,,,,,,,,,,,,,,,
2026-06-30T01:02:02.231145+00:00,2026-06-30T11:02:02.230144,1,1,67.85,0.5,67.6,250,,,,,,,,,,,,,,,,,,,68.1,250,,,,,,,,,,,,,,,,,,
2026-06-30T01:02:02.458722+00:00,2026-06-30T11:02:02.448302,1,1,67.85,0.5,67.6,200,,,,,,,,,,,,,,,,,,,68.1,250,,,,,,,,,,,,,,,,,,
2026-06-30T01:02:04.244419+00:00,2026-06-30T11:02:04.243418,1,1,67.85,0.5,67.6,157,,,,,,,,,,,,,,,,,,,68.1,250,,,,,,,,,,,,,,,,,,
2026-06-30T01:02:04.505024+00:00,2026-06-30T11:02:04.502017,1,1,67.85,0.5,67.6,157,,,,,,,,,,,,,,,,,,,68.1,200,,,,,,,,,,,,,,,,,,
2026-06-30T01:02:04.646556+00:00,2026-06-30T11:02:04.644556,1,1,67.85,0.5,67.6,150,,,,,,,,,,,,,,,,,,,68.1,150,,,,,,,,,,,,,,,,,,
2026-06-30T01:02:04.699964+00:00,2026-06-30T11:02:04.695901,2,1,67.85,0.5,67.6,150,67.3,100,,,,,,,,,,,,,,,,,68.1,150,,,,,,,,,,,,,,,,,,
2026-06-30T01:02:04.755297+00:00,2026-06-30T11:02:04.748297,2,2,67.7,0.2,67.6,150,67.3,100,,,,,,,,,,,,,,,,,67.8,100,68.1,150,,,,,,,,,,,,,,,,
2026-06-30T01:02:05.287299+00:00,2026-06-30T11:02:05.284291,2,1,67.7,0.2,67.6,150,67.3,100,,,,,,,,,,,,,,,,,67.8,100,,,,,,,,,,,,,,,,,,
2026-06-30T01:02:05.297936+00:00,2026-06-30T11:02:05.289364,1,1,67.55,0.5,67.3,100,,,,,,,,,,,,,,,,,,,67.8,100,,,,,,,,,,,,,,,,,,
2026-06-30T01:02:05.341253+00:00,2026-06-30T11:02:05.338253,2,1,67.6,0.4,67.4,150,67.3,100,,,,,,,,,,,,,,,,,67.8,100,,,,,,,,,,,,,,,,,,
2026-06-30T01:02:05.396559+00:00,2026-06-30T11:02:05.390560,2,2,67.6,0.4,67.4,150,67.3,100,,,,,,,,,,,,,,,,,67.8,100,67.9,150,,,,,,,,,,,,,,,,
2026-06-30T01:02:05.559706+00:00,2026-06-30T11:02:05.555642,2,2,67.6,0.4,67.4,101,67.3,100,,,,,,,,,,,,,,,,,67.8,100,67.9,150,,,,,,,,,,,,,,,,
2026-06-30T01:02:07.038674+00:00,2026-06-30T11:02:07.036113,2,2,67.6,0.4,67.4,101,67.3,100,,,,,,,,,,,,,,,,,67.8,53,67.9,150,,,,,,,,,,,,,,,,
2026-06-30T01:02:07.528466+00:00,2026-06-30T11:02:07.518907,2,2,67.6,0.4,67.4,101,67.3,100,,,,,,,,,,,,,,,,,67.8,13,67.9,150,,,,,,,,,,,,,,,,
2026-06-30T01:02:07.813920+00:00,2026-06-30T11:02:07.803858,1,1,67.65,0.5,67.4,101,,,,,,,,,,,,,,,,,,,67.9,150,,,,,,,,,,,,,,,,,,
2026-06-30T01:02:07.857742+00:00,2026-06-30T11:02:07.856162,2,1,67.7,0.4,67.5,100,67.4,101,,,,,,,,,,,,,,,,,67.9,150,,,,,,,,,,,,,,,,,,
2026-06-30T01:02:07.912108+00:00,2026-06-30T11:02:07.908100,2,2,67.7,0.4,67.5,100,67.4,101,,,,,,,,,,,,,,,,,67.9,150,68.0,100,,,,,,,,,,,,,,,,
2026-06-30T01:02:08.446054+00:00,2026-06-30T11:02:08.446054,1,1,67.75,0.5,67.5,100,,,,,,,,,,,,,,,,,,,68.0,100,,,,,,,,,,,,,,,,,,
2026-06-30T01:02:08.498497+00:00,2026-06-30T11:02:08.497984,2,1,67.75,0.5,67.5,100,67.2,150,,,,,,,,,,,,,,,,,68.0,100,,,,,,,,,,,,,,,,,,
2026-06-30T01:02:08.552372+00:00,2026-06-30T11:02:08.551372,2,2,67.6,0.2,67.5,100,67.2,150,,,,,,,,,,,,,,,,,67.7,150,68.0,100,,,,,,,,,,,,,,,,
2026-06-30T01:02:08.768544+00:00,2026-06-30T11:02:08.763000,2,2,67.6,0.2,67.5,50,67.2,150,,,,,,,,,,,,,,,,,67.7,150,68.0,100,,,,,,,,,,,,,,,,
2026-06-30T01:02:10.560171+00:00,2026-06-30T11:02:10.552109,2,2,67.6,0.2,67.5,4,67.2,150,,,,,,,,,,,,,,,,,67.7,150,68.0,100,,,,,,,,,,,,,,,,
2026-06-30T01:02:10.877252+00:00,2026-06-30T11:02:10.868224,1,2,67.45,0.5,67.2,104,,,,,,,,,,,,,,,,,,,67.7,150,68.0,100,,,,,,,,,,,,,,,,
2026-06-30T01:02:10.964328+00:00,2026-06-30T11:02:10.961319,1,1,67.45,0.5,67.2,104,,,,,,,,,,,,,,,,,,,67.7,150,,,,,,,,,,,,,,,,,,
2026-06-30T01:02:11.018191+00:00,2026-06-30T11:02:11.012632,2,1,67.5,0.4,67.3,100,67.2,104,,,,,,,,,,,,,,,,,67.7,150,,,,,,,,,,,,,,,,,,
2026-06-30T01:02:11.073063+00:00,2026-06-30T11:02:11.067000,2,2,67.5,0.4,67.3,100,67.2,104,,,,,,,,,,,,,,,,,67.7,150,67.8,100,,,,,,,,,,,,,,,,
2026-06-30T01:02:11.605465+00:00,2026-06-30T11:02:11.604465,2,1,67.55,0.5,67.3,100,67.2,104,,,,,,,,,,,,,,,,,67.8,100,,,,,,,,,,,,,,,,,,
2026-06-30T01:02:11.616528+00:00,2026-06-30T11:02:11.605465,1,1,67.55,0.5,67.3,100,,,,,,,,,,,,,,,,,,,67.8,100,,,,,,,,,,,,,,,,,,
2026-06-30T01:02:11.669960+00:00,2026-06-30T11:02:11.659006,2,1,67.55,0.5,67.3,100,67.1,150,,,,,,,,,,,,,,,,,67.8,100,,,,,,,,,,,,,,,,,,
2026-06-30T01:02:11.714219+00:00,2026-06-30T11:02:11.712219,2,2,67.45,0.3,67.3,100,67.1,150,,,,,,,,,,,,,,,,,67.6,150,67.8,100,,,,,,,,,,,,,,,,
2026-06-30T01:02:12.126502+00:00,2026-06-30T11:02:12.121502,2,2,67.45,0.3,67.3,100,67.1,150,,,,,,,,,,,,,,,,,67.6,105,67.8,100,,,,,,,,,,,,,,,,
2026-06-30T01:02:12.978649+00:00,2026-06-30T11:02:12.975090,2,2,67.45,0.3,67.3,50,67.1,150,,,,,,,,,,,,,,,,,67.6,105,67.8,100,,,,,,,,,,,,,,,,
2026-06-30T01:02:14.084171+00:00,2026-06-30T11:02:14.078171,2,2,67.45,0.3,67.3,50,67.1,150,,,,,,,,,,,,,,,,,67.6,56,67.8,100,,,,,,,,,,,,,,,,
2026-06-30T01:02:14.127490+00:00,2026-06-30T11:02:14.119442,2,1,67.45,0.3,67.3,50,67.1,150,,,,,,,,,,,,,,,,,67.6,56,,,,,,,,,,,,,,,,,,
2026-06-30T01:02:14.138100+00:00,2026-06-30T11:02:14.130541,1,1,67.35,0.5,67.1,150,,,,,,,,,,,,,,,,,,,67.6,56,,,,,,,,,,,,,,,,,,
2026-06-30T01:02:14.181880+00:00,2026-06-30T11:02:14.172817,1,1,67.35,0.5,67.1,250,,,,,,,,,,,,,,,,,,,67.6,56,,,,,,,,,,,,,,,,,,
2026-06-30T01:02:14.237189+00:00,2026-06-30T11:02:14.226126,1,1,67.35,0.5,67.1,250,,,,,,,,,,,,,,,,,,,67.6,156,,,,,,,,,,,,,,,,,,
2026-06-30T01:02:14.777884+00:00,2026-06-30T11:02:14.769858,1,1,67.35,0.5,67.1,100,,,,,,,,,,,,,,,,,,,67.6,100,,,,,,,,,,,,,,,,,,
2026-06-30T01:02:14.821200+00:00,2026-06-30T11:02:14.820200,2,1,67.5,0.2,67.4,150,67.1,100,,,,,,,,,,,,,,,,,67.6,100,,,,,,,,,,,,,,,,,,
2026-06-30T01:02:14.898223+00:00,2026-06-30T11:02:14.893663,2,2,67.5,0.2,67.4,150,67.1,100,,,,,,,,,,,,,,,,,67.6,100,67.9,150,,,,,,,,,,,,,,,,
2026-06-30T01:02:15.083971+00:00,2026-06-30T11:02:15.079971,2,2,67.5,0.2,67.4,100,67.1,100,,,,,,,,,,,,,,,,,67.6,100,67.9,150,,,,,,,,,,,,,,,,
2026-06-30T01:02:17.198138+00:00,2026-06-30T11:02:17.187880,2,2,67.5,0.2,67.4,50,67.1,100,,,,,,,,,,,,,,,,,67.6,100,67.9,150,,,,,,,,,,,,,,,,
2026-06-30T01:02:17.286222+00:00,2026-06-30T11:02:17.281222,1,1,67.65,0.5,67.4,50,,,,,,,,,,,,,,,,,,,67.9,150,,,,,,,,,,,,,,,,,,
2026-06-30T01:02:17.339671+00:00,2026-06-30T11:02:17.334601,2,1,67.65,0.5,67.4,50,66.9,100,,,,,,,,,,,,,,,,,67.9,150,,,,,,,,,,,,,,,,,,
2026-06-30T01:02:17.394023+00:00,2026-06-30T11:02:17.386960,1,2,67.15,0.5,66.9,100,,,,,,,,,,,,,,,,,,,67.4,50,67.9,150,,,,,,,,,,,,,,,,
2026-06-30T01:02:17.948346+00:00,2026-06-30T11:02:17.947832,1,1,67.15,0.5,66.9,100,,,,,,,,,,,,,,,,,,,67.4,50,,,,,,,,,,,,,,,,,,
2026-06-30T01:02:18.003201+00:00,2026-06-30T11:02:17.999202,2,1,67.15,0.5,66.9,100,66.7,150,,,,,,,,,,,,,,,,,67.4,50,,,,,,,,,,,,,,,,,,
2026-06-30T01:02:18.057552+00:00,2026-06-30T11:02:18.054505,2,1,67.15,0.5,66.9,100,66.7,150,,,,,,,,,,,,,,,,,67.4,50,,,,,,,,,,,,,,,,,,
2026-06-30T01:02:19.297160+00:00,2026-06-30T11:02:19.295118,2,1,67.15,0.5,66.9,50,66.7,150,,,,,,,,,,,,,,,,,67.4,50,,,,,,,,,,,,,,,,,,
2026-06-30T01:02:19.526109+00:00,2026-06-30T11:02:19.520109,2,1,67.15,0.5,66.9,7,66.7,150,,,,,,,,,,,,,,,,,67.4,50,,,,,,,,,,,,,,,,,,
2026-06-30T01:02:20.449030+00:00,2026-06-30T11:02:20.443471,1,0,,,66.7,150,,,,,,,,,,,,,,,,,,,,,,,,,,,,,,,,,,,,,,
2026-06-30T01:02:20.503431+00:00,2026-06-30T11:02:20.495368,2,0,,,66.9,100,66.7,150,,,,,,,,,,,,,,,,,,,,,,,,,,,,,,,,,,,,
2026-06-30T01:02:20.557788+00:00,2026-06-30T11:02:20.547850,2,1,67.15,0.5,66.9,100,66.7,150,,,,,,,,,,,,,,,,,67.4,100,,,,,,,,,,,,,,,,,,
2026-06-30T01:02:21.113089+00:00,2026-06-30T11:02:21.105026,1,1,67.15,0.5,66.9,100,,,,,,,,,,,,,,,,,,,67.4,100,,,,,,,,,,,,,,,,,,
2026-06-30T01:02:21.167447+00:00,2026-06-30T11:02:21.160391,2,0,,,67.4,50,66.9,100,,,,,,,,,,,,,,,,,,,,,,,,,,,,,,,,,,,,
2026-06-30T01:02:21.221844+00:00,2026-06-30T11:02:21.210774,2,1,67.65,0.5,67.4,50,66.9,100,,,,,,,,,,,,,,,,,67.9,150,,,,,,,,,,,,,,,,,,
2026-06-30T01:02:23.460846+00:00,2026-06-30T11:02:23.453773,2,1,67.65,0.5,67.4,50,66.9,100,,,,,,,,,,,,,,,,,67.9,100,,,,,,,,,,,,,,,,,,
2026-06-30T01:02:23.612837+00:00,2026-06-30T11:02:23.601774,1,1,67.65,0.5,67.4,50,,,,,,,,,,,,,,,,,,,67.9,100,,,,,,,,,,,,,,,,,,
2026-06-30T01:02:23.657078+00:00,2026-06-30T11:02:23.654078,2,1,67.65,0.5,67.4,50,67.1,100,,,,,,,,,,,,,,,,,67.9,100,,,,,,,,,,,,,,,,,,
2026-06-30T01:02:23.709997+00:00,2026-06-30T11:02:23.706934,2,2,67.5,0.2,67.4,50,67.1,100,,,,,,,,,,,,,,,,,67.6,100,67.9,100,,,,,,,,,,,,,,,,
2026-06-30T01:02:24.274121+00:00,2026-06-30T11:02:24.265059,1,1,67.35,0.5,67.1,100,,,,,,,,,,,,,,,,,,,67.6,100,,,,,,,,,,,,,,,,,,
2026-06-30T01:02:24.327993+00:00,2026-06-30T11:02:24.317533,2,1,67.35,0.5,67.1,100,67.0,150,,,,,,,,,,,,,,,,,67.6,100,,,,,,,,,,,,,,,,,,
2026-06-30T01:02:24.371772+00:00,2026-06-30T11:02:24.370772,2,2,67.3,0.4,67.1,100,67.0,150,,,,,,,,,,,,,,,,,67.5,150,67.6,100,,,,,,,,,,,,,,,,
2026-06-30T01:02:25.517280+00:00,2026-06-30T11:02:25.509255,2,2,67.3,0.4,67.1,51,67.0,150,,,,,,,,,,,,,,,,,67.5,150,67.6,100,,,,,,,,,,,,,,,,
2026-06-30T01:02:25.615421+00:00,2026-06-30T11:02:25.609430,2,2,67.3,0.4,67.1,1,67.0,150,,,,,,,,,,,,,,,,,67.5,150,67.6,100,,,,,,,,,,,,,,,,
2026-06-30T01:02:26.136182+00:00,2026-06-30T11:02:26.126119,2,2,67.3,0.4,67.1,1,67.0,150,,,,,,,,,,,,,,,,,67.5,101,67.6,100,,,,,,,,,,,,,,,,
2026-06-30T01:02:26.767446+00:00,2026-06-30T11:02:26.761446,1,1,67.25,0.5,67.0,150,,,,,,,,,,,,,,,,,,,67.5,101,,,,,,,,,,,,,,,,,,
2026-06-30T01:02:26.820869+00:00,2026-06-30T11:02:26.813804,2,1,67.25,0.5,67.0,150,66.8,100,,,,,,,,,,,,,,,,,67.5,101,,,,,,,,,,,,,,,,,,
2026-06-30T01:02:26.876221+00:00,2026-06-30T11:02:26.866134,2,2,67.15,0.3,67.0,150,66.8,100,,,,,,,,,,,,,,,,,67.3,100,67.5,101,,,,,,,,,,,,,,,,
2026-06-30T01:02:27.429986+00:00,2026-06-30T11:02:27.425923,1,1,67.05,0.5,66.8,100,,,,,,,,,,,,,,,,,,,67.3,100,,,,,,,,,,,,,,,,,,
2026-06-30T01:02:27.485291+00:00,2026-06-30T11:02:27.477280,2,1,67.15,0.3,67.0,150,66.8,100,,,,,,,,,,,,,,,,,67.3,100,,,,,,,,,,,,,,,,,,
2026-06-30T01:02:27.538179+00:00,2026-06-30T11:02:27.529620,2,2,67.15,0.3,67.0,150,66.8,100,,,,,,,,,,,,,,,,,67.3,100,67.5,150,,,,,,,,,,,,,,,,
2026-06-30T01:02:27.723904+00:00,2026-06-30T11:02:27.715842,2,2,67.15,0.3,67.0,100,66.8,100,,,,,,,,,,,,,,,,,67.3,100,67.5,150,,,,,,,,,,,,,,,,
2026-06-30T01:02:29.136314+00:00,2026-06-30T11:02:29.129314,2,2,67.15,0.3,67.0,60,66.8,100,,,,,,,,,,,,,,,,,67.3,100,67.5,150,,,,,,,,,,,,,,,,
2026-06-30T01:02:29.635216+00:00,2026-06-30T11:02:29.633208,2,2,67.15,0.3,67.0,60,66.8,100,,,,,,,,,,,,,,,,,67.3,55,67.5,150,,,,,,,,,,,,,,,,
2026-06-30T01:02:29.688631+00:00,2026-06-30T11:02:29.686071,2,2,67.15,0.3,67.0,14,66.8,100,,,,,,,,,,,,,,,,,67.3,55,67.5,150,,,,,,,,,,,,,,,,
2026-06-30T01:02:29.831061+00:00,2026-06-30T11:02:29.823998,1,2,67.05,0.5,66.8,64,,,,,,,,,,,,,,,,,,,67.3,55,67.5,150,,,,,,,,,,,,,,,,
2026-06-30T01:02:29.928200+00:00,2026-06-30T11:02:29.921628,0,1,,,,,,,,,,,,,,,,,,,,,,,67.5,150,,,,,,,,,,,,,,,,,,
2026-06-30T01:02:29.982583+00:00,2026-06-30T11:02:29.974520,1,1,66.95,1.1,66.4,100,,,,,,,,,,,,,,,,,,,67.5,150,,,,,,,,,,,,,,,,,,
2026-06-30T01:02:30.059616+00:00,2026-06-30T11:02:30.051553,1,2,66.65,0.5,66.4,100,,,,,,,,,,,,,,,,,,,66.9,50,67.5,150,,,,,,,,,,,,,,,,
2026-06-30T01:02:30.590855+00:00,2026-06-30T11:02:30.582793,1,1,66.65,0.5,66.4,100,,,,,,,,,,,,,,,,,,,66.9,50,,,,,,,,,,,,,,,,,,
2026-06-30T01:02:30.646222+00:00,2026-06-30T11:02:30.635157,2,1,66.75,0.3,66.6,150,66.4,100,,,,,,,,,,,,,,,,,66.9,50,,,,,,,,,,,,,,,,,,
2026-06-30T01:02:30.688547+00:00,2026-06-30T11:02:30.685988,2,2,66.75,0.3,66.6,150,66.4,100,,,,,,,,,,,,,,,,,66.9,50,67.1,150,,,,,,,,,,,,,,,,
2026-06-30T01:02:31.887207+00:00,2026-06-30T11:02:31.879207,2,1,66.85,0.5,66.6,150,66.4,100,,,,,,,,,,,,,,,,,67.1,150,,,,,,,,,,,,,,,,,,
2026-06-30T01:02:32.558306+00:00,2026-06-30T11:02:32.547856,2,1,66.85,0.5,66.6,150,66.4,100,,,,,,,,,,,,,,,,,67.1,101,,,,,,,,,,,,,,,,,,
2026-06-30T01:02:33.103973+00:00,2026-06-30T11:02:33.101973,1,1,66.85,0.5,66.6,150,,,,,,,,,,,,,,,,,,,67.1,101,,,,,,,,,,,,,,,,,,
2026-06-30T01:02:33.157846+00:00,2026-06-30T11:02:33.153285,1,1,66.85,0.5,66.6,150,,,,,,,,,,,,,,,,,,,67.1,1,,,,,,,,,,,,,,,,,,
2026-06-30T01:02:33.212209+00:00,2026-06-30T11:02:33.207199,1,2,66.85,0.5,66.6,150,,,,,,,,,,,,,,,,,,,67.1,1,67.6,100,,,,,,,,,,,,,,,,
2026-06-30T01:02:33.657610+00:00,2026-06-30T11:02:33.649610,1,1,67.1,1.0,66.6,150,,,,,,,,,,,,,,,,,,,67.6,100,,,,,,,,,,,,,,,,,,
2026-06-30T01:02:33.745209+00:00,2026-06-30T11:02:33.738208,0,1,,,,,,,,,,,,,,,,,,,,,,,67.6,100,,,,,,,,,,,,,,,,,,
2026-06-30T01:02:33.798606+00:00,2026-06-30T11:02:33.791044,1,1,67.35,0.5,67.1,150,,,,,,,,,,,,,,,,,,,67.6,100,,,,,,,,,,,,,,,,,,
2026-06-30T01:02:33.853932+00:00,2026-06-30T11:02:33.842869,1,1,67.35,0.5,67.1,150,,,,,,,,,,,,,,,,,,,67.6,250,,,,,,,,,,,,,,,,,,
2026-06-30T01:02:34.037648+00:00,2026-06-30T11:02:34.036622,1,1,67.35,0.5,67.1,100,,,,,,,,,,,,,,,,,,,67.6,250,,,,,,,,,,,,,,,,,,
2026-06-30T01:02:35.210971+00:00,2026-06-30T11:02:35.205907,1,1,67.35,0.5,67.1,59,,,,,,,,,,,,,,,,,,,67.6,250,,,,,,,,,,,,,,,,,,
2026-06-30T01:02:36.167419+00:00,2026-06-30T11:02:36.161411,1,1,67.35,0.5,67.1,9,,,,,,,,,,,,,,,,,,,67.6,250,,,,,,,,,,,,,,,,,,
2026-06-30T01:02:36.266100+00:00,2026-06-30T11:02:36.260099,1,1,67.35,0.5,67.1,9,,,,,,,,,,,,,,,,,,,67.6,150,,,,,,,,,,,,,,,,,,
2026-06-30T01:02:36.319041+00:00,2026-06-30T11:02:36.313482,2,1,67.35,0.5,67.1,9,66.5,100,,,,,,,,,,,,,,,,,67.6,150,,,,,,,,,,,,,,,,,,
2026-06-30T01:02:36.374377+00:00,2026-06-30T11:02:36.367367,1,2,66.75,0.5,66.5,100,,,,,,,,,,,,,,,,,,,67.0,91,67.6,150,,,,,,,,,,,,,,,,
2026-06-30T01:02:36.907399+00:00,2026-06-30T11:02:36.896332,1,1,66.75,0.5,66.5,100,,,,,,,,,,,,,,,,,,,67.0,91,,,,,,,,,,,,,,,,,,
2026-06-30T01:02:36.950756+00:00,2026-06-30T11:02:36.948756,2,1,66.75,0.5,66.5,100,66.4,150,,,,,,,,,,,,,,,,,67.0,91,,,,,,,,,,,,,,,,,,
2026-06-30T01:02:37.006088+00:00,2026-06-30T11:02:37.001088,2,2,66.7,0.4,66.5,100,66.4,150,,,,,,,,,,,,,,,,,66.9,150,67.0,91,,,,,,,,,,,,,,,,
2026-06-30T01:02:38.224141+00:00,2026-06-30T11:02:38.217130,2,2,66.7,0.4,66.5,100,66.4,150,,,,,,,,,,,,,,,,,66.9,100,67.0,91,,,,,,,,,,,,,,,,
2026-06-30T01:02:39.423234+00:00,2026-06-30T11:02:39.422234,2,1,66.7,0.4,66.5,100,66.4,150,,,,,,,,,,,,,,,,,66.9,100,,,,,,,,,,,,,,,,,,
2026-06-30T01:02:39.434297+00:00,2026-06-30T11:02:39.423234,1,1,66.65,0.5,66.4,150,,,,,,,,,,,,,,,,,,,66.9,100,,,,,,,,,,,,,,,,,,
2026-06-30T01:02:39.477575+00:00,2026-06-30T11:02:39.474549,2,1,66.85,0.1,66.8,100,66.4,150,,,,,,,,,,,,,,,,,66.9,100,,,,,,,,,,,,,,,,,,
2026-06-30T01:02:39.531990+00:00,2026-06-30T11:02:39.526883,2,2,66.85,0.1,66.8,100,66.4,150,,,,,,,,,,,,,,,,,66.9,100,67.3,100,,,,,,,,,,,,,,,,
2026-06-30T01:02:40.066070+00:00,2026-06-30T11:02:40.056008,1,1,67.05,0.5,66.8,100,,,,,,,,,,,,,,,,,,,67.3,100,,,,,,,,,,,,,,,,,,
2026-06-30T01:02:40.118506+00:00,2026-06-30T11:02:40.108089,2,1,67.05,0.5,66.8,100,66.7,150,,,,,,,,,,,,,,,,,67.3,100,,,,,,,,,,,,,,,,,,
2026-06-30T01:02:40.162303+00:00,2026-06-30T11:02:40.160303,2,2,67.0,0.4,66.8,100,66.7,150,,,,,,,,,,,,,,,,,67.2,150,67.3,100,,,,,,,,,,,,,,,,
2026-06-30T01:02:40.217638+00:00,2026-06-30T11:02:40.209638,2,2,67.0,0.4,66.8,100,66.7,150,,,,,,,,,,,,,,,,,67.2,103,67.3,100,,,,,,,,,,,,,,,,
2026-06-30T01:02:40.326524+00:00,2026-06-30T11:02:40.324524,2,2,67.0,0.4,66.8,100,66.7,150,,,,,,,,,,,,,,,,,67.2,53,67.3,100,,,,,,,,,,,,,,,,
2026-06-30T01:02:41.697585+00:00,2026-06-30T11:02:41.690577,2,2,67.0,0.4,66.8,60,66.7,150,,,,,,,,,,,,,,,,,67.2,53,67.3,100,,,,,,,,,,,,,,,,
2026-06-30T01:02:42.438151+00:00,2026-06-30T11:02:42.434582,2,2,67.0,0.4,66.8,60,66.7,150,,,,,,,,,,,,,,,,,67.2,3,67.3,100,,,,,,,,,,,,,,,,
2026-06-30T01:02:42.591199+00:00,2026-06-30T11:02:42.580136,1,1,66.95,0.5,66.7,150,,,,,,,,,,,,,,,,,,,67.2,3,,,,,,,,,,,,,,,,,,
2026-06-30T01:02:42.635444+00:00,2026-06-30T11:02:42.633444,1,1,66.95,0.5,66.7,250,,,,,,,,,,,,,,,,,,,67.2,3,,,,,,,,,,,,,,,,,,
2026-06-30T01:02:42.646507+00:00,2026-06-30T11:02:42.635444,1,0,,,66.7,250,,,,,,,,,,,,,,,,,,,,,,,,,,,,,,,,,,,,,,
2026-06-30T01:02:42.688847+00:00,2026-06-30T11:02:42.686285,1,1,66.95,0.5,66.7,250,,,,,,,,,,,,,,,,,,,67.2,100,,,,,,,,,,,,,,,,,,
2026-06-30T01:02:43.221985+00:00,2026-06-30T11:02:43.213923,1,1,66.95,0.5,66.7,100,,,,,,,,,,,,,,,,,,,67.2,100,,,,,,,,,,,,,,,,,,
2026-06-30T01:02:43.266250+00:00,2026-06-30T11:02:43.258249,1,1,66.95,0.5,66.7,100,,,,,,,,,,,,,,,,,,,67.2,56,,,,,,,,,,,,,,,,,,
2026-06-30T01:02:43.277313+00:00,2026-06-30T11:02:43.267303,2,0,,,67.4,94,66.7,100,,,,,,,,,,,,,,,,,,,,,,,,,,,,,,,,,,,,
2026-06-30T01:02:43.342327+00:00,2026-06-30T11:02:43.340327,2,1,67.65,0.5,67.4,94,66.7,100,,,,,,,,,,,,,,,,,67.9,150,,,,,,,,,,,,,,,,,,
2026-06-30T01:02:44.562006+00:00,2026-06-30T11:02:44.554943,2,1,67.65,0.5,67.4,94,66.7,100,,,,,,,,,,,,,,,,,67.9,100,,,,,,,,,,,,,,,,,,
2026-06-30T01:02:45.758590+00:00,2026-06-30T11:02:45.755022,1,1,67.65,0.5,67.4,94,,,,,,,,,,,,,,,,,,,67.9,100,,,,,,,,,,,,,,,,,,
2026-06-30T01:02:45.802888+00:00,2026-06-30T11:02:45.798888,2,1,67.65,0.5,67.4,94,67.1,100,,,,,,,,,,,,,,,,,67.9,100,,,,,,,,,,,,,,,,,,
2026-06-30T01:02:45.813951+00:00,2026-06-30T11:02:45.811951,2,1,67.65,0.5,67.4,46,67.1,100,,,,,,,,,,,,,,,,,67.9,100,,,,,,,,,,,,,,,,,,
2026-06-30T01:02:45.857276+00:00,2026-06-30T11:02:45.851207,2,2,67.5,0.2,67.4,46,67.1,100,,,,,,,,,,,,,,,,,67.6,100,67.9,100,,,,,,,,,,,,,,,,
2026-06-30T01:02:46.402298+00:00,2026-06-30T11:02:46.394226,1,1,67.35,0.5,67.1,100,,,,,,,,,,,,,,,,,,,67.6,100,,,,,,,,,,,,,,,,,,
2026-06-30T01:02:46.456678+00:00,2026-06-30T11:02:46.446614,2,1,67.4,0.4,67.2,150,67.1,100,,,,,,,,,,,,,,,,,67.6,100,,,,,,,,,,,,,,,,,,
2026-06-30T01:02:46.510135+00:00,2026-06-30T11:02:46.500071,2,2,67.4,0.4,67.2,150,67.1,100,,,,,,,,,,,,,,,,,67.6,100,67.7,150,,,,,,,,,,,,,,,,
2026-06-30T01:02:46.663104+00:00,2026-06-30T11:02:46.656042,2,2,67.4,0.4,67.2,150,67.1,100,,,,,,,,,,,,,,,,,67.6,50,67.7,150,,,,,,,,,,,,,,,,
2026-06-30T01:02:47.359960+00:00,2026-06-30T11:02:47.354897,2,2,67.4,0.4,67.2,150,67.1,100,,,,,,,,,,,,,,,,,67.6,5,67.7,150,,,,,,,,,,,,,,,,
2026-06-30T01:02:48.762934+00:00,2026-06-30T11:02:48.759934,2,1,67.45,0.5,67.2,150,67.1,100,,,,,,,,,,,,,,,,,67.7,105,,,,,,,,,,,,,,,,,,
2026-06-30T01:02:48.915451+00:00,2026-06-30T11:02:48.904387,1,1,67.45,0.5,67.2,150,,,,,,,,,,,,,,,,,,,67.7,105,,,,,,,,,,,,,,,,,,
2026-06-30T01:02:48.957763+00:00,2026-06-30T11:02:48.956716,1,1,67.45,0.5,67.2,250,,,,,,,,,,,,,,,,,,,67.7,105,,,,,,,,,,,,,,,,,,
2026-06-30T01:02:49.012124+00:00,2026-06-30T11:02:49.009124,1,1,67.45,0.5,67.2,250,,,,,,,,,,,,,,,,,,,67.7,205,,,,,,,,,,,,,,,,,,
2026-06-30T01:02:49.557279+00:00,2026-06-30T11:02:49.557243,1,1,67.45,0.5,67.2,100,,,,,,,,,,,,,,,,,,,67.7,100,,,,,,,,,,,,,,,,,,
2026-06-30T01:02:49.610668+00:00,2026-06-30T11:02:49.608668,2,1,67.6,0.2,67.5,150,67.2,100,,,,,,,,,,,,,,,,,67.7,100,,,,,,,,,,,,,,,,,,
2026-06-30T01:02:49.665998+00:00,2026-06-30T11:02:49.660998,2,2,67.6,0.2,67.5,150,67.2,100,,,,,,,,,,,,,,,,,67.7,100,68.0,150,,,,,,,,,,,,,,,,
2026-06-30T01:02:50.417488+00:00,2026-06-30T11:02:50.413488,1,2,67.45,0.5,67.2,100,,,,,,,,,,,,,,,,,,,67.7,100,68.0,150,,,,,,,,,,,,,,,,
2026-06-30T01:02:50.928535+00:00,2026-06-30T11:02:50.918974,1,2,67.45,0.5,67.2,50,,,,,,,,,,,,,,,,,,,67.7,100,68.0,150,,,,,,,,,,,,,,,,
2026-06-30T01:02:52.069787+00:00,2026-06-30T11:02:52.064725,0,1,,,,,,,,,,,,,,,,,,,,,,,68.0,150,,,,,,,,,,,,,,,,,,
2026-06-30T01:02:52.125108+00:00,2026-06-30T11:02:52.117098,1,1,67.6,0.8,67.2,100,,,,,,,,,,,,,,,,,,,68.0,150,,,,,,,,,,,,,,,,,,
2026-06-30T01:02:52.177981+00:00,2026-06-30T11:02:52.169420,1,2,67.45,0.5,67.2,100,,,,,,,,,,,,,,,,,,,67.7,100,68.0,150,,,,,,,,,,,,,,,,
2026-06-30T01:02:52.722945+00:00,2026-06-30T11:02:52.714882,1,1,67.45,0.5,67.2,100,,,,,,,,,,,,,,,,,,,67.7,100,,,,,,,,,,,,,,,,,,
2026-06-30T01:02:52.767193+00:00,2026-06-30T11:02:52.766193,2,1,67.45,0.5,67.2,100,66.9,150,,,,,,,,,,,,,,,,,67.7,100,,,,,,,,,,,,,,,,,,
2026-06-30T01:02:52.820110+00:00,2026-06-30T11:02:52.819102,2,2,67.3,0.2,67.2,100,66.9,150,,,,,,,,,,,,,,,,,67.4,150,67.7,100,,,,,,,,,,,,,,,,
2026-06-30T01:02:52.982185+00:00,2026-06-30T11:02:52.974123,2,2,67.3,0.2,67.2,100,66.9,150,,,,,,,,,,,,,,,,,67.4,100,67.7,100,,,,,,,,,,,,,,,,
2026-06-30T01:02:53.916105+00:00,2026-06-30T11:02:53.915105,2,2,67.3,0.2,67.2,60,66.9,150,,,,,,,,,,,,,,,,,67.4,100,67.7,100,,,,,,,,,,,,,,,,
2026-06-30T01:02:54.437637+00:00,2026-06-30T11:02:54.429637,2,2,67.3,0.2,67.2,60,66.9,150,,,,,,,,,,,,,,,,,67.4,52,67.7,100,,,,,,,,,,,,,,,,
2026-06-30T01:02:55.088491+00:00,2026-06-30T11:02:55.084946,2,2,67.3,0.2,67.2,60,66.9,150,,,,,,,,,,,,,,,,,67.4,2,67.7,100,,,,,,,,,,,,,,,,
2026-06-30T01:02:55.229811+00:00,2026-06-30T11:02:55.223764,1,1,67.15,0.5,66.9,150,,,,,,,,,,,,,,,,,,,67.4,2,,,,,,,,,,,,,,,,,,
2026-06-30T01:02:55.285052+00:00,2026-06-30T11:02:55.275005,2,1,67.25,0.3,67.1,100,66.9,150,,,,,,,,,,,,,,,,,67.4,2,,,,,,,,,,,,,,,,,,
2026-06-30T01:02:55.338444+00:00,2026-06-30T11:02:55.327888,2,2,67.25,0.3,67.1,100,66.9,150,,,,,,,,,,,,,,,,,67.4,2,67.6,100,,,,,,,,,,,,,,,,
2026-06-30T01:02:55.883359+00:00,2026-06-30T11:02:55.874295,1,1,67.35,0.5,67.1,100,,,,,,,,,,,,,,,,,,,67.6,100,,,,,,,,,,,,,,,,,,
2026-06-30T01:02:55.894420+00:00,2026-06-30T11:02:55.884350,1,1,67.35,0.5,67.1,58,,,,,,,,,,,,,,,,,,,67.6,100,,,,,,,,,,,,,,,,,,
2026-06-30T01:02:55.927645+00:00,2026-06-30T11:02:55.926645,2,1,67.55,0.1,67.5,150,67.1,58,,,,,,,,,,,,,,,,,67.6,100,,,,,,,,,,,,,,,,,,
2026-06-30T01:02:55.992131+00:00,2026-06-30T11:02:55.983053,2,2,67.55,0.1,67.5,150,67.1,58,,,,,,,,,,,,,,,,,67.6,100,68.0,150,,,,,,,,,,,,,,,,
2026-06-30T01:02:56.866027+00:00,2026-06-30T11:02:56.856964,2,2,67.55,0.1,67.5,103,67.1,58,,,,,,,,,,,,,,,,,67.6,100,68.0,150,,,,,,,,,,,,,,,,
2026-06-30T01:02:57.191767+00:00,2026-06-30T11:02:57.190766,2,2,67.55,0.1,67.5,103,67.1,58,,,,,,,,,,,,,,,,,67.6,50,68.0,150,,,,,,,,,,,,,,,,
2026-06-30T01:02:57.507858+00:00,2026-06-30T11:02:57.506298,2,2,67.55,0.1,67.5,63,67.1,58,,,,,,,,,,,,,,,,,67.6,50,68.0,150,,,,,,,,,,,,,,,,
2026-06-30T01:02:57.975466+00:00,2026-06-30T11:02:57.968466,2,2,67.55,0.1,67.5,63,67.1,58,,,,,,,,,,,,,,,,,67.6,9,68.0,150,,,,,,,,,,,,,,,,
2026-06-30T01:02:58.388282+00:00,2026-06-30T11:02:58.382715,1,1,67.75,0.5,67.5,63,,,,,,,,,,,,,,,,,,,68.0,150,,,,,,,,,,,,,,,,,,
2026-06-30T01:02:58.465271+00:00,2026-06-30T11:02:58.456208,2,1,67.75,0.5,67.5,63,67.2,100,,,,,,,,,,,,,,,,,68.0,150,,,,,,,,,,,,,,,,,,
2026-06-30T01:02:58.518652+00:00,2026-06-30T11:02:58.509086,2,2,67.6,0.2,67.5,63,67.2,100,,,,,,,,,,,,,,,,,67.7,100,68.0,150,,,,,,,,,,,,,,,,
2026-06-30T01:02:59.062307+00:00,2026-06-30T11:02:59.055245,1,1,67.45,0.5,67.2,100,,,,,,,,,,,,,,,,,,,67.7,100,,,,,,,,,,,,,,,,,,
2026-06-30T01:02:59.117631+00:00,2026-06-30T11:02:59.107620,2,1,67.45,0.5,67.2,100,67.1,150,,,,,,,,,,,,,,,,,67.7,100,,,,,,,,,,,,,,,,,,
2026-06-30T01:02:59.159972+00:00,2026-06-30T11:02:59.158972,2,2,67.4,0.4,67.2,100,67.1,150,,,,,,,,,,,,,,,,,67.6,150,67.7,100,,,,,,,,,,,,,,,,
2026-06-30T01:02:59.312991+00:00,2026-06-30T11:02:59.301928,2,2,67.4,0.4,67.2,100,67.1,150,,,,,,,,,,,,,,,,,67.6,100,67.7,100,,,,,,,,,,,,,,,,
2026-06-30T01:03:01.463995+00:00,2026-06-30T11:03:01.462986,2,2,67.4,0.4,67.2,50,67.1,150,,,,,,,,,,,,,,,,,67.6,100,67.7,100,,,,,,,,,,,,,,,,
2026-06-30T01:03:01.573281+00:00,2026-06-30T11:03:01.563218,1,1,67.35,0.5,67.1,150,,,,,,,,,,,,,,,,,,,67.6,100,,,,,,,,,,,,,,,,,,
2026-06-30T01:03:01.617565+00:00,2026-06-30T11:03:01.615565,2,1,67.35,0.5,67.1,150,67.0,100,,,,,,,,,,,,,,,,,67.6,100,,,,,,,,,,,,,,,,,,
2026-06-30T01:03:01.678063+00:00,2026-06-30T11:03:01.668094,2,2,67.3,0.4,67.1,150,67.0,100,,,,,,,,,,,,,,,,,67.5,100,67.6,100,,,,,,,,,,,,,,,,
2026-06-30T01:03:01.842173+00:00,2026-06-30T11:03:01.837163,2,2,67.3,0.4,67.1,150,67.0,100,,,,,,,,,,,,,,,,,67.5,51,67.6,100,,,,,,,,,,,,,,,,
2026-06-30T01:03:02.221793+00:00,2026-06-30T11:03:02.212731,1,1,67.25,0.5,67.0,100,,,,,,,,,,,,,,,,,,,67.5,51,,,,,,,,,,,,,,,,,,
2026-06-30T01:03:02.266037+00:00,2026-06-30T11:03:02.265037,2,1,67.35,0.3,67.2,150,67.0,100,,,,,,,,,,,,,,,,,67.5,51,,,,,,,,,,,,,,,,,,
2026-06-30T01:03:02.318421+00:00,2026-06-30T11:03:02.316859,2,2,67.35,0.3,67.2,150,67.0,100,,,,,,,,,,,,,,,,,67.5,51,67.7,150,,,,,,,,,,,,,,,,
2026-06-30T01:03:03.384014+00:00,2026-06-30T11:03:03.379013,2,2,67.35,0.3,67.2,104,67.0,100,,,,,,,,,,,,,,,,,67.5,51,67.7,150,,,,,,,,,,,,,,,,
2026-06-30T01:03:03.578309+00:00,2026-06-30T11:03:03.567894,2,2,67.35,0.3,67.2,54,67.0,100,,,,,,,,,,,,,,,,,67.5,51,67.7,150,,,,,,,,,,,,,,,,
2026-06-30T01:03:04.728660+00:00,2026-06-30T11:03:04.723097,1,1,67.45,0.5,67.2,54,,,,,,,,,,,,,,,,,,,67.7,150,,,,,,,,,,,,,,,,,,
2026-06-30T01:03:04.795066+00:00,2026-06-30T11:03:04.784003,2,1,67.45,0.5,67.2,54,67.1,100,,,,,,,,,,,,,,,,,67.7,150,,,,,,,,,,,,,,,,,,
2026-06-30T01:03:04.838426+00:00,2026-06-30T11:03:04.828032,2,2,67.4,0.4,67.2,54,67.1,100,,,,,,,,,,,,,,,,,67.6,100,67.7,150,,,,,,,,,,,,,,,,
2026-06-30T01:03:04.957675+00:00,2026-06-30T11:03:04.950676,2,2,67.4,0.4,67.2,14,67.1,100,,,,,,,,,,,,,,,,,67.6,100,67.7,150,,,,,,,,,,,,,,,,
2026-06-30T01:03:05.382341+00:00,2026-06-30T11:03:05.372287,1,1,67.35,0.5,67.1,100,,,,,,,,,,,,,,,,,,,67.6,100,,,,,,,,,,,,,,,,,,
2026-06-30T01:03:05.426639+00:00,2026-06-30T11:03:05.423639,2,1,67.35,0.5,67.1,100,66.8,150,,,,,,,,,,,,,,,,,67.6,100,,,,,,,,,,,,,,,,,,
2026-06-30T01:03:05.479039+00:00,2026-06-30T11:03:05.477467,2,2,67.2,0.2,67.1,100,66.8,150,,,,,,,,,,,,,,,,,67.3,150,67.6,100,,,,,,,,,,,,,,,,
2026-06-30T01:03:05.674331+00:00,2026-06-30T11:03:05.673331,2,2,67.2,0.2,67.1,50,66.8,150,,,,,,,,,,,,,,,,,67.3,150,67.6,100,,,,,,,,,,,,,,,,
2026-06-30T01:03:07.781820+00:00,2026-06-30T11:03:07.780820,1,2,67.05,0.5,66.8,150,,,,,,,,,,,,,,,,,,,67.3,150,67.6,100,,,,,,,,,,,,,,,,
2026-06-30T01:03:07.890076+00:00,2026-06-30T11:03:07.881014,1,1,67.05,0.5,66.8,150,,,,,,,,,,,,,,,,,,,67.3,150,,,,,,,,,,,,,,,,,,
2026-06-30T01:03:07.934323+00:00,2026-06-30T11:03:07.932323,2,1,67.05,0.5,66.8,150,66.7,100,,,,,,,,,,,,,,,,,67.3,150,,,,,,,,,,,,,,,,,,
2026-06-30T01:03:07.988196+00:00,2026-06-30T11:03:07.984637,2,2,67.0,0.4,66.8,150,66.7,100,,,,,,,,,,,,,,,,,67.2,100,67.3,150,,,,,,,,,,,,,,,,
2026-06-30T01:03:08.532839+00:00,2026-06-30T11:03:08.529840,1,1,66.95,0.5,66.7,100,,,,,,,,,,,,,,,,,,,67.2,100,,,,,,,,,,,,,,,,,,
2026-06-30T01:03:08.587229+00:00,2026-06-30T11:03:08.583183,2,1,66.95,0.5,66.7,100,66.6,150,,,,,,,,,,,,,,,,,67.2,100,,,,,,,,,,,,,,,,,,
2026-06-30T01:03:08.641104+00:00,2026-06-30T11:03:08.636042,2,2,66.9,0.4,66.7,100,66.6,150,,,,,,,,,,,,,,,,,67.1,150,67.2,100,,,,,,,,,,,,,,,,
2026-06-30T01:03:09.900639+00:00,2026-06-30T11:03:09.890577,2,2,66.9,0.4,66.7,50,66.6,150,,,,,,,,,,,,,,,,,67.1,150,67.2,100,,,,,,,,,,,,,,,,
2026-06-30T01:03:11.046455+00:00,2026-06-30T11:03:11.039447,1,1,66.85,0.5,66.6,150,,,,,,,,,,,,,,,,,,,67.1,150,,,,,,,,,,,,,,,,,,
2026-06-30T01:03:11.098912+00:00,2026-06-30T11:03:11.092351,1,1,66.85,0.5,66.6,250,,,,,,,,,,,,,,,,,,,67.1,150,,,,,,,,,,,,,,,,,,
2026-06-30T01:03:11.165325+00:00,2026-06-30T11:03:11.159325,1,1,66.85,0.5,66.6,250,,,,,,,,,,,,,,,,,,,67.1,250,,,,,,,,,,,,,,,,,,
2026-06-30T01:03:11.697851+00:00,2026-06-30T11:03:11.690291,1,1,66.85,0.5,66.6,100,,,,,,,,,,,,,,,,,,,67.1,100,,,,,,,,,,,,,,,,,,
2026-06-30T01:03:11.752208+00:00,2026-06-30T11:03:11.742146,1,1,66.85,0.5,66.6,250,,,,,,,,,,,,,,,,,,,67.1,100,,,,,,,,,,,,,,,,,,
2026-06-30T01:03:11.796479+00:00,2026-06-30T11:03:11.794470,1,1,66.85,0.5,66.6,250,,,,,,,,,,,,,,,,,,,67.1,250,,,,,,,,,,,,,,,,,,
2026-06-30T01:03:11.947492+00:00,2026-06-30T11:03:11.943445,1,1,66.85,0.5,66.6,250,,,,,,,,,,,,,,,,,,,67.1,200,,,,,,,,,,,,,,,,,,
2026-06-30T01:03:12.652801+00:00,2026-06-30T11:03:12.641747,1,1,66.85,0.5,66.6,250,,,,,,,,,,,,,,,,,,,67.1,50,,,,,,,,,,,,,,,,,,
2026-06-30T01:03:13.537294+00:00,2026-06-30T11:03:13.529269,1,1,66.85,0.5,66.6,250,,,,,,,,,,,,,,,,,,,67.1,7,,,,,,,,,,,,,,,,,,
2026-06-30T01:03:14.059651+00:00,2026-06-30T11:03:14.049595,1,0,,,66.6,250,,,,,,,,,,,,,,,,,,,,,,,,,,,,,,,,,,,,,,
2026-06-30T01:03:14.223156+00:00,2026-06-30T11:03:14.212348,1,0,,,66.6,150,,,,,,,,,,,,,,,,,,,,,,,,,,,,,,,,,,,,,,
2026-06-30T01:03:14.267489+00:00,2026-06-30T11:03:14.264487,2,0,,,66.9,100,66.6,150,,,,,,,,,,,,,,,,,,,,,,,,,,,,,,,,,,,,
2026-06-30T01:03:14.320908+00:00,2026-06-30T11:03:14.315853,2,1,67.15,0.5,66.9,100,66.6,150,,,,,,,,,,,,,,,,,67.4,100,,,,,,,,,,,,,,,,,,
2026-06-30T01:03:14.855969+00:00,2026-06-30T11:03:14.853969,1,1,67.15,0.5,66.9,100,,,,,,,,,,,,,,,,,,,67.4,100,,,,,,,,,,,,,,,,,,
2026-06-30T01:03:14.909814+00:00,2026-06-30T11:03:14.899764,2,0,,,67.4,50,66.9,100,,,,,,,,,,,,,,,,,,,,,,,,,,,,,,,,,,,,
2026-06-30T01:03:14.954008+00:00,2026-06-30T11:03:14.953007,2,1,67.65,0.5,67.4,50,66.9,100,,,,,,,,,,,,,,,,,67.9,150,,,,,,,,,,,,,,,,,,
2026-06-30T01:03:16.018392+00:00,2026-06-30T11:03:16.014816,2,1,67.65,0.5,67.4,8,66.9,100,,,,,,,,,,,,,,,,,67.9,150,,,,,,,,,,,,,,,,,,
2026-06-30T01:03:16.158916+00:00,2026-06-30T11:03:16.156338,2,1,67.65,0.5,67.4,8,66.9,100,,,,,,,,,,,,,,,,,67.9,100,,,,,,,,,,,,,,,,,,
2026-06-30T01:03:17.376559+00:00,2026-06-30T11:03:17.369559,1,1,67.65,0.5,67.4,8,,,,,,,,,,,,,,,,,,,67.9,100,,,,,,,,,,,,,,,,,,
2026-06-30T01:03:17.428942+00:00,2026-06-30T11:03:17.422383,2,1,67.65,0.5,67.4,8,67.2,100,,,,,,,,,,,,,,,,,67.9,100,,,,,,,,,,,,,,,,,,
2026-06-30T01:03:17.484281+00:00,2026-06-30T11:03:17.475211,2,2,67.55,0.3,67.4,8,67.2,100,,,,,,,,,,,,,,,,,67.7,100,67.9,100,,,,,,,,,,,,,,,,
2026-06-30T01:03:17.831180+00:00,2026-06-30T11:03:17.829180,2,2,67.55,0.3,67.4,8,67.2,100,,,,,,,,,,,,,,,,,67.7,59,67.9,100,,,,,,,,,,,,,,,,
2026-06-30T01:03:18.017415+00:00,2026-06-30T11:03:18.008377,1,1,67.45,0.5,67.2,100,,,,,,,,,,,,,,,,,,,67.7,59,,,,,,,,,,,,,,,,,,
2026-06-30T01:03:18.068794+00:00,2026-06-30T11:03:18.060235,2,1,67.45,0.5,67.2,100,66.8,150,,,,,,,,,,,,,,,,,67.7,59,,,,,,,,,,,,,,,,,,
2026-06-30T01:03:18.124118+00:00,2026-06-30T11:03:18.113155,2,2,67.25,0.1,67.2,100,66.8,150,,,,,,,,,,,,,,,,,67.3,150,67.7,59,,,,,,,,,,,,,,,,
2026-06-30T01:03:18.266072+00:00,2026-06-30T11:03:18.265071,2,2,67.25,0.1,67.2,100,66.8,150,,,,,,,,,,,,,,,,,67.3,100,67.7,59,,,,,,,,,,,,,,,,
2026-06-30T01:03:18.900016+00:00,2026-06-30T11:03:18.891968,2,2,67.25,0.1,67.2,100,66.8,150,,,,,,,,,,,,,,,,,67.3,52,67.7,59,,,,,,,,,,,,,,,,
2026-06-30T01:03:18.944206+00:00,2026-06-30T11:03:18.944206,2,2,67.25,0.1,67.2,55,66.8,150,,,,,,,,,,,,,,,,,67.3,52,67.7,59,,,,,,,,,,,,,,,,
2026-06-30T01:03:20.383975+00:00,2026-06-30T11:03:20.373077,2,2,67.25,0.1,67.2,55,66.8,150,,,,,,,,,,,,,,,,,67.3,2,67.7,59,,,,,,,,,,,,,,,,
2026-06-30T01:03:20.536446+00:00,2026-06-30T11:03:20.531446,1,1,67.05,0.5,66.8,150,,,,,,,,,,,,,,,,,,,67.3,2,,,,,,,,,,,,,,,,,,
2026-06-30T01:03:20.589852+00:00,2026-06-30T11:03:20.582790,2,1,67.25,0.1,67.2,100,66.8,150,,,,,,,,,,,,,,,,,67.3,2,,,,,,,,,,,,,,,,,,
2026-06-30T01:03:20.645201+00:00,2026-06-30T11:03:20.636139,2,2,67.25,0.1,67.2,100,66.8,150,,,,,,,,,,,,,,,,,67.3,2,67.7,100,,,,,,,,,,,,,,,,
2026-06-30T01:03:20.698592+00:00,2026-06-30T11:03:20.689033,2,1,67.45,0.5,67.2,100,66.8,150,,,,,,,,,,,,,,,,,67.7,53,,,,,,,,,,,,,,,,,,
2026-06-30T01:03:21.177390+00:00,2026-06-30T11:03:21.167438,1,1,67.45,0.5,67.2,100,,,,,,,,,,,,,,,,,,,67.7,53,,,,,,,,,,,,,,,,,,
2026-06-30T01:03:21.220109+00:00,2026-06-30T11:03:21.219109,2,1,67.55,0.3,67.4,150,67.2,100,,,,,,,,,,,,,,,,,67.7,53,,,,,,,,,,,,,,,,,,
2026-06-30T01:03:21.275353+00:00,2026-06-30T11:03:21.272353,2,2,67.55,0.3,67.4,150,67.2,100,,,,,,,,,,,,,,,,,67.7,53,67.9,150,,,,,,,,,,,,,,,,
2026-06-30T01:03:22.480931+00:00,2026-06-30T11:03:22.477921,2,2,67.55,0.3,67.4,150,67.2,100,,,,,,,,,,,,,,,,,67.7,3,67.9,150,,,,,,,,,,,,,,,,
2026-06-30T01:03:23.699669+00:00,2026-06-30T11:03:23.696596,1,1,67.65,0.5,67.4,150,,,,,,,,,,,,,,,,,,,67.9,150,,,,,,,,,,,,,,,,,,
2026-06-30T01:03:23.743914+00:00,2026-06-30T11:03:23.742914,2,1,67.8,0.2,67.7,100,67.4,150,,,,,,,,,,,,,,,,,67.9,150,,,,,,,,,,,,,,,,,,
2026-06-30T01:03:23.754977+00:00,2026-06-30T11:03:23.747967,1,1,67.65,0.5,67.4,150,,,,,,,,,,,,,,,,,,,67.9,150,,,,,,,,,,,,,,,,,,
2026-06-30T01:03:23.797313+00:00,2026-06-30T11:03:23.796261,1,2,67.65,0.5,67.4,150,,,,,,,,,,,,,,,,,,,67.9,150,68.2,100,,,,,,,,,,,,,,,,
2026-06-30T01:03:24.328296+00:00,2026-06-30T11:03:24.324736,0,1,,,,,,,,,,,,,,,,,,,,,,,68.2,100,,,,,,,,,,,,,,,,,,
2026-06-30T01:03:24.383170+00:00,2026-06-30T11:03:24.377160,1,1,67.9,0.6,67.6,150,,,,,,,,,,,,,,,,,,,68.2,100,,,,,,,,,,,,,,,,,,
2026-06-30T01:03:24.416367+00:00,2026-06-30T11:03:24.411367,1,1,67.9,0.6,67.6,50,,,,,,,,,,,,,,,,,,,68.2,100,,,,,,,,,,,,,,,,,,
2026-06-30T01:03:24.438056+00:00,2026-06-30T11:03:24.430490,1,2,67.85,0.5,67.6,50,,,,,,,,,,,,,,,,,,,68.1,150,68.2,100,,,,,,,,,,,,,,,,
2026-06-30T01:03:24.590068+00:00,2026-06-30T11:03:24.584006,1,2,67.85,0.5,67.6,50,,,,,,,,,,,,,,,,,,,68.1,100,68.2,100,,,,,,,,,,,,,,,,
2026-06-30T01:03:25.859874+00:00,2026-06-30T11:03:25.848904,1,2,67.85,0.5,67.6,9,,,,,,,,,,,,,,,,,,,68.1,100,68.2,100,,,,,,,,,,,,,,,,
2026-06-30T01:03:26.698626+00:00,2026-06-30T11:03:26.694067,1,2,67.85,0.5,67.6,9,,,,,,,,,,,,,,,,,,,68.1,50,68.2,100,,,,,,,,,,,,,,,,
2026-06-30T01:03:26.861829+00:00,2026-06-30T11:03:26.857819,1,1,67.85,0.5,67.6,9,,,,,,,,,,,,,,,,,,,68.1,50,,,,,,,,,,,,,,,,,,
2026-06-30T01:03:26.927784+00:00,2026-06-30T11:03:26.921208,2,1,67.85,0.5,67.6,9,67.4,100,,,,,,,,,,,,,,,,,68.1,50,,,,,,,,,,,,,,,,,,
2026-06-30T01:03:26.992241+00:00,2026-06-30T11:03:26.988241,2,2,67.75,0.3,67.6,9,67.4,100,,,,,,,,,,,,,,,,,67.9,100,68.1,50,,,,,,,,,,,,,,,,
2026-06-30T01:03:27.492049+00:00,2026-06-30T11:03:27.485986,1,1,67.65,0.5,67.4,100,,,,,,,,,,,,,,,,,,,67.9,100,,,,,,,,,,,,,,,,,,
2026-06-30T01:03:27.547362+00:00,2026-06-30T11:03:27.538362,1,1,67.65,0.5,67.4,250,,,,,,,,,,,,,,,,,,,67.9,100,,,,,,,,,,,,,,,,,,
2026-06-30T01:03:27.600798+00:00,2026-06-30T11:03:27.591701,1,1,67.65,0.5,67.4,250,,,,,,,,,,,,,,,,,,,67.9,250,,,,,,,,,,,,,,,,,,
2026-06-30T01:03:28.276189+00:00,2026-06-30T11:03:28.266127,1,1,67.65,0.5,67.4,207,,,,,,,,,,,,,,,,,,,67.9,250,,,,,,,,,,,,,,,,,,
2026-06-30T01:03:28.860159+00:00,2026-06-30T11:03:28.857095,1,1,67.65,0.5,67.4,157,,,,,,,,,,,,,,,,,,,67.9,250,,,,,,,,,,,,,,,,,,
2026-06-30T01:03:29.437896+00:00,2026-06-30T11:03:29.434896,1,1,67.65,0.5,67.4,157,,,,,,,,,,,,,,,,,,,67.9,210,,,,,,,,,,,,,,,,,,
2026-06-30T01:03:30.035439+00:00,2026-06-30T11:03:30.028439,1,1,67.65,0.5,67.4,150,,,,,,,,,,,,,,,,,,,67.9,150,,,,,,,,,,,,,,,,,,
2026-06-30T01:03:30.089930+00:00,2026-06-30T11:03:30.079867,2,1,67.65,0.5,67.4,150,67.0,100,,,,,,,,,,,,,,,,,67.9,150,,,,,,,,,,,,,,,,,,
2026-06-30T01:03:30.134176+00:00,2026-06-30T11:03:30.132176,2,2,67.45,0.1,67.4,150,67.0,100,,,,,,,,,,,,,,,,,67.5,100,67.9,150,,,,,,,,,,,,,,,,
2026-06-30T01:03:30.459917+00:00,2026-06-30T11:03:30.458917,2,2,67.45,0.1,67.4,110,67.0,100,,,,,,,,,,,,,,,,,67.5,100,67.9,150,,,,,,,,,,,,,,,,
2026-06-30T01:03:30.646152+00:00,2026-06-30T11:03:30.646152,2,1,67.45,0.1,67.4,110,67.0,100,,,,,,,,,,,,,,,,,67.5,100,,,,,,,,,,,,,,,,,,
2026-06-30T01:03:30.657224+00:00,2026-06-30T11:03:30.648215,1,1,67.25,0.5,67.0,100,,,,,,,,,,,,,,,,,,,67.5,100,,,,,,,,,,,,,,,,,,
2026-06-30T01:03:30.710670+00:00,2026-06-30T11:03:30.700608,2,1,67.3,0.4,67.1,150,67.0,100,,,,,,,,,,,,,,,,,67.5,100,,,,,,,,,,,,,,,,,,
2026-06-30T01:03:30.754915+00:00,2026-06-30T11:03:30.752915,2,2,67.3,0.4,67.1,150,67.0,100,,,,,,,,,,,,,,,,,67.5,100,67.6,150,,,,,,,,,,,,,,,,
2026-06-30T01:03:30.972868+00:00,2026-06-30T11:03:30.965796,2,2,67.3,0.4,67.1,100,67.0,100,,,,,,,,,,,,,,,,,67.5,100,67.6,150,,,,,,,,,,,,,,,,
2026-06-30T01:03:33.197459+00:00,2026-06-30T11:03:33.188431,1,1,67.35,0.5,67.1,100,,,,,,,,,,,,,,,,,,,67.6,150,,,,,,,,,,,,,,,,,,
2026-06-30T01:03:33.251857+00:00,2026-06-30T11:03:33.240793,1,1,67.35,0.5,67.1,200,,,,,,,,,,,,,,,,,,,67.6,150,,,,,,,,,,,,,,,,,,
2026-06-30T01:03:33.296101+00:00,2026-06-30T11:03:33.293101,1,1,67.35,0.5,67.1,200,,,,,,,,,,,,,,,,,,,67.6,250,,,,,,,,,,,,,,,,,,
2026-06-30T01:03:33.807507+00:00,2026-06-30T11:03:33.806441,1,1,67.35,0.5,67.1,200,,,,,,,,,,,,,,,,,,,67.6,100,,,,,,,,,,,,,,,,,,
2026-06-30T01:03:33.818070+00:00,2026-06-30T11:03:33.808517,1,1,67.35,0.5,67.1,100,,,,,,,,,,,,,,,,,,,67.6,100,,,,,,,,,,,,,,,,,,
2026-06-30T01:03:33.861779+00:00,2026-06-30T11:03:33.859779,1,1,67.35,0.5,67.1,250,,,,,,,,,,,,,,,,,,,67.6,100,,,,,,,,,,,,,,,,,,
2026-06-30T01:03:33.917023+00:00,2026-06-30T11:03:33.912023,1,1,67.35,0.5,67.1,250,,,,,,,,,,,,,,,,,,,67.6,250,,,,,,,,,,,,,,,,,,
2026-06-30T01:03:35.137708+00:00,2026-06-30T11:03:35.127775,1,1,67.35,0.5,67.1,250,,,,,,,,,,,,,,,,,,,67.6,200,,,,,,,,,,,,,,,,,,
2026-06-30T01:03:35.332246+00:00,2026-06-30T11:03:35.325184,1,1,67.35,0.5,67.1,250,,,,,,,,,,,,,,,,,,,67.6,157,,,,,,,,,,,,,,,,,,
2026-06-30T01:03:36.346565+00:00,2026-06-30T11:03:36.345565,1,1,67.35,0.5,67.1,250,,,,,,,,,,,,,,,,,,,67.6,150,,,,,,,,,,,,,,,,,,
2026-06-30T01:03:36.357629+00:00,2026-06-30T11:03:36.347619,1,1,67.35,0.5,67.1,150,,,,,,,,,,,,,,,,,,,67.6,150,,,,,,,,,,,,,,,,,,
2026-06-30T01:03:36.411041+00:00,2026-06-30T11:03:36.399979,2,1,67.5,0.2,67.4,100,67.1,150,,,,,,,,,,,,,,,,,67.6,150,,,,,,,,,,,,,,,,,,
2026-06-30T01:03:36.455273+00:00,2026-06-30T11:03:36.452274,2,2,67.5,0.2,67.4,100,67.1,150,,,,,,,,,,,,,,,,,67.6,150,67.9,100,,,,,,,,,,,,,,,,
2026-06-30T01:03:36.967775+00:00,2026-06-30T11:03:36.967262,1,1,67.65,0.5,67.4,100,,,,,,,,,,,,,,,,,,,67.9,100,,,,,,,,,,,,,,,,,,
2026-06-30T01:03:37.022168+00:00,2026-06-30T11:03:37.019168,2,1,67.65,0.5,67.4,100,66.7,150,,,,,,,,,,,,,,,,,67.9,100,,,,,,,,,,,,,,,,,,
2026-06-30T01:03:37.077480+00:00,2026-06-30T11:03:37.072481,1,2,66.95,0.5,66.7,150,,,,,,,,,,,,,,,,,,,67.2,50,67.9,100,,,,,,,,,,,,,,,,
2026-06-30T01:03:37.240157+00:00,2026-06-30T11:03:37.233095,1,1,67.3,1.2,66.7,150,,,,,,,,,,,,,,,,,,,67.9,100,,,,,,,,,,,,,,,,,,
2026-06-30T01:03:39.394926+00:00,2026-06-30T11:03:39.391926,1,1,67.3,1.2,66.7,100,,,,,,,,,,,,,,,,,,,67.9,100,,,,,,,,,,,,,,,,,,
2026-06-30T01:03:39.512318+00:00,2026-06-30T11:03:39.505264,1,0,,,66.7,100,,,,,,,,,,,,,,,,,,,,,,,,,,,,,,,,,,,,,,
2026-06-30T01:03:39.567641+00:00,2026-06-30T11:03:39.558641,2,0,,,67.0,100,66.7,100,,,,,,,,,,,,,,,,,,,,,,,,,,,,,,,,,,,,
2026-06-30T01:03:39.621103+00:00,2026-06-30T11:03:39.616032,2,1,67.25,0.5,67.0,100,66.7,100,,,,,,,,,,,,,,,,,67.5,100,,,,,,,,,,,,,,,,,,
2026-06-30T01:03:40.132033+00:00,2026-06-30T11:03:40.126968,1,1,67.25,0.5,67.0,100,,,,,,,,,,,,,,,,,,,67.5,100,,,,,,,,,,,,,,,,,,
2026-06-30T01:03:40.187353+00:00,2026-06-30T11:03:40.179353,2,1,67.4,0.2,67.3,150,67.0,100,,,,,,,,,,,,,,,,,67.5,100,,,,,,,,,,,,,,,,,,
2026-06-30T01:03:40.240792+00:00,2026-06-30T11:03:40.230729,2,2,67.4,0.2,67.3,150,67.0,100,,,,,,,,,,,,,,,,,67.5,100,67.8,150,,,,,,,,,,,,,,,,
2026-06-30T01:03:42.685187+00:00,2026-06-30T11:03:42.675124,1,1,67.55,0.5,67.3,150,,,,,,,,,,,,,,,,,,,67.8,150,,,,,,,,,,,,,,,,,,
2026-06-30T01:03:42.728573+00:00,2026-06-30T11:03:42.722987,2,1,67.55,0.5,67.3,150,67.0,100,,,,,,,,,,,,,,,,,67.8,150,,,,,,,,,,,,,,,,,,
2026-06-30T01:03:42.783910+00:00,2026-06-30T11:03:42.778910,2,2,67.4,0.2,67.3,150,67.0,100,,,,,,,,,,,,,,,,,67.5,100,67.8,150,,,,,,,,,,,,,,,,
2026-06-30T01:03:43.295429+00:00,2026-06-30T11:03:43.287418,1,1,67.25,0.5,67.0,100,,,,,,,,,,,,,,,,,,,67.5,100,,,,,,,,,,,,,,,,,,
2026-06-30T01:03:43.348804+00:00,2026-06-30T11:03:43.338353,2,1,67.3,0.4,67.1,150,67.0,100,,,,,,,,,,,,,,,,,67.5,100,,,,,,,,,,,,,,,,,,
2026-06-30T01:03:43.393069+00:00,2026-06-30T11:03:43.391069,2,2,67.3,0.4,67.1,150,67.0,100,,,,,,,,,,,,,,,,,67.5,100,67.6,150,,,,,,,,,,,,,,,,
2026-06-30T01:03:43.610059+00:00,2026-06-30T11:03:43.609058,2,2,67.3,0.4,67.1,100,67.0,100,,,,,,,,,,,,,,,,,67.5,100,67.6,150,,,,,,,,,,,,,,,,
2026-06-30T01:03:44.297215+00:00,2026-06-30T11:03:44.289207,2,2,67.3,0.4,67.1,54,67.0,100,,,,,,,,,,,,,,,,,67.5,100,67.6,150,,,,,,,,,,,,,,,,
2026-06-30T01:03:45.744979+00:00,2026-06-30T11:03:45.737969,2,2,67.3,0.4,67.1,4,67.0,100,,,,,,,,,,,,,,,,,67.5,100,67.6,150,,,,,,,,,,,,,,,,
2026-06-30T01:03:45.830115+00:00,2026-06-30T11:03:45.829115,2,1,67.35,0.5,67.1,4,67.0,100,,,,,,,,,,,,,,,,,67.6,150,,,,,,,,,,,,,,,,,,
2026-06-30T01:03:45.841179+00:00,2026-06-30T11:03:45.831116,1,1,67.35,0.5,67.1,4,,,,,,,,,,,,,,,,,,,67.6,150,,,,,,,,,,,,,,,,,,
2026-06-30T01:03:45.884568+00:00,2026-06-30T11:03:45.883561,2,1,67.35,0.5,67.1,4,67.0,100,,,,,,,,,,,,,,,,,67.6,150,,,,,,,,,,,,,,,,,,
2026-06-30T01:03:45.938254+00:00,2026-06-30T11:03:45.935692,2,2,67.3,0.4,67.1,4,67.0,100,,,,,,,,,,,,,,,,,67.5,100,67.6,150,,,,,,,,,,,,,,,,
2026-06-30T01:03:46.448474+00:00,2026-06-30T11:03:46.446897,1,1,67.25,0.5,67.0,100,,,,,,,,,,,,,,,,,,,67.5,100,,,,,,,,,,,,,,,,,,
2026-06-30T01:03:46.503334+00:00,2026-06-30T11:03:46.500334,2,1,67.25,0.5,67.0,100,66.7,150,,,,,,,,,,,,,,,,,67.5,100,,,,,,,,,,,,,,,,,,
2026-06-30T01:03:46.558201+00:00,2026-06-30T11:03:46.555638,2,2,67.1,0.2,67.0,100,66.7,150,,,,,,,,,,,,,,,,,67.2,150,67.5,100,,,,,,,,,,,,,,,,
2026-06-30T01:03:46.777117+00:00,2026-06-30T11:03:46.766166,2,2,67.1,0.2,67.0,100,66.7,150,,,,,,,,,,,,,,,,,67.2,104,67.5,100,,,,,,,,,,,,,,,,
2026-06-30T01:03:47.798041+00:00,2026-06-30T11:03:47.789013,2,2,67.1,0.2,67.0,100,66.7,150,,,,,,,,,,,,,,,,,67.2,54,67.5,100,,,,,,,,,,,,,,,,
2026-06-30T01:03:48.998102+00:00,2026-06-30T11:03:48.989543,1,1,66.95,0.5,66.7,150,,,,,,,,,,,,,,,,,,,67.2,54,,,,,,,,,,,,,,,,,,
2026-06-30T01:03:49.041883+00:00,2026-06-30T11:03:49.040883,2,1,67.15,0.1,67.1,100,66.7,150,,,,,,,,,,,,,,,,,67.2,54,,,,,,,,,,,,,,,,,,
2026-06-30T01:03:49.097213+00:00,2026-06-30T11:03:49.092213,2,2,67.15,0.1,67.1,100,66.7,150,,,,,,,,,,,,,,,,,67.2,54,67.6,100,,,,,,,,,,,,,,,,
2026-06-30T01:03:49.293164+00:00,2026-06-30T11:03:49.289164,2,2,67.15,0.1,67.1,57,66.7,150,,,,,,,,,,,,,,,,,67.2,54,67.6,100,,,,,,,,,,,,,,,,
2026-06-30T01:03:49.608735+00:00,2026-06-30T11:03:49.607787,1,1,67.35,0.5,67.1,57,,,,,,,,,,,,,,,,,,,67.6,100,,,,,,,,,,,,,,,,,,
2026-06-30T01:03:49.663556+00:00,2026-06-30T11:03:49.660557,1,1,67.35,0.5,67.1,207,,,,,,,,,,,,,,,,,,,67.6,100,,,,,,,,,,,,,,,,,,
2026-06-30T01:03:49.717892+00:00,2026-06-30T11:03:49.712865,1,1,67.35,0.5,67.1,207,,,,,,,,,,,,,,,,,,,67.6,250,,,,,,,,,,,,,,,,,,
2026-06-30T01:03:51.478606+00:00,2026-06-30T11:03:51.474046,1,1,67.35,0.5,67.1,207,,,,,,,,,,,,,,,,,,,67.6,201,,,,,,,,,,,,,,,,,,
2026-06-30T01:03:52.044357+00:00,2026-06-30T11:03:52.033295,1,1,67.35,0.5,67.1,163,,,,,,,,,,,,,,,,,,,67.6,201,,,,,,,,,,,,,,,,,,
2026-06-30T01:03:52.055423+00:00,2026-06-30T11:03:52.049415,1,1,67.35,0.5,67.1,113,,,,,,,,,,,,,,,,,,,67.6,201,,,,,,,,,,,,,,,,,,
2026-06-30T01:03:52.152093+00:00,2026-06-30T11:03:52.146030,1,1,67.35,0.5,67.1,113,,,,,,,,,,,,,,,,,,,67.6,150,,,,,,,,,,,,,,,,,,
2026-06-30T01:03:52.206498+00:00,2026-06-30T11:03:52.198498,2,1,67.35,0.5,67.1,113,66.8,100,,,,,,,,,,,,,,,,,67.6,150,,,,,,,,,,,,,,,,,,
2026-06-30T01:03:52.258911+00:00,2026-06-30T11:03:52.251345,2,2,67.2,0.2,67.1,113,66.8,100,,,,,,,,,,,,,,,,,67.3,100,67.6,150,,,,,,,,,,,,,,,,
2026-06-30T01:03:52.640010+00:00,2026-06-30T11:03:52.630946,2,2,67.2,0.2,67.1,113,66.8,100,,,,,,,,,,,,,,,,,67.3,55,67.6,150,,,,,,,,,,,,,,,,
2026-06-30T01:03:52.770885+00:00,2026-06-30T11:03:52.767875,1,1,67.05,0.5,66.8,100,,,,,,,,,,,,,,,,,,,67.3,55,,,,,,,,,,,,,,,,,,
2026-06-30T01:03:52.826192+00:00,2026-06-30T11:03:52.820192,2,1,67.1,0.4,66.9,150,66.8,100,,,,,,,,,,,,,,,,,67.3,55,,,,,,,,,,,,,,,,,,
2026-06-30T01:03:52.879086+00:00,2026-06-30T11:03:52.872522,2,2,67.1,0.4,66.9,150,66.8,100,,,,,,,,,,,,,,,,,67.3,55,67.4,150,,,,,,,,,,,,,,,,
2026-06-30T01:03:54.168777+00:00,2026-06-30T11:03:54.164187,2,2,67.1,0.4,66.9,100,66.8,100,,,,,,,,,,,,,,,,,67.3,55,67.4,150,,,,,,,,,,,,,,,,
2026-06-30T01:03:54.727481+00:00,2026-06-30T11:03:54.722481,2,2,67.1,0.4,66.9,100,66.8,100,,,,,,,,,,,,,,,,,67.3,15,67.4,150,,,,,,,,,,,,,,,,
2026-06-30T01:03:54.792050+00:00,2026-06-30T11:03:54.789042,2,2,67.1,0.4,66.9,56,66.8,100,,,,,,,,,,,,,,,,,67.3,15,67.4,150,,,,,,,,,,,,,,,,
2026-06-30T01:03:55.315607+00:00,2026-06-30T11:03:55.305947,1,1,67.15,0.5,66.9,56,,,,,,,,,,,,,,,,,,,67.4,150,,,,,,,,,,,,,,,,,,
2026-06-30T01:03:55.378778+00:00,2026-06-30T11:03:55.369210,2,1,67.25,0.3,67.1,100,66.9,56,,,,,,,,,,,,,,,,,67.4,150,,,,,,,,,,,,,,,,,,
2026-06-30T01:03:55.445145+00:00,2026-06-30T11:03:55.437145,2,2,67.25,0.3,67.1,100,66.9,56,,,,,,,,,,,,,,,,,67.4,150,67.6,100,,,,,,,,,,,,,,,,
2026-06-30T01:03:55.935875+00:00,2026-06-30T11:03:55.927865,1,1,67.35,0.5,67.1,100,,,,,,,,,,,,,,,,,,,67.6,100,,,,,,,,,,,,,,,,,,
2026-06-30T01:03:56.013396+00:00,2026-06-30T11:03:56.008396,2,1,67.35,0.5,67.1,100,66.4,150,,,,,,,,,,,,,,,,,67.6,100,,,,,,,,,,,,,,,,,,
2026-06-30T01:03:56.057642+00:00,2026-06-30T11:03:56.056642,1,2,66.65,0.5,66.4,150,,,,,,,,,,,,,,,,,,,66.9,50,67.6,100,,,,,,,,,,,,,,,,
2026-06-30T01:03:56.229886+00:00,2026-06-30T11:03:56.219822,1,1,67.0,1.2,66.4,150,,,,,,,,,,,,,,,,,,,67.6,100,,,,,,,,,,,,,,,,,,
2026-06-30T01:03:57.234071+00:00,2026-06-30T11:03:57.223004,1,1,67.0,1.2,66.4,150,,,,,,,,,,,,,,,,,,,67.6,54,,,,,,,,,,,,,,,,,,
2026-06-30T01:03:58.497427+00:00,2026-06-30T11:03:58.487465,1,0,,,66.4,150,,,,,,,,,,,,,,,,,,,,,,,,,,,,,,,,,,,,,,
2026-06-30T01:03:58.551701+00:00,2026-06-30T11:03:58.540653,2,0,,,66.9,100,66.4,150,,,,,,,,,,,,,,,,,,,,,,,,,,,,,,,,,,,,
2026-06-30T01:03:58.595941+00:00,2026-06-30T11:03:58.592941,2,1,67.15,0.5,66.9,100,66.4,150,,,,,,,,,,,,,,,,,67.4,100,,,,,,,,,,,,,,,,,,
2026-06-30T01:03:59.118393+00:00,2026-06-30T11:03:59.110834,1,1,67.15,0.5,66.9,100,,,,,,,,,,,,,,,,,,,67.4,100,,,,,,,,,,,,,,,,,,
2026-06-30T01:03:59.173237+00:00,2026-06-30T11:03:59.164174,2,1,67.35,0.1,67.3,150,66.9,100,,,,,,,,,,,,,,,,,67.4,100,,,,,,,,,,,,,,,,,,
2026-06-30T01:03:59.217482+00:00,2026-06-30T11:03:59.216483,2,2,67.35,0.1,67.3,150,66.9,100,,,,,,,,,,,,,,,,,67.4,100,67.8,150,,,,,,,,,,,,,,,,
2026-06-30T01:04:01.650159+00:00,2026-06-30T11:04:01.648149,1,1,67.55,0.5,67.3,150,,,,,,,,,,,,,,,,,,,67.8,150,,,,,,,,,,,,,,,,,,
2026-06-30T01:04:01.705496+00:00,2026-06-30T11:04:01.700496,2,1,67.55,0.5,67.3,150,67.0,100,,,,,,,,,,,,,,,,,67.8,150,,,,,,,,,,,,,,,,,,
2026-06-30T01:04:01.758899+00:00,2026-06-30T11:04:01.754340,2,2,67.4,0.2,67.3,150,67.0,100,,,,,,,,,,,,,,,,,67.5,100,67.8,150,,,,,,,,,,,,,,,,
2026-06-30T01:04:02.280942+00:00,2026-06-30T11:04:02.271880,1,1,67.25,0.5,67.0,100,,,,,,,,,,,,,,,,,,,67.5,100,,,,,,,,,,,,,,,,,,
2026-06-30T01:04:02.325192+00:00,2026-06-30T11:04:02.324192,2,1,67.35,0.3,67.2,150,67.0,100,,,,,,,,,,,,,,,,,67.5,100,,,,,,,,,,,,,,,,,,
2026-06-30T01:04:02.378619+00:00,2026-06-30T11:04:02.376055,2,2,67.35,0.3,67.2,150,67.0,100,,,,,,,,,,,,,,,,,67.5,100,67.7,150,,,,,,,,,,,,,,,,
2026-06-30T01:04:04.701757+00:00,2026-06-30T11:04:04.696695,2,2,67.35,0.3,67.2,100,67.0,100,,,,,,,,,,,,,,,,,67.5,100,67.7,150,,,,,,,,,,,,,,,,
2026-06-30T01:04:04.809987+00:00,2026-06-30T11:04:04.807977,1,1,67.45,0.5,67.2,100,,,,,,,,,,,,,,,,,,,67.7,150,,,,,,,,,,,,,,,,,,
2026-06-30T01:04:04.865317+00:00,2026-06-30T11:04:04.861309,2,1,67.45,0.5,67.2,100,66.9,100,,,,,,,,,,,,,,,,,67.7,150,,,,,,,,,,,,,,,,,,
2026-06-30T01:04:04.918695+00:00,2026-06-30T11:04:04.915135,2,2,67.3,0.2,67.2,100,66.9,100,,,,,,,,,,,,,,,,,67.4,100,67.7,150,,,,,,,,,,,,,,,,
2026-06-30T01:04:05.438864+00:00,2026-06-30T11:04:05.434302,1,1,67.15,0.5,66.9,100,,,,,,,,,,,,,,,,,,,67.4,100,,,,,,,,,,,,,,,,,,
2026-06-30T01:04:05.494217+00:00,2026-06-30T11:04:05.485153,2,1,67.2,0.4,67.0,150,66.9,100,,,,,,,,,,,,,,,,,67.4,100,,,,,,,,,,,,,,,,,,
2026-06-30T01:04:05.547591+00:00,2026-06-30T11:04:05.538545,2,2,67.2,0.4,67.0,150,66.9,100,,,,,,,,,,,,,,,,,67.4,100,67.5,150,,,,,,,,,,,,,,,,
2026-06-30T01:04:06.753205+00:00,2026-06-30T11:04:06.750204,2,2,67.2,0.4,67.0,150,66.9,100,,,,,,,,,,,,,,,,,67.4,50,67.5,150,,,,,,,,,,,,,,,,
2026-06-30T01:04:07.406109+00:00,2026-06-30T11:04:07.395046,2,2,67.2,0.4,67.0,105,66.9,100,,,,,,,,,,,,,,,,,67.4,50,67.5,150,,,,,,,,,,,,,,,,
2026-06-30T01:04:07.969853+00:00,2026-06-30T11:04:07.968853,1,1,67.25,0.5,67.0,105,,,,,,,,,,,,,,,,,,,67.5,150,,,,,,,,,,,,,,,,,,
2026-06-30T01:04:08.036240+00:00,2026-06-30T11:04:08.032241,2,1,67.3,0.4,67.1,100,67.0,105,,,,,,,,,,,,,,,,,67.5,150,,,,,,,,,,,,,,,,,,
2026-06-30T01:04:08.100704+00:00,2026-06-30T11:04:08.091648,2,2,67.3,0.4,67.1,100,67.0,105,,,,,,,,,,,,,,,,,67.5,150,67.6,100,,,,,,,,,,,,,,,,
2026-06-30T01:04:08.601005+00:00,2026-06-30T11:04:08.591943,1,1,67.35,0.5,67.1,100,,,,,,,,,,,,,,,,,,,67.6,100,,,,,,,,,,,,,,,,,,
2026-06-30T01:04:08.645284+00:00,2026-06-30T11:04:08.644284,2,1,67.35,0.5,67.1,100,66.8,150,,,,,,,,,,,,,,,,,67.6,100,,,,,,,,,,,,,,,,,,
2026-06-30T01:04:08.698704+00:00,2026-06-30T11:04:08.697144,2,2,67.2,0.2,67.1,100,66.8,150,,,,,,,,,,,,,,,,,67.3,150,67.6,100,,,,,,,,,,,,,,,,
2026-06-30T01:04:08.862331+00:00,2026-06-30T11:04:08.857320,2,2,67.2,0.2,67.1,100,66.8,150,,,,,,,,,,,,,,,,,67.3,100,67.6,100,,,,,,,,,,,,,,,,
2026-06-30T01:04:10.306418+00:00,2026-06-30T11:04:10.297408,2,1,67.35,0.5,67.1,100,66.8,150,,,,,,,,,,,,,,,,,67.6,100,,,,,,,,,,,,,,,,,,
2026-06-30T01:04:10.968036+00:00,2026-06-30T11:04:10.961477,2,1,67.35,0.5,67.1,100,66.8,150,,,,,,,,,,,,,,,,,67.6,50,,,,,,,,,,,,,,,,,,
2026-06-30T01:04:11.143198+00:00,2026-06-30T11:04:11.140199,1,0,,,66.8,150,,,,,,,,,,,,,,,,,,,,,,,,,,,,,,,,,,,,,,
2026-06-30T01:04:11.197542+00:00,2026-06-30T11:04:11.192516,2,0,,,67.6,100,66.8,150,,,,,,,,,,,,,,,,,,,,,,,,,,,,,,,,,,,,
2026-06-30T01:04:11.251930+00:00,2026-06-30T11:04:11.244868,2,1,67.85,0.5,67.6,100,66.8,150,,,,,,,,,,,,,,,,,68.1,100,,,,,,,,,,,,,,,,,,
2026-06-30T01:04:11.758840+00:00,2026-06-30T11:04:11.751280,1,1,67.85,0.5,67.6,100,,,,,,,,,,,,,,,,,,,68.1,100,,,,,,,,,,,,,,,,,,
2026-06-30T01:04:11.814206+00:00,2026-06-30T11:04:11.803283,1,1,67.85,0.5,67.6,250,,,,,,,,,,,,,,,,,,,68.1,100,,,,,,,,,,,,,,,,,,
2026-06-30T01:04:11.867538+00:00,2026-06-30T11:04:11.858512,1,1,67.85,0.5,67.6,250,,,,,,,,,,,,,,,,,,,68.1,250,,,,,,,,,,,,,,,,,,
2026-06-30T01:04:13.069662+00:00,2026-06-30T11:04:13.067652,1,1,67.85,0.5,67.6,250,,,,,,,,,,,,,,,,,,,68.1,200,,,,,,,,,,,,,,,,,,
2026-06-30T01:04:14.300652+00:00,2026-06-30T11:04:14.297651,1,1,67.85,0.5,67.6,150,,,,,,,,,,,,,,,,,,,68.1,150,,,,,,,,,,,,,,,,,,
2026-06-30T01:04:14.355968+00:00,2026-06-30T11:04:14.350968,2,1,67.9,0.4,67.7,100,67.6,150,,,,,,,,,,,,,,,,,68.1,150,,,,,,,,,,,,,,,,,,
2026-06-30T01:04:14.408864+00:00,2026-06-30T11:04:14.405293,2,2,67.9,0.4,67.7,100,67.6,150,,,,,,,,,,,,,,,,,68.1,150,68.2,100,,,,,,,,,,,,,,,,
2026-06-30T01:04:14.910724+00:00,2026-06-30T11:04:14.908725,2,1,67.95,0.5,67.7,100,67.6,150,,,,,,,,,,,,,,,,,68.2,100,,,,,,,,,,,,,,,,,,
2026-06-30T01:04:14.921787+00:00,2026-06-30T11:04:14.911725,1,1,67.95,0.5,67.7,100,,,,,,,,,,,,,,,,,,,68.2,100,,,,,,,,,,,,,,,,,,
2026-06-30T01:04:14.966034+00:00,2026-06-30T11:04:14.964034,1,1,67.95,0.5,67.7,250,,,,,,,,,,,,,,,,,,,68.2,100,,,,,,,,,,,,,,,,,,
2026-06-30T01:04:15.030023+00:00,2026-06-30T11:04:15.022960,1,1,67.95,0.5,67.7,250,,,,,,,,,,,,,,,,,,,68.2,250,,,,,,,,,,,,,,,,,,
2026-06-30T01:04:15.226220+00:00,2026-06-30T11:04:15.225220,1,1,67.95,0.5,67.7,200,,,,,,,,,,,,,,,,,,,68.2,250,,,,,,,,,,,,,,,,,,
2026-06-30T01:04:17.289873+00:00,2026-06-30T11:04:17.280810,1,1,67.95,0.5,67.7,200,,,,,,,,,,,,,,,,,,,68.2,200,,,,,,,,,,,,,,,,,,
2026-06-30T01:04:17.466012+00:00,2026-06-30T11:04:17.458002,1,1,67.95,0.5,67.7,150,,,,,,,,,,,,,,,,,,,68.2,150,,,,,,,,,,,,,,,,,,
2026-06-30T01:04:17.518911+00:00,2026-06-30T11:04:17.510350,2,1,68.05,0.3,67.9,100,67.7,150,,,,,,,,,,,,,,,,,68.2,150,,,,,,,,,,,,,,,,,,
2026-06-30T01:04:17.574243+00:00,2026-06-30T11:04:17.563180,2,2,68.05,0.3,67.9,100,67.7,150,,,,,,,,,,,,,,,,,68.2,150,68.4,100,,,,,,,,,,,,,,,,
2026-06-30T01:04:18.074104+00:00,2026-06-30T11:04:18.071095,1,1,68.15,0.5,67.9,100,,,,,,,,,,,,,,,,,,,68.4,100,,,,,,,,,,,,,,,,,,
2026-06-30T01:04:18.127972+00:00,2026-06-30T11:04:18.122413,1,1,68.15,0.5,67.9,250,,,,,,,,,,,,,,,,,,,68.4,100,,,,,,,,,,,,,,,,,,
2026-06-30T01:04:18.182844+00:00,2026-06-30T11:04:18.174752,1,1,68.15,0.5,67.9,250,,,,,,,,,,,,,,,,,,,68.4,250,,,,,,,,,,,,,,,,,,
2026-06-30T01:04:19.019813+00:00,2026-06-30T11:04:19.016763,1,1,68.15,0.5,67.9,150,,,,,,,,,,,,,,,,,,,68.4,250,,,,,,,,,,,,,,,,,,
2026-06-30T01:04:19.443162+00:00,2026-06-30T11:04:19.439161,1,1,68.15,0.5,67.9,100,,,,,,,,,,,,,,,,,,,68.4,250,,,,,,,,,,,,,,,,,,
2026-06-30T01:04:20.618712+00:00,2026-06-30T11:04:20.617152,1,1,68.15,0.5,67.9,100,,,,,,,,,,,,,,,,,,,68.4,150,,,,,,,,,,,,,,,,,,
2026-06-30T01:04:20.674093+00:00,2026-06-30T11:04:20.671084,2,1,68.15,0.5,67.9,100,67.6,100,,,,,,,,,,,,,,,,,68.4,150,,,,,,,,,,,,,,,,,,
2026-06-30T01:04:20.728468+00:00,2026-06-30T11:04:20.721924,2,2,68.0,0.2,67.9,100,67.6,100,,,,,,,,,,,,,,,,,68.1,100,68.4,150,,,,,,,,,,,,,,,,
2026-06-30T01:04:21.022812+00:00,2026-06-30T11:04:21.014749,2,2,68.0,0.2,67.9,54,67.6,100,,,,,,,,,,,,,,,,,68.1,100,68.4,150,,,,,,,,,,,,,,,,
2026-06-30T01:04:21.239848+00:00,2026-06-30T11:04:21.229774,1,1,67.85,0.5,67.6,100,,,,,,,,,,,,,,,,,,,68.1,100,,,,,,,,,,,,,,,,,,
2026-06-30T01:04:21.284121+00:00,2026-06-30T11:04:21.281121,2,1,67.85,0.5,67.6,100,67.5,150,,,,,,,,,,,,,,,,,68.1,100,,,,,,,,,,,,,,,,,,
2026-06-30T01:04:21.337995+00:00,2026-06-30T11:04:21.332436,2,2,67.8,0.4,67.6,100,67.5,150,,,,,,,,,,,,,,,,,68.0,150,68.1,100,,,,,,,,,,,,,,,,
2026-06-30T01:04:21.556397+00:00,2026-06-30T11:04:21.551397,2,2,67.8,0.4,67.6,50,67.5,150,,,,,,,,,,,,,,,,,68.0,150,68.1,100,,,,,,,,,,,,,,,,
2026-06-30T01:04:22.087518+00:00,2026-06-30T11:04:22.076568,2,2,67.8,0.4,67.6,50,67.5,150,,,,,,,,,,,,,,,,,68.0,106,68.1,100,,,,,,,,,,,,,,,,
2026-06-30T01:04:22.652898+00:00,2026-06-30T11:04:22.643836,2,2,67.8,0.4,67.6,5,67.5,150,,,,,,,,,,,,,,,,,68.0,106,68.1,100,,,,,,,,,,,,,,,,
2026-06-30T01:04:23.660094+00:00,2026-06-30T11:04:23.652032,1,2,67.75,0.5,67.5,105,,,,,,,,,,,,,,,,,,,68.0,106,68.1,100,,,,,,,,,,,,,,,,
2026-06-30T01:04:23.801054+00:00,2026-06-30T11:04:23.794984,1,1,67.75,0.5,67.5,105,,,,,,,,,,,,,,,,,,,68.0,106,,,,,,,,,,,,,,,,,,
2026-06-30T01:04:23.856369+00:00,2026-06-30T11:04:23.849369,2,1,67.75,0.5,67.5,105,67.2,100,,,,,,,,,,,,,,,,,68.0,106,,,,,,,,,,,,,,,,,,
2026-06-30T01:04:23.909785+00:00,2026-06-30T11:04:23.900710,2,2,67.6,0.2,67.5,105,67.2,100,,,,,,,,,,,,,,,,,67.7,100,68.0,106,,,,,,,,,,,,,,,,
2026-06-30T01:04:24.398070+00:00,2026-06-30T11:04:24.395510,1,1,67.45,0.5,67.2,100,,,,,,,,,,,,,,,,,,,67.7,100,,,,,,,,,,,,,,,,,,
2026-06-30T01:04:24.441848+00:00,2026-06-30T11:04:24.441848,2,1,67.55,0.3,67.4,150,67.2,100,,,,,,,,,,,,,,,,,67.7,100,,,,,,,,,,,,,,,,,,
2026-06-30T01:04:24.497164+00:00,2026-06-30T11:04:24.494164,2,2,67.55,0.3,67.4,150,67.2,100,,,,,,,,,,,,,,,,,67.7,100,67.9,150,,,,,,,,,,,,,,,,
2026-06-30T01:04:25.768899+00:00,2026-06-30T11:04:25.758467,2,2,67.55,0.3,67.4,100,67.2,100,,,,,,,,,,,,,,,,,67.7,100,67.9,150,,,,,,,,,,,,,,,,
2026-06-30T01:04:26.958247+00:00,2026-06-30T11:04:26.955687,1,1,67.65,0.5,67.4,100,,,,,,,,,,,,,,,,,,,67.9,150,,,,,,,,,,,,,,,,,,
2026-06-30T01:04:27.013106+00:00,2026-06-30T11:04:27.008096,2,1,67.65,0.5,67.4,100,67.2,100,,,,,,,,,,,,,,,,,67.9,150,,,,,,,,,,,,,,,,,,
2026-06-30T01:04:27.067454+00:00,2026-06-30T11:04:27.060408,2,2,67.55,0.3,67.4,100,67.2,100,,,,,,,,,,,,,,,,,67.7,100,67.9,150,,,,,,,,,,,,,,,,
2026-06-30T01:04:27.547162+00:00,2026-06-30T11:04:27.546116,2,1,67.55,0.3,67.4,100,67.2,100,,,,,,,,,,,,,,,,,67.7,100,,,,,,,,,,,,,,,,,,
2026-06-30T01:04:27.557774+00:00,2026-06-30T11:04:27.547323,1,1,67.45,0.5,67.2,100,,,,,,,,,,,,,,,,,,,67.7,100,,,,,,,,,,,,,,,,,,
2026-06-30T01:04:27.600106+00:00,2026-06-30T11:04:27.598106,2,1,67.5,0.4,67.3,150,67.2,100,,,,,,,,,,,,,,,,,67.7,100,,,,,,,,,,,,,,,,,,
2026-06-30T01:04:27.655411+00:00,2026-06-30T11:04:27.650412,2,2,67.5,0.4,67.3,150,67.2,100,,,,,,,,,,,,,,,,,67.7,100,67.8,150,,,,,,,,,,,,,,,,
2026-06-30T01:04:27.873803+00:00,2026-06-30T11:04:27.864756,2,2,67.5,0.4,67.3,100,67.2,100,,,,,,,,,,,,,,,,,67.7,100,67.8,150,,,,,,,,,,,,,,,,
2026-06-30T01:04:29.972231+00:00,2026-06-30T11:04:29.969230,2,2,67.5,0.4,67.3,50,67.2,100,,,,,,,,,,,,,,,,,67.7,100,67.8,150,,,,,,,,,,,,,,,,
2026-06-30T01:04:30.124187+00:00,2026-06-30T11:04:30.116124,1,1,67.55,0.5,67.3,50,,,,,,,,,,,,,,,,,,,67.8,150,,,,,,,,,,,,,,,,,,
2026-06-30T01:04:30.178072+00:00,2026-06-30T11:04:30.167607,1,1,67.55,0.5,67.3,150,,,,,,,,,,,,,,,,,,,67.8,150,,,,,,,,,,,,,,,,,,
2026-06-30T01:04:30.221849+00:00,2026-06-30T11:04:30.219849,1,1,67.55,0.5,67.3,150,,,,,,,,,,,,,,,,,,,67.8,250,,,,,,,,,,,,,,,,,,
2026-06-30T01:04:30.710796+00:00,2026-06-30T11:04:30.705725,1,1,67.55,0.5,67.3,100,,,,,,,,,,,,,,,,,,,67.8,100,,,,,,,,,,,,,,,,,,
