recv_time,book_timestamp,n_bids,n_asks,mid,spread,bid_px_0,bid_vol_0,bid_px_1,bid_vol_1,bid_px_2,bid_vol_2,bid_px_3,bid_vol_3,bid_px_4,bid_vol_4,bid_px_5,bid_vol_5,bid_px_6,bid_vol_6,bid_px_7,bid_vol_7,bid_px_8,bid_vol_8,bid_px_9,bid_vol_9,ask_px_0,ask_vol_0,ask_px_1,ask_vol_1,ask_px_2,ask_vol_2,ask_px_3,ask_vol_3,ask_px_4,ask_vol_4,ask_px_5,ask_vol_5,ask_px_6,ask_vol_6,ask_px_7,ask_vol_7,ask_px_8,ask_vol_8,ask_px_9,ask_vol_9
2026-07-04T06:00:00.001342+00:00,2026-07-04T06:00:00.029346,1,1,152.25,0.5,152.0,138,,,,,,,,,,,,,,,,,,,152.5,150,,,,,,,,,,,,,,,,,,
2026-07-04T06:00:00.266880+00:00,2026-07-04T06:00:00.259821,2,2,152.2,0.4,152.0,127,151.9,100,,,,,,,,,,,,,,,,,152.4,100,152.5,150,,,,,,,,,,,,,,,,
2026-07-04T06:00:00.754250+00:00,2026-07-04T06:00:00.754197,2,2,152.2,0.4,152.0,127,151.9,100,,,,,,,,,,,,,,,,,152.4,50,152.5,150,,,,,,,,,,,,,,,,
2026-07-04T06:00:00.895913+00:00,2026-07-04T06:00:00.895791,2,2,152.2,0.4,152.0,84,151.9,100,,,,,,,,,,,,,,,,,152.4,50,152.5,150,,,,,,,,,,,,,,,,
2026-07-04T06:00:01.388062+00:00,2026-07-04T06:00:01.379253,2,2,152.2,0.4,152.0,84,151.9,100,,,,,,,,,,,,,,,,,152.4,6,152.5,150,,,,,,,,,,,,,,,,
2026-07-04T06:00:02.807914+00:00,2026-07-04T06:00:02.807880,2,1,152.2,0.4,152.0,84,151.9,100,,,,,,,,,,,,,,,,,152.4,6,,,,,,,,,,,,,,,,,,
2026-07-04T06:00:02.813135+00:00,2026-07-04T06:00:02.813027,1,1,152.15,0.5,151.9,100,,,,,,,,,,,,,,,,,,,152.4,6,,,,,,,,,,,,,,,,,,
2026-07-04T06:00:02.862553+00:00,2026-07-04T06:00:02.862423,1,0,,,151.9,100,,,,,,,,,,,,,,,,,,,,,,,,,,,,,,,,,,,,,,
2026-07-04T06:00:02.867708+00:00,2026-07-04T06:00:02.867612,2,0,,,151.9,100,151.7,150,,,,,,,,,,,,,,,,,,,,,,,,,,,,,,,,,,,,
2026-07-04T06:00:02.918054+00:00,2026-07-04T06:00:02.917956,2,1,152.05,0.3,151.9,100,151.7,150,,,,,,,,,,,,,,,,,152.2,150,,,,,,,,,,,,,,,,,,
2026-07-04T06:00:03.197168+00:00,2026-07-04T06:00:03.197317,1,1,151.95,0.5,151.7,150,,,,,,,,,,,,,,,,,,,152.2,150,,,,,,,,,,,,,,,,,,
2026-07-04T06:00:03.250438+00:00,2026-07-04T06:00:03.250672,1,1,151.95,0.5,151.7,150,,,,,,,,,,,,,,,,,,,152.2,50,,,,,,,,,,,,,,,,,,
2026-07-04T06:00:03.304197+00:00,2026-07-04T06:00:03.304399,1,2,151.95,0.5,151.7,150,,,,,,,,,,,,,,,,,,,152.2,50,152.7,100,,,,,,,,,,,,,,,,
2026-07-04T06:00:04.900155+00:00,2026-07-04T06:00:04.900093,1,2,151.95,0.5,151.7,105,,,,,,,,,,,,,,,,,,,152.2,50,152.7,100,,,,,,,,,,,,,,,,
2026-07-04T06:00:04.970006+00:00,2026-07-04T06:00:04.970161,1,1,152.2,1.0,151.7,105,,,,,,,,,,,,,,,,,,,152.7,100,,,,,,,,,,,,,,,,,,
2026-07-04T06:00:05.978403+00:00,2026-07-04T06:00:05.978359,0,1,,,,,,,,,,,,,,,,,,,,,,,152.7,100,,,,,,,,,,,,,,,,,,
2026-07-04T06:00:06.030408+00:00,2026-07-04T06:00:06.030263,1,1,152.4,0.6,152.1,150,,,,,,,,,,,,,,,,,,,152.7,100,,,,,,,,,,,,,,,,,,
2026-07-04T06:00:06.101158+00:00,2026-07-04T06:00:06.095221,1,2,152.35,0.5,152.1,147,,,,,,,,,,,,,,,,,,,152.6,150,152.7,100,,,,,,,,,,,,,,,,
2026-07-04T06:00:06.358624+00:00,2026-07-04T06:00:06.356598,1,1,152.35,0.5,152.1,147,,,,,,,,,,,,,,,,,,,152.6,150,,,,,,,,,,,,,,,,,,
2026-07-04T06:00:06.415725+00:00,2026-07-04T06:00:06.415619,2,1,152.35,0.5,152.1,147,151.8,100,,,,,,,,,,,,,,,,,152.6,150,,,,,,,,,,,,,,,,,,
2026-07-04T06:00:06.468725+00:00,2026-07-04T06:00:06.468932,2,2,152.2,0.2,152.1,147,151.8,100,,,,,,,,,,,,,,,,,152.3,100,152.6,150,,,,,,,,,,,,,,,,
2026-07-04T06:00:07.076577+00:00,2026-07-04T06:00:07.076796,2,2,152.2,0.2,152.1,147,151.8,100,,,,,,,,,,,,,,,,,152.3,50,152.6,150,,,,,,,,,,,,,,,,
2026-07-04T06:00:07.427828+00:00,2026-07-04T06:00:07.427797,2,2,152.2,0.2,152.1,147,151.8,100,,,,,,,,,,,,,,,,,152.3,9,152.6,150,,,,,,,,,,,,,,,,
2026-07-04T06:00:09.152266+00:00,2026-07-04T06:00:09.152161,1,1,152.05,0.5,151.8,100,,,,,,,,,,,,,,,,,,,152.3,9,,,,,,,,,,,,,,,,,,
2026-07-04T06:00:09.181384+00:00,2026-07-04T06:00:09.181335,1,0,,,151.8,100,,,,,,,,,,,,,,,,,,,,,,,,,,,,,,,,,,,,,,
2026-07-04T06:00:09.207914+00:00,2026-07-04T06:00:09.207815,2,0,,,152.1,150,151.8,100,,,,,,,,,,,,,,,,,,,,,,,,,,,,,,,,,,,,
2026-07-04T06:00:09.258648+00:00,2026-07-04T06:00:09.252121,2,1,152.35,0.5,152.1,150,151.8,100,,,,,,,,,,,,,,,,,152.6,150,,,,,,,,,,,,,,,,,,
2026-07-04T06:00:09.522595+00:00,2026-07-04T06:00:09.522482,1,1,152.35,0.5,152.1,150,,,,,,,,,,,,,,,,,,,152.6,150,,,,,,,,,,,,,,,,,,
2026-07-04T06:00:09.576316+00:00,2026-07-04T06:00:09.576105,2,1,152.35,0.5,152.1,150,152.0,100,,,,,,,,,,,,,,,,,152.6,150,,,,,,,,,,,,,,,,,,
2026-07-04T06:00:09.629684+00:00,2026-07-04T06:00:09.629486,2,2,152.3,0.4,152.1,150,152.0,100,,,,,,,,,,,,,,,,,152.5,100,152.6,150,,,,,,,,,,,,,,,,
2026-07-04T06:00:11.292576+00:00,2026-07-04T06:00:11.292506,2,2,152.3,0.4,152.1,150,152.0,100,,,,,,,,,,,,,,,,,152.5,50,152.6,150,,,,,,,,,,,,,,,,
2026-07-04T06:00:12.312520+00:00,2026-07-04T06:00:12.312436,1,1,152.25,0.5,152.0,100,,,,,,,,,,,,,,,,,,,152.5,50,,,,,,,,,,,,,,,,,,
2026-07-04T06:00:12.366304+00:00,2026-07-04T06:00:12.366135,2,1,152.25,0.5,152.0,100,151.9,150,,,,,,,,,,,,,,,,,152.5,50,,,,,,,,,,,,,,,,,,
2026-07-04T06:00:12.418008+00:00,2026-07-04T06:00:12.417889,2,2,152.2,0.4,152.0,100,151.9,150,,,,,,,,,,,,,,,,,152.4,150,152.5,50,,,,,,,,,,,,,,,,
2026-07-04T06:00:12.684206+00:00,2026-07-04T06:00:12.684120,2,1,152.2,0.4,152.0,100,151.9,150,,,,,,,,,,,,,,,,,152.4,150,,,,,,,,,,,,,,,,,,
2026-07-04T06:00:12.689217+00:00,2026-07-04T06:00:12.689324,1,1,152.15,0.5,151.9,150,,,,,,,,,,,,,,,,,,,152.4,150,,,,,,,,,,,,,,,,,,
2026-07-04T06:00:12.737410+00:00,2026-07-04T06:00:12.737598,2,1,152.3,0.2,152.2,100,151.9,150,,,,,,,,,,,,,,,,,152.4,150,,,,,,,,,,,,,,,,,,
2026-07-04T06:00:12.790154+00:00,2026-07-04T06:00:12.790109,2,2,152.3,0.2,152.2,100,151.9,150,,,,,,,,,,,,,,,,,152.4,150,152.7,100,,,,,,,,,,,,,,,,
2026-07-04T06:00:13.399676+00:00,2026-07-04T06:00:13.399508,2,2,152.3,0.2,152.2,100,151.9,150,,,,,,,,,,,,,,,,,152.4,100,152.7,100,,,,,,,,,,,,,,,,
2026-07-04T06:00:13.580052+00:00,2026-07-04T06:00:13.579925,2,2,152.3,0.2,152.2,54,151.9,150,,,,,,,,,,,,,,,,,152.4,100,152.7,100,,,,,,,,,,,,,,,,
2026-07-04T06:00:15.467088+00:00,2026-07-04T06:00:15.467385,1,1,152.45,0.5,152.2,54,,,,,,,,,,,,,,,,,,,152.7,100,,,,,,,,,,,,,,,,,,
2026-07-04T06:00:15.499691+00:00,2026-07-04T06:00:15.499563,1,1,152.45,0.5,152.2,54,,,,,,,,,,,,,,,,,,,152.7,50,,,,,,,,,,,,,,,,,,
2026-07-04T06:00:15.521548+00:00,2026-07-04T06:00:15.521459,2,1,152.45,0.5,152.2,54,152.1,150,,,,,,,,,,,,,,,,,152.7,50,,,,,,,,,,,,,,,,,,
2026-07-04T06:00:15.574439+00:00,2026-07-04T06:00:15.574406,2,2,152.4,0.4,152.2,54,152.1,150,,,,,,,,,,,,,,,,,152.6,150,152.7,50,,,,,,,,,,,,,,,,
2026-07-04T06:00:15.844175+00:00,2026-07-04T06:00:15.844046,2,1,152.4,0.4,152.2,54,152.1,150,,,,,,,,,,,,,,,,,152.6,150,,,,,,,,,,,,,,,,,,
2026-07-04T06:00:15.849411+00:00,2026-07-04T06:00:15.849261,1,1,152.35,0.5,152.1,150,,,,,,,,,,,,,,,,,,,152.6,150,,,,,,,,,,,,,,,,,,
2026-07-04T06:00:15.898218+00:00,2026-07-04T06:00:15.898178,2,1,152.4,0.4,152.2,100,152.1,150,,,,,,,,,,,,,,,,,152.6,150,,,,,,,,,,,,,,,,,,
2026-07-04T06:00:15.956271+00:00,2026-07-04T06:00:15.956390,2,2,152.4,0.4,152.2,100,152.1,150,,,,,,,,,,,,,,,,,152.6,150,152.7,100,,,,,,,,,,,,,,,,
2026-07-04T06:00:16.250984+00:00,2026-07-04T06:00:16.250839,2,2,152.4,0.4,152.2,100,152.1,150,,,,,,,,,,,,,,,,,152.6,104,152.7,100,,,,,,,,,,,,,,,,
2026-07-04T06:00:17.615095+00:00,2026-07-04T06:00:17.614965,2,2,152.4,0.4,152.2,100,152.1,150,,,,,,,,,,,,,,,,,152.6,54,152.7,100,,,,,,,,,,,,,,,,
2026-07-04T06:00:18.633662+00:00,2026-07-04T06:00:18.633498,2,1,152.45,0.5,152.2,100,152.1,150,,,,,,,,,,,,,,,,,152.7,100,,,,,,,,,,,,,,,,,,
2026-07-04T06:00:18.638580+00:00,2026-07-04T06:00:18.638690,1,1,152.45,0.5,152.2,100,,,,,,,,,,,,,,,,,,,152.7,100,,,,,,,,,,,,,,,,,,
2026-07-04T06:00:18.697349+00:00,2026-07-04T06:00:18.691577,1,1,152.45,0.5,152.2,100,,,,,,,,,,,,,,,,,,,152.7,100,,,,,,,,,,,,,,,,,,
2026-07-04T06:00:18.740895+00:00,2026-07-04T06:00:18.740805,1,2,152.45,0.5,152.2,100,,,,,,,,,,,,,,,,,,,152.7,100,153.0,150,,,,,,,,,,,,,,,,
2026-07-04T06:00:19.007059+00:00,2026-07-04T06:00:19.007005,0,1,,,,,,,,,,,,,,,,,,,,,,,153.0,150,,,,,,,,,,,,,,,,,,
2026-07-04T06:00:19.059910+00:00,2026-07-04T06:00:19.059883,1,1,152.65,0.7,152.3,100,,,,,,,,,,,,,,,,,,,153.0,150,,,,,,,,,,,,,,,,,,
2026-07-04T06:00:19.113298+00:00,2026-07-04T06:00:19.113191,1,2,152.55,0.5,152.3,100,,,,,,,,,,,,,,,,,,,152.8,100,153.0,150,,,,,,,,,,,,,,,,
2026-07-04T06:00:19.714992+00:00,2026-07-04T06:00:19.714858,1,2,152.55,0.5,152.3,100,,,,,,,,,,,,,,,,,,,152.8,50,153.0,150,,,,,,,,,,,,,,,,
2026-07-04T06:00:21.797420+00:00,2026-07-04T06:00:21.797246,1,1,152.55,0.5,152.3,100,,,,,,,,,,,,,,,,,,,152.8,50,,,,,,,,,,,,,,,,,,
2026-07-04T06:00:21.858661+00:00,2026-07-04T06:00:21.852938,2,1,152.55,0.5,152.3,100,151.9,150,,,,,,,,,,,,,,,,,152.8,50,,,,,,,,,,,,,,,,,,
2026-07-04T06:00:21.897728+00:00,2026-07-04T06:00:21.897583,2,1,152.55,0.5,152.3,50,151.9,150,,,,,,,,,,,,,,,,,152.8,50,,,,,,,,,,,,,,,,,,
2026-07-04T06:00:21.908152+00:00,2026-07-04T06:00:21.908001,2,2,152.35,0.1,152.3,50,151.9,150,,,,,,,,,,,,,,,,,152.4,150,152.8,50,,,,,,,,,,,,,,,,
2026-07-04T06:00:22.167338+00:00,2026-07-04T06:00:22.167265,2,1,152.35,0.1,152.3,50,151.9,150,,,,,,,,,,,,,,,,,152.4,150,,,,,,,,,,,,,,,,,,
2026-07-04T06:00:22.172642+00:00,2026-07-04T06:00:22.172472,1,1,152.15,0.5,151.9,150,,,,,,,,,,,,,,,,,,,152.4,150,,,,,,,,,,,,,,,,,,
2026-07-04T06:00:22.225617+00:00,2026-07-04T06:00:22.225502,2,1,152.35,0.1,152.3,100,151.9,150,,,,,,,,,,,,,,,,,152.4,150,,,,,,,,,,,,,,,,,,
2026-07-04T06:00:22.275098+00:00,2026-07-04T06:00:22.275343,2,2,152.35,0.1,152.3,100,151.9,150,,,,,,,,,,,,,,,,,152.4,150,152.8,100,,,,,,,,,,,,,,,,
2026-07-04T06:00:24.004327+00:00,2026-07-04T06:00:24.004265,2,2,152.35,0.1,152.3,50,151.9,150,,,,,,,,,,,,,,,,,152.4,150,152.8,100,,,,,,,,,,,,,,,,
2026-07-04T06:00:24.899078+00:00,2026-07-04T06:00:24.897127,1,2,152.15,0.5,151.9,150,,,,,,,,,,,,,,,,,,,152.4,150,152.8,100,,,,,,,,,,,,,,,,
2026-07-04T06:00:24.957973+00:00,2026-07-04T06:00:24.958226,0,1,,,,,,,,,,,,,,,,,,,,,,,152.8,100,,,,,,,,,,,,,,,,,,
2026-07-04T06:00:25.021450+00:00,2026-07-04T06:00:25.021242,1,1,152.3,1.0,151.8,150,,,,,,,,,,,,,,,,,,,152.8,100,,,,,,,,,,,,,,,,,,
2026-07-04T06:00:25.074773+00:00,2026-07-04T06:00:25.066737,1,2,152.05,0.5,151.8,150,,,,,,,,,,,,,,,,,,,152.3,150,152.8,100,,,,,,,,,,,,,,,,
2026-07-04T06:00:25.331980+00:00,2026-07-04T06:00:25.332205,1,1,152.05,0.5,151.8,150,,,,,,,,,,,,,,,,,,,152.3,150,,,,,,,,,,,,,,,,,,
2026-07-04T06:00:25.386752+00:00,2026-07-04T06:00:25.386611,1,1,152.05,0.5,151.8,250,,,,,,,,,,,,,,,,,,,152.3,150,,,,,,,,,,,,,,,,,,
2026-07-04T06:00:25.439981+00:00,2026-07-04T06:00:25.439856,1,1,152.05,0.5,151.8,250,,,,,,,,,,,,,,,,,,,152.3,250,,,,,,,,,,,,,,,,,,
2026-07-04T06:00:26.135157+00:00,2026-07-04T06:00:26.134981,1,1,152.05,0.5,151.8,200,,,,,,,,,,,,,,,,,,,152.3,250,,,,,,,,,,,,,,,,,,
2026-07-04T06:00:26.580251+00:00,2026-07-04T06:00:26.580062,1,1,152.05,0.5,151.8,153,,,,,,,,,,,,,,,,,,,152.3,250,,,,,,,,,,,,,,,,,,
2026-07-04T06:00:28.130725+00:00,2026-07-04T06:00:28.130621,1,1,152.05,0.5,151.8,105,,,,,,,,,,,,,,,,,,,152.3,250,,,,,,,,,,,,,,,,,,
2026-07-04T06:00:28.136046+00:00,2026-07-04T06:00:28.135924,1,1,152.05,0.5,151.8,100,,,,,,,,,,,,,,,,,,,152.3,100,,,,,,,,,,,,,,,,,,
2026-07-04T06:00:28.181975+00:00,2026-07-04T06:00:28.181860,2,1,152.05,0.5,151.8,100,151.1,150,,,,,,,,,,,,,,,,,152.3,100,,,,,,,,,,,,,,,,,,
2026-07-04T06:00:28.234530+00:00,2026-07-04T06:00:28.234744,1,2,151.35,0.5,151.1,150,,,,,,,,,,,,,,,,,,,151.6,50,152.3,100,,,,,,,,,,,,,,,,
2026-07-04T06:00:28.243685+00:00,2026-07-04T06:00:28.236780,1,1,151.7,1.2,151.1,100,,,,,,,,,,,,,,,,,,,152.3,100,,,,,,,,,,,,,,,,,,
2026-07-04T06:00:28.496735+00:00,2026-07-04T06:00:28.496895,1,0,,,151.1,100,,,,,,,,,,,,,,,,,,,,,,,,,,,,,,,,,,,,,,
2026-07-04T06:00:28.550176+00:00,2026-07-04T06:00:28.550330,2,0,,,151.4,100,151.1,100,,,,,,,,,,,,,,,,,,,,,,,,,,,,,,,,,,,,
2026-07-04T06:00:28.604781+00:00,2026-07-04T06:00:28.604619,2,1,151.65,0.5,151.4,100,151.1,100,,,,,,,,,,,,,,,,,151.9,100,,,,,,,,,,,,,,,,,,
2026-07-04T06:00:28.654031+00:00,2026-07-04T06:00:28.653920,2,1,151.65,0.5,151.4,100,151.1,100,,,,,,,,,,,,,,,,,151.9,55,,,,,,,,,,,,,,,,,,
2026-07-04T06:00:30.264063+00:00,2026-07-04T06:00:30.263992,2,0,,,151.4,100,151.1,100,,,,,,,,,,,,,,,,,,,,,,,,,,,,,,,,,,,,
2026-07-04T06:00:30.358646+00:00,2026-07-04T06:00:30.357292,2,0,,,151.4,50,151.1,100,,,,,,,,,,,,,,,,,,,,,,,,,,,,,,,,,,,,
2026-07-04T06:00:31.288965+00:00,2026-07-04T06:00:31.288813,1,0,,,151.4,50,,,,,,,,,,,,,,,,,,,,,,,,,,,,,,,,,,,,,,
2026-07-04T06:00:31.344256+00:00,2026-07-04T06:00:31.344225,2,0,,,151.8,150,151.4,50,,,,,,,,,,,,,,,,,,,,,,,,,,,,,,,,,,,,
2026-07-04T06:00:31.396937+00:00,2026-07-04T06:00:31.396841,2,1,152.05,0.5,151.8,150,151.4,50,,,,,,,,,,,,,,,,,152.3,150,,,,,,,,,,,,,,,,,,
2026-07-04T06:00:31.659317+00:00,2026-07-04T06:00:31.659171,1,1,152.05,0.5,151.8,150,,,,,,,,,,,,,,,,,,,152.3,150,,,,,,,,,,,,,,,,,,
2026-07-04T06:00:31.712283+00:00,2026-07-04T06:00:31.712112,2,1,152.05,0.5,151.8,150,151.7,100,,,,,,,,,,,,,,,,,152.3,150,,,,,,,,,,,,,,,,,,
2026-07-04T06:00:31.766133+00:00,2026-07-04T06:00:31.766036,2,2,152.0,0.4,151.8,150,151.7,100,,,,,,,,,,,,,,,,,152.2,100,152.3,150,,,,,,,,,,,,,,,,
2026-07-04T06:00:32.467337+00:00,2026-07-04T06:00:32.467206,2,2,152.0,0.4,151.8,100,151.7,100,,,,,,,,,,,,,,,,,152.2,100,152.3,150,,,,,,,,,,,,,,,,
2026-07-04T06:00:33.034408+00:00,2026-07-04T06:00:33.034245,2,2,152.0,0.4,151.8,52,151.7,100,,,,,,,,,,,,,,,,,152.2,100,152.3,150,,,,,,,,,,,,,,,,
2026-07-04T06:00:34.241623+00:00,2026-07-04T06:00:34.241476,2,2,152.0,0.4,151.8,52,151.7,100,,,,,,,,,,,,,,,,,152.2,52,152.3,150,,,,,,,,,,,,,,,,
2026-07-04T06:00:34.444982+00:00,2026-07-04T06:00:34.445716,1,1,151.95,0.5,151.7,100,,,,,,,,,,,,,,,,,,,152.2,52,,,,,,,,,,,,,,,,,,
2026-07-04T06:00:34.505480+00:00,2026-07-04T06:00:34.505437,2,1,151.95,0.5,151.7,100,151.3,150,,,,,,,,,,,,,,,,,152.2,52,,,,,,,,,,,,,,,,,,
2026-07-04T06:00:34.558613+00:00,2026-07-04T06:00:34.553006,2,2,151.75,0.1,151.7,100,151.3,150,,,,,,,,,,,,,,,,,151.8,150,152.2,52,,,,,,,,,,,,,,,,
2026-07-04T06:00:34.564311+00:00,2026-07-04T06:00:34.563274,2,2,151.75,0.1,151.7,100,151.3,150,,,,,,,,,,,,,,,,,151.8,52,152.2,52,,,,,,,,,,,,,,,,
2026-07-04T06:00:34.819149+00:00,2026-07-04T06:00:34.819108,1,1,151.55,0.5,151.3,150,,,,,,,,,,,,,,,,,,,151.8,52,,,,,,,,,,,,,,,,,,
2026-07-04T06:00:34.877770+00:00,2026-07-04T06:00:34.877670,2,0,,,151.9,48,151.3,150,,,,,,,,,,,,,,,,,,,,,,,,,,,,,,,,,,,,
2026-07-04T06:00:34.929934+00:00,2026-07-04T06:00:34.929736,2,1,152.15,0.5,151.9,48,151.3,150,,,,,,,,,,,,,,,,,152.4,100,,,,,,,,,,,,,,,,,,
2026-07-04T06:00:35.505583+00:00,2026-07-04T06:00:35.500378,2,1,152.15,0.5,151.9,45,151.3,150,,,,,,,,,,,,,,,,,152.4,100,,,,,,,,,,,,,,,,,,
2026-07-04T06:00:36.658566+00:00,2026-07-04T06:00:36.654955,2,1,152.15,0.5,151.9,45,151.3,150,,,,,,,,,,,,,,,,,152.4,50,,,,,,,,,,,,,,,,,,
2026-07-04T06:00:37.617391+00:00,2026-07-04T06:00:37.617290,1,1,152.15,0.5,151.9,45,,,,,,,,,,,,,,,,,,,152.4,50,,,,,,,,,,,,,,,,,,
2026-07-04T06:00:37.671401+00:00,2026-07-04T06:00:37.671197,2,1,152.3,0.2,152.2,150,151.9,45,,,,,,,,,,,,,,,,,152.4,50,,,,,,,,,,,,,,,,,,
2026-07-04T06:00:37.724009+00:00,2026-07-04T06:00:37.723897,2,2,152.3,0.2,152.2,150,151.9,45,,,,,,,,,,,,,,,,,152.4,50,152.7,150,,,,,,,,,,,,,,,,
2026-07-04T06:00:37.985627+00:00,2026-07-04T06:00:37.985494,1,1,152.45,0.5,152.2,150,,,,,,,,,,,,,,,,,,,152.7,150,,,,,,,,,,,,,,,,,,
2026-07-04T06:00:38.040344+00:00,2026-07-04T06:00:38.040209,1,1,152.45,0.5,152.2,250,,,,,,,,,,,,,,,,,,,152.7,150,,,,,,,,,,,,,,,,,,
2026-07-04T06:00:38.092906+00:00,2026-07-04T06:00:38.092748,1,1,152.45,0.5,152.2,250,,,,,,,,,,,,,,,,,,,152.7,250,,,,,,,,,,,,,,,,,,
2026-07-04T06:00:40.066282+00:00,2026-07-04T06:00:40.066120,1,1,152.45,0.5,152.2,250,,,,,,,,,,,,,,,,,,,152.7,203,,,,,,,,,,,,,,,,,,
2026-07-04T06:00:40.776801+00:00,2026-07-04T06:00:40.776696,1,1,152.45,0.5,152.2,100,,,,,,,,,,,,,,,,,,,152.7,100,,,,,,,,,,,,,,,,,,
2026-07-04T06:00:40.839237+00:00,2026-07-04T06:00:40.839152,2,1,152.6,0.2,152.5,150,152.2,100,,,,,,,,,,,,,,,,,152.7,100,,,,,,,,,,,,,,,,,,
2026-07-04T06:00:40.886565+00:00,2026-07-04T06:00:40.886484,2,2,152.6,0.2,152.5,150,152.2,100,,,,,,,,,,,,,,,,,152.7,100,153.0,150,,,,,,,,,,,,,,,,
2026-07-04T06:00:41.146878+00:00,2026-07-04T06:00:41.146688,1,1,152.75,0.5,152.5,150,,,,,,,,,,,,,,,,,,,153.0,150,,,,,,,,,,,,,,,,,,
2026-07-04T06:00:41.206285+00:00,2026-07-04T06:00:41.206072,2,1,152.75,0.5,152.5,150,152.2,100,,,,,,,,,,,,,,,,,153.0,150,,,,,,,,,,,,,,,,,,
2026-07-04T06:00:41.260223+00:00,2026-07-04T06:00:41.260149,2,2,152.6,0.2,152.5,150,152.2,100,,,,,,,,,,,,,,,,,152.7,100,153.0,150,,,,,,,,,,,,,,,,
2026-07-04T06:00:41.511388+00:00,2026-07-04T06:00:41.511310,2,2,152.6,0.2,152.5,108,152.2,100,,,,,,,,,,,,,,,,,152.7,100,153.0,150,,,,,,,,,,,,,,,,
2026-07-04T06:00:42.914869+00:00,2026-07-04T06:00:42.914639,2,2,152.6,0.2,152.5,64,152.2,100,,,,,,,,,,,,,,,,,152.7,100,153.0,150,,,,,,,,,,,,,,,,
2026-07-04T06:00:43.035470+00:00,2026-07-04T06:00:43.035695,2,2,152.6,0.2,152.5,14,152.2,100,,,,,,,,,,,,,,,,,152.7,100,153.0,150,,,,,,,,,,,,,,,,
2026-07-04T06:00:43.940398+00:00,2026-07-04T06:00:43.940288,1,1,152.45,0.5,152.2,100,,,,,,,,,,,,,,,,,,,152.7,100,,,,,,,,,,,,,,,,,,
2026-07-04T06:00:43.995345+00:00,2026-07-04T06:00:43.995232,2,1,152.45,0.5,152.2,100,151.9,150,,,,,,,,,,,,,,,,,152.7,100,,,,,,,,,,,,,,,,,,
2026-07-04T06:00:44.048781+00:00,2026-07-04T06:00:44.048657,2,2,152.3,0.2,152.2,100,151.9,150,,,,,,,,,,,,,,,,,152.4,150,152.7,100,,,,,,,,,,,,,,,,
2026-07-04T06:00:44.315433+00:00,2026-07-04T06:00:44.315287,1,1,152.15,0.5,151.9,150,,,,,,,,,,,,,,,,,,,152.4,150,,,,,,,,,,,,,,,,,,
2026-07-04T06:00:44.369309+00:00,2026-07-04T06:00:44.369508,2,1,152.3,0.2,152.2,100,151.9,150,,,,,,,,,,,,,,,,,152.4,150,,,,,,,,,,,,,,,,,,
2026-07-04T06:00:44.422246+00:00,2026-07-04T06:00:44.422455,2,2,152.3,0.2,152.2,100,151.9,150,,,,,,,,,,,,,,,,,152.4,150,152.7,100,,,,,,,,,,,,,,,,
2026-07-04T06:00:46.054440+00:00,2026-07-04T06:00:46.054405,2,2,152.3,0.2,152.2,100,151.9,150,,,,,,,,,,,,,,,,,152.4,103,152.7,100,,,,,,,,,,,,,,,,
2026-07-04T06:00:47.102975+00:00,2026-07-04T06:00:47.102850,1,1,152.45,0.5,152.2,100,,,,,,,,,,,,,,,,,,,152.7,100,,,,,,,,,,,,,,,,,,
2026-07-04T06:00:47.158713+00:00,2026-07-04T06:00:47.151845,2,1,152.45,0.5,152.2,100,152.1,150,,,,,,,,,,,,,,,,,152.7,100,,,,,,,,,,,,,,,,,,
2026-07-04T06:00:47.204493+00:00,2026-07-04T06:00:47.204379,2,2,152.4,0.4,152.2,100,152.1,150,,,,,,,,,,,,,,,,,152.6,150,152.7,100,,,,,,,,,,,,,,,,
2026-07-04T06:00:47.258683+00:00,2026-07-04T06:00:47.258077,2,2,152.4,0.4,152.2,50,152.1,150,,,,,,,,,,,,,,,,,152.6,150,152.7,100,,,,,,,,,,,,,,,,
2026-07-04T06:00:47.477307+00:00,2026-07-04T06:00:47.477532,2,1,152.4,0.4,152.2,50,152.1,150,,,,,,,,,,,,,,,,,152.6,150,,,,,,,,,,,,,,,,,,
2026-07-04T06:00:47.482950+00:00,2026-07-04T06:00:47.482753,1,1,152.35,0.5,152.1,150,,,,,,,,,,,,,,,,,,,152.6,150,,,,,,,,,,,,,,,,,,
2026-07-04T06:00:47.531038+00:00,2026-07-04T06:00:47.530948,2,1,152.35,0.5,152.1,150,152.0,100,,,,,,,,,,,,,,,,,152.6,150,,,,,,,,,,,,,,,,,,
2026-07-04T06:00:47.588360+00:00,2026-07-04T06:00:47.588240,2,2,152.3,0.4,152.1,150,152.0,100,,,,,,,,,,,,,,,,,152.5,100,152.6,150,,,,,,,,,,,,,,,,
2026-07-04T06:00:49.173655+00:00,2026-07-04T06:00:49.173885,2,2,152.3,0.4,152.1,150,152.0,100,,,,,,,,,,,,,,,,,152.5,59,152.6,150,,,,,,,,,,,,,,,,
2026-07-04T06:00:49.228935+00:00,2026-07-04T06:00:49.228811,2,2,152.3,0.4,152.1,103,152.0,100,,,,,,,,,,,,,,,,,152.5,59,152.6,150,,,,,,,,,,,,,,,,
2026-07-04T06:00:50.257952+00:00,2026-07-04T06:00:50.258192,1,1,152.25,0.5,152.0,100,,,,,,,,,,,,,,,,,,,152.5,59,,,,,,,,,,,,,,,,,,
2026-07-04T06:00:50.317488+00:00,2026-07-04T06:00:50.317422,2,1,152.3,0.4,152.1,150,152.0,100,,,,,,,,,,,,,,,,,152.5,59,,,,,,,,,,,,,,,,,,
2026-07-04T06:00:50.373143+00:00,2026-07-04T06:00:50.372926,2,2,152.3,0.4,152.1,150,152.0,100,,,,,,,,,,,,,,,,,152.5,59,152.6,150,,,,,,,,,,,,,,,,
2026-07-04T06:00:50.637847+00:00,2026-07-04T06:00:50.637719,1,1,152.35,0.5,152.1,150,,,,,,,,,,,,,,,,,,,152.6,150,,,,,,,,,,,,,,,,,,
2026-07-04T06:00:50.695144+00:00,2026-07-04T06:00:50.695301,2,1,152.45,0.3,152.3,100,152.1,150,,,,,,,,,,,,,,,,,152.6,150,,,,,,,,,,,,,,,,,,
2026-07-04T06:00:50.742171+00:00,2026-07-04T06:00:50.742086,2,2,152.45,0.3,152.3,100,152.1,150,,,,,,,,,,,,,,,,,152.6,150,152.8,100,,,,,,,,,,,,,,,,
2026-07-04T06:00:50.903286+00:00,2026-07-04T06:00:50.903132,2,2,152.45,0.3,152.3,59,152.1,150,,,,,,,,,,,,,,,,,152.6,150,152.8,100,,,,,,,,,,,,,,,,
2026-07-04T06:00:51.476918+00:00,2026-07-04T06:00:51.476779,2,2,152.45,0.3,152.3,9,152.1,150,,,,,,,,,,,,,,,,,152.6,150,152.8,100,,,,,,,,,,,,,,,,
2026-07-04T06:00:53.428129+00:00,2026-07-04T06:00:53.428084,1,1,152.55,0.5,152.3,9,,,,,,,,,,,,,,,,,,,152.8,100,,,,,,,,,,,,,,,,,,
2026-07-04T06:00:53.484403+00:00,2026-07-04T06:00:53.484141,2,1,152.55,0.5,152.3,9,151.9,150,,,,,,,,,,,,,,,,,152.8,100,,,,,,,,,,,,,,,,,,
2026-07-04T06:00:53.537463+00:00,2026-07-04T06:00:53.537378,2,2,152.35,0.1,152.3,9,151.9,150,,,,,,,,,,,,,,,,,152.4,150,152.8,100,,,,,,,,,,,,,,,,
2026-07-04T06:00:53.800290+00:00,2026-07-04T06:00:53.800146,1,1,152.15,0.5,151.9,150,,,,,,,,,,,,,,,,,,,152.4,150,,,,,,,,,,,,,,,,,,
2026-07-04T06:00:53.851649+00:00,2026-07-04T06:00:53.851820,1,1,152.15,0.5,151.9,250,,,,,,,,,,,,,,,,,,,152.4,150,,,,,,,,,,,,,,,,,,
2026-07-04T06:00:53.921850+00:00,2026-07-04T06:00:53.921677,1,1,152.15,0.5,151.9,250,,,,,,,,,,,,,,,,,,,152.4,250,,,,,,,,,,,,,,,,,,
2026-07-04T06:00:55.689592+00:00,2026-07-04T06:00:55.689514,1,1,152.15,0.5,151.9,200,,,,,,,,,,,,,,,,,,,152.4,250,,,,,,,,,,,,,,,,,,
2026-07-04T06:00:56.429697+00:00,2026-07-04T06:00:56.429977,1,1,152.15,0.5,151.9,200,,,,,,,,,,,,,,,,,,,152.4,207,,,,,,,,,,,,,,,,,,
2026-07-04T06:00:56.592810+00:00,2026-07-04T06:00:56.592739,1,1,152.15,0.5,151.9,100,,,,,,,,,,,,,,,,,,,152.4,100,,,,,,,,,,,,,,,,,,
2026-07-04T06:00:56.647885+00:00,2026-07-04T06:00:56.647809,2,1,152.15,0.5,151.9,100,151.8,150,,,,,,,,,,,,,,,,,152.4,100,,,,,,,,,,,,,,,,,,
2026-07-04T06:00:56.700511+00:00,2026-07-04T06:00:56.700418,2,2,152.1,0.4,151.9,100,151.8,150,,,,,,,,,,,,,,,,,152.3,150,152.4,100,,,,,,,,,,,,,,,,
2026-07-04T06:00:56.979227+00:00,2026-07-04T06:00:56.979067,2,1,152.1,0.4,151.9,100,151.8,150,,,,,,,,,,,,,,,,,152.3,150,,,,,,,,,,,,,,,,,,
2026-07-04T06:00:56.984158+00:00,2026-07-04T06:00:56.984316,1,1,152.05,0.5,151.8,150,,,,,,,,,,,,,,,,,,,152.3,150,,,,,,,,,,,,,,,,,,
2026-07-04T06:00:57.035691+00:00,2026-07-04T06:00:57.035607,2,1,152.1,0.4,151.9,100,151.8,150,,,,,,,,,,,,,,,,,152.3,150,,,,,,,,,,,,,,,,,,
2026-07-04T06:00:57.086703+00:00,2026-07-04T06:00:57.086622,2,2,152.1,0.4,151.9,100,151.8,150,,,,,,,,,,,,,,,,,152.3,150,152.4,100,,,,,,,,,,,,,,,,
2026-07-04T06:00:57.797111+00:00,2026-07-04T06:00:57.797014,2,2,152.1,0.4,151.9,50,151.8,150,,,,,,,,,,,,,,,,,152.3,150,152.4,100,,,,,,,,,,,,,,,,
2026-07-04T06:00:58.514449+00:00,2026-07-04T06:00:58.514275,2,2,152.1,0.4,151.9,50,151.8,150,,,,,,,,,,,,,,,,,152.3,103,152.4,100,,,,,,,,,,,,,,,,
2026-07-04T06:00:59.758602+00:00,2026-07-04T06:00:59.752207,1,1,152.15,0.5,151.9,50,,,,,,,,,,,,,,,,,,,152.4,100,,,,,,,,,,,,,,,,,,
2026-07-04T06:00:59.804396+00:00,2026-07-04T06:00:59.804295,2,1,152.2,0.4,152.0,150,151.9,50,,,,,,,,,,,,,,,,,152.4,100,,,,,,,,,,,,,,,,,,
2026-07-04T06:00:59.858599+00:00,2026-07-04T06:00:59.858196,2,2,152.2,0.4,152.0,150,151.9,50,,,,,,,,,,,,,,,,,152.4,100,152.5,150,,,,,,,,,,,,,,,,
2026-07-04T06:00:59.898878+00:00,2026-07-04T06:00:59.898816,2,2,152.2,0.4,152.0,100,151.9,50,,,,,,,,,,,,,,,,,152.4,100,152.5,150,,,,,,,,,,,,,,,,
2026-07-04T06:01:00.140053+00:00,2026-07-04T06:01:00.139950,1,1,152.25,0.5,152.0,100,,,,,,,,,,,,,,,,,,,152.5,150,,,,,,,,,,,,,,,,,,
2026-07-04T06:01:00.193683+00:00,2026-07-04T06:01:00.193922,2,1,152.25,0.5,152.0,100,151.8,100,,,,,,,,,,,,,,,,,152.5,150,,,,,,,,,,,,,,,,,,
2026-07-04T06:01:00.247950+00:00,2026-07-04T06:01:00.247750,2,2,152.15,0.3,152.0,100,151.8,100,,,,,,,,,,,,,,,,,152.3,100,152.5,150,,,,,,,,,,,,,,,,
2026-07-04T06:01:00.497510+00:00,2026-07-04T06:01:00.497364,2,2,152.15,0.3,152.0,59,151.8,100,,,,,,,,,,,,,,,,,152.3,100,152.5,150,,,,,,,,,,,,,,,,
2026-07-04T06:01:02.008373+00:00,2026-07-04T06:01:02.008335,2,2,152.15,0.3,152.0,9,151.8,100,,,,,,,,,,,,,,,,,152.3,100,152.5,150,,,,,,,,,,,,,,,,
2026-07-04T06:01:02.912700+00:00,2026-07-04T06:01:02.912583,1,1,152.05,0.5,151.8,100,,,,,,,,,,,,,,,,,,,152.3,100,,,,,,,,,,,,,,,,,,
2026-07-04T06:01:02.968847+00:00,2026-07-04T06:01:02.968662,2,1,152.05,0.5,151.8,100,151.6,150,,,,,,,,,,,,,,,,,152.3,100,,,,,,,,,,,,,,,,,,
2026-07-04T06:01:03.036138+00:00,2026-07-04T06:01:03.031796,2,2,151.95,0.3,151.8,100,151.6,150,,,,,,,,,,,,,,,,,152.1,136,152.3,100,,,,,,,,,,,,,,,,
2026-07-04T06:01:03.308047+00:00,2026-07-04T06:01:03.307980,1,1,151.85,0.5,151.6,150,,,,,,,,,,,,,,,,,,,152.1,136,,,,,,,,,,,,,,,,,,
2026-07-04T06:01:03.358559+00:00,2026-07-04T06:01:03.357683,1,1,151.85,0.5,151.6,250,,,,,,,,,,,,,,,,,,,152.1,136,,,,,,,,,,,,,,,,,,
2026-07-04T06:01:03.416052+00:00,2026-07-04T06:01:03.416214,1,1,151.85,0.5,151.6,250,,,,,,,,,,,,,,,,,,,152.1,236,,,,,,,,,,,,,,,,,,
2026-07-04T06:01:04.115697+00:00,2026-07-04T06:01:04.115578,1,1,151.85,0.5,151.6,200,,,,,,,,,,,,,,,,,,,152.1,236,,,,,,,,,,,,,,,,,,
2026-07-04T06:01:06.075155+00:00,2026-07-04T06:01:06.074874,1,1,151.85,0.5,151.6,100,,,,,,,,,,,,,,,,,,,152.1,100,,,,,,,,,,,,,,,,,,
2026-07-04T06:01:06.128969+00:00,2026-07-04T06:01:06.128811,2,1,151.85,0.5,151.6,100,151.1,150,,,,,,,,,,,,,,,,,152.1,100,,,,,,,,,,,,,,,,,,
2026-07-04T06:01:06.192151+00:00,2026-07-04T06:01:06.186339,1,2,151.35,0.5,151.1,150,,,,,,,,,,,,,,,,,,,151.6,38,152.1,100,,,,,,,,,,,,,,,,
2026-07-04T06:01:06.214122+00:00,2026-07-04T06:01:06.214068,1,2,151.35,0.5,151.1,100,,,,,,,,,,,,,,,,,,,151.6,38,152.1,100,,,,,,,,,,,,,,,,
2026-07-04T06:01:06.470027+00:00,2026-07-04T06:01:06.469953,1,1,151.35,0.5,151.1,100,,,,,,,,,,,,,,,,,,,151.6,38,,,,,,,,,,,,,,,,,,
2026-07-04T06:01:06.522678+00:00,2026-07-04T06:01:06.522606,2,1,151.4,0.4,151.2,100,151.1,100,,,,,,,,,,,,,,,,,151.6,38,,,,,,,,,,,,,,,,,,
2026-07-04T06:01:06.575404+00:00,2026-07-04T06:01:06.575306,2,2,151.4,0.4,151.2,100,151.1,100,,,,,,,,,,,,,,,,,151.6,38,151.7,100,,,,,,,,,,,,,,,,
2026-07-04T06:01:06.978221+00:00,2026-07-04T06:01:06.972773,2,2,151.4,0.4,151.2,100,151.1,100,,,,,,,,,,,,,,,,,151.6,27,151.7,100,,,,,,,,,,,,,,,,
2026-07-04T06:01:08.279066+00:00,2026-07-04T06:01:08.278907,2,1,151.45,0.5,151.2,100,151.1,100,,,,,,,,,,,,,,,,,151.7,77,,,,,,,,,,,,,,,,,,
2026-07-04T06:01:09.237196+00:00,2026-07-04T06:01:09.237149,1,1,151.45,0.5,151.2,100,,,,,,,,,,,,,,,,,,,151.7,77,,,,,,,,,,,,,,,,,,
2026-07-04T06:01:09.289825+00:00,2026-07-04T06:01:09.289783,2,0,,,151.7,73,151.2,100,,,,,,,,,,,,,,,,,,,,,,,,,,,,,,,,,,,,
2026-07-04T06:01:09.344600+00:00,2026-07-04T06:01:09.344520,2,1,151.95,0.5,151.7,73,151.2,100,,,,,,,,,,,,,,,,,152.2,150,,,,,,,,,,,,,,,,,,
2026-07-04T06:01:09.629644+00:00,2026-07-04T06:01:09.629599,1,1,151.95,0.5,151.7,73,,,,,,,,,,,,,,,,,,,152.2,150,,,,,,,,,,,,,,,,,,
2026-07-04T06:01:09.679981+00:00,2026-07-04T06:01:09.679877,2,1,151.95,0.5,151.7,73,151.6,100,,,,,,,,,,,,,,,,,152.2,150,,,,,,,,,,,,,,,,,,
2026-07-04T06:01:09.736390+00:00,2026-07-04T06:01:09.736319,2,2,151.9,0.4,151.7,73,151.6,100,,,,,,,,,,,,,,,,,152.1,100,152.2,150,,,,,,,,,,,,,,,,
2026-07-04T06:01:10.384527+00:00,2026-07-04T06:01:10.384427,2,2,151.9,0.4,151.7,73,151.6,100,,,,,,,,,,,,,,,,,152.1,50,152.2,150,,,,,,,,,,,,,,,,
2026-07-04T06:01:10.977585+00:00,2026-07-04T06:01:10.977540,2,2,151.9,0.4,151.7,73,151.6,100,,,,,,,,,,,,,,,,,152.1,10,152.2,150,,,,,,,,,,,,,,,,
2026-07-04T06:01:11.495575+00:00,2026-07-04T06:01:11.495449,2,1,151.95,0.5,151.7,73,151.6,100,,,,,,,,,,,,,,,,,152.2,150,,,,,,,,,,,,,,,,,,
2026-07-04T06:01:12.091009+00:00,2026-07-04T06:01:12.090941,2,1,151.95,0.5,151.7,30,151.6,100,,,,,,,,,,,,,,,,,152.2,150,,,,,,,,,,,,,,,,,,
2026-07-04T06:01:12.400134+00:00,2026-07-04T06:01:12.400028,1,0,,,151.6,100,,,,,,,,,,,,,,,,,,,,,,,,,,,,,,,,,,,,,,
2026-07-04T06:01:12.463931+00:00,2026-07-04T06:01:12.463799,2,0,,,151.6,100,151.2,150,,,,,,,,,,,,,,,,,,,,,,,,,,,,,,,,,,,,
2026-07-04T06:01:12.508105+00:00,2026-07-04T06:01:12.507986,2,1,151.65,0.1,151.6,100,151.2,150,,,,,,,,,,,,,,,,,151.7,150,,,,,,,,,,,,,,,,,,
2026-07-04T06:01:12.792672+00:00,2026-07-04T06:01:12.792628,1,1,151.45,0.5,151.2,150,,,,,,,,,,,,,,,,,,,151.7,150,,,,,,,,,,,,,,,,,,
2026-07-04T06:01:12.842224+00:00,2026-07-04T06:01:12.842191,1,1,151.45,0.5,151.2,150,,,,,,,,,,,,,,,,,,,151.7,50,,,,,,,,,,,,,,,,,,
2026-07-04T06:01:12.894934+00:00,2026-07-04T06:01:12.894863,1,2,151.45,0.5,151.2,150,,,,,,,,,,,,,,,,,,,151.7,50,152.5,100,,,,,,,,,,,,,,,,
2026-07-04T06:01:13.698777+00:00,2026-07-04T06:01:13.698721,1,2,151.45,0.5,151.2,150,,,,,,,,,,,,,,,,,,,151.7,2,152.5,100,,,,,,,,,,,,,,,,
2026-07-04T06:01:13.915622+00:00,2026-07-04T06:01:13.911316,1,1,151.85,1.3,151.2,150,,,,,,,,,,,,,,,,,,,152.5,100,,,,,,,,,,,,,,,,,,
2026-07-04T06:01:14.593962+00:00,2026-07-04T06:01:14.593888,1,1,151.85,1.3,151.2,150,,,,,,,,,,,,,,,,,,,152.5,50,,,,,,,,,,,,,,,,,,
2026-07-04T06:01:15.563913+00:00,2026-07-04T06:01:15.563855,0,1,,,,,,,,,,,,,,,,,,,,,,,152.5,50,,,,,,,,,,,,,,,,,,
2026-07-04T06:01:15.614909+00:00,2026-07-04T06:01:15.614791,1,1,152.15,0.7,151.8,150,,,,,,,,,,,,,,,,,,,152.5,50,,,,,,,,,,,,,,,,,,
2026-07-04T06:01:15.666641+00:00,2026-07-04T06:01:15.666545,1,2,152.05,0.5,151.8,150,,,,,,,,,,,,,,,,,,,152.3,150,152.5,50,,,,,,,,,,,,,,,,
2026-07-04T06:01:15.950189+00:00,2026-07-04T06:01:15.950065,1,1,152.05,0.5,151.8,150,,,,,,,,,,,,,,,,,,,152.3,150,,,,,,,,,,,,,,,,,,
2026-07-04T06:01:16.004765+00:00,2026-07-04T06:01:16.004636,1,1,152.05,0.5,151.8,250,,,,,,,,,,,,,,,,,,,152.3,150,,,,,,,,,,,,,,,,,,
2026-07-04T06:01:16.058682+00:00,2026-07-04T06:01:16.052869,1,1,152.05,0.5,151.8,250,,,,,,,,,,,,,,,,,,,152.3,250,,,,,,,,,,,,,,,,,,
2026-07-04T06:01:16.699484+00:00,2026-07-04T06:01:16.699447,1,1,152.05,0.5,151.8,250,,,,,,,,,,,,,,,,,,,152.3,200,,,,,,,,,,,,,,,,,,
2026-07-04T06:01:18.734720+00:00,2026-07-04T06:01:18.734608,1,1,152.05,0.5,151.8,250,,,,,,,,,,,,,,,,,,,152.3,100,,,,,,,,,,,,,,,,,,
2026-07-04T06:01:18.739939+00:00,2026-07-04T06:01:18.739777,1,1,152.05,0.5,151.8,100,,,,,,,,,,,,,,,,,,,152.3,100,,,,,,,,,,,,,,,,,,
2026-07-04T06:01:18.798769+00:00,2026-07-04T06:01:18.793934,2,1,152.25,0.1,152.2,137,151.8,100,,,,,,,,,,,,,,,,,152.3,100,,,,,,,,,,,,,,,,,,
2026-07-04T06:01:18.814458+00:00,2026-07-04T06:01:18.814336,2,1,152.25,0.1,152.2,137,151.8,100,,,,,,,,,,,,,,,,,152.3,50,,,,,,,,,,,,,,,,,,
2026-07-04T06:01:18.842050+00:00,2026-07-04T06:01:18.842129,2,2,152.25,0.1,152.2,137,151.8,100,,,,,,,,,,,,,,,,,152.3,50,152.7,150,,,,,,,,,,,,,,,,
2026-07-04T06:01:19.112103+00:00,2026-07-04T06:01:19.111932,1,1,152.45,0.5,152.2,137,,,,,,,,,,,,,,,,,,,152.7,150,,,,,,,,,,,,,,,,,,
2026-07-04T06:01:19.158765+00:00,2026-07-04T06:01:19.158539,1,1,152.45,0.5,152.2,237,,,,,,,,,,,,,,,,,,,152.7,150,,,,,,,,,,,,,,,,,,
2026-07-04T06:01:19.219367+00:00,2026-07-04T06:01:19.219232,1,1,152.45,0.5,152.2,237,,,,,,,,,,,,,,,,,,,152.7,250,,,,,,,,,,,,,,,,,,
2026-07-04T06:01:19.403925+00:00,2026-07-04T06:01:19.398924,1,1,152.45,0.5,152.2,225,,,,,,,,,,,,,,,,,,,152.7,250,,,,,,,,,,,,,,,,,,
2026-07-04T06:01:20.966961+00:00,2026-07-04T06:01:20.967121,1,1,152.45,0.5,152.2,175,,,,,,,,,,,,,,,,,,,152.7,250,,,,,,,,,,,,,,,,,,
2026-07-04T06:01:21.902354+00:00,2026-07-04T06:01:21.902310,1,1,152.45,0.5,152.2,100,,,,,,,,,,,,,,,,,,,152.7,100,,,,,,,,,,,,,,,,,,
2026-07-04T06:01:21.958657+00:00,2026-07-04T06:01:21.956213,2,1,152.45,0.5,152.2,100,152.0,150,,,,,,,,,,,,,,,,,152.7,100,,,,,,,,,,,,,,,,,,
2026-07-04T06:01:22.003127+00:00,2026-07-04T06:01:22.003045,2,2,152.35,0.3,152.2,100,152.0,150,,,,,,,,,,,,,,,,,152.5,150,152.7,100,,,,,,,,,,,,,,,,
2026-07-04T06:01:22.276311+00:00,2026-07-04T06:01:22.276233,1,1,152.25,0.5,152.0,150,,,,,,,,,,,,,,,,,,,152.5,150,,,,,,,,,,,,,,,,,,
2026-07-04T06:01:22.325501+00:00,2026-07-04T06:01:22.325459,2,1,152.4,0.2,152.3,100,152.0,150,,,,,,,,,,,,,,,,,152.5,150,,,,,,,,,,,,,,,,,,
2026-07-04T06:01:22.380554+00:00,2026-07-04T06:01:22.380464,2,2,152.4,0.2,152.3,100,152.0,150,,,,,,,,,,,,,,,,,152.5,150,152.8,100,,,,,,,,,,,,,,,,
2026-07-04T06:01:22.401844+00:00,2026-07-04T06:01:22.401785,2,2,152.4,0.2,152.3,51,152.0,150,,,,,,,,,,,,,,,,,152.5,150,152.8,100,,,,,,,,,,,,,,,,
2026-07-04T06:01:23.011124+00:00,2026-07-04T06:01:23.011002,2,2,152.4,0.2,152.3,51,152.0,150,,,,,,,,,,,,,,,,,152.5,108,152.8,100,,,,,,,,,,,,,,,,
2026-07-04T06:01:23.032420+00:00,2026-07-04T06:01:23.032262,2,2,152.4,0.2,152.3,51,152.0,150,,,,,,,,,,,,,,,,,152.5,58,152.8,100,,,,,,,,,,,,,,,,
2026-07-04T06:01:23.065645+00:00,2026-07-04T06:01:23.065599,2,2,152.4,0.2,152.3,7,152.0,150,,,,,,,,,,,,,,,,,152.5,58,152.8,100,,,,,,,,,,,,,,,,
2026-07-04T06:01:23.701540+00:00,2026-07-04T06:01:23.701410,1,2,152.25,0.5,152.0,117,,,,,,,,,,,,,,,,,,,152.5,58,152.8,100,,,,,,,,,,,,,,,,
2026-07-04T06:01:24.705014+00:00,2026-07-04T06:01:24.704900,1,2,152.25,0.5,152.0,117,,,,,,,,,,,,,,,,,,,152.5,16,152.8,100,,,,,,,,,,,,,,,,
2026-07-04T06:01:25.058597+00:00,2026-07-04T06:01:25.057902,0,1,,,,,,,,,,,,,,,,,,,,,,,152.8,100,,,,,,,,,,,,,,,,,,
2026-07-04T06:01:25.110884+00:00,2026-07-04T06:01:25.110798,1,1,152.45,0.7,152.1,150,,,,,,,,,,,,,,,,,,,152.8,100,,,,,,,,,,,,,,,,,,
2026-07-04T06:01:25.158597+00:00,2026-07-04T06:01:25.158540,1,2,152.35,0.5,152.1,150,,,,,,,,,,,,,,,,,,,152.6,150,152.8,100,,,,,,,,,,,,,,,,
2026-07-04T06:01:25.434238+00:00,2026-07-04T06:01:25.434180,1,1,152.35,0.5,152.1,150,,,,,,,,,,,,,,,,,,,152.6,150,,,,,,,,,,,,,,,,,,
2026-07-04T06:01:25.485446+00:00,2026-07-04T06:01:25.485614,2,1,152.35,0.5,152.1,150,151.8,100,,,,,,,,,,,,,,,,,152.6,150,,,,,,,,,,,,,,,,,,
2026-07-04T06:01:25.543023+00:00,2026-07-04T06:01:25.542835,2,2,152.2,0.2,152.1,150,151.8,100,,,,,,,,,,,,,,,,,152.3,100,152.6,150,,,,,,,,,,,,,,,,
2026-07-04T06:01:26.816962+00:00,2026-07-04T06:01:26.816890,2,2,152.2,0.2,152.1,107,151.8,100,,,,,,,,,,,,,,,,,152.3,100,152.6,150,,,,,,,,,,,,,,,,
2026-07-04T06:01:27.297115+00:00,2026-07-04T06:01:27.296909,2,2,152.2,0.2,152.1,57,151.8,100,,,,,,,,,,,,,,,,,152.3,100,152.6,150,,,,,,,,,,,,,,,,
2026-07-04T06:01:28.220819+00:00,2026-07-04T06:01:28.220765,1,1,152.05,0.5,151.8,100,,,,,,,,,,,,,,,,,,,152.3,100,,,,,,,,,,,,,,,,,,
2026-07-04T06:01:28.271099+00:00,2026-07-04T06:01:28.271047,2,1,152.15,0.3,152.0,150,151.8,100,,,,,,,,,,,,,,,,,152.3,100,,,,,,,,,,,,,,,,,,
2026-07-04T06:01:28.325212+00:00,2026-07-04T06:01:28.325171,2,2,152.15,0.3,152.0,150,151.8,100,,,,,,,,,,,,,,,,,152.3,100,152.5,150,,,,,,,,,,,,,,,,
2026-07-04T06:01:28.598821+00:00,2026-07-04T06:01:28.598655,1,1,152.25,0.5,152.0,150,,,,,,,,,,,,,,,,,,,152.5,150,,,,,,,,,,,,,,,,,,
2026-07-04T06:01:28.658654+00:00,2026-07-04T06:01:28.654826,1,1,152.25,0.5,152.0,250,,,,,,,,,,,,,,,,,,,152.5,150,,,,,,,,,,,,,,,,,,
2026-07-04T06:01:28.706911+00:00,2026-07-04T06:01:28.707072,1,1,152.25,0.5,152.0,250,,,,,,,,,,,,,,,,,,,152.5,250,,,,,,,,,,,,,,,,,,
2026-07-04T06:01:31.380304+00:00,2026-07-04T06:01:31.380257,1,1,152.25,0.5,152.0,100,,,,,,,,,,,,,,,,,,,152.5,100,,,,,,,,,,,,,,,,,,
2026-07-04T06:01:31.433356+00:00,2026-07-04T06:01:31.433222,1,1,152.25,0.5,152.0,250,,,,,,,,,,,,,,,,,,,152.5,100,,,,,,,,,,,,,,,,,,
2026-07-04T06:01:31.485984+00:00,2026-07-04T06:01:31.485891,1,1,152.25,0.5,152.0,250,,,,,,,,,,,,,,,,,,,152.5,250,,,,,,,,,,,,,,,,,,
2026-07-04T06:01:31.520139+00:00,2026-07-04T06:01:31.520070,1,1,152.25,0.5,152.0,200,,,,,,,,,,,,,,,,,,,152.5,250,,,,,,,,,,,,,,,,,,
2026-07-04T06:01:31.758658+00:00,2026-07-04T06:01:31.755370,1,1,152.25,0.5,152.0,150,,,,,,,,,,,,,,,,,,,152.5,150,,,,,,,,,,,,,,,,,,
2026-07-04T06:01:31.817674+00:00,2026-07-04T06:01:31.817798,2,1,152.25,0.5,152.0,150,151.8,100,,,,,,,,,,,,,,,,,152.5,150,,,,,,,,,,,,,,,,,,
2026-07-04T06:01:31.870999+00:00,2026-07-04T06:01:31.870888,2,2,152.15,0.3,152.0,150,151.8,100,,,,,,,,,,,,,,,,,152.3,100,152.5,150,,,,,,,,,,,,,,,,
2026-07-04T06:01:34.173751+00:00,2026-07-04T06:01:34.173979,2,2,152.15,0.3,152.0,150,151.8,100,,,,,,,,,,,,,,,,,152.3,56,152.5,150,,,,,,,,,,,,,,,,
2026-07-04T06:01:34.540405+00:00,2026-07-04T06:01:34.540365,1,1,152.05,0.5,151.8,100,,,,,,,,,,,,,,,,,,,152.3,56,,,,,,,,,,,,,,,,,,
2026-07-04T06:01:34.593192+00:00,2026-07-04T06:01:34.593121,2,1,152.15,0.3,152.0,150,151.8,100,,,,,,,,,,,,,,,,,152.3,56,,,,,,,,,,,,,,,,,,
2026-07-04T06:01:34.648663+00:00,2026-07-04T06:01:34.639533,2,2,152.15,0.3,152.0,150,151.8,100,,,,,,,,,,,,,,,,,152.3,56,152.5,150,,,,,,,,,,,,,,,,
2026-07-04T06:01:34.924024+00:00,2026-07-04T06:01:34.923973,1,1,152.25,0.5,152.0,150,,,,,,,,,,,,,,,,,,,152.5,150,,,,,,,,,,,,,,,,,,
2026-07-04T06:01:34.978112+00:00,2026-07-04T06:01:34.978000,1,1,152.25,0.5,152.0,250,,,,,,,,,,,,,,,,,,,152.5,150,,,,,,,,,,,,,,,,,,
2026-07-04T06:01:35.032533+00:00,2026-07-04T06:01:35.032637,1,1,152.25,0.5,152.0,250,,,,,,,,,,,,,,,,,,,152.5,250,,,,,,,,,,,,,,,,,,
2026-07-04T06:01:37.696429+00:00,2026-07-04T06:01:37.696355,1,1,152.25,0.5,152.0,100,,,,,,,,,,,,,,,,,,,152.5,100,,,,,,,,,,,,,,,,,,
2026-07-04T06:01:37.758646+00:00,2026-07-04T06:01:37.750058,1,1,152.25,0.5,152.0,250,,,,,,,,,,,,,,,,,,,152.5,100,,,,,,,,,,,,,,,,,,
2026-07-04T06:01:37.801789+00:00,2026-07-04T06:01:37.801742,1,1,152.25,0.5,152.0,250,,,,,,,,,,,,,,,,,,,152.5,250,,,,,,,,,,,,,,,,,,
2026-07-04T06:01:37.807035+00:00,2026-07-04T06:01:37.806976,1,1,152.25,0.5,152.0,250,,,,,,,,,,,,,,,,,,,152.5,205,,,,,,,,,,,,,,,,,,
2026-07-04T06:01:38.089139+00:00,2026-07-04T06:01:38.089015,1,1,152.25,0.5,152.0,150,,,,,,,,,,,,,,,,,,,152.5,150,,,,,,,,,,,,,,,,,,
2026-07-04T06:01:38.158552+00:00,2026-07-04T06:01:38.157285,2,1,152.3,0.4,152.1,100,152.0,150,,,,,,,,,,,,,,,,,152.5,150,,,,,,,,,,,,,,,,,,
2026-07-04T06:01:38.219462+00:00,2026-07-04T06:01:38.219566,2,2,152.3,0.4,152.1,100,152.0,150,,,,,,,,,,,,,,,,,152.5,150,152.6,100,,,,,,,,,,,,,,,,
2026-07-04T06:01:39.767496+00:00,2026-07-04T06:01:39.762244,2,2,152.3,0.4,152.1,89,152.0,150,,,,,,,,,,,,,,,,,152.5,150,152.6,100,,,,,,,,,,,,,,,,
2026-07-04T06:01:39.894737+00:00,2026-07-04T06:01:39.894584,2,2,152.3,0.4,152.1,89,152.0,150,,,,,,,,,,,,,,,,,152.5,100,152.6,100,,,,,,,,,,,,,,,,
2026-07-04T06:01:40.858549+00:00,2026-07-04T06:01:40.855758,1,1,152.35,0.5,152.1,89,,,,,,,,,,,,,,,,,,,152.6,100,,,,,,,,,,,,,,,,,,
2026-07-04T06:01:40.908501+00:00,2026-07-04T06:01:40.908632,2,1,152.35,0.5,152.1,89,151.9,150,,,,,,,,,,,,,,,,,152.6,100,,,,,,,,,,,,,,,,,,
2026-07-04T06:01:40.958639+00:00,2026-07-04T06:01:40.956914,2,2,152.25,0.3,152.1,89,151.9,150,,,,,,,,,,,,,,,,,152.4,150,152.6,100,,,,,,,,,,,,,,,,
2026-07-04T06:01:41.069111+00:00,2026-07-04T06:01:41.063961,2,2,152.25,0.3,152.1,86,151.9,150,,,,,,,,,,,,,,,,,152.4,150,152.6,100,,,,,,,,,,,,,,,,
2026-07-04T06:01:41.269212+00:00,2026-07-04T06:01:41.269146,2,1,152.25,0.3,152.1,86,151.9,150,,,,,,,,,,,,,,,,,152.4,150,,,,,,,,,,,,,,,,,,
2026-07-04T06:01:41.274454+00:00,2026-07-04T06:01:41.274295,1,1,152.15,0.5,151.9,150,,,,,,,,,,,,,,,,,,,152.4,150,,,,,,,,,,,,,,,,,,
2026-07-04T06:01:41.327884+00:00,2026-07-04T06:01:41.328023,2,1,152.15,0.5,151.9,150,151.6,100,,,,,,,,,,,,,,,,,152.4,150,,,,,,,,,,,,,,,,,,
2026-07-04T06:01:41.381897+00:00,2026-07-04T06:01:41.381714,2,2,152.0,0.2,151.9,150,151.6,100,,,,,,,,,,,,,,,,,152.1,100,152.4,150,,,,,,,,,,,,,,,,
2026-07-04T06:01:42.001905+00:00,2026-07-04T06:01:42.002071,2,2,152.0,0.2,151.9,150,151.6,100,,,,,,,,,,,,,,,,,152.1,50,152.4,150,,,,,,,,,,,,,,,,
2026-07-04T06:01:43.568980+00:00,2026-07-04T06:01:43.568908,2,2,152.0,0.2,151.9,109,151.6,100,,,,,,,,,,,,,,,,,152.1,50,152.4,150,,,,,,,,,,,,,,,,
2026-07-04T06:01:44.017005+00:00,2026-07-04T06:01:44.016915,1,1,151.85,0.5,151.6,100,,,,,,,,,,,,,,,,,,,152.1,50,,,,,,,,,,,,,,,,,,
2026-07-04T06:01:44.069078+00:00,2026-07-04T06:01:44.069031,1,1,151.85,0.5,151.6,250,,,,,,,,,,,,,,,,,,,152.1,50,,,,,,,,,,,,,,,,,,
2026-07-04T06:01:44.104269+00:00,2026-07-04T06:01:44.103904,1,0,,,151.6,250,,,,,,,,,,,,,,,,,,,,,,,,,,,,,,,,,,,,,,
2026-07-04T06:01:44.122801+00:00,2026-07-04T06:01:44.122710,1,1,151.85,0.5,151.6,250,,,,,,,,,,,,,,,,,,,152.1,150,,,,,,,,,,,,,,,,,,
2026-07-04T06:01:44.439891+00:00,2026-07-04T06:01:44.439766,1,1,151.85,0.5,151.6,150,,,,,,,,,,,,,,,,,,,152.1,150,,,,,,,,,,,,,,,,,,
2026-07-04T06:01:44.493352+00:00,2026-07-04T06:01:44.493297,2,1,151.95,0.3,151.8,100,151.6,150,,,,,,,,,,,,,,,,,152.1,150,,,,,,,,,,,,,,,,,,
2026-07-04T06:01:44.550315+00:00,2026-07-04T06:01:44.550167,2,2,151.95,0.3,151.8,100,151.6,150,,,,,,,,,,,,,,,,,152.1,150,152.3,100,,,,,,,,,,,,,,,,
2026-07-04T06:01:44.775436+00:00,2026-07-04T06:01:44.775368,2,2,151.95,0.3,151.8,100,151.6,150,,,,,,,,,,,,,,,,,152.1,107,152.3,100,,,,,,,,,,,,,,,,
2026-07-04T06:01:44.826506+00:00,2026-07-04T06:01:44.826641,2,2,151.95,0.3,151.8,56,151.6,150,,,,,,,,,,,,,,,,,152.1,107,152.3,100,,,,,,,,,,,,,,,,
2026-07-04T06:01:46.220106+00:00,2026-07-04T06:01:46.220229,2,2,151.95,0.3,151.8,56,151.6,150,,,,,,,,,,,,,,,,,152.1,57,152.3,100,,,,,,,,,,,,,,,,
2026-07-04T06:01:46.284638+00:00,2026-07-04T06:01:46.284807,2,2,151.95,0.3,151.8,56,151.6,150,,,,,,,,,,,,,,,,,152.1,9,152.3,100,,,,,,,,,,,,,,,,
2026-07-04T06:01:47.191165+00:00,2026-07-04T06:01:47.191129,1,1,152.05,0.5,151.8,56,,,,,,,,,,,,,,,,,,,152.3,100,,,,,,,,,,,,,,,,,,
2026-07-04T06:01:47.249407+00:00,2026-07-04T06:01:47.244605,2,1,152.2,0.2,152.1,147,151.8,56,,,,,,,,,,,,,,,,,152.3,100,,,,,,,,,,,,,,,,,,
2026-07-04T06:01:47.292866+00:00,2026-07-04T06:01:47.292720,2,2,152.2,0.2,152.1,147,151.8,56,,,,,,,,,,,,,,,,,152.3,100,152.6,150,,,,,,,,,,,,,,,,
2026-07-04T06:01:47.603873+00:00,2026-07-04T06:01:47.604037,1,1,152.35,0.5,152.1,147,,,,,,,,,,,,,,,,,,,152.6,150,,,,,,,,,,,,,,,,,,
2026-07-04T06:01:47.661752+00:00,2026-07-04T06:01:47.661615,2,1,152.35,0.5,152.1,147,151.4,100,,,,,,,,,,,,,,,,,152.6,150,,,,,,,,,,,,,,,,,,
2026-07-04T06:01:47.715485+00:00,2026-07-04T06:01:47.715276,2,1,152.35,0.5,152.1,47,151.4,100,,,,,,,,,,,,,,,,,152.6,150,,,,,,,,,,,,,,,,,,
2026-07-04T06:01:48.319385+00:00,2026-07-04T06:01:48.319271,2,1,152.35,0.5,152.1,2,151.4,100,,,,,,,,,,,,,,,,,152.6,150,,,,,,,,,,,,,,,,,,
2026-07-04T06:01:48.390993+00:00,2026-07-04T06:01:48.390916,1,1,152.0,1.2,151.4,100,,,,,,,,,,,,,,,,,,,152.6,150,,,,,,,,,,,,,,,,,,
2026-07-04T06:01:49.304899+00:00,2026-07-04T06:01:49.304853,1,1,152.0,1.2,151.4,54,,,,,,,,,,,,,,,,,,,152.6,150,,,,,,,,,,,,,,,,,,
2026-07-04T06:01:50.348788+00:00,2026-07-04T06:01:50.348630,1,0,,,151.4,54,,,,,,,,,,,,,,,,,,,,,,,,,,,,,,,,,,,,,,
2026-07-04T06:01:50.401201+00:00,2026-07-04T06:01:50.401106,2,0,,,151.5,150,151.4,54,,,,,,,,,,,,,,,,,,,,,,,,,,,,,,,,,,,,
2026-07-04T06:01:50.453364+00:00,2026-07-04T06:01:50.453481,2,1,151.75,0.5,151.5,150,151.4,54,,,,,,,,,,,,,,,,,152.0,150,,,,,,,,,,,,,,,,,,
2026-07-04T06:01:50.468078+00:00,2026-07-04T06:01:50.462725,2,1,151.75,0.5,151.5,150,151.4,54,,,,,,,,,,,,,,,,,152.0,147,,,,,,,,,,,,,,,,,,
2026-07-04T06:01:50.499183+00:00,2026-07-04T06:01:50.499142,2,1,151.75,0.5,151.5,100,151.4,54,,,,,,,,,,,,,,,,,152.0,147,,,,,,,,,,,,,,,,,,
2026-07-04T06:01:50.771278+00:00,2026-07-04T06:01:50.771383,1,1,151.75,0.5,151.5,100,,,,,,,,,,,,,,,,,,,152.0,147,,,,,,,,,,,,,,,,,,
2026-07-04T06:01:50.784678+00:00,2026-07-04T06:01:50.784573,1,1,151.75,0.5,151.5,100,,,,,,,,,,,,,,,,,,,152.0,105,,,,,,,,,,,,,,,,,,
2026-07-04T06:01:50.821403+00:00,2026-07-04T06:01:50.821333,2,1,151.95,0.1,151.9,100,151.5,100,,,,,,,,,,,,,,,,,152.0,105,,,,,,,,,,,,,,,,,,
2026-07-04T06:01:50.874655+00:00,2026-07-04T06:01:50.874559,2,2,151.95,0.1,151.9,100,151.5,100,,,,,,,,,,,,,,,,,152.0,105,152.4,100,,,,,,,,,,,,,,,,
2026-07-04T06:01:52.609372+00:00,2026-07-04T06:01:52.609163,2,2,151.95,0.1,151.9,50,151.5,100,,,,,,,,,,,,,,,,,152.0,105,152.4,100,,,,,,,,,,,,,,,,
2026-07-04T06:01:53.506766+00:00,2026-07-04T06:01:53.506577,1,1,152.15,0.5,151.9,50,,,,,,,,,,,,,,,,,,,152.4,100,,,,,,,,,,,,,,,,,,
2026-07-04T06:01:53.558687+00:00,2026-07-04T06:01:53.555057,2,1,152.15,0.5,151.9,50,151.1,150,,,,,,,,,,,,,,,,,152.4,100,,,,,,,,,,,,,,,,,,
2026-07-04T06:01:53.612067+00:00,2026-07-04T06:01:53.611925,1,2,151.35,0.5,151.1,150,,,,,,,,,,,,,,,,,,,151.6,100,152.4,100,,,,,,,,,,,,,,,,
2026-07-04T06:01:53.931526+00:00,2026-07-04T06:01:53.931402,1,1,151.35,0.5,151.1,150,,,,,,,,,,,,,,,,,,,151.6,57,,,,,,,,,,,,,,,,,,
2026-07-04T06:01:53.984210+00:00,2026-07-04T06:01:53.984181,2,1,151.4,0.4,151.2,58,151.1,150,,,,,,,,,,,,,,,,,151.6,57,,,,,,,,,,,,,,,,,,
2026-07-04T06:01:54.036745+00:00,2026-07-04T06:01:54.036567,2,2,151.4,0.4,151.2,58,151.1,150,,,,,,,,,,,,,,,,,151.6,57,151.7,100,,,,,,,,,,,,,,,,
2026-07-04T06:01:54.505742+00:00,2026-07-04T06:01:54.499946,2,2,151.4,0.4,151.2,58,151.1,150,,,,,,,,,,,,,,,,,151.6,43,151.7,100,,,,,,,,,,,,,,,,
2026-07-04T06:01:54.628884+00:00,2026-07-04T06:01:54.628826,2,1,151.45,0.5,151.2,58,151.1,150,,,,,,,,,,,,,,,,,151.7,98,,,,,,,,,,,,,,,,,,
2026-07-04T06:01:54.658568+00:00,2026-07-04T06:01:54.654618,2,1,151.45,0.5,151.2,58,151.1,150,,,,,,,,,,,,,,,,,151.7,48,,,,,,,,,,,,,,,,,,
2026-07-04T06:01:56.176823+00:00,2026-07-04T06:01:56.176743,2,1,151.45,0.5,151.2,9,151.1,150,,,,,,,,,,,,,,,,,151.7,48,,,,,,,,,,,,,,,,,,
2026-07-04T06:01:56.666740+00:00,2026-07-04T06:01:56.666902,1,1,151.45,0.5,151.2,9,,,,,,,,,,,,,,,,,,,151.7,48,,,,,,,,,,,,,,,,,,
2026-07-04T06:01:56.721715+00:00,2026-07-04T06:01:56.721575,2,0,,,151.8,102,151.2,9,,,,,,,,,,,,,,,,,,,,,,,,,,,,,,,,,,,,
2026-07-04T06:01:56.774419+00:00,2026-07-04T06:01:56.774594,2,1,152.05,0.5,151.8,102,151.2,9,,,,,,,,,,,,,,,,,152.3,150,,,,,,,,,,,,,,,,,,
2026-07-04T06:01:56.790426+00:00,2026-07-04T06:01:56.784223,2,1,152.05,0.5,151.8,88,151.2,9,,,,,,,,,,,,,,,,,152.3,150,,,,,,,,,,,,,,,,,,
2026-07-04T06:01:56.820842+00:00,2026-07-04T06:01:56.820729,2,1,152.05,0.5,151.8,38,151.2,9,,,,,,,,,,,,,,,,,152.3,150,,,,,,,,,,,,,,,,,,
2026-07-04T06:01:57.091306+00:00,2026-07-04T06:01:57.091218,1,1,152.05,0.5,151.8,38,,,,,,,,,,,,,,,,,,,152.3,150,,,,,,,,,,,,,,,,,,
2026-07-04T06:01:57.144103+00:00,2026-07-04T06:01:57.144262,2,1,152.05,0.5,151.8,38,151.2,100,,,,,,,,,,,,,,,,,152.3,150,,,,,,,,,,,,,,,,,,
2026-07-04T06:01:57.197517+00:00,2026-07-04T06:01:57.197374,1,2,151.45,0.5,151.2,100,,,,,,,,,,,,,,,,,,,151.7,62,152.3,150,,,,,,,,,,,,,,,,
2026-07-04T06:01:58.621831+00:00,2026-07-04T06:01:58.621763,1,2,151.45,0.5,151.2,100,,,,,,,,,,,,,,,,,,,151.7,18,152.3,150,,,,,,,,,,,,,,,,
2026-07-04T06:01:58.927848+00:00,2026-07-04T06:01:58.927783,1,2,151.45,0.5,151.2,50,,,,,,,,,,,,,,,,,,,151.7,18,152.3,150,,,,,,,,,,,,,,,,
2026-07-04T06:01:59.823824+00:00,2026-07-04T06:01:59.823793,1,2,151.45,0.5,151.2,8,,,,,,,,,,,,,,,,,,,151.7,18,152.3,150,,,,,,,,,,,,,,,,
2026-07-04T06:01:59.829092+00:00,2026-07-04T06:01:59.828951,1,1,151.45,0.5,151.2,8,,,,,,,,,,,,,,,,,,,151.7,18,,,,,,,,,,,,,,,,,,
2026-07-04T06:01:59.879599+00:00,2026-07-04T06:01:59.879548,1,1,151.45,0.5,151.2,158,,,,,,,,,,,,,,,,,,,151.7,18,,,,,,,,,,,,,,,,,,
2026-07-04T06:01:59.937798+00:00,2026-07-04T06:01:59.937686,1,1,151.45,0.5,151.2,158,,,,,,,,,,,,,,,,,,,151.7,168,,,,,,,,,,,,,,,,,,
2026-07-04T06:02:00.253366+00:00,2026-07-04T06:02:00.253248,1,1,151.45,0.5,151.2,150,,,,,,,,,,,,,,,,,,,151.7,150,,,,,,,,,,,,,,,,,,
2026-07-04T06:02:00.309126+00:00,2026-07-04T06:02:00.309043,2,1,151.5,0.4,151.3,100,151.2,150,,,,,,,,,,,,,,,,,151.7,150,,,,,,,,,,,,,,,,,,
2026-07-04T06:02:00.358612+00:00,2026-07-04T06:02:00.357223,2,2,151.5,0.4,151.3,100,151.2,150,,,,,,,,,,,,,,,,,151.7,150,151.8,100,,,,,,,,,,,,,,,,
2026-07-04T06:02:01.033893+00:00,2026-07-04T06:02:01.033839,2,2,151.5,0.4,151.3,50,151.2,150,,,,,,,,,,,,,,,,,151.7,150,151.8,100,,,,,,,,,,,,,,,,
2026-07-04T06:02:02.369607+00:00,2026-07-04T06:02:02.369511,2,2,151.5,0.4,151.3,4,151.2,150,,,,,,,,,,,,,,,,,151.7,150,151.8,100,,,,,,,,,,,,,,,,
2026-07-04T06:02:02.990294+00:00,2026-07-04T06:02:02.990165,1,1,151.55,0.5,151.3,4,,,,,,,,,,,,,,,,,,,151.8,100,,,,,,,,,,,,,,,,,,
2026-07-04T06:02:03.045597+00:00,2026-07-04T06:02:03.045480,2,1,151.55,0.5,151.3,4,151.2,150,,,,,,,,,,,,,,,,,151.8,100,,,,,,,,,,,,,,,,,,
2026-07-04T06:02:03.098407+00:00,2026-07-04T06:02:03.098263,2,2,151.5,0.4,151.3,4,151.2,150,,,,,,,,,,,,,,,,,151.7,150,151.8,100,,,,,,,,,,,,,,,,
2026-07-04T06:02:03.141558+00:00,2026-07-04T06:02:03.141496,1,2,151.45,0.5,151.2,104,,,,,,,,,,,,,,,,,,,151.7,150,151.8,100,,,,,,,,,,,,,,,,
2026-07-04T06:02:03.416888+00:00,2026-07-04T06:02:03.416737,1,1,151.45,0.5,151.2,104,,,,,,,,,,,,,,,,,,,151.7,150,,,,,,,,,,,,,,,,,,
2026-07-04T06:02:03.474015+00:00,2026-07-04T06:02:03.473848,2,1,151.45,0.5,151.2,104,151.0,100,,,,,,,,,,,,,,,,,151.7,150,,,,,,,,,,,,,,,,,,
2026-07-04T06:02:03.538720+00:00,2026-07-04T06:02:03.533542,2,2,151.35,0.3,151.2,104,151.0,100,,,,,,,,,,,,,,,,,151.5,97,151.7,150,,,,,,,,,,,,,,,,
2026-07-04T06:02:04.654438+00:00,2026-07-04T06:02:04.648927,2,2,151.35,0.3,151.2,104,151.0,100,,,,,,,,,,,,,,,,,151.5,86,151.7,150,,,,,,,,,,,,,,,,
2026-07-04T06:02:05.258361+00:00,2026-07-04T06:02:05.258494,2,2,151.35,0.3,151.2,54,151.0,100,,,,,,,,,,,,,,,,,151.5,86,151.7,150,,,,,,,,,,,,,,,,
2026-07-04T06:02:06.149742+00:00,2026-07-04T06:02:06.149707,1,1,151.25,0.5,151.0,100,,,,,,,,,,,,,,,,,,,151.5,86,,,,,,,,,,,,,,,,,,
2026-07-04T06:02:06.208418+00:00,2026-07-04T06:02:06.208547,2,1,151.25,0.5,151.0,100,150.9,150,,,,,,,,,,,,,,,,,151.5,86,,,,,,,,,,,,,,,,,,
2026-07-04T06:02:06.268096+00:00,2026-07-04T06:02:06.262526,2,2,151.2,0.4,151.0,100,150.9,150,,,,,,,,,,,,,,,,,151.4,138,151.5,86,,,,,,,,,,,,,,,,
2026-07-04T06:02:06.369485+00:00,2026-07-04T06:02:06.369350,2,2,151.2,0.4,151.0,100,150.9,150,,,,,,,,,,,,,,,,,151.4,91,151.5,86,,,,,,,,,,,,,,,,
2026-07-04T06:02:06.582645+00:00,2026-07-04T06:02:06.582540,1,1,151.15,0.5,150.9,150,,,,,,,,,,,,,,,,,,,151.4,91,,,,,,,,,,,,,,,,,,
2026-07-04T06:02:06.637079+00:00,2026-07-04T06:02:06.637010,2,1,151.25,0.3,151.1,100,150.9,150,,,,,,,,,,,,,,,,,151.4,91,,,,,,,,,,,,,,,,,,
2026-07-04T06:02:06.689671+00:00,2026-07-04T06:02:06.689563,2,2,151.25,0.3,151.1,100,150.9,150,,,,,,,,,,,,,,,,,151.4,91,151.6,100,,,,,,,,,,,,,,,,
2026-07-04T06:02:07.310161+00:00,2026-07-04T06:02:07.310036,2,2,151.25,0.3,151.1,100,150.9,150,,,,,,,,,,,,,,,,,151.4,41,151.6,100,,,,,,,,,,,,,,,,
2026-07-04T06:02:09.312368+00:00,2026-07-04T06:02:09.312483,2,1,151.35,0.5,151.1,100,150.9,150,,,,,,,,,,,,,,,,,151.6,100,,,,,,,,,,,,,,,,,,
2026-07-04T06:02:09.317849+00:00,2026-07-04T06:02:09.317657,1,1,151.35,0.5,151.1,100,,,,,,,,,,,,,,,,,,,151.6,100,,,,,,,,,,,,,,,,,,
2026-07-04T06:02:09.371189+00:00,2026-07-04T06:02:09.371307,1,1,151.35,0.5,151.1,250,,,,,,,,,,,,,,,,,,,151.6,100,,,,,,,,,,,,,,,,,,
2026-07-04T06:02:09.415135+00:00,2026-07-04T06:02:09.415308,1,1,151.35,0.5,151.1,250,,,,,,,,,,,,,,,,,,,151.6,50,,,,,,,,,,,,,,,,,,
2026-07-04T06:02:09.420533+00:00,2026-07-04T06:02:09.420487,1,1,151.35,0.5,151.1,250,,,,,,,,,,,,,,,,,,,151.6,200,,,,,,,,,,,,,,,,,,
2026-07-04T06:02:09.744084+00:00,2026-07-04T06:02:09.743995,1,1,151.35,0.5,151.1,150,,,,,,,,,,,,,,,,,,,151.6,150,,,,,,,,,,,,,,,,,,
2026-07-04T06:02:09.797730+00:00,2026-07-04T06:02:09.797838,2,1,151.35,0.5,151.1,150,151.0,100,,,,,,,,,,,,,,,,,151.6,150,,,,,,,,,,,,,,,,,,
2026-07-04T06:02:09.849245+00:00,2026-07-04T06:02:09.849466,2,2,151.3,0.4,151.1,150,151.0,100,,,,,,,,,,,,,,,,,151.5,100,151.6,150,,,,,,,,,,,,,,,,
2026-07-04T06:02:12.474988+00:00,2026-07-04T06:02:12.474887,1,1,151.25,0.5,151.0,100,,,,,,,,,,,,,,,,,,,151.5,100,,,,,,,,,,,,,,,,,,
2026-07-04T06:02:12.533034+00:00,2026-07-04T06:02:12.532924,2,1,151.4,0.2,151.3,150,151.0,100,,,,,,,,,,,,,,,,,151.5,100,,,,,,,,,,,,,,,,,,
2026-07-04T06:02:12.595810+00:00,2026-07-04T06:02:12.595887,2,2,151.4,0.2,151.3,150,151.0,100,,,,,,,,,,,,,,,,,151.5,100,151.8,150,,,,,,,,,,,,,,,,
2026-07-04T06:02:12.905093+00:00,2026-07-04T06:02:12.904975,1,1,151.55,0.5,151.3,150,,,,,,,,,,,,,,,,,,,151.8,150,,,,,,,,,,,,,,,,,,
2026-07-04T06:02:12.959099+00:00,2026-07-04T06:02:12.959251,1,1,151.55,0.5,151.3,250,,,,,,,,,,,,,,,,,,,151.8,150,,,,,,,,,,,,,,,,,,
2026-07-04T06:02:13.012344+00:00,2026-07-04T06:02:13.012204,1,1,151.55,0.5,151.3,250,,,,,,,,,,,,,,,,,,,151.8,250,,,,,,,,,,,,,,,,,,
2026-07-04T06:02:15.058647+00:00,2026-07-04T06:02:15.054556,1,1,151.55,0.5,151.3,208,,,,,,,,,,,,,,,,,,,151.8,250,,,,,,,,,,,,,,,,,,
2026-07-04T06:02:15.649268+00:00,2026-07-04T06:02:15.649188,1,1,151.55,0.5,151.3,100,,,,,,,,,,,,,,,,,,,151.8,100,,,,,,,,,,,,,,,,,,
2026-07-04T06:02:15.704209+00:00,2026-07-04T06:02:15.704085,2,1,151.55,0.5,151.3,100,150.9,150,,,,,,,,,,,,,,,,,151.8,100,,,,,,,,,,,,,,,,,,
2026-07-04T06:02:15.733993+00:00,2026-07-04T06:02:15.733855,2,1,151.55,0.5,151.3,100,150.9,150,,,,,,,,,,,,,,,,,151.8,50,,,,,,,,,,,,,,,,,,
2026-07-04T06:02:15.758593+00:00,2026-07-04T06:02:15.757013,2,2,151.35,0.1,151.3,100,150.9,150,,,,,,,,,,,,,,,,,151.4,150,151.8,50,,,,,,,,,,,,,,,,
2026-07-04T06:02:16.058657+00:00,2026-07-04T06:02:16.057344,1,1,151.15,0.5,150.9,150,,,,,,,,,,,,,,,,,,,151.4,150,,,,,,,,,,,,,,,,,,
2026-07-04T06:02:16.114961+00:00,2026-07-04T06:02:16.114909,2,1,151.25,0.3,151.1,100,150.9,150,,,,,,,,,,,,,,,,,151.4,150,,,,,,,,,,,,,,,,,,
2026-07-04T06:02:16.172062+00:00,2026-07-04T06:02:16.171977,2,2,151.25,0.3,151.1,100,150.9,150,,,,,,,,,,,,,,,,,151.4,150,151.6,100,,,,,,,,,,,,,,,,
2026-07-04T06:02:17.840255+00:00,2026-07-04T06:02:17.840107,2,2,151.25,0.3,151.1,100,150.9,150,,,,,,,,,,,,,,,,,151.4,100,151.6,100,,,,,,,,,,,,,,,,
2026-07-04T06:02:18.811273+00:00,2026-07-04T06:02:18.811154,1,1,151.35,0.5,151.1,100,,,,,,,,,,,,,,,,,,,151.6,100,,,,,,,,,,,,,,,,,,
2026-07-04T06:02:18.864910+00:00,2026-07-04T06:02:18.864777,2,1,151.4,0.4,151.2,150,151.1,100,,,,,,,,,,,,,,,,,151.6,100,,,,,,,,,,,,,,,,,,
2026-07-04T06:02:18.917959+00:00,2026-07-04T06:02:18.918096,2,2,151.4,0.4,151.2,150,151.1,100,,,,,,,,,,,,,,,,,151.6,100,151.7,150,,,,,,,,,,,,,,,,
2026-07-04T06:02:19.239167+00:00,2026-07-04T06:02:19.239381,2,1,151.45,0.5,151.2,150,151.1,100,,,,,,,,,,,,,,,,,151.7,150,,,,,,,,,,,,,,,,,,
2026-07-04T06:02:19.244692+00:00,2026-07-04T06:02:19.244554,1,1,151.45,0.5,151.2,150,,,,,,,,,,,,,,,,,,,151.7,150,,,,,,,,,,,,,,,,,,
2026-07-04T06:02:19.296981+00:00,2026-07-04T06:02:19.296819,1,1,151.45,0.5,151.2,250,,,,,,,,,,,,,,,,,,,151.7,150,,,,,,,,,,,,,,,,,,
2026-07-04T06:02:19.349255+00:00,2026-07-04T06:02:19.349104,1,1,151.45,0.5,151.2,250,,,,,,,,,,,,,,,,,,,151.7,250,,,,,,,,,,,,,,,,,,
2026-07-04T06:02:19.368544+00:00,2026-07-04T06:02:19.368401,1,1,151.45,0.5,151.2,250,,,,,,,,,,,,,,,,,,,151.7,210,,,,,,,,,,,,,,,,,,
2026-07-04T06:02:19.946826+00:00,2026-07-04T06:02:19.946724,1,1,151.45,0.5,151.2,250,,,,,,,,,,,,,,,,,,,151.7,160,,,,,,,,,,,,,,,,,,
2026-07-04T06:02:21.972626+00:00,2026-07-04T06:02:21.972556,1,1,151.45,0.5,151.2,100,,,,,,,,,,,,,,,,,,,151.7,100,,,,,,,,,,,,,,,,,,
2026-07-04T06:02:22.038181+00:00,2026-07-04T06:02:22.032433,2,1,151.65,0.1,151.6,138,151.2,100,,,,,,,,,,,,,,,,,151.7,100,,,,,,,,,,,,,,,,,,
2026-07-04T06:02:22.053816+00:00,2026-07-04T06:02:22.053781,2,1,151.65,0.1,151.6,138,151.2,100,,,,,,,,,,,,,,,,,151.7,50,,,,,,,,,,,,,,,,,,
2026-07-04T06:02:22.080875+00:00,2026-07-04T06:02:22.080681,2,2,151.65,0.1,151.6,138,151.2,100,,,,,,,,,,,,,,,,,151.7,50,152.1,150,,,,,,,,,,,,,,,,
2026-07-04T06:02:22.404404+00:00,2026-07-04T06:02:22.404356,1,1,151.85,0.5,151.6,138,,,,,,,,,,,,,,,,,,,152.1,150,,,,,,,,,,,,,,,,,,
2026-07-04T06:02:22.458797+00:00,2026-07-04T06:02:22.454062,2,1,151.85,0.5,151.6,138,151.5,100,,,,,,,,,,,,,,,,,152.1,150,,,,,,,,,,,,,,,,,,
2026-07-04T06:02:22.512030+00:00,2026-07-04T06:02:22.511970,2,2,151.8,0.4,151.6,138,151.5,100,,,,,,,,,,,,,,,,,152.0,100,152.1,150,,,,,,,,,,,,,,,,
2026-07-04T06:02:24.158628+00:00,2026-07-04T06:02:24.153121,2,2,151.8,0.4,151.6,138,151.5,100,,,,,,,,,,,,,,,,,152.0,50,152.1,150,,,,,,,,,,,,,,,,
2026-07-04T06:02:24.339929+00:00,2026-07-04T06:02:24.334531,2,2,151.8,0.4,151.6,124,151.5,100,,,,,,,,,,,,,,,,,152.0,50,152.1,150,,,,,,,,,,,,,,,,
2026-07-04T06:02:25.130668+00:00,2026-07-04T06:02:25.130798,2,1,151.8,0.4,151.6,124,151.5,100,,,,,,,,,,,,,,,,,152.0,50,,,,,,,,,,,,,,,,,,
2026-07-04T06:02:25.136111+00:00,2026-07-04T06:02:25.136005,1,1,151.75,0.5,151.5,100,,,,,,,,,,,,,,,,,,,152.0,50,,,,,,,,,,,,,,,,,,
2026-07-04T06:02:25.189067+00:00,2026-07-04T06:02:25.189215,2,1,151.75,0.5,151.5,100,151.3,150,,,,,,,,,,,,,,,,,152.0,50,,,,,,,,,,,,,,,,,,
2026-07-04T06:02:25.247092+00:00,2026-07-04T06:02:25.246945,2,2,151.65,0.3,151.5,100,151.3,150,,,,,,,,,,,,,,,,,151.8,150,152.0,50,,,,,,,,,,,,,,,,
2026-07-04T06:02:25.473628+00:00,2026-07-04T06:02:25.473496,2,2,151.65,0.3,151.5,100,151.3,150,,,,,,,,,,,,,,,,,151.8,109,152.0,50,,,,,,,,,,,,,,,,
2026-07-04T06:02:25.567225+00:00,2026-07-04T06:02:25.567077,1,1,151.55,0.5,151.3,150,,,,,,,,,,,,,,,,,,,151.8,109,,,,,,,,,,,,,,,,,,
2026-07-04T06:02:25.621629+00:00,2026-07-04T06:02:25.621589,2,1,151.6,0.4,151.4,100,151.3,150,,,,,,,,,,,,,,,,,151.8,109,,,,,,,,,,,,,,,,,,
2026-07-04T06:02:25.674685+00:00,2026-07-04T06:02:25.674585,2,2,151.6,0.4,151.4,100,151.3,150,,,,,,,,,,,,,,,,,151.8,109,151.9,100,,,,,,,,,,,,,,,,
2026-07-04T06:02:26.264279+00:00,2026-07-04T06:02:26.264477,2,2,151.6,0.4,151.4,100,151.3,150,,,,,,,,,,,,,,,,,151.8,59,151.9,100,,,,,,,,,,,,,,,,
2026-07-04T06:02:26.424859+00:00,2026-07-04T06:02:26.424793,2,2,151.6,0.4,151.4,57,151.3,150,,,,,,,,,,,,,,,,,151.8,59,151.9,100,,,,,,,,,,,,,,,,
2026-07-04T06:02:27.511154+00:00,2026-07-04T06:02:27.511027,2,2,151.6,0.4,151.4,14,151.3,150,,,,,,,,,,,,,,,,,151.8,59,151.9,100,,,,,,,,,,,,,,,,
2026-07-04T06:02:28.295034+00:00,2026-07-04T06:02:28.294834,1,1,151.65,0.5,151.4,14,,,,,,,,,,,,,,,,,,,151.9,100,,,,,,,,,,,,,,,,,,
2026-07-04T06:02:28.345791+00:00,2026-07-04T06:02:28.345947,2,1,151.85,0.1,151.8,150,151.4,14,,,,,,,,,,,,,,,,,151.9,100,,,,,,,,,,,,,,,,,,
2026-07-04T06:02:28.369161+00:00,2026-07-04T06:02:28.369086,2,1,151.85,0.1,151.8,150,151.4,14,,,,,,,,,,,,,,,,,151.9,50,,,,,,,,,,,,,,,,,,
2026-07-04T06:02:28.402609+00:00,2026-07-04T06:02:28.402471,2,2,151.85,0.1,151.8,150,151.4,14,,,,,,,,,,,,,,,,,151.9,50,152.3,150,,,,,,,,,,,,,,,,
2026-07-04T06:02:28.727635+00:00,2026-07-04T06:02:28.727603,2,1,152.05,0.5,151.8,150,151.4,14,,,,,,,,,,,,,,,,,152.3,150,,,,,,,,,,,,,,,,,,
2026-07-04T06:02:28.732798+00:00,2026-07-04T06:02:28.732761,1,1,152.05,0.5,151.8,150,,,,,,,,,,,,,,,,,,,152.3,150,,,,,,,,,,,,,,,,,,
2026-07-04T06:02:28.780803+00:00,2026-07-04T06:02:28.780731,2,1,152.05,0.5,151.8,150,151.5,100,,,,,,,,,,,,,,,,,152.3,150,,,,,,,,,,,,,,,,,,
2026-07-04T06:02:28.832269+00:00,2026-07-04T06:02:28.832142,2,2,151.9,0.2,151.8,150,151.5,100,,,,,,,,,,,,,,,,,152.0,100,152.3,150,,,,,,,,,,,,,,,,
2026-07-04T06:02:29.996370+00:00,2026-07-04T06:02:29.996305,2,2,151.9,0.2,151.8,109,151.5,100,,,,,,,,,,,,,,,,,152.0,100,152.3,150,,,,,,,,,,,,,,,,
2026-07-04T06:02:30.477765+00:00,2026-07-04T06:02:30.477641,2,2,151.9,0.2,151.8,109,151.5,100,,,,,,,,,,,,,,,,,152.0,50,152.3,150,,,,,,,,,,,,,,,,
2026-07-04T06:02:31.028477+00:00,2026-07-04T06:02:31.028348,2,2,151.9,0.2,151.8,109,151.5,100,,,,,,,,,,,,,,,,,152.0,7,152.3,150,,,,,,,,,,,,,,,,
2026-07-04T06:02:31.458652+00:00,2026-07-04T06:02:31.452371,1,1,151.75,0.5,151.5,100,,,,,,,,,,,,,,,,,,,152.0,7,,,,,,,,,,,,,,,,,,
2026-07-04T06:02:31.513416+00:00,2026-07-04T06:02:31.513297,2,1,151.8,0.4,151.6,150,151.5,100,,,,,,,,,,,,,,,,,152.0,7,,,,,,,,,,,,,,,,,,
2026-07-04T06:02:31.566579+00:00,2026-07-04T06:02:31.566434,2,2,151.8,0.4,151.6,150,151.5,100,,,,,,,,,,,,,,,,,152.0,7,152.1,150,,,,,,,,,,,,,,,,
2026-07-04T06:02:31.886283+00:00,2026-07-04T06:02:31.886204,2,1,151.85,0.5,151.6,150,151.5,100,,,,,,,,,,,,,,,,,152.1,150,,,,,,,,,,,,,,,,,,
2026-07-04T06:02:31.891455+00:00,2026-07-04T06:02:31.891356,1,1,151.85,0.5,151.6,150,,,,,,,,,,,,,,,,,,,152.1,150,,,,,,,,,,,,,,,,,,
2026-07-04T06:02:31.940703+00:00,2026-07-04T06:02:31.940637,2,1,151.9,0.4,151.7,100,151.6,150,,,,,,,,,,,,,,,,,152.1,150,,,,,,,,,,,,,,,,,,
2026-07-04T06:02:32.000930+00:00,2026-07-04T06:02:32.000763,2,2,151.9,0.4,151.7,100,151.6,150,,,,,,,,,,,,,,,,,152.1,150,152.2,100,,,,,,,,,,,,,,,,
2026-07-04T06:02:32.246457+00:00,2026-07-04T06:02:32.246327,2,2,151.9,0.4,151.7,51,151.6,150,,,,,,,,,,,,,,,,,152.1,150,152.2,100,,,,,,,,,,,,,,,,
2026-07-04T06:02:32.590160+00:00,2026-07-04T06:02:32.590301,2,2,151.9,0.4,151.7,51,151.6,150,,,,,,,,,,,,,,,,,152.1,100,152.2,100,,,,,,,,,,,,,,,,
2026-07-04T06:02:34.622542+00:00,2026-07-04T06:02:34.622430,1,1,151.95,0.5,151.7,51,,,,,,,,,,,,,,,,,,,152.2,100,,,,,,,,,,,,,,,,,,
2026-07-04T06:02:34.679416+00:00,2026-07-04T06:02:34.679256,2,1,152.05,0.3,151.9,150,151.7,51,,,,,,,,,,,,,,,,,152.2,100,,,,,,,,,,,,,,,,,,
2026-07-04T06:02:34.695435+00:00,2026-07-04T06:02:34.695399,2,1,152.05,0.3,151.9,150,151.7,51,,,,,,,,,,,,,,,,,152.2,50,,,,,,,,,,,,,,,,,,
2026-07-04T06:02:34.732127+00:00,2026-07-04T06:02:34.732006,2,2,152.05,0.3,151.9,150,151.7,51,,,,,,,,,,,,,,,,,152.2,50,152.4,150,,,,,,,,,,,,,,,,
2026-07-04T06:02:35.058591+00:00,2026-07-04T06:02:35.058216,1,1,152.15,0.5,151.9,150,,,,,,,,,,,,,,,,,,,152.4,150,,,,,,,,,,,,,,,,,,
2026-07-04T06:02:35.107043+00:00,2026-07-04T06:02:35.106920,1,1,152.15,0.5,151.9,250,,,,,,,,,,,,,,,,,,,152.4,150,,,,,,,,,,,,,,,,,,
2026-07-04T06:02:35.158667+00:00,2026-07-04T06:02:35.157634,1,1,152.15,0.5,151.9,250,,,,,,,,,,,,,,,,,,,152.4,250,,,,,,,,,,,,,,,,,,
2026-07-04T06:02:36.809238+00:00,2026-07-04T06:02:36.809145,1,1,152.15,0.5,151.9,250,,,,,,,,,,,,,,,,,,,152.4,200,,,,,,,,,,,,,,,,,,
2026-07-04T06:02:37.786600+00:00,2026-07-04T06:02:37.786505,1,1,152.15,0.5,151.9,100,,,,,,,,,,,,,,,,,,,152.4,100,,,,,,,,,,,,,,,,,,
2026-07-04T06:02:37.851193+00:00,2026-07-04T06:02:37.845673,2,1,152.3,0.2,152.2,147,151.9,100,,,,,,,,,,,,,,,,,152.4,100,,,,,,,,,,,,,,,,,,
2026-07-04T06:02:37.894652+00:00,2026-07-04T06:02:37.894546,2,2,152.3,0.2,152.2,147,151.9,100,,,,,,,,,,,,,,,,,152.4,100,152.7,150,,,,,,,,,,,,,,,,
2026-07-04T06:02:38.213861+00:00,2026-07-04T06:02:38.214107,1,1,152.45,0.5,152.2,147,,,,,,,,,,,,,,,,,,,152.7,150,,,,,,,,,,,,,,,,,,
2026-07-04T06:02:38.272876+00:00,2026-07-04T06:02:38.272788,2,1,152.45,0.5,152.2,147,151.9,100,,,,,,,,,,,,,,,,,152.7,150,,,,,,,,,,,,,,,,,,
2026-07-04T06:02:38.324452+00:00,2026-07-04T06:02:38.324284,2,2,152.3,0.2,152.2,147,151.9,100,,,,,,,,,,,,,,,,,152.4,100,152.7,150,,,,,,,,,,,,,,,,
2026-07-04T06:02:38.646567+00:00,2026-07-04T06:02:38.637562,1,2,152.15,0.5,151.9,100,,,,,,,,,,,,,,,,,,,152.4,100,152.7,150,,,,,,,,,,,,,,,,
2026-07-04T06:02:38.918774+00:00,2026-07-04T06:02:38.918624,1,2,152.15,0.5,151.9,100,,,,,,,,,,,,,,,,,,,152.4,50,152.7,150,,,,,,,,,,,,,,,,
2026-07-04T06:02:40.158588+00:00,2026-07-04T06:02:40.158408,1,2,152.15,0.5,151.9,100,,,,,,,,,,,,,,,,,,,152.4,2,152.7,150,,,,,,,,,,,,,,,,
2026-07-04T06:02:40.771452+00:00,2026-07-04T06:02:40.771351,1,1,152.3,0.8,151.9,100,,,,,,,,,,,,,,,,,,,152.7,150,,,,,,,,,,,,,,,,,,
2026-07-04T06:02:40.948122+00:00,2026-07-04T06:02:40.947927,1,0,,,151.9,100,,,,,,,,,,,,,,,,,,,,,,,,,,,,,,,,,,,,,,
2026-07-04T06:02:40.996593+00:00,2026-07-04T06:02:40.996480,2,0,,,151.9,100,151.6,150,,,,,,,,,,,,,,,,,,,,,,,,,,,,,,,,,,,,
2026-07-04T06:02:41.064186+00:00,2026-07-04T06:02:41.064040,2,1,152.0,0.2,151.9,100,151.6,150,,,,,,,,,,,,,,,,,152.1,150,,,,,,,,,,,,,,,,,,
2026-07-04T06:02:41.383981+00:00,2026-07-04T06:02:41.383833,1,1,151.85,0.5,151.6,150,,,,,,,,,,,,,,,,,,,152.1,150,,,,,,,,,,,,,,,,,,
2026-07-04T06:02:41.439723+00:00,2026-07-04T06:02:41.439647,1,1,151.85,0.5,151.6,150,,,,,,,,,,,,,,,,,,,152.1,50,,,,,,,,,,,,,,,,,,
2026-07-04T06:02:41.489691+00:00,2026-07-04T06:02:41.489837,1,2,151.85,0.5,151.6,150,,,,,,,,,,,,,,,,,,,152.1,50,152.7,100,,,,,,,,,,,,,,,,
2026-07-04T06:02:43.184676+00:00,2026-07-04T06:02:43.184603,1,2,151.85,0.5,151.6,100,,,,,,,,,,,,,,,,,,,152.1,50,152.7,100,,,,,,,,,,,,,,,,
2026-07-04T06:02:43.907077+00:00,2026-07-04T06:02:43.906887,1,2,151.85,0.5,151.6,100,,,,,,,,,,,,,,,,,,,152.1,6,152.7,100,,,,,,,,,,,,,,,,
2026-07-04T06:02:44.116161+00:00,2026-07-04T06:02:44.116285,0,1,,,,,,,,,,,,,,,,,,,,,,,152.7,100,,,,,,,,,,,,,,,,,,
2026-07-04T06:02:44.169038+00:00,2026-07-04T06:02:44.169171,1,1,152.35,0.7,152.0,150,,,,,,,,,,,,,,,,,,,152.7,100,,,,,,,,,,,,,,,,,,
2026-07-04T06:02:44.222720+00:00,2026-07-04T06:02:44.222667,1,2,152.25,0.5,152.0,150,,,,,,,,,,,,,,,,,,,152.5,150,152.7,100,,,,,,,,,,,,,,,,
2026-07-04T06:02:44.546283+00:00,2026-07-04T06:02:44.546252,1,1,152.25,0.5,152.0,150,,,,,,,,,,,,,,,,,,,152.5,150,,,,,,,,,,,,,,,,,,
2026-07-04T06:02:44.599398+00:00,2026-07-04T06:02:44.599308,2,1,152.25,0.5,152.0,150,151.9,100,,,,,,,,,,,,,,,,,152.5,150,,,,,,,,,,,,,,,,,,
2026-07-04T06:02:44.650079+00:00,2026-07-04T06:02:44.650027,2,2,152.2,0.4,152.0,150,151.9,100,,,,,,,,,,,,,,,,,152.4,100,152.5,150,,,,,,,,,,,,,,,,
2026-07-04T06:02:45.296985+00:00,2026-07-04T06:02:45.296821,2,2,152.2,0.4,152.0,100,151.9,100,,,,,,,,,,,,,,,,,152.4,100,152.5,150,,,,,,,,,,,,,,,,
2026-07-04T06:02:47.275394+00:00,2026-07-04T06:02:47.275259,2,1,152.2,0.4,152.0,100,151.9,100,,,,,,,,,,,,,,,,,152.4,100,,,,,,,,,,,,,,,,,,
2026-07-04T06:02:47.280358+00:00,2026-07-04T06:02:47.280532,1,1,152.15,0.5,151.9,100,,,,,,,,,,,,,,,,,,,152.4,100,,,,,,,,,,,,,,,,,,
2026-07-04T06:02:47.329103+00:00,2026-07-04T06:02:47.328994,2,1,152.15,0.5,151.9,100,151.3,150,,,,,,,,,,,,,,,,,152.4,100,,,,,,,,,,,,,,,,,,
2026-07-04T06:02:47.383593+00:00,2026-07-04T06:02:47.383546,1,2,151.55,0.5,151.3,150,,,,,,,,,,,,,,,,,,,151.8,50,152.4,100,,,,,,,,,,,,,,,,
2026-07-04T06:02:47.402588+00:00,2026-07-04T06:02:47.402468,1,2,151.55,0.5,151.3,100,,,,,,,,,,,,,,,,,,,151.8,50,152.4,100,,,,,,,,,,,,,,,,
2026-07-04T06:02:47.716600+00:00,2026-07-04T06:02:47.716749,1,1,151.55,0.5,151.3,100,,,,,,,,,,,,,,,,,,,151.8,50,,,,,,,,,,,,,,,,,,
2026-07-04T06:02:47.764935+00:00,2026-07-04T06:02:47.751643,1,1,151.55,0.5,151.3,100,,,,,,,,,,,,,,,,,,,151.8,47,,,,,,,,,,,,,,,,,,
2026-07-04T06:02:47.780697+00:00,2026-07-04T06:02:47.780404,2,1,151.55,0.5,151.3,100,151.2,100,,,,,,,,,,,,,,,,,151.8,47,,,,,,,,,,,,,,,,,,
2026-07-04T06:02:47.829094+00:00,2026-07-04T06:02:47.828893,2,2,151.5,0.4,151.3,100,151.2,100,,,,,,,,,,,,,,,,,151.7,100,151.8,47,,,,,,,,,,,,,,,,
2026-07-04T06:02:47.839619+00:00,2026-07-04T06:02:47.839541,2,1,151.55,0.5,151.3,100,151.2,100,,,,,,,,,,,,,,,,,151.8,47,,,,,,,,,,,,,,,,,,
2026-07-04T06:02:48.005808+00:00,2026-07-04T06:02:48.005952,2,1,151.55,0.5,151.3,100,151.2,100,,,,,,,,,,,,,,,,,151.8,6,,,,,,,,,,,,,,,,,,
2026-07-04T06:02:49.519541+00:00,2026-07-04T06:02:49.519716,2,1,151.55,0.5,151.3,50,151.2,100,,,,,,,,,,,,,,,,,151.8,6,,,,,,,,,,,,,,,,,,
2026-07-04T06:02:49.626333+00:00,2026-07-04T06:02:49.626562,2,1,151.55,0.5,151.3,9,151.2,100,,,,,,,,,,,,,,,,,151.8,6,,,,,,,,,,,,,,,,,,
2026-07-04T06:02:50.436110+00:00,2026-07-04T06:02:50.436046,2,0,,,151.3,9,151.2,100,,,,,,,,,,,,,,,,,,,,,,,,,,,,,,,,,,,,
2026-07-04T06:02:50.441360+00:00,2026-07-04T06:02:50.441248,1,0,,,151.2,100,,,,,,,,,,,,,,,,,,,,,,,,,,,,,,,,,,,,,,
2026-07-04T06:02:50.490241+00:00,2026-07-04T06:02:50.490094,2,0,,,151.5,150,151.2,100,,,,,,,,,,,,,,,,,,,,,,,,,,,,,,,,,,,,
2026-07-04T06:02:50.546602+00:00,2026-07-04T06:02:50.546561,2,1,151.75,0.5,151.5,150,151.2,100,,,,,,,,,,,,,,,,,152.0,150,,,,,,,,,,,,,,,,,,
2026-07-04T06:02:50.769982+00:00,2026-07-04T06:02:50.769853,2,1,151.75,0.5,151.5,110,151.2,100,,,,,,,,,,,,,,,,,152.0,150,,,,,,,,,,,,,,,,,,
2026-07-04T06:02:50.879616+00:00,2026-07-04T06:02:50.879562,1,1,151.75,0.5,151.5,110,,,,,,,,,,,,,,,,,,,152.0,150,,,,,,,,,,,,,,,,,,
2026-07-04T06:02:50.933325+00:00,2026-07-04T06:02:50.933270,2,1,151.8,0.4,151.6,100,151.5,110,,,,,,,,,,,,,,,,,152.0,150,,,,,,,,,,,,,,,,,,
2026-07-04T06:02:50.983990+00:00,2026-07-04T06:02:50.983886,2,2,151.8,0.4,151.6,100,151.5,110,,,,,,,,,,,,,,,,,152.0,150,152.1,100,,,,,,,,,,,,,,,,
2026-07-04T06:02:51.626080+00:00,2026-07-04T06:02:51.625955,2,2,151.8,0.4,151.6,50,151.5,110,,,,,,,,,,,,,,,,,152.0,150,152.1,100,,,,,,,,,,,,,,,,
2026-07-04T06:02:53.601673+00:00,2026-07-04T06:02:53.601810,1,1,151.85,0.5,151.6,50,,,,,,,,,,,,,,,,,,,152.1,100,,,,,,,,,,,,,,,,,,
2026-07-04T06:02:53.658619+00:00,2026-07-04T06:02:53.651460,2,1,151.85,0.5,151.6,50,151.2,150,,,,,,,,,,,,,,,,,152.1,100,,,,,,,,,,,,,,,,,,
2026-07-04T06:02:53.707789+00:00,2026-07-04T06:02:53.707722,2,2,151.65,0.1,151.6,50,151.2,150,,,,,,,,,,,,,,,,,151.7,150,152.1,100,,,,,,,,,,,,,,,,
2026-07-04T06:02:53.735675+00:00,2026-07-04T06:02:53.735589,1,2,151.45,0.5,151.2,150,,,,,,,,,,,,,,,,,,,151.7,150,152.1,100,,,,,,,,,,,,,,,,
2026-07-04T06:02:54.037118+00:00,2026-07-04T06:02:54.036941,1,1,151.45,0.5,151.2,150,,,,,,,,,,,,,,,,,,,151.7,150,,,,,,,,,,,,,,,,,,
2026-07-04T06:02:54.089906+00:00,2026-07-04T06:02:54.089826,1,1,151.45,0.5,151.2,250,,,,,,,,,,,,,,,,,,,151.7,150,,,,,,,,,,,,,,,,,,
2026-07-04T06:02:54.141653+00:00,2026-07-04T06:02:54.141587,1,1,151.45,0.5,151.2,250,,,,,,,,,,,,,,,,,,,151.7,250,,,,,,,,,,,,,,,,,,
2026-07-04T06:02:55.851343+00:00,2026-07-04T06:02:55.851491,1,1,151.45,0.5,151.2,200,,,,,,,,,,,,,,,,,,,151.7,250,,,,,,,,,,,,,,,,,,
2026-07-04T06:02:55.856593+00:00,2026-07-04T06:02:55.856703,1,1,151.45,0.5,151.2,200,,,,,,,,,,,,,,,,,,,151.7,206,,,,,,,,,,,,,,,,,,
2026-07-04T06:02:56.763908+00:00,2026-07-04T06:02:56.763869,1,1,151.45,0.5,151.2,100,,,,,,,,,,,,,,,,,,,151.7,100,,,,,,,,,,,,,,,,,,
2026-07-04T06:02:56.822123+00:00,2026-07-04T06:02:56.821902,2,1,151.45,0.5,151.2,100,151.1,150,,,,,,,,,,,,,,,,,151.7,100,,,,,,,,,,,,,,,,,,
2026-07-04T06:02:56.874175+00:00,2026-07-04T06:02:56.874026,2,2,151.4,0.4,151.2,100,151.1,150,,,,,,,,,,,,,,,,,151.6,150,151.7,100,,,,,,,,,,,,,,,,
2026-07-04T06:02:57.196102+00:00,2026-07-04T06:02:57.196052,1,1,151.35,0.5,151.1,150,,,,,,,,,,,,,,,,,,,151.6,150,,,,,,,,,,,,,,,,,,
2026-07-04T06:02:57.258597+00:00,2026-07-04T06:02:57.254191,1,1,151.35,0.5,151.1,250,,,,,,,,,,,,,,,,,,,151.6,150,,,,,,,,,,,,,,,,,,
2026-07-04T06:02:57.306864+00:00,2026-07-04T06:02:57.306781,1,1,151.35,0.5,151.1,250,,,,,,,,,,,,,,,,,,,151.6,250,,,,,,,,,,,,,,,,,,
2026-07-04T06:02:57.958672+00:00,2026-07-04T06:02:57.953024,1,1,151.35,0.5,151.1,200,,,,,,,,,,,,,,,,,,,151.6,250,,,,,,,,,,,,,,,,,,
2026-07-04T06:02:59.930211+00:00,2026-07-04T06:02:59.930139,1,1,151.35,0.5,151.1,200,,,,,,,,,,,,,,,,,,,151.6,100,,,,,,,,,,,,,,,,,,
2026-07-04T06:02:59.935213+00:00,2026-07-04T06:02:59.935290,1,1,151.35,0.5,151.1,100,,,,,,,,,,,,,,,,,,,151.6,100,,,,,,,,,,,,,,,,,,
2026-07-04T06:02:59.986441+00:00,2026-07-04T06:02:59.986411,2,1,151.35,0.5,151.1,100,150.7,150,,,,,,,,,,,,,,,,,151.6,100,,,,,,,,,,,,,,,,,,
2026-07-04T06:03:00.038937+00:00,2026-07-04T06:03:00.038888,2,2,151.15,0.1,151.1,100,150.7,150,,,,,,,,,,,,,,,,,151.2,150,151.6,100,,,,,,,,,,,,,,,,
2026-07-04T06:03:00.069371+00:00,2026-07-04T06:03:00.069293,2,2,151.15,0.1,151.1,50,150.7,150,,,,,,,,,,,,,,,,,151.2,150,151.6,100,,,,,,,,,,,,,,,,
2026-07-04T06:03:00.206560+00:00,2026-07-04T06:03:00.206425,2,2,151.15,0.1,151.1,1,150.7,150,,,,,,,,,,,,,,,,,151.2,150,151.6,100,,,,,,,,,,,,,,,,
2026-07-04T06:03:00.358568+00:00,2026-07-04T06:03:00.357735,2,1,151.15,0.1,151.1,1,150.7,150,,,,,,,,,,,,,,,,,151.2,150,,,,,,,,,,,,,,,,,,
2026-07-04T06:03:00.369377+00:00,2026-07-04T06:03:00.369318,1,1,150.95,0.5,150.7,150,,,,,,,,,,,,,,,,,,,151.2,150,,,,,,,,,,,,,,,,,,
2026-07-04T06:03:00.439473+00:00,2026-07-04T06:03:00.439387,2,1,150.95,0.5,150.7,150,150.6,100,,,,,,,,,,,,,,,,,151.2,150,,,,,,,,,,,,,,,,,,
2026-07-04T06:03:00.494727+00:00,2026-07-04T06:03:00.494691,2,2,150.9,0.4,150.7,150,150.6,100,,,,,,,,,,,,,,,,,151.1,100,151.2,150,,,,,,,,,,,,,,,,
2026-07-04T06:03:02.269512+00:00,2026-07-04T06:03:02.269431,2,2,150.9,0.4,150.7,150,150.6,100,,,,,,,,,,,,,,,,,151.1,56,151.2,150,,,,,,,,,,,,,,,,
2026-07-04T06:03:02.369584+00:00,2026-07-04T06:03:02.364029,2,1,150.95,0.5,150.7,150,150.6,100,,,,,,,,,,,,,,,,,151.2,150,,,,,,,,,,,,,,,,,,
2026-07-04T06:03:02.768280+00:00,2026-07-04T06:03:02.768115,2,1,150.95,0.5,150.7,150,150.6,100,,,,,,,,,,,,,,,,,151.2,107,,,,,,,,,,,,,,,,,,
2026-07-04T06:03:03.094111+00:00,2026-07-04T06:03:03.094008,1,0,,,150.6,100,,,,,,,,,,,,,,,,,,,,,,,,,,,,,,,,,,,,,,
2026-07-04T06:03:03.150294+00:00,2026-07-04T06:03:03.150182,2,0,,,150.7,150,150.6,100,,,,,,,,,,,,,,,,,,,,,,,,,,,,,,,,,,,,
2026-07-04T06:03:03.203981+00:00,2026-07-04T06:03:03.203895,2,1,150.95,0.5,150.7,150,150.6,100,,,,,,,,,,,,,,,,,151.2,150,,,,,,,,,,,,,,,,,,
2026-07-04T06:03:03.552233+00:00,2026-07-04T06:03:03.552120,1,1,150.95,0.5,150.7,150,,,,,,,,,,,,,,,,,,,151.2,150,,,,,,,,,,,,,,,,,,
2026-07-04T06:03:03.604325+00:00,2026-07-04T06:03:03.604245,1,1,150.95,0.5,150.7,250,,,,,,,,,,,,,,,,,,,151.2,150,,,,,,,,,,,,,,,,,,
2026-07-04T06:03:03.655614+00:00,2026-07-04T06:03:03.655466,1,1,150.95,0.5,150.7,250,,,,,,,,,,,,,,,,,,,151.2,250,,,,,,,,,,,,,,,,,,
2026-07-04T06:03:04.718637+00:00,2026-07-04T06:03:04.718483,1,1,150.95,0.5,150.7,208,,,,,,,,,,,,,,,,,,,151.2,250,,,,,,,,,,,,,,,,,,
2026-07-04T06:03:06.258584+00:00,2026-07-04T06:03:06.258173,1,1,150.95,0.5,150.7,100,,,,,,,,,,,,,,,,,,,151.2,100,,,,,,,,,,,,,,,,,,
2026-07-04T06:03:06.313197+00:00,2026-07-04T06:03:06.313138,2,1,151.05,0.3,150.9,150,150.7,100,,,,,,,,,,,,,,,,,151.2,100,,,,,,,,,,,,,,,,,,
2026-07-04T06:03:06.365492+00:00,2026-07-04T06:03:06.365343,2,2,151.05,0.3,150.9,150,150.7,100,,,,,,,,,,,,,,,,,151.2,100,151.3,150,,,,,,,,,,,,,,,,
2026-07-04T06:03:06.712060+00:00,2026-07-04T06:03:06.712021,1,1,151.1,0.4,150.9,150,,,,,,,,,,,,,,,,,,,151.3,150,,,,,,,,,,,,,,,,,,
2026-07-04T06:03:06.758612+00:00,2026-07-04T06:03:06.757866,2,1,151.15,0.3,151.0,100,150.9,150,,,,,,,,,,,,,,,,,151.3,150,,,,,,,,,,,,,,,,,,
2026-07-04T06:03:06.822235+00:00,2026-07-04T06:03:06.822131,2,2,151.15,0.3,151.0,100,150.9,150,,,,,,,,,,,,,,,,,151.3,150,151.5,100,,,,,,,,,,,,,,,,
2026-07-04T06:03:07.100618+00:00,2026-07-04T06:03:07.100563,2,2,151.15,0.3,151.0,100,150.9,150,,,,,,,,,,,,,,,,,151.3,109,151.5,100,,,,,,,,,,,,,,,,
2026-07-04T06:03:09.179727+00:00,2026-07-04T06:03:09.179646,2,2,151.15,0.3,151.0,51,150.9,150,,,,,,,,,,,,,,,,,151.3,109,151.5,100,,,,,,,,,,,,,,,,
2026-07-04T06:03:09.424519+00:00,2026-07-04T06:03:09.424673,1,1,151.25,0.5,151.0,51,,,,,,,,,,,,,,,,,,,151.5,100,,,,,,,,,,,,,,,,,,
2026-07-04T06:03:09.475029+00:00,2026-07-04T06:03:09.474932,2,1,151.25,0.5,151.0,51,150.9,150,,,,,,,,,,,,,,,,,151.5,100,,,,,,,,,,,,,,,,,,
2026-07-04T06:03:09.524920+00:00,2026-07-04T06:03:09.524764,2,2,151.2,0.4,151.0,51,150.9,150,,,,,,,,,,,,,,,,,151.4,150,151.5,100,,,,,,,,,,,,,,,,
2026-07-04T06:03:09.567312+00:00,2026-07-04T06:03:09.562053,2,2,151.2,0.4,151.0,45,150.9,150,,,,,,,,,,,,,,,,,151.4,150,151.5,100,,,,,,,,,,,,,,,,
2026-07-04T06:03:09.873339+00:00,2026-07-04T06:03:09.873293,2,1,151.2,0.4,151.0,45,150.9,150,,,,,,,,,,,,,,,,,151.4,150,,,,,,,,,,,,,,,,,,
2026-07-04T06:03:09.878635+00:00,2026-07-04T06:03:09.878447,1,1,151.15,0.5,150.9,150,,,,,,,,,,,,,,,,,,,151.4,150,,,,,,,,,,,,,,,,,,
2026-07-04T06:03:09.928876+00:00,2026-07-04T06:03:09.928757,2,1,151.15,0.5,150.9,150,150.6,100,,,,,,,,,,,,,,,,,151.4,150,,,,,,,,,,,,,,,,,,
2026-07-04T06:03:09.984016+00:00,2026-07-04T06:03:09.983881,2,2,151.0,0.2,150.9,150,150.6,100,,,,,,,,,,,,,,,,,151.1,100,151.4,150,,,,,,,,,,,,,,,,
2026-07-04T06:03:10.605458+00:00,2026-07-04T06:03:10.605370,2,2,151.0,0.2,150.9,100,150.6,100,,,,,,,,,,,,,,,,,151.1,100,151.4,150,,,,,,,,,,,,,,,,
2026-07-04T06:03:11.114828+00:00,2026-07-04T06:03:11.114757,2,2,151.0,0.2,150.9,55,150.6,100,,,,,,,,,,,,,,,,,151.1,100,151.4,150,,,,,,,,,,,,,,,,
2026-07-04T06:03:12.586267+00:00,2026-07-04T06:03:12.586419,1,1,150.85,0.5,150.6,100,,,,,,,,,,,,,,,,,,,151.1,100,,,,,,,,,,,,,,,,,,
2026-07-04T06:03:12.635149+00:00,2026-07-04T06:03:12.635066,2,1,150.85,0.5,150.6,100,150.5,150,,,,,,,,,,,,,,,,,151.1,100,,,,,,,,,,,,,,,,,,
2026-07-04T06:03:12.687653+00:00,2026-07-04T06:03:12.687577,2,2,150.8,0.4,150.6,100,150.5,150,,,,,,,,,,,,,,,,,151.0,150,151.1,100,,,,,,,,,,,,,,,,
2026-07-04T06:03:12.714632+00:00,2026-07-04T06:03:12.714513,2,2,150.8,0.4,150.6,50,150.5,150,,,,,,,,,,,,,,,,,151.0,150,151.1,100,,,,,,,,,,,,,,,,
2026-07-04T06:03:13.045544+00:00,2026-07-04T06:03:13.045442,1,1,150.75,0.5,150.5,150,,,,,,,,,,,,,,,,,,,151.0,150,,,,,,,,,,,,,,,,,,
2026-07-04T06:03:13.099575+00:00,2026-07-04T06:03:13.099540,2,1,150.85,0.3,150.7,100,150.5,150,,,,,,,,,,,,,,,,,151.0,150,,,,,,,,,,,,,,,,,,
2026-07-04T06:03:13.158903+00:00,2026-07-04T06:03:13.159052,2,2,150.85,0.3,150.7,100,150.5,150,,,,,,,,,,,,,,,,,151.0,150,151.2,100,,,,,,,,,,,,,,,,
2026-07-04T06:03:14.769558+00:00,2026-07-04T06:03:14.769508,2,2,150.85,0.3,150.7,100,150.5,150,,,,,,,,,,,,,,,,,151.0,100,151.2,100,,,,,,,,,,,,,,,,
2026-07-04T06:03:15.510592+00:00,2026-07-04T06:03:15.505054,2,2,150.85,0.3,150.7,100,150.5,150,,,,,,,,,,,,,,,,,151.0,89,151.2,100,,,,,,,,,,,,,,,,
2026-07-04T06:03:15.745945+00:00,2026-07-04T06:03:15.746060,1,1,150.95,0.5,150.7,100,,,,,,,,,,,,,,,,,,,151.2,100,,,,,,,,,,,,,,,,,,
2026-07-04T06:03:15.799427+00:00,2026-07-04T06:03:15.799378,2,1,151.05,0.3,150.9,150,150.7,100,,,,,,,,,,,,,,,,,151.2,100,,,,,,,,,,,,,,,,,,
2026-07-04T06:03:15.858548+00:00,2026-07-04T06:03:15.851390,2,2,151.05,0.3,150.9,150,150.7,100,,,,,,,,,,,,,,,,,151.2,100,151.4,150,,,,,,,,,,,,,,,,
2026-07-04T06:03:16.217271+00:00,2026-07-04T06:03:16.217197,1,1,151.15,0.5,150.9,150,,,,,,,,,,,,,,,,,,,151.4,150,,,,,,,,,,,,,,,,,,
2026-07-04T06:03:16.269344+00:00,2026-07-04T06:03:16.269293,2,1,151.15,0.5,150.9,150,150.7,100,,,,,,,,,,,,,,,,,151.4,150,,,,,,,,,,,,,,,,,,
2026-07-04T06:03:16.321940+00:00,2026-07-04T06:03:16.321847,2,2,151.05,0.3,150.9,150,150.7,100,,,,,,,,,,,,,,,,,151.2,100,151.4,150,,,,,,,,,,,,,,,,
2026-07-04T06:03:18.904657+00:00,2026-07-04T06:03:18.904573,1,1,150.95,0.5,150.7,100,,,,,,,,,,,,,,,,,,,151.2,100,,,,,,,,,,,,,,,,,,
2026-07-04T06:03:18.956927+00:00,2026-07-04T06:03:18.956878,2,1,151.0,0.4,150.8,150,150.7,100,,,,,,,,,,,,,,,,,151.2,100,,,,,,,,,,,,,,,,,,
2026-07-04T06:03:18.979221+00:00,2026-07-04T06:03:18.979101,2,1,151.0,0.4,150.8,150,150.7,100,,,,,,,,,,,,,,,,,151.2,50,,,,,,,,,,,,,,,,,,
2026-07-04T06:03:19.009570+00:00,2026-07-04T06:03:19.009742,2,2,151.0,0.4,150.8,150,150.7,100,,,,,,,,,,,,,,,,,151.2,50,151.3,150,,,,,,,,,,,,,,,,
2026-07-04T06:03:19.376580+00:00,2026-07-04T06:03:19.376534,2,1,151.05,0.5,150.8,150,150.7,100,,,,,,,,,,,,,,,,,151.3,150,,,,,,,,,,,,,,,,,,
2026-07-04T06:03:19.381624+00:00,2026-07-04T06:03:19.381723,1,1,151.05,0.5,150.8,150,,,,,,,,,,,,,,,,,,,151.3,150,,,,,,,,,,,,,,,,,,
2026-07-04T06:03:19.447361+00:00,2026-07-04T06:03:19.447249,2,1,151.05,0.5,150.8,150,150.7,100,,,,,,,,,,,,,,,,,151.3,150,,,,,,,,,,,,,,,,,,
2026-07-04T06:03:19.498580+00:00,2026-07-04T06:03:19.498496,2,2,151.0,0.4,150.8,150,150.7,100,,,,,,,,,,,,,,,,,151.2,100,151.3,150,,,,,,,,,,,,,,,,
2026-07-04T06:03:20.476907+00:00,2026-07-04T06:03:20.476767,2,2,151.0,0.4,150.8,150,150.7,100,,,,,,,,,,,,,,,,,151.2,56,151.3,150,,,,,,,,,,,,,,,,
2026-07-04T06:03:21.032405+00:00,2026-07-04T06:03:21.032079,2,2,151.0,0.4,150.8,110,150.7,100,,,,,,,,,,,,,,,,,151.2,56,151.3,150,,,,,,,,,,,,,,,,
2026-07-04T06:03:21.519390+00:00,2026-07-04T06:03:21.519277,2,2,151.0,0.4,150.8,110,150.7,100,,,,,,,,,,,,,,,,,151.2,16,151.3,150,,,,,,,,,,,,,,,,
2026-07-04T06:03:21.678720+00:00,2026-07-04T06:03:21.672831,2,2,151.0,0.4,150.8,99,150.7,100,,,,,,,,,,,,,,,,,151.2,16,151.3,150,,,,,,,,,,,,,,,,
2026-07-04T06:03:22.068709+00:00,2026-07-04T06:03:22.068922,1,1,150.95,0.5,150.7,100,,,,,,,,,,,,,,,,,,,151.2,16,,,,,,,,,,,,,,,,,,
2026-07-04T06:03:22.122673+00:00,2026-07-04T06:03:22.122544,2,1,150.95,0.5,150.7,100,150.3,150,,,,,,,,,,,,,,,,,151.2,16,,,,,,,,,,,,,,,,,,
2026-07-04T06:03:22.185771+00:00,2026-07-04T06:03:22.176952,2,2,150.75,0.1,150.7,100,150.3,150,,,,,,,,,,,,,,,,,150.8,150,151.2,16,,,,,,,,,,,,,,,,
2026-07-04T06:03:22.552648+00:00,2026-07-04T06:03:22.552430,1,1,150.55,0.5,150.3,150,,,,,,,,,,,,,,,,,,,150.8,150,,,,,,,,,,,,,,,,,,
2026-07-04T06:03:22.600663+00:00,2026-07-04T06:03:22.600516,2,1,150.75,0.1,150.7,100,150.3,150,,,,,,,,,,,,,,,,,150.8,150,,,,,,,,,,,,,,,,,,
2026-07-04T06:03:22.657917+00:00,2026-07-04T06:03:22.658064,2,2,150.75,0.1,150.7,100,150.3,150,,,,,,,,,,,,,,,,,150.8,150,151.2,100,,,,,,,,,,,,,,,,
2026-07-04T06:03:23.240924+00:00,2026-07-04T06:03:23.240786,2,2,150.75,0.1,150.7,50,150.3,150,,,,,,,,,,,,,,,,,150.8,150,151.2,100,,,,,,,,,,,,,,,,
2026-07-04T06:03:24.863634+00:00,2026-07-04T06:03:24.863828,2,2,150.75,0.1,150.7,4,150.3,150,,,,,,,,,,,,,,,,,150.8,150,151.2,100,,,,,,,,,,,,,,,,
2026-07-04T06:03:25.245514+00:00,2026-07-04T06:03:25.245615,1,1,150.95,0.5,150.7,4,,,,,,,,,,,,,,,,,,,151.2,100,,,,,,,,,,,,,,,,,,
2026-07-04T06:03:25.299132+00:00,2026-07-04T06:03:25.299006,1,1,150.95,0.5,150.7,4,,,,,,,,,,,,,,,,,,,151.2,50,,,,,,,,,,,,,,,,,,
2026-07-04T06:03:25.304364+00:00,2026-07-04T06:03:25.304273,2,1,150.95,0.5,150.7,4,150.3,150,,,,,,,,,,,,,,,,,151.2,50,,,,,,,,,,,,,,,,,,
2026-07-04T06:03:25.355165+00:00,2026-07-04T06:03:25.355060,2,2,150.75,0.1,150.7,4,150.3,150,,,,,,,,,,,,,,,,,150.8,150,151.2,50,,,,,,,,,,,,,,,,
2026-07-04T06:03:25.474871+00:00,2026-07-04T06:03:25.474812,2,2,150.75,0.1,150.7,4,150.3,150,,,,,,,,,,,,,,,,,150.8,108,151.2,50,,,,,,,,,,,,,,,,
2026-07-04T06:03:25.711795+00:00,2026-07-04T06:03:25.711743,1,1,150.55,0.5,150.3,150,,,,,,,,,,,,,,,,,,,150.8,108,,,,,,,,,,,,,,,,,,
2026-07-04T06:03:25.764377+00:00,2026-07-04T06:03:25.764328,2,1,150.7,0.2,150.6,100,150.3,150,,,,,,,,,,,,,,,,,150.8,108,,,,,,,,,,,,,,,,,,
2026-07-04T06:03:25.817120+00:00,2026-07-04T06:03:25.817280,2,2,150.7,0.2,150.6,100,150.3,150,,,,,,,,,,,,,,,,,150.8,108,151.1,100,,,,,,,,,,,,,,,,
2026-07-04T06:03:27.365482+00:00,2026-07-04T06:03:27.365402,2,2,150.7,0.2,150.6,56,150.3,150,,,,,,,,,,,,,,,,,150.8,108,151.1,100,,,,,,,,,,,,,,,,
2026-07-04T06:03:27.404064+00:00,2026-07-04T06:03:27.403952,2,2,150.7,0.2,150.6,56,150.3,150,,,,,,,,,,,,,,,,,150.8,58,151.1,100,,,,,,,,,,,,,,,,
2026-07-04T06:03:28.410144+00:00,2026-07-04T06:03:28.410083,1,1,150.85,0.5,150.6,56,,,,,,,,,,,,,,,,,,,151.1,100,,,,,,,,,,,,,,,,,,
2026-07-04T06:03:28.463640+00:00,2026-07-04T06:03:28.463801,2,1,151.05,0.1,151.0,150,150.6,56,,,,,,,,,,,,,,,,,151.1,100,,,,,,,,,,,,,,,,,,
2026-07-04T06:03:28.516518+00:00,2026-07-04T06:03:28.516644,2,2,151.05,0.1,151.0,150,150.6,56,,,,,,,,,,,,,,,,,151.1,100,151.5,150,,,,,,,,,,,,,,,,
2026-07-04T06:03:28.634515+00:00,2026-07-04T06:03:28.628707,2,2,151.05,0.1,151.0,147,150.6,56,,,,,,,,,,,,,,,,,151.1,100,151.5,150,,,,,,,,,,,,,,,,
2026-07-04T06:03:28.896030+00:00,2026-07-04T06:03:28.895964,1,1,151.25,0.5,151.0,147,,,,,,,,,,,,,,,,,,,151.5,150,,,,,,,,,,,,,,,,,,
2026-07-04T06:03:28.944573+00:00,2026-07-04T06:03:28.944470,2,1,151.25,0.5,151.0,147,150.4,100,,,,,,,,,,,,,,,,,151.5,150,,,,,,,,,,,,,,,,,,
2026-07-04T06:03:29.003146+00:00,2026-07-04T06:03:29.003096,2,1,151.25,0.5,151.0,47,150.4,100,,,,,,,,,,,,,,,,,151.5,150,,,,,,,,,,,,,,,,,,
2026-07-04T06:03:29.511102+00:00,2026-07-04T06:03:29.511025,2,1,151.25,0.5,151.0,47,150.4,100,,,,,,,,,,,,,,,,,151.5,100,,,,,,,,,,,,,,,,,,
2026-07-04T06:03:29.597295+00:00,2026-07-04T06:03:29.597259,1,1,150.95,1.1,150.4,100,,,,,,,,,,,,,,,,,,,151.5,100,,,,,,,,,,,,,,,,,,
2026-07-04T06:03:31.118977+00:00,2026-07-04T06:03:31.119178,1,1,150.95,1.1,150.4,100,,,,,,,,,,,,,,,,,,,151.5,60,,,,,,,,,,,,,,,,,,
2026-07-04T06:03:31.571155+00:00,2026-07-04T06:03:31.571036,1,0,,,150.4,100,,,,,,,,,,,,,,,,,,,,,,,,,,,,,,,,,,,,,,
2026-07-04T06:03:31.631095+00:00,2026-07-04T06:03:31.631001,2,0,,,150.5,150,150.4,100,,,,,,,,,,,,,,,,,,,,,,,,,,,,,,,,,,,,
2026-07-04T06:03:31.679039+00:00,2026-07-04T06:03:31.679192,2,1,150.75,0.5,150.5,150,150.4,100,,,,,,,,,,,,,,,,,151.0,150,,,,,,,,,,,,,,,,,,
2026-07-04T06:03:31.739990+00:00,2026-07-04T06:03:31.739888,2,1,150.75,0.5,150.5,150,150.4,100,,,,,,,,,,,,,,,,,151.0,109,,,,,,,,,,,,,,,,,,
2026-07-04T06:03:32.058687+00:00,2026-07-04T06:03:32.057813,1,1,150.75,0.5,150.5,150,,,,,,,,,,,,,,,,,,,151.0,109,,,,,,,,,,,,,,,,,,
2026-07-04T06:03:32.107885+00:00,2026-07-04T06:03:32.107820,2,1,150.9,0.2,150.8,100,150.5,150,,,,,,,,,,,,,,,,,151.0,109,,,,,,,,,,,,,,,,,,
2026-07-04T06:03:32.158607+00:00,2026-07-04T06:03:32.155806,2,2,150.9,0.2,150.8,100,150.5,150,,,,,,,,,,,,,,,,,151.0,109,151.3,100,,,,,,,,,,,,,,,,
2026-07-04T06:03:32.320962+00:00,2026-07-04T06:03:32.320859,2,2,150.9,0.2,150.8,54,150.5,150,,,,,,,,,,,,,,,,,151.0,109,151.3,100,,,,,,,,,,,,,,,,
2026-07-04T06:03:32.858684+00:00,2026-07-04T06:03:32.855671,2,2,150.9,0.2,150.8,54,150.5,150,,,,,,,,,,,,,,,,,151.0,68,151.3,100,,,,,,,,,,,,,,,,
2026-07-04T06:03:33.736589+00:00,2026-07-04T06:03:33.736521,2,2,150.9,0.2,150.8,54,150.5,150,,,,,,,,,,,,,,,,,151.0,18,151.3,100,,,,,,,,,,,,,,,,
2026-07-04T06:03:34.300233+00:00,2026-07-04T06:03:34.300196,2,2,150.9,0.2,150.8,7,150.5,150,,,,,,,,,,,,,,,,,151.0,18,151.3,100,,,,,,,,,,,,,,,,
2026-07-04T06:03:34.732963+00:00,2026-07-04T06:03:34.733153,1,1,151.05,0.5,150.8,7,,,,,,,,,,,,,,,,,,,151.3,100,,,,,,,,,,,,,,,,,,
2026-07-04T06:03:34.787638+00:00,2026-07-04T06:03:34.787533,2,1,151.2,0.2,151.1,150,150.8,7,,,,,,,,,,,,,,,,,151.3,100,,,,,,,,,,,,,,,,,,
2026-07-04T06:03:34.840388+00:00,2026-07-04T06:03:34.840253,2,2,151.2,0.2,151.1,150,150.8,7,,,,,,,,,,,,,,,,,151.3,100,151.6,150,,,,,,,,,,,,,,,,
2026-07-04T06:03:34.893822+00:00,2026-07-04T06:03:34.893759,2,2,151.2,0.2,151.1,150,150.8,7,,,,,,,,,,,,,,,,,151.3,60,151.6,150,,,,,,,,,,,,,,,,
2026-07-04T06:03:35.226674+00:00,2026-07-04T06:03:35.226560,1,1,151.35,0.5,151.1,150,,,,,,,,,,,,,,,,,,,151.6,150,,,,,,,,,,,,,,,,,,
2026-07-04T06:03:35.274086+00:00,2026-07-04T06:03:35.273953,2,1,151.35,0.5,151.1,150,150.7,100,,,,,,,,,,,,,,,,,151.6,150,,,,,,,,,,,,,,,,,,
2026-07-04T06:03:35.327065+00:00,2026-07-04T06:03:35.327040,2,2,151.15,0.1,151.1,150,150.7,100,,,,,,,,,,,,,,,,,151.2,100,151.6,150,,,,,,,,,,,,,,,,
2026-07-04T06:03:35.844637+00:00,2026-07-04T06:03:35.844558,2,2,151.15,0.1,151.1,150,150.7,100,,,,,,,,,,,,,,,,,151.2,50,151.6,150,,,,,,,,,,,,,,,,
2026-07-04T06:03:37.895561+00:00,2026-07-04T06:03:37.895489,1,1,150.95,0.5,150.7,100,,,,,,,,,,,,,,,,,,,151.2,50,,,,,,,,,,,,,,,,,,
2026-07-04T06:03:37.958594+00:00,2026-07-04T06:03:37.954182,2,1,151.1,0.2,151.0,150,150.7,100,,,,,,,,,,,,,,,,,151.2,50,,,,,,,,,,,,,,,,,,
2026-07-04T06:03:38.008591+00:00,2026-07-04T06:03:38.008448,2,2,151.1,0.2,151.0,100,150.7,100,,,,,,,,,,,,,,,,,151.2,50,151.5,150,,,,,,,,,,,,,,,,
2026-07-04T06:03:38.386962+00:00,2026-07-04T06:03:38.386846,1,1,151.25,0.5,151.0,100,,,,,,,,,,,,,,,,,,,151.5,150,,,,,,,,,,,,,,,,,,
2026-07-04T06:03:38.437812+00:00,2026-07-04T06:03:38.437730,2,1,151.25,0.5,151.0,100,150.8,100,,,,,,,,,,,,,,,,,151.5,150,,,,,,,,,,,,,,,,,,
2026-07-04T06:03:38.493014+00:00,2026-07-04T06:03:38.492920,2,2,151.15,0.3,151.0,100,150.8,100,,,,,,,,,,,,,,,,,151.3,100,151.5,150,,,,,,,,,,,,,,,,
2026-07-04T06:03:38.787283+00:00,2026-07-04T06:03:38.787482,2,2,151.15,0.3,151.0,100,150.8,100,,,,,,,,,,,,,,,,,151.3,54,151.5,150,,,,,,,,,,,,,,,,
2026-07-04T06:03:40.068969+00:00,2026-07-04T06:03:40.069121,2,2,151.15,0.3,151.0,100,150.8,100,,,,,,,,,,,,,,,,,151.3,4,151.5,150,,,,,,,,,,,,,,,,
2026-07-04T06:03:41.070246+00:00,2026-07-04T06:03:41.070079,1,1,151.05,0.5,150.8,100,,,,,,,,,,,,,,,,,,,151.3,4,,,,,,,,,,,,,,,,,,
2026-07-04T06:03:41.124373+00:00,2026-07-04T06:03:41.124164,2,1,151.1,0.4,150.9,150,150.8,100,,,,,,,,,,,,,,,,,151.3,4,,,,,,,,,,,,,,,,,,
2026-07-04T06:03:41.176977+00:00,2026-07-04T06:03:41.176803,2,2,151.1,0.4,150.9,150,150.8,100,,,,,,,,,,,,,,,,,151.3,4,151.4,150,,,,,,,,,,,,,,,,
2026-07-04T06:03:41.546124+00:00,2026-07-04T06:03:41.546025,1,1,151.15,0.5,150.9,150,,,,,,,,,,,,,,,,,,,151.4,150,,,,,,,,,,,,,,,,,,
2026-07-04T06:03:41.600752+00:00,2026-07-04T06:03:41.600677,2,1,151.35,0.1,151.3,100,150.9,150,,,,,,,,,,,,,,,,,151.4,150,,,,,,,,,,,,,,,,,,
2026-07-04T06:03:41.650603+00:00,2026-07-04T06:03:41.650540,2,2,151.35,0.1,151.3,100,150.9,150,,,,,,,,,,,,,,,,,151.4,150,151.8,100,,,,,,,,,,,,,,,,
2026-07-04T06:03:42.258637+00:00,2026-07-04T06:03:42.255808,2,2,151.35,0.1,151.3,50,150.9,150,,,,,,,,,,,,,,,,,151.4,150,151.8,100,,,,,,,,,,,,,,,,
2026-07-04T06:03:42.711462+00:00,2026-07-04T06:03:42.711334,2,2,151.35,0.1,151.3,1,150.9,150,,,,,,,,,,,,,,,,,151.4,150,151.8,100,,,,,,,,,,,,,,,,
2026-07-04T06:03:44.230487+00:00,2026-07-04T06:03:44.230412,1,1,151.55,0.5,151.3,1,,,,,,,,,,,,,,,,,,,151.8,100,,,,,,,,,,,,,,,,,,
2026-07-04T06:03:44.285218+00:00,2026-07-04T06:03:44.285045,2,1,151.55,0.5,151.3,1,150.9,150,,,,,,,,,,,,,,,,,151.8,100,,,,,,,,,,,,,,,,,,
2026-07-04T06:03:44.337437+00:00,2026-07-04T06:03:44.337349,2,2,151.35,0.1,151.3,1,150.9,150,,,,,,,,,,,,,,,,,151.4,150,151.8,100,,,,,,,,,,,,,,,,
2026-07-04T06:03:44.642727+00:00,2026-07-04T06:03:44.642572,1,2,151.15,0.5,150.9,150,,,,,,,,,,,,,,,,,,,151.4,150,151.8,100,,,,,,,,,,,,,,,,
2026-07-04T06:03:44.705937+00:00,2026-07-04T06:03:44.705845,1,1,151.15,0.5,150.9,150,,,,,,,,,,,,,,,,,,,151.4,150,,,,,,,,,,,,,,,,,,
2026-07-04T06:03:44.749984+00:00,2026-07-04T06:03:44.752241,1,1,151.15,0.5,150.9,250,,,,,,,,,,,,,,,,,,,151.4,150,,,,,,,,,,,,,,,,,,
2026-07-04T06:03:44.812328+00:00,2026-07-04T06:03:44.812495,1,1,151.15,0.5,150.9,250,,,,,,,,,,,,,,,,,,,151.4,250,,,,,,,,,,,,,,,,,,
2026-07-04T06:03:46.464060+00:00,2026-07-04T06:03:46.463978,1,1,151.15,0.5,150.9,200,,,,,,,,,,,,,,,,,,,151.4,250,,,,,,,,,,,,,,,,,,
2026-07-04T06:03:47.389634+00:00,2026-07-04T06:03:47.389534,1,1,151.15,0.5,150.9,100,,,,,,,,,,,,,,,,,,,151.4,100,,,,,,,,,,,,,,,,,,
2026-07-04T06:03:47.439839+00:00,2026-07-04T06:03:47.439767,1,1,151.15,0.5,150.9,250,,,,,,,,,,,,,,,,,,,151.4,100,,,,,,,,,,,,,,,,,,
2026-07-04T06:03:47.492281+00:00,2026-07-04T06:03:47.492413,1,1,151.15,0.5,150.9,250,,,,,,,,,,,,,,,,,,,151.4,250,,,,,,,,,,,,,,,,,,
2026-07-04T06:03:47.858566+00:00,2026-07-04T06:03:47.858004,1,1,151.15,0.5,150.9,250,,,,,,,,,,,,,,,,,,,151.4,150,,,,,,,,,,,,,,,,,,
2026-07-04T06:03:47.869434+00:00,2026-07-04T06:03:47.869313,1,1,151.15,0.5,150.9,150,,,,,,,,,,,,,,,,,,,151.4,150,,,,,,,,,,,,,,,,,,
2026-07-04T06:03:47.919876+00:00,2026-07-04T06:03:47.919750,2,1,151.25,0.3,151.1,100,150.9,150,,,,,,,,,,,,,,,,,151.4,150,,,,,,,,,,,,,,,,,,
2026-07-04T06:03:47.970631+00:00,2026-07-04T06:03:47.970488,2,2,151.25,0.3,151.1,100,150.9,150,,,,,,,,,,,,,,,,,151.4,150,151.6,100,,,,,,,,,,,,,,,,
2026-07-04T06:03:48.574760+00:00,2026-07-04T06:03:48.574707,2,2,151.25,0.3,151.1,50,150.9,150,,,,,,,,,,,,,,,,,151.4,150,151.6,100,,,,,,,,,,,,,,,,
2026-07-04T06:03:48.781451+00:00,2026-07-04T06:03:48.781336,2,2,151.25,0.3,151.1,50,150.9,150,,,,,,,,,,,,,,,,,151.4,110,151.6,100,,,,,,,,,,,,,,,,
2026-07-04T06:03:50.228694+00:00,2026-07-04T06:03:50.228564,2,2,151.25,0.3,151.1,7,150.9,150,,,,,,,,,,,,,,,,,151.4,110,151.6,100,,,,,,,,,,,,,,,,
2026-07-04T06:03:50.547604+00:00,2026-07-04T06:03:50.547538,1,1,151.35,0.5,151.1,7,,,,,,,,,,,,,,,,,,,151.6,100,,,,,,,,,,,,,,,,,,
2026-07-04T06:03:50.600002+00:00,2026-07-04T06:03:50.600139,2,1,151.35,0.5,151.1,7,150.9,150,,,,,,,,,,,,,,,,,151.6,100,,,,,,,,,,,,,,,,,,
2026-07-04T06:03:50.658653+00:00,2026-07-04T06:03:50.656535,2,2,151.25,0.3,151.1,7,150.9,150,,,,,,,,,,,,,,,,,151.4,150,151.6,100,,,,,,,,,,,,,,,,
2026-07-04T06:03:50.706837+00:00,2026-07-04T06:03:50.706760,1,2,151.15,0.5,150.9,107,,,,,,,,,,,,,,,,,,,151.4,150,151.6,100,,,,,,,,,,,,,,,,
2026-07-04T06:03:51.028677+00:00,2026-07-04T06:03:51.028787,1,1,151.15,0.5,150.9,107,,,,,,,,,,,,,,,,,,,151.4,150,,,,,,,,,,,,,,,,,,
2026-07-04T06:03:51.080429+00:00,2026-07-04T06:03:51.080690,2,1,151.15,0.5,150.9,107,150.7,100,,,,,,,,,,,,,,,,,151.4,150,,,,,,,,,,,,,,,,,,
2026-07-04T06:03:51.134825+00:00,2026-07-04T06:03:51.134787,2,2,151.05,0.3,150.9,107,150.7,100,,,,,,,,,,,,,,,,,151.2,100,151.4,150,,,,,,,,,,,,,,,,
2026-07-04T06:03:52.816141+00:00,2026-07-04T06:03:52.815995,2,2,151.05,0.3,150.9,57,150.7,100,,,,,,,,,,,,,,,,,151.2,100,151.4,150,,,,,,,,,,,,,,,,
2026-07-04T06:03:53.709149+00:00,2026-07-04T06:03:53.709315,2,1,151.05,0.3,150.9,57,150.7,100,,,,,,,,,,,,,,,,,151.2,100,,,,,,,,,,,,,,,,,,
2026-07-04T06:03:53.714730+00:00,2026-07-04T06:03:53.714488,1,1,150.95,0.5,150.7,100,,,,,,,,,,,,,,,,,,,151.2,100,,,,,,,,,,,,,,,,,,
2026-07-04T06:03:53.764195+00:00,2026-07-04T06:03:53.764111,2,1,150.95,0.5,150.7,100,150.6,150,,,,,,,,,,,,,,,,,151.2,100,,,,,,,,,,,,,,,,,,
2026-07-04T06:03:53.823093+00:00,2026-07-04T06:03:53.823003,2,2,150.9,0.4,150.7,100,150.6,150,,,,,,,,,,,,,,,,,151.1,150,151.2,100,,,,,,,,,,,,,,,,
2026-07-04T06:03:54.187287+00:00,2026-07-04T06:03:54.187143,1,1,150.85,0.5,150.6,150,,,,,,,,,,,,,,,,,,,151.1,150,,,,,,,,,,,,,,,,,,
2026-07-04T06:03:54.242365+00:00,2026-07-04T06:03:54.242281,2,1,150.9,0.4,150.7,100,150.6,150,,,,,,,,,,,,,,,,,151.1,150,,,,,,,,,,,,,,,,,,
2026-07-04T06:03:54.311851+00:00,2026-07-04T06:03:54.312006,2,2,150.9,0.4,150.7,100,150.6,150,,,,,,,,,,,,,,,,,151.1,150,151.2,100,,,,,,,,,,,,,,,,
2026-07-04T06:03:54.924869+00:00,2026-07-04T06:03:54.925057,2,2,150.9,0.4,150.7,50,150.6,150,,,,,,,,,,,,,,,,,151.1,150,151.2,100,,,,,,,,,,,,,,,,
2026-07-04T06:03:56.877519+00:00,2026-07-04T06:03:56.877360,1,1,150.95,0.5,150.7,50,,,,,,,,,,,,,,,,,,,151.2,100,,,,,,,,,,,,,,,,,,
2026-07-04T06:03:56.932234+00:00,2026-07-04T06:03:56.932027,2,1,150.95,0.5,150.7,50,150.6,150,,,,,,,,,,,,,,,,,151.2,100,,,,,,,,,,,,,,,,,,
2026-07-04T06:03:56.985566+00:00,2026-07-04T06:03:56.985439,2,2,150.9,0.4,150.7,50,150.6,150,,,,,,,,,,,,,,,,,151.1,150,151.2,100,,,,,,,,,,,,,,,,
2026-07-04T06:03:57.035436+00:00,2026-07-04T06:03:57.035387,1,2,150.85,0.5,150.6,150,,,,,,,,,,,,,,,,,,,151.1,150,151.2,100,,,,,,,,,,,,,,,,
2026-07-04T06:03:57.369567+00:00,2026-07-04T06:03:57.369642,1,1,150.85,0.5,150.6,150,,,,,,,,,,,,,,,,,,,151.1,150,,,,,,,,,,,,,,,,,,
2026-07-04T06:03:57.420890+00:00,2026-07-04T06:03:57.420710,2,1,150.85,0.5,150.6,150,150.4,100,,,,,,,,,,,,,,,,,151.1,150,,,,,,,,,,,,,,,,,,
2026-07-04T06:03:57.483765+00:00,2026-07-04T06:03:57.478209,2,2,150.75,0.3,150.6,150,150.4,100,,,,,,,,,,,,,,,,,150.9,97,151.1,150,,,,,,,,,,,,,,,,
2026-07-04T06:03:59.169417+00:00,2026-07-04T06:03:59.169291,2,2,150.75,0.3,150.6,100,150.4,100,,,,,,,,,,,,,,,,,150.9,97,151.1,150,,,,,,,,,,,,,,,,
2026-07-04T06:04:00.040502+00:00,2026-07-04T06:04:00.040383,1,1,150.65,0.5,150.4,100,,,,,,,,,,,,,,,,,,,150.9,97,,,,,,,,,,,,,,,,,,
2026-07-04T06:04:00.095848+00:00,2026-07-04T06:04:00.095738,2,1,150.65,0.5,150.4,100,150.3,150,,,,,,,,,,,,,,,,,150.9,97,,,,,,,,,,,,,,,,,,
2026-07-04T06:04:00.148867+00:00,2026-07-04T06:04:00.148774,2,2,150.6,0.4,150.4,100,150.3,150,,,,,,,,,,,,,,,,,150.8,150,150.9,97,,,,,,,,,,,,,,,,
2026-07-04T06:04:00.175501+00:00,2026-07-04T06:04:00.175364,2,2,150.6,0.4,150.4,100,150.3,150,,,,,,,,,,,,,,,,,150.8,107,150.9,97,,,,,,,,,,,,,,,,
2026-07-04T06:04:00.369682+00:00,2026-07-04T06:04:00.365637,2,2,150.6,0.4,150.4,100,150.3,150,,,,,,,,,,,,,,,,,150.8,96,150.9,97,,,,,,,,,,,,,,,,
2026-07-04T06:04:00.530972+00:00,2026-07-04T06:04:00.530892,1,1,150.55,0.5,150.3,150,,,,,,,,,,,,,,,,,,,150.8,96,,,,,,,,,,,,,,,,,,
2026-07-04T06:04:00.588857+00:00,2026-07-04T06:04:00.588640,2,1,150.6,0.4,150.4,100,150.3,150,,,,,,,,,,,,,,,,,150.8,96,,,,,,,,,,,,,,,,,,
2026-07-04T06:04:00.636903+00:00,2026-07-04T06:04:00.636844,2,2,150.6,0.4,150.4,100,150.3,150,,,,,,,,,,,,,,,,,150.8,96,150.9,100,,,,,,,,,,,,,,,,
2026-07-04T06:04:01.274367+00:00,2026-07-04T06:04:01.274509,2,2,150.6,0.4,150.4,50,150.3,150,,,,,,,,,,,,,,,,,150.8,96,150.9,100,,,,,,,,,,,,,,,,
2026-07-04T06:04:01.918396+00:00,2026-07-04T06:04:01.918573,2,2,150.6,0.4,150.4,50,150.3,150,,,,,,,,,,,,,,,,,150.8,54,150.9,100,,,,,,,,,,,,,,,,
2026-07-04T06:04:03.204440+00:00,2026-07-04T06:04:03.204384,1,1,150.65,0.5,150.4,50,,,,,,,,,,,,,,,,,,,150.9,100,,,,,,,,,,,,,,,,,,
2026-07-04T06:04:03.258535+00:00,2026-07-04T06:04:03.254673,2,1,150.75,0.3,150.6,150,150.4,50,,,,,,,,,,,,,,,,,150.9,100,,,,,,,,,,,,,,,,,,
2026-07-04T06:04:03.312566+00:00,2026-07-04T06:04:03.312706,2,2,150.75,0.3,150.6,150,150.4,50,,,,,,,,,,,,,,,,,150.9,100,151.1,150,,,,,,,,,,,,,,,,
2026-07-04T06:04:03.381353+00:00,2026-07-04T06:04:03.381543,2,2,150.75,0.3,150.6,100,150.4,50,,,,,,,,,,,,,,,,,150.9,100,151.1,150,,,,,,,,,,,,,,,,
2026-07-04T06:04:03.690768+00:00,2026-07-04T06:04:03.690919,1,1,150.85,0.5,150.6,100,,,,,,,,,,,,,,,,,,,151.1,150,,,,,,,,,,,,,,,,,,
2026-07-04T06:04:03.746131+00:00,2026-07-04T06:04:03.746094,2,1,150.85,0.5,150.6,100,150.1,100,,,,,,,,,,,,,,,,,151.1,150,,,,,,,,,,,,,,,,,,
2026-07-04T06:04:03.799390+00:00,2026-07-04T06:04:03.799345,1,1,150.6,1.0,150.1,100,,,,,,,,,,,,,,,,,,,151.1,150,,,,,,,,,,,,,,,,,,
2026-07-04T06:04:05.487705+00:00,2026-07-04T06:04:05.487568,1,1,150.6,1.0,150.1,50,,,,,,,,,,,,,,,,,,,151.1,150,,,,,,,,,,,,,,,,,,
2026-07-04T06:04:06.131559+00:00,2026-07-04T06:04:06.131525,1,1,150.6,1.0,150.1,2,,,,,,,,,,,,,,,,,,,151.1,150,,,,,,,,,,,,,,,,,,
2026-07-04T06:04:06.358615+00:00,2026-07-04T06:04:06.357701,1,0,,,150.1,2,,,,,,,,,,,,,,,,,,,,,,,,,,,,,,,,,,,,,,
2026-07-04T06:04:06.435820+00:00,2026-07-04T06:04:06.435988,1,0,,,150.1,152,,,,,,,,,,,,,,,,,,,,,,,,,,,,,,,,,,,,,,
2026-07-04T06:04:06.486462+00:00,2026-07-04T06:04:06.486323,1,1,150.35,0.5,150.1,152,,,,,,,,,,,,,,,,,,,150.6,150,,,,,,,,,,,,,,,,,,
2026-07-04T06:04:06.705214+00:00,2026-07-04T06:04:06.699829,1,1,150.35,0.5,150.1,152,,,,,,,,,,,,,,,,,,,150.6,127,,,,,,,,,,,,,,,,,,
2026-07-04T06:04:06.850287+00:00,2026-07-04T06:04:06.850539,1,1,150.35,0.5,150.1,150,,,,,,,,,,,,,,,,,,,150.6,127,,,,,,,,,,,,,,,,,,
2026-07-04T06:04:06.905747+00:00,2026-07-04T06:04:06.905601,2,1,150.45,0.3,150.3,100,150.1,150,,,,,,,,,,,,,,,,,150.6,127,,,,,,,,,,,,,,,,,,
2026-07-04T06:04:06.954335+00:00,2026-07-04T06:04:06.954674,2,2,150.45,0.3,150.3,100,150.1,150,,,,,,,,,,,,,,,,,150.6,127,150.8,100,,,,,,,,,,,,,,,,
2026-07-04T06:04:07.595836+00:00,2026-07-04T06:04:07.595709,2,2,150.45,0.3,150.3,50,150.1,150,,,,,,,,,,,,,,,,,150.6,127,150.8,100,,,,,,,,,,,,,,,,
2026-07-04T06:04:09.539439+00:00,2026-07-04T06:04:09.539317,1,1,150.55,0.5,150.3,50,,,,,,,,,,,,,,,,,,,150.8,100,,,,,,,,,,,,,,,,,,
2026-07-04T06:04:09.592472+00:00,2026-07-04T06:04:09.592608,2,1,150.55,0.5,150.3,50,150.2,150,,,,,,,,,,,,,,,,,150.8,100,,,,,,,,,,,,,,,,,,
2026-07-04T06:04:09.645522+00:00,2026-07-04T06:04:09.645696,2,2,150.5,0.4,150.3,50,150.2,150,,,,,,,,,,,,,,,,,150.7,150,150.8,100,,,,,,,,,,,,,,,,
2026-07-04T06:04:09.699744+00:00,2026-07-04T06:04:09.699688,1,2,150.45,0.5,150.2,150,,,,,,,,,,,,,,,,,,,150.7,150,150.8,100,,,,,,,,,,,,,,,,
2026-07-04T06:04:10.014367+00:00,2026-07-04T06:04:10.014166,1,1,150.45,0.5,150.2,150,,,,,,,,,,,,,,,,,,,150.7,150,,,,,,,,,,,,,,,,,,
2026-07-04T06:04:10.069160+00:00,2026-07-04T06:04:10.069104,2,1,150.45,0.5,150.2,150,149.9,100,,,,,,,,,,,,,,,,,150.7,150,,,,,,,,,,,,,,,,,,
2026-07-04T06:04:10.124945+00:00,2026-07-04T06:04:10.125095,2,2,150.3,0.2,150.2,150,149.9,100,,,,,,,,,,,,,,,,,150.4,100,150.7,150,,,,,,,,,,,,,,,,
2026-07-04T06:04:10.134227+00:00,2026-07-04T06:04:10.129020,2,2,150.3,0.2,150.2,150,149.9,100,,,,,,,,,,,,,,,,,150.4,88,150.7,150,,,,,,,,,,,,,,,,
2026-07-04T06:04:11.809579+00:00,2026-07-04T06:04:11.809437,2,2,150.3,0.2,150.2,100,149.9,100,,,,,,,,,,,,,,,,,150.4,88,150.7,150,,,,,,,,,,,,,,,,
2026-07-04T06:04:11.880575+00:00,2026-07-04T06:04:11.875253,2,2,150.3,0.2,150.2,100,149.9,100,,,,,,,,,,,,,,,,,150.4,66,150.7,150,,,,,,,,,,,,,,,,
2026-07-04T06:04:12.399612+00:00,2026-07-04T06:04:12.399453,2,2,150.3,0.2,150.2,100,149.9,100,,,,,,,,,,,,,,,,,150.4,18,150.7,150,,,,,,,,,,,,,,,,
2026-07-04T06:04:12.698729+00:00,2026-07-04T06:04:12.698542,2,1,150.3,0.2,150.2,100,149.9,100,,,,,,,,,,,,,,,,,150.4,18,,,,,,,,,,,,,,,,,,
2026-07-04T06:04:12.703656+00:00,2026-07-04T06:04:12.703799,1,1,150.15,0.5,149.9,100,,,,,,,,,,,,,,,,,,,150.4,18,,,,,,,,,,,,,,,,,,
2026-07-04T06:04:12.758640+00:00,2026-07-04T06:04:12.752490,2,1,150.3,0.2,150.2,150,149.9,100,,,,,,,,,,,,,,,,,150.4,18,,,,,,,,,,,,,,,,,,
2026-07-04T06:04:12.811541+00:00,2026-07-04T06:04:12.811390,2,2,150.3,0.2,150.2,150,149.9,100,,,,,,,,,,,,,,,,,150.4,18,150.7,150,,,,,,,,,,,,,,,,
2026-07-04T06:04:13.178364+00:00,2026-07-04T06:04:13.178216,1,1,150.45,0.5,150.2,150,,,,,,,,,,,,,,,,,,,150.7,150,,,,,,,,,,,,,,,,,,
2026-07-04T06:04:13.232862+00:00,2026-07-04T06:04:13.232756,2,1,150.5,0.4,150.3,100,150.2,150,,,,,,,,,,,,,,,,,150.7,150,,,,,,,,,,,,,,,,,,
2026-07-04T06:04:13.290976+00:00,2026-07-04T06:04:13.291104,2,2,150.5,0.4,150.3,100,150.2,150,,,,,,,,,,,,,,,,,150.7,150,150.8,100,,,,,,,,,,,,,,,,
2026-07-04T06:04:13.916405+00:00,2026-07-04T06:04:13.916584,2,2,150.5,0.4,150.3,50,150.2,150,,,,,,,,,,,,,,,,,150.7,150,150.8,100,,,,,,,,,,,,,,,,
2026-07-04T06:04:15.868718+00:00,2026-07-04T06:04:15.868912,1,1,150.55,0.5,150.3,50,,,,,,,,,,,,,,,,,,,150.8,100,,,,,,,,,,,,,,,,,,
2026-07-04T06:04:15.918649+00:00,2026-07-04T06:04:15.918483,2,1,150.65,0.3,150.5,150,150.3,50,,,,,,,,,,,,,,,,,150.8,100,,,,,,,,,,,,,,,,,,
2026-07-04T06:04:15.972042+00:00,2026-07-04T06:04:15.972168,2,2,150.65,0.3,150.5,150,150.3,50,,,,,,,,,,,,,,,,,150.8,100,151.0,150,,,,,,,,,,,,,,,,
