recv_time,book_timestamp,n_bids,n_asks,mid,spread,bid_px_0,bid_vol_0,bid_px_1,bid_vol_1,bid_px_2,bid_vol_2,bid_px_3,bid_vol_3,bid_px_4,bid_vol_4,bid_px_5,bid_vol_5,bid_px_6,bid_vol_6,bid_px_7,bid_vol_7,bid_px_8,bid_vol_8,bid_px_9,bid_vol_9,ask_px_0,ask_vol_0,ask_px_1,ask_vol_1,ask_px_2,ask_vol_2,ask_px_3,ask_vol_3,ask_px_4,ask_vol_4,ask_px_5,ask_vol_5,ask_px_6,ask_vol_6,ask_px_7,ask_vol_7,ask_px_8,ask_vol_8,ask_px_9,ask_vol_9
2026-07-04T04:00:00.087212+00:00,2026-07-04T04:00:00.123326,2,2,137.75,0.3,137.6,100,137.4,150,,,,,,,,,,,,,,,,,137.9,7,138.1,100,,,,,,,,,,,,,,,,
2026-07-04T04:00:01.035538+00:00,2026-07-04T04:00:01.035487,1,1,137.85,0.5,137.6,100,,,,,,,,,,,,,,,,,,,138.1,100,,,,,,,,,,,,,,,,,,
2026-07-04T04:00:01.091574+00:00,2026-07-04T04:00:01.079263,2,0,,,138.1,50,137.6,100,,,,,,,,,,,,,,,,,,,,,,,,,,,,,,,,,,,,
2026-07-04T04:00:01.153821+00:00,2026-07-04T04:00:01.147088,2,1,138.35,0.5,138.1,47,137.6,100,,,,,,,,,,,,,,,,,138.6,150,,,,,,,,,,,,,,,,,,
2026-07-04T04:00:02.185932+00:00,2026-07-04T04:00:02.185820,1,1,138.1,1.0,137.6,98,,,,,,,,,,,,,,,,,,,138.6,150,,,,,,,,,,,,,,,,,,
2026-07-04T04:00:02.241500+00:00,2026-07-04T04:00:02.241331,1,1,138.1,1.0,137.6,98,,,,,,,,,,,,,,,,,,,138.6,100,,,,,,,,,,,,,,,,,,
2026-07-04T04:00:02.401810+00:00,2026-07-04T04:00:02.401779,0,1,,,,,,,,,,,,,,,,,,,,,,,138.6,100,,,,,,,,,,,,,,,,,,
2026-07-04T04:00:02.458608+00:00,2026-07-04T04:00:02.454412,1,1,138.25,0.7,137.9,100,,,,,,,,,,,,,,,,,,,138.6,100,,,,,,,,,,,,,,,,,,
2026-07-04T04:00:02.514828+00:00,2026-07-04T04:00:02.514682,1,2,138.15,0.5,137.9,100,,,,,,,,,,,,,,,,,,,138.4,100,138.6,100,,,,,,,,,,,,,,,,
2026-07-04T04:00:02.680113+00:00,2026-07-04T04:00:02.679831,1,2,138.15,0.5,137.9,51,,,,,,,,,,,,,,,,,,,138.4,100,138.6,100,,,,,,,,,,,,,,,,
2026-07-04T04:00:03.263002+00:00,2026-07-04T04:00:03.262936,1,2,138.15,0.5,137.9,51,,,,,,,,,,,,,,,,,,,138.4,52,138.6,100,,,,,,,,,,,,,,,,
2026-07-04T04:00:04.199306+00:00,2026-07-04T04:00:04.199186,1,1,138.15,0.5,137.9,51,,,,,,,,,,,,,,,,,,,138.4,52,,,,,,,,,,,,,,,,,,
2026-07-04T04:00:04.243488+00:00,2026-07-04T04:00:04.243360,1,1,138.15,0.5,137.9,51,,,,,,,,,,,,,,,,,,,138.4,12,,,,,,,,,,,,,,,,,,
2026-07-04T04:00:04.248663+00:00,2026-07-04T04:00:04.248542,2,1,138.15,0.5,137.9,51,137.8,150,,,,,,,,,,,,,,,,,138.4,12,,,,,,,,,,,,,,,,,,
2026-07-04T04:00:04.305145+00:00,2026-07-04T04:00:04.305081,2,2,138.1,0.4,137.9,51,137.8,150,,,,,,,,,,,,,,,,,138.3,150,138.4,12,,,,,,,,,,,,,,,,
2026-07-04T04:00:04.711325+00:00,2026-07-04T04:00:04.711220,2,2,138.1,0.4,137.9,6,137.8,150,,,,,,,,,,,,,,,,,138.3,150,138.4,12,,,,,,,,,,,,,,,,
2026-07-04T04:00:05.571379+00:00,2026-07-04T04:00:05.571256,1,1,138.05,0.5,137.8,150,,,,,,,,,,,,,,,,,,,138.3,150,,,,,,,,,,,,,,,,,,
2026-07-04T04:00:05.626066+00:00,2026-07-04T04:00:05.625964,2,1,138.2,0.2,138.1,100,137.8,150,,,,,,,,,,,,,,,,,138.3,150,,,,,,,,,,,,,,,,,,
2026-07-04T04:00:05.679626+00:00,2026-07-04T04:00:05.679503,2,2,138.2,0.2,138.1,100,137.8,150,,,,,,,,,,,,,,,,,138.3,150,138.6,100,,,,,,,,,,,,,,,,
2026-07-04T04:00:06.294386+00:00,2026-07-04T04:00:06.294314,2,2,138.2,0.2,138.1,55,137.8,150,,,,,,,,,,,,,,,,,138.3,150,138.6,100,,,,,,,,,,,,,,,,
2026-07-04T04:00:06.506177+00:00,2026-07-04T04:00:06.506270,2,2,138.2,0.2,138.1,5,137.8,150,,,,,,,,,,,,,,,,,138.3,150,138.6,100,,,,,,,,,,,,,,,,
2026-07-04T04:00:07.358637+00:00,2026-07-04T04:00:07.353301,1,1,138.35,0.5,138.1,5,,,,,,,,,,,,,,,,,,,138.6,100,,,,,,,,,,,,,,,,,,
2026-07-04T04:00:07.390920+00:00,2026-07-04T04:00:07.390831,1,1,138.35,0.5,138.1,5,,,,,,,,,,,,,,,,,,,138.6,55,,,,,,,,,,,,,,,,,,
2026-07-04T04:00:07.413927+00:00,2026-07-04T04:00:07.413845,2,1,138.35,0.5,138.1,5,137.9,150,,,,,,,,,,,,,,,,,138.6,55,,,,,,,,,,,,,,,,,,
2026-07-04T04:00:07.477686+00:00,2026-07-04T04:00:07.477636,2,2,138.25,0.3,138.1,5,137.9,150,,,,,,,,,,,,,,,,,138.4,150,138.6,55,,,,,,,,,,,,,,,,
2026-07-04T04:00:08.612440+00:00,2026-07-04T04:00:08.612310,1,2,138.15,0.5,137.9,105,,,,,,,,,,,,,,,,,,,138.4,150,138.6,55,,,,,,,,,,,,,,,,
2026-07-04T04:00:08.732823+00:00,2026-07-04T04:00:08.732915,1,1,138.15,0.5,137.9,105,,,,,,,,,,,,,,,,,,,138.4,150,,,,,,,,,,,,,,,,,,
2026-07-04T04:00:08.780696+00:00,2026-07-04T04:00:08.780586,2,1,138.15,0.5,137.9,105,137.8,100,,,,,,,,,,,,,,,,,138.4,150,,,,,,,,,,,,,,,,,,
2026-07-04T04:00:08.840080+00:00,2026-07-04T04:00:08.840016,2,2,138.1,0.4,137.9,105,137.8,100,,,,,,,,,,,,,,,,,138.3,100,138.4,150,,,,,,,,,,,,,,,,
2026-07-04T04:00:10.539287+00:00,2026-07-04T04:00:10.539195,1,1,138.05,0.5,137.8,100,,,,,,,,,,,,,,,,,,,138.3,100,,,,,,,,,,,,,,,,,,
2026-07-04T04:00:10.594014+00:00,2026-07-04T04:00:10.593886,2,1,138.05,0.5,137.8,100,137.4,150,,,,,,,,,,,,,,,,,138.3,100,,,,,,,,,,,,,,,,,,
2026-07-04T04:00:10.646787+00:00,2026-07-04T04:00:10.646660,2,2,137.85,0.1,137.8,100,137.4,150,,,,,,,,,,,,,,,,,137.9,150,138.3,100,,,,,,,,,,,,,,,,
2026-07-04T04:00:10.720571+00:00,2026-07-04T04:00:10.720716,2,2,137.85,0.1,137.8,50,137.4,150,,,,,,,,,,,,,,,,,137.9,150,138.3,100,,,,,,,,,,,,,,,,
2026-07-04T04:00:11.536490+00:00,2026-07-04T04:00:11.530282,2,2,137.85,0.1,137.8,50,137.4,150,,,,,,,,,,,,,,,,,137.9,147,138.3,100,,,,,,,,,,,,,,,,
2026-07-04T04:00:11.894597+00:00,2026-07-04T04:00:11.894563,1,1,137.65,0.5,137.4,150,,,,,,,,,,,,,,,,,,,137.9,147,,,,,,,,,,,,,,,,,,
2026-07-04T04:00:11.964074+00:00,2026-07-04T04:00:11.963811,2,1,137.8,0.2,137.7,100,137.4,150,,,,,,,,,,,,,,,,,137.9,147,,,,,,,,,,,,,,,,,,
2026-07-04T04:00:12.000965+00:00,2026-07-04T04:00:12.000873,2,2,137.8,0.2,137.7,100,137.4,150,,,,,,,,,,,,,,,,,137.9,147,138.2,100,,,,,,,,,,,,,,,,
2026-07-04T04:00:12.828093+00:00,2026-07-04T04:00:12.827993,2,2,137.8,0.2,137.7,50,137.4,150,,,,,,,,,,,,,,,,,137.9,147,138.2,100,,,,,,,,,,,,,,,,
2026-07-04T04:00:13.700545+00:00,2026-07-04T04:00:13.700370,1,1,137.95,0.5,137.7,50,,,,,,,,,,,,,,,,,,,138.2,100,,,,,,,,,,,,,,,,,,
2026-07-04T04:00:13.758595+00:00,2026-07-04T04:00:13.755024,2,1,137.95,0.5,137.7,50,137.6,150,,,,,,,,,,,,,,,,,138.2,100,,,,,,,,,,,,,,,,,,
2026-07-04T04:00:13.823909+00:00,2026-07-04T04:00:13.823732,2,2,137.9,0.4,137.7,50,137.6,150,,,,,,,,,,,,,,,,,138.1,150,138.2,100,,,,,,,,,,,,,,,,
2026-07-04T04:00:15.058670+00:00,2026-07-04T04:00:15.056719,1,1,137.85,0.5,137.6,150,,,,,,,,,,,,,,,,,,,138.1,150,,,,,,,,,,,,,,,,,,
2026-07-04T04:00:15.110684+00:00,2026-07-04T04:00:15.110393,1,1,137.85,0.5,137.6,250,,,,,,,,,,,,,,,,,,,138.1,150,,,,,,,,,,,,,,,,,,
2026-07-04T04:00:15.158591+00:00,2026-07-04T04:00:15.157951,1,1,137.85,0.5,137.6,250,,,,,,,,,,,,,,,,,,,138.1,250,,,,,,,,,,,,,,,,,,
2026-07-04T04:00:16.879726+00:00,2026-07-04T04:00:16.879595,1,1,137.85,0.5,137.6,100,,,,,,,,,,,,,,,,,,,138.1,100,,,,,,,,,,,,,,,,,,
2026-07-04T04:00:16.947428+00:00,2026-07-04T04:00:16.947397,1,1,137.85,0.5,137.6,250,,,,,,,,,,,,,,,,,,,138.1,100,,,,,,,,,,,,,,,,,,
2026-07-04T04:00:17.003927+00:00,2026-07-04T04:00:17.004031,1,1,137.85,0.5,137.6,250,,,,,,,,,,,,,,,,,,,138.1,250,,,,,,,,,,,,,,,,,,
2026-07-04T04:00:18.218746+00:00,2026-07-04T04:00:18.218648,1,1,137.85,0.5,137.6,150,,,,,,,,,,,,,,,,,,,138.1,150,,,,,,,,,,,,,,,,,,
2026-07-04T04:00:18.274263+00:00,2026-07-04T04:00:18.274165,2,1,137.85,0.5,137.6,150,137.5,100,,,,,,,,,,,,,,,,,138.1,150,,,,,,,,,,,,,,,,,,
2026-07-04T04:00:18.327277+00:00,2026-07-04T04:00:18.327178,2,2,137.8,0.4,137.6,150,137.5,100,,,,,,,,,,,,,,,,,138.0,100,138.1,150,,,,,,,,,,,,,,,,
2026-07-04T04:00:19.095525+00:00,2026-07-04T04:00:19.095421,2,2,137.8,0.4,137.6,150,137.5,100,,,,,,,,,,,,,,,,,138.0,50,138.1,150,,,,,,,,,,,,,,,,
2026-07-04T04:00:20.053261+00:00,2026-07-04T04:00:20.053426,2,1,137.8,0.4,137.6,150,137.5,100,,,,,,,,,,,,,,,,,138.0,50,,,,,,,,,,,,,,,,,,
2026-07-04T04:00:20.058822+00:00,2026-07-04T04:00:20.058650,1,1,137.75,0.5,137.5,100,,,,,,,,,,,,,,,,,,,138.0,50,,,,,,,,,,,,,,,,,,
2026-07-04T04:00:20.106682+00:00,2026-07-04T04:00:20.106838,2,1,137.85,0.3,137.7,150,137.5,100,,,,,,,,,,,,,,,,,138.0,50,,,,,,,,,,,,,,,,,,
2026-07-04T04:00:20.158653+00:00,2026-07-04T04:00:20.155732,2,2,137.85,0.3,137.7,150,137.5,100,,,,,,,,,,,,,,,,,138.0,50,138.2,150,,,,,,,,,,,,,,,,
2026-07-04T04:00:20.496273+00:00,2026-07-04T04:00:20.496167,2,2,137.85,0.3,137.7,150,137.5,100,,,,,,,,,,,,,,,,,138.0,1,138.2,150,,,,,,,,,,,,,,,,
2026-07-04T04:00:21.200989+00:00,2026-07-04T04:00:21.200859,2,1,137.95,0.5,137.7,150,137.5,100,,,,,,,,,,,,,,,,,138.2,150,,,,,,,,,,,,,,,,,,
2026-07-04T04:00:21.382234+00:00,2026-07-04T04:00:21.382034,1,1,137.95,0.5,137.7,150,,,,,,,,,,,,,,,,,,,138.2,150,,,,,,,,,,,,,,,,,,
2026-07-04T04:00:21.435726+00:00,2026-07-04T04:00:21.435553,2,1,137.95,0.5,137.7,150,137.6,100,,,,,,,,,,,,,,,,,138.2,150,,,,,,,,,,,,,,,,,,
2026-07-04T04:00:21.488829+00:00,2026-07-04T04:00:21.488775,2,2,137.9,0.4,137.7,150,137.6,100,,,,,,,,,,,,,,,,,138.1,100,138.2,150,,,,,,,,,,,,,,,,
2026-07-04T04:00:23.214953+00:00,2026-07-04T04:00:23.215097,1,1,137.85,0.5,137.6,100,,,,,,,,,,,,,,,,,,,138.1,100,,,,,,,,,,,,,,,,,,
2026-07-04T04:00:23.269558+00:00,2026-07-04T04:00:23.269435,2,1,137.9,0.4,137.7,150,137.6,100,,,,,,,,,,,,,,,,,138.1,100,,,,,,,,,,,,,,,,,,
2026-07-04T04:00:23.310202+00:00,2026-07-04T04:00:23.310065,2,1,137.9,0.4,137.7,150,137.6,100,,,,,,,,,,,,,,,,,138.1,50,,,,,,,,,,,,,,,,,,
2026-07-04T04:00:23.320670+00:00,2026-07-04T04:00:23.320634,2,2,137.9,0.4,137.7,150,137.6,100,,,,,,,,,,,,,,,,,138.1,50,138.2,150,,,,,,,,,,,,,,,,
2026-07-04T04:00:24.543051+00:00,2026-07-04T04:00:24.542895,1,1,137.95,0.5,137.7,150,,,,,,,,,,,,,,,,,,,138.2,150,,,,,,,,,,,,,,,,,,
2026-07-04T04:00:24.598021+00:00,2026-07-04T04:00:24.597917,2,1,138.1,0.2,138.0,100,137.7,150,,,,,,,,,,,,,,,,,138.2,150,,,,,,,,,,,,,,,,,,
2026-07-04T04:00:24.646214+00:00,2026-07-04T04:00:24.646175,2,2,138.1,0.2,138.0,100,137.7,150,,,,,,,,,,,,,,,,,138.2,150,138.5,100,,,,,,,,,,,,,,,,
2026-07-04T04:00:24.928269+00:00,2026-07-04T04:00:24.928483,2,2,138.1,0.2,138.0,100,137.7,150,,,,,,,,,,,,,,,,,138.2,104,138.5,100,,,,,,,,,,,,,,,,
2026-07-04T04:00:25.436995+00:00,2026-07-04T04:00:25.436811,2,2,138.1,0.2,138.0,100,137.7,150,,,,,,,,,,,,,,,,,138.2,54,138.5,100,,,,,,,,,,,,,,,,
2026-07-04T04:00:26.375651+00:00,2026-07-04T04:00:26.375841,1,1,138.25,0.5,138.0,100,,,,,,,,,,,,,,,,,,,138.5,100,,,,,,,,,,,,,,,,,,
2026-07-04T04:00:26.430572+00:00,2026-07-04T04:00:26.430447,1,1,138.25,0.5,138.0,250,,,,,,,,,,,,,,,,,,,138.5,100,,,,,,,,,,,,,,,,,,
2026-07-04T04:00:26.483991+00:00,2026-07-04T04:00:26.484189,1,1,138.25,0.5,138.0,250,,,,,,,,,,,,,,,,,,,138.5,250,,,,,,,,,,,,,,,,,,
2026-07-04T04:00:27.547319+00:00,2026-07-04T04:00:27.547240,1,1,138.25,0.5,138.0,250,,,,,,,,,,,,,,,,,,,138.5,200,,,,,,,,,,,,,,,,,,
2026-07-04T04:00:27.702172+00:00,2026-07-04T04:00:27.702127,1,1,138.25,0.5,138.0,150,,,,,,,,,,,,,,,,,,,138.5,150,,,,,,,,,,,,,,,,,,
2026-07-04T04:00:27.760454+00:00,2026-07-04T04:00:27.760327,2,1,138.3,0.4,138.1,100,138.0,150,,,,,,,,,,,,,,,,,138.5,150,,,,,,,,,,,,,,,,,,
2026-07-04T04:00:27.813726+00:00,2026-07-04T04:00:27.813623,2,2,138.3,0.4,138.1,100,138.0,150,,,,,,,,,,,,,,,,,138.5,150,138.6,100,,,,,,,,,,,,,,,,
2026-07-04T04:00:28.579993+00:00,2026-07-04T04:00:28.573933,2,2,138.3,0.4,138.1,97,138.0,150,,,,,,,,,,,,,,,,,138.5,150,138.6,100,,,,,,,,,,,,,,,,
2026-07-04T04:00:29.537997+00:00,2026-07-04T04:00:29.537880,1,1,138.35,0.5,138.1,97,,,,,,,,,,,,,,,,,,,138.6,100,,,,,,,,,,,,,,,,,,
2026-07-04T04:00:29.592255+00:00,2026-07-04T04:00:29.592111,2,1,138.35,0.5,138.1,97,137.9,150,,,,,,,,,,,,,,,,,138.6,100,,,,,,,,,,,,,,,,,,
2026-07-04T04:00:29.669374+00:00,2026-07-04T04:00:29.669312,2,2,138.25,0.3,138.1,97,137.9,150,,,,,,,,,,,,,,,,,138.4,150,138.6,100,,,,,,,,,,,,,,,,
2026-07-04T04:00:29.674602+00:00,2026-07-04T04:00:29.674577,2,2,138.25,0.3,138.1,97,137.9,150,,,,,,,,,,,,,,,,,138.4,100,138.6,100,,,,,,,,,,,,,,,,
2026-07-04T04:00:30.875040+00:00,2026-07-04T04:00:30.874984,2,1,138.25,0.3,138.1,97,137.9,150,,,,,,,,,,,,,,,,,138.4,100,,,,,,,,,,,,,,,,,,
2026-07-04T04:00:30.880252+00:00,2026-07-04T04:00:30.880156,1,1,138.15,0.5,137.9,150,,,,,,,,,,,,,,,,,,,138.4,100,,,,,,,,,,,,,,,,,,
2026-07-04T04:00:30.932004+00:00,2026-07-04T04:00:30.931923,2,1,138.25,0.3,138.1,100,137.9,150,,,,,,,,,,,,,,,,,138.4,100,,,,,,,,,,,,,,,,,,
2026-07-04T04:00:30.984083+00:00,2026-07-04T04:00:30.984059,2,2,138.25,0.3,138.1,100,137.9,150,,,,,,,,,,,,,,,,,138.4,100,138.6,100,,,,,,,,,,,,,,,,
2026-07-04T04:00:31.147229+00:00,2026-07-04T04:00:31.147338,2,2,138.25,0.3,138.1,55,137.9,150,,,,,,,,,,,,,,,,,138.4,100,138.6,100,,,,,,,,,,,,,,,,
2026-07-04T04:00:32.740661+00:00,2026-07-04T04:00:32.740523,1,1,138.35,0.5,138.1,55,,,,,,,,,,,,,,,,,,,138.6,100,,,,,,,,,,,,,,,,,,
2026-07-04T04:00:32.794437+00:00,2026-07-04T04:00:32.788448,1,1,138.35,0.5,138.1,205,,,,,,,,,,,,,,,,,,,138.6,100,,,,,,,,,,,,,,,,,,
2026-07-04T04:00:32.850424+00:00,2026-07-04T04:00:32.850238,1,1,138.35,0.5,138.1,205,,,,,,,,,,,,,,,,,,,138.6,250,,,,,,,,,,,,,,,,,,
2026-07-04T04:00:33.932443+00:00,2026-07-04T04:00:33.932368,1,1,138.35,0.5,138.1,155,,,,,,,,,,,,,,,,,,,138.6,250,,,,,,,,,,,,,,,,,,
2026-07-04T04:00:34.045828+00:00,2026-07-04T04:00:34.046052,1,1,138.35,0.5,138.1,150,,,,,,,,,,,,,,,,,,,138.6,150,,,,,,,,,,,,,,,,,,
2026-07-04T04:00:34.103901+00:00,2026-07-04T04:00:34.103805,2,1,138.35,0.5,138.1,150,137.6,100,,,,,,,,,,,,,,,,,138.6,150,,,,,,,,,,,,,,,,,,
2026-07-04T04:00:34.158666+00:00,2026-07-04T04:00:34.153269,2,1,138.35,0.5,138.1,50,137.6,100,,,,,,,,,,,,,,,,,138.6,150,,,,,,,,,,,,,,,,,,
2026-07-04T04:00:34.560946+00:00,2026-07-04T04:00:34.554894,2,1,138.35,0.5,138.1,39,137.6,100,,,,,,,,,,,,,,,,,138.6,150,,,,,,,,,,,,,,,,,,
2026-07-04T04:00:34.981359+00:00,2026-07-04T04:00:34.981222,1,1,138.1,1.0,137.6,91,,,,,,,,,,,,,,,,,,,138.6,150,,,,,,,,,,,,,,,,,,
2026-07-04T04:00:35.905062+00:00,2026-07-04T04:00:35.904988,1,0,,,137.6,91,,,,,,,,,,,,,,,,,,,,,,,,,,,,,,,,,,,,,,
2026-07-04T04:00:35.958562+00:00,2026-07-04T04:00:35.952842,2,0,,,137.6,91,137.4,150,,,,,,,,,,,,,,,,,,,,,,,,,,,,,,,,,,,,
2026-07-04T04:00:36.020314+00:00,2026-07-04T04:00:36.014441,2,1,137.75,0.3,137.6,91,137.4,150,,,,,,,,,,,,,,,,,137.9,139,,,,,,,,,,,,,,,,,,
2026-07-04T04:00:37.023344+00:00,2026-07-04T04:00:37.023556,2,1,137.75,0.3,137.6,91,137.4,150,,,,,,,,,,,,,,,,,137.9,93,,,,,,,,,,,,,,,,,,
2026-07-04T04:00:37.211515+00:00,2026-07-04T04:00:37.211414,1,1,137.65,0.5,137.4,150,,,,,,,,,,,,,,,,,,,137.9,93,,,,,,,,,,,,,,,,,,
2026-07-04T04:00:37.264432+00:00,2026-07-04T04:00:37.264313,2,0,,,137.9,7,137.4,150,,,,,,,,,,,,,,,,,,,,,,,,,,,,,,,,,,,,
2026-07-04T04:00:37.320099+00:00,2026-07-04T04:00:37.320239,2,1,138.15,0.5,137.9,7,137.4,150,,,,,,,,,,,,,,,,,138.4,100,,,,,,,,,,,,,,,,,,
2026-07-04T04:00:39.063925+00:00,2026-07-04T04:00:39.063816,1,1,138.15,0.5,137.9,7,,,,,,,,,,,,,,,,,,,138.4,100,,,,,,,,,,,,,,,,,,
2026-07-04T04:00:39.112032+00:00,2026-07-04T04:00:39.111924,2,1,138.2,0.4,138.0,150,137.9,7,,,,,,,,,,,,,,,,,138.4,100,,,,,,,,,,,,,,,,,,
2026-07-04T04:00:39.164146+00:00,2026-07-04T04:00:39.164302,2,2,138.2,0.4,138.0,150,137.9,7,,,,,,,,,,,,,,,,,138.4,100,138.5,150,,,,,,,,,,,,,,,,
2026-07-04T04:00:40.244859+00:00,2026-07-04T04:00:40.244826,2,2,138.2,0.4,138.0,100,137.9,7,,,,,,,,,,,,,,,,,138.4,100,138.5,150,,,,,,,,,,,,,,,,
2026-07-04T04:00:40.373725+00:00,2026-07-04T04:00:40.373635,1,1,138.25,0.5,138.0,100,,,,,,,,,,,,,,,,,,,138.5,150,,,,,,,,,,,,,,,,,,
2026-07-04T04:00:40.427455+00:00,2026-07-04T04:00:40.427404,2,1,138.25,0.5,138.0,100,137.8,100,,,,,,,,,,,,,,,,,138.5,150,,,,,,,,,,,,,,,,,,
2026-07-04T04:00:40.482682+00:00,2026-07-04T04:00:40.482802,2,2,138.15,0.3,138.0,100,137.8,100,,,,,,,,,,,,,,,,,138.3,100,138.5,150,,,,,,,,,,,,,,,,
2026-07-04T04:00:42.218240+00:00,2026-07-04T04:00:42.218150,1,1,138.05,0.5,137.8,100,,,,,,,,,,,,,,,,,,,138.3,100,,,,,,,,,,,,,,,,,,
2026-07-04T04:00:42.272739+00:00,2026-07-04T04:00:42.272714,2,1,138.15,0.3,138.0,150,137.8,100,,,,,,,,,,,,,,,,,138.3,100,,,,,,,,,,,,,,,,,,
2026-07-04T04:00:42.325453+00:00,2026-07-04T04:00:42.325349,2,2,138.15,0.3,138.0,150,137.8,100,,,,,,,,,,,,,,,,,138.3,100,138.5,150,,,,,,,,,,,,,,,,
2026-07-04T04:00:42.379508+00:00,2026-07-04T04:00:42.379407,2,2,138.15,0.3,138.0,100,137.8,100,,,,,,,,,,,,,,,,,138.3,100,138.5,150,,,,,,,,,,,,,,,,
2026-07-04T04:00:43.535037+00:00,2026-07-04T04:00:43.534949,1,1,138.25,0.5,138.0,100,,,,,,,,,,,,,,,,,,,138.5,150,,,,,,,,,,,,,,,,,,
2026-07-04T04:00:43.590284+00:00,2026-07-04T04:00:43.590138,2,1,138.3,0.4,138.1,100,138.0,100,,,,,,,,,,,,,,,,,138.5,150,,,,,,,,,,,,,,,,,,
2026-07-04T04:00:43.655581+00:00,2026-07-04T04:00:43.655716,2,2,138.3,0.4,138.1,100,138.0,100,,,,,,,,,,,,,,,,,138.5,150,138.6,100,,,,,,,,,,,,,,,,
2026-07-04T04:00:44.497087+00:00,2026-07-04T04:00:44.496974,2,2,138.3,0.4,138.1,56,138.0,100,,,,,,,,,,,,,,,,,138.5,150,138.6,100,,,,,,,,,,,,,,,,
2026-07-04T04:00:45.088695+00:00,2026-07-04T04:00:45.088876,2,2,138.3,0.4,138.1,56,138.0,100,,,,,,,,,,,,,,,,,138.5,103,138.6,100,,,,,,,,,,,,,,,,
2026-07-04T04:00:45.390081+00:00,2026-07-04T04:00:45.389869,1,1,138.35,0.5,138.1,56,,,,,,,,,,,,,,,,,,,138.6,100,,,,,,,,,,,,,,,,,,
2026-07-04T04:00:45.442939+00:00,2026-07-04T04:00:45.442802,2,1,138.35,0.5,138.1,56,137.9,150,,,,,,,,,,,,,,,,,138.6,100,,,,,,,,,,,,,,,,,,
2026-07-04T04:00:45.494211+00:00,2026-07-04T04:00:45.494365,2,2,138.25,0.3,138.1,56,137.9,150,,,,,,,,,,,,,,,,,138.4,150,138.6,100,,,,,,,,,,,,,,,,
2026-07-04T04:00:46.539351+00:00,2026-07-04T04:00:46.539229,2,2,138.25,0.3,138.1,56,137.9,150,,,,,,,,,,,,,,,,,138.4,100,138.6,100,,,,,,,,,,,,,,,,
2026-07-04T04:00:46.702843+00:00,2026-07-04T04:00:46.702771,2,1,138.25,0.3,138.1,56,137.9,150,,,,,,,,,,,,,,,,,138.4,100,,,,,,,,,,,,,,,,,,
2026-07-04T04:00:46.708006+00:00,2026-07-04T04:00:46.707957,1,1,138.15,0.5,137.9,150,,,,,,,,,,,,,,,,,,,138.4,100,,,,,,,,,,,,,,,,,,
2026-07-04T04:00:46.755160+00:00,2026-07-04T04:00:46.755278,2,1,138.15,0.5,137.9,150,137.8,100,,,,,,,,,,,,,,,,,138.4,100,,,,,,,,,,,,,,,,,,
2026-07-04T04:00:46.809422+00:00,2026-07-04T04:00:46.809317,2,2,138.1,0.4,137.9,150,137.8,100,,,,,,,,,,,,,,,,,138.3,100,138.4,100,,,,,,,,,,,,,,,,
2026-07-04T04:00:48.551516+00:00,2026-07-04T04:00:48.551481,1,1,138.05,0.5,137.8,100,,,,,,,,,,,,,,,,,,,138.3,100,,,,,,,,,,,,,,,,,,
2026-07-04T04:00:48.605731+00:00,2026-07-04T04:00:48.605679,2,1,138.25,0.1,138.2,109,137.8,100,,,,,,,,,,,,,,,,,138.3,100,,,,,,,,,,,,,,,,,,
2026-07-04T04:00:48.644858+00:00,2026-07-04T04:00:48.644651,2,1,138.25,0.1,138.2,109,137.8,100,,,,,,,,,,,,,,,,,138.3,50,,,,,,,,,,,,,,,,,,
2026-07-04T04:00:48.655090+00:00,2026-07-04T04:00:48.655226,2,2,138.25,0.1,138.2,109,137.8,100,,,,,,,,,,,,,,,,,138.3,50,138.7,150,,,,,,,,,,,,,,,,
2026-07-04T04:00:49.586683+00:00,2026-07-04T04:00:49.581126,2,2,138.25,0.1,138.2,98,137.8,100,,,,,,,,,,,,,,,,,138.3,50,138.7,150,,,,,,,,,,,,,,,,
2026-07-04T04:00:49.858644+00:00,2026-07-04T04:00:49.855593,2,1,138.45,0.5,138.2,98,137.8,100,,,,,,,,,,,,,,,,,138.7,150,,,,,,,,,,,,,,,,,,
2026-07-04T04:00:49.863635+00:00,2026-07-04T04:00:49.863744,1,1,138.45,0.5,138.2,98,,,,,,,,,,,,,,,,,,,138.7,150,,,,,,,,,,,,,,,,,,
2026-07-04T04:00:49.915784+00:00,2026-07-04T04:00:49.915686,2,1,138.45,0.5,138.2,98,137.7,100,,,,,,,,,,,,,,,,,138.7,150,,,,,,,,,,,,,,,,,,
2026-07-04T04:00:49.969205+00:00,2026-07-04T04:00:49.969422,1,2,137.95,0.5,137.7,100,,,,,,,,,,,,,,,,,,,138.2,2,138.7,150,,,,,,,,,,,,,,,,
2026-07-04T04:00:50.179347+00:00,2026-07-04T04:00:50.179184,1,1,138.2,1.0,137.7,100,,,,,,,,,,,,,,,,,,,138.7,150,,,,,,,,,,,,,,,,,,
2026-07-04T04:00:50.748451+00:00,2026-07-04T04:00:50.748325,1,1,138.2,1.0,137.7,100,,,,,,,,,,,,,,,,,,,138.7,100,,,,,,,,,,,,,,,,,,
2026-07-04T04:00:51.709780+00:00,2026-07-04T04:00:51.709727,1,0,,,137.7,100,,,,,,,,,,,,,,,,,,,,,,,,,,,,,,,,,,,,,,
2026-07-04T04:00:51.758601+00:00,2026-07-04T04:00:51.755434,1,0,,,137.7,250,,,,,,,,,,,,,,,,,,,,,,,,,,,,,,,,,,,,,,
2026-07-04T04:00:51.814027+00:00,2026-07-04T04:00:51.813949,1,1,137.95,0.5,137.7,250,,,,,,,,,,,,,,,,,,,138.2,150,,,,,,,,,,,,,,,,,,
2026-07-04T04:00:52.857734+00:00,2026-07-04T04:00:52.857611,1,1,137.95,0.5,137.7,250,,,,,,,,,,,,,,,,,,,138.2,100,,,,,,,,,,,,,,,,,,
2026-07-04T04:00:53.022749+00:00,2026-07-04T04:00:53.022709,1,1,137.95,0.5,137.7,150,,,,,,,,,,,,,,,,,,,138.2,100,,,,,,,,,,,,,,,,,,
2026-07-04T04:00:53.080528+00:00,2026-07-04T04:00:53.080460,2,1,138.15,0.1,138.1,100,137.7,150,,,,,,,,,,,,,,,,,138.2,100,,,,,,,,,,,,,,,,,,
2026-07-04T04:00:53.133103+00:00,2026-07-04T04:00:53.133037,2,2,138.15,0.1,138.1,100,137.7,150,,,,,,,,,,,,,,,,,138.2,100,138.6,100,,,,,,,,,,,,,,,,
2026-07-04T04:00:54.824360+00:00,2026-07-04T04:00:54.817699,2,2,138.15,0.1,138.1,100,137.7,150,,,,,,,,,,,,,,,,,138.2,86,138.6,100,,,,,,,,,,,,,,,,
2026-07-04T04:00:54.867070+00:00,2026-07-04T04:00:54.867041,2,1,138.35,0.5,138.1,100,137.7,150,,,,,,,,,,,,,,,,,138.6,100,,,,,,,,,,,,,,,,,,
2026-07-04T04:00:54.867811+00:00,2026-07-04T04:00:54.867756,1,1,138.35,0.5,138.1,100,,,,,,,,,,,,,,,,,,,138.6,100,,,,,,,,,,,,,,,,,,
2026-07-04T04:00:54.925040+00:00,2026-07-04T04:00:54.925146,2,1,138.45,0.3,138.3,150,138.1,100,,,,,,,,,,,,,,,,,138.6,100,,,,,,,,,,,,,,,,,,
2026-07-04T04:00:54.966306+00:00,2026-07-04T04:00:54.966241,2,1,138.45,0.3,138.3,150,138.1,100,,,,,,,,,,,,,,,,,138.6,50,,,,,,,,,,,,,,,,,,
2026-07-04T04:00:54.976824+00:00,2026-07-04T04:00:54.976765,2,2,138.45,0.3,138.3,150,138.1,100,,,,,,,,,,,,,,,,,138.6,50,138.8,150,,,,,,,,,,,,,,,,
2026-07-04T04:00:56.182604+00:00,2026-07-04T04:00:56.182483,2,1,138.55,0.5,138.3,150,138.1,100,,,,,,,,,,,,,,,,,138.8,150,,,,,,,,,,,,,,,,,,
2026-07-04T04:00:56.187832+00:00,2026-07-04T04:00:56.187678,1,1,138.55,0.5,138.3,150,,,,,,,,,,,,,,,,,,,138.8,150,,,,,,,,,,,,,,,,,,
2026-07-04T04:00:56.250170+00:00,2026-07-04T04:00:56.249097,2,1,138.65,0.3,138.5,86,138.3,150,,,,,,,,,,,,,,,,,138.8,150,,,,,,,,,,,,,,,,,,
2026-07-04T04:00:56.297594+00:00,2026-07-04T04:00:56.297453,2,2,138.65,0.3,138.5,86,138.3,150,,,,,,,,,,,,,,,,,138.8,150,139.0,100,,,,,,,,,,,,,,,,
2026-07-04T04:00:56.894283+00:00,2026-07-04T04:00:56.894219,2,2,138.65,0.3,138.5,86,138.3,150,,,,,,,,,,,,,,,,,138.8,104,139.0,100,,,,,,,,,,,,,,,,
2026-07-04T04:00:57.074001+00:00,2026-07-04T04:00:57.074134,2,2,138.65,0.3,138.5,86,138.3,150,,,,,,,,,,,,,,,,,138.8,54,139.0,100,,,,,,,,,,,,,,,,
2026-07-04T04:00:58.034396+00:00,2026-07-04T04:00:58.034353,2,1,138.75,0.5,138.5,86,138.3,150,,,,,,,,,,,,,,,,,139.0,100,,,,,,,,,,,,,,,,,,
2026-07-04T04:00:58.039727+00:00,2026-07-04T04:00:58.039554,1,1,138.75,0.5,138.5,86,,,,,,,,,,,,,,,,,,,139.0,100,,,,,,,,,,,,,,,,,,
2026-07-04T04:00:58.128432+00:00,2026-07-04T04:00:58.093705,2,1,138.8,0.4,138.6,138,138.5,86,,,,,,,,,,,,,,,,,139.0,100,,,,,,,,,,,,,,,,,,
2026-07-04T04:00:58.149324+00:00,2026-07-04T04:00:58.149250,2,2,138.8,0.4,138.6,138,138.5,86,,,,,,,,,,,,,,,,,139.0,100,139.1,150,,,,,,,,,,,,,,,,
2026-07-04T04:00:58.391547+00:00,2026-07-04T04:00:58.391517,2,2,138.8,0.4,138.6,89,138.5,86,,,,,,,,,,,,,,,,,139.0,100,139.1,150,,,,,,,,,,,,,,,,
2026-07-04T04:00:59.176879+00:00,2026-07-04T04:00:59.176850,2,2,138.8,0.4,138.6,89,138.5,86,,,,,,,,,,,,,,,,,139.0,50,139.1,150,,,,,,,,,,,,,,,,
2026-07-04T04:00:59.352491+00:00,2026-07-04T04:00:59.352640,1,1,138.85,0.5,138.6,89,,,,,,,,,,,,,,,,,,,139.1,150,,,,,,,,,,,,,,,,,,
2026-07-04T04:00:59.405803+00:00,2026-07-04T04:00:59.405744,1,1,138.85,0.5,138.6,189,,,,,,,,,,,,,,,,,,,139.1,150,,,,,,,,,,,,,,,,,,
2026-07-04T04:00:59.458638+00:00,2026-07-04T04:00:59.454252,1,1,138.85,0.5,138.6,189,,,,,,,,,,,,,,,,,,,139.1,250,,,,,,,,,,,,,,,,,,
2026-07-04T04:01:01.201062+00:00,2026-07-04T04:01:01.200947,1,1,138.85,0.5,138.6,100,,,,,,,,,,,,,,,,,,,139.1,100,,,,,,,,,,,,,,,,,,
2026-07-04T04:01:01.251801+00:00,2026-07-04T04:01:01.251707,2,1,138.85,0.5,138.6,100,138.3,150,,,,,,,,,,,,,,,,,139.1,100,,,,,,,,,,,,,,,,,,
2026-07-04T04:01:01.284873+00:00,2026-07-04T04:01:01.284775,2,1,138.85,0.5,138.6,100,138.3,150,,,,,,,,,,,,,,,,,139.1,50,,,,,,,,,,,,,,,,,,
2026-07-04T04:01:01.305010+00:00,2026-07-04T04:01:01.304930,2,2,138.7,0.2,138.6,100,138.3,150,,,,,,,,,,,,,,,,,138.8,150,139.1,50,,,,,,,,,,,,,,,,
2026-07-04T04:01:01.397640+00:00,2026-07-04T04:01:01.392090,2,2,138.7,0.2,138.6,77,138.3,150,,,,,,,,,,,,,,,,,138.8,150,139.1,50,,,,,,,,,,,,,,,,
2026-07-04T04:01:02.511312+00:00,2026-07-04T04:01:02.511510,1,1,138.55,0.5,138.3,150,,,,,,,,,,,,,,,,,,,138.8,150,,,,,,,,,,,,,,,,,,
2026-07-04T04:01:02.563954+00:00,2026-07-04T04:01:02.563823,2,1,138.65,0.3,138.5,100,138.3,150,,,,,,,,,,,,,,,,,138.8,150,,,,,,,,,,,,,,,,,,
2026-07-04T04:01:02.615319+00:00,2026-07-04T04:01:02.615441,2,2,138.65,0.3,138.5,100,138.3,150,,,,,,,,,,,,,,,,,138.8,150,139.0,100,,,,,,,,,,,,,,,,
2026-07-04T04:01:02.894157+00:00,2026-07-04T04:01:02.894094,2,2,138.65,0.3,138.5,60,138.3,150,,,,,,,,,,,,,,,,,138.8,150,139.0,100,,,,,,,,,,,,,,,,
2026-07-04T04:01:03.393642+00:00,2026-07-04T04:01:03.393609,2,2,138.65,0.3,138.5,60,138.3,150,,,,,,,,,,,,,,,,,138.8,100,139.0,100,,,,,,,,,,,,,,,,
2026-07-04T04:01:04.358689+00:00,2026-07-04T04:01:04.355394,1,1,138.75,0.5,138.5,60,,,,,,,,,,,,,,,,,,,139.0,100,,,,,,,,,,,,,,,,,,
2026-07-04T04:01:04.415425+00:00,2026-07-04T04:01:04.415618,2,1,138.8,0.4,138.6,150,138.5,60,,,,,,,,,,,,,,,,,139.0,100,,,,,,,,,,,,,,,,,,
2026-07-04T04:01:04.426152+00:00,2026-07-04T04:01:04.426075,2,1,138.8,0.4,138.6,150,138.5,60,,,,,,,,,,,,,,,,,139.0,59,,,,,,,,,,,,,,,,,,
2026-07-04T04:01:04.468797+00:00,2026-07-04T04:01:04.468698,2,2,138.8,0.4,138.6,150,138.5,60,,,,,,,,,,,,,,,,,139.0,59,139.1,150,,,,,,,,,,,,,,,,
2026-07-04T04:01:05.499781+00:00,2026-07-04T04:01:05.499725,2,2,138.8,0.4,138.6,150,138.5,60,,,,,,,,,,,,,,,,,139.0,9,139.1,150,,,,,,,,,,,,,,,,
2026-07-04T04:01:05.670852+00:00,2026-07-04T04:01:05.670807,1,1,138.85,0.5,138.6,150,,,,,,,,,,,,,,,,,,,139.1,150,,,,,,,,,,,,,,,,,,
2026-07-04T04:01:05.724221+00:00,2026-07-04T04:01:05.724114,2,1,138.9,0.4,138.7,100,138.6,150,,,,,,,,,,,,,,,,,139.1,150,,,,,,,,,,,,,,,,,,
2026-07-04T04:01:05.780929+00:00,2026-07-04T04:01:05.780835,2,2,138.9,0.4,138.7,100,138.6,150,,,,,,,,,,,,,,,,,139.1,150,139.2,100,,,,,,,,,,,,,,,,
2026-07-04T04:01:06.075330+00:00,2026-07-04T04:01:06.075274,2,2,138.9,0.4,138.7,54,138.6,150,,,,,,,,,,,,,,,,,139.1,150,139.2,100,,,,,,,,,,,,,,,,
2026-07-04T04:01:06.649485+00:00,2026-07-04T04:01:06.643086,2,2,138.9,0.4,138.7,43,138.6,150,,,,,,,,,,,,,,,,,139.1,150,139.2,100,,,,,,,,,,,,,,,,
2026-07-04T04:01:07.151765+00:00,2026-07-04T04:01:07.151723,2,2,138.9,0.4,138.7,43,138.6,150,,,,,,,,,,,,,,,,,139.1,108,139.2,100,,,,,,,,,,,,,,,,
2026-07-04T04:01:07.523983+00:00,2026-07-04T04:01:07.523904,1,1,138.95,0.5,138.7,43,,,,,,,,,,,,,,,,,,,139.2,100,,,,,,,,,,,,,,,,,,
2026-07-04T04:01:07.577792+00:00,2026-07-04T04:01:07.577642,2,1,138.95,0.5,138.7,43,138.5,150,,,,,,,,,,,,,,,,,139.2,100,,,,,,,,,,,,,,,,,,
2026-07-04T04:01:07.610885+00:00,2026-07-04T04:01:07.610851,2,1,138.95,0.5,138.7,43,138.5,150,,,,,,,,,,,,,,,,,139.2,50,,,,,,,,,,,,,,,,,,
2026-07-04T04:01:07.626432+00:00,2026-07-04T04:01:07.626583,2,2,138.85,0.3,138.7,43,138.5,150,,,,,,,,,,,,,,,,,139.0,150,139.2,50,,,,,,,,,,,,,,,,
2026-07-04T04:01:08.830860+00:00,2026-07-04T04:01:08.830773,2,1,138.85,0.3,138.7,43,138.5,150,,,,,,,,,,,,,,,,,139.0,150,,,,,,,,,,,,,,,,,,
2026-07-04T04:01:08.835866+00:00,2026-07-04T04:01:08.835975,1,1,138.75,0.5,138.5,150,,,,,,,,,,,,,,,,,,,139.0,150,,,,,,,,,,,,,,,,,,
2026-07-04T04:01:08.889472+00:00,2026-07-04T04:01:08.889424,2,1,138.8,0.4,138.6,100,138.5,150,,,,,,,,,,,,,,,,,139.0,150,,,,,,,,,,,,,,,,,,
2026-07-04T04:01:08.941909+00:00,2026-07-04T04:01:08.941815,2,2,138.8,0.4,138.6,100,138.5,150,,,,,,,,,,,,,,,,,139.0,150,139.1,100,,,,,,,,,,,,,,,,
2026-07-04T04:01:10.681995+00:00,2026-07-04T04:01:10.681915,1,1,138.85,0.5,138.6,100,,,,,,,,,,,,,,,,,,,139.1,100,,,,,,,,,,,,,,,,,,
2026-07-04T04:01:10.736198+00:00,2026-07-04T04:01:10.736122,2,1,138.85,0.5,138.6,100,138.5,150,,,,,,,,,,,,,,,,,139.1,100,,,,,,,,,,,,,,,,,,
2026-07-04T04:01:10.788811+00:00,2026-07-04T04:01:10.788951,2,2,138.8,0.4,138.6,100,138.5,150,,,,,,,,,,,,,,,,,139.0,150,139.1,100,,,,,,,,,,,,,,,,
2026-07-04T04:01:11.540521+00:00,2026-07-04T04:01:11.540752,2,2,138.8,0.4,138.6,52,138.5,150,,,,,,,,,,,,,,,,,139.0,150,139.1,100,,,,,,,,,,,,,,,,
2026-07-04T04:01:11.832732+00:00,2026-07-04T04:01:11.832903,2,2,138.8,0.4,138.6,52,138.5,150,,,,,,,,,,,,,,,,,139.0,100,139.1,100,,,,,,,,,,,,,,,,
2026-07-04T04:01:12.064839+00:00,2026-07-04T04:01:12.064703,1,1,138.75,0.5,138.5,250,,,,,,,,,,,,,,,,,,,139.0,100,,,,,,,,,,,,,,,,,,
2026-07-04T04:01:12.163662+00:00,2026-07-04T04:01:12.164025,1,1,138.75,0.5,138.5,250,,,,,,,,,,,,,,,,,,,139.0,200,,,,,,,,,,,,,,,,,,
2026-07-04T04:01:13.069984+00:00,2026-07-04T04:01:13.069863,1,1,138.75,0.5,138.5,250,,,,,,,,,,,,,,,,,,,139.0,151,,,,,,,,,,,,,,,,,,
2026-07-04T04:01:13.849921+00:00,2026-07-04T04:01:13.849799,1,1,138.75,0.5,138.5,100,,,,,,,,,,,,,,,,,,,139.0,100,,,,,,,,,,,,,,,,,,
2026-07-04T04:01:13.913294+00:00,2026-07-04T04:01:13.903704,2,0,,,139.1,50,138.5,100,,,,,,,,,,,,,,,,,,,,,,,,,,,,,,,,,,,,
2026-07-04T04:01:13.968103+00:00,2026-07-04T04:01:13.962264,2,1,139.35,0.5,139.1,27,138.5,100,,,,,,,,,,,,,,,,,139.6,150,,,,,,,,,,,,,,,,,,
2026-07-04T04:01:15.154276+00:00,2026-07-04T04:01:15.158543,1,1,139.35,0.5,139.1,27,,,,,,,,,,,,,,,,,,,139.6,150,,,,,,,,,,,,,,,,,,
2026-07-04T04:01:15.218368+00:00,2026-07-04T04:01:15.218333,2,1,139.35,0.5,139.1,27,138.9,100,,,,,,,,,,,,,,,,,139.6,150,,,,,,,,,,,,,,,,,,
2026-07-04T04:01:15.274467+00:00,2026-07-04T04:01:15.274604,2,2,139.25,0.3,139.1,27,138.9,100,,,,,,,,,,,,,,,,,139.4,100,139.6,150,,,,,,,,,,,,,,,,
2026-07-04T04:01:15.334852+00:00,2026-07-04T04:01:15.334777,1,2,139.15,0.5,138.9,85,,,,,,,,,,,,,,,,,,,139.4,100,139.6,150,,,,,,,,,,,,,,,,
2026-07-04T04:01:16.052792+00:00,2026-07-04T04:01:16.052988,1,2,139.15,0.5,138.9,85,,,,,,,,,,,,,,,,,,,139.4,50,139.6,150,,,,,,,,,,,,,,,,
2026-07-04T04:01:16.332059+00:00,2026-07-04T04:01:16.332006,1,2,139.15,0.5,138.9,85,,,,,,,,,,,,,,,,,,,139.4,7,139.6,150,,,,,,,,,,,,,,,,
2026-07-04T04:01:16.385051+00:00,2026-07-04T04:01:16.384976,1,2,139.15,0.5,138.9,40,,,,,,,,,,,,,,,,,,,139.4,7,139.6,150,,,,,,,,,,,,,,,,
2026-07-04T04:01:17.005870+00:00,2026-07-04T04:01:17.005803,1,1,139.15,0.5,138.9,40,,,,,,,,,,,,,,,,,,,139.4,7,,,,,,,,,,,,,,,,,,
2026-07-04T04:01:17.039270+00:00,2026-07-04T04:01:17.039439,0,1,,,,,,,,,,,,,,,,,,,,,,,139.4,7,,,,,,,,,,,,,,,,,,
2026-07-04T04:01:17.058649+00:00,2026-07-04T04:01:17.053884,1,1,139.05,0.7,138.7,150,,,,,,,,,,,,,,,,,,,139.4,7,,,,,,,,,,,,,,,,,,
2026-07-04T04:01:17.116673+00:00,2026-07-04T04:01:17.116486,1,2,138.95,0.5,138.7,150,,,,,,,,,,,,,,,,,,,139.2,150,139.4,7,,,,,,,,,,,,,,,,
2026-07-04T04:01:18.158679+00:00,2026-07-04T04:01:18.151956,1,2,138.95,0.5,138.7,150,,,,,,,,,,,,,,,,,,,139.2,100,139.4,7,,,,,,,,,,,,,,,,
2026-07-04T04:01:18.328743+00:00,2026-07-04T04:01:18.328873,1,1,138.95,0.5,138.7,150,,,,,,,,,,,,,,,,,,,139.2,100,,,,,,,,,,,,,,,,,,
2026-07-04T04:01:18.381920+00:00,2026-07-04T04:01:18.381849,1,0,,,138.7,150,,,,,,,,,,,,,,,,,,,,,,,,,,,,,,,,,,,,,,
2026-07-04T04:01:18.432248+00:00,2026-07-04T04:01:18.432206,1,1,139.2,1.0,138.7,150,,,,,,,,,,,,,,,,,,,139.7,100,,,,,,,,,,,,,,,,,,
2026-07-04T04:01:20.172396+00:00,2026-07-04T04:01:20.172311,0,1,,,,,,,,,,,,,,,,,,,,,,,139.7,100,,,,,,,,,,,,,,,,,,
2026-07-04T04:01:20.219950+00:00,2026-07-04T04:01:20.219851,1,1,139.5,0.4,139.3,150,,,,,,,,,,,,,,,,,,,139.7,100,,,,,,,,,,,,,,,,,,
2026-07-04T04:01:20.270902+00:00,2026-07-04T04:01:20.270826,1,1,139.5,0.4,139.3,150,,,,,,,,,,,,,,,,,,,139.7,50,,,,,,,,,,,,,,,,,,
2026-07-04T04:01:20.276316+00:00,2026-07-04T04:01:20.276139,1,2,139.5,0.4,139.3,150,,,,,,,,,,,,,,,,,,,139.7,50,139.8,150,,,,,,,,,,,,,,,,
2026-07-04T04:01:21.484961+00:00,2026-07-04T04:01:21.484863,1,1,139.55,0.5,139.3,150,,,,,,,,,,,,,,,,,,,139.8,150,,,,,,,,,,,,,,,,,,
2026-07-04T04:01:21.537989+00:00,2026-07-04T04:01:21.537937,2,1,139.55,0.5,139.3,150,138.9,100,,,,,,,,,,,,,,,,,139.8,150,,,,,,,,,,,,,,,,,,
2026-07-04T04:01:21.595203+00:00,2026-07-04T04:01:21.595097,2,2,139.35,0.1,139.3,150,138.9,100,,,,,,,,,,,,,,,,,139.4,100,139.8,150,,,,,,,,,,,,,,,,
2026-07-04T04:01:22.200331+00:00,2026-07-04T04:01:22.200242,2,2,139.35,0.1,139.3,103,138.9,100,,,,,,,,,,,,,,,,,139.4,100,139.8,150,,,,,,,,,,,,,,,,
2026-07-04T04:01:22.430061+00:00,2026-07-04T04:01:22.429986,2,2,139.35,0.1,139.3,53,138.9,100,,,,,,,,,,,,,,,,,139.4,100,139.8,150,,,,,,,,,,,,,,,,
2026-07-04T04:01:23.187579+00:00,2026-07-04T04:01:23.187482,2,2,139.35,0.1,139.3,53,138.9,100,,,,,,,,,,,,,,,,,139.4,57,139.8,150,,,,,,,,,,,,,,,,
2026-07-04T04:01:23.334249+00:00,2026-07-04T04:01:23.334443,1,1,139.15,0.5,138.9,100,,,,,,,,,,,,,,,,,,,139.4,57,,,,,,,,,,,,,,,,,,
2026-07-04T04:01:23.389624+00:00,2026-07-04T04:01:23.389513,2,1,139.2,0.4,139.0,150,138.9,100,,,,,,,,,,,,,,,,,139.4,57,,,,,,,,,,,,,,,,,,
2026-07-04T04:01:23.442594+00:00,2026-07-04T04:01:23.442489,2,2,139.2,0.4,139.0,150,138.9,100,,,,,,,,,,,,,,,,,139.4,57,139.5,150,,,,,,,,,,,,,,,,
2026-07-04T04:01:23.707772+00:00,2026-07-04T04:01:23.707694,2,2,139.2,0.4,139.0,150,138.9,100,,,,,,,,,,,,,,,,,139.4,8,139.5,150,,,,,,,,,,,,,,,,
2026-07-04T04:01:24.282885+00:00,2026-07-04T04:01:24.282861,2,1,139.25,0.5,139.0,150,138.9,100,,,,,,,,,,,,,,,,,139.5,114,,,,,,,,,,,,,,,,,,
2026-07-04T04:01:24.536404+00:00,2026-07-04T04:01:24.536269,2,1,139.25,0.5,139.0,100,138.9,100,,,,,,,,,,,,,,,,,139.5,114,,,,,,,,,,,,,,,,,,
2026-07-04T04:01:24.647047+00:00,2026-07-04T04:01:24.646947,1,1,139.25,0.5,139.0,100,,,,,,,,,,,,,,,,,,,139.5,114,,,,,,,,,,,,,,,,,,
2026-07-04T04:01:24.701859+00:00,2026-07-04T04:01:24.701708,2,1,139.45,0.1,139.4,100,139.0,100,,,,,,,,,,,,,,,,,139.5,114,,,,,,,,,,,,,,,,,,
2026-07-04T04:01:24.758649+00:00,2026-07-04T04:01:24.751763,2,2,139.45,0.1,139.4,100,139.0,100,,,,,,,,,,,,,,,,,139.5,114,139.9,100,,,,,,,,,,,,,,,,
2026-07-04T04:01:26.494332+00:00,2026-07-04T04:01:26.494225,1,1,139.65,0.5,139.4,100,,,,,,,,,,,,,,,,,,,139.9,100,,,,,,,,,,,,,,,,,,
2026-07-04T04:01:26.552540+00:00,2026-07-04T04:01:26.552372,2,1,139.65,0.5,139.4,100,139.0,150,,,,,,,,,,,,,,,,,139.9,100,,,,,,,,,,,,,,,,,,
2026-07-04T04:01:26.605246+00:00,2026-07-04T04:01:26.605373,2,2,139.45,0.1,139.4,100,139.0,150,,,,,,,,,,,,,,,,,139.5,150,139.9,100,,,,,,,,,,,,,,,,
2026-07-04T04:01:26.643844+00:00,2026-07-04T04:01:26.643811,2,2,139.45,0.1,139.4,50,139.0,150,,,,,,,,,,,,,,,,,139.5,150,139.9,100,,,,,,,,,,,,,,,,
2026-07-04T04:01:27.194156+00:00,2026-07-04T04:01:27.194057,2,2,139.45,0.1,139.4,3,139.0,150,,,,,,,,,,,,,,,,,139.5,150,139.9,100,,,,,,,,,,,,,,,,
2026-07-04T04:01:27.805121+00:00,2026-07-04T04:01:27.799548,1,2,139.25,0.5,139.0,150,,,,,,,,,,,,,,,,,,,139.5,150,139.9,100,,,,,,,,,,,,,,,,
2026-07-04T04:01:27.825861+00:00,2026-07-04T04:01:27.825727,1,1,139.25,0.5,139.0,150,,,,,,,,,,,,,,,,,,,139.5,150,,,,,,,,,,,,,,,,,,
2026-07-04T04:01:27.839440+00:00,2026-07-04T04:01:27.839058,1,1,139.25,0.5,139.0,150,,,,,,,,,,,,,,,,,,,139.5,102,,,,,,,,,,,,,,,,,,
2026-07-04T04:01:27.874746+00:00,2026-07-04T04:01:27.874647,1,1,139.25,0.5,139.0,250,,,,,,,,,,,,,,,,,,,139.5,102,,,,,,,,,,,,,,,,,,
2026-07-04T04:01:27.930659+00:00,2026-07-04T04:01:27.930543,1,1,139.25,0.5,139.0,250,,,,,,,,,,,,,,,,,,,139.5,202,,,,,,,,,,,,,,,,,,
2026-07-04T04:01:28.750737+00:00,2026-07-04T04:01:28.750632,1,1,139.25,0.5,139.0,200,,,,,,,,,,,,,,,,,,,139.5,202,,,,,,,,,,,,,,,,,,
2026-07-04T04:01:28.906190+00:00,2026-07-04T04:01:28.906079,1,1,139.25,0.5,139.0,152,,,,,,,,,,,,,,,,,,,139.5,202,,,,,,,,,,,,,,,,,,
2026-07-04T04:01:29.658632+00:00,2026-07-04T04:01:29.653125,1,1,139.25,0.5,139.0,100,,,,,,,,,,,,,,,,,,,139.5,100,,,,,,,,,,,,,,,,,,
2026-07-04T04:01:29.712037+00:00,2026-07-04T04:01:29.711975,2,1,139.25,0.5,139.0,100,138.6,150,,,,,,,,,,,,,,,,,139.5,100,,,,,,,,,,,,,,,,,,
2026-07-04T04:01:29.774444+00:00,2026-07-04T04:01:29.768830,2,2,139.05,0.1,139.0,100,138.6,150,,,,,,,,,,,,,,,,,139.1,147,139.5,100,,,,,,,,,,,,,,,,
2026-07-04T04:01:30.858633+00:00,2026-07-04T04:01:30.853815,2,2,139.05,0.1,139.0,50,138.6,150,,,,,,,,,,,,,,,,,139.1,147,139.5,100,,,,,,,,,,,,,,,,
2026-07-04T04:01:30.982159+00:00,2026-07-04T04:01:30.982100,1,1,138.85,0.5,138.6,150,,,,,,,,,,,,,,,,,,,139.1,147,,,,,,,,,,,,,,,,,,
2026-07-04T04:01:31.034283+00:00,2026-07-04T04:01:31.034189,2,1,138.95,0.3,138.8,100,138.6,150,,,,,,,,,,,,,,,,,139.1,147,,,,,,,,,,,,,,,,,,
2026-07-04T04:01:31.092439+00:00,2026-07-04T04:01:31.092327,2,2,138.95,0.3,138.8,100,138.6,150,,,,,,,,,,,,,,,,,139.1,147,139.3,100,,,,,,,,,,,,,,,,
2026-07-04T04:01:31.578443+00:00,2026-07-04T04:01:31.572817,2,2,138.95,0.3,138.8,100,138.6,150,,,,,,,,,,,,,,,,,139.1,135,139.3,100,,,,,,,,,,,,,,,,
2026-07-04T04:01:32.818658+00:00,2026-07-04T04:01:32.818563,1,1,139.05,0.5,138.8,100,,,,,,,,,,,,,,,,,,,139.3,100,,,,,,,,,,,,,,,,,,
2026-07-04T04:01:32.873831+00:00,2026-07-04T04:01:32.873530,1,1,139.05,0.5,138.8,250,,,,,,,,,,,,,,,,,,,139.3,100,,,,,,,,,,,,,,,,,,
2026-07-04T04:01:32.925464+00:00,2026-07-04T04:01:32.925388,1,1,139.05,0.5,138.8,250,,,,,,,,,,,,,,,,,,,139.3,250,,,,,,,,,,,,,,,,,,
2026-07-04T04:01:32.968060+00:00,2026-07-04T04:01:32.968240,1,1,139.05,0.5,138.8,200,,,,,,,,,,,,,,,,,,,139.3,250,,,,,,,,,,,,,,,,,,
2026-07-04T04:01:34.140943+00:00,2026-07-04T04:01:34.140882,1,1,139.05,0.5,138.8,200,,,,,,,,,,,,,,,,,,,139.3,150,,,,,,,,,,,,,,,,,,
2026-07-04T04:01:34.145971+00:00,2026-07-04T04:01:34.146086,1,1,139.05,0.5,138.8,150,,,,,,,,,,,,,,,,,,,139.3,150,,,,,,,,,,,,,,,,,,
2026-07-04T04:01:34.197574+00:00,2026-07-04T04:01:34.197692,2,1,139.05,0.5,138.8,150,138.5,100,,,,,,,,,,,,,,,,,139.3,150,,,,,,,,,,,,,,,,,,
2026-07-04T04:01:34.247885+00:00,2026-07-04T04:01:34.248030,2,2,138.9,0.2,138.8,150,138.5,100,,,,,,,,,,,,,,,,,139.0,100,139.3,150,,,,,,,,,,,,,,,,
2026-07-04T04:01:35.079584+00:00,2026-07-04T04:01:35.079477,2,2,138.9,0.2,138.8,100,138.5,100,,,,,,,,,,,,,,,,,139.0,100,139.3,150,,,,,,,,,,,,,,,,
2026-07-04T04:01:35.283515+00:00,2026-07-04T04:01:35.283413,2,2,138.9,0.2,138.8,100,138.5,100,,,,,,,,,,,,,,,,,139.0,59,139.3,150,,,,,,,,,,,,,,,,
2026-07-04T04:01:35.510599+00:00,2026-07-04T04:01:35.505261,2,2,138.9,0.2,138.8,100,138.5,100,,,,,,,,,,,,,,,,,139.0,48,139.3,150,,,,,,,,,,,,,,,,
2026-07-04T04:01:35.978844+00:00,2026-07-04T04:01:35.978785,1,1,138.75,0.5,138.5,100,,,,,,,,,,,,,,,,,,,139.0,48,,,,,,,,,,,,,,,,,,
2026-07-04T04:01:36.034160+00:00,2026-07-04T04:01:36.034269,2,1,138.8,0.4,138.6,150,138.5,100,,,,,,,,,,,,,,,,,139.0,48,,,,,,,,,,,,,,,,,,
2026-07-04T04:01:36.087853+00:00,2026-07-04T04:01:36.087770,2,2,138.8,0.4,138.6,150,138.5,100,,,,,,,,,,,,,,,,,139.0,48,139.1,150,,,,,,,,,,,,,,,,
2026-07-04T04:01:36.858630+00:00,2026-07-04T04:01:36.857177,2,2,138.8,0.4,138.6,103,138.5,100,,,,,,,,,,,,,,,,,139.0,48,139.1,150,,,,,,,,,,,,,,,,
2026-07-04T04:01:37.186147+00:00,2026-07-04T04:01:37.186087,2,2,138.8,0.4,138.6,53,138.5,100,,,,,,,,,,,,,,,,,139.0,48,139.1,150,,,,,,,,,,,,,,,,
2026-07-04T04:01:37.306192+00:00,2026-07-04T04:01:37.306067,1,1,138.85,0.5,138.6,53,,,,,,,,,,,,,,,,,,,139.1,150,,,,,,,,,,,,,,,,,,
2026-07-04T04:01:37.358604+00:00,2026-07-04T04:01:37.358301,2,1,138.9,0.4,138.7,100,138.6,53,,,,,,,,,,,,,,,,,139.1,150,,,,,,,,,,,,,,,,,,
2026-07-04T04:01:37.411555+00:00,2026-07-04T04:01:37.411417,2,2,138.9,0.4,138.7,100,138.6,53,,,,,,,,,,,,,,,,,139.1,150,139.2,100,,,,,,,,,,,,,,,,
2026-07-04T04:01:37.937541+00:00,2026-07-04T04:01:37.937434,2,2,138.9,0.4,138.7,100,138.6,53,,,,,,,,,,,,,,,,,139.1,108,139.2,100,,,,,,,,,,,,,,,,
2026-07-04T04:01:39.142485+00:00,2026-07-04T04:01:39.142453,1,1,138.95,0.5,138.7,100,,,,,,,,,,,,,,,,,,,139.2,100,,,,,,,,,,,,,,,,,,
2026-07-04T04:01:39.197910+00:00,2026-07-04T04:01:39.197831,2,1,138.95,0.5,138.7,100,138.3,150,,,,,,,,,,,,,,,,,139.2,100,,,,,,,,,,,,,,,,,,
2026-07-04T04:01:39.269920+00:00,2026-07-04T04:01:39.270093,2,2,138.75,0.1,138.7,100,138.3,150,,,,,,,,,,,,,,,,,138.8,150,139.2,100,,,,,,,,,,,,,,,,
2026-07-04T04:01:39.284098+00:00,2026-07-04T04:01:39.277261,2,2,138.75,0.1,138.7,100,138.3,150,,,,,,,,,,,,,,,,,138.8,127,139.2,100,,,,,,,,,,,,,,,,
2026-07-04T04:01:39.327509+00:00,2026-07-04T04:01:39.327389,2,2,138.75,0.1,138.7,50,138.3,150,,,,,,,,,,,,,,,,,138.8,127,139.2,100,,,,,,,,,,,,,,,,
2026-07-04T04:01:39.924436+00:00,2026-07-04T04:01:39.919191,2,2,138.75,0.1,138.7,50,138.3,150,,,,,,,,,,,,,,,,,138.8,104,139.2,100,,,,,,,,,,,,,,,,
2026-07-04T04:01:40.458667+00:00,2026-07-04T04:01:40.457841,2,1,138.75,0.1,138.7,50,138.3,150,,,,,,,,,,,,,,,,,138.8,104,,,,,,,,,,,,,,,,,,
2026-07-04T04:01:40.469651+00:00,2026-07-04T04:01:40.469496,1,1,138.55,0.5,138.3,150,,,,,,,,,,,,,,,,,,,138.8,104,,,,,,,,,,,,,,,,,,
2026-07-04T04:01:40.524992+00:00,2026-07-04T04:01:40.524831,1,1,138.55,0.5,138.3,150,,,,,,,,,,,,,,,,,,,138.8,4,,,,,,,,,,,,,,,,,,
2026-07-04T04:01:40.577272+00:00,2026-07-04T04:01:40.577217,1,2,138.55,0.5,138.3,150,,,,,,,,,,,,,,,,,,,138.8,4,139.4,100,,,,,,,,,,,,,,,,
2026-07-04T04:01:41.434127+00:00,2026-07-04T04:01:41.434065,1,2,138.55,0.5,138.3,100,,,,,,,,,,,,,,,,,,,138.8,4,139.4,100,,,,,,,,,,,,,,,,
2026-07-04T04:01:42.328464+00:00,2026-07-04T04:01:42.328436,1,1,138.85,1.1,138.3,100,,,,,,,,,,,,,,,,,,,139.4,100,,,,,,,,,,,,,,,,,,
2026-07-04T04:01:42.333743+00:00,2026-07-04T04:01:42.333610,0,1,,,,,,,,,,,,,,,,,,,,,,,139.4,100,,,,,,,,,,,,,,,,,,
2026-07-04T04:01:42.386627+00:00,2026-07-04T04:01:42.386552,1,1,139.15,0.5,138.9,150,,,,,,,,,,,,,,,,,,,139.4,100,,,,,,,,,,,,,,,,,,
2026-07-04T04:01:42.448434+00:00,2026-07-04T04:01:42.438214,1,1,139.15,0.5,138.9,150,,,,,,,,,,,,,,,,,,,139.4,250,,,,,,,,,,,,,,,,,,
2026-07-04T04:01:43.568896+00:00,2026-07-04T04:01:43.569071,1,1,139.15,0.5,138.9,100,,,,,,,,,,,,,,,,,,,139.4,250,,,,,,,,,,,,,,,,,,
2026-07-04T04:01:43.633836+00:00,2026-07-04T04:01:43.633633,1,1,139.15,0.5,138.9,100,,,,,,,,,,,,,,,,,,,139.4,150,,,,,,,,,,,,,,,,,,
2026-07-04T04:01:43.682169+00:00,2026-07-04T04:01:43.682133,2,1,139.2,0.4,139.0,100,138.9,100,,,,,,,,,,,,,,,,,139.4,150,,,,,,,,,,,,,,,,,,
2026-07-04T04:01:43.736803+00:00,2026-07-04T04:01:43.736751,2,2,139.2,0.4,139.0,100,138.9,100,,,,,,,,,,,,,,,,,139.4,150,139.5,100,,,,,,,,,,,,,,,,
2026-07-04T04:01:45.103502+00:00,2026-07-04T04:01:45.103411,2,2,139.2,0.4,139.0,100,138.9,100,,,,,,,,,,,,,,,,,139.4,107,139.5,100,,,,,,,,,,,,,,,,
2026-07-04T04:01:45.492962+00:00,2026-07-04T04:01:45.492846,2,1,139.25,0.5,139.0,100,138.9,100,,,,,,,,,,,,,,,,,139.5,100,,,,,,,,,,,,,,,,,,
2026-07-04T04:01:45.498115+00:00,2026-07-04T04:01:45.498057,1,1,139.25,0.5,139.0,100,,,,,,,,,,,,,,,,,,,139.5,100,,,,,,,,,,,,,,,,,,
2026-07-04T04:01:45.547444+00:00,2026-07-04T04:01:45.547298,2,1,139.35,0.3,139.2,150,139.0,100,,,,,,,,,,,,,,,,,139.5,100,,,,,,,,,,,,,,,,,,
2026-07-04T04:01:45.601012+00:00,2026-07-04T04:01:45.600909,2,2,139.35,0.3,139.2,150,139.0,100,,,,,,,,,,,,,,,,,139.5,100,139.7,150,,,,,,,,,,,,,,,,
2026-07-04T04:01:46.034956+00:00,2026-07-04T04:01:46.029569,2,2,139.35,0.3,139.2,138,139.0,100,,,,,,,,,,,,,,,,,139.5,100,139.7,150,,,,,,,,,,,,,,,,
2026-07-04T04:01:46.791982+00:00,2026-07-04T04:01:46.791856,1,1,139.45,0.5,139.2,138,,,,,,,,,,,,,,,,,,,139.7,150,,,,,,,,,,,,,,,,,,
2026-07-04T04:01:46.845352+00:00,2026-07-04T04:01:46.845271,2,1,139.45,0.5,139.2,138,138.7,100,,,,,,,,,,,,,,,,,139.7,150,,,,,,,,,,,,,,,,,,
2026-07-04T04:01:46.899606+00:00,2026-07-04T04:01:46.899534,2,1,139.45,0.5,139.2,38,138.7,100,,,,,,,,,,,,,,,,,139.7,150,,,,,,,,,,,,,,,,,,
2026-07-04T04:01:48.658593+00:00,2026-07-04T04:01:48.653445,1,0,,,138.7,100,,,,,,,,,,,,,,,,,,,,,,,,,,,,,,,,,,,,,,
2026-07-04T04:01:48.710138+00:00,2026-07-04T04:01:48.710090,1,0,,,138.7,250,,,,,,,,,,,,,,,,,,,,,,,,,,,,,,,,,,,,,,
2026-07-04T04:01:48.758608+00:00,2026-07-04T04:01:48.758196,1,1,138.95,0.5,138.7,250,,,,,,,,,,,,,,,,,,,139.2,150,,,,,,,,,,,,,,,,,,
2026-07-04T04:01:49.828294+00:00,2026-07-04T04:01:49.828159,1,1,138.95,0.5,138.7,250,,,,,,,,,,,,,,,,,,,139.2,100,,,,,,,,,,,,,,,,,,
2026-07-04T04:01:49.970002+00:00,2026-07-04T04:01:49.963490,1,1,138.95,0.5,138.7,150,,,,,,,,,,,,,,,,,,,139.2,88,,,,,,,,,,,,,,,,,,
2026-07-04T04:01:50.010232+00:00,2026-07-04T04:01:50.010137,2,0,,,139.2,12,138.7,150,,,,,,,,,,,,,,,,,,,,,,,,,,,,,,,,,,,,
2026-07-04T04:01:50.064083+00:00,2026-07-04T04:01:50.063966,2,1,139.45,0.5,139.2,12,138.7,150,,,,,,,,,,,,,,,,,139.7,100,,,,,,,,,,,,,,,,,,
2026-07-04T04:01:51.816036+00:00,2026-07-04T04:01:51.816198,1,1,139.45,0.5,139.2,12,,,,,,,,,,,,,,,,,,,139.7,100,,,,,,,,,,,,,,,,,,
2026-07-04T04:01:51.880654+00:00,2026-07-04T04:01:51.875298,2,1,139.6,0.2,139.5,138,139.2,12,,,,,,,,,,,,,,,,,139.7,100,,,,,,,,,,,,,,,,,,
2026-07-04T04:01:51.924925+00:00,2026-07-04T04:01:51.924778,2,2,139.6,0.2,139.5,138,139.2,12,,,,,,,,,,,,,,,,,139.7,100,140.0,150,,,,,,,,,,,,,,,,
2026-07-04T04:01:51.937022+00:00,2026-07-04T04:01:51.936903,2,2,139.6,0.2,139.5,138,139.2,12,,,,,,,,,,,,,,,,,139.7,50,140.0,150,,,,,,,,,,,,,,,,
2026-07-04T04:01:52.658656+00:00,2026-07-04T04:01:52.656387,2,2,139.6,0.2,139.5,92,139.2,12,,,,,,,,,,,,,,,,,139.7,50,140.0,150,,,,,,,,,,,,,,,,
2026-07-04T04:01:53.117226+00:00,2026-07-04T04:01:53.117141,1,1,139.75,0.5,139.5,92,,,,,,,,,,,,,,,,,,,140.0,150,,,,,,,,,,,,,,,,,,
2026-07-04T04:01:53.173069+00:00,2026-07-04T04:01:53.172993,2,1,139.75,0.5,139.5,92,139.3,100,,,,,,,,,,,,,,,,,140.0,150,,,,,,,,,,,,,,,,,,
2026-07-04T04:01:53.226061+00:00,2026-07-04T04:01:53.225890,2,2,139.65,0.3,139.5,92,139.3,100,,,,,,,,,,,,,,,,,139.8,100,140.0,150,,,,,,,,,,,,,,,,
2026-07-04T04:01:53.672873+00:00,2026-07-04T04:01:53.673033,2,2,139.65,0.3,139.5,92,139.3,100,,,,,,,,,,,,,,,,,139.8,54,140.0,150,,,,,,,,,,,,,,,,
2026-07-04T04:01:53.925455+00:00,2026-07-04T04:01:53.918797,2,2,139.65,0.3,139.5,81,139.3,100,,,,,,,,,,,,,,,,,139.8,54,140.0,150,,,,,,,,,,,,,,,,
2026-07-04T04:01:54.063668+00:00,2026-07-04T04:01:54.063828,2,2,139.65,0.3,139.5,81,139.3,100,,,,,,,,,,,,,,,,,139.8,4,140.0,150,,,,,,,,,,,,,,,,
2026-07-04T04:01:54.979355+00:00,2026-07-04T04:01:54.979299,2,1,139.65,0.3,139.5,81,139.3,100,,,,,,,,,,,,,,,,,139.8,4,,,,,,,,,,,,,,,,,,
2026-07-04T04:01:54.984588+00:00,2026-07-04T04:01:54.984467,1,1,139.55,0.5,139.3,100,,,,,,,,,,,,,,,,,,,139.8,4,,,,,,,,,,,,,,,,,,
2026-07-04T04:01:55.033777+00:00,2026-07-04T04:01:55.033921,2,1,139.55,0.5,139.3,100,139.1,150,,,,,,,,,,,,,,,,,139.8,4,,,,,,,,,,,,,,,,,,
2026-07-04T04:01:55.089815+00:00,2026-07-04T04:01:55.089715,2,2,139.45,0.3,139.3,100,139.1,150,,,,,,,,,,,,,,,,,139.6,150,139.8,4,,,,,,,,,,,,,,,,
2026-07-04T04:01:56.168685+00:00,2026-07-04T04:01:56.168789,2,2,139.45,0.3,139.3,100,139.1,150,,,,,,,,,,,,,,,,,139.6,100,139.8,4,,,,,,,,,,,,,,,,
2026-07-04T04:01:56.283227+00:00,2026-07-04T04:01:56.283134,1,1,139.35,0.5,139.1,150,,,,,,,,,,,,,,,,,,,139.6,100,,,,,,,,,,,,,,,,,,
2026-07-04T04:01:56.335618+00:00,2026-07-04T04:01:56.335571,2,1,139.55,0.1,139.5,100,139.1,150,,,,,,,,,,,,,,,,,139.6,100,,,,,,,,,,,,,,,,,,
2026-07-04T04:01:56.391036+00:00,2026-07-04T04:01:56.390957,2,2,139.55,0.1,139.5,100,139.1,150,,,,,,,,,,,,,,,,,139.6,100,140.0,100,,,,,,,,,,,,,,,,
2026-07-04T04:01:56.554690+00:00,2026-07-04T04:01:56.548645,2,2,139.55,0.1,139.5,88,139.1,150,,,,,,,,,,,,,,,,,139.6,100,140.0,100,,,,,,,,,,,,,,,,
2026-07-04T04:01:58.140879+00:00,2026-07-04T04:01:58.140816,2,1,139.75,0.5,139.5,88,139.1,150,,,,,,,,,,,,,,,,,140.0,100,,,,,,,,,,,,,,,,,,
2026-07-04T04:01:58.146076+00:00,2026-07-04T04:01:58.145965,1,1,139.75,0.5,139.5,88,,,,,,,,,,,,,,,,,,,140.0,100,,,,,,,,,,,,,,,,,,
2026-07-04T04:01:58.196630+00:00,2026-07-04T04:01:58.196493,2,1,139.75,0.5,139.5,88,139.3,150,,,,,,,,,,,,,,,,,140.0,100,,,,,,,,,,,,,,,,,,
2026-07-04T04:01:58.258630+00:00,2026-07-04T04:01:58.249620,2,2,139.65,0.3,139.5,88,139.3,150,,,,,,,,,,,,,,,,,139.8,150,140.0,100,,,,,,,,,,,,,,,,
2026-07-04T04:01:58.279052+00:00,2026-07-04T04:01:58.279199,2,2,139.65,0.3,139.5,88,139.3,150,,,,,,,,,,,,,,,,,139.8,100,140.0,100,,,,,,,,,,,,,,,,
2026-07-04T04:01:59.444290+00:00,2026-07-04T04:01:59.444203,1,1,139.55,0.5,139.3,150,,,,,,,,,,,,,,,,,,,139.8,100,,,,,,,,,,,,,,,,,,
2026-07-04T04:01:59.496199+00:00,2026-07-04T04:01:59.496098,1,1,139.55,0.5,139.3,250,,,,,,,,,,,,,,,,,,,139.8,100,,,,,,,,,,,,,,,,,,
2026-07-04T04:01:59.529643+00:00,2026-07-04T04:01:59.529497,1,1,139.55,0.5,139.3,210,,,,,,,,,,,,,,,,,,,139.8,100,,,,,,,,,,,,,,,,,,
2026-07-04T04:01:59.552695+00:00,2026-07-04T04:01:59.552602,1,1,139.55,0.5,139.3,210,,,,,,,,,,,,,,,,,,,139.8,200,,,,,,,,,,,,,,,,,,
2026-07-04T04:02:00.447040+00:00,2026-07-04T04:02:00.456099,1,1,139.55,0.5,139.3,160,,,,,,,,,,,,,,,,,,,139.8,200,,,,,,,,,,,,,,,,,,
2026-07-04T04:02:01.310890+00:00,2026-07-04T04:02:01.310771,1,1,139.55,0.5,139.3,100,,,,,,,,,,,,,,,,,,,139.8,100,,,,,,,,,,,,,,,,,,
2026-07-04T04:02:01.358554+00:00,2026-07-04T04:02:01.356068,2,1,139.55,0.5,139.3,100,139.0,150,,,,,,,,,,,,,,,,,139.8,100,,,,,,,,,,,,,,,,,,
2026-07-04T04:02:01.415309+00:00,2026-07-04T04:02:01.415273,2,2,139.4,0.2,139.3,100,139.0,150,,,,,,,,,,,,,,,,,139.5,150,139.8,100,,,,,,,,,,,,,,,,
2026-07-04T04:02:02.291436+00:00,2026-07-04T04:02:02.291299,2,2,139.4,0.2,139.3,57,139.0,150,,,,,,,,,,,,,,,,,139.5,150,139.8,100,,,,,,,,,,,,,,,,
2026-07-04T04:02:02.603605+00:00,2026-07-04T04:02:02.603546,1,1,139.25,0.5,139.0,150,,,,,,,,,,,,,,,,,,,139.5,150,,,,,,,,,,,,,,,,,,
2026-07-04T04:02:02.658567+00:00,2026-07-04T04:02:02.650945,2,1,139.35,0.3,139.2,100,139.0,150,,,,,,,,,,,,,,,,,139.5,150,,,,,,,,,,,,,,,,,,
2026-07-04T04:02:02.710585+00:00,2026-07-04T04:02:02.710540,2,2,139.35,0.3,139.2,100,139.0,150,,,,,,,,,,,,,,,,,139.5,150,139.7,100,,,,,,,,,,,,,,,,
2026-07-04T04:02:03.106289+00:00,2026-07-04T04:02:03.101188,2,2,139.35,0.3,139.2,100,139.0,150,,,,,,,,,,,,,,,,,139.5,127,139.7,100,,,,,,,,,,,,,,,,
2026-07-04T04:02:03.305026+00:00,2026-07-04T04:02:03.304956,2,2,139.35,0.3,139.2,100,139.0,150,,,,,,,,,,,,,,,,,139.5,79,139.7,100,,,,,,,,,,,,,,,,
2026-07-04T04:02:03.950122+00:00,2026-07-04T04:02:03.950212,2,2,139.35,0.3,139.2,100,139.0,150,,,,,,,,,,,,,,,,,139.5,30,139.7,100,,,,,,,,,,,,,,,,
2026-07-04T04:02:04.469182+00:00,2026-07-04T04:02:04.469116,1,1,139.45,0.5,139.2,100,,,,,,,,,,,,,,,,,,,139.7,100,,,,,,,,,,,,,,,,,,
2026-07-04T04:02:04.526909+00:00,2026-07-04T04:02:04.527011,2,0,,,139.8,50,139.2,100,,,,,,,,,,,,,,,,,,,,,,,,,,,,,,,,,,,,
2026-07-04T04:02:04.577799+00:00,2026-07-04T04:02:04.569430,2,1,140.05,0.5,139.8,50,139.2,100,,,,,,,,,,,,,,,,,140.3,150,,,,,,,,,,,,,,,,,,
2026-07-04T04:02:04.586393+00:00,2026-07-04T04:02:04.581277,2,1,140.05,0.5,139.8,16,139.2,100,,,,,,,,,,,,,,,,,140.3,150,,,,,,,,,,,,,,,,,,
2026-07-04T04:02:05.733236+00:00,2026-07-04T04:02:05.727771,2,1,140.05,0.5,139.8,5,139.2,100,,,,,,,,,,,,,,,,,140.3,150,,,,,,,,,,,,,,,,,,
2026-07-04T04:02:05.761035+00:00,2026-07-04T04:02:05.761141,1,1,140.05,0.5,139.8,5,,,,,,,,,,,,,,,,,,,140.3,150,,,,,,,,,,,,,,,,,,
2026-07-04T04:02:05.813701+00:00,2026-07-04T04:02:05.813602,2,1,140.05,0.5,139.8,5,139.6,100,,,,,,,,,,,,,,,,,140.3,150,,,,,,,,,,,,,,,,,,
2026-07-04T04:02:05.866567+00:00,2026-07-04T04:02:05.866502,2,2,139.95,0.3,139.8,5,139.6,100,,,,,,,,,,,,,,,,,140.1,100,140.3,150,,,,,,,,,,,,,,,,
2026-07-04T04:02:05.920523+00:00,2026-07-04T04:02:05.920427,1,2,139.85,0.5,139.6,58,,,,,,,,,,,,,,,,,,,140.1,100,140.3,150,,,,,,,,,,,,,,,,
2026-07-04T04:02:06.784366+00:00,2026-07-04T04:02:06.784553,1,2,139.85,0.5,139.6,8,,,,,,,,,,,,,,,,,,,140.1,100,140.3,150,,,,,,,,,,,,,,,,
2026-07-04T04:02:07.627619+00:00,2026-07-04T04:02:07.627487,1,1,139.85,0.5,139.6,8,,,,,,,,,,,,,,,,,,,140.1,100,,,,,,,,,,,,,,,,,,
2026-07-04T04:02:07.681649+00:00,2026-07-04T04:02:07.681784,2,1,139.85,0.5,139.6,8,139.3,150,,,,,,,,,,,,,,,,,140.1,100,,,,,,,,,,,,,,,,,,
2026-07-04T04:02:07.734429+00:00,2026-07-04T04:02:07.734504,2,2,139.7,0.2,139.6,8,139.3,150,,,,,,,,,,,,,,,,,139.8,150,140.1,100,,,,,,,,,,,,,,,,
2026-07-04T04:02:07.743514+00:00,2026-07-04T04:02:07.738168,2,2,139.7,0.2,139.6,8,139.3,150,,,,,,,,,,,,,,,,,139.8,139,140.1,100,,,,,,,,,,,,,,,,
2026-07-04T04:02:07.784982+00:00,2026-07-04T04:02:07.784906,1,2,139.55,0.5,139.3,118,,,,,,,,,,,,,,,,,,,139.8,139,140.1,100,,,,,,,,,,,,,,,,
2026-07-04T04:02:08.337653+00:00,2026-07-04T04:02:08.326909,1,2,139.55,0.5,139.3,118,,,,,,,,,,,,,,,,,,,139.8,128,140.1,100,,,,,,,,,,,,,,,,
2026-07-04T04:02:08.929307+00:00,2026-07-04T04:02:08.929142,1,1,139.55,0.5,139.3,118,,,,,,,,,,,,,,,,,,,139.8,128,,,,,,,,,,,,,,,,,,
2026-07-04T04:02:08.980370+00:00,2026-07-04T04:02:08.980253,2,1,139.7,0.2,139.6,100,139.3,118,,,,,,,,,,,,,,,,,139.8,128,,,,,,,,,,,,,,,,,,
2026-07-04T04:02:09.037799+00:00,2026-07-04T04:02:09.037693,2,2,139.7,0.2,139.6,100,139.3,118,,,,,,,,,,,,,,,,,139.8,128,140.1,100,,,,,,,,,,,,,,,,
2026-07-04T04:02:09.417454+00:00,2026-07-04T04:02:09.417324,2,2,139.7,0.2,139.6,58,139.3,118,,,,,,,,,,,,,,,,,139.8,128,140.1,100,,,,,,,,,,,,,,,,
2026-07-04T04:02:09.673126+00:00,2026-07-04T04:02:09.667534,2,2,139.7,0.2,139.6,58,139.3,118,,,,,,,,,,,,,,,,,139.8,105,140.1,100,,,,,,,,,,,,,,,,
2026-07-04T04:02:10.286692+00:00,2026-07-04T04:02:10.286637,2,2,139.7,0.2,139.6,58,139.3,118,,,,,,,,,,,,,,,,,139.8,60,140.1,100,,,,,,,,,,,,,,,,
2026-07-04T04:02:10.789260+00:00,2026-07-04T04:02:10.789143,1,1,139.85,0.5,139.6,58,,,,,,,,,,,,,,,,,,,140.1,100,,,,,,,,,,,,,,,,,,
2026-07-04T04:02:10.840672+00:00,2026-07-04T04:02:10.840617,2,1,140.0,0.2,139.9,150,139.6,58,,,,,,,,,,,,,,,,,140.1,100,,,,,,,,,,,,,,,,,,
2026-07-04T04:02:10.893163+00:00,2026-07-04T04:02:10.893058,2,2,140.0,0.2,139.9,150,139.6,58,,,,,,,,,,,,,,,,,140.1,100,140.4,150,,,,,,,,,,,,,,,,
2026-07-04T04:02:10.997626+00:00,2026-07-04T04:02:10.997553,2,2,140.0,0.2,139.9,100,139.6,58,,,,,,,,,,,,,,,,,140.1,100,140.4,150,,,,,,,,,,,,,,,,
2026-07-04T04:02:12.086855+00:00,2026-07-04T04:02:12.086691,2,1,140.15,0.5,139.9,100,139.6,58,,,,,,,,,,,,,,,,,140.4,150,,,,,,,,,,,,,,,,,,
2026-07-04T04:02:12.091881+00:00,2026-07-04T04:02:12.091851,1,1,140.15,0.5,139.9,100,,,,,,,,,,,,,,,,,,,140.4,150,,,,,,,,,,,,,,,,,,
2026-07-04T04:02:12.140243+00:00,2026-07-04T04:02:12.140212,2,1,140.15,0.5,139.9,100,139.6,100,,,,,,,,,,,,,,,,,140.4,150,,,,,,,,,,,,,,,,,,
2026-07-04T04:02:12.198046+00:00,2026-07-04T04:02:12.197963,2,2,140.0,0.2,139.9,100,139.6,100,,,,,,,,,,,,,,,,,140.1,100,140.4,150,,,,,,,,,,,,,,,,
2026-07-04T04:02:13.102603+00:00,2026-07-04T04:02:13.102492,2,2,140.0,0.2,139.9,50,139.6,100,,,,,,,,,,,,,,,,,140.1,100,140.4,150,,,,,,,,,,,,,,,,
2026-07-04T04:02:13.616888+00:00,2026-07-04T04:02:13.611246,2,2,140.0,0.2,139.9,27,139.6,100,,,,,,,,,,,,,,,,,140.1,100,140.4,150,,,,,,,,,,,,,,,,
2026-07-04T04:02:13.946599+00:00,2026-07-04T04:02:13.946463,1,1,139.85,0.5,139.6,100,,,,,,,,,,,,,,,,,,,140.1,100,,,,,,,,,,,,,,,,,,
2026-07-04T04:02:14.000449+00:00,2026-07-04T04:02:14.000313,2,1,139.85,0.5,139.6,100,139.1,150,,,,,,,,,,,,,,,,,140.1,100,,,,,,,,,,,,,,,,,,
2026-07-04T04:02:14.067574+00:00,2026-07-04T04:02:14.062151,1,2,139.35,0.5,139.1,150,,,,,,,,,,,,,,,,,,,139.6,27,140.1,100,,,,,,,,,,,,,,,,
2026-07-04T04:02:14.922477+00:00,2026-07-04T04:02:14.916433,1,2,139.35,0.5,139.1,150,,,,,,,,,,,,,,,,,,,139.6,15,140.1,100,,,,,,,,,,,,,,,,
2026-07-04T04:02:15.211816+00:00,2026-07-04T04:02:15.211781,1,2,139.35,0.5,139.1,100,,,,,,,,,,,,,,,,,,,139.6,15,140.1,100,,,,,,,,,,,,,,,,
2026-07-04T04:02:15.248925+00:00,2026-07-04T04:02:15.248880,1,1,139.35,0.5,139.1,100,,,,,,,,,,,,,,,,,,,139.6,15,,,,,,,,,,,,,,,,,,
2026-07-04T04:02:15.305208+00:00,2026-07-04T04:02:15.305042,2,1,139.5,0.2,139.4,100,139.1,100,,,,,,,,,,,,,,,,,139.6,15,,,,,,,,,,,,,,,,,,
2026-07-04T04:02:15.358635+00:00,2026-07-04T04:02:15.355583,2,2,139.5,0.2,139.4,100,139.1,100,,,,,,,,,,,,,,,,,139.6,15,139.9,100,,,,,,,,,,,,,,,,
2026-07-04T04:02:17.106857+00:00,2026-07-04T04:02:17.106778,1,1,139.65,0.5,139.4,100,,,,,,,,,,,,,,,,,,,139.9,100,,,,,,,,,,,,,,,,,,
2026-07-04T04:02:17.160941+00:00,2026-07-04T04:02:17.160874,2,0,,,139.9,50,139.4,100,,,,,,,,,,,,,,,,,,,,,,,,,,,,,,,,,,,,
2026-07-04T04:02:17.213577+00:00,2026-07-04T04:02:17.213461,2,1,140.15,0.5,139.9,50,139.4,100,,,,,,,,,,,,,,,,,140.4,150,,,,,,,,,,,,,,,,,,
2026-07-04T04:02:17.317501+00:00,2026-07-04T04:02:17.317592,1,1,139.9,1.0,139.4,100,,,,,,,,,,,,,,,,,,,140.4,150,,,,,,,,,,,,,,,,,,
2026-07-04T04:02:18.412530+00:00,2026-07-04T04:02:18.412373,0,1,,,,,,,,,,,,,,,,,,,,,,,140.4,150,,,,,,,,,,,,,,,,,,
2026-07-04T04:02:18.458691+00:00,2026-07-04T04:02:18.458173,1,1,140.05,0.7,139.7,100,,,,,,,,,,,,,,,,,,,140.4,150,,,,,,,,,,,,,,,,,,
2026-07-04T04:02:18.520522+00:00,2026-07-04T04:02:18.520413,1,2,139.95,0.5,139.7,100,,,,,,,,,,,,,,,,,,,140.2,100,140.4,150,,,,,,,,,,,,,,,,
2026-07-04T04:02:18.945458+00:00,2026-07-04T04:02:18.945548,1,2,139.95,0.5,139.7,53,,,,,,,,,,,,,,,,,,,140.2,100,140.4,150,,,,,,,,,,,,,,,,
2026-07-04T04:02:19.421283+00:00,2026-07-04T04:02:19.421161,1,2,139.95,0.5,139.7,3,,,,,,,,,,,,,,,,,,,140.2,100,140.4,150,,,,,,,,,,,,,,,,
2026-07-04T04:02:20.269528+00:00,2026-07-04T04:02:20.269427,1,1,139.95,0.5,139.7,3,,,,,,,,,,,,,,,,,,,140.2,100,,,,,,,,,,,,,,,,,,
2026-07-04T04:02:20.322911+00:00,2026-07-04T04:02:20.322880,2,1,139.95,0.5,139.7,3,139.2,150,,,,,,,,,,,,,,,,,140.2,100,,,,,,,,,,,,,,,,,,
2026-07-04T04:02:20.379965+00:00,2026-07-04T04:02:20.379875,1,2,139.45,0.5,139.2,150,,,,,,,,,,,,,,,,,,,139.7,147,140.2,100,,,,,,,,,,,,,,,,
2026-07-04T04:02:21.537116+00:00,2026-07-04T04:02:21.537230,1,2,139.45,0.5,139.2,100,,,,,,,,,,,,,,,,,,,139.7,147,140.2,100,,,,,,,,,,,,,,,,
2026-07-04T04:02:21.572839+00:00,2026-07-04T04:02:21.572747,1,1,139.45,0.5,139.2,100,,,,,,,,,,,,,,,,,,,139.7,147,,,,,,,,,,,,,,,,,,
2026-07-04T04:02:21.653927+00:00,2026-07-04T04:02:21.653812,2,1,139.55,0.3,139.4,100,139.2,100,,,,,,,,,,,,,,,,,139.7,147,,,,,,,,,,,,,,,,,,
2026-07-04T04:02:21.708163+00:00,2026-07-04T04:02:21.707930,2,2,139.55,0.3,139.4,100,139.2,100,,,,,,,,,,,,,,,,,139.7,147,139.9,100,,,,,,,,,,,,,,,,
2026-07-04T04:02:23.464383+00:00,2026-07-04T04:02:23.464348,1,1,139.65,0.5,139.4,100,,,,,,,,,,,,,,,,,,,139.9,100,,,,,,,,,,,,,,,,,,
2026-07-04T04:02:23.518182+00:00,2026-07-04T04:02:23.518059,2,1,139.65,0.5,139.4,100,138.9,150,,,,,,,,,,,,,,,,,139.9,100,,,,,,,,,,,,,,,,,,
2026-07-04T04:02:23.580031+00:00,2026-07-04T04:02:23.574691,1,2,139.15,0.5,138.9,150,,,,,,,,,,,,,,,,,,,139.4,36,139.9,100,,,,,,,,,,,,,,,,
2026-07-04T04:02:23.642559+00:00,2026-07-04T04:02:23.642398,1,2,139.15,0.5,138.9,100,,,,,,,,,,,,,,,,,,,139.4,36,139.9,100,,,,,,,,,,,,,,,,
2026-07-04T04:02:24.758628+00:00,2026-07-04T04:02:24.757194,1,1,139.15,0.5,138.9,100,,,,,,,,,,,,,,,,,,,139.4,36,,,,,,,,,,,,,,,,,,
2026-07-04T04:02:24.815828+00:00,2026-07-04T04:02:24.815710,2,1,139.25,0.3,139.1,100,138.9,100,,,,,,,,,,,,,,,,,139.4,36,,,,,,,,,,,,,,,,,,
2026-07-04T04:02:24.868406+00:00,2026-07-04T04:02:24.868290,2,2,139.25,0.3,139.1,100,138.9,100,,,,,,,,,,,,,,,,,139.4,36,139.6,100,,,,,,,,,,,,,,,,
2026-07-04T04:02:25.032253+00:00,2026-07-04T04:02:25.032171,2,1,139.35,0.5,139.1,100,138.9,100,,,,,,,,,,,,,,,,,139.6,88,,,,,,,,,,,,,,,,,,
2026-07-04T04:02:25.696515+00:00,2026-07-04T04:02:25.696451,2,1,139.35,0.5,139.1,100,138.9,100,,,,,,,,,,,,,,,,,139.6,38,,,,,,,,,,,,,,,,,,
2026-07-04T04:02:26.254999+00:00,2026-07-04T04:02:26.255087,2,0,,,139.1,100,138.9,100,,,,,,,,,,,,,,,,,,,,,,,,,,,,,,,,,,,,
2026-07-04T04:02:26.626871+00:00,2026-07-04T04:02:26.626670,1,0,,,139.1,100,,,,,,,,,,,,,,,,,,,,,,,,,,,,,,,,,,,,,,
2026-07-04T04:02:26.679382+00:00,2026-07-04T04:02:26.679249,2,0,,,139.4,150,139.1,100,,,,,,,,,,,,,,,,,,,,,,,,,,,,,,,,,,,,
2026-07-04T04:02:26.727612+00:00,2026-07-04T04:02:26.727572,2,1,139.65,0.5,139.4,150,139.1,100,,,,,,,,,,,,,,,,,139.9,150,,,,,,,,,,,,,,,,,,
2026-07-04T04:02:27.805120+00:00,2026-07-04T04:02:27.805075,2,1,139.65,0.5,139.4,150,139.1,100,,,,,,,,,,,,,,,,,139.9,100,,,,,,,,,,,,,,,,,,
2026-07-04T04:02:27.921971+00:00,2026-07-04T04:02:27.921896,1,1,139.65,0.5,139.4,150,,,,,,,,,,,,,,,,,,,139.9,100,,,,,,,,,,,,,,,,,,
2026-07-04T04:02:27.975139+00:00,2026-07-04T04:02:27.975020,1,1,139.65,0.5,139.4,250,,,,,,,,,,,,,,,,,,,139.9,100,,,,,,,,,,,,,,,,,,
2026-07-04T04:02:27.992623+00:00,2026-07-04T04:02:27.992543,1,1,139.65,0.5,139.4,207,,,,,,,,,,,,,,,,,,,139.9,100,,,,,,,,,,,,,,,,,,
2026-07-04T04:02:28.037677+00:00,2026-07-04T04:02:28.037431,1,1,139.65,0.5,139.4,207,,,,,,,,,,,,,,,,,,,139.9,200,,,,,,,,,,,,,,,,,,
2026-07-04T04:02:29.705279+00:00,2026-07-04T04:02:29.705239,1,1,139.65,0.5,139.4,207,,,,,,,,,,,,,,,,,,,139.9,151,,,,,,,,,,,,,,,,,,
2026-07-04T04:02:29.786353+00:00,2026-07-04T04:02:29.786242,1,1,139.65,0.5,139.4,100,,,,,,,,,,,,,,,,,,,139.9,100,,,,,,,,,,,,,,,,,,
2026-07-04T04:02:29.841971+00:00,2026-07-04T04:02:29.841788,2,1,139.8,0.2,139.7,150,139.4,100,,,,,,,,,,,,,,,,,139.9,100,,,,,,,,,,,,,,,,,,
2026-07-04T04:02:29.895061+00:00,2026-07-04T04:02:29.895001,2,2,139.8,0.2,139.7,150,139.4,100,,,,,,,,,,,,,,,,,139.9,100,140.2,150,,,,,,,,,,,,,,,,
2026-07-04T04:02:29.970373+00:00,2026-07-04T04:02:29.970299,2,2,139.8,0.2,139.7,100,139.4,100,,,,,,,,,,,,,,,,,139.9,100,140.2,150,,,,,,,,,,,,,,,,
2026-07-04T04:02:31.090154+00:00,2026-07-04T04:02:31.090111,1,1,139.95,0.5,139.7,100,,,,,,,,,,,,,,,,,,,140.2,150,,,,,,,,,,,,,,,,,,
2026-07-04T04:02:31.142243+00:00,2026-07-04T04:02:31.142146,1,1,139.95,0.5,139.7,200,,,,,,,,,,,,,,,,,,,140.2,150,,,,,,,,,,,,,,,,,,
2026-07-04T04:02:31.197990+00:00,2026-07-04T04:02:31.197941,1,1,139.95,0.5,139.7,200,,,,,,,,,,,,,,,,,,,140.2,250,,,,,,,,,,,,,,,,,,
2026-07-04T04:02:31.831275+00:00,2026-07-04T04:02:31.831199,1,1,139.95,0.5,139.7,159,,,,,,,,,,,,,,,,,,,140.2,250,,,,,,,,,,,,,,,,,,
2026-07-04T04:02:32.076548+00:00,2026-07-04T04:02:32.076453,1,1,139.95,0.5,139.7,109,,,,,,,,,,,,,,,,,,,140.2,250,,,,,,,,,,,,,,,,,,
2026-07-04T04:02:32.950078+00:00,2026-07-04T04:02:32.949940,1,1,139.95,0.5,139.7,100,,,,,,,,,,,,,,,,,,,140.2,100,,,,,,,,,,,,,,,,,,
2026-07-04T04:02:33.005074+00:00,2026-07-04T04:02:33.004929,2,1,139.95,0.5,139.7,100,139.1,150,,,,,,,,,,,,,,,,,140.2,100,,,,,,,,,,,,,,,,,,
2026-07-04T04:02:33.063939+00:00,2026-07-04T04:02:33.063837,1,2,139.35,0.5,139.1,150,,,,,,,,,,,,,,,,,,,139.6,50,140.2,100,,,,,,,,,,,,,,,,
2026-07-04T04:02:34.203364+00:00,2026-07-04T04:02:34.203217,1,2,139.35,0.5,139.1,100,,,,,,,,,,,,,,,,,,,139.6,50,140.2,100,,,,,,,,,,,,,,,,
2026-07-04T04:02:34.251236+00:00,2026-07-04T04:02:34.251342,1,1,139.35,0.5,139.1,100,,,,,,,,,,,,,,,,,,,139.6,50,,,,,,,,,,,,,,,,,,
2026-07-04T04:02:34.304978+00:00,2026-07-04T04:02:34.304891,2,1,139.45,0.3,139.3,100,139.1,100,,,,,,,,,,,,,,,,,139.6,50,,,,,,,,,,,,,,,,,,
2026-07-04T04:02:34.369627+00:00,2026-07-04T04:02:34.369543,2,2,139.45,0.3,139.3,100,139.1,100,,,,,,,,,,,,,,,,,139.6,50,139.8,100,,,,,,,,,,,,,,,,
2026-07-04T04:02:34.573319+00:00,2026-07-04T04:02:34.573255,2,2,139.45,0.3,139.3,100,139.1,100,,,,,,,,,,,,,,,,,139.6,3,139.8,100,,,,,,,,,,,,,,,,
2026-07-04T04:02:36.115308+00:00,2026-07-04T04:02:36.115172,1,1,139.55,0.5,139.3,100,,,,,,,,,,,,,,,,,,,139.8,100,,,,,,,,,,,,,,,,,,
2026-07-04T04:02:36.170297+00:00,2026-07-04T04:02:36.170118,2,1,139.6,0.4,139.4,150,139.3,100,,,,,,,,,,,,,,,,,139.8,100,,,,,,,,,,,,,,,,,,
2026-07-04T04:02:36.221253+00:00,2026-07-04T04:02:36.221155,2,2,139.6,0.4,139.4,150,139.3,100,,,,,,,,,,,,,,,,,139.8,100,139.9,150,,,,,,,,,,,,,,,,
2026-07-04T04:02:36.323999+00:00,2026-07-04T04:02:36.323936,2,2,139.6,0.4,139.4,100,139.3,100,,,,,,,,,,,,,,,,,139.8,100,139.9,150,,,,,,,,,,,,,,,,
2026-07-04T04:02:37.083591+00:00,2026-07-04T04:02:37.083764,2,2,139.6,0.4,139.4,55,139.3,100,,,,,,,,,,,,,,,,,139.8,100,139.9,150,,,,,,,,,,,,,,,,
2026-07-04T04:02:37.424968+00:00,2026-07-04T04:02:37.425080,1,1,139.65,0.5,139.4,55,,,,,,,,,,,,,,,,,,,139.9,150,,,,,,,,,,,,,,,,,,
2026-07-04T04:02:37.479096+00:00,2026-07-04T04:02:37.478935,2,1,139.65,0.5,139.4,55,139.2,100,,,,,,,,,,,,,,,,,139.9,150,,,,,,,,,,,,,,,,,,
2026-07-04T04:02:37.531821+00:00,2026-07-04T04:02:37.531677,2,2,139.55,0.3,139.4,55,139.2,100,,,,,,,,,,,,,,,,,139.7,100,139.9,150,,,,,,,,,,,,,,,,
2026-07-04T04:02:38.007610+00:00,2026-07-04T04:02:38.007479,2,2,139.55,0.3,139.4,55,139.2,100,,,,,,,,,,,,,,,,,139.7,53,139.9,150,,,,,,,,,,,,,,,,
2026-07-04T04:02:38.432152+00:00,2026-07-04T04:02:38.432046,2,2,139.55,0.3,139.4,5,139.2,100,,,,,,,,,,,,,,,,,139.7,53,139.9,150,,,,,,,,,,,,,,,,
2026-07-04T04:02:39.276951+00:00,2026-07-04T04:02:39.276840,1,1,139.45,0.5,139.2,100,,,,,,,,,,,,,,,,,,,139.7,53,,,,,,,,,,,,,,,,,,
2026-07-04T04:02:39.326544+00:00,2026-07-04T04:02:39.326503,2,1,139.45,0.5,139.2,100,139.1,150,,,,,,,,,,,,,,,,,139.7,53,,,,,,,,,,,,,,,,,,
2026-07-04T04:02:39.380756+00:00,2026-07-04T04:02:39.380932,2,2,139.4,0.4,139.2,100,139.1,150,,,,,,,,,,,,,,,,,139.6,150,139.7,53,,,,,,,,,,,,,,,,
2026-07-04T04:02:40.488204+00:00,2026-07-04T04:02:40.488145,2,2,139.4,0.4,139.2,100,139.1,150,,,,,,,,,,,,,,,,,139.6,100,139.7,53,,,,,,,,,,,,,,,,
2026-07-04T04:02:40.586222+00:00,2026-07-04T04:02:40.586360,1,1,139.35,0.5,139.1,150,,,,,,,,,,,,,,,,,,,139.6,100,,,,,,,,,,,,,,,,,,
2026-07-04T04:02:40.640390+00:00,2026-07-04T04:02:40.640290,2,1,139.55,0.1,139.5,100,139.1,150,,,,,,,,,,,,,,,,,139.6,100,,,,,,,,,,,,,,,,,,
2026-07-04T04:02:40.692587+00:00,2026-07-04T04:02:40.692526,2,2,139.55,0.1,139.5,100,139.1,150,,,,,,,,,,,,,,,,,139.6,100,140.0,100,,,,,,,,,,,,,,,,
2026-07-04T04:02:42.434823+00:00,2026-07-04T04:02:42.434708,1,1,139.75,0.5,139.5,100,,,,,,,,,,,,,,,,,,,140.0,100,,,,,,,,,,,,,,,,,,
2026-07-04T04:02:42.489692+00:00,2026-07-04T04:02:42.489608,2,1,139.75,0.5,139.5,100,139.1,150,,,,,,,,,,,,,,,,,140.0,100,,,,,,,,,,,,,,,,,,
2026-07-04T04:02:42.541462+00:00,2026-07-04T04:02:42.541361,2,2,139.55,0.1,139.5,100,139.1,150,,,,,,,,,,,,,,,,,139.6,150,140.0,100,,,,,,,,,,,,,,,,
2026-07-04T04:02:42.593582+00:00,2026-07-04T04:02:42.593541,2,2,139.55,0.1,139.5,58,139.1,150,,,,,,,,,,,,,,,,,139.6,150,140.0,100,,,,,,,,,,,,,,,,
2026-07-04T04:02:42.658642+00:00,2026-07-04T04:02:42.654072,2,2,139.55,0.1,139.5,8,139.1,150,,,,,,,,,,,,,,,,,139.6,150,140.0,100,,,,,,,,,,,,,,,,
2026-07-04T04:02:43.743196+00:00,2026-07-04T04:02:43.743133,1,1,139.35,0.5,139.1,150,,,,,,,,,,,,,,,,,,,139.6,150,,,,,,,,,,,,,,,,,,
2026-07-04T04:02:43.795866+00:00,2026-07-04T04:02:43.795776,2,1,139.35,0.5,139.1,150,139.0,100,,,,,,,,,,,,,,,,,139.6,150,,,,,,,,,,,,,,,,,,
2026-07-04T04:02:43.851179+00:00,2026-07-04T04:02:43.851100,2,2,139.3,0.4,139.1,150,139.0,100,,,,,,,,,,,,,,,,,139.5,100,139.6,150,,,,,,,,,,,,,,,,
2026-07-04T04:02:44.754800+00:00,2026-07-04T04:02:44.754969,2,2,139.3,0.4,139.1,100,139.0,100,,,,,,,,,,,,,,,,,139.5,100,139.6,150,,,,,,,,,,,,,,,,
2026-07-04T04:02:45.075516+00:00,2026-07-04T04:02:45.075469,2,2,139.3,0.4,139.1,100,139.0,100,,,,,,,,,,,,,,,,,139.5,60,139.6,150,,,,,,,,,,,,,,,,
2026-07-04T04:02:45.593916+00:00,2026-07-04T04:02:45.593863,2,1,139.3,0.4,139.1,100,139.0,100,,,,,,,,,,,,,,,,,139.5,14,,,,,,,,,,,,,,,,,,
2026-07-04T04:02:45.599188+00:00,2026-07-04T04:02:45.599013,1,1,139.25,0.5,139.0,100,,,,,,,,,,,,,,,,,,,139.5,14,,,,,,,,,,,,,,,,,,
2026-07-04T04:02:45.668284+00:00,2026-07-04T04:02:45.653179,2,1,139.25,0.5,139.0,100,138.9,150,,,,,,,,,,,,,,,,,139.5,14,,,,,,,,,,,,,,,,,,
2026-07-04T04:02:45.705468+00:00,2026-07-04T04:02:45.705379,2,2,139.2,0.4,139.0,100,138.9,150,,,,,,,,,,,,,,,,,139.4,150,139.5,14,,,,,,,,,,,,,,,,
2026-07-04T04:02:46.231903+00:00,2026-07-04T04:02:46.231863,2,2,139.2,0.4,139.0,100,138.9,150,,,,,,,,,,,,,,,,,139.4,108,139.5,14,,,,,,,,,,,,,,,,
2026-07-04T04:02:46.500541+00:00,2026-07-04T04:02:46.494841,2,2,139.2,0.4,139.0,100,138.9,150,,,,,,,,,,,,,,,,,139.4,105,139.5,14,,,,,,,,,,,,,,,,
2026-07-04T04:02:46.858603+00:00,2026-07-04T04:02:46.854610,2,2,139.2,0.4,139.0,50,138.9,150,,,,,,,,,,,,,,,,,139.4,105,139.5,14,,,,,,,,,,,,,,,,
2026-07-04T04:02:46.905761+00:00,2026-07-04T04:02:46.905657,1,1,139.15,0.5,138.9,150,,,,,,,,,,,,,,,,,,,139.4,105,,,,,,,,,,,,,,,,,,
2026-07-04T04:02:46.958576+00:00,2026-07-04T04:02:46.955357,2,1,139.35,0.1,139.3,100,138.9,150,,,,,,,,,,,,,,,,,139.4,105,,,,,,,,,,,,,,,,,,
2026-07-04T04:02:47.013076+00:00,2026-07-04T04:02:47.013204,2,2,139.35,0.1,139.3,100,138.9,150,,,,,,,,,,,,,,,,,139.4,105,139.8,100,,,,,,,,,,,,,,,,
2026-07-04T04:02:48.758604+00:00,2026-07-04T04:02:48.757465,1,1,139.55,0.5,139.3,100,,,,,,,,,,,,,,,,,,,139.8,100,,,,,,,,,,,,,,,,,,
2026-07-04T04:02:48.814766+00:00,2026-07-04T04:02:48.814712,2,1,139.55,0.5,139.3,100,139.0,150,,,,,,,,,,,,,,,,,139.8,100,,,,,,,,,,,,,,,,,,
2026-07-04T04:02:48.882367+00:00,2026-07-04T04:02:48.882204,2,2,139.4,0.2,139.3,100,139.0,150,,,,,,,,,,,,,,,,,139.5,150,139.8,100,,,,,,,,,,,,,,,,
2026-07-04T04:02:48.916272+00:00,2026-07-04T04:02:48.916224,2,2,139.4,0.2,139.3,100,139.0,150,,,,,,,,,,,,,,,,,139.5,100,139.8,100,,,,,,,,,,,,,,,,
2026-07-04T04:02:50.085170+00:00,2026-07-04T04:02:50.084898,1,1,139.25,0.5,139.0,150,,,,,,,,,,,,,,,,,,,139.5,100,,,,,,,,,,,,,,,,,,
2026-07-04T04:02:50.139636+00:00,2026-07-04T04:02:50.139799,2,1,139.3,0.4,139.1,100,139.0,150,,,,,,,,,,,,,,,,,139.5,100,,,,,,,,,,,,,,,,,,
2026-07-04T04:02:50.194733+00:00,2026-07-04T04:02:50.194592,2,2,139.3,0.4,139.1,100,139.0,150,,,,,,,,,,,,,,,,,139.5,100,139.6,100,,,,,,,,,,,,,,,,
2026-07-04T04:02:50.325936+00:00,2026-07-04T04:02:50.325810,2,2,139.3,0.4,139.1,59,139.0,150,,,,,,,,,,,,,,,,,139.5,100,139.6,100,,,,,,,,,,,,,,,,
2026-07-04T04:02:51.022306+00:00,2026-07-04T04:02:51.022235,2,2,139.3,0.4,139.1,59,139.0,150,,,,,,,,,,,,,,,,,139.5,50,139.6,100,,,,,,,,,,,,,,,,
2026-07-04T04:02:51.519271+00:00,2026-07-04T04:02:51.519219,2,2,139.3,0.4,139.1,59,139.0,150,,,,,,,,,,,,,,,,,139.5,2,139.6,100,,,,,,,,,,,,,,,,
2026-07-04T04:02:51.934869+00:00,2026-07-04T04:02:51.934768,1,1,139.35,0.5,139.1,59,,,,,,,,,,,,,,,,,,,139.6,100,,,,,,,,,,,,,,,,,,
2026-07-04T04:02:51.991905+00:00,2026-07-04T04:02:51.992036,2,0,,,139.6,50,139.1,59,,,,,,,,,,,,,,,,,,,,,,,,,,,,,,,,,,,,
2026-07-04T04:02:52.011507+00:00,2026-07-04T04:02:52.011333,2,0,,,139.6,1,139.1,59,,,,,,,,,,,,,,,,,,,,,,,,,,,,,,,,,,,,
2026-07-04T04:02:52.047846+00:00,2026-07-04T04:02:52.047762,2,1,139.85,0.5,139.6,1,139.1,59,,,,,,,,,,,,,,,,,140.1,150,,,,,,,,,,,,,,,,,,
2026-07-04T04:02:52.059033+00:00,2026-07-04T04:02:52.051631,1,1,139.6,1.0,139.1,59,,,,,,,,,,,,,,,,,,,140.1,150,,,,,,,,,,,,,,,,,,
2026-07-04T04:02:53.133618+00:00,2026-07-04T04:02:53.133453,1,1,139.6,1.0,139.1,59,,,,,,,,,,,,,,,,,,,140.1,100,,,,,,,,,,,,,,,,,,
2026-07-04T04:02:53.247850+00:00,2026-07-04T04:02:53.247657,0,1,,,,,,,,,,,,,,,,,,,,,,,140.1,100,,,,,,,,,,,,,,,,,,
2026-07-04T04:02:53.300192+00:00,2026-07-04T04:02:53.300037,1,1,139.7,0.8,139.3,100,,,,,,,,,,,,,,,,,,,140.1,100,,,,,,,,,,,,,,,,,,
2026-07-04T04:02:53.351654+00:00,2026-07-04T04:02:53.351536,1,2,139.55,0.5,139.3,100,,,,,,,,,,,,,,,,,,,139.8,100,140.1,100,,,,,,,,,,,,,,,,
2026-07-04T04:02:54.977527+00:00,2026-07-04T04:02:54.977656,1,2,139.55,0.5,139.3,53,,,,,,,,,,,,,,,,,,,139.8,100,140.1,100,,,,,,,,,,,,,,,,
2026-07-04T04:02:55.100945+00:00,2026-07-04T04:02:55.100786,1,1,139.55,0.5,139.3,53,,,,,,,,,,,,,,,,,,,139.8,100,,,,,,,,,,,,,,,,,,
2026-07-04T04:02:55.153682+00:00,2026-07-04T04:02:55.153567,2,1,139.55,0.5,139.3,53,139.1,150,,,,,,,,,,,,,,,,,139.8,100,,,,,,,,,,,,,,,,,,
2026-07-04T04:02:55.208854+00:00,2026-07-04T04:02:55.208991,2,2,139.45,0.3,139.3,53,139.1,150,,,,,,,,,,,,,,,,,139.6,150,139.8,100,,,,,,,,,,,,,,,,
2026-07-04T04:02:55.238421+00:00,2026-07-04T04:02:55.238575,2,2,139.45,0.3,139.3,53,139.1,150,,,,,,,,,,,,,,,,,139.6,100,139.8,100,,,,,,,,,,,,,,,,
2026-07-04T04:02:55.619854+00:00,2026-07-04T04:02:55.619793,2,2,139.45,0.3,139.3,53,139.1,150,,,,,,,,,,,,,,,,,139.6,59,139.8,100,,,,,,,,,,,,,,,,
2026-07-04T04:02:56.404243+00:00,2026-07-04T04:02:56.404169,1,1,139.35,0.5,139.1,150,,,,,,,,,,,,,,,,,,,139.6,59,,,,,,,,,,,,,,,,,,
2026-07-04T04:02:56.458619+00:00,2026-07-04T04:02:56.456173,1,1,139.35,0.5,139.1,250,,,,,,,,,,,,,,,,,,,139.6,59,,,,,,,,,,,,,,,,,,
2026-07-04T04:02:56.513982+00:00,2026-07-04T04:02:56.513927,1,1,139.35,0.5,139.1,250,,,,,,,,,,,,,,,,,,,139.6,159,,,,,,,,,,,,,,,,,,
2026-07-04T04:02:57.346774+00:00,2026-07-04T04:02:57.346663,1,1,139.35,0.5,139.1,250,,,,,,,,,,,,,,,,,,,139.6,109,,,,,,,,,,,,,,,,,,
2026-07-04T04:02:57.723345+00:00,2026-07-04T04:02:57.723206,1,1,139.35,0.5,139.1,250,,,,,,,,,,,,,,,,,,,139.6,61,,,,,,,,,,,,,,,,,,
2026-07-04T04:02:58.213910+00:00,2026-07-04T04:02:58.213742,1,1,139.35,0.5,139.1,205,,,,,,,,,,,,,,,,,,,139.6,61,,,,,,,,,,,,,,,,,,
2026-07-04T04:02:58.265823+00:00,2026-07-04T04:02:58.265670,1,1,139.35,0.5,139.1,100,,,,,,,,,,,,,,,,,,,139.6,61,,,,,,,,,,,,,,,,,,
2026-07-04T04:02:58.330004+00:00,2026-07-04T04:02:58.323899,2,1,139.55,0.1,139.5,148,139.1,100,,,,,,,,,,,,,,,,,139.6,61,,,,,,,,,,,,,,,,,,
2026-07-04T04:02:58.369212+00:00,2026-07-04T04:02:58.369154,2,2,139.55,0.1,139.5,148,139.1,100,,,,,,,,,,,,,,,,,139.6,61,140.0,150,,,,,,,,,,,,,,,,
2026-07-04T04:02:59.458820+00:00,2026-07-04T04:02:59.458733,2,2,139.55,0.1,139.5,148,139.1,100,,,,,,,,,,,,,,,,,139.6,11,140.0,150,,,,,,,,,,,,,,,,
2026-07-04T04:02:59.568874+00:00,2026-07-04T04:02:59.569024,1,1,139.75,0.5,139.5,148,,,,,,,,,,,,,,,,,,,140.0,150,,,,,,,,,,,,,,,,,,
2026-07-04T04:02:59.623820+00:00,2026-07-04T04:02:59.623722,2,1,139.8,0.4,139.6,100,139.5,148,,,,,,,,,,,,,,,,,140.0,150,,,,,,,,,,,,,,,,,,
2026-07-04T04:02:59.676907+00:00,2026-07-04T04:02:59.676768,2,2,139.8,0.4,139.6,100,139.5,148,,,,,,,,,,,,,,,,,140.0,150,140.1,100,,,,,,,,,,,,,,,,
2026-07-04T04:03:01.427437+00:00,2026-07-04T04:03:01.427280,1,1,139.85,0.5,139.6,100,,,,,,,,,,,,,,,,,,,140.1,100,,,,,,,,,,,,,,,,,,
2026-07-04T04:03:01.482653+00:00,2026-07-04T04:03:01.482488,2,1,139.9,0.4,139.7,150,139.6,100,,,,,,,,,,,,,,,,,140.1,100,,,,,,,,,,,,,,,,,,
2026-07-04T04:03:01.535413+00:00,2026-07-04T04:03:01.535278,2,2,139.9,0.4,139.7,150,139.6,100,,,,,,,,,,,,,,,,,140.1,100,140.2,150,,,,,,,,,,,,,,,,
2026-07-04T04:03:01.581806+00:00,2026-07-04T04:03:01.581633,2,2,139.9,0.4,139.7,150,139.6,100,,,,,,,,,,,,,,,,,140.1,50,140.2,150,,,,,,,,,,,,,,,,
2026-07-04T04:03:02.725601+00:00,2026-07-04T04:03:02.725806,2,1,139.95,0.5,139.7,150,139.6,100,,,,,,,,,,,,,,,,,140.2,150,,,,,,,,,,,,,,,,,,
2026-07-04T04:03:02.731088+00:00,2026-07-04T04:03:02.730964,1,1,139.95,0.5,139.7,150,,,,,,,,,,,,,,,,,,,140.2,150,,,,,,,,,,,,,,,,,,
2026-07-04T04:03:02.795251+00:00,2026-07-04T04:03:02.795101,2,1,140.1,0.2,140.0,100,139.7,150,,,,,,,,,,,,,,,,,140.2,150,,,,,,,,,,,,,,,,,,
2026-07-04T04:03:02.845037+00:00,2026-07-04T04:03:02.844938,2,2,140.1,0.2,140.0,100,139.7,150,,,,,,,,,,,,,,,,,140.2,150,140.5,100,,,,,,,,,,,,,,,,
2026-07-04T04:03:03.467608+00:00,2026-07-04T04:03:03.462260,2,2,140.1,0.2,140.0,86,139.7,150,,,,,,,,,,,,,,,,,140.2,150,140.5,100,,,,,,,,,,,,,,,,
2026-07-04T04:03:03.688656+00:00,2026-07-04T04:03:03.688578,2,2,140.1,0.2,140.0,86,139.7,150,,,,,,,,,,,,,,,,,140.2,100,140.5,100,,,,,,,,,,,,,,,,
2026-07-04T04:03:03.995110+00:00,2026-07-04T04:03:03.995201,2,2,140.1,0.2,140.0,46,139.7,150,,,,,,,,,,,,,,,,,140.2,100,140.5,100,,,,,,,,,,,,,,,,
2026-07-04T04:03:04.590562+00:00,2026-07-04T04:03:04.590518,1,1,140.25,0.5,140.0,46,,,,,,,,,,,,,,,,,,,140.5,100,,,,,,,,,,,,,,,,,,
2026-07-04T04:03:04.649351+00:00,2026-07-04T04:03:04.649543,2,1,140.25,0.5,140.0,46,139.9,150,,,,,,,,,,,,,,,,,140.5,100,,,,,,,,,,,,,,,,,,
2026-07-04T04:03:04.705658+00:00,2026-07-04T04:03:04.705522,2,2,140.2,0.4,140.0,46,139.9,150,,,,,,,,,,,,,,,,,140.4,150,140.5,100,,,,,,,,,,,,,,,,
2026-07-04T04:03:05.126500+00:00,2026-07-04T04:03:05.126590,2,2,140.2,0.4,140.0,5,139.9,150,,,,,,,,,,,,,,,,,140.4,150,140.5,100,,,,,,,,,,,,,,,,
2026-07-04T04:03:05.796944+00:00,2026-07-04T04:03:05.796864,2,2,140.2,0.4,140.0,5,139.9,150,,,,,,,,,,,,,,,,,140.4,100,140.5,100,,,,,,,,,,,,,,,,
2026-07-04T04:03:05.899777+00:00,2026-07-04T04:03:05.899688,1,1,140.15,0.5,139.9,150,,,,,,,,,,,,,,,,,,,140.4,100,,,,,,,,,,,,,,,,,,
2026-07-04T04:03:05.950458+00:00,2026-07-04T04:03:05.950597,2,1,140.15,0.5,139.9,150,139.5,100,,,,,,,,,,,,,,,,,140.4,100,,,,,,,,,,,,,,,,,,
2026-07-04T04:03:06.006228+00:00,2026-07-04T04:03:06.006318,2,2,139.95,0.1,139.9,150,139.5,100,,,,,,,,,,,,,,,,,140.0,100,140.4,100,,,,,,,,,,,,,,,,
2026-07-04T04:03:07.660688+00:00,2026-07-04T04:03:07.660573,2,2,139.95,0.1,139.9,150,139.5,100,,,,,,,,,,,,,,,,,140.0,57,140.4,100,,,,,,,,,,,,,,,,
2026-07-04T04:03:07.760447+00:00,2026-07-04T04:03:07.760317,1,1,139.75,0.5,139.5,100,,,,,,,,,,,,,,,,,,,140.0,57,,,,,,,,,,,,,,,,,,
2026-07-04T04:03:07.815661+00:00,2026-07-04T04:03:07.815537,2,0,,,140.2,93,139.5,100,,,,,,,,,,,,,,,,,,,,,,,,,,,,,,,,,,,,
2026-07-04T04:03:07.878968+00:00,2026-07-04T04:03:07.873616,2,1,140.45,0.5,140.2,81,139.5,100,,,,,,,,,,,,,,,,,140.7,150,,,,,,,,,,,,,,,,,,
2026-07-04T04:03:07.954502+00:00,2026-07-04T04:03:07.954421,2,1,140.45,0.5,140.2,31,139.5,100,,,,,,,,,,,,,,,,,140.7,150,,,,,,,,,,,,,,,,,,
2026-07-04T04:03:09.058564+00:00,2026-07-04T04:03:09.057409,1,1,140.45,0.5,140.2,31,,,,,,,,,,,,,,,,,,,140.7,150,,,,,,,,,,,,,,,,,,
2026-07-04T04:03:09.113481+00:00,2026-07-04T04:03:09.113455,2,1,140.45,0.5,140.2,31,139.8,100,,,,,,,,,,,,,,,,,140.7,150,,,,,,,,,,,,,,,,,,
2026-07-04T04:03:09.169830+00:00,2026-07-04T04:03:09.169738,2,2,140.25,0.1,140.2,31,139.8,100,,,,,,,,,,,,,,,,,140.3,100,140.7,150,,,,,,,,,,,,,,,,
2026-07-04T04:03:10.063885+00:00,2026-07-04T04:03:10.063824,1,2,140.05,0.5,139.8,81,,,,,,,,,,,,,,,,,,,140.3,100,140.7,150,,,,,,,,,,,,,,,,
2026-07-04T04:03:10.919865+00:00,2026-07-04T04:03:10.919776,1,1,140.05,0.5,139.8,81,,,,,,,,,,,,,,,,,,,140.3,100,,,,,,,,,,,,,,,,,,
2026-07-04T04:03:10.975295+00:00,2026-07-04T04:03:10.975175,2,1,140.05,0.5,139.8,81,139.6,150,,,,,,,,,,,,,,,,,140.3,100,,,,,,,,,,,,,,,,,,
2026-07-04T04:03:11.025469+00:00,2026-07-04T04:03:11.025362,2,2,139.95,0.3,139.8,81,139.6,150,,,,,,,,,,,,,,,,,140.1,150,140.3,100,,,,,,,,,,,,,,,,
2026-07-04T04:03:12.169139+00:00,2026-07-04T04:03:12.169256,2,2,139.95,0.3,139.8,31,139.6,150,,,,,,,,,,,,,,,,,140.1,150,140.3,100,,,,,,,,,,,,,,,,
2026-07-04T04:03:12.219927+00:00,2026-07-04T04:03:12.220075,2,1,139.95,0.3,139.8,31,139.6,150,,,,,,,,,,,,,,,,,140.1,150,,,,,,,,,,,,,,,,,,
2026-07-04T04:03:12.225332+00:00,2026-07-04T04:03:12.225253,1,1,139.85,0.5,139.6,150,,,,,,,,,,,,,,,,,,,140.1,150,,,,,,,,,,,,,,,,,,
2026-07-04T04:03:12.274652+00:00,2026-07-04T04:03:12.274725,1,1,139.85,0.5,139.6,250,,,,,,,,,,,,,,,,,,,140.1,150,,,,,,,,,,,,,,,,,,
2026-07-04T04:03:12.331136+00:00,2026-07-04T04:03:12.331071,1,1,139.85,0.5,139.6,250,,,,,,,,,,,,,,,,,,,140.1,250,,,,,,,,,,,,,,,,,,
2026-07-04T04:03:14.081765+00:00,2026-07-04T04:03:14.081657,1,1,139.85,0.5,139.6,100,,,,,,,,,,,,,,,,,,,140.1,100,,,,,,,,,,,,,,,,,,
2026-07-04T04:03:14.136863+00:00,2026-07-04T04:03:14.136738,1,1,139.85,0.5,139.6,250,,,,,,,,,,,,,,,,,,,140.1,100,,,,,,,,,,,,,,,,,,
2026-07-04T04:03:14.186760+00:00,2026-07-04T04:03:14.186582,1,1,139.85,0.5,139.6,250,,,,,,,,,,,,,,,,,,,140.1,250,,,,,,,,,,,,,,,,,,
2026-07-04T04:03:15.269085+00:00,2026-07-04T04:03:15.269008,1,1,139.85,0.5,139.6,209,,,,,,,,,,,,,,,,,,,140.1,250,,,,,,,,,,,,,,,,,,
2026-07-04T04:03:15.385831+00:00,2026-07-04T04:03:15.385734,1,1,139.85,0.5,139.6,209,,,,,,,,,,,,,,,,,,,140.1,150,,,,,,,,,,,,,,,,,,
2026-07-04T04:03:15.391036+00:00,2026-07-04T04:03:15.390938,1,1,139.85,0.5,139.6,150,,,,,,,,,,,,,,,,,,,140.1,150,,,,,,,,,,,,,,,,,,
2026-07-04T04:03:15.441965+00:00,2026-07-04T04:03:15.441922,2,1,139.85,0.5,139.6,150,139.5,100,,,,,,,,,,,,,,,,,140.1,150,,,,,,,,,,,,,,,,,,
2026-07-04T04:03:15.506897+00:00,2026-07-04T04:03:15.499813,2,2,139.8,0.4,139.6,150,139.5,100,,,,,,,,,,,,,,,,,140.0,88,140.1,150,,,,,,,,,,,,,,,,
2026-07-04T04:03:15.523654+00:00,2026-07-04T04:03:15.517118,2,2,139.8,0.4,139.6,150,139.5,100,,,,,,,,,,,,,,,,,140.0,77,140.1,150,,,,,,,,,,,,,,,,
2026-07-04T04:03:17.243312+00:00,2026-07-04T04:03:17.243122,1,1,139.75,0.5,139.5,100,,,,,,,,,,,,,,,,,,,140.0,77,,,,,,,,,,,,,,,,,,
2026-07-04T04:03:17.297027+00:00,2026-07-04T04:03:17.296972,2,1,139.85,0.3,139.7,150,139.5,100,,,,,,,,,,,,,,,,,140.0,77,,,,,,,,,,,,,,,,,,
2026-07-04T04:03:17.357074+00:00,2026-07-04T04:03:17.349111,2,2,139.85,0.3,139.7,150,139.5,100,,,,,,,,,,,,,,,,,140.0,77,140.2,150,,,,,,,,,,,,,,,,
2026-07-04T04:03:18.505655+00:00,2026-07-04T04:03:18.505591,2,2,139.85,0.3,139.7,100,139.5,100,,,,,,,,,,,,,,,,,140.0,77,140.2,150,,,,,,,,,,,,,,,,
2026-07-04T04:03:18.558638+00:00,2026-07-04T04:03:18.554094,1,1,139.95,0.5,139.7,100,,,,,,,,,,,,,,,,,,,140.2,150,,,,,,,,,,,,,,,,,,
2026-07-04T04:03:18.611295+00:00,2026-07-04T04:03:18.611230,1,1,139.95,0.5,139.7,200,,,,,,,,,,,,,,,,,,,140.2,150,,,,,,,,,,,,,,,,,,
2026-07-04T04:03:18.666810+00:00,2026-07-04T04:03:18.666634,1,1,139.95,0.5,139.7,200,,,,,,,,,,,,,,,,,,,140.2,250,,,,,,,,,,,,,,,,,,
2026-07-04T04:03:20.397539+00:00,2026-07-04T04:03:20.397445,1,1,139.95,0.5,139.7,200,,,,,,,,,,,,,,,,,,,140.2,100,,,,,,,,,,,,,,,,,,
2026-07-04T04:03:20.402729+00:00,2026-07-04T04:03:20.402607,1,1,139.95,0.5,139.7,100,,,,,,,,,,,,,,,,,,,140.2,100,,,,,,,,,,,,,,,,,,
2026-07-04T04:03:20.464089+00:00,2026-07-04T04:03:20.463775,2,1,139.95,0.5,139.7,100,139.6,150,,,,,,,,,,,,,,,,,140.2,100,,,,,,,,,,,,,,,,,,
2026-07-04T04:03:20.515562+00:00,2026-07-04T04:03:20.515497,2,2,139.9,0.4,139.7,100,139.6,150,,,,,,,,,,,,,,,,,140.1,150,140.2,100,,,,,,,,,,,,,,,,
2026-07-04T04:03:20.611725+00:00,2026-07-04T04:03:20.611654,2,2,139.9,0.4,139.7,50,139.6,150,,,,,,,,,,,,,,,,,140.1,150,140.2,100,,,,,,,,,,,,,,,,
2026-07-04T04:03:21.563026+00:00,2026-07-04T04:03:21.556785,2,2,139.9,0.4,139.7,50,139.6,150,,,,,,,,,,,,,,,,,140.1,147,140.2,100,,,,,,,,,,,,,,,,
2026-07-04T04:03:21.719162+00:00,2026-07-04T04:03:21.719086,2,1,139.9,0.4,139.7,50,139.6,150,,,,,,,,,,,,,,,,,140.1,147,,,,,,,,,,,,,,,,,,
2026-07-04T04:03:21.724339+00:00,2026-07-04T04:03:21.724267,1,1,139.85,0.5,139.6,150,,,,,,,,,,,,,,,,,,,140.1,147,,,,,,,,,,,,,,,,,,
2026-07-04T04:03:21.774677+00:00,2026-07-04T04:03:21.774636,2,1,139.95,0.3,139.8,100,139.6,150,,,,,,,,,,,,,,,,,140.1,147,,,,,,,,,,,,,,,,,,
2026-07-04T04:03:21.831345+00:00,2026-07-04T04:03:21.822783,2,2,139.95,0.3,139.8,100,139.6,150,,,,,,,,,,,,,,,,,140.1,147,140.3,100,,,,,,,,,,,,,,,,
2026-07-04T04:03:22.283688+00:00,2026-07-04T04:03:22.283552,2,2,139.95,0.3,139.8,100,139.6,150,,,,,,,,,,,,,,,,,140.1,99,140.3,100,,,,,,,,,,,,,,,,
2026-07-04T04:03:22.720022+00:00,2026-07-04T04:03:22.719909,2,2,139.95,0.3,139.8,50,139.6,150,,,,,,,,,,,,,,,,,140.1,99,140.3,100,,,,,,,,,,,,,,,,
2026-07-04T04:03:23.570459+00:00,2026-07-04T04:03:23.570572,1,1,140.05,0.5,139.8,50,,,,,,,,,,,,,,,,,,,140.3,100,,,,,,,,,,,,,,,,,,
2026-07-04T04:03:23.619299+00:00,2026-07-04T04:03:23.619236,2,1,140.2,0.2,140.1,150,139.8,50,,,,,,,,,,,,,,,,,140.3,100,,,,,,,,,,,,,,,,,,
2026-07-04T04:03:23.672011+00:00,2026-07-04T04:03:23.671897,2,2,140.2,0.2,140.1,150,139.8,50,,,,,,,,,,,,,,,,,140.3,100,140.6,150,,,,,,,,,,,,,,,,
2026-07-04T04:03:24.296319+00:00,2026-07-04T04:03:24.296269,2,2,140.2,0.2,140.1,102,139.8,50,,,,,,,,,,,,,,,,,140.3,100,140.6,150,,,,,,,,,,,,,,,,
2026-07-04T04:03:24.774303+00:00,2026-07-04T04:03:24.774249,2,2,140.2,0.2,140.1,102,139.8,50,,,,,,,,,,,,,,,,,140.3,50,140.6,150,,,,,,,,,,,,,,,,
2026-07-04T04:03:24.890291+00:00,2026-07-04T04:03:24.890152,1,1,140.35,0.5,140.1,102,,,,,,,,,,,,,,,,,,,140.6,150,,,,,,,,,,,,,,,,,,
2026-07-04T04:03:24.940591+00:00,2026-07-04T04:03:24.940420,2,1,140.35,0.5,140.1,102,139.8,100,,,,,,,,,,,,,,,,,140.6,150,,,,,,,,,,,,,,,,,,
2026-07-04T04:03:24.994258+00:00,2026-07-04T04:03:24.994139,2,2,140.2,0.2,140.1,102,139.8,100,,,,,,,,,,,,,,,,,140.3,100,140.6,150,,,,,,,,,,,,,,,,
2026-07-04T04:03:26.730776+00:00,2026-07-04T04:03:26.730673,1,1,140.05,0.5,139.8,100,,,,,,,,,,,,,,,,,,,140.3,100,,,,,,,,,,,,,,,,,,
2026-07-04T04:03:26.785734+00:00,2026-07-04T04:03:26.785627,2,1,140.1,0.4,139.9,150,139.8,100,,,,,,,,,,,,,,,,,140.3,100,,,,,,,,,,,,,,,,,,
2026-07-04T04:03:26.838723+00:00,2026-07-04T04:03:26.838843,2,2,140.1,0.4,139.9,150,139.8,100,,,,,,,,,,,,,,,,,140.3,100,140.4,150,,,,,,,,,,,,,,,,
2026-07-04T04:03:26.885179+00:00,2026-07-04T04:03:26.885078,2,2,140.1,0.4,139.9,150,139.8,100,,,,,,,,,,,,,,,,,140.3,50,140.4,150,,,,,,,,,,,,,,,,
2026-07-04T04:03:27.383141+00:00,2026-07-04T04:03:27.383295,2,2,140.1,0.4,139.9,150,139.8,100,,,,,,,,,,,,,,,,,140.3,8,140.4,150,,,,,,,,,,,,,,,,
2026-07-04T04:03:28.043430+00:00,2026-07-04T04:03:28.043331,1,1,140.15,0.5,139.9,150,,,,,,,,,,,,,,,,,,,140.4,150,,,,,,,,,,,,,,,,,,
2026-07-04T04:03:28.097164+00:00,2026-07-04T04:03:28.097080,2,1,140.2,0.4,140.0,100,139.9,150,,,,,,,,,,,,,,,,,140.4,150,,,,,,,,,,,,,,,,,,
2026-07-04T04:03:28.158569+00:00,2026-07-04T04:03:28.154299,2,2,140.2,0.4,140.0,100,139.9,150,,,,,,,,,,,,,,,,,140.4,150,140.5,100,,,,,,,,,,,,,,,,
2026-07-04T04:03:28.474248+00:00,2026-07-04T04:03:28.474130,2,2,140.2,0.4,140.0,100,139.9,150,,,,,,,,,,,,,,,,,140.4,101,140.5,100,,,,,,,,,,,,,,,,
2026-07-04T04:03:28.992941+00:00,2026-07-04T04:03:28.992857,2,2,140.2,0.4,140.0,100,139.9,150,,,,,,,,,,,,,,,,,140.4,51,140.5,100,,,,,,,,,,,,,,,,
2026-07-04T04:03:29.893150+00:00,2026-07-04T04:03:29.893009,1,1,140.25,0.5,140.0,100,,,,,,,,,,,,,,,,,,,140.5,100,,,,,,,,,,,,,,,,,,
2026-07-04T04:03:29.943265+00:00,2026-07-04T04:03:29.943189,2,1,140.35,0.3,140.2,150,140.0,100,,,,,,,,,,,,,,,,,140.5,100,,,,,,,,,,,,,,,,,,
2026-07-04T04:03:29.999847+00:00,2026-07-04T04:03:29.999702,2,2,140.35,0.3,140.2,150,140.0,100,,,,,,,,,,,,,,,,,140.5,100,140.7,150,,,,,,,,,,,,,,,,
2026-07-04T04:03:31.100035+00:00,2026-07-04T04:03:31.100176,2,2,140.35,0.3,140.2,150,140.0,100,,,,,,,,,,,,,,,,,140.5,50,140.7,150,,,,,,,,,,,,,,,,
2026-07-04T04:03:31.210900+00:00,2026-07-04T04:03:31.210813,1,1,140.45,0.5,140.2,150,,,,,,,,,,,,,,,,,,,140.7,150,,,,,,,,,,,,,,,,,,
2026-07-04T04:03:31.279872+00:00,2026-07-04T04:03:31.279718,2,1,140.45,0.5,140.2,150,140.1,100,,,,,,,,,,,,,,,,,140.7,150,,,,,,,,,,,,,,,,,,
2026-07-04T04:03:31.331941+00:00,2026-07-04T04:03:31.331862,2,2,140.4,0.4,140.2,150,140.1,100,,,,,,,,,,,,,,,,,140.6,100,140.7,150,,,,,,,,,,,,,,,,
2026-07-04T04:03:32.758549+00:00,2026-07-04T04:03:32.753057,2,2,140.4,0.4,140.2,107,140.1,100,,,,,,,,,,,,,,,,,140.6,100,140.7,150,,,,,,,,,,,,,,,,
2026-07-04T04:03:33.063755+00:00,2026-07-04T04:03:33.063731,1,1,140.35,0.5,140.1,100,,,,,,,,,,,,,,,,,,,140.6,100,,,,,,,,,,,,,,,,,,
2026-07-04T04:03:33.117687+00:00,2026-07-04T04:03:33.117627,2,1,140.35,0.5,140.1,100,140.0,150,,,,,,,,,,,,,,,,,140.6,100,,,,,,,,,,,,,,,,,,
2026-07-04T04:03:33.172425+00:00,2026-07-04T04:03:33.172297,2,2,140.3,0.4,140.1,100,140.0,150,,,,,,,,,,,,,,,,,140.5,150,140.6,100,,,,,,,,,,,,,,,,
2026-07-04T04:03:33.206668+00:00,2026-07-04T04:03:33.206630,2,2,140.3,0.4,140.1,100,140.0,150,,,,,,,,,,,,,,,,,140.5,100,140.6,100,,,,,,,,,,,,,,,,
2026-07-04T04:03:34.383456+00:00,2026-07-04T04:03:34.383360,1,1,140.25,0.5,140.0,150,,,,,,,,,,,,,,,,,,,140.5,100,,,,,,,,,,,,,,,,,,
2026-07-04T04:03:34.439640+00:00,2026-07-04T04:03:34.439528,2,1,140.3,0.4,140.1,100,140.0,150,,,,,,,,,,,,,,,,,140.5,100,,,,,,,,,,,,,,,,,,
2026-07-04T04:03:34.492137+00:00,2026-07-04T04:03:34.491998,2,2,140.3,0.4,140.1,100,140.0,150,,,,,,,,,,,,,,,,,140.5,100,140.6,100,,,,,,,,,,,,,,,,
2026-07-04T04:03:34.725059+00:00,2026-07-04T04:03:34.724967,2,2,140.3,0.4,140.1,56,140.0,150,,,,,,,,,,,,,,,,,140.5,100,140.6,100,,,,,,,,,,,,,,,,
2026-07-04T04:03:35.312539+00:00,2026-07-04T04:03:35.312667,2,2,140.3,0.4,140.1,56,140.0,150,,,,,,,,,,,,,,,,,140.5,50,140.6,100,,,,,,,,,,,,,,,,
2026-07-04T04:03:36.227900+00:00,2026-07-04T04:03:36.227759,1,1,140.35,0.5,140.1,56,,,,,,,,,,,,,,,,,,,140.6,100,,,,,,,,,,,,,,,,,,
2026-07-04T04:03:36.279018+00:00,2026-07-04T04:03:36.278921,2,1,140.5,0.2,140.4,150,140.1,56,,,,,,,,,,,,,,,,,140.6,100,,,,,,,,,,,,,,,,,,
2026-07-04T04:03:36.333346+00:00,2026-07-04T04:03:36.333261,2,2,140.5,0.2,140.4,150,140.1,56,,,,,,,,,,,,,,,,,140.6,100,140.9,150,,,,,,,,,,,,,,,,
2026-07-04T04:03:36.880501+00:00,2026-07-04T04:03:36.880434,2,2,140.5,0.2,140.4,150,140.1,56,,,,,,,,,,,,,,,,,140.6,54,140.9,150,,,,,,,,,,,,,,,,
2026-07-04T04:03:37.420646+00:00,2026-07-04T04:03:37.420572,2,2,140.5,0.2,140.4,150,140.1,56,,,,,,,,,,,,,,,,,140.6,4,140.9,150,,,,,,,,,,,,,,,,
2026-07-04T04:03:37.544697+00:00,2026-07-04T04:03:37.544632,2,1,140.65,0.5,140.4,150,140.1,56,,,,,,,,,,,,,,,,,140.9,150,,,,,,,,,,,,,,,,,,
2026-07-04T04:03:37.550014+00:00,2026-07-04T04:03:37.549780,1,1,140.65,0.5,140.4,150,,,,,,,,,,,,,,,,,,,140.9,150,,,,,,,,,,,,,,,,,,
2026-07-04T04:03:37.610858+00:00,2026-07-04T04:03:37.604776,2,1,140.8,0.2,140.7,97,140.4,150,,,,,,,,,,,,,,,,,140.9,150,,,,,,,,,,,,,,,,,,
2026-07-04T04:03:37.653763+00:00,2026-07-04T04:03:37.653742,2,2,140.8,0.2,140.7,97,140.4,150,,,,,,,,,,,,,,,,,140.9,150,141.2,100,,,,,,,,,,,,,,,,
2026-07-04T04:03:38.885348+00:00,2026-07-04T04:03:38.879739,2,2,140.8,0.2,140.7,74,140.4,150,,,,,,,,,,,,,,,,,140.9,150,141.2,100,,,,,,,,,,,,,,,,
2026-07-04T04:03:39.391329+00:00,2026-07-04T04:03:39.391203,1,1,140.95,0.5,140.7,74,,,,,,,,,,,,,,,,,,,141.2,100,,,,,,,,,,,,,,,,,,
2026-07-04T04:03:39.445918+00:00,2026-07-04T04:03:39.445856,2,1,141.15,0.1,141.1,150,140.7,74,,,,,,,,,,,,,,,,,141.2,100,,,,,,,,,,,,,,,,,,
2026-07-04T04:03:39.498838+00:00,2026-07-04T04:03:39.498943,2,2,141.15,0.1,141.1,150,140.7,74,,,,,,,,,,,,,,,,,141.2,100,141.6,150,,,,,,,,,,,,,,,,
2026-07-04T04:03:40.189805+00:00,2026-07-04T04:03:40.184472,2,2,141.15,0.1,141.1,127,140.7,74,,,,,,,,,,,,,,,,,141.2,100,141.6,150,,,,,,,,,,,,,,,,
2026-07-04T04:03:40.707627+00:00,2026-07-04T04:03:40.707604,1,1,141.35,0.5,141.1,127,,,,,,,,,,,,,,,,,,,141.6,150,,,,,,,,,,,,,,,,,,
2026-07-04T04:03:40.758582+00:00,2026-07-04T04:03:40.756962,2,1,141.35,0.5,141.1,80,140.6,100,,,,,,,,,,,,,,,,,141.6,150,,,,,,,,,,,,,,,,,,
2026-07-04T04:03:40.814563+00:00,2026-07-04T04:03:40.814481,1,2,140.85,0.5,140.6,100,,,,,,,,,,,,,,,,,,,141.1,20,141.6,150,,,,,,,,,,,,,,,,
2026-07-04T04:03:41.223721+00:00,2026-07-04T04:03:41.223606,1,2,140.85,0.5,140.6,55,,,,,,,,,,,,,,,,,,,141.1,20,141.6,150,,,,,,,,,,,,,,,,
2026-07-04T04:03:41.681314+00:00,2026-07-04T04:03:41.681203,1,2,140.85,0.5,140.6,5,,,,,,,,,,,,,,,,,,,141.1,20,141.6,150,,,,,,,,,,,,,,,,
2026-07-04T04:03:42.551242+00:00,2026-07-04T04:03:42.551104,1,1,140.85,0.5,140.6,5,,,,,,,,,,,,,,,,,,,141.1,20,,,,,,,,,,,,,,,,,,
2026-07-04T04:03:42.600977+00:00,2026-07-04T04:03:42.600908,2,1,140.85,0.5,140.6,5,140.2,150,,,,,,,,,,,,,,,,,141.1,20,,,,,,,,,,,,,,,,,,
2026-07-04T04:03:42.652683+00:00,2026-07-04T04:03:42.652833,2,2,140.65,0.1,140.6,5,140.2,150,,,,,,,,,,,,,,,,,140.7,150,141.1,20,,,,,,,,,,,,,,,,
2026-07-04T04:03:42.661838+00:00,2026-07-04T04:03:42.656363,2,2,140.65,0.1,140.6,5,140.2,150,,,,,,,,,,,,,,,,,140.7,115,141.1,20,,,,,,,,,,,,,,,,
2026-07-04T04:03:42.813526+00:00,2026-07-04T04:03:42.807853,2,2,140.65,0.1,140.6,5,140.2,150,,,,,,,,,,,,,,,,,140.7,104,141.1,20,,,,,,,,,,,,,,,,
2026-07-04T04:03:43.796553+00:00,2026-07-04T04:03:43.796292,1,2,140.45,0.5,140.2,105,,,,,,,,,,,,,,,,,,,140.7,104,141.1,20,,,,,,,,,,,,,,,,
2026-07-04T04:03:43.864021+00:00,2026-07-04T04:03:43.863846,1,1,140.45,0.5,140.2,105,,,,,,,,,,,,,,,,,,,140.7,104,,,,,,,,,,,,,,,,,,
2026-07-04T04:03:43.922232+00:00,2026-07-04T04:03:43.922103,1,1,140.45,0.5,140.2,105,,,,,,,,,,,,,,,,,,,140.7,4,,,,,,,,,,,,,,,,,,
2026-07-04T04:03:43.975016+00:00,2026-07-04T04:03:43.974925,1,2,140.45,0.5,140.2,105,,,,,,,,,,,,,,,,,,,140.7,4,141.2,100,,,,,,,,,,,,,,,,
2026-07-04T04:03:44.171429+00:00,2026-07-04T04:03:44.171286,1,1,140.7,1.0,140.2,105,,,,,,,,,,,,,,,,,,,141.2,63,,,,,,,,,,,,,,,,,,
2026-07-04T04:03:45.710531+00:00,2026-07-04T04:03:45.710343,0,1,,,,,,,,,,,,,,,,,,,,,,,141.2,63,,,,,,,,,,,,,,,,,,
2026-07-04T04:03:45.769984+00:00,2026-07-04T04:03:45.769936,1,1,141.0,0.4,140.8,150,,,,,,,,,,,,,,,,,,,141.2,63,,,,,,,,,,,,,,,,,,
2026-07-04T04:03:45.831949+00:00,2026-07-04T04:03:45.831884,1,2,141.0,0.4,140.8,150,,,,,,,,,,,,,,,,,,,141.2,63,141.3,150,,,,,,,,,,,,,,,,
2026-07-04T04:03:45.902755+00:00,2026-07-04T04:03:45.902709,1,2,141.0,0.4,140.8,100,,,,,,,,,,,,,,,,,,,141.2,63,141.3,150,,,,,,,,,,,,,,,,
2026-07-04T04:03:46.150519+00:00,2026-07-04T04:03:46.150358,1,2,141.0,0.4,140.8,100,,,,,,,,,,,,,,,,,,,141.2,18,141.3,150,,,,,,,,,,,,,,,,
2026-07-04T04:03:47.034347+00:00,2026-07-04T04:03:47.034439,1,1,141.05,0.5,140.8,100,,,,,,,,,,,,,,,,,,,141.3,150,,,,,,,,,,,,,,,,,,
2026-07-04T04:03:47.088321+00:00,2026-07-04T04:03:47.088278,2,1,141.05,0.5,140.8,100,140.7,100,,,,,,,,,,,,,,,,,141.3,150,,,,,,,,,,,,,,,,,,
2026-07-04T04:03:47.141310+00:00,2026-07-04T04:03:47.141277,2,2,141.0,0.4,140.8,100,140.7,100,,,,,,,,,,,,,,,,,141.2,100,141.3,150,,,,,,,,,,,,,,,,
2026-07-04T04:03:47.964111+00:00,2026-07-04T04:03:47.963971,2,2,141.0,0.4,140.8,100,140.7,100,,,,,,,,,,,,,,,,,141.2,50,141.3,150,,,,,,,,,,,,,,,,
2026-07-04T04:03:48.061697+00:00,2026-07-04T04:03:48.055635,2,2,141.0,0.4,140.8,89,140.7,100,,,,,,,,,,,,,,,,,141.2,50,141.3,150,,,,,,,,,,,,,,,,
2026-07-04T04:03:48.885366+00:00,2026-07-04T04:03:48.885307,1,1,140.95,0.5,140.7,100,,,,,,,,,,,,,,,,,,,141.2,50,,,,,,,,,,,,,,,,,,
2026-07-04T04:03:48.938737+00:00,2026-07-04T04:03:48.938666,2,1,140.95,0.5,140.7,100,140.3,150,,,,,,,,,,,,,,,,,141.2,50,,,,,,,,,,,,,,,,,,
2026-07-04T04:03:48.990675+00:00,2026-07-04T04:03:48.990770,2,2,140.75,0.1,140.7,100,140.3,150,,,,,,,,,,,,,,,,,140.8,150,141.2,50,,,,,,,,,,,,,,,,
2026-07-04T04:03:49.243234+00:00,2026-07-04T04:03:49.243363,2,2,140.75,0.1,140.7,59,140.3,150,,,,,,,,,,,,,,,,,140.8,150,141.2,50,,,,,,,,,,,,,,,,
2026-07-04T04:03:50.058543+00:00,2026-07-04T04:03:50.057253,2,2,140.75,0.1,140.7,59,140.3,150,,,,,,,,,,,,,,,,,140.8,100,141.2,50,,,,,,,,,,,,,,,,
2026-07-04T04:03:50.127548+00:00,2026-07-04T04:03:50.127341,2,2,140.75,0.1,140.7,59,140.3,150,,,,,,,,,,,,,,,,,140.8,51,141.2,50,,,,,,,,,,,,,,,,
2026-07-04T04:03:50.195663+00:00,2026-07-04T04:03:50.195534,1,1,140.55,0.5,140.3,150,,,,,,,,,,,,,,,,,,,140.8,51,,,,,,,,,,,,,,,,,,
2026-07-04T04:03:50.258633+00:00,2026-07-04T04:03:50.250350,2,1,140.7,0.2,140.6,100,140.3,150,,,,,,,,,,,,,,,,,140.8,51,,,,,,,,,,,,,,,,,,
2026-07-04T04:03:50.301456+00:00,2026-07-04T04:03:50.301356,2,2,140.7,0.2,140.6,100,140.3,150,,,,,,,,,,,,,,,,,140.8,51,141.1,100,,,,,,,,,,,,,,,,
2026-07-04T04:03:51.990959+00:00,2026-07-04T04:03:51.985844,2,2,140.7,0.2,140.6,100,140.3,150,,,,,,,,,,,,,,,,,140.8,40,141.1,100,,,,,,,,,,,,,,,,
2026-07-04T04:03:52.044819+00:00,2026-07-04T04:03:52.044737,1,1,140.85,0.5,140.6,100,,,,,,,,,,,,,,,,,,,141.1,100,,,,,,,,,,,,,,,,,,
2026-07-04T04:03:52.099125+00:00,2026-07-04T04:03:52.099004,2,1,141.05,0.1,141.0,150,140.6,100,,,,,,,,,,,,,,,,,141.1,100,,,,,,,,,,,,,,,,,,
2026-07-04T04:03:52.158551+00:00,2026-07-04T04:03:52.151816,2,2,141.05,0.1,141.0,150,140.6,100,,,,,,,,,,,,,,,,,141.1,100,141.5,150,,,,,,,,,,,,,,,,
2026-07-04T04:03:52.169841+00:00,2026-07-04T04:03:52.169790,2,2,141.05,0.1,141.0,150,140.6,100,,,,,,,,,,,,,,,,,141.1,50,141.5,150,,,,,,,,,,,,,,,,
2026-07-04T04:03:52.778647+00:00,2026-07-04T04:03:52.778598,2,2,141.05,0.1,141.0,109,140.6,100,,,,,,,,,,,,,,,,,141.1,50,141.5,150,,,,,,,,,,,,,,,,
2026-07-04T04:03:53.100818+00:00,2026-07-04T04:03:53.094172,2,2,141.05,0.1,141.0,98,140.6,100,,,,,,,,,,,,,,,,,141.1,50,141.5,150,,,,,,,,,,,,,,,,
2026-07-04T04:03:53.243146+00:00,2026-07-04T04:03:53.243077,2,2,141.05,0.1,141.0,56,140.6,100,,,,,,,,,,,,,,,,,141.1,50,141.5,150,,,,,,,,,,,,,,,,
2026-07-04T04:03:53.358553+00:00,2026-07-04T04:03:53.349534,1,1,141.25,0.5,141.0,56,,,,,,,,,,,,,,,,,,,141.5,150,,,,,,,,,,,,,,,,,,
2026-07-04T04:03:53.409096+00:00,2026-07-04T04:03:53.408973,2,1,141.25,0.5,141.0,56,140.9,100,,,,,,,,,,,,,,,,,141.5,150,,,,,,,,,,,,,,,,,,
2026-07-04T04:03:53.457583+00:00,2026-07-04T04:03:53.457711,2,2,141.2,0.4,141.0,56,140.9,100,,,,,,,,,,,,,,,,,141.4,100,141.5,150,,,,,,,,,,,,,,,,
2026-07-04T04:03:55.206126+00:00,2026-07-04T04:03:55.205984,1,1,141.15,0.5,140.9,100,,,,,,,,,,,,,,,,,,,141.4,100,,,,,,,,,,,,,,,,,,
2026-07-04T04:03:55.259696+00:00,2026-07-04T04:03:55.259526,2,1,141.15,0.5,140.9,100,140.7,150,,,,,,,,,,,,,,,,,141.4,100,,,,,,,,,,,,,,,,,,
2026-07-04T04:03:55.312606+00:00,2026-07-04T04:03:55.312536,2,2,141.05,0.3,140.9,100,140.7,150,,,,,,,,,,,,,,,,,141.2,150,141.4,100,,,,,,,,,,,,,,,,
2026-07-04T04:03:55.796569+00:00,2026-07-04T04:03:55.796485,2,2,141.05,0.3,140.9,100,140.7,150,,,,,,,,,,,,,,,,,141.2,109,141.4,100,,,,,,,,,,,,,,,,
2026-07-04T04:03:56.429636+00:00,2026-07-04T04:03:56.429536,2,2,141.05,0.3,140.9,50,140.7,150,,,,,,,,,,,,,,,,,141.2,109,141.4,100,,,,,,,,,,,,,,,,
2026-07-04T04:03:56.511766+00:00,2026-07-04T04:03:56.511840,2,1,141.05,0.3,140.9,50,140.7,150,,,,,,,,,,,,,,,,,141.2,109,,,,,,,,,,,,,,,,,,
2026-07-04T04:03:56.517082+00:00,2026-07-04T04:03:56.516992,1,1,140.95,0.5,140.7,150,,,,,,,,,,,,,,,,,,,141.2,109,,,,,,,,,,,,,,,,,,
2026-07-04T04:03:56.571051+00:00,2026-07-04T04:03:56.571142,2,1,140.95,0.5,140.7,150,140.6,100,,,,,,,,,,,,,,,,,141.2,109,,,,,,,,,,,,,,,,,,
2026-07-04T04:03:56.622974+00:00,2026-07-04T04:03:56.622876,2,2,140.9,0.4,140.7,150,140.6,100,,,,,,,,,,,,,,,,,141.1,100,141.2,109,,,,,,,,,,,,,,,,
2026-07-04T04:03:58.372982+00:00,2026-07-04T04:03:58.372836,1,1,140.85,0.5,140.6,100,,,,,,,,,,,,,,,,,,,141.1,100,,,,,,,,,,,,,,,,,,
2026-07-04T04:03:58.428342+00:00,2026-07-04T04:03:58.428214,2,1,140.95,0.3,140.8,150,140.6,100,,,,,,,,,,,,,,,,,141.1,100,,,,,,,,,,,,,,,,,,
2026-07-04T04:03:58.495213+00:00,2026-07-04T04:03:58.495140,2,2,140.95,0.3,140.8,150,140.6,100,,,,,,,,,,,,,,,,,141.1,100,141.3,150,,,,,,,,,,,,,,,,
2026-07-04T04:03:58.500510+00:00,2026-07-04T04:03:58.500356,2,2,140.95,0.3,140.8,150,140.6,100,,,,,,,,,,,,,,,,,141.1,50,141.3,150,,,,,,,,,,,,,,,,
2026-07-04T04:03:59.671639+00:00,2026-07-04T04:03:59.671531,1,1,141.05,0.5,140.8,150,,,,,,,,,,,,,,,,,,,141.3,150,,,,,,,,,,,,,,,,,,
2026-07-04T04:03:59.726191+00:00,2026-07-04T04:03:59.726118,1,1,141.05,0.5,140.8,250,,,,,,,,,,,,,,,,,,,141.3,150,,,,,,,,,,,,,,,,,,
2026-07-04T04:03:59.782651+00:00,2026-07-04T04:03:59.782581,1,1,141.05,0.5,140.8,250,,,,,,,,,,,,,,,,,,,141.3,250,,,,,,,,,,,,,,,,,,
2026-07-04T04:04:00.603147+00:00,2026-07-04T04:04:00.603027,1,1,141.05,0.5,140.8,250,,,,,,,,,,,,,,,,,,,141.3,200,,,,,,,,,,,,,,,,,,
2026-07-04T04:04:01.364540+00:00,2026-07-04T04:04:01.364479,1,1,141.05,0.5,140.8,250,,,,,,,,,,,,,,,,,,,141.3,153,,,,,,,,,,,,,,,,,,
2026-07-04T04:04:01.422128+00:00,2026-07-04T04:04:01.421970,1,1,141.05,0.5,140.8,208,,,,,,,,,,,,,,,,,,,141.3,153,,,,,,,,,,,,,,,,,,
2026-07-04T04:04:01.545651+00:00,2026-07-04T04:04:01.545540,1,1,141.05,0.5,140.8,100,,,,,,,,,,,,,,,,,,,141.3,100,,,,,,,,,,,,,,,,,,
2026-07-04T04:04:01.601646+00:00,2026-07-04T04:04:01.601529,2,1,141.1,0.4,140.9,150,140.8,100,,,,,,,,,,,,,,,,,141.3,100,,,,,,,,,,,,,,,,,,
2026-07-04T04:04:01.664192+00:00,2026-07-04T04:04:01.654491,2,2,141.1,0.4,140.9,150,140.8,100,,,,,,,,,,,,,,,,,141.3,100,141.4,150,,,,,,,,,,,,,,,,
2026-07-04T04:04:01.916991+00:00,2026-07-04T04:04:01.916872,2,2,141.1,0.4,140.9,150,140.8,100,,,,,,,,,,,,,,,,,141.3,60,141.4,150,,,,,,,,,,,,,,,,
2026-07-04T04:04:02.428701+00:00,2026-07-04T04:04:02.428540,2,2,141.1,0.4,140.9,108,140.8,100,,,,,,,,,,,,,,,,,141.3,60,141.4,150,,,,,,,,,,,,,,,,
2026-07-04T04:04:02.730257+00:00,2026-07-04T04:04:02.730131,2,2,141.1,0.4,140.9,108,140.8,100,,,,,,,,,,,,,,,,,141.3,10,141.4,150,,,,,,,,,,,,,,,,
2026-07-04T04:04:02.836523+00:00,2026-07-04T04:04:02.836491,1,1,141.15,0.5,140.9,108,,,,,,,,,,,,,,,,,,,141.4,150,,,,,,,,,,,,,,,,,,
2026-07-04T04:04:02.893529+00:00,2026-07-04T04:04:02.893648,2,1,141.3,0.2,141.2,100,140.9,108,,,,,,,,,,,,,,,,,141.4,150,,,,,,,,,,,,,,,,,,
2026-07-04T04:04:02.903615+00:00,2026-07-04T04:04:02.897494,2,1,141.3,0.2,141.2,88,140.9,108,,,,,,,,,,,,,,,,,141.4,150,,,,,,,,,,,,,,,,,,
2026-07-04T04:04:02.946888+00:00,2026-07-04T04:04:02.946822,2,2,141.3,0.2,141.2,88,140.9,108,,,,,,,,,,,,,,,,,141.4,150,141.7,100,,,,,,,,,,,,,,,,
2026-07-04T04:04:03.435590+00:00,2026-07-04T04:04:03.435441,2,2,141.3,0.2,141.2,43,140.9,108,,,,,,,,,,,,,,,,,141.4,150,141.7,100,,,,,,,,,,,,,,,,
2026-07-04T04:04:04.709568+00:00,2026-07-04T04:04:04.709424,1,1,141.45,0.5,141.2,43,,,,,,,,,,,,,,,,,,,141.7,100,,,,,,,,,,,,,,,,,,
2026-07-04T04:04:04.764579+00:00,2026-07-04T04:04:04.764388,2,1,141.45,0.5,141.2,43,141.0,150,,,,,,,,,,,,,,,,,141.7,100,,,,,,,,,,,,,,,,,,
2026-07-04T04:04:04.812665+00:00,2026-07-04T04:04:04.812780,2,2,141.35,0.3,141.2,43,141.0,150,,,,,,,,,,,,,,,,,141.5,150,141.7,100,,,,,,,,,,,,,,,,
2026-07-04T04:04:04.838017+00:00,2026-07-04T04:04:04.837948,2,2,141.35,0.3,141.2,43,141.0,150,,,,,,,,,,,,,,,,,141.5,100,141.7,100,,,,,,,,,,,,,,,,
2026-07-04T04:04:06.000891+00:00,2026-07-04T04:04:06.000801,1,1,141.25,0.5,141.0,150,,,,,,,,,,,,,,,,,,,141.5,100,,,,,,,,,,,,,,,,,,
2026-07-04T04:04:06.058571+00:00,2026-07-04T04:04:06.055647,2,1,141.35,0.3,141.2,100,141.0,150,,,,,,,,,,,,,,,,,141.5,100,,,,,,,,,,,,,,,,,,
2026-07-04T04:04:06.108282+00:00,2026-07-04T04:04:06.108219,2,2,141.35,0.3,141.2,100,141.0,150,,,,,,,,,,,,,,,,,141.5,100,141.7,100,,,,,,,,,,,,,,,,
2026-07-04T04:04:07.024471+00:00,2026-07-04T04:04:07.024292,2,2,141.35,0.3,141.2,50,141.0,150,,,,,,,,,,,,,,,,,141.5,100,141.7,100,,,,,,,,,,,,,,,,
2026-07-04T04:04:07.150068+00:00,2026-07-04T04:04:07.150024,2,2,141.35,0.3,141.2,50,141.0,150,,,,,,,,,,,,,,,,,141.5,52,141.7,100,,,,,,,,,,,,,,,,
