recv_time,book_timestamp,n_bids,n_asks,mid,spread,bid_px_0,bid_vol_0,bid_px_1,bid_vol_1,bid_px_2,bid_vol_2,bid_px_3,bid_vol_3,bid_px_4,bid_vol_4,bid_px_5,bid_vol_5,bid_px_6,bid_vol_6,bid_px_7,bid_vol_7,bid_px_8,bid_vol_8,bid_px_9,bid_vol_9,ask_px_0,ask_vol_0,ask_px_1,ask_vol_1,ask_px_2,ask_vol_2,ask_px_3,ask_vol_3,ask_px_4,ask_vol_4,ask_px_5,ask_vol_5,ask_px_6,ask_vol_6,ask_px_7,ask_vol_7,ask_px_8,ask_vol_8,ask_px_9,ask_vol_9
2026-06-30T20:00:00.174354+00:00,2026-07-01T06:00:00.173354,2,2,72.75,0.3,72.6,100,72.4,150,,,,,,,,,,,,,,,,,72.9,105,73.1,100,,,,,,,,,,,,,,,,
2026-06-30T20:00:00.185353+00:00,2026-07-01T06:00:00.175354,2,2,72.75,0.3,72.6,100,72.4,150,,,,,,,,,,,,,,,,,72.9,115,73.1,100,,,,,,,,,,,,,,,,
2026-06-30T20:00:00.690327+00:00,2026-07-01T06:00:00.684328,2,2,72.75,0.3,72.6,100,72.4,150,,,,,,,,,,,,,,,,,72.9,115,73.1,100,,,,,,,,,,,,,,,,
2026-06-30T20:00:01.193490+00:00,2026-07-01T06:00:01.188615,2,2,72.75,0.3,72.6,100,72.4,150,,,,,,,,,,,,,,,,,72.9,105,73.1,100,,,,,,,,,,,,,,,,
2026-06-30T20:00:01.204133+00:00,2026-07-01T06:00:01.195132,2,2,72.75,0.3,72.6,100,72.4,150,,,,,,,,,,,,,,,,,72.9,115,73.1,100,,,,,,,,,,,,,,,,
2026-06-30T20:00:01.695004+00:00,2026-07-01T06:00:01.689005,2,2,72.75,0.3,72.6,100,72.4,150,,,,,,,,,,,,,,,,,72.9,65,73.1,100,,,,,,,,,,,,,,,,
2026-06-30T20:00:01.706003+00:00,2026-07-01T06:00:01.701004,2,2,72.75,0.3,72.6,100,72.4,150,,,,,,,,,,,,,,,,,72.9,65,73.1,100,,,,,,,,,,,,,,,,
2026-06-30T20:00:01.892479+00:00,2026-07-01T06:00:01.891046,2,2,72.75,0.3,72.6,100,72.4,150,,,,,,,,,,,,,,,,,72.9,10,73.1,100,,,,,,,,,,,,,,,,
2026-06-30T20:00:01.903479+00:00,2026-07-01T06:00:01.893479,1,2,72.75,0.3,72.6,100,,,,,,,,,,,,,,,,,,,72.9,10,73.1,100,,,,,,,,,,,,,,,,
2026-06-30T20:00:01.947295+00:00,2026-07-01T06:00:01.944295,2,2,72.85,0.1,72.8,150,72.6,100,,,,,,,,,,,,,,,,,72.9,10,73.1,100,,,,,,,,,,,,,,,,
2026-06-30T20:00:02.002706+00:00,2026-07-01T06:00:01.996557,2,3,72.85,0.1,72.8,150,72.6,100,,,,,,,,,,,,,,,,,72.9,10,73.1,100,73.3,150,,,,,,,,,,,,,,
2026-06-30T20:00:02.211197+00:00,2026-07-01T06:00:02.209196,2,3,72.9,0.2,72.8,150,72.6,100,,,,,,,,,,,,,,,,,73.0,10,73.1,100,73.3,150,,,,,,,,,,,,,,
2026-06-30T20:00:02.538737+00:00,2026-07-01T06:00:02.534736,2,3,72.9,0.2,72.8,103,72.6,100,,,,,,,,,,,,,,,,,73.0,10,73.1,100,73.3,150,,,,,,,,,,,,,,
2026-06-30T20:00:02.724112+00:00,2026-07-01T06:00:02.717113,2,3,72.9,0.2,72.8,103,72.6,100,,,,,,,,,,,,,,,,,73.0,10,73.1,100,73.3,150,,,,,,,,,,,,,,
2026-06-30T20:00:02.790072+00:00,2026-07-01T06:00:02.781071,1,2,72.9,0.2,72.8,103,,,,,,,,,,,,,,,,,,,73.0,10,73.3,150,,,,,,,,,,,,,,,,
2026-06-30T20:00:02.844315+00:00,2026-07-01T06:00:02.835315,1,2,72.9,0.2,72.8,203,,,,,,,,,,,,,,,,,,,73.0,10,73.3,150,,,,,,,,,,,,,,,,
2026-06-30T20:00:02.888315+00:00,2026-07-01T06:00:02.885314,1,2,72.9,0.2,72.8,203,,,,,,,,,,,,,,,,,,,73.0,10,73.3,250,,,,,,,,,,,,,,,,
2026-06-30T20:00:03.227382+00:00,2026-07-01T06:00:03.226383,1,2,73.0,0.4,72.8,203,,,,,,,,,,,,,,,,,,,73.2,10,73.3,250,,,,,,,,,,,,,,,,
2026-06-30T20:00:03.740748+00:00,2026-07-01T06:00:03.737748,1,2,73.0,0.4,72.8,203,,,,,,,,,,,,,,,,,,,73.2,10,73.3,250,,,,,,,,,,,,,,,,
2026-06-30T20:00:03.805791+00:00,2026-07-01T06:00:03.797791,1,1,73.05,0.5,72.8,203,,,,,,,,,,,,,,,,,,,73.3,210,,,,,,,,,,,,,,,,,,
2026-06-30T20:00:04.254814+00:00,2026-07-01T06:00:04.244813,1,2,73.0,0.4,72.8,203,,,,,,,,,,,,,,,,,,,73.2,10,73.3,210,,,,,,,,,,,,,,,,
2026-06-30T20:00:04.767911+00:00,2026-07-01T06:00:04.760912,1,2,73.0,0.4,72.8,203,,,,,,,,,,,,,,,,,,,73.2,10,73.3,210,,,,,,,,,,,,,,,,
2026-06-30T20:00:05.063952+00:00,2026-07-01T06:00:05.055952,1,2,73.0,0.4,72.8,100,,,,,,,,,,,,,,,,,,,73.2,10,73.3,100,,,,,,,,,,,,,,,,
2026-06-30T20:00:05.118951+00:00,2026-07-01T06:00:05.108952,2,2,73.0,0.4,72.8,100,72.6,150,,,,,,,,,,,,,,,,,73.2,10,73.3,100,,,,,,,,,,,,,,,,
2026-06-30T20:00:05.183967+00:00,2026-07-01T06:00:05.181966,2,3,72.95,0.3,72.8,100,72.6,150,,,,,,,,,,,,,,,,,73.1,150,73.2,10,73.3,100,,,,,,,,,,,,,,
2026-06-30T20:00:05.271498+00:00,2026-07-01T06:00:05.265497,2,3,72.9,0.2,72.8,100,72.6,150,,,,,,,,,,,,,,,,,73.0,10,73.1,150,73.3,100,,,,,,,,,,,,,,
2026-06-30T20:00:05.787043+00:00,2026-07-01T06:00:05.783043,2,3,72.9,0.2,72.8,100,72.6,150,,,,,,,,,,,,,,,,,73.0,10,73.1,150,73.3,100,,,,,,,,,,,,,,
2026-06-30T20:00:05.908056+00:00,2026-07-01T06:00:05.905056,2,2,72.95,0.3,72.8,100,72.6,150,,,,,,,,,,,,,,,,,73.1,110,73.3,100,,,,,,,,,,,,,,,,
2026-06-30T20:00:05.951631+00:00,2026-07-01T06:00:05.942631,1,1,72.85,0.5,72.6,150,,,,,,,,,,,,,,,,,,,73.1,110,,,,,,,,,,,,,,,,,,
2026-06-30T20:00:05.994684+00:00,2026-07-01T06:00:05.993684,2,1,72.9,0.4,72.7,100,72.6,150,,,,,,,,,,,,,,,,,73.1,110,,,,,,,,,,,,,,,,,,
2026-06-30T20:00:06.049683+00:00,2026-07-01T06:00:06.046683,2,2,72.9,0.4,72.7,100,72.6,150,,,,,,,,,,,,,,,,,73.1,110,73.2,100,,,,,,,,,,,,,,,,
2026-06-30T20:00:06.136080+00:00,2026-07-01T06:00:06.128080,2,2,72.9,0.4,72.7,53,72.6,150,,,,,,,,,,,,,,,,,73.1,110,73.2,100,,,,,,,,,,,,,,,,
2026-06-30T20:00:06.299626+00:00,2026-07-01T06:00:06.289628,2,3,72.85,0.3,72.7,53,72.6,150,,,,,,,,,,,,,,,,,73.0,10,73.1,110,73.2,100,,,,,,,,,,,,,,
2026-06-30T20:00:06.606650+00:00,2026-07-01T06:00:06.605650,2,2,72.9,0.4,72.7,53,72.6,150,,,,,,,,,,,,,,,,,73.1,78,73.2,100,,,,,,,,,,,,,,,,
2026-06-30T20:00:06.813332+00:00,2026-07-01T06:00:06.808921,2,3,72.85,0.3,72.7,53,72.6,150,,,,,,,,,,,,,,,,,73.0,10,73.1,78,73.2,100,,,,,,,,,,,,,,
2026-06-30T20:00:07.327896+00:00,2026-07-01T06:00:07.323897,2,3,72.85,0.3,72.7,53,72.6,150,,,,,,,,,,,,,,,,,73.0,10,73.1,78,73.2,100,,,,,,,,,,,,,,
2026-06-30T20:00:07.634084+00:00,2026-07-01T06:00:07.623034,1,3,72.8,0.4,72.6,150,,,,,,,,,,,,,,,,,,,73.0,10,73.1,78,73.2,100,,,,,,,,,,,,,,
2026-06-30T20:00:07.830199+00:00,2026-07-01T06:00:07.828198,1,2,72.85,0.5,72.6,150,,,,,,,,,,,,,,,,,,,73.1,78,73.2,100,,,,,,,,,,,,,,,,
2026-06-30T20:00:07.841198+00:00,2026-07-01T06:00:07.832198,1,3,72.8,0.4,72.6,150,,,,,,,,,,,,,,,,,,,73.0,10,73.1,78,73.2,100,,,,,,,,,,,,,,
2026-06-30T20:00:08.016316+00:00,2026-07-01T06:00:08.012317,1,2,72.85,0.5,72.6,150,,,,,,,,,,,,,,,,,,,73.1,78,73.2,100,,,,,,,,,,,,,,,,
2026-06-30T20:00:08.235349+00:00,2026-07-01T06:00:08.234350,1,1,72.9,0.6,72.6,150,,,,,,,,,,,,,,,,,,,73.2,100,,,,,,,,,,,,,,,,,,
2026-06-30T20:00:08.246349+00:00,2026-07-01T06:00:08.235349,0,1,,,,,,,,,,,,,,,,,,,,,,,73.2,100,,,,,,,,,,,,,,,,,,
2026-06-30T20:00:08.290348+00:00,2026-07-01T06:00:08.289347,1,1,72.95,0.5,72.7,150,,,,,,,,,,,,,,,,,,,73.2,100,,,,,,,,,,,,,,,,,,
2026-06-30T20:00:08.300864+00:00,2026-07-01T06:00:08.297865,1,1,72.95,0.5,72.7,95,,,,,,,,,,,,,,,,,,,73.2,100,,,,,,,,,,,,,,,,,,
2026-06-30T20:00:08.343940+00:00,2026-07-01T06:00:08.341940,1,2,72.9,0.4,72.7,95,,,,,,,,,,,,,,,,,,,73.1,10,73.2,250,,,,,,,,,,,,,,,,
2026-06-30T20:00:08.869030+00:00,2026-07-01T06:00:08.862030,1,1,72.95,0.5,72.7,95,,,,,,,,,,,,,,,,,,,73.2,250,,,,,,,,,,,,,,,,,,
2026-06-30T20:00:08.880031+00:00,2026-07-01T06:00:08.869030,1,2,72.9,0.4,72.7,95,,,,,,,,,,,,,,,,,,,73.1,10,73.2,250,,,,,,,,,,,,,,,,
2026-06-30T20:00:09.110469+00:00,2026-07-01T06:00:09.100452,1,2,72.9,0.4,72.7,95,,,,,,,,,,,,,,,,,,,73.1,10,73.2,150,,,,,,,,,,,,,,,,
2026-06-30T20:00:09.165463+00:00,2026-07-01T06:00:09.155463,2,2,72.9,0.4,72.7,95,72.3,100,,,,,,,,,,,,,,,,,73.1,10,73.2,150,,,,,,,,,,,,,,,,
2026-06-30T20:00:09.231463+00:00,2026-07-01T06:00:09.220463,2,3,72.75,0.1,72.7,95,72.3,100,,,,,,,,,,,,,,,,,72.8,100,73.1,10,73.2,150,,,,,,,,,,,,,,
2026-06-30T20:00:09.373490+00:00,2026-07-01T06:00:09.372489,2,2,72.75,0.1,72.7,95,72.3,100,,,,,,,,,,,,,,,,,72.8,100,73.2,150,,,,,,,,,,,,,,,,
2026-06-30T20:00:09.384490+00:00,2026-07-01T06:00:09.376490,2,2,72.75,0.1,72.7,95,72.3,100,,,,,,,,,,,,,,,,,72.8,110,73.2,150,,,,,,,,,,,,,,,,
2026-06-30T20:00:09.889544+00:00,2026-07-01T06:00:09.884544,2,2,72.75,0.1,72.7,95,72.3,100,,,,,,,,,,,,,,,,,72.8,110,73.2,150,,,,,,,,,,,,,,,,
2026-06-30T20:00:10.129578+00:00,2026-07-01T06:00:10.124578,2,2,72.75,0.1,72.7,95,72.3,100,,,,,,,,,,,,,,,,,72.8,60,73.2,150,,,,,,,,,,,,,,,,
2026-06-30T20:00:10.391180+00:00,2026-07-01T06:00:10.389180,2,2,72.75,0.1,72.7,95,72.3,100,,,,,,,,,,,,,,,,,72.8,50,73.2,150,,,,,,,,,,,,,,,,
2026-06-30T20:00:10.402180+00:00,2026-07-01T06:00:10.394180,2,2,72.75,0.1,72.7,95,72.3,100,,,,,,,,,,,,,,,,,72.8,60,73.2,150,,,,,,,,,,,,,,,,
2026-06-30T20:00:10.900031+00:00,2026-07-01T06:00:10.897032,2,2,72.75,0.1,72.7,95,72.3,100,,,,,,,,,,,,,,,,,72.8,50,73.2,150,,,,,,,,,,,,,,,,
2026-06-30T20:00:10.911032+00:00,2026-07-01T06:00:10.900031,2,2,72.75,0.1,72.7,95,72.3,100,,,,,,,,,,,,,,,,,72.8,60,73.2,150,,,,,,,,,,,,,,,,
2026-06-30T20:00:11.397793+00:00,2026-07-01T06:00:11.396265,2,1,72.75,0.1,72.7,95,72.3,100,,,,,,,,,,,,,,,,,72.8,60,,,,,,,,,,,,,,,,,,
2026-06-30T20:00:11.408310+00:00,2026-07-01T06:00:11.405309,1,1,72.55,0.5,72.3,100,,,,,,,,,,,,,,,,,,,72.8,50,,,,,,,,,,,,,,,,,,
2026-06-30T20:00:11.450857+00:00,2026-07-01T06:00:11.449342,2,1,72.6,0.4,72.4,150,72.3,100,,,,,,,,,,,,,,,,,72.8,50,,,,,,,,,,,,,,,,,,
2026-06-30T20:00:11.503927+00:00,2026-07-01T06:00:11.501408,2,2,72.6,0.4,72.4,150,72.3,100,,,,,,,,,,,,,,,,,72.8,50,72.9,150,,,,,,,,,,,,,,,,
2026-06-30T20:00:12.278637+00:00,2026-07-01T06:00:12.276637,1,1,72.65,0.5,72.4,150,,,,,,,,,,,,,,,,,,,72.9,150,,,,,,,,,,,,,,,,,,
2026-06-30T20:00:12.289636+00:00,2026-07-01T06:00:12.278637,1,1,72.65,0.5,72.4,100,,,,,,,,,,,,,,,,,,,72.9,150,,,,,,,,,,,,,,,,,,
2026-06-30T20:00:12.333637+00:00,2026-07-01T06:00:12.324638,1,1,72.65,0.5,72.4,200,,,,,,,,,,,,,,,,,,,72.9,150,,,,,,,,,,,,,,,,,,
2026-06-30T20:00:12.387184+00:00,2026-07-01T06:00:12.377668,1,1,72.65,0.5,72.4,200,,,,,,,,,,,,,,,,,,,72.9,250,,,,,,,,,,,,,,,,,,
2026-06-30T20:00:13.927935+00:00,2026-07-01T06:00:13.924935,1,1,72.65,0.5,72.4,200,,,,,,,,,,,,,,,,,,,72.9,202,,,,,,,,,,,,,,,,,,
2026-06-30T20:00:14.396636+00:00,2026-07-01T06:00:14.386635,1,1,72.65,0.5,72.4,150,,,,,,,,,,,,,,,,,,,72.9,202,,,,,,,,,,,,,,,,,,
2026-06-30T20:00:14.560708+00:00,2026-07-01T06:00:14.558709,1,1,72.65,0.5,72.4,150,,,,,,,,,,,,,,,,,,,72.9,100,,,,,,,,,,,,,,,,,,
2026-06-30T20:00:14.571710+00:00,2026-07-01T06:00:14.560708,1,1,72.65,0.5,72.4,100,,,,,,,,,,,,,,,,,,,72.9,100,,,,,,,,,,,,,,,,,,
2026-06-30T20:00:14.626229+00:00,2026-07-01T06:00:14.624229,1,1,72.65,0.5,72.4,250,,,,,,,,,,,,,,,,,,,72.9,100,,,,,,,,,,,,,,,,,,
2026-06-30T20:00:14.691744+00:00,2026-07-01T06:00:14.683745,1,1,72.65,0.5,72.4,250,,,,,,,,,,,,,,,,,,,72.9,250,,,,,,,,,,,,,,,,,,
2026-06-30T20:00:15.437913+00:00,2026-07-01T06:00:15.433913,1,1,72.65,0.5,72.4,150,,,,,,,,,,,,,,,,,,,72.9,150,,,,,,,,,,,,,,,,,,
2026-06-30T20:00:15.503815+00:00,2026-07-01T06:00:15.492815,2,1,72.7,0.4,72.5,100,72.4,150,,,,,,,,,,,,,,,,,72.9,150,,,,,,,,,,,,,,,,,,
2026-06-30T20:00:15.546672+00:00,2026-07-01T06:00:15.542671,2,2,72.7,0.4,72.5,100,72.4,150,,,,,,,,,,,,,,,,,72.9,150,73.0,100,,,,,,,,,,,,,,,,
2026-06-30T20:00:16.504548+00:00,2026-07-01T06:00:16.494027,2,2,72.7,0.4,72.5,50,72.4,150,,,,,,,,,,,,,,,,,72.9,150,73.0,100,,,,,,,,,,,,,,,,
2026-06-30T20:00:16.645561+00:00,2026-07-01T06:00:16.638560,2,2,72.7,0.4,72.5,1,72.4,150,,,,,,,,,,,,,,,,,72.9,150,73.0,100,,,,,,,,,,,,,,,,
2026-06-30T20:00:17.740669+00:00,2026-07-01T06:00:17.738670,1,1,72.75,0.5,72.5,1,,,,,,,,,,,,,,,,,,,73.0,100,,,,,,,,,,,,,,,,,,
2026-06-30T20:00:17.795661+00:00,2026-07-01T06:00:17.792661,2,1,72.75,0.5,72.5,1,72.3,150,,,,,,,,,,,,,,,,,73.0,100,,,,,,,,,,,,,,,,,,
2026-06-30T20:00:17.850271+00:00,2026-07-01T06:00:17.846272,2,2,72.65,0.3,72.5,1,72.3,150,,,,,,,,,,,,,,,,,72.8,150,73.0,100,,,,,,,,,,,,,,,,
2026-06-30T20:00:18.603005+00:00,2026-07-01T06:00:18.598004,1,1,72.55,0.5,72.3,150,,,,,,,,,,,,,,,,,,,72.8,150,,,,,,,,,,,,,,,,,,
2026-06-30T20:00:18.614018+00:00,2026-07-01T06:00:18.606006,1,1,72.55,0.5,72.3,100,,,,,,,,,,,,,,,,,,,72.8,150,,,,,,,,,,,,,,,,,,
2026-06-30T20:00:18.658017+00:00,2026-07-01T06:00:18.650016,2,1,72.55,0.5,72.3,100,72.2,100,,,,,,,,,,,,,,,,,72.8,150,,,,,,,,,,,,,,,,,,
2026-06-30T20:00:18.713017+00:00,2026-07-01T06:00:18.704016,2,2,72.5,0.4,72.3,100,72.2,100,,,,,,,,,,,,,,,,,72.7,100,72.8,150,,,,,,,,,,,,,,,,
2026-06-30T20:00:20.665691+00:00,2026-07-01T06:00:20.660691,2,2,72.5,0.4,72.3,100,72.2,100,,,,,,,,,,,,,,,,,72.7,50,72.8,150,,,,,,,,,,,,,,,,
2026-06-30T20:00:20.903467+00:00,2026-07-01T06:00:20.902467,1,1,72.45,0.5,72.2,100,,,,,,,,,,,,,,,,,,,72.7,50,,,,,,,,,,,,,,,,,,
2026-06-30T20:00:20.991581+00:00,2026-07-01T06:00:20.982582,1,1,72.45,0.5,72.2,250,,,,,,,,,,,,,,,,,,,72.7,50,,,,,,,,,,,,,,,,,,
2026-06-30T20:00:21.035101+00:00,2026-07-01T06:00:21.030581,1,1,72.45,0.5,72.2,250,,,,,,,,,,,,,,,,,,,72.7,200,,,,,,,,,,,,,,,,,,
2026-06-30T20:00:21.763562+00:00,2026-07-01T06:00:21.759562,1,1,72.45,0.5,72.2,150,,,,,,,,,,,,,,,,,,,72.7,150,,,,,,,,,,,,,,,,,,
2026-06-30T20:00:21.819042+00:00,2026-07-01T06:00:21.813042,2,1,72.5,0.4,72.3,100,72.2,150,,,,,,,,,,,,,,,,,72.7,150,,,,,,,,,,,,,,,,,,
2026-06-30T20:00:21.874053+00:00,2026-07-01T06:00:21.866054,2,2,72.5,0.4,72.3,100,72.2,150,,,,,,,,,,,,,,,,,72.7,150,72.8,100,,,,,,,,,,,,,,,,
2026-06-30T20:00:22.037702+00:00,2026-07-01T06:00:22.036702,2,2,72.5,0.4,72.3,100,72.2,150,,,,,,,,,,,,,,,,,72.7,103,72.8,100,,,,,,,,,,,,,,,,
2026-06-30T20:00:22.663100+00:00,2026-07-01T06:00:22.654101,2,2,72.5,0.4,72.3,53,72.2,150,,,,,,,,,,,,,,,,,72.7,103,72.8,100,,,,,,,,,,,,,,,,
2026-06-30T20:00:22.773159+00:00,2026-07-01T06:00:22.768159,2,2,72.5,0.4,72.3,53,72.2,150,,,,,,,,,,,,,,,,,72.7,53,72.8,100,,,,,,,,,,,,,,,,
2026-06-30T20:00:23.135202+00:00,2026-07-01T06:00:23.127706,2,2,72.5,0.4,72.3,53,72.2,150,,,,,,,,,,,,,,,,,72.7,9,72.8,100,,,,,,,,,,,,,,,,
2026-06-30T20:00:24.099454+00:00,2026-07-01T06:00:24.094463,1,1,72.55,0.5,72.3,53,,,,,,,,,,,,,,,,,,,72.8,100,,,,,,,,,,,,,,,,,,
2026-06-30T20:00:24.153669+00:00,2026-07-01T06:00:24.143455,2,1,72.75,0.1,72.7,150,72.3,53,,,,,,,,,,,,,,,,,72.8,100,,,,,,,,,,,,,,,,,,
2026-06-30T20:00:24.207280+00:00,2026-07-01T06:00:24.196850,2,2,72.75,0.1,72.7,150,72.3,53,,,,,,,,,,,,,,,,,72.8,100,73.2,150,,,,,,,,,,,,,,,,
2026-06-30T20:00:24.507888+00:00,2026-07-01T06:00:24.503892,2,2,72.75,0.1,72.7,150,72.3,53,,,,,,,,,,,,,,,,,72.8,110,73.2,150,,,,,,,,,,,,,,,,
2026-06-30T20:00:24.931131+00:00,2026-07-01T06:00:24.922131,1,2,72.75,0.1,72.7,150,,,,,,,,,,,,,,,,,,,72.8,10,73.2,150,,,,,,,,,,,,,,,,
2026-06-30T20:00:24.985371+00:00,2026-07-01T06:00:24.974855,2,2,72.75,0.1,72.7,150,72.1,100,,,,,,,,,,,,,,,,,72.8,10,73.2,150,,,,,,,,,,,,,,,,
2026-06-30T20:00:25.018371+00:00,2026-07-01T06:00:25.015370,2,2,72.9,0.4,72.7,150,72.1,100,,,,,,,,,,,,,,,,,73.1,10,73.2,150,,,,,,,,,,,,,,,,
2026-06-30T20:00:25.040205+00:00,2026-07-01T06:00:25.029211,2,2,72.9,0.4,72.7,50,72.1,100,,,,,,,,,,,,,,,,,73.1,10,73.2,150,,,,,,,,,,,,,,,,
2026-06-30T20:00:25.529643+00:00,2026-07-01T06:00:25.524653,2,2,72.9,0.4,72.7,50,72.1,100,,,,,,,,,,,,,,,,,73.1,10,73.2,150,,,,,,,,,,,,,,,,
2026-06-30T20:00:26.032071+00:00,2026-07-01T06:00:26.031071,2,1,72.95,0.5,72.7,50,72.1,100,,,,,,,,,,,,,,,,,73.2,150,,,,,,,,,,,,,,,,,,
2026-06-30T20:00:26.043071+00:00,2026-07-01T06:00:26.040071,2,2,72.9,0.4,72.7,50,72.1,100,,,,,,,,,,,,,,,,,73.1,10,73.2,150,,,,,,,,,,,,,,,,
2026-06-30T20:00:26.546278+00:00,2026-07-01T06:00:26.539277,2,2,72.9,0.4,72.7,50,72.1,100,,,,,,,,,,,,,,,,,73.1,10,73.2,150,,,,,,,,,,,,,,,,
2026-06-30T20:00:27.050689+00:00,2026-07-01T06:00:27.047689,2,2,72.9,0.4,72.7,50,72.1,100,,,,,,,,,,,,,,,,,73.1,10,73.2,150,,,,,,,,,,,,,,,,
2026-06-30T20:00:27.126704+00:00,2026-07-01T06:00:27.122705,2,2,72.9,0.4,72.7,8,72.1,100,,,,,,,,,,,,,,,,,73.1,10,73.2,150,,,,,,,,,,,,,,,,
2026-06-30T20:00:27.258718+00:00,2026-07-01T06:00:27.255719,1,1,72.6,1.0,72.1,100,,,,,,,,,,,,,,,,,,,73.1,10,,,,,,,,,,,,,,,,,,
2026-06-30T20:00:27.313717+00:00,2026-07-01T06:00:27.308718,1,1,72.6,1.0,72.1,250,,,,,,,,,,,,,,,,,,,73.1,10,,,,,,,,,,,,,,,,,,
2026-06-30T20:00:27.368092+00:00,2026-07-01T06:00:27.361080,1,2,72.35,0.5,72.1,250,,,,,,,,,,,,,,,,,,,72.6,150,73.1,10,,,,,,,,,,,,,,,,
2026-06-30T20:00:27.553704+00:00,2026-07-01T06:00:27.551704,1,1,72.35,0.5,72.1,250,,,,,,,,,,,,,,,,,,,72.6,150,,,,,,,,,,,,,,,,,,
2026-06-30T20:00:28.091820+00:00,2026-07-01T06:00:28.083819,1,1,72.35,0.5,72.1,150,,,,,,,,,,,,,,,,,,,72.6,150,,,,,,,,,,,,,,,,,,
2026-06-30T20:00:28.146831+00:00,2026-07-01T06:00:28.137830,2,1,72.5,0.2,72.4,100,72.1,150,,,,,,,,,,,,,,,,,72.6,150,,,,,,,,,,,,,,,,,,
2026-06-30T20:00:28.223830+00:00,2026-07-01T06:00:28.212830,2,2,72.5,0.2,72.4,100,72.1,150,,,,,,,,,,,,,,,,,72.6,150,72.9,100,,,,,,,,,,,,,,,,
2026-06-30T20:00:28.344369+00:00,2026-07-01T06:00:28.339368,2,2,72.5,0.2,72.4,100,72.1,150,,,,,,,,,,,,,,,,,72.6,107,72.9,100,,,,,,,,,,,,,,,,
2026-06-30T20:00:29.070944+00:00,2026-07-01T06:00:29.065945,2,2,72.5,0.2,72.4,110,72.1,150,,,,,,,,,,,,,,,,,72.6,107,72.9,100,,,,,,,,,,,,,,,,
2026-06-30T20:00:29.103944+00:00,2026-07-01T06:00:29.092944,2,2,72.5,0.2,72.4,110,72.1,150,,,,,,,,,,,,,,,,,72.6,57,72.9,100,,,,,,,,,,,,,,,,
2026-06-30T20:00:29.531881+00:00,2026-07-01T06:00:29.527881,2,2,72.5,0.2,72.4,64,72.1,150,,,,,,,,,,,,,,,,,72.6,57,72.9,100,,,,,,,,,,,,,,,,
2026-06-30T20:00:29.575007+00:00,2026-07-01T06:00:29.571007,2,2,72.5,0.2,72.4,54,72.1,150,,,,,,,,,,,,,,,,,72.6,57,72.9,100,,,,,,,,,,,,,,,,
2026-06-30T20:00:29.586005+00:00,2026-07-01T06:00:29.576007,2,2,72.5,0.2,72.4,64,72.1,150,,,,,,,,,,,,,,,,,72.6,57,72.9,100,,,,,,,,,,,,,,,,
2026-06-30T20:00:30.089596+00:00,2026-07-01T06:00:30.080596,2,2,72.5,0.2,72.4,54,72.1,150,,,,,,,,,,,,,,,,,72.6,57,72.9,100,,,,,,,,,,,,,,,,
2026-06-30T20:00:30.167075+00:00,2026-07-01T06:00:30.158076,2,2,72.5,0.2,72.4,54,72.1,150,,,,,,,,,,,,,,,,,72.6,14,72.9,100,,,,,,,,,,,,,,,,
2026-06-30T20:00:30.420106+00:00,2026-07-01T06:00:30.419106,1,1,72.65,0.5,72.4,54,,,,,,,,,,,,,,,,,,,72.9,100,,,,,,,,,,,,,,,,,,
2026-06-30T20:00:30.475117+00:00,2026-07-01T06:00:30.470118,2,1,72.8,0.2,72.7,150,72.4,54,,,,,,,,,,,,,,,,,72.9,100,,,,,,,,,,,,,,,,,,
2026-06-30T20:00:30.530121+00:00,2026-07-01T06:00:30.522121,2,2,72.8,0.2,72.7,150,72.4,54,,,,,,,,,,,,,,,,,72.9,100,73.2,150,,,,,,,,,,,,,,,,
2026-06-30T20:00:30.594577+00:00,2026-07-01T06:00:30.587577,2,2,72.8,0.2,72.7,150,72.4,54,,,,,,,,,,,,,,,,,72.9,110,73.2,150,,,,,,,,,,,,,,,,
2026-06-30T20:00:31.099192+00:00,2026-07-01T06:00:31.096192,2,2,72.8,0.2,72.7,150,72.4,54,,,,,,,,,,,,,,,,,72.9,110,73.2,150,,,,,,,,,,,,,,,,
2026-06-30T20:00:31.231209+00:00,2026-07-01T06:00:31.225209,2,2,72.8,0.2,72.7,150,72.4,54,,,,,,,,,,,,,,,,,72.9,60,73.2,150,,,,,,,,,,,,,,,,
2026-06-30T20:00:31.274736+00:00,2026-07-01T06:00:31.269737,1,2,72.8,0.2,72.7,150,,,,,,,,,,,,,,,,,,,72.9,10,73.2,150,,,,,,,,,,,,,,,,
2026-06-30T20:00:31.330221+00:00,2026-07-01T06:00:31.326221,2,2,72.8,0.2,72.7,150,72.5,100,,,,,,,,,,,,,,,,,72.9,10,73.2,150,,,,,,,,,,,,,,,,
2026-06-30T20:00:31.384748+00:00,2026-07-01T06:00:31.377747,2,3,72.8,0.2,72.7,150,72.5,100,,,,,,,,,,,,,,,,,72.9,10,73.0,100,73.2,150,,,,,,,,,,,,,,
2026-06-30T20:00:31.603801+00:00,2026-07-01T06:00:31.600801,2,2,72.85,0.3,72.7,150,72.5,100,,,,,,,,,,,,,,,,,73.0,100,73.2,150,,,,,,,,,,,,,,,,
2026-06-30T20:00:32.619840+00:00,2026-07-01T06:00:32.610839,2,2,72.85,0.3,72.7,150,72.5,100,,,,,,,,,,,,,,,,,73.0,110,73.2,150,,,,,,,,,,,,,,,,
2026-06-30T20:00:33.118686+00:00,2026-07-01T06:00:33.115169,2,2,72.85,0.3,72.7,150,72.5,100,,,,,,,,,,,,,,,,,73.0,100,73.2,150,,,,,,,,,,,,,,,,
2026-06-30T20:00:33.129200+00:00,2026-07-01T06:00:33.119224,2,2,72.85,0.3,72.7,150,72.5,100,,,,,,,,,,,,,,,,,73.0,110,73.2,150,,,,,,,,,,,,,,,,
2026-06-30T20:00:33.335303+00:00,2026-07-01T06:00:33.331302,2,2,72.85,0.3,72.7,150,72.5,100,,,,,,,,,,,,,,,,,73.0,60,73.2,150,,,,,,,,,,,,,,,,
2026-06-30T20:00:33.586035+00:00,2026-07-01T06:00:33.579017,1,1,72.75,0.5,72.5,100,,,,,,,,,,,,,,,,,,,73.0,60,,,,,,,,,,,,,,,,,,
2026-06-30T20:00:33.629512+00:00,2026-07-01T06:00:33.623512,1,1,72.75,0.5,72.5,100,,,,,,,,,,,,,,,,,,,73.0,50,,,,,,,,,,,,,,,,,,
2026-06-30T20:00:33.640512+00:00,2026-07-01T06:00:33.630512,2,1,72.85,0.3,72.7,150,72.5,100,,,,,,,,,,,,,,,,,73.0,50,,,,,,,,,,,,,,,,,,
2026-06-30T20:00:33.684523+00:00,2026-07-01T06:00:33.683523,2,2,72.85,0.3,72.7,150,72.5,100,,,,,,,,,,,,,,,,,73.0,50,73.2,150,,,,,,,,,,,,,,,,
2026-06-30T20:00:34.134092+00:00,2026-07-01T06:00:34.130092,2,2,72.85,0.3,72.7,150,72.5,100,,,,,,,,,,,,,,,,,73.0,60,73.2,150,,,,,,,,,,,,,,,,
2026-06-30T20:00:34.200582+00:00,2026-07-01T06:00:34.195583,2,2,72.85,0.3,72.7,101,72.5,100,,,,,,,,,,,,,,,,,73.0,60,73.2,150,,,,,,,,,,,,,,,,
2026-06-30T20:00:34.441606+00:00,2026-07-01T06:00:34.432607,1,2,72.85,0.3,72.7,101,,,,,,,,,,,,,,,,,,,73.0,10,73.2,150,,,,,,,,,,,,,,,,
2026-06-30T20:00:34.496049+00:00,2026-07-01T06:00:34.485134,2,2,72.85,0.3,72.7,101,72.6,100,,,,,,,,,,,,,,,,,73.0,10,73.2,150,,,,,,,,,,,,,,,,
2026-06-30T20:00:34.539565+00:00,2026-07-01T06:00:34.536565,2,3,72.85,0.3,72.7,101,72.6,100,,,,,,,,,,,,,,,,,73.0,10,73.1,100,73.2,150,,,,,,,,,,,,,,
2026-06-30T20:00:34.638638+00:00,2026-07-01T06:00:34.635639,2,2,72.9,0.4,72.7,101,72.6,100,,,,,,,,,,,,,,,,,73.1,100,73.2,150,,,,,,,,,,,,,,,,
2026-06-30T20:00:34.649638+00:00,2026-07-01T06:00:34.639639,2,3,72.85,0.3,72.7,101,72.6,100,,,,,,,,,,,,,,,,,73.0,10,73.1,100,73.2,150,,,,,,,,,,,,,,
2026-06-30T20:00:34.660639+00:00,2026-07-01T06:00:34.659640,2,3,72.85,0.3,72.7,57,72.6,100,,,,,,,,,,,,,,,,,73.0,10,73.1,100,73.2,150,,,,,,,,,,,,,,
2026-06-30T20:00:35.153693+00:00,2026-07-01T06:00:35.150694,2,3,72.85,0.3,72.7,57,72.6,100,,,,,,,,,,,,,,,,,73.0,10,73.1,100,73.2,150,,,,,,,,,,,,,,
2026-06-30T20:00:35.449623+00:00,2026-07-01T06:00:35.440622,2,2,72.9,0.4,72.7,57,72.6,100,,,,,,,,,,,,,,,,,73.1,60,73.2,150,,,,,,,,,,,,,,,,
2026-06-30T20:00:36.686847+00:00,2026-07-01T06:00:36.679847,2,3,72.85,0.3,72.7,57,72.6,100,,,,,,,,,,,,,,,,,73.0,10,73.1,60,73.2,150,,,,,,,,,,,,,,
2026-06-30T20:00:36.739910+00:00,2026-07-01T06:00:36.738393,1,2,72.8,0.4,72.6,100,,,,,,,,,,,,,,,,,,,73.0,10,73.1,60,,,,,,,,,,,,,,,,
2026-06-30T20:00:36.793941+00:00,2026-07-01T06:00:36.792941,2,2,72.8,0.4,72.6,100,72.2,150,,,,,,,,,,,,,,,,,73.0,10,73.1,60,,,,,,,,,,,,,,,,
2026-06-30T20:00:36.847488+00:00,2026-07-01T06:00:36.844488,2,3,72.65,0.1,72.6,100,72.2,150,,,,,,,,,,,,,,,,,72.7,150,73.0,10,73.1,60,,,,,,,,,,,,,,
2026-06-30T20:00:36.922552+00:00,2026-07-01T06:00:36.921552,2,3,72.65,0.1,72.6,100,72.2,150,,,,,,,,,,,,,,,,,72.7,104,73.0,10,73.1,60,,,,,,,,,,,,,,
2026-06-30T20:00:37.192843+00:00,2026-07-01T06:00:37.184843,2,2,72.65,0.1,72.6,100,72.2,150,,,,,,,,,,,,,,,,,72.7,104,73.1,60,,,,,,,,,,,,,,,,
2026-06-30T20:00:37.441484+00:00,2026-07-01T06:00:37.430484,2,2,72.65,0.1,72.6,100,72.2,150,,,,,,,,,,,,,,,,,72.7,60,73.1,60,,,,,,,,,,,,,,,,
2026-06-30T20:00:37.571548+00:00,2026-07-01T06:00:37.570548,2,2,72.65,0.1,72.6,100,72.2,150,,,,,,,,,,,,,,,,,72.7,10,73.1,60,,,,,,,,,,,,,,,,
2026-06-30T20:00:37.593548+00:00,2026-07-01T06:00:37.591548,1,1,72.45,0.5,72.2,150,,,,,,,,,,,,,,,,,,,72.7,10,,,,,,,,,,,,,,,,,,
2026-06-30T20:00:37.648560+00:00,2026-07-01T06:00:37.644559,2,1,72.65,0.1,72.6,100,72.2,150,,,,,,,,,,,,,,,,,72.7,10,,,,,,,,,,,,,,,,,,
2026-06-30T20:00:37.703559+00:00,2026-07-01T06:00:37.698560,2,2,72.65,0.1,72.6,100,72.2,150,,,,,,,,,,,,,,,,,72.7,10,73.1,100,,,,,,,,,,,,,,,,
2026-06-30T20:00:39.690830+00:00,2026-07-01T06:00:39.680832,2,1,72.85,0.5,72.6,100,72.2,150,,,,,,,,,,,,,,,,,73.1,60,,,,,,,,,,,,,,,,,,
2026-06-30T20:00:39.909870+00:00,2026-07-01T06:00:39.899871,1,1,72.85,0.5,72.6,100,,,,,,,,,,,,,,,,,,,73.1,60,,,,,,,,,,,,,,,,,,
2026-06-30T20:00:39.964298+00:00,2026-07-01T06:00:39.955297,2,1,73.0,0.2,72.9,150,72.6,100,,,,,,,,,,,,,,,,,73.1,60,,,,,,,,,,,,,,,,,,
2026-06-30T20:00:40.017843+00:00,2026-07-01T06:00:40.009329,2,2,73.0,0.2,72.9,150,72.6,100,,,,,,,,,,,,,,,,,73.1,60,73.4,150,,,,,,,,,,,,,,,,
2026-06-30T20:00:40.225863+00:00,2026-07-01T06:00:40.222863,2,2,73.0,0.2,72.9,150,72.6,100,,,,,,,,,,,,,,,,,73.1,70,73.4,150,,,,,,,,,,,,,,,,
2026-06-30T20:00:40.731388+00:00,2026-07-01T06:00:40.730388,2,2,73.0,0.2,72.9,150,72.6,100,,,,,,,,,,,,,,,,,73.1,70,73.4,150,,,,,,,,,,,,,,,,
2026-06-30T20:00:40.753388+00:00,2026-07-01T06:00:40.751388,1,2,73.0,0.2,72.9,150,,,,,,,,,,,,,,,,,,,73.1,10,73.4,150,,,,,,,,,,,,,,,,
2026-06-30T20:00:40.817919+00:00,2026-07-01T06:00:40.808405,2,2,73.0,0.2,72.9,150,72.8,100,,,,,,,,,,,,,,,,,73.1,10,73.4,150,,,,,,,,,,,,,,,,
2026-06-30T20:00:40.861920+00:00,2026-07-01T06:00:40.856920,2,3,73.0,0.2,72.9,150,72.8,100,,,,,,,,,,,,,,,,,73.1,10,73.3,100,73.4,150,,,,,,,,,,,,,,
2026-06-30T20:00:41.048434+00:00,2026-07-01T06:00:41.047433,2,3,73.0,0.2,72.9,102,72.8,100,,,,,,,,,,,,,,,,,73.1,10,73.3,100,73.4,150,,,,,,,,,,,,,,
2026-06-30T20:00:41.245963+00:00,2026-07-01T06:00:41.240964,2,3,73.05,0.3,72.9,102,72.8,100,,,,,,,,,,,,,,,,,73.2,10,73.3,100,73.4,150,,,,,,,,,,,,,,
2026-06-30T20:00:41.749348+00:00,2026-07-01T06:00:41.748348,2,3,73.05,0.3,72.9,102,72.8,100,,,,,,,,,,,,,,,,,73.2,10,73.3,100,73.4,150,,,,,,,,,,,,,,
2026-06-30T20:00:41.859535+00:00,2026-07-01T06:00:41.849536,2,3,73.05,0.3,72.9,52,72.8,100,,,,,,,,,,,,,,,,,73.2,10,73.3,100,73.4,150,,,,,,,,,,,,,,
2026-06-30T20:00:42.263134+00:00,2026-07-01T06:00:42.257134,2,3,73.05,0.3,72.9,52,72.8,100,,,,,,,,,,,,,,,,,73.2,10,73.3,100,73.4,150,,,,,,,,,,,,,,
2026-06-30T20:00:42.765226+00:00,2026-07-01T06:00:42.762225,2,2,73.1,0.4,72.9,52,72.8,100,,,,,,,,,,,,,,,,,73.3,100,73.4,150,,,,,,,,,,,,,,,,
2026-06-30T20:00:42.775688+00:00,2026-07-01T06:00:42.769688,2,3,73.05,0.3,72.9,52,72.8,100,,,,,,,,,,,,,,,,,73.2,10,73.3,100,73.4,150,,,,,,,,,,,,,,
2026-06-30T20:00:43.064452+00:00,2026-07-01T06:00:43.063453,1,2,73.0,0.4,72.8,100,,,,,,,,,,,,,,,,,,,73.2,10,73.3,100,,,,,,,,,,,,,,,,
2026-06-30T20:00:43.119708+00:00,2026-07-01T06:00:43.116710,2,2,73.0,0.4,72.8,100,72.4,150,,,,,,,,,,,,,,,,,73.2,10,73.3,100,,,,,,,,,,,,,,,,
2026-06-30T20:00:43.173751+00:00,2026-07-01T06:00:43.169751,2,3,72.85,0.1,72.8,100,72.4,150,,,,,,,,,,,,,,,,,72.9,150,73.2,10,73.3,100,,,,,,,,,,,,,,
2026-06-30T20:00:43.282719+00:00,2026-07-01T06:00:43.277717,2,2,72.85,0.1,72.8,100,72.4,150,,,,,,,,,,,,,,,,,72.9,160,73.3,100,,,,,,,,,,,,,,,,
2026-06-30T20:00:43.788281+00:00,2026-07-01T06:00:43.786281,2,2,72.85,0.1,72.8,100,72.4,150,,,,,,,,,,,,,,,,,72.9,160,73.3,100,,,,,,,,,,,,,,,,
2026-06-30T20:00:43.919796+00:00,2026-07-01T06:00:43.910795,1,1,72.65,0.5,72.4,150,,,,,,,,,,,,,,,,,,,72.9,160,,,,,,,,,,,,,,,,,,
2026-06-30T20:00:43.985795+00:00,2026-07-01T06:00:43.976795,2,1,72.8,0.2,72.7,100,72.4,100,,,,,,,,,,,,,,,,,72.9,160,,,,,,,,,,,,,,,,,,
2026-06-30T20:00:44.029806+00:00,2026-07-01T06:00:44.027806,2,2,72.8,0.2,72.7,100,72.4,100,,,,,,,,,,,,,,,,,72.9,160,73.2,100,,,,,,,,,,,,,,,,
2026-06-30T20:00:44.292839+00:00,2026-07-01T06:00:44.290838,2,2,72.8,0.2,72.7,100,72.4,100,,,,,,,,,,,,,,,,,72.9,150,73.2,100,,,,,,,,,,,,,,,,
2026-06-30T20:00:44.303839+00:00,2026-07-01T06:00:44.294837,2,2,72.8,0.2,72.7,100,72.4,100,,,,,,,,,,,,,,,,,72.9,160,73.2,100,,,,,,,,,,,,,,,,
2026-06-30T20:00:44.801622+00:00,2026-07-01T06:00:44.800621,2,2,72.8,0.2,72.7,100,72.4,100,,,,,,,,,,,,,,,,,72.9,150,73.2,100,,,,,,,,,,,,,,,,
2026-06-30T20:00:44.812622+00:00,2026-07-01T06:00:44.802621,2,2,72.8,0.2,72.7,100,72.4,100,,,,,,,,,,,,,,,,,72.9,160,73.2,100,,,,,,,,,,,,,,,,
2026-06-30T20:00:45.317413+00:00,2026-07-01T06:00:45.306412,2,2,72.8,0.2,72.7,100,72.4,100,,,,,,,,,,,,,,,,,72.9,150,73.2,100,,,,,,,,,,,,,,,,
2026-06-30T20:00:46.083590+00:00,2026-07-01T06:00:46.081590,2,2,72.8,0.2,72.7,50,72.4,100,,,,,,,,,,,,,,,,,72.9,150,73.2,100,,,,,,,,,,,,,,,,
2026-06-30T20:00:46.225588+00:00,2026-07-01T06:00:46.223588,2,1,72.95,0.5,72.7,50,72.4,100,,,,,,,,,,,,,,,,,73.2,100,,,,,,,,,,,,,,,,,,
2026-06-30T20:00:46.236587+00:00,2026-07-01T06:00:46.225588,1,1,72.95,0.5,72.7,50,,,,,,,,,,,,,,,,,,,73.2,100,,,,,,,,,,,,,,,,,,
2026-06-30T20:00:46.279618+00:00,2026-07-01T06:00:46.277618,2,1,72.95,0.5,72.7,50,72.3,150,,,,,,,,,,,,,,,,,73.2,100,,,,,,,,,,,,,,,,,,
2026-06-30T20:00:46.334628+00:00,2026-07-01T06:00:46.330628,2,2,72.75,0.1,72.7,50,72.3,150,,,,,,,,,,,,,,,,,72.8,150,73.2,100,,,,,,,,,,,,,,,,
2026-06-30T20:00:46.826674+00:00,2026-07-01T06:00:46.817675,2,2,72.75,0.1,72.7,50,72.3,150,,,,,,,,,,,,,,,,,72.8,103,73.2,100,,,,,,,,,,,,,,,,
2026-06-30T20:00:47.088177+00:00,2026-07-01T06:00:47.082662,1,1,72.55,0.5,72.3,150,,,,,,,,,,,,,,,,,,,72.8,103,,,,,,,,,,,,,,,,,,
2026-06-30T20:00:47.142194+00:00,2026-07-01T06:00:47.136193,2,1,72.7,0.2,72.6,100,72.3,150,,,,,,,,,,,,,,,,,72.8,103,,,,,,,,,,,,,,,,,,
2026-06-30T20:00:47.196763+00:00,2026-07-01T06:00:47.188764,2,2,72.7,0.2,72.6,100,72.3,150,,,,,,,,,,,,,,,,,72.8,103,73.1,100,,,,,,,,,,,,,,,,
2026-06-30T20:00:47.395215+00:00,2026-07-01T06:00:47.384216,2,2,72.7,0.2,72.6,57,72.3,150,,,,,,,,,,,,,,,,,72.8,103,73.1,100,,,,,,,,,,,,,,,,
2026-06-30T20:00:48.216275+00:00,2026-07-01T06:00:48.206275,2,2,72.7,0.2,72.6,7,72.3,150,,,,,,,,,,,,,,,,,72.8,103,73.1,100,,,,,,,,,,,,,,,,
2026-06-30T20:00:48.336845+00:00,2026-07-01T06:00:48.331845,2,2,72.7,0.2,72.6,7,72.3,150,,,,,,,,,,,,,,,,,72.8,113,73.1,100,,,,,,,,,,,,,,,,
2026-06-30T20:00:48.838884+00:00,2026-07-01T06:00:48.835883,2,2,72.7,0.2,72.6,7,72.3,150,,,,,,,,,,,,,,,,,72.8,59,73.1,100,,,,,,,,,,,,,,,,
2026-06-30T20:00:48.893884+00:00,2026-07-01T06:00:48.882883,1,2,72.55,0.5,72.3,150,,,,,,,,,,,,,,,,,,,72.8,59,73.1,100,,,,,,,,,,,,,,,,
2026-06-30T20:00:49.418741+00:00,2026-07-01T06:00:49.413254,0,1,,,,,,,,,,,,,,,,,,,,,,,73.1,100,,,,,,,,,,,,,,,,,,
2026-06-30T20:00:49.473164+00:00,2026-07-01T06:00:49.468165,1,1,72.85,0.5,72.6,150,,,,,,,,,,,,,,,,,,,73.1,100,,,,,,,,,,,,,,,,,,
2026-06-30T20:00:49.526965+00:00,2026-07-01T06:00:49.523964,1,1,72.85,0.5,72.6,150,,,,,,,,,,,,,,,,,,,73.1,250,,,,,,,,,,,,,,,,,,
2026-06-30T20:00:50.250582+00:00,2026-07-01T06:00:50.242582,1,1,72.85,0.5,72.6,150,,,,,,,,,,,,,,,,,,,73.1,150,,,,,,,,,,,,,,,,,,
2026-06-30T20:00:50.305582+00:00,2026-07-01T06:00:50.296582,2,1,72.85,0.5,72.6,150,72.4,100,,,,,,,,,,,,,,,,,73.1,150,,,,,,,,,,,,,,,,,,
2026-06-30T20:00:50.315951+00:00,2026-07-01T06:00:50.313952,2,1,72.85,0.5,72.6,100,72.4,100,,,,,,,,,,,,,,,,,73.1,150,,,,,,,,,,,,,,,,,,
2026-06-30T20:00:50.359487+00:00,2026-07-01T06:00:50.350488,2,2,72.75,0.3,72.6,100,72.4,100,,,,,,,,,,,,,,,,,72.9,100,73.1,150,,,,,,,,,,,,,,,,
2026-06-30T20:00:52.436371+00:00,2026-07-01T06:00:52.431371,2,2,72.75,0.3,72.6,50,72.4,100,,,,,,,,,,,,,,,,,72.9,100,73.1,150,,,,,,,,,,,,,,,,
2026-06-30T20:00:52.589784+00:00,2026-07-01T06:00:52.580784,1,1,72.65,0.5,72.4,100,,,,,,,,,,,,,,,,,,,72.9,100,,,,,,,,,,,,,,,,,,
2026-06-30T20:00:52.633784+00:00,2026-07-01T06:00:52.632784,2,1,72.7,0.4,72.5,150,72.4,100,,,,,,,,,,,,,,,,,72.9,100,,,,,,,,,,,,,,,,,,
2026-06-30T20:00:52.698840+00:00,2026-07-01T06:00:52.689323,2,2,72.7,0.4,72.5,150,72.4,100,,,,,,,,,,,,,,,,,72.9,100,73.0,150,,,,,,,,,,,,,,,,
2026-06-30T20:00:53.408973+00:00,2026-07-01T06:00:53.406769,1,1,72.75,0.5,72.5,150,,,,,,,,,,,,,,,,,,,73.0,150,,,,,,,,,,,,,,,,,,
2026-06-30T20:00:53.463972+00:00,2026-07-01T06:00:53.458973,2,1,72.8,0.4,72.6,100,72.5,150,,,,,,,,,,,,,,,,,73.0,150,,,,,,,,,,,,,,,,,,
2026-06-30T20:00:53.518988+00:00,2026-07-01T06:00:53.511983,2,2,72.8,0.4,72.6,100,72.5,150,,,,,,,,,,,,,,,,,73.0,150,73.1,100,,,,,,,,,,,,,,,,
2026-06-30T20:00:53.529987+00:00,2026-07-01T06:00:53.520986,2,2,72.8,0.4,72.6,54,72.5,150,,,,,,,,,,,,,,,,,73.0,150,73.1,100,,,,,,,,,,,,,,,,
2026-06-30T20:00:54.536620+00:00,2026-07-01T06:00:54.527624,2,2,72.8,0.4,72.6,4,72.5,150,,,,,,,,,,,,,,,,,73.0,150,73.1,100,,,,,,,,,,,,,,,,
2026-06-30T20:00:55.741799+00:00,2026-07-01T06:00:55.740799,2,1,72.85,0.5,72.6,4,72.5,150,,,,,,,,,,,,,,,,,73.1,100,,,,,,,,,,,,,,,,,,
2026-06-30T20:00:55.752798+00:00,2026-07-01T06:00:55.741799,1,1,72.85,0.5,72.6,4,,,,,,,,,,,,,,,,,,,73.1,100,,,,,,,,,,,,,,,,,,
2026-06-30T20:00:55.796798+00:00,2026-07-01T06:00:55.794798,2,1,72.85,0.5,72.6,4,72.5,150,,,,,,,,,,,,,,,,,73.1,100,,,,,,,,,,,,,,,,,,
2026-06-30T20:00:55.852278+00:00,2026-07-01T06:00:55.846277,2,2,72.8,0.4,72.6,4,72.5,150,,,,,,,,,,,,,,,,,73.0,150,73.1,100,,,,,,,,,,,,,,,,
2026-06-30T20:00:56.573183+00:00,2026-07-01T06:00:56.567183,1,1,72.75,0.5,72.5,150,,,,,,,,,,,,,,,,,,,73.0,150,,,,,,,,,,,,,,,,,,
2026-06-30T20:00:56.628031+00:00,2026-07-01T06:00:56.621031,2,1,72.75,0.5,72.5,150,72.3,100,,,,,,,,,,,,,,,,,73.0,150,,,,,,,,,,,,,,,,,,
2026-06-30T20:00:56.639384+00:00,2026-07-01T06:00:56.635031,2,1,72.75,0.5,72.5,100,72.3,100,,,,,,,,,,,,,,,,,73.0,150,,,,,,,,,,,,,,,,,,
2026-06-30T20:00:56.683384+00:00,2026-07-01T06:00:56.673384,2,2,72.65,0.3,72.5,100,72.3,100,,,,,,,,,,,,,,,,,72.8,100,73.0,150,,,,,,,,,,,,,,,,
2026-06-30T20:00:58.748298+00:00,2026-07-01T06:00:58.740298,2,2,72.65,0.3,72.5,50,72.3,100,,,,,,,,,,,,,,,,,72.8,100,73.0,150,,,,,,,,,,,,,,,,
2026-06-30T20:00:58.911309+00:00,2026-07-01T06:00:58.902309,1,1,72.55,0.5,72.3,100,,,,,,,,,,,,,,,,,,,72.8,100,,,,,,,,,,,,,,,,,,
2026-06-30T20:00:58.966310+00:00,2026-07-01T06:00:58.956309,2,1,72.55,0.5,72.3,100,72.0,150,,,,,,,,,,,,,,,,,72.8,100,,,,,,,,,,,,,,,,,,
2026-06-30T20:00:59.009846+00:00,2026-07-01T06:00:59.007846,2,2,72.4,0.2,72.3,100,72.0,150,,,,,,,,,,,,,,,,,72.5,150,72.8,100,,,,,,,,,,,,,,,,
2026-06-30T20:00:59.435369+00:00,2026-07-01T06:00:59.434368,2,2,72.4,0.2,72.3,110,72.0,150,,,,,,,,,,,,,,,,,72.5,150,72.8,100,,,,,,,,,,,,,,,,
2026-06-30T20:00:59.741349+00:00,2026-07-01T06:00:59.739349,2,1,72.4,0.2,72.3,10,72.0,150,,,,,,,,,,,,,,,,,72.5,105,,,,,,,,,,,,,,,,,,
2026-06-30T20:00:59.796347+00:00,2026-07-01T06:00:59.788348,3,1,72.4,0.2,72.3,10,72.2,100,72.0,150,,,,,,,,,,,,,,,72.5,105,,,,,,,,,,,,,,,,,,
2026-06-30T20:00:59.851978+00:00,2026-07-01T06:00:59.840978,3,2,72.4,0.2,72.3,10,72.2,100,72.0,150,,,,,,,,,,,,,,,72.5,105,72.7,100,,,,,,,,,,,,,,,,
2026-06-30T20:00:59.939992+00:00,2026-07-01T06:00:59.938992,2,2,72.35,0.3,72.2,100,72.0,150,,,,,,,,,,,,,,,,,72.5,105,72.7,100,,,,,,,,,,,,,,,,
2026-06-30T20:00:59.950993+00:00,2026-07-01T06:00:59.942992,2,2,72.35,0.3,72.2,110,72.0,150,,,,,,,,,,,,,,,,,72.5,105,72.7,100,,,,,,,,,,,,,,,,
2026-06-30T20:01:00.246746+00:00,2026-07-01T06:01:00.242746,2,2,72.35,0.3,72.2,70,72.0,150,,,,,,,,,,,,,,,,,72.5,105,72.7,100,,,,,,,,,,,,,,,,
2026-06-30T20:01:00.453356+00:00,2026-07-01T06:01:00.452356,2,2,72.35,0.3,72.2,70,72.0,150,,,,,,,,,,,,,,,,,72.5,105,72.7,100,,,,,,,,,,,,,,,,
2026-06-30T20:01:00.858356+00:00,2026-07-01T06:01:00.847355,2,2,72.35,0.3,72.2,20,72.0,150,,,,,,,,,,,,,,,,,72.5,105,72.7,100,,,,,,,,,,,,,,,,
2026-06-30T20:01:00.989386+00:00,2026-07-01T06:01:00.985387,2,2,72.35,0.3,72.2,20,72.0,150,,,,,,,,,,,,,,,,,72.5,105,72.7,100,,,,,,,,,,,,,,,,
2026-06-30T20:01:01.487543+00:00,2026-07-01T06:01:01.484543,2,2,72.35,0.3,72.2,10,72.0,150,,,,,,,,,,,,,,,,,72.5,105,72.7,100,,,,,,,,,,,,,,,,
2026-06-30T20:01:01.498543+00:00,2026-07-01T06:01:01.487543,2,2,72.35,0.3,72.2,20,72.0,150,,,,,,,,,,,,,,,,,72.5,105,72.7,100,,,,,,,,,,,,,,,,
2026-06-30T20:01:01.997646+00:00,2026-07-01T06:01:01.995646,2,2,72.35,0.3,72.2,20,72.0,150,,,,,,,,,,,,,,,,,72.5,105,72.7,100,,,,,,,,,,,,,,,,
2026-06-30T20:01:02.063140+00:00,2026-07-01T06:01:02.062140,1,1,72.45,0.5,72.2,20,,,,,,,,,,,,,,,,,,,72.7,100,,,,,,,,,,,,,,,,,,
2026-06-30T20:01:02.140063+00:00,2026-07-01T06:01:02.133151,1,1,72.45,0.5,72.2,170,,,,,,,,,,,,,,,,,,,72.7,100,,,,,,,,,,,,,,,,,,
2026-06-30T20:01:02.195060+00:00,2026-07-01T06:01:02.184060,1,1,72.45,0.5,72.2,170,,,,,,,,,,,,,,,,,,,72.7,250,,,,,,,,,,,,,,,,,,
2026-06-30T20:01:02.503108+00:00,2026-07-01T06:01:02.500109,1,1,72.45,0.5,72.2,160,,,,,,,,,,,,,,,,,,,72.7,250,,,,,,,,,,,,,,,,,,
2026-06-30T20:01:02.513621+00:00,2026-07-01T06:01:02.505107,2,1,72.5,0.4,72.3,10,72.2,160,,,,,,,,,,,,,,,,,72.7,250,,,,,,,,,,,,,,,,,,
2026-06-30T20:01:02.898681+00:00,2026-07-01T06:01:02.895681,2,1,72.5,0.4,72.3,10,72.2,150,,,,,,,,,,,,,,,,,72.7,150,,,,,,,,,,,,,,,,,,
2026-06-30T20:01:02.953159+00:00,2026-07-01T06:01:02.948158,3,1,72.5,0.4,72.3,10,72.2,150,71.9,100,,,,,,,,,,,,,,,72.7,150,,,,,,,,,,,,,,,,,,
2026-06-30T20:01:02.964159+00:00,2026-07-01T06:01:02.953159,2,1,72.45,0.5,72.2,150,71.9,100,,,,,,,,,,,,,,,,,72.7,150,,,,,,,,,,,,,,,,,,
2026-06-30T20:01:03.008159+00:00,2026-07-01T06:01:03.001160,2,2,72.3,0.2,72.2,150,71.9,100,,,,,,,,,,,,,,,,,72.4,100,72.7,150,,,,,,,,,,,,,,,,
2026-06-30T20:01:03.019171+00:00,2026-07-01T06:01:03.011171,2,2,72.3,0.2,72.2,160,71.9,100,,,,,,,,,,,,,,,,,72.4,100,72.7,150,,,,,,,,,,,,,,,,
2026-06-30T20:01:03.522229+00:00,2026-07-01T06:01:03.521228,2,2,72.3,0.2,72.2,150,71.9,100,,,,,,,,,,,,,,,,,72.4,100,72.7,150,,,,,,,,,,,,,,,,
2026-06-30T20:01:03.533228+00:00,2026-07-01T06:01:03.526228,2,2,72.3,0.2,72.2,160,71.9,100,,,,,,,,,,,,,,,,,72.4,100,72.7,150,,,,,,,,,,,,,,,,
2026-06-30T20:01:04.036293+00:00,2026-07-01T06:01:04.032293,2,2,72.3,0.2,72.2,160,71.9,100,,,,,,,,,,,,,,,,,72.4,100,72.7,150,,,,,,,,,,,,,,,,
2026-06-30T20:01:04.264893+00:00,2026-07-01T06:01:04.254894,2,2,72.3,0.2,72.2,160,71.9,100,,,,,,,,,,,,,,,,,72.4,54,72.7,150,,,,,,,,,,,,,,,,
2026-06-30T20:01:04.548028+00:00,2026-07-01T06:01:04.541028,2,2,72.3,0.2,72.2,160,71.9,100,,,,,,,,,,,,,,,,,72.4,54,72.7,150,,,,,,,,,,,,,,,,
2026-06-30T20:01:05.050316+00:00,2026-07-01T06:01:05.049800,2,2,72.3,0.2,72.2,150,71.9,100,,,,,,,,,,,,,,,,,72.4,54,72.7,150,,,,,,,,,,,,,,,,
2026-06-30T20:01:05.061105+00:00,2026-07-01T06:01:05.061105,2,2,72.3,0.2,72.2,110,71.9,100,,,,,,,,,,,,,,,,,72.4,54,72.7,150,,,,,,,,,,,,,,,,
2026-06-30T20:01:05.246867+00:00,2026-07-01T06:01:05.239867,2,1,72.3,0.2,72.2,10,71.9,100,,,,,,,,,,,,,,,,,72.4,54,,,,,,,,,,,,,,,,,,
2026-06-30T20:01:05.301881+00:00,2026-07-01T06:01:05.298880,2,0,,,72.2,10,71.9,250,,,,,,,,,,,,,,,,,,,,,,,,,,,,,,,,,,,,
2026-06-30T20:01:05.345879+00:00,2026-07-01T06:01:05.343880,2,1,72.3,0.2,72.2,10,71.9,250,,,,,,,,,,,,,,,,,72.4,150,,,,,,,,,,,,,,,,,,
2026-06-30T20:01:05.367879+00:00,2026-07-01T06:01:05.365880,2,1,72.3,0.2,72.2,10,71.9,250,,,,,,,,,,,,,,,,,72.4,79,,,,,,,,,,,,,,,,,,
2026-06-30T20:01:05.563952+00:00,2026-07-01T06:01:05.557952,1,1,72.15,0.5,71.9,250,,,,,,,,,,,,,,,,,,,72.4,79,,,,,,,,,,,,,,,,,,
2026-06-30T20:01:05.705869+00:00,2026-07-01T06:01:05.698870,1,1,72.15,0.5,71.9,250,,,,,,,,,,,,,,,,,,,72.4,38,,,,,,,,,,,,,,,,,,
2026-06-30T20:01:05.826097+00:00,2026-07-01T06:01:05.820097,1,0,,,71.9,250,,,,,,,,,,,,,,,,,,,,,,,,,,,,,,,,,,,,,,
2026-06-30T20:01:06.066060+00:00,2026-07-01T06:01:06.055060,1,0,,,71.9,150,,,,,,,,,,,,,,,,,,,,,,,,,,,,,,,,,,,,,,
2026-06-30T20:01:06.109459+00:00,2026-07-01T06:01:06.108459,2,0,,,72.2,100,71.9,150,,,,,,,,,,,,,,,,,,,,,,,,,,,,,,,,,,,,
2026-06-30T20:01:06.163495+00:00,2026-07-01T06:01:06.161495,2,1,72.45,0.5,72.2,100,71.9,150,,,,,,,,,,,,,,,,,72.7,100,,,,,,,,,,,,,,,,,,
2026-06-30T20:01:06.338063+00:00,2026-07-01T06:01:06.331064,2,1,72.45,0.5,72.2,60,71.9,150,,,,,,,,,,,,,,,,,72.7,100,,,,,,,,,,,,,,,,,,
2026-06-30T20:01:07.170033+00:00,2026-07-01T06:01:07.165021,2,1,72.45,0.5,72.2,10,71.9,150,,,,,,,,,,,,,,,,,72.7,100,,,,,,,,,,,,,,,,,,
2026-06-30T20:01:08.275307+00:00,2026-07-01T06:01:08.273306,1,1,72.3,0.8,71.9,150,,,,,,,,,,,,,,,,,,,72.7,100,,,,,,,,,,,,,,,,,,
2026-06-30T20:01:08.407196+00:00,2026-07-01T06:01:08.398197,0,1,,,,,,,,,,,,,,,,,,,,,,,72.7,100,,,,,,,,,,,,,,,,,,
2026-06-30T20:01:08.461408+00:00,2026-07-01T06:01:08.450887,1,1,72.65,0.1,72.6,150,,,,,,,,,,,,,,,,,,,72.7,100,,,,,,,,,,,,,,,,,,
2026-06-30T20:01:08.505407+00:00,2026-07-01T06:01:08.503408,1,2,72.65,0.1,72.6,150,,,,,,,,,,,,,,,,,,,72.7,100,73.1,150,,,,,,,,,,,,,,,,
2026-06-30T20:01:09.226454+00:00,2026-07-01T06:01:09.216454,1,1,72.85,0.5,72.6,150,,,,,,,,,,,,,,,,,,,73.1,150,,,,,,,,,,,,,,,,,,
2026-06-30T20:01:09.270454+00:00,2026-07-01T06:01:09.269454,2,1,72.85,0.5,72.6,150,71.9,100,,,,,,,,,,,,,,,,,73.1,150,,,,,,,,,,,,,,,,,,
2026-06-30T20:01:09.280972+00:00,2026-07-01T06:01:09.278454,2,1,72.85,0.5,72.6,100,71.9,100,,,,,,,,,,,,,,,,,73.1,150,,,,,,,,,,,,,,,,,,
2026-06-30T20:01:09.324486+00:00,2026-07-01T06:01:09.323486,1,1,72.5,1.2,71.9,100,,,,,,,,,,,,,,,,,,,73.1,150,,,,,,,,,,,,,,,,,,
2026-06-30T20:01:11.388841+00:00,2026-07-01T06:01:11.380841,1,1,72.5,1.2,71.9,50,,,,,,,,,,,,,,,,,,,73.1,150,,,,,,,,,,,,,,,,,,
2026-06-30T20:01:11.563756+00:00,2026-07-01T06:01:11.556755,1,0,,,71.9,50,,,,,,,,,,,,,,,,,,,,,,,,,,,,,,,,,,,,,,
2026-06-30T20:01:11.618241+00:00,2026-07-01T06:01:11.611243,2,0,,,72.0,150,71.9,50,,,,,,,,,,,,,,,,,,,,,,,,,,,,,,,,,,,,
2026-06-30T20:01:11.673250+00:00,2026-07-01T06:01:11.664250,2,1,72.25,0.5,72.0,150,71.9,50,,,,,,,,,,,,,,,,,72.5,150,,,,,,,,,,,,,,,,,,
2026-06-30T20:01:12.164752+00:00,2026-07-01T06:01:12.153752,3,1,72.3,0.4,72.1,10,72.0,150,71.9,50,,,,,,,,,,,,,,,72.5,150,,,,,,,,,,,,,,,,,,
2026-06-30T20:01:12.383074+00:00,2026-07-01T06:01:12.377074,2,1,72.3,0.4,72.1,10,72.0,150,,,,,,,,,,,,,,,,,72.5,150,,,,,,,,,,,,,,,,,,
2026-06-30T20:01:12.458621+00:00,2026-07-01T06:01:12.450105,2,1,72.3,0.4,72.1,10,72.0,250,,,,,,,,,,,,,,,,,72.5,150,,,,,,,,,,,,,,,,,,
2026-06-30T20:01:12.479651+00:00,2026-07-01T06:01:12.472136,2,1,72.3,0.4,72.1,10,72.0,250,,,,,,,,,,,,,,,,,72.5,108,,,,,,,,,,,,,,,,,,
2026-06-30T20:01:12.511238+00:00,2026-07-01T06:01:12.501720,2,1,72.3,0.4,72.1,10,72.0,250,,,,,,,,,,,,,,,,,72.5,208,,,,,,,,,,,,,,,,,,
2026-06-30T20:01:12.663728+00:00,2026-07-01T06:01:12.661730,2,1,72.3,0.4,72.1,10,72.0,250,,,,,,,,,,,,,,,,,72.5,208,,,,,,,,,,,,,,,,,,
2026-06-30T20:01:13.174859+00:00,2026-07-01T06:01:13.168858,2,1,72.3,0.4,72.1,10,72.0,250,,,,,,,,,,,,,,,,,72.5,208,,,,,,,,,,,,,,,,,,
2026-06-30T20:01:13.500279+00:00,2026-07-01T06:01:13.491279,1,1,72.25,0.5,72.0,210,,,,,,,,,,,,,,,,,,,72.5,208,,,,,,,,,,,,,,,,,,
2026-06-30T20:01:13.687015+00:00,2026-07-01T06:01:13.676016,2,1,72.3,0.4,72.1,10,72.0,210,,,,,,,,,,,,,,,,,72.5,208,,,,,,,,,,,,,,,,,,
2026-06-30T20:01:14.189204+00:00,2026-07-01T06:01:14.188205,2,1,72.3,0.4,72.1,10,72.0,210,,,,,,,,,,,,,,,,,72.5,208,,,,,,,,,,,,,,,,,,
2026-06-30T20:01:14.701610+00:00,2026-07-01T06:01:14.701610,1,1,72.25,0.5,72.0,210,,,,,,,,,,,,,,,,,,,72.5,208,,,,,,,,,,,,,,,,,,
2026-06-30T20:01:14.712129+00:00,2026-07-01T06:01:14.702608,2,1,72.3,0.4,72.1,10,72.0,210,,,,,,,,,,,,,,,,,72.5,208,,,,,,,,,,,,,,,,,,
2026-06-30T20:01:14.723125+00:00,2026-07-01T06:01:14.720125,2,1,72.3,0.4,72.1,10,72.0,100,,,,,,,,,,,,,,,,,72.5,100,,,,,,,,,,,,,,,,,,
2026-06-30T20:01:14.778126+00:00,2026-07-01T06:01:14.773126,2,1,72.3,0.4,72.1,160,72.0,100,,,,,,,,,,,,,,,,,72.5,100,,,,,,,,,,,,,,,,,,
2026-06-30T20:01:14.832163+00:00,2026-07-01T06:01:14.825642,2,2,72.3,0.4,72.1,160,72.0,100,,,,,,,,,,,,,,,,,72.5,100,72.6,150,,,,,,,,,,,,,,,,
2026-06-30T20:01:15.213538+00:00,2026-07-01T06:01:15.208539,3,2,72.35,0.3,72.2,10,72.1,150,72.0,100,,,,,,,,,,,,,,,72.5,100,72.6,150,,,,,,,,,,,,,,,,
2026-06-30T20:01:15.562825+00:00,2026-07-01T06:01:15.559825,2,1,72.4,0.4,72.2,10,72.1,150,,,,,,,,,,,,,,,,,72.6,150,,,,,,,,,,,,,,,,,,
2026-06-30T20:01:15.606825+00:00,2026-07-01T06:01:15.603825,1,1,72.35,0.5,72.1,110,,,,,,,,,,,,,,,,,,,72.6,150,,,,,,,,,,,,,,,,,,
2026-06-30T20:01:15.617825+00:00,2026-07-01T06:01:15.614825,1,1,72.35,0.5,72.1,210,,,,,,,,,,,,,,,,,,,72.6,150,,,,,,,,,,,,,,,,,,
2026-06-30T20:01:15.672343+00:00,2026-07-01T06:01:15.664343,1,1,72.35,0.5,72.1,210,,,,,,,,,,,,,,,,,,,72.6,250,,,,,,,,,,,,,,,,,,
2026-06-30T20:01:15.726860+00:00,2026-07-01T06:01:15.717860,2,1,72.4,0.4,72.2,10,72.1,210,,,,,,,,,,,,,,,,,72.6,250,,,,,,,,,,,,,,,,,,
2026-06-30T20:01:16.044699+00:00,2026-07-01T06:01:16.039697,1,1,72.35,0.5,72.1,173,,,,,,,,,,,,,,,,,,,72.6,250,,,,,,,,,,,,,,,,,,
2026-06-30T20:01:17.509441+00:00,2026-07-01T06:01:17.500442,1,1,72.35,0.5,72.1,173,,,,,,,,,,,,,,,,,,,72.6,205,,,,,,,,,,,,,,,,,,
2026-06-30T20:01:17.717511+00:00,2026-07-01T06:01:17.709511,1,1,72.35,0.5,72.1,123,,,,,,,,,,,,,,,,,,,72.6,205,,,,,,,,,,,,,,,,,,
2026-06-30T20:01:17.914077+00:00,2026-07-01T06:01:17.905077,1,1,72.35,0.5,72.1,100,,,,,,,,,,,,,,,,,,,72.6,100,,,,,,,,,,,,,,,,,,
2026-06-30T20:01:17.969076+00:00,2026-07-01T06:01:17.959077,2,1,72.35,0.5,72.1,100,71.5,150,,,,,,,,,,,,,,,,,72.6,100,,,,,,,,,,,,,,,,,,
2026-06-30T20:01:18.023593+00:00,2026-07-01T06:01:18.021593,1,2,71.75,0.5,71.5,150,,,,,,,,,,,,,,,,,,,72.0,13,72.6,100,,,,,,,,,,,,,,,,
2026-06-30T20:01:18.263556+00:00,2026-07-01T06:01:18.256556,2,2,71.8,0.4,71.6,10,71.5,150,,,,,,,,,,,,,,,,,72.0,13,72.6,100,,,,,,,,,,,,,,,,
2026-06-30T20:01:18.721813+00:00,2026-07-01T06:01:18.718813,2,1,71.8,0.4,71.6,10,71.5,150,,,,,,,,,,,,,,,,,72.0,13,,,,,,,,,,,,,,,,,,
2026-06-30T20:01:18.765813+00:00,2026-07-01T06:01:18.764813,2,1,71.8,0.4,71.6,10,71.5,150,,,,,,,,,,,,,,,,,72.0,13,,,,,,,,,,,,,,,,,,
2026-06-30T20:01:18.776813+00:00,2026-07-01T06:01:18.771813,2,1,71.8,0.4,71.6,110,71.5,150,,,,,,,,,,,,,,,,,72.0,13,,,,,,,,,,,,,,,,,,
2026-06-30T20:01:18.830846+00:00,2026-07-01T06:01:18.824846,2,2,71.8,0.4,71.6,110,71.5,150,,,,,,,,,,,,,,,,,72.0,13,72.1,100,,,,,,,,,,,,,,,,
2026-06-30T20:01:19.277007+00:00,2026-07-01T06:01:19.274007,3,2,71.85,0.3,71.7,10,71.6,100,71.5,150,,,,,,,,,,,,,,,72.0,13,72.1,100,,,,,,,,,,,,,,,,
2026-06-30T20:01:19.484590+00:00,2026-07-01T06:01:19.480578,2,2,71.8,0.4,71.6,67,71.5,150,,,,,,,,,,,,,,,,,72.0,13,72.1,100,,,,,,,,,,,,,,,,
2026-06-30T20:01:19.767090+00:00,2026-07-01T06:01:19.766090,2,1,71.85,0.5,71.6,67,71.5,150,,,,,,,,,,,,,,,,,72.1,63,,,,,,,,,,,,,,,,,,
2026-06-30T20:01:19.789090+00:00,2026-07-01T06:01:19.783090,3,1,71.9,0.4,71.7,10,71.6,67,71.5,150,,,,,,,,,,,,,,,72.1,63,,,,,,,,,,,,,,,,,,
2026-06-30T20:01:20.314724+00:00,2026-07-01T06:01:20.311724,2,1,71.85,0.5,71.6,67,71.5,150,,,,,,,,,,,,,,,,,72.1,63,,,,,,,,,,,,,,,,,,
2026-06-30T20:01:20.325723+00:00,2026-07-01T06:01:20.316723,3,1,71.9,0.4,71.7,10,71.6,67,71.5,150,,,,,,,,,,,,,,,72.1,63,,,,,,,,,,,,,,,,,,
2026-06-30T20:01:20.829384+00:00,2026-07-01T06:01:20.824384,3,1,71.9,0.4,71.7,10,71.6,67,71.5,150,,,,,,,,,,,,,,,72.1,63,,,,,,,,,,,,,,,,,,
2026-06-30T20:01:21.069406+00:00,2026-07-01T06:01:21.067407,2,1,71.9,0.4,71.7,10,71.6,67,,,,,,,,,,,,,,,,,72.1,63,,,,,,,,,,,,,,,,,,
2026-06-30T20:01:21.122974+00:00,2026-07-01T06:01:21.120973,3,0,,,72.4,87,71.7,10,71.6,67,,,,,,,,,,,,,,,,,,,,,,,,,,,,,,,,,,
2026-06-30T20:01:21.177985+00:00,2026-07-01T06:01:21.174985,3,1,72.65,0.5,72.4,87,71.7,10,71.6,67,,,,,,,,,,,,,,,72.9,150,,,,,,,,,,,,,,,,,,
2026-06-30T20:01:21.331599+00:00,2026-07-01T06:01:21.327787,2,1,72.65,0.5,72.4,87,71.6,67,,,,,,,,,,,,,,,,,72.9,150,,,,,,,,,,,,,,,,,,
2026-06-30T20:01:21.878408+00:00,2026-07-01T06:01:21.877407,1,1,72.65,0.5,72.4,87,,,,,,,,,,,,,,,,,,,72.9,150,,,,,,,,,,,,,,,,,,
2026-06-30T20:01:21.932544+00:00,2026-07-01T06:01:21.931280,2,1,72.65,0.5,72.4,37,72.1,100,,,,,,,,,,,,,,,,,72.9,150,,,,,,,,,,,,,,,,,,
2026-06-30T20:01:21.987065+00:00,2026-07-01T06:01:21.983067,2,2,72.5,0.2,72.4,37,72.1,100,,,,,,,,,,,,,,,,,72.6,100,72.9,150,,,,,,,,,,,,,,,,
2026-06-30T20:01:22.338448+00:00,2026-07-01T06:01:22.337447,2,2,72.5,0.2,72.4,47,72.1,100,,,,,,,,,,,,,,,,,72.6,100,72.9,150,,,,,,,,,,,,,,,,
2026-06-30T20:01:22.675617+00:00,2026-07-01T06:01:22.671618,2,2,72.5,0.2,72.4,5,72.1,100,,,,,,,,,,,,,,,,,72.6,100,72.9,150,,,,,,,,,,,,,,,,
2026-06-30T20:01:22.849149+00:00,2026-07-01T06:01:22.842149,1,2,72.35,0.5,72.1,100,,,,,,,,,,,,,,,,,,,72.6,100,72.9,150,,,,,,,,,,,,,,,,
2026-06-30T20:01:23.874142+00:00,2026-07-01T06:01:23.869143,2,2,72.4,0.4,72.2,10,72.1,100,,,,,,,,,,,,,,,,,72.6,100,72.9,150,,,,,,,,,,,,,,,,
2026-06-30T20:01:23.984142+00:00,2026-07-01T06:01:23.981142,2,2,72.4,0.4,72.2,10,72.1,100,,,,,,,,,,,,,,,,,72.6,50,72.9,150,,,,,,,,,,,,,,,,
2026-06-30T20:01:24.235205+00:00,2026-07-01T06:01:24.229204,2,1,72.4,0.4,72.2,10,72.1,100,,,,,,,,,,,,,,,,,72.6,50,,,,,,,,,,,,,,,,,,
2026-06-30T20:01:24.288751+00:00,2026-07-01T06:01:24.283752,3,1,72.4,0.4,72.2,10,72.1,100,71.6,150,,,,,,,,,,,,,,,72.6,50,,,,,,,,,,,,,,,,,,
2026-06-30T20:01:24.342785+00:00,2026-07-01T06:01:24.340268,1,2,71.85,0.5,71.6,150,,,,,,,,,,,,,,,,,,,72.1,40,72.6,50,,,,,,,,,,,,,,,,
2026-06-30T20:01:24.385337+00:00,2026-07-01T06:01:24.376338,2,2,71.9,0.4,71.7,10,71.6,150,,,,,,,,,,,,,,,,,72.1,40,72.6,50,,,,,,,,,,,,,,,,
2026-06-30T20:01:24.893688+00:00,2026-07-01T06:01:24.890688,2,2,71.9,0.4,71.7,10,71.6,150,,,,,,,,,,,,,,,,,72.1,40,72.6,50,,,,,,,,,,,,,,,,
2026-06-30T20:01:25.044821+00:00,2026-07-01T06:01:25.037821,2,1,71.9,0.4,71.7,10,71.6,150,,,,,,,,,,,,,,,,,72.1,40,,,,,,,,,,,,,,,,,,
2026-06-30T20:01:25.097888+00:00,2026-07-01T06:01:25.090371,2,1,71.9,0.4,71.7,110,71.6,150,,,,,,,,,,,,,,,,,72.1,40,,,,,,,,,,,,,,,,,,
2026-06-30T20:01:25.171497+00:00,2026-07-01T06:01:25.170497,2,2,71.9,0.4,71.7,110,71.6,150,,,,,,,,,,,,,,,,,72.1,40,72.2,100,,,,,,,,,,,,,,,,
2026-06-30T20:01:25.400027+00:00,2026-07-01T06:01:25.399027,3,2,71.95,0.3,71.8,10,71.7,100,71.6,150,,,,,,,,,,,,,,,72.1,40,72.2,100,,,,,,,,,,,,,,,,
2026-06-30T20:01:25.914921+00:00,2026-07-01T06:01:25.907921,3,2,71.95,0.3,71.8,10,71.7,100,71.6,150,,,,,,,,,,,,,,,72.1,40,72.2,100,,,,,,,,,,,,,,,,
2026-06-30T20:01:26.101113+00:00,2026-07-01T06:01:26.092113,3,1,72.0,0.4,71.8,10,71.7,100,71.6,150,,,,,,,,,,,,,,,72.2,90,,,,,,,,,,,,,,,,,,
2026-06-30T20:01:26.429507+00:00,2026-07-01T06:01:26.421507,2,1,71.95,0.5,71.7,100,71.6,150,,,,,,,,,,,,,,,,,72.2,90,,,,,,,,,,,,,,,,,,
2026-06-30T20:01:26.451520+00:00,2026-07-01T06:01:26.447519,3,1,72.0,0.4,71.8,10,71.7,100,71.6,150,,,,,,,,,,,,,,,72.2,90,,,,,,,,,,,,,,,,,,
2026-06-30T20:01:26.953342+00:00,2026-07-01T06:01:26.951815,2,1,71.95,0.5,71.7,100,71.6,150,,,,,,,,,,,,,,,,,72.2,90,,,,,,,,,,,,,,,,,,
2026-06-30T20:01:26.963883+00:00,2026-07-01T06:01:26.955338,3,1,72.0,0.4,71.8,10,71.7,100,71.6,150,,,,,,,,,,,,,,,72.2,90,,,,,,,,,,,,,,,,,,
2026-06-30T20:01:27.401079+00:00,2026-07-01T06:01:27.394080,2,1,72.0,0.4,71.8,10,71.7,100,,,,,,,,,,,,,,,,,72.2,90,,,,,,,,,,,,,,,,,,
2026-06-30T20:01:27.465906+00:00,2026-07-01T06:01:27.459907,2,0,,,72.3,60,71.7,100,,,,,,,,,,,,,,,,,,,,,,,,,,,,,,,,,,,,
2026-06-30T20:01:27.509906+00:00,2026-07-01T06:01:27.501907,2,1,72.55,0.5,72.3,60,71.7,100,,,,,,,,,,,,,,,,,72.8,150,,,,,,,,,,,,,,,,,,
2026-06-30T20:01:27.970810+00:00,2026-07-01T06:01:27.966810,2,2,72.5,0.4,72.3,60,71.7,100,,,,,,,,,,,,,,,,,72.7,5,72.8,150,,,,,,,,,,,,,,,,
2026-06-30T20:01:28.223045+00:00,2026-07-01T06:01:28.221857,1,1,72.55,0.5,72.3,60,,,,,,,,,,,,,,,,,,,72.8,105,,,,,,,,,,,,,,,,,,
2026-06-30T20:01:28.278041+00:00,2026-07-01T06:01:28.274045,2,1,72.55,0.5,72.3,60,72.1,100,,,,,,,,,,,,,,,,,72.8,105,,,,,,,,,,,,,,,,,,
2026-06-30T20:01:28.332612+00:00,2026-07-01T06:01:28.327042,2,2,72.45,0.3,72.3,60,72.1,100,,,,,,,,,,,,,,,,,72.6,100,72.8,105,,,,,,,,,,,,,,,,
2026-06-30T20:01:28.988504+00:00,2026-07-01T06:01:28.982504,2,3,72.4,0.2,72.3,60,72.1,100,,,,,,,,,,,,,,,,,72.5,10,72.6,100,72.8,105,,,,,,,,,,,,,,
2026-06-30T20:01:29.493022+00:00,2026-07-01T06:01:29.491004,2,3,72.4,0.2,72.3,60,72.1,100,,,,,,,,,,,,,,,,,72.5,10,72.6,100,72.8,105,,,,,,,,,,,,,,
2026-06-30T20:01:30.017450+00:00,2026-07-01T06:01:30.013450,2,2,72.45,0.3,72.3,60,72.1,100,,,,,,,,,,,,,,,,,72.6,100,72.8,105,,,,,,,,,,,,,,,,
2026-06-30T20:01:30.028332+00:00,2026-07-01T06:01:30.018449,2,3,72.4,0.2,72.3,60,72.1,100,,,,,,,,,,,,,,,,,72.5,10,72.6,100,72.8,105,,,,,,,,,,,,,,
2026-06-30T20:01:30.324240+00:00,2026-07-01T06:01:30.323241,2,2,72.45,0.3,72.3,60,72.1,100,,,,,,,,,,,,,,,,,72.6,60,72.8,105,,,,,,,,,,,,,,,,
2026-06-30T20:01:30.563314+00:00,2026-07-01T06:01:30.557291,1,1,72.35,0.5,72.1,100,,,,,,,,,,,,,,,,,,,72.6,60,,,,,,,,,,,,,,,,,,
2026-06-30T20:01:30.627832+00:00,2026-07-01T06:01:30.621367,1,1,72.35,0.5,72.1,250,,,,,,,,,,,,,,,,,,,72.6,60,,,,,,,,,,,,,,,,,,
2026-06-30T20:01:30.671346+00:00,2026-07-01T06:01:30.668346,1,1,72.35,0.5,72.1,250,,,,,,,,,,,,,,,,,,,72.6,210,,,,,,,,,,,,,,,,,,
2026-06-30T20:01:30.726373+00:00,2026-07-01T06:01:30.725373,1,1,72.35,0.5,72.1,250,,,,,,,,,,,,,,,,,,,72.6,169,,,,,,,,,,,,,,,,,,
2026-06-30T20:01:31.235865+00:00,2026-07-01T06:01:31.233150,1,1,72.35,0.5,72.1,250,,,,,,,,,,,,,,,,,,,72.6,122,,,,,,,,,,,,,,,,,,
2026-06-30T20:01:31.387791+00:00,2026-07-01T06:01:31.381791,1,1,72.35,0.5,72.1,150,,,,,,,,,,,,,,,,,,,72.6,122,,,,,,,,,,,,,,,,,,
2026-06-30T20:01:31.440370+00:00,2026-07-01T06:01:31.433854,2,1,72.45,0.3,72.3,100,72.1,150,,,,,,,,,,,,,,,,,72.6,122,,,,,,,,,,,,,,,,,,
2026-06-30T20:01:31.494886+00:00,2026-07-01T06:01:31.486886,2,2,72.45,0.3,72.3,100,72.1,150,,,,,,,,,,,,,,,,,72.6,122,72.8,100,,,,,,,,,,,,,,,,
2026-06-30T20:01:32.433566+00:00,2026-07-01T06:01:32.430566,2,2,72.45,0.3,72.3,100,72.1,150,,,,,,,,,,,,,,,,,72.6,72,72.8,100,,,,,,,,,,,,,,,,
2026-06-30T20:01:33.068153+00:00,2026-07-01T06:01:33.061153,3,2,72.5,0.2,72.4,10,72.3,100,72.1,150,,,,,,,,,,,,,,,72.6,72,72.8,100,,,,,,,,,,,,,,,,
2026-06-30T20:01:33.570755+00:00,2026-07-01T06:01:33.565721,3,2,72.5,0.2,72.4,10,72.3,100,72.1,150,,,,,,,,,,,,,,,72.6,72,72.8,100,,,,,,,,,,,,,,,,
2026-06-30T20:01:33.723862+00:00,2026-07-01T06:01:33.723064,2,1,72.6,0.4,72.4,10,72.3,100,,,,,,,,,,,,,,,,,72.8,100,,,,,,,,,,,,,,,,,,
2026-06-30T20:01:33.778860+00:00,2026-07-01T06:01:33.773861,3,1,72.65,0.3,72.5,150,72.4,10,72.3,100,,,,,,,,,,,,,,,72.8,100,,,,,,,,,,,,,,,,,,
2026-06-30T20:01:33.833390+00:00,2026-07-01T06:01:33.826378,3,2,72.65,0.3,72.5,150,72.4,10,72.3,100,,,,,,,,,,,,,,,72.8,100,73.0,150,,,,,,,,,,,,,,,,
2026-06-30T20:01:33.854908+00:00,2026-07-01T06:01:33.846908,3,2,72.65,0.3,72.5,101,72.4,10,72.3,100,,,,,,,,,,,,,,,72.8,100,73.0,150,,,,,,,,,,,,,,,,
2026-06-30T20:01:34.073537+00:00,2026-07-01T06:01:34.070524,2,2,72.65,0.3,72.5,101,72.3,100,,,,,,,,,,,,,,,,,72.8,100,73.0,150,,,,,,,,,,,,,,,,
2026-06-30T20:01:34.545094+00:00,2026-07-01T06:01:34.542093,1,1,72.75,0.5,72.5,101,,,,,,,,,,,,,,,,,,,73.0,150,,,,,,,,,,,,,,,,,,
2026-06-30T20:01:34.578094+00:00,2026-07-01T06:01:34.577093,1,2,72.7,0.4,72.5,101,,,,,,,,,,,,,,,,,,,72.9,10,73.0,150,,,,,,,,,,,,,,,,
2026-06-30T20:01:34.600094+00:00,2026-07-01T06:01:34.595094,2,2,72.7,0.4,72.5,101,72.4,100,,,,,,,,,,,,,,,,,72.9,10,73.0,150,,,,,,,,,,,,,,,,
2026-06-30T20:01:34.654969+00:00,2026-07-01T06:01:34.648969,2,2,72.7,0.4,72.5,101,72.4,100,,,,,,,,,,,,,,,,,72.9,110,73.0,150,,,,,,,,,,,,,,,,
2026-06-30T20:01:35.082181+00:00,2026-07-01T06:01:35.081180,2,2,72.7,0.4,72.5,101,72.4,100,,,,,,,,,,,,,,,,,72.9,100,73.0,150,,,,,,,,,,,,,,,,
2026-06-30T20:01:35.092846+00:00,2026-07-01T06:01:35.084846,2,3,72.65,0.3,72.5,101,72.4,100,,,,,,,,,,,,,,,,,72.8,10,72.9,100,73.0,150,,,,,,,,,,,,,,
2026-06-30T20:01:35.597154+00:00,2026-07-01T06:01:35.593154,2,3,72.65,0.3,72.5,101,72.4,100,,,,,,,,,,,,,,,,,72.8,10,72.9,100,73.0,150,,,,,,,,,,,,,,
2026-06-30T20:01:35.750075+00:00,2026-07-01T06:01:35.744076,2,3,72.65,0.3,72.5,53,72.4,100,,,,,,,,,,,,,,,,,72.8,10,72.9,100,73.0,150,,,,,,,,,,,,,,
2026-06-30T20:01:36.111941+00:00,2026-07-01T06:01:36.106941,2,2,72.7,0.4,72.5,53,72.4,100,,,,,,,,,,,,,,,,,72.9,100,73.0,150,,,,,,,,,,,,,,,,
2026-06-30T20:01:36.144644+00:00,2026-07-01T06:01:36.137128,2,3,72.65,0.3,72.5,53,72.4,100,,,,,,,,,,,,,,,,,72.8,10,72.9,100,73.0,150,,,,,,,,,,,,,,
2026-06-30T20:01:36.649355+00:00,2026-07-01T06:01:36.645355,2,3,72.65,0.3,72.5,53,72.4,100,,,,,,,,,,,,,,,,,72.8,10,72.9,100,73.0,150,,,,,,,,,,,,,,
2026-06-30T20:01:36.703711+00:00,2026-07-01T06:01:36.701694,2,3,72.65,0.3,72.5,3,72.4,100,,,,,,,,,,,,,,,,,72.8,10,72.9,100,73.0,150,,,,,,,,,,,,,,
2026-06-30T20:01:36.889269+00:00,2026-07-01T06:01:36.881269,1,2,72.6,0.4,72.4,100,,,,,,,,,,,,,,,,,,,72.8,10,72.9,100,,,,,,,,,,,,,,,,
2026-06-30T20:01:36.943329+00:00,2026-07-01T06:01:36.934793,2,2,72.6,0.4,72.4,100,71.6,150,,,,,,,,,,,,,,,,,72.8,10,72.9,100,,,,,,,,,,,,,,,,
2026-06-30T20:01:36.998403+00:00,2026-07-01T06:01:36.990404,1,3,71.85,0.5,71.6,150,,,,,,,,,,,,,,,,,,,72.1,50,72.8,10,72.9,100,,,,,,,,,,,,,,
2026-06-30T20:01:37.151924+00:00,2026-07-01T06:01:37.148924,1,2,71.85,0.5,71.6,150,,,,,,,,,,,,,,,,,,,72.1,50,72.9,100,,,,,,,,,,,,,,,,
2026-06-30T20:01:37.162924+00:00,2026-07-01T06:01:37.152924,2,2,71.9,0.4,71.7,10,71.6,150,,,,,,,,,,,,,,,,,72.1,50,72.9,100,,,,,,,,,,,,,,,,
2026-06-30T20:01:37.402820+00:00,2026-07-01T06:01:37.393819,2,2,71.9,0.4,71.7,10,71.6,150,,,,,,,,,,,,,,,,,72.1,2,72.9,100,,,,,,,,,,,,,,,,
2026-06-30T20:01:37.664500+00:00,2026-07-01T06:01:37.661980,2,2,71.9,0.4,71.7,10,71.6,150,,,,,,,,,,,,,,,,,72.1,2,72.9,100,,,,,,,,,,,,,,,,
2026-06-30T20:01:37.708012+00:00,2026-07-01T06:01:37.703013,2,1,71.9,0.4,71.7,10,71.6,150,,,,,,,,,,,,,,,,,72.1,2,,,,,,,,,,,,,,,,,,
2026-06-30T20:01:37.763013+00:00,2026-07-01T06:01:37.753013,3,1,72.0,0.2,71.9,100,71.7,10,71.6,150,,,,,,,,,,,,,,,72.1,2,,,,,,,,,,,,,,,,,,
2026-06-30T20:01:37.818014+00:00,2026-07-01T06:01:37.807014,3,2,72.0,0.2,71.9,100,71.7,10,71.6,150,,,,,,,,,,,,,,,72.1,2,72.4,100,,,,,,,,,,,,,,,,
2026-06-30T20:01:38.177160+00:00,2026-07-01T06:01:38.171160,2,2,72.0,0.2,71.9,110,71.6,150,,,,,,,,,,,,,,,,,72.1,2,72.4,100,,,,,,,,,,,,,,,,
2026-06-30T20:01:38.680135+00:00,2026-07-01T06:01:38.679135,2,2,72.0,0.2,71.9,110,71.6,150,,,,,,,,,,,,,,,,,72.1,2,72.4,100,,,,,,,,,,,,,,,,
2026-06-30T20:01:38.811618+00:00,2026-07-01T06:01:38.806617,2,2,72.0,0.2,71.9,60,71.6,150,,,,,,,,,,,,,,,,,72.1,2,72.4,100,,,,,,,,,,,,,,,,
2026-06-30T20:01:39.184652+00:00,2026-07-01T06:01:39.183132,2,2,72.0,0.2,71.9,50,71.6,150,,,,,,,,,,,,,,,,,72.1,2,72.4,100,,,,,,,,,,,,,,,,
2026-06-30T20:01:39.195650+00:00,2026-07-01T06:01:39.186650,2,2,72.0,0.2,71.9,60,71.6,150,,,,,,,,,,,,,,,,,72.1,2,72.4,100,,,,,,,,,,,,,,,,
2026-06-30T20:01:39.700741+00:00,2026-07-01T06:01:39.694742,2,2,72.0,0.2,71.9,60,71.6,150,,,,,,,,,,,,,,,,,72.1,2,72.4,100,,,,,,,,,,,,,,,,
2026-06-30T20:01:40.051779+00:00,2026-07-01T06:01:40.045780,1,1,72.15,0.5,71.9,60,,,,,,,,,,,,,,,,,,,72.4,100,,,,,,,,,,,,,,,,,,
2026-06-30T20:01:40.073678+00:00,2026-07-01T06:01:40.063682,1,1,72.15,0.5,71.9,60,,,,,,,,,,,,,,,,,,,72.4,54,,,,,,,,,,,,,,,,,,
2026-06-30T20:01:40.106792+00:00,2026-07-01T06:01:40.099792,2,1,72.35,0.1,72.3,150,71.9,60,,,,,,,,,,,,,,,,,72.4,54,,,,,,,,,,,,,,,,,,
2026-06-30T20:01:40.161792+00:00,2026-07-01T06:01:40.153792,2,2,72.35,0.1,72.3,150,71.9,60,,,,,,,,,,,,,,,,,72.4,54,72.8,150,,,,,,,,,,,,,,,,
2026-06-30T20:01:40.204802+00:00,2026-07-01T06:01:40.201906,2,2,72.35,0.1,72.3,150,71.9,50,,,,,,,,,,,,,,,,,72.4,54,72.8,150,,,,,,,,,,,,,,,,
2026-06-30T20:01:40.707857+00:00,2026-07-01T06:01:40.706857,2,2,72.35,0.1,72.3,150,71.9,50,,,,,,,,,,,,,,,,,72.4,64,72.8,150,,,,,,,,,,,,,,,,
2026-06-30T20:01:40.872398+00:00,2026-07-01T06:01:40.864398,1,2,72.35,0.1,72.3,150,,,,,,,,,,,,,,,,,,,72.4,10,72.8,150,,,,,,,,,,,,,,,,
2026-06-30T20:01:40.938891+00:00,2026-07-01T06:01:40.933892,2,2,72.35,0.1,72.3,100,71.8,100,,,,,,,,,,,,,,,,,72.4,10,72.8,150,,,,,,,,,,,,,,,,
2026-06-30T20:01:40.993903+00:00,2026-07-01T06:01:40.985903,1,2,72.1,0.6,71.8,100,,,,,,,,,,,,,,,,,,,72.4,10,72.8,150,,,,,,,,,,,,,,,,
2026-06-30T20:01:41.212433+00:00,2026-07-01T06:01:41.212433,1,1,72.3,1.0,71.8,100,,,,,,,,,,,,,,,,,,,72.8,150,,,,,,,,,,,,,,,,,,
2026-06-30T20:01:43.206787+00:00,2026-07-01T06:01:43.204788,1,0,,,71.8,100,,,,,,,,,,,,,,,,,,,,,,,,,,,,,,,,,,,,,,
2026-06-30T20:01:43.261788+00:00,2026-07-01T06:01:43.258788,2,0,,,71.8,100,71.5,150,,,,,,,,,,,,,,,,,,,,,,,,,,,,,,,,,,,,
2026-06-30T20:01:43.316199+00:00,2026-07-01T06:01:43.312200,2,1,71.9,0.2,71.8,100,71.5,150,,,,,,,,,,,,,,,,,72.0,150,,,,,,,,,,,,,,,,,,
2026-06-30T20:01:43.753229+00:00,2026-07-01T06:01:43.744352,2,1,71.9,0.2,71.8,110,71.5,150,,,,,,,,,,,,,,,,,72.0,150,,,,,,,,,,,,,,,,,,
2026-06-30T20:01:44.042064+00:00,2026-07-01T06:01:44.037064,2,1,71.9,0.2,71.8,10,71.5,150,,,,,,,,,,,,,,,,,72.0,150,,,,,,,,,,,,,,,,,,
2026-06-30T20:01:44.096095+00:00,2026-07-01T06:01:44.093095,2,1,71.9,0.2,71.8,10,71.5,150,,,,,,,,,,,,,,,,,72.0,50,,,,,,,,,,,,,,,,,,
2026-06-30T20:01:44.150138+00:00,2026-07-01T06:01:44.145137,2,2,71.9,0.2,71.8,10,71.5,150,,,,,,,,,,,,,,,,,72.0,50,72.7,100,,,,,,,,,,,,,,,,
2026-06-30T20:01:44.258204+00:00,2026-07-01T06:01:44.252204,2,2,71.8,0.4,71.6,10,71.5,150,,,,,,,,,,,,,,,,,72.0,50,72.7,100,,,,,,,,,,,,,,,,
2026-06-30T20:01:44.764962+00:00,2026-07-01T06:01:44.760435,2,2,71.8,0.4,71.6,10,71.5,150,,,,,,,,,,,,,,,,,72.0,50,72.7,100,,,,,,,,,,,,,,,,
2026-06-30T20:01:45.094420+00:00,2026-07-01T06:01:45.087419,2,1,72.15,1.1,71.6,10,71.5,150,,,,,,,,,,,,,,,,,72.7,100,,,,,,,,,,,,,,,,,,
2026-06-30T20:01:45.269639+00:00,2026-07-01T06:01:45.264638,1,1,72.1,1.2,71.5,150,,,,,,,,,,,,,,,,,,,72.7,100,,,,,,,,,,,,,,,,,,
2026-06-30T20:01:46.396668+00:00,2026-07-01T06:01:46.386667,0,1,,,,,,,,,,,,,,,,,,,,,,,72.7,100,,,,,,,,,,,,,,,,,,
2026-06-30T20:01:46.451193+00:00,2026-07-01T06:01:46.440666,1,1,72.55,0.3,72.4,150,,,,,,,,,,,,,,,,,,,72.7,100,,,,,,,,,,,,,,,,,,
2026-06-30T20:01:46.494754+00:00,2026-07-01T06:01:46.494174,1,2,72.55,0.3,72.4,150,,,,,,,,,,,,,,,,,,,72.7,100,72.9,150,,,,,,,,,,,,,,,,
2026-06-30T20:01:47.206669+00:00,2026-07-01T06:01:47.198669,1,1,72.65,0.5,72.4,150,,,,,,,,,,,,,,,,,,,72.9,150,,,,,,,,,,,,,,,,,,
2026-06-30T20:01:47.261670+00:00,2026-07-01T06:01:47.251669,2,1,72.65,0.5,72.4,150,72.1,100,,,,,,,,,,,,,,,,,72.9,150,,,,,,,,,,,,,,,,,,
2026-06-30T20:01:47.305692+00:00,2026-07-01T06:01:47.299681,2,2,72.6,0.4,72.4,150,72.1,100,,,,,,,,,,,,,,,,,72.8,10,72.9,150,,,,,,,,,,,,,,,,
2026-06-30T20:01:47.316691+00:00,2026-07-01T06:01:47.305692,2,3,72.5,0.2,72.4,150,72.1,100,,,,,,,,,,,,,,,,,72.6,100,72.8,10,72.9,150,,,,,,,,,,,,,,
2026-06-30T20:01:47.809740+00:00,2026-07-01T06:01:47.807741,2,2,72.5,0.2,72.4,150,72.1,100,,,,,,,,,,,,,,,,,72.6,110,72.9,150,,,,,,,,,,,,,,,,
2026-06-30T20:01:48.326817+00:00,2026-07-01T06:01:48.317817,2,2,72.5,0.2,72.4,150,72.1,100,,,,,,,,,,,,,,,,,72.6,110,72.9,150,,,,,,,,,,,,,,,,
2026-06-30T20:01:48.830776+00:00,2026-07-01T06:01:48.819774,2,2,72.5,0.2,72.4,150,72.1,100,,,,,,,,,,,,,,,,,72.6,100,72.9,150,,,,,,,,,,,,,,,,
2026-06-30T20:01:49.355445+00:00,2026-07-01T06:01:49.348845,2,2,72.5,0.2,72.4,100,72.1,100,,,,,,,,,,,,,,,,,72.6,100,72.9,150,,,,,,,,,,,,,,,,
2026-06-30T20:01:49.451963+00:00,2026-07-01T06:01:49.447963,2,2,72.5,0.2,72.4,55,72.1,100,,,,,,,,,,,,,,,,,72.6,100,72.9,150,,,,,,,,,,,,,,,,
2026-06-30T20:01:49.559744+00:00,2026-07-01T06:01:49.550731,1,1,72.35,0.5,72.1,100,,,,,,,,,,,,,,,,,,,72.6,100,,,,,,,,,,,,,,,,,,
2026-06-30T20:01:49.614315+00:00,2026-07-01T06:01:49.603799,1,1,72.35,0.5,72.1,250,,,,,,,,,,,,,,,,,,,72.6,100,,,,,,,,,,,,,,,,,,
2026-06-30T20:01:49.657184+00:00,2026-07-01T06:01:49.656184,1,1,72.35,0.5,72.1,250,,,,,,,,,,,,,,,,,,,72.6,250,,,,,,,,,,,,,,,,,,
2026-06-30T20:01:50.364794+00:00,2026-07-01T06:01:50.359793,1,1,72.35,0.5,72.1,150,,,,,,,,,,,,,,,,,,,72.6,150,,,,,,,,,,,,,,,,,,
2026-06-30T20:01:50.420071+00:00,2026-07-01T06:01:50.413072,1,1,72.35,0.5,72.1,250,,,,,,,,,,,,,,,,,,,72.6,150,,,,,,,,,,,,,,,,,,
2026-06-30T20:01:50.474587+00:00,2026-07-01T06:01:50.466587,1,1,72.35,0.5,72.1,250,,,,,,,,,,,,,,,,,,,72.6,250,,,,,,,,,,,,,,,,,,
2026-06-30T20:01:51.405681+00:00,2026-07-01T06:01:51.404681,1,1,72.35,0.5,72.1,250,,,,,,,,,,,,,,,,,,,72.6,200,,,,,,,,,,,,,,,,,,
2026-06-30T20:01:51.668175+00:00,2026-07-01T06:01:51.663175,1,1,72.35,0.5,72.1,250,,,,,,,,,,,,,,,,,,,72.6,154,,,,,,,,,,,,,,,,,,
2026-06-30T20:01:52.717362+00:00,2026-07-01T06:01:52.712362,1,1,72.35,0.5,72.1,100,,,,,,,,,,,,,,,,,,,72.6,100,,,,,,,,,,,,,,,,,,
2026-06-30T20:01:52.772362+00:00,2026-07-01T06:01:52.765361,2,1,72.55,0.1,72.5,150,72.1,100,,,,,,,,,,,,,,,,,72.6,100,,,,,,,,,,,,,,,,,,
2026-06-30T20:01:52.826891+00:00,2026-07-01T06:01:52.818373,2,2,72.55,0.1,72.5,150,72.1,100,,,,,,,,,,,,,,,,,72.6,100,73.0,150,,,,,,,,,,,,,,,,
2026-06-30T20:01:53.372408+00:00,2026-07-01T06:01:53.365407,2,2,72.55,0.1,72.5,150,72.1,100,,,,,,,,,,,,,,,,,72.6,110,73.0,150,,,,,,,,,,,,,,,,
2026-06-30T20:01:53.526010+00:00,2026-07-01T06:01:53.524010,1,2,72.55,0.1,72.5,150,,,,,,,,,,,,,,,,,,,72.6,10,73.0,150,,,,,,,,,,,,,,,,
2026-06-30T20:01:53.568557+00:00,2026-07-01T06:01:53.562556,1,2,72.55,0.1,72.5,100,,,,,,,,,,,,,,,,,,,72.6,10,73.0,150,,,,,,,,,,,,,,,,
2026-06-30T20:01:53.579557+00:00,2026-07-01T06:01:53.574556,2,2,72.55,0.1,72.5,100,72.1,100,,,,,,,,,,,,,,,,,72.6,10,73.0,150,,,,,,,,,,,,,,,,
2026-06-30T20:01:53.634177+00:00,2026-07-01T06:01:53.628179,2,2,72.55,0.1,72.5,100,72.1,100,,,,,,,,,,,,,,,,,72.6,110,73.0,150,,,,,,,,,,,,,,,,
2026-06-30T20:01:53.872109+00:00,2026-07-01T06:01:53.870109,2,2,72.55,0.1,72.5,100,72.1,100,,,,,,,,,,,,,,,,,72.6,100,73.0,150,,,,,,,,,,,,,,,,
2026-06-30T20:01:53.883110+00:00,2026-07-01T06:01:53.873110,2,2,72.55,0.1,72.5,100,72.1,100,,,,,,,,,,,,,,,,,72.6,110,73.0,150,,,,,,,,,,,,,,,,
2026-06-30T20:01:54.380116+00:00,2026-07-01T06:01:54.378116,2,2,72.55,0.1,72.5,100,72.1,100,,,,,,,,,,,,,,,,,72.6,100,73.0,150,,,,,,,,,,,,,,,,
2026-06-30T20:01:54.391115+00:00,2026-07-01T06:01:54.383115,2,2,72.55,0.1,72.5,100,72.1,100,,,,,,,,,,,,,,,,,72.6,110,73.0,150,,,,,,,,,,,,,,,,
2026-06-30T20:01:54.894864+00:00,2026-07-01T06:01:54.890865,2,2,72.55,0.1,72.5,100,72.1,100,,,,,,,,,,,,,,,,,72.6,110,73.0,150,,,,,,,,,,,,,,,,
2026-06-30T20:01:55.399995+00:00,2026-07-01T06:01:55.395995,2,2,72.55,0.1,72.5,100,72.1,100,,,,,,,,,,,,,,,,,72.6,100,73.0,150,,,,,,,,,,,,,,,,
2026-06-30T20:01:55.410995+00:00,2026-07-01T06:01:55.400995,2,2,72.55,0.1,72.5,110,72.1,100,,,,,,,,,,,,,,,,,72.6,100,73.0,150,,,,,,,,,,,,,,,,
2026-06-30T20:01:55.520409+00:00,2026-07-01T06:01:55.510408,2,2,72.55,0.1,72.5,110,72.1,100,,,,,,,,,,,,,,,,,72.6,59,73.0,150,,,,,,,,,,,,,,,,
2026-06-30T20:01:55.575279+00:00,2026-07-01T06:01:55.564073,2,2,72.55,0.1,72.5,69,72.1,100,,,,,,,,,,,,,,,,,72.6,59,73.0,150,,,,,,,,,,,,,,,,
2026-06-30T20:01:55.673811+00:00,2026-07-01T06:01:55.670811,2,2,72.55,0.1,72.5,19,72.1,100,,,,,,,,,,,,,,,,,72.6,59,73.0,150,,,,,,,,,,,,,,,,
2026-06-30T20:01:55.881993+00:00,2026-07-01T06:01:55.874992,2,1,72.55,0.1,72.5,10,72.1,100,,,,,,,,,,,,,,,,,72.6,59,,,,,,,,,,,,,,,,,,
2026-06-30T20:01:55.903993+00:00,2026-07-01T06:01:55.903993,1,1,72.35,0.5,72.1,100,,,,,,,,,,,,,,,,,,,72.6,59,,,,,,,,,,,,,,,,,,
2026-06-30T20:01:55.914509+00:00,2026-07-01T06:01:55.908508,2,1,72.4,0.4,72.2,10,72.1,100,,,,,,,,,,,,,,,,,72.6,59,,,,,,,,,,,,,,,,,,
2026-06-30T20:01:55.936663+00:00,2026-07-01T06:01:55.926720,3,1,72.4,0.4,72.2,10,72.1,100,72.0,150,,,,,,,,,,,,,,,72.6,59,,,,,,,,,,,,,,,,,,
2026-06-30T20:01:55.980232+00:00,2026-07-01T06:01:55.979232,3,2,72.35,0.3,72.2,10,72.1,100,72.0,150,,,,,,,,,,,,,,,72.5,150,72.6,59,,,,,,,,,,,,,,,,
2026-06-30T20:01:56.166436+00:00,2026-07-01T06:01:56.157421,2,2,72.3,0.4,72.1,67,72.0,150,,,,,,,,,,,,,,,,,72.5,150,72.6,59,,,,,,,,,,,,,,,,
2026-06-30T20:01:56.415430+00:00,2026-07-01T06:01:56.413429,3,2,72.35,0.3,72.2,10,72.1,67,72.0,150,,,,,,,,,,,,,,,72.5,150,72.6,59,,,,,,,,,,,,,,,,
2026-06-30T20:01:56.699494+00:00,2026-07-01T06:01:56.693493,2,1,72.35,0.3,72.2,10,72.0,150,,,,,,,,,,,,,,,,,72.5,150,,,,,,,,,,,,,,,,,,
2026-06-30T20:01:56.754503+00:00,2026-07-01T06:01:56.744494,2,1,72.35,0.3,72.2,110,72.0,150,,,,,,,,,,,,,,,,,72.5,150,,,,,,,,,,,,,,,,,,
2026-06-30T20:01:56.808547+00:00,2026-07-01T06:01:56.800548,2,2,72.35,0.3,72.2,110,72.0,150,,,,,,,,,,,,,,,,,72.5,150,72.7,100,,,,,,,,,,,,,,,,
2026-06-30T20:01:56.928581+00:00,2026-07-01T06:01:56.927581,2,2,72.35,0.3,72.2,110,72.0,150,,,,,,,,,,,,,,,,,72.5,150,72.7,100,,,,,,,,,,,,,,,,
2026-06-30T20:01:57.441699+00:00,2026-07-01T06:01:57.435698,2,2,72.35,0.3,72.2,110,72.0,150,,,,,,,,,,,,,,,,,72.5,150,72.7,100,,,,,,,,,,,,,,,,
2026-06-30T20:01:57.780588+00:00,2026-07-01T06:01:57.777587,2,2,72.35,0.3,72.2,60,72.0,150,,,,,,,,,,,,,,,,,72.5,150,72.7,100,,,,,,,,,,,,,,,,
2026-06-30T20:01:57.802587+00:00,2026-07-01T06:01:57.797588,2,2,72.35,0.3,72.2,60,72.0,150,,,,,,,,,,,,,,,,,72.5,103,72.7,100,,,,,,,,,,,,,,,,
2026-06-30T20:01:57.945414+00:00,2026-07-01T06:01:57.943414,2,2,72.35,0.3,72.2,50,72.0,150,,,,,,,,,,,,,,,,,72.5,103,72.7,100,,,,,,,,,,,,,,,,
2026-06-30T20:01:59.040303+00:00,2026-07-01T06:01:59.036302,1,1,72.45,0.5,72.2,50,,,,,,,,,,,,,,,,,,,72.7,100,,,,,,,,,,,,,,,,,,
2026-06-30T20:01:59.094618+00:00,2026-07-01T06:01:59.087619,1,1,72.45,0.5,72.2,200,,,,,,,,,,,,,,,,,,,72.7,100,,,,,,,,,,,,,,,,,,
2026-06-30T20:01:59.160211+00:00,2026-07-01T06:01:59.158209,1,1,72.45,0.5,72.2,200,,,,,,,,,,,,,,,,,,,72.7,250,,,,,,,,,,,,,,,,,,
2026-06-30T20:01:59.267859+00:00,2026-07-01T06:01:59.259342,1,1,72.45,0.5,72.2,158,,,,,,,,,,,,,,,,,,,72.7,250,,,,,,,,,,,,,,,,,,
2026-06-30T20:01:59.866465+00:00,2026-07-01T06:01:59.857900,1,1,72.45,0.5,72.2,150,,,,,,,,,,,,,,,,,,,72.7,150,,,,,,,,,,,,,,,,,,
2026-06-30T20:01:59.888374+00:00,2026-07-01T06:01:59.885374,1,1,72.45,0.5,72.2,100,,,,,,,,,,,,,,,,,,,72.7,150,,,,,,,,,,,,,,,,,,
2026-06-30T20:01:59.921384+00:00,2026-07-01T06:01:59.910386,2,1,72.45,0.5,72.2,100,72.0,100,,,,,,,,,,,,,,,,,72.7,150,,,,,,,,,,,,,,,,,,
2026-06-30T20:01:59.964899+00:00,2026-07-01T06:01:59.962900,2,2,72.35,0.3,72.2,100,72.0,100,,,,,,,,,,,,,,,,,72.5,100,72.7,150,,,,,,,,,,,,,,,,
2026-06-30T20:02:00.479854+00:00,2026-07-01T06:02:00.469855,2,2,72.35,0.3,72.2,110,72.0,100,,,,,,,,,,,,,,,,,72.5,100,72.7,150,,,,,,,,,,,,,,,,
2026-06-30T20:02:00.983379+00:00,2026-07-01T06:02:00.981379,2,2,72.35,0.3,72.2,110,72.0,100,,,,,,,,,,,,,,,,,72.5,100,72.7,150,,,,,,,,,,,,,,,,
2026-06-30T20:02:01.487451+00:00,2026-07-01T06:02:01.485972,2,2,72.35,0.3,72.2,100,72.0,100,,,,,,,,,,,,,,,,,72.5,100,72.7,150,,,,,,,,,,,,,,,,
2026-06-30T20:02:01.498451+00:00,2026-07-01T06:02:01.490451,2,2,72.35,0.3,72.2,110,72.0,100,,,,,,,,,,,,,,,,,72.5,100,72.7,150,,,,,,,,,,,,,,,,
2026-06-30T20:02:02.002515+00:00,2026-07-01T06:02:01.998516,2,2,72.35,0.3,72.2,60,72.0,100,,,,,,,,,,,,,,,,,72.5,100,72.7,150,,,,,,,,,,,,,,,,
2026-06-30T20:02:02.209539+00:00,2026-07-01T06:02:02.207539,2,1,72.35,0.3,72.2,60,72.0,100,,,,,,,,,,,,,,,,,72.5,100,,,,,,,,,,,,,,,,,,
2026-06-30T20:02:02.220550+00:00,2026-07-01T06:02:02.209539,2,1,72.35,0.3,72.2,10,72.0,100,,,,,,,,,,,,,,,,,72.5,100,,,,,,,,,,,,,,,,,,
2026-06-30T20:02:02.264551+00:00,2026-07-01T06:02:02.261550,3,1,72.35,0.3,72.2,10,72.0,100,71.6,150,,,,,,,,,,,,,,,72.5,100,,,,,,,,,,,,,,,,,,
2026-06-30T20:02:02.318568+00:00,2026-07-01T06:02:02.316569,2,2,72.05,0.1,72.0,100,71.6,150,,,,,,,,,,,,,,,,,72.1,140,72.5,100,,,,,,,,,,,,,,,,
2026-06-30T20:02:02.505093+00:00,2026-07-01T06:02:02.504093,2,2,72.05,0.1,72.0,110,71.6,150,,,,,,,,,,,,,,,,,72.1,140,72.5,100,,,,,,,,,,,,,,,,
2026-06-30T20:02:03.017533+00:00,2026-07-01T06:02:03.015040,2,2,72.05,0.1,72.0,100,71.6,150,,,,,,,,,,,,,,,,,72.1,95,72.5,100,,,,,,,,,,,,,,,,
2026-06-30T20:02:03.028508+00:00,2026-07-01T06:02:03.020508,2,1,72.05,0.1,72.0,10,71.6,150,,,,,,,,,,,,,,,,,72.1,95,,,,,,,,,,,,,,,,,,
2026-06-30T20:02:03.083508+00:00,2026-07-01T06:02:03.072507,3,1,72.05,0.1,72.0,10,71.8,100,71.6,150,,,,,,,,,,,,,,,72.1,95,,,,,,,,,,,,,,,,,,
2026-06-30T20:02:03.126549+00:00,2026-07-01T06:02:03.123550,3,2,72.05,0.1,72.0,10,71.8,100,71.6,150,,,,,,,,,,,,,,,72.1,95,72.3,100,,,,,,,,,,,,,,,,
2026-06-30T20:02:03.533698+00:00,2026-07-01T06:02:03.530697,3,2,72.0,0.2,71.9,10,71.8,100,71.6,150,,,,,,,,,,,,,,,72.1,95,72.3,100,,,,,,,,,,,,,,,,
2026-06-30T20:02:03.610718+00:00,2026-07-01T06:02:03.601718,3,2,72.0,0.2,71.9,10,71.8,100,71.6,150,,,,,,,,,,,,,,,72.1,53,72.3,100,,,,,,,,,,,,,,,,
2026-06-30T20:02:04.038762+00:00,2026-07-01T06:02:04.037763,3,2,72.0,0.2,71.9,10,71.8,100,71.6,150,,,,,,,,,,,,,,,72.1,53,72.3,100,,,,,,,,,,,,,,,,
2026-06-30T20:02:04.049762+00:00,2026-07-01T06:02:04.047762,3,2,72.0,0.2,71.9,10,71.8,100,71.6,150,,,,,,,,,,,,,,,72.1,3,72.3,100,,,,,,,,,,,,,,,,
2026-06-30T20:02:04.082762+00:00,2026-07-01T06:02:04.081762,2,2,71.95,0.3,71.8,65,71.6,150,,,,,,,,,,,,,,,,,72.1,3,72.3,100,,,,,,,,,,,,,,,,
2026-06-30T20:02:04.551430+00:00,2026-07-01T06:02:04.544430,3,2,72.0,0.2,71.9,10,71.8,65,71.6,150,,,,,,,,,,,,,,,72.1,3,72.3,100,,,,,,,,,,,,,,,,
2026-06-30T20:02:04.661856+00:00,2026-07-01T06:02:04.652856,3,1,72.1,0.4,71.9,10,71.8,65,71.6,150,,,,,,,,,,,,,,,72.3,58,,,,,,,,,,,,,,,,,,
2026-06-30T20:02:05.069355+00:00,2026-07-01T06:02:05.062355,3,1,72.1,0.4,71.9,10,71.8,65,71.6,150,,,,,,,,,,,,,,,72.3,58,,,,,,,,,,,,,,,,,,
2026-06-30T20:02:05.387532+00:00,2026-07-01T06:02:05.382532,2,1,72.1,0.4,71.9,10,71.8,65,,,,,,,,,,,,,,,,,72.3,58,,,,,,,,,,,,,,,,,,
2026-06-30T20:02:05.441565+00:00,2026-07-01T06:02:05.434565,3,1,72.25,0.1,72.2,150,71.9,10,71.8,65,,,,,,,,,,,,,,,72.3,58,,,,,,,,,,,,,,,,,,
2026-06-30T20:02:05.496580+00:00,2026-07-01T06:02:05.487579,3,2,72.25,0.1,72.2,150,71.9,10,71.8,65,,,,,,,,,,,,,,,72.3,58,72.7,150,,,,,,,,,,,,,,,,
2026-06-30T20:02:05.572490+00:00,2026-07-01T06:02:05.569490,2,2,72.25,0.1,72.2,160,71.8,65,,,,,,,,,,,,,,,,,72.3,58,72.7,150,,,,,,,,,,,,,,,,
2026-06-30T20:02:05.583490+00:00,2026-07-01T06:02:05.573490,2,2,72.25,0.1,72.2,160,71.8,65,,,,,,,,,,,,,,,,,72.3,68,72.7,150,,,,,,,,,,,,,,,,
2026-06-30T20:02:06.083667+00:00,2026-07-01T06:02:06.081667,2,2,72.25,0.1,72.2,160,71.8,65,,,,,,,,,,,,,,,,,72.3,58,72.7,150,,,,,,,,,,,,,,,,
2026-06-30T20:02:06.094667+00:00,2026-07-01T06:02:06.084667,2,2,72.25,0.1,72.2,160,71.8,65,,,,,,,,,,,,,,,,,72.3,68,72.7,150,,,,,,,,,,,,,,,,
2026-06-30T20:02:06.160137+00:00,2026-07-01T06:02:06.156138,2,2,72.25,0.1,72.2,160,71.8,65,,,,,,,,,,,,,,,,,72.3,18,72.7,150,,,,,,,,,,,,,,,,
2026-06-30T20:02:06.182137+00:00,2026-07-01T06:02:06.182137,1,2,72.25,0.1,72.2,160,,,,,,,,,,,,,,,,,,,72.3,10,72.7,150,,,,,,,,,,,,,,,,
2026-06-30T20:02:06.236168+00:00,2026-07-01T06:02:06.234168,2,2,72.25,0.1,72.2,160,72.1,100,,,,,,,,,,,,,,,,,72.3,10,72.7,150,,,,,,,,,,,,,,,,
2026-06-30T20:02:06.291169+00:00,2026-07-01T06:02:06.285169,2,3,72.25,0.1,72.2,160,72.1,100,,,,,,,,,,,,,,,,,72.3,10,72.6,100,72.7,150,,,,,,,,,,,,,,
2026-06-30T20:02:06.596945+00:00,2026-07-01T06:02:06.595946,3,2,72.45,0.3,72.3,10,72.2,150,72.1,100,,,,,,,,,,,,,,,72.6,100,72.7,150,,,,,,,,,,,,,,,,
2026-06-30T20:02:06.607945+00:00,2026-07-01T06:02:06.597945,3,3,72.4,0.2,72.3,10,72.2,150,72.1,100,,,,,,,,,,,,,,,72.5,10,72.6,100,72.7,150,,,,,,,,,,,,,,
2026-06-30T20:02:07.108312+00:00,2026-07-01T06:02:07.106792,2,3,72.35,0.3,72.2,150,72.1,100,,,,,,,,,,,,,,,,,72.5,10,72.6,100,72.7,150,,,,,,,,,,,,,,
2026-06-30T20:02:07.622803+00:00,2026-07-01T06:02:07.612803,2,2,72.4,0.4,72.2,150,72.1,100,,,,,,,,,,,,,,,,,72.6,100,72.7,150,,,,,,,,,,,,,,,,
2026-06-30T20:02:08.127284+00:00,2026-07-01T06:02:08.119284,2,3,72.35,0.3,72.2,150,72.1,100,,,,,,,,,,,,,,,,,72.5,10,72.6,100,72.7,150,,,,,,,,,,,,,,
2026-06-30T20:02:08.269817+00:00,2026-07-01T06:02:08.263817,2,2,72.4,0.4,72.2,150,72.1,100,,,,,,,,,,,,,,,,,72.6,60,72.7,150,,,,,,,,,,,,,,,,
2026-06-30T20:02:08.543878+00:00,2026-07-01T06:02:08.542879,2,1,72.4,0.4,72.2,150,72.1,100,,,,,,,,,,,,,,,,,72.6,60,,,,,,,,,,,,,,,,,,
2026-06-30T20:02:08.554878+00:00,2026-07-01T06:02:08.544879,1,1,72.35,0.5,72.1,100,,,,,,,,,,,,,,,,,,,72.6,60,,,,,,,,,,,,,,,,,,
2026-06-30T20:02:08.598613+00:00,2026-07-01T06:02:08.596594,2,1,72.45,0.3,72.3,150,72.1,100,,,,,,,,,,,,,,,,,72.6,60,,,,,,,,,,,,,,,,,,
2026-06-30T20:02:08.631608+00:00,2026-07-01T06:02:08.626608,2,2,72.4,0.2,72.3,150,72.1,100,,,,,,,,,,,,,,,,,72.5,10,72.6,60,,,,,,,,,,,,,,,,
2026-06-30T20:02:08.653608+00:00,2026-07-01T06:02:08.649608,2,3,72.4,0.2,72.3,150,72.1,100,,,,,,,,,,,,,,,,,72.5,10,72.6,60,72.8,150,,,,,,,,,,,,,,
2026-06-30T20:02:09.145973+00:00,2026-07-01T06:02:09.144973,3,3,72.45,0.1,72.4,10,72.3,150,72.1,100,,,,,,,,,,,,,,,72.5,10,72.6,60,72.8,150,,,,,,,,,,,,,,
2026-06-30T20:02:09.354022+00:00,2026-07-01T06:02:09.343021,2,2,72.45,0.1,72.4,10,72.3,150,,,,,,,,,,,,,,,,,72.5,10,72.8,150,,,,,,,,,,,,,,,,
2026-06-30T20:02:09.398022+00:00,2026-07-01T06:02:09.393022,3,2,72.45,0.1,72.4,10,72.3,150,72.2,100,,,,,,,,,,,,,,,72.5,10,72.8,150,,,,,,,,,,,,,,,,
2026-06-30T20:02:09.452057+00:00,2026-07-01T06:02:09.444057,3,3,72.45,0.1,72.4,10,72.3,150,72.2,100,,,,,,,,,,,,,,,72.5,10,72.7,100,72.8,150,,,,,,,,,,,,,,
2026-06-30T20:02:09.659488+00:00,2026-07-01T06:02:09.653487,3,2,72.55,0.3,72.4,10,72.3,150,72.2,100,,,,,,,,,,,,,,,72.7,100,72.8,150,,,,,,,,,,,,,,,,
2026-06-30T20:02:10.162531+00:00,2026-07-01T06:02:10.157532,2,2,72.5,0.4,72.3,150,72.2,100,,,,,,,,,,,,,,,,,72.7,100,72.8,150,,,,,,,,,,,,,,,,
2026-06-30T20:02:10.424555+00:00,2026-07-01T06:02:10.421555,2,2,72.5,0.4,72.3,100,72.2,100,,,,,,,,,,,,,,,,,72.7,100,72.8,150,,,,,,,,,,,,,,,,
2026-06-30T20:02:11.707228+00:00,2026-07-01T06:02:11.707228,1,1,72.45,0.5,72.2,100,,,,,,,,,,,,,,,,,,,72.7,100,,,,,,,,,,,,,,,,,,
2026-06-30T20:02:11.762241+00:00,2026-07-01T06:02:11.758239,2,1,72.45,0.5,72.2,100,72.1,150,,,,,,,,,,,,,,,,,72.7,100,,,,,,,,,,,,,,,,,,
2026-06-30T20:02:11.817251+00:00,2026-07-01T06:02:11.811252,2,2,72.4,0.4,72.2,100,72.1,150,,,,,,,,,,,,,,,,,72.6,150,72.7,100,,,,,,,,,,,,,,,,
2026-06-30T20:02:11.905747+00:00,2026-07-01T06:02:11.901748,2,2,72.4,0.4,72.2,55,72.1,150,,,,,,,,,,,,,,,,,72.6,150,72.7,100,,,,,,,,,,,,,,,,
2026-06-30T20:02:12.507624+00:00,2026-07-01T06:02:12.501625,1,1,72.35,0.5,72.1,106,,,,,,,,,,,,,,,,,,,72.6,150,,,,,,,,,,,,,,,,,,
2026-06-30T20:02:12.529148+00:00,2026-07-01T06:02:12.528627,1,1,72.35,0.5,72.1,56,,,,,,,,,,,,,,,,,,,72.6,150,,,,,,,,,,,,,,,,,,
2026-06-30T20:02:12.561664+00:00,2026-07-01T06:02:12.551664,2,1,72.4,0.4,72.2,100,72.1,56,,,,,,,,,,,,,,,,,72.6,150,,,,,,,,,,,,,,,,,,
2026-06-30T20:02:12.616664+00:00,2026-07-01T06:02:12.605665,2,2,72.4,0.4,72.2,100,72.1,56,,,,,,,,,,,,,,,,,72.6,150,72.7,100,,,,,,,,,,,,,,,,
2026-06-30T20:02:12.681723+00:00,2026-07-01T06:02:12.675723,3,2,72.45,0.3,72.3,10,72.2,100,72.1,56,,,,,,,,,,,,,,,72.6,150,72.7,100,,,,,,,,,,,,,,,,
2026-06-30T20:02:12.972438+00:00,2026-07-01T06:02:12.968438,3,2,72.45,0.3,72.3,10,72.2,100,72.1,56,,,,,,,,,,,,,,,72.6,101,72.7,100,,,,,,,,,,,,,,,,
2026-06-30T20:02:13.188575+00:00,2026-07-01T06:02:13.185575,3,2,72.45,0.3,72.3,10,72.2,100,72.1,56,,,,,,,,,,,,,,,72.6,101,72.7,100,,,,,,,,,,,,,,,,
2026-06-30T20:02:13.693115+00:00,2026-07-01T06:02:13.691114,2,2,72.4,0.4,72.2,100,72.1,56,,,,,,,,,,,,,,,,,72.6,101,72.7,100,,,,,,,,,,,,,,,,
2026-06-30T20:02:13.704115+00:00,2026-07-01T06:02:13.697114,2,3,72.35,0.3,72.2,100,72.1,56,,,,,,,,,,,,,,,,,72.5,10,72.6,101,72.7,100,,,,,,,,,,,,,,
2026-06-30T20:02:14.205410+00:00,2026-07-01T06:02:14.201410,2,2,72.4,0.4,72.2,100,72.1,56,,,,,,,,,,,,,,,,,72.6,101,72.7,100,,,,,,,,,,,,,,,,
2026-06-30T20:02:14.369018+00:00,2026-07-01T06:02:14.357665,2,2,72.4,0.4,72.2,55,72.1,56,,,,,,,,,,,,,,,,,72.6,101,72.7,100,,,,,,,,,,,,,,,,
2026-06-30T20:02:14.643104+00:00,2026-07-01T06:02:14.634104,2,2,72.4,0.4,72.2,5,72.1,56,,,,,,,,,,,,,,,,,72.6,101,72.7,100,,,,,,,,,,,,,,,,
2026-06-30T20:02:14.872469+00:00,2026-07-01T06:02:14.869468,1,1,72.45,0.5,72.2,5,,,,,,,,,,,,,,,,,,,72.7,100,,,,,,,,,,,,,,,,,,
2026-06-30T20:02:14.927605+00:00,2026-07-01T06:02:14.923604,2,1,72.45,0.5,72.2,5,71.9,150,,,,,,,,,,,,,,,,,72.7,100,,,,,,,,,,,,,,,,,,
2026-06-30T20:02:14.993819+00:00,2026-07-01T06:02:14.982818,2,2,72.3,0.2,72.2,5,71.9,150,,,,,,,,,,,,,,,,,72.4,150,72.7,100,,,,,,,,,,,,,,,,
2026-06-30T20:02:15.224158+00:00,2026-07-01T06:02:15.214158,2,2,72.3,0.2,72.2,15,71.9,150,,,,,,,,,,,,,,,,,72.4,150,72.7,100,,,,,,,,,,,,,,,,
2026-06-30T20:02:15.518767+00:00,2026-07-01T06:02:15.509767,2,2,72.3,0.2,72.2,15,71.9,150,,,,,,,,,,,,,,,,,72.4,109,72.7,100,,,,,,,,,,,,,,,,
2026-06-30T20:02:15.660738+00:00,2026-07-01T06:02:15.659739,2,1,72.3,0.2,72.2,15,71.9,150,,,,,,,,,,,,,,,,,72.4,109,,,,,,,,,,,,,,,,,,
2026-06-30T20:02:15.671739+00:00,2026-07-01T06:02:15.660738,2,1,72.3,0.2,72.2,10,71.9,150,,,,,,,,,,,,,,,,,72.4,109,,,,,,,,,,,,,,,,,,
2026-06-30T20:02:15.715738+00:00,2026-07-01T06:02:15.713737,2,1,72.3,0.2,72.2,10,71.9,250,,,,,,,,,,,,,,,,,72.4,109,,,,,,,,,,,,,,,,,,
2026-06-30T20:02:15.726738+00:00,2026-07-01T06:02:15.718738,2,1,72.2,0.4,72.0,10,71.9,250,,,,,,,,,,,,,,,,,72.4,109,,,,,,,,,,,,,,,,,,
2026-06-30T20:02:15.770236+00:00,2026-07-01T06:02:15.767236,2,1,72.2,0.4,72.0,10,71.9,250,,,,,,,,,,,,,,,,,72.4,209,,,,,,,,,,,,,,,,,,
2026-06-30T20:02:16.231291+00:00,2026-07-01T06:02:16.227290,2,1,72.2,0.4,72.0,10,71.9,250,,,,,,,,,,,,,,,,,72.4,209,,,,,,,,,,,,,,,,,,
2026-06-30T20:02:16.735347+00:00,2026-07-01T06:02:16.734347,2,1,72.2,0.4,72.0,10,71.9,250,,,,,,,,,,,,,,,,,72.4,209,,,,,,,,,,,,,,,,,,
2026-06-30T20:02:16.767258+00:00,2026-07-01T06:02:16.758263,1,1,72.15,0.5,71.9,210,,,,,,,,,,,,,,,,,,,72.4,209,,,,,,,,,,,,,,,,,,
2026-06-30T20:02:17.195406+00:00,2026-07-01T06:02:17.185406,1,1,72.15,0.5,71.9,163,,,,,,,,,,,,,,,,,,,72.4,209,,,,,,,,,,,,,,,,,,
2026-06-30T20:02:17.250418+00:00,2026-07-01T06:02:17.240418,2,1,72.2,0.4,72.0,10,71.9,163,,,,,,,,,,,,,,,,,72.4,209,,,,,,,,,,,,,,,,,,
2026-06-30T20:02:17.732474+00:00,2026-07-01T06:02:17.721474,2,1,72.2,0.4,72.0,10,71.9,163,,,,,,,,,,,,,,,,,72.4,168,,,,,,,,,,,,,,,,,,
2026-06-30T20:02:17.753991+00:00,2026-07-01T06:02:17.749474,1,1,72.15,0.5,71.9,163,,,,,,,,,,,,,,,,,,,72.4,168,,,,,,,,,,,,,,,,,,
2026-06-30T20:02:17.764990+00:00,2026-07-01T06:02:17.753991,2,1,72.2,0.4,72.0,10,71.9,163,,,,,,,,,,,,,,,,,72.4,168,,,,,,,,,,,,,,,,,,
2026-06-30T20:02:18.039514+00:00,2026-07-01T06:02:18.036030,2,1,72.2,0.4,72.0,10,71.9,100,,,,,,,,,,,,,,,,,72.4,100,,,,,,,,,,,,,,,,,,
2026-06-30T20:02:18.094514+00:00,2026-07-01T06:02:18.088513,2,1,72.2,0.4,72.0,160,71.9,100,,,,,,,,,,,,,,,,,72.4,100,,,,,,,,,,,,,,,,,,
2026-06-30T20:02:18.148714+00:00,2026-07-01T06:02:18.142041,2,2,72.2,0.4,72.0,160,71.9,100,,,,,,,,,,,,,,,,,72.4,100,72.5,150,,,,,,,,,,,,,,,,
2026-06-30T20:02:18.269542+00:00,2026-07-01T06:02:18.262061,3,2,72.25,0.3,72.1,10,72.0,150,71.9,100,,,,,,,,,,,,,,,72.4,100,72.5,150,,,,,,,,,,,,,,,,
2026-06-30T20:02:18.773109+00:00,2026-07-01T06:02:18.767108,2,2,72.2,0.4,72.0,150,71.9,100,,,,,,,,,,,,,,,,,72.4,100,72.5,150,,,,,,,,,,,,,,,,
2026-06-30T20:02:18.817108+00:00,2026-07-01T06:02:18.815108,2,2,72.2,0.4,72.0,150,71.9,100,,,,,,,,,,,,,,,,,72.4,50,72.5,150,,,,,,,,,,,,,,,,
2026-06-30T20:02:18.828108+00:00,2026-07-01T06:02:18.823108,1,1,72.25,0.5,72.0,150,,,,,,,,,,,,,,,,,,,72.5,150,,,,,,,,,,,,,,,,,,
2026-06-30T20:02:18.883610+00:00,2026-07-01T06:02:18.876610,2,1,72.25,0.5,72.0,150,71.9,100,,,,,,,,,,,,,,,,,72.5,150,,,,,,,,,,,,,,,,,,
2026-06-30T20:02:18.938126+00:00,2026-07-01T06:02:18.929126,2,2,72.2,0.4,72.0,150,71.9,100,,,,,,,,,,,,,,,,,72.4,100,72.5,150,,,,,,,,,,,,,,,,
2026-06-30T20:02:20.513822+00:00,2026-07-01T06:02:20.510822,2,2,72.2,0.4,72.0,150,71.9,100,,,,,,,,,,,,,,,,,72.4,54,72.5,150,,,,,,,,,,,,,,,,
2026-06-30T20:02:20.929878+00:00,2026-07-01T06:02:20.922707,2,2,72.2,0.4,72.0,150,71.9,100,,,,,,,,,,,,,,,,,72.4,4,72.5,150,,,,,,,,,,,,,,,,
2026-06-30T20:02:21.203903+00:00,2026-07-01T06:02:21.195903,1,1,72.15,0.5,71.9,100,,,,,,,,,,,,,,,,,,,72.4,4,,,,,,,,,,,,,,,,,,
2026-06-30T20:02:21.258250+00:00,2026-07-01T06:02:21.247903,2,1,72.15,0.5,71.9,100,71.8,150,,,,,,,,,,,,,,,,,72.4,4,,,,,,,,,,,,,,,,,,
2026-06-30T20:02:21.311923+00:00,2026-07-01T06:02:21.301924,2,2,72.1,0.4,71.9,100,71.8,150,,,,,,,,,,,,,,,,,72.3,150,72.4,4,,,,,,,,,,,,,,,,
2026-06-30T20:02:21.802623+00:00,2026-07-01T06:02:21.793623,3,2,72.15,0.3,72.0,10,71.9,100,71.8,150,,,,,,,,,,,,,,,72.3,150,72.4,4,,,,,,,,,,,,,,,,
2026-06-30T20:02:21.986988+00:00,2026-07-01T06:02:21.985988,3,1,72.15,0.3,72.0,10,71.9,100,71.8,150,,,,,,,,,,,,,,,72.3,150,,,,,,,,,,,,,,,,,,
2026-06-30T20:02:21.997504+00:00,2026-07-01T06:02:21.988512,2,1,72.15,0.3,72.0,10,71.8,150,,,,,,,,,,,,,,,,,72.3,150,,,,,,,,,,,,,,,,,,
2026-06-30T20:02:22.052516+00:00,2026-07-01T06:02:22.042517,3,1,72.2,0.2,72.1,100,72.0,10,71.8,150,,,,,,,,,,,,,,,72.3,150,,,,,,,,,,,,,,,,,,
2026-06-30T20:02:22.095551+00:00,2026-07-01T06:02:22.094551,3,2,72.2,0.2,72.1,100,72.0,10,71.8,150,,,,,,,,,,,,,,,72.3,150,72.6,100,,,,,,,,,,,,,,,,
2026-06-30T20:02:22.300579+00:00,2026-07-01T06:02:22.299578,2,2,72.2,0.2,72.1,100,71.8,150,,,,,,,,,,,,,,,,,72.3,150,72.6,100,,,,,,,,,,,,,,,,
2026-06-30T20:02:22.311578+00:00,2026-07-01T06:02:22.304579,2,2,72.2,0.2,72.1,110,71.8,150,,,,,,,,,,,,,,,,,72.3,150,72.6,100,,,,,,,,,,,,,,,,
2026-06-30T20:02:22.811827+00:00,2026-07-01T06:02:22.808826,2,2,72.2,0.2,72.1,100,71.8,150,,,,,,,,,,,,,,,,,72.3,150,72.6,100,,,,,,,,,,,,,,,,
2026-06-30T20:02:22.822826+00:00,2026-07-01T06:02:22.812828,2,2,72.2,0.2,72.1,110,71.8,150,,,,,,,,,,,,,,,,,72.3,150,72.6,100,,,,,,,,,,,,,,,,
2026-06-30T20:02:23.095787+00:00,2026-07-01T06:02:23.089788,2,2,72.2,0.2,72.1,60,71.8,150,,,,,,,,,,,,,,,,,72.3,150,72.6,100,,,,,,,,,,,,,,,,
2026-06-30T20:02:23.325715+00:00,2026-07-01T06:02:23.321717,2,2,72.2,0.2,72.1,60,71.8,150,,,,,,,,,,,,,,,,,72.3,150,72.6,100,,,,,,,,,,,,,,,,
2026-06-30T20:02:23.830262+00:00,2026-07-01T06:02:23.829745,2,2,72.2,0.2,72.1,60,71.8,150,,,,,,,,,,,,,,,,,72.3,150,72.6,100,,,,,,,,,,,,,,,,
2026-06-30T20:02:24.344662+00:00,2026-07-01T06:02:24.333661,2,2,72.2,0.2,72.1,50,71.8,150,,,,,,,,,,,,,,,,,72.3,150,72.6,100,,,,,,,,,,,,,,,,
2026-06-30T20:02:24.366663+00:00,2026-07-01T06:02:24.360662,1,1,72.35,0.5,72.1,50,,,,,,,,,,,,,,,,,,,72.6,100,,,,,,,,,,,,,,,,,,
2026-06-30T20:02:24.421486+00:00,2026-07-01T06:02:24.414487,2,1,72.35,0.5,72.1,50,71.7,150,,,,,,,,,,,,,,,,,72.6,100,,,,,,,,,,,,,,,,,,
2026-06-30T20:02:24.476487+00:00,2026-07-01T06:02:24.469486,2,2,72.15,0.1,72.1,50,71.7,150,,,,,,,,,,,,,,,,,72.2,150,72.6,100,,,,,,,,,,,,,,,,
2026-06-30T20:02:25.174916+00:00,2026-07-01T06:02:25.172917,1,1,71.95,0.5,71.7,150,,,,,,,,,,,,,,,,,,,72.2,150,,,,,,,,,,,,,,,,,,
2026-06-30T20:02:25.349897+00:00,2026-07-01T06:02:25.343882,2,1,72.0,0.4,71.8,10,71.7,150,,,,,,,,,,,,,,,,,72.2,150,,,,,,,,,,,,,,,,,,
2026-06-30T20:02:25.853773+00:00,2026-07-01T06:02:25.849772,1,1,71.95,0.5,71.7,150,,,,,,,,,,,,,,,,,,,72.2,150,,,,,,,,,,,,,,,,,,
2026-06-30T20:02:25.864772+00:00,2026-07-01T06:02:25.853773,2,1,72.0,0.4,71.8,10,71.7,150,,,,,,,,,,,,,,,,,72.2,150,,,,,,,,,,,,,,,,,,
2026-06-30T20:02:26.379203+00:00,2026-07-01T06:02:26.376202,1,1,71.95,0.5,71.7,150,,,,,,,,,,,,,,,,,,,72.2,150,,,,,,,,,,,,,,,,,,
2026-06-30T20:02:26.401694+00:00,2026-07-01T06:02:26.395693,2,1,72.0,0.4,71.8,10,71.7,150,,,,,,,,,,,,,,,,,72.2,150,,,,,,,,,,,,,,,,,,
2026-06-30T20:02:26.894018+00:00,2026-07-01T06:02:26.889017,1,1,71.95,0.5,71.7,150,,,,,,,,,,,,,,,,,,,72.2,150,,,,,,,,,,,,,,,,,,
2026-06-30T20:02:26.905017+00:00,2026-07-01T06:02:26.894018,2,1,72.0,0.4,71.8,10,71.7,150,,,,,,,,,,,,,,,,,72.2,150,,,,,,,,,,,,,,,,,,
2026-06-30T20:02:27.298171+00:00,2026-07-01T06:02:27.292170,1,1,71.95,0.5,71.7,112,,,,,,,,,,,,,,,,,,,72.2,150,,,,,,,,,,,,,,,,,,
2026-06-30T20:02:27.527656+00:00,2026-07-01T06:02:27.525656,0,0,,,,,,,,,,,,,,,,,,,,,,,,,,,,,,,,,,,,,,,,,,
2026-06-30T20:02:27.581701+00:00,2026-07-01T06:02:27.577701,1,0,,,71.5,150,,,,,,,,,,,,,,,,,,,,,,,,,,,,,,,,,,,,,,
2026-06-30T20:02:27.636701+00:00,2026-07-01T06:02:27.630702,1,1,71.75,0.5,71.5,150,,,,,,,,,,,,,,,,,,,72.0,150,,,,,,,,,,,,,,,,,,
2026-06-30T20:02:27.911747+00:00,2026-07-01T06:02:27.909747,2,1,71.8,0.4,71.6,10,71.5,150,,,,,,,,,,,,,,,,,72.0,150,,,,,,,,,,,,,,,,,,
2026-06-30T20:02:28.296788+00:00,2026-07-01T06:02:28.289788,3,1,71.9,0.2,71.8,100,71.6,10,71.5,150,,,,,,,,,,,,,,,72.0,150,,,,,,,,,,,,,,,,,,
2026-06-30T20:02:28.351799+00:00,2026-07-01T06:02:28.342800,3,2,71.9,0.2,71.8,100,71.6,10,71.5,150,,,,,,,,,,,,,,,72.0,150,72.3,100,,,,,,,,,,,,,,,,
2026-06-30T20:02:28.362800+00:00,2026-07-01T06:02:28.356799,3,2,71.9,0.2,71.8,53,71.6,10,71.5,150,,,,,,,,,,,,,,,72.0,150,72.3,100,,,,,,,,,,,,,,,,
2026-06-30T20:02:28.417799+00:00,2026-07-01T06:02:28.413800,2,2,71.9,0.2,71.8,53,71.5,150,,,,,,,,,,,,,,,,,72.0,150,72.3,100,,,,,,,,,,,,,,,,
2026-06-30T20:02:28.428315+00:00,2026-07-01T06:02:28.418801,2,2,71.9,0.2,71.8,63,71.5,150,,,,,,,,,,,,,,,,,72.0,150,72.3,100,,,,,,,,,,,,,,,,
2026-06-30T20:02:28.932864+00:00,2026-07-01T06:02:28.926863,2,2,71.9,0.2,71.8,63,71.5,150,,,,,,,,,,,,,,,,,72.0,150,72.3,100,,,,,,,,,,,,,,,,
2026-06-30T20:02:29.437628+00:00,2026-07-01T06:02:29.435627,2,2,71.9,0.2,71.8,13,71.5,150,,,,,,,,,,,,,,,,,72.0,150,72.3,100,,,,,,,,,,,,,,,,
2026-06-30T20:02:29.459642+00:00,2026-07-01T06:02:29.458642,2,2,71.9,0.2,71.8,13,71.5,150,,,,,,,,,,,,,,,,,72.0,150,72.3,100,,,,,,,,,,,,,,,,
2026-06-30T20:02:29.964018+00:00,2026-07-01T06:02:29.963018,2,2,71.9,0.2,71.8,3,71.5,150,,,,,,,,,,,,,,,,,72.0,150,72.3,100,,,,,,,,,,,,,,,,
2026-06-30T20:02:29.975018+00:00,2026-07-01T06:02:29.972019,2,2,71.9,0.2,71.8,13,71.5,150,,,,,,,,,,,,,,,,,72.0,109,72.3,100,,,,,,,,,,,,,,,,
2026-06-30T20:02:30.478512+00:00,2026-07-01T06:02:30.476511,2,2,71.9,0.2,71.8,13,71.5,150,,,,,,,,,,,,,,,,,72.0,109,72.3,100,,,,,,,,,,,,,,,,
2026-06-30T20:02:30.686535+00:00,2026-07-01T06:02:30.685534,1,1,72.05,0.5,71.8,13,,,,,,,,,,,,,,,,,,,72.3,100,,,,,,,,,,,,,,,,,,
2026-06-30T20:02:30.741311+00:00,2026-07-01T06:02:30.737297,2,1,72.05,0.5,71.8,13,71.7,150,,,,,,,,,,,,,,,,,72.3,100,,,,,,,,,,,,,,,,,,
2026-06-30T20:02:30.796308+00:00,2026-07-01T06:02:30.789308,2,2,72.0,0.4,71.8,13,71.7,150,,,,,,,,,,,,,,,,,72.2,150,72.3,100,,,,,,,,,,,,,,,,
2026-06-30T20:02:30.982596+00:00,2026-07-01T06:02:30.980597,2,2,72.0,0.4,71.8,3,71.7,150,,,,,,,,,,,,,,,,,72.2,150,72.3,100,,,,,,,,,,,,,,,,
2026-06-30T20:02:31.408203+00:00,2026-07-01T06:02:31.399684,1,1,71.95,0.5,71.7,150,,,,,,,,,,,,,,,,,,,72.2,150,,,,,,,,,,,,,,,,,,
2026-06-30T20:02:31.462253+00:00,2026-07-01T06:02:31.452253,2,1,71.95,0.5,71.7,150,71.6,100,,,,,,,,,,,,,,,,,72.2,150,,,,,,,,,,,,,,,,,,
2026-06-30T20:02:31.494785+00:00,2026-07-01T06:02:31.487771,2,1,71.95,0.5,71.7,150,71.6,100,,,,,,,,,,,,,,,,,72.2,100,,,,,,,,,,,,,,,,,,
2026-06-30T20:02:31.505785+00:00,2026-07-01T06:02:31.503785,2,2,71.9,0.4,71.7,150,71.6,100,,,,,,,,,,,,,,,,,72.1,100,72.2,100,,,,,,,,,,,,,,,,
2026-06-30T20:02:31.538344+00:00,2026-07-01T06:02:31.527828,2,2,71.9,0.4,71.7,150,71.6,100,,,,,,,,,,,,,,,,,72.1,53,72.2,100,,,,,,,,,,,,,,,,
2026-06-30T20:02:31.991504+00:00,2026-07-01T06:02:31.989984,3,2,71.95,0.3,71.8,10,71.7,150,71.6,100,,,,,,,,,,,,,,,72.1,53,72.2,100,,,,,,,,,,,,,,,,
2026-06-30T20:02:32.122538+00:00,2026-07-01T06:02:32.116537,3,2,71.95,0.3,71.8,10,71.7,150,71.6,100,,,,,,,,,,,,,,,72.1,6,72.2,100,,,,,,,,,,,,,,,,
2026-06-30T20:02:32.502822+00:00,2026-07-01T06:02:32.499822,3,2,71.95,0.3,71.8,10,71.7,150,71.6,100,,,,,,,,,,,,,,,72.1,6,72.2,100,,,,,,,,,,,,,,,,
2026-06-30T20:02:32.622906+00:00,2026-07-01T06:02:32.613905,2,2,71.9,0.4,71.7,112,71.6,100,,,,,,,,,,,,,,,,,72.1,6,72.2,100,,,,,,,,,,,,,,,,
2026-06-30T20:02:33.015373+00:00,2026-07-01T06:02:33.006372,3,2,71.95,0.3,71.8,10,71.7,112,71.6,100,,,,,,,,,,,,,,,72.1,6,72.2,100,,,,,,,,,,,,,,,,
2026-06-30T20:02:33.517941+00:00,2026-07-01T06:02:33.514943,2,2,71.9,0.4,71.7,112,71.6,100,,,,,,,,,,,,,,,,,72.1,6,72.2,100,,,,,,,,,,,,,,,,
2026-06-30T20:02:33.528942+00:00,2026-07-01T06:02:33.518942,3,2,71.95,0.3,71.8,10,71.7,112,71.6,100,,,,,,,,,,,,,,,72.1,6,72.2,100,,,,,,,,,,,,,,,,
2026-06-30T20:02:33.605808+00:00,2026-07-01T06:02:33.598797,3,1,72.0,0.4,71.8,10,71.7,112,71.6,100,,,,,,,,,,,,,,,72.2,56,,,,,,,,,,,,,,,,,,
2026-06-30T20:02:33.847480+00:00,2026-07-01T06:02:33.845481,2,0,,,71.8,10,71.6,100,,,,,,,,,,,,,,,,,,,,,,,,,,,,,,,,,,,,
2026-06-30T20:02:33.902495+00:00,2026-07-01T06:02:33.899494,3,0,,,72.1,150,71.8,10,71.6,100,,,,,,,,,,,,,,,,,,,,,,,,,,,,,,,,,,
2026-06-30T20:02:33.957496+00:00,2026-07-01T06:02:33.953495,3,1,72.35,0.5,72.1,150,71.8,10,71.6,100,,,,,,,,,,,,,,,72.6,150,,,,,,,,,,,,,,,,,,
2026-06-30T20:02:34.034504+00:00,2026-07-01T06:02:34.026504,2,2,72.3,0.4,72.1,150,71.6,100,,,,,,,,,,,,,,,,,72.5,10,72.6,150,,,,,,,,,,,,,,,,
2026-06-30T20:02:34.537083+00:00,2026-07-01T06:02:34.535083,2,2,72.3,0.4,72.1,150,71.6,100,,,,,,,,,,,,,,,,,72.5,10,72.6,150,,,,,,,,,,,,,,,,
2026-06-30T20:02:34.570157+00:00,2026-07-01T06:02:34.559083,1,2,72.3,0.4,72.1,150,,,,,,,,,,,,,,,,,,,72.5,10,72.6,150,,,,,,,,,,,,,,,,
2026-06-30T20:02:34.614580+00:00,2026-07-01T06:02:34.612580,1,2,72.3,0.4,72.1,250,,,,,,,,,,,,,,,,,,,72.5,10,72.6,150,,,,,,,,,,,,,,,,
2026-06-30T20:02:34.669095+00:00,2026-07-01T06:02:34.666095,1,2,72.3,0.4,72.1,250,,,,,,,,,,,,,,,,,,,72.5,10,72.6,250,,,,,,,,,,,,,,,,
2026-06-30T20:02:35.041142+00:00,2026-07-01T06:02:35.040141,1,1,72.35,0.5,72.1,250,,,,,,,,,,,,,,,,,,,72.6,250,,,,,,,,,,,,,,,,,,
2026-06-30T20:02:35.051660+00:00,2026-07-01T06:02:35.044143,1,2,72.3,0.4,72.1,250,,,,,,,,,,,,,,,,,,,72.5,10,72.6,250,,,,,,,,,,,,,,,,
2026-06-30T20:02:35.563836+00:00,2026-07-01T06:02:35.556836,1,2,72.3,0.4,72.1,250,,,,,,,,,,,,,,,,,,,72.5,10,72.6,250,,,,,,,,,,,,,,,,
2026-06-30T20:02:36.069021+00:00,2026-07-01T06:02:36.064021,1,1,72.35,0.5,72.1,250,,,,,,,,,,,,,,,,,,,72.6,250,,,,,,,,,,,,,,,,,,
2026-06-30T20:02:36.079604+00:00,2026-07-01T06:02:36.072603,1,2,72.3,0.4,72.1,250,,,,,,,,,,,,,,,,,,,72.5,10,72.6,250,,,,,,,,,,,,,,,,
2026-06-30T20:02:36.470317+00:00,2026-07-01T06:02:36.460317,1,2,72.3,0.4,72.1,209,,,,,,,,,,,,,,,,,,,72.5,10,72.6,250,,,,,,,,,,,,,,,,
2026-06-30T20:02:36.580235+00:00,2026-07-01T06:02:36.575235,1,1,72.35,0.5,72.1,209,,,,,,,,,,,,,,,,,,,72.6,250,,,,,,,,,,,,,,,,,,
2026-06-30T20:02:36.590791+00:00,2026-07-01T06:02:36.580235,1,2,72.3,0.4,72.1,209,,,,,,,,,,,,,,,,,,,72.5,10,72.6,250,,,,,,,,,,,,,,,,
2026-06-30T20:02:37.009420+00:00,2026-07-01T06:02:37.007407,1,2,72.3,0.4,72.1,209,,,,,,,,,,,,,,,,,,,72.5,10,72.6,100,,,,,,,,,,,,,,,,
2026-06-30T20:02:37.020420+00:00,2026-07-01T06:02:37.009420,1,2,72.3,0.4,72.1,100,,,,,,,,,,,,,,,,,,,72.5,10,72.6,100,,,,,,,,,,,,,,,,
2026-06-30T20:02:37.064880+00:00,2026-07-01T06:02:37.062880,2,2,72.3,0.4,72.1,100,71.9,150,,,,,,,,,,,,,,,,,72.5,10,72.6,100,,,,,,,,,,,,,,,,
2026-06-30T20:02:37.086879+00:00,2026-07-01T06:02:37.084880,2,1,72.35,0.5,72.1,100,71.9,150,,,,,,,,,,,,,,,,,72.6,100,,,,,,,,,,,,,,,,,,
2026-06-30T20:02:37.097880+00:00,2026-07-01T06:02:37.088879,2,2,72.3,0.4,72.1,100,71.9,150,,,,,,,,,,,,,,,,,72.5,10,72.6,100,,,,,,,,,,,,,,,,
2026-06-30T20:02:37.119395+00:00,2026-07-01T06:02:37.115395,2,3,72.25,0.3,72.1,100,71.9,150,,,,,,,,,,,,,,,,,72.4,150,72.5,10,72.6,100,,,,,,,,,,,,,,
2026-06-30T20:02:37.601564+00:00,2026-07-01T06:02:37.596564,2,2,72.25,0.3,72.1,100,71.9,150,,,,,,,,,,,,,,,,,72.4,160,72.6,100,,,,,,,,,,,,,,,,
2026-06-30T20:02:37.726597+00:00,2026-07-01T06:02:37.724598,1,1,72.15,0.5,71.9,150,,,,,,,,,,,,,,,,,,,72.4,160,,,,,,,,,,,,,,,,,,
2026-06-30T20:02:37.781597+00:00,2026-07-01T06:02:37.776598,2,1,72.25,0.3,72.1,100,71.9,150,,,,,,,,,,,,,,,,,72.4,160,,,,,,,,,,,,,,,,,,
2026-06-30T20:02:37.835638+00:00,2026-07-01T06:02:37.829638,2,2,72.25,0.3,72.1,100,71.9,150,,,,,,,,,,,,,,,,,72.4,160,72.6,100,,,,,,,,,,,,,,,,
2026-06-30T20:02:38.087008+00:00,2026-07-01T06:02:38.086007,2,2,72.25,0.3,72.1,100,71.9,150,,,,,,,,,,,,,,,,,72.4,118,72.6,100,,,,,,,,,,,,,,,,
2026-06-30T20:02:38.109007+00:00,2026-07-01T06:02:38.105006,2,2,72.25,0.3,72.1,100,71.9,150,,,,,,,,,,,,,,,,,72.4,118,72.6,100,,,,,,,,,,,,,,,,
2026-06-30T20:02:38.142020+00:00,2026-07-01T06:02:38.140535,2,2,72.25,0.3,72.1,58,71.9,150,,,,,,,,,,,,,,,,,72.4,118,72.6,100,,,,,,,,,,,,,,,,
2026-06-30T20:02:38.611813+00:00,2026-07-01T06:02:38.609769,2,2,72.25,0.3,72.1,58,71.9,150,,,,,,,,,,,,,,,,,72.4,108,72.6,100,,,,,,,,,,,,,,,,
2026-06-30T20:02:38.622812+00:00,2026-07-01T06:02:38.613812,2,2,72.25,0.3,72.1,58,71.9,150,,,,,,,,,,,,,,,,,72.4,118,72.6,100,,,,,,,,,,,,,,,,
2026-06-30T20:02:39.126136+00:00,2026-07-01T06:02:39.125136,2,2,72.25,0.3,72.1,58,71.9,150,,,,,,,,,,,,,,,,,72.4,118,72.6,100,,,,,,,,,,,,,,,,
2026-06-30T20:02:39.269152+00:00,2026-07-01T06:02:39.266152,2,2,72.25,0.3,72.1,14,71.9,150,,,,,,,,,,,,,,,,,72.4,118,72.6,100,,,,,,,,,,,,,,,,
2026-06-30T20:02:39.639205+00:00,2026-07-01T06:02:39.633206,2,2,72.25,0.3,72.1,14,71.9,150,,,,,,,,,,,,,,,,,72.4,118,72.6,100,,,,,,,,,,,,,,,,
2026-06-30T20:02:39.857753+00:00,2026-07-01T06:02:39.847754,2,2,72.25,0.3,72.1,14,71.9,150,,,,,,,,,,,,,,,,,72.4,73,72.6,100,,,,,,,,,,,,,,,,
2026-06-30T20:02:40.144269+00:00,2026-07-01T06:02:40.143269,2,2,72.25,0.3,72.1,14,71.9,150,,,,,,,,,,,,,,,,,72.4,73,72.6,100,,,,,,,,,,,,,,,,
2026-06-30T20:02:40.177269+00:00,2026-07-01T06:02:40.174269,1,2,72.25,0.3,72.1,14,,,,,,,,,,,,,,,,,,,72.4,10,72.6,100,,,,,,,,,,,,,,,,
2026-06-30T20:02:40.232283+00:00,2026-07-01T06:02:40.226795,2,2,72.35,0.1,72.3,150,72.1,14,,,,,,,,,,,,,,,,,72.4,10,72.6,100,,,,,,,,,,,,,,,,
2026-06-30T20:02:40.287282+00:00,2026-07-01T06:02:40.278282,2,3,72.35,0.1,72.3,150,72.1,14,,,,,,,,,,,,,,,,,72.4,10,72.6,100,72.8,150,,,,,,,,,,,,,,
2026-06-30T20:02:40.648760+00:00,2026-07-01T06:02:40.646760,2,2,72.45,0.3,72.3,150,72.1,14,,,,,,,,,,,,,,,,,72.6,100,72.8,150,,,,,,,,,,,,,,,,
2026-06-30T20:02:40.659759+00:00,2026-07-01T06:02:40.651759,2,3,72.4,0.2,72.3,150,72.1,14,,,,,,,,,,,,,,,,,72.5,10,72.6,100,72.8,150,,,,,,,,,,,,,,
2026-06-30T20:02:40.889949+00:00,2026-07-01T06:02:40.884948,1,2,72.4,0.2,72.3,150,,,,,,,,,,,,,,,,,,,72.5,10,72.8,150,,,,,,,,,,,,,,,,
2026-06-30T20:02:40.966449+00:00,2026-07-01T06:02:40.957448,2,2,72.4,0.2,72.3,150,71.8,100,,,,,,,,,,,,,,,,,72.5,10,72.8,150,,,,,,,,,,,,,,,,
2026-06-30T20:02:41.020965+00:00,2026-07-01T06:02:41.011965,2,2,72.4,0.2,72.3,50,71.8,100,,,,,,,,,,,,,,,,,72.5,10,72.8,150,,,,,,,,,,,,,,,,
2026-06-30T20:02:41.163457+00:00,2026-07-01T06:02:41.159458,2,2,72.5,0.4,72.3,50,71.8,100,,,,,,,,,,,,,,,,,72.7,10,72.8,150,,,,,,,,,,,,,,,,
2026-06-30T20:02:41.665547+00:00,2026-07-01T06:02:41.664548,2,1,72.55,0.5,72.3,50,71.8,100,,,,,,,,,,,,,,,,,72.8,150,,,,,,,,,,,,,,,,,,
2026-06-30T20:02:41.687546+00:00,2026-07-01T06:02:41.676547,2,2,72.5,0.4,72.3,50,71.8,100,,,,,,,,,,,,,,,,,72.7,10,72.8,150,,,,,,,,,,,,,,,,
2026-06-30T20:02:42.025649+00:00,2026-07-01T06:02:42.016649,2,1,72.55,0.5,72.3,50,71.8,100,,,,,,,,,,,,,,,,,72.8,110,,,,,,,,,,,,,,,,,,
2026-06-30T20:02:42.179649+00:00,2026-07-01T06:02:42.175651,2,2,72.5,0.4,72.3,50,71.8,100,,,,,,,,,,,,,,,,,72.7,10,72.8,110,,,,,,,,,,,,,,,,
2026-06-30T20:02:42.694519+00:00,2026-07-01T06:02:42.688519,2,2,72.5,0.4,72.3,50,71.8,100,,,,,,,,,,,,,,,,,72.7,10,72.8,110,,,,,,,,,,,,,,,,
2026-06-30T20:02:43.210637+00:00,2026-07-01T06:02:43.200637,2,2,72.5,0.4,72.3,50,71.8,100,,,,,,,,,,,,,,,,,72.7,10,72.8,110,,,,,,,,,,,,,,,,
2026-06-30T20:02:43.341720+00:00,2026-07-01T06:02:43.335192,1,1,72.25,0.9,71.8,100,,,,,,,,,,,,,,,,,,,72.7,10,,,,,,,,,,,,,,,,,,
2026-06-30T20:02:43.396271+00:00,2026-07-01T06:02:43.387271,2,1,72.3,0.8,71.9,150,71.8,100,,,,,,,,,,,,,,,,,72.7,10,,,,,,,,,,,,,,,,,,
2026-06-30T20:02:43.450406+00:00,2026-07-01T06:02:43.440271,2,2,72.15,0.5,71.9,150,71.8,100,,,,,,,,,,,,,,,,,72.4,150,72.7,10,,,,,,,,,,,,,,,,
2026-06-30T20:02:43.713717+00:00,2026-07-01T06:02:43.706717,2,2,72.1,0.4,71.9,150,71.8,100,,,,,,,,,,,,,,,,,72.3,10,72.4,150,,,,,,,,,,,,,,,,
2026-06-30T20:02:44.074759+00:00,2026-07-01T06:02:44.065758,1,2,72.1,0.4,71.9,150,,,,,,,,,,,,,,,,,,,72.3,10,72.4,150,,,,,,,,,,,,,,,,
2026-06-30T20:02:44.129761+00:00,2026-07-01T06:02:44.118760,1,2,72.1,0.4,71.9,250,,,,,,,,,,,,,,,,,,,72.3,10,72.4,150,,,,,,,,,,,,,,,,
2026-06-30T20:02:44.184773+00:00,2026-07-01T06:02:44.175773,1,2,72.1,0.4,71.9,200,,,,,,,,,,,,,,,,,,,72.3,10,72.4,250,,,,,,,,,,,,,,,,
2026-06-30T20:02:44.217773+00:00,2026-07-01T06:02:44.214773,1,2,72.1,0.4,71.9,200,,,,,,,,,,,,,,,,,,,72.3,10,72.4,250,,,,,,,,,,,,,,,,
2026-06-30T20:02:44.721842+00:00,2026-07-01T06:02:44.719841,1,1,72.15,0.5,71.9,200,,,,,,,,,,,,,,,,,,,72.4,250,,,,,,,,,,,,,,,,,,
2026-06-30T20:02:44.732845+00:00,2026-07-01T06:02:44.723841,1,2,72.1,0.4,71.9,200,,,,,,,,,,,,,,,,,,,72.3,10,72.4,250,,,,,,,,,,,,,,,,
2026-06-30T20:02:45.236902+00:00,2026-07-01T06:02:45.225901,1,1,72.15,0.5,71.9,200,,,,,,,,,,,,,,,,,,,72.4,219,,,,,,,,,,,,,,,,,,
2026-06-30T20:02:46.230501+00:00,2026-07-01T06:02:46.229500,1,1,72.15,0.5,71.9,200,,,,,,,,,,,,,,,,,,,72.4,169,,,,,,,,,,,,,,,,,,
2026-06-30T20:02:46.502255+00:00,2026-07-01T06:02:46.496520,1,1,72.15,0.5,71.9,100,,,,,,,,,,,,,,,,,,,72.4,100,,,,,,,,,,,,,,,,,,
2026-06-30T20:02:46.556770+00:00,2026-07-01T06:02:46.549771,2,1,72.2,0.4,72.0,150,71.9,100,,,,,,,,,,,,,,,,,72.4,100,,,,,,,,,,,,,,,,,,
2026-06-30T20:02:46.611771+00:00,2026-07-01T06:02:46.601771,2,2,72.2,0.4,72.0,150,71.9,100,,,,,,,,,,,,,,,,,72.4,100,72.5,150,,,,,,,,,,,,,,,,
2026-06-30T20:02:46.763272+00:00,2026-07-01T06:02:46.761890,2,3,72.15,0.3,72.0,150,71.9,100,,,,,,,,,,,,,,,,,72.3,10,72.4,100,72.5,150,,,,,,,,,,,,,,
2026-06-30T20:02:47.233628+00:00,2026-07-01T06:02:47.231628,1,2,72.15,0.3,72.0,150,,,,,,,,,,,,,,,,,,,72.3,10,72.5,150,,,,,,,,,,,,,,,,
2026-06-30T20:02:47.277628+00:00,2026-07-01T06:02:47.270630,1,2,72.2,0.4,72.0,150,,,,,,,,,,,,,,,,,,,72.4,10,72.5,150,,,,,,,,,,,,,,,,
2026-06-30T20:02:47.288627+00:00,2026-07-01T06:02:47.283630,2,2,72.2,0.4,72.0,150,71.9,100,,,,,,,,,,,,,,,,,72.4,10,72.5,150,,,,,,,,,,,,,,,,
2026-06-30T20:02:47.343417+00:00,2026-07-01T06:02:47.335859,2,2,72.2,0.4,72.0,150,71.9,100,,,,,,,,,,,,,,,,,72.4,110,72.5,150,,,,,,,,,,,,,,,,
2026-06-30T20:02:47.779912+00:00,2026-07-01T06:02:47.778911,2,3,72.15,0.3,72.0,150,71.9,100,,,,,,,,,,,,,,,,,72.3,10,72.4,100,72.5,150,,,,,,,,,,,,,,
2026-06-30T20:02:48.293631+00:00,2026-07-01T06:02:48.288630,2,3,72.15,0.3,72.0,150,71.9,100,,,,,,,,,,,,,,,,,72.3,10,72.4,100,72.5,150,,,,,,,,,,,,,,
2026-06-30T20:02:48.348644+00:00,2026-07-01T06:02:48.337644,2,2,72.2,0.4,72.0,150,71.9,100,,,,,,,,,,,,,,,,,72.4,60,72.5,150,,,,,,,,,,,,,,,,
2026-06-30T20:02:48.786857+00:00,2026-07-01T06:02:48.782857,2,2,72.2,0.4,72.0,110,71.9,100,,,,,,,,,,,,,,,,,72.4,60,72.5,150,,,,,,,,,,,,,,,,
2026-06-30T20:02:49.310789+00:00,2026-07-01T06:02:49.305789,3,2,72.25,0.3,72.1,10,72.0,110,71.9,100,,,,,,,,,,,,,,,72.4,60,72.5,150,,,,,,,,,,,,,,,,
2026-06-30T20:02:49.660952+00:00,2026-07-01T06:02:49.656953,2,1,72.25,0.3,72.1,10,71.9,100,,,,,,,,,,,,,,,,,72.4,60,,,,,,,,,,,,,,,,,,
2026-06-30T20:02:49.716457+00:00,2026-07-01T06:02:49.712457,2,1,72.25,0.3,72.1,10,71.9,250,,,,,,,,,,,,,,,,,72.4,60,,,,,,,,,,,,,,,,,,
2026-06-30T20:02:49.770982+00:00,2026-07-01T06:02:49.763983,2,1,72.25,0.3,72.1,10,71.9,250,,,,,,,,,,,,,,,,,72.4,210,,,,,,,,,,,,,,,,,,
2026-06-30T20:02:49.814470+00:00,2026-07-01T06:02:49.810471,1,1,72.15,0.5,71.9,250,,,,,,,,,,,,,,,,,,,72.4,210,,,,,,,,,,,,,,,,,,
