recv_time,book_timestamp,n_bids,n_asks,mid,spread,bid_px_0,bid_vol_0,bid_px_1,bid_vol_1,bid_px_2,bid_vol_2,bid_px_3,bid_vol_3,bid_px_4,bid_vol_4,bid_px_5,bid_vol_5,bid_px_6,bid_vol_6,bid_px_7,bid_vol_7,bid_px_8,bid_vol_8,bid_px_9,bid_vol_9,ask_px_0,ask_vol_0,ask_px_1,ask_vol_1,ask_px_2,ask_vol_2,ask_px_3,ask_vol_3,ask_px_4,ask_vol_4,ask_px_5,ask_vol_5,ask_px_6,ask_vol_6,ask_px_7,ask_vol_7,ask_px_8,ask_vol_8,ask_px_9,ask_vol_9
2026-07-09T04:00:00.046532+00:00,2026-07-09T04:00:00.046683,2,3,120.45,0.3,120.3,100,120.1,150,,,,,,,,,,,,,,,,,120.6,118,120.8,100,121.0,1,,,,,,,,,,,,,,
2026-07-09T04:00:00.314273+00:00,2026-07-09T04:00:00.096793,3,3,120.5,0.2,120.4,5,120.3,100,120.1,150,,,,,,,,,,,,,,,120.6,118,120.8,100,121.0,6,,,,,,,,,,,,,,
2026-07-09T04:00:00.616710+00:00,2026-07-09T04:00:00.616659,2,3,120.45,0.3,120.3,100,120.1,150,,,,,,,,,,,,,,,,,120.6,118,120.8,100,121.0,1,,,,,,,,,,,,,,
2026-07-09T04:00:00.641804+00:00,2026-07-09T04:00:00.627921,3,4,120.5,0.2,120.4,5,120.3,100,120.1,150,,,,,,,,,,,,,,,120.6,118,120.8,100,120.9,1,121.0,5,,,,,,,,,,,,
2026-07-09T04:00:01.145884+00:00,2026-07-09T04:00:01.145865,2,3,120.45,0.3,120.3,100,120.1,150,,,,,,,,,,,,,,,,,120.6,118,120.8,100,120.9,1,,,,,,,,,,,,,,
2026-07-09T04:00:01.158597+00:00,2026-07-09T04:00:01.156377,3,4,120.5,0.2,120.4,5,120.3,100,120.1,150,,,,,,,,,,,,,,,120.6,118,120.8,100,120.9,1,121.0,5,,,,,,,,,,,,
2026-07-09T04:00:01.365381+00:00,2026-07-09T04:00:01.354770,2,4,120.45,0.3,120.3,55,120.1,150,,,,,,,,,,,,,,,,,120.6,118,120.8,100,120.9,1,121.0,5,,,,,,,,,,,,
2026-07-09T04:00:01.671754+00:00,2026-07-09T04:00:01.671721,2,3,120.45,0.3,120.3,55,120.1,150,,,,,,,,,,,,,,,,,120.6,118,120.8,100,120.9,1,,,,,,,,,,,,,,
2026-07-09T04:00:01.687349+00:00,2026-07-09T04:00:01.687326,3,4,120.5,0.2,120.4,5,120.3,55,120.1,150,,,,,,,,,,,,,,,120.6,118,120.8,100,120.9,1,121.0,5,,,,,,,,,,,,
2026-07-09T04:00:01.744985+00:00,2026-07-09T04:00:01.744951,3,3,120.5,0.2,120.4,5,120.3,55,120.1,150,,,,,,,,,,,,,,,120.6,118,120.8,101,121.0,5,,,,,,,,,,,,,,
2026-07-09T04:00:01.958697+00:00,2026-07-09T04:00:01.947045,2,2,120.6,0.4,120.4,5,120.3,55,,,,,,,,,,,,,,,,,120.8,101,121.0,5,,,,,,,,,,,,,,,,
2026-07-09T04:00:02.002719+00:00,2026-07-09T04:00:02.002581,3,2,120.6,0.4,120.4,5,120.3,55,120.2,150,,,,,,,,,,,,,,,120.8,101,121.0,5,,,,,,,,,,,,,,,,
2026-07-09T04:00:02.058610+00:00,2026-07-09T04:00:02.054960,3,3,120.55,0.3,120.4,5,120.3,55,120.2,150,,,,,,,,,,,,,,,120.7,150,120.8,101,121.0,5,,,,,,,,,,,,,,
2026-07-09T04:00:02.200931+00:00,2026-07-09T04:00:02.200823,2,2,120.5,0.4,120.3,55,120.2,150,,,,,,,,,,,,,,,,,120.7,150,120.8,101,,,,,,,,,,,,,,,,
2026-07-09T04:00:02.221646+00:00,2026-07-09T04:00:02.221528,3,3,120.55,0.3,120.4,5,120.3,55,120.2,150,,,,,,,,,,,,,,,120.7,150,120.8,101,121.0,5,,,,,,,,,,,,,,
2026-07-09T04:00:02.606986+00:00,2026-07-09T04:00:02.606922,2,3,120.55,0.3,120.4,5,120.2,150,,,,,,,,,,,,,,,,,120.7,150,120.8,1,121.0,5,,,,,,,,,,,,,,
2026-07-09T04:00:02.658561+00:00,2026-07-09T04:00:02.657831,2,3,120.55,0.3,120.4,5,120.2,250,,,,,,,,,,,,,,,,,120.7,150,120.8,1,121.0,5,,,,,,,,,,,,,,
2026-07-09T04:00:02.716867+00:00,2026-07-09T04:00:02.716761,2,3,120.55,0.3,120.4,5,120.2,250,,,,,,,,,,,,,,,,,120.7,250,120.8,1,121.0,5,,,,,,,,,,,,,,
2026-07-09T04:00:02.732408+00:00,2026-07-09T04:00:02.732316,1,2,120.45,0.5,120.2,250,,,,,,,,,,,,,,,,,,,120.7,250,120.8,1,,,,,,,,,,,,,,,,
2026-07-09T04:00:02.747978+00:00,2026-07-09T04:00:02.747893,2,2,120.55,0.3,120.4,5,120.2,250,,,,,,,,,,,,,,,,,120.7,250,120.8,1,,,,,,,,,,,,,,,,
2026-07-09T04:00:02.752971+00:00,2026-07-09T04:00:02.753033,2,3,120.55,0.3,120.4,5,120.2,250,,,,,,,,,,,,,,,,,120.7,250,120.8,1,121.0,5,,,,,,,,,,,,,,
2026-07-09T04:00:02.858628+00:00,2026-07-09T04:00:02.855644,2,3,120.55,0.3,120.4,5,120.2,250,,,,,,,,,,,,,,,,,120.7,250,120.9,1,121.0,5,,,,,,,,,,,,,,
2026-07-09T04:00:03.060126+00:00,2026-07-09T04:00:03.060064,2,2,120.55,0.3,120.4,5,120.2,250,,,,,,,,,,,,,,,,,120.7,250,121.0,5,,,,,,,,,,,,,,,,
2026-07-09T04:00:03.263861+00:00,2026-07-09T04:00:03.263816,1,1,120.45,0.5,120.2,250,,,,,,,,,,,,,,,,,,,120.7,250,,,,,,,,,,,,,,,,,,
2026-07-09T04:00:03.274257+00:00,2026-07-09T04:00:03.274173,1,2,120.45,0.5,120.2,255,,,,,,,,,,,,,,,,,,,120.7,250,120.8,5,,,,,,,,,,,,,,,,
2026-07-09T04:00:03.462967+00:00,2026-07-09T04:00:03.462867,1,2,120.45,0.5,120.2,205,,,,,,,,,,,,,,,,,,,120.7,250,120.8,5,,,,,,,,,,,,,,,,
2026-07-09T04:00:03.815813+00:00,2026-07-09T04:00:03.821873,2,1,120.45,0.5,120.2,200,120.1,5,,,,,,,,,,,,,,,,,120.7,255,,,,,,,,,,,,,,,,,,
2026-07-09T04:00:03.980435+00:00,2026-07-09T04:00:03.969827,2,2,120.4,0.4,120.2,200,120.1,5,,,,,,,,,,,,,,,,,120.6,1,120.7,255,,,,,,,,,,,,,,,,
2026-07-09T04:00:04.441902+00:00,2026-07-09T04:00:04.441846,1,2,120.4,0.4,120.2,200,,,,,,,,,,,,,,,,,,,120.6,1,120.7,250,,,,,,,,,,,,,,,,
2026-07-09T04:00:04.458617+00:00,2026-07-09T04:00:04.457414,1,3,120.4,0.4,120.2,205,,,,,,,,,,,,,,,,,,,120.6,1,120.7,250,120.8,5,,,,,,,,,,,,,,
2026-07-09T04:00:04.971148+00:00,2026-07-09T04:00:04.971093,1,2,120.4,0.4,120.2,205,,,,,,,,,,,,,,,,,,,120.6,1,120.7,250,,,,,,,,,,,,,,,,
2026-07-09T04:00:04.976437+00:00,2026-07-09T04:00:04.976242,1,2,120.4,0.4,120.2,200,,,,,,,,,,,,,,,,,,,120.6,1,120.7,250,,,,,,,,,,,,,,,,
2026-07-09T04:00:04.991998+00:00,2026-07-09T04:00:04.991934,1,3,120.4,0.4,120.2,205,,,,,,,,,,,,,,,,,,,120.6,1,120.7,250,120.8,5,,,,,,,,,,,,,,
2026-07-09T04:00:05.081931+00:00,2026-07-09T04:00:05.081891,1,2,120.45,0.5,120.2,205,,,,,,,,,,,,,,,,,,,120.7,251,120.8,5,,,,,,,,,,,,,,,,
2026-07-09T04:00:05.111198+00:00,2026-07-09T04:00:05.111082,1,2,120.45,0.5,120.2,105,,,,,,,,,,,,,,,,,,,120.7,101,120.8,5,,,,,,,,,,,,,,,,
2026-07-09T04:00:05.160465+00:00,2026-07-09T04:00:05.160428,2,2,120.45,0.5,120.2,105,119.8,150,,,,,,,,,,,,,,,,,120.7,101,120.8,5,,,,,,,,,,,,,,,,
2026-07-09T04:00:05.218362+00:00,2026-07-09T04:00:05.218487,2,3,120.25,0.1,120.2,105,119.8,150,,,,,,,,,,,,,,,,,120.3,150,120.7,101,120.8,5,,,,,,,,,,,,,,
2026-07-09T04:00:05.504704+00:00,2026-07-09T04:00:05.504643,2,2,120.25,0.1,120.2,100,119.8,150,,,,,,,,,,,,,,,,,120.3,150,120.7,101,,,,,,,,,,,,,,,,
2026-07-09T04:00:05.515115+00:00,2026-07-09T04:00:05.515022,2,2,120.25,0.1,120.2,100,119.8,150,,,,,,,,,,,,,,,,,120.3,128,120.7,101,,,,,,,,,,,,,,,,
2026-07-09T04:00:05.569282+00:00,2026-07-09T04:00:05.569131,2,3,120.25,0.1,120.2,100,119.8,150,,,,,,,,,,,,,,,,,120.3,128,120.7,101,120.8,5,,,,,,,,,,,,,,
2026-07-09T04:00:05.574558+00:00,2026-07-09T04:00:05.574459,2,3,120.25,0.1,120.2,50,119.8,150,,,,,,,,,,,,,,,,,120.3,128,120.7,101,120.8,5,,,,,,,,,,,,,,
2026-07-09T04:00:05.782726+00:00,2026-07-09T04:00:05.774518,1,3,120.05,0.5,119.8,150,,,,,,,,,,,,,,,,,,,120.3,114,120.7,1,120.8,5,,,,,,,,,,,,,,
2026-07-09T04:00:05.797962+00:00,2026-07-09T04:00:05.798214,1,2,120.05,0.5,119.8,150,,,,,,,,,,,,,,,,,,,120.3,89,120.8,5,,,,,,,,,,,,,,,,
2026-07-09T04:00:05.826727+00:00,2026-07-09T04:00:05.826605,2,2,120.2,0.2,120.1,100,119.8,150,,,,,,,,,,,,,,,,,120.3,89,120.8,5,,,,,,,,,,,,,,,,
2026-07-09T04:00:05.875193+00:00,2026-07-09T04:00:05.875091,2,3,120.2,0.2,120.1,100,119.8,150,,,,,,,,,,,,,,,,,120.3,89,120.6,100,120.8,5,,,,,,,,,,,,,,
2026-07-09T04:00:05.912921+00:00,2026-07-09T04:00:05.912863,2,3,120.2,0.2,120.1,100,119.8,150,,,,,,,,,,,,,,,,,120.3,84,120.6,100,120.8,5,,,,,,,,,,,,,,
2026-07-09T04:00:06.073278+00:00,2026-07-09T04:00:06.073195,2,2,120.2,0.2,120.1,100,119.8,150,,,,,,,,,,,,,,,,,120.3,84,120.6,100,,,,,,,,,,,,,,,,
2026-07-09T04:00:06.083738+00:00,2026-07-09T04:00:06.083604,2,3,120.2,0.2,120.1,100,119.8,150,,,,,,,,,,,,,,,,,120.3,84,120.6,100,121.0,5,,,,,,,,,,,,,,
2026-07-09T04:00:06.226342+00:00,2026-07-09T04:00:06.226249,2,4,120.2,0.2,120.1,100,119.8,150,,,,,,,,,,,,,,,,,120.3,84,120.6,100,120.9,1,121.0,5,,,,,,,,,,,,
2026-07-09T04:00:06.587479+00:00,2026-07-09T04:00:06.587424,2,3,120.2,0.2,120.1,100,119.8,150,,,,,,,,,,,,,,,,,120.3,84,120.6,100,120.9,1,,,,,,,,,,,,,,
2026-07-09T04:00:06.597853+00:00,2026-07-09T04:00:06.597768,2,4,120.2,0.2,120.1,100,119.8,150,,,,,,,,,,,,,,,,,120.3,84,120.6,100,120.9,1,121.0,5,,,,,,,,,,,,
2026-07-09T04:00:06.988145+00:00,2026-07-09T04:00:06.988117,2,4,120.2,0.2,120.1,100,119.8,150,,,,,,,,,,,,,,,,,120.3,38,120.6,100,120.9,1,121.0,5,,,,,,,,,,,,
2026-07-09T04:00:07.103050+00:00,2026-07-09T04:00:07.103264,2,3,120.2,0.2,120.1,100,119.8,150,,,,,,,,,,,,,,,,,120.3,38,120.6,100,120.9,1,,,,,,,,,,,,,,
2026-07-09T04:00:07.108363+00:00,2026-07-09T04:00:07.108548,2,4,120.2,0.2,120.1,100,119.8,150,,,,,,,,,,,,,,,,,120.3,38,120.6,100,120.9,1,121.0,5,,,,,,,,,,,,
2026-07-09T04:00:07.364042+00:00,2026-07-09T04:00:07.363963,2,4,120.2,0.2,120.1,100,119.8,150,,,,,,,,,,,,,,,,,120.3,38,120.6,100,120.9,1,121.0,5,,,,,,,,,,,,
2026-07-09T04:00:07.616895+00:00,2026-07-09T04:00:07.617027,2,3,120.2,0.2,120.1,100,119.8,150,,,,,,,,,,,,,,,,,120.3,38,120.6,100,120.9,1,,,,,,,,,,,,,,
2026-07-09T04:00:07.622340+00:00,2026-07-09T04:00:07.622232,2,4,120.2,0.2,120.1,100,119.8,150,,,,,,,,,,,,,,,,,120.3,38,120.6,100,120.9,1,121.0,5,,,,,,,,,,,,
2026-07-09T04:00:07.690993+00:00,2026-07-09T04:00:07.681047,2,4,120.2,0.2,120.1,50,119.8,150,,,,,,,,,,,,,,,,,120.3,38,120.6,100,120.9,1,121.0,5,,,,,,,,,,,,
2026-07-09T04:00:08.130228+00:00,2026-07-09T04:00:08.130128,2,3,120.2,0.2,120.1,50,119.8,150,,,,,,,,,,,,,,,,,120.3,38,120.6,100,120.9,1,,,,,,,,,,,,,,
2026-07-09T04:00:08.140610+00:00,2026-07-09T04:00:08.140559,2,4,120.2,0.2,120.1,50,119.8,150,,,,,,,,,,,,,,,,,120.3,38,120.6,100,120.9,1,121.0,5,,,,,,,,,,,,
2026-07-09T04:00:08.273364+00:00,2026-07-09T04:00:08.273285,1,3,120.35,0.5,120.1,50,,,,,,,,,,,,,,,,,,,120.6,100,120.9,1,121.0,5,,,,,,,,,,,,,,
2026-07-09T04:00:08.329083+00:00,2026-07-09T04:00:08.329196,2,3,120.55,0.1,120.5,150,120.1,50,,,,,,,,,,,,,,,,,120.6,100,120.9,1,121.0,5,,,,,,,,,,,,,,
2026-07-09T04:00:08.341226+00:00,2026-07-09T04:00:08.333938,2,3,120.55,0.1,120.5,139,120.1,50,,,,,,,,,,,,,,,,,120.6,100,120.9,1,121.0,5,,,,,,,,,,,,,,
2026-07-09T04:00:08.367129+00:00,2026-07-09T04:00:08.367007,2,2,120.55,0.1,120.5,139,120.1,50,,,,,,,,,,,,,,,,,120.6,100,121.0,5,,,,,,,,,,,,,,,,
2026-07-09T04:00:08.372333+00:00,2026-07-09T04:00:08.372230,2,2,120.55,0.1,120.5,129,120.1,50,,,,,,,,,,,,,,,,,120.6,100,121.0,5,,,,,,,,,,,,,,,,
2026-07-09T04:00:08.382552+00:00,2026-07-09T04:00:08.382728,2,3,120.55,0.1,120.5,129,120.1,50,,,,,,,,,,,,,,,,,120.6,100,120.9,1,121.0,155,,,,,,,,,,,,,,
2026-07-09T04:00:08.648251+00:00,2026-07-09T04:00:08.648194,2,3,120.55,0.1,120.5,129,120.1,50,,,,,,,,,,,,,,,,,120.6,100,120.9,1,121.0,150,,,,,,,,,,,,,,
2026-07-09T04:00:08.658657+00:00,2026-07-09T04:00:08.658591,2,3,120.55,0.1,120.5,129,120.1,50,,,,,,,,,,,,,,,,,120.6,100,120.9,1,121.0,155,,,,,,,,,,,,,,
2026-07-09T04:00:08.931186+00:00,2026-07-09T04:00:08.931107,2,2,120.7,0.4,120.5,129,120.1,50,,,,,,,,,,,,,,,,,120.9,1,121.0,155,,,,,,,,,,,,,,,,
2026-07-09T04:00:08.936372+00:00,2026-07-09T04:00:08.936277,1,2,120.7,0.4,120.5,129,,,,,,,,,,,,,,,,,,,120.9,1,121.0,155,,,,,,,,,,,,,,,,
2026-07-09T04:00:08.988947+00:00,2026-07-09T04:00:08.988752,2,2,120.7,0.4,120.5,129,119.9,100,,,,,,,,,,,,,,,,,120.9,1,121.0,155,,,,,,,,,,,,,,,,
2026-07-09T04:00:09.041858+00:00,2026-07-09T04:00:09.042084,2,2,120.7,0.4,120.5,29,119.9,100,,,,,,,,,,,,,,,,,120.9,1,121.0,155,,,,,,,,,,,,,,,,
2026-07-09T04:00:09.168870+00:00,2026-07-09T04:00:09.168989,2,2,120.7,0.4,120.5,29,119.9,100,,,,,,,,,,,,,,,,,120.9,1,121.0,150,,,,,,,,,,,,,,,,
2026-07-09T04:00:09.179256+00:00,2026-07-09T04:00:09.179354,2,2,120.7,0.4,120.5,29,119.9,100,,,,,,,,,,,,,,,,,120.9,1,121.0,155,,,,,,,,,,,,,,,,
2026-07-09T04:00:09.494013+00:00,2026-07-09T04:00:09.493927,2,2,120.7,0.4,120.5,29,119.9,100,,,,,,,,,,,,,,,,,120.9,1,121.0,155,,,,,,,,,,,,,,,,
2026-07-09T04:00:09.690065+00:00,2026-07-09T04:00:09.689907,2,2,120.7,0.4,120.5,29,119.9,100,,,,,,,,,,,,,,,,,120.9,1,121.0,150,,,,,,,,,,,,,,,,
2026-07-09T04:00:09.700545+00:00,2026-07-09T04:00:09.700373,2,3,120.7,0.4,120.5,29,119.9,100,,,,,,,,,,,,,,,,,120.9,1,121.0,150,121.1,5,,,,,,,,,,,,,,
2026-07-09T04:00:09.800787+00:00,2026-07-09T04:00:09.800626,1,3,120.4,1.0,119.9,79,,,,,,,,,,,,,,,,,,,120.9,1,121.0,150,121.1,5,,,,,,,,,,,,,,
2026-07-09T04:00:10.204843+00:00,2026-07-09T04:00:10.204970,1,2,120.4,1.0,119.9,79,,,,,,,,,,,,,,,,,,,120.9,1,121.0,150,,,,,,,,,,,,,,,,
2026-07-09T04:00:10.215425+00:00,2026-07-09T04:00:10.215332,1,3,120.4,1.0,119.9,79,,,,,,,,,,,,,,,,,,,120.9,1,121.0,150,121.1,5,,,,,,,,,,,,,,
2026-07-09T04:00:10.605624+00:00,2026-07-09T04:00:10.605503,1,2,120.45,1.1,119.9,79,,,,,,,,,,,,,,,,,,,121.0,151,121.1,5,,,,,,,,,,,,,,,,
2026-07-09T04:00:10.720245+00:00,2026-07-09T04:00:10.720128,1,1,120.45,1.1,119.9,79,,,,,,,,,,,,,,,,,,,121.0,151,,,,,,,,,,,,,,,,,,
2026-07-09T04:00:10.730552+00:00,2026-07-09T04:00:10.730466,1,2,120.45,1.1,119.9,79,,,,,,,,,,,,,,,,,,,121.0,151,121.1,5,,,,,,,,,,,,,,,,
2026-07-09T04:00:11.239136+00:00,2026-07-09T04:00:11.239023,1,1,120.45,1.1,119.9,79,,,,,,,,,,,,,,,,,,,121.0,151,,,,,,,,,,,,,,,,,,
2026-07-09T04:00:11.244140+00:00,2026-07-09T04:00:11.244224,1,2,120.45,1.1,119.9,79,,,,,,,,,,,,,,,,,,,121.0,151,121.2,5,,,,,,,,,,,,,,,,
2026-07-09T04:00:11.432641+00:00,2026-07-09T04:00:11.432589,1,2,120.45,1.1,119.9,79,,,,,,,,,,,,,,,,,,,121.0,1,121.2,5,,,,,,,,,,,,,,,,
2026-07-09T04:00:11.487315+00:00,2026-07-09T04:00:11.487389,2,2,120.55,0.9,120.1,150,119.9,79,,,,,,,,,,,,,,,,,121.0,1,121.2,5,,,,,,,,,,,,,,,,
2026-07-09T04:00:11.538236+00:00,2026-07-09T04:00:11.538152,2,3,120.35,0.5,120.1,150,119.9,79,,,,,,,,,,,,,,,,,120.6,150,121.0,1,121.2,5,,,,,,,,,,,,,,
2026-07-09T04:00:11.712735+00:00,2026-07-09T04:00:11.712673,2,2,120.35,0.5,120.1,150,119.9,79,,,,,,,,,,,,,,,,,120.6,150,121.2,5,,,,,,,,,,,,,,,,
2026-07-09T04:00:11.717922+00:00,2026-07-09T04:00:11.717835,2,3,120.35,0.5,120.1,150,119.9,79,,,,,,,,,,,,,,,,,120.6,150,121.1,1,121.2,5,,,,,,,,,,,,,,
2026-07-09T04:00:11.764610+00:00,2026-07-09T04:00:11.752796,2,3,120.35,0.5,120.1,150,119.9,79,,,,,,,,,,,,,,,,,120.6,150,121.1,1,121.2,5,,,,,,,,,,,,,,
2026-07-09T04:00:11.813381+00:00,2026-07-09T04:00:11.813340,2,3,120.35,0.5,120.1,150,119.9,79,,,,,,,,,,,,,,,,,120.6,104,121.1,1,121.2,5,,,,,,,,,,,,,,
2026-07-09T04:00:12.098959+00:00,2026-07-09T04:00:12.098797,1,3,120.35,0.5,120.1,150,,,,,,,,,,,,,,,,,,,120.6,104,121.1,1,121.2,5,,,,,,,,,,,,,,
2026-07-09T04:00:12.158630+00:00,2026-07-09T04:00:12.152711,2,3,120.45,0.3,120.3,100,120.1,150,,,,,,,,,,,,,,,,,120.6,104,121.1,1,121.2,5,,,,,,,,,,,,,,
2026-07-09T04:00:12.225330+00:00,2026-07-09T04:00:12.225233,2,4,120.45,0.3,120.3,100,120.1,150,,,,,,,,,,,,,,,,,120.6,104,120.8,100,121.1,1,121.2,5,,,,,,,,,,,,
2026-07-09T04:00:12.267213+00:00,2026-07-09T04:00:12.267115,2,3,120.45,0.3,120.3,100,120.1,150,,,,,,,,,,,,,,,,,120.6,104,120.8,100,121.1,1,,,,,,,,,,,,,,
2026-07-09T04:00:12.272378+00:00,2026-07-09T04:00:12.272311,2,4,120.45,0.3,120.3,100,120.1,150,,,,,,,,,,,,,,,,,120.6,104,120.8,100,121.1,1,121.2,5,,,,,,,,,,,,
2026-07-09T04:00:12.826122+00:00,2026-07-09T04:00:12.826024,2,2,120.45,0.3,120.3,100,120.1,150,,,,,,,,,,,,,,,,,120.6,104,120.8,100,,,,,,,,,,,,,,,,
2026-07-09T04:00:12.831305+00:00,2026-07-09T04:00:12.831245,2,4,120.45,0.3,120.3,100,120.1,150,,,,,,,,,,,,,,,,,120.6,104,120.8,100,121.0,1,121.1,5,,,,,,,,,,,,
2026-07-09T04:00:13.338553+00:00,2026-07-09T04:00:13.338436,2,3,120.45,0.3,120.3,100,120.1,150,,,,,,,,,,,,,,,,,120.6,104,120.8,100,121.0,1,,,,,,,,,,,,,,
2026-07-09T04:00:13.348910+00:00,2026-07-09T04:00:13.348813,2,3,120.45,0.3,120.3,100,120.1,150,,,,,,,,,,,,,,,,,120.6,104,120.8,100,121.0,6,,,,,,,,,,,,,,
2026-07-09T04:00:13.858560+00:00,2026-07-09T04:00:13.856806,2,3,120.45,0.3,120.3,100,120.1,150,,,,,,,,,,,,,,,,,120.6,104,120.8,100,121.0,6,,,,,,,,,,,,,,
2026-07-09T04:00:13.939606+00:00,2026-07-09T04:00:13.939555,2,4,120.45,0.3,120.3,100,120.1,150,,,,,,,,,,,,,,,,,120.6,104,120.8,100,120.9,1,121.0,5,,,,,,,,,,,,
2026-07-09T04:00:14.018793+00:00,2026-07-09T04:00:14.018922,2,4,120.45,0.3,120.3,50,120.1,150,,,,,,,,,,,,,,,,,120.6,104,120.8,100,120.9,1,121.0,5,,,,,,,,,,,,
2026-07-09T04:00:14.371084+00:00,2026-07-09T04:00:14.371011,2,3,120.45,0.3,120.3,50,120.1,150,,,,,,,,,,,,,,,,,120.6,104,120.8,100,120.9,1,,,,,,,,,,,,,,
2026-07-09T04:00:14.381489+00:00,2026-07-09T04:00:14.381435,2,4,120.45,0.3,120.3,50,120.1,150,,,,,,,,,,,,,,,,,120.6,104,120.8,100,120.9,1,121.0,5,,,,,,,,,,,,
2026-07-09T04:00:14.616111+00:00,2026-07-09T04:00:14.616050,1,3,120.55,0.5,120.3,50,,,,,,,,,,,,,,,,,,,120.8,100,120.9,1,121.0,5,,,,,,,,,,,,,,
2026-07-09T04:00:14.674032+00:00,2026-07-09T04:00:14.674135,2,3,120.55,0.5,120.3,50,120.1,150,,,,,,,,,,,,,,,,,120.8,100,120.9,1,121.0,5,,,,,,,,,,,,,,
2026-07-09T04:00:14.727588+00:00,2026-07-09T04:00:14.727675,2,4,120.45,0.3,120.3,50,120.1,150,,,,,,,,,,,,,,,,,120.6,150,120.8,100,120.9,1,121.0,5,,,,,,,,,,,,
2026-07-09T04:00:14.888282+00:00,2026-07-09T04:00:14.888188,2,3,120.45,0.3,120.3,50,120.1,150,,,,,,,,,,,,,,,,,120.6,150,120.8,100,120.9,1,,,,,,,,,,,,,,
2026-07-09T04:00:14.893487+00:00,2026-07-09T04:00:14.893424,2,4,120.45,0.3,120.3,50,120.1,150,,,,,,,,,,,,,,,,,120.6,150,120.8,100,120.9,1,121.0,5,,,,,,,,,,,,
2026-07-09T04:00:15.046750+00:00,2026-07-09T04:00:15.046660,2,3,120.45,0.3,120.3,50,120.1,150,,,,,,,,,,,,,,,,,120.6,150,120.8,100,121.0,5,,,,,,,,,,,,,,
2026-07-09T04:00:15.051905+00:00,2026-07-09T04:00:15.051858,2,4,120.45,0.3,120.3,50,120.1,150,,,,,,,,,,,,,,,,,120.6,150,120.8,100,120.9,1,121.0,5,,,,,,,,,,,,
2026-07-09T04:00:15.282065+00:00,2026-07-09T04:00:15.282014,2,3,120.45,0.3,120.3,50,120.1,150,,,,,,,,,,,,,,,,,120.6,150,120.9,1,121.0,5,,,,,,,,,,,,,,
2026-07-09T04:00:15.287241+00:00,2026-07-09T04:00:15.287198,1,3,120.35,0.5,120.1,150,,,,,,,,,,,,,,,,,,,120.6,150,120.9,1,121.0,5,,,,,,,,,,,,,,
2026-07-09T04:00:15.329856+00:00,2026-07-09T04:00:15.329792,1,3,120.35,0.5,120.1,107,,,,,,,,,,,,,,,,,,,120.6,150,120.9,1,121.0,5,,,,,,,,,,,,,,
2026-07-09T04:00:15.334889+00:00,2026-07-09T04:00:15.335023,2,3,120.35,0.5,120.1,107,119.9,100,,,,,,,,,,,,,,,,,120.6,150,120.9,1,121.0,5,,,,,,,,,,,,,,
2026-07-09T04:00:15.388662+00:00,2026-07-09T04:00:15.388852,2,4,120.25,0.3,120.1,107,119.9,100,,,,,,,,,,,,,,,,,120.4,100,120.6,150,120.9,1,121.0,5,,,,,,,,,,,,
2026-07-09T04:00:15.400240+00:00,2026-07-09T04:00:15.400189,2,3,120.25,0.3,120.1,107,119.9,100,,,,,,,,,,,,,,,,,120.4,100,120.6,150,120.9,1,,,,,,,,,,,,,,
2026-07-09T04:00:15.410670+00:00,2026-07-09T04:00:15.410586,2,4,120.25,0.3,120.1,107,119.9,100,,,,,,,,,,,,,,,,,120.4,100,120.6,150,120.9,1,121.0,5,,,,,,,,,,,,
2026-07-09T04:00:15.889097+00:00,2026-07-09T04:00:15.889067,2,4,120.25,0.3,120.1,107,119.9,100,,,,,,,,,,,,,,,,,120.4,52,120.6,150,120.9,1,121.0,5,,,,,,,,,,,,
2026-07-09T04:00:15.919840+00:00,2026-07-09T04:00:15.919695,2,3,120.25,0.3,120.1,107,119.9,100,,,,,,,,,,,,,,,,,120.4,52,120.6,150,120.9,1,,,,,,,,,,,,,,
2026-07-09T04:00:15.924816+00:00,2026-07-09T04:00:15.924903,2,4,120.25,0.3,120.1,107,119.9,100,,,,,,,,,,,,,,,,,120.4,52,120.6,150,120.8,5,120.9,1,,,,,,,,,,,,
2026-07-09T04:00:16.074932+00:00,2026-07-09T04:00:16.074877,2,4,120.25,0.3,120.1,107,119.9,100,,,,,,,,,,,,,,,,,120.4,2,120.6,150,120.8,5,120.9,1,,,,,,,,,,,,
2026-07-09T04:00:16.163880+00:00,2026-07-09T04:00:16.163770,2,4,120.25,0.3,120.1,107,119.9,100,,,,,,,,,,,,,,,,,120.4,2,120.6,150,120.7,1,120.8,5,,,,,,,,,,,,
2026-07-09T04:00:16.464511+00:00,2026-07-09T04:00:16.464451,2,3,120.25,0.3,120.1,107,119.9,100,,,,,,,,,,,,,,,,,120.4,2,120.6,150,120.7,1,,,,,,,,,,,,,,
2026-07-09T04:00:16.474761+00:00,2026-07-09T04:00:16.474838,2,3,120.25,0.3,120.1,63,119.9,100,,,,,,,,,,,,,,,,,120.4,2,120.6,150,120.7,1,,,,,,,,,,,,,,
2026-07-09T04:00:16.480251+00:00,2026-07-09T04:00:16.480144,2,4,120.25,0.3,120.1,63,119.9,100,,,,,,,,,,,,,,,,,120.4,2,120.6,150,120.7,1,121.0,5,,,,,,,,,,,,
2026-07-09T04:00:16.991258+00:00,2026-07-09T04:00:16.991101,2,3,120.25,0.3,120.1,63,119.9,100,,,,,,,,,,,,,,,,,120.4,2,120.6,150,120.7,1,,,,,,,,,,,,,,
2026-07-09T04:00:16.996380+00:00,2026-07-09T04:00:16.996322,2,4,120.25,0.3,120.1,63,119.9,100,,,,,,,,,,,,,,,,,120.4,2,120.6,150,120.7,1,121.0,5,,,,,,,,,,,,
2026-07-09T04:00:17.271801+00:00,2026-07-09T04:00:17.271943,2,4,120.25,0.3,120.1,63,119.9,100,,,,,,,,,,,,,,,,,120.4,2,120.6,150,120.8,1,121.0,5,,,,,,,,,,,,
2026-07-09T04:00:17.505820+00:00,2026-07-09T04:00:17.505663,2,3,120.25,0.3,120.1,63,119.9,100,,,,,,,,,,,,,,,,,120.4,2,120.6,150,120.8,1,,,,,,,,,,,,,,
2026-07-09T04:00:17.510931+00:00,2026-07-09T04:00:17.510862,2,4,120.25,0.3,120.1,63,119.9,100,,,,,,,,,,,,,,,,,120.4,2,120.6,150,120.8,1,121.0,5,,,,,,,,,,,,
2026-07-09T04:00:17.781160+00:00,2026-07-09T04:00:17.781096,1,3,120.15,0.5,119.9,100,,,,,,,,,,,,,,,,,,,120.4,2,120.8,1,121.0,5,,,,,,,,,,,,,,
2026-07-09T04:00:17.836746+00:00,2026-07-09T04:00:17.836698,2,3,120.15,0.5,119.9,100,119.6,150,,,,,,,,,,,,,,,,,120.4,2,120.8,1,121.0,5,,,,,,,,,,,,,,
2026-07-09T04:00:17.915595+00:00,2026-07-09T04:00:17.903888,2,4,120.0,0.2,119.9,100,119.6,150,,,,,,,,,,,,,,,,,120.1,139,120.4,2,120.8,1,121.0,5,,,,,,,,,,,,
2026-07-09T04:00:17.980723+00:00,2026-07-09T04:00:17.980546,2,3,120.0,0.2,119.9,100,119.6,150,,,,,,,,,,,,,,,,,120.1,139,120.4,2,121.0,5,,,,,,,,,,,,,,
2026-07-09T04:00:17.985931+00:00,2026-07-09T04:00:17.985777,2,3,120.0,0.2,119.9,100,119.6,150,,,,,,,,,,,,,,,,,120.1,129,120.4,2,121.0,5,,,,,,,,,,,,,,
2026-07-09T04:00:18.016168+00:00,2026-07-09T04:00:18.016115,2,2,120.0,0.2,119.9,100,119.6,150,,,,,,,,,,,,,,,,,120.1,129,120.4,2,,,,,,,,,,,,,,,,
2026-07-09T04:00:18.026530+00:00,2026-07-09T04:00:18.026506,2,3,120.0,0.2,119.9,100,119.6,150,,,,,,,,,,,,,,,,,120.1,129,120.4,2,120.9,5,,,,,,,,,,,,,,
2026-07-09T04:00:18.184639+00:00,2026-07-09T04:00:18.184584,2,3,120.0,0.2,119.9,100,119.6,150,,,,,,,,,,,,,,,,,120.1,79,120.4,2,120.9,5,,,,,,,,,,,,,,
2026-07-09T04:00:18.397643+00:00,2026-07-09T04:00:18.397582,2,4,120.0,0.2,119.9,100,119.6,150,,,,,,,,,,,,,,,,,120.1,79,120.4,2,120.8,1,120.9,5,,,,,,,,,,,,
2026-07-09T04:00:18.447770+00:00,2026-07-09T04:00:18.447641,1,3,119.85,0.5,119.6,150,,,,,,,,,,,,,,,,,,,120.1,79,120.8,1,120.9,5,,,,,,,,,,,,,,
2026-07-09T04:00:18.502728+00:00,2026-07-09T04:00:18.502642,2,2,120.45,0.7,120.1,21,119.6,150,,,,,,,,,,,,,,,,,120.8,1,120.9,5,,,,,,,,,,,,,,,,
2026-07-09T04:00:18.530470+00:00,2026-07-09T04:00:18.530386,2,1,120.45,0.7,120.1,21,119.6,150,,,,,,,,,,,,,,,,,120.8,1,,,,,,,,,,,,,,,,,,
2026-07-09T04:00:18.540820+00:00,2026-07-09T04:00:18.540719,2,2,120.45,0.7,120.1,21,119.6,150,,,,,,,,,,,,,,,,,120.8,1,120.9,5,,,,,,,,,,,,,,,,
2026-07-09T04:00:18.557230+00:00,2026-07-09T04:00:18.557162,2,3,120.35,0.5,120.1,21,119.6,150,,,,,,,,,,,,,,,,,120.6,100,120.8,1,120.9,5,,,,,,,,,,,,,,
2026-07-09T04:00:18.663919+00:00,2026-07-09T04:00:18.663855,1,3,120.1,1.0,119.6,150,,,,,,,,,,,,,,,,,,,120.6,100,120.8,1,120.9,5,,,,,,,,,,,,,,
2026-07-09T04:00:19.045519+00:00,2026-07-09T04:00:19.045429,1,2,120.1,1.0,119.6,150,,,,,,,,,,,,,,,,,,,120.6,100,120.8,1,,,,,,,,,,,,,,,,
2026-07-09T04:00:19.058591+00:00,2026-07-09T04:00:19.055783,1,3,120.1,1.0,119.6,150,,,,,,,,,,,,,,,,,,,120.6,100,120.8,1,121.0,5,,,,,,,,,,,,,,
2026-07-09T04:00:19.505883+00:00,2026-07-09T04:00:19.505778,1,3,120.1,1.0,119.6,150,,,,,,,,,,,,,,,,,,,120.6,100,120.8,1,121.0,5,,,,,,,,,,,,,,
2026-07-09T04:00:19.558648+00:00,2026-07-09T04:00:19.554989,1,2,120.1,1.0,119.6,150,,,,,,,,,,,,,,,,,,,120.6,100,120.8,1,,,,,,,,,,,,,,,,
2026-07-09T04:00:19.569941+00:00,2026-07-09T04:00:19.569823,1,3,120.1,1.0,119.6,150,,,,,,,,,,,,,,,,,,,120.6,100,120.8,1,121.0,5,,,,,,,,,,,,,,
2026-07-09T04:00:20.096564+00:00,2026-07-09T04:00:20.096496,1,2,120.1,1.0,119.6,150,,,,,,,,,,,,,,,,,,,120.6,100,120.8,1,,,,,,,,,,,,,,,,
2026-07-09T04:00:20.107083+00:00,2026-07-09T04:00:20.106948,1,3,120.1,1.0,119.6,150,,,,,,,,,,,,,,,,,,,120.6,100,120.8,1,121.0,5,,,,,,,,,,,,,,
2026-07-09T04:00:20.614476+00:00,2026-07-09T04:00:20.614341,1,1,120.1,1.0,119.6,150,,,,,,,,,,,,,,,,,,,120.6,100,,,,,,,,,,,,,,,,,,
2026-07-09T04:00:20.619681+00:00,2026-07-09T04:00:20.619572,1,3,120.1,1.0,119.6,150,,,,,,,,,,,,,,,,,,,120.6,100,120.8,1,120.9,5,,,,,,,,,,,,,,
2026-07-09T04:00:20.717867+00:00,2026-07-09T04:00:20.718067,1,3,120.1,1.0,119.6,150,,,,,,,,,,,,,,,,,,,120.6,58,120.8,1,120.9,5,,,,,,,,,,,,,,
2026-07-09T04:00:20.945871+00:00,2026-07-09T04:00:20.945814,0,3,,,,,,,,,,,,,,,,,,,,,,,120.6,58,120.8,1,120.9,5,,,,,,,,,,,,,,
2026-07-09T04:00:20.999905+00:00,2026-07-09T04:00:20.999779,1,3,120.4,0.4,120.2,150,,,,,,,,,,,,,,,,,,,120.6,58,120.8,1,120.9,5,,,,,,,,,,,,,,
2026-07-09T04:00:21.058601+00:00,2026-07-09T04:00:21.053253,1,4,120.4,0.4,120.2,150,,,,,,,,,,,,,,,,,,,120.6,58,120.7,150,120.8,1,120.9,5,,,,,,,,,,,,
2026-07-09T04:00:21.129251+00:00,2026-07-09T04:00:21.129342,1,3,120.4,0.4,120.2,150,,,,,,,,,,,,,,,,,,,120.6,58,120.7,150,120.8,1,,,,,,,,,,,,,,
2026-07-09T04:00:21.139937+00:00,2026-07-09T04:00:21.139795,1,4,120.4,0.4,120.2,150,,,,,,,,,,,,,,,,,,,120.6,58,120.7,150,120.8,1,120.9,5,,,,,,,,,,,,
2026-07-09T04:00:21.519408+00:00,2026-07-09T04:00:21.511345,1,4,120.4,0.4,120.2,139,,,,,,,,,,,,,,,,,,,120.6,58,120.7,150,120.8,1,120.9,5,,,,,,,,,,,,
2026-07-09T04:00:21.535224+00:00,2026-07-09T04:00:21.535007,1,3,120.4,0.4,120.2,129,,,,,,,,,,,,,,,,,,,120.6,58,120.7,150,120.9,5,,,,,,,,,,,,,,
2026-07-09T04:00:21.610756+00:00,2026-07-09T04:00:21.610631,1,2,120.45,0.5,120.2,129,,,,,,,,,,,,,,,,,,,120.7,150,120.9,5,,,,,,,,,,,,,,,,
2026-07-09T04:00:21.645440+00:00,2026-07-09T04:00:21.645288,1,1,120.45,0.5,120.2,129,,,,,,,,,,,,,,,,,,,120.7,150,,,,,,,,,,,,,,,,,,
2026-07-09T04:00:21.650623+00:00,2026-07-09T04:00:21.650496,1,1,120.45,0.5,120.2,129,,,,,,,,,,,,,,,,,,,120.7,155,,,,,,,,,,,,,,,,,,
2026-07-09T04:00:21.658610+00:00,2026-07-09T04:00:21.657671,2,1,120.45,0.5,120.2,129,119.8,100,,,,,,,,,,,,,,,,,120.7,155,,,,,,,,,,,,,,,,,,
2026-07-09T04:00:21.713417+00:00,2026-07-09T04:00:21.713356,2,2,120.25,0.1,120.2,129,119.8,100,,,,,,,,,,,,,,,,,120.3,100,120.7,155,,,,,,,,,,,,,,,,
2026-07-09T04:00:21.746879+00:00,2026-07-09T04:00:21.746790,2,3,120.25,0.1,120.2,129,119.8,100,,,,,,,,,,,,,,,,,120.3,100,120.6,1,120.7,155,,,,,,,,,,,,,,
2026-07-09T04:00:21.858628+00:00,2026-07-09T04:00:21.853438,2,2,120.25,0.1,120.2,129,119.8,100,,,,,,,,,,,,,,,,,120.3,100,120.7,155,,,,,,,,,,,,,,,,
2026-07-09T04:00:22.158576+00:00,2026-07-09T04:00:22.157604,2,2,120.25,0.1,120.2,129,119.8,100,,,,,,,,,,,,,,,,,120.3,100,120.7,155,,,,,,,,,,,,,,,,
2026-07-09T04:00:22.428339+00:00,2026-07-09T04:00:22.428215,2,2,120.25,0.1,120.2,129,119.8,100,,,,,,,,,,,,,,,,,120.3,50,120.7,155,,,,,,,,,,,,,,,,
2026-07-09T04:00:22.672178+00:00,2026-07-09T04:00:22.672060,2,2,120.25,0.1,120.2,129,119.8,100,,,,,,,,,,,,,,,,,120.3,50,120.7,150,,,,,,,,,,,,,,,,
2026-07-09T04:00:22.682522+00:00,2026-07-09T04:00:22.682462,2,3,120.25,0.1,120.2,129,119.8,100,,,,,,,,,,,,,,,,,120.3,50,120.7,150,120.8,5,,,,,,,,,,,,,,
2026-07-09T04:00:22.826674+00:00,2026-07-09T04:00:22.820328,2,3,120.25,0.1,120.2,126,119.8,100,,,,,,,,,,,,,,,,,120.3,50,120.7,150,120.8,5,,,,,,,,,,,,,,
2026-07-09T04:00:22.881840+00:00,2026-07-09T04:00:22.881811,2,3,120.25,0.1,120.2,116,119.8,100,,,,,,,,,,,,,,,,,120.3,50,120.7,150,120.8,5,,,,,,,,,,,,,,
2026-07-09T04:00:22.892304+00:00,2026-07-09T04:00:22.892179,2,4,120.25,0.1,120.2,116,119.8,100,,,,,,,,,,,,,,,,,120.3,50,120.5,1,120.7,150,120.8,5,,,,,,,,,,,,
2026-07-09T04:00:22.997568+00:00,2026-07-09T04:00:22.997502,2,3,120.25,0.1,120.2,116,119.8,100,,,,,,,,,,,,,,,,,120.3,50,120.7,150,120.8,5,,,,,,,,,,,,,,
2026-07-09T04:00:23.002594+00:00,2026-07-09T04:00:23.002722,2,3,120.25,0.1,120.2,106,119.8,100,,,,,,,,,,,,,,,,,120.3,50,120.7,150,120.8,5,,,,,,,,,,,,,,
2026-07-09T04:00:23.199371+00:00,2026-07-09T04:00:23.199441,2,2,120.25,0.1,120.2,106,119.8,100,,,,,,,,,,,,,,,,,120.3,50,120.7,150,,,,,,,,,,,,,,,,
2026-07-09T04:00:23.204724+00:00,2026-07-09T04:00:23.204630,2,3,120.25,0.1,120.2,106,119.8,100,,,,,,,,,,,,,,,,,120.3,50,120.6,5,120.7,150,,,,,,,,,,,,,,
2026-07-09T04:00:23.718236+00:00,2026-07-09T04:00:23.718142,2,2,120.25,0.1,120.2,106,119.8,100,,,,,,,,,,,,,,,,,120.3,50,120.7,150,,,,,,,,,,,,,,,,
2026-07-09T04:00:23.723439+00:00,2026-07-09T04:00:23.723349,2,3,120.25,0.1,120.2,106,119.8,100,,,,,,,,,,,,,,,,,120.3,50,120.6,5,120.7,150,,,,,,,,,,,,,,
2026-07-09T04:00:24.019460+00:00,2026-07-09T04:00:24.019360,2,4,120.25,0.1,120.2,106,119.8,100,,,,,,,,,,,,,,,,,120.3,50,120.5,1,120.6,5,120.7,150,,,,,,,,,,,,
2026-07-09T04:00:24.107799+00:00,2026-07-09T04:00:24.107714,1,3,120.05,0.5,119.8,100,,,,,,,,,,,,,,,,,,,120.3,50,120.5,1,120.6,5,,,,,,,,,,,,,,
2026-07-09T04:00:24.158646+00:00,2026-07-09T04:00:24.157804,2,3,120.05,0.5,119.8,100,119.7,150,,,,,,,,,,,,,,,,,120.3,50,120.5,1,120.6,5,,,,,,,,,,,,,,
2026-07-09T04:00:24.216652+00:00,2026-07-09T04:00:24.216501,2,4,120.0,0.4,119.8,100,119.7,150,,,,,,,,,,,,,,,,,120.2,150,120.3,50,120.5,1,120.6,5,,,,,,,,,,,,
2026-07-09T04:00:24.221869+00:00,2026-07-09T04:00:24.221759,2,3,120.0,0.4,119.8,100,119.7,150,,,,,,,,,,,,,,,,,120.2,150,120.3,50,120.6,5,,,,,,,,,,,,,,
2026-07-09T04:00:24.227160+00:00,2026-07-09T04:00:24.227087,2,3,120.0,0.4,119.8,100,119.7,150,,,,,,,,,,,,,,,,,120.2,140,120.3,50,120.6,5,,,,,,,,,,,,,,
2026-07-09T04:00:24.232532+00:00,2026-07-09T04:00:24.232488,2,2,120.0,0.4,119.8,100,119.7,150,,,,,,,,,,,,,,,,,120.2,140,120.3,50,,,,,,,,,,,,,,,,
2026-07-09T04:00:24.243163+00:00,2026-07-09T04:00:24.243019,2,3,120.0,0.4,119.8,100,119.7,150,,,,,,,,,,,,,,,,,120.2,140,120.3,50,120.8,5,,,,,,,,,,,,,,
2026-07-09T04:00:24.531106+00:00,2026-07-09T04:00:24.530987,2,3,120.0,0.4,119.8,100,119.7,150,,,,,,,,,,,,,,,,,120.2,90,120.3,50,120.8,5,,,,,,,,,,,,,,
2026-07-09T04:00:24.764561+00:00,2026-07-09T04:00:24.764504,2,2,120.0,0.4,119.8,100,119.7,150,,,,,,,,,,,,,,,,,120.2,90,120.8,5,,,,,,,,,,,,,,,,
2026-07-09T04:00:24.769788+00:00,2026-07-09T04:00:24.769713,1,1,119.95,0.5,119.7,150,,,,,,,,,,,,,,,,,,,120.2,90,,,,,,,,,,,,,,,,,,
2026-07-09T04:00:24.780193+00:00,2026-07-09T04:00:24.780114,1,2,119.95,0.5,119.7,150,,,,,,,,,,,,,,,,,,,120.2,90,120.8,5,,,,,,,,,,,,,,,,
2026-07-09T04:00:24.824779+00:00,2026-07-09T04:00:24.824658,2,2,120.1,0.2,120.0,100,119.7,150,,,,,,,,,,,,,,,,,120.2,90,120.8,5,,,,,,,,,,,,,,,,
2026-07-09T04:00:24.878584+00:00,2026-07-09T04:00:24.878504,2,3,120.1,0.2,120.0,100,119.7,150,,,,,,,,,,,,,,,,,120.2,90,120.5,100,120.8,5,,,,,,,,,,,,,,
2026-07-09T04:00:24.989320+00:00,2026-07-09T04:00:24.989416,2,3,120.1,0.2,120.0,51,119.7,150,,,,,,,,,,,,,,,,,120.2,90,120.5,100,120.8,5,,,,,,,,,,,,,,
2026-07-09T04:00:25.076714+00:00,2026-07-09T04:00:25.076618,2,4,120.1,0.2,120.0,51,119.7,150,,,,,,,,,,,,,,,,,120.2,90,120.5,100,120.7,1,120.8,5,,,,,,,,,,,,
2026-07-09T04:00:25.176648+00:00,2026-07-09T04:00:25.176626,2,3,120.1,0.2,120.0,51,119.7,150,,,,,,,,,,,,,,,,,120.2,90,120.5,100,120.8,5,,,,,,,,,,,,,,
2026-07-09T04:00:25.284517+00:00,2026-07-09T04:00:25.284645,2,2,120.1,0.2,120.0,51,119.7,150,,,,,,,,,,,,,,,,,120.2,90,120.5,100,,,,,,,,,,,,,,,,
2026-07-09T04:00:25.289738+00:00,2026-07-09T04:00:25.289855,2,3,120.1,0.2,120.0,51,119.7,150,,,,,,,,,,,,,,,,,120.2,90,120.5,100,120.8,5,,,,,,,,,,,,,,
2026-07-09T04:00:25.806583+00:00,2026-07-09T04:00:25.799321,2,3,120.1,0.2,120.0,51,119.7,150,,,,,,,,,,,,,,,,,120.2,90,120.5,100,120.6,5,,,,,,,,,,,,,,
2026-07-09T04:00:26.195276+00:00,2026-07-09T04:00:26.195360,2,3,120.1,0.2,120.0,51,119.7,150,,,,,,,,,,,,,,,,,120.2,90,120.5,101,120.6,5,,,,,,,,,,,,,,
2026-07-09T04:00:26.313721+00:00,2026-07-09T04:00:26.313613,2,2,120.1,0.2,120.0,51,119.7,150,,,,,,,,,,,,,,,,,120.2,90,120.5,101,,,,,,,,,,,,,,,,
2026-07-09T04:00:26.324047+00:00,2026-07-09T04:00:26.324020,2,3,120.1,0.2,120.0,51,119.7,150,,,,,,,,,,,,,,,,,120.2,90,120.5,101,120.6,5,,,,,,,,,,,,,,
2026-07-09T04:00:26.641069+00:00,2026-07-09T04:00:26.640919,2,3,120.1,0.2,120.0,51,119.7,150,,,,,,,,,,,,,,,,,120.2,40,120.5,101,120.6,5,,,,,,,,,,,,,,
2026-07-09T04:00:26.740256+00:00,2026-07-09T04:00:26.740088,2,2,120.25,0.5,120.0,51,119.7,150,,,,,,,,,,,,,,,,,120.5,101,120.6,5,,,,,,,,,,,,,,,,
2026-07-09T04:00:26.823926+00:00,2026-07-09T04:00:26.823870,2,1,120.25,0.5,120.0,51,119.7,150,,,,,,,,,,,,,,,,,120.5,101,,,,,,,,,,,,,,,,,,
2026-07-09T04:00:26.835980+00:00,2026-07-09T04:00:26.835918,2,2,120.25,0.5,120.0,51,119.7,150,,,,,,,,,,,,,,,,,120.5,101,120.6,5,,,,,,,,,,,,,,,,
2026-07-09T04:00:27.271415+00:00,2026-07-09T04:00:27.271279,1,2,120.25,0.5,120.0,51,,,,,,,,,,,,,,,,,,,120.5,101,120.6,5,,,,,,,,,,,,,,,,
2026-07-09T04:00:27.302455+00:00,2026-07-09T04:00:27.302365,1,2,120.25,0.5,120.0,51,,,,,,,,,,,,,,,,,,,120.5,100,120.6,5,,,,,,,,,,,,,,,,
2026-07-09T04:00:27.312973+00:00,2026-07-09T04:00:27.312901,1,2,120.25,0.5,120.0,51,,,,,,,,,,,,,,,,,,,120.5,101,120.6,5,,,,,,,,,,,,,,,,
2026-07-09T04:00:27.344476+00:00,2026-07-09T04:00:27.344364,2,2,120.4,0.2,120.3,150,120.0,51,,,,,,,,,,,,,,,,,120.5,101,120.6,5,,,,,,,,,,,,,,,,
2026-07-09T04:00:27.349664+00:00,2026-07-09T04:00:27.349564,2,1,120.4,0.2,120.3,150,120.0,51,,,,,,,,,,,,,,,,,120.5,101,,,,,,,,,,,,,,,,,,
2026-07-09T04:00:27.359844+00:00,2026-07-09T04:00:27.359939,2,2,120.4,0.2,120.3,150,120.0,51,,,,,,,,,,,,,,,,,120.5,101,121.0,5,,,,,,,,,,,,,,,,
2026-07-09T04:00:27.399365+00:00,2026-07-09T04:00:27.399288,2,3,120.4,0.2,120.3,150,120.0,51,,,,,,,,,,,,,,,,,120.5,101,120.8,150,121.0,5,,,,,,,,,,,,,,
2026-07-09T04:00:27.868689+00:00,2026-07-09T04:00:27.868856,2,2,120.4,0.2,120.3,150,120.0,51,,,,,,,,,,,,,,,,,120.5,101,120.8,150,,,,,,,,,,,,,,,,
2026-07-09T04:00:27.874217+00:00,2026-07-09T04:00:27.874107,2,3,120.4,0.2,120.3,150,120.0,51,,,,,,,,,,,,,,,,,120.5,101,120.8,150,121.0,5,,,,,,,,,,,,,,
2026-07-09T04:00:27.932987+00:00,2026-07-09T04:00:27.932881,1,3,120.4,0.2,120.3,150,,,,,,,,,,,,,,,,,,,120.5,1,120.8,150,121.0,5,,,,,,,,,,,,,,
2026-07-09T04:00:28.001835+00:00,2026-07-09T04:00:28.001688,2,3,120.4,0.2,120.3,150,120.1,100,,,,,,,,,,,,,,,,,120.5,1,120.8,150,121.0,5,,,,,,,,,,,,,,
2026-07-09T04:00:28.061328+00:00,2026-07-09T04:00:28.061178,2,4,120.4,0.2,120.3,150,120.1,100,,,,,,,,,,,,,,,,,120.5,1,120.6,100,120.8,150,121.0,5,,,,,,,,,,,,
2026-07-09T04:00:28.118368+00:00,2026-07-09T04:00:28.118282,2,3,120.45,0.3,120.3,150,120.1,100,,,,,,,,,,,,,,,,,120.6,100,120.8,150,121.0,5,,,,,,,,,,,,,,
2026-07-09T04:00:28.379144+00:00,2026-07-09T04:00:28.379099,2,2,120.45,0.3,120.3,150,120.1,100,,,,,,,,,,,,,,,,,120.6,100,120.8,150,,,,,,,,,,,,,,,,
2026-07-09T04:00:28.389557+00:00,2026-07-09T04:00:28.389448,2,2,120.45,0.3,120.3,150,120.1,100,,,,,,,,,,,,,,,,,120.6,100,120.8,155,,,,,,,,,,,,,,,,
2026-07-09T04:00:28.432461+00:00,2026-07-09T04:00:28.432331,2,2,120.45,0.3,120.3,150,120.1,100,,,,,,,,,,,,,,,,,120.6,101,120.8,155,,,,,,,,,,,,,,,,
2026-07-09T04:00:28.535397+00:00,2026-07-09T04:00:28.535501,2,2,120.45,0.3,120.3,150,120.1,100,,,,,,,,,,,,,,,,,120.6,100,120.8,155,,,,,,,,,,,,,,,,
2026-07-09T04:00:28.894325+00:00,2026-07-09T04:00:28.894233,2,2,120.45,0.3,120.3,150,120.1,100,,,,,,,,,,,,,,,,,120.6,100,120.8,150,,,,,,,,,,,,,,,,
2026-07-09T04:00:28.904704+00:00,2026-07-09T04:00:28.904595,2,2,120.45,0.3,120.3,150,120.1,100,,,,,,,,,,,,,,,,,120.6,100,120.8,155,,,,,,,,,,,,,,,,
2026-07-09T04:00:29.258588+00:00,2026-07-09T04:00:29.258243,2,2,120.45,0.3,120.3,109,120.1,100,,,,,,,,,,,,,,,,,120.6,100,120.8,155,,,,,,,,,,,,,,,,
2026-07-09T04:00:29.392968+00:00,2026-07-09T04:00:29.392827,2,2,120.45,0.3,120.3,99,120.1,100,,,,,,,,,,,,,,,,,120.6,100,120.8,155,,,,,,,,,,,,,,,,
2026-07-09T04:00:29.409561+00:00,2026-07-09T04:00:29.409508,2,2,120.45,0.3,120.3,99,120.1,100,,,,,,,,,,,,,,,,,120.6,100,120.8,150,,,,,,,,,,,,,,,,
2026-07-09T04:00:29.419943+00:00,2026-07-09T04:00:29.419874,2,2,120.45,0.3,120.3,99,120.1,100,,,,,,,,,,,,,,,,,120.6,105,120.8,150,,,,,,,,,,,,,,,,
2026-07-09T04:00:29.509674+00:00,2026-07-09T04:00:29.509588,2,3,120.4,0.2,120.3,99,120.1,100,,,,,,,,,,,,,,,,,120.5,1,120.6,105,120.8,150,,,,,,,,,,,,,,
2026-07-09T04:00:29.614374+00:00,2026-07-09T04:00:29.614552,2,2,120.45,0.3,120.3,99,120.1,100,,,,,,,,,,,,,,,,,120.6,105,120.8,150,,,,,,,,,,,,,,,,
2026-07-09T04:00:29.879199+00:00,2026-07-09T04:00:29.879157,2,2,120.45,0.3,120.3,57,120.1,100,,,,,,,,,,,,,,,,,120.6,105,120.8,150,,,,,,,,,,,,,,,,
2026-07-09T04:00:29.924235+00:00,2026-07-09T04:00:29.924154,2,2,120.45,0.3,120.3,57,120.1,100,,,,,,,,,,,,,,,,,120.6,100,120.8,150,,,,,,,,,,,,,,,,
2026-07-09T04:00:29.934640+00:00,2026-07-09T04:00:29.934557,2,3,120.45,0.3,120.3,57,120.1,100,,,,,,,,,,,,,,,,,120.6,100,120.8,150,121.0,5,,,,,,,,,,,,,,
2026-07-09T04:00:30.440009+00:00,2026-07-09T04:00:30.439886,2,2,120.45,0.3,120.3,57,120.1,100,,,,,,,,,,,,,,,,,120.6,100,120.8,150,,,,,,,,,,,,,,,,
2026-07-09T04:00:30.445192+00:00,2026-07-09T04:00:30.445108,2,3,120.45,0.3,120.3,57,120.1,100,,,,,,,,,,,,,,,,,120.6,100,120.8,150,121.0,5,,,,,,,,,,,,,,
2026-07-09T04:00:30.458636+00:00,2026-07-09T04:00:30.455806,1,2,120.35,0.5,120.1,100,,,,,,,,,,,,,,,,,,,120.6,100,121.0,5,,,,,,,,,,,,,,,,
2026-07-09T04:00:30.508570+00:00,2026-07-09T04:00:30.508750,2,2,120.5,0.2,120.4,150,120.1,100,,,,,,,,,,,,,,,,,120.6,100,121.0,5,,,,,,,,,,,,,,,,
2026-07-09T04:00:30.560182+00:00,2026-07-09T04:00:30.560058,2,3,120.5,0.2,120.4,150,120.1,100,,,,,,,,,,,,,,,,,120.6,100,120.9,150,121.0,5,,,,,,,,,,,,,,
2026-07-09T04:00:30.631912+00:00,2026-07-09T04:00:30.631857,2,4,120.5,0.2,120.4,150,120.1,100,,,,,,,,,,,,,,,,,120.6,100,120.9,150,121.0,5,121.2,1,,,,,,,,,,,,
2026-07-09T04:00:30.853415+00:00,2026-07-09T04:00:30.853268,2,4,120.5,0.2,120.4,150,120.1,100,,,,,,,,,,,,,,,,,120.6,50,120.9,150,121.0,5,121.2,1,,,,,,,,,,,,
2026-07-09T04:00:31.000612+00:00,2026-07-09T04:00:31.000533,2,3,120.5,0.2,120.4,150,120.1,100,,,,,,,,,,,,,,,,,120.6,50,120.9,150,121.2,1,,,,,,,,,,,,,,
2026-07-09T04:00:31.011152+00:00,2026-07-09T04:00:31.011030,2,4,120.5,0.2,120.4,150,120.1,100,,,,,,,,,,,,,,,,,120.6,50,120.8,5,120.9,150,121.2,1,,,,,,,,,,,,
2026-07-09T04:00:31.115674+00:00,2026-07-09T04:00:31.115604,1,3,120.6,0.4,120.4,150,,,,,,,,,,,,,,,,,,,120.8,5,120.9,150,121.2,1,,,,,,,,,,,,,,
2026-07-09T04:00:31.171639+00:00,2026-07-09T04:00:31.171515,2,3,120.6,0.4,120.4,150,120.1,100,,,,,,,,,,,,,,,,,120.8,5,120.9,150,121.2,1,,,,,,,,,,,,,,
2026-07-09T04:00:31.224759+00:00,2026-07-09T04:00:31.224645,2,4,120.5,0.2,120.4,150,120.1,100,,,,,,,,,,,,,,,,,120.6,100,120.8,5,120.9,150,121.2,1,,,,,,,,,,,,
2026-07-09T04:00:31.437294+00:00,2026-07-09T04:00:31.437179,2,4,120.5,0.2,120.4,150,120.1,100,,,,,,,,,,,,,,,,,120.6,57,120.8,5,120.9,150,121.2,1,,,,,,,,,,,,
2026-07-09T04:00:31.517050+00:00,2026-07-09T04:00:31.516930,2,3,120.5,0.2,120.4,150,120.1,100,,,,,,,,,,,,,,,,,120.6,57,120.9,150,121.2,1,,,,,,,,,,,,,,
2026-07-09T04:00:31.527436+00:00,2026-07-09T04:00:31.527278,2,3,120.5,0.2,120.4,150,120.1,100,,,,,,,,,,,,,,,,,120.6,57,120.9,155,121.2,1,,,,,,,,,,,,,,
2026-07-09T04:00:31.743427+00:00,2026-07-09T04:00:31.743366,2,3,120.5,0.2,120.4,150,120.1,100,,,,,,,,,,,,,,,,,120.6,57,120.8,1,120.9,155,,,,,,,,,,,,,,
2026-07-09T04:00:32.033992+00:00,2026-07-09T04:00:32.033892,2,3,120.5,0.2,120.4,150,120.1,100,,,,,,,,,,,,,,,,,120.6,57,120.8,1,120.9,150,,,,,,,,,,,,,,
2026-07-09T04:00:32.039210+00:00,2026-07-09T04:00:32.039113,2,3,120.5,0.2,120.4,150,120.1,100,,,,,,,,,,,,,,,,,120.6,57,120.8,6,120.9,150,,,,,,,,,,,,,,
2026-07-09T04:00:32.549630+00:00,2026-07-09T04:00:32.549568,2,3,120.5,0.2,120.4,150,120.1,100,,,,,,,,,,,,,,,,,120.6,57,120.8,1,120.9,150,,,,,,,,,,,,,,
2026-07-09T04:00:32.558559+00:00,2026-07-09T04:00:32.554789,2,3,120.5,0.2,120.4,150,120.1,100,,,,,,,,,,,,,,,,,120.6,57,120.8,6,120.9,150,,,,,,,,,,,,,,
2026-07-09T04:00:32.629378+00:00,2026-07-09T04:00:32.629541,2,3,120.5,0.2,120.4,101,120.1,100,,,,,,,,,,,,,,,,,120.6,57,120.8,6,120.9,150,,,,,,,,,,,,,,
2026-07-09T04:00:32.851372+00:00,2026-07-09T04:00:32.851575,2,4,120.5,0.2,120.4,101,120.1,100,,,,,,,,,,,,,,,,,120.6,57,120.7,1,120.8,5,120.9,150,,,,,,,,,,,,
2026-07-09T04:00:33.058552+00:00,2026-07-09T04:00:33.058461,2,3,120.5,0.2,120.4,101,120.1,100,,,,,,,,,,,,,,,,,120.6,57,120.7,1,120.9,150,,,,,,,,,,,,,,
2026-07-09T04:00:33.072063+00:00,2026-07-09T04:00:33.071979,2,4,120.5,0.2,120.4,101,120.1,100,,,,,,,,,,,,,,,,,120.6,57,120.7,1,120.8,5,120.9,150,,,,,,,,,,,,
2026-07-09T04:00:33.582635+00:00,2026-07-09T04:00:33.582779,2,3,120.5,0.2,120.4,101,120.1,100,,,,,,,,,,,,,,,,,120.6,57,120.7,1,120.9,150,,,,,,,,,,,,,,
2026-07-09T04:00:33.593283+00:00,2026-07-09T04:00:33.593188,2,4,120.5,0.2,120.4,101,120.1,100,,,,,,,,,,,,,,,,,120.6,57,120.7,1,120.9,150,121.1,5,,,,,,,,,,,,
2026-07-09T04:00:33.618613+00:00,2026-07-09T04:00:33.618496,1,3,120.35,0.5,120.1,100,,,,,,,,,,,,,,,,,,,120.6,57,120.7,1,121.1,5,,,,,,,,,,,,,,
2026-07-09T04:00:33.670899+00:00,2026-07-09T04:00:33.670735,2,3,120.45,0.3,120.3,150,120.1,100,,,,,,,,,,,,,,,,,120.6,57,120.7,1,121.1,5,,,,,,,,,,,,,,
2026-07-09T04:00:33.725317+00:00,2026-07-09T04:00:33.725274,2,4,120.45,0.3,120.3,150,120.1,100,,,,,,,,,,,,,,,,,120.6,57,120.7,1,120.8,150,121.1,5,,,,,,,,,,,,
2026-07-09T04:00:33.952681+00:00,2026-07-09T04:00:33.956487,2,4,120.45,0.3,120.3,150,120.1,100,,,,,,,,,,,,,,,,,120.6,57,120.8,150,120.9,1,121.1,5,,,,,,,,,,,,
2026-07-09T04:00:34.124931+00:00,2026-07-09T04:00:34.124890,2,3,120.45,0.3,120.3,150,120.1,100,,,,,,,,,,,,,,,,,120.6,57,120.8,150,120.9,1,,,,,,,,,,,,,,
2026-07-09T04:00:34.130143+00:00,2026-07-09T04:00:34.130116,2,4,120.45,0.3,120.3,150,120.1,100,,,,,,,,,,,,,,,,,120.6,57,120.8,150,120.9,1,121.0,5,,,,,,,,,,,,
2026-07-09T04:00:34.278969+00:00,2026-07-09T04:00:34.278885,1,3,120.55,0.5,120.3,150,,,,,,,,,,,,,,,,,,,120.8,150,120.9,1,121.0,5,,,,,,,,,,,,,,
2026-07-09T04:00:34.335111+00:00,2026-07-09T04:00:34.334933,2,3,120.6,0.4,120.4,100,120.3,150,,,,,,,,,,,,,,,,,120.8,150,120.9,1,121.0,5,,,,,,,,,,,,,,
2026-07-09T04:00:34.389162+00:00,2026-07-09T04:00:34.389273,2,3,120.6,0.4,120.4,100,120.3,150,,,,,,,,,,,,,,,,,120.8,150,120.9,101,121.0,5,,,,,,,,,,,,,,
2026-07-09T04:00:34.674316+00:00,2026-07-09T04:00:34.674422,2,2,120.6,0.4,120.4,100,120.3,150,,,,,,,,,,,,,,,,,120.8,150,120.9,101,,,,,,,,,,,,,,,,
2026-07-09T04:00:34.679751+00:00,2026-07-09T04:00:34.679694,2,3,120.6,0.4,120.4,100,120.3,150,,,,,,,,,,,,,,,,,120.8,150,120.9,101,121.0,5,,,,,,,,,,,,,,
2026-07-09T04:00:35.071158+00:00,2026-07-09T04:00:35.071084,2,3,120.6,0.4,120.4,100,120.3,150,,,,,,,,,,,,,,,,,120.8,150,120.9,100,121.0,5,,,,,,,,,,,,,,
2026-07-09T04:00:35.076454+00:00,2026-07-09T04:00:35.076294,2,3,120.6,0.4,120.4,100,120.3,150,,,,,,,,,,,,,,,,,120.8,151,120.9,100,121.0,5,,,,,,,,,,,,,,
2026-07-09T04:00:35.120451+00:00,2026-07-09T04:00:35.120341,2,3,120.6,0.4,120.4,50,120.3,150,,,,,,,,,,,,,,,,,120.8,151,120.9,100,121.0,5,,,,,,,,,,,,,,
2026-07-09T04:00:35.192433+00:00,2026-07-09T04:00:35.192396,2,2,120.6,0.4,120.4,50,120.3,150,,,,,,,,,,,,,,,,,120.8,151,120.9,100,,,,,,,,,,,,,,,,
2026-07-09T04:00:35.197731+00:00,2026-07-09T04:00:35.197636,2,3,120.6,0.4,120.4,50,120.3,150,,,,,,,,,,,,,,,,,120.8,151,120.9,100,121.0,5,,,,,,,,,,,,,,
2026-07-09T04:00:35.706704+00:00,2026-07-09T04:00:35.706609,2,2,120.6,0.4,120.4,50,120.3,150,,,,,,,,,,,,,,,,,120.8,151,120.9,100,,,,,,,,,,,,,,,,
2026-07-09T04:00:35.711929+00:00,2026-07-09T04:00:35.711834,2,3,120.6,0.4,120.4,50,120.3,150,,,,,,,,,,,,,,,,,120.8,151,120.9,100,121.0,5,,,,,,,,,,,,,,
2026-07-09T04:00:36.183604+00:00,2026-07-09T04:00:36.183732,2,4,120.55,0.3,120.4,50,120.3,150,,,,,,,,,,,,,,,,,120.7,1,120.8,150,120.9,100,121.0,5,,,,,,,,,,,,
2026-07-09T04:00:36.217803+00:00,2026-07-09T04:00:36.217668,2,4,120.55,0.3,120.4,10,120.3,150,,,,,,,,,,,,,,,,,120.7,1,120.8,150,120.9,100,121.0,5,,,,,,,,,,,,
2026-07-09T04:00:36.233668+00:00,2026-07-09T04:00:36.223247,2,3,120.55,0.3,120.4,10,120.3,150,,,,,,,,,,,,,,,,,120.7,1,120.8,155,120.9,100,,,,,,,,,,,,,,
2026-07-09T04:00:36.735953+00:00,2026-07-09T04:00:36.735927,2,3,120.55,0.3,120.4,10,120.3,150,,,,,,,,,,,,,,,,,120.7,1,120.8,150,120.9,100,,,,,,,,,,,,,,
2026-07-09T04:00:36.746365+00:00,2026-07-09T04:00:36.746329,2,3,120.55,0.3,120.4,10,120.3,150,,,,,,,,,,,,,,,,,120.7,1,120.8,155,120.9,100,,,,,,,,,,,,,,
2026-07-09T04:00:36.758696+00:00,2026-07-09T04:00:36.756826,2,2,120.6,0.4,120.4,10,120.3,150,,,,,,,,,,,,,,,,,120.8,107,120.9,100,,,,,,,,,,,,,,,,
2026-07-09T04:00:36.783051+00:00,2026-07-09T04:00:36.782935,1,2,120.6,0.4,120.4,10,,,,,,,,,,,,,,,,,,,120.8,5,120.9,100,,,,,,,,,,,,,,,,
2026-07-09T04:00:36.844088+00:00,2026-07-09T04:00:36.844234,2,2,120.6,0.4,120.4,10,120.1,150,,,,,,,,,,,,,,,,,120.8,5,120.9,100,,,,,,,,,,,,,,,,
2026-07-09T04:00:36.891998+00:00,2026-07-09T04:00:36.892114,2,3,120.5,0.2,120.4,10,120.1,150,,,,,,,,,,,,,,,,,120.6,150,120.8,5,120.9,100,,,,,,,,,,,,,,
2026-07-09T04:00:37.231581+00:00,2026-07-09T04:00:37.231474,1,3,120.35,0.5,120.1,110,,,,,,,,,,,,,,,,,,,120.6,150,120.8,5,120.9,100,,,,,,,,,,,,,,
2026-07-09T04:00:37.252995+00:00,2026-07-09T04:00:37.252931,1,2,120.35,0.5,120.1,110,,,,,,,,,,,,,,,,,,,120.6,150,120.9,100,,,,,,,,,,,,,,,,
2026-07-09T04:00:37.258036+00:00,2026-07-09T04:00:37.258187,1,3,120.35,0.5,120.1,110,,,,,,,,,,,,,,,,,,,120.6,150,120.8,5,120.9,100,,,,,,,,,,,,,,
2026-07-09T04:00:37.304881+00:00,2026-07-09T04:00:37.304783,1,4,120.35,0.5,120.1,110,,,,,,,,,,,,,,,,,,,120.6,150,120.8,5,120.9,100,121.0,1,,,,,,,,,,,,
2026-07-09T04:00:37.443892+00:00,2026-07-09T04:00:37.443757,1,3,120.35,0.5,120.1,110,,,,,,,,,,,,,,,,,,,120.6,150,120.8,5,121.0,1,,,,,,,,,,,,,,
2026-07-09T04:00:37.492908+00:00,2026-07-09T04:00:37.492816,2,3,120.35,0.5,120.1,110,120.0,100,,,,,,,,,,,,,,,,,120.6,150,120.8,5,121.0,1,,,,,,,,,,,,,,
2026-07-09T04:00:37.558593+00:00,2026-07-09T04:00:37.551062,2,4,120.3,0.4,120.1,110,120.0,100,,,,,,,,,,,,,,,,,120.5,100,120.6,150,120.8,5,121.0,1,,,,,,,,,,,,
2026-07-09T04:00:37.608723+00:00,2026-07-09T04:00:37.608627,2,3,120.3,0.4,120.1,110,120.0,100,,,,,,,,,,,,,,,,,120.5,100,120.6,150,120.8,5,,,,,,,,,,,,,,
2026-07-09T04:00:37.655680+00:00,2026-07-09T04:00:37.655774,2,3,120.3,0.4,120.1,110,120.0,100,,,,,,,,,,,,,,,,,120.5,99,120.6,150,120.8,5,,,,,,,,,,,,,,
2026-07-09T04:00:37.775064+00:00,2026-07-09T04:00:37.774950,2,2,120.3,0.4,120.1,110,120.0,100,,,,,,,,,,,,,,,,,120.5,99,120.6,150,,,,,,,,,,,,,,,,
2026-07-09T04:00:37.785514+00:00,2026-07-09T04:00:37.785474,2,3,120.3,0.4,120.1,110,120.0,100,,,,,,,,,,,,,,,,,120.5,99,120.6,150,121.0,5,,,,,,,,,,,,,,
2026-07-09T04:00:38.295226+00:00,2026-07-09T04:00:38.295143,2,2,120.3,0.4,120.1,110,120.0,100,,,,,,,,,,,,,,,,,120.5,99,120.6,150,,,,,,,,,,,,,,,,
2026-07-09T04:00:38.305602+00:00,2026-07-09T04:00:38.305509,2,3,120.3,0.4,120.1,110,120.0,100,,,,,,,,,,,,,,,,,120.5,99,120.6,150,121.0,5,,,,,,,,,,,,,,
2026-07-09T04:00:38.390865+00:00,2026-07-09T04:00:38.390789,2,4,120.3,0.4,120.1,110,120.0,100,,,,,,,,,,,,,,,,,120.5,99,120.6,150,120.9,1,121.0,5,,,,,,,,,,,,
2026-07-09T04:00:38.493293+00:00,2026-07-09T04:00:38.493429,2,3,120.3,0.4,120.1,110,120.0,100,,,,,,,,,,,,,,,,,120.5,99,120.6,150,121.0,5,,,,,,,,,,,,,,
2026-07-09T04:00:38.809912+00:00,2026-07-09T04:00:38.810071,2,2,120.3,0.4,120.1,110,120.0,100,,,,,,,,,,,,,,,,,120.5,99,120.6,150,,,,,,,,,,,,,,,,
2026-07-09T04:00:38.852141+00:00,2026-07-09T04:00:38.852039,2,3,120.3,0.4,120.1,110,120.0,100,,,,,,,,,,,,,,,,,120.5,99,120.6,150,120.9,5,,,,,,,,,,,,,,
2026-07-09T04:00:39.287407+00:00,2026-07-09T04:00:39.287546,2,3,120.3,0.4,120.1,110,120.0,100,,,,,,,,,,,,,,,,,120.5,49,120.6,150,120.9,5,,,,,,,,,,,,,,
2026-07-09T04:00:39.358609+00:00,2026-07-09T04:00:39.353920,2,2,120.3,0.4,120.1,110,120.0,100,,,,,,,,,,,,,,,,,120.5,49,120.6,150,,,,,,,,,,,,,,,,
2026-07-09T04:00:39.369676+00:00,2026-07-09T04:00:39.369641,2,3,120.3,0.4,120.1,110,120.0,100,,,,,,,,,,,,,,,,,120.5,49,120.6,150,120.9,5,,,,,,,,,,,,,,
2026-07-09T04:00:39.507375+00:00,2026-07-09T04:00:39.507288,2,4,120.3,0.4,120.1,110,120.0,100,,,,,,,,,,,,,,,,,120.5,49,120.6,150,120.8,1,120.9,5,,,,,,,,,,,,
2026-07-09T04:00:39.882515+00:00,2026-07-09T04:00:39.882369,2,3,120.3,0.4,120.1,110,120.0,100,,,,,,,,,,,,,,,,,120.5,49,120.6,150,120.8,1,,,,,,,,,,,,,,
2026-07-09T04:00:39.887675+00:00,2026-07-09T04:00:39.887612,2,4,120.3,0.4,120.1,110,120.0,100,,,,,,,,,,,,,,,,,120.5,49,120.6,150,120.8,1,120.9,5,,,,,,,,,,,,
2026-07-09T04:00:39.946552+00:00,2026-07-09T04:00:39.946457,1,3,120.25,0.5,120.0,100,,,,,,,,,,,,,,,,,,,120.5,49,120.8,1,120.9,5,,,,,,,,,,,,,,
2026-07-09T04:00:39.999755+00:00,2026-07-09T04:00:39.999654,2,3,120.35,0.3,120.2,150,120.0,100,,,,,,,,,,,,,,,,,120.5,49,120.8,1,120.9,5,,,,,,,,,,,,,,
2026-07-09T04:00:40.015456+00:00,2026-07-09T04:00:40.015358,2,2,120.35,0.3,120.2,150,120.0,100,,,,,,,,,,,,,,,,,120.5,49,120.9,5,,,,,,,,,,,,,,,,
2026-07-09T04:00:40.081658+00:00,2026-07-09T04:00:40.081491,2,3,120.35,0.3,120.2,150,120.0,100,,,,,,,,,,,,,,,,,120.5,49,120.7,150,120.9,5,,,,,,,,,,,,,,
2026-07-09T04:00:40.392573+00:00,2026-07-09T04:00:40.392472,2,2,120.35,0.3,120.2,150,120.0,100,,,,,,,,,,,,,,,,,120.5,49,120.7,150,,,,,,,,,,,,,,,,
2026-07-09T04:00:40.403016+00:00,2026-07-09T04:00:40.402944,2,3,120.35,0.3,120.2,150,120.0,100,,,,,,,,,,,,,,,,,120.5,49,120.7,150,121.0,5,,,,,,,,,,,,,,
2026-07-09T04:00:40.606184+00:00,2026-07-09T04:00:40.606086,1,2,120.45,0.5,120.2,150,,,,,,,,,,,,,,,,,,,120.7,150,121.0,5,,,,,,,,,,,,,,,,
2026-07-09T04:00:40.628086+00:00,2026-07-09T04:00:40.628006,1,3,120.45,0.5,120.2,150,,,,,,,,,,,,,,,,,,,120.7,150,120.9,1,121.0,5,,,,,,,,,,,,,,
2026-07-09T04:00:40.684879+00:00,2026-07-09T04:00:40.684783,1,3,120.45,0.5,120.2,250,,,,,,,,,,,,,,,,,,,120.7,150,120.9,1,121.0,5,,,,,,,,,,,,,,
2026-07-09T04:00:40.739877+00:00,2026-07-09T04:00:40.739771,1,3,120.45,0.5,120.2,250,,,,,,,,,,,,,,,,,,,120.7,250,120.9,1,121.0,5,,,,,,,,,,,,,,
2026-07-09T04:00:40.909466+00:00,2026-07-09T04:00:40.909359,1,2,120.45,0.5,120.2,250,,,,,,,,,,,,,,,,,,,120.7,250,120.9,1,,,,,,,,,,,,,,,,
2026-07-09T04:00:40.919991+00:00,2026-07-09T04:00:40.919830,1,3,120.45,0.5,120.2,250,,,,,,,,,,,,,,,,,,,120.7,250,120.9,1,121.0,5,,,,,,,,,,,,,,
2026-07-09T04:00:41.432878+00:00,2026-07-09T04:00:41.432748,1,2,120.45,0.5,120.2,250,,,,,,,,,,,,,,,,,,,120.7,250,120.9,1,,,,,,,,,,,,,,,,
2026-07-09T04:00:41.438106+00:00,2026-07-09T04:00:41.438013,1,2,120.45,0.5,120.2,250,,,,,,,,,,,,,,,,,,,120.7,250,120.9,6,,,,,,,,,,,,,,,,
2026-07-09T04:00:41.737882+00:00,2026-07-09T04:00:41.737787,1,3,120.45,0.5,120.2,250,,,,,,,,,,,,,,,,,,,120.7,250,120.8,1,120.9,5,,,,,,,,,,,,,,
2026-07-09T04:00:41.945246+00:00,2026-07-09T04:00:41.945392,1,2,120.45,0.5,120.2,250,,,,,,,,,,,,,,,,,,,120.7,250,120.8,1,,,,,,,,,,,,,,,,
2026-07-09T04:00:41.955865+00:00,2026-07-09T04:00:41.955767,1,3,120.45,0.5,120.2,250,,,,,,,,,,,,,,,,,,,120.7,250,120.8,1,120.9,5,,,,,,,,,,,,,,
2026-07-09T04:00:42.501260+00:00,2026-07-09T04:00:42.501084,1,2,120.45,0.5,120.2,250,,,,,,,,,,,,,,,,,,,120.7,250,120.8,1,,,,,,,,,,,,,,,,
2026-07-09T04:00:42.517047+00:00,2026-07-09T04:00:42.516916,1,2,120.45,0.5,120.2,250,,,,,,,,,,,,,,,,,,,120.7,250,120.8,6,,,,,,,,,,,,,,,,
2026-07-09T04:00:42.848144+00:00,2026-07-09T04:00:42.848089,1,2,120.45,0.5,120.2,250,,,,,,,,,,,,,,,,,,,120.7,251,120.8,5,,,,,,,,,,,,,,,,
2026-07-09T04:00:43.024062+00:00,2026-07-09T04:00:43.023950,1,1,120.45,0.5,120.2,250,,,,,,,,,,,,,,,,,,,120.7,251,,,,,,,,,,,,,,,,,,
2026-07-09T04:00:43.029241+00:00,2026-07-09T04:00:43.029172,1,2,120.45,0.5,120.2,250,,,,,,,,,,,,,,,,,,,120.7,251,120.8,5,,,,,,,,,,,,,,,,
2026-07-09T04:00:43.058699+00:00,2026-07-09T04:00:43.046320,1,2,120.45,0.5,120.2,250,,,,,,,,,,,,,,,,,,,120.7,202,120.8,5,,,,,,,,,,,,,,,,
2026-07-09T04:00:43.136095+00:00,2026-07-09T04:00:43.136041,1,2,120.45,0.5,120.2,100,,,,,,,,,,,,,,,,,,,120.7,101,120.8,5,,,,,,,,,,,,,,,,
2026-07-09T04:00:43.192245+00:00,2026-07-09T04:00:43.192412,1,2,120.45,0.5,120.2,250,,,,,,,,,,,,,,,,,,,120.7,101,120.8,5,,,,,,,,,,,,,,,,
2026-07-09T04:00:43.246022+00:00,2026-07-09T04:00:43.245904,1,2,120.45,0.5,120.2,250,,,,,,,,,,,,,,,,,,,120.7,251,120.8,5,,,,,,,,,,,,,,,,
2026-07-09T04:00:43.497989+00:00,2026-07-09T04:00:43.497915,1,2,120.45,0.5,120.2,250,,,,,,,,,,,,,,,,,,,120.7,201,120.8,5,,,,,,,,,,,,,,,,
2026-07-09T04:00:43.538281+00:00,2026-07-09T04:00:43.538191,1,1,120.45,0.5,120.2,250,,,,,,,,,,,,,,,,,,,120.7,201,,,,,,,,,,,,,,,,,,
2026-07-09T04:00:43.548664+00:00,2026-07-09T04:00:43.548578,1,2,120.45,0.5,120.2,250,,,,,,,,,,,,,,,,,,,120.7,201,120.8,5,,,,,,,,,,,,,,,,
2026-07-09T04:00:43.791047+00:00,2026-07-09T04:00:43.790998,1,2,120.45,0.5,120.2,150,,,,,,,,,,,,,,,,,,,120.7,151,120.8,5,,,,,,,,,,,,,,,,
2026-07-09T04:00:43.869478+00:00,2026-07-09T04:00:43.869065,1,2,120.45,0.5,120.2,250,,,,,,,,,,,,,,,,,,,120.7,151,120.8,5,,,,,,,,,,,,,,,,
2026-07-09T04:00:43.963674+00:00,2026-07-09T04:00:43.964139,1,2,120.45,0.5,120.2,250,,,,,,,,,,,,,,,,,,,120.7,251,120.8,5,,,,,,,,,,,,,,,,
2026-07-09T04:00:44.064094+00:00,2026-07-09T04:00:44.064012,1,2,120.45,0.5,120.2,250,,,,,,,,,,,,,,,,,,,120.7,251,120.8,5,,,,,,,,,,,,,,,,
2026-07-09T04:00:44.136009+00:00,2026-07-09T04:00:44.135964,1,2,120.45,0.5,120.2,209,,,,,,,,,,,,,,,,,,,120.7,251,120.8,5,,,,,,,,,,,,,,,,
2026-07-09T04:00:44.568096+00:00,2026-07-09T04:00:44.568026,1,1,120.45,0.5,120.2,209,,,,,,,,,,,,,,,,,,,120.7,251,,,,,,,,,,,,,,,,,,
2026-07-09T04:00:44.578668+00:00,2026-07-09T04:00:44.578471,1,2,120.45,0.5,120.2,209,,,,,,,,,,,,,,,,,,,120.7,251,120.8,5,,,,,,,,,,,,,,,,
2026-07-09T04:00:45.071027+00:00,2026-07-09T04:00:45.070955,1,2,120.45,0.5,120.2,209,,,,,,,,,,,,,,,,,,,120.7,251,120.8,5,,,,,,,,,,,,,,,,
2026-07-09T04:00:45.086719+00:00,2026-07-09T04:00:45.086610,1,1,120.45,0.5,120.2,209,,,,,,,,,,,,,,,,,,,120.7,251,,,,,,,,,,,,,,,,,,
2026-07-09T04:00:45.091867+00:00,2026-07-09T04:00:45.091820,1,2,120.45,0.5,120.2,209,,,,,,,,,,,,,,,,,,,120.7,251,120.8,5,,,,,,,,,,,,,,,,
2026-07-09T04:00:45.258602+00:00,2026-07-09T04:00:45.253782,1,2,120.45,0.5,120.2,165,,,,,,,,,,,,,,,,,,,120.7,251,120.8,5,,,,,,,,,,,,,,,,
2026-07-09T04:00:45.598378+00:00,2026-07-09T04:00:45.598283,1,1,120.45,0.5,120.2,165,,,,,,,,,,,,,,,,,,,120.7,251,,,,,,,,,,,,,,,,,,
2026-07-09T04:00:45.603373+00:00,2026-07-09T04:00:45.603518,1,1,120.45,0.5,120.2,165,,,,,,,,,,,,,,,,,,,120.7,201,,,,,,,,,,,,,,,,,,
2026-07-09T04:00:45.608594+00:00,2026-07-09T04:00:45.608735,1,2,120.45,0.5,120.2,165,,,,,,,,,,,,,,,,,,,120.7,201,120.8,5,,,,,,,,,,,,,,,,
2026-07-09T04:00:46.158603+00:00,2026-07-09T04:00:46.153874,1,1,120.45,0.5,120.2,165,,,,,,,,,,,,,,,,,,,120.7,201,,,,,,,,,,,,,,,,,,
2026-07-09T04:00:46.169049+00:00,2026-07-09T04:00:46.168851,1,1,120.45,0.5,120.2,165,,,,,,,,,,,,,,,,,,,120.7,206,,,,,,,,,,,,,,,,,,
2026-07-09T04:00:46.179358+00:00,2026-07-09T04:00:46.179258,1,2,120.4,0.4,120.2,165,,,,,,,,,,,,,,,,,,,120.6,1,120.7,205,,,,,,,,,,,,,,,,
2026-07-09T04:00:46.300445+00:00,2026-07-09T04:00:46.300383,1,2,120.4,0.4,120.2,100,,,,,,,,,,,,,,,,,,,120.6,1,120.7,105,,,,,,,,,,,,,,,,
2026-07-09T04:00:46.356546+00:00,2026-07-09T04:00:46.356469,2,2,120.4,0.4,120.2,100,119.9,150,,,,,,,,,,,,,,,,,120.6,1,120.7,105,,,,,,,,,,,,,,,,
2026-07-09T04:00:46.408982+00:00,2026-07-09T04:00:46.408846,2,3,120.3,0.2,120.2,100,119.9,150,,,,,,,,,,,,,,,,,120.4,150,120.6,1,120.7,105,,,,,,,,,,,,,,
2026-07-09T04:00:46.674422+00:00,2026-07-09T04:00:46.674322,2,3,120.3,0.2,120.2,100,119.9,150,,,,,,,,,,,,,,,,,120.4,150,120.6,1,120.7,100,,,,,,,,,,,,,,
2026-07-09T04:00:46.684613+00:00,2026-07-09T04:00:46.684701,2,3,120.3,0.2,120.2,100,119.9,150,,,,,,,,,,,,,,,,,120.4,150,120.6,1,120.7,105,,,,,,,,,,,,,,
2026-07-09T04:00:46.958626+00:00,2026-07-09T04:00:46.958329,1,3,120.15,0.5,119.9,150,,,,,,,,,,,,,,,,,,,120.4,150,120.6,1,120.7,5,,,,,,,,,,,,,,
2026-07-09T04:00:47.008745+00:00,2026-07-09T04:00:47.008657,2,3,120.2,0.4,120.0,100,119.9,150,,,,,,,,,,,,,,,,,120.4,150,120.6,1,120.7,5,,,,,,,,,,,,,,
2026-07-09T04:00:47.058588+00:00,2026-07-09T04:00:47.056663,2,4,120.2,0.4,120.0,100,119.9,150,,,,,,,,,,,,,,,,,120.4,150,120.5,100,120.6,1,120.7,5,,,,,,,,,,,,
2026-07-09T04:00:47.192579+00:00,2026-07-09T04:00:47.192436,2,3,120.2,0.4,120.0,100,119.9,150,,,,,,,,,,,,,,,,,120.4,150,120.5,100,120.6,1,,,,,,,,,,,,,,
2026-07-09T04:00:47.197739+00:00,2026-07-09T04:00:47.197682,2,3,120.2,0.4,120.0,100,119.9,150,,,,,,,,,,,,,,,,,120.4,150,120.5,100,120.6,6,,,,,,,,,,,,,,
2026-07-09T04:00:47.290227+00:00,2026-07-09T04:00:47.290194,2,3,120.2,0.4,120.0,100,119.9,150,,,,,,,,,,,,,,,,,120.4,150,120.5,101,120.6,5,,,,,,,,,,,,,,
2026-07-09T04:00:47.706402+00:00,2026-07-09T04:00:47.706368,2,2,120.2,0.4,120.0,100,119.9,150,,,,,,,,,,,,,,,,,120.4,150,120.5,101,,,,,,,,,,,,,,,,
2026-07-09T04:00:47.716824+00:00,2026-07-09T04:00:47.716773,2,3,120.2,0.4,120.0,100,119.9,150,,,,,,,,,,,,,,,,,120.4,150,120.5,101,120.6,5,,,,,,,,,,,,,,
2026-07-09T04:00:47.770255+00:00,2026-07-09T04:00:47.770124,2,3,120.2,0.4,120.0,50,119.9,150,,,,,,,,,,,,,,,,,120.4,150,120.5,101,120.6,5,,,,,,,,,,,,,,
2026-07-09T04:00:48.221314+00:00,2026-07-09T04:00:48.221490,2,2,120.2,0.4,120.0,50,119.9,150,,,,,,,,,,,,,,,,,120.4,150,120.5,101,,,,,,,,,,,,,,,,
2026-07-09T04:00:48.231927+00:00,2026-07-09T04:00:48.231845,2,3,120.2,0.4,120.0,50,119.9,150,,,,,,,,,,,,,,,,,120.4,150,120.5,101,120.6,5,,,,,,,,,,,,,,
2026-07-09T04:00:48.392994+00:00,2026-07-09T04:00:48.392855,2,3,120.2,0.4,120.0,50,119.9,150,,,,,,,,,,,,,,,,,120.4,105,120.5,101,120.6,5,,,,,,,,,,,,,,
2026-07-09T04:00:48.403385+00:00,2026-07-09T04:00:48.403281,2,3,120.2,0.4,120.0,50,119.9,150,,,,,,,,,,,,,,,,,120.4,105,120.5,100,120.6,5,,,,,,,,,,,,,,
2026-07-09T04:00:48.408432+00:00,2026-07-09T04:00:48.408648,2,3,120.2,0.4,120.0,50,119.9,150,,,,,,,,,,,,,,,,,120.4,105,120.5,101,120.6,5,,,,,,,,,,,,,,
2026-07-09T04:00:48.737401+00:00,2026-07-09T04:00:48.737321,2,2,120.2,0.4,120.0,50,119.9,150,,,,,,,,,,,,,,,,,120.4,105,120.5,101,,,,,,,,,,,,,,,,
2026-07-09T04:00:48.747861+00:00,2026-07-09T04:00:48.747793,2,3,120.2,0.4,120.0,50,119.9,150,,,,,,,,,,,,,,,,,120.4,105,120.5,101,120.6,5,,,,,,,,,,,,,,
2026-07-09T04:00:49.251891+00:00,2026-07-09T04:00:49.251819,2,2,120.2,0.4,120.0,50,119.9,150,,,,,,,,,,,,,,,,,120.4,105,120.5,101,,,,,,,,,,,,,,,,
2026-07-09T04:00:49.258616+00:00,2026-07-09T04:00:49.257039,2,3,120.2,0.4,120.0,50,119.9,150,,,,,,,,,,,,,,,,,120.4,105,120.5,101,120.7,5,,,,,,,,,,,,,,
2026-07-09T04:00:49.458554+00:00,2026-07-09T04:00:49.456977,1,2,120.25,0.5,120.0,50,,,,,,,,,,,,,,,,,,,120.5,101,120.7,5,,,,,,,,,,,,,,,,
2026-07-09T04:00:49.518468+00:00,2026-07-09T04:00:49.518362,2,2,120.3,0.4,120.1,150,120.0,50,,,,,,,,,,,,,,,,,120.5,100,120.7,5,,,,,,,,,,,,,,,,
2026-07-09T04:00:49.523664+00:00,2026-07-09T04:00:49.523553,2,3,120.3,0.4,120.1,150,120.0,50,,,,,,,,,,,,,,,,,120.5,100,120.6,1,120.7,5,,,,,,,,,,,,,,
2026-07-09T04:00:49.570346+00:00,2026-07-09T04:00:49.570204,2,3,120.3,0.4,120.1,150,120.0,50,,,,,,,,,,,,,,,,,120.5,100,120.6,151,120.7,5,,,,,,,,,,,,,,
2026-07-09T04:00:49.770420+00:00,2026-07-09T04:00:49.770269,2,2,120.3,0.4,120.1,150,120.0,50,,,,,,,,,,,,,,,,,120.5,100,120.6,151,,,,,,,,,,,,,,,,
2026-07-09T04:00:49.775512+00:00,2026-07-09T04:00:49.775475,2,3,120.3,0.4,120.1,150,120.0,50,,,,,,,,,,,,,,,,,120.5,100,120.6,151,120.7,5,,,,,,,,,,,,,,
2026-07-09T04:00:49.877195+00:00,2026-07-09T04:00:49.877096,2,3,120.3,0.4,120.1,100,120.0,50,,,,,,,,,,,,,,,,,120.5,100,120.6,151,120.7,5,,,,,,,,,,,,,,
2026-07-09T04:00:50.121386+00:00,2026-07-09T04:00:50.121331,1,2,120.35,0.5,120.1,100,,,,,,,,,,,,,,,,,,,120.6,151,120.7,5,,,,,,,,,,,,,,,,
2026-07-09T04:00:50.177303+00:00,2026-07-09T04:00:50.177395,2,2,120.35,0.5,120.1,100,119.9,100,,,,,,,,,,,,,,,,,120.6,151,120.7,5,,,,,,,,,,,,,,,,
2026-07-09T04:00:50.229603+00:00,2026-07-09T04:00:50.229713,2,3,120.25,0.3,120.1,100,119.9,100,,,,,,,,,,,,,,,,,120.4,100,120.6,151,120.7,5,,,,,,,,,,,,,,
2026-07-09T04:00:50.281662+00:00,2026-07-09T04:00:50.281627,2,2,120.25,0.3,120.1,100,119.9,100,,,,,,,,,,,,,,,,,120.4,100,120.6,151,,,,,,,,,,,,,,,,
2026-07-09T04:00:50.292101+00:00,2026-07-09T04:00:50.291982,2,3,120.25,0.3,120.1,100,119.9,100,,,,,,,,,,,,,,,,,120.4,100,120.6,151,120.7,5,,,,,,,,,,,,,,
2026-07-09T04:00:50.628944+00:00,2026-07-09T04:00:50.628748,2,3,120.25,0.3,120.1,100,119.9,100,,,,,,,,,,,,,,,,,120.4,100,120.6,150,120.7,5,,,,,,,,,,,,,,
2026-07-09T04:00:50.634086+00:00,2026-07-09T04:00:50.633984,2,3,120.25,0.3,120.1,100,119.9,100,,,,,,,,,,,,,,,,,120.4,100,120.6,151,120.7,5,,,,,,,,,,,,,,
2026-07-09T04:00:50.797168+00:00,2026-07-09T04:00:50.797034,2,2,120.25,0.3,120.1,100,119.9,100,,,,,,,,,,,,,,,,,120.4,100,120.6,151,,,,,,,,,,,,,,,,
2026-07-09T04:00:50.802374+00:00,2026-07-09T04:00:50.802264,2,3,120.25,0.3,120.1,100,119.9,100,,,,,,,,,,,,,,,,,120.4,100,120.6,151,120.7,5,,,,,,,,,,,,,,
2026-07-09T04:00:51.310683+00:00,2026-07-09T04:00:51.310563,2,2,120.25,0.3,120.1,100,119.9,100,,,,,,,,,,,,,,,,,120.4,100,120.6,151,,,,,,,,,,,,,,,,
2026-07-09T04:00:51.315862+00:00,2026-07-09T04:00:51.315788,2,3,120.25,0.3,120.1,100,119.9,100,,,,,,,,,,,,,,,,,120.4,100,120.6,151,120.8,5,,,,,,,,,,,,,,
2026-07-09T04:00:51.738996+00:00,2026-07-09T04:00:51.738926,2,3,120.25,0.3,120.1,100,119.9,100,,,,,,,,,,,,,,,,,120.4,100,120.6,150,120.8,5,,,,,,,,,,,,,,
2026-07-09T04:00:51.744028+00:00,2026-07-09T04:00:51.744180,2,3,120.25,0.3,120.1,100,119.9,100,,,,,,,,,,,,,,,,,120.4,100,120.6,151,120.8,5,,,,,,,,,,,,,,
2026-07-09T04:00:51.824178+00:00,2026-07-09T04:00:51.823858,2,2,120.25,0.3,120.1,100,119.9,100,,,,,,,,,,,,,,,,,120.4,100,120.6,151,,,,,,,,,,,,,,,,
2026-07-09T04:00:51.834559+00:00,2026-07-09T04:00:51.834659,2,3,120.25,0.3,120.1,100,119.9,100,,,,,,,,,,,,,,,,,120.4,100,120.6,151,120.8,5,,,,,,,,,,,,,,
2026-07-09T04:00:51.983748+00:00,2026-07-09T04:00:51.983618,2,3,120.25,0.3,120.1,50,119.9,100,,,,,,,,,,,,,,,,,120.4,100,120.6,151,120.8,5,,,,,,,,,,,,,,
2026-07-09T04:00:52.339080+00:00,2026-07-09T04:00:52.339002,2,2,120.25,0.3,120.1,50,119.9,100,,,,,,,,,,,,,,,,,120.4,100,120.6,151,,,,,,,,,,,,,,,,
2026-07-09T04:00:52.349439+00:00,2026-07-09T04:00:52.349343,2,3,120.25,0.3,120.1,50,119.9,100,,,,,,,,,,,,,,,,,120.4,100,120.6,151,120.8,5,,,,,,,,,,,,,,
2026-07-09T04:00:52.626245+00:00,2026-07-09T04:00:52.626132,1,3,120.15,0.5,119.9,100,,,,,,,,,,,,,,,,,,,120.4,100,120.6,1,120.8,5,,,,,,,,,,,,,,
2026-07-09T04:00:52.682675+00:00,2026-07-09T04:00:52.682617,2,3,120.15,0.5,119.9,100,119.8,150,,,,,,,,,,,,,,,,,120.4,100,120.6,1,120.8,5,,,,,,,,,,,,,,
2026-07-09T04:00:52.735960+00:00,2026-07-09T04:00:52.735895,2,4,120.1,0.4,119.9,100,119.8,150,,,,,,,,,,,,,,,,,120.3,150,120.4,100,120.6,1,120.8,5,,,,,,,,,,,,
2026-07-09T04:00:52.858552+00:00,2026-07-09T04:00:52.856455,2,4,120.1,0.4,119.9,100,119.8,150,,,,,,,,,,,,,,,,,120.3,150,120.4,100,120.7,1,120.8,5,,,,,,,,,,,,
2026-07-09T04:00:53.280145+00:00,2026-07-09T04:00:53.280041,2,3,120.1,0.4,119.9,100,119.8,150,,,,,,,,,,,,,,,,,120.3,150,120.7,1,120.8,5,,,,,,,,,,,,,,
2026-07-09T04:00:53.285325+00:00,2026-07-09T04:00:53.285219,1,3,120.05,0.5,119.8,150,,,,,,,,,,,,,,,,,,,120.3,150,120.7,1,120.8,5,,,,,,,,,,,,,,
2026-07-09T04:00:53.336005+00:00,2026-07-09T04:00:53.335853,2,3,120.15,0.3,120.0,100,119.8,150,,,,,,,,,,,,,,,,,120.3,150,120.7,1,120.8,5,,,,,,,,,,,,,,
2026-07-09T04:00:53.406774+00:00,2026-07-09T04:00:53.406925,2,4,120.15,0.3,120.0,100,119.8,150,,,,,,,,,,,,,,,,,120.3,150,120.5,100,120.7,1,120.8,5,,,,,,,,,,,,
2026-07-09T04:00:53.412280+00:00,2026-07-09T04:00:53.412211,2,3,120.15,0.3,120.0,100,119.8,150,,,,,,,,,,,,,,,,,120.3,150,120.5,100,120.7,1,,,,,,,,,,,,,,
2026-07-09T04:00:53.427799+00:00,2026-07-09T04:00:53.427956,2,4,120.15,0.3,120.0,100,119.8,150,,,,,,,,,,,,,,,,,120.3,150,120.5,100,120.7,1,120.8,5,,,,,,,,,,,,
2026-07-09T04:00:53.940100+00:00,2026-07-09T04:00:53.940060,2,3,120.15,0.3,120.0,100,119.8,150,,,,,,,,,,,,,,,,,120.3,150,120.5,100,120.7,1,,,,,,,,,,,,,,
2026-07-09T04:00:53.945382+00:00,2026-07-09T04:00:53.945284,2,4,120.15,0.3,120.0,100,119.8,150,,,,,,,,,,,,,,,,,120.3,150,120.5,100,120.7,1,120.8,5,,,,,,,,,,,,
2026-07-09T04:00:53.965197+00:00,2026-07-09T04:00:53.965099,2,4,120.15,0.3,120.0,100,119.8,150,,,,,,,,,,,,,,,,,120.3,150,120.5,100,120.7,1,120.8,5,,,,,,,,,,,,
2026-07-09T04:00:54.039983+00:00,2026-07-09T04:00:54.039878,2,4,120.15,0.3,120.0,100,119.8,150,,,,,,,,,,,,,,,,,120.3,100,120.5,100,120.7,1,120.8,5,,,,,,,,,,,,
2026-07-09T04:00:54.373341+00:00,2026-07-09T04:00:54.373212,2,3,120.15,0.3,120.0,100,119.8,150,,,,,,,,,,,,,,,,,120.3,100,120.5,100,120.8,5,,,,,,,,,,,,,,
2026-07-09T04:00:54.378579+00:00,2026-07-09T04:00:54.378444,2,3,120.15,0.3,120.0,100,119.8,150,,,,,,,,,,,,,,,,,120.3,90,120.5,100,120.8,5,,,,,,,,,,,,,,
2026-07-09T04:00:54.453336+00:00,2026-07-09T04:00:54.454742,2,3,120.15,0.3,120.0,100,119.8,150,,,,,,,,,,,,,,,,,120.3,90,120.5,100,120.8,5,,,,,,,,,,,,,,
2026-07-09T04:00:54.969041+00:00,2026-07-09T04:00:54.968949,2,2,120.15,0.3,120.0,100,119.8,150,,,,,,,,,,,,,,,,,120.3,90,120.5,100,,,,,,,,,,,,,,,,
2026-07-09T04:00:54.979410+00:00,2026-07-09T04:00:54.979308,2,3,120.15,0.3,120.0,100,119.8,150,,,,,,,,,,,,,,,,,120.3,90,120.5,100,120.8,5,,,,,,,,,,,,,,
2026-07-09T04:00:55.092075+00:00,2026-07-09T04:00:55.092001,2,4,120.15,0.3,120.0,100,119.8,150,,,,,,,,,,,,,,,,,120.3,90,120.5,100,120.7,1,120.8,5,,,,,,,,,,,,
2026-07-09T04:00:55.484197+00:00,2026-07-09T04:00:55.484145,2,3,120.15,0.3,120.0,100,119.8,150,,,,,,,,,,,,,,,,,120.3,90,120.5,100,120.7,1,,,,,,,,,,,,,,
2026-07-09T04:00:55.494627+00:00,2026-07-09T04:00:55.494531,2,4,120.15,0.3,120.0,100,119.8,150,,,,,,,,,,,,,,,,,120.3,90,120.5,100,120.7,1,120.8,5,,,,,,,,,,,,
2026-07-09T04:00:55.804615+00:00,2026-07-09T04:00:55.804509,1,3,120.25,0.5,120.0,100,,,,,,,,,,,,,,,,,,,120.5,100,120.7,1,120.8,5,,,,,,,,,,,,,,
2026-07-09T04:00:55.857416+00:00,2026-07-09T04:00:55.857337,1,3,120.25,0.5,120.0,250,,,,,,,,,,,,,,,,,,,120.5,100,120.7,1,120.8,5,,,,,,,,,,,,,,
2026-07-09T04:00:55.914634+00:00,2026-07-09T04:00:55.914556,1,3,120.25,0.5,120.0,250,,,,,,,,,,,,,,,,,,,120.5,250,120.7,1,120.8,5,,,,,,,,,,,,,,
2026-07-09T04:00:55.999667+00:00,2026-07-09T04:00:55.999569,1,2,120.25,0.5,120.0,250,,,,,,,,,,,,,,,,,,,120.5,250,120.7,1,,,,,,,,,,,,,,,,
2026-07-09T04:00:56.009991+00:00,2026-07-09T04:00:56.009945,1,2,120.25,0.5,120.0,250,,,,,,,,,,,,,,,,,,,120.5,250,120.7,6,,,,,,,,,,,,,,,,
2026-07-09T04:00:56.199378+00:00,2026-07-09T04:00:56.199270,1,3,120.25,0.5,120.0,250,,,,,,,,,,,,,,,,,,,120.5,250,120.6,1,120.7,5,,,,,,,,,,,,,,
2026-07-09T04:00:56.204523+00:00,2026-07-09T04:00:56.204471,1,3,120.25,0.5,120.0,200,,,,,,,,,,,,,,,,,,,120.5,250,120.6,1,120.7,5,,,,,,,,,,,,,,
2026-07-09T04:00:56.283747+00:00,2026-07-09T04:00:56.283618,1,3,120.25,0.5,120.0,200,,,,,,,,,,,,,,,,,,,120.5,202,120.6,1,120.7,5,,,,,,,,,,,,,,
2026-07-09T04:00:56.458579+00:00,2026-07-09T04:00:56.457461,1,3,120.25,0.5,120.0,150,,,,,,,,,,,,,,,,,,,120.5,150,120.6,1,120.7,5,,,,,,,,,,,,,,
2026-07-09T04:00:56.515486+00:00,2026-07-09T04:00:56.515413,2,2,120.25,0.5,120.0,150,119.9,100,,,,,,,,,,,,,,,,,120.5,150,120.6,1,,,,,,,,,,,,,,,,
2026-07-09T04:00:56.520693+00:00,2026-07-09T04:00:56.520615,2,3,120.25,0.5,120.0,150,119.9,100,,,,,,,,,,,,,,,,,120.5,150,120.6,1,120.7,5,,,,,,,,,,,,,,
2026-07-09T04:00:56.569811+00:00,2026-07-09T04:00:56.569711,2,4,120.2,0.4,120.0,150,119.9,100,,,,,,,,,,,,,,,,,120.4,100,120.5,150,120.6,1,120.7,5,,,,,,,,,,,,
2026-07-09T04:00:56.873461+00:00,2026-07-09T04:00:56.873365,2,4,120.2,0.4,120.0,108,119.9,100,,,,,,,,,,,,,,,,,120.4,100,120.5,150,120.6,1,120.7,5,,,,,,,,,,,,
2026-07-09T04:00:57.038077+00:00,2026-07-09T04:00:57.037945,2,3,120.2,0.4,120.0,108,119.9,100,,,,,,,,,,,,,,,,,120.4,100,120.5,150,120.6,1,,,,,,,,,,,,,,
2026-07-09T04:00:57.058668+00:00,2026-07-09T04:00:57.053507,2,4,120.2,0.4,120.0,108,119.9,100,,,,,,,,,,,,,,,,,120.4,100,120.5,150,120.6,1,120.7,5,,,,,,,,,,,,
2026-07-09T04:00:57.309690+00:00,2026-07-09T04:00:57.309584,2,4,120.2,0.4,120.0,108,119.9,100,,,,,,,,,,,,,,,,,120.4,100,120.5,150,120.6,1,120.7,5,,,,,,,,,,,,
2026-07-09T04:00:57.413263+00:00,2026-07-09T04:00:57.413165,2,4,120.2,0.4,120.0,108,119.9,100,,,,,,,,,,,,,,,,,120.4,59,120.5,150,120.6,1,120.7,5,,,,,,,,,,,,
2026-07-09T04:00:57.552363+00:00,2026-07-09T04:00:57.552483,2,3,120.2,0.4,120.0,108,119.9,100,,,,,,,,,,,,,,,,,120.4,59,120.5,150,120.6,1,,,,,,,,,,,,,,
2026-07-09T04:00:57.558648+00:00,2026-07-09T04:00:57.557723,2,4,120.2,0.4,120.0,108,119.9,100,,,,,,,,,,,,,,,,,120.4,59,120.5,150,120.6,1,120.7,5,,,,,,,,,,,,
2026-07-09T04:00:58.074482+00:00,2026-07-09T04:00:58.074351,2,3,120.2,0.4,120.0,108,119.9,100,,,,,,,,,,,,,,,,,120.4,59,120.5,150,120.6,1,,,,,,,,,,,,,,
2026-07-09T04:00:58.084911+00:00,2026-07-09T04:00:58.084839,2,4,120.2,0.4,120.0,108,119.9,100,,,,,,,,,,,,,,,,,120.4,59,120.5,150,120.6,1,120.7,5,,,,,,,,,,,,
2026-07-09T04:00:58.318924+00:00,2026-07-09T04:00:58.318770,2,4,120.2,0.4,120.0,58,119.9,100,,,,,,,,,,,,,,,,,120.4,59,120.5,150,120.6,1,120.7,5,,,,,,,,,,,,
2026-07-09T04:00:58.420748+00:00,2026-07-09T04:00:58.420658,2,3,120.2,0.4,120.0,58,119.9,100,,,,,,,,,,,,,,,,,120.4,59,120.5,150,120.7,5,,,,,,,,,,,,,,
2026-07-09T04:00:58.425965+00:00,2026-07-09T04:00:58.425915,2,4,120.2,0.4,120.0,58,119.9,100,,,,,,,,,,,,,,,,,120.4,59,120.5,150,120.6,1,120.7,5,,,,,,,,,,,,
2026-07-09T04:00:58.599445+00:00,2026-07-09T04:00:58.599368,2,3,120.2,0.4,120.0,58,119.9,100,,,,,,,,,,,,,,,,,120.4,59,120.5,150,120.6,1,,,,,,,,,,,,,,
2026-07-09T04:00:58.604731+00:00,2026-07-09T04:00:58.604641,2,4,120.2,0.4,120.0,58,119.9,100,,,,,,,,,,,,,,,,,120.4,59,120.5,150,120.6,1,120.7,5,,,,,,,,,,,,
2026-07-09T04:00:58.969620+00:00,2026-07-09T04:00:58.969527,1,3,120.15,0.5,119.9,100,,,,,,,,,,,,,,,,,,,120.4,59,120.6,1,120.7,5,,,,,,,,,,,,,,
2026-07-09T04:00:59.023940+00:00,2026-07-09T04:00:59.023802,2,3,120.15,0.5,119.9,100,119.6,150,,,,,,,,,,,,,,,,,120.4,59,120.6,1,120.7,5,,,,,,,,,,,,,,
2026-07-09T04:00:59.077092+00:00,2026-07-09T04:00:59.076979,2,4,120.0,0.2,119.9,100,119.6,150,,,,,,,,,,,,,,,,,120.1,150,120.4,59,120.6,1,120.7,5,,,,,,,,,,,,
2026-07-09T04:00:59.117883+00:00,2026-07-09T04:00:59.117743,2,3,120.0,0.2,119.9,100,119.6,150,,,,,,,,,,,,,,,,,120.1,150,120.4,59,120.6,1,,,,,,,,,,,,,,
2026-07-09T04:00:59.123078+00:00,2026-07-09T04:00:59.122971,2,4,120.0,0.2,119.9,100,119.6,150,,,,,,,,,,,,,,,,,120.1,150,120.4,59,120.6,1,120.7,5,,,,,,,,,,,,
2026-07-09T04:00:59.135462+00:00,2026-07-09T04:00:59.135353,2,3,120.0,0.2,119.9,100,119.6,150,,,,,,,,,,,,,,,,,120.1,150,120.4,59,120.7,5,,,,,,,,,,,,,,
2026-07-09T04:00:59.479562+00:00,2026-07-09T04:00:59.479485,2,4,120.0,0.2,119.9,100,119.6,150,,,,,,,,,,,,,,,,,120.1,150,120.4,59,120.6,1,120.7,5,,,,,,,,,,,,
2026-07-09T04:00:59.624588+00:00,2026-07-09T04:00:59.619039,1,2,119.85,0.5,119.6,150,,,,,,,,,,,,,,,,,,,120.1,116,120.7,5,,,,,,,,,,,,,,,,
2026-07-09T04:00:59.640257+00:00,2026-07-09T04:00:59.640133,1,1,119.85,0.5,119.6,150,,,,,,,,,,,,,,,,,,,120.1,116,,,,,,,,,,,,,,,,,,
2026-07-09T04:00:59.650686+00:00,2026-07-09T04:00:59.650586,1,2,119.85,0.5,119.6,150,,,,,,,,,,,,,,,,,,,120.1,116,120.8,5,,,,,,,,,,,,,,,,
2026-07-09T04:00:59.683544+00:00,2026-07-09T04:00:59.683503,1,2,119.85,0.5,119.6,150,,,,,,,,,,,,,,,,,,,120.1,16,120.8,5,,,,,,,,,,,,,,,,
2026-07-09T04:00:59.738250+00:00,2026-07-09T04:00:59.738174,1,3,119.85,0.5,119.6,150,,,,,,,,,,,,,,,,,,,120.1,16,120.7,100,120.8,5,,,,,,,,,,,,,,
2026-07-09T04:01:00.154670+00:00,2026-07-09T04:01:00.154859,1,2,119.85,0.5,119.6,150,,,,,,,,,,,,,,,,,,,120.1,16,120.7,100,,,,,,,,,,,,,,,,
2026-07-09T04:01:00.165357+00:00,2026-07-09T04:01:00.165260,1,3,119.85,0.5,119.6,150,,,,,,,,,,,,,,,,,,,120.1,16,120.7,100,120.8,5,,,,,,,,,,,,,,
2026-07-09T04:01:00.428661+00:00,2026-07-09T04:01:00.428499,1,3,119.85,0.5,119.6,100,,,,,,,,,,,,,,,,,,,120.1,16,120.7,100,120.8,5,,,,,,,,,,,,,,
2026-07-09T04:01:00.540931+00:00,2026-07-09T04:01:00.540824,1,3,119.85,0.5,119.6,100,,,,,,,,,,,,,,,,,,,120.1,16,120.7,101,120.8,5,,,,,,,,,,,,,,
2026-07-09T04:01:00.690638+00:00,2026-07-09T04:01:00.690519,1,2,119.85,0.5,119.6,100,,,,,,,,,,,,,,,,,,,120.1,16,120.7,101,,,,,,,,,,,,,,,,
2026-07-09T04:01:00.701176+00:00,2026-07-09T04:01:00.701057,1,3,119.85,0.5,119.6,100,,,,,,,,,,,,,,,,,,,120.1,16,120.7,101,120.8,5,,,,,,,,,,,,,,
2026-07-09T04:01:00.789872+00:00,2026-07-09T04:01:00.789837,1,2,120.15,1.1,119.6,100,,,,,,,,,,,,,,,,,,,120.7,101,120.8,5,,,,,,,,,,,,,,,,
2026-07-09T04:01:01.206663+00:00,2026-07-09T04:01:01.206914,1,1,120.15,1.1,119.6,100,,,,,,,,,,,,,,,,,,,120.7,101,,,,,,,,,,,,,,,,,,
2026-07-09T04:01:01.217465+00:00,2026-07-09T04:01:01.217378,1,2,120.1,1.0,119.6,100,,,,,,,,,,,,,,,,,,,120.6,5,120.7,101,,,,,,,,,,,,,,,,
2026-07-09T04:01:01.645929+00:00,2026-07-09T04:01:01.645853,1,2,120.1,1.0,119.6,100,,,,,,,,,,,,,,,,,,,120.6,5,120.7,100,,,,,,,,,,,,,,,,
2026-07-09T04:01:01.651125+00:00,2026-07-09T04:01:01.651050,1,3,120.05,0.9,119.6,100,,,,,,,,,,,,,,,,,,,120.5,1,120.6,5,120.7,100,,,,,,,,,,,,,,
2026-07-09T04:01:01.720703+00:00,2026-07-09T04:01:01.720621,1,2,120.05,0.9,119.6,100,,,,,,,,,,,,,,,,,,,120.5,1,120.7,100,,,,,,,,,,,,,,,,
2026-07-09T04:01:01.731157+00:00,2026-07-09T04:01:01.731068,1,3,120.05,0.9,119.6,100,,,,,,,,,,,,,,,,,,,120.5,1,120.6,5,120.7,100,,,,,,,,,,,,,,
2026-07-09T04:01:02.128413+00:00,2026-07-09T04:01:02.128329,0,3,,,,,,,,,,,,,,,,,,,,,,,120.5,1,120.6,5,120.7,100,,,,,,,,,,,,,,
2026-07-09T04:01:02.184477+00:00,2026-07-09T04:01:02.184342,1,3,120.15,0.7,119.8,150,,,,,,,,,,,,,,,,,,,120.5,1,120.6,5,120.7,100,,,,,,,,,,,,,,
2026-07-09T04:01:02.241422+00:00,2026-07-09T04:01:02.241240,1,4,120.05,0.5,119.8,150,,,,,,,,,,,,,,,,,,,120.3,150,120.5,1,120.6,5,120.7,100,,,,,,,,,,,,
2026-07-09T04:01:02.246606+00:00,2026-07-09T04:01:02.246534,1,3,120.05,0.5,119.8,150,,,,,,,,,,,,,,,,,,,120.3,150,120.5,1,120.7,100,,,,,,,,,,,,,,
2026-07-09T04:01:02.258587+00:00,2026-07-09T04:01:02.251895,1,4,120.05,0.5,119.8,150,,,,,,,,,,,,,,,,,,,120.3,150,120.5,1,120.6,5,120.7,100,,,,,,,,,,,,
2026-07-09T04:01:02.485266+00:00,2026-07-09T04:01:02.485170,1,4,120.05,0.5,119.8,150,,,,,,,,,,,,,,,,,,,120.3,100,120.5,1,120.6,5,120.7,100,,,,,,,,,,,,
2026-07-09T04:01:02.758647+00:00,2026-07-09T04:01:02.757231,1,3,120.05,0.5,119.8,150,,,,,,,,,,,,,,,,,,,120.3,100,120.5,1,120.7,100,,,,,,,,,,,,,,
2026-07-09T04:01:02.771109+00:00,2026-07-09T04:01:02.771070,1,4,120.05,0.5,119.8,150,,,,,,,,,,,,,,,,,,,120.3,100,120.5,1,120.6,5,120.7,100,,,,,,,,,,,,
2026-07-09T04:01:02.792795+00:00,2026-07-09T04:01:02.792737,1,3,120.05,0.5,119.8,150,,,,,,,,,,,,,,,,,,,120.3,100,120.5,1,120.6,5,,,,,,,,,,,,,,
2026-07-09T04:01:02.846325+00:00,2026-07-09T04:01:02.846269,2,3,120.05,0.5,119.8,150,119.6,100,,,,,,,,,,,,,,,,,120.3,100,120.5,1,120.6,5,,,,,,,,,,,,,,
2026-07-09T04:01:02.901267+00:00,2026-07-09T04:01:02.901134,2,4,119.95,0.3,119.8,150,119.6,100,,,,,,,,,,,,,,,,,120.1,100,120.3,100,120.5,1,120.6,5,,,,,,,,,,,,
2026-07-09T04:01:03.279804+00:00,2026-07-09T04:01:03.279726,2,3,119.95,0.3,119.8,150,119.6,100,,,,,,,,,,,,,,,,,120.1,100,120.3,100,120.5,1,,,,,,,,,,,,,,
2026-07-09T04:01:03.290245+00:00,2026-07-09T04:01:03.290145,2,4,119.95,0.3,119.8,150,119.6,100,,,,,,,,,,,,,,,,,120.1,100,120.3,100,120.4,5,120.5,1,,,,,,,,,,,,
2026-07-09T04:01:03.452420+00:00,2026-07-09T04:01:03.457260,2,4,119.95,0.3,119.8,109,119.6,100,,,,,,,,,,,,,,,,,120.1,100,120.3,100,120.4,5,120.5,1,,,,,,,,,,,,
2026-07-09T04:01:03.795360+00:00,2026-07-09T04:01:03.795245,2,3,119.95,0.3,119.8,109,119.6,100,,,,,,,,,,,,,,,,,120.1,100,120.3,100,120.5,1,,,,,,,,,,,,,,
2026-07-09T04:01:03.805731+00:00,2026-07-09T04:01:03.805638,2,4,119.95,0.3,119.8,109,119.6,100,,,,,,,,,,,,,,,,,120.1,100,120.3,100,120.5,1,120.6,5,,,,,,,,,,,,
2026-07-09T04:01:03.863902+00:00,2026-07-09T04:01:03.863849,2,3,119.95,0.3,119.8,109,119.6,100,,,,,,,,,,,,,,,,,120.1,100,120.3,100,120.6,5,,,,,,,,,,,,,,
2026-07-09T04:01:03.869138+00:00,2026-07-09T04:01:03.869064,2,4,119.95,0.3,119.8,109,119.6,100,,,,,,,,,,,,,,,,,120.1,100,120.3,100,120.4,1,120.6,5,,,,,,,,,,,,
2026-07-09T04:01:03.993444+00:00,2026-07-09T04:01:03.993226,2,4,119.95,0.3,119.8,109,119.6,100,,,,,,,,,,,,,,,,,120.1,58,120.3,100,120.4,1,120.6,5,,,,,,,,,,,,
2026-07-09T04:01:04.319563+00:00,2026-07-09T04:01:04.319429,2,3,119.95,0.3,119.8,109,119.6,100,,,,,,,,,,,,,,,,,120.1,58,120.3,100,120.4,1,,,,,,,,,,,,,,
2026-07-09T04:01:04.329933+00:00,2026-07-09T04:01:04.329881,2,4,119.95,0.3,119.8,109,119.6,100,,,,,,,,,,,,,,,,,120.1,58,120.3,100,120.4,1,120.6,5,,,,,,,,,,,,
2026-07-09T04:01:04.527152+00:00,2026-07-09T04:01:04.527113,2,4,119.95,0.3,119.8,67,119.6,100,,,,,,,,,,,,,,,,,120.1,58,120.3,100,120.4,1,120.6,5,,,,,,,,,,,,
2026-07-09T04:01:04.593516+00:00,2026-07-09T04:01:04.593395,2,4,119.95,0.3,119.8,67,119.6,100,,,,,,,,,,,,,,,,,120.1,8,120.3,100,120.4,1,120.6,5,,,,,,,,,,,,
2026-07-09T04:01:04.837014+00:00,2026-07-09T04:01:04.836966,2,3,119.95,0.3,119.8,67,119.6,100,,,,,,,,,,,,,,,,,120.1,8,120.3,100,120.4,1,,,,,,,,,,,,,,
2026-07-09T04:01:04.882539+00:00,2026-07-09T04:01:04.882491,2,3,119.95,0.3,119.8,67,119.6,100,,,,,,,,,,,,,,,,,120.1,8,120.3,100,120.6,5,,,,,,,,,,,,,,
2026-07-09T04:01:04.986791+00:00,2026-07-09T04:01:04.986640,2,3,119.95,0.3,119.8,67,119.6,100,,,,,,,,,,,,,,,,,120.1,8,120.3,101,120.6,5,,,,,,,,,,,,,,
2026-07-09T04:01:05.092486+00:00,2026-07-09T04:01:05.092317,2,3,119.95,0.3,119.8,67,119.6,100,,,,,,,,,,,,,,,,,120.1,8,120.3,100,120.6,5,,,,,,,,,,,,,,
2026-07-09T04:01:05.298639+00:00,2026-07-09T04:01:05.298558,1,2,119.85,0.5,119.6,100,,,,,,,,,,,,,,,,,,,120.1,8,120.6,5,,,,,,,,,,,,,,,,
2026-07-09T04:01:05.358605+00:00,2026-07-09T04:01:05.356396,1,2,119.85,0.5,119.6,250,,,,,,,,,,,,,,,,,,,120.1,8,120.6,5,,,,,,,,,,,,,,,,
2026-07-09T04:01:05.382825+00:00,2026-07-09T04:01:05.382796,1,1,119.85,0.5,119.6,250,,,,,,,,,,,,,,,,,,,120.1,8,,,,,,,,,,,,,,,,,,
2026-07-09T04:01:05.393265+00:00,2026-07-09T04:01:05.393184,1,2,119.85,0.5,119.6,250,,,,,,,,,,,,,,,,,,,120.1,8,120.4,5,,,,,,,,,,,,,,,,
2026-07-09T04:01:05.410306+00:00,2026-07-09T04:01:05.410262,1,2,119.85,0.5,119.6,250,,,,,,,,,,,,,,,,,,,120.1,158,120.4,5,,,,,,,,,,,,,,,,
2026-07-09T04:01:05.897783+00:00,2026-07-09T04:01:05.898013,1,1,119.85,0.5,119.6,250,,,,,,,,,,,,,,,,,,,120.1,158,,,,,,,,,,,,,,,,,,
2026-07-09T04:01:05.903380+00:00,2026-07-09T04:01:05.903299,1,2,119.85,0.5,119.6,250,,,,,,,,,,,,,,,,,,,120.1,158,120.4,5,,,,,,,,,,,,,,,,
2026-07-09T04:01:05.956528+00:00,2026-07-09T04:01:05.956395,1,2,119.85,0.5,119.6,150,,,,,,,,,,,,,,,,,,,120.1,150,120.4,5,,,,,,,,,,,,,,,,
2026-07-09T04:01:06.011651+00:00,2026-07-09T04:01:06.011554,2,2,119.9,0.4,119.7,100,119.6,150,,,,,,,,,,,,,,,,,120.1,150,120.4,5,,,,,,,,,,,,,,,,
2026-07-09T04:01:06.058568+00:00,2026-07-09T04:01:06.057483,2,3,119.9,0.4,119.7,100,119.6,150,,,,,,,,,,,,,,,,,120.1,150,120.2,100,120.4,5,,,,,,,,,,,,,,
2026-07-09T04:01:06.134856+00:00,2026-07-09T04:01:06.134573,2,4,119.9,0.4,119.7,100,119.6,150,,,,,,,,,,,,,,,,,120.1,150,120.2,100,120.3,1,120.4,5,,,,,,,,,,,,
2026-07-09T04:01:06.411920+00:00,2026-07-09T04:01:06.411810,2,3,119.9,0.4,119.7,100,119.6,150,,,,,,,,,,,,,,,,,120.1,150,120.2,100,120.3,1,,,,,,,,,,,,,,
2026-07-09T04:01:06.422238+00:00,2026-07-09T04:01:06.422182,2,4,119.9,0.4,119.7,100,119.6,150,,,,,,,,,,,,,,,,,120.1,150,120.2,100,120.3,1,120.5,5,,,,,,,,,,,,
2026-07-09T04:01:06.790984+00:00,2026-07-09T04:01:06.780147,2,4,119.9,0.4,119.7,50,119.6,150,,,,,,,,,,,,,,,,,120.1,150,120.2,100,120.3,1,120.5,5,,,,,,,,,,,,
2026-07-09T04:01:06.927756+00:00,2026-07-09T04:01:06.927706,2,3,119.9,0.4,119.7,50,119.6,150,,,,,,,,,,,,,,,,,120.1,150,120.2,100,120.3,1,,,,,,,,,,,,,,
2026-07-09T04:01:06.932988+00:00,2026-07-09T04:01:06.932927,2,4,119.9,0.4,119.7,50,119.6,150,,,,,,,,,,,,,,,,,120.1,150,120.2,100,120.3,1,120.4,5,,,,,,,,,,,,
2026-07-09T04:01:07.240727+00:00,2026-07-09T04:01:07.240662,2,3,119.9,0.4,119.7,50,119.6,150,,,,,,,,,,,,,,,,,120.1,150,120.2,100,120.4,5,,,,,,,,,,,,,,
2026-07-09T04:01:07.245742+00:00,2026-07-09T04:01:07.245894,2,3,119.9,0.4,119.7,50,119.6,150,,,,,,,,,,,,,,,,,120.1,104,120.2,100,120.4,5,,,,,,,,,,,,,,
2026-07-09T04:01:07.250984+00:00,2026-07-09T04:01:07.251070,2,4,119.9,0.4,119.7,50,119.6,150,,,,,,,,,,,,,,,,,120.1,104,120.2,100,120.3,1,120.4,5,,,,,,,,,,,,
2026-07-09T04:01:07.441034+00:00,2026-07-09T04:01:07.440918,2,3,119.9,0.4,119.7,50,119.6,150,,,,,,,,,,,,,,,,,120.1,104,120.2,100,120.3,1,,,,,,,,,,,,,,
2026-07-09T04:01:07.446254+00:00,2026-07-09T04:01:07.446131,2,4,119.9,0.4,119.7,50,119.6,150,,,,,,,,,,,,,,,,,120.1,104,120.2,100,120.3,1,120.4,5,,,,,,,,,,,,
2026-07-09T04:01:07.887039+00:00,2026-07-09T04:01:07.886938,2,4,119.9,0.4,119.7,7,119.6,150,,,,,,,,,,,,,,,,,120.1,104,120.2,100,120.3,1,120.4,5,,,,,,,,,,,,
2026-07-09T04:01:07.958695+00:00,2026-07-09T04:01:07.955411,2,3,119.9,0.4,119.7,7,119.6,150,,,,,,,,,,,,,,,,,120.1,104,120.2,100,120.3,1,,,,,,,,,,,,,,
2026-07-09T04:01:07.969915+00:00,2026-07-09T04:01:07.969800,2,4,119.9,0.4,119.7,7,119.6,150,,,,,,,,,,,,,,,,,120.1,104,120.2,100,120.3,1,120.4,5,,,,,,,,,,,,
2026-07-09T04:01:08.358716+00:00,2026-07-09T04:01:08.353116,2,4,119.9,0.4,119.7,7,119.6,150,,,,,,,,,,,,,,,,,120.1,104,120.2,100,120.3,1,120.4,5,,,,,,,,,,,,
2026-07-09T04:01:08.464949+00:00,2026-07-09T04:01:08.464865,1,3,119.95,0.5,119.7,7,,,,,,,,,,,,,,,,,,,120.2,100,120.3,1,120.4,5,,,,,,,,,,,,,,
2026-07-09T04:01:08.475276+00:00,2026-07-09T04:01:08.475244,1,2,119.95,0.5,119.7,7,,,,,,,,,,,,,,,,,,,120.2,100,120.3,1,,,,,,,,,,,,,,,,
2026-07-09T04:01:08.480507+00:00,2026-07-09T04:01:08.480471,1,3,119.95,0.5,119.7,7,,,,,,,,,,,,,,,,,,,120.2,100,120.3,1,120.4,5,,,,,,,,,,,,,,
2026-07-09T04:01:08.537954+00:00,2026-07-09T04:01:08.537936,1,3,119.95,0.5,119.7,157,,,,,,,,,,,,,,,,,,,120.2,100,120.3,1,120.4,5,,,,,,,,,,,,,,
2026-07-09T04:01:08.593394+00:00,2026-07-09T04:01:08.593322,1,3,119.95,0.5,119.7,157,,,,,,,,,,,,,,,,,,,120.2,250,120.3,1,120.4,5,,,,,,,,,,,,,,
2026-07-09T04:01:08.994681+00:00,2026-07-09T04:01:08.994497,1,2,119.95,0.5,119.7,157,,,,,,,,,,,,,,,,,,,120.2,250,120.3,1,,,,,,,,,,,,,,,,
2026-07-09T04:01:08.999925+00:00,2026-07-09T04:01:08.999774,1,3,119.95,0.5,119.7,157,,,,,,,,,,,,,,,,,,,120.2,250,120.3,1,120.4,5,,,,,,,,,,,,,,
2026-07-09T04:01:09.141079+00:00,2026-07-09T04:01:09.140914,1,3,119.95,0.5,119.7,150,,,,,,,,,,,,,,,,,,,120.2,150,120.3,1,120.4,5,,,,,,,,,,,,,,
2026-07-09T04:01:09.199174+00:00,2026-07-09T04:01:09.199082,2,3,119.95,0.5,119.7,150,119.4,100,,,,,,,,,,,,,,,,,120.2,150,120.3,1,120.4,5,,,,,,,,,,,,,,
2026-07-09T04:01:09.251443+00:00,2026-07-09T04:01:09.251240,2,4,119.8,0.2,119.7,150,119.4,100,,,,,,,,,,,,,,,,,119.9,100,120.2,150,120.3,1,120.4,5,,,,,,,,,,,,
2026-07-09T04:01:09.470033+00:00,2026-07-09T04:01:09.469992,2,3,119.8,0.2,119.7,150,119.4,100,,,,,,,,,,,,,,,,,119.9,100,120.2,150,120.4,5,,,,,,,,,,,,,,
2026-07-09T04:01:09.475237+00:00,2026-07-09T04:01:09.475166,2,3,119.8,0.2,119.7,150,119.4,100,,,,,,,,,,,,,,,,,119.9,100,120.2,151,120.4,5,,,,,,,,,,,,,,
2026-07-09T04:01:09.516232+00:00,2026-07-09T04:01:09.516067,2,2,119.8,0.2,119.7,150,119.4,100,,,,,,,,,,,,,,,,,119.9,100,120.2,151,,,,,,,,,,,,,,,,
2026-07-09T04:01:09.521486+00:00,2026-07-09T04:01:09.521347,2,3,119.8,0.2,119.7,150,119.4,100,,,,,,,,,,,,,,,,,119.9,100,120.2,151,120.4,5,,,,,,,,,,,,,,
2026-07-09T04:01:10.026744+00:00,2026-07-09T04:01:10.026868,2,2,119.8,0.2,119.7,150,119.4,100,,,,,,,,,,,,,,,,,119.9,100,120.2,151,,,,,,,,,,,,,,,,
2026-07-09T04:01:10.032194+00:00,2026-07-09T04:01:10.032075,2,3,119.8,0.2,119.7,150,119.4,100,,,,,,,,,,,,,,,,,119.9,100,120.2,151,120.4,5,,,,,,,,,,,,,,
2026-07-09T04:01:10.138604+00:00,2026-07-09T04:01:10.132590,2,3,119.8,0.2,119.7,139,119.4,100,,,,,,,,,,,,,,,,,119.9,100,120.2,151,120.4,5,,,,,,,,,,,,,,
2026-07-09T04:01:10.183563+00:00,2026-07-09T04:01:10.183539,2,3,119.8,0.2,119.7,96,119.4,100,,,,,,,,,,,,,,,,,119.9,100,120.2,150,120.4,5,,,,,,,,,,,,,,
2026-07-09T04:01:10.199337+00:00,2026-07-09T04:01:10.199201,2,3,119.8,0.2,119.7,86,119.4,100,,,,,,,,,,,,,,,,,119.9,100,120.2,150,120.4,5,,,,,,,,,,,,,,
2026-07-09T04:01:10.546211+00:00,2026-07-09T04:01:10.546164,2,2,119.8,0.2,119.7,86,119.4,100,,,,,,,,,,,,,,,,,119.9,100,120.2,150,,,,,,,,,,,,,,,,
2026-07-09T04:01:10.558633+00:00,2026-07-09T04:01:10.551384,2,2,119.8,0.2,119.7,86,119.4,100,,,,,,,,,,,,,,,,,119.9,100,120.2,155,,,,,,,,,,,,,,,,
2026-07-09T04:01:10.615936+00:00,2026-07-09T04:01:10.615878,2,3,119.8,0.2,119.7,86,119.4,100,,,,,,,,,,,,,,,,,119.9,100,120.1,1,120.2,155,,,,,,,,,,,,,,
2026-07-09T04:01:10.720508+00:00,2026-07-09T04:01:10.720406,2,2,119.8,0.2,119.7,86,119.4,100,,,,,,,,,,,,,,,,,119.9,100,120.2,155,,,,,,,,,,,,,,,,
2026-07-09T04:01:10.995763+00:00,2026-07-09T04:01:10.995614,2,2,119.8,0.2,119.7,36,119.4,100,,,,,,,,,,,,,,,,,119.9,100,120.2,155,,,,,,,,,,,,,,,,
2026-07-09T04:01:11.064164+00:00,2026-07-09T04:01:11.064040,2,2,119.8,0.2,119.7,36,119.4,100,,,,,,,,,,,,,,,,,119.9,100,120.2,155,,,,,,,,,,,,,,,,
2026-07-09T04:01:11.616026+00:00,2026-07-09T04:01:11.615874,2,2,119.8,0.2,119.7,36,119.4,100,,,,,,,,,,,,,,,,,119.9,100,120.2,150,,,,,,,,,,,,,,,,
2026-07-09T04:01:11.626443+00:00,2026-07-09T04:01:11.626397,2,3,119.8,0.2,119.7,36,119.4,100,,,,,,,,,,,,,,,,,119.9,100,120.2,150,120.5,5,,,,,,,,,,,,,,
2026-07-09T04:01:11.650686+00:00,2026-07-09T04:01:11.650617,1,2,119.65,0.5,119.4,100,,,,,,,,,,,,,,,,,,,119.9,100,120.5,5,,,,,,,,,,,,,,,,
2026-07-09T04:01:11.705900+00:00,2026-07-09T04:01:11.705997,1,2,119.65,0.5,119.4,250,,,,,,,,,,,,,,,,,,,119.9,100,120.5,5,,,,,,,,,,,,,,,,
2026-07-09T04:01:11.748177+00:00,2026-07-09T04:01:11.748296,1,3,119.65,0.5,119.4,250,,,,,,,,,,,,,,,,,,,119.9,100,120.4,1,120.5,5,,,,,,,,,,,,,,
2026-07-09T04:01:11.758692+00:00,2026-07-09T04:01:11.754412,1,3,119.65,0.5,119.4,250,,,,,,,,,,,,,,,,,,,119.9,250,120.4,1,120.5,5,,,,,,,,,,,,,,
2026-07-09T04:01:12.120088+00:00,2026-07-09T04:01:12.119969,1,3,119.65,0.5,119.4,250,,,,,,,,,,,,,,,,,,,119.9,205,120.4,1,120.5,5,,,,,,,,,,,,,,
2026-07-09T04:01:12.135341+00:00,2026-07-09T04:01:12.135315,1,2,119.65,0.5,119.4,250,,,,,,,,,,,,,,,,,,,119.9,205,120.4,1,,,,,,,,,,,,,,,,
2026-07-09T04:01:12.145777+00:00,2026-07-09T04:01:12.145655,1,3,119.65,0.5,119.4,250,,,,,,,,,,,,,,,,,,,119.9,205,120.4,1,120.5,5,,,,,,,,,,,,,,
2026-07-09T04:01:12.306829+00:00,2026-07-09T04:01:12.306763,1,3,119.65,0.5,119.4,150,,,,,,,,,,,,,,,,,,,119.9,150,120.4,1,120.5,5,,,,,,,,,,,,,,
2026-07-09T04:01:12.360311+00:00,2026-07-09T04:01:12.360238,2,3,119.75,0.3,119.6,100,119.4,150,,,,,,,,,,,,,,,,,119.9,150,120.4,1,120.5,5,,,,,,,,,,,,,,
2026-07-09T04:01:12.417713+00:00,2026-07-09T04:01:12.417643,2,4,119.75,0.3,119.6,100,119.4,150,,,,,,,,,,,,,,,,,119.9,150,120.1,100,120.4,1,120.5,5,,,,,,,,,,,,
2026-07-09T04:01:12.658592+00:00,2026-07-09T04:01:12.652994,2,3,119.75,0.3,119.6,52,119.4,150,,,,,,,,,,,,,,,,,119.9,150,120.1,100,120.4,6,,,,,,,,,,,,,,
2026-07-09T04:01:12.852911+00:00,2026-07-09T04:01:12.852801,2,3,119.75,0.3,119.6,52,119.4,150,,,,,,,,,,,,,,,,,119.9,150,120.1,100,120.4,5,,,,,,,,,,,,,,
2026-07-09T04:01:12.858589+00:00,2026-07-09T04:01:12.858056,2,4,119.75,0.3,119.6,52,119.4,150,,,,,,,,,,,,,,,,,119.9,150,120.1,100,120.3,1,120.4,5,,,,,,,,,,,,
2026-07-09T04:01:13.055232+00:00,2026-07-09T04:01:13.055172,2,4,119.75,0.3,119.6,52,119.4,150,,,,,,,,,,,,,,,,,119.9,100,120.1,100,120.3,1,120.4,5,,,,,,,,,,,,
2026-07-09T04:01:13.144694+00:00,2026-07-09T04:01:13.144880,2,4,119.75,0.3,119.6,52,119.4,150,,,,,,,,,,,,,,,,,119.9,59,120.1,100,120.3,1,120.4,5,,,,,,,,,,,,
2026-07-09T04:01:13.167444+00:00,2026-07-09T04:01:13.167378,2,3,119.75,0.3,119.6,52,119.4,150,,,,,,,,,,,,,,,,,119.9,59,120.1,100,120.3,1,,,,,,,,,,,,,,
2026-07-09T04:01:13.177845+00:00,2026-07-09T04:01:13.177768,2,4,119.75,0.3,119.6,52,119.4,150,,,,,,,,,,,,,,,,,119.9,59,120.1,100,120.3,1,120.4,5,,,,,,,,,,,,
2026-07-09T04:01:13.682415+00:00,2026-07-09T04:01:13.682333,2,3,119.75,0.3,119.6,52,119.4,150,,,,,,,,,,,,,,,,,119.9,59,120.1,100,120.3,1,,,,,,,,,,,,,,
2026-07-09T04:01:13.687587+00:00,2026-07-09T04:01:13.687543,2,4,119.75,0.3,119.6,52,119.4,150,,,,,,,,,,,,,,,,,119.9,59,120.1,100,120.3,1,120.4,5,,,,,,,,,,,,
2026-07-09T04:01:13.997169+00:00,2026-07-09T04:01:13.997116,2,3,119.75,0.3,119.6,52,119.4,150,,,,,,,,,,,,,,,,,119.9,59,120.1,100,120.4,5,,,,,,,,,,,,,,
2026-07-09T04:01:14.002432+00:00,2026-07-09T04:01:14.002375,2,3,119.75,0.3,119.6,52,119.4,150,,,,,,,,,,,,,,,,,119.9,59,120.1,100,120.4,6,,,,,,,,,,,,,,
2026-07-09T04:01:14.195420+00:00,2026-07-09T04:01:14.195384,2,3,119.75,0.3,119.6,52,119.4,150,,,,,,,,,,,,,,,,,119.9,59,120.1,100,120.4,1,,,,,,,,,,,,,,
2026-07-09T04:01:14.205971+00:00,2026-07-09T04:01:14.205865,2,4,119.75,0.3,119.6,52,119.4,150,,,,,,,,,,,,,,,,,119.9,18,120.1,100,120.4,1,120.6,5,,,,,,,,,,,,
2026-07-09T04:01:14.712512+00:00,2026-07-09T04:01:14.712444,2,3,119.75,0.3,119.6,52,119.4,150,,,,,,,,,,,,,,,,,119.9,18,120.1,100,120.4,1,,,,,,,,,,,,,,
2026-07-09T04:01:14.722942+00:00,2026-07-09T04:01:14.722837,2,4,119.75,0.3,119.6,52,119.4,150,,,,,,,,,,,,,,,,,119.9,18,120.1,100,120.4,1,120.6,5,,,,,,,,,,,,
2026-07-09T04:01:14.813876+00:00,2026-07-09T04:01:14.813813,1,3,119.85,0.5,119.6,52,,,,,,,,,,,,,,,,,,,120.1,100,120.4,1,120.6,5,,,,,,,,,,,,,,
2026-07-09T04:01:14.874613+00:00,2026-07-09T04:01:14.874487,2,3,120.05,0.1,120.0,150,119.6,52,,,,,,,,,,,,,,,,,120.1,100,120.4,1,120.6,5,,,,,,,,,,,,,,
2026-07-09T04:01:14.927958+00:00,2026-07-09T04:01:14.928129,2,4,120.05,0.1,120.0,150,119.6,52,,,,,,,,,,,,,,,,,120.1,100,120.4,1,120.5,150,120.6,5,,,,,,,,,,,,
2026-07-09T04:01:15.112502+00:00,2026-07-09T04:01:15.112427,2,4,120.05,0.1,120.0,150,119.6,52,,,,,,,,,,,,,,,,,120.1,100,120.4,1,120.5,150,120.6,5,,,,,,,,,,,,
2026-07-09T04:01:15.213345+00:00,2026-07-09T04:01:15.213481,2,4,120.05,0.1,120.0,100,119.6,52,,,,,,,,,,,,,,,,,120.1,100,120.4,1,120.5,150,120.6,5,,,,,,,,,,,,
2026-07-09T04:01:15.226675+00:00,2026-07-09T04:01:15.226643,2,3,120.05,0.1,120.0,100,119.6,52,,,,,,,,,,,,,,,,,120.1,100,120.4,1,120.5,150,,,,,,,,,,,,,,
2026-07-09T04:01:15.231725+00:00,2026-07-09T04:01:15.231868,2,4,120.05,0.1,120.0,100,119.6,52,,,,,,,,,,,,,,,,,120.1,100,120.4,1,120.5,150,120.6,5,,,,,,,,,,,,
2026-07-09T04:01:15.471851+00:00,2026-07-09T04:01:15.471760,1,3,120.2,0.4,120.0,100,,,,,,,,,,,,,,,,,,,120.4,1,120.5,150,120.6,5,,,,,,,,,,,,,,
2026-07-09T04:01:15.527992+00:00,2026-07-09T04:01:15.527855,2,3,120.2,0.4,120.0,100,119.7,100,,,,,,,,,,,,,,,,,120.4,1,120.5,150,120.6,5,,,,,,,,,,,,,,
2026-07-09T04:01:15.581701+00:00,2026-07-09T04:01:15.581394,2,4,120.05,0.1,120.0,100,119.7,100,,,,,,,,,,,,,,,,,120.1,100,120.4,1,120.5,150,120.6,5,,,,,,,,,,,,
2026-07-09T04:01:15.742971+00:00,2026-07-09T04:01:15.742832,2,3,120.05,0.1,120.0,100,119.7,100,,,,,,,,,,,,,,,,,120.1,100,120.4,1,120.5,150,,,,,,,,,,,,,,
2026-07-09T04:01:15.753407+00:00,2026-07-09T04:01:15.753321,2,4,120.05,0.1,120.0,100,119.7,100,,,,,,,,,,,,,,,,,120.1,100,120.4,1,120.5,150,120.6,5,,,,,,,,,,,,
2026-07-09T04:01:16.223231+00:00,2026-07-09T04:01:16.223126,2,4,120.05,0.1,120.0,100,119.7,100,,,,,,,,,,,,,,,,,120.1,100,120.4,1,120.5,150,120.6,5,,,,,,,,,,,,
2026-07-09T04:01:16.269038+00:00,2026-07-09T04:01:16.268896,2,3,120.05,0.1,120.0,100,119.7,100,,,,,,,,,,,,,,,,,120.1,100,120.4,1,120.5,150,,,,,,,,,,,,,,
2026-07-09T04:01:16.274250+00:00,2026-07-09T04:01:16.274177,2,4,120.05,0.1,120.0,100,119.7,100,,,,,,,,,,,,,,,,,120.1,100,120.2,5,120.4,1,120.5,150,,,,,,,,,,,,
2026-07-09T04:01:16.711532+00:00,2026-07-09T04:01:16.705204,2,4,120.05,0.1,120.0,97,119.7,100,,,,,,,,,,,,,,,,,120.1,100,120.2,5,120.4,1,120.5,150,,,,,,,,,,,,
2026-07-09T04:01:16.727090+00:00,2026-07-09T04:01:16.727006,2,3,120.05,0.1,120.0,97,119.7,100,,,,,,,,,,,,,,,,,120.1,100,120.2,5,120.5,150,,,,,,,,,,,,,,
2026-07-09T04:01:16.732359+00:00,2026-07-09T04:01:16.732254,2,3,120.05,0.1,120.0,77,119.7,100,,,,,,,,,,,,,,,,,120.1,100,120.2,5,120.5,150,,,,,,,,,,,,,,
2026-07-09T04:01:16.784278+00:00,2026-07-09T04:01:16.784385,2,2,120.05,0.1,120.0,77,119.7,100,,,,,,,,,,,,,,,,,120.1,100,120.5,150,,,,,,,,,,,,,,,,
2026-07-09T04:01:16.789751+00:00,2026-07-09T04:01:16.789707,2,3,120.05,0.1,120.0,77,119.7,100,,,,,,,,,,,,,,,,,120.1,100,120.3,5,120.5,150,,,,,,,,,,,,,,
2026-07-09T04:01:17.271651+00:00,2026-07-09T04:01:17.271613,2,3,120.05,0.1,120.0,77,119.7,100,,,,,,,,,,,,,,,,,120.1,50,120.3,5,120.5,150,,,,,,,,,,,,,,
2026-07-09T04:01:17.298312+00:00,2026-07-09T04:01:17.298262,2,2,120.05,0.1,120.0,77,119.7,100,,,,,,,,,,,,,,,,,120.1,50,120.5,150,,,,,,,,,,,,,,,,
2026-07-09T04:01:17.303510+00:00,2026-07-09T04:01:17.303487,2,3,120.05,0.1,120.0,77,119.7,100,,,,,,,,,,,,,,,,,120.1,50,120.3,5,120.5,150,,,,,,,,,,,,,,
2026-07-09T04:01:17.347529+00:00,2026-07-09T04:01:17.347456,2,4,120.05,0.1,120.0,77,119.7,100,,,,,,,,,,,,,,,,,120.1,50,120.2,1,120.3,5,120.5,150,,,,,,,,,,,,
2026-07-09T04:01:17.811798+00:00,2026-07-09T04:01:17.811729,2,3,120.05,0.1,120.0,77,119.7,100,,,,,,,,,,,,,,,,,120.1,50,120.2,1,120.5,150,,,,,,,,,,,,,,
2026-07-09T04:01:17.822232+00:00,2026-07-09T04:01:17.822166,2,4,120.05,0.1,120.0,77,119.7,100,,,,,,,,,,,,,,,,,120.1,50,120.2,1,120.4,5,120.5,150,,,,,,,,,,,,
2026-07-09T04:01:17.979690+00:00,2026-07-09T04:01:17.979618,1,3,119.9,0.4,119.7,100,,,,,,,,,,,,,,,,,,,120.1,50,120.2,1,120.4,5,,,,,,,,,,,,,,
2026-07-09T04:01:18.036507+00:00,2026-07-09T04:01:18.036381,2,3,119.9,0.4,119.7,100,119.5,150,,,,,,,,,,,,,,,,,120.1,50,120.2,1,120.4,5,,,,,,,,,,,,,,
2026-07-09T04:01:18.089371+00:00,2026-07-09T04:01:18.089305,2,4,119.85,0.3,119.7,100,119.5,150,,,,,,,,,,,,,,,,,120.0,150,120.1,50,120.2,1,120.4,5,,,,,,,,,,,,
2026-07-09T04:01:18.327213+00:00,2026-07-09T04:01:18.327167,2,3,119.85,0.3,119.7,100,119.5,150,,,,,,,,,,,,,,,,,120.0,150,120.1,50,120.2,1,,,,,,,,,,,,,,
2026-07-09T04:01:18.337617+00:00,2026-07-09T04:01:18.337523,2,4,119.85,0.3,119.7,100,119.5,150,,,,,,,,,,,,,,,,,120.0,150,120.1,50,120.2,1,120.4,5,,,,,,,,,,,,
2026-07-09T04:01:18.458627+00:00,2026-07-09T04:01:18.454028,2,4,119.85,0.3,119.7,100,119.5,150,,,,,,,,,,,,,,,,,120.0,150,120.1,50,120.3,1,120.4,5,,,,,,,,,,,,
2026-07-09T04:01:18.632524+00:00,2026-07-09T04:01:18.632410,1,3,119.75,0.5,119.5,150,,,,,,,,,,,,,,,,,,,120.0,150,120.3,1,120.4,5,,,,,,,,,,,,,,
2026-07-09T04:01:18.681305+00:00,2026-07-09T04:01:18.681148,1,3,119.75,0.5,119.5,102,,,,,,,,,,,,,,,,,,,120.0,150,120.3,1,120.4,5,,,,,,,,,,,,,,
2026-07-09T04:01:18.686513+00:00,2026-07-09T04:01:18.686396,1,3,119.75,0.5,119.5,202,,,,,,,,,,,,,,,,,,,120.0,150,120.3,1,120.4,5,,,,,,,,,,,,,,
2026-07-09T04:01:18.740054+00:00,2026-07-09T04:01:18.739956,1,3,119.75,0.5,119.5,202,,,,,,,,,,,,,,,,,,,120.0,250,120.3,1,120.4,5,,,,,,,,,,,,,,
2026-07-09T04:01:18.767340+00:00,2026-07-09T04:01:18.767215,1,2,119.75,0.5,119.5,202,,,,,,,,,,,,,,,,,,,120.0,250,120.4,5,,,,,,,,,,,,,,,,
2026-07-09T04:01:18.858614+00:00,2026-07-09T04:01:18.857091,1,1,119.75,0.5,119.5,202,,,,,,,,,,,,,,,,,,,120.0,250,,,,,,,,,,,,,,,,,,
2026-07-09T04:01:18.868888+00:00,2026-07-09T04:01:18.868799,1,2,119.75,0.5,119.5,202,,,,,,,,,,,,,,,,,,,120.0,250,120.4,5,,,,,,,,,,,,,,,,
2026-07-09T04:01:19.374294+00:00,2026-07-09T04:01:19.374249,1,1,119.75,0.5,119.5,202,,,,,,,,,,,,,,,,,,,120.0,250,,,,,,,,,,,,,,,,,,
2026-07-09T04:01:19.384656+00:00,2026-07-09T04:01:19.384636,1,2,119.75,0.5,119.5,202,,,,,,,,,,,,,,,,,,,120.0,200,120.4,5,,,,,,,,,,,,,,,,
2026-07-09T04:01:19.590349+00:00,2026-07-09T04:01:19.590274,1,3,119.75,0.5,119.5,202,,,,,,,,,,,,,,,,,,,120.0,200,120.3,1,120.4,5,,,,,,,,,,,,,,
2026-07-09T04:01:19.692857+00:00,2026-07-09T04:01:19.692791,1,2,119.75,0.5,119.5,202,,,,,,,,,,,,,,,,,,,120.0,200,120.4,5,,,,,,,,,,,,,,,,
2026-07-09T04:01:19.892042+00:00,2026-07-09T04:01:19.891890,1,1,119.75,0.5,119.5,202,,,,,,,,,,,,,,,,,,,120.0,200,,,,,,,,,,,,,,,,,,
2026-07-09T04:01:19.897260+00:00,2026-07-09T04:01:19.897184,1,2,119.75,0.5,119.5,202,,,,,,,,,,,,,,,,,,,120.0,200,120.4,5,,,,,,,,,,,,,,,,
2026-07-09T04:01:20.405512+00:00,2026-07-09T04:01:20.405407,1,1,119.75,0.5,119.5,202,,,,,,,,,,,,,,,,,,,120.0,200,,,,,,,,,,,,,,,,,,
2026-07-09T04:01:20.415942+00:00,2026-07-09T04:01:20.415812,1,2,119.75,0.5,119.5,202,,,,,,,,,,,,,,,,,,,120.0,200,120.5,5,,,,,,,,,,,,,,,,
2026-07-09T04:01:20.725218+00:00,2026-07-09T04:01:20.725087,1,3,119.75,0.5,119.5,202,,,,,,,,,,,,,,,,,,,120.0,200,120.3,1,120.5,5,,,,,,,,,,,,,,
2026-07-09T04:01:20.787277+00:00,2026-07-09T04:01:20.787238,1,3,119.75,0.5,119.5,202,,,,,,,,,,,,,,,,,,,120.0,156,120.3,1,120.5,5,,,,,,,,,,,,,,
2026-07-09T04:01:20.922497+00:00,2026-07-09T04:01:20.922401,1,2,119.75,0.5,119.5,202,,,,,,,,,,,,,,,,,,,120.0,156,120.3,1,,,,,,,,,,,,,,,,
2026-07-09T04:01:20.943616+00:00,2026-07-09T04:01:20.943565,1,3,119.75,0.5,119.5,202,,,,,,,,,,,,,,,,,,,120.0,156,120.3,1,120.4,5,,,,,,,,,,,,,,
2026-07-09T04:01:21.130268+00:00,2026-07-09T04:01:21.130148,1,2,119.75,0.5,119.5,202,,,,,,,,,,,,,,,,,,,120.0,156,120.4,5,,,,,,,,,,,,,,,,
2026-07-09T04:01:21.143180+00:00,2026-07-09T04:01:21.143081,1,2,119.75,0.5,119.5,100,,,,,,,,,,,,,,,,,,,120.0,100,120.4,5,,,,,,,,,,,,,,,,
2026-07-09T04:01:21.198945+00:00,2026-07-09T04:01:21.198865,2,2,119.9,0.2,119.8,150,119.5,100,,,,,,,,,,,,,,,,,120.0,100,120.4,5,,,,,,,,,,,,,,,,
2026-07-09T04:01:21.270913+00:00,2026-07-09T04:01:21.270751,2,3,119.9,0.2,119.8,150,119.5,100,,,,,,,,,,,,,,,,,120.0,100,120.3,150,120.4,5,,,,,,,,,,,,,,
2026-07-09T04:01:21.433041+00:00,2026-07-09T04:01:21.433150,2,3,119.9,0.2,119.8,150,119.5,100,,,,,,,,,,,,,,,,,120.0,52,120.3,150,120.4,5,,,,,,,,,,,,,,
2026-07-09T04:01:21.448954+00:00,2026-07-09T04:01:21.448912,2,2,119.9,0.2,119.8,150,119.5,100,,,,,,,,,,,,,,,,,120.0,52,120.3,150,,,,,,,,,,,,,,,,
2026-07-09T04:01:21.458559+00:00,2026-07-09T04:01:21.454249,2,3,119.9,0.2,119.8,150,119.5,100,,,,,,,,,,,,,,,,,120.0,52,120.3,150,120.4,5,,,,,,,,,,,,,,
2026-07-09T04:01:21.569890+00:00,2026-07-09T04:01:21.569856,2,3,119.9,0.2,119.8,100,119.5,100,,,,,,,,,,,,,,,,,120.0,52,120.3,150,120.4,5,,,,,,,,,,,,,,
2026-07-09T04:01:21.793313+00:00,2026-07-09T04:01:21.793405,2,2,120.05,0.5,119.8,100,119.5,100,,,,,,,,,,,,,,,,,120.3,150,120.4,5,,,,,,,,,,,,,,,,
2026-07-09T04:01:21.798719+00:00,2026-07-09T04:01:21.798614,1,2,120.05,0.5,119.8,100,,,,,,,,,,,,,,,,,,,120.3,150,120.4,5,,,,,,,,,,,,,,,,
2026-07-09T04:01:21.877332+00:00,2026-07-09T04:01:21.877227,2,2,120.05,0.5,119.8,100,119.7,100,,,,,,,,,,,,,,,,,120.3,150,120.4,5,,,,,,,,,,,,,,,,
2026-07-09T04:01:21.898235+00:00,2026-07-09T04:01:21.898114,2,2,120.05,0.5,119.8,100,119.7,100,,,,,,,,,,,,,,,,,120.3,151,120.4,5,,,,,,,,,,,,,,,,
2026-07-09T04:01:21.933081+00:00,2026-07-09T04:01:21.933336,2,3,120.0,0.4,119.8,100,119.7,100,,,,,,,,,,,,,,,,,120.2,100,120.3,151,120.4,5,,,,,,,,,,,,,,
2026-07-09T04:01:21.965096+00:00,2026-07-09T04:01:21.964990,2,2,120.0,0.4,119.8,100,119.7,100,,,,,,,,,,,,,,,,,120.2,100,120.3,151,,,,,,,,,,,,,,,,
2026-07-09T04:01:21.975573+00:00,2026-07-09T04:01:21.975415,2,3,120.0,0.4,119.8,100,119.7,100,,,,,,,,,,,,,,,,,120.2,100,120.3,151,120.4,5,,,,,,,,,,,,,,
2026-07-09T04:01:22.507237+00:00,2026-07-09T04:01:22.507098,2,2,120.0,0.4,119.8,100,119.7,100,,,,,,,,,,,,,,,,,120.2,100,120.3,151,,,,,,,,,,,,,,,,
2026-07-09T04:01:22.517621+00:00,2026-07-09T04:01:22.517561,2,3,120.0,0.4,119.8,100,119.7,100,,,,,,,,,,,,,,,,,120.2,100,120.3,151,120.4,5,,,,,,,,,,,,,,
2026-07-09T04:01:22.925557+00:00,2026-07-09T04:01:22.925407,2,3,120.0,0.4,119.8,59,119.7,100,,,,,,,,,,,,,,,,,120.2,100,120.3,151,120.4,5,,,,,,,,,,,,,,
2026-07-09T04:01:23.003016+00:00,2026-07-09T04:01:23.002921,2,3,120.0,0.4,119.8,59,119.7,100,,,,,,,,,,,,,,,,,120.2,100,120.3,150,120.4,5,,,,,,,,,,,,,,
2026-07-09T04:01:23.008222+00:00,2026-07-09T04:01:23.008127,2,3,120.0,0.4,119.8,59,119.7,100,,,,,,,,,,,,,,,,,120.2,100,120.3,151,120.4,5,,,,,,,,,,,,,,
2026-07-09T04:01:23.027121+00:00,2026-07-09T04:01:23.027203,2,2,120.0,0.4,119.8,59,119.7,100,,,,,,,,,,,,,,,,,120.2,100,120.3,151,,,,,,,,,,,,,,,,
2026-07-09T04:01:23.032525+00:00,2026-07-09T04:01:23.032460,2,3,120.0,0.4,119.8,59,119.7,100,,,,,,,,,,,,,,,,,120.2,100,120.3,151,120.4,5,,,,,,,,,,,,,,
2026-07-09T04:01:23.541892+00:00,2026-07-09T04:01:23.541974,2,2,120.0,0.4,119.8,59,119.7,100,,,,,,,,,,,,,,,,,120.2,100,120.3,151,,,,,,,,,,,,,,,,
2026-07-09T04:01:23.547316+00:00,2026-07-09T04:01:23.547214,2,3,120.0,0.4,119.8,59,119.7,100,,,,,,,,,,,,,,,,,120.2,100,120.3,151,120.4,5,,,,,,,,,,,,,,
2026-07-09T04:01:24.058605+00:00,2026-07-09T04:01:24.054899,2,3,120.0,0.4,119.8,59,119.7,100,,,,,,,,,,,,,,,,,120.2,100,120.3,151,120.4,5,,,,,,,,,,,,,,
2026-07-09T04:01:24.115374+00:00,2026-07-09T04:01:24.115350,2,3,120.0,0.4,119.8,59,119.7,100,,,,,,,,,,,,,,,,,120.2,100,120.3,151,120.4,5,,,,,,,,,,,,,,
2026-07-09T04:01:24.321659+00:00,2026-07-09T04:01:24.321567,2,3,120.0,0.4,119.8,12,119.7,100,,,,,,,,,,,,,,,,,120.2,100,120.3,151,120.4,5,,,,,,,,,,,,,,
2026-07-09T04:01:24.326875+00:00,2026-07-09T04:01:24.326803,1,3,119.95,0.5,119.7,100,,,,,,,,,,,,,,,,,,,120.2,100,120.3,1,120.4,5,,,,,,,,,,,,,,
2026-07-09T04:01:24.383858+00:00,2026-07-09T04:01:24.383805,2,3,119.95,0.5,119.7,100,119.4,150,,,,,,,,,,,,,,,,,120.2,100,120.3,1,120.4,5,,,,,,,,,,,,,,
2026-07-09T04:01:24.442153+00:00,2026-07-09T04:01:24.442085,2,4,119.8,0.2,119.7,100,119.4,150,,,,,,,,,,,,,,,,,119.9,150,120.2,100,120.3,1,120.4,5,,,,,,,,,,,,
2026-07-09T04:01:24.522016+00:00,2026-07-09T04:01:24.521862,2,3,119.8,0.2,119.7,100,119.4,150,,,,,,,,,,,,,,,,,119.9,150,120.2,100,120.4,5,,,,,,,,,,,,,,
