recv_time,book_timestamp,n_bids,n_asks,mid,spread,bid_px_0,bid_vol_0,bid_px_1,bid_vol_1,bid_px_2,bid_vol_2,bid_px_3,bid_vol_3,bid_px_4,bid_vol_4,bid_px_5,bid_vol_5,bid_px_6,bid_vol_6,bid_px_7,bid_vol_7,bid_px_8,bid_vol_8,bid_px_9,bid_vol_9,ask_px_0,ask_vol_0,ask_px_1,ask_vol_1,ask_px_2,ask_vol_2,ask_px_3,ask_vol_3,ask_px_4,ask_vol_4,ask_px_5,ask_vol_5,ask_px_6,ask_vol_6,ask_px_7,ask_vol_7,ask_px_8,ask_vol_8,ask_px_9,ask_vol_9
2026-07-02T10:00:00.160749+00:00,2026-07-02T10:00:00.201617,1,2,116.85,0.5,116.6,100,,,,,,,,,,,,,,,,,,,117.1,100,117.2,1,,,,,,,,,,,,,,,,
2026-07-02T10:00:00.261634+00:00,2026-07-02T10:00:00.254723,2,2,116.85,0.5,116.6,100,116.2,150,,,,,,,,,,,,,,,,,117.1,100,117.2,1,,,,,,,,,,,,,,,,
2026-07-02T10:00:00.320086+00:00,2026-07-02T10:00:00.312841,2,3,116.65,0.1,116.6,100,116.2,150,,,,,,,,,,,,,,,,,116.7,147,117.1,50,117.2,1,,,,,,,,,,,,,,
2026-07-02T10:00:01.083685+00:00,2026-07-02T10:00:01.083856,2,3,116.65,0.1,116.6,52,116.2,150,,,,,,,,,,,,,,,,,116.7,147,117.1,50,117.2,1,,,,,,,,,,,,,,
2026-07-02T10:00:02.311581+00:00,2026-07-02T10:00:02.310079,2,2,116.65,0.1,116.6,52,116.2,150,,,,,,,,,,,,,,,,,116.7,147,117.2,1,,,,,,,,,,,,,,,,
2026-07-02T10:00:02.322409+00:00,2026-07-02T10:00:02.322540,1,2,116.45,0.5,116.2,150,,,,,,,,,,,,,,,,,,,116.7,147,117.2,1,,,,,,,,,,,,,,,,
2026-07-02T10:00:02.376173+00:00,2026-07-02T10:00:02.376332,2,1,116.6,0.2,116.5,100,116.2,150,,,,,,,,,,,,,,,,,116.7,147,,,,,,,,,,,,,,,,,,
2026-07-02T10:00:02.420435+00:00,2026-07-02T10:00:02.420372,2,1,116.6,0.2,116.5,100,116.2,150,,,,,,,,,,,,,,,,,116.7,97,,,,,,,,,,,,,,,,,,
2026-07-02T10:00:02.425605+00:00,2026-07-02T10:00:02.425571,2,2,116.6,0.2,116.5,100,116.2,150,,,,,,,,,,,,,,,,,116.7,97,117.0,100,,,,,,,,,,,,,,,,
2026-07-02T10:00:03.370338+00:00,2026-07-02T10:00:03.370237,1,1,116.75,0.5,116.5,100,,,,,,,,,,,,,,,,,,,117.0,100,,,,,,,,,,,,,,,,,,
2026-07-02T10:00:03.424803+00:00,2026-07-02T10:00:03.424922,2,1,116.75,0.5,116.5,100,116.4,150,,,,,,,,,,,,,,,,,117.0,100,,,,,,,,,,,,,,,,,,
2026-07-02T10:00:03.477306+00:00,2026-07-02T10:00:03.477175,2,2,116.7,0.4,116.5,100,116.4,150,,,,,,,,,,,,,,,,,116.9,150,117.0,100,,,,,,,,,,,,,,,,
2026-07-02T10:00:03.703333+00:00,2026-07-02T10:00:03.703229,2,2,116.7,0.4,116.5,100,116.4,150,,,,,,,,,,,,,,,,,116.9,150,117.0,106,,,,,,,,,,,,,,,,
2026-07-02T10:00:04.336124+00:00,2026-07-02T10:00:04.336033,2,2,116.7,0.4,116.5,100,116.4,150,,,,,,,,,,,,,,,,,116.9,150,117.0,105,,,,,,,,,,,,,,,,
2026-07-02T10:00:04.527715+00:00,2026-07-02T10:00:04.527650,2,2,116.7,0.4,116.5,100,116.4,150,,,,,,,,,,,,,,,,,116.9,100,117.0,105,,,,,,,,,,,,,,,,
2026-07-02T10:00:05.484032+00:00,2026-07-02T10:00:05.483943,1,2,116.65,0.5,116.4,150,,,,,,,,,,,,,,,,,,,116.9,100,117.0,5,,,,,,,,,,,,,,,,
2026-07-02T10:00:05.538151+00:00,2026-07-02T10:00:05.538263,2,2,116.75,0.3,116.6,100,116.4,150,,,,,,,,,,,,,,,,,116.9,100,117.0,5,,,,,,,,,,,,,,,,
2026-07-02T10:00:05.597197+00:00,2026-07-02T10:00:05.597128,2,3,116.75,0.3,116.6,100,116.4,150,,,,,,,,,,,,,,,,,116.9,100,117.0,5,117.1,100,,,,,,,,,,,,,,
2026-07-02T10:00:05.800819+00:00,2026-07-02T10:00:05.800714,2,3,116.75,0.3,116.6,100,116.4,150,,,,,,,,,,,,,,,,,116.9,52,117.0,5,117.1,100,,,,,,,,,,,,,,
2026-07-02T10:00:06.527985+00:00,2026-07-02T10:00:06.527917,1,2,116.8,0.4,116.6,100,,,,,,,,,,,,,,,,,,,117.0,5,117.1,100,,,,,,,,,,,,,,,,
2026-07-02T10:00:06.588581+00:00,2026-07-02T10:00:06.588436,2,2,116.9,0.2,116.8,150,116.6,100,,,,,,,,,,,,,,,,,117.0,5,117.1,100,,,,,,,,,,,,,,,,
2026-07-02T10:00:06.638192+00:00,2026-07-02T10:00:06.638078,2,1,116.95,0.3,116.8,150,116.6,100,,,,,,,,,,,,,,,,,117.1,55,,,,,,,,,,,,,,,,,,
2026-07-02T10:00:06.643447+00:00,2026-07-02T10:00:06.643323,2,2,116.95,0.3,116.8,150,116.6,100,,,,,,,,,,,,,,,,,117.1,55,117.3,150,,,,,,,,,,,,,,,,
2026-07-02T10:00:07.624155+00:00,2026-07-02T10:00:07.468615,2,2,116.95,0.3,116.8,106,116.6,100,,,,,,,,,,,,,,,,,117.1,9,117.3,150,,,,,,,,,,,,,,,,
2026-07-02T10:00:07.787757+00:00,2026-07-02T10:00:07.787607,2,3,116.9,0.2,116.8,106,116.6,100,,,,,,,,,,,,,,,,,117.0,5,117.1,9,117.3,150,,,,,,,,,,,,,,
2026-07-02T10:00:08.080173+00:00,2026-07-02T10:00:08.080012,2,1,117.05,0.5,116.8,106,116.6,100,,,,,,,,,,,,,,,,,117.3,119,,,,,,,,,,,,,,,,,,
2026-07-02T10:00:08.091255+00:00,2026-07-02T10:00:08.091195,2,2,116.9,0.2,116.8,106,116.6,100,,,,,,,,,,,,,,,,,117.0,5,117.3,119,,,,,,,,,,,,,,,,
2026-07-02T10:00:08.327719+00:00,2026-07-02T10:00:08.321034,3,2,116.9,0.2,116.8,106,116.7,1,116.6,100,,,,,,,,,,,,,,,117.0,5,117.3,119,,,,,,,,,,,,,,,,
2026-07-02T10:00:08.381906+00:00,2026-07-02T10:00:08.381842,2,2,116.9,0.2,116.8,106,116.6,100,,,,,,,,,,,,,,,,,117.0,5,117.3,119,,,,,,,,,,,,,,,,
2026-07-02T10:00:08.570542+00:00,2026-07-02T10:00:08.570459,2,2,116.9,0.2,116.8,59,116.6,100,,,,,,,,,,,,,,,,,117.0,5,117.3,119,,,,,,,,,,,,,,,,
2026-07-02T10:00:08.658626+00:00,2026-07-02T10:00:08.653280,1,2,116.9,0.2,116.8,59,,,,,,,,,,,,,,,,,,,117.0,5,117.3,119,,,,,,,,,,,,,,,,
2026-07-02T10:00:08.708162+00:00,2026-07-02T10:00:08.708362,2,1,117.15,0.3,117.0,95,116.8,59,,,,,,,,,,,,,,,,,117.3,119,,,,,,,,,,,,,,,,,,
2026-07-02T10:00:08.719309+00:00,2026-07-02T10:00:08.712512,2,1,117.15,0.3,117.0,92,116.8,59,,,,,,,,,,,,,,,,,117.3,119,,,,,,,,,,,,,,,,,,
2026-07-02T10:00:08.752046+00:00,2026-07-02T10:00:08.752011,2,2,117.05,0.1,117.0,92,116.8,60,,,,,,,,,,,,,,,,,117.1,5,117.3,119,,,,,,,,,,,,,,,,
2026-07-02T10:00:08.763791+00:00,2026-07-02T10:00:08.763732,2,3,117.05,0.1,117.0,92,116.8,60,,,,,,,,,,,,,,,,,117.1,5,117.3,119,117.5,100,,,,,,,,,,,,,,
2026-07-02T10:00:08.794003+00:00,2026-07-02T10:00:08.793956,2,3,117.05,0.1,117.0,42,116.8,60,,,,,,,,,,,,,,,,,117.1,5,117.3,119,117.5,100,,,,,,,,,,,,,,
2026-07-02T10:00:08.861783+00:00,2026-07-02T10:00:08.861713,2,3,117.05,0.1,117.0,17,116.8,60,,,,,,,,,,,,,,,,,117.1,5,117.3,119,117.5,100,,,,,,,,,,,,,,
2026-07-02T10:00:09.075710+00:00,2026-07-02T10:00:09.075645,1,3,116.95,0.3,116.8,60,,,,,,,,,,,,,,,,,,,117.1,5,117.3,119,117.5,100,,,,,,,,,,,,,,
2026-07-02T10:00:09.692229+00:00,2026-07-02T10:00:09.692139,1,2,116.95,0.3,116.8,1,,,,,,,,,,,,,,,,,,,117.1,5,117.5,100,,,,,,,,,,,,,,,,
2026-07-02T10:00:09.749350+00:00,2026-07-02T10:00:09.749195,2,2,116.95,0.3,116.8,1,116.7,150,,,,,,,,,,,,,,,,,117.1,5,117.5,100,,,,,,,,,,,,,,,,
2026-07-02T10:00:09.796768+00:00,2026-07-02T10:00:09.796709,2,3,116.95,0.3,116.8,1,116.7,150,,,,,,,,,,,,,,,,,117.1,5,117.2,150,117.5,100,,,,,,,,,,,,,,
2026-07-02T10:00:10.192808+00:00,2026-07-02T10:00:10.192679,2,2,117.0,0.4,116.8,1,116.7,150,,,,,,,,,,,,,,,,,117.2,111,117.5,100,,,,,,,,,,,,,,,,
2026-07-02T10:00:10.216227+00:00,2026-07-02T10:00:10.216084,2,3,116.95,0.3,116.8,1,116.7,150,,,,,,,,,,,,,,,,,117.1,4,117.2,111,117.5,100,,,,,,,,,,,,,,
2026-07-02T10:00:10.787489+00:00,2026-07-02T10:00:10.787419,1,3,116.9,0.4,116.7,111,,,,,,,,,,,,,,,,,,,117.1,4,117.2,111,117.5,100,,,,,,,,,,,,,,
2026-07-02T10:00:10.810469+00:00,2026-07-02T10:00:10.810375,2,3,116.95,0.3,116.8,1,116.7,111,,,,,,,,,,,,,,,,,117.1,4,117.2,111,117.5,100,,,,,,,,,,,,,,
2026-07-02T10:00:11.818318+00:00,2026-07-02T10:00:11.818211,2,2,116.95,0.3,116.8,1,116.7,111,,,,,,,,,,,,,,,,,117.1,4,117.2,111,,,,,,,,,,,,,,,,
2026-07-02T10:00:11.872236+00:00,2026-07-02T10:00:11.872058,2,2,116.95,0.3,116.8,101,116.7,111,,,,,,,,,,,,,,,,,117.1,4,117.2,111,,,,,,,,,,,,,,,,
2026-07-02T10:00:11.925618+00:00,2026-07-02T10:00:11.925487,2,3,116.95,0.3,116.8,101,116.7,111,,,,,,,,,,,,,,,,,117.1,4,117.2,111,117.3,100,,,,,,,,,,,,,,
2026-07-02T10:00:12.858602+00:00,2026-07-02T10:00:12.853655,1,2,116.95,0.3,116.8,101,,,,,,,,,,,,,,,,,,,117.1,4,117.3,100,,,,,,,,,,,,,,,,
2026-07-02T10:00:12.912348+00:00,2026-07-02T10:00:12.912231,1,2,116.95,0.3,116.8,251,,,,,,,,,,,,,,,,,,,117.1,4,117.3,100,,,,,,,,,,,,,,,,
2026-07-02T10:00:12.953203+00:00,2026-07-02T10:00:12.953085,1,1,117.05,0.5,116.8,251,,,,,,,,,,,,,,,,,,,117.3,54,,,,,,,,,,,,,,,,,,
2026-07-02T10:00:12.958620+00:00,2026-07-02T10:00:12.958324,1,1,117.05,0.5,116.8,251,,,,,,,,,,,,,,,,,,,117.3,204,,,,,,,,,,,,,,,,,,
2026-07-02T10:00:14.330495+00:00,2026-07-02T10:00:14.330357,1,2,116.95,0.3,116.8,251,,,,,,,,,,,,,,,,,,,117.1,4,117.3,204,,,,,,,,,,,,,,,,
2026-07-02T10:00:14.705868+00:00,2026-07-02T10:00:14.705778,1,2,116.95,0.3,116.8,251,,,,,,,,,,,,,,,,,,,117.1,3,117.3,204,,,,,,,,,,,,,,,,
2026-07-02T10:00:14.978810+00:00,2026-07-02T10:00:14.978947,1,2,116.95,0.3,116.8,151,,,,,,,,,,,,,,,,,,,117.1,3,117.3,150,,,,,,,,,,,,,,,,
2026-07-02T10:00:15.034513+00:00,2026-07-02T10:00:15.034383,2,2,117.05,0.1,117.0,100,116.8,151,,,,,,,,,,,,,,,,,117.1,3,117.3,150,,,,,,,,,,,,,,,,
2026-07-02T10:00:15.063990+00:00,2026-07-02T10:00:15.063849,2,1,117.15,0.3,117.0,100,116.8,151,,,,,,,,,,,,,,,,,117.3,103,,,,,,,,,,,,,,,,,,
2026-07-02T10:00:15.087907+00:00,2026-07-02T10:00:15.087783,2,2,117.15,0.3,117.0,100,116.8,151,,,,,,,,,,,,,,,,,117.3,103,117.5,100,,,,,,,,,,,,,,,,
2026-07-02T10:00:15.212141+00:00,2026-07-02T10:00:15.212081,2,2,117.15,0.3,117.0,57,116.8,151,,,,,,,,,,,,,,,,,117.3,103,117.5,100,,,,,,,,,,,,,,,,
2026-07-02T10:00:15.425539+00:00,2026-07-02T10:00:15.425481,2,3,117.05,0.1,117.0,57,116.8,151,,,,,,,,,,,,,,,,,117.1,3,117.3,103,117.5,100,,,,,,,,,,,,,,
2026-07-02T10:00:15.438218+00:00,2026-07-02T10:00:15.438360,2,2,117.15,0.3,117.0,57,116.8,151,,,,,,,,,,,,,,,,,117.3,103,117.5,100,,,,,,,,,,,,,,,,
2026-07-02T10:00:15.582732+00:00,2026-07-02T10:00:15.582866,2,3,117.1,0.2,117.0,57,116.8,151,,,,,,,,,,,,,,,,,117.2,3,117.3,103,117.5,100,,,,,,,,,,,,,,
2026-07-02T10:00:16.014517+00:00,2026-07-02T10:00:16.014436,2,2,117.1,0.2,117.0,57,116.8,1,,,,,,,,,,,,,,,,,117.2,3,117.5,100,,,,,,,,,,,,,,,,
2026-07-02T10:00:16.069961+00:00,2026-07-02T10:00:16.069865,2,2,117.1,0.2,117.0,207,116.8,1,,,,,,,,,,,,,,,,,117.2,3,117.5,100,,,,,,,,,,,,,,,,
2026-07-02T10:00:16.121343+00:00,2026-07-02T10:00:16.121221,2,1,117.25,0.5,117.0,207,116.8,1,,,,,,,,,,,,,,,,,117.5,207,,,,,,,,,,,,,,,,,,
2026-07-02T10:00:17.168463+00:00,2026-07-02T10:00:17.168323,2,1,117.25,0.5,117.0,207,116.8,1,,,,,,,,,,,,,,,,,117.5,157,,,,,,,,,,,,,,,,,,
2026-07-02T10:00:18.140629+00:00,2026-07-02T10:00:18.140581,2,1,117.25,0.5,117.0,150,116.8,1,,,,,,,,,,,,,,,,,117.5,150,,,,,,,,,,,,,,,,,,
2026-07-02T10:00:18.195992+00:00,2026-07-02T10:00:18.195895,3,1,117.3,0.4,117.1,100,117.0,150,116.8,1,,,,,,,,,,,,,,,117.5,150,,,,,,,,,,,,,,,,,,
2026-07-02T10:00:18.248290+00:00,2026-07-02T10:00:18.248219,3,2,117.3,0.4,117.1,100,117.0,150,116.8,1,,,,,,,,,,,,,,,117.5,150,117.6,100,,,,,,,,,,,,,,,,
2026-07-02T10:00:18.770392+00:00,2026-07-02T10:00:18.770288,3,3,117.15,0.1,117.1,100,117.0,150,116.8,1,,,,,,,,,,,,,,,117.2,2,117.5,150,117.6,100,,,,,,,,,,,,,,
2026-07-02T10:00:18.940809+00:00,2026-07-02T10:00:18.935048,3,2,117.3,0.4,117.1,100,117.0,150,116.8,1,,,,,,,,,,,,,,,117.5,150,117.6,100,,,,,,,,,,,,,,,,
2026-07-02T10:00:19.180826+00:00,2026-07-02T10:00:19.180717,2,1,117.35,0.5,117.1,100,116.8,1,,,,,,,,,,,,,,,,,117.6,100,,,,,,,,,,,,,,,,,,
2026-07-02T10:00:19.236050+00:00,2026-07-02T10:00:19.236196,2,1,117.45,0.3,117.3,150,117.1,100,,,,,,,,,,,,,,,,,117.6,100,,,,,,,,,,,,,,,,,,
2026-07-02T10:00:19.277292+00:00,2026-07-02T10:00:19.277433,2,1,117.45,0.3,117.3,150,117.1,100,,,,,,,,,,,,,,,,,117.6,50,,,,,,,,,,,,,,,,,,
2026-07-02T10:00:19.282830+00:00,2026-07-02T10:00:19.282683,2,1,117.45,0.3,117.3,103,117.1,100,,,,,,,,,,,,,,,,,117.6,50,,,,,,,,,,,,,,,,,,
2026-07-02T10:00:19.287982+00:00,2026-07-02T10:00:19.287886,2,2,117.45,0.3,117.3,103,117.1,100,,,,,,,,,,,,,,,,,117.6,50,117.8,150,,,,,,,,,,,,,,,,
2026-07-02T10:00:19.393975+00:00,2026-07-02T10:00:19.393896,3,2,117.45,0.3,117.3,101,117.1,100,117.0,4,,,,,,,,,,,,,,,117.6,50,117.8,150,,,,,,,,,,,,,,,,
2026-07-02T10:00:19.442206+00:00,2026-07-02T10:00:19.442054,3,2,117.45,0.3,117.3,99,117.1,100,117.0,4,,,,,,,,,,,,,,,117.6,50,117.8,150,,,,,,,,,,,,,,,,
2026-07-02T10:00:19.791518+00:00,2026-07-02T10:00:19.791439,3,2,117.45,0.3,117.3,98,117.1,100,117.0,4,,,,,,,,,,,,,,,117.6,50,117.8,150,,,,,,,,,,,,,,,,
2026-07-02T10:00:19.816779+00:00,2026-07-02T10:00:19.816953,3,2,117.45,0.3,117.3,97,117.1,100,117.0,4,,,,,,,,,,,,,,,117.6,50,117.8,150,,,,,,,,,,,,,,,,
2026-07-02T10:00:19.860903+00:00,2026-07-02T10:00:19.860756,3,2,117.45,0.3,117.3,96,117.1,100,117.0,4,,,,,,,,,,,,,,,117.6,50,117.8,150,,,,,,,,,,,,,,,,
2026-07-02T10:00:19.866048+00:00,2026-07-02T10:00:19.866000,3,2,117.45,0.3,117.3,96,117.1,100,117.0,4,,,,,,,,,,,,,,,117.6,10,117.8,150,,,,,,,,,,,,,,,,
2026-07-02T10:00:20.252753+00:00,2026-07-02T10:00:20.246058,2,2,117.35,0.5,117.1,100,117.0,4,,,,,,,,,,,,,,,,,117.6,10,117.8,150,,,,,,,,,,,,,,,,
2026-07-02T10:00:21.301323+00:00,2026-07-02T10:00:21.301241,1,1,117.4,0.8,117.0,4,,,,,,,,,,,,,,,,,,,117.8,150,,,,,,,,,,,,,,,,,,
2026-07-02T10:00:21.361742+00:00,2026-07-02T10:00:21.355548,1,1,117.4,0.8,117.0,4,,,,,,,,,,,,,,,,,,,117.8,150,,,,,,,,,,,,,,,,,,
2026-07-02T10:00:21.405556+00:00,2026-07-02T10:00:21.405730,1,2,117.4,0.8,117.0,4,,,,,,,,,,,,,,,,,,,117.8,150,118.0,100,,,,,,,,,,,,,,,,
2026-07-02T10:00:21.436972+00:00,2026-07-02T10:00:21.436795,0,2,,,,,,,,,,,,,,,,,,,,,,,117.8,150,118.0,100,,,,,,,,,,,,,,,,
2026-07-02T10:00:22.340044+00:00,2026-07-02T10:00:22.340206,0,1,,,,,,,,,,,,,,,,,,,,,,,118.0,100,,,,,,,,,,,,,,,,,,
2026-07-02T10:00:22.394377+00:00,2026-07-02T10:00:22.394345,1,1,117.25,1.5,116.5,150,,,,,,,,,,,,,,,,,,,118.0,100,,,,,,,,,,,,,,,,,,
2026-07-02T10:00:22.456206+00:00,2026-07-02T10:00:22.450342,1,2,116.75,0.5,116.5,150,,,,,,,,,,,,,,,,,,,117.0,149,118.0,100,,,,,,,,,,,,,,,,
2026-07-02T10:00:22.714423+00:00,2026-07-02T10:00:22.714289,1,2,116.75,0.5,116.5,150,,,,,,,,,,,,,,,,,,,117.0,124,118.0,100,,,,,,,,,,,,,,,,
2026-07-02T10:00:22.892011+00:00,2026-07-02T10:00:22.891891,1,2,116.75,0.5,116.5,150,,,,,,,,,,,,,,,,,,,117.0,119,118.0,100,,,,,,,,,,,,,,,,
2026-07-02T10:00:22.950827+00:00,2026-07-02T10:00:22.950747,1,2,116.75,0.5,116.5,150,,,,,,,,,,,,,,,,,,,117.0,114,118.0,100,,,,,,,,,,,,,,,,
2026-07-02T10:00:23.505762+00:00,2026-07-02T10:00:23.505989,1,2,116.75,0.5,116.5,150,,,,,,,,,,,,,,,,,,,117.0,109,118.0,100,,,,,,,,,,,,,,,,
2026-07-02T10:00:23.548869+00:00,2026-07-02T10:00:23.548722,1,2,116.75,0.5,116.5,100,,,,,,,,,,,,,,,,,,,117.0,109,118.0,100,,,,,,,,,,,,,,,,
2026-07-02T10:00:24.458609+00:00,2026-07-02T10:00:24.458551,1,1,116.75,0.5,116.5,100,,,,,,,,,,,,,,,,,,,117.0,109,,,,,,,,,,,,,,,,,,
2026-07-02T10:00:24.521033+00:00,2026-07-02T10:00:24.521191,1,1,116.75,0.5,116.5,100,,,,,,,,,,,,,,,,,,,117.0,9,,,,,,,,,,,,,,,,,,
2026-07-02T10:00:24.576164+00:00,2026-07-02T10:00:24.576088,1,2,116.75,0.5,116.5,100,,,,,,,,,,,,,,,,,,,117.0,9,117.7,100,,,,,,,,,,,,,,,,
2026-07-02T10:00:25.504980+00:00,2026-07-02T10:00:25.504920,0,1,,,,,,,,,,,,,,,,,,,,,,,117.7,100,,,,,,,,,,,,,,,,,,
2026-07-02T10:00:25.574432+00:00,2026-07-02T10:00:25.574235,1,1,117.3,0.8,116.9,150,,,,,,,,,,,,,,,,,,,117.7,100,,,,,,,,,,,,,,,,,,
2026-07-02T10:00:25.633976+00:00,2026-07-02T10:00:25.633923,1,2,117.15,0.5,116.9,150,,,,,,,,,,,,,,,,,,,117.4,150,117.7,100,,,,,,,,,,,,,,,,
2026-07-02T10:00:25.659832+00:00,2026-07-02T10:00:25.659799,1,2,117.15,0.5,116.9,100,,,,,,,,,,,,,,,,,,,117.4,150,117.7,100,,,,,,,,,,,,,,,,
2026-07-02T10:00:27.576236+00:00,2026-07-02T10:00:27.576349,1,2,117.15,0.5,116.9,53,,,,,,,,,,,,,,,,,,,117.4,150,117.7,100,,,,,,,,,,,,,,,,
2026-07-02T10:00:27.629105+00:00,2026-07-02T10:00:27.629008,1,1,117.15,0.5,116.9,53,,,,,,,,,,,,,,,,,,,117.4,150,,,,,,,,,,,,,,,,,,
2026-07-02T10:00:27.676481+00:00,2026-07-02T10:00:27.676421,1,1,117.15,0.5,116.9,153,,,,,,,,,,,,,,,,,,,117.4,150,,,,,,,,,,,,,,,,,,
2026-07-02T10:00:27.733405+00:00,2026-07-02T10:00:27.733273,1,1,117.15,0.5,116.9,153,,,,,,,,,,,,,,,,,,,117.4,250,,,,,,,,,,,,,,,,,,
2026-07-02T10:00:27.768730+00:00,2026-07-02T10:00:27.768681,1,1,117.15,0.5,116.9,103,,,,,,,,,,,,,,,,,,,117.4,250,,,,,,,,,,,,,,,,,,
2026-07-02T10:00:27.936017+00:00,2026-07-02T10:00:27.936220,2,1,117.2,0.4,117.0,5,116.9,103,,,,,,,,,,,,,,,,,117.4,250,,,,,,,,,,,,,,,,,,
2026-07-02T10:00:28.183780+00:00,2026-07-02T10:00:28.183719,2,1,117.2,0.4,117.0,5,116.9,103,,,,,,,,,,,,,,,,,117.4,209,,,,,,,,,,,,,,,,,,
2026-07-02T10:00:28.678958+00:00,2026-07-02T10:00:28.678807,1,1,117.15,0.5,116.9,103,,,,,,,,,,,,,,,,,,,117.4,209,,,,,,,,,,,,,,,,,,
2026-07-02T10:00:28.684098+00:00,2026-07-02T10:00:28.684031,1,1,117.15,0.5,116.9,103,,,,,,,,,,,,,,,,,,,117.4,100,,,,,,,,,,,,,,,,,,
2026-07-02T10:00:28.689266+00:00,2026-07-02T10:00:28.689237,1,1,117.15,0.5,116.9,100,,,,,,,,,,,,,,,,,,,117.4,100,,,,,,,,,,,,,,,,,,
2026-07-02T10:00:28.738744+00:00,2026-07-02T10:00:28.738682,2,1,117.15,0.5,116.9,100,116.4,150,,,,,,,,,,,,,,,,,117.4,100,,,,,,,,,,,,,,,,,,
2026-07-02T10:00:28.794909+00:00,2026-07-02T10:00:28.794773,1,2,116.65,0.5,116.4,150,,,,,,,,,,,,,,,,,,,116.9,50,117.4,100,,,,,,,,,,,,,,,,
2026-07-02T10:00:28.935669+00:00,2026-07-02T10:00:28.935807,1,2,116.65,0.5,116.4,150,,,,,,,,,,,,,,,,,,,116.9,45,117.4,100,,,,,,,,,,,,,,,,
2026-07-02T10:00:28.946240+00:00,2026-07-02T10:00:28.946407,1,2,116.65,0.5,116.4,150,,,,,,,,,,,,,,,,,,,116.9,20,117.4,100,,,,,,,,,,,,,,,,
2026-07-02T10:00:29.058625+00:00,2026-07-02T10:00:29.048051,1,2,116.65,0.5,116.4,150,,,,,,,,,,,,,,,,,,,116.9,15,117.4,100,,,,,,,,,,,,,,,,
2026-07-02T10:00:29.158602+00:00,2026-07-02T10:00:29.156395,1,1,116.9,1.0,116.4,150,,,,,,,,,,,,,,,,,,,117.4,100,,,,,,,,,,,,,,,,,,
2026-07-02T10:00:29.612356+00:00,2026-07-02T10:00:29.612141,2,1,117.15,0.5,116.9,5,116.4,150,,,,,,,,,,,,,,,,,117.4,100,,,,,,,,,,,,,,,,,,
2026-07-02T10:00:29.874742+00:00,2026-07-02T10:00:29.874691,1,1,116.9,1.0,116.4,105,,,,,,,,,,,,,,,,,,,117.4,100,,,,,,,,,,,,,,,,,,
2026-07-02T10:00:29.957383+00:00,2026-07-02T10:00:29.957663,2,1,117.15,0.5,116.9,5,116.4,105,,,,,,,,,,,,,,,,,117.4,100,,,,,,,,,,,,,,,,,,
2026-07-02T10:00:30.301321+00:00,2026-07-02T10:00:30.301209,2,1,117.15,0.5,116.9,5,116.4,105,,,,,,,,,,,,,,,,,117.4,53,,,,,,,,,,,,,,,,,,
2026-07-02T10:00:30.783146+00:00,2026-07-02T10:00:30.783023,2,0,,,116.9,5,116.4,105,,,,,,,,,,,,,,,,,,,,,,,,,,,,,,,,,,,,
2026-07-02T10:00:30.834778+00:00,2026-07-02T10:00:30.834744,1,0,,,116.4,105,,,,,,,,,,,,,,,,,,,,,,,,,,,,,,,,,,,,,,
2026-07-02T10:00:30.839848+00:00,2026-07-02T10:00:30.839970,2,0,,,116.8,100,116.4,105,,,,,,,,,,,,,,,,,,,,,,,,,,,,,,,,,,,,
2026-07-02T10:00:30.891605+00:00,2026-07-02T10:00:30.891735,2,1,117.05,0.5,116.8,100,116.4,105,,,,,,,,,,,,,,,,,117.3,100,,,,,,,,,,,,,,,,,,
2026-07-02T10:00:31.451769+00:00,2026-07-02T10:00:31.451962,2,1,117.05,0.5,116.8,54,116.4,105,,,,,,,,,,,,,,,,,117.3,100,,,,,,,,,,,,,,,,,,
2026-07-02T10:00:31.723186+00:00,2026-07-02T10:00:31.723125,3,1,117.1,0.4,116.9,5,116.8,54,116.4,105,,,,,,,,,,,,,,,117.3,100,,,,,,,,,,,,,,,,,,
2026-07-02T10:00:31.847578+00:00,2026-07-02T10:00:31.847554,2,1,117.1,0.4,116.9,5,116.8,54,,,,,,,,,,,,,,,,,117.3,100,,,,,,,,,,,,,,,,,,
2026-07-02T10:00:31.901545+00:00,2026-07-02T10:00:31.901450,2,1,117.1,0.4,116.9,5,116.8,204,,,,,,,,,,,,,,,,,117.3,100,,,,,,,,,,,,,,,,,,
2026-07-02T10:00:31.969400+00:00,2026-07-02T10:00:31.969183,2,1,117.1,0.4,116.9,5,116.8,204,,,,,,,,,,,,,,,,,117.3,250,,,,,,,,,,,,,,,,,,
2026-07-02T10:00:33.947675+00:00,2026-07-02T10:00:33.947640,2,1,117.1,0.4,116.9,5,116.8,150,,,,,,,,,,,,,,,,,117.3,150,,,,,,,,,,,,,,,,,,
2026-07-02T10:00:33.998028+00:00,2026-07-02T10:00:33.997861,3,1,117.1,0.4,116.9,5,116.8,150,116.5,100,,,,,,,,,,,,,,,117.3,150,,,,,,,,,,,,,,,,,,
2026-07-02T10:00:34.058685+00:00,2026-07-02T10:00:34.044291,3,1,117.1,0.4,116.9,5,116.8,150,116.5,100,,,,,,,,,,,,,,,117.3,106,,,,,,,,,,,,,,,,,,
2026-07-02T10:00:34.084754+00:00,2026-07-02T10:00:34.084653,3,2,116.95,0.1,116.9,5,116.8,150,116.5,100,,,,,,,,,,,,,,,117.0,100,117.3,106,,,,,,,,,,,,,,,,
2026-07-02T10:00:35.008940+00:00,2026-07-02T10:00:35.009052,3,1,116.95,0.1,116.9,5,116.8,150,116.5,100,,,,,,,,,,,,,,,117.0,100,,,,,,,,,,,,,,,,,,
2026-07-02T10:00:35.014369+00:00,2026-07-02T10:00:35.014252,2,1,116.95,0.1,116.9,5,116.5,100,,,,,,,,,,,,,,,,,117.0,100,,,,,,,,,,,,,,,,,,
2026-07-02T10:00:35.067827+00:00,2026-07-02T10:00:35.067675,2,1,116.95,0.1,116.9,155,116.5,100,,,,,,,,,,,,,,,,,117.0,100,,,,,,,,,,,,,,,,,,
2026-07-02T10:00:35.116417+00:00,2026-07-02T10:00:35.116344,2,2,116.95,0.1,116.9,155,116.5,100,,,,,,,,,,,,,,,,,117.0,100,117.4,150,,,,,,,,,,,,,,,,
2026-07-02T10:00:35.284900+00:00,2026-07-02T10:00:35.284761,2,2,116.95,0.1,116.9,154,116.5,100,,,,,,,,,,,,,,,,,117.0,100,117.4,150,,,,,,,,,,,,,,,,
2026-07-02T10:00:35.769666+00:00,2026-07-02T10:00:35.769529,2,2,116.95,0.1,116.9,153,116.5,100,,,,,,,,,,,,,,,,,117.0,100,117.4,150,,,,,,,,,,,,,,,,
2026-07-02T10:00:36.152011+00:00,2026-07-02T10:00:36.152197,2,2,116.95,0.1,116.9,153,116.5,100,,,,,,,,,,,,,,,,,117.0,50,117.4,150,,,,,,,,,,,,,,,,
2026-07-02T10:00:36.292415+00:00,2026-07-02T10:00:36.292294,2,3,116.95,0.1,116.9,153,116.5,100,,,,,,,,,,,,,,,,,117.0,50,117.2,3,117.4,150,,,,,,,,,,,,,,
2026-07-02T10:00:36.551078+00:00,2026-07-02T10:00:36.550893,2,3,116.95,0.1,116.9,153,116.5,100,,,,,,,,,,,,,,,,,117.0,50,117.2,2,117.4,150,,,,,,,,,,,,,,
2026-07-02T10:00:37.142326+00:00,2026-07-02T10:00:37.142217,1,2,117.05,0.3,116.9,153,,,,,,,,,,,,,,,,,,,117.2,2,117.4,150,,,,,,,,,,,,,,,,
2026-07-02T10:00:37.195586+00:00,2026-07-02T10:00:37.195523,2,2,117.05,0.3,116.9,153,116.7,100,,,,,,,,,,,,,,,,,117.2,2,117.4,150,,,,,,,,,,,,,,,,
2026-07-02T10:00:37.258619+00:00,2026-07-02T10:00:37.253239,2,2,117.05,0.3,116.9,153,116.7,100,,,,,,,,,,,,,,,,,117.2,102,117.4,150,,,,,,,,,,,,,,,,
2026-07-02T10:00:38.174900+00:00,2026-07-02T10:00:38.174848,2,1,117.05,0.3,116.9,3,116.7,100,,,,,,,,,,,,,,,,,117.2,102,,,,,,,,,,,,,,,,,,
2026-07-02T10:00:38.228368+00:00,2026-07-02T10:00:38.228292,2,1,117.05,0.3,116.9,3,116.7,250,,,,,,,,,,,,,,,,,117.2,102,,,,,,,,,,,,,,,,,,
2026-07-02T10:00:38.285593+00:00,2026-07-02T10:00:38.285532,2,1,117.05,0.3,116.9,3,116.7,250,,,,,,,,,,,,,,,,,117.2,252,,,,,,,,,,,,,,,,,,
2026-07-02T10:00:38.809309+00:00,2026-07-02T10:00:38.809205,2,1,117.05,0.3,116.9,2,116.7,250,,,,,,,,,,,,,,,,,117.2,252,,,,,,,,,,,,,,,,,,
2026-07-02T10:00:40.310442+00:00,2026-07-02T10:00:40.310299,2,1,117.05,0.3,116.9,2,116.7,150,,,,,,,,,,,,,,,,,117.2,152,,,,,,,,,,,,,,,,,,
2026-07-02T10:00:40.358647+00:00,2026-07-02T10:00:40.355330,3,1,117.05,0.3,116.9,2,116.7,150,116.5,100,,,,,,,,,,,,,,,117.2,152,,,,,,,,,,,,,,,,,,
2026-07-02T10:00:40.410271+00:00,2026-07-02T10:00:40.410375,2,1,116.95,0.5,116.7,150,116.5,100,,,,,,,,,,,,,,,,,117.2,152,,,,,,,,,,,,,,,,,,
2026-07-02T10:00:40.415772+00:00,2026-07-02T10:00:40.415625,2,2,116.85,0.3,116.7,150,116.5,100,,,,,,,,,,,,,,,,,117.0,100,117.2,152,,,,,,,,,,,,,,,,
2026-07-02T10:00:40.728976+00:00,2026-07-02T10:00:40.728722,2,2,116.85,0.3,116.7,108,116.5,100,,,,,,,,,,,,,,,,,117.0,100,117.2,152,,,,,,,,,,,,,,,,
2026-07-02T10:00:40.858795+00:00,2026-07-02T10:00:40.858685,3,2,116.95,0.1,116.9,1,116.7,108,116.5,100,,,,,,,,,,,,,,,117.0,100,117.2,152,,,,,,,,,,,,,,,,
2026-07-02T10:00:41.342258+00:00,2026-07-02T10:00:41.342113,2,2,116.95,0.1,116.9,1,116.5,100,,,,,,,,,,,,,,,,,117.0,100,117.2,2,,,,,,,,,,,,,,,,
2026-07-02T10:00:41.394386+00:00,2026-07-02T10:00:41.394168,3,2,116.95,0.1,116.9,1,116.6,150,116.5,100,,,,,,,,,,,,,,,117.0,100,117.2,2,,,,,,,,,,,,,,,,
2026-07-02T10:00:41.446769+00:00,2026-07-02T10:00:41.446677,3,3,116.95,0.1,116.9,1,116.6,150,116.5,100,,,,,,,,,,,,,,,117.0,100,117.1,150,117.2,2,,,,,,,,,,,,,,
2026-07-02T10:00:41.820198+00:00,2026-07-02T10:00:41.820137,2,3,116.8,0.4,116.6,150,116.5,100,,,,,,,,,,,,,,,,,117.0,100,117.1,150,117.2,2,,,,,,,,,,,,,,
2026-07-02T10:00:41.825519+00:00,2026-07-02T10:00:41.825407,2,3,116.8,0.4,116.6,150,116.5,100,,,,,,,,,,,,,,,,,117.0,54,117.1,150,117.2,2,,,,,,,,,,,,,,
2026-07-02T10:00:42.465214+00:00,2026-07-02T10:00:42.465063,2,3,116.8,0.4,116.6,150,116.5,100,,,,,,,,,,,,,,,,,117.0,4,117.1,150,117.2,2,,,,,,,,,,,,,,
2026-07-02T10:00:43.144529+00:00,2026-07-02T10:00:43.144460,3,3,116.95,0.1,116.9,1,116.6,150,116.5,100,,,,,,,,,,,,,,,117.0,4,117.1,150,117.2,2,,,,,,,,,,,,,,
2026-07-02T10:00:43.471835+00:00,2026-07-02T10:00:43.471727,2,2,117.0,0.2,116.9,1,116.6,150,,,,,,,,,,,,,,,,,117.1,150,117.2,2,,,,,,,,,,,,,,,,
2026-07-02T10:00:43.527389+00:00,2026-07-02T10:00:43.527254,2,2,117.0,0.2,116.9,101,116.6,150,,,,,,,,,,,,,,,,,117.1,150,117.2,2,,,,,,,,,,,,,,,,
2026-07-02T10:00:43.582328+00:00,2026-07-02T10:00:43.582218,2,3,117.0,0.2,116.9,101,116.6,150,,,,,,,,,,,,,,,,,117.1,150,117.2,2,117.4,100,,,,,,,,,,,,,,
2026-07-02T10:00:43.781896+00:00,2026-07-02T10:00:43.781770,2,3,117.0,0.2,116.9,100,116.6,150,,,,,,,,,,,,,,,,,117.1,150,117.2,2,117.4,100,,,,,,,,,,,,,,
2026-07-02T10:00:44.052397+00:00,2026-07-02T10:00:44.052279,2,3,117.0,0.2,116.9,100,116.6,150,,,,,,,,,,,,,,,,,117.1,105,117.2,2,117.4,100,,,,,,,,,,,,,,
2026-07-02T10:00:44.500430+00:00,2026-07-02T10:00:44.500639,1,2,117.05,0.3,116.9,100,,,,,,,,,,,,,,,,,,,117.2,2,117.4,100,,,,,,,,,,,,,,,,
2026-07-02T10:00:44.558712+00:00,2026-07-02T10:00:44.554421,1,2,117.05,0.3,116.9,250,,,,,,,,,,,,,,,,,,,117.2,2,117.4,100,,,,,,,,,,,,,,,,
2026-07-02T10:00:44.586765+00:00,2026-07-02T10:00:44.586717,1,1,117.15,0.5,116.9,250,,,,,,,,,,,,,,,,,,,117.4,52,,,,,,,,,,,,,,,,,,
2026-07-02T10:00:44.608205+00:00,2026-07-02T10:00:44.608134,1,1,117.15,0.5,116.9,250,,,,,,,,,,,,,,,,,,,117.4,202,,,,,,,,,,,,,,,,,,
2026-07-02T10:00:44.709543+00:00,2026-07-02T10:00:44.709445,1,2,117.05,0.3,116.9,250,,,,,,,,,,,,,,,,,,,117.2,5,117.4,202,,,,,,,,,,,,,,,,
2026-07-02T10:00:44.733666+00:00,2026-07-02T10:00:44.733921,1,2,117.05,0.3,116.9,203,,,,,,,,,,,,,,,,,,,117.2,5,117.4,202,,,,,,,,,,,,,,,,
2026-07-02T10:00:45.184171+00:00,2026-07-02T10:00:45.179474,1,2,117.05,0.3,116.9,175,,,,,,,,,,,,,,,,,,,117.2,5,117.4,202,,,,,,,,,,,,,,,,
2026-07-02T10:00:45.400249+00:00,2026-07-02T10:00:45.400034,1,2,117.05,0.3,116.9,150,,,,,,,,,,,,,,,,,,,117.2,5,117.4,202,,,,,,,,,,,,,,,,
2026-07-02T10:00:46.636591+00:00,2026-07-02T10:00:46.636538,1,2,117.05,0.3,116.9,150,,,,,,,,,,,,,,,,,,,117.2,5,117.4,150,,,,,,,,,,,,,,,,
2026-07-02T10:00:46.684780+00:00,2026-07-02T10:00:46.684961,2,2,117.05,0.3,116.9,150,116.7,100,,,,,,,,,,,,,,,,,117.2,5,117.4,150,,,,,,,,,,,,,,,,
2026-07-02T10:00:46.695580+00:00,2026-07-02T10:00:46.695518,2,1,117.15,0.5,116.9,150,116.7,100,,,,,,,,,,,,,,,,,117.4,105,,,,,,,,,,,,,,,,,,
2026-07-02T10:00:46.718170+00:00,2026-07-02T10:00:46.718324,2,2,117.05,0.3,116.9,150,116.7,100,,,,,,,,,,,,,,,,,117.2,5,117.4,105,,,,,,,,,,,,,,,,
2026-07-02T10:00:46.739960+00:00,2026-07-02T10:00:46.739858,2,2,117.05,0.3,116.9,150,116.7,100,,,,,,,,,,,,,,,,,117.2,105,117.4,105,,,,,,,,,,,,,,,,
2026-07-02T10:00:47.665015+00:00,2026-07-02T10:00:47.664944,1,1,116.95,0.5,116.7,100,,,,,,,,,,,,,,,,,,,117.2,105,,,,,,,,,,,,,,,,,,
2026-07-02T10:00:47.720061+00:00,2026-07-02T10:00:47.719988,2,1,117.1,0.2,117.0,150,116.7,100,,,,,,,,,,,,,,,,,117.2,105,,,,,,,,,,,,,,,,,,
2026-07-02T10:00:47.772922+00:00,2026-07-02T10:00:47.772818,2,2,117.1,0.2,117.0,150,116.7,100,,,,,,,,,,,,,,,,,117.2,105,117.5,150,,,,,,,,,,,,,,,,
2026-07-02T10:00:48.803205+00:00,2026-07-02T10:00:48.803131,2,2,117.1,0.2,117.0,150,116.7,100,,,,,,,,,,,,,,,,,117.2,55,117.5,150,,,,,,,,,,,,,,,,
2026-07-02T10:00:49.710104+00:00,2026-07-02T10:00:49.710059,2,2,117.1,0.2,117.0,150,116.7,100,,,,,,,,,,,,,,,,,117.2,10,117.5,150,,,,,,,,,,,,,,,,
2026-07-02T10:00:49.811641+00:00,2026-07-02T10:00:49.811551,1,1,117.25,0.5,117.0,150,,,,,,,,,,,,,,,,,,,117.5,150,,,,,,,,,,,,,,,,,,
2026-07-02T10:00:49.858544+00:00,2026-07-02T10:00:49.858355,2,1,117.3,0.4,117.1,100,117.0,150,,,,,,,,,,,,,,,,,117.5,150,,,,,,,,,,,,,,,,,,
2026-07-02T10:00:49.913381+00:00,2026-07-02T10:00:49.913308,2,2,117.3,0.4,117.1,100,117.0,150,,,,,,,,,,,,,,,,,117.5,150,117.6,100,,,,,,,,,,,,,,,,
2026-07-02T10:00:50.181641+00:00,2026-07-02T10:00:50.181567,2,3,117.15,0.1,117.1,100,117.0,150,,,,,,,,,,,,,,,,,117.2,5,117.5,150,117.6,100,,,,,,,,,,,,,,
2026-07-02T10:00:50.824459+00:00,2026-07-02T10:00:50.824369,1,2,117.15,0.1,117.1,100,,,,,,,,,,,,,,,,,,,117.2,5,117.6,100,,,,,,,,,,,,,,,,
2026-07-02T10:00:50.881422+00:00,2026-07-02T10:00:50.881533,2,1,117.4,0.4,117.2,145,117.1,100,,,,,,,,,,,,,,,,,117.6,100,,,,,,,,,,,,,,,,,,
2026-07-02T10:00:50.935682+00:00,2026-07-02T10:00:50.935631,2,2,117.4,0.4,117.2,145,117.1,100,,,,,,,,,,,,,,,,,117.6,100,117.7,150,,,,,,,,,,,,,,,,
2026-07-02T10:00:50.958615+00:00,2026-07-02T10:00:50.957038,2,2,117.4,0.4,117.2,95,117.1,100,,,,,,,,,,,,,,,,,117.6,100,117.7,150,,,,,,,,,,,,,,,,
2026-07-02T10:00:51.018783+00:00,2026-07-02T10:00:51.018625,2,2,117.4,0.4,117.2,87,117.1,100,,,,,,,,,,,,,,,,,117.6,100,117.7,150,,,,,,,,,,,,,,,,
2026-07-02T10:00:51.444257+00:00,2026-07-02T10:00:51.444157,2,2,117.4,0.4,117.2,78,117.1,100,,,,,,,,,,,,,,,,,117.6,100,117.7,150,,,,,,,,,,,,,,,,
2026-07-02T10:00:52.970304+00:00,2026-07-02T10:00:52.970258,1,1,117.45,0.5,117.2,78,,,,,,,,,,,,,,,,,,,117.7,150,,,,,,,,,,,,,,,,,,
2026-07-02T10:00:53.024088+00:00,2026-07-02T10:00:53.024002,2,1,117.45,0.5,117.2,78,117.1,100,,,,,,,,,,,,,,,,,117.7,150,,,,,,,,,,,,,,,,,,
2026-07-02T10:00:53.047150+00:00,2026-07-02T10:00:53.038721,2,1,117.45,0.5,117.2,63,117.1,100,,,,,,,,,,,,,,,,,117.7,150,,,,,,,,,,,,,,,,,,
2026-07-02T10:00:53.069721+00:00,2026-07-02T10:00:53.069667,2,1,117.45,0.5,117.2,13,117.1,100,,,,,,,,,,,,,,,,,117.7,150,,,,,,,,,,,,,,,,,,
2026-07-02T10:00:53.074993+00:00,2026-07-02T10:00:53.074871,2,2,117.4,0.4,117.2,13,117.1,100,,,,,,,,,,,,,,,,,117.6,100,117.7,150,,,,,,,,,,,,,,,,
2026-07-02T10:00:53.152662+00:00,2026-07-02T10:00:53.152575,3,2,117.4,0.4,117.2,13,117.1,100,117.0,5,,,,,,,,,,,,,,,117.6,100,117.7,150,,,,,,,,,,,,,,,,
2026-07-02T10:00:53.992799+00:00,2026-07-02T10:00:53.992664,2,1,117.35,0.5,117.1,100,117.0,5,,,,,,,,,,,,,,,,,117.6,100,,,,,,,,,,,,,,,,,,
2026-07-02T10:00:54.044391+00:00,2026-07-02T10:00:54.044289,3,1,117.35,0.5,117.1,100,117.0,5,116.5,150,,,,,,,,,,,,,,,117.6,100,,,,,,,,,,,,,,,,,,
2026-07-02T10:00:54.098505+00:00,2026-07-02T10:00:54.098706,1,2,116.75,0.5,116.5,150,,,,,,,,,,,,,,,,,,,117.0,45,117.6,100,,,,,,,,,,,,,,,,
2026-07-02T10:00:54.370008+00:00,2026-07-02T10:00:54.363078,1,2,116.75,0.5,116.5,150,,,,,,,,,,,,,,,,,,,117.0,34,117.6,100,,,,,,,,,,,,,,,,
2026-07-02T10:00:54.385800+00:00,2026-07-02T10:00:54.385621,1,2,116.75,0.5,116.5,150,,,,,,,,,,,,,,,,,,,117.0,29,117.6,100,,,,,,,,,,,,,,,,
2026-07-02T10:00:54.583980+00:00,2026-07-02T10:00:54.583929,1,2,116.75,0.5,116.5,150,,,,,,,,,,,,,,,,,,,117.0,24,117.6,100,,,,,,,,,,,,,,,,
2026-07-02T10:00:55.176465+00:00,2026-07-02T10:00:55.176347,1,2,116.75,0.5,116.5,100,,,,,,,,,,,,,,,,,,,117.0,19,117.6,100,,,,,,,,,,,,,,,,
2026-07-02T10:00:55.265459+00:00,2026-07-02T10:00:55.265369,1,2,116.75,0.5,116.5,100,,,,,,,,,,,,,,,,,,,117.0,15,117.6,100,,,,,,,,,,,,,,,,
2026-07-02T10:00:56.132264+00:00,2026-07-02T10:00:56.132129,1,1,116.75,0.5,116.5,100,,,,,,,,,,,,,,,,,,,117.0,15,,,,,,,,,,,,,,,,,,
2026-07-02T10:00:56.187265+00:00,2026-07-02T10:00:56.187147,2,1,116.75,0.5,116.5,100,116.4,100,,,,,,,,,,,,,,,,,117.0,15,,,,,,,,,,,,,,,,,,
2026-07-02T10:00:56.239212+00:00,2026-07-02T10:00:56.239321,2,2,116.7,0.4,116.5,100,116.4,100,,,,,,,,,,,,,,,,,116.9,100,117.0,15,,,,,,,,,,,,,,,,
2026-07-02T10:00:57.154696+00:00,2026-07-02T10:00:57.154540,1,1,116.65,0.5,116.4,100,,,,,,,,,,,,,,,,,,,116.9,100,,,,,,,,,,,,,,,,,,
2026-07-02T10:00:57.209246+00:00,2026-07-02T10:00:57.209210,2,1,116.8,0.2,116.7,150,116.4,100,,,,,,,,,,,,,,,,,116.9,100,,,,,,,,,,,,,,,,,,
2026-07-02T10:00:57.258639+00:00,2026-07-02T10:00:57.256965,2,2,116.8,0.2,116.7,150,116.4,100,,,,,,,,,,,,,,,,,116.9,100,117.2,157,,,,,,,,,,,,,,,,
2026-07-02T10:00:57.280029+00:00,2026-07-02T10:00:57.279937,2,2,116.8,0.2,116.7,100,116.4,100,,,,,,,,,,,,,,,,,116.9,100,117.2,157,,,,,,,,,,,,,,,,
2026-07-02T10:00:58.178434+00:00,2026-07-02T10:00:58.178311,2,2,116.8,0.2,116.7,100,116.4,100,,,,,,,,,,,,,,,,,116.9,100,117.2,156,,,,,,,,,,,,,,,,
2026-07-02T10:00:58.675359+00:00,2026-07-02T10:00:58.675275,2,2,116.8,0.2,116.7,52,116.4,100,,,,,,,,,,,,,,,,,116.9,100,117.2,156,,,,,,,,,,,,,,,,
2026-07-02T10:00:59.295131+00:00,2026-07-02T10:00:59.294955,1,1,116.95,0.5,116.7,52,,,,,,,,,,,,,,,,,,,117.2,156,,,,,,,,,,,,,,,,,,
2026-07-02T10:00:59.349553+00:00,2026-07-02T10:00:59.349420,2,1,116.95,0.5,116.7,52,116.6,100,,,,,,,,,,,,,,,,,117.2,156,,,,,,,,,,,,,,,,,,
2026-07-02T10:00:59.402155+00:00,2026-07-02T10:00:59.402087,2,2,116.9,0.4,116.7,52,116.6,100,,,,,,,,,,,,,,,,,117.1,100,117.2,156,,,,,,,,,,,,,,,,
2026-07-02T10:00:59.765398+00:00,2026-07-02T10:00:59.765275,2,2,116.9,0.4,116.7,3,116.6,100,,,,,,,,,,,,,,,,,117.1,100,117.2,156,,,,,,,,,,,,,,,,
2026-07-02T10:01:00.310736+00:00,2026-07-02T10:01:00.310680,2,2,116.9,0.4,116.7,3,116.6,100,,,,,,,,,,,,,,,,,117.1,100,117.2,6,,,,,,,,,,,,,,,,
2026-07-02T10:01:00.316035+00:00,2026-07-02T10:01:00.315905,1,2,116.85,0.5,116.6,100,,,,,,,,,,,,,,,,,,,117.1,100,117.2,6,,,,,,,,,,,,,,,,
2026-07-02T10:01:00.369510+00:00,2026-07-02T10:01:00.369460,2,2,116.85,0.5,116.6,100,116.3,150,,,,,,,,,,,,,,,,,117.1,100,117.2,6,,,,,,,,,,,,,,,,
2026-07-02T10:01:00.430475+00:00,2026-07-02T10:01:00.423472,2,3,116.7,0.2,116.6,100,116.3,150,,,,,,,,,,,,,,,,,116.8,147,117.1,100,117.2,6,,,,,,,,,,,,,,
2026-07-02T10:01:00.476598+00:00,2026-07-02T10:01:00.476564,2,3,116.7,0.2,116.6,100,116.3,150,,,,,,,,,,,,,,,,,116.8,122,117.1,100,117.2,6,,,,,,,,,,,,,,
2026-07-02T10:01:00.721972+00:00,2026-07-02T10:01:00.721933,2,3,116.7,0.2,116.6,100,116.3,150,,,,,,,,,,,,,,,,,116.8,97,117.1,100,117.2,6,,,,,,,,,,,,,,
2026-07-02T10:01:00.931463+00:00,2026-07-02T10:01:00.931300,2,3,116.7,0.2,116.6,100,116.3,150,,,,,,,,,,,,,,,,,116.8,72,117.1,100,117.2,6,,,,,,,,,,,,,,
2026-07-02T10:01:01.144400+00:00,2026-07-02T10:01:01.144331,2,3,116.7,0.2,116.6,100,116.3,150,,,,,,,,,,,,,,,,,116.8,47,117.1,100,117.2,6,,,,,,,,,,,,,,
2026-07-02T10:01:01.307886+00:00,2026-07-02T10:01:01.308105,2,3,116.7,0.2,116.6,100,116.3,150,,,,,,,,,,,,,,,,,116.8,46,117.1,100,117.2,6,,,,,,,,,,,,,,
2026-07-02T10:01:01.489168+00:00,2026-07-02T10:01:01.489079,2,3,116.7,0.2,116.6,50,116.3,150,,,,,,,,,,,,,,,,,116.8,46,117.1,100,117.2,6,,,,,,,,,,,,,,
2026-07-02T10:01:02.008440+00:00,2026-07-02T10:01:02.008403,2,3,116.7,0.2,116.6,50,116.3,150,,,,,,,,,,,,,,,,,116.8,45,117.1,100,117.2,6,,,,,,,,,,,,,,
2026-07-02T10:01:02.029530+00:00,2026-07-02T10:01:02.029469,2,3,116.7,0.2,116.6,50,116.3,150,,,,,,,,,,,,,,,,,116.8,3,117.1,100,117.2,6,,,,,,,,,,,,,,
2026-07-02T10:01:02.321674+00:00,2026-07-02T10:01:02.321540,2,3,116.7,0.2,116.6,50,116.3,150,,,,,,,,,,,,,,,,,116.8,3,117.1,100,117.2,5,,,,,,,,,,,,,,
2026-07-02T10:01:02.332272+00:00,2026-07-02T10:01:02.332092,2,3,116.7,0.2,116.6,50,116.3,150,,,,,,,,,,,,,,,,,116.8,2,117.1,100,117.2,5,,,,,,,,,,,,,,
2026-07-02T10:01:02.458667+00:00,2026-07-02T10:01:02.456029,1,2,116.55,0.5,116.3,150,,,,,,,,,,,,,,,,,,,116.8,2,117.2,5,,,,,,,,,,,,,,,,
2026-07-02T10:01:02.518556+00:00,2026-07-02T10:01:02.518441,2,2,116.65,0.3,116.5,100,116.3,150,,,,,,,,,,,,,,,,,116.8,2,117.2,5,,,,,,,,,,,,,,,,
2026-07-02T10:01:02.558615+00:00,2026-07-02T10:01:02.558260,2,3,116.65,0.3,116.5,100,116.3,150,,,,,,,,,,,,,,,,,116.8,2,117.0,100,117.2,5,,,,,,,,,,,,,,
2026-07-02T10:01:02.600117+00:00,2026-07-02T10:01:02.600247,2,3,116.65,0.3,116.5,100,116.3,150,,,,,,,,,,,,,,,,,116.8,1,117.0,100,117.2,5,,,,,,,,,,,,,,
2026-07-02T10:01:03.476135+00:00,2026-07-02T10:01:03.476030,1,2,116.75,0.5,116.5,100,,,,,,,,,,,,,,,,,,,117.0,100,117.2,5,,,,,,,,,,,,,,,,
2026-07-02T10:01:03.530739+00:00,2026-07-02T10:01:03.530598,2,2,116.85,0.3,116.7,150,116.5,100,,,,,,,,,,,,,,,,,117.0,100,117.2,5,,,,,,,,,,,,,,,,
2026-07-02T10:01:03.583336+00:00,2026-07-02T10:01:03.583456,2,2,116.85,0.3,116.7,150,116.5,100,,,,,,,,,,,,,,,,,117.0,100,117.2,155,,,,,,,,,,,,,,,,
2026-07-02T10:01:03.599199+00:00,2026-07-02T10:01:03.599002,2,2,116.85,0.3,116.7,100,116.5,100,,,,,,,,,,,,,,,,,117.0,100,117.2,155,,,,,,,,,,,,,,,,
2026-07-02T10:01:03.701825+00:00,2026-07-02T10:01:03.701751,3,2,116.9,0.2,116.8,1,116.7,100,116.5,100,,,,,,,,,,,,,,,117.0,100,117.2,155,,,,,,,,,,,,,,,,
2026-07-02T10:01:04.873385+00:00,2026-07-02T10:01:04.867200,2,2,116.85,0.3,116.7,100,116.5,100,,,,,,,,,,,,,,,,,117.0,100,117.2,155,,,,,,,,,,,,,,,,
2026-07-02T10:01:04.883273+00:00,2026-07-02T10:01:04.877251,2,2,116.85,0.3,116.7,98,116.5,100,,,,,,,,,,,,,,,,,117.0,100,117.2,155,,,,,,,,,,,,,,,,
2026-07-02T10:01:04.955393+00:00,2026-07-02T10:01:04.955222,2,2,116.85,0.3,116.7,73,116.5,100,,,,,,,,,,,,,,,,,117.0,100,117.2,155,,,,,,,,,,,,,,,,
2026-07-02T10:01:05.167699+00:00,2026-07-02T10:01:05.167665,2,2,116.85,0.3,116.7,48,116.5,100,,,,,,,,,,,,,,,,,117.0,100,117.2,155,,,,,,,,,,,,,,,,
2026-07-02T10:01:05.239481+00:00,2026-07-02T10:01:05.239302,2,2,116.85,0.3,116.7,48,116.5,100,,,,,,,,,,,,,,,,,117.0,100,117.2,154,,,,,,,,,,,,,,,,
2026-07-02T10:01:05.378276+00:00,2026-07-02T10:01:05.378159,2,2,116.85,0.3,116.7,23,116.5,100,,,,,,,,,,,,,,,,,117.0,100,117.2,150,,,,,,,,,,,,,,,,
2026-07-02T10:01:05.590117+00:00,2026-07-02T10:01:05.589985,1,2,116.75,0.5,116.5,100,,,,,,,,,,,,,,,,,,,117.0,100,117.2,150,,,,,,,,,,,,,,,,
2026-07-02T10:01:05.619103+00:00,2026-07-02T10:01:05.618995,0,1,,,,,,,,,,,,,,,,,,,,,,,117.2,150,,,,,,,,,,,,,,,,,,
2026-07-02T10:01:05.669533+00:00,2026-07-02T10:01:05.669472,1,1,116.7,1.0,116.2,100,,,,,,,,,,,,,,,,,,,117.2,150,,,,,,,,,,,,,,,,,,
2026-07-02T10:01:05.709182+00:00,2026-07-02T10:01:05.709335,1,1,116.7,1.0,116.2,50,,,,,,,,,,,,,,,,,,,117.2,150,,,,,,,,,,,,,,,,,,
2026-07-02T10:01:05.725563+00:00,2026-07-02T10:01:05.725438,1,2,116.45,0.5,116.2,50,,,,,,,,,,,,,,,,,,,116.7,100,117.2,150,,,,,,,,,,,,,,,,
2026-07-02T10:01:06.376297+00:00,2026-07-02T10:01:06.370821,1,2,116.45,0.5,116.2,50,,,,,,,,,,,,,,,,,,,116.7,97,117.2,150,,,,,,,,,,,,,,,,
2026-07-02T10:01:06.424637+00:00,2026-07-02T10:01:06.424769,1,2,116.45,0.5,116.2,50,,,,,,,,,,,,,,,,,,,116.7,56,117.2,150,,,,,,,,,,,,,,,,
2026-07-02T10:01:06.637819+00:00,2026-07-02T10:01:06.637667,1,1,116.45,0.5,116.2,50,,,,,,,,,,,,,,,,,,,116.7,56,,,,,,,,,,,,,,,,,,
2026-07-02T10:01:06.686988+00:00,2026-07-02T10:01:06.686956,2,1,116.45,0.5,116.2,50,116.1,150,,,,,,,,,,,,,,,,,116.7,56,,,,,,,,,,,,,,,,,,
2026-07-02T10:01:06.756092+00:00,2026-07-02T10:01:06.755960,2,2,116.4,0.4,116.2,50,116.1,150,,,,,,,,,,,,,,,,,116.6,150,116.7,56,,,,,,,,,,,,,,,,
2026-07-02T10:01:06.814493+00:00,2026-07-02T10:01:06.814371,2,2,116.4,0.4,116.2,50,116.1,150,,,,,,,,,,,,,,,,,116.6,147,116.7,56,,,,,,,,,,,,,,,,
2026-07-02T10:01:07.819052+00:00,2026-07-02T10:01:07.818905,1,2,116.35,0.5,116.1,150,,,,,,,,,,,,,,,,,,,116.6,147,116.7,56,,,,,,,,,,,,,,,,
2026-07-02T10:01:08.775304+00:00,2026-07-02T10:01:08.775266,1,1,116.35,0.5,116.1,150,,,,,,,,,,,,,,,,,,,116.6,147,,,,,,,,,,,,,,,,,,
2026-07-02T10:01:08.828502+00:00,2026-07-02T10:01:08.828381,2,1,116.4,0.4,116.2,100,116.1,150,,,,,,,,,,,,,,,,,116.6,147,,,,,,,,,,,,,,,,,,
2026-07-02T10:01:08.865515+00:00,2026-07-02T10:01:08.865464,2,1,116.4,0.4,116.2,52,116.1,150,,,,,,,,,,,,,,,,,116.6,147,,,,,,,,,,,,,,,,,,
2026-07-02T10:01:08.881292+00:00,2026-07-02T10:01:08.881254,2,2,116.4,0.4,116.2,52,116.1,150,,,,,,,,,,,,,,,,,116.6,147,116.7,100,,,,,,,,,,,,,,,,
2026-07-02T10:01:09.804518+00:00,2026-07-02T10:01:09.804673,1,1,116.45,0.5,116.2,52,,,,,,,,,,,,,,,,,,,116.7,100,,,,,,,,,,,,,,,,,,
2026-07-02T10:01:09.858656+00:00,2026-07-02T10:01:09.855315,2,1,116.45,0.5,116.2,52,115.9,150,,,,,,,,,,,,,,,,,116.7,100,,,,,,,,,,,,,,,,,,
2026-07-02T10:01:09.900350+00:00,2026-07-02T10:01:09.900168,2,1,116.45,0.5,116.2,52,115.9,150,,,,,,,,,,,,,,,,,116.7,52,,,,,,,,,,,,,,,,,,
2026-07-02T10:01:09.910863+00:00,2026-07-02T10:01:09.910719,2,2,116.3,0.2,116.2,52,115.9,150,,,,,,,,,,,,,,,,,116.4,150,116.7,52,,,,,,,,,,,,,,,,
2026-07-02T10:01:09.926588+00:00,2026-07-02T10:01:09.926455,2,2,116.3,0.2,116.2,2,115.9,150,,,,,,,,,,,,,,,,,116.4,150,116.7,52,,,,,,,,,,,,,,,,
2026-07-02T10:01:10.031403+00:00,2026-07-02T10:01:10.031354,2,2,116.3,0.2,116.2,2,115.9,150,,,,,,,,,,,,,,,,,116.4,125,116.7,52,,,,,,,,,,,,,,,,
2026-07-02T10:01:10.244343+00:00,2026-07-02T10:01:10.244209,2,2,116.3,0.2,116.2,2,115.9,150,,,,,,,,,,,,,,,,,116.4,100,116.7,52,,,,,,,,,,,,,,,,
2026-07-02T10:01:10.458585+00:00,2026-07-02T10:01:10.454411,2,2,116.3,0.2,116.2,2,115.9,150,,,,,,,,,,,,,,,,,116.4,75,116.7,52,,,,,,,,,,,,,,,,
2026-07-02T10:01:10.669864+00:00,2026-07-02T10:01:10.669764,2,2,116.3,0.2,116.2,2,115.9,150,,,,,,,,,,,,,,,,,116.4,50,116.7,52,,,,,,,,,,,,,,,,
2026-07-02T10:01:10.879136+00:00,2026-07-02T10:01:10.879082,2,2,116.3,0.2,116.2,2,115.9,150,,,,,,,,,,,,,,,,,116.4,25,116.7,52,,,,,,,,,,,,,,,,
2026-07-02T10:01:11.009570+00:00,2026-07-02T10:01:11.009519,1,2,116.15,0.5,115.9,106,,,,,,,,,,,,,,,,,,,116.4,25,116.7,52,,,,,,,,,,,,,,,,
2026-07-02T10:01:11.090420+00:00,2026-07-02T10:01:11.090323,1,1,116.3,0.8,115.9,106,,,,,,,,,,,,,,,,,,,116.7,52,,,,,,,,,,,,,,,,,,
2026-07-02T10:01:11.919695+00:00,2026-07-02T10:01:11.919520,1,2,116.3,0.8,115.9,106,,,,,,,,,,,,,,,,,,,116.7,52,116.8,5,,,,,,,,,,,,,,,,
2026-07-02T10:01:11.935050+00:00,2026-07-02T10:01:11.935148,1,1,116.35,0.9,115.9,106,,,,,,,,,,,,,,,,,,,116.8,5,,,,,,,,,,,,,,,,,,
2026-07-02T10:01:11.985023+00:00,2026-07-02T10:01:11.984925,1,1,116.35,0.9,115.9,206,,,,,,,,,,,,,,,,,,,116.8,5,,,,,,,,,,,,,,,,,,
2026-07-02T10:01:12.030631+00:00,2026-07-02T10:01:12.030581,1,1,116.35,0.9,115.9,156,,,,,,,,,,,,,,,,,,,116.8,5,,,,,,,,,,,,,,,,,,
2026-07-02T10:01:12.041849+00:00,2026-07-02T10:01:12.041725,1,2,116.15,0.5,115.9,156,,,,,,,,,,,,,,,,,,,116.4,100,116.8,5,,,,,,,,,,,,,,,,
2026-07-02T10:01:12.096206+00:00,2026-07-02T10:01:12.096163,1,2,116.15,0.5,115.9,156,,,,,,,,,,,,,,,,,,,116.4,75,116.8,5,,,,,,,,,,,,,,,,
2026-07-02T10:01:12.508659+00:00,2026-07-02T10:01:12.508609,1,2,116.15,0.5,115.9,156,,,,,,,,,,,,,,,,,,,116.4,74,116.8,5,,,,,,,,,,,,,,,,
2026-07-02T10:01:12.721548+00:00,2026-07-02T10:01:12.721367,1,2,116.15,0.5,115.9,156,,,,,,,,,,,,,,,,,,,116.4,72,116.8,5,,,,,,,,,,,,,,,,
2026-07-02T10:01:12.965889+00:00,2026-07-02T10:01:12.965991,1,2,116.15,0.5,115.9,100,,,,,,,,,,,,,,,,,,,116.4,72,116.8,5,,,,,,,,,,,,,,,,
2026-07-02T10:01:13.019855+00:00,2026-07-02T10:01:13.019776,2,2,116.2,0.4,116.0,150,115.9,100,,,,,,,,,,,,,,,,,116.4,72,116.8,5,,,,,,,,,,,,,,,,
2026-07-02T10:01:13.069700+00:00,2026-07-02T10:01:13.069605,2,3,116.2,0.4,116.0,150,115.9,100,,,,,,,,,,,,,,,,,116.4,72,116.5,150,116.8,5,,,,,,,,,,,,,,
2026-07-02T10:01:13.822067+00:00,2026-07-02T10:01:13.822032,2,3,116.2,0.4,116.0,150,115.9,100,,,,,,,,,,,,,,,,,116.4,71,116.5,150,116.8,5,,,,,,,,,,,,,,
2026-07-02T10:01:14.138922+00:00,2026-07-02T10:01:14.138748,2,3,116.2,0.4,116.0,100,115.9,100,,,,,,,,,,,,,,,,,116.4,71,116.5,150,116.8,5,,,,,,,,,,,,,,
2026-07-02T10:01:15.095276+00:00,2026-07-02T10:01:15.095451,1,2,116.25,0.5,116.0,100,,,,,,,,,,,,,,,,,,,116.5,150,116.8,5,,,,,,,,,,,,,,,,
2026-07-02T10:01:15.149066+00:00,2026-07-02T10:01:15.148952,2,2,116.25,0.5,116.0,100,115.8,100,,,,,,,,,,,,,,,,,116.5,150,116.8,5,,,,,,,,,,,,,,,,
2026-07-02T10:01:15.219936+00:00,2026-07-02T10:01:15.219793,2,3,116.15,0.3,116.0,100,115.8,100,,,,,,,,,,,,,,,,,116.3,100,116.5,150,116.8,5,,,,,,,,,,,,,,
2026-07-02T10:01:15.333126+00:00,2026-07-02T10:01:15.332993,2,3,116.15,0.3,116.0,100,115.8,100,,,,,,,,,,,,,,,,,116.3,98,116.5,150,116.8,5,,,,,,,,,,,,,,
2026-07-02T10:01:15.994382+00:00,2026-07-02T10:01:15.994254,2,3,116.15,0.3,116.0,100,115.8,100,,,,,,,,,,,,,,,,,116.3,96,116.5,150,116.8,5,,,,,,,,,,,,,,
2026-07-02T10:01:16.013761+00:00,2026-07-02T10:01:16.013930,2,2,116.15,0.3,116.0,100,115.8,100,,,,,,,,,,,,,,,,,116.3,96,116.5,150,,,,,,,,,,,,,,,,
2026-07-02T10:01:16.125886+00:00,2026-07-02T10:01:16.126094,2,1,116.15,0.3,116.0,100,115.8,100,,,,,,,,,,,,,,,,,116.3,96,,,,,,,,,,,,,,,,,,
2026-07-02T10:01:16.131374+00:00,2026-07-02T10:01:16.131281,1,1,116.05,0.5,115.8,100,,,,,,,,,,,,,,,,,,,116.3,96,,,,,,,,,,,,,,,,,,
2026-07-02T10:01:16.186780+00:00,2026-07-02T10:01:16.186733,2,1,116.1,0.4,115.9,150,115.8,100,,,,,,,,,,,,,,,,,116.3,96,,,,,,,,,,,,,,,,,,
2026-07-02T10:01:16.235924+00:00,2026-07-02T10:01:16.235770,2,2,116.1,0.4,115.9,150,115.8,100,,,,,,,,,,,,,,,,,116.3,96,116.4,150,,,,,,,,,,,,,,,,
2026-07-02T10:01:16.658862+00:00,2026-07-02T10:01:16.658716,2,1,116.15,0.5,115.9,150,115.8,100,,,,,,,,,,,,,,,,,116.4,150,,,,,,,,,,,,,,,,,,
2026-07-02T10:01:16.854356+00:00,2026-07-02T10:01:16.854303,2,1,116.15,0.5,115.9,150,115.8,100,,,,,,,,,,,,,,,,,116.4,108,,,,,,,,,,,,,,,,,,
2026-07-02T10:01:16.952598+00:00,2026-07-02T10:01:16.952522,2,2,116.15,0.5,115.9,150,115.8,100,,,,,,,,,,,,,,,,,116.4,108,116.6,5,,,,,,,,,,,,,,,,
2026-07-02T10:01:17.554953+00:00,2026-07-02T10:01:17.555114,2,2,116.15,0.5,115.9,150,115.8,100,,,,,,,,,,,,,,,,,116.4,60,116.6,5,,,,,,,,,,,,,,,,
2026-07-02T10:01:18.274512+00:00,2026-07-02T10:01:18.274348,1,2,116.15,0.5,115.9,150,,,,,,,,,,,,,,,,,,,116.4,60,116.6,5,,,,,,,,,,,,,,,,
2026-07-02T10:01:18.328533+00:00,2026-07-02T10:01:18.328439,2,2,116.3,0.2,116.2,100,115.9,150,,,,,,,,,,,,,,,,,116.4,10,116.6,5,,,,,,,,,,,,,,,,
2026-07-02T10:01:18.349782+00:00,2026-07-02T10:01:18.349745,2,1,116.4,0.4,116.2,100,115.9,150,,,,,,,,,,,,,,,,,116.6,5,,,,,,,,,,,,,,,,,,
2026-07-02T10:01:18.382441+00:00,2026-07-02T10:01:18.382370,2,2,116.4,0.4,116.2,100,115.9,150,,,,,,,,,,,,,,,,,116.6,5,116.7,100,,,,,,,,,,,,,,,,
2026-07-02T10:01:18.495448+00:00,2026-07-02T10:01:18.495339,2,2,116.4,0.4,116.2,100,115.9,150,,,,,,,,,,,,,,,,,116.6,4,116.7,100,,,,,,,,,,,,,,,,
2026-07-02T10:01:19.293204+00:00,2026-07-02T10:01:19.293128,1,2,116.4,0.4,116.2,100,,,,,,,,,,,,,,,,,,,116.6,4,116.7,100,,,,,,,,,,,,,,,,
2026-07-02T10:01:19.345891+00:00,2026-07-02T10:01:19.346006,2,2,116.5,0.2,116.4,150,116.2,100,,,,,,,,,,,,,,,,,116.6,4,116.7,100,,,,,,,,,,,,,,,,
2026-07-02T10:01:19.399585+00:00,2026-07-02T10:01:19.399468,2,3,116.5,0.2,116.4,150,116.2,100,,,,,,,,,,,,,,,,,116.6,4,116.7,100,116.9,150,,,,,,,,,,,,,,
2026-07-02T10:01:20.602796+00:00,2026-07-02T10:01:20.602672,2,3,116.5,0.2,116.4,101,116.2,100,,,,,,,,,,,,,,,,,116.6,4,116.7,100,116.9,150,,,,,,,,,,,,,,
2026-07-02T10:01:21.435736+00:00,2026-07-02T10:01:21.435624,1,2,116.5,0.2,116.4,101,,,,,,,,,,,,,,,,,,,116.6,4,116.9,150,,,,,,,,,,,,,,,,
2026-07-02T10:01:21.490477+00:00,2026-07-02T10:01:21.490372,2,2,116.5,0.2,116.4,101,116.2,100,,,,,,,,,,,,,,,,,116.6,4,116.9,150,,,,,,,,,,,,,,,,
2026-07-02T10:01:21.537625+00:00,2026-07-02T10:01:21.533598,2,3,116.5,0.2,116.4,101,116.2,100,,,,,,,,,,,,,,,,,116.6,4,116.7,100,116.9,150,,,,,,,,,,,,,,
2026-07-02T10:01:21.600188+00:00,2026-07-02T10:01:21.600056,3,3,116.5,0.2,116.4,101,116.3,1,116.2,100,,,,,,,,,,,,,,,116.6,4,116.7,100,116.9,150,,,,,,,,,,,,,,
2026-07-02T10:01:22.450637+00:00,2026-07-02T10:01:22.450586,2,2,116.45,0.3,116.3,1,116.2,100,,,,,,,,,,,,,,,,,116.6,4,116.7,100,,,,,,,,,,,,,,,,
2026-07-02T10:01:22.516313+00:00,2026-07-02T10:01:22.516161,3,2,116.5,0.2,116.4,150,116.3,1,116.2,100,,,,,,,,,,,,,,,116.6,4,116.7,100,,,,,,,,,,,,,,,,
2026-07-02T10:01:22.568792+00:00,2026-07-02T10:01:22.568944,3,3,116.5,0.2,116.4,150,116.3,1,116.2,100,,,,,,,,,,,,,,,116.6,4,116.7,100,116.9,150,,,,,,,,,,,,,,
2026-07-02T10:01:22.593061+00:00,2026-07-02T10:01:22.592913,3,3,116.5,0.2,116.4,100,116.3,1,116.2,100,,,,,,,,,,,,,,,116.6,4,116.7,100,116.9,150,,,,,,,,,,,,,,
2026-07-02T10:01:22.917283+00:00,2026-07-02T10:01:22.917249,3,3,116.5,0.2,116.4,55,116.3,1,116.2,100,,,,,,,,,,,,,,,116.6,4,116.7,100,116.9,150,,,,,,,,,,,,,,
2026-07-02T10:01:24.275023+00:00,2026-07-02T10:01:24.274921,3,3,116.5,0.2,116.4,55,116.3,1,116.2,100,,,,,,,,,,,,,,,116.6,3,116.7,100,116.9,150,,,,,,,,,,,,,,
2026-07-02T10:01:24.593407+00:00,2026-07-02T10:01:24.593277,3,2,116.5,0.2,116.4,55,116.3,1,116.2,100,,,,,,,,,,,,,,,116.6,3,116.9,150,,,,,,,,,,,,,,,,
2026-07-02T10:01:24.598542+00:00,2026-07-02T10:01:24.598487,2,2,116.5,0.2,116.4,55,116.3,1,,,,,,,,,,,,,,,,,116.6,3,116.9,150,,,,,,,,,,,,,,,,
2026-07-02T10:01:24.647207+00:00,2026-07-02T10:01:24.647093,3,2,116.5,0.2,116.4,55,116.3,1,116.2,100,,,,,,,,,,,,,,,116.6,3,116.9,150,,,,,,,,,,,,,,,,
2026-07-02T10:01:24.702366+00:00,2026-07-02T10:01:24.702292,3,3,116.5,0.2,116.4,5,116.3,1,116.2,100,,,,,,,,,,,,,,,116.6,3,116.7,100,116.9,150,,,,,,,,,,,,,,
2026-07-02T10:01:24.949786+00:00,2026-07-02T10:01:24.949733,3,3,116.5,0.2,116.4,5,116.3,1,116.2,100,,,,,,,,,,,,,,,116.6,2,116.7,100,116.9,150,,,,,,,,,,,,,,
2026-07-02T10:01:25.623923+00:00,2026-07-02T10:01:25.624086,2,2,116.45,0.3,116.3,1,116.2,100,,,,,,,,,,,,,,,,,116.6,2,116.7,100,,,,,,,,,,,,,,,,
2026-07-02T10:01:25.675454+00:00,2026-07-02T10:01:25.675371,3,2,116.45,0.3,116.3,1,116.2,100,115.7,150,,,,,,,,,,,,,,,116.6,2,116.7,100,,,,,,,,,,,,,,,,
2026-07-02T10:01:25.738767+00:00,2026-07-02T10:01:25.732450,1,2,116.15,0.9,115.7,150,,,,,,,,,,,,,,,,,,,116.6,2,116.7,100,,,,,,,,,,,,,,,,
2026-07-02T10:01:26.758552+00:00,2026-07-02T10:01:26.757027,1,1,116.2,1.0,115.7,150,,,,,,,,,,,,,,,,,,,116.7,52,,,,,,,,,,,,,,,,,,
2026-07-02T10:01:27.387965+00:00,2026-07-02T10:01:27.387845,1,2,116.15,0.9,115.7,150,,,,,,,,,,,,,,,,,,,116.6,4,116.7,52,,,,,,,,,,,,,,,,
2026-07-02T10:01:27.531597+00:00,2026-07-02T10:01:27.531431,1,1,116.2,1.0,115.7,150,,,,,,,,,,,,,,,,,,,116.7,12,,,,,,,,,,,,,,,,,,
2026-07-02T10:01:27.760315+00:00,2026-07-02T10:01:27.760099,1,0,,,115.7,150,,,,,,,,,,,,,,,,,,,,,,,,,,,,,,,,,,,,,,
2026-07-02T10:01:27.814239+00:00,2026-07-02T10:01:27.814117,2,0,,,116.0,100,115.7,150,,,,,,,,,,,,,,,,,,,,,,,,,,,,,,,,,,,,
2026-07-02T10:01:27.868724+00:00,2026-07-02T10:01:27.868610,2,1,116.25,0.5,116.0,100,115.7,150,,,,,,,,,,,,,,,,,116.5,100,,,,,,,,,,,,,,,,,,
2026-07-02T10:01:28.789137+00:00,2026-07-02T10:01:28.789070,1,1,116.25,0.5,116.0,100,,,,,,,,,,,,,,,,,,,116.5,100,,,,,,,,,,,,,,,,,,
2026-07-02T10:01:28.838657+00:00,2026-07-02T10:01:28.838600,2,1,116.3,0.4,116.1,150,116.0,100,,,,,,,,,,,,,,,,,116.5,100,,,,,,,,,,,,,,,,,,
2026-07-02T10:01:28.855072+00:00,2026-07-02T10:01:28.858451,2,1,116.3,0.4,116.1,150,116.0,100,,,,,,,,,,,,,,,,,116.5,50,,,,,,,,,,,,,,,,,,
2026-07-02T10:01:28.889784+00:00,2026-07-02T10:01:28.889928,2,2,116.3,0.4,116.1,150,116.0,100,,,,,,,,,,,,,,,,,116.5,50,116.6,150,,,,,,,,,,,,,,,,
2026-07-02T10:01:30.394517+00:00,2026-07-02T10:01:30.394665,2,2,116.3,0.4,116.1,150,116.0,100,,,,,,,,,,,,,,,,,116.5,50,116.6,155,,,,,,,,,,,,,,,,
2026-07-02T10:01:30.924172+00:00,2026-07-02T10:01:30.924103,1,1,116.35,0.5,116.1,150,,,,,,,,,,,,,,,,,,,116.6,155,,,,,,,,,,,,,,,,,,
2026-07-02T10:01:30.979949+00:00,2026-07-02T10:01:30.974620,2,1,116.4,0.4,116.2,100,116.1,150,,,,,,,,,,,,,,,,,116.6,155,,,,,,,,,,,,,,,,,,
2026-07-02T10:01:31.035542+00:00,2026-07-02T10:01:31.035730,2,2,116.4,0.4,116.2,100,116.1,150,,,,,,,,,,,,,,,,,116.6,155,116.7,100,,,,,,,,,,,,,,,,
2026-07-02T10:01:31.947381+00:00,2026-07-02T10:01:31.947255,1,2,116.4,0.4,116.2,100,,,,,,,,,,,,,,,,,,,116.6,5,116.7,100,,,,,,,,,,,,,,,,
2026-07-02T10:01:32.000692+00:00,2026-07-02T10:01:32.000813,2,2,116.4,0.4,116.2,100,116.1,150,,,,,,,,,,,,,,,,,116.6,5,116.7,100,,,,,,,,,,,,,,,,
2026-07-02T10:01:32.058602+00:00,2026-07-02T10:01:32.053349,2,2,116.4,0.4,116.2,100,116.1,150,,,,,,,,,,,,,,,,,116.6,155,116.7,100,,,,,,,,,,,,,,,,
2026-07-02T10:01:32.279749+00:00,2026-07-02T10:01:32.279647,2,2,116.4,0.4,116.2,57,116.1,150,,,,,,,,,,,,,,,,,116.6,155,116.7,100,,,,,,,,,,,,,,,,
2026-07-02T10:01:33.138255+00:00,2026-07-02T10:01:33.138202,2,2,116.4,0.4,116.2,7,116.1,150,,,,,,,,,,,,,,,,,116.6,155,116.7,100,,,,,,,,,,,,,,,,
2026-07-02T10:01:33.747836+00:00,2026-07-02T10:01:33.748028,3,2,116.45,0.3,116.3,1,116.2,7,116.1,150,,,,,,,,,,,,,,,116.6,155,116.7,100,,,,,,,,,,,,,,,,
2026-07-02T10:01:33.758803+00:00,2026-07-02T10:01:33.758656,1,2,116.35,0.5,116.1,113,,,,,,,,,,,,,,,,,,,116.6,155,116.7,100,,,,,,,,,,,,,,,,
2026-07-02T10:01:34.092363+00:00,2026-07-02T10:01:34.092545,1,1,116.35,0.5,116.1,113,,,,,,,,,,,,,,,,,,,116.6,155,,,,,,,,,,,,,,,,,,
2026-07-02T10:01:34.148631+00:00,2026-07-02T10:01:34.148587,2,1,116.35,0.5,116.1,113,115.9,100,,,,,,,,,,,,,,,,,116.6,155,,,,,,,,,,,,,,,,,,
2026-07-02T10:01:34.201283+00:00,2026-07-02T10:01:34.201381,2,2,116.25,0.3,116.1,113,115.9,100,,,,,,,,,,,,,,,,,116.4,100,116.6,155,,,,,,,,,,,,,,,,
2026-07-02T10:01:34.358625+00:00,2026-07-02T10:01:34.356253,2,2,116.25,0.3,116.1,113,115.9,100,,,,,,,,,,,,,,,,,116.4,100,116.6,153,,,,,,,,,,,,,,,,
2026-07-02T10:01:34.743824+00:00,2026-07-02T10:01:34.743757,2,2,116.25,0.3,116.1,113,115.9,100,,,,,,,,,,,,,,,,,116.4,100,116.6,152,,,,,,,,,,,,,,,,
2026-07-02T10:01:35.107553+00:00,2026-07-02T10:01:35.107435,1,2,116.15,0.5,115.9,100,,,,,,,,,,,,,,,,,,,116.4,100,116.6,2,,,,,,,,,,,,,,,,
2026-07-02T10:01:35.158648+00:00,2026-07-02T10:01:35.154355,2,2,116.3,0.2,116.2,150,115.9,100,,,,,,,,,,,,,,,,,116.4,100,116.6,2,,,,,,,,,,,,,,,,
2026-07-02T10:01:35.215880+00:00,2026-07-02T10:01:35.213491,2,3,116.3,0.2,116.2,150,115.9,100,,,,,,,,,,,,,,,,,116.4,50,116.6,2,116.7,150,,,,,,,,,,,,,,
2026-07-02T10:01:35.778375+00:00,2026-07-02T10:01:35.778273,2,3,116.3,0.2,116.2,150,115.9,100,,,,,,,,,,,,,,,,,116.4,50,116.6,1,116.7,150,,,,,,,,,,,,,,
2026-07-02T10:01:36.587566+00:00,2026-07-02T10:01:36.587438,2,2,116.3,0.2,116.2,150,115.9,100,,,,,,,,,,,,,,,,,116.4,50,116.7,150,,,,,,,,,,,,,,,,
2026-07-02T10:01:36.812422+00:00,2026-07-02T10:01:36.812364,2,2,116.3,0.2,116.2,155,115.9,100,,,,,,,,,,,,,,,,,116.4,50,116.7,150,,,,,,,,,,,,,,,,
2026-07-02T10:01:37.258573+00:00,2026-07-02T10:01:37.257120,1,1,116.45,0.5,116.2,155,,,,,,,,,,,,,,,,,,,116.7,150,,,,,,,,,,,,,,,,,,
2026-07-02T10:01:37.317816+00:00,2026-07-02T10:01:37.317903,2,1,116.45,0.5,116.2,155,116.0,100,,,,,,,,,,,,,,,,,116.7,150,,,,,,,,,,,,,,,,,,
2026-07-02T10:01:37.368255+00:00,2026-07-02T10:01:37.368226,2,2,116.35,0.3,116.2,155,116.0,100,,,,,,,,,,,,,,,,,116.5,100,116.7,150,,,,,,,,,,,,,,,,
2026-07-02T10:01:37.378707+00:00,2026-07-02T10:01:37.378620,2,2,116.35,0.3,116.2,105,116.0,100,,,,,,,,,,,,,,,,,116.5,100,116.7,150,,,,,,,,,,,,,,,,
2026-07-02T10:01:38.120517+00:00,2026-07-02T10:01:38.120362,2,2,116.35,0.3,116.2,105,116.0,100,,,,,,,,,,,,,,,,,116.5,54,116.7,150,,,,,,,,,,,,,,,,
2026-07-02T10:01:38.275031+00:00,2026-07-02T10:01:38.274914,2,1,116.35,0.3,116.2,5,116.0,100,,,,,,,,,,,,,,,,,116.5,54,,,,,,,,,,,,,,,,,,
2026-07-02T10:01:38.330229+00:00,2026-07-02T10:01:38.330184,3,1,116.35,0.3,116.2,5,116.0,100,115.8,150,,,,,,,,,,,,,,,116.5,54,,,,,,,,,,,,,,,,,,
2026-07-02T10:01:38.383490+00:00,2026-07-02T10:01:38.383338,3,2,116.25,0.1,116.2,5,116.0,100,115.8,150,,,,,,,,,,,,,,,116.3,150,116.5,54,,,,,,,,,,,,,,,,
2026-07-02T10:01:38.847742+00:00,2026-07-02T10:01:38.847563,3,2,116.25,0.1,116.2,4,116.0,100,115.8,150,,,,,,,,,,,,,,,116.3,150,116.5,54,,,,,,,,,,,,,,,,
2026-07-02T10:01:39.502301+00:00,2026-07-02T10:01:39.491060,2,2,116.15,0.3,116.0,100,115.8,150,,,,,,,,,,,,,,,,,116.3,150,116.5,54,,,,,,,,,,,,,,,,
2026-07-02T10:01:39.594946+00:00,2026-07-02T10:01:39.594716,2,2,116.15,0.3,116.0,100,115.8,150,,,,,,,,,,,,,,,,,116.3,110,116.5,54,,,,,,,,,,,,,,,,
2026-07-02T10:01:39.870468+00:00,2026-07-02T10:01:39.870370,3,2,116.25,0.1,116.2,4,116.0,100,115.8,150,,,,,,,,,,,,,,,116.3,110,116.5,54,,,,,,,,,,,,,,,,
2026-07-02T10:01:39.958611+00:00,2026-07-02T10:01:39.952840,3,2,116.25,0.1,116.2,4,116.0,100,115.8,150,,,,,,,,,,,,,,,116.3,110,116.5,56,,,,,,,,,,,,,,,,
2026-07-02T10:01:40.421212+00:00,2026-07-02T10:01:40.421334,3,2,116.25,0.1,116.2,4,116.0,100,115.8,150,,,,,,,,,,,,,,,116.3,110,116.5,2,,,,,,,,,,,,,,,,
2026-07-02T10:01:40.426706+00:00,2026-07-02T10:01:40.426548,2,2,116.25,0.1,116.2,4,115.8,150,,,,,,,,,,,,,,,,,116.3,110,116.5,2,,,,,,,,,,,,,,,,
2026-07-02T10:01:40.479658+00:00,2026-07-02T10:01:40.479603,3,2,116.25,0.1,116.2,4,115.9,100,115.8,150,,,,,,,,,,,,,,,116.3,110,116.5,2,,,,,,,,,,,,,,,,
2026-07-02T10:01:40.532160+00:00,2026-07-02T10:01:40.532070,3,3,116.25,0.1,116.2,4,115.9,100,115.8,150,,,,,,,,,,,,,,,116.3,110,116.4,100,116.5,2,,,,,,,,,,,,,,
2026-07-02T10:01:40.679334+00:00,2026-07-02T10:01:40.671633,3,3,116.25,0.1,116.2,1,115.9,100,115.8,150,,,,,,,,,,,,,,,116.3,110,116.4,100,116.5,2,,,,,,,,,,,,,,
2026-07-02T10:01:40.793190+00:00,2026-07-02T10:01:40.793104,2,3,116.1,0.4,115.9,100,115.8,150,,,,,,,,,,,,,,,,,116.3,110,116.4,100,116.5,2,,,,,,,,,,,,,,
2026-07-02T10:01:41.268687+00:00,2026-07-02T10:01:41.268877,2,3,116.1,0.4,115.9,100,115.8,150,,,,,,,,,,,,,,,,,116.3,110,116.4,100,116.5,1,,,,,,,,,,,,,,
2026-07-02T10:01:41.437528+00:00,2026-07-02T10:01:41.437352,1,2,116.15,0.5,115.9,100,,,,,,,,,,,,,,,,,,,116.4,100,116.5,1,,,,,,,,,,,,,,,,
2026-07-02T10:01:41.491607+00:00,2026-07-02T10:01:41.491709,2,2,116.15,0.5,115.9,100,115.7,150,,,,,,,,,,,,,,,,,116.4,100,116.5,1,,,,,,,,,,,,,,,,
2026-07-02T10:01:41.541436+00:00,2026-07-02T10:01:41.541320,2,3,116.05,0.3,115.9,100,115.7,150,,,,,,,,,,,,,,,,,116.2,150,116.4,100,116.5,1,,,,,,,,,,,,,,
2026-07-02T10:01:41.590158+00:00,2026-07-02T10:01:41.584196,2,3,116.05,0.3,115.9,100,115.7,150,,,,,,,,,,,,,,,,,116.2,147,116.4,100,116.5,1,,,,,,,,,,,,,,
2026-07-02T10:01:41.610977+00:00,2026-07-02T10:01:41.610740,2,3,116.05,0.3,115.9,50,115.7,150,,,,,,,,,,,,,,,,,116.2,147,116.4,100,116.5,1,,,,,,,,,,,,,,
2026-07-02T10:01:42.941354+00:00,2026-07-02T10:01:42.941256,3,3,116.15,0.1,116.1,5,115.9,50,115.7,150,,,,,,,,,,,,,,,116.2,147,116.4,100,116.5,1,,,,,,,,,,,,,,
2026-07-02T10:01:43.580301+00:00,2026-07-02T10:01:43.580225,3,2,116.15,0.1,116.1,5,115.9,50,115.7,150,,,,,,,,,,,,,,,116.2,147,116.5,1,,,,,,,,,,,,,,,,
2026-07-02T10:01:43.585306+00:00,2026-07-02T10:01:43.585404,2,2,116.15,0.1,116.1,5,115.7,150,,,,,,,,,,,,,,,,,116.2,147,116.5,1,,,,,,,,,,,,,,,,
2026-07-02T10:01:43.612571+00:00,2026-07-02T10:01:43.612474,2,2,116.15,0.1,116.1,4,115.7,150,,,,,,,,,,,,,,,,,116.2,147,116.5,1,,,,,,,,,,,,,,,,
2026-07-02T10:01:43.638258+00:00,2026-07-02T10:01:43.638337,2,2,116.15,0.1,116.1,4,115.7,250,,,,,,,,,,,,,,,,,116.2,147,116.5,1,,,,,,,,,,,,,,,,
2026-07-02T10:01:43.691184+00:00,2026-07-02T10:01:43.691008,2,2,116.15,0.1,116.1,4,115.7,250,,,,,,,,,,,,,,,,,116.2,247,116.5,1,,,,,,,,,,,,,,,,
2026-07-02T10:01:43.714977+00:00,2026-07-02T10:01:43.707061,1,2,115.95,0.5,115.7,250,,,,,,,,,,,,,,,,,,,116.2,247,116.5,1,,,,,,,,,,,,,,,,
2026-07-02T10:01:43.735649+00:00,2026-07-02T10:01:43.735558,1,2,115.95,0.5,115.7,200,,,,,,,,,,,,,,,,,,,116.2,247,116.5,1,,,,,,,,,,,,,,,,
2026-07-02T10:01:43.965928+00:00,2026-07-02T10:01:43.960038,1,2,115.95,0.5,115.7,200,,,,,,,,,,,,,,,,,,,116.2,247,116.5,1,,,,,,,,,,,,,,,,
2026-07-02T10:01:44.599281+00:00,2026-07-02T10:01:44.599432,1,2,115.95,0.5,115.7,100,,,,,,,,,,,,,,,,,,,116.2,100,116.5,1,,,,,,,,,,,,,,,,
2026-07-02T10:01:44.652292+00:00,2026-07-02T10:01:44.652217,2,2,115.95,0.5,115.7,100,115.2,150,,,,,,,,,,,,,,,,,116.2,100,116.5,1,,,,,,,,,,,,,,,,
2026-07-02T10:01:44.710239+00:00,2026-07-02T10:01:44.704374,1,3,115.45,0.5,115.2,150,,,,,,,,,,,,,,,,,,,115.7,50,116.2,100,116.5,1,,,,,,,,,,,,,,
2026-07-02T10:01:45.837096+00:00,2026-07-02T10:01:45.836963,1,2,115.45,0.5,115.2,100,,,,,,,,,,,,,,,,,,,115.7,50,116.2,100,,,,,,,,,,,,,,,,
2026-07-02T10:01:46.758577+00:00,2026-07-02T10:01:46.757448,1,1,115.45,0.5,115.2,100,,,,,,,,,,,,,,,,,,,115.7,50,,,,,,,,,,,,,,,,,,
2026-07-02T10:01:46.811459+00:00,2026-07-02T10:01:46.811612,2,1,115.45,0.5,115.2,100,114.8,100,,,,,,,,,,,,,,,,,115.7,50,,,,,,,,,,,,,,,,,,
2026-07-02T10:01:46.868055+00:00,2026-07-02T10:01:46.867858,2,2,115.25,0.1,115.2,100,114.8,100,,,,,,,,,,,,,,,,,115.3,100,115.7,50,,,,,,,,,,,,,,,,
2026-07-02T10:01:46.873181+00:00,2026-07-02T10:01:46.873102,2,2,115.25,0.1,115.2,100,114.8,100,,,,,,,,,,,,,,,,,115.3,39,115.7,50,,,,,,,,,,,,,,,,
2026-07-02T10:01:47.758571+00:00,2026-07-02T10:01:47.757900,1,1,115.05,0.5,114.8,100,,,,,,,,,,,,,,,,,,,115.3,39,,,,,,,,,,,,,,,,,,
2026-07-02T10:01:47.818190+00:00,2026-07-02T10:01:47.818082,2,1,115.25,0.1,115.2,150,114.8,100,,,,,,,,,,,,,,,,,115.3,39,,,,,,,,,,,,,,,,,,
2026-07-02T10:01:47.869427+00:00,2026-07-02T10:01:47.869385,2,2,115.25,0.1,115.2,150,114.8,100,,,,,,,,,,,,,,,,,115.3,39,115.7,150,,,,,,,,,,,,,,,,
2026-07-02T10:01:47.922662+00:00,2026-07-02T10:01:47.922772,2,1,115.45,0.5,115.2,150,114.8,100,,,,,,,,,,,,,,,,,115.7,139,,,,,,,,,,,,,,,,,,
2026-07-02T10:01:48.207600+00:00,2026-07-02T10:01:48.207533,2,1,115.45,0.5,115.2,108,114.8,100,,,,,,,,,,,,,,,,,115.7,139,,,,,,,,,,,,,,,,,,
2026-07-02T10:01:49.921484+00:00,2026-07-02T10:01:49.921448,1,1,115.45,0.5,115.2,108,,,,,,,,,,,,,,,,,,,115.7,139,,,,,,,,,,,,,,,,,,
2026-07-02T10:01:49.970192+00:00,2026-07-02T10:01:49.970111,1,1,115.45,0.5,115.2,208,,,,,,,,,,,,,,,,,,,115.7,139,,,,,,,,,,,,,,,,,,
2026-07-02T10:01:50.027845+00:00,2026-07-02T10:01:50.027733,1,1,115.45,0.5,115.2,208,,,,,,,,,,,,,,,,,,,115.7,239,,,,,,,,,,,,,,,,,,
2026-07-02T10:01:50.038028+00:00,2026-07-02T10:01:50.038178,1,1,115.45,0.5,115.2,208,,,,,,,,,,,,,,,,,,,115.7,189,,,,,,,,,,,,,,,,,,
2026-07-02T10:01:50.335160+00:00,2026-07-02T10:01:50.335047,1,1,115.45,0.5,115.2,208,,,,,,,,,,,,,,,,,,,115.7,144,,,,,,,,,,,,,,,,,,
2026-07-02T10:01:50.939112+00:00,2026-07-02T10:01:50.938915,1,1,115.45,0.5,115.2,100,,,,,,,,,,,,,,,,,,,115.7,100,,,,,,,,,,,,,,,,,,
2026-07-02T10:01:50.993700+00:00,2026-07-02T10:01:50.993638,2,0,,,115.7,50,115.2,100,,,,,,,,,,,,,,,,,,,,,,,,,,,,,,,,,,,,
2026-07-02T10:01:51.048799+00:00,2026-07-02T10:01:51.048674,2,1,115.95,0.5,115.7,50,115.2,100,,,,,,,,,,,,,,,,,116.2,150,,,,,,,,,,,,,,,,,,
2026-07-02T10:01:52.170470+00:00,2026-07-02T10:01:52.170269,2,1,115.95,0.5,115.7,50,115.2,100,,,,,,,,,,,,,,,,,116.2,100,,,,,,,,,,,,,,,,,,
2026-07-02T10:01:53.082723+00:00,2026-07-02T10:01:53.082681,1,1,115.95,0.5,115.7,50,,,,,,,,,,,,,,,,,,,116.2,100,,,,,,,,,,,,,,,,,,
2026-07-02T10:01:53.133845+00:00,2026-07-02T10:01:53.133768,1,1,115.95,0.5,115.7,150,,,,,,,,,,,,,,,,,,,116.2,100,,,,,,,,,,,,,,,,,,
2026-07-02T10:01:53.186468+00:00,2026-07-02T10:01:53.186292,1,1,115.95,0.5,115.7,150,,,,,,,,,,,,,,,,,,,116.2,200,,,,,,,,,,,,,,,,,,
2026-07-02T10:01:54.105592+00:00,2026-07-02T10:01:54.105737,1,1,115.95,0.5,115.7,100,,,,,,,,,,,,,,,,,,,116.2,100,,,,,,,,,,,,,,,,,,
2026-07-02T10:01:54.162344+00:00,2026-07-02T10:01:54.162228,2,1,115.95,0.5,115.7,100,115.4,150,,,,,,,,,,,,,,,,,116.2,100,,,,,,,,,,,,,,,,,,
2026-07-02T10:01:54.215690+00:00,2026-07-02T10:01:54.215793,2,2,115.8,0.2,115.7,100,115.4,150,,,,,,,,,,,,,,,,,115.9,150,116.2,100,,,,,,,,,,,,,,,,
2026-07-02T10:01:54.328594+00:00,2026-07-02T10:01:54.328500,2,2,115.8,0.2,115.7,50,115.4,150,,,,,,,,,,,,,,,,,115.9,150,116.2,100,,,,,,,,,,,,,,,,
2026-07-02T10:01:54.585998+00:00,2026-07-02T10:01:54.585825,2,2,115.8,0.2,115.7,9,115.4,150,,,,,,,,,,,,,,,,,115.9,150,116.2,100,,,,,,,,,,,,,,,,
2026-07-02T10:01:56.239397+00:00,2026-07-02T10:01:56.239357,1,1,115.65,0.5,115.4,150,,,,,,,,,,,,,,,,,,,115.9,150,,,,,,,,,,,,,,,,,,
2026-07-02T10:01:56.294402+00:00,2026-07-02T10:01:56.294299,2,1,115.7,0.4,115.5,100,115.4,150,,,,,,,,,,,,,,,,,115.9,150,,,,,,,,,,,,,,,,,,
2026-07-02T10:01:56.347542+00:00,2026-07-02T10:01:56.347482,2,2,115.7,0.4,115.5,100,115.4,150,,,,,,,,,,,,,,,,,115.9,150,116.0,100,,,,,,,,,,,,,,,,
2026-07-02T10:01:56.384766+00:00,2026-07-02T10:01:56.384646,2,2,115.7,0.4,115.5,100,115.4,150,,,,,,,,,,,,,,,,,115.9,100,116.0,100,,,,,,,,,,,,,,,,
2026-07-02T10:01:56.700979+00:00,2026-07-02T10:01:56.700830,3,2,115.8,0.2,115.7,4,115.5,100,115.4,150,,,,,,,,,,,,,,,115.9,100,116.0,100,,,,,,,,,,,,,,,,
2026-07-02T10:01:57.269816+00:00,2026-07-02T10:01:57.269772,2,1,115.85,0.3,115.7,4,115.5,100,,,,,,,,,,,,,,,,,116.0,100,,,,,,,,,,,,,,,,,,
2026-07-02T10:01:57.324558+00:00,2026-07-02T10:01:57.324484,3,1,115.85,0.3,115.7,4,115.6,150,115.5,100,,,,,,,,,,,,,,,116.0,100,,,,,,,,,,,,,,,,,,
2026-07-02T10:01:57.377585+00:00,2026-07-02T10:01:57.377502,3,2,115.85,0.3,115.7,4,115.6,150,115.5,100,,,,,,,,,,,,,,,116.0,100,116.1,150,,,,,,,,,,,,,,,,
2026-07-02T10:01:57.723316+00:00,2026-07-02T10:01:57.723246,2,2,115.8,0.4,115.6,114,115.5,100,,,,,,,,,,,,,,,,,116.0,100,116.1,150,,,,,,,,,,,,,,,,
2026-07-02T10:01:58.231733+00:00,2026-07-02T10:01:58.231645,3,2,115.85,0.3,115.7,4,115.6,114,115.5,100,,,,,,,,,,,,,,,116.0,100,116.1,150,,,,,,,,,,,,,,,,
2026-07-02T10:01:58.491627+00:00,2026-07-02T10:01:58.491584,3,2,115.85,0.3,115.7,4,115.6,114,115.5,100,,,,,,,,,,,,,,,116.0,50,116.1,150,,,,,,,,,,,,,,,,
2026-07-02T10:01:59.422634+00:00,2026-07-02T10:01:59.422754,2,1,115.9,0.4,115.7,4,115.6,114,,,,,,,,,,,,,,,,,116.1,150,,,,,,,,,,,,,,,,,,
2026-07-02T10:01:59.479276+00:00,2026-07-02T10:01:59.479150,2,1,115.9,0.4,115.7,4,115.6,214,,,,,,,,,,,,,,,,,116.1,150,,,,,,,,,,,,,,,,,,
2026-07-02T10:01:59.531907+00:00,2026-07-02T10:01:59.531803,2,1,115.9,0.4,115.7,4,115.6,214,,,,,,,,,,,,,,,,,116.1,250,,,,,,,,,,,,,,,,,,
2026-07-02T10:02:00.431031+00:00,2026-07-02T10:02:00.430929,2,1,115.9,0.4,115.7,4,115.6,100,,,,,,,,,,,,,,,,,116.1,100,,,,,,,,,,,,,,,,,,
2026-07-02T10:02:00.486979+00:00,2026-07-02T10:02:00.486944,3,1,115.9,0.4,115.7,4,115.6,100,115.5,150,,,,,,,,,,,,,,,116.1,100,,,,,,,,,,,,,,,,,,
2026-07-02T10:02:00.539720+00:00,2026-07-02T10:02:00.539598,3,2,115.85,0.3,115.7,4,115.6,100,115.5,150,,,,,,,,,,,,,,,116.0,150,116.1,100,,,,,,,,,,,,,,,,
2026-07-02T10:02:00.598539+00:00,2026-07-02T10:02:00.598414,3,2,115.85,0.3,115.7,4,115.6,100,115.5,150,,,,,,,,,,,,,,,116.0,100,116.1,100,,,,,,,,,,,,,,,,
2026-07-02T10:02:00.783181+00:00,2026-07-02T10:02:00.783067,3,2,115.85,0.3,115.7,2,115.6,100,115.5,150,,,,,,,,,,,,,,,116.0,100,116.1,100,,,,,,,,,,,,,,,,
2026-07-02T10:02:02.207410+00:00,2026-07-02T10:02:02.207301,3,2,115.85,0.3,115.7,1,115.6,100,115.5,150,,,,,,,,,,,,,,,116.0,100,116.1,100,,,,,,,,,,,,,,,,
2026-07-02T10:02:02.586230+00:00,2026-07-02T10:02:02.586376,2,1,115.85,0.3,115.7,1,115.5,150,,,,,,,,,,,,,,,,,116.0,100,,,,,,,,,,,,,,,,,,
2026-07-02T10:02:02.639252+00:00,2026-07-02T10:02:02.639345,3,1,115.85,0.3,115.7,1,115.6,100,115.5,150,,,,,,,,,,,,,,,116.0,100,,,,,,,,,,,,,,,,,,
2026-07-02T10:02:02.689679+00:00,2026-07-02T10:02:02.689803,3,2,115.85,0.3,115.7,1,115.6,100,115.5,150,,,,,,,,,,,,,,,116.0,100,116.1,100,,,,,,,,,,,,,,,,
2026-07-02T10:02:02.706087+00:00,2026-07-02T10:02:02.705980,3,2,115.85,0.3,115.7,1,115.6,100,115.5,150,,,,,,,,,,,,,,,116.0,50,116.1,100,,,,,,,,,,,,,,,,
2026-07-02T10:02:02.721649+00:00,2026-07-02T10:02:02.721528,3,2,115.85,0.3,115.7,1,115.6,100,115.5,150,,,,,,,,,,,,,,,116.0,6,116.1,100,,,,,,,,,,,,,,,,
2026-07-02T10:02:03.594279+00:00,2026-07-02T10:02:03.594171,2,1,115.9,0.4,115.7,1,115.6,100,,,,,,,,,,,,,,,,,116.1,100,,,,,,,,,,,,,,,,,,
2026-07-02T10:02:03.658599+00:00,2026-07-02T10:02:03.650931,3,0,,,116.1,50,115.7,1,115.6,100,,,,,,,,,,,,,,,,,,,,,,,,,,,,,,,,,,
2026-07-02T10:02:03.717603+00:00,2026-07-02T10:02:03.708622,2,1,116.15,0.9,115.7,1,115.6,100,,,,,,,,,,,,,,,,,116.6,150,,,,,,,,,,,,,,,,,,
2026-07-02T10:02:04.413102+00:00,2026-07-02T10:02:04.413260,1,1,116.1,1.0,115.6,56,,,,,,,,,,,,,,,,,,,116.6,150,,,,,,,,,,,,,,,,,,
2026-07-02T10:02:04.449805+00:00,2026-07-02T10:02:04.449757,1,2,115.8,0.4,115.6,56,,,,,,,,,,,,,,,,,,,116.0,5,116.6,150,,,,,,,,,,,,,,,,
2026-07-02T10:02:04.929010+00:00,2026-07-02T10:02:04.928891,2,2,115.85,0.3,115.7,1,115.6,56,,,,,,,,,,,,,,,,,116.0,5,116.6,150,,,,,,,,,,,,,,,,
2026-07-02T10:02:05.336193+00:00,2026-07-02T10:02:05.336013,2,1,116.15,0.9,115.7,1,115.6,56,,,,,,,,,,,,,,,,,116.6,107,,,,,,,,,,,,,,,,,,
2026-07-02T10:02:05.474898+00:00,2026-07-02T10:02:05.474757,2,2,115.85,0.3,115.7,1,115.6,56,,,,,,,,,,,,,,,,,116.0,4,116.6,107,,,,,,,,,,,,,,,,
2026-07-02T10:02:05.745775+00:00,2026-07-02T10:02:05.745640,1,2,115.85,0.3,115.7,1,,,,,,,,,,,,,,,,,,,116.0,4,116.6,107,,,,,,,,,,,,,,,,
2026-07-02T10:02:05.797995+00:00,2026-07-02T10:02:05.798125,2,2,115.9,0.2,115.8,100,115.7,1,,,,,,,,,,,,,,,,,116.0,4,116.6,107,,,,,,,,,,,,,,,,
2026-07-02T10:02:05.858613+00:00,2026-07-02T10:02:05.850936,2,3,115.9,0.2,115.8,100,115.7,1,,,,,,,,,,,,,,,,,116.0,4,116.3,100,116.6,107,,,,,,,,,,,,,,
2026-07-02T10:02:06.758546+00:00,2026-07-02T10:02:06.756819,2,2,115.9,0.2,115.8,100,115.7,1,,,,,,,,,,,,,,,,,116.0,4,116.3,100,,,,,,,,,,,,,,,,
2026-07-02T10:02:06.819092+00:00,2026-07-02T10:02:06.819006,2,2,115.9,0.2,115.8,250,115.7,1,,,,,,,,,,,,,,,,,116.0,4,116.3,100,,,,,,,,,,,,,,,,
2026-07-02T10:02:06.873106+00:00,2026-07-02T10:02:06.873070,2,2,115.9,0.2,115.8,250,115.7,1,,,,,,,,,,,,,,,,,116.0,4,116.3,250,,,,,,,,,,,,,,,,
2026-07-02T10:02:06.993180+00:00,2026-07-02T10:02:06.993135,2,2,115.9,0.2,115.8,200,115.7,1,,,,,,,,,,,,,,,,,116.0,4,116.3,250,,,,,,,,,,,,,,,,
2026-07-02T10:02:08.903777+00:00,2026-07-02T10:02:08.903749,2,2,115.9,0.2,115.8,150,115.7,1,,,,,,,,,,,,,,,,,116.0,4,116.3,150,,,,,,,,,,,,,,,,
2026-07-02T10:02:08.959327+00:00,2026-07-02T10:02:08.959181,2,2,115.9,0.2,115.8,150,115.7,101,,,,,,,,,,,,,,,,,116.0,4,116.3,150,,,,,,,,,,,,,,,,
2026-07-02T10:02:09.013182+00:00,2026-07-02T10:02:09.013098,2,3,115.9,0.2,115.8,150,115.7,101,,,,,,,,,,,,,,,,,116.0,4,116.2,100,116.3,150,,,,,,,,,,,,,,
2026-07-02T10:02:09.102282+00:00,2026-07-02T10:02:09.102181,2,3,115.9,0.2,115.8,100,115.7,101,,,,,,,,,,,,,,,,,116.0,4,116.2,100,116.3,150,,,,,,,,,,,,,,
2026-07-02T10:02:09.201633+00:00,2026-07-02T10:02:09.201564,2,3,115.9,0.2,115.8,52,115.7,101,,,,,,,,,,,,,,,,,116.0,4,116.2,100,116.3,150,,,,,,,,,,,,,,
2026-07-02T10:02:09.358551+00:00,2026-07-02T10:02:09.356993,2,3,115.9,0.2,115.8,52,115.7,101,,,,,,,,,,,,,,,,,116.0,3,116.2,100,116.3,150,,,,,,,,,,,,,,
2026-07-02T10:02:09.934490+00:00,2026-07-02T10:02:09.934405,1,2,115.85,0.3,115.7,101,,,,,,,,,,,,,,,,,,,116.0,3,116.2,100,,,,,,,,,,,,,,,,
2026-07-02T10:02:09.990219+00:00,2026-07-02T10:02:09.990089,2,2,115.85,0.3,115.7,101,115.2,150,,,,,,,,,,,,,,,,,116.0,3,116.2,100,,,,,,,,,,,,,,,,
2026-07-02T10:02:10.063617+00:00,2026-07-02T10:02:10.044049,1,3,115.45,0.5,115.2,150,,,,,,,,,,,,,,,,,,,115.7,49,116.0,3,116.2,100,,,,,,,,,,,,,,
2026-07-02T10:02:10.522360+00:00,2026-07-02T10:02:10.522288,1,3,115.45,0.5,115.2,150,,,,,,,,,,,,,,,,,,,115.7,48,116.0,3,116.2,100,,,,,,,,,,,,,,
2026-07-02T10:02:10.546328+00:00,2026-07-02T10:02:10.546522,1,3,115.45,0.5,115.2,150,,,,,,,,,,,,,,,,,,,115.7,47,116.0,3,116.2,100,,,,,,,,,,,,,,
2026-07-02T10:02:10.573997+00:00,2026-07-02T10:02:10.573854,1,3,115.45,0.5,115.2,150,,,,,,,,,,,,,,,,,,,115.7,46,116.0,3,116.2,100,,,,,,,,,,,,,,
2026-07-02T10:02:10.719582+00:00,2026-07-02T10:02:10.719488,1,3,115.45,0.5,115.2,150,,,,,,,,,,,,,,,,,,,115.7,45,116.0,3,116.2,100,,,,,,,,,,,,,,
2026-07-02T10:02:10.774183+00:00,2026-07-02T10:02:10.774401,1,3,115.45,0.5,115.2,150,,,,,,,,,,,,,,,,,,,115.7,44,116.0,3,116.2,100,,,,,,,,,,,,,,
2026-07-02T10:02:10.979808+00:00,2026-07-02T10:02:10.979731,1,1,115.7,1.0,115.2,150,,,,,,,,,,,,,,,,,,,116.2,100,,,,,,,,,,,,,,,,,,
2026-07-02T10:02:11.206858+00:00,2026-07-02T10:02:11.206684,1,1,115.7,1.0,115.2,100,,,,,,,,,,,,,,,,,,,116.2,100,,,,,,,,,,,,,,,,,,
2026-07-02T10:02:11.572339+00:00,2026-07-02T10:02:11.572286,1,2,115.6,0.8,115.2,100,,,,,,,,,,,,,,,,,,,116.0,4,116.2,100,,,,,,,,,,,,,,,,
2026-07-02T10:02:11.778089+00:00,2026-07-02T10:02:11.774783,2,2,115.85,0.3,115.7,2,115.2,100,,,,,,,,,,,,,,,,,116.0,4,116.2,100,,,,,,,,,,,,,,,,
2026-07-02T10:02:12.066183+00:00,2026-07-02T10:02:12.066069,2,1,115.85,0.3,115.7,2,115.2,100,,,,,,,,,,,,,,,,,116.0,4,,,,,,,,,,,,,,,,,,
2026-07-02T10:02:12.135130+00:00,2026-07-02T10:02:12.135068,3,1,115.85,0.3,115.7,2,115.3,100,115.2,100,,,,,,,,,,,,,,,116.0,4,,,,,,,,,,,,,,,,,,
2026-07-02T10:02:12.192426+00:00,2026-07-02T10:02:12.192288,3,2,115.75,0.1,115.7,2,115.3,100,115.2,100,,,,,,,,,,,,,,,115.8,100,116.0,4,,,,,,,,,,,,,,,,
2026-07-02T10:02:12.605219+00:00,2026-07-02T10:02:12.605068,3,2,115.75,0.1,115.7,2,115.3,100,115.2,100,,,,,,,,,,,,,,,115.8,100,116.0,3,,,,,,,,,,,,,,,,
2026-07-02T10:02:13.104037+00:00,2026-07-02T10:02:13.103952,2,2,115.75,0.1,115.7,2,115.3,100,,,,,,,,,,,,,,,,,115.8,100,116.0,3,,,,,,,,,,,,,,,,
2026-07-02T10:02:13.153730+00:00,2026-07-02T10:02:13.153673,3,2,115.75,0.1,115.7,2,115.6,150,115.3,100,,,,,,,,,,,,,,,115.8,100,116.0,3,,,,,,,,,,,,,,,,
2026-07-02T10:02:13.210105+00:00,2026-07-02T10:02:13.209980,3,3,115.75,0.1,115.7,2,115.6,150,115.3,100,,,,,,,,,,,,,,,115.8,100,116.0,3,116.1,150,,,,,,,,,,,,,,
2026-07-02T10:02:13.336601+00:00,2026-07-02T10:02:13.336777,2,3,115.7,0.2,115.6,102,115.3,100,,,,,,,,,,,,,,,,,115.8,100,116.0,3,116.1,150,,,,,,,,,,,,,,
2026-07-02T10:02:13.908822+00:00,2026-07-02T10:02:13.908744,3,3,115.75,0.1,115.7,1,115.6,102,115.3,100,,,,,,,,,,,,,,,115.8,100,116.0,3,116.1,150,,,,,,,,,,,,,,
2026-07-02T10:02:15.246750+00:00,2026-07-02T10:02:15.246626,2,2,115.85,0.3,115.7,1,115.6,102,,,,,,,,,,,,,,,,,116.0,3,116.1,150,,,,,,,,,,,,,,,,
2026-07-02T10:02:15.302698+00:00,2026-07-02T10:02:15.302589,3,2,115.85,0.3,115.7,1,115.6,102,115.3,100,,,,,,,,,,,,,,,116.0,3,116.1,150,,,,,,,,,,,,,,,,
2026-07-02T10:02:15.356564+00:00,2026-07-02T10:02:15.356427,3,3,115.75,0.1,115.7,1,115.6,102,115.3,100,,,,,,,,,,,,,,,115.8,100,116.0,3,116.1,150,,,,,,,,,,,,,,
2026-07-02T10:02:15.361565+00:00,2026-07-02T10:02:15.361684,2,3,115.7,0.2,115.6,102,115.3,100,,,,,,,,,,,,,,,,,115.8,100,116.0,3,116.1,150,,,,,,,,,,,,,,
2026-07-02T10:02:15.445812+00:00,2026-07-02T10:02:15.445967,2,3,115.7,0.2,115.6,52,115.3,100,,,,,,,,,,,,,,,,,115.8,100,116.0,3,116.1,150,,,,,,,,,,,,,,
2026-07-02T10:02:16.259179+00:00,2026-07-02T10:02:16.259069,2,2,115.7,0.2,115.6,52,115.3,100,,,,,,,,,,,,,,,,,115.8,100,116.0,3,,,,,,,,,,,,,,,,
2026-07-02T10:02:16.269381+00:00,2026-07-02T10:02:16.269298,1,2,115.55,0.5,115.3,100,,,,,,,,,,,,,,,,,,,115.8,100,116.0,3,,,,,,,,,,,,,,,,
2026-07-02T10:02:16.313886+00:00,2026-07-02T10:02:16.313807,1,2,115.55,0.5,115.3,250,,,,,,,,,,,,,,,,,,,115.8,100,116.0,3,,,,,,,,,,,,,,,,
2026-07-02T10:02:16.379363+00:00,2026-07-02T10:02:16.379323,1,2,115.55,0.5,115.3,250,,,,,,,,,,,,,,,,,,,115.8,250,116.0,3,,,,,,,,,,,,,,,,
2026-07-02T10:02:17.470177+00:00,2026-07-02T10:02:17.470066,1,2,115.55,0.5,115.3,250,,,,,,,,,,,,,,,,,,,115.8,207,116.0,3,,,,,,,,,,,,,,,,
2026-07-02T10:02:18.015265+00:00,2026-07-02T10:02:18.015127,1,2,115.55,0.5,115.3,209,,,,,,,,,,,,,,,,,,,115.8,207,116.0,3,,,,,,,,,,,,,,,,
2026-07-02T10:02:18.412349+00:00,2026-07-02T10:02:18.412253,2,2,115.7,0.2,115.6,3,115.3,150,,,,,,,,,,,,,,,,,115.8,150,116.0,3,,,,,,,,,,,,,,,,
2026-07-02T10:02:18.465546+00:00,2026-07-02T10:02:18.465396,2,2,115.7,0.2,115.6,3,115.3,250,,,,,,,,,,,,,,,,,115.8,150,116.0,3,,,,,,,,,,,,,,,,
2026-07-02T10:02:18.518404+00:00,2026-07-02T10:02:18.518370,2,2,115.7,0.2,115.6,3,115.3,250,,,,,,,,,,,,,,,,,115.8,250,116.0,3,,,,,,,,,,,,,,,,
2026-07-02T10:02:19.431962+00:00,2026-07-02T10:02:19.431812,2,2,115.7,0.2,115.6,3,115.3,100,,,,,,,,,,,,,,,,,115.8,100,116.0,3,,,,,,,,,,,,,,,,
2026-07-02T10:02:19.486385+00:00,2026-07-02T10:02:19.486325,2,2,115.7,0.2,115.6,3,115.3,250,,,,,,,,,,,,,,,,,115.8,100,116.0,3,,,,,,,,,,,,,,,,
2026-07-02T10:02:19.534059+00:00,2026-07-02T10:02:19.534035,2,2,115.7,0.2,115.6,3,115.3,250,,,,,,,,,,,,,,,,,115.8,250,116.0,3,,,,,,,,,,,,,,,,
2026-07-02T10:02:19.679623+00:00,2026-07-02T10:02:19.679562,1,2,115.55,0.5,115.3,250,,,,,,,,,,,,,,,,,,,115.8,250,116.0,3,,,,,,,,,,,,,,,,
2026-07-02T10:02:20.504671+00:00,2026-07-02T10:02:20.504562,1,2,115.55,0.5,115.3,210,,,,,,,,,,,,,,,,,,,115.8,250,116.0,3,,,,,,,,,,,,,,,,
2026-07-02T10:02:20.564003+00:00,2026-07-02T10:02:20.563830,2,2,115.7,0.2,115.6,3,115.3,210,,,,,,,,,,,,,,,,,115.8,250,116.0,3,,,,,,,,,,,,,,,,
2026-07-02T10:02:20.864135+00:00,2026-07-02T10:02:20.863981,2,2,115.7,0.2,115.6,3,115.3,210,,,,,,,,,,,,,,,,,115.8,250,116.0,2,,,,,,,,,,,,,,,,
2026-07-02T10:02:20.933868+00:00,2026-07-02T10:02:20.933825,1,2,115.55,0.5,115.3,210,,,,,,,,,,,,,,,,,,,115.8,250,116.0,2,,,,,,,,,,,,,,,,
2026-07-02T10:02:20.939068+00:00,2026-07-02T10:02:20.938987,1,1,115.55,0.5,115.3,210,,,,,,,,,,,,,,,,,,,115.8,250,,,,,,,,,,,,,,,,,,
2026-07-02T10:02:21.558628+00:00,2026-07-02T10:02:21.558475,2,1,115.65,0.3,115.5,3,115.3,210,,,,,,,,,,,,,,,,,115.8,250,,,,,,,,,,,,,,,,,,
2026-07-02T10:02:21.570360+00:00,2026-07-02T10:02:21.570295,2,1,115.65,0.3,115.5,3,115.3,210,,,,,,,,,,,,,,,,,115.8,150,,,,,,,,,,,,,,,,,,
2026-07-02T10:02:21.575574+00:00,2026-07-02T10:02:21.575464,2,1,115.65,0.3,115.5,3,115.3,150,,,,,,,,,,,,,,,,,115.8,150,,,,,,,,,,,,,,,,,,
2026-07-02T10:02:21.627209+00:00,2026-07-02T10:02:21.627125,2,1,115.65,0.3,115.5,3,115.3,250,,,,,,,,,,,,,,,,,115.8,150,,,,,,,,,,,,,,,,,,
2026-07-02T10:02:21.679375+00:00,2026-07-02T10:02:21.679321,2,1,115.65,0.3,115.5,3,115.3,250,,,,,,,,,,,,,,,,,115.8,250,,,,,,,,,,,,,,,,,,
2026-07-02T10:02:21.838099+00:00,2026-07-02T10:02:21.838270,2,1,115.65,0.3,115.5,3,115.3,250,,,,,,,,,,,,,,,,,115.8,203,,,,,,,,,,,,,,,,,,
2026-07-02T10:02:22.003219+00:00,2026-07-02T10:02:22.003167,2,1,115.65,0.3,115.5,3,115.3,250,,,,,,,,,,,,,,,,,115.8,205,,,,,,,,,,,,,,,,,,
2026-07-02T10:02:22.591985+00:00,2026-07-02T10:02:22.591879,2,1,115.65,0.3,115.5,3,115.3,250,,,,,,,,,,,,,,,,,115.8,102,,,,,,,,,,,,,,,,,,
2026-07-02T10:02:22.596950+00:00,2026-07-02T10:02:22.597049,2,1,115.65,0.3,115.5,3,115.3,100,,,,,,,,,,,,,,,,,115.8,102,,,,,,,,,,,,,,,,,,
2026-07-02T10:02:22.646475+00:00,2026-07-02T10:02:22.646362,2,1,115.65,0.3,115.5,3,115.3,250,,,,,,,,,,,,,,,,,115.8,102,,,,,,,,,,,,,,,,,,
2026-07-02T10:02:22.698149+00:00,2026-07-02T10:02:22.698070,2,1,115.65,0.3,115.5,3,115.3,250,,,,,,,,,,,,,,,,,115.8,252,,,,,,,,,,,,,,,,,,
2026-07-02T10:02:23.449515+00:00,2026-07-02T10:02:23.449390,2,1,115.65,0.3,115.5,3,115.3,250,,,,,,,,,,,,,,,,,115.8,212,,,,,,,,,,,,,,,,,,
2026-07-02T10:02:23.504605+00:00,2026-07-02T10:02:23.504769,1,1,115.55,0.5,115.3,205,,,,,,,,,,,,,,,,,,,115.8,212,,,,,,,,,,,,,,,,,,
2026-07-02T10:02:23.852990+00:00,2026-07-02T10:02:23.852943,1,1,115.55,0.5,115.3,205,,,,,,,,,,,,,,,,,,,115.8,162,,,,,,,,,,,,,,,,,,
2026-07-02T10:02:23.958640+00:00,2026-07-02T10:02:23.956188,1,1,115.55,0.5,115.3,205,,,,,,,,,,,,,,,,,,,115.8,161,,,,,,,,,,,,,,,,,,
2026-07-02T10:02:24.653289+00:00,2026-07-02T10:02:24.653171,2,1,115.65,0.3,115.5,4,115.3,205,,,,,,,,,,,,,,,,,115.8,161,,,,,,,,,,,,,,,,,,
2026-07-02T10:02:24.734002+00:00,2026-07-02T10:02:24.733967,2,1,115.65,0.3,115.5,4,115.3,150,,,,,,,,,,,,,,,,,115.8,151,,,,,,,,,,,,,,,,,,
2026-07-02T10:02:24.788484+00:00,2026-07-02T10:02:24.788376,3,1,115.65,0.3,115.5,4,115.4,100,115.3,150,,,,,,,,,,,,,,,115.8,151,,,,,,,,,,,,,,,,,,
2026-07-02T10:02:24.839210+00:00,2026-07-02T10:02:24.839120,3,2,115.65,0.3,115.5,4,115.4,100,115.3,150,,,,,,,,,,,,,,,115.8,151,115.9,100,,,,,,,,,,,,,,,,
2026-07-02T10:02:25.197287+00:00,2026-07-02T10:02:25.197194,3,2,115.65,0.3,115.5,4,115.4,100,115.3,150,,,,,,,,,,,,,,,115.8,104,115.9,100,,,,,,,,,,,,,,,,
2026-07-02T10:02:25.222436+00:00,2026-07-02T10:02:25.222341,3,2,115.65,0.3,115.5,4,115.4,100,115.3,150,,,,,,,,,,,,,,,115.8,106,115.9,100,,,,,,,,,,,,,,,,
2026-07-02T10:02:25.254423+00:00,2026-07-02T10:02:25.254615,2,2,115.6,0.4,115.4,55,115.3,150,,,,,,,,,,,,,,,,,115.8,106,115.9,100,,,,,,,,,,,,,,,,
2026-07-02T10:02:25.279303+00:00,2026-07-02T10:02:25.279215,3,2,115.65,0.3,115.5,4,115.4,55,115.3,150,,,,,,,,,,,,,,,115.8,105,115.9,100,,,,,,,,,,,,,,,,
2026-07-02T10:02:25.752718+00:00,2026-07-02T10:02:25.752662,2,2,115.65,0.3,115.5,4,115.4,55,,,,,,,,,,,,,,,,,115.8,1,115.9,100,,,,,,,,,,,,,,,,
2026-07-02T10:02:25.809730+00:00,2026-07-02T10:02:25.809660,3,2,115.75,0.1,115.7,150,115.5,4,115.4,55,,,,,,,,,,,,,,,115.8,1,115.9,100,,,,,,,,,,,,,,,,
2026-07-02T10:02:25.858644+00:00,2026-07-02T10:02:25.858334,3,3,115.75,0.1,115.7,150,115.5,4,115.4,55,,,,,,,,,,,,,,,115.8,1,115.9,100,116.2,150,,,,,,,,,,,,,,
2026-07-02T10:02:26.016629+00:00,2026-07-02T10:02:26.016790,3,3,115.75,0.1,115.7,100,115.5,4,115.4,55,,,,,,,,,,,,,,,115.8,1,115.9,100,116.2,150,,,,,,,,,,,,,,
2026-07-02T10:02:27.896885+00:00,2026-07-02T10:02:27.897043,2,2,115.75,0.1,115.7,100,115.5,4,,,,,,,,,,,,,,,,,115.8,1,116.2,150,,,,,,,,,,,,,,,,
2026-07-02T10:02:27.951886+00:00,2026-07-02T10:02:27.951826,3,2,115.75,0.1,115.7,100,115.5,4,115.3,100,,,,,,,,,,,,,,,115.8,1,116.2,150,,,,,,,,,,,,,,,,
2026-07-02T10:02:28.004673+00:00,2026-07-02T10:02:28.004835,3,2,115.75,0.1,115.7,100,115.5,4,115.3,100,,,,,,,,,,,,,,,115.8,101,116.2,150,,,,,,,,,,,,,,,,
2026-07-02T10:02:28.790696+00:00,2026-07-02T10:02:28.785278,3,2,115.75,0.1,115.7,100,115.5,4,115.3,100,,,,,,,,,,,,,,,115.8,48,116.2,150,,,,,,,,,,,,,,,,
2026-07-02T10:02:28.838437+00:00,2026-07-02T10:02:28.838304,3,2,115.75,0.1,115.7,100,115.5,4,115.3,100,,,,,,,,,,,,,,,115.8,4,116.2,150,,,,,,,,,,,,,,,,
2026-07-02T10:02:28.893195+00:00,2026-07-02T10:02:28.893146,3,1,115.95,0.5,115.7,100,115.5,4,115.3,100,,,,,,,,,,,,,,,116.2,150,,,,,,,,,,,,,,,,,,
2026-07-02T10:02:28.912047+00:00,2026-07-02T10:02:28.912229,2,0,,,115.5,4,115.3,100,,,,,,,,,,,,,,,,,,,,,,,,,,,,,,,,,,,,
2026-07-02T10:02:28.917312+00:00,2026-07-02T10:02:28.917464,2,1,115.65,0.3,115.5,4,115.3,100,,,,,,,,,,,,,,,,,115.8,1,,,,,,,,,,,,,,,,,,
2026-07-02T10:02:28.966256+00:00,2026-07-02T10:02:28.966201,3,0,,,115.8,149,115.5,4,115.3,100,,,,,,,,,,,,,,,,,,,,,,,,,,,,,,,,,,
2026-07-02T10:02:29.024632+00:00,2026-07-02T10:02:29.024567,3,1,116.05,0.5,115.8,148,115.5,4,115.3,100,,,,,,,,,,,,,,,116.3,150,,,,,,,,,,,,,,,,,,
2026-07-02T10:02:29.080174+00:00,2026-07-02T10:02:29.080089,3,1,116.05,0.5,115.8,147,115.5,4,115.3,100,,,,,,,,,,,,,,,116.3,150,,,,,,,,,,,,,,,,,,
2026-07-02T10:02:29.138783+00:00,2026-07-02T10:02:29.138750,3,1,116.05,0.5,115.8,146,115.5,4,115.3,100,,,,,,,,,,,,,,,116.3,150,,,,,,,,,,,,,,,,,,
2026-07-02T10:02:29.269911+00:00,2026-07-02T10:02:29.269861,3,1,116.05,0.5,115.8,145,115.5,4,115.3,100,,,,,,,,,,,,,,,116.3,150,,,,,,,,,,,,,,,,,,
2026-07-02T10:02:29.446841+00:00,2026-07-02T10:02:29.446786,3,1,116.05,0.5,115.8,97,115.5,4,115.3,100,,,,,,,,,,,,,,,116.3,150,,,,,,,,,,,,,,,,,,
2026-07-02T10:02:29.502680+00:00,2026-07-02T10:02:29.502527,3,2,115.85,0.1,115.8,97,115.5,4,115.3,100,,,,,,,,,,,,,,,115.9,1,116.3,150,,,,,,,,,,,,,,,,
2026-07-02T10:02:29.700986+00:00,2026-07-02T10:02:29.701149,3,1,116.05,0.5,115.8,97,115.5,4,115.3,100,,,,,,,,,,,,,,,116.3,150,,,,,,,,,,,,,,,,,,
2026-07-02T10:02:30.003421+00:00,2026-07-02T10:02:30.003252,3,1,116.05,0.5,115.8,52,115.5,4,115.3,100,,,,,,,,,,,,,,,116.3,150,,,,,,,,,,,,,,,,,,
2026-07-02T10:02:30.174809+00:00,2026-07-02T10:02:30.174663,3,1,116.05,0.5,115.8,52,115.5,4,115.3,100,,,,,,,,,,,,,,,116.3,100,,,,,,,,,,,,,,,,,,
2026-07-02T10:02:30.913649+00:00,2026-07-02T10:02:30.909304,3,1,116.05,0.5,115.8,49,115.5,4,115.3,100,,,,,,,,,,,,,,,116.3,100,,,,,,,,,,,,,,,,,,
2026-07-02T10:02:31.058675+00:00,2026-07-02T10:02:31.051921,2,1,116.05,0.5,115.8,49,115.5,4,,,,,,,,,,,,,,,,,116.3,100,,,,,,,,,,,,,,,,,,
2026-07-02T10:02:31.111521+00:00,2026-07-02T10:02:31.111421,2,1,116.05,0.5,115.8,149,115.5,4,,,,,,,,,,,,,,,,,116.3,100,,,,,,,,,,,,,,,,,,
2026-07-02T10:02:31.116527+00:00,2026-07-02T10:02:31.116678,2,1,116.05,0.5,115.8,149,115.5,4,,,,,,,,,,,,,,,,,116.3,59,,,,,,,,,,,,,,,,,,
2026-07-02T10:02:31.165415+00:00,2026-07-02T10:02:31.165605,2,1,116.05,0.5,115.8,149,115.5,4,,,,,,,,,,,,,,,,,116.3,159,,,,,,,,,,,,,,,,,,
2026-07-02T10:02:31.643823+00:00,2026-07-02T10:02:31.643749,2,1,116.05,0.5,115.8,105,115.5,4,,,,,,,,,,,,,,,,,116.3,159,,,,,,,,,,,,,,,,,,
2026-07-02T10:02:32.093316+00:00,2026-07-02T10:02:32.093187,2,1,116.05,0.5,115.8,100,115.5,4,,,,,,,,,,,,,,,,,116.3,100,,,,,,,,,,,,,,,,,,
2026-07-02T10:02:32.148088+00:00,2026-07-02T10:02:32.148001,2,1,116.05,0.5,115.8,100,115.5,154,,,,,,,,,,,,,,,,,116.3,100,,,,,,,,,,,,,,,,,,
2026-07-02T10:02:32.199163+00:00,2026-07-02T10:02:32.199124,2,2,115.9,0.2,115.8,100,115.5,154,,,,,,,,,,,,,,,,,116.0,150,116.3,100,,,,,,,,,,,,,,,,
2026-07-02T10:02:32.279115+00:00,2026-07-02T10:02:32.278979,2,2,115.9,0.2,115.8,100,115.5,154,,,,,,,,,,,,,,,,,116.0,100,116.3,100,,,,,,,,,,,,,,,,
2026-07-02T10:02:34.080529+00:00,2026-07-02T10:02:34.080379,2,2,115.9,0.2,115.8,100,115.5,153,,,,,,,,,,,,,,,,,116.0,100,116.3,100,,,,,,,,,,,,,,,,
2026-07-02T10:02:34.222703+00:00,2026-07-02T10:02:34.222574,1,1,115.75,0.5,115.5,153,,,,,,,,,,,,,,,,,,,116.0,100,,,,,,,,,,,,,,,,,,
2026-07-02T10:02:34.276318+00:00,2026-07-02T10:02:34.276161,1,1,115.75,0.5,115.5,253,,,,,,,,,,,,,,,,,,,116.0,100,,,,,,,,,,,,,,,,,,
2026-07-02T10:02:34.325765+00:00,2026-07-02T10:02:34.325664,1,1,115.75,0.5,115.5,253,,,,,,,,,,,,,,,,,,,116.0,200,,,,,,,,,,,,,,,,,,
2026-07-02T10:02:34.384517+00:00,2026-07-02T10:02:34.384414,1,1,115.75,0.5,115.5,253,,,,,,,,,,,,,,,,,,,116.0,150,,,,,,,,,,,,,,,,,,
2026-07-02T10:02:35.064090+00:00,2026-07-02T10:02:35.064035,1,1,115.75,0.5,115.5,253,,,,,,,,,,,,,,,,,,,116.0,109,,,,,,,,,,,,,,,,,,
2026-07-02T10:02:35.147196+00:00,2026-07-02T10:02:35.147120,1,1,115.75,0.5,115.5,252,,,,,,,,,,,,,,,,,,,116.0,109,,,,,,,,,,,,,,,,,,
2026-07-02T10:02:35.256981+00:00,2026-07-02T10:02:35.256916,1,1,115.75,0.5,115.5,102,,,,,,,,,,,,,,,,,,,116.0,100,,,,,,,,,,,,,,,,,,
2026-07-02T10:02:35.310353+00:00,2026-07-02T10:02:35.310292,2,1,115.9,0.2,115.8,150,115.5,102,,,,,,,,,,,,,,,,,116.0,100,,,,,,,,,,,,,,,,,,
2026-07-02T10:02:35.363838+00:00,2026-07-02T10:02:35.363723,2,2,115.9,0.2,115.8,150,115.5,102,,,,,,,,,,,,,,,,,116.0,100,116.3,150,,,,,,,,,,,,,,,,
2026-07-02T10:02:36.069084+00:00,2026-07-02T10:02:36.069218,2,2,115.9,0.2,115.8,150,115.5,101,,,,,,,,,,,,,,,,,116.0,100,116.3,150,,,,,,,,,,,,,,,,
2026-07-02T10:02:36.658670+00:00,2026-07-02T10:02:36.654688,2,2,115.9,0.2,115.8,110,115.5,101,,,,,,,,,,,,,,,,,116.0,100,116.3,150,,,,,,,,,,,,,,,,
2026-07-02T10:02:36.668979+00:00,2026-07-02T10:02:36.669067,2,2,115.9,0.2,115.8,110,115.5,100,,,,,,,,,,,,,,,,,116.0,100,116.3,150,,,,,,,,,,,,,,,,
2026-07-02T10:02:37.383028+00:00,2026-07-02T10:02:37.382964,1,1,116.05,0.5,115.8,110,,,,,,,,,,,,,,,,,,,116.3,150,,,,,,,,,,,,,,,,,,
2026-07-02T10:02:37.447135+00:00,2026-07-02T10:02:37.446982,2,1,116.05,0.5,115.8,110,115.5,100,,,,,,,,,,,,,,,,,116.3,150,,,,,,,,,,,,,,,,,,
2026-07-02T10:02:37.491697+00:00,2026-07-02T10:02:37.491600,2,2,115.9,0.2,115.8,110,115.5,100,,,,,,,,,,,,,,,,,116.0,100,116.3,150,,,,,,,,,,,,,,,,
2026-07-02T10:02:38.416839+00:00,2026-07-02T10:02:38.416973,1,1,115.75,0.5,115.5,100,,,,,,,,,,,,,,,,,,,116.0,100,,,,,,,,,,,,,,,,,,
2026-07-02T10:02:38.472376+00:00,2026-07-02T10:02:38.472284,2,1,115.9,0.2,115.8,150,115.5,100,,,,,,,,,,,,,,,,,116.0,100,,,,,,,,,,,,,,,,,,
2026-07-02T10:02:38.524976+00:00,2026-07-02T10:02:38.524897,2,2,115.9,0.2,115.8,150,115.5,100,,,,,,,,,,,,,,,,,116.0,100,116.3,150,,,,,,,,,,,,,,,,
2026-07-02T10:02:38.971713+00:00,2026-07-02T10:02:38.971669,2,2,115.9,0.2,115.8,150,115.5,100,,,,,,,,,,,,,,,,,116.0,103,116.3,150,,,,,,,,,,,,,,,,
2026-07-02T10:02:39.079818+00:00,2026-07-02T10:02:39.079701,3,2,115.9,0.2,115.8,150,115.7,2,115.5,100,,,,,,,,,,,,,,,116.0,103,116.3,150,,,,,,,,,,,,,,,,
2026-07-02T10:02:39.127620+00:00,2026-07-02T10:02:39.127567,3,2,115.9,0.2,115.8,150,115.7,2,115.5,100,,,,,,,,,,,,,,,116.0,102,116.3,150,,,,,,,,,,,,,,,,
2026-07-02T10:02:39.293549+00:00,2026-07-02T10:02:39.293428,3,2,115.9,0.2,115.8,150,115.7,2,115.5,100,,,,,,,,,,,,,,,116.0,59,116.3,150,,,,,,,,,,,,,,,,
2026-07-02T10:02:40.547621+00:00,2026-07-02T10:02:40.547476,2,2,115.9,0.2,115.8,150,115.7,2,,,,,,,,,,,,,,,,,116.0,2,116.3,150,,,,,,,,,,,,,,,,
2026-07-02T10:02:40.601724+00:00,2026-07-02T10:02:40.601681,2,2,115.9,0.2,115.8,150,115.7,102,,,,,,,,,,,,,,,,,116.0,2,116.3,150,,,,,,,,,,,,,,,,
2026-07-02T10:02:40.651887+00:00,2026-07-02T10:02:40.651759,2,3,115.9,0.2,115.8,150,115.7,102,,,,,,,,,,,,,,,,,116.0,2,116.2,100,116.3,150,,,,,,,,,,,,,,
2026-07-02T10:02:40.699639+00:00,2026-07-02T10:02:40.699512,2,2,116.0,0.4,115.8,150,115.7,102,,,,,,,,,,,,,,,,,116.2,52,116.3,150,,,,,,,,,,,,,,,,
2026-07-02T10:02:40.819045+00:00,2026-07-02T10:02:40.818916,2,2,116.0,0.4,115.8,150,115.7,101,,,,,,,,,,,,,,,,,116.2,52,116.3,150,,,,,,,,,,,,,,,,
2026-07-02T10:02:41.444870+00:00,2026-07-02T10:02:41.444696,2,3,115.9,0.2,115.8,150,115.7,101,,,,,,,,,,,,,,,,,116.0,4,116.2,52,116.3,150,,,,,,,,,,,,,,
2026-07-02T10:02:41.578574+00:00,2026-07-02T10:02:41.578455,1,2,115.85,0.3,115.7,101,,,,,,,,,,,,,,,,,,,116.0,4,116.2,52,,,,,,,,,,,,,,,,
2026-07-02T10:02:41.633085+00:00,2026-07-02T10:02:41.633001,1,2,115.85,0.3,115.7,251,,,,,,,,,,,,,,,,,,,116.0,4,116.2,52,,,,,,,,,,,,,,,,
2026-07-02T10:02:41.682974+00:00,2026-07-02T10:02:41.682892,1,2,115.85,0.3,115.7,251,,,,,,,,,,,,,,,,,,,116.0,4,116.2,202,,,,,,,,,,,,,,,,
2026-07-02T10:02:42.273873+00:00,2026-07-02T10:02:42.273661,1,1,115.95,0.5,115.7,251,,,,,,,,,,,,,,,,,,,116.2,162,,,,,,,,,,,,,,,,,,
2026-07-02T10:02:42.296648+00:00,2026-07-02T10:02:42.296605,1,2,115.85,0.3,115.7,251,,,,,,,,,,,,,,,,,,,116.0,4,116.2,162,,,,,,,,,,,,,,,,
2026-07-02T10:02:42.328756+00:00,2026-07-02T10:02:42.328933,1,2,115.85,0.3,115.7,210,,,,,,,,,,,,,,,,,,,116.0,4,116.2,162,,,,,,,,,,,,,,,,
2026-07-02T10:02:42.390291+00:00,2026-07-02T10:02:42.390151,1,2,115.85,0.3,115.7,211,,,,,,,,,,,,,,,,,,,116.0,4,116.2,162,,,,,,,,,,,,,,,,
2026-07-02T10:02:42.810231+00:00,2026-07-02T10:02:42.810089,1,1,115.95,0.5,115.7,211,,,,,,,,,,,,,,,,,,,116.2,116,,,,,,,,,,,,,,,,,,
2026-07-02T10:02:42.885731+00:00,2026-07-02T10:02:42.885661,1,1,115.95,0.5,115.7,210,,,,,,,,,,,,,,,,,,,116.2,68,,,,,,,,,,,,,,,,,,
2026-07-02T10:02:43.704990+00:00,2026-07-02T10:02:43.704927,1,1,115.95,0.5,115.7,150,,,,,,,,,,,,,,,,,,,116.2,68,,,,,,,,,,,,,,,,,,
2026-07-02T10:02:43.758617+00:00,2026-07-02T10:02:43.758219,2,1,116.05,0.3,115.9,100,115.7,150,,,,,,,,,,,,,,,,,116.2,68,,,,,,,,,,,,,,,,,,
2026-07-02T10:02:43.811867+00:00,2026-07-02T10:02:43.811776,2,2,116.05,0.3,115.9,100,115.7,150,,,,,,,,,,,,,,,,,116.2,68,116.4,100,,,,,,,,,,,,,,,,
2026-07-02T10:02:44.568393+00:00,2026-07-02T10:02:44.568201,2,2,116.05,0.3,115.9,54,115.7,150,,,,,,,,,,,,,,,,,116.2,68,116.4,100,,,,,,,,,,,,,,,,
2026-07-02T10:02:44.738467+00:00,2026-07-02T10:02:44.738442,1,1,116.15,0.5,115.9,54,,,,,,,,,,,,,,,,,,,116.4,100,,,,,,,,,,,,,,,,,,
2026-07-02T10:02:44.812824+00:00,2026-07-02T10:02:44.806385,2,1,116.2,0.4,116.0,147,115.9,54,,,,,,,,,,,,,,,,,116.4,100,,,,,,,,,,,,,,,,,,
2026-07-02T10:02:44.857351+00:00,2026-07-02T10:02:44.857280,2,2,116.2,0.4,116.0,147,115.9,54,,,,,,,,,,,,,,,,,116.4,100,116.5,150,,,,,,,,,,,,,,,,
2026-07-02T10:02:44.918339+00:00,2026-07-02T10:02:44.918286,2,3,116.05,0.1,116.0,147,115.9,54,,,,,,,,,,,,,,,,,116.1,5,116.4,100,116.5,150,,,,,,,,,,,,,,
2026-07-02T10:02:44.934600+00:00,2026-07-02T10:02:44.934464,2,3,116.05,0.1,116.0,122,115.9,54,,,,,,,,,,,,,,,,,116.1,5,116.4,100,116.5,150,,,,,,,,,,,,,,
2026-07-02T10:02:44.969202+00:00,2026-07-02T10:02:44.969088,2,3,116.05,0.1,116.0,72,115.9,54,,,,,,,,,,,,,,,,,116.1,5,116.4,100,116.5,150,,,,,,,,,,,,,,
2026-07-02T10:02:45.144982+00:00,2026-07-02T10:02:45.144866,2,3,116.05,0.1,116.0,47,115.9,54,,,,,,,,,,,,,,,,,116.1,5,116.4,100,116.5,150,,,,,,,,,,,,,,
2026-07-02T10:02:45.351595+00:00,2026-07-02T10:02:45.351470,2,3,116.05,0.1,116.0,22,115.9,54,,,,,,,,,,,,,,,,,116.1,5,116.4,100,116.5,150,,,,,,,,,,,,,,
2026-07-02T10:02:45.558632+00:00,2026-07-02T10:02:45.555692,1,3,116.0,0.2,115.9,54,,,,,,,,,,,,,,,,,,,116.1,5,116.4,100,116.5,150,,,,,,,,,,,,,,
2026-07-02T10:02:45.849436+00:00,2026-07-02T10:02:45.842156,0,3,,,,,,,,,,,,,,,,,,,,,,,116.1,5,116.4,100,116.5,150,,,,,,,,,,,,,,
2026-07-02T10:02:46.869857+00:00,2026-07-02T10:02:46.869808,0,2,,,,,,,,,,,,,,,,,,,,,,,116.1,5,116.5,150,,,,,,,,,,,,,,,,
2026-07-02T10:02:46.919137+00:00,2026-07-02T10:02:46.919092,1,2,115.7,0.8,115.3,100,,,,,,,,,,,,,,,,,,,116.1,5,116.5,150,,,,,,,,,,,,,,,,
2026-07-02T10:02:46.975245+00:00,2026-07-02T10:02:46.975131,1,3,115.55,0.5,115.3,100,,,,,,,,,,,,,,,,,,,115.8,100,116.1,5,116.5,150,,,,,,,,,,,,,,
2026-07-02T10:02:47.912389+00:00,2026-07-02T10:02:47.912225,1,2,115.55,0.5,115.3,100,,,,,,,,,,,,,,,,,,,115.8,100,116.1,5,,,,,,,,,,,,,,,,
2026-07-02T10:02:47.974092+00:00,2026-07-02T10:02:47.974025,1,2,115.55,0.5,115.3,250,,,,,,,,,,,,,,,,,,,115.8,100,116.1,5,,,,,,,,,,,,,,,,
2026-07-02T10:02:48.029260+00:00,2026-07-02T10:02:48.029360,1,2,115.55,0.5,115.3,250,,,,,,,,,,,,,,,,,,,115.8,250,116.1,5,,,,,,,,,,,,,,,,
2026-07-02T10:02:48.087677+00:00,2026-07-02T10:02:48.087533,1,2,115.55,0.5,115.3,250,,,,,,,,,,,,,,,,,,,115.8,250,116.1,4,,,,,,,,,,,,,,,,
2026-07-02T10:02:48.847217+00:00,2026-07-02T10:02:48.847169,1,2,115.55,0.5,115.3,250,,,,,,,,,,,,,,,,,,,115.8,206,116.1,4,,,,,,,,,,,,,,,,
2026-07-02T10:02:49.131608+00:00,2026-07-02T10:02:49.131502,1,2,115.55,0.5,115.3,250,,,,,,,,,,,,,,,,,,,115.8,156,116.1,4,,,,,,,,,,,,,,,,
2026-07-02T10:02:49.307070+00:00,2026-07-02T10:02:49.307007,1,2,115.55,0.5,115.3,207,,,,,,,,,,,,,,,,,,,115.8,156,116.1,4,,,,,,,,,,,,,,,,
2026-07-02T10:02:50.030642+00:00,2026-07-02T10:02:50.030616,1,2,115.55,0.5,115.3,150,,,,,,,,,,,,,,,,,,,115.8,150,116.1,4,,,,,,,,,,,,,,,,
2026-07-02T10:02:50.085235+00:00,2026-07-02T10:02:50.085335,2,2,115.65,0.3,115.5,100,115.3,150,,,,,,,,,,,,,,,,,115.8,150,116.1,4,,,,,,,,,,,,,,,,
2026-07-02T10:02:50.133603+00:00,2026-07-02T10:02:50.133712,2,3,115.65,0.3,115.5,100,115.3,150,,,,,,,,,,,,,,,,,115.8,150,116.0,100,116.1,4,,,,,,,,,,,,,,
2026-07-02T10:02:51.084373+00:00,2026-07-02T10:02:51.084252,1,2,115.75,0.5,115.5,100,,,,,,,,,,,,,,,,,,,116.0,100,116.1,4,,,,,,,,,,,,,,,,
2026-07-02T10:02:51.136097+00:00,2026-07-02T10:02:51.136015,2,2,115.75,0.5,115.5,100,115.2,150,,,,,,,,,,,,,,,,,116.0,100,116.1,4,,,,,,,,,,,,,,,,
2026-07-02T10:02:51.204067+00:00,2026-07-02T10:02:51.197155,2,3,115.6,0.2,115.5,100,115.2,150,,,,,,,,,,,,,,,,,115.7,147,116.0,100,116.1,4,,,,,,,,,,,,,,
2026-07-02T10:02:51.238032+00:00,2026-07-02T10:02:51.238230,2,3,115.6,0.2,115.5,100,115.2,150,,,,,,,,,,,,,,,,,115.7,97,116.0,100,116.1,4,,,,,,,,,,,,,,
2026-07-02T10:02:51.392945+00:00,2026-07-02T10:02:51.392889,2,3,115.6,0.2,115.5,100,115.2,150,,,,,,,,,,,,,,,,,115.7,97,116.0,100,116.1,3,,,,,,,,,,,,,,
2026-07-02T10:02:51.410911+00:00,2026-07-02T10:02:51.410841,2,2,115.6,0.2,115.5,100,115.2,150,,,,,,,,,,,,,,,,,115.7,97,116.0,100,,,,,,,,,,,,,,,,
2026-07-02T10:02:52.358663+00:00,2026-07-02T10:02:52.354517,2,2,115.6,0.2,115.5,52,115.2,150,,,,,,,,,,,,,,,,,115.7,97,116.0,100,,,,,,,,,,,,,,,,
2026-07-02T10:02:53.193015+00:00,2026-07-02T10:02:53.192871,1,1,115.45,0.5,115.2,150,,,,,,,,,,,,,,,,,,,115.7,97,,,,,,,,,,,,,,,,,,
2026-07-02T10:02:53.248199+00:00,2026-07-02T10:02:53.248316,2,1,115.6,0.2,115.5,100,115.2,150,,,,,,,,,,,,,,,,,115.7,97,,,,,,,,,,,,,,,,,,
2026-07-02T10:02:53.300156+00:00,2026-07-02T10:02:53.300041,2,2,115.6,0.2,115.5,100,115.2,150,,,,,,,,,,,,,,,,,115.7,97,116.0,100,,,,,,,,,,,,,,,,
2026-07-02T10:02:53.347410+00:00,2026-07-02T10:02:53.347331,2,2,115.6,0.2,115.5,100,115.2,150,,,,,,,,,,,,,,,,,115.7,47,116.0,100,,,,,,,,,,,,,,,,
2026-07-02T10:02:54.158639+00:00,2026-07-02T10:02:54.158433,3,2,115.65,0.1,115.6,3,115.5,100,115.2,150,,,,,,,,,,,,,,,115.7,47,116.0,100,,,,,,,,,,,,,,,,
2026-07-02T10:02:54.248131+00:00,2026-07-02T10:02:54.248313,2,1,115.8,0.4,115.6,3,115.5,100,,,,,,,,,,,,,,,,,116.0,100,,,,,,,,,,,,,,,,,,
2026-07-02T10:02:54.305082+00:00,2026-07-02T10:02:54.304957,2,1,115.8,0.4,115.6,153,115.5,100,,,,,,,,,,,,,,,,,116.0,100,,,,,,,,,,,,,,,,,,
2026-07-02T10:02:54.363870+00:00,2026-07-02T10:02:54.363834,2,2,115.8,0.4,115.6,153,115.5,100,,,,,,,,,,,,,,,,,116.0,100,116.1,150,,,,,,,,,,,,,,,,
2026-07-02T10:02:55.293260+00:00,2026-07-02T10:02:55.293139,2,2,115.8,0.4,115.6,152,115.5,100,,,,,,,,,,,,,,,,,116.0,100,116.1,150,,,,,,,,,,,,,,,,
2026-07-02T10:02:56.185989+00:00,2026-07-02T10:02:56.185745,2,2,115.8,0.4,115.6,151,115.5,100,,,,,,,,,,,,,,,,,116.0,100,116.1,150,,,,,,,,,,,,,,,,
2026-07-02T10:02:56.356514+00:00,2026-07-02T10:02:56.356452,1,1,115.85,0.5,115.6,151,,,,,,,,,,,,,,,,,,,116.1,150,,,,,,,,,,,,,,,,,,
2026-07-02T10:02:56.407522+00:00,2026-07-02T10:02:56.407612,2,1,115.85,0.5,115.6,151,115.5,100,,,,,,,,,,,,,,,,,116.1,150,,,,,,,,,,,,,,,,,,
2026-07-02T10:02:56.459343+00:00,2026-07-02T10:02:56.459299,2,2,115.8,0.4,115.6,151,115.5,100,,,,,,,,,,,,,,,,,116.0,100,116.1,150,,,,,,,,,,,,,,,,
2026-07-02T10:02:57.419404+00:00,2026-07-02T10:02:57.419284,2,1,115.8,0.4,115.6,1,115.5,100,,,,,,,,,,,,,,,,,116.0,100,,,,,,,,,,,,,,,,,,
2026-07-02T10:02:57.474977+00:00,2026-07-02T10:02:57.474928,3,1,115.9,0.2,115.8,150,115.6,1,115.5,100,,,,,,,,,,,,,,,116.0,100,,,,,,,,,,,,,,,,,,
2026-07-02T10:02:57.528689+00:00,2026-07-02T10:02:57.528559,3,2,115.9,0.2,115.8,150,115.6,1,115.5,100,,,,,,,,,,,,,,,116.0,100,116.3,150,,,,,,,,,,,,,,,,
2026-07-02T10:02:58.973855+00:00,2026-07-02T10:02:58.967542,3,2,115.9,0.2,115.8,147,115.6,1,115.5,100,,,,,,,,,,,,,,,116.0,100,116.3,150,,,,,,,,,,,,,,,,
2026-07-02T10:02:58.994527+00:00,2026-07-02T10:02:58.994423,3,2,115.9,0.2,115.8,122,115.6,1,115.5,100,,,,,,,,,,,,,,,116.0,100,116.3,150,,,,,,,,,,,,,,,,
2026-07-02T10:02:59.206916+00:00,2026-07-02T10:02:59.206850,3,2,115.9,0.2,115.8,97,115.6,1,115.5,100,,,,,,,,,,,,,,,116.0,100,116.3,150,,,,,,,,,,,,,,,,
2026-07-02T10:02:59.415446+00:00,2026-07-02T10:02:59.415570,3,2,115.9,0.2,115.8,72,115.6,1,115.5,100,,,,,,,,,,,,,,,116.0,100,116.3,150,,,,,,,,,,,,,,,,
2026-07-02T10:02:59.517762+00:00,2026-07-02T10:02:59.517651,2,1,116.05,0.5,115.8,72,115.6,1,,,,,,,,,,,,,,,,,116.3,150,,,,,,,,,,,,,,,,,,
2026-07-02T10:02:59.569913+00:00,2026-07-02T10:02:59.569767,3,1,116.05,0.5,115.8,72,115.6,1,115.4,100,,,,,,,,,,,,,,,116.3,150,,,,,,,,,,,,,,,,,,
2026-07-02T10:02:59.624070+00:00,2026-07-02T10:02:59.624031,3,2,115.85,0.1,115.8,47,115.6,1,115.4,100,,,,,,,,,,,,,,,115.9,100,116.3,150,,,,,,,,,,,,,,,,
2026-07-02T10:03:00.285248+00:00,2026-07-02T10:03:00.275191,2,2,115.75,0.3,115.6,1,115.4,100,,,,,,,,,,,,,,,,,115.9,100,116.3,150,,,,,,,,,,,,,,,,
2026-07-02T10:03:00.579972+00:00,2026-07-02T10:03:00.579863,2,1,115.75,0.3,115.6,1,115.4,100,,,,,,,,,,,,,,,,,115.9,100,,,,,,,,,,,,,,,,,,
2026-07-02T10:03:00.634919+00:00,2026-07-02T10:03:00.634881,3,1,115.75,0.3,115.6,1,115.4,100,114.9,150,,,,,,,,,,,,,,,115.9,100,,,,,,,,,,,,,,,,,,
2026-07-02T10:03:00.703660+00:00,2026-07-02T10:03:00.697227,1,2,115.15,0.5,114.9,150,,,,,,,,,,,,,,,,,,,115.4,46,115.9,100,,,,,,,,,,,,,,,,
2026-07-02T10:03:01.248755+00:00,2026-07-02T10:03:01.248633,1,2,115.15,0.5,114.9,150,,,,,,,,,,,,,,,,,,,115.4,39,115.9,100,,,,,,,,,,,,,,,,
2026-07-02T10:03:01.591103+00:00,2026-07-02T10:03:01.584573,1,1,115.4,1.0,114.9,150,,,,,,,,,,,,,,,,,,,115.9,100,,,,,,,,,,,,,,,,,,
2026-07-02T10:03:01.833894+00:00,2026-07-02T10:03:01.833818,1,1,115.4,1.0,114.9,100,,,,,,,,,,,,,,,,,,,115.9,100,,,,,,,,,,,,,,,,,,
2026-07-02T10:03:02.036867+00:00,2026-07-02T10:03:02.036801,1,1,115.4,1.0,114.9,100,,,,,,,,,,,,,,,,,,,115.9,53,,,,,,,,,,,,,,,,,,
2026-07-02T10:03:02.677367+00:00,2026-07-02T10:03:02.677327,1,0,,,114.9,100,,,,,,,,,,,,,,,,,,,,,,,,,,,,,,,,,,,,,,
2026-07-02T10:03:02.731434+00:00,2026-07-02T10:03:02.731323,2,0,,,115.4,100,114.9,100,,,,,,,,,,,,,,,,,,,,,,,,,,,,,,,,,,,,
2026-07-02T10:03:02.785099+00:00,2026-07-02T10:03:02.785066,2,1,115.65,0.5,115.4,100,114.9,100,,,,,,,,,,,,,,,,,115.9,100,,,,,,,,,,,,,,,,,,
2026-07-02T10:03:03.058585+00:00,2026-07-02T10:03:03.056158,2,1,115.65,0.5,115.4,100,114.9,100,,,,,,,,,,,,,,,,,115.9,75,,,,,,,,,,,,,,,,,,
2026-07-02T10:03:03.268884+00:00,2026-07-02T10:03:03.268820,2,1,115.65,0.5,115.4,100,114.9,100,,,,,,,,,,,,,,,,,115.9,50,,,,,,,,,,,,,,,,,,
2026-07-02T10:03:03.479471+00:00,2026-07-02T10:03:03.479365,2,1,115.65,0.5,115.4,100,114.9,100,,,,,,,,,,,,,,,,,115.9,25,,,,,,,,,,,,,,,,,,
2026-07-02T10:03:03.691972+00:00,2026-07-02T10:03:03.691912,2,0,,,115.4,100,114.9,100,,,,,,,,,,,,,,,,,,,,,,,,,,,,,,,,,,,,
2026-07-02T10:03:03.746933+00:00,2026-07-02T10:03:03.746883,1,0,,,115.4,100,,,,,,,,,,,,,,,,,,,,,,,,,,,,,,,,,,,,,,
2026-07-02T10:03:03.795567+00:00,2026-07-02T10:03:03.795517,2,0,,,115.8,150,115.4,100,,,,,,,,,,,,,,,,,,,,,,,,,,,,,,,,,,,,
2026-07-02T10:03:03.861737+00:00,2026-07-02T10:03:03.851771,2,1,116.05,0.5,115.8,150,115.4,100,,,,,,,,,,,,,,,,,116.3,150,,,,,,,,,,,,,,,,,,
2026-07-02T10:03:03.939577+00:00,2026-07-02T10:03:03.939504,2,1,116.05,0.5,115.8,100,115.4,100,,,,,,,,,,,,,,,,,116.3,150,,,,,,,,,,,,,,,,,,
2026-07-02T10:03:04.241675+00:00,2026-07-02T10:03:04.241817,2,1,116.05,0.5,115.8,100,115.4,100,,,,,,,,,,,,,,,,,116.3,107,,,,,,,,,,,,,,,,,,
2026-07-02T10:03:05.265680+00:00,2026-07-02T10:03:05.265593,3,1,116.05,0.5,115.8,100,115.6,6,115.4,100,,,,,,,,,,,,,,,116.3,107,,,,,,,,,,,,,,,,,,
2026-07-02T10:03:05.813923+00:00,2026-07-02T10:03:05.813789,3,1,116.05,0.5,115.8,52,115.6,6,115.4,100,,,,,,,,,,,,,,,116.3,107,,,,,,,,,,,,,,,,,,
2026-07-02T10:03:05.840928+00:00,2026-07-02T10:03:05.840841,2,1,116.05,0.5,115.8,52,115.6,6,,,,,,,,,,,,,,,,,116.3,107,,,,,,,,,,,,,,,,,,
2026-07-02T10:03:05.893207+00:00,2026-07-02T10:03:05.893325,2,1,116.05,0.5,115.8,152,115.6,6,,,,,,,,,,,,,,,,,116.3,107,,,,,,,,,,,,,,,,,,
2026-07-02T10:03:05.946808+00:00,2026-07-02T10:03:05.946924,2,1,116.05,0.5,115.8,152,115.6,6,,,,,,,,,,,,,,,,,116.3,207,,,,,,,,,,,,,,,,,,
2026-07-02T10:03:06.058535+00:00,2026-07-02T10:03:06.055369,2,1,116.05,0.5,115.8,102,115.6,6,,,,,,,,,,,,,,,,,116.3,207,,,,,,,,,,,,,,,,,,
2026-07-02T10:03:06.758641+00:00,2026-07-02T10:03:06.757844,2,1,116.05,0.5,115.8,102,115.6,6,,,,,,,,,,,,,,,,,116.3,163,,,,,,,,,,,,,,,,,,
