recv_time,book_timestamp,n_bids,n_asks,mid,spread,bid_px_0,bid_vol_0,bid_px_1,bid_vol_1,bid_px_2,bid_vol_2,bid_px_3,bid_vol_3,bid_px_4,bid_vol_4,bid_px_5,bid_vol_5,bid_px_6,bid_vol_6,bid_px_7,bid_vol_7,bid_px_8,bid_vol_8,bid_px_9,bid_vol_9,ask_px_0,ask_vol_0,ask_px_1,ask_vol_1,ask_px_2,ask_vol_2,ask_px_3,ask_vol_3,ask_px_4,ask_vol_4,ask_px_5,ask_vol_5,ask_px_6,ask_vol_6,ask_px_7,ask_vol_7,ask_px_8,ask_vol_8,ask_px_9,ask_vol_9
2026-07-10T00:00:00.005835+00:00,2026-07-10T00:00:00.005783,2,3,109.7,0.4,109.5,154,109.4,100,,,,,,,,,,,,,,,,,109.9,40,110.0,150,110.4,40,,,,,,,,,,,,,,
2026-07-10T00:00:00.277223+00:00,2026-07-10T00:00:00.258933,2,2,109.75,0.5,109.5,154,109.4,100,,,,,,,,,,,,,,,,,110.0,141,110.4,40,,,,,,,,,,,,,,,,
2026-07-10T00:00:00.411844+00:00,2026-07-10T00:00:00.412442,2,3,109.75,0.5,109.5,154,109.4,100,,,,,,,,,,,,,,,,,110.0,141,110.1,5,110.4,40,,,,,,,,,,,,,,
2026-07-10T00:00:00.547042+00:00,2026-07-10T00:00:00.527748,2,3,109.75,0.5,109.5,154,109.4,100,,,,,,,,,,,,,,,,,110.0,145,110.1,5,110.4,40,,,,,,,,,,,,,,
2026-07-10T00:00:01.558643+00:00,2026-07-10T00:00:01.558084,2,3,109.75,0.5,109.5,154,109.4,100,,,,,,,,,,,,,,,,,110.0,145,110.1,5,110.4,40,,,,,,,,,,,,,,
2026-07-10T00:00:01.874934+00:00,2026-07-10T00:00:01.875083,1,3,109.75,0.5,109.5,4,,,,,,,,,,,,,,,,,,,110.0,4,110.1,5,110.4,40,,,,,,,,,,,,,,
2026-07-10T00:00:01.926346+00:00,2026-07-10T00:00:01.926287,2,3,109.95,0.1,109.9,100,109.5,4,,,,,,,,,,,,,,,,,110.0,4,110.1,5,110.4,40,,,,,,,,,,,,,,
2026-07-10T00:00:01.931513+00:00,2026-07-10T00:00:01.931455,3,3,109.95,0.1,109.9,100,109.7,150,109.5,4,,,,,,,,,,,,,,,110.0,4,110.1,5,110.4,40,,,,,,,,,,,,,,
2026-07-10T00:00:01.980268+00:00,2026-07-10T00:00:01.980206,3,4,109.95,0.1,109.9,100,109.7,150,109.5,4,,,,,,,,,,,,,,,110.0,4,110.1,5,110.2,150,110.4,140,,,,,,,,,,,,
2026-07-10T00:00:02.117182+00:00,2026-07-10T00:00:02.117094,3,2,110.05,0.3,109.9,100,109.7,150,109.5,4,,,,,,,,,,,,,,,110.2,109,110.4,140,,,,,,,,,,,,,,,,
2026-07-10T00:00:02.157816+00:00,2026-07-10T00:00:02.158380,3,3,110.0,0.2,109.9,100,109.7,150,109.5,4,,,,,,,,,,,,,,,110.1,5,110.2,109,110.4,140,,,,,,,,,,,,,,
2026-07-10T00:00:02.589227+00:00,2026-07-10T00:00:02.581841,2,3,110.0,0.2,109.9,104,109.7,150,,,,,,,,,,,,,,,,,110.1,9,110.2,109,110.4,140,,,,,,,,,,,,,,
2026-07-10T00:00:03.118343+00:00,2026-07-10T00:00:03.118232,2,3,110.0,0.2,109.9,104,109.7,150,,,,,,,,,,,,,,,,,110.1,7,110.2,109,110.4,140,,,,,,,,,,,,,,
2026-07-10T00:00:03.608743+00:00,2026-07-10T00:00:03.608673,2,3,110.0,0.2,109.9,100,109.7,150,,,,,,,,,,,,,,,,,110.1,3,110.2,109,110.4,140,,,,,,,,,,,,,,
2026-07-10T00:00:03.613924+00:00,2026-07-10T00:00:03.613837,2,3,110.0,0.2,109.9,104,109.7,150,,,,,,,,,,,,,,,,,110.1,3,110.2,109,110.4,140,,,,,,,,,,,,,,
2026-07-10T00:00:03.619137+00:00,2026-07-10T00:00:03.618998,2,3,110.0,0.2,109.9,104,109.7,150,,,,,,,,,,,,,,,,,110.1,7,110.2,109,110.4,140,,,,,,,,,,,,,,
2026-07-10T00:00:03.863882+00:00,2026-07-10T00:00:03.863827,2,3,110.0,0.2,109.9,104,109.7,150,,,,,,,,,,,,,,,,,110.1,6,110.2,109,110.4,140,,,,,,,,,,,,,,
2026-07-10T00:00:04.227395+00:00,2026-07-10T00:00:04.227271,2,2,110.05,0.3,109.9,104,109.7,150,,,,,,,,,,,,,,,,,110.2,65,110.4,140,,,,,,,,,,,,,,,,
2026-07-10T00:00:04.658803+00:00,2026-07-10T00:00:04.658709,2,2,110.05,0.3,109.9,104,109.7,150,,,,,,,,,,,,,,,,,110.2,65,110.4,140,,,,,,,,,,,,,,,,
2026-07-10T00:00:04.663908+00:00,2026-07-10T00:00:04.663869,2,2,110.05,0.3,109.9,104,109.7,150,,,,,,,,,,,,,,,,,110.2,69,110.4,140,,,,,,,,,,,,,,,,
2026-07-10T00:00:05.032279+00:00,2026-07-10T00:00:05.032188,2,2,110.05,0.3,109.9,104,109.7,150,,,,,,,,,,,,,,,,,110.2,69,110.4,40,,,,,,,,,,,,,,,,
2026-07-10T00:00:05.037273+00:00,2026-07-10T00:00:05.037429,1,2,110.05,0.3,109.9,4,,,,,,,,,,,,,,,,,,,110.2,4,110.4,40,,,,,,,,,,,,,,,,
2026-07-10T00:00:05.094123+00:00,2026-07-10T00:00:05.087570,2,2,110.15,0.1,110.1,150,109.9,104,,,,,,,,,,,,,,,,,110.2,4,110.4,40,,,,,,,,,,,,,,,,
2026-07-10T00:00:05.144348+00:00,2026-07-10T00:00:05.144263,2,2,110.15,0.1,110.1,150,109.9,104,,,,,,,,,,,,,,,,,110.2,4,110.4,140,,,,,,,,,,,,,,,,
2026-07-10T00:00:05.149510+00:00,2026-07-10T00:00:05.149444,2,3,110.15,0.1,110.1,150,109.9,104,,,,,,,,,,,,,,,,,110.2,4,110.4,140,110.6,150,,,,,,,,,,,,,,
2026-07-10T00:00:05.169190+00:00,2026-07-10T00:00:05.169049,2,3,110.15,0.1,110.1,150,109.9,104,,,,,,,,,,,,,,,,,110.2,4,110.4,100,110.6,150,,,,,,,,,,,,,,
2026-07-10T00:00:05.174472+00:00,2026-07-10T00:00:05.174287,2,3,110.15,0.1,110.1,150,109.9,104,,,,,,,,,,,,,,,,,110.2,4,110.4,100,110.6,190,,,,,,,,,,,,,,
2026-07-10T00:00:05.699330+00:00,2026-07-10T00:00:05.698349,2,3,110.15,0.1,110.1,150,109.9,100,,,,,,,,,,,,,,,,,110.2,4,110.4,100,110.6,190,,,,,,,,,,,,,,
2026-07-10T00:00:05.710641+00:00,2026-07-10T00:00:05.710561,2,2,110.25,0.3,110.1,150,109.9,100,,,,,,,,,,,,,,,,,110.4,100,110.6,190,,,,,,,,,,,,,,,,
2026-07-10T00:00:05.715809+00:00,2026-07-10T00:00:05.715739,2,2,110.25,0.3,110.1,154,109.9,100,,,,,,,,,,,,,,,,,110.4,100,110.6,190,,,,,,,,,,,,,,,,
2026-07-10T00:00:05.720979+00:00,2026-07-10T00:00:05.720916,2,3,110.15,0.1,110.1,154,109.9,100,,,,,,,,,,,,,,,,,110.2,4,110.4,100,110.6,190,,,,,,,,,,,,,,
2026-07-10T00:00:06.354664+00:00,2026-07-10T00:00:06.354616,2,2,110.25,0.3,110.1,154,109.9,100,,,,,,,,,,,,,,,,,110.4,54,110.6,190,,,,,,,,,,,,,,,,
2026-07-10T00:00:06.498598+00:00,2026-07-10T00:00:06.498561,2,2,110.25,0.3,110.1,109,109.9,100,,,,,,,,,,,,,,,,,110.4,54,110.6,190,,,,,,,,,,,,,,,,
2026-07-10T00:00:06.538969+00:00,2026-07-10T00:00:06.538930,2,2,110.25,0.3,110.1,109,109.9,100,,,,,,,,,,,,,,,,,110.4,94,110.6,150,,,,,,,,,,,,,,,,
2026-07-10T00:00:06.729531+00:00,2026-07-10T00:00:06.729406,2,2,110.25,0.3,110.1,105,109.9,100,,,,,,,,,,,,,,,,,110.4,94,110.6,150,,,,,,,,,,,,,,,,
2026-07-10T00:00:06.734675+00:00,2026-07-10T00:00:06.734643,2,2,110.25,0.3,110.1,109,109.9,100,,,,,,,,,,,,,,,,,110.4,94,110.6,150,,,,,,,,,,,,,,,,
2026-07-10T00:00:06.750211+00:00,2026-07-10T00:00:06.750095,2,2,110.25,0.3,110.1,109,109.9,100,,,,,,,,,,,,,,,,,110.4,98,110.6,150,,,,,,,,,,,,,,,,
2026-07-10T00:00:07.748770+00:00,2026-07-10T00:00:07.748700,2,3,110.25,0.3,110.1,109,109.9,100,,,,,,,,,,,,,,,,,110.4,58,110.6,150,110.8,40,,,,,,,,,,,,,,
2026-07-10T00:00:07.758635+00:00,2026-07-10T00:00:07.757991,2,3,110.25,0.3,110.1,109,109.9,100,,,,,,,,,,,,,,,,,110.4,58,110.6,150,110.8,40,,,,,,,,,,,,,,
2026-07-10T00:00:08.056196+00:00,2026-07-10T00:00:08.056108,2,2,110.25,0.3,110.1,109,109.9,100,,,,,,,,,,,,,,,,,110.4,58,110.6,190,,,,,,,,,,,,,,,,
2026-07-10T00:00:08.212661+00:00,2026-07-10T00:00:08.212521,1,2,110.25,0.3,110.1,4,,,,,,,,,,,,,,,,,,,110.4,4,110.6,40,,,,,,,,,,,,,,,,
2026-07-10T00:00:08.258544+00:00,2026-07-10T00:00:08.257677,2,2,110.3,0.2,110.2,100,110.1,154,,,,,,,,,,,,,,,,,110.4,4,110.6,40,,,,,,,,,,,,,,,,
2026-07-10T00:00:08.317302+00:00,2026-07-10T00:00:08.317271,2,3,110.3,0.2,110.2,100,110.1,154,,,,,,,,,,,,,,,,,110.4,4,110.6,190,110.7,100,,,,,,,,,,,,,,
2026-07-10T00:00:08.471137+00:00,2026-07-10T00:00:08.471095,2,2,110.4,0.4,110.2,100,110.1,154,,,,,,,,,,,,,,,,,110.6,144,110.7,100,,,,,,,,,,,,,,,,
2026-07-10T00:00:08.517687+00:00,2026-07-10T00:00:08.517588,2,2,110.4,0.4,110.2,140,110.1,154,,,,,,,,,,,,,,,,,110.6,144,110.7,100,,,,,,,,,,,,,,,,
2026-07-10T00:00:08.522919+00:00,2026-07-10T00:00:08.522775,2,3,110.4,0.4,110.2,140,110.1,154,,,,,,,,,,,,,,,,,110.6,144,110.7,100,110.9,40,,,,,,,,,,,,,,
2026-07-10T00:00:08.783043+00:00,2026-07-10T00:00:08.782949,2,3,110.4,0.4,110.2,140,110.1,150,,,,,,,,,,,,,,,,,110.6,144,110.7,100,110.9,40,,,,,,,,,,,,,,
2026-07-10T00:00:08.788236+00:00,2026-07-10T00:00:08.788175,2,3,110.4,0.4,110.2,144,110.1,150,,,,,,,,,,,,,,,,,110.6,148,110.7,100,110.9,40,,,,,,,,,,,,,,
2026-07-10T00:00:08.989340+00:00,2026-07-10T00:00:08.989460,2,3,110.4,0.4,110.2,144,110.1,150,,,,,,,,,,,,,,,,,110.6,148,110.7,100,110.8,40,,,,,,,,,,,,,,
2026-07-10T00:00:09.184863+00:00,2026-07-10T00:00:09.184760,2,3,110.4,0.4,110.2,96,110.1,150,,,,,,,,,,,,,,,,,110.6,148,110.7,100,110.8,40,,,,,,,,,,,,,,
2026-07-10T00:00:09.807929+00:00,2026-07-10T00:00:09.807882,2,3,110.4,0.4,110.2,92,110.1,150,,,,,,,,,,,,,,,,,110.6,148,110.7,100,110.8,40,,,,,,,,,,,,,,
2026-07-10T00:00:09.813148+00:00,2026-07-10T00:00:09.813050,2,3,110.4,0.4,110.2,92,110.1,150,,,,,,,,,,,,,,,,,110.6,144,110.7,100,110.8,40,,,,,,,,,,,,,,
2026-07-10T00:00:09.818294+00:00,2026-07-10T00:00:09.818223,2,3,110.4,0.4,110.2,96,110.1,150,,,,,,,,,,,,,,,,,110.6,144,110.7,100,110.8,40,,,,,,,,,,,,,,
2026-07-10T00:00:09.823470+00:00,2026-07-10T00:00:09.823397,2,3,110.4,0.4,110.2,96,110.1,150,,,,,,,,,,,,,,,,,110.6,148,110.7,100,110.8,40,,,,,,,,,,,,,,
2026-07-10T00:00:10.275234+00:00,2026-07-10T00:00:10.275113,2,3,110.4,0.4,110.2,91,110.1,150,,,,,,,,,,,,,,,,,110.6,148,110.7,100,110.8,40,,,,,,,,,,,,,,
2026-07-10T00:00:10.509930+00:00,2026-07-10T00:00:10.509806,2,3,110.4,0.4,110.2,51,110.1,150,,,,,,,,,,,,,,,,,110.6,148,110.7,100,110.8,40,,,,,,,,,,,,,,
2026-07-10T00:00:10.514891+00:00,2026-07-10T00:00:10.515061,2,3,110.4,0.4,110.2,51,110.1,150,,,,,,,,,,,,,,,,,110.6,148,110.7,100,111.0,40,,,,,,,,,,,,,,
2026-07-10T00:00:10.581634+00:00,2026-07-10T00:00:10.581442,2,3,110.4,0.4,110.2,51,110.1,150,,,,,,,,,,,,,,,,,110.6,98,110.7,100,111.0,40,,,,,,,,,,,,,,
2026-07-10T00:00:10.673475+00:00,2026-07-10T00:00:10.673362,3,2,110.45,0.3,110.3,40,110.2,51,110.1,150,,,,,,,,,,,,,,,110.6,98,110.7,100,,,,,,,,,,,,,,,,
2026-07-10T00:00:10.678616+00:00,2026-07-10T00:00:10.678543,3,3,110.45,0.3,110.3,40,110.2,51,110.1,150,,,,,,,,,,,,,,,110.6,98,110.7,100,110.9,40,,,,,,,,,,,,,,
2026-07-10T00:00:10.848531+00:00,2026-07-10T00:00:10.848434,3,3,110.45,0.3,110.3,40,110.2,47,110.1,150,,,,,,,,,,,,,,,110.6,98,110.7,100,110.9,40,,,,,,,,,,,,,,
2026-07-10T00:00:10.853700+00:00,2026-07-10T00:00:10.853608,3,3,110.45,0.3,110.3,40,110.2,47,110.1,150,,,,,,,,,,,,,,,110.6,94,110.7,100,110.9,40,,,,,,,,,,,,,,
2026-07-10T00:00:10.858947+00:00,2026-07-10T00:00:10.858843,3,3,110.45,0.3,110.3,44,110.2,47,110.1,150,,,,,,,,,,,,,,,110.6,98,110.7,100,110.9,40,,,,,,,,,,,,,,
2026-07-10T00:00:11.371586+00:00,2026-07-10T00:00:11.371500,2,2,110.45,0.3,110.3,44,110.1,150,,,,,,,,,,,,,,,,,110.6,98,110.9,40,,,,,,,,,,,,,,,,
2026-07-10T00:00:11.380945+00:00,2026-07-10T00:00:11.371906,1,2,110.45,0.3,110.3,44,,,,,,,,,,,,,,,,,,,110.6,4,110.9,40,,,,,,,,,,,,,,,,
2026-07-10T00:00:11.424908+00:00,2026-07-10T00:00:11.424800,2,2,110.45,0.3,110.3,44,110.1,100,,,,,,,,,,,,,,,,,110.6,4,110.9,40,,,,,,,,,,,,,,,,
2026-07-10T00:00:11.429894+00:00,2026-07-10T00:00:11.429994,3,2,110.5,0.2,110.4,150,110.3,44,110.1,100,,,,,,,,,,,,,,,110.6,4,110.9,40,,,,,,,,,,,,,,,,
2026-07-10T00:00:11.477851+00:00,2026-07-10T00:00:11.477720,3,2,110.5,0.2,110.4,150,110.3,44,110.1,100,,,,,,,,,,,,,,,110.6,104,110.9,40,,,,,,,,,,,,,,,,
2026-07-10T00:00:11.482839+00:00,2026-07-10T00:00:11.482947,3,2,110.5,0.2,110.4,150,110.3,44,110.1,100,,,,,,,,,,,,,,,110.6,104,110.9,190,,,,,,,,,,,,,,,,
2026-07-10T00:00:11.678661+00:00,2026-07-10T00:00:11.672805,3,2,110.5,0.2,110.4,136,110.3,44,110.1,100,,,,,,,,,,,,,,,110.6,104,110.9,190,,,,,,,,,,,,,,,,
2026-07-10T00:00:11.758140+00:00,2026-07-10T00:00:11.757963,3,2,110.5,0.2,110.4,136,110.3,4,110.1,100,,,,,,,,,,,,,,,110.6,104,110.9,190,,,,,,,,,,,,,,,,
2026-07-10T00:00:11.763329+00:00,2026-07-10T00:00:11.763218,3,2,110.5,0.2,110.4,136,110.3,4,110.1,100,,,,,,,,,,,,,,,110.6,104,110.9,150,,,,,,,,,,,,,,,,
2026-07-10T00:00:11.768561+00:00,2026-07-10T00:00:11.768489,3,3,110.5,0.2,110.4,136,110.3,4,110.1,100,,,,,,,,,,,,,,,110.6,104,110.7,40,110.9,150,,,,,,,,,,,,,,
2026-07-10T00:00:11.878499+00:00,2026-07-10T00:00:11.878463,2,3,110.5,0.2,110.4,136,110.1,100,,,,,,,,,,,,,,,,,110.6,100,110.7,40,110.9,150,,,,,,,,,,,,,,
2026-07-10T00:00:11.883754+00:00,2026-07-10T00:00:11.883696,2,3,110.5,0.2,110.4,140,110.1,100,,,,,,,,,,,,,,,,,110.6,104,110.7,40,110.9,150,,,,,,,,,,,,,,
2026-07-10T00:00:11.924818+00:00,2026-07-10T00:00:11.924933,3,3,110.5,0.2,110.4,140,110.1,100,110.0,40,,,,,,,,,,,,,,,110.6,104,110.7,40,110.9,150,,,,,,,,,,,,,,
2026-07-10T00:00:12.078013+00:00,2026-07-10T00:00:12.077937,2,3,110.5,0.2,110.4,140,110.1,100,,,,,,,,,,,,,,,,,110.6,104,110.7,40,110.9,150,,,,,,,,,,,,,,
2026-07-10T00:00:12.231269+00:00,2026-07-10T00:00:12.231230,2,3,110.5,0.2,110.4,140,110.1,140,,,,,,,,,,,,,,,,,110.6,104,110.7,40,110.9,150,,,,,,,,,,,,,,
2026-07-10T00:00:12.692356+00:00,2026-07-10T00:00:12.692234,2,3,110.5,0.2,110.4,140,110.1,140,,,,,,,,,,,,,,,,,110.6,54,110.7,40,110.9,150,,,,,,,,,,,,,,
2026-07-10T00:00:12.900148+00:00,2026-07-10T00:00:12.900022,2,3,110.5,0.2,110.4,136,110.1,140,,,,,,,,,,,,,,,,,110.6,54,110.7,40,110.9,150,,,,,,,,,,,,,,
2026-07-10T00:00:12.905356+00:00,2026-07-10T00:00:12.905261,2,3,110.5,0.2,110.4,136,110.1,140,,,,,,,,,,,,,,,,,110.6,50,110.7,40,110.9,150,,,,,,,,,,,,,,
2026-07-10T00:00:12.910648+00:00,2026-07-10T00:00:12.910562,2,3,110.5,0.2,110.4,140,110.1,140,,,,,,,,,,,,,,,,,110.6,50,110.7,40,110.9,150,,,,,,,,,,,,,,
2026-07-10T00:00:12.915876+00:00,2026-07-10T00:00:12.915751,2,3,110.5,0.2,110.4,140,110.1,140,,,,,,,,,,,,,,,,,110.6,54,110.7,40,110.9,150,,,,,,,,,,,,,,
2026-07-10T00:00:13.291628+00:00,2026-07-10T00:00:13.291441,2,3,110.5,0.2,110.4,140,110.1,100,,,,,,,,,,,,,,,,,110.6,54,110.7,40,110.9,150,,,,,,,,,,,,,,
2026-07-10T00:00:13.296829+00:00,2026-07-10T00:00:13.296744,2,2,110.5,0.2,110.4,140,110.1,100,,,,,,,,,,,,,,,,,110.6,54,110.9,150,,,,,,,,,,,,,,,,
2026-07-10T00:00:13.302114+00:00,2026-07-10T00:00:13.302042,2,3,110.5,0.2,110.4,140,110.1,100,,,,,,,,,,,,,,,,,110.6,54,110.8,40,110.9,150,,,,,,,,,,,,,,
2026-07-10T00:00:13.453666+00:00,2026-07-10T00:00:13.453934,3,3,110.5,0.2,110.4,140,110.2,40,110.1,100,,,,,,,,,,,,,,,110.6,54,110.8,40,110.9,150,,,,,,,,,,,,,,
2026-07-10T00:00:13.932016+00:00,2026-07-10T00:00:13.931896,3,3,110.5,0.2,110.4,136,110.2,40,110.1,100,,,,,,,,,,,,,,,110.6,54,110.8,40,110.9,150,,,,,,,,,,,,,,
2026-07-10T00:00:13.937226+00:00,2026-07-10T00:00:13.937130,3,3,110.5,0.2,110.4,140,110.2,40,110.1,100,,,,,,,,,,,,,,,110.6,50,110.8,40,110.9,150,,,,,,,,,,,,,,
2026-07-10T00:00:13.942428+00:00,2026-07-10T00:00:13.942329,3,3,110.5,0.2,110.4,140,110.2,40,110.1,100,,,,,,,,,,,,,,,110.6,54,110.8,40,110.9,150,,,,,,,,,,,,,,
2026-07-10T00:00:14.306282+00:00,2026-07-10T00:00:14.306156,3,3,110.5,0.2,110.4,140,110.2,40,110.1,103,,,,,,,,,,,,,,,110.6,54,110.8,40,110.9,150,,,,,,,,,,,,,,
2026-07-10T00:00:14.334845+00:00,2026-07-10T00:00:14.334722,3,3,110.5,0.2,110.4,140,110.2,40,110.1,103,,,,,,,,,,,,,,,110.6,7,110.8,40,110.9,150,,,,,,,,,,,,,,
2026-07-10T00:00:14.532444+00:00,2026-07-10T00:00:14.532322,3,3,110.5,0.2,110.4,140,110.2,40,110.1,3,,,,,,,,,,,,,,,110.6,4,110.8,40,110.9,150,,,,,,,,,,,,,,
2026-07-10T00:00:14.537635+00:00,2026-07-10T00:00:14.537534,3,2,110.5,0.2,110.4,4,110.2,40,110.1,3,,,,,,,,,,,,,,,110.6,4,110.8,40,,,,,,,,,,,,,,,,
2026-07-10T00:00:14.633351+00:00,2026-07-10T00:00:14.633301,4,2,110.5,0.2,110.4,4,110.3,250,110.2,40,110.1,3,,,,,,,,,,,,,110.6,4,110.8,40,,,,,,,,,,,,,,,,
2026-07-10T00:00:14.675571+00:00,2026-07-10T00:00:14.675511,4,2,110.5,0.2,110.4,4,110.3,250,110.2,40,110.1,3,,,,,,,,,,,,,110.6,4,110.8,140,,,,,,,,,,,,,,,,
2026-07-10T00:00:14.680601+00:00,2026-07-10T00:00:14.680687,4,2,110.5,0.2,110.4,4,110.3,250,110.2,40,110.1,3,,,,,,,,,,,,,110.6,4,110.8,290,,,,,,,,,,,,,,,,
2026-07-10T00:00:14.801191+00:00,2026-07-10T00:00:14.801117,4,1,110.6,0.4,110.4,4,110.3,250,110.2,40,110.1,3,,,,,,,,,,,,,110.8,244,,,,,,,,,,,,,,,,,,
2026-07-10T00:00:14.821812+00:00,2026-07-10T00:00:14.821924,3,1,110.6,0.4,110.4,4,110.3,290,110.1,3,,,,,,,,,,,,,,,110.8,244,,,,,,,,,,,,,,,,,,
2026-07-10T00:00:14.827227+00:00,2026-07-10T00:00:14.827090,3,2,110.6,0.4,110.4,4,110.3,290,110.1,3,,,,,,,,,,,,,,,110.8,244,110.9,40,,,,,,,,,,,,,,,,
2026-07-10T00:00:14.958583+00:00,2026-07-10T00:00:14.955814,3,2,110.6,0.4,110.4,4,110.3,290,110.1,3,,,,,,,,,,,,,,,110.8,248,110.9,40,,,,,,,,,,,,,,,,
2026-07-10T00:00:15.204266+00:00,2026-07-10T00:00:15.204233,3,2,110.6,0.4,110.4,1,110.3,290,110.1,3,,,,,,,,,,,,,,,110.8,248,110.9,40,,,,,,,,,,,,,,,,
2026-07-10T00:00:15.374527+00:00,2026-07-10T00:00:15.374484,2,3,110.35,0.1,110.3,290,110.1,3,,,,,,,,,,,,,,,,,110.4,1,110.8,248,110.9,40,,,,,,,,,,,,,,
2026-07-10T00:00:15.521930+00:00,2026-07-10T00:00:15.521807,2,3,110.35,0.1,110.3,246,110.1,3,,,,,,,,,,,,,,,,,110.4,1,110.8,248,110.9,40,,,,,,,,,,,,,,
2026-07-10T00:00:15.985994+00:00,2026-07-10T00:00:15.985884,2,3,110.35,0.1,110.3,246,110.1,3,,,,,,,,,,,,,,,,,110.4,1,110.8,244,110.9,40,,,,,,,,,,,,,,
2026-07-10T00:00:15.991162+00:00,2026-07-10T00:00:15.991109,2,3,110.35,0.1,110.3,250,110.1,3,,,,,,,,,,,,,,,,,110.4,5,110.8,244,110.9,40,,,,,,,,,,,,,,
2026-07-10T00:00:16.835949+00:00,2026-07-10T00:00:16.829389,2,3,110.35,0.1,110.3,250,110.1,3,,,,,,,,,,,,,,,,,110.4,2,110.8,244,110.9,40,,,,,,,,,,,,,,
2026-07-10T00:00:16.911411+00:00,2026-07-10T00:00:16.911606,2,2,110.55,0.5,110.3,250,110.1,3,,,,,,,,,,,,,,,,,110.8,196,110.9,40,,,,,,,,,,,,,,,,
2026-07-10T00:00:16.964451+00:00,2026-07-10T00:00:16.964580,2,2,110.55,0.5,110.3,250,110.1,3,,,,,,,,,,,,,,,,,110.8,156,110.9,40,,,,,,,,,,,,,,,,
2026-07-10T00:00:17.006983+00:00,2026-07-10T00:00:17.006899,2,2,110.55,0.5,110.3,246,110.1,3,,,,,,,,,,,,,,,,,110.8,156,110.9,40,,,,,,,,,,,,,,,,
2026-07-10T00:00:17.012221+00:00,2026-07-10T00:00:17.012151,2,2,110.55,0.5,110.3,250,110.1,3,,,,,,,,,,,,,,,,,110.8,160,110.9,40,,,,,,,,,,,,,,,,
2026-07-10T00:00:17.601790+00:00,2026-07-10T00:00:17.601742,2,2,110.55,0.5,110.3,250,110.1,3,,,,,,,,,,,,,,,,,110.8,112,110.9,40,,,,,,,,,,,,,,,,
2026-07-10T00:00:17.735439+00:00,2026-07-10T00:00:17.735380,2,2,110.55,0.5,110.3,44,110.1,3,,,,,,,,,,,,,,,,,110.8,4,110.9,40,,,,,,,,,,,,,,,,
2026-07-10T00:00:17.817112+00:00,2026-07-10T00:00:17.809811,4,2,110.7,0.2,110.6,97,110.5,150,110.3,44,110.1,3,,,,,,,,,,,,,110.8,4,110.9,40,,,,,,,,,,,,,,,,
2026-07-10T00:00:17.857854+00:00,2026-07-10T00:00:17.858026,4,4,110.7,0.2,110.6,97,110.5,150,110.3,44,110.1,3,,,,,,,,,,,,,110.8,4,110.9,40,111.0,150,111.1,100,,,,,,,,,,,,
2026-07-10T00:00:18.042000+00:00,2026-07-10T00:00:18.042123,4,4,110.7,0.2,110.6,97,110.5,150,110.3,40,110.1,3,,,,,,,,,,,,,110.8,4,110.9,40,111.0,150,111.1,100,,,,,,,,,,,,
2026-07-10T00:00:18.047270+00:00,2026-07-10T00:00:18.047475,4,3,110.75,0.3,110.6,97,110.5,150,110.3,40,110.1,3,,,,,,,,,,,,,110.9,40,111.0,150,111.1,100,,,,,,,,,,,,,,
2026-07-10T00:00:18.052840+00:00,2026-07-10T00:00:18.052716,4,3,110.75,0.3,110.6,101,110.5,150,110.3,40,110.1,3,,,,,,,,,,,,,110.9,40,111.0,150,111.1,100,,,,,,,,,,,,,,
2026-07-10T00:00:18.058098+00:00,2026-07-10T00:00:18.057983,4,4,110.7,0.2,110.6,101,110.5,150,110.3,40,110.1,3,,,,,,,,,,,,,110.8,4,110.9,40,111.0,150,111.1,100,,,,,,,,,,,,
2026-07-10T00:00:18.405508+00:00,2026-07-10T00:00:18.405475,4,4,110.7,0.2,110.6,100,110.5,150,110.3,40,110.1,3,,,,,,,,,,,,,110.8,4,110.9,40,111.0,150,111.1,100,,,,,,,,,,,,
2026-07-10T00:00:19.030448+00:00,2026-07-10T00:00:19.030587,4,2,110.8,0.4,110.6,100,110.5,150,110.3,40,110.1,3,,,,,,,,,,,,,111.0,144,111.1,100,,,,,,,,,,,,,,,,
2026-07-10T00:00:19.085679+00:00,2026-07-10T00:00:19.085599,4,2,110.8,0.4,110.6,96,110.5,150,110.3,40,110.1,3,,,,,,,,,,,,,111.0,144,111.1,100,,,,,,,,,,,,,,,,
2026-07-10T00:00:19.090904+00:00,2026-07-10T00:00:19.090781,4,2,110.8,0.4,110.6,100,110.5,150,110.3,40,110.1,3,,,,,,,,,,,,,111.0,144,111.1,100,,,,,,,,,,,,,,,,
2026-07-10T00:00:19.096126+00:00,2026-07-10T00:00:19.096076,3,2,110.8,0.4,110.6,100,110.5,150,110.1,3,,,,,,,,,,,,,,,111.0,148,111.1,100,,,,,,,,,,,,,,,,
2026-07-10T00:00:19.101362+00:00,2026-07-10T00:00:19.101276,4,2,110.8,0.4,110.6,100,110.5,150,110.4,40,110.1,3,,,,,,,,,,,,,111.0,188,111.1,100,,,,,,,,,,,,,,,,
2026-07-10T00:00:20.116226+00:00,2026-07-10T00:00:20.116173,4,2,110.8,0.4,110.6,96,110.5,150,110.4,40,110.1,3,,,,,,,,,,,,,111.0,188,111.1,100,,,,,,,,,,,,,,,,
2026-07-10T00:00:20.121475+00:00,2026-07-10T00:00:20.121444,4,2,110.8,0.4,110.6,100,110.5,150,110.4,40,110.1,3,,,,,,,,,,,,,111.0,184,111.1,100,,,,,,,,,,,,,,,,
2026-07-10T00:00:20.126736+00:00,2026-07-10T00:00:20.126641,4,2,110.8,0.4,110.6,100,110.5,150,110.4,40,110.1,3,,,,,,,,,,,,,111.0,188,111.1,100,,,,,,,,,,,,,,,,
2026-07-10T00:00:20.721268+00:00,2026-07-10T00:00:20.721486,4,2,110.8,0.4,110.6,99,110.5,150,110.4,40,110.1,3,,,,,,,,,,,,,111.0,188,111.1,100,,,,,,,,,,,,,,,,
2026-07-10T00:00:20.747469+00:00,2026-07-10T00:00:20.747586,3,2,110.8,0.4,110.6,99,110.5,150,110.4,40,,,,,,,,,,,,,,,111.0,188,111.1,100,,,,,,,,,,,,,,,,
2026-07-10T00:00:20.901700+00:00,2026-07-10T00:00:20.901667,4,2,110.8,0.4,110.6,99,110.5,150,110.4,40,110.3,5,,,,,,,,,,,,,111.0,188,111.1,100,,,,,,,,,,,,,,,,
2026-07-10T00:00:20.906972+00:00,2026-07-10T00:00:20.906852,4,1,110.8,0.4,110.6,99,110.5,150,110.4,40,110.3,5,,,,,,,,,,,,,111.0,188,,,,,,,,,,,,,,,,,,
2026-07-10T00:00:20.912123+00:00,2026-07-10T00:00:20.912053,4,1,110.8,0.4,110.6,4,110.5,150,110.4,40,110.3,5,,,,,,,,,,,,,111.0,188,,,,,,,,,,,,,,,,,,
2026-07-10T00:00:20.917459+00:00,2026-07-10T00:00:20.917357,3,1,110.8,0.4,110.6,4,110.4,40,110.3,5,,,,,,,,,,,,,,,111.0,44,,,,,,,,,,,,,,,,,,
2026-07-10T00:00:20.922451+00:00,2026-07-10T00:00:20.922611,2,1,110.8,0.4,110.6,4,110.3,5,,,,,,,,,,,,,,,,,111.0,44,,,,,,,,,,,,,,,,,,
2026-07-10T00:00:20.927909+00:00,2026-07-10T00:00:20.927822,3,1,110.8,0.4,110.6,4,110.3,5,110.2,40,,,,,,,,,,,,,,,111.0,4,,,,,,,,,,,,,,,,,,
2026-07-10T00:00:20.933252+00:00,2026-07-10T00:00:20.933103,3,2,110.75,0.3,110.6,4,110.3,5,110.2,40,,,,,,,,,,,,,,,110.9,40,111.0,4,,,,,,,,,,,,,,,,
2026-07-10T00:00:20.958586+00:00,2026-07-10T00:00:20.957330,4,2,110.75,0.3,110.6,4,110.4,100,110.3,5,110.2,40,,,,,,,,,,,,,110.9,40,111.0,4,,,,,,,,,,,,,,,,
2026-07-10T00:00:20.970319+00:00,2026-07-10T00:00:20.970217,4,2,110.75,0.3,110.6,4,110.4,250,110.3,5,110.2,40,,,,,,,,,,,,,110.9,40,111.0,4,,,,,,,,,,,,,,,,
2026-07-10T00:00:21.020468+00:00,2026-07-10T00:00:21.020395,4,2,110.75,0.3,110.6,3,110.4,250,110.3,5,110.2,40,,,,,,,,,,,,,110.9,290,111.0,4,,,,,,,,,,,,,,,,
2026-07-10T00:00:21.142818+00:00,2026-07-10T00:00:21.142765,3,2,110.65,0.5,110.4,250,110.3,5,110.2,40,,,,,,,,,,,,,,,110.9,240,111.0,4,,,,,,,,,,,,,,,,
2026-07-10T00:00:21.148135+00:00,2026-07-10T00:00:21.148087,4,1,110.75,0.3,110.6,4,110.4,250,110.3,5,110.2,40,,,,,,,,,,,,,110.9,240,,,,,,,,,,,,,,,,,,
2026-07-10T00:00:21.158732+00:00,2026-07-10T00:00:21.153488,4,1,110.75,0.3,110.6,4,110.4,250,110.3,5,110.2,40,,,,,,,,,,,,,110.9,244,,,,,,,,,,,,,,,,,,
2026-07-10T00:00:21.253064+00:00,2026-07-10T00:00:21.253236,3,1,110.75,0.3,110.6,4,110.4,250,110.3,45,,,,,,,,,,,,,,,110.9,244,,,,,,,,,,,,,,,,,,
2026-07-10T00:00:21.258767+00:00,2026-07-10T00:00:21.258414,3,2,110.75,0.3,110.6,4,110.4,250,110.3,45,,,,,,,,,,,,,,,110.9,244,111.0,40,,,,,,,,,,,,,,,,
2026-07-10T00:00:21.729625+00:00,2026-07-10T00:00:21.729512,3,2,110.75,0.3,110.6,4,110.4,290,110.3,5,,,,,,,,,,,,,,,110.9,244,111.0,40,,,,,,,,,,,,,,,,
2026-07-10T00:00:22.029240+00:00,2026-07-10T00:00:22.029187,3,2,110.75,0.3,110.6,3,110.4,290,110.3,5,,,,,,,,,,,,,,,110.9,244,111.0,40,,,,,,,,,,,,,,,,
2026-07-10T00:00:22.176442+00:00,2026-07-10T00:00:22.176365,2,2,110.65,0.5,110.4,290,110.3,5,,,,,,,,,,,,,,,,,110.9,244,111.0,40,,,,,,,,,,,,,,,,
2026-07-10T00:00:22.181800+00:00,2026-07-10T00:00:22.181659,3,2,110.75,0.3,110.6,4,110.4,290,110.3,5,,,,,,,,,,,,,,,110.9,240,111.0,40,,,,,,,,,,,,,,,,
2026-07-10T00:00:22.186960+00:00,2026-07-10T00:00:22.186898,3,2,110.75,0.3,110.6,4,110.4,290,110.3,5,,,,,,,,,,,,,,,110.9,244,111.0,40,,,,,,,,,,,,,,,,
2026-07-10T00:00:22.658603+00:00,2026-07-10T00:00:22.653780,3,2,110.75,0.3,110.6,4,110.4,290,110.3,4,,,,,,,,,,,,,,,110.9,244,111.0,40,,,,,,,,,,,,,,,,
2026-07-10T00:00:22.699866+00:00,2026-07-10T00:00:22.699651,3,2,110.75,0.3,110.6,2,110.4,290,110.3,4,,,,,,,,,,,,,,,110.9,244,111.0,40,,,,,,,,,,,,,,,,
2026-07-10T00:00:22.958611+00:00,2026-07-10T00:00:22.958053,3,2,110.75,0.3,110.6,1,110.4,290,110.3,4,,,,,,,,,,,,,,,110.9,244,111.0,40,,,,,,,,,,,,,,,,
2026-07-10T00:00:22.991489+00:00,2026-07-10T00:00:22.987482,2,3,110.5,0.2,110.4,290,110.3,4,,,,,,,,,,,,,,,,,110.6,1,110.9,244,111.0,40,,,,,,,,,,,,,,
2026-07-10T00:00:23.204199+00:00,2026-07-10T00:00:23.204287,2,3,110.5,0.2,110.4,290,110.3,4,,,,,,,,,,,,,,,,,110.6,1,110.9,240,111.0,40,,,,,,,,,,,,,,
2026-07-10T00:00:23.209569+00:00,2026-07-10T00:00:23.209499,2,3,110.5,0.2,110.4,294,110.3,4,,,,,,,,,,,,,,,,,110.6,5,110.9,240,111.0,40,,,,,,,,,,,,,,
2026-07-10T00:00:24.075294+00:00,2026-07-10T00:00:24.075226,2,3,110.5,0.2,110.4,194,110.3,4,,,,,,,,,,,,,,,,,110.6,5,110.9,150,111.0,40,,,,,,,,,,,,,,
2026-07-10T00:00:24.080473+00:00,2026-07-10T00:00:24.080423,2,2,110.5,0.2,110.4,44,110.3,4,,,,,,,,,,,,,,,,,110.6,5,111.0,40,,,,,,,,,,,,,,,,
2026-07-10T00:00:24.133342+00:00,2026-07-10T00:00:24.133124,3,2,110.55,0.1,110.5,100,110.4,44,110.3,4,,,,,,,,,,,,,,,110.6,5,111.0,40,,,,,,,,,,,,,,,,
2026-07-10T00:00:24.138283+00:00,2026-07-10T00:00:24.138426,3,2,110.55,0.1,110.5,100,110.4,194,110.3,4,,,,,,,,,,,,,,,110.6,5,111.0,40,,,,,,,,,,,,,,,,
2026-07-10T00:00:24.186175+00:00,2026-07-10T00:00:24.186152,3,2,110.55,0.1,110.5,100,110.4,194,110.3,4,,,,,,,,,,,,,,,110.6,5,111.0,140,,,,,,,,,,,,,,,,
2026-07-10T00:00:24.191431+00:00,2026-07-10T00:00:24.191404,3,3,110.55,0.1,110.5,100,110.4,194,110.3,4,,,,,,,,,,,,,,,110.6,5,110.9,150,111.0,140,,,,,,,,,,,,,,
2026-07-10T00:00:24.227382+00:00,2026-07-10T00:00:24.227344,3,3,110.55,0.1,110.5,100,110.4,190,110.3,4,,,,,,,,,,,,,,,110.6,5,110.9,150,111.0,140,,,,,,,,,,,,,,
2026-07-10T00:00:24.232433+00:00,2026-07-10T00:00:24.232564,3,3,110.55,0.1,110.5,104,110.4,190,110.3,4,,,,,,,,,,,,,,,110.6,1,110.9,150,111.0,140,,,,,,,,,,,,,,
2026-07-10T00:00:24.237878+00:00,2026-07-10T00:00:24.237763,3,3,110.55,0.1,110.5,104,110.4,190,110.3,4,,,,,,,,,,,,,,,110.6,5,110.9,150,111.0,140,,,,,,,,,,,,,,
2026-07-10T00:00:24.576348+00:00,2026-07-10T00:00:24.576167,3,2,110.7,0.4,110.5,104,110.4,190,110.3,4,,,,,,,,,,,,,,,110.9,150,111.0,140,,,,,,,,,,,,,,,,
2026-07-10T00:00:24.632214+00:00,2026-07-10T00:00:24.632094,3,3,110.55,0.1,110.5,104,110.4,190,110.3,4,,,,,,,,,,,,,,,110.6,1,110.9,150,111.0,140,,,,,,,,,,,,,,
2026-07-10T00:00:24.958575+00:00,2026-07-10T00:00:24.951533,3,3,110.55,0.1,110.5,144,110.4,150,110.3,4,,,,,,,,,,,,,,,110.6,1,110.9,150,111.0,100,,,,,,,,,,,,,,
2026-07-10T00:00:24.968690+00:00,2026-07-10T00:00:24.968838,3,4,110.55,0.1,110.5,144,110.4,150,110.3,4,,,,,,,,,,,,,,,110.6,1,110.9,150,111.0,100,111.1,40,,,,,,,,,,,,
2026-07-10T00:00:25.116132+00:00,2026-07-10T00:00:25.116070,3,4,110.55,0.1,110.5,96,110.4,150,110.3,4,,,,,,,,,,,,,,,110.6,1,110.9,150,111.0,100,111.1,40,,,,,,,,,,,,
2026-07-10T00:00:25.121397+00:00,2026-07-10T00:00:25.121308,3,4,110.55,0.1,110.5,56,110.4,150,110.3,4,,,,,,,,,,,,,,,110.6,1,110.9,150,111.0,100,111.1,40,,,,,,,,,,,,
2026-07-10T00:00:25.126617+00:00,2026-07-10T00:00:25.126514,3,4,110.55,0.1,110.5,56,110.4,190,110.3,4,,,,,,,,,,,,,,,110.6,1,110.9,150,111.0,100,111.1,40,,,,,,,,,,,,
2026-07-10T00:00:25.131600+00:00,2026-07-10T00:00:25.131706,3,3,110.55,0.1,110.5,56,110.4,190,110.3,4,,,,,,,,,,,,,,,110.6,1,110.9,150,111.0,100,,,,,,,,,,,,,,
2026-07-10T00:00:25.137005+00:00,2026-07-10T00:00:25.136964,3,3,110.55,0.1,110.5,56,110.4,190,110.3,4,,,,,,,,,,,,,,,110.6,1,110.9,150,111.0,140,,,,,,,,,,,,,,
2026-07-10T00:00:25.251324+00:00,2026-07-10T00:00:25.251270,3,3,110.55,0.1,110.5,52,110.4,190,110.3,4,,,,,,,,,,,,,,,110.6,1,110.9,150,111.0,140,,,,,,,,,,,,,,
2026-07-10T00:00:25.258610+00:00,2026-07-10T00:00:25.256503,3,3,110.55,0.1,110.5,56,110.4,190,110.3,4,,,,,,,,,,,,,,,110.6,5,110.9,150,111.0,140,,,,,,,,,,,,,,
2026-07-10T00:00:25.358553+00:00,2026-07-10T00:00:25.358022,3,2,110.7,0.4,110.5,56,110.4,190,110.3,4,,,,,,,,,,,,,,,110.9,150,111.0,140,,,,,,,,,,,,,,,,
2026-07-10T00:00:26.203827+00:00,2026-07-10T00:00:26.203969,4,2,110.7,0.4,110.5,56,110.4,150,110.3,4,110.2,40,,,,,,,,,,,,,110.9,150,111.0,140,,,,,,,,,,,,,,,,
2026-07-10T00:00:26.209284+00:00,2026-07-10T00:00:26.209247,4,3,110.65,0.3,110.5,56,110.4,150,110.3,4,110.2,40,,,,,,,,,,,,,110.8,40,110.9,150,111.0,100,,,,,,,,,,,,,,
2026-07-10T00:00:26.274672+00:00,2026-07-10T00:00:26.274604,4,3,110.65,0.3,110.5,57,110.4,150,110.3,4,110.2,40,,,,,,,,,,,,,110.8,40,110.9,150,111.0,100,,,,,,,,,,,,,,
2026-07-10T00:00:26.280014+00:00,2026-07-10T00:00:26.279939,4,3,110.65,0.3,110.5,5,110.4,150,110.3,4,110.2,40,,,,,,,,,,,,,110.8,45,110.9,150,111.0,100,,,,,,,,,,,,,,
2026-07-10T00:00:26.493716+00:00,2026-07-10T00:00:26.493653,3,3,110.6,0.4,110.4,150,110.3,4,110.2,40,,,,,,,,,,,,,,,110.8,45,110.9,150,111.0,100,,,,,,,,,,,,,,
2026-07-10T00:00:27.235029+00:00,2026-07-10T00:00:27.235150,3,2,110.6,0.4,110.4,150,110.3,4,110.2,40,,,,,,,,,,,,,,,110.8,45,110.9,150,,,,,,,,,,,,,,,,
2026-07-10T00:00:27.250870+00:00,2026-07-10T00:00:27.250811,2,1,110.55,0.5,110.3,4,110.2,40,,,,,,,,,,,,,,,,,110.8,45,,,,,,,,,,,,,,,,,,
2026-07-10T00:00:27.286541+00:00,2026-07-10T00:00:27.286437,3,1,110.55,0.5,110.3,4,110.2,40,110.0,100,,,,,,,,,,,,,,,110.8,45,,,,,,,,,,,,,,,,,,
2026-07-10T00:00:27.302201+00:00,2026-07-10T00:00:27.302154,3,1,110.55,0.5,110.3,8,110.2,190,110.0,100,,,,,,,,,,,,,,,110.8,40,,,,,,,,,,,,,,,,,,
2026-07-10T00:00:27.312330+00:00,2026-07-10T00:00:27.312463,3,1,110.55,0.5,110.3,8,110.2,190,110.0,100,,,,,,,,,,,,,,,110.8,44,,,,,,,,,,,,,,,,,,
2026-07-10T00:00:27.339239+00:00,2026-07-10T00:00:27.339128,3,2,110.4,0.2,110.3,8,110.2,190,110.0,100,,,,,,,,,,,,,,,110.5,100,110.8,44,,,,,,,,,,,,,,,,
2026-07-10T00:00:27.353482+00:00,2026-07-10T00:00:27.353373,3,3,110.4,0.2,110.3,8,110.2,190,110.0,100,,,,,,,,,,,,,,,110.5,100,110.7,150,110.8,44,,,,,,,,,,,,,,
2026-07-10T00:00:27.489980+00:00,2026-07-10T00:00:27.489866,3,3,110.4,0.2,110.3,8,110.2,190,110.0,100,,,,,,,,,,,,,,,110.5,50,110.7,150,110.8,44,,,,,,,,,,,,,,
2026-07-10T00:00:27.727366+00:00,2026-07-10T00:00:27.727295,3,3,110.4,0.2,110.3,7,110.2,190,110.0,100,,,,,,,,,,,,,,,110.5,50,110.7,150,110.8,44,,,,,,,,,,,,,,
2026-07-10T00:00:27.804287+00:00,2026-07-10T00:00:27.804260,3,3,110.4,0.2,110.3,47,110.2,150,110.0,100,,,,,,,,,,,,,,,110.5,50,110.7,150,110.8,44,,,,,,,,,,,,,,
2026-07-10T00:00:27.809339+00:00,2026-07-10T00:00:27.809439,3,3,110.4,0.2,110.3,47,110.2,150,110.0,100,,,,,,,,,,,,,,,110.5,50,110.7,150,110.8,4,,,,,,,,,,,,,,
2026-07-10T00:00:27.814856+00:00,2026-07-10T00:00:27.814695,3,4,110.4,0.2,110.3,47,110.2,150,110.0,100,,,,,,,,,,,,,,,110.5,50,110.7,150,110.8,4,110.9,40,,,,,,,,,,,,
2026-07-10T00:00:28.325503+00:00,2026-07-10T00:00:28.325664,3,3,110.4,0.2,110.3,43,110.2,150,110.0,100,,,,,,,,,,,,,,,110.5,50,110.7,150,110.9,40,,,,,,,,,,,,,,
2026-07-10T00:00:28.330934+00:00,2026-07-10T00:00:28.330869,3,3,110.4,0.2,110.3,47,110.2,150,110.0,100,,,,,,,,,,,,,,,110.5,50,110.7,150,110.9,40,,,,,,,,,,,,,,
2026-07-10T00:00:28.336161+00:00,2026-07-10T00:00:28.336083,3,3,110.4,0.2,110.3,47,110.2,150,110.0,100,,,,,,,,,,,,,,,110.5,54,110.7,150,110.9,40,,,,,,,,,,,,,,
2026-07-10T00:00:29.352723+00:00,2026-07-10T00:00:29.352631,3,3,110.4,0.2,110.3,43,110.2,150,110.0,100,,,,,,,,,,,,,,,110.5,54,110.7,150,110.9,40,,,,,,,,,,,,,,
2026-07-10T00:00:29.358541+00:00,2026-07-10T00:00:29.357949,3,3,110.4,0.2,110.3,47,110.2,150,110.0,100,,,,,,,,,,,,,,,110.5,54,110.7,150,110.9,40,,,,,,,,,,,,,,
2026-07-10T00:00:29.623580+00:00,2026-07-10T00:00:29.623484,3,3,110.4,0.2,110.3,47,110.2,150,110.0,100,,,,,,,,,,,,,,,110.5,54,110.7,150,111.0,40,,,,,,,,,,,,,,
2026-07-10T00:00:29.769194+00:00,2026-07-10T00:00:29.769075,3,3,110.4,0.2,110.3,45,110.2,150,110.0,100,,,,,,,,,,,,,,,110.5,54,110.7,150,111.0,40,,,,,,,,,,,,,,
2026-07-10T00:00:29.779658+00:00,2026-07-10T00:00:29.779625,3,3,110.4,0.2,110.3,45,110.2,150,110.0,100,,,,,,,,,,,,,,,110.5,7,110.7,150,111.0,40,,,,,,,,,,,,,,
2026-07-10T00:00:30.379574+00:00,2026-07-10T00:00:30.379491,3,3,110.4,0.2,110.3,41,110.2,150,110.0,100,,,,,,,,,,,,,,,110.5,7,110.7,150,111.0,40,,,,,,,,,,,,,,
2026-07-10T00:00:30.384825+00:00,2026-07-10T00:00:30.384739,3,3,110.4,0.2,110.3,45,110.2,150,110.0,100,,,,,,,,,,,,,,,110.5,3,110.7,150,111.0,40,,,,,,,,,,,,,,
2026-07-10T00:00:30.390110+00:00,2026-07-10T00:00:30.389975,3,3,110.4,0.2,110.3,45,110.2,150,110.0,100,,,,,,,,,,,,,,,110.5,7,110.7,150,111.0,40,,,,,,,,,,,,,,
2026-07-10T00:00:30.395324+00:00,2026-07-10T00:00:30.395249,3,3,110.4,0.2,110.3,45,110.2,150,110.0,100,,,,,,,,,,,,,,,110.5,4,110.7,150,111.0,40,,,,,,,,,,,,,,
2026-07-10T00:00:30.400529+00:00,2026-07-10T00:00:30.400444,2,3,110.4,0.2,110.3,45,110.2,150,,,,,,,,,,,,,,,,,110.5,4,110.7,150,111.0,40,,,,,,,,,,,,,,
2026-07-10T00:00:30.410997+00:00,2026-07-10T00:00:30.410887,2,2,110.4,0.2,110.3,45,110.2,150,,,,,,,,,,,,,,,,,110.5,4,111.0,40,,,,,,,,,,,,,,,,
2026-07-10T00:00:30.416270+00:00,2026-07-10T00:00:30.416084,1,2,110.4,0.2,110.3,45,,,,,,,,,,,,,,,,,,,110.5,4,111.0,40,,,,,,,,,,,,,,,,
2026-07-10T00:00:30.453204+00:00,2026-07-10T00:00:30.453118,2,1,110.75,0.5,110.5,96,110.3,45,,,,,,,,,,,,,,,,,111.0,40,,,,,,,,,,,,,,,,,,
2026-07-10T00:00:30.458601+00:00,2026-07-10T00:00:30.458421,3,1,110.75,0.5,110.5,96,110.4,150,110.3,45,,,,,,,,,,,,,,,111.0,40,,,,,,,,,,,,,,,,,,
2026-07-10T00:00:30.516498+00:00,2026-07-10T00:00:30.516351,3,1,110.75,0.5,110.5,96,110.4,150,110.3,45,,,,,,,,,,,,,,,111.0,140,,,,,,,,,,,,,,,,,,
2026-07-10T00:00:30.521445+00:00,2026-07-10T00:00:30.521679,3,2,110.7,0.4,110.5,96,110.4,150,110.3,45,,,,,,,,,,,,,,,110.9,150,111.0,140,,,,,,,,,,,,,,,,
2026-07-10T00:00:30.532224+00:00,2026-07-10T00:00:30.532143,3,2,110.7,0.4,110.5,96,110.4,150,110.3,45,,,,,,,,,,,,,,,110.9,190,111.0,100,,,,,,,,,,,,,,,,
2026-07-10T00:00:30.840125+00:00,2026-07-10T00:00:30.840054,3,3,110.55,0.1,110.5,96,110.4,150,110.3,45,,,,,,,,,,,,,,,110.6,5,110.9,190,111.0,100,,,,,,,,,,,,,,
2026-07-10T00:00:31.158626+00:00,2026-07-10T00:00:31.156209,3,3,110.55,0.1,110.5,96,110.4,150,110.3,45,,,,,,,,,,,,,,,110.6,5,110.9,150,111.0,140,,,,,,,,,,,,,,
2026-07-10T00:00:31.411290+00:00,2026-07-10T00:00:31.411241,3,3,110.55,0.1,110.5,96,110.4,150,110.3,41,,,,,,,,,,,,,,,110.6,5,110.9,150,111.0,140,,,,,,,,,,,,,,
2026-07-10T00:00:31.416534+00:00,2026-07-10T00:00:31.416485,3,3,110.55,0.1,110.5,101,110.4,150,110.3,41,,,,,,,,,,,,,,,110.6,10,110.9,150,111.0,140,,,,,,,,,,,,,,
2026-07-10T00:00:31.469648+00:00,2026-07-10T00:00:31.469446,3,3,110.55,0.1,110.5,101,110.4,150,110.3,41,,,,,,,,,,,,,,,110.6,10,110.9,150,111.0,100,,,,,,,,,,,,,,
2026-07-10T00:00:31.474786+00:00,2026-07-10T00:00:31.474751,3,3,110.55,0.1,110.5,101,110.4,150,110.3,41,,,,,,,,,,,,,,,110.6,10,110.9,190,111.0,100,,,,,,,,,,,,,,
2026-07-10T00:00:31.692790+00:00,2026-07-10T00:00:31.692755,3,2,110.7,0.4,110.5,101,110.4,150,110.3,41,,,,,,,,,,,,,,,110.9,150,111.0,100,,,,,,,,,,,,,,,,
2026-07-10T00:00:31.778954+00:00,2026-07-10T00:00:31.779193,3,3,110.55,0.1,110.5,101,110.4,150,110.3,41,,,,,,,,,,,,,,,110.6,5,110.9,150,111.0,100,,,,,,,,,,,,,,
2026-07-10T00:00:32.435296+00:00,2026-07-10T00:00:32.435232,3,3,110.55,0.1,110.5,96,110.4,150,110.3,41,,,,,,,,,,,,,,,110.6,5,110.9,150,111.0,100,,,,,,,,,,,,,,
2026-07-10T00:00:32.440312+00:00,2026-07-10T00:00:32.440468,3,3,110.55,0.1,110.5,101,110.4,150,110.3,41,,,,,,,,,,,,,,,110.6,10,110.9,150,111.0,100,,,,,,,,,,,,,,
2026-07-10T00:00:32.451010+00:00,2026-07-10T00:00:32.450931,3,3,110.55,0.1,110.5,101,110.4,150,110.3,41,,,,,,,,,,,,,,,110.6,5,110.9,150,111.0,100,,,,,,,,,,,,,,
2026-07-10T00:00:32.530425+00:00,2026-07-10T00:00:32.530299,3,4,110.55,0.1,110.5,101,110.4,150,110.3,41,,,,,,,,,,,,,,,110.6,5,110.7,5,110.9,150,111.0,100,,,,,,,,,,,,
2026-07-10T00:00:32.699026+00:00,2026-07-10T00:00:32.698915,3,4,110.55,0.1,110.5,101,110.4,150,110.3,41,,,,,,,,,,,,,,,110.6,5,110.7,5,110.9,110,111.0,140,,,,,,,,,,,,
2026-07-10T00:00:33.458660+00:00,2026-07-10T00:00:33.455484,3,3,110.6,0.2,110.5,96,110.4,150,110.3,41,,,,,,,,,,,,,,,110.7,5,110.9,110,111.0,140,,,,,,,,,,,,,,
2026-07-10T00:00:33.469019+00:00,2026-07-10T00:00:33.468991,3,4,110.55,0.1,110.5,101,110.4,150,110.3,41,,,,,,,,,,,,,,,110.6,5,110.7,5,110.9,110,111.0,140,,,,,,,,,,,,
2026-07-10T00:00:33.576387+00:00,2026-07-10T00:00:33.576335,3,4,110.55,0.1,110.5,5,110.4,150,110.3,41,,,,,,,,,,,,,,,110.6,5,110.7,5,110.9,110,111.0,40,,,,,,,,,,,,
2026-07-10T00:00:33.581761+00:00,2026-07-10T00:00:33.581651,2,3,110.55,0.1,110.5,5,110.3,41,,,,,,,,,,,,,,,,,110.6,5,110.7,5,111.0,40,,,,,,,,,,,,,,
2026-07-10T00:00:33.630729+00:00,2026-07-10T00:00:33.630663,3,3,110.55,0.1,110.5,5,110.4,100,110.3,41,,,,,,,,,,,,,,,110.6,5,110.7,5,111.0,40,,,,,,,,,,,,,,
2026-07-10T00:00:33.635967+00:00,2026-07-10T00:00:33.635902,4,2,110.65,0.1,110.6,145,110.5,5,110.4,100,110.3,41,,,,,,,,,,,,,110.7,5,111.0,40,,,,,,,,,,,,,,,,
2026-07-10T00:00:33.686864+00:00,2026-07-10T00:00:33.686832,4,3,110.65,0.1,110.6,145,110.5,5,110.4,100,110.3,41,,,,,,,,,,,,,110.7,5,110.9,100,111.0,40,,,,,,,,,,,,,,
2026-07-10T00:00:33.692116+00:00,2026-07-10T00:00:33.692070,4,4,110.65,0.1,110.6,145,110.5,5,110.4,100,110.3,41,,,,,,,,,,,,,110.7,5,110.9,100,111.0,40,111.1,150,,,,,,,,,,,,
2026-07-10T00:00:33.816571+00:00,2026-07-10T00:00:33.808791,4,3,110.75,0.3,110.6,131,110.5,5,110.4,100,110.3,41,,,,,,,,,,,,,110.9,55,111.0,40,111.1,150,,,,,,,,,,,,,,
2026-07-10T00:00:33.914050+00:00,2026-07-10T00:00:33.914002,4,3,110.75,0.3,110.6,64,110.5,5,110.4,100,110.3,41,,,,,,,,,,,,,110.9,55,111.0,40,111.1,150,,,,,,,,,,,,,,
2026-07-10T00:00:33.929541+00:00,2026-07-10T00:00:33.929760,5,3,110.75,0.3,110.6,64,110.5,5,110.4,100,110.3,1,110.1,40,,,,,,,,,,,110.9,55,111.0,40,111.1,150,,,,,,,,,,,,,,
2026-07-10T00:00:33.941202+00:00,2026-07-10T00:00:33.941392,5,3,110.7,0.2,110.6,64,110.5,5,110.4,100,110.3,1,110.1,40,,,,,,,,,,,110.8,40,110.9,55,111.1,150,,,,,,,,,,,,,,
2026-07-10T00:00:34.131498+00:00,2026-07-10T00:00:34.131436,4,3,110.7,0.2,110.6,64,110.5,5,110.4,100,110.3,1,,,,,,,,,,,,,110.8,40,110.9,55,111.1,150,,,,,,,,,,,,,,
2026-07-10T00:00:34.141782+00:00,2026-07-10T00:00:34.141936,4,2,110.75,0.3,110.6,64,110.5,5,110.4,100,110.3,41,,,,,,,,,,,,,110.9,55,111.1,150,,,,,,,,,,,,,,,,
2026-07-10T00:00:34.147172+00:00,2026-07-10T00:00:34.147140,4,3,110.75,0.3,110.6,64,110.5,5,110.4,100,110.3,41,,,,,,,,,,,,,110.9,55,111.0,40,111.1,150,,,,,,,,,,,,,,
2026-07-10T00:00:34.487151+00:00,2026-07-10T00:00:34.487290,3,3,110.75,0.3,110.6,69,110.4,100,110.3,41,,,,,,,,,,,,,,,110.9,55,111.0,40,111.1,150,,,,,,,,,,,,,,
2026-07-10T00:00:34.492385+00:00,2026-07-10T00:00:34.492487,3,3,110.75,0.3,110.6,69,110.4,100,110.3,41,,,,,,,,,,,,,,,110.9,60,111.0,40,111.1,150,,,,,,,,,,,,,,
2026-07-10T00:00:35.234994+00:00,2026-07-10T00:00:35.234895,3,4,110.65,0.1,110.6,69,110.4,100,110.3,41,,,,,,,,,,,,,,,110.7,5,110.9,60,111.0,40,111.1,150,,,,,,,,,,,,
2026-07-10T00:00:35.379114+00:00,2026-07-10T00:00:35.379013,3,4,110.65,0.1,110.6,69,110.4,100,110.3,1,,,,,,,,,,,,,,,110.7,5,110.9,60,111.0,40,111.1,150,,,,,,,,,,,,
2026-07-10T00:00:35.389323+00:00,2026-07-10T00:00:35.389452,4,4,110.65,0.1,110.6,69,110.4,100,110.3,1,110.2,40,,,,,,,,,,,,,110.7,5,110.9,60,111.0,40,111.1,150,,,,,,,,,,,,
2026-07-10T00:00:35.394775+00:00,2026-07-10T00:00:35.394698,4,3,110.65,0.1,110.6,69,110.4,100,110.3,1,110.2,40,,,,,,,,,,,,,110.7,5,110.9,60,111.1,150,,,,,,,,,,,,,,
2026-07-10T00:00:35.399768+00:00,2026-07-10T00:00:35.399864,4,4,110.65,0.1,110.6,69,110.4,100,110.3,1,110.2,40,,,,,,,,,,,,,110.7,5,110.8,40,110.9,60,111.1,150,,,,,,,,,,,,
2026-07-10T00:00:35.508256+00:00,2026-07-10T00:00:35.508151,4,4,110.65,0.1,110.6,64,110.4,100,110.3,1,110.2,40,,,,,,,,,,,,,110.7,5,110.8,40,110.9,60,111.1,150,,,,,,,,,,,,
2026-07-10T00:00:35.513523+00:00,2026-07-10T00:00:35.513403,4,4,110.65,0.1,110.6,69,110.4,100,110.3,1,110.2,40,,,,,,,,,,,,,110.7,5,110.8,40,110.9,55,111.1,150,,,,,,,,,,,,
2026-07-10T00:00:35.518492+00:00,2026-07-10T00:00:35.518621,4,4,110.65,0.1,110.6,69,110.4,100,110.3,1,110.2,40,,,,,,,,,,,,,110.7,10,110.8,40,110.9,55,111.1,150,,,,,,,,,,,,
2026-07-10T00:00:35.914297+00:00,2026-07-10T00:00:35.914506,4,2,110.75,0.3,110.6,69,110.4,100,110.3,1,110.2,40,,,,,,,,,,,,,110.9,55,111.1,150,,,,,,,,,,,,,,,,
2026-07-10T00:00:35.938770+00:00,2026-07-10T00:00:35.938650,4,3,110.65,0.1,110.6,69,110.4,100,110.3,1,110.2,40,,,,,,,,,,,,,110.7,5,110.9,55,111.1,150,,,,,,,,,,,,,,
2026-07-10T00:00:36.022533+00:00,2026-07-10T00:00:36.022415,3,3,110.65,0.1,110.6,69,110.4,100,110.3,1,,,,,,,,,,,,,,,110.7,5,110.9,55,111.1,150,,,,,,,,,,,,,,
2026-07-10T00:00:36.027809+00:00,2026-07-10T00:00:36.027658,3,3,110.65,0.1,110.6,69,110.4,100,110.3,41,,,,,,,,,,,,,,,110.7,5,110.9,55,111.1,150,,,,,,,,,,,,,,
2026-07-10T00:00:36.032970+00:00,2026-07-10T00:00:36.032840,3,3,110.65,0.1,110.6,69,110.4,100,110.3,41,,,,,,,,,,,,,,,110.7,5,110.9,95,111.1,150,,,,,,,,,,,,,,
2026-07-10T00:00:36.536585+00:00,2026-07-10T00:00:36.536514,3,3,110.65,0.1,110.6,64,110.4,100,110.3,41,,,,,,,,,,,,,,,110.7,5,110.9,95,111.1,150,,,,,,,,,,,,,,
2026-07-10T00:00:36.575340+00:00,2026-07-10T00:00:36.575283,3,3,110.65,0.1,110.6,69,110.4,100,110.3,41,,,,,,,,,,,,,,,110.7,5,110.9,95,111.1,150,,,,,,,,,,,,,,
2026-07-10T00:00:36.580737+00:00,2026-07-10T00:00:36.580550,3,3,110.65,0.1,110.6,69,110.4,100,110.3,41,,,,,,,,,,,,,,,110.7,10,110.9,95,111.1,150,,,,,,,,,,,,,,
2026-07-10T00:00:36.743488+00:00,2026-07-10T00:00:36.743388,2,3,110.65,0.1,110.6,69,110.3,41,,,,,,,,,,,,,,,,,110.7,10,110.9,40,111.1,150,,,,,,,,,,,,,,
2026-07-10T00:00:36.748851+00:00,2026-07-10T00:00:36.748696,2,2,110.65,0.1,110.6,5,110.3,41,,,,,,,,,,,,,,,,,110.7,10,110.9,40,,,,,,,,,,,,,,,,
2026-07-10T00:00:36.802414+00:00,2026-07-10T00:00:36.802600,4,2,110.65,0.1,110.6,5,110.4,100,110.3,41,110.1,150,,,,,,,,,,,,,110.7,10,110.9,40,,,,,,,,,,,,,,,,
2026-07-10T00:00:36.848506+00:00,2026-07-10T00:00:36.858713,4,2,110.65,0.1,110.6,5,110.4,100,110.3,41,110.1,150,,,,,,,,,,,,,110.7,10,110.9,140,,,,,,,,,,,,,,,,
2026-07-10T00:00:36.864098+00:00,2026-07-10T00:00:36.863998,3,3,110.5,0.2,110.4,100,110.3,41,110.1,150,,,,,,,,,,,,,,,110.6,145,110.7,10,110.9,140,,,,,,,,,,,,,,
2026-07-10T00:00:37.602787+00:00,2026-07-10T00:00:37.602708,3,3,110.5,0.2,110.4,105,110.3,41,110.1,150,,,,,,,,,,,,,,,110.6,145,110.7,5,110.9,140,,,,,,,,,,,,,,
2026-07-10T00:00:37.608032+00:00,2026-07-10T00:00:37.607915,3,3,110.5,0.2,110.4,105,110.3,41,110.1,150,,,,,,,,,,,,,,,110.6,150,110.7,5,110.9,140,,,,,,,,,,,,,,
2026-07-10T00:00:37.945684+00:00,2026-07-10T00:00:37.936226,3,3,110.5,0.2,110.4,105,110.3,41,110.1,150,,,,,,,,,,,,,,,110.6,139,110.7,5,110.9,140,,,,,,,,,,,,,,
2026-07-10T00:00:38.023186+00:00,2026-07-10T00:00:38.023138,3,3,110.5,0.2,110.4,105,110.3,41,110.1,150,,,,,,,,,,,,,,,110.6,89,110.7,5,110.9,140,,,,,,,,,,,,,,
2026-07-10T00:00:38.028496+00:00,2026-07-10T00:00:38.028329,3,3,110.5,0.2,110.4,105,110.3,1,110.1,150,,,,,,,,,,,,,,,110.6,89,110.7,5,110.9,140,,,,,,,,,,,,,,
2026-07-10T00:00:38.038856+00:00,2026-07-10T00:00:38.038816,3,3,110.5,0.2,110.4,145,110.3,1,110.1,150,,,,,,,,,,,,,,,110.6,89,110.7,5,110.9,100,,,,,,,,,,,,,,
2026-07-10T00:00:38.197787+00:00,2026-07-10T00:00:38.197747,3,4,110.5,0.2,110.4,145,110.3,1,110.1,150,,,,,,,,,,,,,,,110.6,89,110.7,5,110.9,100,111.0,40,,,,,,,,,,,,
2026-07-10T00:00:38.620009+00:00,2026-07-10T00:00:38.620167,3,4,110.5,0.2,110.4,140,110.3,1,110.1,150,,,,,,,,,,,,,,,110.6,89,110.7,5,110.9,100,111.0,40,,,,,,,,,,,,
2026-07-10T00:00:38.625427+00:00,2026-07-10T00:00:38.625373,3,4,110.5,0.2,110.4,140,110.3,1,110.1,150,,,,,,,,,,,,,,,110.6,84,110.7,5,110.9,100,111.0,40,,,,,,,,,,,,
2026-07-10T00:00:38.630753+00:00,2026-07-10T00:00:38.630613,3,4,110.5,0.2,110.4,145,110.3,1,110.1,150,,,,,,,,,,,,,,,110.6,89,110.7,5,110.9,100,111.0,40,,,,,,,,,,,,
2026-07-10T00:00:39.181797+00:00,2026-07-10T00:00:39.181702,2,4,110.5,0.2,110.4,145,110.1,150,,,,,,,,,,,,,,,,,110.6,89,110.7,5,110.9,100,111.0,40,,,,,,,,,,,,
2026-07-10T00:00:39.226262+00:00,2026-07-10T00:00:39.226216,2,4,110.5,0.2,110.4,146,110.1,150,,,,,,,,,,,,,,,,,110.6,89,110.7,5,110.9,100,111.0,40,,,,,,,,,,,,
2026-07-10T00:00:39.648907+00:00,2026-07-10T00:00:39.648825,2,4,110.5,0.2,110.4,141,110.1,150,,,,,,,,,,,,,,,,,110.6,89,110.7,5,110.9,100,111.0,40,,,,,,,,,,,,
2026-07-10T00:00:39.658701+00:00,2026-07-10T00:00:39.654218,2,4,110.5,0.2,110.4,146,110.1,150,,,,,,,,,,,,,,,,,110.6,89,110.7,5,110.9,100,111.0,40,,,,,,,,,,,,
2026-07-10T00:00:39.910186+00:00,2026-07-10T00:00:39.910348,2,3,110.5,0.2,110.4,46,110.1,150,,,,,,,,,,,,,,,,,110.6,89,110.7,5,111.0,40,,,,,,,,,,,,,,
2026-07-10T00:00:39.915720+00:00,2026-07-10T00:00:39.915644,1,3,110.5,0.2,110.4,46,,,,,,,,,,,,,,,,,,,110.6,5,110.7,5,111.0,40,,,,,,,,,,,,,,
2026-07-10T00:00:39.963812+00:00,2026-07-10T00:00:39.963943,2,3,110.55,0.1,110.5,100,110.4,46,,,,,,,,,,,,,,,,,110.6,5,110.7,5,111.0,40,,,,,,,,,,,,,,
2026-07-10T00:00:39.969223+00:00,2026-07-10T00:00:39.969148,2,3,110.55,0.1,110.5,100,110.4,196,,,,,,,,,,,,,,,,,110.6,5,110.7,5,111.0,40,,,,,,,,,,,,,,
2026-07-10T00:00:40.016551+00:00,2026-07-10T00:00:40.016432,2,3,110.55,0.1,110.5,100,110.4,196,,,,,,,,,,,,,,,,,110.6,5,110.7,5,111.0,140,,,,,,,,,,,,,,
2026-07-10T00:00:40.021762+00:00,2026-07-10T00:00:40.021722,2,4,110.55,0.1,110.5,100,110.4,196,,,,,,,,,,,,,,,,,110.6,5,110.7,5,110.9,150,111.0,140,,,,,,,,,,,,
2026-07-10T00:00:40.132969+00:00,2026-07-10T00:00:40.133193,2,2,110.7,0.4,110.5,100,110.4,196,,,,,,,,,,,,,,,,,110.9,110,111.0,140,,,,,,,,,,,,,,,,
2026-07-10T00:00:40.211402+00:00,2026-07-10T00:00:40.211266,2,3,110.6,0.2,110.5,100,110.4,196,,,,,,,,,,,,,,,,,110.7,5,110.9,110,111.0,140,,,,,,,,,,,,,,
2026-07-10T00:00:40.676271+00:00,2026-07-10T00:00:40.676165,2,3,110.6,0.2,110.5,105,110.4,151,,,,,,,,,,,,,,,,,110.7,5,110.9,110,111.0,140,,,,,,,,,,,,,,
2026-07-10T00:00:40.681454+00:00,2026-07-10T00:00:40.681410,3,3,110.6,0.2,110.5,105,110.4,151,110.1,40,,,,,,,,,,,,,,,110.7,10,110.9,110,111.0,100,,,,,,,,,,,,,,
2026-07-10T00:00:40.839523+00:00,2026-07-10T00:00:40.839442,3,4,110.6,0.2,110.5,105,110.4,151,110.1,40,,,,,,,,,,,,,,,110.7,10,110.8,40,110.9,110,111.0,100,,,,,,,,,,,,
2026-07-10T00:00:40.994821+00:00,2026-07-10T00:00:40.994699,2,4,110.6,0.2,110.5,105,110.4,151,,,,,,,,,,,,,,,,,110.7,10,110.8,40,110.9,110,111.0,100,,,,,,,,,,,,
2026-07-10T00:00:41.000046+00:00,2026-07-10T00:00:41.000003,3,4,110.6,0.2,110.5,105,110.4,151,110.2,40,,,,,,,,,,,,,,,110.7,10,110.8,40,110.9,110,111.0,100,,,,,,,,,,,,
2026-07-10T00:00:41.474361+00:00,2026-07-10T00:00:41.474527,3,4,110.6,0.2,110.5,105,110.4,151,110.2,40,,,,,,,,,,,,,,,110.7,5,110.8,40,110.9,110,111.0,100,,,,,,,,,,,,
2026-07-10T00:00:41.479887+00:00,2026-07-10T00:00:41.479698,3,4,110.6,0.2,110.5,105,110.4,150,110.2,40,,,,,,,,,,,,,,,110.7,5,110.8,40,110.9,110,111.0,100,,,,,,,,,,,,
2026-07-10T00:00:41.699020+00:00,2026-07-10T00:00:41.698952,3,4,110.6,0.2,110.5,100,110.4,150,110.2,40,,,,,,,,,,,,,,,110.7,5,110.8,40,110.9,110,111.0,100,,,,,,,,,,,,
2026-07-10T00:00:41.704246+00:00,2026-07-10T00:00:41.704140,3,3,110.65,0.3,110.5,100,110.4,150,110.2,40,,,,,,,,,,,,,,,110.8,40,110.9,110,111.0,100,,,,,,,,,,,,,,
2026-07-10T00:00:41.709492+00:00,2026-07-10T00:00:41.709373,3,4,110.6,0.2,110.5,105,110.4,150,110.2,40,,,,,,,,,,,,,,,110.7,5,110.8,40,110.9,110,111.0,100,,,,,,,,,,,,
2026-07-10T00:00:41.905742+00:00,2026-07-10T00:00:41.905664,3,4,110.6,0.2,110.5,105,110.4,150,110.3,40,,,,,,,,,,,,,,,110.7,5,110.8,40,110.9,110,111.0,100,,,,,,,,,,,,
2026-07-10T00:00:41.910894+00:00,2026-07-10T00:00:41.910857,3,3,110.6,0.2,110.5,105,110.4,150,110.3,40,,,,,,,,,,,,,,,110.7,5,110.9,110,111.0,100,,,,,,,,,,,,,,
2026-07-10T00:00:42.067851+00:00,2026-07-10T00:00:42.067694,3,3,110.6,0.2,110.5,105,110.4,150,110.3,40,,,,,,,,,,,,,,,110.7,5,110.9,150,111.0,100,,,,,,,,,,,,,,
2026-07-10T00:00:42.258562+00:00,2026-07-10T00:00:42.256064,3,2,110.7,0.4,110.5,105,110.4,150,110.3,40,,,,,,,,,,,,,,,110.9,105,111.0,100,,,,,,,,,,,,,,,,
2026-07-10T00:00:42.342550+00:00,2026-07-10T00:00:42.342467,3,2,110.7,0.4,110.5,80,110.4,150,110.3,40,,,,,,,,,,,,,,,110.9,105,111.0,100,,,,,,,,,,,,,,,,
2026-07-10T00:00:42.723441+00:00,2026-07-10T00:00:42.723393,3,2,110.7,0.4,110.5,75,110.4,150,110.3,40,,,,,,,,,,,,,,,110.9,105,111.0,100,,,,,,,,,,,,,,,,
2026-07-10T00:00:42.728735+00:00,2026-07-10T00:00:42.728647,3,2,110.7,0.4,110.5,80,110.4,150,110.3,40,,,,,,,,,,,,,,,110.9,110,111.0,100,,,,,,,,,,,,,,,,
2026-07-10T00:00:43.069094+00:00,2026-07-10T00:00:43.068980,3,1,110.7,0.4,110.5,5,110.4,150,110.3,40,,,,,,,,,,,,,,,110.9,110,,,,,,,,,,,,,,,,,,
2026-07-10T00:00:43.079503+00:00,2026-07-10T00:00:43.079457,2,1,110.7,0.4,110.5,5,110.3,40,,,,,,,,,,,,,,,,,110.9,45,,,,,,,,,,,,,,,,,,
2026-07-10T00:00:43.120115+00:00,2026-07-10T00:00:43.120015,3,1,110.7,0.4,110.5,5,110.4,100,110.3,40,,,,,,,,,,,,,,,110.9,45,,,,,,,,,,,,,,,,,,
2026-07-10T00:00:43.141920+00:00,2026-07-10T00:00:43.135367,4,1,110.8,0.2,110.7,139,110.5,5,110.4,100,110.3,40,,,,,,,,,,,,,110.9,45,,,,,,,,,,,,,,,,,,
2026-07-10T00:00:43.173367+00:00,2026-07-10T00:00:43.173537,4,1,110.8,0.2,110.7,139,110.5,5,110.4,100,110.3,40,,,,,,,,,,,,,110.9,145,,,,,,,,,,,,,,,,,,
2026-07-10T00:00:43.184126+00:00,2026-07-10T00:00:43.184010,4,2,110.8,0.2,110.7,139,110.5,5,110.4,100,110.3,40,,,,,,,,,,,,,110.9,145,111.2,150,,,,,,,,,,,,,,,,
2026-07-10T00:00:43.737681+00:00,2026-07-10T00:00:43.737873,3,2,110.8,0.2,110.7,139,110.5,5,110.4,100,,,,,,,,,,,,,,,110.9,145,111.2,150,,,,,,,,,,,,,,,,
2026-07-10T00:00:43.743236+00:00,2026-07-10T00:00:43.743118,4,2,110.8,0.2,110.7,139,110.5,5,110.4,100,110.2,40,,,,,,,,,,,,,110.9,145,111.2,150,,,,,,,,,,,,,,,,
2026-07-10T00:00:43.753742+00:00,2026-07-10T00:00:43.753660,3,2,110.8,0.2,110.7,139,110.4,100,110.2,40,,,,,,,,,,,,,,,110.9,140,111.2,150,,,,,,,,,,,,,,,,
2026-07-10T00:00:43.758937+00:00,2026-07-10T00:00:43.758859,3,2,110.8,0.2,110.7,144,110.4,100,110.2,40,,,,,,,,,,,,,,,110.9,140,111.2,150,,,,,,,,,,,,,,,,
2026-07-10T00:00:43.763956+00:00,2026-07-10T00:00:43.764055,3,2,110.8,0.2,110.7,144,110.4,100,110.2,40,,,,,,,,,,,,,,,110.9,145,111.2,150,,,,,,,,,,,,,,,,
2026-07-10T00:00:43.898957+00:00,2026-07-10T00:00:43.898850,3,2,110.8,0.2,110.7,144,110.4,100,110.3,40,,,,,,,,,,,,,,,110.9,145,111.2,150,,,,,,,,,,,,,,,,
2026-07-10T00:00:44.331559+00:00,2026-07-10T00:00:44.331422,3,2,110.8,0.2,110.7,97,110.4,100,110.3,40,,,,,,,,,,,,,,,110.9,145,111.2,150,,,,,,,,,,,,,,,,
2026-07-10T00:00:44.432347+00:00,2026-07-10T00:00:44.432265,3,2,110.8,0.2,110.7,47,110.4,100,110.3,40,,,,,,,,,,,,,,,110.9,145,111.2,150,,,,,,,,,,,,,,,,
2026-07-10T00:00:44.503061+00:00,2026-07-10T00:00:44.502952,2,2,110.8,0.2,110.7,47,110.4,100,,,,,,,,,,,,,,,,,110.9,145,111.2,150,,,,,,,,,,,,,,,,
2026-07-10T00:00:44.508169+00:00,2026-07-10T00:00:44.508122,2,2,110.8,0.2,110.7,47,110.4,140,,,,,,,,,,,,,,,,,110.9,145,111.2,150,,,,,,,,,,,,,,,,
2026-07-10T00:00:44.513462+00:00,2026-07-10T00:00:44.513329,2,2,110.8,0.2,110.7,47,110.4,140,,,,,,,,,,,,,,,,,110.9,105,111.2,150,,,,,,,,,,,,,,,,
2026-07-10T00:00:44.669926+00:00,2026-07-10T00:00:44.669746,2,3,110.8,0.2,110.7,47,110.4,140,,,,,,,,,,,,,,,,,110.9,105,111.0,40,111.2,150,,,,,,,,,,,,,,
2026-07-10T00:00:44.780465+00:00,2026-07-10T00:00:44.780316,2,3,110.8,0.2,110.7,42,110.4,140,,,,,,,,,,,,,,,,,110.9,105,111.0,40,111.2,150,,,,,,,,,,,,,,
2026-07-10T00:00:44.785703+00:00,2026-07-10T00:00:44.785653,2,3,110.8,0.2,110.7,42,110.4,140,,,,,,,,,,,,,,,,,110.9,100,111.0,40,111.2,150,,,,,,,,,,,,,,
2026-07-10T00:00:44.790946+00:00,2026-07-10T00:00:44.790885,2,3,110.8,0.2,110.7,47,110.4,140,,,,,,,,,,,,,,,,,110.9,105,111.0,40,111.2,150,,,,,,,,,,,,,,
2026-07-10T00:00:44.822826+00:00,2026-07-10T00:00:44.823054,2,2,110.8,0.2,110.7,47,110.4,140,,,,,,,,,,,,,,,,,110.9,105,111.2,150,,,,,,,,,,,,,,,,
2026-07-10T00:00:44.979695+00:00,2026-07-10T00:00:44.979801,2,3,110.8,0.2,110.7,47,110.4,140,,,,,,,,,,,,,,,,,110.9,105,111.1,40,111.2,150,,,,,,,,,,,,,,
2026-07-10T00:00:45.814354+00:00,2026-07-10T00:00:45.814302,2,3,110.8,0.2,110.7,42,110.4,140,,,,,,,,,,,,,,,,,110.9,105,111.1,40,111.2,150,,,,,,,,,,,,,,
2026-07-10T00:00:45.819651+00:00,2026-07-10T00:00:45.819525,2,3,110.8,0.2,110.7,47,110.4,140,,,,,,,,,,,,,,,,,110.9,100,111.1,40,111.2,150,,,,,,,,,,,,,,
2026-07-10T00:00:45.824840+00:00,2026-07-10T00:00:45.824785,2,3,110.8,0.2,110.7,47,110.4,140,,,,,,,,,,,,,,,,,110.9,105,111.1,40,111.2,150,,,,,,,,,,,,,,
2026-07-10T00:00:45.886374+00:00,2026-07-10T00:00:45.886174,2,2,110.8,0.2,110.7,47,110.4,140,,,,,,,,,,,,,,,,,110.9,105,111.2,150,,,,,,,,,,,,,,,,
2026-07-10T00:00:46.001771+00:00,2026-07-10T00:00:46.001650,2,2,110.8,0.2,110.7,7,110.4,140,,,,,,,,,,,,,,,,,110.9,105,111.2,150,,,,,,,,,,,,,,,,
2026-07-10T00:00:46.039026+00:00,2026-07-10T00:00:46.038900,2,3,110.8,0.2,110.7,7,110.4,140,,,,,,,,,,,,,,,,,110.9,105,111.0,40,111.2,150,,,,,,,,,,,,,,
2026-07-10T00:00:46.250520+00:00,2026-07-10T00:00:46.250719,2,3,110.8,0.2,110.7,7,110.4,140,,,,,,,,,,,,,,,,,110.9,5,111.0,40,111.2,150,,,,,,,,,,,,,,
2026-07-10T00:00:46.258580+00:00,2026-07-10T00:00:46.256013,2,2,110.8,0.2,110.7,5,110.4,40,,,,,,,,,,,,,,,,,110.9,5,111.0,40,,,,,,,,,,,,,,,,
2026-07-10T00:00:46.271334+00:00,2026-07-10T00:00:46.271260,3,2,110.8,0.2,110.7,5,110.6,38,110.4,40,,,,,,,,,,,,,,,110.9,55,111.0,40,,,,,,,,,,,,,,,,
2026-07-10T00:00:46.310423+00:00,2026-07-10T00:00:46.310310,5,2,110.8,0.2,110.7,5,110.6,38,110.5,100,110.4,40,110.2,150,,,,,,,,,,,110.9,55,111.0,40,,,,,,,,,,,,,,,,
2026-07-10T00:00:46.315764+00:00,2026-07-10T00:00:46.315595,5,2,110.8,0.2,110.7,5,110.6,4,110.5,100,110.4,40,110.2,150,,,,,,,,,,,110.9,53,111.0,40,,,,,,,,,,,,,,,,
2026-07-10T00:00:46.364040+00:00,2026-07-10T00:00:46.363927,4,3,110.65,0.1,110.6,4,110.5,100,110.4,40,110.2,150,,,,,,,,,,,,,110.7,145,110.9,53,111.0,140,,,,,,,,,,,,,,
2026-07-10T00:00:46.502742+00:00,2026-07-10T00:00:46.502676,4,3,110.65,0.1,110.6,1,110.5,100,110.4,40,110.2,150,,,,,,,,,,,,,110.7,145,110.9,22,111.0,140,,,,,,,,,,,,,,
2026-07-10T00:00:46.538823+00:00,2026-07-10T00:00:46.538734,3,3,110.6,0.2,110.5,51,110.4,40,110.2,150,,,,,,,,,,,,,,,110.7,145,110.9,22,111.0,140,,,,,,,,,,,,,,
2026-07-10T00:00:46.864173+00:00,2026-07-10T00:00:46.864100,3,3,110.6,0.2,110.5,51,110.4,40,110.2,150,,,,,,,,,,,,,,,110.7,145,110.9,17,111.0,140,,,,,,,,,,,,,,
2026-07-10T00:00:46.869406+00:00,2026-07-10T00:00:46.869354,3,3,110.6,0.2,110.5,56,110.4,40,110.2,150,,,,,,,,,,,,,,,110.7,150,110.9,17,111.0,140,,,,,,,,,,,,,,
2026-07-10T00:00:47.565984+00:00,2026-07-10T00:00:47.565889,2,3,110.6,0.2,110.5,56,110.2,150,,,,,,,,,,,,,,,,,110.7,150,110.9,17,111.0,140,,,,,,,,,,,,,,
2026-07-10T00:00:47.571280+00:00,2026-07-10T00:00:47.571150,3,3,110.6,0.2,110.5,56,110.3,40,110.2,150,,,,,,,,,,,,,,,110.7,150,110.9,17,111.0,140,,,,,,,,,,,,,,
2026-07-10T00:00:47.888123+00:00,2026-07-10T00:00:47.888022,3,3,110.6,0.2,110.5,51,110.3,40,110.2,150,,,,,,,,,,,,,,,110.7,145,110.9,17,111.0,140,,,,,,,,,,,,,,
2026-07-10T00:00:47.893363+00:00,2026-07-10T00:00:47.893254,3,3,110.6,0.2,110.5,56,110.3,40,110.2,150,,,,,,,,,,,,,,,110.7,150,110.9,17,111.0,140,,,,,,,,,,,,,,
2026-07-10T00:00:48.083172+00:00,2026-07-10T00:00:48.078730,3,3,110.6,0.2,110.5,56,110.3,40,110.2,150,,,,,,,,,,,,,,,110.7,139,110.9,17,111.0,140,,,,,,,,,,,,,,
2026-07-10T00:00:48.175447+00:00,2026-07-10T00:00:48.175340,2,3,110.6,0.2,110.5,56,110.2,150,,,,,,,,,,,,,,,,,110.7,139,110.9,17,111.0,140,,,,,,,,,,,,,,
2026-07-10T00:00:48.180693+00:00,2026-07-10T00:00:48.180647,2,3,110.6,0.2,110.5,96,110.2,150,,,,,,,,,,,,,,,,,110.7,139,110.9,17,111.0,100,,,,,,,,,,,,,,
2026-07-10T00:00:48.323174+00:00,2026-07-10T00:00:48.323028,2,3,110.6,0.2,110.5,96,110.2,150,,,,,,,,,,,,,,,,,110.7,139,110.9,5,111.0,100,,,,,,,,,,,,,,
2026-07-10T00:00:48.339058+00:00,2026-07-10T00:00:48.338994,2,4,110.6,0.2,110.5,96,110.2,150,,,,,,,,,,,,,,,,,110.7,139,110.9,5,111.0,100,111.1,40,,,,,,,,,,,,
2026-07-10T00:00:48.419620+00:00,2026-07-10T00:00:48.419473,2,4,110.6,0.2,110.5,96,110.2,150,,,,,,,,,,,,,,,,,110.7,96,110.9,5,111.0,100,111.1,40,,,,,,,,,,,,
2026-07-10T00:00:48.446079+00:00,2026-07-10T00:00:48.439270,2,4,110.6,0.2,110.5,96,110.2,150,,,,,,,,,,,,,,,,,110.7,93,110.9,5,111.0,100,111.1,40,,,,,,,,,,,,
2026-07-10T00:00:48.496643+00:00,2026-07-10T00:00:48.496610,2,4,110.6,0.2,110.5,56,110.2,150,,,,,,,,,,,,,,,,,110.7,93,110.9,5,111.0,100,111.1,40,,,,,,,,,,,,
2026-07-10T00:00:48.507211+00:00,2026-07-10T00:00:48.507153,3,3,110.65,0.1,110.6,40,110.5,56,110.2,150,,,,,,,,,,,,,,,110.7,93,110.9,5,111.0,100,,,,,,,,,,,,,,
2026-07-10T00:00:48.649628+00:00,2026-07-10T00:00:48.649492,2,3,110.6,0.2,110.5,46,110.2,150,,,,,,,,,,,,,,,,,110.7,93,110.9,5,111.0,100,,,,,,,,,,,,,,
2026-07-10T00:00:48.700412+00:00,2026-07-10T00:00:48.700330,2,3,110.6,0.2,110.5,86,110.2,150,,,,,,,,,,,,,,,,,110.7,93,110.9,5,111.0,100,,,,,,,,,,,,,,
2026-07-10T00:00:48.705598+00:00,2026-07-10T00:00:48.705528,2,4,110.6,0.2,110.5,86,110.2,150,,,,,,,,,,,,,,,,,110.7,93,110.9,5,111.0,100,111.1,40,,,,,,,,,,,,
2026-07-10T00:00:48.874538+00:00,2026-07-10T00:00:48.874417,2,4,110.6,0.2,110.5,86,110.2,150,,,,,,,,,,,,,,,,,110.7,93,110.9,5,111.0,100,111.2,40,,,,,,,,,,,,
2026-07-10T00:00:48.913014+00:00,2026-07-10T00:00:48.912893,2,4,110.6,0.2,110.5,81,110.2,150,,,,,,,,,,,,,,,,,110.7,93,110.9,5,111.0,100,111.2,40,,,,,,,,,,,,
2026-07-10T00:00:48.918311+00:00,2026-07-10T00:00:48.918147,2,4,110.6,0.2,110.5,81,110.2,150,,,,,,,,,,,,,,,,,110.7,88,110.9,5,111.0,100,111.2,40,,,,,,,,,,,,
2026-07-10T00:00:48.923598+00:00,2026-07-10T00:00:48.923471,2,4,110.6,0.2,110.5,86,110.2,150,,,,,,,,,,,,,,,,,110.7,93,110.9,5,111.0,100,111.2,40,,,,,,,,,,,,
2026-07-10T00:00:49.370491+00:00,2026-07-10T00:00:49.370395,2,4,110.6,0.2,110.5,86,110.2,150,,,,,,,,,,,,,,,,,110.7,93,110.9,4,111.0,100,111.2,40,,,,,,,,,,,,
2026-07-10T00:00:49.410179+00:00,2026-07-10T00:00:49.410068,2,3,110.6,0.2,110.5,86,110.2,150,,,,,,,,,,,,,,,,,110.7,93,110.9,4,111.2,40,,,,,,,,,,,,,,
2026-07-10T00:00:49.415434+00:00,2026-07-10T00:00:49.415332,1,3,110.6,0.2,110.5,45,,,,,,,,,,,,,,,,,,,110.7,5,110.9,4,111.2,40,,,,,,,,,,,,,,
2026-07-10T00:00:49.469336+00:00,2026-07-10T00:00:49.469212,1,3,110.6,0.2,110.5,145,,,,,,,,,,,,,,,,,,,110.7,5,110.9,4,111.2,40,,,,,,,,,,,,,,
2026-07-10T00:00:49.474583+00:00,2026-07-10T00:00:49.474443,2,2,110.8,0.2,110.7,145,110.5,145,,,,,,,,,,,,,,,,,110.9,4,111.2,40,,,,,,,,,,,,,,,,
2026-07-10T00:00:49.517770+00:00,2026-07-10T00:00:49.517713,2,2,110.8,0.2,110.7,145,110.5,145,,,,,,,,,,,,,,,,,110.9,3,111.2,40,,,,,,,,,,,,,,,,
2026-07-10T00:00:49.528247+00:00,2026-07-10T00:00:49.528175,2,3,110.8,0.2,110.7,145,110.5,145,,,,,,,,,,,,,,,,,110.9,3,111.0,100,111.2,40,,,,,,,,,,,,,,
2026-07-10T00:00:49.533520+00:00,2026-07-10T00:00:49.533403,2,3,110.8,0.2,110.7,145,110.5,145,,,,,,,,,,,,,,,,,110.9,3,111.0,100,111.2,190,,,,,,,,,,,,,,
2026-07-10T00:00:49.804968+00:00,2026-07-10T00:00:49.804883,2,3,110.8,0.2,110.7,145,110.5,105,,,,,,,,,,,,,,,,,110.9,3,111.0,100,111.2,190,,,,,,,,,,,,,,
2026-07-10T00:00:49.810144+00:00,2026-07-10T00:00:49.810102,3,3,110.8,0.2,110.7,145,110.5,105,110.4,40,,,,,,,,,,,,,,,110.9,3,111.0,100,111.2,150,,,,,,,,,,,,,,
2026-07-10T00:00:49.815425+00:00,2026-07-10T00:00:49.815307,3,3,110.8,0.2,110.7,145,110.5,105,110.4,40,,,,,,,,,,,,,,,110.9,3,111.0,140,111.2,150,,,,,,,,,,,,,,
2026-07-10T00:00:49.941884+00:00,2026-07-10T00:00:49.941777,3,3,110.8,0.2,110.7,150,110.5,100,110.4,40,,,,,,,,,,,,,,,110.9,3,111.0,140,111.2,150,,,,,,,,,,,,,,
2026-07-10T00:00:49.947040+00:00,2026-07-10T00:00:49.946993,3,3,110.8,0.2,110.7,150,110.5,100,110.4,40,,,,,,,,,,,,,,,110.9,8,111.0,140,111.2,150,,,,,,,,,,,,,,
2026-07-10T00:00:50.758640+00:00,2026-07-10T00:00:50.757380,3,3,110.8,0.2,110.7,100,110.5,100,110.4,40,,,,,,,,,,,,,,,110.9,8,111.0,140,111.2,150,,,,,,,,,,,,,,
2026-07-10T00:00:50.958640+00:00,2026-07-10T00:00:50.958474,3,3,110.8,0.2,110.7,95,110.5,100,110.4,40,,,,,,,,,,,,,,,110.9,8,111.0,140,111.2,150,,,,,,,,,,,,,,
2026-07-10T00:00:50.970819+00:00,2026-07-10T00:00:50.970692,3,3,110.8,0.2,110.7,100,110.5,100,110.4,40,,,,,,,,,,,,,,,110.9,3,111.0,140,111.2,150,,,,,,,,,,,,,,
2026-07-10T00:00:50.976052+00:00,2026-07-10T00:00:50.975925,3,3,110.8,0.2,110.7,100,110.5,100,110.4,40,,,,,,,,,,,,,,,110.9,8,111.0,140,111.2,150,,,,,,,,,,,,,,
2026-07-10T00:00:51.775685+00:00,2026-07-10T00:00:51.775611,3,3,110.8,0.2,110.7,100,110.5,100,110.4,40,,,,,,,,,,,,,,,110.9,8,111.0,100,111.2,150,,,,,,,,,,,,,,
2026-07-10T00:00:51.780923+00:00,2026-07-10T00:00:51.780804,3,4,110.8,0.2,110.7,100,110.5,100,110.4,40,,,,,,,,,,,,,,,110.9,8,111.0,100,111.1,40,111.2,150,,,,,,,,,,,,
2026-07-10T00:00:51.987833+00:00,2026-07-10T00:00:51.987773,3,4,110.8,0.2,110.7,95,110.5,100,110.4,40,,,,,,,,,,,,,,,110.9,8,111.0,100,111.1,40,111.2,150,,,,,,,,,,,,
2026-07-10T00:00:51.993136+00:00,2026-07-10T00:00:51.993045,3,4,110.8,0.2,110.7,100,110.5,100,110.4,40,,,,,,,,,,,,,,,110.9,3,111.0,100,111.1,40,111.2,150,,,,,,,,,,,,
2026-07-10T00:00:51.998369+00:00,2026-07-10T00:00:51.998248,3,4,110.8,0.2,110.7,100,110.5,100,110.4,40,,,,,,,,,,,,,,,110.9,8,111.0,100,111.1,40,111.2,150,,,,,,,,,,,,
2026-07-10T00:00:52.380892+00:00,2026-07-10T00:00:52.376534,2,4,110.8,0.2,110.7,97,110.5,100,,,,,,,,,,,,,,,,,110.9,8,111.0,100,111.1,40,111.2,150,,,,,,,,,,,,
2026-07-10T00:00:52.396550+00:00,2026-07-10T00:00:52.396389,3,3,110.8,0.2,110.7,97,110.5,100,110.3,40,,,,,,,,,,,,,,,110.9,48,111.0,100,111.2,150,,,,,,,,,,,,,,
2026-07-10T00:00:52.407156+00:00,2026-07-10T00:00:52.407059,3,3,110.8,0.2,110.7,97,110.5,100,110.3,40,,,,,,,,,,,,,,,110.9,47,111.0,100,111.2,150,,,,,,,,,,,,,,
2026-07-10T00:00:52.581779+00:00,2026-07-10T00:00:52.581677,2,2,110.8,0.2,110.7,97,110.3,40,,,,,,,,,,,,,,,,,110.9,47,111.2,150,,,,,,,,,,,,,,,,
2026-07-10T00:00:52.587145+00:00,2026-07-10T00:00:52.586988,2,2,110.8,0.2,110.7,97,110.3,40,,,,,,,,,,,,,,,,,110.9,46,111.2,150,,,,,,,,,,,,,,,,
2026-07-10T00:00:52.592427+00:00,2026-07-10T00:00:52.592342,2,1,110.8,0.2,110.7,5,110.3,40,,,,,,,,,,,,,,,,,110.9,46,,,,,,,,,,,,,,,,,,
2026-07-10T00:00:52.636492+00:00,2026-07-10T00:00:52.636433,2,1,110.8,0.2,110.7,5,110.3,140,,,,,,,,,,,,,,,,,110.9,46,,,,,,,,,,,,,,,,,,
2026-07-10T00:00:52.647392+00:00,2026-07-10T00:00:52.647524,3,1,110.8,0.2,110.7,5,110.3,140,110.2,150,,,,,,,,,,,,,,,110.9,46,,,,,,,,,,,,,,,,,,
2026-07-10T00:00:52.689933+00:00,2026-07-10T00:00:52.689864,3,2,110.75,0.1,110.7,5,110.3,140,110.2,150,,,,,,,,,,,,,,,110.8,100,110.9,46,,,,,,,,,,,,,,,,
2026-07-10T00:00:52.700409+00:00,2026-07-10T00:00:52.700335,2,3,110.5,0.4,110.3,140,110.2,150,,,,,,,,,,,,,,,,,110.7,145,110.8,100,110.9,46,,,,,,,,,,,,,,
2026-07-10T00:00:52.868935+00:00,2026-07-10T00:00:52.868879,2,3,110.5,0.4,110.3,90,110.2,150,,,,,,,,,,,,,,,,,110.7,145,110.8,100,110.9,46,,,,,,,,,,,,,,
2026-07-10T00:00:53.011052+00:00,2026-07-10T00:00:53.010055,2,3,110.5,0.4,110.3,95,110.2,150,,,,,,,,,,,,,,,,,110.7,145,110.8,100,110.9,41,,,,,,,,,,,,,,
2026-07-10T00:00:53.031846+00:00,2026-07-10T00:00:53.031726,2,3,110.5,0.4,110.3,95,110.2,150,,,,,,,,,,,,,,,,,110.7,150,110.8,100,110.9,41,,,,,,,,,,,,,,
2026-07-10T00:00:53.077478+00:00,2026-07-10T00:00:53.077384,2,3,110.5,0.4,110.3,95,110.2,190,,,,,,,,,,,,,,,,,110.7,150,110.8,100,110.9,41,,,,,,,,,,,,,,
2026-07-10T00:00:53.082467+00:00,2026-07-10T00:00:53.082598,2,3,110.5,0.4,110.3,95,110.2,190,,,,,,,,,,,,,,,,,110.7,150,110.8,100,110.9,1,,,,,,,,,,,,,,
2026-07-10T00:00:53.087858+00:00,2026-07-10T00:00:53.087807,2,3,110.5,0.4,110.3,95,110.2,190,,,,,,,,,,,,,,,,,110.7,150,110.8,140,110.9,1,,,,,,,,,,,,,,
2026-07-10T00:00:53.558656+00:00,2026-07-10T00:00:53.556508,2,3,110.5,0.4,110.3,135,110.2,150,,,,,,,,,,,,,,,,,110.7,150,110.8,100,110.9,1,,,,,,,,,,,,,,
2026-07-10T00:00:53.570107+00:00,2026-07-10T00:00:53.570054,2,4,110.5,0.4,110.3,135,110.2,150,,,,,,,,,,,,,,,,,110.7,150,110.8,100,110.9,1,111.0,40,,,,,,,,,,,,
2026-07-10T00:00:53.685718+00:00,2026-07-10T00:00:53.679981,2,4,110.5,0.4,110.3,135,110.2,150,,,,,,,,,,,,,,,,,110.7,147,110.8,100,110.9,1,111.0,40,,,,,,,,,,,,
2026-07-10T00:00:53.723888+00:00,2026-07-10T00:00:53.723810,3,4,110.55,0.3,110.4,40,110.3,95,110.2,150,,,,,,,,,,,,,,,110.7,147,110.8,100,110.9,1,111.0,40,,,,,,,,,,,,
2026-07-10T00:00:53.728905+00:00,2026-07-10T00:00:53.729026,3,3,110.55,0.3,110.4,40,110.3,95,110.2,150,,,,,,,,,,,,,,,110.7,147,110.8,100,110.9,1,,,,,,,,,,,,,,
2026-07-10T00:00:53.734325+00:00,2026-07-10T00:00:53.734243,3,4,110.55,0.3,110.4,40,110.3,95,110.2,150,,,,,,,,,,,,,,,110.7,147,110.8,100,110.9,1,111.2,40,,,,,,,,,,,,
2026-07-10T00:00:53.771392+00:00,2026-07-10T00:00:53.771285,3,4,110.55,0.3,110.4,40,110.3,95,110.2,150,,,,,,,,,,,,,,,110.7,97,110.8,100,110.9,1,111.2,40,,,,,,,,,,,,
2026-07-10T00:00:54.041420+00:00,2026-07-10T00:00:54.041352,3,4,110.55,0.3,110.4,40,110.3,90,110.2,150,,,,,,,,,,,,,,,110.7,92,110.8,100,110.9,1,111.2,40,,,,,,,,,,,,
2026-07-10T00:00:54.046679+00:00,2026-07-10T00:00:54.046561,3,4,110.55,0.3,110.4,45,110.3,90,110.2,150,,,,,,,,,,,,,,,110.7,92,110.8,100,110.9,1,111.2,40,,,,,,,,,,,,
2026-07-10T00:00:54.051678+00:00,2026-07-10T00:00:54.051785,3,4,110.55,0.3,110.4,45,110.3,90,110.2,150,,,,,,,,,,,,,,,110.7,97,110.8,100,110.9,1,111.2,40,,,,,,,,,,,,
2026-07-10T00:00:54.147606+00:00,2026-07-10T00:00:54.147429,3,4,110.55,0.3,110.4,45,110.3,90,110.2,150,,,,,,,,,,,,,,,110.7,51,110.8,100,110.9,1,111.2,40,,,,,,,,,,,,
2026-07-10T00:00:54.196542+00:00,2026-07-10T00:00:54.196440,3,4,110.55,0.3,110.4,5,110.3,90,110.2,150,,,,,,,,,,,,,,,110.7,51,110.8,100,110.9,1,111.2,40,,,,,,,,,,,,
2026-07-10T00:00:54.201752+00:00,2026-07-10T00:00:54.201680,4,4,110.6,0.2,110.5,40,110.4,5,110.3,90,110.2,150,,,,,,,,,,,,,110.7,51,110.8,100,110.9,1,111.2,40,,,,,,,,,,,,
2026-07-10T00:00:54.358601+00:00,2026-07-10T00:00:54.353361,4,4,110.6,0.2,110.5,40,110.4,5,110.3,90,110.2,150,,,,,,,,,,,,,110.7,51,110.8,100,110.9,1,111.1,40,,,,,,,,,,,,
2026-07-10T00:00:54.989500+00:00,2026-07-10T00:00:54.989659,2,4,110.5,0.4,110.3,85,110.2,150,,,,,,,,,,,,,,,,,110.7,51,110.8,100,110.9,1,111.1,40,,,,,,,,,,,,
2026-07-10T00:00:55.067547+00:00,2026-07-10T00:00:55.067473,2,4,110.5,0.4,110.3,85,110.2,150,,,,,,,,,,,,,,,,,110.7,46,110.8,100,110.9,1,111.1,40,,,,,,,,,,,,
2026-07-10T00:00:55.078142+00:00,2026-07-10T00:00:55.078037,2,4,110.5,0.4,110.3,90,110.2,150,,,,,,,,,,,,,,,,,110.7,51,110.8,100,110.9,1,111.1,40,,,,,,,,,,,,
2026-07-10T00:00:55.128434+00:00,2026-07-10T00:00:55.128318,3,3,110.55,0.3,110.4,40,110.3,90,110.2,150,,,,,,,,,,,,,,,110.7,51,110.8,100,110.9,1,,,,,,,,,,,,,,
2026-07-10T00:00:55.133394+00:00,2026-07-10T00:00:55.133509,3,4,110.55,0.3,110.4,40,110.3,90,110.2,150,,,,,,,,,,,,,,,110.7,51,110.8,100,110.9,1,111.0,40,,,,,,,,,,,,
2026-07-10T00:00:55.745304+00:00,2026-07-10T00:00:55.745230,3,3,110.55,0.3,110.4,40,110.3,5,110.2,150,,,,,,,,,,,,,,,110.7,51,110.9,1,111.0,40,,,,,,,,,,,,,,
2026-07-10T00:00:55.755720+00:00,2026-07-10T00:00:55.755667,2,3,110.55,0.3,110.4,40,110.3,5,,,,,,,,,,,,,,,,,110.7,5,110.9,1,111.0,40,,,,,,,,,,,,,,
2026-07-10T00:00:55.801242+00:00,2026-07-10T00:00:55.801065,3,3,110.6,0.2,110.5,100,110.4,40,110.3,5,,,,,,,,,,,,,,,110.7,5,110.9,1,111.0,40,,,,,,,,,,,,,,
2026-07-10T00:00:55.811666+00:00,2026-07-10T00:00:55.811554,4,1,110.95,0.1,110.9,144,110.5,100,110.4,40,110.3,5,,,,,,,,,,,,,111.0,40,,,,,,,,,,,,,,,,,,
2026-07-10T00:00:55.854220+00:00,2026-07-10T00:00:55.854114,4,1,110.95,0.1,110.9,144,110.5,100,110.4,40,110.3,5,,,,,,,,,,,,,111.0,140,,,,,,,,,,,,,,,,,,
2026-07-10T00:00:55.864428+00:00,2026-07-10T00:00:55.864531,4,2,110.95,0.1,110.9,144,110.5,100,110.4,40,110.3,5,,,,,,,,,,,,,111.0,140,111.4,150,,,,,,,,,,,,,,,,
2026-07-10T00:00:56.098260+00:00,2026-07-10T00:00:56.098191,3,2,110.95,0.1,110.9,149,110.5,100,110.4,40,,,,,,,,,,,,,,,111.0,140,111.4,150,,,,,,,,,,,,,,,,
2026-07-10T00:00:56.103528+00:00,2026-07-10T00:00:56.103402,3,2,110.95,0.1,110.9,149,110.5,100,110.4,40,,,,,,,,,,,,,,,111.0,145,111.4,150,,,,,,,,,,,,,,,,
2026-07-10T00:00:57.091008+00:00,2026-07-10T00:00:57.091207,3,2,110.95,0.1,110.9,99,110.5,100,110.4,40,,,,,,,,,,,,,,,111.0,145,111.4,150,,,,,,,,,,,,,,,,
2026-07-10T00:00:57.118946+00:00,2026-07-10T00:00:57.118888,3,2,110.95,0.1,110.9,94,110.5,100,110.4,40,,,,,,,,,,,,,,,111.0,145,111.4,150,,,,,,,,,,,,,,,,
2026-07-10T00:00:57.124243+00:00,2026-07-10T00:00:57.124090,3,2,110.95,0.1,110.9,94,110.5,100,110.4,40,,,,,,,,,,,,,,,111.0,140,111.4,150,,,,,,,,,,,,,,,,
2026-07-10T00:00:57.158662+00:00,2026-07-10T00:00:57.155864,3,2,110.95,0.1,110.9,99,110.5,100,110.4,40,,,,,,,,,,,,,,,111.0,145,111.4,150,,,,,,,,,,,,,,,,
2026-07-10T00:00:57.651309+00:00,2026-07-10T00:00:57.645306,3,2,110.95,0.1,110.9,96,110.5,100,110.4,40,,,,,,,,,,,,,,,111.0,145,111.4,150,,,,,,,,,,,,,,,,
2026-07-10T00:00:57.759542+00:00,2026-07-10T00:00:57.759477,2,2,110.95,0.1,110.9,56,110.5,100,,,,,,,,,,,,,,,,,111.0,145,111.4,150,,,,,,,,,,,,,,,,
2026-07-10T00:00:57.764796+00:00,2026-07-10T00:00:57.764670,3,2,110.95,0.1,110.9,56,110.5,100,110.3,40,,,,,,,,,,,,,,,111.0,145,111.4,150,,,,,,,,,,,,,,,,
2026-07-10T00:00:57.791617+00:00,2026-07-10T00:00:57.791510,3,2,110.95,0.1,110.9,31,110.5,100,110.3,40,,,,,,,,,,,,,,,111.0,145,111.4,150,,,,,,,,,,,,,,,,
2026-07-10T00:00:57.929995+00:00,2026-07-10T00:00:57.929950,3,2,110.95,0.1,110.9,31,110.5,100,110.4,40,,,,,,,,,,,,,,,111.0,145,111.4,150,,,,,,,,,,,,,,,,
2026-07-10T00:00:58.176174+00:00,2026-07-10T00:00:58.176121,3,2,110.95,0.1,110.9,26,110.5,100,110.4,40,,,,,,,,,,,,,,,111.0,140,111.4,150,,,,,,,,,,,,,,,,
2026-07-10T00:00:58.181459+00:00,2026-07-10T00:00:58.181330,3,2,110.95,0.1,110.9,31,110.5,100,110.4,40,,,,,,,,,,,,,,,111.0,140,111.4,150,,,,,,,,,,,,,,,,
2026-07-10T00:00:58.186442+00:00,2026-07-10T00:00:58.186561,3,2,110.95,0.1,110.9,31,110.5,100,110.4,40,,,,,,,,,,,,,,,111.0,145,111.4,150,,,,,,,,,,,,,,,,
2026-07-10T00:00:58.907485+00:00,2026-07-10T00:00:58.907434,2,2,110.95,0.1,110.9,31,110.4,40,,,,,,,,,,,,,,,,,111.0,45,111.4,150,,,,,,,,,,,,,,,,
2026-07-10T00:00:58.918151+00:00,2026-07-10T00:00:58.918003,2,1,110.95,0.1,110.9,31,110.4,40,,,,,,,,,,,,,,,,,111.0,45,,,,,,,,,,,,,,,,,,
2026-07-10T00:00:58.923339+00:00,2026-07-10T00:00:58.923196,2,1,110.95,0.1,110.9,5,110.4,40,,,,,,,,,,,,,,,,,111.0,45,,,,,,,,,,,,,,,,,,
2026-07-10T00:00:58.990182+00:00,2026-07-10T00:00:58.990045,2,1,110.95,0.1,110.9,5,110.4,140,,,,,,,,,,,,,,,,,111.0,45,,,,,,,,,,,,,,,,,,
2026-07-10T00:00:59.000909+00:00,2026-07-10T00:00:59.000730,3,1,110.95,0.1,110.9,5,110.4,140,110.3,150,,,,,,,,,,,,,,,111.0,45,,,,,,,,,,,,,,,,,,
2026-07-10T00:00:59.041053+00:00,2026-07-10T00:00:59.040970,2,2,110.65,0.5,110.4,140,110.3,150,,,,,,,,,,,,,,,,,110.9,95,111.0,45,,,,,,,,,,,,,,,,
2026-07-10T00:00:59.046296+00:00,2026-07-10T00:00:59.046246,2,3,110.6,0.4,110.4,140,110.3,150,,,,,,,,,,,,,,,,,110.8,150,110.9,95,111.0,45,,,,,,,,,,,,,,
2026-07-10T00:00:59.057484+00:00,2026-07-10T00:00:59.051212,2,3,110.6,0.4,110.4,140,110.3,150,,,,,,,,,,,,,,,,,110.8,147,110.9,95,111.0,45,,,,,,,,,,,,,,
2026-07-10T00:00:59.140763+00:00,2026-07-10T00:00:59.140684,3,3,110.65,0.3,110.5,40,110.4,100,110.3,150,,,,,,,,,,,,,,,110.8,147,110.9,95,111.0,45,,,,,,,,,,,,,,
2026-07-10T00:00:59.145948+00:00,2026-07-10T00:00:59.145873,3,3,110.65,0.3,110.5,40,110.4,100,110.3,150,,,,,,,,,,,,,,,110.8,147,110.9,95,111.0,5,,,,,,,,,,,,,,
2026-07-10T00:00:59.151231+00:00,2026-07-10T00:00:59.151061,3,4,110.65,0.3,110.5,40,110.4,100,110.3,150,,,,,,,,,,,,,,,110.8,147,110.9,95,111.0,5,111.1,40,,,,,,,,,,,,
2026-07-10T00:00:59.201932+00:00,2026-07-10T00:00:59.201841,3,3,110.65,0.3,110.5,45,110.4,100,110.3,150,,,,,,,,,,,,,,,110.8,147,110.9,95,111.1,40,,,,,,,,,,,,,,
2026-07-10T00:00:59.217393+00:00,2026-07-10T00:00:59.217315,3,3,110.65,0.3,110.5,45,110.4,100,110.3,150,,,,,,,,,,,,,,,110.8,152,110.9,95,111.1,40,,,,,,,,,,,,,,
2026-07-10T00:01:00.226377+00:00,2026-07-10T00:01:00.226281,3,3,110.65,0.3,110.5,40,110.4,100,110.3,150,,,,,,,,,,,,,,,110.8,147,110.9,95,111.1,40,,,,,,,,,,,,,,
2026-07-10T00:01:00.231673+00:00,2026-07-10T00:01:00.231522,3,3,110.65,0.3,110.5,45,110.4,100,110.3,150,,,,,,,,,,,,,,,110.8,147,110.9,95,111.1,40,,,,,,,,,,,,,,
2026-07-10T00:01:00.236707+00:00,2026-07-10T00:01:00.236820,3,3,110.65,0.3,110.5,45,110.4,100,110.3,150,,,,,,,,,,,,,,,110.8,152,110.9,95,111.1,40,,,,,,,,,,,,,,
2026-07-10T00:01:00.585445+00:00,2026-07-10T00:01:00.585407,4,3,110.7,0.2,110.6,5,110.5,45,110.4,100,110.3,150,,,,,,,,,,,,,110.8,152,110.9,95,111.1,40,,,,,,,,,,,,,,
2026-07-10T00:01:01.258640+00:00,2026-07-10T00:01:01.256256,4,3,110.7,0.2,110.6,10,110.5,40,110.4,100,110.3,150,,,,,,,,,,,,,110.8,147,110.9,95,111.1,40,,,,,,,,,,,,,,
2026-07-10T00:01:01.269645+00:00,2026-07-10T00:01:01.269434,4,3,110.7,0.2,110.6,10,110.5,40,110.4,100,110.3,150,,,,,,,,,,,,,110.8,152,110.9,95,111.1,40,,,,,,,,,,,,,,
2026-07-10T00:01:02.097684+00:00,2026-07-10T00:01:02.097587,3,2,110.7,0.2,110.6,10,110.5,40,110.3,150,,,,,,,,,,,,,,,110.8,152,111.1,40,,,,,,,,,,,,,,,,
2026-07-10T00:01:02.108225+00:00,2026-07-10T00:01:02.108155,2,2,110.7,0.2,110.6,10,110.5,40,,,,,,,,,,,,,,,,,110.8,5,111.1,40,,,,,,,,,,,,,,,,
2026-07-10T00:01:02.158644+00:00,2026-07-10T00:01:02.155749,3,2,110.7,0.2,110.6,110,110.5,40,110.4,150,,,,,,,,,,,,,,,110.8,5,111.1,40,,,,,,,,,,,,,,,,
2026-07-10T00:01:02.207185+00:00,2026-07-10T00:01:02.207067,3,3,110.7,0.2,110.6,110,110.5,40,110.4,150,,,,,,,,,,,,,,,110.8,5,110.9,150,111.1,140,,,,,,,,,,,,,,
2026-07-10T00:01:02.282817+00:00,2026-07-10T00:01:02.282725,3,3,110.7,0.2,110.6,105,110.5,40,110.4,150,,,,,,,,,,,,,,,110.8,5,110.9,150,111.1,140,,,,,,,,,,,,,,
2026-07-10T00:01:02.287959+00:00,2026-07-10T00:01:02.287923,3,2,110.75,0.3,110.6,105,110.5,40,110.4,150,,,,,,,,,,,,,,,110.9,150,111.1,140,,,,,,,,,,,,,,,,
2026-07-10T00:01:02.293288+00:00,2026-07-10T00:01:02.293186,3,3,110.7,0.2,110.6,110,110.5,40,110.4,150,,,,,,,,,,,,,,,110.8,5,110.9,150,111.1,140,,,,,,,,,,,,,,
2026-07-10T00:01:03.010404+00:00,2026-07-10T00:01:03.010301,3,2,110.75,0.3,110.6,110,110.5,40,110.4,150,,,,,,,,,,,,,,,110.9,150,111.1,140,,,,,,,,,,,,,,,,
2026-07-10T00:01:03.089196+00:00,2026-07-10T00:01:03.089098,2,2,110.75,0.3,110.6,110,110.4,150,,,,,,,,,,,,,,,,,110.9,150,111.1,140,,,,,,,,,,,,,,,,
2026-07-10T00:01:03.094370+00:00,2026-07-10T00:01:03.094280,2,2,110.75,0.3,110.6,150,110.4,150,,,,,,,,,,,,,,,,,110.9,150,111.1,140,,,,,,,,,,,,,,,,
2026-07-10T00:01:03.099536+00:00,2026-07-10T00:01:03.099496,2,3,110.75,0.3,110.6,150,110.4,150,,,,,,,,,,,,,,,,,110.9,150,111.1,100,111.3,40,,,,,,,,,,,,,,
2026-07-10T00:01:03.274077+00:00,2026-07-10T00:01:03.274014,2,3,110.75,0.3,110.6,150,110.4,150,,,,,,,,,,,,,,,,,110.9,150,111.1,100,111.2,40,,,,,,,,,,,,,,
2026-07-10T00:01:03.311002+00:00,2026-07-10T00:01:03.310911,2,3,110.75,0.3,110.6,150,110.4,150,,,,,,,,,,,,,,,,,110.9,150,111.1,100,111.2,40,,,,,,,,,,,,,,
2026-07-10T00:01:03.315997+00:00,2026-07-10T00:01:03.316089,2,3,110.75,0.3,110.6,150,110.4,150,,,,,,,,,,,,,,,,,110.9,155,111.1,100,111.2,40,,,,,,,,,,,,,,
2026-07-10T00:01:03.409817+00:00,2026-07-10T00:01:03.409679,2,3,110.75,0.3,110.6,100,110.4,150,,,,,,,,,,,,,,,,,110.9,155,111.1,100,111.2,40,,,,,,,,,,,,,,
2026-07-10T00:01:03.589087+00:00,2026-07-10T00:01:03.589003,2,3,110.75,0.3,110.6,105,110.4,150,,,,,,,,,,,,,,,,,110.9,155,111.1,100,111.2,40,,,,,,,,,,,,,,
2026-07-10T00:01:04.327406+00:00,2026-07-10T00:01:04.327357,2,3,110.75,0.3,110.6,65,110.4,190,,,,,,,,,,,,,,,,,110.9,155,111.1,100,111.2,40,,,,,,,,,,,,,,
2026-07-10T00:01:04.332647+00:00,2026-07-10T00:01:04.332587,2,2,110.75,0.3,110.6,60,110.4,190,,,,,,,,,,,,,,,,,110.9,150,111.1,100,,,,,,,,,,,,,,,,
2026-07-10T00:01:04.337938+00:00,2026-07-10T00:01:04.337852,2,2,110.75,0.3,110.6,65,110.4,190,,,,,,,,,,,,,,,,,110.9,155,111.1,140,,,,,,,,,,,,,,,,
2026-07-10T00:01:04.684259+00:00,2026-07-10T00:01:04.684215,2,2,110.75,0.3,110.6,19,110.4,190,,,,,,,,,,,,,,,,,110.9,155,111.1,140,,,,,,,,,,,,,,,,
2026-07-10T00:01:05.263873+00:00,2026-07-10T00:01:05.263785,2,2,110.75,0.3,110.6,10,110.4,190,,,,,,,,,,,,,,,,,110.9,155,111.1,40,,,,,,,,,,,,,,,,
2026-07-10T00:01:05.269077+00:00,2026-07-10T00:01:05.269028,2,2,110.75,0.3,110.6,10,110.4,40,,,,,,,,,,,,,,,,,110.9,5,111.1,40,,,,,,,,,,,,,,,,
2026-07-10T00:01:05.319493+00:00,2026-07-10T00:01:05.319600,3,2,110.75,0.3,110.6,10,110.4,40,110.2,100,,,,,,,,,,,,,,,110.9,5,111.1,40,,,,,,,,,,,,,,,,
2026-07-10T00:01:05.330201+00:00,2026-07-10T00:01:05.330112,3,2,110.75,0.3,110.6,10,110.4,190,110.2,100,,,,,,,,,,,,,,,110.9,5,111.1,40,,,,,,,,,,,,,,,,
2026-07-10T00:01:05.358556+00:00,2026-07-10T00:01:05.357538,3,1,110.85,0.5,110.6,5,110.4,190,110.2,100,,,,,,,,,,,,,,,111.1,40,,,,,,,,,,,,,,,,,,
2026-07-10T00:01:05.363602+00:00,2026-07-10T00:01:05.363730,3,1,110.85,0.5,110.6,10,110.4,190,110.2,100,,,,,,,,,,,,,,,111.1,40,,,,,,,,,,,,,,,,,,
2026-07-10T00:01:05.369026+00:00,2026-07-10T00:01:05.368979,3,3,110.65,0.1,110.6,10,110.4,190,110.2,100,,,,,,,,,,,,,,,110.7,100,110.9,5,111.1,40,,,,,,,,,,,,,,
2026-07-10T00:01:05.381706+00:00,2026-07-10T00:01:05.381614,3,3,110.65,0.1,110.6,10,110.4,190,110.2,100,,,,,,,,,,,,,,,110.7,100,110.9,155,111.1,40,,,,,,,,,,,,,,
2026-07-10T00:01:05.393838+00:00,2026-07-10T00:01:05.393741,3,3,110.65,0.1,110.6,10,110.4,150,110.2,100,,,,,,,,,,,,,,,110.7,100,110.9,155,111.1,40,,,,,,,,,,,,,,
2026-07-10T00:01:05.399111+00:00,2026-07-10T00:01:05.398998,4,3,110.65,0.1,110.6,10,110.5,40,110.4,150,110.2,100,,,,,,,,,,,,,110.7,100,110.9,155,111.1,40,,,,,,,,,,,,,,
2026-07-10T00:01:05.426638+00:00,2026-07-10T00:01:05.426539,4,3,110.65,0.1,110.6,10,110.5,40,110.4,150,110.2,100,,,,,,,,,,,,,110.7,80,110.9,155,111.1,40,,,,,,,,,,,,,,
2026-07-10T00:01:05.521124+00:00,2026-07-10T00:01:05.521060,2,3,110.55,0.3,110.4,150,110.2,100,,,,,,,,,,,,,,,,,110.7,80,110.9,155,111.1,40,,,,,,,,,,,,,,
2026-07-10T00:01:05.556688+00:00,2026-07-10T00:01:05.557199,2,3,110.55,0.3,110.4,190,110.2,100,,,,,,,,,,,,,,,,,110.7,80,110.9,155,111.1,40,,,,,,,,,,,,,,
2026-07-10T00:01:05.570659+00:00,2026-07-10T00:01:05.570519,2,3,110.55,0.3,110.4,190,110.2,100,,,,,,,,,,,,,,,,,110.7,80,110.9,155,111.0,40,,,,,,,,,,,,,,
2026-07-10T00:01:05.740955+00:00,2026-07-10T00:01:05.740836,2,2,110.55,0.3,110.4,150,110.2,100,,,,,,,,,,,,,,,,,110.7,80,110.9,155,,,,,,,,,,,,,,,,
2026-07-10T00:01:05.746168+00:00,2026-07-10T00:01:05.746101,2,3,110.55,0.3,110.4,150,110.2,100,,,,,,,,,,,,,,,,,110.7,80,110.9,155,111.1,40,,,,,,,,,,,,,,
2026-07-10T00:01:05.906080+00:00,2026-07-10T00:01:05.905960,3,3,110.6,0.2,110.5,40,110.4,150,110.2,100,,,,,,,,,,,,,,,110.7,80,110.9,155,111.1,40,,,,,,,,,,,,,,
2026-07-10T00:01:05.923499+00:00,2026-07-10T00:01:05.923633,3,3,110.6,0.2,110.5,45,110.4,150,110.2,100,,,,,,,,,,,,,,,110.7,80,110.9,155,111.1,40,,,,,,,,,,,,,,
2026-07-10T00:01:06.383731+00:00,2026-07-10T00:01:06.383874,3,3,110.6,0.2,110.5,50,110.4,150,110.2,100,,,,,,,,,,,,,,,110.7,80,110.9,150,111.1,40,,,,,,,,,,,,,,
2026-07-10T00:01:06.389167+00:00,2026-07-10T00:01:06.389078,3,3,110.6,0.2,110.5,50,110.4,150,110.2,100,,,,,,,,,,,,,,,110.7,85,110.9,150,111.1,40,,,,,,,,,,,,,,
2026-07-10T00:01:07.406317+00:00,2026-07-10T00:01:07.406535,3,3,110.6,0.2,110.5,45,110.4,150,110.2,100,,,,,,,,,,,,,,,110.7,85,110.9,150,111.1,40,,,,,,,,,,,,,,
2026-07-10T00:01:07.417291+00:00,2026-07-10T00:01:07.417165,3,3,110.6,0.2,110.5,50,110.4,150,110.2,100,,,,,,,,,,,,,,,110.7,80,110.9,150,111.1,40,,,,,,,,,,,,,,
2026-07-10T00:01:07.422494+00:00,2026-07-10T00:01:07.422433,3,3,110.6,0.2,110.5,50,110.4,150,110.2,100,,,,,,,,,,,,,,,110.7,85,110.9,150,111.1,40,,,,,,,,,,,,,,
2026-07-10T00:01:07.633323+00:00,2026-07-10T00:01:07.633478,2,3,110.55,0.3,110.4,150,110.2,100,,,,,,,,,,,,,,,,,110.7,85,110.9,150,111.1,40,,,,,,,,,,,,,,
2026-07-10T00:01:07.722640+00:00,2026-07-10T00:01:07.722587,2,3,110.55,0.3,110.4,150,110.2,100,,,,,,,,,,,,,,,,,110.7,85,110.9,150,111.0,40,,,,,,,,,,,,,,
2026-07-10T00:01:08.307472+00:00,2026-07-10T00:01:08.307382,2,3,110.55,0.3,110.4,150,110.2,100,,,,,,,,,,,,,,,,,110.7,39,110.9,150,111.0,40,,,,,,,,,,,,,,
2026-07-10T00:01:08.427657+00:00,2026-07-10T00:01:08.427518,1,3,110.55,0.3,110.4,150,,,,,,,,,,,,,,,,,,,110.7,5,110.9,150,111.0,40,,,,,,,,,,,,,,
2026-07-10T00:01:08.433007+00:00,2026-07-10T00:01:08.432876,1,2,110.55,0.3,110.4,150,,,,,,,,,,,,,,,,,,,110.7,5,111.0,40,,,,,,,,,,,,,,,,
2026-07-10T00:01:08.438241+00:00,2026-07-10T00:01:08.438124,0,2,,,,,,,,,,,,,,,,,,,,,,,110.7,5,111.0,40,,,,,,,,,,,,,,,,
2026-07-10T00:01:08.482228+00:00,2026-07-10T00:01:08.482009,1,2,110.65,0.1,110.6,100,,,,,,,,,,,,,,,,,,,110.7,5,111.0,40,,,,,,,,,,,,,,,,
2026-07-10T00:01:08.503473+00:00,2026-07-10T00:01:08.503308,2,2,110.65,0.1,110.6,100,110.5,150,,,,,,,,,,,,,,,,,110.7,5,111.0,40,,,,,,,,,,,,,,,,
2026-07-10T00:01:08.537584+00:00,2026-07-10T00:01:08.537446,2,3,110.65,0.1,110.6,100,110.5,150,,,,,,,,,,,,,,,,,110.7,5,111.0,40,111.1,100,,,,,,,,,,,,,,
2026-07-10T00:01:08.558680+00:00,2026-07-10T00:01:08.555619,2,3,110.65,0.1,110.6,100,110.5,150,,,,,,,,,,,,,,,,,110.7,5,111.0,190,111.1,100,,,,,,,,,,,,,,
2026-07-10T00:01:08.857349+00:00,2026-07-10T00:01:08.857597,2,2,110.8,0.4,110.6,100,110.5,150,,,,,,,,,,,,,,,,,111.0,190,111.1,100,,,,,,,,,,,,,,,,
2026-07-10T00:01:09.575404+00:00,2026-07-10T00:01:09.575309,2,2,110.8,0.4,110.6,100,110.5,150,,,,,,,,,,,,,,,,,111.0,150,111.1,100,,,,,,,,,,,,,,,,
2026-07-10T00:01:09.580432+00:00,2026-07-10T00:01:09.580537,2,3,110.75,0.3,110.6,100,110.5,150,,,,,,,,,,,,,,,,,110.9,40,111.0,150,111.1,100,,,,,,,,,,,,,,
2026-07-10T00:01:09.736047+00:00,2026-07-10T00:01:09.735982,2,3,110.75,0.3,110.6,50,110.5,150,,,,,,,,,,,,,,,,,110.9,40,111.0,150,111.1,100,,,,,,,,,,,,,,
2026-07-10T00:01:10.516062+00:00,2026-07-10T00:01:10.516027,2,3,110.75,0.3,110.6,55,110.5,150,,,,,,,,,,,,,,,,,110.9,40,111.0,150,111.1,100,,,,,,,,,,,,,,
2026-07-10T00:01:10.521332+00:00,2026-07-10T00:01:10.521244,2,3,110.75,0.3,110.6,55,110.5,150,,,,,,,,,,,,,,,,,110.9,45,111.0,150,111.1,100,,,,,,,,,,,,,,
2026-07-10T00:01:10.645571+00:00,2026-07-10T00:01:10.645710,2,4,110.7,0.2,110.6,55,110.5,150,,,,,,,,,,,,,,,,,110.8,40,110.9,5,111.0,150,111.1,100,,,,,,,,,,,,
2026-07-10T00:01:10.958642+00:00,2026-07-10T00:01:10.952979,2,3,110.75,0.3,110.6,55,110.5,150,,,,,,,,,,,,,,,,,110.9,5,111.0,190,111.1,100,,,,,,,,,,,,,,
2026-07-10T00:01:11.458636+00:00,2026-07-10T00:01:11.457592,2,3,110.75,0.3,110.6,6,110.5,150,,,,,,,,,,,,,,,,,110.9,5,111.0,190,111.1,100,,,,,,,,,,,,,,
2026-07-10T00:01:11.532939+00:00,2026-07-10T00:01:11.532847,2,3,110.75,0.3,110.6,1,110.5,150,,,,,,,,,,,,,,,,,110.9,5,111.0,190,111.1,100,,,,,,,,,,,,,,
2026-07-10T00:01:11.538164+00:00,2026-07-10T00:01:11.538096,2,2,110.8,0.4,110.6,1,110.5,150,,,,,,,,,,,,,,,,,111.0,190,111.1,100,,,,,,,,,,,,,,,,
2026-07-10T00:01:11.543378+00:00,2026-07-10T00:01:11.543303,2,2,110.8,0.4,110.6,6,110.5,150,,,,,,,,,,,,,,,,,111.0,190,111.1,100,,,,,,,,,,,,,,,,
2026-07-10T00:01:11.548651+00:00,2026-07-10T00:01:11.548535,2,3,110.75,0.3,110.6,6,110.5,150,,,,,,,,,,,,,,,,,110.9,5,111.0,190,111.1,100,,,,,,,,,,,,,,
2026-07-10T00:01:11.590918+00:00,2026-07-10T00:01:11.590734,2,2,110.75,0.3,110.6,5,110.5,150,,,,,,,,,,,,,,,,,110.9,5,111.0,190,,,,,,,,,,,,,,,,
2026-07-10T00:01:11.610453+00:00,2026-07-10T00:01:11.610432,1,2,110.75,0.3,110.6,5,,,,,,,,,,,,,,,,,,,110.9,5,111.0,40,,,,,,,,,,,,,,,,
2026-07-10T00:01:11.646094+00:00,2026-07-10T00:01:11.645958,2,2,110.75,0.3,110.6,5,110.3,100,,,,,,,,,,,,,,,,,110.9,5,111.0,40,,,,,,,,,,,,,,,,
2026-07-10T00:01:11.669004+00:00,2026-07-10T00:01:11.668811,2,2,110.75,0.3,110.6,155,110.3,100,,,,,,,,,,,,,,,,,110.9,5,111.0,40,,,,,,,,,,,,,,,,
2026-07-10T00:01:11.705896+00:00,2026-07-10T00:01:11.705801,2,3,110.7,0.2,110.6,155,110.3,100,,,,,,,,,,,,,,,,,110.8,100,110.9,5,111.0,40,,,,,,,,,,,,,,
2026-07-10T00:01:11.721264+00:00,2026-07-10T00:01:11.721039,2,4,110.7,0.2,110.6,155,110.3,100,,,,,,,,,,,,,,,,,110.8,100,110.9,5,111.0,40,111.1,150,,,,,,,,,,,,
2026-07-10T00:01:11.795845+00:00,2026-07-10T00:01:11.795789,2,4,110.7,0.2,110.6,155,110.3,100,,,,,,,,,,,,,,,,,110.8,50,110.9,5,111.0,40,111.1,150,,,,,,,,,,,,
2026-07-10T00:01:12.574327+00:00,2026-07-10T00:01:12.574468,2,3,110.7,0.2,110.6,150,110.3,100,,,,,,,,,,,,,,,,,110.8,50,111.0,40,111.1,150,,,,,,,,,,,,,,
2026-07-10T00:01:12.579757+00:00,2026-07-10T00:01:12.579697,2,3,110.7,0.2,110.6,155,110.3,100,,,,,,,,,,,,,,,,,110.8,50,111.0,40,111.1,150,,,,,,,,,,,,,,
2026-07-10T00:01:12.584988+00:00,2026-07-10T00:01:12.584911,2,3,110.7,0.2,110.6,155,110.3,100,,,,,,,,,,,,,,,,,110.8,55,111.0,40,111.1,150,,,,,,,,,,,,,,
2026-07-10T00:01:13.084523+00:00,2026-07-10T00:01:13.084396,2,3,110.7,0.2,110.6,155,110.3,100,,,,,,,,,,,,,,,,,110.8,12,111.0,40,111.1,150,,,,,,,,,,,,,,
2026-07-10T00:01:13.599442+00:00,2026-07-10T00:01:13.599565,2,3,110.7,0.2,110.6,150,110.3,100,,,,,,,,,,,,,,,,,110.8,7,111.0,40,111.1,150,,,,,,,,,,,,,,
2026-07-10T00:01:13.604657+00:00,2026-07-10T00:01:13.604849,2,3,110.7,0.2,110.6,155,110.3,100,,,,,,,,,,,,,,,,,110.8,12,111.0,40,111.1,150,,,,,,,,,,,,,,
2026-07-10T00:01:13.902491+00:00,2026-07-10T00:01:13.902452,2,2,110.8,0.4,110.6,155,110.3,100,,,,,,,,,,,,,,,,,111.0,2,111.1,150,,,,,,,,,,,,,,,,
2026-07-10T00:01:14.005844+00:00,2026-07-10T00:01:14.005743,3,1,110.85,0.5,110.6,155,110.5,38,110.3,100,,,,,,,,,,,,,,,111.1,150,,,,,,,,,,,,,,,,,,
2026-07-10T00:01:14.010821+00:00,2026-07-10T00:01:14.010924,3,1,110.85,0.5,110.6,155,110.5,38,110.3,100,,,,,,,,,,,,,,,111.1,190,,,,,,,,,,,,,,,,,,
2026-07-10T00:01:14.624792+00:00,2026-07-10T00:01:14.624751,3,1,110.85,0.5,110.6,150,110.5,38,110.3,100,,,,,,,,,,,,,,,111.1,190,,,,,,,,,,,,,,,,,,
2026-07-10T00:01:14.630010+00:00,2026-07-10T00:01:14.629977,3,1,110.85,0.5,110.6,155,110.5,38,110.3,100,,,,,,,,,,,,,,,111.1,195,,,,,,,,,,,,,,,,,,
2026-07-10T00:01:14.734706+00:00,2026-07-10T00:01:14.734806,3,1,110.85,0.5,110.6,108,110.5,38,110.3,100,,,,,,,,,,,,,,,111.1,195,,,,,,,,,,,,,,,,,,
2026-07-10T00:01:14.755711+00:00,2026-07-10T00:01:14.755853,2,1,110.85,0.5,110.6,108,110.5,38,,,,,,,,,,,,,,,,,111.1,195,,,,,,,,,,,,,,,,,,
2026-07-10T00:01:14.776925+00:00,2026-07-10T00:01:14.776871,2,1,110.85,0.5,110.6,5,110.5,38,,,,,,,,,,,,,,,,,111.1,45,,,,,,,,,,,,,,,,,,
2026-07-10T00:01:14.792672+00:00,2026-07-10T00:01:14.792611,1,1,110.85,0.5,110.6,5,,,,,,,,,,,,,,,,,,,111.1,5,,,,,,,,,,,,,,,,,,
2026-07-10T00:01:14.797945+00:00,2026-07-10T00:01:14.797848,1,2,110.85,0.5,110.6,5,,,,,,,,,,,,,,,,,,,111.1,5,111.4,40,,,,,,,,,,,,,,,,
2026-07-10T00:01:14.811587+00:00,2026-07-10T00:01:14.811402,1,2,110.85,0.5,110.6,105,,,,,,,,,,,,,,,,,,,111.1,5,111.4,40,,,,,,,,,,,,,,,,
2026-07-10T00:01:14.833993+00:00,2026-07-10T00:01:14.833915,2,2,110.85,0.5,110.6,105,110.3,150,,,,,,,,,,,,,,,,,111.1,5,111.4,40,,,,,,,,,,,,,,,,
2026-07-10T00:01:14.865249+00:00,2026-07-10T00:01:14.865143,2,2,110.85,0.5,110.6,105,110.3,150,,,,,,,,,,,,,,,,,111.1,105,111.4,40,,,,,,,,,,,,,,,,
2026-07-10T00:01:14.889162+00:00,2026-07-10T00:01:14.888975,2,3,110.7,0.2,110.6,105,110.3,150,,,,,,,,,,,,,,,,,110.8,150,111.1,105,111.4,40,,,,,,,,,,,,,,
2026-07-10T00:01:14.958550+00:00,2026-07-10T00:01:14.952694,2,3,110.7,0.2,110.6,143,110.3,150,,,,,,,,,,,,,,,,,110.8,150,111.1,105,111.3,40,,,,,,,,,,,,,,
2026-07-10T00:01:14.985293+00:00,2026-07-10T00:01:14.978815,2,3,110.7,0.2,110.6,143,110.3,150,,,,,,,,,,,,,,,,,110.8,147,111.1,105,111.3,40,,,,,,,,,,,,,,
2026-07-10T00:01:15.053482+00:00,2026-07-10T00:01:15.053392,2,3,110.7,0.2,110.6,143,110.3,150,,,,,,,,,,,,,,,,,110.8,122,111.1,105,111.3,40,,,,,,,,,,,,,,
2026-07-10T00:01:15.123000+00:00,2026-07-10T00:01:15.122899,2,3,110.7,0.2,110.6,105,110.3,150,,,,,,,,,,,,,,,,,110.8,122,111.1,105,111.3,40,,,,,,,,,,,,,,
2026-07-10T00:01:15.285633+00:00,2026-07-10T00:01:15.285807,3,3,110.75,0.1,110.7,38,110.6,105,110.3,150,,,,,,,,,,,,,,,110.8,122,111.1,105,111.3,40,,,,,,,,,,,,,,
2026-07-10T00:01:15.573346+00:00,2026-07-10T00:01:15.573171,3,3,110.75,0.1,110.7,38,110.6,109,110.3,150,,,,,,,,,,,,,,,110.8,122,111.1,105,111.3,40,,,,,,,,,,,,,,
2026-07-10T00:01:15.658775+00:00,2026-07-10T00:01:15.658677,3,3,110.75,0.1,110.7,38,110.6,104,110.3,150,,,,,,,,,,,,,,,110.8,122,111.1,100,111.3,40,,,,,,,,,,,,,,
2026-07-10T00:01:15.664102+00:00,2026-07-10T00:01:15.663938,3,3,110.75,0.1,110.7,43,110.6,104,110.3,150,,,,,,,,,,,,,,,110.8,127,111.1,100,111.3,40,,,,,,,,,,,,,,
2026-07-10T00:01:15.719115+00:00,2026-07-10T00:01:15.719065,3,4,110.75,0.1,110.7,43,110.6,104,110.3,150,,,,,,,,,,,,,,,110.8,127,110.9,2,111.1,100,111.3,40,,,,,,,,,,,,
2026-07-10T00:01:15.800290+00:00,2026-07-10T00:01:15.800456,3,4,110.75,0.1,110.7,43,110.6,104,110.3,150,,,,,,,,,,,,,,,110.8,81,110.9,2,111.1,100,111.3,40,,,,,,,,,,,,
2026-07-10T00:01:16.012968+00:00,2026-07-10T00:01:16.012863,3,4,110.75,0.1,110.7,43,110.6,104,110.3,150,,,,,,,,,,,,,,,110.8,31,110.9,2,111.1,100,111.3,40,,,,,,,,,,,,
2026-07-10T00:01:16.200225+00:00,2026-07-10T00:01:16.200112,3,4,110.75,0.1,110.7,5,110.6,104,110.3,150,,,,,,,,,,,,,,,110.8,31,110.9,2,111.1,100,111.3,40,,,,,,,,,,,,
2026-07-10T00:01:16.205403+00:00,2026-07-10T00:01:16.205381,3,3,110.75,0.1,110.7,5,110.6,104,110.3,150,,,,,,,,,,,,,,,110.8,31,110.9,2,111.1,140,,,,,,,,,,,,,,
2026-07-10T00:01:16.358122+00:00,2026-07-10T00:01:16.358221,4,3,110.75,0.1,110.7,5,110.6,104,110.4,38,110.3,150,,,,,,,,,,,,,110.8,31,110.9,2,111.1,140,,,,,,,,,,,,,,
2026-07-10T00:01:16.601290+00:00,2026-07-10T00:01:16.601395,4,3,110.75,0.1,110.7,5,110.6,104,110.4,38,110.3,150,,,,,,,,,,,,,110.8,31,110.9,1,111.1,140,,,,,,,,,,,,,,
2026-07-10T00:01:16.686154+00:00,2026-07-10T00:01:16.686057,3,3,110.7,0.2,110.6,104,110.4,38,110.3,150,,,,,,,,,,,,,,,110.8,26,110.9,1,111.1,140,,,,,,,,,,,,,,
2026-07-10T00:01:16.691135+00:00,2026-07-10T00:01:16.691253,4,3,110.75,0.1,110.7,5,110.6,104,110.4,38,110.3,150,,,,,,,,,,,,,110.8,26,110.9,1,111.1,140,,,,,,,,,,,,,,
2026-07-10T00:01:16.696496+00:00,2026-07-10T00:01:16.696441,4,3,110.75,0.1,110.7,5,110.6,104,110.4,38,110.3,150,,,,,,,,,,,,,110.8,31,110.9,1,111.1,140,,,,,,,,,,,,,,
2026-07-10T00:01:16.780722+00:00,2026-07-10T00:01:16.780900,3,3,110.7,0.2,110.6,63,110.4,38,110.3,150,,,,,,,,,,,,,,,110.8,31,110.9,1,111.1,140,,,,,,,,,,,,,,
2026-07-10T00:01:17.133398+00:00,2026-07-10T00:01:17.133278,3,2,110.7,0.2,110.6,63,110.4,38,110.3,150,,,,,,,,,,,,,,,110.8,31,111.1,140,,,,,,,,,,,,,,,,
2026-07-10T00:01:17.424177+00:00,2026-07-10T00:01:17.419253,2,2,110.7,0.2,110.6,63,110.3,150,,,,,,,,,,,,,,,,,110.8,20,111.1,140,,,,,,,,,,,,,,,,
2026-07-10T00:01:17.439988+00:00,2026-07-10T00:01:17.439638,2,2,110.7,0.2,110.6,63,110.3,150,,,,,,,,,,,,,,,,,110.8,20,111.1,100,,,,,,,,,,,,,,,,
2026-07-10T00:01:17.445064+00:00,2026-07-10T00:01:17.445030,2,3,110.7,0.2,110.6,63,110.3,150,,,,,,,,,,,,,,,,,110.8,20,111.1,100,111.4,40,,,,,,,,,,,,,,
2026-07-10T00:01:17.469317+00:00,2026-07-10T00:01:17.469239,2,2,110.85,0.5,110.6,63,110.3,150,,,,,,,,,,,,,,,,,111.1,100,111.4,40,,,,,,,,,,,,,,,,
2026-07-10T00:01:17.608007+00:00,2026-07-10T00:01:17.607942,3,2,110.9,0.4,110.7,38,110.6,63,110.3,150,,,,,,,,,,,,,,,111.1,100,111.4,40,,,,,,,,,,,,,,,,
2026-07-10T00:01:17.707904+00:00,2026-07-10T00:01:17.707848,3,2,110.9,0.4,110.7,43,110.6,63,110.3,150,,,,,,,,,,,,,,,111.1,100,111.4,40,,,,,,,,,,,,,,,,
2026-07-10T00:01:17.713224+00:00,2026-07-10T00:01:17.713055,3,2,110.9,0.4,110.7,43,110.6,63,110.3,150,,,,,,,,,,,,,,,111.1,105,111.4,40,,,,,,,,,,,,,,,,
2026-07-10T00:01:17.765235+00:00,2026-07-10T00:01:17.765065,3,2,110.9,0.4,110.7,5,110.6,63,110.3,150,,,,,,,,,,,,,,,111.1,105,111.4,40,,,,,,,,,,,,,,,,
2026-07-10T00:01:17.897798+00:00,2026-07-10T00:01:17.897682,3,2,110.9,0.4,110.7,5,110.6,63,110.3,150,,,,,,,,,,,,,,,111.1,64,111.4,40,,,,,,,,,,,,,,,,
2026-07-10T00:01:17.920853+00:00,2026-07-10T00:01:17.920823,4,2,110.95,0.3,110.8,38,110.7,5,110.6,4,110.3,150,,,,,,,,,,,,,111.1,5,111.4,40,,,,,,,,,,,,,,,,
2026-07-10T00:01:17.943741+00:00,2026-07-10T00:01:17.943628,3,2,110.95,0.3,110.8,38,110.7,5,110.6,4,,,,,,,,,,,,,,,111.1,5,111.4,40,,,,,,,,,,,,,,,,
2026-07-10T00:01:17.975028+00:00,2026-07-10T00:01:17.974924,4,2,111.0,0.2,110.9,100,110.8,38,110.7,5,110.6,4,,,,,,,,,,,,,111.1,5,111.4,40,,,,,,,,,,,,,,,,
2026-07-10T00:01:18.006553+00:00,2026-07-10T00:01:18.000752,5,1,111.3,0.2,111.2,131,110.9,100,110.8,38,110.7,5,110.6,4,,,,,,,,,,,111.4,40,,,,,,,,,,,,,,,,,,
2026-07-10T00:01:18.023942+00:00,2026-07-10T00:01:18.021830,5,1,111.3,0.2,111.2,131,110.9,100,110.8,38,110.7,5,110.6,4,,,,,,,,,,,111.4,140,,,,,,,,,,,,,,,,,,
2026-07-10T00:01:18.049916+00:00,2026-07-10T00:01:18.049789,5,2,111.3,0.2,111.2,131,110.9,100,110.8,38,110.7,5,110.6,4,,,,,,,,,,,111.4,140,111.7,150,,,,,,,,,,,,,,,,
2026-07-10T00:01:18.170049+00:00,2026-07-10T00:01:18.169855,5,2,111.3,0.2,111.2,81,110.9,100,110.8,38,110.7,5,110.6,4,,,,,,,,,,,111.4,140,111.7,150,,,,,,,,,,,,,,,,
2026-07-10T00:01:18.728979+00:00,2026-07-10T00:01:18.728877,4,2,111.3,0.2,111.2,81,110.9,100,110.8,38,110.6,4,,,,,,,,,,,,,111.4,140,111.7,150,,,,,,,,,,,,,,,,
2026-07-10T00:01:18.750609+00:00,2026-07-10T00:01:18.744905,4,2,111.3,0.2,111.2,83,110.9,100,110.8,38,110.6,4,,,,,,,,,,,,,111.4,145,111.7,150,,,,,,,,,,,,,,,,
2026-07-10T00:01:18.838222+00:00,2026-07-10T00:01:18.838133,4,2,111.3,0.2,111.2,43,110.9,100,110.8,38,110.6,4,,,,,,,,,,,,,111.4,145,111.7,150,,,,,,,,,,,,,,,,
2026-07-10T00:01:18.843458+00:00,2026-07-10T00:01:18.843383,4,2,111.3,0.2,111.2,43,110.9,100,110.7,40,110.6,4,,,,,,,,,,,,,111.4,145,111.7,150,,,,,,,,,,,,,,,,
2026-07-10T00:01:18.848653+00:00,2026-07-10T00:01:18.848606,4,2,111.3,0.2,111.2,43,110.9,100,110.7,40,110.6,4,,,,,,,,,,,,,111.4,105,111.7,150,,,,,,,,,,,,,,,,
2026-07-10T00:01:18.854006+00:00,2026-07-10T00:01:18.853809,4,3,111.25,0.1,111.2,43,110.9,100,110.7,40,110.6,4,,,,,,,,,,,,,111.3,40,111.4,105,111.7,150,,,,,,,,,,,,,,
2026-07-10T00:01:18.883981+00:00,2026-07-10T00:01:18.883875,3,3,111.1,0.4,110.9,100,110.7,40,110.6,4,,,,,,,,,,,,,,,111.3,40,111.4,105,111.7,150,,,,,,,,,,,,,,
2026-07-10T00:01:19.021787+00:00,2026-07-10T00:01:19.021724,3,3,111.1,0.4,110.9,60,110.8,40,110.6,4,,,,,,,,,,,,,,,111.3,40,111.4,105,111.7,150,,,,,,,,,,,,,,
2026-07-10T00:01:19.027036+00:00,2026-07-10T00:01:19.026917,3,2,111.15,0.5,110.9,60,110.8,40,110.6,4,,,,,,,,,,,,,,,111.4,105,111.7,150,,,,,,,,,,,,,,,,
2026-07-10T00:01:19.037509+00:00,2026-07-10T00:01:19.037353,3,2,111.15,0.5,110.9,60,110.8,40,110.6,4,,,,,,,,,,,,,,,111.4,145,111.7,150,,,,,,,,,,,,,,,,
2026-07-10T00:01:19.758585+00:00,2026-07-10T00:01:19.754370,3,2,111.15,0.5,110.9,60,110.8,40,110.6,4,,,,,,,,,,,,,,,111.4,140,111.7,150,,,,,,,,,,,,,,,,
2026-07-10T00:01:19.768889+00:00,2026-07-10T00:01:19.768848,3,2,111.15,0.5,110.9,65,110.8,40,110.6,4,,,,,,,,,,,,,,,111.4,145,111.7,150,,,,,,,,,,,,,,,,
2026-07-10T00:01:20.277037+00:00,2026-07-10T00:01:20.276916,3,2,111.15,0.5,110.9,15,110.8,40,110.6,4,,,,,,,,,,,,,,,111.4,145,111.7,150,,,,,,,,,,,,,,,,
2026-07-10T00:01:20.785183+00:00,2026-07-10T00:01:20.785099,3,2,111.15,0.5,110.9,10,110.8,40,110.6,4,,,,,,,,,,,,,,,111.4,140,111.7,150,,,,,,,,,,,,,,,,
2026-07-10T00:01:20.790494+00:00,2026-07-10T00:01:20.790334,3,2,111.15,0.5,110.9,15,110.8,40,110.6,4,,,,,,,,,,,,,,,111.4,140,111.7,150,,,,,,,,,,,,,,,,
2026-07-10T00:01:20.795588+00:00,2026-07-10T00:01:20.795544,3,2,111.15,0.5,110.9,15,110.8,40,110.6,4,,,,,,,,,,,,,,,111.4,145,111.7,150,,,,,,,,,,,,,,,,
2026-07-10T00:01:21.080768+00:00,2026-07-10T00:01:21.080908,3,2,111.15,0.5,110.9,5,110.8,40,110.6,4,,,,,,,,,,,,,,,111.4,45,111.7,150,,,,,,,,,,,,,,,,
2026-07-10T00:01:21.109363+00:00,2026-07-10T00:01:21.109456,3,1,111.15,0.5,110.9,5,110.8,40,110.6,4,,,,,,,,,,,,,,,111.4,45,,,,,,,,,,,,,,,,,,
2026-07-10T00:01:21.136335+00:00,2026-07-10T00:01:21.136256,4,1,111.15,0.5,110.9,5,110.8,40,110.6,4,110.4,100,,,,,,,,,,,,,111.4,45,,,,,,,,,,,,,,,,,,
2026-07-10T00:01:21.158604+00:00,2026-07-10T00:01:21.157454,4,1,111.15,0.5,110.9,5,110.8,40,110.6,4,110.4,250,,,,,,,,,,,,,111.4,45,,,,,,,,,,,,,,,,,,
2026-07-10T00:01:21.215360+00:00,2026-07-10T00:01:21.208247,3,2,110.85,0.1,110.8,40,110.6,4,110.4,250,,,,,,,,,,,,,,,110.9,242,111.4,45,,,,,,,,,,,,,,,,
2026-07-10T00:01:21.256620+00:00,2026-07-10T00:01:21.256498,1,2,110.65,0.5,110.4,249,,,,,,,,,,,,,,,,,,,110.9,242,111.4,45,,,,,,,,,,,,,,,,
2026-07-10T00:01:21.277417+00:00,2026-07-10T00:01:21.277587,2,2,110.8,0.2,110.7,4,110.4,249,,,,,,,,,,,,,,,,,110.9,242,111.4,45,,,,,,,,,,,,,,,,
2026-07-10T00:01:21.323681+00:00,2026-07-10T00:01:21.323489,2,2,110.8,0.2,110.7,44,110.4,249,,,,,,,,,,,,,,,,,110.9,242,111.4,45,,,,,,,,,,,,,,,,
2026-07-10T00:01:21.328924+00:00,2026-07-10T00:01:21.328802,2,3,110.8,0.2,110.7,44,110.4,249,,,,,,,,,,,,,,,,,110.9,242,111.3,40,111.4,5,,,,,,,,,,,,,,
2026-07-10T00:01:21.492813+00:00,2026-07-10T00:01:21.492709,2,3,110.8,0.2,110.7,4,110.4,249,,,,,,,,,,,,,,,,,110.9,242,111.3,40,111.4,5,,,,,,,,,,,,,,
2026-07-10T00:01:21.497998+00:00,2026-07-10T00:01:21.497937,3,2,110.85,0.1,110.8,38,110.7,4,110.4,249,,,,,,,,,,,,,,,110.9,242,111.4,5,,,,,,,,,,,,,,,,
2026-07-10T00:01:21.503214+00:00,2026-07-10T00:01:21.503118,3,2,110.85,0.1,110.8,38,110.7,4,110.4,249,,,,,,,,,,,,,,,110.9,242,111.4,45,,,,,,,,,,,,,,,,
2026-07-10T00:01:21.716475+00:00,2026-07-10T00:01:21.716305,3,3,110.85,0.1,110.8,38,110.7,4,110.4,249,,,,,,,,,,,,,,,110.9,242,111.0,1,111.4,45,,,,,,,,,,,,,,
2026-07-10T00:01:21.805843+00:00,2026-07-10T00:01:21.805819,3,3,110.85,0.1,110.8,38,110.7,4,110.4,249,,,,,,,,,,,,,,,110.9,242,111.0,1,111.4,40,,,,,,,,,,,,,,
2026-07-10T00:01:21.811155+00:00,2026-07-10T00:01:21.811057,3,3,110.85,0.1,110.8,43,110.7,4,110.4,249,,,,,,,,,,,,,,,110.9,247,111.0,1,111.4,40,,,,,,,,,,,,,,
2026-07-10T00:01:22.734748+00:00,2026-07-10T00:01:22.734581,3,3,110.85,0.1,110.8,43,110.7,4,110.4,249,,,,,,,,,,,,,,,110.9,207,111.0,1,111.4,40,,,,,,,,,,,,,,
2026-07-10T00:01:22.740002+00:00,2026-07-10T00:01:22.739818,3,3,110.85,0.1,110.8,5,110.7,4,110.4,249,,,,,,,,,,,,,,,110.9,207,111.0,1,111.4,40,,,,,,,,,,,,,,
2026-07-10T00:01:22.831305+00:00,2026-07-10T00:01:22.831252,1,3,110.65,0.5,110.4,249,,,,,,,,,,,,,,,,,,,110.9,202,111.0,1,111.4,40,,,,,,,,,,,,,,
2026-07-10T00:01:22.836486+00:00,2026-07-10T00:01:22.836443,2,3,110.85,0.1,110.8,5,110.4,249,,,,,,,,,,,,,,,,,110.9,202,111.0,1,111.4,40,,,,,,,,,,,,,,
2026-07-10T00:01:22.841749+00:00,2026-07-10T00:01:22.841637,2,3,110.85,0.1,110.8,5,110.4,249,,,,,,,,,,,,,,,,,110.9,207,111.0,1,111.4,40,,,,,,,,,,,,,,
2026-07-10T00:01:22.913704+00:00,2026-07-10T00:01:22.913579,3,3,110.85,0.1,110.8,5,110.7,38,110.4,249,,,,,,,,,,,,,,,110.9,207,111.0,1,111.4,40,,,,,,,,,,,,,,
2026-07-10T00:01:23.072427+00:00,2026-07-10T00:01:23.072333,2,3,110.85,0.1,110.8,5,110.4,249,,,,,,,,,,,,,,,,,110.9,207,111.0,1,111.4,40,,,,,,,,,,,,,,
2026-07-10T00:01:23.227654+00:00,2026-07-10T00:01:23.227620,3,3,110.85,0.1,110.8,5,110.6,38,110.4,249,,,,,,,,,,,,,,,110.9,207,111.0,1,111.4,40,,,,,,,,,,,,,,
2026-07-10T00:01:23.474037+00:00,2026-07-10T00:01:23.467083,3,3,110.85,0.1,110.8,5,110.6,38,110.4,249,,,,,,,,,,,,,,,110.9,204,111.0,1,111.4,40,,,,,,,,,,,,,,
2026-07-10T00:01:23.524013+00:00,2026-07-10T00:01:23.523895,3,3,110.85,0.1,110.8,5,110.6,38,110.4,249,,,,,,,,,,,,,,,110.9,181,111.0,1,111.4,40,,,,,,,,,,,,,,
2026-07-10T00:01:23.529220+00:00,2026-07-10T00:01:23.529104,2,3,110.85,0.1,110.8,5,110.4,249,,,,,,,,,,,,,,,,,110.9,181,111.0,1,111.4,40,,,,,,,,,,,,,,
2026-07-10T00:01:23.685377+00:00,2026-07-10T00:01:23.685319,2,3,110.85,0.1,110.8,43,110.4,249,,,,,,,,,,,,,,,,,110.9,181,111.0,1,111.4,40,,,,,,,,,,,,,,
2026-07-10T00:01:23.858556+00:00,2026-07-10T00:01:23.857848,2,3,110.85,0.1,110.8,43,110.4,249,,,,,,,,,,,,,,,,,110.9,181,111.0,1,111.4,40,,,,,,,,,,,,,,
2026-07-10T00:01:24.224644+00:00,2026-07-10T00:01:24.224611,2,2,110.85,0.1,110.8,43,110.4,249,,,,,,,,,,,,,,,,,110.9,181,111.4,40,,,,,,,,,,,,,,,,
2026-07-10T00:01:24.257832+00:00,2026-07-10T00:01:24.258107,2,2,110.85,0.1,110.8,43,110.4,150,,,,,,,,,,,,,,,,,110.9,155,111.4,40,,,,,,,,,,,,,,,,
2026-07-10T00:01:24.269081+00:00,2026-07-10T00:01:24.268959,2,2,110.85,0.1,110.8,43,110.4,150,,,,,,,,,,,,,,,,,110.9,5,111.4,40,,,,,,,,,,,,,,,,
2026-07-10T00:01:24.274049+00:00,2026-07-10T00:01:24.274138,1,2,110.85,0.1,110.8,43,,,,,,,,,,,,,,,,,,,110.9,5,111.4,40,,,,,,,,,,,,,,,,
2026-07-10T00:01:24.320167+00:00,2026-07-10T00:01:24.320118,1,2,110.85,0.1,110.8,143,,,,,,,,,,,,,,,,,,,110.9,5,111.4,40,,,,,,,,,,,,,,,,
2026-07-10T00:01:24.325484+00:00,2026-07-10T00:01:24.325381,2,2,110.85,0.1,110.8,143,110.6,150,,,,,,,,,,,,,,,,,110.9,5,111.4,40,,,,,,,,,,,,,,,,
2026-07-10T00:01:24.373231+00:00,2026-07-10T00:01:24.373188,2,3,110.85,0.1,110.8,143,110.6,150,,,,,,,,,,,,,,,,,110.9,5,111.3,100,111.4,40,,,,,,,,,,,,,,
2026-07-10T00:01:24.378549+00:00,2026-07-10T00:01:24.378429,2,4,110.85,0.1,110.8,143,110.6,150,,,,,,,,,,,,,,,,,110.9,5,111.1,150,111.3,100,111.4,40,,,,,,,,,,,,
2026-07-10T00:01:24.495582+00:00,2026-07-10T00:01:24.495742,2,4,110.85,0.1,110.8,93,110.6,150,,,,,,,,,,,,,,,,,110.9,5,111.1,150,111.3,100,111.4,40,,,,,,,,,,,,
2026-07-10T00:01:24.558607+00:00,2026-07-10T00:01:24.553581,2,3,110.95,0.3,110.8,93,110.6,150,,,,,,,,,,,,,,,,,111.1,114,111.3,100,111.4,40,,,,,,,,,,,,,,
2026-07-10T00:01:24.593244+00:00,2026-07-10T00:01:24.593180,2,3,110.95,0.3,110.8,93,110.6,150,,,,,,,,,,,,,,,,,111.1,114,111.2,40,111.3,100,,,,,,,,,,,,,,
