recv_time,book_timestamp,n_bids,n_asks,mid,spread,bid_px_0,bid_vol_0,bid_px_1,bid_vol_1,bid_px_2,bid_vol_2,bid_px_3,bid_vol_3,bid_px_4,bid_vol_4,bid_px_5,bid_vol_5,bid_px_6,bid_vol_6,bid_px_7,bid_vol_7,bid_px_8,bid_vol_8,bid_px_9,bid_vol_9,ask_px_0,ask_vol_0,ask_px_1,ask_vol_1,ask_px_2,ask_vol_2,ask_px_3,ask_vol_3,ask_px_4,ask_vol_4,ask_px_5,ask_vol_5,ask_px_6,ask_vol_6,ask_px_7,ask_vol_7,ask_px_8,ask_vol_8,ask_px_9,ask_vol_9
2026-06-29T04:00:00.070492+00:00,2026-06-29T14:00:00.061492,2,2,99.15,0.3,99.0,100,98.8,150,,,,,,,,,,,,,,,,,99.3,106,99.5,100,,,,,,,,,,,,,,,,
2026-06-29T04:00:00.081492+00:00,2026-06-29T14:00:00.080491,2,3,99.15,0.3,99.0,100,98.8,151,,,,,,,,,,,,,,,,,99.3,106,99.5,100,99.6,1,,,,,,,,,,,,,,
2026-06-29T04:00:00.268500+00:00,2026-06-29T14:00:00.258493,2,3,99.15,0.3,99.0,100,98.8,151,,,,,,,,,,,,,,,,,99.3,56,99.5,100,99.6,1,,,,,,,,,,,,,,
2026-06-29T04:00:01.313006+00:00,2026-06-29T14:00:01.308006,2,2,99.25,0.5,99.0,100,98.8,1,,,,,,,,,,,,,,,,,99.5,100,99.6,1,,,,,,,,,,,,,,,,
2026-06-29T04:00:01.368006+00:00,2026-06-29T14:00:01.363006,3,2,99.35,0.3,99.2,150,99.0,100,98.8,1,,,,,,,,,,,,,,,99.5,100,99.6,1,,,,,,,,,,,,,,,,
2026-06-29T04:00:01.423006+00:00,2026-06-29T14:00:01.417006,3,3,99.35,0.3,99.2,150,99.0,100,98.8,1,,,,,,,,,,,,,,,99.5,100,99.6,1,99.7,150,,,,,,,,,,,,,,
2026-06-29T04:00:01.533005+00:00,2026-06-29T14:00:01.531006,2,2,99.4,0.4,99.2,150,98.8,1,,,,,,,,,,,,,,,,,99.6,1,99.7,150,,,,,,,,,,,,,,,,
2026-06-29T04:00:01.588006+00:00,2026-06-29T14:00:01.585006,3,2,99.4,0.4,99.2,150,99.1,100,98.8,1,,,,,,,,,,,,,,,99.6,1,99.7,150,,,,,,,,,,,,,,,,
2026-06-29T04:00:01.643006+00:00,2026-06-29T14:00:01.637007,3,2,99.4,0.4,99.2,150,99.1,100,98.8,1,,,,,,,,,,,,,,,99.6,101,99.7,150,,,,,,,,,,,,,,,,
2026-06-29T04:00:02.435006+00:00,2026-06-29T14:00:02.429006,3,2,99.4,0.4,99.2,100,99.1,100,98.8,1,,,,,,,,,,,,,,,99.6,101,99.7,150,,,,,,,,,,,,,,,,
2026-06-29T04:00:03.095006+00:00,2026-06-29T14:00:03.088006,2,2,99.4,0.4,99.2,100,99.1,100,,,,,,,,,,,,,,,,,99.6,100,99.7,150,,,,,,,,,,,,,,,,
2026-06-29T04:00:03.106006+00:00,2026-06-29T14:00:03.104006,3,3,99.4,0.4,99.2,100,99.1,100,99.0,1,,,,,,,,,,,,,,,99.6,100,99.7,150,99.8,1,,,,,,,,,,,,,,
2026-06-29T04:00:03.687842+00:00,2026-06-29T14:00:03.686841,3,3,99.4,0.4,99.2,65,99.1,100,99.0,1,,,,,,,,,,,,,,,99.6,100,99.7,150,99.8,1,,,,,,,,,,,,,,
2026-06-29T04:00:03.775833+00:00,2026-06-29T14:00:03.764832,3,3,99.4,0.4,99.2,40,99.1,100,99.0,1,,,,,,,,,,,,,,,99.6,100,99.7,150,99.8,1,,,,,,,,,,,,,,
2026-06-29T04:00:03.786832+00:00,2026-06-29T14:00:03.776833,3,3,99.4,0.4,99.2,5,99.1,100,99.0,1,,,,,,,,,,,,,,,99.6,100,99.7,150,99.8,1,,,,,,,,,,,,,,
2026-06-29T04:00:03.808833+00:00,2026-06-29T14:00:03.797833,2,3,99.35,0.5,99.1,100,99.0,1,,,,,,,,,,,,,,,,,99.6,100,99.7,150,99.8,1,,,,,,,,,,,,,,
2026-06-29T04:00:04.479833+00:00,2026-06-29T14:00:04.472832,2,2,99.35,0.5,99.1,100,99.0,1,,,,,,,,,,,,,,,,,99.6,100,99.8,1,,,,,,,,,,,,,,,,
2026-06-29T04:00:04.534833+00:00,2026-06-29T14:00:04.526832,3,2,99.35,0.5,99.1,100,99.0,1,98.6,150,,,,,,,,,,,,,,,99.6,100,99.8,1,,,,,,,,,,,,,,,,
2026-06-29T04:00:04.545833+00:00,2026-06-29T14:00:04.534833,3,2,99.35,0.5,99.1,50,99.0,1,98.6,150,,,,,,,,,,,,,,,99.6,100,99.8,1,,,,,,,,,,,,,,,,
2026-06-29T04:00:04.589832+00:00,2026-06-29T14:00:04.580833,2,3,99.05,0.1,99.0,1,98.6,150,,,,,,,,,,,,,,,,,99.1,100,99.6,100,99.8,1,,,,,,,,,,,,,,
2026-06-29T04:00:04.699832+00:00,2026-06-29T14:00:04.693832,2,2,99.05,0.1,99.0,1,98.6,150,,,,,,,,,,,,,,,,,99.1,100,99.8,1,,,,,,,,,,,,,,,,
2026-06-29T04:00:04.754347+00:00,2026-06-29T14:00:04.746347,3,2,99.05,0.1,99.0,1,98.7,100,98.6,150,,,,,,,,,,,,,,,99.1,100,99.8,1,,,,,,,,,,,,,,,,
2026-06-29T04:00:04.809347+00:00,2026-06-29T14:00:04.799348,3,3,99.05,0.1,99.0,1,98.7,100,98.6,150,,,,,,,,,,,,,,,99.1,100,99.2,100,99.8,1,,,,,,,,,,,,,,
2026-06-29T04:00:04.886347+00:00,2026-06-29T14:00:04.875348,3,3,99.05,0.1,99.0,1,98.7,100,98.6,150,,,,,,,,,,,,,,,99.1,52,99.2,100,99.8,1,,,,,,,,,,,,,,
2026-06-29T04:00:05.997466+00:00,2026-06-29T14:00:05.995466,3,4,99.05,0.1,99.0,1,98.7,100,98.6,150,,,,,,,,,,,,,,,99.1,52,99.2,100,99.4,5,99.8,1,,,,,,,,,,,,
2026-06-29T04:00:06.140245+00:00,2026-06-29T14:00:06.135244,2,3,98.9,0.4,98.7,100,98.6,150,,,,,,,,,,,,,,,,,99.1,52,99.2,100,99.4,5,,,,,,,,,,,,,,
2026-06-29T04:00:06.151246+00:00,2026-06-29T14:00:06.147246,2,3,98.9,0.4,98.7,100,98.6,151,,,,,,,,,,,,,,,,,99.1,52,99.2,100,99.4,6,,,,,,,,,,,,,,
2026-06-29T04:00:06.679138+00:00,2026-06-29T14:00:06.668342,2,3,98.9,0.4,98.7,50,98.6,151,,,,,,,,,,,,,,,,,99.1,52,99.2,100,99.4,6,,,,,,,,,,,,,,
2026-06-29T04:00:07.646138+00:00,2026-06-29T14:00:07.638138,2,2,98.95,0.5,98.7,50,98.6,1,,,,,,,,,,,,,,,,,99.2,100,99.4,6,,,,,,,,,,,,,,,,
2026-06-29T04:00:07.690138+00:00,2026-06-29T14:00:07.689138,3,2,99.0,0.4,98.8,150,98.7,50,98.6,1,,,,,,,,,,,,,,,99.2,100,99.4,6,,,,,,,,,,,,,,,,
2026-06-29T04:00:07.745138+00:00,2026-06-29T14:00:07.744137,3,3,99.0,0.4,98.8,150,98.7,50,98.6,1,,,,,,,,,,,,,,,99.2,100,99.3,150,99.4,6,,,,,,,,,,,,,,
2026-06-29T04:00:07.888149+00:00,2026-06-29T14:00:07.881150,2,2,99.05,0.5,98.8,150,98.6,1,,,,,,,,,,,,,,,,,99.3,150,99.4,6,,,,,,,,,,,,,,,,
2026-06-29T04:00:07.943149+00:00,2026-06-29T14:00:07.936149,3,2,99.05,0.5,98.8,150,98.6,1,98.4,100,,,,,,,,,,,,,,,99.3,150,99.4,6,,,,,,,,,,,,,,,,
2026-06-29T04:00:08.009149+00:00,2026-06-29T14:00:08.004149,3,3,98.85,0.1,98.8,150,98.6,1,98.4,100,,,,,,,,,,,,,,,98.9,100,99.3,150,99.4,6,,,,,,,,,,,,,,
2026-06-29T04:00:08.778832+00:00,2026-06-29T14:00:08.773832,3,3,98.85,0.1,98.8,100,98.6,1,98.4,100,,,,,,,,,,,,,,,98.9,100,99.3,150,99.4,6,,,,,,,,,,,,,,
2026-06-29T04:00:09.053823+00:00,2026-06-29T14:00:09.052823,3,3,98.85,0.1,98.8,53,98.6,1,98.4,100,,,,,,,,,,,,,,,98.9,100,99.3,150,99.4,6,,,,,,,,,,,,,,
2026-06-29T04:00:09.163832+00:00,2026-06-29T14:00:09.156832,2,3,98.85,0.1,98.8,53,98.4,100,,,,,,,,,,,,,,,,,98.9,100,99.3,150,99.4,5,,,,,,,,,,,,,,
2026-06-29T04:00:09.174832+00:00,2026-06-29T14:00:09.167832,2,4,98.85,0.1,98.8,53,98.4,101,,,,,,,,,,,,,,,,,98.9,100,99.2,1,99.3,150,99.4,5,,,,,,,,,,,,
2026-06-29T04:00:09.790832+00:00,2026-06-29T14:00:09.788832,2,4,98.85,0.1,98.8,53,98.4,101,,,,,,,,,,,,,,,,,98.9,75,99.2,1,99.3,150,99.4,5,,,,,,,,,,,,
2026-06-29T04:00:09.812823+00:00,2026-06-29T14:00:09.808823,2,4,98.85,0.1,98.8,53,98.4,101,,,,,,,,,,,,,,,,,98.9,40,99.2,1,99.3,150,99.4,5,,,,,,,,,,,,
2026-06-29T04:00:09.823824+00:00,2026-06-29T14:00:09.821823,2,4,98.85,0.1,98.8,53,98.4,101,,,,,,,,,,,,,,,,,98.9,15,99.2,1,99.3,150,99.4,5,,,,,,,,,,,,
2026-06-29T04:00:09.834823+00:00,2026-06-29T14:00:09.823824,2,3,98.85,0.1,98.8,53,98.4,101,,,,,,,,,,,,,,,,,98.9,15,99.2,1,99.3,150,,,,,,,,,,,,,,
2026-06-29T04:00:09.900823+00:00,2026-06-29T14:00:09.897823,2,2,99.0,0.4,98.8,53,98.4,101,,,,,,,,,,,,,,,,,99.2,1,99.3,150,,,,,,,,,,,,,,,,
2026-06-29T04:00:10.010832+00:00,2026-06-29T14:00:10.008823,2,2,99.0,0.4,98.8,53,98.4,101,,,,,,,,,,,,,,,,,99.2,1,99.3,156,,,,,,,,,,,,,,,,
2026-06-29T04:00:10.802832+00:00,2026-06-29T14:00:10.797832,1,2,98.8,0.8,98.4,101,,,,,,,,,,,,,,,,,,,99.2,1,99.3,6,,,,,,,,,,,,,,,,
2026-06-29T04:00:10.857822+00:00,2026-06-29T14:00:10.850823,2,2,98.9,0.6,98.6,150,98.4,101,,,,,,,,,,,,,,,,,99.2,1,99.3,6,,,,,,,,,,,,,,,,
2026-06-29T04:00:10.890824+00:00,2026-06-29T14:00:10.882823,2,2,98.9,0.6,98.6,100,98.4,101,,,,,,,,,,,,,,,,,99.2,1,99.3,6,,,,,,,,,,,,,,,,
2026-06-29T04:00:10.912823+00:00,2026-06-29T14:00:10.911823,2,3,98.85,0.5,98.6,100,98.4,101,,,,,,,,,,,,,,,,,99.1,150,99.2,1,99.3,6,,,,,,,,,,,,,,
2026-06-29T04:00:11.066832+00:00,2026-06-29T14:00:11.060832,2,3,98.85,0.5,98.6,100,98.4,1,,,,,,,,,,,,,,,,,99.1,150,99.2,1,99.3,6,,,,,,,,,,,,,,
2026-06-29T04:00:11.121832+00:00,2026-06-29T14:00:11.111900,3,3,99.0,0.2,98.9,100,98.6,100,98.4,1,,,,,,,,,,,,,,,99.1,150,99.2,1,99.3,6,,,,,,,,,,,,,,
2026-06-29T04:00:11.165832+00:00,2026-06-29T14:00:11.164832,3,4,99.0,0.2,98.9,100,98.6,100,98.4,1,,,,,,,,,,,,,,,99.1,150,99.2,1,99.3,6,99.4,100,,,,,,,,,,,,
2026-06-29T04:00:12.188823+00:00,2026-06-29T14:00:12.186823,2,3,99.0,0.2,98.9,100,98.6,100,,,,,,,,,,,,,,,,,99.1,150,99.3,6,99.4,100,,,,,,,,,,,,,,
2026-06-29T04:00:12.199823+00:00,2026-06-29T14:00:12.198823,2,4,99.0,0.2,98.9,100,98.6,100,,,,,,,,,,,,,,,,,99.1,150,99.3,6,99.4,100,99.5,1,,,,,,,,,,,,
2026-06-29T04:00:12.210823+00:00,2026-06-29T14:00:12.199823,3,4,99.0,0.2,98.9,100,98.7,1,98.6,100,,,,,,,,,,,,,,,99.1,150,99.3,6,99.4,100,99.5,1,,,,,,,,,,,,
2026-06-29T04:00:12.232824+00:00,2026-06-29T14:00:12.222823,3,4,99.0,0.2,98.9,100,98.7,1,98.6,100,,,,,,,,,,,,,,,99.1,104,99.3,6,99.4,100,99.5,1,,,,,,,,,,,,
2026-06-29T04:00:12.793832+00:00,2026-06-29T14:00:12.787832,3,4,99.0,0.2,98.9,100,98.7,1,98.6,100,,,,,,,,,,,,,,,99.1,104,99.3,5,99.4,100,99.5,1,,,,,,,,,,,,
2026-06-29T04:00:13.002823+00:00,2026-06-29T14:00:12.993823,3,4,99.0,0.2,98.9,50,98.7,1,98.6,100,,,,,,,,,,,,,,,99.1,104,99.3,5,99.4,100,99.5,1,,,,,,,,,,,,
2026-06-29T04:00:13.343832+00:00,2026-06-29T14:00:13.338832,3,4,99.0,0.2,98.9,50,98.7,1,98.6,100,,,,,,,,,,,,,,,99.1,104,99.3,4,99.4,100,99.5,1,,,,,,,,,,,,
2026-06-29T04:00:13.970063+00:00,2026-06-29T14:00:13.968063,2,3,99.1,0.4,98.9,50,98.7,1,,,,,,,,,,,,,,,,,99.3,4,99.4,100,99.5,1,,,,,,,,,,,,,,
2026-06-29T04:00:14.025062+00:00,2026-06-29T14:00:14.020062,3,3,99.1,0.4,98.9,50,98.7,1,98.6,150,,,,,,,,,,,,,,,99.3,4,99.4,100,99.5,1,,,,,,,,,,,,,,
2026-06-29T04:00:14.091071+00:00,2026-06-29T14:00:14.080071,3,4,99.0,0.2,98.9,50,98.7,1,98.6,150,,,,,,,,,,,,,,,99.1,150,99.3,4,99.4,100,99.5,1,,,,,,,,,,,,
2026-06-29T04:00:14.223071+00:00,2026-06-29T14:00:14.221071,2,3,98.9,0.4,98.7,1,98.6,150,,,,,,,,,,,,,,,,,99.1,150,99.3,4,99.5,1,,,,,,,,,,,,,,
2026-06-29T04:00:14.278071+00:00,2026-06-29T14:00:14.275071,3,3,98.95,0.3,98.8,100,98.7,1,98.6,150,,,,,,,,,,,,,,,99.1,150,99.3,4,99.5,1,,,,,,,,,,,,,,
2026-06-29T04:00:14.333071+00:00,2026-06-29T14:00:14.328071,3,3,98.95,0.3,98.8,100,98.7,1,98.6,150,,,,,,,,,,,,,,,99.1,150,99.3,104,99.5,1,,,,,,,,,,,,,,
2026-06-29T04:00:15.101695+00:00,2026-06-29T14:00:15.100696,3,3,98.95,0.3,98.8,50,98.7,1,98.6,150,,,,,,,,,,,,,,,99.1,150,99.3,104,99.5,1,,,,,,,,,,,,,,
2026-06-29T04:00:15.211696+00:00,2026-06-29T14:00:15.210695,2,2,98.95,0.3,98.8,50,98.6,150,,,,,,,,,,,,,,,,,99.1,150,99.3,104,,,,,,,,,,,,,,,,
2026-06-29T04:00:15.222695+00:00,2026-06-29T14:00:15.219695,2,2,98.95,0.3,98.8,50,98.6,150,,,,,,,,,,,,,,,,,99.1,150,99.3,105,,,,,,,,,,,,,,,,
2026-06-29T04:00:15.233695+00:00,2026-06-29T14:00:15.222695,2,2,98.95,0.3,98.8,50,98.6,151,,,,,,,,,,,,,,,,,99.1,150,99.3,105,,,,,,,,,,,,,,,,
2026-06-29T04:00:15.486696+00:00,2026-06-29T14:00:15.484695,3,2,99.0,0.2,98.9,1,98.8,50,98.6,151,,,,,,,,,,,,,,,99.1,150,99.3,105,,,,,,,,,,,,,,,,
2026-06-29T04:00:16.529487+00:00,2026-06-29T14:00:16.525487,3,2,99.0,0.2,98.9,1,98.8,50,98.6,151,,,,,,,,,,,,,,,99.1,150,99.3,104,,,,,,,,,,,,,,,,
2026-06-29T04:00:17.145487+00:00,2026-06-29T14:00:17.136487,3,1,99.1,0.4,98.9,1,98.8,50,98.6,1,,,,,,,,,,,,,,,99.3,104,,,,,,,,,,,,,,,,,,
2026-06-29T04:00:17.200487+00:00,2026-06-29T14:00:17.189487,4,1,99.1,0.4,98.9,1,98.8,50,98.6,1,98.5,150,,,,,,,,,,,,,99.3,104,,,,,,,,,,,,,,,,,,
2026-06-29T04:00:17.211487+00:00,2026-06-29T14:00:17.209487,3,1,99.05,0.5,98.8,1,98.6,1,98.5,150,,,,,,,,,,,,,,,99.3,104,,,,,,,,,,,,,,,,,,
2026-06-29T04:00:17.255488+00:00,2026-06-29T14:00:17.244736,3,2,98.9,0.2,98.8,1,98.6,1,98.5,150,,,,,,,,,,,,,,,99.0,150,99.3,104,,,,,,,,,,,,,,,,
2026-06-29T04:00:17.387487+00:00,2026-06-29T14:00:17.384488,2,2,98.8,0.4,98.6,1,98.5,150,,,,,,,,,,,,,,,,,99.0,150,99.3,4,,,,,,,,,,,,,,,,
2026-06-29T04:00:17.442488+00:00,2026-06-29T14:00:17.437487,3,2,98.8,0.4,98.6,1,98.5,150,98.3,100,,,,,,,,,,,,,,,99.0,150,99.3,4,,,,,,,,,,,,,,,,
2026-06-29T04:00:17.497487+00:00,2026-06-29T14:00:17.490487,3,3,98.7,0.2,98.6,1,98.5,150,98.3,100,,,,,,,,,,,,,,,98.8,100,99.0,150,99.3,4,,,,,,,,,,,,,,
2026-06-29T04:00:17.508487+00:00,2026-06-29T14:00:17.498488,3,3,98.7,0.2,98.6,1,98.5,150,98.3,100,,,,,,,,,,,,,,,98.8,100,99.0,150,99.3,3,,,,,,,,,,,,,,
2026-06-29T04:00:17.574488+00:00,2026-06-29T14:00:17.568488,3,3,98.7,0.2,98.6,1,98.5,150,98.3,100,,,,,,,,,,,,,,,98.8,99,99.0,150,99.3,3,,,,,,,,,,,,,,
2026-06-29T04:00:17.849487+00:00,2026-06-29T14:00:17.839488,3,3,98.7,0.2,98.6,1,98.5,150,98.3,100,,,,,,,,,,,,,,,98.8,99,99.0,150,99.3,2,,,,,,,,,,,,,,
2026-06-29T04:00:17.915487+00:00,2026-06-29T14:00:17.904488,3,3,98.7,0.2,98.6,1,98.5,150,98.3,100,,,,,,,,,,,,,,,98.8,89,99.0,150,99.3,2,,,,,,,,,,,,,,
2026-06-29T04:00:18.223479+00:00,2026-06-29T14:00:18.215479,3,3,98.7,0.2,98.6,1,98.5,150,98.3,100,,,,,,,,,,,,,,,98.8,64,99.0,150,99.3,1,,,,,,,,,,,,,,
2026-06-29T04:00:18.245478+00:00,2026-06-29T14:00:18.237479,3,3,98.7,0.2,98.6,1,98.5,150,98.3,100,,,,,,,,,,,,,,,98.8,29,99.0,150,99.3,1,,,,,,,,,,,,,,
2026-06-29T04:00:18.256479+00:00,2026-06-29T14:00:18.255479,2,2,98.65,0.3,98.5,150,98.3,100,,,,,,,,,,,,,,,,,98.8,4,99.0,150,,,,,,,,,,,,,,,,
2026-06-29T04:00:18.267478+00:00,2026-06-29T14:00:18.265478,2,2,98.65,0.3,98.5,150,98.3,101,,,,,,,,,,,,,,,,,98.8,4,99.0,151,,,,,,,,,,,,,,,,
2026-06-29T04:00:18.333488+00:00,2026-06-29T14:00:18.328488,2,1,98.75,0.5,98.5,150,98.3,101,,,,,,,,,,,,,,,,,99.0,151,,,,,,,,,,,,,,,,,,
2026-06-29T04:00:19.267521+00:00,2026-06-29T14:00:19.263512,2,1,98.75,0.5,98.5,150,98.3,101,,,,,,,,,,,,,,,,,99.0,101,,,,,,,,,,,,,,,,,,
2026-06-29T04:00:20.300057+00:00,2026-06-29T14:00:20.299057,2,1,98.75,0.5,98.5,150,98.3,101,,,,,,,,,,,,,,,,,99.0,1,,,,,,,,,,,,,,,,,,
2026-06-29T04:00:20.311065+00:00,2026-06-29T14:00:20.301065,1,1,98.65,0.7,98.3,101,,,,,,,,,,,,,,,,,,,99.0,1,,,,,,,,,,,,,,,,,,
2026-06-29T04:00:20.355065+00:00,2026-06-29T14:00:20.353065,2,1,98.9,0.2,98.8,150,98.3,101,,,,,,,,,,,,,,,,,99.0,1,,,,,,,,,,,,,,,,,,
2026-06-29T04:00:20.410065+00:00,2026-06-29T14:00:20.406056,2,2,98.9,0.2,98.8,150,98.3,101,,,,,,,,,,,,,,,,,99.0,1,99.3,150,,,,,,,,,,,,,,,,
2026-06-29T04:00:20.553058+00:00,2026-06-29T14:00:20.545056,2,2,98.9,0.2,98.8,150,98.3,1,,,,,,,,,,,,,,,,,99.0,1,99.3,150,,,,,,,,,,,,,,,,
2026-06-29T04:00:20.597057+00:00,2026-06-29T14:00:20.597057,3,2,98.9,0.2,98.8,150,98.7,100,98.3,1,,,,,,,,,,,,,,,99.0,1,99.3,150,,,,,,,,,,,,,,,,
2026-06-29T04:00:20.663071+00:00,2026-06-29T14:00:20.660066,3,3,98.9,0.2,98.8,150,98.7,100,98.3,1,,,,,,,,,,,,,,,99.0,1,99.2,100,99.3,150,,,,,,,,,,,,,,
2026-06-29T04:00:21.279065+00:00,2026-06-29T14:00:21.277066,2,2,99.0,0.4,98.8,150,98.7,100,,,,,,,,,,,,,,,,,99.2,100,99.3,150,,,,,,,,,,,,,,,,
2026-06-29T04:00:21.290065+00:00,2026-06-29T14:00:21.289065,3,3,99.0,0.4,98.8,150,98.7,100,98.6,1,,,,,,,,,,,,,,,99.2,100,99.3,150,99.4,1,,,,,,,,,,,,,,
2026-06-29T04:00:21.301065+00:00,2026-06-29T14:00:21.295066,3,3,99.0,0.4,98.8,101,98.7,100,98.6,1,,,,,,,,,,,,,,,99.2,100,99.3,150,99.4,1,,,,,,,,,,,,,,
2026-06-29T04:00:21.378065+00:00,2026-06-29T14:00:21.374066,3,3,99.0,0.4,98.8,101,98.7,100,98.6,1,,,,,,,,,,,,,,,99.2,50,99.3,150,99.4,1,,,,,,,,,,,,,,
2026-06-29T04:00:23.378175+00:00,2026-06-29T14:00:23.371175,3,3,99.0,0.4,98.8,54,98.7,100,98.6,1,,,,,,,,,,,,,,,99.2,50,99.3,150,99.4,1,,,,,,,,,,,,,,
2026-06-29T04:00:23.465222+00:00,2026-06-29T14:00:23.462222,2,2,98.95,0.5,98.7,100,98.6,1,,,,,,,,,,,,,,,,,99.2,50,99.4,1,,,,,,,,,,,,,,,,
2026-06-29T04:00:23.487222+00:00,2026-06-29T14:00:23.476380,2,1,99.05,0.7,98.7,100,98.6,1,,,,,,,,,,,,,,,,,99.4,1,,,,,,,,,,,,,,,,,,
2026-06-29T04:00:23.520112+00:00,2026-06-29T14:00:23.514222,3,1,99.05,0.7,98.7,100,98.6,1,98.5,150,,,,,,,,,,,,,,,99.4,1,,,,,,,,,,,,,,,,,,
2026-06-29T04:00:23.575222+00:00,2026-06-29T14:00:23.568194,3,2,98.85,0.3,98.7,100,98.6,1,98.5,150,,,,,,,,,,,,,,,99.0,150,99.4,1,,,,,,,,,,,,,,,,
2026-06-29T04:00:23.663222+00:00,2026-06-29T14:00:23.655222,3,2,98.85,0.3,98.7,100,98.6,1,98.5,150,,,,,,,,,,,,,,,99.0,120,99.4,1,,,,,,,,,,,,,,,,
2026-06-29T04:00:23.685222+00:00,2026-06-29T14:00:23.683222,3,2,98.85,0.3,98.7,100,98.6,1,98.5,150,,,,,,,,,,,,,,,99.0,95,99.4,1,,,,,,,,,,,,,,,,
2026-06-29T04:00:23.718222+00:00,2026-06-29T14:00:23.711222,2,2,98.8,0.4,98.6,1,98.5,150,,,,,,,,,,,,,,,,,99.0,95,99.4,1,,,,,,,,,,,,,,,,
2026-06-29T04:00:23.773222+00:00,2026-06-29T14:00:23.772222,3,1,99.3,0.2,99.2,5,98.6,1,98.5,150,,,,,,,,,,,,,,,99.4,1,,,,,,,,,,,,,,,,,,
2026-06-29T04:00:23.828222+00:00,2026-06-29T14:00:23.818213,3,2,99.3,0.2,99.2,5,98.6,1,98.5,150,,,,,,,,,,,,,,,99.4,1,99.7,100,,,,,,,,,,,,,,,,
2026-06-29T04:00:23.883222+00:00,2026-06-29T14:00:23.872222,3,2,99.3,0.2,99.2,3,98.6,1,98.5,150,,,,,,,,,,,,,,,99.4,1,99.7,100,,,,,,,,,,,,,,,,
2026-06-29T04:00:24.081104+00:00,2026-06-29T14:00:24.080104,3,2,99.3,0.2,99.2,1,98.6,1,98.5,150,,,,,,,,,,,,,,,99.4,1,99.7,100,,,,,,,,,,,,,,,,
2026-06-29T04:00:24.290104+00:00,2026-06-29T14:00:24.289104,2,2,99.0,0.8,98.6,1,98.5,150,,,,,,,,,,,,,,,,,99.4,1,99.7,100,,,,,,,,,,,,,,,,
2026-06-29T04:00:24.334103+00:00,2026-06-29T14:00:24.333103,2,2,99.2,0.8,98.8,1,98.5,150,,,,,,,,,,,,,,,,,99.6,1,99.7,100,,,,,,,,,,,,,,,,
2026-06-29T04:00:25.598104+00:00,2026-06-29T14:00:25.588104,2,1,99.25,0.9,98.8,1,98.5,150,,,,,,,,,,,,,,,,,99.7,51,,,,,,,,,,,,,,,,,,
2026-06-29T04:00:26.488803+00:00,2026-06-29T14:00:26.487803,2,1,99.25,0.9,98.8,1,98.5,150,,,,,,,,,,,,,,,,,99.7,8,,,,,,,,,,,,,,,,,,
2026-06-29T04:00:26.653702+00:00,2026-06-29T14:00:26.649702,1,1,99.25,0.9,98.8,1,,,,,,,,,,,,,,,,,,,99.7,8,,,,,,,,,,,,,,,,,,
2026-06-29T04:00:26.697702+00:00,2026-06-29T14:00:26.694693,2,1,99.5,0.4,99.3,150,98.8,1,,,,,,,,,,,,,,,,,99.7,8,,,,,,,,,,,,,,,,,,
2026-06-29T04:00:26.752702+00:00,2026-06-29T14:00:26.746702,2,2,99.5,0.4,99.3,150,98.8,1,,,,,,,,,,,,,,,,,99.7,8,99.8,150,,,,,,,,,,,,,,,,
2026-06-29T04:00:26.873702+00:00,2026-06-29T14:00:26.871694,2,1,99.55,0.5,99.3,150,98.8,1,,,,,,,,,,,,,,,,,99.8,150,,,,,,,,,,,,,,,,,,
2026-06-29T04:00:26.928702+00:00,2026-06-29T14:00:26.923702,2,1,99.55,0.5,99.3,250,98.8,1,,,,,,,,,,,,,,,,,99.8,150,,,,,,,,,,,,,,,,,,
2026-06-29T04:00:26.983702+00:00,2026-06-29T14:00:26.978702,2,1,99.55,0.5,99.3,250,98.8,1,,,,,,,,,,,,,,,,,99.8,250,,,,,,,,,,,,,,,,,,
2026-06-29T04:00:27.357693+00:00,2026-06-29T14:00:27.350693,1,1,99.55,0.5,99.3,250,,,,,,,,,,,,,,,,,,,99.8,250,,,,,,,,,,,,,,,,,,
2026-06-29T04:00:27.368693+00:00,2026-06-29T14:00:27.361693,2,2,99.55,0.5,99.3,250,99.2,1,,,,,,,,,,,,,,,,,99.8,250,99.9,1,,,,,,,,,,,,,,,,
2026-06-29T04:00:27.544702+00:00,2026-06-29T14:00:27.541702,2,2,99.55,0.5,99.3,204,99.2,1,,,,,,,,,,,,,,,,,99.8,250,99.9,1,,,,,,,,,,,,,,,,
2026-06-29T04:00:27.709702+00:00,2026-06-29T14:00:27.704702,2,2,99.55,0.5,99.3,204,99.2,1,,,,,,,,,,,,,,,,,99.8,200,99.9,1,,,,,,,,,,,,,,,,
2026-06-29T04:00:28.116693+00:00,2026-06-29T14:00:28.114693,2,2,99.55,0.5,99.3,204,99.2,1,,,,,,,,,,,,,,,,,99.8,160,99.9,1,,,,,,,,,,,,,,,,
2026-06-29T04:00:29.809794+00:00,2026-06-29T14:00:29.805794,2,2,99.55,0.5,99.3,100,99.2,1,,,,,,,,,,,,,,,,,99.8,100,99.9,1,,,,,,,,,,,,,,,,
2026-06-29T04:00:29.864794+00:00,2026-06-29T14:00:29.860794,3,2,99.65,0.3,99.5,150,99.3,50,99.2,1,,,,,,,,,,,,,,,99.8,100,99.9,1,,,,,,,,,,,,,,,,
2026-06-29T04:00:29.886794+00:00,2026-06-29T14:00:29.878794,3,2,99.65,0.3,99.5,115,99.3,50,99.2,1,,,,,,,,,,,,,,,99.8,100,99.9,1,,,,,,,,,,,,,,,,
2026-06-29T04:00:29.897794+00:00,2026-06-29T14:00:29.891794,3,2,99.65,0.3,99.5,90,99.3,50,99.2,1,,,,,,,,,,,,,,,99.8,100,99.9,1,,,,,,,,,,,,,,,,
2026-06-29T04:00:29.919794+00:00,2026-06-29T14:00:29.912794,3,3,99.65,0.3,99.5,90,99.3,50,99.2,1,,,,,,,,,,,,,,,99.8,100,99.9,1,100.0,150,,,,,,,,,,,,,,
2026-06-29T04:00:29.974803+00:00,2026-06-29T14:00:29.965803,3,3,99.65,0.3,99.5,55,99.3,50,99.2,1,,,,,,,,,,,,,,,99.8,100,99.9,1,100.0,150,,,,,,,,,,,,,,
2026-06-29T04:00:30.018803+00:00,2026-06-29T14:00:30.010794,3,3,99.65,0.3,99.5,30,99.3,50,99.2,1,,,,,,,,,,,,,,,99.8,100,99.9,1,100.0,150,,,,,,,,,,,,,,
2026-06-29T04:00:30.040803+00:00,2026-06-29T14:00:30.034795,2,2,99.7,0.4,99.5,30,99.2,1,,,,,,,,,,,,,,,,,99.9,1,100.0,150,,,,,,,,,,,,,,,,
2026-06-29T04:00:30.062803+00:00,2026-06-29T14:00:30.054803,1,2,99.55,0.7,99.2,1,,,,,,,,,,,,,,,,,,,99.9,1,100.0,150,,,,,,,,,,,,,,,,
2026-06-29T04:00:30.095803+00:00,2026-06-29T14:00:30.087803,1,2,99.55,0.7,99.2,101,,,,,,,,,,,,,,,,,,,99.9,1,100.0,150,,,,,,,,,,,,,,,,
2026-06-29T04:00:30.150794+00:00,2026-06-29T14:00:30.139958,1,3,99.45,0.5,99.2,101,,,,,,,,,,,,,,,,,,,99.7,100,99.9,1,100.0,150,,,,,,,,,,,,,,
2026-06-29T04:00:30.381794+00:00,2026-06-29T14:00:30.373794,1,2,99.45,0.5,99.2,100,,,,,,,,,,,,,,,,,,,99.7,100,100.0,150,,,,,,,,,,,,,,,,
2026-06-29T04:00:30.392794+00:00,2026-06-29T14:00:30.389794,2,3,99.45,0.5,99.2,100,99.1,1,,,,,,,,,,,,,,,,,99.7,100,99.8,1,100.0,150,,,,,,,,,,,,,,
2026-06-29T04:00:31.976317+00:00,2026-06-29T14:00:31.965317,2,3,99.45,0.5,99.2,50,99.1,1,,,,,,,,,,,,,,,,,99.7,100,99.8,1,100.0,150,,,,,,,,,,,,,,
2026-06-29T04:00:32.966317+00:00,2026-06-29T14:00:32.965317,2,2,99.45,0.5,99.2,50,99.1,1,,,,,,,,,,,,,,,,,99.7,100,99.8,1,,,,,,,,,,,,,,,,
2026-06-29T04:00:33.021308+00:00,2026-06-29T14:00:33.018308,3,2,99.45,0.5,99.2,50,99.1,1,98.8,150,,,,,,,,,,,,,,,99.7,100,99.8,1,,,,,,,,,,,,,,,,
2026-06-29T04:00:33.076308+00:00,2026-06-29T14:00:33.070308,3,3,99.25,0.1,99.2,50,99.1,1,98.8,150,,,,,,,,,,,,,,,99.3,150,99.7,100,99.8,1,,,,,,,,,,,,,,
2026-06-29T04:00:33.197308+00:00,2026-06-29T14:00:33.194308,2,2,99.2,0.2,99.1,1,98.8,150,,,,,,,,,,,,,,,,,99.3,150,99.8,1,,,,,,,,,,,,,,,,
2026-06-29T04:00:33.252308+00:00,2026-06-29T14:00:33.248308,3,2,99.2,0.2,99.1,1,99.0,100,98.8,150,,,,,,,,,,,,,,,99.3,150,99.8,1,,,,,,,,,,,,,,,,
2026-06-29T04:00:33.307308+00:00,2026-06-29T14:00:33.301308,3,3,99.2,0.2,99.1,1,99.0,100,98.8,150,,,,,,,,,,,,,,,99.3,150,99.5,100,99.8,1,,,,,,,,,,,,,,
2026-06-29T04:00:33.405846+00:00,2026-06-29T14:00:33.401847,2,2,99.15,0.3,99.0,100,98.8,150,,,,,,,,,,,,,,,,,99.3,150,99.5,100,,,,,,,,,,,,,,,,
2026-06-29T04:00:33.416846+00:00,2026-06-29T14:00:33.411846,2,3,99.15,0.3,99.0,100,98.8,151,,,,,,,,,,,,,,,,,99.3,150,99.5,100,99.6,1,,,,,,,,,,,,,,
2026-06-29T04:00:34.032846+00:00,2026-06-29T14:00:34.024847,2,3,99.15,0.3,99.0,100,98.8,151,,,,,,,,,,,,,,,,,99.3,100,99.5,100,99.6,1,,,,,,,,,,,,,,
2026-06-29T04:00:34.961855+00:00,2026-06-29T14:00:34.957855,2,4,99.15,0.3,99.0,100,98.8,151,,,,,,,,,,,,,,,,,99.3,100,99.4,6,99.5,100,99.6,1,,,,,,,,,,,,
2026-06-29T04:00:35.522855+00:00,2026-06-29T14:00:35.520855,2,4,99.15,0.3,99.0,100,98.8,151,,,,,,,,,,,,,,,,,99.3,40,99.4,6,99.5,100,99.6,1,,,,,,,,,,,,
2026-06-29T04:00:35.610855+00:00,2026-06-29T14:00:35.608855,2,4,99.15,0.3,99.0,100,98.8,151,,,,,,,,,,,,,,,,,99.3,5,99.4,6,99.5,100,99.6,1,,,,,,,,,,,,
2026-06-29T04:00:35.643855+00:00,2026-06-29T14:00:35.637846,2,3,99.2,0.4,99.0,100,98.8,151,,,,,,,,,,,,,,,,,99.4,4,99.5,100,99.6,1,,,,,,,,,,,,,,
2026-06-29T04:00:35.852855+00:00,2026-06-29T14:00:35.845855,2,3,99.2,0.4,99.0,100,98.8,151,,,,,,,,,,,,,,,,,99.4,2,99.5,100,99.6,1,,,,,,,,,,,,,,
2026-06-29T04:00:36.050855+00:00,2026-06-29T14:00:36.047855,2,2,99.25,0.5,99.0,100,98.8,151,,,,,,,,,,,,,,,,,99.5,100,99.6,1,,,,,,,,,,,,,,,,
2026-06-29T04:00:36.127876+00:00,2026-06-29T14:00:36.124875,2,2,99.25,0.5,99.0,100,98.8,1,,,,,,,,,,,,,,,,,99.5,100,99.6,1,,,,,,,,,,,,,,,,
2026-06-29T04:00:36.182875+00:00,2026-06-29T14:00:36.180875,3,0,,,99.6,49,99.0,100,98.8,1,,,,,,,,,,,,,,,,,,,,,,,,,,,,,,,,,,
2026-06-29T04:00:36.193875+00:00,2026-06-29T14:00:36.186875,2,0,,,99.0,99,98.8,1,,,,,,,,,,,,,,,,,,,,,,,,,,,,,,,,,,,,
2026-06-29T04:00:36.237866+00:00,2026-06-29T14:00:36.235866,2,1,99.55,1.1,99.0,99,98.8,1,,,,,,,,,,,,,,,,,100.1,150,,,,,,,,,,,,,,,,,,
2026-06-29T04:00:36.358866+00:00,2026-06-29T14:00:36.353866,1,1,99.45,1.3,98.8,1,,,,,,,,,,,,,,,,,,,100.1,150,,,,,,,,,,,,,,,,,,
2026-06-29T04:00:36.413866+00:00,2026-06-29T14:00:36.410866,1,2,99.1,0.6,98.8,1,,,,,,,,,,,,,,,,,,,99.4,5,100.1,150,,,,,,,,,,,,,,,,
2026-06-29T04:00:36.424866+00:00,2026-06-29T14:00:36.418867,2,1,99.75,0.7,99.4,95,98.8,1,,,,,,,,,,,,,,,,,100.1,150,,,,,,,,,,,,,,,,,,
2026-06-29T04:00:36.435866+00:00,2026-06-29T14:00:36.434867,1,1,99.75,0.7,99.4,95,,,,,,,,,,,,,,,,,,,100.1,151,,,,,,,,,,,,,,,,,,
2026-06-29T04:00:36.446866+00:00,2026-06-29T14:00:36.437866,2,1,99.75,0.7,99.4,95,99.3,1,,,,,,,,,,,,,,,,,100.1,151,,,,,,,,,,,,,,,,,,
2026-06-29T04:00:36.479866+00:00,2026-06-29T14:00:36.470866,2,2,99.65,0.5,99.4,95,99.3,1,,,,,,,,,,,,,,,,,99.9,100,100.1,151,,,,,,,,,,,,,,,,
2026-06-29T04:00:37.161875+00:00,2026-06-29T14:00:37.160875,2,2,99.65,0.5,99.4,90,99.3,1,,,,,,,,,,,,,,,,,99.9,100,100.1,151,,,,,,,,,,,,,,,,
2026-06-29T04:00:37.326866+00:00,2026-06-29T14:00:37.317866,2,2,99.65,0.5,99.4,45,99.3,1,,,,,,,,,,,,,,,,,99.9,100,100.1,151,,,,,,,,,,,,,,,,
2026-06-29T04:00:37.843875+00:00,2026-06-29T14:00:37.840875,2,2,99.65,0.5,99.4,45,99.3,1,,,,,,,,,,,,,,,,,99.9,51,100.1,151,,,,,,,,,,,,,,,,
2026-06-29T04:00:38.096866+00:00,2026-06-29T14:00:38.087866,2,2,99.65,0.5,99.4,41,99.3,1,,,,,,,,,,,,,,,,,99.9,51,100.1,151,,,,,,,,,,,,,,,,
2026-06-29T04:00:38.294866+00:00,2026-06-29T14:00:38.291866,1,2,99.6,0.6,99.3,1,,,,,,,,,,,,,,,,,,,99.9,51,100.1,151,,,,,,,,,,,,,,,,
2026-06-29T04:00:39.295410+00:00,2026-06-29T14:00:39.292410,1,2,99.6,0.6,99.3,1,,,,,,,,,,,,,,,,,,,99.9,51,100.1,1,,,,,,,,,,,,,,,,
2026-06-29T04:00:39.394410+00:00,2026-06-29T14:00:39.383581,2,2,99.6,0.6,99.3,1,99.1,150,,,,,,,,,,,,,,,,,99.9,51,100.1,1,,,,,,,,,,,,,,,,
2026-06-29T04:00:39.449410+00:00,2026-06-29T14:00:39.443410,2,3,99.45,0.3,99.3,1,99.1,150,,,,,,,,,,,,,,,,,99.6,150,99.9,51,100.1,1,,,,,,,,,,,,,,
2026-06-29T04:00:39.460410+00:00,2026-06-29T14:00:39.459411,1,3,99.3,0.4,99.1,150,,,,,,,,,,,,,,,,,,,99.5,5,99.6,150,99.9,51,,,,,,,,,,,,,,
2026-06-29T04:00:39.471410+00:00,2026-06-29T14:00:39.464410,2,4,99.3,0.4,99.1,150,99.0,1,,,,,,,,,,,,,,,,,99.5,5,99.6,150,99.7,1,99.9,51,,,,,,,,,,,,
2026-06-29T04:00:39.526410+00:00,2026-06-29T14:00:39.524410,2,3,99.3,0.4,99.1,150,99.0,1,,,,,,,,,,,,,,,,,99.5,5,99.6,150,99.7,1,,,,,,,,,,,,,,
2026-06-29T04:00:39.592410+00:00,2026-06-29T14:00:39.581549,2,3,99.3,0.4,99.1,250,99.0,1,,,,,,,,,,,,,,,,,99.5,5,99.6,150,99.7,1,,,,,,,,,,,,,,
2026-06-29T04:00:39.636419+00:00,2026-06-29T14:00:39.633419,2,3,99.3,0.4,99.1,250,99.0,1,,,,,,,,,,,,,,,,,99.5,5,99.6,250,99.7,1,,,,,,,,,,,,,,
2026-06-29T04:00:40.021419+00:00,2026-06-29T14:00:40.019419,3,3,99.35,0.3,99.2,2,99.1,250,99.0,1,,,,,,,,,,,,,,,99.5,5,99.6,250,99.7,1,,,,,,,,,,,,,,
2026-06-29T04:00:40.405924+00:00,2026-06-29T14:00:40.399925,2,3,99.3,0.4,99.1,202,99.0,1,,,,,,,,,,,,,,,,,99.5,5,99.6,250,99.7,1,,,,,,,,,,,,,,
2026-06-29T04:00:40.427924+00:00,2026-06-29T14:00:40.421924,3,3,99.35,0.3,99.2,2,99.1,202,99.0,1,,,,,,,,,,,,,,,99.5,5,99.6,250,99.7,1,,,,,,,,,,,,,,
2026-06-29T04:00:40.890043+00:00,2026-06-29T14:00:40.884936,3,3,99.35,0.3,99.2,1,99.1,202,99.0,1,,,,,,,,,,,,,,,99.5,5,99.6,250,99.7,1,,,,,,,,,,,,,,
2026-06-29T04:00:41.351925+00:00,2026-06-29T14:00:41.343924,2,2,99.35,0.5,99.1,202,99.0,1,,,,,,,,,,,,,,,,,99.6,250,99.7,1,,,,,,,,,,,,,,,,
2026-06-29T04:00:42.473924+00:00,2026-06-29T14:00:42.463924,2,2,99.35,0.5,99.1,202,99.0,1,,,,,,,,,,,,,,,,,99.6,200,99.7,1,,,,,,,,,,,,,,,,
2026-06-29T04:00:42.484924+00:00,2026-06-29T14:00:42.475925,1,1,99.35,0.5,99.1,100,,,,,,,,,,,,,,,,,,,99.6,100,,,,,,,,,,,,,,,,,,
2026-06-29T04:00:42.495924+00:00,2026-06-29T14:00:42.487924,2,2,99.35,0.5,99.1,100,99.0,1,,,,,,,,,,,,,,,,,99.6,100,99.7,1,,,,,,,,,,,,,,,,
2026-06-29T04:00:42.528925+00:00,2026-06-29T14:00:42.525924,2,2,99.35,0.5,99.1,100,99.0,151,,,,,,,,,,,,,,,,,99.6,100,99.7,1,,,,,,,,,,,,,,,,
2026-06-29T04:00:42.583933+00:00,2026-06-29T14:00:42.578933,2,3,99.3,0.4,99.1,100,99.0,151,,,,,,,,,,,,,,,,,99.5,150,99.6,100,99.7,1,,,,,,,,,,,,,,
2026-06-29T04:00:42.693934+00:00,2026-06-29T14:00:42.690925,1,2,99.25,0.5,99.0,151,,,,,,,,,,,,,,,,,,,99.5,150,99.7,1,,,,,,,,,,,,,,,,
2026-06-29T04:00:42.748933+00:00,2026-06-29T14:00:42.742925,2,2,99.4,0.2,99.3,100,99.0,151,,,,,,,,,,,,,,,,,99.5,150,99.7,1,,,,,,,,,,,,,,,,
2026-06-29T04:00:42.803933+00:00,2026-06-29T14:00:42.794933,2,3,99.4,0.2,99.3,100,99.0,151,,,,,,,,,,,,,,,,,99.5,150,99.7,1,99.8,100,,,,,,,,,,,,,,
2026-06-29T04:00:42.968933+00:00,2026-06-29T14:00:42.964934,2,3,99.4,0.2,99.3,100,99.0,151,,,,,,,,,,,,,,,,,99.5,109,99.7,1,99.8,100,,,,,,,,,,,,,,
2026-06-29T04:00:44.573028+00:00,2026-06-29T14:00:44.564965,2,3,99.4,0.2,99.3,100,99.0,151,,,,,,,,,,,,,,,,,99.5,59,99.7,1,99.8,100,,,,,,,,,,,,,,
2026-06-29T04:00:45.507427+00:00,2026-06-29T14:00:45.501428,2,2,99.4,0.2,99.3,100,99.0,150,,,,,,,,,,,,,,,,,99.5,59,99.8,100,,,,,,,,,,,,,,,,
2026-06-29T04:00:45.518428+00:00,2026-06-29T14:00:45.513427,3,2,99.4,0.2,99.3,100,99.1,1,99.0,150,,,,,,,,,,,,,,,99.5,59,99.8,101,,,,,,,,,,,,,,,,
2026-06-29T04:00:45.639427+00:00,2026-06-29T14:00:45.634427,2,1,99.55,0.5,99.3,100,99.1,1,,,,,,,,,,,,,,,,,99.8,101,,,,,,,,,,,,,,,,,,
2026-06-29T04:00:45.694427+00:00,2026-06-29T14:00:45.687427,2,1,99.55,0.5,99.3,250,99.1,1,,,,,,,,,,,,,,,,,99.8,101,,,,,,,,,,,,,,,,,,
2026-06-29T04:00:45.749546+00:00,2026-06-29T14:00:45.740546,2,1,99.55,0.5,99.3,250,99.1,1,,,,,,,,,,,,,,,,,99.8,251,,,,,,,,,,,,,,,,,,
2026-06-29T04:00:45.848546+00:00,2026-06-29T14:00:45.847546,2,1,99.55,0.5,99.3,250,99.1,1,,,,,,,,,,,,,,,,,99.8,151,,,,,,,,,,,,,,,,,,
2026-06-29T04:00:45.859546+00:00,2026-06-29T14:00:45.848546,2,1,99.55,0.5,99.3,150,99.1,1,,,,,,,,,,,,,,,,,99.8,151,,,,,,,,,,,,,,,,,,
2026-06-29T04:00:45.903546+00:00,2026-06-29T14:00:45.901546,3,1,99.55,0.5,99.3,150,99.2,100,99.1,1,,,,,,,,,,,,,,,99.8,151,,,,,,,,,,,,,,,,,,
2026-06-29T04:00:45.958546+00:00,2026-06-29T14:00:45.953547,3,2,99.5,0.4,99.3,150,99.2,100,99.1,1,,,,,,,,,,,,,,,99.7,100,99.8,151,,,,,,,,,,,,,,,,
2026-06-29T04:00:46.111213+00:00,2026-06-29T14:00:46.107214,3,2,99.5,0.4,99.3,103,99.2,100,99.1,1,,,,,,,,,,,,,,,99.7,100,99.8,151,,,,,,,,,,,,,,,,
2026-06-29T04:00:48.529149+00:00,2026-06-29T14:00:48.525149,2,2,99.5,0.4,99.3,103,99.2,100,,,,,,,,,,,,,,,,,99.7,100,99.8,150,,,,,,,,,,,,,,,,
2026-06-29T04:00:48.540149+00:00,2026-06-29T14:00:48.537149,3,3,99.5,0.4,99.3,103,99.2,100,99.1,1,,,,,,,,,,,,,,,99.7,100,99.8,150,99.9,1,,,,,,,,,,,,,,
2026-06-29T04:00:48.782149+00:00,2026-06-29T14:00:48.774149,3,3,99.5,0.4,99.3,103,99.2,100,99.1,1,,,,,,,,,,,,,,,99.7,50,99.8,150,99.9,1,,,,,,,,,,,,,,
2026-06-29T04:00:48.793149+00:00,2026-06-29T14:00:48.793149,3,2,99.5,0.4,99.3,103,99.2,100,99.1,1,,,,,,,,,,,,,,,99.7,50,99.9,1,,,,,,,,,,,,,,,,
2026-06-29T04:00:48.804149+00:00,2026-06-29T14:00:48.794149,2,2,99.45,0.5,99.2,100,99.1,1,,,,,,,,,,,,,,,,,99.7,50,99.9,1,,,,,,,,,,,,,,,,
2026-06-29T04:00:48.848148+00:00,2026-06-29T14:00:48.845149,2,2,99.45,0.5,99.2,100,99.1,151,,,,,,,,,,,,,,,,,99.7,50,99.9,1,,,,,,,,,,,,,,,,
2026-06-29T04:00:48.903149+00:00,2026-06-29T14:00:48.897150,2,3,99.4,0.4,99.2,100,99.1,151,,,,,,,,,,,,,,,,,99.6,150,99.7,50,99.9,1,,,,,,,,,,,,,,
2026-06-29T04:00:49.013149+00:00,2026-06-29T14:00:49.008149,1,2,99.35,0.5,99.1,151,,,,,,,,,,,,,,,,,,,99.6,150,99.9,1,,,,,,,,,,,,,,,,
2026-06-29T04:00:49.068149+00:00,2026-06-29T14:00:49.060149,2,2,99.5,0.2,99.4,100,99.1,151,,,,,,,,,,,,,,,,,99.6,150,99.9,1,,,,,,,,,,,,,,,,
2026-06-29T04:00:49.123149+00:00,2026-06-29T14:00:49.114149,2,2,99.5,0.2,99.4,100,99.1,151,,,,,,,,,,,,,,,,,99.6,150,99.9,101,,,,,,,,,,,,,,,,
2026-06-29T04:00:49.662149+00:00,2026-06-29T14:00:49.651149,2,2,99.5,0.2,99.4,56,99.1,151,,,,,,,,,,,,,,,,,99.6,150,99.9,101,,,,,,,,,,,,,,,,
2026-06-29T04:00:50.894158+00:00,2026-06-29T14:00:50.885150,2,2,99.5,0.2,99.4,56,99.1,151,,,,,,,,,,,,,,,,,99.6,100,99.9,101,,,,,,,,,,,,,,,,
2026-06-29T04:00:50.949158+00:00,2026-06-29T14:00:50.944158,2,2,99.5,0.2,99.4,21,99.1,151,,,,,,,,,,,,,,,,,99.6,100,99.9,101,,,,,,,,,,,,,,,,
2026-06-29T04:00:50.960158+00:00,2026-06-29T14:00:50.954158,1,2,99.35,0.5,99.1,151,,,,,,,,,,,,,,,,,,,99.6,100,99.9,101,,,,,,,,,,,,,,,,
2026-06-29T04:00:51.554149+00:00,2026-06-29T14:00:51.549149,1,2,99.35,0.5,99.1,150,,,,,,,,,,,,,,,,,,,99.6,100,99.9,100,,,,,,,,,,,,,,,,
2026-06-29T04:00:51.565149+00:00,2026-06-29T14:00:51.561149,2,3,99.35,0.5,99.1,150,99.0,1,,,,,,,,,,,,,,,,,99.6,100,99.8,1,99.9,100,,,,,,,,,,,,,,
2026-06-29T04:00:51.960267+00:00,2026-06-29T14:00:51.951267,1,2,99.4,0.8,99.0,1,,,,,,,,,,,,,,,,,,,99.8,1,99.9,100,,,,,,,,,,,,,,,,
2026-06-29T04:00:52.015267+00:00,2026-06-29T14:00:52.004411,2,2,99.45,0.7,99.1,150,99.0,1,,,,,,,,,,,,,,,,,99.8,1,99.9,100,,,,,,,,,,,,,,,,
2026-06-29T04:00:52.070267+00:00,2026-06-29T14:00:52.062239,2,3,99.35,0.5,99.1,150,99.0,1,,,,,,,,,,,,,,,,,99.6,150,99.8,1,99.9,100,,,,,,,,,,,,,,
2026-06-29T04:00:52.169267+00:00,2026-06-29T14:00:52.167267,2,2,99.35,0.5,99.1,150,99.0,1,,,,,,,,,,,,,,,,,99.6,150,99.8,1,,,,,,,,,,,,,,,,
2026-06-29T04:00:52.224267+00:00,2026-06-29T14:00:52.219268,2,2,99.35,0.5,99.1,150,99.0,101,,,,,,,,,,,,,,,,,99.6,150,99.8,1,,,,,,,,,,,,,,,,
2026-06-29T04:00:52.279267+00:00,2026-06-29T14:00:52.271267,2,3,99.3,0.4,99.1,150,99.0,101,,,,,,,,,,,,,,,,,99.5,100,99.6,150,99.8,1,,,,,,,,,,,,,,
2026-06-29T04:00:54.576833+00:00,2026-06-29T14:00:54.575833,2,3,99.3,0.4,99.1,150,99.0,100,,,,,,,,,,,,,,,,,99.5,100,99.6,150,99.8,1,,,,,,,,,,,,,,
2026-06-29T04:00:54.587833+00:00,2026-06-29T14:00:54.586834,2,3,99.3,0.4,99.1,150,99.0,100,,,,,,,,,,,,,,,,,99.5,100,99.6,150,99.7,1,,,,,,,,,,,,,,
2026-06-29T04:00:54.598833+00:00,2026-06-29T14:00:54.589833,3,3,99.3,0.4,99.1,150,99.0,100,98.9,1,,,,,,,,,,,,,,,99.5,100,99.6,150,99.7,1,,,,,,,,,,,,,,
2026-06-29T04:00:54.851842+00:00,2026-06-29T14:00:54.845842,4,3,99.4,0.2,99.3,5,99.1,150,99.0,100,98.9,1,,,,,,,,,,,,,99.5,100,99.6,151,99.7,1,,,,,,,,,,,,,,
2026-06-29T04:00:55.115842+00:00,2026-06-29T14:00:55.112842,3,3,99.4,0.2,99.3,5,99.0,100,98.9,1,,,,,,,,,,,,,,,99.5,100,99.6,1,99.7,1,,,,,,,,,,,,,,
2026-06-29T04:00:55.159842+00:00,2026-06-29T14:00:55.148842,2,3,99.25,0.5,99.0,55,98.9,1,,,,,,,,,,,,,,,,,99.5,100,99.6,1,99.7,1,,,,,,,,,,,,,,
2026-06-29T04:00:55.170842+00:00,2026-06-29T14:00:55.166842,3,3,99.4,0.2,99.3,150,99.0,55,98.9,1,,,,,,,,,,,,,,,99.5,100,99.6,1,99.7,1,,,,,,,,,,,,,,
2026-06-29T04:00:55.225842+00:00,2026-06-29T14:00:55.217842,3,4,99.4,0.2,99.3,150,99.0,55,98.9,1,,,,,,,,,,,,,,,99.5,100,99.6,1,99.7,1,99.8,150,,,,,,,,,,,,
2026-06-29T04:00:55.335842+00:00,2026-06-29T14:00:55.330833,2,3,99.45,0.3,99.3,150,98.9,1,,,,,,,,,,,,,,,,,99.6,1,99.7,1,99.8,150,,,,,,,,,,,,,,
2026-06-29T04:00:55.390842+00:00,2026-06-29T14:00:55.382842,2,3,99.45,0.3,99.3,150,98.9,101,,,,,,,,,,,,,,,,,99.6,1,99.7,1,99.8,150,,,,,,,,,,,,,,
2026-06-29T04:00:55.445842+00:00,2026-06-29T14:00:55.435842,2,4,99.35,0.1,99.3,150,98.9,101,,,,,,,,,,,,,,,,,99.4,100,99.6,1,99.7,1,99.8,150,,,,,,,,,,,,
2026-06-29T04:00:55.643854+00:00,2026-06-29T14:00:55.638853,2,4,99.35,0.1,99.3,150,98.9,101,,,,,,,,,,,,,,,,,99.4,58,99.6,1,99.7,1,99.8,150,,,,,,,,,,,,
2026-06-29T04:00:55.830862+00:00,2026-06-29T14:00:55.829863,2,3,99.35,0.1,99.3,150,98.9,101,,,,,,,,,,,,,,,,,99.4,58,99.7,1,99.8,150,,,,,,,,,,,,,,
2026-06-29T04:00:55.896863+00:00,2026-06-29T14:00:55.891862,2,3,99.35,0.1,99.3,155,98.9,101,,,,,,,,,,,,,,,,,99.4,58,99.7,1,99.8,150,,,,,,,,,,,,,,
2026-06-29T04:00:56.314424+00:00,2026-06-29T14:00:56.305424,2,3,99.35,0.1,99.3,110,98.9,101,,,,,,,,,,,,,,,,,99.4,58,99.7,1,99.8,150,,,,,,,,,,,,,,
2026-06-29T04:00:56.435423+00:00,2026-06-29T14:00:56.425415,2,4,99.35,0.1,99.3,110,98.9,101,,,,,,,,,,,,,,,,,99.4,58,99.6,1,99.7,1,99.8,150,,,,,,,,,,,,
2026-06-29T04:00:56.512424+00:00,2026-06-29T14:00:56.507424,2,3,99.35,0.1,99.3,110,98.9,101,,,,,,,,,,,,,,,,,99.4,58,99.7,1,99.8,150,,,,,,,,,,,,,,
2026-06-29T04:00:57.259533+00:00,2026-06-29T14:00:57.256515,2,3,99.35,0.1,99.3,60,98.9,101,,,,,,,,,,,,,,,,,99.4,58,99.7,1,99.8,150,,,,,,,,,,,,,,
2026-06-29T04:00:57.611427+00:00,2026-06-29T14:00:57.604428,2,2,99.35,0.1,99.3,60,98.9,100,,,,,,,,,,,,,,,,,99.4,58,99.8,150,,,,,,,,,,,,,,,,
2026-06-29T04:00:57.622427+00:00,2026-06-29T14:00:57.620428,2,3,99.35,0.1,99.3,60,98.9,101,,,,,,,,,,,,,,,,,99.4,58,99.7,1,99.8,150,,,,,,,,,,,,,,
2026-06-29T04:00:58.281431+00:00,2026-06-29T14:00:58.272547,2,2,99.35,0.1,99.3,5,98.9,101,,,,,,,,,,,,,,,,,99.4,58,99.7,1,,,,,,,,,,,,,,,,
2026-06-29T04:00:58.325428+00:00,2026-06-29T14:00:58.325428,2,2,99.35,0.1,99.3,5,98.9,251,,,,,,,,,,,,,,,,,99.4,58,99.7,1,,,,,,,,,,,,,,,,
2026-06-29T04:00:58.380546+00:00,2026-06-29T14:00:58.378546,2,2,99.35,0.1,99.3,5,98.9,251,,,,,,,,,,,,,,,,,99.4,12,99.7,1,,,,,,,,,,,,,,,,
2026-06-29T04:00:58.391546+00:00,2026-06-29T14:00:58.381497,2,2,99.35,0.1,99.3,5,98.9,251,,,,,,,,,,,,,,,,,99.4,162,99.7,1,,,,,,,,,,,,,,,,
2026-06-29T04:00:58.500289+00:00,2026-06-29T14:00:58.491290,2,2,99.35,0.1,99.3,5,98.9,151,,,,,,,,,,,,,,,,,99.4,150,99.7,1,,,,,,,,,,,,,,,,
2026-06-29T04:00:58.555290+00:00,2026-06-29T14:00:58.544289,3,2,99.35,0.1,99.3,5,99.1,100,98.9,151,,,,,,,,,,,,,,,99.4,150,99.7,1,,,,,,,,,,,,,,,,
2026-06-29T04:00:58.610170+00:00,2026-06-29T14:00:58.602171,3,3,99.35,0.1,99.3,5,99.1,100,98.9,151,,,,,,,,,,,,,,,99.4,150,99.6,100,99.7,1,,,,,,,,,,,,,,
2026-06-29T04:00:59.369180+00:00,2026-06-29T14:00:59.364180,2,3,99.25,0.3,99.1,55,98.9,151,,,,,,,,,,,,,,,,,99.4,150,99.6,100,99.7,1,,,,,,,,,,,,,,
2026-06-29T04:00:59.468180+00:00,2026-06-29T14:00:59.460180,3,3,99.35,0.1,99.3,5,99.1,55,98.9,151,,,,,,,,,,,,,,,99.4,150,99.6,100,99.7,1,,,,,,,,,,,,,,
2026-06-29T04:00:59.523180+00:00,2026-06-29T14:00:59.521180,3,3,99.35,0.1,99.3,5,99.1,55,98.9,151,,,,,,,,,,,,,,,99.4,110,99.6,100,99.7,1,,,,,,,,,,,,,,
2026-06-29T04:00:59.589172+00:00,2026-06-29T14:00:59.579180,2,3,99.25,0.3,99.1,19,98.9,151,,,,,,,,,,,,,,,,,99.4,110,99.6,100,99.7,1,,,,,,,,,,,,,,
2026-06-29T04:00:59.963179+00:00,2026-06-29T14:00:59.960180,3,3,99.35,0.1,99.3,5,99.1,19,98.9,151,,,,,,,,,,,,,,,99.4,110,99.6,100,99.7,1,,,,,,,,,,,,,,
2026-06-29T04:01:00.139180+00:00,2026-06-29T14:01:00.134171,3,3,99.35,0.1,99.3,5,99.1,19,98.9,151,,,,,,,,,,,,,,,99.4,65,99.6,100,99.7,1,,,,,,,,,,,,,,
2026-06-29T04:01:00.491179+00:00,2026-06-29T14:01:00.480180,3,3,99.35,0.1,99.3,4,99.1,19,98.9,151,,,,,,,,,,,,,,,99.4,65,99.6,100,99.7,1,,,,,,,,,,,,,,
2026-06-29T04:01:00.568180+00:00,2026-06-29T14:01:00.560180,3,3,99.35,0.1,99.3,4,99.1,19,98.9,151,,,,,,,,,,,,,,,99.4,30,99.6,100,99.7,1,,,,,,,,,,,,,,
2026-06-29T04:01:00.601180+00:00,2026-06-29T14:01:00.592179,3,3,99.35,0.1,99.3,4,99.1,19,98.9,151,,,,,,,,,,,,,,,99.4,5,99.6,100,99.7,1,,,,,,,,,,,,,,
2026-06-29T04:01:00.634171+00:00,2026-06-29T14:01:00.633171,3,2,99.35,0.1,99.3,4,99.1,19,98.9,150,,,,,,,,,,,,,,,99.4,5,99.6,100,,,,,,,,,,,,,,,,
2026-06-29T04:01:00.645171+00:00,2026-06-29T14:01:00.644171,4,2,99.35,0.1,99.3,4,99.1,19,98.9,150,98.8,1,,,,,,,,,,,,,99.4,5,99.6,101,,,,,,,,,,,,,,,,
2026-06-29T04:01:00.656171+00:00,2026-06-29T14:01:00.648171,4,1,99.45,0.3,99.3,4,99.1,19,98.9,150,98.8,1,,,,,,,,,,,,,99.6,101,,,,,,,,,,,,,,,,,,
2026-06-29T04:01:01.435180+00:00,2026-06-29T14:01:01.434179,3,1,99.45,0.3,99.3,4,99.1,19,98.8,1,,,,,,,,,,,,,,,99.6,101,,,,,,,,,,,,,,,,,,
2026-06-29T04:01:01.446180+00:00,2026-06-29T14:01:01.439179,2,1,99.35,0.5,99.1,19,98.8,1,,,,,,,,,,,,,,,,,99.6,101,,,,,,,,,,,,,,,,,,
2026-06-29T04:01:01.479179+00:00,2026-06-29T14:01:01.473180,0,1,,,,,,,,,,,,,,,,,,,,,,,99.6,101,,,,,,,,,,,,,,,,,,
2026-06-29T04:01:01.501180+00:00,2026-06-29T14:01:01.490307,1,0,,,99.7,49,,,,,,,,,,,,,,,,,,,,,,,,,,,,,,,,,,,,,,
2026-06-29T04:01:01.545180+00:00,2026-06-29T14:01:01.543179,1,1,99.95,0.5,99.7,49,,,,,,,,,,,,,,,,,,,100.2,150,,,,,,,,,,,,,,,,,,
2026-06-29T04:01:01.556179+00:00,2026-06-29T14:01:01.546180,1,1,99.95,0.5,99.7,14,,,,,,,,,,,,,,,,,,,100.2,150,,,,,,,,,,,,,,,,,,
2026-06-29T04:01:01.600180+00:00,2026-06-29T14:01:01.594180,0,1,,,,,,,,,,,,,,,,,,,,,,,100.2,150,,,,,,,,,,,,,,,,,,
2026-06-29T04:01:01.710171+00:00,2026-06-29T14:01:01.704170,1,1,99.75,0.9,99.3,100,,,,,,,,,,,,,,,,,,,100.2,150,,,,,,,,,,,,,,,,,,
2026-06-29T04:01:01.765171+00:00,2026-06-29T14:01:01.764170,2,2,99.55,0.5,99.3,100,99.2,4,,,,,,,,,,,,,,,,,99.8,100,100.2,150,,,,,,,,,,,,,,,,
2026-06-29T04:01:01.886179+00:00,2026-06-29T14:01:01.885179,2,3,99.4,0.2,99.3,100,99.2,4,,,,,,,,,,,,,,,,,99.5,2,99.8,100,100.2,150,,,,,,,,,,,,,,
2026-06-29T04:01:01.941180+00:00,2026-06-29T14:01:01.938171,2,2,99.55,0.5,99.3,56,99.2,4,,,,,,,,,,,,,,,,,99.8,100,100.2,150,,,,,,,,,,,,,,,,
2026-06-29T04:01:02.040179+00:00,2026-06-29T14:01:02.030180,2,3,99.45,0.3,99.3,56,99.2,4,,,,,,,,,,,,,,,,,99.6,2,99.8,100,100.2,150,,,,,,,,,,,,,,
2026-06-29T04:01:02.150180+00:00,2026-06-29T14:01:02.149180,2,2,99.55,0.5,99.3,56,99.2,4,,,,,,,,,,,,,,,,,99.8,100,100.2,150,,,,,,,,,,,,,,,,
2026-06-29T04:01:02.205180+00:00,2026-06-29T14:01:02.194179,2,3,99.45,0.3,99.3,56,99.2,4,,,,,,,,,,,,,,,,,99.6,2,99.8,100,100.2,150,,,,,,,,,,,,,,
2026-06-29T04:01:02.359171+00:00,2026-06-29T14:01:02.354180,2,2,99.55,0.5,99.3,56,99.2,4,,,,,,,,,,,,,,,,,99.8,100,100.2,150,,,,,,,,,,,,,,,,
2026-06-29T04:01:02.776677+00:00,2026-06-29T14:01:02.769677,2,2,99.55,0.5,99.3,56,99.2,2,,,,,,,,,,,,,,,,,99.8,100,100.2,150,,,,,,,,,,,,,,,,
2026-06-29T04:01:03.589383+00:00,2026-06-29T14:01:03.582383,2,2,99.55,0.5,99.3,6,99.2,2,,,,,,,,,,,,,,,,,99.8,100,100.2,150,,,,,,,,,,,,,,,,
2026-06-29T04:01:03.666382+00:00,2026-06-29T14:01:03.663382,2,3,99.45,0.3,99.3,6,99.2,2,,,,,,,,,,,,,,,,,99.6,1,99.8,100,100.2,150,,,,,,,,,,,,,,
2026-06-29T04:01:03.677382+00:00,2026-06-29T14:01:03.666527,3,3,99.45,0.3,99.3,6,99.2,2,98.9,1,,,,,,,,,,,,,,,99.6,1,99.8,100,100.2,150,,,,,,,,,,,,,,
2026-06-29T04:01:04.568391+00:00,2026-06-29T14:01:04.563392,3,3,99.45,0.3,99.3,6,99.2,2,98.9,1,,,,,,,,,,,,,,,99.6,5,99.8,100,100.2,150,,,,,,,,,,,,,,
2026-06-29T04:01:04.612391+00:00,2026-06-29T14:01:04.609391,3,2,99.45,0.3,99.3,6,99.2,2,98.9,1,,,,,,,,,,,,,,,99.6,5,99.8,100,,,,,,,,,,,,,,,,
2026-06-29T04:01:04.656391+00:00,2026-06-29T14:01:04.650392,3,2,99.45,0.3,99.3,6,99.2,152,98.9,1,,,,,,,,,,,,,,,99.6,5,99.8,100,,,,,,,,,,,,,,,,
2026-06-29T04:01:04.711383+00:00,2026-06-29T14:01:04.703383,3,3,99.45,0.3,99.3,6,99.2,152,98.9,1,,,,,,,,,,,,,,,99.6,5,99.7,150,99.8,100,,,,,,,,,,,,,,
2026-06-29T04:01:04.821383+00:00,2026-06-29T14:01:04.813383,2,2,99.4,0.4,99.2,152,98.9,1,,,,,,,,,,,,,,,,,99.6,5,99.7,150,,,,,,,,,,,,,,,,
2026-06-29T04:01:04.876382+00:00,2026-06-29T14:01:04.868382,2,2,99.4,0.4,99.2,252,98.9,1,,,,,,,,,,,,,,,,,99.6,5,99.7,150,,,,,,,,,,,,,,,,
2026-06-29T04:01:04.931391+00:00,2026-06-29T14:01:04.921392,2,2,99.4,0.4,99.2,252,98.9,1,,,,,,,,,,,,,,,,,99.6,5,99.7,250,,,,,,,,,,,,,,,,
2026-06-29T04:01:05.096391+00:00,2026-06-29T14:01:05.090392,2,1,99.45,0.5,99.2,252,98.9,1,,,,,,,,,,,,,,,,,99.7,210,,,,,,,,,,,,,,,,,,
2026-06-29T04:01:05.646391+00:00,2026-06-29T14:01:05.638391,2,1,99.45,0.5,99.2,252,98.9,1,,,,,,,,,,,,,,,,,99.7,160,,,,,,,,,,,,,,,,,,
2026-06-29T04:01:06.679949+00:00,2026-06-29T14:01:06.675949,1,1,99.45,0.5,99.2,252,,,,,,,,,,,,,,,,,,,99.7,160,,,,,,,,,,,,,,,,,,
2026-06-29T04:01:06.690949+00:00,2026-06-29T14:01:06.685950,1,2,99.45,0.5,99.2,252,,,,,,,,,,,,,,,,,,,99.7,160,99.9,1,,,,,,,,,,,,,,,,
2026-06-29T04:01:06.701942+00:00,2026-06-29T14:01:06.690949,1,2,99.45,0.5,99.2,253,,,,,,,,,,,,,,,,,,,99.7,160,99.9,1,,,,,,,,,,,,,,,,
2026-06-29T04:01:07.746961+00:00,2026-06-29T14:01:07.745960,1,2,99.45,0.5,99.2,253,,,,,,,,,,,,,,,,,,,99.7,110,99.9,1,,,,,,,,,,,,,,,,
2026-06-29T04:01:07.768960+00:00,2026-06-29T14:01:07.759961,1,2,99.45,0.5,99.2,103,,,,,,,,,,,,,,,,,,,99.7,100,99.9,1,,,,,,,,,,,,,,,,
2026-06-29T04:01:07.823960+00:00,2026-06-29T14:01:07.813961,2,0,,,99.9,49,99.2,103,,,,,,,,,,,,,,,,,,,,,,,,,,,,,,,,,,,,
2026-06-29T04:01:07.878961+00:00,2026-06-29T14:01:07.871961,2,1,100.15,0.5,99.9,49,99.2,103,,,,,,,,,,,,,,,,,100.4,150,,,,,,,,,,,,,,,,,,
2026-06-29T04:01:07.900960+00:00,2026-06-29T14:01:07.890160,2,1,100.15,0.5,99.9,14,99.2,103,,,,,,,,,,,,,,,,,100.4,150,,,,,,,,,,,,,,,,,,
2026-06-29T04:01:07.988969+00:00,2026-06-29T14:01:07.979969,1,1,99.8,1.2,99.2,3,,,,,,,,,,,,,,,,,,,100.4,150,,,,,,,,,,,,,,,,,,
2026-06-29T04:01:08.043969+00:00,2026-06-29T14:01:08.032970,2,1,100.0,0.8,99.6,100,99.2,3,,,,,,,,,,,,,,,,,100.4,150,,,,,,,,,,,,,,,,,,
2026-06-29T04:01:08.087969+00:00,2026-06-29T14:01:08.085969,2,2,99.85,0.5,99.6,100,99.2,3,,,,,,,,,,,,,,,,,100.1,100,100.4,150,,,,,,,,,,,,,,,,
2026-06-29T04:01:09.704706+00:00,2026-06-29T14:01:09.703587,1,2,99.85,0.5,99.6,100,,,,,,,,,,,,,,,,,,,100.1,100,100.4,150,,,,,,,,,,,,,,,,
2026-06-29T04:01:09.715706+00:00,2026-06-29T14:01:09.710677,1,3,99.75,0.3,99.6,100,,,,,,,,,,,,,,,,,,,99.9,1,100.1,100,100.4,150,,,,,,,,,,,,,,
2026-06-29T04:01:09.737706+00:00,2026-06-29T14:01:09.733622,2,3,99.75,0.3,99.6,100,99.2,1,,,,,,,,,,,,,,,,,99.9,1,100.1,100,100.4,150,,,,,,,,,,,,,,
2026-06-29T04:01:10.936106+00:00,2026-06-29T14:01:10.927106,2,2,99.75,0.3,99.6,100,99.2,1,,,,,,,,,,,,,,,,,99.9,1,100.1,100,,,,,,,,,,,,,,,,
2026-06-29T04:01:10.980106+00:00,2026-06-29T14:01:10.979106,2,2,99.75,0.3,99.6,100,99.2,151,,,,,,,,,,,,,,,,,99.9,1,100.1,100,,,,,,,,,,,,,,,,
2026-06-29T04:01:11.034225+00:00,2026-06-29T14:01:11.032225,2,3,99.65,0.1,99.6,100,99.2,151,,,,,,,,,,,,,,,,,99.7,150,99.9,1,100.1,100,,,,,,,,,,,,,,
2026-06-29T04:01:11.144115+00:00,2026-06-29T14:01:11.142116,1,2,99.45,0.5,99.2,151,,,,,,,,,,,,,,,,,,,99.7,150,99.9,1,,,,,,,,,,,,,,,,
2026-06-29T04:01:11.199115+00:00,2026-06-29T14:01:11.196109,2,2,99.65,0.1,99.6,100,99.2,151,,,,,,,,,,,,,,,,,99.7,150,99.9,1,,,,,,,,,,,,,,,,
2026-06-29T04:01:11.254115+00:00,2026-06-29T14:01:11.249115,2,3,99.65,0.1,99.6,100,99.2,151,,,,,,,,,,,,,,,,,99.7,150,99.9,1,100.1,100,,,,,,,,,,,,,,
2026-06-29T04:01:11.782107+00:00,2026-06-29T14:01:11.781108,3,3,99.65,0.1,99.6,100,99.4,5,99.2,151,,,,,,,,,,,,,,,99.7,150,99.9,1,100.1,100,,,,,,,,,,,,,,
2026-06-29T04:01:12.024106+00:00,2026-06-29T14:01:12.015106,3,3,99.65,0.1,99.6,50,99.4,5,99.2,151,,,,,,,,,,,,,,,99.7,150,99.9,1,100.1,100,,,,,,,,,,,,,,
2026-06-29T04:01:12.750115+00:00,2026-06-29T14:01:12.747115,3,2,99.65,0.1,99.6,50,99.4,5,99.2,150,,,,,,,,,,,,,,,99.7,150,100.1,100,,,,,,,,,,,,,,,,
2026-06-29T04:01:12.761115+00:00,2026-06-29T14:01:12.759115,3,3,99.65,0.1,99.6,50,99.4,5,99.2,151,,,,,,,,,,,,,,,99.7,150,99.9,1,100.1,100,,,,,,,,,,,,,,
2026-06-29T04:01:13.278225+00:00,2026-06-29T14:01:13.274115,3,3,99.65,0.1,99.6,50,99.4,5,99.2,151,,,,,,,,,,,,,,,99.7,115,99.9,1,100.1,100,,,,,,,,,,,,,,
2026-06-29T04:01:13.366225+00:00,2026-06-29T14:01:13.362225,3,3,99.65,0.1,99.6,50,99.4,5,99.2,151,,,,,,,,,,,,,,,99.7,80,99.9,1,100.1,100,,,,,,,,,,,,,,
2026-06-29T04:01:13.442296+00:00,2026-06-29T14:01:13.435215,3,3,99.65,0.1,99.6,50,99.4,5,99.2,151,,,,,,,,,,,,,,,99.7,30,99.9,1,100.1,100,,,,,,,,,,,,,,
2026-06-29T04:01:13.464295+00:00,2026-06-29T14:01:13.453296,3,2,99.75,0.3,99.6,50,99.4,5,99.2,151,,,,,,,,,,,,,,,99.9,1,100.1,100,,,,,,,,,,,,,,,,
2026-06-29T04:01:14.090178+00:00,2026-06-29T14:01:14.086177,3,2,99.75,0.3,99.6,50,99.4,5,99.2,1,,,,,,,,,,,,,,,99.9,1,100.1,100,,,,,,,,,,,,,,,,
2026-06-29T04:01:14.145177+00:00,2026-06-29T14:01:14.137178,4,2,99.85,0.1,99.8,150,99.6,50,99.4,5,99.2,1,,,,,,,,,,,,,99.9,1,100.1,100,,,,,,,,,,,,,,,,
2026-06-29T04:01:14.200177+00:00,2026-06-29T14:01:14.190179,4,3,99.85,0.1,99.8,105,99.6,50,99.4,5,99.2,1,,,,,,,,,,,,,99.9,1,100.1,100,100.3,150,,,,,,,,,,,,,,
2026-06-29T04:01:14.310178+00:00,2026-06-29T14:01:14.304178,3,2,99.85,0.1,99.8,105,99.4,5,99.2,1,,,,,,,,,,,,,,,99.9,1,100.3,150,,,,,,,,,,,,,,,,
2026-06-29T04:01:14.365177+00:00,2026-06-29T14:01:14.357179,3,2,99.85,0.1,99.8,105,99.4,105,99.2,1,,,,,,,,,,,,,,,99.9,1,100.3,150,,,,,,,,,,,,,,,,
2026-06-29T04:01:14.409177+00:00,2026-06-29T14:01:14.408177,3,2,99.85,0.1,99.8,105,99.4,105,99.2,1,,,,,,,,,,,,,,,99.9,101,100.3,150,,,,,,,,,,,,,,,,
2026-06-29T04:01:15.299961+00:00,2026-06-29T14:01:15.298960,3,2,99.85,0.1,99.8,105,99.4,105,99.2,1,,,,,,,,,,,,,,,99.9,60,100.3,150,,,,,,,,,,,,,,,,
2026-06-29T04:01:15.772961+00:00,2026-06-29T14:01:15.769961,2,2,99.85,0.1,99.8,105,99.4,105,,,,,,,,,,,,,,,,,99.9,60,100.3,150,,,,,,,,,,,,,,,,
2026-06-29T04:01:15.783961+00:00,2026-06-29T14:01:15.782961,3,3,99.85,0.1,99.8,105,99.5,1,99.4,105,,,,,,,,,,,,,,,99.9,60,100.2,1,100.3,150,,,,,,,,,,,,,,
2026-06-29T04:01:15.882961+00:00,2026-06-29T14:01:15.881961,3,3,99.85,0.1,99.8,62,99.5,1,99.4,105,,,,,,,,,,,,,,,99.9,60,100.2,1,100.3,150,,,,,,,,,,,,,,
2026-06-29T04:01:16.179012+00:00,2026-06-29T14:01:16.173012,3,3,99.85,0.1,99.8,62,99.5,1,99.4,105,,,,,,,,,,,,,,,99.9,10,100.2,1,100.3,150,,,,,,,,,,,,,,
2026-06-29T04:01:17.245122+00:00,2026-06-29T14:01:17.244012,3,2,99.85,0.1,99.8,62,99.5,1,99.4,105,,,,,,,,,,,,,,,99.9,10,100.2,1,,,,,,,,,,,,,,,,
2026-06-29T04:01:17.256012+00:00,2026-06-29T14:01:17.247122,2,2,99.7,0.4,99.5,1,99.4,105,,,,,,,,,,,,,,,,,99.9,10,100.2,1,,,,,,,,,,,,,,,,
2026-06-29T04:01:17.300012+00:00,2026-06-29T14:01:17.299012,3,2,99.8,0.2,99.7,150,99.5,1,99.4,105,,,,,,,,,,,,,,,99.9,10,100.2,1,,,,,,,,,,,,,,,,
2026-06-29T04:01:17.355012+00:00,2026-06-29T14:01:17.353012,3,2,99.8,0.2,99.7,150,99.5,1,99.4,105,,,,,,,,,,,,,,,99.9,10,100.2,151,,,,,,,,,,,,,,,,
2026-06-29T04:01:17.465012+00:00,2026-06-29T14:01:17.464012,3,1,99.95,0.5,99.7,150,99.5,1,99.4,5,,,,,,,,,,,,,,,100.2,151,,,,,,,,,,,,,,,,,,
2026-06-29T04:01:17.531012+00:00,2026-06-29T14:01:17.524012,4,1,100.0,0.4,99.8,100,99.7,150,99.5,1,99.4,5,,,,,,,,,,,,,100.2,151,,,,,,,,,,,,,,,,,,
2026-06-29T04:01:17.586012+00:00,2026-06-29T14:01:17.577012,4,2,100.0,0.4,99.8,100,99.7,150,99.5,1,99.4,5,,,,,,,,,,,,,100.2,151,100.3,100,,,,,,,,,,,,,,,,
2026-06-29T04:01:18.290012+00:00,2026-06-29T14:01:18.288004,3,2,100.0,0.4,99.8,100,99.7,150,99.5,1,,,,,,,,,,,,,,,100.2,101,100.3,100,,,,,,,,,,,,,,,,
2026-06-29T04:01:18.378012+00:00,2026-06-29T14:01:18.373012,4,2,100.0,0.4,99.8,100,99.7,150,99.6,6,99.5,1,,,,,,,,,,,,,100.2,101,100.3,100,,,,,,,,,,,,,,,,
2026-06-29T04:01:18.585699+00:00,2026-06-29T14:01:18.584699,4,2,100.0,0.4,99.8,60,99.7,150,99.6,6,99.5,1,,,,,,,,,,,,,100.2,101,100.3,100,,,,,,,,,,,,,,,,
2026-06-29T04:01:18.794699+00:00,2026-06-29T14:01:18.793699,3,2,100.0,0.4,99.8,60,99.7,150,99.6,6,,,,,,,,,,,,,,,100.2,101,100.3,100,,,,,,,,,,,,,,,,
2026-06-29T04:01:18.805698+00:00,2026-06-29T14:01:18.802698,3,3,100.0,0.4,99.8,60,99.7,150,99.6,6,,,,,,,,,,,,,,,100.2,101,100.3,100,100.4,1,,,,,,,,,,,,,,
2026-06-29T04:01:18.816699+00:00,2026-06-29T14:01:18.807698,3,3,100.0,0.4,99.8,60,99.7,151,99.6,6,,,,,,,,,,,,,,,100.2,101,100.3,100,100.4,1,,,,,,,,,,,,,,
2026-06-29T04:01:20.158689+00:00,2026-06-29T14:01:20.150689,3,3,100.0,0.4,99.8,13,99.7,151,99.6,6,,,,,,,,,,,,,,,100.2,101,100.3,100,100.4,1,,,,,,,,,,,,,,
2026-06-29T04:01:20.389699+00:00,2026-06-29T14:01:20.386699,3,3,100.0,0.4,99.8,13,99.7,151,99.6,6,,,,,,,,,,,,,,,100.2,51,100.3,100,100.4,1,,,,,,,,,,,,,,
2026-06-29T04:01:20.411698+00:00,2026-06-29T14:01:20.410698,3,2,100.05,0.5,99.8,13,99.7,1,99.6,6,,,,,,,,,,,,,,,100.3,100,100.4,1,,,,,,,,,,,,,,,,
2026-06-29T04:01:20.466698+00:00,2026-06-29T14:01:20.462698,4,2,100.1,0.4,99.9,150,99.8,13,99.7,1,99.6,6,,,,,,,,,,,,,100.3,100,100.4,1,,,,,,,,,,,,,,,,
2026-06-29T04:01:20.532698+00:00,2026-06-29T14:01:20.521699,4,2,100.1,0.4,99.9,150,99.8,13,99.7,1,99.6,6,,,,,,,,,,,,,100.3,100,100.4,151,,,,,,,,,,,,,,,,
2026-06-29T04:01:20.642698+00:00,2026-06-29T14:01:20.633699,3,1,100.15,0.5,99.9,150,99.7,1,99.6,6,,,,,,,,,,,,,,,100.4,151,,,,,,,,,,,,,,,,,,
2026-06-29T04:01:20.697699+00:00,2026-06-29T14:01:20.686699,4,1,100.15,0.5,99.9,150,99.7,1,99.6,6,99.5,100,,,,,,,,,,,,,100.4,151,,,,,,,,,,,,,,,,,,
2026-06-29T04:01:20.741699+00:00,2026-06-29T14:01:20.740699,4,2,99.95,0.1,99.9,150,99.7,1,99.6,6,99.5,100,,,,,,,,,,,,,100.0,100,100.4,151,,,,,,,,,,,,,,,,
2026-06-29T04:01:21.247698+00:00,2026-06-29T14:01:21.244691,4,2,99.95,0.1,99.9,115,99.7,1,99.6,6,99.5,100,,,,,,,,,,,,,100.0,100,100.4,151,,,,,,,,,,,,,,,,
2026-06-29T04:01:21.258699+00:00,2026-06-29T14:01:21.255809,4,2,99.95,0.1,99.9,65,99.7,1,99.6,6,99.5,100,,,,,,,,,,,,,100.0,100,100.4,151,,,,,,,,,,,,,,,,
2026-06-29T04:01:21.335699+00:00,2026-06-29T14:01:21.334698,4,2,99.95,0.1,99.9,30,99.7,1,99.6,6,99.5,100,,,,,,,,,,,,,100.0,100,100.4,151,,,,,,,,,,,,,,,,
2026-06-29T04:01:21.434698+00:00,2026-06-29T14:01:21.423699,3,2,99.85,0.3,99.7,1,99.6,6,99.5,100,,,,,,,,,,,,,,,100.0,100,100.4,151,,,,,,,,,,,,,,,,
2026-06-29T04:01:21.830699+00:00,2026-06-29T14:01:21.828699,2,3,99.8,0.4,99.6,6,99.5,100,,,,,,,,,,,,,,,,,100.0,100,100.2,1,100.4,150,,,,,,,,,,,,,,
2026-06-29T04:01:21.841698+00:00,2026-06-29T14:01:21.833699,3,3,99.8,0.4,99.6,6,99.5,100,99.4,1,,,,,,,,,,,,,,,100.0,100,100.2,1,100.4,150,,,,,,,,,,,,,,
2026-06-29T04:01:22.556699+00:00,2026-06-29T14:01:22.548699,2,3,99.75,0.5,99.5,56,99.4,1,,,,,,,,,,,,,,,,,100.0,100,100.2,1,100.4,150,,,,,,,,,,,,,,
2026-06-29T04:01:22.578698+00:00,2026-06-29T14:01:22.573698,3,3,99.8,0.4,99.6,5,99.5,56,99.4,1,,,,,,,,,,,,,,,100.0,100,100.2,1,100.4,150,,,,,,,,,,,,,,
2026-06-29T04:01:23.589384+00:00,2026-06-29T14:01:23.586384,3,2,99.8,0.4,99.6,5,99.5,56,99.4,1,,,,,,,,,,,,,,,100.0,100,100.2,1,,,,,,,,,,,,,,,,
2026-06-29T04:01:23.644384+00:00,2026-06-29T14:01:23.638384,3,2,99.8,0.4,99.6,5,99.5,56,99.4,151,,,,,,,,,,,,,,,100.0,100,100.2,1,,,,,,,,,,,,,,,,
2026-06-29T04:01:23.699384+00:00,2026-06-29T14:01:23.692384,3,3,99.75,0.3,99.6,5,99.5,56,99.4,151,,,,,,,,,,,,,,,99.9,150,100.0,100,100.2,1,,,,,,,,,,,,,,
2026-06-29T04:01:23.798383+00:00,2026-06-29T14:01:23.796383,2,2,99.75,0.3,99.6,5,99.4,151,,,,,,,,,,,,,,,,,99.9,150,100.2,1,,,,,,,,,,,,,,,,
2026-06-29T04:01:23.853383+00:00,2026-06-29T14:01:23.848384,3,2,99.75,0.3,99.6,5,99.5,100,99.4,151,,,,,,,,,,,,,,,99.9,150,100.2,1,,,,,,,,,,,,,,,,
2026-06-29T04:01:23.908383+00:00,2026-06-29T14:01:23.901383,3,3,99.75,0.3,99.6,5,99.5,100,99.4,151,,,,,,,,,,,,,,,99.9,150,100.0,100,100.2,1,,,,,,,,,,,,,,
2026-06-29T04:01:24.666493+00:00,2026-06-29T14:01:24.657375,2,3,99.7,0.4,99.5,55,99.4,151,,,,,,,,,,,,,,,,,99.9,150,100.0,100,100.2,1,,,,,,,,,,,,,,
2026-06-29T04:01:24.853383+00:00,2026-06-29T14:01:24.845383,2,2,99.7,0.4,99.5,55,99.4,150,,,,,,,,,,,,,,,,,99.9,150,100.0,100,,,,,,,,,,,,,,,,
2026-06-29T04:01:24.864384+00:00,2026-06-29T14:01:24.860383,3,3,99.7,0.4,99.5,55,99.4,150,99.3,1,,,,,,,,,,,,,,,99.9,150,100.0,100,100.1,1,,,,,,,,,,,,,,
2026-06-29T04:01:24.875384+00:00,2026-06-29T14:01:24.873384,3,3,99.7,0.4,99.5,55,99.4,150,99.3,1,,,,,,,,,,,,,,,99.9,125,100.0,100,100.1,1,,,,,,,,,,,,,,
2026-06-29T04:01:24.886384+00:00,2026-06-29T14:01:24.878384,3,3,99.7,0.4,99.5,55,99.4,150,99.3,1,,,,,,,,,,,,,,,99.9,65,100.0,100,100.1,1,,,,,,,,,,,,,,
2026-06-29T04:01:24.974383+00:00,2026-06-29T14:01:24.968383,3,3,99.7,0.4,99.5,55,99.4,150,99.3,1,,,,,,,,,,,,,,,99.9,30,100.0,100,100.1,1,,,,,,,,,,,,,,
2026-06-29T04:01:25.062375+00:00,2026-06-29T14:01:25.058374,3,2,99.75,0.5,99.5,55,99.4,150,99.3,1,,,,,,,,,,,,,,,100.0,100,100.1,1,,,,,,,,,,,,,,,,
2026-06-29T04:01:25.821384+00:00,2026-06-29T14:01:25.815383,4,2,99.8,0.4,99.6,4,99.5,55,99.4,150,99.3,1,,,,,,,,,,,,,100.0,100,100.1,1,,,,,,,,,,,,,,,,
2026-06-29T04:01:26.305027+00:00,2026-06-29T14:01:26.294166,4,2,99.8,0.4,99.6,4,99.5,55,99.4,150,99.3,1,,,,,,,,,,,,,100.0,60,100.1,1,,,,,,,,,,,,,,,,
2026-06-29T04:01:26.755917+00:00,2026-06-29T14:01:26.745917,3,2,99.8,0.4,99.6,4,99.5,55,99.3,1,,,,,,,,,,,,,,,100.0,60,100.1,1,,,,,,,,,,,,,,,,
2026-06-29T04:01:26.810917+00:00,2026-06-29T14:01:26.801917,4,0,,,100.1,89,99.6,4,99.5,55,99.3,1,,,,,,,,,,,,,,,,,,,,,,,,,,,,,,,,
2026-06-29T04:01:26.843917+00:00,2026-06-29T14:01:26.840917,4,0,,,100.1,54,99.6,4,99.5,55,99.3,1,,,,,,,,,,,,,,,,,,,,,,,,,,,,,,,,
2026-06-29T04:01:26.865917+00:00,2026-06-29T14:01:26.854917,4,1,100.35,0.5,100.1,54,99.6,4,99.5,55,99.3,1,,,,,,,,,,,,,100.6,150,,,,,,,,,,,,,,,,,,
2026-06-29T04:01:26.887917+00:00,2026-06-29T14:01:26.885917,4,1,100.35,0.5,100.1,29,99.6,4,99.5,55,99.3,1,,,,,,,,,,,,,100.6,150,,,,,,,,,,,,,,,,,,
2026-06-29T04:01:26.898917+00:00,2026-06-29T14:01:26.890917,4,1,100.35,0.5,100.1,4,99.6,4,99.5,55,99.3,1,,,,,,,,,,,,,100.6,150,,,,,,,,,,,,,,,,,,
2026-06-29T04:01:26.942917+00:00,2026-06-29T14:01:26.932084,3,1,100.1,1.0,99.6,4,99.5,55,99.3,1,,,,,,,,,,,,,,,100.6,150,,,,,,,,,,,,,,,,,,
2026-06-29T04:01:26.964917+00:00,2026-06-29T14:01:26.954917,2,1,100.1,1.0,99.6,4,99.3,1,,,,,,,,,,,,,,,,,100.6,150,,,,,,,,,,,,,,,,,,
2026-06-29T04:01:27.008917+00:00,2026-06-29T14:01:27.007917,2,1,100.1,1.0,99.6,104,99.3,1,,,,,,,,,,,,,,,,,100.6,150,,,,,,,,,,,,,,,,,,
2026-06-29T04:01:27.063908+00:00,2026-06-29T14:01:27.060908,2,2,99.85,0.5,99.6,104,99.3,1,,,,,,,,,,,,,,,,,100.1,100,100.6,150,,,,,,,,,,,,,,,,
2026-06-29T04:01:27.877917+00:00,2026-06-29T14:01:27.870917,1,2,99.85,0.5,99.6,104,,,,,,,,,,,,,,,,,,,100.1,100,100.6,150,,,,,,,,,,,,,,,,
2026-06-29T04:01:27.888917+00:00,2026-06-29T14:01:27.885917,2,3,99.85,0.5,99.6,104,99.5,1,,,,,,,,,,,,,,,,,100.1,100,100.2,1,100.6,150,,,,,,,,,,,,,,
2026-06-29T04:01:28.878064+00:00,2026-06-29T14:01:28.873064,2,3,99.85,0.5,99.6,54,99.5,1,,,,,,,,,,,,,,,,,100.1,100,100.2,1,100.6,150,,,,,,,,,,,,,,
2026-06-29T04:01:29.021061+00:00,2026-06-29T14:01:29.011064,2,3,99.85,0.5,99.6,59,99.5,1,,,,,,,,,,,,,,,,,100.1,100,100.2,1,100.6,150,,,,,,,,,,,,,,
2026-06-29T04:01:29.923064+00:00,2026-06-29T14:01:29.912064,2,2,99.85,0.5,99.6,59,99.5,1,,,,,,,,,,,,,,,,,100.1,100,100.2,1,,,,,,,,,,,,,,,,
2026-06-29T04:01:29.967064+00:00,2026-06-29T14:01:29.965064,2,2,99.85,0.5,99.6,59,99.5,151,,,,,,,,,,,,,,,,,100.1,100,100.2,1,,,,,,,,,,,,,,,,
2026-06-29T04:01:30.022063+00:00,2026-06-29T14:01:30.019055,2,4,99.75,0.3,99.6,59,99.5,151,,,,,,,,,,,,,,,,,99.9,1,100.0,150,100.1,100,100.2,1,,,,,,,,,,,,
2026-06-29T04:01:30.121068+00:00,2026-06-29T14:01:30.117068,2,3,99.75,0.3,99.6,5,99.5,151,,,,,,,,,,,,,,,,,99.9,1,100.0,150,100.2,1,,,,,,,,,,,,,,
2026-06-29T04:01:30.198068+00:00,2026-06-29T14:01:30.187068,2,3,99.75,0.3,99.6,5,99.5,251,,,,,,,,,,,,,,,,,99.9,1,100.0,150,100.2,1,,,,,,,,,,,,,,
2026-06-29T04:01:30.242069+00:00,2026-06-29T14:01:30.237069,2,3,99.75,0.3,99.6,5,99.5,251,,,,,,,,,,,,,,,,,99.9,1,100.0,250,100.2,1,,,,,,,,,,,,,,
2026-06-29T04:01:30.253068+00:00,2026-06-29T14:01:30.243068,2,2,99.8,0.4,99.6,5,99.5,251,,,,,,,,,,,,,,,,,100.0,250,100.2,1,,,,,,,,,,,,,,,,
2026-06-29T04:01:30.902077+00:00,2026-06-29T14:01:30.896077,2,1,99.8,0.4,99.6,5,99.5,250,,,,,,,,,,,,,,,,,100.0,250,,,,,,,,,,,,,,,,,,
2026-06-29T04:01:30.913077+00:00,2026-06-29T14:01:30.911078,3,1,99.8,0.4,99.6,5,99.5,250,99.2,1,,,,,,,,,,,,,,,100.0,205,,,,,,,,,,,,,,,,,,
2026-06-29T04:01:30.979077+00:00,2026-06-29T14:01:30.978069,2,1,99.75,0.5,99.5,205,99.2,1,,,,,,,,,,,,,,,,,100.0,205,,,,,,,,,,,,,,,,,,
2026-06-29T04:01:31.001078+00:00,2026-06-29T14:01:30.998077,3,1,99.8,0.4,99.6,5,99.5,205,99.2,1,,,,,,,,,,,,,,,100.0,205,,,,,,,,,,,,,,,,,,
2026-06-29T04:01:32.079077+00:00,2026-06-29T14:01:32.071077,2,1,99.75,0.5,99.5,170,99.2,1,,,,,,,,,,,,,,,,,100.0,205,,,,,,,,,,,,,,,,,,
2026-06-29T04:01:32.101077+00:00,2026-06-29T14:01:32.092068,3,1,99.8,0.4,99.6,5,99.5,170,99.2,1,,,,,,,,,,,,,,,100.0,205,,,,,,,,,,,,,,,,,,
2026-06-29T04:01:33.080068+00:00,2026-06-29T14:01:33.074068,3,1,99.8,0.4,99.6,5,99.5,100,99.2,1,,,,,,,,,,,,,,,100.0,101,,,,,,,,,,,,,,,,,,
2026-06-29T04:01:33.102068+00:00,2026-06-29T14:01:33.091068,2,1,99.75,0.5,99.5,55,99.2,1,,,,,,,,,,,,,,,,,100.0,101,,,,,,,,,,,,,,,,,,
2026-06-29T04:01:33.135068+00:00,2026-06-29T14:01:33.126068,3,1,99.75,0.5,99.5,55,99.3,150,99.2,1,,,,,,,,,,,,,,,100.0,101,,,,,,,,,,,,,,,,,,
2026-06-29T04:01:33.201068+00:00,2026-06-29T14:01:33.199068,3,2,99.65,0.3,99.5,55,99.3,150,99.2,1,,,,,,,,,,,,,,,99.8,115,100.0,101,,,,,,,,,,,,,,,,
2026-06-29T04:01:33.212068+00:00,2026-06-29T14:01:33.207069,4,2,99.7,0.2,99.6,5,99.5,55,99.3,150,99.2,1,,,,,,,,,,,,,99.8,115,100.0,101,,,,,,,,,,,,,,,,
2026-06-29T04:01:33.278068+00:00,2026-06-29T14:01:33.276068,4,2,99.7,0.2,99.6,5,99.5,55,99.3,150,99.2,1,,,,,,,,,,,,,99.8,107,100.0,101,,,,,,,,,,,,,,,,
2026-06-29T04:01:33.300068+00:00,2026-06-29T14:01:33.292068,3,2,99.7,0.2,99.6,5,99.3,150,99.2,1,,,,,,,,,,,,,,,99.8,107,100.0,1,,,,,,,,,,,,,,,,
2026-06-29T04:01:33.322068+00:00,2026-06-29T14:01:33.315069,3,2,99.7,0.2,99.6,5,99.3,150,99.2,1,,,,,,,,,,,,,,,99.8,82,100.0,1,,,,,,,,,,,,,,,,
2026-06-29T04:01:33.333068+00:00,2026-06-29T14:01:33.322068,3,2,99.7,0.2,99.6,5,99.3,150,99.2,1,,,,,,,,,,,,,,,99.8,57,100.0,1,,,,,,,,,,,,,,,,
2026-06-29T04:01:33.355068+00:00,2026-06-29T14:01:33.345069,4,2,99.7,0.2,99.6,5,99.4,100,99.3,150,99.2,1,,,,,,,,,,,,,99.8,57,100.0,1,,,,,,,,,,,,,,,,
2026-06-29T04:01:33.399068+00:00,2026-06-29T14:01:33.398068,4,3,99.7,0.2,99.6,5,99.4,100,99.3,150,99.2,1,,,,,,,,,,,,,99.8,57,99.9,100,100.0,1,,,,,,,,,,,,,,
2026-06-29T04:01:33.541050+00:00,2026-06-29T14:01:33.533050,4,3,99.7,0.2,99.6,5,99.4,100,99.3,150,99.2,1,,,,,,,,,,,,,99.8,7,99.9,100,100.0,1,,,,,,,,,,,,,,
2026-06-29T04:01:33.574050+00:00,2026-06-29T14:01:33.574050,4,2,99.75,0.3,99.6,5,99.4,100,99.3,150,99.2,1,,,,,,,,,,,,,99.9,66,100.0,1,,,,,,,,,,,,,,,,
2026-06-29T04:01:33.926059+00:00,2026-06-29T14:01:33.919050,3,1,99.75,0.3,99.6,5,99.4,100,99.3,150,,,,,,,,,,,,,,,99.9,66,,,,,,,,,,,,,,,,,,
2026-06-29T04:01:33.937059+00:00,2026-06-29T14:01:33.933059,4,2,99.75,0.3,99.6,5,99.4,100,99.3,150,99.2,1,,,,,,,,,,,,,99.9,66,100.0,1,,,,,,,,,,,,,,,,
2026-06-29T04:01:34.058059+00:00,2026-06-29T14:01:34.048059,4,2,99.75,0.3,99.6,5,99.4,100,99.3,150,99.2,1,,,,,,,,,,,,,99.9,21,100.0,1,,,,,,,,,,,,,,,,
2026-06-29T04:01:34.113059+00:00,2026-06-29T14:01:34.103060,3,2,99.65,0.5,99.4,100,99.3,150,99.2,1,,,,,,,,,,,,,,,99.9,21,100.0,1,,,,,,,,,,,,,,,,
2026-06-29T04:01:34.223059+00:00,2026-06-29T14:01:34.214059,4,2,99.75,0.3,99.6,5,99.4,100,99.3,150,99.2,1,,,,,,,,,,,,,99.9,21,100.0,1,,,,,,,,,,,,,,,,
2026-06-29T04:01:35.213050+00:00,2026-06-29T14:01:35.207050,3,2,99.65,0.5,99.4,55,99.3,150,99.2,1,,,,,,,,,,,,,,,99.9,21,100.0,1,,,,,,,,,,,,,,,,
2026-06-29T04:01:35.950059+00:00,2026-06-29T14:01:35.949059,3,0,,,99.4,55,99.3,150,99.2,1,,,,,,,,,,,,,,,,,,,,,,,,,,,,,,,,,,
2026-06-29T04:01:36.235620+00:00,2026-06-29T14:01:36.233620,2,1,99.65,0.5,99.4,55,99.2,1,,,,,,,,,,,,,,,,,99.9,4,,,,,,,,,,,,,,,,,,
2026-06-29T04:01:36.301621+00:00,2026-06-29T14:01:36.292621,3,0,,,100.0,146,99.4,55,99.2,1,,,,,,,,,,,,,,,,,,,,,,,,,,,,,,,,,,
2026-06-29T04:01:36.367620+00:00,2026-06-29T14:01:36.357621,3,1,100.25,0.5,100.0,146,99.4,55,99.2,1,,,,,,,,,,,,,,,100.5,150,,,,,,,,,,,,,,,,,,
2026-06-29T04:01:36.455620+00:00,2026-06-29T14:01:36.452620,2,1,100.25,0.5,100.0,146,99.2,1,,,,,,,,,,,,,,,,,100.5,150,,,,,,,,,,,,,,,,,,
2026-06-29T04:01:36.510621+00:00,2026-06-29T14:01:36.505620,3,1,100.25,0.5,100.0,146,99.6,100,99.2,1,,,,,,,,,,,,,,,100.5,150,,,,,,,,,,,,,,,,,,
2026-06-29T04:01:36.543620+00:00,2026-06-29T14:01:36.537620,3,1,100.25,0.5,100.0,105,99.6,100,99.2,1,,,,,,,,,,,,,,,100.5,150,,,,,,,,,,,,,,,,,,
2026-06-29T04:01:36.576620+00:00,2026-06-29T14:01:36.569620,3,2,100.05,0.1,100.0,105,99.6,100,99.2,1,,,,,,,,,,,,,,,100.1,100,100.5,150,,,,,,,,,,,,,,,,
2026-06-29T04:01:36.950629+00:00,2026-06-29T14:01:36.944630,2,2,100.05,0.1,100.0,105,99.6,100,,,,,,,,,,,,,,,,,100.1,100,100.5,150,,,,,,,,,,,,,,,,
2026-06-29T04:01:36.961630+00:00,2026-06-29T14:01:36.960630,2,3,100.05,0.1,100.0,105,99.6,101,,,,,,,,,,,,,,,,,100.1,100,100.4,1,100.5,150,,,,,,,,,,,,,,
2026-06-29T04:01:37.313620+00:00,2026-06-29T14:01:37.309620,2,3,100.05,0.1,100.0,50,99.6,101,,,,,,,,,,,,,,,,,100.1,100,100.4,1,100.5,150,,,,,,,,,,,,,,
2026-06-29T04:01:38.007629+00:00,2026-06-29T14:01:38.002629,2,3,100.05,0.1,100.0,50,99.6,101,,,,,,,,,,,,,,,,,100.1,52,100.4,1,100.5,150,,,,,,,,,,,,,,
2026-06-29T04:01:38.490696+00:00,2026-06-29T14:01:38.482696,2,3,100.05,0.1,100.0,45,99.6,101,,,,,,,,,,,,,,,,,100.1,52,100.4,1,100.5,150,,,,,,,,,,,,,,
2026-06-29T04:01:39.073696+00:00,2026-06-29T14:01:39.063697,2,3,100.05,0.1,100.0,40,99.6,101,,,,,,,,,,,,,,,,,100.1,52,100.4,1,100.5,150,,,,,,,,,,,,,,
2026-06-29T04:01:39.260688+00:00,2026-06-29T14:01:39.257687,2,3,100.05,0.1,100.0,36,99.6,101,,,,,,,,,,,,,,,,,100.1,52,100.4,1,100.5,150,,,,,,,,,,,,,,
2026-06-29T04:01:39.403687+00:00,2026-06-29T14:01:39.401687,2,2,100.05,0.1,100.0,36,99.6,101,,,,,,,,,,,,,,,,,100.1,52,100.4,1,,,,,,,,,,,,,,,,
2026-06-29T04:01:39.414687+00:00,2026-06-29T14:01:39.403687,1,2,99.85,0.5,99.6,101,,,,,,,,,,,,,,,,,,,100.1,52,100.4,1,,,,,,,,,,,,,,,,
2026-06-29T04:01:39.425687+00:00,2026-06-29T14:01:39.415688,1,2,99.85,0.5,99.6,51,,,,,,,,,,,,,,,,,,,100.1,52,100.4,1,,,,,,,,,,,,,,,,
2026-06-29T04:01:39.458687+00:00,2026-06-29T14:01:39.456688,2,2,99.9,0.4,99.7,150,99.6,51,,,,,,,,,,,,,,,,,100.1,52,100.4,1,,,,,,,,,,,,,,,,
2026-06-29T04:01:39.513696+00:00,2026-06-29T14:01:39.509696,2,4,99.85,0.3,99.7,150,99.6,51,,,,,,,,,,,,,,,,,100.0,4,100.1,52,100.2,150,100.4,1,,,,,,,,,,,,
2026-06-29T04:01:39.557697+00:00,2026-06-29T14:01:39.548696,2,3,99.9,0.4,99.7,150,99.6,51,,,,,,,,,,,,,,,,,100.1,52,100.2,150,100.4,1,,,,,,,,,,,,,,
2026-06-29T04:01:39.623696+00:00,2026-06-29T14:01:39.613696,2,2,99.95,0.5,99.7,150,99.6,1,,,,,,,,,,,,,,,,,100.2,150,100.4,1,,,,,,,,,,,,,,,,
2026-06-29T04:01:39.667696+00:00,2026-06-29T14:01:39.665696,2,2,99.95,0.5,99.7,250,99.6,1,,,,,,,,,,,,,,,,,100.2,150,100.4,1,,,,,,,,,,,,,,,,
2026-06-29T04:01:39.722696+00:00,2026-06-29T14:01:39.719687,2,2,99.95,0.5,99.7,250,99.6,1,,,,,,,,,,,,,,,,,100.2,250,100.4,1,,,,,,,,,,,,,,,,
2026-06-29T04:01:39.975696+00:00,2026-06-29T14:01:39.970696,1,1,99.95,0.5,99.7,250,,,,,,,,,,,,,,,,,,,100.2,250,,,,,,,,,,,,,,,,,,
2026-06-29T04:01:39.986696+00:00,2026-06-29T14:01:39.983696,1,2,99.95,0.5,99.7,250,,,,,,,,,,,,,,,,,,,100.2,250,100.4,1,,,,,,,,,,,,,,,,
2026-06-29T04:01:39.997696+00:00,2026-06-29T14:01:39.986897,2,2,99.95,0.5,99.7,250,99.5,1,,,,,,,,,,,,,,,,,100.2,250,100.4,1,,,,,,,,,,,,,,,,
2026-06-29T04:01:40.546688+00:00,2026-06-29T14:01:40.544806,2,2,99.95,0.5,99.7,205,99.5,1,,,,,,,,,,,,,,,,,100.2,250,100.4,1,,,,,,,,,,,,,,,,
2026-06-29T04:01:41.283193+00:00,2026-06-29T14:01:41.282194,2,3,99.85,0.3,99.7,209,99.5,1,,,,,,,,,,,,,,,,,100.0,2,100.2,250,100.4,1,,,,,,,,,,,,,,
2026-06-29T04:01:41.525193+00:00,2026-06-29T14:01:41.522193,2,3,99.85,0.3,99.7,159,99.5,1,,,,,,,,,,,,,,,,,100.0,2,100.2,250,100.4,1,,,,,,,,,,,,,,
2026-06-29T04:01:42.284194+00:00,2026-06-29T14:01:42.283193,2,3,99.85,0.3,99.7,157,99.5,1,,,,,,,,,,,,,,,,,100.0,2,100.2,250,100.4,1,,,,,,,,,,,,,,
2026-06-29T04:01:42.372193+00:00,2026-06-29T14:01:42.369193,2,2,99.95,0.5,99.7,157,99.5,1,,,,,,,,,,,,,,,,,100.2,250,100.4,1,,,,,,,,,,,,,,,,
2026-06-29T04:01:42.570202+00:00,2026-06-29T14:01:42.563203,2,2,99.95,0.5,99.7,102,99.5,1,,,,,,,,,,,,,,,,,100.2,100,100.4,1,,,,,,,,,,,,,,,,
2026-06-29T04:01:42.581202+00:00,2026-06-29T14:01:42.578202,2,2,99.95,0.5,99.7,102,99.5,1,,,,,,,,,,,,,,,,,100.2,54,100.4,1,,,,,,,,,,,,,,,,
2026-06-29T04:01:42.625202+00:00,2026-06-29T14:01:42.616203,3,2,99.95,0.5,99.7,102,99.5,1,99.3,150,,,,,,,,,,,,,,,100.2,54,100.4,1,,,,,,,,,,,,,,,,
2026-06-29T04:01:42.669202+00:00,2026-06-29T14:01:42.668202,3,3,99.75,0.1,99.7,102,99.5,1,99.3,150,,,,,,,,,,,,,,,99.8,150,100.2,54,100.4,1,,,,,,,,,,,,,,
2026-06-29T04:01:42.779202+00:00,2026-06-29T14:01:42.773202,3,2,99.75,0.1,99.7,102,99.5,1,99.3,150,,,,,,,,,,,,,,,99.8,150,100.4,1,,,,,,,,,,,,,,,,
2026-06-29T04:01:42.790202+00:00,2026-06-29T14:01:42.786202,3,2,99.75,0.1,99.7,2,99.5,1,99.3,150,,,,,,,,,,,,,,,99.8,125,100.4,1,,,,,,,,,,,,,,,,
2026-06-29T04:01:42.834202+00:00,2026-06-29T14:01:42.828202,3,2,99.75,0.1,99.7,2,99.5,1,99.3,150,,,,,,,,,,,,,,,99.8,25,100.4,1,,,,,,,,,,,,,,,,
2026-06-29T04:01:42.889202+00:00,2026-06-29T14:01:42.881202,3,2,99.75,0.1,99.7,2,99.5,1,99.3,150,,,,,,,,,,,,,,,99.8,25,100.4,101,,,,,,,,,,,,,,,,
2026-06-29T04:01:42.977202+00:00,2026-06-29T14:01:42.975202,3,2,99.75,0.1,99.7,2,99.5,1,99.3,150,,,,,,,,,,,,,,,99.8,20,100.4,101,,,,,,,,,,,,,,,,
2026-06-29T04:01:42.999202+00:00,2026-06-29T14:01:42.998202,2,2,99.75,0.1,99.7,2,99.3,150,,,,,,,,,,,,,,,,,99.8,20,100.4,100,,,,,,,,,,,,,,,,
2026-06-29T04:01:43.010195+00:00,2026-06-29T14:01:43.009202,3,2,99.75,0.1,99.7,2,99.5,1,99.3,150,,,,,,,,,,,,,,,99.8,20,100.4,101,,,,,,,,,,,,,,,,
2026-06-29T04:01:43.395185+00:00,2026-06-29T14:01:43.385186,3,2,99.75,0.1,99.7,2,99.5,1,99.3,150,,,,,,,,,,,,,,,99.8,15,100.4,101,,,,,,,,,,,,,,,,
2026-06-29T04:01:43.647719+00:00,2026-06-29T14:01:43.636859,1,2,99.55,0.5,99.3,103,,,,,,,,,,,,,,,,,,,99.8,15,100.4,101,,,,,,,,,,,,,,,,
2026-06-29T04:01:44.505719+00:00,2026-06-29T14:01:44.497719,1,2,99.55,0.5,99.3,55,,,,,,,,,,,,,,,,,,,99.8,15,100.4,101,,,,,,,,,,,,,,,,
2026-06-29T04:01:44.758719+00:00,2026-06-29T14:01:44.749719,1,3,99.55,0.5,99.3,55,,,,,,,,,,,,,,,,,,,99.8,15,100.0,7,100.4,101,,,,,,,,,,,,,,
2026-06-29T04:01:45.000719+00:00,2026-06-29T14:01:44.998719,1,2,99.65,0.7,99.3,55,,,,,,,,,,,,,,,,,,,100.0,7,100.4,101,,,,,,,,,,,,,,,,
2026-06-29T04:01:45.055719+00:00,2026-06-29T14:01:45.052719,1,2,99.65,0.7,99.3,9,,,,,,,,,,,,,,,,,,,100.0,7,100.4,101,,,,,,,,,,,,,,,,
2026-06-29T04:01:45.693719+00:00,2026-06-29T14:01:45.687719,1,1,99.85,1.1,99.3,9,,,,,,,,,,,,,,,,,,,100.4,101,,,,,,,,,,,,,,,,,,
2026-06-29T04:01:45.726719+00:00,2026-06-29T14:01:45.722719,0,1,,,,,,,,,,,,,,,,,,,,,,,100.4,101,,,,,,,,,,,,,,,,,,
2026-06-29T04:01:45.781719+00:00,2026-06-29T14:01:45.775719,1,1,99.6,1.6,98.8,150,,,,,,,,,,,,,,,,,,,100.4,101,,,,,,,,,,,,,,,,,,
2026-06-29T04:01:45.836720+00:00,2026-06-29T14:01:45.828719,1,2,99.05,0.5,98.8,150,,,,,,,,,,,,,,,,,,,99.3,150,100.4,101,,,,,,,,,,,,,,,,
2026-06-29T04:01:45.946719+00:00,2026-06-29T14:01:45.944719,1,2,99.05,0.5,98.8,150,,,,,,,,,,,,,,,,,,,99.3,150,100.4,1,,,,,,,,,,,,,,,,
2026-06-29T04:01:46.001720+00:00,2026-06-29T14:01:46.000719,2,2,99.2,0.2,99.1,100,98.8,150,,,,,,,,,,,,,,,,,99.3,150,100.4,1,,,,,,,,,,,,,,,,
2026-06-29T04:01:46.012719+00:00,2026-06-29T14:01:46.003711,2,2,99.2,0.2,99.1,100,98.8,150,,,,,,,,,,,,,,,,,99.3,125,100.4,1,,,,,,,,,,,,,,,,
2026-06-29T04:01:46.023719+00:00,2026-06-29T14:01:46.018719,2,1,99.2,0.2,99.1,100,98.8,150,,,,,,,,,,,,,,,,,99.3,125,,,,,,,,,,,,,,,,,,
2026-06-29T04:01:46.034719+00:00,2026-06-29T14:01:46.030719,2,2,99.2,0.2,99.1,100,98.8,151,,,,,,,,,,,,,,,,,99.3,125,99.6,1,,,,,,,,,,,,,,,,
2026-06-29T04:01:46.056719+00:00,2026-06-29T14:01:46.050711,2,2,99.2,0.2,99.1,100,98.8,151,,,,,,,,,,,,,,,,,99.3,125,99.6,101,,,,,,,,,,,,,,,,
2026-06-29T04:01:46.221295+00:00,2026-06-29T14:01:46.216296,2,2,99.2,0.2,99.1,100,98.8,151,,,,,,,,,,,,,,,,,99.3,119,99.6,101,,,,,,,,,,,,,,,,
2026-06-29T04:01:46.518307+00:00,2026-06-29T14:01:46.517307,2,2,99.2,0.2,99.1,100,98.8,151,,,,,,,,,,,,,,,,,99.3,76,99.6,101,,,,,,,,,,,,,,,,
2026-06-29T04:01:46.551307+00:00,2026-06-29T14:01:46.550307,2,3,99.2,0.2,99.1,100,98.8,151,,,,,,,,,,,,,,,,,99.3,76,99.6,101,99.9,8,,,,,,,,,,,,,,
2026-06-29T04:01:47.803316+00:00,2026-06-29T14:01:47.793316,2,3,99.2,0.2,99.1,100,98.8,151,,,,,,,,,,,,,,,,,99.3,26,99.6,101,99.9,8,,,,,,,,,,,,,,
2026-06-29T04:01:48.891511+00:00,2026-06-29T14:01:48.884511,2,2,99.35,0.5,99.1,100,98.8,1,,,,,,,,,,,,,,,,,99.6,101,99.9,8,,,,,,,,,,,,,,,,
2026-06-29T04:01:48.946511+00:00,2026-06-29T14:01:48.937511,3,2,99.5,0.2,99.4,150,99.1,100,98.8,1,,,,,,,,,,,,,,,99.6,101,99.9,8,,,,,,,,,,,,,,,,
2026-06-29T04:01:48.990511+00:00,2026-06-29T14:01:48.989510,3,2,99.5,0.2,99.4,150,99.1,100,98.8,1,,,,,,,,,,,,,,,99.6,101,99.9,158,,,,,,,,,,,,,,,,
2026-06-29T04:01:49.045511+00:00,2026-06-29T14:01:49.042502,2,2,99.5,0.2,99.4,150,99.1,100,,,,,,,,,,,,,,,,,99.6,100,99.9,158,,,,,,,,,,,,,,,,
2026-06-29T04:01:49.056510+00:00,2026-06-29T14:01:49.054510,2,2,99.5,0.2,99.4,150,99.1,100,,,,,,,,,,,,,,,,,99.6,100,99.9,159,,,,,,,,,,,,,,,,
2026-06-29T04:01:49.067511+00:00,2026-06-29T14:01:49.056510,3,2,99.5,0.2,99.4,150,99.1,100,99.0,1,,,,,,,,,,,,,,,99.6,100,99.9,159,,,,,,,,,,,,,,,,
2026-06-29T04:01:49.111511+00:00,2026-06-29T14:01:49.105511,2,1,99.65,0.5,99.4,150,99.0,1,,,,,,,,,,,,,,,,,99.9,159,,,,,,,,,,,,,,,,,,
2026-06-29T04:01:49.188511+00:00,2026-06-29T14:01:49.181510,3,1,99.65,0.5,99.4,150,99.2,100,99.0,1,,,,,,,,,,,,,,,99.9,159,,,,,,,,,,,,,,,,,,
2026-06-29T04:01:49.243510+00:00,2026-06-29T14:01:49.239511,3,2,99.55,0.3,99.4,150,99.2,100,99.0,1,,,,,,,,,,,,,,,99.7,100,99.9,159,,,,,,,,,,,,,,,,
2026-06-29T04:01:49.727505+00:00,2026-06-29T14:01:49.717511,3,2,99.55,0.3,99.4,108,99.2,100,99.0,1,,,,,,,,,,,,,,,99.7,100,99.9,159,,,,,,,,,,,,,,,,
2026-06-29T04:01:49.914502+00:00,2026-06-29T14:01:49.905511,3,2,99.55,0.3,99.4,108,99.2,100,99.0,1,,,,,,,,,,,,,,,99.7,50,99.9,159,,,,,,,,,,,,,,,,
2026-06-29T04:01:52.059029+00:00,2026-06-29T14:01:52.055029,2,2,99.45,0.5,99.2,100,99.0,1,,,,,,,,,,,,,,,,,99.7,50,99.9,9,,,,,,,,,,,,,,,,
2026-06-29T04:01:52.070029+00:00,2026-06-29T14:01:52.069029,1,2,99.45,0.5,99.2,100,,,,,,,,,,,,,,,,,,,99.7,50,99.9,8,,,,,,,,,,,,,,,,
2026-06-29T04:01:52.081029+00:00,2026-06-29T14:01:52.079029,1,3,99.45,0.5,99.2,100,,,,,,,,,,,,,,,,,,,99.7,50,99.9,8,100.0,1,,,,,,,,,,,,,,
2026-06-29T04:01:52.092029+00:00,2026-06-29T14:01:52.081029,2,3,99.45,0.5,99.2,100,99.1,1,,,,,,,,,,,,,,,,,99.7,50,99.9,8,100.0,1,,,,,,,,,,,,,,
2026-06-29T04:01:52.114029+00:00,2026-06-29T14:01:52.107029,3,3,99.5,0.4,99.3,150,99.2,100,99.1,1,,,,,,,,,,,,,,,99.7,50,99.9,8,100.0,1,,,,,,,,,,,,,,
2026-06-29T04:01:52.169029+00:00,2026-06-29T14:01:52.159030,3,4,99.5,0.4,99.3,150,99.2,100,99.1,1,,,,,,,,,,,,,,,99.7,50,99.8,150,99.9,8,100.0,1,,,,,,,,,,,,
2026-06-29T04:01:52.268029+00:00,2026-06-29T14:01:52.266029,2,3,99.55,0.5,99.3,150,99.1,1,,,,,,,,,,,,,,,,,99.8,150,99.9,8,100.0,1,,,,,,,,,,,,,,
2026-06-29T04:01:52.323029+00:00,2026-06-29T14:01:52.318029,3,3,99.6,0.4,99.4,100,99.3,150,99.1,1,,,,,,,,,,,,,,,99.8,150,99.9,8,100.0,1,,,,,,,,,,,,,,
2026-06-29T04:01:52.378029+00:00,2026-06-29T14:01:52.376030,3,3,99.6,0.4,99.4,100,99.3,150,99.1,1,,,,,,,,,,,,,,,99.8,150,99.9,108,100.0,1,,,,,,,,,,,,,,
2026-06-29T04:01:52.796029+00:00,2026-06-29T14:01:52.787021,3,3,99.6,0.4,99.4,100,99.3,150,99.1,1,,,,,,,,,,,,,,,99.8,109,99.9,108,100.0,1,,,,,,,,,,,,,,
2026-06-29T04:01:54.169714+00:00,2026-06-29T14:01:54.165714,3,3,99.6,0.4,99.4,50,99.3,150,99.1,1,,,,,,,,,,,,,,,99.8,109,99.9,108,100.0,1,,,,,,,,,,,,,,
2026-06-29T04:01:54.455714+00:00,2026-06-29T14:01:54.451714,3,3,99.6,0.4,99.4,50,99.3,150,99.1,1,,,,,,,,,,,,,,,99.8,109,99.9,105,100.0,1,,,,,,,,,,,,,,
2026-06-29T04:01:54.554714+00:00,2026-06-29T14:01:54.550714,3,3,99.6,0.4,99.4,50,99.3,150,99.1,1,,,,,,,,,,,,,,,99.8,109,99.9,103,100.0,1,,,,,,,,,,,,,,
2026-06-29T04:01:54.884714+00:00,2026-06-29T14:01:54.880714,3,3,99.6,0.4,99.4,50,99.3,150,99.1,1,,,,,,,,,,,,,,,99.8,60,99.9,103,100.0,1,,,,,,,,,,,,,,
2026-06-29T04:01:55.104714+00:00,2026-06-29T14:01:55.095714,2,2,99.6,0.4,99.4,50,99.3,150,,,,,,,,,,,,,,,,,99.8,60,99.9,103,,,,,,,,,,,,,,,,
2026-06-29T04:01:55.115714+00:00,2026-06-29T14:01:55.111714,3,3,99.6,0.4,99.4,50,99.3,150,99.2,1,,,,,,,,,,,,,,,99.8,60,99.9,103,100.1,1,,,,,,,,,,,,,,
2026-06-29T04:01:55.203714+00:00,2026-06-29T14:01:55.199714,3,3,99.6,0.4,99.4,50,99.3,150,99.2,1,,,,,,,,,,,,,,,99.8,60,99.9,102,100.1,1,,,,,,,,,,,,,,
2026-06-29T04:01:55.214714+00:00,2026-06-29T14:01:55.213714,3,2,99.65,0.5,99.4,50,99.3,150,99.2,1,,,,,,,,,,,,,,,99.9,102,100.1,1,,,,,,,,,,,,,,,,
2026-06-29T04:01:55.225714+00:00,2026-06-29T14:01:55.215705,2,2,99.65,0.5,99.4,50,99.2,1,,,,,,,,,,,,,,,,,99.9,102,100.1,1,,,,,,,,,,,,,,,,
2026-06-29T04:01:55.269714+00:00,2026-06-29T14:01:55.267714,3,2,99.75,0.3,99.6,150,99.4,50,99.2,1,,,,,,,,,,,,,,,99.9,102,100.1,1,,,,,,,,,,,,,,,,
2026-06-29T04:01:55.324714+00:00,2026-06-29T14:01:55.320714,3,2,99.75,0.3,99.6,150,99.4,50,99.2,1,,,,,,,,,,,,,,,99.9,102,100.1,151,,,,,,,,,,,,,,,,
2026-06-29T04:01:55.434714+00:00,2026-06-29T14:01:55.428714,2,2,99.75,0.3,99.6,150,99.2,1,,,,,,,,,,,,,,,,,99.9,2,100.1,151,,,,,,,,,,,,,,,,
2026-06-29T04:01:55.489705+00:00,2026-06-29T14:01:55.481705,2,2,99.75,0.3,99.6,150,99.2,101,,,,,,,,,,,,,,,,,99.9,2,100.1,151,,,,,,,,,,,,,,,,
2026-06-29T04:01:55.544705+00:00,2026-06-29T14:01:55.533705,2,3,99.65,0.1,99.6,150,99.2,101,,,,,,,,,,,,,,,,,99.7,100,99.9,2,100.1,151,,,,,,,,,,,,,,
2026-06-29T04:01:56.281265+00:00,2026-06-29T14:01:56.274265,2,3,99.65,0.1,99.6,100,99.2,101,,,,,,,,,,,,,,,,,99.7,100,99.9,2,100.1,151,,,,,,,,,,,,,,
2026-06-29T04:01:57.347516+00:00,2026-06-29T14:01:57.345516,2,3,99.65,0.1,99.6,100,99.2,101,,,,,,,,,,,,,,,,,99.7,100,99.9,1,100.1,151,,,,,,,,,,,,,,
2026-06-29T04:01:58.128507+00:00,2026-06-29T14:01:58.127507,2,3,99.65,0.1,99.6,100,99.2,100,,,,,,,,,,,,,,,,,99.7,100,99.9,1,100.1,150,,,,,,,,,,,,,,
2026-06-29T04:01:58.139507+00:00,2026-06-29T14:01:58.138507,2,4,99.65,0.1,99.6,100,99.2,100,,,,,,,,,,,,,,,,,99.7,100,99.9,1,100.1,150,100.2,1,,,,,,,,,,,,
2026-06-29T04:01:58.150506+00:00,2026-06-29T14:01:58.140507,3,4,99.65,0.1,99.6,100,99.3,1,99.2,100,,,,,,,,,,,,,,,99.7,100,99.9,1,100.1,150,100.2,1,,,,,,,,,,,,
2026-06-29T04:01:58.381507+00:00,2026-06-29T14:01:58.380507,1,3,99.45,0.5,99.2,51,,,,,,,,,,,,,,,,,,,99.7,100,99.9,1,100.2,1,,,,,,,,,,,,,,
2026-06-29T04:01:58.435494+00:00,2026-06-29T14:01:58.428494,2,3,99.55,0.3,99.4,150,99.2,51,,,,,,,,,,,,,,,,,99.7,100,99.9,1,100.2,1,,,,,,,,,,,,,,
2026-06-29T04:01:58.490494+00:00,2026-06-29T14:01:58.483494,2,3,99.55,0.3,99.4,150,99.2,51,,,,,,,,,,,,,,,,,99.7,100,99.9,151,100.2,1,,,,,,,,,,,,,,
2026-06-29T04:01:58.589494+00:00,2026-06-29T14:01:58.588494,1,2,99.65,0.5,99.4,150,,,,,,,,,,,,,,,,,,,99.9,151,100.2,1,,,,,,,,,,,,,,,,
2026-06-29T04:01:58.666494+00:00,2026-06-29T14:01:58.661494,2,2,99.65,0.5,99.4,150,99.0,100,,,,,,,,,,,,,,,,,99.9,151,100.2,1,,,,,,,,,,,,,,,,
2026-06-29T04:01:58.721494+00:00,2026-06-29T14:01:58.713494,2,3,99.45,0.1,99.4,150,99.0,100,,,,,,,,,,,,,,,,,99.5,100,99.9,151,100.2,1,,,,,,,,,,,,,,
2026-06-29T04:02:00.514503+00:00,2026-06-29T14:02:00.509503,2,3,99.45,0.1,99.4,100,99.0,100,,,,,,,,,,,,,,,,,99.5,100,99.9,151,100.2,1,,,,,,,,,,,,,,
2026-06-29T04:02:01.152495+00:00,2026-06-29T14:02:01.151503,2,2,99.45,0.1,99.4,100,99.0,100,,,,,,,,,,,,,,,,,99.5,100,99.9,151,,,,,,,,,,,,,,,,
2026-06-29T04:02:01.174503+00:00,2026-06-29T14:02:01.166503,2,3,99.45,0.1,99.4,100,99.0,101,,,,,,,,,,,,,,,,,99.5,100,99.8,1,99.9,151,,,,,,,,,,,,,,
2026-06-29T04:02:01.548503+00:00,2026-06-29T14:02:01.539503,1,3,99.25,0.5,99.0,101,,,,,,,,,,,,,,,,,,,99.5,100,99.8,1,99.9,1,,,,,,,,,,,,,,
2026-06-29T04:02:01.602810+00:00,2026-06-29T14:02:01.592811,2,3,99.35,0.3,99.2,150,99.0,101,,,,,,,,,,,,,,,,,99.5,100,99.8,1,99.9,1,,,,,,,,,,,,,,
2026-06-29T04:02:01.646811+00:00,2026-06-29T14:02:01.643810,2,4,99.35,0.3,99.2,150,99.0,101,,,,,,,,,,,,,,,,,99.5,100,99.7,150,99.8,1,99.9,1,,,,,,,,,,,,
2026-06-29T04:02:01.778811+00:00,2026-06-29T14:02:01.769810,2,3,99.45,0.5,99.2,150,99.0,1,,,,,,,,,,,,,,,,,99.7,150,99.8,1,99.9,1,,,,,,,,,,,,,,
2026-06-29T04:02:01.822811+00:00,2026-06-29T14:02:01.821810,3,3,99.45,0.5,99.2,150,99.0,1,98.9,100,,,,,,,,,,,,,,,99.7,150,99.8,1,99.9,1,,,,,,,,,,,,,,
2026-06-29T04:02:01.833811+00:00,2026-06-29T14:02:01.826810,3,2,99.45,0.5,99.2,150,99.0,1,98.9,100,,,,,,,,,,,,,,,99.7,150,99.8,1,,,,,,,,,,,,,,,,
2026-06-29T04:02:01.877820+00:00,2026-06-29T14:02:01.873820,3,3,99.3,0.2,99.2,150,99.0,1,98.9,100,,,,,,,,,,,,,,,99.4,100,99.7,150,99.8,1,,,,,,,,,,,,,,
2026-06-29T04:02:04.186940+00:00,2026-06-29T14:02:04.179941,2,2,99.3,0.2,99.2,150,98.9,100,,,,,,,,,,,,,,,,,99.4,100,99.7,150,,,,,,,,,,,,,,,,
2026-06-29T04:02:04.197940+00:00,2026-06-29T14:02:04.192940,2,2,99.3,0.2,99.2,150,98.9,101,,,,,,,,,,,,,,,,,99.4,100,99.7,151,,,,,,,,,,,,,,,,
2026-06-29T04:02:04.681932+00:00,2026-06-29T14:02:04.674931,2,2,99.3,0.2,99.2,150,98.9,101,,,,,,,,,,,,,,,,,99.4,50,99.7,151,,,,,,,,,,,,,,,,
2026-06-29T04:02:04.725932+00:00,2026-06-29T14:02:04.721931,1,2,99.15,0.5,98.9,101,,,,,,,,,,,,,,,,,,,99.4,50,99.7,1,,,,,,,,,,,,,,,,
2026-06-29T04:02:04.780931+00:00,2026-06-29T14:02:04.771931,2,2,99.25,0.3,99.1,150,98.9,101,,,,,,,,,,,,,,,,,99.4,50,99.7,1,,,,,,,,,,,,,,,,
2026-06-29T04:02:04.835931+00:00,2026-06-29T14:02:04.824932,2,3,99.25,0.3,99.1,150,98.9,101,,,,,,,,,,,,,,,,,99.4,50,99.6,150,99.7,1,,,,,,,,,,,,,,
2026-06-29T04:02:04.934941+00:00,2026-06-29T14:02:04.928936,2,2,99.35,0.5,99.1,150,98.9,1,,,,,,,,,,,,,,,,,99.6,150,99.7,1,,,,,,,,,,,,,,,,
2026-06-29T04:02:05.000940+00:00,2026-06-29T14:02:04.992940,3,2,99.35,0.5,99.1,150,99.0,100,98.9,1,,,,,,,,,,,,,,,99.6,150,99.7,1,,,,,,,,,,,,,,,,
2026-06-29T04:02:05.055940+00:00,2026-06-29T14:02:05.046940,3,3,99.3,0.4,99.1,150,99.0,100,98.9,1,,,,,,,,,,,,,,,99.5,100,99.6,150,99.7,1,,,,,,,,,,,,,,
2026-06-29T04:02:05.374941+00:00,2026-06-29T14:02:05.370941,3,3,99.3,0.4,99.1,108,99.0,100,98.9,1,,,,,,,,,,,,,,,99.5,100,99.6,150,99.7,1,,,,,,,,,,,,,,
2026-06-29T04:02:05.902932+00:00,2026-06-29T14:02:05.901932,3,3,99.3,0.4,99.1,65,99.0,100,98.9,1,,,,,,,,,,,,,,,99.5,100,99.6,150,99.7,1,,,,,,,,,,,,,,
2026-06-29T04:02:06.782483+00:00,2026-06-29T14:02:06.774484,3,3,99.3,0.4,99.1,65,99.0,100,98.9,1,,,,,,,,,,,,,,,99.5,50,99.6,150,99.7,1,,,,,,,,,,,,,,
2026-06-29T04:02:07.211492+00:00,2026-06-29T14:02:07.206492,2,2,99.3,0.4,99.1,65,99.0,100,,,,,,,,,,,,,,,,,99.5,50,99.6,150,,,,,,,,,,,,,,,,
2026-06-29T04:02:07.222492+00:00,2026-06-29T14:02:07.218485,3,3,99.3,0.4,99.1,65,99.0,100,98.9,1,,,,,,,,,,,,,,,99.5,50,99.6,150,99.7,1,,,,,,,,,,,,,,
2026-06-29T04:02:07.882483+00:00,2026-06-29T14:02:07.880483,3,2,99.3,0.4,99.1,65,99.0,100,98.9,1,,,,,,,,,,,,,,,99.5,50,99.7,1,,,,,,,,,,,,,,,,
2026-06-29T04:02:07.893483+00:00,2026-06-29T14:02:07.882483,2,2,99.25,0.5,99.0,100,98.9,1,,,,,,,,,,,,,,,,,99.5,50,99.7,1,,,,,,,,,,,,,,,,
2026-06-29T04:02:07.937483+00:00,2026-06-29T14:02:07.933483,3,2,99.25,0.5,99.0,100,98.9,1,98.8,150,,,,,,,,,,,,,,,99.5,50,99.7,1,,,,,,,,,,,,,,,,
2026-06-29T04:02:07.992566+00:00,2026-06-29T14:02:07.986483,3,3,99.15,0.3,99.0,100,98.9,1,98.8,150,,,,,,,,,,,,,,,99.3,150,99.5,50,99.7,1,,,,,,,,,,,,,,
2026-06-29T04:02:08.113581+00:00,2026-06-29T14:02:08.105579,2,2,99.1,0.4,98.9,1,98.8,150,,,,,,,,,,,,,,,,,99.3,150,99.7,1,,,,,,,,,,,,,,,,
2026-06-29T04:02:08.168483+00:00,2026-06-29T14:02:08.158485,3,2,99.25,0.1,99.2,100,98.9,1,98.8,150,,,,,,,,,,,,,,,99.3,150,99.7,1,,,,,,,,,,,,,,,,
2026-06-29T04:02:08.223483+00:00,2026-06-29T14:02:08.212675,3,2,99.25,0.1,99.2,100,98.9,1,98.8,150,,,,,,,,,,,,,,,99.3,150,99.7,101,,,,,,,,,,,,,,,,
2026-06-29T04:02:09.872472+00:00,2026-06-29T14:02:09.870463,3,2,99.25,0.1,99.2,100,98.9,1,98.8,150,,,,,,,,,,,,,,,99.3,104,99.7,101,,,,,,,,,,,,,,,,
2026-06-29T04:02:10.246472+00:00,2026-06-29T14:02:10.244472,3,2,99.25,0.1,99.2,100,98.9,1,98.8,150,,,,,,,,,,,,,,,99.3,104,99.7,101,,,,,,,,,,,,,,,,
2026-06-29T04:02:11.016472+00:00,2026-06-29T14:02:11.007472,3,2,99.25,0.1,99.2,100,98.9,1,98.8,150,,,,,,,,,,,,,,,99.3,54,99.7,101,,,,,,,,,,,,,,,,
2026-06-29T04:02:11.071472+00:00,2026-06-29T14:02:11.066472,2,1,99.45,0.5,99.2,100,98.9,1,,,,,,,,,,,,,,,,,99.7,101,,,,,,,,,,,,,,,,,,
2026-06-29T04:02:11.126472+00:00,2026-06-29T14:02:11.118472,2,1,99.45,0.5,99.2,250,98.9,1,,,,,,,,,,,,,,,,,99.7,101,,,,,,,,,,,,,,,,,,
2026-06-29T04:02:11.159472+00:00,2026-06-29T14:02:11.157472,2,1,99.45,0.5,99.2,250,98.9,1,,,,,,,,,,,,,,,,,99.7,251,,,,,,,,,,,,,,,,,,
2026-06-29T04:02:11.269472+00:00,2026-06-29T14:02:11.267472,2,1,99.45,0.5,99.2,150,98.9,1,,,,,,,,,,,,,,,,,99.7,151,,,,,,,,,,,,,,,,,,
2026-06-29T04:02:11.324472+00:00,2026-06-29T14:02:11.321465,3,1,99.5,0.4,99.3,100,99.2,150,98.9,1,,,,,,,,,,,,,,,99.7,151,,,,,,,,,,,,,,,,,,
2026-06-29T04:02:11.379472+00:00,2026-06-29T14:02:11.374472,3,2,99.5,0.4,99.3,100,99.2,150,98.9,1,,,,,,,,,,,,,,,99.7,151,99.8,100,,,,,,,,,,,,,,,,
2026-06-29T04:02:13.116582+00:00,2026-06-29T14:02:13.110582,3,2,99.5,0.4,99.3,100,99.2,150,98.9,1,,,,,,,,,,,,,,,99.7,101,99.8,100,,,,,,,,,,,,,,,,
2026-06-29T04:02:13.281472+00:00,2026-06-29T14:02:13.271473,2,2,99.5,0.4,99.3,100,99.2,150,,,,,,,,,,,,,,,,,99.7,101,99.8,100,,,,,,,,,,,,,,,,
2026-06-29T04:02:13.292472+00:00,2026-06-29T14:02:13.281673,2,3,99.5,0.4,99.3,100,99.2,150,,,,,,,,,,,,,,,,,99.7,101,99.8,100,99.9,1,,,,,,,,,,,,,,
2026-06-29T04:02:13.303472+00:00,2026-06-29T14:02:13.295472,2,3,99.5,0.4,99.3,100,99.2,151,,,,,,,,,,,,,,,,,99.7,101,99.8,100,99.9,1,,,,,,,,,,,,,,
2026-06-29T04:02:14.237278+00:00,2026-06-29T14:02:14.231160,2,2,99.55,0.5,99.3,100,99.2,1,,,,,,,,,,,,,,,,,99.8,100,99.9,1,,,,,,,,,,,,,,,,
2026-06-29T04:02:14.292278+00:00,2026-06-29T14:02:14.284278,3,2,99.55,0.5,99.3,100,99.2,1,99.1,150,,,,,,,,,,,,,,,99.8,100,99.9,1,,,,,,,,,,,,,,,,
2026-06-29T04:02:14.347278+00:00,2026-06-29T14:02:14.338159,3,3,99.45,0.3,99.3,100,99.2,1,99.1,150,,,,,,,,,,,,,,,99.6,150,99.8,100,99.9,1,,,,,,,,,,,,,,
2026-06-29T04:02:14.435278+00:00,2026-06-29T14:02:14.430278,2,2,99.4,0.4,99.2,1,99.1,150,,,,,,,,,,,,,,,,,99.6,150,99.9,1,,,,,,,,,,,,,,,,
2026-06-29T04:02:14.490278+00:00,2026-06-29T14:02:14.484277,3,2,99.4,0.4,99.2,1,99.1,150,99.0,100,,,,,,,,,,,,,,,99.6,150,99.9,1,,,,,,,,,,,,,,,,
2026-06-29T04:02:14.545278+00:00,2026-06-29T14:02:14.536278,3,3,99.35,0.3,99.2,1,99.1,150,99.0,100,,,,,,,,,,,,,,,99.5,100,99.6,150,99.9,1,,,,,,,,,,,,,,
2026-06-29T04:02:15.204278+00:00,2026-06-29T14:02:15.201278,3,3,99.35,0.3,99.2,1,99.1,150,99.0,100,,,,,,,,,,,,,,,99.5,50,99.6,150,99.9,1,,,,,,,,,,,,,,
2026-06-29T04:02:16.292263+00:00,2026-06-29T14:02:16.285263,3,3,99.35,0.3,99.2,1,99.1,150,99.0,100,,,,,,,,,,,,,,,99.5,6,99.6,150,99.9,1,,,,,,,,,,,,,,
2026-06-29T04:02:16.303264+00:00,2026-06-29T14:02:16.298263,2,2,99.3,0.4,99.1,150,99.0,100,,,,,,,,,,,,,,,,,99.5,6,99.6,150,,,,,,,,,,,,,,,,
2026-06-29T04:02:16.314263+00:00,2026-06-29T14:02:16.311263,2,3,99.3,0.4,99.1,150,99.0,101,,,,,,,,,,,,,,,,,99.5,6,99.6,150,99.7,1,,,,,,,,,,,,,,
2026-06-29T04:02:17.315263+00:00,2026-06-29T14:02:17.309263,2,2,99.35,0.5,99.1,150,99.0,101,,,,,,,,,,,,,,,,,99.6,106,99.7,1,,,,,,,,,,,,,,,,
2026-06-29T04:02:17.370263+00:00,2026-06-29T14:02:17.366256,1,1,99.35,0.7,99.0,101,,,,,,,,,,,,,,,,,,,99.7,1,,,,,,,,,,,,,,,,,,
2026-06-29T04:02:17.425263+00:00,2026-06-29T14:02:17.418263,2,1,99.45,0.5,99.2,150,99.0,101,,,,,,,,,,,,,,,,,99.7,1,,,,,,,,,,,,,,,,,,
2026-06-29T04:02:17.480263+00:00,2026-06-29T14:02:17.472263,2,1,99.45,0.5,99.2,150,99.0,101,,,,,,,,,,,,,,,,,99.7,151,,,,,,,,,,,,,,,,,,
2026-06-29T04:02:17.601264+00:00,2026-06-29T14:02:17.590358,2,1,99.45,0.5,99.2,150,99.0,1,,,,,,,,,,,,,,,,,99.7,151,,,,,,,,,,,,,,,,,,
2026-06-29T04:02:17.645263+00:00,2026-06-29T14:02:17.642263,2,1,99.45,0.5,99.2,250,99.0,1,,,,,,,,,,,,,,,,,99.7,151,,,,,,,,,,,,,,,,,,
2026-06-29T04:02:17.700263+00:00,2026-06-29T14:02:17.694263,2,1,99.45,0.5,99.2,250,99.0,1,,,,,,,,,,,,,,,,,99.7,251,,,,,,,,,,,,,,,,,,
2026-06-29T04:02:18.129254+00:00,2026-06-29T14:02:18.124254,2,1,99.45,0.5,99.2,202,99.0,1,,,,,,,,,,,,,,,,,99.7,251,,,,,,,,,,,,,,,,,,
2026-06-29T04:02:19.327841+00:00,2026-06-29T14:02:19.323840,1,1,99.45,0.5,99.2,202,,,,,,,,,,,,,,,,,,,99.7,250,,,,,,,,,,,,,,,,,,
2026-06-29T04:02:19.338840+00:00,2026-06-29T14:02:19.336840,2,2,99.45,0.5,99.2,202,99.1,1,,,,,,,,,,,,,,,,,99.7,250,99.8,1,,,,,,,,,,,,,,,,
2026-06-29T04:02:19.426840+00:00,2026-06-29T14:02:19.417832,2,2,99.45,0.5,99.2,202,99.1,1,,,,,,,,,,,,,,,,,99.7,200,99.8,1,,,,,,,,,,,,,,,,
2026-06-29T04:02:19.767840+00:00,2026-06-29T14:02:19.756840,2,3,99.4,0.4,99.2,202,99.1,1,,,,,,,,,,,,,,,,,99.6,13,99.7,200,99.8,1,,,,,,,,,,,,,,
2026-06-29T04:02:20.537841+00:00,2026-06-29T14:02:20.527840,2,3,99.4,0.4,99.2,100,99.1,1,,,,,,,,,,,,,,,,,99.6,13,99.7,100,99.8,1,,,,,,,,,,,,,,
2026-06-29T04:02:20.592841+00:00,2026-06-29T14:02:20.582841,3,3,99.45,0.3,99.3,150,99.2,100,99.1,1,,,,,,,,,,,,,,,99.6,13,99.7,100,99.8,1,,,,,,,,,,,,,,
2026-06-29T04:02:20.647840+00:00,2026-06-29T14:02:20.636841,3,3,99.45,0.3,99.3,150,99.2,100,99.1,1,,,,,,,,,,,,,,,99.6,13,99.7,100,99.8,151,,,,,,,,,,,,,,
2026-06-29T04:02:20.757841+00:00,2026-06-29T14:02:20.749840,2,2,99.45,0.3,99.3,150,99.1,1,,,,,,,,,,,,,,,,,99.6,13,99.8,151,,,,,,,,,,,,,,,,
2026-06-29T04:02:20.812840+00:00,2026-06-29T14:02:20.801840,2,2,99.45,0.3,99.3,250,99.1,1,,,,,,,,,,,,,,,,,99.6,13,99.8,151,,,,,,,,,,,,,,,,
2026-06-29T04:02:20.856840+00:00,2026-06-29T14:02:20.854840,2,2,99.45,0.3,99.3,250,99.1,1,,,,,,,,,,,,,,,,,99.6,13,99.8,251,,,,,,,,,,,,,,,,
2026-06-29T04:02:21.142351+00:00,2026-06-29T14:02:21.136350,2,2,99.45,0.3,99.3,206,99.1,1,,,,,,,,,,,,,,,,,99.6,13,99.8,251,,,,,,,,,,,,,,,,
2026-06-29T04:02:21.536469+00:00,2026-06-29T14:02:21.530469,2,1,99.55,0.5,99.3,206,99.1,1,,,,,,,,,,,,,,,,,99.8,214,,,,,,,,,,,,,,,,,,
2026-06-29T04:02:21.712360+00:00,2026-06-29T14:02:21.711360,2,1,99.55,0.5,99.3,206,99.1,1,,,,,,,,,,,,,,,,,99.8,170,,,,,,,,,,,,,,,,,,
2026-06-29T04:02:22.350350+00:00,2026-06-29T14:02:22.347350,1,1,99.55,0.5,99.3,206,,,,,,,,,,,,,,,,,,,99.8,170,,,,,,,,,,,,,,,,,,
2026-06-29T04:02:22.361351+00:00,2026-06-29T14:02:22.359350,2,2,99.55,0.5,99.3,206,99.2,1,,,,,,,,,,,,,,,,,99.8,170,99.9,1,,,,,,,,,,,,,,,,
2026-06-29T04:02:22.812359+00:00,2026-06-29T14:02:22.809360,2,3,99.45,0.3,99.3,206,99.2,1,,,,,,,,,,,,,,,,,99.6,11,99.8,170,99.9,1,,,,,,,,,,,,,,
2026-06-29T04:02:22.900352+00:00,2026-06-29T14:02:22.896360,2,3,99.45,0.3,99.3,208,99.2,1,,,,,,,,,,,,,,,,,99.6,11,99.8,170,99.9,1,,,,,,,,,,,,,,
2026-06-29T04:02:22.988351+00:00,2026-06-29T14:02:22.987350,2,3,99.45,0.3,99.3,207,99.2,1,,,,,,,,,,,,,,,,,99.6,11,99.8,170,99.9,1,,,,,,,,,,,,,,
2026-06-29T04:02:23.647054+00:00,2026-06-29T14:02:23.639054,2,2,99.55,0.5,99.3,207,99.2,1,,,,,,,,,,,,,,,,,99.8,131,99.9,1,,,,,,,,,,,,,,,,
2026-06-29T04:02:23.691054+00:00,2026-06-29T14:02:23.690054,2,2,99.55,0.5,99.3,207,99.2,1,,,,,,,,,,,,,,,,,99.8,100,99.9,1,,,,,,,,,,,,,,,,
2026-06-29T04:02:23.702054+00:00,2026-06-29T14:02:23.693047,2,2,99.55,0.5,99.3,101,99.2,1,,,,,,,,,,,,,,,,,99.8,100,99.9,1,,,,,,,,,,,,,,,,
2026-06-29T04:02:23.746054+00:00,2026-06-29T14:02:23.745054,3,2,99.65,0.3,99.5,150,99.3,101,99.2,1,,,,,,,,,,,,,,,99.8,100,99.9,1,,,,,,,,,,,,,,,,
2026-06-29T04:02:23.801045+00:00,2026-06-29T14:02:23.799045,3,3,99.65,0.3,99.5,150,99.3,101,99.2,1,,,,,,,,,,,,,,,99.8,100,99.9,1,100.0,150,,,,,,,,,,,,,,
2026-06-29T04:02:23.823045+00:00,2026-06-29T14:02:23.822045,3,3,99.65,0.3,99.5,115,99.3,101,99.2,1,,,,,,,,,,,,,,,99.8,100,99.9,1,100.0,150,,,,,,,,,,,,,,
2026-06-29T04:02:23.889045+00:00,2026-06-29T14:02:23.878045,3,3,99.65,0.3,99.5,90,99.3,101,99.2,1,,,,,,,,,,,,,,,99.8,100,99.9,1,100.0,150,,,,,,,,,,,,,,
2026-06-29T04:02:23.911045+00:00,2026-06-29T14:02:23.909045,3,3,99.65,0.3,99.5,55,99.3,101,99.2,1,,,,,,,,,,,,,,,99.8,100,99.9,1,100.0,150,,,,,,,,,,,,,,
2026-06-29T04:02:23.922046+00:00,2026-06-29T14:02:23.913045,3,2,99.7,0.4,99.5,55,99.3,1,99.2,1,,,,,,,,,,,,,,,99.9,1,100.0,150,,,,,,,,,,,,,,,,
2026-06-29T04:02:23.977045+00:00,2026-06-29T14:02:23.969045,2,2,99.7,0.4,99.5,55,99.2,1,,,,,,,,,,,,,,,,,99.9,1,100.0,150,,,,,,,,,,,,,,,,
2026-06-29T04:02:23.988045+00:00,2026-06-29T14:02:23.982046,2,2,99.7,0.4,99.5,30,99.2,1,,,,,,,,,,,,,,,,,99.9,1,100.0,150,,,,,,,,,,,,,,,,
2026-06-29T04:02:23.999045+00:00,2026-06-29T14:02:23.992045,2,2,99.7,0.4,99.5,30,99.2,101,,,,,,,,,,,,,,,,,99.9,1,100.0,150,,,,,,,,,,,,,,,,
2026-06-29T04:02:24.010045+00:00,2026-06-29T14:02:24.008045,1,2,99.55,0.7,99.2,101,,,,,,,,,,,,,,,,,,,99.9,1,100.0,150,,,,,,,,,,,,,,,,
2026-06-29T04:02:24.043045+00:00,2026-06-29T14:02:24.040045,1,3,99.45,0.5,99.2,101,,,,,,,,,,,,,,,,,,,99.7,100,99.9,1,100.0,150,,,,,,,,,,,,,,
2026-06-29T04:02:25.384158+00:00,2026-06-29T14:02:25.375164,1,2,99.45,0.5,99.2,100,,,,,,,,,,,,,,,,,,,99.7,100,100.0,150,,,,,,,,,,,,,,,,
2026-06-29T04:02:25.395164+00:00,2026-06-29T14:02:25.394163,2,3,99.45,0.5,99.2,100,99.1,1,,,,,,,,,,,,,,,,,99.7,100,99.8,1,100.0,150,,,,,,,,,,,,,,
2026-06-29T04:02:25.758164+00:00,2026-06-29T14:02:25.748130,2,3,99.45,0.5,99.2,100,99.1,1,,,,,,,,,,,,,,,,,99.7,50,99.8,1,100.0,150,,,,,,,,,,,,,,
2026-06-29T04:02:26.076560+00:00,2026-06-29T14:02:26.069560,2,3,99.45,0.5,99.2,60,99.1,1,,,,,,,,,,,,,,,,,99.7,50,99.8,1,100.0,150,,,,,,,,,,,,,,
2026-06-29T04:02:26.857162+00:00,2026-06-29T14:02:26.853162,2,2,99.45,0.5,99.2,60,99.1,1,,,,,,,,,,,,,,,,,99.7,50,99.8,1,,,,,,,,,,,,,,,,
2026-06-29T04:02:26.912163+00:00,2026-06-29T14:02:26.908162,3,2,99.45,0.5,99.2,60,99.1,1,98.9,150,,,,,,,,,,,,,,,99.7,50,99.8,1,,,,,,,,,,,,,,,,
2026-06-29T04:02:26.967162+00:00,2026-06-29T14:02:26.959163,3,3,99.3,0.2,99.2,60,99.1,1,98.9,150,,,,,,,,,,,,,,,99.4,150,99.7,50,99.8,1,,,,,,,,,,,,,,
2026-06-29T04:02:27.099162+00:00,2026-06-29T14:02:27.093163,2,2,99.25,0.3,99.1,1,98.9,150,,,,,,,,,,,,,,,,,99.4,150,99.8,1,,,,,,,,,,,,,,,,
2026-06-29T04:02:27.154154+00:00,2026-06-29T14:02:27.149163,3,2,99.35,0.1,99.3,100,99.1,1,98.9,150,,,,,,,,,,,,,,,99.4,150,99.8,1,,,,,,,,,,,,,,,,
2026-06-29T04:02:27.209162+00:00,2026-06-29T14:02:27.200162,3,2,99.35,0.1,99.3,100,99.1,1,98.9,150,,,,,,,,,,,,,,,99.4,150,99.8,101,,,,,,,,,,,,,,,,
2026-06-29T04:02:27.913163+00:00,2026-06-29T14:02:27.912163,3,2,99.35,0.1,99.3,50,99.1,1,98.9,150,,,,,,,,,,,,,,,99.4,150,99.8,101,,,,,,,,,,,,,,,,
2026-06-29T04:02:28.198682+00:00,2026-06-29T14:02:28.193681,3,2,99.35,0.1,99.3,50,99.1,1,98.9,150,,,,,,,,,,,,,,,99.4,107,99.8,101,,,,,,,,,,,,,,,,
2026-06-29T04:02:28.429240+00:00,2026-06-29T14:02:28.427249,2,2,99.35,0.1,99.3,50,98.9,150,,,,,,,,,,,,,,,,,99.4,107,99.8,100,,,,,,,,,,,,,,,,
2026-06-29T04:02:28.440249+00:00,2026-06-29T14:02:28.436249,2,3,99.35,0.1,99.3,50,98.9,150,,,,,,,,,,,,,,,,,99.4,107,99.7,1,99.8,100,,,,,,,,,,,,,,
2026-06-29T04:02:28.451249+00:00,2026-06-29T14:02:28.442249,3,3,99.35,0.1,99.3,50,99.1,1,98.9,150,,,,,,,,,,,,,,,99.4,107,99.7,1,99.8,100,,,,,,,,,,,,,,
2026-06-29T04:02:28.792249+00:00,2026-06-29T14:02:28.791249,3,3,99.35,0.1,99.3,50,99.1,1,98.9,150,,,,,,,,,,,,,,,99.4,58,99.7,1,99.8,100,,,,,,,,,,,,,,
2026-06-29T04:02:29.969249+00:00,2026-06-29T14:02:29.967249,3,3,99.35,0.1,99.3,50,99.1,1,98.9,150,,,,,,,,,,,,,,,99.4,8,99.7,1,99.8,100,,,,,,,,,,,,,,
2026-06-29T04:02:29.991248+00:00,2026-06-29T14:02:29.986249,3,4,99.35,0.1,99.3,63,99.1,1,98.9,150,,,,,,,,,,,,,,,99.4,8,99.6,50,99.7,1,99.8,100,,,,,,,,,,,,
2026-06-29T04:02:30.024240+00:00,2026-06-29T14:02:30.015241,2,3,99.45,0.3,99.3,63,99.1,1,,,,,,,,,,,,,,,,,99.6,50,99.7,1,99.8,100,,,,,,,,,,,,,,
2026-06-29T04:02:30.079240+00:00,2026-06-29T14:02:30.068339,3,3,99.55,0.1,99.5,150,99.3,63,99.1,1,,,,,,,,,,,,,,,99.6,50,99.7,1,99.8,100,,,,,,,,,,,,,,
2026-06-29T04:02:30.101240+00:00,2026-06-29T14:02:30.096240,3,3,99.55,0.1,99.5,125,99.3,63,99.1,1,,,,,,,,,,,,,,,99.6,50,99.7,1,99.8,100,,,,,,,,,,,,,,
2026-06-29T04:02:30.112240+00:00,2026-06-29T14:02:30.106240,3,3,99.55,0.1,99.5,90,99.3,63,99.1,1,,,,,,,,,,,,,,,99.6,50,99.7,1,99.8,100,,,,,,,,,,,,,,
2026-06-29T04:02:30.123241+00:00,2026-06-29T14:02:30.122240,3,4,99.55,0.1,99.5,90,99.3,63,99.1,1,,,,,,,,,,,,,,,99.6,50,99.7,1,99.8,100,100.0,150,,,,,,,,,,,,
2026-06-29T04:02:30.200240+00:00,2026-06-29T14:02:30.195240,3,4,99.55,0.1,99.5,71,99.3,63,99.1,1,,,,,,,,,,,,,,,99.6,50,99.7,1,99.8,100,100.0,150,,,,,,,,,,,,
2026-06-29T04:02:30.255240+00:00,2026-06-29T14:02:30.254240,3,3,99.55,0.1,99.5,71,99.3,13,99.1,1,,,,,,,,,,,,,,,99.6,50,99.7,1,100.0,150,,,,,,,,,,,,,,
2026-06-29T04:02:30.310249+00:00,2026-06-29T14:02:30.306249,4,3,99.55,0.1,99.5,71,99.3,13,99.2,100,99.1,1,,,,,,,,,,,,,99.6,50,99.7,1,100.0,150,,,,,,,,,,,,,,
2026-06-29T04:02:30.365249+00:00,2026-06-29T14:02:30.358249,4,3,99.55,0.1,99.5,71,99.3,13,99.2,100,99.1,1,,,,,,,,,,,,,99.6,50,99.7,101,100.0,150,,,,,,,,,,,,,,
2026-06-29T04:02:30.596249+00:00,2026-06-29T14:02:30.593240,3,3,99.55,0.1,99.5,71,99.2,100,99.1,1,,,,,,,,,,,,,,,99.6,50,99.7,101,100.0,150,,,,,,,,,,,,,,
2026-06-29T04:02:30.893248+00:00,2026-06-29T14:02:30.888249,3,3,99.55,0.1,99.5,71,99.2,100,99.1,1,,,,,,,,,,,,,,,99.6,16,99.7,101,100.0,150,,,,,,,,,,,,,,
2026-06-29T04:02:30.915248+00:00,2026-06-29T14:02:30.907249,3,3,99.55,0.1,99.5,46,99.2,100,99.1,1,,,,,,,,,,,,,,,99.6,16,99.7,101,100.0,150,,,,,,,,,,,,,,
2026-06-29T04:02:31.025249+00:00,2026-06-29T14:02:31.020240,3,3,99.55,0.1,99.5,21,99.2,100,99.1,1,,,,,,,,,,,,,,,99.6,16,99.7,101,100.0,150,,,,,,,,,,,,,,
2026-06-29T04:02:31.124240+00:00,2026-06-29T14:02:31.117240,2,3,99.4,0.4,99.2,100,99.1,1,,,,,,,,,,,,,,,,,99.6,16,99.7,101,100.0,150,,,,,,,,,,,,,,
2026-06-29T04:02:31.432249+00:00,2026-06-29T14:02:31.427249,1,3,99.4,0.4,99.2,100,,,,,,,,,,,,,,,,,,,99.6,16,99.7,100,100.0,150,,,,,,,,,,,,,,
2026-06-29T04:02:31.443249+00:00,2026-06-29T14:02:31.440249,1,4,99.4,0.4,99.2,101,,,,,,,,,,,,,,,,,,,99.6,16,99.7,100,99.9,1,100.0,150,,,,,,,,,,,,
2026-06-29T04:02:31.916249+00:00,2026-06-29T14:02:31.913249,1,4,99.4,0.4,99.2,101,,,,,,,,,,,,,,,,,,,99.6,15,99.7,100,99.9,1,100.0,150,,,,,,,,,,,,
2026-06-29T04:02:32.092240+00:00,2026-06-29T14:02:32.090239,1,4,99.4,0.4,99.2,58,,,,,,,,,,,,,,,,,,,99.6,15,99.7,100,99.9,1,100.0,150,,,,,,,,,,,,
2026-06-29T04:02:32.136240+00:00,2026-06-29T14:02:32.125240,1,4,99.4,0.4,99.2,8,,,,,,,,,,,,,,,,,,,99.6,15,99.7,100,99.9,1,100.0,150,,,,,,,,,,,,
2026-06-29T04:02:33.203240+00:00,2026-06-29T14:02:33.192240,1,3,99.4,0.4,99.2,8,,,,,,,,,,,,,,,,,,,99.6,15,99.7,100,99.9,1,,,,,,,,,,,,,,
2026-06-29T04:02:33.247240+00:00,2026-06-29T14:02:33.243240,1,3,99.4,0.4,99.2,158,,,,,,,,,,,,,,,,,,,99.6,15,99.7,100,99.9,1,,,,,,,,,,,,,,
2026-06-29T04:02:33.302239+00:00,2026-06-29T14:02:33.297239,1,3,99.4,0.4,99.2,158,,,,,,,,,,,,,,,,,,,99.6,15,99.7,250,99.9,1,,,,,,,,,,,,,,
2026-06-29T04:02:33.412240+00:00,2026-06-29T14:02:33.411240,1,3,99.4,0.4,99.2,158,,,,,,,,,,,,,,,,,,,99.6,15,99.7,150,99.9,1,,,,,,,,,,,,,,
2026-06-29T04:02:33.423139+00:00,2026-06-29T14:02:33.412240,1,3,99.4,0.4,99.2,151,,,,,,,,,,,,,,,,,,,99.6,15,99.7,150,99.9,1,,,,,,,,,,,,,,
2026-06-29T04:02:33.467148+00:00,2026-06-29T14:02:33.465148,2,3,99.4,0.4,99.2,151,99.1,100,,,,,,,,,,,,,,,,,99.6,15,99.7,150,99.9,1,,,,,,,,,,,,,,
2026-06-29T04:02:33.522148+00:00,2026-06-29T14:02:33.518148,2,3,99.4,0.4,99.2,151,99.1,100,,,,,,,,,,,,,,,,,99.6,115,99.7,150,99.9,1,,,,,,,,,,,,,,
2026-06-29T04:02:34.248158+00:00,2026-06-29T14:02:34.237158,2,3,99.4,0.4,99.2,101,99.1,100,,,,,,,,,,,,,,,,,99.6,115,99.7,150,99.9,1,,,,,,,,,,,,,,
2026-06-29T04:02:34.457168+00:00,2026-06-29T14:02:34.454158,2,2,99.4,0.4,99.2,101,99.1,100,,,,,,,,,,,,,,,,,99.6,115,99.7,150,,,,,,,,,,,,,,,,
2026-06-29T04:02:34.468168+00:00,2026-06-29T14:02:34.466168,3,2,99.4,0.4,99.2,101,99.1,100,99.0,1,,,,,,,,,,,,,,,99.6,115,99.7,151,,,,,,,,,,,,,,,,
2026-06-29T04:02:36.348237+00:00,2026-06-29T14:02:36.344237,3,2,99.4,0.4,99.2,51,99.1,100,99.0,1,,,,,,,,,,,,,,,99.6,115,99.7,151,,,,,,,,,,,,,,,,
2026-06-29T04:02:36.359237+00:00,2026-06-29T14:02:36.351236,2,2,99.35,0.5,99.1,100,99.0,1,,,,,,,,,,,,,,,,,99.6,115,99.7,1,,,,,,,,,,,,,,,,
2026-06-29T04:02:36.414236+00:00,2026-06-29T14:02:36.403236,3,2,99.35,0.5,99.1,100,99.0,1,98.5,150,,,,,,,,,,,,,,,99.6,115,99.7,1,,,,,,,,,,,,,,,,
2026-06-29T04:02:36.469236+00:00,2026-06-29T14:02:36.458416,1,3,98.75,0.5,98.5,150,,,,,,,,,,,,,,,,,,,99.0,49,99.6,115,99.7,1,,,,,,,,,,,,,,
2026-06-29T04:02:36.535237+00:00,2026-06-29T14:02:36.531236,1,3,98.75,0.5,98.5,150,,,,,,,,,,,,,,,,,,,99.0,48,99.6,115,99.7,1,,,,,,,,,,,,,,
2026-06-29T04:02:36.579237+00:00,2026-06-29T14:02:36.572237,1,3,98.75,0.5,98.5,150,,,,,,,,,,,,,,,,,,,99.0,48,99.6,15,99.7,1,,,,,,,,,,,,,,
2026-06-29T04:02:36.623237+00:00,2026-06-29T14:02:36.619246,1,2,99.05,1.1,98.5,150,,,,,,,,,,,,,,,,,,,99.6,15,99.7,1,,,,,,,,,,,,,,,,
2026-06-29T04:02:36.634236+00:00,2026-06-29T14:02:36.625237,1,2,99.05,1.1,98.5,250,,,,,,,,,,,,,,,,,,,99.6,15,99.7,1,,,,,,,,,,,,,,,,
2026-06-29T04:02:36.689237+00:00,2026-06-29T14:02:36.686237,1,3,98.75,0.5,98.5,250,,,,,,,,,,,,,,,,,,,99.0,100,99.6,15,99.7,1,,,,,,,,,,,,,,
2026-06-29T04:02:36.722237+00:00,2026-06-29T14:02:36.712237,1,2,99.05,1.1,98.5,250,,,,,,,,,,,,,,,,,,,99.6,15,99.7,1,,,,,,,,,,,,,,,,
2026-06-29T04:02:37.481246+00:00,2026-06-29T14:02:37.475245,1,1,99.05,1.1,98.5,250,,,,,,,,,,,,,,,,,,,99.6,15,,,,,,,,,,,,,,,,,,
2026-06-29T04:02:37.492246+00:00,2026-06-29T14:02:37.488241,2,2,99.4,0.4,99.2,1,98.5,250,,,,,,,,,,,,,,,,,99.6,15,99.9,1,,,,,,,,,,,,,,,,
2026-06-29T04:02:38.459775+00:00,2026-06-29T14:02:38.452775,1,2,99.05,1.1,98.5,201,,,,,,,,,,,,,,,,,,,99.6,15,99.9,1,,,,,,,,,,,,,,,,
2026-06-29T04:02:39.515797+00:00,2026-06-29T14:02:39.510797,1,2,99.05,1.1,98.5,100,,,,,,,,,,,,,,,,,,,99.6,15,99.9,1,,,,,,,,,,,,,,,,
2026-06-29T04:02:39.570797+00:00,2026-06-29T14:02:39.563797,2,2,99.35,0.5,99.1,150,98.5,100,,,,,,,,,,,,,,,,,99.6,15,99.9,1,,,,,,,,,,,,,,,,
2026-06-29T04:02:39.625797+00:00,2026-06-29T14:02:39.616797,2,2,99.35,0.5,99.1,150,98.5,100,,,,,,,,,,,,,,,,,99.6,165,99.9,1,,,,,,,,,,,,,,,,
2026-06-29T04:02:39.735797+00:00,2026-06-29T14:02:39.732797,1,2,99.35,0.5,99.1,150,,,,,,,,,,,,,,,,,,,99.6,165,99.9,1,,,,,,,,,,,,,,,,
2026-06-29T04:02:39.790797+00:00,2026-06-29T14:02:39.788797,2,2,99.35,0.5,99.1,150,99.0,100,,,,,,,,,,,,,,,,,99.6,165,99.9,1,,,,,,,,,,,,,,,,
2026-06-29T04:02:39.856797+00:00,2026-06-29T14:02:39.848797,2,3,99.3,0.4,99.1,150,99.0,100,,,,,,,,,,,,,,,,,99.5,100,99.6,165,99.9,1,,,,,,,,,,,,,,
2026-06-29T04:02:40.516797+00:00,2026-06-29T14:02:40.508797,2,2,99.3,0.4,99.1,150,99.0,100,,,,,,,,,,,,,,,,,99.5,100,99.6,165,,,,,,,,,,,,,,,,
2026-06-29T04:02:40.538797+00:00,2026-06-29T14:02:40.536797,2,2,99.3,0.4,99.1,150,99.0,101,,,,,,,,,,,,,,,,,99.5,100,99.6,166,,,,,,,,,,,,,,,,
2026-06-29T04:02:40.604797+00:00,2026-06-29T14:02:40.594797,2,2,99.3,0.4,99.1,100,99.0,101,,,,,,,,,,,,,,,,,99.5,100,99.6,166,,,,,,,,,,,,,,,,
2026-06-29T04:02:40.714797+00:00,2026-06-29T14:02:40.713797,2,2,99.3,0.4,99.1,100,99.0,101,,,,,,,,,,,,,,,,,99.5,100,99.6,151,,,,,,,,,,,,,,,,
2026-06-29T04:02:40.934797+00:00,2026-06-29T14:02:40.923938,2,3,99.3,0.4,99.1,100,99.0,101,,,,,,,,,,,,,,,,,99.5,100,99.6,151,99.7,16,,,,,,,,,,,,,,
2026-06-29T04:02:41.154797+00:00,2026-06-29T14:02:41.145797,3,3,99.45,0.1,99.4,1,99.1,100,99.0,101,,,,,,,,,,,,,,,99.5,100,99.6,151,99.7,16,,,,,,,,,,,,,,
2026-06-29T04:02:42.331788+00:00,2026-06-29T14:02:42.328788,3,3,99.45,0.1,99.4,1,99.1,100,99.0,101,,,,,,,,,,,,,,,99.5,54,99.6,151,99.7,16,,,,,,,,,,,,,,
2026-06-29T04:02:42.342788+00:00,2026-06-29T14:02:42.335788,2,3,99.3,0.4,99.1,100,99.0,101,,,,,,,,,,,,,,,,,99.5,54,99.6,151,99.7,16,,,,,,,,,,,,,,
