recv_time,book_timestamp,n_bids,n_asks,mid,spread,bid_px_0,bid_vol_0,bid_px_1,bid_vol_1,bid_px_2,bid_vol_2,bid_px_3,bid_vol_3,bid_px_4,bid_vol_4,bid_px_5,bid_vol_5,bid_px_6,bid_vol_6,bid_px_7,bid_vol_7,bid_px_8,bid_vol_8,bid_px_9,bid_vol_9,ask_px_0,ask_vol_0,ask_px_1,ask_vol_1,ask_px_2,ask_vol_2,ask_px_3,ask_vol_3,ask_px_4,ask_vol_4,ask_px_5,ask_vol_5,ask_px_6,ask_vol_6,ask_px_7,ask_vol_7,ask_px_8,ask_vol_8,ask_px_9,ask_vol_9
2026-07-09T08:00:00.248700+00:00,2026-07-09T08:00:00.226663,2,1,123.35,0.5,123.1,87,123.0,100,,,,,,,,,,,,,,,,,123.6,89,,,,,,,,,,,,,,,,,,
2026-07-09T08:00:00.509608+00:00,2026-07-09T08:00:00.509720,2,1,123.35,0.5,123.1,87,123.0,100,,,,,,,,,,,,,,,,,123.6,45,,,,,,,,,,,,,,,,,,
2026-07-09T08:00:00.740752+00:00,2026-07-09T08:00:00.736078,2,1,123.35,0.5,123.1,80,123.0,100,,,,,,,,,,,,,,,,,123.6,45,,,,,,,,,,,,,,,,,,
2026-07-09T08:00:00.783032+00:00,2026-07-09T08:00:00.782769,2,0,,,123.1,80,123.0,100,,,,,,,,,,,,,,,,,,,,,,,,,,,,,,,,,,,,
2026-07-09T08:00:00.795047+00:00,2026-07-09T08:00:00.794919,1,0,,,123.0,100,,,,,,,,,,,,,,,,,,,,,,,,,,,,,,,,,,,,,,
2026-07-09T08:00:00.835230+00:00,2026-07-09T08:00:00.838382,2,0,,,123.3,150,123.0,100,,,,,,,,,,,,,,,,,,,,,,,,,,,,,,,,,,,,
2026-07-09T08:00:00.901321+00:00,2026-07-09T08:00:00.901414,2,1,123.55,0.5,123.3,150,123.0,100,,,,,,,,,,,,,,,,,123.8,150,,,,,,,,,,,,,,,,,,
2026-07-09T08:00:01.259104+00:00,2026-07-09T08:00:01.259006,2,1,123.55,0.5,123.3,122,123.0,100,,,,,,,,,,,,,,,,,123.8,150,,,,,,,,,,,,,,,,,,
2026-07-09T08:00:01.362149+00:00,2026-07-09T08:00:01.353013,1,1,123.55,0.5,123.3,122,,,,,,,,,,,,,,,,,,,123.8,150,,,,,,,,,,,,,,,,,,
2026-07-09T08:00:01.434521+00:00,2026-07-09T08:00:01.434437,1,1,123.55,0.5,123.3,222,,,,,,,,,,,,,,,,,,,123.8,150,,,,,,,,,,,,,,,,,,
2026-07-09T08:00:01.495183+00:00,2026-07-09T08:00:01.495084,1,1,123.55,0.5,123.3,222,,,,,,,,,,,,,,,,,,,123.8,250,,,,,,,,,,,,,,,,,,
2026-07-09T08:00:03.754629+00:00,2026-07-09T08:00:03.754706,1,1,123.55,0.5,123.3,222,,,,,,,,,,,,,,,,,,,123.8,200,,,,,,,,,,,,,,,,,,
2026-07-09T08:00:03.956785+00:00,2026-07-09T08:00:03.956706,1,1,123.55,0.5,123.3,100,,,,,,,,,,,,,,,,,,,123.8,100,,,,,,,,,,,,,,,,,,
2026-07-09T08:00:04.012896+00:00,2026-07-09T08:00:04.012802,2,1,123.65,0.3,123.5,150,123.3,100,,,,,,,,,,,,,,,,,123.8,100,,,,,,,,,,,,,,,,,,
2026-07-09T08:00:04.069003+00:00,2026-07-09T08:00:04.069112,2,2,123.65,0.3,123.5,150,123.3,100,,,,,,,,,,,,,,,,,123.8,100,124.0,150,,,,,,,,,,,,,,,,
2026-07-09T08:00:04.299488+00:00,2026-07-09T08:00:04.299406,2,2,123.65,0.3,123.5,150,123.3,100,,,,,,,,,,,,,,,,,123.8,70,124.0,150,,,,,,,,,,,,,,,,
2026-07-09T08:00:04.558598+00:00,2026-07-09T08:00:04.551660,1,1,123.75,0.5,123.5,150,,,,,,,,,,,,,,,,,,,124.0,150,,,,,,,,,,,,,,,,,,
2026-07-09T08:00:04.606733+00:00,2026-07-09T08:00:04.606595,2,1,123.8,0.4,123.6,100,123.5,150,,,,,,,,,,,,,,,,,124.0,150,,,,,,,,,,,,,,,,,,
2026-07-09T08:00:04.658624+00:00,2026-07-09T08:00:04.654849,2,2,123.8,0.4,123.6,100,123.5,150,,,,,,,,,,,,,,,,,124.0,150,124.1,100,,,,,,,,,,,,,,,,
2026-07-09T08:00:04.823352+00:00,2026-07-09T08:00:04.823304,2,2,123.8,0.4,123.6,70,123.5,150,,,,,,,,,,,,,,,,,124.0,150,124.1,100,,,,,,,,,,,,,,,,
2026-07-09T08:00:05.340841+00:00,2026-07-09T08:00:05.340775,2,2,123.8,0.4,123.6,57,123.5,150,,,,,,,,,,,,,,,,,124.0,150,124.1,100,,,,,,,,,,,,,,,,
2026-07-09T08:00:05.807964+00:00,2026-07-09T08:00:05.800229,2,2,123.8,0.4,123.6,57,123.5,150,,,,,,,,,,,,,,,,,124.0,147,124.1,100,,,,,,,,,,,,,,,,
2026-07-09T08:00:05.860315+00:00,2026-07-09T08:00:05.860267,2,2,123.8,0.4,123.6,57,123.5,150,,,,,,,,,,,,,,,,,124.0,117,124.1,100,,,,,,,,,,,,,,,,
2026-07-09T08:00:05.907087+00:00,2026-07-09T08:00:05.907001,2,2,123.8,0.4,123.6,57,123.5,150,,,,,,,,,,,,,,,,,124.0,67,124.1,100,,,,,,,,,,,,,,,,
2026-07-09T08:00:06.373641+00:00,2026-07-09T08:00:06.373502,2,2,123.8,0.4,123.6,57,123.5,150,,,,,,,,,,,,,,,,,124.0,37,124.1,100,,,,,,,,,,,,,,,,
2026-07-09T08:00:06.897220+00:00,2026-07-09T08:00:06.897095,2,2,123.8,0.4,123.6,52,123.5,150,,,,,,,,,,,,,,,,,124.0,37,124.1,100,,,,,,,,,,,,,,,,
2026-07-09T08:00:07.121230+00:00,2026-07-09T08:00:07.121186,1,1,123.85,0.5,123.6,52,,,,,,,,,,,,,,,,,,,124.1,100,,,,,,,,,,,,,,,,,,
2026-07-09T08:00:07.177428+00:00,2026-07-09T08:00:07.177373,2,0,,,124.2,50,123.6,52,,,,,,,,,,,,,,,,,,,,,,,,,,,,,,,,,,,,
2026-07-09T08:00:07.245179+00:00,2026-07-09T08:00:07.238156,2,1,124.45,0.5,124.2,47,123.6,52,,,,,,,,,,,,,,,,,124.7,150,,,,,,,,,,,,,,,,,,
2026-07-09T08:00:07.413294+00:00,2026-07-09T08:00:07.413430,2,1,124.45,0.5,124.2,17,123.6,52,,,,,,,,,,,,,,,,,124.7,150,,,,,,,,,,,,,,,,,,
2026-07-09T08:00:07.711242+00:00,2026-07-09T08:00:07.711133,1,1,124.45,0.5,124.2,17,,,,,,,,,,,,,,,,,,,124.7,150,,,,,,,,,,,,,,,,,,
2026-07-09T08:00:07.758551+00:00,2026-07-09T08:00:07.757957,2,1,124.45,0.5,124.2,17,124.1,100,,,,,,,,,,,,,,,,,124.7,150,,,,,,,,,,,,,,,,,,
2026-07-09T08:00:07.816655+00:00,2026-07-09T08:00:07.816572,2,2,124.4,0.4,124.2,17,124.1,100,,,,,,,,,,,,,,,,,124.6,100,124.7,150,,,,,,,,,,,,,,,,
2026-07-09T08:00:07.928066+00:00,2026-07-09T08:00:07.928193,1,2,124.35,0.5,124.1,100,,,,,,,,,,,,,,,,,,,124.6,100,124.7,150,,,,,,,,,,,,,,,,
2026-07-09T08:00:08.456730+00:00,2026-07-09T08:00:08.456543,1,2,124.35,0.5,124.1,81,,,,,,,,,,,,,,,,,,,124.6,100,124.7,150,,,,,,,,,,,,,,,,
2026-07-09T08:00:08.975300+00:00,2026-07-09T08:00:08.975183,1,2,124.35,0.5,124.1,76,,,,,,,,,,,,,,,,,,,124.6,100,124.7,150,,,,,,,,,,,,,,,,
2026-07-09T08:00:09.495165+00:00,2026-07-09T08:00:09.495004,1,2,124.35,0.5,124.1,70,,,,,,,,,,,,,,,,,,,124.6,100,124.7,150,,,,,,,,,,,,,,,,
2026-07-09T08:00:10.152119+00:00,2026-07-09T08:00:10.151965,1,2,124.35,0.5,124.1,70,,,,,,,,,,,,,,,,,,,124.6,50,124.7,150,,,,,,,,,,,,,,,,
2026-07-09T08:00:10.288197+00:00,2026-07-09T08:00:10.288092,1,1,124.35,0.5,124.1,70,,,,,,,,,,,,,,,,,,,124.6,50,,,,,,,,,,,,,,,,,,
2026-07-09T08:00:10.341283+00:00,2026-07-09T08:00:10.341434,2,1,124.35,0.5,124.1,70,123.8,150,,,,,,,,,,,,,,,,,124.6,50,,,,,,,,,,,,,,,,,,
2026-07-09T08:00:10.394903+00:00,2026-07-09T08:00:10.395007,2,2,124.2,0.2,124.1,70,123.8,150,,,,,,,,,,,,,,,,,124.3,150,124.6,50,,,,,,,,,,,,,,,,
2026-07-09T08:00:10.874448+00:00,2026-07-09T08:00:10.874421,1,1,124.05,0.5,123.8,150,,,,,,,,,,,,,,,,,,,124.3,150,,,,,,,,,,,,,,,,,,
2026-07-09T08:00:10.925209+00:00,2026-07-09T08:00:10.925172,2,1,124.25,0.1,124.2,100,123.8,150,,,,,,,,,,,,,,,,,124.3,150,,,,,,,,,,,,,,,,,,
2026-07-09T08:00:10.982767+00:00,2026-07-09T08:00:10.982650,2,2,124.25,0.1,124.2,100,123.8,150,,,,,,,,,,,,,,,,,124.3,150,124.7,100,,,,,,,,,,,,,,,,
2026-07-09T08:00:11.063648+00:00,2026-07-09T08:00:11.063743,2,2,124.25,0.1,124.2,99,123.8,150,,,,,,,,,,,,,,,,,124.3,150,124.7,100,,,,,,,,,,,,,,,,
2026-07-09T08:00:11.592732+00:00,2026-07-09T08:00:11.592691,2,2,124.25,0.1,124.2,91,123.8,150,,,,,,,,,,,,,,,,,124.3,150,124.7,100,,,,,,,,,,,,,,,,
2026-07-09T08:00:12.111187+00:00,2026-07-09T08:00:12.111154,2,2,124.25,0.1,124.2,90,123.8,150,,,,,,,,,,,,,,,,,124.3,150,124.7,100,,,,,,,,,,,,,,,,
2026-07-09T08:00:12.258560+00:00,2026-07-09T08:00:12.257782,2,2,124.25,0.1,124.2,90,123.8,150,,,,,,,,,,,,,,,,,124.3,100,124.7,100,,,,,,,,,,,,,,,,
2026-07-09T08:00:12.624395+00:00,2026-07-09T08:00:12.624348,2,2,124.25,0.1,124.2,90,123.8,150,,,,,,,,,,,,,,,,,124.3,70,124.7,100,,,,,,,,,,,,,,,,
2026-07-09T08:00:13.139417+00:00,2026-07-09T08:00:13.139302,2,2,124.25,0.1,124.2,78,123.8,150,,,,,,,,,,,,,,,,,124.3,70,124.7,100,,,,,,,,,,,,,,,,
2026-07-09T08:00:13.447731+00:00,2026-07-09T08:00:13.442902,1,1,124.45,0.5,124.2,78,,,,,,,,,,,,,,,,,,,124.7,100,,,,,,,,,,,,,,,,,,
2026-07-09T08:00:13.509489+00:00,2026-07-09T08:00:13.509335,1,1,124.45,0.5,124.2,228,,,,,,,,,,,,,,,,,,,124.7,100,,,,,,,,,,,,,,,,,,
2026-07-09T08:00:13.563837+00:00,2026-07-09T08:00:13.563742,1,1,124.45,0.5,124.2,228,,,,,,,,,,,,,,,,,,,124.7,250,,,,,,,,,,,,,,,,,,
2026-07-09T08:00:13.658630+00:00,2026-07-09T08:00:13.648380,1,1,124.45,0.5,124.2,227,,,,,,,,,,,,,,,,,,,124.7,250,,,,,,,,,,,,,,,,,,
2026-07-09T08:00:14.035902+00:00,2026-07-09T08:00:14.035801,1,1,124.45,0.5,124.2,150,,,,,,,,,,,,,,,,,,,124.7,150,,,,,,,,,,,,,,,,,,
2026-07-09T08:00:14.094528+00:00,2026-07-09T08:00:14.094497,1,1,124.45,0.5,124.2,250,,,,,,,,,,,,,,,,,,,124.7,150,,,,,,,,,,,,,,,,,,
2026-07-09T08:00:14.149959+00:00,2026-07-09T08:00:14.149831,1,1,124.45,0.5,124.2,250,,,,,,,,,,,,,,,,,,,124.7,250,,,,,,,,,,,,,,,,,,
2026-07-09T08:00:14.175366+00:00,2026-07-09T08:00:14.175313,1,1,124.45,0.5,124.2,243,,,,,,,,,,,,,,,,,,,124.7,250,,,,,,,,,,,,,,,,,,
2026-07-09T08:00:14.402845+00:00,2026-07-09T08:00:14.402801,1,1,124.45,0.5,124.2,243,,,,,,,,,,,,,,,,,,,124.7,200,,,,,,,,,,,,,,,,,,
2026-07-09T08:00:14.689698+00:00,2026-07-09T08:00:14.689660,1,1,124.45,0.5,124.2,242,,,,,,,,,,,,,,,,,,,124.7,200,,,,,,,,,,,,,,,,,,
2026-07-09T08:00:15.994629+00:00,2026-07-09T08:00:15.994531,1,1,124.45,0.5,124.2,194,,,,,,,,,,,,,,,,,,,124.7,200,,,,,,,,,,,,,,,,,,
2026-07-09T08:00:16.510016+00:00,2026-07-09T08:00:16.510150,1,1,124.45,0.5,124.2,194,,,,,,,,,,,,,,,,,,,124.7,150,,,,,,,,,,,,,,,,,,
2026-07-09T08:00:16.617063+00:00,2026-07-09T08:00:16.616923,1,1,124.45,0.5,124.2,100,,,,,,,,,,,,,,,,,,,124.7,100,,,,,,,,,,,,,,,,,,
2026-07-09T08:00:16.682363+00:00,2026-07-09T08:00:16.682462,2,1,124.45,0.5,124.2,100,124.1,150,,,,,,,,,,,,,,,,,124.7,100,,,,,,,,,,,,,,,,,,
2026-07-09T08:00:16.713859+00:00,2026-07-09T08:00:16.713805,2,1,124.45,0.5,124.2,92,124.1,150,,,,,,,,,,,,,,,,,124.7,100,,,,,,,,,,,,,,,,,,
2026-07-09T08:00:16.735112+00:00,2026-07-09T08:00:16.734980,2,2,124.4,0.4,124.2,92,124.1,150,,,,,,,,,,,,,,,,,124.6,150,124.7,100,,,,,,,,,,,,,,,,
2026-07-09T08:00:17.205350+00:00,2026-07-09T08:00:17.205254,1,1,124.35,0.5,124.1,150,,,,,,,,,,,,,,,,,,,124.6,150,,,,,,,,,,,,,,,,,,
2026-07-09T08:00:17.258089+00:00,2026-07-09T08:00:17.258170,2,1,124.35,0.5,124.1,150,124.0,100,,,,,,,,,,,,,,,,,124.6,150,,,,,,,,,,,,,,,,,,
2026-07-09T08:00:17.314560+00:00,2026-07-09T08:00:17.314467,2,2,124.3,0.4,124.1,150,124.0,100,,,,,,,,,,,,,,,,,124.5,100,124.6,150,,,,,,,,,,,,,,,,
2026-07-09T08:00:17.774267+00:00,2026-07-09T08:00:17.774157,2,2,124.3,0.4,124.1,102,124.0,100,,,,,,,,,,,,,,,,,124.5,100,124.6,150,,,,,,,,,,,,,,,,
2026-07-09T08:00:18.325785+00:00,2026-07-09T08:00:18.325719,2,2,124.3,0.4,124.1,102,124.0,100,,,,,,,,,,,,,,,,,124.5,56,124.6,150,,,,,,,,,,,,,,,,
2026-07-09T08:00:18.670966+00:00,2026-07-09T08:00:18.670895,2,2,124.3,0.4,124.1,52,124.0,100,,,,,,,,,,,,,,,,,124.5,56,124.6,150,,,,,,,,,,,,,,,,
2026-07-09T08:00:19.786634+00:00,2026-07-09T08:00:19.786788,1,1,124.25,0.5,124.0,100,,,,,,,,,,,,,,,,,,,124.5,56,,,,,,,,,,,,,,,,,,
2026-07-09T08:00:19.842155+00:00,2026-07-09T08:00:19.842272,2,1,124.25,0.5,124.0,100,123.9,150,,,,,,,,,,,,,,,,,124.5,56,,,,,,,,,,,,,,,,,,
2026-07-09T08:00:19.893939+00:00,2026-07-09T08:00:19.893844,2,2,124.2,0.4,124.0,100,123.9,150,,,,,,,,,,,,,,,,,124.4,150,124.5,56,,,,,,,,,,,,,,,,
2026-07-09T08:00:20.368320+00:00,2026-07-09T08:00:20.368220,1,1,124.15,0.5,123.9,150,,,,,,,,,,,,,,,,,,,124.4,150,,,,,,,,,,,,,,,,,,
2026-07-09T08:00:20.423658+00:00,2026-07-09T08:00:20.423569,2,1,124.35,0.1,124.3,100,123.9,150,,,,,,,,,,,,,,,,,124.4,150,,,,,,,,,,,,,,,,,,
2026-07-09T08:00:20.477200+00:00,2026-07-09T08:00:20.477141,2,2,124.35,0.1,124.3,100,123.9,150,,,,,,,,,,,,,,,,,124.4,150,124.8,100,,,,,,,,,,,,,,,,
2026-07-09T08:00:21.278032+00:00,2026-07-09T08:00:21.278113,2,2,124.35,0.1,124.3,99,123.9,150,,,,,,,,,,,,,,,,,124.4,150,124.8,100,,,,,,,,,,,,,,,,
2026-07-09T08:00:21.794766+00:00,2026-07-09T08:00:21.794655,2,2,124.35,0.1,124.3,98,123.9,150,,,,,,,,,,,,,,,,,124.4,150,124.8,100,,,,,,,,,,,,,,,,
2026-07-09T08:00:22.831712+00:00,2026-07-09T08:00:22.831928,2,2,124.35,0.1,124.3,98,123.9,150,,,,,,,,,,,,,,,,,124.4,100,124.8,100,,,,,,,,,,,,,,,,
2026-07-09T08:00:22.947796+00:00,2026-07-09T08:00:22.947959,1,1,124.55,0.5,124.3,98,,,,,,,,,,,,,,,,,,,124.8,100,,,,,,,,,,,,,,,,,,
2026-07-09T08:00:22.994897+00:00,2026-07-09T08:00:22.994840,2,1,124.55,0.5,124.3,98,124.0,150,,,,,,,,,,,,,,,,,124.8,100,,,,,,,,,,,,,,,,,,
2026-07-09T08:00:23.058615+00:00,2026-07-09T08:00:23.056401,2,2,124.4,0.2,124.3,98,124.0,150,,,,,,,,,,,,,,,,,124.5,150,124.8,100,,,,,,,,,,,,,,,,
2026-07-09T08:00:23.532045+00:00,2026-07-09T08:00:23.531969,1,1,124.25,0.5,124.0,150,,,,,,,,,,,,,,,,,,,124.5,150,,,,,,,,,,,,,,,,,,
2026-07-09T08:00:23.587777+00:00,2026-07-09T08:00:23.587715,2,1,124.4,0.2,124.3,100,124.0,150,,,,,,,,,,,,,,,,,124.5,150,,,,,,,,,,,,,,,,,,
2026-07-09T08:00:23.638497+00:00,2026-07-09T08:00:23.658653,2,2,124.4,0.2,124.3,100,124.0,150,,,,,,,,,,,,,,,,,124.5,150,124.8,100,,,,,,,,,,,,,,,,
2026-07-09T08:00:24.990584+00:00,2026-07-09T08:00:24.990495,2,2,124.4,0.2,124.3,50,124.0,150,,,,,,,,,,,,,,,,,124.5,150,124.8,100,,,,,,,,,,,,,,,,
2026-07-09T08:00:25.858562+00:00,2026-07-09T08:00:25.857218,2,2,124.4,0.2,124.3,42,124.0,150,,,,,,,,,,,,,,,,,124.5,150,124.8,100,,,,,,,,,,,,,,,,
2026-07-09T08:00:26.109475+00:00,2026-07-09T08:00:26.109653,1,1,124.55,0.5,124.3,42,,,,,,,,,,,,,,,,,,,124.8,100,,,,,,,,,,,,,,,,,,
2026-07-09T08:00:26.165053+00:00,2026-07-09T08:00:26.165167,2,1,124.55,0.5,124.3,42,124.0,150,,,,,,,,,,,,,,,,,124.8,100,,,,,,,,,,,,,,,,,,
2026-07-09T08:00:26.215920+00:00,2026-07-09T08:00:26.215851,2,2,124.4,0.2,124.3,42,124.0,150,,,,,,,,,,,,,,,,,124.5,150,124.8,100,,,,,,,,,,,,,,,,
2026-07-09T08:00:26.380503+00:00,2026-07-09T08:00:26.380369,2,2,124.4,0.2,124.3,41,124.0,150,,,,,,,,,,,,,,,,,124.5,150,124.8,100,,,,,,,,,,,,,,,,
2026-07-09T08:00:26.696201+00:00,2026-07-09T08:00:26.696170,1,1,124.25,0.5,124.0,150,,,,,,,,,,,,,,,,,,,124.5,150,,,,,,,,,,,,,,,,,,
2026-07-09T08:00:26.750025+00:00,2026-07-09T08:00:26.749949,1,1,124.25,0.5,124.0,250,,,,,,,,,,,,,,,,,,,124.5,150,,,,,,,,,,,,,,,,,,
2026-07-09T08:00:26.806419+00:00,2026-07-09T08:00:26.806339,1,1,124.25,0.5,124.0,250,,,,,,,,,,,,,,,,,,,124.5,250,,,,,,,,,,,,,,,,,,
2026-07-09T08:00:27.098129+00:00,2026-07-09T08:00:27.098310,1,1,124.25,0.5,124.0,200,,,,,,,,,,,,,,,,,,,124.5,250,,,,,,,,,,,,,,,,,,
2026-07-09T08:00:29.209419+00:00,2026-07-09T08:00:29.209560,1,1,124.25,0.5,124.0,150,,,,,,,,,,,,,,,,,,,124.5,250,,,,,,,,,,,,,,,,,,
2026-07-09T08:00:29.300385+00:00,2026-07-09T08:00:29.300273,1,1,124.25,0.5,124.0,100,,,,,,,,,,,,,,,,,,,124.5,100,,,,,,,,,,,,,,,,,,
2026-07-09T08:00:29.354078+00:00,2026-07-09T08:00:29.354201,2,1,124.25,0.5,124.0,100,123.5,150,,,,,,,,,,,,,,,,,124.5,100,,,,,,,,,,,,,,,,,,
2026-07-09T08:00:29.407744+00:00,2026-07-09T08:00:29.407610,1,2,123.75,0.5,123.5,150,,,,,,,,,,,,,,,,,,,124.0,50,124.5,100,,,,,,,,,,,,,,,,
2026-07-09T08:00:29.423093+00:00,2026-07-09T08:00:29.423235,1,2,123.75,0.5,123.5,150,,,,,,,,,,,,,,,,,,,124.0,36,124.5,100,,,,,,,,,,,,,,,,
2026-07-09T08:00:29.896623+00:00,2026-07-09T08:00:29.896580,1,1,123.75,0.5,123.5,150,,,,,,,,,,,,,,,,,,,124.0,36,,,,,,,,,,,,,,,,,,
2026-07-09T08:00:29.938266+00:00,2026-07-09T08:00:29.938422,1,1,123.75,0.5,123.5,150,,,,,,,,,,,,,,,,,,,124.0,35,,,,,,,,,,,,,,,,,,
2026-07-09T08:00:29.951651+00:00,2026-07-09T08:00:29.951578,2,1,123.85,0.3,123.7,100,123.5,150,,,,,,,,,,,,,,,,,124.0,35,,,,,,,,,,,,,,,,,,
2026-07-09T08:00:30.006348+00:00,2026-07-09T08:00:30.006281,2,2,123.85,0.3,123.7,100,123.5,150,,,,,,,,,,,,,,,,,124.0,35,124.2,100,,,,,,,,,,,,,,,,
2026-07-09T08:00:30.458659+00:00,2026-07-09T08:00:30.451718,2,2,123.85,0.3,123.7,100,123.5,150,,,,,,,,,,,,,,,,,124.0,5,124.2,100,,,,,,,,,,,,,,,,
2026-07-09T08:00:30.525160+00:00,2026-07-09T08:00:30.519658,2,2,123.85,0.3,123.7,100,123.5,150,,,,,,,,,,,,,,,,,124.0,2,124.2,100,,,,,,,,,,,,,,,,
2026-07-09T08:00:30.792730+00:00,2026-07-09T08:00:30.785130,2,1,123.95,0.5,123.7,100,123.5,150,,,,,,,,,,,,,,,,,124.2,100,,,,,,,,,,,,,,,,,,
2026-07-09T08:00:30.969278+00:00,2026-07-09T08:00:30.969134,2,1,123.95,0.5,123.7,100,123.5,150,,,,,,,,,,,,,,,,,124.2,70,,,,,,,,,,,,,,,,,,
2026-07-09T08:00:31.031006+00:00,2026-07-09T08:00:31.030975,2,1,123.95,0.5,123.7,100,123.5,150,,,,,,,,,,,,,,,,,124.2,29,,,,,,,,,,,,,,,,,,
2026-07-09T08:00:31.317727+00:00,2026-07-09T08:00:31.317661,2,1,123.95,0.5,123.7,50,123.5,150,,,,,,,,,,,,,,,,,124.2,29,,,,,,,,,,,,,,,,,,
2026-07-09T08:00:31.486244+00:00,2026-07-09T08:00:31.486137,2,0,,,123.7,50,123.5,150,,,,,,,,,,,,,,,,,,,,,,,,,,,,,,,,,,,,
2026-07-09T08:00:32.468412+00:00,2026-07-09T08:00:32.468327,1,0,,,123.7,50,,,,,,,,,,,,,,,,,,,,,,,,,,,,,,,,,,,,,,
2026-07-09T08:00:32.521806+00:00,2026-07-09T08:00:32.521774,2,0,,,124.3,150,123.7,50,,,,,,,,,,,,,,,,,,,,,,,,,,,,,,,,,,,,
2026-07-09T08:00:32.588377+00:00,2026-07-09T08:00:32.580468,2,1,124.55,0.5,124.3,145,123.7,50,,,,,,,,,,,,,,,,,124.8,150,,,,,,,,,,,,,,,,,,
2026-07-09T08:00:33.016534+00:00,2026-07-09T08:00:33.016445,2,1,124.55,0.5,124.3,115,123.7,50,,,,,,,,,,,,,,,,,124.8,150,,,,,,,,,,,,,,,,,,
2026-07-09T08:00:33.058559+00:00,2026-07-09T08:00:33.056285,1,1,124.55,0.5,124.3,115,,,,,,,,,,,,,,,,,,,124.8,150,,,,,,,,,,,,,,,,,,
2026-07-09T08:00:33.118602+00:00,2026-07-09T08:00:33.118558,2,1,124.55,0.5,124.3,115,124.0,100,,,,,,,,,,,,,,,,,124.8,150,,,,,,,,,,,,,,,,,,
2026-07-09T08:00:33.171364+00:00,2026-07-09T08:00:33.171248,2,2,124.4,0.2,124.3,115,124.0,100,,,,,,,,,,,,,,,,,124.5,100,124.8,150,,,,,,,,,,,,,,,,
2026-07-09T08:00:33.425665+00:00,2026-07-09T08:00:33.425562,2,2,124.4,0.2,124.3,65,124.0,100,,,,,,,,,,,,,,,,,124.5,100,124.8,150,,,,,,,,,,,,,,,,
2026-07-09T08:00:33.569914+00:00,2026-07-09T08:00:33.569814,2,2,124.4,0.2,124.3,35,124.0,100,,,,,,,,,,,,,,,,,124.5,100,124.8,150,,,,,,,,,,,,,,,,
2026-07-09T08:00:34.083994+00:00,2026-07-09T08:00:34.083889,2,2,124.4,0.2,124.3,5,124.0,100,,,,,,,,,,,,,,,,,124.5,100,124.8,150,,,,,,,,,,,,,,,,
2026-07-09T08:00:34.145262+00:00,2026-07-09T08:00:34.145168,1,2,124.25,0.5,124.0,60,,,,,,,,,,,,,,,,,,,124.5,100,124.8,150,,,,,,,,,,,,,,,,
2026-07-09T08:00:35.533495+00:00,2026-07-09T08:00:35.533390,1,2,124.25,0.5,124.0,10,,,,,,,,,,,,,,,,,,,124.5,100,124.8,150,,,,,,,,,,,,,,,,
2026-07-09T08:00:35.626687+00:00,2026-07-09T08:00:35.626564,1,1,124.25,0.5,124.0,10,,,,,,,,,,,,,,,,,,,124.5,100,,,,,,,,,,,,,,,,,,
2026-07-09T08:00:35.682079+00:00,2026-07-09T08:00:35.682052,2,1,124.25,0.5,124.0,10,123.9,150,,,,,,,,,,,,,,,,,124.5,100,,,,,,,,,,,,,,,,,,
2026-07-09T08:00:35.734903+00:00,2026-07-09T08:00:35.734744,2,2,124.2,0.4,124.0,10,123.9,150,,,,,,,,,,,,,,,,,124.4,150,124.5,100,,,,,,,,,,,,,,,,
2026-07-09T08:00:36.222353+00:00,2026-07-09T08:00:36.222313,2,1,124.2,0.4,124.0,10,123.9,150,,,,,,,,,,,,,,,,,124.4,150,,,,,,,,,,,,,,,,,,
2026-07-09T08:00:36.227521+00:00,2026-07-09T08:00:36.227494,1,1,124.15,0.5,123.9,150,,,,,,,,,,,,,,,,,,,124.4,150,,,,,,,,,,,,,,,,,,
2026-07-09T08:00:36.282265+00:00,2026-07-09T08:00:36.282176,2,1,124.15,0.5,123.9,150,123.8,100,,,,,,,,,,,,,,,,,124.4,150,,,,,,,,,,,,,,,,,,
2026-07-09T08:00:36.336211+00:00,2026-07-09T08:00:36.336129,2,2,124.1,0.4,123.9,150,123.8,100,,,,,,,,,,,,,,,,,124.3,100,124.4,150,,,,,,,,,,,,,,,,
2026-07-09T08:00:36.614360+00:00,2026-07-09T08:00:36.614318,2,2,124.1,0.4,123.9,150,123.8,100,,,,,,,,,,,,,,,,,124.3,70,124.4,150,,,,,,,,,,,,,,,,
2026-07-09T08:00:37.128106+00:00,2026-07-09T08:00:37.128057,2,2,124.1,0.4,123.9,150,123.8,100,,,,,,,,,,,,,,,,,124.3,40,124.4,150,,,,,,,,,,,,,,,,
2026-07-09T08:00:37.648202+00:00,2026-07-09T08:00:37.648147,2,2,124.1,0.4,123.9,100,123.8,100,,,,,,,,,,,,,,,,,124.3,40,124.4,150,,,,,,,,,,,,,,,,
2026-07-09T08:00:37.658634+00:00,2026-07-09T08:00:37.653486,2,2,124.1,0.4,123.9,95,123.8,100,,,,,,,,,,,,,,,,,124.3,40,124.4,150,,,,,,,,,,,,,,,,
2026-07-09T08:00:38.174500+00:00,2026-07-09T08:00:38.174384,2,2,124.1,0.4,123.9,94,123.8,100,,,,,,,,,,,,,,,,,124.3,40,124.4,150,,,,,,,,,,,,,,,,
2026-07-09T08:00:38.785417+00:00,2026-07-09T08:00:38.785359,1,1,124.05,0.5,123.8,100,,,,,,,,,,,,,,,,,,,124.3,40,,,,,,,,,,,,,,,,,,
2026-07-09T08:00:38.842714+00:00,2026-07-09T08:00:38.842580,2,1,124.05,0.5,123.8,100,123.5,150,,,,,,,,,,,,,,,,,124.3,40,,,,,,,,,,,,,,,,,,
2026-07-09T08:00:38.895193+00:00,2026-07-09T08:00:38.895294,2,2,123.9,0.2,123.8,100,123.5,150,,,,,,,,,,,,,,,,,124.0,150,124.3,40,,,,,,,,,,,,,,,,
2026-07-09T08:00:38.906468+00:00,2026-07-09T08:00:38.899585,2,2,123.9,0.2,123.8,100,123.5,150,,,,,,,,,,,,,,,,,124.0,147,124.3,40,,,,,,,,,,,,,,,,
2026-07-09T08:00:39.200973+00:00,2026-07-09T08:00:39.200894,2,2,123.9,0.2,123.8,100,123.5,150,,,,,,,,,,,,,,,,,124.0,117,124.3,40,,,,,,,,,,,,,,,,
2026-07-09T08:00:39.385644+00:00,2026-07-09T08:00:39.385861,2,1,123.9,0.2,123.8,100,123.5,150,,,,,,,,,,,,,,,,,124.0,117,,,,,,,,,,,,,,,,,,
2026-07-09T08:00:39.391087+00:00,2026-07-09T08:00:39.391044,1,1,123.75,0.5,123.5,150,,,,,,,,,,,,,,,,,,,124.0,117,,,,,,,,,,,,,,,,,,
2026-07-09T08:00:39.443317+00:00,2026-07-09T08:00:39.443225,2,1,123.9,0.2,123.8,100,123.5,150,,,,,,,,,,,,,,,,,124.0,117,,,,,,,,,,,,,,,,,,
2026-07-09T08:00:39.497307+00:00,2026-07-09T08:00:39.497413,2,2,123.9,0.2,123.8,100,123.5,150,,,,,,,,,,,,,,,,,124.0,117,124.3,100,,,,,,,,,,,,,,,,
2026-07-09T08:00:39.715426+00:00,2026-07-09T08:00:39.715401,2,2,123.9,0.2,123.8,71,123.5,150,,,,,,,,,,,,,,,,,124.0,117,124.3,100,,,,,,,,,,,,,,,,
2026-07-09T08:00:39.758601+00:00,2026-07-09T08:00:39.756720,2,2,123.9,0.2,123.8,21,123.5,150,,,,,,,,,,,,,,,,,124.0,117,124.3,100,,,,,,,,,,,,,,,,
2026-07-09T08:00:40.002432+00:00,2026-07-09T08:00:39.995736,2,2,123.9,0.2,123.8,21,123.5,150,,,,,,,,,,,,,,,,,124.0,106,124.3,100,,,,,,,,,,,,,,,,
2026-07-09T08:00:40.230900+00:00,2026-07-09T08:00:40.230799,2,2,123.9,0.2,123.8,21,123.5,150,,,,,,,,,,,,,,,,,124.0,76,124.3,100,,,,,,,,,,,,,,,,
2026-07-09T08:00:40.747186+00:00,2026-07-09T08:00:40.747311,2,2,123.9,0.2,123.8,4,123.5,150,,,,,,,,,,,,,,,,,124.0,76,124.3,100,,,,,,,,,,,,,,,,
2026-07-09T08:00:40.914906+00:00,2026-07-09T08:00:40.914999,2,2,123.9,0.2,123.8,4,123.5,150,,,,,,,,,,,,,,,,,124.0,33,124.3,100,,,,,,,,,,,,,,,,
2026-07-09T08:00:41.269116+00:00,2026-07-09T08:00:41.268958,2,2,123.9,0.2,123.8,3,123.5,150,,,,,,,,,,,,,,,,,124.0,33,124.3,100,,,,,,,,,,,,,,,,
2026-07-09T08:00:41.798941+00:00,2026-07-09T08:00:41.798850,2,2,123.9,0.2,123.8,3,123.5,150,,,,,,,,,,,,,,,,,124.0,3,124.3,100,,,,,,,,,,,,,,,,
2026-07-09T08:00:41.866222+00:00,2026-07-09T08:00:41.866442,1,2,123.75,0.5,123.5,103,,,,,,,,,,,,,,,,,,,124.0,3,124.3,100,,,,,,,,,,,,,,,,
2026-07-09T08:00:41.949615+00:00,2026-07-09T08:00:41.949731,0,1,,,,,,,,,,,,,,,,,,,,,,,124.3,100,,,,,,,,,,,,,,,,,,
2026-07-09T08:00:42.015908+00:00,2026-07-09T08:00:42.016102,1,1,124.15,0.3,124.0,150,,,,,,,,,,,,,,,,,,,124.3,100,,,,,,,,,,,,,,,,,,
2026-07-09T08:00:42.067143+00:00,2026-07-09T08:00:42.067029,1,2,124.15,0.3,124.0,150,,,,,,,,,,,,,,,,,,,124.3,100,124.5,150,,,,,,,,,,,,,,,,
2026-07-09T08:00:42.312676+00:00,2026-07-09T08:00:42.312796,1,2,124.15,0.3,124.0,120,,,,,,,,,,,,,,,,,,,124.3,100,124.5,150,,,,,,,,,,,,,,,,
2026-07-09T08:00:42.509771+00:00,2026-07-09T08:00:42.509721,1,2,124.15,0.3,124.0,74,,,,,,,,,,,,,,,,,,,124.3,100,124.5,150,,,,,,,,,,,,,,,,
2026-07-09T08:00:42.548149+00:00,2026-07-09T08:00:42.548080,1,1,124.25,0.5,124.0,74,,,,,,,,,,,,,,,,,,,124.5,150,,,,,,,,,,,,,,,,,,
2026-07-09T08:00:42.606578+00:00,2026-07-09T08:00:42.606439,2,1,124.25,0.5,124.0,74,123.6,100,,,,,,,,,,,,,,,,,124.5,150,,,,,,,,,,,,,,,,,,
2026-07-09T08:00:42.685574+00:00,2026-07-09T08:00:42.677050,2,2,124.05,0.1,124.0,74,123.6,100,,,,,,,,,,,,,,,,,124.1,88,124.5,150,,,,,,,,,,,,,,,,
2026-07-09T08:00:42.833425+00:00,2026-07-09T08:00:42.833323,2,2,124.05,0.1,124.0,74,123.6,100,,,,,,,,,,,,,,,,,124.1,58,124.5,150,,,,,,,,,,,,,,,,
2026-07-09T08:00:43.090987+00:00,2026-07-09T08:00:43.090882,2,2,124.05,0.1,124.0,74,123.6,100,,,,,,,,,,,,,,,,,124.1,14,124.5,150,,,,,,,,,,,,,,,,
2026-07-09T08:00:43.344516+00:00,2026-07-09T08:00:43.344446,2,2,124.05,0.1,124.0,53,123.6,100,,,,,,,,,,,,,,,,,124.1,14,124.5,150,,,,,,,,,,,,,,,,
2026-07-09T08:00:43.769252+00:00,2026-07-09T08:00:43.769097,2,1,124.25,0.5,124.0,53,123.6,100,,,,,,,,,,,,,,,,,124.5,118,,,,,,,,,,,,,,,,,,
2026-07-09T08:00:43.870258+00:00,2026-07-09T08:00:43.870141,2,1,124.25,0.5,124.0,52,123.6,100,,,,,,,,,,,,,,,,,124.5,118,,,,,,,,,,,,,,,,,,
2026-07-09T08:00:43.976809+00:00,2026-07-09T08:00:43.976662,2,1,124.25,0.5,124.0,2,123.6,100,,,,,,,,,,,,,,,,,124.5,118,,,,,,,,,,,,,,,,,,
2026-07-09T08:00:44.221034+00:00,2026-07-09T08:00:44.221170,1,1,124.05,0.9,123.6,54,,,,,,,,,,,,,,,,,,,124.5,118,,,,,,,,,,,,,,,,,,
2026-07-09T08:00:45.144358+00:00,2026-07-09T08:00:45.144243,1,0,,,123.6,54,,,,,,,,,,,,,,,,,,,,,,,,,,,,,,,,,,,,,,
2026-07-09T08:00:45.195524+00:00,2026-07-09T08:00:45.195479,1,0,,,123.6,204,,,,,,,,,,,,,,,,,,,,,,,,,,,,,,,,,,,,,,
2026-07-09T08:00:45.246473+00:00,2026-07-09T08:00:45.246615,1,1,123.85,0.5,123.6,204,,,,,,,,,,,,,,,,,,,124.1,150,,,,,,,,,,,,,,,,,,
2026-07-09T08:00:45.382962+00:00,2026-07-09T08:00:45.382887,1,1,123.85,0.5,123.6,204,,,,,,,,,,,,,,,,,,,124.1,121,,,,,,,,,,,,,,,,,,
2026-07-09T08:00:45.721292+00:00,2026-07-09T08:00:45.721193,1,1,123.85,0.5,123.6,150,,,,,,,,,,,,,,,,,,,124.1,121,,,,,,,,,,,,,,,,,,
2026-07-09T08:00:45.774153+00:00,2026-07-09T08:00:45.774067,2,1,124.0,0.2,123.9,100,123.6,150,,,,,,,,,,,,,,,,,124.1,121,,,,,,,,,,,,,,,,,,
2026-07-09T08:00:45.827628+00:00,2026-07-09T08:00:45.827509,2,2,124.0,0.2,123.9,100,123.6,150,,,,,,,,,,,,,,,,,124.1,121,124.4,100,,,,,,,,,,,,,,,,
2026-07-09T08:00:45.899997+00:00,2026-07-09T08:00:45.899915,2,2,124.0,0.2,123.9,70,123.6,150,,,,,,,,,,,,,,,,,124.1,121,124.4,100,,,,,,,,,,,,,,,,
2026-07-09T08:00:46.090468+00:00,2026-07-09T08:00:46.090395,2,2,124.0,0.2,123.9,20,123.6,150,,,,,,,,,,,,,,,,,124.1,121,124.4,100,,,,,,,,,,,,,,,,
2026-07-09T08:00:46.417563+00:00,2026-07-09T08:00:46.417500,2,2,124.0,0.2,123.9,15,123.6,150,,,,,,,,,,,,,,,,,124.1,121,124.4,100,,,,,,,,,,,,,,,,
2026-07-09T08:00:46.933636+00:00,2026-07-09T08:00:46.933754,2,2,124.0,0.2,123.9,15,123.6,150,,,,,,,,,,,,,,,,,124.1,91,124.4,100,,,,,,,,,,,,,,,,
2026-07-09T08:00:47.495510+00:00,2026-07-09T08:00:47.495385,1,2,123.85,0.5,123.6,150,,,,,,,,,,,,,,,,,,,124.1,91,124.4,100,,,,,,,,,,,,,,,,
2026-07-09T08:00:48.011971+00:00,2026-07-09T08:00:48.011888,1,2,123.85,0.5,123.6,150,,,,,,,,,,,,,,,,,,,124.1,71,124.4,100,,,,,,,,,,,,,,,,
2026-07-09T08:00:48.144286+00:00,2026-07-09T08:00:48.144244,1,2,123.85,0.5,123.6,150,,,,,,,,,,,,,,,,,,,124.1,21,124.4,100,,,,,,,,,,,,,,,,
2026-07-09T08:00:48.305974+00:00,2026-07-09T08:00:48.306105,0,1,,,,,,,,,,,,,,,,,,,,,,,124.4,100,,,,,,,,,,,,,,,,,,
2026-07-09T08:00:48.358548+00:00,2026-07-09T08:00:48.353363,1,1,124.3,0.2,124.2,150,,,,,,,,,,,,,,,,,,,124.4,100,,,,,,,,,,,,,,,,,,
2026-07-09T08:00:48.412254+00:00,2026-07-09T08:00:48.412160,1,2,124.3,0.2,124.2,150,,,,,,,,,,,,,,,,,,,124.4,100,124.7,150,,,,,,,,,,,,,,,,
2026-07-09T08:00:48.528490+00:00,2026-07-09T08:00:48.528398,1,2,124.3,0.2,124.2,120,,,,,,,,,,,,,,,,,,,124.4,100,124.7,150,,,,,,,,,,,,,,,,
2026-07-09T08:00:48.880936+00:00,2026-07-09T08:00:48.880782,1,1,124.45,0.5,124.2,120,,,,,,,,,,,,,,,,,,,124.7,150,,,,,,,,,,,,,,,,,,
2026-07-09T08:00:48.935136+00:00,2026-07-09T08:00:48.935089,2,1,124.45,0.5,124.2,120,123.8,100,,,,,,,,,,,,,,,,,124.7,150,,,,,,,,,,,,,,,,,,
2026-07-09T08:00:48.988196+00:00,2026-07-09T08:00:48.988091,2,2,124.25,0.1,124.2,120,123.8,100,,,,,,,,,,,,,,,,,124.3,100,124.7,150,,,,,,,,,,,,,,,,
2026-07-09T08:00:49.043975+00:00,2026-07-09T08:00:49.043897,2,2,124.25,0.1,124.2,101,123.8,100,,,,,,,,,,,,,,,,,124.3,100,124.7,150,,,,,,,,,,,,,,,,
2026-07-09T08:00:49.562394+00:00,2026-07-09T08:00:49.562303,2,2,124.25,0.1,124.2,101,123.8,100,,,,,,,,,,,,,,,,,124.3,70,124.7,150,,,,,,,,,,,,,,,,
2026-07-09T08:00:50.079860+00:00,2026-07-09T08:00:50.079825,2,2,124.25,0.1,124.2,101,123.8,100,,,,,,,,,,,,,,,,,124.3,51,124.7,150,,,,,,,,,,,,,,,,
2026-07-09T08:00:50.251461+00:00,2026-07-09T08:00:50.251389,2,2,124.25,0.1,124.2,101,123.8,100,,,,,,,,,,,,,,,,,124.3,1,124.7,150,,,,,,,,,,,,,,,,
2026-07-09T08:00:50.533639+00:00,2026-07-09T08:00:50.525524,2,1,124.45,0.5,124.2,101,123.8,100,,,,,,,,,,,,,,,,,124.7,150,,,,,,,,,,,,,,,,,,
2026-07-09T08:00:50.701621+00:00,2026-07-09T08:00:50.701490,2,1,124.45,0.5,124.2,101,123.8,100,,,,,,,,,,,,,,,,,124.7,109,,,,,,,,,,,,,,,,,,
2026-07-09T08:00:50.758639+00:00,2026-07-09T08:00:50.752848,2,1,124.45,0.5,124.2,58,123.8,100,,,,,,,,,,,,,,,,,124.7,109,,,,,,,,,,,,,,,,,,
2026-07-09T08:00:51.458587+00:00,2026-07-09T08:00:51.457958,1,0,,,123.8,100,,,,,,,,,,,,,,,,,,,,,,,,,,,,,,,,,,,,,,
2026-07-09T08:00:51.518291+00:00,2026-07-09T08:00:51.518179,2,0,,,124.4,150,123.8,100,,,,,,,,,,,,,,,,,,,,,,,,,,,,,,,,,,,,
2026-07-09T08:00:51.573786+00:00,2026-07-09T08:00:51.573603,2,1,124.65,0.5,124.4,150,123.8,100,,,,,,,,,,,,,,,,,124.9,150,,,,,,,,,,,,,,,,,,
2026-07-09T08:00:51.634890+00:00,2026-07-09T08:00:51.634808,2,1,124.65,0.5,124.4,139,123.8,100,,,,,,,,,,,,,,,,,124.9,150,,,,,,,,,,,,,,,,,,
2026-07-09T08:00:51.864194+00:00,2026-07-09T08:00:51.856700,2,1,124.65,0.5,124.4,138,123.8,100,,,,,,,,,,,,,,,,,124.9,150,,,,,,,,,,,,,,,,,,
2026-07-09T08:00:52.043067+00:00,2026-07-09T08:00:52.042972,1,1,124.65,0.5,124.4,138,,,,,,,,,,,,,,,,,,,124.9,150,,,,,,,,,,,,,,,,,,
2026-07-09T08:00:52.100725+00:00,2026-07-09T08:00:52.100642,2,1,124.65,0.5,124.4,138,124.1,100,,,,,,,,,,,,,,,,,124.9,150,,,,,,,,,,,,,,,,,,
2026-07-09T08:00:52.152777+00:00,2026-07-09T08:00:52.152930,2,2,124.5,0.2,124.4,108,124.1,100,,,,,,,,,,,,,,,,,124.6,100,124.9,150,,,,,,,,,,,,,,,,
2026-07-09T08:00:52.358599+00:00,2026-07-09T08:00:52.354858,2,2,124.5,0.2,124.4,108,124.1,100,,,,,,,,,,,,,,,,,124.6,50,124.9,150,,,,,,,,,,,,,,,,
2026-07-09T08:00:52.675430+00:00,2026-07-09T08:00:52.670731,2,2,124.5,0.2,124.4,99,124.1,100,,,,,,,,,,,,,,,,,124.6,50,124.9,150,,,,,,,,,,,,,,,,
2026-07-09T08:00:53.201411+00:00,2026-07-09T08:00:53.201291,2,2,124.5,0.2,124.4,97,124.1,100,,,,,,,,,,,,,,,,,124.6,50,124.9,150,,,,,,,,,,,,,,,,
2026-07-09T08:00:53.372894+00:00,2026-07-09T08:00:53.372812,2,2,124.5,0.2,124.4,48,124.1,100,,,,,,,,,,,,,,,,,124.6,50,124.9,150,,,,,,,,,,,,,,,,
2026-07-09T08:00:53.758851+00:00,2026-07-09T08:00:53.758652,2,2,124.5,0.2,124.4,46,124.1,100,,,,,,,,,,,,,,,,,124.6,50,124.9,150,,,,,,,,,,,,,,,,
2026-07-09T08:00:54.269289+00:00,2026-07-09T08:00:54.269170,2,2,124.5,0.2,124.4,44,124.1,100,,,,,,,,,,,,,,,,,124.6,50,124.9,150,,,,,,,,,,,,,,,,
2026-07-09T08:00:54.466765+00:00,2026-07-09T08:00:54.466691,2,1,124.65,0.5,124.4,44,124.1,100,,,,,,,,,,,,,,,,,124.9,150,,,,,,,,,,,,,,,,,,
2026-07-09T08:00:54.498832+00:00,2026-07-09T08:00:54.491855,2,1,124.65,0.5,124.4,32,124.1,100,,,,,,,,,,,,,,,,,124.9,150,,,,,,,,,,,,,,,,,,
2026-07-09T08:00:54.630229+00:00,2026-07-09T08:00:54.630155,1,0,,,124.1,100,,,,,,,,,,,,,,,,,,,,,,,,,,,,,,,,,,,,,,
2026-07-09T08:00:54.684576+00:00,2026-07-09T08:00:54.684466,2,0,,,124.1,100,123.6,150,,,,,,,,,,,,,,,,,,,,,,,,,,,,,,,,,,,,
2026-07-09T08:00:54.807584+00:00,2026-07-09T08:00:54.796095,1,1,123.85,0.5,123.6,150,,,,,,,,,,,,,,,,,,,124.1,38,,,,,,,,,,,,,,,,,,
2026-07-09T08:00:54.823322+00:00,2026-07-09T08:00:54.823157,1,1,123.85,0.5,123.6,150,,,,,,,,,,,,,,,,,,,124.1,8,,,,,,,,,,,,,,,,,,
2026-07-09T08:00:55.258569+00:00,2026-07-09T08:00:55.256985,2,1,124.05,0.1,124.0,100,123.6,150,,,,,,,,,,,,,,,,,124.1,8,,,,,,,,,,,,,,,,,,
2026-07-09T08:00:55.314396+00:00,2026-07-09T08:00:55.314308,2,2,124.05,0.1,124.0,100,123.6,150,,,,,,,,,,,,,,,,,124.1,8,124.5,100,,,,,,,,,,,,,,,,
2026-07-09T08:00:55.374756+00:00,2026-07-09T08:00:55.374630,2,1,124.25,0.5,124.0,100,123.6,150,,,,,,,,,,,,,,,,,124.5,100,,,,,,,,,,,,,,,,,,
2026-07-09T08:00:55.379770+00:00,2026-07-09T08:00:55.379938,2,1,124.25,0.5,124.0,100,123.6,150,,,,,,,,,,,,,,,,,124.5,98,,,,,,,,,,,,,,,,,,
2026-07-09T08:00:55.896804+00:00,2026-07-09T08:00:55.896663,2,1,124.25,0.5,124.0,96,123.6,150,,,,,,,,,,,,,,,,,124.5,98,,,,,,,,,,,,,,,,,,
2026-07-09T08:00:55.902093+00:00,2026-07-09T08:00:55.901954,2,1,124.25,0.5,124.0,96,123.6,150,,,,,,,,,,,,,,,,,124.5,96,,,,,,,,,,,,,,,,,,
2026-07-09T08:00:56.419303+00:00,2026-07-09T08:00:56.419277,2,1,124.25,0.5,124.0,94,123.6,150,,,,,,,,,,,,,,,,,124.5,96,,,,,,,,,,,,,,,,,,
2026-07-09T08:00:56.429893+00:00,2026-07-09T08:00:56.429783,2,1,124.25,0.5,124.0,94,123.6,150,,,,,,,,,,,,,,,,,124.5,94,,,,,,,,,,,,,,,,,,
2026-07-09T08:00:56.577251+00:00,2026-07-09T08:00:56.577190,2,1,124.25,0.5,124.0,94,123.6,150,,,,,,,,,,,,,,,,,124.5,44,,,,,,,,,,,,,,,,,,
2026-07-09T08:00:56.782752+00:00,2026-07-09T08:00:56.782643,2,1,124.25,0.5,124.0,94,123.6,150,,,,,,,,,,,,,,,,,124.5,2,,,,,,,,,,,,,,,,,,
2026-07-09T08:00:56.944997+00:00,2026-07-09T08:00:56.945168,2,1,124.25,0.5,124.0,92,123.6,150,,,,,,,,,,,,,,,,,124.5,2,,,,,,,,,,,,,,,,,,
2026-07-09T08:00:56.950261+00:00,2026-07-09T08:00:56.950418,2,0,,,124.0,92,123.6,150,,,,,,,,,,,,,,,,,,,,,,,,,,,,,,,,,,,,
2026-07-09T08:00:57.829269+00:00,2026-07-09T08:00:57.829145,1,0,,,124.0,92,,,,,,,,,,,,,,,,,,,,,,,,,,,,,,,,,,,,,,
2026-07-09T08:00:57.886511+00:00,2026-07-09T08:00:57.886402,2,0,,,124.3,150,124.0,92,,,,,,,,,,,,,,,,,,,,,,,,,,,,,,,,,,,,
2026-07-09T08:00:57.937341+00:00,2026-07-09T08:00:57.937438,2,1,124.55,0.5,124.3,150,124.0,92,,,,,,,,,,,,,,,,,124.8,150,,,,,,,,,,,,,,,,,,
2026-07-09T08:00:57.974593+00:00,2026-07-09T08:00:57.974535,2,1,124.55,0.5,124.3,120,124.0,92,,,,,,,,,,,,,,,,,124.8,150,,,,,,,,,,,,,,,,,,
2026-07-09T08:00:57.985047+00:00,2026-07-09T08:00:57.984943,2,1,124.55,0.5,124.3,120,124.0,92,,,,,,,,,,,,,,,,,124.8,148,,,,,,,,,,,,,,,,,,
2026-07-09T08:00:58.390886+00:00,2026-07-09T08:00:58.390724,1,1,124.55,0.5,124.3,120,,,,,,,,,,,,,,,,,,,124.8,148,,,,,,,,,,,,,,,,,,
2026-07-09T08:00:58.440715+00:00,2026-07-09T08:00:58.433747,2,1,124.65,0.3,124.5,88,124.3,120,,,,,,,,,,,,,,,,,124.8,148,,,,,,,,,,,,,,,,,,
2026-07-09T08:00:58.491259+00:00,2026-07-09T08:00:58.480021,2,2,124.65,0.3,124.5,88,124.3,120,,,,,,,,,,,,,,,,,124.8,148,125.0,100,,,,,,,,,,,,,,,,
2026-07-09T08:00:58.508165+00:00,2026-07-09T08:00:58.508389,2,2,124.65,0.3,124.5,58,124.3,120,,,,,,,,,,,,,,,,,124.8,148,125.0,100,,,,,,,,,,,,,,,,
2026-07-09T08:00:58.513513+00:00,2026-07-09T08:00:58.513654,2,2,124.65,0.3,124.5,58,124.3,120,,,,,,,,,,,,,,,,,124.8,146,125.0,100,,,,,,,,,,,,,,,,
2026-07-09T08:00:58.689998+00:00,2026-07-09T08:00:58.690169,2,2,124.65,0.3,124.5,58,124.3,120,,,,,,,,,,,,,,,,,124.8,96,125.0,100,,,,,,,,,,,,,,,,
2026-07-09T08:00:59.040523+00:00,2026-07-09T08:00:59.040479,2,2,124.65,0.3,124.5,56,124.3,120,,,,,,,,,,,,,,,,,124.8,96,125.0,100,,,,,,,,,,,,,,,,
2026-07-09T08:00:59.045837+00:00,2026-07-09T08:00:59.045707,2,2,124.65,0.3,124.5,56,124.3,120,,,,,,,,,,,,,,,,,124.8,94,125.0,100,,,,,,,,,,,,,,,,
2026-07-09T08:00:59.585861+00:00,2026-07-09T08:00:59.585749,2,2,124.65,0.3,124.5,54,124.3,120,,,,,,,,,,,,,,,,,124.8,94,125.0,100,,,,,,,,,,,,,,,,
2026-07-09T08:00:59.591102+00:00,2026-07-09T08:00:59.590967,2,2,124.65,0.3,124.5,54,124.3,120,,,,,,,,,,,,,,,,,124.8,93,125.0,100,,,,,,,,,,,,,,,,
2026-07-09T08:01:00.106933+00:00,2026-07-09T08:01:00.106865,2,2,124.65,0.3,124.5,54,124.3,120,,,,,,,,,,,,,,,,,124.8,63,125.0,100,,,,,,,,,,,,,,,,
2026-07-09T08:01:00.427046+00:00,2026-07-09T08:01:00.426942,2,2,124.65,0.3,124.5,6,124.3,120,,,,,,,,,,,,,,,,,124.8,63,125.0,100,,,,,,,,,,,,,,,,
2026-07-09T08:01:00.623150+00:00,2026-07-09T08:01:00.623040,1,2,124.55,0.5,124.3,120,,,,,,,,,,,,,,,,,,,124.8,63,125.0,100,,,,,,,,,,,,,,,,
2026-07-09T08:01:00.822872+00:00,2026-07-09T08:01:00.822773,1,2,124.55,0.5,124.3,120,,,,,,,,,,,,,,,,,,,124.8,13,125.0,100,,,,,,,,,,,,,,,,
2026-07-09T08:01:00.992695+00:00,2026-07-09T08:01:00.992548,0,1,,,,,,,,,,,,,,,,,,,,,,,125.0,100,,,,,,,,,,,,,,,,,,
2026-07-09T08:01:01.055073+00:00,2026-07-09T08:01:01.048038,1,1,124.95,0.1,124.9,136,,,,,,,,,,,,,,,,,,,125.0,100,,,,,,,,,,,,,,,,,,
2026-07-09T08:01:01.102219+00:00,2026-07-09T08:01:01.101998,1,2,124.95,0.1,124.9,136,,,,,,,,,,,,,,,,,,,125.0,100,125.4,150,,,,,,,,,,,,,,,,
2026-07-09T08:01:01.545096+00:00,2026-07-09T08:01:01.544992,1,1,125.15,0.5,124.9,136,,,,,,,,,,,,,,,,,,,125.4,150,,,,,,,,,,,,,,,,,,
2026-07-09T08:01:01.598552+00:00,2026-07-09T08:01:01.598410,2,1,125.15,0.5,124.9,136,124.4,100,,,,,,,,,,,,,,,,,125.4,150,,,,,,,,,,,,,,,,,,
2026-07-09T08:01:01.658617+00:00,2026-07-09T08:01:01.646883,2,1,125.15,0.5,124.9,36,124.4,100,,,,,,,,,,,,,,,,,125.4,150,,,,,,,,,,,,,,,,,,
2026-07-09T08:01:04.158596+00:00,2026-07-09T08:01:04.158154,1,0,,,124.4,100,,,,,,,,,,,,,,,,,,,,,,,,,,,,,,,,,,,,,,
2026-07-09T08:01:04.216144+00:00,2026-07-09T08:01:04.216246,2,0,,,124.5,150,124.4,100,,,,,,,,,,,,,,,,,,,,,,,,,,,,,,,,,,,,
2026-07-09T08:01:04.268288+00:00,2026-07-09T08:01:04.268444,2,1,124.75,0.5,124.5,150,124.4,100,,,,,,,,,,,,,,,,,125.0,150,,,,,,,,,,,,,,,,,,
2026-07-09T08:01:04.709359+00:00,2026-07-09T08:01:04.709235,1,1,124.75,0.5,124.5,150,,,,,,,,,,,,,,,,,,,125.0,150,,,,,,,,,,,,,,,,,,
2026-07-09T08:01:04.758614+00:00,2026-07-09T08:01:04.757585,2,1,124.8,0.4,124.6,100,124.5,150,,,,,,,,,,,,,,,,,125.0,150,,,,,,,,,,,,,,,,,,
2026-07-09T08:01:04.816647+00:00,2026-07-09T08:01:04.816587,2,2,124.8,0.4,124.6,100,124.5,150,,,,,,,,,,,,,,,,,125.0,150,125.1,100,,,,,,,,,,,,,,,,
2026-07-09T08:01:05.058568+00:00,2026-07-09T08:01:05.054519,2,2,124.8,0.4,124.6,100,124.5,150,,,,,,,,,,,,,,,,,125.0,100,125.1,100,,,,,,,,,,,,,,,,
2026-07-09T08:01:05.558546+00:00,2026-07-09T08:01:05.557469,2,2,124.8,0.4,124.6,100,124.5,150,,,,,,,,,,,,,,,,,125.0,56,125.1,100,,,,,,,,,,,,,,,,
2026-07-09T08:01:07.258583+00:00,2026-07-09T08:01:07.255378,2,2,124.8,0.4,124.6,100,124.5,150,,,,,,,,,,,,,,,,,125.0,8,125.1,100,,,,,,,,,,,,,,,,
2026-07-09T08:01:07.312398+00:00,2026-07-09T08:01:07.312373,2,2,124.8,0.4,124.6,54,124.5,150,,,,,,,,,,,,,,,,,125.0,8,125.1,100,,,,,,,,,,,,,,,,
2026-07-09T08:01:07.322944+00:00,2026-07-09T08:01:07.322859,1,1,124.85,0.5,124.6,54,,,,,,,,,,,,,,,,,,,125.1,100,,,,,,,,,,,,,,,,,,
2026-07-09T08:01:07.382704+00:00,2026-07-09T08:01:07.382673,2,0,,,125.2,50,124.6,54,,,,,,,,,,,,,,,,,,,,,,,,,,,,,,,,,,,,
2026-07-09T08:01:07.436771+00:00,2026-07-09T08:01:07.436629,2,1,125.45,0.5,125.2,50,124.6,54,,,,,,,,,,,,,,,,,125.7,150,,,,,,,,,,,,,,,,,,
2026-07-09T08:01:07.871882+00:00,2026-07-09T08:01:07.872044,1,1,125.45,0.5,125.2,50,,,,,,,,,,,,,,,,,,,125.7,150,,,,,,,,,,,,,,,,,,
2026-07-09T08:01:07.927965+00:00,2026-07-09T08:01:07.927859,2,1,125.45,0.5,125.2,50,124.9,100,,,,,,,,,,,,,,,,,125.7,150,,,,,,,,,,,,,,,,,,
2026-07-09T08:01:07.983099+00:00,2026-07-09T08:01:07.982897,2,2,125.3,0.2,125.2,50,124.9,100,,,,,,,,,,,,,,,,,125.4,100,125.7,150,,,,,,,,,,,,,,,,
2026-07-09T08:01:09.341887+00:00,2026-07-09T08:01:09.341804,1,2,125.15,0.5,124.9,100,,,,,,,,,,,,,,,,,,,125.4,100,125.7,150,,,,,,,,,,,,,,,,
2026-07-09T08:01:09.517228+00:00,2026-07-09T08:01:09.517172,1,2,125.15,0.5,124.9,60,,,,,,,,,,,,,,,,,,,125.4,100,125.7,150,,,,,,,,,,,,,,,,
2026-07-09T08:01:10.495561+00:00,2026-07-09T08:01:10.495471,1,1,125.15,0.5,124.9,60,,,,,,,,,,,,,,,,,,,125.4,100,,,,,,,,,,,,,,,,,,
2026-07-09T08:01:10.554998+00:00,2026-07-09T08:01:10.554870,2,1,125.15,0.5,124.9,60,124.7,150,,,,,,,,,,,,,,,,,125.4,100,,,,,,,,,,,,,,,,,,
2026-07-09T08:01:10.606990+00:00,2026-07-09T08:01:10.606833,2,2,125.05,0.3,124.9,60,124.7,150,,,,,,,,,,,,,,,,,125.2,150,125.4,100,,,,,,,,,,,,,,,,
2026-07-09T08:01:11.037407+00:00,2026-07-09T08:01:11.037306,1,1,124.95,0.5,124.7,150,,,,,,,,,,,,,,,,,,,125.2,150,,,,,,,,,,,,,,,,,,
2026-07-09T08:01:11.093661+00:00,2026-07-09T08:01:11.093509,2,1,125.05,0.3,124.9,100,124.7,150,,,,,,,,,,,,,,,,,125.2,150,,,,,,,,,,,,,,,,,,
2026-07-09T08:01:11.150672+00:00,2026-07-09T08:01:11.150647,2,2,125.05,0.3,124.9,100,124.7,150,,,,,,,,,,,,,,,,,125.2,150,125.4,100,,,,,,,,,,,,,,,,
2026-07-09T08:01:13.220929+00:00,2026-07-09T08:01:13.220883,2,2,125.05,0.3,124.9,59,124.7,150,,,,,,,,,,,,,,,,,125.2,150,125.4,100,,,,,,,,,,,,,,,,
2026-07-09T08:01:13.551593+00:00,2026-07-09T08:01:13.551473,2,2,125.05,0.3,124.9,9,124.7,150,,,,,,,,,,,,,,,,,125.2,150,125.4,100,,,,,,,,,,,,,,,,
2026-07-09T08:01:13.664041+00:00,2026-07-09T08:01:13.663940,1,1,125.15,0.5,124.9,9,,,,,,,,,,,,,,,,,,,125.4,100,,,,,,,,,,,,,,,,,,
2026-07-09T08:01:13.714792+00:00,2026-07-09T08:01:13.714674,2,1,125.15,0.5,124.9,9,124.6,150,,,,,,,,,,,,,,,,,125.4,100,,,,,,,,,,,,,,,,,,
2026-07-09T08:01:13.763780+00:00,2026-07-09T08:01:13.763717,2,2,125.0,0.2,124.9,9,124.6,150,,,,,,,,,,,,,,,,,125.1,150,125.4,100,,,,,,,,,,,,,,,,
2026-07-09T08:01:13.859554+00:00,2026-07-09T08:01:13.859422,2,2,125.0,0.2,124.9,9,124.6,150,,,,,,,,,,,,,,,,,125.1,101,125.4,100,,,,,,,,,,,,,,,,
2026-07-09T08:01:14.205372+00:00,2026-07-09T08:01:14.205317,1,1,124.85,0.5,124.6,150,,,,,,,,,,,,,,,,,,,125.1,101,,,,,,,,,,,,,,,,,,
2026-07-09T08:01:14.260658+00:00,2026-07-09T08:01:14.260565,1,1,124.85,0.5,124.6,250,,,,,,,,,,,,,,,,,,,125.1,101,,,,,,,,,,,,,,,,,,
2026-07-09T08:01:14.310216+00:00,2026-07-09T08:01:14.310111,1,1,124.85,0.5,124.6,250,,,,,,,,,,,,,,,,,,,125.1,201,,,,,,,,,,,,,,,,,,
2026-07-09T08:01:15.611221+00:00,2026-07-09T08:01:15.611098,1,1,124.85,0.5,124.6,250,,,,,,,,,,,,,,,,,,,125.1,151,,,,,,,,,,,,,,,,,,
2026-07-09T08:01:16.819836+00:00,2026-07-09T08:01:16.819755,1,1,124.85,0.5,124.6,100,,,,,,,,,,,,,,,,,,,125.1,100,,,,,,,,,,,,,,,,,,
2026-07-09T08:01:16.877132+00:00,2026-07-09T08:01:16.876952,2,1,125.05,0.1,125.0,150,124.6,100,,,,,,,,,,,,,,,,,125.1,100,,,,,,,,,,,,,,,,,,
2026-07-09T08:01:16.930379+00:00,2026-07-09T08:01:16.925560,2,2,125.05,0.1,125.0,150,124.6,100,,,,,,,,,,,,,,,,,125.1,100,125.5,150,,,,,,,,,,,,,,,,
2026-07-09T08:01:17.369569+00:00,2026-07-09T08:01:17.369447,1,1,125.25,0.5,125.0,150,,,,,,,,,,,,,,,,,,,125.5,150,,,,,,,,,,,,,,,,,,
2026-07-09T08:01:17.423551+00:00,2026-07-09T08:01:17.423491,2,1,125.25,0.5,125.0,150,124.5,100,,,,,,,,,,,,,,,,,125.5,150,,,,,,,,,,,,,,,,,,
2026-07-09T08:01:17.478732+00:00,2026-07-09T08:01:17.478586,2,1,125.25,0.5,125.0,50,124.5,100,,,,,,,,,,,,,,,,,125.5,150,,,,,,,,,,,,,,,,,,
2026-07-09T08:01:18.269538+00:00,2026-07-09T08:01:18.269463,2,1,125.25,0.5,125.0,5,124.5,100,,,,,,,,,,,,,,,,,125.5,150,,,,,,,,,,,,,,,,,,
2026-07-09T08:01:19.838394+00:00,2026-07-09T08:01:19.838366,2,1,125.25,0.5,125.0,5,124.5,100,,,,,,,,,,,,,,,,,125.5,100,,,,,,,,,,,,,,,,,,
2026-07-09T08:01:19.987125+00:00,2026-07-09T08:01:19.987033,1,0,,,124.5,100,,,,,,,,,,,,,,,,,,,,,,,,,,,,,,,,,,,,,,
2026-07-09T08:01:20.041875+00:00,2026-07-09T08:01:20.041971,1,0,,,124.5,250,,,,,,,,,,,,,,,,,,,,,,,,,,,,,,,,,,,,,,
2026-07-09T08:01:20.094887+00:00,2026-07-09T08:01:20.094995,1,1,124.75,0.5,124.5,250,,,,,,,,,,,,,,,,,,,125.0,150,,,,,,,,,,,,,,,,,,
2026-07-09T08:01:20.532021+00:00,2026-07-09T08:01:20.532116,1,1,124.75,0.5,124.5,150,,,,,,,,,,,,,,,,,,,125.0,150,,,,,,,,,,,,,,,,,,
2026-07-09T08:01:20.587909+00:00,2026-07-09T08:01:20.587797,2,1,124.85,0.3,124.7,100,124.5,150,,,,,,,,,,,,,,,,,125.0,150,,,,,,,,,,,,,,,,,,
2026-07-09T08:01:20.639957+00:00,2026-07-09T08:01:20.639860,2,2,124.85,0.3,124.7,100,124.5,150,,,,,,,,,,,,,,,,,125.0,150,125.2,100,,,,,,,,,,,,,,,,
2026-07-09T08:01:22.014808+00:00,2026-07-09T08:01:22.014929,2,2,124.85,0.3,124.7,50,124.5,150,,,,,,,,,,,,,,,,,125.0,150,125.2,100,,,,,,,,,,,,,,,,
2026-07-09T08:01:23.148870+00:00,2026-07-09T08:01:23.148747,1,1,124.95,0.5,124.7,50,,,,,,,,,,,,,,,,,,,125.2,100,,,,,,,,,,,,,,,,,,
2026-07-09T08:01:23.223963+00:00,2026-07-09T08:01:23.223850,2,1,124.95,0.5,124.7,50,124.4,150,,,,,,,,,,,,,,,,,125.2,100,,,,,,,,,,,,,,,,,,
2026-07-09T08:01:23.269208+00:00,2026-07-09T08:01:23.269140,2,2,124.8,0.2,124.7,50,124.4,150,,,,,,,,,,,,,,,,,124.9,150,125.2,100,,,,,,,,,,,,,,,,
2026-07-09T08:01:23.621258+00:00,2026-07-09T08:01:23.621225,2,2,124.8,0.2,124.7,50,124.4,150,,,,,,,,,,,,,,,,,124.9,101,125.2,100,,,,,,,,,,,,,,,,
2026-07-09T08:01:23.693209+00:00,2026-07-09T08:01:23.693386,1,1,124.65,0.5,124.4,150,,,,,,,,,,,,,,,,,,,124.9,101,,,,,,,,,,,,,,,,,,
2026-07-09T08:01:23.758569+00:00,2026-07-09T08:01:23.756708,2,1,124.7,0.4,124.5,100,124.4,150,,,,,,,,,,,,,,,,,124.9,101,,,,,,,,,,,,,,,,,,
2026-07-09T08:01:23.810835+00:00,2026-07-09T08:01:23.810774,2,2,124.7,0.4,124.5,100,124.4,150,,,,,,,,,,,,,,,,,124.9,101,125.0,100,,,,,,,,,,,,,,,,
2026-07-09T08:01:24.116664+00:00,2026-07-09T08:01:24.116544,2,2,124.7,0.4,124.5,50,124.4,150,,,,,,,,,,,,,,,,,124.9,101,125.0,100,,,,,,,,,,,,,,,,
2026-07-09T08:01:24.326088+00:00,2026-07-09T08:01:24.326224,2,2,124.7,0.4,124.5,50,124.4,150,,,,,,,,,,,,,,,,,124.9,53,125.0,100,,,,,,,,,,,,,,,,
2026-07-09T08:01:25.295662+00:00,2026-07-09T08:01:25.295800,2,2,124.7,0.4,124.5,5,124.4,150,,,,,,,,,,,,,,,,,124.9,53,125.0,100,,,,,,,,,,,,,,,,
2026-07-09T08:01:26.173533+00:00,2026-07-09T08:01:26.173475,2,2,124.7,0.4,124.5,5,124.4,150,,,,,,,,,,,,,,,,,124.9,3,125.0,100,,,,,,,,,,,,,,,,
2026-07-09T08:01:26.325883+00:00,2026-07-09T08:01:26.325813,2,1,124.75,0.5,124.5,5,124.4,150,,,,,,,,,,,,,,,,,125.0,100,,,,,,,,,,,,,,,,,,
2026-07-09T08:01:26.331096+00:00,2026-07-09T08:01:26.330976,1,1,124.75,0.5,124.5,5,,,,,,,,,,,,,,,,,,,125.0,100,,,,,,,,,,,,,,,,,,
2026-07-09T08:01:26.396723+00:00,2026-07-09T08:01:26.396551,2,0,,,125.2,50,124.5,5,,,,,,,,,,,,,,,,,,,,,,,,,,,,,,,,,,,,
2026-07-09T08:01:26.458707+00:00,2026-07-09T08:01:26.453848,2,1,125.45,0.5,125.2,50,124.5,5,,,,,,,,,,,,,,,,,125.7,150,,,,,,,,,,,,,,,,,,
2026-07-09T08:01:26.864731+00:00,2026-07-09T08:01:26.864632,1,1,125.45,0.5,125.2,50,,,,,,,,,,,,,,,,,,,125.7,150,,,,,,,,,,,,,,,,,,
2026-07-09T08:01:26.918534+00:00,2026-07-09T08:01:26.918425,2,1,125.45,0.5,125.2,50,124.7,100,,,,,,,,,,,,,,,,,125.7,150,,,,,,,,,,,,,,,,,,
2026-07-09T08:01:26.975423+00:00,2026-07-09T08:01:26.975303,1,2,124.95,0.5,124.7,100,,,,,,,,,,,,,,,,,,,125.2,50,125.7,150,,,,,,,,,,,,,,,,
2026-07-09T08:01:26.992592+00:00,2026-07-09T08:01:26.992404,1,2,124.95,0.5,124.7,100,,,,,,,,,,,,,,,,,,,125.2,6,125.7,150,,,,,,,,,,,,,,,,
2026-07-09T08:01:28.322041+00:00,2026-07-09T08:01:28.321925,1,1,125.2,1.0,124.7,100,,,,,,,,,,,,,,,,,,,125.7,106,,,,,,,,,,,,,,,,,,
2026-07-09T08:01:29.510884+00:00,2026-07-09T08:01:29.510823,1,0,,,124.7,100,,,,,,,,,,,,,,,,,,,,,,,,,,,,,,,,,,,,,,
2026-07-09T08:01:29.564938+00:00,2026-07-09T08:01:29.564840,2,0,,,124.8,150,124.7,100,,,,,,,,,,,,,,,,,,,,,,,,,,,,,,,,,,,,
2026-07-09T08:01:29.617777+00:00,2026-07-09T08:01:29.617741,2,1,125.05,0.5,124.8,150,124.7,100,,,,,,,,,,,,,,,,,125.3,150,,,,,,,,,,,,,,,,,,
2026-07-09T08:01:30.027163+00:00,2026-07-09T08:01:30.027253,1,1,125.05,0.5,124.8,150,,,,,,,,,,,,,,,,,,,125.3,150,,,,,,,,,,,,,,,,,,
2026-07-09T08:01:30.082161+00:00,2026-07-09T08:01:30.082116,2,1,125.15,0.3,125.0,100,124.8,150,,,,,,,,,,,,,,,,,125.3,150,,,,,,,,,,,,,,,,,,
2026-07-09T08:01:30.136276+00:00,2026-07-09T08:01:30.136238,2,2,125.15,0.3,125.0,100,124.8,150,,,,,,,,,,,,,,,,,125.3,150,125.5,100,,,,,,,,,,,,,,,,
2026-07-09T08:01:30.432522+00:00,2026-07-09T08:01:30.432417,2,2,125.15,0.3,125.0,100,124.8,150,,,,,,,,,,,,,,,,,125.3,100,125.5,100,,,,,,,,,,,,,,,,
2026-07-09T08:01:32.245489+00:00,2026-07-09T08:01:32.245419,2,2,125.15,0.3,125.0,53,124.8,150,,,,,,,,,,,,,,,,,125.3,100,125.5,100,,,,,,,,,,,,,,,,
2026-07-09T08:01:32.544273+00:00,2026-07-09T08:01:32.544145,2,2,125.15,0.3,125.0,53,124.8,150,,,,,,,,,,,,,,,,,125.3,50,125.5,100,,,,,,,,,,,,,,,,
2026-07-09T08:01:32.672144+00:00,2026-07-09T08:01:32.672052,1,1,125.25,0.5,125.0,53,,,,,,,,,,,,,,,,,,,125.5,100,,,,,,,,,,,,,,,,,,
2026-07-09T08:01:32.723135+00:00,2026-07-09T08:01:32.722959,2,1,125.35,0.3,125.2,150,125.0,53,,,,,,,,,,,,,,,,,125.5,100,,,,,,,,,,,,,,,,,,
2026-07-09T08:01:32.779918+00:00,2026-07-09T08:01:32.780068,2,2,125.35,0.3,125.2,150,125.0,53,,,,,,,,,,,,,,,,,125.5,100,125.7,150,,,,,,,,,,,,,,,,
2026-07-09T08:01:32.815746+00:00,2026-07-09T08:01:32.815889,2,2,125.35,0.3,125.2,110,125.0,53,,,,,,,,,,,,,,,,,125.5,100,125.7,150,,,,,,,,,,,,,,,,
2026-07-09T08:01:33.186113+00:00,2026-07-09T08:01:33.186030,2,1,125.45,0.5,125.2,110,125.0,53,,,,,,,,,,,,,,,,,125.7,150,,,,,,,,,,,,,,,,,,
2026-07-09T08:01:33.191339+00:00,2026-07-09T08:01:33.191193,1,1,125.45,0.5,125.2,110,,,,,,,,,,,,,,,,,,,125.7,150,,,,,,,,,,,,,,,,,,
2026-07-09T08:01:33.245474+00:00,2026-07-09T08:01:33.245578,2,1,125.45,0.5,125.2,110,124.9,100,,,,,,,,,,,,,,,,,125.7,150,,,,,,,,,,,,,,,,,,
2026-07-09T08:01:33.281668+00:00,2026-07-09T08:01:33.281834,2,1,125.45,0.5,125.2,110,124.9,100,,,,,,,,,,,,,,,,,125.7,110,,,,,,,,,,,,,,,,,,
2026-07-09T08:01:33.297348+00:00,2026-07-09T08:01:33.297437,2,2,125.3,0.2,125.2,110,124.9,100,,,,,,,,,,,,,,,,,125.4,100,125.7,110,,,,,,,,,,,,,,,,
2026-07-09T08:01:33.602130+00:00,2026-07-09T08:01:33.594407,2,2,125.3,0.2,125.2,87,124.9,100,,,,,,,,,,,,,,,,,125.4,100,125.7,110,,,,,,,,,,,,,,,,
2026-07-09T08:01:33.658649+00:00,2026-07-09T08:01:33.655411,2,2,125.3,0.2,125.2,67,124.9,100,,,,,,,,,,,,,,,,,125.4,100,125.7,110,,,,,,,,,,,,,,,,
2026-07-09T08:01:33.687495+00:00,2026-07-09T08:01:33.687451,2,2,125.3,0.2,125.2,47,124.9,100,,,,,,,,,,,,,,,,,125.4,100,125.7,110,,,,,,,,,,,,,,,,
2026-07-09T08:01:33.713231+00:00,2026-07-09T08:01:33.713108,2,2,125.3,0.2,125.2,27,124.9,100,,,,,,,,,,,,,,,,,125.4,100,125.7,110,,,,,,,,,,,,,,,,
2026-07-09T08:01:33.758742+00:00,2026-07-09T08:01:33.754522,2,2,125.3,0.2,125.2,7,124.9,100,,,,,,,,,,,,,,,,,125.4,100,125.7,110,,,,,,,,,,,,,,,,
2026-07-09T08:01:33.782885+00:00,2026-07-09T08:01:33.782822,1,2,125.15,0.5,124.9,100,,,,,,,,,,,,,,,,,,,125.4,100,125.7,110,,,,,,,,,,,,,,,,
2026-07-09T08:01:35.834528+00:00,2026-07-09T08:01:35.834424,1,1,125.15,0.5,124.9,100,,,,,,,,,,,,,,,,,,,125.4,100,,,,,,,,,,,,,,,,,,
2026-07-09T08:01:35.887854+00:00,2026-07-09T08:01:35.887762,2,1,125.15,0.5,124.9,100,124.6,150,,,,,,,,,,,,,,,,,125.4,100,,,,,,,,,,,,,,,,,,
2026-07-09T08:01:35.942964+00:00,2026-07-09T08:01:35.942906,2,2,125.0,0.2,124.9,100,124.6,150,,,,,,,,,,,,,,,,,125.1,150,125.4,100,,,,,,,,,,,,,,,,
2026-07-09T08:01:36.318163+00:00,2026-07-09T08:01:36.318103,2,2,125.0,0.2,124.9,100,124.6,150,,,,,,,,,,,,,,,,,125.1,105,125.4,100,,,,,,,,,,,,,,,,
2026-07-09T08:01:36.352743+00:00,2026-07-09T08:01:36.352671,1,1,124.85,0.5,124.6,150,,,,,,,,,,,,,,,,,,,125.1,105,,,,,,,,,,,,,,,,,,
2026-07-09T08:01:36.409486+00:00,2026-07-09T08:01:36.409378,2,1,124.9,0.4,124.7,100,124.6,150,,,,,,,,,,,,,,,,,125.1,105,,,,,,,,,,,,,,,,,,
2026-07-09T08:01:36.458557+00:00,2026-07-09T08:01:36.457961,2,2,124.9,0.4,124.7,100,124.6,150,,,,,,,,,,,,,,,,,125.1,105,125.2,100,,,,,,,,,,,,,,,,
2026-07-09T08:01:36.686639+00:00,2026-07-09T08:01:36.679206,2,2,124.9,0.4,124.7,100,124.6,150,,,,,,,,,,,,,,,,,125.1,102,125.2,100,,,,,,,,,,,,,,,,
2026-07-09T08:01:37.311789+00:00,2026-07-09T08:01:37.311706,2,2,124.9,0.4,124.7,58,124.6,150,,,,,,,,,,,,,,,,,125.1,102,125.2,100,,,,,,,,,,,,,,,,
2026-07-09T08:01:38.999107+00:00,2026-07-09T08:01:38.999027,1,1,124.95,0.5,124.7,58,,,,,,,,,,,,,,,,,,,125.2,100,,,,,,,,,,,,,,,,,,
2026-07-09T08:01:39.053196+00:00,2026-07-09T08:01:39.053082,2,1,125.05,0.3,124.9,150,124.7,58,,,,,,,,,,,,,,,,,125.2,100,,,,,,,,,,,,,,,,,,
2026-07-09T08:01:39.103245+00:00,2026-07-09T08:01:39.103171,2,2,125.05,0.3,124.9,150,124.7,58,,,,,,,,,,,,,,,,,125.2,100,125.4,150,,,,,,,,,,,,,,,,
2026-07-09T08:01:39.514899+00:00,2026-07-09T08:01:39.514787,1,1,125.15,0.5,124.9,150,,,,,,,,,,,,,,,,,,,125.4,150,,,,,,,,,,,,,,,,,,
2026-07-09T08:01:39.579848+00:00,2026-07-09T08:01:39.579675,2,1,125.15,0.5,124.9,150,124.7,100,,,,,,,,,,,,,,,,,125.4,150,,,,,,,,,,,,,,,,,,
2026-07-09T08:01:39.634942+00:00,2026-07-09T08:01:39.634809,2,2,125.05,0.3,124.9,150,124.7,100,,,,,,,,,,,,,,,,,125.2,100,125.4,150,,,,,,,,,,,,,,,,
2026-07-09T08:01:40.958565+00:00,2026-07-09T08:01:40.957852,2,2,125.05,0.3,124.9,150,124.7,100,,,,,,,,,,,,,,,,,125.2,60,125.4,150,,,,,,,,,,,,,,,,
2026-07-09T08:01:40.992386+00:00,2026-07-09T08:01:40.992282,2,2,125.05,0.3,124.9,150,124.7,100,,,,,,,,,,,,,,,,,125.2,10,125.4,150,,,,,,,,,,,,,,,,
2026-07-09T08:01:41.017493+00:00,2026-07-09T08:01:41.017401,2,2,125.05,0.3,124.9,105,124.7,100,,,,,,,,,,,,,,,,,125.2,10,125.4,150,,,,,,,,,,,,,,,,
2026-07-09T08:01:41.993445+00:00,2026-07-09T08:01:41.993374,2,1,125.15,0.5,124.9,105,124.7,100,,,,,,,,,,,,,,,,,125.4,114,,,,,,,,,,,,,,,,,,
2026-07-09T08:01:42.075040+00:00,2026-07-09T08:01:42.074941,2,1,125.15,0.5,124.9,105,124.7,100,,,,,,,,,,,,,,,,,125.4,94,,,,,,,,,,,,,,,,,,
2026-07-09T08:01:42.163883+00:00,2026-07-09T08:01:42.163762,1,0,,,124.7,100,,,,,,,,,,,,,,,,,,,,,,,,,,,,,,,,,,,,,,
2026-07-09T08:01:42.215009+00:00,2026-07-09T08:01:42.214948,2,0,,,125.2,150,124.7,100,,,,,,,,,,,,,,,,,,,,,,,,,,,,,,,,,,,,
2026-07-09T08:01:42.271391+00:00,2026-07-09T08:01:42.271286,2,1,125.45,0.5,125.2,150,124.7,100,,,,,,,,,,,,,,,,,125.7,150,,,,,,,,,,,,,,,,,,
2026-07-09T08:01:42.689757+00:00,2026-07-09T08:01:42.689656,1,1,125.45,0.5,125.2,150,,,,,,,,,,,,,,,,,,,125.7,150,,,,,,,,,,,,,,,,,,
2026-07-09T08:01:42.743520+00:00,2026-07-09T08:01:42.743406,2,1,125.5,0.4,125.3,100,125.2,150,,,,,,,,,,,,,,,,,125.7,150,,,,,,,,,,,,,,,,,,
2026-07-09T08:01:42.795713+00:00,2026-07-09T08:01:42.795649,2,2,125.5,0.4,125.3,100,125.2,150,,,,,,,,,,,,,,,,,125.7,150,125.8,100,,,,,,,,,,,,,,,,
2026-07-09T08:01:43.150578+00:00,2026-07-09T08:01:43.150703,2,2,125.5,0.4,125.3,50,125.2,150,,,,,,,,,,,,,,,,,125.7,150,125.8,100,,,,,,,,,,,,,,,,
2026-07-09T08:01:45.258681+00:00,2026-07-09T08:01:45.254136,1,2,125.45,0.5,125.2,150,,,,,,,,,,,,,,,,,,,125.7,150,125.8,100,,,,,,,,,,,,,,,,
2026-07-09T08:01:45.326519+00:00,2026-07-09T08:01:45.326496,0,1,,,,,,,,,,,,,,,,,,,,,,,125.8,100,,,,,,,,,,,,,,,,,,
2026-07-09T08:01:45.380631+00:00,2026-07-09T08:01:45.380549,1,1,125.4,0.8,125.0,150,,,,,,,,,,,,,,,,,,,125.8,100,,,,,,,,,,,,,,,,,,
2026-07-09T08:01:45.432094+00:00,2026-07-09T08:01:45.431987,1,2,125.25,0.5,125.0,150,,,,,,,,,,,,,,,,,,,125.5,150,125.8,100,,,,,,,,,,,,,,,,
2026-07-09T08:01:45.853660+00:00,2026-07-09T08:01:45.853596,1,1,125.25,0.5,125.0,150,,,,,,,,,,,,,,,,,,,125.5,150,,,,,,,,,,,,,,,,,,
2026-07-09T08:01:45.905347+00:00,2026-07-09T08:01:45.905252,2,1,125.25,0.5,125.0,150,124.8,100,,,,,,,,,,,,,,,,,125.5,150,,,,,,,,,,,,,,,,,,
2026-07-09T08:01:45.958613+00:00,2026-07-09T08:01:45.954520,2,2,125.15,0.3,125.0,150,124.8,100,,,,,,,,,,,,,,,,,125.3,100,125.5,150,,,,,,,,,,,,,,,,
2026-07-09T08:01:48.489959+00:00,2026-07-09T08:01:48.490150,1,1,125.05,0.5,124.8,100,,,,,,,,,,,,,,,,,,,125.3,100,,,,,,,,,,,,,,,,,,
2026-07-09T08:01:48.546731+00:00,2026-07-09T08:01:48.546667,2,1,125.2,0.2,125.1,150,124.8,100,,,,,,,,,,,,,,,,,125.3,100,,,,,,,,,,,,,,,,,,
2026-07-09T08:01:48.599296+00:00,2026-07-09T08:01:48.599384,2,2,125.2,0.2,125.1,150,124.8,100,,,,,,,,,,,,,,,,,125.3,100,125.6,150,,,,,,,,,,,,,,,,
2026-07-09T08:01:49.014699+00:00,2026-07-09T08:01:49.014651,1,1,125.35,0.5,125.1,150,,,,,,,,,,,,,,,,,,,125.6,150,,,,,,,,,,,,,,,,,,
2026-07-09T08:01:49.070121+00:00,2026-07-09T08:01:49.070047,2,1,125.35,0.5,125.1,150,124.9,100,,,,,,,,,,,,,,,,,125.6,150,,,,,,,,,,,,,,,,,,
2026-07-09T08:01:49.125795+00:00,2026-07-09T08:01:49.125961,2,2,125.25,0.3,125.1,150,124.9,100,,,,,,,,,,,,,,,,,125.4,100,125.6,150,,,,,,,,,,,,,,,,
2026-07-09T08:01:49.421389+00:00,2026-07-09T08:01:49.421246,2,2,125.25,0.3,125.1,150,124.9,100,,,,,,,,,,,,,,,,,125.4,50,125.6,150,,,,,,,,,,,,,,,,
2026-07-09T08:01:51.582524+00:00,2026-07-09T08:01:51.582484,2,2,125.25,0.3,125.1,100,124.9,100,,,,,,,,,,,,,,,,,125.4,50,125.6,150,,,,,,,,,,,,,,,,
2026-07-09T08:01:51.684642+00:00,2026-07-09T08:01:51.684538,1,1,125.15,0.5,124.9,100,,,,,,,,,,,,,,,,,,,125.4,50,,,,,,,,,,,,,,,,,,
2026-07-09T08:01:51.747712+00:00,2026-07-09T08:01:51.747818,2,1,125.15,0.5,124.9,100,124.7,150,,,,,,,,,,,,,,,,,125.4,50,,,,,,,,,,,,,,,,,,
2026-07-09T08:01:51.801839+00:00,2026-07-09T08:01:51.801710,2,2,125.05,0.3,124.9,100,124.7,150,,,,,,,,,,,,,,,,,125.2,150,125.4,50,,,,,,,,,,,,,,,,
2026-07-09T08:01:52.185855+00:00,2026-07-09T08:01:52.185834,1,1,124.95,0.5,124.7,150,,,,,,,,,,,,,,,,,,,125.2,150,,,,,,,,,,,,,,,,,,
2026-07-09T08:01:52.240082+00:00,2026-07-09T08:01:52.239978,2,1,125.0,0.4,124.8,100,124.7,150,,,,,,,,,,,,,,,,,125.2,150,,,,,,,,,,,,,,,,,,
2026-07-09T08:01:52.295334+00:00,2026-07-09T08:01:52.295459,2,2,125.0,0.4,124.8,100,124.7,150,,,,,,,,,,,,,,,,,125.2,150,125.3,100,,,,,,,,,,,,,,,,
2026-07-09T08:01:53.691826+00:00,2026-07-09T08:01:53.691687,2,2,125.0,0.4,124.8,50,124.7,150,,,,,,,,,,,,,,,,,125.2,150,125.3,100,,,,,,,,,,,,,,,,
2026-07-09T08:01:54.858632+00:00,2026-07-09T08:01:54.856724,1,1,125.05,0.5,124.8,50,,,,,,,,,,,,,,,,,,,125.3,100,,,,,,,,,,,,,,,,,,
2026-07-09T08:01:54.912575+00:00,2026-07-09T08:01:54.912426,1,1,125.05,0.5,124.8,200,,,,,,,,,,,,,,,,,,,125.3,100,,,,,,,,,,,,,,,,,,
2026-07-09T08:01:54.965616+00:00,2026-07-09T08:01:54.965709,1,1,125.05,0.5,124.8,200,,,,,,,,,,,,,,,,,,,125.3,250,,,,,,,,,,,,,,,,,,
2026-07-09T08:01:55.344931+00:00,2026-07-09T08:01:55.344859,1,1,125.05,0.5,124.8,200,,,,,,,,,,,,,,,,,,,125.3,150,,,,,,,,,,,,,,,,,,
2026-07-09T08:01:55.358603+00:00,2026-07-09T08:01:55.350022,1,1,125.05,0.5,124.8,150,,,,,,,,,,,,,,,,,,,125.3,150,,,,,,,,,,,,,,,,,,
2026-07-09T08:01:55.403577+00:00,2026-07-09T08:01:55.403468,2,1,125.05,0.5,124.8,150,124.7,100,,,,,,,,,,,,,,,,,125.3,150,,,,,,,,,,,,,,,,,,
2026-07-09T08:01:55.459364+00:00,2026-07-09T08:01:55.459282,2,2,125.0,0.4,124.8,150,124.7,100,,,,,,,,,,,,,,,,,125.2,100,125.3,150,,,,,,,,,,,,,,,,
2026-07-09T08:01:55.798119+00:00,2026-07-09T08:01:55.797997,2,2,125.0,0.4,124.8,100,124.7,100,,,,,,,,,,,,,,,,,125.2,100,125.3,150,,,,,,,,,,,,,,,,
2026-07-09T08:01:57.908249+00:00,2026-07-09T08:01:57.908194,2,2,125.0,0.4,124.8,50,124.7,100,,,,,,,,,,,,,,,,,125.2,100,125.3,150,,,,,,,,,,,,,,,,
2026-07-09T08:01:58.019457+00:00,2026-07-09T08:01:58.019348,1,1,124.95,0.5,124.7,100,,,,,,,,,,,,,,,,,,,125.2,100,,,,,,,,,,,,,,,,,,
2026-07-09T08:01:58.074735+00:00,2026-07-09T08:01:58.074521,2,1,124.95,0.5,124.7,100,124.4,150,,,,,,,,,,,,,,,,,125.2,100,,,,,,,,,,,,,,,,,,
2026-07-09T08:01:58.125446+00:00,2026-07-09T08:01:58.125367,2,2,124.8,0.2,124.7,100,124.4,150,,,,,,,,,,,,,,,,,124.9,150,125.2,100,,,,,,,,,,,,,,,,
2026-07-09T08:01:58.193741+00:00,2026-07-09T08:01:58.193628,2,2,124.8,0.2,124.7,100,124.4,150,,,,,,,,,,,,,,,,,124.9,130,125.2,100,,,,,,,,,,,,,,,,
2026-07-09T08:01:58.227646+00:00,2026-07-09T08:01:58.227566,2,2,124.8,0.2,124.7,100,124.4,150,,,,,,,,,,,,,,,,,124.9,110,125.2,100,,,,,,,,,,,,,,,,
2026-07-09T08:01:58.258659+00:00,2026-07-09T08:01:58.253677,2,2,124.8,0.2,124.7,100,124.4,150,,,,,,,,,,,,,,,,,124.9,90,125.2,100,,,,,,,,,,,,,,,,
2026-07-09T08:01:58.288706+00:00,2026-07-09T08:01:58.288634,2,2,124.8,0.2,124.7,100,124.4,150,,,,,,,,,,,,,,,,,124.9,70,125.2,100,,,,,,,,,,,,,,,,
2026-07-09T08:01:58.358640+00:00,2026-07-09T08:01:58.354337,2,2,124.8,0.2,124.7,100,124.4,150,,,,,,,,,,,,,,,,,124.9,63,125.2,100,,,,,,,,,,,,,,,,
2026-07-09T08:01:58.511681+00:00,2026-07-09T08:01:58.508822,1,1,124.65,0.5,124.4,150,,,,,,,,,,,,,,,,,,,124.9,63,,,,,,,,,,,,,,,,,,
2026-07-09T08:01:58.571324+00:00,2026-07-09T08:01:58.571113,2,1,124.8,0.2,124.7,100,124.4,150,,,,,,,,,,,,,,,,,124.9,63,,,,,,,,,,,,,,,,,,
2026-07-09T08:01:58.626023+00:00,2026-07-09T08:01:58.625834,2,2,124.8,0.2,124.7,100,124.4,150,,,,,,,,,,,,,,,,,124.9,63,125.2,100,,,,,,,,,,,,,,,,
2026-07-09T08:01:59.086609+00:00,2026-07-09T08:01:59.079520,2,2,124.8,0.2,124.7,100,124.4,150,,,,,,,,,,,,,,,,,124.9,60,125.2,100,,,,,,,,,,,,,,,,
2026-07-09T08:01:59.293223+00:00,2026-07-09T08:01:59.293076,2,2,124.8,0.2,124.7,100,124.4,150,,,,,,,,,,,,,,,,,124.9,11,125.2,100,,,,,,,,,,,,,,,,
2026-07-09T08:02:00.017128+00:00,2026-07-09T08:02:00.017005,2,2,124.8,0.2,124.7,50,124.4,150,,,,,,,,,,,,,,,,,124.9,11,125.2,100,,,,,,,,,,,,,,,,
2026-07-09T08:02:00.458556+00:00,2026-07-09T08:02:00.453751,2,2,124.8,0.2,124.7,3,124.4,150,,,,,,,,,,,,,,,,,124.9,11,125.2,100,,,,,,,,,,,,,,,,
2026-07-09T08:02:00.988537+00:00,2026-07-09T08:02:00.988386,2,1,124.95,0.5,124.7,3,124.4,150,,,,,,,,,,,,,,,,,125.2,100,,,,,,,,,,,,,,,,,,
2026-07-09T08:02:01.182802+00:00,2026-07-09T08:02:01.182753,1,1,124.95,0.5,124.7,3,,,,,,,,,,,,,,,,,,,125.2,100,,,,,,,,,,,,,,,,,,
2026-07-09T08:02:01.248712+00:00,2026-07-09T08:02:01.241520,2,1,125.15,0.1,125.1,147,124.7,3,,,,,,,,,,,,,,,,,125.2,100,,,,,,,,,,,,,,,,,,
2026-07-09T08:02:01.289602+00:00,2026-07-09T08:02:01.289508,2,2,125.15,0.1,125.1,147,124.7,3,,,,,,,,,,,,,,,,,125.2,100,125.6,150,,,,,,,,,,,,,,,,
2026-07-09T08:02:01.679147+00:00,2026-07-09T08:02:01.679252,1,1,125.35,0.5,125.1,147,,,,,,,,,,,,,,,,,,,125.6,150,,,,,,,,,,,,,,,,,,
2026-07-09T08:02:01.731804+00:00,2026-07-09T08:02:01.731737,2,1,125.35,0.5,125.1,147,124.5,100,,,,,,,,,,,,,,,,,125.6,150,,,,,,,,,,,,,,,,,,
2026-07-09T08:02:01.785982+00:00,2026-07-09T08:02:01.786132,2,1,125.35,0.5,125.1,47,124.5,100,,,,,,,,,,,,,,,,,125.6,150,,,,,,,,,,,,,,,,,,
2026-07-09T08:02:02.041034+00:00,2026-07-09T08:02:02.040889,1,1,125.05,1.1,124.5,100,,,,,,,,,,,,,,,,,,,125.6,150,,,,,,,,,,,,,,,,,,
2026-07-09T08:02:02.127557+00:00,2026-07-09T08:02:02.127407,1,1,125.05,1.1,124.5,50,,,,,,,,,,,,,,,,,,,125.6,150,,,,,,,,,,,,,,,,,,
2026-07-09T08:02:04.237110+00:00,2026-07-09T08:02:04.236988,0,1,,,,,,,,,,,,,,,,,,,,,,,125.6,150,,,,,,,,,,,,,,,,,,
2026-07-09T08:02:04.343252+00:00,2026-07-09T08:02:04.343148,0,0,,,,,,,,,,,,,,,,,,,,,,,,,,,,,,,,,,,,,,,,,,
2026-07-09T08:02:04.395067+00:00,2026-07-09T08:02:04.395007,1,0,,,124.6,150,,,,,,,,,,,,,,,,,,,,,,,,,,,,,,,,,,,,,,
2026-07-09T08:02:04.450587+00:00,2026-07-09T08:02:04.450399,1,1,124.85,0.5,124.6,150,,,,,,,,,,,,,,,,,,,125.1,150,,,,,,,,,,,,,,,,,,
2026-07-09T08:02:04.896250+00:00,2026-07-09T08:02:04.896393,2,1,124.9,0.4,124.7,100,124.6,150,,,,,,,,,,,,,,,,,125.1,150,,,,,,,,,,,,,,,,,,
2026-07-09T08:02:04.953983+00:00,2026-07-09T08:02:04.953889,2,2,124.9,0.4,124.7,100,124.6,150,,,,,,,,,,,,,,,,,125.1,150,125.2,100,,,,,,,,,,,,,,,,
2026-07-09T08:02:05.671021+00:00,2026-07-09T08:02:05.663506,2,2,124.9,0.4,124.7,100,124.6,150,,,,,,,,,,,,,,,,,125.1,136,125.2,100,,,,,,,,,,,,,,,,
2026-07-09T08:02:06.293355+00:00,2026-07-09T08:02:06.293195,2,2,124.9,0.4,124.7,100,124.6,150,,,,,,,,,,,,,,,,,125.1,86,125.2,100,,,,,,,,,,,,,,,,
2026-07-09T08:02:07.114875+00:00,2026-07-09T08:02:07.114757,2,2,124.9,0.4,124.7,100,124.6,150,,,,,,,,,,,,,,,,,125.1,38,125.2,100,,,,,,,,,,,,,,,,
2026-07-09T08:02:07.504919+00:00,2026-07-09T08:02:07.504806,1,1,124.95,0.5,124.7,100,,,,,,,,,,,,,,,,,,,125.2,100,,,,,,,,,,,,,,,,,,
2026-07-09T08:02:07.558582+00:00,2026-07-09T08:02:07.553107,2,0,,,125.2,50,124.7,100,,,,,,,,,,,,,,,,,,,,,,,,,,,,,,,,,,,,
2026-07-09T08:02:07.615538+00:00,2026-07-09T08:02:07.615451,2,1,125.45,0.5,125.2,50,124.7,100,,,,,,,,,,,,,,,,,125.7,150,,,,,,,,,,,,,,,,,,
2026-07-09T08:02:08.038237+00:00,2026-07-09T08:02:08.038141,1,1,125.45,0.5,125.2,50,,,,,,,,,,,,,,,,,,,125.7,150,,,,,,,,,,,,,,,,,,
2026-07-09T08:02:08.092826+00:00,2026-07-09T08:02:08.093002,1,1,125.45,0.5,125.2,150,,,,,,,,,,,,,,,,,,,125.7,150,,,,,,,,,,,,,,,,,,
2026-07-09T08:02:08.146559+00:00,2026-07-09T08:02:08.146679,1,1,125.45,0.5,125.2,150,,,,,,,,,,,,,,,,,,,125.7,250,,,,,,,,,,,,,,,,,,
2026-07-09T08:02:08.406374+00:00,2026-07-09T08:02:08.406263,1,1,125.45,0.5,125.2,150,,,,,,,,,,,,,,,,,,,125.7,200,,,,,,,,,,,,,,,,,,
2026-07-09T08:02:09.139381+00:00,2026-07-09T08:02:09.139249,1,1,125.45,0.5,125.2,103,,,,,,,,,,,,,,,,,,,125.7,200,,,,,,,,,,,,,,,,,,
2026-07-09T08:02:10.564336+00:00,2026-07-09T08:02:10.564309,1,1,125.45,0.5,125.2,53,,,,,,,,,,,,,,,,,,,125.7,200,,,,,,,,,,,,,,,,,,
2026-07-09T08:02:10.670162+00:00,2026-07-09T08:02:10.670055,1,1,125.45,0.5,125.2,53,,,,,,,,,,,,,,,,,,,125.7,100,,,,,,,,,,,,,,,,,,
2026-07-09T08:02:10.721002+00:00,2026-07-09T08:02:10.720871,2,1,125.45,0.5,125.2,53,124.8,150,,,,,,,,,,,,,,,,,125.7,100,,,,,,,,,,,,,,,,,,
2026-07-09T08:02:10.778030+00:00,2026-07-09T08:02:10.777944,2,2,125.25,0.1,125.2,53,124.8,150,,,,,,,,,,,,,,,,,125.3,150,125.7,100,,,,,,,,,,,,,,,,
2026-07-09T08:02:11.152436+00:00,2026-07-09T08:02:11.145665,2,2,125.25,0.1,125.2,42,124.8,150,,,,,,,,,,,,,,,,,125.3,150,125.7,100,,,,,,,,,,,,,,,,
2026-07-09T08:02:11.199575+00:00,2026-07-09T08:02:11.199718,2,1,125.25,0.1,125.2,42,124.8,150,,,,,,,,,,,,,,,,,125.3,150,,,,,,,,,,,,,,,,,,
2026-07-09T08:02:11.205052+00:00,2026-07-09T08:02:11.204888,1,1,125.05,0.5,124.8,150,,,,,,,,,,,,,,,,,,,125.3,150,,,,,,,,,,,,,,,,,,
2026-07-09T08:02:11.253776+00:00,2026-07-09T08:02:11.253708,2,1,125.1,0.4,124.9,100,124.8,150,,,,,,,,,,,,,,,,,125.3,150,,,,,,,,,,,,,,,,,,
2026-07-09T08:02:11.307684+00:00,2026-07-09T08:02:11.307630,2,2,125.1,0.4,124.9,100,124.8,150,,,,,,,,,,,,,,,,,125.3,150,125.4,100,,,,,,,,,,,,,,,,
2026-07-09T08:02:12.623207+00:00,2026-07-09T08:02:12.623102,2,2,125.1,0.4,124.9,100,124.8,150,,,,,,,,,,,,,,,,,125.3,100,125.4,100,,,,,,,,,,,,,,,,
2026-07-09T08:02:13.828973+00:00,2026-07-09T08:02:13.828917,1,1,125.15,0.5,124.9,100,,,,,,,,,,,,,,,,,,,125.4,100,,,,,,,,,,,,,,,,,,
2026-07-09T08:02:13.882751+00:00,2026-07-09T08:02:13.882870,2,1,125.25,0.3,125.1,150,124.9,100,,,,,,,,,,,,,,,,,125.4,100,,,,,,,,,,,,,,,,,,
2026-07-09T08:02:13.938593+00:00,2026-07-09T08:02:13.938463,2,2,125.25,0.3,125.1,150,124.9,100,,,,,,,,,,,,,,,,,125.4,100,125.6,150,,,,,,,,,,,,,,,,
2026-07-09T08:02:14.357248+00:00,2026-07-09T08:02:14.358469,1,1,125.35,0.5,125.1,150,,,,,,,,,,,,,,,,,,,125.6,150,,,,,,,,,,,,,,,,,,
2026-07-09T08:02:14.418117+00:00,2026-07-09T08:02:14.418294,1,1,125.35,0.5,125.1,250,,,,,,,,,,,,,,,,,,,125.6,150,,,,,,,,,,,,,,,,,,
2026-07-09T08:02:14.470841+00:00,2026-07-09T08:02:14.470752,1,1,125.35,0.5,125.1,250,,,,,,,,,,,,,,,,,,,125.6,250,,,,,,,,,,,,,,,,,,
2026-07-09T08:02:15.430269+00:00,2026-07-09T08:02:15.430151,1,1,125.35,0.5,125.1,250,,,,,,,,,,,,,,,,,,,125.6,220,,,,,,,,,,,,,,,,,,
2026-07-09T08:02:15.458587+00:00,2026-07-09T08:02:15.453539,2,2,125.4,0.4,125.2,5,125.1,250,,,,,,,,,,,,,,,,,125.6,220,125.8,5,,,,,,,,,,,,,,,,
2026-07-09T08:02:15.971565+00:00,2026-07-09T08:02:15.971464,1,1,125.35,0.5,125.1,250,,,,,,,,,,,,,,,,,,,125.6,220,,,,,,,,,,,,,,,,,,
2026-07-09T08:02:15.981997+00:00,2026-07-09T08:02:15.981909,1,1,125.35,0.5,125.1,250,,,,,,,,,,,,,,,,,,,125.6,199,,,,,,,,,,,,,,,,,,
2026-07-09T08:02:15.997433+00:00,2026-07-09T08:02:15.997522,1,2,125.35,0.5,125.1,250,,,,,,,,,,,,,,,,,,,125.6,199,125.9,5,,,,,,,,,,,,,,,,
2026-07-09T08:02:16.505331+00:00,2026-07-09T08:02:16.505407,1,1,125.35,0.5,125.1,250,,,,,,,,,,,,,,,,,,,125.6,199,,,,,,,,,,,,,,,,,,
2026-07-09T08:02:16.515750+00:00,2026-07-09T08:02:16.515821,1,2,125.35,0.5,125.1,250,,,,,,,,,,,,,,,,,,,125.6,199,125.8,5,,,,,,,,,,,,,,,,
2026-07-09T08:02:16.883795+00:00,2026-07-09T08:02:16.883733,1,2,125.35,0.5,125.1,200,,,,,,,,,,,,,,,,,,,125.6,199,125.8,5,,,,,,,,,,,,,,,,
2026-07-09T08:02:16.929080+00:00,2026-07-09T08:02:16.929019,1,2,125.35,0.5,125.1,200,,,,,,,,,,,,,,,,,,,125.6,152,125.8,5,,,,,,,,,,,,,,,,
2026-07-09T08:02:16.992742+00:00,2026-07-09T08:02:16.992558,1,2,125.35,0.5,125.1,100,,,,,,,,,,,,,,,,,,,125.6,100,125.8,5,,,,,,,,,,,,,,,,
2026-07-09T08:02:17.023982+00:00,2026-07-09T08:02:17.024064,1,1,125.35,0.5,125.1,100,,,,,,,,,,,,,,,,,,,125.6,100,,,,,,,,,,,,,,,,,,
2026-07-09T08:02:17.034710+00:00,2026-07-09T08:02:17.034589,1,2,125.35,0.5,125.1,100,,,,,,,,,,,,,,,,,,,125.6,100,125.8,5,,,,,,,,,,,,,,,,
2026-07-09T08:02:17.045069+00:00,2026-07-09T08:02:17.044942,2,2,125.4,0.4,125.2,150,125.1,100,,,,,,,,,,,,,,,,,125.6,100,125.8,5,,,,,,,,,,,,,,,,
2026-07-09T08:02:17.099702+00:00,2026-07-09T08:02:17.099620,2,3,125.4,0.4,125.2,150,125.1,100,,,,,,,,,,,,,,,,,125.6,100,125.7,150,125.8,5,,,,,,,,,,,,,,
2026-07-09T08:02:17.522848+00:00,2026-07-09T08:02:17.522792,2,2,125.45,0.5,125.2,150,125.1,100,,,,,,,,,,,,,,,,,125.7,150,125.8,5,,,,,,,,,,,,,,,,
2026-07-09T08:02:17.527885+00:00,2026-07-09T08:02:17.527968,1,2,125.45,0.5,125.2,150,,,,,,,,,,,,,,,,,,,125.7,150,125.8,5,,,,,,,,,,,,,,,,
2026-07-09T08:02:17.543693+00:00,2026-07-09T08:02:17.543609,1,1,125.45,0.5,125.2,150,,,,,,,,,,,,,,,,,,,125.7,150,,,,,,,,,,,,,,,,,,
2026-07-09T08:02:17.554127+00:00,2026-07-09T08:02:17.554043,1,2,125.45,0.5,125.2,150,,,,,,,,,,,,,,,,,,,125.7,150,125.8,5,,,,,,,,,,,,,,,,
2026-07-09T08:02:17.582479+00:00,2026-07-09T08:02:17.582356,2,2,125.45,0.5,125.2,150,125.0,100,,,,,,,,,,,,,,,,,125.7,150,125.8,5,,,,,,,,,,,,,,,,
2026-07-09T08:02:17.635935+00:00,2026-07-09T08:02:17.636028,2,3,125.35,0.3,125.2,150,125.0,100,,,,,,,,,,,,,,,,,125.5,100,125.7,150,125.8,5,,,,,,,,,,,,,,
2026-07-09T08:02:18.053760+00:00,2026-07-09T08:02:18.058194,2,3,125.35,0.3,125.2,150,125.0,100,,,,,,,,,,,,,,,,,125.5,100,125.7,150,125.8,5,,,,,,,,,,,,,,
2026-07-09T08:02:18.572286+00:00,2026-07-09T08:02:18.572170,2,2,125.35,0.3,125.2,150,125.0,100,,,,,,,,,,,,,,,,,125.5,100,125.7,150,,,,,,,,,,,,,,,,
2026-07-09T08:02:18.582654+00:00,2026-07-09T08:02:18.582529,2,3,125.35,0.3,125.2,150,125.0,100,,,,,,,,,,,,,,,,,125.5,100,125.7,150,125.8,5,,,,,,,,,,,,,,
2026-07-09T08:02:18.866158+00:00,2026-07-09T08:02:18.859393,2,3,125.35,0.3,125.2,147,125.0,100,,,,,,,,,,,,,,,,,125.5,100,125.7,150,125.8,5,,,,,,,,,,,,,,
2026-07-09T08:02:18.992073+00:00,2026-07-09T08:02:18.991994,2,3,125.35,0.3,125.2,97,125.0,100,,,,,,,,,,,,,,,,,125.5,100,125.7,150,125.8,5,,,,,,,,,,,,,,
2026-07-09T08:02:19.091070+00:00,2026-07-09T08:02:19.090962,2,2,125.35,0.3,125.2,97,125.0,100,,,,,,,,,,,,,,,,,125.5,100,125.7,150,,,,,,,,,,,,,,,,
2026-07-09T08:02:19.096290+00:00,2026-07-09T08:02:19.096168,2,3,125.35,0.3,125.2,97,125.0,100,,,,,,,,,,,,,,,,,125.5,100,125.6,5,125.7,150,,,,,,,,,,,,,,
2026-07-09T08:02:19.603031+00:00,2026-07-09T08:02:19.602864,2,2,125.35,0.3,125.2,97,125.0,100,,,,,,,,,,,,,,,,,125.5,100,125.7,150,,,,,,,,,,,,,,,,
2026-07-09T08:02:19.613435+00:00,2026-07-09T08:02:19.613278,2,3,125.35,0.3,125.2,97,125.0,100,,,,,,,,,,,,,,,,,125.5,100,125.6,5,125.7,150,,,,,,,,,,,,,,
2026-07-09T08:02:20.161140+00:00,2026-07-09T08:02:20.161301,2,2,125.35,0.3,125.2,97,125.0,100,,,,,,,,,,,,,,,,,125.5,100,125.6,5,,,,,,,,,,,,,,,,
2026-07-09T08:02:20.166620+00:00,2026-07-09T08:02:20.166464,1,2,125.25,0.5,125.0,100,,,,,,,,,,,,,,,,,,,125.5,100,125.6,5,,,,,,,,,,,,,,,,
2026-07-09T08:02:20.171808+00:00,2026-07-09T08:02:20.171707,1,1,125.25,0.5,125.0,100,,,,,,,,,,,,,,,,,,,125.5,100,,,,,,,,,,,,,,,,,,
2026-07-09T08:02:20.182247+00:00,2026-07-09T08:02:20.182142,1,1,125.25,0.5,125.0,100,,,,,,,,,,,,,,,,,,,125.5,105,,,,,,,,,,,,,,,,,,
2026-07-09T08:02:20.217657+00:00,2026-07-09T08:02:20.217625,2,1,125.25,0.5,125.0,100,124.7,150,,,,,,,,,,,,,,,,,125.5,105,,,,,,,,,,,,,,,,,,
2026-07-09T08:02:20.270596+00:00,2026-07-09T08:02:20.270434,2,2,125.1,0.2,125.0,100,124.7,150,,,,,,,,,,,,,,,,,125.2,150,125.5,105,,,,,,,,,,,,,,,,
2026-07-09T08:02:20.689149+00:00,2026-07-09T08:02:20.689030,1,1,124.95,0.5,124.7,150,,,,,,,,,,,,,,,,,,,125.2,150,,,,,,,,,,,,,,,,,,
2026-07-09T08:02:20.699460+00:00,2026-07-09T08:02:20.699400,1,2,124.95,0.5,124.7,150,,,,,,,,,,,,,,,,,,,125.2,150,125.8,5,,,,,,,,,,,,,,,,
2026-07-09T08:02:20.745765+00:00,2026-07-09T08:02:20.745678,2,2,125.05,0.3,124.9,100,124.7,150,,,,,,,,,,,,,,,,,125.2,150,125.8,5,,,,,,,,,,,,,,,,
2026-07-09T08:02:20.799486+00:00,2026-07-09T08:02:20.799349,2,3,125.05,0.3,124.9,100,124.7,150,,,,,,,,,,,,,,,,,125.2,150,125.4,100,125.8,5,,,,,,,,,,,,,,
2026-07-09T08:02:20.831885+00:00,2026-07-09T08:02:20.825066,2,3,125.05,0.3,124.9,100,124.7,150,,,,,,,,,,,,,,,,,125.2,147,125.4,100,125.8,5,,,,,,,,,,,,,,
2026-07-09T08:02:21.099455+00:00,2026-07-09T08:02:21.099342,2,3,125.05,0.3,124.9,50,124.7,150,,,,,,,,,,,,,,,,,125.2,147,125.4,100,125.8,5,,,,,,,,,,,,,,
2026-07-09T08:02:21.109858+00:00,2026-07-09T08:02:21.109730,2,3,125.05,0.3,124.9,4,124.7,150,,,,,,,,,,,,,,,,,125.2,147,125.4,100,125.8,5,,,,,,,,,,,,,,
2026-07-09T08:02:21.204105+00:00,2026-07-09T08:02:21.204044,2,2,125.05,0.3,124.9,4,124.7,150,,,,,,,,,,,,,,,,,125.2,147,125.4,100,,,,,,,,,,,,,,,,
2026-07-09T08:02:21.209316+00:00,2026-07-09T08:02:21.209278,2,3,125.05,0.3,124.9,4,124.7,150,,,,,,,,,,,,,,,,,125.2,147,125.4,100,125.8,5,,,,,,,,,,,,,,
2026-07-09T08:02:21.694542+00:00,2026-07-09T08:02:21.694439,2,3,125.05,0.3,124.9,4,124.7,150,,,,,,,,,,,,,,,,,125.2,105,125.4,100,125.8,5,,,,,,,,,,,,,,
2026-07-09T08:02:21.731222+00:00,2026-07-09T08:02:21.731161,2,2,125.05,0.3,124.9,4,124.7,150,,,,,,,,,,,,,,,,,125.2,105,125.4,100,,,,,,,,,,,,,,,,
2026-07-09T08:02:21.741609+00:00,2026-07-09T08:02:21.741532,2,3,125.05,0.3,124.9,4,124.7,150,,,,,,,,,,,,,,,,,125.2,105,125.4,100,125.6,5,,,,,,,,,,,,,,
2026-07-09T08:02:22.249761+00:00,2026-07-09T08:02:22.249668,2,2,125.05,0.3,124.9,4,124.7,150,,,,,,,,,,,,,,,,,125.2,105,125.4,100,,,,,,,,,,,,,,,,
2026-07-09T08:02:22.258674+00:00,2026-07-09T08:02:22.254948,2,3,125.05,0.3,124.9,4,124.7,150,,,,,,,,,,,,,,,,,125.2,105,125.4,100,125.6,5,,,,,,,,,,,,,,
2026-07-09T08:02:22.302773+00:00,2026-07-09T08:02:22.302737,1,3,124.95,0.5,124.7,105,,,,,,,,,,,,,,,,,,,125.2,105,125.4,100,125.6,5,,,,,,,,,,,,,,
2026-07-09T08:02:22.758651+00:00,2026-07-09T08:02:22.756967,1,2,124.95,0.5,124.7,105,,,,,,,,,,,,,,,,,,,125.2,105,125.4,100,,,,,,,,,,,,,,,,
2026-07-09T08:02:22.774362+00:00,2026-07-09T08:02:22.774234,1,3,124.95,0.5,124.7,105,,,,,,,,,,,,,,,,,,,125.2,105,125.4,100,125.6,5,,,,,,,,,,,,,,
2026-07-09T08:02:23.222654+00:00,2026-07-09T08:02:23.222527,1,3,124.95,0.5,124.7,55,,,,,,,,,,,,,,,,,,,125.2,105,125.4,100,125.6,5,,,,,,,,,,,,,,
2026-07-09T08:02:23.280452+00:00,2026-07-09T08:02:23.280391,1,2,124.95,0.5,124.7,55,,,,,,,,,,,,,,,,,,,125.2,105,125.4,100,,,,,,,,,,,,,,,,
2026-07-09T08:02:23.285643+00:00,2026-07-09T08:02:23.285617,1,3,124.95,0.5,124.7,55,,,,,,,,,,,,,,,,,,,125.2,105,125.4,100,125.8,5,,,,,,,,,,,,,,
2026-07-09T08:02:23.328716+00:00,2026-07-09T08:02:23.328665,0,2,,,,,,,,,,,,,,,,,,,,,,,125.4,100,125.8,5,,,,,,,,,,,,,,,,
2026-07-09T08:02:23.359493+00:00,2026-07-09T08:02:23.359336,0,2,,,,,,,,,,,,,,,,,,,,,,,125.4,51,125.8,5,,,,,,,,,,,,,,,,
2026-07-09T08:02:23.380309+00:00,2026-07-09T08:02:23.380498,1,2,125.1,0.6,124.8,150,,,,,,,,,,,,,,,,,,,125.4,51,125.8,5,,,,,,,,,,,,,,,,
2026-07-09T08:02:23.435210+00:00,2026-07-09T08:02:23.435123,1,3,125.05,0.5,124.8,150,,,,,,,,,,,,,,,,,,,125.3,150,125.4,51,125.8,5,,,,,,,,,,,,,,
2026-07-09T08:02:23.793470+00:00,2026-07-09T08:02:23.793594,1,2,125.05,0.5,124.8,150,,,,,,,,,,,,,,,,,,,125.3,150,125.4,51,,,,,,,,,,,,,,,,
2026-07-09T08:02:23.804083+00:00,2026-07-09T08:02:23.804010,1,3,125.05,0.5,124.8,150,,,,,,,,,,,,,,,,,,,125.3,150,125.4,51,125.8,5,,,,,,,,,,,,,,
2026-07-09T08:02:23.850783+00:00,2026-07-09T08:02:23.850739,1,2,125.05,0.5,124.8,150,,,,,,,,,,,,,,,,,,,125.3,150,125.8,5,,,,,,,,,,,,,,,,
2026-07-09T08:02:23.907060+00:00,2026-07-09T08:02:23.906962,1,2,125.05,0.5,124.8,250,,,,,,,,,,,,,,,,,,,125.3,150,125.8,5,,,,,,,,,,,,,,,,
2026-07-09T08:02:23.958549+00:00,2026-07-09T08:02:23.954449,1,2,125.05,0.5,124.8,250,,,,,,,,,,,,,,,,,,,125.3,250,125.8,5,,,,,,,,,,,,,,,,
2026-07-09T08:02:24.311204+00:00,2026-07-09T08:02:24.311017,1,1,125.05,0.5,124.8,250,,,,,,,,,,,,,,,,,,,125.3,250,,,,,,,,,,,,,,,,,,
2026-07-09T08:02:24.316338+00:00,2026-07-09T08:02:24.316315,1,2,125.05,0.5,124.8,250,,,,,,,,,,,,,,,,,,,125.3,250,125.8,5,,,,,,,,,,,,,,,,
2026-07-09T08:02:24.827206+00:00,2026-07-09T08:02:24.827091,1,1,125.05,0.5,124.8,250,,,,,,,,,,,,,,,,,,,125.3,250,,,,,,,,,,,,,,,,,,
2026-07-09T08:02:24.832319+00:00,2026-07-09T08:02:24.832289,1,2,125.05,0.5,124.8,250,,,,,,,,,,,,,,,,,,,125.3,250,125.8,5,,,,,,,,,,,,,,,,
2026-07-09T08:02:25.330279+00:00,2026-07-09T08:02:25.330446,1,2,125.05,0.5,124.8,200,,,,,,,,,,,,,,,,,,,125.3,250,125.8,5,,,,,,,,,,,,,,,,
2026-07-09T08:02:25.335538+00:00,2026-07-09T08:02:25.335662,1,1,125.05,0.5,124.8,200,,,,,,,,,,,,,,,,,,,125.3,250,,,,,,,,,,,,,,,,,,
2026-07-09T08:02:25.346167+00:00,2026-07-09T08:02:25.346042,1,2,125.05,0.5,124.8,200,,,,,,,,,,,,,,,,,,,125.3,250,125.8,5,,,,,,,,,,,,,,,,
2026-07-09T08:02:25.858542+00:00,2026-07-09T08:02:25.849610,1,1,125.05,0.5,124.8,200,,,,,,,,,,,,,,,,,,,125.3,250,,,,,,,,,,,,,,,,,,
2026-07-09T08:02:25.868890+00:00,2026-07-09T08:02:25.868782,1,2,125.05,0.5,124.8,200,,,,,,,,,,,,,,,,,,,125.3,250,125.8,5,,,,,,,,,,,,,,,,
2026-07-09T08:02:26.367652+00:00,2026-07-09T08:02:26.367585,1,1,125.05,0.5,124.8,200,,,,,,,,,,,,,,,,,,,125.3,250,,,,,,,,,,,,,,,,,,
2026-07-09T08:02:26.378125+00:00,2026-07-09T08:02:26.378029,1,2,125.05,0.5,124.8,200,,,,,,,,,,,,,,,,,,,125.3,250,125.8,5,,,,,,,,,,,,,,,,
2026-07-09T08:02:26.487563+00:00,2026-07-09T08:02:26.487473,1,2,125.05,0.5,124.8,200,,,,,,,,,,,,,,,,,,,125.3,100,125.8,5,,,,,,,,,,,,,,,,
2026-07-09T08:02:26.492712+00:00,2026-07-09T08:02:26.492647,1,2,125.05,0.5,124.8,100,,,,,,,,,,,,,,,,,,,125.3,100,125.8,5,,,,,,,,,,,,,,,,
2026-07-09T08:02:26.558597+00:00,2026-07-09T08:02:26.545851,2,2,125.05,0.5,124.8,100,124.5,150,,,,,,,,,,,,,,,,,125.3,100,125.8,5,,,,,,,,,,,,,,,,
2026-07-09T08:02:26.607576+00:00,2026-07-09T08:02:26.601281,2,3,124.9,0.2,124.8,100,124.5,150,,,,,,,,,,,,,,,,,125.0,139,125.3,100,125.8,5,,,,,,,,,,,,,,
2026-07-09T08:02:26.886454+00:00,2026-07-09T08:02:26.886527,2,2,124.9,0.2,124.8,100,124.5,150,,,,,,,,,,,,,,,,,125.0,139,125.3,100,,,,,,,,,,,,,,,,
2026-07-09T08:02:26.891797+00:00,2026-07-09T08:02:26.891719,2,3,124.9,0.2,124.8,100,124.5,150,,,,,,,,,,,,,,,,,125.0,139,125.3,100,125.6,5,,,,,,,,,,,,,,
2026-07-09T08:02:27.017235+00:00,2026-07-09T08:02:27.017141,1,2,124.75,0.5,124.5,150,,,,,,,,,,,,,,,,,,,125.0,139,125.6,5,,,,,,,,,,,,,,,,
2026-07-09T08:02:27.069819+00:00,2026-07-09T08:02:27.069941,2,2,124.8,0.4,124.6,100,124.5,150,,,,,,,,,,,,,,,,,125.0,139,125.6,5,,,,,,,,,,,,,,,,
2026-07-09T08:02:27.127266+00:00,2026-07-09T08:02:27.127114,2,3,124.8,0.4,124.6,100,124.5,150,,,,,,,,,,,,,,,,,125.0,139,125.1,100,125.6,5,,,,,,,,,,,,,,
2026-07-09T08:02:27.403043+00:00,2026-07-09T08:02:27.403006,2,2,124.8,0.4,124.6,100,124.5,150,,,,,,,,,,,,,,,,,125.0,139,125.1,100,,,,,,,,,,,,,,,,
2026-07-09T08:02:27.413503+00:00,2026-07-09T08:02:27.413394,2,3,124.8,0.4,124.6,100,124.5,150,,,,,,,,,,,,,,,,,125.0,139,125.1,100,125.6,5,,,,,,,,,,,,,,
2026-07-09T08:02:27.458677+00:00,2026-07-09T08:02:27.452465,2,3,124.8,0.4,124.6,50,124.5,150,,,,,,,,,,,,,,,,,125.0,139,125.1,100,125.6,5,,,,,,,,,,,,,,
2026-07-09T08:02:27.917685+00:00,2026-07-09T08:02:27.917620,2,2,124.8,0.4,124.6,50,124.5,150,,,,,,,,,,,,,,,,,125.0,139,125.1,100,,,,,,,,,,,,,,,,
2026-07-09T08:02:27.928080+00:00,2026-07-09T08:02:27.927978,2,3,124.8,0.4,124.6,50,124.5,150,,,,,,,,,,,,,,,,,125.0,139,125.1,100,125.6,5,,,,,,,,,,,,,,
2026-07-09T08:02:28.434420+00:00,2026-07-09T08:02:28.434318,2,2,124.8,0.4,124.6,50,124.5,150,,,,,,,,,,,,,,,,,125.0,139,125.1,100,,,,,,,,,,,,,,,,
2026-07-09T08:02:28.439661+00:00,2026-07-09T08:02:28.439534,2,3,124.8,0.4,124.6,50,124.5,150,,,,,,,,,,,,,,,,,125.0,139,125.1,100,125.8,5,,,,,,,,,,,,,,
2026-07-09T08:02:28.949123+00:00,2026-07-09T08:02:28.949004,2,2,124.8,0.4,124.6,50,124.5,150,,,,,,,,,,,,,,,,,125.0,139,125.1,100,,,,,,,,,,,,,,,,
2026-07-09T08:02:28.959401+00:00,2026-07-09T08:02:28.959365,2,3,124.8,0.4,124.6,50,124.5,150,,,,,,,,,,,,,,,,,125.0,139,125.1,100,125.8,5,,,,,,,,,,,,,,
2026-07-09T08:02:29.467130+00:00,2026-07-09T08:02:29.467007,2,2,124.8,0.4,124.6,50,124.5,150,,,,,,,,,,,,,,,,,125.0,139,125.1,100,,,,,,,,,,,,,,,,
2026-07-09T08:02:29.482765+00:00,2026-07-09T08:02:29.482664,2,3,124.8,0.4,124.6,50,124.5,150,,,,,,,,,,,,,,,,,125.0,139,125.1,100,125.4,5,,,,,,,,,,,,,,
2026-07-09T08:02:29.564008+00:00,2026-07-09T08:02:29.563874,1,3,124.75,0.5,124.5,150,,,,,,,,,,,,,,,,,,,125.0,139,125.1,100,125.4,5,,,,,,,,,,,,,,
2026-07-09T08:02:29.664043+00:00,2026-07-09T08:02:29.663949,0,2,,,,,,,,,,,,,,,,,,,,,,,125.1,100,125.4,5,,,,,,,,,,,,,,,,
2026-07-09T08:02:29.710872+00:00,2026-07-09T08:02:29.710772,1,2,124.65,0.9,124.2,150,,,,,,,,,,,,,,,,,,,125.1,100,125.4,5,,,,,,,,,,,,,,,,
2026-07-09T08:02:29.763918+00:00,2026-07-09T08:02:29.763820,1,3,124.45,0.5,124.2,150,,,,,,,,,,,,,,,,,,,124.7,150,125.1,100,125.4,5,,,,,,,,,,,,,,
2026-07-09T08:02:29.991736+00:00,2026-07-09T08:02:29.991532,1,2,124.45,0.5,124.2,150,,,,,,,,,,,,,,,,,,,124.7,150,125.1,100,,,,,,,,,,,,,,,,
2026-07-09T08:02:30.002063+00:00,2026-07-09T08:02:30.001963,1,3,124.45,0.5,124.2,150,,,,,,,,,,,,,,,,,,,124.7,150,125.1,100,125.4,5,,,,,,,,,,,,,,
2026-07-09T08:02:30.182802+00:00,2026-07-09T08:02:30.182670,1,2,124.45,0.5,124.2,150,,,,,,,,,,,,,,,,,,,124.7,150,125.4,5,,,,,,,,,,,,,,,,
2026-07-09T08:02:30.235232+00:00,2026-07-09T08:02:30.235104,2,2,124.45,0.5,124.2,150,124.1,100,,,,,,,,,,,,,,,,,124.7,150,125.4,5,,,,,,,,,,,,,,,,
2026-07-09T08:02:30.289569+00:00,2026-07-09T08:02:30.289534,2,3,124.4,0.4,124.2,150,124.1,100,,,,,,,,,,,,,,,,,124.6,100,124.7,150,125.4,5,,,,,,,,,,,,,,
2026-07-09T08:02:30.304392+00:00,2026-07-09T08:02:30.294682,2,3,124.4,0.4,124.2,150,124.1,100,,,,,,,,,,,,,,,,,124.6,88,124.7,150,125.4,5,,,,,,,,,,,,,,
2026-07-09T08:02:30.507261+00:00,2026-07-09T08:02:30.507199,2,2,124.4,0.4,124.2,150,124.1,100,,,,,,,,,,,,,,,,,124.6,88,124.7,150,,,,,,,,,,,,,,,,
2026-07-09T08:02:30.517623+00:00,2026-07-09T08:02:30.517600,2,3,124.4,0.4,124.2,150,124.1,100,,,,,,,,,,,,,,,,,124.6,88,124.7,150,125.4,5,,,,,,,,,,,,,,
2026-07-09T08:02:30.717908+00:00,2026-07-09T08:02:30.709866,2,3,124.4,0.4,124.2,150,124.1,100,,,,,,,,,,,,,,,,,124.6,77,124.7,150,125.4,5,,,,,,,,,,,,,,
2026-07-09T08:02:31.031568+00:00,2026-07-09T08:02:31.031507,2,2,124.4,0.4,124.2,150,124.1,100,,,,,,,,,,,,,,,,,124.6,77,124.7,150,,,,,,,,,,,,,,,,
2026-07-09T08:02:31.036588+00:00,2026-07-09T08:02:31.036699,2,3,124.4,0.4,124.2,150,124.1,100,,,,,,,,,,,,,,,,,124.6,77,124.7,150,125.6,5,,,,,,,,,,,,,,
2026-07-09T08:02:31.543864+00:00,2026-07-09T08:02:31.543999,2,2,124.4,0.4,124.2,150,124.1,100,,,,,,,,,,,,,,,,,124.6,77,124.7,150,,,,,,,,,,,,,,,,
2026-07-09T08:02:31.554481+00:00,2026-07-09T08:02:31.554397,2,3,124.4,0.4,124.2,150,124.1,100,,,,,,,,,,,,,,,,,124.6,77,124.7,150,125.6,5,,,,,,,,,,,,,,
2026-07-09T08:02:31.724869+00:00,2026-07-09T08:02:31.716723,2,3,124.4,0.4,124.2,150,124.1,100,,,,,,,,,,,,,,,,,124.6,65,124.7,150,125.6,5,,,,,,,,,,,,,,
2026-07-09T08:02:32.068938+00:00,2026-07-09T08:02:32.059261,2,3,124.4,0.4,124.2,150,124.1,100,,,,,,,,,,,,,,,,,124.6,65,124.7,150,125.6,5,,,,,,,,,,,,,,
2026-07-09T08:02:32.573860+00:00,2026-07-09T08:02:32.573811,2,2,124.4,0.4,124.2,150,124.1,100,,,,,,,,,,,,,,,,,124.6,65,124.7,150,,,,,,,,,,,,,,,,
2026-07-09T08:02:32.584085+00:00,2026-07-09T08:02:32.584193,2,3,124.4,0.4,124.2,150,124.1,100,,,,,,,,,,,,,,,,,124.6,65,124.7,150,125.6,5,,,,,,,,,,,,,,
2026-07-09T08:02:32.705332+00:00,2026-07-09T08:02:32.705243,2,3,124.4,0.4,124.2,150,124.1,100,,,,,,,,,,,,,,,,,124.6,16,124.7,150,125.6,5,,,,,,,,,,,,,,
2026-07-09T08:02:32.819033+00:00,2026-07-09T08:02:32.819164,1,2,124.35,0.5,124.1,100,,,,,,,,,,,,,,,,,,,124.6,16,125.6,5,,,,,,,,,,,,,,,,
2026-07-09T08:02:32.875396+00:00,2026-07-09T08:02:32.875278,2,2,124.5,0.2,124.4,150,124.1,100,,,,,,,,,,,,,,,,,124.6,16,125.6,5,,,,,,,,,,,,,,,,
2026-07-09T08:02:32.931861+00:00,2026-07-09T08:02:32.931679,2,3,124.5,0.2,124.4,150,124.1,100,,,,,,,,,,,,,,,,,124.6,16,124.9,150,125.6,5,,,,,,,,,,,,,,
2026-07-09T08:02:33.094490+00:00,2026-07-09T08:02:33.094381,2,2,124.5,0.2,124.4,150,124.1,100,,,,,,,,,,,,,,,,,124.6,16,124.9,150,,,,,,,,,,,,,,,,
2026-07-09T08:02:33.099675+00:00,2026-07-09T08:02:33.099565,2,3,124.5,0.2,124.4,150,124.1,100,,,,,,,,,,,,,,,,,124.6,16,124.9,150,125.6,5,,,,,,,,,,,,,,
2026-07-09T08:02:33.344881+00:00,2026-07-09T08:02:33.344758,1,2,124.65,0.5,124.4,150,,,,,,,,,,,,,,,,,,,124.9,150,125.6,5,,,,,,,,,,,,,,,,
2026-07-09T08:02:33.400371+00:00,2026-07-09T08:02:33.400245,2,2,124.75,0.3,124.6,100,124.4,150,,,,,,,,,,,,,,,,,124.9,150,125.6,5,,,,,,,,,,,,,,,,
2026-07-09T08:02:33.458592+00:00,2026-07-09T08:02:33.458303,2,3,124.75,0.3,124.6,100,124.4,150,,,,,,,,,,,,,,,,,124.9,150,125.1,100,125.6,5,,,,,,,,,,,,,,
2026-07-09T08:02:33.607702+00:00,2026-07-09T08:02:33.607655,2,2,124.75,0.3,124.6,100,124.4,150,,,,,,,,,,,,,,,,,124.9,150,125.1,100,,,,,,,,,,,,,,,,
2026-07-09T08:02:33.612926+00:00,2026-07-09T08:02:33.612862,2,3,124.75,0.3,124.6,100,124.4,150,,,,,,,,,,,,,,,,,124.9,150,125.1,100,125.7,5,,,,,,,,,,,,,,
2026-07-09T08:02:33.778730+00:00,2026-07-09T08:02:33.778870,2,3,124.75,0.3,124.6,50,124.4,150,,,,,,,,,,,,,,,,,124.9,150,125.1,100,125.7,5,,,,,,,,,,,,,,
2026-07-09T08:02:34.121201+00:00,2026-07-09T08:02:34.121104,2,2,124.75,0.3,124.6,50,124.4,150,,,,,,,,,,,,,,,,,124.9,150,125.1,100,,,,,,,,,,,,,,,,
2026-07-09T08:02:34.131611+00:00,2026-07-09T08:02:34.131579,2,3,124.75,0.3,124.6,50,124.4,150,,,,,,,,,,,,,,,,,124.9,150,125.1,100,125.7,5,,,,,,,,,,,,,,
2026-07-09T08:02:34.308992+00:00,2026-07-09T08:02:34.308877,2,3,124.75,0.3,124.6,6,124.4,150,,,,,,,,,,,,,,,,,124.9,150,125.1,100,125.7,5,,,,,,,,,,,,,,
2026-07-09T08:02:34.684544+00:00,2026-07-09T08:02:34.684620,2,2,124.75,0.3,124.6,6,124.4,150,,,,,,,,,,,,,,,,,124.9,150,125.1,100,,,,,,,,,,,,,,,,
2026-07-09T08:02:34.689950+00:00,2026-07-09T08:02:34.689867,2,3,124.75,0.3,124.6,6,124.4,150,,,,,,,,,,,,,,,,,124.9,150,125.1,100,125.7,5,,,,,,,,,,,,,,
2026-07-09T08:02:35.206611+00:00,2026-07-09T08:02:35.206528,2,2,124.75,0.3,124.6,6,124.4,150,,,,,,,,,,,,,,,,,124.9,150,125.1,100,,,,,,,,,,,,,,,,
2026-07-09T08:02:35.211870+00:00,2026-07-09T08:02:35.211751,2,3,124.75,0.3,124.6,6,124.4,150,,,,,,,,,,,,,,,,,124.9,150,125.1,100,125.7,5,,,,,,,,,,,,,,
2026-07-09T08:02:35.465315+00:00,2026-07-09T08:02:35.465192,2,3,124.75,0.3,124.6,6,124.4,150,,,,,,,,,,,,,,,,,124.9,107,125.1,100,125.7,5,,,,,,,,,,,,,,
2026-07-09T08:02:35.718148+00:00,2026-07-09T08:02:35.718099,2,2,124.75,0.3,124.6,6,124.4,150,,,,,,,,,,,,,,,,,124.9,107,125.1,100,,,,,,,,,,,,,,,,
2026-07-09T08:02:35.744334+00:00,2026-07-09T08:02:35.744215,2,3,124.75,0.3,124.6,6,124.4,150,,,,,,,,,,,,,,,,,124.9,107,125.1,100,125.7,5,,,,,,,,,,,,,,
2026-07-09T08:02:35.895805+00:00,2026-07-09T08:02:35.895658,1,3,124.65,0.5,124.4,106,,,,,,,,,,,,,,,,,,,124.9,107,125.1,100,125.7,5,,,,,,,,,,,,,,
2026-07-09T08:02:35.983765+00:00,2026-07-09T08:02:35.983702,1,2,124.75,0.7,124.4,106,,,,,,,,,,,,,,,,,,,125.1,100,125.7,5,,,,,,,,,,,,,,,,
2026-07-09T08:02:35.989015+00:00,2026-07-09T08:02:35.988861,0,2,,,,,,,,,,,,,,,,,,,,,,,125.1,100,125.7,5,,,,,,,,,,,,,,,,
2026-07-09T08:02:36.042714+00:00,2026-07-09T08:02:36.042632,1,2,124.8,0.6,124.5,150,,,,,,,,,,,,,,,,,,,125.1,100,125.7,5,,,,,,,,,,,,,,,,
2026-07-09T08:02:36.093342+00:00,2026-07-09T08:02:36.093236,1,3,124.75,0.5,124.5,150,,,,,,,,,,,,,,,,,,,125.0,150,125.1,100,125.7,5,,,,,,,,,,,,,,
2026-07-09T08:02:36.250937+00:00,2026-07-09T08:02:36.250800,1,2,124.75,0.5,124.5,150,,,,,,,,,,,,,,,,,,,125.0,150,125.1,100,,,,,,,,,,,,,,,,
2026-07-09T08:02:36.261313+00:00,2026-07-09T08:02:36.261182,1,3,124.75,0.5,124.5,150,,,,,,,,,,,,,,,,,,,125.0,150,125.1,100,125.6,5,,,,,,,,,,,,,,
2026-07-09T08:02:36.491687+00:00,2026-07-09T08:02:36.491646,1,3,124.75,0.5,124.5,101,,,,,,,,,,,,,,,,,,,125.0,150,125.1,100,125.6,5,,,,,,,,,,,,,,
2026-07-09T08:02:36.517641+00:00,2026-07-09T08:02:36.517549,1,2,124.75,0.5,124.5,101,,,,,,,,,,,,,,,,,,,125.0,150,125.6,5,,,,,,,,,,,,,,,,
2026-07-09T08:02:36.571742+00:00,2026-07-09T08:02:36.571665,2,2,124.75,0.5,124.5,101,124.3,100,,,,,,,,,,,,,,,,,125.0,150,125.6,5,,,,,,,,,,,,,,,,
2026-07-09T08:02:36.627122+00:00,2026-07-09T08:02:36.627018,2,3,124.65,0.3,124.5,101,124.3,100,,,,,,,,,,,,,,,,,124.8,100,125.0,150,125.6,5,,,,,,,,,,,,,,
2026-07-09T08:02:36.769410+00:00,2026-07-09T08:02:36.769313,2,2,124.65,0.3,124.5,101,124.3,100,,,,,,,,,,,,,,,,,124.8,100,125.0,150,,,,,,,,,,,,,,,,
2026-07-09T08:02:36.774589+00:00,2026-07-09T08:02:36.774493,2,3,124.65,0.3,124.5,101,124.3,100,,,,,,,,,,,,,,,,,124.8,100,125.0,150,125.6,5,,,,,,,,,,,,,,
2026-07-09T08:02:37.282340+00:00,2026-07-09T08:02:37.282237,2,2,124.65,0.3,124.5,101,124.3,100,,,,,,,,,,,,,,,,,124.8,100,125.0,150,,,,,,,,,,,,,,,,
2026-07-09T08:02:37.292743+00:00,2026-07-09T08:02:37.292631,2,3,124.65,0.3,124.5,101,124.3,100,,,,,,,,,,,,,,,,,124.8,100,125.0,150,125.6,5,,,,,,,,,,,,,,
2026-07-09T08:02:37.801723+00:00,2026-07-09T08:02:37.801646,2,2,124.65,0.3,124.5,101,124.3,100,,,,,,,,,,,,,,,,,124.8,100,125.0,150,,,,,,,,,,,,,,,,
2026-07-09T08:02:37.806765+00:00,2026-07-09T08:02:37.806844,2,3,124.65,0.3,124.5,101,124.3,100,,,,,,,,,,,,,,,,,124.8,100,125.0,150,125.6,5,,,,,,,,,,,,,,
2026-07-09T08:02:38.321778+00:00,2026-07-09T08:02:38.321679,2,2,124.65,0.3,124.5,101,124.3,100,,,,,,,,,,,,,,,,,124.8,100,125.0,150,,,,,,,,,,,,,,,,
2026-07-09T08:02:38.331949+00:00,2026-07-09T08:02:38.332039,2,3,124.65,0.3,124.5,101,124.3,100,,,,,,,,,,,,,,,,,124.8,100,125.0,150,125.6,5,,,,,,,,,,,,,,
2026-07-09T08:02:38.836637+00:00,2026-07-09T08:02:38.836574,2,2,124.65,0.3,124.5,101,124.3,100,,,,,,,,,,,,,,,,,124.8,100,125.0,150,,,,,,,,,,,,,,,,
2026-07-09T08:02:38.858653+00:00,2026-07-09T08:02:38.852209,2,3,124.65,0.3,124.5,101,124.3,100,,,,,,,,,,,,,,,,,124.8,100,125.0,150,125.6,5,,,,,,,,,,,,,,
2026-07-09T08:02:39.151946+00:00,2026-07-09T08:02:39.151853,1,2,124.55,0.5,124.3,100,,,,,,,,,,,,,,,,,,,124.8,100,125.6,5,,,,,,,,,,,,,,,,
2026-07-09T08:02:39.207372+00:00,2026-07-09T08:02:39.207458,1,2,124.55,0.5,124.3,250,,,,,,,,,,,,,,,,,,,124.8,100,125.6,5,,,,,,,,,,,,,,,,
2026-07-09T08:02:39.258619+00:00,2026-07-09T08:02:39.254277,1,2,124.55,0.5,124.3,250,,,,,,,,,,,,,,,,,,,124.8,250,125.6,5,,,,,,,,,,,,,,,,
2026-07-09T08:02:39.363676+00:00,2026-07-09T08:02:39.363767,1,1,124.55,0.5,124.3,250,,,,,,,,,,,,,,,,,,,124.8,250,,,,,,,,,,,,,,,,,,
2026-07-09T08:02:39.374228+00:00,2026-07-09T08:02:39.374152,1,2,124.55,0.5,124.3,250,,,,,,,,,,,,,,,,,,,124.8,250,125.7,5,,,,,,,,,,,,,,,,
2026-07-09T08:02:39.680995+00:00,2026-07-09T08:02:39.680926,1,2,124.55,0.5,124.3,150,,,,,,,,,,,,,,,,,,,124.8,150,125.7,5,,,,,,,,,,,,,,,,
2026-07-09T08:02:39.735633+00:00,2026-07-09T08:02:39.735533,1,2,124.55,0.5,124.3,250,,,,,,,,,,,,,,,,,,,124.8,150,125.7,5,,,,,,,,,,,,,,,,
2026-07-09T08:02:39.788577+00:00,2026-07-09T08:02:39.788439,1,2,124.55,0.5,124.3,250,,,,,,,,,,,,,,,,,,,124.8,250,125.7,5,,,,,,,,,,,,,,,,
2026-07-09T08:02:39.879686+00:00,2026-07-09T08:02:39.879554,1,1,124.55,0.5,124.3,250,,,,,,,,,,,,,,,,,,,124.8,250,,,,,,,,,,,,,,,,,,
2026-07-09T08:02:39.890053+00:00,2026-07-09T08:02:39.889965,1,2,124.55,0.5,124.3,250,,,,,,,,,,,,,,,,,,,124.8,250,125.7,5,,,,,,,,,,,,,,,,
2026-07-09T08:02:40.397524+00:00,2026-07-09T08:02:40.397424,1,1,124.55,0.5,124.3,250,,,,,,,,,,,,,,,,,,,124.8,250,,,,,,,,,,,,,,,,,,
2026-07-09T08:02:40.402705+00:00,2026-07-09T08:02:40.402629,1,2,124.55,0.5,124.3,250,,,,,,,,,,,,,,,,,,,124.8,250,125.4,5,,,,,,,,,,,,,,,,
2026-07-09T08:02:40.725281+00:00,2026-07-09T08:02:40.725168,1,2,124.55,0.5,124.3,208,,,,,,,,,,,,,,,,,,,124.8,250,125.4,5,,,,,,,,,,,,,,,,
2026-07-09T08:02:40.912092+00:00,2026-07-09T08:02:40.912006,1,1,124.55,0.5,124.3,208,,,,,,,,,,,,,,,,,,,124.8,250,,,,,,,,,,,,,,,,,,
2026-07-09T08:02:40.922292+00:00,2026-07-09T08:02:40.922389,1,2,124.55,0.5,124.3,208,,,,,,,,,,,,,,,,,,,124.8,250,125.4,5,,,,,,,,,,,,,,,,
2026-07-09T08:02:41.428016+00:00,2026-07-09T08:02:41.427896,1,1,124.55,0.5,124.3,208,,,,,,,,,,,,,,,,,,,124.8,250,,,,,,,,,,,,,,,,,,
2026-07-09T08:02:41.432968+00:00,2026-07-09T08:02:41.433094,1,2,124.55,0.5,124.3,208,,,,,,,,,,,,,,,,,,,124.8,250,125.6,5,,,,,,,,,,,,,,,,
2026-07-09T08:02:41.958636+00:00,2026-07-09T08:02:41.954620,1,2,124.55,0.5,124.3,208,,,,,,,,,,,,,,,,,,,124.8,250,125.6,5,,,,,,,,,,,,,,,,
2026-07-09T08:02:42.250049+00:00,2026-07-09T08:02:42.249919,1,2,124.55,0.5,124.3,158,,,,,,,,,,,,,,,,,,,124.8,250,125.6,5,,,,,,,,,,,,,,,,
2026-07-09T08:02:42.316074+00:00,2026-07-09T08:02:42.315977,1,2,124.55,0.5,124.3,100,,,,,,,,,,,,,,,,,,,124.8,100,125.6,5,,,,,,,,,,,,,,,,
2026-07-09T08:02:42.373730+00:00,2026-07-09T08:02:42.373603,2,2,124.55,0.5,124.3,100,123.8,150,,,,,,,,,,,,,,,,,124.8,100,125.6,5,,,,,,,,,,,,,,,,
2026-07-09T08:02:42.437738+00:00,2026-07-09T08:02:42.431092,1,3,124.05,0.5,123.8,150,,,,,,,,,,,,,,,,,,,124.3,28,124.8,100,125.6,5,,,,,,,,,,,,,,
2026-07-09T08:02:42.468525+00:00,2026-07-09T08:02:42.468595,1,2,124.05,0.5,123.8,150,,,,,,,,,,,,,,,,,,,124.3,28,124.8,100,,,,,,,,,,,,,,,,
2026-07-09T08:02:42.479089+00:00,2026-07-09T08:02:42.478995,1,3,124.05,0.5,123.8,150,,,,,,,,,,,,,,,,,,,124.3,28,124.8,100,125.6,5,,,,,,,,,,,,,,
2026-07-09T08:02:42.564885+00:00,2026-07-09T08:02:42.557053,1,3,124.05,0.5,123.8,150,,,,,,,,,,,,,,,,,,,124.3,16,124.8,100,125.6,5,,,,,,,,,,,,,,
2026-07-09T08:02:42.839141+00:00,2026-07-09T08:02:42.839069,1,2,124.05,0.5,123.8,150,,,,,,,,,,,,,,,,,,,124.3,16,125.6,5,,,,,,,,,,,,,,,,
2026-07-09T08:02:42.897958+00:00,2026-07-09T08:02:42.897863,2,2,124.15,0.3,124.0,100,123.8,150,,,,,,,,,,,,,,,,,124.3,16,125.6,5,,,,,,,,,,,,,,,,
2026-07-09T08:02:42.958682+00:00,2026-07-09T08:02:42.952753,2,3,124.15,0.3,124.0,100,123.8,150,,,,,,,,,,,,,,,,,124.3,16,124.5,100,125.6,5,,,,,,,,,,,,,,
2026-07-09T08:02:42.984129+00:00,2026-07-09T08:02:42.984040,2,2,124.15,0.3,124.0,100,123.8,150,,,,,,,,,,,,,,,,,124.3,16,124.5,100,,,,,,,,,,,,,,,,
2026-07-09T08:02:42.994534+00:00,2026-07-09T08:02:42.994435,2,3,124.15,0.3,124.0,100,123.8,150,,,,,,,,,,,,,,,,,124.3,16,124.5,100,125.6,5,,,,,,,,,,,,,,
2026-07-09T08:02:43.059151+00:00,2026-07-09T08:02:43.059080,2,2,124.25,0.5,124.0,100,123.8,150,,,,,,,,,,,,,,,,,124.5,72,125.6,5,,,,,,,,,,,,,,,,
2026-07-09T08:02:43.500365+00:00,2026-07-09T08:02:43.500309,2,1,124.25,0.5,124.0,100,123.8,150,,,,,,,,,,,,,,,,,124.5,72,,,,,,,,,,,,,,,,,,
2026-07-09T08:02:43.510822+00:00,2026-07-09T08:02:43.510713,2,2,124.25,0.5,124.0,100,123.8,150,,,,,,,,,,,,,,,,,124.5,72,125.6,5,,,,,,,,,,,,,,,,
2026-07-09T08:02:44.018449+00:00,2026-07-09T08:02:44.018563,2,1,124.25,0.5,124.0,100,123.8,150,,,,,,,,,,,,,,,,,124.5,72,,,,,,,,,,,,,,,,,,
2026-07-09T08:02:44.023831+00:00,2026-07-09T08:02:44.023800,2,2,124.25,0.5,124.0,100,123.8,150,,,,,,,,,,,,,,,,,124.5,72,125.4,5,,,,,,,,,,,,,,,,
2026-07-09T08:02:44.385178+00:00,2026-07-09T08:02:44.385037,2,2,124.25,0.5,124.0,50,123.8,150,,,,,,,,,,,,,,,,,124.5,72,125.4,5,,,,,,,,,,,,,,,,
2026-07-09T08:02:44.530620+00:00,2026-07-09T08:02:44.530531,2,1,124.25,0.5,124.0,50,123.8,150,,,,,,,,,,,,,,,,,124.5,72,,,,,,,,,,,,,,,,,,
2026-07-09T08:02:44.535876+00:00,2026-07-09T08:02:44.535757,2,2,124.25,0.5,124.0,50,123.8,150,,,,,,,,,,,,,,,,,124.5,72,125.4,5,,,,,,,,,,,,,,,,
2026-07-09T08:02:45.049023+00:00,2026-07-09T08:02:45.048939,2,1,124.25,0.5,124.0,50,123.8,150,,,,,,,,,,,,,,,,,124.5,72,,,,,,,,,,,,,,,,,,
2026-07-09T08:02:45.058640+00:00,2026-07-09T08:02:45.054133,2,2,124.25,0.5,124.0,50,123.8,150,,,,,,,,,,,,,,,,,124.5,72,125.4,5,,,,,,,,,,,,,,,,
2026-07-09T08:02:45.483061+00:00,2026-07-09T08:02:45.483028,1,2,124.25,0.5,124.0,50,,,,,,,,,,,,,,,,,,,124.5,72,125.4,5,,,,,,,,,,,,,,,,
2026-07-09T08:02:45.537290+00:00,2026-07-09T08:02:45.537440,2,2,124.35,0.3,124.2,150,124.0,50,,,,,,,,,,,,,,,,,124.5,72,125.4,5,,,,,,,,,,,,,,,,
2026-07-09T08:02:45.590042+00:00,2026-07-09T08:02:45.589962,2,3,124.35,0.3,124.2,150,124.0,50,,,,,,,,,,,,,,,,,124.5,72,124.7,150,125.4,5,,,,,,,,,,,,,,
2026-07-09T08:02:45.595297+00:00,2026-07-09T08:02:45.595120,2,2,124.35,0.3,124.2,150,124.0,50,,,,,,,,,,,,,,,,,124.5,72,124.7,150,,,,,,,,,,,,,,,,
2026-07-09T08:02:45.605687+00:00,2026-07-09T08:02:45.605591,2,3,124.35,0.3,124.2,150,124.0,50,,,,,,,,,,,,,,,,,124.5,72,124.7,150,125.4,5,,,,,,,,,,,,,,
2026-07-09T08:02:46.009977+00:00,2026-07-09T08:02:46.009854,1,2,124.45,0.5,124.2,150,,,,,,,,,,,,,,,,,,,124.7,150,125.4,5,,,,,,,,,,,,,,,,
2026-07-09T08:02:46.065527+00:00,2026-07-09T08:02:46.065630,2,2,124.45,0.5,124.2,150,123.7,100,,,,,,,,,,,,,,,,,124.7,150,125.4,5,,,,,,,,,,,,,,,,
2026-07-09T08:02:46.120137+00:00,2026-07-09T08:02:46.120066,2,1,124.45,0.5,124.2,50,123.7,100,,,,,,,,,,,,,,,,,124.7,150,,,,,,,,,,,,,,,,,,
2026-07-09T08:02:46.130602+00:00,2026-07-09T08:02:46.130483,2,2,124.45,0.5,124.2,50,123.7,100,,,,,,,,,,,,,,,,,124.7,150,125.4,5,,,,,,,,,,,,,,,,
2026-07-09T08:02:46.302979+00:00,2026-07-09T08:02:46.295954,2,2,124.45,0.5,124.2,38,123.7,100,,,,,,,,,,,,,,,,,124.7,150,125.4,5,,,,,,,,,,,,,,,,
2026-07-09T08:02:46.503394+00:00,2026-07-09T08:02:46.503504,1,2,124.2,1.0,123.7,88,,,,,,,,,,,,,,,,,,,124.7,150,125.4,5,,,,,,,,,,,,,,,,
2026-07-09T08:02:46.640514+00:00,2026-07-09T08:02:46.640590,1,1,124.2,1.0,123.7,88,,,,,,,,,,,,,,,,,,,124.7,150,,,,,,,,,,,,,,,,,,
2026-07-09T08:02:46.658781+00:00,2026-07-09T08:02:46.658649,1,2,124.2,1.0,123.7,88,,,,,,,,,,,,,,,,,,,124.7,150,125.4,5,,,,,,,,,,,,,,,,
2026-07-09T08:02:47.158594+00:00,2026-07-09T08:02:47.156672,1,2,124.2,1.0,123.7,88,,,,,,,,,,,,,,,,,,,124.7,150,125.4,5,,,,,,,,,,,,,,,,
2026-07-09T08:02:47.623660+00:00,2026-07-09T08:02:47.623554,1,2,124.2,1.0,123.7,88,,,,,,,,,,,,,,,,,,,124.7,110,125.4,5,,,,,,,,,,,,,,,,
2026-07-09T08:02:47.670728+00:00,2026-07-09T08:02:47.670705,1,1,124.2,1.0,123.7,88,,,,,,,,,,,,,,,,,,,124.7,110,,,,,,,,,,,,,,,,,,
2026-07-09T08:02:47.675998+00:00,2026-07-09T08:02:47.675893,1,2,124.2,1.0,123.7,88,,,,,,,,,,,,,,,,,,,124.7,110,125.4,5,,,,,,,,,,,,,,,,
2026-07-09T08:02:48.206044+00:00,2026-07-09T08:02:48.205913,1,1,124.2,1.0,123.7,88,,,,,,,,,,,,,,,,,,,124.7,110,,,,,,,,,,,,,,,,,,
2026-07-09T08:02:48.221640+00:00,2026-07-09T08:02:48.221600,1,2,124.2,1.0,123.7,88,,,,,,,,,,,,,,,,,,,124.7,110,125.3,5,,,,,,,,,,,,,,,,
2026-07-09T08:02:48.613547+00:00,2026-07-09T08:02:48.613451,1,2,124.2,1.0,123.7,38,,,,,,,,,,,,,,,,,,,124.7,110,125.3,5,,,,,,,,,,,,,,,,
2026-07-09T08:02:48.658569+00:00,2026-07-09T08:02:48.648478,1,1,124.5,1.6,123.7,38,,,,,,,,,,,,,,,,,,,125.3,5,,,,,,,,,,,,,,,,,,
2026-07-09T08:02:48.699559+00:00,2026-07-09T08:02:48.699503,1,1,124.5,1.6,123.7,188,,,,,,,,,,,,,,,,,,,125.3,5,,,,,,,,,,,,,,,,,,
2026-07-09T08:02:48.727352+00:00,2026-07-09T08:02:48.727256,1,0,,,123.7,188,,,,,,,,,,,,,,,,,,,,,,,,,,,,,,,,,,,,,,
2026-07-09T08:02:48.763654+00:00,2026-07-09T08:02:48.763853,1,1,123.95,0.5,123.7,188,,,,,,,,,,,,,,,,,,,124.2,150,,,,,,,,,,,,,,,,,,
2026-07-09T08:02:49.181795+00:00,2026-07-09T08:02:49.181730,1,1,123.95,0.5,123.7,150,,,,,,,,,,,,,,,,,,,124.2,150,,,,,,,,,,,,,,,,,,
2026-07-09T08:02:49.234197+00:00,2026-07-09T08:02:49.234109,2,1,123.95,0.5,123.7,150,123.6,100,,,,,,,,,,,,,,,,,124.2,150,,,,,,,,,,,,,,,,,,
2026-07-09T08:02:49.269488+00:00,2026-07-09T08:02:49.269340,2,2,123.95,0.5,123.7,150,123.6,100,,,,,,,,,,,,,,,,,124.2,150,125.2,5,,,,,,,,,,,,,,,,
2026-07-09T08:02:49.290152+00:00,2026-07-09T08:02:49.290051,2,3,123.9,0.4,123.7,150,123.6,100,,,,,,,,,,,,,,,,,124.1,100,124.2,150,125.2,5,,,,,,,,,,,,,,
2026-07-09T08:02:49.775331+00:00,2026-07-09T08:02:49.775294,2,2,123.9,0.4,123.7,150,123.6,100,,,,,,,,,,,,,,,,,124.1,100,124.2,150,,,,,,,,,,,,,,,,
2026-07-09T08:02:49.780384+00:00,2026-07-09T08:02:49.780523,2,3,123.9,0.4,123.7,150,123.6,100,,,,,,,,,,,,,,,,,124.1,100,124.2,150,125.2,5,,,,,,,,,,,,,,
2026-07-09T08:02:50.294295+00:00,2026-07-09T08:02:50.294269,2,2,123.9,0.4,123.7,150,123.6,100,,,,,,,,,,,,,,,,,124.1,100,124.2,150,,,,,,,,,,,,,,,,
2026-07-09T08:02:50.299500+00:00,2026-07-09T08:02:50.299465,2,3,123.9,0.4,123.7,150,123.6,100,,,,,,,,,,,,,,,,,124.1,100,124.2,150,125.1,5,,,,,,,,,,,,,,
2026-07-09T08:02:50.722005+00:00,2026-07-09T08:02:50.721935,2,3,123.9,0.4,123.7,100,123.6,100,,,,,,,,,,,,,,,,,124.1,100,124.2,150,125.1,5,,,,,,,,,,,,,,
2026-07-09T08:02:50.807647+00:00,2026-07-09T08:02:50.807804,2,2,123.9,0.4,123.7,100,123.6,100,,,,,,,,,,,,,,,,,124.1,100,124.2,150,,,,,,,,,,,,,,,,
2026-07-09T08:02:50.818341+00:00,2026-07-09T08:02:50.818233,2,3,123.9,0.4,123.7,100,123.6,100,,,,,,,,,,,,,,,,,124.1,100,124.2,150,125.2,5,,,,,,,,,,,,,,
2026-07-09T08:02:51.341628+00:00,2026-07-09T08:02:51.341704,2,2,123.9,0.4,123.7,100,123.6,100,,,,,,,,,,,,,,,,,124.1,100,124.2,150,,,,,,,,,,,,,,,,
2026-07-09T08:02:51.346977+00:00,2026-07-09T08:02:51.346907,2,3,123.9,0.4,123.7,100,123.6,100,,,,,,,,,,,,,,,,,124.1,100,124.2,150,125.2,5,,,,,,,,,,,,,,
2026-07-09T08:02:51.815504+00:00,2026-07-09T08:02:51.815463,1,2,123.85,0.5,123.6,100,,,,,,,,,,,,,,,,,,,124.1,100,125.2,5,,,,,,,,,,,,,,,,
2026-07-09T08:02:51.856685+00:00,2026-07-09T08:02:51.856570,1,1,123.85,0.5,123.6,100,,,,,,,,,,,,,,,,,,,124.1,100,,,,,,,,,,,,,,,,,,
2026-07-09T08:02:51.867183+00:00,2026-07-09T08:02:51.867048,2,2,123.85,0.5,123.6,100,123.5,150,,,,,,,,,,,,,,,,,124.1,100,125.3,5,,,,,,,,,,,,,,,,
2026-07-09T08:02:51.925966+00:00,2026-07-09T08:02:51.926066,2,3,123.8,0.4,123.6,100,123.5,150,,,,,,,,,,,,,,,,,124.0,150,124.1,100,125.3,5,,,,,,,,,,,,,,
2026-07-09T08:02:52.317178+00:00,2026-07-09T08:02:52.317127,2,3,123.8,0.4,123.6,100,123.5,150,,,,,,,,,,,,,,,,,124.0,106,124.1,100,125.3,5,,,,,,,,,,,,,,
2026-07-09T08:02:52.343107+00:00,2026-07-09T08:02:52.343038,1,2,123.75,0.5,123.5,150,,,,,,,,,,,,,,,,,,,124.0,106,125.3,5,,,,,,,,,,,,,,,,
2026-07-09T08:02:52.374912+00:00,2026-07-09T08:02:52.374842,1,1,123.75,0.5,123.5,150,,,,,,,,,,,,,,,,,,,124.0,106,,,,,,,,,,,,,,,,,,
2026-07-09T08:02:52.380136+00:00,2026-07-09T08:02:52.380029,1,2,123.75,0.5,123.5,150,,,,,,,,,,,,,,,,,,,124.0,106,125.3,5,,,,,,,,,,,,,,,,
2026-07-09T08:02:52.398071+00:00,2026-07-09T08:02:52.398040,2,2,123.85,0.3,123.7,100,123.5,150,,,,,,,,,,,,,,,,,124.0,106,125.3,5,,,,,,,,,,,,,,,,
2026-07-09T08:02:52.450943+00:00,2026-07-09T08:02:52.450889,2,3,123.85,0.3,123.7,100,123.5,150,,,,,,,,,,,,,,,,,124.0,106,124.2,100,125.3,5,,,,,,,,,,,,,,
2026-07-09T08:02:52.858718+00:00,2026-07-09T08:02:52.852912,2,3,123.85,0.3,123.7,50,123.5,150,,,,,,,,,,,,,,,,,124.0,106,124.2,100,125.3,5,,,,,,,,,,,,,,
