recv_time,book_timestamp,n_bids,n_asks,mid,spread,bid_px_0,bid_vol_0,bid_px_1,bid_vol_1,bid_px_2,bid_vol_2,bid_px_3,bid_vol_3,bid_px_4,bid_vol_4,bid_px_5,bid_vol_5,bid_px_6,bid_vol_6,bid_px_7,bid_vol_7,bid_px_8,bid_vol_8,bid_px_9,bid_vol_9,ask_px_0,ask_vol_0,ask_px_1,ask_vol_1,ask_px_2,ask_vol_2,ask_px_3,ask_vol_3,ask_px_4,ask_vol_4,ask_px_5,ask_vol_5,ask_px_6,ask_vol_6,ask_px_7,ask_vol_7,ask_px_8,ask_vol_8,ask_px_9,ask_vol_9
2026-07-08T03:00:00.076182+00:00,2026-07-08T03:00:00.093206,2,3,122.35,0.3,122.2,5,122.1,82,,,,,,,,,,,,,,,,,122.5,5,122.8,10,123.2,150,,,,,,,,,,,,,,
2026-07-08T03:00:00.435617+00:00,2026-07-08T03:00:00.280879,2,2,122.35,0.3,122.2,5,122.1,82,,,,,,,,,,,,,,,,,122.5,5,123.2,150,,,,,,,,,,,,,,,,
2026-07-08T03:00:00.609287+00:00,2026-07-08T03:00:00.609486,1,1,122.65,1.1,122.1,82,,,,,,,,,,,,,,,,,,,123.2,150,,,,,,,,,,,,,,,,,,
2026-07-08T03:00:00.620023+00:00,2026-07-08T03:00:00.619892,2,1,122.75,0.9,122.3,5,122.1,82,,,,,,,,,,,,,,,,,123.2,150,,,,,,,,,,,,,,,,,,
2026-07-08T03:00:00.625208+00:00,2026-07-08T03:00:00.625065,2,2,122.45,0.3,122.3,5,122.1,82,,,,,,,,,,,,,,,,,122.6,5,123.2,150,,,,,,,,,,,,,,,,
2026-07-08T03:00:00.677120+00:00,2026-07-08T03:00:00.641144,1,2,122.35,0.5,122.1,43,,,,,,,,,,,,,,,,,,,122.6,5,123.2,150,,,,,,,,,,,,,,,,
2026-07-08T03:00:00.706674+00:00,2026-07-08T03:00:00.706811,2,2,122.4,0.4,122.2,10,122.1,43,,,,,,,,,,,,,,,,,122.6,5,123.2,150,,,,,,,,,,,,,,,,
2026-07-08T03:00:00.765699+00:00,2026-07-08T03:00:00.765633,2,1,122.4,0.4,122.2,10,122.1,43,,,,,,,,,,,,,,,,,122.6,5,,,,,,,,,,,,,,,,,,
2026-07-08T03:00:00.819925+00:00,2026-07-08T03:00:00.819732,3,1,122.4,0.4,122.2,10,122.1,43,122.0,150,,,,,,,,,,,,,,,122.6,5,,,,,,,,,,,,,,,,,,
2026-07-08T03:00:00.885063+00:00,2026-07-08T03:00:00.884961,3,2,122.35,0.3,122.2,10,122.1,43,122.0,150,,,,,,,,,,,,,,,122.5,150,122.6,5,,,,,,,,,,,,,,,,
2026-07-08T03:00:01.029703+00:00,2026-07-08T03:00:01.029604,2,2,122.3,0.4,122.1,43,122.0,150,,,,,,,,,,,,,,,,,122.5,150,122.6,5,,,,,,,,,,,,,,,,
2026-07-08T03:00:01.136870+00:00,2026-07-08T03:00:01.136799,2,1,122.3,0.4,122.1,43,122.0,150,,,,,,,,,,,,,,,,,122.5,150,,,,,,,,,,,,,,,,,,
2026-07-08T03:00:01.142150+00:00,2026-07-08T03:00:01.142032,2,1,122.3,0.4,122.1,33,122.0,150,,,,,,,,,,,,,,,,,122.5,150,,,,,,,,,,,,,,,,,,
2026-07-08T03:00:01.158634+00:00,2026-07-08T03:00:01.152652,3,2,122.15,0.1,122.1,33,122.0,150,121.9,5,,,,,,,,,,,,,,,122.2,5,122.5,150,,,,,,,,,,,,,,,,
2026-07-08T03:00:01.674870+00:00,2026-07-08T03:00:01.675022,2,1,122.3,0.4,122.1,33,122.0,150,,,,,,,,,,,,,,,,,122.5,150,,,,,,,,,,,,,,,,,,
2026-07-08T03:00:01.690859+00:00,2026-07-08T03:00:01.690759,2,1,122.25,0.5,122.0,133,121.9,5,,,,,,,,,,,,,,,,,122.5,150,,,,,,,,,,,,,,,,,,
2026-07-08T03:00:01.696046+00:00,2026-07-08T03:00:01.695927,2,2,122.1,0.2,122.0,133,121.9,5,,,,,,,,,,,,,,,,,122.2,5,122.5,150,,,,,,,,,,,,,,,,
2026-07-08T03:00:01.981447+00:00,2026-07-08T03:00:01.981372,3,2,122.1,0.2,122.0,133,121.9,5,121.6,100,,,,,,,,,,,,,,,122.2,5,122.5,150,,,,,,,,,,,,,,,,
2026-07-08T03:00:02.038384+00:00,2026-07-08T03:00:02.038242,3,3,122.05,0.1,122.0,133,121.9,5,121.6,100,,,,,,,,,,,,,,,122.1,100,122.2,5,122.5,150,,,,,,,,,,,,,,
2026-07-08T03:00:02.204502+00:00,2026-07-08T03:00:02.204421,2,2,122.05,0.1,122.0,133,121.6,100,,,,,,,,,,,,,,,,,122.1,100,122.5,150,,,,,,,,,,,,,,,,
2026-07-08T03:00:02.219974+00:00,2026-07-08T03:00:02.220130,3,2,122.05,0.1,122.0,133,121.8,5,121.6,100,,,,,,,,,,,,,,,122.1,105,122.5,150,,,,,,,,,,,,,,,,
2026-07-08T03:00:02.736063+00:00,2026-07-08T03:00:02.736020,2,2,122.05,0.1,122.0,133,121.6,100,,,,,,,,,,,,,,,,,122.1,100,122.5,150,,,,,,,,,,,,,,,,
2026-07-08T03:00:02.746539+00:00,2026-07-08T03:00:02.746463,3,2,122.05,0.1,122.0,133,121.8,5,121.6,100,,,,,,,,,,,,,,,122.1,100,122.5,150,,,,,,,,,,,,,,,,
2026-07-08T03:00:02.751757+00:00,2026-07-08T03:00:02.751612,3,2,122.05,0.1,122.0,133,121.8,5,121.6,100,,,,,,,,,,,,,,,122.1,105,122.5,150,,,,,,,,,,,,,,,,
2026-07-08T03:00:03.298987+00:00,2026-07-08T03:00:03.296739,3,2,122.05,0.1,122.0,133,121.7,5,121.6,100,,,,,,,,,,,,,,,122.1,100,122.5,150,,,,,,,,,,,,,,,,
2026-07-08T03:00:03.310376+00:00,2026-07-08T03:00:03.310299,3,2,122.05,0.1,122.0,128,121.7,5,121.6,100,,,,,,,,,,,,,,,122.1,100,122.5,150,,,,,,,,,,,,,,,,
2026-07-08T03:00:03.822616+00:00,2026-07-08T03:00:03.822727,2,2,122.05,0.1,122.0,128,121.6,100,,,,,,,,,,,,,,,,,122.1,100,122.5,150,,,,,,,,,,,,,,,,
2026-07-08T03:00:03.833309+00:00,2026-07-08T03:00:03.833268,2,2,122.05,0.1,122.0,128,121.6,100,,,,,,,,,,,,,,,,,122.1,90,122.5,150,,,,,,,,,,,,,,,,
2026-07-08T03:00:03.838657+00:00,2026-07-08T03:00:03.838540,2,2,122.05,0.1,122.0,128,121.6,100,,,,,,,,,,,,,,,,,122.1,80,122.5,150,,,,,,,,,,,,,,,,
2026-07-08T03:00:03.849053+00:00,2026-07-08T03:00:03.848919,2,3,122.05,0.1,122.0,128,121.6,100,,,,,,,,,,,,,,,,,122.1,80,122.2,5,122.5,150,,,,,,,,,,,,,,
2026-07-08T03:00:03.936002+00:00,2026-07-08T03:00:03.935952,1,2,121.85,0.5,121.6,100,,,,,,,,,,,,,,,,,,,122.1,80,122.2,5,,,,,,,,,,,,,,,,
2026-07-08T03:00:03.992346+00:00,2026-07-08T03:00:03.992183,2,2,121.85,0.5,121.6,100,121.5,150,,,,,,,,,,,,,,,,,122.1,80,122.2,5,,,,,,,,,,,,,,,,
2026-07-08T03:00:04.046806+00:00,2026-07-08T03:00:04.046746,2,3,121.8,0.4,121.6,100,121.5,150,,,,,,,,,,,,,,,,,122.0,150,122.1,80,122.2,5,,,,,,,,,,,,,,
2026-07-08T03:00:04.058417+00:00,2026-07-08T03:00:04.051330,2,3,121.8,0.4,121.6,100,121.5,150,,,,,,,,,,,,,,,,,122.0,147,122.1,80,122.2,5,,,,,,,,,,,,,,
2026-07-08T03:00:04.082783+00:00,2026-07-08T03:00:04.082735,3,3,121.85,0.3,121.7,10,121.6,100,121.5,150,,,,,,,,,,,,,,,122.0,147,122.1,80,122.2,5,,,,,,,,,,,,,,
2026-07-08T03:00:04.354445+00:00,2026-07-08T03:00:04.354652,3,2,121.85,0.3,121.7,10,121.6,100,121.5,150,,,,,,,,,,,,,,,122.0,147,122.1,80,,,,,,,,,,,,,,,,
2026-07-08T03:00:04.365129+00:00,2026-07-08T03:00:04.365069,3,2,121.85,0.3,121.7,10,121.6,100,121.5,150,,,,,,,,,,,,,,,122.0,147,122.1,85,,,,,,,,,,,,,,,,
2026-07-08T03:00:04.872668+00:00,2026-07-08T03:00:04.872812,3,2,121.85,0.3,121.7,10,121.6,100,121.5,150,,,,,,,,,,,,,,,122.0,147,122.1,80,,,,,,,,,,,,,,,,
2026-07-08T03:00:04.883264+00:00,2026-07-08T03:00:04.883209,3,2,121.85,0.3,121.7,10,121.6,100,121.5,150,,,,,,,,,,,,,,,122.0,152,122.1,80,,,,,,,,,,,,,,,,
2026-07-08T03:00:04.958650+00:00,2026-07-08T03:00:04.957014,2,2,121.8,0.4,121.6,100,121.5,150,,,,,,,,,,,,,,,,,122.0,152,122.1,80,,,,,,,,,,,,,,,,
2026-07-08T03:00:05.091487+00:00,2026-07-08T03:00:05.091432,1,1,121.75,0.5,121.5,150,,,,,,,,,,,,,,,,,,,122.0,152,,,,,,,,,,,,,,,,,,
2026-07-08T03:00:05.145713+00:00,2026-07-08T03:00:05.145600,1,1,121.75,0.5,121.5,250,,,,,,,,,,,,,,,,,,,122.0,152,,,,,,,,,,,,,,,,,,
2026-07-08T03:00:05.199668+00:00,2026-07-08T03:00:05.199625,1,1,121.75,0.5,121.5,250,,,,,,,,,,,,,,,,,,,122.0,252,,,,,,,,,,,,,,,,,,
2026-07-08T03:00:05.381586+00:00,2026-07-08T03:00:05.381473,1,1,121.75,0.5,121.5,260,,,,,,,,,,,,,,,,,,,122.0,252,,,,,,,,,,,,,,,,,,
2026-07-08T03:00:05.392041+00:00,2026-07-08T03:00:05.391957,1,1,121.75,0.5,121.5,260,,,,,,,,,,,,,,,,,,,122.0,247,,,,,,,,,,,,,,,,,,
2026-07-08T03:00:05.397286+00:00,2026-07-08T03:00:05.397212,1,2,121.7,0.4,121.5,260,,,,,,,,,,,,,,,,,,,121.9,5,122.0,247,,,,,,,,,,,,,,,,
2026-07-08T03:00:05.694983+00:00,2026-07-08T03:00:05.694892,1,2,121.7,0.4,121.5,250,,,,,,,,,,,,,,,,,,,121.9,5,122.0,247,,,,,,,,,,,,,,,,
2026-07-08T03:00:05.849706+00:00,2026-07-08T03:00:05.849651,1,1,121.75,0.5,121.5,250,,,,,,,,,,,,,,,,,,,122.0,202,,,,,,,,,,,,,,,,,,
2026-07-08T03:00:05.910084+00:00,2026-07-08T03:00:05.910295,1,1,121.75,0.5,121.5,250,,,,,,,,,,,,,,,,,,,122.0,197,,,,,,,,,,,,,,,,,,
2026-07-08T03:00:05.920687+00:00,2026-07-08T03:00:05.920779,1,2,121.7,0.4,121.5,250,,,,,,,,,,,,,,,,,,,121.9,5,122.0,197,,,,,,,,,,,,,,,,
2026-07-08T03:00:05.930844+00:00,2026-07-08T03:00:05.924751,1,1,121.75,0.5,121.5,250,,,,,,,,,,,,,,,,,,,122.0,197,,,,,,,,,,,,,,,,,,
2026-07-08T03:00:06.112868+00:00,2026-07-08T03:00:06.112772,2,1,121.8,0.4,121.6,10,121.5,250,,,,,,,,,,,,,,,,,122.0,197,,,,,,,,,,,,,,,,,,
2026-07-08T03:00:06.431673+00:00,2026-07-08T03:00:06.431623,2,1,121.8,0.4,121.6,10,121.5,250,,,,,,,,,,,,,,,,,122.0,192,,,,,,,,,,,,,,,,,,
2026-07-08T03:00:06.442132+00:00,2026-07-08T03:00:06.442038,2,1,121.8,0.4,121.6,10,121.5,250,,,,,,,,,,,,,,,,,122.0,197,,,,,,,,,,,,,,,,,,
2026-07-08T03:00:06.949218+00:00,2026-07-08T03:00:06.949116,2,1,121.8,0.4,121.6,10,121.5,250,,,,,,,,,,,,,,,,,122.0,192,,,,,,,,,,,,,,,,,,
2026-07-08T03:00:06.958682+00:00,2026-07-08T03:00:06.954494,2,1,121.8,0.4,121.6,10,121.5,250,,,,,,,,,,,,,,,,,122.0,197,,,,,,,,,,,,,,,,,,
2026-07-08T03:00:07.101324+00:00,2026-07-08T03:00:07.101224,2,1,121.8,0.4,121.6,10,121.5,100,,,,,,,,,,,,,,,,,122.0,105,,,,,,,,,,,,,,,,,,
2026-07-08T03:00:07.164013+00:00,2026-07-08T03:00:07.163820,2,1,121.8,0.4,121.6,160,121.5,100,,,,,,,,,,,,,,,,,122.0,105,,,,,,,,,,,,,,,,,,
2026-07-08T03:00:07.208355+00:00,2026-07-08T03:00:07.208278,2,2,121.8,0.4,121.6,160,121.5,100,,,,,,,,,,,,,,,,,122.0,105,122.1,150,,,,,,,,,,,,,,,,
2026-07-08T03:00:07.468524+00:00,2026-07-08T03:00:07.468386,2,2,121.8,0.4,121.6,160,121.5,100,,,,,,,,,,,,,,,,,122.0,100,122.1,150,,,,,,,,,,,,,,,,
2026-07-08T03:00:07.478875+00:00,2026-07-08T03:00:07.478748,2,2,121.8,0.4,121.6,160,121.5,100,,,,,,,,,,,,,,,,,122.0,105,122.1,150,,,,,,,,,,,,,,,,
2026-07-08T03:00:07.958602+00:00,2026-07-08T03:00:07.954221,2,2,121.8,0.4,121.6,160,121.5,100,,,,,,,,,,,,,,,,,122.0,55,122.1,150,,,,,,,,,,,,,,,,
2026-07-08T03:00:07.984882+00:00,2026-07-08T03:00:07.984778,2,2,121.8,0.4,121.6,160,121.5,100,,,,,,,,,,,,,,,,,122.0,50,122.1,150,,,,,,,,,,,,,,,,
2026-07-08T03:00:07.995228+00:00,2026-07-08T03:00:07.995164,2,2,121.8,0.4,121.6,160,121.5,100,,,,,,,,,,,,,,,,,122.0,55,122.1,150,,,,,,,,,,,,,,,,
2026-07-08T03:00:08.258586+00:00,2026-07-08T03:00:08.255118,1,2,121.8,0.4,121.6,160,,,,,,,,,,,,,,,,,,,122.0,5,122.1,150,,,,,,,,,,,,,,,,
2026-07-08T03:00:08.308385+00:00,2026-07-08T03:00:08.308318,2,2,121.85,0.3,121.7,100,121.6,160,,,,,,,,,,,,,,,,,122.0,5,122.1,150,,,,,,,,,,,,,,,,
2026-07-08T03:00:08.358677+00:00,2026-07-08T03:00:08.358374,2,3,121.85,0.3,121.7,100,121.6,160,,,,,,,,,,,,,,,,,122.0,5,122.1,150,122.2,100,,,,,,,,,,,,,,
2026-07-08T03:00:08.414596+00:00,2026-07-08T03:00:08.414750,2,3,121.85,0.3,121.7,100,121.6,150,,,,,,,,,,,,,,,,,122.0,5,122.1,150,122.2,100,,,,,,,,,,,,,,
2026-07-08T03:00:08.505302+00:00,2026-07-08T03:00:08.505203,2,2,121.9,0.4,121.7,100,121.6,150,,,,,,,,,,,,,,,,,122.1,150,122.2,100,,,,,,,,,,,,,,,,
2026-07-08T03:00:08.510473+00:00,2026-07-08T03:00:08.510433,2,3,121.85,0.3,121.7,100,121.6,150,,,,,,,,,,,,,,,,,122.0,5,122.1,150,122.2,100,,,,,,,,,,,,,,
2026-07-08T03:00:09.024030+00:00,2026-07-08T03:00:09.023933,2,2,121.9,0.4,121.7,100,121.6,150,,,,,,,,,,,,,,,,,122.1,150,122.2,100,,,,,,,,,,,,,,,,
2026-07-08T03:00:09.034400+00:00,2026-07-08T03:00:09.034311,2,3,121.85,0.3,121.7,100,121.6,150,,,,,,,,,,,,,,,,,122.0,5,122.1,150,122.2,100,,,,,,,,,,,,,,
2026-07-08T03:00:09.546042+00:00,2026-07-08T03:00:09.545925,2,2,121.9,0.4,121.7,100,121.6,150,,,,,,,,,,,,,,,,,122.1,150,122.2,100,,,,,,,,,,,,,,,,
2026-07-08T03:00:09.558558+00:00,2026-07-08T03:00:09.556481,2,3,121.85,0.3,121.7,100,121.6,150,,,,,,,,,,,,,,,,,122.0,5,122.1,150,122.2,100,,,,,,,,,,,,,,
2026-07-08T03:00:10.058245+00:00,2026-07-08T03:00:10.058462,2,2,121.9,0.4,121.7,100,121.6,150,,,,,,,,,,,,,,,,,122.1,150,122.2,100,,,,,,,,,,,,,,,,
2026-07-08T03:00:10.069260+00:00,2026-07-08T03:00:10.069059,2,2,121.9,0.4,121.7,100,121.6,150,,,,,,,,,,,,,,,,,122.1,100,122.2,100,,,,,,,,,,,,,,,,
2026-07-08T03:00:10.074519+00:00,2026-07-08T03:00:10.074447,2,3,121.85,0.3,121.7,100,121.6,150,,,,,,,,,,,,,,,,,122.0,5,122.1,100,122.2,100,,,,,,,,,,,,,,
2026-07-08T03:00:10.258617+00:00,2026-07-08T03:00:10.258213,1,2,121.85,0.3,121.7,100,,,,,,,,,,,,,,,,,,,122.0,5,122.2,100,,,,,,,,,,,,,,,,
2026-07-08T03:00:10.318979+00:00,2026-07-08T03:00:10.318897,2,2,121.9,0.2,121.8,150,121.7,100,,,,,,,,,,,,,,,,,122.0,5,122.2,100,,,,,,,,,,,,,,,,
2026-07-08T03:00:10.371974+00:00,2026-07-08T03:00:10.371854,2,3,121.9,0.2,121.8,150,121.7,100,,,,,,,,,,,,,,,,,122.0,5,122.2,100,122.3,150,,,,,,,,,,,,,,
2026-07-08T03:00:10.582136+00:00,2026-07-08T03:00:10.582085,2,2,122.0,0.4,121.8,150,121.7,100,,,,,,,,,,,,,,,,,122.2,100,122.3,150,,,,,,,,,,,,,,,,
2026-07-08T03:00:10.594020+00:00,2026-07-08T03:00:10.593957,2,3,121.95,0.3,121.8,150,121.7,100,,,,,,,,,,,,,,,,,122.1,5,122.2,100,122.3,150,,,,,,,,,,,,,,
2026-07-08T03:00:10.970409+00:00,2026-07-08T03:00:10.970227,2,3,121.95,0.3,121.8,108,121.7,100,,,,,,,,,,,,,,,,,122.1,5,122.2,100,122.3,150,,,,,,,,,,,,,,
2026-07-08T03:00:11.106278+00:00,2026-07-08T03:00:11.106207,2,3,121.95,0.3,121.8,108,121.7,100,,,,,,,,,,,,,,,,,122.1,5,122.2,100,122.3,150,,,,,,,,,,,,,,
2026-07-08T03:00:11.417775+00:00,2026-07-08T03:00:11.417673,1,2,121.95,0.3,121.8,108,,,,,,,,,,,,,,,,,,,122.1,5,122.3,150,,,,,,,,,,,,,,,,
2026-07-08T03:00:11.473881+00:00,2026-07-08T03:00:11.473764,2,2,121.95,0.3,121.8,108,121.7,100,,,,,,,,,,,,,,,,,122.1,5,122.3,150,,,,,,,,,,,,,,,,
2026-07-08T03:00:11.524446+00:00,2026-07-08T03:00:11.524415,2,3,121.95,0.3,121.8,108,121.7,100,,,,,,,,,,,,,,,,,122.1,5,122.2,100,122.3,150,,,,,,,,,,,,,,
2026-07-08T03:00:11.618382+00:00,2026-07-08T03:00:11.618266,2,2,122.0,0.4,121.8,108,121.7,100,,,,,,,,,,,,,,,,,122.2,100,122.3,150,,,,,,,,,,,,,,,,
2026-07-08T03:00:11.628751+00:00,2026-07-08T03:00:11.628663,2,3,121.95,0.3,121.8,108,121.7,100,,,,,,,,,,,,,,,,,122.1,5,122.2,100,122.3,150,,,,,,,,,,,,,,
2026-07-08T03:00:12.137074+00:00,2026-07-08T03:00:12.136982,2,2,122.0,0.4,121.8,108,121.7,100,,,,,,,,,,,,,,,,,122.2,100,122.3,150,,,,,,,,,,,,,,,,
2026-07-08T03:00:12.147476+00:00,2026-07-08T03:00:12.147396,2,3,121.95,0.3,121.8,108,121.7,100,,,,,,,,,,,,,,,,,122.1,5,122.2,100,122.3,150,,,,,,,,,,,,,,
2026-07-08T03:00:12.173990+00:00,2026-07-08T03:00:12.174167,2,2,122.0,0.4,121.8,108,121.7,100,,,,,,,,,,,,,,,,,122.2,55,122.3,150,,,,,,,,,,,,,,,,
2026-07-08T03:00:12.664638+00:00,2026-07-08T03:00:12.664591,2,2,122.0,0.4,121.8,113,121.7,100,,,,,,,,,,,,,,,,,122.2,55,122.3,150,,,,,,,,,,,,,,,,
2026-07-08T03:00:12.669662+00:00,2026-07-08T03:00:12.669756,2,3,121.9,0.2,121.8,113,121.7,100,,,,,,,,,,,,,,,,,122.0,5,122.2,55,122.3,150,,,,,,,,,,,,,,
2026-07-08T03:00:12.996083+00:00,2026-07-08T03:00:12.995910,2,2,122.0,0.4,121.8,113,121.7,100,,,,,,,,,,,,,,,,,122.2,12,122.3,150,,,,,,,,,,,,,,,,
2026-07-08T03:00:13.181056+00:00,2026-07-08T03:00:13.180978,2,2,122.0,0.4,121.8,108,121.7,100,,,,,,,,,,,,,,,,,122.2,12,122.3,150,,,,,,,,,,,,,,,,
2026-07-08T03:00:13.196740+00:00,2026-07-08T03:00:13.196644,2,2,122.0,0.4,121.8,113,121.7,100,,,,,,,,,,,,,,,,,122.2,12,122.3,150,,,,,,,,,,,,,,,,
2026-07-08T03:00:13.201960+00:00,2026-07-08T03:00:13.201836,2,3,121.9,0.2,121.8,113,121.7,100,,,,,,,,,,,,,,,,,122.0,5,122.2,12,122.3,150,,,,,,,,,,,,,,
2026-07-08T03:00:13.426752+00:00,2026-07-08T03:00:13.426637,2,2,121.9,0.2,121.8,5,121.7,100,,,,,,,,,,,,,,,,,122.0,5,122.2,12,,,,,,,,,,,,,,,,
2026-07-08T03:00:13.479406+00:00,2026-07-08T03:00:13.479246,3,2,121.9,0.2,121.8,5,121.7,100,121.5,150,,,,,,,,,,,,,,,122.0,5,122.2,12,,,,,,,,,,,,,,,,
2026-07-08T03:00:13.531119+00:00,2026-07-08T03:00:13.530998,2,2,121.85,0.3,121.7,61,121.5,150,,,,,,,,,,,,,,,,,122.0,5,122.2,12,,,,,,,,,,,,,,,,
2026-07-08T03:00:13.536253+00:00,2026-07-08T03:00:13.536191,2,2,121.85,0.3,121.7,61,121.5,150,,,,,,,,,,,,,,,,,122.0,155,122.2,12,,,,,,,,,,,,,,,,
2026-07-08T03:00:13.713801+00:00,2026-07-08T03:00:13.713960,2,2,121.85,0.3,121.7,61,121.5,150,,,,,,,,,,,,,,,,,122.0,150,122.2,12,,,,,,,,,,,,,,,,
2026-07-08T03:00:13.729807+00:00,2026-07-08T03:00:13.729742,2,2,121.85,0.3,121.7,66,121.5,150,,,,,,,,,,,,,,,,,122.0,150,122.2,12,,,,,,,,,,,,,,,,
2026-07-08T03:00:13.734974+00:00,2026-07-08T03:00:13.734941,2,2,121.85,0.3,121.7,66,121.5,150,,,,,,,,,,,,,,,,,122.0,155,122.2,12,,,,,,,,,,,,,,,,
2026-07-08T03:00:14.240524+00:00,2026-07-08T03:00:14.240444,2,2,121.85,0.3,121.7,66,121.5,150,,,,,,,,,,,,,,,,,122.0,150,122.2,12,,,,,,,,,,,,,,,,
2026-07-08T03:00:14.245809+00:00,2026-07-08T03:00:14.245698,2,2,121.85,0.3,121.7,61,121.5,150,,,,,,,,,,,,,,,,,122.0,150,122.2,12,,,,,,,,,,,,,,,,
2026-07-08T03:00:14.256416+00:00,2026-07-08T03:00:14.256329,2,2,121.85,0.3,121.7,61,121.5,150,,,,,,,,,,,,,,,,,122.0,145,122.2,12,,,,,,,,,,,,,,,,
2026-07-08T03:00:14.261460+00:00,2026-07-08T03:00:14.261565,2,2,121.85,0.3,121.7,61,121.5,150,,,,,,,,,,,,,,,,,122.0,150,122.2,12,,,,,,,,,,,,,,,,
2026-07-08T03:00:14.284539+00:00,2026-07-08T03:00:14.284393,2,2,121.85,0.3,121.7,61,121.5,150,,,,,,,,,,,,,,,,,122.0,100,122.2,12,,,,,,,,,,,,,,,,
2026-07-08T03:00:14.582407+00:00,2026-07-08T03:00:14.582376,1,1,121.75,0.5,121.5,150,,,,,,,,,,,,,,,,,,,122.0,100,,,,,,,,,,,,,,,,,,
2026-07-08T03:00:14.634806+00:00,2026-07-08T03:00:14.634708,2,1,121.95,0.1,121.9,100,121.5,150,,,,,,,,,,,,,,,,,122.0,100,,,,,,,,,,,,,,,,,,
2026-07-08T03:00:14.687894+00:00,2026-07-08T03:00:14.688007,2,2,121.95,0.1,121.9,100,121.5,150,,,,,,,,,,,,,,,,,122.0,100,122.4,100,,,,,,,,,,,,,,,,
2026-07-08T03:00:14.795297+00:00,2026-07-08T03:00:14.795239,2,2,121.95,0.1,121.9,100,121.5,150,,,,,,,,,,,,,,,,,122.0,95,122.4,100,,,,,,,,,,,,,,,,
2026-07-08T03:00:14.827013+00:00,2026-07-08T03:00:14.826918,2,3,121.95,0.1,121.9,100,121.5,150,,,,,,,,,,,,,,,,,122.0,95,122.1,5,122.4,100,,,,,,,,,,,,,,
2026-07-08T03:00:15.335023+00:00,2026-07-08T03:00:15.335112,2,2,121.95,0.1,121.9,100,121.5,150,,,,,,,,,,,,,,,,,122.0,95,122.4,100,,,,,,,,,,,,,,,,
2026-07-08T03:00:15.340397+00:00,2026-07-08T03:00:15.340314,2,3,121.95,0.1,121.9,100,121.5,150,,,,,,,,,,,,,,,,,122.0,95,122.1,5,122.4,100,,,,,,,,,,,,,,
2026-07-08T03:00:15.848285+00:00,2026-07-08T03:00:15.848206,2,2,121.95,0.1,121.9,100,121.5,150,,,,,,,,,,,,,,,,,122.0,95,122.4,100,,,,,,,,,,,,,,,,
2026-07-08T03:00:15.858596+00:00,2026-07-08T03:00:15.853428,2,3,121.95,0.1,121.9,100,121.5,150,,,,,,,,,,,,,,,,,122.0,95,122.1,5,122.4,100,,,,,,,,,,,,,,
2026-07-08T03:00:16.366912+00:00,2026-07-08T03:00:16.366829,2,2,121.95,0.1,121.9,100,121.5,150,,,,,,,,,,,,,,,,,122.0,95,122.4,100,,,,,,,,,,,,,,,,
2026-07-08T03:00:16.382501+00:00,2026-07-08T03:00:16.382344,2,3,121.95,0.1,121.9,100,121.5,150,,,,,,,,,,,,,,,,,122.0,95,122.1,5,122.4,100,,,,,,,,,,,,,,
2026-07-08T03:00:16.445599+00:00,2026-07-08T03:00:16.445471,2,3,121.95,0.1,121.9,50,121.5,150,,,,,,,,,,,,,,,,,122.0,95,122.1,5,122.4,100,,,,,,,,,,,,,,
2026-07-08T03:00:16.601286+00:00,2026-07-08T03:00:16.601391,1,2,122.0,0.2,121.9,50,,,,,,,,,,,,,,,,,,,122.1,5,122.4,100,,,,,,,,,,,,,,,,
2026-07-08T03:00:16.658608+00:00,2026-07-08T03:00:16.652478,1,2,122.0,0.2,121.9,200,,,,,,,,,,,,,,,,,,,122.1,5,122.4,100,,,,,,,,,,,,,,,,
2026-07-08T03:00:16.709522+00:00,2026-07-08T03:00:16.709463,1,2,122.0,0.2,121.9,200,,,,,,,,,,,,,,,,,,,122.1,5,122.4,250,,,,,,,,,,,,,,,,
2026-07-08T03:00:16.887044+00:00,2026-07-08T03:00:16.887171,1,1,122.15,0.5,121.9,200,,,,,,,,,,,,,,,,,,,122.4,250,,,,,,,,,,,,,,,,,,
2026-07-08T03:00:16.897593+00:00,2026-07-08T03:00:16.897565,1,2,122.05,0.3,121.9,200,,,,,,,,,,,,,,,,,,,122.2,5,122.4,250,,,,,,,,,,,,,,,,
2026-07-08T03:00:17.209729+00:00,2026-07-08T03:00:17.203377,1,2,122.05,0.3,121.9,195,,,,,,,,,,,,,,,,,,,122.2,5,122.4,250,,,,,,,,,,,,,,,,
2026-07-08T03:00:17.404796+00:00,2026-07-08T03:00:17.404602,1,1,122.15,0.5,121.9,195,,,,,,,,,,,,,,,,,,,122.4,250,,,,,,,,,,,,,,,,,,
2026-07-08T03:00:17.420578+00:00,2026-07-08T03:00:17.420487,1,2,122.05,0.3,121.9,195,,,,,,,,,,,,,,,,,,,122.2,5,122.4,250,,,,,,,,,,,,,,,,
2026-07-08T03:00:17.742961+00:00,2026-07-08T03:00:17.742847,1,2,122.05,0.3,121.9,150,,,,,,,,,,,,,,,,,,,122.2,5,122.4,150,,,,,,,,,,,,,,,,
2026-07-08T03:00:17.810853+00:00,2026-07-08T03:00:17.810790,2,2,122.05,0.3,121.9,150,121.8,100,,,,,,,,,,,,,,,,,122.2,5,122.4,150,,,,,,,,,,,,,,,,
2026-07-08T03:00:17.858565+00:00,2026-07-08T03:00:17.857130,2,3,122.05,0.3,121.9,150,121.8,100,,,,,,,,,,,,,,,,,122.2,5,122.3,100,122.4,150,,,,,,,,,,,,,,
2026-07-08T03:00:17.929811+00:00,2026-07-08T03:00:17.929670,2,2,122.1,0.4,121.9,150,121.8,100,,,,,,,,,,,,,,,,,122.3,100,122.4,150,,,,,,,,,,,,,,,,
2026-07-08T03:00:17.945583+00:00,2026-07-08T03:00:17.945495,2,3,122.0,0.2,121.9,150,121.8,100,,,,,,,,,,,,,,,,,122.1,5,122.3,100,122.4,150,,,,,,,,,,,,,,
2026-07-08T03:00:18.442306+00:00,2026-07-08T03:00:18.432832,2,3,122.0,0.2,121.9,147,121.8,100,,,,,,,,,,,,,,,,,122.1,5,122.3,100,122.4,150,,,,,,,,,,,,,,
2026-07-08T03:00:18.463453+00:00,2026-07-08T03:00:18.463252,2,2,122.1,0.4,121.9,147,121.8,100,,,,,,,,,,,,,,,,,122.3,100,122.4,150,,,,,,,,,,,,,,,,
2026-07-08T03:00:18.473771+00:00,2026-07-08T03:00:18.473928,2,2,122.1,0.4,121.9,142,121.8,100,,,,,,,,,,,,,,,,,122.3,100,122.4,150,,,,,,,,,,,,,,,,
2026-07-08T03:00:18.484727+00:00,2026-07-08T03:00:18.484604,3,2,122.1,0.4,121.9,137,121.8,100,121.6,5,,,,,,,,,,,,,,,122.3,100,122.4,150,,,,,,,,,,,,,,,,
2026-07-08T03:00:18.505721+00:00,2026-07-08T03:00:18.505884,3,2,122.1,0.4,121.9,137,121.8,100,121.6,5,,,,,,,,,,,,,,,122.3,110,122.4,150,,,,,,,,,,,,,,,,
2026-07-08T03:00:19.009783+00:00,2026-07-08T03:00:19.009880,2,2,122.1,0.4,121.9,137,121.8,100,,,,,,,,,,,,,,,,,122.3,110,122.4,150,,,,,,,,,,,,,,,,
2026-07-08T03:00:19.532175+00:00,2026-07-08T03:00:19.532061,3,2,122.1,0.4,121.9,137,121.8,100,121.7,5,,,,,,,,,,,,,,,122.3,110,122.4,150,,,,,,,,,,,,,,,,
2026-07-08T03:00:19.537596+00:00,2026-07-08T03:00:19.537399,3,3,121.95,0.1,121.9,137,121.8,100,121.7,5,,,,,,,,,,,,,,,122.0,5,122.3,110,122.4,150,,,,,,,,,,,,,,
2026-07-08T03:00:19.758567+00:00,2026-07-08T03:00:19.757942,2,2,121.9,0.2,121.8,100,121.7,5,,,,,,,,,,,,,,,,,122.0,5,122.3,110,,,,,,,,,,,,,,,,
2026-07-08T03:00:19.817887+00:00,2026-07-08T03:00:19.817791,3,2,121.9,0.2,121.8,100,121.7,5,121.5,150,,,,,,,,,,,,,,,122.0,5,122.3,110,,,,,,,,,,,,,,,,
2026-07-08T03:00:19.864968+00:00,2026-07-08T03:00:19.864864,3,2,121.9,0.2,121.8,100,121.7,5,121.5,150,,,,,,,,,,,,,,,122.0,5,122.3,100,,,,,,,,,,,,,,,,
2026-07-08T03:00:19.870143+00:00,2026-07-08T03:00:19.870081,3,2,121.9,0.2,121.8,100,121.7,5,121.5,150,,,,,,,,,,,,,,,122.0,155,122.3,100,,,,,,,,,,,,,,,,
2026-07-08T03:00:20.061542+00:00,2026-07-08T03:00:20.050530,2,2,121.9,0.2,121.8,100,121.5,150,,,,,,,,,,,,,,,,,122.0,150,122.3,100,,,,,,,,,,,,,,,,
2026-07-08T03:00:20.077191+00:00,2026-07-08T03:00:20.077053,3,3,121.85,0.1,121.8,100,121.6,5,121.5,150,,,,,,,,,,,,,,,121.9,5,122.0,150,122.3,100,,,,,,,,,,,,,,
2026-07-08T03:00:20.590502+00:00,2026-07-08T03:00:20.590431,2,2,121.9,0.2,121.8,100,121.5,150,,,,,,,,,,,,,,,,,122.0,150,122.3,100,,,,,,,,,,,,,,,,
2026-07-08T03:00:20.601062+00:00,2026-07-08T03:00:20.600993,3,2,121.9,0.2,121.8,100,121.6,5,121.5,150,,,,,,,,,,,,,,,122.0,150,122.3,100,,,,,,,,,,,,,,,,
2026-07-08T03:00:20.606275+00:00,2026-07-08T03:00:20.606192,3,3,121.85,0.1,121.8,100,121.6,5,121.5,150,,,,,,,,,,,,,,,121.9,5,122.0,150,122.3,100,,,,,,,,,,,,,,
2026-07-08T03:00:20.658582+00:00,2026-07-08T03:00:20.655432,3,3,121.85,0.1,121.8,50,121.6,5,121.5,150,,,,,,,,,,,,,,,121.9,5,122.0,150,122.3,100,,,,,,,,,,,,,,
2026-07-08T03:00:20.925267+00:00,2026-07-08T03:00:20.925462,2,2,121.75,0.3,121.6,5,121.5,150,,,,,,,,,,,,,,,,,121.9,5,122.0,150,,,,,,,,,,,,,,,,
2026-07-08T03:00:20.979458+00:00,2026-07-08T03:00:20.979293,3,2,121.75,0.3,121.6,5,121.5,150,121.4,100,,,,,,,,,,,,,,,121.9,5,122.0,150,,,,,,,,,,,,,,,,
2026-07-08T03:00:21.032264+00:00,2026-07-08T03:00:21.032152,3,2,121.75,0.3,121.6,5,121.5,150,121.4,100,,,,,,,,,,,,,,,121.9,105,122.0,150,,,,,,,,,,,,,,,,
2026-07-08T03:00:21.118942+00:00,2026-07-08T03:00:21.119072,2,2,121.7,0.4,121.5,150,121.4,100,,,,,,,,,,,,,,,,,121.9,100,122.0,150,,,,,,,,,,,,,,,,
2026-07-08T03:00:21.129602+00:00,2026-07-08T03:00:21.129438,3,2,121.75,0.3,121.6,5,121.5,150,121.4,100,,,,,,,,,,,,,,,121.9,100,122.0,150,,,,,,,,,,,,,,,,
2026-07-08T03:00:21.134743+00:00,2026-07-08T03:00:21.134651,3,3,121.7,0.2,121.6,5,121.5,150,121.4,100,,,,,,,,,,,,,,,121.8,5,121.9,100,122.0,150,,,,,,,,,,,,,,
2026-07-08T03:00:21.646160+00:00,2026-07-08T03:00:21.646042,2,2,121.7,0.4,121.5,150,121.4,100,,,,,,,,,,,,,,,,,121.9,100,122.0,150,,,,,,,,,,,,,,,,
2026-07-08T03:00:21.658680+00:00,2026-07-08T03:00:21.656644,3,3,121.7,0.2,121.6,5,121.5,150,121.4,100,,,,,,,,,,,,,,,121.8,5,121.9,100,122.0,150,,,,,,,,,,,,,,
2026-07-08T03:00:22.174487+00:00,2026-07-08T03:00:22.174413,2,2,121.7,0.4,121.5,150,121.4,100,,,,,,,,,,,,,,,,,121.9,100,122.0,150,,,,,,,,,,,,,,,,
2026-07-08T03:00:22.190156+00:00,2026-07-08T03:00:22.190042,2,2,121.7,0.4,121.5,155,121.4,100,,,,,,,,,,,,,,,,,121.9,100,122.0,150,,,,,,,,,,,,,,,,
2026-07-08T03:00:22.195297+00:00,2026-07-08T03:00:22.195196,2,3,121.65,0.3,121.5,155,121.4,100,,,,,,,,,,,,,,,,,121.8,5,121.9,100,122.0,150,,,,,,,,,,,,,,
2026-07-08T03:00:22.707346+00:00,2026-07-08T03:00:22.707242,2,2,121.7,0.4,121.5,150,121.4,100,,,,,,,,,,,,,,,,,121.9,100,122.0,150,,,,,,,,,,,,,,,,
2026-07-08T03:00:22.717921+00:00,2026-07-08T03:00:22.717706,2,2,121.7,0.4,121.5,150,121.4,100,,,,,,,,,,,,,,,,,121.9,50,122.0,150,,,,,,,,,,,,,,,,
2026-07-08T03:00:22.723114+00:00,2026-07-08T03:00:22.723016,2,2,121.7,0.4,121.5,155,121.4,100,,,,,,,,,,,,,,,,,121.9,50,122.0,150,,,,,,,,,,,,,,,,
2026-07-08T03:00:22.728092+00:00,2026-07-08T03:00:22.728198,2,3,121.65,0.3,121.5,155,121.4,100,,,,,,,,,,,,,,,,,121.8,5,121.9,50,122.0,150,,,,,,,,,,,,,,
2026-07-08T03:00:22.927140+00:00,2026-07-08T03:00:22.927264,2,2,121.65,0.3,121.5,5,121.4,100,,,,,,,,,,,,,,,,,121.8,5,121.9,50,,,,,,,,,,,,,,,,
2026-07-08T03:00:22.979340+00:00,2026-07-08T03:00:22.979245,2,2,121.65,0.3,121.5,155,121.4,100,,,,,,,,,,,,,,,,,121.8,5,121.9,50,,,,,,,,,,,,,,,,
2026-07-08T03:00:23.035442+00:00,2026-07-08T03:00:23.035320,2,3,121.65,0.3,121.5,155,121.4,100,,,,,,,,,,,,,,,,,121.8,5,121.9,50,122.0,150,,,,,,,,,,,,,,
2026-07-08T03:00:23.258826+00:00,2026-07-08T03:00:23.258711,2,2,121.7,0.4,121.5,150,121.4,100,,,,,,,,,,,,,,,,,121.9,50,122.0,150,,,,,,,,,,,,,,,,
2026-07-08T03:00:23.269343+00:00,2026-07-08T03:00:23.269223,2,2,121.7,0.4,121.5,155,121.4,100,,,,,,,,,,,,,,,,,121.9,50,122.0,150,,,,,,,,,,,,,,,,
2026-07-08T03:00:23.281834+00:00,2026-07-08T03:00:23.281724,2,3,121.65,0.3,121.5,155,121.4,100,,,,,,,,,,,,,,,,,121.8,5,121.9,50,122.0,150,,,,,,,,,,,,,,
2026-07-08T03:00:23.790394+00:00,2026-07-08T03:00:23.790244,2,2,121.7,0.4,121.5,150,121.4,100,,,,,,,,,,,,,,,,,121.9,50,122.0,150,,,,,,,,,,,,,,,,
2026-07-08T03:00:23.800742+00:00,2026-07-08T03:00:23.800700,2,3,121.65,0.3,121.5,155,121.4,100,,,,,,,,,,,,,,,,,121.8,5,121.9,50,122.0,150,,,,,,,,,,,,,,
2026-07-08T03:00:24.088189+00:00,2026-07-08T03:00:24.088162,1,2,121.65,0.3,121.5,155,,,,,,,,,,,,,,,,,,,121.8,5,122.0,150,,,,,,,,,,,,,,,,
2026-07-08T03:00:24.139477+00:00,2026-07-08T03:00:24.139640,2,2,121.65,0.3,121.5,155,121.4,100,,,,,,,,,,,,,,,,,121.8,5,122.0,150,,,,,,,,,,,,,,,,
2026-07-08T03:00:24.194138+00:00,2026-07-08T03:00:24.194051,2,3,121.65,0.3,121.5,155,121.4,100,,,,,,,,,,,,,,,,,121.8,5,121.9,100,122.0,150,,,,,,,,,,,,,,
2026-07-08T03:00:24.314347+00:00,2026-07-08T03:00:24.314158,2,2,121.7,0.4,121.5,150,121.4,100,,,,,,,,,,,,,,,,,121.9,100,122.0,150,,,,,,,,,,,,,,,,
2026-07-08T03:00:24.319612+00:00,2026-07-08T03:00:24.319543,2,2,121.7,0.4,121.5,150,121.4,100,,,,,,,,,,,,,,,,,121.9,110,122.0,150,,,,,,,,,,,,,,,,
2026-07-08T03:00:24.330098+00:00,2026-07-08T03:00:24.329986,2,2,121.7,0.4,121.5,150,121.4,105,,,,,,,,,,,,,,,,,121.9,110,122.0,150,,,,,,,,,,,,,,,,
2026-07-08T03:00:24.335200+00:00,2026-07-08T03:00:24.335169,2,3,121.55,0.1,121.5,150,121.4,105,,,,,,,,,,,,,,,,,121.6,5,121.9,110,122.0,150,,,,,,,,,,,,,,
2026-07-08T03:00:24.635413+00:00,2026-07-08T03:00:24.635521,2,3,121.55,0.1,121.5,150,121.4,105,,,,,,,,,,,,,,,,,121.6,5,121.9,100,122.0,150,,,,,,,,,,,,,,
2026-07-08T03:00:24.821982+00:00,2026-07-08T03:00:24.821849,2,2,121.7,0.4,121.5,150,121.4,105,,,,,,,,,,,,,,,,,121.9,55,122.0,150,,,,,,,,,,,,,,,,
2026-07-08T03:00:24.845176+00:00,2026-07-08T03:00:24.845083,2,2,121.7,0.4,121.5,150,121.4,100,,,,,,,,,,,,,,,,,121.9,55,122.0,150,,,,,,,,,,,,,,,,
2026-07-08T03:00:24.858634+00:00,2026-07-08T03:00:24.855671,2,3,121.55,0.1,121.5,150,121.4,105,,,,,,,,,,,,,,,,,121.6,5,121.9,55,122.0,150,,,,,,,,,,,,,,
2026-07-08T03:00:25.370373+00:00,2026-07-08T03:00:25.370265,2,2,121.7,0.4,121.5,150,121.4,105,,,,,,,,,,,,,,,,,121.9,55,122.0,150,,,,,,,,,,,,,,,,
2026-07-08T03:00:25.375591+00:00,2026-07-08T03:00:25.375462,2,2,121.7,0.4,121.5,150,121.4,100,,,,,,,,,,,,,,,,,121.9,55,122.0,150,,,,,,,,,,,,,,,,
2026-07-08T03:00:25.385950+00:00,2026-07-08T03:00:25.385900,2,3,121.55,0.1,121.5,150,121.4,105,,,,,,,,,,,,,,,,,121.6,5,121.9,55,122.0,150,,,,,,,,,,,,,,
2026-07-08T03:00:25.898980+00:00,2026-07-08T03:00:25.899153,2,2,121.7,0.4,121.5,150,121.4,100,,,,,,,,,,,,,,,,,121.9,55,122.0,150,,,,,,,,,,,,,,,,
2026-07-08T03:00:25.915068+00:00,2026-07-08T03:00:25.914940,2,2,121.7,0.4,121.5,155,121.4,100,,,,,,,,,,,,,,,,,121.9,55,122.0,150,,,,,,,,,,,,,,,,
2026-07-08T03:00:25.920259+00:00,2026-07-08T03:00:25.920169,2,3,121.65,0.3,121.5,155,121.4,100,,,,,,,,,,,,,,,,,121.8,5,121.9,55,122.0,150,,,,,,,,,,,,,,
2026-07-08T03:00:26.089327+00:00,2026-07-08T03:00:26.089520,2,2,121.65,0.3,121.5,5,121.4,100,,,,,,,,,,,,,,,,,121.8,5,121.9,55,,,,,,,,,,,,,,,,
2026-07-08T03:00:26.144349+00:00,2026-07-08T03:00:26.144211,2,2,121.65,0.3,121.5,155,121.4,100,,,,,,,,,,,,,,,,,121.8,5,121.9,55,,,,,,,,,,,,,,,,
2026-07-08T03:00:26.197241+00:00,2026-07-08T03:00:26.197166,2,3,121.65,0.3,121.5,155,121.4,100,,,,,,,,,,,,,,,,,121.8,5,121.9,55,122.0,150,,,,,,,,,,,,,,
2026-07-08T03:00:26.425643+00:00,2026-07-08T03:00:26.425561,2,2,121.7,0.4,121.5,155,121.4,100,,,,,,,,,,,,,,,,,121.9,55,122.0,150,,,,,,,,,,,,,,,,
2026-07-08T03:00:26.430854+00:00,2026-07-08T03:00:26.430769,2,2,121.7,0.4,121.5,150,121.4,100,,,,,,,,,,,,,,,,,121.9,55,122.0,150,,,,,,,,,,,,,,,,
2026-07-08T03:00:26.441411+00:00,2026-07-08T03:00:26.441282,2,2,121.7,0.4,121.5,155,121.4,100,,,,,,,,,,,,,,,,,121.9,55,122.0,150,,,,,,,,,,,,,,,,
2026-07-08T03:00:26.446509+00:00,2026-07-08T03:00:26.446472,2,3,121.65,0.3,121.5,155,121.4,100,,,,,,,,,,,,,,,,,121.8,5,121.9,55,122.0,150,,,,,,,,,,,,,,
2026-07-08T03:00:26.935158+00:00,2026-07-08T03:00:26.934970,2,2,121.7,0.4,121.5,155,121.4,100,,,,,,,,,,,,,,,,,121.9,10,122.0,150,,,,,,,,,,,,,,,,
2026-07-08T03:00:26.969095+00:00,2026-07-08T03:00:26.968935,2,2,121.7,0.4,121.5,150,121.4,100,,,,,,,,,,,,,,,,,121.9,10,122.0,150,,,,,,,,,,,,,,,,
2026-07-08T03:00:26.979534+00:00,2026-07-08T03:00:26.979503,2,3,121.65,0.3,121.5,150,121.4,105,,,,,,,,,,,,,,,,,121.8,5,121.9,10,122.0,150,,,,,,,,,,,,,,
2026-07-08T03:00:27.253446+00:00,2026-07-08T03:00:27.253647,2,2,121.65,0.3,121.5,150,121.4,5,,,,,,,,,,,,,,,,,121.8,5,122.0,150,,,,,,,,,,,,,,,,
2026-07-08T03:00:27.307068+00:00,2026-07-08T03:00:27.306956,3,2,121.7,0.2,121.6,100,121.5,150,121.4,5,,,,,,,,,,,,,,,121.8,5,122.0,150,,,,,,,,,,,,,,,,
2026-07-08T03:00:27.356931+00:00,2026-07-08T03:00:27.357088,3,3,121.7,0.2,121.6,100,121.5,150,121.4,5,,,,,,,,,,,,,,,121.8,5,122.0,150,122.1,100,,,,,,,,,,,,,,
2026-07-08T03:00:27.505056+00:00,2026-07-08T03:00:27.504950,2,2,121.8,0.4,121.6,100,121.5,150,,,,,,,,,,,,,,,,,122.0,150,122.1,100,,,,,,,,,,,,,,,,
2026-07-08T03:00:27.520867+00:00,2026-07-08T03:00:27.520780,2,3,121.7,0.2,121.6,100,121.5,155,,,,,,,,,,,,,,,,,121.8,5,122.0,150,122.1,100,,,,,,,,,,,,,,
2026-07-08T03:00:28.034502+00:00,2026-07-08T03:00:28.034417,2,2,121.8,0.4,121.6,100,121.5,150,,,,,,,,,,,,,,,,,122.0,150,122.1,100,,,,,,,,,,,,,,,,
2026-07-08T03:00:28.045046+00:00,2026-07-08T03:00:28.044970,2,2,121.8,0.4,121.6,100,121.5,155,,,,,,,,,,,,,,,,,122.0,150,122.1,100,,,,,,,,,,,,,,,,
2026-07-08T03:00:28.050330+00:00,2026-07-08T03:00:28.050236,2,3,121.7,0.2,121.6,100,121.5,155,,,,,,,,,,,,,,,,,121.8,5,122.0,150,122.1,100,,,,,,,,,,,,,,
2026-07-08T03:00:28.563822+00:00,2026-07-08T03:00:28.564025,2,2,121.8,0.4,121.6,100,121.5,150,,,,,,,,,,,,,,,,,122.0,150,122.1,100,,,,,,,,,,,,,,,,
2026-07-08T03:00:28.574689+00:00,2026-07-08T03:00:28.574620,2,2,121.8,0.4,121.6,105,121.5,150,,,,,,,,,,,,,,,,,122.0,150,122.1,100,,,,,,,,,,,,,,,,
2026-07-08T03:00:28.579930+00:00,2026-07-08T03:00:28.579809,2,3,121.75,0.3,121.6,105,121.5,150,,,,,,,,,,,,,,,,,121.9,5,122.0,150,122.1,100,,,,,,,,,,,,,,
2026-07-08T03:00:29.040949+00:00,2026-07-08T03:00:29.041198,2,2,121.8,0.4,121.6,105,121.5,150,,,,,,,,,,,,,,,,,122.0,105,122.1,100,,,,,,,,,,,,,,,,
2026-07-08T03:00:29.087607+00:00,2026-07-08T03:00:29.087487,2,2,121.8,0.4,121.6,100,121.5,150,,,,,,,,,,,,,,,,,122.0,105,122.1,100,,,,,,,,,,,,,,,,
2026-07-08T03:00:29.103490+00:00,2026-07-08T03:00:29.103397,2,2,121.8,0.4,121.6,105,121.5,150,,,,,,,,,,,,,,,,,122.0,105,122.1,100,,,,,,,,,,,,,,,,
2026-07-08T03:00:29.108691+00:00,2026-07-08T03:00:29.108623,2,3,121.75,0.3,121.6,105,121.5,150,,,,,,,,,,,,,,,,,121.9,5,122.0,105,122.1,100,,,,,,,,,,,,,,
2026-07-08T03:00:29.251035+00:00,2026-07-08T03:00:29.250951,1,2,121.75,0.3,121.6,105,,,,,,,,,,,,,,,,,,,121.9,5,122.1,100,,,,,,,,,,,,,,,,
2026-07-08T03:00:29.311054+00:00,2026-07-08T03:00:29.310942,2,2,121.8,0.2,121.7,150,121.6,105,,,,,,,,,,,,,,,,,121.9,5,122.1,100,,,,,,,,,,,,,,,,
2026-07-08T03:00:29.360824+00:00,2026-07-08T03:00:29.360765,2,3,121.8,0.2,121.7,150,121.6,105,,,,,,,,,,,,,,,,,121.9,5,122.1,100,122.2,150,,,,,,,,,,,,,,
2026-07-08T03:00:29.615093+00:00,2026-07-08T03:00:29.614978,2,2,121.9,0.4,121.7,150,121.6,105,,,,,,,,,,,,,,,,,122.1,100,122.2,150,,,,,,,,,,,,,,,,
2026-07-08T03:00:29.620053+00:00,2026-07-08T03:00:29.620216,2,2,121.9,0.4,121.7,150,121.6,100,,,,,,,,,,,,,,,,,122.1,53,122.2,150,,,,,,,,,,,,,,,,
2026-07-08T03:00:29.625564+00:00,2026-07-08T03:00:29.625409,2,2,121.9,0.4,121.7,145,121.6,100,,,,,,,,,,,,,,,,,122.1,53,122.2,150,,,,,,,,,,,,,,,,
2026-07-08T03:00:29.635713+00:00,2026-07-08T03:00:29.635828,3,3,121.75,0.1,121.7,145,121.6,100,121.4,5,,,,,,,,,,,,,,,121.8,5,122.1,53,122.2,150,,,,,,,,,,,,,,
2026-07-08T03:00:30.158620+00:00,2026-07-08T03:00:30.151889,2,2,121.9,0.4,121.7,145,121.6,100,,,,,,,,,,,,,,,,,122.1,53,122.2,150,,,,,,,,,,,,,,,,
2026-07-08T03:00:30.171636+00:00,2026-07-08T03:00:30.171543,3,3,121.75,0.1,121.7,145,121.6,100,121.4,5,,,,,,,,,,,,,,,121.8,5,122.1,53,122.2,150,,,,,,,,,,,,,,
2026-07-08T03:00:30.414379+00:00,2026-07-08T03:00:30.414304,2,2,121.75,0.1,121.7,145,121.4,5,,,,,,,,,,,,,,,,,121.8,5,122.2,150,,,,,,,,,,,,,,,,
2026-07-08T03:00:30.458570+00:00,2026-07-08T03:00:30.457905,3,2,121.75,0.1,121.7,145,121.5,100,121.4,5,,,,,,,,,,,,,,,121.8,5,122.2,150,,,,,,,,,,,,,,,,
2026-07-08T03:00:30.544502+00:00,2026-07-08T03:00:30.544391,3,3,121.75,0.1,121.7,145,121.5,100,121.4,5,,,,,,,,,,,,,,,121.8,5,122.0,100,122.2,150,,,,,,,,,,,,,,
2026-07-08T03:00:30.674958+00:00,2026-07-08T03:00:30.674867,3,2,121.85,0.3,121.7,145,121.5,100,121.4,5,,,,,,,,,,,,,,,122.0,100,122.2,150,,,,,,,,,,,,,,,,
2026-07-08T03:00:30.680274+00:00,2026-07-08T03:00:30.680209,2,2,121.85,0.3,121.7,145,121.5,100,,,,,,,,,,,,,,,,,122.0,100,122.2,150,,,,,,,,,,,,,,,,
2026-07-08T03:00:30.696144+00:00,2026-07-08T03:00:30.696036,3,3,121.8,0.2,121.7,145,121.5,100,121.4,5,,,,,,,,,,,,,,,121.9,10,122.0,100,122.2,150,,,,,,,,,,,,,,
2026-07-08T03:00:30.701405+00:00,2026-07-08T03:00:30.701306,3,3,121.8,0.2,121.7,140,121.5,100,121.4,5,,,,,,,,,,,,,,,121.9,10,122.0,100,122.2,150,,,,,,,,,,,,,,
2026-07-08T03:00:31.004830+00:00,2026-07-08T03:00:31.004778,3,2,121.85,0.3,121.7,140,121.5,100,121.4,5,,,,,,,,,,,,,,,122.0,100,122.2,150,,,,,,,,,,,,,,,,
2026-07-08T03:00:31.158665+00:00,2026-07-08T03:00:31.150984,3,2,121.85,0.3,121.7,140,121.5,100,121.4,5,,,,,,,,,,,,,,,122.0,50,122.2,150,,,,,,,,,,,,,,,,
2026-07-08T03:00:31.214394+00:00,2026-07-08T03:00:31.214269,2,2,121.85,0.3,121.7,140,121.5,100,,,,,,,,,,,,,,,,,122.0,50,122.2,150,,,,,,,,,,,,,,,,
2026-07-08T03:00:31.224750+00:00,2026-07-08T03:00:31.224687,2,2,121.85,0.3,121.7,140,121.5,105,,,,,,,,,,,,,,,,,122.0,50,122.2,150,,,,,,,,,,,,,,,,
2026-07-08T03:00:31.229998+00:00,2026-07-08T03:00:31.229877,2,3,121.75,0.1,121.7,140,121.5,105,,,,,,,,,,,,,,,,,121.8,5,122.0,50,122.2,150,,,,,,,,,,,,,,
2026-07-08T03:00:31.754862+00:00,2026-07-08T03:00:31.754754,2,2,121.85,0.3,121.7,140,121.5,100,,,,,,,,,,,,,,,,,122.0,50,122.2,150,,,,,,,,,,,,,,,,
2026-07-08T03:00:31.770556+00:00,2026-07-08T03:00:31.770506,2,2,121.85,0.3,121.7,140,121.5,105,,,,,,,,,,,,,,,,,122.0,50,122.2,150,,,,,,,,,,,,,,,,
2026-07-08T03:00:31.775763+00:00,2026-07-08T03:00:31.775703,2,3,121.75,0.1,121.7,140,121.5,105,,,,,,,,,,,,,,,,,121.8,5,122.0,50,122.2,150,,,,,,,,,,,,,,
2026-07-08T03:00:32.281460+00:00,2026-07-08T03:00:32.281317,2,2,121.85,0.3,121.7,140,121.5,100,,,,,,,,,,,,,,,,,122.0,50,122.2,150,,,,,,,,,,,,,,,,
2026-07-08T03:00:32.302544+00:00,2026-07-08T03:00:32.302446,2,2,121.85,0.3,121.7,140,121.5,105,,,,,,,,,,,,,,,,,122.0,50,122.2,150,,,,,,,,,,,,,,,,
2026-07-08T03:00:32.307526+00:00,2026-07-08T03:00:32.307633,2,3,121.75,0.1,121.7,140,121.5,105,,,,,,,,,,,,,,,,,121.8,5,122.0,50,122.2,150,,,,,,,,,,,,,,
2026-07-08T03:00:32.419056+00:00,2026-07-08T03:00:32.418958,2,2,121.75,0.1,121.7,140,121.5,105,,,,,,,,,,,,,,,,,121.8,5,122.0,50,,,,,,,,,,,,,,,,
2026-07-08T03:00:32.424230+00:00,2026-07-08T03:00:32.424161,1,2,121.65,0.3,121.5,105,,,,,,,,,,,,,,,,,,,121.8,5,122.0,50,,,,,,,,,,,,,,,,
2026-07-08T03:00:32.475210+00:00,2026-07-08T03:00:32.475120,1,2,121.65,0.3,121.5,255,,,,,,,,,,,,,,,,,,,121.8,5,122.0,50,,,,,,,,,,,,,,,,
2026-07-08T03:00:32.532614+00:00,2026-07-08T03:00:32.532498,1,2,121.65,0.3,121.5,255,,,,,,,,,,,,,,,,,,,121.8,5,122.0,200,,,,,,,,,,,,,,,,
2026-07-08T03:00:32.537627+00:00,2026-07-08T03:00:32.537730,1,1,121.75,0.5,121.5,255,,,,,,,,,,,,,,,,,,,122.0,200,,,,,,,,,,,,,,,,,,
2026-07-08T03:00:32.637194+00:00,2026-07-08T03:00:32.637114,1,1,121.75,0.5,121.5,255,,,,,,,,,,,,,,,,,,,122.0,210,,,,,,,,,,,,,,,,,,
2026-07-08T03:00:32.811705+00:00,2026-07-08T03:00:32.811645,1,1,121.75,0.5,121.5,250,,,,,,,,,,,,,,,,,,,122.0,210,,,,,,,,,,,,,,,,,,
2026-07-08T03:00:32.827407+00:00,2026-07-08T03:00:32.827352,2,2,121.65,0.3,121.5,250,121.4,5,,,,,,,,,,,,,,,,,121.8,5,122.0,210,,,,,,,,,,,,,,,,
2026-07-08T03:00:32.959166+00:00,2026-07-08T03:00:32.958984,2,2,121.65,0.3,121.5,250,121.4,5,,,,,,,,,,,,,,,,,121.8,5,122.0,200,,,,,,,,,,,,,,,,
2026-07-08T03:00:33.258645+00:00,2026-07-08T03:00:33.251964,2,1,121.75,0.5,121.5,250,121.4,5,,,,,,,,,,,,,,,,,122.0,155,,,,,,,,,,,,,,,,,,
2026-07-08T03:00:33.335922+00:00,2026-07-08T03:00:33.335867,1,1,121.75,0.5,121.5,250,,,,,,,,,,,,,,,,,,,122.0,155,,,,,,,,,,,,,,,,,,
2026-07-08T03:00:33.346401+00:00,2026-07-08T03:00:33.346344,2,1,121.8,0.4,121.6,5,121.5,250,,,,,,,,,,,,,,,,,122.0,155,,,,,,,,,,,,,,,,,,
2026-07-08T03:00:33.351419+00:00,2026-07-08T03:00:33.351522,2,2,121.7,0.2,121.6,5,121.5,250,,,,,,,,,,,,,,,,,121.8,5,122.0,155,,,,,,,,,,,,,,,,
2026-07-08T03:00:33.595862+00:00,2026-07-08T03:00:33.595726,2,2,121.7,0.2,121.6,5,121.5,250,,,,,,,,,,,,,,,,,121.8,5,122.0,150,,,,,,,,,,,,,,,,
2026-07-08T03:00:33.601025+00:00,2026-07-08T03:00:33.600927,2,2,121.7,0.2,121.6,5,121.5,150,,,,,,,,,,,,,,,,,121.8,5,122.0,150,,,,,,,,,,,,,,,,
2026-07-08T03:00:33.653903+00:00,2026-07-08T03:00:33.653882,2,1,121.8,0.4,121.6,5,121.5,150,,,,,,,,,,,,,,,,,122.0,55,,,,,,,,,,,,,,,,,,
2026-07-08T03:00:33.664424+00:00,2026-07-08T03:00:33.664310,1,1,121.75,0.5,121.5,111,,,,,,,,,,,,,,,,,,,122.0,55,,,,,,,,,,,,,,,,,,
2026-07-08T03:00:33.711406+00:00,2026-07-08T03:00:33.711278,1,2,121.75,0.5,121.5,111,,,,,,,,,,,,,,,,,,,122.0,55,122.4,100,,,,,,,,,,,,,,,,
2026-07-08T03:00:33.869654+00:00,2026-07-08T03:00:33.869617,2,2,121.8,0.4,121.6,5,121.5,111,,,,,,,,,,,,,,,,,122.0,55,122.4,100,,,,,,,,,,,,,,,,
2026-07-08T03:00:33.874922+00:00,2026-07-08T03:00:33.874799,2,3,121.7,0.2,121.6,5,121.5,111,,,,,,,,,,,,,,,,,121.8,5,122.0,55,122.4,100,,,,,,,,,,,,,,
2026-07-08T03:00:34.244894+00:00,2026-07-08T03:00:34.244778,1,3,121.65,0.3,121.5,111,,,,,,,,,,,,,,,,,,,121.8,5,122.0,55,122.4,100,,,,,,,,,,,,,,
2026-07-08T03:00:34.383623+00:00,2026-07-08T03:00:34.383555,1,2,121.75,0.5,121.5,111,,,,,,,,,,,,,,,,,,,122.0,55,122.4,100,,,,,,,,,,,,,,,,
2026-07-08T03:00:34.404231+00:00,2026-07-08T03:00:34.404380,2,3,121.6,0.2,121.5,111,121.4,5,,,,,,,,,,,,,,,,,121.7,5,122.0,55,122.4,100,,,,,,,,,,,,,,
2026-07-08T03:00:34.886684+00:00,2026-07-08T03:00:34.886849,2,3,121.6,0.2,121.5,62,121.4,5,,,,,,,,,,,,,,,,,121.7,5,122.0,55,122.4,100,,,,,,,,,,,,,,
2026-07-08T03:00:34.919116+00:00,2026-07-08T03:00:34.919007,1,2,121.75,0.5,121.5,62,,,,,,,,,,,,,,,,,,,122.0,55,122.4,100,,,,,,,,,,,,,,,,
2026-07-08T03:00:34.924387+00:00,2026-07-08T03:00:34.924228,1,2,121.75,0.5,121.5,57,,,,,,,,,,,,,,,,,,,122.0,55,122.4,100,,,,,,,,,,,,,,,,
2026-07-08T03:00:34.934571+00:00,2026-07-08T03:00:34.934662,1,2,121.75,0.5,121.5,62,,,,,,,,,,,,,,,,,,,122.0,55,122.4,100,,,,,,,,,,,,,,,,
2026-07-08T03:00:34.939975+00:00,2026-07-08T03:00:34.939842,1,3,121.6,0.2,121.5,62,,,,,,,,,,,,,,,,,,,121.7,5,122.0,55,122.4,100,,,,,,,,,,,,,,
2026-07-08T03:00:34.991596+00:00,2026-07-08T03:00:34.991759,1,3,121.6,0.2,121.5,62,,,,,,,,,,,,,,,,,,,121.7,15,122.0,55,122.4,100,,,,,,,,,,,,,,
2026-07-08T03:00:35.419882+00:00,2026-07-08T03:00:35.419846,1,3,121.6,0.2,121.5,12,,,,,,,,,,,,,,,,,,,121.7,15,122.0,55,122.4,100,,,,,,,,,,,,,,
2026-07-08T03:00:35.453447+00:00,2026-07-08T03:00:35.453700,1,3,121.6,0.2,121.5,2,,,,,,,,,,,,,,,,,,,121.7,10,122.0,55,122.4,100,,,,,,,,,,,,,,
2026-07-08T03:00:35.474894+00:00,2026-07-08T03:00:35.475034,2,4,121.55,0.1,121.5,2,121.4,5,,,,,,,,,,,,,,,,,121.6,5,121.7,10,122.0,55,122.4,100,,,,,,,,,,,,
2026-07-08T03:00:35.585646+00:00,2026-07-08T03:00:35.585609,2,2,121.55,0.1,121.5,2,121.4,5,,,,,,,,,,,,,,,,,121.6,5,122.4,100,,,,,,,,,,,,,,,,
2026-07-08T03:00:35.590893+00:00,2026-07-08T03:00:35.590802,1,2,121.5,0.2,121.4,5,,,,,,,,,,,,,,,,,,,121.6,5,122.4,100,,,,,,,,,,,,,,,,
2026-07-08T03:00:35.641750+00:00,2026-07-08T03:00:35.641643,2,2,121.5,0.2,121.4,5,121.0,150,,,,,,,,,,,,,,,,,121.6,5,122.4,100,,,,,,,,,,,,,,,,
2026-07-08T03:00:35.695880+00:00,2026-07-08T03:00:35.695761,2,3,121.45,0.1,121.4,5,121.0,150,,,,,,,,,,,,,,,,,121.5,150,121.6,5,122.4,100,,,,,,,,,,,,,,
2026-07-08T03:00:35.984676+00:00,2026-07-08T03:00:35.984569,2,2,121.45,0.1,121.4,5,121.0,150,,,,,,,,,,,,,,,,,121.5,150,122.4,100,,,,,,,,,,,,,,,,
2026-07-08T03:00:35.989848+00:00,2026-07-08T03:00:35.989779,1,2,121.25,0.5,121.0,150,,,,,,,,,,,,,,,,,,,121.5,150,122.4,100,,,,,,,,,,,,,,,,
2026-07-08T03:00:36.006221+00:00,2026-07-08T03:00:36.006079,2,2,121.35,0.3,121.2,5,121.0,160,,,,,,,,,,,,,,,,,121.5,150,122.4,100,,,,,,,,,,,,,,,,
2026-07-08T03:00:36.022294+00:00,2026-07-08T03:00:36.022394,2,3,121.3,0.2,121.2,5,121.0,160,,,,,,,,,,,,,,,,,121.4,5,121.5,150,122.4,100,,,,,,,,,,,,,,
2026-07-08T03:00:36.319601+00:00,2026-07-08T03:00:36.319705,2,3,121.3,0.2,121.2,5,121.0,150,,,,,,,,,,,,,,,,,121.4,5,121.5,150,122.4,100,,,,,,,,,,,,,,
2026-07-08T03:00:36.527479+00:00,2026-07-08T03:00:36.527391,2,2,121.35,0.3,121.2,5,121.0,150,,,,,,,,,,,,,,,,,121.5,150,122.4,100,,,,,,,,,,,,,,,,
2026-07-08T03:00:36.532730+00:00,2026-07-08T03:00:36.532616,1,2,121.25,0.5,121.0,150,,,,,,,,,,,,,,,,,,,121.5,150,122.4,100,,,,,,,,,,,,,,,,
2026-07-08T03:00:36.538108+00:00,2026-07-08T03:00:36.537944,1,2,121.25,0.5,121.0,150,,,,,,,,,,,,,,,,,,,121.5,145,122.4,100,,,,,,,,,,,,,,,,
2026-07-08T03:00:36.548321+00:00,2026-07-08T03:00:36.548493,2,2,121.4,0.2,121.3,5,121.0,150,,,,,,,,,,,,,,,,,121.5,150,122.4,100,,,,,,,,,,,,,,,,
2026-07-08T03:00:36.766952+00:00,2026-07-08T03:00:36.766779,2,1,121.4,0.2,121.3,5,121.0,150,,,,,,,,,,,,,,,,,121.5,150,,,,,,,,,,,,,,,,,,
2026-07-08T03:00:36.823236+00:00,2026-07-08T03:00:36.823108,2,1,121.4,0.2,121.3,105,121.0,150,,,,,,,,,,,,,,,,,121.5,150,,,,,,,,,,,,,,,,,,
2026-07-08T03:00:36.878166+00:00,2026-07-08T03:00:36.878140,2,2,121.4,0.2,121.3,105,121.0,150,,,,,,,,,,,,,,,,,121.5,150,121.8,100,,,,,,,,,,,,,,,,
2026-07-08T03:00:37.058724+00:00,2026-07-08T03:00:37.058324,2,2,121.4,0.2,121.3,100,121.0,150,,,,,,,,,,,,,,,,,121.5,145,121.8,100,,,,,,,,,,,,,,,,
2026-07-08T03:00:37.077399+00:00,2026-07-08T03:00:37.077526,3,2,121.45,0.1,121.4,5,121.3,100,121.0,150,,,,,,,,,,,,,,,121.5,145,121.8,100,,,,,,,,,,,,,,,,
2026-07-08T03:00:37.082832+00:00,2026-07-08T03:00:37.082725,3,3,121.45,0.1,121.4,5,121.3,100,121.0,150,,,,,,,,,,,,,,,121.5,145,121.6,5,121.8,100,,,,,,,,,,,,,,
2026-07-08T03:00:37.474236+00:00,2026-07-08T03:00:37.474170,3,3,121.45,0.1,121.4,5,121.3,100,121.0,150,,,,,,,,,,,,,,,121.5,95,121.6,5,121.8,100,,,,,,,,,,,,,,
2026-07-08T03:00:37.593372+00:00,2026-07-08T03:00:37.593213,2,2,121.4,0.2,121.3,100,121.0,150,,,,,,,,,,,,,,,,,121.5,95,121.8,100,,,,,,,,,,,,,,,,
2026-07-08T03:00:37.603724+00:00,2026-07-08T03:00:37.603673,3,2,121.45,0.1,121.4,5,121.3,100,121.0,150,,,,,,,,,,,,,,,121.5,95,121.8,100,,,,,,,,,,,,,,,,
2026-07-08T03:00:37.608912+00:00,2026-07-08T03:00:37.608873,3,3,121.45,0.1,121.4,5,121.3,100,121.0,150,,,,,,,,,,,,,,,121.5,95,121.6,5,121.8,100,,,,,,,,,,,,,,
2026-07-08T03:00:38.119525+00:00,2026-07-08T03:00:38.119491,2,2,121.4,0.2,121.3,100,121.0,150,,,,,,,,,,,,,,,,,121.5,95,121.8,100,,,,,,,,,,,,,,,,
2026-07-08T03:00:38.130003+00:00,2026-07-08T03:00:38.129968,2,2,121.4,0.2,121.3,105,121.0,150,,,,,,,,,,,,,,,,,121.5,100,121.8,100,,,,,,,,,,,,,,,,
2026-07-08T03:00:38.644318+00:00,2026-07-08T03:00:38.644199,2,2,121.4,0.2,121.3,100,121.0,150,,,,,,,,,,,,,,,,,121.5,95,121.8,100,,,,,,,,,,,,,,,,
2026-07-08T03:00:38.654543+00:00,2026-07-08T03:00:38.654722,2,2,121.4,0.2,121.3,105,121.0,150,,,,,,,,,,,,,,,,,121.5,100,121.8,100,,,,,,,,,,,,,,,,
2026-07-08T03:00:38.750705+00:00,2026-07-08T03:00:38.750617,1,2,121.4,0.2,121.3,105,,,,,,,,,,,,,,,,,,,121.5,5,121.8,100,,,,,,,,,,,,,,,,
2026-07-08T03:00:38.805316+00:00,2026-07-08T03:00:38.805226,2,2,121.4,0.2,121.3,105,121.2,150,,,,,,,,,,,,,,,,,121.5,5,121.8,100,,,,,,,,,,,,,,,,
2026-07-08T03:00:38.858669+00:00,2026-07-08T03:00:38.853339,2,3,121.4,0.2,121.3,105,121.2,150,,,,,,,,,,,,,,,,,121.5,5,121.7,150,121.8,100,,,,,,,,,,,,,,
2026-07-08T03:00:39.163694+00:00,2026-07-08T03:00:39.163886,2,2,121.5,0.4,121.3,105,121.2,150,,,,,,,,,,,,,,,,,121.7,150,121.8,100,,,,,,,,,,,,,,,,
2026-07-08T03:00:39.169242+00:00,2026-07-08T03:00:39.169092,2,2,121.5,0.4,121.3,100,121.2,150,,,,,,,,,,,,,,,,,121.7,150,121.8,100,,,,,,,,,,,,,,,,
2026-07-08T03:00:39.184894+00:00,2026-07-08T03:00:39.184779,3,2,121.55,0.3,121.4,5,121.3,100,121.2,150,,,,,,,,,,,,,,,121.7,150,121.8,100,,,,,,,,,,,,,,,,
2026-07-08T03:00:39.190008+00:00,2026-07-08T03:00:39.189963,3,3,121.5,0.2,121.4,5,121.3,100,121.2,150,,,,,,,,,,,,,,,121.6,5,121.7,150,121.8,100,,,,,,,,,,,,,,
2026-07-08T03:00:39.607027+00:00,2026-07-08T03:00:39.607166,3,2,121.55,0.3,121.4,5,121.3,100,121.2,150,,,,,,,,,,,,,,,121.7,105,121.8,100,,,,,,,,,,,,,,,,
2026-07-08T03:00:39.700072+00:00,2026-07-08T03:00:39.700019,2,2,121.5,0.4,121.3,100,121.2,150,,,,,,,,,,,,,,,,,121.7,105,121.8,100,,,,,,,,,,,,,,,,
2026-07-08T03:00:39.715766+00:00,2026-07-08T03:00:39.715620,3,2,121.55,0.3,121.4,5,121.3,100,121.2,150,,,,,,,,,,,,,,,121.7,105,121.8,100,,,,,,,,,,,,,,,,
2026-07-08T03:00:39.720883+00:00,2026-07-08T03:00:39.720855,3,3,121.5,0.2,121.4,5,121.3,100,121.2,150,,,,,,,,,,,,,,,121.6,5,121.7,105,121.8,100,,,,,,,,,,,,,,
2026-07-08T03:00:39.810206+00:00,2026-07-08T03:00:39.810127,3,2,121.55,0.3,121.4,5,121.3,100,121.2,150,,,,,,,,,,,,,,,121.7,69,121.8,100,,,,,,,,,,,,,,,,
2026-07-08T03:00:39.935612+00:00,2026-07-08T03:00:39.935531,2,1,121.55,0.3,121.4,5,121.2,150,,,,,,,,,,,,,,,,,121.7,69,,,,,,,,,,,,,,,,,,
2026-07-08T03:00:39.992786+00:00,2026-07-08T03:00:39.992904,3,1,121.6,0.2,121.5,100,121.4,5,121.2,150,,,,,,,,,,,,,,,121.7,69,,,,,,,,,,,,,,,,,,
2026-07-08T03:00:40.044276+00:00,2026-07-08T03:00:40.044200,3,2,121.6,0.2,121.5,100,121.4,5,121.2,150,,,,,,,,,,,,,,,121.7,69,121.9,100,,,,,,,,,,,,,,,,
2026-07-08T03:00:40.233019+00:00,2026-07-08T03:00:40.232970,2,2,121.6,0.2,121.5,100,121.2,150,,,,,,,,,,,,,,,,,121.7,69,121.9,100,,,,,,,,,,,,,,,,
2026-07-08T03:00:40.258905+00:00,2026-07-08T03:00:40.258734,3,2,121.6,0.2,121.5,100,121.4,5,121.2,150,,,,,,,,,,,,,,,121.7,69,121.9,100,,,,,,,,,,,,,,,,
2026-07-08T03:00:40.264109+00:00,2026-07-08T03:00:40.264030,3,3,121.55,0.1,121.5,100,121.4,5,121.2,150,,,,,,,,,,,,,,,121.6,5,121.7,69,121.9,100,,,,,,,,,,,,,,
2026-07-08T03:00:40.755277+00:00,2026-07-08T03:00:40.757496,2,2,121.6,0.2,121.5,100,121.2,150,,,,,,,,,,,,,,,,,121.7,69,121.9,100,,,,,,,,,,,,,,,,
2026-07-08T03:00:40.776765+00:00,2026-07-08T03:00:40.776639,3,2,121.6,0.2,121.5,100,121.4,5,121.2,150,,,,,,,,,,,,,,,121.7,69,121.9,100,,,,,,,,,,,,,,,,
2026-07-08T03:00:40.810779+00:00,2026-07-08T03:00:40.810662,3,3,121.55,0.1,121.5,100,121.4,5,121.2,150,,,,,,,,,,,,,,,121.6,5,121.7,69,121.9,100,,,,,,,,,,,,,,
2026-07-08T03:00:41.322474+00:00,2026-07-08T03:00:41.322388,2,2,121.6,0.2,121.5,100,121.2,150,,,,,,,,,,,,,,,,,121.7,69,121.9,100,,,,,,,,,,,,,,,,
2026-07-08T03:00:41.333066+00:00,2026-07-08T03:00:41.332949,3,3,121.55,0.1,121.5,100,121.4,5,121.2,150,,,,,,,,,,,,,,,121.6,5,121.7,69,121.9,100,,,,,,,,,,,,,,
2026-07-08T03:00:41.714630+00:00,2026-07-08T03:00:41.714503,3,2,121.6,0.2,121.5,100,121.4,5,121.2,150,,,,,,,,,,,,,,,121.7,24,121.9,100,,,,,,,,,,,,,,,,
2026-07-08T03:00:41.827026+00:00,2026-07-08T03:00:41.827233,3,1,121.7,0.4,121.5,100,121.4,5,121.2,150,,,,,,,,,,,,,,,121.9,81,,,,,,,,,,,,,,,,,,
2026-07-08T03:00:41.839409+00:00,2026-07-08T03:00:41.837644,2,1,121.7,0.4,121.5,100,121.2,150,,,,,,,,,,,,,,,,,121.9,81,,,,,,,,,,,,,,,,,,
2026-07-08T03:00:41.855135+00:00,2026-07-08T03:00:41.857675,2,1,121.7,0.4,121.5,105,121.2,150,,,,,,,,,,,,,,,,,121.9,81,,,,,,,,,,,,,,,,,,
2026-07-08T03:00:41.871679+00:00,2026-07-08T03:00:41.871618,2,2,121.6,0.2,121.5,105,121.2,150,,,,,,,,,,,,,,,,,121.7,5,121.9,81,,,,,,,,,,,,,,,,
2026-07-08T03:00:41.911783+00:00,2026-07-08T03:00:41.911675,1,2,121.6,0.2,121.5,105,,,,,,,,,,,,,,,,,,,121.7,5,121.9,81,,,,,,,,,,,,,,,,
2026-07-08T03:00:41.969164+00:00,2026-07-08T03:00:41.969048,2,0,,,121.9,64,121.5,105,,,,,,,,,,,,,,,,,,,,,,,,,,,,,,,,,,,,
2026-07-08T03:00:42.041730+00:00,2026-07-08T03:00:42.033071,2,1,122.15,0.5,121.9,38,121.5,105,,,,,,,,,,,,,,,,,122.4,150,,,,,,,,,,,,,,,,,,
2026-07-08T03:00:42.225369+00:00,2026-07-08T03:00:42.225227,2,1,122.15,0.5,121.9,18,121.5,105,,,,,,,,,,,,,,,,,122.4,150,,,,,,,,,,,,,,,,,,
2026-07-08T03:00:42.246813+00:00,2026-07-08T03:00:42.246747,2,1,122.15,0.5,121.9,18,121.5,105,,,,,,,,,,,,,,,,,122.4,160,,,,,,,,,,,,,,,,,,
2026-07-08T03:00:42.397817+00:00,2026-07-08T03:00:42.397681,1,1,121.95,0.9,121.5,100,,,,,,,,,,,,,,,,,,,122.4,160,,,,,,,,,,,,,,,,,,
2026-07-08T03:00:42.424121+00:00,2026-07-08T03:00:42.424042,2,1,122.0,0.8,121.6,5,121.5,100,,,,,,,,,,,,,,,,,122.4,160,,,,,,,,,,,,,,,,,,
2026-07-08T03:00:42.429120+00:00,2026-07-08T03:00:42.429298,2,2,121.7,0.2,121.6,5,121.5,100,,,,,,,,,,,,,,,,,121.8,5,122.4,160,,,,,,,,,,,,,,,,
2026-07-08T03:00:42.558635+00:00,2026-07-08T03:00:42.556445,2,2,121.7,0.2,121.6,5,121.5,100,,,,,,,,,,,,,,,,,121.8,5,122.4,150,,,,,,,,,,,,,,,,
2026-07-08T03:00:42.940422+00:00,2026-07-08T03:00:42.940595,1,1,121.95,0.9,121.5,100,,,,,,,,,,,,,,,,,,,122.4,150,,,,,,,,,,,,,,,,,,
2026-07-08T03:00:42.958687+00:00,2026-07-08T03:00:42.951271,2,2,121.8,0.2,121.7,5,121.5,100,,,,,,,,,,,,,,,,,121.9,5,122.4,150,,,,,,,,,,,,,,,,
2026-07-08T03:00:43.100503+00:00,2026-07-08T03:00:43.100347,1,2,121.8,0.2,121.7,5,,,,,,,,,,,,,,,,,,,121.9,5,122.4,150,,,,,,,,,,,,,,,,
2026-07-08T03:00:43.158622+00:00,2026-07-08T03:00:43.148254,2,2,121.85,0.1,121.8,100,121.7,5,,,,,,,,,,,,,,,,,121.9,5,122.4,150,,,,,,,,,,,,,,,,
2026-07-08T03:00:43.206823+00:00,2026-07-08T03:00:43.206744,2,3,121.85,0.1,121.8,100,121.7,5,,,,,,,,,,,,,,,,,121.9,5,122.3,100,122.4,150,,,,,,,,,,,,,,
2026-07-08T03:00:43.465559+00:00,2026-07-08T03:00:43.465509,2,2,122.05,0.5,121.8,100,121.7,5,,,,,,,,,,,,,,,,,122.3,100,122.4,150,,,,,,,,,,,,,,,,
2026-07-08T03:00:43.470917+00:00,2026-07-08T03:00:43.470739,1,2,122.05,0.5,121.8,100,,,,,,,,,,,,,,,,,,,122.3,100,122.4,150,,,,,,,,,,,,,,,,
2026-07-08T03:00:43.475885+00:00,2026-07-08T03:00:43.476006,0,2,,,,,,,,,,,,,,,,,,,,,,,122.3,100,122.4,150,,,,,,,,,,,,,,,,
2026-07-08T03:00:45.084670+00:00,2026-07-08T03:00:45.084588,0,1,,,,,,,,,,,,,,,,,,,,,,,122.3,100,,,,,,,,,,,,,,,,,,
2026-07-08T03:00:45.145722+00:00,2026-07-08T03:00:45.145564,1,1,121.85,0.9,121.4,150,,,,,,,,,,,,,,,,,,,122.3,100,,,,,,,,,,,,,,,,,,
2026-07-08T03:00:45.193311+00:00,2026-07-08T03:00:45.193206,1,2,121.65,0.5,121.4,150,,,,,,,,,,,,,,,,,,,121.9,150,122.3,110,,,,,,,,,,,,,,,,
2026-07-08T03:00:45.367813+00:00,2026-07-08T03:00:45.362170,1,2,121.65,0.5,121.4,150,,,,,,,,,,,,,,,,,,,121.9,138,122.3,110,,,,,,,,,,,,,,,,
2026-07-08T03:00:45.508261+00:00,2026-07-08T03:00:45.508118,1,2,121.65,0.5,121.4,150,,,,,,,,,,,,,,,,,,,121.9,138,122.3,100,,,,,,,,,,,,,,,,
2026-07-08T03:00:45.526947+00:00,2026-07-08T03:00:45.526871,1,2,121.65,0.5,121.4,160,,,,,,,,,,,,,,,,,,,121.9,98,122.3,100,,,,,,,,,,,,,,,,
2026-07-08T03:00:45.547963+00:00,2026-07-08T03:00:45.547903,2,2,121.8,0.2,121.7,5,121.4,160,,,,,,,,,,,,,,,,,121.9,98,122.3,100,,,,,,,,,,,,,,,,
2026-07-08T03:00:45.553203+00:00,2026-07-08T03:00:45.553137,2,3,121.8,0.2,121.7,5,121.4,160,,,,,,,,,,,,,,,,,121.9,98,122.0,5,122.3,100,,,,,,,,,,,,,,
2026-07-08T03:00:45.845279+00:00,2026-07-08T03:00:45.845448,2,3,121.8,0.2,121.7,5,121.4,150,,,,,,,,,,,,,,,,,121.9,98,122.0,5,122.3,100,,,,,,,,,,,,,,
2026-07-08T03:00:45.977453+00:00,2026-07-08T03:00:45.977278,1,3,121.65,0.5,121.4,105,,,,,,,,,,,,,,,,,,,121.9,98,122.0,5,122.3,100,,,,,,,,,,,,,,
2026-07-08T03:00:46.058564+00:00,2026-07-08T03:00:46.056378,1,2,121.65,0.5,121.4,105,,,,,,,,,,,,,,,,,,,121.9,98,122.3,100,,,,,,,,,,,,,,,,
2026-07-08T03:00:46.078180+00:00,2026-07-08T03:00:46.078075,2,3,121.8,0.2,121.7,5,121.4,105,,,,,,,,,,,,,,,,,121.9,98,122.0,5,122.3,100,,,,,,,,,,,,,,
2026-07-08T03:00:46.269080+00:00,2026-07-08T03:00:46.269288,2,2,121.8,0.2,121.7,5,121.4,105,,,,,,,,,,,,,,,,,121.9,98,122.0,5,,,,,,,,,,,,,,,,
2026-07-08T03:00:46.326454+00:00,2026-07-08T03:00:46.326313,2,2,121.8,0.2,121.7,105,121.4,105,,,,,,,,,,,,,,,,,121.9,98,122.0,5,,,,,,,,,,,,,,,,
2026-07-08T03:00:46.378483+00:00,2026-07-08T03:00:46.378421,2,3,121.8,0.2,121.7,105,121.4,105,,,,,,,,,,,,,,,,,121.9,98,122.0,5,122.2,100,,,,,,,,,,,,,,
2026-07-08T03:00:46.591449+00:00,2026-07-08T03:00:46.591354,2,2,121.8,0.2,121.7,100,121.4,105,,,,,,,,,,,,,,,,,121.9,98,122.2,100,,,,,,,,,,,,,,,,
2026-07-08T03:00:46.607161+00:00,2026-07-08T03:00:46.607118,3,3,121.85,0.1,121.8,5,121.7,100,121.4,105,,,,,,,,,,,,,,,121.9,98,122.1,5,122.2,100,,,,,,,,,,,,,,
2026-07-08T03:00:47.121536+00:00,2026-07-08T03:00:47.121490,2,2,121.8,0.2,121.7,100,121.4,105,,,,,,,,,,,,,,,,,121.9,98,122.2,100,,,,,,,,,,,,,,,,
2026-07-08T03:00:47.131984+00:00,2026-07-08T03:00:47.131863,2,2,121.8,0.2,121.7,105,121.4,105,,,,,,,,,,,,,,,,,121.9,98,122.2,100,,,,,,,,,,,,,,,,
2026-07-08T03:00:47.137191+00:00,2026-07-08T03:00:47.137075,2,3,121.8,0.2,121.7,105,121.4,105,,,,,,,,,,,,,,,,,121.9,98,122.0,5,122.2,100,,,,,,,,,,,,,,
2026-07-08T03:00:47.534578+00:00,2026-07-08T03:00:47.534470,2,3,121.8,0.2,121.7,60,121.4,105,,,,,,,,,,,,,,,,,121.9,98,122.0,5,122.2,100,,,,,,,,,,,,,,
2026-07-08T03:00:47.653259+00:00,2026-07-08T03:00:47.653165,2,2,121.8,0.2,121.7,55,121.4,105,,,,,,,,,,,,,,,,,121.9,98,122.2,100,,,,,,,,,,,,,,,,
2026-07-08T03:00:47.658603+00:00,2026-07-08T03:00:47.658469,2,2,121.8,0.2,121.7,60,121.4,105,,,,,,,,,,,,,,,,,121.9,98,122.2,100,,,,,,,,,,,,,,,,
2026-07-08T03:00:47.669285+00:00,2026-07-08T03:00:47.669214,2,3,121.8,0.2,121.7,60,121.4,105,,,,,,,,,,,,,,,,,121.9,98,122.0,5,122.2,100,,,,,,,,,,,,,,
2026-07-08T03:00:47.982782+00:00,2026-07-08T03:00:47.976900,2,3,121.8,0.2,121.7,60,121.4,105,,,,,,,,,,,,,,,,,121.9,87,122.0,5,122.2,100,,,,,,,,,,,,,,
2026-07-08T03:00:48.091034+00:00,2026-07-08T03:00:48.090958,2,3,121.8,0.2,121.7,10,121.4,105,,,,,,,,,,,,,,,,,121.9,87,122.0,5,122.2,100,,,,,,,,,,,,,,
2026-07-08T03:00:48.096279+00:00,2026-07-08T03:00:48.096201,2,3,121.8,0.2,121.7,10,121.4,105,,,,,,,,,,,,,,,,,121.9,67,122.0,5,122.2,100,,,,,,,,,,,,,,
2026-07-08T03:00:48.173816+00:00,2026-07-08T03:00:48.173708,2,2,121.8,0.2,121.7,10,121.4,105,,,,,,,,,,,,,,,,,121.9,67,122.2,100,,,,,,,,,,,,,,,,
2026-07-08T03:00:48.179082+00:00,2026-07-08T03:00:48.178903,2,2,121.8,0.2,121.7,5,121.4,105,,,,,,,,,,,,,,,,,121.9,67,122.2,100,,,,,,,,,,,,,,,,
2026-07-08T03:00:48.200022+00:00,2026-07-08T03:00:48.199821,3,2,121.85,0.1,121.8,5,121.7,5,121.4,105,,,,,,,,,,,,,,,121.9,67,122.2,100,,,,,,,,,,,,,,,,
2026-07-08T03:00:48.205141+00:00,2026-07-08T03:00:48.205094,3,3,121.85,0.1,121.8,5,121.7,5,121.4,105,,,,,,,,,,,,,,,121.9,67,122.1,5,122.2,100,,,,,,,,,,,,,,
2026-07-08T03:00:48.248037+00:00,2026-07-08T03:00:48.247968,2,2,121.95,0.3,121.8,5,121.7,5,,,,,,,,,,,,,,,,,122.1,5,122.2,100,,,,,,,,,,,,,,,,
2026-07-08T03:00:48.303776+00:00,2026-07-08T03:00:48.303671,2,2,121.95,0.3,121.8,155,121.7,5,,,,,,,,,,,,,,,,,122.1,5,122.2,100,,,,,,,,,,,,,,,,
2026-07-08T03:00:48.356110+00:00,2026-07-08T03:00:48.356014,2,3,121.95,0.3,121.8,155,121.7,5,,,,,,,,,,,,,,,,,122.1,5,122.2,100,122.3,150,,,,,,,,,,,,,,
2026-07-08T03:00:48.368366+00:00,2026-07-08T03:00:48.368303,2,3,121.95,0.3,121.8,155,121.7,5,,,,,,,,,,,,,,,,,122.1,15,122.2,100,122.3,150,,,,,,,,,,,,,,
2026-07-08T03:00:48.711149+00:00,2026-07-08T03:00:48.711066,2,3,121.95,0.3,121.8,150,121.7,5,,,,,,,,,,,,,,,,,122.1,10,122.2,100,122.3,150,,,,,,,,,,,,,,
2026-07-08T03:00:48.732042+00:00,2026-07-08T03:00:48.731960,3,3,122.0,0.2,121.9,5,121.8,150,121.7,5,,,,,,,,,,,,,,,122.1,10,122.2,105,122.3,150,,,,,,,,,,,,,,
2026-07-08T03:00:49.252087+00:00,2026-07-08T03:00:49.251996,2,3,121.95,0.3,121.8,150,121.7,5,,,,,,,,,,,,,,,,,122.1,10,122.2,100,122.3,150,,,,,,,,,,,,,,
2026-07-08T03:00:49.257084+00:00,2026-07-08T03:00:49.257330,3,3,122.0,0.2,121.9,5,121.8,150,121.7,5,,,,,,,,,,,,,,,122.1,10,122.2,100,122.3,150,,,,,,,,,,,,,,
2026-07-08T03:00:49.269459+00:00,2026-07-08T03:00:49.269378,3,3,122.0,0.2,121.9,5,121.8,150,121.7,5,,,,,,,,,,,,,,,122.1,10,122.2,105,122.3,150,,,,,,,,,,,,,,
2026-07-08T03:00:49.430176+00:00,2026-07-08T03:00:49.430077,2,3,122.0,0.2,121.9,5,121.8,150,,,,,,,,,,,,,,,,,122.1,10,122.2,5,122.3,150,,,,,,,,,,,,,,
2026-07-08T03:00:49.484050+00:00,2026-07-08T03:00:49.483965,3,3,122.0,0.2,121.9,5,121.8,150,121.3,100,,,,,,,,,,,,,,,122.1,10,122.2,5,122.3,150,,,,,,,,,,,,,,
2026-07-08T03:00:49.543894+00:00,2026-07-08T03:00:49.543851,2,3,121.95,0.3,121.8,55,121.3,100,,,,,,,,,,,,,,,,,122.1,10,122.2,5,122.3,150,,,,,,,,,,,,,,
2026-07-08T03:00:49.777318+00:00,2026-07-08T03:00:49.777537,2,2,121.95,0.3,121.8,55,121.3,100,,,,,,,,,,,,,,,,,122.1,10,122.3,150,,,,,,,,,,,,,,,,
2026-07-08T03:00:49.782826+00:00,2026-07-08T03:00:49.782787,2,2,121.95,0.3,121.8,50,121.3,100,,,,,,,,,,,,,,,,,122.1,10,122.3,150,,,,,,,,,,,,,,,,
2026-07-08T03:00:49.793332+00:00,2026-07-08T03:00:49.793275,2,2,121.95,0.3,121.8,55,121.3,100,,,,,,,,,,,,,,,,,122.1,10,122.3,150,,,,,,,,,,,,,,,,
2026-07-08T03:00:49.798556+00:00,2026-07-08T03:00:49.798460,2,2,121.95,0.3,121.8,55,121.3,100,,,,,,,,,,,,,,,,,122.1,15,122.3,150,,,,,,,,,,,,,,,,
2026-07-08T03:00:50.196436+00:00,2026-07-08T03:00:50.196392,2,2,121.95,0.3,121.8,5,121.3,100,,,,,,,,,,,,,,,,,122.1,15,122.3,150,,,,,,,,,,,,,,,,
2026-07-08T03:00:50.309935+00:00,2026-07-08T03:00:50.309835,1,2,121.7,0.8,121.3,100,,,,,,,,,,,,,,,,,,,122.1,10,122.3,150,,,,,,,,,,,,,,,,
2026-07-08T03:00:50.320396+00:00,2026-07-08T03:00:50.320296,2,2,121.9,0.4,121.7,5,121.3,100,,,,,,,,,,,,,,,,,122.1,10,122.3,150,,,,,,,,,,,,,,,,
2026-07-08T03:00:50.325563+00:00,2026-07-08T03:00:50.325505,2,3,121.85,0.3,121.7,5,121.3,100,,,,,,,,,,,,,,,,,122.0,5,122.1,10,122.3,150,,,,,,,,,,,,,,
2026-07-08T03:00:50.834200+00:00,2026-07-08T03:00:50.834116,2,2,121.9,0.4,121.7,5,121.3,100,,,,,,,,,,,,,,,,,122.1,10,122.3,150,,,,,,,,,,,,,,,,
2026-07-08T03:00:50.839451+00:00,2026-07-08T03:00:50.839368,1,2,121.7,0.8,121.3,100,,,,,,,,,,,,,,,,,,,122.1,10,122.3,150,,,,,,,,,,,,,,,,
2026-07-08T03:00:50.849997+00:00,2026-07-08T03:00:50.849882,2,3,121.8,0.4,121.6,5,121.3,100,,,,,,,,,,,,,,,,,122.0,5,122.1,10,122.3,150,,,,,,,,,,,,,,
2026-07-08T03:00:51.213180+00:00,2026-07-08T03:00:51.212972,2,2,121.8,0.4,121.6,5,121.3,100,,,,,,,,,,,,,,,,,122.0,5,122.3,150,,,,,,,,,,,,,,,,
2026-07-08T03:00:51.218361+00:00,2026-07-08T03:00:51.218271,1,2,121.65,0.7,121.3,62,,,,,,,,,,,,,,,,,,,122.0,5,122.3,150,,,,,,,,,,,,,,,,
2026-07-08T03:00:51.229066+00:00,2026-07-08T03:00:51.229246,1,3,121.6,0.6,121.3,62,,,,,,,,,,,,,,,,,,,121.9,10,122.0,5,122.3,150,,,,,,,,,,,,,,
2026-07-08T03:00:51.364049+00:00,2026-07-08T03:00:51.363902,1,2,121.6,0.6,121.3,62,,,,,,,,,,,,,,,,,,,121.9,10,122.3,150,,,,,,,,,,,,,,,,
2026-07-08T03:00:51.379943+00:00,2026-07-08T03:00:51.379853,2,2,121.75,0.3,121.6,5,121.3,62,,,,,,,,,,,,,,,,,121.9,10,122.3,150,,,,,,,,,,,,,,,,
2026-07-08T03:00:51.385167+00:00,2026-07-08T03:00:51.385070,2,2,121.75,0.3,121.6,5,121.3,62,,,,,,,,,,,,,,,,,121.9,15,122.3,150,,,,,,,,,,,,,,,,
2026-07-08T03:00:51.416958+00:00,2026-07-08T03:00:51.416912,2,1,121.75,0.3,121.6,5,121.3,62,,,,,,,,,,,,,,,,,121.9,15,,,,,,,,,,,,,,,,,,
2026-07-08T03:00:51.467708+00:00,2026-07-08T03:00:51.467598,3,1,121.75,0.3,121.6,5,121.3,62,120.9,150,,,,,,,,,,,,,,,121.9,15,,,,,,,,,,,,,,,,,,
2026-07-08T03:00:51.534712+00:00,2026-07-08T03:00:51.528392,2,2,121.35,0.1,121.3,62,120.9,150,,,,,,,,,,,,,,,,,121.4,142,121.9,15,,,,,,,,,,,,,,,,
2026-07-08T03:00:51.820841+00:00,2026-07-08T03:00:51.820703,2,2,121.35,0.1,121.3,62,120.9,150,,,,,,,,,,,,,,,,,121.4,142,121.9,5,,,,,,,,,,,,,,,,
2026-07-08T03:00:51.909872+00:00,2026-07-08T03:00:51.909789,2,1,121.35,0.1,121.3,62,120.9,150,,,,,,,,,,,,,,,,,121.4,142,,,,,,,,,,,,,,,,,,
2026-07-08T03:00:51.920403+00:00,2026-07-08T03:00:51.920324,2,1,121.35,0.1,121.3,62,120.9,150,,,,,,,,,,,,,,,,,121.4,102,,,,,,,,,,,,,,,,,,
2026-07-08T03:00:51.946977+00:00,2026-07-08T03:00:51.946844,2,1,121.35,0.1,121.3,62,120.9,150,,,,,,,,,,,,,,,,,121.4,97,,,,,,,,,,,,,,,,,,
2026-07-08T03:00:51.958569+00:00,2026-07-08T03:00:51.952034,2,2,121.35,0.1,121.3,62,120.9,150,,,,,,,,,,,,,,,,,121.4,97,121.6,5,,,,,,,,,,,,,,,,
2026-07-08T03:00:52.249932+00:00,2026-07-08T03:00:52.249810,2,2,121.35,0.1,121.3,62,120.9,150,,,,,,,,,,,,,,,,,121.4,47,121.6,5,,,,,,,,,,,,,,,,
2026-07-08T03:00:52.458668+00:00,2026-07-08T03:00:52.455561,2,1,121.35,0.1,121.3,62,120.9,150,,,,,,,,,,,,,,,,,121.4,47,,,,,,,,,,,,,,,,,,
2026-07-08T03:00:52.474879+00:00,2026-07-08T03:00:52.474779,2,1,121.35,0.1,121.3,62,120.9,150,,,,,,,,,,,,,,,,,121.4,7,,,,,,,,,,,,,,,,,,
2026-07-08T03:00:52.490659+00:00,2026-07-08T03:00:52.490569,2,1,121.35,0.1,121.3,62,120.9,150,,,,,,,,,,,,,,,,,121.4,2,,,,,,,,,,,,,,,,,,
2026-07-08T03:00:52.495845+00:00,2026-07-08T03:00:52.495759,2,2,121.35,0.1,121.3,62,120.9,150,,,,,,,,,,,,,,,,,121.4,2,121.6,5,,,,,,,,,,,,,,,,
2026-07-08T03:00:52.597786+00:00,2026-07-08T03:00:52.597713,1,2,121.15,0.5,120.9,150,,,,,,,,,,,,,,,,,,,121.4,2,121.6,5,,,,,,,,,,,,,,,,
2026-07-08T03:00:52.643424+00:00,2026-07-08T03:00:52.643525,2,2,121.2,0.4,121.0,10,120.9,150,,,,,,,,,,,,,,,,,121.4,2,121.6,5,,,,,,,,,,,,,,,,
2026-07-08T03:00:52.658680+00:00,2026-07-08T03:00:52.654037,3,1,121.5,0.2,121.4,98,121.0,10,120.9,150,,,,,,,,,,,,,,,121.6,5,,,,,,,,,,,,,,,,,,
2026-07-08T03:00:52.707134+00:00,2026-07-08T03:00:52.707064,3,2,121.5,0.2,121.4,98,121.0,10,120.9,150,,,,,,,,,,,,,,,121.6,5,121.9,100,,,,,,,,,,,,,,,,
2026-07-08T03:00:52.953431+00:00,2026-07-08T03:00:52.953339,2,2,121.5,0.2,121.4,98,120.9,150,,,,,,,,,,,,,,,,,121.6,5,121.9,100,,,,,,,,,,,,,,,,
2026-07-08T03:00:53.006556+00:00,2026-07-08T03:00:53.006373,2,1,121.65,0.5,121.4,98,120.9,150,,,,,,,,,,,,,,,,,121.9,100,,,,,,,,,,,,,,,,,,
2026-07-08T03:00:53.017067+00:00,2026-07-08T03:00:53.017017,3,1,121.7,0.4,121.5,5,121.4,98,120.9,150,,,,,,,,,,,,,,,121.9,100,,,,,,,,,,,,,,,,,,
2026-07-08T03:00:53.022312+00:00,2026-07-08T03:00:53.022275,3,2,121.6,0.2,121.5,5,121.4,98,120.9,150,,,,,,,,,,,,,,,121.7,5,121.9,100,,,,,,,,,,,,,,,,
2026-07-08T03:00:53.377645+00:00,2026-07-08T03:00:53.377498,3,1,121.7,0.4,121.5,5,121.4,98,120.9,150,,,,,,,,,,,,,,,121.9,65,,,,,,,,,,,,,,,,,,
2026-07-08T03:00:53.529308+00:00,2026-07-08T03:00:53.529509,2,1,121.65,0.5,121.4,98,120.9,150,,,,,,,,,,,,,,,,,121.9,65,,,,,,,,,,,,,,,,,,
2026-07-08T03:00:53.545356+00:00,2026-07-08T03:00:53.545302,3,1,121.7,0.4,121.5,5,121.4,98,120.9,150,,,,,,,,,,,,,,,121.9,65,,,,,,,,,,,,,,,,,,
2026-07-08T03:00:53.550545+00:00,2026-07-08T03:00:53.550511,3,2,121.6,0.2,121.5,5,121.4,98,120.9,150,,,,,,,,,,,,,,,121.7,5,121.9,65,,,,,,,,,,,,,,,,
2026-07-08T03:00:53.958585+00:00,2026-07-08T03:00:53.957687,2,2,121.55,0.3,121.4,63,120.9,150,,,,,,,,,,,,,,,,,121.7,5,121.9,65,,,,,,,,,,,,,,,,
2026-07-08T03:00:54.057516+00:00,2026-07-08T03:00:54.057751,2,1,121.65,0.5,121.4,63,120.9,150,,,,,,,,,,,,,,,,,121.9,65,,,,,,,,,,,,,,,,,,
2026-07-08T03:00:54.075718+00:00,2026-07-08T03:00:54.075627,3,2,121.6,0.2,121.5,5,121.4,63,120.9,150,,,,,,,,,,,,,,,121.7,5,121.9,65,,,,,,,,,,,,,,,,
2026-07-08T03:00:54.420584+00:00,2026-07-08T03:00:54.420475,2,2,121.55,0.3,121.4,18,120.9,150,,,,,,,,,,,,,,,,,121.7,5,121.9,65,,,,,,,,,,,,,,,,
2026-07-08T03:00:54.585281+00:00,2026-07-08T03:00:54.585461,1,2,121.55,0.3,121.4,18,,,,,,,,,,,,,,,,,,,121.7,15,121.9,65,,,,,,,,,,,,,,,,
2026-07-08T03:00:54.590551+00:00,2026-07-08T03:00:54.590733,1,2,121.55,0.3,121.4,8,,,,,,,,,,,,,,,,,,,121.7,10,121.9,65,,,,,,,,,,,,,,,,
2026-07-08T03:00:54.601298+00:00,2026-07-08T03:00:54.601190,1,2,121.55,0.3,121.4,13,,,,,,,,,,,,,,,,,,,121.7,10,121.9,65,,,,,,,,,,,,,,,,
2026-07-08T03:00:54.606471+00:00,2026-07-08T03:00:54.606408,1,3,121.5,0.2,121.4,13,,,,,,,,,,,,,,,,,,,121.6,5,121.7,10,121.9,65,,,,,,,,,,,,,,
2026-07-08T03:00:54.639287+00:00,2026-07-08T03:00:54.639179,2,3,121.5,0.2,121.4,13,121.3,150,,,,,,,,,,,,,,,,,121.6,5,121.7,10,121.9,65,,,,,,,,,,,,,,
2026-07-08T03:00:54.693014+00:00,2026-07-08T03:00:54.692958,2,4,121.5,0.2,121.4,13,121.3,150,,,,,,,,,,,,,,,,,121.6,5,121.7,10,121.8,150,121.9,65,,,,,,,,,,,,
2026-07-08T03:00:54.896865+00:00,2026-07-08T03:00:54.896832,2,3,121.5,0.2,121.4,13,121.3,150,,,,,,,,,,,,,,,,,121.6,5,121.8,150,121.9,65,,,,,,,,,,,,,,
2026-07-08T03:00:55.100247+00:00,2026-07-08T03:00:55.100182,2,2,121.6,0.4,121.4,13,121.3,150,,,,,,,,,,,,,,,,,121.8,110,121.9,65,,,,,,,,,,,,,,,,
2026-07-08T03:00:55.120003+00:00,2026-07-08T03:00:55.119781,2,2,121.6,0.4,121.4,8,121.3,150,,,,,,,,,,,,,,,,,121.8,110,121.9,65,,,,,,,,,,,,,,,,
2026-07-08T03:00:55.135865+00:00,2026-07-08T03:00:55.135631,2,2,121.6,0.4,121.4,13,121.3,150,,,,,,,,,,,,,,,,,121.8,110,121.9,65,,,,,,,,,,,,,,,,
2026-07-08T03:00:55.140968+00:00,2026-07-08T03:00:55.140902,2,3,121.5,0.2,121.4,13,121.3,150,,,,,,,,,,,,,,,,,121.6,5,121.8,110,121.9,65,,,,,,,,,,,,,,
2026-07-08T03:00:55.651814+00:00,2026-07-08T03:00:55.651772,2,2,121.6,0.4,121.4,8,121.3,150,,,,,,,,,,,,,,,,,121.8,110,121.9,65,,,,,,,,,,,,,,,,
2026-07-08T03:00:55.658627+00:00,2026-07-08T03:00:55.657182,2,3,121.5,0.2,121.4,13,121.3,150,,,,,,,,,,,,,,,,,121.6,5,121.8,110,121.9,65,,,,,,,,,,,,,,
2026-07-08T03:00:55.758620+00:00,2026-07-08T03:00:55.755561,2,2,121.5,0.2,121.4,5,121.3,150,,,,,,,,,,,,,,,,,121.6,5,121.8,110,,,,,,,,,,,,,,,,
2026-07-08T03:00:55.814538+00:00,2026-07-08T03:00:55.814516,3,2,121.5,0.2,121.4,5,121.3,150,121.1,100,,,,,,,,,,,,,,,121.6,5,121.8,110,,,,,,,,,,,,,,,,
2026-07-08T03:00:55.871270+00:00,2026-07-08T03:00:55.871127,3,2,121.5,0.2,121.4,5,121.3,150,121.1,100,,,,,,,,,,,,,,,121.6,105,121.8,110,,,,,,,,,,,,,,,,
2026-07-08T03:00:55.919352+00:00,2026-07-08T03:00:55.919316,3,2,121.5,0.2,121.4,5,121.3,150,121.1,100,,,,,,,,,,,,,,,121.6,115,121.8,110,,,,,,,,,,,,,,,,
2026-07-08T03:00:56.171190+00:00,2026-07-08T03:00:56.171078,3,2,121.5,0.2,121.4,5,121.3,150,121.1,100,,,,,,,,,,,,,,,121.6,110,121.8,110,,,,,,,,,,,,,,,,
2026-07-08T03:00:56.176481+00:00,2026-07-08T03:00:56.176360,2,2,121.45,0.3,121.3,150,121.1,100,,,,,,,,,,,,,,,,,121.6,110,121.8,110,,,,,,,,,,,,,,,,
2026-07-08T03:00:56.181736+00:00,2026-07-08T03:00:56.181655,2,2,121.45,0.3,121.3,145,121.1,100,,,,,,,,,,,,,,,,,121.6,110,121.8,110,,,,,,,,,,,,,,,,
2026-07-08T03:00:56.192206+00:00,2026-07-08T03:00:56.192173,2,3,121.4,0.2,121.3,150,121.1,100,,,,,,,,,,,,,,,,,121.5,5,121.6,110,121.8,110,,,,,,,,,,,,,,
2026-07-08T03:00:56.518165+00:00,2026-07-08T03:00:56.518060,2,3,121.4,0.2,121.3,150,121.1,100,,,,,,,,,,,,,,,,,121.5,5,121.6,100,121.8,110,,,,,,,,,,,,,,
2026-07-08T03:00:56.702985+00:00,2026-07-08T03:00:56.703162,2,2,121.45,0.3,121.3,150,121.1,100,,,,,,,,,,,,,,,,,121.6,100,121.8,110,,,,,,,,,,,,,,,,
2026-07-08T03:00:56.708234+00:00,2026-07-08T03:00:56.708328,2,2,121.45,0.3,121.3,145,121.1,100,,,,,,,,,,,,,,,,,121.6,100,121.8,110,,,,,,,,,,,,,,,,
2026-07-08T03:00:56.718837+00:00,2026-07-08T03:00:56.718751,2,3,121.4,0.2,121.3,150,121.1,100,,,,,,,,,,,,,,,,,121.5,5,121.6,100,121.8,110,,,,,,,,,,,,,,
2026-07-08T03:00:57.239008+00:00,2026-07-08T03:00:57.239140,2,2,121.45,0.3,121.3,145,121.1,100,,,,,,,,,,,,,,,,,121.6,100,121.8,110,,,,,,,,,,,,,,,,
2026-07-08T03:00:57.279355+00:00,2026-07-08T03:00:57.279250,3,2,121.5,0.2,121.4,5,121.3,145,121.1,100,,,,,,,,,,,,,,,121.6,100,121.8,110,,,,,,,,,,,,,,,,
2026-07-08T03:00:57.284512+00:00,2026-07-08T03:00:57.284438,3,2,121.5,0.2,121.4,5,121.3,145,121.1,100,,,,,,,,,,,,,,,121.6,105,121.8,110,,,,,,,,,,,,,,,,
2026-07-08T03:00:57.770296+00:00,2026-07-08T03:00:57.770122,2,1,121.5,0.2,121.4,5,121.1,100,,,,,,,,,,,,,,,,,121.6,105,,,,,,,,,,,,,,,,,,
2026-07-08T03:00:57.789322+00:00,2026-07-08T03:00:57.789274,2,1,121.5,0.2,121.4,5,121.1,100,,,,,,,,,,,,,,,,,121.6,100,,,,,,,,,,,,,,,,,,
2026-07-08T03:00:57.794564+00:00,2026-07-08T03:00:57.794434,1,1,121.35,0.5,121.1,100,,,,,,,,,,,,,,,,,,,121.6,100,,,,,,,,,,,,,,,,,,
2026-07-08T03:00:57.804947+00:00,2026-07-08T03:00:57.804870,2,2,121.4,0.2,121.3,5,121.1,100,,,,,,,,,,,,,,,,,121.5,5,121.6,100,,,,,,,,,,,,,,,,
2026-07-08T03:00:57.828464+00:00,2026-07-08T03:00:57.828336,3,0,,,121.6,45,121.3,5,121.1,100,,,,,,,,,,,,,,,,,,,,,,,,,,,,,,,,,,
2026-07-08T03:00:57.897946+00:00,2026-07-08T03:00:57.890866,3,1,121.85,0.5,121.6,42,121.3,5,121.1,100,,,,,,,,,,,,,,,122.1,150,,,,,,,,,,,,,,,,,,
2026-07-08T03:00:57.944329+00:00,2026-07-08T03:00:57.944227,3,2,121.8,0.4,121.6,42,121.3,5,121.1,100,,,,,,,,,,,,,,,122.0,10,122.1,150,,,,,,,,,,,,,,,,
2026-07-08T03:00:58.318300+00:00,2026-07-08T03:00:58.318164,2,2,121.8,0.4,121.6,42,121.1,100,,,,,,,,,,,,,,,,,122.0,10,122.1,150,,,,,,,,,,,,,,,,
2026-07-08T03:00:58.374545+00:00,2026-07-08T03:00:58.374502,2,3,121.7,0.2,121.6,47,121.1,100,,,,,,,,,,,,,,,,,121.8,5,122.0,10,122.1,150,,,,,,,,,,,,,,
2026-07-08T03:00:58.585307+00:00,2026-07-08T03:00:58.585258,2,1,121.85,0.5,121.6,47,121.1,100,,,,,,,,,,,,,,,,,122.1,115,,,,,,,,,,,,,,,,,,
2026-07-08T03:00:58.771687+00:00,2026-07-08T03:00:58.771618,2,1,121.85,0.5,121.6,47,121.1,100,,,,,,,,,,,,,,,,,122.1,125,,,,,,,,,,,,,,,,,,
2026-07-08T03:00:58.883894+00:00,2026-07-08T03:00:58.883842,2,1,121.85,0.5,121.6,42,121.1,100,,,,,,,,,,,,,,,,,122.1,125,,,,,,,,,,,,,,,,,,
2026-07-08T03:00:58.894212+00:00,2026-07-08T03:00:58.894374,1,1,121.6,1.0,121.1,100,,,,,,,,,,,,,,,,,,,122.1,125,,,,,,,,,,,,,,,,,,
2026-07-08T03:00:58.910342+00:00,2026-07-08T03:00:58.910238,2,1,121.75,0.7,121.4,5,121.1,100,,,,,,,,,,,,,,,,,122.1,125,,,,,,,,,,,,,,,,,,
2026-07-08T03:00:58.915569+00:00,2026-07-08T03:00:58.915468,2,2,121.5,0.2,121.4,5,121.1,100,,,,,,,,,,,,,,,,,121.6,5,122.1,125,,,,,,,,,,,,,,,,
2026-07-08T03:00:58.920855+00:00,2026-07-08T03:00:58.920742,1,2,121.5,0.2,121.4,5,,,,,,,,,,,,,,,,,,,121.6,5,122.1,125,,,,,,,,,,,,,,,,
2026-07-08T03:00:58.984911+00:00,2026-07-08T03:00:58.984883,1,2,121.5,0.2,121.4,105,,,,,,,,,,,,,,,,,,,121.6,5,122.1,125,,,,,,,,,,,,,,,,
2026-07-08T03:00:59.036267+00:00,2026-07-08T03:00:59.036065,1,3,121.5,0.2,121.4,105,,,,,,,,,,,,,,,,,,,121.6,5,121.9,100,122.1,125,,,,,,,,,,,,,,
2026-07-08T03:00:59.094757+00:00,2026-07-08T03:00:59.094931,1,3,121.5,0.2,121.4,105,,,,,,,,,,,,,,,,,,,121.6,5,121.9,100,122.1,115,,,,,,,,,,,,,,
2026-07-08T03:00:59.110753+00:00,2026-07-08T03:00:59.110701,1,2,121.65,0.5,121.4,105,,,,,,,,,,,,,,,,,,,121.9,100,122.1,115,,,,,,,,,,,,,,,,
2026-07-08T03:00:59.363943+00:00,2026-07-08T03:00:59.363874,1,2,121.65,0.5,121.4,105,,,,,,,,,,,,,,,,,,,121.9,110,122.1,115,,,,,,,,,,,,,,,,
2026-07-08T03:00:59.424736+00:00,2026-07-08T03:00:59.424611,1,2,121.65,0.5,121.4,100,,,,,,,,,,,,,,,,,,,121.9,110,122.1,115,,,,,,,,,,,,,,,,
2026-07-08T03:00:59.435212+00:00,2026-07-08T03:00:59.435113,2,3,121.65,0.3,121.5,5,121.4,100,,,,,,,,,,,,,,,,,121.8,5,121.9,110,122.1,115,,,,,,,,,,,,,,
2026-07-08T03:00:59.791004+00:00,2026-07-08T03:00:59.791161,1,3,121.6,0.4,121.4,64,,,,,,,,,,,,,,,,,,,121.8,5,121.9,110,122.1,115,,,,,,,,,,,,,,
2026-07-08T03:00:59.945547+00:00,2026-07-08T03:00:59.945425,1,2,121.65,0.5,121.4,64,,,,,,,,,,,,,,,,,,,121.9,110,122.1,115,,,,,,,,,,,,,,,,
2026-07-08T03:00:59.950814+00:00,2026-07-08T03:00:59.950678,1,2,121.65,0.5,121.4,59,,,,,,,,,,,,,,,,,,,121.9,110,122.1,115,,,,,,,,,,,,,,,,
2026-07-08T03:00:59.955801+00:00,2026-07-08T03:00:59.956689,2,3,121.65,0.3,121.5,5,121.4,59,,,,,,,,,,,,,,,,,121.8,5,121.9,110,122.1,115,,,,,,,,,,,,,,
2026-07-08T03:01:00.476942+00:00,2026-07-08T03:01:00.476819,1,2,121.65,0.5,121.4,59,,,,,,,,,,,,,,,,,,,121.9,110,122.1,115,,,,,,,,,,,,,,,,
2026-07-08T03:01:00.487536+00:00,2026-07-08T03:01:00.487412,2,3,121.65,0.3,121.5,5,121.4,59,,,,,,,,,,,,,,,,,121.8,5,121.9,110,122.1,115,,,,,,,,,,,,,,
2026-07-08T03:01:00.691581+00:00,2026-07-08T03:01:00.691516,2,2,121.7,0.4,121.5,5,121.4,59,,,,,,,,,,,,,,,,,121.9,65,122.1,115,,,,,,,,,,,,,,,,
2026-07-08T03:01:00.933739+00:00,2026-07-08T03:01:00.933649,2,1,121.7,0.4,121.5,5,121.4,59,,,,,,,,,,,,,,,,,121.9,65,,,,,,,,,,,,,,,,,,
2026-07-08T03:01:00.988700+00:00,2026-07-08T03:01:00.988584,3,1,121.7,0.4,121.5,5,121.4,59,121.0,150,,,,,,,,,,,,,,,121.9,65,,,,,,,,,,,,,,,,,,
2026-07-08T03:01:00.999143+00:00,2026-07-08T03:01:00.999051,2,1,121.65,0.5,121.4,59,121.0,150,,,,,,,,,,,,,,,,,121.9,65,,,,,,,,,,,,,,,,,,
2026-07-08T03:01:01.015221+00:00,2026-07-08T03:01:01.015147,3,2,121.65,0.3,121.5,5,121.4,59,121.0,150,,,,,,,,,,,,,,,121.8,5,121.9,65,,,,,,,,,,,,,,,,
2026-07-08T03:01:01.042905+00:00,2026-07-08T03:01:01.042866,2,3,121.45,0.1,121.4,59,121.0,150,,,,,,,,,,,,,,,,,121.5,145,121.8,5,121.9,65,,,,,,,,,,,,,,
2026-07-08T03:01:01.408317+00:00,2026-07-08T03:01:01.408230,2,3,121.45,0.1,121.4,59,121.0,150,,,,,,,,,,,,,,,,,121.5,145,121.8,5,121.9,55,,,,,,,,,,,,,,
2026-07-08T03:01:01.430251+00:00,2026-07-08T03:01:01.430197,2,3,121.45,0.1,121.4,59,121.0,150,,,,,,,,,,,,,,,,,121.5,140,121.8,5,121.9,55,,,,,,,,,,,,,,
2026-07-08T03:01:01.528724+00:00,2026-07-08T03:01:01.528487,2,2,121.45,0.1,121.4,59,121.0,150,,,,,,,,,,,,,,,,,121.5,140,121.9,55,,,,,,,,,,,,,,,,
2026-07-08T03:01:01.533987+00:00,2026-07-08T03:01:01.533819,2,2,121.45,0.1,121.4,54,121.0,150,,,,,,,,,,,,,,,,,121.5,140,121.9,55,,,,,,,,,,,,,,,,
2026-07-08T03:01:01.544553+00:00,2026-07-08T03:01:01.544359,2,2,121.45,0.1,121.4,59,121.0,150,,,,,,,,,,,,,,,,,121.5,140,121.9,55,,,,,,,,,,,,,,,,
2026-07-08T03:01:01.549706+00:00,2026-07-08T03:01:01.549655,2,3,121.45,0.1,121.4,59,121.0,150,,,,,,,,,,,,,,,,,121.5,140,121.7,5,121.9,55,,,,,,,,,,,,,,
2026-07-08T03:01:02.058684+00:00,2026-07-08T03:01:02.053592,2,2,121.45,0.1,121.4,54,121.0,150,,,,,,,,,,,,,,,,,121.5,140,121.9,55,,,,,,,,,,,,,,,,
2026-07-08T03:01:02.071697+00:00,2026-07-08T03:01:02.071652,2,2,121.45,0.1,121.4,59,121.0,150,,,,,,,,,,,,,,,,,121.5,98,121.9,55,,,,,,,,,,,,,,,,
2026-07-08T03:01:02.077036+00:00,2026-07-08T03:01:02.076869,2,3,121.45,0.1,121.4,59,121.0,150,,,,,,,,,,,,,,,,,121.5,98,121.7,5,121.9,55,,,,,,,,,,,,,,
2026-07-08T03:01:02.088653+00:00,2026-07-08T03:01:02.088555,2,2,121.45,0.1,121.4,5,121.0,150,,,,,,,,,,,,,,,,,121.5,98,121.7,5,,,,,,,,,,,,,,,,
2026-07-08T03:01:02.140745+00:00,2026-07-08T03:01:02.140617,3,2,121.45,0.1,121.4,5,121.3,100,121.0,150,,,,,,,,,,,,,,,121.5,98,121.7,5,,,,,,,,,,,,,,,,
2026-07-08T03:01:02.197814+00:00,2026-07-08T03:01:02.197968,3,3,121.45,0.1,121.4,5,121.3,100,121.0,150,,,,,,,,,,,,,,,121.5,98,121.7,5,121.8,100,,,,,,,,,,,,,,
2026-07-08T03:01:02.776062+00:00,2026-07-08T03:01:02.775979,2,2,121.4,0.2,121.3,100,121.0,150,,,,,,,,,,,,,,,,,121.5,98,121.8,100,,,,,,,,,,,,,,,,
2026-07-08T03:01:02.851338+00:00,2026-07-08T03:01:02.851229,2,2,121.4,0.2,121.3,50,121.0,150,,,,,,,,,,,,,,,,,121.5,98,121.8,100,,,,,,,,,,,,,,,,
2026-07-08T03:01:02.874832+00:00,2026-07-08T03:01:02.874733,3,2,121.45,0.1,121.4,5,121.3,50,121.0,150,,,,,,,,,,,,,,,121.5,98,121.8,100,,,,,,,,,,,,,,,,
2026-07-08T03:01:02.880028+00:00,2026-07-08T03:01:02.879947,3,3,121.45,0.1,121.4,5,121.3,50,121.0,150,,,,,,,,,,,,,,,121.5,98,121.7,5,121.8,100,,,,,,,,,,,,,,
2026-07-08T03:01:03.053019+00:00,2026-07-08T03:01:03.053163,2,3,121.4,0.2,121.3,11,121.0,150,,,,,,,,,,,,,,,,,121.5,98,121.7,5,121.8,100,,,,,,,,,,,,,,
2026-07-08T03:01:03.392150+00:00,2026-07-08T03:01:03.392023,2,2,121.4,0.2,121.3,11,121.0,150,,,,,,,,,,,,,,,,,121.5,98,121.8,100,,,,,,,,,,,,,,,,
2026-07-08T03:01:03.474818+00:00,2026-07-08T03:01:03.474744,3,2,121.45,0.1,121.4,5,121.3,11,121.0,150,,,,,,,,,,,,,,,121.5,98,121.8,100,,,,,,,,,,,,,,,,
2026-07-08T03:01:03.480068+00:00,2026-07-08T03:01:03.479956,3,3,121.45,0.1,121.4,5,121.3,11,121.0,150,,,,,,,,,,,,,,,121.5,98,121.7,5,121.8,100,,,,,,,,,,,,,,
2026-07-08T03:01:03.984901+00:00,2026-07-08T03:01:03.984809,3,2,121.45,0.1,121.4,5,121.3,11,121.0,150,,,,,,,,,,,,,,,121.5,98,121.8,100,,,,,,,,,,,,,,,,
2026-07-08T03:01:03.990197+00:00,2026-07-08T03:01:03.990037,2,2,121.4,0.2,121.3,11,121.0,150,,,,,,,,,,,,,,,,,121.5,98,121.8,100,,,,,,,,,,,,,,,,
2026-07-08T03:01:03.995457+00:00,2026-07-08T03:01:03.995411,2,2,121.4,0.2,121.3,11,121.0,150,,,,,,,,,,,,,,,,,121.5,93,121.8,100,,,,,,,,,,,,,,,,
2026-07-08T03:01:04.073658+00:00,2026-07-08T03:01:04.073874,3,2,121.45,0.1,121.4,5,121.3,11,121.0,150,,,,,,,,,,,,,,,121.5,93,121.8,100,,,,,,,,,,,,,,,,
2026-07-08T03:01:04.079304+00:00,2026-07-08T03:01:04.079081,3,3,121.45,0.1,121.4,5,121.3,11,121.0,150,,,,,,,,,,,,,,,121.5,93,121.6,5,121.8,100,,,,,,,,,,,,,,
2026-07-08T03:01:04.095090+00:00,2026-07-08T03:01:04.095031,3,2,121.5,0.2,121.4,5,121.3,11,121.0,150,,,,,,,,,,,,,,,121.6,5,121.8,100,,,,,,,,,,,,,,,,
2026-07-08T03:01:04.100331+00:00,2026-07-08T03:01:04.100237,2,2,121.5,0.2,121.4,5,121.3,11,,,,,,,,,,,,,,,,,121.6,5,121.8,100,,,,,,,,,,,,,,,,
2026-07-08T03:01:04.149007+00:00,2026-07-08T03:01:04.148845,2,2,121.5,0.2,121.4,5,121.3,161,,,,,,,,,,,,,,,,,121.6,5,121.8,100,,,,,,,,,,,,,,,,
2026-07-08T03:01:04.205839+00:00,2026-07-08T03:01:04.205736,2,2,121.5,0.2,121.4,5,121.3,161,,,,,,,,,,,,,,,,,121.6,5,121.8,250,,,,,,,,,,,,,,,,
2026-07-08T03:01:04.258588+00:00,2026-07-08T03:01:04.255811,2,1,121.6,0.4,121.4,5,121.3,161,,,,,,,,,,,,,,,,,121.8,208,,,,,,,,,,,,,,,,,,
2026-07-08T03:01:04.326929+00:00,2026-07-08T03:01:04.326802,2,1,121.6,0.4,121.4,5,121.3,161,,,,,,,,,,,,,,,,,121.8,218,,,,,,,,,,,,,,,,,,
2026-07-08T03:01:04.586177+00:00,2026-07-08T03:01:04.586097,1,1,121.55,0.5,121.3,161,,,,,,,,,,,,,,,,,,,121.8,218,,,,,,,,,,,,,,,,,,
2026-07-08T03:01:04.602007+00:00,2026-07-08T03:01:04.601881,2,1,121.65,0.3,121.5,5,121.3,161,,,,,,,,,,,,,,,,,121.8,218,,,,,,,,,,,,,,,,,,
2026-07-08T03:01:04.607219+00:00,2026-07-08T03:01:04.607094,2,1,121.65,0.3,121.5,5,121.3,161,,,,,,,,,,,,,,,,,121.8,223,,,,,,,,,,,,,,,,,,
2026-07-08T03:01:04.968733+00:00,2026-07-08T03:01:04.968901,1,1,121.55,0.5,121.3,116,,,,,,,,,,,,,,,,,,,121.8,223,,,,,,,,,,,,,,,,,,
2026-07-08T03:01:05.115845+00:00,2026-07-08T03:01:05.115757,1,1,121.55,0.5,121.3,116,,,,,,,,,,,,,,,,,,,121.8,218,,,,,,,,,,,,,,,,,,
2026-07-08T03:01:05.131643+00:00,2026-07-08T03:01:05.131582,2,2,121.5,0.2,121.4,5,121.3,116,,,,,,,,,,,,,,,,,121.6,5,121.8,218,,,,,,,,,,,,,,,,
2026-07-08T03:01:05.251699+00:00,2026-07-08T03:01:05.251833,2,2,121.5,0.2,121.4,5,121.3,116,,,,,,,,,,,,,,,,,121.6,5,121.8,160,,,,,,,,,,,,,,,,
2026-07-08T03:01:05.305426+00:00,2026-07-08T03:01:05.305367,3,2,121.5,0.2,121.4,5,121.3,116,121.2,100,,,,,,,,,,,,,,,121.6,5,121.8,160,,,,,,,,,,,,,,,,
2026-07-08T03:01:05.358611+00:00,2026-07-08T03:01:05.353542,3,3,121.5,0.2,121.4,5,121.3,116,121.2,100,,,,,,,,,,,,,,,121.6,5,121.7,100,121.8,160,,,,,,,,,,,,,,
2026-07-08T03:01:05.482741+00:00,2026-07-08T03:01:05.482891,3,3,121.5,0.2,121.4,5,121.3,116,121.2,100,,,,,,,,,,,,,,,121.6,5,121.7,100,121.8,150,,,,,,,,,,,,,,
2026-07-08T03:01:05.646498+00:00,2026-07-08T03:01:05.646377,2,2,121.5,0.4,121.3,116,121.2,100,,,,,,,,,,,,,,,,,121.7,100,121.8,150,,,,,,,,,,,,,,,,
2026-07-08T03:01:05.658649+00:00,2026-07-08T03:01:05.651737,3,3,121.5,0.2,121.4,5,121.3,116,121.2,100,,,,,,,,,,,,,,,121.6,5,121.7,100,121.8,150,,,,,,,,,,,,,,
2026-07-08T03:01:06.171279+00:00,2026-07-08T03:01:06.171174,2,2,121.5,0.4,121.3,116,121.2,100,,,,,,,,,,,,,,,,,121.7,100,121.8,150,,,,,,,,,,,,,,,,
2026-07-08T03:01:06.181876+00:00,2026-07-08T03:01:06.181763,3,2,121.55,0.3,121.4,5,121.3,116,121.2,100,,,,,,,,,,,,,,,121.7,100,121.8,150,,,,,,,,,,,,,,,,
2026-07-08T03:01:06.187139+00:00,2026-07-08T03:01:06.186993,3,3,121.5,0.2,121.4,5,121.3,116,121.2,100,,,,,,,,,,,,,,,121.6,5,121.7,100,121.8,150,,,,,,,,,,,,,,
2026-07-08T03:01:06.505400+00:00,2026-07-08T03:01:06.505309,3,3,121.5,0.2,121.4,5,121.3,116,121.2,100,,,,,,,,,,,,,,,121.6,15,121.7,100,121.8,150,,,,,,,,,,,,,,
2026-07-08T03:01:06.692232+00:00,2026-07-08T03:01:06.692103,3,3,121.5,0.2,121.4,5,121.3,116,121.2,100,,,,,,,,,,,,,,,121.6,10,121.7,100,121.8,150,,,,,,,,,,,,,,
2026-07-08T03:01:06.697523+00:00,2026-07-08T03:01:06.697360,2,3,121.45,0.3,121.3,116,121.2,100,,,,,,,,,,,,,,,,,121.6,10,121.7,100,121.8,150,,,,,,,,,,,,,,
2026-07-08T03:01:06.702769+00:00,2026-07-08T03:01:06.702701,2,3,121.45,0.3,121.3,111,121.2,100,,,,,,,,,,,,,,,,,121.6,10,121.7,100,121.8,150,,,,,,,,,,,,,,
2026-07-08T03:01:06.713425+00:00,2026-07-08T03:01:06.713306,3,3,121.5,0.2,121.4,5,121.3,111,121.2,100,,,,,,,,,,,,,,,121.6,10,121.7,105,121.8,150,,,,,,,,,,,,,,
2026-07-08T03:01:07.077345+00:00,2026-07-08T03:01:07.077236,2,3,121.45,0.3,121.3,66,121.2,100,,,,,,,,,,,,,,,,,121.6,10,121.7,105,121.8,150,,,,,,,,,,,,,,
2026-07-08T03:01:07.228211+00:00,2026-07-08T03:01:07.228003,2,3,121.45,0.3,121.3,66,121.2,100,,,,,,,,,,,,,,,,,121.6,10,121.7,100,121.8,150,,,,,,,,,,,,,,
2026-07-08T03:01:07.233481+00:00,2026-07-08T03:01:07.233362,2,3,121.45,0.3,121.3,61,121.2,100,,,,,,,,,,,,,,,,,121.6,10,121.7,100,121.8,150,,,,,,,,,,,,,,
2026-07-08T03:01:07.244107+00:00,2026-07-08T03:01:07.244034,3,3,121.5,0.2,121.4,5,121.3,61,121.2,100,,,,,,,,,,,,,,,121.6,10,121.7,100,121.8,150,,,,,,,,,,,,,,
2026-07-08T03:01:07.249136+00:00,2026-07-08T03:01:07.249273,3,3,121.5,0.2,121.4,5,121.3,61,121.2,100,,,,,,,,,,,,,,,121.6,10,121.7,105,121.8,150,,,,,,,,,,,,,,
2026-07-08T03:01:07.258603+00:00,2026-07-08T03:01:07.254642,2,2,121.5,0.2,121.4,5,121.2,100,,,,,,,,,,,,,,,,,121.6,10,121.7,105,,,,,,,,,,,,,,,,
2026-07-08T03:01:07.309682+00:00,2026-07-08T03:01:07.309631,3,2,121.5,0.2,121.4,5,121.2,100,120.8,150,,,,,,,,,,,,,,,121.6,10,121.7,105,,,,,,,,,,,,,,,,
2026-07-08T03:01:07.366807+00:00,2026-07-08T03:01:07.367039,2,3,121.25,0.1,121.2,100,120.8,150,,,,,,,,,,,,,,,,,121.3,145,121.6,10,121.7,105,,,,,,,,,,,,,,
2026-07-08T03:01:07.377672+00:00,2026-07-08T03:01:07.377526,2,3,121.25,0.1,121.2,100,120.8,150,,,,,,,,,,,,,,,,,121.3,100,121.6,10,121.7,105,,,,,,,,,,,,,,
2026-07-08T03:01:07.666522+00:00,2026-07-08T03:01:07.666673,2,2,121.25,0.1,121.2,100,120.8,150,,,,,,,,,,,,,,,,,121.3,100,121.7,105,,,,,,,,,,,,,,,,
2026-07-08T03:01:07.758669+00:00,2026-07-08T03:01:07.754715,2,2,121.25,0.1,121.2,100,120.8,150,,,,,,,,,,,,,,,,,121.3,100,121.7,100,,,,,,,,,,,,,,,,
2026-07-08T03:01:07.775368+00:00,2026-07-08T03:01:07.775309,2,2,121.25,0.1,121.2,105,120.8,150,,,,,,,,,,,,,,,,,121.3,100,121.7,100,,,,,,,,,,,,,,,,
2026-07-08T03:01:07.780659+00:00,2026-07-08T03:01:07.780543,2,2,121.25,0.1,121.2,105,120.8,150,,,,,,,,,,,,,,,,,121.3,105,121.7,100,,,,,,,,,,,,,,,,
2026-07-08T03:01:08.290356+00:00,2026-07-08T03:01:08.290302,2,2,121.25,0.1,121.2,100,120.8,150,,,,,,,,,,,,,,,,,121.3,100,121.7,100,,,,,,,,,,,,,,,,
2026-07-08T03:01:08.306231+00:00,2026-07-08T03:01:08.306178,2,2,121.25,0.1,121.2,105,120.8,150,,,,,,,,,,,,,,,,,121.3,105,121.7,100,,,,,,,,,,,,,,,,
2026-07-08T03:01:08.412415+00:00,2026-07-08T03:01:08.412618,2,1,121.25,0.1,121.2,5,120.8,150,,,,,,,,,,,,,,,,,121.3,105,,,,,,,,,,,,,,,,,,
2026-07-08T03:01:08.468051+00:00,2026-07-08T03:01:08.468230,3,1,121.25,0.1,121.2,5,121.0,100,120.8,150,,,,,,,,,,,,,,,121.3,105,,,,,,,,,,,,,,,,,,
2026-07-08T03:01:08.521359+00:00,2026-07-08T03:01:08.521269,3,2,121.25,0.1,121.2,5,121.0,100,120.8,150,,,,,,,,,,,,,,,121.3,105,121.5,100,,,,,,,,,,,,,,,,
2026-07-08T03:01:08.820221+00:00,2026-07-08T03:01:08.820112,2,2,121.15,0.3,121.0,100,120.8,150,,,,,,,,,,,,,,,,,121.3,100,121.5,100,,,,,,,,,,,,,,,,
2026-07-08T03:01:08.830749+00:00,2026-07-08T03:01:08.830666,3,2,121.2,0.2,121.1,5,121.0,100,120.8,150,,,,,,,,,,,,,,,121.3,100,121.5,100,,,,,,,,,,,,,,,,
2026-07-08T03:01:08.836059+00:00,2026-07-08T03:01:08.835900,3,2,121.2,0.2,121.1,5,121.0,100,120.8,150,,,,,,,,,,,,,,,121.3,105,121.5,100,,,,,,,,,,,,,,,,
2026-07-08T03:01:09.132678+00:00,2026-07-08T03:01:09.132585,3,2,121.2,0.2,121.1,5,121.0,100,120.8,150,,,,,,,,,,,,,,,121.3,55,121.5,100,,,,,,,,,,,,,,,,
2026-07-08T03:01:09.349345+00:00,2026-07-08T03:01:09.349518,2,2,121.15,0.3,121.0,100,120.8,150,,,,,,,,,,,,,,,,,121.3,50,121.5,100,,,,,,,,,,,,,,,,
2026-07-08T03:01:09.376142+00:00,2026-07-08T03:01:09.376098,3,2,121.2,0.2,121.1,5,121.0,100,120.8,150,,,,,,,,,,,,,,,121.3,50,121.5,100,,,,,,,,,,,,,,,,
2026-07-08T03:01:09.381411+00:00,2026-07-08T03:01:09.381305,3,2,121.2,0.2,121.1,5,121.0,100,120.8,150,,,,,,,,,,,,,,,121.3,55,121.5,100,,,,,,,,,,,,,,,,
2026-07-08T03:01:09.582911+00:00,2026-07-08T03:01:09.582845,2,2,121.15,0.3,121.0,59,120.8,150,,,,,,,,,,,,,,,,,121.3,55,121.5,100,,,,,,,,,,,,,,,,
2026-07-08T03:01:09.895803+00:00,2026-07-08T03:01:09.895710,2,2,121.15,0.3,121.0,59,120.8,150,,,,,,,,,,,,,,,,,121.3,50,121.5,100,,,,,,,,,,,,,,,,
2026-07-08T03:01:09.911515+00:00,2026-07-08T03:01:09.911423,3,2,121.2,0.2,121.1,5,121.0,59,120.8,150,,,,,,,,,,,,,,,121.3,55,121.5,100,,,,,,,,,,,,,,,,
2026-07-08T03:01:10.422330+00:00,2026-07-08T03:01:10.422553,2,2,121.2,0.2,121.1,5,121.0,59,,,,,,,,,,,,,,,,,121.3,5,121.5,100,,,,,,,,,,,,,,,,
2026-07-08T03:01:10.427854+00:00,2026-07-08T03:01:10.427802,1,1,121.25,0.5,121.0,59,,,,,,,,,,,,,,,,,,,121.5,100,,,,,,,,,,,,,,,,,,
2026-07-08T03:01:10.438434+00:00,2026-07-08T03:01:10.438340,2,1,121.3,0.4,121.1,5,121.0,59,,,,,,,,,,,,,,,,,121.5,100,,,,,,,,,,,,,,,,,,
2026-07-08T03:01:10.448803+00:00,2026-07-08T03:01:10.448691,2,2,121.2,0.2,121.1,5,121.0,59,,,,,,,,,,,,,,,,,121.3,5,121.5,100,,,,,,,,,,,,,,,,
2026-07-08T03:01:10.485952+00:00,2026-07-08T03:01:10.485850,2,2,121.2,0.2,121.1,5,121.0,209,,,,,,,,,,,,,,,,,121.3,5,121.5,100,,,,,,,,,,,,,,,,
2026-07-08T03:01:10.539358+00:00,2026-07-08T03:01:10.539303,2,2,121.2,0.2,121.1,5,121.0,209,,,,,,,,,,,,,,,,,121.3,5,121.5,250,,,,,,,,,,,,,,,,
2026-07-08T03:01:10.958632+00:00,2026-07-08T03:01:10.957861,2,1,121.3,0.4,121.1,5,121.0,209,,,,,,,,,,,,,,,,,121.5,250,,,,,,,,,,,,,,,,,,
2026-07-08T03:01:10.971391+00:00,2026-07-08T03:01:10.971294,2,2,121.2,0.2,121.1,5,121.0,209,,,,,,,,,,,,,,,,,121.3,5,121.5,250,,,,,,,,,,,,,,,,
2026-07-08T03:01:11.240814+00:00,2026-07-08T03:01:11.240752,2,1,121.3,0.4,121.1,5,121.0,209,,,,,,,,,,,,,,,,,121.5,250,,,,,,,,,,,,,,,,,,
2026-07-08T03:01:11.323814+00:00,2026-07-08T03:01:11.323672,2,2,121.25,0.3,121.1,5,121.0,209,,,,,,,,,,,,,,,,,121.4,10,121.5,250,,,,,,,,,,,,,,,,
2026-07-08T03:01:11.481133+00:00,2026-07-08T03:01:11.481017,1,2,121.2,0.4,121.0,209,,,,,,,,,,,,,,,,,,,121.4,10,121.5,250,,,,,,,,,,,,,,,,
2026-07-08T03:01:11.496782+00:00,2026-07-08T03:01:11.496699,1,3,121.1,0.2,121.0,214,,,,,,,,,,,,,,,,,,,121.2,5,121.4,10,121.5,250,,,,,,,,,,,,,,
2026-07-08T03:01:11.575881+00:00,2026-07-08T03:01:11.576043,1,3,121.1,0.2,121.0,155,,,,,,,,,,,,,,,,,,,121.2,5,121.4,10,121.5,150,,,,,,,,,,,,,,
2026-07-08T03:01:11.631854+00:00,2026-07-08T03:01:11.631744,2,3,121.1,0.2,121.0,155,120.7,100,,,,,,,,,,,,,,,,,121.2,5,121.4,10,121.5,150,,,,,,,,,,,,,,
2026-07-08T03:01:11.636884+00:00,2026-07-08T03:01:11.636987,2,2,121.1,0.2,121.0,155,120.7,100,,,,,,,,,,,,,,,,,121.2,5,121.5,150,,,,,,,,,,,,,,,,
2026-07-08T03:01:11.690501+00:00,2026-07-08T03:01:11.684833,2,2,121.1,0.2,121.0,155,120.7,100,,,,,,,,,,,,,,,,,121.2,102,121.5,150,,,,,,,,,,,,,,,,
2026-07-08T03:01:11.863896+00:00,2026-07-08T03:01:11.862029,2,2,121.1,0.2,121.0,165,120.7,100,,,,,,,,,,,,,,,,,121.2,102,121.5,150,,,,,,,,,,,,,,,,
2026-07-08T03:01:12.005613+00:00,2026-07-08T03:01:12.005504,2,2,121.1,0.2,121.0,165,120.7,100,,,,,,,,,,,,,,,,,121.2,100,121.5,150,,,,,,,,,,,,,,,,
2026-07-08T03:01:12.010589+00:00,2026-07-08T03:01:12.010704,2,2,121.1,0.2,121.0,160,120.7,100,,,,,,,,,,,,,,,,,121.2,100,121.5,150,,,,,,,,,,,,,,,,
2026-07-08T03:01:12.016105+00:00,2026-07-08T03:01:12.015974,2,2,121.1,0.2,121.0,160,120.7,100,,,,,,,,,,,,,,,,,121.2,92,121.5,150,,,,,,,,,,,,,,,,
2026-07-08T03:01:12.026574+00:00,2026-07-08T03:01:12.026455,3,2,121.15,0.1,121.1,5,121.0,160,120.7,100,,,,,,,,,,,,,,,121.2,92,121.5,150,,,,,,,,,,,,,,,,
2026-07-08T03:01:12.031749+00:00,2026-07-08T03:01:12.031653,3,3,121.15,0.1,121.1,5,121.0,160,120.7,100,,,,,,,,,,,,,,,121.2,92,121.3,5,121.5,150,,,,,,,,,,,,,,
2026-07-08T03:01:12.165345+00:00,2026-07-08T03:01:12.165501,3,3,121.15,0.1,121.1,5,121.0,150,120.7,100,,,,,,,,,,,,,,,121.2,92,121.3,5,121.5,150,,,,,,,,,,,,,,
2026-07-08T03:01:12.542715+00:00,2026-07-08T03:01:12.542624,2,2,121.1,0.2,121.0,150,120.7,100,,,,,,,,,,,,,,,,,121.2,92,121.5,150,,,,,,,,,,,,,,,,
2026-07-08T03:01:12.552899+00:00,2026-07-08T03:01:12.552988,3,2,121.15,0.1,121.1,5,121.0,150,120.7,100,,,,,,,,,,,,,,,121.2,92,121.5,150,,,,,,,,,,,,,,,,
2026-07-08T03:01:12.558556+00:00,2026-07-08T03:01:12.558174,3,3,121.15,0.1,121.1,5,121.0,150,120.7,100,,,,,,,,,,,,,,,121.2,92,121.3,5,121.5,150,,,,,,,,,,,,,,
2026-07-08T03:01:13.069698+00:00,2026-07-08T03:01:13.069590,2,2,121.1,0.2,121.0,150,120.7,100,,,,,,,,,,,,,,,,,121.2,92,121.5,150,,,,,,,,,,,,,,,,
2026-07-08T03:01:13.080180+00:00,2026-07-08T03:01:13.080111,2,2,121.1,0.2,121.0,155,120.7,100,,,,,,,,,,,,,,,,,121.2,92,121.5,150,,,,,,,,,,,,,,,,
2026-07-08T03:01:13.085494+00:00,2026-07-08T03:01:13.085347,2,2,121.1,0.2,121.0,155,120.7,100,,,,,,,,,,,,,,,,,121.2,97,121.5,150,,,,,,,,,,,,,,,,
2026-07-08T03:01:13.601370+00:00,2026-07-08T03:01:13.601275,2,1,121.1,0.2,121.0,5,120.7,100,,,,,,,,,,,,,,,,,121.2,97,,,,,,,,,,,,,,,,,,
2026-07-08T03:01:13.606487+00:00,2026-07-08T03:01:13.606464,1,1,120.95,0.5,120.7,100,,,,,,,,,,,,,,,,,,,121.2,92,,,,,,,,,,,,,,,,,,
2026-07-08T03:01:13.616729+00:00,2026-07-08T03:01:13.616824,2,1,121.1,0.2,121.0,5,120.7,100,,,,,,,,,,,,,,,,,121.2,92,,,,,,,,,,,,,,,,,,
2026-07-08T03:01:13.622129+00:00,2026-07-08T03:01:13.622024,2,1,121.1,0.2,121.0,5,120.7,100,,,,,,,,,,,,,,,,,121.2,97,,,,,,,,,,,,,,,,,,
2026-07-08T03:01:13.649919+00:00,2026-07-08T03:01:13.649810,2,1,121.1,0.2,121.0,155,120.7,100,,,,,,,,,,,,,,,,,121.2,97,,,,,,,,,,,,,,,,,,
2026-07-08T03:01:13.704540+00:00,2026-07-08T03:01:13.704482,2,2,121.1,0.2,121.0,155,120.7,100,,,,,,,,,,,,,,,,,121.2,97,121.5,150,,,,,,,,,,,,,,,,
2026-07-08T03:01:14.134836+00:00,2026-07-08T03:01:14.134677,2,2,121.1,0.2,121.0,150,120.7,100,,,,,,,,,,,,,,,,,121.2,92,121.5,150,,,,,,,,,,,,,,,,
2026-07-08T03:01:14.158609+00:00,2026-07-08T03:01:14.150412,2,2,121.1,0.2,121.0,155,120.7,100,,,,,,,,,,,,,,,,,121.2,97,121.5,150,,,,,,,,,,,,,,,,
2026-07-08T03:01:14.397932+00:00,2026-07-08T03:01:14.397811,2,2,121.1,0.2,121.0,165,120.7,100,,,,,,,,,,,,,,,,,121.2,97,121.5,150,,,,,,,,,,,,,,,,
2026-07-08T03:01:14.659111+00:00,2026-07-08T03:01:14.659054,2,2,121.1,0.2,121.0,165,120.7,100,,,,,,,,,,,,,,,,,121.2,92,121.5,150,,,,,,,,,,,,,,,,
2026-07-08T03:01:14.664378+00:00,2026-07-08T03:01:14.664249,2,2,121.1,0.2,121.0,160,120.7,100,,,,,,,,,,,,,,,,,121.2,92,121.5,150,,,,,,,,,,,,,,,,
2026-07-08T03:01:14.669697+00:00,2026-07-08T03:01:14.669560,2,2,121.1,0.2,121.0,160,120.7,100,,,,,,,,,,,,,,,,,121.2,87,121.5,150,,,,,,,,,,,,,,,,
2026-07-08T03:01:14.680115+00:00,2026-07-08T03:01:14.680029,3,2,121.15,0.1,121.1,5,121.0,160,120.7,100,,,,,,,,,,,,,,,121.2,87,121.5,150,,,,,,,,,,,,,,,,
2026-07-08T03:01:14.685266+00:00,2026-07-08T03:01:14.685201,3,3,121.15,0.1,121.1,5,121.0,160,120.7,100,,,,,,,,,,,,,,,121.2,87,121.3,5,121.5,150,,,,,,,,,,,,,,
2026-07-08T03:01:14.747883+00:00,2026-07-08T03:01:14.747772,2,2,121.2,0.2,121.1,5,121.0,160,,,,,,,,,,,,,,,,,121.3,5,121.5,150,,,,,,,,,,,,,,,,
2026-07-08T03:01:14.801681+00:00,2026-07-08T03:01:14.801584,3,2,121.2,0.2,121.1,5,121.0,160,120.9,100,,,,,,,,,,,,,,,121.3,5,121.5,150,,,,,,,,,,,,,,,,
2026-07-08T03:01:14.858631+00:00,2026-07-08T03:01:14.854141,3,3,121.2,0.2,121.1,5,121.0,160,120.9,100,,,,,,,,,,,,,,,121.3,5,121.4,100,121.5,150,,,,,,,,,,,,,,
2026-07-08T03:01:14.999078+00:00,2026-07-08T03:01:14.999044,3,3,121.2,0.2,121.1,5,121.0,150,120.9,100,,,,,,,,,,,,,,,121.3,5,121.4,100,121.5,150,,,,,,,,,,,,,,
2026-07-08T03:01:15.196261+00:00,2026-07-08T03:01:15.196218,2,2,121.2,0.4,121.0,150,120.9,100,,,,,,,,,,,,,,,,,121.4,100,121.5,150,,,,,,,,,,,,,,,,
2026-07-08T03:01:15.206683+00:00,2026-07-08T03:01:15.206650,3,2,121.25,0.3,121.1,5,121.0,150,120.9,100,,,,,,,,,,,,,,,121.4,100,121.5,150,,,,,,,,,,,,,,,,
2026-07-08T03:01:15.211737+00:00,2026-07-08T03:01:15.211876,3,3,121.2,0.2,121.1,5,121.0,150,120.9,100,,,,,,,,,,,,,,,121.3,5,121.4,100,121.5,150,,,,,,,,,,,,,,
2026-07-08T03:01:15.503668+00:00,2026-07-08T03:01:15.503530,2,3,121.15,0.3,121.0,105,120.9,100,,,,,,,,,,,,,,,,,121.3,5,121.4,100,121.5,150,,,,,,,,,,,,,,
2026-07-08T03:01:15.724173+00:00,2026-07-08T03:01:15.724318,2,2,121.2,0.4,121.0,105,120.9,100,,,,,,,,,,,,,,,,,121.4,100,121.5,150,,,,,,,,,,,,,,,,
2026-07-08T03:01:15.740154+00:00,2026-07-08T03:01:15.740099,3,2,121.25,0.3,121.1,5,121.0,105,120.9,100,,,,,,,,,,,,,,,121.4,100,121.5,150,,,,,,,,,,,,,,,,
2026-07-08T03:01:15.745444+00:00,2026-07-08T03:01:15.745312,3,3,121.2,0.2,121.1,5,121.0,105,120.9,100,,,,,,,,,,,,,,,121.3,5,121.4,100,121.5,150,,,,,,,,,,,,,,
2026-07-08T03:01:16.255585+00:00,2026-07-08T03:01:16.255530,2,2,121.2,0.4,121.0,105,120.9,100,,,,,,,,,,,,,,,,,121.4,100,121.5,150,,,,,,,,,,,,,,,,
2026-07-08T03:01:16.266098+00:00,2026-07-08T03:01:16.266049,3,3,121.2,0.2,121.1,5,121.0,105,120.9,100,,,,,,,,,,,,,,,121.3,5,121.4,100,121.5,150,,,,,,,,,,,,,,
2026-07-08T03:01:16.760855+00:00,2026-07-08T03:01:16.760809,2,2,121.2,0.2,121.1,5,120.9,100,,,,,,,,,,,,,,,,,121.3,5,121.4,100,,,,,,,,,,,,,,,,
2026-07-08T03:01:16.775370+00:00,2026-07-08T03:01:16.775307,2,1,121.25,0.3,121.1,5,120.9,100,,,,,,,,,,,,,,,,,121.4,100,,,,,,,,,,,,,,,,,,
2026-07-08T03:01:16.780388+00:00,2026-07-08T03:01:16.780499,1,1,121.15,0.5,120.9,100,,,,,,,,,,,,,,,,,,,121.4,100,,,,,,,,,,,,,,,,,,
2026-07-08T03:01:16.790821+00:00,2026-07-08T03:01:16.790984,2,2,121.2,0.2,121.1,5,120.9,100,,,,,,,,,,,,,,,,,121.3,5,121.4,100,,,,,,,,,,,,,,,,
2026-07-08T03:01:16.814434+00:00,2026-07-08T03:01:16.814374,2,2,121.2,0.2,121.1,5,120.9,250,,,,,,,,,,,,,,,,,121.3,5,121.4,100,,,,,,,,,,,,,,,,
2026-07-08T03:01:16.867045+00:00,2026-07-08T03:01:16.864146,2,2,121.2,0.2,121.1,5,120.9,250,,,,,,,,,,,,,,,,,121.3,5,121.4,250,,,,,,,,,,,,,,,,
2026-07-08T03:01:17.305832+00:00,2026-07-08T03:01:17.306018,1,1,121.15,0.5,120.9,250,,,,,,,,,,,,,,,,,,,121.4,250,,,,,,,,,,,,,,,,,,
2026-07-08T03:01:17.316634+00:00,2026-07-08T03:01:17.316559,2,1,121.25,0.3,121.1,5,120.9,250,,,,,,,,,,,,,,,,,121.4,250,,,,,,,,,,,,,,,,,,
2026-07-08T03:01:17.321791+00:00,2026-07-08T03:01:17.321750,2,2,121.2,0.2,121.1,5,120.9,250,,,,,,,,,,,,,,,,,121.3,5,121.4,250,,,,,,,,,,,,,,,,
2026-07-08T03:01:17.828257+00:00,2026-07-08T03:01:17.828386,1,2,121.1,0.4,120.9,214,,,,,,,,,,,,,,,,,,,121.3,5,121.4,250,,,,,,,,,,,,,,,,
2026-07-08T03:01:17.833853+00:00,2026-07-08T03:01:17.833743,1,1,121.15,0.5,120.9,214,,,,,,,,,,,,,,,,,,,121.4,250,,,,,,,,,,,,,,,,,,
2026-07-08T03:01:17.839163+00:00,2026-07-08T03:01:17.838931,1,1,121.15,0.5,120.9,224,,,,,,,,,,,,,,,,,,,121.4,250,,,,,,,,,,,,,,,,,,
2026-07-08T03:01:17.858619+00:00,2026-07-08T03:01:17.857108,2,2,121.2,0.2,121.1,5,120.9,224,,,,,,,,,,,,,,,,,121.3,5,121.4,250,,,,,,,,,,,,,,,,
2026-07-08T03:01:17.905294+00:00,2026-07-08T03:01:17.905237,2,2,121.2,0.2,121.1,5,120.9,160,,,,,,,,,,,,,,,,,121.3,5,121.4,150,,,,,,,,,,,,,,,,
2026-07-08T03:01:17.958482+00:00,2026-07-08T03:01:17.958395,3,2,121.2,0.2,121.1,5,120.9,160,120.8,100,,,,,,,,,,,,,,,121.3,5,121.4,150,,,,,,,,,,,,,,,,
2026-07-08T03:01:18.011486+00:00,2026-07-08T03:01:18.011691,3,2,121.2,0.2,121.1,5,120.9,160,120.8,100,,,,,,,,,,,,,,,121.3,105,121.4,150,,,,,,,,,,,,,,,,
2026-07-08T03:01:18.149593+00:00,2026-07-08T03:01:18.149769,3,2,121.2,0.2,121.1,5,120.9,150,120.8,100,,,,,,,,,,,,,,,121.3,105,121.4,150,,,,,,,,,,,,,,,,
2026-07-08T03:01:18.358549+00:00,2026-07-08T03:01:18.358037,3,2,121.2,0.2,121.1,15,120.9,150,120.8,100,,,,,,,,,,,,,,,121.3,105,121.4,150,,,,,,,,,,,,,,,,
2026-07-08T03:01:18.371549+00:00,2026-07-08T03:01:18.371431,3,2,121.2,0.2,121.1,15,120.9,150,120.8,100,,,,,,,,,,,,,,,121.3,100,121.4,150,,,,,,,,,,,,,,,,
2026-07-08T03:01:18.376850+00:00,2026-07-08T03:01:18.376679,3,2,121.2,0.2,121.1,10,120.9,150,120.8,100,,,,,,,,,,,,,,,121.3,100,121.4,150,,,,,,,,,,,,,,,,
2026-07-08T03:01:18.382130+00:00,2026-07-08T03:01:18.381971,3,2,121.2,0.2,121.1,10,120.9,150,120.8,100,,,,,,,,,,,,,,,121.3,95,121.4,150,,,,,,,,,,,,,,,,
2026-07-08T03:01:18.392408+00:00,2026-07-08T03:01:18.392648,4,2,121.25,0.1,121.2,5,121.1,10,120.9,150,120.8,100,,,,,,,,,,,,,121.3,95,121.4,150,,,,,,,,,,,,,,,,
2026-07-08T03:01:18.398016+00:00,2026-07-08T03:01:18.397915,4,2,121.25,0.1,121.2,5,121.1,10,120.9,150,120.8,100,,,,,,,,,,,,,121.3,95,121.4,155,,,,,,,,,,,,,,,,
2026-07-08T03:01:18.675729+00:00,2026-07-08T03:01:18.675659,3,2,121.25,0.1,121.2,5,120.9,150,120.8,100,,,,,,,,,,,,,,,121.3,95,121.4,155,,,,,,,,,,,,,,,,
2026-07-08T03:01:18.906353+00:00,2026-07-08T03:01:18.906537,2,2,121.1,0.4,120.9,150,120.8,100,,,,,,,,,,,,,,,,,121.3,95,121.4,150,,,,,,,,,,,,,,,,
2026-07-08T03:01:18.917199+00:00,2026-07-08T03:01:18.917050,2,2,121.1,0.4,120.9,150,120.8,100,,,,,,,,,,,,,,,,,121.3,55,121.4,150,,,,,,,,,,,,,,,,
2026-07-08T03:01:18.922528+00:00,2026-07-08T03:01:18.922401,3,2,121.2,0.2,121.1,5,120.9,150,120.8,100,,,,,,,,,,,,,,,121.3,60,121.4,150,,,,,,,,,,,,,,,,
2026-07-08T03:01:19.431273+00:00,2026-07-08T03:01:19.431211,3,2,121.2,0.2,121.1,5,120.9,150,120.8,100,,,,,,,,,,,,,,,121.3,55,121.4,150,,,,,,,,,,,,,,,,
2026-07-08T03:01:19.436545+00:00,2026-07-08T03:01:19.436378,2,2,121.1,0.4,120.9,150,120.8,100,,,,,,,,,,,,,,,,,121.3,55,121.4,150,,,,,,,,,,,,,,,,
2026-07-08T03:01:19.441658+00:00,2026-07-08T03:01:19.441586,2,2,121.1,0.4,120.9,150,120.8,100,,,,,,,,,,,,,,,,,121.3,50,121.4,150,,,,,,,,,,,,,,,,
2026-07-08T03:01:19.458648+00:00,2026-07-08T03:01:19.452049,3,2,121.2,0.2,121.1,5,120.9,150,120.8,100,,,,,,,,,,,,,,,121.3,55,121.4,150,,,,,,,,,,,,,,,,
2026-07-08T03:01:19.571301+00:00,2026-07-08T03:01:19.571145,3,2,121.2,0.2,121.1,5,120.9,150,120.8,100,,,,,,,,,,,,,,,121.3,9,121.4,150,,,,,,,,,,,,,,,,
2026-07-08T03:01:19.665637+00:00,2026-07-08T03:01:19.665604,3,1,121.25,0.3,121.1,5,120.9,150,120.8,100,,,,,,,,,,,,,,,121.4,109,,,,,,,,,,,,,,,,,,
2026-07-08T03:01:19.922878+00:00,2026-07-08T03:01:19.922766,2,0,,,121.1,5,120.8,100,,,,,,,,,,,,,,,,,,,,,,,,,,,,,,,,,,,,
2026-07-08T03:01:19.960554+00:00,2026-07-08T03:01:19.960483,1,0,,,120.8,100,,,,,,,,,,,,,,,,,,,,,,,,,,,,,,,,,,,,,,
2026-07-08T03:01:19.976559+00:00,2026-07-08T03:01:19.976660,2,0,,,121.1,150,120.8,100,,,,,,,,,,,,,,,,,,,,,,,,,,,,,,,,,,,,
2026-07-08T03:01:20.026352+00:00,2026-07-08T03:01:20.026248,2,1,121.35,0.5,121.1,150,120.8,100,,,,,,,,,,,,,,,,,121.6,150,,,,,,,,,,,,,,,,,,
2026-07-08T03:01:20.107032+00:00,2026-07-08T03:01:20.106915,2,2,121.3,0.4,121.1,150,120.8,100,,,,,,,,,,,,,,,,,121.5,10,121.6,150,,,,,,,,,,,,,,,,
2026-07-08T03:01:20.487640+00:00,2026-07-08T03:01:20.487538,3,3,121.3,0.2,121.2,5,121.1,150,120.8,100,,,,,,,,,,,,,,,121.4,5,121.5,10,121.6,150,,,,,,,,,,,,,,
2026-07-08T03:01:20.704506+00:00,2026-07-08T03:01:20.704414,3,2,121.3,0.2,121.2,5,121.1,150,120.8,100,,,,,,,,,,,,,,,121.4,5,121.6,150,,,,,,,,,,,,,,,,
2026-07-08T03:01:20.995992+00:00,2026-07-08T03:01:20.995911,3,1,121.4,0.4,121.2,5,121.1,150,120.8,100,,,,,,,,,,,,,,,121.6,150,,,,,,,,,,,,,,,,,,
2026-07-08T03:01:21.007704+00:00,2026-07-08T03:01:21.007486,2,1,121.35,0.5,121.1,150,120.8,100,,,,,,,,,,,,,,,,,121.6,150,,,,,,,,,,,,,,,,,,
2026-07-08T03:01:21.018185+00:00,2026-07-08T03:01:21.018048,3,1,121.4,0.4,121.2,5,121.1,150,120.8,100,,,,,,,,,,,,,,,121.6,150,,,,,,,,,,,,,,,,,,
2026-07-08T03:01:21.023126+00:00,2026-07-08T03:01:21.023263,3,2,121.3,0.2,121.2,5,121.1,150,120.8,100,,,,,,,,,,,,,,,121.4,5,121.6,150,,,,,,,,,,,,,,,,
