recv_time,book_timestamp,n_bids,n_asks,mid,spread,bid_px_0,bid_vol_0,bid_px_1,bid_vol_1,bid_px_2,bid_vol_2,bid_px_3,bid_vol_3,bid_px_4,bid_vol_4,bid_px_5,bid_vol_5,bid_px_6,bid_vol_6,bid_px_7,bid_vol_7,bid_px_8,bid_vol_8,bid_px_9,bid_vol_9,ask_px_0,ask_vol_0,ask_px_1,ask_vol_1,ask_px_2,ask_vol_2,ask_px_3,ask_vol_3,ask_px_4,ask_vol_4,ask_px_5,ask_vol_5,ask_px_6,ask_vol_6,ask_px_7,ask_vol_7,ask_px_8,ask_vol_8,ask_px_9,ask_vol_9
2026-07-01T04:00:00.108124+00:00,2026-07-01T04:00:00.054042,2,2,91.05,0.3,90.9,95,90.7,100,,,,,,,,,,,,,,,,,91.2,110,91.4,150,,,,,,,,,,,,,,,,
2026-07-01T04:00:00.603319+00:00,2026-07-01T04:00:00.562644,2,2,91.05,0.3,90.9,95,90.7,100,,,,,,,,,,,,,,,,,91.2,110,91.4,150,,,,,,,,,,,,,,,,
2026-07-01T04:00:00.897979+00:00,2026-07-01T04:00:00.885123,2,2,91.05,0.3,90.9,95,90.7,100,,,,,,,,,,,,,,,,,91.2,60,91.4,150,,,,,,,,,,,,,,,,
2026-07-01T04:00:01.045607+00:00,2026-07-01T04:00:01.044010,2,3,90.95,0.1,90.9,95,90.7,100,,,,,,,,,,,,,,,,,91.0,4,91.2,60,91.4,150,,,,,,,,,,,,,,
2026-07-01T04:00:01.076480+00:00,2026-07-01T04:00:01.070969,2,3,90.95,0.1,90.9,105,90.7,100,,,,,,,,,,,,,,,,,91.0,4,91.2,50,91.4,150,,,,,,,,,,,,,,
2026-07-01T04:00:01.338004+00:00,2026-07-01T04:00:01.337190,2,2,90.95,0.1,90.9,105,90.7,100,,,,,,,,,,,,,,,,,91.0,4,91.2,50,,,,,,,,,,,,,,,,
2026-07-01T04:00:01.348353+00:00,2026-07-01T04:00:01.339932,2,2,90.95,0.1,90.9,10,90.7,100,,,,,,,,,,,,,,,,,91.0,4,91.2,50,,,,,,,,,,,,,,,,
2026-07-01T04:00:01.399700+00:00,2026-07-01T04:00:01.393476,3,2,90.95,0.1,90.9,10,90.8,150,90.7,100,,,,,,,,,,,,,,,91.0,4,91.2,50,,,,,,,,,,,,,,,,
2026-07-01T04:00:01.430536+00:00,2026-07-01T04:00:01.426167,3,2,90.95,0.1,90.9,10,90.8,150,90.7,101,,,,,,,,,,,,,,,91.0,4,91.2,50,,,,,,,,,,,,,,,,
2026-07-01T04:00:01.473791+00:00,2026-07-01T04:00:01.446179,3,3,90.95,0.1,90.9,10,90.8,150,90.7,101,,,,,,,,,,,,,,,91.0,4,91.2,50,91.3,150,,,,,,,,,,,,,,
2026-07-01T04:00:01.576891+00:00,2026-07-01T04:00:01.575307,2,3,90.9,0.2,90.8,150,90.7,101,,,,,,,,,,,,,,,,,91.0,4,91.2,50,91.3,150,,,,,,,,,,,,,,
2026-07-01T04:00:01.587242+00:00,2026-07-01T04:00:01.583340,2,3,90.9,0.2,90.8,160,90.7,101,,,,,,,,,,,,,,,,,91.0,4,91.2,50,91.3,150,,,,,,,,,,,,,,
2026-07-01T04:00:01.785722+00:00,2026-07-01T04:00:01.775750,2,3,90.9,0.2,90.8,160,90.7,101,,,,,,,,,,,,,,,,,91.0,3,91.2,50,91.3,150,,,,,,,,,,,,,,
2026-07-01T04:00:01.981192+00:00,2026-07-01T04:00:01.979445,2,2,90.9,0.2,90.8,160,90.7,101,,,,,,,,,,,,,,,,,91.0,3,91.3,150,,,,,,,,,,,,,,,,
2026-07-01T04:00:01.991483+00:00,2026-07-01T04:00:01.981532,2,2,90.9,0.2,90.8,160,90.7,1,,,,,,,,,,,,,,,,,91.0,3,91.3,150,,,,,,,,,,,,,,,,
2026-07-01T04:00:02.042782+00:00,2026-07-01T04:00:02.036951,3,1,91.15,0.3,91.0,97,90.8,160,90.7,1,,,,,,,,,,,,,,,91.3,150,,,,,,,,,,,,,,,,,,
2026-07-01T04:00:02.094141+00:00,2026-07-01T04:00:02.093786,3,3,91.1,0.2,91.0,97,90.8,150,90.7,1,,,,,,,,,,,,,,,91.2,10,91.3,150,91.5,100,,,,,,,,,,,,,,
2026-07-01T04:00:02.615497+00:00,2026-07-01T04:00:02.608930,3,3,91.1,0.2,91.0,97,90.8,150,90.7,1,,,,,,,,,,,,,,,91.2,10,91.3,150,91.5,100,,,,,,,,,,,,,,
2026-07-01T04:00:03.046567+00:00,2026-07-01T04:00:03.043486,3,3,91.1,0.2,91.0,47,90.8,150,90.7,1,,,,,,,,,,,,,,,91.2,10,91.3,150,91.5,100,,,,,,,,,,,,,,
2026-07-01T04:00:03.118636+00:00,2026-07-01T04:00:03.117710,3,3,91.1,0.2,91.0,47,90.8,150,90.7,1,,,,,,,,,,,,,,,91.2,10,91.3,150,91.5,100,,,,,,,,,,,,,,
2026-07-01T04:00:03.644932+00:00,2026-07-01T04:00:03.643137,3,2,91.15,0.3,91.0,47,90.8,150,90.7,1,,,,,,,,,,,,,,,91.3,150,91.5,100,,,,,,,,,,,,,,,,
2026-07-01T04:00:03.696488+00:00,2026-07-01T04:00:03.686481,3,3,91.1,0.2,91.0,47,90.8,150,90.7,1,,,,,,,,,,,,,,,91.2,10,91.3,150,91.5,100,,,,,,,,,,,,,,
2026-07-01T04:00:04.200013+00:00,2026-07-01T04:00:04.194184,3,3,91.1,0.2,91.0,47,90.8,150,90.7,1,,,,,,,,,,,,,,,91.2,10,91.3,150,91.5,100,,,,,,,,,,,,,,
2026-07-01T04:00:04.506407+00:00,2026-07-01T04:00:04.502995,2,2,91.1,0.2,91.0,47,90.7,1,,,,,,,,,,,,,,,,,91.2,10,91.5,100,,,,,,,,,,,,,,,,
2026-07-01T04:00:04.557954+00:00,2026-07-01T04:00:04.555803,2,2,91.1,0.2,91.0,47,90.7,151,,,,,,,,,,,,,,,,,91.2,10,91.5,100,,,,,,,,,,,,,,,,
2026-07-01T04:00:04.650330+00:00,2026-07-01T04:00:04.619126,2,2,91.1,0.2,91.0,47,90.7,151,,,,,,,,,,,,,,,,,91.2,160,91.5,100,,,,,,,,,,,,,,,,
2026-07-01T04:00:04.702038+00:00,2026-07-01T04:00:04.701857,2,2,91.1,0.2,91.0,47,90.7,150,,,,,,,,,,,,,,,,,91.2,160,91.5,100,,,,,,,,,,,,,,,,
2026-07-01T04:00:04.722590+00:00,2026-07-01T04:00:04.719478,2,2,91.1,0.2,91.0,47,90.7,150,,,,,,,,,,,,,,,,,91.2,150,91.5,100,,,,,,,,,,,,,,,,
2026-07-01T04:00:04.732884+00:00,2026-07-01T04:00:04.723941,2,2,91.1,0.2,91.0,47,90.7,150,,,,,,,,,,,,,,,,,91.2,160,91.5,100,,,,,,,,,,,,,,,,
2026-07-01T04:00:05.154044+00:00,2026-07-01T04:00:05.148995,1,1,90.95,0.5,90.7,150,,,,,,,,,,,,,,,,,,,91.2,160,,,,,,,,,,,,,,,,,,
2026-07-01T04:00:05.205811+00:00,2026-07-01T04:00:05.201090,1,1,90.95,0.5,90.7,250,,,,,,,,,,,,,,,,,,,91.2,160,,,,,,,,,,,,,,,,,,
2026-07-01T04:00:05.236747+00:00,2026-07-01T04:00:05.227921,1,1,90.95,0.5,90.7,250,,,,,,,,,,,,,,,,,,,91.2,150,,,,,,,,,,,,,,,,,,
2026-07-01T04:00:05.257408+00:00,2026-07-01T04:00:05.253434,1,1,90.95,0.5,90.7,250,,,,,,,,,,,,,,,,,,,91.2,250,,,,,,,,,,,,,,,,,,
2026-07-01T04:00:07.264744+00:00,2026-07-01T04:00:07.259439,1,1,90.95,0.5,90.7,200,,,,,,,,,,,,,,,,,,,91.2,250,,,,,,,,,,,,,,,,,,
2026-07-01T04:00:07.676859+00:00,2026-07-01T04:00:07.673955,1,1,90.95,0.5,90.7,100,,,,,,,,,,,,,,,,,,,91.2,100,,,,,,,,,,,,,,,,,,
2026-07-01T04:00:07.728070+00:00,2026-07-01T04:00:07.726944,2,1,90.95,0.5,90.7,100,90.5,150,,,,,,,,,,,,,,,,,91.2,100,,,,,,,,,,,,,,,,,,
2026-07-01T04:00:07.779511+00:00,2026-07-01T04:00:07.779369,2,2,90.85,0.3,90.7,100,90.5,150,,,,,,,,,,,,,,,,,91.0,150,91.2,100,,,,,,,,,,,,,,,,
2026-07-01T04:00:08.312483+00:00,2026-07-01T04:00:08.308597,1,1,90.75,0.5,90.5,150,,,,,,,,,,,,,,,,,,,91.0,150,,,,,,,,,,,,,,,,,,
2026-07-01T04:00:08.363756+00:00,2026-07-01T04:00:08.361695,2,1,90.9,0.2,90.8,100,90.5,150,,,,,,,,,,,,,,,,,91.0,150,,,,,,,,,,,,,,,,,,
2026-07-01T04:00:08.384444+00:00,2026-07-01T04:00:08.381366,2,1,90.9,0.2,90.8,100,90.5,150,,,,,,,,,,,,,,,,,91.0,109,,,,,,,,,,,,,,,,,,
2026-07-01T04:00:08.426077+00:00,2026-07-01T04:00:08.421380,2,2,90.9,0.2,90.8,100,90.5,150,,,,,,,,,,,,,,,,,91.0,109,91.3,100,,,,,,,,,,,,,,,,
2026-07-01T04:00:09.020680+00:00,2026-07-01T04:00:09.015617,2,2,90.9,0.2,90.8,100,90.5,150,,,,,,,,,,,,,,,,,91.0,61,91.3,100,,,,,,,,,,,,,,,,
2026-07-01T04:00:09.255437+00:00,2026-07-01T04:00:09.251557,2,2,90.9,0.2,90.8,100,90.5,150,,,,,,,,,,,,,,,,,91.0,71,91.3,100,,,,,,,,,,,,,,,,
2026-07-01T04:00:09.367834+00:00,2026-07-01T04:00:09.366048,2,2,90.9,0.2,90.8,50,90.5,150,,,,,,,,,,,,,,,,,91.0,71,91.3,100,,,,,,,,,,,,,,,,
2026-07-01T04:00:09.765231+00:00,2026-07-01T04:00:09.764129,2,3,90.9,0.2,90.8,85,90.5,150,,,,,,,,,,,,,,,,,91.0,71,91.1,2,91.3,100,,,,,,,,,,,,,,
2026-07-01T04:00:10.268216+00:00,2026-07-01T04:00:10.267389,2,3,90.9,0.2,90.8,85,90.5,150,,,,,,,,,,,,,,,,,91.0,61,91.1,2,91.3,100,,,,,,,,,,,,,,
2026-07-01T04:00:10.504448+00:00,2026-07-01T04:00:10.495041,2,3,90.9,0.2,90.8,64,90.5,150,,,,,,,,,,,,,,,,,91.0,61,91.1,2,91.3,100,,,,,,,,,,,,,,
2026-07-01T04:00:10.845007+00:00,2026-07-01T04:00:10.839041,2,3,90.9,0.2,90.8,53,90.5,150,,,,,,,,,,,,,,,,,91.0,61,91.1,2,91.3,100,,,,,,,,,,,,,,
2026-07-01T04:00:10.855362+00:00,2026-07-01T04:00:10.846557,1,2,90.95,0.3,90.8,53,,,,,,,,,,,,,,,,,,,91.1,2,91.3,100,,,,,,,,,,,,,,,,
2026-07-01T04:00:10.906893+00:00,2026-07-01T04:00:10.899922,1,2,90.95,0.3,90.8,203,,,,,,,,,,,,,,,,,,,91.1,2,91.3,100,,,,,,,,,,,,,,,,
2026-07-01T04:00:10.958193+00:00,2026-07-01T04:00:10.952549,1,2,90.95,0.3,90.8,203,,,,,,,,,,,,,,,,,,,91.1,2,91.3,250,,,,,,,,,,,,,,,,
2026-07-01T04:00:11.483431+00:00,2026-07-01T04:00:11.475974,1,2,90.95,0.3,90.8,153,,,,,,,,,,,,,,,,,,,91.1,2,91.3,150,,,,,,,,,,,,,,,,
2026-07-01T04:00:11.493805+00:00,2026-07-01T04:00:11.491377,1,2,90.95,0.3,90.8,103,,,,,,,,,,,,,,,,,,,91.1,2,91.3,150,,,,,,,,,,,,,,,,
2026-07-01T04:00:11.535440+00:00,2026-07-01T04:00:11.528391,2,2,90.95,0.3,90.8,103,90.5,100,,,,,,,,,,,,,,,,,91.1,2,91.3,150,,,,,,,,,,,,,,,,
2026-07-01T04:00:11.587050+00:00,2026-07-01T04:00:11.581070,2,3,90.9,0.2,90.8,103,90.5,100,,,,,,,,,,,,,,,,,91.0,100,91.1,2,91.3,150,,,,,,,,,,,,,,
2026-07-01T04:00:11.690739+00:00,2026-07-01T04:00:11.680665,2,2,90.9,0.2,90.8,103,90.5,100,,,,,,,,,,,,,,,,,91.0,100,91.3,150,,,,,,,,,,,,,,,,
2026-07-01T04:00:11.783512+00:00,2026-07-01T04:00:11.777398,2,2,90.9,0.2,90.8,103,90.5,100,,,,,,,,,,,,,,,,,91.0,110,91.3,150,,,,,,,,,,,,,,,,
2026-07-01T04:00:12.290099+00:00,2026-07-01T04:00:12.284688,2,2,90.9,0.2,90.8,103,90.5,100,,,,,,,,,,,,,,,,,91.0,110,91.3,150,,,,,,,,,,,,,,,,
2026-07-01T04:00:12.793374+00:00,2026-07-01T04:00:12.791084,2,2,90.9,0.2,90.8,103,90.5,100,,,,,,,,,,,,,,,,,91.0,110,91.3,150,,,,,,,,,,,,,,,,
2026-07-01T04:00:13.306520+00:00,2026-07-01T04:00:13.300594,2,2,90.9,0.2,90.8,103,90.5,100,,,,,,,,,,,,,,,,,91.0,110,91.3,150,,,,,,,,,,,,,,,,
2026-07-01T04:00:13.604619+00:00,2026-07-01T04:00:13.601638,2,2,90.9,0.2,90.8,53,90.5,100,,,,,,,,,,,,,,,,,91.0,110,91.3,150,,,,,,,,,,,,,,,,
2026-07-01T04:00:13.811275+00:00,2026-07-01T04:00:13.808897,2,2,90.9,0.2,90.8,53,90.5,100,,,,,,,,,,,,,,,,,91.0,110,91.3,150,,,,,,,,,,,,,,,,
2026-07-01T04:00:14.007482+00:00,2026-07-01T04:00:14.006205,2,1,90.9,0.2,90.8,53,90.5,100,,,,,,,,,,,,,,,,,91.0,110,,,,,,,,,,,,,,,,,,
2026-07-01T04:00:14.017813+00:00,2026-07-01T04:00:14.007791,1,1,90.75,0.5,90.5,100,,,,,,,,,,,,,,,,,,,91.0,110,,,,,,,,,,,,,,,,,,
2026-07-01T04:00:14.069285+00:00,2026-07-01T04:00:14.061502,2,1,90.75,0.5,90.5,100,90.2,150,,,,,,,,,,,,,,,,,91.0,110,,,,,,,,,,,,,,,,,,
2026-07-01T04:00:14.120806+00:00,2026-07-01T04:00:14.114247,2,2,90.6,0.2,90.5,100,90.2,150,,,,,,,,,,,,,,,,,90.7,150,91.0,110,,,,,,,,,,,,,,,,
2026-07-01T04:00:14.317354+00:00,2026-07-01T04:00:14.316959,2,2,90.6,0.2,90.5,110,90.2,150,,,,,,,,,,,,,,,,,90.7,150,91.0,100,,,,,,,,,,,,,,,,
2026-07-01T04:00:14.638786+00:00,2026-07-01T04:00:14.636943,2,1,90.6,0.2,90.5,10,90.2,150,,,,,,,,,,,,,,,,,90.7,150,,,,,,,,,,,,,,,,,,
2026-07-01T04:00:14.695512+00:00,2026-07-01T04:00:14.689500,2,1,90.6,0.2,90.5,110,90.2,150,,,,,,,,,,,,,,,,,90.7,150,,,,,,,,,,,,,,,,,,
2026-07-01T04:00:14.746869+00:00,2026-07-01T04:00:14.742086,2,2,90.6,0.2,90.5,110,90.2,150,,,,,,,,,,,,,,,,,90.7,150,91.0,100,,,,,,,,,,,,,,,,
2026-07-01T04:00:14.828961+00:00,2026-07-01T04:00:14.824593,2,2,90.6,0.2,90.5,110,90.2,150,,,,,,,,,,,,,,,,,90.7,150,91.0,100,,,,,,,,,,,,,,,,
2026-07-01T04:00:15.331942+00:00,2026-07-01T04:00:15.330942,2,2,90.6,0.2,90.5,110,90.2,150,,,,,,,,,,,,,,,,,90.7,150,91.0,100,,,,,,,,,,,,,,,,
2026-07-01T04:00:15.734518+00:00,2026-07-01T04:00:15.734382,2,2,90.6,0.2,90.5,60,90.2,150,,,,,,,,,,,,,,,,,90.7,150,91.0,100,,,,,,,,,,,,,,,,
2026-07-01T04:00:15.837254+00:00,2026-07-01T04:00:15.834877,2,2,90.6,0.2,90.5,50,90.2,150,,,,,,,,,,,,,,,,,90.7,150,91.0,100,,,,,,,,,,,,,,,,
2026-07-01T04:00:15.847623+00:00,2026-07-01T04:00:15.837686,2,2,90.6,0.2,90.5,60,90.2,150,,,,,,,,,,,,,,,,,90.7,150,91.0,100,,,,,,,,,,,,,,,,
2026-07-01T04:00:16.351259+00:00,2026-07-01T04:00:16.345935,2,2,90.6,0.2,90.5,60,90.2,150,,,,,,,,,,,,,,,,,90.7,150,91.0,100,,,,,,,,,,,,,,,,
2026-07-01T04:00:16.803033+00:00,2026-07-01T04:00:16.798769,2,2,90.6,0.2,90.5,60,90.2,150,,,,,,,,,,,,,,,,,90.7,149,91.0,100,,,,,,,,,,,,,,,,
2026-07-01T04:00:16.854846+00:00,2026-07-01T04:00:16.849665,2,2,90.6,0.2,90.5,50,90.2,150,,,,,,,,,,,,,,,,,90.7,149,91.0,100,,,,,,,,,,,,,,,,
2026-07-01T04:00:16.896616+00:00,2026-07-01T04:00:16.887544,2,2,90.6,0.2,90.5,60,90.2,150,,,,,,,,,,,,,,,,,90.7,149,91.0,100,,,,,,,,,,,,,,,,
2026-07-01T04:00:17.174928+00:00,2026-07-01T04:00:17.169257,1,1,90.75,0.5,90.5,60,,,,,,,,,,,,,,,,,,,91.0,100,,,,,,,,,,,,,,,,,,
2026-07-01T04:00:17.226685+00:00,2026-07-01T04:00:17.222781,2,1,90.75,0.5,90.5,60,90.3,150,,,,,,,,,,,,,,,,,91.0,100,,,,,,,,,,,,,,,,,,
2026-07-01T04:00:17.278609+00:00,2026-07-01T04:00:17.275476,2,2,90.65,0.3,90.5,60,90.3,150,,,,,,,,,,,,,,,,,90.8,150,91.0,100,,,,,,,,,,,,,,,,
2026-07-01T04:00:17.340767+00:00,2026-07-01T04:00:17.335061,2,2,90.65,0.3,90.5,18,90.3,150,,,,,,,,,,,,,,,,,90.8,150,91.0,100,,,,,,,,,,,,,,,,
2026-07-01T04:00:17.361556+00:00,2026-07-01T04:00:17.357917,2,2,90.65,0.3,90.5,68,90.3,150,,,,,,,,,,,,,,,,,90.8,179,91.0,100,,,,,,,,,,,,,,,,
2026-07-01T04:00:17.392780+00:00,2026-07-01T04:00:17.391380,2,2,90.65,0.3,90.5,58,90.3,150,,,,,,,,,,,,,,,,,90.8,179,91.0,100,,,,,,,,,,,,,,,,
2026-07-01T04:00:17.486200+00:00,2026-07-01T04:00:17.482783,2,2,90.65,0.3,90.5,31,90.3,150,,,,,,,,,,,,,,,,,90.8,179,91.0,100,,,,,,,,,,,,,,,,
2026-07-01T04:00:17.795239+00:00,2026-07-01T04:00:17.791334,2,2,90.65,0.3,90.5,31,90.3,150,,,,,,,,,,,,,,,,,90.8,129,91.0,100,,,,,,,,,,,,,,,,
2026-07-01T04:00:17.805720+00:00,2026-07-01T04:00:17.797610,2,1,90.65,0.3,90.5,23,90.3,150,,,,,,,,,,,,,,,,,90.8,129,,,,,,,,,,,,,,,,,,
2026-07-01T04:00:17.857327+00:00,2026-07-01T04:00:17.849987,3,1,90.65,0.3,90.5,23,90.3,150,90.1,100,,,,,,,,,,,,,,,90.8,129,,,,,,,,,,,,,,,,,,
2026-07-01T04:00:17.909147+00:00,2026-07-01T04:00:17.901893,3,2,90.55,0.1,90.5,23,90.3,150,90.1,100,,,,,,,,,,,,,,,90.6,100,90.8,129,,,,,,,,,,,,,,,,
2026-07-01T04:00:18.330870+00:00,2026-07-01T04:00:18.322102,3,2,90.55,0.1,90.5,23,90.3,150,90.1,100,,,,,,,,,,,,,,,90.6,100,90.8,102,,,,,,,,,,,,,,,,
2026-07-01T04:00:18.351618+00:00,2026-07-01T04:00:18.341845,3,2,90.55,0.1,90.5,10,90.3,150,90.1,100,,,,,,,,,,,,,,,90.6,100,90.8,102,,,,,,,,,,,,,,,,
2026-07-01T04:00:18.403342+00:00,2026-07-01T04:00:18.400117,3,2,90.55,0.1,90.5,20,90.3,150,90.1,100,,,,,,,,,,,,,,,90.6,100,90.8,102,,,,,,,,,,,,,,,,
2026-07-01T04:00:18.907528+00:00,2026-07-01T04:00:18.905670,3,2,90.55,0.1,90.5,10,90.3,150,90.1,100,,,,,,,,,,,,,,,90.6,100,90.8,102,,,,,,,,,,,,,,,,
2026-07-01T04:00:18.917899+00:00,2026-07-01T04:00:18.908926,3,2,90.55,0.1,90.5,20,90.3,150,90.1,100,,,,,,,,,,,,,,,90.6,100,90.8,102,,,,,,,,,,,,,,,,
2026-07-01T04:00:19.360950+00:00,2026-07-01T04:00:19.358036,3,2,90.55,0.1,90.5,13,90.3,150,90.1,100,,,,,,,,,,,,,,,90.6,100,90.8,102,,,,,,,,,,,,,,,,
2026-07-01T04:00:19.422946+00:00,2026-07-01T04:00:19.415375,3,2,90.55,0.1,90.5,13,90.3,150,90.1,100,,,,,,,,,,,,,,,90.6,100,90.8,102,,,,,,,,,,,,,,,,
2026-07-01T04:00:19.536436+00:00,2026-07-01T04:00:19.526618,3,2,90.55,0.1,90.5,13,90.3,150,90.1,100,,,,,,,,,,,,,,,90.6,59,90.8,102,,,,,,,,,,,,,,,,
2026-07-01T04:00:19.587755+00:00,2026-07-01T04:00:19.583041,2,2,90.45,0.3,90.3,150,90.1,100,,,,,,,,,,,,,,,,,90.6,59,90.8,102,,,,,,,,,,,,,,,,
2026-07-01T04:00:19.932463+00:00,2026-07-01T04:00:19.925572,2,2,90.45,0.3,90.3,160,90.1,100,,,,,,,,,,,,,,,,,90.6,59,90.8,102,,,,,,,,,,,,,,,,
2026-07-01T04:00:20.333376+00:00,2026-07-01T04:00:20.330105,2,2,90.45,0.3,90.3,10,90.1,100,,,,,,,,,,,,,,,,,90.6,59,90.8,2,,,,,,,,,,,,,,,,
2026-07-01T04:00:20.385342+00:00,2026-07-01T04:00:20.383071,3,2,90.5,0.2,90.4,150,90.3,10,90.1,100,,,,,,,,,,,,,,,90.6,59,90.8,2,,,,,,,,,,,,,,,,
2026-07-01T04:00:20.437178+00:00,2026-07-01T04:00:20.435711,2,2,90.5,0.2,90.4,150,90.1,100,,,,,,,,,,,,,,,,,90.6,59,90.8,2,,,,,,,,,,,,,,,,
2026-07-01T04:00:20.447529+00:00,2026-07-01T04:00:20.439404,2,3,90.5,0.2,90.4,160,90.1,100,,,,,,,,,,,,,,,,,90.6,59,90.8,2,90.9,150,,,,,,,,,,,,,,
2026-07-01T04:00:20.633619+00:00,2026-07-01T04:00:20.632625,2,3,90.5,0.2,90.4,160,90.1,100,,,,,,,,,,,,,,,,,90.6,56,90.8,2,90.9,150,,,,,,,,,,,,,,
2026-07-01T04:00:20.952554+00:00,2026-07-01T04:00:20.945985,2,3,90.5,0.2,90.4,160,90.1,100,,,,,,,,,,,,,,,,,90.6,56,90.8,2,90.9,150,,,,,,,,,,,,,,
2026-07-01T04:00:20.962904+00:00,2026-07-01T04:00:20.956206,1,2,90.6,0.4,90.4,160,,,,,,,,,,,,,,,,,,,90.8,2,90.9,150,,,,,,,,,,,,,,,,
2026-07-01T04:00:21.014238+00:00,2026-07-01T04:00:21.008623,2,2,90.6,0.4,90.4,160,90.3,100,,,,,,,,,,,,,,,,,90.8,2,90.9,150,,,,,,,,,,,,,,,,
2026-07-01T04:00:21.065562+00:00,2026-07-01T04:00:21.061969,2,2,90.6,0.4,90.4,160,90.3,100,,,,,,,,,,,,,,,,,90.8,102,90.9,150,,,,,,,,,,,,,,,,
2026-07-01T04:00:21.456533+00:00,2026-07-01T04:00:21.453390,3,2,90.65,0.3,90.5,10,90.4,150,90.3,100,,,,,,,,,,,,,,,90.8,102,90.9,150,,,,,,,,,,,,,,,,
2026-07-01T04:00:21.878148+00:00,2026-07-01T04:00:21.876013,3,2,90.65,0.3,90.5,10,90.4,150,90.3,100,,,,,,,,,,,,,,,90.8,101,90.9,150,,,,,,,,,,,,,,,,
2026-07-01T04:00:21.960011+00:00,2026-07-01T04:00:21.957142,2,2,90.6,0.4,90.4,150,90.3,100,,,,,,,,,,,,,,,,,90.8,101,90.9,150,,,,,,,,,,,,,,,,
2026-07-01T04:00:21.970309+00:00,2026-07-01T04:00:21.960273,3,2,90.65,0.3,90.5,10,90.4,150,90.3,100,,,,,,,,,,,,,,,90.8,101,90.9,150,,,,,,,,,,,,,,,,
2026-07-01T04:00:22.083591+00:00,2026-07-01T04:00:22.080387,2,2,90.6,0.4,90.4,110,90.3,100,,,,,,,,,,,,,,,,,90.8,101,90.9,150,,,,,,,,,,,,,,,,
2026-07-01T04:00:22.473771+00:00,2026-07-01T04:00:22.467800,3,2,90.65,0.3,90.5,10,90.4,110,90.3,100,,,,,,,,,,,,,,,90.8,101,90.9,150,,,,,,,,,,,,,,,,
2026-07-01T04:00:22.978155+00:00,2026-07-01T04:00:22.976857,2,2,90.6,0.4,90.4,110,90.3,100,,,,,,,,,,,,,,,,,90.8,101,90.9,150,,,,,,,,,,,,,,,,
2026-07-01T04:00:22.988425+00:00,2026-07-01T04:00:22.979947,3,2,90.65,0.3,90.5,10,90.4,110,90.3,100,,,,,,,,,,,,,,,90.8,101,90.9,150,,,,,,,,,,,,,,,,
2026-07-01T04:00:23.491084+00:00,2026-07-01T04:00:23.484064,2,2,90.6,0.4,90.4,110,90.3,100,,,,,,,,,,,,,,,,,90.8,101,90.9,150,,,,,,,,,,,,,,,,
2026-07-01T04:00:23.501320+00:00,2026-07-01T04:00:23.496838,2,1,90.65,0.3,90.5,10,90.3,100,,,,,,,,,,,,,,,,,90.8,101,,,,,,,,,,,,,,,,,,
2026-07-01T04:00:23.563508+00:00,2026-07-01T04:00:23.553549,2,1,90.65,0.3,90.5,160,90.3,100,,,,,,,,,,,,,,,,,90.8,101,,,,,,,,,,,,,,,,,,
2026-07-01T04:00:23.573926+00:00,2026-07-01T04:00:23.571093,2,1,90.65,0.3,90.5,160,90.3,100,,,,,,,,,,,,,,,,,90.8,100,,,,,,,,,,,,,,,,,,
2026-07-01T04:00:23.615285+00:00,2026-07-01T04:00:23.605852,2,2,90.65,0.3,90.5,160,90.3,100,,,,,,,,,,,,,,,,,90.8,100,91.0,150,,,,,,,,,,,,,,,,
2026-07-01T04:00:23.759654+00:00,2026-07-01T04:00:23.749675,2,2,90.65,0.3,90.5,160,90.3,100,,,,,,,,,,,,,,,,,90.8,54,91.0,150,,,,,,,,,,,,,,,,
2026-07-01T04:00:24.007341+00:00,2026-07-01T04:00:24.003045,3,2,90.7,0.2,90.6,10,90.5,150,90.3,100,,,,,,,,,,,,,,,90.8,54,91.0,150,,,,,,,,,,,,,,,,
2026-07-01T04:00:24.141676+00:00,2026-07-01T04:00:24.141351,3,1,90.8,0.4,90.6,10,90.5,150,90.3,100,,,,,,,,,,,,,,,91.0,150,,,,,,,,,,,,,,,,,,
2026-07-01T04:00:24.152073+00:00,2026-07-01T04:00:24.142425,2,1,90.8,0.4,90.6,10,90.5,150,,,,,,,,,,,,,,,,,91.0,150,,,,,,,,,,,,,,,,,,
2026-07-01T04:00:24.204202+00:00,2026-07-01T04:00:24.203403,2,1,90.8,0.4,90.6,100,90.5,110,,,,,,,,,,,,,,,,,91.0,150,,,,,,,,,,,,,,,,,,
2026-07-01T04:00:24.256528+00:00,2026-07-01T04:00:24.254102,2,2,90.8,0.4,90.6,100,90.5,110,,,,,,,,,,,,,,,,,91.0,150,91.1,100,,,,,,,,,,,,,,,,
2026-07-01T04:00:24.287621+00:00,2026-07-01T04:00:24.280429,2,2,90.8,0.4,90.6,58,90.5,110,,,,,,,,,,,,,,,,,91.0,150,91.1,100,,,,,,,,,,,,,,,,
2026-07-01T04:00:24.514395+00:00,2026-07-01T04:00:24.508279,2,3,90.75,0.3,90.6,58,90.5,110,,,,,,,,,,,,,,,,,90.9,10,91.0,150,91.1,100,,,,,,,,,,,,,,
2026-07-01T04:00:24.801874+00:00,2026-07-01T04:00:24.791946,2,3,90.75,0.3,90.6,17,90.5,110,,,,,,,,,,,,,,,,,90.9,10,91.0,150,91.1,100,,,,,,,,,,,,,,
2026-07-01T04:00:25.017641+00:00,2026-07-01T04:00:25.017529,2,2,90.8,0.4,90.6,17,90.5,110,,,,,,,,,,,,,,,,,91.0,150,91.1,100,,,,,,,,,,,,,,,,
2026-07-01T04:00:25.028005+00:00,2026-07-01T04:00:25.020554,2,3,90.75,0.3,90.6,17,90.5,110,,,,,,,,,,,,,,,,,90.9,10,91.0,150,91.1,100,,,,,,,,,,,,,,
2026-07-01T04:00:25.458653+00:00,2026-07-01T04:00:25.455883,2,3,90.75,0.3,90.6,17,90.5,115,,,,,,,,,,,,,,,,,90.9,10,91.0,150,91.1,100,,,,,,,,,,,,,,
2026-07-01T04:00:25.530557+00:00,2026-07-01T04:00:25.524749,2,2,90.8,0.4,90.6,17,90.5,115,,,,,,,,,,,,,,,,,91.0,150,91.1,100,,,,,,,,,,,,,,,,
2026-07-01T04:00:25.540857+00:00,2026-07-01T04:00:25.531711,2,3,90.75,0.3,90.6,17,90.5,115,,,,,,,,,,,,,,,,,90.9,10,91.0,150,91.1,100,,,,,,,,,,,,,,
2026-07-01T04:00:26.045173+00:00,2026-07-01T04:00:26.038557,2,3,90.75,0.3,90.6,17,90.5,115,,,,,,,,,,,,,,,,,90.9,10,91.0,150,91.1,100,,,,,,,,,,,,,,
2026-07-01T04:00:26.262404+00:00,2026-07-01T04:00:26.257853,2,2,90.8,0.4,90.6,17,90.5,115,,,,,,,,,,,,,,,,,91.0,110,91.1,100,,,,,,,,,,,,,,,,
2026-07-01T04:00:26.550496+00:00,2026-07-01T04:00:26.544204,2,3,90.75,0.3,90.6,17,90.5,115,,,,,,,,,,,,,,,,,90.9,10,91.0,110,91.1,100,,,,,,,,,,,,,,
2026-07-01T04:00:26.664334+00:00,2026-07-01T04:00:26.659642,2,2,90.75,0.3,90.6,17,90.5,5,,,,,,,,,,,,,,,,,90.9,10,91.1,100,,,,,,,,,,,,,,,,
2026-07-01T04:00:26.715606+00:00,2026-07-01T04:00:26.713283,3,2,90.75,0.3,90.6,17,90.5,5,90.3,150,,,,,,,,,,,,,,,90.9,10,91.1,100,,,,,,,,,,,,,,,,
2026-07-01T04:00:26.766990+00:00,2026-07-01T04:00:26.766561,3,3,90.7,0.2,90.6,17,90.5,5,90.3,150,,,,,,,,,,,,,,,90.8,150,90.9,10,91.1,100,,,,,,,,,,,,,,
2026-07-01T04:00:27.054619+00:00,2026-07-01T04:00:27.054260,3,2,90.7,0.2,90.6,17,90.5,5,90.3,150,,,,,,,,,,,,,,,90.8,150,91.1,100,,,,,,,,,,,,,,,,
2026-07-01T04:00:27.065029+00:00,2026-07-01T04:00:27.057102,3,2,90.7,0.2,90.6,17,90.5,5,90.3,150,,,,,,,,,,,,,,,90.8,160,91.1,100,,,,,,,,,,,,,,,,
2026-07-01T04:00:27.302067+00:00,2026-07-01T04:00:27.295688,3,2,90.7,0.2,90.6,17,90.5,5,90.3,150,,,,,,,,,,,,,,,90.8,118,91.1,100,,,,,,,,,,,,,,,,
2026-07-01T04:00:27.312466+00:00,2026-07-01T04:00:27.309452,2,1,90.65,0.3,90.5,5,90.3,150,,,,,,,,,,,,,,,,,90.8,118,,,,,,,,,,,,,,,,,,
2026-07-01T04:00:27.363999+00:00,2026-07-01T04:00:27.362467,3,1,90.65,0.3,90.5,5,90.3,150,90.1,100,,,,,,,,,,,,,,,90.8,118,,,,,,,,,,,,,,,,,,
2026-07-01T04:00:27.426017+00:00,2026-07-01T04:00:27.418167,3,2,90.55,0.1,90.5,5,90.3,150,90.1,100,,,,,,,,,,,,,,,90.6,100,90.8,118,,,,,,,,,,,,,,,,
2026-07-01T04:00:27.569703+00:00,2026-07-01T04:00:27.566410,3,2,90.55,0.1,90.5,15,90.3,150,90.1,100,,,,,,,,,,,,,,,90.6,110,90.8,108,,,,,,,,,,,,,,,,
2026-07-01T04:00:27.641800+00:00,2026-07-01T04:00:27.631854,3,2,90.55,0.1,90.5,14,90.3,150,90.1,100,,,,,,,,,,,,,,,90.6,110,90.8,108,,,,,,,,,,,,,,,,
2026-07-01T04:00:28.073778+00:00,2026-07-01T04:00:28.071320,3,2,90.55,0.1,90.5,4,90.3,150,90.1,100,,,,,,,,,,,,,,,90.6,100,90.8,108,,,,,,,,,,,,,,,,
2026-07-01T04:00:28.084064+00:00,2026-07-01T04:00:28.074234,3,2,90.55,0.1,90.5,14,90.3,150,90.1,100,,,,,,,,,,,,,,,90.6,100,90.8,108,,,,,,,,,,,,,,,,
2026-07-01T04:00:28.443047+00:00,2026-07-01T04:00:28.442861,2,2,90.45,0.3,90.3,114,90.1,100,,,,,,,,,,,,,,,,,90.6,100,90.8,108,,,,,,,,,,,,,,,,
2026-07-01T04:00:28.514221+00:00,2026-07-01T04:00:28.513068,3,2,90.55,0.1,90.5,4,90.3,114,90.1,100,,,,,,,,,,,,,,,90.6,66,90.8,108,,,,,,,,,,,,,,,,
2026-07-01T04:00:28.586056+00:00,2026-07-01T04:00:28.581021,3,2,90.55,0.1,90.5,14,90.3,114,90.1,100,,,,,,,,,,,,,,,90.6,66,90.8,108,,,,,,,,,,,,,,,,
2026-07-01T04:00:29.093055+00:00,2026-07-01T04:00:29.090540,3,2,90.55,0.1,90.5,4,90.3,114,90.1,100,,,,,,,,,,,,,,,90.6,66,90.8,108,,,,,,,,,,,,,,,,
2026-07-01T04:00:29.103457+00:00,2026-07-01T04:00:29.099474,3,2,90.55,0.1,90.5,14,90.3,114,90.1,100,,,,,,,,,,,,,,,90.6,66,90.8,108,,,,,,,,,,,,,,,,
2026-07-01T04:00:29.505191+00:00,2026-07-01T04:00:29.495126,3,2,90.55,0.1,90.5,12,90.3,114,90.1,100,,,,,,,,,,,,,,,90.6,66,90.8,108,,,,,,,,,,,,,,,,
2026-07-01T04:00:29.556843+00:00,2026-07-01T04:00:29.547890,2,2,90.45,0.3,90.3,114,90.1,100,,,,,,,,,,,,,,,,,90.6,66,90.8,108,,,,,,,,,,,,,,,,
2026-07-01T04:00:29.609015+00:00,2026-07-01T04:00:29.604584,2,2,90.45,0.3,90.3,124,90.1,100,,,,,,,,,,,,,,,,,90.6,66,90.8,108,,,,,,,,,,,,,,,,
2026-07-01T04:00:29.660750+00:00,2026-07-01T04:00:29.657353,2,2,90.45,0.3,90.3,124,90.1,100,,,,,,,,,,,,,,,,,90.6,66,90.8,112,,,,,,,,,,,,,,,,
2026-07-01T04:00:29.831156+00:00,2026-07-01T04:00:29.822057,2,2,90.45,0.3,90.3,10,90.1,100,,,,,,,,,,,,,,,,,90.6,66,90.8,4,,,,,,,,,,,,,,,,
2026-07-01T04:00:29.882652+00:00,2026-07-01T04:00:29.875931,3,1,90.7,0.2,90.6,84,90.3,10,90.1,100,,,,,,,,,,,,,,,90.8,4,,,,,,,,,,,,,,,,,,
2026-07-01T04:00:29.933960+00:00,2026-07-01T04:00:29.930952,3,2,90.7,0.2,90.6,84,90.3,10,90.1,100,,,,,,,,,,,,,,,90.8,4,91.1,150,,,,,,,,,,,,,,,,
2026-07-01T04:00:30.118502+00:00,2026-07-01T04:00:30.113218,2,2,90.7,0.2,90.6,84,90.1,100,,,,,,,,,,,,,,,,,90.8,4,91.1,150,,,,,,,,,,,,,,,,
2026-07-01T04:00:30.479042+00:00,2026-07-01T04:00:30.470965,1,2,90.7,0.2,90.6,84,,,,,,,,,,,,,,,,,,,90.8,4,91.1,150,,,,,,,,,,,,,,,,
2026-07-01T04:00:30.509935+00:00,2026-07-01T04:00:30.502977,2,2,90.7,0.2,90.6,84,90.5,2,,,,,,,,,,,,,,,,,90.8,4,91.1,150,,,,,,,,,,,,,,,,
2026-07-01T04:00:30.546022+00:00,2026-07-01T04:00:30.544866,3,1,90.95,0.3,90.8,85,90.6,84,90.5,2,,,,,,,,,,,,,,,91.1,150,,,,,,,,,,,,,,,,,,
2026-07-01T04:00:30.556488+00:00,2026-07-01T04:00:30.554072,3,1,90.95,0.3,90.8,35,90.6,84,90.5,2,,,,,,,,,,,,,,,91.1,150,,,,,,,,,,,,,,,,,,
2026-07-01T04:00:30.587377+00:00,2026-07-01T04:00:30.579496,3,2,90.95,0.3,90.8,35,90.6,84,90.5,2,,,,,,,,,,,,,,,91.1,150,91.3,100,,,,,,,,,,,,,,,,
2026-07-01T04:00:30.628364+00:00,2026-07-01T04:00:30.620030,3,2,90.95,0.3,90.8,35,90.6,84,90.5,2,,,,,,,,,,,,,,,91.1,160,91.3,100,,,,,,,,,,,,,,,,
2026-07-01T04:00:30.737081+00:00,2026-07-01T04:00:30.724443,3,2,90.95,0.3,90.8,31,90.6,84,90.5,2,,,,,,,,,,,,,,,91.1,160,91.3,100,,,,,,,,,,,,,,,,
2026-07-01T04:00:30.747663+00:00,2026-07-01T04:00:30.739109,3,2,90.95,0.3,90.8,24,90.6,84,90.5,2,,,,,,,,,,,,,,,91.1,160,91.3,100,,,,,,,,,,,,,,,,
2026-07-01T04:00:31.129996+00:00,2026-07-01T04:00:31.129379,3,2,90.95,0.3,90.8,24,90.6,84,90.5,2,,,,,,,,,,,,,,,91.1,160,91.3,100,,,,,,,,,,,,,,,,
2026-07-01T04:00:31.506277+00:00,2026-07-01T04:00:31.504909,3,2,90.95,0.3,90.8,19,90.6,84,90.5,2,,,,,,,,,,,,,,,91.1,160,91.3,100,,,,,,,,,,,,,,,,
2026-07-01T04:00:31.640492+00:00,2026-07-01T04:00:31.637438,3,2,90.95,0.3,90.8,19,90.6,84,90.5,2,,,,,,,,,,,,,,,91.1,160,91.3,100,,,,,,,,,,,,,,,,
2026-07-01T04:00:31.816518+00:00,2026-07-01T04:00:31.807726,3,2,90.95,0.3,90.8,16,90.6,84,90.5,2,,,,,,,,,,,,,,,91.1,160,91.3,100,,,,,,,,,,,,,,,,
2026-07-01T04:00:32.145760+00:00,2026-07-01T04:00:32.145237,3,2,90.95,0.3,90.8,16,90.6,84,90.5,2,,,,,,,,,,,,,,,91.1,160,91.3,100,,,,,,,,,,,,,,,,
2026-07-01T04:00:32.525547+00:00,2026-07-01T04:00:32.518493,3,2,90.95,0.3,90.8,13,90.6,84,90.5,2,,,,,,,,,,,,,,,91.1,160,91.3,100,,,,,,,,,,,,,,,,
2026-07-01T04:00:32.659248+00:00,2026-07-01T04:00:32.652834,3,2,90.95,0.3,90.8,13,90.6,84,90.5,2,,,,,,,,,,,,,,,91.1,160,91.3,100,,,,,,,,,,,,,,,,
2026-07-01T04:00:32.690478+00:00,2026-07-01T04:00:32.689733,2,2,90.85,0.5,90.6,47,90.5,2,,,,,,,,,,,,,,,,,91.1,160,91.3,100,,,,,,,,,,,,,,,,
2026-07-01T04:00:32.762677+00:00,2026-07-01T04:00:32.759380,2,3,90.75,0.3,90.6,47,90.5,2,,,,,,,,,,,,,,,,,90.9,2,91.1,160,91.3,100,,,,,,,,,,,,,,
2026-07-01T04:00:32.988070+00:00,2026-07-01T04:00:32.987103,1,3,90.7,0.4,90.5,2,,,,,,,,,,,,,,,,,,,90.9,2,91.1,10,91.3,100,,,,,,,,,,,,,,
2026-07-01T04:00:33.049771+00:00,2026-07-01T04:00:33.045235,2,3,90.7,0.4,90.5,2,90.1,150,,,,,,,,,,,,,,,,,90.9,2,91.1,10,91.3,100,,,,,,,,,,,,,,
2026-07-01T04:00:33.101303+00:00,2026-07-01T04:00:33.099434,2,4,90.55,0.1,90.5,2,90.1,150,,,,,,,,,,,,,,,,,90.6,150,90.9,2,91.1,10,91.3,100,,,,,,,,,,,,
2026-07-01T04:00:33.163065+00:00,2026-07-01T04:00:33.162235,2,3,90.55,0.1,90.5,12,90.1,150,,,,,,,,,,,,,,,,,90.6,160,90.9,2,91.3,100,,,,,,,,,,,,,,
2026-07-01T04:00:33.349193+00:00,2026-07-01T04:00:33.344665,2,3,90.55,0.1,90.5,12,90.1,150,,,,,,,,,,,,,,,,,90.6,111,90.9,2,91.3,100,,,,,,,,,,,,,,
2026-07-01T04:00:33.635871+00:00,2026-07-01T04:00:33.633476,2,2,90.55,0.1,90.5,12,90.1,150,,,,,,,,,,,,,,,,,90.6,111,90.9,2,,,,,,,,,,,,,,,,
2026-07-01T04:00:33.666776+00:00,2026-07-01T04:00:33.666640,2,2,90.55,0.1,90.5,12,90.1,150,,,,,,,,,,,,,,,,,90.6,101,90.9,2,,,,,,,,,,,,,,,,
2026-07-01T04:00:33.677294+00:00,2026-07-01T04:00:33.673150,2,2,90.55,0.1,90.5,12,90.1,150,,,,,,,,,,,,,,,,,90.6,111,90.9,2,,,,,,,,,,,,,,,,
2026-07-01T04:00:33.687705+00:00,2026-07-01T04:00:33.686074,3,2,90.55,0.1,90.5,12,90.3,100,90.1,150,,,,,,,,,,,,,,,90.6,111,90.9,2,,,,,,,,,,,,,,,,
2026-07-01T04:00:33.739333+00:00,2026-07-01T04:00:33.739077,3,3,90.55,0.1,90.5,12,90.3,100,90.1,150,,,,,,,,,,,,,,,90.6,111,90.8,100,90.9,2,,,,,,,,,,,,,,
2026-07-01T04:00:34.182630+00:00,2026-07-01T04:00:34.180861,3,3,90.55,0.1,90.5,12,90.3,100,90.1,150,,,,,,,,,,,,,,,90.6,101,90.8,100,90.9,2,,,,,,,,,,,,,,
2026-07-01T04:00:34.193059+00:00,2026-07-01T04:00:34.183396,3,3,90.55,0.1,90.5,12,90.3,100,90.1,150,,,,,,,,,,,,,,,90.6,111,90.8,100,90.9,2,,,,,,,,,,,,,,
2026-07-01T04:00:34.699223+00:00,2026-07-01T04:00:34.696894,3,3,90.55,0.1,90.5,12,90.3,100,90.1,150,,,,,,,,,,,,,,,90.6,101,90.8,100,90.9,2,,,,,,,,,,,,,,
2026-07-01T04:00:34.709695+00:00,2026-07-01T04:00:34.699924,3,3,90.55,0.1,90.5,12,90.3,100,90.1,150,,,,,,,,,,,,,,,90.6,111,90.8,100,90.9,2,,,,,,,,,,,,,,
2026-07-01T04:00:34.805261+00:00,2026-07-01T04:00:34.799624,2,3,90.45,0.3,90.3,62,90.1,150,,,,,,,,,,,,,,,,,90.6,111,90.8,100,90.9,2,,,,,,,,,,,,,,
2026-07-01T04:00:34.826043+00:00,2026-07-01T04:00:34.817807,2,3,90.45,0.3,90.3,62,90.1,150,,,,,,,,,,,,,,,,,90.6,70,90.8,100,90.9,2,,,,,,,,,,,,,,
2026-07-01T04:00:35.207336+00:00,2026-07-01T04:00:35.204861,2,3,90.45,0.3,90.3,62,90.1,150,,,,,,,,,,,,,,,,,90.6,60,90.8,100,90.9,2,,,,,,,,,,,,,,
2026-07-01T04:00:35.217756+00:00,2026-07-01T04:00:35.209985,2,3,90.45,0.3,90.3,62,90.1,150,,,,,,,,,,,,,,,,,90.6,70,90.8,100,90.9,2,,,,,,,,,,,,,,
2026-07-01T04:00:35.289921+00:00,2026-07-01T04:00:35.283250,2,3,90.45,0.3,90.3,21,90.1,150,,,,,,,,,,,,,,,,,90.6,70,90.8,100,90.9,2,,,,,,,,,,,,,,
2026-07-01T04:00:35.722543+00:00,2026-07-01T04:00:35.720976,2,3,90.45,0.3,90.3,31,90.1,150,,,,,,,,,,,,,,,,,90.6,60,90.8,100,90.9,2,,,,,,,,,,,,,,
2026-07-01T04:00:36.163638+00:00,2026-07-01T04:00:36.156070,1,2,90.55,0.5,90.3,31,,,,,,,,,,,,,,,,,,,90.8,100,90.9,2,,,,,,,,,,,,,,,,
2026-07-01T04:00:36.214703+00:00,2026-07-01T04:00:36.208314,2,2,90.6,0.4,90.4,150,90.3,31,,,,,,,,,,,,,,,,,90.8,100,90.9,2,,,,,,,,,,,,,,,,
2026-07-01T04:00:36.256051+00:00,2026-07-01T04:00:36.249729,2,3,90.55,0.3,90.4,150,90.3,21,,,,,,,,,,,,,,,,,90.7,10,90.8,100,90.9,2,,,,,,,,,,,,,,
2026-07-01T04:00:36.266379+00:00,2026-07-01T04:00:36.260845,2,3,90.55,0.3,90.4,150,90.3,21,,,,,,,,,,,,,,,,,90.7,10,90.8,100,90.9,152,,,,,,,,,,,,,,
2026-07-01T04:00:36.388497+00:00,2026-07-01T04:00:36.387680,2,2,90.6,0.4,90.4,150,90.3,21,,,,,,,,,,,,,,,,,90.8,100,90.9,152,,,,,,,,,,,,,,,,
2026-07-01T04:00:36.759561+00:00,2026-07-01T04:00:36.755286,3,2,90.65,0.3,90.5,10,90.4,150,90.3,21,,,,,,,,,,,,,,,90.8,100,90.9,152,,,,,,,,,,,,,,,,
2026-07-01T04:00:36.800834+00:00,2026-07-01T04:00:36.796904,2,1,90.7,0.4,90.5,10,90.4,150,,,,,,,,,,,,,,,,,90.9,152,,,,,,,,,,,,,,,,,,
2026-07-01T04:00:36.863404+00:00,2026-07-01T04:00:36.861402,2,1,90.65,0.5,90.4,120,90.3,100,,,,,,,,,,,,,,,,,90.9,152,,,,,,,,,,,,,,,,,,
2026-07-01T04:00:36.915341+00:00,2026-07-01T04:00:36.910573,2,2,90.6,0.4,90.4,70,90.3,100,,,,,,,,,,,,,,,,,90.8,100,90.9,152,,,,,,,,,,,,,,,,
2026-07-01T04:00:36.977294+00:00,2026-07-01T04:00:36.969817,2,2,90.6,0.4,90.4,70,90.3,100,,,,,,,,,,,,,,,,,90.8,99,90.9,152,,,,,,,,,,,,,,,,
2026-07-01T04:00:37.274910+00:00,2026-07-01T04:00:37.265659,3,2,90.65,0.3,90.5,10,90.4,70,90.3,100,,,,,,,,,,,,,,,90.8,99,90.9,152,,,,,,,,,,,,,,,,
2026-07-01T04:00:37.327076+00:00,2026-07-01T04:00:37.326867,3,2,90.65,0.3,90.5,10,90.4,70,90.3,100,,,,,,,,,,,,,,,90.8,55,90.9,152,,,,,,,,,,,,,,,,
2026-07-01T04:00:37.779597+00:00,2026-07-01T04:00:37.777138,2,3,90.55,0.3,90.4,70,90.3,100,,,,,,,,,,,,,,,,,90.7,10,90.8,55,90.9,152,,,,,,,,,,,,,,
2026-07-01T04:00:38.284346+00:00,2026-07-01T04:00:38.280721,2,2,90.6,0.4,90.4,70,90.3,100,,,,,,,,,,,,,,,,,90.8,55,90.9,152,,,,,,,,,,,,,,,,
2026-07-01T04:00:39.025152+00:00,2026-07-01T04:00:39.017250,2,2,90.6,0.4,90.4,20,90.3,100,,,,,,,,,,,,,,,,,90.8,55,90.9,152,,,,,,,,,,,,,,,,
2026-07-01T04:00:39.322925+00:00,2026-07-01T04:00:39.315905,1,2,90.55,0.5,90.3,100,,,,,,,,,,,,,,,,,,,90.8,55,90.9,2,,,,,,,,,,,,,,,,
2026-07-01T04:00:39.374096+00:00,2026-07-01T04:00:39.368784,2,2,90.55,0.5,90.3,100,90.0,150,,,,,,,,,,,,,,,,,90.8,55,90.9,2,,,,,,,,,,,,,,,,
2026-07-01T04:00:39.435341+00:00,2026-07-01T04:00:39.434393,2,3,90.4,0.2,90.3,100,90.0,150,,,,,,,,,,,,,,,,,90.5,90,90.8,55,90.9,2,,,,,,,,,,,,,,
2026-07-01T04:00:39.528315+00:00,2026-07-01T04:00:39.525887,2,3,90.4,0.2,90.3,100,90.0,150,,,,,,,,,,,,,,,,,90.5,86,90.8,55,90.9,2,,,,,,,,,,,,,,
2026-07-01T04:00:39.611056+00:00,2026-07-01T04:00:39.609108,2,3,90.4,0.2,90.3,100,90.0,150,,,,,,,,,,,,,,,,,90.5,83,90.8,55,90.9,2,,,,,,,,,,,,,,
2026-07-01T04:00:39.801618+00:00,2026-07-01T04:00:39.793861,2,3,90.4,0.2,90.3,110,90.0,150,,,,,,,,,,,,,,,,,90.5,83,90.8,55,90.9,2,,,,,,,,,,,,,,
2026-07-01T04:00:39.863106+00:00,2026-07-01T04:00:39.856287,2,3,90.4,0.2,90.3,110,90.0,150,,,,,,,,,,,,,,,,,90.5,80,90.8,55,90.9,2,,,,,,,,,,,,,,
2026-07-01T04:00:39.967488+00:00,2026-07-01T04:00:39.965836,2,2,90.4,0.2,90.3,10,90.0,150,,,,,,,,,,,,,,,,,90.5,80,90.9,2,,,,,,,,,,,,,,,,
2026-07-01T04:00:40.019473+00:00,2026-07-01T04:00:40.018721,2,2,90.4,0.2,90.3,110,90.0,150,,,,,,,,,,,,,,,,,90.5,80,90.9,2,,,,,,,,,,,,,,,,
2026-07-01T04:00:40.071212+00:00,2026-07-01T04:00:40.070808,2,3,90.4,0.2,90.3,110,90.0,150,,,,,,,,,,,,,,,,,90.5,80,90.8,100,90.9,2,,,,,,,,,,,,,,
2026-07-01T04:00:40.308624+00:00,2026-07-01T04:00:40.306188,2,3,90.4,0.2,90.3,110,90.0,150,,,,,,,,,,,,,,,,,90.5,80,90.8,100,90.9,2,,,,,,,,,,,,,,
2026-07-01T04:00:40.504437+00:00,2026-07-01T04:00:40.499824,2,3,90.4,0.2,90.3,66,90.0,150,,,,,,,,,,,,,,,,,90.5,80,90.8,100,90.9,2,,,,,,,,,,,,,,
2026-07-01T04:00:40.812653+00:00,2026-07-01T04:00:40.810440,2,3,90.4,0.2,90.3,56,90.0,150,,,,,,,,,,,,,,,,,90.5,80,90.8,100,90.9,2,,,,,,,,,,,,,,
2026-07-01T04:00:40.822986+00:00,2026-07-01T04:00:40.813722,2,3,90.4,0.2,90.3,66,90.0,150,,,,,,,,,,,,,,,,,90.5,80,90.8,100,90.9,2,,,,,,,,,,,,,,
2026-07-01T04:00:41.102281+00:00,2026-07-01T04:00:41.092559,2,3,90.4,0.2,90.3,66,90.0,150,,,,,,,,,,,,,,,,,90.5,30,90.8,100,90.9,2,,,,,,,,,,,,,,
2026-07-01T04:00:41.318560+00:00,2026-07-01T04:00:41.317179,2,3,90.4,0.2,90.3,56,90.0,150,,,,,,,,,,,,,,,,,90.5,30,90.8,100,90.9,2,,,,,,,,,,,,,,
2026-07-01T04:00:41.328880+00:00,2026-07-01T04:00:41.320034,2,3,90.4,0.2,90.3,66,90.0,150,,,,,,,,,,,,,,,,,90.5,30,90.8,100,90.9,2,,,,,,,,,,,,,,
2026-07-01T04:00:41.834586+00:00,2026-07-01T04:00:41.827760,2,3,90.4,0.2,90.3,66,90.0,150,,,,,,,,,,,,,,,,,90.5,30,90.8,100,90.9,2,,,,,,,,,,,,,,
2026-07-01T04:00:41.989488+00:00,2026-07-01T04:00:41.987758,2,3,90.4,0.2,90.3,66,90.0,150,,,,,,,,,,,,,,,,,90.5,29,90.8,100,90.9,2,,,,,,,,,,,,,,
2026-07-01T04:00:42.338716+00:00,2026-07-01T04:00:42.334646,2,3,90.4,0.2,90.3,66,90.0,150,,,,,,,,,,,,,,,,,90.5,29,90.8,100,90.9,2,,,,,,,,,,,,,,
2026-07-01T04:00:42.482975+00:00,2026-07-01T04:00:42.478635,1,2,90.55,0.5,90.3,66,,,,,,,,,,,,,,,,,,,90.8,100,90.9,2,,,,,,,,,,,,,,,,
2026-07-01T04:00:42.544683+00:00,2026-07-01T04:00:42.535129,2,2,90.6,0.4,90.4,150,90.3,66,,,,,,,,,,,,,,,,,90.8,100,90.9,2,,,,,,,,,,,,,,,,
2026-07-01T04:00:42.596560+00:00,2026-07-01T04:00:42.592681,2,2,90.6,0.4,90.4,150,90.3,66,,,,,,,,,,,,,,,,,90.8,100,90.9,152,,,,,,,,,,,,,,,,
2026-07-01T04:00:42.845141+00:00,2026-07-01T04:00:42.842406,2,3,90.55,0.3,90.4,150,90.3,56,,,,,,,,,,,,,,,,,90.7,10,90.8,100,90.9,152,,,,,,,,,,,,,,
2026-07-01T04:00:43.133902+00:00,2026-07-01T04:00:43.127379,1,2,90.55,0.3,90.4,150,,,,,,,,,,,,,,,,,,,90.7,10,90.9,152,,,,,,,,,,,,,,,,
2026-07-01T04:00:43.185505+00:00,2026-07-01T04:00:43.179810,2,2,90.55,0.3,90.4,150,90.1,100,,,,,,,,,,,,,,,,,90.7,10,90.9,152,,,,,,,,,,,,,,,,
2026-07-01T04:00:43.206202+00:00,2026-07-01T04:00:43.199876,2,1,90.65,0.5,90.4,150,90.1,100,,,,,,,,,,,,,,,,,90.9,112,,,,,,,,,,,,,,,,,,
2026-07-01T04:00:43.237066+00:00,2026-07-01T04:00:43.232902,2,2,90.5,0.2,90.4,150,90.1,100,,,,,,,,,,,,,,,,,90.6,100,90.9,112,,,,,,,,,,,,,,,,
2026-07-01T04:00:43.349874+00:00,2026-07-01T04:00:43.347601,2,2,90.5,0.2,90.4,160,90.1,100,,,,,,,,,,,,,,,,,90.6,100,90.9,112,,,,,,,,,,,,,,,,
2026-07-01T04:00:43.597443+00:00,2026-07-01T04:00:43.589588,2,3,90.5,0.2,90.4,160,90.1,100,,,,,,,,,,,,,,,,,90.6,100,90.8,4,90.9,112,,,,,,,,,,,,,,
2026-07-01T04:00:43.855570+00:00,2026-07-01T04:00:43.855266,2,3,90.5,0.2,90.4,150,90.1,100,,,,,,,,,,,,,,,,,90.6,100,90.8,4,90.9,112,,,,,,,,,,,,,,
2026-07-01T04:00:43.865997+00:00,2026-07-01T04:00:43.857940,2,3,90.5,0.2,90.4,160,90.1,100,,,,,,,,,,,,,,,,,90.6,100,90.8,4,90.9,112,,,,,,,,,,,,,,
2026-07-01T04:00:43.897258+00:00,2026-07-01T04:00:43.887338,3,3,90.55,0.1,90.5,2,90.4,160,90.1,100,,,,,,,,,,,,,,,90.6,100,90.8,4,90.9,112,,,,,,,,,,,,,,
2026-07-01T04:00:44.362280+00:00,2026-07-01T04:00:44.362175,3,3,90.55,0.1,90.5,2,90.4,150,90.1,100,,,,,,,,,,,,,,,90.6,100,90.8,4,90.9,112,,,,,,,,,,,,,,
2026-07-01T04:00:44.372661+00:00,2026-07-01T04:00:44.365553,3,3,90.55,0.1,90.5,12,90.4,150,90.1,100,,,,,,,,,,,,,,,90.6,100,90.8,4,90.9,112,,,,,,,,,,,,,,
2026-07-01T04:00:44.872961+00:00,2026-07-01T04:00:44.870897,3,3,90.55,0.1,90.5,2,90.4,150,90.1,100,,,,,,,,,,,,,,,90.6,100,90.8,4,90.9,112,,,,,,,,,,,,,,
2026-07-01T04:00:44.883399+00:00,2026-07-01T04:00:44.876546,3,3,90.55,0.1,90.5,12,90.4,150,90.1,100,,,,,,,,,,,,,,,90.6,110,90.8,4,90.9,112,,,,,,,,,,,,,,
2026-07-01T04:00:45.369051+00:00,2026-07-01T04:00:45.360279,2,3,90.5,0.2,90.4,112,90.1,100,,,,,,,,,,,,,,,,,90.6,110,90.8,4,90.9,112,,,,,,,,,,,,,,
2026-07-01T04:00:45.389780+00:00,2026-07-01T04:00:45.385854,2,3,90.5,0.2,90.4,122,90.1,100,,,,,,,,,,,,,,,,,90.6,110,90.8,4,90.9,112,,,,,,,,,,,,,,
2026-07-01T04:00:45.656574+00:00,2026-07-01T04:00:45.655071,3,2,90.55,0.1,90.5,2,90.4,10,90.1,100,,,,,,,,,,,,,,,90.6,110,90.8,4,,,,,,,,,,,,,,,,
2026-07-01T04:00:45.707920+00:00,2026-07-01T04:00:45.702898,3,2,90.55,0.1,90.5,2,90.4,160,90.1,100,,,,,,,,,,,,,,,90.6,110,90.8,4,,,,,,,,,,,,,,,,
2026-07-01T04:00:45.759697+00:00,2026-07-01T04:00:45.755390,3,3,90.55,0.1,90.5,2,90.4,160,90.1,100,,,,,,,,,,,,,,,90.6,110,90.8,4,90.9,150,,,,,,,,,,,,,,
2026-07-01T04:00:45.904950+00:00,2026-07-01T04:00:45.904005,3,3,90.55,0.1,90.5,12,90.4,150,90.1,100,,,,,,,,,,,,,,,90.6,110,90.8,4,90.9,150,,,,,,,,,,,,,,
2026-07-01T04:00:46.295551+00:00,2026-07-01T04:00:46.290766,2,3,90.55,0.1,90.5,12,90.4,150,,,,,,,,,,,,,,,,,90.6,10,90.8,4,90.9,150,,,,,,,,,,,,,,
2026-07-01T04:00:46.347165+00:00,2026-07-01T04:00:46.344798,3,3,90.55,0.1,90.5,12,90.4,150,90.1,100,,,,,,,,,,,,,,,90.6,10,90.8,4,90.9,150,,,,,,,,,,,,,,
2026-07-01T04:00:46.398894+00:00,2026-07-01T04:00:46.396990,3,3,90.55,0.1,90.5,12,90.4,150,90.1,100,,,,,,,,,,,,,,,90.6,110,90.8,4,90.9,150,,,,,,,,,,,,,,
2026-07-01T04:00:46.409213+00:00,2026-07-01T04:00:46.408953,3,3,90.55,0.1,90.5,2,90.4,150,90.1,100,,,,,,,,,,,,,,,90.6,100,90.8,4,90.9,150,,,,,,,,,,,,,,
2026-07-01T04:00:46.419560+00:00,2026-07-01T04:00:46.414239,3,3,90.55,0.1,90.5,12,90.4,150,90.1,100,,,,,,,,,,,,,,,90.6,110,90.8,4,90.9,150,,,,,,,,,,,,,,
2026-07-01T04:00:46.833252+00:00,2026-07-01T04:00:46.823290,3,3,90.55,0.1,90.5,11,90.4,150,90.1,100,,,,,,,,,,,,,,,90.6,110,90.8,4,90.9,150,,,,,,,,,,,,,,
2026-07-01T04:00:46.926253+00:00,2026-07-01T04:00:46.925136,3,3,90.55,0.1,90.5,11,90.4,150,90.1,100,,,,,,,,,,,,,,,90.6,100,90.8,4,90.9,150,,,,,,,,,,,,,,
2026-07-01T04:00:46.936609+00:00,2026-07-01T04:00:46.927929,3,3,90.55,0.1,90.5,11,90.4,150,90.1,100,,,,,,,,,,,,,,,90.6,110,90.8,4,90.9,150,,,,,,,,,,,,,,
2026-07-01T04:00:47.080452+00:00,2026-07-01T04:00:47.073882,3,3,90.55,0.1,90.5,11,90.4,150,90.1,100,,,,,,,,,,,,,,,90.6,109,90.8,4,90.9,150,,,,,,,,,,,,,,
2026-07-01T04:00:47.378717+00:00,2026-07-01T04:00:47.369698,3,3,90.55,0.1,90.5,11,90.4,150,90.1,100,,,,,,,,,,,,,,,90.6,109,90.8,3,90.9,150,,,,,,,,,,,,,,
2026-07-01T04:00:47.440248+00:00,2026-07-01T04:00:47.438603,3,3,90.55,0.1,90.5,11,90.4,150,90.1,100,,,,,,,,,,,,,,,90.6,109,90.8,3,90.9,150,,,,,,,,,,,,,,
2026-07-01T04:00:47.481526+00:00,2026-07-01T04:00:47.471485,2,3,90.5,0.2,90.4,111,90.1,100,,,,,,,,,,,,,,,,,90.6,109,90.8,3,90.9,150,,,,,,,,,,,,,,
2026-07-01T04:00:47.945280+00:00,2026-07-01T04:00:47.945199,2,3,90.5,0.2,90.4,111,90.1,100,,,,,,,,,,,,,,,,,90.6,109,90.8,3,90.9,150,,,,,,,,,,,,,,
2026-07-01T04:00:48.366739+00:00,2026-07-01T04:00:48.361105,2,3,90.5,0.2,90.4,71,90.1,100,,,,,,,,,,,,,,,,,90.6,109,90.8,3,90.9,150,,,,,,,,,,,,,,
2026-07-01T04:00:48.459421+00:00,2026-07-01T04:00:48.457283,2,3,90.5,0.2,90.4,71,90.1,100,,,,,,,,,,,,,,,,,90.6,109,90.8,3,90.9,150,,,,,,,,,,,,,,
2026-07-01T04:00:48.818384+00:00,2026-07-01T04:00:48.809816,1,2,90.35,0.5,90.1,100,,,,,,,,,,,,,,,,,,,90.6,109,90.8,3,,,,,,,,,,,,,,,,
2026-07-01T04:00:48.870070+00:00,2026-07-01T04:00:48.862333,1,2,90.35,0.5,90.1,250,,,,,,,,,,,,,,,,,,,90.6,109,90.8,3,,,,,,,,,,,,,,,,
2026-07-01T04:00:48.921927+00:00,2026-07-01T04:00:48.914674,1,2,90.35,0.5,90.1,250,,,,,,,,,,,,,,,,,,,90.6,259,90.8,3,,,,,,,,,,,,,,,,
2026-07-01T04:00:48.974305+00:00,2026-07-01T04:00:48.964843,1,2,90.35,0.5,90.1,250,,,,,,,,,,,,,,,,,,,90.6,249,90.8,3,,,,,,,,,,,,,,,,
2026-07-01T04:00:49.459247+00:00,2026-07-01T04:00:49.451770,1,2,90.35,0.5,90.1,150,,,,,,,,,,,,,,,,,,,90.6,150,90.8,3,,,,,,,,,,,,,,,,
2026-07-01T04:00:49.510519+00:00,2026-07-01T04:00:49.504880,1,2,90.35,0.5,90.1,250,,,,,,,,,,,,,,,,,,,90.6,150,90.8,3,,,,,,,,,,,,,,,,
2026-07-01T04:00:49.531122+00:00,2026-07-01T04:00:49.527222,1,2,90.35,0.5,90.1,250,,,,,,,,,,,,,,,,,,,90.6,100,90.8,3,,,,,,,,,,,,,,,,
2026-07-01T04:00:49.562090+00:00,2026-07-01T04:00:49.559297,1,2,90.35,0.5,90.1,250,,,,,,,,,,,,,,,,,,,90.6,200,90.8,3,,,,,,,,,,,,,,,,
2026-07-01T04:00:50.004884+00:00,2026-07-01T04:00:49.999597,2,2,90.5,0.2,90.4,2,90.1,250,,,,,,,,,,,,,,,,,90.6,200,90.8,3,,,,,,,,,,,,,,,,
2026-07-01T04:00:50.118070+00:00,2026-07-01T04:00:50.109668,2,2,90.5,0.2,90.4,2,90.1,250,,,,,,,,,,,,,,,,,90.6,151,90.8,3,,,,,,,,,,,,,,,,
2026-07-01T04:00:50.190828+00:00,2026-07-01T04:00:50.185988,1,2,90.35,0.5,90.1,250,,,,,,,,,,,,,,,,,,,90.6,151,90.8,3,,,,,,,,,,,,,,,,
2026-07-01T04:00:50.407340+00:00,2026-07-01T04:00:50.402927,2,2,90.5,0.2,90.4,2,90.1,250,,,,,,,,,,,,,,,,,90.6,151,90.8,3,,,,,,,,,,,,,,,,
2026-07-01T04:00:50.480005+00:00,2026-07-01T04:00:50.475316,2,2,90.5,0.2,90.4,2,90.1,250,,,,,,,,,,,,,,,,,90.6,161,90.8,3,,,,,,,,,,,,,,,,
2026-07-01T04:00:50.985300+00:00,2026-07-01T04:00:50.984283,2,2,90.5,0.2,90.4,12,90.1,250,,,,,,,,,,,,,,,,,90.6,151,90.8,3,,,,,,,,,,,,,,,,
2026-07-01T04:00:51.128654+00:00,2026-07-01T04:00:51.125105,2,2,90.5,0.2,90.4,12,90.1,250,,,,,,,,,,,,,,,,,90.6,104,90.8,3,,,,,,,,,,,,,,,,
2026-07-01T04:00:51.489316+00:00,2026-07-01T04:00:51.488224,2,2,90.5,0.2,90.4,2,90.1,250,,,,,,,,,,,,,,,,,90.6,104,90.8,3,,,,,,,,,,,,,,,,
2026-07-01T04:00:51.499684+00:00,2026-07-01T04:00:51.490792,2,2,90.5,0.2,90.4,12,90.1,250,,,,,,,,,,,,,,,,,90.6,104,90.8,3,,,,,,,,,,,,,,,,
2026-07-01T04:00:51.694587+00:00,2026-07-01T04:00:51.691189,1,2,90.35,0.5,90.1,212,,,,,,,,,,,,,,,,,,,90.6,104,90.8,3,,,,,,,,,,,,,,,,
2026-07-01T04:00:51.715368+00:00,2026-07-01T04:00:51.710299,2,2,90.5,0.2,90.4,2,90.1,212,,,,,,,,,,,,,,,,,90.6,104,90.8,3,,,,,,,,,,,,,,,,
2026-07-01T04:00:51.870213+00:00,2026-07-01T04:00:51.868491,2,2,90.5,0.2,90.4,1,90.1,212,,,,,,,,,,,,,,,,,90.6,104,90.8,3,,,,,,,,,,,,,,,,
2026-07-01T04:00:51.994902+00:00,2026-07-01T04:00:51.989508,2,2,90.5,0.2,90.4,1,90.1,100,,,,,,,,,,,,,,,,,90.6,100,90.8,3,,,,,,,,,,,,,,,,
2026-07-01T04:00:52.005313+00:00,2026-07-01T04:00:52.000389,2,2,90.5,0.2,90.4,11,90.1,100,,,,,,,,,,,,,,,,,90.6,110,90.8,3,,,,,,,,,,,,,,,,
2026-07-01T04:00:52.047136+00:00,2026-07-01T04:00:52.043493,3,1,90.75,0.1,90.7,40,90.4,11,90.1,100,,,,,,,,,,,,,,,90.8,3,,,,,,,,,,,,,,,,,,
2026-07-01T04:00:52.099287+00:00,2026-07-01T04:00:52.097449,3,2,90.75,0.1,90.7,40,90.4,11,90.1,100,,,,,,,,,,,,,,,90.8,3,91.2,150,,,,,,,,,,,,,,,,
2026-07-01T04:00:52.120067+00:00,2026-07-01T04:00:52.118687,3,2,90.75,0.1,90.7,17,90.4,11,90.1,100,,,,,,,,,,,,,,,90.8,3,91.2,150,,,,,,,,,,,,,,,,
2026-07-01T04:00:52.171846+00:00,2026-07-01T04:00:52.165005,3,2,90.75,0.1,90.7,17,90.4,11,90.1,100,,,,,,,,,,,,,,,90.8,2,91.2,150,,,,,,,,,,,,,,,,
2026-07-01T04:00:52.510100+00:00,2026-07-01T04:00:52.508415,3,2,90.75,0.1,90.7,17,90.4,1,90.1,100,,,,,,,,,,,,,,,90.8,2,91.2,150,,,,,,,,,,,,,,,,
2026-07-01T04:00:52.520361+00:00,2026-07-01T04:00:52.511710,3,2,90.75,0.1,90.7,17,90.4,1,90.1,100,,,,,,,,,,,,,,,90.8,12,91.2,150,,,,,,,,,,,,,,,,
2026-07-01T04:00:52.612928+00:00,2026-07-01T04:00:52.612577,2,2,90.75,0.1,90.7,17,90.4,1,,,,,,,,,,,,,,,,,90.8,12,91.2,150,,,,,,,,,,,,,,,,
2026-07-01T04:00:52.674418+00:00,2026-07-01T04:00:52.664885,2,2,90.75,0.1,90.7,17,90.4,101,,,,,,,,,,,,,,,,,90.8,12,91.2,150,,,,,,,,,,,,,,,,
2026-07-01T04:00:52.725603+00:00,2026-07-01T04:00:52.716973,2,3,90.75,0.1,90.7,17,90.4,101,,,,,,,,,,,,,,,,,90.8,12,90.9,100,91.2,150,,,,,,,,,,,,,,
2026-07-01T04:00:53.024363+00:00,2026-07-01T04:00:53.022503,2,3,90.75,0.1,90.7,17,90.4,101,,,,,,,,,,,,,,,,,90.8,12,90.9,100,91.2,150,,,,,,,,,,,,,,
2026-07-01T04:00:53.096226+00:00,2026-07-01T04:00:53.089473,1,3,90.6,0.4,90.4,73,,,,,,,,,,,,,,,,,,,90.8,12,90.9,100,91.2,150,,,,,,,,,,,,,,
2026-07-01T04:00:53.116735+00:00,2026-07-01T04:00:53.110853,1,3,90.6,0.4,90.4,74,,,,,,,,,,,,,,,,,,,90.8,12,90.9,100,91.2,150,,,,,,,,,,,,,,
2026-07-01T04:00:53.527385+00:00,2026-07-01T04:00:53.526307,1,3,90.6,0.4,90.4,74,,,,,,,,,,,,,,,,,,,90.8,2,90.9,100,91.2,150,,,,,,,,,,,,,,
2026-07-01T04:00:53.815066+00:00,2026-07-01T04:00:53.807865,1,3,90.6,0.4,90.4,24,,,,,,,,,,,,,,,,,,,90.8,2,90.9,100,91.2,150,,,,,,,,,,,,,,
2026-07-01T04:00:55.050032+00:00,2026-07-01T04:00:55.045469,0,3,,,,,,,,,,,,,,,,,,,,,,,90.8,2,90.9,100,91.2,150,,,,,,,,,,,,,,
2026-07-01T04:00:55.152696+00:00,2026-07-01T04:00:55.151656,0,2,,,,,,,,,,,,,,,,,,,,,,,90.8,2,90.9,100,,,,,,,,,,,,,,,,
2026-07-01T04:00:55.214463+00:00,2026-07-01T04:00:55.205356,1,2,90.45,0.7,90.1,150,,,,,,,,,,,,,,,,,,,90.8,2,90.9,100,,,,,,,,,,,,,,,,
2026-07-01T04:00:55.224862+00:00,2026-07-01T04:00:55.215424,2,2,90.6,0.4,90.4,2,90.1,150,,,,,,,,,,,,,,,,,90.8,2,90.9,100,,,,,,,,,,,,,,,,
2026-07-01T04:00:55.279500+00:00,2026-07-01T04:00:55.278454,2,3,90.5,0.2,90.4,2,90.1,150,,,,,,,,,,,,,,,,,90.6,127,90.8,2,90.9,100,,,,,,,,,,,,,,
2026-07-01T04:00:55.547762+00:00,2026-07-01T04:00:55.540323,2,3,90.5,0.2,90.4,12,90.1,150,,,,,,,,,,,,,,,,,90.6,127,90.8,2,90.9,100,,,,,,,,,,,,,,
2026-07-01T04:00:55.776483+00:00,2026-07-01T04:00:55.771410,2,2,90.5,0.2,90.4,12,90.1,150,,,,,,,,,,,,,,,,,90.6,127,90.8,2,,,,,,,,,,,,,,,,
2026-07-01T04:00:55.828337+00:00,2026-07-01T04:00:55.824724,3,2,90.5,0.2,90.4,12,90.3,100,90.1,150,,,,,,,,,,,,,,,90.6,127,90.8,2,,,,,,,,,,,,,,,,
2026-07-01T04:00:55.870066+00:00,2026-07-01T04:00:55.860628,3,2,90.5,0.2,90.4,12,90.3,100,90.1,150,,,,,,,,,,,,,,,90.6,77,90.8,2,,,,,,,,,,,,,,,,
2026-07-01T04:00:55.880479+00:00,2026-07-01T04:00:55.876786,3,2,90.5,0.2,90.4,12,90.3,100,90.1,150,,,,,,,,,,,,,,,90.6,77,90.8,102,,,,,,,,,,,,,,,,
2026-07-01T04:00:56.046074+00:00,2026-07-01T04:00:56.043817,3,2,90.5,0.2,90.4,2,90.3,100,90.1,150,,,,,,,,,,,,,,,90.6,77,90.8,102,,,,,,,,,,,,,,,,
2026-07-01T04:00:56.056536+00:00,2026-07-01T04:00:56.047765,3,2,90.5,0.2,90.4,12,90.3,100,90.1,150,,,,,,,,,,,,,,,90.6,77,90.8,102,,,,,,,,,,,,,,,,
2026-07-01T04:00:56.562390+00:00,2026-07-01T04:00:56.556993,3,2,90.5,0.2,90.4,12,90.3,100,90.1,150,,,,,,,,,,,,,,,90.6,77,90.8,102,,,,,,,,,,,,,,,,
2026-07-01T04:00:56.706184+00:00,2026-07-01T04:00:56.696126,2,2,90.45,0.3,90.3,69,90.1,150,,,,,,,,,,,,,,,,,90.6,77,90.8,102,,,,,,,,,,,,,,,,
2026-07-01T04:00:57.192289+00:00,2026-07-01T04:00:57.182567,2,2,90.45,0.3,90.3,69,90.1,150,,,,,,,,,,,,,,,,,90.6,76,90.8,102,,,,,,,,,,,,,,,,
2026-07-01T04:00:57.264151+00:00,2026-07-01T04:00:57.257360,2,2,90.45,0.3,90.3,69,90.1,150,,,,,,,,,,,,,,,,,90.6,35,90.8,102,,,,,,,,,,,,,,,,
2026-07-01T04:00:57.336031+00:00,2026-07-01T04:00:57.331523,2,2,90.45,0.3,90.3,69,90.1,150,,,,,,,,,,,,,,,,,90.6,35,90.8,101,,,,,,,,,,,,,,,,
2026-07-01T04:00:57.355992+00:00,2026-07-01T04:00:57.354959,2,2,90.45,0.3,90.3,69,90.1,150,,,,,,,,,,,,,,,,,90.6,23,90.8,101,,,,,,,,,,,,,,,,
2026-07-01T04:00:57.573027+00:00,2026-07-01T04:00:57.569142,2,2,90.45,0.3,90.3,79,90.1,150,,,,,,,,,,,,,,,,,90.6,23,90.8,101,,,,,,,,,,,,,,,,
2026-07-01T04:00:58.047785+00:00,2026-07-01T04:00:58.041018,2,2,90.45,0.3,90.3,29,90.1,150,,,,,,,,,,,,,,,,,90.6,23,90.8,101,,,,,,,,,,,,,,,,
2026-07-01T04:00:58.078815+00:00,2026-07-01T04:00:58.075533,2,2,90.45,0.3,90.3,29,90.1,150,,,,,,,,,,,,,,,,,90.6,23,90.8,101,,,,,,,,,,,,,,,,
2026-07-01T04:00:58.315268+00:00,2026-07-01T04:00:58.313065,1,1,90.55,0.5,90.3,29,,,,,,,,,,,,,,,,,,,90.8,101,,,,,,,,,,,,,,,,,,
2026-07-01T04:00:58.366612+00:00,2026-07-01T04:00:58.365640,2,1,90.75,0.1,90.7,150,90.3,29,,,,,,,,,,,,,,,,,90.8,101,,,,,,,,,,,,,,,,,,
2026-07-01T04:00:58.387351+00:00,2026-07-01T04:00:58.382079,2,1,90.75,0.1,90.7,103,90.3,29,,,,,,,,,,,,,,,,,90.8,101,,,,,,,,,,,,,,,,,,
2026-07-01T04:00:58.428380+00:00,2026-07-01T04:00:58.418885,2,2,90.75,0.1,90.7,103,90.3,29,,,,,,,,,,,,,,,,,90.8,101,91.2,150,,,,,,,,,,,,,,,,
2026-07-01T04:00:58.583121+00:00,2026-07-01T04:00:58.579378,2,2,90.75,0.1,90.7,103,90.3,19,,,,,,,,,,,,,,,,,90.8,101,91.2,150,,,,,,,,,,,,,,,,
2026-07-01T04:00:58.593647+00:00,2026-07-01T04:00:58.584574,2,2,90.75,0.1,90.7,103,90.3,19,,,,,,,,,,,,,,,,,90.8,111,91.2,150,,,,,,,,,,,,,,,,
2026-07-01T04:00:58.687036+00:00,2026-07-01T04:00:58.686007,2,2,90.75,0.1,90.7,91,90.3,19,,,,,,,,,,,,,,,,,90.8,111,91.2,150,,,,,,,,,,,,,,,,
2026-07-01T04:00:58.935498+00:00,2026-07-01T04:00:58.930678,1,2,90.75,0.1,90.7,91,,,,,,,,,,,,,,,,,,,90.8,11,91.2,150,,,,,,,,,,,,,,,,
2026-07-01T04:00:58.987248+00:00,2026-07-01T04:00:58.983454,2,2,90.75,0.1,90.7,91,90.0,100,,,,,,,,,,,,,,,,,90.8,11,91.2,150,,,,,,,,,,,,,,,,
2026-07-01T04:00:59.039192+00:00,2026-07-01T04:00:59.036097,1,3,90.25,0.5,90.0,100,,,,,,,,,,,,,,,,,,,90.5,9,90.8,11,91.2,150,,,,,,,,,,,,,,
2026-07-01T04:00:59.090923+00:00,2026-07-01T04:00:59.088437,1,3,90.25,0.5,90.0,100,,,,,,,,,,,,,,,,,,,90.5,9,90.8,1,91.2,150,,,,,,,,,,,,,,
2026-07-01T04:00:59.101278+00:00,2026-07-01T04:00:59.091387,2,3,90.3,0.4,90.1,10,90.0,100,,,,,,,,,,,,,,,,,90.5,9,90.8,1,91.2,150,,,,,,,,,,,,,,
2026-07-01T04:00:59.366197+00:00,2026-07-01T04:00:59.365416,3,2,90.6,0.4,90.4,4,90.1,10,90.0,100,,,,,,,,,,,,,,,90.8,1,91.2,150,,,,,,,,,,,,,,,,
2026-07-01T04:00:59.603756+00:00,2026-07-01T04:00:59.597734,2,3,90.55,0.3,90.4,4,90.0,100,,,,,,,,,,,,,,,,,90.7,10,90.8,1,91.2,150,,,,,,,,,,,,,,
2026-07-01T04:01:00.108616+00:00,2026-07-01T04:01:00.105354,2,3,90.55,0.3,90.4,4,90.0,100,,,,,,,,,,,,,,,,,90.7,10,90.8,1,91.2,150,,,,,,,,,,,,,,
2026-07-01T04:01:00.149579+00:00,2026-07-01T04:01:00.148982,1,3,90.35,0.7,90.0,54,,,,,,,,,,,,,,,,,,,90.7,10,90.8,1,91.2,150,,,,,,,,,,,,,,
2026-07-01T04:01:00.364265+00:00,2026-07-01T04:01:00.361467,2,3,90.55,0.3,90.4,4,90.0,54,,,,,,,,,,,,,,,,,90.7,10,90.8,1,91.2,150,,,,,,,,,,,,,,
2026-07-01T04:01:00.622888+00:00,2026-07-01T04:01:00.615742,2,3,90.55,0.3,90.4,4,90.0,54,,,,,,,,,,,,,,,,,90.7,10,90.8,1,91.2,150,,,,,,,,,,,,,,
2026-07-01T04:01:00.972346+00:00,2026-07-01T04:01:00.967998,2,1,90.8,0.8,90.4,4,90.0,54,,,,,,,,,,,,,,,,,91.2,119,,,,,,,,,,,,,,,,,,
2026-07-01T04:01:01.477354+00:00,2026-07-01T04:01:01.472774,2,0,,,90.4,4,90.0,54,,,,,,,,,,,,,,,,,,,,,,,,,,,,,,,,,,,,
2026-07-01T04:01:01.528620+00:00,2026-07-01T04:01:01.525581,3,0,,,90.4,4,90.2,150,90.0,54,,,,,,,,,,,,,,,,,,,,,,,,,,,,,,,,,,
2026-07-01T04:01:01.579752+00:00,2026-07-01T04:01:01.578655,3,1,90.55,0.3,90.4,4,90.2,150,90.0,54,,,,,,,,,,,,,,,90.7,150,,,,,,,,,,,,,,,,,,
2026-07-01T04:01:01.661987+00:00,2026-07-01T04:01:01.656259,3,1,90.55,0.3,90.4,14,90.2,150,90.0,54,,,,,,,,,,,,,,,90.7,150,,,,,,,,,,,,,,,,,,
2026-07-01T04:01:02.093094+00:00,2026-07-01T04:01:02.090936,2,1,90.55,0.3,90.4,14,90.2,150,,,,,,,,,,,,,,,,,90.7,150,,,,,,,,,,,,,,,,,,
2026-07-01T04:01:02.144567+00:00,2026-07-01T04:01:02.143665,3,1,90.55,0.3,90.4,14,90.3,100,90.2,150,,,,,,,,,,,,,,,90.7,150,,,,,,,,,,,,,,,,,,
2026-07-01T04:01:02.165129+00:00,2026-07-01T04:01:02.163860,3,1,90.55,0.3,90.4,14,90.3,100,90.2,150,,,,,,,,,,,,,,,90.7,150,,,,,,,,,,,,,,,,,,
2026-07-01T04:01:02.206203+00:00,2026-07-01T04:01:02.196867,3,2,90.55,0.3,90.4,14,90.3,100,90.2,150,,,,,,,,,,,,,,,90.7,150,90.8,100,,,,,,,,,,,,,,,,
2026-07-01T04:01:02.288471+00:00,2026-07-01T04:01:02.286101,3,2,90.55,0.3,90.4,14,90.3,100,90.2,150,,,,,,,,,,,,,,,90.7,149,90.8,100,,,,,,,,,,,,,,,,
2026-07-01T04:01:02.670265+00:00,2026-07-01T04:01:02.668356,3,2,90.55,0.3,90.4,4,90.3,100,90.2,150,,,,,,,,,,,,,,,90.7,149,90.8,100,,,,,,,,,,,,,,,,
2026-07-01T04:01:02.680706+00:00,2026-07-01T04:01:02.671560,3,2,90.55,0.3,90.4,14,90.3,100,90.2,150,,,,,,,,,,,,,,,90.7,149,90.8,100,,,,,,,,,,,,,,,,
2026-07-01T04:01:03.186144+00:00,2026-07-01T04:01:03.179750,3,2,90.55,0.3,90.4,14,90.3,100,90.2,150,,,,,,,,,,,,,,,90.7,149,90.8,100,,,,,,,,,,,,,,,,
2026-07-01T04:01:03.370985+00:00,2026-07-01T04:01:03.363739,3,2,90.55,0.3,90.4,14,90.3,100,90.2,150,,,,,,,,,,,,,,,90.7,106,90.8,100,,,,,,,,,,,,,,,,
2026-07-01T04:01:03.690464+00:00,2026-07-01T04:01:03.687435,3,2,90.55,0.3,90.4,14,90.3,100,90.2,150,,,,,,,,,,,,,,,90.7,106,90.8,100,,,,,,,,,,,,,,,,
2026-07-01T04:01:04.238625+00:00,2026-07-01T04:01:04.235247,3,2,90.55,0.3,90.4,4,90.3,100,90.2,150,,,,,,,,,,,,,,,90.7,106,90.8,100,,,,,,,,,,,,,,,,
2026-07-01T04:01:04.310690+00:00,2026-07-01T04:01:04.310093,3,2,90.55,0.3,90.4,4,90.3,100,90.2,150,,,,,,,,,,,,,,,90.7,56,90.8,100,,,,,,,,,,,,,,,,
2026-07-01T04:01:04.641064+00:00,2026-07-01T04:01:04.634383,2,1,90.6,0.4,90.4,4,90.3,100,,,,,,,,,,,,,,,,,90.8,100,,,,,,,,,,,,,,,,,,
2026-07-01T04:01:04.713890+00:00,2026-07-01T04:01:04.704154,3,1,90.65,0.3,90.5,150,90.4,4,90.3,100,,,,,,,,,,,,,,,90.8,100,,,,,,,,,,,,,,,,,,
2026-07-01T04:01:04.755304+00:00,2026-07-01T04:01:04.745580,3,2,90.6,0.2,90.5,150,90.4,4,90.3,100,,,,,,,,,,,,,,,90.7,10,90.8,100,,,,,,,,,,,,,,,,
2026-07-01T04:01:04.765723+00:00,2026-07-01T04:01:04.759205,3,3,90.6,0.2,90.5,150,90.4,4,90.3,100,,,,,,,,,,,,,,,90.7,10,90.8,100,91.0,150,,,,,,,,,,,,,,
2026-07-01T04:01:05.254001+00:00,2026-07-01T04:01:05.253340,3,1,90.8,0.4,90.6,10,90.5,150,90.4,4,,,,,,,,,,,,,,,91.0,150,,,,,,,,,,,,,,,,,,
2026-07-01T04:01:05.316636+00:00,2026-07-01T04:01:05.308823,4,1,90.8,0.4,90.6,10,90.5,150,90.4,4,90.3,100,,,,,,,,,,,,,91.0,150,,,,,,,,,,,,,,,,,,
2026-07-01T04:01:05.379054+00:00,2026-07-01T04:01:05.373337,4,2,90.7,0.2,90.6,10,90.5,150,90.4,4,90.3,100,,,,,,,,,,,,,90.8,100,91.0,150,,,,,,,,,,,,,,,,
2026-07-01T04:01:05.761521+00:00,2026-07-01T04:01:05.758618,3,2,90.65,0.3,90.5,150,90.4,4,90.3,100,,,,,,,,,,,,,,,90.8,100,91.0,150,,,,,,,,,,,,,,,,
2026-07-01T04:01:05.771945+00:00,2026-07-01T04:01:05.764667,4,3,90.65,0.1,90.6,10,90.5,150,90.4,4,90.3,100,,,,,,,,,,,,,90.7,10,90.8,100,91.0,150,,,,,,,,,,,,,,
2026-07-01T04:01:06.278960+00:00,2026-07-01T04:01:06.276480,4,3,90.65,0.1,90.6,10,90.5,150,90.4,4,90.3,100,,,,,,,,,,,,,90.7,10,90.8,100,91.0,150,,,,,,,,,,,,,,
2026-07-01T04:01:06.422694+00:00,2026-07-01T04:01:06.419240,4,2,90.7,0.2,90.6,10,90.5,150,90.4,4,90.3,100,,,,,,,,,,,,,90.8,60,91.0,150,,,,,,,,,,,,,,,,
2026-07-01T04:01:06.784174+00:00,2026-07-01T04:01:06.781095,3,2,90.65,0.3,90.5,150,90.4,4,90.3,100,,,,,,,,,,,,,,,90.8,60,91.0,150,,,,,,,,,,,,,,,,
2026-07-01T04:01:06.794576+00:00,2026-07-01T04:01:06.789101,4,2,90.7,0.2,90.6,10,90.5,150,90.4,4,90.3,100,,,,,,,,,,,,,90.8,60,91.0,150,,,,,,,,,,,,,,,,
2026-07-01T04:01:07.299515+00:00,2026-07-01T04:01:07.297640,3,2,90.65,0.3,90.5,150,90.4,4,90.3,100,,,,,,,,,,,,,,,90.8,60,91.0,150,,,,,,,,,,,,,,,,
2026-07-01T04:01:07.309983+00:00,2026-07-01T04:01:07.300415,4,2,90.7,0.2,90.6,10,90.5,150,90.4,4,90.3,100,,,,,,,,,,,,,90.8,60,91.0,150,,,,,,,,,,,,,,,,
2026-07-01T04:01:07.382048+00:00,2026-07-01T04:01:07.376227,4,2,90.7,0.2,90.6,10,90.5,150,90.4,4,90.3,100,,,,,,,,,,,,,90.8,59,91.0,150,,,,,,,,,,,,,,,,
2026-07-01T04:01:07.816821+00:00,2026-07-01T04:01:07.814238,3,1,90.7,0.2,90.6,10,90.4,4,90.3,100,,,,,,,,,,,,,,,90.8,59,,,,,,,,,,,,,,,,,,
2026-07-01T04:01:07.868364+00:00,2026-07-01T04:01:07.867050,4,1,90.75,0.1,90.7,150,90.6,10,90.4,4,90.3,100,,,,,,,,,,,,,90.8,59,,,,,,,,,,,,,,,,,,
2026-07-01T04:01:07.920303+00:00,2026-07-01T04:01:07.919973,4,2,90.75,0.1,90.7,150,90.6,10,90.4,4,90.3,100,,,,,,,,,,,,,90.8,59,91.2,150,,,,,,,,,,,,,,,,
2026-07-01T04:01:08.345072+00:00,2026-07-01T04:01:08.344959,3,2,90.75,0.1,90.7,160,90.4,4,90.3,100,,,,,,,,,,,,,,,90.8,59,91.2,150,,,,,,,,,,,,,,,,
2026-07-01T04:01:08.427854+00:00,2026-07-01T04:01:08.427755,2,1,90.95,0.5,90.7,160,90.4,4,,,,,,,,,,,,,,,,,91.2,150,,,,,,,,,,,,,,,,,,
2026-07-01T04:01:08.490015+00:00,2026-07-01T04:01:08.480160,3,1,90.95,0.5,90.7,160,90.5,100,90.4,4,,,,,,,,,,,,,,,91.2,150,,,,,,,,,,,,,,,,,,
2026-07-01T04:01:08.541499+00:00,2026-07-01T04:01:08.532558,3,2,90.85,0.3,90.7,160,90.5,100,90.4,4,,,,,,,,,,,,,,,91.0,100,91.2,150,,,,,,,,,,,,,,,,
2026-07-01T04:01:08.582493+00:00,2026-07-01T04:01:08.578252,3,2,90.85,0.3,90.7,110,90.5,100,90.4,4,,,,,,,,,,,,,,,91.0,100,91.2,150,,,,,,,,,,,,,,,,
2026-07-01T04:01:08.850271+00:00,2026-07-01T04:01:08.848988,3,2,90.85,0.3,90.7,100,90.5,100,90.4,4,,,,,,,,,,,,,,,91.0,100,91.2,150,,,,,,,,,,,,,,,,
2026-07-01T04:01:08.860682+00:00,2026-07-01T04:01:08.852144,3,2,90.85,0.3,90.7,110,90.5,100,90.4,4,,,,,,,,,,,,,,,91.0,100,91.2,150,,,,,,,,,,,,,,,,
2026-07-01T04:01:09.356065+00:00,2026-07-01T04:01:09.355986,3,2,90.85,0.3,90.7,100,90.5,100,90.4,4,,,,,,,,,,,,,,,91.0,100,91.2,150,,,,,,,,,,,,,,,,
2026-07-01T04:01:09.862566+00:00,2026-07-01T04:01:09.862048,3,2,90.85,0.3,90.7,100,90.5,100,90.4,4,,,,,,,,,,,,,,,91.0,110,91.2,150,,,,,,,,,,,,,,,,
2026-07-01T04:01:10.378476+00:00,2026-07-01T04:01:10.374998,3,2,90.85,0.3,90.7,100,90.5,100,90.4,4,,,,,,,,,,,,,,,91.0,110,91.2,150,,,,,,,,,,,,,,,,
2026-07-01T04:01:10.688024+00:00,2026-07-01T04:01:10.685261,3,2,90.85,0.3,90.7,50,90.5,100,90.4,4,,,,,,,,,,,,,,,91.0,110,91.2,150,,,,,,,,,,,,,,,,
2026-07-01T04:01:10.884878+00:00,2026-07-01T04:01:10.883419,3,2,90.85,0.3,90.7,50,90.5,100,90.4,4,,,,,,,,,,,,,,,91.0,110,91.2,150,,,,,,,,,,,,,,,,
2026-07-01T04:01:10.977918+00:00,2026-07-01T04:01:10.974811,2,1,90.75,0.5,90.5,100,90.4,4,,,,,,,,,,,,,,,,,91.0,110,,,,,,,,,,,,,,,,,,
2026-07-01T04:01:11.029755+00:00,2026-07-01T04:01:11.026725,3,1,90.75,0.5,90.5,100,90.4,4,90.1,150,,,,,,,,,,,,,,,91.0,110,,,,,,,,,,,,,,,,,,
2026-07-01T04:01:11.081656+00:00,2026-07-01T04:01:11.079092,3,2,90.55,0.1,90.5,100,90.4,4,90.1,150,,,,,,,,,,,,,,,90.6,150,91.0,110,,,,,,,,,,,,,,,,
2026-07-01T04:01:11.391590+00:00,2026-07-01T04:01:11.389873,3,2,90.55,0.1,90.5,110,90.4,4,90.1,150,,,,,,,,,,,,,,,90.6,150,91.0,100,,,,,,,,,,,,,,,,
2026-07-01T04:01:11.589137+00:00,2026-07-01T04:01:11.586745,3,1,90.55,0.1,90.5,10,90.4,4,90.1,150,,,,,,,,,,,,,,,90.6,150,,,,,,,,,,,,,,,,,,
2026-07-01T04:01:11.640624+00:00,2026-07-01T04:01:11.638876,4,1,90.55,0.1,90.5,10,90.4,4,90.3,100,90.1,150,,,,,,,,,,,,,90.6,150,,,,,,,,,,,,,,,,,,
2026-07-01T04:01:11.692319+00:00,2026-07-01T04:01:11.691230,4,2,90.55,0.1,90.5,10,90.4,4,90.3,100,90.1,150,,,,,,,,,,,,,90.6,150,90.8,100,,,,,,,,,,,,,,,,
2026-07-01T04:01:11.744292+00:00,2026-07-01T04:01:11.735680,4,2,90.55,0.1,90.5,10,90.4,3,90.3,100,90.1,150,,,,,,,,,,,,,90.6,150,90.8,100,,,,,,,,,,,,,,,,
2026-07-01T04:01:11.805047+00:00,2026-07-01T04:01:11.804080,4,2,90.55,0.1,90.5,1,90.4,3,90.3,100,90.1,150,,,,,,,,,,,,,90.6,150,90.8,100,,,,,,,,,,,,,,,,
2026-07-01T04:01:11.897944+00:00,2026-07-01T04:01:11.897700,3,2,90.5,0.2,90.4,4,90.3,100,90.1,150,,,,,,,,,,,,,,,90.6,150,90.8,100,,,,,,,,,,,,,,,,
2026-07-01T04:01:11.908295+00:00,2026-07-01T04:01:11.900433,3,2,90.5,0.2,90.4,4,90.3,100,90.1,150,,,,,,,,,,,,,,,90.6,160,90.8,100,,,,,,,,,,,,,,,,
2026-07-01T04:01:12.176532+00:00,2026-07-01T04:01:12.171179,2,2,90.45,0.3,90.3,60,90.1,150,,,,,,,,,,,,,,,,,90.6,160,90.8,100,,,,,,,,,,,,,,,,
2026-07-01T04:01:12.403363+00:00,2026-07-01T04:01:12.393353,2,2,90.45,0.3,90.3,60,90.1,150,,,,,,,,,,,,,,,,,90.6,159,90.8,100,,,,,,,,,,,,,,,,
2026-07-01T04:01:12.413617+00:00,2026-07-01T04:01:12.412956,2,2,90.45,0.3,90.3,60,90.1,150,,,,,,,,,,,,,,,,,90.6,149,90.8,100,,,,,,,,,,,,,,,,
2026-07-01T04:01:12.423937+00:00,2026-07-01T04:01:12.416112,2,2,90.45,0.3,90.3,60,90.1,150,,,,,,,,,,,,,,,,,90.6,159,90.8,100,,,,,,,,,,,,,,,,
2026-07-01T04:01:12.794721+00:00,2026-07-01T04:01:12.792261,2,2,90.45,0.3,90.3,10,90.1,150,,,,,,,,,,,,,,,,,90.6,159,90.8,100,,,,,,,,,,,,,,,,
2026-07-01T04:01:12.928270+00:00,2026-07-01T04:01:12.924788,2,2,90.45,0.3,90.3,10,90.1,150,,,,,,,,,,,,,,,,,90.6,149,90.8,100,,,,,,,,,,,,,,,,
2026-07-01T04:01:12.938604+00:00,2026-07-01T04:01:12.928547,2,2,90.45,0.3,90.3,10,90.1,150,,,,,,,,,,,,,,,,,90.6,159,90.8,100,,,,,,,,,,,,,,,,
2026-07-01T04:01:13.442884+00:00,2026-07-01T04:01:13.437929,2,2,90.45,0.3,90.3,20,90.1,150,,,,,,,,,,,,,,,,,90.6,149,90.8,100,,,,,,,,,,,,,,,,
2026-07-01T04:01:13.949429+00:00,2026-07-01T04:01:13.944191,2,2,90.45,0.3,90.3,20,90.1,150,,,,,,,,,,,,,,,,,90.6,149,90.8,100,,,,,,,,,,,,,,,,
2026-07-01T04:01:14.135119+00:00,2026-07-01T04:01:14.133744,1,1,90.55,0.5,90.3,20,,,,,,,,,,,,,,,,,,,90.8,100,,,,,,,,,,,,,,,,,,
2026-07-01T04:01:14.186890+00:00,2026-07-01T04:01:14.186715,2,1,90.55,0.5,90.3,20,90.1,150,,,,,,,,,,,,,,,,,90.8,100,,,,,,,,,,,,,,,,,,
2026-07-01T04:01:14.248567+00:00,2026-07-01T04:01:14.240440,2,2,90.45,0.3,90.3,20,90.1,150,,,,,,,,,,,,,,,,,90.6,150,90.8,100,,,,,,,,,,,,,,,,
2026-07-01T04:01:14.456232+00:00,2026-07-01T04:01:14.450902,2,2,90.45,0.3,90.3,20,90.1,150,,,,,,,,,,,,,,,,,90.6,150,90.8,100,,,,,,,,,,,,,,,,
2026-07-01T04:01:14.745150+00:00,2026-07-01T04:01:14.744930,2,1,90.45,0.3,90.3,20,90.1,150,,,,,,,,,,,,,,,,,90.6,150,,,,,,,,,,,,,,,,,,
2026-07-01T04:01:14.755608+00:00,2026-07-01T04:01:14.746138,2,1,90.45,0.3,90.3,10,90.1,150,,,,,,,,,,,,,,,,,90.6,150,,,,,,,,,,,,,,,,,,
2026-07-01T04:01:14.800895+00:00,2026-07-01T04:01:14.799903,3,1,90.45,0.3,90.3,10,90.1,150,90.0,100,,,,,,,,,,,,,,,90.6,150,,,,,,,,,,,,,,,,,,
2026-07-01T04:01:14.852543+00:00,2026-07-01T04:01:14.851128,3,2,90.4,0.2,90.3,10,90.1,150,90.0,100,,,,,,,,,,,,,,,90.5,100,90.6,150,,,,,,,,,,,,,,,,
2026-07-01T04:01:14.904161+00:00,2026-07-01T04:01:14.901613,2,2,90.3,0.4,90.1,110,90.0,100,,,,,,,,,,,,,,,,,90.5,100,90.6,150,,,,,,,,,,,,,,,,
2026-07-01T04:01:14.965971+00:00,2026-07-01T04:01:14.959079,3,2,90.35,0.3,90.2,10,90.1,110,90.0,100,,,,,,,,,,,,,,,90.5,100,90.6,150,,,,,,,,,,,,,,,,
2026-07-01T04:01:15.136751+00:00,2026-07-01T04:01:15.135648,3,2,90.35,0.3,90.2,10,90.1,110,90.0,100,,,,,,,,,,,,,,,90.5,88,90.6,150,,,,,,,,,,,,,,,,
2026-07-01T04:01:15.477880+00:00,2026-07-01T04:01:15.470241,3,2,90.35,0.3,90.2,10,90.1,110,90.0,100,,,,,,,,,,,,,,,90.5,88,90.6,150,,,,,,,,,,,,,,,,
2026-07-01T04:01:15.983796+00:00,2026-07-01T04:01:15.977987,2,3,90.25,0.3,90.1,110,90.0,100,,,,,,,,,,,,,,,,,90.4,10,90.5,88,90.6,150,,,,,,,,,,,,,,
2026-07-01T04:01:16.127555+00:00,2026-07-01T04:01:16.125817,2,3,90.25,0.3,90.1,62,90.0,100,,,,,,,,,,,,,,,,,90.4,10,90.5,88,90.6,150,,,,,,,,,,,,,,
2026-07-01T04:01:16.490238+00:00,2026-07-01T04:01:16.486592,3,2,90.35,0.3,90.2,10,90.1,62,90.0,100,,,,,,,,,,,,,,,90.5,88,90.6,150,,,,,,,,,,,,,,,,
2026-07-01T04:01:16.997762+00:00,2026-07-01T04:01:16.991524,2,2,90.3,0.4,90.1,62,90.0,100,,,,,,,,,,,,,,,,,90.5,88,90.6,150,,,,,,,,,,,,,,,,
2026-07-01T04:01:17.008173+00:00,2026-07-01T04:01:16.998258,2,3,90.25,0.3,90.1,62,90.0,100,,,,,,,,,,,,,,,,,90.4,10,90.5,88,90.6,150,,,,,,,,,,,,,,
2026-07-01T04:01:17.297023+00:00,2026-07-01T04:01:17.295472,1,2,90.2,0.4,90.0,100,,,,,,,,,,,,,,,,,,,90.4,10,90.5,88,,,,,,,,,,,,,,,,
2026-07-01T04:01:17.348892+00:00,2026-07-01T04:01:17.347796,2,2,90.2,0.4,90.0,100,89.6,150,,,,,,,,,,,,,,,,,90.4,10,90.5,88,,,,,,,,,,,,,,,,
2026-07-01T04:01:17.435911+00:00,2026-07-01T04:01:17.434836,2,3,90.05,0.1,90.0,100,89.6,150,,,,,,,,,,,,,,,,,90.1,128,90.4,10,90.5,88,,,,,,,,,,,,,,
2026-07-01T04:01:17.488361+00:00,2026-07-01T04:01:17.478838,2,3,90.05,0.1,90.0,100,89.6,150,,,,,,,,,,,,,,,,,90.1,127,90.4,10,90.5,88,,,,,,,,,,,,,,
2026-07-01T04:01:17.509188+00:00,2026-07-01T04:01:17.504684,2,2,90.05,0.1,90.0,110,89.6,150,,,,,,,,,,,,,,,,,90.1,127,90.5,88,,,,,,,,,,,,,,,,
2026-07-01T04:01:17.530829+00:00,2026-07-01T04:01:17.530082,2,2,90.05,0.1,90.0,110,89.6,150,,,,,,,,,,,,,,,,,90.1,118,90.5,88,,,,,,,,,,,,,,,,
2026-07-01T04:01:17.553666+00:00,2026-07-01T04:01:17.552773,2,2,90.05,0.1,90.0,110,89.6,150,,,,,,,,,,,,,,,,,90.1,115,90.5,88,,,,,,,,,,,,,,,,
2026-07-01T04:01:17.914151+00:00,2026-07-01T04:01:17.907553,2,1,90.05,0.1,90.0,10,89.6,150,,,,,,,,,,,,,,,,,90.1,115,,,,,,,,,,,,,,,,,,
2026-07-01T04:01:17.966072+00:00,2026-07-01T04:01:17.959503,2,1,90.05,0.1,90.0,110,89.6,150,,,,,,,,,,,,,,,,,90.1,115,,,,,,,,,,,,,,,,,,
2026-07-01T04:01:18.018005+00:00,2026-07-01T04:01:18.015225,2,2,90.05,0.1,90.0,110,89.6,150,,,,,,,,,,,,,,,,,90.1,115,90.5,100,,,,,,,,,,,,,,,,
2026-07-01T04:01:18.522558+00:00,2026-07-01T04:01:18.519252,2,2,90.05,0.1,90.0,100,89.6,150,,,,,,,,,,,,,,,,,90.1,115,90.5,100,,,,,,,,,,,,,,,,
2026-07-01T04:01:18.532953+00:00,2026-07-01T04:01:18.526288,2,2,90.05,0.1,90.0,110,89.6,150,,,,,,,,,,,,,,,,,90.1,115,90.5,100,,,,,,,,,,,,,,,,
2026-07-01T04:01:19.040692+00:00,2026-07-01T04:01:19.037009,2,2,90.05,0.1,90.0,110,89.6,150,,,,,,,,,,,,,,,,,90.1,115,90.5,100,,,,,,,,,,,,,,,,
2026-07-01T04:01:19.061477+00:00,2026-07-01T04:01:19.059304,2,2,90.05,0.1,90.0,110,89.6,150,,,,,,,,,,,,,,,,,90.1,65,90.5,100,,,,,,,,,,,,,,,,
2026-07-01T04:01:19.544850+00:00,2026-07-01T04:01:19.543514,2,2,90.05,0.1,90.0,110,89.6,150,,,,,,,,,,,,,,,,,90.1,65,90.5,100,,,,,,,,,,,,,,,,
2026-07-01T04:01:20.051664+00:00,2026-07-01T04:01:20.049411,2,2,90.05,0.1,90.0,110,89.6,150,,,,,,,,,,,,,,,,,90.1,65,90.5,100,,,,,,,,,,,,,,,,
2026-07-01T04:01:20.462312+00:00,2026-07-01T04:01:20.460942,2,1,90.25,0.5,90.0,110,89.6,150,,,,,,,,,,,,,,,,,90.5,100,,,,,,,,,,,,,,,,,,
2026-07-01T04:01:20.472590+00:00,2026-07-01T04:01:20.462550,1,1,90.25,0.5,90.0,110,,,,,,,,,,,,,,,,,,,90.5,100,,,,,,,,,,,,,,,,,,
2026-07-01T04:01:20.523725+00:00,2026-07-01T04:01:20.516169,1,1,90.25,0.5,90.0,260,,,,,,,,,,,,,,,,,,,90.5,100,,,,,,,,,,,,,,,,,,
2026-07-01T04:01:20.554461+00:00,2026-07-01T04:01:20.553079,1,1,90.25,0.5,90.0,250,,,,,,,,,,,,,,,,,,,90.5,100,,,,,,,,,,,,,,,,,,
2026-07-01T04:01:20.574999+00:00,2026-07-01T04:01:20.568778,1,1,90.25,0.5,90.0,250,,,,,,,,,,,,,,,,,,,90.5,250,,,,,,,,,,,,,,,,,,
2026-07-01T04:01:21.069365+00:00,2026-07-01T04:01:21.069151,1,1,90.25,0.5,90.0,150,,,,,,,,,,,,,,,,,,,90.5,150,,,,,,,,,,,,,,,,,,
2026-07-01T04:01:21.131392+00:00,2026-07-01T04:01:21.121558,2,1,90.25,0.5,90.0,150,89.9,100,,,,,,,,,,,,,,,,,90.5,150,,,,,,,,,,,,,,,,,,
2026-07-01T04:01:21.172355+00:00,2026-07-01T04:01:21.167133,2,1,90.25,0.5,90.0,150,89.9,100,,,,,,,,,,,,,,,,,90.5,100,,,,,,,,,,,,,,,,,,
2026-07-01T04:01:21.192954+00:00,2026-07-01T04:01:21.183512,2,2,90.2,0.4,90.0,150,89.9,100,,,,,,,,,,,,,,,,,90.4,100,90.5,100,,,,,,,,,,,,,,,,
2026-07-01T04:01:21.561638+00:00,2026-07-01T04:01:21.561579,3,2,90.25,0.3,90.1,10,90.0,150,89.9,100,,,,,,,,,,,,,,,90.4,100,90.5,100,,,,,,,,,,,,,,,,
2026-07-01T04:01:21.571920+00:00,2026-07-01T04:01:21.566130,3,3,90.25,0.3,90.1,10,90.0,150,89.9,100,,,,,,,,,,,,,,,90.4,100,90.5,100,90.6,6,,,,,,,,,,,,,,
2026-07-01T04:01:21.962409+00:00,2026-07-01T04:01:21.960004,3,3,90.25,0.3,90.1,10,90.0,150,89.9,100,,,,,,,,,,,,,,,90.4,100,90.5,100,90.6,5,,,,,,,,,,,,,,
2026-07-01T04:01:21.983204+00:00,2026-07-01T04:01:21.982274,3,3,90.25,0.3,90.1,10,90.0,150,89.9,100,,,,,,,,,,,,,,,90.4,100,90.5,100,90.6,5,,,,,,,,,,,,,,
2026-07-01T04:01:22.075909+00:00,2026-07-01T04:01:22.071303,3,3,90.25,0.3,90.1,10,90.0,150,89.9,100,,,,,,,,,,,,,,,90.4,100,90.5,100,90.6,5,,,,,,,,,,,,,,
2026-07-01T04:01:22.579605+00:00,2026-07-01T04:01:22.578220,2,3,90.2,0.4,90.0,150,89.9,100,,,,,,,,,,,,,,,,,90.4,99,90.5,100,90.6,5,,,,,,,,,,,,,,
2026-07-01T04:01:22.589912+00:00,2026-07-01T04:01:22.580786,3,3,90.25,0.3,90.1,10,90.0,150,89.9,100,,,,,,,,,,,,,,,90.4,99,90.5,100,90.6,5,,,,,,,,,,,,,,
2026-07-01T04:01:22.641117+00:00,2026-07-01T04:01:22.639544,3,3,90.25,0.3,90.1,10,90.0,150,89.9,100,,,,,,,,,,,,,,,90.4,99,90.5,100,90.6,2,,,,,,,,,,,,,,
2026-07-01T04:01:23.085333+00:00,2026-07-01T04:01:23.085063,2,3,90.2,0.4,90.0,150,89.9,100,,,,,,,,,,,,,,,,,90.4,99,90.5,100,90.6,2,,,,,,,,,,,,,,
2026-07-01T04:01:23.095643+00:00,2026-07-01T04:01:23.087884,3,3,90.25,0.3,90.1,10,90.0,150,89.9,100,,,,,,,,,,,,,,,90.4,99,90.5,100,90.6,2,,,,,,,,,,,,,,
2026-07-01T04:01:23.281219+00:00,2026-07-01T04:01:23.275024,3,3,90.25,0.3,90.1,10,90.0,150,89.9,100,,,,,,,,,,,,,,,90.4,49,90.5,100,90.6,2,,,,,,,,,,,,,,
2026-07-01T04:01:23.612807+00:00,2026-07-01T04:01:23.608746,3,3,90.25,0.3,90.1,10,90.0,150,89.9,100,,,,,,,,,,,,,,,90.4,49,90.5,100,90.6,2,,,,,,,,,,,,,,
2026-07-01T04:01:23.633432+00:00,2026-07-01T04:01:23.626061,2,2,90.25,0.3,90.1,10,89.9,100,,,,,,,,,,,,,,,,,90.4,49,90.6,2,,,,,,,,,,,,,,,,
2026-07-01T04:01:23.685073+00:00,2026-07-01T04:01:23.677830,3,2,90.3,0.2,90.2,150,90.1,10,89.9,100,,,,,,,,,,,,,,,90.4,49,90.6,2,,,,,,,,,,,,,,,,
2026-07-01T04:01:23.736462+00:00,2026-07-01T04:01:23.729810,3,3,90.3,0.2,90.2,150,90.1,10,89.9,100,,,,,,,,,,,,,,,90.4,49,90.6,2,90.7,150,,,,,,,,,,,,,,
2026-07-01T04:01:23.819307+00:00,2026-07-01T04:01:23.817650,3,3,90.3,0.2,90.2,150,90.1,10,89.9,100,,,,,,,,,,,,,,,90.4,49,90.6,1,90.7,150,,,,,,,,,,,,,,
2026-07-01T04:01:24.118997+00:00,2026-07-01T04:01:24.115592,2,3,90.3,0.2,90.2,160,89.9,100,,,,,,,,,,,,,,,,,90.4,49,90.6,1,90.7,150,,,,,,,,,,,,,,
2026-07-01T04:01:24.242277+00:00,2026-07-01T04:01:24.238626,1,2,90.4,0.4,90.2,160,,,,,,,,,,,,,,,,,,,90.6,1,90.7,150,,,,,,,,,,,,,,,,
2026-07-01T04:01:24.293707+00:00,2026-07-01T04:01:24.291572,1,2,90.4,0.4,90.2,260,,,,,,,,,,,,,,,,,,,90.6,1,90.7,150,,,,,,,,,,,,,,,,
2026-07-01T04:01:24.345619+00:00,2026-07-01T04:01:24.344149,1,2,90.4,0.4,90.2,260,,,,,,,,,,,,,,,,,,,90.6,101,90.7,150,,,,,,,,,,,,,,,,
2026-07-01T04:01:24.624005+00:00,2026-07-01T04:01:24.620250,1,2,90.4,0.4,90.2,250,,,,,,,,,,,,,,,,,,,90.6,101,90.7,150,,,,,,,,,,,,,,,,
2026-07-01T04:01:25.131737+00:00,2026-07-01T04:01:25.126462,2,2,90.45,0.3,90.3,10,90.2,250,,,,,,,,,,,,,,,,,90.6,101,90.7,150,,,,,,,,,,,,,,,,
2026-07-01T04:01:25.390494+00:00,2026-07-01T04:01:25.383899,2,2,90.45,0.3,90.3,10,90.2,250,,,,,,,,,,,,,,,,,90.6,51,90.7,150,,,,,,,,,,,,,,,,
2026-07-01T04:01:25.638168+00:00,2026-07-01T04:01:25.632680,2,2,90.45,0.3,90.3,10,90.2,250,,,,,,,,,,,,,,,,,90.6,51,90.7,150,,,,,,,,,,,,,,,,
2026-07-01T04:01:26.144367+00:00,2026-07-01T04:01:26.140098,2,2,90.45,0.3,90.3,10,90.2,250,,,,,,,,,,,,,,,,,90.6,51,90.7,150,,,,,,,,,,,,,,,,
2026-07-01T04:01:26.206481+00:00,2026-07-01T04:01:26.201909,2,2,90.45,0.3,90.3,14,90.2,250,,,,,,,,,,,,,,,,,90.6,51,90.7,150,,,,,,,,,,,,,,,,
2026-07-01T04:01:26.650108+00:00,2026-07-01T04:01:26.649650,2,2,90.45,0.3,90.3,14,90.2,250,,,,,,,,,,,,,,,,,90.6,51,90.7,150,,,,,,,,,,,,,,,,
2026-07-01T04:01:26.681240+00:00,2026-07-01T04:01:26.671192,2,2,90.45,0.3,90.3,14,90.2,250,,,,,,,,,,,,,,,,,90.6,52,90.7,150,,,,,,,,,,,,,,,,
2026-07-01T04:01:26.794747+00:00,2026-07-01T04:01:26.786728,2,1,90.45,0.3,90.3,14,90.2,100,,,,,,,,,,,,,,,,,90.6,52,,,,,,,,,,,,,,,,,,
2026-07-01T04:01:26.846303+00:00,2026-07-01T04:01:26.839247,3,1,90.5,0.2,90.4,150,90.3,14,90.2,100,,,,,,,,,,,,,,,90.6,52,,,,,,,,,,,,,,,,,,
2026-07-01T04:01:26.897920+00:00,2026-07-01T04:01:26.895611,3,2,90.5,0.2,90.4,150,90.3,14,90.2,100,,,,,,,,,,,,,,,90.6,52,90.9,150,,,,,,,,,,,,,,,,
2026-07-01T04:01:27.114749+00:00,2026-07-01T04:01:27.108367,3,2,90.5,0.2,90.4,150,90.3,13,90.2,100,,,,,,,,,,,,,,,90.6,52,90.9,150,,,,,,,,,,,,,,,,
2026-07-01T04:01:27.156249+00:00,2026-07-01T04:01:27.153948,3,2,90.5,0.2,90.4,150,90.3,3,90.2,100,,,,,,,,,,,,,,,90.6,52,90.9,150,,,,,,,,,,,,,,,,
2026-07-01T04:01:27.166610+00:00,2026-07-01T04:01:27.157237,3,2,90.5,0.2,90.4,160,90.3,3,90.2,100,,,,,,,,,,,,,,,90.6,52,90.9,150,,,,,,,,,,,,,,,,
2026-07-01T04:01:27.403592+00:00,2026-07-01T04:01:27.399988,2,2,90.5,0.2,90.4,160,90.3,3,,,,,,,,,,,,,,,,,90.6,1,90.9,150,,,,,,,,,,,,,,,,
2026-07-01T04:01:27.467881+00:00,2026-07-01T04:01:27.466805,3,2,90.55,0.1,90.5,89,90.4,160,90.3,3,,,,,,,,,,,,,,,90.6,1,90.9,150,,,,,,,,,,,,,,,,
2026-07-01T04:01:27.498871+00:00,2026-07-01T04:01:27.494075,3,1,90.7,0.4,90.5,89,90.4,160,90.3,3,,,,,,,,,,,,,,,90.9,101,,,,,,,,,,,,,,,,,,
2026-07-01T04:01:27.509176+00:00,2026-07-01T04:01:27.505670,3,2,90.7,0.4,90.5,89,90.4,160,90.3,3,,,,,,,,,,,,,,,90.9,101,91.0,100,,,,,,,,,,,,,,,,
2026-07-01T04:01:27.601390+00:00,2026-07-01T04:01:27.596697,3,2,90.7,0.4,90.5,89,90.4,160,90.3,3,,,,,,,,,,,,,,,90.9,100,91.0,100,,,,,,,,,,,,,,,,
2026-07-01T04:01:27.662769+00:00,2026-07-01T04:01:27.661082,3,2,90.7,0.4,90.5,89,90.4,150,90.3,3,,,,,,,,,,,,,,,90.9,100,91.0,100,,,,,,,,,,,,,,,,
2026-07-01T04:01:27.673035+00:00,2026-07-01T04:01:27.664163,3,3,90.65,0.3,90.5,89,90.4,150,90.3,3,,,,,,,,,,,,,,,90.8,10,90.9,100,91.0,100,,,,,,,,,,,,,,
2026-07-01T04:01:27.704038+00:00,2026-07-01T04:01:27.695974,3,4,90.55,0.1,90.5,89,90.4,150,90.3,3,,,,,,,,,,,,,,,90.6,3,90.8,10,90.9,100,91.0,100,,,,,,,,,,,,
2026-07-01T04:01:28.176156+00:00,2026-07-01T04:01:28.175820,3,3,90.55,0.1,90.5,99,90.4,150,90.3,3,,,,,,,,,,,,,,,90.6,13,90.9,100,91.0,100,,,,,,,,,,,,,,
2026-07-01T04:01:28.659405+00:00,2026-07-01T04:01:28.653189,3,3,90.55,0.1,90.5,99,90.4,150,90.3,3,,,,,,,,,,,,,,,90.6,12,90.9,100,91.0,100,,,,,,,,,,,,,,
2026-07-01T04:01:28.679915+00:00,2026-07-01T04:01:28.679848,3,3,90.55,0.1,90.5,99,90.4,150,90.3,3,,,,,,,,,,,,,,,90.6,2,90.9,100,91.0,100,,,,,,,,,,,,,,
2026-07-01T04:01:28.690219+00:00,2026-07-01T04:01:28.687477,3,3,90.55,0.1,90.5,99,90.4,150,90.3,3,,,,,,,,,,,,,,,90.6,12,90.9,100,91.0,100,,,,,,,,,,,,,,
2026-07-01T04:01:29.195370+00:00,2026-07-01T04:01:29.194653,3,3,90.55,0.1,90.5,99,90.4,150,90.3,3,,,,,,,,,,,,,,,90.6,2,90.9,100,91.0,100,,,,,,,,,,,,,,
2026-07-01T04:01:29.205821+00:00,2026-07-01T04:01:29.198783,3,3,90.55,0.1,90.5,89,90.4,150,90.3,3,,,,,,,,,,,,,,,90.6,12,90.9,100,91.0,100,,,,,,,,,,,,,,
2026-07-01T04:01:29.610197+00:00,2026-07-01T04:01:29.604867,3,2,90.7,0.4,90.5,89,90.4,150,90.3,3,,,,,,,,,,,,,,,90.9,62,91.0,100,,,,,,,,,,,,,,,,
2026-07-01T04:01:29.671341+00:00,2026-07-01T04:01:29.670470,3,2,90.7,0.4,90.5,78,90.4,150,90.3,3,,,,,,,,,,,,,,,90.9,62,91.0,100,,,,,,,,,,,,,,,,
2026-07-01T04:01:29.692286+00:00,2026-07-01T04:01:29.682480,3,2,90.7,0.4,90.5,78,90.4,150,90.3,3,,,,,,,,,,,,,,,90.9,22,91.0,100,,,,,,,,,,,,,,,,
2026-07-01T04:01:29.712912+00:00,2026-07-01T04:01:29.704272,3,3,90.65,0.3,90.5,78,90.4,150,90.3,3,,,,,,,,,,,,,,,90.8,10,90.9,22,91.0,100,,,,,,,,,,,,,,
2026-07-01T04:01:29.951425+00:00,2026-07-01T04:01:29.950194,3,2,90.65,0.3,90.5,78,90.4,150,90.3,3,,,,,,,,,,,,,,,90.8,10,91.0,100,,,,,,,,,,,,,,,,
2026-07-01T04:01:29.961738+00:00,2026-07-01T04:01:29.951980,2,2,90.65,0.3,90.5,78,90.3,3,,,,,,,,,,,,,,,,,90.8,10,91.0,100,,,,,,,,,,,,,,,,
2026-07-01T04:01:30.023330+00:00,2026-07-01T04:01:30.022299,3,1,90.9,0.2,90.8,106,90.5,78,90.3,3,,,,,,,,,,,,,,,91.0,100,,,,,,,,,,,,,,,,,,
2026-07-01T04:01:30.064892+00:00,2026-07-01T04:01:30.059174,3,2,90.9,0.2,90.8,106,90.5,78,90.3,3,,,,,,,,,,,,,,,91.0,100,91.3,150,,,,,,,,,,,,,,,,
2026-07-01T04:01:30.148733+00:00,2026-07-01T04:01:30.147144,3,2,90.9,0.2,90.8,94,90.5,78,90.3,3,,,,,,,,,,,,,,,91.0,100,91.3,150,,,,,,,,,,,,,,,,
2026-07-01T04:01:30.220909+00:00,2026-07-01T04:01:30.216172,3,2,90.9,0.2,90.8,94,90.5,78,90.3,3,,,,,,,,,,,,,,,91.0,110,91.3,150,,,,,,,,,,,,,,,,
2026-07-01T04:01:30.303251+00:00,2026-07-01T04:01:30.294330,3,2,90.9,0.2,90.8,93,90.5,78,90.3,3,,,,,,,,,,,,,,,91.0,110,91.3,150,,,,,,,,,,,,,,,,
2026-07-01T04:01:30.562239+00:00,2026-07-01T04:01:30.560401,2,2,90.9,0.2,90.8,93,90.3,3,,,,,,,,,,,,,,,,,91.0,10,91.3,150,,,,,,,,,,,,,,,,
2026-07-01T04:01:30.624143+00:00,2026-07-01T04:01:30.614171,3,2,90.9,0.2,90.8,93,90.3,3,90.2,100,,,,,,,,,,,,,,,91.0,10,91.3,150,,,,,,,,,,,,,,,,
2026-07-01T04:01:30.676296+00:00,2026-07-01T04:01:30.667266,2,3,90.5,0.4,90.3,3,90.2,100,,,,,,,,,,,,,,,,,90.7,7,91.0,10,91.3,150,,,,,,,,,,,,,,
2026-07-01T04:01:30.728548+00:00,2026-07-01T04:01:30.727001,2,2,90.5,0.4,90.3,3,90.2,100,,,,,,,,,,,,,,,,,90.7,7,91.3,150,,,,,,,,,,,,,,,,
2026-07-01T04:01:30.738969+00:00,2026-07-01T04:01:30.730026,3,2,90.55,0.3,90.4,10,90.3,3,90.2,100,,,,,,,,,,,,,,,90.7,7,91.3,150,,,,,,,,,,,,,,,,
2026-07-01T04:01:31.244582+00:00,2026-07-01T04:01:31.234778,2,2,90.5,0.4,90.3,3,90.2,100,,,,,,,,,,,,,,,,,90.7,7,91.3,150,,,,,,,,,,,,,,,,
2026-07-01T04:01:31.337472+00:00,2026-07-01T04:01:31.327576,2,2,90.5,0.4,90.3,3,90.2,100,,,,,,,,,,,,,,,,,90.7,8,91.3,150,,,,,,,,,,,,,,,,
2026-07-01T04:01:31.451853+00:00,2026-07-01T04:01:31.441968,2,2,90.5,0.4,90.3,3,90.2,100,,,,,,,,,,,,,,,,,90.7,7,91.3,150,,,,,,,,,,,,,,,,
2026-07-01T04:01:31.750672+00:00,2026-07-01T04:01:31.740882,3,2,90.55,0.3,90.4,10,90.3,3,90.2,100,,,,,,,,,,,,,,,90.7,7,91.3,150,,,,,,,,,,,,,,,,
2026-07-01T04:01:32.081827+00:00,2026-07-01T04:01:32.080899,3,1,90.85,0.9,90.4,10,90.3,3,90.2,100,,,,,,,,,,,,,,,91.3,150,,,,,,,,,,,,,,,,,,
2026-07-01T04:01:32.246507+00:00,2026-07-01T04:01:32.245403,2,1,90.8,1.0,90.3,3,90.2,100,,,,,,,,,,,,,,,,,91.3,150,,,,,,,,,,,,,,,,,,
2026-07-01T04:01:33.121878+00:00,2026-07-01T04:01:33.112556,2,0,,,90.3,3,90.2,100,,,,,,,,,,,,,,,,,,,,,,,,,,,,,,,,,,,,
2026-07-01T04:01:33.173820+00:00,2026-07-01T04:01:33.166939,2,0,,,90.3,3,90.2,250,,,,,,,,,,,,,,,,,,,,,,,,,,,,,,,,,,,,
2026-07-01T04:01:33.235675+00:00,2026-07-01T04:01:33.234637,2,1,90.5,0.4,90.3,3,90.2,250,,,,,,,,,,,,,,,,,90.7,145,,,,,,,,,,,,,,,,,,
2026-07-01T04:01:33.256411+00:00,2026-07-01T04:01:33.255360,3,1,90.55,0.3,90.4,10,90.3,3,90.2,250,,,,,,,,,,,,,,,90.7,145,,,,,,,,,,,,,,,,,,
2026-07-01T04:01:33.753046+00:00,2026-07-01T04:01:33.750515,3,1,90.55,0.3,90.4,10,90.3,3,90.2,150,,,,,,,,,,,,,,,90.7,145,,,,,,,,,,,,,,,,,,
2026-07-01T04:01:33.763566+00:00,2026-07-01T04:01:33.758899,2,1,90.5,0.4,90.3,3,90.2,150,,,,,,,,,,,,,,,,,90.7,145,,,,,,,,,,,,,,,,,,
2026-07-01T04:01:33.805244+00:00,2026-07-01T04:01:33.803005,2,1,90.5,0.4,90.3,3,90.2,150,,,,,,,,,,,,,,,,,90.7,45,,,,,,,,,,,,,,,,,,
2026-07-01T04:01:33.825912+00:00,2026-07-01T04:01:33.816089,2,0,,,90.3,3,90.2,150,,,,,,,,,,,,,,,,,,,,,,,,,,,,,,,,,,,,
2026-07-01T04:01:33.867102+00:00,2026-07-01T04:01:33.857366,2,1,90.75,0.9,90.3,3,90.2,150,,,,,,,,,,,,,,,,,91.2,100,,,,,,,,,,,,,,,,,,
2026-07-01T04:01:34.268339+00:00,2026-07-01T04:01:34.264739,2,2,90.7,0.8,90.3,3,90.2,150,,,,,,,,,,,,,,,,,91.1,10,91.2,100,,,,,,,,,,,,,,,,
2026-07-01T04:01:34.309239+00:00,2026-07-01T04:01:34.306855,2,2,90.7,0.8,90.3,2,90.2,150,,,,,,,,,,,,,,,,,91.1,10,91.2,100,,,,,,,,,,,,,,,,
2026-07-01T04:01:34.773922+00:00,2026-07-01T04:01:34.771574,2,2,90.7,0.8,90.3,2,90.2,150,,,,,,,,,,,,,,,,,91.1,10,91.2,100,,,,,,,,,,,,,,,,
2026-07-01T04:01:35.282638+00:00,2026-07-01T04:01:35.279825,2,2,90.7,0.8,90.3,2,90.2,150,,,,,,,,,,,,,,,,,91.1,10,91.2,100,,,,,,,,,,,,,,,,
2026-07-01T04:01:35.303346+00:00,2026-07-01T04:01:35.298624,1,2,90.65,0.9,90.2,150,,,,,,,,,,,,,,,,,,,91.1,10,91.2,100,,,,,,,,,,,,,,,,
2026-07-01T04:01:35.789867+00:00,2026-07-01T04:01:35.783697,1,1,90.7,1.0,90.2,150,,,,,,,,,,,,,,,,,,,91.2,100,,,,,,,,,,,,,,,,,,
2026-07-01T04:01:35.985450+00:00,2026-07-01T04:01:35.975612,1,1,90.7,1.0,90.2,100,,,,,,,,,,,,,,,,,,,91.2,100,,,,,,,,,,,,,,,,,,
2026-07-01T04:01:36.283383+00:00,2026-07-01T04:01:36.277140,0,1,,,,,,,,,,,,,,,,,,,,,,,91.2,100,,,,,,,,,,,,,,,,,,
2026-07-01T04:01:36.334709+00:00,2026-07-01T04:01:36.330187,1,1,90.9,0.6,90.6,150,,,,,,,,,,,,,,,,,,,91.2,100,,,,,,,,,,,,,,,,,,
2026-07-01T04:01:36.386063+00:00,2026-07-01T04:01:36.384205,1,2,90.85,0.5,90.6,150,,,,,,,,,,,,,,,,,,,91.1,150,91.2,100,,,,,,,,,,,,,,,,
2026-07-01T04:01:36.540980+00:00,2026-07-01T04:01:36.532260,1,2,90.85,0.5,90.6,102,,,,,,,,,,,,,,,,,,,91.1,150,91.2,100,,,,,,,,,,,,,,,,
2026-07-01T04:01:36.715299+00:00,2026-07-01T04:01:36.714320,1,2,90.85,0.5,90.6,90,,,,,,,,,,,,,,,,,,,91.1,150,91.2,100,,,,,,,,,,,,,,,,
2026-07-01T04:01:36.798305+00:00,2026-07-01T04:01:36.796649,1,3,90.8,0.4,90.6,90,,,,,,,,,,,,,,,,,,,91.0,10,91.1,150,91.2,100,,,,,,,,,,,,,,
2026-07-01T04:01:36.921279+00:00,2026-07-01T04:01:36.913129,1,2,90.8,0.4,90.6,90,,,,,,,,,,,,,,,,,,,91.0,10,91.1,150,,,,,,,,,,,,,,,,
2026-07-01T04:01:36.972575+00:00,2026-07-01T04:01:36.967361,2,2,90.8,0.4,90.6,90,90.0,100,,,,,,,,,,,,,,,,,91.0,10,91.1,150,,,,,,,,,,,,,,,,
2026-07-01T04:01:37.023970+00:00,2026-07-01T04:01:37.020723,1,3,90.25,0.5,90.0,100,,,,,,,,,,,,,,,,,,,90.5,10,91.0,10,91.1,150,,,,,,,,,,,,,,
2026-07-01T04:01:37.311022+00:00,2026-07-01T04:01:37.300997,1,2,90.25,0.5,90.0,100,,,,,,,,,,,,,,,,,,,90.5,10,91.1,150,,,,,,,,,,,,,,,,
2026-07-01T04:01:37.681651+00:00,2026-07-01T04:01:37.677246,1,2,90.25,0.5,90.0,100,,,,,,,,,,,,,,,,,,,90.5,9,91.1,150,,,,,,,,,,,,,,,,
2026-07-01T04:01:37.794911+00:00,2026-07-01T04:01:37.794499,1,1,90.55,1.1,90.0,100,,,,,,,,,,,,,,,,,,,91.1,115,,,,,,,,,,,,,,,,,,
2026-07-01T04:01:38.030807+00:00,2026-07-01T04:01:38.030532,1,1,90.55,1.1,90.0,100,,,,,,,,,,,,,,,,,,,91.1,65,,,,,,,,,,,,,,,,,,
2026-07-01T04:01:39.449085+00:00,2026-07-01T04:01:39.441174,1,0,,,90.0,100,,,,,,,,,,,,,,,,,,,,,,,,,,,,,,,,,,,,,,
2026-07-01T04:01:39.500466+00:00,2026-07-01T04:01:39.494129,2,0,,,90.4,150,90.0,100,,,,,,,,,,,,,,,,,,,,,,,,,,,,,,,,,,,,
2026-07-01T04:01:39.551653+00:00,2026-07-01T04:01:39.547185,2,1,90.65,0.5,90.4,150,90.0,100,,,,,,,,,,,,,,,,,90.9,150,,,,,,,,,,,,,,,,,,
2026-07-01T04:01:40.085630+00:00,2026-07-01T04:01:40.076153,1,1,90.65,0.5,90.4,150,,,,,,,,,,,,,,,,,,,90.9,150,,,,,,,,,,,,,,,,,,
2026-07-01T04:01:40.137294+00:00,2026-07-01T04:01:40.137112,2,1,90.75,0.3,90.6,100,90.4,150,,,,,,,,,,,,,,,,,90.9,100,,,,,,,,,,,,,,,,,,
2026-07-01T04:01:40.188974+00:00,2026-07-01T04:01:40.181209,2,2,90.75,0.3,90.6,100,90.4,150,,,,,,,,,,,,,,,,,90.9,100,91.1,100,,,,,,,,,,,,,,,,
2026-07-01T04:01:40.332756+00:00,2026-07-01T04:01:40.324054,2,2,90.75,0.3,90.6,100,90.4,150,,,,,,,,,,,,,,,,,90.9,110,91.1,100,,,,,,,,,,,,,,,,
2026-07-01T04:01:40.828120+00:00,2026-07-01T04:01:40.827885,2,2,90.75,0.3,90.6,100,90.4,150,,,,,,,,,,,,,,,,,90.9,100,91.1,100,,,,,,,,,,,,,,,,
2026-07-01T04:01:40.838424+00:00,2026-07-01T04:01:40.830753,2,2,90.75,0.3,90.6,100,90.4,150,,,,,,,,,,,,,,,,,90.9,110,91.1,100,,,,,,,,,,,,,,,,
2026-07-01T04:01:41.044451+00:00,2026-07-01T04:01:41.034538,2,2,90.75,0.3,90.6,100,90.4,150,,,,,,,,,,,,,,,,,90.9,64,91.1,100,,,,,,,,,,,,,,,,
2026-07-01T04:01:41.342129+00:00,2026-07-01T04:01:41.339924,2,2,90.75,0.3,90.6,100,90.4,150,,,,,,,,,,,,,,,,,90.9,64,91.1,100,,,,,,,,,,,,,,,,
2026-07-01T04:01:41.455343+00:00,2026-07-01T04:01:41.447030,2,3,90.7,0.2,90.6,100,90.4,150,,,,,,,,,,,,,,,,,90.8,5,90.9,64,91.1,100,,,,,,,,,,,,,,
2026-07-01T04:01:41.846739+00:00,2026-07-01T04:01:41.843918,2,3,90.7,0.2,90.6,100,90.4,150,,,,,,,,,,,,,,,,,90.8,5,90.9,54,91.1,100,,,,,,,,,,,,,,
2026-07-01T04:01:41.857032+00:00,2026-07-01T04:01:41.847036,2,3,90.7,0.2,90.6,100,90.4,150,,,,,,,,,,,,,,,,,90.8,15,90.9,54,91.1,100,,,,,,,,,,,,,,
2026-07-01T04:01:42.257695+00:00,2026-07-01T04:01:42.247784,2,2,90.75,0.3,90.6,100,90.4,150,,,,,,,,,,,,,,,,,90.9,19,91.1,100,,,,,,,,,,,,,,,,
2026-07-01T04:01:42.360325+00:00,2026-07-01T04:01:42.352226,2,2,90.75,0.3,90.6,100,90.4,150,,,,,,,,,,,,,,,,,90.9,29,91.1,100,,,,,,,,,,,,,,,,
2026-07-01T04:01:42.370634+00:00,2026-07-01T04:01:42.367174,2,3,90.7,0.2,90.6,100,90.4,150,,,,,,,,,,,,,,,,,90.8,5,90.9,29,91.1,100,,,,,,,,,,,,,,
2026-07-01T04:01:42.607299+00:00,2026-07-01T04:01:42.603268,1,3,90.7,0.2,90.6,100,,,,,,,,,,,,,,,,,,,90.8,5,90.9,10,91.1,100,,,,,,,,,,,,,,
2026-07-01T04:01:42.658704+00:00,2026-07-01T04:01:42.656247,2,3,90.75,0.1,90.7,150,90.6,100,,,,,,,,,,,,,,,,,90.8,5,90.9,10,91.1,100,,,,,,,,,,,,,,
2026-07-01T04:01:42.699683+00:00,2026-07-01T04:01:42.698006,2,3,90.75,0.1,90.7,150,90.6,100,,,,,,,,,,,,,,,,,90.8,4,90.9,10,91.1,100,,,,,,,,,,,,,,
2026-07-01T04:01:42.710030+00:00,2026-07-01T04:01:42.708228,2,4,90.75,0.1,90.7,150,90.6,100,,,,,,,,,,,,,,,,,90.8,4,90.9,10,91.1,100,91.2,150,,,,,,,,,,,,
2026-07-01T04:01:42.865164+00:00,2026-07-01T04:01:42.864906,2,3,90.75,0.1,90.7,150,90.6,100,,,,,,,,,,,,,,,,,90.8,4,91.1,100,91.2,150,,,,,,,,,,,,,,
2026-07-01T04:01:42.875589+00:00,2026-07-01T04:01:42.871319,2,3,90.75,0.1,90.7,150,90.6,100,,,,,,,,,,,,,,,,,90.8,14,91.1,100,91.2,150,,,,,,,,,,,,,,
2026-07-01T04:01:43.246158+00:00,2026-07-01T04:01:43.239455,1,2,90.75,0.1,90.7,150,,,,,,,,,,,,,,,,,,,90.8,14,91.2,150,,,,,,,,,,,,,,,,
2026-07-01T04:01:43.297879+00:00,2026-07-01T04:01:43.292189,2,2,90.75,0.1,90.7,150,90.4,100,,,,,,,,,,,,,,,,,90.8,14,91.2,150,,,,,,,,,,,,,,,,
2026-07-01T04:01:43.349348+00:00,2026-07-01T04:01:43.344779,2,3,90.75,0.1,90.7,150,90.4,100,,,,,,,,,,,,,,,,,90.8,14,90.9,100,91.2,150,,,,,,,,,,,,,,
2026-07-01T04:01:43.380293+00:00,2026-07-01T04:01:43.377684,2,3,90.75,0.1,90.7,150,90.4,100,,,,,,,,,,,,,,,,,90.8,14,90.9,100,91.2,150,,,,,,,,,,,,,,
2026-07-01T04:01:43.884470+00:00,2026-07-01T04:01:43.881962,2,3,90.75,0.1,90.7,150,90.4,100,,,,,,,,,,,,,,,,,90.8,4,90.9,100,91.2,150,,,,,,,,,,,,,,
2026-07-01T04:01:43.894764+00:00,2026-07-01T04:01:43.885214,2,3,90.75,0.1,90.7,150,90.4,100,,,,,,,,,,,,,,,,,90.8,14,90.9,100,91.2,150,,,,,,,,,,,,,,
2026-07-01T04:01:44.397409+00:00,2026-07-01T04:01:44.391822,2,3,90.75,0.1,90.7,150,90.4,100,,,,,,,,,,,,,,,,,90.8,14,90.9,100,91.2,150,,,,,,,,,,,,,,
2026-07-01T04:01:44.407703+00:00,2026-07-01T04:01:44.407299,2,3,90.75,0.1,90.7,100,90.4,100,,,,,,,,,,,,,,,,,90.8,14,90.9,100,91.2,150,,,,,,,,,,,,,,
2026-07-01T04:01:44.905594+00:00,2026-07-01T04:01:44.900054,2,3,90.75,0.1,90.7,100,90.4,100,,,,,,,,,,,,,,,,,90.8,14,90.9,100,91.2,150,,,,,,,,,,,,,,
2026-07-01T04:01:45.267839+00:00,2026-07-01T04:01:45.266290,2,3,90.75,0.1,90.7,89,90.4,100,,,,,,,,,,,,,,,,,90.8,14,90.9,100,91.2,150,,,,,,,,,,,,,,
2026-07-01T04:01:45.404419+00:00,2026-07-01T04:01:45.403155,2,3,90.75,0.1,90.7,86,90.4,100,,,,,,,,,,,,,,,,,90.8,14,90.9,100,91.2,150,,,,,,,,,,,,,,
2026-07-01T04:01:45.414862+00:00,2026-07-01T04:01:45.410460,2,3,90.75,0.1,90.7,86,90.4,100,,,,,,,,,,,,,,,,,90.8,14,90.9,100,91.2,150,,,,,,,,,,,,,,
2026-07-01T04:01:45.764824+00:00,2026-07-01T04:01:45.763264,1,2,90.6,0.4,90.4,100,,,,,,,,,,,,,,,,,,,90.8,14,90.9,100,,,,,,,,,,,,,,,,
2026-07-01T04:01:45.816417+00:00,2026-07-01T04:01:45.816338,2,2,90.6,0.4,90.4,100,90.2,150,,,,,,,,,,,,,,,,,90.8,14,90.9,100,,,,,,,,,,,,,,,,
2026-07-01T04:01:45.878724+00:00,2026-07-01T04:01:45.873310,2,3,90.55,0.3,90.4,56,90.2,150,,,,,,,,,,,,,,,,,90.7,150,90.8,14,90.9,100,,,,,,,,,,,,,,
2026-07-01T04:01:45.920087+00:00,2026-07-01T04:01:45.915312,2,3,90.55,0.3,90.4,56,90.2,150,,,,,,,,,,,,,,,,,90.7,150,90.8,4,90.9,100,,,,,,,,,,,,,,
2026-07-01T04:01:45.930497+00:00,2026-07-01T04:01:45.924528,2,3,90.55,0.3,90.4,56,90.2,150,,,,,,,,,,,,,,,,,90.7,160,90.8,4,90.9,100,,,,,,,,,,,,,,
2026-07-01T04:01:46.403247+00:00,2026-07-01T04:01:46.400534,1,2,90.45,0.5,90.2,150,,,,,,,,,,,,,,,,,,,90.7,160,90.8,4,,,,,,,,,,,,,,,,
2026-07-01T04:01:46.455034+00:00,2026-07-01T04:01:46.453825,1,2,90.45,0.5,90.2,150,,,,,,,,,,,,,,,,,,,90.7,150,90.8,4,,,,,,,,,,,,,,,,
2026-07-01T04:01:46.465473+00:00,2026-07-01T04:01:46.464978,2,3,90.4,0.4,90.2,150,89.9,100,,,,,,,,,,,,,,,,,90.6,10,90.7,100,90.8,4,,,,,,,,,,,,,,
2026-07-01T04:01:46.517635+00:00,2026-07-01T04:01:46.507700,2,4,90.3,0.2,90.2,150,89.9,100,,,,,,,,,,,,,,,,,90.4,100,90.6,10,90.7,100,90.8,4,,,,,,,,,,,,
2026-07-01T04:01:46.970702+00:00,2026-07-01T04:01:46.968642,2,3,90.3,0.2,90.2,150,89.9,100,,,,,,,,,,,,,,,,,90.4,100,90.7,100,90.8,4,,,,,,,,,,,,,,
2026-07-01T04:01:46.981007+00:00,2026-07-01T04:01:46.971305,2,3,90.3,0.2,90.2,150,89.9,100,,,,,,,,,,,,,,,,,90.4,110,90.7,100,90.8,4,,,,,,,,,,,,,,
2026-07-01T04:01:47.022030+00:00,2026-07-01T04:01:47.012620,2,3,90.3,0.2,90.2,150,89.9,100,,,,,,,,,,,,,,,,,90.4,69,90.7,100,90.8,4,,,,,,,,,,,,,,
2026-07-01T04:01:47.483899+00:00,2026-07-01T04:01:47.474936,2,3,90.3,0.2,90.2,150,89.9,100,,,,,,,,,,,,,,,,,90.4,59,90.7,100,90.8,4,,,,,,,,,,,,,,
2026-07-01T04:01:47.494248+00:00,2026-07-01T04:01:47.488002,2,3,90.3,0.2,90.2,150,89.9,100,,,,,,,,,,,,,,,,,90.4,69,90.7,100,90.8,4,,,,,,,,,,,,,,
2026-07-01T04:01:47.771860+00:00,2026-07-01T04:01:47.769608,2,3,90.3,0.2,90.2,150,89.9,100,,,,,,,,,,,,,,,,,90.4,68,90.7,100,90.8,4,,,,,,,,,,,,,,
2026-07-01T04:01:47.997632+00:00,2026-07-01T04:01:47.992767,2,3,90.3,0.2,90.2,150,89.9,100,,,,,,,,,,,,,,,,,90.4,58,90.7,100,90.8,4,,,,,,,,,,,,,,
2026-07-01T04:01:48.007889+00:00,2026-07-01T04:01:48.000004,2,3,90.3,0.2,90.2,150,89.9,100,,,,,,,,,,,,,,,,,90.4,68,90.7,100,90.8,4,,,,,,,,,,,,,,
2026-07-01T04:01:48.510117+00:00,2026-07-01T04:01:48.508178,2,3,90.3,0.2,90.2,150,89.9,100,,,,,,,,,,,,,,,,,90.4,68,90.7,100,90.8,4,,,,,,,,,,,,,,
2026-07-01T04:01:48.571574+00:00,2026-07-01T04:01:48.569877,2,3,90.3,0.2,90.2,150,89.9,100,,,,,,,,,,,,,,,,,90.4,18,90.7,100,90.8,4,,,,,,,,,,,,,,
2026-07-01T04:01:48.930616+00:00,2026-07-01T04:01:48.928238,1,2,90.15,0.5,89.9,100,,,,,,,,,,,,,,,,,,,90.4,18,90.8,4,,,,,,,,,,,,,,,,
2026-07-01T04:01:48.981908+00:00,2026-07-01T04:01:48.981050,2,2,90.3,0.2,90.2,150,89.9,100,,,,,,,,,,,,,,,,,90.4,18,90.8,4,,,,,,,,,,,,,,,,
2026-07-01T04:01:49.012909+00:00,2026-07-01T04:01:49.012267,2,2,90.3,0.2,90.2,150,89.9,100,,,,,,,,,,,,,,,,,90.4,8,90.8,4,,,,,,,,,,,,,,,,
2026-07-01T04:01:49.023189+00:00,2026-07-01T04:01:49.015285,2,2,90.3,0.2,90.2,150,89.9,100,,,,,,,,,,,,,,,,,90.4,18,90.8,4,,,,,,,,,,,,,,,,
2026-07-01T04:01:49.033558+00:00,2026-07-01T04:01:49.033155,2,3,90.3,0.2,90.2,150,89.9,100,,,,,,,,,,,,,,,,,90.4,18,90.7,150,90.8,4,,,,,,,,,,,,,,
2026-07-01T04:01:49.527820+00:00,2026-07-01T04:01:49.525256,2,3,90.3,0.2,90.2,150,89.9,100,,,,,,,,,,,,,,,,,90.4,18,90.7,150,90.8,4,,,,,,,,,,,,,,
2026-07-01T04:01:49.569071+00:00,2026-07-01T04:01:49.563324,1,3,90.3,0.2,90.2,150,,,,,,,,,,,,,,,,,,,90.4,10,90.7,150,90.8,4,,,,,,,,,,,,,,
2026-07-01T04:01:49.620966+00:00,2026-07-01T04:01:49.616331,2,3,90.3,0.2,90.2,150,90.1,100,,,,,,,,,,,,,,,,,90.4,10,90.7,150,90.8,4,,,,,,,,,,,,,,
2026-07-01T04:01:49.662432+00:00,2026-07-01T04:01:49.653429,2,3,90.3,0.2,90.2,110,90.1,100,,,,,,,,,,,,,,,,,90.4,10,90.7,150,90.8,4,,,,,,,,,,,,,,
2026-07-01T04:01:49.672758+00:00,2026-07-01T04:01:49.668992,2,4,90.3,0.2,90.2,110,90.1,100,,,,,,,,,,,,,,,,,90.4,10,90.6,100,90.7,150,90.8,4,,,,,,,,,,,,
2026-07-01T04:01:49.828703+00:00,2026-07-01T04:01:49.827546,2,4,90.3,0.2,90.2,110,90.1,100,,,,,,,,,,,,,,,,,90.4,7,90.6,100,90.7,150,90.8,4,,,,,,,,,,,,
2026-07-01T04:01:50.036555+00:00,2026-07-01T04:01:50.032491,3,3,90.45,0.3,90.3,10,90.2,110,90.1,100,,,,,,,,,,,,,,,90.6,100,90.7,150,90.8,4,,,,,,,,,,,,,,
2026-07-01T04:01:50.529969+00:00,2026-07-01T04:01:50.526190,2,3,90.4,0.4,90.2,74,90.1,100,,,,,,,,,,,,,,,,,90.6,100,90.7,150,90.8,4,,,,,,,,,,,,,,
2026-07-01T04:01:50.550696+00:00,2026-07-01T04:01:50.542141,2,4,90.35,0.3,90.2,74,90.1,100,,,,,,,,,,,,,,,,,90.5,7,90.6,100,90.7,150,90.8,4,,,,,,,,,,,,
2026-07-01T04:01:50.715460+00:00,2026-07-01T04:01:50.705596,2,3,90.4,0.4,90.2,74,90.1,100,,,,,,,,,,,,,,,,,90.6,57,90.7,150,90.8,4,,,,,,,,,,,,,,
2026-07-01T04:01:52.091052+00:00,2026-07-01T04:01:52.089473,1,2,90.35,0.5,90.1,100,,,,,,,,,,,,,,,,,,,90.6,57,90.8,4,,,,,,,,,,,,,,,,
2026-07-01T04:01:52.152556+00:00,2026-07-01T04:01:52.143184,1,2,90.35,0.5,90.1,250,,,,,,,,,,,,,,,,,,,90.6,57,90.8,4,,,,,,,,,,,,,,,,
2026-07-01T04:01:52.203650+00:00,2026-07-01T04:01:52.195443,1,2,90.35,0.5,90.1,250,,,,,,,,,,,,,,,,,,,90.6,207,90.8,4,,,,,,,,,,,,,,,,
2026-07-01T04:01:52.645366+00:00,2026-07-01T04:01:52.636313,1,2,90.35,0.5,90.1,250,,,,,,,,,,,,,,,,,,,90.6,158,90.8,4,,,,,,,,,,,,,,,,
2026-07-01T04:01:52.728448+00:00,2026-07-01T04:01:52.724876,1,2,90.35,0.5,90.1,150,,,,,,,,,,,,,,,,,,,90.6,150,90.8,4,,,,,,,,,,,,,,,,
2026-07-01T04:01:52.790625+00:00,2026-07-01T04:01:52.783838,1,2,90.35,0.5,90.1,150,,,,,,,,,,,,,,,,,,,90.6,50,90.8,4,,,,,,,,,,,,,,,,
2026-07-01T04:01:52.801067+00:00,2026-07-01T04:01:52.791137,1,2,90.35,0.5,90.1,150,,,,,,,,,,,,,,,,,,,90.6,49,90.8,4,,,,,,,,,,,,,,,,
2026-07-01T04:01:52.821780+00:00,2026-07-01T04:01:52.815384,1,1,90.45,0.7,90.1,150,,,,,,,,,,,,,,,,,,,90.8,3,,,,,,,,,,,,,,,,,,
2026-07-01T04:01:52.842606+00:00,2026-07-01T04:01:52.839430,1,2,90.45,0.7,90.1,150,,,,,,,,,,,,,,,,,,,90.8,3,91.2,100,,,,,,,,,,,,,,,,
2026-07-01T04:01:54.834092+00:00,2026-07-01T04:01:54.832450,1,1,90.65,1.1,90.1,150,,,,,,,,,,,,,,,,,,,91.2,100,,,,,,,,,,,,,,,,,,
2026-07-01T04:01:54.989534+00:00,2026-07-01T04:01:54.983958,1,1,90.65,1.1,90.1,100,,,,,,,,,,,,,,,,,,,91.2,100,,,,,,,,,,,,,,,,,,
2026-07-01T04:01:55.256486+00:00,2026-07-01T04:01:55.251865,0,1,,,,,,,,,,,,,,,,,,,,,,,91.2,100,,,,,,,,,,,,,,,,,,
2026-07-01T04:01:55.307538+00:00,2026-07-01T04:01:55.307176,1,1,90.8,0.8,90.4,150,,,,,,,,,,,,,,,,,,,91.2,100,,,,,,,,,,,,,,,,,,
2026-07-01T04:01:55.369160+00:00,2026-07-01T04:01:55.363643,1,2,90.65,0.5,90.4,150,,,,,,,,,,,,,,,,,,,90.9,150,91.2,100,,,,,,,,,,,,,,,,
2026-07-01T04:01:55.595757+00:00,2026-07-01T04:01:55.591347,1,3,90.6,0.4,90.4,150,,,,,,,,,,,,,,,,,,,90.8,10,90.9,150,91.2,100,,,,,,,,,,,,,,
2026-07-01T04:01:55.904058+00:00,2026-07-01T04:01:55.899268,1,2,90.6,0.4,90.4,150,,,,,,,,,,,,,,,,,,,90.8,10,90.9,150,,,,,,,,,,,,,,,,
2026-07-01T04:01:55.955211+00:00,2026-07-01T04:01:55.948079,2,2,90.6,0.4,90.4,150,90.3,100,,,,,,,,,,,,,,,,,90.8,10,90.9,150,,,,,,,,,,,,,,,,
2026-07-01T04:01:56.006433+00:00,2026-07-01T04:01:56.002910,2,2,90.6,0.4,90.4,150,90.3,100,,,,,,,,,,,,,,,,,90.8,110,90.9,150,,,,,,,,,,,,,,,,
2026-07-01T04:01:56.129645+00:00,2026-07-01T04:01:56.125379,2,3,90.55,0.3,90.4,150,90.3,100,,,,,,,,,,,,,,,,,90.7,10,90.8,100,90.9,150,,,,,,,,,,,,,,
2026-07-01T04:01:56.631556+00:00,2026-07-01T04:01:56.629900,2,2,90.6,0.4,90.4,150,90.3,100,,,,,,,,,,,,,,,,,90.8,100,90.9,150,,,,,,,,,,,,,,,,
2026-07-01T04:01:56.641811+00:00,2026-07-01T04:01:56.633336,2,3,90.55,0.3,90.4,150,90.3,100,,,,,,,,,,,,,,,,,90.7,10,90.8,100,90.9,150,,,,,,,,,,,,,,
2026-07-01T04:01:57.093652+00:00,2026-07-01T04:01:57.087417,2,3,90.55,0.3,90.4,100,90.3,100,,,,,,,,,,,,,,,,,90.7,10,90.8,100,90.9,150,,,,,,,,,,,,,,
2026-07-01T04:01:57.145069+00:00,2026-07-01T04:01:57.140910,2,3,90.55,0.3,90.4,100,90.3,100,,,,,,,,,,,,,,,,,90.7,10,90.8,100,90.9,150,,,,,,,,,,,,,,
2026-07-01T04:01:57.648823+00:00,2026-07-01T04:01:57.648220,2,3,90.55,0.3,90.4,100,90.3,100,,,,,,,,,,,,,,,,,90.7,10,90.8,100,90.9,150,,,,,,,,,,,,,,
2026-07-01T04:01:58.153131+00:00,2026-07-01T04:01:58.152376,2,2,90.6,0.4,90.4,100,90.3,100,,,,,,,,,,,,,,,,,90.8,100,90.9,150,,,,,,,,,,,,,,,,
2026-07-01T04:01:58.163437+00:00,2026-07-01T04:01:58.155368,2,3,90.55,0.3,90.4,100,90.3,100,,,,,,,,,,,,,,,,,90.7,10,90.8,100,90.9,150,,,,,,,,,,,,,,
2026-07-01T04:01:58.255866+00:00,2026-07-01T04:01:58.250449,3,3,90.6,0.2,90.5,4,90.4,100,90.3,100,,,,,,,,,,,,,,,90.7,10,90.8,100,90.9,150,,,,,,,,,,,,,,
2026-07-01T04:01:58.420087+00:00,2026-07-01T04:01:58.416405,2,2,90.6,0.2,90.5,4,90.3,100,,,,,,,,,,,,,,,,,90.7,10,90.8,100,,,,,,,,,,,,,,,,
2026-07-01T04:01:58.471247+00:00,2026-07-01T04:01:58.469441,2,2,90.6,0.2,90.5,4,90.3,250,,,,,,,,,,,,,,,,,90.7,10,90.8,100,,,,,,,,,,,,,,,,
2026-07-01T04:01:58.501926+00:00,2026-07-01T04:01:58.499766,2,2,90.6,0.2,90.5,4,90.3,250,,,,,,,,,,,,,,,,,90.7,10,90.8,101,,,,,,,,,,,,,,,,
2026-07-01T04:01:58.522474+00:00,2026-07-01T04:01:58.521404,2,2,90.6,0.2,90.5,4,90.3,250,,,,,,,,,,,,,,,,,90.7,10,90.8,251,,,,,,,,,,,,,,,,
2026-07-01T04:01:58.666795+00:00,2026-07-01T04:01:58.662467,2,2,90.6,0.2,90.5,4,90.3,250,,,,,,,,,,,,,,,,,90.7,10,90.8,251,,,,,,,,,,,,,,,,
2026-07-01T04:01:58.842708+00:00,2026-07-01T04:01:58.835295,1,2,90.5,0.4,90.3,212,,,,,,,,,,,,,,,,,,,90.7,10,90.8,251,,,,,,,,,,,,,,,,
2026-07-01T04:01:58.863420+00:00,2026-07-01T04:01:58.853498,2,2,90.6,0.2,90.5,4,90.3,212,,,,,,,,,,,,,,,,,90.7,10,90.8,251,,,,,,,,,,,,,,,,
2026-07-01T04:01:59.058563+00:00,2026-07-01T04:01:59.057514,2,2,90.6,0.2,90.5,4,90.3,150,,,,,,,,,,,,,,,,,90.7,10,90.8,151,,,,,,,,,,,,,,,,
2026-07-01T04:01:59.120038+00:00,2026-07-01T04:01:59.110031,3,2,90.6,0.2,90.5,4,90.3,150,90.2,100,,,,,,,,,,,,,,,90.7,10,90.8,151,,,,,,,,,,,,,,,,
2026-07-01T04:01:59.171698+00:00,2026-07-01T04:01:59.168785,3,2,90.6,0.2,90.5,4,90.3,150,90.2,100,,,,,,,,,,,,,,,90.7,110,90.8,151,,,,,,,,,,,,,,,,
2026-07-01T04:01:59.222875+00:00,2026-07-01T04:01:59.215062,2,2,90.5,0.4,90.3,104,90.2,100,,,,,,,,,,,,,,,,,90.7,110,90.8,151,,,,,,,,,,,,,,,,
2026-07-01T04:01:59.263873+00:00,2026-07-01T04:01:59.260508,3,2,90.6,0.2,90.5,4,90.3,104,90.2,100,,,,,,,,,,,,,,,90.7,110,90.8,151,,,,,,,,,,,,,,,,
2026-07-01T04:01:59.500092+00:00,2026-07-01T04:01:59.491330,3,2,90.6,0.2,90.5,3,90.3,104,90.2,100,,,,,,,,,,,,,,,90.7,110,90.8,151,,,,,,,,,,,,,,,,
2026-07-01T04:01:59.674738+00:00,2026-07-01T04:01:59.673392,3,2,90.6,0.2,90.5,3,90.3,104,90.2,100,,,,,,,,,,,,,,,90.7,100,90.8,151,,,,,,,,,,,,,,,,
2026-07-01T04:01:59.684982+00:00,2026-07-01T04:01:59.677008,3,2,90.6,0.2,90.5,3,90.3,104,90.2,100,,,,,,,,,,,,,,,90.7,110,90.8,151,,,,,,,,,,,,,,,,
2026-07-01T04:01:59.809281+00:00,2026-07-01T04:01:59.805225,3,2,90.6,0.2,90.5,2,90.3,104,90.2,100,,,,,,,,,,,,,,,90.7,110,90.8,151,,,,,,,,,,,,,,,,
2026-07-01T04:02:00.181161+00:00,2026-07-01T04:02:00.180874,3,2,90.6,0.2,90.5,2,90.3,104,90.2,100,,,,,,,,,,,,,,,90.7,100,90.8,151,,,,,,,,,,,,,,,,
2026-07-01T04:02:00.191392+00:00,2026-07-01T04:02:00.183732,3,2,90.6,0.2,90.5,2,90.3,104,90.2,100,,,,,,,,,,,,,,,90.7,110,90.8,151,,,,,,,,,,,,,,,,
2026-07-01T04:02:00.324680+00:00,2026-07-01T04:02:00.323452,2,2,90.5,0.4,90.3,62,90.2,100,,,,,,,,,,,,,,,,,90.7,110,90.8,151,,,,,,,,,,,,,,,,
2026-07-01T04:02:00.693834+00:00,2026-07-01T04:02:00.691265,2,2,90.5,0.4,90.3,62,90.2,100,,,,,,,,,,,,,,,,,90.7,100,90.8,151,,,,,,,,,,,,,,,,
2026-07-01T04:02:00.704136+00:00,2026-07-01T04:02:00.694469,2,3,90.45,0.3,90.3,62,90.2,100,,,,,,,,,,,,,,,,,90.6,10,90.7,100,90.8,151,,,,,,,,,,,,,,
2026-07-01T04:02:01.209038+00:00,2026-07-01T04:02:01.202817,2,3,90.45,0.3,90.3,62,90.2,100,,,,,,,,,,,,,,,,,90.6,10,90.7,100,90.8,151,,,,,,,,,,,,,,
2026-07-01T04:02:01.321833+00:00,2026-07-01T04:02:01.320803,2,3,90.45,0.3,90.3,12,90.2,100,,,,,,,,,,,,,,,,,90.6,10,90.7,100,90.8,151,,,,,,,,,,,,,,
2026-07-01T04:02:01.373149+00:00,2026-07-01T04:02:01.370559,2,2,90.5,0.4,90.3,12,90.2,100,,,,,,,,,,,,,,,,,90.7,61,90.8,151,,,,,,,,,,,,,,,,
2026-07-01T04:02:01.588994+00:00,2026-07-01T04:02:01.585679,1,2,90.45,0.5,90.2,100,,,,,,,,,,,,,,,,,,,90.7,61,90.8,1,,,,,,,,,,,,,,,,
2026-07-01T04:02:01.650604+00:00,2026-07-01T04:02:01.642759,2,2,90.45,0.5,90.2,100,89.7,150,,,,,,,,,,,,,,,,,90.7,61,90.8,1,,,,,,,,,,,,,,,,
2026-07-01T04:02:01.714151+00:00,2026-07-01T04:02:01.712818,2,3,90.0,0.4,89.8,10,89.7,150,,,,,,,,,,,,,,,,,90.2,39,90.7,61,90.8,1,,,,,,,,,,,,,,
2026-07-01T04:02:02.218235+00:00,2026-07-01T04:02:02.216354,2,2,90.0,0.4,89.8,10,89.7,150,,,,,,,,,,,,,,,,,90.2,39,90.8,1,,,,,,,,,,,,,,,,
2026-07-01T04:02:02.228593+00:00,2026-07-01T04:02:02.225668,2,2,90.0,0.4,89.8,10,89.7,150,,,,,,,,,,,,,,,,,90.2,39,90.8,1,,,,,,,,,,,,,,,,
2026-07-01T04:02:02.270095+00:00,2026-07-01T04:02:02.268940,3,2,90.05,0.3,89.9,100,89.8,10,89.7,150,,,,,,,,,,,,,,,90.2,39,90.8,1,,,,,,,,,,,,,,,,
2026-07-01T04:02:02.331808+00:00,2026-07-01T04:02:02.322040,3,3,90.05,0.3,89.9,100,89.8,10,89.7,150,,,,,,,,,,,,,,,90.2,39,90.4,100,90.8,1,,,,,,,,,,,,,,
2026-07-01T04:02:02.732364+00:00,2026-07-01T04:02:02.729895,2,3,90.05,0.3,89.9,100,89.7,150,,,,,,,,,,,,,,,,,90.2,39,90.4,100,90.8,1,,,,,,,,,,,,,,
2026-07-01T04:02:02.742645+00:00,2026-07-01T04:02:02.733023,2,3,90.05,0.3,89.9,110,89.7,150,,,,,,,,,,,,,,,,,90.2,39,90.4,100,90.8,1,,,,,,,,,,,,,,
2026-07-01T04:02:02.887693+00:00,2026-07-01T04:02:02.877776,2,3,90.05,0.3,89.9,110,89.7,150,,,,,,,,,,,,,,,,,90.2,38,90.4,100,90.8,1,,,,,,,,,,,,,,
2026-07-01T04:02:03.245587+00:00,2026-07-01T04:02:03.240383,2,3,90.05,0.3,89.9,110,89.7,150,,,,,,,,,,,,,,,,,90.2,38,90.4,100,90.8,1,,,,,,,,,,,,,,
2026-07-01T04:02:03.430315+00:00,2026-07-01T04:02:03.427874,2,3,90.05,0.3,89.9,60,89.7,150,,,,,,,,,,,,,,,,,90.2,38,90.4,100,90.8,1,,,,,,,,,,,,,,
2026-07-01T04:02:03.758128+00:00,2026-07-01T04:02:03.751401,2,3,90.05,0.3,89.9,60,89.7,150,,,,,,,,,,,,,,,,,90.2,38,90.4,100,90.8,1,,,,,,,,,,,,,,
2026-07-01T04:02:04.261974+00:00,2026-07-01T04:02:04.257754,2,3,90.05,0.3,89.9,60,89.7,150,,,,,,,,,,,,,,,,,90.2,38,90.4,100,90.8,1,,,,,,,,,,,,,,
2026-07-01T04:02:04.755443+00:00,2026-07-01T04:02:04.753624,1,2,90.15,0.5,89.9,60,,,,,,,,,,,,,,,,,,,90.4,100,90.8,1,,,,,,,,,,,,,,,,
2026-07-01T04:02:04.765763+00:00,2026-07-01T04:02:04.757257,1,1,90.15,0.5,89.9,60,,,,,,,,,,,,,,,,,,,90.4,100,,,,,,,,,,,,,,,,,,
2026-07-01T04:02:04.776091+00:00,2026-07-01T04:02:04.768904,1,1,90.15,0.5,89.9,50,,,,,,,,,,,,,,,,,,,90.4,100,,,,,,,,,,,,,,,,,,
2026-07-01T04:02:04.786571+00:00,2026-07-01T04:02:04.776520,2,1,90.2,0.4,90.0,10,89.9,50,,,,,,,,,,,,,,,,,90.4,100,,,,,,,,,,,,,,,,,,
2026-07-01T04:02:04.807155+00:00,2026-07-01T04:02:04.806048,3,1,90.25,0.3,90.1,150,90.0,10,89.9,50,,,,,,,,,,,,,,,90.4,100,,,,,,,,,,,,,,,,,,
