recv_time,book_timestamp,n_bids,n_asks,mid,spread,bid_px_0,bid_vol_0,bid_px_1,bid_vol_1,bid_px_2,bid_vol_2,bid_px_3,bid_vol_3,bid_px_4,bid_vol_4,bid_px_5,bid_vol_5,bid_px_6,bid_vol_6,bid_px_7,bid_vol_7,bid_px_8,bid_vol_8,bid_px_9,bid_vol_9,ask_px_0,ask_vol_0,ask_px_1,ask_vol_1,ask_px_2,ask_vol_2,ask_px_3,ask_vol_3,ask_px_4,ask_vol_4,ask_px_5,ask_vol_5,ask_px_6,ask_vol_6,ask_px_7,ask_vol_7,ask_px_8,ask_vol_8,ask_px_9,ask_vol_9
2026-07-08T18:00:00.068949+00:00,2026-07-08T18:00:00.062220,2,2,151.65,0.3,151.5,150,151.3,100,,,,,,,,,,,,,,,,,151.8,2,152.0,150,,,,,,,,,,,,,,,,
2026-07-08T18:00:01.326361+00:00,2026-07-08T18:00:01.317873,1,1,151.75,0.5,151.5,250,,,,,,,,,,,,,,,,,,,152.0,150,,,,,,,,,,,,,,,,,,
2026-07-08T18:00:01.377946+00:00,2026-07-08T18:00:01.378025,1,1,151.75,0.5,151.5,250,,,,,,,,,,,,,,,,,,,152.0,250,,,,,,,,,,,,,,,,,,
2026-07-08T18:00:01.787389+00:00,2026-07-08T18:00:01.769624,1,1,151.75,0.5,151.5,100,,,,,,,,,,,,,,,,,,,152.0,100,,,,,,,,,,,,,,,,,,
2026-07-08T18:00:01.829120+00:00,2026-07-08T18:00:01.829073,1,1,151.75,0.5,151.5,250,,,,,,,,,,,,,,,,,,,152.0,100,,,,,,,,,,,,,,,,,,
2026-07-08T18:00:01.883269+00:00,2026-07-08T18:00:01.883230,1,1,151.75,0.5,151.5,250,,,,,,,,,,,,,,,,,,,152.0,250,,,,,,,,,,,,,,,,,,
2026-07-08T18:00:02.175770+00:00,2026-07-08T18:00:02.175885,1,1,151.75,0.5,151.5,250,,,,,,,,,,,,,,,,,,,152.0,200,,,,,,,,,,,,,,,,,,
2026-07-08T18:00:02.576087+00:00,2026-07-08T18:00:02.575984,1,1,151.75,0.5,151.5,204,,,,,,,,,,,,,,,,,,,152.0,200,,,,,,,,,,,,,,,,,,
2026-07-08T18:00:04.283462+00:00,2026-07-08T18:00:04.283326,1,1,151.75,0.5,151.5,204,,,,,,,,,,,,,,,,,,,152.0,150,,,,,,,,,,,,,,,,,,
2026-07-08T18:00:04.448118+00:00,2026-07-08T18:00:04.448070,1,1,151.75,0.5,151.5,150,,,,,,,,,,,,,,,,,,,152.0,150,,,,,,,,,,,,,,,,,,
2026-07-08T18:00:04.496864+00:00,2026-07-08T18:00:04.496802,2,1,151.8,0.4,151.6,100,151.5,150,,,,,,,,,,,,,,,,,152.0,150,,,,,,,,,,,,,,,,,,
2026-07-08T18:00:04.558616+00:00,2026-07-08T18:00:04.554158,2,2,151.8,0.4,151.6,100,151.5,150,,,,,,,,,,,,,,,,,152.0,150,152.1,100,,,,,,,,,,,,,,,,
2026-07-08T18:00:04.951044+00:00,2026-07-08T18:00:04.935129,1,1,151.85,0.5,151.6,100,,,,,,,,,,,,,,,,,,,152.1,100,,,,,,,,,,,,,,,,,,
2026-07-08T18:00:04.998630+00:00,2026-07-08T18:00:04.986072,2,1,151.85,0.5,151.6,100,151.5,150,,,,,,,,,,,,,,,,,152.1,100,,,,,,,,,,,,,,,,,,
2026-07-08T18:00:05.057492+00:00,2026-07-08T18:00:05.057444,2,2,151.8,0.4,151.6,100,151.5,150,,,,,,,,,,,,,,,,,152.0,150,152.1,100,,,,,,,,,,,,,,,,
2026-07-08T18:00:05.447433+00:00,2026-07-08T18:00:05.447355,2,2,151.8,0.4,151.6,51,151.5,150,,,,,,,,,,,,,,,,,152.0,150,152.1,100,,,,,,,,,,,,,,,,
2026-07-08T18:00:06.391196+00:00,2026-07-08T18:00:06.391127,2,2,151.8,0.4,151.6,51,151.5,150,,,,,,,,,,,,,,,,,152.0,100,152.1,100,,,,,,,,,,,,,,,,
2026-07-08T18:00:07.609014+00:00,2026-07-08T18:00:07.609134,1,1,151.75,0.5,151.5,150,,,,,,,,,,,,,,,,,,,152.0,100,,,,,,,,,,,,,,,,,,
2026-07-08T18:00:07.665337+00:00,2026-07-08T18:00:07.665255,1,1,151.75,0.5,151.5,250,,,,,,,,,,,,,,,,,,,152.0,100,,,,,,,,,,,,,,,,,,
2026-07-08T18:00:07.719476+00:00,2026-07-08T18:00:07.719384,1,1,151.75,0.5,151.5,250,,,,,,,,,,,,,,,,,,,152.0,200,,,,,,,,,,,,,,,,,,
2026-07-08T18:00:08.108865+00:00,2026-07-08T18:00:08.108808,1,1,151.75,0.5,151.5,100,,,,,,,,,,,,,,,,,,,152.0,100,,,,,,,,,,,,,,,,,,
2026-07-08T18:00:08.163790+00:00,2026-07-08T18:00:08.163746,2,1,151.85,0.3,151.7,150,151.5,100,,,,,,,,,,,,,,,,,152.0,100,,,,,,,,,,,,,,,,,,
2026-07-08T18:00:08.216177+00:00,2026-07-08T18:00:08.216118,2,2,151.85,0.3,151.7,150,151.5,100,,,,,,,,,,,,,,,,,152.0,100,152.2,150,,,,,,,,,,,,,,,,
2026-07-08T18:00:08.497431+00:00,2026-07-08T18:00:08.497406,2,2,151.85,0.3,151.7,150,151.5,100,,,,,,,,,,,,,,,,,152.0,50,152.2,150,,,,,,,,,,,,,,,,
2026-07-08T18:00:09.071118+00:00,2026-07-08T18:00:09.062612,2,2,151.85,0.3,151.7,147,151.5,100,,,,,,,,,,,,,,,,,152.0,50,152.2,150,,,,,,,,,,,,,,,,
2026-07-08T18:00:10.606802+00:00,2026-07-08T18:00:10.606957,2,1,151.95,0.5,151.7,147,151.5,100,,,,,,,,,,,,,,,,,152.2,150,,,,,,,,,,,,,,,,,,
2026-07-08T18:00:10.774195+00:00,2026-07-08T18:00:10.774086,1,1,151.95,0.5,151.7,147,,,,,,,,,,,,,,,,,,,152.2,150,,,,,,,,,,,,,,,,,,
2026-07-08T18:00:10.827311+00:00,2026-07-08T18:00:10.827188,2,1,151.95,0.5,151.7,147,151.6,100,,,,,,,,,,,,,,,,,152.2,150,,,,,,,,,,,,,,,,,,
2026-07-08T18:00:10.880122+00:00,2026-07-08T18:00:10.880001,2,2,151.9,0.4,151.7,147,151.6,100,,,,,,,,,,,,,,,,,152.1,100,152.2,150,,,,,,,,,,,,,,,,
2026-07-08T18:00:11.271388+00:00,2026-07-08T18:00:11.271303,1,1,151.85,0.5,151.6,100,,,,,,,,,,,,,,,,,,,152.1,100,,,,,,,,,,,,,,,,,,
2026-07-08T18:00:11.326595+00:00,2026-07-08T18:00:11.326515,2,1,151.9,0.4,151.7,150,151.6,100,,,,,,,,,,,,,,,,,152.1,100,,,,,,,,,,,,,,,,,,
2026-07-08T18:00:11.378665+00:00,2026-07-08T18:00:11.378556,2,2,151.9,0.4,151.7,150,151.6,100,,,,,,,,,,,,,,,,,152.1,100,152.2,150,,,,,,,,,,,,,,,,
2026-07-08T18:00:12.715160+00:00,2026-07-08T18:00:12.715049,2,2,151.9,0.4,151.7,150,151.6,100,,,,,,,,,,,,,,,,,152.1,50,152.2,150,,,,,,,,,,,,,,,,
2026-07-08T18:00:12.823463+00:00,2026-07-08T18:00:12.823370,2,2,151.9,0.4,151.7,150,151.6,100,,,,,,,,,,,,,,,,,152.1,5,152.2,150,,,,,,,,,,,,,,,,
2026-07-08T18:00:13.382508+00:00,2026-07-08T18:00:13.382450,2,1,151.95,0.5,151.7,150,151.6,100,,,,,,,,,,,,,,,,,152.2,150,,,,,,,,,,,,,,,,,,
2026-07-08T18:00:13.933746+00:00,2026-07-08T18:00:13.933604,1,1,151.95,0.5,151.7,150,,,,,,,,,,,,,,,,,,,152.2,150,,,,,,,,,,,,,,,,,,
2026-07-08T18:00:13.981381+00:00,2026-07-08T18:00:13.981286,2,1,152.1,0.2,152.0,100,151.7,150,,,,,,,,,,,,,,,,,152.2,150,,,,,,,,,,,,,,,,,,
2026-07-08T18:00:14.034381+00:00,2026-07-08T18:00:14.034270,2,2,152.1,0.2,152.0,100,151.7,150,,,,,,,,,,,,,,,,,152.2,150,152.5,100,,,,,,,,,,,,,,,,
2026-07-08T18:00:14.431123+00:00,2026-07-08T18:00:14.431295,1,1,152.25,0.5,152.0,100,,,,,,,,,,,,,,,,,,,152.5,100,,,,,,,,,,,,,,,,,,
2026-07-08T18:00:14.487725+00:00,2026-07-08T18:00:14.487660,2,1,152.25,0.5,152.0,100,151.7,150,,,,,,,,,,,,,,,,,152.5,100,,,,,,,,,,,,,,,,,,
2026-07-08T18:00:14.540781+00:00,2026-07-08T18:00:14.540685,2,2,152.1,0.2,152.0,100,151.7,150,,,,,,,,,,,,,,,,,152.2,150,152.5,100,,,,,,,,,,,,,,,,
2026-07-08T18:00:14.580369+00:00,2026-07-08T18:00:14.580279,2,2,152.1,0.2,152.0,60,151.7,150,,,,,,,,,,,,,,,,,152.2,150,152.5,100,,,,,,,,,,,,,,,,
2026-07-08T18:00:14.821077+00:00,2026-07-08T18:00:14.821034,2,2,152.1,0.2,152.0,60,151.7,150,,,,,,,,,,,,,,,,,152.2,100,152.5,100,,,,,,,,,,,,,,,,
2026-07-08T18:00:15.631865+00:00,2026-07-08T18:00:15.625182,2,2,152.1,0.2,152.0,57,151.7,150,,,,,,,,,,,,,,,,,152.2,100,152.5,100,,,,,,,,,,,,,,,,
2026-07-08T18:00:16.929924+00:00,2026-07-08T18:00:16.929886,2,2,152.1,0.2,152.0,57,151.7,150,,,,,,,,,,,,,,,,,152.2,50,152.5,100,,,,,,,,,,,,,,,,
2026-07-08T18:00:17.093721+00:00,2026-07-08T18:00:17.093683,1,1,151.95,0.5,151.7,150,,,,,,,,,,,,,,,,,,,152.2,50,,,,,,,,,,,,,,,,,,
2026-07-08T18:00:17.168933+00:00,2026-07-08T18:00:17.168795,2,1,152.1,0.2,152.0,100,151.7,150,,,,,,,,,,,,,,,,,152.2,50,,,,,,,,,,,,,,,,,,
2026-07-08T18:00:17.215909+00:00,2026-07-08T18:00:17.215791,2,2,152.1,0.2,152.0,100,151.7,150,,,,,,,,,,,,,,,,,152.2,50,152.5,100,,,,,,,,,,,,,,,,
2026-07-08T18:00:17.594837+00:00,2026-07-08T18:00:17.594794,1,1,152.25,0.5,152.0,100,,,,,,,,,,,,,,,,,,,152.5,100,,,,,,,,,,,,,,,,,,
2026-07-08T18:00:17.646631+00:00,2026-07-08T18:00:17.646523,2,1,152.4,0.2,152.3,150,152.0,100,,,,,,,,,,,,,,,,,152.5,100,,,,,,,,,,,,,,,,,,
2026-07-08T18:00:17.701645+00:00,2026-07-08T18:00:17.701598,2,2,152.4,0.2,152.3,150,152.0,100,,,,,,,,,,,,,,,,,152.5,100,152.8,150,,,,,,,,,,,,,,,,
2026-07-08T18:00:18.905112+00:00,2026-07-08T18:00:18.905051,2,2,152.4,0.2,152.3,101,152.0,100,,,,,,,,,,,,,,,,,152.5,100,152.8,150,,,,,,,,,,,,,,,,
2026-07-08T18:00:19.045149+00:00,2026-07-08T18:00:19.045092,2,2,152.4,0.2,152.3,101,152.0,100,,,,,,,,,,,,,,,,,152.5,50,152.8,150,,,,,,,,,,,,,,,,
2026-07-08T18:00:20.273315+00:00,2026-07-08T18:00:20.273138,1,1,152.55,0.5,152.3,101,,,,,,,,,,,,,,,,,,,152.8,150,,,,,,,,,,,,,,,,,,
2026-07-08T18:00:20.327487+00:00,2026-07-08T18:00:20.327365,2,1,152.55,0.5,152.3,101,152.2,100,,,,,,,,,,,,,,,,,152.8,150,,,,,,,,,,,,,,,,,,
2026-07-08T18:00:20.380936+00:00,2026-07-08T18:00:20.380817,2,2,152.5,0.4,152.3,101,152.2,100,,,,,,,,,,,,,,,,,152.7,100,152.8,150,,,,,,,,,,,,,,,,
2026-07-08T18:00:20.758643+00:00,2026-07-08T18:00:20.756669,1,1,152.45,0.5,152.2,100,,,,,,,,,,,,,,,,,,,152.7,100,,,,,,,,,,,,,,,,,,
2026-07-08T18:00:20.822554+00:00,2026-07-08T18:00:20.822651,2,1,152.45,0.5,152.2,100,152.1,150,,,,,,,,,,,,,,,,,152.7,100,,,,,,,,,,,,,,,,,,
2026-07-08T18:00:20.869882+00:00,2026-07-08T18:00:20.869774,2,2,152.4,0.4,152.2,100,152.1,150,,,,,,,,,,,,,,,,,152.6,150,152.7,100,,,,,,,,,,,,,,,,
2026-07-08T18:00:21.110302+00:00,2026-07-08T18:00:21.110239,2,2,152.4,0.4,152.2,100,152.1,150,,,,,,,,,,,,,,,,,152.6,110,152.7,100,,,,,,,,,,,,,,,,
2026-07-08T18:00:21.206300+00:00,2026-07-08T18:00:21.206164,2,2,152.4,0.4,152.2,50,152.1,150,,,,,,,,,,,,,,,,,152.6,110,152.7,100,,,,,,,,,,,,,,,,
2026-07-08T18:00:22.230296+00:00,2026-07-08T18:00:22.230169,2,2,152.4,0.4,152.2,5,152.1,150,,,,,,,,,,,,,,,,,152.6,110,152.7,100,,,,,,,,,,,,,,,,
2026-07-08T18:00:23.257852+00:00,2026-07-08T18:00:23.258012,2,2,152.4,0.4,152.2,5,152.1,150,,,,,,,,,,,,,,,,,152.6,60,152.7,100,,,,,,,,,,,,,,,,
2026-07-08T18:00:23.430835+00:00,2026-07-08T18:00:23.430734,2,1,152.4,0.4,152.2,5,152.1,150,,,,,,,,,,,,,,,,,152.6,60,,,,,,,,,,,,,,,,,,
2026-07-08T18:00:23.436078+00:00,2026-07-08T18:00:23.435952,1,1,152.35,0.5,152.1,150,,,,,,,,,,,,,,,,,,,152.6,60,,,,,,,,,,,,,,,,,,
2026-07-08T18:00:23.490557+00:00,2026-07-08T18:00:23.490422,1,1,152.35,0.5,152.1,250,,,,,,,,,,,,,,,,,,,152.6,60,,,,,,,,,,,,,,,,,,
2026-07-08T18:00:23.542228+00:00,2026-07-08T18:00:23.542161,1,1,152.35,0.5,152.1,250,,,,,,,,,,,,,,,,,,,152.6,160,,,,,,,,,,,,,,,,,,
2026-07-08T18:00:23.922803+00:00,2026-07-08T18:00:23.922931,1,1,152.35,0.5,152.1,250,,,,,,,,,,,,,,,,,,,152.6,100,,,,,,,,,,,,,,,,,,
2026-07-08T18:00:23.928227+00:00,2026-07-08T18:00:23.928107,1,1,152.35,0.5,152.1,100,,,,,,,,,,,,,,,,,,,152.6,100,,,,,,,,,,,,,,,,,,
2026-07-08T18:00:23.979683+00:00,2026-07-08T18:00:23.979581,2,0,,,152.6,50,152.1,100,,,,,,,,,,,,,,,,,,,,,,,,,,,,,,,,,,,,
2026-07-08T18:00:24.043457+00:00,2026-07-08T18:00:24.036423,2,1,152.85,0.5,152.6,39,152.1,100,,,,,,,,,,,,,,,,,153.1,150,,,,,,,,,,,,,,,,,,
2026-07-08T18:00:25.670936+00:00,2026-07-08T18:00:25.667001,2,1,152.85,0.5,152.6,27,152.1,100,,,,,,,,,,,,,,,,,153.1,150,,,,,,,,,,,,,,,,,,
2026-07-08T18:00:26.591851+00:00,2026-07-08T18:00:26.591737,1,1,152.85,0.5,152.6,27,,,,,,,,,,,,,,,,,,,153.1,150,,,,,,,,,,,,,,,,,,
2026-07-08T18:00:26.650764+00:00,2026-07-08T18:00:26.650707,2,1,152.85,0.5,152.6,27,152.3,100,,,,,,,,,,,,,,,,,153.1,150,,,,,,,,,,,,,,,,,,
2026-07-08T18:00:26.699941+00:00,2026-07-08T18:00:26.699876,2,2,152.7,0.2,152.6,27,152.3,100,,,,,,,,,,,,,,,,,152.8,100,153.1,150,,,,,,,,,,,,,,,,
2026-07-08T18:00:26.794123+00:00,2026-07-08T18:00:26.794074,2,2,152.7,0.2,152.6,27,152.3,100,,,,,,,,,,,,,,,,,152.8,55,153.1,150,,,,,,,,,,,,,,,,
2026-07-08T18:00:27.085946+00:00,2026-07-08T18:00:27.085895,1,1,152.55,0.5,152.3,100,,,,,,,,,,,,,,,,,,,152.8,55,,,,,,,,,,,,,,,,,,
2026-07-08T18:00:27.139117+00:00,2026-07-08T18:00:27.139024,2,1,152.55,0.5,152.3,100,152.0,150,,,,,,,,,,,,,,,,,152.8,55,,,,,,,,,,,,,,,,,,
2026-07-08T18:00:27.191042+00:00,2026-07-08T18:00:27.190992,2,2,152.4,0.2,152.3,100,152.0,150,,,,,,,,,,,,,,,,,152.5,150,152.8,55,,,,,,,,,,,,,,,,
2026-07-08T18:00:27.531968+00:00,2026-07-08T18:00:27.531880,2,2,152.4,0.2,152.3,50,152.0,150,,,,,,,,,,,,,,,,,152.5,150,152.8,55,,,,,,,,,,,,,,,,
2026-07-08T18:00:28.834941+00:00,2026-07-08T18:00:28.834819,2,2,152.4,0.2,152.3,5,152.0,150,,,,,,,,,,,,,,,,,152.5,150,152.8,55,,,,,,,,,,,,,,,,
2026-07-08T18:00:29.641144+00:00,2026-07-08T18:00:29.641001,1,2,152.25,0.5,152.0,105,,,,,,,,,,,,,,,,,,,152.5,150,152.8,55,,,,,,,,,,,,,,,,
2026-07-08T18:00:29.758593+00:00,2026-07-08T18:00:29.752735,1,1,152.25,0.5,152.0,105,,,,,,,,,,,,,,,,,,,152.5,150,,,,,,,,,,,,,,,,,,
2026-07-08T18:00:29.807849+00:00,2026-07-08T18:00:29.807748,2,1,152.35,0.3,152.2,100,152.0,105,,,,,,,,,,,,,,,,,152.5,150,,,,,,,,,,,,,,,,,,
2026-07-08T18:00:29.865988+00:00,2026-07-08T18:00:29.865875,2,2,152.35,0.3,152.2,100,152.0,105,,,,,,,,,,,,,,,,,152.5,150,152.7,100,,,,,,,,,,,,,,,,
2026-07-08T18:00:30.013751+00:00,2026-07-08T18:00:30.013618,2,2,152.35,0.3,152.2,100,152.0,105,,,,,,,,,,,,,,,,,152.5,105,152.7,100,,,,,,,,,,,,,,,,
2026-07-08T18:00:30.258797+00:00,2026-07-08T18:00:30.258659,1,1,152.45,0.5,152.2,100,,,,,,,,,,,,,,,,,,,152.7,100,,,,,,,,,,,,,,,,,,
2026-07-08T18:00:30.303679+00:00,2026-07-08T18:00:30.303793,2,1,152.45,0.5,152.2,100,151.9,150,,,,,,,,,,,,,,,,,152.7,100,,,,,,,,,,,,,,,,,,
2026-07-08T18:00:30.355107+00:00,2026-07-08T18:00:30.355053,2,2,152.3,0.2,152.2,100,151.9,150,,,,,,,,,,,,,,,,,152.4,150,152.7,100,,,,,,,,,,,,,,,,
2026-07-08T18:00:31.725950+00:00,2026-07-08T18:00:31.725791,2,2,152.3,0.2,152.2,100,151.9,150,,,,,,,,,,,,,,,,,152.4,100,152.7,100,,,,,,,,,,,,,,,,
2026-07-08T18:00:31.748766+00:00,2026-07-08T18:00:31.748698,2,2,152.3,0.2,152.2,100,151.9,150,,,,,,,,,,,,,,,,,152.4,54,152.7,100,,,,,,,,,,,,,,,,
2026-07-08T18:00:32.668890+00:00,2026-07-08T18:00:32.663164,2,2,152.3,0.2,152.2,100,151.9,150,,,,,,,,,,,,,,,,,152.4,42,152.7,100,,,,,,,,,,,,,,,,
2026-07-08T18:00:32.824076+00:00,2026-07-08T18:00:32.823962,2,1,152.45,0.5,152.2,100,151.9,150,,,,,,,,,,,,,,,,,152.7,100,,,,,,,,,,,,,,,,,,
2026-07-08T18:00:32.925819+00:00,2026-07-08T18:00:32.925759,1,0,,,151.9,150,,,,,,,,,,,,,,,,,,,,,,,,,,,,,,,,,,,,,,
2026-07-08T18:00:32.979875+00:00,2026-07-08T18:00:32.979774,2,0,,,152.3,100,151.9,150,,,,,,,,,,,,,,,,,,,,,,,,,,,,,,,,,,,,
2026-07-08T18:00:33.033838+00:00,2026-07-08T18:00:33.033699,2,1,152.55,0.5,152.3,100,151.9,150,,,,,,,,,,,,,,,,,152.8,100,,,,,,,,,,,,,,,,,,
2026-07-08T18:00:33.412159+00:00,2026-07-08T18:00:33.411976,1,1,152.55,0.5,152.3,100,,,,,,,,,,,,,,,,,,,152.8,100,,,,,,,,,,,,,,,,,,
2026-07-08T18:00:33.474200+00:00,2026-07-08T18:00:33.468989,2,1,152.75,0.1,152.7,138,152.3,100,,,,,,,,,,,,,,,,,152.8,100,,,,,,,,,,,,,,,,,,
2026-07-08T18:00:33.528737+00:00,2026-07-08T18:00:33.528648,2,2,152.75,0.1,152.7,138,152.3,100,,,,,,,,,,,,,,,,,152.8,100,153.2,150,,,,,,,,,,,,,,,,
2026-07-08T18:00:33.832643+00:00,2026-07-08T18:00:33.832498,2,2,152.75,0.1,152.7,138,152.3,100,,,,,,,,,,,,,,,,,152.8,50,153.2,150,,,,,,,,,,,,,,,,
2026-07-08T18:00:35.941627+00:00,2026-07-08T18:00:35.941553,2,1,152.95,0.5,152.7,138,152.3,100,,,,,,,,,,,,,,,,,153.2,150,,,,,,,,,,,,,,,,,,
2026-07-08T18:00:36.090107+00:00,2026-07-08T18:00:36.090009,1,1,152.95,0.5,152.7,138,,,,,,,,,,,,,,,,,,,153.2,150,,,,,,,,,,,,,,,,,,
2026-07-08T18:00:36.145362+00:00,2026-07-08T18:00:36.145220,1,1,152.95,0.5,152.7,238,,,,,,,,,,,,,,,,,,,153.2,150,,,,,,,,,,,,,,,,,,
2026-07-08T18:00:36.198742+00:00,2026-07-08T18:00:36.198697,1,1,152.95,0.5,152.7,238,,,,,,,,,,,,,,,,,,,153.2,250,,,,,,,,,,,,,,,,,,
2026-07-08T18:00:36.582121+00:00,2026-07-08T18:00:36.582063,1,1,152.95,0.5,152.7,238,,,,,,,,,,,,,,,,,,,153.2,100,,,,,,,,,,,,,,,,,,
2026-07-08T18:00:36.587368+00:00,2026-07-08T18:00:36.587229,1,1,152.95,0.5,152.7,100,,,,,,,,,,,,,,,,,,,153.2,100,,,,,,,,,,,,,,,,,,
2026-07-08T18:00:36.639726+00:00,2026-07-08T18:00:36.639628,2,1,153.05,0.3,152.9,150,152.7,100,,,,,,,,,,,,,,,,,153.2,100,,,,,,,,,,,,,,,,,,
2026-07-08T18:00:36.691802+00:00,2026-07-08T18:00:36.691739,2,2,153.05,0.3,152.9,150,152.7,100,,,,,,,,,,,,,,,,,153.2,100,153.4,150,,,,,,,,,,,,,,,,
2026-07-08T18:00:37.782380+00:00,2026-07-08T18:00:37.774856,2,2,153.05,0.3,152.9,127,152.7,100,,,,,,,,,,,,,,,,,153.2,100,153.4,150,,,,,,,,,,,,,,,,
2026-07-08T18:00:38.000801+00:00,2026-07-08T18:00:38.000893,2,2,153.05,0.3,152.9,84,152.7,100,,,,,,,,,,,,,,,,,153.2,100,153.4,150,,,,,,,,,,,,,,,,
2026-07-08T18:00:39.255745+00:00,2026-07-08T18:00:39.251105,1,1,153.15,0.5,152.9,73,,,,,,,,,,,,,,,,,,,153.4,150,,,,,,,,,,,,,,,,,,
2026-07-08T18:00:39.312952+00:00,2026-07-08T18:00:39.312852,2,1,153.15,0.5,152.9,73,152.4,100,,,,,,,,,,,,,,,,,153.4,150,,,,,,,,,,,,,,,,,,
2026-07-08T18:00:39.369502+00:00,2026-07-08T18:00:39.369394,1,2,152.65,0.5,152.4,100,,,,,,,,,,,,,,,,,,,152.9,27,153.4,150,,,,,,,,,,,,,,,,
2026-07-08T18:00:39.748788+00:00,2026-07-08T18:00:39.748758,1,1,152.65,0.5,152.4,100,,,,,,,,,,,,,,,,,,,152.9,27,,,,,,,,,,,,,,,,,,
2026-07-08T18:00:39.805239+00:00,2026-07-08T18:00:39.805118,2,1,152.65,0.5,152.4,100,151.9,150,,,,,,,,,,,,,,,,,152.9,27,,,,,,,,,,,,,,,,,,
2026-07-08T18:00:39.868736+00:00,2026-07-08T18:00:39.862772,1,2,152.15,0.5,151.9,150,,,,,,,,,,,,,,,,,,,152.4,27,152.9,27,,,,,,,,,,,,,,,,
2026-07-08T18:00:40.152459+00:00,2026-07-08T18:00:40.152693,1,1,152.4,1.0,151.9,150,,,,,,,,,,,,,,,,,,,152.9,4,,,,,,,,,,,,,,,,,,
2026-07-08T18:00:42.420507+00:00,2026-07-08T18:00:42.420649,1,0,,,151.9,150,,,,,,,,,,,,,,,,,,,,,,,,,,,,,,,,,,,,,,
2026-07-08T18:00:42.476401+00:00,2026-07-08T18:00:42.476338,2,0,,,152.4,100,151.9,150,,,,,,,,,,,,,,,,,,,,,,,,,,,,,,,,,,,,
2026-07-08T18:00:42.530279+00:00,2026-07-08T18:00:42.530242,2,1,152.65,0.5,152.4,100,151.9,150,,,,,,,,,,,,,,,,,152.9,100,,,,,,,,,,,,,,,,,,
2026-07-08T18:00:42.915684+00:00,2026-07-08T18:00:42.915576,1,1,152.65,0.5,152.4,100,,,,,,,,,,,,,,,,,,,152.9,100,,,,,,,,,,,,,,,,,,
2026-07-08T18:00:42.969115+00:00,2026-07-08T18:00:42.969002,2,1,152.7,0.4,152.5,150,152.4,100,,,,,,,,,,,,,,,,,152.9,100,,,,,,,,,,,,,,,,,,
2026-07-08T18:00:43.021811+00:00,2026-07-08T18:00:43.021718,2,2,152.7,0.4,152.5,150,152.4,100,,,,,,,,,,,,,,,,,152.9,100,153.0,150,,,,,,,,,,,,,,,,
2026-07-08T18:00:43.658597+00:00,2026-07-08T18:00:43.652293,2,2,152.7,0.4,152.5,105,152.4,100,,,,,,,,,,,,,,,,,152.9,100,153.0,150,,,,,,,,,,,,,,,,
2026-07-08T18:00:44.444564+00:00,2026-07-08T18:00:44.444489,2,2,152.7,0.4,152.5,55,152.4,100,,,,,,,,,,,,,,,,,152.9,100,153.0,150,,,,,,,,,,,,,,,,
2026-07-08T18:00:44.680601+00:00,2026-07-08T18:00:44.680693,2,2,152.7,0.4,152.5,55,152.4,100,,,,,,,,,,,,,,,,,152.9,52,153.0,150,,,,,,,,,,,,,,,,
2026-07-08T18:00:45.589099+00:00,2026-07-08T18:00:45.589067,1,1,152.75,0.5,152.5,55,,,,,,,,,,,,,,,,,,,153.0,150,,,,,,,,,,,,,,,,,,
2026-07-08T18:00:45.650888+00:00,2026-07-08T18:00:45.644810,2,1,152.75,0.5,152.5,43,152.4,100,,,,,,,,,,,,,,,,,153.0,150,,,,,,,,,,,,,,,,,,
2026-07-08T18:00:45.703692+00:00,2026-07-08T18:00:45.703648,2,2,152.7,0.4,152.5,43,152.4,100,,,,,,,,,,,,,,,,,152.9,100,153.0,150,,,,,,,,,,,,,,,,
2026-07-08T18:00:46.075196+00:00,2026-07-08T18:00:46.075102,1,1,152.65,0.5,152.4,100,,,,,,,,,,,,,,,,,,,152.9,100,,,,,,,,,,,,,,,,,,
2026-07-08T18:00:46.128163+00:00,2026-07-08T18:00:46.128057,2,1,152.65,0.5,152.4,100,151.9,150,,,,,,,,,,,,,,,,,152.9,100,,,,,,,,,,,,,,,,,,
2026-07-08T18:00:46.183541+00:00,2026-07-08T18:00:46.183398,1,2,152.15,0.5,151.9,150,,,,,,,,,,,,,,,,,,,152.4,50,152.9,100,,,,,,,,,,,,,,,,
2026-07-08T18:00:48.604034+00:00,2026-07-08T18:00:48.603853,1,1,152.4,1.0,151.9,150,,,,,,,,,,,,,,,,,,,152.9,100,,,,,,,,,,,,,,,,,,
2026-07-08T18:00:48.758636+00:00,2026-07-08T18:00:48.754688,1,0,,,151.9,150,,,,,,,,,,,,,,,,,,,,,,,,,,,,,,,,,,,,,,
2026-07-08T18:00:48.809325+00:00,2026-07-08T18:00:48.809276,2,0,,,152.0,100,151.9,150,,,,,,,,,,,,,,,,,,,,,,,,,,,,,,,,,,,,
2026-07-08T18:00:48.858685+00:00,2026-07-08T18:00:48.857754,2,1,152.25,0.5,152.0,100,151.9,150,,,,,,,,,,,,,,,,,152.5,100,,,,,,,,,,,,,,,,,,
2026-07-08T18:00:49.236415+00:00,2026-07-08T18:00:49.236307,1,1,152.25,0.5,152.0,100,,,,,,,,,,,,,,,,,,,152.5,100,,,,,,,,,,,,,,,,,,
2026-07-08T18:00:49.303548+00:00,2026-07-08T18:00:49.303372,2,0,,,152.5,50,152.0,100,,,,,,,,,,,,,,,,,,,,,,,,,,,,,,,,,,,,
2026-07-08T18:00:49.354285+00:00,2026-07-08T18:00:49.354431,2,1,152.75,0.5,152.5,50,152.0,100,,,,,,,,,,,,,,,,,153.0,150,,,,,,,,,,,,,,,,,,
2026-07-08T18:00:49.745462+00:00,2026-07-08T18:00:49.739879,2,1,152.75,0.5,152.5,39,152.0,100,,,,,,,,,,,,,,,,,153.0,150,,,,,,,,,,,,,,,,,,
2026-07-08T18:00:49.896061+00:00,2026-07-08T18:00:49.888106,2,1,152.75,0.5,152.5,28,152.0,100,,,,,,,,,,,,,,,,,153.0,150,,,,,,,,,,,,,,,,,,
2026-07-08T18:00:50.758683+00:00,2026-07-08T18:00:50.756389,1,1,152.5,1.0,152.0,78,,,,,,,,,,,,,,,,,,,153.0,150,,,,,,,,,,,,,,,,,,
2026-07-08T18:00:51.918736+00:00,2026-07-08T18:00:51.918669,0,1,,,,,,,,,,,,,,,,,,,,,,,153.0,150,,,,,,,,,,,,,,,,,,
2026-07-08T18:00:51.974369+00:00,2026-07-08T18:00:51.974447,1,1,152.45,1.1,151.9,100,,,,,,,,,,,,,,,,,,,153.0,150,,,,,,,,,,,,,,,,,,
2026-07-08T18:00:52.024163+00:00,2026-07-08T18:00:52.024096,1,2,152.15,0.5,151.9,100,,,,,,,,,,,,,,,,,,,152.4,100,153.0,150,,,,,,,,,,,,,,,,
2026-07-08T18:00:52.253109+00:00,2026-07-08T18:00:52.252958,1,2,152.15,0.5,151.9,56,,,,,,,,,,,,,,,,,,,152.4,100,153.0,150,,,,,,,,,,,,,,,,
2026-07-08T18:00:52.379962+00:00,2026-07-08T18:00:52.376885,1,2,152.15,0.5,151.9,56,,,,,,,,,,,,,,,,,,,152.4,89,153.0,150,,,,,,,,,,,,,,,,
2026-07-08T18:00:52.411822+00:00,2026-07-08T18:00:52.411725,1,1,152.15,0.5,151.9,56,,,,,,,,,,,,,,,,,,,152.4,89,,,,,,,,,,,,,,,,,,
2026-07-08T18:00:52.464935+00:00,2026-07-08T18:00:52.464807,2,1,152.15,0.5,151.9,56,151.6,150,,,,,,,,,,,,,,,,,152.4,89,,,,,,,,,,,,,,,,,,
2026-07-08T18:00:52.519259+00:00,2026-07-08T18:00:52.513954,2,2,152.0,0.2,151.9,56,151.6,150,,,,,,,,,,,,,,,,,152.1,150,152.4,89,,,,,,,,,,,,,,,,
2026-07-08T18:00:52.777771+00:00,2026-07-08T18:00:52.777638,2,2,152.0,0.2,151.9,11,151.6,150,,,,,,,,,,,,,,,,,152.1,150,152.4,89,,,,,,,,,,,,,,,,
2026-07-08T18:00:52.819012+00:00,2026-07-08T18:00:52.819151,2,2,152.0,0.2,151.9,11,151.6,150,,,,,,,,,,,,,,,,,152.1,100,152.4,89,,,,,,,,,,,,,,,,
2026-07-08T18:00:53.329942+00:00,2026-07-08T18:00:53.329861,2,2,152.0,0.2,151.9,11,151.6,150,,,,,,,,,,,,,,,,,152.1,52,152.4,89,,,,,,,,,,,,,,,,
2026-07-08T18:00:53.605665+00:00,2026-07-08T18:00:53.599260,2,2,152.0,0.2,151.9,11,151.6,150,,,,,,,,,,,,,,,,,152.1,41,152.4,89,,,,,,,,,,,,,,,,
2026-07-08T18:00:53.842644+00:00,2026-07-08T18:00:53.842562,1,2,151.85,0.5,151.6,112,,,,,,,,,,,,,,,,,,,152.1,41,152.4,89,,,,,,,,,,,,,,,,
2026-07-08T18:00:54.927793+00:00,2026-07-08T18:00:54.927682,1,1,152.0,0.8,151.6,112,,,,,,,,,,,,,,,,,,,152.4,80,,,,,,,,,,,,,,,,,,
2026-07-08T18:00:55.090260+00:00,2026-07-08T18:00:55.090152,1,0,,,151.6,112,,,,,,,,,,,,,,,,,,,,,,,,,,,,,,,,,,,,,,
2026-07-08T18:00:55.135660+00:00,2026-07-08T18:00:55.135554,1,0,,,151.6,212,,,,,,,,,,,,,,,,,,,,,,,,,,,,,,,,,,,,,,
2026-07-08T18:00:55.184853+00:00,2026-07-08T18:00:55.184756,1,1,151.85,0.5,151.6,212,,,,,,,,,,,,,,,,,,,152.1,100,,,,,,,,,,,,,,,,,,
2026-07-08T18:00:55.571104+00:00,2026-07-08T18:00:55.571068,1,1,151.85,0.5,151.6,100,,,,,,,,,,,,,,,,,,,152.1,100,,,,,,,,,,,,,,,,,,
2026-07-08T18:00:55.624220+00:00,2026-07-08T18:00:55.624156,2,1,152.0,0.2,151.9,150,151.6,100,,,,,,,,,,,,,,,,,152.1,100,,,,,,,,,,,,,,,,,,
2026-07-08T18:00:55.677262+00:00,2026-07-08T18:00:55.677166,2,2,152.0,0.2,151.9,150,151.6,100,,,,,,,,,,,,,,,,,152.1,100,152.4,150,,,,,,,,,,,,,,,,
2026-07-08T18:00:55.858638+00:00,2026-07-08T18:00:55.856921,2,2,152.0,0.2,151.9,101,151.6,100,,,,,,,,,,,,,,,,,152.1,100,152.4,150,,,,,,,,,,,,,,,,
2026-07-08T18:00:57.038712+00:00,2026-07-08T18:00:57.038614,2,2,152.0,0.2,151.9,101,151.6,100,,,,,,,,,,,,,,,,,152.1,50,152.4,150,,,,,,,,,,,,,,,,
2026-07-08T18:00:57.621690+00:00,2026-07-08T18:00:57.616223,2,2,152.0,0.2,151.9,101,151.6,100,,,,,,,,,,,,,,,,,152.1,38,152.4,150,,,,,,,,,,,,,,,,
2026-07-08T18:00:58.246136+00:00,2026-07-08T18:00:58.246104,1,1,152.15,0.5,151.9,101,,,,,,,,,,,,,,,,,,,152.4,150,,,,,,,,,,,,,,,,,,
2026-07-08T18:00:58.299702+00:00,2026-07-08T18:00:58.299602,2,1,152.2,0.4,152.0,100,151.9,101,,,,,,,,,,,,,,,,,152.4,150,,,,,,,,,,,,,,,,,,
2026-07-08T18:00:58.369213+00:00,2026-07-08T18:00:58.369114,2,2,152.2,0.4,152.0,100,151.9,101,,,,,,,,,,,,,,,,,152.4,150,152.5,100,,,,,,,,,,,,,,,,
2026-07-08T18:00:58.731051+00:00,2026-07-08T18:00:58.731261,1,1,152.25,0.5,152.0,100,,,,,,,,,,,,,,,,,,,152.5,100,,,,,,,,,,,,,,,,,,
2026-07-08T18:00:58.785965+00:00,2026-07-08T18:00:58.785857,1,1,152.25,0.5,152.0,250,,,,,,,,,,,,,,,,,,,152.5,100,,,,,,,,,,,,,,,,,,
2026-07-08T18:00:58.838805+00:00,2026-07-08T18:00:58.838756,1,1,152.25,0.5,152.0,250,,,,,,,,,,,,,,,,,,,152.5,250,,,,,,,,,,,,,,,,,,
2026-07-08T18:00:59.196496+00:00,2026-07-08T18:00:59.196384,1,1,152.25,0.5,152.0,200,,,,,,,,,,,,,,,,,,,152.5,250,,,,,,,,,,,,,,,,,,
2026-07-08T18:00:59.355846+00:00,2026-07-08T18:00:59.355973,1,1,152.25,0.5,152.0,200,,,,,,,,,,,,,,,,,,,152.5,207,,,,,,,,,,,,,,,,,,
2026-07-08T18:01:01.305861+00:00,2026-07-08T18:01:01.305758,1,1,152.25,0.5,152.0,150,,,,,,,,,,,,,,,,,,,152.5,207,,,,,,,,,,,,,,,,,,
2026-07-08T18:01:01.435261+00:00,2026-07-08T18:01:01.435175,1,1,152.25,0.5,152.0,150,,,,,,,,,,,,,,,,,,,152.5,150,,,,,,,,,,,,,,,,,,
2026-07-08T18:01:01.482494+00:00,2026-07-08T18:01:01.482635,2,1,152.25,0.5,152.0,150,151.7,100,,,,,,,,,,,,,,,,,152.5,150,,,,,,,,,,,,,,,,,,
2026-07-08T18:01:01.535979+00:00,2026-07-08T18:01:01.536127,2,2,152.1,0.2,152.0,150,151.7,100,,,,,,,,,,,,,,,,,152.2,100,152.5,150,,,,,,,,,,,,,,,,
2026-07-08T18:01:01.893150+00:00,2026-07-08T18:01:01.893065,1,1,151.95,0.5,151.7,100,,,,,,,,,,,,,,,,,,,152.2,100,,,,,,,,,,,,,,,,,,
2026-07-08T18:01:01.947662+00:00,2026-07-08T18:01:01.947582,2,1,152.05,0.3,151.9,150,151.7,100,,,,,,,,,,,,,,,,,152.2,100,,,,,,,,,,,,,,,,,,
2026-07-08T18:01:02.026366+00:00,2026-07-08T18:01:02.026269,2,2,152.05,0.3,151.9,150,151.7,100,,,,,,,,,,,,,,,,,152.2,100,152.4,150,,,,,,,,,,,,,,,,
2026-07-08T18:01:02.069000+00:00,2026-07-08T18:01:02.069102,2,2,152.05,0.3,151.9,150,151.7,100,,,,,,,,,,,,,,,,,152.2,51,152.4,150,,,,,,,,,,,,,,,,
2026-07-08T18:01:02.713275+00:00,2026-07-08T18:01:02.713174,2,2,152.05,0.3,151.9,150,151.7,100,,,,,,,,,,,,,,,,,152.2,10,152.4,150,,,,,,,,,,,,,,,,
2026-07-08T18:01:03.216741+00:00,2026-07-08T18:01:03.216684,2,2,152.05,0.3,151.9,105,151.7,100,,,,,,,,,,,,,,,,,152.2,10,152.4,150,,,,,,,,,,,,,,,,
2026-07-08T18:01:04.590452+00:00,2026-07-08T18:01:04.590397,1,1,152.15,0.5,151.9,105,,,,,,,,,,,,,,,,,,,152.4,150,,,,,,,,,,,,,,,,,,
2026-07-08T18:01:04.650025+00:00,2026-07-08T18:01:04.649930,2,1,152.2,0.4,152.0,100,151.9,105,,,,,,,,,,,,,,,,,152.4,150,,,,,,,,,,,,,,,,,,
2026-07-08T18:01:04.698940+00:00,2026-07-08T18:01:04.698839,2,2,152.2,0.4,152.0,100,151.9,105,,,,,,,,,,,,,,,,,152.4,150,152.5,100,,,,,,,,,,,,,,,,
2026-07-08T18:01:05.083345+00:00,2026-07-08T18:01:05.083271,1,1,152.25,0.5,152.0,100,,,,,,,,,,,,,,,,,,,152.5,100,,,,,,,,,,,,,,,,,,
2026-07-08T18:01:05.133842+00:00,2026-07-08T18:01:05.133778,2,1,152.25,0.5,152.0,100,151.7,150,,,,,,,,,,,,,,,,,152.5,100,,,,,,,,,,,,,,,,,,
2026-07-08T18:01:05.189688+00:00,2026-07-08T18:01:05.189768,2,2,152.1,0.2,152.0,100,151.7,150,,,,,,,,,,,,,,,,,152.2,150,152.5,100,,,,,,,,,,,,,,,,
2026-07-08T18:01:05.510096+00:00,2026-07-08T18:01:05.510072,2,2,152.1,0.2,152.0,50,151.7,150,,,,,,,,,,,,,,,,,152.2,150,152.5,100,,,,,,,,,,,,,,,,
2026-07-08T18:01:05.713882+00:00,2026-07-08T18:01:05.713822,2,2,152.1,0.2,152.0,9,151.7,150,,,,,,,,,,,,,,,,,152.2,150,152.5,100,,,,,,,,,,,,,,,,
2026-07-08T18:01:07.758573+00:00,2026-07-08T18:01:07.758125,1,1,151.95,0.5,151.7,150,,,,,,,,,,,,,,,,,,,152.2,150,,,,,,,,,,,,,,,,,,
2026-07-08T18:01:07.807851+00:00,2026-07-08T18:01:07.807758,2,1,151.95,0.5,151.7,150,151.6,100,,,,,,,,,,,,,,,,,152.2,150,,,,,,,,,,,,,,,,,,
2026-07-08T18:01:07.863968+00:00,2026-07-08T18:01:07.863909,2,2,151.9,0.4,151.7,150,151.6,100,,,,,,,,,,,,,,,,,152.1,100,152.2,150,,,,,,,,,,,,,,,,
2026-07-08T18:01:08.243870+00:00,2026-07-08T18:01:08.243837,1,1,151.85,0.5,151.6,100,,,,,,,,,,,,,,,,,,,152.1,100,,,,,,,,,,,,,,,,,,
2026-07-08T18:01:08.300178+00:00,2026-07-08T18:01:08.299998,2,1,151.95,0.3,151.8,150,151.6,100,,,,,,,,,,,,,,,,,152.1,100,,,,,,,,,,,,,,,,,,
2026-07-08T18:01:08.358658+00:00,2026-07-08T18:01:08.347539,2,2,151.95,0.3,151.8,150,151.6,100,,,,,,,,,,,,,,,,,152.1,100,152.3,150,,,,,,,,,,,,,,,,
2026-07-08T18:01:08.486607+00:00,2026-07-08T18:01:08.486473,2,2,151.95,0.3,151.8,150,151.6,100,,,,,,,,,,,,,,,,,152.1,53,152.3,150,,,,,,,,,,,,,,,,
2026-07-08T18:01:09.722284+00:00,2026-07-08T18:01:09.722247,2,2,151.95,0.3,151.8,100,151.6,100,,,,,,,,,,,,,,,,,152.1,53,152.3,150,,,,,,,,,,,,,,,,
2026-07-08T18:01:10.915830+00:00,2026-07-08T18:01:10.915728,2,1,152.05,0.5,151.8,100,151.6,100,,,,,,,,,,,,,,,,,152.3,150,,,,,,,,,,,,,,,,,,
2026-07-08T18:01:10.920814+00:00,2026-07-08T18:01:10.920899,1,1,152.05,0.5,151.8,100,,,,,,,,,,,,,,,,,,,152.3,150,,,,,,,,,,,,,,,,,,
2026-07-08T18:01:10.969610+00:00,2026-07-08T18:01:10.969545,2,1,152.05,0.5,151.8,100,151.7,100,,,,,,,,,,,,,,,,,152.3,150,,,,,,,,,,,,,,,,,,
2026-07-08T18:01:11.023028+00:00,2026-07-08T18:01:11.022930,2,2,152.0,0.4,151.8,100,151.7,100,,,,,,,,,,,,,,,,,152.2,100,152.3,150,,,,,,,,,,,,,,,,
2026-07-08T18:01:11.402834+00:00,2026-07-08T18:01:11.402772,1,1,151.95,0.5,151.7,100,,,,,,,,,,,,,,,,,,,152.2,100,,,,,,,,,,,,,,,,,,
2026-07-08T18:01:11.455811+00:00,2026-07-08T18:01:11.455704,2,1,151.95,0.5,151.7,100,151.3,150,,,,,,,,,,,,,,,,,152.2,100,,,,,,,,,,,,,,,,,,
2026-07-08T18:01:11.511266+00:00,2026-07-08T18:01:11.511206,2,2,151.75,0.1,151.7,100,151.3,150,,,,,,,,,,,,,,,,,151.8,150,152.2,100,,,,,,,,,,,,,,,,
2026-07-08T18:01:11.829791+00:00,2026-07-08T18:01:11.829992,2,2,151.75,0.1,151.7,50,151.3,150,,,,,,,,,,,,,,,,,151.8,150,152.2,100,,,,,,,,,,,,,,,,
2026-07-08T18:01:13.658065+00:00,2026-07-08T18:01:13.658305,2,2,151.75,0.1,151.7,50,151.3,150,,,,,,,,,,,,,,,,,151.8,104,152.2,100,,,,,,,,,,,,,,,,
2026-07-08T18:01:13.712923+00:00,2026-07-08T18:01:13.713122,2,2,151.75,0.1,151.7,3,151.3,150,,,,,,,,,,,,,,,,,151.8,104,152.2,100,,,,,,,,,,,,,,,,
2026-07-08T18:01:13.888812+00:00,2026-07-08T18:01:13.888665,2,2,151.75,0.1,151.7,3,151.3,150,,,,,,,,,,,,,,,,,151.8,54,152.2,100,,,,,,,,,,,,,,,,
2026-07-08T18:01:14.076040+00:00,2026-07-08T18:01:14.075936,1,1,151.55,0.5,151.3,150,,,,,,,,,,,,,,,,,,,151.8,54,,,,,,,,,,,,,,,,,,
2026-07-08T18:01:14.133620+00:00,2026-07-08T18:01:14.133541,2,1,151.6,0.4,151.4,100,151.3,150,,,,,,,,,,,,,,,,,151.8,54,,,,,,,,,,,,,,,,,,
2026-07-08T18:01:14.182434+00:00,2026-07-08T18:01:14.182561,2,2,151.6,0.4,151.4,100,151.3,150,,,,,,,,,,,,,,,,,151.8,54,151.9,100,,,,,,,,,,,,,,,,
2026-07-08T18:01:14.566562+00:00,2026-07-08T18:01:14.566449,1,1,151.65,0.5,151.4,100,,,,,,,,,,,,,,,,,,,151.9,100,,,,,,,,,,,,,,,,,,
2026-07-08T18:01:14.623184+00:00,2026-07-08T18:01:14.623061,2,1,151.8,0.2,151.7,150,151.4,100,,,,,,,,,,,,,,,,,151.9,100,,,,,,,,,,,,,,,,,,
2026-07-08T18:01:14.675806+00:00,2026-07-08T18:01:14.675702,2,2,151.8,0.2,151.7,150,151.4,100,,,,,,,,,,,,,,,,,151.9,100,152.2,150,,,,,,,,,,,,,,,,
2026-07-08T18:01:16.058686+00:00,2026-07-08T18:01:16.054833,2,2,151.8,0.2,151.7,100,151.4,100,,,,,,,,,,,,,,,,,151.9,100,152.2,150,,,,,,,,,,,,,,,,
2026-07-08T18:01:16.704385+00:00,2026-07-08T18:01:16.704254,2,2,151.8,0.2,151.7,60,151.4,100,,,,,,,,,,,,,,,,,151.9,100,152.2,150,,,,,,,,,,,,,,,,
2026-07-08T18:01:17.236749+00:00,2026-07-08T18:01:17.236728,2,1,151.95,0.5,151.7,60,151.4,100,,,,,,,,,,,,,,,,,152.2,150,,,,,,,,,,,,,,,,,,
2026-07-08T18:01:17.242022+00:00,2026-07-08T18:01:17.241915,1,1,151.95,0.5,151.7,60,,,,,,,,,,,,,,,,,,,152.2,150,,,,,,,,,,,,,,,,,,
2026-07-08T18:01:17.292590+00:00,2026-07-08T18:01:17.292479,2,1,151.95,0.5,151.7,60,151.4,100,,,,,,,,,,,,,,,,,152.2,150,,,,,,,,,,,,,,,,,,
2026-07-08T18:01:17.346246+00:00,2026-07-08T18:01:17.346143,2,2,151.8,0.2,151.7,60,151.4,100,,,,,,,,,,,,,,,,,151.9,100,152.2,150,,,,,,,,,,,,,,,,
2026-07-08T18:01:17.739055+00:00,2026-07-08T18:01:17.738953,1,1,151.65,0.5,151.4,100,,,,,,,,,,,,,,,,,,,151.9,100,,,,,,,,,,,,,,,,,,
2026-07-08T18:01:17.792455+00:00,2026-07-08T18:01:17.792364,1,1,151.65,0.5,151.4,250,,,,,,,,,,,,,,,,,,,151.9,100,,,,,,,,,,,,,,,,,,
2026-07-08T18:01:17.847039+00:00,2026-07-08T18:01:17.847190,1,1,151.65,0.5,151.4,250,,,,,,,,,,,,,,,,,,,151.9,250,,,,,,,,,,,,,,,,,,
2026-07-08T18:01:18.169197+00:00,2026-07-08T18:01:18.169080,1,1,151.65,0.5,151.4,200,,,,,,,,,,,,,,,,,,,151.9,250,,,,,,,,,,,,,,,,,,
2026-07-08T18:01:20.276395+00:00,2026-07-08T18:01:20.276270,1,1,151.65,0.5,151.4,150,,,,,,,,,,,,,,,,,,,151.9,250,,,,,,,,,,,,,,,,,,
2026-07-08T18:01:20.400658+00:00,2026-07-08T18:01:20.400626,1,1,151.65,0.5,151.4,150,,,,,,,,,,,,,,,,,,,151.9,150,,,,,,,,,,,,,,,,,,
2026-07-08T18:01:20.458595+00:00,2026-07-08T18:01:20.453397,2,1,151.65,0.5,151.4,150,151.1,100,,,,,,,,,,,,,,,,,151.9,150,,,,,,,,,,,,,,,,,,
2026-07-08T18:01:20.506060+00:00,2026-07-08T18:01:20.506181,2,2,151.5,0.2,151.4,150,151.1,100,,,,,,,,,,,,,,,,,151.6,100,151.9,150,,,,,,,,,,,,,,,,
2026-07-08T18:01:20.516625+00:00,2026-07-08T18:01:20.510500,2,2,151.5,0.2,151.4,150,151.1,100,,,,,,,,,,,,,,,,,151.6,77,151.9,150,,,,,,,,,,,,,,,,
2026-07-08T18:01:20.903823+00:00,2026-07-08T18:01:20.903935,1,1,151.35,0.5,151.1,100,,,,,,,,,,,,,,,,,,,151.6,77,,,,,,,,,,,,,,,,,,
2026-07-08T18:01:20.958638+00:00,2026-07-08T18:01:20.954710,2,1,151.5,0.2,151.4,150,151.1,100,,,,,,,,,,,,,,,,,151.6,77,,,,,,,,,,,,,,,,,,
2026-07-08T18:01:21.018488+00:00,2026-07-08T18:01:21.018423,2,2,151.5,0.2,151.4,150,151.1,100,,,,,,,,,,,,,,,,,151.6,77,151.9,150,,,,,,,,,,,,,,,,
2026-07-08T18:01:22.384704+00:00,2026-07-08T18:01:22.384592,2,2,151.5,0.2,151.4,100,151.1,100,,,,,,,,,,,,,,,,,151.6,77,151.9,150,,,,,,,,,,,,,,,,
2026-07-08T18:01:23.555464+00:00,2026-07-08T18:01:23.556968,1,1,151.65,0.5,151.4,100,,,,,,,,,,,,,,,,,,,151.9,150,,,,,,,,,,,,,,,,,,
2026-07-08T18:01:23.615436+00:00,2026-07-08T18:01:23.615374,2,1,151.65,0.5,151.4,100,151.1,100,,,,,,,,,,,,,,,,,151.9,150,,,,,,,,,,,,,,,,,,
2026-07-08T18:01:23.673502+00:00,2026-07-08T18:01:23.673589,2,2,151.5,0.2,151.4,100,151.1,100,,,,,,,,,,,,,,,,,151.6,100,151.9,150,,,,,,,,,,,,,,,,
2026-07-08T18:01:23.875910+00:00,2026-07-08T18:01:23.870016,2,2,151.5,0.2,151.4,88,151.1,100,,,,,,,,,,,,,,,,,151.6,100,151.9,150,,,,,,,,,,,,,,,,
2026-07-08T18:01:24.070377+00:00,2026-07-08T18:01:24.070303,2,1,151.5,0.2,151.4,88,151.1,100,,,,,,,,,,,,,,,,,151.6,100,,,,,,,,,,,,,,,,,,
2026-07-08T18:01:24.075550+00:00,2026-07-08T18:01:24.075460,1,1,151.35,0.5,151.1,100,,,,,,,,,,,,,,,,,,,151.6,100,,,,,,,,,,,,,,,,,,
2026-07-08T18:01:24.124544+00:00,2026-07-08T18:01:24.124470,2,1,151.35,0.5,151.1,100,150.6,150,,,,,,,,,,,,,,,,,151.6,100,,,,,,,,,,,,,,,,,,
2026-07-08T18:01:24.195337+00:00,2026-07-08T18:01:24.188317,1,2,150.85,0.5,150.6,150,,,,,,,,,,,,,,,,,,,151.1,38,151.6,100,,,,,,,,,,,,,,,,
2026-07-08T18:01:24.444290+00:00,2026-07-08T18:01:24.444118,1,1,151.1,1.0,150.6,150,,,,,,,,,,,,,,,,,,,151.6,88,,,,,,,,,,,,,,,,,,
2026-07-08T18:01:26.724379+00:00,2026-07-08T18:01:26.724298,1,0,,,150.6,150,,,,,,,,,,,,,,,,,,,,,,,,,,,,,,,,,,,,,,
2026-07-08T18:01:26.777586+00:00,2026-07-08T18:01:26.777543,1,0,,,150.6,250,,,,,,,,,,,,,,,,,,,,,,,,,,,,,,,,,,,,,,
2026-07-08T18:01:26.841395+00:00,2026-07-08T18:01:26.836391,1,1,150.85,0.5,150.6,250,,,,,,,,,,,,,,,,,,,151.1,86,,,,,,,,,,,,,,,,,,
2026-07-08T18:01:27.240756+00:00,2026-07-08T18:01:27.240638,1,1,150.85,0.5,150.6,100,,,,,,,,,,,,,,,,,,,151.1,86,,,,,,,,,,,,,,,,,,
2026-07-08T18:01:27.293851+00:00,2026-07-08T18:01:27.293982,2,0,,,151.4,64,150.6,100,,,,,,,,,,,,,,,,,,,,,,,,,,,,,,,,,,,,
2026-07-08T18:01:27.359313+00:00,2026-07-08T18:01:27.352467,2,1,151.65,0.5,151.4,61,150.6,100,,,,,,,,,,,,,,,,,151.9,150,,,,,,,,,,,,,,,,,,
2026-07-08T18:01:27.822352+00:00,2026-07-08T18:01:27.816441,2,1,151.65,0.5,151.4,38,150.6,100,,,,,,,,,,,,,,,,,151.9,150,,,,,,,,,,,,,,,,,,
2026-07-08T18:01:28.589314+00:00,2026-07-08T18:01:28.589136,2,1,151.65,0.5,151.4,38,150.6,100,,,,,,,,,,,,,,,,,151.9,104,,,,,,,,,,,,,,,,,,
2026-07-08T18:01:28.705929+00:00,2026-07-08T18:01:28.706075,1,1,151.25,1.3,150.6,100,,,,,,,,,,,,,,,,,,,151.9,104,,,,,,,,,,,,,,,,,,
2026-07-08T18:01:29.884543+00:00,2026-07-08T18:01:29.884506,0,1,,,,,,,,,,,,,,,,,,,,,,,151.9,104,,,,,,,,,,,,,,,,,,
2026-07-08T18:01:29.938231+00:00,2026-07-08T18:01:29.938125,1,1,151.4,1.0,150.9,100,,,,,,,,,,,,,,,,,,,151.9,104,,,,,,,,,,,,,,,,,,
2026-07-08T18:01:29.991013+00:00,2026-07-08T18:01:29.990934,1,2,151.15,0.5,150.9,100,,,,,,,,,,,,,,,,,,,151.4,100,151.9,104,,,,,,,,,,,,,,,,
2026-07-08T18:01:30.402686+00:00,2026-07-08T18:01:30.402843,1,1,151.15,0.5,150.9,100,,,,,,,,,,,,,,,,,,,151.4,100,,,,,,,,,,,,,,,,,,
2026-07-08T18:01:30.480481+00:00,2026-07-08T18:01:30.480614,2,1,151.2,0.4,151.0,150,150.9,100,,,,,,,,,,,,,,,,,151.4,100,,,,,,,,,,,,,,,,,,
2026-07-08T18:01:30.533303+00:00,2026-07-08T18:01:30.533220,2,2,151.2,0.4,151.0,150,150.9,100,,,,,,,,,,,,,,,,,151.4,100,151.5,150,,,,,,,,,,,,,,,,
2026-07-08T18:01:30.658703+00:00,2026-07-08T18:01:30.654086,2,2,151.2,0.4,151.0,150,150.9,100,,,,,,,,,,,,,,,,,151.4,54,151.5,150,,,,,,,,,,,,,,,,
2026-07-08T18:01:30.813000+00:00,2026-07-08T18:01:30.812918,2,2,151.2,0.4,151.0,100,150.9,100,,,,,,,,,,,,,,,,,151.4,54,151.5,150,,,,,,,,,,,,,,,,
2026-07-08T18:01:32.945278+00:00,2026-07-08T18:01:32.945409,2,2,151.2,0.4,151.0,50,150.9,100,,,,,,,,,,,,,,,,,151.4,54,151.5,150,,,,,,,,,,,,,,,,
2026-07-08T18:01:33.048841+00:00,2026-07-08T18:01:33.048765,1,1,151.25,0.5,151.0,50,,,,,,,,,,,,,,,,,,,151.5,150,,,,,,,,,,,,,,,,,,
2026-07-08T18:01:33.099287+00:00,2026-07-08T18:01:33.099206,2,1,151.25,0.5,151.0,50,150.9,100,,,,,,,,,,,,,,,,,151.5,150,,,,,,,,,,,,,,,,,,
2026-07-08T18:01:33.158559+00:00,2026-07-08T18:01:33.147102,2,2,151.2,0.4,151.0,50,150.9,100,,,,,,,,,,,,,,,,,151.4,100,151.5,150,,,,,,,,,,,,,,,,
2026-07-08T18:01:33.588069+00:00,2026-07-08T18:01:33.588183,1,1,151.15,0.5,150.9,100,,,,,,,,,,,,,,,,,,,151.4,100,,,,,,,,,,,,,,,,,,
2026-07-08T18:01:33.637207+00:00,2026-07-08T18:01:33.636848,2,1,151.15,0.5,150.9,100,150.5,150,,,,,,,,,,,,,,,,,151.4,100,,,,,,,,,,,,,,,,,,
2026-07-08T18:01:33.706218+00:00,2026-07-08T18:01:33.699568,2,2,150.95,0.1,150.9,100,150.5,150,,,,,,,,,,,,,,,,,151.0,124,151.4,100,,,,,,,,,,,,,,,,
2026-07-08T18:01:35.058646+00:00,2026-07-08T18:01:35.053460,2,2,150.95,0.1,150.9,50,150.5,150,,,,,,,,,,,,,,,,,151.0,124,151.4,100,,,,,,,,,,,,,,,,
2026-07-08T18:01:36.107107+00:00,2026-07-08T18:01:36.107202,2,2,150.95,0.1,150.9,50,150.5,150,,,,,,,,,,,,,,,,,151.0,84,151.4,100,,,,,,,,,,,,,,,,
2026-07-08T18:01:36.206399+00:00,2026-07-08T18:01:36.206378,1,1,150.75,0.5,150.5,150,,,,,,,,,,,,,,,,,,,151.0,84,,,,,,,,,,,,,,,,,,
2026-07-08T18:01:36.259910+00:00,2026-07-08T18:01:36.259757,2,1,150.85,0.3,150.7,100,150.5,150,,,,,,,,,,,,,,,,,151.0,84,,,,,,,,,,,,,,,,,,
2026-07-08T18:01:36.314358+00:00,2026-07-08T18:01:36.314521,2,2,150.85,0.3,150.7,100,150.5,150,,,,,,,,,,,,,,,,,151.0,84,151.2,100,,,,,,,,,,,,,,,,
2026-07-08T18:01:36.748640+00:00,2026-07-08T18:01:36.748751,1,1,150.95,0.5,150.7,100,,,,,,,,,,,,,,,,,,,151.2,100,,,,,,,,,,,,,,,,,,
2026-07-08T18:01:36.801261+00:00,2026-07-08T18:01:36.801135,1,1,150.95,0.5,150.7,250,,,,,,,,,,,,,,,,,,,151.2,100,,,,,,,,,,,,,,,,,,
2026-07-08T18:01:36.858631+00:00,2026-07-08T18:01:36.854223,1,1,150.95,0.5,150.7,250,,,,,,,,,,,,,,,,,,,151.2,250,,,,,,,,,,,,,,,,,,
2026-07-08T18:01:37.169410+00:00,2026-07-08T18:01:37.169593,1,1,150.95,0.5,150.7,200,,,,,,,,,,,,,,,,,,,151.2,250,,,,,,,,,,,,,,,,,,
2026-07-08T18:01:37.763851+00:00,2026-07-08T18:01:37.763725,1,1,150.95,0.5,150.7,152,,,,,,,,,,,,,,,,,,,151.2,250,,,,,,,,,,,,,,,,,,
2026-07-08T18:01:39.275774+00:00,2026-07-08T18:01:39.275703,1,1,150.95,0.5,150.7,102,,,,,,,,,,,,,,,,,,,151.2,250,,,,,,,,,,,,,,,,,,
2026-07-08T18:01:39.369905+00:00,2026-07-08T18:01:39.369828,1,1,150.95,0.5,150.7,102,,,,,,,,,,,,,,,,,,,151.2,150,,,,,,,,,,,,,,,,,,
2026-07-08T18:01:39.423057+00:00,2026-07-08T18:01:39.423184,2,1,150.95,0.5,150.7,102,150.3,100,,,,,,,,,,,,,,,,,151.2,150,,,,,,,,,,,,,,,,,,
2026-07-08T18:01:39.475901+00:00,2026-07-08T18:01:39.476060,2,2,150.75,0.1,150.7,102,150.3,100,,,,,,,,,,,,,,,,,150.8,100,151.2,150,,,,,,,,,,,,,,,,
2026-07-08T18:01:39.908751+00:00,2026-07-08T18:01:39.908853,1,1,150.55,0.5,150.3,100,,,,,,,,,,,,,,,,,,,150.8,100,,,,,,,,,,,,,,,,,,
2026-07-08T18:01:39.967536+00:00,2026-07-08T18:01:39.967454,1,1,150.55,0.5,150.3,250,,,,,,,,,,,,,,,,,,,150.8,100,,,,,,,,,,,,,,,,,,
2026-07-08T18:01:40.020915+00:00,2026-07-08T18:01:40.021006,1,1,150.55,0.5,150.3,250,,,,,,,,,,,,,,,,,,,150.8,250,,,,,,,,,,,,,,,,,,
2026-07-08T18:01:40.658557+00:00,2026-07-08T18:01:40.653984,1,1,150.55,0.5,150.3,210,,,,,,,,,,,,,,,,,,,150.8,250,,,,,,,,,,,,,,,,,,
2026-07-08T18:01:41.385625+00:00,2026-07-08T18:01:41.385551,1,1,150.55,0.5,150.3,160,,,,,,,,,,,,,,,,,,,150.8,250,,,,,,,,,,,,,,,,,,
2026-07-08T18:01:42.530207+00:00,2026-07-08T18:01:42.530154,1,1,150.55,0.5,150.3,160,,,,,,,,,,,,,,,,,,,150.8,150,,,,,,,,,,,,,,,,,,
2026-07-08T18:01:42.535351+00:00,2026-07-08T18:01:42.535303,1,1,150.55,0.5,150.3,150,,,,,,,,,,,,,,,,,,,150.8,150,,,,,,,,,,,,,,,,,,
2026-07-08T18:01:42.615178+00:00,2026-07-08T18:01:42.615133,2,1,150.55,0.5,150.3,150,150.0,100,,,,,,,,,,,,,,,,,150.8,150,,,,,,,,,,,,,,,,,,
2026-07-08T18:01:42.670992+00:00,2026-07-08T18:01:42.670897,2,2,150.4,0.2,150.3,150,150.0,100,,,,,,,,,,,,,,,,,150.5,100,150.8,150,,,,,,,,,,,,,,,,
2026-07-08T18:01:43.075743+00:00,2026-07-08T18:01:43.075643,1,1,150.25,0.5,150.0,100,,,,,,,,,,,,,,,,,,,150.5,100,,,,,,,,,,,,,,,,,,
2026-07-08T18:01:43.132125+00:00,2026-07-08T18:01:43.132010,2,1,150.35,0.3,150.2,150,150.0,100,,,,,,,,,,,,,,,,,150.5,100,,,,,,,,,,,,,,,,,,
2026-07-08T18:01:43.185530+00:00,2026-07-08T18:01:43.185404,2,2,150.35,0.3,150.2,150,150.0,100,,,,,,,,,,,,,,,,,150.5,100,150.7,150,,,,,,,,,,,,,,,,
2026-07-08T18:01:43.440835+00:00,2026-07-08T18:01:43.440953,2,2,150.35,0.3,150.2,150,150.0,100,,,,,,,,,,,,,,,,,150.5,50,150.7,150,,,,,,,,,,,,,,,,
2026-07-08T18:01:43.816353+00:00,2026-07-08T18:01:43.816220,2,2,150.35,0.3,150.2,150,150.0,100,,,,,,,,,,,,,,,,,150.5,6,150.7,150,,,,,,,,,,,,,,,,
2026-07-08T18:01:45.326769+00:00,2026-07-08T18:01:45.326640,2,2,150.35,0.3,150.2,103,150.0,100,,,,,,,,,,,,,,,,,150.5,6,150.7,150,,,,,,,,,,,,,,,,
2026-07-08T18:01:45.550028+00:00,2026-07-08T18:01:45.549960,2,1,150.45,0.5,150.2,103,150.0,100,,,,,,,,,,,,,,,,,150.7,150,,,,,,,,,,,,,,,,,,
2026-07-08T18:01:45.726375+00:00,2026-07-08T18:01:45.726254,1,1,150.45,0.5,150.2,103,,,,,,,,,,,,,,,,,,,150.7,150,,,,,,,,,,,,,,,,,,
2026-07-08T18:01:45.781620+00:00,2026-07-08T18:01:45.781460,2,1,150.45,0.5,150.2,103,150.1,100,,,,,,,,,,,,,,,,,150.7,150,,,,,,,,,,,,,,,,,,
2026-07-08T18:01:45.834862+00:00,2026-07-08T18:01:45.834819,2,2,150.4,0.4,150.2,103,150.1,100,,,,,,,,,,,,,,,,,150.6,100,150.7,150,,,,,,,,,,,,,,,,
2026-07-08T18:01:46.243173+00:00,2026-07-08T18:01:46.243131,1,1,150.35,0.5,150.1,100,,,,,,,,,,,,,,,,,,,150.6,100,,,,,,,,,,,,,,,,,,
2026-07-08T18:01:46.298230+00:00,2026-07-08T18:01:46.298042,2,1,150.35,0.5,150.1,100,150.0,150,,,,,,,,,,,,,,,,,150.6,100,,,,,,,,,,,,,,,,,,
2026-07-08T18:01:46.352994+00:00,2026-07-08T18:01:46.352824,2,2,150.3,0.4,150.1,100,150.0,150,,,,,,,,,,,,,,,,,150.5,150,150.6,100,,,,,,,,,,,,,,,,
2026-07-08T18:01:47.681347+00:00,2026-07-08T18:01:47.681282,2,2,150.3,0.4,150.1,100,150.0,150,,,,,,,,,,,,,,,,,150.5,100,150.6,100,,,,,,,,,,,,,,,,
2026-07-08T18:01:48.794917+00:00,2026-07-08T18:01:48.794784,2,2,150.3,0.4,150.1,100,150.0,150,,,,,,,,,,,,,,,,,150.5,56,150.6,100,,,,,,,,,,,,,,,,
2026-07-08T18:01:48.889797+00:00,2026-07-08T18:01:48.889732,1,1,150.25,0.5,150.0,150,,,,,,,,,,,,,,,,,,,150.5,56,,,,,,,,,,,,,,,,,,
2026-07-08T18:01:48.943123+00:00,2026-07-08T18:01:48.942985,2,1,150.3,0.4,150.1,100,150.0,150,,,,,,,,,,,,,,,,,150.5,56,,,,,,,,,,,,,,,,,,
2026-07-08T18:01:48.995345+00:00,2026-07-08T18:01:48.995207,2,2,150.3,0.4,150.1,100,150.0,150,,,,,,,,,,,,,,,,,150.5,56,150.6,100,,,,,,,,,,,,,,,,
2026-07-08T18:01:49.306437+00:00,2026-07-08T18:01:49.306406,2,2,150.3,0.4,150.1,100,150.0,150,,,,,,,,,,,,,,,,,150.5,12,150.6,100,,,,,,,,,,,,,,,,
2026-07-08T18:01:49.407748+00:00,2026-07-08T18:01:49.407644,1,1,150.35,0.5,150.1,100,,,,,,,,,,,,,,,,,,,150.6,100,,,,,,,,,,,,,,,,,,
2026-07-08T18:01:49.458654+00:00,2026-07-08T18:01:49.456909,2,1,150.55,0.1,150.5,150,150.1,100,,,,,,,,,,,,,,,,,150.6,100,,,,,,,,,,,,,,,,,,
2026-07-08T18:01:49.514857+00:00,2026-07-08T18:01:49.514766,2,2,150.55,0.1,150.5,150,150.1,100,,,,,,,,,,,,,,,,,150.6,100,151.0,150,,,,,,,,,,,,,,,,
2026-07-08T18:01:49.787038+00:00,2026-07-08T18:01:49.787166,2,2,150.55,0.1,150.5,150,150.1,100,,,,,,,,,,,,,,,,,150.6,50,151.0,150,,,,,,,,,,,,,,,,
2026-07-08T18:01:51.895188+00:00,2026-07-08T18:01:51.895106,2,1,150.75,0.5,150.5,150,150.1,100,,,,,,,,,,,,,,,,,151.0,150,,,,,,,,,,,,,,,,,,
2026-07-08T18:01:52.049908+00:00,2026-07-08T18:01:52.049827,1,1,150.75,0.5,150.5,150,,,,,,,,,,,,,,,,,,,151.0,150,,,,,,,,,,,,,,,,,,
2026-07-08T18:01:52.102843+00:00,2026-07-08T18:01:52.102739,2,1,150.75,0.5,150.5,150,150.3,100,,,,,,,,,,,,,,,,,151.0,150,,,,,,,,,,,,,,,,,,
2026-07-08T18:01:52.163829+00:00,2026-07-08T18:01:52.163797,2,2,150.65,0.3,150.5,150,150.3,100,,,,,,,,,,,,,,,,,150.8,100,151.0,150,,,,,,,,,,,,,,,,
2026-07-08T18:01:52.558656+00:00,2026-07-08T18:01:52.558233,2,1,150.65,0.3,150.5,150,150.3,100,,,,,,,,,,,,,,,,,150.8,100,,,,,,,,,,,,,,,,,,
2026-07-08T18:01:52.569804+00:00,2026-07-08T18:01:52.569909,1,1,150.55,0.5,150.3,100,,,,,,,,,,,,,,,,,,,150.8,100,,,,,,,,,,,,,,,,,,
2026-07-08T18:01:52.621518+00:00,2026-07-08T18:01:52.621428,2,1,150.6,0.4,150.4,150,150.3,100,,,,,,,,,,,,,,,,,150.8,100,,,,,,,,,,,,,,,,,,
2026-07-08T18:01:52.674238+00:00,2026-07-08T18:01:52.674124,2,2,150.6,0.4,150.4,150,150.3,100,,,,,,,,,,,,,,,,,150.8,100,150.9,150,,,,,,,,,,,,,,,,
2026-07-08T18:01:55.213704+00:00,2026-07-08T18:01:55.213627,2,1,150.65,0.5,150.4,150,150.3,100,,,,,,,,,,,,,,,,,150.9,150,,,,,,,,,,,,,,,,,,
2026-07-08T18:01:55.218888+00:00,2026-07-08T18:01:55.218802,1,1,150.65,0.5,150.4,150,,,,,,,,,,,,,,,,,,,150.9,150,,,,,,,,,,,,,,,,,,
2026-07-08T18:01:55.270300+00:00,2026-07-08T18:01:55.270181,2,1,150.65,0.5,150.4,150,150.1,100,,,,,,,,,,,,,,,,,150.9,150,,,,,,,,,,,,,,,,,,
2026-07-08T18:01:55.358676+00:00,2026-07-08T18:01:55.327972,2,2,150.5,0.2,150.4,150,150.1,100,,,,,,,,,,,,,,,,,150.6,100,150.9,150,,,,,,,,,,,,,,,,
2026-07-08T18:01:55.604600+00:00,2026-07-08T18:01:55.604731,2,2,150.5,0.2,150.4,106,150.1,100,,,,,,,,,,,,,,,,,150.6,100,150.9,150,,,,,,,,,,,,,,,,
2026-07-08T18:01:55.725883+00:00,2026-07-08T18:01:55.725860,2,1,150.5,0.2,150.4,106,150.1,100,,,,,,,,,,,,,,,,,150.6,100,,,,,,,,,,,,,,,,,,
2026-07-08T18:01:55.731081+00:00,2026-07-08T18:01:55.731014,1,1,150.35,0.5,150.1,100,,,,,,,,,,,,,,,,,,,150.6,100,,,,,,,,,,,,,,,,,,
2026-07-08T18:01:55.785018+00:00,2026-07-08T18:01:55.784910,2,1,150.4,0.4,150.2,150,150.1,100,,,,,,,,,,,,,,,,,150.6,100,,,,,,,,,,,,,,,,,,
2026-07-08T18:01:55.837980+00:00,2026-07-08T18:01:55.837898,2,2,150.4,0.4,150.2,150,150.1,100,,,,,,,,,,,,,,,,,150.6,100,150.7,150,,,,,,,,,,,,,,,,
2026-07-08T18:01:56.108231+00:00,2026-07-08T18:01:56.108096,2,2,150.4,0.4,150.2,150,150.1,100,,,,,,,,,,,,,,,,,150.6,50,150.7,150,,,,,,,,,,,,,,,,
2026-07-08T18:01:56.197284+00:00,2026-07-08T18:01:56.197217,2,2,150.4,0.4,150.2,150,150.1,100,,,,,,,,,,,,,,,,,150.6,6,150.7,150,,,,,,,,,,,,,,,,
2026-07-08T18:01:58.216569+00:00,2026-07-08T18:01:58.216524,2,1,150.45,0.5,150.2,150,150.1,100,,,,,,,,,,,,,,,,,150.7,106,,,,,,,,,,,,,,,,,,
2026-07-08T18:01:58.388231+00:00,2026-07-08T18:01:58.388119,1,1,150.45,0.5,150.2,150,,,,,,,,,,,,,,,,,,,150.7,106,,,,,,,,,,,,,,,,,,
2026-07-08T18:01:58.441706+00:00,2026-07-08T18:01:58.441561,1,1,150.45,0.5,150.2,150,,,,,,,,,,,,,,,,,,,150.7,6,,,,,,,,,,,,,,,,,,
2026-07-08T18:01:58.491442+00:00,2026-07-08T18:01:58.491595,1,2,150.45,0.5,150.2,150,,,,,,,,,,,,,,,,,,,150.7,6,151.2,100,,,,,,,,,,,,,,,,
2026-07-08T18:01:58.892595+00:00,2026-07-08T18:01:58.892542,0,1,,,,,,,,,,,,,,,,,,,,,,,151.2,100,,,,,,,,,,,,,,,,,,
2026-07-08T18:01:58.955651+00:00,2026-07-08T18:01:58.949961,1,1,151.05,0.3,150.9,147,,,,,,,,,,,,,,,,,,,151.2,100,,,,,,,,,,,,,,,,,,
2026-07-08T18:01:58.997471+00:00,2026-07-08T18:01:58.997332,1,2,151.05,0.3,150.9,147,,,,,,,,,,,,,,,,,,,151.2,100,151.4,150,,,,,,,,,,,,,,,,
2026-07-08T18:02:00.326952+00:00,2026-07-08T18:02:00.327080,1,2,151.05,0.3,150.9,147,,,,,,,,,,,,,,,,,,,151.2,50,151.4,150,,,,,,,,,,,,,,,,
2026-07-08T18:02:01.558599+00:00,2026-07-08T18:02:01.550076,1,1,151.15,0.5,150.9,147,,,,,,,,,,,,,,,,,,,151.4,150,,,,,,,,,,,,,,,,,,
2026-07-08T18:02:01.603110+00:00,2026-07-08T18:02:01.603277,2,1,151.15,0.5,150.9,147,150.7,100,,,,,,,,,,,,,,,,,151.4,150,,,,,,,,,,,,,,,,,,
2026-07-08T18:02:01.656450+00:00,2026-07-08T18:02:01.656582,2,2,151.05,0.3,150.9,147,150.7,100,,,,,,,,,,,,,,,,,151.2,100,151.4,150,,,,,,,,,,,,,,,,
2026-07-08T18:02:02.058641+00:00,2026-07-08T18:02:02.053660,1,1,150.95,0.5,150.7,100,,,,,,,,,,,,,,,,,,,151.2,100,,,,,,,,,,,,,,,,,,
2026-07-08T18:02:02.117800+00:00,2026-07-08T18:02:02.109481,2,1,151.1,0.2,151.0,139,150.7,100,,,,,,,,,,,,,,,,,151.2,100,,,,,,,,,,,,,,,,,,
2026-07-08T18:02:02.162008+00:00,2026-07-08T18:02:02.161967,2,2,151.1,0.2,151.0,139,150.7,100,,,,,,,,,,,,,,,,,151.2,100,151.5,150,,,,,,,,,,,,,,,,
2026-07-08T18:02:02.482433+00:00,2026-07-08T18:02:02.482304,2,2,151.1,0.2,151.0,89,150.7,100,,,,,,,,,,,,,,,,,151.2,100,151.5,150,,,,,,,,,,,,,,,,
2026-07-08T18:02:02.614307+00:00,2026-07-08T18:02:02.602591,2,2,151.1,0.2,151.0,77,150.7,100,,,,,,,,,,,,,,,,,151.2,100,151.5,150,,,,,,,,,,,,,,,,
2026-07-08T18:02:03.542726+00:00,2026-07-08T18:02:03.542694,2,2,151.1,0.2,151.0,33,150.7,100,,,,,,,,,,,,,,,,,151.2,100,151.5,150,,,,,,,,,,,,,,,,
2026-07-08T18:02:04.537475+00:00,2026-07-08T18:02:04.537400,2,2,151.1,0.2,151.0,33,150.7,100,,,,,,,,,,,,,,,,,151.2,50,151.5,150,,,,,,,,,,,,,,,,
2026-07-08T18:02:04.613709+00:00,2026-07-08T18:02:04.613585,1,2,150.95,0.5,150.7,93,,,,,,,,,,,,,,,,,,,151.2,50,151.5,150,,,,,,,,,,,,,,,,
2026-07-08T18:02:04.711956+00:00,2026-07-08T18:02:04.711851,0,1,,,,,,,,,,,,,,,,,,,,,,,151.5,150,,,,,,,,,,,,,,,,,,
2026-07-08T18:02:04.766380+00:00,2026-07-08T18:02:04.766462,1,1,151.05,0.9,150.6,100,,,,,,,,,,,,,,,,,,,151.5,150,,,,,,,,,,,,,,,,,,
2026-07-08T18:02:04.820176+00:00,2026-07-08T18:02:04.820036,1,2,150.85,0.5,150.6,100,,,,,,,,,,,,,,,,,,,151.1,100,151.5,150,,,,,,,,,,,,,,,,
2026-07-08T18:02:05.213208+00:00,2026-07-08T18:02:05.213134,1,1,150.85,0.5,150.6,100,,,,,,,,,,,,,,,,,,,151.1,100,,,,,,,,,,,,,,,,,,
2026-07-08T18:02:05.268403+00:00,2026-07-08T18:02:05.268313,2,1,150.85,0.5,150.6,100,150.3,150,,,,,,,,,,,,,,,,,151.1,100,,,,,,,,,,,,,,,,,,
2026-07-08T18:02:05.333966+00:00,2026-07-08T18:02:05.327409,2,2,150.7,0.2,150.6,100,150.3,150,,,,,,,,,,,,,,,,,150.8,138,151.1,100,,,,,,,,,,,,,,,,
2026-07-08T18:02:06.646705+00:00,2026-07-08T18:02:06.646632,2,2,150.7,0.2,150.6,100,150.3,150,,,,,,,,,,,,,,,,,150.8,88,151.1,100,,,,,,,,,,,,,,,,
2026-07-08T18:02:06.685310+00:00,2026-07-08T18:02:06.685239,2,2,150.7,0.2,150.6,100,150.3,150,,,,,,,,,,,,,,,,,150.8,44,151.1,100,,,,,,,,,,,,,,,,
2026-07-08T18:02:07.874782+00:00,2026-07-08T18:02:07.874709,1,1,150.55,0.5,150.3,150,,,,,,,,,,,,,,,,,,,150.8,44,,,,,,,,,,,,,,,,,,
2026-07-08T18:02:07.929483+00:00,2026-07-08T18:02:07.929349,2,1,150.65,0.3,150.5,100,150.3,150,,,,,,,,,,,,,,,,,150.8,44,,,,,,,,,,,,,,,,,,
2026-07-08T18:02:07.983015+00:00,2026-07-08T18:02:07.982946,2,2,150.65,0.3,150.5,100,150.3,150,,,,,,,,,,,,,,,,,150.8,44,151.0,100,,,,,,,,,,,,,,,,
2026-07-08T18:02:08.372639+00:00,2026-07-08T18:02:08.372496,1,1,150.75,0.5,150.5,100,,,,,,,,,,,,,,,,,,,151.0,100,,,,,,,,,,,,,,,,,,
2026-07-08T18:02:08.424473+00:00,2026-07-08T18:02:08.424595,1,1,150.75,0.5,150.5,250,,,,,,,,,,,,,,,,,,,151.0,100,,,,,,,,,,,,,,,,,,
2026-07-08T18:02:08.480761+00:00,2026-07-08T18:02:08.480648,1,2,150.7,0.4,150.5,250,,,,,,,,,,,,,,,,,,,150.9,150,151.0,100,,,,,,,,,,,,,,,,
2026-07-08T18:02:08.804899+00:00,2026-07-08T18:02:08.804769,1,2,150.7,0.4,150.5,200,,,,,,,,,,,,,,,,,,,150.9,150,151.0,100,,,,,,,,,,,,,,,,
2026-07-08T18:02:09.678234+00:00,2026-07-08T18:02:09.678457,1,2,150.7,0.4,150.5,157,,,,,,,,,,,,,,,,,,,150.9,150,151.0,100,,,,,,,,,,,,,,,,
2026-07-08T18:02:10.163976+00:00,2026-07-08T18:02:10.163900,1,2,150.7,0.4,150.5,157,,,,,,,,,,,,,,,,,,,150.9,110,151.0,100,,,,,,,,,,,,,,,,
2026-07-08T18:02:10.912116+00:00,2026-07-08T18:02:10.912031,1,2,150.7,0.4,150.5,107,,,,,,,,,,,,,,,,,,,150.9,110,151.0,100,,,,,,,,,,,,,,,,
2026-07-08T18:02:11.037820+00:00,2026-07-08T18:02:11.037729,1,1,150.7,0.4,150.5,107,,,,,,,,,,,,,,,,,,,150.9,110,,,,,,,,,,,,,,,,,,
2026-07-08T18:02:11.089844+00:00,2026-07-08T18:02:11.089921,2,1,150.7,0.4,150.5,107,150.3,100,,,,,,,,,,,,,,,,,150.9,110,,,,,,,,,,,,,,,,,,
2026-07-08T18:02:11.143943+00:00,2026-07-08T18:02:11.143868,2,2,150.65,0.3,150.5,107,150.3,100,,,,,,,,,,,,,,,,,150.8,100,150.9,110,,,,,,,,,,,,,,,,
2026-07-08T18:02:11.534331+00:00,2026-07-08T18:02:11.534466,1,1,150.55,0.5,150.3,100,,,,,,,,,,,,,,,,,,,150.8,100,,,,,,,,,,,,,,,,,,
2026-07-08T18:02:11.589851+00:00,2026-07-08T18:02:11.589753,2,1,150.7,0.2,150.6,150,150.3,100,,,,,,,,,,,,,,,,,150.8,100,,,,,,,,,,,,,,,,,,
2026-07-08T18:02:11.639784+00:00,2026-07-08T18:02:11.639657,2,2,150.7,0.2,150.6,150,150.3,100,,,,,,,,,,,,,,,,,150.8,100,151.1,150,,,,,,,,,,,,,,,,
2026-07-08T18:02:12.971445+00:00,2026-07-08T18:02:12.971313,2,2,150.7,0.2,150.6,150,150.3,100,,,,,,,,,,,,,,,,,150.8,50,151.1,150,,,,,,,,,,,,,,,,
2026-07-08T18:02:14.196850+00:00,2026-07-08T18:02:14.196786,2,1,150.85,0.5,150.6,150,150.3,100,,,,,,,,,,,,,,,,,151.1,150,,,,,,,,,,,,,,,,,,
2026-07-08T18:02:14.202033+00:00,2026-07-08T18:02:14.201952,1,1,150.85,0.5,150.6,150,,,,,,,,,,,,,,,,,,,151.1,150,,,,,,,,,,,,,,,,,,
2026-07-08T18:02:14.258608+00:00,2026-07-08T18:02:14.255415,2,1,150.85,0.5,150.6,150,150.4,100,,,,,,,,,,,,,,,,,151.1,150,,,,,,,,,,,,,,,,,,
2026-07-08T18:02:14.308049+00:00,2026-07-08T18:02:14.308020,2,2,150.75,0.3,150.6,150,150.4,100,,,,,,,,,,,,,,,,,150.9,100,151.1,150,,,,,,,,,,,,,,,,
2026-07-08T18:02:14.717552+00:00,2026-07-08T18:02:14.717482,2,1,150.75,0.3,150.6,150,150.4,100,,,,,,,,,,,,,,,,,150.9,100,,,,,,,,,,,,,,,,,,
2026-07-08T18:02:14.722840+00:00,2026-07-08T18:02:14.722703,1,1,150.65,0.5,150.4,100,,,,,,,,,,,,,,,,,,,150.9,100,,,,,,,,,,,,,,,,,,
2026-07-08T18:02:14.774220+00:00,2026-07-08T18:02:14.774184,2,1,150.7,0.4,150.5,150,150.4,100,,,,,,,,,,,,,,,,,150.9,100,,,,,,,,,,,,,,,,,,
2026-07-08T18:02:14.833400+00:00,2026-07-08T18:02:14.833312,2,2,150.7,0.4,150.5,150,150.4,100,,,,,,,,,,,,,,,,,150.9,100,151.0,150,,,,,,,,,,,,,,,,
2026-07-08T18:02:15.075824+00:00,2026-07-08T18:02:15.075708,2,2,150.7,0.4,150.5,150,150.4,100,,,,,,,,,,,,,,,,,150.9,50,151.0,150,,,,,,,,,,,,,,,,
2026-07-08T18:02:17.186821+00:00,2026-07-08T18:02:17.186947,2,1,150.75,0.5,150.5,150,150.4,100,,,,,,,,,,,,,,,,,151.0,150,,,,,,,,,,,,,,,,,,
2026-07-08T18:02:17.358626+00:00,2026-07-08T18:02:17.357570,1,1,150.75,0.5,150.5,150,,,,,,,,,,,,,,,,,,,151.0,150,,,,,,,,,,,,,,,,,,
2026-07-08T18:02:17.418168+00:00,2026-07-08T18:02:17.418079,2,1,150.85,0.3,150.7,100,150.5,150,,,,,,,,,,,,,,,,,151.0,150,,,,,,,,,,,,,,,,,,
2026-07-08T18:02:17.472543+00:00,2026-07-08T18:02:17.472462,2,2,150.85,0.3,150.7,100,150.5,150,,,,,,,,,,,,,,,,,151.0,150,151.2,100,,,,,,,,,,,,,,,,
2026-07-08T18:02:17.888076+00:00,2026-07-08T18:02:17.888201,1,1,150.95,0.5,150.7,100,,,,,,,,,,,,,,,,,,,151.2,100,,,,,,,,,,,,,,,,,,
2026-07-08T18:02:17.943116+00:00,2026-07-08T18:02:17.942932,2,1,150.95,0.5,150.7,100,150.5,150,,,,,,,,,,,,,,,,,151.2,100,,,,,,,,,,,,,,,,,,
2026-07-08T18:02:17.995576+00:00,2026-07-08T18:02:17.995462,2,2,150.85,0.3,150.7,100,150.5,150,,,,,,,,,,,,,,,,,151.0,150,151.2,100,,,,,,,,,,,,,,,,
2026-07-08T18:02:19.018370+00:00,2026-07-08T18:02:19.003453,2,2,150.85,0.3,150.7,88,150.5,150,,,,,,,,,,,,,,,,,151.0,150,151.2,100,,,,,,,,,,,,,,,,
2026-07-08T18:02:19.295402+00:00,2026-07-08T18:02:19.295357,2,2,150.85,0.3,150.7,88,150.5,150,,,,,,,,,,,,,,,,,151.0,100,151.2,100,,,,,,,,,,,,,,,,
2026-07-08T18:02:20.527280+00:00,2026-07-08T18:02:20.527132,1,1,150.75,0.5,150.5,150,,,,,,,,,,,,,,,,,,,151.0,100,,,,,,,,,,,,,,,,,,
2026-07-08T18:02:20.581951+00:00,2026-07-08T18:02:20.581867,2,1,150.8,0.4,150.6,100,150.5,150,,,,,,,,,,,,,,,,,151.0,100,,,,,,,,,,,,,,,,,,
2026-07-08T18:02:20.636322+00:00,2026-07-08T18:02:20.636227,2,2,150.8,0.4,150.6,100,150.5,150,,,,,,,,,,,,,,,,,151.0,100,151.1,100,,,,,,,,,,,,,,,,
2026-07-08T18:02:21.049827+00:00,2026-07-08T18:02:21.049727,1,1,150.85,0.5,150.6,100,,,,,,,,,,,,,,,,,,,151.1,100,,,,,,,,,,,,,,,,,,
2026-07-08T18:02:21.104055+00:00,2026-07-08T18:02:21.103968,2,1,150.9,0.4,150.7,150,150.6,100,,,,,,,,,,,,,,,,,151.1,100,,,,,,,,,,,,,,,,,,
2026-07-08T18:02:21.163875+00:00,2026-07-08T18:02:21.163752,2,2,150.9,0.4,150.7,150,150.6,100,,,,,,,,,,,,,,,,,151.1,100,151.2,150,,,,,,,,,,,,,,,,
2026-07-08T18:02:21.452202+00:00,2026-07-08T18:02:21.452127,2,2,150.9,0.4,150.7,100,150.6,100,,,,,,,,,,,,,,,,,151.1,100,151.2,150,,,,,,,,,,,,,,,,
2026-07-08T18:02:22.912917+00:00,2026-07-08T18:02:22.912776,2,2,150.9,0.4,150.7,52,150.6,100,,,,,,,,,,,,,,,,,151.1,100,151.2,150,,,,,,,,,,,,,,,,
2026-07-08T18:02:23.496073+00:00,2026-07-08T18:02:23.495969,2,2,150.9,0.4,150.7,52,150.6,100,,,,,,,,,,,,,,,,,151.1,60,151.2,150,,,,,,,,,,,,,,,,
2026-07-08T18:02:23.559758+00:00,2026-07-08T18:02:23.559654,2,2,150.9,0.4,150.7,2,150.6,100,,,,,,,,,,,,,,,,,151.1,60,151.2,150,,,,,,,,,,,,,,,,
2026-07-08T18:02:23.692489+00:00,2026-07-08T18:02:23.692463,1,1,150.95,0.5,150.7,2,,,,,,,,,,,,,,,,,,,151.2,150,,,,,,,,,,,,,,,,,,
2026-07-08T18:02:23.745485+00:00,2026-07-08T18:02:23.745344,1,1,150.95,0.5,150.7,102,,,,,,,,,,,,,,,,,,,151.2,150,,,,,,,,,,,,,,,,,,
2026-07-08T18:02:23.797847+00:00,2026-07-08T18:02:23.797769,1,1,150.95,0.5,150.7,102,,,,,,,,,,,,,,,,,,,151.2,250,,,,,,,,,,,,,,,,,,
2026-07-08T18:02:24.213347+00:00,2026-07-08T18:02:24.213237,1,1,150.95,0.5,150.7,100,,,,,,,,,,,,,,,,,,,151.2,100,,,,,,,,,,,,,,,,,,
2026-07-08T18:02:24.270274+00:00,2026-07-08T18:02:24.270153,2,1,150.95,0.5,150.7,100,150.1,150,,,,,,,,,,,,,,,,,151.2,100,,,,,,,,,,,,,,,,,,
2026-07-08T18:02:24.323458+00:00,2026-07-08T18:02:24.323380,1,2,150.35,0.5,150.1,150,,,,,,,,,,,,,,,,,,,150.6,50,151.2,100,,,,,,,,,,,,,,,,
2026-07-08T18:02:25.625473+00:00,2026-07-08T18:02:25.625361,1,1,150.65,1.1,150.1,150,,,,,,,,,,,,,,,,,,,151.2,100,,,,,,,,,,,,,,,,,,
2026-07-08T18:02:26.858578+00:00,2026-07-08T18:02:26.856492,1,0,,,150.1,150,,,,,,,,,,,,,,,,,,,,,,,,,,,,,,,,,,,,,,
2026-07-08T18:02:26.904679+00:00,2026-07-08T18:02:26.904821,2,0,,,150.3,100,150.1,150,,,,,,,,,,,,,,,,,,,,,,,,,,,,,,,,,,,,
2026-07-08T18:02:26.958639+00:00,2026-07-08T18:02:26.957476,2,1,150.55,0.5,150.3,100,150.1,150,,,,,,,,,,,,,,,,,150.8,100,,,,,,,,,,,,,,,,,,
2026-07-08T18:02:27.379774+00:00,2026-07-08T18:02:27.379685,1,1,150.55,0.5,150.3,100,,,,,,,,,,,,,,,,,,,150.8,100,,,,,,,,,,,,,,,,,,
2026-07-08T18:02:27.431310+00:00,2026-07-08T18:02:27.431197,2,1,150.6,0.4,150.4,150,150.3,100,,,,,,,,,,,,,,,,,150.8,100,,,,,,,,,,,,,,,,,,
2026-07-08T18:02:27.489099+00:00,2026-07-08T18:02:27.489015,2,2,150.6,0.4,150.4,150,150.3,100,,,,,,,,,,,,,,,,,150.8,100,150.9,150,,,,,,,,,,,,,,,,
2026-07-08T18:02:27.728868+00:00,2026-07-08T18:02:27.728803,2,2,150.6,0.4,150.4,150,150.3,100,,,,,,,,,,,,,,,,,150.8,50,150.9,150,,,,,,,,,,,,,,,,
2026-07-08T18:02:29.848735+00:00,2026-07-08T18:02:29.848601,2,1,150.65,0.5,150.4,150,150.3,100,,,,,,,,,,,,,,,,,150.9,150,,,,,,,,,,,,,,,,,,
2026-07-08T18:02:30.011195+00:00,2026-07-08T18:02:30.011098,1,1,150.65,0.5,150.4,150,,,,,,,,,,,,,,,,,,,150.9,150,,,,,,,,,,,,,,,,,,
2026-07-08T18:02:30.066594+00:00,2026-07-08T18:02:30.066480,2,1,150.7,0.4,150.5,100,150.4,150,,,,,,,,,,,,,,,,,150.9,150,,,,,,,,,,,,,,,,,,
2026-07-08T18:02:30.119498+00:00,2026-07-08T18:02:30.119393,2,2,150.7,0.4,150.5,100,150.4,150,,,,,,,,,,,,,,,,,150.9,150,151.0,100,,,,,,,,,,,,,,,,
2026-07-08T18:02:30.543338+00:00,2026-07-08T18:02:30.543490,1,1,150.75,0.5,150.5,100,,,,,,,,,,,,,,,,,,,151.0,100,,,,,,,,,,,,,,,,,,
2026-07-08T18:02:30.598067+00:00,2026-07-08T18:02:30.597990,2,1,150.75,0.5,150.5,100,150.4,150,,,,,,,,,,,,,,,,,151.0,100,,,,,,,,,,,,,,,,,,
2026-07-08T18:02:30.651727+00:00,2026-07-08T18:02:30.651829,2,2,150.7,0.4,150.5,100,150.4,150,,,,,,,,,,,,,,,,,150.9,150,151.0,100,,,,,,,,,,,,,,,,
2026-07-08T18:02:31.950070+00:00,2026-07-08T18:02:31.949995,2,2,150.7,0.4,150.5,100,150.4,150,,,,,,,,,,,,,,,,,150.9,100,151.0,100,,,,,,,,,,,,,,,,
2026-07-08T18:02:33.174675+00:00,2026-07-08T18:02:33.174639,1,1,150.65,0.5,150.4,150,,,,,,,,,,,,,,,,,,,150.9,100,,,,,,,,,,,,,,,,,,
2026-07-08T18:02:33.227527+00:00,2026-07-08T18:02:33.227454,2,1,150.7,0.4,150.5,100,150.4,150,,,,,,,,,,,,,,,,,150.9,100,,,,,,,,,,,,,,,,,,
2026-07-08T18:02:33.281313+00:00,2026-07-08T18:02:33.281233,2,2,150.7,0.4,150.5,100,150.4,150,,,,,,,,,,,,,,,,,150.9,100,151.0,100,,,,,,,,,,,,,,,,
2026-07-08T18:02:33.706542+00:00,2026-07-08T18:02:33.706450,1,1,150.75,0.5,150.5,100,,,,,,,,,,,,,,,,,,,151.0,100,,,,,,,,,,,,,,,,,,
2026-07-08T18:02:33.769544+00:00,2026-07-08T18:02:33.762875,2,1,150.85,0.3,150.7,139,150.5,100,,,,,,,,,,,,,,,,,151.0,100,,,,,,,,,,,,,,,,,,
2026-07-08T18:02:33.814675+00:00,2026-07-08T18:02:33.814596,2,2,150.85,0.3,150.7,139,150.5,100,,,,,,,,,,,,,,,,,151.0,100,151.2,150,,,,,,,,,,,,,,,,
2026-07-08T18:02:34.085629+00:00,2026-07-08T18:02:34.085521,2,2,150.85,0.3,150.7,139,150.5,100,,,,,,,,,,,,,,,,,151.0,50,151.2,150,,,,,,,,,,,,,,,,
2026-07-08T18:02:36.245890+00:00,2026-07-08T18:02:36.245797,2,2,150.85,0.3,150.7,89,150.5,100,,,,,,,,,,,,,,,,,151.0,50,151.2,150,,,,,,,,,,,,,,,,
2026-07-08T18:02:36.338400+00:00,2026-07-08T18:02:36.338322,2,1,150.95,0.5,150.7,89,150.5,100,,,,,,,,,,,,,,,,,151.2,150,,,,,,,,,,,,,,,,,,
2026-07-08T18:02:36.343567+00:00,2026-07-08T18:02:36.343505,1,1,150.95,0.5,150.7,89,,,,,,,,,,,,,,,,,,,151.2,150,,,,,,,,,,,,,,,,,,
2026-07-08T18:02:36.394676+00:00,2026-07-08T18:02:36.394599,2,1,151.0,0.4,150.8,100,150.7,89,,,,,,,,,,,,,,,,,151.2,150,,,,,,,,,,,,,,,,,,
2026-07-08T18:02:36.449620+00:00,2026-07-08T18:02:36.449516,2,2,151.0,0.4,150.8,100,150.7,89,,,,,,,,,,,,,,,,,151.2,150,151.3,100,,,,,,,,,,,,,,,,
2026-07-08T18:02:36.869753+00:00,2026-07-08T18:02:36.869704,1,1,151.05,0.5,150.8,100,,,,,,,,,,,,,,,,,,,151.3,100,,,,,,,,,,,,,,,,,,
2026-07-08T18:02:36.923601+00:00,2026-07-08T18:02:36.923493,2,1,151.05,0.5,150.8,100,150.6,150,,,,,,,,,,,,,,,,,151.3,100,,,,,,,,,,,,,,,,,,
2026-07-08T18:02:36.971195+00:00,2026-07-08T18:02:36.971325,2,2,150.95,0.3,150.8,100,150.6,150,,,,,,,,,,,,,,,,,151.1,150,151.3,100,,,,,,,,,,,,,,,,
2026-07-08T18:02:37.768547+00:00,2026-07-08T18:02:37.762404,2,2,150.95,0.3,150.8,88,150.6,150,,,,,,,,,,,,,,,,,151.1,150,151.3,100,,,,,,,,,,,,,,,,
2026-07-08T18:02:39.508034+00:00,2026-07-08T18:02:39.507894,1,1,150.85,0.5,150.6,150,,,,,,,,,,,,,,,,,,,151.1,150,,,,,,,,,,,,,,,,,,
2026-07-08T18:02:39.558679+00:00,2026-07-08T18:02:39.552825,2,1,150.9,0.4,150.7,100,150.6,150,,,,,,,,,,,,,,,,,151.1,150,,,,,,,,,,,,,,,,,,
2026-07-08T18:02:39.613459+00:00,2026-07-08T18:02:39.613347,2,2,150.9,0.4,150.7,100,150.6,150,,,,,,,,,,,,,,,,,151.1,150,151.2,100,,,,,,,,,,,,,,,,
2026-07-08T18:02:40.030734+00:00,2026-07-08T18:02:40.030686,1,1,150.95,0.5,150.7,100,,,,,,,,,,,,,,,,,,,151.2,100,,,,,,,,,,,,,,,,,,
2026-07-08T18:02:40.096185+00:00,2026-07-08T18:02:40.096082,2,1,150.95,0.5,150.7,100,150.4,150,,,,,,,,,,,,,,,,,151.2,100,,,,,,,,,,,,,,,,,,
2026-07-08T18:02:40.146394+00:00,2026-07-08T18:02:40.146632,2,2,150.8,0.2,150.7,100,150.4,150,,,,,,,,,,,,,,,,,150.9,150,151.2,100,,,,,,,,,,,,,,,,
2026-07-08T18:02:41.289311+00:00,2026-07-08T18:02:41.283471,2,2,150.8,0.2,150.7,89,150.4,150,,,,,,,,,,,,,,,,,150.9,150,151.2,100,,,,,,,,,,,,,,,,
2026-07-08T18:02:42.292304+00:00,2026-07-08T18:02:42.292267,2,2,150.8,0.2,150.7,48,150.4,150,,,,,,,,,,,,,,,,,150.9,150,151.2,100,,,,,,,,,,,,,,,,
2026-07-08T18:02:42.508949+00:00,2026-07-08T18:02:42.508891,2,2,150.8,0.2,150.7,48,150.4,150,,,,,,,,,,,,,,,,,150.9,100,151.2,100,,,,,,,,,,,,,,,,
2026-07-08T18:02:42.670026+00:00,2026-07-08T18:02:42.669941,1,1,150.65,0.5,150.4,150,,,,,,,,,,,,,,,,,,,150.9,100,,,,,,,,,,,,,,,,,,
2026-07-08T18:02:42.722738+00:00,2026-07-08T18:02:42.722611,2,1,150.65,0.5,150.4,150,150.3,100,,,,,,,,,,,,,,,,,150.9,100,,,,,,,,,,,,,,,,,,
2026-07-08T18:02:42.777399+00:00,2026-07-08T18:02:42.777275,2,2,150.6,0.4,150.4,150,150.3,100,,,,,,,,,,,,,,,,,150.8,100,150.9,100,,,,,,,,,,,,,,,,
2026-07-08T18:02:43.203299+00:00,2026-07-08T18:02:43.203269,2,1,150.6,0.4,150.4,150,150.3,100,,,,,,,,,,,,,,,,,150.8,100,,,,,,,,,,,,,,,,,,
2026-07-08T18:02:43.208577+00:00,2026-07-08T18:02:43.208414,1,1,150.55,0.5,150.3,100,,,,,,,,,,,,,,,,,,,150.8,100,,,,,,,,,,,,,,,,,,
2026-07-08T18:02:43.256381+00:00,2026-07-08T18:02:43.256504,2,1,150.65,0.3,150.5,150,150.3,100,,,,,,,,,,,,,,,,,150.8,100,,,,,,,,,,,,,,,,,,
2026-07-08T18:02:43.314639+00:00,2026-07-08T18:02:43.314577,2,2,150.65,0.3,150.5,150,150.3,100,,,,,,,,,,,,,,,,,150.8,100,151.0,150,,,,,,,,,,,,,,,,
2026-07-08T18:02:43.964133+00:00,2026-07-08T18:02:43.963923,2,2,150.65,0.3,150.5,107,150.3,100,,,,,,,,,,,,,,,,,150.8,100,151.0,150,,,,,,,,,,,,,,,,
2026-07-08T18:02:44.410174+00:00,2026-07-08T18:02:44.410112,2,2,150.65,0.3,150.5,107,150.3,100,,,,,,,,,,,,,,,,,150.8,57,151.0,150,,,,,,,,,,,,,,,,
2026-07-08T18:02:44.465851+00:00,2026-07-08T18:02:44.465737,2,2,150.65,0.3,150.5,59,150.3,100,,,,,,,,,,,,,,,,,150.8,57,151.0,150,,,,,,,,,,,,,,,,
2026-07-08T18:02:44.682222+00:00,2026-07-08T18:02:44.682092,2,2,150.65,0.3,150.5,9,150.3,100,,,,,,,,,,,,,,,,,150.8,57,151.0,150,,,,,,,,,,,,,,,,
2026-07-08T18:02:45.835187+00:00,2026-07-08T18:02:45.835301,1,1,150.75,0.5,150.5,9,,,,,,,,,,,,,,,,,,,151.0,150,,,,,,,,,,,,,,,,,,
2026-07-08T18:02:45.884731+00:00,2026-07-08T18:02:45.884672,2,1,150.75,0.5,150.5,9,150.4,100,,,,,,,,,,,,,,,,,151.0,150,,,,,,,,,,,,,,,,,,
2026-07-08T18:02:45.937510+00:00,2026-07-08T18:02:45.937428,2,2,150.7,0.4,150.5,9,150.4,100,,,,,,,,,,,,,,,,,150.9,100,151.0,150,,,,,,,,,,,,,,,,
2026-07-08T18:02:46.369213+00:00,2026-07-08T18:02:46.369094,2,1,150.7,0.4,150.5,9,150.4,100,,,,,,,,,,,,,,,,,150.9,100,,,,,,,,,,,,,,,,,,
2026-07-08T18:02:46.374349+00:00,2026-07-08T18:02:46.374248,1,1,150.65,0.5,150.4,100,,,,,,,,,,,,,,,,,,,150.9,100,,,,,,,,,,,,,,,,,,
2026-07-08T18:02:46.421950+00:00,2026-07-08T18:02:46.421908,2,1,150.65,0.5,150.4,100,149.9,150,,,,,,,,,,,,,,,,,150.9,100,,,,,,,,,,,,,,,,,,
2026-07-08T18:02:46.487283+00:00,2026-07-08T18:02:46.481344,1,2,150.15,0.5,149.9,150,,,,,,,,,,,,,,,,,,,150.4,27,150.9,100,,,,,,,,,,,,,,,,
2026-07-08T18:02:46.806119+00:00,2026-07-08T18:02:46.805939,1,2,150.15,0.5,149.9,100,,,,,,,,,,,,,,,,,,,150.4,27,150.9,100,,,,,,,,,,,,,,,,
2026-07-08T18:02:48.211364+00:00,2026-07-08T18:02:48.211322,1,1,150.4,1.0,149.9,100,,,,,,,,,,,,,,,,,,,150.9,85,,,,,,,,,,,,,,,,,,
2026-07-08T18:02:48.858559+00:00,2026-07-08T18:02:48.852318,1,1,150.4,1.0,149.9,100,,,,,,,,,,,,,,,,,,,150.9,35,,,,,,,,,,,,,,,,,,
2026-07-08T18:02:48.993268+00:00,2026-07-08T18:02:48.993403,1,0,,,149.9,100,,,,,,,,,,,,,,,,,,,,,,,,,,,,,,,,,,,,,,
2026-07-08T18:02:49.048444+00:00,2026-07-08T18:02:49.048394,2,0,,,150.3,100,149.9,100,,,,,,,,,,,,,,,,,,,,,,,,,,,,,,,,,,,,
2026-07-08T18:02:49.102430+00:00,2026-07-08T18:02:49.102289,2,1,150.55,0.5,150.3,100,149.9,100,,,,,,,,,,,,,,,,,150.8,100,,,,,,,,,,,,,,,,,,
2026-07-08T18:02:49.531595+00:00,2026-07-08T18:02:49.531491,1,1,150.55,0.5,150.3,100,,,,,,,,,,,,,,,,,,,150.8,100,,,,,,,,,,,,,,,,,,
2026-07-08T18:02:49.589771+00:00,2026-07-08T18:02:49.589694,2,1,150.55,0.5,150.3,100,150.2,150,,,,,,,,,,,,,,,,,150.8,100,,,,,,,,,,,,,,,,,,
2026-07-08T18:02:49.645272+00:00,2026-07-08T18:02:49.645207,2,2,150.5,0.4,150.3,100,150.2,150,,,,,,,,,,,,,,,,,150.7,150,150.8,100,,,,,,,,,,,,,,,,
2026-07-08T18:02:50.238166+00:00,2026-07-08T18:02:50.238069,2,2,150.5,0.4,150.3,58,150.2,150,,,,,,,,,,,,,,,,,150.7,150,150.8,100,,,,,,,,,,,,,,,,
2026-07-08T18:02:51.016295+00:00,2026-07-08T18:02:51.016227,2,2,150.5,0.4,150.3,8,150.2,150,,,,,,,,,,,,,,,,,150.7,150,150.8,100,,,,,,,,,,,,,,,,
2026-07-08T18:02:52.163976+00:00,2026-07-08T18:02:52.163824,1,1,150.45,0.5,150.2,150,,,,,,,,,,,,,,,,,,,150.7,150,,,,,,,,,,,,,,,,,,
2026-07-08T18:02:52.213032+00:00,2026-07-08T18:02:52.213108,2,1,150.45,0.5,150.2,150,150.1,100,,,,,,,,,,,,,,,,,150.7,150,,,,,,,,,,,,,,,,,,
2026-07-08T18:02:52.265352+00:00,2026-07-08T18:02:52.265233,2,2,150.4,0.4,150.2,150,150.1,100,,,,,,,,,,,,,,,,,150.6,100,150.7,150,,,,,,,,,,,,,,,,
2026-07-08T18:02:52.697937+00:00,2026-07-08T18:02:52.698114,2,1,150.4,0.4,150.2,150,150.1,100,,,,,,,,,,,,,,,,,150.6,100,,,,,,,,,,,,,,,,,,
2026-07-08T18:02:52.703373+00:00,2026-07-08T18:02:52.703283,1,1,150.35,0.5,150.1,100,,,,,,,,,,,,,,,,,,,150.6,100,,,,,,,,,,,,,,,,,,
2026-07-08T18:02:52.749963+00:00,2026-07-08T18:02:52.750103,2,1,150.45,0.3,150.3,150,150.1,100,,,,,,,,,,,,,,,,,150.6,100,,,,,,,,,,,,,,,,,,
2026-07-08T18:02:52.808281+00:00,2026-07-08T18:02:52.808214,2,2,150.45,0.3,150.3,150,150.1,100,,,,,,,,,,,,,,,,,150.6,100,150.8,150,,,,,,,,,,,,,,,,
2026-07-08T18:02:53.070892+00:00,2026-07-08T18:02:53.070784,2,2,150.45,0.3,150.3,150,150.1,100,,,,,,,,,,,,,,,,,150.6,50,150.8,150,,,,,,,,,,,,,,,,
2026-07-08T18:02:54.064222+00:00,2026-07-08T18:02:54.063992,2,2,150.45,0.3,150.3,150,150.1,100,,,,,,,,,,,,,,,,,150.6,7,150.8,150,,,,,,,,,,,,,,,,
2026-07-08T18:02:55.333149+00:00,2026-07-08T18:02:55.332932,1,1,150.55,0.5,150.3,150,,,,,,,,,,,,,,,,,,,150.8,150,,,,,,,,,,,,,,,,,,
2026-07-08T18:02:55.374040+00:00,2026-07-08T18:02:55.373936,2,1,150.65,0.3,150.5,100,150.3,150,,,,,,,,,,,,,,,,,150.8,150,,,,,,,,,,,,,,,,,,
2026-07-08T18:02:55.427505+00:00,2026-07-08T18:02:55.427623,2,2,150.65,0.3,150.5,100,150.3,150,,,,,,,,,,,,,,,,,150.8,150,151.0,100,,,,,,,,,,,,,,,,
2026-07-08T18:02:55.858621+00:00,2026-07-08T18:02:55.855563,1,1,150.75,0.5,150.5,100,,,,,,,,,,,,,,,,,,,151.0,100,,,,,,,,,,,,,,,,,,
2026-07-08T18:02:55.930944+00:00,2026-07-08T18:02:55.930766,1,1,150.75,0.5,150.5,250,,,,,,,,,,,,,,,,,,,151.0,100,,,,,,,,,,,,,,,,,,
2026-07-08T18:02:55.982929+00:00,2026-07-08T18:02:55.982854,1,1,150.75,0.5,150.5,250,,,,,,,,,,,,,,,,,,,151.0,250,,,,,,,,,,,,,,,,,,
2026-07-08T18:02:57.344118+00:00,2026-07-08T18:02:57.343992,1,1,150.75,0.5,150.5,200,,,,,,,,,,,,,,,,,,,151.0,250,,,,,,,,,,,,,,,,,,
2026-07-08T18:02:58.481480+00:00,2026-07-08T18:02:58.481413,1,1,150.75,0.5,150.5,150,,,,,,,,,,,,,,,,,,,151.0,150,,,,,,,,,,,,,,,,,,
2026-07-08T18:02:58.536020+00:00,2026-07-08T18:02:58.535929,2,1,150.75,0.5,150.5,150,150.2,100,,,,,,,,,,,,,,,,,151.0,150,,,,,,,,,,,,,,,,,,
2026-07-08T18:02:58.588279+00:00,2026-07-08T18:02:58.588181,2,2,150.6,0.2,150.5,150,150.2,100,,,,,,,,,,,,,,,,,150.7,100,151.0,150,,,,,,,,,,,,,,,,
2026-07-08T18:02:59.038591+00:00,2026-07-08T18:02:59.038457,1,1,150.45,0.5,150.2,100,,,,,,,,,,,,,,,,,,,150.7,100,,,,,,,,,,,,,,,,,,
2026-07-08T18:02:59.094411+00:00,2026-07-08T18:02:59.094265,2,1,150.55,0.3,150.4,150,150.2,100,,,,,,,,,,,,,,,,,150.7,100,,,,,,,,,,,,,,,,,,
2026-07-08T18:02:59.146002+00:00,2026-07-08T18:02:59.145927,2,2,150.55,0.3,150.4,150,150.2,100,,,,,,,,,,,,,,,,,150.7,100,150.9,150,,,,,,,,,,,,,,,,
2026-07-08T18:02:59.223168+00:00,2026-07-08T18:02:59.223063,2,2,150.55,0.3,150.4,150,150.2,100,,,,,,,,,,,,,,,,,150.7,55,150.9,150,,,,,,,,,,,,,,,,
2026-07-08T18:02:59.401726+00:00,2026-07-08T18:02:59.401661,2,2,150.55,0.3,150.4,150,150.2,100,,,,,,,,,,,,,,,,,150.7,5,150.9,150,,,,,,,,,,,,,,,,
2026-07-08T18:02:59.789237+00:00,2026-07-08T18:02:59.789117,2,2,150.55,0.3,150.4,102,150.2,100,,,,,,,,,,,,,,,,,150.7,5,150.9,150,,,,,,,,,,,,,,,,
2026-07-08T18:03:01.558588+00:00,2026-07-08T18:03:01.554406,2,2,150.55,0.3,150.4,52,150.2,100,,,,,,,,,,,,,,,,,150.7,5,150.9,150,,,,,,,,,,,,,,,,
2026-07-08T18:03:01.641889+00:00,2026-07-08T18:03:01.641789,2,1,150.65,0.5,150.4,52,150.2,100,,,,,,,,,,,,,,,,,150.9,150,,,,,,,,,,,,,,,,,,
2026-07-08T18:03:01.647060+00:00,2026-07-08T18:03:01.646964,1,1,150.65,0.5,150.4,52,,,,,,,,,,,,,,,,,,,150.9,150,,,,,,,,,,,,,,,,,,
2026-07-08T18:03:01.697433+00:00,2026-07-08T18:03:01.697570,2,1,150.75,0.3,150.6,100,150.4,52,,,,,,,,,,,,,,,,,150.9,150,,,,,,,,,,,,,,,,,,
2026-07-08T18:03:01.753201+00:00,2026-07-08T18:03:01.753141,2,2,150.75,0.3,150.6,100,150.4,52,,,,,,,,,,,,,,,,,150.9,150,151.1,100,,,,,,,,,,,,,,,,
2026-07-08T18:03:02.201676+00:00,2026-07-08T18:03:02.201558,1,1,150.85,0.5,150.6,100,,,,,,,,,,,,,,,,,,,151.1,100,,,,,,,,,,,,,,,,,,
2026-07-08T18:03:02.257195+00:00,2026-07-08T18:03:02.257077,2,1,150.85,0.5,150.6,100,150.0,150,,,,,,,,,,,,,,,,,151.1,100,,,,,,,,,,,,,,,,,,
2026-07-08T18:03:02.310737+00:00,2026-07-08T18:03:02.310714,1,2,150.25,0.5,150.0,150,,,,,,,,,,,,,,,,,,,150.5,50,151.1,100,,,,,,,,,,,,,,,,
2026-07-08T18:03:03.172555+00:00,2026-07-08T18:03:03.165034,1,2,150.25,0.5,150.0,150,,,,,,,,,,,,,,,,,,,150.5,39,151.1,100,,,,,,,,,,,,,,,,
2026-07-08T18:03:03.663932+00:00,2026-07-08T18:03:03.663834,1,2,150.25,0.5,150.0,100,,,,,,,,,,,,,,,,,,,150.5,39,151.1,100,,,,,,,,,,,,,,,,
2026-07-08T18:03:04.398225+00:00,2026-07-08T18:03:04.398139,1,1,150.55,1.1,150.0,100,,,,,,,,,,,,,,,,,,,151.1,100,,,,,,,,,,,,,,,,,,
2026-07-08T18:03:04.808771+00:00,2026-07-08T18:03:04.808623,1,0,,,150.0,100,,,,,,,,,,,,,,,,,,,,,,,,,,,,,,,,,,,,,,
2026-07-08T18:03:04.865099+00:00,2026-07-08T18:03:04.865016,2,0,,,150.3,100,150.0,100,,,,,,,,,,,,,,,,,,,,,,,,,,,,,,,,,,,,
2026-07-08T18:03:04.918404+00:00,2026-07-08T18:03:04.918370,2,1,150.55,0.5,150.3,100,150.0,100,,,,,,,,,,,,,,,,,150.8,100,,,,,,,,,,,,,,,,,,
2026-07-08T18:03:05.132156+00:00,2026-07-08T18:03:05.132022,2,1,150.55,0.5,150.3,60,150.0,100,,,,,,,,,,,,,,,,,150.8,100,,,,,,,,,,,,,,,,,,
2026-07-08T18:03:05.367860+00:00,2026-07-08T18:03:05.367814,1,1,150.55,0.5,150.3,60,,,,,,,,,,,,,,,,,,,150.8,100,,,,,,,,,,,,,,,,,,
2026-07-08T18:03:05.421730+00:00,2026-07-08T18:03:05.421640,2,1,150.65,0.3,150.5,150,150.3,60,,,,,,,,,,,,,,,,,150.8,100,,,,,,,,,,,,,,,,,,
2026-07-08T18:03:05.475168+00:00,2026-07-08T18:03:05.475272,2,2,150.65,0.3,150.5,150,150.3,60,,,,,,,,,,,,,,,,,150.8,100,151.0,150,,,,,,,,,,,,,,,,
2026-07-08T18:03:05.772784+00:00,2026-07-08T18:03:05.772673,2,2,150.65,0.3,150.5,100,150.3,60,,,,,,,,,,,,,,,,,150.8,100,151.0,150,,,,,,,,,,,,,,,,
2026-07-08T18:03:07.882166+00:00,2026-07-08T18:03:07.882024,2,2,150.65,0.3,150.5,50,150.3,60,,,,,,,,,,,,,,,,,150.8,100,151.0,150,,,,,,,,,,,,,,,,
2026-07-08T18:03:07.972361+00:00,2026-07-08T18:03:07.972330,1,1,150.75,0.5,150.5,50,,,,,,,,,,,,,,,,,,,151.0,150,,,,,,,,,,,,,,,,,,
2026-07-08T18:03:08.027960+00:00,2026-07-08T18:03:08.027860,2,1,150.75,0.5,150.5,50,150.3,100,,,,,,,,,,,,,,,,,151.0,150,,,,,,,,,,,,,,,,,,
2026-07-08T18:03:08.081415+00:00,2026-07-08T18:03:08.081336,2,2,150.65,0.3,150.5,50,150.3,100,,,,,,,,,,,,,,,,,150.8,100,151.0,150,,,,,,,,,,,,,,,,
2026-07-08T18:03:08.528903+00:00,2026-07-08T18:03:08.528833,1,1,150.55,0.5,150.3,100,,,,,,,,,,,,,,,,,,,150.8,100,,,,,,,,,,,,,,,,,,
2026-07-08T18:03:08.583504+00:00,2026-07-08T18:03:08.583321,2,1,150.55,0.5,150.3,100,150.2,150,,,,,,,,,,,,,,,,,150.8,100,,,,,,,,,,,,,,,,,,
2026-07-08T18:03:08.636523+00:00,2026-07-08T18:03:08.636391,2,2,150.5,0.4,150.3,100,150.2,150,,,,,,,,,,,,,,,,,150.7,150,150.8,100,,,,,,,,,,,,,,,,
2026-07-08T18:03:09.992505+00:00,2026-07-08T18:03:09.992375,2,2,150.5,0.4,150.3,50,150.2,150,,,,,,,,,,,,,,,,,150.7,150,150.8,100,,,,,,,,,,,,,,,,
2026-07-08T18:03:10.842974+00:00,2026-07-08T18:03:10.842918,2,2,150.5,0.4,150.3,50,150.2,150,,,,,,,,,,,,,,,,,150.7,101,150.8,100,,,,,,,,,,,,,,,,
2026-07-08T18:03:11.134083+00:00,2026-07-08T18:03:11.134009,2,1,150.5,0.4,150.3,50,150.2,150,,,,,,,,,,,,,,,,,150.7,101,,,,,,,,,,,,,,,,,,
2026-07-08T18:03:11.139293+00:00,2026-07-08T18:03:11.139185,1,1,150.45,0.5,150.2,150,,,,,,,,,,,,,,,,,,,150.7,101,,,,,,,,,,,,,,,,,,
2026-07-08T18:03:11.189121+00:00,2026-07-08T18:03:11.189016,1,1,150.45,0.5,150.2,250,,,,,,,,,,,,,,,,,,,150.7,101,,,,,,,,,,,,,,,,,,
2026-07-08T18:03:11.243922+00:00,2026-07-08T18:03:11.243835,1,1,150.45,0.5,150.2,250,,,,,,,,,,,,,,,,,,,150.7,201,,,,,,,,,,,,,,,,,,
2026-07-08T18:03:11.694479+00:00,2026-07-08T18:03:11.694401,1,1,150.45,0.5,150.2,100,,,,,,,,,,,,,,,,,,,150.7,100,,,,,,,,,,,,,,,,,,
2026-07-08T18:03:11.742628+00:00,2026-07-08T18:03:11.742590,2,1,150.55,0.3,150.4,150,150.2,100,,,,,,,,,,,,,,,,,150.7,100,,,,,,,,,,,,,,,,,,
2026-07-08T18:03:11.795310+00:00,2026-07-08T18:03:11.795288,2,2,150.55,0.3,150.4,150,150.2,100,,,,,,,,,,,,,,,,,150.7,100,150.9,150,,,,,,,,,,,,,,,,
2026-07-08T18:03:12.046341+00:00,2026-07-08T18:03:12.046239,2,2,150.55,0.3,150.4,150,150.2,100,,,,,,,,,,,,,,,,,150.7,50,150.9,150,,,,,,,,,,,,,,,,
2026-07-08T18:03:12.300513+00:00,2026-07-08T18:03:12.300626,2,2,150.55,0.3,150.4,105,150.2,100,,,,,,,,,,,,,,,,,150.7,50,150.9,150,,,,,,,,,,,,,,,,
2026-07-08T18:03:12.810821+00:00,2026-07-08T18:03:12.810689,2,2,150.55,0.3,150.4,65,150.2,100,,,,,,,,,,,,,,,,,150.7,50,150.9,150,,,,,,,,,,,,,,,,
2026-07-08T18:03:13.273899+00:00,2026-07-08T18:03:13.273844,2,2,150.55,0.3,150.4,65,150.2,100,,,,,,,,,,,,,,,,,150.7,9,150.9,150,,,,,,,,,,,,,,,,
2026-07-08T18:03:14.204507+00:00,2026-07-08T18:03:14.204439,2,2,150.55,0.3,150.4,15,150.2,100,,,,,,,,,,,,,,,,,150.7,9,150.9,150,,,,,,,,,,,,,,,,
2026-07-08T18:03:14.294851+00:00,2026-07-08T18:03:14.294782,1,1,150.65,0.5,150.4,15,,,,,,,,,,,,,,,,,,,150.9,150,,,,,,,,,,,,,,,,,,
2026-07-08T18:03:14.350633+00:00,2026-07-08T18:03:14.350577,2,1,150.65,0.5,150.4,15,150.3,100,,,,,,,,,,,,,,,,,150.9,150,,,,,,,,,,,,,,,,,,
2026-07-08T18:03:14.402537+00:00,2026-07-08T18:03:14.402500,2,2,150.6,0.4,150.4,15,150.3,100,,,,,,,,,,,,,,,,,150.8,100,150.9,150,,,,,,,,,,,,,,,,
2026-07-08T18:03:14.858603+00:00,2026-07-08T18:03:14.850153,1,1,150.55,0.5,150.3,100,,,,,,,,,,,,,,,,,,,150.8,100,,,,,,,,,,,,,,,,,,
2026-07-08T18:03:14.911120+00:00,2026-07-08T18:03:14.910973,2,1,150.55,0.5,150.3,100,149.8,150,,,,,,,,,,,,,,,,,150.8,100,,,,,,,,,,,,,,,,,,
2026-07-08T18:03:14.974549+00:00,2026-07-08T18:03:14.968101,1,2,150.05,0.5,149.8,150,,,,,,,,,,,,,,,,,,,150.3,27,150.8,100,,,,,,,,,,,,,,,,
2026-07-08T18:03:15.407065+00:00,2026-07-08T18:03:15.401142,1,2,150.05,0.5,149.8,150,,,,,,,,,,,,,,,,,,,150.3,24,150.8,100,,,,,,,,,,,,,,,,
2026-07-08T18:03:16.311919+00:00,2026-07-08T18:03:16.311766,1,2,150.05,0.5,149.8,100,,,,,,,,,,,,,,,,,,,150.3,24,150.8,100,,,,,,,,,,,,,,,,
2026-07-08T18:03:17.458613+00:00,2026-07-08T18:03:17.453842,1,1,150.05,0.5,149.8,100,,,,,,,,,,,,,,,,,,,150.3,24,,,,,,,,,,,,,,,,,,
2026-07-08T18:03:17.512391+00:00,2026-07-08T18:03:17.512327,2,1,150.2,0.2,150.1,100,149.8,100,,,,,,,,,,,,,,,,,150.3,24,,,,,,,,,,,,,,,,,,
2026-07-08T18:03:17.566867+00:00,2026-07-08T18:03:17.566797,2,2,150.2,0.2,150.1,100,149.8,100,,,,,,,,,,,,,,,,,150.3,24,150.6,100,,,,,,,,,,,,,,,,
2026-07-08T18:03:18.019192+00:00,2026-07-08T18:03:18.019127,1,1,150.35,0.5,150.1,100,,,,,,,,,,,,,,,,,,,150.6,100,,,,,,,,,,,,,,,,,,
2026-07-08T18:03:18.075067+00:00,2026-07-08T18:03:18.074964,2,1,150.4,0.4,150.2,150,150.1,100,,,,,,,,,,,,,,,,,150.6,100,,,,,,,,,,,,,,,,,,
2026-07-08T18:03:18.128117+00:00,2026-07-08T18:03:18.128038,2,2,150.4,0.4,150.2,150,150.1,100,,,,,,,,,,,,,,,,,150.6,100,150.7,150,,,,,,,,,,,,,,,,
2026-07-08T18:03:18.179319+00:00,2026-07-08T18:03:18.179265,2,2,150.4,0.4,150.2,150,150.1,100,,,,,,,,,,,,,,,,,150.6,54,150.7,150,,,,,,,,,,,,,,,,
2026-07-08T18:03:18.418234+00:00,2026-07-08T18:03:18.418194,2,2,150.4,0.4,150.2,100,150.1,100,,,,,,,,,,,,,,,,,150.6,54,150.7,150,,,,,,,,,,,,,,,,
2026-07-08T18:03:19.698562+00:00,2026-07-08T18:03:19.698401,2,2,150.4,0.4,150.2,60,150.1,100,,,,,,,,,,,,,,,,,150.6,54,150.7,150,,,,,,,,,,,,,,,,
2026-07-08T18:03:20.526347+00:00,2026-07-08T18:03:20.526229,2,2,150.4,0.4,150.2,10,150.1,100,,,,,,,,,,,,,,,,,150.6,54,150.7,150,,,,,,,,,,,,,,,,
2026-07-08T18:03:20.626333+00:00,2026-07-08T18:03:20.626232,2,1,150.45,0.5,150.2,10,150.1,100,,,,,,,,,,,,,,,,,150.7,150,,,,,,,,,,,,,,,,,,
2026-07-08T18:03:20.631519+00:00,2026-07-08T18:03:20.631393,1,1,150.45,0.5,150.2,10,,,,,,,,,,,,,,,,,,,150.7,150,,,,,,,,,,,,,,,,,,
2026-07-08T18:03:20.684354+00:00,2026-07-08T18:03:20.684195,2,1,150.5,0.4,150.3,100,150.2,10,,,,,,,,,,,,,,,,,150.7,150,,,,,,,,,,,,,,,,,,
2026-07-08T18:03:20.744975+00:00,2026-07-08T18:03:20.744892,2,2,150.5,0.4,150.3,100,150.2,10,,,,,,,,,,,,,,,,,150.7,150,150.8,100,,,,,,,,,,,,,,,,
2026-07-08T18:03:21.181870+00:00,2026-07-08T18:03:21.181723,1,1,150.55,0.5,150.3,100,,,,,,,,,,,,,,,,,,,150.8,100,,,,,,,,,,,,,,,,,,
2026-07-08T18:03:21.235997+00:00,2026-07-08T18:03:21.235898,2,1,150.55,0.5,150.3,100,149.7,150,,,,,,,,,,,,,,,,,150.8,100,,,,,,,,,,,,,,,,,,
2026-07-08T18:03:21.288151+00:00,2026-07-08T18:03:21.288063,1,2,149.95,0.5,149.7,150,,,,,,,,,,,,,,,,,,,150.2,50,150.8,100,,,,,,,,,,,,,,,,
2026-07-08T18:03:22.636321+00:00,2026-07-08T18:03:22.636257,1,2,149.95,0.5,149.7,100,,,,,,,,,,,,,,,,,,,150.2,50,150.8,100,,,,,,,,,,,,,,,,
2026-07-08T18:03:23.799443+00:00,2026-07-08T18:03:23.799336,1,1,149.95,0.5,149.7,100,,,,,,,,,,,,,,,,,,,150.2,5,,,,,,,,,,,,,,,,,,
2026-07-08T18:03:23.858605+00:00,2026-07-08T18:03:23.856504,2,1,150.05,0.3,149.9,100,149.7,100,,,,,,,,,,,,,,,,,150.2,5,,,,,,,,,,,,,,,,,,
2026-07-08T18:03:23.907483+00:00,2026-07-08T18:03:23.907414,2,2,150.05,0.3,149.9,100,149.7,100,,,,,,,,,,,,,,,,,150.2,5,150.4,100,,,,,,,,,,,,,,,,
2026-07-08T18:03:24.345664+00:00,2026-07-08T18:03:24.345549,1,1,150.15,0.5,149.9,100,,,,,,,,,,,,,,,,,,,150.4,100,,,,,,,,,,,,,,,,,,
2026-07-08T18:03:24.401424+00:00,2026-07-08T18:03:24.401377,1,1,150.15,0.5,149.9,250,,,,,,,,,,,,,,,,,,,150.4,100,,,,,,,,,,,,,,,,,,
2026-07-08T18:03:24.458619+00:00,2026-07-08T18:03:24.456993,1,1,150.15,0.5,149.9,250,,,,,,,,,,,,,,,,,,,150.4,250,,,,,,,,,,,,,,,,,,
2026-07-08T18:03:24.745680+00:00,2026-07-08T18:03:24.745505,1,1,150.15,0.5,149.9,200,,,,,,,,,,,,,,,,,,,150.4,250,,,,,,,,,,,,,,,,,,
2026-07-08T18:03:24.852862+00:00,2026-07-08T18:03:24.852809,1,1,150.15,0.5,149.9,200,,,,,,,,,,,,,,,,,,,150.4,201,,,,,,,,,,,,,,,,,,
2026-07-08T18:03:26.858619+00:00,2026-07-08T18:03:26.856638,1,1,150.15,0.5,149.9,150,,,,,,,,,,,,,,,,,,,150.4,201,,,,,,,,,,,,,,,,,,
2026-07-08T18:03:26.958594+00:00,2026-07-08T18:03:26.958071,1,1,150.15,0.5,149.9,150,,,,,,,,,,,,,,,,,,,150.4,150,,,,,,,,,,,,,,,,,,
2026-07-08T18:03:27.016131+00:00,2026-07-08T18:03:27.016075,1,1,150.15,0.5,149.9,250,,,,,,,,,,,,,,,,,,,150.4,150,,,,,,,,,,,,,,,,,,
2026-07-08T18:03:27.069939+00:00,2026-07-08T18:03:27.069860,1,1,150.15,0.5,149.9,250,,,,,,,,,,,,,,,,,,,150.4,250,,,,,,,,,,,,,,,,,,
2026-07-08T18:03:27.510206+00:00,2026-07-08T18:03:27.510128,1,1,150.15,0.5,149.9,100,,,,,,,,,,,,,,,,,,,150.4,100,,,,,,,,,,,,,,,,,,
2026-07-08T18:03:27.564788+00:00,2026-07-08T18:03:27.564682,2,1,150.2,0.4,150.0,150,149.9,100,,,,,,,,,,,,,,,,,150.4,100,,,,,,,,,,,,,,,,,,
2026-07-08T18:03:27.616646+00:00,2026-07-08T18:03:27.616557,2,2,150.2,0.4,150.0,150,149.9,100,,,,,,,,,,,,,,,,,150.4,100,150.5,150,,,,,,,,,,,,,,,,
2026-07-08T18:03:28.969044+00:00,2026-07-08T18:03:28.968907,2,2,150.2,0.4,150.0,100,149.9,100,,,,,,,,,,,,,,,,,150.4,100,150.5,150,,,,,,,,,,,,,,,,
2026-07-08T18:03:30.120389+00:00,2026-07-08T18:03:30.120518,2,1,150.25,0.5,150.0,100,149.9,100,,,,,,,,,,,,,,,,,150.5,150,,,,,,,,,,,,,,,,,,
2026-07-08T18:03:30.125775+00:00,2026-07-08T18:03:30.125663,1,1,150.25,0.5,150.0,100,,,,,,,,,,,,,,,,,,,150.5,150,,,,,,,,,,,,,,,,,,
2026-07-08T18:03:30.177621+00:00,2026-07-08T18:03:30.177486,2,1,150.3,0.4,150.1,100,150.0,100,,,,,,,,,,,,,,,,,150.5,150,,,,,,,,,,,,,,,,,,
2026-07-08T18:03:30.231791+00:00,2026-07-08T18:03:30.231692,2,2,150.3,0.4,150.1,100,150.0,100,,,,,,,,,,,,,,,,,150.5,150,150.6,100,,,,,,,,,,,,,,,,
2026-07-08T18:03:30.674310+00:00,2026-07-08T18:03:30.674494,1,1,150.35,0.5,150.1,100,,,,,,,,,,,,,,,,,,,150.6,100,,,,,,,,,,,,,,,,,,
2026-07-08T18:03:30.728277+00:00,2026-07-08T18:03:30.728226,2,1,150.35,0.5,150.1,100,150.0,150,,,,,,,,,,,,,,,,,150.6,100,,,,,,,,,,,,,,,,,,
2026-07-08T18:03:30.781035+00:00,2026-07-08T18:03:30.780960,2,2,150.3,0.4,150.1,100,150.0,150,,,,,,,,,,,,,,,,,150.5,150,150.6,100,,,,,,,,,,,,,,,,
2026-07-08T18:03:31.077685+00:00,2026-07-08T18:03:31.077802,2,2,150.3,0.4,150.1,50,150.0,150,,,,,,,,,,,,,,,,,150.5,150,150.6,100,,,,,,,,,,,,,,,,
2026-07-08T18:03:33.134729+00:00,2026-07-08T18:03:33.134676,2,2,150.3,0.4,150.1,50,150.0,150,,,,,,,,,,,,,,,,,150.5,100,150.6,100,,,,,,,,,,,,,,,,
2026-07-08T18:03:33.287252+00:00,2026-07-08T18:03:33.287165,2,1,150.3,0.4,150.1,50,150.0,150,,,,,,,,,,,,,,,,,150.5,100,,,,,,,,,,,,,,,,,,
2026-07-08T18:03:33.292369+00:00,2026-07-08T18:03:33.292328,1,1,150.25,0.5,150.0,150,,,,,,,,,,,,,,,,,,,150.5,100,,,,,,,,,,,,,,,,,,
2026-07-08T18:03:33.342918+00:00,2026-07-08T18:03:33.342885,2,1,150.25,0.5,150.0,150,149.9,100,,,,,,,,,,,,,,,,,150.5,100,,,,,,,,,,,,,,,,,,
2026-07-08T18:03:33.396622+00:00,2026-07-08T18:03:33.396519,2,2,150.2,0.4,150.0,150,149.9,100,,,,,,,,,,,,,,,,,150.4,100,150.5,100,,,,,,,,,,,,,,,,
2026-07-08T18:03:33.831490+00:00,2026-07-08T18:03:33.831390,1,1,150.15,0.5,149.9,100,,,,,,,,,,,,,,,,,,,150.4,100,,,,,,,,,,,,,,,,,,
2026-07-08T18:03:33.888876+00:00,2026-07-08T18:03:33.888801,2,1,150.3,0.2,150.2,150,149.9,100,,,,,,,,,,,,,,,,,150.4,100,,,,,,,,,,,,,,,,,,
2026-07-08T18:03:33.942061+00:00,2026-07-08T18:03:33.942014,2,2,150.3,0.2,150.2,150,149.9,100,,,,,,,,,,,,,,,,,150.4,100,150.7,150,,,,,,,,,,,,,,,,
2026-07-08T18:03:34.136812+00:00,2026-07-08T18:03:34.136791,2,2,150.3,0.2,150.2,102,149.9,100,,,,,,,,,,,,,,,,,150.4,100,150.7,150,,,,,,,,,,,,,,,,
2026-07-08T18:03:35.052046+00:00,2026-07-08T18:03:35.046336,2,2,150.3,0.2,150.2,102,149.9,100,,,,,,,,,,,,,,,,,150.4,97,150.7,150,,,,,,,,,,,,,,,,
2026-07-08T18:03:35.734474+00:00,2026-07-08T18:03:35.734666,2,2,150.3,0.2,150.2,55,149.9,100,,,,,,,,,,,,,,,,,150.4,97,150.7,150,,,,,,,,,,,,,,,,
2026-07-08T18:03:36.451667+00:00,2026-07-08T18:03:36.451640,1,1,150.45,0.5,150.2,55,,,,,,,,,,,,,,,,,,,150.7,150,,,,,,,,,,,,,,,,,,
2026-07-08T18:03:36.505578+00:00,2026-07-08T18:03:36.505495,2,1,150.45,0.5,150.2,55,150.0,100,,,,,,,,,,,,,,,,,150.7,150,,,,,,,,,,,,,,,,,,
2026-07-08T18:03:36.558558+00:00,2026-07-08T18:03:36.555423,2,2,150.35,0.3,150.2,55,150.0,100,,,,,,,,,,,,,,,,,150.5,100,150.7,150,,,,,,,,,,,,,,,,
2026-07-08T18:03:36.996044+00:00,2026-07-08T18:03:36.996166,1,1,150.25,0.5,150.0,100,,,,,,,,,,,,,,,,,,,150.5,100,,,,,,,,,,,,,,,,,,
2026-07-08T18:03:37.046561+00:00,2026-07-08T18:03:37.046466,2,1,150.25,0.5,150.0,100,149.9,150,,,,,,,,,,,,,,,,,150.5,100,,,,,,,,,,,,,,,,,,
2026-07-08T18:03:37.099905+00:00,2026-07-08T18:03:37.099830,2,2,150.2,0.4,150.0,100,149.9,150,,,,,,,,,,,,,,,,,150.4,150,150.5,100,,,,,,,,,,,,,,,,
2026-07-08T18:03:37.410205+00:00,2026-07-08T18:03:37.410069,2,2,150.2,0.4,150.0,50,149.9,150,,,,,,,,,,,,,,,,,150.4,150,150.5,100,,,,,,,,,,,,,,,,
2026-07-08T18:03:38.168974+00:00,2026-07-08T18:03:38.168841,2,2,150.2,0.4,150.0,50,149.9,150,,,,,,,,,,,,,,,,,150.4,110,150.5,100,,,,,,,,,,,,,,,,
2026-07-08T18:03:39.613645+00:00,2026-07-08T18:03:39.613594,1,1,150.15,0.5,149.9,150,,,,,,,,,,,,,,,,,,,150.4,110,,,,,,,,,,,,,,,,,,
2026-07-08T18:03:39.667359+00:00,2026-07-08T18:03:39.667261,2,1,150.15,0.5,149.9,150,149.7,100,,,,,,,,,,,,,,,,,150.4,110,,,,,,,,,,,,,,,,,,
2026-07-08T18:03:39.720130+00:00,2026-07-08T18:03:39.720230,2,2,150.05,0.3,149.9,150,149.7,100,,,,,,,,,,,,,,,,,150.2,100,150.4,110,,,,,,,,,,,,,,,,
2026-07-08T18:03:40.158661+00:00,2026-07-08T18:03:40.153498,1,1,149.95,0.5,149.7,100,,,,,,,,,,,,,,,,,,,150.2,100,,,,,,,,,,,,,,,,,,
2026-07-08T18:03:40.212516+00:00,2026-07-08T18:03:40.212600,2,1,150.05,0.3,149.9,150,149.7,100,,,,,,,,,,,,,,,,,150.2,100,,,,,,,,,,,,,,,,,,
2026-07-08T18:03:40.267537+00:00,2026-07-08T18:03:40.267476,2,2,150.05,0.3,149.9,150,149.7,100,,,,,,,,,,,,,,,,,150.2,100,150.4,150,,,,,,,,,,,,,,,,
2026-07-08T18:03:40.319506+00:00,2026-07-08T18:03:40.312463,2,2,150.05,0.3,149.9,150,149.7,100,,,,,,,,,,,,,,,,,150.2,77,150.4,150,,,,,,,,,,,,,,,,
2026-07-08T18:03:40.837534+00:00,2026-07-08T18:03:40.837475,2,2,150.05,0.3,149.9,150,149.7,100,,,,,,,,,,,,,,,,,150.2,32,150.4,150,,,,,,,,,,,,,,,,
2026-07-08T18:03:41.354710+00:00,2026-07-08T18:03:41.354853,2,2,150.05,0.3,149.9,108,149.7,100,,,,,,,,,,,,,,,,,150.2,32,150.4,150,,,,,,,,,,,,,,,,
2026-07-08T18:03:41.593024+00:00,2026-07-08T18:03:41.592939,2,1,150.15,0.5,149.9,108,149.7,100,,,,,,,,,,,,,,,,,150.4,150,,,,,,,,,,,,,,,,,,
2026-07-08T18:03:42.296814+00:00,2026-07-08T18:03:42.296742,2,1,150.15,0.5,149.9,108,149.7,100,,,,,,,,,,,,,,,,,150.4,108,,,,,,,,,,,,,,,,,,
2026-07-08T18:03:42.770203+00:00,2026-07-08T18:03:42.770438,1,1,150.15,0.5,149.9,108,,,,,,,,,,,,,,,,,,,150.4,108,,,,,,,,,,,,,,,,,,
2026-07-08T18:03:42.829429+00:00,2026-07-08T18:03:42.829329,1,1,150.15,0.5,149.9,108,,,,,,,,,,,,,,,,,,,150.4,8,,,,,,,,,,,,,,,,,,
2026-07-08T18:03:42.858563+00:00,2026-07-08T18:03:42.857127,1,1,150.15,0.5,149.9,64,,,,,,,,,,,,,,,,,,,150.4,8,,,,,,,,,,,,,,,,,,
2026-07-08T18:03:42.878135+00:00,2026-07-08T18:03:42.878103,1,2,150.15,0.5,149.9,64,,,,,,,,,,,,,,,,,,,150.4,8,150.9,100,,,,,,,,,,,,,,,,
2026-07-08T18:03:43.323499+00:00,2026-07-08T18:03:43.323386,0,1,,,,,,,,,,,,,,,,,,,,,,,150.9,100,,,,,,,,,,,,,,,,,,
2026-07-08T18:03:43.378703+00:00,2026-07-08T18:03:43.378625,1,1,150.6,0.6,150.3,150,,,,,,,,,,,,,,,,,,,150.9,100,,,,,,,,,,,,,,,,,,
2026-07-08T18:03:43.431560+00:00,2026-07-08T18:03:43.431499,1,2,150.55,0.5,150.3,150,,,,,,,,,,,,,,,,,,,150.8,150,150.9,100,,,,,,,,,,,,,,,,
2026-07-08T18:03:43.758562+00:00,2026-07-08T18:03:43.754325,1,2,150.55,0.5,150.3,150,,,,,,,,,,,,,,,,,,,150.8,109,150.9,100,,,,,,,,,,,,,,,,
2026-07-08T18:03:44.858580+00:00,2026-07-08T18:03:44.857866,1,2,150.55,0.5,150.3,106,,,,,,,,,,,,,,,,,,,150.8,109,150.9,100,,,,,,,,,,,,,,,,
2026-07-08T18:03:45.380251+00:00,2026-07-08T18:03:45.380115,1,2,150.55,0.5,150.3,106,,,,,,,,,,,,,,,,,,,150.8,65,150.9,100,,,,,,,,,,,,,,,,
2026-07-08T18:03:45.840282+00:00,2026-07-08T18:03:45.840146,1,2,150.55,0.5,150.3,106,,,,,,,,,,,,,,,,,,,150.8,15,150.9,100,,,,,,,,,,,,,,,,
2026-07-08T18:03:45.911225+00:00,2026-07-08T18:03:45.911172,1,2,150.55,0.5,150.3,57,,,,,,,,,,,,,,,,,,,150.8,15,150.9,100,,,,,,,,,,,,,,,,
2026-07-08T18:03:45.938365+00:00,2026-07-08T18:03:45.938263,1,1,150.55,0.5,150.3,57,,,,,,,,,,,,,,,,,,,150.8,15,,,,,,,,,,,,,,,,,,
2026-07-08T18:03:45.993958+00:00,2026-07-08T18:03:45.993874,2,1,150.55,0.5,150.3,57,149.9,100,,,,,,,,,,,,,,,,,150.8,15,,,,,,,,,,,,,,,,,,
2026-07-08T18:03:46.046879+00:00,2026-07-08T18:03:46.046817,2,2,150.35,0.1,150.3,57,149.9,100,,,,,,,,,,,,,,,,,150.4,100,150.8,15,,,,,,,,,,,,,,,,
2026-07-08T18:03:46.485832+00:00,2026-07-08T18:03:46.485782,1,1,150.15,0.5,149.9,100,,,,,,,,,,,,,,,,,,,150.4,100,,,,,,,,,,,,,,,,,,
2026-07-08T18:03:46.537499+00:00,2026-07-08T18:03:46.537440,2,0,,,150.5,91,149.9,100,,,,,,,,,,,,,,,,,,,,,,,,,,,,,,,,,,,,
2026-07-08T18:03:46.605807+00:00,2026-07-08T18:03:46.600135,2,1,150.75,0.5,150.5,68,149.9,100,,,,,,,,,,,,,,,,,151.0,150,,,,,,,,,,,,,,,,,,
2026-07-08T18:03:47.080506+00:00,2026-07-08T18:03:47.080697,2,1,150.75,0.5,150.5,23,149.9,100,,,,,,,,,,,,,,,,,151.0,150,,,,,,,,,,,,,,,,,,
2026-07-08T18:03:47.342269+00:00,2026-07-08T18:03:47.336652,2,1,150.75,0.5,150.5,20,149.9,100,,,,,,,,,,,,,,,,,151.0,150,,,,,,,,,,,,,,,,,,
2026-07-08T18:03:47.958561+00:00,2026-07-08T18:03:47.957072,2,1,150.75,0.5,150.5,20,149.9,100,,,,,,,,,,,,,,,,,151.0,100,,,,,,,,,,,,,,,,,,
2026-07-08T18:03:49.104996+00:00,2026-07-08T18:03:49.104891,1,1,150.75,0.5,150.5,20,,,,,,,,,,,,,,,,,,,151.0,100,,,,,,,,,,,,,,,,,,
2026-07-08T18:03:49.164124+00:00,2026-07-08T18:03:49.163976,2,1,150.75,0.5,150.5,20,150.1,100,,,,,,,,,,,,,,,,,151.0,100,,,,,,,,,,,,,,,,,,
2026-07-08T18:03:49.214568+00:00,2026-07-08T18:03:49.214480,2,2,150.55,0.1,150.5,20,150.1,100,,,,,,,,,,,,,,,,,150.6,100,151.0,100,,,,,,,,,,,,,,,,
2026-07-08T18:03:49.648709+00:00,2026-07-08T18:03:49.648613,1,1,150.35,0.5,150.1,100,,,,,,,,,,,,,,,,,,,150.6,100,,,,,,,,,,,,,,,,,,
2026-07-08T18:03:49.701872+00:00,2026-07-08T18:03:49.701767,2,1,150.4,0.4,150.2,150,150.1,100,,,,,,,,,,,,,,,,,150.6,100,,,,,,,,,,,,,,,,,,
2026-07-08T18:03:49.779839+00:00,2026-07-08T18:03:49.779714,2,2,150.4,0.4,150.2,150,150.1,100,,,,,,,,,,,,,,,,,150.6,100,150.7,150,,,,,,,,,,,,,,,,
2026-07-08T18:03:50.069348+00:00,2026-07-08T18:03:50.069213,2,2,150.4,0.4,150.2,150,150.1,100,,,,,,,,,,,,,,,,,150.6,50,150.7,150,,,,,,,,,,,,,,,,
2026-07-08T18:03:52.195478+00:00,2026-07-08T18:03:52.195401,2,1,150.45,0.5,150.2,150,150.1,100,,,,,,,,,,,,,,,,,150.7,150,,,,,,,,,,,,,,,,,,
2026-07-08T18:03:52.265696+00:00,2026-07-08T18:03:52.265561,1,1,150.45,0.5,150.2,150,,,,,,,,,,,,,,,,,,,150.7,150,,,,,,,,,,,,,,,,,,
2026-07-08T18:03:52.320781+00:00,2026-07-08T18:03:52.320727,2,1,150.6,0.2,150.5,100,150.2,150,,,,,,,,,,,,,,,,,150.7,150,,,,,,,,,,,,,,,,,,
2026-07-08T18:03:52.372782+00:00,2026-07-08T18:03:52.372661,2,2,150.6,0.2,150.5,100,150.2,150,,,,,,,,,,,,,,,,,150.7,150,151.0,100,,,,,,,,,,,,,,,,
2026-07-08T18:03:52.818123+00:00,2026-07-08T18:03:52.818253,2,2,150.6,0.2,150.5,52,150.2,150,,,,,,,,,,,,,,,,,150.7,150,151.0,100,,,,,,,,,,,,,,,,
2026-07-08T18:03:52.833795+00:00,2026-07-08T18:03:52.833904,1,1,150.75,0.5,150.5,52,,,,,,,,,,,,,,,,,,,151.0,100,,,,,,,,,,,,,,,,,,
2026-07-08T18:03:52.890938+00:00,2026-07-08T18:03:52.890837,2,1,150.75,0.5,150.5,52,150.2,150,,,,,,,,,,,,,,,,,151.0,100,,,,,,,,,,,,,,,,,,
2026-07-08T18:03:52.941458+00:00,2026-07-08T18:03:52.941311,2,2,150.6,0.2,150.5,52,150.2,150,,,,,,,,,,,,,,,,,150.7,150,151.0,100,,,,,,,,,,,,,,,,
2026-07-08T18:03:54.303820+00:00,2026-07-08T18:03:54.303763,2,2,150.6,0.2,150.5,52,150.2,150,,,,,,,,,,,,,,,,,150.7,100,151.0,100,,,,,,,,,,,,,,,,
2026-07-08T18:03:54.898454+00:00,2026-07-08T18:03:54.898401,2,2,150.6,0.2,150.5,52,150.2,150,,,,,,,,,,,,,,,,,150.7,51,151.0,100,,,,,,,,,,,,,,,,
2026-07-08T18:03:55.424374+00:00,2026-07-08T18:03:55.424263,1,1,150.45,0.5,150.2,150,,,,,,,,,,,,,,,,,,,150.7,51,,,,,,,,,,,,,,,,,,
2026-07-08T18:03:55.480746+00:00,2026-07-08T18:03:55.480716,1,1,150.45,0.5,150.2,250,,,,,,,,,,,,,,,,,,,150.7,51,,,,,,,,,,,,,,,,,,
2026-07-08T18:03:55.532170+00:00,2026-07-08T18:03:55.532031,1,1,150.45,0.5,150.2,250,,,,,,,,,,,,,,,,,,,150.7,151,,,,,,,,,,,,,,,,,,
2026-07-08T18:03:55.997182+00:00,2026-07-08T18:03:55.997318,1,1,150.45,0.5,150.2,100,,,,,,,,,,,,,,,,,,,150.7,100,,,,,,,,,,,,,,,,,,
2026-07-08T18:03:56.050576+00:00,2026-07-08T18:03:56.050462,2,1,150.6,0.2,150.5,150,150.2,100,,,,,,,,,,,,,,,,,150.7,100,,,,,,,,,,,,,,,,,,
2026-07-08T18:03:56.104031+00:00,2026-07-08T18:03:56.103962,2,2,150.6,0.2,150.5,150,150.2,100,,,,,,,,,,,,,,,,,150.7,100,151.0,150,,,,,,,,,,,,,,,,
2026-07-08T18:03:56.454494+00:00,2026-07-08T18:03:56.454431,2,2,150.6,0.2,150.5,105,150.2,100,,,,,,,,,,,,,,,,,150.7,100,151.0,150,,,,,,,,,,,,,,,,
2026-07-08T18:03:56.475411+00:00,2026-07-08T18:03:56.475283,2,2,150.6,0.2,150.5,55,150.2,100,,,,,,,,,,,,,,,,,150.7,100,151.0,150,,,,,,,,,,,,,,,,
2026-07-08T18:03:58.589597+00:00,2026-07-08T18:03:58.589476,1,1,150.75,0.5,150.5,55,,,,,,,,,,,,,,,,,,,151.0,150,,,,,,,,,,,,,,,,,,
2026-07-08T18:03:58.643737+00:00,2026-07-08T18:03:58.643685,2,1,150.75,0.5,150.5,55,150.1,100,,,,,,,,,,,,,,,,,151.0,150,,,,,,,,,,,,,,,,,,
2026-07-08T18:03:58.698215+00:00,2026-07-08T18:03:58.698143,2,2,150.55,0.1,150.5,55,150.1,100,,,,,,,,,,,,,,,,,150.6,100,151.0,150,,,,,,,,,,,,,,,,
2026-07-08T18:03:59.163909+00:00,2026-07-08T18:03:59.163815,1,1,150.35,0.5,150.1,100,,,,,,,,,,,,,,,,,,,150.6,100,,,,,,,,,,,,,,,,,,
2026-07-08T18:03:59.213208+00:00,2026-07-08T18:03:59.213118,2,1,150.35,0.5,150.1,100,150.0,150,,,,,,,,,,,,,,,,,150.6,100,,,,,,,,,,,,,,,,,,
2026-07-08T18:03:59.266185+00:00,2026-07-08T18:03:59.266055,2,2,150.3,0.4,150.1,100,150.0,150,,,,,,,,,,,,,,,,,150.5,150,150.6,100,,,,,,,,,,,,,,,,
2026-07-08T18:04:00.714353+00:00,2026-07-08T18:04:00.714314,2,2,150.3,0.4,150.1,50,150.0,150,,,,,,,,,,,,,,,,,150.5,150,150.6,100,,,,,,,,,,,,,,,,
2026-07-08T18:04:01.752302+00:00,2026-07-08T18:04:01.752165,1,1,150.25,0.5,150.0,150,,,,,,,,,,,,,,,,,,,150.5,150,,,,,,,,,,,,,,,,,,
2026-07-08T18:04:01.807429+00:00,2026-07-08T18:04:01.807341,2,1,150.25,0.5,150.0,150,149.9,100,,,,,,,,,,,,,,,,,150.5,150,,,,,,,,,,,,,,,,,,
2026-07-08T18:04:01.858597+00:00,2026-07-08T18:04:01.855200,2,2,150.2,0.4,150.0,150,149.9,100,,,,,,,,,,,,,,,,,150.4,100,150.5,150,,,,,,,,,,,,,,,,
2026-07-08T18:04:02.321999+00:00,2026-07-08T18:04:02.322137,1,1,150.15,0.5,149.9,100,,,,,,,,,,,,,,,,,,,150.4,100,,,,,,,,,,,,,,,,,,
2026-07-08T18:04:02.377852+00:00,2026-07-08T18:04:02.377948,1,1,150.15,0.5,149.9,250,,,,,,,,,,,,,,,,,,,150.4,100,,,,,,,,,,,,,,,,,,
2026-07-08T18:04:02.431320+00:00,2026-07-08T18:04:02.431169,1,1,150.15,0.5,149.9,250,,,,,,,,,,,,,,,,,,,150.4,250,,,,,,,,,,,,,,,,,,
2026-07-08T18:04:02.817309+00:00,2026-07-08T18:04:02.817204,1,1,150.15,0.5,149.9,200,,,,,,,,,,,,,,,,,,,150.4,250,,,,,,,,,,,,,,,,,,
2026-07-08T18:04:04.672659+00:00,2026-07-08T18:04:04.672534,1,1,150.15,0.5,149.9,200,,,,,,,,,,,,,,,,,,,150.4,206,,,,,,,,,,,,,,,,,,
2026-07-08T18:04:04.909705+00:00,2026-07-08T18:04:04.909650,1,1,150.15,0.5,149.9,200,,,,,,,,,,,,,,,,,,,150.4,150,,,,,,,,,,,,,,,,,,
2026-07-08T18:04:04.914964+00:00,2026-07-08T18:04:04.914817,1,1,150.15,0.5,149.9,150,,,,,,,,,,,,,,,,,,,150.4,150,,,,,,,,,,,,,,,,,,
2026-07-08T18:04:04.925450+00:00,2026-07-08T18:04:04.925306,1,1,150.15,0.5,149.9,100,,,,,,,,,,,,,,,,,,,150.4,150,,,,,,,,,,,,,,,,,,
2026-07-08T18:04:04.967986+00:00,2026-07-08T18:04:04.967910,2,1,150.15,0.5,149.9,100,149.7,100,,,,,,,,,,,,,,,,,150.4,150,,,,,,,,,,,,,,,,,,
2026-07-08T18:04:05.018583+00:00,2026-07-08T18:04:05.018417,2,2,150.05,0.3,149.9,100,149.7,100,,,,,,,,,,,,,,,,,150.2,100,150.4,150,,,,,,,,,,,,,,,,
2026-07-08T18:04:05.358555+00:00,2026-07-08T18:04:05.358472,2,2,150.05,0.3,149.9,100,149.7,100,,,,,,,,,,,,,,,,,150.2,59,150.4,150,,,,,,,,,,,,,,,,
2026-07-08T18:04:05.486171+00:00,2026-07-08T18:04:05.486046,1,1,149.95,0.5,149.7,100,,,,,,,,,,,,,,,,,,,150.2,59,,,,,,,,,,,,,,,,,,
2026-07-08T18:04:05.543436+00:00,2026-07-08T18:04:05.543585,2,1,149.95,0.5,149.7,100,149.5,150,,,,,,,,,,,,,,,,,150.2,59,,,,,,,,,,,,,,,,,,
2026-07-08T18:04:05.602067+00:00,2026-07-08T18:04:05.601993,2,2,149.85,0.3,149.7,100,149.5,150,,,,,,,,,,,,,,,,,150.0,150,150.2,59,,,,,,,,,,,,,,,,
2026-07-08T18:04:07.034143+00:00,2026-07-08T18:04:07.034114,2,2,149.85,0.3,149.7,50,149.5,150,,,,,,,,,,,,,,,,,150.0,150,150.2,59,,,,,,,,,,,,,,,,
2026-07-08T18:04:07.337942+00:00,2026-07-08T18:04:07.338078,2,2,149.85,0.3,149.7,1,149.5,150,,,,,,,,,,,,,,,,,150.0,150,150.2,59,,,,,,,,,,,,,,,,
2026-07-08T18:04:08.072589+00:00,2026-07-08T18:04:08.072479,2,1,149.85,0.3,149.7,1,149.5,150,,,,,,,,,,,,,,,,,150.0,150,,,,,,,,,,,,,,,,,,
2026-07-08T18:04:08.077811+00:00,2026-07-08T18:04:08.077662,1,1,149.75,0.5,149.5,150,,,,,,,,,,,,,,,,,,,150.0,150,,,,,,,,,,,,,,,,,,
2026-07-08T18:04:08.133036+00:00,2026-07-08T18:04:08.132932,2,1,149.75,0.5,149.5,150,149.3,100,,,,,,,,,,,,,,,,,150.0,150,,,,,,,,,,,,,,,,,,
2026-07-08T18:04:08.187664+00:00,2026-07-08T18:04:08.187610,2,2,149.65,0.3,149.5,150,149.3,100,,,,,,,,,,,,,,,,,149.8,100,150.0,150,,,,,,,,,,,,,,,,
2026-07-08T18:04:08.657709+00:00,2026-07-08T18:04:08.657639,1,1,149.55,0.5,149.3,100,,,,,,,,,,,,,,,,,,,149.8,100,,,,,,,,,,,,,,,,,,
2026-07-08T18:04:08.712537+00:00,2026-07-08T18:04:08.712629,2,1,149.6,0.4,149.4,150,149.3,100,,,,,,,,,,,,,,,,,149.8,100,,,,,,,,,,,,,,,,,,
2026-07-08T18:04:08.765395+00:00,2026-07-08T18:04:08.765303,2,2,149.6,0.4,149.4,150,149.3,100,,,,,,,,,,,,,,,,,149.8,100,149.9,150,,,,,,,,,,,,,,,,
2026-07-08T18:04:09.164467+00:00,2026-07-08T18:04:09.164286,2,2,149.6,0.4,149.4,100,149.3,100,,,,,,,,,,,,,,,,,149.8,100,149.9,150,,,,,,,,,,,,,,,,
2026-07-08T18:04:09.253358+00:00,2026-07-08T18:04:09.253261,2,2,149.6,0.4,149.4,100,149.3,100,,,,,,,,,,,,,,,,,149.8,58,149.9,150,,,,,,,,,,,,,,,,
2026-07-08T18:04:10.316628+00:00,2026-07-08T18:04:10.316575,2,2,149.6,0.4,149.4,53,149.3,100,,,,,,,,,,,,,,,,,149.8,58,149.9,150,,,,,,,,,,,,,,,,
2026-07-08T18:04:11.243649+00:00,2026-07-08T18:04:11.243532,1,1,149.65,0.5,149.4,53,,,,,,,,,,,,,,,,,,,149.9,150,,,,,,,,,,,,,,,,,,
2026-07-08T18:04:11.270062+00:00,2026-07-08T18:04:11.270200,1,1,149.65,0.5,149.4,3,,,,,,,,,,,,,,,,,,,149.9,150,,,,,,,,,,,,,,,,,,
2026-07-08T18:04:11.298663+00:00,2026-07-08T18:04:11.298615,2,1,149.7,0.4,149.5,100,149.4,3,,,,,,,,,,,,,,,,,149.9,150,,,,,,,,,,,,,,,,,,
2026-07-08T18:04:11.347695+00:00,2026-07-08T18:04:11.347612,2,2,149.7,0.4,149.5,100,149.4,3,,,,,,,,,,,,,,,,,149.9,150,150.0,100,,,,,,,,,,,,,,,,
2026-07-08T18:04:11.819458+00:00,2026-07-08T18:04:11.819399,1,1,149.75,0.5,149.5,100,,,,,,,,,,,,,,,,,,,150.0,100,,,,,,,,,,,,,,,,,,
2026-07-08T18:04:11.873954+00:00,2026-07-08T18:04:11.873886,2,1,149.75,0.5,149.5,100,148.7,150,,,,,,,,,,,,,,,,,150.0,100,,,,,,,,,,,,,,,,,,
2026-07-08T18:04:11.926869+00:00,2026-07-08T18:04:11.926819,1,2,148.95,0.5,148.7,150,,,,,,,,,,,,,,,,,,,149.2,50,150.0,100,,,,,,,,,,,,,,,,
2026-07-08T18:04:11.937758+00:00,2026-07-08T18:04:11.931217,1,2,148.95,0.5,148.7,150,,,,,,,,,,,,,,,,,,,149.2,13,150.0,100,,,,,,,,,,,,,,,,
2026-07-08T18:04:12.210229+00:00,2026-07-08T18:04:12.204348,1,2,148.95,0.5,148.7,150,,,,,,,,,,,,,,,,,,,149.2,1,150.0,100,,,,,,,,,,,,,,,,
