recv_time,book_timestamp,n_bids,n_asks,mid,spread,bid_px_0,bid_vol_0,bid_px_1,bid_vol_1,bid_px_2,bid_vol_2,bid_px_3,bid_vol_3,bid_px_4,bid_vol_4,bid_px_5,bid_vol_5,bid_px_6,bid_vol_6,bid_px_7,bid_vol_7,bid_px_8,bid_vol_8,bid_px_9,bid_vol_9,ask_px_0,ask_vol_0,ask_px_1,ask_vol_1,ask_px_2,ask_vol_2,ask_px_3,ask_vol_3,ask_px_4,ask_vol_4,ask_px_5,ask_vol_5,ask_px_6,ask_vol_6,ask_px_7,ask_vol_7,ask_px_8,ask_vol_8,ask_px_9,ask_vol_9
2026-07-03T06:00:00.053614+00:00,2026-07-03T06:00:00.056544,1,1,113.95,0.5,113.7,150,,,,,,,,,,,,,,,,,,,114.2,150,,,,,,,,,,,,,,,,,,
2026-07-03T06:00:00.119450+00:00,2026-07-03T06:00:00.119335,2,1,113.95,0.5,113.7,150,113.1,100,,,,,,,,,,,,,,,,,114.2,150,,,,,,,,,,,,,,,,,,
2026-07-03T06:00:00.155616+00:00,2026-07-03T06:00:00.163869,2,1,113.95,0.5,113.7,50,113.1,100,,,,,,,,,,,,,,,,,114.2,150,,,,,,,,,,,,,,,,,,
2026-07-03T06:00:02.694476+00:00,2026-07-03T06:00:02.694428,1,0,,,113.1,100,,,,,,,,,,,,,,,,,,,,,,,,,,,,,,,,,,,,,,
2026-07-03T06:00:02.749506+00:00,2026-07-03T06:00:02.740594,2,0,,,113.2,150,113.1,100,,,,,,,,,,,,,,,,,,,,,,,,,,,,,,,,,,,,
2026-07-03T06:00:02.807479+00:00,2026-07-03T06:00:02.807376,2,1,113.45,0.5,113.2,150,113.1,100,,,,,,,,,,,,,,,,,113.7,150,,,,,,,,,,,,,,,,,,
2026-07-03T06:00:03.229803+00:00,2026-07-03T06:00:03.229753,1,1,113.45,0.5,113.2,150,,,,,,,,,,,,,,,,,,,113.7,150,,,,,,,,,,,,,,,,,,
2026-07-03T06:00:03.282168+00:00,2026-07-03T06:00:03.282102,2,1,113.6,0.2,113.5,100,113.2,150,,,,,,,,,,,,,,,,,113.7,150,,,,,,,,,,,,,,,,,,
2026-07-03T06:00:03.341761+00:00,2026-07-03T06:00:03.335652,2,2,113.6,0.2,113.5,100,113.2,150,,,,,,,,,,,,,,,,,113.7,136,114.0,100,,,,,,,,,,,,,,,,
2026-07-03T06:00:05.627099+00:00,2026-07-03T06:00:05.627074,2,2,113.6,0.2,113.5,100,113.2,150,,,,,,,,,,,,,,,,,113.7,89,114.0,100,,,,,,,,,,,,,,,,
2026-07-03T06:00:05.874931+00:00,2026-07-03T06:00:05.874829,2,1,113.75,0.5,113.5,100,113.2,150,,,,,,,,,,,,,,,,,114.0,100,,,,,,,,,,,,,,,,,,
2026-07-03T06:00:05.880107+00:00,2026-07-03T06:00:05.880044,1,1,113.75,0.5,113.5,50,,,,,,,,,,,,,,,,,,,114.0,100,,,,,,,,,,,,,,,,,,
2026-07-03T06:00:05.934229+00:00,2026-07-03T06:00:05.934151,2,1,113.85,0.3,113.7,150,113.5,50,,,,,,,,,,,,,,,,,114.0,100,,,,,,,,,,,,,,,,,,
2026-07-03T06:00:05.982574+00:00,2026-07-03T06:00:05.982659,2,2,113.85,0.3,113.7,150,113.5,50,,,,,,,,,,,,,,,,,114.0,100,114.2,150,,,,,,,,,,,,,,,,
2026-07-03T06:00:06.394313+00:00,2026-07-03T06:00:06.394210,1,1,113.95,0.5,113.7,150,,,,,,,,,,,,,,,,,,,114.2,150,,,,,,,,,,,,,,,,,,
2026-07-03T06:00:06.447037+00:00,2026-07-03T06:00:06.447199,2,1,113.95,0.5,113.7,150,113.4,100,,,,,,,,,,,,,,,,,114.2,150,,,,,,,,,,,,,,,,,,
2026-07-03T06:00:06.505342+00:00,2026-07-03T06:00:06.505440,2,2,113.8,0.2,113.7,150,113.4,100,,,,,,,,,,,,,,,,,113.9,100,114.2,150,,,,,,,,,,,,,,,,
2026-07-03T06:00:07.858670+00:00,2026-07-03T06:00:07.854478,2,2,113.8,0.2,113.7,108,113.4,100,,,,,,,,,,,,,,,,,113.9,100,114.2,150,,,,,,,,,,,,,,,,
2026-07-03T06:00:07.991072+00:00,2026-07-03T06:00:07.991006,2,2,113.8,0.2,113.7,58,113.4,100,,,,,,,,,,,,,,,,,113.9,100,114.2,150,,,,,,,,,,,,,,,,
2026-07-03T06:00:08.587059+00:00,2026-07-03T06:00:08.580518,2,2,113.8,0.2,113.7,55,113.4,100,,,,,,,,,,,,,,,,,113.9,100,114.2,150,,,,,,,,,,,,,,,,
2026-07-03T06:00:08.893719+00:00,2026-07-03T06:00:08.893881,2,2,113.8,0.2,113.7,55,113.4,100,,,,,,,,,,,,,,,,,113.9,52,114.2,150,,,,,,,,,,,,,,,,
2026-07-03T06:00:09.038394+00:00,2026-07-03T06:00:09.038309,1,1,113.65,0.5,113.4,100,,,,,,,,,,,,,,,,,,,113.9,52,,,,,,,,,,,,,,,,,,
2026-07-03T06:00:09.092246+00:00,2026-07-03T06:00:09.092328,2,1,113.65,0.5,113.4,100,113.2,150,,,,,,,,,,,,,,,,,113.9,52,,,,,,,,,,,,,,,,,,
2026-07-03T06:00:09.145742+00:00,2026-07-03T06:00:09.145682,2,2,113.55,0.3,113.4,100,113.2,150,,,,,,,,,,,,,,,,,113.7,150,113.9,52,,,,,,,,,,,,,,,,
2026-07-03T06:00:09.558637+00:00,2026-07-03T06:00:09.555655,1,1,113.45,0.5,113.2,150,,,,,,,,,,,,,,,,,,,113.7,150,,,,,,,,,,,,,,,,,,
2026-07-03T06:00:09.616097+00:00,2026-07-03T06:00:09.616047,2,1,113.6,0.2,113.5,100,113.2,150,,,,,,,,,,,,,,,,,113.7,150,,,,,,,,,,,,,,,,,,
2026-07-03T06:00:09.669278+00:00,2026-07-03T06:00:09.669177,2,2,113.6,0.2,113.5,100,113.2,150,,,,,,,,,,,,,,,,,113.7,150,114.0,100,,,,,,,,,,,,,,,,
2026-07-03T06:00:10.117935+00:00,2026-07-03T06:00:10.117827,2,2,113.6,0.2,113.5,50,113.2,150,,,,,,,,,,,,,,,,,113.7,150,114.0,100,,,,,,,,,,,,,,,,
2026-07-03T06:00:12.198673+00:00,2026-07-03T06:00:12.198640,1,1,113.75,0.5,113.5,50,,,,,,,,,,,,,,,,,,,114.0,100,,,,,,,,,,,,,,,,,,
2026-07-03T06:00:12.224082+00:00,2026-07-03T06:00:12.224026,0,1,,,,,,,,,,,,,,,,,,,,,,,114.0,100,,,,,,,,,,,,,,,,,,
2026-07-03T06:00:12.252349+00:00,2026-07-03T06:00:12.252271,1,1,113.6,0.8,113.2,150,,,,,,,,,,,,,,,,,,,114.0,100,,,,,,,,,,,,,,,,,,
2026-07-03T06:00:12.304166+00:00,2026-07-03T06:00:12.304084,1,2,113.45,0.5,113.2,150,,,,,,,,,,,,,,,,,,,113.7,150,114.0,100,,,,,,,,,,,,,,,,
2026-07-03T06:00:12.720823+00:00,2026-07-03T06:00:12.720776,1,1,113.45,0.5,113.2,150,,,,,,,,,,,,,,,,,,,113.7,150,,,,,,,,,,,,,,,,,,
2026-07-03T06:00:12.774935+00:00,2026-07-03T06:00:12.774870,1,1,113.45,0.5,113.2,250,,,,,,,,,,,,,,,,,,,113.7,150,,,,,,,,,,,,,,,,,,
2026-07-03T06:00:12.830619+00:00,2026-07-03T06:00:12.830581,1,1,113.45,0.5,113.2,250,,,,,,,,,,,,,,,,,,,113.7,250,,,,,,,,,,,,,,,,,,
2026-07-03T06:00:13.058602+00:00,2026-07-03T06:00:13.055235,1,1,113.45,0.5,113.2,250,,,,,,,,,,,,,,,,,,,113.7,201,,,,,,,,,,,,,,,,,,
2026-07-03T06:00:14.068215+00:00,2026-07-03T06:00:14.068055,1,1,113.45,0.5,113.2,207,,,,,,,,,,,,,,,,,,,113.7,201,,,,,,,,,,,,,,,,,,
2026-07-03T06:00:14.329367+00:00,2026-07-03T06:00:14.329479,1,1,113.45,0.5,113.2,157,,,,,,,,,,,,,,,,,,,113.7,201,,,,,,,,,,,,,,,,,,
2026-07-03T06:00:15.358564+00:00,2026-07-03T06:00:15.357624,1,1,113.45,0.5,113.2,100,,,,,,,,,,,,,,,,,,,113.7,100,,,,,,,,,,,,,,,,,,
2026-07-03T06:00:15.411436+00:00,2026-07-03T06:00:15.411379,2,1,113.45,0.5,113.2,100,113.0,150,,,,,,,,,,,,,,,,,113.7,100,,,,,,,,,,,,,,,,,,
2026-07-03T06:00:15.473034+00:00,2026-07-03T06:00:15.467524,2,2,113.3,0.2,113.2,100,113.0,150,,,,,,,,,,,,,,,,,113.4,147,113.7,100,,,,,,,,,,,,,,,,
2026-07-03T06:00:15.885633+00:00,2026-07-03T06:00:15.885784,1,1,113.2,0.4,113.0,150,,,,,,,,,,,,,,,,,,,113.4,147,,,,,,,,,,,,,,,,,,
2026-07-03T06:00:15.958656+00:00,2026-07-03T06:00:15.936660,2,1,113.3,0.2,113.2,100,113.0,150,,,,,,,,,,,,,,,,,113.4,147,,,,,,,,,,,,,,,,,,
2026-07-03T06:00:16.064416+00:00,2026-07-03T06:00:16.063975,2,2,113.3,0.2,113.2,100,113.0,150,,,,,,,,,,,,,,,,,113.4,147,113.7,100,,,,,,,,,,,,,,,,
2026-07-03T06:00:16.458716+00:00,2026-07-03T06:00:16.429730,2,2,113.3,0.2,113.2,50,113.0,150,,,,,,,,,,,,,,,,,113.4,147,113.7,100,,,,,,,,,,,,,,,,
2026-07-03T06:00:18.517709+00:00,2026-07-03T06:00:18.517606,1,1,113.45,0.5,113.2,50,,,,,,,,,,,,,,,,,,,113.7,100,,,,,,,,,,,,,,,,,,
2026-07-03T06:00:18.558592+00:00,2026-07-03T06:00:18.550126,0,1,,,,,,,,,,,,,,,,,,,,,,,113.7,100,,,,,,,,,,,,,,,,,,
2026-07-03T06:00:18.568832+00:00,2026-07-03T06:00:18.568914,1,1,113.25,0.9,112.8,150,,,,,,,,,,,,,,,,,,,113.7,100,,,,,,,,,,,,,,,,,,
2026-07-03T06:00:18.620863+00:00,2026-07-03T06:00:18.620836,1,2,113.05,0.5,112.8,150,,,,,,,,,,,,,,,,,,,113.3,150,113.7,100,,,,,,,,,,,,,,,,
2026-07-03T06:00:19.058595+00:00,2026-07-03T06:00:19.048546,1,1,113.05,0.5,112.8,150,,,,,,,,,,,,,,,,,,,113.3,150,,,,,,,,,,,,,,,,,,
2026-07-03T06:00:19.102097+00:00,2026-07-03T06:00:19.102017,2,1,113.05,0.5,112.8,150,112.6,100,,,,,,,,,,,,,,,,,113.3,150,,,,,,,,,,,,,,,,,,
2026-07-03T06:00:19.158757+00:00,2026-07-03T06:00:19.158650,2,2,112.95,0.3,112.8,150,112.6,100,,,,,,,,,,,,,,,,,113.1,100,113.3,150,,,,,,,,,,,,,,,,
2026-07-03T06:00:19.297713+00:00,2026-07-03T06:00:19.297799,2,2,112.95,0.3,112.8,150,112.6,100,,,,,,,,,,,,,,,,,113.1,75,113.3,150,,,,,,,,,,,,,,,,
2026-07-03T06:00:19.507711+00:00,2026-07-03T06:00:19.507663,2,2,112.95,0.3,112.8,150,112.6,100,,,,,,,,,,,,,,,,,113.1,50,113.3,150,,,,,,,,,,,,,,,,
2026-07-03T06:00:19.716449+00:00,2026-07-03T06:00:19.716365,2,2,112.95,0.3,112.8,150,112.6,100,,,,,,,,,,,,,,,,,113.1,25,113.3,150,,,,,,,,,,,,,,,,
2026-07-03T06:00:19.925617+00:00,2026-07-03T06:00:19.925503,2,1,113.05,0.5,112.8,150,112.6,100,,,,,,,,,,,,,,,,,113.3,150,,,,,,,,,,,,,,,,,,
2026-07-03T06:00:21.296949+00:00,2026-07-03T06:00:21.296803,2,1,113.05,0.5,112.8,150,112.6,100,,,,,,,,,,,,,,,,,113.3,107,,,,,,,,,,,,,,,,,,
2026-07-03T06:00:21.677221+00:00,2026-07-03T06:00:21.677110,1,0,,,112.6,100,,,,,,,,,,,,,,,,,,,,,,,,,,,,,,,,,,,,,,
2026-07-03T06:00:21.727673+00:00,2026-07-03T06:00:21.727564,2,0,,,113.0,150,112.6,100,,,,,,,,,,,,,,,,,,,,,,,,,,,,,,,,,,,,
2026-07-03T06:00:21.784275+00:00,2026-07-03T06:00:21.784105,2,1,113.25,0.5,113.0,150,112.6,100,,,,,,,,,,,,,,,,,113.5,150,,,,,,,,,,,,,,,,,,
2026-07-03T06:00:22.215029+00:00,2026-07-03T06:00:22.214939,1,1,113.25,0.5,113.0,150,,,,,,,,,,,,,,,,,,,113.5,150,,,,,,,,,,,,,,,,,,
2026-07-03T06:00:22.268683+00:00,2026-07-03T06:00:22.268582,1,1,113.25,0.5,113.0,250,,,,,,,,,,,,,,,,,,,113.5,150,,,,,,,,,,,,,,,,,,
2026-07-03T06:00:22.321165+00:00,2026-07-03T06:00:22.321012,1,1,113.25,0.5,113.0,250,,,,,,,,,,,,,,,,,,,113.5,250,,,,,,,,,,,,,,,,,,
2026-07-03T06:00:22.766931+00:00,2026-07-03T06:00:22.766876,1,1,113.25,0.5,113.0,200,,,,,,,,,,,,,,,,,,,113.5,250,,,,,,,,,,,,,,,,,,
2026-07-03T06:00:24.840273+00:00,2026-07-03T06:00:24.840156,1,1,113.25,0.5,113.0,200,,,,,,,,,,,,,,,,,,,113.5,100,,,,,,,,,,,,,,,,,,
2026-07-03T06:00:24.845490+00:00,2026-07-03T06:00:24.845377,1,1,113.25,0.5,113.0,51,,,,,,,,,,,,,,,,,,,113.5,100,,,,,,,,,,,,,,,,,,
2026-07-03T06:00:24.898617+00:00,2026-07-03T06:00:24.898501,2,1,113.25,0.5,113.0,51,112.8,150,,,,,,,,,,,,,,,,,113.5,100,,,,,,,,,,,,,,,,,,
2026-07-03T06:00:24.958586+00:00,2026-07-03T06:00:24.955069,2,2,113.15,0.3,113.0,51,112.8,150,,,,,,,,,,,,,,,,,113.3,150,113.5,100,,,,,,,,,,,,,,,,
2026-07-03T06:00:25.375348+00:00,2026-07-03T06:00:25.375276,1,1,113.05,0.5,112.8,150,,,,,,,,,,,,,,,,,,,113.3,150,,,,,,,,,,,,,,,,,,
2026-07-03T06:00:25.429133+00:00,2026-07-03T06:00:25.429065,1,1,113.05,0.5,112.8,250,,,,,,,,,,,,,,,,,,,113.3,150,,,,,,,,,,,,,,,,,,
2026-07-03T06:00:25.447615+00:00,2026-07-03T06:00:25.447560,1,1,113.05,0.5,112.8,250,,,,,,,,,,,,,,,,,,,113.3,109,,,,,,,,,,,,,,,,,,
2026-07-03T06:00:25.481400+00:00,2026-07-03T06:00:25.481355,1,1,113.05,0.5,112.8,250,,,,,,,,,,,,,,,,,,,113.3,209,,,,,,,,,,,,,,,,,,
2026-07-03T06:00:25.501609+00:00,2026-07-03T06:00:25.501542,1,1,113.05,0.5,112.8,204,,,,,,,,,,,,,,,,,,,113.3,209,,,,,,,,,,,,,,,,,,
2026-07-03T06:00:26.110463+00:00,2026-07-03T06:00:26.110398,1,1,113.05,0.5,112.8,161,,,,,,,,,,,,,,,,,,,113.3,209,,,,,,,,,,,,,,,,,,
2026-07-03T06:00:26.926689+00:00,2026-07-03T06:00:26.926878,1,1,113.05,0.5,112.8,161,,,,,,,,,,,,,,,,,,,113.3,159,,,,,,,,,,,,,,,,,,
2026-07-03T06:00:28.012505+00:00,2026-07-03T06:00:28.012459,1,1,113.05,0.5,112.8,100,,,,,,,,,,,,,,,,,,,113.3,100,,,,,,,,,,,,,,,,,,
2026-07-03T06:00:28.058589+00:00,2026-07-03T06:00:28.055901,2,1,113.05,0.5,112.8,100,112.7,150,,,,,,,,,,,,,,,,,113.3,100,,,,,,,,,,,,,,,,,,
2026-07-03T06:00:28.119322+00:00,2026-07-03T06:00:28.119257,2,2,113.0,0.4,112.8,100,112.7,150,,,,,,,,,,,,,,,,,113.2,150,113.3,100,,,,,,,,,,,,,,,,
2026-07-03T06:00:28.358883+00:00,2026-07-03T06:00:28.358770,2,2,113.0,0.4,112.8,100,112.7,150,,,,,,,,,,,,,,,,,113.2,125,113.3,100,,,,,,,,,,,,,,,,
2026-07-03T06:00:28.535750+00:00,2026-07-03T06:00:28.535661,1,1,112.95,0.5,112.7,150,,,,,,,,,,,,,,,,,,,113.2,125,,,,,,,,,,,,,,,,,,
2026-07-03T06:00:28.558586+00:00,2026-07-03T06:00:28.555662,1,1,112.95,0.5,112.7,150,,,,,,,,,,,,,,,,,,,113.2,100,,,,,,,,,,,,,,,,,,
2026-07-03T06:00:28.586364+00:00,2026-07-03T06:00:28.586333,2,1,113.05,0.3,112.9,100,112.7,150,,,,,,,,,,,,,,,,,113.2,100,,,,,,,,,,,,,,,,,,
2026-07-03T06:00:28.642264+00:00,2026-07-03T06:00:28.642355,2,2,113.05,0.3,112.9,100,112.7,150,,,,,,,,,,,,,,,,,113.2,100,113.4,100,,,,,,,,,,,,,,,,
2026-07-03T06:00:28.769355+00:00,2026-07-03T06:00:28.769558,2,2,113.05,0.3,112.9,100,112.7,150,,,,,,,,,,,,,,,,,113.2,75,113.4,100,,,,,,,,,,,,,,,,
2026-07-03T06:00:28.979459+00:00,2026-07-03T06:00:28.979413,2,2,113.05,0.3,112.9,100,112.7,150,,,,,,,,,,,,,,,,,113.2,50,113.4,100,,,,,,,,,,,,,,,,
2026-07-03T06:00:30.925037+00:00,2026-07-03T06:00:30.919804,2,2,113.05,0.3,112.9,100,112.7,150,,,,,,,,,,,,,,,,,113.2,47,113.4,100,,,,,,,,,,,,,,,,
2026-07-03T06:00:31.137581+00:00,2026-07-03T06:00:31.137451,2,1,113.15,0.5,112.9,100,112.7,150,,,,,,,,,,,,,,,,,113.4,97,,,,,,,,,,,,,,,,,,
2026-07-03T06:00:31.175275+00:00,2026-07-03T06:00:31.175208,1,1,113.15,0.5,112.9,100,,,,,,,,,,,,,,,,,,,113.4,97,,,,,,,,,,,,,,,,,,
2026-07-03T06:00:31.228014+00:00,2026-07-03T06:00:31.227886,2,0,,,113.6,53,112.9,100,,,,,,,,,,,,,,,,,,,,,,,,,,,,,,,,,,,,
2026-07-03T06:00:31.294546+00:00,2026-07-03T06:00:31.288850,2,1,113.85,0.5,113.6,50,112.9,100,,,,,,,,,,,,,,,,,114.1,150,,,,,,,,,,,,,,,,,,
2026-07-03T06:00:31.695247+00:00,2026-07-03T06:00:31.695153,1,1,113.85,0.5,113.6,50,,,,,,,,,,,,,,,,,,,114.1,150,,,,,,,,,,,,,,,,,,
2026-07-03T06:00:31.747840+00:00,2026-07-03T06:00:31.747716,2,1,113.85,0.5,113.6,50,113.4,100,,,,,,,,,,,,,,,,,114.1,150,,,,,,,,,,,,,,,,,,
2026-07-03T06:00:31.800449+00:00,2026-07-03T06:00:31.800355,2,2,113.75,0.3,113.6,50,113.4,100,,,,,,,,,,,,,,,,,113.9,100,114.1,150,,,,,,,,,,,,,,,,
2026-07-03T06:00:31.926828+00:00,2026-07-03T06:00:31.926726,2,2,113.75,0.3,113.6,2,113.4,100,,,,,,,,,,,,,,,,,113.9,100,114.1,150,,,,,,,,,,,,,,,,
2026-07-03T06:00:32.230610+00:00,2026-07-03T06:00:32.224878,1,2,113.65,0.5,113.4,100,,,,,,,,,,,,,,,,,,,113.9,100,114.1,150,,,,,,,,,,,,,,,,
2026-07-03T06:00:33.297234+00:00,2026-07-03T06:00:33.297191,1,2,113.65,0.5,113.4,50,,,,,,,,,,,,,,,,,,,113.9,100,114.1,150,,,,,,,,,,,,,,,,
2026-07-03T06:00:33.551873+00:00,2026-07-03T06:00:33.545390,1,2,113.65,0.5,113.4,49,,,,,,,,,,,,,,,,,,,113.9,100,114.1,150,,,,,,,,,,,,,,,,
2026-07-03T06:00:33.593589+00:00,2026-07-03T06:00:33.593499,1,2,113.65,0.5,113.4,24,,,,,,,,,,,,,,,,,,,113.9,100,114.1,150,,,,,,,,,,,,,,,,
2026-07-03T06:00:33.702823+00:00,2026-07-03T06:00:33.702752,1,2,113.65,0.5,113.4,24,,,,,,,,,,,,,,,,,,,113.9,54,114.1,150,,,,,,,,,,,,,,,,
2026-07-03T06:00:33.810380+00:00,2026-07-03T06:00:33.803756,0,2,,,,,,,,,,,,,,,,,,,,,,,113.9,54,114.1,150,,,,,,,,,,,,,,,,
2026-07-03T06:00:34.334786+00:00,2026-07-03T06:00:34.334681,0,1,,,,,,,,,,,,,,,,,,,,,,,113.9,54,,,,,,,,,,,,,,,,,,
2026-07-03T06:00:34.388849+00:00,2026-07-03T06:00:34.388787,1,1,113.25,1.3,112.6,150,,,,,,,,,,,,,,,,,,,113.9,54,,,,,,,,,,,,,,,,,,
2026-07-03T06:00:34.457615+00:00,2026-07-03T06:00:34.449580,1,2,112.85,0.5,112.6,150,,,,,,,,,,,,,,,,,,,113.1,147,113.9,54,,,,,,,,,,,,,,,,
2026-07-03T06:00:34.849284+00:00,2026-07-03T06:00:34.849209,1,1,112.85,0.5,112.6,150,,,,,,,,,,,,,,,,,,,113.1,147,,,,,,,,,,,,,,,,,,
2026-07-03T06:00:34.907644+00:00,2026-07-03T06:00:34.907474,2,1,113.0,0.2,112.9,100,112.6,150,,,,,,,,,,,,,,,,,113.1,147,,,,,,,,,,,,,,,,,,
2026-07-03T06:00:34.958624+00:00,2026-07-03T06:00:34.956141,2,2,113.0,0.2,112.9,100,112.6,150,,,,,,,,,,,,,,,,,113.1,147,113.4,100,,,,,,,,,,,,,,,,
2026-07-03T06:00:35.026818+00:00,2026-07-03T06:00:35.026701,2,2,113.0,0.2,112.9,100,112.6,150,,,,,,,,,,,,,,,,,113.1,122,113.4,100,,,,,,,,,,,,,,,,
2026-07-03T06:00:35.237027+00:00,2026-07-03T06:00:35.236918,2,2,113.0,0.2,112.9,100,112.6,150,,,,,,,,,,,,,,,,,113.1,98,113.4,100,,,,,,,,,,,,,,,,
2026-07-03T06:00:35.321371+00:00,2026-07-03T06:00:35.321326,2,2,113.0,0.2,112.9,100,112.6,150,,,,,,,,,,,,,,,,,113.1,57,113.4,100,,,,,,,,,,,,,,,,
2026-07-03T06:00:36.185471+00:00,2026-07-03T06:00:36.179190,2,2,113.0,0.2,112.9,100,112.6,150,,,,,,,,,,,,,,,,,113.1,54,113.4,100,,,,,,,,,,,,,,,,
2026-07-03T06:00:37.495576+00:00,2026-07-03T06:00:37.495450,1,1,113.15,0.5,112.9,100,,,,,,,,,,,,,,,,,,,113.4,100,,,,,,,,,,,,,,,,,,
2026-07-03T06:00:37.511037+00:00,2026-07-03T06:00:37.511113,1,1,113.15,0.5,112.9,50,,,,,,,,,,,,,,,,,,,113.4,100,,,,,,,,,,,,,,,,,,
2026-07-03T06:00:37.561486+00:00,2026-07-03T06:00:37.555057,2,1,113.35,0.1,113.3,147,112.9,50,,,,,,,,,,,,,,,,,113.4,100,,,,,,,,,,,,,,,,,,
2026-07-03T06:00:37.599700+00:00,2026-07-03T06:00:37.599615,2,2,113.35,0.1,113.3,147,112.9,50,,,,,,,,,,,,,,,,,113.4,100,113.8,150,,,,,,,,,,,,,,,,
2026-07-03T06:00:38.016968+00:00,2026-07-03T06:00:38.017099,1,1,113.55,0.5,113.3,147,,,,,,,,,,,,,,,,,,,113.8,150,,,,,,,,,,,,,,,,,,
2026-07-03T06:00:38.070139+00:00,2026-07-03T06:00:38.070015,2,1,113.55,0.5,113.3,147,113.1,100,,,,,,,,,,,,,,,,,113.8,150,,,,,,,,,,,,,,,,,,
2026-07-03T06:00:38.123605+00:00,2026-07-03T06:00:38.123563,2,2,113.45,0.3,113.3,147,113.1,100,,,,,,,,,,,,,,,,,113.6,100,113.8,150,,,,,,,,,,,,,,,,
2026-07-03T06:00:38.985766+00:00,2026-07-03T06:00:38.985636,2,2,113.45,0.3,113.3,98,113.1,100,,,,,,,,,,,,,,,,,113.6,100,113.8,150,,,,,,,,,,,,,,,,
2026-07-03T06:00:39.507870+00:00,2026-07-03T06:00:39.507810,2,2,113.45,0.3,113.3,98,113.1,100,,,,,,,,,,,,,,,,,113.6,55,113.8,150,,,,,,,,,,,,,,,,
2026-07-03T06:00:39.616116+00:00,2026-07-03T06:00:39.616001,2,2,113.45,0.3,113.3,48,113.1,100,,,,,,,,,,,,,,,,,113.6,55,113.8,150,,,,,,,,,,,,,,,,
2026-07-03T06:00:40.664212+00:00,2026-07-03T06:00:40.664020,1,1,113.35,0.5,113.1,100,,,,,,,,,,,,,,,,,,,113.6,55,,,,,,,,,,,,,,,,,,
2026-07-03T06:00:40.710354+00:00,2026-07-03T06:00:40.710312,2,1,113.35,0.5,113.1,100,112.9,150,,,,,,,,,,,,,,,,,113.6,55,,,,,,,,,,,,,,,,,,
2026-07-03T06:00:40.764781+00:00,2026-07-03T06:00:40.764667,2,2,113.25,0.3,113.1,100,112.9,150,,,,,,,,,,,,,,,,,113.4,150,113.6,55,,,,,,,,,,,,,,,,
2026-07-03T06:00:41.177535+00:00,2026-07-03T06:00:41.177440,1,1,113.15,0.5,112.9,150,,,,,,,,,,,,,,,,,,,113.4,150,,,,,,,,,,,,,,,,,,
2026-07-03T06:00:41.232286+00:00,2026-07-03T06:00:41.232426,2,1,113.25,0.3,113.1,100,112.9,150,,,,,,,,,,,,,,,,,113.4,150,,,,,,,,,,,,,,,,,,
2026-07-03T06:00:41.283666+00:00,2026-07-03T06:00:41.283612,2,2,113.25,0.3,113.1,100,112.9,150,,,,,,,,,,,,,,,,,113.4,150,113.6,100,,,,,,,,,,,,,,,,
2026-07-03T06:00:41.724580+00:00,2026-07-03T06:00:41.724422,2,2,113.25,0.3,113.1,50,112.9,150,,,,,,,,,,,,,,,,,113.4,150,113.6,100,,,,,,,,,,,,,,,,
2026-07-03T06:00:42.348227+00:00,2026-07-03T06:00:42.348138,2,2,113.25,0.3,113.1,9,112.9,150,,,,,,,,,,,,,,,,,113.4,150,113.6,100,,,,,,,,,,,,,,,,
2026-07-03T06:00:43.819473+00:00,2026-07-03T06:00:43.816884,1,1,113.35,0.5,113.1,9,,,,,,,,,,,,,,,,,,,113.6,100,,,,,,,,,,,,,,,,,,
2026-07-03T06:00:43.839906+00:00,2026-07-03T06:00:43.840144,0,1,,,,,,,,,,,,,,,,,,,,,,,113.6,100,,,,,,,,,,,,,,,,,,
2026-07-03T06:00:43.876558+00:00,2026-07-03T06:00:43.876431,1,1,113.2,0.8,112.8,150,,,,,,,,,,,,,,,,,,,113.6,100,,,,,,,,,,,,,,,,,,
2026-07-03T06:00:43.929575+00:00,2026-07-03T06:00:43.929743,1,2,113.05,0.5,112.8,150,,,,,,,,,,,,,,,,,,,113.3,150,113.6,100,,,,,,,,,,,,,,,,
2026-07-03T06:00:44.337057+00:00,2026-07-03T06:00:44.337304,1,1,113.05,0.5,112.8,150,,,,,,,,,,,,,,,,,,,113.3,150,,,,,,,,,,,,,,,,,,
2026-07-03T06:00:44.393661+00:00,2026-07-03T06:00:44.393584,2,1,113.05,0.5,112.8,150,112.7,100,,,,,,,,,,,,,,,,,113.3,150,,,,,,,,,,,,,,,,,,
2026-07-03T06:00:44.446770+00:00,2026-07-03T06:00:44.446612,2,2,113.0,0.4,112.8,150,112.7,100,,,,,,,,,,,,,,,,,113.2,100,113.3,150,,,,,,,,,,,,,,,,
2026-07-03T06:00:45.392347+00:00,2026-07-03T06:00:45.385256,2,2,113.0,0.4,112.8,150,112.7,100,,,,,,,,,,,,,,,,,113.2,97,113.3,150,,,,,,,,,,,,,,,,
2026-07-03T06:00:45.939283+00:00,2026-07-03T06:00:45.939149,2,2,113.0,0.4,112.8,100,112.7,100,,,,,,,,,,,,,,,,,113.2,97,113.3,150,,,,,,,,,,,,,,,,
2026-07-03T06:00:47.007041+00:00,2026-07-03T06:00:47.006895,1,1,112.95,0.5,112.7,100,,,,,,,,,,,,,,,,,,,113.2,97,,,,,,,,,,,,,,,,,,
2026-07-03T06:00:47.058598+00:00,2026-07-03T06:00:47.055602,2,1,113.0,0.4,112.8,150,112.7,100,,,,,,,,,,,,,,,,,113.2,97,,,,,,,,,,,,,,,,,,
2026-07-03T06:00:47.117122+00:00,2026-07-03T06:00:47.116982,2,2,113.0,0.4,112.8,150,112.7,100,,,,,,,,,,,,,,,,,113.2,97,113.3,150,,,,,,,,,,,,,,,,
2026-07-03T06:00:47.500958+00:00,2026-07-03T06:00:47.500871,1,1,113.05,0.5,112.8,150,,,,,,,,,,,,,,,,,,,113.3,150,,,,,,,,,,,,,,,,,,
2026-07-03T06:00:47.558672+00:00,2026-07-03T06:00:47.550754,2,1,113.1,0.4,112.9,100,112.8,150,,,,,,,,,,,,,,,,,113.3,150,,,,,,,,,,,,,,,,,,
2026-07-03T06:00:47.619019+00:00,2026-07-03T06:00:47.618868,2,2,113.1,0.4,112.9,100,112.8,150,,,,,,,,,,,,,,,,,113.3,150,113.4,100,,,,,,,,,,,,,,,,
2026-07-03T06:00:48.043720+00:00,2026-07-03T06:00:48.043894,2,2,113.1,0.4,112.9,50,112.8,150,,,,,,,,,,,,,,,,,113.3,150,113.4,100,,,,,,,,,,,,,,,,
2026-07-03T06:00:50.151833+00:00,2026-07-03T06:00:50.151700,1,2,113.05,0.5,112.8,150,,,,,,,,,,,,,,,,,,,113.3,150,113.4,100,,,,,,,,,,,,,,,,
2026-07-03T06:00:50.171873+00:00,2026-07-03T06:00:50.171718,0,1,,,,,,,,,,,,,,,,,,,,,,,113.4,100,,,,,,,,,,,,,,,,,,
2026-07-03T06:00:50.226305+00:00,2026-07-03T06:00:50.226420,1,1,113.15,0.5,112.9,150,,,,,,,,,,,,,,,,,,,113.4,100,,,,,,,,,,,,,,,,,,
2026-07-03T06:00:50.279748+00:00,2026-07-03T06:00:50.279664,1,1,113.15,0.5,112.9,150,,,,,,,,,,,,,,,,,,,113.4,250,,,,,,,,,,,,,,,,,,
2026-07-03T06:00:50.672602+00:00,2026-07-03T06:00:50.672498,1,1,113.15,0.5,112.9,150,,,,,,,,,,,,,,,,,,,113.4,150,,,,,,,,,,,,,,,,,,
2026-07-03T06:00:50.726290+00:00,2026-07-03T06:00:50.726239,2,1,113.15,0.5,112.9,150,112.7,100,,,,,,,,,,,,,,,,,113.4,150,,,,,,,,,,,,,,,,,,
2026-07-03T06:00:50.778957+00:00,2026-07-03T06:00:50.778908,2,2,113.05,0.3,112.9,150,112.7,100,,,,,,,,,,,,,,,,,113.2,100,113.4,150,,,,,,,,,,,,,,,,
2026-07-03T06:00:50.789715+00:00,2026-07-03T06:00:50.783496,2,2,113.05,0.3,112.9,150,112.7,100,,,,,,,,,,,,,,,,,113.2,89,113.4,150,,,,,,,,,,,,,,,,
2026-07-03T06:00:52.261045+00:00,2026-07-03T06:00:52.261002,2,2,113.05,0.3,112.9,100,112.7,100,,,,,,,,,,,,,,,,,113.2,89,113.4,150,,,,,,,,,,,,,,,,
2026-07-03T06:00:53.333352+00:00,2026-07-03T06:00:53.333288,1,1,112.95,0.5,112.7,100,,,,,,,,,,,,,,,,,,,113.2,89,,,,,,,,,,,,,,,,,,
2026-07-03T06:00:53.387401+00:00,2026-07-03T06:00:53.387303,1,1,112.95,0.5,112.7,250,,,,,,,,,,,,,,,,,,,113.2,89,,,,,,,,,,,,,,,,,,
2026-07-03T06:00:53.439986+00:00,2026-07-03T06:00:53.440083,1,1,112.95,0.5,112.7,250,,,,,,,,,,,,,,,,,,,113.2,239,,,,,,,,,,,,,,,,,,
2026-07-03T06:00:53.843356+00:00,2026-07-03T06:00:53.843273,1,1,112.95,0.5,112.7,150,,,,,,,,,,,,,,,,,,,113.2,150,,,,,,,,,,,,,,,,,,
2026-07-03T06:00:53.884435+00:00,2026-07-03T06:00:53.884376,2,1,113.0,0.4,112.8,100,112.7,150,,,,,,,,,,,,,,,,,113.2,150,,,,,,,,,,,,,,,,,,
2026-07-03T06:00:53.935633+00:00,2026-07-03T06:00:53.935585,2,2,113.0,0.4,112.8,100,112.7,150,,,,,,,,,,,,,,,,,113.2,150,113.3,100,,,,,,,,,,,,,,,,
2026-07-03T06:00:54.318313+00:00,2026-07-03T06:00:54.318179,2,2,113.0,0.4,112.8,100,112.7,150,,,,,,,,,,,,,,,,,113.2,100,113.3,100,,,,,,,,,,,,,,,,
2026-07-03T06:00:56.482032+00:00,2026-07-03T06:00:56.481886,2,2,113.0,0.4,112.8,50,112.7,150,,,,,,,,,,,,,,,,,113.2,100,113.3,100,,,,,,,,,,,,,,,,
2026-07-03T06:00:56.495079+00:00,2026-07-03T06:00:56.494984,1,1,113.05,0.5,112.8,50,,,,,,,,,,,,,,,,,,,113.3,100,,,,,,,,,,,,,,,,,,
2026-07-03T06:00:56.549537+00:00,2026-07-03T06:00:56.549417,1,1,113.05,0.5,112.8,200,,,,,,,,,,,,,,,,,,,113.3,100,,,,,,,,,,,,,,,,,,
2026-07-03T06:00:56.602638+00:00,2026-07-03T06:00:56.602422,1,1,113.05,0.5,112.8,200,,,,,,,,,,,,,,,,,,,113.3,250,,,,,,,,,,,,,,,,,,
2026-07-03T06:00:56.993866+00:00,2026-07-03T06:00:56.993793,1,1,113.05,0.5,112.8,150,,,,,,,,,,,,,,,,,,,113.3,150,,,,,,,,,,,,,,,,,,
2026-07-03T06:00:57.058604+00:00,2026-07-03T06:00:57.046571,2,1,113.05,0.5,112.8,150,112.4,100,,,,,,,,,,,,,,,,,113.3,150,,,,,,,,,,,,,,,,,,
2026-07-03T06:00:57.101365+00:00,2026-07-03T06:00:57.101228,2,2,112.85,0.1,112.8,150,112.4,100,,,,,,,,,,,,,,,,,112.9,100,113.3,150,,,,,,,,,,,,,,,,
2026-07-03T06:00:58.588342+00:00,2026-07-03T06:00:58.588561,2,2,112.85,0.1,112.8,100,112.4,100,,,,,,,,,,,,,,,,,112.9,100,113.3,150,,,,,,,,,,,,,,,,
2026-07-03T06:00:59.658657+00:00,2026-07-03T06:00:59.651499,1,1,112.65,0.5,112.4,100,,,,,,,,,,,,,,,,,,,112.9,100,,,,,,,,,,,,,,,,,,
2026-07-03T06:00:59.722900+00:00,2026-07-03T06:00:59.722739,1,1,112.65,0.5,112.4,250,,,,,,,,,,,,,,,,,,,112.9,100,,,,,,,,,,,,,,,,,,
2026-07-03T06:00:59.776867+00:00,2026-07-03T06:00:59.776716,1,1,112.65,0.5,112.4,250,,,,,,,,,,,,,,,,,,,112.9,250,,,,,,,,,,,,,,,,,,
2026-07-03T06:00:59.901135+00:00,2026-07-03T06:00:59.901343,1,1,112.65,0.5,112.4,250,,,,,,,,,,,,,,,,,,,112.9,208,,,,,,,,,,,,,,,,,,
2026-07-03T06:01:00.154858+00:00,2026-07-03T06:01:00.154974,1,1,112.65,0.5,112.4,150,,,,,,,,,,,,,,,,,,,112.9,150,,,,,,,,,,,,,,,,,,
2026-07-03T06:01:00.210105+00:00,2026-07-03T06:01:00.210025,1,1,112.65,0.5,112.4,250,,,,,,,,,,,,,,,,,,,112.9,150,,,,,,,,,,,,,,,,,,
2026-07-03T06:01:00.258615+00:00,2026-07-03T06:01:00.257697,1,1,112.65,0.5,112.4,250,,,,,,,,,,,,,,,,,,,112.9,250,,,,,,,,,,,,,,,,,,
2026-07-03T06:01:00.644638+00:00,2026-07-03T06:01:00.644832,1,1,112.65,0.5,112.4,250,,,,,,,,,,,,,,,,,,,112.9,200,,,,,,,,,,,,,,,,,,
2026-07-03T06:01:01.133608+00:00,2026-07-03T06:01:01.128567,1,1,112.65,0.5,112.4,250,,,,,,,,,,,,,,,,,,,112.9,140,,,,,,,,,,,,,,,,,,
2026-07-03T06:01:01.829977+00:00,2026-07-03T06:01:01.829908,1,1,112.65,0.5,112.4,204,,,,,,,,,,,,,,,,,,,112.9,140,,,,,,,,,,,,,,,,,,
2026-07-03T06:01:02.752141+00:00,2026-07-03T06:01:02.752098,1,1,112.65,0.5,112.4,204,,,,,,,,,,,,,,,,,,,112.9,90,,,,,,,,,,,,,,,,,,
2026-07-03T06:01:02.828754+00:00,2026-07-03T06:01:02.828659,1,1,112.65,0.5,112.4,100,,,,,,,,,,,,,,,,,,,112.9,90,,,,,,,,,,,,,,,,,,
2026-07-03T06:01:02.883267+00:00,2026-07-03T06:01:02.883221,2,1,112.85,0.1,112.8,150,112.4,100,,,,,,,,,,,,,,,,,112.9,90,,,,,,,,,,,,,,,,,,
2026-07-03T06:01:02.935477+00:00,2026-07-03T06:01:02.935403,2,2,112.85,0.1,112.8,150,112.4,100,,,,,,,,,,,,,,,,,112.9,90,113.3,150,,,,,,,,,,,,,,,,
2026-07-03T06:01:03.344913+00:00,2026-07-03T06:01:03.344796,1,1,113.05,0.5,112.8,150,,,,,,,,,,,,,,,,,,,113.3,150,,,,,,,,,,,,,,,,,,
2026-07-03T06:01:03.400201+00:00,2026-07-03T06:01:03.400099,2,1,113.05,0.5,112.8,150,112.4,100,,,,,,,,,,,,,,,,,113.3,150,,,,,,,,,,,,,,,,,,
2026-07-03T06:01:03.458565+00:00,2026-07-03T06:01:03.453243,2,2,112.85,0.1,112.8,150,112.4,100,,,,,,,,,,,,,,,,,112.9,100,113.3,150,,,,,,,,,,,,,,,,
2026-07-03T06:01:03.481088+00:00,2026-07-03T06:01:03.481061,2,2,112.85,0.1,112.8,150,112.4,100,,,,,,,,,,,,,,,,,112.9,53,113.3,150,,,,,,,,,,,,,,,,
2026-07-03T06:01:04.855786+00:00,2026-07-03T06:01:04.855955,2,2,112.85,0.1,112.8,150,112.4,100,,,,,,,,,,,,,,,,,112.9,3,113.3,150,,,,,,,,,,,,,,,,
2026-07-03T06:01:04.994875+00:00,2026-07-03T06:01:04.994835,2,2,112.85,0.1,112.8,104,112.4,100,,,,,,,,,,,,,,,,,112.9,3,113.3,150,,,,,,,,,,,,,,,,
2026-07-03T06:01:05.989050+00:00,2026-07-03T06:01:05.989008,1,1,112.65,0.5,112.4,100,,,,,,,,,,,,,,,,,,,112.9,3,,,,,,,,,,,,,,,,,,
2026-07-03T06:01:06.044505+00:00,2026-07-03T06:01:06.044408,2,1,112.7,0.4,112.5,150,112.4,100,,,,,,,,,,,,,,,,,112.9,3,,,,,,,,,,,,,,,,,,
2026-07-03T06:01:06.097900+00:00,2026-07-03T06:01:06.097783,2,2,112.7,0.4,112.5,150,112.4,100,,,,,,,,,,,,,,,,,112.9,3,113.0,150,,,,,,,,,,,,,,,,
2026-07-03T06:01:06.511953+00:00,2026-07-03T06:01:06.511900,1,1,112.75,0.5,112.5,150,,,,,,,,,,,,,,,,,,,113.0,150,,,,,,,,,,,,,,,,,,
2026-07-03T06:01:06.566034+00:00,2026-07-03T06:01:06.566136,2,1,112.85,0.3,112.7,100,112.5,150,,,,,,,,,,,,,,,,,113.0,150,,,,,,,,,,,,,,,,,,
2026-07-03T06:01:06.619566+00:00,2026-07-03T06:01:06.619519,2,2,112.85,0.3,112.7,100,112.5,150,,,,,,,,,,,,,,,,,113.0,150,113.2,100,,,,,,,,,,,,,,,,
2026-07-03T06:01:06.984914+00:00,2026-07-03T06:01:06.984833,2,2,112.85,0.3,112.7,100,112.5,150,,,,,,,,,,,,,,,,,113.0,100,113.2,100,,,,,,,,,,,,,,,,
2026-07-03T06:01:09.091212+00:00,2026-07-03T06:01:09.091069,2,2,112.85,0.3,112.7,100,112.5,150,,,,,,,,,,,,,,,,,113.0,50,113.2,100,,,,,,,,,,,,,,,,
2026-07-03T06:01:09.153241+00:00,2026-07-03T06:01:09.153120,1,1,112.95,0.5,112.7,100,,,,,,,,,,,,,,,,,,,113.2,100,,,,,,,,,,,,,,,,,,
2026-07-03T06:01:09.217982+00:00,2026-07-03T06:01:09.212133,2,1,113.1,0.2,113.0,138,112.7,100,,,,,,,,,,,,,,,,,113.2,100,,,,,,,,,,,,,,,,,,
2026-07-03T06:01:09.260303+00:00,2026-07-03T06:01:09.260226,2,2,113.1,0.2,113.0,138,112.7,100,,,,,,,,,,,,,,,,,113.2,100,113.5,150,,,,,,,,,,,,,,,,
2026-07-03T06:01:09.670920+00:00,2026-07-03T06:01:09.671106,1,1,113.25,0.5,113.0,138,,,,,,,,,,,,,,,,,,,113.5,150,,,,,,,,,,,,,,,,,,
2026-07-03T06:01:09.726694+00:00,2026-07-03T06:01:09.726602,2,1,113.25,0.5,113.0,138,112.7,100,,,,,,,,,,,,,,,,,113.5,150,,,,,,,,,,,,,,,,,,
2026-07-03T06:01:09.778660+00:00,2026-07-03T06:01:09.778605,2,2,113.1,0.2,113.0,138,112.7,100,,,,,,,,,,,,,,,,,113.2,100,113.5,150,,,,,,,,,,,,,,,,
2026-07-03T06:01:10.345058+00:00,2026-07-03T06:01:10.338553,2,2,113.1,0.2,113.0,127,112.7,100,,,,,,,,,,,,,,,,,113.2,100,113.5,150,,,,,,,,,,,,,,,,
2026-07-03T06:01:11.199233+00:00,2026-07-03T06:01:11.199049,2,2,113.1,0.2,113.0,127,112.7,100,,,,,,,,,,,,,,,,,113.2,50,113.5,150,,,,,,,,,,,,,,,,
2026-07-03T06:01:12.311112+00:00,2026-07-03T06:01:12.311006,2,1,113.1,0.2,113.0,127,112.7,100,,,,,,,,,,,,,,,,,113.2,50,,,,,,,,,,,,,,,,,,
2026-07-03T06:01:12.316099+00:00,2026-07-03T06:01:12.316191,1,1,112.95,0.5,112.7,100,,,,,,,,,,,,,,,,,,,113.2,50,,,,,,,,,,,,,,,,,,
2026-07-03T06:01:12.368338+00:00,2026-07-03T06:01:12.368290,2,1,113.05,0.3,112.9,150,112.7,100,,,,,,,,,,,,,,,,,113.2,50,,,,,,,,,,,,,,,,,,
2026-07-03T06:01:12.430256+00:00,2026-07-03T06:01:12.430470,2,2,113.05,0.3,112.9,150,112.7,100,,,,,,,,,,,,,,,,,113.2,50,113.4,150,,,,,,,,,,,,,,,,
2026-07-03T06:01:12.832573+00:00,2026-07-03T06:01:12.832768,1,1,113.15,0.5,112.9,150,,,,,,,,,,,,,,,,,,,113.4,150,,,,,,,,,,,,,,,,,,
2026-07-03T06:01:12.886931+00:00,2026-07-03T06:01:12.886819,2,1,113.15,0.5,112.9,150,112.8,100,,,,,,,,,,,,,,,,,113.4,150,,,,,,,,,,,,,,,,,,
2026-07-03T06:01:12.939054+00:00,2026-07-03T06:01:12.938950,2,2,113.1,0.4,112.9,150,112.8,100,,,,,,,,,,,,,,,,,113.3,100,113.4,150,,,,,,,,,,,,,,,,
2026-07-03T06:01:13.306931+00:00,2026-07-03T06:01:13.307062,2,2,113.1,0.4,112.9,150,112.8,100,,,,,,,,,,,,,,,,,113.3,50,113.4,150,,,,,,,,,,,,,,,,
2026-07-03T06:01:14.048490+00:00,2026-07-03T06:01:14.058730,2,2,113.1,0.4,112.9,150,112.8,100,,,,,,,,,,,,,,,,,113.3,9,113.4,150,,,,,,,,,,,,,,,,
2026-07-03T06:01:15.413677+00:00,2026-07-03T06:01:15.413620,2,1,113.15,0.5,112.9,150,112.8,100,,,,,,,,,,,,,,,,,113.4,109,,,,,,,,,,,,,,,,,,
2026-07-03T06:01:15.481066+00:00,2026-07-03T06:01:15.480964,2,0,,,112.9,150,112.8,100,,,,,,,,,,,,,,,,,,,,,,,,,,,,,,,,,,,,
2026-07-03T06:01:15.486255+00:00,2026-07-03T06:01:15.486146,1,0,,,112.8,100,,,,,,,,,,,,,,,,,,,,,,,,,,,,,,,,,,,,,,
2026-07-03T06:01:15.539264+00:00,2026-07-03T06:01:15.539196,2,0,,,113.1,150,112.8,100,,,,,,,,,,,,,,,,,,,,,,,,,,,,,,,,,,,,
2026-07-03T06:01:15.587154+00:00,2026-07-03T06:01:15.587045,2,1,113.35,0.5,113.1,150,112.8,100,,,,,,,,,,,,,,,,,113.6,150,,,,,,,,,,,,,,,,,,
2026-07-03T06:01:15.989784+00:00,2026-07-03T06:01:15.989722,1,1,113.35,0.5,113.1,150,,,,,,,,,,,,,,,,,,,113.6,150,,,,,,,,,,,,,,,,,,
2026-07-03T06:01:16.045689+00:00,2026-07-03T06:01:16.045636,2,1,113.4,0.4,113.2,100,113.1,150,,,,,,,,,,,,,,,,,113.6,150,,,,,,,,,,,,,,,,,,
2026-07-03T06:01:16.106552+00:00,2026-07-03T06:01:16.106482,2,2,113.4,0.4,113.2,100,113.1,150,,,,,,,,,,,,,,,,,113.6,150,113.7,100,,,,,,,,,,,,,,,,
2026-07-03T06:01:16.821027+00:00,2026-07-03T06:01:16.820904,2,2,113.4,0.4,113.2,52,113.1,150,,,,,,,,,,,,,,,,,113.6,150,113.7,100,,,,,,,,,,,,,,,,
2026-07-03T06:01:17.364640+00:00,2026-07-03T06:01:17.364090,2,2,113.4,0.4,113.2,10,113.1,150,,,,,,,,,,,,,,,,,113.6,150,113.7,100,,,,,,,,,,,,,,,,
2026-07-03T06:01:17.564484+00:00,2026-07-03T06:01:17.564001,2,2,113.4,0.4,113.2,10,113.1,150,,,,,,,,,,,,,,,,,113.6,100,113.7,100,,,,,,,,,,,,,,,,
2026-07-03T06:01:18.642442+00:00,2026-07-03T06:01:18.642357,1,1,113.45,0.5,113.2,10,,,,,,,,,,,,,,,,,,,113.7,100,,,,,,,,,,,,,,,,,,
2026-07-03T06:01:18.705723+00:00,2026-07-03T06:01:18.699794,2,1,113.55,0.3,113.4,147,113.2,10,,,,,,,,,,,,,,,,,113.7,100,,,,,,,,,,,,,,,,,,
2026-07-03T06:01:18.751437+00:00,2026-07-03T06:01:18.751359,2,2,113.55,0.3,113.4,147,113.2,10,,,,,,,,,,,,,,,,,113.7,100,113.9,150,,,,,,,,,,,,,,,,
2026-07-03T06:01:18.908086+00:00,2026-07-03T06:01:18.907951,2,2,113.55,0.3,113.4,147,113.2,10,,,,,,,,,,,,,,,,,113.7,56,113.9,150,,,,,,,,,,,,,,,,
2026-07-03T06:01:19.164740+00:00,2026-07-03T06:01:19.164381,1,1,113.65,0.5,113.4,147,,,,,,,,,,,,,,,,,,,113.9,150,,,,,,,,,,,,,,,,,,
2026-07-03T06:01:19.263651+00:00,2026-07-03T06:01:19.263907,2,2,113.5,0.2,113.4,147,113.1,100,,,,,,,,,,,,,,,,,113.6,100,113.9,150,,,,,,,,,,,,,,,,
2026-07-03T06:01:19.629787+00:00,2026-07-03T06:01:19.629676,2,2,113.5,0.2,113.4,147,113.1,100,,,,,,,,,,,,,,,,,113.6,50,113.9,150,,,,,,,,,,,,,,,,
2026-07-03T06:01:20.623158+00:00,2026-07-03T06:01:20.623078,2,2,113.5,0.2,113.4,104,113.1,100,,,,,,,,,,,,,,,,,113.6,50,113.9,150,,,,,,,,,,,,,,,,
2026-07-03T06:01:21.742299+00:00,2026-07-03T06:01:21.742154,2,1,113.65,0.5,113.4,104,113.1,100,,,,,,,,,,,,,,,,,113.9,150,,,,,,,,,,,,,,,,,,
2026-07-03T06:01:21.805991+00:00,2026-07-03T06:01:21.805855,1,0,,,113.1,100,,,,,,,,,,,,,,,,,,,,,,,,,,,,,,,,,,,,,,
2026-07-03T06:01:21.856640+00:00,2026-07-03T06:01:21.856776,2,0,,,113.5,150,113.1,100,,,,,,,,,,,,,,,,,,,,,,,,,,,,,,,,,,,,
2026-07-03T06:01:21.916569+00:00,2026-07-03T06:01:21.916417,2,1,113.75,0.5,113.5,150,113.1,100,,,,,,,,,,,,,,,,,114.0,150,,,,,,,,,,,,,,,,,,
2026-07-03T06:01:22.327312+00:00,2026-07-03T06:01:22.327448,1,1,113.75,0.5,113.5,150,,,,,,,,,,,,,,,,,,,114.0,150,,,,,,,,,,,,,,,,,,
2026-07-03T06:01:22.380689+00:00,2026-07-03T06:01:22.380611,2,1,113.75,0.5,113.5,150,113.4,100,,,,,,,,,,,,,,,,,114.0,150,,,,,,,,,,,,,,,,,,
2026-07-03T06:01:22.433367+00:00,2026-07-03T06:01:22.433239,2,2,113.7,0.4,113.5,150,113.4,100,,,,,,,,,,,,,,,,,113.9,100,114.0,150,,,,,,,,,,,,,,,,
2026-07-03T06:01:23.482594+00:00,2026-07-03T06:01:23.482480,2,2,113.7,0.4,113.5,150,113.4,100,,,,,,,,,,,,,,,,,113.9,55,114.0,150,,,,,,,,,,,,,,,,
2026-07-03T06:01:23.845038+00:00,2026-07-03T06:01:23.844624,2,2,113.7,0.4,113.5,150,113.4,100,,,,,,,,,,,,,,,,,113.9,5,114.0,150,,,,,,,,,,,,,,,,
2026-07-03T06:01:24.771843+00:00,2026-07-03T06:01:24.767113,2,2,113.7,0.4,113.5,147,113.4,100,,,,,,,,,,,,,,,,,113.9,5,114.0,150,,,,,,,,,,,,,,,,
2026-07-03T06:01:24.805817+00:00,2026-07-03T06:01:24.805640,2,2,113.7,0.4,113.5,122,113.4,100,,,,,,,,,,,,,,,,,113.9,5,114.0,150,,,,,,,,,,,,,,,,
2026-07-03T06:01:24.972830+00:00,2026-07-03T06:01:24.972749,1,1,113.65,0.5,113.4,100,,,,,,,,,,,,,,,,,,,113.9,5,,,,,,,,,,,,,,,,,,
2026-07-03T06:01:25.027238+00:00,2026-07-03T06:01:25.027203,2,1,113.65,0.5,113.4,100,112.9,150,,,,,,,,,,,,,,,,,113.9,5,,,,,,,,,,,,,,,,,,
2026-07-03T06:01:25.080768+00:00,2026-07-03T06:01:25.080643,1,2,113.15,0.5,112.9,150,,,,,,,,,,,,,,,,,,,113.4,50,113.9,5,,,,,,,,,,,,,,,,
2026-07-03T06:01:25.487643+00:00,2026-07-03T06:01:25.487590,1,1,113.15,0.5,112.9,150,,,,,,,,,,,,,,,,,,,113.4,50,,,,,,,,,,,,,,,,,,
2026-07-03T06:01:25.536466+00:00,2026-07-03T06:01:25.536362,2,1,113.35,0.1,113.3,100,112.9,150,,,,,,,,,,,,,,,,,113.4,50,,,,,,,,,,,,,,,,,,
2026-07-03T06:01:25.588242+00:00,2026-07-03T06:01:25.588201,2,2,113.35,0.1,113.3,100,112.9,150,,,,,,,,,,,,,,,,,113.4,50,113.8,100,,,,,,,,,,,,,,,,
2026-07-03T06:01:25.737853+00:00,2026-07-03T06:01:25.732147,2,2,113.35,0.1,113.3,100,112.9,150,,,,,,,,,,,,,,,,,113.4,47,113.8,100,,,,,,,,,,,,,,,,
2026-07-03T06:01:25.978464+00:00,2026-07-03T06:01:25.978241,2,1,113.55,0.5,113.3,100,112.9,150,,,,,,,,,,,,,,,,,113.8,100,,,,,,,,,,,,,,,,,,
2026-07-03T06:01:27.024339+00:00,2026-07-03T06:01:27.024318,2,1,113.55,0.5,113.3,100,112.9,150,,,,,,,,,,,,,,,,,113.8,54,,,,,,,,,,,,,,,,,,
2026-07-03T06:01:28.045312+00:00,2026-07-03T06:01:28.045471,2,1,113.55,0.5,113.3,58,112.9,150,,,,,,,,,,,,,,,,,113.8,54,,,,,,,,,,,,,,,,,,
2026-07-03T06:01:28.151695+00:00,2026-07-03T06:01:28.151673,2,1,113.55,0.5,113.3,8,112.9,150,,,,,,,,,,,,,,,,,113.8,54,,,,,,,,,,,,,,,,,,
2026-07-03T06:01:28.158627+00:00,2026-07-03T06:01:28.156870,1,1,113.55,0.5,113.3,8,,,,,,,,,,,,,,,,,,,113.8,54,,,,,,,,,,,,,,,,,,
2026-07-03T06:01:28.210245+00:00,2026-07-03T06:01:28.210039,2,0,,,113.9,96,113.3,8,,,,,,,,,,,,,,,,,,,,,,,,,,,,,,,,,,,,
2026-07-03T06:01:28.268022+00:00,2026-07-03T06:01:28.262451,2,1,114.15,0.5,113.9,93,113.3,8,,,,,,,,,,,,,,,,,114.4,150,,,,,,,,,,,,,,,,,,
2026-07-03T06:01:28.419349+00:00,2026-07-03T06:01:28.419281,2,1,114.15,0.5,113.9,68,113.3,8,,,,,,,,,,,,,,,,,114.4,150,,,,,,,,,,,,,,,,,,
2026-07-03T06:01:28.629291+00:00,2026-07-03T06:01:28.629097,2,1,114.15,0.5,113.9,43,113.3,8,,,,,,,,,,,,,,,,,114.4,150,,,,,,,,,,,,,,,,,,
2026-07-03T06:01:28.644666+00:00,2026-07-03T06:01:28.644624,1,1,114.15,0.5,113.9,43,,,,,,,,,,,,,,,,,,,114.4,150,,,,,,,,,,,,,,,,,,
2026-07-03T06:01:28.697383+00:00,2026-07-03T06:01:28.697219,2,1,114.15,0.5,113.9,43,113.7,100,,,,,,,,,,,,,,,,,114.4,150,,,,,,,,,,,,,,,,,,
2026-07-03T06:01:28.750252+00:00,2026-07-03T06:01:28.750161,2,2,114.05,0.3,113.9,43,113.7,100,,,,,,,,,,,,,,,,,114.2,100,114.4,150,,,,,,,,,,,,,,,,
2026-07-03T06:01:28.836773+00:00,2026-07-03T06:01:28.836972,2,2,114.05,0.3,113.9,18,113.7,100,,,,,,,,,,,,,,,,,114.2,100,114.4,150,,,,,,,,,,,,,,,,
2026-07-03T06:01:29.058556+00:00,2026-07-03T06:01:29.047040,1,2,113.95,0.5,113.7,98,,,,,,,,,,,,,,,,,,,114.2,100,114.4,150,,,,,,,,,,,,,,,,
2026-07-03T06:01:29.129585+00:00,2026-07-03T06:01:29.129521,1,2,113.95,0.5,113.7,51,,,,,,,,,,,,,,,,,,,114.2,100,114.4,150,,,,,,,,,,,,,,,,
2026-07-03T06:01:29.259913+00:00,2026-07-03T06:01:29.260104,1,2,113.95,0.5,113.7,49,,,,,,,,,,,,,,,,,,,114.2,100,114.4,150,,,,,,,,,,,,,,,,
2026-07-03T06:01:29.464532+00:00,2026-07-03T06:01:29.464498,1,2,113.95,0.5,113.7,47,,,,,,,,,,,,,,,,,,,114.2,100,114.4,150,,,,,,,,,,,,,,,,
2026-07-03T06:01:29.669172+00:00,2026-07-03T06:01:29.669123,1,2,113.95,0.5,113.7,46,,,,,,,,,,,,,,,,,,,114.2,100,114.4,150,,,,,,,,,,,,,,,,
2026-07-03T06:01:30.074828+00:00,2026-07-03T06:01:30.074673,1,2,113.95,0.5,113.7,21,,,,,,,,,,,,,,,,,,,114.2,100,114.4,150,,,,,,,,,,,,,,,,
2026-07-03T06:01:30.284376+00:00,2026-07-03T06:01:30.284552,0,2,,,,,,,,,,,,,,,,,,,,,,,114.2,100,114.4,150,,,,,,,,,,,,,,,,
2026-07-03T06:01:31.318366+00:00,2026-07-03T06:01:31.318301,0,1,,,,,,,,,,,,,,,,,,,,,,,114.2,100,,,,,,,,,,,,,,,,,,
2026-07-03T06:01:31.374775+00:00,2026-07-03T06:01:31.374740,1,1,113.65,1.1,113.1,150,,,,,,,,,,,,,,,,,,,114.2,100,,,,,,,,,,,,,,,,,,
2026-07-03T06:01:31.427296+00:00,2026-07-03T06:01:31.427142,1,2,113.35,0.5,113.1,150,,,,,,,,,,,,,,,,,,,113.6,150,114.2,100,,,,,,,,,,,,,,,,
2026-07-03T06:01:31.806221+00:00,2026-07-03T06:01:31.806101,1,1,113.35,0.5,113.1,150,,,,,,,,,,,,,,,,,,,113.6,150,,,,,,,,,,,,,,,,,,
2026-07-03T06:01:31.844217+00:00,2026-07-03T06:01:31.844360,1,1,113.35,0.5,113.1,150,,,,,,,,,,,,,,,,,,,113.6,106,,,,,,,,,,,,,,,,,,
2026-07-03T06:01:31.874877+00:00,2026-07-03T06:01:31.874753,2,1,113.4,0.4,113.2,100,113.1,150,,,,,,,,,,,,,,,,,113.6,106,,,,,,,,,,,,,,,,,,
2026-07-03T06:01:31.928001+00:00,2026-07-03T06:01:31.927848,2,2,113.4,0.4,113.2,100,113.1,150,,,,,,,,,,,,,,,,,113.6,106,113.7,100,,,,,,,,,,,,,,,,
2026-07-03T06:01:34.441944+00:00,2026-07-03T06:01:34.441860,2,2,113.4,0.4,113.2,100,113.1,150,,,,,,,,,,,,,,,,,113.6,56,113.7,100,,,,,,,,,,,,,,,,
2026-07-03T06:01:34.479598+00:00,2026-07-03T06:01:34.479746,2,1,113.45,0.5,113.2,100,113.1,150,,,,,,,,,,,,,,,,,113.7,100,,,,,,,,,,,,,,,,,,
2026-07-03T06:01:34.484820+00:00,2026-07-03T06:01:34.484903,1,1,113.45,0.5,113.2,100,,,,,,,,,,,,,,,,,,,113.7,100,,,,,,,,,,,,,,,,,,
2026-07-03T06:01:34.543484+00:00,2026-07-03T06:01:34.543615,2,1,113.55,0.3,113.4,150,113.2,100,,,,,,,,,,,,,,,,,113.7,100,,,,,,,,,,,,,,,,,,
2026-07-03T06:01:34.591249+00:00,2026-07-03T06:01:34.591214,2,2,113.55,0.3,113.4,150,113.2,100,,,,,,,,,,,,,,,,,113.7,100,113.9,150,,,,,,,,,,,,,,,,
2026-07-03T06:01:34.981892+00:00,2026-07-03T06:01:34.981785,1,1,113.65,0.5,113.4,150,,,,,,,,,,,,,,,,,,,113.9,150,,,,,,,,,,,,,,,,,,
2026-07-03T06:01:35.037520+00:00,2026-07-03T06:01:35.037324,2,1,113.65,0.5,113.4,150,113.0,100,,,,,,,,,,,,,,,,,113.9,150,,,,,,,,,,,,,,,,,,
2026-07-03T06:01:35.090371+00:00,2026-07-03T06:01:35.090462,2,2,113.45,0.1,113.4,150,113.0,100,,,,,,,,,,,,,,,,,113.5,100,113.9,150,,,,,,,,,,,,,,,,
2026-07-03T06:01:36.632405+00:00,2026-07-03T06:01:36.632344,2,2,113.45,0.1,113.4,100,113.0,100,,,,,,,,,,,,,,,,,113.5,100,113.9,150,,,,,,,,,,,,,,,,
2026-07-03T06:01:37.649407+00:00,2026-07-03T06:01:37.649318,1,1,113.25,0.5,113.0,100,,,,,,,,,,,,,,,,,,,113.5,100,,,,,,,,,,,,,,,,,,
2026-07-03T06:01:37.700669+00:00,2026-07-03T06:01:37.700626,2,1,113.3,0.4,113.1,150,113.0,100,,,,,,,,,,,,,,,,,113.5,100,,,,,,,,,,,,,,,,,,
2026-07-03T06:01:37.764062+00:00,2026-07-03T06:01:37.763947,2,2,113.3,0.4,113.1,150,113.0,100,,,,,,,,,,,,,,,,,113.5,100,113.6,150,,,,,,,,,,,,,,,,
2026-07-03T06:01:38.145103+00:00,2026-07-03T06:01:38.144987,1,1,113.35,0.5,113.1,150,,,,,,,,,,,,,,,,,,,113.6,150,,,,,,,,,,,,,,,,,,
2026-07-03T06:01:38.197874+00:00,2026-07-03T06:01:38.197961,2,1,113.35,0.5,113.1,150,113.0,100,,,,,,,,,,,,,,,,,113.6,150,,,,,,,,,,,,,,,,,,
2026-07-03T06:01:38.252396+00:00,2026-07-03T06:01:38.252333,2,2,113.3,0.4,113.1,150,113.0,100,,,,,,,,,,,,,,,,,113.5,100,113.6,150,,,,,,,,,,,,,,,,
2026-07-03T06:01:38.746077+00:00,2026-07-03T06:01:38.745950,2,2,113.3,0.4,113.1,100,113.0,100,,,,,,,,,,,,,,,,,113.5,100,113.6,150,,,,,,,,,,,,,,,,
2026-07-03T06:01:38.917326+00:00,2026-07-03T06:01:38.917255,2,2,113.3,0.4,113.1,57,113.0,100,,,,,,,,,,,,,,,,,113.5,100,113.6,150,,,,,,,,,,,,,,,,
2026-07-03T06:01:40.804242+00:00,2026-07-03T06:01:40.804078,1,1,113.25,0.5,113.0,100,,,,,,,,,,,,,,,,,,,113.5,100,,,,,,,,,,,,,,,,,,
2026-07-03T06:01:40.858655+00:00,2026-07-03T06:01:40.853722,2,1,113.25,0.5,113.0,50,112.7,150,,,,,,,,,,,,,,,,,113.5,100,,,,,,,,,,,,,,,,,,
2026-07-03T06:01:40.914951+00:00,2026-07-03T06:01:40.914925,2,2,113.1,0.2,113.0,50,112.7,150,,,,,,,,,,,,,,,,,113.2,150,113.5,100,,,,,,,,,,,,,,,,
2026-07-03T06:01:40.923849+00:00,2026-07-03T06:01:40.918563,2,2,113.1,0.2,113.0,50,112.7,150,,,,,,,,,,,,,,,,,113.2,147,113.5,100,,,,,,,,,,,,,,,,
2026-07-03T06:01:41.306557+00:00,2026-07-03T06:01:41.306740,1,1,112.95,0.5,112.7,150,,,,,,,,,,,,,,,,,,,113.2,147,,,,,,,,,,,,,,,,,,
2026-07-03T06:01:41.361153+00:00,2026-07-03T06:01:41.361104,2,1,113.0,0.4,112.8,100,112.7,150,,,,,,,,,,,,,,,,,113.2,147,,,,,,,,,,,,,,,,,,
2026-07-03T06:01:41.413699+00:00,2026-07-03T06:01:41.413832,2,2,113.0,0.4,112.8,100,112.7,150,,,,,,,,,,,,,,,,,113.2,147,113.3,100,,,,,,,,,,,,,,,,
2026-07-03T06:01:42.910800+00:00,2026-07-03T06:01:42.910725,2,2,113.0,0.4,112.8,100,112.7,150,,,,,,,,,,,,,,,,,113.2,97,113.3,100,,,,,,,,,,,,,,,,
2026-07-03T06:01:43.574200+00:00,2026-07-03T06:01:43.574071,2,2,113.0,0.4,112.8,100,112.7,150,,,,,,,,,,,,,,,,,113.2,56,113.3,100,,,,,,,,,,,,,,,,
2026-07-03T06:01:43.966949+00:00,2026-07-03T06:01:43.967103,1,1,113.05,0.5,112.8,100,,,,,,,,,,,,,,,,,,,113.3,100,,,,,,,,,,,,,,,,,,
2026-07-03T06:01:44.019895+00:00,2026-07-03T06:01:44.019763,2,1,113.15,0.3,113.0,150,112.8,100,,,,,,,,,,,,,,,,,113.3,100,,,,,,,,,,,,,,,,,,
2026-07-03T06:01:44.073330+00:00,2026-07-03T06:01:44.073222,2,2,113.15,0.3,113.0,150,112.8,100,,,,,,,,,,,,,,,,,113.3,100,113.5,150,,,,,,,,,,,,,,,,
2026-07-03T06:01:44.490175+00:00,2026-07-03T06:01:44.490137,2,1,113.25,0.5,113.0,150,112.8,100,,,,,,,,,,,,,,,,,113.5,150,,,,,,,,,,,,,,,,,,
2026-07-03T06:01:44.495205+00:00,2026-07-03T06:01:44.495273,1,1,113.25,0.5,113.0,150,,,,,,,,,,,,,,,,,,,113.5,150,,,,,,,,,,,,,,,,,,
2026-07-03T06:01:44.563898+00:00,2026-07-03T06:01:44.563798,2,1,113.25,0.5,113.0,150,112.9,100,,,,,,,,,,,,,,,,,113.5,150,,,,,,,,,,,,,,,,,,
2026-07-03T06:01:44.616790+00:00,2026-07-03T06:01:44.616734,2,2,113.2,0.4,113.0,150,112.9,100,,,,,,,,,,,,,,,,,113.4,100,113.5,150,,,,,,,,,,,,,,,,
2026-07-03T06:01:46.125760+00:00,2026-07-03T06:01:46.125696,2,2,113.2,0.4,113.0,103,112.9,100,,,,,,,,,,,,,,,,,113.4,100,113.5,150,,,,,,,,,,,,,,,,
2026-07-03T06:01:47.125335+00:00,2026-07-03T06:01:47.125293,1,1,113.15,0.5,112.9,100,,,,,,,,,,,,,,,,,,,113.4,100,,,,,,,,,,,,,,,,,,
2026-07-03T06:01:47.180606+00:00,2026-07-03T06:01:47.180498,2,1,113.2,0.4,113.0,150,112.9,100,,,,,,,,,,,,,,,,,113.4,100,,,,,,,,,,,,,,,,,,
2026-07-03T06:01:47.230105+00:00,2026-07-03T06:01:47.230036,2,2,113.2,0.4,113.0,150,112.9,100,,,,,,,,,,,,,,,,,113.4,100,113.5,150,,,,,,,,,,,,,,,,
2026-07-03T06:01:47.670614+00:00,2026-07-03T06:01:47.670522,1,1,113.25,0.5,113.0,150,,,,,,,,,,,,,,,,,,,113.5,150,,,,,,,,,,,,,,,,,,
2026-07-03T06:01:47.725373+00:00,2026-07-03T06:01:47.725484,2,1,113.25,0.5,113.0,150,112.8,100,,,,,,,,,,,,,,,,,113.5,150,,,,,,,,,,,,,,,,,,
2026-07-03T06:01:47.780192+00:00,2026-07-03T06:01:47.780283,2,2,113.15,0.3,113.0,150,112.8,100,,,,,,,,,,,,,,,,,113.3,100,113.5,150,,,,,,,,,,,,,,,,
2026-07-03T06:01:49.284760+00:00,2026-07-03T06:01:49.284628,2,2,113.15,0.3,113.0,100,112.8,100,,,,,,,,,,,,,,,,,113.3,100,113.5,150,,,,,,,,,,,,,,,,
2026-07-03T06:01:50.287897+00:00,2026-07-03T06:01:50.287863,1,1,113.05,0.5,112.8,100,,,,,,,,,,,,,,,,,,,113.3,100,,,,,,,,,,,,,,,,,,
2026-07-03T06:01:50.341174+00:00,2026-07-03T06:01:50.341091,1,1,113.05,0.5,112.8,250,,,,,,,,,,,,,,,,,,,113.3,100,,,,,,,,,,,,,,,,,,
2026-07-03T06:01:50.394871+00:00,2026-07-03T06:01:50.394806,1,1,113.05,0.5,112.8,250,,,,,,,,,,,,,,,,,,,113.3,250,,,,,,,,,,,,,,,,,,
2026-07-03T06:01:50.831659+00:00,2026-07-03T06:01:50.831742,1,1,113.05,0.5,112.8,250,,,,,,,,,,,,,,,,,,,113.3,150,,,,,,,,,,,,,,,,,,
2026-07-03T06:01:50.837009+00:00,2026-07-03T06:01:50.836919,1,1,113.05,0.5,112.8,150,,,,,,,,,,,,,,,,,,,113.3,150,,,,,,,,,,,,,,,,,,
2026-07-03T06:01:50.889248+00:00,2026-07-03T06:01:50.889343,2,1,113.1,0.4,112.9,100,112.8,150,,,,,,,,,,,,,,,,,113.3,150,,,,,,,,,,,,,,,,,,
2026-07-03T06:01:50.941736+00:00,2026-07-03T06:01:50.941649,2,2,113.1,0.4,112.9,100,112.8,150,,,,,,,,,,,,,,,,,113.3,150,113.4,100,,,,,,,,,,,,,,,,
2026-07-03T06:01:53.441205+00:00,2026-07-03T06:01:53.441364,2,2,113.1,0.4,112.9,100,112.8,150,,,,,,,,,,,,,,,,,113.3,100,113.4,100,,,,,,,,,,,,,,,,
2026-07-03T06:01:53.446672+00:00,2026-07-03T06:01:53.446561,1,1,113.15,0.5,112.9,100,,,,,,,,,,,,,,,,,,,113.4,100,,,,,,,,,,,,,,,,,,
2026-07-03T06:01:53.501132+00:00,2026-07-03T06:01:53.501025,2,1,113.15,0.5,112.9,100,112.6,150,,,,,,,,,,,,,,,,,113.4,100,,,,,,,,,,,,,,,,,,
2026-07-03T06:01:53.553701+00:00,2026-07-03T06:01:53.553850,2,2,113.0,0.2,112.9,100,112.6,150,,,,,,,,,,,,,,,,,113.1,150,113.4,100,,,,,,,,,,,,,,,,
2026-07-03T06:01:53.746659+00:00,2026-07-03T06:01:53.746589,2,2,113.0,0.2,112.9,100,112.6,150,,,,,,,,,,,,,,,,,113.1,125,113.4,100,,,,,,,,,,,,,,,,
2026-07-03T06:01:53.958569+00:00,2026-07-03T06:01:53.958276,2,2,113.0,0.2,112.9,100,112.6,150,,,,,,,,,,,,,,,,,113.1,100,113.4,100,,,,,,,,,,,,,,,,
2026-07-03T06:01:53.992138+00:00,2026-07-03T06:01:53.992019,2,1,113.0,0.2,112.9,100,112.6,150,,,,,,,,,,,,,,,,,113.1,100,,,,,,,,,,,,,,,,,,
2026-07-03T06:01:53.997120+00:00,2026-07-03T06:01:53.997197,1,1,112.85,0.5,112.6,150,,,,,,,,,,,,,,,,,,,113.1,100,,,,,,,,,,,,,,,,,,
2026-07-03T06:01:54.046934+00:00,2026-07-03T06:01:54.047015,2,1,112.95,0.3,112.8,100,112.6,150,,,,,,,,,,,,,,,,,113.1,100,,,,,,,,,,,,,,,,,,
2026-07-03T06:01:54.103346+00:00,2026-07-03T06:01:54.103142,2,2,112.95,0.3,112.8,100,112.6,150,,,,,,,,,,,,,,,,,113.1,100,113.3,100,,,,,,,,,,,,,,,,
2026-07-03T06:01:54.190186+00:00,2026-07-03T06:01:54.190372,2,2,112.95,0.3,112.8,100,112.6,150,,,,,,,,,,,,,,,,,113.1,75,113.3,100,,,,,,,,,,,,,,,,
2026-07-03T06:01:55.558657+00:00,2026-07-03T06:01:55.551522,2,2,112.95,0.3,112.8,100,112.6,150,,,,,,,,,,,,,,,,,113.1,25,113.3,100,,,,,,,,,,,,,,,,
2026-07-03T06:01:56.477458+00:00,2026-07-03T06:01:56.477556,2,1,113.05,0.5,112.8,100,112.6,150,,,,,,,,,,,,,,,,,113.3,100,,,,,,,,,,,,,,,,,,
2026-07-03T06:01:56.612774+00:00,2026-07-03T06:01:56.612711,1,1,113.05,0.5,112.8,100,,,,,,,,,,,,,,,,,,,113.3,100,,,,,,,,,,,,,,,,,,
2026-07-03T06:01:56.653635+00:00,2026-07-03T06:01:56.655525,2,1,113.2,0.2,113.1,150,112.8,100,,,,,,,,,,,,,,,,,113.3,100,,,,,,,,,,,,,,,,,,
2026-07-03T06:01:56.716267+00:00,2026-07-03T06:01:56.716152,2,2,113.2,0.2,113.1,150,112.8,100,,,,,,,,,,,,,,,,,113.3,100,113.6,150,,,,,,,,,,,,,,,,
2026-07-03T06:01:57.163929+00:00,2026-07-03T06:01:57.163864,1,1,113.35,0.5,113.1,150,,,,,,,,,,,,,,,,,,,113.6,150,,,,,,,,,,,,,,,,,,
2026-07-03T06:01:57.212981+00:00,2026-07-03T06:01:57.212856,2,1,113.35,0.5,113.1,150,112.4,100,,,,,,,,,,,,,,,,,113.6,150,,,,,,,,,,,,,,,,,,
2026-07-03T06:01:57.267189+00:00,2026-07-03T06:01:57.267075,2,1,113.35,0.5,113.1,50,112.4,100,,,,,,,,,,,,,,,,,113.6,150,,,,,,,,,,,,,,,,,,
2026-07-03T06:01:57.658600+00:00,2026-07-03T06:01:57.655662,2,1,113.35,0.5,113.1,50,112.4,100,,,,,,,,,,,,,,,,,113.6,100,,,,,,,,,,,,,,,,,,
2026-07-03T06:01:58.595656+00:00,2026-07-03T06:01:58.595561,2,1,113.35,0.5,113.1,50,112.4,100,,,,,,,,,,,,,,,,,113.6,54,,,,,,,,,,,,,,,,,,
2026-07-03T06:01:59.770687+00:00,2026-07-03T06:01:59.770636,1,0,,,112.4,100,,,,,,,,,,,,,,,,,,,,,,,,,,,,,,,,,,,,,,
2026-07-03T06:01:59.825782+00:00,2026-07-03T06:01:59.825611,2,0,,,113.4,150,112.4,100,,,,,,,,,,,,,,,,,,,,,,,,,,,,,,,,,,,,
2026-07-03T06:01:59.886676+00:00,2026-07-03T06:01:59.880667,2,1,113.65,0.5,113.4,147,112.4,100,,,,,,,,,,,,,,,,,113.9,150,,,,,,,,,,,,,,,,,,
2026-07-03T06:02:00.322268+00:00,2026-07-03T06:02:00.322191,1,1,113.65,0.5,113.4,147,,,,,,,,,,,,,,,,,,,113.9,150,,,,,,,,,,,,,,,,,,
2026-07-03T06:02:00.375165+00:00,2026-07-03T06:02:00.375051,2,1,113.65,0.5,113.4,147,113.1,100,,,,,,,,,,,,,,,,,113.9,150,,,,,,,,,,,,,,,,,,
2026-07-03T06:02:00.427080+00:00,2026-07-03T06:02:00.426958,2,2,113.5,0.2,113.4,147,113.1,100,,,,,,,,,,,,,,,,,113.6,100,113.9,150,,,,,,,,,,,,,,,,
2026-07-03T06:02:02.796298+00:00,2026-07-03T06:02:02.791044,2,2,113.5,0.2,113.4,124,113.1,100,,,,,,,,,,,,,,,,,113.6,100,113.9,150,,,,,,,,,,,,,,,,
2026-07-03T06:02:02.929860+00:00,2026-07-03T06:02:02.929760,1,1,113.35,0.5,113.1,100,,,,,,,,,,,,,,,,,,,113.6,100,,,,,,,,,,,,,,,,,,
2026-07-03T06:02:02.982347+00:00,2026-07-03T06:02:02.982289,2,1,113.45,0.3,113.3,150,113.1,100,,,,,,,,,,,,,,,,,113.6,100,,,,,,,,,,,,,,,,,,
2026-07-03T06:02:03.037243+00:00,2026-07-03T06:02:03.037116,2,2,113.45,0.3,113.3,150,113.1,100,,,,,,,,,,,,,,,,,113.6,100,113.8,150,,,,,,,,,,,,,,,,
2026-07-03T06:02:03.478388+00:00,2026-07-03T06:02:03.478350,1,1,113.55,0.5,113.3,150,,,,,,,,,,,,,,,,,,,113.8,150,,,,,,,,,,,,,,,,,,
2026-07-03T06:02:03.533433+00:00,2026-07-03T06:02:03.533514,2,1,113.55,0.5,113.3,150,112.8,100,,,,,,,,,,,,,,,,,113.8,150,,,,,,,,,,,,,,,,,,
2026-07-03T06:02:03.586724+00:00,2026-07-03T06:02:03.586598,2,1,113.55,0.5,113.3,50,112.8,100,,,,,,,,,,,,,,,,,113.8,150,,,,,,,,,,,,,,,,,,
2026-07-03T06:02:04.030968+00:00,2026-07-03T06:02:04.030855,1,1,113.3,1.0,112.8,100,,,,,,,,,,,,,,,,,,,113.8,150,,,,,,,,,,,,,,,,,,
2026-07-03T06:02:06.091846+00:00,2026-07-03T06:02:06.091740,1,0,,,112.8,100,,,,,,,,,,,,,,,,,,,,,,,,,,,,,,,,,,,,,,
2026-07-03T06:02:06.144958+00:00,2026-07-03T06:02:06.144834,1,0,,,112.8,250,,,,,,,,,,,,,,,,,,,,,,,,,,,,,,,,,,,,,,
2026-07-03T06:02:06.197384+00:00,2026-07-03T06:02:06.197312,1,1,113.05,0.5,112.8,250,,,,,,,,,,,,,,,,,,,113.3,150,,,,,,,,,,,,,,,,,,
2026-07-03T06:02:06.245186+00:00,2026-07-03T06:02:06.245152,1,1,113.05,0.5,112.8,250,,,,,,,,,,,,,,,,,,,113.3,104,,,,,,,,,,,,,,,,,,
2026-07-03T06:02:06.640332+00:00,2026-07-03T06:02:06.640296,1,1,113.05,0.5,112.8,150,,,,,,,,,,,,,,,,,,,113.3,104,,,,,,,,,,,,,,,,,,
2026-07-03T06:02:06.691269+00:00,2026-07-03T06:02:06.691215,2,1,113.25,0.1,113.2,100,112.8,150,,,,,,,,,,,,,,,,,113.3,104,,,,,,,,,,,,,,,,,,
2026-07-03T06:02:06.744287+00:00,2026-07-03T06:02:06.744210,2,2,113.25,0.1,113.2,100,112.8,150,,,,,,,,,,,,,,,,,113.3,104,113.7,100,,,,,,,,,,,,,,,,
2026-07-03T06:02:09.251880+00:00,2026-07-03T06:02:09.251755,1,1,113.45,0.5,113.2,100,,,,,,,,,,,,,,,,,,,113.7,100,,,,,,,,,,,,,,,,,,
2026-07-03T06:02:09.309566+00:00,2026-07-03T06:02:09.309474,2,1,113.45,0.5,113.2,100,112.9,150,,,,,,,,,,,,,,,,,113.7,100,,,,,,,,,,,,,,,,,,
2026-07-03T06:02:09.358592+00:00,2026-07-03T06:02:09.357768,2,2,113.3,0.2,113.2,100,112.9,150,,,,,,,,,,,,,,,,,113.4,150,113.7,100,,,,,,,,,,,,,,,,
2026-07-03T06:02:09.802068+00:00,2026-07-03T06:02:09.801998,1,1,113.15,0.5,112.9,150,,,,,,,,,,,,,,,,,,,113.4,150,,,,,,,,,,,,,,,,,,
2026-07-03T06:02:09.858617+00:00,2026-07-03T06:02:09.856429,2,1,113.25,0.3,113.1,100,112.9,150,,,,,,,,,,,,,,,,,113.4,150,,,,,,,,,,,,,,,,,,
2026-07-03T06:02:09.906147+00:00,2026-07-03T06:02:09.906070,2,2,113.25,0.3,113.1,100,112.9,150,,,,,,,,,,,,,,,,,113.4,150,113.6,100,,,,,,,,,,,,,,,,
2026-07-03T06:02:11.968916+00:00,2026-07-03T06:02:11.968822,2,2,113.25,0.3,113.1,54,112.9,150,,,,,,,,,,,,,,,,,113.4,150,113.6,100,,,,,,,,,,,,,,,,
2026-07-03T06:02:12.419525+00:00,2026-07-03T06:02:12.419437,1,1,113.35,0.5,113.1,54,,,,,,,,,,,,,,,,,,,113.6,100,,,,,,,,,,,,,,,,,,
2026-07-03T06:02:12.447986+00:00,2026-07-03T06:02:12.447924,1,1,113.35,0.5,113.1,4,,,,,,,,,,,,,,,,,,,113.6,100,,,,,,,,,,,,,,,,,,
2026-07-03T06:02:12.475116+00:00,2026-07-03T06:02:12.475047,2,1,113.35,0.5,113.1,4,112.8,150,,,,,,,,,,,,,,,,,113.6,100,,,,,,,,,,,,,,,,,,
2026-07-03T06:02:12.528095+00:00,2026-07-03T06:02:12.527991,2,2,113.2,0.2,113.1,4,112.8,150,,,,,,,,,,,,,,,,,113.3,150,113.6,100,,,,,,,,,,,,,,,,
2026-07-03T06:02:12.564145+00:00,2026-07-03T06:02:12.563830,1,2,113.05,0.5,112.8,106,,,,,,,,,,,,,,,,,,,113.3,150,113.6,100,,,,,,,,,,,,,,,,
2026-07-03T06:02:12.958631+00:00,2026-07-03T06:02:12.956031,1,1,113.05,0.5,112.8,106,,,,,,,,,,,,,,,,,,,113.3,150,,,,,,,,,,,,,,,,,,
2026-07-03T06:02:13.016800+00:00,2026-07-03T06:02:13.016865,1,1,113.05,0.5,112.8,206,,,,,,,,,,,,,,,,,,,113.3,150,,,,,,,,,,,,,,,,,,
2026-07-03T06:02:13.068728+00:00,2026-07-03T06:02:13.068996,1,1,113.05,0.5,112.8,206,,,,,,,,,,,,,,,,,,,113.3,250,,,,,,,,,,,,,,,,,,
2026-07-03T06:02:13.684990+00:00,2026-07-03T06:02:13.684966,1,1,113.05,0.5,112.8,206,,,,,,,,,,,,,,,,,,,113.3,202,,,,,,,,,,,,,,,,,,
2026-07-03T06:02:14.558584+00:00,2026-07-03T06:02:14.555730,1,1,113.05,0.5,112.8,156,,,,,,,,,,,,,,,,,,,113.3,202,,,,,,,,,,,,,,,,,,
2026-07-03T06:02:15.658790+00:00,2026-07-03T06:02:15.577278,1,1,113.05,0.5,112.8,100,,,,,,,,,,,,,,,,,,,113.3,100,,,,,,,,,,,,,,,,,,
2026-07-03T06:02:15.668733+00:00,2026-07-03T06:02:15.668950,2,1,113.05,0.5,112.8,100,112.4,150,,,,,,,,,,,,,,,,,113.3,100,,,,,,,,,,,,,,,,,,
2026-07-03T06:02:15.767202+00:00,2026-07-03T06:02:15.762322,2,2,112.85,0.1,112.8,100,112.4,150,,,,,,,,,,,,,,,,,112.9,138,113.3,100,,,,,,,,,,,,,,,,
2026-07-03T06:02:16.163648+00:00,2026-07-03T06:02:16.163841,1,1,112.65,0.5,112.4,150,,,,,,,,,,,,,,,,,,,112.9,138,,,,,,,,,,,,,,,,,,
2026-07-03T06:02:16.258636+00:00,2026-07-03T06:02:16.227927,2,2,112.75,0.3,112.6,100,112.4,150,,,,,,,,,,,,,,,,,112.9,138,113.1,100,,,,,,,,,,,,,,,,
2026-07-03T06:02:18.744281+00:00,2026-07-03T06:02:18.744191,1,1,112.85,0.5,112.6,100,,,,,,,,,,,,,,,,,,,113.1,100,,,,,,,,,,,,,,,,,,
2026-07-03T06:02:18.798345+00:00,2026-07-03T06:02:18.798309,2,1,112.85,0.5,112.6,100,112.5,150,,,,,,,,,,,,,,,,,113.1,100,,,,,,,,,,,,,,,,,,
2026-07-03T06:02:18.850623+00:00,2026-07-03T06:02:18.850546,2,2,112.8,0.4,112.6,100,112.5,150,,,,,,,,,,,,,,,,,113.0,150,113.1,100,,,,,,,,,,,,,,,,
2026-07-03T06:02:19.211835+00:00,2026-07-03T06:02:19.211762,2,2,112.8,0.4,112.6,56,112.5,150,,,,,,,,,,,,,,,,,113.0,150,113.1,100,,,,,,,,,,,,,,,,
2026-07-03T06:02:19.292301+00:00,2026-07-03T06:02:19.292194,1,1,112.75,0.5,112.5,150,,,,,,,,,,,,,,,,,,,113.0,150,,,,,,,,,,,,,,,,,,
2026-07-03T06:02:19.346782+00:00,2026-07-03T06:02:19.346713,1,1,112.75,0.5,112.5,250,,,,,,,,,,,,,,,,,,,113.0,150,,,,,,,,,,,,,,,,,,
2026-07-03T06:02:19.399450+00:00,2026-07-03T06:02:19.399347,1,1,112.75,0.5,112.5,250,,,,,,,,,,,,,,,,,,,113.0,250,,,,,,,,,,,,,,,,,,
2026-07-03T06:02:21.141808+00:00,2026-07-03T06:02:21.136683,1,1,112.75,0.5,112.5,250,,,,,,,,,,,,,,,,,,,113.0,239,,,,,,,,,,,,,,,,,,
2026-07-03T06:02:21.903241+00:00,2026-07-03T06:02:21.903155,1,1,112.75,0.5,112.5,100,,,,,,,,,,,,,,,,,,,113.0,100,,,,,,,,,,,,,,,,,,
2026-07-03T06:02:21.951888+00:00,2026-07-03T06:02:21.952028,2,1,112.85,0.3,112.7,150,112.5,100,,,,,,,,,,,,,,,,,113.0,100,,,,,,,,,,,,,,,,,,
2026-07-03T06:02:22.009100+00:00,2026-07-03T06:02:22.009235,2,2,112.85,0.3,112.7,150,112.5,100,,,,,,,,,,,,,,,,,113.0,100,113.2,150,,,,,,,,,,,,,,,,
2026-07-03T06:02:22.458654+00:00,2026-07-03T06:02:22.451277,1,1,112.95,0.5,112.7,150,,,,,,,,,,,,,,,,,,,113.2,150,,,,,,,,,,,,,,,,,,
2026-07-03T06:02:22.507348+00:00,2026-07-03T06:02:22.507288,2,1,112.95,0.5,112.7,150,112.6,100,,,,,,,,,,,,,,,,,113.2,150,,,,,,,,,,,,,,,,,,
2026-07-03T06:02:22.560416+00:00,2026-07-03T06:02:22.560331,2,2,112.9,0.4,112.7,150,112.6,100,,,,,,,,,,,,,,,,,113.1,100,113.2,150,,,,,,,,,,,,,,,,
2026-07-03T06:02:22.981545+00:00,2026-07-03T06:02:22.981468,2,2,112.9,0.4,112.7,100,112.6,100,,,,,,,,,,,,,,,,,113.1,100,113.2,150,,,,,,,,,,,,,,,,
2026-07-03T06:02:25.047122+00:00,2026-07-03T06:02:25.046981,2,2,112.9,0.4,112.7,100,112.6,100,,,,,,,,,,,,,,,,,113.1,51,113.2,150,,,,,,,,,,,,,,,,
2026-07-03T06:02:25.058562+00:00,2026-07-03T06:02:25.055465,1,1,112.85,0.5,112.6,100,,,,,,,,,,,,,,,,,,,113.1,51,,,,,,,,,,,,,,,,,,
2026-07-03T06:02:25.097593+00:00,2026-07-03T06:02:25.097551,1,1,112.85,0.5,112.6,50,,,,,,,,,,,,,,,,,,,113.1,51,,,,,,,,,,,,,,,,,,
2026-07-03T06:02:25.114839+00:00,2026-07-03T06:02:25.114689,1,1,112.85,0.5,112.6,200,,,,,,,,,,,,,,,,,,,113.1,51,,,,,,,,,,,,,,,,,,
2026-07-03T06:02:25.167000+00:00,2026-07-03T06:02:25.166915,1,1,112.85,0.5,112.6,200,,,,,,,,,,,,,,,,,,,113.1,201,,,,,,,,,,,,,,,,,,
2026-07-03T06:02:25.575116+00:00,2026-07-03T06:02:25.574973,1,1,112.85,0.5,112.6,154,,,,,,,,,,,,,,,,,,,113.1,201,,,,,,,,,,,,,,,,,,
2026-07-03T06:02:25.613951+00:00,2026-07-03T06:02:25.614051,1,1,112.85,0.5,112.6,150,,,,,,,,,,,,,,,,,,,113.1,150,,,,,,,,,,,,,,,,,,
2026-07-03T06:02:25.658683+00:00,2026-07-03T06:02:25.658273,1,1,112.85,0.5,112.6,250,,,,,,,,,,,,,,,,,,,113.1,150,,,,,,,,,,,,,,,,,,
2026-07-03T06:02:25.718452+00:00,2026-07-03T06:02:25.718357,1,1,112.85,0.5,112.6,250,,,,,,,,,,,,,,,,,,,113.1,250,,,,,,,,,,,,,,,,,,
2026-07-03T06:02:26.173439+00:00,2026-07-03T06:02:26.173322,1,1,112.85,0.5,112.6,250,,,,,,,,,,,,,,,,,,,113.1,208,,,,,,,,,,,,,,,,,,
2026-07-03T06:02:28.222691+00:00,2026-07-03T06:02:28.222626,1,1,112.85,0.5,112.6,100,,,,,,,,,,,,,,,,,,,113.1,100,,,,,,,,,,,,,,,,,,
2026-07-03T06:02:28.276481+00:00,2026-07-03T06:02:28.276361,2,1,112.9,0.4,112.7,150,112.6,100,,,,,,,,,,,,,,,,,113.1,100,,,,,,,,,,,,,,,,,,
2026-07-03T06:02:28.331531+00:00,2026-07-03T06:02:28.331426,2,2,112.9,0.4,112.7,150,112.6,100,,,,,,,,,,,,,,,,,113.1,100,113.2,150,,,,,,,,,,,,,,,,
2026-07-03T06:02:28.736817+00:00,2026-07-03T06:02:28.736938,2,2,112.9,0.4,112.7,150,112.6,100,,,,,,,,,,,,,,,,,113.1,53,113.2,150,,,,,,,,,,,,,,,,
2026-07-03T06:02:28.774574+00:00,2026-07-03T06:02:28.774695,1,1,112.95,0.5,112.7,150,,,,,,,,,,,,,,,,,,,113.2,150,,,,,,,,,,,,,,,,,,
2026-07-03T06:02:28.829176+00:00,2026-07-03T06:02:28.829090,2,1,112.95,0.5,112.7,150,112.6,100,,,,,,,,,,,,,,,,,113.2,150,,,,,,,,,,,,,,,,,,
2026-07-03T06:02:28.876161+00:00,2026-07-03T06:02:28.875573,2,2,112.9,0.4,112.7,150,112.6,100,,,,,,,,,,,,,,,,,113.1,100,113.2,150,,,,,,,,,,,,,,,,
2026-07-03T06:02:29.274972+00:00,2026-07-03T06:02:29.274780,2,2,112.9,0.4,112.7,150,112.6,100,,,,,,,,,,,,,,,,,113.1,50,113.2,150,,,,,,,,,,,,,,,,
2026-07-03T06:02:29.280138+00:00,2026-07-03T06:02:29.280012,2,2,112.9,0.4,112.7,103,112.6,100,,,,,,,,,,,,,,,,,113.1,50,113.2,150,,,,,,,,,,,,,,,,
2026-07-03T06:02:29.858570+00:00,2026-07-03T06:02:29.855186,2,2,112.9,0.4,112.7,103,112.6,100,,,,,,,,,,,,,,,,,113.1,1,113.2,150,,,,,,,,,,,,,,,,
2026-07-03T06:02:31.377324+00:00,2026-07-03T06:02:31.377275,2,1,112.95,0.5,112.7,103,112.6,100,,,,,,,,,,,,,,,,,113.2,101,,,,,,,,,,,,,,,,,,
2026-07-03T06:02:31.382494+00:00,2026-07-03T06:02:31.382462,1,0,,,112.6,100,,,,,,,,,,,,,,,,,,,,,,,,,,,,,,,,,,,,,,
2026-07-03T06:02:31.435559+00:00,2026-07-03T06:02:31.435467,2,0,,,112.7,150,112.6,100,,,,,,,,,,,,,,,,,,,,,,,,,,,,,,,,,,,,
2026-07-03T06:02:31.490001+00:00,2026-07-03T06:02:31.489961,2,1,112.95,0.5,112.7,150,112.6,100,,,,,,,,,,,,,,,,,113.2,150,,,,,,,,,,,,,,,,,,
2026-07-03T06:02:31.933308+00:00,2026-07-03T06:02:31.933260,1,1,112.95,0.5,112.7,150,,,,,,,,,,,,,,,,,,,113.2,150,,,,,,,,,,,,,,,,,,
2026-07-03T06:02:31.985165+00:00,2026-07-03T06:02:31.985053,2,1,113.05,0.3,112.9,100,112.7,150,,,,,,,,,,,,,,,,,113.2,150,,,,,,,,,,,,,,,,,,
2026-07-03T06:02:32.037568+00:00,2026-07-03T06:02:32.037798,2,2,113.05,0.3,112.9,100,112.7,150,,,,,,,,,,,,,,,,,113.2,150,113.4,100,,,,,,,,,,,,,,,,
2026-07-03T06:02:33.512691+00:00,2026-07-03T06:02:33.512820,2,2,113.05,0.3,112.9,100,112.7,150,,,,,,,,,,,,,,,,,113.2,100,113.4,100,,,,,,,,,,,,,,,,
2026-07-03T06:02:34.538753+00:00,2026-07-03T06:02:34.538731,2,1,113.15,0.5,112.9,100,112.7,150,,,,,,,,,,,,,,,,,113.4,100,,,,,,,,,,,,,,,,,,
2026-07-03T06:02:34.544040+00:00,2026-07-03T06:02:34.543883,1,1,113.15,0.5,112.9,100,,,,,,,,,,,,,,,,,,,113.4,100,,,,,,,,,,,,,,,,,,
2026-07-03T06:02:34.592078+00:00,2026-07-03T06:02:34.592003,2,1,113.15,0.5,112.9,100,112.8,150,,,,,,,,,,,,,,,,,113.4,100,,,,,,,,,,,,,,,,,,
2026-07-03T06:02:34.648722+00:00,2026-07-03T06:02:34.648593,2,2,113.1,0.4,112.9,100,112.8,150,,,,,,,,,,,,,,,,,113.3,150,113.4,100,,,,,,,,,,,,,,,,
2026-07-03T06:02:35.094303+00:00,2026-07-03T06:02:35.094220,1,1,113.05,0.5,112.8,150,,,,,,,,,,,,,,,,,,,113.3,150,,,,,,,,,,,,,,,,,,
2026-07-03T06:02:35.148809+00:00,2026-07-03T06:02:35.148656,1,1,113.05,0.5,112.8,250,,,,,,,,,,,,,,,,,,,113.3,150,,,,,,,,,,,,,,,,,,
2026-07-03T06:02:35.201182+00:00,2026-07-03T06:02:35.201276,1,1,113.05,0.5,112.8,250,,,,,,,,,,,,,,,,,,,113.3,250,,,,,,,,,,,,,,,,,,
2026-07-03T06:02:35.620362+00:00,2026-07-03T06:02:35.620246,1,1,113.05,0.5,112.8,250,,,,,,,,,,,,,,,,,,,113.3,200,,,,,,,,,,,,,,,,,,
2026-07-03T06:02:35.670254+00:00,2026-07-03T06:02:35.670122,1,1,113.05,0.5,112.8,209,,,,,,,,,,,,,,,,,,,113.3,200,,,,,,,,,,,,,,,,,,
2026-07-03T06:02:37.703551+00:00,2026-07-03T06:02:37.703481,1,1,113.05,0.5,112.8,100,,,,,,,,,,,,,,,,,,,113.3,100,,,,,,,,,,,,,,,,,,
2026-07-03T06:02:37.758580+00:00,2026-07-03T06:02:37.752697,1,1,113.05,0.5,112.8,250,,,,,,,,,,,,,,,,,,,113.3,50,,,,,,,,,,,,,,,,,,
2026-07-03T06:02:37.814236+00:00,2026-07-03T06:02:37.814307,1,1,113.05,0.5,112.8,250,,,,,,,,,,,,,,,,,,,113.3,200,,,,,,,,,,,,,,,,,,
2026-07-03T06:02:38.258540+00:00,2026-07-03T06:02:38.256110,1,1,113.05,0.5,112.8,150,,,,,,,,,,,,,,,,,,,113.3,150,,,,,,,,,,,,,,,,,,
2026-07-03T06:02:38.306684+00:00,2026-07-03T06:02:38.306601,2,1,113.1,0.4,112.9,100,112.8,150,,,,,,,,,,,,,,,,,113.3,150,,,,,,,,,,,,,,,,,,
2026-07-03T06:02:38.358578+00:00,2026-07-03T06:02:38.357899,2,2,113.1,0.4,112.9,100,112.8,150,,,,,,,,,,,,,,,,,113.3,150,113.4,100,,,,,,,,,,,,,,,,
2026-07-03T06:02:38.418339+00:00,2026-07-03T06:02:38.418291,2,2,113.1,0.4,112.9,60,112.8,150,,,,,,,,,,,,,,,,,113.3,150,113.4,100,,,,,,,,,,,,,,,,
2026-07-03T06:02:39.917621+00:00,2026-07-03T06:02:39.917455,2,2,113.1,0.4,112.9,10,112.8,150,,,,,,,,,,,,,,,,,113.3,150,113.4,100,,,,,,,,,,,,,,,,
2026-07-03T06:02:40.868305+00:00,2026-07-03T06:02:40.868253,1,1,113.15,0.5,112.9,10,,,,,,,,,,,,,,,,,,,113.4,100,,,,,,,,,,,,,,,,,,
2026-07-03T06:02:40.922182+00:00,2026-07-03T06:02:40.922115,2,1,113.2,0.4,113.0,150,112.9,10,,,,,,,,,,,,,,,,,113.4,100,,,,,,,,,,,,,,,,,,
2026-07-03T06:02:40.974149+00:00,2026-07-03T06:02:40.974321,2,2,113.2,0.4,113.0,150,112.9,10,,,,,,,,,,,,,,,,,113.4,100,113.5,150,,,,,,,,,,,,,,,,
2026-07-03T06:02:41.414168+00:00,2026-07-03T06:02:41.414096,2,1,113.25,0.5,113.0,150,112.9,10,,,,,,,,,,,,,,,,,113.5,150,,,,,,,,,,,,,,,,,,
2026-07-03T06:02:41.419400+00:00,2026-07-03T06:02:41.419255,1,1,113.25,0.5,113.0,150,,,,,,,,,,,,,,,,,,,113.5,150,,,,,,,,,,,,,,,,,,
2026-07-03T06:02:41.472100+00:00,2026-07-03T06:02:41.472002,2,1,113.25,0.5,113.0,150,112.7,100,,,,,,,,,,,,,,,,,113.5,150,,,,,,,,,,,,,,,,,,
2026-07-03T06:02:41.525123+00:00,2026-07-03T06:02:41.525066,2,2,113.1,0.2,113.0,150,112.7,100,,,,,,,,,,,,,,,,,113.2,100,113.5,150,,,,,,,,,,,,,,,,
2026-07-03T06:02:42.063892+00:00,2026-07-03T06:02:42.063779,2,2,113.1,0.2,113.0,100,112.7,100,,,,,,,,,,,,,,,,,113.2,100,113.5,150,,,,,,,,,,,,,,,,
2026-07-03T06:02:42.094441+00:00,2026-07-03T06:02:42.089216,2,2,113.1,0.2,113.0,89,112.7,100,,,,,,,,,,,,,,,,,113.2,100,113.5,150,,,,,,,,,,,,,,,,
2026-07-03T06:02:43.950769+00:00,2026-07-03T06:02:43.950693,2,2,113.1,0.2,113.0,89,112.7,100,,,,,,,,,,,,,,,,,113.2,53,113.5,150,,,,,,,,,,,,,,,,
2026-07-03T06:02:44.027846+00:00,2026-07-03T06:02:44.027690,1,1,112.95,0.5,112.7,100,,,,,,,,,,,,,,,,,,,113.2,53,,,,,,,,,,,,,,,,,,
2026-07-03T06:02:44.081914+00:00,2026-07-03T06:02:44.081789,2,1,112.95,0.5,112.7,100,112.6,150,,,,,,,,,,,,,,,,,113.2,53,,,,,,,,,,,,,,,,,,
2026-07-03T06:02:44.134387+00:00,2026-07-03T06:02:44.134345,2,2,112.9,0.4,112.7,100,112.6,150,,,,,,,,,,,,,,,,,113.1,150,113.2,53,,,,,,,,,,,,,,,,
2026-07-03T06:02:44.578942+00:00,2026-07-03T06:02:44.578832,1,1,112.85,0.5,112.6,150,,,,,,,,,,,,,,,,,,,113.1,150,,,,,,,,,,,,,,,,,,
2026-07-03T06:02:44.633784+00:00,2026-07-03T06:02:44.633670,2,1,112.95,0.3,112.8,100,112.6,150,,,,,,,,,,,,,,,,,113.1,150,,,,,,,,,,,,,,,,,,
2026-07-03T06:02:44.688541+00:00,2026-07-03T06:02:44.688435,2,2,112.95,0.3,112.8,100,112.6,150,,,,,,,,,,,,,,,,,113.1,150,113.3,100,,,,,,,,,,,,,,,,
2026-07-03T06:02:46.180632+00:00,2026-07-03T06:02:46.180549,2,2,112.95,0.3,112.8,59,112.6,150,,,,,,,,,,,,,,,,,113.1,150,113.3,100,,,,,,,,,,,,,,,,
2026-07-03T06:02:47.133450+00:00,2026-07-03T06:02:47.133325,2,2,112.95,0.3,112.8,10,112.6,150,,,,,,,,,,,,,,,,,113.1,150,113.3,100,,,,,,,,,,,,,,,,
2026-07-03T06:02:47.187688+00:00,2026-07-03T06:02:47.187611,1,1,113.05,0.5,112.8,10,,,,,,,,,,,,,,,,,,,113.3,100,,,,,,,,,,,,,,,,,,
2026-07-03T06:02:47.241527+00:00,2026-07-03T06:02:47.241495,2,1,113.05,0.5,112.8,10,112.5,150,,,,,,,,,,,,,,,,,113.3,100,,,,,,,,,,,,,,,,,,
2026-07-03T06:02:47.295051+00:00,2026-07-03T06:02:47.294996,2,2,112.9,0.2,112.8,10,112.5,150,,,,,,,,,,,,,,,,,113.0,150,113.3,100,,,,,,,,,,,,,,,,
2026-07-03T06:02:47.741812+00:00,2026-07-03T06:02:47.741973,1,1,112.75,0.5,112.5,150,,,,,,,,,,,,,,,,,,,113.0,150,,,,,,,,,,,,,,,,,,
2026-07-03T06:02:47.795637+00:00,2026-07-03T06:02:47.795558,1,1,112.75,0.5,112.5,250,,,,,,,,,,,,,,,,,,,113.0,150,,,,,,,,,,,,,,,,,,
2026-07-03T06:02:47.848775+00:00,2026-07-03T06:02:47.848711,1,1,112.75,0.5,112.5,250,,,,,,,,,,,,,,,,,,,113.0,250,,,,,,,,,,,,,,,,,,
2026-07-03T06:02:49.142639+00:00,2026-07-03T06:02:49.142451,1,1,112.75,0.5,112.5,250,,,,,,,,,,,,,,,,,,,113.0,203,,,,,,,,,,,,,,,,,,
2026-07-03T06:02:50.343885+00:00,2026-07-03T06:02:50.343964,1,1,112.75,0.5,112.5,250,,,,,,,,,,,,,,,,,,,113.0,100,,,,,,,,,,,,,,,,,,
2026-07-03T06:02:50.349163+00:00,2026-07-03T06:02:50.349124,1,1,112.75,0.5,112.5,100,,,,,,,,,,,,,,,,,,,113.0,100,,,,,,,,,,,,,,,,,,
2026-07-03T06:02:50.399510+00:00,2026-07-03T06:02:50.399443,2,1,112.75,0.5,112.5,100,112.4,150,,,,,,,,,,,,,,,,,113.0,100,,,,,,,,,,,,,,,,,,
2026-07-03T06:02:50.435290+00:00,2026-07-03T06:02:50.435168,2,1,112.75,0.5,112.5,100,112.4,150,,,,,,,,,,,,,,,,,113.0,50,,,,,,,,,,,,,,,,,,
2026-07-03T06:02:50.469076+00:00,2026-07-03T06:02:50.469047,2,2,112.7,0.4,112.5,100,112.4,150,,,,,,,,,,,,,,,,,112.9,150,113.0,50,,,,,,,,,,,,,,,,
2026-07-03T06:02:50.901868+00:00,2026-07-03T06:02:50.901761,2,1,112.7,0.4,112.5,100,112.4,150,,,,,,,,,,,,,,,,,112.9,150,,,,,,,,,,,,,,,,,,
2026-07-03T06:02:50.907105+00:00,2026-07-03T06:02:50.906938,1,1,112.65,0.5,112.4,150,,,,,,,,,,,,,,,,,,,112.9,150,,,,,,,,,,,,,,,,,,
2026-07-03T06:02:50.958582+00:00,2026-07-03T06:02:50.954891,1,1,112.65,0.5,112.4,250,,,,,,,,,,,,,,,,,,,112.9,150,,,,,,,,,,,,,,,,,,
2026-07-03T06:02:51.012754+00:00,2026-07-03T06:02:51.012655,1,1,112.65,0.5,112.4,250,,,,,,,,,,,,,,,,,,,112.9,250,,,,,,,,,,,,,,,,,,
2026-07-03T06:02:51.340431+00:00,2026-07-03T06:02:51.340578,1,1,112.65,0.5,112.4,204,,,,,,,,,,,,,,,,,,,112.9,250,,,,,,,,,,,,,,,,,,
2026-07-03T06:02:51.989986+00:00,2026-07-03T06:02:51.989878,1,1,112.65,0.5,112.4,204,,,,,,,,,,,,,,,,,,,112.9,210,,,,,,,,,,,,,,,,,,
2026-07-03T06:02:52.591119+00:00,2026-07-03T06:02:52.591014,1,1,112.65,0.5,112.4,154,,,,,,,,,,,,,,,,,,,112.9,210,,,,,,,,,,,,,,,,,,
2026-07-03T06:02:53.525887+00:00,2026-07-03T06:02:53.525801,1,1,112.65,0.5,112.4,100,,,,,,,,,,,,,,,,,,,112.9,100,,,,,,,,,,,,,,,,,,
2026-07-03T06:02:53.578101+00:00,2026-07-03T06:02:53.577942,2,1,112.65,0.5,112.4,100,112.3,150,,,,,,,,,,,,,,,,,112.9,100,,,,,,,,,,,,,,,,,,
2026-07-03T06:02:53.634843+00:00,2026-07-03T06:02:53.634941,2,2,112.6,0.4,112.4,100,112.3,150,,,,,,,,,,,,,,,,,112.8,150,112.9,100,,,,,,,,,,,,,,,,
2026-07-03T06:02:54.066592+00:00,2026-07-03T06:02:54.066472,1,1,112.55,0.5,112.3,150,,,,,,,,,,,,,,,,,,,112.8,150,,,,,,,,,,,,,,,,,,
2026-07-03T06:02:54.123547+00:00,2026-07-03T06:02:54.123725,2,1,112.6,0.4,112.4,100,112.3,150,,,,,,,,,,,,,,,,,112.8,150,,,,,,,,,,,,,,,,,,
2026-07-03T06:02:54.173915+00:00,2026-07-03T06:02:54.173848,2,2,112.6,0.4,112.4,100,112.3,150,,,,,,,,,,,,,,,,,112.8,150,112.9,100,,,,,,,,,,,,,,,,
2026-07-03T06:02:56.558561+00:00,2026-07-03T06:02:56.556410,2,2,112.6,0.4,112.4,100,112.3,150,,,,,,,,,,,,,,,,,112.8,103,112.9,100,,,,,,,,,,,,,,,,
2026-07-03T06:02:56.690113+00:00,2026-07-03T06:02:56.690014,1,1,112.65,0.5,112.4,100,,,,,,,,,,,,,,,,,,,112.9,100,,,,,,,,,,,,,,,,,,
2026-07-03T06:02:56.745828+00:00,2026-07-03T06:02:56.745798,2,1,112.7,0.4,112.5,150,112.4,100,,,,,,,,,,,,,,,,,112.9,100,,,,,,,,,,,,,,,,,,
2026-07-03T06:02:56.795468+00:00,2026-07-03T06:02:56.795369,2,2,112.7,0.4,112.5,150,112.4,100,,,,,,,,,,,,,,,,,112.9,100,113.0,150,,,,,,,,,,,,,,,,
2026-07-03T06:02:56.811152+00:00,2026-07-03T06:02:56.810948,2,2,112.7,0.4,112.5,100,112.4,100,,,,,,,,,,,,,,,,,112.9,100,113.0,150,,,,,,,,,,,,,,,,
2026-07-03T06:02:57.227375+00:00,2026-07-03T06:02:57.227492,1,1,112.75,0.5,112.5,100,,,,,,,,,,,,,,,,,,,113.0,150,,,,,,,,,,,,,,,,,,
2026-07-03T06:02:57.281895+00:00,2026-07-03T06:02:57.281811,2,1,112.75,0.5,112.5,100,112.4,100,,,,,,,,,,,,,,,,,113.0,150,,,,,,,,,,,,,,,,,,
2026-07-03T06:02:57.335057+00:00,2026-07-03T06:02:57.334979,2,2,112.7,0.4,112.5,100,112.4,100,,,,,,,,,,,,,,,,,112.9,100,113.0,150,,,,,,,,,,,,,,,,
2026-07-03T06:02:58.935868+00:00,2026-07-03T06:02:58.935678,2,2,112.7,0.4,112.5,50,112.4,100,,,,,,,,,,,,,,,,,112.9,100,113.0,150,,,,,,,,,,,,,,,,
2026-07-03T06:02:59.851902+00:00,2026-07-03T06:02:59.851796,1,1,112.65,0.5,112.4,100,,,,,,,,,,,,,,,,,,,112.9,100,,,,,,,,,,,,,,,,,,
2026-07-03T06:02:59.906003+00:00,2026-07-03T06:02:59.905881,2,1,112.65,0.5,112.4,100,112.0,150,,,,,,,,,,,,,,,,,112.9,100,,,,,,,,,,,,,,,,,,
2026-07-03T06:02:59.954091+00:00,2026-07-03T06:02:59.954276,2,2,112.45,0.1,112.4,100,112.0,150,,,,,,,,,,,,,,,,,112.5,150,112.9,100,,,,,,,,,,,,,,,,
2026-07-03T06:02:59.967659+00:00,2026-07-03T06:02:59.962233,2,2,112.45,0.1,112.4,100,112.0,150,,,,,,,,,,,,,,,,,112.5,139,112.9,100,,,,,,,,,,,,,,,,
2026-07-03T06:03:00.388497+00:00,2026-07-03T06:03:00.388675,1,1,112.25,0.5,112.0,150,,,,,,,,,,,,,,,,,,,112.5,139,,,,,,,,,,,,,,,,,,
2026-07-03T06:03:00.441259+00:00,2026-07-03T06:03:00.441207,2,1,112.4,0.2,112.3,100,112.0,150,,,,,,,,,,,,,,,,,112.5,139,,,,,,,,,,,,,,,,,,
2026-07-03T06:03:00.501242+00:00,2026-07-03T06:03:00.501218,2,2,112.4,0.2,112.3,100,112.0,150,,,,,,,,,,,,,,,,,112.5,139,112.8,100,,,,,,,,,,,,,,,,
2026-07-03T06:03:01.039008+00:00,2026-07-03T06:03:01.038882,2,2,112.4,0.2,112.3,50,112.0,150,,,,,,,,,,,,,,,,,112.5,139,112.8,100,,,,,,,,,,,,,,,,
2026-07-03T06:03:02.613813+00:00,2026-07-03T06:03:02.608991,2,2,112.4,0.2,112.3,50,112.0,150,,,,,,,,,,,,,,,,,112.5,136,112.8,100,,,,,,,,,,,,,,,,
2026-07-03T06:03:02.669263+00:00,2026-07-03T06:03:02.669146,2,2,112.4,0.2,112.3,50,112.0,150,,,,,,,,,,,,,,,,,112.5,95,112.8,100,,,,,,,,,,,,,,,,
2026-07-03T06:03:02.724716+00:00,2026-07-03T06:03:02.724599,2,2,112.4,0.2,112.3,1,112.0,150,,,,,,,,,,,,,,,,,112.5,95,112.8,100,,,,,,,,,,,,,,,,
2026-07-03T06:03:03.012789+00:00,2026-07-03T06:03:03.012681,1,1,112.55,0.5,112.3,1,,,,,,,,,,,,,,,,,,,112.8,100,,,,,,,,,,,,,,,,,,
2026-07-03T06:03:03.069874+00:00,2026-07-03T06:03:03.069818,1,1,112.55,0.5,112.3,151,,,,,,,,,,,,,,,,,,,112.8,100,,,,,,,,,,,,,,,,,,
2026-07-03T06:03:03.117632+00:00,2026-07-03T06:03:03.117566,1,1,112.55,0.5,112.3,151,,,,,,,,,,,,,,,,,,,112.8,250,,,,,,,,,,,,,,,,,,
2026-07-03T06:03:03.169477+00:00,2026-07-03T06:03:03.169345,1,1,112.55,0.5,112.3,101,,,,,,,,,,,,,,,,,,,112.8,250,,,,,,,,,,,,,,,,,,
2026-07-03T06:03:03.185066+00:00,2026-07-03T06:03:03.184960,1,1,112.55,0.5,112.3,56,,,,,,,,,,,,,,,,,,,112.8,250,,,,,,,,,,,,,,,,,,
2026-07-03T06:03:03.558539+00:00,2026-07-03T06:03:03.555961,1,1,112.55,0.5,112.3,56,,,,,,,,,,,,,,,,,,,112.8,150,,,,,,,,,,,,,,,,,,
2026-07-03T06:03:03.609310+00:00,2026-07-03T06:03:03.609240,2,1,112.55,0.5,112.3,56,112.1,100,,,,,,,,,,,,,,,,,112.8,150,,,,,,,,,,,,,,,,,,
2026-07-03T06:03:03.658553+00:00,2026-07-03T06:03:03.657102,2,2,112.45,0.3,112.3,56,112.1,100,,,,,,,,,,,,,,,,,112.6,100,112.8,150,,,,,,,,,,,,,,,,
2026-07-03T06:03:05.227857+00:00,2026-07-03T06:03:05.227758,2,2,112.45,0.3,112.3,56,112.1,100,,,,,,,,,,,,,,,,,112.6,50,112.8,150,,,,,,,,,,,,,,,,
2026-07-03T06:03:06.175399+00:00,2026-07-03T06:03:06.175213,1,1,112.35,0.5,112.1,100,,,,,,,,,,,,,,,,,,,112.6,50,,,,,,,,,,,,,,,,,,
2026-07-03T06:03:06.227520+00:00,2026-07-03T06:03:06.227390,2,1,112.35,0.5,112.1,100,111.7,150,,,,,,,,,,,,,,,,,112.6,50,,,,,,,,,,,,,,,,,,
2026-07-03T06:03:06.283181+00:00,2026-07-03T06:03:06.283084,2,2,112.15,0.1,112.1,100,111.7,150,,,,,,,,,,,,,,,,,112.2,150,112.6,50,,,,,,,,,,,,,,,,
2026-07-03T06:03:06.715888+00:00,2026-07-03T06:03:06.715726,1,1,111.95,0.5,111.7,150,,,,,,,,,,,,,,,,,,,112.2,150,,,,,,,,,,,,,,,,,,
2026-07-03T06:03:06.770994+00:00,2026-07-03T06:03:06.770872,2,1,112.15,0.1,112.1,100,111.7,150,,,,,,,,,,,,,,,,,112.2,150,,,,,,,,,,,,,,,,,,
2026-07-03T06:03:06.829500+00:00,2026-07-03T06:03:06.829376,2,2,112.15,0.1,112.1,100,111.7,150,,,,,,,,,,,,,,,,,112.2,150,112.6,100,,,,,,,,,,,,,,,,
2026-07-03T06:03:07.385507+00:00,2026-07-03T06:03:07.385344,2,2,112.15,0.1,112.1,50,111.7,150,,,,,,,,,,,,,,,,,112.2,150,112.6,100,,,,,,,,,,,,,,,,
2026-07-03T06:03:07.612420+00:00,2026-07-03T06:03:07.612290,2,2,112.15,0.1,112.1,50,111.7,150,,,,,,,,,,,,,,,,,112.2,107,112.6,100,,,,,,,,,,,,,,,,
2026-07-03T06:03:08.593174+00:00,2026-07-03T06:03:08.593039,2,2,112.15,0.1,112.1,50,111.7,150,,,,,,,,,,,,,,,,,112.2,67,112.6,100,,,,,,,,,,,,,,,,
2026-07-03T06:03:09.336458+00:00,2026-07-03T06:03:09.336575,1,1,112.35,0.5,112.1,50,,,,,,,,,,,,,,,,,,,112.6,100,,,,,,,,,,,,,,,,,,
2026-07-03T06:03:09.391191+00:00,2026-07-03T06:03:09.391110,2,1,112.35,0.5,112.1,50,112.0,150,,,,,,,,,,,,,,,,,112.6,100,,,,,,,,,,,,,,,,,,
2026-07-03T06:03:09.441737+00:00,2026-07-03T06:03:09.441643,2,2,112.3,0.4,112.1,50,112.0,150,,,,,,,,,,,,,,,,,112.5,150,112.6,100,,,,,,,,,,,,,,,,
2026-07-03T06:03:09.492261+00:00,2026-07-03T06:03:09.492148,1,2,112.25,0.5,112.0,150,,,,,,,,,,,,,,,,,,,112.5,150,112.6,100,,,,,,,,,,,,,,,,
2026-07-03T06:03:09.879433+00:00,2026-07-03T06:03:09.879315,1,1,112.25,0.5,112.0,150,,,,,,,,,,,,,,,,,,,112.5,150,,,,,,,,,,,,,,,,,,
2026-07-03T06:03:09.933969+00:00,2026-07-03T06:03:09.933894,2,1,112.25,0.5,112.0,150,111.8,100,,,,,,,,,,,,,,,,,112.5,150,,,,,,,,,,,,,,,,,,
2026-07-03T06:03:09.987997+00:00,2026-07-03T06:03:09.987954,2,2,112.15,0.3,112.0,150,111.8,100,,,,,,,,,,,,,,,,,112.3,100,112.5,150,,,,,,,,,,,,,,,,
2026-07-03T06:03:11.601582+00:00,2026-07-03T06:03:11.601527,2,2,112.15,0.3,112.0,100,111.8,100,,,,,,,,,,,,,,,,,112.3,100,112.5,150,,,,,,,,,,,,,,,,
2026-07-03T06:03:12.068573+00:00,2026-07-03T06:03:12.068503,2,2,112.15,0.3,112.0,58,111.8,100,,,,,,,,,,,,,,,,,112.3,100,112.5,150,,,,,,,,,,,,,,,,
2026-07-03T06:03:12.493877+00:00,2026-07-03T06:03:12.493759,1,1,112.05,0.5,111.8,100,,,,,,,,,,,,,,,,,,,112.3,100,,,,,,,,,,,,,,,,,,
2026-07-03T06:03:12.547239+00:00,2026-07-03T06:03:12.547166,2,1,112.05,0.5,111.8,100,111.7,150,,,,,,,,,,,,,,,,,112.3,100,,,,,,,,,,,,,,,,,,
2026-07-03T06:03:12.603792+00:00,2026-07-03T06:03:12.603700,2,2,112.0,0.4,111.8,100,111.7,150,,,,,,,,,,,,,,,,,112.2,150,112.3,100,,,,,,,,,,,,,,,,
2026-07-03T06:03:13.058732+00:00,2026-07-03T06:03:13.043168,1,1,111.95,0.5,111.7,150,,,,,,,,,,,,,,,,,,,112.2,150,,,,,,,,,,,,,,,,,,
2026-07-03T06:03:13.101616+00:00,2026-07-03T06:03:13.101557,2,1,112.0,0.4,111.8,100,111.7,150,,,,,,,,,,,,,,,,,112.2,150,,,,,,,,,,,,,,,,,,
2026-07-03T06:03:13.106868+00:00,2026-07-03T06:03:13.106744,2,1,112.0,0.4,111.8,100,111.7,150,,,,,,,,,,,,,,,,,112.2,105,,,,,,,,,,,,,,,,,,
2026-07-03T06:03:13.150578+00:00,2026-07-03T06:03:13.150498,2,2,112.0,0.4,111.8,100,111.7,150,,,,,,,,,,,,,,,,,112.2,105,112.3,100,,,,,,,,,,,,,,,,
2026-07-03T06:03:13.537667+00:00,2026-07-03T06:03:13.537498,2,2,112.0,0.4,111.8,78,111.7,150,,,,,,,,,,,,,,,,,112.2,105,112.3,100,,,,,,,,,,,,,,,,
2026-07-03T06:03:13.706532+00:00,2026-07-03T06:03:13.706455,2,2,112.0,0.4,111.8,28,111.7,150,,,,,,,,,,,,,,,,,112.2,105,112.3,100,,,,,,,,,,,,,,,,
2026-07-03T06:03:14.136519+00:00,2026-07-03T06:03:14.136365,1,2,111.95,0.5,111.7,138,,,,,,,,,,,,,,,,,,,112.2,105,112.3,100,,,,,,,,,,,,,,,,
2026-07-03T06:03:15.658635+00:00,2026-07-03T06:03:15.656470,0,1,,,,,,,,,,,,,,,,,,,,,,,112.3,100,,,,,,,,,,,,,,,,,,
2026-07-03T06:03:15.711578+00:00,2026-07-03T06:03:15.711488,1,1,112.1,0.4,111.9,150,,,,,,,,,,,,,,,,,,,112.3,100,,,,,,,,,,,,,,,,,,
2026-07-03T06:03:15.764370+00:00,2026-07-03T06:03:15.764520,1,2,112.1,0.4,111.9,150,,,,,,,,,,,,,,,,,,,112.3,50,112.4,150,,,,,,,,,,,,,,,,
2026-07-03T06:03:15.858589+00:00,2026-07-03T06:03:15.856355,1,2,112.1,0.4,111.9,150,,,,,,,,,,,,,,,,,,,112.3,4,112.4,150,,,,,,,,,,,,,,,,
2026-07-03T06:03:16.207647+00:00,2026-07-03T06:03:16.207587,1,1,112.15,0.5,111.9,150,,,,,,,,,,,,,,,,,,,112.4,150,,,,,,,,,,,,,,,,,,
2026-07-03T06:03:16.258641+00:00,2026-07-03T06:03:16.257070,2,1,112.15,0.5,111.9,150,111.7,100,,,,,,,,,,,,,,,,,112.4,150,,,,,,,,,,,,,,,,,,
2026-07-03T06:03:16.318136+00:00,2026-07-03T06:03:16.318018,2,2,112.05,0.3,111.9,150,111.7,100,,,,,,,,,,,,,,,,,112.2,100,112.4,150,,,,,,,,,,,,,,,,
2026-07-03T06:03:18.818432+00:00,2026-07-03T06:03:18.818394,2,1,112.05,0.3,111.9,150,111.7,100,,,,,,,,,,,,,,,,,112.2,100,,,,,,,,,,,,,,,,,,
2026-07-03T06:03:18.823675+00:00,2026-07-03T06:03:18.823566,1,1,111.95,0.5,111.7,100,,,,,,,,,,,,,,,,,,,112.2,100,,,,,,,,,,,,,,,,,,
2026-07-03T06:03:18.876337+00:00,2026-07-03T06:03:18.876278,2,1,111.95,0.5,111.7,100,111.5,150,,,,,,,,,,,,,,,,,112.2,100,,,,,,,,,,,,,,,,,,
2026-07-03T06:03:18.932586+00:00,2026-07-03T06:03:18.932533,2,2,111.85,0.3,111.7,100,111.5,150,,,,,,,,,,,,,,,,,112.0,150,112.2,100,,,,,,,,,,,,,,,,
2026-07-03T06:03:19.373812+00:00,2026-07-03T06:03:19.373768,1,1,111.75,0.5,111.5,150,,,,,,,,,,,,,,,,,,,112.0,150,,,,,,,,,,,,,,,,,,
2026-07-03T06:03:19.425407+00:00,2026-07-03T06:03:19.425494,1,1,111.75,0.5,111.5,250,,,,,,,,,,,,,,,,,,,112.0,150,,,,,,,,,,,,,,,,,,
2026-07-03T06:03:19.479859+00:00,2026-07-03T06:03:19.479779,1,1,111.75,0.5,111.5,250,,,,,,,,,,,,,,,,,,,112.0,250,,,,,,,,,,,,,,,,,,
2026-07-03T06:03:19.980530+00:00,2026-07-03T06:03:19.980478,1,1,111.75,0.5,111.5,250,,,,,,,,,,,,,,,,,,,112.0,200,,,,,,,,,,,,,,,,,,
2026-07-03T06:03:21.451065+00:00,2026-07-03T06:03:21.450992,1,1,111.75,0.5,111.5,203,,,,,,,,,,,,,,,,,,,112.0,200,,,,,,,,,,,,,,,,,,
2026-07-03T06:03:21.958602+00:00,2026-07-03T06:03:21.956314,1,1,111.75,0.5,111.5,203,,,,,,,,,,,,,,,,,,,112.0,157,,,,,,,,,,,,,,,,,,
2026-07-03T06:03:22.000190+00:00,2026-07-03T06:03:22.000046,1,1,111.75,0.5,111.5,203,,,,,,,,,,,,,,,,,,,112.0,100,,,,,,,,,,,,,,,,,,
2026-07-03T06:03:22.005384+00:00,2026-07-03T06:03:22.005196,1,1,111.75,0.5,111.5,100,,,,,,,,,,,,,,,,,,,112.0,100,,,,,,,,,,,,,,,,,,
2026-07-03T06:03:22.058660+00:00,2026-07-03T06:03:22.052251,2,1,111.95,0.1,111.9,150,111.5,100,,,,,,,,,,,,,,,,,112.0,100,,,,,,,,,,,,,,,,,,
2026-07-03T06:03:22.085596+00:00,2026-07-03T06:03:22.085544,2,1,111.95,0.1,111.9,150,111.5,100,,,,,,,,,,,,,,,,,112.0,50,,,,,,,,,,,,,,,,,,
2026-07-03T06:03:22.111784+00:00,2026-07-03T06:03:22.111684,2,2,111.95,0.1,111.9,150,111.5,100,,,,,,,,,,,,,,,,,112.0,50,112.4,150,,,,,,,,,,,,,,,,
2026-07-03T06:03:22.549503+00:00,2026-07-03T06:03:22.549402,1,1,112.15,0.5,111.9,150,,,,,,,,,,,,,,,,,,,112.4,150,,,,,,,,,,,,,,,,,,
2026-07-03T06:03:22.605681+00:00,2026-07-03T06:03:22.605762,1,1,112.15,0.5,111.9,250,,,,,,,,,,,,,,,,,,,112.4,150,,,,,,,,,,,,,,,,,,
2026-07-03T06:03:22.658576+00:00,2026-07-03T06:03:22.652139,1,1,112.15,0.5,111.9,250,,,,,,,,,,,,,,,,,,,112.4,250,,,,,,,,,,,,,,,,,,
2026-07-03T06:03:23.152813+00:00,2026-07-03T06:03:23.152760,1,1,112.15,0.5,111.9,206,,,,,,,,,,,,,,,,,,,112.4,250,,,,,,,,,,,,,,,,,,
2026-07-03T06:03:24.192879+00:00,2026-07-03T06:03:24.192835,1,1,112.15,0.5,111.9,206,,,,,,,,,,,,,,,,,,,112.4,200,,,,,,,,,,,,,,,,,,
2026-07-03T06:03:25.165824+00:00,2026-07-03T06:03:25.165717,1,1,112.15,0.5,111.9,100,,,,,,,,,,,,,,,,,,,112.4,100,,,,,,,,,,,,,,,,,,
2026-07-03T06:03:25.220244+00:00,2026-07-03T06:03:25.220103,1,1,112.15,0.5,111.9,250,,,,,,,,,,,,,,,,,,,112.4,100,,,,,,,,,,,,,,,,,,
2026-07-03T06:03:25.243254+00:00,2026-07-03T06:03:25.243364,1,1,112.15,0.5,111.9,250,,,,,,,,,,,,,,,,,,,112.4,57,,,,,,,,,,,,,,,,,,
2026-07-03T06:03:25.271944+00:00,2026-07-03T06:03:25.272062,1,1,112.15,0.5,111.9,250,,,,,,,,,,,,,,,,,,,112.4,207,,,,,,,,,,,,,,,,,,
2026-07-03T06:03:25.297572+00:00,2026-07-03T06:03:25.297697,1,1,112.15,0.5,111.9,210,,,,,,,,,,,,,,,,,,,112.4,207,,,,,,,,,,,,,,,,,,
2026-07-03T06:03:25.716110+00:00,2026-07-03T06:03:25.716012,1,1,112.15,0.5,111.9,150,,,,,,,,,,,,,,,,,,,112.4,150,,,,,,,,,,,,,,,,,,
2026-07-03T06:03:25.770397+00:00,2026-07-03T06:03:25.770287,2,1,112.15,0.5,111.9,150,111.5,100,,,,,,,,,,,,,,,,,112.4,150,,,,,,,,,,,,,,,,,,
2026-07-03T06:03:25.823420+00:00,2026-07-03T06:03:25.823305,2,2,111.95,0.1,111.9,150,111.5,100,,,,,,,,,,,,,,,,,112.0,100,112.4,150,,,,,,,,,,,,,,,,
2026-07-03T06:03:26.299340+00:00,2026-07-03T06:03:26.299305,2,2,111.95,0.1,111.9,150,111.5,100,,,,,,,,,,,,,,,,,112.0,50,112.4,150,,,,,,,,,,,,,,,,
2026-07-03T06:03:28.327197+00:00,2026-07-03T06:03:28.327164,1,1,111.75,0.5,111.5,100,,,,,,,,,,,,,,,,,,,112.0,50,,,,,,,,,,,,,,,,,,
2026-07-03T06:03:28.380112+00:00,2026-07-03T06:03:28.380029,2,1,111.85,0.3,111.7,150,111.5,100,,,,,,,,,,,,,,,,,112.0,50,,,,,,,,,,,,,,,,,,
2026-07-03T06:03:28.403755+00:00,2026-07-03T06:03:28.403698,2,0,,,111.7,150,111.5,100,,,,,,,,,,,,,,,,,,,,,,,,,,,,,,,,,,,,
2026-07-03T06:03:28.432435+00:00,2026-07-03T06:03:28.432374,2,1,111.95,0.5,111.7,150,111.5,100,,,,,,,,,,,,,,,,,112.2,150,,,,,,,,,,,,,,,,,,
2026-07-03T06:03:28.876996+00:00,2026-07-03T06:03:28.876925,1,1,111.95,0.5,111.7,150,,,,,,,,,,,,,,,,,,,112.2,150,,,,,,,,,,,,,,,,,,
2026-07-03T06:03:28.930410+00:00,2026-07-03T06:03:28.930372,2,1,112.05,0.3,111.9,100,111.7,150,,,,,,,,,,,,,,,,,112.2,150,,,,,,,,,,,,,,,,,,
2026-07-03T06:03:28.983382+00:00,2026-07-03T06:03:28.983495,2,2,112.05,0.3,111.9,100,111.7,150,,,,,,,,,,,,,,,,,112.2,150,112.4,100,,,,,,,,,,,,,,,,
2026-07-03T06:03:30.220791+00:00,2026-07-03T06:03:30.220751,2,2,112.05,0.3,111.9,58,111.7,150,,,,,,,,,,,,,,,,,112.2,150,112.4,100,,,,,,,,,,,,,,,,
2026-07-03T06:03:30.513229+00:00,2026-07-03T06:03:30.513089,2,2,112.05,0.3,111.9,58,111.7,150,,,,,,,,,,,,,,,,,112.2,100,112.4,100,,,,,,,,,,,,,,,,
2026-07-03T06:03:31.487328+00:00,2026-07-03T06:03:31.487251,1,1,112.15,0.5,111.9,58,,,,,,,,,,,,,,,,,,,112.4,100,,,,,,,,,,,,,,,,,,
2026-07-03T06:03:31.541620+00:00,2026-07-03T06:03:31.541588,2,1,112.15,0.5,111.9,58,111.8,150,,,,,,,,,,,,,,,,,112.4,100,,,,,,,,,,,,,,,,,,
2026-07-03T06:03:31.592758+00:00,2026-07-03T06:03:31.592681,2,2,112.1,0.4,111.9,58,111.8,150,,,,,,,,,,,,,,,,,112.3,150,112.4,100,,,,,,,,,,,,,,,,
2026-07-03T06:03:32.036994+00:00,2026-07-03T06:03:32.036886,1,1,112.05,0.5,111.8,150,,,,,,,,,,,,,,,,,,,112.3,150,,,,,,,,,,,,,,,,,,
2026-07-03T06:03:32.091818+00:00,2026-07-03T06:03:32.091688,2,1,112.05,0.5,111.8,150,111.6,100,,,,,,,,,,,,,,,,,112.3,150,,,,,,,,,,,,,,,,,,
2026-07-03T06:03:32.129000+00:00,2026-07-03T06:03:32.128900,2,1,112.05,0.5,111.8,150,111.6,100,,,,,,,,,,,,,,,,,112.3,103,,,,,,,,,,,,,,,,,,
2026-07-03T06:03:32.144217+00:00,2026-07-03T06:03:32.144292,2,2,111.95,0.3,111.8,150,111.6,100,,,,,,,,,,,,,,,,,112.1,100,112.3,103,,,,,,,,,,,,,,,,
2026-07-03T06:03:33.593465+00:00,2026-07-03T06:03:33.593555,2,2,111.95,0.3,111.8,150,111.6,100,,,,,,,,,,,,,,,,,112.1,78,112.3,103,,,,,,,,,,,,,,,,
2026-07-03T06:03:34.108287+00:00,2026-07-03T06:03:34.107990,2,2,111.95,0.3,111.8,104,111.6,100,,,,,,,,,,,,,,,,,112.1,78,112.3,103,,,,,,,,,,,,,,,,
2026-07-03T06:03:34.653117+00:00,2026-07-03T06:03:34.653278,1,1,111.85,0.5,111.6,100,,,,,,,,,,,,,,,,,,,112.1,78,,,,,,,,,,,,,,,,,,
2026-07-03T06:03:34.709245+00:00,2026-07-03T06:03:34.709220,2,1,111.9,0.4,111.7,150,111.6,100,,,,,,,,,,,,,,,,,112.1,78,,,,,,,,,,,,,,,,,,
2026-07-03T06:03:34.758591+00:00,2026-07-03T06:03:34.757390,2,2,111.9,0.4,111.7,150,111.6,100,,,,,,,,,,,,,,,,,112.1,78,112.2,150,,,,,,,,,,,,,,,,
2026-07-03T06:03:34.776215+00:00,2026-07-03T06:03:34.776071,2,2,111.9,0.4,111.7,100,111.6,100,,,,,,,,,,,,,,,,,112.1,78,112.2,150,,,,,,,,,,,,,,,,
2026-07-03T06:03:35.058676+00:00,2026-07-03T06:03:35.048018,2,2,111.9,0.4,111.7,56,111.6,100,,,,,,,,,,,,,,,,,112.1,78,112.2,150,,,,,,,,,,,,,,,,
2026-07-03T06:03:35.195978+00:00,2026-07-03T06:03:35.195944,1,1,111.95,0.5,111.7,56,,,,,,,,,,,,,,,,,,,112.2,150,,,,,,,,,,,,,,,,,,
2026-07-03T06:03:35.255940+00:00,2026-07-03T06:03:35.256127,2,1,111.95,0.5,111.7,56,111.6,100,,,,,,,,,,,,,,,,,112.2,150,,,,,,,,,,,,,,,,,,
2026-07-03T06:03:35.308645+00:00,2026-07-03T06:03:35.308756,2,2,111.9,0.4,111.7,56,111.6,100,,,,,,,,,,,,,,,,,112.1,100,112.2,150,,,,,,,,,,,,,,,,
2026-07-03T06:03:36.879311+00:00,2026-07-03T06:03:36.879215,2,2,111.9,0.4,111.7,6,111.6,100,,,,,,,,,,,,,,,,,112.1,100,112.2,150,,,,,,,,,,,,,,,,
2026-07-03T06:03:37.818781+00:00,2026-07-03T06:03:37.818728,1,1,111.85,0.5,111.6,100,,,,,,,,,,,,,,,,,,,112.1,100,,,,,,,,,,,,,,,,,,
2026-07-03T06:03:37.869308+00:00,2026-07-03T06:03:37.869416,2,1,111.85,0.5,111.6,100,111.0,150,,,,,,,,,,,,,,,,,112.1,100,,,,,,,,,,,,,,,,,,
2026-07-03T06:03:37.921608+00:00,2026-07-03T06:03:37.921546,1,2,111.25,0.5,111.0,150,,,,,,,,,,,,,,,,,,,111.5,50,112.1,100,,,,,,,,,,,,,,,,
2026-07-03T06:03:38.368863+00:00,2026-07-03T06:03:38.368766,1,1,111.25,0.5,111.0,150,,,,,,,,,,,,,,,,,,,111.5,50,,,,,,,,,,,,,,,,,,
2026-07-03T06:03:38.417364+00:00,2026-07-03T06:03:38.417293,2,1,111.35,0.3,111.2,100,111.0,150,,,,,,,,,,,,,,,,,111.5,50,,,,,,,,,,,,,,,,,,
2026-07-03T06:03:38.468894+00:00,2026-07-03T06:03:38.468850,2,2,111.35,0.3,111.2,100,111.0,150,,,,,,,,,,,,,,,,,111.5,50,111.7,100,,,,,,,,,,,,,,,,
2026-07-03T06:03:40.974970+00:00,2026-07-03T06:03:40.974930,2,1,111.45,0.5,111.2,100,111.0,150,,,,,,,,,,,,,,,,,111.7,100,,,,,,,,,,,,,,,,,,
2026-07-03T06:03:40.980162+00:00,2026-07-03T06:03:40.980088,1,1,111.45,0.5,111.2,100,,,,,,,,,,,,,,,,,,,111.7,100,,,,,,,,,,,,,,,,,,
2026-07-03T06:03:41.029957+00:00,2026-07-03T06:03:41.030030,2,1,111.55,0.3,111.4,150,111.2,100,,,,,,,,,,,,,,,,,111.7,100,,,,,,,,,,,,,,,,,,
2026-07-03T06:03:41.040585+00:00,2026-07-03T06:03:41.040440,2,1,111.55,0.3,111.4,150,111.2,100,,,,,,,,,,,,,,,,,111.7,50,,,,,,,,,,,,,,,,,,
2026-07-03T06:03:41.080814+00:00,2026-07-03T06:03:41.080717,2,2,111.55,0.3,111.4,150,111.2,100,,,,,,,,,,,,,,,,,111.7,50,111.9,150,,,,,,,,,,,,,,,,
2026-07-03T06:03:41.523777+00:00,2026-07-03T06:03:41.523664,1,1,111.65,0.5,111.4,150,,,,,,,,,,,,,,,,,,,111.9,150,,,,,,,,,,,,,,,,,,
2026-07-03T06:03:41.576328+00:00,2026-07-03T06:03:41.576195,1,1,111.65,0.5,111.4,250,,,,,,,,,,,,,,,,,,,111.9,150,,,,,,,,,,,,,,,,,,
2026-07-03T06:03:41.629208+00:00,2026-07-03T06:03:41.629294,1,1,111.65,0.5,111.4,250,,,,,,,,,,,,,,,,,,,111.9,250,,,,,,,,,,,,,,,,,,
2026-07-03T06:03:43.159118+00:00,2026-07-03T06:03:43.159059,1,1,111.65,0.5,111.4,250,,,,,,,,,,,,,,,,,,,111.9,200,,,,,,,,,,,,,,,,,,
2026-07-03T06:03:43.317395+00:00,2026-07-03T06:03:43.317206,1,1,111.65,0.5,111.4,250,,,,,,,,,,,,,,,,,,,111.9,154,,,,,,,,,,,,,,,,,,
2026-07-03T06:03:44.134198+00:00,2026-07-03T06:03:44.134323,1,1,111.65,0.5,111.4,250,,,,,,,,,,,,,,,,,,,111.9,100,,,,,,,,,,,,,,,,,,
2026-07-03T06:03:44.139394+00:00,2026-07-03T06:03:44.139486,1,1,111.65,0.5,111.4,100,,,,,,,,,,,,,,,,,,,111.9,100,,,,,,,,,,,,,,,,,,
2026-07-03T06:03:44.190029+00:00,2026-07-03T06:03:44.189952,2,0,,,112.1,50,111.4,100,,,,,,,,,,,,,,,,,,,,,,,,,,,,,,,,,,,,
2026-07-03T06:03:44.243374+00:00,2026-07-03T06:03:44.243299,2,1,112.35,0.5,112.1,50,111.4,100,,,,,,,,,,,,,,,,,112.6,150,,,,,,,,,,,,,,,,,,
2026-07-03T06:03:44.353070+00:00,2026-07-03T06:03:44.353313,2,1,112.35,0.5,112.1,4,111.4,100,,,,,,,,,,,,,,,,,112.6,150,,,,,,,,,,,,,,,,,,
2026-07-03T06:03:44.683369+00:00,2026-07-03T06:03:44.683258,1,1,112.35,0.5,112.1,4,,,,,,,,,,,,,,,,,,,112.6,150,,,,,,,,,,,,,,,,,,
2026-07-03T06:03:44.737086+00:00,2026-07-03T06:03:44.737235,2,1,112.35,0.5,112.1,4,112.0,100,,,,,,,,,,,,,,,,,112.6,150,,,,,,,,,,,,,,,,,,
2026-07-03T06:03:44.789730+00:00,2026-07-03T06:03:44.789573,2,2,112.3,0.4,112.1,4,112.0,100,,,,,,,,,,,,,,,,,112.5,100,112.6,150,,,,,,,,,,,,,,,,
2026-07-03T06:03:46.307632+00:00,2026-07-03T06:03:46.302272,2,2,112.3,0.4,112.1,1,112.0,100,,,,,,,,,,,,,,,,,112.5,100,112.6,150,,,,,,,,,,,,,,,,
2026-07-03T06:03:47.303046+00:00,2026-07-03T06:03:47.302977,1,1,112.25,0.5,112.0,100,,,,,,,,,,,,,,,,,,,112.5,100,,,,,,,,,,,,,,,,,,
2026-07-03T06:03:47.374161+00:00,2026-07-03T06:03:47.374103,2,1,112.3,0.4,112.1,150,112.0,100,,,,,,,,,,,,,,,,,112.5,100,,,,,,,,,,,,,,,,,,
2026-07-03T06:03:47.423918+00:00,2026-07-03T06:03:47.423809,2,2,112.3,0.4,112.1,150,112.0,100,,,,,,,,,,,,,,,,,112.5,100,112.6,150,,,,,,,,,,,,,,,,
2026-07-03T06:03:47.842928+00:00,2026-07-03T06:03:47.842797,1,1,112.35,0.5,112.1,150,,,,,,,,,,,,,,,,,,,112.6,150,,,,,,,,,,,,,,,,,,
2026-07-03T06:03:47.896812+00:00,2026-07-03T06:03:47.896892,2,1,112.45,0.3,112.3,100,112.1,150,,,,,,,,,,,,,,,,,112.6,150,,,,,,,,,,,,,,,,,,
2026-07-03T06:03:47.974535+00:00,2026-07-03T06:03:47.974393,2,2,112.45,0.3,112.3,100,112.1,150,,,,,,,,,,,,,,,,,112.6,150,112.8,100,,,,,,,,,,,,,,,,
2026-07-03T06:03:49.528046+00:00,2026-07-03T06:03:49.527967,2,2,112.45,0.3,112.3,50,112.1,150,,,,,,,,,,,,,,,,,112.6,150,112.8,100,,,,,,,,,,,,,,,,
2026-07-03T06:03:50.169384+00:00,2026-07-03T06:03:50.169520,2,2,112.45,0.3,112.3,50,112.1,150,,,,,,,,,,,,,,,,,112.6,110,112.8,100,,,,,,,,,,,,,,,,
2026-07-03T06:03:50.477570+00:00,2026-07-03T06:03:50.477492,1,1,112.55,0.5,112.3,50,,,,,,,,,,,,,,,,,,,112.8,100,,,,,,,,,,,,,,,,,,
2026-07-03T06:03:50.535616+00:00,2026-07-03T06:03:50.535530,2,1,112.55,0.5,112.3,50,111.9,150,,,,,,,,,,,,,,,,,112.8,100,,,,,,,,,,,,,,,,,,
2026-07-03T06:03:50.588722+00:00,2026-07-03T06:03:50.588605,2,2,112.35,0.1,112.3,50,111.9,150,,,,,,,,,,,,,,,,,112.4,150,112.8,100,,,,,,,,,,,,,,,,
2026-07-03T06:03:50.758815+00:00,2026-07-03T06:03:50.758671,2,2,112.35,0.1,112.3,6,111.9,150,,,,,,,,,,,,,,,,,112.4,150,112.8,100,,,,,,,,,,,,,,,,
2026-07-03T06:03:51.029021+00:00,2026-07-03T06:03:51.028965,1,1,112.15,0.5,111.9,150,,,,,,,,,,,,,,,,,,,112.4,150,,,,,,,,,,,,,,,,,,
2026-07-03T06:03:51.086328+00:00,2026-07-03T06:03:51.086253,1,1,112.15,0.5,111.9,250,,,,,,,,,,,,,,,,,,,112.4,150,,,,,,,,,,,,,,,,,,
2026-07-03T06:03:51.139027+00:00,2026-07-03T06:03:51.138884,1,1,112.15,0.5,111.9,250,,,,,,,,,,,,,,,,,,,112.4,250,,,,,,,,,,,,,,,,,,
2026-07-03T06:03:51.586412+00:00,2026-07-03T06:03:51.586503,1,1,112.15,0.5,111.9,250,,,,,,,,,,,,,,,,,,,112.4,200,,,,,,,,,,,,,,,,,,
2026-07-03T06:03:52.175639+00:00,2026-07-03T06:03:52.175506,1,1,112.15,0.5,111.9,250,,,,,,,,,,,,,,,,,,,112.4,152,,,,,,,,,,,,,,,,,,
2026-07-03T06:03:53.642723+00:00,2026-07-03T06:03:53.642636,1,1,112.15,0.5,111.9,100,,,,,,,,,,,,,,,,,,,112.4,100,,,,,,,,,,,,,,,,,,
2026-07-03T06:03:53.697492+00:00,2026-07-03T06:03:53.697429,2,1,112.25,0.3,112.1,150,111.9,100,,,,,,,,,,,,,,,,,112.4,50,,,,,,,,,,,,,,,,,,
2026-07-03T06:03:53.750563+00:00,2026-07-03T06:03:53.750484,2,2,112.25,0.3,112.1,150,111.9,100,,,,,,,,,,,,,,,,,112.4,50,112.6,150,,,,,,,,,,,,,,,,
2026-07-03T06:03:54.193774+00:00,2026-07-03T06:03:54.193681,1,1,112.35,0.5,112.1,150,,,,,,,,,,,,,,,,,,,112.6,150,,,,,,,,,,,,,,,,,,
2026-07-03T06:03:54.242617+00:00,2026-07-03T06:03:54.242712,2,1,112.4,0.4,112.2,100,112.1,150,,,,,,,,,,,,,,,,,112.6,150,,,,,,,,,,,,,,,,,,
2026-07-03T06:03:54.282583+00:00,2026-07-03T06:03:54.282463,2,1,112.4,0.4,112.2,100,112.1,150,,,,,,,,,,,,,,,,,112.6,107,,,,,,,,,,,,,,,,,,
2026-07-03T06:03:54.299569+00:00,2026-07-03T06:03:54.299475,2,2,112.4,0.4,112.2,100,112.1,150,,,,,,,,,,,,,,,,,112.6,107,112.7,100,,,,,,,,,,,,,,,,
2026-07-03T06:03:55.864128+00:00,2026-07-03T06:03:55.864303,2,2,112.4,0.4,112.2,50,112.1,150,,,,,,,,,,,,,,,,,112.6,107,112.7,100,,,,,,,,,,,,,,,,
2026-07-03T06:03:56.804688+00:00,2026-07-03T06:03:56.804482,1,1,112.45,0.5,112.2,50,,,,,,,,,,,,,,,,,,,112.7,100,,,,,,,,,,,,,,,,,,
2026-07-03T06:03:56.858674+00:00,2026-07-03T06:03:56.852389,2,1,112.65,0.1,112.6,150,112.2,50,,,,,,,,,,,,,,,,,112.7,100,,,,,,,,,,,,,,,,,,
2026-07-03T06:03:56.908973+00:00,2026-07-03T06:03:56.908894,2,2,112.65,0.1,112.6,150,112.2,50,,,,,,,,,,,,,,,,,112.7,100,113.1,150,,,,,,,,,,,,,,,,
2026-07-03T06:03:57.354070+00:00,2026-07-03T06:03:57.353975,1,1,112.85,0.5,112.6,150,,,,,,,,,,,,,,,,,,,113.1,150,,,,,,,,,,,,,,,,,,
2026-07-03T06:03:57.408943+00:00,2026-07-03T06:03:57.409051,2,1,112.85,0.5,112.6,150,112.1,100,,,,,,,,,,,,,,,,,113.1,150,,,,,,,,,,,,,,,,,,
2026-07-03T06:03:57.463651+00:00,2026-07-03T06:03:57.463803,2,1,112.85,0.5,112.6,50,112.1,100,,,,,,,,,,,,,,,,,113.1,150,,,,,,,,,,,,,,,,,,
2026-07-03T06:03:57.968053+00:00,2026-07-03T06:03:57.967920,1,1,112.6,1.0,112.1,100,,,,,,,,,,,,,,,,,,,113.1,150,,,,,,,,,,,,,,,,,,
2026-07-03T06:03:58.580412+00:00,2026-07-03T06:03:58.580341,1,1,112.6,1.0,112.1,53,,,,,,,,,,,,,,,,,,,113.1,150,,,,,,,,,,,,,,,,,,
2026-07-03T06:03:59.963829+00:00,2026-07-03T06:03:59.963731,1,0,,,112.1,53,,,,,,,,,,,,,,,,,,,,,,,,,,,,,,,,,,,,,,
2026-07-03T06:04:00.011340+00:00,2026-07-03T06:04:00.011267,2,0,,,112.1,53,111.8,150,,,,,,,,,,,,,,,,,,,,,,,,,,,,,,,,,,,,
2026-07-03T06:04:00.080010+00:00,2026-07-03T06:04:00.079935,2,1,112.2,0.2,112.1,3,111.8,150,,,,,,,,,,,,,,,,,112.3,150,,,,,,,,,,,,,,,,,,
2026-07-03T06:04:00.520253+00:00,2026-07-03T06:04:00.520163,1,1,112.05,0.5,111.8,150,,,,,,,,,,,,,,,,,,,112.3,150,,,,,,,,,,,,,,,,,,
2026-07-03T06:04:00.573821+00:00,2026-07-03T06:04:00.573729,2,1,112.15,0.3,112.0,100,111.8,150,,,,,,,,,,,,,,,,,112.3,150,,,,,,,,,,,,,,,,,,
2026-07-03T06:04:00.622760+00:00,2026-07-03T06:04:00.622902,2,2,112.15,0.3,112.0,100,111.8,150,,,,,,,,,,,,,,,,,112.3,150,112.5,100,,,,,,,,,,,,,,,,
2026-07-03T06:04:00.726503+00:00,2026-07-03T06:04:00.704689,2,2,112.15,0.3,112.0,100,111.8,150,,,,,,,,,,,,,,,,,112.3,147,112.5,100,,,,,,,,,,,,,,,,
2026-07-03T06:04:00.958560+00:00,2026-07-03T06:04:00.954109,2,2,112.15,0.3,112.0,100,111.8,150,,,,,,,,,,,,,,,,,112.3,104,112.5,100,,,,,,,,,,,,,,,,
2026-07-03T06:04:02.185409+00:00,2026-07-03T06:04:02.185315,2,2,112.15,0.3,112.0,50,111.8,150,,,,,,,,,,,,,,,,,112.3,104,112.5,100,,,,,,,,,,,,,,,,
2026-07-03T06:04:03.132742+00:00,2026-07-03T06:04:03.132653,1,1,112.25,0.5,112.0,50,,,,,,,,,,,,,,,,,,,112.5,100,,,,,,,,,,,,,,,,,,
2026-07-03T06:04:03.187048+00:00,2026-07-03T06:04:03.186951,2,1,112.4,0.2,112.3,150,112.0,50,,,,,,,,,,,,,,,,,112.5,100,,,,,,,,,,,,,,,,,,
2026-07-03T06:04:03.238865+00:00,2026-07-03T06:04:03.238799,2,2,112.4,0.2,112.3,150,112.0,50,,,,,,,,,,,,,,,,,112.5,100,112.8,150,,,,,,,,,,,,,,,,
2026-07-03T06:04:03.681293+00:00,2026-07-03T06:04:03.681204,1,1,112.55,0.5,112.3,150,,,,,,,,,,,,,,,,,,,112.8,150,,,,,,,,,,,,,,,,,,
2026-07-03T06:04:03.723863+00:00,2026-07-03T06:04:03.723699,1,1,112.55,0.5,112.3,107,,,,,,,,,,,,,,,,,,,112.8,150,,,,,,,,,,,,,,,,,,
2026-07-03T06:04:03.735289+00:00,2026-07-03T06:04:03.735172,2,1,112.55,0.5,112.3,107,112.1,100,,,,,,,,,,,,,,,,,112.8,150,,,,,,,,,,,,,,,,,,
2026-07-03T06:04:03.787679+00:00,2026-07-03T06:04:03.787624,2,2,112.45,0.3,112.3,107,112.1,100,,,,,,,,,,,,,,,,,112.6,100,112.8,150,,,,,,,,,,,,,,,,
2026-07-03T06:04:04.294129+00:00,2026-07-03T06:04:04.294268,2,2,112.45,0.3,112.3,57,112.1,100,,,,,,,,,,,,,,,,,112.6,100,112.8,150,,,,,,,,,,,,,,,,
2026-07-03T06:04:05.336440+00:00,2026-07-03T06:04:05.336311,2,2,112.45,0.3,112.3,57,112.1,100,,,,,,,,,,,,,,,,,112.6,59,112.8,150,,,,,,,,,,,,,,,,
2026-07-03T06:04:06.291925+00:00,2026-07-03T06:04:06.291876,1,1,112.35,0.5,112.1,100,,,,,,,,,,,,,,,,,,,112.6,59,,,,,,,,,,,,,,,,,,
2026-07-03T06:04:06.347169+00:00,2026-07-03T06:04:06.347262,2,1,112.35,0.5,112.1,100,111.9,150,,,,,,,,,,,,,,,,,112.6,59,,,,,,,,,,,,,,,,,,
2026-07-03T06:04:06.401099+00:00,2026-07-03T06:04:06.400937,2,2,112.25,0.3,112.1,50,111.9,150,,,,,,,,,,,,,,,,,112.4,150,112.6,59,,,,,,,,,,,,,,,,
2026-07-03T06:04:06.842092+00:00,2026-07-03T06:04:06.842029,1,1,112.15,0.5,111.9,150,,,,,,,,,,,,,,,,,,,112.4,150,,,,,,,,,,,,,,,,,,
2026-07-03T06:04:06.896028+00:00,2026-07-03T06:04:06.895906,2,1,112.25,0.3,112.1,100,111.9,150,,,,,,,,,,,,,,,,,112.4,150,,,,,,,,,,,,,,,,,,
2026-07-03T06:04:06.948439+00:00,2026-07-03T06:04:06.948384,2,2,112.25,0.3,112.1,100,111.9,150,,,,,,,,,,,,,,,,,112.4,150,112.6,100,,,,,,,,,,,,,,,,
2026-07-03T06:04:07.969394+00:00,2026-07-03T06:04:07.969656,2,2,112.25,0.3,112.1,54,111.9,150,,,,,,,,,,,,,,,,,112.4,150,112.6,100,,,,,,,,,,,,,,,,
2026-07-03T06:04:08.509286+00:00,2026-07-03T06:04:08.509426,2,2,112.25,0.3,112.1,4,111.9,150,,,,,,,,,,,,,,,,,112.4,150,112.6,100,,,,,,,,,,,,,,,,
2026-07-03T06:04:09.458620+00:00,2026-07-03T06:04:09.449947,1,1,112.35,0.5,112.1,4,,,,,,,,,,,,,,,,,,,112.6,100,,,,,,,,,,,,,,,,,,
2026-07-03T06:04:09.510952+00:00,2026-07-03T06:04:09.510919,1,1,112.35,0.5,112.1,154,,,,,,,,,,,,,,,,,,,112.6,100,,,,,,,,,,,,,,,,,,
2026-07-03T06:04:09.564355+00:00,2026-07-03T06:04:09.564223,1,1,112.35,0.5,112.1,154,,,,,,,,,,,,,,,,,,,112.6,250,,,,,,,,,,,,,,,,,,
2026-07-03T06:04:10.002137+00:00,2026-07-03T06:04:10.002058,1,1,112.35,0.5,112.1,150,,,,,,,,,,,,,,,,,,,112.6,150,,,,,,,,,,,,,,,,,,
2026-07-03T06:04:10.063924+00:00,2026-07-03T06:04:10.063798,2,1,112.35,0.5,112.1,150,111.9,100,,,,,,,,,,,,,,,,,112.6,150,,,,,,,,,,,,,,,,,,
2026-07-03T06:04:10.109474+00:00,2026-07-03T06:04:10.109338,2,2,112.25,0.3,112.1,150,111.9,100,,,,,,,,,,,,,,,,,112.4,100,112.6,150,,,,,,,,,,,,,,,,
2026-07-03T06:04:10.139293+00:00,2026-07-03T06:04:10.139099,2,2,112.25,0.3,112.1,150,111.9,100,,,,,,,,,,,,,,,,,112.4,52,112.6,150,,,,,,,,,,,,,,,,
2026-07-03T06:04:10.616863+00:00,2026-07-03T06:04:10.616715,2,2,112.25,0.3,112.1,100,111.9,100,,,,,,,,,,,,,,,,,112.4,52,112.6,150,,,,,,,,,,,,,,,,
2026-07-03T06:04:11.688091+00:00,2026-07-03T06:04:11.688012,2,2,112.25,0.3,112.1,54,111.9,100,,,,,,,,,,,,,,,,,112.4,52,112.6,150,,,,,,,,,,,,,,,,
2026-07-03T06:04:12.202754+00:00,2026-07-03T06:04:12.202702,2,2,112.25,0.3,112.1,54,111.9,100,,,,,,,,,,,,,,,,,112.4,3,112.6,150,,,,,,,,,,,,,,,,
2026-07-03T06:04:12.618503+00:00,2026-07-03T06:04:12.618393,1,1,112.15,0.5,111.9,100,,,,,,,,,,,,,,,,,,,112.4,3,,,,,,,,,,,,,,,,,,
2026-07-03T06:04:12.673428+00:00,2026-07-03T06:04:12.673510,2,1,112.15,0.5,111.9,100,111.7,150,,,,,,,,,,,,,,,,,112.4,3,,,,,,,,,,,,,,,,,,
2026-07-03T06:04:12.711212+00:00,2026-07-03T06:04:12.711352,2,0,,,111.9,100,111.7,150,,,,,,,,,,,,,,,,,,,,,,,,,,,,,,,,,,,,
2026-07-03T06:04:12.726572+00:00,2026-07-03T06:04:12.726483,2,1,112.05,0.3,111.9,100,111.7,150,,,,,,,,,,,,,,,,,112.2,150,,,,,,,,,,,,,,,,,,
2026-07-03T06:04:12.736594+00:00,2026-07-03T06:04:12.730649,2,1,112.05,0.3,111.9,100,111.7,150,,,,,,,,,,,,,,,,,112.2,136,,,,,,,,,,,,,,,,,,
2026-07-03T06:04:13.157508+00:00,2026-07-03T06:04:13.157715,1,1,111.95,0.5,111.7,150,,,,,,,,,,,,,,,,,,,112.2,136,,,,,,,,,,,,,,,,,,
2026-07-03T06:04:13.217600+00:00,2026-07-03T06:04:13.217538,1,1,111.95,0.5,111.7,150,,,,,,,,,,,,,,,,,,,112.2,36,,,,,,,,,,,,,,,,,,
2026-07-03T06:04:13.270475+00:00,2026-07-03T06:04:13.270363,1,2,111.95,0.5,111.7,150,,,,,,,,,,,,,,,,,,,112.2,36,112.7,100,,,,,,,,,,,,,,,,
2026-07-03T06:04:13.633016+00:00,2026-07-03T06:04:13.633186,1,1,112.2,1.0,111.7,150,,,,,,,,,,,,,,,,,,,112.7,95,,,,,,,,,,,,,,,,,,
2026-07-03T06:04:14.777685+00:00,2026-07-03T06:04:14.777819,1,1,112.2,1.0,111.7,150,,,,,,,,,,,,,,,,,,,112.7,45,,,,,,,,,,,,,,,,,,
2026-07-03T06:04:15.780137+00:00,2026-07-03T06:04:15.780015,0,1,,,,,,,,,,,,,,,,,,,,,,,112.7,45,,,,,,,,,,,,,,,,,,
2026-07-03T06:04:15.830142+00:00,2026-07-03T06:04:15.830044,1,1,112.5,0.4,112.3,150,,,,,,,,,,,,,,,,,,,112.7,45,,,,,,,,,,,,,,,,,,
2026-07-03T06:04:15.858657+00:00,2026-07-03T06:04:15.835333,1,1,112.5,0.4,112.3,107,,,,,,,,,,,,,,,,,,,112.7,45,,,,,,,,,,,,,,,,,,
2026-07-03T06:04:15.958910+00:00,2026-07-03T06:04:15.885068,1,2,112.5,0.4,112.3,107,,,,,,,,,,,,,,,,,,,112.7,45,112.8,150,,,,,,,,,,,,,,,,
2026-07-03T06:04:16.324776+00:00,2026-07-03T06:04:16.324655,1,1,112.55,0.5,112.3,107,,,,,,,,,,,,,,,,,,,112.8,150,,,,,,,,,,,,,,,,,,
