recv_time,book_timestamp,n_bids,n_asks,mid,spread,bid_px_0,bid_vol_0,bid_px_1,bid_vol_1,bid_px_2,bid_vol_2,bid_px_3,bid_vol_3,bid_px_4,bid_vol_4,bid_px_5,bid_vol_5,bid_px_6,bid_vol_6,bid_px_7,bid_vol_7,bid_px_8,bid_vol_8,bid_px_9,bid_vol_9,ask_px_0,ask_vol_0,ask_px_1,ask_vol_1,ask_px_2,ask_vol_2,ask_px_3,ask_vol_3,ask_px_4,ask_vol_4,ask_px_5,ask_vol_5,ask_px_6,ask_vol_6,ask_px_7,ask_vol_7,ask_px_8,ask_vol_8,ask_px_9,ask_vol_9
2026-06-29T06:00:00.477156+00:00,2026-06-29T16:00:00.473156,2,2,103.1,0.4,102.9,100,102.7,2,,,,,,,,,,,,,,,,,103.3,1,103.4,100,,,,,,,,,,,,,,,,
2026-06-29T06:00:00.543156+00:00,2026-06-29T16:00:00.535156,2,2,103.1,0.4,102.9,100,102.7,152,,,,,,,,,,,,,,,,,103.3,1,103.4,100,,,,,,,,,,,,,,,,
2026-06-29T06:00:00.554156+00:00,2026-06-29T16:00:00.544156,2,2,103.1,0.4,102.9,100,102.7,151,,,,,,,,,,,,,,,,,103.3,1,103.4,100,,,,,,,,,,,,,,,,
2026-06-29T06:00:00.587156+00:00,2026-06-29T16:00:00.582156,2,3,103.05,0.3,102.9,100,102.7,151,,,,,,,,,,,,,,,,,103.2,150,103.3,1,103.4,100,,,,,,,,,,,,,,
2026-06-29T06:00:01.038156+00:00,2026-06-29T16:00:01.035156,2,3,103.05,0.3,102.9,100,102.7,151,,,,,,,,,,,,,,,,,103.2,100,103.3,1,103.4,100,,,,,,,,,,,,,,
2026-06-29T06:00:01.819155+00:00,2026-06-29T16:00:01.808156,2,3,103.05,0.3,102.9,100,102.7,151,,,,,,,,,,,,,,,,,103.2,52,103.3,1,103.4,100,,,,,,,,,,,,,,
2026-06-29T06:00:02.644169+00:00,2026-06-29T16:00:02.641168,1,2,102.95,0.5,102.7,151,,,,,,,,,,,,,,,,,,,103.2,52,103.3,1,,,,,,,,,,,,,,,,
2026-06-29T06:00:02.699168+00:00,2026-06-29T16:00:02.694168,2,2,103.05,0.3,102.9,100,102.7,151,,,,,,,,,,,,,,,,,103.2,52,103.3,1,,,,,,,,,,,,,,,,
2026-06-29T06:00:02.754167+00:00,2026-06-29T16:00:02.747168,2,3,103.05,0.3,102.9,100,102.7,151,,,,,,,,,,,,,,,,,103.2,52,103.3,1,103.4,100,,,,,,,,,,,,,,
2026-06-29T06:00:02.941167+00:00,2026-06-29T16:00:02.938167,2,3,103.05,0.3,102.9,100,102.7,150,,,,,,,,,,,,,,,,,103.2,52,103.3,1,103.4,100,,,,,,,,,,,,,,
2026-06-29T06:00:02.952167+00:00,2026-06-29T16:00:02.945167,2,2,103.05,0.3,102.9,100,102.7,150,,,,,,,,,,,,,,,,,103.2,52,103.4,100,,,,,,,,,,,,,,,,
2026-06-29T06:00:02.963167+00:00,2026-06-29T16:00:02.962167,2,2,103.05,0.3,102.9,100,102.7,150,,,,,,,,,,,,,,,,,103.2,52,103.4,101,,,,,,,,,,,,,,,,
2026-06-29T06:00:02.974167+00:00,2026-06-29T16:00:02.966168,3,2,103.05,0.3,102.9,100,102.8,1,102.7,150,,,,,,,,,,,,,,,103.2,52,103.4,101,,,,,,,,,,,,,,,,
2026-06-29T06:00:03.095167+00:00,2026-06-29T16:00:03.091168,3,3,103.0,0.2,102.9,100,102.8,1,102.7,150,,,,,,,,,,,,,,,103.1,6,103.2,52,103.4,101,,,,,,,,,,,,,,
2026-06-29T06:00:03.161167+00:00,2026-06-29T16:00:03.151167,3,2,103.05,0.3,102.9,100,102.8,1,102.7,150,,,,,,,,,,,,,,,103.2,8,103.4,101,,,,,,,,,,,,,,,,
2026-06-29T06:00:03.645260+00:00,2026-06-29T16:00:03.640260,2,1,103.15,0.5,102.9,100,102.8,1,,,,,,,,,,,,,,,,,103.4,101,,,,,,,,,,,,,,,,,,
2026-06-29T06:00:03.700260+00:00,2026-06-29T16:00:03.689260,3,1,103.3,0.2,103.2,150,102.9,100,102.8,1,,,,,,,,,,,,,,,103.4,101,,,,,,,,,,,,,,,,,,
2026-06-29T06:00:03.744261+00:00,2026-06-29T16:00:03.743261,3,2,103.3,0.2,103.2,150,102.9,100,102.8,1,,,,,,,,,,,,,,,103.4,101,103.7,150,,,,,,,,,,,,,,,,
2026-06-29T06:00:04.107260+00:00,2026-06-29T16:00:04.103261,3,2,103.3,0.2,103.2,144,102.9,100,102.8,1,,,,,,,,,,,,,,,103.4,101,103.7,150,,,,,,,,,,,,,,,,
2026-06-29T06:00:04.667775+00:00,2026-06-29T16:00:04.661775,3,2,103.3,0.2,103.2,138,102.9,100,102.8,1,,,,,,,,,,,,,,,103.4,101,103.7,150,,,,,,,,,,,,,,,,
2026-06-29T06:00:05.041784+00:00,2026-06-29T16:00:05.039784,3,2,103.3,0.2,103.2,132,102.9,100,102.8,1,,,,,,,,,,,,,,,103.4,101,103.7,150,,,,,,,,,,,,,,,,
2026-06-29T06:00:05.833776+00:00,2026-06-29T16:00:05.831776,2,2,103.3,0.2,103.2,132,102.8,1,,,,,,,,,,,,,,,,,103.4,1,103.7,150,,,,,,,,,,,,,,,,
2026-06-29T06:00:05.888775+00:00,2026-06-29T16:00:05.881776,2,2,103.3,0.2,103.2,132,102.8,101,,,,,,,,,,,,,,,,,103.4,1,103.7,150,,,,,,,,,,,,,,,,
2026-06-29T06:00:05.943775+00:00,2026-06-29T16:00:05.937776,2,3,103.25,0.1,103.2,132,102.8,101,,,,,,,,,,,,,,,,,103.3,100,103.4,1,103.7,150,,,,,,,,,,,,,,
2026-06-29T06:00:06.031775+00:00,2026-06-29T16:00:06.025775,2,2,103.25,0.1,103.2,132,102.8,100,,,,,,,,,,,,,,,,,103.3,100,103.7,150,,,,,,,,,,,,,,,,
2026-06-29T06:00:06.042775+00:00,2026-06-29T16:00:06.036776,3,3,103.25,0.1,103.2,132,102.9,1,102.8,100,,,,,,,,,,,,,,,103.3,100,103.5,1,103.7,150,,,,,,,,,,,,,,
2026-06-29T06:00:06.108322+00:00,2026-06-29T16:00:06.105326,3,3,103.25,0.1,103.2,97,102.9,1,102.8,100,,,,,,,,,,,,,,,103.3,100,103.5,1,103.7,150,,,,,,,,,,,,,,
2026-06-29T06:00:06.141322+00:00,2026-06-29T16:00:06.136322,3,3,103.25,0.1,103.2,72,102.9,1,102.8,100,,,,,,,,,,,,,,,103.3,100,103.5,1,103.7,150,,,,,,,,,,,,,,
2026-06-29T06:00:06.163322+00:00,2026-06-29T16:00:06.154322,3,3,103.25,0.1,103.2,47,102.9,1,102.8,100,,,,,,,,,,,,,,,103.3,100,103.5,1,103.7,150,,,,,,,,,,,,,,
2026-06-29T06:00:06.196322+00:00,2026-06-29T16:00:06.195322,3,3,103.25,0.1,103.2,12,102.9,1,102.8,100,,,,,,,,,,,,,,,103.3,100,103.5,1,103.7,150,,,,,,,,,,,,,,
2026-06-29T06:00:06.306322+00:00,2026-06-29T16:00:06.296322,2,3,103.1,0.4,102.9,1,102.8,100,,,,,,,,,,,,,,,,,103.3,100,103.5,1,103.7,150,,,,,,,,,,,,,,
2026-06-29T06:00:06.383331+00:00,2026-06-29T16:00:06.375331,2,4,103.05,0.3,102.9,1,102.8,100,,,,,,,,,,,,,,,,,103.2,6,103.3,100,103.5,1,103.7,150,,,,,,,,,,,,
2026-06-29T06:00:06.669330+00:00,2026-06-29T16:00:06.663331,2,4,103.05,0.3,102.9,1,102.8,100,,,,,,,,,,,,,,,,,103.2,4,103.3,100,103.5,1,103.7,150,,,,,,,,,,,,
2026-06-29T06:00:06.680330+00:00,2026-06-29T16:00:06.677331,1,4,103.0,0.4,102.8,53,,,,,,,,,,,,,,,,,,,103.2,4,103.3,100,103.5,1,103.7,150,,,,,,,,,,,,
2026-06-29T06:00:06.801331+00:00,2026-06-29T16:00:06.797331,1,3,103.0,0.4,102.8,53,,,,,,,,,,,,,,,,,,,103.2,4,103.3,100,103.5,1,,,,,,,,,,,,,,
2026-06-29T06:00:06.856331+00:00,2026-06-29T16:00:06.850331,2,3,103.0,0.4,102.8,53,102.4,150,,,,,,,,,,,,,,,,,103.2,4,103.3,100,103.5,1,,,,,,,,,,,,,,
2026-06-29T06:00:06.911331+00:00,2026-06-29T16:00:06.903331,2,4,102.85,0.1,102.8,53,102.4,150,,,,,,,,,,,,,,,,,102.9,150,103.2,4,103.3,100,103.5,1,,,,,,,,,,,,
2026-06-29T06:00:06.933331+00:00,2026-06-29T16:00:06.931331,2,4,102.85,0.1,102.8,53,102.4,150,,,,,,,,,,,,,,,,,102.9,115,103.2,4,103.3,100,103.5,1,,,,,,,,,,,,
2026-06-29T06:00:07.032322+00:00,2026-06-29T16:00:07.023322,2,4,102.85,0.1,102.8,53,102.4,150,,,,,,,,,,,,,,,,,102.9,80,103.2,4,103.3,100,103.5,1,,,,,,,,,,,,
2026-06-29T06:00:07.076322+00:00,2026-06-29T16:00:07.071322,2,4,102.85,0.1,102.8,53,102.4,150,,,,,,,,,,,,,,,,,102.9,55,103.2,4,103.3,100,103.5,1,,,,,,,,,,,,
2026-06-29T06:00:07.098322+00:00,2026-06-29T16:00:07.091322,2,4,102.85,0.1,102.8,53,102.4,150,,,,,,,,,,,,,,,,,102.9,30,103.2,4,103.3,100,103.5,1,,,,,,,,,,,,
2026-06-29T06:00:07.120322+00:00,2026-06-29T16:00:07.116322,2,4,102.85,0.1,102.8,53,102.4,150,,,,,,,,,,,,,,,,,102.9,18,103.2,4,103.3,100,103.5,1,,,,,,,,,,,,
2026-06-29T06:00:07.417342+00:00,2026-06-29T16:00:07.411342,2,4,102.85,0.1,102.8,3,102.4,150,,,,,,,,,,,,,,,,,102.9,18,103.2,4,103.3,100,103.5,1,,,,,,,,,,,,
2026-06-29T06:00:07.670351+00:00,2026-06-29T16:00:07.666351,2,4,102.85,0.1,102.8,3,102.4,150,,,,,,,,,,,,,,,,,102.9,17,103.2,4,103.3,100,103.5,1,,,,,,,,,,,,
2026-06-29T06:00:08.669880+00:00,2026-06-29T16:00:08.665880,2,3,103.0,0.4,102.8,3,102.4,150,,,,,,,,,,,,,,,,,103.2,4,103.3,100,103.5,1,,,,,,,,,,,,,,
2026-06-29T06:00:08.977880+00:00,2026-06-29T16:00:08.968881,1,2,102.8,0.8,102.4,150,,,,,,,,,,,,,,,,,,,103.2,4,103.5,1,,,,,,,,,,,,,,,,
2026-06-29T06:00:09.010880+00:00,2026-06-29T16:00:09.003880,1,1,102.8,0.8,102.4,150,,,,,,,,,,,,,,,,,,,103.2,4,,,,,,,,,,,,,,,,,,
2026-06-29T06:00:09.032880+00:00,2026-06-29T16:00:09.026880,2,2,103.05,0.3,102.9,1,102.4,250,,,,,,,,,,,,,,,,,103.2,4,103.5,1,,,,,,,,,,,,,,,,
2026-06-29T06:00:09.087880+00:00,2026-06-29T16:00:09.077039,1,3,102.65,0.5,102.4,250,,,,,,,,,,,,,,,,,,,102.9,99,103.2,4,103.5,1,,,,,,,,,,,,,,
2026-06-29T06:00:09.120880+00:00,2026-06-29T16:00:09.116880,1,3,102.65,0.5,102.4,250,,,,,,,,,,,,,,,,,,,102.9,99,103.2,3,103.5,1,,,,,,,,,,,,,,
2026-06-29T06:00:09.538889+00:00,2026-06-29T16:00:09.532889,1,3,102.65,0.5,102.4,200,,,,,,,,,,,,,,,,,,,102.9,99,103.2,3,103.5,1,,,,,,,,,,,,,,
2026-06-29T06:00:09.967881+00:00,2026-06-29T16:00:09.957882,1,3,102.65,0.5,102.4,100,,,,,,,,,,,,,,,,,,,102.9,99,103.2,3,103.5,1,,,,,,,,,,,,,,
2026-06-29T06:00:10.022880+00:00,2026-06-29T16:00:10.012880,2,2,103.05,0.3,102.9,51,102.4,100,,,,,,,,,,,,,,,,,103.2,3,103.5,1,,,,,,,,,,,,,,,,
2026-06-29T06:00:10.077881+00:00,2026-06-29T16:00:10.066881,2,3,103.05,0.3,102.9,51,102.4,100,,,,,,,,,,,,,,,,,103.2,3,103.4,150,103.5,1,,,,,,,,,,,,,,
2026-06-29T06:00:11.639889+00:00,2026-06-29T16:00:11.632889,2,3,103.05,0.3,102.9,1,102.4,100,,,,,,,,,,,,,,,,,103.2,3,103.4,150,103.5,1,,,,,,,,,,,,,,
2026-06-29T06:00:12.035890+00:00,2026-06-29T16:00:12.034889,2,2,103.05,0.3,102.9,1,102.4,100,,,,,,,,,,,,,,,,,103.2,3,103.4,150,,,,,,,,,,,,,,,,
2026-06-29T06:00:12.046889+00:00,2026-06-29T16:00:12.044889,2,3,103.0,0.2,102.9,1,102.4,100,,,,,,,,,,,,,,,,,103.1,1,103.2,3,103.4,150,,,,,,,,,,,,,,
2026-06-29T06:00:12.057889+00:00,2026-06-29T16:00:12.049889,3,3,103.0,0.2,102.9,1,102.5,1,102.4,100,,,,,,,,,,,,,,,103.1,1,103.2,3,103.4,150,,,,,,,,,,,,,,
2026-06-29T06:00:12.134889+00:00,2026-06-29T16:00:12.130889,2,3,103.0,0.2,102.9,1,102.5,1,,,,,,,,,,,,,,,,,103.1,1,103.2,3,103.4,150,,,,,,,,,,,,,,
2026-06-29T06:00:12.189889+00:00,2026-06-29T16:00:12.186889,2,3,103.0,0.2,102.9,101,102.5,1,,,,,,,,,,,,,,,,,103.1,1,103.2,3,103.4,150,,,,,,,,,,,,,,
2026-06-29T06:00:12.244889+00:00,2026-06-29T16:00:12.241889,2,3,103.0,0.2,102.9,101,102.5,1,,,,,,,,,,,,,,,,,103.1,1,103.2,3,103.4,250,,,,,,,,,,,,,,
2026-06-29T06:00:13.124910+00:00,2026-06-29T16:00:13.122910,2,3,103.0,0.2,102.9,100,102.5,1,,,,,,,,,,,,,,,,,103.1,1,103.2,3,103.4,100,,,,,,,,,,,,,,
2026-06-29T06:00:13.179910+00:00,2026-06-29T16:00:13.175910,3,3,103.0,0.2,102.9,100,102.5,1,102.4,150,,,,,,,,,,,,,,,103.1,1,103.2,3,103.4,100,,,,,,,,,,,,,,
2026-06-29T06:00:13.234909+00:00,2026-06-29T16:00:13.229910,2,4,102.7,0.4,102.5,1,102.4,150,,,,,,,,,,,,,,,,,102.9,50,103.1,1,103.2,3,103.4,100,,,,,,,,,,,,
2026-06-29T06:00:13.751051+00:00,2026-06-29T16:00:13.743051,1,4,102.65,0.5,102.4,101,,,,,,,,,,,,,,,,,,,102.9,50,103.1,1,103.2,3,103.4,100,,,,,,,,,,,,
2026-06-29T06:00:13.839051+00:00,2026-06-29T16:00:13.830051,1,4,102.65,0.5,102.4,101,,,,,,,,,,,,,,,,,,,102.9,1,103.1,1,103.2,3,103.4,100,,,,,,,,,,,,
2026-06-29T06:00:15.071009+00:00,2026-06-29T16:00:15.062009,1,3,102.65,0.5,102.4,101,,,,,,,,,,,,,,,,,,,102.9,1,103.2,3,103.4,100,,,,,,,,,,,,,,
2026-06-29T06:00:15.082009+00:00,2026-06-29T16:00:15.080009,2,3,102.75,0.3,102.6,1,102.4,101,,,,,,,,,,,,,,,,,102.9,1,103.2,4,103.4,100,,,,,,,,,,,,,,
2026-06-29T06:00:15.302018+00:00,2026-06-29T16:00:15.293018,2,2,102.75,0.3,102.6,1,102.4,101,,,,,,,,,,,,,,,,,102.9,1,103.2,4,,,,,,,,,,,,,,,,
2026-06-29T06:00:15.346018+00:00,2026-06-29T16:00:15.345018,2,2,102.75,0.3,102.6,101,102.4,101,,,,,,,,,,,,,,,,,102.9,1,103.2,4,,,,,,,,,,,,,,,,
2026-06-29T06:00:15.401018+00:00,2026-06-29T16:00:15.398018,2,3,102.75,0.3,102.6,101,102.4,101,,,,,,,,,,,,,,,,,102.9,1,103.1,100,103.2,4,,,,,,,,,,,,,,
2026-06-29T06:00:15.808018+00:00,2026-06-29T16:00:15.801015,2,2,102.85,0.5,102.6,101,102.4,101,,,,,,,,,,,,,,,,,103.1,51,103.2,4,,,,,,,,,,,,,,,,
2026-06-29T06:00:16.093493+00:00,2026-06-29T16:00:16.090493,2,2,102.85,0.5,102.6,53,102.4,101,,,,,,,,,,,,,,,,,103.1,51,103.2,4,,,,,,,,,,,,,,,,
2026-06-29T06:00:16.225493+00:00,2026-06-29T16:00:16.215493,2,2,102.85,0.5,102.6,53,102.4,101,,,,,,,,,,,,,,,,,103.1,51,103.2,3,,,,,,,,,,,,,,,,
2026-06-29T06:00:16.291494+00:00,2026-06-29T16:00:16.283493,1,2,102.85,0.5,102.6,53,,,,,,,,,,,,,,,,,,,103.1,51,103.2,3,,,,,,,,,,,,,,,,
2026-06-29T06:00:16.346485+00:00,2026-06-29T16:00:16.337494,2,2,102.95,0.3,102.8,150,102.6,53,,,,,,,,,,,,,,,,,103.1,51,103.2,3,,,,,,,,,,,,,,,,
2026-06-29T06:00:16.401493+00:00,2026-06-29T16:00:16.390494,2,3,102.95,0.3,102.8,150,102.6,53,,,,,,,,,,,,,,,,,103.1,51,103.2,3,103.3,150,,,,,,,,,,,,,,
2026-06-29T06:00:16.984493+00:00,2026-06-29T16:00:16.976494,2,3,102.95,0.3,102.8,150,102.6,53,,,,,,,,,,,,,,,,,103.1,51,103.2,2,103.3,150,,,,,,,,,,,,,,
2026-06-29T06:00:18.095494+00:00,2026-06-29T16:00:18.092494,2,3,102.95,0.3,102.8,150,102.6,53,,,,,,,,,,,,,,,,,103.1,51,103.2,1,103.3,150,,,,,,,,,,,,,,
2026-06-29T06:00:18.106493+00:00,2026-06-29T16:00:18.104494,3,4,102.95,0.3,102.8,150,102.7,1,102.6,53,,,,,,,,,,,,,,,103.1,51,103.2,1,103.3,150,103.4,1,,,,,,,,,,,,
2026-06-29T06:00:18.139494+00:00,2026-06-29T16:00:18.138485,3,3,102.95,0.3,102.8,150,102.7,1,102.6,53,,,,,,,,,,,,,,,103.1,51,103.3,150,103.4,1,,,,,,,,,,,,,,
2026-06-29T06:00:18.216494+00:00,2026-06-29T16:00:18.208494,3,3,102.95,0.3,102.8,104,102.7,1,102.6,53,,,,,,,,,,,,,,,103.1,51,103.3,150,103.4,1,,,,,,,,,,,,,,
2026-06-29T06:00:18.458494+00:00,2026-06-29T16:00:18.453494,2,2,103.05,0.5,102.8,104,102.7,1,,,,,,,,,,,,,,,,,103.3,150,103.4,1,,,,,,,,,,,,,,,,
2026-06-29T06:00:18.513484+00:00,2026-06-29T16:00:18.506485,3,2,103.05,0.5,102.8,104,102.7,1,102.5,100,,,,,,,,,,,,,,,103.3,150,103.4,1,,,,,,,,,,,,,,,,
2026-06-29T06:00:18.568485+00:00,2026-06-29T16:00:18.565484,3,3,102.9,0.2,102.8,104,102.7,1,102.5,100,,,,,,,,,,,,,,,103.0,100,103.3,150,103.4,1,,,,,,,,,,,,,,
2026-06-29T06:00:18.666014+00:00,2026-06-29T16:00:18.663014,4,3,102.95,0.1,102.9,5,102.8,104,102.7,1,102.5,100,,,,,,,,,,,,,103.0,100,103.3,150,103.4,1,,,,,,,,,,,,,,
2026-06-29T06:00:19.249023+00:00,2026-06-29T16:00:19.240023,4,3,102.95,0.1,102.9,5,102.8,104,102.7,1,102.5,100,,,,,,,,,,,,,103.0,54,103.3,150,103.4,1,,,,,,,,,,,,,,
2026-06-29T06:00:19.447023+00:00,2026-06-29T16:00:19.443023,3,2,102.95,0.1,102.9,5,102.7,1,102.5,100,,,,,,,,,,,,,,,103.0,54,103.4,1,,,,,,,,,,,,,,,,
2026-06-29T06:00:19.501549+00:00,2026-06-29T16:00:19.495557,4,2,102.95,0.1,102.9,5,102.7,1,102.5,100,102.3,150,,,,,,,,,,,,,103.0,54,103.4,1,,,,,,,,,,,,,,,,
2026-06-29T06:00:19.556557+00:00,2026-06-29T16:00:19.549557,3,3,102.75,0.1,102.7,1,102.5,100,102.3,150,,,,,,,,,,,,,,,102.8,145,103.0,54,103.4,1,,,,,,,,,,,,,,
2026-06-29T06:00:20.062557+00:00,2026-06-29T16:00:20.061557,2,3,102.65,0.3,102.5,51,102.3,150,,,,,,,,,,,,,,,,,102.8,145,103.0,54,103.4,1,,,,,,,,,,,,,,
2026-06-29T06:00:21.129557+00:00,2026-06-29T16:00:21.128557,3,2,102.65,0.3,102.5,51,102.4,1,102.3,150,,,,,,,,,,,,,,,102.8,145,103.0,55,,,,,,,,,,,,,,,,
2026-06-29T06:00:21.646557+00:00,2026-06-29T16:00:21.637557,2,2,102.6,0.4,102.4,1,102.3,150,,,,,,,,,,,,,,,,,102.8,145,103.0,1,,,,,,,,,,,,,,,,
2026-06-29T06:00:21.712557+00:00,2026-06-29T16:00:21.702557,3,2,102.65,0.3,102.5,100,102.4,1,102.3,150,,,,,,,,,,,,,,,102.8,145,103.0,1,,,,,,,,,,,,,,,,
2026-06-29T06:00:21.756557+00:00,2026-06-29T16:00:21.753557,3,2,102.65,0.3,102.5,100,102.4,1,102.3,150,,,,,,,,,,,,,,,102.8,145,103.0,101,,,,,,,,,,,,,,,,
2026-06-29T06:00:22.130557+00:00,2026-06-29T16:00:22.124548,3,2,102.65,0.3,102.5,100,102.4,1,102.3,150,,,,,,,,,,,,,,,102.8,95,103.0,101,,,,,,,,,,,,,,,,
2026-06-29T06:00:22.185557+00:00,2026-06-29T16:00:22.178548,3,2,102.65,0.3,102.5,100,102.4,1,102.3,150,,,,,,,,,,,,,,,102.8,48,103.0,101,,,,,,,,,,,,,,,,
2026-06-29T06:00:22.240557+00:00,2026-06-29T16:00:22.232557,3,2,102.65,0.3,102.5,52,102.4,1,102.3,150,,,,,,,,,,,,,,,102.8,48,103.0,101,,,,,,,,,,,,,,,,
2026-06-29T06:00:22.625784+00:00,2026-06-29T16:00:22.622784,2,1,102.75,0.5,102.5,52,102.4,1,,,,,,,,,,,,,,,,,103.0,101,,,,,,,,,,,,,,,,,,
2026-06-29T06:00:22.691784+00:00,2026-06-29T16:00:22.687784,3,0,,,103.0,49,102.5,52,102.4,1,,,,,,,,,,,,,,,,,,,,,,,,,,,,,,,,,,
2026-06-29T06:00:22.735784+00:00,2026-06-29T16:00:22.724970,3,1,103.25,0.5,103.0,49,102.5,52,102.4,1,,,,,,,,,,,,,,,103.5,150,,,,,,,,,,,,,,,,,,
2026-06-29T06:00:24.142077+00:00,2026-06-29T16:00:24.139077,2,1,103.25,0.5,103.0,49,102.5,52,,,,,,,,,,,,,,,,,103.5,150,,,,,,,,,,,,,,,,,,
2026-06-29T06:00:24.153077+00:00,2026-06-29T16:00:24.152077,3,2,103.2,0.4,103.0,49,102.8,1,102.5,52,,,,,,,,,,,,,,,103.4,1,103.5,150,,,,,,,,,,,,,,,,
2026-06-29T06:00:24.230077+00:00,2026-06-29T16:00:24.226068,3,1,103.25,0.5,103.0,49,102.8,1,102.5,52,,,,,,,,,,,,,,,103.5,101,,,,,,,,,,,,,,,,,,
2026-06-29T06:00:24.812611+00:00,2026-06-29T16:00:24.806611,2,1,103.25,0.5,103.0,49,102.8,1,,,,,,,,,,,,,,,,,103.5,101,,,,,,,,,,,,,,,,,,
2026-06-29T06:00:24.867610+00:00,2026-06-29T16:00:24.859611,3,1,103.25,0.5,103.0,49,102.8,1,102.5,100,,,,,,,,,,,,,,,103.5,101,,,,,,,,,,,,,,,,,,
2026-06-29T06:00:24.922611+00:00,2026-06-29T16:00:24.915611,2,2,102.9,0.2,102.8,1,102.5,100,,,,,,,,,,,,,,,,,103.0,51,103.5,101,,,,,,,,,,,,,,,,
2026-06-29T06:00:25.747610+00:00,2026-06-29T16:00:25.739611,2,2,102.9,0.2,102.8,4,102.5,100,,,,,,,,,,,,,,,,,103.0,51,103.5,101,,,,,,,,,,,,,,,,
2026-06-29T06:00:25.769611+00:00,2026-06-29T16:00:25.765611,2,1,102.9,0.2,102.8,4,102.5,100,,,,,,,,,,,,,,,,,103.0,51,,,,,,,,,,,,,,,,,,
2026-06-29T06:00:25.824602+00:00,2026-06-29T16:00:25.818611,3,1,102.9,0.2,102.8,4,102.5,100,102.4,150,,,,,,,,,,,,,,,103.0,51,,,,,,,,,,,,,,,,,,
2026-06-29T06:00:25.890611+00:00,2026-06-29T16:00:25.883602,3,2,102.85,0.1,102.8,4,102.5,100,102.4,150,,,,,,,,,,,,,,,102.9,150,103.0,51,,,,,,,,,,,,,,,,
2026-06-29T06:00:26.759185+00:00,2026-06-29T16:00:26.756185,3,3,102.85,0.1,102.8,4,102.5,100,102.4,150,,,,,,,,,,,,,,,102.9,150,103.0,51,103.1,3,,,,,,,,,,,,,,
2026-06-29T06:00:27.177177+00:00,2026-06-29T16:00:27.175185,3,4,102.85,0.1,102.8,3,102.5,100,102.4,150,,,,,,,,,,,,,,,102.9,150,103.0,51,103.1,3,103.2,1,,,,,,,,,,,,
2026-06-29T06:00:27.188185+00:00,2026-06-29T16:00:27.182186,4,4,102.85,0.1,102.8,3,102.6,1,102.5,100,102.4,150,,,,,,,,,,,,,102.9,150,103.0,51,103.1,3,103.2,1,,,,,,,,,,,,
2026-06-29T06:00:27.760596+00:00,2026-06-29T16:00:27.753596,4,4,102.85,0.1,102.8,1,102.6,1,102.5,100,102.4,150,,,,,,,,,,,,,102.9,150,103.0,51,103.1,3,103.2,1,,,,,,,,,,,,
2026-06-29T06:00:27.980597+00:00,2026-06-29T16:00:27.972597,3,3,102.85,0.1,102.8,1,102.6,1,102.4,150,,,,,,,,,,,,,,,102.9,150,103.1,3,103.2,1,,,,,,,,,,,,,,
2026-06-29T06:00:28.035596+00:00,2026-06-29T16:00:28.025597,4,3,102.85,0.1,102.8,1,102.6,1,102.5,100,102.4,150,,,,,,,,,,,,,102.9,150,103.1,3,103.2,1,,,,,,,,,,,,,,
2026-06-29T06:00:28.079597+00:00,2026-06-29T16:00:28.078597,4,4,102.85,0.1,102.8,1,102.6,1,102.5,100,102.4,150,,,,,,,,,,,,,102.9,150,103.0,100,103.1,3,103.2,1,,,,,,,,,,,,
2026-06-29T06:00:28.090597+00:00,2026-06-29T16:00:28.080597,3,4,102.75,0.3,102.6,1,102.5,100,102.4,150,,,,,,,,,,,,,,,102.9,150,103.0,100,103.1,3,103.2,1,,,,,,,,,,,,
2026-06-29T06:00:28.398596+00:00,2026-06-29T16:00:28.395597,2,4,102.7,0.4,102.5,61,102.4,150,,,,,,,,,,,,,,,,,102.9,150,103.0,100,103.1,3,103.2,1,,,,,,,,,,,,
2026-06-29T06:00:28.497596+00:00,2026-06-29T16:00:28.487596,2,4,102.7,0.4,102.5,11,102.4,150,,,,,,,,,,,,,,,,,102.9,150,103.0,100,103.1,3,103.2,1,,,,,,,,,,,,
2026-06-29T06:00:28.947836+00:00,2026-06-29T16:00:28.937844,1,3,102.75,0.5,102.5,11,,,,,,,,,,,,,,,,,,,103.0,100,103.1,3,103.2,1,,,,,,,,,,,,,,
2026-06-29T06:00:28.958844+00:00,2026-06-29T16:00:28.950844,1,3,102.75,0.5,102.5,11,,,,,,,,,,,,,,,,,,,103.0,56,103.1,3,103.2,1,,,,,,,,,,,,,,
2026-06-29T06:00:28.991844+00:00,2026-06-29T16:00:28.989835,2,3,102.75,0.5,102.5,11,102.3,150,,,,,,,,,,,,,,,,,103.0,56,103.1,3,103.2,1,,,,,,,,,,,,,,
2026-06-29T06:00:29.046844+00:00,2026-06-29T16:00:29.042844,2,4,102.65,0.3,102.5,11,102.3,150,,,,,,,,,,,,,,,,,102.8,150,103.0,56,103.1,3,103.2,1,,,,,,,,,,,,
2026-06-29T06:00:30.190844+00:00,2026-06-29T16:00:30.188844,2,3,102.65,0.3,102.5,11,102.3,150,,,,,,,,,,,,,,,,,102.8,150,103.0,56,103.1,3,,,,,,,,,,,,,,
2026-06-29T06:00:30.212843+00:00,2026-06-29T16:00:30.205844,3,3,102.65,0.3,102.5,11,102.4,1,102.3,150,,,,,,,,,,,,,,,102.8,150,103.0,57,103.1,3,,,,,,,,,,,,,,
2026-06-29T06:00:30.608844+00:00,2026-06-29T16:00:30.597844,1,3,102.55,0.5,102.3,112,,,,,,,,,,,,,,,,,,,102.8,150,103.0,57,103.1,3,,,,,,,,,,,,,,
2026-06-29T06:00:31.037844+00:00,2026-06-29T16:00:31.031844,2,3,102.75,0.1,102.7,1,102.3,112,,,,,,,,,,,,,,,,,102.8,150,103.0,57,103.1,3,,,,,,,,,,,,,,
2026-06-29T06:00:31.136843+00:00,2026-06-29T16:00:31.131844,2,3,102.75,0.1,102.7,1,102.3,112,,,,,,,,,,,,,,,,,102.8,150,103.0,1,103.1,3,,,,,,,,,,,,,,
2026-06-29T06:00:31.191844+00:00,2026-06-29T16:00:31.183844,3,3,102.75,0.1,102.7,1,102.5,100,102.3,112,,,,,,,,,,,,,,,102.8,150,103.0,1,103.1,3,,,,,,,,,,,,,,
2026-06-29T06:00:31.246843+00:00,2026-06-29T16:00:31.236844,3,3,102.75,0.1,102.7,1,102.5,100,102.3,112,,,,,,,,,,,,,,,102.8,150,103.0,101,103.1,3,,,,,,,,,,,,,,
2026-06-29T06:00:31.345843+00:00,2026-06-29T16:00:31.340843,3,3,102.75,0.1,102.7,1,102.5,100,102.3,112,,,,,,,,,,,,,,,102.8,101,103.0,101,103.1,3,,,,,,,,,,,,,,
2026-06-29T06:00:32.104843+00:00,2026-06-29T16:00:32.098835,2,2,102.85,0.3,102.7,1,102.5,100,,,,,,,,,,,,,,,,,103.0,101,103.1,3,,,,,,,,,,,,,,,,
2026-06-29T06:00:32.159844+00:00,2026-06-29T16:00:32.150844,3,2,102.85,0.3,102.7,1,102.5,100,102.4,150,,,,,,,,,,,,,,,103.0,101,103.1,3,,,,,,,,,,,,,,,,
2026-06-29T06:00:32.214835+00:00,2026-06-29T16:00:32.203844,3,3,102.8,0.2,102.7,1,102.5,100,102.4,150,,,,,,,,,,,,,,,102.9,150,103.0,101,103.1,3,,,,,,,,,,,,,,
2026-06-29T06:00:32.610843+00:00,2026-06-29T16:00:32.606843,2,3,102.7,0.4,102.5,52,102.4,150,,,,,,,,,,,,,,,,,102.9,150,103.0,101,103.1,3,,,,,,,,,,,,,,
2026-06-29T06:00:32.654843+00:00,2026-06-29T16:00:32.652844,2,3,102.7,0.4,102.5,52,102.4,150,,,,,,,,,,,,,,,,,102.9,100,103.0,101,103.1,3,,,,,,,,,,,,,,
2026-06-29T06:00:33.226835+00:00,2026-06-29T16:00:33.225834,2,2,102.7,0.4,102.5,52,102.4,150,,,,,,,,,,,,,,,,,102.9,100,103.0,100,,,,,,,,,,,,,,,,
2026-06-29T06:00:33.237835+00:00,2026-06-29T16:00:33.232835,2,2,102.7,0.4,102.5,52,102.4,151,,,,,,,,,,,,,,,,,102.9,100,103.0,101,,,,,,,,,,,,,,,,
2026-06-29T06:00:33.699932+00:00,2026-06-29T16:00:33.691933,2,2,102.7,0.4,102.5,5,102.4,151,,,,,,,,,,,,,,,,,102.9,100,103.0,101,,,,,,,,,,,,,,,,
2026-06-29T06:00:34.293311+00:00,2026-06-29T16:00:34.291311,2,2,102.7,0.4,102.5,5,102.4,151,,,,,,,,,,,,,,,,,102.9,100,103.0,1,,,,,,,,,,,,,,,,
2026-06-29T06:00:34.304311+00:00,2026-06-29T16:00:34.296311,1,2,102.65,0.5,102.4,151,,,,,,,,,,,,,,,,,,,102.9,100,103.0,1,,,,,,,,,,,,,,,,
2026-06-29T06:00:34.348311+00:00,2026-06-29T16:00:34.345304,2,2,102.65,0.5,102.4,151,102.2,100,,,,,,,,,,,,,,,,,102.9,100,103.0,1,,,,,,,,,,,,,,,,
2026-06-29T06:00:34.414311+00:00,2026-06-29T16:00:34.413303,2,3,102.55,0.3,102.4,151,102.2,100,,,,,,,,,,,,,,,,,102.7,100,102.9,100,103.0,1,,,,,,,,,,,,,,
2026-06-29T06:00:35.261303+00:00,2026-06-29T16:00:35.260311,2,2,102.55,0.3,102.4,1,102.2,100,,,,,,,,,,,,,,,,,102.7,100,103.0,1,,,,,,,,,,,,,,,,
2026-06-29T06:00:35.316311+00:00,2026-06-29T16:00:35.313302,3,2,102.65,0.1,102.6,150,102.4,1,102.2,100,,,,,,,,,,,,,,,102.7,100,103.0,1,,,,,,,,,,,,,,,,
2026-06-29T06:00:35.371311+00:00,2026-06-29T16:00:35.367311,3,3,102.65,0.1,102.6,150,102.4,1,102.2,100,,,,,,,,,,,,,,,102.7,100,103.0,1,103.1,150,,,,,,,,,,,,,,
2026-06-29T06:00:35.767313+00:00,2026-06-29T16:00:35.763313,3,3,102.65,0.1,102.6,103,102.4,1,102.2,100,,,,,,,,,,,,,,,102.7,100,103.0,1,103.1,150,,,,,,,,,,,,,,
2026-06-29T06:00:36.250859+00:00,2026-06-29T16:00:36.244859,2,3,102.65,0.1,102.6,103,102.2,100,,,,,,,,,,,,,,,,,102.7,100,103.0,1,103.1,150,,,,,,,,,,,,,,
2026-06-29T06:00:36.261860+00:00,2026-06-29T16:00:36.259860,3,2,102.65,0.1,102.6,103,102.4,1,102.2,100,,,,,,,,,,,,,,,102.7,100,103.1,151,,,,,,,,,,,,,,,,
2026-06-29T06:00:36.338859+00:00,2026-06-29T16:00:36.334859,3,2,102.65,0.1,102.6,103,102.4,1,102.2,100,,,,,,,,,,,,,,,102.7,54,103.1,151,,,,,,,,,,,,,,,,
2026-06-29T06:00:36.459859+00:00,2026-06-29T16:00:36.448860,3,3,102.65,0.1,102.6,103,102.4,1,102.2,100,,,,,,,,,,,,,,,102.7,54,102.9,6,103.1,151,,,,,,,,,,,,,,
2026-06-29T06:00:36.921868+00:00,2026-06-29T16:00:36.911868,3,3,102.65,0.1,102.6,53,102.4,1,102.2,100,,,,,,,,,,,,,,,102.7,54,102.9,6,103.1,151,,,,,,,,,,,,,,
2026-06-29T06:00:37.460868+00:00,2026-06-29T16:00:37.459864,3,3,102.65,0.1,102.6,53,102.4,1,102.2,100,,,,,,,,,,,,,,,102.7,54,102.9,4,103.1,151,,,,,,,,,,,,,,
2026-06-29T06:00:37.482868+00:00,2026-06-29T16:00:37.473860,2,2,102.75,0.3,102.6,53,102.4,1,,,,,,,,,,,,,,,,,102.9,4,103.1,151,,,,,,,,,,,,,,,,
2026-06-29T06:00:37.526868+00:00,2026-06-29T16:00:37.521859,2,2,102.75,0.3,102.6,53,102.4,101,,,,,,,,,,,,,,,,,102.9,4,103.1,151,,,,,,,,,,,,,,,,
2026-06-29T06:00:37.581868+00:00,2026-06-29T16:00:37.575869,2,2,102.75,0.3,102.6,53,102.4,101,,,,,,,,,,,,,,,,,102.9,104,103.1,151,,,,,,,,,,,,,,,,
2026-06-29T06:00:38.428868+00:00,2026-06-29T16:00:38.421860,1,2,102.65,0.5,102.4,101,,,,,,,,,,,,,,,,,,,102.9,104,103.1,1,,,,,,,,,,,,,,,,
2026-06-29T06:00:38.483868+00:00,2026-06-29T16:00:38.480868,3,2,102.75,0.3,102.6,2,102.4,101,102.1,150,,,,,,,,,,,,,,,102.9,104,103.1,1,,,,,,,,,,,,,,,,
2026-06-29T06:00:38.538868+00:00,2026-06-29T16:00:38.531868,2,3,102.5,0.2,102.4,101,102.1,150,,,,,,,,,,,,,,,,,102.6,148,102.9,104,103.1,1,,,,,,,,,,,,,,
2026-06-29T06:00:38.626109+00:00,2026-06-29T16:00:38.620109,2,3,102.5,0.2,102.4,101,102.1,150,,,,,,,,,,,,,,,,,102.6,146,102.9,104,103.1,1,,,,,,,,,,,,,,
2026-06-29T06:00:38.714109+00:00,2026-06-29T16:00:38.711108,2,3,102.5,0.2,102.4,101,102.1,150,,,,,,,,,,,,,,,,,102.6,146,102.9,103,103.1,1,,,,,,,,,,,,,,
2026-06-29T06:00:38.725100+00:00,2026-06-29T16:00:38.715109,2,3,102.5,0.2,102.4,101,102.1,150,,,,,,,,,,,,,,,,,102.6,144,102.9,103,103.1,1,,,,,,,,,,,,,,
2026-06-29T06:00:38.977642+00:00,2026-06-29T16:00:38.971633,2,3,102.5,0.2,102.4,101,102.1,150,,,,,,,,,,,,,,,,,102.6,94,102.9,103,103.1,1,,,,,,,,,,,,,,
2026-06-29T06:00:39.285642+00:00,2026-06-29T16:00:39.281633,2,2,102.5,0.2,102.4,100,102.1,150,,,,,,,,,,,,,,,,,102.6,94,102.9,103,,,,,,,,,,,,,,,,
2026-06-29T06:00:39.296642+00:00,2026-06-29T16:00:39.289642,3,2,102.5,0.2,102.4,100,102.2,1,102.1,150,,,,,,,,,,,,,,,102.6,94,102.9,104,,,,,,,,,,,,,,,,
2026-06-29T06:00:39.703641+00:00,2026-06-29T16:00:39.701642,3,2,102.5,0.2,102.4,100,102.2,1,102.1,150,,,,,,,,,,,,,,,102.6,91,102.9,104,,,,,,,,,,,,,,,,
2026-06-29T06:00:39.725641+00:00,2026-06-29T16:00:39.723633,3,2,102.5,0.2,102.4,100,102.2,1,102.1,150,,,,,,,,,,,,,,,102.6,88,102.9,104,,,,,,,,,,,,,,,,
2026-06-29T06:00:40.638641+00:00,2026-06-29T16:00:40.629634,2,2,102.4,0.4,102.2,1,102.1,150,,,,,,,,,,,,,,,,,102.6,88,102.9,4,,,,,,,,,,,,,,,,
2026-06-29T06:00:40.693642+00:00,2026-06-29T16:00:40.682774,3,2,102.45,0.3,102.3,100,102.2,1,102.1,150,,,,,,,,,,,,,,,102.6,88,102.9,4,,,,,,,,,,,,,,,,
2026-06-29T06:00:40.737642+00:00,2026-06-29T16:00:40.736642,3,3,102.45,0.3,102.3,100,102.2,1,102.1,150,,,,,,,,,,,,,,,102.6,88,102.8,100,102.9,4,,,,,,,,,,,,,,
2026-06-29T06:00:41.595661+00:00,2026-06-29T16:00:41.586662,2,2,102.55,0.5,102.3,100,102.2,1,,,,,,,,,,,,,,,,,102.8,100,102.9,4,,,,,,,,,,,,,,,,
2026-06-29T06:00:41.672662+00:00,2026-06-29T16:00:41.662662,3,2,102.6,0.4,102.4,150,102.3,100,102.2,1,,,,,,,,,,,,,,,102.8,100,102.9,4,,,,,,,,,,,,,,,,
2026-06-29T06:00:41.727662+00:00,2026-06-29T16:00:41.722662,4,2,102.65,0.3,102.5,2,102.4,150,102.3,100,102.2,1,,,,,,,,,,,,,102.8,100,102.9,154,,,,,,,,,,,,,,,,
2026-06-29T06:00:41.936662+00:00,2026-06-29T16:00:41.925662,4,2,102.65,0.3,102.5,2,102.4,150,102.3,100,102.2,1,,,,,,,,,,,,,102.8,60,102.9,154,,,,,,,,,,,,,,,,
2026-06-29T06:00:42.310661+00:00,2026-06-29T16:00:42.299662,3,2,102.65,0.3,102.5,2,102.4,150,102.3,100,,,,,,,,,,,,,,,102.8,60,102.9,153,,,,,,,,,,,,,,,,
2026-06-29T06:00:42.321662+00:00,2026-06-29T16:00:42.317662,3,3,102.65,0.3,102.5,2,102.4,150,102.3,101,,,,,,,,,,,,,,,102.8,60,102.9,153,103.0,1,,,,,,,,,,,,,,
2026-06-29T06:00:43.190662+00:00,2026-06-29T16:00:43.185655,3,3,102.65,0.3,102.5,2,102.4,150,102.3,101,,,,,,,,,,,,,,,102.8,10,102.9,153,103.0,1,,,,,,,,,,,,,,
2026-06-29T06:00:43.794936+00:00,2026-06-29T16:00:43.792929,3,2,102.7,0.4,102.5,2,102.4,150,102.3,1,,,,,,,,,,,,,,,102.9,153,103.0,1,,,,,,,,,,,,,,,,
2026-06-29T06:00:43.849936+00:00,2026-06-29T16:00:43.845937,3,2,102.7,0.4,102.5,102,102.4,150,102.3,1,,,,,,,,,,,,,,,102.9,153,103.0,1,,,,,,,,,,,,,,,,
2026-06-29T06:00:43.904957+00:00,2026-06-29T16:00:43.899957,3,2,102.7,0.4,102.5,102,102.4,150,102.3,1,,,,,,,,,,,,,,,102.9,153,103.0,101,,,,,,,,,,,,,,,,
2026-06-29T06:00:44.553957+00:00,2026-06-29T16:00:44.546949,3,2,102.7,0.4,102.5,102,102.4,150,102.3,1,,,,,,,,,,,,,,,102.9,152,103.0,101,,,,,,,,,,,,,,,,
2026-06-29T06:00:44.773956+00:00,2026-06-29T16:00:44.771953,2,2,102.7,0.4,102.5,102,102.3,1,,,,,,,,,,,,,,,,,102.9,2,103.0,101,,,,,,,,,,,,,,,,
2026-06-29T06:00:44.828957+00:00,2026-06-29T16:00:44.825957,3,2,102.7,0.4,102.5,102,102.4,150,102.3,1,,,,,,,,,,,,,,,102.9,2,103.0,101,,,,,,,,,,,,,,,,
2026-06-29T06:00:44.883957+00:00,2026-06-29T16:00:44.879957,3,2,102.7,0.4,102.5,102,102.4,150,102.3,1,,,,,,,,,,,,,,,102.9,152,103.0,101,,,,,,,,,,,,,,,,
2026-06-29T06:00:45.301957+00:00,2026-06-29T16:00:45.292957,3,2,102.7,0.4,102.5,102,102.4,150,102.3,1,,,,,,,,,,,,,,,102.9,102,103.0,101,,,,,,,,,,,,,,,,
2026-06-29T06:00:45.334949+00:00,2026-06-29T16:00:45.326957,2,2,102.7,0.4,102.5,102,102.4,150,,,,,,,,,,,,,,,,,102.9,102,103.0,100,,,,,,,,,,,,,,,,
2026-06-29T06:00:45.345957+00:00,2026-06-29T16:00:45.340957,2,3,102.7,0.4,102.5,102,102.4,151,,,,,,,,,,,,,,,,,102.9,102,103.0,100,103.1,1,,,,,,,,,,,,,,
2026-06-29T06:00:45.983491+00:00,2026-06-29T16:00:45.973491,2,3,102.7,0.4,102.5,102,102.4,151,,,,,,,,,,,,,,,,,102.9,54,103.0,100,103.1,1,,,,,,,,,,,,,,
2026-06-29T06:00:46.588071+00:00,2026-06-29T16:00:46.582071,2,4,102.65,0.3,102.5,102,102.4,151,,,,,,,,,,,,,,,,,102.8,2,102.9,54,103.0,100,103.1,1,,,,,,,,,,,,
2026-06-29T06:00:46.962062+00:00,2026-06-29T16:00:46.954063,2,3,102.65,0.3,102.5,2,102.4,151,,,,,,,,,,,,,,,,,102.8,2,102.9,54,103.1,1,,,,,,,,,,,,,,
2026-06-29T06:00:47.017062+00:00,2026-06-29T16:00:47.008063,2,3,102.65,0.3,102.5,2,102.4,251,,,,,,,,,,,,,,,,,102.8,2,102.9,54,103.1,1,,,,,,,,,,,,,,
2026-06-29T06:00:47.072062+00:00,2026-06-29T16:00:47.061062,2,3,102.65,0.3,102.5,2,102.4,251,,,,,,,,,,,,,,,,,102.8,2,102.9,154,103.1,1,,,,,,,,,,,,,,
2026-06-29T06:00:47.963062+00:00,2026-06-29T16:00:47.954062,2,3,102.65,0.3,102.5,2,102.4,101,,,,,,,,,,,,,,,,,102.8,2,102.9,100,103.1,1,,,,,,,,,,,,,,
2026-06-29T06:00:48.018071+00:00,2026-06-29T16:00:48.009071,3,3,102.75,0.1,102.7,150,102.5,2,102.4,101,,,,,,,,,,,,,,,102.8,2,102.9,100,103.1,1,,,,,,,,,,,,,,
2026-06-29T06:00:48.062071+00:00,2026-06-29T16:00:48.061062,3,4,102.75,0.1,102.7,150,102.5,2,102.4,101,,,,,,,,,,,,,,,102.8,2,102.9,100,103.1,1,103.2,150,,,,,,,,,,,,
2026-06-29T06:00:48.370071+00:00,2026-06-29T16:00:48.369062,3,4,102.75,0.1,102.7,150,102.5,2,102.4,100,,,,,,,,,,,,,,,102.8,2,102.9,100,103.0,1,103.2,150,,,,,,,,,,,,
2026-06-29T06:00:48.381071+00:00,2026-06-29T16:00:48.372068,3,4,102.75,0.1,102.7,150,102.5,2,102.4,101,,,,,,,,,,,,,,,102.8,2,102.9,100,103.0,1,103.2,150,,,,,,,,,,,,
2026-06-29T06:00:48.590193+00:00,2026-06-29T16:00:48.584194,3,4,102.75,0.1,102.7,104,102.5,2,102.4,101,,,,,,,,,,,,,,,102.8,2,102.9,100,103.0,1,103.2,150,,,,,,,,,,,,
2026-06-29T06:00:48.733194+00:00,2026-06-29T16:00:48.732196,3,4,102.75,0.1,102.7,104,102.5,1,102.4,101,,,,,,,,,,,,,,,102.8,2,102.9,100,103.0,1,103.2,150,,,,,,,,,,,,
2026-06-29T06:00:50.152193+00:00,2026-06-29T16:00:50.151193,3,3,102.75,0.1,102.7,104,102.5,1,102.4,1,,,,,,,,,,,,,,,102.8,2,103.0,1,103.2,150,,,,,,,,,,,,,,
2026-06-29T06:00:50.207193+00:00,2026-06-29T16:00:50.204184,4,3,102.75,0.1,102.7,104,102.5,1,102.4,1,102.3,100,,,,,,,,,,,,,102.8,2,103.0,1,103.2,150,,,,,,,,,,,,,,
2026-06-29T06:00:50.273193+00:00,2026-06-29T16:00:50.272193,4,3,102.75,0.1,102.7,104,102.5,1,102.4,1,102.3,100,,,,,,,,,,,,,102.8,102,103.0,1,103.2,150,,,,,,,,,,,,,,
2026-06-29T06:00:51.120193+00:00,2026-06-29T16:00:51.116193,3,2,102.65,0.3,102.5,1,102.4,1,102.3,100,,,,,,,,,,,,,,,102.8,102,103.0,1,,,,,,,,,,,,,,,,
2026-06-29T06:00:51.175193+00:00,2026-06-29T16:00:51.168193,4,2,102.7,0.2,102.6,150,102.5,1,102.4,1,102.3,100,,,,,,,,,,,,,102.8,102,103.0,1,,,,,,,,,,,,,,,,
2026-06-29T06:00:51.230193+00:00,2026-06-29T16:00:51.220193,4,3,102.7,0.2,102.6,150,102.5,1,102.4,1,102.3,100,,,,,,,,,,,,,102.8,102,103.0,1,103.1,150,,,,,,,,,,,,,,
2026-06-29T06:00:51.406193+00:00,2026-06-29T16:00:51.400193,3,2,102.7,0.2,102.6,150,102.5,1,102.3,100,,,,,,,,,,,,,,,102.8,102,103.1,150,,,,,,,,,,,,,,,,
2026-06-29T06:00:51.417193+00:00,2026-06-29T16:00:51.415193,3,3,102.7,0.2,102.6,150,102.5,1,102.3,100,,,,,,,,,,,,,,,102.8,102,102.9,1,103.1,150,,,,,,,,,,,,,,
2026-06-29T06:00:51.428193+00:00,2026-06-29T16:00:51.418193,3,3,102.7,0.2,102.6,150,102.5,1,102.3,101,,,,,,,,,,,,,,,102.8,102,102.9,1,103.1,150,,,,,,,,,,,,,,
2026-06-29T06:00:51.648193+00:00,2026-06-29T16:00:51.644193,3,3,102.7,0.2,102.6,150,102.5,1,102.3,101,,,,,,,,,,,,,,,102.8,52,102.9,1,103.1,150,,,,,,,,,,,,,,
2026-06-29T06:00:51.802193+00:00,2026-06-29T16:00:51.796193,3,3,102.7,0.2,102.6,150,102.5,1,102.3,101,,,,,,,,,,,,,,,102.8,52,102.9,3,103.1,150,,,,,,,,,,,,,,
2026-06-29T06:00:52.638204+00:00,2026-06-29T16:00:52.629198,3,3,102.7,0.2,102.6,102,102.5,1,102.3,101,,,,,,,,,,,,,,,102.8,52,102.9,3,103.1,150,,,,,,,,,,,,,,
2026-06-29T06:00:53.331204+00:00,2026-06-29T16:00:53.327204,3,2,102.75,0.3,102.6,102,102.5,1,102.3,1,,,,,,,,,,,,,,,102.9,3,103.1,150,,,,,,,,,,,,,,,,
2026-06-29T06:00:53.386205+00:00,2026-06-29T16:00:53.381196,4,2,102.75,0.3,102.6,102,102.5,1,102.4,100,102.3,1,,,,,,,,,,,,,102.9,3,103.1,150,,,,,,,,,,,,,,,,
2026-06-29T06:00:53.441204+00:00,2026-06-29T16:00:53.433204,4,2,102.75,0.3,102.6,102,102.5,1,102.4,100,102.3,1,,,,,,,,,,,,,102.9,103,103.1,150,,,,,,,,,,,,,,,,
2026-06-29T06:00:53.825324+00:00,2026-06-29T16:00:53.821325,4,2,102.75,0.3,102.6,52,102.5,1,102.4,100,102.3,1,,,,,,,,,,,,,102.9,103,103.1,150,,,,,,,,,,,,,,,,
2026-06-29T06:00:54.276316+00:00,2026-06-29T16:00:54.274316,3,1,102.7,0.4,102.5,1,102.4,100,102.3,1,,,,,,,,,,,,,,,102.9,103,,,,,,,,,,,,,,,,,,
2026-06-29T06:00:54.331316+00:00,2026-06-29T16:00:54.327316,4,1,102.7,0.4,102.5,1,102.4,100,102.3,1,102.0,150,,,,,,,,,,,,,102.9,103,,,,,,,,,,,,,,,,,,
2026-06-29T06:00:54.386316+00:00,2026-06-29T16:00:54.381316,3,2,102.45,0.1,102.4,100,102.3,1,102.0,150,,,,,,,,,,,,,,,102.5,149,102.9,103,,,,,,,,,,,,,,,,
2026-06-29T06:00:54.419316+00:00,2026-06-29T16:00:54.417315,2,2,102.45,0.1,102.4,100,102.0,150,,,,,,,,,,,,,,,,,102.5,149,102.9,102,,,,,,,,,,,,,,,,
2026-06-29T06:00:54.430315+00:00,2026-06-29T16:00:54.426316,2,3,102.45,0.1,102.4,100,102.0,150,,,,,,,,,,,,,,,,,102.5,149,102.8,1,102.9,102,,,,,,,,,,,,,,
2026-06-29T06:00:54.441315+00:00,2026-06-29T16:00:54.432315,3,3,102.45,0.1,102.4,100,102.2,1,102.0,150,,,,,,,,,,,,,,,102.5,149,102.8,1,102.9,102,,,,,,,,,,,,,,
2026-06-29T06:00:54.991315+00:00,2026-06-29T16:00:54.988315,3,3,102.45,0.1,102.4,100,102.2,1,102.0,150,,,,,,,,,,,,,,,102.5,104,102.8,1,102.9,102,,,,,,,,,,,,,,
2026-06-29T06:00:55.936324+00:00,2026-06-29T16:00:55.927325,3,3,102.45,0.1,102.4,50,102.2,1,102.0,150,,,,,,,,,,,,,,,102.5,104,102.8,1,102.9,102,,,,,,,,,,,,,,
2026-06-29T06:00:56.024325+00:00,2026-06-29T16:00:56.013325,3,3,102.45,0.1,102.4,50,102.2,1,102.0,150,,,,,,,,,,,,,,,102.5,104,102.8,1,102.9,100,,,,,,,,,,,,,,
2026-06-29T06:00:56.496900+00:00,2026-06-29T16:00:56.487900,2,2,102.35,0.3,102.2,1,102.0,150,,,,,,,,,,,,,,,,,102.5,104,102.8,1,,,,,,,,,,,,,,,,
2026-06-29T06:00:56.507900+00:00,2026-06-29T16:00:56.506900,2,2,102.35,0.3,102.2,1,102.0,150,,,,,,,,,,,,,,,,,102.5,55,102.8,1,,,,,,,,,,,,,,,,
2026-06-29T06:00:56.540900+00:00,2026-06-29T16:00:56.539900,3,2,102.4,0.2,102.3,100,102.2,1,102.0,150,,,,,,,,,,,,,,,102.5,55,102.8,1,,,,,,,,,,,,,,,,
2026-06-29T06:00:56.595900+00:00,2026-06-29T16:00:56.593892,3,2,102.4,0.2,102.3,100,102.2,1,102.0,150,,,,,,,,,,,,,,,102.5,55,102.8,101,,,,,,,,,,,,,,,,
2026-06-29T06:00:57.167911+00:00,2026-06-29T16:00:57.160911,3,2,102.4,0.2,102.3,60,102.2,1,102.0,150,,,,,,,,,,,,,,,102.5,55,102.8,101,,,,,,,,,,,,,,,,
2026-06-29T06:00:57.453920+00:00,2026-06-29T16:00:57.449920,2,1,102.55,0.5,102.3,60,102.2,1,,,,,,,,,,,,,,,,,102.8,101,,,,,,,,,,,,,,,,,,
2026-06-29T06:00:57.464920+00:00,2026-06-29T16:00:57.461920,1,1,102.55,0.5,102.3,60,,,,,,,,,,,,,,,,,,,102.8,100,,,,,,,,,,,,,,,,,,
2026-06-29T06:00:57.475920+00:00,2026-06-29T16:00:57.471920,2,1,102.55,0.5,102.3,60,102.2,1,,,,,,,,,,,,,,,,,102.8,101,,,,,,,,,,,,,,,,,,
2026-06-29T06:00:57.508920+00:00,2026-06-29T16:00:57.499920,3,1,102.65,0.3,102.5,150,102.3,60,102.2,1,,,,,,,,,,,,,,,102.8,101,,,,,,,,,,,,,,,,,,
2026-06-29T06:00:57.563920+00:00,2026-06-29T16:00:57.552920,3,2,102.65,0.3,102.5,150,102.3,60,102.2,1,,,,,,,,,,,,,,,102.8,101,103.0,150,,,,,,,,,,,,,,,,
2026-06-29T06:00:58.047912+00:00,2026-06-29T16:00:58.047912,3,2,102.65,0.3,102.5,100,102.3,60,102.2,1,,,,,,,,,,,,,,,102.8,101,103.0,150,,,,,,,,,,,,,,,,
2026-06-29T06:00:59.652312+00:00,2026-06-29T16:00:59.650312,2,2,102.65,0.3,102.5,100,102.2,1,,,,,,,,,,,,,,,,,102.8,1,103.0,150,,,,,,,,,,,,,,,,
2026-06-29T06:00:59.718312+00:00,2026-06-29T16:00:59.709312,2,2,102.65,0.3,102.5,100,102.2,101,,,,,,,,,,,,,,,,,102.8,1,103.0,150,,,,,,,,,,,,,,,,
2026-06-29T06:00:59.762312+00:00,2026-06-29T16:00:59.755312,2,3,102.6,0.2,102.5,100,102.2,101,,,,,,,,,,,,,,,,,102.7,100,102.8,1,103.0,150,,,,,,,,,,,,,,
2026-06-29T06:01:00.158312+00:00,2026-06-29T16:01:00.153312,2,3,102.6,0.2,102.5,50,102.2,101,,,,,,,,,,,,,,,,,102.7,100,102.8,1,103.0,150,,,,,,,,,,,,,,
2026-06-29T06:01:00.488312+00:00,2026-06-29T16:01:00.482312,2,2,102.6,0.2,102.5,50,102.2,100,,,,,,,,,,,,,,,,,102.7,100,103.0,150,,,,,,,,,,,,,,,,
2026-06-29T06:01:00.499312+00:00,2026-06-29T16:01:00.495304,3,3,102.6,0.2,102.5,50,102.3,1,102.2,100,,,,,,,,,,,,,,,102.7,100,102.8,1,103.0,150,,,,,,,,,,,,,,
2026-06-29T06:01:00.609312+00:00,2026-06-29T16:01:00.606313,3,2,102.6,0.2,102.5,50,102.3,1,102.2,100,,,,,,,,,,,,,,,102.7,100,102.8,1,,,,,,,,,,,,,,,,
2026-06-29T06:01:00.620312+00:00,2026-06-29T16:01:00.613312,2,2,102.5,0.4,102.3,1,102.2,100,,,,,,,,,,,,,,,,,102.7,100,102.8,1,,,,,,,,,,,,,,,,
2026-06-29T06:01:00.675312+00:00,2026-06-29T16:01:00.665313,3,2,102.5,0.4,102.3,1,102.2,100,102.1,150,,,,,,,,,,,,,,,102.7,100,102.8,1,,,,,,,,,,,,,,,,
2026-06-29T06:01:00.719312+00:00,2026-06-29T16:01:00.712312,3,3,102.45,0.3,102.3,1,102.2,100,102.1,150,,,,,,,,,,,,,,,102.6,150,102.7,100,102.8,1,,,,,,,,,,,,,,
2026-06-29T06:01:02.264323+00:00,2026-06-29T16:01:02.263323,2,3,102.4,0.4,102.2,51,102.1,150,,,,,,,,,,,,,,,,,102.6,150,102.7,100,102.8,1,,,,,,,,,,,,,,
2026-06-29T06:01:02.814332+00:00,2026-06-29T16:01:02.811332,1,2,102.35,0.5,102.1,150,,,,,,,,,,,,,,,,,,,102.6,150,102.8,1,,,,,,,,,,,,,,,,
2026-06-29T06:01:02.869332+00:00,2026-06-29T16:01:02.862332,2,2,102.4,0.4,102.2,100,102.1,150,,,,,,,,,,,,,,,,,102.6,150,102.8,1,,,,,,,,,,,,,,,,
2026-06-29T06:01:02.902332+00:00,2026-06-29T16:01:02.894332,2,2,102.4,0.4,102.2,100,102.1,150,,,,,,,,,,,,,,,,,102.6,107,102.8,1,,,,,,,,,,,,,,,,
2026-06-29T06:01:02.924332+00:00,2026-06-29T16:01:02.915332,2,3,102.4,0.4,102.2,100,102.1,150,,,,,,,,,,,,,,,,,102.6,107,102.7,100,102.8,1,,,,,,,,,,,,,,
2026-06-29T06:01:03.518332+00:00,2026-06-29T16:01:03.508332,2,2,102.4,0.4,102.2,100,102.1,150,,,,,,,,,,,,,,,,,102.6,107,102.7,100,,,,,,,,,,,,,,,,
2026-06-29T06:01:03.529332+00:00,2026-06-29T16:01:03.520332,2,2,102.4,0.4,102.2,101,102.1,150,,,,,,,,,,,,,,,,,102.6,107,102.7,101,,,,,,,,,,,,,,,,
2026-06-29T06:01:03.771454+00:00,2026-06-29T16:01:03.767454,1,1,102.45,0.5,102.2,101,,,,,,,,,,,,,,,,,,,102.7,101,,,,,,,,,,,,,,,,,,
2026-06-29T06:01:03.826454+00:00,2026-06-29T16:01:03.820445,2,1,102.5,0.4,102.3,150,102.2,101,,,,,,,,,,,,,,,,,102.7,101,,,,,,,,,,,,,,,,,,
2026-06-29T06:01:03.881454+00:00,2026-06-29T16:01:03.872445,2,2,102.5,0.4,102.3,150,102.2,101,,,,,,,,,,,,,,,,,102.7,101,102.8,150,,,,,,,,,,,,,,,,
2026-06-29T06:01:03.914454+00:00,2026-06-29T16:01:03.904454,2,2,102.5,0.4,102.3,106,102.2,101,,,,,,,,,,,,,,,,,102.7,101,102.8,150,,,,,,,,,,,,,,,,
2026-06-29T06:01:04.376453+00:00,2026-06-29T16:01:04.370454,2,2,102.5,0.4,102.3,56,102.2,101,,,,,,,,,,,,,,,,,102.7,101,102.8,150,,,,,,,,,,,,,,,,
2026-06-29T06:01:04.541453+00:00,2026-06-29T16:01:04.536454,2,2,102.5,0.4,102.3,56,102.2,101,,,,,,,,,,,,,,,,,102.7,61,102.8,150,,,,,,,,,,,,,,,,
2026-06-29T06:01:05.971454+00:00,2026-06-29T16:01:05.970445,2,2,102.5,0.4,102.3,56,102.2,101,,,,,,,,,,,,,,,,,102.7,1,102.8,150,,,,,,,,,,,,,,,,
2026-06-29T06:01:05.982454+00:00,2026-06-29T16:01:05.971454,2,2,102.5,0.4,102.3,56,102.2,1,,,,,,,,,,,,,,,,,102.7,1,102.8,150,,,,,,,,,,,,,,,,
2026-06-29T06:01:06.037453+00:00,2026-06-29T16:01:06.026454,2,2,102.5,0.4,102.3,156,102.2,1,,,,,,,,,,,,,,,,,102.7,1,102.8,150,,,,,,,,,,,,,,,,
2026-06-29T06:01:06.081009+00:00,2026-06-29T16:01:06.080009,2,2,102.5,0.4,102.3,156,102.2,1,,,,,,,,,,,,,,,,,102.7,1,102.8,250,,,,,,,,,,,,,,,,
2026-06-29T06:01:06.499021+00:00,2026-06-29T16:01:06.493021,2,2,102.5,0.4,102.3,106,102.2,1,,,,,,,,,,,,,,,,,102.7,1,102.8,250,,,,,,,,,,,,,,,,
2026-06-29T06:01:06.543021+00:00,2026-06-29T16:01:06.537020,1,1,102.55,0.5,102.3,106,,,,,,,,,,,,,,,,,,,102.8,250,,,,,,,,,,,,,,,,,,
2026-06-29T06:01:06.554021+00:00,2026-06-29T16:01:06.549021,2,2,102.5,0.4,102.3,106,102.2,1,,,,,,,,,,,,,,,,,102.7,1,102.8,250,,,,,,,,,,,,,,,,
2026-06-29T06:01:06.928029+00:00,2026-06-29T16:01:06.926030,2,2,102.5,0.4,102.3,100,102.2,1,,,,,,,,,,,,,,,,,102.7,1,102.8,100,,,,,,,,,,,,,,,,
2026-06-29T06:01:06.983029+00:00,2026-06-29T16:01:06.979030,3,2,102.5,0.4,102.3,100,102.2,1,101.8,150,,,,,,,,,,,,,,,102.7,1,102.8,100,,,,,,,,,,,,,,,,
2026-06-29T06:01:07.038030+00:00,2026-06-29T16:01:07.032030,2,3,102.25,0.1,102.2,1,101.8,150,,,,,,,,,,,,,,,,,102.3,50,102.7,1,102.8,100,,,,,,,,,,,,,,
2026-06-29T06:01:07.269030+00:00,2026-06-29T16:01:07.260030,2,3,102.25,0.1,102.2,1,101.8,150,,,,,,,,,,,,,,,,,102.3,3,102.7,1,102.8,100,,,,,,,,,,,,,,
2026-06-29T06:01:07.841029+00:00,2026-06-29T16:01:07.839029,1,3,102.05,0.5,101.8,109,,,,,,,,,,,,,,,,,,,102.3,3,102.7,1,102.8,100,,,,,,,,,,,,,,
2026-06-29T06:01:08.609353+00:00,2026-06-29T16:01:08.599353,1,3,102.05,0.5,101.8,59,,,,,,,,,,,,,,,,,,,102.3,3,102.7,1,102.8,100,,,,,,,,,,,,,,
2026-06-29T06:01:09.137343+00:00,2026-06-29T16:01:09.134344,1,2,102.05,0.5,101.8,59,,,,,,,,,,,,,,,,,,,102.3,3,102.7,1,,,,,,,,,,,,,,,,
2026-06-29T06:01:09.192344+00:00,2026-06-29T16:01:09.187344,2,2,102.2,0.2,102.1,100,101.8,59,,,,,,,,,,,,,,,,,102.3,3,102.7,1,,,,,,,,,,,,,,,,
2026-06-29T06:01:09.247353+00:00,2026-06-29T16:01:09.240346,2,3,102.2,0.2,102.1,100,101.8,59,,,,,,,,,,,,,,,,,102.3,3,102.6,100,102.7,1,,,,,,,,,,,,,,
2026-06-29T06:01:09.566353+00:00,2026-06-29T16:01:09.559353,2,2,102.2,0.2,102.1,100,101.8,59,,,,,,,,,,,,,,,,,102.3,3,102.6,100,,,,,,,,,,,,,,,,
2026-06-29T06:01:09.577353+00:00,2026-06-29T16:01:09.575352,3,3,102.2,0.2,102.1,100,101.9,1,101.8,59,,,,,,,,,,,,,,,102.3,3,102.5,1,102.6,100,,,,,,,,,,,,,,
2026-06-29T06:01:10.105344+00:00,2026-06-29T16:01:10.104344,2,2,102.3,0.4,102.1,100,101.9,1,,,,,,,,,,,,,,,,,102.5,1,102.6,100,,,,,,,,,,,,,,,,
2026-06-29T06:01:10.160344+00:00,2026-06-29T16:01:10.158344,2,2,102.3,0.4,102.1,250,101.9,1,,,,,,,,,,,,,,,,,102.5,1,102.6,100,,,,,,,,,,,,,,,,
2026-06-29T06:01:10.215343+00:00,2026-06-29T16:01:10.211344,2,2,102.3,0.4,102.1,250,101.9,1,,,,,,,,,,,,,,,,,102.5,1,102.6,250,,,,,,,,,,,,,,,,
2026-06-29T06:01:10.721353+00:00,2026-06-29T16:01:10.713353,2,2,102.3,0.4,102.1,200,101.9,1,,,,,,,,,,,,,,,,,102.5,1,102.6,250,,,,,,,,,,,,,,,,
2026-06-29T06:01:11.161344+00:00,2026-06-29T16:01:11.155343,2,2,102.3,0.4,102.1,200,101.9,1,,,,,,,,,,,,,,,,,102.5,1,102.6,255,,,,,,,,,,,,,,,,
2026-06-29T06:01:11.612356+00:00,2026-06-29T16:01:11.604355,2,2,102.3,0.4,102.1,200,101.9,1,,,,,,,,,,,,,,,,,102.5,1,102.6,254,,,,,,,,,,,,,,,,
2026-06-29T06:01:12.162356+00:00,2026-06-29T16:01:12.155356,2,2,102.3,0.4,102.1,200,101.9,1,,,,,,,,,,,,,,,,,102.5,1,102.6,253,,,,,,,,,,,,,,,,
2026-06-29T06:01:12.294356+00:00,2026-06-29T16:01:12.293356,2,2,102.3,0.4,102.1,200,101.9,1,,,,,,,,,,,,,,,,,102.5,1,102.6,153,,,,,,,,,,,,,,,,
2026-06-29T06:01:12.305356+00:00,2026-06-29T16:01:12.304355,2,2,102.3,0.4,102.1,150,101.9,1,,,,,,,,,,,,,,,,,102.5,1,102.6,152,,,,,,,,,,,,,,,,
2026-06-29T06:01:12.349356+00:00,2026-06-29T16:01:12.347356,3,2,102.3,0.4,102.1,150,102.0,100,101.9,1,,,,,,,,,,,,,,,102.5,1,102.6,152,,,,,,,,,,,,,,,,
2026-06-29T06:01:12.404355+00:00,2026-06-29T16:01:12.399355,3,2,102.3,0.4,102.1,150,102.0,100,101.9,1,,,,,,,,,,,,,,,102.5,101,102.6,152,,,,,,,,,,,,,,,,
2026-06-29T06:01:12.602356+00:00,2026-06-29T16:01:12.599356,2,2,102.3,0.4,102.1,150,102.0,100,,,,,,,,,,,,,,,,,102.5,100,102.6,152,,,,,,,,,,,,,,,,
2026-06-29T06:01:12.613355+00:00,2026-06-29T16:01:12.611355,2,2,102.3,0.4,102.1,150,102.0,100,,,,,,,,,,,,,,,,,102.5,100,102.6,153,,,,,,,,,,,,,,,,
2026-06-29T06:01:12.624355+00:00,2026-06-29T16:01:12.614355,2,2,102.3,0.4,102.1,150,102.0,101,,,,,,,,,,,,,,,,,102.5,100,102.6,153,,,,,,,,,,,,,,,,
2026-06-29T06:01:12.767356+00:00,2026-06-29T16:01:12.762356,2,2,102.3,0.4,102.1,150,102.0,101,,,,,,,,,,,,,,,,,102.5,50,102.6,153,,,,,,,,,,,,,,,,
2026-06-29T06:01:12.877355+00:00,2026-06-29T16:01:12.875356,2,2,102.3,0.4,102.1,105,102.0,101,,,,,,,,,,,,,,,,,102.5,50,102.6,153,,,,,,,,,,,,,,,,
2026-06-29T06:01:13.273364+00:00,2026-06-29T16:01:13.264364,1,2,102.25,0.5,102.0,101,,,,,,,,,,,,,,,,,,,102.5,50,102.6,3,,,,,,,,,,,,,,,,
2026-06-29T06:01:13.306364+00:00,2026-06-29T16:01:13.302364,1,2,102.25,0.5,102.0,101,,,,,,,,,,,,,,,,,,,102.5,50,102.6,2,,,,,,,,,,,,,,,,
2026-06-29T06:01:13.317365+00:00,2026-06-29T16:01:13.316364,2,2,102.25,0.5,102.0,101,101.9,150,,,,,,,,,,,,,,,,,102.5,50,102.6,2,,,,,,,,,,,,,,,,
2026-06-29T06:01:13.371897+00:00,2026-06-29T16:01:13.368898,2,3,102.2,0.4,102.0,101,101.9,150,,,,,,,,,,,,,,,,,102.4,150,102.5,50,102.6,2,,,,,,,,,,,,,,
2026-06-29T06:01:14.548043+00:00,2026-06-29T16:01:14.539043,2,3,102.2,0.4,102.0,53,101.9,150,,,,,,,,,,,,,,,,,102.4,150,102.5,50,102.6,2,,,,,,,,,,,,,,
2026-06-29T06:01:14.922043+00:00,2026-06-29T16:01:14.921035,2,3,102.2,0.4,102.0,3,101.9,150,,,,,,,,,,,,,,,,,102.4,150,102.5,50,102.6,2,,,,,,,,,,,,,,
2026-06-29T06:01:15.318034+00:00,2026-06-29T16:01:15.309034,3,3,102.3,0.2,102.2,3,102.0,3,101.9,150,,,,,,,,,,,,,,,102.4,150,102.5,50,102.6,2,,,,,,,,,,,,,,
2026-06-29T06:01:15.461034+00:00,2026-06-29T16:01:15.455035,3,2,102.3,0.2,102.2,3,102.0,1,101.9,150,,,,,,,,,,,,,,,102.4,150,102.6,2,,,,,,,,,,,,,,,,
2026-06-29T06:01:15.483034+00:00,2026-06-29T16:01:15.472211,3,2,102.3,0.2,102.2,3,102.0,1,101.9,150,,,,,,,,,,,,,,,102.4,103,102.6,2,,,,,,,,,,,,,,,,
2026-06-29T06:01:15.516034+00:00,2026-06-29T16:01:15.508034,3,2,102.3,0.2,102.2,3,102.0,101,101.9,150,,,,,,,,,,,,,,,102.4,103,102.6,2,,,,,,,,,,,,,,,,
2026-06-29T06:01:15.571034+00:00,2026-06-29T16:01:15.562034,3,3,102.3,0.2,102.2,3,102.0,101,101.9,150,,,,,,,,,,,,,,,102.4,103,102.5,100,102.6,2,,,,,,,,,,,,,,
2026-06-29T06:01:15.626034+00:00,2026-06-29T16:01:15.624034,3,3,102.3,0.2,102.2,3,102.0,100,101.9,150,,,,,,,,,,,,,,,102.4,103,102.5,100,102.6,1,,,,,,,,,,,,,,
2026-06-29T06:01:15.637034+00:00,2026-06-29T16:01:15.633034,3,4,102.3,0.2,102.2,3,102.0,100,101.9,150,,,,,,,,,,,,,,,102.4,103,102.5,100,102.6,1,102.7,1,,,,,,,,,,,,
2026-06-29T06:01:15.648033+00:00,2026-06-29T16:01:15.639034,3,4,102.3,0.2,102.2,3,102.0,101,101.9,150,,,,,,,,,,,,,,,102.4,103,102.5,100,102.6,1,102.7,1,,,,,,,,,,,,
2026-06-29T06:01:16.318136+00:00,2026-06-29T16:01:16.308136,3,4,102.3,0.2,102.2,2,102.0,101,101.9,150,,,,,,,,,,,,,,,102.4,103,102.5,100,102.6,1,102.7,1,,,,,,,,,,,,
2026-06-29T06:01:16.428161+00:00,2026-06-29T16:01:16.424153,2,3,102.35,0.3,102.2,2,102.0,101,,,,,,,,,,,,,,,,,102.5,100,102.6,1,102.7,1,,,,,,,,,,,,,,
2026-06-29T06:01:16.483161+00:00,2026-06-29T16:01:16.475161,3,3,102.45,0.1,102.4,150,102.2,2,102.0,101,,,,,,,,,,,,,,,102.5,100,102.6,1,102.7,1,,,,,,,,,,,,,,
2026-06-29T06:01:16.538161+00:00,2026-06-29T16:01:16.527161,3,4,102.45,0.1,102.4,150,102.2,2,102.0,101,,,,,,,,,,,,,,,102.5,100,102.6,1,102.7,1,102.9,150,,,,,,,,,,,,
2026-06-29T06:01:16.659161+00:00,2026-06-29T16:01:16.654161,3,4,102.45,0.1,102.4,150,102.2,2,102.0,101,,,,,,,,,,,,,,,102.5,57,102.6,1,102.7,1,102.9,150,,,,,,,,,,,,
2026-06-29T06:01:17.033161+00:00,2026-06-29T16:01:17.029162,3,4,102.45,0.1,102.4,100,102.2,2,102.0,101,,,,,,,,,,,,,,,102.5,57,102.6,1,102.7,1,102.9,150,,,,,,,,,,,,
2026-06-29T06:01:18.615674+00:00,2026-06-29T16:01:18.614665,3,3,102.5,0.2,102.4,100,102.2,2,102.0,101,,,,,,,,,,,,,,,102.6,1,102.7,1,102.9,150,,,,,,,,,,,,,,
2026-06-29T06:01:18.626674+00:00,2026-06-29T16:01:18.615674,3,3,102.5,0.2,102.4,100,102.2,2,102.0,1,,,,,,,,,,,,,,,102.6,1,102.7,1,102.9,150,,,,,,,,,,,,,,
2026-06-29T06:01:18.659674+00:00,2026-06-29T16:01:18.652673,2,2,102.5,0.2,102.4,100,102.2,2,,,,,,,,,,,,,,,,,102.6,1,102.9,150,,,,,,,,,,,,,,,,
2026-06-29T06:01:18.670674+00:00,2026-06-29T16:01:18.669665,2,2,102.5,0.2,102.4,200,102.2,2,,,,,,,,,,,,,,,,,102.6,1,102.9,150,,,,,,,,,,,,,,,,
2026-06-29T06:01:18.692674+00:00,2026-06-29T16:01:18.682674,3,2,102.5,0.2,102.4,200,102.2,2,101.9,1,,,,,,,,,,,,,,,102.6,2,102.9,150,,,,,,,,,,,,,,,,
2026-06-29T06:01:18.725673+00:00,2026-06-29T16:01:18.721665,3,2,102.5,0.2,102.4,200,102.2,2,101.9,1,,,,,,,,,,,,,,,102.6,2,102.9,250,,,,,,,,,,,,,,,,
2026-06-29T06:01:19.462673+00:00,2026-06-29T16:01:19.456674,3,2,102.5,0.2,102.4,152,102.2,2,101.9,1,,,,,,,,,,,,,,,102.6,2,102.9,250,,,,,,,,,,,,,,,,
2026-06-29T06:01:19.583674+00:00,2026-06-29T16:01:19.582674,3,2,102.5,0.2,102.4,100,102.2,2,101.9,1,,,,,,,,,,,,,,,102.6,2,102.9,100,,,,,,,,,,,,,,,,
2026-06-29T06:01:19.638674+00:00,2026-06-29T16:01:19.634673,3,2,102.5,0.2,102.4,100,102.2,2,101.9,151,,,,,,,,,,,,,,,102.6,2,102.9,100,,,,,,,,,,,,,,,,
2026-06-29T06:01:19.693673+00:00,2026-06-29T16:01:19.688674,2,3,102.3,0.2,102.2,2,101.9,151,,,,,,,,,,,,,,,,,102.4,50,102.6,2,102.9,100,,,,,,,,,,,,,,
2026-06-29T06:01:21.244673+00:00,2026-06-29T16:01:21.239674,1,3,102.15,0.5,101.9,151,,,,,,,,,,,,,,,,,,,102.4,50,102.6,2,102.9,100,,,,,,,,,,,,,,
2026-06-29T06:01:21.629673+00:00,2026-06-29T16:01:21.622674,2,3,102.35,0.1,102.3,4,101.9,151,,,,,,,,,,,,,,,,,102.4,50,102.6,2,102.9,100,,,,,,,,,,,,,,
2026-06-29T06:01:21.651664+00:00,2026-06-29T16:01:21.640862,1,3,102.15,0.5,101.9,151,,,,,,,,,,,,,,,,,,,102.4,50,102.6,2,102.9,100,,,,,,,,,,,,,,
2026-06-29T06:01:21.728665+00:00,2026-06-29T16:01:21.722665,1,3,102.15,0.5,101.9,151,,,,,,,,,,,,,,,,,,,102.4,50,102.6,2,102.9,100,,,,,,,,,,,,,,
2026-06-29T06:01:21.783664+00:00,2026-06-29T16:01:21.773665,1,2,102.15,0.5,101.9,151,,,,,,,,,,,,,,,,,,,102.4,50,102.6,2,,,,,,,,,,,,,,,,
2026-06-29T06:01:21.827665+00:00,2026-06-29T16:01:21.826666,1,2,102.15,0.5,101.9,251,,,,,,,,,,,,,,,,,,,102.4,50,102.6,2,,,,,,,,,,,,,,,,
2026-06-29T06:01:21.882666+00:00,2026-06-29T16:01:21.881665,1,2,102.15,0.5,101.9,251,,,,,,,,,,,,,,,,,,,102.4,150,102.6,2,,,,,,,,,,,,,,,,
2026-06-29T06:01:22.465673+00:00,2026-06-29T16:01:22.464674,2,2,102.3,0.2,102.2,4,101.9,251,,,,,,,,,,,,,,,,,102.4,150,102.6,2,,,,,,,,,,,,,,,,
2026-06-29T06:01:22.542674+00:00,2026-06-29T16:01:22.541673,2,2,102.3,0.2,102.2,4,101.9,251,,,,,,,,,,,,,,,,,102.4,107,102.6,2,,,,,,,,,,,,,,,,
2026-06-29T06:01:22.696673+00:00,2026-06-29T16:01:22.693673,2,2,102.3,0.2,102.2,3,101.9,251,,,,,,,,,,,,,,,,,102.4,107,102.6,2,,,,,,,,,,,,,,,,
2026-06-29T06:01:22.751676+00:00,2026-06-29T16:01:22.743673,2,2,102.3,0.2,102.2,3,101.9,101,,,,,,,,,,,,,,,,,102.4,100,102.6,2,,,,,,,,,,,,,,,,
2026-06-29T06:01:22.806674+00:00,2026-06-29T16:01:22.798665,3,1,102.55,0.1,102.5,50,102.2,3,101.9,101,,,,,,,,,,,,,,,102.6,2,,,,,,,,,,,,,,,,,,
2026-06-29T06:01:22.883673+00:00,2026-06-29T16:01:22.872826,3,2,102.55,0.1,102.5,50,102.2,3,101.9,101,,,,,,,,,,,,,,,102.6,2,103.0,150,,,,,,,,,,,,,,,,
2026-06-29T06:01:23.158674+00:00,2026-06-29T16:01:23.148674,3,2,102.55,0.1,102.5,50,102.2,2,101.9,101,,,,,,,,,,,,,,,102.6,2,103.0,150,,,,,,,,,,,,,,,,
2026-06-29T06:01:24.741424+00:00,2026-06-29T16:01:24.732424,3,2,102.55,0.1,102.5,50,102.2,2,101.9,100,,,,,,,,,,,,,,,102.6,1,103.0,150,,,,,,,,,,,,,,,,
2026-06-29T06:01:24.752415+00:00,2026-06-29T16:01:24.752415,3,2,102.55,0.1,102.5,50,102.2,2,101.9,100,,,,,,,,,,,,,,,102.6,2,103.0,150,,,,,,,,,,,,,,,,
2026-06-29T06:01:24.763423+00:00,2026-06-29T16:01:24.752627,4,2,102.55,0.1,102.5,50,102.2,2,102.0,1,101.9,100,,,,,,,,,,,,,102.6,2,103.0,150,,,,,,,,,,,,,,,,
2026-06-29T06:01:24.939424+00:00,2026-06-29T16:01:24.935424,3,2,102.55,0.1,102.5,50,102.2,2,102.0,1,,,,,,,,,,,,,,,102.6,2,103.0,150,,,,,,,,,,,,,,,,
2026-06-29T06:01:24.994423+00:00,2026-06-29T16:01:24.988415,4,2,102.55,0.1,102.5,50,102.2,2,102.1,100,102.0,1,,,,,,,,,,,,,102.6,2,103.0,150,,,,,,,,,,,,,,,,
2026-06-29T06:01:25.049424+00:00,2026-06-29T16:01:25.041424,4,2,102.55,0.1,102.5,50,102.2,2,102.1,100,102.0,1,,,,,,,,,,,,,102.6,102,103.0,150,,,,,,,,,,,,,,,,
2026-06-29T06:01:25.467423+00:00,2026-06-29T16:01:25.462415,3,2,102.4,0.4,102.2,2,102.1,100,102.0,1,,,,,,,,,,,,,,,102.6,102,103.0,150,,,,,,,,,,,,,,,,
2026-06-29T06:01:25.610423+00:00,2026-06-29T16:01:25.601424,2,2,102.35,0.5,102.1,54,102.0,1,,,,,,,,,,,,,,,,,102.6,102,103.0,150,,,,,,,,,,,,,,,,
2026-06-29T06:01:25.940424+00:00,2026-06-29T16:01:25.931423,2,1,102.35,0.5,102.1,54,102.0,1,,,,,,,,,,,,,,,,,102.6,102,,,,,,,,,,,,,,,,,,
2026-06-29T06:01:25.995423+00:00,2026-06-29T16:01:25.984424,3,1,102.35,0.5,102.1,54,102.0,1,101.8,150,,,,,,,,,,,,,,,102.6,102,,,,,,,,,,,,,,,,,,
2026-06-29T06:01:26.039423+00:00,2026-06-29T16:01:26.037424,3,2,102.2,0.2,102.1,54,102.0,1,101.8,150,,,,,,,,,,,,,,,102.3,150,102.6,102,,,,,,,,,,,,,,,,
2026-06-29T06:01:26.104988+00:00,2026-06-29T16:01:26.093987,3,2,102.2,0.2,102.1,54,102.0,1,101.8,150,,,,,,,,,,,,,,,102.3,101,102.6,102,,,,,,,,,,,,,,,,
2026-06-29T06:01:26.699008+00:00,2026-06-29T16:01:26.698008,3,2,102.2,0.2,102.1,6,102.0,1,101.8,150,,,,,,,,,,,,,,,102.3,101,102.6,102,,,,,,,,,,,,,,,,
2026-06-29T06:01:27.524008+00:00,2026-06-29T16:01:27.519000,3,2,102.2,0.2,102.1,6,102.0,1,101.8,150,,,,,,,,,,,,,,,102.3,51,102.6,102,,,,,,,,,,,,,,,,
2026-06-29T06:01:27.766008+00:00,2026-06-29T16:01:27.765008,2,2,102.2,0.2,102.1,6,101.8,150,,,,,,,,,,,,,,,,,102.3,51,102.6,101,,,,,,,,,,,,,,,,
2026-06-29T06:01:27.777007+00:00,2026-06-29T16:01:27.775008,3,2,102.2,0.2,102.1,6,101.9,1,101.8,150,,,,,,,,,,,,,,,102.3,51,102.6,102,,,,,,,,,,,,,,,,
2026-06-29T06:01:28.107008+00:00,2026-06-29T16:01:28.098008,2,2,102.1,0.4,101.9,1,101.8,150,,,,,,,,,,,,,,,,,102.3,51,102.6,2,,,,,,,,,,,,,,,,
2026-06-29T06:01:28.162008+00:00,2026-06-29T16:01:28.151000,2,2,102.1,0.4,101.9,101,101.8,150,,,,,,,,,,,,,,,,,102.3,51,102.6,2,,,,,,,,,,,,,,,,
2026-06-29T06:01:28.206008+00:00,2026-06-29T16:01:28.205008,2,3,102.1,0.4,101.9,101,101.8,150,,,,,,,,,,,,,,,,,102.3,51,102.4,100,102.6,2,,,,,,,,,,,,,,
2026-06-29T06:01:28.503008+00:00,2026-06-29T16:01:28.496008,2,3,102.1,0.4,101.9,101,101.8,150,,,,,,,,,,,,,,,,,102.3,5,102.4,100,102.6,2,,,,,,,,,,,,,,
2026-06-29T06:01:29.096010+00:00,2026-06-29T16:01:29.091010,1,2,102.15,0.5,101.9,101,,,,,,,,,,,,,,,,,,,102.4,100,102.6,2,,,,,,,,,,,,,,,,
2026-06-29T06:01:29.151010+00:00,2026-06-29T16:01:29.148010,2,0,,,102.6,48,101.9,101,,,,,,,,,,,,,,,,,,,,,,,,,,,,,,,,,,,,
2026-06-29T06:01:29.217011+00:00,2026-06-29T16:01:29.216010,2,1,102.85,0.5,102.6,48,101.9,101,,,,,,,,,,,,,,,,,103.1,150,,,,,,,,,,,,,,,,,,
2026-06-29T06:01:29.624039+00:00,2026-06-29T16:01:29.615040,2,1,102.85,0.5,102.6,4,101.9,101,,,,,,,,,,,,,,,,,103.1,150,,,,,,,,,,,,,,,,,,
2026-06-29T06:01:29.635040+00:00,2026-06-29T16:01:29.625040,2,1,102.85,0.5,102.6,4,101.9,101,,,,,,,,,,,,,,,,,103.1,100,,,,,,,,,,,,,,,,,,
2026-06-29T06:01:30.416039+00:00,2026-06-29T16:01:30.412039,3,1,102.85,0.5,102.6,4,102.2,5,101.9,101,,,,,,,,,,,,,,,103.1,100,,,,,,,,,,,,,,,,,,
2026-06-29T06:01:30.790040+00:00,2026-06-29T16:01:30.783039,3,1,102.85,0.5,102.6,4,102.2,5,101.9,100,,,,,,,,,,,,,,,103.1,100,,,,,,,,,,,,,,,,,,
2026-06-29T06:01:30.801031+00:00,2026-06-29T16:01:30.796039,4,2,102.75,0.3,102.6,4,102.3,1,102.2,5,101.9,100,,,,,,,,,,,,,102.9,1,103.1,100,,,,,,,,,,,,,,,,
2026-06-29T06:01:31.263039+00:00,2026-06-29T16:01:31.258039,3,2,102.75,0.3,102.6,4,102.3,1,102.2,5,,,,,,,,,,,,,,,102.9,1,103.1,100,,,,,,,,,,,,,,,,
2026-06-29T06:01:31.318040+00:00,2026-06-29T16:01:31.314039,4,2,102.75,0.3,102.6,4,102.3,1,102.2,5,102.1,100,,,,,,,,,,,,,102.9,1,103.1,100,,,,,,,,,,,,,,,,
2026-06-29T06:01:31.373039+00:00,2026-06-29T16:01:31.369039,3,3,102.45,0.3,102.3,1,102.2,5,102.1,100,,,,,,,,,,,,,,,102.6,96,102.9,1,103.1,100,,,,,,,,,,,,,,
2026-06-29T06:01:31.417040+00:00,2026-06-29T16:01:31.411040,3,3,102.45,0.3,102.3,1,102.2,5,102.1,100,,,,,,,,,,,,,,,102.6,97,102.9,1,103.1,100,,,,,,,,,,,,,,
2026-06-29T06:01:31.735573+00:00,2026-06-29T16:01:31.731573,3,3,102.45,0.3,102.3,1,102.2,5,102.1,100,,,,,,,,,,,,,,,102.6,47,102.9,1,103.1,100,,,,,,,,,,,,,,
2026-06-29T06:01:32.263573+00:00,2026-06-29T16:01:32.252717,3,2,102.45,0.3,102.3,1,102.2,5,102.1,100,,,,,,,,,,,,,,,102.6,47,102.9,1,,,,,,,,,,,,,,,,
2026-06-29T06:01:32.307573+00:00,2026-06-29T16:01:32.305573,4,2,102.45,0.3,102.3,1,102.2,5,102.1,100,102.0,150,,,,,,,,,,,,,102.6,47,102.9,1,,,,,,,,,,,,,,,,
2026-06-29T06:01:32.362573+00:00,2026-06-29T16:01:32.359573,4,3,102.4,0.2,102.3,1,102.2,5,102.1,100,102.0,150,,,,,,,,,,,,,102.5,150,102.6,47,102.9,1,,,,,,,,,,,,,,
2026-06-29T06:01:32.417565+00:00,2026-06-29T16:01:32.410573,4,3,102.4,0.2,102.3,1,102.2,4,102.1,100,102.0,150,,,,,,,,,,,,,102.5,150,102.6,47,102.9,1,,,,,,,,,,,,,,
2026-06-29T06:01:33.275564+00:00,2026-06-29T16:01:33.270564,4,3,102.4,0.2,102.3,1,102.2,4,102.1,100,102.0,150,,,,,,,,,,,,,102.5,150,102.6,46,102.9,1,,,,,,,,,,,,,,
2026-06-29T06:01:33.814651+00:00,2026-06-29T16:01:33.808651,3,2,102.35,0.3,102.2,4,102.1,100,102.0,150,,,,,,,,,,,,,,,102.5,150,102.6,46,,,,,,,,,,,,,,,,
2026-06-29T06:01:33.825651+00:00,2026-06-29T16:01:33.817652,3,2,102.35,0.3,102.2,4,102.1,100,102.0,151,,,,,,,,,,,,,,,102.5,150,102.6,47,,,,,,,,,,,,,,,,
2026-06-29T06:01:33.847651+00:00,2026-06-29T16:01:33.838651,3,2,102.35,0.3,102.2,4,102.1,100,102.0,151,,,,,,,,,,,,,,,102.5,100,102.6,47,,,,,,,,,,,,,,,,
2026-06-29T06:01:34.441660+00:00,2026-06-29T16:01:34.433660,2,2,102.35,0.3,102.2,4,102.0,151,,,,,,,,,,,,,,,,,102.5,100,102.6,1,,,,,,,,,,,,,,,,
2026-06-29T06:01:34.485660+00:00,2026-06-29T16:01:34.483660,3,2,102.45,0.1,102.4,100,102.2,4,102.0,151,,,,,,,,,,,,,,,102.5,100,102.6,1,,,,,,,,,,,,,,,,
2026-06-29T06:01:34.551660+00:00,2026-06-29T16:01:34.546660,3,3,102.45,0.1,102.4,100,102.2,4,102.0,151,,,,,,,,,,,,,,,102.5,100,102.6,1,102.9,100,,,,,,,,,,,,,,
2026-06-29T06:01:35.168083+00:00,2026-06-29T16:01:35.160083,3,3,102.45,0.1,102.4,53,102.2,4,102.0,151,,,,,,,,,,,,,,,102.5,100,102.6,1,102.9,100,,,,,,,,,,,,,,
2026-06-29T06:01:35.421083+00:00,2026-06-29T16:01:35.415083,3,2,102.5,0.2,102.4,53,102.2,4,102.0,1,,,,,,,,,,,,,,,102.6,1,102.9,100,,,,,,,,,,,,,,,,
2026-06-29T06:01:35.476082+00:00,2026-06-29T16:01:35.468075,3,2,102.5,0.2,102.4,53,102.2,154,102.0,1,,,,,,,,,,,,,,,102.6,1,102.9,100,,,,,,,,,,,,,,,,
2026-06-29T06:01:35.531083+00:00,2026-06-29T16:01:35.521074,3,3,102.5,0.2,102.4,53,102.2,154,102.0,1,,,,,,,,,,,,,,,102.6,1,102.7,150,102.9,100,,,,,,,,,,,,,,
2026-06-29T06:01:35.652083+00:00,2026-06-29T16:01:35.641083,3,2,102.55,0.3,102.4,53,102.2,154,102.0,1,,,,,,,,,,,,,,,102.7,105,102.9,100,,,,,,,,,,,,,,,,
2026-06-29T06:01:35.949083+00:00,2026-06-29T16:01:35.944083,3,2,102.55,0.3,102.4,53,102.2,154,102.0,1,,,,,,,,,,,,,,,102.7,55,102.9,100,,,,,,,,,,,,,,,,
2026-06-29T06:01:36.168643+00:00,2026-06-29T16:01:36.162643,3,2,102.55,0.3,102.4,53,102.2,154,102.0,1,,,,,,,,,,,,,,,102.7,13,102.9,100,,,,,,,,,,,,,,,,
2026-06-29T06:01:36.729643+00:00,2026-06-29T16:01:36.728643,3,1,102.65,0.5,102.4,53,102.2,154,102.0,1,,,,,,,,,,,,,,,102.9,100,,,,,,,,,,,,,,,,,,
2026-06-29T06:01:36.784643+00:00,2026-06-29T16:01:36.783643,3,1,102.65,0.5,102.4,4,102.2,154,102.0,1,,,,,,,,,,,,,,,102.9,100,,,,,,,,,,,,,,,,,,
2026-06-29T06:01:36.839643+00:00,2026-06-29T16:01:36.832643,2,1,102.65,0.5,102.4,4,102.2,154,,,,,,,,,,,,,,,,,102.9,100,,,,,,,,,,,,,,,,,,
2026-06-29T06:01:36.861643+00:00,2026-06-29T16:01:36.851643,3,2,102.55,0.3,102.4,4,102.2,154,102.1,1,,,,,,,,,,,,,,,102.7,1,102.9,100,,,,,,,,,,,,,,,,
2026-06-29T06:01:37.598643+00:00,2026-06-29T16:01:37.593634,2,1,102.45,0.5,102.2,154,102.1,1,,,,,,,,,,,,,,,,,102.7,1,,,,,,,,,,,,,,,,,,
2026-06-29T06:01:37.653643+00:00,2026-06-29T16:01:37.644643,2,1,102.45,0.5,102.2,154,102.1,101,,,,,,,,,,,,,,,,,102.7,1,,,,,,,,,,,,,,,,,,
2026-06-29T06:01:37.697643+00:00,2026-06-29T16:01:37.696643,2,2,102.4,0.4,102.2,154,102.1,101,,,,,,,,,,,,,,,,,102.6,100,102.7,1,,,,,,,,,,,,,,,,
2026-06-29T06:01:38.115643+00:00,2026-06-29T16:01:38.104643,2,2,102.4,0.4,102.2,104,102.1,101,,,,,,,,,,,,,,,,,102.6,100,102.7,1,,,,,,,,,,,,,,,,
2026-06-29T06:01:38.456643+00:00,2026-06-29T16:01:38.449643,3,2,102.45,0.3,102.3,5,102.2,104,102.1,101,,,,,,,,,,,,,,,102.6,100,102.7,1,,,,,,,,,,,,,,,,
2026-06-29T06:01:38.588760+00:00,2026-06-29T16:01:38.580752,2,2,102.45,0.3,102.3,5,102.1,101,,,,,,,,,,,,,,,,,102.6,100,102.7,1,,,,,,,,,,,,,,,,
2026-06-29T06:01:38.643760+00:00,2026-06-29T16:01:38.635752,3,0,,,102.7,49,102.3,5,102.1,101,,,,,,,,,,,,,,,,,,,,,,,,,,,,,,,,,,
2026-06-29T06:01:38.698760+00:00,2026-06-29T16:01:38.687760,3,1,102.95,0.5,102.7,49,102.3,5,102.1,101,,,,,,,,,,,,,,,103.2,150,,,,,,,,,,,,,,,,,,
2026-06-29T06:01:39.314760+00:00,2026-06-29T16:01:39.304751,3,1,102.95,0.5,102.7,48,102.3,5,102.1,101,,,,,,,,,,,,,,,103.2,150,,,,,,,,,,,,,,,,,,
2026-06-29T06:01:39.369760+00:00,2026-06-29T16:01:39.359751,3,1,102.95,0.5,102.7,47,102.3,5,102.1,101,,,,,,,,,,,,,,,103.2,150,,,,,,,,,,,,,,,,,,
2026-06-29T06:01:39.424760+00:00,2026-06-29T16:01:39.414760,3,1,102.95,0.5,102.7,47,102.3,4,102.1,101,,,,,,,,,,,,,,,103.2,150,,,,,,,,,,,,,,,,,,
2026-06-29T06:01:39.479760+00:00,2026-06-29T16:01:39.468760,3,1,102.95,0.5,102.7,46,102.3,4,102.1,101,,,,,,,,,,,,,,,103.2,150,,,,,,,,,,,,,,,,,,
2026-06-29T06:01:39.853294+00:00,2026-06-29T16:01:39.851294,3,1,102.95,0.5,102.7,46,102.3,4,102.1,100,,,,,,,,,,,,,,,103.2,150,,,,,,,,,,,,,,,,,,
2026-06-29T06:01:39.864285+00:00,2026-06-29T16:01:39.864285,4,2,102.9,0.4,102.7,46,102.5,1,102.3,4,102.1,100,,,,,,,,,,,,,103.1,1,103.2,150,,,,,,,,,,,,,,,,
2026-06-29T06:01:40.755294+00:00,2026-06-29T16:01:40.753294,3,2,102.9,0.4,102.7,46,102.5,1,102.3,4,,,,,,,,,,,,,,,103.1,1,103.2,150,,,,,,,,,,,,,,,,
2026-06-29T06:01:40.810294+00:00,2026-06-29T16:01:40.805286,3,2,102.9,0.4,102.7,46,102.5,1,102.3,104,,,,,,,,,,,,,,,103.1,1,103.2,150,,,,,,,,,,,,,,,,
2026-06-29T06:01:40.865286+00:00,2026-06-29T16:01:40.859285,3,3,102.75,0.1,102.7,46,102.5,1,102.3,104,,,,,,,,,,,,,,,102.8,100,103.1,1,103.2,150,,,,,,,,,,,,,,
2026-06-29T06:01:41.745294+00:00,2026-06-29T16:01:41.743294,2,2,102.65,0.3,102.5,1,102.3,104,,,,,,,,,,,,,,,,,102.8,100,103.1,1,,,,,,,,,,,,,,,,
2026-06-29T06:01:41.800294+00:00,2026-06-29T16:01:41.797294,3,2,102.65,0.3,102.5,1,102.3,104,102.2,150,,,,,,,,,,,,,,,102.8,100,103.1,1,,,,,,,,,,,,,,,,
2026-06-29T06:01:41.855294+00:00,2026-06-29T16:01:41.853285,3,3,102.6,0.2,102.5,1,102.3,104,102.2,150,,,,,,,,,,,,,,,102.7,150,102.8,100,103.1,1,,,,,,,,,,,,,,
2026-06-29T06:01:42.273294+00:00,2026-06-29T16:01:42.262294,3,3,102.6,0.2,102.5,1,102.3,104,102.2,150,,,,,,,,,,,,,,,102.7,100,102.8,100,103.1,1,,,,,,,,,,,,,,
2026-06-29T06:01:42.856314+00:00,2026-06-29T16:01:42.855314,3,3,102.6,0.2,102.5,1,102.3,104,102.2,150,,,,,,,,,,,,,,,102.7,57,102.8,100,103.1,1,,,,,,,,,,,,,,
2026-06-29T06:01:42.889306+00:00,2026-06-29T16:01:42.879314,2,2,102.5,0.4,102.3,104,102.2,150,,,,,,,,,,,,,,,,,102.7,57,102.8,100,,,,,,,,,,,,,,,,
2026-06-29T06:01:42.900314+00:00,2026-06-29T16:01:42.895314,2,3,102.5,0.4,102.3,104,102.2,151,,,,,,,,,,,,,,,,,102.7,57,102.8,100,102.9,1,,,,,,,,,,,,,,
2026-06-29T06:01:43.494314+00:00,2026-06-29T16:01:43.483444,2,3,102.5,0.4,102.3,59,102.2,151,,,,,,,,,,,,,,,,,102.7,57,102.8,100,102.9,1,,,,,,,,,,,,,,
2026-06-29T06:01:43.922536+00:00,2026-06-29T16:01:43.914536,1,2,102.45,0.5,102.2,151,,,,,,,,,,,,,,,,,,,102.7,57,102.9,1,,,,,,,,,,,,,,,,
2026-06-29T06:01:43.977536+00:00,2026-06-29T16:01:43.966536,1,2,102.45,0.5,102.2,251,,,,,,,,,,,,,,,,,,,102.7,57,102.9,1,,,,,,,,,,,,,,,,
2026-06-29T06:01:44.043536+00:00,2026-06-29T16:01:44.035540,1,2,102.45,0.5,102.2,251,,,,,,,,,,,,,,,,,,,102.7,157,102.9,1,,,,,,,,,,,,,,,,
2026-06-29T06:01:44.373535+00:00,2026-06-29T16:01:44.367535,1,2,102.45,0.5,102.2,251,,,,,,,,,,,,,,,,,,,102.7,107,102.9,1,,,,,,,,,,,,,,,,
2026-06-29T06:01:44.923536+00:00,2026-06-29T16:01:44.922535,1,2,102.45,0.5,102.2,101,,,,,,,,,,,,,,,,,,,102.7,100,102.9,1,,,,,,,,,,,,,,,,
2026-06-29T06:01:44.978536+00:00,2026-06-29T16:01:44.972526,2,0,,,102.9,49,102.2,101,,,,,,,,,,,,,,,,,,,,,,,,,,,,,,,,,,,,
2026-06-29T06:01:45.033536+00:00,2026-06-29T16:01:45.024536,2,1,103.15,0.5,102.9,49,102.2,101,,,,,,,,,,,,,,,,,103.4,150,,,,,,,,,,,,,,,,,,
2026-06-29T06:01:45.912966+00:00,2026-06-29T16:01:45.904966,2,1,103.15,0.5,102.9,49,102.2,100,,,,,,,,,,,,,,,,,103.4,150,,,,,,,,,,,,,,,,,,
2026-06-29T06:01:45.923966+00:00,2026-06-29T16:01:45.916967,3,2,103.1,0.4,102.9,49,102.7,1,102.2,100,,,,,,,,,,,,,,,103.3,1,103.4,150,,,,,,,,,,,,,,,,
2026-06-29T06:01:46.528562+00:00,2026-06-29T16:01:46.526562,1,2,102.75,1.1,102.2,100,,,,,,,,,,,,,,,,,,,103.3,1,103.4,150,,,,,,,,,,,,,,,,
2026-06-29T06:01:47.089562+00:00,2026-06-29T16:01:47.085562,0,2,,,,,,,,,,,,,,,,,,,,,,,103.3,1,103.4,150,,,,,,,,,,,,,,,,
2026-06-29T06:01:47.144562+00:00,2026-06-29T16:01:47.138562,1,2,103.0,0.6,102.7,100,,,,,,,,,,,,,,,,,,,103.3,1,103.4,150,,,,,,,,,,,,,,,,
2026-06-29T06:01:47.199562+00:00,2026-06-29T16:01:47.190562,1,3,102.95,0.5,102.7,100,,,,,,,,,,,,,,,,,,,103.2,100,103.3,1,103.4,150,,,,,,,,,,,,,,
2026-06-29T06:01:48.079562+00:00,2026-06-29T16:01:48.077553,1,2,102.95,0.5,102.7,100,,,,,,,,,,,,,,,,,,,103.2,100,103.3,1,,,,,,,,,,,,,,,,
2026-06-29T06:01:48.134554+00:00,2026-06-29T16:01:48.130562,2,2,102.95,0.5,102.7,100,102.4,150,,,,,,,,,,,,,,,,,103.2,100,103.3,1,,,,,,,,,,,,,,,,
2026-06-29T06:01:48.189553+00:00,2026-06-29T16:01:48.183553,2,3,102.8,0.2,102.7,100,102.4,150,,,,,,,,,,,,,,,,,102.9,150,103.2,100,103.3,1,,,,,,,,,,,,,,
2026-06-29T06:01:48.233554+00:00,2026-06-29T16:01:48.231555,3,3,102.8,0.2,102.7,100,102.5,5,102.4,150,,,,,,,,,,,,,,,102.9,150,103.2,100,103.3,1,,,,,,,,,,,,,,
2026-06-29T06:01:48.464553+00:00,2026-06-29T16:01:48.455553,3,3,102.8,0.2,102.7,100,102.5,5,102.4,150,,,,,,,,,,,,,,,102.9,104,103.2,100,103.3,1,,,,,,,,,,,,,,
2026-06-29T06:01:48.936089+00:00,2026-06-29T16:01:48.935089,3,3,102.8,0.2,102.7,100,102.5,5,102.4,150,,,,,,,,,,,,,,,102.9,104,103.0,1,103.2,100,,,,,,,,,,,,,,
2026-06-29T06:01:48.947089+00:00,2026-06-29T16:01:48.937090,3,3,102.8,0.2,102.7,100,102.5,5,102.4,151,,,,,,,,,,,,,,,102.9,104,103.0,1,103.2,100,,,,,,,,,,,,,,
2026-06-29T06:01:49.145089+00:00,2026-06-29T16:01:49.138089,3,3,102.8,0.2,102.7,51,102.5,5,102.4,151,,,,,,,,,,,,,,,102.9,104,103.0,1,103.2,100,,,,,,,,,,,,,,
2026-06-29T06:01:50.255531+00:00,2026-06-29T16:01:50.247530,2,2,102.7,0.4,102.5,5,102.4,151,,,,,,,,,,,,,,,,,102.9,104,103.0,1,,,,,,,,,,,,,,,,
2026-06-29T06:01:50.310531+00:00,2026-06-29T16:01:50.300531,2,2,102.7,0.4,102.5,5,102.4,251,,,,,,,,,,,,,,,,,102.9,104,103.0,1,,,,,,,,,,,,,,,,
2026-06-29T06:01:50.365530+00:00,2026-06-29T16:01:50.354531,2,2,102.7,0.4,102.5,5,102.4,251,,,,,,,,,,,,,,,,,102.9,204,103.0,1,,,,,,,,,,,,,,,,
2026-06-29T06:01:50.695539+00:00,2026-06-29T16:01:50.693539,2,2,102.7,0.4,102.5,5,102.4,251,,,,,,,,,,,,,,,,,102.9,154,103.0,1,,,,,,,,,,,,,,,,
2026-06-29T06:01:50.772531+00:00,2026-06-29T16:01:50.770530,2,2,102.7,0.4,102.5,4,102.4,251,,,,,,,,,,,,,,,,,102.9,154,103.0,1,,,,,,,,,,,,,,,,
2026-06-29T06:01:51.014540+00:00,2026-06-29T16:01:51.012539,2,2,102.7,0.4,102.5,3,102.4,251,,,,,,,,,,,,,,,,,102.9,154,103.0,1,,,,,,,,,,,,,,,,
2026-06-29T06:01:51.245530+00:00,2026-06-29T16:01:51.238531,2,2,102.7,0.4,102.5,3,102.4,101,,,,,,,,,,,,,,,,,102.9,100,103.0,1,,,,,,,,,,,,,,,,
2026-06-29T06:01:51.311530+00:00,2026-06-29T16:01:51.300531,3,2,102.8,0.2,102.7,150,102.5,3,102.4,101,,,,,,,,,,,,,,,102.9,100,103.0,1,,,,,,,,,,,,,,,,
2026-06-29T06:01:51.355531+00:00,2026-06-29T16:01:51.350530,3,3,102.8,0.2,102.7,150,102.5,3,102.4,101,,,,,,,,,,,,,,,102.9,100,103.0,1,103.2,150,,,,,,,,,,,,,,
2026-06-29T06:01:51.575530+00:00,2026-06-29T16:01:51.564826,3,3,102.8,0.2,102.7,150,102.5,3,102.4,101,,,,,,,,,,,,,,,102.9,59,103.0,1,103.2,150,,,,,,,,,,,,,,
2026-06-29T06:01:51.806540+00:00,2026-06-29T16:01:51.797539,3,3,102.8,0.2,102.7,150,102.5,2,102.4,101,,,,,,,,,,,,,,,102.9,59,103.0,1,103.2,150,,,,,,,,,,,,,,
2026-06-29T06:01:51.960530+00:00,2026-06-29T16:01:51.958530,3,3,102.8,0.2,102.7,150,102.5,2,102.4,100,,,,,,,,,,,,,,,102.9,59,103.0,1,103.2,150,,,,,,,,,,,,,,
2026-06-29T06:01:51.971530+00:00,2026-06-29T16:01:51.963531,3,3,102.8,0.2,102.7,150,102.5,2,102.4,101,,,,,,,,,,,,,,,102.9,59,103.0,1,103.2,150,,,,,,,,,,,,,,
2026-06-29T06:01:52.180530+00:00,2026-06-29T16:01:52.176530,3,3,102.8,0.2,102.7,103,102.5,2,102.4,101,,,,,,,,,,,,,,,102.9,59,103.0,1,103.2,150,,,,,,,,,,,,,,
2026-06-29T06:01:52.818539+00:00,2026-06-29T16:01:52.808539,3,3,102.8,0.2,102.7,103,102.5,2,102.4,101,,,,,,,,,,,,,,,102.9,63,103.0,1,103.2,150,,,,,,,,,,,,,,
2026-06-29T06:01:53.412539+00:00,2026-06-29T16:01:53.410539,3,3,102.8,0.2,102.7,103,102.5,2,102.4,101,,,,,,,,,,,,,,,102.9,4,103.0,1,103.2,150,,,,,,,,,,,,,,
2026-06-29T06:01:53.423539+00:00,2026-06-29T16:01:53.413540,3,3,102.8,0.2,102.7,103,102.5,2,102.4,1,,,,,,,,,,,,,,,102.9,4,103.0,1,103.2,150,,,,,,,,,,,,,,
2026-06-29T06:01:53.467537+00:00,2026-06-29T16:01:53.467537,3,3,102.8,0.2,102.7,203,102.5,2,102.4,1,,,,,,,,,,,,,,,102.9,4,103.0,1,103.2,150,,,,,,,,,,,,,,
2026-06-29T06:01:53.522540+00:00,2026-06-29T16:01:53.518540,3,3,102.8,0.2,102.7,203,102.5,2,102.4,1,,,,,,,,,,,,,,,102.9,4,103.0,1,103.2,250,,,,,,,,,,,,,,
2026-06-29T06:01:53.841176+00:00,2026-06-29T16:01:53.839176,3,3,102.8,0.2,102.7,203,102.5,1,102.4,1,,,,,,,,,,,,,,,102.9,4,103.0,1,103.2,250,,,,,,,,,,,,,,
2026-06-29T06:01:54.248176+00:00,2026-06-29T16:01:54.238176,3,3,102.8,0.2,102.7,203,102.5,1,102.4,1,,,,,,,,,,,,,,,102.9,2,103.0,1,103.2,250,,,,,,,,,,,,,,
2026-06-29T06:01:54.413176+00:00,2026-06-29T16:01:54.406176,3,3,102.8,0.2,102.7,100,102.5,1,102.4,1,,,,,,,,,,,,,,,102.9,2,103.0,1,103.2,100,,,,,,,,,,,,,,
2026-06-29T06:01:54.468176+00:00,2026-06-29T16:01:54.459176,4,3,102.8,0.2,102.7,100,102.6,150,102.5,1,102.4,1,,,,,,,,,,,,,102.9,2,103.0,1,103.2,100,,,,,,,,,,,,,,
2026-06-29T06:01:54.523176+00:00,2026-06-29T16:01:54.512176,4,4,102.8,0.2,102.7,100,102.6,150,102.5,1,102.4,1,,,,,,,,,,,,,102.9,2,103.0,1,103.1,150,103.2,100,,,,,,,,,,,,
2026-06-29T06:01:54.820176+00:00,2026-06-29T16:01:54.812167,4,4,102.8,0.2,102.7,55,102.6,150,102.5,1,102.4,1,,,,,,,,,,,,,102.9,2,103.0,1,103.1,150,103.2,100,,,,,,,,,,,,
2026-06-29T06:01:54.864176+00:00,2026-06-29T16:01:54.857167,4,4,102.8,0.2,102.7,55,102.6,150,102.5,1,102.4,1,,,,,,,,,,,,,102.9,1,103.0,1,103.1,150,103.2,100,,,,,,,,,,,,
2026-06-29T06:01:54.985176+00:00,2026-06-29T16:01:54.978176,3,4,102.8,0.2,102.7,55,102.6,150,102.5,1,,,,,,,,,,,,,,,102.9,1,103.0,1,103.1,150,103.2,100,,,,,,,,,,,,
2026-06-29T06:01:54.996168+00:00,2026-06-29T16:01:54.994166,3,3,102.8,0.2,102.7,55,102.6,150,102.5,2,,,,,,,,,,,,,,,102.9,1,103.1,151,103.2,100,,,,,,,,,,,,,,
2026-06-29T06:01:56.348751+00:00,2026-06-29T16:01:56.344759,3,2,102.9,0.4,102.7,55,102.6,150,102.5,2,,,,,,,,,,,,,,,103.1,151,103.2,100,,,,,,,,,,,,,,,,
2026-06-29T06:01:56.579750+00:00,2026-06-29T16:01:56.573750,2,1,102.85,0.5,102.6,150,102.5,2,,,,,,,,,,,,,,,,,103.1,151,,,,,,,,,,,,,,,,,,
2026-06-29T06:01:56.634759+00:00,2026-06-29T16:01:56.624759,3,1,102.85,0.5,102.6,150,102.5,2,102.4,100,,,,,,,,,,,,,,,103.1,151,,,,,,,,,,,,,,,,,,
2026-06-29T06:01:56.689759+00:00,2026-06-29T16:01:56.679750,3,2,102.75,0.3,102.6,150,102.5,2,102.4,100,,,,,,,,,,,,,,,102.9,100,103.1,151,,,,,,,,,,,,,,,,
2026-06-29T06:01:57.063750+00:00,2026-06-29T16:01:57.057750,3,2,102.75,0.3,102.6,100,102.5,2,102.4,100,,,,,,,,,,,,,,,102.9,100,103.1,151,,,,,,,,,,,,,,,,
2026-06-29T06:01:57.569750+00:00,2026-06-29T16:01:57.567750,2,2,102.7,0.4,102.5,2,102.4,100,,,,,,,,,,,,,,,,,102.9,100,103.1,1,,,,,,,,,,,,,,,,
2026-06-29T06:01:57.624759+00:00,2026-06-29T16:01:57.623763,2,2,102.7,0.4,102.5,2,102.4,250,,,,,,,,,,,,,,,,,102.9,100,103.1,1,,,,,,,,,,,,,,,,
2026-06-29T06:01:57.679759+00:00,2026-06-29T16:01:57.672754,2,2,102.7,0.4,102.5,2,102.4,250,,,,,,,,,,,,,,,,,102.9,250,103.1,1,,,,,,,,,,,,,,,,
2026-06-29T06:01:58.009759+00:00,2026-06-29T16:01:58.006759,2,1,102.7,0.4,102.5,1,102.4,250,,,,,,,,,,,,,,,,,102.9,250,,,,,,,,,,,,,,,,,,
2026-06-29T06:01:58.020759+00:00,2026-06-29T16:01:58.017759,2,2,102.65,0.3,102.5,1,102.4,250,,,,,,,,,,,,,,,,,102.8,1,102.9,250,,,,,,,,,,,,,,,,
2026-06-29T06:01:58.031273+00:00,2026-06-29T16:01:58.020759,3,2,102.65,0.3,102.5,1,102.4,250,102.2,1,,,,,,,,,,,,,,,102.8,1,102.9,250,,,,,,,,,,,,,,,,
2026-06-29T06:01:58.987702+00:00,2026-06-29T16:01:58.977703,3,2,102.65,0.3,102.5,1,102.4,250,102.2,1,,,,,,,,,,,,,,,102.8,1,102.9,253,,,,,,,,,,,,,,,,
2026-06-29T06:01:59.053703+00:00,2026-06-29T16:01:59.046694,3,1,102.7,0.4,102.5,1,102.4,250,102.2,1,,,,,,,,,,,,,,,102.9,214,,,,,,,,,,,,,,,,,,
2026-06-29T06:01:59.174694+00:00,2026-06-29T16:01:59.167703,2,1,102.65,0.5,102.4,201,102.2,1,,,,,,,,,,,,,,,,,102.9,214,,,,,,,,,,,,,,,,,,
2026-06-29T06:01:59.394693+00:00,2026-06-29T16:01:59.387693,3,1,102.75,0.3,102.6,3,102.4,201,102.2,1,,,,,,,,,,,,,,,102.9,214,,,,,,,,,,,,,,,,,,
2026-06-29T06:01:59.658694+00:00,2026-06-29T16:01:59.654694,3,1,102.75,0.3,102.6,2,102.4,201,102.2,1,,,,,,,,,,,,,,,102.9,214,,,,,,,,,,,,,,,,,,
2026-06-29T06:01:59.735694+00:00,2026-06-29T16:01:59.733694,3,1,102.75,0.3,102.6,2,102.4,150,102.2,1,,,,,,,,,,,,,,,102.9,153,,,,,,,,,,,,,,,,,,
2026-06-29T06:01:59.812693+00:00,2026-06-29T16:01:59.807694,4,1,102.75,0.3,102.6,2,102.5,100,102.4,150,102.2,1,,,,,,,,,,,,,102.9,153,,,,,,,,,,,,,,,,,,
2026-06-29T06:01:59.856694+00:00,2026-06-29T16:01:59.852694,4,2,102.75,0.3,102.6,2,102.5,100,102.4,150,102.2,1,,,,,,,,,,,,,102.9,153,103.0,100,,,,,,,,,,,,,,,,
2026-06-29T06:02:00.505703+00:00,2026-06-29T16:02:00.494883,4,2,102.75,0.3,102.6,1,102.5,100,102.4,150,102.2,1,,,,,,,,,,,,,102.9,153,103.0,100,,,,,,,,,,,,,,,,
2026-06-29T06:02:00.736703+00:00,2026-06-29T16:02:00.728703,3,2,102.75,0.3,102.6,1,102.5,100,102.2,1,,,,,,,,,,,,,,,102.9,3,103.0,100,,,,,,,,,,,,,,,,
2026-06-29T06:02:00.791703+00:00,2026-06-29T16:02:00.782694,4,2,102.75,0.3,102.6,1,102.5,100,102.3,150,102.2,1,,,,,,,,,,,,,102.9,3,103.0,100,,,,,,,,,,,,,,,,
2026-06-29T06:02:00.846703+00:00,2026-06-29T16:02:00.836703,4,3,102.7,0.2,102.6,1,102.5,100,102.3,150,102.2,1,,,,,,,,,,,,,102.8,150,102.9,3,103.0,100,,,,,,,,,,,,,,
2026-06-29T06:02:01.066694+00:00,2026-06-29T16:02:01.059694,3,3,102.7,0.2,102.6,1,102.5,100,102.3,150,,,,,,,,,,,,,,,102.8,150,102.9,3,103.0,100,,,,,,,,,,,,,,
2026-06-29T06:02:01.077694+00:00,2026-06-29T16:02:01.072694,4,3,102.7,0.2,102.6,1,102.5,100,102.4,1,102.3,150,,,,,,,,,,,,,102.8,150,102.9,3,103.0,101,,,,,,,,,,,,,,
2026-06-29T06:02:01.132694+00:00,2026-06-29T16:02:01.131694,3,3,102.65,0.3,102.5,100,102.4,1,102.3,150,,,,,,,,,,,,,,,102.8,150,102.9,3,103.0,101,,,,,,,,,,,,,,
2026-06-29T06:02:01.319702+00:00,2026-06-29T16:02:01.317703,3,3,102.65,0.3,102.5,50,102.4,1,102.3,150,,,,,,,,,,,,,,,102.8,150,102.9,3,103.0,101,,,,,,,,,,,,,,
2026-06-29T06:02:02.914694+00:00,2026-06-29T16:02:02.905702,2,3,102.6,0.4,102.4,1,102.3,150,,,,,,,,,,,,,,,,,102.8,150,102.9,3,103.0,1,,,,,,,,,,,,,,
2026-06-29T06:02:02.969702+00:00,2026-06-29T16:02:02.958815,2,3,102.6,0.4,102.4,1,102.3,250,,,,,,,,,,,,,,,,,102.8,150,102.9,3,103.0,1,,,,,,,,,,,,,,
2026-06-29T06:02:03.013703+00:00,2026-06-29T16:02:03.011694,2,3,102.6,0.4,102.4,1,102.3,250,,,,,,,,,,,,,,,,,102.8,250,102.9,3,103.0,1,,,,,,,,,,,,,,
2026-06-29T06:02:03.387703+00:00,2026-06-29T16:02:03.385703,1,3,102.55,0.5,102.3,201,,,,,,,,,,,,,,,,,,,102.8,250,102.9,3,103.0,1,,,,,,,,,,,,,,
2026-06-29T06:02:03.739260+00:00,2026-06-29T16:02:03.736260,2,3,102.7,0.2,102.6,1,102.3,201,,,,,,,,,,,,,,,,,102.8,250,102.9,3,103.0,1,,,,,,,,,,,,,,
2026-06-29T06:02:03.816260+00:00,2026-06-29T16:02:03.811260,1,3,102.55,0.5,102.3,201,,,,,,,,,,,,,,,,,,,102.8,250,102.9,3,103.0,1,,,,,,,,,,,,,,
2026-06-29T06:02:03.893260+00:00,2026-06-29T16:02:03.892260,1,3,102.55,0.5,102.3,100,,,,,,,,,,,,,,,,,,,102.8,100,102.9,3,103.0,1,,,,,,,,,,,,,,
2026-06-29T06:02:03.948260+00:00,2026-06-29T16:02:03.945252,2,3,102.55,0.5,102.3,100,102.2,150,,,,,,,,,,,,,,,,,102.8,100,102.9,3,103.0,1,,,,,,,,,,,,,,
2026-06-29T06:02:04.025272+00:00,2026-06-29T16:02:04.019254,2,4,102.5,0.4,102.3,100,102.2,150,,,,,,,,,,,,,,,,,102.7,150,102.8,100,102.9,3,103.0,1,,,,,,,,,,,,
2026-06-29T06:02:04.091260+00:00,2026-06-29T16:02:04.090260,2,3,102.5,0.4,102.3,100,102.2,150,,,,,,,,,,,,,,,,,102.7,150,102.8,100,102.9,3,,,,,,,,,,,,,,
2026-06-29T06:02:04.102260+00:00,2026-06-29T16:02:04.098260,2,3,102.5,0.4,102.3,100,102.2,151,,,,,,,,,,,,,,,,,102.7,150,102.8,101,102.9,3,,,,,,,,,,,,,,
2026-06-29T06:02:04.420793+00:00,2026-06-29T16:02:04.411785,2,3,102.5,0.4,102.3,100,102.2,151,,,,,,,,,,,,,,,,,102.7,105,102.8,101,102.9,3,,,,,,,,,,,,,,
2026-06-29T06:02:05.454784+00:00,2026-06-29T16:02:05.446784,2,3,102.5,0.4,102.3,100,102.2,151,,,,,,,,,,,,,,,,,102.7,55,102.8,101,102.9,3,,,,,,,,,,,,,,
2026-06-29T06:02:05.476784+00:00,2026-06-29T16:02:05.471785,2,3,102.5,0.4,102.3,59,102.2,151,,,,,,,,,,,,,,,,,102.7,55,102.8,101,102.9,3,,,,,,,,,,,,,,
2026-06-29T06:02:05.872784+00:00,2026-06-29T16:02:05.865793,3,3,102.6,0.2,102.5,1,102.3,59,102.2,151,,,,,,,,,,,,,,,102.7,55,102.8,101,102.9,3,,,,,,,,,,,,,,
2026-06-29T06:02:06.070794+00:00,2026-06-29T16:02:06.066793,2,3,102.6,0.2,102.5,1,102.2,151,,,,,,,,,,,,,,,,,102.7,55,102.8,1,102.9,3,,,,,,,,,,,,,,
2026-06-29T06:02:06.125347+00:00,2026-06-29T16:02:06.119347,2,3,102.6,0.2,102.5,1,102.2,251,,,,,,,,,,,,,,,,,102.7,55,102.8,1,102.9,3,,,,,,,,,,,,,,
2026-06-29T06:02:06.191367+00:00,2026-06-29T16:02:06.181368,2,3,102.6,0.2,102.5,1,102.2,251,,,,,,,,,,,,,,,,,102.7,155,102.8,1,102.9,3,,,,,,,,,,,,,,
2026-06-29T06:02:07.071367+00:00,2026-06-29T16:02:07.069359,2,3,102.6,0.2,102.5,1,102.2,251,,,,,,,,,,,,,,,,,102.7,100,102.8,1,102.9,3,,,,,,,,,,,,,,
2026-06-29T06:02:07.082368+00:00,2026-06-29T16:02:07.071525,2,3,102.6,0.2,102.5,1,102.2,101,,,,,,,,,,,,,,,,,102.7,100,102.8,1,102.9,3,,,,,,,,,,,,,,
2026-06-29T06:02:07.126367+00:00,2026-06-29T16:02:07.121367,2,3,102.6,0.2,102.5,1,102.2,100,,,,,,,,,,,,,,,,,102.7,100,102.9,3,103.0,1,,,,,,,,,,,,,,
2026-06-29T06:02:07.137367+00:00,2026-06-29T16:02:07.127368,3,3,102.6,0.2,102.5,151,102.4,1,102.2,100,,,,,,,,,,,,,,,102.7,100,102.9,3,103.0,1,,,,,,,,,,,,,,
2026-06-29T06:02:07.181367+00:00,2026-06-29T16:02:07.176368,3,3,102.6,0.2,102.5,151,102.4,1,102.2,100,,,,,,,,,,,,,,,102.7,100,102.9,3,103.0,151,,,,,,,,,,,,,,
2026-06-29T06:02:07.511368+00:00,2026-06-29T16:02:07.510367,3,3,102.6,0.2,102.5,105,102.4,1,102.2,100,,,,,,,,,,,,,,,102.7,100,102.9,3,103.0,151,,,,,,,,,,,,,,
2026-06-29T06:02:07.533368+00:00,2026-06-29T16:02:07.532368,3,3,102.6,0.2,102.5,106,102.4,1,102.2,100,,,,,,,,,,,,,,,102.7,100,102.9,3,103.0,151,,,,,,,,,,,,,,
2026-06-29T06:02:07.555368+00:00,2026-06-29T16:02:07.553367,3,3,102.6,0.2,102.5,106,102.4,1,102.2,100,,,,,,,,,,,,,,,102.7,50,102.9,3,103.0,151,,,,,,,,,,,,,,
2026-06-29T06:02:08.270368+00:00,2026-06-29T16:02:08.267367,3,3,102.6,0.2,102.5,106,102.4,1,102.2,100,,,,,,,,,,,,,,,102.7,50,102.9,2,103.0,151,,,,,,,,,,,,,,
2026-06-29T06:02:09.239511+00:00,2026-06-29T16:02:09.232511,2,2,102.7,0.4,102.5,106,102.4,1,,,,,,,,,,,,,,,,,102.9,2,103.0,151,,,,,,,,,,,,,,,,
2026-06-29T06:02:09.294511+00:00,2026-06-29T16:02:09.290511,3,2,102.7,0.4,102.5,106,102.4,1,102.3,100,,,,,,,,,,,,,,,102.9,2,103.0,151,,,,,,,,,,,,,,,,
2026-06-29T06:02:09.360511+00:00,2026-06-29T16:02:09.349512,3,3,102.65,0.3,102.5,106,102.4,1,102.3,100,,,,,,,,,,,,,,,102.8,100,102.9,2,103.0,151,,,,,,,,,,,,,,
2026-06-29T06:02:09.624520+00:00,2026-06-29T16:02:09.620520,3,3,102.65,0.3,102.5,106,102.4,1,102.3,100,,,,,,,,,,,,,,,102.8,59,102.9,2,103.0,151,,,,,,,,,,,,,,
2026-06-29T06:02:09.657520+00:00,2026-06-29T16:02:09.655511,3,3,102.65,0.3,102.5,106,102.4,1,102.3,100,,,,,,,,,,,,,,,102.8,9,102.9,2,103.0,151,,,,,,,,,,,,,,
2026-06-29T06:02:09.899520+00:00,2026-06-29T16:02:09.893520,3,3,102.65,0.3,102.5,106,102.4,1,102.3,100,,,,,,,,,,,,,,,102.8,9,102.9,1,103.0,151,,,,,,,,,,,,,,
2026-06-29T06:02:10.141520+00:00,2026-06-29T16:02:10.135520,2,3,102.65,0.3,102.5,106,102.3,100,,,,,,,,,,,,,,,,,102.8,9,102.9,1,103.0,150,,,,,,,,,,,,,,
2026-06-29T06:02:10.152519+00:00,2026-06-29T16:02:10.147520,2,4,102.65,0.3,102.5,107,102.3,100,,,,,,,,,,,,,,,,,102.8,9,102.9,1,103.0,150,103.1,1,,,,,,,,,,,,
2026-06-29T06:02:10.240511+00:00,2026-06-29T16:02:10.229689,2,3,102.65,0.3,102.5,2,102.3,100,,,,,,,,,,,,,,,,,102.8,9,102.9,1,103.1,1,,,,,,,,,,,,,,
2026-06-29T06:02:10.284510+00:00,2026-06-29T16:02:10.283511,2,3,102.65,0.3,102.5,2,102.3,250,,,,,,,,,,,,,,,,,102.8,9,102.9,1,103.1,1,,,,,,,,,,,,,,
2026-06-29T06:02:10.339511+00:00,2026-06-29T16:02:10.335512,2,3,102.65,0.3,102.5,2,102.3,250,,,,,,,,,,,,,,,,,102.8,159,102.9,1,103.1,1,,,,,,,,,,,,,,
2026-06-29T06:02:11.769520+00:00,2026-06-29T16:02:11.762520,2,3,102.65,0.3,102.5,2,102.3,250,,,,,,,,,,,,,,,,,102.8,109,102.9,1,103.1,1,,,,,,,,,,,,,,
2026-06-29T06:02:12.396540+00:00,2026-06-29T16:02:12.392533,2,3,102.65,0.3,102.5,2,102.3,150,,,,,,,,,,,,,,,,,102.8,109,102.9,1,103.1,1,,,,,,,,,,,,,,
2026-06-29T06:02:12.451540+00:00,2026-06-29T16:02:12.445540,3,3,102.75,0.1,102.7,100,102.5,2,102.3,150,,,,,,,,,,,,,,,102.8,109,102.9,1,103.1,1,,,,,,,,,,,,,,
2026-06-29T06:02:12.517540+00:00,2026-06-29T16:02:12.506540,3,4,102.75,0.1,102.7,100,102.5,2,102.3,150,,,,,,,,,,,,,,,102.8,109,102.9,1,103.1,1,103.2,100,,,,,,,,,,,,
2026-06-29T06:02:13.034540+00:00,2026-06-29T16:02:13.032540,3,4,102.75,0.1,102.7,100,102.5,1,102.3,150,,,,,,,,,,,,,,,102.8,109,102.9,1,103.1,1,103.2,100,,,,,,,,,,,,
2026-06-29T06:02:13.166540+00:00,2026-06-29T16:02:13.160540,2,3,102.75,0.1,102.7,100,102.3,150,,,,,,,,,,,,,,,,,102.8,109,102.9,1,103.2,100,,,,,,,,,,,,,,
2026-06-29T06:02:13.177540+00:00,2026-06-29T16:02:13.171540,3,4,102.75,0.1,102.7,100,102.5,1,102.3,150,,,,,,,,,,,,,,,102.8,109,102.9,1,103.1,1,103.2,100,,,,,,,,,,,,
2026-06-29T06:02:13.397540+00:00,2026-06-29T16:02:13.391538,2,3,102.8,0.2,102.7,100,102.5,1,,,,,,,,,,,,,,,,,102.9,1,103.1,1,103.2,100,,,,,,,,,,,,,,
2026-06-29T06:02:13.452540+00:00,2026-06-29T16:02:13.445540,2,3,102.8,0.2,102.7,100,102.5,151,,,,,,,,,,,,,,,,,102.9,1,103.1,1,103.2,100,,,,,,,,,,,,,,
2026-06-29T06:02:13.507540+00:00,2026-06-29T16:02:13.501531,2,4,102.8,0.2,102.7,100,102.5,151,,,,,,,,,,,,,,,,,102.9,1,103.0,150,103.1,1,103.2,100,,,,,,,,,,,,
2026-06-29T06:02:13.881130+00:00,2026-06-29T16:02:13.872120,2,3,102.85,0.3,102.7,100,102.5,151,,,,,,,,,,,,,,,,,103.0,101,103.1,1,103.2,100,,,,,,,,,,,,,,
2026-06-29T06:02:14.046130+00:00,2026-06-29T16:02:14.038130,2,4,102.75,0.1,102.7,100,102.5,151,,,,,,,,,,,,,,,,,102.8,6,103.0,101,103.1,1,103.2,100,,,,,,,,,,,,
2026-06-29T06:02:15.047129+00:00,2026-06-29T16:02:15.037121,2,4,102.75,0.1,102.7,100,102.5,151,,,,,,,,,,,,,,,,,102.8,5,103.0,101,103.1,1,103.2,100,,,,,,,,,,,,
2026-06-29T06:02:15.366151+00:00,2026-06-29T16:02:15.363150,2,4,102.75,0.1,102.7,100,102.5,151,,,,,,,,,,,,,,,,,102.8,4,103.0,101,103.1,1,103.2,100,,,,,,,,,,,,
2026-06-29T06:02:15.575150+00:00,2026-06-29T16:02:15.567150,1,3,102.65,0.3,102.5,151,,,,,,,,,,,,,,,,,,,102.8,4,103.0,101,103.1,1,,,,,,,,,,,,,,
2026-06-29T06:02:15.630150+00:00,2026-06-29T16:02:15.619150,2,3,102.7,0.2,102.6,100,102.5,151,,,,,,,,,,,,,,,,,102.8,4,103.0,101,103.1,1,,,,,,,,,,,,,,
2026-06-29T06:02:15.674150+00:00,2026-06-29T16:02:15.672151,2,3,102.7,0.2,102.6,100,102.5,151,,,,,,,,,,,,,,,,,102.8,4,103.0,101,103.1,101,,,,,,,,,,,,,,
2026-06-29T06:02:15.795150+00:00,2026-06-29T16:02:15.793150,2,2,102.8,0.4,102.6,100,102.5,151,,,,,,,,,,,,,,,,,103.0,57,103.1,101,,,,,,,,,,,,,,,,
2026-06-29T06:02:15.982150+00:00,2026-06-29T16:02:15.978151,2,2,102.8,0.4,102.6,100,102.5,151,,,,,,,,,,,,,,,,,103.0,7,103.1,101,,,,,,,,,,,,,,,,
2026-06-29T06:02:16.190706+00:00,2026-06-29T16:02:16.188703,2,2,102.8,0.4,102.6,100,102.5,150,,,,,,,,,,,,,,,,,103.0,7,103.1,100,,,,,,,,,,,,,,,,
2026-06-29T06:02:16.201706+00:00,2026-06-29T16:02:16.194706,2,3,102.8,0.4,102.6,101,102.5,150,,,,,,,,,,,,,,,,,103.0,7,103.1,100,103.2,1,,,,,,,,,,,,,,
2026-06-29T06:02:16.399706+00:00,2026-06-29T16:02:16.392707,2,3,102.8,0.4,102.6,56,102.5,150,,,,,,,,,,,,,,,,,103.0,7,103.1,100,103.2,1,,,,,,,,,,,,,,
2026-06-29T06:02:16.564706+00:00,2026-06-29T16:02:16.556707,1,2,102.85,0.5,102.6,56,,,,,,,,,,,,,,,,,,,103.1,100,103.2,1,,,,,,,,,,,,,,,,
2026-06-29T06:02:16.619706+00:00,2026-06-29T16:02:16.611707,2,1,103.15,0.1,103.1,50,102.6,56,,,,,,,,,,,,,,,,,103.2,1,,,,,,,,,,,,,,,,,,
2026-06-29T06:02:16.674707+00:00,2026-06-29T16:02:16.665707,2,2,103.15,0.1,103.1,50,102.6,56,,,,,,,,,,,,,,,,,103.2,1,103.6,150,,,,,,,,,,,,,,,,
2026-06-29T06:02:17.125707+00:00,2026-06-29T16:02:17.119707,2,2,103.15,0.1,103.1,46,102.6,56,,,,,,,,,,,,,,,,,103.2,1,103.6,150,,,,,,,,,,,,,,,,
2026-06-29T06:02:17.367240+00:00,2026-06-29T16:02:17.364231,2,1,103.35,0.5,103.1,46,102.6,56,,,,,,,,,,,,,,,,,103.6,150,,,,,,,,,,,,,,,,,,
2026-06-29T06:02:17.587240+00:00,2026-06-29T16:02:17.585240,2,1,103.35,0.5,103.1,42,102.6,56,,,,,,,,,,,,,,,,,103.6,150,,,,,,,,,,,,,,,,,,
2026-06-29T06:02:18.093240+00:00,2026-06-29T16:02:18.085240,2,1,103.35,0.5,103.1,42,102.6,56,,,,,,,,,,,,,,,,,103.6,100,,,,,,,,,,,,,,,,,,
2026-06-29T06:02:18.126240+00:00,2026-06-29T16:02:18.124240,2,1,103.35,0.5,103.1,38,102.6,56,,,,,,,,,,,,,,,,,103.6,100,,,,,,,,,,,,,,,,,,
2026-06-29T06:02:18.214240+00:00,2026-06-29T16:02:18.213240,2,1,103.35,0.5,103.1,34,102.6,56,,,,,,,,,,,,,,,,,103.6,100,,,,,,,,,,,,,,,,,,
2026-06-29T06:02:18.599020+00:00,2026-06-29T16:02:18.595020,2,1,103.35,0.5,103.1,30,102.6,56,,,,,,,,,,,,,,,,,103.6,100,,,,,,,,,,,,,,,,,,
2026-06-29T06:02:18.731019+00:00,2026-06-29T16:02:18.725019,2,1,103.35,0.5,103.1,30,102.6,1,,,,,,,,,,,,,,,,,103.6,100,,,,,,,,,,,,,,,,,,
2026-06-29T06:02:18.786019+00:00,2026-06-29T16:02:18.778020,3,1,103.35,0.5,103.1,30,102.9,100,102.6,1,,,,,,,,,,,,,,,103.6,100,,,,,,,,,,,,,,,,,,
2026-06-29T06:02:18.830020+00:00,2026-06-29T16:02:18.829020,3,2,103.25,0.3,103.1,30,102.9,100,102.6,1,,,,,,,,,,,,,,,103.4,100,103.6,100,,,,,,,,,,,,,,,,
2026-06-29T06:02:18.940020+00:00,2026-06-29T16:02:18.936019,2,2,103.15,0.5,102.9,85,102.6,1,,,,,,,,,,,,,,,,,103.4,100,103.6,100,,,,,,,,,,,,,,,,
2026-06-29T06:02:19.215020+00:00,2026-06-29T16:02:19.209020,1,2,103.15,0.5,102.9,85,,,,,,,,,,,,,,,,,,,103.4,100,103.6,100,,,,,,,,,,,,,,,,
2026-06-29T06:02:19.226019+00:00,2026-06-29T16:02:19.219019,2,2,103.15,0.5,102.9,85,102.8,1,,,,,,,,,,,,,,,,,103.4,101,103.6,100,,,,,,,,,,,,,,,,
2026-06-29T06:02:19.589011+00:00,2026-06-29T16:02:19.589011,2,2,103.15,0.5,102.9,85,102.8,1,,,,,,,,,,,,,,,,,103.4,59,103.6,100,,,,,,,,,,,,,,,,
2026-06-29T06:02:19.721019+00:00,2026-06-29T16:02:19.719019,2,1,103.15,0.5,102.9,85,102.8,1,,,,,,,,,,,,,,,,,103.4,59,,,,,,,,,,,,,,,,,,
2026-06-29T06:02:19.776020+00:00,2026-06-29T16:02:19.772021,2,1,103.15,0.5,102.9,85,102.8,151,,,,,,,,,,,,,,,,,103.4,59,,,,,,,,,,,,,,,,,,
2026-06-29T06:02:19.831019+00:00,2026-06-29T16:02:19.825020,2,2,103.1,0.4,102.9,85,102.8,151,,,,,,,,,,,,,,,,,103.3,150,103.4,59,,,,,,,,,,,,,,,,
2026-06-29T06:02:20.205020+00:00,2026-06-29T16:02:20.195020,2,2,103.1,0.4,102.9,85,102.8,151,,,,,,,,,,,,,,,,,103.3,100,103.4,59,,,,,,,,,,,,,,,,
2026-06-29T06:02:20.612020+00:00,2026-06-29T16:02:20.611019,2,3,102.95,0.1,102.9,85,102.8,151,,,,,,,,,,,,,,,,,103.0,4,103.3,100,103.4,59,,,,,,,,,,,,,,
2026-06-29T06:02:21.151020+00:00,2026-06-29T16:02:21.140189,3,3,102.95,0.1,102.9,85,102.8,151,102.7,2,,,,,,,,,,,,,,,103.0,4,103.3,100,103.4,59,,,,,,,,,,,,,,
2026-06-29T06:02:21.195019+00:00,2026-06-29T16:02:21.187020,3,2,103.1,0.4,102.9,85,102.8,151,102.7,2,,,,,,,,,,,,,,,103.3,100,103.4,59,,,,,,,,,,,,,,,,
2026-06-29T06:02:21.888011+00:00,2026-06-29T16:02:21.886011,2,2,103.05,0.5,102.8,151,102.7,2,,,,,,,,,,,,,,,,,103.3,100,103.4,1,,,,,,,,,,,,,,,,
2026-06-29T06:02:21.943011+00:00,2026-06-29T16:02:21.938010,3,2,103.2,0.2,103.1,100,102.8,151,102.7,2,,,,,,,,,,,,,,,103.3,100,103.4,1,,,,,,,,,,,,,,,,
2026-06-29T06:02:21.998011+00:00,2026-06-29T16:02:21.992011,3,3,103.2,0.2,103.1,100,102.8,151,102.7,2,,,,,,,,,,,,,,,103.3,100,103.4,1,103.6,100,,,,,,,,,,,,,,
2026-06-29T06:02:22.240010+00:00,2026-06-29T16:02:22.231011,3,2,103.2,0.2,103.1,100,102.8,150,102.7,2,,,,,,,,,,,,,,,103.3,100,103.6,100,,,,,,,,,,,,,,,,
2026-06-29T06:02:22.251011+00:00,2026-06-29T16:02:22.246011,4,3,103.2,0.2,103.1,100,102.9,1,102.8,150,102.7,2,,,,,,,,,,,,,103.3,100,103.5,1,103.6,100,,,,,,,,,,,,,,
2026-06-29T06:02:22.306010+00:00,2026-06-29T16:02:22.300011,4,3,103.2,0.2,103.1,100,102.9,1,102.8,150,102.7,2,,,,,,,,,,,,,103.3,50,103.5,1,103.6,100,,,,,,,,,,,,,,
2026-06-29T06:02:22.614020+00:00,2026-06-29T16:02:22.613020,4,3,103.2,0.2,103.1,59,102.9,1,102.8,150,102.7,2,,,,,,,,,,,,,103.3,50,103.5,1,103.6,100,,,,,,,,,,,,,,
2026-06-29T06:02:22.911019+00:00,2026-06-29T16:02:22.901011,3,2,103.3,0.4,103.1,59,102.9,1,102.7,2,,,,,,,,,,,,,,,103.5,1,103.6,100,,,,,,,,,,,,,,,,
2026-06-29T06:02:22.944020+00:00,2026-06-29T16:02:22.935019,4,2,103.35,0.3,103.2,150,103.1,59,102.9,1,102.7,2,,,,,,,,,,,,,103.5,1,103.6,100,,,,,,,,,,,,,,,,
2026-06-29T06:02:22.999020+00:00,2026-06-29T16:02:22.988114,4,3,103.35,0.3,103.2,150,103.1,59,102.9,1,102.7,2,,,,,,,,,,,,,103.5,1,103.6,100,103.7,150,,,,,,,,,,,,,,
2026-06-29T06:02:24.417598+00:00,2026-06-29T16:02:24.409598,3,2,103.4,0.4,103.2,150,103.1,59,102.9,1,,,,,,,,,,,,,,,103.6,51,103.7,150,,,,,,,,,,,,,,,,
2026-06-29T06:02:25.055597+00:00,2026-06-29T16:02:25.049598,2,1,103.45,0.5,103.2,150,102.9,1,,,,,,,,,,,,,,,,,103.7,150,,,,,,,,,,,,,,,,,,
2026-06-29T06:02:25.099598+00:00,2026-06-29T16:02:25.098598,2,1,103.45,0.5,103.2,250,102.9,1,,,,,,,,,,,,,,,,,103.7,150,,,,,,,,,,,,,,,,,,
2026-06-29T06:02:25.154598+00:00,2026-06-29T16:02:25.151598,2,1,103.45,0.5,103.2,250,102.9,1,,,,,,,,,,,,,,,,,103.7,250,,,,,,,,,,,,,,,,,,
2026-06-29T06:02:25.286598+00:00,2026-06-29T16:02:25.283598,1,2,103.45,0.5,103.2,250,,,,,,,,,,,,,,,,,,,103.7,250,103.8,1,,,,,,,,,,,,,,,,
2026-06-29T06:02:25.297598+00:00,2026-06-29T16:02:25.289598,2,2,103.45,0.5,103.2,250,103.1,1,,,,,,,,,,,,,,,,,103.7,250,103.8,1,,,,,,,,,,,,,,,,
2026-06-29T06:02:26.056132+00:00,2026-06-29T16:02:26.047131,2,2,103.45,0.5,103.2,100,103.1,1,,,,,,,,,,,,,,,,,103.7,100,103.8,1,,,,,,,,,,,,,,,,
2026-06-29T06:02:26.110687+00:00,2026-06-29T16:02:26.099821,3,2,103.55,0.3,103.4,150,103.2,100,103.1,1,,,,,,,,,,,,,,,103.7,100,103.8,1,,,,,,,,,,,,,,,,
2026-06-29T06:02:26.154687+00:00,2026-06-29T16:02:26.152687,3,3,103.55,0.3,103.4,150,103.2,100,103.1,1,,,,,,,,,,,,,,,103.7,100,103.8,1,103.9,150,,,,,,,,,,,,,,
2026-06-29T06:02:26.517687+00:00,2026-06-29T16:02:26.514687,3,3,103.55,0.3,103.4,150,103.2,100,103.1,1,,,,,,,,,,,,,,,103.7,50,103.8,1,103.9,150,,,,,,,,,,,,,,
2026-06-29T06:02:26.814687+00:00,2026-06-29T16:02:26.811687,4,3,103.55,0.3,103.4,150,103.2,100,103.1,1,103.0,4,,,,,,,,,,,,,103.7,50,103.8,1,103.9,150,,,,,,,,,,,,,,
2026-06-29T06:02:27.199687+00:00,2026-06-29T16:02:27.194687,4,3,103.55,0.3,103.4,149,103.2,100,103.1,1,103.0,4,,,,,,,,,,,,,103.7,50,103.8,1,103.9,150,,,,,,,,,,,,,,
2026-06-29T06:02:27.309678+00:00,2026-06-29T16:02:27.307678,4,3,103.55,0.3,103.4,148,103.2,100,103.1,1,103.0,4,,,,,,,,,,,,,103.7,50,103.8,1,103.9,150,,,,,,,,,,,,,,
2026-06-29T06:02:27.397678+00:00,2026-06-29T16:02:27.387678,4,3,103.55,0.3,103.4,147,103.2,100,103.1,1,103.0,4,,,,,,,,,,,,,103.7,50,103.8,1,103.9,150,,,,,,,,,,,,,,
2026-06-29T06:02:27.452678+00:00,2026-06-29T16:02:27.445678,4,3,103.55,0.3,103.4,146,103.2,100,103.1,1,103.0,4,,,,,,,,,,,,,103.7,50,103.8,1,103.9,150,,,,,,,,,,,,,,
2026-06-29T06:02:27.639678+00:00,2026-06-29T16:02:27.638678,4,3,103.55,0.3,103.4,146,103.2,100,103.1,1,103.0,4,,,,,,,,,,,,,103.7,10,103.8,1,103.9,150,,,,,,,,,,,,,,
2026-06-29T06:02:28.200687+00:00,2026-06-29T16:02:28.194687,4,3,103.55,0.3,103.4,145,103.2,100,103.1,1,103.0,4,,,,,,,,,,,,,103.7,10,103.8,1,103.9,150,,,,,,,,,,,,,,
2026-06-29T06:02:28.211687+00:00,2026-06-29T16:02:28.206687,3,2,103.6,0.4,103.4,145,103.1,1,103.0,4,,,,,,,,,,,,,,,103.8,1,103.9,150,,,,,,,,,,,,,,,,
2026-06-29T06:02:28.266687+00:00,2026-06-29T16:02:28.262687,4,2,103.6,0.4,103.4,145,103.3,100,103.1,1,103.0,4,,,,,,,,,,,,,103.8,1,103.9,150,,,,,,,,,,,,,,,,
2026-06-29T06:02:28.288687+00:00,2026-06-29T16:02:28.277687,4,2,103.6,0.4,103.4,144,103.3,100,103.1,1,103.0,4,,,,,,,,,,,,,103.8,1,103.9,150,,,,,,,,,,,,,,,,
2026-06-29T06:02:28.310687+00:00,2026-06-29T16:02:28.302687,3,1,103.65,0.5,103.4,144,103.3,100,103.0,4,,,,,,,,,,,,,,,103.9,150,,,,,,,,,,,,,,,,,,
2026-06-29T06:02:28.321687+00:00,2026-06-29T16:02:28.315687,3,3,103.6,0.4,103.4,144,103.3,101,103.0,4,,,,,,,,,,,,,,,103.8,100,103.9,150,104.0,1,,,,,,,,,,,,,,
2026-06-29T06:02:28.629083+00:00,2026-06-29T16:02:28.620083,3,3,103.6,0.4,103.4,144,103.3,101,103.0,4,,,,,,,,,,,,,,,103.8,50,103.9,150,104.0,1,,,,,,,,,,,,,,
2026-06-29T06:02:28.640082+00:00,2026-06-29T16:02:28.638082,2,3,103.55,0.5,103.3,101,103.0,4,,,,,,,,,,,,,,,,,103.8,50,103.9,150,104.0,1,,,,,,,,,,,,,,
2026-06-29T06:02:28.728082+00:00,2026-06-29T16:02:28.726083,2,3,103.55,0.5,103.3,66,103.0,4,,,,,,,,,,,,,,,,,103.8,50,103.9,150,104.0,1,,,,,,,,,,,,,,
2026-06-29T06:02:28.750083+00:00,2026-06-29T16:02:28.741083,2,3,103.55,0.5,103.3,41,103.0,4,,,,,,,,,,,,,,,,,103.8,50,103.9,150,104.0,1,,,,,,,,,,,,,,
2026-06-29T06:02:28.783082+00:00,2026-06-29T16:02:28.775073,2,3,103.55,0.5,103.3,16,103.0,4,,,,,,,,,,,,,,,,,103.8,50,103.9,150,104.0,1,,,,,,,,,,,,,,
2026-06-29T06:02:28.860073+00:00,2026-06-29T16:02:28.850083,1,3,103.4,0.8,103.0,4,,,,,,,,,,,,,,,,,,,103.8,50,103.9,150,104.0,1,,,,,,,,,,,,,,
2026-06-29T06:02:29.212082+00:00,2026-06-29T16:02:29.207074,1,2,103.4,0.8,103.0,4,,,,,,,,,,,,,,,,,,,103.8,50,104.0,1,,,,,,,,,,,,,,,,
2026-06-29T06:02:29.267075+00:00,2026-06-29T16:02:29.260082,2,2,103.4,0.8,103.0,4,102.6,150,,,,,,,,,,,,,,,,,103.8,50,104.0,1,,,,,,,,,,,,,,,,
2026-06-29T06:02:29.322082+00:00,2026-06-29T16:02:29.312083,2,3,103.05,0.1,103.0,4,102.6,150,,,,,,,,,,,,,,,,,103.1,150,103.8,50,104.0,1,,,,,,,,,,,,,,
2026-06-29T06:02:29.333083+00:00,2026-06-29T16:02:29.328083,2,3,103.05,0.1,103.0,4,102.6,150,,,,,,,,,,,,,,,,,103.1,122,103.8,50,104.0,1,,,,,,,,,,,,,,
2026-06-29T06:02:29.498082+00:00,2026-06-29T16:02:29.496083,2,3,103.05,0.1,103.0,4,102.6,150,,,,,,,,,,,,,,,,,103.1,111,103.8,50,104.0,1,,,,,,,,,,,,,,
2026-06-29T06:02:29.916082+00:00,2026-06-29T16:02:29.906074,2,3,103.05,0.1,103.0,4,102.6,150,,,,,,,,,,,,,,,,,103.1,76,103.8,50,104.0,1,,,,,,,,,,,,,,
2026-06-29T06:02:29.960082+00:00,2026-06-29T16:02:29.958082,2,3,103.05,0.1,103.0,4,102.6,150,,,,,,,,,,,,,,,,,103.1,51,103.8,50,104.0,1,,,,,,,,,,,,,,
2026-06-29T06:02:30.004083+00:00,2026-06-29T16:02:30.000074,2,2,103.4,0.8,103.0,4,102.6,150,,,,,,,,,,,,,,,,,103.8,50,104.0,1,,,,,,,,,,,,,,,,
2026-06-29T06:02:30.729597+00:00,2026-06-29T16:02:30.726600,2,1,103.5,1.0,103.0,4,102.6,150,,,,,,,,,,,,,,,,,104.0,1,,,,,,,,,,,,,,,,,,
2026-06-29T06:02:31.344607+00:00,2026-06-29T16:02:31.336598,2,0,,,103.0,4,102.6,150,,,,,,,,,,,,,,,,,,,,,,,,,,,,,,,,,,,,
2026-06-29T06:02:31.421607+00:00,2026-06-29T16:02:31.419598,3,0,,,103.2,100,103.0,4,102.6,150,,,,,,,,,,,,,,,,,,,,,,,,,,,,,,,,,,
2026-06-29T06:02:31.476607+00:00,2026-06-29T16:02:31.475607,2,1,103.45,0.5,103.2,100,102.6,150,,,,,,,,,,,,,,,,,103.7,100,,,,,,,,,,,,,,,,,,
2026-06-29T06:02:31.619607+00:00,2026-06-29T16:02:31.612607,2,1,103.45,0.5,103.2,105,102.6,150,,,,,,,,,,,,,,,,,103.7,100,,,,,,,,,,,,,,,,,,
2026-06-29T06:02:32.367607+00:00,2026-06-29T16:02:32.366607,1,1,103.45,0.5,103.2,105,,,,,,,,,,,,,,,,,,,103.7,100,,,,,,,,,,,,,,,,,,
2026-06-29T06:02:32.422608+00:00,2026-06-29T16:02:32.419607,2,1,103.45,0.5,103.2,105,103.1,150,,,,,,,,,,,,,,,,,103.7,100,,,,,,,,,,,,,,,,,,
2026-06-29T06:02:32.499607+00:00,2026-06-29T16:02:32.494607,2,2,103.4,0.4,103.2,105,103.1,150,,,,,,,,,,,,,,,,,103.6,150,103.7,100,,,,,,,,,,,,,,,,
2026-06-29T06:02:32.664607+00:00,2026-06-29T16:02:32.657607,2,2,103.4,0.4,103.2,65,103.1,150,,,,,,,,,,,,,,,,,103.6,150,103.7,100,,,,,,,,,,,,,,,,
2026-06-29T06:02:32.840607+00:00,2026-06-29T16:02:32.832607,2,2,103.4,0.4,103.2,65,103.1,150,,,,,,,,,,,,,,,,,103.6,100,103.7,100,,,,,,,,,,,,,,,,
2026-06-29T06:02:33.269598+00:00,2026-06-29T16:02:33.260598,2,2,103.4,0.4,103.2,65,103.1,150,,,,,,,,,,,,,,,,,103.6,60,103.7,100,,,,,,,,,,,,,,,,
2026-06-29T06:02:33.962163+00:00,2026-06-29T16:02:33.955155,2,2,103.4,0.4,103.2,64,103.1,150,,,,,,,,,,,,,,,,,103.6,60,103.7,100,,,,,,,,,,,,,,,,
2026-06-29T06:02:34.358163+00:00,2026-06-29T16:02:34.357163,2,3,103.4,0.4,103.2,64,103.1,151,,,,,,,,,,,,,,,,,103.6,60,103.7,100,103.8,1,,,,,,,,,,,,,,
2026-06-29T06:02:34.534163+00:00,2026-06-29T16:02:34.530163,2,2,103.4,0.4,103.2,4,103.1,151,,,,,,,,,,,,,,,,,103.6,60,103.8,1,,,,,,,,,,,,,,,,
2026-06-29T06:02:34.589163+00:00,2026-06-29T16:02:34.582163,2,2,103.4,0.4,103.2,4,103.1,251,,,,,,,,,,,,,,,,,103.6,60,103.8,1,,,,,,,,,,,,,,,,
2026-06-29T06:02:34.644154+00:00,2026-06-29T16:02:34.636154,2,2,103.4,0.4,103.2,4,103.1,251,,,,,,,,,,,,,,,,,103.6,160,103.8,1,,,,,,,,,,,,,,,,
2026-06-29T06:02:34.941163+00:00,2026-06-29T16:02:34.939163,2,2,103.4,0.4,103.2,4,103.1,251,,,,,,,,,,,,,,,,,103.6,110,103.8,1,,,,,,,,,,,,,,,,
2026-06-29T06:02:35.183163+00:00,2026-06-29T16:02:35.180154,1,2,103.35,0.5,103.1,249,,,,,,,,,,,,,,,,,,,103.6,110,103.8,1,,,,,,,,,,,,,,,,
2026-06-29T06:02:35.392154+00:00,2026-06-29T16:02:35.384154,1,2,103.35,0.5,103.1,247,,,,,,,,,,,,,,,,,,,103.6,110,103.8,1,,,,,,,,,,,,,,,,
2026-06-29T06:02:35.557154+00:00,2026-06-29T16:02:35.554154,1,2,103.35,0.5,103.1,101,,,,,,,,,,,,,,,,,,,103.6,100,103.8,1,,,,,,,,,,,,,,,,
2026-06-29T06:02:35.601154+00:00,2026-06-29T16:02:35.596154,1,2,103.35,0.5,103.1,99,,,,,,,,,,,,,,,,,,,103.6,100,103.8,1,,,,,,,,,,,,,,,,
2026-06-29T06:02:35.623154+00:00,2026-06-29T16:02:35.613155,2,2,103.5,0.2,103.4,150,103.1,99,,,,,,,,,,,,,,,,,103.6,100,103.8,1,,,,,,,,,,,,,,,,
2026-06-29T06:02:35.634154+00:00,2026-06-29T16:02:35.623340,2,2,103.5,0.2,103.4,36,103.1,99,,,,,,,,,,,,,,,,,103.6,100,103.8,1,,,,,,,,,,,,,,,,
2026-06-29T06:02:35.656154+00:00,2026-06-29T16:02:35.648154,2,2,103.5,0.2,103.4,11,103.1,99,,,,,,,,,,,,,,,,,103.6,100,103.8,1,,,,,,,,,,,,,,,,
2026-06-29T06:02:35.667154+00:00,2026-06-29T16:02:35.656367,2,2,103.5,0.2,103.4,11,103.1,99,,,,,,,,,,,,,,,,,103.6,100,103.8,151,,,,,,,,,,,,,,,,
2026-06-29T06:02:35.810163+00:00,2026-06-29T16:02:35.806163,1,2,103.35,0.5,103.1,97,,,,,,,,,,,,,,,,,,,103.6,100,103.8,151,,,,,,,,,,,,,,,,
2026-06-29T06:02:36.019163+00:00,2026-06-29T16:02:36.013163,1,2,103.35,0.5,103.1,95,,,,,,,,,,,,,,,,,,,103.6,100,103.8,151,,,,,,,,,,,,,,,,
2026-06-29T06:02:36.227733+00:00,2026-06-29T16:02:36.216733,1,2,103.35,0.5,103.1,93,,,,,,,,,,,,,,,,,,,103.6,100,103.8,151,,,,,,,,,,,,,,,,
2026-06-29T06:02:36.425732+00:00,2026-06-29T16:02:36.421733,1,2,103.35,0.5,103.1,91,,,,,,,,,,,,,,,,,,,103.6,100,103.8,151,,,,,,,,,,,,,,,,
2026-06-29T06:02:37.052571+00:00,2026-06-29T16:02:37.045570,1,2,103.35,0.5,103.1,91,,,,,,,,,,,,,,,,,,,103.6,50,103.8,151,,,,,,,,,,,,,,,,
2026-06-29T06:02:37.371562+00:00,2026-06-29T16:02:37.366570,1,2,103.35,0.5,103.1,91,,,,,,,,,,,,,,,,,,,103.6,50,103.8,150,,,,,,,,,,,,,,,,
2026-06-29T06:02:37.382570+00:00,2026-06-29T16:02:37.378571,1,2,103.35,0.5,103.1,91,,,,,,,,,,,,,,,,,,,103.6,50,103.8,151,,,,,,,,,,,,,,,,
2026-06-29T06:02:37.393570+00:00,2026-06-29T16:02:37.382742,2,2,103.35,0.5,103.1,91,103.0,1,,,,,,,,,,,,,,,,,103.6,50,103.8,151,,,,,,,,,,,,,,,,
2026-06-29T06:02:37.701570+00:00,2026-06-29T16:02:37.693570,1,1,103.4,0.8,103.0,1,,,,,,,,,,,,,,,,,,,103.8,151,,,,,,,,,,,,,,,,,,
2026-06-29T06:02:37.745562+00:00,2026-06-29T16:02:37.745562,2,1,103.5,0.6,103.2,100,103.0,1,,,,,,,,,,,,,,,,,103.8,151,,,,,,,,,,,,,,,,,,
2026-06-29T06:02:37.800570+00:00,2026-06-29T16:02:37.798570,2,2,103.45,0.5,103.2,56,103.0,1,,,,,,,,,,,,,,,,,103.7,100,103.8,151,,,,,,,,,,,,,,,,
2026-06-29T06:02:37.866570+00:00,2026-06-29T16:02:37.861561,2,2,103.45,0.5,103.2,54,103.0,1,,,,,,,,,,,,,,,,,103.7,100,103.8,151,,,,,,,,,,,,,,,,
2026-06-29T06:02:38.075570+00:00,2026-06-29T16:02:38.065571,2,2,103.45,0.5,103.2,52,103.0,1,,,,,,,,,,,,,,,,,103.7,100,103.8,151,,,,,,,,,,,,,,,,
2026-06-29T06:02:38.273570+00:00,2026-06-29T16:02:38.270571,2,2,103.45,0.5,103.2,50,103.0,1,,,,,,,,,,,,,,,,,103.7,100,103.8,151,,,,,,,,,,,,,,,,
2026-06-29T06:02:38.350570+00:00,2026-06-29T16:02:38.343562,2,2,103.45,0.5,103.2,2,103.0,1,,,,,,,,,,,,,,,,,103.7,100,103.8,151,,,,,,,,,,,,,,,,
2026-06-29T06:02:38.383570+00:00,2026-06-29T16:02:38.376562,2,3,103.35,0.3,103.2,2,103.0,1,,,,,,,,,,,,,,,,,103.5,4,103.7,100,103.8,151,,,,,,,,,,,,,,
2026-06-29T06:02:38.482570+00:00,2026-06-29T16:02:38.476570,1,3,103.25,0.5,103.0,1,,,,,,,,,,,,,,,,,,,103.5,4,103.7,100,103.8,151,,,,,,,,,,,,,,
2026-06-29T06:02:38.712896+00:00,2026-06-29T16:02:38.709887,1,3,103.25,0.5,103.0,1,,,,,,,,,,,,,,,,,,,103.5,4,103.7,100,103.8,1,,,,,,,,,,,,,,
2026-06-29T06:02:38.767896+00:00,2026-06-29T16:02:38.764896,2,3,103.25,0.5,103.0,1,102.8,150,,,,,,,,,,,,,,,,,103.5,4,103.7,100,103.8,1,,,,,,,,,,,,,,
2026-06-29T06:02:38.822896+00:00,2026-06-29T16:02:38.816896,2,4,103.15,0.3,103.0,1,102.8,150,,,,,,,,,,,,,,,,,103.3,150,103.5,4,103.7,100,103.8,1,,,,,,,,,,,,
