recv_time,book_timestamp,n_bids,n_asks,mid,spread,bid_px_0,bid_vol_0,bid_px_1,bid_vol_1,bid_px_2,bid_vol_2,bid_px_3,bid_vol_3,bid_px_4,bid_vol_4,bid_px_5,bid_vol_5,bid_px_6,bid_vol_6,bid_px_7,bid_vol_7,bid_px_8,bid_vol_8,bid_px_9,bid_vol_9,ask_px_0,ask_vol_0,ask_px_1,ask_vol_1,ask_px_2,ask_vol_2,ask_px_3,ask_vol_3,ask_px_4,ask_vol_4,ask_px_5,ask_vol_5,ask_px_6,ask_vol_6,ask_px_7,ask_vol_7,ask_px_8,ask_vol_8,ask_px_9,ask_vol_9
2026-07-07T01:00:00.000379+00:00,2026-07-07T01:00:00.020999,3,2,160.05,0.1,160.0,100,159.9,150,159.8,49,,,,,,,,,,,,,,,160.1,50,160.4,150,,,,,,,,,,,,,,,,
2026-07-07T01:00:00.243979+00:00,2026-07-07T01:00:00.075083,3,3,160.05,0.1,160.0,100,159.9,150,159.8,49,,,,,,,,,,,,,,,160.1,50,160.4,150,160.5,100,,,,,,,,,,,,,,
2026-07-07T01:00:00.796382+00:00,2026-07-07T01:00:00.796321,3,2,160.2,0.4,160.0,100,159.9,150,159.8,49,,,,,,,,,,,,,,,160.4,150,160.5,100,,,,,,,,,,,,,,,,
2026-07-07T01:00:00.979248+00:00,2026-07-07T01:00:00.979371,3,2,160.2,0.4,160.0,56,159.9,150,159.8,49,,,,,,,,,,,,,,,160.4,150,160.5,100,,,,,,,,,,,,,,,,
2026-07-07T01:00:01.716474+00:00,2026-07-07T01:00:01.708908,2,1,160.25,0.5,160.0,56,159.8,49,,,,,,,,,,,,,,,,,160.5,100,,,,,,,,,,,,,,,,,,
2026-07-07T01:00:01.807369+00:00,2026-07-07T01:00:01.767620,3,1,160.25,0.5,160.0,56,159.9,150,159.8,49,,,,,,,,,,,,,,,160.5,100,,,,,,,,,,,,,,,,,,
2026-07-07T01:00:01.825672+00:00,2026-07-07T01:00:01.825546,3,2,160.2,0.4,160.0,56,159.9,150,159.8,49,,,,,,,,,,,,,,,160.4,150,160.5,100,,,,,,,,,,,,,,,,
2026-07-07T01:00:03.169204+00:00,2026-07-07T01:00:03.169002,2,1,160.15,0.5,159.9,150,159.8,49,,,,,,,,,,,,,,,,,160.4,150,,,,,,,,,,,,,,,,,,
2026-07-07T01:00:03.192240+00:00,2026-07-07T01:00:03.192095,3,1,160.15,0.5,159.9,150,159.8,49,159.6,100,,,,,,,,,,,,,,,160.4,150,,,,,,,,,,,,,,,,,,
2026-07-07T01:00:03.263852+00:00,2026-07-07T01:00:03.263815,3,2,160.0,0.2,159.9,150,159.8,49,159.6,100,,,,,,,,,,,,,,,160.1,100,160.4,150,,,,,,,,,,,,,,,,
2026-07-07T01:00:03.463913+00:00,2026-07-07T01:00:03.463784,3,2,160.0,0.2,159.9,104,159.8,49,159.6,100,,,,,,,,,,,,,,,160.1,100,160.4,150,,,,,,,,,,,,,,,,
2026-07-07T01:00:04.358600+00:00,2026-07-07T01:00:04.357379,2,2,160.0,0.2,159.9,104,159.6,100,,,,,,,,,,,,,,,,,160.1,100,160.4,150,,,,,,,,,,,,,,,,
2026-07-07T01:00:04.399058+00:00,2026-07-07T01:00:04.398968,2,2,160.0,0.2,159.9,154,159.6,100,,,,,,,,,,,,,,,,,160.1,100,160.4,150,,,,,,,,,,,,,,,,
2026-07-07T01:00:04.483411+00:00,2026-07-07T01:00:04.483379,2,3,160.0,0.2,159.9,154,159.6,100,,,,,,,,,,,,,,,,,160.1,100,160.3,50,160.4,150,,,,,,,,,,,,,,
2026-07-07T01:00:04.875185+00:00,2026-07-07T01:00:04.875166,2,2,160.0,0.2,159.9,154,159.6,100,,,,,,,,,,,,,,,,,160.1,100,160.3,50,,,,,,,,,,,,,,,,
2026-07-07T01:00:04.880380+00:00,2026-07-07T01:00:04.880311,2,2,160.0,0.2,159.9,50,159.6,100,,,,,,,,,,,,,,,,,160.1,100,160.3,50,,,,,,,,,,,,,,,,
2026-07-07T01:00:04.933295+00:00,2026-07-07T01:00:04.933389,2,2,160.0,0.2,159.9,50,159.6,250,,,,,,,,,,,,,,,,,160.1,100,160.3,50,,,,,,,,,,,,,,,,
2026-07-07T01:00:04.987337+00:00,2026-07-07T01:00:04.987248,2,2,160.0,0.2,159.9,50,159.6,250,,,,,,,,,,,,,,,,,160.1,250,160.3,50,,,,,,,,,,,,,,,,
2026-07-07T01:00:05.583505+00:00,2026-07-07T01:00:05.583640,2,2,160.0,0.2,159.9,50,159.6,250,,,,,,,,,,,,,,,,,160.1,208,160.3,50,,,,,,,,,,,,,,,,
2026-07-07T01:00:06.304396+00:00,2026-07-07T01:00:06.304340,2,2,160.0,0.2,159.9,50,159.6,150,,,,,,,,,,,,,,,,,160.1,150,160.3,50,,,,,,,,,,,,,,,,
2026-07-07T01:00:06.361042+00:00,2026-07-07T01:00:06.360890,3,2,160.0,0.2,159.9,50,159.8,100,159.6,150,,,,,,,,,,,,,,,160.1,150,160.3,50,,,,,,,,,,,,,,,,
2026-07-07T01:00:06.413045+00:00,2026-07-07T01:00:06.412882,3,2,160.0,0.2,159.9,50,159.8,100,159.6,150,,,,,,,,,,,,,,,160.1,150,160.3,150,,,,,,,,,,,,,,,,
2026-07-07T01:00:06.597805+00:00,2026-07-07T01:00:06.597707,3,2,160.0,0.2,159.9,7,159.8,100,159.6,150,,,,,,,,,,,,,,,160.1,150,160.3,150,,,,,,,,,,,,,,,,
2026-07-07T01:00:08.039340+00:00,2026-07-07T01:00:08.039209,2,1,160.1,0.4,159.9,7,159.8,100,,,,,,,,,,,,,,,,,160.3,150,,,,,,,,,,,,,,,,,,
2026-07-07T01:00:08.094826+00:00,2026-07-07T01:00:08.095002,3,1,160.1,0.4,159.9,7,159.8,100,159.6,150,,,,,,,,,,,,,,,160.3,150,,,,,,,,,,,,,,,,,,
2026-07-07T01:00:08.164081+00:00,2026-07-07T01:00:08.163956,3,2,160.0,0.2,159.9,7,159.8,100,159.6,150,,,,,,,,,,,,,,,160.1,150,160.3,150,,,,,,,,,,,,,,,,
2026-07-07T01:00:08.368923+00:00,2026-07-07T01:00:08.369012,3,2,160.0,0.2,159.9,7,159.8,100,159.6,150,,,,,,,,,,,,,,,160.1,150,160.3,100,,,,,,,,,,,,,,,,
2026-07-07T01:00:08.415387+00:00,2026-07-07T01:00:08.415333,3,3,160.0,0.2,159.9,7,159.8,100,159.6,150,,,,,,,,,,,,,,,160.1,150,160.2,50,160.3,100,,,,,,,,,,,,,,
2026-07-07T01:00:08.735406+00:00,2026-07-07T01:00:08.735522,2,3,159.95,0.3,159.8,65,159.6,150,,,,,,,,,,,,,,,,,160.1,150,160.2,50,160.3,100,,,,,,,,,,,,,,
2026-07-07T01:00:09.258601+00:00,2026-07-07T01:00:09.253860,2,3,159.95,0.3,159.8,65,159.6,150,,,,,,,,,,,,,,,,,160.1,109,160.2,50,160.3,100,,,,,,,,,,,,,,
2026-07-07T01:00:09.467893+00:00,2026-07-07T01:00:09.467836,1,2,159.85,0.5,159.6,150,,,,,,,,,,,,,,,,,,,160.1,109,160.2,50,,,,,,,,,,,,,,,,
2026-07-07T01:00:09.520871+00:00,2026-07-07T01:00:09.520793,2,2,159.95,0.3,159.8,100,159.6,150,,,,,,,,,,,,,,,,,160.1,109,160.2,50,,,,,,,,,,,,,,,,
2026-07-07T01:00:09.575356+00:00,2026-07-07T01:00:09.575267,2,3,159.95,0.3,159.8,100,159.6,150,,,,,,,,,,,,,,,,,160.1,109,160.2,50,160.3,100,,,,,,,,,,,,,,
2026-07-07T01:00:11.203662+00:00,2026-07-07T01:00:11.203637,1,2,160.0,0.4,159.8,100,,,,,,,,,,,,,,,,,,,160.2,50,160.3,100,,,,,,,,,,,,,,,,
2026-07-07T01:00:11.257768+00:00,2026-07-07T01:00:11.257717,2,2,160.05,0.3,159.9,150,159.8,100,,,,,,,,,,,,,,,,,160.2,50,160.3,100,,,,,,,,,,,,,,,,
2026-07-07T01:00:11.310136+00:00,2026-07-07T01:00:11.310024,2,3,160.05,0.3,159.9,150,159.8,100,,,,,,,,,,,,,,,,,160.2,50,160.3,100,160.4,150,,,,,,,,,,,,,,
2026-07-07T01:00:11.383837+00:00,2026-07-07T01:00:11.383714,2,3,160.05,0.3,159.9,100,159.8,100,,,,,,,,,,,,,,,,,160.2,50,160.3,100,160.4,150,,,,,,,,,,,,,,
2026-07-07T01:00:12.358641+00:00,2026-07-07T01:00:12.356673,2,3,160.05,0.3,159.9,100,159.8,100,,,,,,,,,,,,,,,,,160.2,5,160.3,100,160.4,150,,,,,,,,,,,,,,
2026-07-07T01:00:12.415313+00:00,2026-07-07T01:00:12.415194,2,3,160.05,0.3,159.9,59,159.8,100,,,,,,,,,,,,,,,,,160.2,5,160.3,100,160.4,150,,,,,,,,,,,,,,
2026-07-07T01:00:12.625904+00:00,2026-07-07T01:00:12.625832,2,2,160.05,0.3,159.9,59,159.8,100,,,,,,,,,,,,,,,,,160.2,5,160.4,150,,,,,,,,,,,,,,,,
2026-07-07T01:00:12.631045+00:00,2026-07-07T01:00:12.630990,1,2,160.05,0.3,159.9,59,,,,,,,,,,,,,,,,,,,160.2,5,160.4,150,,,,,,,,,,,,,,,,
2026-07-07T01:00:12.689534+00:00,2026-07-07T01:00:12.678044,2,2,160.05,0.3,159.9,59,159.7,100,,,,,,,,,,,,,,,,,160.2,5,160.4,150,,,,,,,,,,,,,,,,
2026-07-07T01:00:12.744600+00:00,2026-07-07T01:00:12.744497,2,2,160.05,0.3,159.9,59,159.7,100,,,,,,,,,,,,,,,,,160.2,105,160.4,150,,,,,,,,,,,,,,,,
2026-07-07T01:00:13.438763+00:00,2026-07-07T01:00:13.438722,2,2,160.05,0.3,159.9,59,159.7,100,,,,,,,,,,,,,,,,,160.2,55,160.4,150,,,,,,,,,,,,,,,,
2026-07-07T01:00:14.363942+00:00,2026-07-07T01:00:14.363855,1,1,159.95,0.5,159.7,100,,,,,,,,,,,,,,,,,,,160.2,55,,,,,,,,,,,,,,,,,,
2026-07-07T01:00:14.417375+00:00,2026-07-07T01:00:14.417286,2,1,159.95,0.5,159.7,100,159.5,150,,,,,,,,,,,,,,,,,160.2,55,,,,,,,,,,,,,,,,,,
2026-07-07T01:00:14.466666+00:00,2026-07-07T01:00:14.466596,2,2,159.85,0.3,159.7,100,159.5,150,,,,,,,,,,,,,,,,,160.0,150,160.2,55,,,,,,,,,,,,,,,,
2026-07-07T01:00:15.468235+00:00,2026-07-07T01:00:15.468166,2,2,159.85,0.3,159.7,53,159.5,150,,,,,,,,,,,,,,,,,160.0,150,160.2,55,,,,,,,,,,,,,,,,
2026-07-07T01:00:15.558593+00:00,2026-07-07T01:00:15.547632,2,2,159.85,0.3,159.7,53,159.5,150,,,,,,,,,,,,,,,,,160.0,100,160.2,55,,,,,,,,,,,,,,,,
2026-07-07T01:00:15.791191+00:00,2026-07-07T01:00:15.791166,2,1,159.85,0.3,159.7,53,159.5,150,,,,,,,,,,,,,,,,,160.0,100,,,,,,,,,,,,,,,,,,
2026-07-07T01:00:15.796435+00:00,2026-07-07T01:00:15.796327,1,1,159.75,0.5,159.5,150,,,,,,,,,,,,,,,,,,,160.0,100,,,,,,,,,,,,,,,,,,
2026-07-07T01:00:15.846110+00:00,2026-07-07T01:00:15.846057,2,1,159.85,0.3,159.7,100,159.5,150,,,,,,,,,,,,,,,,,160.0,100,,,,,,,,,,,,,,,,,,
2026-07-07T01:00:15.900858+00:00,2026-07-07T01:00:15.900830,2,2,159.85,0.3,159.7,100,159.5,150,,,,,,,,,,,,,,,,,160.0,100,160.2,100,,,,,,,,,,,,,,,,
2026-07-07T01:00:16.583893+00:00,2026-07-07T01:00:16.583807,3,2,159.95,0.1,159.9,50,159.7,100,159.5,150,,,,,,,,,,,,,,,160.0,100,160.2,100,,,,,,,,,,,,,,,,
2026-07-07T01:00:16.671002+00:00,2026-07-07T01:00:16.670931,3,3,159.95,0.1,159.9,50,159.7,100,159.5,150,,,,,,,,,,,,,,,160.0,100,160.2,100,160.4,50,,,,,,,,,,,,,,
2026-07-07T01:00:17.490404+00:00,2026-07-07T01:00:17.490326,3,3,159.95,0.1,159.9,50,159.7,100,159.5,150,,,,,,,,,,,,,,,160.0,54,160.2,100,160.4,50,,,,,,,,,,,,,,
2026-07-07T01:00:17.526386+00:00,2026-07-07T01:00:17.526320,2,2,160.05,0.3,159.9,50,159.7,100,,,,,,,,,,,,,,,,,160.2,100,160.4,50,,,,,,,,,,,,,,,,
2026-07-07T01:00:17.593726+00:00,2026-07-07T01:00:17.593655,2,2,160.05,0.3,159.9,200,159.7,100,,,,,,,,,,,,,,,,,160.2,100,160.4,50,,,,,,,,,,,,,,,,
2026-07-07T01:00:17.646621+00:00,2026-07-07T01:00:17.646563,2,2,160.05,0.3,159.9,200,159.7,100,,,,,,,,,,,,,,,,,160.2,100,160.4,200,,,,,,,,,,,,,,,,
2026-07-07T01:00:17.651934+00:00,2026-07-07T01:00:17.651796,2,2,160.05,0.3,159.9,200,159.7,100,,,,,,,,,,,,,,,,,160.2,50,160.4,200,,,,,,,,,,,,,,,,
2026-07-07T01:00:18.458617+00:00,2026-07-07T01:00:18.452083,2,2,160.05,0.3,159.9,155,159.7,100,,,,,,,,,,,,,,,,,160.2,50,160.4,200,,,,,,,,,,,,,,,,
2026-07-07T01:00:18.958565+00:00,2026-07-07T01:00:18.950380,1,1,160.15,0.5,159.9,155,,,,,,,,,,,,,,,,,,,160.4,200,,,,,,,,,,,,,,,,,,
2026-07-07T01:00:19.011141+00:00,2026-07-07T01:00:19.010883,2,1,160.15,0.5,159.9,155,159.8,100,,,,,,,,,,,,,,,,,160.4,200,,,,,,,,,,,,,,,,,,
2026-07-07T01:00:19.063144+00:00,2026-07-07T01:00:19.063097,2,2,160.1,0.4,159.9,155,159.8,100,,,,,,,,,,,,,,,,,160.3,100,160.4,200,,,,,,,,,,,,,,,,
2026-07-07T01:00:20.703902+00:00,2026-07-07T01:00:20.703835,2,2,160.1,0.4,159.9,5,159.8,100,,,,,,,,,,,,,,,,,160.3,100,160.4,50,,,,,,,,,,,,,,,,
2026-07-07T01:00:20.756936+00:00,2026-07-07T01:00:20.757079,2,2,160.1,0.4,159.9,155,159.8,100,,,,,,,,,,,,,,,,,160.3,100,160.4,50,,,,,,,,,,,,,,,,
2026-07-07T01:00:20.809325+00:00,2026-07-07T01:00:20.809198,2,2,160.1,0.4,159.9,155,159.8,100,,,,,,,,,,,,,,,,,160.3,100,160.4,200,,,,,,,,,,,,,,,,
2026-07-07T01:00:21.179441+00:00,2026-07-07T01:00:21.179542,2,2,160.1,0.4,159.9,155,159.8,100,,,,,,,,,,,,,,,,,160.3,100,160.4,150,,,,,,,,,,,,,,,,
2026-07-07T01:00:21.226022+00:00,2026-07-07T01:00:21.225877,2,3,160.05,0.3,159.9,155,159.8,100,,,,,,,,,,,,,,,,,160.2,50,160.3,100,160.4,150,,,,,,,,,,,,,,
2026-07-07T01:00:21.880256+00:00,2026-07-07T01:00:21.880184,2,3,160.05,0.3,159.9,155,159.8,100,,,,,,,,,,,,,,,,,160.2,9,160.3,100,160.4,150,,,,,,,,,,,,,,
2026-07-07T01:00:21.969392+00:00,2026-07-07T01:00:21.969363,2,3,160.05,0.3,159.9,105,159.8,100,,,,,,,,,,,,,,,,,160.2,9,160.3,100,160.4,150,,,,,,,,,,,,,,
2026-07-07T01:00:22.117506+00:00,2026-07-07T01:00:22.117399,1,2,160.05,0.3,159.9,105,,,,,,,,,,,,,,,,,,,160.2,9,160.4,150,,,,,,,,,,,,,,,,
2026-07-07T01:00:22.172102+00:00,2026-07-07T01:00:22.171976,2,2,160.15,0.1,160.1,100,159.9,105,,,,,,,,,,,,,,,,,160.2,9,160.4,150,,,,,,,,,,,,,,,,
2026-07-07T01:00:22.226929+00:00,2026-07-07T01:00:22.226812,2,3,160.15,0.1,160.1,100,159.9,105,,,,,,,,,,,,,,,,,160.2,9,160.4,150,160.6,100,,,,,,,,,,,,,,
2026-07-07T01:00:23.328049+00:00,2026-07-07T01:00:23.328152,3,3,160.15,0.1,160.1,100,160.0,50,159.9,105,,,,,,,,,,,,,,,160.2,9,160.4,150,160.6,100,,,,,,,,,,,,,,
2026-07-07T01:00:23.863802+00:00,2026-07-07T01:00:23.863699,3,2,160.15,0.1,160.1,100,160.0,50,159.9,105,,,,,,,,,,,,,,,160.2,9,160.6,100,,,,,,,,,,,,,,,,
2026-07-07T01:00:23.868915+00:00,2026-07-07T01:00:23.868863,2,2,160.15,0.1,160.1,100,160.0,50,,,,,,,,,,,,,,,,,160.2,9,160.6,100,,,,,,,,,,,,,,,,
2026-07-07T01:00:23.917134+00:00,2026-07-07T01:00:23.917099,3,2,160.15,0.1,160.1,100,160.0,50,159.8,150,,,,,,,,,,,,,,,160.2,9,160.6,100,,,,,,,,,,,,,,,,
2026-07-07T01:00:23.972249+00:00,2026-07-07T01:00:23.972150,3,3,160.15,0.1,160.1,100,160.0,50,159.8,150,,,,,,,,,,,,,,,160.2,9,160.3,150,160.6,100,,,,,,,,,,,,,,
2026-07-07T01:00:24.458251+00:00,2026-07-07T01:00:24.458395,3,3,160.15,0.1,160.1,58,160.0,50,159.8,150,,,,,,,,,,,,,,,160.2,9,160.3,150,160.6,100,,,,,,,,,,,,,,
2026-07-07T01:00:24.544362+00:00,2026-07-07T01:00:24.537379,3,3,160.15,0.1,160.1,47,160.0,50,159.8,150,,,,,,,,,,,,,,,160.2,9,160.3,150,160.6,100,,,,,,,,,,,,,,
2026-07-07T01:00:25.030270+00:00,2026-07-07T01:00:25.030155,3,2,160.2,0.2,160.1,47,160.0,50,159.8,150,,,,,,,,,,,,,,,160.3,113,160.6,100,,,,,,,,,,,,,,,,
2026-07-07T01:00:25.282623+00:00,2026-07-07T01:00:25.282560,2,1,160.15,0.3,160.0,50,159.8,150,,,,,,,,,,,,,,,,,160.3,113,,,,,,,,,,,,,,,,,,
2026-07-07T01:00:25.342090+00:00,2026-07-07T01:00:25.342026,2,1,160.15,0.3,160.0,50,159.8,250,,,,,,,,,,,,,,,,,160.3,113,,,,,,,,,,,,,,,,,,
2026-07-07T01:00:25.389744+00:00,2026-07-07T01:00:25.389696,2,1,160.15,0.3,160.0,50,159.8,250,,,,,,,,,,,,,,,,,160.3,213,,,,,,,,,,,,,,,,,,
2026-07-07T01:00:25.614846+00:00,2026-07-07T01:00:25.614816,2,1,160.15,0.3,160.0,10,159.8,250,,,,,,,,,,,,,,,,,160.3,213,,,,,,,,,,,,,,,,,,
2026-07-07T01:00:26.128802+00:00,2026-07-07T01:00:26.128727,2,1,160.15,0.3,160.0,10,159.8,250,,,,,,,,,,,,,,,,,160.3,163,,,,,,,,,,,,,,,,,,
2026-07-07T01:00:26.145451+00:00,2026-07-07T01:00:26.145325,2,2,160.15,0.3,160.0,10,159.8,250,,,,,,,,,,,,,,,,,160.3,163,160.4,50,,,,,,,,,,,,,,,,
2026-07-07T01:00:27.026508+00:00,2026-07-07T01:00:27.026732,2,2,160.15,0.3,160.0,10,159.8,100,,,,,,,,,,,,,,,,,160.3,100,160.4,50,,,,,,,,,,,,,,,,
2026-07-07T01:00:27.082598+00:00,2026-07-07T01:00:27.082546,3,2,160.25,0.1,160.2,150,160.0,10,159.8,100,,,,,,,,,,,,,,,160.3,100,160.4,50,,,,,,,,,,,,,,,,
2026-07-07T01:00:27.158588+00:00,2026-07-07T01:00:27.130263,3,3,160.25,0.1,160.2,150,160.0,10,159.8,100,,,,,,,,,,,,,,,160.3,100,160.4,50,160.7,150,,,,,,,,,,,,,,
2026-07-07T01:00:27.662188+00:00,2026-07-07T01:00:27.662027,3,3,160.25,0.1,160.2,105,160.0,10,159.8,100,,,,,,,,,,,,,,,160.3,100,160.4,50,160.7,150,,,,,,,,,,,,,,
2026-07-07T01:00:28.258568+00:00,2026-07-07T01:00:28.236031,3,3,160.25,0.1,160.2,105,160.0,10,159.8,100,,,,,,,,,,,,,,,160.3,50,160.4,50,160.7,150,,,,,,,,,,,,,,
2026-07-07T01:00:28.444246+00:00,2026-07-07T01:00:28.444173,2,2,160.3,0.2,160.2,105,160.0,10,,,,,,,,,,,,,,,,,160.4,50,160.7,150,,,,,,,,,,,,,,,,
2026-07-07T01:00:28.495492+00:00,2026-07-07T01:00:28.495418,2,2,160.3,0.2,160.2,105,160.0,110,,,,,,,,,,,,,,,,,160.4,50,160.7,150,,,,,,,,,,,,,,,,
2026-07-07T01:00:28.552960+00:00,2026-07-07T01:00:28.552818,2,3,160.3,0.2,160.2,105,160.0,110,,,,,,,,,,,,,,,,,160.4,50,160.5,100,160.7,150,,,,,,,,,,,,,,
2026-07-07T01:00:29.331789+00:00,2026-07-07T01:00:29.331933,2,3,160.3,0.2,160.2,105,160.0,110,,,,,,,,,,,,,,,,,160.4,2,160.5,100,160.7,150,,,,,,,,,,,,,,
2026-07-07T01:00:30.186425+00:00,2026-07-07T01:00:30.186651,2,2,160.3,0.2,160.2,105,160.0,110,,,,,,,,,,,,,,,,,160.4,2,160.5,100,,,,,,,,,,,,,,,,
2026-07-07T01:00:30.191944+00:00,2026-07-07T01:00:30.191849,1,2,160.2,0.4,160.0,110,,,,,,,,,,,,,,,,,,,160.4,2,160.5,100,,,,,,,,,,,,,,,,
2026-07-07T01:00:30.245761+00:00,2026-07-07T01:00:30.245678,2,2,160.2,0.4,160.0,110,159.9,150,,,,,,,,,,,,,,,,,160.4,2,160.5,100,,,,,,,,,,,,,,,,
2026-07-07T01:00:30.300625+00:00,2026-07-07T01:00:30.300551,2,2,160.2,0.4,160.0,110,159.9,150,,,,,,,,,,,,,,,,,160.4,152,160.5,100,,,,,,,,,,,,,,,,
2026-07-07T01:00:30.346426+00:00,2026-07-07T01:00:30.346336,2,2,160.2,0.4,160.0,110,159.9,150,,,,,,,,,,,,,,,,,160.4,102,160.5,100,,,,,,,,,,,,,,,,
2026-07-07T01:00:30.370514+00:00,2026-07-07T01:00:30.370401,2,2,160.2,0.4,160.0,110,159.9,150,,,,,,,,,,,,,,,,,160.4,59,160.5,100,,,,,,,,,,,,,,,,
2026-07-07T01:00:31.607730+00:00,2026-07-07T01:00:31.607683,2,1,160.2,0.4,160.0,10,159.9,150,,,,,,,,,,,,,,,,,160.4,59,,,,,,,,,,,,,,,,,,
2026-07-07T01:00:31.657587+00:00,2026-07-07T01:00:31.657714,3,1,160.3,0.2,160.2,100,160.0,10,159.9,150,,,,,,,,,,,,,,,160.4,59,,,,,,,,,,,,,,,,,,
2026-07-07T01:00:31.715709+00:00,2026-07-07T01:00:31.715665,3,2,160.3,0.2,160.2,100,160.0,10,159.9,150,,,,,,,,,,,,,,,160.4,59,160.7,100,,,,,,,,,,,,,,,,
2026-07-07T01:00:32.140456+00:00,2026-07-07T01:00:32.135283,3,2,160.3,0.2,160.2,100,160.0,10,159.9,150,,,,,,,,,,,,,,,160.4,36,160.7,100,,,,,,,,,,,,,,,,
2026-07-07T01:00:32.476921+00:00,2026-07-07T01:00:32.476821,3,1,160.45,0.5,160.2,100,160.0,10,159.9,150,,,,,,,,,,,,,,,160.7,100,,,,,,,,,,,,,,,,,,
2026-07-07T01:00:32.531517+00:00,2026-07-07T01:00:32.531395,3,1,160.45,0.5,160.2,51,160.0,10,159.9,150,,,,,,,,,,,,,,,160.7,100,,,,,,,,,,,,,,,,,,
2026-07-07T01:00:33.005042+00:00,2026-07-07T01:00:33.004986,3,1,160.45,0.5,160.2,2,160.0,10,159.9,150,,,,,,,,,,,,,,,160.7,100,,,,,,,,,,,,,,,,,,
2026-07-07T01:00:33.358615+00:00,2026-07-07T01:00:33.350563,2,1,160.45,0.5,160.2,2,160.0,10,,,,,,,,,,,,,,,,,160.7,100,,,,,,,,,,,,,,,,,,
2026-07-07T01:00:33.409070+00:00,2026-07-07T01:00:33.408956,3,0,,,160.9,50,160.2,2,160.0,10,,,,,,,,,,,,,,,,,,,,,,,,,,,,,,,,,,
2026-07-07T01:00:33.476266+00:00,2026-07-07T01:00:33.469388,3,1,161.15,0.5,160.9,1,160.2,2,160.0,10,,,,,,,,,,,,,,,161.4,150,,,,,,,,,,,,,,,,,,
2026-07-07T01:00:34.770637+00:00,2026-07-07T01:00:34.770490,2,1,161.15,0.5,160.9,1,160.0,10,,,,,,,,,,,,,,,,,161.4,150,,,,,,,,,,,,,,,,,,
2026-07-07T01:00:34.824958+00:00,2026-07-07T01:00:34.824848,3,1,161.15,0.5,160.9,1,160.3,100,160.0,10,,,,,,,,,,,,,,,161.4,150,,,,,,,,,,,,,,,,,,
2026-07-07T01:00:34.879765+00:00,2026-07-07T01:00:34.879628,2,2,160.55,0.5,160.3,100,160.0,10,,,,,,,,,,,,,,,,,160.8,99,161.4,150,,,,,,,,,,,,,,,,
2026-07-07T01:00:36.232432+00:00,2026-07-07T01:00:36.232342,2,2,160.55,0.5,160.3,100,160.0,10,,,,,,,,,,,,,,,,,160.8,55,161.4,150,,,,,,,,,,,,,,,,
2026-07-07T01:00:36.318979+00:00,2026-07-07T01:00:36.312867,2,2,160.55,0.5,160.3,100,160.0,10,,,,,,,,,,,,,,,,,160.8,52,161.4,150,,,,,,,,,,,,,,,,
2026-07-07T01:00:36.514626+00:00,2026-07-07T01:00:36.514567,2,1,160.55,0.5,160.3,100,160.0,10,,,,,,,,,,,,,,,,,160.8,52,,,,,,,,,,,,,,,,,,
2026-07-07T01:00:36.573543+00:00,2026-07-07T01:00:36.573478,3,1,160.65,0.3,160.5,150,160.3,100,160.0,10,,,,,,,,,,,,,,,160.8,52,,,,,,,,,,,,,,,,,,
2026-07-07T01:00:36.625869+00:00,2026-07-07T01:00:36.625804,3,2,160.65,0.3,160.5,150,160.3,100,160.0,10,,,,,,,,,,,,,,,160.8,52,161.0,150,,,,,,,,,,,,,,,,
2026-07-07T01:00:36.719196+00:00,2026-07-07T01:00:36.719122,3,2,160.65,0.3,160.5,100,160.3,100,160.0,10,,,,,,,,,,,,,,,160.8,52,161.0,150,,,,,,,,,,,,,,,,
2026-07-07T01:00:37.936945+00:00,2026-07-07T01:00:37.936817,2,1,160.75,0.5,160.5,100,160.0,10,,,,,,,,,,,,,,,,,161.0,150,,,,,,,,,,,,,,,,,,
2026-07-07T01:00:37.991598+00:00,2026-07-07T01:00:37.991709,2,1,160.75,0.5,160.5,200,160.0,10,,,,,,,,,,,,,,,,,161.0,150,,,,,,,,,,,,,,,,,,
2026-07-07T01:00:38.058614+00:00,2026-07-07T01:00:38.044603,2,1,160.75,0.5,160.5,200,160.0,10,,,,,,,,,,,,,,,,,161.0,250,,,,,,,,,,,,,,,,,,
2026-07-07T01:00:38.805994+00:00,2026-07-07T01:00:38.805859,2,1,160.75,0.5,160.5,200,160.0,10,,,,,,,,,,,,,,,,,161.0,200,,,,,,,,,,,,,,,,,,
2026-07-07T01:00:39.312328+00:00,2026-07-07T01:00:39.312255,2,1,160.75,0.5,160.5,151,160.0,10,,,,,,,,,,,,,,,,,161.0,200,,,,,,,,,,,,,,,,,,
2026-07-07T01:00:39.680419+00:00,2026-07-07T01:00:39.680311,2,1,160.75,0.5,160.5,100,160.0,10,,,,,,,,,,,,,,,,,161.0,100,,,,,,,,,,,,,,,,,,
2026-07-07T01:00:39.734906+00:00,2026-07-07T01:00:39.734841,3,1,160.75,0.5,160.5,100,160.3,150,160.0,10,,,,,,,,,,,,,,,161.0,100,,,,,,,,,,,,,,,,,,
2026-07-07T01:00:39.787280+00:00,2026-07-07T01:00:39.787159,3,2,160.65,0.3,160.5,100,160.3,150,160.0,10,,,,,,,,,,,,,,,160.8,150,161.0,100,,,,,,,,,,,,,,,,
2026-07-07T01:00:40.912367+00:00,2026-07-07T01:00:40.912504,3,2,160.65,0.3,160.5,100,160.3,150,160.0,10,,,,,,,,,,,,,,,160.8,100,161.0,100,,,,,,,,,,,,,,,,
2026-07-07T01:00:41.099831+00:00,2026-07-07T01:00:41.099707,2,1,160.55,0.5,160.3,150,160.0,10,,,,,,,,,,,,,,,,,160.8,100,,,,,,,,,,,,,,,,,,
2026-07-07T01:00:41.163657+00:00,2026-07-07T01:00:41.163746,3,1,160.65,0.3,160.5,100,160.3,150,160.0,10,,,,,,,,,,,,,,,160.8,100,,,,,,,,,,,,,,,,,,
2026-07-07T01:00:41.205299+00:00,2026-07-07T01:00:41.205425,3,2,160.65,0.3,160.5,100,160.3,150,160.0,10,,,,,,,,,,,,,,,160.8,100,161.0,100,,,,,,,,,,,,,,,,
2026-07-07T01:00:42.858592+00:00,2026-07-07T01:00:42.842098,2,1,160.75,0.5,160.5,100,160.0,10,,,,,,,,,,,,,,,,,161.0,100,,,,,,,,,,,,,,,,,,
2026-07-07T01:00:42.896912+00:00,2026-07-07T01:00:42.897084,3,1,160.75,0.5,160.5,100,160.4,150,160.0,10,,,,,,,,,,,,,,,161.0,100,,,,,,,,,,,,,,,,,,
2026-07-07T01:00:42.949860+00:00,2026-07-07T01:00:42.949735,3,2,160.7,0.4,160.5,100,160.4,150,160.0,10,,,,,,,,,,,,,,,160.9,150,161.0,100,,,,,,,,,,,,,,,,
2026-07-07T01:00:43.019636+00:00,2026-07-07T01:00:43.019726,3,2,160.7,0.4,160.5,100,160.4,150,160.0,10,,,,,,,,,,,,,,,160.9,100,161.0,100,,,,,,,,,,,,,,,,
2026-07-07T01:00:43.458583+00:00,2026-07-07T01:00:43.454494,3,2,160.7,0.4,160.5,100,160.4,150,160.0,10,,,,,,,,,,,,,,,160.9,51,161.0,100,,,,,,,,,,,,,,,,
2026-07-07T01:00:44.263886+00:00,2026-07-07T01:00:44.263771,2,1,160.65,0.5,160.4,150,160.0,10,,,,,,,,,,,,,,,,,160.9,51,,,,,,,,,,,,,,,,,,
2026-07-07T01:00:44.314622+00:00,2026-07-07T01:00:44.314476,3,1,160.8,0.2,160.7,100,160.4,150,160.0,10,,,,,,,,,,,,,,,160.9,51,,,,,,,,,,,,,,,,,,
2026-07-07T01:00:44.367797+00:00,2026-07-07T01:00:44.367745,3,2,160.8,0.2,160.7,100,160.4,150,160.0,10,,,,,,,,,,,,,,,160.9,51,161.2,100,,,,,,,,,,,,,,,,
2026-07-07T01:00:45.124897+00:00,2026-07-07T01:00:45.125047,3,2,160.8,0.2,160.7,100,160.4,150,160.0,10,,,,,,,,,,,,,,,160.9,1,161.2,100,,,,,,,,,,,,,,,,
2026-07-07T01:00:45.197937+00:00,2026-07-07T01:00:45.198078,3,1,160.95,0.5,160.7,100,160.4,150,160.0,10,,,,,,,,,,,,,,,161.2,100,,,,,,,,,,,,,,,,,,
2026-07-07T01:00:45.469222+00:00,2026-07-07T01:00:45.469372,2,1,160.95,0.5,160.7,100,160.4,150,,,,,,,,,,,,,,,,,161.2,100,,,,,,,,,,,,,,,,,,
2026-07-07T01:00:45.645320+00:00,2026-07-07T01:00:45.645221,3,1,160.95,0.5,160.7,100,160.4,150,160.1,50,,,,,,,,,,,,,,,161.2,100,,,,,,,,,,,,,,,,,,
2026-07-07T01:00:45.835225+00:00,2026-07-07T01:00:45.835194,3,1,160.95,0.5,160.7,59,160.4,150,160.1,50,,,,,,,,,,,,,,,161.2,100,,,,,,,,,,,,,,,,,,
2026-07-07T01:00:45.936139+00:00,2026-07-07T01:00:45.936065,3,1,160.95,0.5,160.7,9,160.4,150,160.1,50,,,,,,,,,,,,,,,161.2,100,,,,,,,,,,,,,,,,,,
2026-07-07T01:00:46.004489+00:00,2026-07-07T01:00:46.004401,2,1,160.95,0.5,160.7,9,160.1,50,,,,,,,,,,,,,,,,,161.2,100,,,,,,,,,,,,,,,,,,
2026-07-07T01:00:46.074356+00:00,2026-07-07T01:00:46.067939,3,1,161.15,0.1,161.1,147,160.7,9,160.1,50,,,,,,,,,,,,,,,161.2,100,,,,,,,,,,,,,,,,,,
2026-07-07T01:00:46.114882+00:00,2026-07-07T01:00:46.114753,3,2,161.15,0.1,161.1,147,160.7,9,160.1,50,,,,,,,,,,,,,,,161.2,100,161.6,150,,,,,,,,,,,,,,,,
2026-07-07T01:00:47.232418+00:00,2026-07-07T01:00:47.232586,3,2,161.15,0.1,161.1,147,160.7,9,160.1,50,,,,,,,,,,,,,,,161.2,50,161.6,150,,,,,,,,,,,,,,,,
2026-07-07T01:00:47.426174+00:00,2026-07-07T01:00:47.426050,2,1,161.35,0.5,161.1,147,160.1,50,,,,,,,,,,,,,,,,,161.6,150,,,,,,,,,,,,,,,,,,
2026-07-07T01:00:47.480503+00:00,2026-07-07T01:00:47.480649,3,1,161.35,0.5,161.1,147,160.6,100,160.1,50,,,,,,,,,,,,,,,161.6,150,,,,,,,,,,,,,,,,,,
2026-07-07T01:00:47.533704+00:00,2026-07-07T01:00:47.533589,3,1,161.35,0.5,161.1,47,160.6,100,160.1,50,,,,,,,,,,,,,,,161.6,150,,,,,,,,,,,,,,,,,,
2026-07-07T01:00:49.168967+00:00,2026-07-07T01:00:49.168915,2,0,,,160.6,100,160.1,50,,,,,,,,,,,,,,,,,,,,,,,,,,,,,,,,,,,,
2026-07-07T01:00:49.224202+00:00,2026-07-07T01:00:49.224102,3,0,,,160.7,150,160.6,100,160.1,50,,,,,,,,,,,,,,,,,,,,,,,,,,,,,,,,,,
2026-07-07T01:00:49.277338+00:00,2026-07-07T01:00:49.277254,3,1,160.95,0.5,160.7,150,160.6,100,160.1,50,,,,,,,,,,,,,,,161.2,150,,,,,,,,,,,,,,,,,,
2026-07-07T01:00:49.340485+00:00,2026-07-07T01:00:49.340357,3,1,160.95,0.5,160.7,150,160.6,100,160.1,50,,,,,,,,,,,,,,,161.2,100,,,,,,,,,,,,,,,,,,
2026-07-07T01:00:49.391179+00:00,2026-07-07T01:00:49.391107,3,1,160.95,0.5,160.7,150,160.6,100,160.1,50,,,,,,,,,,,,,,,161.2,58,,,,,,,,,,,,,,,,,,
2026-07-07T01:00:50.590063+00:00,2026-07-07T01:00:50.589932,2,1,160.95,0.5,160.7,150,160.1,50,,,,,,,,,,,,,,,,,161.2,58,,,,,,,,,,,,,,,,,,
2026-07-07T01:00:50.640645+00:00,2026-07-07T01:00:50.640613,3,1,161.1,0.2,161.0,100,160.7,150,160.1,50,,,,,,,,,,,,,,,161.2,58,,,,,,,,,,,,,,,,,,
2026-07-07T01:00:50.694336+00:00,2026-07-07T01:00:50.694304,3,2,161.1,0.2,161.0,100,160.7,150,160.1,50,,,,,,,,,,,,,,,161.2,58,161.5,100,,,,,,,,,,,,,,,,
2026-07-07T01:00:51.509659+00:00,2026-07-07T01:00:51.509510,3,2,161.1,0.2,161.0,50,160.7,150,160.1,50,,,,,,,,,,,,,,,161.2,58,161.5,100,,,,,,,,,,,,,,,,
2026-07-07T01:00:51.977921+00:00,2026-07-07T01:00:51.977852,3,2,161.1,0.2,161.0,50,160.7,150,160.1,50,,,,,,,,,,,,,,,161.2,11,161.5,100,,,,,,,,,,,,,,,,
2026-07-07T01:00:52.332111+00:00,2026-07-07T01:00:52.332022,2,1,161.25,0.5,161.0,50,160.1,50,,,,,,,,,,,,,,,,,161.5,100,,,,,,,,,,,,,,,,,,
2026-07-07T01:00:52.386947+00:00,2026-07-07T01:00:52.387092,3,1,161.4,0.2,161.3,150,161.0,50,160.1,50,,,,,,,,,,,,,,,161.5,100,,,,,,,,,,,,,,,,,,
2026-07-07T01:00:52.440580+00:00,2026-07-07T01:00:52.440436,3,2,161.4,0.2,161.3,150,161.0,50,160.1,50,,,,,,,,,,,,,,,161.5,100,161.8,150,,,,,,,,,,,,,,,,
2026-07-07T01:00:53.617003+00:00,2026-07-07T01:00:53.616930,3,2,161.4,0.2,161.3,100,161.0,50,160.1,50,,,,,,,,,,,,,,,161.5,100,161.8,150,,,,,,,,,,,,,,,,
2026-07-07T01:00:53.753258+00:00,2026-07-07T01:00:53.753157,2,1,161.55,0.5,161.3,100,160.1,50,,,,,,,,,,,,,,,,,161.8,150,,,,,,,,,,,,,,,,,,
2026-07-07T01:00:53.807143+00:00,2026-07-07T01:00:53.807252,3,1,161.55,0.5,161.3,100,160.8,100,160.1,50,,,,,,,,,,,,,,,161.8,150,,,,,,,,,,,,,,,,,,
2026-07-07T01:00:53.863980+00:00,2026-07-07T01:00:53.863871,2,1,161.3,1.0,160.8,100,160.1,50,,,,,,,,,,,,,,,,,161.8,150,,,,,,,,,,,,,,,,,,
2026-07-07T01:00:55.068912+00:00,2026-07-07T01:00:55.068850,2,1,161.3,1.0,160.8,60,160.1,50,,,,,,,,,,,,,,,,,161.8,150,,,,,,,,,,,,,,,,,,
2026-07-07T01:00:55.495760+00:00,2026-07-07T01:00:55.495568,2,0,,,160.8,60,160.1,50,,,,,,,,,,,,,,,,,,,,,,,,,,,,,,,,,,,,
2026-07-07T01:00:55.548059+00:00,2026-07-07T01:00:55.548181,3,0,,,160.8,60,160.6,150,160.1,50,,,,,,,,,,,,,,,,,,,,,,,,,,,,,,,,,,
2026-07-07T01:00:55.601963+00:00,2026-07-07T01:00:55.601884,3,1,160.95,0.3,160.8,60,160.6,150,160.1,50,,,,,,,,,,,,,,,161.1,150,,,,,,,,,,,,,,,,,,
2026-07-07T01:00:55.674901+00:00,2026-07-07T01:00:55.674851,3,1,160.95,0.3,160.8,60,160.6,150,160.1,50,,,,,,,,,,,,,,,161.1,100,,,,,,,,,,,,,,,,,,
2026-07-07T01:00:56.917024+00:00,2026-07-07T01:00:56.916981,2,1,160.85,0.5,160.6,150,160.1,50,,,,,,,,,,,,,,,,,161.1,100,,,,,,,,,,,,,,,,,,
2026-07-07T01:00:56.969485+00:00,2026-07-07T01:00:56.969367,3,1,161.0,0.2,160.9,100,160.6,150,160.1,50,,,,,,,,,,,,,,,161.1,100,,,,,,,,,,,,,,,,,,
2026-07-07T01:00:57.022244+00:00,2026-07-07T01:00:57.022065,3,2,161.0,0.2,160.9,100,160.6,150,160.1,50,,,,,,,,,,,,,,,161.1,100,161.4,100,,,,,,,,,,,,,,,,
2026-07-07T01:00:57.812440+00:00,2026-07-07T01:00:57.812313,3,2,161.0,0.2,160.9,100,160.6,150,160.1,50,,,,,,,,,,,,,,,161.1,50,161.4,100,,,,,,,,,,,,,,,,
2026-07-07T01:00:58.008294+00:00,2026-07-07T01:00:58.008177,3,2,161.0,0.2,160.9,55,160.6,150,160.1,50,,,,,,,,,,,,,,,161.1,50,161.4,100,,,,,,,,,,,,,,,,
2026-07-07T01:00:58.485803+00:00,2026-07-07T01:00:58.486073,3,2,161.0,0.2,160.9,12,160.6,150,160.1,50,,,,,,,,,,,,,,,161.1,50,161.4,100,,,,,,,,,,,,,,,,
2026-07-07T01:00:58.658595+00:00,2026-07-07T01:00:58.656669,2,1,161.15,0.5,160.9,12,160.1,50,,,,,,,,,,,,,,,,,161.4,100,,,,,,,,,,,,,,,,,,
2026-07-07T01:00:58.710639+00:00,2026-07-07T01:00:58.710550,3,1,161.25,0.3,161.1,150,160.9,12,160.1,50,,,,,,,,,,,,,,,161.4,100,,,,,,,,,,,,,,,,,,
2026-07-07T01:00:58.763988+00:00,2026-07-07T01:00:58.763911,3,2,161.25,0.3,161.1,150,160.9,12,160.1,50,,,,,,,,,,,,,,,161.4,100,161.6,150,,,,,,,,,,,,,,,,
2026-07-07T01:01:00.077123+00:00,2026-07-07T01:01:00.077034,2,1,161.35,0.5,161.1,150,160.1,50,,,,,,,,,,,,,,,,,161.6,150,,,,,,,,,,,,,,,,,,
2026-07-07T01:01:00.132509+00:00,2026-07-07T01:01:00.132390,3,1,161.35,0.5,161.1,150,160.6,100,160.1,50,,,,,,,,,,,,,,,161.6,150,,,,,,,,,,,,,,,,,,
2026-07-07T01:01:00.183209+00:00,2026-07-07T01:01:00.183080,3,1,161.35,0.5,161.1,50,160.6,100,160.1,50,,,,,,,,,,,,,,,161.6,150,,,,,,,,,,,,,,,,,,
2026-07-07T01:01:01.098872+00:00,2026-07-07T01:01:01.098739,3,1,161.35,0.5,161.1,50,160.6,100,160.1,50,,,,,,,,,,,,,,,161.6,108,,,,,,,,,,,,,,,,,,
2026-07-07T01:01:01.823613+00:00,2026-07-07T01:01:01.823744,2,0,,,160.6,100,160.1,50,,,,,,,,,,,,,,,,,,,,,,,,,,,,,,,,,,,,
2026-07-07T01:01:01.874380+00:00,2026-07-07T01:01:01.874291,3,0,,,160.9,150,160.6,100,160.1,50,,,,,,,,,,,,,,,,,,,,,,,,,,,,,,,,,,
2026-07-07T01:01:01.930742+00:00,2026-07-07T01:01:01.930874,3,1,161.15,0.5,160.9,150,160.6,100,160.1,50,,,,,,,,,,,,,,,161.4,150,,,,,,,,,,,,,,,,,,
2026-07-07T01:01:02.075992+00:00,2026-07-07T01:01:02.075940,3,1,161.15,0.5,160.9,100,160.6,100,160.1,50,,,,,,,,,,,,,,,161.4,150,,,,,,,,,,,,,,,,,,
2026-07-07T01:01:03.263929+00:00,2026-07-07T01:01:03.263862,2,1,161.15,0.5,160.9,100,160.1,50,,,,,,,,,,,,,,,,,161.4,150,,,,,,,,,,,,,,,,,,
2026-07-07T01:01:03.292630+00:00,2026-07-07T01:01:03.292501,3,1,161.2,0.4,161.0,100,160.9,100,160.1,50,,,,,,,,,,,,,,,161.4,150,,,,,,,,,,,,,,,,,,
2026-07-07T01:01:03.348608+00:00,2026-07-07T01:01:03.348483,3,2,161.2,0.4,161.0,100,160.9,100,160.1,50,,,,,,,,,,,,,,,161.4,150,161.5,100,,,,,,,,,,,,,,,,
2026-07-07T01:01:03.574566+00:00,2026-07-07T01:01:03.574426,3,2,161.2,0.4,161.0,100,160.9,100,160.1,50,,,,,,,,,,,,,,,161.4,110,161.5,100,,,,,,,,,,,,,,,,
2026-07-07T01:01:04.135010+00:00,2026-07-07T01:01:04.134976,3,2,161.2,0.4,161.0,100,160.9,100,160.1,50,,,,,,,,,,,,,,,161.4,60,161.5,100,,,,,,,,,,,,,,,,
2026-07-07T01:01:04.982593+00:00,2026-07-07T01:01:04.982463,3,1,161.25,0.5,161.0,100,160.9,100,160.1,50,,,,,,,,,,,,,,,161.5,100,,,,,,,,,,,,,,,,,,
2026-07-07T01:01:04.987561+00:00,2026-07-07T01:01:04.987669,2,1,161.25,0.5,161.0,100,160.1,50,,,,,,,,,,,,,,,,,161.5,100,,,,,,,,,,,,,,,,,,
2026-07-07T01:01:05.040373+00:00,2026-07-07T01:01:05.040251,2,1,161.25,0.5,161.0,250,160.1,50,,,,,,,,,,,,,,,,,161.5,100,,,,,,,,,,,,,,,,,,
2026-07-07T01:01:05.095293+00:00,2026-07-07T01:01:05.095169,2,1,161.25,0.5,161.0,250,160.1,50,,,,,,,,,,,,,,,,,161.5,250,,,,,,,,,,,,,,,,,,
2026-07-07T01:01:06.210113+00:00,2026-07-07T01:01:06.210053,2,1,161.25,0.5,161.0,208,160.1,50,,,,,,,,,,,,,,,,,161.5,250,,,,,,,,,,,,,,,,,,
2026-07-07T01:01:06.402645+00:00,2026-07-07T01:01:06.402562,2,1,161.25,0.5,161.0,150,160.1,50,,,,,,,,,,,,,,,,,161.5,150,,,,,,,,,,,,,,,,,,
2026-07-07T01:01:06.458542+00:00,2026-07-07T01:01:06.456570,3,1,161.25,0.5,161.0,150,160.7,100,160.1,50,,,,,,,,,,,,,,,161.5,150,,,,,,,,,,,,,,,,,,
2026-07-07T01:01:06.509639+00:00,2026-07-07T01:01:06.509568,3,2,161.1,0.2,161.0,150,160.7,100,160.1,50,,,,,,,,,,,,,,,161.2,100,161.5,150,,,,,,,,,,,,,,,,
2026-07-07T01:01:06.809715+00:00,2026-07-07T01:01:06.809575,3,2,161.1,0.2,161.0,150,160.7,100,160.1,50,,,,,,,,,,,,,,,161.2,58,161.5,150,,,,,,,,,,,,,,,,
2026-07-07T01:01:08.158691+00:00,2026-07-07T01:01:08.139311,3,1,161.1,0.2,161.0,150,160.7,100,160.1,50,,,,,,,,,,,,,,,161.2,58,,,,,,,,,,,,,,,,,,
2026-07-07T01:01:08.169146+00:00,2026-07-07T01:01:08.168930,2,1,160.95,0.5,160.7,100,160.1,50,,,,,,,,,,,,,,,,,161.2,58,,,,,,,,,,,,,,,,,,
2026-07-07T01:01:08.203322+00:00,2026-07-07T01:01:08.203224,3,1,161.1,0.2,161.0,150,160.7,100,160.1,50,,,,,,,,,,,,,,,161.2,58,,,,,,,,,,,,,,,,,,
2026-07-07T01:01:08.263865+00:00,2026-07-07T01:01:08.263777,3,2,161.1,0.2,161.0,150,160.7,100,160.1,50,,,,,,,,,,,,,,,161.2,58,161.5,150,,,,,,,,,,,,,,,,
2026-07-07T01:01:08.424373+00:00,2026-07-07T01:01:08.424294,3,2,161.1,0.2,161.0,100,160.7,100,160.1,50,,,,,,,,,,,,,,,161.2,58,161.5,150,,,,,,,,,,,,,,,,
2026-07-07T01:01:09.565386+00:00,2026-07-07T01:01:09.565305,2,1,161.25,0.5,161.0,100,160.1,50,,,,,,,,,,,,,,,,,161.5,150,,,,,,,,,,,,,,,,,,
2026-07-07T01:01:09.620925+00:00,2026-07-07T01:01:09.620766,3,1,161.25,0.5,161.0,100,160.8,100,160.1,50,,,,,,,,,,,,,,,161.5,150,,,,,,,,,,,,,,,,,,
2026-07-07T01:01:09.669286+00:00,2026-07-07T01:01:09.669196,3,2,161.15,0.3,161.0,100,160.8,100,160.1,50,,,,,,,,,,,,,,,161.3,100,161.5,150,,,,,,,,,,,,,,,,
2026-07-07T01:01:10.531799+00:00,2026-07-07T01:01:10.531712,3,2,161.15,0.3,161.0,50,160.8,100,160.1,50,,,,,,,,,,,,,,,161.3,100,161.5,150,,,,,,,,,,,,,,,,
2026-07-07T01:01:11.310546+00:00,2026-07-07T01:01:11.310422,2,1,161.05,0.5,160.8,100,160.1,50,,,,,,,,,,,,,,,,,161.3,100,,,,,,,,,,,,,,,,,,
2026-07-07T01:01:11.363938+00:00,2026-07-07T01:01:11.363832,3,1,161.05,0.5,160.8,100,160.5,150,160.1,50,,,,,,,,,,,,,,,161.3,100,,,,,,,,,,,,,,,,,,
2026-07-07T01:01:11.419140+00:00,2026-07-07T01:01:11.419025,3,2,160.9,0.2,160.8,100,160.5,150,160.1,50,,,,,,,,,,,,,,,161.0,150,161.3,100,,,,,,,,,,,,,,,,
2026-07-07T01:01:12.585639+00:00,2026-07-07T01:01:12.585605,3,2,160.9,0.2,160.8,100,160.5,150,160.1,50,,,,,,,,,,,,,,,161.0,100,161.3,100,,,,,,,,,,,,,,,,
2026-07-07T01:01:12.617995+00:00,2026-07-07T01:01:12.617861,3,2,160.9,0.2,160.8,57,160.5,150,160.1,50,,,,,,,,,,,,,,,161.0,100,161.3,100,,,,,,,,,,,,,,,,
2026-07-07T01:01:12.726688+00:00,2026-07-07T01:01:12.726622,2,1,160.75,0.5,160.5,150,160.1,50,,,,,,,,,,,,,,,,,161.0,100,,,,,,,,,,,,,,,,,,
2026-07-07T01:01:12.776849+00:00,2026-07-07T01:01:12.776987,3,1,160.85,0.3,160.7,100,160.5,150,160.1,50,,,,,,,,,,,,,,,161.0,100,,,,,,,,,,,,,,,,,,
2026-07-07T01:01:12.832913+00:00,2026-07-07T01:01:12.832785,3,2,160.85,0.3,160.7,100,160.5,150,160.1,50,,,,,,,,,,,,,,,161.0,100,161.2,100,,,,,,,,,,,,,,,,
2026-07-07T01:01:14.473758+00:00,2026-07-07T01:01:14.473668,2,1,160.95,0.5,160.7,100,160.1,50,,,,,,,,,,,,,,,,,161.2,100,,,,,,,,,,,,,,,,,,
2026-07-07T01:01:14.529109+00:00,2026-07-07T01:01:14.529020,3,1,160.95,0.5,160.7,100,160.6,150,160.1,50,,,,,,,,,,,,,,,161.2,100,,,,,,,,,,,,,,,,,,
2026-07-07T01:01:14.579848+00:00,2026-07-07T01:01:14.579792,3,2,160.9,0.4,160.7,100,160.6,150,160.1,50,,,,,,,,,,,,,,,161.1,150,161.2,100,,,,,,,,,,,,,,,,
2026-07-07T01:01:14.658617+00:00,2026-07-07T01:01:14.647450,3,2,160.9,0.4,160.7,100,160.6,150,160.1,50,,,,,,,,,,,,,,,161.1,104,161.2,100,,,,,,,,,,,,,,,,
2026-07-07T01:01:14.745100+00:00,2026-07-07T01:01:14.745347,3,2,160.9,0.4,160.7,50,160.6,150,160.1,50,,,,,,,,,,,,,,,161.1,104,161.2,100,,,,,,,,,,,,,,,,
2026-07-07T01:01:15.885770+00:00,2026-07-07T01:01:15.885711,2,1,160.85,0.5,160.6,150,160.1,50,,,,,,,,,,,,,,,,,161.1,104,,,,,,,,,,,,,,,,,,
2026-07-07T01:01:15.938655+00:00,2026-07-07T01:01:15.938550,3,1,160.85,0.5,160.6,150,160.2,100,160.1,50,,,,,,,,,,,,,,,161.1,104,,,,,,,,,,,,,,,,,,
2026-07-07T01:01:15.990971+00:00,2026-07-07T01:01:15.990902,3,2,160.65,0.1,160.6,150,160.2,100,160.1,50,,,,,,,,,,,,,,,160.7,100,161.1,104,,,,,,,,,,,,,,,,
2026-07-07T01:01:17.635398+00:00,2026-07-07T01:01:17.635318,2,1,160.45,0.5,160.2,100,160.1,50,,,,,,,,,,,,,,,,,160.7,100,,,,,,,,,,,,,,,,,,
2026-07-07T01:01:17.688463+00:00,2026-07-07T01:01:17.688390,3,0,,,160.7,50,160.2,100,160.1,50,,,,,,,,,,,,,,,,,,,,,,,,,,,,,,,,,,
2026-07-07T01:01:17.737673+00:00,2026-07-07T01:01:17.737616,3,1,160.9,0.4,160.7,50,160.2,100,160.1,50,,,,,,,,,,,,,,,161.1,150,,,,,,,,,,,,,,,,,,
2026-07-07T01:01:19.040936+00:00,2026-07-07T01:01:19.040845,2,1,160.9,0.4,160.7,50,160.1,50,,,,,,,,,,,,,,,,,161.1,150,,,,,,,,,,,,,,,,,,
2026-07-07T01:01:19.101776+00:00,2026-07-07T01:01:19.101712,3,1,161.0,0.2,160.9,100,160.7,50,160.1,50,,,,,,,,,,,,,,,161.1,150,,,,,,,,,,,,,,,,,,
2026-07-07T01:01:19.158892+00:00,2026-07-07T01:01:19.158747,3,2,161.0,0.2,160.9,100,160.7,50,160.1,50,,,,,,,,,,,,,,,161.1,150,161.4,100,,,,,,,,,,,,,,,,
2026-07-07T01:01:19.574179+00:00,2026-07-07T01:01:19.574123,3,2,161.0,0.2,160.9,56,160.7,50,160.1,50,,,,,,,,,,,,,,,161.1,150,161.4,100,,,,,,,,,,,,,,,,
2026-07-07T01:01:20.796288+00:00,2026-07-07T01:01:20.796152,2,1,161.15,0.5,160.9,56,160.1,50,,,,,,,,,,,,,,,,,161.4,100,,,,,,,,,,,,,,,,,,
2026-07-07T01:01:20.851233+00:00,2026-07-07T01:01:20.851093,3,1,161.15,0.5,160.9,56,160.3,150,160.1,50,,,,,,,,,,,,,,,161.4,100,,,,,,,,,,,,,,,,,,
2026-07-07T01:01:20.903781+00:00,2026-07-07T01:01:20.903723,2,2,160.55,0.5,160.3,150,160.1,50,,,,,,,,,,,,,,,,,160.8,94,161.4,100,,,,,,,,,,,,,,,,
2026-07-07T01:01:21.056077+00:00,2026-07-07T01:01:21.055947,2,2,160.55,0.5,160.3,100,160.1,50,,,,,,,,,,,,,,,,,160.8,94,161.4,100,,,,,,,,,,,,,,,,
2026-07-07T01:01:22.206525+00:00,2026-07-07T01:01:22.206471,2,1,160.55,0.5,160.3,100,160.1,50,,,,,,,,,,,,,,,,,160.8,94,,,,,,,,,,,,,,,,,,
2026-07-07T01:01:22.258577+00:00,2026-07-07T01:01:22.254419,3,1,160.6,0.4,160.4,100,160.3,100,160.1,50,,,,,,,,,,,,,,,160.8,94,,,,,,,,,,,,,,,,,,
2026-07-07T01:01:22.316192+00:00,2026-07-07T01:01:22.316095,3,2,160.6,0.4,160.4,100,160.3,100,160.1,50,,,,,,,,,,,,,,,160.8,94,160.9,100,,,,,,,,,,,,,,,,
2026-07-07T01:01:23.959972+00:00,2026-07-07T01:01:23.959925,2,1,160.65,0.5,160.4,100,160.1,50,,,,,,,,,,,,,,,,,160.9,100,,,,,,,,,,,,,,,,,,
2026-07-07T01:01:24.014719+00:00,2026-07-07T01:01:24.014579,2,1,160.65,0.5,160.4,250,160.1,50,,,,,,,,,,,,,,,,,160.9,100,,,,,,,,,,,,,,,,,,
2026-07-07T01:01:24.067947+00:00,2026-07-07T01:01:24.067787,2,1,160.65,0.5,160.4,250,160.1,50,,,,,,,,,,,,,,,,,160.9,250,,,,,,,,,,,,,,,,,,
2026-07-07T01:01:25.216843+00:00,2026-07-07T01:01:25.216982,2,1,160.65,0.5,160.4,250,160.1,50,,,,,,,,,,,,,,,,,160.9,200,,,,,,,,,,,,,,,,,,
2026-07-07T01:01:25.391145+00:00,2026-07-07T01:01:25.391068,2,1,160.65,0.5,160.4,250,160.1,50,,,,,,,,,,,,,,,,,160.9,150,,,,,,,,,,,,,,,,,,
2026-07-07T01:01:25.396292+00:00,2026-07-07T01:01:25.396248,2,1,160.65,0.5,160.4,150,160.1,50,,,,,,,,,,,,,,,,,160.9,150,,,,,,,,,,,,,,,,,,
2026-07-07T01:01:25.449036+00:00,2026-07-07T01:01:25.449137,3,1,160.8,0.2,160.7,100,160.4,150,160.1,50,,,,,,,,,,,,,,,160.9,150,,,,,,,,,,,,,,,,,,
2026-07-07T01:01:25.503698+00:00,2026-07-07T01:01:25.503578,3,2,160.8,0.2,160.7,100,160.4,150,160.1,50,,,,,,,,,,,,,,,160.9,150,161.2,100,,,,,,,,,,,,,,,,
2026-07-07T01:01:27.122792+00:00,2026-07-07T01:01:27.122708,2,1,160.95,0.5,160.7,100,160.1,50,,,,,,,,,,,,,,,,,161.2,100,,,,,,,,,,,,,,,,,,
2026-07-07T01:01:27.175669+00:00,2026-07-07T01:01:27.175522,3,1,160.95,0.5,160.7,100,160.5,150,160.1,50,,,,,,,,,,,,,,,161.2,100,,,,,,,,,,,,,,,,,,
2026-07-07T01:01:27.229580+00:00,2026-07-07T01:01:27.229538,3,2,160.85,0.3,160.7,100,160.5,150,160.1,50,,,,,,,,,,,,,,,161.0,150,161.2,100,,,,,,,,,,,,,,,,
2026-07-07T01:01:27.374150+00:00,2026-07-07T01:01:27.374048,3,2,160.85,0.3,160.7,50,160.5,150,160.1,50,,,,,,,,,,,,,,,161.0,150,161.2,100,,,,,,,,,,,,,,,,
2026-07-07T01:01:28.554300+00:00,2026-07-07T01:01:28.554210,3,1,160.85,0.3,160.7,50,160.5,150,160.1,50,,,,,,,,,,,,,,,161.0,150,,,,,,,,,,,,,,,,,,
2026-07-07T01:01:28.559494+00:00,2026-07-07T01:01:28.559386,2,1,160.75,0.5,160.5,150,160.1,50,,,,,,,,,,,,,,,,,161.0,150,,,,,,,,,,,,,,,,,,
2026-07-07T01:01:28.613170+00:00,2026-07-07T01:01:28.613272,3,1,160.8,0.4,160.6,100,160.5,150,160.1,50,,,,,,,,,,,,,,,161.0,150,,,,,,,,,,,,,,,,,,
2026-07-07T01:01:28.658592+00:00,2026-07-07T01:01:28.656545,3,2,160.8,0.4,160.6,100,160.5,150,160.1,50,,,,,,,,,,,,,,,161.0,150,161.1,100,,,,,,,,,,,,,,,,
2026-07-07T01:01:29.480269+00:00,2026-07-07T01:01:29.480233,3,2,160.8,0.4,160.6,50,160.5,150,160.1,50,,,,,,,,,,,,,,,161.0,150,161.1,100,,,,,,,,,,,,,,,,
2026-07-07T01:01:30.282921+00:00,2026-07-07T01:01:30.282876,3,1,160.85,0.5,160.6,50,160.5,150,160.1,50,,,,,,,,,,,,,,,161.1,100,,,,,,,,,,,,,,,,,,
2026-07-07T01:01:30.288096+00:00,2026-07-07T01:01:30.288043,2,1,160.85,0.5,160.6,50,160.1,50,,,,,,,,,,,,,,,,,161.1,100,,,,,,,,,,,,,,,,,,
2026-07-07T01:01:30.341849+00:00,2026-07-07T01:01:30.341712,3,1,160.85,0.5,160.6,50,160.5,150,160.1,50,,,,,,,,,,,,,,,161.1,100,,,,,,,,,,,,,,,,,,
2026-07-07T01:01:30.394252+00:00,2026-07-07T01:01:30.394182,3,2,160.8,0.4,160.6,50,160.5,150,160.1,50,,,,,,,,,,,,,,,161.0,150,161.1,100,,,,,,,,,,,,,,,,
2026-07-07T01:01:31.587587+00:00,2026-07-07T01:01:31.587452,2,2,160.75,0.5,160.5,150,160.1,50,,,,,,,,,,,,,,,,,161.0,150,161.1,100,,,,,,,,,,,,,,,,
2026-07-07T01:01:31.721051+00:00,2026-07-07T01:01:31.720972,2,1,160.75,0.5,160.5,150,160.1,50,,,,,,,,,,,,,,,,,161.0,150,,,,,,,,,,,,,,,,,,
2026-07-07T01:01:31.774914+00:00,2026-07-07T01:01:31.774829,2,1,160.75,0.5,160.5,150,160.1,150,,,,,,,,,,,,,,,,,161.0,150,,,,,,,,,,,,,,,,,,
2026-07-07T01:01:31.835490+00:00,2026-07-07T01:01:31.828596,2,2,160.55,0.1,160.5,150,160.1,150,,,,,,,,,,,,,,,,,160.6,97,161.0,150,,,,,,,,,,,,,,,,
2026-07-07T01:01:32.691153+00:00,2026-07-07T01:01:32.683845,2,2,160.55,0.1,160.5,150,160.1,150,,,,,,,,,,,,,,,,,160.6,86,161.0,150,,,,,,,,,,,,,,,,
2026-07-07T01:01:33.473721+00:00,2026-07-07T01:01:33.463823,1,1,160.35,0.5,160.1,150,,,,,,,,,,,,,,,,,,,160.6,86,,,,,,,,,,,,,,,,,,
2026-07-07T01:01:33.502020+00:00,2026-07-07T01:01:33.501903,2,1,160.5,0.2,160.4,150,160.1,150,,,,,,,,,,,,,,,,,160.6,86,,,,,,,,,,,,,,,,,,
2026-07-07T01:01:33.556390+00:00,2026-07-07T01:01:33.556483,2,2,160.5,0.2,160.4,150,160.1,150,,,,,,,,,,,,,,,,,160.6,86,160.9,150,,,,,,,,,,,,,,,,
2026-07-07T01:01:33.694672+00:00,2026-07-07T01:01:33.694535,2,2,160.5,0.2,160.4,100,160.1,150,,,,,,,,,,,,,,,,,160.6,86,160.9,150,,,,,,,,,,,,,,,,
2026-07-07T01:01:33.978748+00:00,2026-07-07T01:01:33.973670,2,2,160.5,0.2,160.4,100,160.1,150,,,,,,,,,,,,,,,,,160.6,74,160.9,150,,,,,,,,,,,,,,,,
2026-07-07T01:01:34.881510+00:00,2026-07-07T01:01:34.881443,2,1,160.65,0.5,160.4,100,160.1,50,,,,,,,,,,,,,,,,,160.9,150,,,,,,,,,,,,,,,,,,
2026-07-07T01:01:34.935990+00:00,2026-07-07T01:01:34.935958,2,1,160.65,0.5,160.4,200,160.1,50,,,,,,,,,,,,,,,,,160.9,150,,,,,,,,,,,,,,,,,,
2026-07-07T01:01:34.990150+00:00,2026-07-07T01:01:34.990253,2,1,160.65,0.5,160.4,200,160.1,50,,,,,,,,,,,,,,,,,160.9,250,,,,,,,,,,,,,,,,,,
2026-07-07T01:01:35.801045+00:00,2026-07-07T01:01:35.800943,2,1,160.65,0.5,160.4,150,160.1,50,,,,,,,,,,,,,,,,,160.9,250,,,,,,,,,,,,,,,,,,
2026-07-07T01:01:36.610398+00:00,2026-07-07T01:01:36.610285,2,1,160.65,0.5,160.4,100,160.1,50,,,,,,,,,,,,,,,,,160.9,100,,,,,,,,,,,,,,,,,,
2026-07-07T01:01:36.664115+00:00,2026-07-07T01:01:36.663983,3,1,160.65,0.5,160.4,100,160.1,50,159.8,150,,,,,,,,,,,,,,,160.9,100,,,,,,,,,,,,,,,,,,
2026-07-07T01:01:36.716801+00:00,2026-07-07T01:01:36.716663,2,2,160.2,0.2,160.1,50,159.8,150,,,,,,,,,,,,,,,,,160.3,50,160.9,100,,,,,,,,,,,,,,,,
2026-07-07T01:01:36.804447+00:00,2026-07-07T01:01:36.804342,2,2,160.2,0.2,160.1,50,159.8,150,,,,,,,,,,,,,,,,,160.3,2,160.9,100,,,,,,,,,,,,,,,,
2026-07-07T01:01:37.777265+00:00,2026-07-07T01:01:37.774558,2,1,160.5,0.8,160.1,50,159.8,150,,,,,,,,,,,,,,,,,160.9,100,,,,,,,,,,,,,,,,,,
2026-07-07T01:01:37.909038+00:00,2026-07-07T01:01:37.908918,1,1,160.35,1.1,159.8,150,,,,,,,,,,,,,,,,,,,160.9,100,,,,,,,,,,,,,,,,,,
2026-07-07T01:01:38.058538+00:00,2026-07-07T01:01:38.044979,1,0,,,159.8,150,,,,,,,,,,,,,,,,,,,,,,,,,,,,,,,,,,,,,,
2026-07-07T01:01:38.158695+00:00,2026-07-07T01:01:38.103271,2,0,,,159.9,100,159.8,150,,,,,,,,,,,,,,,,,,,,,,,,,,,,,,,,,,,,
2026-07-07T01:01:38.169255+00:00,2026-07-07T01:01:38.169079,2,1,160.15,0.5,159.9,100,159.8,150,,,,,,,,,,,,,,,,,160.4,100,,,,,,,,,,,,,,,,,,
2026-07-07T01:01:39.594348+00:00,2026-07-07T01:01:39.594290,2,1,160.15,0.5,159.9,100,159.8,150,,,,,,,,,,,,,,,,,160.4,57,,,,,,,,,,,,,,,,,,
2026-07-07T01:01:39.771075+00:00,2026-07-07T01:01:39.770952,1,1,160.15,0.5,159.9,100,,,,,,,,,,,,,,,,,,,160.4,57,,,,,,,,,,,,,,,,,,
2026-07-07T01:01:39.825192+00:00,2026-07-07T01:01:39.825077,2,0,,,160.5,93,159.9,100,,,,,,,,,,,,,,,,,,,,,,,,,,,,,,,,,,,,
2026-07-07T01:01:39.878040+00:00,2026-07-07T01:01:39.877997,2,1,160.75,0.5,160.5,93,159.9,100,,,,,,,,,,,,,,,,,161.0,150,,,,,,,,,,,,,,,,,,
2026-07-07T01:01:40.015212+00:00,2026-07-07T01:01:40.015113,2,1,160.75,0.5,160.5,43,159.9,100,,,,,,,,,,,,,,,,,161.0,150,,,,,,,,,,,,,,,,,,
2026-07-07T01:01:40.563810+00:00,2026-07-07T01:01:40.553699,2,1,160.75,0.5,160.5,31,159.9,100,,,,,,,,,,,,,,,,,161.0,150,,,,,,,,,,,,,,,,,,
2026-07-07T01:01:41.158603+00:00,2026-07-07T01:01:41.145464,2,2,160.7,0.4,160.5,31,159.9,100,,,,,,,,,,,,,,,,,160.9,50,161.0,150,,,,,,,,,,,,,,,,
2026-07-07T01:01:41.214376+00:00,2026-07-07T01:01:41.214269,1,2,160.7,0.4,160.5,31,,,,,,,,,,,,,,,,,,,160.9,50,161.0,150,,,,,,,,,,,,,,,,
2026-07-07T01:01:41.269866+00:00,2026-07-07T01:01:41.270086,2,2,160.7,0.4,160.5,31,159.9,100,,,,,,,,,,,,,,,,,160.9,50,161.0,150,,,,,,,,,,,,,,,,
2026-07-07T01:01:41.322817+00:00,2026-07-07T01:01:41.322703,1,3,160.15,0.5,159.9,100,,,,,,,,,,,,,,,,,,,160.4,69,160.9,50,161.0,150,,,,,,,,,,,,,,
2026-07-07T01:01:42.124734+00:00,2026-07-07T01:01:42.124666,1,3,160.15,0.5,159.9,50,,,,,,,,,,,,,,,,,,,160.4,69,160.9,50,161.0,150,,,,,,,,,,,,,,
2026-07-07T01:01:42.879545+00:00,2026-07-07T01:01:42.879487,1,3,160.15,0.5,159.9,9,,,,,,,,,,,,,,,,,,,160.4,69,160.9,50,161.0,150,,,,,,,,,,,,,,
2026-07-07T01:01:42.958705+00:00,2026-07-07T01:01:42.954847,1,2,160.15,0.5,159.9,9,,,,,,,,,,,,,,,,,,,160.4,69,160.9,50,,,,,,,,,,,,,,,,
2026-07-07T01:01:43.011856+00:00,2026-07-07T01:01:43.011757,2,2,160.15,0.5,159.9,9,159.8,150,,,,,,,,,,,,,,,,,160.4,69,160.9,50,,,,,,,,,,,,,,,,
2026-07-07T01:01:43.063992+00:00,2026-07-07T01:01:43.064212,2,3,160.1,0.4,159.9,9,159.8,150,,,,,,,,,,,,,,,,,160.3,150,160.4,69,160.9,50,,,,,,,,,,,,,,
2026-07-07T01:01:43.073613+00:00,2026-07-07T01:01:43.068302,2,3,160.1,0.4,159.9,9,159.8,150,,,,,,,,,,,,,,,,,160.3,138,160.4,69,160.9,50,,,,,,,,,,,,,,
2026-07-07T01:01:43.811593+00:00,2026-07-07T01:01:43.811534,1,3,160.05,0.5,159.8,150,,,,,,,,,,,,,,,,,,,160.3,138,160.4,69,160.9,50,,,,,,,,,,,,,,
2026-07-07T01:01:44.180702+00:00,2026-07-07T01:01:44.180580,1,3,160.05,0.5,159.8,150,,,,,,,,,,,,,,,,,,,160.3,88,160.4,69,160.9,50,,,,,,,,,,,,,,
2026-07-07T01:01:44.376279+00:00,2026-07-07T01:01:44.376131,1,2,160.05,0.5,159.8,150,,,,,,,,,,,,,,,,,,,160.3,88,160.9,50,,,,,,,,,,,,,,,,
2026-07-07T01:01:44.431596+00:00,2026-07-07T01:01:44.431521,1,2,160.05,0.5,159.8,250,,,,,,,,,,,,,,,,,,,160.3,88,160.9,50,,,,,,,,,,,,,,,,
2026-07-07T01:01:44.448278+00:00,2026-07-07T01:01:44.448231,1,2,160.05,0.5,159.8,250,,,,,,,,,,,,,,,,,,,160.3,45,160.9,50,,,,,,,,,,,,,,,,
2026-07-07T01:01:44.484251+00:00,2026-07-07T01:01:44.484210,1,2,160.05,0.5,159.8,250,,,,,,,,,,,,,,,,,,,160.3,145,160.9,50,,,,,,,,,,,,,,,,
2026-07-07T01:01:46.118113+00:00,2026-07-07T01:01:46.118301,1,2,160.05,0.5,159.8,100,,,,,,,,,,,,,,,,,,,160.3,100,160.9,50,,,,,,,,,,,,,,,,
2026-07-07T01:01:46.169194+00:00,2026-07-07T01:01:46.169091,2,2,160.25,0.1,160.2,150,159.8,100,,,,,,,,,,,,,,,,,160.3,100,160.9,50,,,,,,,,,,,,,,,,
2026-07-07T01:01:46.224177+00:00,2026-07-07T01:01:46.224117,2,3,160.25,0.1,160.2,150,159.8,100,,,,,,,,,,,,,,,,,160.3,100,160.7,150,160.9,50,,,,,,,,,,,,,,
2026-07-07T01:01:46.288673+00:00,2026-07-07T01:01:46.288567,2,3,160.25,0.1,160.2,150,159.8,100,,,,,,,,,,,,,,,,,160.3,50,160.7,150,160.9,50,,,,,,,,,,,,,,
2026-07-07T01:01:47.538417+00:00,2026-07-07T01:01:47.538312,1,2,160.45,0.5,160.2,150,,,,,,,,,,,,,,,,,,,160.7,150,160.9,50,,,,,,,,,,,,,,,,
2026-07-07T01:01:47.593497+00:00,2026-07-07T01:01:47.593412,2,2,160.45,0.5,160.2,150,159.9,100,,,,,,,,,,,,,,,,,160.7,150,160.9,50,,,,,,,,,,,,,,,,
2026-07-07T01:01:47.647098+00:00,2026-07-07T01:01:47.646945,2,3,160.3,0.2,160.2,150,159.9,100,,,,,,,,,,,,,,,,,160.4,100,160.7,150,160.9,50,,,,,,,,,,,,,,
2026-07-07T01:01:48.458641+00:00,2026-07-07T01:01:48.457169,2,3,160.3,0.2,160.2,100,159.9,100,,,,,,,,,,,,,,,,,160.4,100,160.7,150,160.9,50,,,,,,,,,,,,,,
2026-07-07T01:01:49.279001+00:00,2026-07-07T01:01:49.278898,1,2,160.15,0.5,159.9,100,,,,,,,,,,,,,,,,,,,160.4,100,160.9,50,,,,,,,,,,,,,,,,
2026-07-07T01:01:49.333725+00:00,2026-07-07T01:01:49.333630,1,2,160.15,0.5,159.9,250,,,,,,,,,,,,,,,,,,,160.4,100,160.9,50,,,,,,,,,,,,,,,,
2026-07-07T01:01:49.387563+00:00,2026-07-07T01:01:49.387435,1,2,160.15,0.5,159.9,250,,,,,,,,,,,,,,,,,,,160.4,250,160.9,50,,,,,,,,,,,,,,,,
2026-07-07T01:01:50.697986+00:00,2026-07-07T01:01:50.697865,1,2,160.15,0.5,159.9,250,,,,,,,,,,,,,,,,,,,160.4,150,160.9,50,,,,,,,,,,,,,,,,
2026-07-07T01:01:50.703130+00:00,2026-07-07T01:01:50.703014,1,2,160.15,0.5,159.9,150,,,,,,,,,,,,,,,,,,,160.4,150,160.9,50,,,,,,,,,,,,,,,,
2026-07-07T01:01:50.757017+00:00,2026-07-07T01:01:50.756938,2,2,160.15,0.5,159.9,150,159.8,100,,,,,,,,,,,,,,,,,160.4,150,160.9,50,,,,,,,,,,,,,,,,
2026-07-07T01:01:50.810375+00:00,2026-07-07T01:01:50.810231,2,3,160.1,0.4,159.9,150,159.8,100,,,,,,,,,,,,,,,,,160.3,100,160.4,150,160.9,50,,,,,,,,,,,,,,
2026-07-07T01:01:52.442094+00:00,2026-07-07T01:01:52.442033,1,2,160.05,0.5,159.8,100,,,,,,,,,,,,,,,,,,,160.3,100,160.9,50,,,,,,,,,,,,,,,,
2026-07-07T01:01:52.499344+00:00,2026-07-07T01:01:52.499315,2,2,160.05,0.5,159.8,100,159.7,150,,,,,,,,,,,,,,,,,160.3,100,160.9,50,,,,,,,,,,,,,,,,
2026-07-07T01:01:52.551536+00:00,2026-07-07T01:01:52.551490,2,3,160.0,0.4,159.8,100,159.7,150,,,,,,,,,,,,,,,,,160.2,150,160.3,100,160.9,50,,,,,,,,,,,,,,
2026-07-07T01:01:52.623952+00:00,2026-07-07T01:01:52.624160,2,3,160.0,0.4,159.8,100,159.7,150,,,,,,,,,,,,,,,,,160.2,100,160.3,100,160.9,50,,,,,,,,,,,,,,
2026-07-07T01:01:53.869374+00:00,2026-07-07T01:01:53.869321,1,2,159.95,0.5,159.7,150,,,,,,,,,,,,,,,,,,,160.2,100,160.9,50,,,,,,,,,,,,,,,,
2026-07-07T01:01:53.920286+00:00,2026-07-07T01:01:53.920246,2,2,159.95,0.5,159.7,150,159.6,100,,,,,,,,,,,,,,,,,160.2,100,160.9,50,,,,,,,,,,,,,,,,
2026-07-07T01:01:53.973131+00:00,2026-07-07T01:01:53.973056,2,3,159.9,0.4,159.7,150,159.6,100,,,,,,,,,,,,,,,,,160.1,100,160.2,100,160.9,50,,,,,,,,,,,,,,
2026-07-07T01:01:54.736883+00:00,2026-07-07T01:01:54.736699,2,3,159.9,0.4,159.7,150,159.6,100,,,,,,,,,,,,,,,,,160.1,50,160.2,100,160.9,50,,,,,,,,,,,,,,
2026-07-07T01:01:55.602919+00:00,2026-07-07T01:01:55.602826,1,2,159.85,0.5,159.6,100,,,,,,,,,,,,,,,,,,,160.1,50,160.9,50,,,,,,,,,,,,,,,,
2026-07-07T01:01:55.658599+00:00,2026-07-07T01:01:55.654712,2,2,159.95,0.3,159.8,150,159.6,100,,,,,,,,,,,,,,,,,160.1,50,160.9,50,,,,,,,,,,,,,,,,
2026-07-07T01:01:55.718890+00:00,2026-07-07T01:01:55.718783,2,3,159.95,0.3,159.8,150,159.6,100,,,,,,,,,,,,,,,,,160.1,50,160.3,150,160.9,50,,,,,,,,,,,,,,
2026-07-07T01:01:56.843559+00:00,2026-07-07T01:01:56.843422,2,2,160.05,0.5,159.8,150,159.6,100,,,,,,,,,,,,,,,,,160.3,150,160.9,50,,,,,,,,,,,,,,,,
2026-07-07T01:01:57.031253+00:00,2026-07-07T01:01:57.031332,1,2,160.05,0.5,159.8,150,,,,,,,,,,,,,,,,,,,160.3,150,160.9,50,,,,,,,,,,,,,,,,
2026-07-07T01:01:57.084223+00:00,2026-07-07T01:01:57.084137,2,2,160.15,0.3,160.0,100,159.8,150,,,,,,,,,,,,,,,,,160.3,150,160.9,50,,,,,,,,,,,,,,,,
2026-07-07T01:01:57.134710+00:00,2026-07-07T01:01:57.134627,2,3,160.15,0.3,160.0,100,159.8,150,,,,,,,,,,,,,,,,,160.3,150,160.5,100,160.9,50,,,,,,,,,,,,,,
2026-07-07T01:01:58.770814+00:00,2026-07-07T01:01:58.770769,1,2,160.25,0.5,160.0,100,,,,,,,,,,,,,,,,,,,160.5,100,160.9,50,,,,,,,,,,,,,,,,
2026-07-07T01:01:58.828126+00:00,2026-07-07T01:01:58.828071,2,2,160.25,0.5,160.0,100,159.9,150,,,,,,,,,,,,,,,,,160.5,100,160.9,50,,,,,,,,,,,,,,,,
2026-07-07T01:01:58.880760+00:00,2026-07-07T01:01:58.880674,2,3,160.2,0.4,160.0,100,159.9,150,,,,,,,,,,,,,,,,,160.4,150,160.5,100,160.9,50,,,,,,,,,,,,,,
2026-07-07T01:01:58.958604+00:00,2026-07-07T01:01:58.950221,2,3,160.2,0.4,160.0,100,159.9,150,,,,,,,,,,,,,,,,,160.4,100,160.5,100,160.9,50,,,,,,,,,,,,,,
2026-07-07T01:02:00.192715+00:00,2026-07-07T01:02:00.192573,1,2,160.15,0.5,159.9,150,,,,,,,,,,,,,,,,,,,160.4,100,160.9,50,,,,,,,,,,,,,,,,
2026-07-07T01:02:00.258679+00:00,2026-07-07T01:02:00.244809,1,2,160.15,0.5,159.9,250,,,,,,,,,,,,,,,,,,,160.4,100,160.9,50,,,,,,,,,,,,,,,,
2026-07-07T01:02:00.304967+00:00,2026-07-07T01:02:00.304862,1,2,160.15,0.5,159.9,250,,,,,,,,,,,,,,,,,,,160.4,200,160.9,50,,,,,,,,,,,,,,,,
2026-07-07T01:02:01.058674+00:00,2026-07-07T01:02:01.055075,1,2,160.15,0.5,159.9,250,,,,,,,,,,,,,,,,,,,160.4,150,160.9,50,,,,,,,,,,,,,,,,
2026-07-07T01:02:01.935737+00:00,2026-07-07T01:02:01.935644,1,2,160.15,0.5,159.9,100,,,,,,,,,,,,,,,,,,,160.4,100,160.9,50,,,,,,,,,,,,,,,,
2026-07-07T01:02:02.005923+00:00,2026-07-07T01:02:01.996626,2,2,160.3,0.2,160.2,127,159.9,100,,,,,,,,,,,,,,,,,160.4,100,160.9,50,,,,,,,,,,,,,,,,
2026-07-07T01:02:02.046273+00:00,2026-07-07T01:02:02.046198,2,3,160.3,0.2,160.2,127,159.9,100,,,,,,,,,,,,,,,,,160.4,100,160.7,150,160.9,50,,,,,,,,,,,,,,
2026-07-07T01:02:02.363965+00:00,2026-07-07T01:02:02.363797,2,3,160.3,0.2,160.2,78,159.9,100,,,,,,,,,,,,,,,,,160.4,100,160.7,150,160.9,50,,,,,,,,,,,,,,
2026-07-07T01:02:02.884068+00:00,2026-07-07T01:02:02.884006,2,3,160.3,0.2,160.2,33,159.9,100,,,,,,,,,,,,,,,,,160.4,100,160.7,150,160.9,50,,,,,,,,,,,,,,
2026-07-07T01:02:03.176140+00:00,2026-07-07T01:02:03.176006,2,3,160.3,0.2,160.2,33,159.9,100,,,,,,,,,,,,,,,,,160.4,50,160.7,150,160.9,50,,,,,,,,,,,,,,
2026-07-07T01:02:03.358606+00:00,2026-07-07T01:02:03.353986,1,2,160.45,0.5,160.2,33,,,,,,,,,,,,,,,,,,,160.7,150,160.9,50,,,,,,,,,,,,,,,,
2026-07-07T01:02:03.412747+00:00,2026-07-07T01:02:03.412684,2,2,160.45,0.5,160.2,33,160.1,100,,,,,,,,,,,,,,,,,160.7,150,160.9,50,,,,,,,,,,,,,,,,
2026-07-07T01:02:03.465711+00:00,2026-07-07T01:02:03.465653,2,3,160.4,0.4,160.2,33,160.1,100,,,,,,,,,,,,,,,,,160.6,100,160.7,150,160.9,50,,,,,,,,,,,,,,
2026-07-07T01:02:05.101195+00:00,2026-07-07T01:02:05.101317,1,2,160.35,0.5,160.1,100,,,,,,,,,,,,,,,,,,,160.6,100,160.9,50,,,,,,,,,,,,,,,,
2026-07-07T01:02:05.163982+00:00,2026-07-07T01:02:05.163808,2,2,160.35,0.5,160.1,100,159.9,150,,,,,,,,,,,,,,,,,160.6,100,160.9,50,,,,,,,,,,,,,,,,
2026-07-07T01:02:05.209361+00:00,2026-07-07T01:02:05.209253,2,3,160.25,0.3,160.1,100,159.9,150,,,,,,,,,,,,,,,,,160.4,150,160.6,100,160.9,50,,,,,,,,,,,,,,
2026-07-07T01:02:05.281595+00:00,2026-07-07T01:02:05.281471,2,3,160.25,0.3,160.1,100,159.9,150,,,,,,,,,,,,,,,,,160.4,100,160.6,100,160.9,50,,,,,,,,,,,,,,
2026-07-07T01:02:06.525440+00:00,2026-07-07T01:02:06.525580,1,2,160.15,0.5,159.9,150,,,,,,,,,,,,,,,,,,,160.4,100,160.9,50,,,,,,,,,,,,,,,,
2026-07-07T01:02:06.575253+00:00,2026-07-07T01:02:06.575138,2,2,160.25,0.3,160.1,100,159.9,150,,,,,,,,,,,,,,,,,160.4,100,160.9,50,,,,,,,,,,,,,,,,
2026-07-07T01:02:06.628240+00:00,2026-07-07T01:02:06.628063,2,3,160.25,0.3,160.1,100,159.9,150,,,,,,,,,,,,,,,,,160.4,100,160.6,100,160.9,50,,,,,,,,,,,,,,
2026-07-07T01:02:06.958613+00:00,2026-07-07T01:02:06.953056,2,3,160.25,0.3,160.1,57,159.9,150,,,,,,,,,,,,,,,,,160.4,100,160.6,100,160.9,50,,,,,,,,,,,,,,
2026-07-07T01:02:07.421061+00:00,2026-07-07T01:02:07.420892,2,3,160.25,0.3,160.1,57,159.9,150,,,,,,,,,,,,,,,,,160.4,50,160.6,100,160.9,50,,,,,,,,,,,,,,
2026-07-07T01:02:08.158810+00:00,2026-07-07T01:02:08.103324,2,3,160.25,0.3,160.1,57,159.9,150,,,,,,,,,,,,,,,,,160.4,6,160.6,100,160.9,50,,,,,,,,,,,,,,
2026-07-07T01:02:08.264110+00:00,2026-07-07T01:02:08.263948,1,2,160.35,0.5,160.1,57,,,,,,,,,,,,,,,,,,,160.6,100,160.9,50,,,,,,,,,,,,,,,,
2026-07-07T01:02:08.327602+00:00,2026-07-07T01:02:08.321508,2,2,160.45,0.3,160.3,147,160.1,57,,,,,,,,,,,,,,,,,160.6,100,160.9,50,,,,,,,,,,,,,,,,
2026-07-07T01:02:08.385304+00:00,2026-07-07T01:02:08.385172,2,3,160.45,0.3,160.3,147,160.1,57,,,,,,,,,,,,,,,,,160.6,100,160.8,150,160.9,50,,,,,,,,,,,,,,
2026-07-07T01:02:09.573436+00:00,2026-07-07T01:02:09.573402,2,3,160.45,0.3,160.3,97,160.1,57,,,,,,,,,,,,,,,,,160.6,100,160.8,150,160.9,50,,,,,,,,,,,,,,
2026-07-07T01:02:09.683908+00:00,2026-07-07T01:02:09.683860,1,2,160.55,0.5,160.3,97,,,,,,,,,,,,,,,,,,,160.8,150,160.9,50,,,,,,,,,,,,,,,,
2026-07-07T01:02:09.738126+00:00,2026-07-07T01:02:09.738023,2,2,160.55,0.5,160.3,97,159.6,100,,,,,,,,,,,,,,,,,160.8,150,160.9,50,,,,,,,,,,,,,,,,
2026-07-07T01:02:09.791788+00:00,2026-07-07T01:02:09.791647,1,3,159.85,0.5,159.6,100,,,,,,,,,,,,,,,,,,,160.1,3,160.8,150,160.9,50,,,,,,,,,,,,,,
2026-07-07T01:02:11.433190+00:00,2026-07-07T01:02:11.433310,1,2,159.85,0.5,159.6,100,,,,,,,,,,,,,,,,,,,160.1,3,160.9,50,,,,,,,,,,,,,,,,
2026-07-07T01:02:11.490526+00:00,2026-07-07T01:02:11.490370,2,2,159.85,0.5,159.6,100,159.5,150,,,,,,,,,,,,,,,,,160.1,3,160.9,50,,,,,,,,,,,,,,,,
2026-07-07T01:02:11.542263+00:00,2026-07-07T01:02:11.542234,2,3,159.8,0.4,159.6,100,159.5,150,,,,,,,,,,,,,,,,,160.0,150,160.1,3,160.9,50,,,,,,,,,,,,,,
2026-07-07T01:02:11.635808+00:00,2026-07-07T01:02:11.635959,2,3,159.8,0.4,159.6,100,159.5,150,,,,,,,,,,,,,,,,,160.0,100,160.1,3,160.9,50,,,,,,,,,,,,,,
2026-07-07T01:02:12.403165+00:00,2026-07-07T01:02:12.403061,2,3,159.8,0.4,159.6,100,159.5,150,,,,,,,,,,,,,,,,,160.0,55,160.1,3,160.9,50,,,,,,,,,,,,,,
2026-07-07T01:02:12.848114+00:00,2026-07-07T01:02:12.848066,1,2,159.75,0.5,159.5,150,,,,,,,,,,,,,,,,,,,160.0,55,160.9,50,,,,,,,,,,,,,,,,
2026-07-07T01:02:12.902436+00:00,2026-07-07T01:02:12.902377,2,2,159.95,0.1,159.9,100,159.5,150,,,,,,,,,,,,,,,,,160.0,55,160.9,50,,,,,,,,,,,,,,,,
2026-07-07T01:02:12.963885+00:00,2026-07-07T01:02:12.963792,2,3,159.95,0.1,159.9,100,159.5,150,,,,,,,,,,,,,,,,,160.0,55,160.4,100,160.9,50,,,,,,,,,,,,,,
2026-07-07T01:02:13.658567+00:00,2026-07-07T01:02:13.656190,2,3,159.95,0.1,159.9,54,159.5,150,,,,,,,,,,,,,,,,,160.0,55,160.4,100,160.9,50,,,,,,,,,,,,,,
2026-07-07T01:02:14.138702+00:00,2026-07-07T01:02:14.138641,2,3,159.95,0.1,159.9,54,159.5,150,,,,,,,,,,,,,,,,,160.0,8,160.4,100,160.9,50,,,,,,,,,,,,,,
2026-07-07T01:02:14.596760+00:00,2026-07-07T01:02:14.596669,1,2,160.15,0.5,159.9,54,,,,,,,,,,,,,,,,,,,160.4,100,160.9,50,,,,,,,,,,,,,,,,
2026-07-07T01:02:14.650794+00:00,2026-07-07T01:02:14.650900,1,2,160.15,0.5,159.9,204,,,,,,,,,,,,,,,,,,,160.4,100,160.9,50,,,,,,,,,,,,,,,,
2026-07-07T01:02:14.705528+00:00,2026-07-07T01:02:14.705654,1,2,160.15,0.5,159.9,204,,,,,,,,,,,,,,,,,,,160.4,250,160.9,50,,,,,,,,,,,,,,,,
2026-07-07T01:02:16.008982+00:00,2026-07-07T01:02:16.008921,1,2,160.15,0.5,159.9,150,,,,,,,,,,,,,,,,,,,160.4,150,160.9,50,,,,,,,,,,,,,,,,
2026-07-07T01:02:16.064612+00:00,2026-07-07T01:02:16.064548,2,2,160.15,0.5,159.9,150,159.8,100,,,,,,,,,,,,,,,,,160.4,150,160.9,50,,,,,,,,,,,,,,,,
2026-07-07T01:02:16.117226+00:00,2026-07-07T01:02:16.117194,2,3,160.1,0.4,159.9,150,159.8,100,,,,,,,,,,,,,,,,,160.3,100,160.4,150,160.9,50,,,,,,,,,,,,,,
2026-07-07T01:02:17.275675+00:00,2026-07-07T01:02:17.275591,2,3,160.1,0.4,159.9,107,159.8,100,,,,,,,,,,,,,,,,,160.3,100,160.4,150,160.9,50,,,,,,,,,,,,,,
2026-07-07T01:02:17.758638+00:00,2026-07-07T01:02:17.755596,1,2,160.05,0.5,159.8,100,,,,,,,,,,,,,,,,,,,160.3,100,160.9,50,,,,,,,,,,,,,,,,
2026-07-07T01:02:17.815376+00:00,2026-07-07T01:02:17.815256,1,2,160.05,0.5,159.8,250,,,,,,,,,,,,,,,,,,,160.3,100,160.9,50,,,,,,,,,,,,,,,,
2026-07-07T01:02:17.868286+00:00,2026-07-07T01:02:17.868219,1,2,160.05,0.5,159.8,250,,,,,,,,,,,,,,,,,,,160.3,250,160.9,50,,,,,,,,,,,,,,,,
2026-07-07T01:02:18.003310+00:00,2026-07-07T01:02:18.003246,1,2,160.05,0.5,159.8,200,,,,,,,,,,,,,,,,,,,160.3,250,160.9,50,,,,,,,,,,,,,,,,
2026-07-07T01:02:18.358677+00:00,2026-07-07T01:02:18.358569,1,2,160.05,0.5,159.8,200,,,,,,,,,,,,,,,,,,,160.3,203,160.9,50,,,,,,,,,,,,,,,,
2026-07-07T01:02:19.170782+00:00,2026-07-07T01:02:19.170710,1,2,160.05,0.5,159.8,150,,,,,,,,,,,,,,,,,,,160.3,150,160.9,50,,,,,,,,,,,,,,,,
2026-07-07T01:02:19.233917+00:00,2026-07-07T01:02:19.233862,2,2,160.05,0.5,159.8,150,159.5,100,,,,,,,,,,,,,,,,,160.3,150,160.9,50,,,,,,,,,,,,,,,,
2026-07-07T01:02:19.285029+00:00,2026-07-07T01:02:19.284937,2,3,159.9,0.2,159.8,150,159.5,100,,,,,,,,,,,,,,,,,160.0,100,160.3,150,160.9,50,,,,,,,,,,,,,,
2026-07-07T01:02:19.410403+00:00,2026-07-07T01:02:19.410320,2,3,159.9,0.2,159.8,109,159.5,100,,,,,,,,,,,,,,,,,160.0,100,160.3,150,160.9,50,,,,,,,,,,,,,,
2026-07-07T01:02:20.113101+00:00,2026-07-07T01:02:20.112983,2,3,159.9,0.2,159.8,59,159.5,100,,,,,,,,,,,,,,,,,160.0,100,160.3,150,160.9,50,,,,,,,,,,,,,,
2026-07-07T01:02:20.609657+00:00,2026-07-07T01:02:20.609482,2,3,159.9,0.2,159.8,10,159.5,100,,,,,,,,,,,,,,,,,160.0,100,160.3,150,160.9,50,,,,,,,,,,,,,,
2026-07-07T01:02:20.918931+00:00,2026-07-07T01:02:20.918839,1,2,159.75,0.5,159.5,100,,,,,,,,,,,,,,,,,,,160.0,100,160.9,50,,,,,,,,,,,,,,,,
2026-07-07T01:02:20.975621+00:00,2026-07-07T01:02:20.975560,2,2,159.75,0.5,159.5,100,159.1,150,,,,,,,,,,,,,,,,,160.0,100,160.9,50,,,,,,,,,,,,,,,,
2026-07-07T01:02:21.036496+00:00,2026-07-07T01:02:21.031274,2,3,159.55,0.1,159.5,100,159.1,150,,,,,,,,,,,,,,,,,159.6,147,160.0,100,160.9,50,,,,,,,,,,,,,,
2026-07-07T01:02:22.219981+00:00,2026-07-07T01:02:22.219854,2,3,159.55,0.1,159.5,50,159.1,150,,,,,,,,,,,,,,,,,159.6,147,160.0,100,160.9,50,,,,,,,,,,,,,,
2026-07-07T01:02:22.341395+00:00,2026-07-07T01:02:22.341322,1,2,159.35,0.5,159.1,150,,,,,,,,,,,,,,,,,,,159.6,147,160.9,50,,,,,,,,,,,,,,,,
2026-07-07T01:02:22.397889+00:00,2026-07-07T01:02:22.397711,2,2,159.4,0.4,159.2,100,159.1,150,,,,,,,,,,,,,,,,,159.6,147,160.9,50,,,,,,,,,,,,,,,,
2026-07-07T01:02:22.454355+00:00,2026-07-07T01:02:22.454459,2,3,159.4,0.4,159.2,100,159.1,150,,,,,,,,,,,,,,,,,159.6,147,159.7,100,160.9,50,,,,,,,,,,,,,,
2026-07-07T01:02:24.081030+00:00,2026-07-07T01:02:24.080935,1,2,159.45,0.5,159.2,100,,,,,,,,,,,,,,,,,,,159.7,100,160.9,50,,,,,,,,,,,,,,,,
2026-07-07T01:02:24.136166+00:00,2026-07-07T01:02:24.136135,2,2,159.45,0.5,159.2,100,159.0,150,,,,,,,,,,,,,,,,,159.7,100,160.9,50,,,,,,,,,,,,,,,,
2026-07-07T01:02:24.187446+00:00,2026-07-07T01:02:24.187410,2,3,159.35,0.3,159.2,100,159.0,150,,,,,,,,,,,,,,,,,159.5,150,159.7,100,160.9,50,,,,,,,,,,,,,,
2026-07-07T01:02:24.280036+00:00,2026-07-07T01:02:24.280177,2,3,159.35,0.3,159.2,100,159.0,150,,,,,,,,,,,,,,,,,159.5,100,159.7,100,160.9,50,,,,,,,,,,,,,,
2026-07-07T01:02:25.504990+00:00,2026-07-07T01:02:25.504894,1,2,159.25,0.5,159.0,150,,,,,,,,,,,,,,,,,,,159.5,100,160.9,50,,,,,,,,,,,,,,,,
2026-07-07T01:02:25.558648+00:00,2026-07-07T01:02:25.553385,2,2,159.35,0.3,159.2,100,159.0,150,,,,,,,,,,,,,,,,,159.5,100,160.9,50,,,,,,,,,,,,,,,,
2026-07-07T01:02:25.614086+00:00,2026-07-07T01:02:25.613988,2,3,159.35,0.3,159.2,100,159.0,150,,,,,,,,,,,,,,,,,159.5,100,159.7,100,160.9,50,,,,,,,,,,,,,,
2026-07-07T01:02:26.387263+00:00,2026-07-07T01:02:26.387190,2,3,159.35,0.3,159.2,100,159.0,150,,,,,,,,,,,,,,,,,159.5,50,159.7,100,160.9,50,,,,,,,,,,,,,,
2026-07-07T01:02:27.240982+00:00,2026-07-07T01:02:27.240873,1,2,159.45,0.5,159.2,100,,,,,,,,,,,,,,,,,,,159.7,100,160.9,50,,,,,,,,,,,,,,,,
2026-07-07T01:02:27.295405+00:00,2026-07-07T01:02:27.295339,2,2,159.5,0.4,159.3,150,159.2,100,,,,,,,,,,,,,,,,,159.7,100,160.9,50,,,,,,,,,,,,,,,,
2026-07-07T01:02:27.350910+00:00,2026-07-07T01:02:27.350834,2,3,159.5,0.4,159.3,150,159.2,100,,,,,,,,,,,,,,,,,159.7,100,159.8,150,160.9,50,,,,,,,,,,,,,,
2026-07-07T01:02:28.492238+00:00,2026-07-07T01:02:28.492165,2,3,159.5,0.4,159.3,150,159.2,100,,,,,,,,,,,,,,,,,159.7,50,159.8,150,160.9,50,,,,,,,,,,,,,,
2026-07-07T01:02:28.680445+00:00,2026-07-07T01:02:28.680311,1,2,159.55,0.5,159.3,150,,,,,,,,,,,,,,,,,,,159.8,150,160.9,50,,,,,,,,,,,,,,,,
2026-07-07T01:02:28.735542+00:00,2026-07-07T01:02:28.735439,2,2,159.6,0.4,159.4,100,159.3,150,,,,,,,,,,,,,,,,,159.8,150,160.9,50,,,,,,,,,,,,,,,,
2026-07-07T01:02:28.789636+00:00,2026-07-07T01:02:28.789541,2,3,159.6,0.4,159.4,100,159.3,150,,,,,,,,,,,,,,,,,159.8,150,159.9,100,160.9,50,,,,,,,,,,,,,,
2026-07-07T01:02:30.404639+00:00,2026-07-07T01:02:30.404588,1,2,159.65,0.5,159.4,100,,,,,,,,,,,,,,,,,,,159.9,100,160.9,50,,,,,,,,,,,,,,,,
2026-07-07T01:02:30.457820+00:00,2026-07-07T01:02:30.457894,2,2,159.7,0.4,159.5,150,159.4,100,,,,,,,,,,,,,,,,,159.9,100,160.9,50,,,,,,,,,,,,,,,,
2026-07-07T01:02:30.507714+00:00,2026-07-07T01:02:30.507601,2,2,159.7,0.4,159.5,150,159.4,100,,,,,,,,,,,,,,,,,159.9,250,160.9,50,,,,,,,,,,,,,,,,
2026-07-07T01:02:30.658571+00:00,2026-07-07T01:02:30.651648,2,2,159.7,0.4,159.5,100,159.4,100,,,,,,,,,,,,,,,,,159.9,250,160.9,50,,,,,,,,,,,,,,,,
2026-07-07T01:02:30.789066+00:00,2026-07-07T01:02:30.788971,2,2,159.7,0.4,159.5,100,159.4,100,,,,,,,,,,,,,,,,,159.9,209,160.9,50,,,,,,,,,,,,,,,,
2026-07-07T01:02:31.847009+00:00,2026-07-07T01:02:31.846841,1,2,159.7,0.4,159.5,100,,,,,,,,,,,,,,,,,,,159.9,150,160.9,50,,,,,,,,,,,,,,,,
2026-07-07T01:02:31.896232+00:00,2026-07-07T01:02:31.896186,2,2,159.75,0.3,159.6,100,159.5,100,,,,,,,,,,,,,,,,,159.9,150,160.9,50,,,,,,,,,,,,,,,,
2026-07-07T01:02:31.949397+00:00,2026-07-07T01:02:31.949283,2,3,159.75,0.3,159.6,100,159.5,100,,,,,,,,,,,,,,,,,159.9,150,160.1,100,160.9,50,,,,,,,,,,,,,,
2026-07-07T01:02:32.758650+00:00,2026-07-07T01:02:32.754295,2,3,159.75,0.3,159.6,50,159.5,100,,,,,,,,,,,,,,,,,159.9,150,160.1,100,160.9,50,,,,,,,,,,,,,,
2026-07-07T01:02:33.286737+00:00,2026-07-07T01:02:33.286691,2,3,159.75,0.3,159.6,1,159.5,100,,,,,,,,,,,,,,,,,159.9,150,160.1,100,160.9,50,,,,,,,,,,,,,,
2026-07-07T01:02:33.564447+00:00,2026-07-07T01:02:33.564354,1,2,159.85,0.5,159.6,1,,,,,,,,,,,,,,,,,,,160.1,100,160.9,50,,,,,,,,,,,,,,,,
2026-07-07T01:02:33.618887+00:00,2026-07-07T01:02:33.618996,2,2,159.85,0.5,159.6,1,159.3,150,,,,,,,,,,,,,,,,,160.1,100,160.9,50,,,,,,,,,,,,,,,,
2026-07-07T01:02:33.672408+00:00,2026-07-07T01:02:33.672269,2,3,159.7,0.2,159.6,1,159.3,150,,,,,,,,,,,,,,,,,159.8,150,160.1,100,160.9,50,,,,,,,,,,,,,,
2026-07-07T01:02:34.867408+00:00,2026-07-07T01:02:34.867283,1,3,159.55,0.5,159.3,101,,,,,,,,,,,,,,,,,,,159.8,150,160.1,100,160.9,50,,,,,,,,,,,,,,
2026-07-07T01:02:35.007198+00:00,2026-07-07T01:02:35.007081,1,2,159.55,0.5,159.3,101,,,,,,,,,,,,,,,,,,,159.8,150,160.9,50,,,,,,,,,,,,,,,,
2026-07-07T01:02:35.074080+00:00,2026-07-07T01:02:35.074004,1,2,159.55,0.5,159.3,201,,,,,,,,,,,,,,,,,,,159.8,150,160.9,50,,,,,,,,,,,,,,,,
2026-07-07T01:02:35.125619+00:00,2026-07-07T01:02:35.125518,1,2,159.55,0.5,159.3,201,,,,,,,,,,,,,,,,,,,159.8,250,160.9,50,,,,,,,,,,,,,,,,
2026-07-07T01:02:35.687660+00:00,2026-07-07T01:02:35.687612,1,2,159.55,0.5,159.3,201,,,,,,,,,,,,,,,,,,,159.8,207,160.9,50,,,,,,,,,,,,,,,,
2026-07-07T01:02:36.723424+00:00,2026-07-07T01:02:36.723543,1,2,159.55,0.5,159.3,100,,,,,,,,,,,,,,,,,,,159.8,100,160.9,50,,,,,,,,,,,,,,,,
2026-07-07T01:02:36.775868+00:00,2026-07-07T01:02:36.775817,1,2,159.55,0.5,159.3,250,,,,,,,,,,,,,,,,,,,159.8,100,160.9,50,,,,,,,,,,,,,,,,
2026-07-07T01:02:36.848550+00:00,2026-07-07T01:02:36.848362,1,2,159.55,0.5,159.3,250,,,,,,,,,,,,,,,,,,,159.8,250,160.9,50,,,,,,,,,,,,,,,,
2026-07-07T01:02:36.976461+00:00,2026-07-07T01:02:36.976362,1,2,159.55,0.5,159.3,200,,,,,,,,,,,,,,,,,,,159.8,250,160.9,50,,,,,,,,,,,,,,,,
2026-07-07T01:02:37.785565+00:00,2026-07-07T01:02:37.785485,1,2,159.55,0.5,159.3,200,,,,,,,,,,,,,,,,,,,159.8,209,160.9,50,,,,,,,,,,,,,,,,
2026-07-07T01:02:38.180204+00:00,2026-07-07T01:02:38.179997,1,2,159.55,0.5,159.3,150,,,,,,,,,,,,,,,,,,,159.8,150,160.9,50,,,,,,,,,,,,,,,,
2026-07-07T01:02:38.258655+00:00,2026-07-07T01:02:38.224174,2,2,159.65,0.3,159.5,100,159.3,150,,,,,,,,,,,,,,,,,159.8,150,160.9,50,,,,,,,,,,,,,,,,
2026-07-07T01:02:38.276901+00:00,2026-07-07T01:02:38.276828,2,3,159.65,0.3,159.5,100,159.3,150,,,,,,,,,,,,,,,,,159.8,150,160.0,100,160.9,50,,,,,,,,,,,,,,
2026-07-07T01:02:38.845572+00:00,2026-07-07T01:02:38.845457,2,3,159.65,0.3,159.5,100,159.3,150,,,,,,,,,,,,,,,,,159.8,104,160.0,100,160.9,50,,,,,,,,,,,,,,
2026-07-07T01:02:39.084278+00:00,2026-07-07T01:02:39.084212,2,3,159.65,0.3,159.5,50,159.3,150,,,,,,,,,,,,,,,,,159.8,104,160.0,100,160.9,50,,,,,,,,,,,,,,
2026-07-07T01:02:39.529589+00:00,2026-07-07T01:02:39.523755,2,3,159.65,0.3,159.5,50,159.3,150,,,,,,,,,,,,,,,,,159.8,93,160.0,100,160.9,50,,,,,,,,,,,,,,
2026-07-07T01:02:39.916817+00:00,2026-07-07T01:02:39.916707,1,2,159.75,0.5,159.5,50,,,,,,,,,,,,,,,,,,,160.0,100,160.9,50,,,,,,,,,,,,,,,,
2026-07-07T01:02:39.974783+00:00,2026-07-07T01:02:39.974727,2,2,159.9,0.2,159.8,150,159.5,50,,,,,,,,,,,,,,,,,160.0,100,160.9,50,,,,,,,,,,,,,,,,
2026-07-07T01:02:40.027363+00:00,2026-07-07T01:02:40.027227,2,3,159.9,0.2,159.8,150,159.5,50,,,,,,,,,,,,,,,,,160.0,100,160.3,150,160.9,50,,,,,,,,,,,,,,
2026-07-07T01:02:40.293472+00:00,2026-07-07T01:02:40.293423,2,3,159.9,0.2,159.8,150,159.5,50,,,,,,,,,,,,,,,,,160.0,50,160.3,150,160.9,50,,,,,,,,,,,,,,
2026-07-07T01:02:40.330822+00:00,2026-07-07T01:02:40.330905,2,2,159.9,0.2,159.8,150,159.5,50,,,,,,,,,,,,,,,,,160.0,50,160.3,150,,,,,,,,,,,,,,,,
2026-07-07T01:02:40.383715+00:00,2026-07-07T01:02:40.383783,2,3,159.9,0.2,159.8,150,159.5,50,,,,,,,,,,,,,,,,,160.0,50,160.3,150,160.6,26,,,,,,,,,,,,,,
2026-07-07T01:02:41.191084+00:00,2026-07-07T01:02:41.191047,2,3,159.9,0.2,159.8,100,159.5,50,,,,,,,,,,,,,,,,,160.0,50,160.3,150,160.6,26,,,,,,,,,,,,,,
2026-07-07T01:02:41.336423+00:00,2026-07-07T01:02:41.336279,2,2,160.05,0.5,159.8,100,159.5,50,,,,,,,,,,,,,,,,,160.3,150,160.6,26,,,,,,,,,,,,,,,,
2026-07-07T01:02:41.341454+00:00,2026-07-07T01:02:41.341431,1,2,160.05,0.5,159.8,100,,,,,,,,,,,,,,,,,,,160.3,150,160.6,26,,,,,,,,,,,,,,,,
2026-07-07T01:02:41.394944+00:00,2026-07-07T01:02:41.394911,2,2,160.05,0.5,159.8,100,159.6,100,,,,,,,,,,,,,,,,,160.3,150,160.6,26,,,,,,,,,,,,,,,,
2026-07-07T01:02:41.448444+00:00,2026-07-07T01:02:41.448405,2,3,159.95,0.3,159.8,100,159.6,100,,,,,,,,,,,,,,,,,160.1,100,160.3,150,160.6,26,,,,,,,,,,,,,,
2026-07-07T01:02:43.078902+00:00,2026-07-07T01:02:43.078853,1,2,159.85,0.5,159.6,100,,,,,,,,,,,,,,,,,,,160.1,100,160.6,26,,,,,,,,,,,,,,,,
2026-07-07T01:02:43.163723+00:00,2026-07-07T01:02:43.164047,2,2,159.85,0.5,159.6,100,159.5,150,,,,,,,,,,,,,,,,,160.1,100,160.6,26,,,,,,,,,,,,,,,,
2026-07-07T01:02:43.187782+00:00,2026-07-07T01:02:43.187707,2,3,159.8,0.4,159.6,100,159.5,150,,,,,,,,,,,,,,,,,160.0,150,160.1,100,160.6,26,,,,,,,,,,,,,,
2026-07-07T01:02:43.300946+00:00,2026-07-07T01:02:43.301081,2,3,159.8,0.4,159.6,50,159.5,150,,,,,,,,,,,,,,,,,160.0,150,160.1,100,160.6,26,,,,,,,,,,,,,,
2026-07-07T01:02:44.372968+00:00,2026-07-07T01:02:44.372940,2,3,159.8,0.4,159.6,9,159.5,150,,,,,,,,,,,,,,,,,160.0,150,160.1,100,160.6,26,,,,,,,,,,,,,,
2026-07-07T01:02:44.503239+00:00,2026-07-07T01:02:44.503175,1,2,159.75,0.5,159.5,150,,,,,,,,,,,,,,,,,,,160.0,150,160.6,26,,,,,,,,,,,,,,,,
2026-07-07T01:02:44.558632+00:00,2026-07-07T01:02:44.549877,2,2,159.75,0.5,159.5,150,159.3,100,,,,,,,,,,,,,,,,,160.0,150,160.6,26,,,,,,,,,,,,,,,,
2026-07-07T01:02:44.607178+00:00,2026-07-07T01:02:44.607073,2,3,159.65,0.3,159.5,150,159.3,100,,,,,,,,,,,,,,,,,159.8,100,160.0,150,160.6,26,,,,,,,,,,,,,,
2026-07-07T01:02:44.979834+00:00,2026-07-07T01:02:44.979730,2,3,159.65,0.3,159.5,150,159.3,100,,,,,,,,,,,,,,,,,159.8,56,160.0,150,160.6,26,,,,,,,,,,,,,,
2026-07-07T01:02:45.352659+00:00,2026-07-07T01:02:45.352890,2,3,159.65,0.3,159.5,150,159.3,100,,,,,,,,,,,,,,,,,159.8,6,160.0,150,160.6,26,,,,,,,,,,,,,,
2026-07-07T01:02:45.776830+00:00,2026-07-07T01:02:45.776957,2,3,159.65,0.3,159.5,200,159.3,100,,,,,,,,,,,,,,,,,159.8,6,160.0,150,160.6,26,,,,,,,,,,,,,,
2026-07-07T01:02:45.818920+00:00,2026-07-07T01:02:45.818828,2,2,159.65,0.3,159.5,200,159.3,100,,,,,,,,,,,,,,,,,159.8,6,160.0,150,,,,,,,,,,,,,,,,
2026-07-07T01:02:45.858569+00:00,2026-07-07T01:02:45.857455,2,3,159.65,0.3,159.5,200,159.3,100,,,,,,,,,,,,,,,,,159.8,6,159.9,50,160.0,150,,,,,,,,,,,,,,
2026-07-07T01:02:46.020010+00:00,2026-07-07T01:02:46.019952,2,3,159.65,0.3,159.5,156,159.3,100,,,,,,,,,,,,,,,,,159.8,6,159.9,50,160.0,150,,,,,,,,,,,,,,
2026-07-07T01:02:46.241475+00:00,2026-07-07T01:02:46.241394,2,2,159.65,0.3,159.5,50,159.3,100,,,,,,,,,,,,,,,,,159.8,6,159.9,50,,,,,,,,,,,,,,,,
2026-07-07T01:02:46.295101+00:00,2026-07-07T01:02:46.295064,3,2,159.65,0.3,159.5,50,159.4,150,159.3,100,,,,,,,,,,,,,,,159.8,6,159.9,50,,,,,,,,,,,,,,,,
2026-07-07T01:02:46.345790+00:00,2026-07-07T01:02:46.345910,3,2,159.65,0.3,159.5,50,159.4,150,159.3,100,,,,,,,,,,,,,,,159.8,6,159.9,200,,,,,,,,,,,,,,,,
2026-07-07T01:02:47.095912+00:00,2026-07-07T01:02:47.095872,3,2,159.65,0.3,159.5,7,159.4,150,159.3,100,,,,,,,,,,,,,,,159.8,6,159.9,200,,,,,,,,,,,,,,,,
2026-07-07T01:02:47.476285+00:00,2026-07-07T01:02:47.476230,3,1,159.7,0.4,159.5,7,159.4,150,159.3,100,,,,,,,,,,,,,,,159.9,156,,,,,,,,,,,,,,,,,,
2026-07-07T01:02:47.663880+00:00,2026-07-07T01:02:47.663809,2,1,159.7,0.4,159.5,7,159.4,150,,,,,,,,,,,,,,,,,159.9,156,,,,,,,,,,,,,,,,,,
2026-07-07T01:02:47.716508+00:00,2026-07-07T01:02:47.716624,3,1,159.75,0.3,159.6,100,159.5,7,159.4,150,,,,,,,,,,,,,,,159.9,156,,,,,,,,,,,,,,,,,,
2026-07-07T01:02:47.769187+00:00,2026-07-07T01:02:47.769124,3,2,159.75,0.3,159.6,100,159.5,7,159.4,150,,,,,,,,,,,,,,,159.9,156,160.1,100,,,,,,,,,,,,,,,,
2026-07-07T01:02:48.804085+00:00,2026-07-07T01:02:48.803966,2,2,159.75,0.3,159.6,100,159.4,150,,,,,,,,,,,,,,,,,159.9,156,160.1,100,,,,,,,,,,,,,,,,
2026-07-07T01:02:48.846123+00:00,2026-07-07T01:02:48.845997,2,2,159.75,0.3,159.6,150,159.4,150,,,,,,,,,,,,,,,,,159.9,156,160.1,100,,,,,,,,,,,,,,,,
2026-07-07T01:02:49.404666+00:00,2026-07-07T01:02:49.404565,1,2,159.75,0.3,159.6,150,,,,,,,,,,,,,,,,,,,159.9,6,160.1,100,,,,,,,,,,,,,,,,
2026-07-07T01:02:49.459539+00:00,2026-07-07T01:02:49.459499,2,2,159.75,0.3,159.6,150,158.9,150,,,,,,,,,,,,,,,,,159.9,6,160.1,100,,,,,,,,,,,,,,,,
2026-07-07T01:02:49.514065+00:00,2026-07-07T01:02:49.513992,1,2,159.4,1.0,158.9,150,,,,,,,,,,,,,,,,,,,159.9,6,160.1,100,,,,,,,,,,,,,,,,
2026-07-07T01:02:49.584666+00:00,2026-07-07T01:02:49.584815,1,1,159.5,1.2,158.9,150,,,,,,,,,,,,,,,,,,,160.1,56,,,,,,,,,,,,,,,,,,
2026-07-07T01:02:50.822607+00:00,2026-07-07T01:02:50.822501,1,0,,,158.9,150,,,,,,,,,,,,,,,,,,,,,,,,,,,,,,,,,,,,,,
2026-07-07T01:02:50.876188+00:00,2026-07-07T01:02:50.876275,2,0,,,159.3,100,158.9,150,,,,,,,,,,,,,,,,,,,,,,,,,,,,,,,,,,,,
2026-07-07T01:02:50.928698+00:00,2026-07-07T01:02:50.928596,2,1,159.55,0.5,159.3,100,158.9,150,,,,,,,,,,,,,,,,,159.8,100,,,,,,,,,,,,,,,,,,
2026-07-07T01:02:51.358620+00:00,2026-07-07T01:02:51.353078,2,1,159.55,0.5,159.3,100,158.9,150,,,,,,,,,,,,,,,,,159.8,150,,,,,,,,,,,,,,,,,,
2026-07-07T01:02:51.694746+00:00,2026-07-07T01:02:51.694624,2,1,159.55,0.5,159.3,100,158.9,150,,,,,,,,,,,,,,,,,159.8,100,,,,,,,,,,,,,,,,,,
2026-07-07T01:02:52.571809+00:00,2026-07-07T01:02:52.571716,1,1,159.55,0.5,159.3,100,,,,,,,,,,,,,,,,,,,159.8,100,,,,,,,,,,,,,,,,,,
2026-07-07T01:02:52.623953+00:00,2026-07-07T01:02:52.623896,2,0,,,160.0,50,159.3,100,,,,,,,,,,,,,,,,,,,,,,,,,,,,,,,,,,,,
2026-07-07T01:02:52.690374+00:00,2026-07-07T01:02:52.684647,2,1,160.25,0.5,160.0,36,159.3,100,,,,,,,,,,,,,,,,,160.5,150,,,,,,,,,,,,,,,,,,
2026-07-07T01:02:52.817665+00:00,2026-07-07T01:02:52.817820,2,1,160.25,0.5,160.0,36,159.3,100,,,,,,,,,,,,,,,,,160.5,106,,,,,,,,,,,,,,,,,,
2026-07-07T01:02:53.982953+00:00,2026-07-07T01:02:53.982810,1,1,160.25,0.5,160.0,36,,,,,,,,,,,,,,,,,,,160.5,106,,,,,,,,,,,,,,,,,,
2026-07-07T01:02:54.031588+00:00,2026-07-07T01:02:54.031438,2,1,160.25,0.5,160.0,36,159.5,100,,,,,,,,,,,,,,,,,160.5,106,,,,,,,,,,,,,,,,,,
2026-07-07T01:02:54.086652+00:00,2026-07-07T01:02:54.086570,1,2,159.75,0.5,159.5,100,,,,,,,,,,,,,,,,,,,160.0,64,160.5,106,,,,,,,,,,,,,,,,
2026-07-07T01:02:54.102288+00:00,2026-07-07T01:02:54.102192,2,2,159.75,0.5,159.5,100,159.4,50,,,,,,,,,,,,,,,,,160.0,64,160.5,106,,,,,,,,,,,,,,,,
2026-07-07T01:02:55.732638+00:00,2026-07-07T01:02:55.732563,2,1,159.75,0.5,159.5,100,159.4,50,,,,,,,,,,,,,,,,,160.0,64,,,,,,,,,,,,,,,,,,
2026-07-07T01:02:55.787529+00:00,2026-07-07T01:02:55.787466,3,1,159.75,0.5,159.5,100,159.4,50,159.3,150,,,,,,,,,,,,,,,160.0,64,,,,,,,,,,,,,,,,,,
2026-07-07T01:02:55.840405+00:00,2026-07-07T01:02:55.840509,3,2,159.65,0.3,159.5,100,159.4,50,159.3,150,,,,,,,,,,,,,,,159.8,150,160.0,64,,,,,,,,,,,,,,,,
2026-07-07T01:02:55.930763+00:00,2026-07-07T01:02:55.930715,3,2,159.65,0.3,159.5,100,159.4,50,159.3,150,,,,,,,,,,,,,,,159.8,100,160.0,64,,,,,,,,,,,,,,,,
2026-07-07T01:02:56.041551+00:00,2026-07-07T01:02:56.041489,3,2,159.65,0.3,159.5,54,159.4,50,159.3,150,,,,,,,,,,,,,,,159.8,100,160.0,64,,,,,,,,,,,,,,,,
2026-07-07T01:02:57.051849+00:00,2026-07-07T01:02:57.051755,3,2,159.65,0.3,159.5,54,159.4,50,159.3,150,,,,,,,,,,,,,,,159.8,60,160.0,64,,,,,,,,,,,,,,,,
2026-07-07T01:02:57.142584+00:00,2026-07-07T01:02:57.142437,2,1,159.6,0.4,159.4,50,159.3,150,,,,,,,,,,,,,,,,,159.8,60,,,,,,,,,,,,,,,,,,
2026-07-07T01:02:57.193788+00:00,2026-07-07T01:02:57.193711,3,1,159.65,0.3,159.5,100,159.4,50,159.3,150,,,,,,,,,,,,,,,159.8,60,,,,,,,,,,,,,,,,,,
2026-07-07T01:02:57.250532+00:00,2026-07-07T01:02:57.250414,3,2,159.65,0.3,159.5,100,159.4,50,159.3,150,,,,,,,,,,,,,,,159.8,60,160.0,100,,,,,,,,,,,,,,,,
2026-07-07T01:02:57.773336+00:00,2026-07-07T01:02:57.773234,3,3,159.65,0.3,159.5,100,159.4,50,159.3,150,,,,,,,,,,,,,,,159.8,60,159.9,50,160.0,100,,,,,,,,,,,,,,
2026-07-07T01:02:58.069294+00:00,2026-07-07T01:02:58.069076,3,3,159.65,0.3,159.5,100,159.4,50,159.3,150,,,,,,,,,,,,,,,159.8,10,159.9,50,160.0,100,,,,,,,,,,,,,,
2026-07-07T01:02:58.173912+00:00,2026-07-07T01:02:58.164543,3,3,159.65,0.3,159.5,55,159.4,50,159.3,150,,,,,,,,,,,,,,,159.8,10,159.9,50,160.0,100,,,,,,,,,,,,,,
2026-07-07T01:02:58.894785+00:00,2026-07-07T01:02:58.894703,2,2,159.7,0.4,159.5,55,159.4,50,,,,,,,,,,,,,,,,,159.9,50,160.0,100,,,,,,,,,,,,,,,,
2026-07-07T01:02:58.949777+00:00,2026-07-07T01:02:58.949600,3,2,159.85,0.1,159.8,150,159.5,55,159.4,50,,,,,,,,,,,,,,,159.9,50,160.0,100,,,,,,,,,,,,,,,,
2026-07-07T01:02:59.002242+00:00,2026-07-07T01:02:59.002201,3,3,159.85,0.1,159.8,150,159.5,55,159.4,50,,,,,,,,,,,,,,,159.9,50,160.0,100,160.3,150,,,,,,,,,,,,,,
2026-07-07T01:02:59.807526+00:00,2026-07-07T01:02:59.807481,3,3,159.85,0.1,159.8,102,159.5,55,159.4,50,,,,,,,,,,,,,,,159.9,50,160.0,100,160.3,150,,,,,,,,,,,,,,
2026-07-07T01:03:00.223293+00:00,2026-07-07T01:03:00.223186,3,3,159.85,0.1,159.8,52,159.5,55,159.4,50,,,,,,,,,,,,,,,159.9,50,160.0,100,160.3,150,,,,,,,,,,,,,,
2026-07-07T01:03:00.302323+00:00,2026-07-07T01:03:00.302300,2,2,159.85,0.1,159.8,52,159.4,50,,,,,,,,,,,,,,,,,159.9,50,160.3,150,,,,,,,,,,,,,,,,
2026-07-07T01:03:00.363645+00:00,2026-07-07T01:03:00.363780,2,2,159.85,0.1,159.8,52,159.4,150,,,,,,,,,,,,,,,,,159.9,50,160.3,150,,,,,,,,,,,,,,,,
2026-07-07T01:03:00.408094+00:00,2026-07-07T01:03:00.408220,2,2,159.85,0.1,159.8,52,159.4,150,,,,,,,,,,,,,,,,,159.9,150,160.3,150,,,,,,,,,,,,,,,,
2026-07-07T01:03:01.816443+00:00,2026-07-07T01:03:01.816333,2,2,159.85,0.1,159.8,52,159.4,100,,,,,,,,,,,,,,,,,159.9,150,160.3,150,,,,,,,,,,,,,,,,
2026-07-07T01:03:01.863862+00:00,2026-07-07T01:03:01.863791,3,2,159.85,0.1,159.8,52,159.4,100,159.3,21,,,,,,,,,,,,,,,159.9,150,160.3,150,,,,,,,,,,,,,,,,
2026-07-07T01:03:01.900841+00:00,2026-07-07T01:03:01.900801,3,2,159.85,0.1,159.8,52,159.4,100,159.3,21,,,,,,,,,,,,,,,159.9,100,160.3,150,,,,,,,,,,,,,,,,
2026-07-07T01:03:01.916975+00:00,2026-07-07T01:03:01.916936,3,2,159.85,0.1,159.8,52,159.4,100,159.3,21,,,,,,,,,,,,,,,159.9,51,160.3,150,,,,,,,,,,,,,,,,
2026-07-07T01:03:01.943010+00:00,2026-07-07T01:03:01.942878,3,2,159.85,0.1,159.8,2,159.4,100,159.3,21,,,,,,,,,,,,,,,159.9,51,160.3,150,,,,,,,,,,,,,,,,
2026-07-07T01:03:02.063799+00:00,2026-07-07T01:03:02.064115,2,1,159.65,0.5,159.4,100,159.3,21,,,,,,,,,,,,,,,,,159.9,51,,,,,,,,,,,,,,,,,,
2026-07-07T01:03:02.158606+00:00,2026-07-07T01:03:02.154559,2,2,159.6,0.4,159.4,100,159.3,171,,,,,,,,,,,,,,,,,159.8,150,159.9,51,,,,,,,,,,,,,,,,
2026-07-07T01:03:02.344779+00:00,2026-07-07T01:03:02.344614,2,2,159.6,0.4,159.4,50,159.3,171,,,,,,,,,,,,,,,,,159.8,150,159.9,51,,,,,,,,,,,,,,,,
2026-07-07T01:03:03.458906+00:00,2026-07-07T01:03:03.458747,1,1,159.55,0.5,159.3,171,,,,,,,,,,,,,,,,,,,159.8,109,,,,,,,,,,,,,,,,,,
2026-07-07T01:03:03.525181+00:00,2026-07-07T01:03:03.525105,2,1,159.65,0.3,159.5,100,159.3,171,,,,,,,,,,,,,,,,,159.8,109,,,,,,,,,,,,,,,,,,
2026-07-07T01:03:03.572808+00:00,2026-07-07T01:03:03.572733,2,2,159.65,0.3,159.5,100,159.3,171,,,,,,,,,,,,,,,,,159.8,109,160.0,100,,,,,,,,,,,,,,,,
2026-07-07T01:03:05.219087+00:00,2026-07-07T01:03:05.219018,2,1,159.75,0.5,159.5,100,159.3,21,,,,,,,,,,,,,,,,,160.0,100,,,,,,,,,,,,,,,,,,
2026-07-07T01:03:05.274245+00:00,2026-07-07T01:03:05.274164,2,1,159.75,0.5,159.5,250,159.3,21,,,,,,,,,,,,,,,,,160.0,100,,,,,,,,,,,,,,,,,,
2026-07-07T01:03:05.322661+00:00,2026-07-07T01:03:05.322528,2,1,159.75,0.5,159.5,250,159.3,21,,,,,,,,,,,,,,,,,160.0,250,,,,,,,,,,,,,,,,,,
2026-07-07T01:03:05.893196+00:00,2026-07-07T01:03:05.893077,2,1,159.75,0.5,159.5,250,159.3,21,,,,,,,,,,,,,,,,,160.0,208,,,,,,,,,,,,,,,,,,
2026-07-07T01:03:06.532344+00:00,2026-07-07T01:03:06.532163,2,1,159.75,0.5,159.5,250,159.3,21,,,,,,,,,,,,,,,,,160.0,158,,,,,,,,,,,,,,,,,,
2026-07-07T01:03:06.629412+00:00,2026-07-07T01:03:06.629343,2,1,159.75,0.5,159.5,150,159.3,21,,,,,,,,,,,,,,,,,160.0,150,,,,,,,,,,,,,,,,,,
2026-07-07T01:03:06.681377+00:00,2026-07-07T01:03:06.681539,3,1,159.9,0.2,159.8,100,159.5,150,159.3,21,,,,,,,,,,,,,,,160.0,150,,,,,,,,,,,,,,,,,,
2026-07-07T01:03:06.737725+00:00,2026-07-07T01:03:06.737648,3,2,159.9,0.2,159.8,100,159.5,150,159.3,21,,,,,,,,,,,,,,,160.0,150,160.3,100,,,,,,,,,,,,,,,,
2026-07-07T01:03:08.380251+00:00,2026-07-07T01:03:08.380185,2,1,160.05,0.5,159.8,100,159.3,21,,,,,,,,,,,,,,,,,160.3,100,,,,,,,,,,,,,,,,,,
2026-07-07T01:03:08.434785+00:00,2026-07-07T01:03:08.434707,3,1,160.05,0.5,159.8,100,159.5,150,159.3,21,,,,,,,,,,,,,,,160.3,100,,,,,,,,,,,,,,,,,,
2026-07-07T01:03:08.488980+00:00,2026-07-07T01:03:08.488882,3,2,159.9,0.2,159.8,100,159.5,150,159.3,21,,,,,,,,,,,,,,,160.0,150,160.3,100,,,,,,,,,,,,,,,,
2026-07-07T01:03:08.644241+00:00,2026-07-07T01:03:08.644368,3,2,159.9,0.2,159.8,100,159.5,150,159.3,21,,,,,,,,,,,,,,,160.0,100,160.3,100,,,,,,,,,,,,,,,,
2026-07-07T01:03:09.791256+00:00,2026-07-07T01:03:09.791194,2,1,159.75,0.5,159.5,150,159.3,21,,,,,,,,,,,,,,,,,160.0,100,,,,,,,,,,,,,,,,,,
2026-07-07T01:03:09.858552+00:00,2026-07-07T01:03:09.854101,3,1,159.85,0.3,159.7,100,159.5,150,159.3,21,,,,,,,,,,,,,,,160.0,100,,,,,,,,,,,,,,,,,,
2026-07-07T01:03:09.907845+00:00,2026-07-07T01:03:09.907977,3,2,159.85,0.3,159.7,100,159.5,150,159.3,21,,,,,,,,,,,,,,,160.0,100,160.2,100,,,,,,,,,,,,,,,,
2026-07-07T01:03:10.772809+00:00,2026-07-07T01:03:10.772669,3,2,159.85,0.3,159.7,100,159.5,150,159.3,21,,,,,,,,,,,,,,,160.0,50,160.2,100,,,,,,,,,,,,,,,,
2026-07-07T01:03:11.542444+00:00,2026-07-07T01:03:11.542396,3,1,159.95,0.5,159.7,100,159.5,150,159.3,21,,,,,,,,,,,,,,,160.2,100,,,,,,,,,,,,,,,,,,
2026-07-07T01:03:11.547598+00:00,2026-07-07T01:03:11.547533,2,1,159.95,0.5,159.7,100,159.3,21,,,,,,,,,,,,,,,,,160.2,100,,,,,,,,,,,,,,,,,,
2026-07-07T01:03:11.601904+00:00,2026-07-07T01:03:11.601812,2,1,159.95,0.5,159.7,250,159.3,21,,,,,,,,,,,,,,,,,160.2,100,,,,,,,,,,,,,,,,,,
2026-07-07T01:03:11.658621+00:00,2026-07-07T01:03:11.655945,2,1,159.95,0.5,159.7,250,159.3,21,,,,,,,,,,,,,,,,,160.2,250,,,,,,,,,,,,,,,,,,
2026-07-07T01:03:12.881573+00:00,2026-07-07T01:03:12.881431,2,1,159.95,0.5,159.7,250,159.3,21,,,,,,,,,,,,,,,,,160.2,200,,,,,,,,,,,,,,,,,,
2026-07-07T01:03:12.964752+00:00,2026-07-07T01:03:12.964726,2,1,159.95,0.5,159.7,150,159.3,21,,,,,,,,,,,,,,,,,160.2,150,,,,,,,,,,,,,,,,,,
2026-07-07T01:03:13.019343+00:00,2026-07-07T01:03:13.019453,3,1,159.95,0.5,159.7,150,159.6,100,159.3,21,,,,,,,,,,,,,,,160.2,150,,,,,,,,,,,,,,,,,,
2026-07-07T01:03:13.072229+00:00,2026-07-07T01:03:13.072143,3,2,159.9,0.4,159.7,150,159.6,100,159.3,21,,,,,,,,,,,,,,,160.1,100,160.2,150,,,,,,,,,,,,,,,,
2026-07-07T01:03:14.704727+00:00,2026-07-07T01:03:14.704847,3,1,159.9,0.4,159.7,150,159.6,100,159.3,21,,,,,,,,,,,,,,,160.1,100,,,,,,,,,,,,,,,,,,
2026-07-07T01:03:14.710080+00:00,2026-07-07T01:03:14.709986,2,1,159.85,0.5,159.6,100,159.3,21,,,,,,,,,,,,,,,,,160.1,100,,,,,,,,,,,,,,,,,,
2026-07-07T01:03:14.763958+00:00,2026-07-07T01:03:14.763902,2,1,159.85,0.5,159.6,250,159.3,21,,,,,,,,,,,,,,,,,160.1,100,,,,,,,,,,,,,,,,,,
2026-07-07T01:03:14.811597+00:00,2026-07-07T01:03:14.811509,2,1,159.85,0.5,159.6,250,159.3,21,,,,,,,,,,,,,,,,,160.1,250,,,,,,,,,,,,,,,,,,
2026-07-07T01:03:14.990958+00:00,2026-07-07T01:03:14.990928,2,1,159.85,0.5,159.6,250,159.3,21,,,,,,,,,,,,,,,,,160.1,200,,,,,,,,,,,,,,,,,,
2026-07-07T01:03:15.358612+00:00,2026-07-07T01:03:15.356415,2,1,159.85,0.5,159.6,201,159.3,21,,,,,,,,,,,,,,,,,160.1,200,,,,,,,,,,,,,,,,,,
2026-07-07T01:03:16.126294+00:00,2026-07-07T01:03:16.126419,2,1,159.85,0.5,159.6,150,159.3,21,,,,,,,,,,,,,,,,,160.1,150,,,,,,,,,,,,,,,,,,
2026-07-07T01:03:16.180845+00:00,2026-07-07T01:03:16.180803,2,1,159.85,0.5,159.6,250,159.3,21,,,,,,,,,,,,,,,,,160.1,150,,,,,,,,,,,,,,,,,,
2026-07-07T01:03:16.233105+00:00,2026-07-07T01:03:16.233028,2,1,159.85,0.5,159.6,250,159.3,21,,,,,,,,,,,,,,,,,160.1,250,,,,,,,,,,,,,,,,,,
2026-07-07T01:03:17.099623+00:00,2026-07-07T01:03:17.099569,2,1,159.85,0.5,159.6,250,159.3,21,,,,,,,,,,,,,,,,,160.1,200,,,,,,,,,,,,,,,,,,
2026-07-07T01:03:17.870271+00:00,2026-07-07T01:03:17.870069,2,1,159.85,0.5,159.6,100,159.3,21,,,,,,,,,,,,,,,,,160.1,100,,,,,,,,,,,,,,,,,,
2026-07-07T01:03:17.924049+00:00,2026-07-07T01:03:17.924157,3,1,160.0,0.2,159.9,150,159.6,100,159.3,21,,,,,,,,,,,,,,,160.1,100,,,,,,,,,,,,,,,,,,
2026-07-07T01:03:17.976790+00:00,2026-07-07T01:03:17.976655,3,2,160.0,0.2,159.9,150,159.6,100,159.3,21,,,,,,,,,,,,,,,160.1,100,160.4,150,,,,,,,,,,,,,,,,
2026-07-07T01:03:19.258610+00:00,2026-07-07T01:03:19.237070,3,2,160.0,0.2,159.9,150,159.6,100,159.3,21,,,,,,,,,,,,,,,160.1,50,160.4,150,,,,,,,,,,,,,,,,
2026-07-07T01:03:19.286900+00:00,2026-07-07T01:03:19.286847,2,1,160.15,0.5,159.9,150,159.3,21,,,,,,,,,,,,,,,,,160.4,150,,,,,,,,,,,,,,,,,,
2026-07-07T01:03:19.343055+00:00,2026-07-07T01:03:19.342974,2,1,160.15,0.5,159.9,250,159.3,21,,,,,,,,,,,,,,,,,160.4,150,,,,,,,,,,,,,,,,,,
2026-07-07T01:03:19.396446+00:00,2026-07-07T01:03:19.396369,2,1,160.15,0.5,159.9,250,159.3,21,,,,,,,,,,,,,,,,,160.4,250,,,,,,,,,,,,,,,,,,
2026-07-07T01:03:19.574257+00:00,2026-07-07T01:03:19.574183,2,1,160.15,0.5,159.9,204,159.3,21,,,,,,,,,,,,,,,,,160.4,250,,,,,,,,,,,,,,,,,,
2026-07-07T01:03:20.648585+00:00,2026-07-07T01:03:20.648554,2,1,160.15,0.5,159.9,204,159.3,21,,,,,,,,,,,,,,,,,160.4,210,,,,,,,,,,,,,,,,,,
2026-07-07T01:03:21.039430+00:00,2026-07-07T01:03:21.039582,2,1,160.15,0.5,159.9,204,159.3,21,,,,,,,,,,,,,,,,,160.4,100,,,,,,,,,,,,,,,,,,
2026-07-07T01:03:21.044645+00:00,2026-07-07T01:03:21.044732,2,1,160.15,0.5,159.9,100,159.3,21,,,,,,,,,,,,,,,,,160.4,100,,,,,,,,,,,,,,,,,,
2026-07-07T01:03:21.098832+00:00,2026-07-07T01:03:21.098703,3,1,160.25,0.3,160.1,150,159.9,100,159.3,21,,,,,,,,,,,,,,,160.4,100,,,,,,,,,,,,,,,,,,
2026-07-07T01:03:21.158619+00:00,2026-07-07T01:03:21.142276,3,2,160.25,0.3,160.1,150,159.9,100,159.3,21,,,,,,,,,,,,,,,160.4,100,160.6,150,,,,,,,,,,,,,,,,
2026-07-07T01:03:21.345378+00:00,2026-07-07T01:03:21.345516,3,2,160.25,0.3,160.1,150,159.9,100,159.3,21,,,,,,,,,,,,,,,160.4,50,160.6,150,,,,,,,,,,,,,,,,
2026-07-07T01:03:21.479530+00:00,2026-07-07T01:03:21.474033,3,2,160.25,0.3,160.1,147,159.9,100,159.3,21,,,,,,,,,,,,,,,160.4,50,160.6,150,,,,,,,,,,,,,,,,
2026-07-07T01:03:22.446769+00:00,2026-07-07T01:03:22.446712,3,1,160.35,0.5,160.1,147,159.9,100,159.3,21,,,,,,,,,,,,,,,160.6,150,,,,,,,,,,,,,,,,,,
2026-07-07T01:03:22.458583+00:00,2026-07-07T01:03:22.451857,2,1,160.35,0.5,160.1,147,159.3,21,,,,,,,,,,,,,,,,,160.6,150,,,,,,,,,,,,,,,,,,
2026-07-07T01:03:22.505288+00:00,2026-07-07T01:03:22.505433,3,1,160.35,0.5,160.1,147,160.0,100,159.3,21,,,,,,,,,,,,,,,160.6,150,,,,,,,,,,,,,,,,,,
2026-07-07T01:03:22.558577+00:00,2026-07-07T01:03:22.554249,3,2,160.3,0.4,160.1,147,160.0,100,159.3,21,,,,,,,,,,,,,,,160.5,100,160.6,150,,,,,,,,,,,,,,,,
2026-07-07T01:03:23.393565+00:00,2026-07-07T01:03:23.393524,3,2,160.3,0.4,160.1,104,160.0,100,159.3,21,,,,,,,,,,,,,,,160.5,100,160.6,150,,,,,,,,,,,,,,,,
2026-07-07T01:03:23.478779+00:00,2026-07-07T01:03:23.469892,3,2,160.3,0.4,160.1,104,160.0,100,159.3,21,,,,,,,,,,,,,,,160.5,50,160.6,150,,,,,,,,,,,,,,,,
2026-07-07T01:03:24.206097+00:00,2026-07-07T01:03:24.206063,2,1,160.25,0.5,160.0,100,159.3,21,,,,,,,,,,,,,,,,,160.5,50,,,,,,,,,,,,,,,,,,
2026-07-07T01:03:24.263887+00:00,2026-07-07T01:03:24.263791,3,1,160.25,0.5,160.0,100,159.8,150,159.3,21,,,,,,,,,,,,,,,160.5,50,,,,,,,,,,,,,,,,,,
2026-07-07T01:03:24.312149+00:00,2026-07-07T01:03:24.312122,3,2,160.15,0.3,160.0,100,159.8,150,159.3,21,,,,,,,,,,,,,,,160.3,150,160.5,50,,,,,,,,,,,,,,,,
2026-07-07T01:03:25.612325+00:00,2026-07-07T01:03:25.612275,2,1,160.05,0.5,159.8,150,159.3,21,,,,,,,,,,,,,,,,,160.3,150,,,,,,,,,,,,,,,,,,
2026-07-07T01:03:25.675156+00:00,2026-07-07T01:03:25.669166,3,1,160.25,0.1,160.2,89,159.8,150,159.3,21,,,,,,,,,,,,,,,160.3,150,,,,,,,,,,,,,,,,,,
2026-07-07T01:03:25.714880+00:00,2026-07-07T01:03:25.714804,3,2,160.25,0.1,160.2,89,159.8,150,159.3,21,,,,,,,,,,,,,,,160.3,150,160.7,100,,,,,,,,,,,,,,,,
2026-07-07T01:03:25.851846+00:00,2026-07-07T01:03:25.851967,3,2,160.25,0.1,160.2,89,159.8,150,159.3,21,,,,,,,,,,,,,,,160.3,103,160.7,100,,,,,,,,,,,,,,,,
2026-07-07T01:03:27.365843+00:00,2026-07-07T01:03:27.365759,2,1,160.45,0.5,160.2,89,159.3,21,,,,,,,,,,,,,,,,,160.7,100,,,,,,,,,,,,,,,,,,
2026-07-07T01:03:27.423077+00:00,2026-07-07T01:03:27.423015,3,1,160.45,0.5,160.2,89,160.0,150,159.3,21,,,,,,,,,,,,,,,160.7,100,,,,,,,,,,,,,,,,,,
2026-07-07T01:03:27.475824+00:00,2026-07-07T01:03:27.475764,3,2,160.35,0.3,160.2,89,160.0,150,159.3,21,,,,,,,,,,,,,,,160.5,150,160.7,100,,,,,,,,,,,,,,,,
2026-07-07T01:03:27.685354+00:00,2026-07-07T01:03:27.685197,3,2,160.35,0.3,160.2,89,160.0,150,159.3,21,,,,,,,,,,,,,,,160.5,100,160.7,100,,,,,,,,,,,,,,,,
2026-07-07T01:03:27.958637+00:00,2026-07-07T01:03:27.951705,3,2,160.35,0.3,160.2,45,160.0,150,159.3,21,,,,,,,,,,,,,,,160.5,100,160.7,100,,,,,,,,,,,,,,,,
2026-07-07T01:03:28.043746+00:00,2026-07-07T01:03:28.037045,3,2,160.35,0.3,160.2,22,160.0,150,159.3,21,,,,,,,,,,,,,,,160.5,100,160.7,100,,,,,,,,,,,,,,,,
2026-07-07T01:03:28.770095+00:00,2026-07-07T01:03:28.769961,3,1,160.35,0.3,160.2,22,160.0,150,159.3,21,,,,,,,,,,,,,,,160.5,100,,,,,,,,,,,,,,,,,,
2026-07-07T01:03:28.775307+00:00,2026-07-07T01:03:28.775151,2,1,160.25,0.5,160.0,150,159.3,21,,,,,,,,,,,,,,,,,160.5,100,,,,,,,,,,,,,,,,,,
2026-07-07T01:03:28.825287+00:00,2026-07-07T01:03:28.825216,3,1,160.25,0.5,160.0,150,159.7,100,159.3,21,,,,,,,,,,,,,,,160.5,100,,,,,,,,,,,,,,,,,,
2026-07-07T01:03:28.875279+00:00,2026-07-07T01:03:28.875156,3,2,160.1,0.2,160.0,150,159.7,100,159.3,21,,,,,,,,,,,,,,,160.2,100,160.5,100,,,,,,,,,,,,,,,,
2026-07-07T01:03:28.973850+00:00,2026-07-07T01:03:28.973810,3,2,160.1,0.2,160.0,150,159.7,100,159.3,21,,,,,,,,,,,,,,,160.2,58,160.5,100,,,,,,,,,,,,,,,,
2026-07-07T01:03:29.793221+00:00,2026-07-07T01:03:29.793115,3,2,160.1,0.2,160.0,150,159.7,100,159.3,21,,,,,,,,,,,,,,,160.2,8,160.5,100,,,,,,,,,,,,,,,,
2026-07-07T01:03:30.529697+00:00,2026-07-07T01:03:30.529815,2,1,159.95,0.5,159.7,100,159.3,21,,,,,,,,,,,,,,,,,160.2,8,,,,,,,,,,,,,,,,,,
2026-07-07T01:03:30.584740+00:00,2026-07-07T01:03:30.584865,3,0,,,160.2,142,159.7,100,159.3,21,,,,,,,,,,,,,,,,,,,,,,,,,,,,,,,,,,
2026-07-07T01:03:30.640068+00:00,2026-07-07T01:03:30.639983,3,1,160.45,0.5,160.2,142,159.7,100,159.3,21,,,,,,,,,,,,,,,160.7,150,,,,,,,,,,,,,,,,,,
2026-07-07T01:03:31.933598+00:00,2026-07-07T01:03:31.933478,2,1,160.45,0.5,160.2,142,159.3,21,,,,,,,,,,,,,,,,,160.7,150,,,,,,,,,,,,,,,,,,
2026-07-07T01:03:31.988022+00:00,2026-07-07T01:03:31.987809,3,1,160.45,0.5,160.2,142,160.0,100,159.3,21,,,,,,,,,,,,,,,160.7,150,,,,,,,,,,,,,,,,,,
2026-07-07T01:03:32.040374+00:00,2026-07-07T01:03:32.040259,3,2,160.35,0.3,160.2,142,160.0,100,159.3,21,,,,,,,,,,,,,,,160.5,100,160.7,150,,,,,,,,,,,,,,,,
2026-07-07T01:03:32.858671+00:00,2026-07-07T01:03:32.856435,3,2,160.35,0.3,160.2,102,160.0,100,159.3,21,,,,,,,,,,,,,,,160.5,100,160.7,150,,,,,,,,,,,,,,,,
2026-07-07T01:03:33.692976+00:00,2026-07-07T01:03:33.692857,2,1,160.25,0.5,160.0,100,159.3,21,,,,,,,,,,,,,,,,,160.5,100,,,,,,,,,,,,,,,,,,
2026-07-07T01:03:33.768906+00:00,2026-07-07T01:03:33.768800,2,1,160.25,0.5,160.0,250,159.3,21,,,,,,,,,,,,,,,,,160.5,100,,,,,,,,,,,,,,,,,,
2026-07-07T01:03:33.820375+00:00,2026-07-07T01:03:33.820492,2,1,160.25,0.5,160.0,250,159.3,21,,,,,,,,,,,,,,,,,160.5,250,,,,,,,,,,,,,,,,,,
2026-07-07T01:03:34.000831+00:00,2026-07-07T01:03:34.000946,2,1,160.25,0.5,160.0,250,159.3,21,,,,,,,,,,,,,,,,,160.5,200,,,,,,,,,,,,,,,,,,
2026-07-07T01:03:34.049493+00:00,2026-07-07T01:03:34.049638,2,1,160.25,0.5,160.0,208,159.3,21,,,,,,,,,,,,,,,,,160.5,200,,,,,,,,,,,,,,,,,,
2026-07-07T01:03:35.094716+00:00,2026-07-07T01:03:35.094587,2,1,160.25,0.5,160.0,150,159.3,21,,,,,,,,,,,,,,,,,160.5,150,,,,,,,,,,,,,,,,,,
2026-07-07T01:03:35.158578+00:00,2026-07-07T01:03:35.145409,3,1,160.4,0.2,160.3,100,160.0,150,159.3,21,,,,,,,,,,,,,,,160.5,150,,,,,,,,,,,,,,,,,,
2026-07-07T01:03:35.203032+00:00,2026-07-07T01:03:35.202913,3,2,160.4,0.2,160.3,100,160.0,150,159.3,21,,,,,,,,,,,,,,,160.5,150,160.8,100,,,,,,,,,,,,,,,,
2026-07-07T01:03:36.137517+00:00,2026-07-07T01:03:36.137640,3,2,160.4,0.2,160.3,55,160.0,150,159.3,21,,,,,,,,,,,,,,,160.5,150,160.8,100,,,,,,,,,,,,,,,,
2026-07-07T01:03:36.184949+00:00,2026-07-07T01:03:36.185064,3,2,160.4,0.2,160.3,5,160.0,150,159.3,21,,,,,,,,,,,,,,,160.5,150,160.8,100,,,,,,,,,,,,,,,,
2026-07-07T01:03:36.874688+00:00,2026-07-07T01:03:36.874580,2,1,160.55,0.5,160.3,5,159.3,21,,,,,,,,,,,,,,,,,160.8,100,,,,,,,,,,,,,,,,,,
2026-07-07T01:03:36.929291+00:00,2026-07-07T01:03:36.929184,3,1,160.55,0.5,160.3,5,159.8,150,159.3,21,,,,,,,,,,,,,,,160.8,100,,,,,,,,,,,,,,,,,,
2026-07-07T01:03:36.980628+00:00,2026-07-07T01:03:36.980606,2,2,160.05,0.5,159.8,150,159.3,21,,,,,,,,,,,,,,,,,160.3,145,160.8,100,,,,,,,,,,,,,,,,
2026-07-07T01:03:37.658713+00:00,2026-07-07T01:03:37.654431,2,2,160.05,0.5,159.8,150,159.3,21,,,,,,,,,,,,,,,,,160.3,104,160.8,100,,,,,,,,,,,,,,,,
2026-07-07T01:03:38.264019+00:00,2026-07-07T01:03:38.263906,2,1,160.05,0.5,159.8,150,159.3,21,,,,,,,,,,,,,,,,,160.3,54,,,,,,,,,,,,,,,,,,
2026-07-07T01:03:38.311683+00:00,2026-07-07T01:03:38.311624,2,1,160.05,0.5,159.8,250,159.3,21,,,,,,,,,,,,,,,,,160.3,54,,,,,,,,,,,,,,,,,,
2026-07-07T01:03:38.364340+00:00,2026-07-07T01:03:38.364275,2,1,160.05,0.5,159.8,250,159.3,21,,,,,,,,,,,,,,,,,160.3,154,,,,,,,,,,,,,,,,,,
2026-07-07T01:03:40.036460+00:00,2026-07-07T01:03:40.036399,2,1,160.05,0.5,159.8,250,159.3,21,,,,,,,,,,,,,,,,,160.3,100,,,,,,,,,,,,,,,,,,
2026-07-07T01:03:40.041646+00:00,2026-07-07T01:03:40.041557,2,1,160.05,0.5,159.8,100,159.3,21,,,,,,,,,,,,,,,,,160.3,100,,,,,,,,,,,,,,,,,,
2026-07-07T01:03:40.096263+00:00,2026-07-07T01:03:40.096218,3,0,,,160.3,50,159.8,100,159.3,21,,,,,,,,,,,,,,,,,,,,,,,,,,,,,,,,,,
2026-07-07T01:03:40.158599+00:00,2026-07-07T01:03:40.145138,3,1,160.55,0.5,160.3,50,159.8,100,159.3,21,,,,,,,,,,,,,,,160.8,150,,,,,,,,,,,,,,,,,,
2026-07-07T01:03:41.418728+00:00,2026-07-07T01:03:41.418666,2,1,160.55,0.5,160.3,50,159.3,21,,,,,,,,,,,,,,,,,160.8,150,,,,,,,,,,,,,,,,,,
2026-07-07T01:03:41.472467+00:00,2026-07-07T01:03:41.472421,3,1,160.55,0.5,160.3,50,160.1,100,159.3,21,,,,,,,,,,,,,,,160.8,150,,,,,,,,,,,,,,,,,,
2026-07-07T01:03:41.525939+00:00,2026-07-07T01:03:41.525892,3,2,160.45,0.3,160.3,50,160.1,100,159.3,21,,,,,,,,,,,,,,,160.6,100,160.8,150,,,,,,,,,,,,,,,,
2026-07-07T01:03:42.476866+00:00,2026-07-07T01:03:42.476737,3,2,160.45,0.3,160.3,50,160.1,100,159.3,21,,,,,,,,,,,,,,,160.6,50,160.8,150,,,,,,,,,,,,,,,,
2026-07-07T01:03:43.198742+00:00,2026-07-07T01:03:43.198625,2,1,160.35,0.5,160.1,100,159.3,21,,,,,,,,,,,,,,,,,160.6,50,,,,,,,,,,,,,,,,,,
2026-07-07T01:03:43.258745+00:00,2026-07-07T01:03:43.258649,3,1,160.35,0.5,160.1,100,159.8,150,159.3,21,,,,,,,,,,,,,,,160.6,50,,,,,,,,,,,,,,,,,,
2026-07-07T01:03:43.311991+00:00,2026-07-07T01:03:43.312063,3,2,160.2,0.2,160.1,100,159.8,150,159.3,21,,,,,,,,,,,,,,,160.3,150,160.6,50,,,,,,,,,,,,,,,,
2026-07-07T01:03:44.581281+00:00,2026-07-07T01:03:44.581180,2,1,160.05,0.5,159.8,150,159.3,21,,,,,,,,,,,,,,,,,160.3,150,,,,,,,,,,,,,,,,,,
2026-07-07T01:03:44.586412+00:00,2026-07-07T01:03:44.586369,2,1,160.05,0.5,159.8,150,159.3,21,,,,,,,,,,,,,,,,,160.3,100,,,,,,,,,,,,,,,,,,
2026-07-07T01:03:44.643622+00:00,2026-07-07T01:03:44.643528,2,0,,,159.8,150,159.3,21,,,,,,,,,,,,,,,,,,,,,,,,,,,,,,,,,,,,
2026-07-07T01:03:44.705138+00:00,2026-07-07T01:03:44.705052,2,1,160.3,1.0,159.8,150,159.3,21,,,,,,,,,,,,,,,,,160.8,100,,,,,,,,,,,,,,,,,,
2026-07-07T01:03:45.506013+00:00,2026-07-07T01:03:45.505933,1,1,160.3,1.0,159.8,150,,,,,,,,,,,,,,,,,,,160.8,100,,,,,,,,,,,,,,,,,,
2026-07-07T01:03:45.546669+00:00,2026-07-07T01:03:45.546622,2,1,160.3,1.0,159.8,150,159.5,50,,,,,,,,,,,,,,,,,160.8,100,,,,,,,,,,,,,,,,,,
2026-07-07T01:03:45.577110+00:00,2026-07-07T01:03:45.577200,2,1,160.3,1.0,159.8,150,159.5,50,,,,,,,,,,,,,,,,,160.8,58,,,,,,,,,,,,,,,,,,
2026-07-07T01:03:45.627526+00:00,2026-07-07T01:03:45.627599,2,2,159.85,0.1,159.8,150,159.5,50,,,,,,,,,,,,,,,,,159.9,50,160.8,58,,,,,,,,,,,,,,,,
2026-07-07T01:03:45.637683+00:00,2026-07-07T01:03:45.631607,2,2,159.85,0.1,159.8,150,159.5,50,,,,,,,,,,,,,,,,,159.9,16,160.8,58,,,,,,,,,,,,,,,,
2026-07-07T01:03:46.358571+00:00,2026-07-07T01:03:46.355999,1,2,159.7,0.4,159.5,50,,,,,,,,,,,,,,,,,,,159.9,16,160.8,58,,,,,,,,,,,,,,,,
2026-07-07T01:03:46.429166+00:00,2026-07-07T01:03:46.422852,2,1,160.7,0.2,160.6,77,159.5,50,,,,,,,,,,,,,,,,,160.8,58,,,,,,,,,,,,,,,,,,
2026-07-07T01:03:46.486496+00:00,2026-07-07T01:03:46.486390,2,2,160.7,0.2,160.6,77,159.5,50,,,,,,,,,,,,,,,,,160.8,58,161.1,150,,,,,,,,,,,,,,,,
2026-07-07T01:03:46.747991+00:00,2026-07-07T01:03:46.747878,2,2,160.7,0.2,160.6,27,159.5,50,,,,,,,,,,,,,,,,,160.8,58,161.1,150,,,,,,,,,,,,,,,,
2026-07-07T01:03:47.763823+00:00,2026-07-07T01:03:47.763760,2,1,160.85,0.5,160.6,27,159.5,50,,,,,,,,,,,,,,,,,161.1,150,,,,,,,,,,,,,,,,,,
2026-07-07T01:03:47.808662+00:00,2026-07-07T01:03:47.808258,3,1,160.85,0.5,160.6,27,160.3,100,159.5,50,,,,,,,,,,,,,,,161.1,150,,,,,,,,,,,,,,,,,,
2026-07-07T01:03:47.868211+00:00,2026-07-07T01:03:47.868160,3,2,160.7,0.2,160.6,27,160.3,100,159.5,50,,,,,,,,,,,,,,,160.8,100,161.1,150,,,,,,,,,,,,,,,,
2026-07-07T01:03:49.538592+00:00,2026-07-07T01:03:49.538538,2,1,160.55,0.5,160.3,100,159.5,50,,,,,,,,,,,,,,,,,160.8,100,,,,,,,,,,,,,,,,,,
2026-07-07T01:03:49.596943+00:00,2026-07-07T01:03:49.596877,3,1,160.55,0.5,160.3,100,160.2,150,159.5,50,,,,,,,,,,,,,,,160.8,100,,,,,,,,,,,,,,,,,,
2026-07-07T01:03:49.658562+00:00,2026-07-07T01:03:49.644336,3,2,160.5,0.4,160.3,100,160.2,150,159.5,50,,,,,,,,,,,,,,,160.7,150,160.8,100,,,,,,,,,,,,,,,,
2026-07-07T01:03:50.921322+00:00,2026-07-07T01:03:50.921239,2,1,160.45,0.5,160.2,150,159.5,50,,,,,,,,,,,,,,,,,160.7,150,,,,,,,,,,,,,,,,,,
2026-07-07T01:03:50.958658+00:00,2026-07-07T01:03:50.956950,2,1,160.45,0.5,160.2,100,159.5,50,,,,,,,,,,,,,,,,,160.7,150,,,,,,,,,,,,,,,,,,
2026-07-07T01:03:50.975751+00:00,2026-07-07T01:03:50.975708,3,1,160.45,0.5,160.2,100,160.0,100,159.5,50,,,,,,,,,,,,,,,160.7,150,,,,,,,,,,,,,,,,,,
2026-07-07T01:03:51.028476+00:00,2026-07-07T01:03:51.028354,3,2,160.35,0.3,160.2,100,160.0,100,159.5,50,,,,,,,,,,,,,,,160.5,100,160.7,150,,,,,,,,,,,,,,,,
2026-07-07T01:03:52.705125+00:00,2026-07-07T01:03:52.705072,2,1,160.25,0.5,160.0,100,159.5,50,,,,,,,,,,,,,,,,,160.5,100,,,,,,,,,,,,,,,,,,
2026-07-07T01:03:52.758567+00:00,2026-07-07T01:03:52.756690,3,1,160.25,0.5,160.0,100,159.7,150,159.5,50,,,,,,,,,,,,,,,160.5,100,,,,,,,,,,,,,,,,,,
2026-07-07T01:03:52.809371+00:00,2026-07-07T01:03:52.809035,3,2,160.1,0.2,160.0,100,159.7,150,159.5,50,,,,,,,,,,,,,,,160.2,150,160.5,100,,,,,,,,,,,,,,,,
2026-07-07T01:03:53.069314+00:00,2026-07-07T01:03:53.069270,3,2,160.1,0.2,160.0,50,159.7,150,159.5,50,,,,,,,,,,,,,,,160.2,150,160.5,100,,,,,,,,,,,,,,,,
2026-07-07T01:03:53.168970+00:00,2026-07-07T01:03:53.163397,3,2,160.1,0.2,160.0,50,159.7,150,159.5,50,,,,,,,,,,,,,,,160.2,139,160.5,100,,,,,,,,,,,,,,,,
2026-07-07T01:03:54.081107+00:00,2026-07-07T01:03:54.081077,2,1,159.95,0.5,159.7,150,159.5,50,,,,,,,,,,,,,,,,,160.2,139,,,,,,,,,,,,,,,,,,
2026-07-07T01:03:54.138296+00:00,2026-07-07T01:03:54.138198,3,1,160.05,0.3,159.9,100,159.7,150,159.5,50,,,,,,,,,,,,,,,160.2,139,,,,,,,,,,,,,,,,,,
2026-07-07T01:03:54.187201+00:00,2026-07-07T01:03:54.187412,3,2,160.05,0.3,159.9,100,159.7,150,159.5,50,,,,,,,,,,,,,,,160.2,139,160.4,100,,,,,,,,,,,,,,,,
2026-07-07T01:03:55.177607+00:00,2026-07-07T01:03:55.177508,3,2,160.05,0.3,159.9,50,159.7,150,159.5,50,,,,,,,,,,,,,,,160.2,139,160.4,100,,,,,,,,,,,,,,,,
2026-07-07T01:03:55.371332+00:00,2026-07-07T01:03:55.371279,2,2,160.05,0.3,159.9,50,159.7,150,,,,,,,,,,,,,,,,,160.2,139,160.4,100,,,,,,,,,,,,,,,,
2026-07-07T01:03:55.585694+00:00,2026-07-07T01:03:55.585574,3,2,160.05,0.3,159.9,50,159.7,150,159.3,50,,,,,,,,,,,,,,,160.2,139,160.4,100,,,,,,,,,,,,,,,,
2026-07-07T01:03:55.691791+00:00,2026-07-07T01:03:55.691733,3,2,160.05,0.3,159.9,7,159.7,150,159.3,50,,,,,,,,,,,,,,,160.2,139,160.4,100,,,,,,,,,,,,,,,,
2026-07-07T01:03:55.869889+00:00,2026-07-07T01:03:55.869768,2,1,160.15,0.5,159.9,7,159.3,50,,,,,,,,,,,,,,,,,160.4,100,,,,,,,,,,,,,,,,,,
