recv_time,book_timestamp,n_bids,n_asks,mid,spread,bid_px_0,bid_vol_0,bid_px_1,bid_vol_1,bid_px_2,bid_vol_2,bid_px_3,bid_vol_3,bid_px_4,bid_vol_4,bid_px_5,bid_vol_5,bid_px_6,bid_vol_6,bid_px_7,bid_vol_7,bid_px_8,bid_vol_8,bid_px_9,bid_vol_9,ask_px_0,ask_vol_0,ask_px_1,ask_vol_1,ask_px_2,ask_vol_2,ask_px_3,ask_vol_3,ask_px_4,ask_vol_4,ask_px_5,ask_vol_5,ask_px_6,ask_vol_6,ask_px_7,ask_vol_7,ask_px_8,ask_vol_8,ask_px_9,ask_vol_9
2026-07-05T19:00:00.140289+00:00,2026-07-05T19:00:00.140514,3,1,160.4,0.2,160.3,100,160.0,100,159.9,8,,,,,,,,,,,,,,,160.5,100,,,,,,,,,,,,,,,,,,
2026-07-05T19:00:00.272781+00:00,2026-07-05T19:00:00.243600,3,2,160.35,0.3,160.2,150,160.0,100,159.9,8,,,,,,,,,,,,,,,160.5,100,160.7,150,,,,,,,,,,,,,,,,
2026-07-05T19:00:01.009171+00:00,2026-07-05T19:00:00.937719,3,2,160.35,0.3,160.2,100,160.0,100,159.9,8,,,,,,,,,,,,,,,160.5,100,160.7,150,,,,,,,,,,,,,,,,
2026-07-05T19:00:02.576075+00:00,2026-07-05T19:00:02.551894,2,1,160.45,0.5,160.2,100,159.9,8,,,,,,,,,,,,,,,,,160.7,150,,,,,,,,,,,,,,,,,,
2026-07-05T19:00:02.618387+00:00,2026-07-05T19:00:02.602382,3,1,160.45,0.5,160.2,100,160.1,100,159.9,8,,,,,,,,,,,,,,,160.7,150,,,,,,,,,,,,,,,,,,
2026-07-05T19:00:02.664680+00:00,2026-07-05T19:00:02.664620,3,2,160.4,0.4,160.2,100,160.1,100,159.9,8,,,,,,,,,,,,,,,160.6,100,160.7,104,,,,,,,,,,,,,,,,
2026-07-05T19:00:02.705154+00:00,2026-07-05T19:00:02.705126,3,2,160.4,0.4,160.2,100,160.1,100,159.9,8,,,,,,,,,,,,,,,160.6,100,160.7,104,,,,,,,,,,,,,,,,
2026-07-05T19:00:03.058631+00:00,2026-07-05T19:00:03.053886,3,2,160.4,0.4,160.2,50,160.1,100,159.9,8,,,,,,,,,,,,,,,160.6,100,160.7,104,,,,,,,,,,,,,,,,
2026-07-05T19:00:03.307718+00:00,2026-07-05T19:00:03.307619,2,1,160.35,0.5,160.1,100,159.9,8,,,,,,,,,,,,,,,,,160.6,100,,,,,,,,,,,,,,,,,,
2026-07-05T19:00:03.358581+00:00,2026-07-05T19:00:03.358256,2,1,160.35,0.5,160.1,100,159.9,158,,,,,,,,,,,,,,,,,160.6,100,,,,,,,,,,,,,,,,,,
2026-07-05T19:00:03.417851+00:00,2026-07-05T19:00:03.417745,2,2,160.25,0.3,160.1,100,159.9,158,,,,,,,,,,,,,,,,,160.4,150,160.6,100,,,,,,,,,,,,,,,,
2026-07-05T19:00:03.464512+00:00,2026-07-05T19:00:03.464424,2,2,160.25,0.3,160.1,100,159.9,158,,,,,,,,,,,,,,,,,160.4,150,160.6,100,,,,,,,,,,,,,,,,
2026-07-05T19:00:05.144129+00:00,2026-07-05T19:00:05.149788,2,2,160.25,0.3,160.1,50,159.9,158,,,,,,,,,,,,,,,,,160.4,150,160.6,100,,,,,,,,,,,,,,,,
2026-07-05T19:00:05.721793+00:00,2026-07-05T19:00:05.721891,1,1,160.15,0.5,159.9,158,,,,,,,,,,,,,,,,,,,160.4,150,,,,,,,,,,,,,,,,,,
2026-07-05T19:00:05.775758+00:00,2026-07-05T19:00:05.775637,2,1,160.15,0.5,159.9,158,159.8,100,,,,,,,,,,,,,,,,,160.4,150,,,,,,,,,,,,,,,,,,
2026-07-05T19:00:05.827946+00:00,2026-07-05T19:00:05.827811,2,2,160.1,0.4,159.9,158,159.8,100,,,,,,,,,,,,,,,,,160.3,100,160.4,150,,,,,,,,,,,,,,,,
2026-07-05T19:00:06.474253+00:00,2026-07-05T19:00:06.474143,2,1,160.1,0.4,159.9,8,159.8,100,,,,,,,,,,,,,,,,,160.3,100,,,,,,,,,,,,,,,,,,
2026-07-05T19:00:06.525313+00:00,2026-07-05T19:00:06.525275,2,1,160.1,0.4,159.9,8,159.8,250,,,,,,,,,,,,,,,,,160.3,100,,,,,,,,,,,,,,,,,,
2026-07-05T19:00:06.577869+00:00,2026-07-05T19:00:06.577761,2,1,160.1,0.4,159.9,8,159.8,250,,,,,,,,,,,,,,,,,160.3,250,,,,,,,,,,,,,,,,,,
2026-07-05T19:00:07.258556+00:00,2026-07-05T19:00:07.257943,1,1,160.05,0.5,159.8,208,,,,,,,,,,,,,,,,,,,160.3,250,,,,,,,,,,,,,,,,,,
2026-07-05T19:00:08.002264+00:00,2026-07-05T19:00:08.002195,1,1,160.05,0.5,159.8,208,,,,,,,,,,,,,,,,,,,160.3,206,,,,,,,,,,,,,,,,,,
2026-07-05T19:00:08.668140+00:00,2026-07-05T19:00:08.660539,1,1,160.05,0.5,159.8,208,,,,,,,,,,,,,,,,,,,160.3,203,,,,,,,,,,,,,,,,,,
2026-07-05T19:00:08.881723+00:00,2026-07-05T19:00:08.881669,1,1,160.05,0.5,159.8,150,,,,,,,,,,,,,,,,,,,160.3,150,,,,,,,,,,,,,,,,,,
2026-07-05T19:00:08.936326+00:00,2026-07-05T19:00:08.936274,2,1,160.15,0.3,160.0,100,159.8,150,,,,,,,,,,,,,,,,,160.3,150,,,,,,,,,,,,,,,,,,
2026-07-05T19:00:08.989472+00:00,2026-07-05T19:00:08.989418,2,2,160.15,0.3,160.0,100,159.8,150,,,,,,,,,,,,,,,,,160.3,150,160.5,100,,,,,,,,,,,,,,,,
2026-07-05T19:00:09.282128+00:00,2026-07-05T19:00:09.276268,2,2,160.15,0.3,160.0,100,159.8,150,,,,,,,,,,,,,,,,,160.3,139,160.5,100,,,,,,,,,,,,,,,,
2026-07-05T19:00:09.376544+00:00,2026-07-05T19:00:09.376733,2,2,160.15,0.3,160.0,50,159.8,150,,,,,,,,,,,,,,,,,160.3,139,160.5,100,,,,,,,,,,,,,,,,
2026-07-05T19:00:09.633067+00:00,2026-07-05T19:00:09.632991,1,1,160.25,0.5,160.0,50,,,,,,,,,,,,,,,,,,,160.5,100,,,,,,,,,,,,,,,,,,
2026-07-05T19:00:09.687881+00:00,2026-07-05T19:00:09.687807,2,1,160.3,0.4,160.1,150,160.0,50,,,,,,,,,,,,,,,,,160.5,100,,,,,,,,,,,,,,,,,,
2026-07-05T19:00:09.740623+00:00,2026-07-05T19:00:09.740553,2,2,160.3,0.4,160.1,150,160.0,50,,,,,,,,,,,,,,,,,160.5,100,160.6,150,,,,,,,,,,,,,,,,
2026-07-05T19:00:11.464410+00:00,2026-07-05T19:00:11.464153,2,2,160.3,0.4,160.1,150,160.0,50,,,,,,,,,,,,,,,,,160.5,50,160.6,150,,,,,,,,,,,,,,,,
2026-07-05T19:00:12.044057+00:00,2026-07-05T19:00:12.043927,1,1,160.35,0.5,160.1,150,,,,,,,,,,,,,,,,,,,160.6,150,,,,,,,,,,,,,,,,,,
2026-07-05T19:00:12.099022+00:00,2026-07-05T19:00:12.098896,2,1,160.4,0.4,160.2,100,160.1,150,,,,,,,,,,,,,,,,,160.6,150,,,,,,,,,,,,,,,,,,
2026-07-05T19:00:12.158573+00:00,2026-07-05T19:00:12.152349,2,2,160.4,0.4,160.2,100,160.1,150,,,,,,,,,,,,,,,,,160.6,150,160.7,100,,,,,,,,,,,,,,,,
2026-07-05T19:00:12.520047+00:00,2026-07-05T19:00:12.520011,2,2,160.4,0.4,160.2,100,160.1,158,,,,,,,,,,,,,,,,,160.6,150,160.7,100,,,,,,,,,,,,,,,,
2026-07-05T19:00:12.525268+00:00,2026-07-05T19:00:12.525197,2,3,160.35,0.3,160.2,100,160.1,158,,,,,,,,,,,,,,,,,160.5,8,160.6,150,160.7,100,,,,,,,,,,,,,,
2026-07-05T19:00:12.795178+00:00,2026-07-05T19:00:12.795074,2,2,160.35,0.3,160.2,100,160.1,8,,,,,,,,,,,,,,,,,160.5,8,160.7,100,,,,,,,,,,,,,,,,
2026-07-05T19:00:12.858589+00:00,2026-07-05T19:00:12.851601,2,2,160.35,0.3,160.2,250,160.1,8,,,,,,,,,,,,,,,,,160.5,8,160.7,100,,,,,,,,,,,,,,,,
2026-07-05T19:00:12.903923+00:00,2026-07-05T19:00:12.903784,2,2,160.35,0.3,160.2,250,160.1,8,,,,,,,,,,,,,,,,,160.5,8,160.7,250,,,,,,,,,,,,,,,,
2026-07-05T19:00:13.033440+00:00,2026-07-05T19:00:13.028098,1,1,160.45,0.5,160.2,250,,,,,,,,,,,,,,,,,,,160.7,250,,,,,,,,,,,,,,,,,,
2026-07-05T19:00:13.054217+00:00,2026-07-05T19:00:13.054029,1,2,160.4,0.4,160.2,258,,,,,,,,,,,,,,,,,,,160.6,8,160.7,250,,,,,,,,,,,,,,,,
2026-07-05T19:00:13.542008+00:00,2026-07-05T19:00:13.541939,1,1,160.45,0.5,160.2,258,,,,,,,,,,,,,,,,,,,160.7,208,,,,,,,,,,,,,,,,,,
2026-07-05T19:00:13.664251+00:00,2026-07-05T19:00:13.664142,1,1,160.45,0.5,160.2,214,,,,,,,,,,,,,,,,,,,160.7,208,,,,,,,,,,,,,,,,,,
2026-07-05T19:00:15.208184+00:00,2026-07-05T19:00:15.208126,1,1,160.45,0.5,160.2,158,,,,,,,,,,,,,,,,,,,160.7,150,,,,,,,,,,,,,,,,,,
2026-07-05T19:00:15.257545+00:00,2026-07-05T19:00:15.257710,2,1,160.45,0.5,160.2,158,160.1,100,,,,,,,,,,,,,,,,,160.7,150,,,,,,,,,,,,,,,,,,
2026-07-05T19:00:15.320410+00:00,2026-07-05T19:00:15.320581,2,1,160.45,0.5,160.2,150,160.1,100,,,,,,,,,,,,,,,,,160.7,150,,,,,,,,,,,,,,,,,,
2026-07-05T19:00:15.325960+00:00,2026-07-05T19:00:15.325825,2,2,160.4,0.4,160.2,150,160.1,108,,,,,,,,,,,,,,,,,160.6,100,160.7,150,,,,,,,,,,,,,,,,
2026-07-05T19:00:15.700831+00:00,2026-07-05T19:00:15.700722,2,2,160.4,0.4,160.2,100,160.1,108,,,,,,,,,,,,,,,,,160.6,100,160.7,150,,,,,,,,,,,,,,,,
2026-07-05T19:00:15.923823+00:00,2026-07-05T19:00:15.923712,2,2,160.4,0.4,160.2,60,160.1,108,,,,,,,,,,,,,,,,,160.6,100,160.7,150,,,,,,,,,,,,,,,,
2026-07-05T19:00:15.958631+00:00,2026-07-05T19:00:15.955242,1,1,160.35,0.5,160.1,108,,,,,,,,,,,,,,,,,,,160.6,100,,,,,,,,,,,,,,,,,,
2026-07-05T19:00:16.014025+00:00,2026-07-05T19:00:16.013954,2,1,160.35,0.5,160.1,108,159.8,150,,,,,,,,,,,,,,,,,160.6,100,,,,,,,,,,,,,,,,,,
2026-07-05T19:00:16.058593+00:00,2026-07-05T19:00:16.057462,2,2,160.2,0.2,160.1,108,159.8,150,,,,,,,,,,,,,,,,,160.3,150,160.6,100,,,,,,,,,,,,,,,,
2026-07-05T19:00:16.981228+00:00,2026-07-05T19:00:16.975541,2,2,160.2,0.2,160.1,108,159.8,150,,,,,,,,,,,,,,,,,160.3,115,160.6,100,,,,,,,,,,,,,,,,
2026-07-05T19:00:17.086532+00:00,2026-07-05T19:00:17.086497,3,2,160.25,0.1,160.2,8,160.1,100,159.8,150,,,,,,,,,,,,,,,160.3,115,160.6,100,,,,,,,,,,,,,,,,
2026-07-05T19:00:17.601949+00:00,2026-07-05T19:00:17.588303,3,2,160.25,0.1,160.2,8,160.1,100,159.8,150,,,,,,,,,,,,,,,160.3,70,160.6,100,,,,,,,,,,,,,,,,
2026-07-05T19:00:18.375648+00:00,2026-07-05T19:00:18.375620,3,1,160.25,0.1,160.2,8,160.1,100,159.8,150,,,,,,,,,,,,,,,160.3,70,,,,,,,,,,,,,,,,,,
2026-07-05T19:00:18.380708+00:00,2026-07-05T19:00:18.380786,2,1,160.25,0.1,160.2,8,159.8,150,,,,,,,,,,,,,,,,,160.3,70,,,,,,,,,,,,,,,,,,
2026-07-05T19:00:18.434317+00:00,2026-07-05T19:00:18.434220,3,0,,,160.5,30,160.2,8,159.8,150,,,,,,,,,,,,,,,,,,,,,,,,,,,,,,,,,,
2026-07-05T19:00:18.484435+00:00,2026-07-05T19:00:18.484406,3,1,160.75,0.5,160.5,30,160.2,8,159.8,150,,,,,,,,,,,,,,,161.0,100,,,,,,,,,,,,,,,,,,
2026-07-05T19:00:18.596470+00:00,2026-07-05T19:00:18.596620,3,1,160.75,0.5,160.5,30,160.3,8,159.8,150,,,,,,,,,,,,,,,161.0,100,,,,,,,,,,,,,,,,,,
2026-07-05T19:00:19.119349+00:00,2026-07-05T19:00:19.119236,2,1,160.75,0.5,160.5,30,160.3,8,,,,,,,,,,,,,,,,,161.0,100,,,,,,,,,,,,,,,,,,
2026-07-05T19:00:19.183457+00:00,2026-07-05T19:00:19.176698,3,1,160.85,0.3,160.7,127,160.5,30,160.3,8,,,,,,,,,,,,,,,161.0,100,,,,,,,,,,,,,,,,,,
2026-07-05T19:00:19.225724+00:00,2026-07-05T19:00:19.225619,3,2,160.85,0.3,160.7,127,160.5,30,160.3,8,,,,,,,,,,,,,,,161.0,100,161.2,150,,,,,,,,,,,,,,,,
2026-07-05T19:00:19.604511+00:00,2026-07-05T19:00:19.598681,3,2,160.85,0.3,160.7,115,160.5,30,160.3,8,,,,,,,,,,,,,,,161.0,100,161.2,150,,,,,,,,,,,,,,,,
2026-07-05T19:00:19.917430+00:00,2026-07-05T19:00:19.917319,3,2,160.85,0.3,160.7,65,160.5,30,160.3,8,,,,,,,,,,,,,,,161.0,100,161.2,150,,,,,,,,,,,,,,,,
2026-07-05T19:00:21.539772+00:00,2026-07-05T19:00:21.539726,2,1,160.95,0.5,160.7,65,160.3,8,,,,,,,,,,,,,,,,,161.2,150,,,,,,,,,,,,,,,,,,
2026-07-05T19:00:21.595122+00:00,2026-07-05T19:00:21.595023,3,1,160.95,0.5,160.7,65,160.3,8,160.1,100,,,,,,,,,,,,,,,161.2,150,,,,,,,,,,,,,,,,,,
2026-07-05T19:00:21.609995+00:00,2026-07-05T19:00:21.609916,3,1,160.95,0.5,160.7,65,160.3,8,160.1,100,,,,,,,,,,,,,,,161.2,150,,,,,,,,,,,,,,,,,,
2026-07-05T19:00:21.647956+00:00,2026-07-05T19:00:21.647875,2,2,160.45,0.3,160.3,8,160.1,100,,,,,,,,,,,,,,,,,160.6,35,161.2,150,,,,,,,,,,,,,,,,
2026-07-05T19:00:21.672595+00:00,2026-07-05T19:00:21.672528,2,1,160.75,0.9,160.3,8,160.1,100,,,,,,,,,,,,,,,,,161.2,150,,,,,,,,,,,,,,,,,,
2026-07-05T19:00:21.726888+00:00,2026-07-05T19:00:21.726757,1,1,160.65,1.1,160.1,59,,,,,,,,,,,,,,,,,,,161.2,150,,,,,,,,,,,,,,,,,,
2026-07-05T19:00:22.035151+00:00,2026-07-05T19:00:22.035049,1,1,160.65,1.1,160.1,9,,,,,,,,,,,,,,,,,,,161.2,150,,,,,,,,,,,,,,,,,,
2026-07-05T19:00:22.279730+00:00,2026-07-05T19:00:22.279646,1,0,,,160.1,9,,,,,,,,,,,,,,,,,,,,,,,,,,,,,,,,,,,,,,
2026-07-05T19:00:22.332997+00:00,2026-07-05T19:00:22.332866,2,0,,,160.1,9,159.9,150,,,,,,,,,,,,,,,,,,,,,,,,,,,,,,,,,,,,
2026-07-05T19:00:22.385616+00:00,2026-07-05T19:00:22.385488,2,1,160.25,0.3,160.1,9,159.9,150,,,,,,,,,,,,,,,,,160.4,150,,,,,,,,,,,,,,,,,,
2026-07-05T19:00:22.623886+00:00,2026-07-05T19:00:22.623838,3,2,160.3,0.2,160.2,8,160.1,9,159.9,150,,,,,,,,,,,,,,,160.4,150,160.6,8,,,,,,,,,,,,,,,,
2026-07-05T19:00:23.605453+00:00,2026-07-05T19:00:23.605419,1,2,160.15,0.5,159.9,150,,,,,,,,,,,,,,,,,,,160.4,150,160.6,8,,,,,,,,,,,,,,,,
2026-07-05T19:00:23.628700+00:00,2026-07-05T19:00:23.628600,1,1,160.15,0.5,159.9,150,,,,,,,,,,,,,,,,,,,160.4,150,,,,,,,,,,,,,,,,,,
2026-07-05T19:00:23.633885+00:00,2026-07-05T19:00:23.633780,2,1,160.2,0.4,160.0,8,159.9,150,,,,,,,,,,,,,,,,,160.4,150,,,,,,,,,,,,,,,,,,
2026-07-05T19:00:23.639118+00:00,2026-07-05T19:00:23.638948,2,2,160.2,0.4,160.0,8,159.9,150,,,,,,,,,,,,,,,,,160.4,150,160.6,8,,,,,,,,,,,,,,,,
2026-07-05T19:00:24.139108+00:00,2026-07-05T19:00:24.139028,1,2,160.15,0.5,159.9,108,,,,,,,,,,,,,,,,,,,160.4,150,160.6,8,,,,,,,,,,,,,,,,
2026-07-05T19:00:24.430413+00:00,2026-07-05T19:00:24.414439,1,2,160.15,0.5,159.9,108,,,,,,,,,,,,,,,,,,,160.4,138,160.6,8,,,,,,,,,,,,,,,,
2026-07-05T19:00:24.758587+00:00,2026-07-05T19:00:24.749562,2,2,160.25,0.3,160.1,100,159.9,108,,,,,,,,,,,,,,,,,160.4,138,160.6,8,,,,,,,,,,,,,,,,
2026-07-05T19:00:24.807407+00:00,2026-07-05T19:00:24.807287,2,2,160.25,0.3,160.1,100,159.9,108,,,,,,,,,,,,,,,,,160.4,138,160.6,108,,,,,,,,,,,,,,,,
2026-07-05T19:00:24.903175+00:00,2026-07-05T19:00:24.903071,2,2,160.25,0.3,160.1,100,159.9,108,,,,,,,,,,,,,,,,,160.4,138,160.6,100,,,,,,,,,,,,,,,,
2026-07-05T19:00:24.913724+00:00,2026-07-05T19:00:24.913566,3,2,160.3,0.2,160.2,8,160.1,100,159.9,108,,,,,,,,,,,,,,,160.4,138,160.6,100,,,,,,,,,,,,,,,,
2026-07-05T19:00:24.918874+00:00,2026-07-05T19:00:24.918762,3,2,160.3,0.2,160.2,8,160.1,100,159.9,108,,,,,,,,,,,,,,,160.4,138,160.6,108,,,,,,,,,,,,,,,,
2026-07-05T19:00:25.024158+00:00,2026-07-05T19:00:25.018830,3,2,160.3,0.2,160.2,8,160.1,100,159.9,108,,,,,,,,,,,,,,,160.4,127,160.6,108,,,,,,,,,,,,,,,,
2026-07-05T19:00:25.437866+00:00,2026-07-05T19:00:25.437842,2,1,160.4,0.4,160.2,8,160.1,100,,,,,,,,,,,,,,,,,160.6,108,,,,,,,,,,,,,,,,,,
2026-07-05T19:00:25.494918+00:00,2026-07-05T19:00:25.494877,3,1,160.4,0.4,160.2,8,160.1,100,160.0,150,,,,,,,,,,,,,,,160.6,108,,,,,,,,,,,,,,,,,,
2026-07-05T19:00:25.547688+00:00,2026-07-05T19:00:25.547852,3,2,160.35,0.3,160.2,8,160.1,100,160.0,150,,,,,,,,,,,,,,,160.5,150,160.6,108,,,,,,,,,,,,,,,,
2026-07-05T19:00:26.198875+00:00,2026-07-05T19:00:26.198712,3,2,160.35,0.3,160.2,8,160.1,100,160.0,150,,,,,,,,,,,,,,,160.5,103,160.6,108,,,,,,,,,,,,,,,,
2026-07-05T19:00:26.426104+00:00,2026-07-05T19:00:26.426302,2,2,160.3,0.4,160.1,100,160.0,150,,,,,,,,,,,,,,,,,160.5,103,160.6,100,,,,,,,,,,,,,,,,
2026-07-05T19:00:26.431590+00:00,2026-07-05T19:00:26.431494,3,2,160.4,0.2,160.3,8,160.1,100,160.0,150,,,,,,,,,,,,,,,160.5,103,160.6,100,,,,,,,,,,,,,,,,
2026-07-05T19:00:26.436777+00:00,2026-07-05T19:00:26.436680,3,3,160.4,0.2,160.3,8,160.1,100,160.0,150,,,,,,,,,,,,,,,160.5,103,160.6,100,160.7,8,,,,,,,,,,,,,,
2026-07-05T19:00:27.857364+00:00,2026-07-05T19:00:27.857622,2,2,160.4,0.2,160.3,8,160.0,150,,,,,,,,,,,,,,,,,160.5,103,160.7,8,,,,,,,,,,,,,,,,
2026-07-05T19:00:27.909346+00:00,2026-07-05T19:00:27.909201,2,2,160.4,0.2,160.3,8,160.0,150,,,,,,,,,,,,,,,,,160.5,60,160.7,8,,,,,,,,,,,,,,,,
2026-07-05T19:00:27.914622+00:00,2026-07-05T19:00:27.914486,2,2,160.4,0.2,160.3,108,160.0,150,,,,,,,,,,,,,,,,,160.5,60,160.7,8,,,,,,,,,,,,,,,,
2026-07-05T19:00:27.968218+00:00,2026-07-05T19:00:27.968102,2,3,160.4,0.2,160.3,108,160.0,150,,,,,,,,,,,,,,,,,160.5,60,160.7,8,160.8,100,,,,,,,,,,,,,,
2026-07-05T19:00:28.309102+00:00,2026-07-05T19:00:28.309035,2,3,160.4,0.2,160.3,108,160.0,150,,,,,,,,,,,,,,,,,160.5,10,160.7,8,160.8,100,,,,,,,,,,,,,,
2026-07-05T19:00:28.601885+00:00,2026-07-05T19:00:28.601795,1,2,160.5,0.4,160.3,108,,,,,,,,,,,,,,,,,,,160.7,8,160.8,100,,,,,,,,,,,,,,,,
2026-07-05T19:00:28.656967+00:00,2026-07-05T19:00:28.657057,2,2,160.65,0.1,160.6,150,160.3,108,,,,,,,,,,,,,,,,,160.7,8,160.8,100,,,,,,,,,,,,,,,,
2026-07-05T19:00:28.709176+00:00,2026-07-05T19:00:28.709127,2,3,160.65,0.1,160.6,150,160.3,108,,,,,,,,,,,,,,,,,160.7,8,160.8,100,161.1,150,,,,,,,,,,,,,,
2026-07-05T19:00:29.012003+00:00,2026-07-05T19:00:29.011947,2,3,160.65,0.1,160.6,109,160.3,108,,,,,,,,,,,,,,,,,160.7,8,160.8,100,161.1,150,,,,,,,,,,,,,,
2026-07-05T19:00:30.198480+00:00,2026-07-05T19:00:30.198633,2,2,160.7,0.2,160.6,109,160.3,100,,,,,,,,,,,,,,,,,160.8,100,161.1,150,,,,,,,,,,,,,,,,
2026-07-05T19:00:30.203716+00:00,2026-07-05T19:00:30.203817,3,2,160.7,0.2,160.6,109,160.5,8,160.3,100,,,,,,,,,,,,,,,160.8,100,161.1,150,,,,,,,,,,,,,,,,
2026-07-05T19:00:30.209097+00:00,2026-07-05T19:00:30.209040,3,3,160.7,0.2,160.6,109,160.5,8,160.3,100,,,,,,,,,,,,,,,160.8,100,160.9,8,161.1,150,,,,,,,,,,,,,,
2026-07-05T19:00:30.415346+00:00,2026-07-05T19:00:30.415247,3,3,160.7,0.2,160.6,109,160.5,8,160.3,100,,,,,,,,,,,,,,,160.8,50,160.9,8,161.1,150,,,,,,,,,,,,,,
2026-07-05T19:00:30.569336+00:00,2026-07-05T19:00:30.569269,3,3,160.7,0.2,160.6,67,160.5,8,160.3,100,,,,,,,,,,,,,,,160.8,50,160.9,8,161.1,150,,,,,,,,,,,,,,
2026-07-05T19:00:31.022726+00:00,2026-07-05T19:00:31.022664,2,2,160.75,0.3,160.6,67,160.5,8,,,,,,,,,,,,,,,,,160.9,8,161.1,150,,,,,,,,,,,,,,,,
2026-07-05T19:00:31.074064+00:00,2026-07-05T19:00:31.074181,2,2,160.75,0.3,160.6,167,160.5,8,,,,,,,,,,,,,,,,,160.9,8,161.1,150,,,,,,,,,,,,,,,,
2026-07-05T19:00:31.125600+00:00,2026-07-05T19:00:31.125524,2,2,160.75,0.3,160.6,167,160.5,8,,,,,,,,,,,,,,,,,160.9,8,161.1,250,,,,,,,,,,,,,,,,
2026-07-05T19:00:31.758553+00:00,2026-07-05T19:00:31.756561,2,2,160.75,0.3,160.6,100,160.5,8,,,,,,,,,,,,,,,,,160.9,8,161.1,100,,,,,,,,,,,,,,,,
2026-07-05T19:00:31.815099+00:00,2026-07-05T19:00:31.814997,2,2,160.75,0.3,160.6,100,160.5,158,,,,,,,,,,,,,,,,,160.9,8,161.1,100,,,,,,,,,,,,,,,,
2026-07-05T19:00:31.871503+00:00,2026-07-05T19:00:31.871459,2,3,160.75,0.3,160.6,100,160.5,158,,,,,,,,,,,,,,,,,160.9,8,161.0,150,161.1,100,,,,,,,,,,,,,,
2026-07-05T19:00:32.528151+00:00,2026-07-05T19:00:32.528114,2,2,160.8,0.4,160.6,100,160.5,158,,,,,,,,,,,,,,,,,161.0,108,161.1,100,,,,,,,,,,,,,,,,
2026-07-05T19:00:32.699306+00:00,2026-07-05T19:00:32.699181,2,2,160.8,0.4,160.6,100,160.5,158,,,,,,,,,,,,,,,,,161.0,66,161.1,100,,,,,,,,,,,,,,,,
2026-07-05T19:00:34.180992+00:00,2026-07-05T19:00:34.180926,1,1,160.75,0.5,160.5,158,,,,,,,,,,,,,,,,,,,161.0,66,,,,,,,,,,,,,,,,,,
2026-07-05T19:00:34.237719+00:00,2026-07-05T19:00:34.237671,1,1,160.75,0.5,160.5,258,,,,,,,,,,,,,,,,,,,161.0,66,,,,,,,,,,,,,,,,,,
2026-07-05T19:00:34.290830+00:00,2026-07-05T19:00:34.290790,1,1,160.75,0.5,160.5,258,,,,,,,,,,,,,,,,,,,161.0,166,,,,,,,,,,,,,,,,,,
2026-07-05T19:00:34.636871+00:00,2026-07-05T19:00:34.636746,1,1,160.75,0.5,160.5,258,,,,,,,,,,,,,,,,,,,161.0,116,,,,,,,,,,,,,,,,,,
2026-07-05T19:00:34.728956+00:00,2026-07-05T19:00:34.728811,1,1,160.75,0.5,160.5,215,,,,,,,,,,,,,,,,,,,161.0,116,,,,,,,,,,,,,,,,,,
2026-07-05T19:00:34.925877+00:00,2026-07-05T19:00:34.925847,1,1,160.75,0.5,160.5,100,,,,,,,,,,,,,,,,,,,161.0,100,,,,,,,,,,,,,,,,,,
2026-07-05T19:00:34.980614+00:00,2026-07-05T19:00:34.980552,2,1,160.9,0.2,160.8,150,160.5,100,,,,,,,,,,,,,,,,,161.0,100,,,,,,,,,,,,,,,,,,
2026-07-05T19:00:35.034766+00:00,2026-07-05T19:00:35.034847,2,2,160.9,0.2,160.8,150,160.5,100,,,,,,,,,,,,,,,,,161.0,100,161.3,150,,,,,,,,,,,,,,,,
2026-07-05T19:00:35.765551+00:00,2026-07-05T19:00:35.765522,2,2,160.9,0.2,160.8,105,160.5,100,,,,,,,,,,,,,,,,,161.0,100,161.3,150,,,,,,,,,,,,,,,,
2026-07-05T19:00:36.737868+00:00,2026-07-05T19:00:36.738004,3,2,160.9,0.2,160.8,105,160.6,8,160.5,100,,,,,,,,,,,,,,,161.0,100,161.3,150,,,,,,,,,,,,,,,,
2026-07-05T19:00:36.743355+00:00,2026-07-05T19:00:36.743277,3,2,160.9,0.2,160.8,105,160.6,8,160.5,100,,,,,,,,,,,,,,,161.0,58,161.3,150,,,,,,,,,,,,,,,,
2026-07-05T19:00:37.339875+00:00,2026-07-05T19:00:37.339966,3,2,160.9,0.2,160.8,105,160.6,8,160.5,100,,,,,,,,,,,,,,,161.0,8,161.3,150,,,,,,,,,,,,,,,,
2026-07-05T19:00:37.345256+00:00,2026-07-05T19:00:37.345153,2,2,160.9,0.2,160.8,105,160.6,8,,,,,,,,,,,,,,,,,161.0,8,161.3,150,,,,,,,,,,,,,,,,
2026-07-05T19:00:37.398135+00:00,2026-07-05T19:00:37.398262,2,2,160.9,0.2,160.8,205,160.6,8,,,,,,,,,,,,,,,,,161.0,8,161.3,150,,,,,,,,,,,,,,,,
2026-07-05T19:00:37.458725+00:00,2026-07-05T19:00:37.458628,2,2,160.9,0.2,160.8,205,160.6,8,,,,,,,,,,,,,,,,,161.0,8,161.3,250,,,,,,,,,,,,,,,,
2026-07-05T19:00:38.089145+00:00,2026-07-05T19:00:38.089051,2,2,160.9,0.2,160.8,100,160.6,8,,,,,,,,,,,,,,,,,161.0,8,161.3,100,,,,,,,,,,,,,,,,
2026-07-05T19:00:38.146394+00:00,2026-07-05T19:00:38.146351,3,2,160.9,0.2,160.8,100,160.7,150,160.6,8,,,,,,,,,,,,,,,161.0,8,161.3,100,,,,,,,,,,,,,,,,
2026-07-05T19:00:38.201447+00:00,2026-07-05T19:00:38.201361,3,3,160.9,0.2,160.8,100,160.7,150,160.6,8,,,,,,,,,,,,,,,161.0,8,161.2,150,161.3,100,,,,,,,,,,,,,,
2026-07-05T19:00:38.850943+00:00,2026-07-05T19:00:38.850911,3,2,161.0,0.4,160.8,100,160.7,150,160.6,8,,,,,,,,,,,,,,,161.2,108,161.3,100,,,,,,,,,,,,,,,,
2026-07-05T19:00:39.001585+00:00,2026-07-05T19:00:39.001527,3,2,161.0,0.4,160.8,100,160.7,150,160.5,8,,,,,,,,,,,,,,,161.2,108,161.3,100,,,,,,,,,,,,,,,,
2026-07-05T19:00:39.006610+00:00,2026-07-05T19:00:39.006705,3,3,160.95,0.3,160.8,100,160.7,150,160.5,8,,,,,,,,,,,,,,,161.1,8,161.2,108,161.3,100,,,,,,,,,,,,,,
2026-07-05T19:00:40.167942+00:00,2026-07-05T19:00:40.152107,3,3,160.95,0.3,160.8,89,160.7,150,160.5,8,,,,,,,,,,,,,,,161.1,8,161.2,108,161.3,100,,,,,,,,,,,,,,
2026-07-05T19:00:40.506127+00:00,2026-07-05T19:00:40.506036,2,2,160.9,0.4,160.7,150,160.5,8,,,,,,,,,,,,,,,,,161.1,8,161.2,108,,,,,,,,,,,,,,,,
2026-07-05T19:00:40.556152+00:00,2026-07-05T19:00:40.556287,2,2,160.9,0.4,160.7,250,160.5,8,,,,,,,,,,,,,,,,,161.1,8,161.2,108,,,,,,,,,,,,,,,,
2026-07-05T19:00:40.612806+00:00,2026-07-05T19:00:40.612905,2,2,160.9,0.4,160.7,250,160.5,8,,,,,,,,,,,,,,,,,161.1,8,161.2,208,,,,,,,,,,,,,,,,
2026-07-05T19:00:40.959435+00:00,2026-07-05T19:00:40.959359,2,1,160.95,0.5,160.7,250,160.5,8,,,,,,,,,,,,,,,,,161.2,166,,,,,,,,,,,,,,,,,,
2026-07-05T19:00:40.964464+00:00,2026-07-05T19:00:40.964617,2,1,160.95,0.5,160.7,250,160.5,8,,,,,,,,,,,,,,,,,161.2,117,,,,,,,,,,,,,,,,,,
2026-07-05T19:00:41.258651+00:00,2026-07-05T19:00:41.255403,2,1,160.95,0.5,160.7,100,160.5,8,,,,,,,,,,,,,,,,,161.2,100,,,,,,,,,,,,,,,,,,
2026-07-05T19:00:41.310919+00:00,2026-07-05T19:00:41.310844,3,0,,,161.3,50,160.7,100,160.5,8,,,,,,,,,,,,,,,,,,,,,,,,,,,,,,,,,,
2026-07-05T19:00:41.373004+00:00,2026-07-05T19:00:41.362958,3,1,161.55,0.5,161.3,24,160.7,100,160.5,8,,,,,,,,,,,,,,,161.8,150,,,,,,,,,,,,,,,,,,
2026-07-05T19:00:41.529539+00:00,2026-07-05T19:00:41.529417,3,1,161.55,0.5,161.3,24,160.7,100,160.5,8,,,,,,,,,,,,,,,161.8,150,,,,,,,,,,,,,,,,,,
2026-07-05T19:00:41.534659+00:00,2026-07-05T19:00:41.534586,3,2,161.5,0.4,161.3,24,160.7,100,160.5,8,,,,,,,,,,,,,,,161.7,8,161.8,150,,,,,,,,,,,,,,,,
2026-07-05T19:00:43.068579+00:00,2026-07-05T19:00:43.068453,3,1,161.55,0.5,161.3,24,160.7,100,160.5,8,,,,,,,,,,,,,,,161.8,108,,,,,,,,,,,,,,,,,,
2026-07-05T19:00:43.662262+00:00,2026-07-05T19:00:43.662149,2,1,161.55,0.5,161.3,24,160.5,8,,,,,,,,,,,,,,,,,161.8,108,,,,,,,,,,,,,,,,,,
2026-07-05T19:00:43.721114+00:00,2026-07-05T19:00:43.721015,3,1,161.55,0.5,161.3,24,161.1,100,160.5,8,,,,,,,,,,,,,,,161.8,108,,,,,,,,,,,,,,,,,,
2026-07-05T19:00:43.791425+00:00,2026-07-05T19:00:43.791326,3,2,161.45,0.3,161.3,24,161.1,100,160.5,8,,,,,,,,,,,,,,,161.6,100,161.8,108,,,,,,,,,,,,,,,,
2026-07-05T19:00:43.796651+00:00,2026-07-05T19:00:43.796555,2,2,161.45,0.3,161.3,24,161.1,100,,,,,,,,,,,,,,,,,161.6,100,161.8,108,,,,,,,,,,,,,,,,
2026-07-05T19:00:43.806847+00:00,2026-07-05T19:00:43.807039,3,2,161.45,0.3,161.3,24,161.1,100,160.5,8,,,,,,,,,,,,,,,161.6,100,161.8,108,,,,,,,,,,,,,,,,
2026-07-05T19:00:44.420411+00:00,2026-07-05T19:00:44.420308,2,1,161.35,0.5,161.1,100,160.5,8,,,,,,,,,,,,,,,,,161.6,100,,,,,,,,,,,,,,,,,,
2026-07-05T19:00:44.475263+00:00,2026-07-05T19:00:44.475227,3,1,161.35,0.5,161.1,100,161.0,150,160.5,8,,,,,,,,,,,,,,,161.6,100,,,,,,,,,,,,,,,,,,
2026-07-05T19:00:44.585300+00:00,2026-07-05T19:00:44.585255,3,2,161.3,0.4,161.1,100,161.0,150,160.5,8,,,,,,,,,,,,,,,161.5,150,161.6,100,,,,,,,,,,,,,,,,
2026-07-05T19:00:44.817655+00:00,2026-07-05T19:00:44.817798,3,2,161.3,0.4,161.1,100,161.0,150,160.5,8,,,,,,,,,,,,,,,161.5,150,161.6,100,,,,,,,,,,,,,,,,
2026-07-05T19:00:45.178128+00:00,2026-07-05T19:00:45.178079,3,2,161.3,0.4,161.1,100,161.0,150,160.5,8,,,,,,,,,,,,,,,161.5,100,161.6,100,,,,,,,,,,,,,,,,
2026-07-05T19:00:46.844725+00:00,2026-07-05T19:00:46.844659,2,1,161.25,0.5,161.0,150,160.5,8,,,,,,,,,,,,,,,,,161.5,100,,,,,,,,,,,,,,,,,,
2026-07-05T19:00:46.902333+00:00,2026-07-05T19:00:46.902176,3,1,161.3,0.4,161.1,100,161.0,150,160.5,8,,,,,,,,,,,,,,,161.5,100,,,,,,,,,,,,,,,,,,
2026-07-05T19:00:46.958571+00:00,2026-07-05T19:00:46.951584,3,2,161.3,0.4,161.1,100,161.0,150,160.5,8,,,,,,,,,,,,,,,161.5,100,161.6,100,,,,,,,,,,,,,,,,
2026-07-05T19:00:47.158685+00:00,2026-07-05T19:00:47.155185,3,2,161.3,0.4,161.1,56,161.0,150,160.5,8,,,,,,,,,,,,,,,161.5,100,161.6,100,,,,,,,,,,,,,,,,
2026-07-05T19:00:47.281873+00:00,2026-07-05T19:00:47.281803,3,2,161.3,0.4,161.1,56,161.0,150,160.5,8,,,,,,,,,,,,,,,161.5,50,161.6,100,,,,,,,,,,,,,,,,
2026-07-05T19:00:47.580104+00:00,2026-07-05T19:00:47.580020,3,2,161.3,0.4,161.1,56,161.0,150,160.6,8,,,,,,,,,,,,,,,161.5,50,161.6,100,,,,,,,,,,,,,,,,
2026-07-05T19:00:47.637752+00:00,2026-07-05T19:00:47.630514,2,1,161.35,0.5,161.1,56,160.6,8,,,,,,,,,,,,,,,,,161.6,100,,,,,,,,,,,,,,,,,,
2026-07-05T19:00:47.688499+00:00,2026-07-05T19:00:47.688415,3,1,161.55,0.1,161.5,150,161.1,56,160.6,8,,,,,,,,,,,,,,,161.6,100,,,,,,,,,,,,,,,,,,
2026-07-05T19:00:47.742517+00:00,2026-07-05T19:00:47.742327,3,2,161.55,0.1,161.5,150,161.1,56,160.6,8,,,,,,,,,,,,,,,161.6,100,162.0,150,,,,,,,,,,,,,,,,
2026-07-05T19:00:47.837540+00:00,2026-07-05T19:00:47.837479,3,2,161.55,0.1,161.5,150,161.1,56,160.6,8,,,,,,,,,,,,,,,161.6,100,162.0,150,,,,,,,,,,,,,,,,
2026-07-05T19:00:49.390816+00:00,2026-07-05T19:00:49.390756,3,2,161.55,0.1,161.5,150,161.1,56,160.6,8,,,,,,,,,,,,,,,161.6,50,162.0,150,,,,,,,,,,,,,,,,
2026-07-05T19:00:49.840198+00:00,2026-07-05T19:00:49.833218,3,2,161.55,0.1,161.5,147,161.1,56,160.6,8,,,,,,,,,,,,,,,161.6,50,162.0,150,,,,,,,,,,,,,,,,
2026-07-05T19:00:50.009591+00:00,2026-07-05T19:00:50.009523,2,1,161.75,0.5,161.5,147,160.6,8,,,,,,,,,,,,,,,,,162.0,150,,,,,,,,,,,,,,,,,,
2026-07-05T19:00:50.058560+00:00,2026-07-05T19:00:50.055758,3,1,161.75,0.5,161.5,147,161.0,100,160.6,8,,,,,,,,,,,,,,,162.0,150,,,,,,,,,,,,,,,,,,
2026-07-05T19:00:50.100240+00:00,2026-07-05T19:00:50.100117,3,1,161.75,0.5,161.5,147,161.0,100,160.6,8,,,,,,,,,,,,,,,162.0,150,,,,,,,,,,,,,,,,,,
2026-07-05T19:00:50.115806+00:00,2026-07-05T19:00:50.115738,3,1,161.75,0.5,161.5,47,161.0,100,160.6,8,,,,,,,,,,,,,,,162.0,150,,,,,,,,,,,,,,,,,,
2026-07-05T19:00:50.803942+00:00,2026-07-05T19:00:50.803853,2,0,,,161.0,100,160.6,8,,,,,,,,,,,,,,,,,,,,,,,,,,,,,,,,,,,,
2026-07-05T19:00:50.858539+00:00,2026-07-05T19:00:50.858491,3,0,,,161.0,100,160.9,150,160.6,8,,,,,,,,,,,,,,,,,,,,,,,,,,,,,,,,,,
2026-07-05T19:00:50.913338+00:00,2026-07-05T19:00:50.913306,3,1,161.2,0.4,161.0,100,160.9,150,160.6,8,,,,,,,,,,,,,,,161.4,150,,,,,,,,,,,,,,,,,,
2026-07-05T19:00:51.110620+00:00,2026-07-05T19:00:51.110466,2,1,161.2,0.4,161.0,100,160.9,150,,,,,,,,,,,,,,,,,161.4,150,,,,,,,,,,,,,,,,,,
2026-07-05T19:00:51.121039+00:00,2026-07-05T19:00:51.120980,3,1,161.2,0.4,161.0,100,160.9,150,160.5,8,,,,,,,,,,,,,,,161.4,150,,,,,,,,,,,,,,,,,,
2026-07-05T19:00:51.497317+00:00,2026-07-05T19:00:51.497271,3,1,161.2,0.4,161.0,100,160.9,150,160.5,8,,,,,,,,,,,,,,,161.4,100,,,,,,,,,,,,,,,,,,
2026-07-05T19:00:52.724887+00:00,2026-07-05T19:00:52.724760,3,1,161.2,0.4,161.0,100,160.9,150,160.5,8,,,,,,,,,,,,,,,161.4,57,,,,,,,,,,,,,,,,,,
2026-07-05T19:00:53.173974+00:00,2026-07-05T19:00:53.174105,2,1,161.15,0.5,160.9,150,160.5,8,,,,,,,,,,,,,,,,,161.4,57,,,,,,,,,,,,,,,,,,
2026-07-05T19:00:53.228024+00:00,2026-07-05T19:00:53.228286,3,0,,,161.4,43,160.9,150,160.5,8,,,,,,,,,,,,,,,,,,,,,,,,,,,,,,,,,,
2026-07-05T19:00:53.282070+00:00,2026-07-05T19:00:53.282040,3,1,161.65,0.5,161.4,43,160.9,150,160.5,8,,,,,,,,,,,,,,,161.9,100,,,,,,,,,,,,,,,,,,
2026-07-05T19:00:53.381042+00:00,2026-07-05T19:00:53.381014,3,1,161.65,0.5,161.4,43,160.9,150,160.6,8,,,,,,,,,,,,,,,161.9,100,,,,,,,,,,,,,,,,,,
2026-07-05T19:00:53.603345+00:00,2026-07-05T19:00:53.603230,3,1,161.65,0.5,161.4,43,160.9,150,160.6,8,,,,,,,,,,,,,,,161.9,50,,,,,,,,,,,,,,,,,,
2026-07-05T19:00:53.709232+00:00,2026-07-05T19:00:53.709071,2,1,161.4,1.0,160.9,147,160.6,8,,,,,,,,,,,,,,,,,161.9,50,,,,,,,,,,,,,,,,,,
2026-07-05T19:00:53.968190+00:00,2026-07-05T19:00:53.968077,1,1,161.25,1.3,160.6,8,,,,,,,,,,,,,,,,,,,161.9,50,,,,,,,,,,,,,,,,,,
2026-07-05T19:00:54.021783+00:00,2026-07-05T19:00:54.021698,2,1,161.7,0.4,161.5,150,160.6,8,,,,,,,,,,,,,,,,,161.9,50,,,,,,,,,,,,,,,,,,
2026-07-05T19:00:54.084870+00:00,2026-07-05T19:00:54.084726,2,2,161.7,0.4,161.5,150,160.6,8,,,,,,,,,,,,,,,,,161.9,50,162.0,150,,,,,,,,,,,,,,,,
2026-07-05T19:00:55.710287+00:00,2026-07-05T19:00:55.710243,2,1,161.75,0.5,161.5,150,160.6,8,,,,,,,,,,,,,,,,,162.0,150,,,,,,,,,,,,,,,,,,
2026-07-05T19:00:55.996475+00:00,2026-07-05T19:00:55.989914,2,1,161.75,0.5,161.5,139,160.6,8,,,,,,,,,,,,,,,,,162.0,150,,,,,,,,,,,,,,,,,,
2026-07-05T19:00:56.395069+00:00,2026-07-05T19:00:56.394986,3,1,161.75,0.5,161.5,139,161.3,100,160.6,8,,,,,,,,,,,,,,,162.0,150,,,,,,,,,,,,,,,,,,
2026-07-05T19:00:56.427265+00:00,2026-07-05T19:00:56.426985,3,1,161.75,0.5,161.5,99,161.3,100,160.6,8,,,,,,,,,,,,,,,162.0,150,,,,,,,,,,,,,,,,,,
2026-07-05T19:00:56.450848+00:00,2026-07-05T19:00:56.450641,3,2,161.65,0.3,161.5,99,161.3,100,160.6,8,,,,,,,,,,,,,,,161.8,100,162.0,150,,,,,,,,,,,,,,,,
2026-07-05T19:00:57.140625+00:00,2026-07-05T19:00:57.140580,2,1,161.55,0.5,161.3,100,160.6,8,,,,,,,,,,,,,,,,,161.8,100,,,,,,,,,,,,,,,,,,
2026-07-05T19:00:57.196926+00:00,2026-07-05T19:00:57.196791,3,1,161.55,0.5,161.3,100,161.2,150,160.6,8,,,,,,,,,,,,,,,161.8,100,,,,,,,,,,,,,,,,,,
2026-07-05T19:00:57.251988+00:00,2026-07-05T19:00:57.251891,3,2,161.5,0.4,161.3,100,161.2,150,160.6,8,,,,,,,,,,,,,,,161.7,150,161.8,100,,,,,,,,,,,,,,,,
2026-07-05T19:00:57.396284+00:00,2026-07-05T19:00:57.396169,3,2,161.5,0.4,161.3,100,161.2,150,160.5,8,,,,,,,,,,,,,,,161.7,150,161.8,100,,,,,,,,,,,,,,,,
2026-07-05T19:00:57.814907+00:00,2026-07-05T19:00:57.815105,3,2,161.5,0.4,161.3,100,161.2,150,160.5,8,,,,,,,,,,,,,,,161.7,100,161.8,100,,,,,,,,,,,,,,,,
2026-07-05T19:00:59.503319+00:00,2026-07-05T19:00:59.503248,2,1,161.45,0.5,161.2,150,160.5,8,,,,,,,,,,,,,,,,,161.7,100,,,,,,,,,,,,,,,,,,
2026-07-05T19:00:59.558566+00:00,2026-07-05T19:00:59.555683,3,1,161.5,0.4,161.3,100,161.2,150,160.5,8,,,,,,,,,,,,,,,161.7,100,,,,,,,,,,,,,,,,,,
2026-07-05T19:00:59.612041+00:00,2026-07-05T19:00:59.611902,3,2,161.5,0.4,161.3,100,161.2,150,160.5,8,,,,,,,,,,,,,,,161.7,100,161.8,100,,,,,,,,,,,,,,,,
2026-07-05T19:00:59.617339+00:00,2026-07-05T19:00:59.617182,3,2,161.5,0.4,161.3,100,161.2,150,160.5,8,,,,,,,,,,,,,,,161.7,59,161.8,100,,,,,,,,,,,,,,,,
2026-07-05T19:01:00.306857+00:00,2026-07-05T19:01:00.306806,2,1,161.55,0.5,161.3,100,160.5,8,,,,,,,,,,,,,,,,,161.8,100,,,,,,,,,,,,,,,,,,
2026-07-05T19:01:00.357230+00:00,2026-07-05T19:01:00.357368,3,1,161.7,0.2,161.6,150,161.3,100,160.5,8,,,,,,,,,,,,,,,161.8,100,,,,,,,,,,,,,,,,,,
2026-07-05T19:01:00.416606+00:00,2026-07-05T19:01:00.416460,3,2,161.7,0.2,161.6,150,161.3,100,160.5,8,,,,,,,,,,,,,,,161.8,100,162.1,150,,,,,,,,,,,,,,,,
2026-07-05T19:01:02.046045+00:00,2026-07-05T19:01:02.040092,3,2,161.7,0.2,161.6,138,161.3,100,160.5,8,,,,,,,,,,,,,,,161.8,100,162.1,150,,,,,,,,,,,,,,,,
2026-07-05T19:01:02.080962+00:00,2026-07-05T19:01:02.081101,3,2,161.7,0.2,161.6,88,161.3,100,160.5,8,,,,,,,,,,,,,,,161.8,100,162.1,150,,,,,,,,,,,,,,,,
2026-07-05T19:01:02.497639+00:00,2026-07-05T19:01:02.497538,3,2,161.7,0.2,161.6,46,161.3,100,160.5,8,,,,,,,,,,,,,,,161.8,100,162.1,150,,,,,,,,,,,,,,,,
2026-07-05T19:01:02.673418+00:00,2026-07-05T19:01:02.673315,2,1,161.85,0.5,161.6,46,160.5,8,,,,,,,,,,,,,,,,,162.1,150,,,,,,,,,,,,,,,,,,
2026-07-05T19:01:02.723646+00:00,2026-07-05T19:01:02.723748,3,1,161.85,0.5,161.6,46,161.2,100,160.5,8,,,,,,,,,,,,,,,162.1,150,,,,,,,,,,,,,,,,,,
2026-07-05T19:01:02.778714+00:00,2026-07-05T19:01:02.778581,3,2,161.65,0.1,161.6,46,161.2,100,160.5,8,,,,,,,,,,,,,,,161.7,100,162.1,150,,,,,,,,,,,,,,,,
2026-07-05T19:01:02.963597+00:00,2026-07-05T19:01:02.958790,3,2,161.65,0.1,161.6,35,161.2,100,160.5,8,,,,,,,,,,,,,,,161.7,100,162.1,150,,,,,,,,,,,,,,,,
2026-07-05T19:01:03.163997+00:00,2026-07-05T19:01:03.163868,2,2,161.65,0.1,161.6,35,161.2,100,,,,,,,,,,,,,,,,,161.7,100,162.1,150,,,,,,,,,,,,,,,,
2026-07-05T19:01:03.174476+00:00,2026-07-05T19:01:03.174409,3,2,161.65,0.1,161.6,35,161.2,100,160.4,8,,,,,,,,,,,,,,,161.7,100,162.1,150,,,,,,,,,,,,,,,,
2026-07-05T19:01:03.464703+00:00,2026-07-05T19:01:03.464610,3,2,161.65,0.1,161.6,35,161.2,100,160.4,8,,,,,,,,,,,,,,,161.7,52,162.1,150,,,,,,,,,,,,,,,,
2026-07-05T19:01:03.469717+00:00,2026-07-05T19:01:03.469850,2,1,161.45,0.5,161.2,100,160.4,8,,,,,,,,,,,,,,,,,161.7,52,,,,,,,,,,,,,,,,,,
2026-07-05T19:01:03.521751+00:00,2026-07-05T19:01:03.521629,3,1,161.45,0.5,161.2,100,160.9,150,160.4,8,,,,,,,,,,,,,,,161.7,52,,,,,,,,,,,,,,,,,,
2026-07-05T19:01:03.574483+00:00,2026-07-05T19:01:03.574376,3,2,161.3,0.2,161.2,100,160.9,150,160.4,8,,,,,,,,,,,,,,,161.4,150,161.7,52,,,,,,,,,,,,,,,,
2026-07-05T19:01:03.679637+00:00,2026-07-05T19:01:03.679554,3,2,161.3,0.2,161.2,100,160.9,150,160.4,8,,,,,,,,,,,,,,,161.4,150,161.7,52,,,,,,,,,,,,,,,,
2026-07-05T19:01:04.274429+00:00,2026-07-05T19:01:04.268301,3,2,161.3,0.2,161.2,100,160.9,150,160.4,8,,,,,,,,,,,,,,,161.4,139,161.7,52,,,,,,,,,,,,,,,,
2026-07-05T19:01:05.149617+00:00,2026-07-05T19:01:05.149582,3,2,161.3,0.2,161.2,100,160.9,150,160.4,8,,,,,,,,,,,,,,,161.4,95,161.7,52,,,,,,,,,,,,,,,,
2026-07-05T19:01:05.592498+00:00,2026-07-05T19:01:05.586173,3,2,161.3,0.2,161.2,100,160.9,150,160.4,8,,,,,,,,,,,,,,,161.4,83,161.7,52,,,,,,,,,,,,,,,,
2026-07-05T19:01:05.669246+00:00,2026-07-05T19:01:05.663447,3,2,161.3,0.2,161.2,100,160.9,150,160.4,8,,,,,,,,,,,,,,,161.4,72,161.7,52,,,,,,,,,,,,,,,,
2026-07-05T19:01:05.690886+00:00,2026-07-05T19:01:05.691058,3,2,161.3,0.2,161.2,100,160.9,150,160.5,8,,,,,,,,,,,,,,,161.4,72,161.7,52,,,,,,,,,,,,,,,,
2026-07-05T19:01:05.701668+00:00,2026-07-05T19:01:05.701555,3,2,161.3,0.2,161.2,52,160.9,150,160.5,8,,,,,,,,,,,,,,,161.4,72,161.7,52,,,,,,,,,,,,,,,,
2026-07-05T19:01:05.833326+00:00,2026-07-05T19:01:05.833299,2,1,161.15,0.5,160.9,150,160.5,8,,,,,,,,,,,,,,,,,161.4,72,,,,,,,,,,,,,,,,,,
2026-07-05T19:01:05.888072+00:00,2026-07-05T19:01:05.887962,3,0,,,161.4,28,160.9,150,160.5,8,,,,,,,,,,,,,,,,,,,,,,,,,,,,,,,,,,
2026-07-05T19:01:05.943144+00:00,2026-07-05T19:01:05.943023,3,1,161.65,0.5,161.4,28,160.9,150,160.5,8,,,,,,,,,,,,,,,161.9,100,,,,,,,,,,,,,,,,,,
2026-07-05T19:01:05.948315+00:00,2026-07-05T19:01:05.948244,3,1,161.65,0.5,161.4,28,160.9,150,160.5,8,,,,,,,,,,,,,,,161.9,100,,,,,,,,,,,,,,,,,,
2026-07-05T19:01:06.240863+00:00,2026-07-05T19:01:06.240786,3,1,161.65,0.5,161.4,28,160.9,150,160.5,8,,,,,,,,,,,,,,,161.9,50,,,,,,,,,,,,,,,,,,
2026-07-05T19:01:06.632445+00:00,2026-07-05T19:01:06.632400,2,1,161.65,0.5,161.4,28,160.5,8,,,,,,,,,,,,,,,,,161.9,50,,,,,,,,,,,,,,,,,,
2026-07-05T19:01:06.696658+00:00,2026-07-05T19:01:06.690012,3,1,161.85,0.1,161.8,127,161.4,28,160.5,8,,,,,,,,,,,,,,,161.9,50,,,,,,,,,,,,,,,,,,
2026-07-05T19:01:06.739090+00:00,2026-07-05T19:01:06.739016,3,2,161.85,0.1,161.8,127,161.4,28,160.5,8,,,,,,,,,,,,,,,161.9,50,162.3,150,,,,,,,,,,,,,,,,
2026-07-05T19:01:06.958593+00:00,2026-07-05T19:01:06.957850,3,2,161.85,0.1,161.8,127,161.4,28,160.6,8,,,,,,,,,,,,,,,161.9,50,162.3,150,,,,,,,,,,,,,,,,
2026-07-05T19:01:08.349240+00:00,2026-07-05T19:01:08.349126,3,1,162.05,0.5,161.8,127,161.4,28,160.6,8,,,,,,,,,,,,,,,162.3,150,,,,,,,,,,,,,,,,,,
2026-07-05T19:01:08.470323+00:00,2026-07-05T19:01:08.470215,3,1,162.05,0.5,161.8,127,161.4,28,160.6,8,,,,,,,,,,,,,,,162.3,150,,,,,,,,,,,,,,,,,,
2026-07-05T19:01:08.994311+00:00,2026-07-05T19:01:08.994261,2,1,162.05,0.5,161.8,127,160.6,8,,,,,,,,,,,,,,,,,162.3,150,,,,,,,,,,,,,,,,,,
2026-07-05T19:01:09.048553+00:00,2026-07-05T19:01:09.048494,3,1,162.05,0.5,161.8,127,161.6,100,160.6,8,,,,,,,,,,,,,,,162.3,150,,,,,,,,,,,,,,,,,,
2026-07-05T19:01:09.100518+00:00,2026-07-05T19:01:09.100418,3,2,161.95,0.3,161.8,127,161.6,100,160.6,8,,,,,,,,,,,,,,,162.1,100,162.3,150,,,,,,,,,,,,,,,,
2026-07-05T19:01:09.236055+00:00,2026-07-05T19:01:09.236016,2,2,161.95,0.3,161.8,127,161.6,100,,,,,,,,,,,,,,,,,162.1,100,162.3,150,,,,,,,,,,,,,,,,
2026-07-05T19:01:09.241226+00:00,2026-07-05T19:01:09.241182,3,2,161.95,0.3,161.8,127,161.6,100,160.6,8,,,,,,,,,,,,,,,162.1,100,162.3,150,,,,,,,,,,,,,,,,
2026-07-05T19:01:09.803839+00:00,2026-07-05T19:01:09.797599,2,1,161.85,0.5,161.6,100,160.6,8,,,,,,,,,,,,,,,,,162.1,100,,,,,,,,,,,,,,,,,,
2026-07-05T19:01:09.863891+00:00,2026-07-05T19:01:09.862833,3,1,161.95,0.3,161.8,139,161.6,100,160.6,8,,,,,,,,,,,,,,,162.1,100,,,,,,,,,,,,,,,,,,
2026-07-05T19:01:09.911771+00:00,2026-07-05T19:01:09.911656,3,2,161.95,0.3,161.8,139,161.6,100,160.6,8,,,,,,,,,,,,,,,162.1,100,162.2,150,,,,,,,,,,,,,,,,
2026-07-05T19:01:09.964308+00:00,2026-07-05T19:01:09.964111,3,2,161.95,0.3,161.8,96,161.6,100,160.6,8,,,,,,,,,,,,,,,162.1,100,162.2,150,,,,,,,,,,,,,,,,
2026-07-05T19:01:10.921815+00:00,2026-07-05T19:01:10.921738,3,2,161.95,0.3,161.8,49,161.6,100,160.6,8,,,,,,,,,,,,,,,162.1,100,162.2,150,,,,,,,,,,,,,,,,
2026-07-05T19:01:11.013869+00:00,2026-07-05T19:01:11.014006,2,2,161.95,0.3,161.8,49,161.6,100,,,,,,,,,,,,,,,,,162.1,100,162.2,150,,,,,,,,,,,,,,,,
2026-07-05T19:01:11.019370+00:00,2026-07-05T19:01:11.019320,3,2,161.95,0.3,161.8,49,161.6,100,160.5,8,,,,,,,,,,,,,,,162.1,100,162.2,150,,,,,,,,,,,,,,,,
2026-07-05T19:01:11.673684+00:00,2026-07-05T19:01:11.663013,3,2,161.95,0.3,161.8,37,161.6,100,160.5,8,,,,,,,,,,,,,,,162.1,100,162.2,150,,,,,,,,,,,,,,,,
2026-07-05T19:01:12.151545+00:00,2026-07-05T19:01:12.151511,2,1,162.0,0.4,161.8,37,160.5,8,,,,,,,,,,,,,,,,,162.2,150,,,,,,,,,,,,,,,,,,
2026-07-05T19:01:12.206464+00:00,2026-07-05T19:01:12.206324,3,1,162.0,0.4,161.8,37,161.3,100,160.5,8,,,,,,,,,,,,,,,162.2,150,,,,,,,,,,,,,,,,,,
2026-07-05T19:01:12.258619+00:00,2026-07-05T19:01:12.254414,2,2,161.55,0.5,161.3,100,160.5,8,,,,,,,,,,,,,,,,,161.8,63,162.2,150,,,,,,,,,,,,,,,,
2026-07-05T19:01:12.275627+00:00,2026-07-05T19:01:12.275757,2,2,161.55,0.5,161.3,100,160.5,8,,,,,,,,,,,,,,,,,161.8,63,162.2,150,,,,,,,,,,,,,,,,
2026-07-05T19:01:12.558637+00:00,2026-07-05T19:01:12.556397,2,2,161.55,0.5,161.3,100,160.5,8,,,,,,,,,,,,,,,,,161.8,13,162.2,150,,,,,,,,,,,,,,,,
2026-07-05T19:01:12.969274+00:00,2026-07-05T19:01:12.969202,2,1,161.55,0.5,161.3,100,160.5,8,,,,,,,,,,,,,,,,,161.8,13,,,,,,,,,,,,,,,,,,
2026-07-05T19:01:13.024391+00:00,2026-07-05T19:01:13.024293,3,1,161.55,0.5,161.3,100,161.1,150,160.5,8,,,,,,,,,,,,,,,161.8,13,,,,,,,,,,,,,,,,,,
2026-07-05T19:01:13.107622+00:00,2026-07-05T19:01:13.082810,3,2,161.4,0.2,161.3,100,161.1,150,160.5,8,,,,,,,,,,,,,,,161.5,127,161.8,13,,,,,,,,,,,,,,,,
2026-07-05T19:01:14.423642+00:00,2026-07-05T19:01:14.423572,3,2,161.4,0.2,161.3,100,161.1,150,160.5,8,,,,,,,,,,,,,,,161.5,87,161.8,13,,,,,,,,,,,,,,,,
2026-07-05T19:01:15.319267+00:00,2026-07-05T19:01:15.319433,2,1,161.3,0.4,161.1,150,160.5,8,,,,,,,,,,,,,,,,,161.5,87,,,,,,,,,,,,,,,,,,
2026-07-05T19:01:15.372964+00:00,2026-07-05T19:01:15.372765,3,1,161.45,0.1,161.4,100,161.1,150,160.5,8,,,,,,,,,,,,,,,161.5,87,,,,,,,,,,,,,,,,,,
2026-07-05T19:01:15.423240+00:00,2026-07-05T19:01:15.423330,3,2,161.45,0.1,161.4,100,161.1,150,160.5,8,,,,,,,,,,,,,,,161.5,87,161.9,100,,,,,,,,,,,,,,,,
2026-07-05T19:01:15.502962+00:00,2026-07-05T19:01:15.502824,3,2,161.45,0.1,161.4,55,161.1,150,160.5,8,,,,,,,,,,,,,,,161.5,87,161.9,100,,,,,,,,,,,,,,,,
2026-07-05T19:01:16.132607+00:00,2026-07-05T19:01:16.132518,2,1,161.65,0.5,161.4,55,160.5,8,,,,,,,,,,,,,,,,,161.9,100,,,,,,,,,,,,,,,,,,
2026-07-05T19:01:16.180323+00:00,2026-07-05T19:01:16.180484,2,1,161.65,0.5,161.4,55,160.8,8,,,,,,,,,,,,,,,,,161.9,100,,,,,,,,,,,,,,,,,,
2026-07-05T19:01:16.185714+00:00,2026-07-05T19:01:16.185652,3,1,161.65,0.5,161.4,55,161.3,150,160.8,8,,,,,,,,,,,,,,,161.9,100,,,,,,,,,,,,,,,,,,
2026-07-05T19:01:16.239440+00:00,2026-07-05T19:01:16.239322,3,2,161.6,0.4,161.4,55,161.3,150,160.8,8,,,,,,,,,,,,,,,161.8,150,161.9,100,,,,,,,,,,,,,,,,
2026-07-05T19:01:16.689131+00:00,2026-07-05T19:01:16.689096,3,2,161.6,0.4,161.4,55,161.3,150,160.9,8,,,,,,,,,,,,,,,161.8,150,161.9,100,,,,,,,,,,,,,,,,
2026-07-05T19:01:16.822513+00:00,2026-07-05T19:01:16.822671,3,2,161.6,0.4,161.4,5,161.3,150,160.9,8,,,,,,,,,,,,,,,161.8,150,161.9,100,,,,,,,,,,,,,,,,
2026-07-05T19:01:17.258652+00:00,2026-07-05T19:01:17.254399,3,2,161.6,0.4,161.4,5,161.3,150,160.9,8,,,,,,,,,,,,,,,161.8,105,161.9,100,,,,,,,,,,,,,,,,
2026-07-05T19:01:18.479137+00:00,2026-07-05T19:01:18.479016,2,1,161.55,0.5,161.3,150,160.9,8,,,,,,,,,,,,,,,,,161.8,105,,,,,,,,,,,,,,,,,,
2026-07-05T19:01:18.534402+00:00,2026-07-05T19:01:18.534361,2,1,161.55,0.5,161.3,250,160.9,8,,,,,,,,,,,,,,,,,161.8,105,,,,,,,,,,,,,,,,,,
2026-07-05T19:01:18.587057+00:00,2026-07-05T19:01:18.586962,2,1,161.55,0.5,161.3,250,160.9,8,,,,,,,,,,,,,,,,,161.8,205,,,,,,,,,,,,,,,,,,
2026-07-05T19:01:18.926920+00:00,2026-07-05T19:01:18.926794,2,1,161.55,0.5,161.3,200,160.9,8,,,,,,,,,,,,,,,,,161.8,205,,,,,,,,,,,,,,,,,,
2026-07-05T19:01:19.290900+00:00,2026-07-05T19:01:19.290780,2,1,161.55,0.5,161.3,100,160.9,8,,,,,,,,,,,,,,,,,161.8,100,,,,,,,,,,,,,,,,,,
2026-07-05T19:01:19.347373+00:00,2026-07-05T19:01:19.347289,2,1,161.55,0.5,161.3,250,160.9,8,,,,,,,,,,,,,,,,,161.8,100,,,,,,,,,,,,,,,,,,
2026-07-05T19:01:19.400239+00:00,2026-07-05T19:01:19.400145,2,1,161.55,0.5,161.3,250,160.9,8,,,,,,,,,,,,,,,,,161.8,250,,,,,,,,,,,,,,,,,,
2026-07-05T19:01:20.203442+00:00,2026-07-05T19:01:20.203403,2,1,161.55,0.5,161.3,250,161.0,8,,,,,,,,,,,,,,,,,161.8,250,,,,,,,,,,,,,,,,,,
2026-07-05T19:01:21.043139+00:00,2026-07-05T19:01:21.043035,2,1,161.55,0.5,161.3,200,161.0,8,,,,,,,,,,,,,,,,,161.8,250,,,,,,,,,,,,,,,,,,
2026-07-05T19:01:21.640545+00:00,2026-07-05T19:01:21.640680,2,1,161.55,0.5,161.3,150,161.0,8,,,,,,,,,,,,,,,,,161.8,150,,,,,,,,,,,,,,,,,,
2026-07-05T19:01:21.697628+00:00,2026-07-05T19:01:21.697789,3,1,161.55,0.5,161.3,150,161.2,100,161.0,8,,,,,,,,,,,,,,,161.8,150,,,,,,,,,,,,,,,,,,
2026-07-05T19:01:21.751404+00:00,2026-07-05T19:01:21.751517,3,2,161.5,0.4,161.3,150,161.2,100,161.0,8,,,,,,,,,,,,,,,161.7,100,161.8,150,,,,,,,,,,,,,,,,
2026-07-05T19:01:22.458632+00:00,2026-07-05T19:01:22.454038,2,1,161.45,0.5,161.2,100,161.0,8,,,,,,,,,,,,,,,,,161.7,100,,,,,,,,,,,,,,,,,,
2026-07-05T19:01:22.524196+00:00,2026-07-05T19:01:22.524077,3,1,161.5,0.4,161.3,150,161.2,100,161.0,8,,,,,,,,,,,,,,,161.7,100,,,,,,,,,,,,,,,,,,
2026-07-05T19:01:22.575046+00:00,2026-07-05T19:01:22.575249,3,2,161.5,0.4,161.3,150,161.2,100,161.0,8,,,,,,,,,,,,,,,161.7,100,161.8,150,,,,,,,,,,,,,,,,
2026-07-05T19:01:22.714945+00:00,2026-07-05T19:01:22.714846,3,2,161.5,0.4,161.3,150,161.2,100,160.9,8,,,,,,,,,,,,,,,161.7,100,161.8,150,,,,,,,,,,,,,,,,
2026-07-05T19:01:23.094035+00:00,2026-07-05T19:01:23.093931,3,2,161.5,0.4,161.3,150,161.2,100,160.9,8,,,,,,,,,,,,,,,161.7,50,161.8,150,,,,,,,,,,,,,,,,
2026-07-05T19:01:24.315188+00:00,2026-07-05T19:01:24.315061,3,2,161.5,0.4,161.3,150,161.2,100,160.9,8,,,,,,,,,,,,,,,161.7,4,161.8,150,,,,,,,,,,,,,,,,
2026-07-05T19:01:24.803101+00:00,2026-07-05T19:01:24.803013,2,1,161.55,0.5,161.3,150,160.9,8,,,,,,,,,,,,,,,,,161.8,150,,,,,,,,,,,,,,,,,,
2026-07-05T19:01:24.855930+00:00,2026-07-05T19:01:24.855820,2,1,161.55,0.5,161.3,250,160.9,8,,,,,,,,,,,,,,,,,161.8,150,,,,,,,,,,,,,,,,,,
2026-07-05T19:01:24.908273+00:00,2026-07-05T19:01:24.908173,2,1,161.55,0.5,161.3,250,160.9,8,,,,,,,,,,,,,,,,,161.8,250,,,,,,,,,,,,,,,,,,
2026-07-05T19:01:24.976807+00:00,2026-07-05T19:01:24.976690,2,1,161.55,0.5,161.3,250,160.8,8,,,,,,,,,,,,,,,,,161.8,250,,,,,,,,,,,,,,,,,,
2026-07-05T19:01:25.200984+00:00,2026-07-05T19:01:25.200874,2,1,161.55,0.5,161.3,250,160.8,8,,,,,,,,,,,,,,,,,161.8,200,,,,,,,,,,,,,,,,,,
2026-07-05T19:01:25.632089+00:00,2026-07-05T19:01:25.632211,2,1,161.55,0.5,161.3,100,160.8,8,,,,,,,,,,,,,,,,,161.8,100,,,,,,,,,,,,,,,,,,
2026-07-05T19:01:25.685030+00:00,2026-07-05T19:01:25.684940,2,1,161.55,0.5,161.3,250,160.8,8,,,,,,,,,,,,,,,,,161.8,100,,,,,,,,,,,,,,,,,,
2026-07-05T19:01:25.737823+00:00,2026-07-05T19:01:25.737755,2,1,161.55,0.5,161.3,250,160.8,8,,,,,,,,,,,,,,,,,161.8,250,,,,,,,,,,,,,,,,,,
2026-07-05T19:01:25.946926+00:00,2026-07-05T19:01:25.946841,2,1,161.55,0.5,161.3,204,160.8,8,,,,,,,,,,,,,,,,,161.8,250,,,,,,,,,,,,,,,,,,
2026-07-05T19:01:27.309183+00:00,2026-07-05T19:01:27.309071,2,1,161.55,0.5,161.3,204,160.8,8,,,,,,,,,,,,,,,,,161.8,200,,,,,,,,,,,,,,,,,,
2026-07-05T19:01:27.975301+00:00,2026-07-05T19:01:27.975267,2,1,161.55,0.5,161.3,150,160.8,8,,,,,,,,,,,,,,,,,161.8,150,,,,,,,,,,,,,,,,,,
2026-07-05T19:01:28.029719+00:00,2026-07-05T19:01:28.029643,2,1,161.55,0.5,161.3,250,160.8,8,,,,,,,,,,,,,,,,,161.8,150,,,,,,,,,,,,,,,,,,
2026-07-05T19:01:28.084390+00:00,2026-07-05T19:01:28.084358,2,1,161.55,0.5,161.3,250,160.8,8,,,,,,,,,,,,,,,,,161.8,209,,,,,,,,,,,,,,,,,,
2026-07-05T19:01:28.574303+00:00,2026-07-05T19:01:28.570030,2,1,161.55,0.5,161.3,239,160.8,8,,,,,,,,,,,,,,,,,161.8,209,,,,,,,,,,,,,,,,,,
2026-07-05T19:01:28.737617+00:00,2026-07-05T19:01:28.737526,1,1,161.55,0.5,161.3,239,,,,,,,,,,,,,,,,,,,161.8,209,,,,,,,,,,,,,,,,,,
2026-07-05T19:01:28.742727+00:00,2026-07-05T19:01:28.742675,2,1,161.55,0.5,161.3,239,160.6,8,,,,,,,,,,,,,,,,,161.8,209,,,,,,,,,,,,,,,,,,
2026-07-05T19:01:28.789336+00:00,2026-07-05T19:01:28.789166,2,1,161.55,0.5,161.3,239,160.6,8,,,,,,,,,,,,,,,,,161.8,100,,,,,,,,,,,,,,,,,,
2026-07-05T19:01:28.794309+00:00,2026-07-05T19:01:28.794410,2,1,161.55,0.5,161.3,100,160.6,8,,,,,,,,,,,,,,,,,161.8,100,,,,,,,,,,,,,,,,,,
2026-07-05T19:01:28.845099+00:00,2026-07-05T19:01:28.845233,3,1,161.6,0.4,161.4,150,161.3,100,160.6,8,,,,,,,,,,,,,,,161.8,100,,,,,,,,,,,,,,,,,,
2026-07-05T19:01:28.898444+00:00,2026-07-05T19:01:28.898397,3,2,161.6,0.4,161.4,150,161.3,100,160.6,8,,,,,,,,,,,,,,,161.8,100,161.9,150,,,,,,,,,,,,,,,,
2026-07-05T19:01:29.180961+00:00,2026-07-05T19:01:29.176687,3,2,161.6,0.4,161.4,138,161.3,100,160.6,8,,,,,,,,,,,,,,,161.8,100,161.9,150,,,,,,,,,,,,,,,,
2026-07-05T19:01:29.247128+00:00,2026-07-05T19:01:29.247062,2,2,161.6,0.4,161.4,138,161.3,100,,,,,,,,,,,,,,,,,161.8,100,161.9,150,,,,,,,,,,,,,,,,
2026-07-05T19:01:29.252369+00:00,2026-07-05T19:01:29.252246,3,2,161.6,0.4,161.4,138,161.3,100,160.4,8,,,,,,,,,,,,,,,161.8,100,161.9,150,,,,,,,,,,,,,,,,
2026-07-05T19:01:29.785057+00:00,2026-07-05T19:01:29.778922,3,2,161.6,0.4,161.4,127,161.3,100,160.4,8,,,,,,,,,,,,,,,161.8,100,161.9,150,,,,,,,,,,,,,,,,
2026-07-05T19:01:30.369634+00:00,2026-07-05T19:01:30.369492,3,2,161.6,0.4,161.4,87,161.3,100,160.4,8,,,,,,,,,,,,,,,161.8,100,161.9,150,,,,,,,,,,,,,,,,
2026-07-05T19:01:30.758708+00:00,2026-07-05T19:01:30.754100,3,2,161.6,0.4,161.4,87,161.3,100,160.2,8,,,,,,,,,,,,,,,161.8,100,161.9,150,,,,,,,,,,,,,,,,
2026-07-05T19:01:31.018138+00:00,2026-07-05T19:01:31.012653,3,2,161.6,0.4,161.4,76,161.3,100,160.2,8,,,,,,,,,,,,,,,161.8,100,161.9,150,,,,,,,,,,,,,,,,
2026-07-05T19:01:31.136942+00:00,2026-07-05T19:01:31.136917,2,1,161.65,0.5,161.4,76,160.2,8,,,,,,,,,,,,,,,,,161.9,150,,,,,,,,,,,,,,,,,,
2026-07-05T19:01:31.190131+00:00,2026-07-05T19:01:31.190090,3,1,161.65,0.5,161.4,76,160.8,100,160.2,8,,,,,,,,,,,,,,,161.9,150,,,,,,,,,,,,,,,,,,
2026-07-05T19:01:31.249721+00:00,2026-07-05T19:01:31.249819,2,2,161.05,0.5,160.8,100,160.2,8,,,,,,,,,,,,,,,,,161.3,24,161.9,150,,,,,,,,,,,,,,,,
2026-07-05T19:01:31.268877+00:00,2026-07-05T19:01:31.268996,2,2,161.05,0.5,160.8,100,160.3,8,,,,,,,,,,,,,,,,,161.3,24,161.9,150,,,,,,,,,,,,,,,,
2026-07-05T19:01:31.458662+00:00,2026-07-05T19:01:31.456171,2,1,161.35,1.1,160.8,100,160.3,8,,,,,,,,,,,,,,,,,161.9,150,,,,,,,,,,,,,,,,,,
2026-07-05T19:01:31.524679+00:00,2026-07-05T19:01:31.524574,2,1,161.35,1.1,160.8,100,160.2,8,,,,,,,,,,,,,,,,,161.9,150,,,,,,,,,,,,,,,,,,
2026-07-05T19:01:31.576778+00:00,2026-07-05T19:01:31.576907,2,1,161.35,1.1,160.8,50,160.2,8,,,,,,,,,,,,,,,,,161.9,150,,,,,,,,,,,,,,,,,,
2026-07-05T19:01:31.955065+00:00,2026-07-05T19:01:31.954964,2,0,,,160.8,50,160.2,8,,,,,,,,,,,,,,,,,,,,,,,,,,,,,,,,,,,,
2026-07-05T19:01:32.007939+00:00,2026-07-05T19:01:32.008023,3,0,,,160.8,50,160.3,150,160.2,8,,,,,,,,,,,,,,,,,,,,,,,,,,,,,,,,,,
2026-07-05T19:01:32.068294+00:00,2026-07-05T19:01:32.062555,2,1,160.55,0.5,160.3,150,160.2,8,,,,,,,,,,,,,,,,,160.8,66,,,,,,,,,,,,,,,,,,
2026-07-05T19:01:32.284263+00:00,2026-07-05T19:01:32.284199,2,1,160.55,0.5,160.3,150,160.1,8,,,,,,,,,,,,,,,,,160.8,66,,,,,,,,,,,,,,,,,,
2026-07-05T19:01:34.358579+00:00,2026-07-05T19:01:34.358293,3,0,,,160.8,34,160.3,150,160.1,8,,,,,,,,,,,,,,,,,,,,,,,,,,,,,,,,,,
2026-07-05T19:01:34.412901+00:00,2026-07-05T19:01:34.412787,3,1,161.05,0.5,160.8,34,160.3,150,160.1,8,,,,,,,,,,,,,,,161.3,100,,,,,,,,,,,,,,,,,,
2026-07-05T19:01:34.545761+00:00,2026-07-05T19:01:34.545715,3,1,161.05,0.5,160.8,34,160.3,150,160.1,8,,,,,,,,,,,,,,,161.3,100,,,,,,,,,,,,,,,,,,
2026-07-05T19:01:35.112984+00:00,2026-07-05T19:01:35.113126,2,1,161.05,0.5,160.8,34,160.1,8,,,,,,,,,,,,,,,,,161.3,100,,,,,,,,,,,,,,,,,,
2026-07-05T19:01:35.167269+00:00,2026-07-05T19:01:35.167207,3,1,161.1,0.4,160.9,150,160.8,34,160.1,8,,,,,,,,,,,,,,,161.3,100,,,,,,,,,,,,,,,,,,
2026-07-05T19:01:35.237885+00:00,2026-07-05T19:01:35.237809,3,2,161.1,0.4,160.9,150,160.8,34,160.1,8,,,,,,,,,,,,,,,161.3,100,161.4,150,,,,,,,,,,,,,,,,
2026-07-05T19:01:36.509911+00:00,2026-07-05T19:01:36.509827,3,2,161.1,0.4,160.9,150,160.8,34,160.1,8,,,,,,,,,,,,,,,161.3,57,161.4,150,,,,,,,,,,,,,,,,
2026-07-05T19:01:36.558650+00:00,2026-07-05T19:01:36.556778,3,2,161.1,0.4,160.9,103,160.8,34,160.2,8,,,,,,,,,,,,,,,161.3,57,161.4,150,,,,,,,,,,,,,,,,
2026-07-05T19:01:37.316671+00:00,2026-07-05T19:01:37.316585,3,2,161.1,0.4,160.9,103,160.8,34,160.4,8,,,,,,,,,,,,,,,161.3,57,161.4,150,,,,,,,,,,,,,,,,
2026-07-05T19:01:37.466650+00:00,2026-07-05T19:01:37.466583,2,1,161.15,0.5,160.9,103,160.4,8,,,,,,,,,,,,,,,,,161.4,150,,,,,,,,,,,,,,,,,,
2026-07-05T19:01:37.521173+00:00,2026-07-05T19:01:37.521132,3,1,161.2,0.4,161.0,100,160.9,103,160.4,8,,,,,,,,,,,,,,,161.4,150,,,,,,,,,,,,,,,,,,
2026-07-05T19:01:37.574726+00:00,2026-07-05T19:01:37.574617,3,2,161.2,0.4,161.0,100,160.9,103,160.4,8,,,,,,,,,,,,,,,161.4,150,161.5,100,,,,,,,,,,,,,,,,
2026-07-05T19:01:37.844354+00:00,2026-07-05T19:01:37.844590,3,2,161.2,0.4,161.0,100,160.9,103,160.4,8,,,,,,,,,,,,,,,161.4,100,161.5,100,,,,,,,,,,,,,,,,
2026-07-05T19:01:38.080121+00:00,2026-07-05T19:01:38.080046,3,2,161.2,0.4,161.0,54,160.9,103,160.4,8,,,,,,,,,,,,,,,161.4,100,161.5,100,,,,,,,,,,,,,,,,
2026-07-05T19:01:38.295272+00:00,2026-07-05T19:01:38.295188,2,1,161.25,0.5,161.0,54,160.4,8,,,,,,,,,,,,,,,,,161.5,100,,,,,,,,,,,,,,,,,,
2026-07-05T19:01:38.323006+00:00,2026-07-05T19:01:38.322899,1,1,161.25,0.5,161.0,54,,,,,,,,,,,,,,,,,,,161.5,100,,,,,,,,,,,,,,,,,,
2026-07-05T19:01:38.328167+00:00,2026-07-05T19:01:38.328097,2,1,161.25,0.5,161.0,54,160.4,8,,,,,,,,,,,,,,,,,161.5,100,,,,,,,,,,,,,,,,,,
2026-07-05T19:01:38.349952+00:00,2026-07-05T19:01:38.349835,3,1,161.3,0.4,161.1,150,161.0,54,160.4,8,,,,,,,,,,,,,,,161.5,100,,,,,,,,,,,,,,,,,,
2026-07-05T19:01:38.402034+00:00,2026-07-05T19:01:38.401821,3,2,161.3,0.4,161.1,150,161.0,54,160.4,8,,,,,,,,,,,,,,,161.5,100,161.6,150,,,,,,,,,,,,,,,,
2026-07-05T19:01:40.004785+00:00,2026-07-05T19:01:40.004706,3,2,161.3,0.4,161.1,100,161.0,54,160.4,8,,,,,,,,,,,,,,,161.5,100,161.6,150,,,,,,,,,,,,,,,,
2026-07-05T19:01:40.627377+00:00,2026-07-05T19:01:40.627305,2,1,161.35,0.5,161.1,100,160.4,8,,,,,,,,,,,,,,,,,161.6,150,,,,,,,,,,,,,,,,,,
2026-07-05T19:01:40.679568+00:00,2026-07-05T19:01:40.679495,3,1,161.35,0.5,161.1,100,160.8,100,160.4,8,,,,,,,,,,,,,,,161.6,150,,,,,,,,,,,,,,,,,,
2026-07-05T19:01:40.734692+00:00,2026-07-05T19:01:40.734569,3,2,161.2,0.2,161.1,100,160.8,100,160.4,8,,,,,,,,,,,,,,,161.3,100,161.6,150,,,,,,,,,,,,,,,,
2026-07-05T19:01:40.838815+00:00,2026-07-05T19:01:40.838689,2,2,161.2,0.2,161.1,100,160.8,100,,,,,,,,,,,,,,,,,161.3,100,161.6,150,,,,,,,,,,,,,,,,
2026-07-05T19:01:40.849332+00:00,2026-07-05T19:01:40.849269,3,2,161.2,0.2,161.1,100,160.8,100,160.4,8,,,,,,,,,,,,,,,161.3,100,161.6,150,,,,,,,,,,,,,,,,
2026-07-05T19:01:41.463985+00:00,2026-07-05T19:01:41.463884,2,1,161.05,0.5,160.8,100,160.4,8,,,,,,,,,,,,,,,,,161.3,100,,,,,,,,,,,,,,,,,,
2026-07-05T19:01:41.510954+00:00,2026-07-05T19:01:41.511053,2,1,161.05,0.5,160.8,250,160.4,8,,,,,,,,,,,,,,,,,161.3,100,,,,,,,,,,,,,,,,,,
2026-07-05T19:01:41.564012+00:00,2026-07-05T19:01:41.564131,2,1,161.05,0.5,160.8,250,160.4,8,,,,,,,,,,,,,,,,,161.3,250,,,,,,,,,,,,,,,,,,
2026-07-05T19:01:42.057814+00:00,2026-07-05T19:01:42.057940,2,1,161.05,0.5,160.8,250,160.4,8,,,,,,,,,,,,,,,,,161.3,200,,,,,,,,,,,,,,,,,,
2026-07-05T19:01:42.409347+00:00,2026-07-05T19:01:42.409311,2,1,161.05,0.5,160.8,250,160.4,8,,,,,,,,,,,,,,,,,161.3,151,,,,,,,,,,,,,,,,,,
2026-07-05T19:01:43.541847+00:00,2026-07-05T19:01:43.541758,2,1,161.05,0.5,160.8,250,160.4,8,,,,,,,,,,,,,,,,,161.3,105,,,,,,,,,,,,,,,,,,
2026-07-05T19:01:43.785935+00:00,2026-07-05T19:01:43.785782,2,1,161.05,0.5,160.8,150,160.4,8,,,,,,,,,,,,,,,,,161.3,105,,,,,,,,,,,,,,,,,,
2026-07-05T19:01:43.839080+00:00,2026-07-05T19:01:43.838964,3,1,161.25,0.1,161.2,100,160.8,150,160.4,8,,,,,,,,,,,,,,,161.3,105,,,,,,,,,,,,,,,,,,
2026-07-05T19:01:43.892164+00:00,2026-07-05T19:01:43.892105,3,2,161.25,0.1,161.2,100,160.8,150,160.4,8,,,,,,,,,,,,,,,161.3,105,161.7,100,,,,,,,,,,,,,,,,
2026-07-05T19:01:44.216126+00:00,2026-07-05T19:01:44.216007,3,2,161.25,0.1,161.2,50,160.8,150,160.4,8,,,,,,,,,,,,,,,161.3,105,161.7,100,,,,,,,,,,,,,,,,
2026-07-05T19:01:44.618088+00:00,2026-07-05T19:01:44.617973,2,1,161.45,0.5,161.2,50,160.4,8,,,,,,,,,,,,,,,,,161.7,100,,,,,,,,,,,,,,,,,,
2026-07-05T19:01:44.671512+00:00,2026-07-05T19:01:44.671411,2,1,161.45,0.5,161.2,200,160.4,8,,,,,,,,,,,,,,,,,161.7,100,,,,,,,,,,,,,,,,,,
2026-07-05T19:01:44.724364+00:00,2026-07-05T19:01:44.724260,2,1,161.45,0.5,161.2,200,160.4,8,,,,,,,,,,,,,,,,,161.7,250,,,,,,,,,,,,,,,,,,
2026-07-05T19:01:44.865115+00:00,2026-07-05T19:01:44.865346,2,1,161.45,0.5,161.2,200,160.5,8,,,,,,,,,,,,,,,,,161.7,250,,,,,,,,,,,,,,,,,,
2026-07-05T19:01:45.123625+00:00,2026-07-05T19:01:45.123754,2,1,161.45,0.5,161.2,200,160.4,8,,,,,,,,,,,,,,,,,161.7,250,,,,,,,,,,,,,,,,,,
2026-07-05T19:01:46.322873+00:00,2026-07-05T19:01:46.322769,2,1,161.45,0.5,161.2,150,160.4,8,,,,,,,,,,,,,,,,,161.7,250,,,,,,,,,,,,,,,,,,
2026-07-05T19:01:46.883658+00:00,2026-07-05T19:01:46.883586,2,1,161.45,0.5,161.2,150,160.5,8,,,,,,,,,,,,,,,,,161.7,250,,,,,,,,,,,,,,,,,,
2026-07-05T19:01:46.948762+00:00,2026-07-05T19:01:46.948629,2,1,161.45,0.5,161.2,150,160.5,8,,,,,,,,,,,,,,,,,161.7,150,,,,,,,,,,,,,,,,,,
2026-07-05T19:01:47.003324+00:00,2026-07-05T19:01:47.003220,3,1,161.45,0.5,161.2,150,160.9,100,160.5,8,,,,,,,,,,,,,,,161.7,150,,,,,,,,,,,,,,,,,,
2026-07-05T19:01:47.063980+00:00,2026-07-05T19:01:47.063762,3,2,161.3,0.2,161.2,150,160.9,100,160.5,8,,,,,,,,,,,,,,,161.4,100,161.7,150,,,,,,,,,,,,,,,,
2026-07-05T19:01:47.137899+00:00,2026-07-05T19:01:47.137826,2,2,161.3,0.2,161.2,150,160.9,100,,,,,,,,,,,,,,,,,161.4,100,161.7,150,,,,,,,,,,,,,,,,
2026-07-05T19:01:47.143042+00:00,2026-07-05T19:01:47.142994,3,2,161.3,0.2,161.2,150,160.9,100,160.5,8,,,,,,,,,,,,,,,161.4,100,161.7,150,,,,,,,,,,,,,,,,
2026-07-05T19:01:47.658799+00:00,2026-07-05T19:01:47.658675,3,2,161.3,0.2,161.2,150,160.9,100,160.7,8,,,,,,,,,,,,,,,161.4,100,161.7,150,,,,,,,,,,,,,,,,
2026-07-05T19:01:47.778866+00:00,2026-07-05T19:01:47.778838,2,1,161.15,0.5,160.9,100,160.7,8,,,,,,,,,,,,,,,,,161.4,100,,,,,,,,,,,,,,,,,,
2026-07-05T19:01:47.834819+00:00,2026-07-05T19:01:47.834721,3,1,161.35,0.1,161.3,150,160.9,100,160.7,8,,,,,,,,,,,,,,,161.4,100,,,,,,,,,,,,,,,,,,
2026-07-05T19:01:47.885770+00:00,2026-07-05T19:01:47.885698,3,2,161.35,0.1,161.3,150,160.9,100,160.7,8,,,,,,,,,,,,,,,161.4,100,161.8,150,,,,,,,,,,,,,,,,
2026-07-05T19:01:49.160709+00:00,2026-07-05T19:01:49.160585,2,2,161.35,0.1,161.3,150,160.9,100,,,,,,,,,,,,,,,,,161.4,100,161.8,150,,,,,,,,,,,,,,,,
2026-07-05T19:01:49.197462+00:00,2026-07-05T19:01:49.197298,3,2,161.35,0.1,161.3,150,160.9,100,160.5,8,,,,,,,,,,,,,,,161.4,100,161.8,150,,,,,,,,,,,,,,,,
2026-07-05T19:01:50.111425+00:00,2026-07-05T19:01:50.111332,2,1,161.55,0.5,161.3,150,160.5,8,,,,,,,,,,,,,,,,,161.8,150,,,,,,,,,,,,,,,,,,
2026-07-05T19:01:50.157629+00:00,2026-07-05T19:01:50.157807,3,1,161.55,0.5,161.3,150,160.8,100,160.5,8,,,,,,,,,,,,,,,161.8,150,,,,,,,,,,,,,,,,,,
2026-07-05T19:01:50.204505+00:00,2026-07-05T19:01:50.204483,3,1,161.55,0.5,161.3,150,160.8,100,160.4,8,,,,,,,,,,,,,,,161.8,150,,,,,,,,,,,,,,,,,,
2026-07-05T19:01:50.220177+00:00,2026-07-05T19:01:50.220093,3,1,161.55,0.5,161.3,50,160.8,100,160.4,8,,,,,,,,,,,,,,,161.8,150,,,,,,,,,,,,,,,,,,
2026-07-05T19:01:50.541849+00:00,2026-07-05T19:01:50.541799,2,1,161.3,1.0,160.8,100,160.4,8,,,,,,,,,,,,,,,,,161.8,150,,,,,,,,,,,,,,,,,,
2026-07-05T19:01:50.940981+00:00,2026-07-05T19:01:50.940871,2,0,,,160.8,100,160.4,8,,,,,,,,,,,,,,,,,,,,,,,,,,,,,,,,,,,,
2026-07-05T19:01:51.005897+00:00,2026-07-05T19:01:51.005782,3,0,,,160.8,100,160.6,150,160.4,8,,,,,,,,,,,,,,,,,,,,,,,,,,,,,,,,,,
2026-07-05T19:01:51.067889+00:00,2026-07-05T19:01:51.062285,3,1,160.95,0.3,160.8,100,160.6,150,160.4,8,,,,,,,,,,,,,,,161.1,127,,,,,,,,,,,,,,,,,,
2026-07-05T19:01:51.214597+00:00,2026-07-05T19:01:51.214480,3,1,160.95,0.3,160.8,100,160.6,150,160.5,8,,,,,,,,,,,,,,,161.1,127,,,,,,,,,,,,,,,,,,
2026-07-05T19:01:51.507386+00:00,2026-07-05T19:01:51.507341,3,1,160.95,0.3,160.8,100,160.6,150,160.5,8,,,,,,,,,,,,,,,161.1,83,,,,,,,,,,,,,,,,,,
2026-07-05T19:01:52.649258+00:00,2026-07-05T19:01:52.649233,3,1,160.95,0.3,160.8,50,160.6,150,160.5,8,,,,,,,,,,,,,,,161.1,83,,,,,,,,,,,,,,,,,,
2026-07-05T19:01:53.270600+00:00,2026-07-05T19:01:53.270499,2,1,160.85,0.5,160.6,150,160.5,8,,,,,,,,,,,,,,,,,161.1,83,,,,,,,,,,,,,,,,,,
2026-07-05T19:01:53.328164+00:00,2026-07-05T19:01:53.328084,3,0,,,161.1,17,160.6,150,160.5,8,,,,,,,,,,,,,,,,,,,,,,,,,,,,,,,,,,
2026-07-05T19:01:53.407386+00:00,2026-07-05T19:01:53.407360,3,1,161.35,0.5,161.1,17,160.6,150,160.5,8,,,,,,,,,,,,,,,161.6,100,,,,,,,,,,,,,,,,,,
2026-07-05T19:01:53.472527+00:00,2026-07-05T19:01:53.472475,2,1,161.35,0.5,161.1,17,160.6,150,,,,,,,,,,,,,,,,,161.6,100,,,,,,,,,,,,,,,,,,
2026-07-05T19:01:53.477552+00:00,2026-07-05T19:01:53.477630,3,1,161.35,0.5,161.1,17,160.6,150,160.5,8,,,,,,,,,,,,,,,161.6,100,,,,,,,,,,,,,,,,,,
2026-07-05T19:01:54.113473+00:00,2026-07-05T19:01:54.113418,2,1,161.35,0.5,161.1,17,160.5,8,,,,,,,,,,,,,,,,,161.6,100,,,,,,,,,,,,,,,,,,
2026-07-05T19:01:54.158667+00:00,2026-07-05T19:01:54.157454,2,1,161.35,0.5,161.1,167,160.5,8,,,,,,,,,,,,,,,,,161.6,100,,,,,,,,,,,,,,,,,,
2026-07-05T19:01:54.219676+00:00,2026-07-05T19:01:54.219805,2,1,161.35,0.5,161.1,167,160.5,8,,,,,,,,,,,,,,,,,161.6,250,,,,,,,,,,,,,,,,,,
2026-07-05T19:01:54.235743+00:00,2026-07-05T19:01:54.235677,2,1,161.35,0.5,161.1,167,160.6,8,,,,,,,,,,,,,,,,,161.6,250,,,,,,,,,,,,,,,,,,
2026-07-05T19:01:54.764579+00:00,2026-07-05T19:01:54.764466,1,1,161.35,0.5,161.1,167,,,,,,,,,,,,,,,,,,,161.6,250,,,,,,,,,,,,,,,,,,
2026-07-05T19:01:54.769895+00:00,2026-07-05T19:01:54.769775,1,1,161.35,0.5,161.1,117,,,,,,,,,,,,,,,,,,,161.6,250,,,,,,,,,,,,,,,,,,
2026-07-05T19:01:54.775117+00:00,2026-07-05T19:01:54.774978,2,1,161.35,0.5,161.1,117,160.5,8,,,,,,,,,,,,,,,,,161.6,250,,,,,,,,,,,,,,,,,,
2026-07-05T19:01:55.488926+00:00,2026-07-05T19:01:55.484072,2,1,161.35,0.5,161.1,105,160.5,8,,,,,,,,,,,,,,,,,161.6,250,,,,,,,,,,,,,,,,,,
2026-07-05T19:01:55.532249+00:00,2026-07-05T19:01:55.532128,2,1,161.35,0.5,161.1,105,160.3,8,,,,,,,,,,,,,,,,,161.6,250,,,,,,,,,,,,,,,,,,
2026-07-05T19:01:55.732985+00:00,2026-07-05T19:01:55.733141,2,1,161.35,0.5,161.1,60,160.3,8,,,,,,,,,,,,,,,,,161.6,250,,,,,,,,,,,,,,,,,,
2026-07-05T19:01:56.485063+00:00,2026-07-05T19:01:56.484872,2,1,161.35,0.5,161.1,60,160.3,8,,,,,,,,,,,,,,,,,161.6,150,,,,,,,,,,,,,,,,,,
2026-07-05T19:01:56.539727+00:00,2026-07-05T19:01:56.539629,3,1,161.35,0.5,161.1,60,160.5,100,160.3,8,,,,,,,,,,,,,,,161.6,150,,,,,,,,,,,,,,,,,,
2026-07-05T19:01:56.593918+00:00,2026-07-05T19:01:56.593868,2,2,160.75,0.5,160.5,100,160.3,8,,,,,,,,,,,,,,,,,161.0,40,161.6,150,,,,,,,,,,,,,,,,
2026-07-05T19:01:56.787979+00:00,2026-07-05T19:01:56.787903,1,2,160.75,0.5,160.5,100,,,,,,,,,,,,,,,,,,,161.0,40,161.6,150,,,,,,,,,,,,,,,,
2026-07-05T19:01:56.793113+00:00,2026-07-05T19:01:56.793079,2,2,160.75,0.5,160.5,100,160.3,8,,,,,,,,,,,,,,,,,161.0,40,161.6,150,,,,,,,,,,,,,,,,
2026-07-05T19:01:56.875671+00:00,2026-07-05T19:01:56.875593,2,2,160.75,0.5,160.5,50,160.3,8,,,,,,,,,,,,,,,,,161.0,40,161.6,150,,,,,,,,,,,,,,,,
2026-07-05T19:01:57.269808+00:00,2026-07-05T19:01:57.269751,2,1,160.75,0.5,160.5,50,160.3,8,,,,,,,,,,,,,,,,,161.0,40,,,,,,,,,,,,,,,,,,
2026-07-05T19:01:57.299421+00:00,2026-07-05T19:01:57.299357,2,1,160.75,0.5,160.5,50,160.4,8,,,,,,,,,,,,,,,,,161.0,40,,,,,,,,,,,,,,,,,,
2026-07-05T19:01:57.324646+00:00,2026-07-05T19:01:57.324615,2,1,160.75,0.5,160.5,50,160.4,158,,,,,,,,,,,,,,,,,161.0,40,,,,,,,,,,,,,,,,,,
2026-07-05T19:01:57.385213+00:00,2026-07-05T19:01:57.379038,2,2,160.7,0.4,160.5,50,160.4,158,,,,,,,,,,,,,,,,,160.9,138,161.0,40,,,,,,,,,,,,,,,,
2026-07-05T19:01:57.415992+00:00,2026-07-05T19:01:57.416206,2,2,160.7,0.4,160.5,50,160.4,158,,,,,,,,,,,,,,,,,160.9,97,161.0,40,,,,,,,,,,,,,,,,
2026-07-05T19:01:58.105569+00:00,2026-07-05T19:01:58.099771,2,2,160.7,0.4,160.5,50,160.4,158,,,,,,,,,,,,,,,,,160.9,83,161.0,40,,,,,,,,,,,,,,,,
2026-07-05T19:01:58.983029+00:00,2026-07-05T19:01:58.982994,1,2,160.65,0.5,160.4,158,,,,,,,,,,,,,,,,,,,160.9,83,161.0,40,,,,,,,,,,,,,,,,
2026-07-05T19:01:59.658596+00:00,2026-07-05T19:01:59.651881,1,1,160.65,0.5,160.4,158,,,,,,,,,,,,,,,,,,,160.9,83,,,,,,,,,,,,,,,,,,
2026-07-05T19:01:59.705235+00:00,2026-07-05T19:01:59.705146,2,1,160.8,0.2,160.7,100,160.4,158,,,,,,,,,,,,,,,,,160.9,83,,,,,,,,,,,,,,,,,,
2026-07-05T19:01:59.758619+00:00,2026-07-05T19:01:59.758337,2,2,160.8,0.2,160.7,100,160.4,158,,,,,,,,,,,,,,,,,160.9,83,161.2,100,,,,,,,,,,,,,,,,
2026-07-05T19:02:00.074260+00:00,2026-07-05T19:02:00.074381,3,2,160.8,0.2,160.7,100,160.5,8,160.4,150,,,,,,,,,,,,,,,160.9,83,161.2,100,,,,,,,,,,,,,,,,
2026-07-05T19:02:00.430264+00:00,2026-07-05T19:02:00.430232,2,1,160.95,0.5,160.7,100,160.5,8,,,,,,,,,,,,,,,,,161.2,100,,,,,,,,,,,,,,,,,,
2026-07-05T19:02:00.482627+00:00,2026-07-05T19:02:00.482479,3,1,161.05,0.3,160.9,150,160.7,100,160.5,8,,,,,,,,,,,,,,,161.2,100,,,,,,,,,,,,,,,,,,
2026-07-05T19:02:00.535793+00:00,2026-07-05T19:02:00.535941,3,2,161.05,0.3,160.9,150,160.7,100,160.5,8,,,,,,,,,,,,,,,161.2,100,161.4,150,,,,,,,,,,,,,,,,
2026-07-05T19:02:00.578680+00:00,2026-07-05T19:02:00.578610,2,2,161.05,0.3,160.9,150,160.7,100,,,,,,,,,,,,,,,,,161.2,100,161.4,150,,,,,,,,,,,,,,,,
2026-07-05T19:02:00.583831+00:00,2026-07-05T19:02:00.583789,3,2,161.05,0.3,160.9,150,160.7,100,160.5,8,,,,,,,,,,,,,,,161.2,100,161.4,150,,,,,,,,,,,,,,,,
2026-07-05T19:02:01.008248+00:00,2026-07-05T19:02:01.008442,3,2,161.05,0.3,160.9,105,160.7,100,160.5,8,,,,,,,,,,,,,,,161.2,100,161.4,150,,,,,,,,,,,,,,,,
2026-07-05T19:02:01.091922+00:00,2026-07-05T19:02:01.091764,3,2,161.05,0.3,160.9,55,160.7,100,160.5,8,,,,,,,,,,,,,,,161.2,100,161.4,150,,,,,,,,,,,,,,,,
2026-07-05T19:02:01.513469+00:00,2026-07-05T19:02:01.513374,3,2,161.05,0.3,160.9,10,160.7,100,160.5,8,,,,,,,,,,,,,,,161.2,100,161.4,150,,,,,,,,,,,,,,,,
2026-07-05T19:02:02.808674+00:00,2026-07-05T19:02:02.808571,2,1,161.15,0.5,160.9,10,160.5,8,,,,,,,,,,,,,,,,,161.4,150,,,,,,,,,,,,,,,,,,
2026-07-05T19:02:02.843830+00:00,2026-07-05T19:02:02.843949,2,1,161.15,0.5,160.9,10,160.4,8,,,,,,,,,,,,,,,,,161.4,150,,,,,,,,,,,,,,,,,,
2026-07-05T19:02:02.866122+00:00,2026-07-05T19:02:02.866033,3,1,161.15,0.5,160.9,10,160.6,100,160.4,8,,,,,,,,,,,,,,,161.4,150,,,,,,,,,,,,,,,,,,
2026-07-05T19:02:02.920357+00:00,2026-07-05T19:02:02.920297,3,2,161.0,0.2,160.9,10,160.6,100,160.4,8,,,,,,,,,,,,,,,161.1,100,161.4,150,,,,,,,,,,,,,,,,
2026-07-05T19:02:03.198880+00:00,2026-07-05T19:02:03.198744,2,2,160.85,0.5,160.6,60,160.4,8,,,,,,,,,,,,,,,,,161.1,100,161.4,150,,,,,,,,,,,,,,,,
2026-07-05T19:02:03.351521+00:00,2026-07-05T19:02:03.351637,2,2,160.85,0.5,160.6,60,160.4,8,,,,,,,,,,,,,,,,,161.1,100,161.4,150,,,,,,,,,,,,,,,,
2026-07-05T19:02:03.593482+00:00,2026-07-05T19:02:03.593611,2,1,160.85,0.5,160.6,60,160.4,8,,,,,,,,,,,,,,,,,161.1,100,,,,,,,,,,,,,,,,,,
2026-07-05T19:02:03.658550+00:00,2026-07-05T19:02:03.654066,3,1,160.85,0.5,160.6,60,160.4,8,160.2,150,,,,,,,,,,,,,,,161.1,100,,,,,,,,,,,,,,,,,,
2026-07-05T19:02:03.713637+00:00,2026-07-05T19:02:03.713560,3,2,160.65,0.1,160.6,60,160.4,8,160.2,150,,,,,,,,,,,,,,,160.7,150,161.1,100,,,,,,,,,,,,,,,,
2026-07-05T19:02:03.859911+00:00,2026-07-05T19:02:03.859840,2,2,160.65,0.1,160.6,60,160.2,150,,,,,,,,,,,,,,,,,160.7,150,161.1,100,,,,,,,,,,,,,,,,
2026-07-05T19:02:03.865118+00:00,2026-07-05T19:02:03.864997,3,2,160.65,0.1,160.6,60,160.5,8,160.2,150,,,,,,,,,,,,,,,160.7,150,161.1,100,,,,,,,,,,,,,,,,
2026-07-05T19:02:05.123946+00:00,2026-07-05T19:02:05.123840,2,2,160.65,0.1,160.6,60,160.2,150,,,,,,,,,,,,,,,,,160.7,150,161.1,100,,,,,,,,,,,,,,,,
2026-07-05T19:02:05.129115+00:00,2026-07-05T19:02:05.129084,3,2,160.65,0.1,160.6,60,160.3,8,160.2,150,,,,,,,,,,,,,,,160.7,150,161.1,100,,,,,,,,,,,,,,,,
2026-07-05T19:02:05.306946+00:00,2026-07-05T19:02:05.306819,3,2,160.65,0.1,160.6,10,160.3,8,160.2,150,,,,,,,,,,,,,,,160.7,150,161.1,100,,,,,,,,,,,,,,,,
2026-07-05T19:02:05.710715+00:00,2026-07-05T19:02:05.710603,3,2,160.65,0.1,160.6,10,160.3,8,160.2,150,,,,,,,,,,,,,,,160.7,109,161.1,100,,,,,,,,,,,,,,,,
2026-07-05T19:02:05.975042+00:00,2026-07-05T19:02:05.975178,2,1,160.5,0.4,160.3,8,160.2,150,,,,,,,,,,,,,,,,,160.7,109,,,,,,,,,,,,,,,,,,
2026-07-05T19:02:06.029245+00:00,2026-07-05T19:02:06.029144,2,1,160.5,0.4,160.3,108,160.2,150,,,,,,,,,,,,,,,,,160.7,109,,,,,,,,,,,,,,,,,,
2026-07-05T19:02:06.082187+00:00,2026-07-05T19:02:06.082054,2,2,160.5,0.4,160.3,108,160.2,150,,,,,,,,,,,,,,,,,160.7,109,160.8,100,,,,,,,,,,,,,,,,
2026-07-05T19:02:06.767158+00:00,2026-07-05T19:02:06.767060,1,1,160.55,0.5,160.3,108,,,,,,,,,,,,,,,,,,,160.8,100,,,,,,,,,,,,,,,,,,
2026-07-05T19:02:06.822395+00:00,2026-07-05T19:02:06.822297,1,1,160.55,0.5,160.3,258,,,,,,,,,,,,,,,,,,,160.8,100,,,,,,,,,,,,,,,,,,
2026-07-05T19:02:06.875749+00:00,2026-07-05T19:02:06.875576,1,1,160.55,0.5,160.3,258,,,,,,,,,,,,,,,,,,,160.8,250,,,,,,,,,,,,,,,,,,
2026-07-05T19:02:07.114743+00:00,2026-07-05T19:02:07.114673,1,1,160.55,0.5,160.3,258,,,,,,,,,,,,,,,,,,,160.8,205,,,,,,,,,,,,,,,,,,
2026-07-05T19:02:07.417194+00:00,2026-07-05T19:02:07.417137,1,1,160.55,0.5,160.3,208,,,,,,,,,,,,,,,,,,,160.8,205,,,,,,,,,,,,,,,,,,
2026-07-05T19:02:07.639713+00:00,2026-07-05T19:02:07.639633,2,1,160.55,0.5,160.3,208,160.2,8,,,,,,,,,,,,,,,,,160.8,205,,,,,,,,,,,,,,,,,,
2026-07-05T19:02:07.644954+00:00,2026-07-05T19:02:07.644794,2,2,160.5,0.4,160.3,208,160.2,8,,,,,,,,,,,,,,,,,160.7,8,160.8,205,,,,,,,,,,,,,,,,
2026-07-05T19:02:09.158595+00:00,2026-07-05T19:02:09.157145,2,2,160.5,0.4,160.3,150,160.2,8,,,,,,,,,,,,,,,,,160.7,8,160.8,150,,,,,,,,,,,,,,,,
2026-07-05T19:02:09.213373+00:00,2026-07-05T19:02:09.213301,2,2,160.5,0.4,160.3,150,160.2,108,,,,,,,,,,,,,,,,,160.7,8,160.8,150,,,,,,,,,,,,,,,,
2026-07-05T19:02:09.258648+00:00,2026-07-05T19:02:09.258229,2,2,160.5,0.4,160.3,150,160.2,108,,,,,,,,,,,,,,,,,160.7,108,160.8,150,,,,,,,,,,,,,,,,
2026-07-05T19:02:09.525656+00:00,2026-07-05T19:02:09.525736,2,2,160.5,0.4,160.3,100,160.2,108,,,,,,,,,,,,,,,,,160.7,108,160.8,150,,,,,,,,,,,,,,,,
2026-07-05T19:02:09.907422+00:00,2026-07-05T19:02:09.907343,2,2,160.5,0.4,160.3,100,160.2,100,,,,,,,,,,,,,,,,,160.7,100,160.8,150,,,,,,,,,,,,,,,,
2026-07-05T19:02:09.912650+00:00,2026-07-05T19:02:09.912529,3,2,160.55,0.3,160.4,8,160.3,100,160.2,100,,,,,,,,,,,,,,,160.7,100,160.8,158,,,,,,,,,,,,,,,,
2026-07-05T19:02:09.927910+00:00,2026-07-05T19:02:09.928028,2,2,160.55,0.3,160.4,8,160.2,100,,,,,,,,,,,,,,,,,160.7,100,160.8,8,,,,,,,,,,,,,,,,
2026-07-05T19:02:09.981525+00:00,2026-07-05T19:02:09.981445,2,2,160.55,0.3,160.4,8,160.2,250,,,,,,,,,,,,,,,,,160.7,100,160.8,8,,,,,,,,,,,,,,,,
2026-07-05T19:02:10.033920+00:00,2026-07-05T19:02:10.033807,2,2,160.55,0.3,160.4,8,160.2,250,,,,,,,,,,,,,,,,,160.7,250,160.8,8,,,,,,,,,,,,,,,,
2026-07-05T19:02:10.723972+00:00,2026-07-05T19:02:10.723900,2,2,160.55,0.3,160.4,8,160.2,250,,,,,,,,,,,,,,,,,160.7,201,160.8,8,,,,,,,,,,,,,,,,
2026-07-05T19:02:11.585251+00:00,2026-07-05T19:02:11.585107,2,2,160.55,0.3,160.4,8,160.2,250,,,,,,,,,,,,,,,,,160.7,151,160.8,8,,,,,,,,,,,,,,,,
2026-07-05T19:02:12.318418+00:00,2026-07-05T19:02:12.318325,2,2,160.55,0.3,160.4,8,160.2,250,,,,,,,,,,,,,,,,,160.7,150,160.8,8,,,,,,,,,,,,,,,,
2026-07-05T19:02:12.323593+00:00,2026-07-05T19:02:12.323476,2,2,160.55,0.3,160.4,8,160.2,150,,,,,,,,,,,,,,,,,160.7,150,160.8,8,,,,,,,,,,,,,,,,
2026-07-05T19:02:12.378197+00:00,2026-07-05T19:02:12.378082,3,2,160.65,0.1,160.6,100,160.4,8,160.2,150,,,,,,,,,,,,,,,160.7,150,160.8,8,,,,,,,,,,,,,,,,
2026-07-05T19:02:12.431130+00:00,2026-07-05T19:02:12.431307,3,3,160.65,0.1,160.6,100,160.4,8,160.2,150,,,,,,,,,,,,,,,160.7,150,160.8,8,161.1,100,,,,,,,,,,,,,,
2026-07-05T19:02:12.675556+00:00,2026-07-05T19:02:12.675464,2,3,160.65,0.1,160.6,100,160.2,150,,,,,,,,,,,,,,,,,160.7,150,160.8,8,161.1,100,,,,,,,,,,,,,,
2026-07-05T19:02:12.680757+00:00,2026-07-05T19:02:12.680650,2,2,160.65,0.1,160.6,100,160.2,150,,,,,,,,,,,,,,,,,160.7,150,161.1,100,,,,,,,,,,,,,,,,
2026-07-05T19:02:12.681735+00:00,2026-07-05T19:02:12.681373,3,2,160.65,0.1,160.6,100,160.3,8,160.2,150,,,,,,,,,,,,,,,160.7,158,161.1,100,,,,,,,,,,,,,,,,
2026-07-05T19:02:13.084624+00:00,2026-07-05T19:02:13.084579,2,2,160.65,0.1,160.6,100,160.3,8,,,,,,,,,,,,,,,,,160.7,8,161.1,100,,,,,,,,,,,,,,,,
2026-07-05T19:02:13.138111+00:00,2026-07-05T19:02:13.137987,3,2,160.65,0.1,160.6,100,160.3,8,160.1,150,,,,,,,,,,,,,,,160.7,8,161.1,100,,,,,,,,,,,,,,,,
2026-07-05T19:02:13.196795+00:00,2026-07-05T19:02:13.196718,2,3,160.45,0.3,160.3,8,160.1,150,,,,,,,,,,,,,,,,,160.6,50,160.7,8,161.1,100,,,,,,,,,,,,,,
2026-07-05T19:02:13.695344+00:00,2026-07-05T19:02:13.695210,2,2,160.5,0.4,160.3,8,160.1,150,,,,,,,,,,,,,,,,,160.7,8,161.1,100,,,,,,,,,,,,,,,,
2026-07-05T19:02:15.491412+00:00,2026-07-05T19:02:15.491327,2,1,160.5,0.4,160.3,8,160.1,150,,,,,,,,,,,,,,,,,160.7,8,,,,,,,,,,,,,,,,,,
2026-07-05T19:02:15.547096+00:00,2026-07-05T19:02:15.547061,3,1,160.5,0.4,160.3,8,160.2,100,160.1,150,,,,,,,,,,,,,,,160.7,8,,,,,,,,,,,,,,,,,,
2026-07-05T19:02:15.573780+00:00,2026-07-05T19:02:15.573636,2,1,160.45,0.5,160.2,59,160.1,150,,,,,,,,,,,,,,,,,160.7,8,,,,,,,,,,,,,,,,,,
2026-07-05T19:02:15.603857+00:00,2026-07-05T19:02:15.603712,2,1,160.45,0.5,160.2,59,160.1,150,,,,,,,,,,,,,,,,,160.7,108,,,,,,,,,,,,,,,,,,
2026-07-05T19:02:15.702059+00:00,2026-07-05T19:02:15.701959,2,1,160.45,0.5,160.2,59,160.1,150,,,,,,,,,,,,,,,,,160.7,100,,,,,,,,,,,,,,,,,,
2026-07-05T19:02:15.707172+00:00,2026-07-05T19:02:15.707146,2,1,160.45,0.5,160.2,67,160.1,150,,,,,,,,,,,,,,,,,160.7,108,,,,,,,,,,,,,,,,,,
2026-07-05T19:02:16.258762+00:00,2026-07-05T19:02:16.258686,1,1,160.45,0.5,160.2,67,,,,,,,,,,,,,,,,,,,160.7,108,,,,,,,,,,,,,,,,,,
2026-07-05T19:02:16.303853+00:00,2026-07-05T19:02:16.303793,2,1,160.65,0.1,160.6,150,160.2,67,,,,,,,,,,,,,,,,,160.7,108,,,,,,,,,,,,,,,,,,
2026-07-05T19:02:16.356614+00:00,2026-07-05T19:02:16.356494,2,2,160.65,0.1,160.6,150,160.2,67,,,,,,,,,,,,,,,,,160.7,108,161.1,150,,,,,,,,,,,,,,,,
2026-07-05T19:02:17.976423+00:00,2026-07-05T19:02:17.976341,2,2,160.65,0.1,160.6,100,160.2,67,,,,,,,,,,,,,,,,,160.7,108,161.1,150,,,,,,,,,,,,,,,,
2026-07-05T19:02:18.231628+00:00,2026-07-05T19:02:18.231525,2,2,160.65,0.1,160.6,55,160.2,67,,,,,,,,,,,,,,,,,160.7,108,161.1,150,,,,,,,,,,,,,,,,
2026-07-05T19:02:18.653073+00:00,2026-07-05T19:02:18.652997,2,2,160.65,0.1,160.6,55,160.2,67,,,,,,,,,,,,,,,,,160.7,8,161.1,150,,,,,,,,,,,,,,,,
2026-07-05T19:02:18.658600+00:00,2026-07-05T19:02:18.658187,2,2,160.65,0.1,160.6,55,160.2,8,,,,,,,,,,,,,,,,,160.7,8,161.1,150,,,,,,,,,,,,,,,,
2026-07-05T19:02:18.712682+00:00,2026-07-05T19:02:18.712573,3,2,160.65,0.1,160.6,55,160.2,8,160.1,100,,,,,,,,,,,,,,,160.7,8,161.1,150,,,,,,,,,,,,,,,,
2026-07-05T19:02:18.766555+00:00,2026-07-05T19:02:18.766448,2,3,160.4,0.4,160.2,8,160.1,100,,,,,,,,,,,,,,,,,160.6,45,160.7,8,161.1,150,,,,,,,,,,,,,,
2026-07-05T19:02:19.408654+00:00,2026-07-05T19:02:19.408501,2,2,160.4,0.4,160.2,8,160.1,100,,,,,,,,,,,,,,,,,160.6,45,160.7,8,,,,,,,,,,,,,,,,
2026-07-05T19:02:19.458578+00:00,2026-07-05T19:02:19.454264,2,2,160.4,0.4,160.2,158,160.1,100,,,,,,,,,,,,,,,,,160.6,45,160.7,8,,,,,,,,,,,,,,,,
2026-07-05T19:02:19.515995+00:00,2026-07-05T19:02:19.515948,2,2,160.4,0.4,160.2,158,160.1,100,,,,,,,,,,,,,,,,,160.6,45,160.7,158,,,,,,,,,,,,,,,,
2026-07-05T19:02:20.115747+00:00,2026-07-05T19:02:20.115609,2,2,160.4,0.4,160.2,108,160.1,100,,,,,,,,,,,,,,,,,160.6,45,160.7,158,,,,,,,,,,,,,,,,
2026-07-05T19:02:20.398733+00:00,2026-07-05T19:02:20.386392,2,2,160.4,0.4,160.2,108,160.1,100,,,,,,,,,,,,,,,,,160.6,42,160.7,158,,,,,,,,,,,,,,,,
2026-07-05T19:02:21.403804+00:00,2026-07-05T19:02:21.403731,2,2,160.4,0.4,160.2,108,160.1,100,,,,,,,,,,,,,,,,,160.6,42,160.7,150,,,,,,,,,,,,,,,,
2026-07-05T19:02:21.472605+00:00,2026-07-05T19:02:21.472569,3,2,160.45,0.3,160.3,8,160.2,108,160.1,100,,,,,,,,,,,,,,,160.6,42,160.7,158,,,,,,,,,,,,,,,,
2026-07-05T19:02:21.558593+00:00,2026-07-05T19:02:21.554362,3,2,160.45,0.3,160.3,8,160.2,108,160.1,100,,,,,,,,,,,,,,,160.6,1,160.7,158,,,,,,,,,,,,,,,,
2026-07-05T19:02:21.736011+00:00,2026-07-05T19:02:21.735934,2,2,160.4,0.4,160.2,108,160.1,100,,,,,,,,,,,,,,,,,160.6,1,160.7,150,,,,,,,,,,,,,,,,
2026-07-05T19:02:21.741169+00:00,2026-07-05T19:02:21.741130,3,3,160.5,0.2,160.4,8,160.2,108,160.1,100,,,,,,,,,,,,,,,160.6,1,160.7,150,161.1,8,,,,,,,,,,,,,,
2026-07-05T19:02:21.823098+00:00,2026-07-05T19:02:21.823048,2,2,160.55,0.3,160.4,8,160.2,108,,,,,,,,,,,,,,,,,160.7,150,161.1,8,,,,,,,,,,,,,,,,
2026-07-05T19:02:21.874241+00:00,2026-07-05T19:02:21.874133,3,2,160.65,0.1,160.6,100,160.4,8,160.2,108,,,,,,,,,,,,,,,160.7,150,161.1,8,,,,,,,,,,,,,,,,
2026-07-05T19:02:21.930843+00:00,2026-07-05T19:02:21.930934,3,2,160.65,0.1,160.6,100,160.4,8,160.2,108,,,,,,,,,,,,,,,160.7,150,161.1,108,,,,,,,,,,,,,,,,
2026-07-05T19:02:22.234085+00:00,2026-07-05T19:02:22.234179,3,2,160.65,0.1,160.6,50,160.4,8,160.2,108,,,,,,,,,,,,,,,160.7,150,161.1,108,,,,,,,,,,,,,,,,
2026-07-05T19:02:22.250672+00:00,2026-07-05T19:02:22.250598,2,2,160.65,0.1,160.6,50,160.2,108,,,,,,,,,,,,,,,,,160.7,150,161.1,100,,,,,,,,,,,,,,,,
2026-07-05T19:02:22.258556+00:00,2026-07-05T19:02:22.255906,2,3,160.65,0.1,160.6,50,160.2,108,,,,,,,,,,,,,,,,,160.7,142,161.1,100,161.2,8,,,,,,,,,,,,,,
2026-07-05T19:02:22.572422+00:00,2026-07-05T19:02:22.572356,1,2,160.85,0.5,160.6,50,,,,,,,,,,,,,,,,,,,161.1,100,161.2,8,,,,,,,,,,,,,,,,
2026-07-05T19:02:22.626873+00:00,2026-07-05T19:02:22.626976,2,2,160.85,0.5,160.6,50,160.1,150,,,,,,,,,,,,,,,,,161.1,100,161.2,8,,,,,,,,,,,,,,,,
2026-07-05T19:02:22.680888+00:00,2026-07-05T19:02:22.680733,1,3,160.35,0.5,160.1,150,,,,,,,,,,,,,,,,,,,160.6,100,161.1,100,161.2,8,,,,,,,,,,,,,,
2026-07-05T19:02:22.774819+00:00,2026-07-05T19:02:22.774757,2,2,160.4,0.4,160.2,8,160.1,150,,,,,,,,,,,,,,,,,160.6,100,161.1,100,,,,,,,,,,,,,,,,
2026-07-05T19:02:22.780064+00:00,2026-07-05T19:02:22.779944,2,3,160.4,0.4,160.2,8,160.1,150,,,,,,,,,,,,,,,,,160.6,100,161.1,100,161.2,8,,,,,,,,,,,,,,
2026-07-05T19:02:23.266808+00:00,2026-07-05T19:02:23.266752,1,3,160.35,0.5,160.1,112,,,,,,,,,,,,,,,,,,,160.6,100,161.1,100,161.2,8,,,,,,,,,,,,,,
2026-07-05T19:02:23.285735+00:00,2026-07-05T19:02:23.285988,2,2,160.4,0.4,160.2,8,160.1,112,,,,,,,,,,,,,,,,,160.6,100,161.1,100,,,,,,,,,,,,,,,,
2026-07-05T19:02:23.291265+00:00,2026-07-05T19:02:23.291198,2,2,160.4,0.4,160.2,8,160.1,112,,,,,,,,,,,,,,,,,160.6,100,161.1,108,,,,,,,,,,,,,,,,
2026-07-05T19:02:24.325096+00:00,2026-07-05T19:02:24.324985,2,2,160.4,0.4,160.2,8,160.1,112,,,,,,,,,,,,,,,,,160.6,57,161.1,108,,,,,,,,,,,,,,,,
2026-07-05T19:02:24.985689+00:00,2026-07-05T19:02:24.985624,2,2,160.4,0.4,160.2,8,160.1,112,,,,,,,,,,,,,,,,,160.6,57,161.1,8,,,,,,,,,,,,,,,,
2026-07-05T19:02:25.034870+00:00,2026-07-05T19:02:25.034827,3,2,160.5,0.2,160.4,100,160.2,8,160.1,112,,,,,,,,,,,,,,,160.6,57,161.1,8,,,,,,,,,,,,,,,,
2026-07-05T19:02:25.056148+00:00,2026-07-05T19:02:25.056078,2,1,160.5,0.2,160.4,100,160.1,112,,,,,,,,,,,,,,,,,160.6,57,,,,,,,,,,,,,,,,,,
2026-07-05T19:02:25.061390+00:00,2026-07-05T19:02:25.061245,3,1,160.55,0.1,160.5,8,160.4,100,160.1,112,,,,,,,,,,,,,,,160.6,57,,,,,,,,,,,,,,,,,,
2026-07-05T19:02:25.066746+00:00,2026-07-05T19:02:25.066572,3,2,160.55,0.1,160.5,8,160.4,100,160.1,112,,,,,,,,,,,,,,,160.6,57,161.2,8,,,,,,,,,,,,,,,,
2026-07-05T19:02:25.087636+00:00,2026-07-05T19:02:25.087504,3,3,160.55,0.1,160.5,8,160.4,100,160.1,112,,,,,,,,,,,,,,,160.6,57,160.9,100,161.2,8,,,,,,,,,,,,,,
2026-07-05T19:02:25.323128+00:00,2026-07-05T19:02:25.322998,2,3,160.5,0.2,160.4,59,160.1,112,,,,,,,,,,,,,,,,,160.6,57,160.9,100,161.2,8,,,,,,,,,,,,,,
2026-07-05T19:02:25.736887+00:00,2026-07-05T19:02:25.736814,1,2,160.65,0.5,160.4,59,,,,,,,,,,,,,,,,,,,160.9,100,161.2,8,,,,,,,,,,,,,,,,
2026-07-05T19:02:25.792245+00:00,2026-07-05T19:02:25.792176,2,2,160.65,0.5,160.4,59,160.3,150,,,,,,,,,,,,,,,,,160.9,100,161.2,8,,,,,,,,,,,,,,,,
2026-07-05T19:02:25.829025+00:00,2026-07-05T19:02:25.828978,3,1,160.7,0.4,160.5,8,160.4,59,160.3,150,,,,,,,,,,,,,,,160.9,100,,,,,,,,,,,,,,,,,,
2026-07-05T19:02:25.834171+00:00,2026-07-05T19:02:25.834137,3,2,160.7,0.4,160.5,8,160.4,59,160.3,150,,,,,,,,,,,,,,,160.9,100,161.1,8,,,,,,,,,,,,,,,,
2026-07-05T19:02:25.844972+00:00,2026-07-05T19:02:25.844845,3,3,160.65,0.3,160.5,8,160.4,59,160.3,150,,,,,,,,,,,,,,,160.8,150,160.9,100,161.1,8,,,,,,,,,,,,,,
2026-07-05T19:02:26.396755+00:00,2026-07-05T19:02:26.396639,3,3,160.65,0.3,160.5,8,160.4,59,160.3,150,,,,,,,,,,,,,,,160.8,100,160.9,100,161.1,8,,,,,,,,,,,,,,
2026-07-05T19:02:28.145570+00:00,2026-07-05T19:02:28.145395,3,2,160.65,0.3,160.5,8,160.4,59,160.3,150,,,,,,,,,,,,,,,160.8,100,161.1,8,,,,,,,,,,,,,,,,
2026-07-05T19:02:28.158706+00:00,2026-07-05T19:02:28.158637,2,2,160.65,0.3,160.5,8,160.3,150,,,,,,,,,,,,,,,,,160.8,100,161.1,8,,,,,,,,,,,,,,,,
2026-07-05T19:02:28.202876+00:00,2026-07-05T19:02:28.202768,3,2,160.65,0.3,160.5,8,160.3,150,160.1,100,,,,,,,,,,,,,,,160.8,100,161.1,8,,,,,,,,,,,,,,,,
2026-07-05T19:02:28.258625+00:00,2026-07-05T19:02:28.256207,3,3,160.55,0.1,160.5,8,160.3,150,160.1,100,,,,,,,,,,,,,,,160.6,100,160.8,100,161.1,8,,,,,,,,,,,,,,
2026-07-05T19:02:28.898233+00:00,2026-07-05T19:02:28.898119,2,2,160.55,0.1,160.5,8,160.1,100,,,,,,,,,,,,,,,,,160.6,100,161.1,8,,,,,,,,,,,,,,,,
2026-07-05T19:02:28.952108+00:00,2026-07-05T19:02:28.951979,3,1,160.85,0.5,160.6,50,160.5,8,160.1,100,,,,,,,,,,,,,,,161.1,8,,,,,,,,,,,,,,,,,,
2026-07-05T19:02:29.006298+00:00,2026-07-05T19:02:29.006221,3,1,160.85,0.5,160.6,50,160.5,8,160.1,100,,,,,,,,,,,,,,,161.1,158,,,,,,,,,,,,,,,,,,
2026-07-05T19:02:29.096123+00:00,2026-07-05T19:02:29.095915,2,1,160.85,0.5,160.6,50,160.1,100,,,,,,,,,,,,,,,,,161.1,158,,,,,,,,,,,,,,,,,,
2026-07-05T19:02:29.122397+00:00,2026-07-05T19:02:29.122339,2,1,160.85,0.5,160.6,50,160.1,100,,,,,,,,,,,,,,,,,161.1,150,,,,,,,,,,,,,,,,,,
2026-07-05T19:02:29.127428+00:00,2026-07-05T19:02:29.127540,3,2,160.9,0.4,160.7,8,160.6,50,160.1,100,,,,,,,,,,,,,,,161.1,150,161.2,8,,,,,,,,,,,,,,,,
2026-07-05T19:02:29.414495+00:00,2026-07-05T19:02:29.414433,3,2,160.9,0.4,160.7,8,160.6,50,160.1,100,,,,,,,,,,,,,,,161.1,108,161.2,8,,,,,,,,,,,,,,,,
2026-07-05T19:02:30.711483+00:00,2026-07-05T19:02:30.711417,2,2,160.85,0.5,160.6,8,160.1,100,,,,,,,,,,,,,,,,,161.1,108,161.2,8,,,,,,,,,,,,,,,,
2026-07-05T19:02:31.310047+00:00,2026-07-05T19:02:31.309933,1,2,160.85,0.5,160.6,8,,,,,,,,,,,,,,,,,,,161.1,108,161.2,8,,,,,,,,,,,,,,,,
2026-07-05T19:02:31.358613+00:00,2026-07-05T19:02:31.357879,2,2,160.85,0.5,160.6,8,160.5,100,,,,,,,,,,,,,,,,,161.1,108,161.2,8,,,,,,,,,,,,,,,,
2026-07-05T19:02:31.417498+00:00,2026-07-05T19:02:31.417660,2,3,160.8,0.4,160.6,8,160.5,100,,,,,,,,,,,,,,,,,161.0,100,161.1,108,161.2,8,,,,,,,,,,,,,,
2026-07-05T19:02:32.058540+00:00,2026-07-05T19:02:32.058077,1,2,160.75,0.5,160.5,100,,,,,,,,,,,,,,,,,,,161.0,100,161.2,8,,,,,,,,,,,,,,,,
2026-07-05T19:02:32.110110+00:00,2026-07-05T19:02:32.109990,2,2,160.75,0.5,160.5,100,160.2,150,,,,,,,,,,,,,,,,,161.0,100,161.2,8,,,,,,,,,,,,,,,,
2026-07-05T19:02:32.147349+00:00,2026-07-05T19:02:32.147207,2,1,160.75,0.5,160.5,100,160.2,150,,,,,,,,,,,,,,,,,161.0,100,,,,,,,,,,,,,,,,,,
2026-07-05T19:02:32.185210+00:00,2026-07-05T19:02:32.185044,3,2,160.65,0.1,160.6,8,160.5,100,160.2,150,,,,,,,,,,,,,,,160.7,150,161.0,100,,,,,,,,,,,,,,,,
2026-07-05T19:02:32.206068+00:00,2026-07-05T19:02:32.205954,3,3,160.65,0.1,160.6,8,160.5,100,160.2,150,,,,,,,,,,,,,,,160.7,150,161.0,100,161.1,8,,,,,,,,,,,,,,
2026-07-05T19:02:32.463668+00:00,2026-07-05T19:02:32.463936,2,2,160.6,0.2,160.5,100,160.2,150,,,,,,,,,,,,,,,,,160.7,150,161.0,100,,,,,,,,,,,,,,,,
2026-07-05T19:02:32.469241+00:00,2026-07-05T19:02:32.469125,3,2,160.65,0.1,160.6,8,160.5,100,160.2,150,,,,,,,,,,,,,,,160.7,150,161.0,100,,,,,,,,,,,,,,,,
2026-07-05T19:02:32.474414+00:00,2026-07-05T19:02:32.474295,3,2,160.65,0.1,160.6,8,160.5,100,160.2,150,,,,,,,,,,,,,,,160.7,150,161.0,108,,,,,,,,,,,,,,,,
2026-07-05T19:02:32.831679+00:00,2026-07-05T19:02:32.831928,2,2,160.6,0.2,160.5,58,160.2,150,,,,,,,,,,,,,,,,,160.7,150,161.0,108,,,,,,,,,,,,,,,,
2026-07-05T19:02:33.737290+00:00,2026-07-05T19:02:33.737165,2,2,160.6,0.2,160.5,66,160.2,150,,,,,,,,,,,,,,,,,160.7,150,161.0,100,,,,,,,,,,,,,,,,
2026-07-05T19:02:33.742400+00:00,2026-07-05T19:02:33.742329,2,2,160.6,0.2,160.5,66,160.2,150,,,,,,,,,,,,,,,,,160.7,150,161.0,108,,,,,,,,,,,,,,,,
2026-07-05T19:02:33.952056+00:00,2026-07-05T19:02:33.952142,2,2,160.6,0.2,160.5,66,160.2,150,,,,,,,,,,,,,,,,,160.7,101,161.0,108,,,,,,,,,,,,,,,,
2026-07-05T19:02:34.474439+00:00,2026-07-05T19:02:34.474359,2,2,160.6,0.2,160.5,8,160.2,150,,,,,,,,,,,,,,,,,160.7,101,161.0,8,,,,,,,,,,,,,,,,
2026-07-05T19:02:34.527941+00:00,2026-07-05T19:02:34.527828,3,2,160.6,0.2,160.5,8,160.3,100,160.2,150,,,,,,,,,,,,,,,160.7,101,161.0,8,,,,,,,,,,,,,,,,
2026-07-05T19:02:34.585866+00:00,2026-07-05T19:02:34.585789,3,3,160.6,0.2,160.5,8,160.3,100,160.2,150,,,,,,,,,,,,,,,160.7,101,160.8,100,161.0,8,,,,,,,,,,,,,,
2026-07-05T19:02:34.940210+00:00,2026-07-05T19:02:34.940115,2,3,160.5,0.4,160.3,58,160.2,150,,,,,,,,,,,,,,,,,160.7,101,160.8,100,161.0,8,,,,,,,,,,,,,,
2026-07-05T19:02:35.229888+00:00,2026-07-05T19:02:35.229838,2,2,160.55,0.5,160.3,58,160.2,150,,,,,,,,,,,,,,,,,160.8,100,161.0,8,,,,,,,,,,,,,,,,
2026-07-05T19:02:35.235118+00:00,2026-07-05T19:02:35.234978,1,2,160.55,0.5,160.3,58,,,,,,,,,,,,,,,,,,,160.8,100,161.0,8,,,,,,,,,,,,,,,,
2026-07-05T19:02:35.289301+00:00,2026-07-05T19:02:35.289230,1,2,160.55,0.5,160.3,208,,,,,,,,,,,,,,,,,,,160.8,100,161.0,8,,,,,,,,,,,,,,,,
2026-07-05T19:02:35.342520+00:00,2026-07-05T19:02:35.342400,1,2,160.55,0.5,160.3,208,,,,,,,,,,,,,,,,,,,160.8,250,161.0,8,,,,,,,,,,,,,,,,
2026-07-05T19:02:35.938692+00:00,2026-07-05T19:02:35.938556,1,2,160.55,0.5,160.3,161,,,,,,,,,,,,,,,,,,,160.8,250,161.0,8,,,,,,,,,,,,,,,,
2026-07-05T19:02:37.070027+00:00,2026-07-05T19:02:37.069920,1,2,160.55,0.5,160.3,111,,,,,,,,,,,,,,,,,,,160.8,250,161.0,8,,,,,,,,,,,,,,,,
2026-07-05T19:02:37.508897+00:00,2026-07-05T19:02:37.508839,1,1,160.55,0.5,160.3,111,,,,,,,,,,,,,,,,,,,160.8,250,,,,,,,,,,,,,,,,,,
2026-07-05T19:02:37.514195+00:00,2026-07-05T19:02:37.514076,1,1,160.55,0.5,160.3,119,,,,,,,,,,,,,,,,,,,160.8,250,,,,,,,,,,,,,,,,,,
2026-07-05T19:02:37.519180+00:00,2026-07-05T19:02:37.519265,1,1,160.55,0.5,160.3,119,,,,,,,,,,,,,,,,,,,160.8,258,,,,,,,,,,,,,,,,,,
2026-07-05T19:02:37.642406+00:00,2026-07-05T19:02:37.642310,1,1,160.55,0.5,160.3,119,,,,,,,,,,,,,,,,,,,160.8,158,,,,,,,,,,,,,,,,,,
2026-07-05T19:02:37.697687+00:00,2026-07-05T19:02:37.690552,2,1,160.55,0.5,160.3,119,159.7,100,,,,,,,,,,,,,,,,,160.8,158,,,,,,,,,,,,,,,,,,
2026-07-05T19:02:37.747661+00:00,2026-07-05T19:02:37.747593,2,1,160.55,0.5,160.3,19,159.7,100,,,,,,,,,,,,,,,,,160.8,158,,,,,,,,,,,,,,,,,,
2026-07-05T19:02:38.394779+00:00,2026-07-05T19:02:38.394696,2,1,160.55,0.5,160.3,8,159.7,100,,,,,,,,,,,,,,,,,160.8,8,,,,,,,,,,,,,,,,,,
2026-07-05T19:02:38.450398+00:00,2026-07-05T19:02:38.450360,3,1,160.55,0.5,160.3,8,159.7,100,159.5,150,,,,,,,,,,,,,,,160.8,8,,,,,,,,,,,,,,,,,,
2026-07-05T19:02:38.504394+00:00,2026-07-05T19:02:38.504557,2,2,159.8,0.2,159.7,100,159.5,150,,,,,,,,,,,,,,,,,159.9,142,160.8,8,,,,,,,,,,,,,,,,
2026-07-05T19:02:38.515296+00:00,2026-07-05T19:02:38.508958,2,2,159.8,0.2,159.7,100,159.5,150,,,,,,,,,,,,,,,,,159.9,108,160.8,8,,,,,,,,,,,,,,,,
2026-07-05T19:02:38.535898+00:00,2026-07-05T19:02:38.535822,3,2,159.85,0.1,159.8,8,159.7,100,159.5,150,,,,,,,,,,,,,,,159.9,108,160.7,8,,,,,,,,,,,,,,,,
2026-07-05T19:02:38.772650+00:00,2026-07-05T19:02:38.767327,3,2,159.85,0.1,159.8,8,159.7,100,159.5,150,,,,,,,,,,,,,,,159.9,96,160.7,8,,,,,,,,,,,,,,,,
2026-07-05T19:02:40.800115+00:00,2026-07-05T19:02:40.800072,2,2,159.85,0.1,159.8,8,159.5,150,,,,,,,,,,,,,,,,,159.9,96,160.7,8,,,,,,,,,,,,,,,,
2026-07-05T19:02:40.858601+00:00,2026-07-05T19:02:40.853189,3,1,160.35,0.7,160.0,4,159.8,8,159.5,150,,,,,,,,,,,,,,,160.7,8,,,,,,,,,,,,,,,,,,
2026-07-05T19:02:40.906910+00:00,2026-07-05T19:02:40.906851,3,2,160.25,0.5,160.0,4,159.8,8,159.5,150,,,,,,,,,,,,,,,160.5,100,160.7,8,,,,,,,,,,,,,,,,
2026-07-05T19:02:41.017001+00:00,2026-07-05T19:02:41.017090,3,2,160.25,0.5,160.0,4,159.8,8,159.5,150,,,,,,,,,,,,,,,160.5,51,160.7,8,,,,,,,,,,,,,,,,
2026-07-05T19:02:41.046347+00:00,2026-07-05T19:02:41.046520,2,1,160.25,0.5,160.0,4,159.5,150,,,,,,,,,,,,,,,,,160.5,51,,,,,,,,,,,,,,,,,,
2026-07-05T19:02:41.061792+00:00,2026-07-05T19:02:41.055341,2,2,160.25,0.5,160.0,4,159.5,150,,,,,,,,,,,,,,,,,160.5,51,160.6,8,,,,,,,,,,,,,,,,
2026-07-05T19:02:41.077396+00:00,2026-07-05T19:02:41.077250,1,2,160.0,1.0,159.5,150,,,,,,,,,,,,,,,,,,,160.5,51,160.6,8,,,,,,,,,,,,,,,,
2026-07-05T19:02:41.558624+00:00,2026-07-05T19:02:41.555295,0,2,,,,,,,,,,,,,,,,,,,,,,,160.5,51,160.6,8,,,,,,,,,,,,,,,,
2026-07-05T19:02:41.622805+00:00,2026-07-05T19:02:41.617422,1,2,160.25,0.5,160.0,146,,,,,,,,,,,,,,,,,,,160.5,51,160.6,8,,,,,,,,,,,,,,,,
2026-07-05T19:02:41.666398+00:00,2026-07-05T19:02:41.666334,1,2,160.25,0.5,160.0,146,,,,,,,,,,,,,,,,,,,160.5,201,160.6,8,,,,,,,,,,,,,,,,
2026-07-05T19:02:43.104137+00:00,2026-07-05T19:02:43.104105,1,2,160.25,0.5,160.0,98,,,,,,,,,,,,,,,,,,,160.5,201,160.6,8,,,,,,,,,,,,,,,,
2026-07-05T19:02:43.965474+00:00,2026-07-05T19:02:43.965363,1,2,160.25,0.5,160.0,98,,,,,,,,,,,,,,,,,,,160.5,150,160.6,8,,,,,,,,,,,,,,,,
2026-07-05T19:02:44.019497+00:00,2026-07-05T19:02:44.013891,2,2,160.25,0.5,160.0,87,159.8,100,,,,,,,,,,,,,,,,,160.5,150,160.6,8,,,,,,,,,,,,,,,,
2026-07-05T19:02:44.070993+00:00,2026-07-05T19:02:44.071142,2,2,160.15,0.3,160.0,87,159.8,100,,,,,,,,,,,,,,,,,160.3,100,160.5,150,,,,,,,,,,,,,,,,
2026-07-05T19:02:44.076429+00:00,2026-07-05T19:02:44.076329,2,3,160.15,0.3,160.0,95,159.8,100,,,,,,,,,,,,,,,,,160.3,100,160.4,8,160.5,150,,,,,,,,,,,,,,
2026-07-05T19:02:44.222784+00:00,2026-07-05T19:02:44.222658,2,3,160.15,0.3,160.0,48,159.8,100,,,,,,,,,,,,,,,,,160.3,100,160.4,8,160.5,150,,,,,,,,,,,,,,
2026-07-05T19:02:44.720397+00:00,2026-07-05T19:02:44.720528,2,2,160.15,0.3,160.0,8,159.8,100,,,,,,,,,,,,,,,,,160.3,100,160.4,8,,,,,,,,,,,,,,,,
2026-07-05T19:02:44.774971+00:00,2026-07-05T19:02:44.774849,3,2,160.15,0.3,160.0,8,159.8,100,159.5,150,,,,,,,,,,,,,,,160.3,100,160.4,8,,,,,,,,,,,,,,,,
2026-07-05T19:02:44.827623+00:00,2026-07-05T19:02:44.827572,2,3,159.9,0.2,159.8,100,159.5,150,,,,,,,,,,,,,,,,,160.0,142,160.3,100,160.4,8,,,,,,,,,,,,,,
2026-07-05T19:02:45.341785+00:00,2026-07-05T19:02:45.341742,3,2,159.95,0.1,159.9,8,159.8,100,159.5,150,,,,,,,,,,,,,,,160.0,142,160.3,100,,,,,,,,,,,,,,,,
2026-07-05T19:02:45.347063+00:00,2026-07-05T19:02:45.346946,3,3,159.95,0.1,159.9,8,159.8,100,159.5,150,,,,,,,,,,,,,,,160.0,142,160.3,100,160.6,8,,,,,,,,,,,,,,
2026-07-05T19:02:45.457595+00:00,2026-07-05T19:02:45.457791,3,3,159.95,0.1,159.9,8,159.8,100,159.5,150,,,,,,,,,,,,,,,160.0,92,160.3,100,160.6,8,,,,,,,,,,,,,,
2026-07-05T19:02:46.648870+00:00,2026-07-05T19:02:46.643558,3,3,159.95,0.1,159.9,8,159.8,100,159.5,150,,,,,,,,,,,,,,,160.0,81,160.3,100,160.6,8,,,,,,,,,,,,,,
2026-07-05T19:02:46.854981+00:00,2026-07-05T19:02:46.855108,2,2,159.9,0.2,159.8,100,159.5,150,,,,,,,,,,,,,,,,,160.0,81,160.3,100,,,,,,,,,,,,,,,,
2026-07-05T19:02:46.860189+00:00,2026-07-05T19:02:46.860328,2,2,159.9,0.2,159.8,100,159.5,150,,,,,,,,,,,,,,,,,160.0,73,160.3,100,,,,,,,,,,,,,,,,
2026-07-05T19:02:46.865603+00:00,2026-07-05T19:02:46.865512,2,3,159.9,0.2,159.8,100,159.5,150,,,,,,,,,,,,,,,,,160.0,73,160.3,100,160.7,8,,,,,,,,,,,,,,
2026-07-05T19:02:47.120905+00:00,2026-07-05T19:02:47.120860,2,2,159.9,0.2,159.8,100,159.5,150,,,,,,,,,,,,,,,,,160.0,73,160.7,8,,,,,,,,,,,,,,,,
2026-07-05T19:02:47.126103+00:00,2026-07-05T19:02:47.126032,1,2,159.75,0.5,159.5,150,,,,,,,,,,,,,,,,,,,160.0,73,160.7,8,,,,,,,,,,,,,,,,
2026-07-05T19:02:47.179696+00:00,2026-07-05T19:02:47.179580,2,1,160.35,0.7,160.0,27,159.5,150,,,,,,,,,,,,,,,,,160.7,8,,,,,,,,,,,,,,,,,,
2026-07-05T19:02:47.233318+00:00,2026-07-05T19:02:47.233192,2,2,160.25,0.5,160.0,27,159.5,150,,,,,,,,,,,,,,,,,160.5,100,160.7,8,,,,,,,,,,,,,,,,
2026-07-05T19:02:47.896886+00:00,2026-07-05T19:02:47.896849,1,2,160.25,0.5,160.0,27,,,,,,,,,,,,,,,,,,,160.5,100,160.7,8,,,,,,,,,,,,,,,,
2026-07-05T19:02:47.954595+00:00,2026-07-05T19:02:47.948843,2,2,160.45,0.1,160.4,139,160.0,27,,,,,,,,,,,,,,,,,160.5,100,160.7,8,,,,,,,,,,,,,,,,
2026-07-05T19:02:48.003982+00:00,2026-07-05T19:02:48.003867,2,3,160.45,0.1,160.4,139,160.0,27,,,,,,,,,,,,,,,,,160.5,100,160.7,8,160.9,150,,,,,,,,,,,,,,
2026-07-05T19:02:48.126970+00:00,2026-07-05T19:02:48.126900,2,2,160.45,0.1,160.4,147,160.0,27,,,,,,,,,,,,,,,,,160.5,100,160.9,150,,,,,,,,,,,,,,,,
2026-07-05T19:02:48.132109+00:00,2026-07-05T19:02:48.132064,2,3,160.45,0.1,160.4,147,160.0,27,,,,,,,,,,,,,,,,,160.5,100,160.8,8,160.9,150,,,,,,,,,,,,,,
2026-07-05T19:02:49.777598+00:00,2026-07-05T19:02:49.777477,2,3,160.45,0.1,160.4,97,160.0,27,,,,,,,,,,,,,,,,,160.5,100,160.8,8,160.9,150,,,,,,,,,,,,,,
2026-07-05T19:02:50.287348+00:00,2026-07-05T19:02:50.287318,1,2,160.6,0.4,160.4,97,,,,,,,,,,,,,,,,,,,160.8,8,160.9,150,,,,,,,,,,,,,,,,
2026-07-05T19:02:50.341358+00:00,2026-07-05T19:02:50.341239,2,2,160.6,0.4,160.4,97,159.9,100,,,,,,,,,,,,,,,,,160.8,8,160.9,150,,,,,,,,,,,,,,,,
2026-07-05T19:02:50.398838+00:00,2026-07-05T19:02:50.398721,1,3,160.15,0.5,159.9,100,,,,,,,,,,,,,,,,,,,160.4,3,160.8,8,160.9,150,,,,,,,,,,,,,,
2026-07-05T19:02:50.643091+00:00,2026-07-05T19:02:50.643028,2,2,160.2,0.4,160.0,8,159.9,100,,,,,,,,,,,,,,,,,160.4,3,160.9,150,,,,,,,,,,,,,,,,
2026-07-05T19:02:50.648251+00:00,2026-07-05T19:02:50.648217,2,2,160.2,0.4,160.0,8,159.9,100,,,,,,,,,,,,,,,,,160.4,3,160.9,158,,,,,,,,,,,,,,,,
2026-07-05T19:02:51.057646+00:00,2026-07-05T19:02:51.057555,2,2,160.2,0.4,160.0,8,159.9,100,,,,,,,,,,,,,,,,,160.4,3,160.9,8,,,,,,,,,,,,,,,,
2026-07-05T19:02:51.112346+00:00,2026-07-05T19:02:51.112213,2,2,160.2,0.4,160.0,8,159.9,250,,,,,,,,,,,,,,,,,160.4,3,160.9,8,,,,,,,,,,,,,,,,
2026-07-05T19:02:51.165823+00:00,2026-07-05T19:02:51.165697,2,2,160.2,0.4,160.0,8,159.9,250,,,,,,,,,,,,,,,,,160.4,153,160.9,8,,,,,,,,,,,,,,,,
2026-07-05T19:02:51.884779+00:00,2026-07-05T19:02:51.884684,1,2,160.15,0.5,159.9,208,,,,,,,,,,,,,,,,,,,160.4,153,160.9,8,,,,,,,,,,,,,,,,
2026-07-05T19:02:53.452386+00:00,2026-07-05T19:02:53.452226,1,2,160.15,0.5,159.9,150,,,,,,,,,,,,,,,,,,,160.4,150,160.9,8,,,,,,,,,,,,,,,,
2026-07-05T19:02:53.507472+00:00,2026-07-05T19:02:53.507380,2,2,160.25,0.3,160.1,100,159.9,150,,,,,,,,,,,,,,,,,160.4,150,160.9,8,,,,,,,,,,,,,,,,
2026-07-05T19:02:53.558603+00:00,2026-07-05T19:02:53.554922,2,3,160.25,0.3,160.1,100,159.9,150,,,,,,,,,,,,,,,,,160.4,150,160.6,100,160.9,8,,,,,,,,,,,,,,
2026-07-05T19:02:53.670450+00:00,2026-07-05T19:02:53.670408,2,3,160.25,0.3,160.1,100,159.9,150,,,,,,,,,,,,,,,,,160.4,150,160.6,100,160.9,8,,,,,,,,,,,,,,
2026-07-05T19:02:53.936208+00:00,2026-07-05T19:02:53.936117,2,3,160.25,0.3,160.1,100,159.9,150,,,,,,,,,,,,,,,,,160.4,100,160.6,100,160.9,8,,,,,,,,,,,,,,
2026-07-05T19:02:54.220730+00:00,2026-07-05T19:02:54.220855,1,2,160.35,0.5,160.1,100,,,,,,,,,,,,,,,,,,,160.6,100,160.9,8,,,,,,,,,,,,,,,,
2026-07-05T19:02:54.277452+00:00,2026-07-05T19:02:54.277369,1,2,160.35,0.5,160.1,250,,,,,,,,,,,,,,,,,,,160.6,100,160.9,8,,,,,,,,,,,,,,,,
2026-07-05T19:02:54.330770+00:00,2026-07-05T19:02:54.330648,1,2,160.35,0.5,160.1,250,,,,,,,,,,,,,,,,,,,160.6,250,160.9,8,,,,,,,,,,,,,,,,
2026-07-05T19:02:54.679805+00:00,2026-07-05T19:02:54.679735,1,2,160.35,0.5,160.1,250,,,,,,,,,,,,,,,,,,,160.6,250,161.2,8,,,,,,,,,,,,,,,,
2026-07-05T19:02:54.980631+00:00,2026-07-05T19:02:54.980490,1,2,160.35,0.5,160.1,250,,,,,,,,,,,,,,,,,,,160.6,207,161.2,8,,,,,,,,,,,,,,,,
2026-07-05T19:02:55.185603+00:00,2026-07-05T19:02:55.185531,1,1,160.35,0.5,160.1,250,,,,,,,,,,,,,,,,,,,160.6,207,,,,,,,,,,,,,,,,,,
2026-07-05T19:02:55.190783+00:00,2026-07-05T19:02:55.190688,1,2,160.35,0.5,160.1,250,,,,,,,,,,,,,,,,,,,160.6,207,161.3,8,,,,,,,,,,,,,,,,
2026-07-05T19:02:55.942536+00:00,2026-07-05T19:02:55.942449,1,1,160.35,0.5,160.1,250,,,,,,,,,,,,,,,,,,,160.6,207,,,,,,,,,,,,,,,,,,
2026-07-05T19:02:55.947728+00:00,2026-07-05T19:02:55.947612,1,2,160.35,0.5,160.1,250,,,,,,,,,,,,,,,,,,,160.6,207,161.1,8,,,,,,,,,,,,,,,,
2026-07-05T19:02:56.613852+00:00,2026-07-05T19:02:56.613755,1,2,160.35,0.5,160.1,150,,,,,,,,,,,,,,,,,,,160.6,150,161.1,8,,,,,,,,,,,,,,,,
2026-07-05T19:02:56.668271+00:00,2026-07-05T19:02:56.668226,2,2,160.45,0.3,160.3,100,160.1,150,,,,,,,,,,,,,,,,,160.6,150,161.1,8,,,,,,,,,,,,,,,,
2026-07-05T19:02:56.703415+00:00,2026-07-05T19:02:56.703359,2,1,160.45,0.3,160.3,100,160.1,150,,,,,,,,,,,,,,,,,160.6,150,,,,,,,,,,,,,,,,,,
2026-07-05T19:02:56.708611+00:00,2026-07-05T19:02:56.708534,2,2,160.45,0.3,160.3,100,160.1,150,,,,,,,,,,,,,,,,,160.6,150,161.0,8,,,,,,,,,,,,,,,,
2026-07-05T19:02:56.722211+00:00,2026-07-05T19:02:56.722147,2,3,160.45,0.3,160.3,100,160.1,150,,,,,,,,,,,,,,,,,160.6,150,160.8,100,161.0,8,,,,,,,,,,,,,,
2026-07-05T19:02:57.385843+00:00,2026-07-05T19:02:57.385731,1,2,160.55,0.5,160.3,100,,,,,,,,,,,,,,,,,,,160.8,100,161.0,8,,,,,,,,,,,,,,,,
2026-07-05T19:02:57.441263+00:00,2026-07-05T19:02:57.441072,2,2,160.55,0.5,160.3,100,160.2,150,,,,,,,,,,,,,,,,,160.8,100,161.0,8,,,,,,,,,,,,,,,,
2026-07-05T19:02:57.504107+00:00,2026-07-05T19:02:57.503955,2,3,160.5,0.4,160.3,100,160.2,150,,,,,,,,,,,,,,,,,160.7,150,160.8,100,161.0,8,,,,,,,,,,,,,,
2026-07-05T19:02:59.776346+00:00,2026-07-05T19:02:59.776258,1,2,160.45,0.5,160.2,150,,,,,,,,,,,,,,,,,,,160.7,150,161.0,8,,,,,,,,,,,,,,,,
2026-07-05T19:02:59.831802+00:00,2026-07-05T19:02:59.831728,2,2,160.55,0.3,160.4,100,160.2,150,,,,,,,,,,,,,,,,,160.7,150,161.0,8,,,,,,,,,,,,,,,,
2026-07-05T19:02:59.885589+00:00,2026-07-05T19:02:59.885502,2,3,160.55,0.3,160.4,100,160.2,150,,,,,,,,,,,,,,,,,160.7,150,160.9,100,161.0,8,,,,,,,,,,,,,,
2026-07-05T19:02:59.996093+00:00,2026-07-05T19:02:59.996008,2,2,160.55,0.3,160.4,100,160.2,150,,,,,,,,,,,,,,,,,160.7,150,160.9,100,,,,,,,,,,,,,,,,
2026-07-05T19:03:00.001332+00:00,2026-07-05T19:03:00.001225,2,3,160.55,0.3,160.4,100,160.2,150,,,,,,,,,,,,,,,,,160.7,150,160.9,100,161.2,8,,,,,,,,,,,,,,
2026-07-05T19:03:00.254962+00:00,2026-07-05T19:03:00.254865,2,3,160.55,0.3,160.4,100,160.2,150,,,,,,,,,,,,,,,,,160.7,100,160.9,100,161.2,8,,,,,,,,,,,,,,
2026-07-05T19:03:00.290996+00:00,2026-07-05T19:03:00.290885,2,3,160.55,0.3,160.4,100,160.2,150,,,,,,,,,,,,,,,,,160.7,56,160.9,100,161.2,8,,,,,,,,,,,,,,
2026-07-05T19:03:00.507613+00:00,2026-07-05T19:03:00.507512,2,3,160.55,0.3,160.4,100,160.2,150,,,,,,,,,,,,,,,,,160.7,56,160.9,100,161.3,8,,,,,,,,,,,,,,
2026-07-05T19:03:00.558540+00:00,2026-07-05T19:03:00.555413,1,2,160.65,0.5,160.4,100,,,,,,,,,,,,,,,,,,,160.9,100,161.3,8,,,,,,,,,,,,,,,,
2026-07-05T19:03:00.613883+00:00,2026-07-05T19:03:00.613785,2,2,160.8,0.2,160.7,150,160.4,100,,,,,,,,,,,,,,,,,160.9,100,161.3,8,,,,,,,,,,,,,,,,
2026-07-05T19:03:00.668867+00:00,2026-07-05T19:03:00.663022,2,3,160.8,0.2,160.7,138,160.4,100,,,,,,,,,,,,,,,,,160.9,100,161.2,150,161.3,8,,,,,,,,,,,,,,
2026-07-05T19:03:00.765364+00:00,2026-07-05T19:03:00.765313,2,2,160.8,0.2,160.7,138,160.4,100,,,,,,,,,,,,,,,,,160.9,100,161.2,158,,,,,,,,,,,,,,,,
2026-07-05T19:03:02.025887+00:00,2026-07-05T19:03:02.026048,2,3,160.8,0.2,160.7,138,160.4,100,,,,,,,,,,,,,,,,,160.9,100,161.1,8,161.2,150,,,,,,,,,,,,,,
2026-07-05T19:03:02.358708+00:00,2026-07-05T19:03:02.353396,2,3,160.8,0.2,160.7,138,160.4,100,,,,,,,,,,,,,,,,,160.9,50,161.1,8,161.2,150,,,,,,,,,,,,,,
2026-07-05T19:03:02.940529+00:00,2026-07-05T19:03:02.940724,1,2,160.9,0.4,160.7,138,,,,,,,,,,,,,,,,,,,161.1,8,161.2,150,,,,,,,,,,,,,,,,
2026-07-05T19:03:02.995419+00:00,2026-07-05T19:03:02.995579,2,2,160.9,0.4,160.7,138,160.5,100,,,,,,,,,,,,,,,,,161.1,8,161.2,150,,,,,,,,,,,,,,,,
2026-07-05T19:03:03.043422+00:00,2026-07-05T19:03:03.043498,2,3,160.85,0.3,160.7,138,160.5,100,,,,,,,,,,,,,,,,,161.0,100,161.1,8,161.2,150,,,,,,,,,,,,,,
2026-07-05T19:03:03.721912+00:00,2026-07-05T19:03:03.721787,2,2,160.85,0.3,160.7,138,160.5,100,,,,,,,,,,,,,,,,,161.0,100,161.1,8,,,,,,,,,,,,,,,,
2026-07-05T19:03:03.727046+00:00,2026-07-05T19:03:03.726949,1,2,160.75,0.5,160.5,100,,,,,,,,,,,,,,,,,,,161.0,100,161.1,8,,,,,,,,,,,,,,,,
2026-07-05T19:03:03.780789+00:00,2026-07-05T19:03:03.780949,2,2,160.85,0.3,160.7,150,160.5,100,,,,,,,,,,,,,,,,,161.0,100,161.1,8,,,,,,,,,,,,,,,,
2026-07-05T19:03:03.786269+00:00,2026-07-05T19:03:03.786177,2,2,160.85,0.3,160.7,150,160.5,100,,,,,,,,,,,,,,,,,161.0,100,161.3,8,,,,,,,,,,,,,,,,
2026-07-05T19:03:03.833865+00:00,2026-07-05T19:03:03.833969,2,3,160.85,0.3,160.7,150,160.5,100,,,,,,,,,,,,,,,,,161.0,100,161.2,150,161.3,8,,,,,,,,,,,,,,
2026-07-05T19:03:04.490640+00:00,2026-07-05T19:03:04.490572,2,3,160.85,0.3,160.7,150,160.5,100,,,,,,,,,,,,,,,,,161.0,50,161.2,150,161.3,8,,,,,,,,,,,,,,
2026-07-05T19:03:04.545587+00:00,2026-07-05T19:03:04.545503,2,2,160.85,0.3,160.7,150,160.5,100,,,,,,,,,,,,,,,,,161.0,50,161.2,150,,,,,,,,,,,,,,,,
2026-07-05T19:03:04.550843+00:00,2026-07-05T19:03:04.550738,2,3,160.85,0.3,160.7,150,160.5,100,,,,,,,,,,,,,,,,,161.0,50,161.2,150,161.4,8,,,,,,,,,,,,,,
2026-07-05T19:03:06.101134+00:00,2026-07-05T19:03:06.101316,1,2,160.95,0.5,160.7,150,,,,,,,,,,,,,,,,,,,161.2,150,161.4,8,,,,,,,,,,,,,,,,
2026-07-05T19:03:06.158646+00:00,2026-07-05T19:03:06.155656,2,2,161.05,0.3,160.9,100,160.7,150,,,,,,,,,,,,,,,,,161.2,150,161.4,8,,,,,,,,,,,,,,,,
2026-07-05T19:03:06.209045+00:00,2026-07-05T19:03:06.208979,2,2,161.05,0.3,160.9,100,160.7,150,,,,,,,,,,,,,,,,,161.2,150,161.4,108,,,,,,,,,,,,,,,,
2026-07-05T19:03:06.307938+00:00,2026-07-05T19:03:06.308141,2,2,161.05,0.3,160.9,100,160.7,150,,,,,,,,,,,,,,,,,161.2,150,161.4,100,,,,,,,,,,,,,,,,
2026-07-05T19:03:06.313432+00:00,2026-07-05T19:03:06.313307,2,3,161.05,0.3,160.9,100,160.7,150,,,,,,,,,,,,,,,,,161.2,150,161.4,100,161.5,8,,,,,,,,,,,,,,
2026-07-05T19:03:06.602295+00:00,2026-07-05T19:03:06.602239,2,3,161.05,0.3,160.9,100,160.7,150,,,,,,,,,,,,,,,,,161.2,100,161.4,100,161.5,8,,,,,,,,,,,,,,
2026-07-05T19:03:06.889143+00:00,2026-07-05T19:03:06.889079,1,2,161.15,0.5,160.9,100,,,,,,,,,,,,,,,,,,,161.4,100,161.5,8,,,,,,,,,,,,,,,,
2026-07-05T19:03:06.943837+00:00,2026-07-05T19:03:06.943749,2,2,161.25,0.3,161.1,150,160.9,100,,,,,,,,,,,,,,,,,161.4,100,161.5,8,,,,,,,,,,,,,,,,
2026-07-05T19:03:06.996606+00:00,2026-07-05T19:03:06.996533,2,3,161.25,0.3,161.1,150,160.9,100,,,,,,,,,,,,,,,,,161.4,100,161.5,8,161.6,150,,,,,,,,,,,,,,
2026-07-05T19:03:07.069725+00:00,2026-07-05T19:03:07.069619,2,2,161.25,0.3,161.1,150,160.9,100,,,,,,,,,,,,,,,,,161.4,100,161.6,158,,,,,,,,,,,,,,,,
2026-07-05T19:03:07.214754+00:00,2026-07-05T19:03:07.214636,2,2,161.25,0.3,161.1,108,160.9,100,,,,,,,,,,,,,,,,,161.4,100,161.6,158,,,,,,,,,,,,,,,,
2026-07-05T19:03:07.829390+00:00,2026-07-05T19:03:07.829546,2,3,161.25,0.3,161.1,108,160.9,100,,,,,,,,,,,,,,,,,161.4,100,161.6,150,161.7,8,,,,,,,,,,,,,,
2026-07-05T19:03:08.682322+00:00,2026-07-05T19:03:08.682188,2,3,161.25,0.3,161.1,108,160.9,100,,,,,,,,,,,,,,,,,161.4,59,161.6,150,161.7,8,,,,,,,,,,,,,,
2026-07-05T19:03:08.711018+00:00,2026-07-05T19:03:08.710935,2,3,161.25,0.3,161.1,108,160.9,100,,,,,,,,,,,,,,,,,161.4,9,161.6,150,161.7,8,,,,,,,,,,,,,,
2026-07-05T19:03:09.096094+00:00,2026-07-05T19:03:09.095879,2,2,161.25,0.3,161.1,108,160.9,100,,,,,,,,,,,,,,,,,161.4,9,161.6,150,,,,,,,,,,,,,,,,
