recv_time,book_timestamp,n_bids,n_asks,mid,spread,bid_px_0,bid_vol_0,bid_px_1,bid_vol_1,bid_px_2,bid_vol_2,bid_px_3,bid_vol_3,bid_px_4,bid_vol_4,bid_px_5,bid_vol_5,bid_px_6,bid_vol_6,bid_px_7,bid_vol_7,bid_px_8,bid_vol_8,bid_px_9,bid_vol_9,ask_px_0,ask_vol_0,ask_px_1,ask_vol_1,ask_px_2,ask_vol_2,ask_px_3,ask_vol_3,ask_px_4,ask_vol_4,ask_px_5,ask_vol_5,ask_px_6,ask_vol_6,ask_px_7,ask_vol_7,ask_px_8,ask_vol_8,ask_px_9,ask_vol_9
2026-07-01T18:00:00.708610+00:00,2026-07-01T18:00:00.541768,2,2,84.7,0.4,84.5,59,84.3,1,,,,,,,,,,,,,,,,,84.9,100,85.0,150,,,,,,,,,,,,,,,,
2026-07-01T18:00:01.097325+00:00,2026-07-01T18:00:01.097219,2,1,84.75,0.5,84.5,59,84.3,1,,,,,,,,,,,,,,,,,85.0,150,,,,,,,,,,,,,,,,,,
2026-07-01T18:00:01.151339+00:00,2026-07-01T18:00:01.151277,3,1,84.75,0.5,84.5,59,84.3,1,84.1,100,,,,,,,,,,,,,,,85.0,150,,,,,,,,,,,,,,,,,,
2026-07-01T18:00:01.203602+00:00,2026-07-01T18:00:01.203520,3,2,84.55,0.1,84.5,59,84.3,1,84.1,100,,,,,,,,,,,,,,,84.6,100,85.0,150,,,,,,,,,,,,,,,,
2026-07-01T18:00:01.234918+00:00,2026-07-01T18:00:01.234877,3,1,84.55,0.1,84.5,59,84.3,1,84.1,100,,,,,,,,,,,,,,,84.6,100,,,,,,,,,,,,,,,,,,
2026-07-01T18:00:01.239956+00:00,2026-07-01T18:00:01.240033,2,1,84.45,0.3,84.3,1,84.1,100,,,,,,,,,,,,,,,,,84.6,100,,,,,,,,,,,,,,,,,,
2026-07-01T18:00:01.292934+00:00,2026-07-01T18:00:01.292833,2,1,84.45,0.3,84.3,1,84.1,250,,,,,,,,,,,,,,,,,84.6,100,,,,,,,,,,,,,,,,,,
2026-07-01T18:00:01.347498+00:00,2026-07-01T18:00:01.347399,2,1,84.45,0.3,84.3,1,84.1,250,,,,,,,,,,,,,,,,,84.6,250,,,,,,,,,,,,,,,,,,
2026-07-01T18:00:01.804287+00:00,2026-07-01T18:00:01.804237,1,1,84.35,0.5,84.1,201,,,,,,,,,,,,,,,,,,,84.6,250,,,,,,,,,,,,,,,,,,
2026-07-01T18:00:02.058652+00:00,2026-07-01T18:00:02.050070,1,1,84.35,0.5,84.1,201,,,,,,,,,,,,,,,,,,,84.6,206,,,,,,,,,,,,,,,,,,
2026-07-01T18:00:03.328617+00:00,2026-07-01T18:00:03.328575,1,1,84.35,0.5,84.1,153,,,,,,,,,,,,,,,,,,,84.6,206,,,,,,,,,,,,,,,,,,
2026-07-01T18:00:03.500115+00:00,2026-07-01T18:00:03.500010,1,1,84.35,0.5,84.1,153,,,,,,,,,,,,,,,,,,,84.6,210,,,,,,,,,,,,,,,,,,
2026-07-01T18:00:03.938615+00:00,2026-07-01T18:00:03.938505,1,1,84.35,0.5,84.1,103,,,,,,,,,,,,,,,,,,,84.6,210,,,,,,,,,,,,,,,,,,
2026-07-01T18:00:04.106687+00:00,2026-07-01T18:00:04.106790,2,1,84.45,0.3,84.3,1,84.1,103,,,,,,,,,,,,,,,,,84.6,210,,,,,,,,,,,,,,,,,,
2026-07-01T18:00:04.254136+00:00,2026-07-01T18:00:04.254246,2,1,84.45,0.3,84.3,1,84.1,103,,,,,,,,,,,,,,,,,84.6,154,,,,,,,,,,,,,,,,,,
2026-07-01T18:00:04.313749+00:00,2026-07-01T18:00:04.313685,3,1,84.45,0.3,84.3,1,84.1,103,83.8,100,,,,,,,,,,,,,,,84.6,154,,,,,,,,,,,,,,,,,,
2026-07-01T18:00:04.366867+00:00,2026-07-01T18:00:04.366780,2,2,84.2,0.2,84.1,103,83.8,100,,,,,,,,,,,,,,,,,84.3,99,84.6,154,,,,,,,,,,,,,,,,
2026-07-01T18:00:04.380458+00:00,2026-07-01T18:00:04.380396,2,2,84.2,0.2,84.1,103,83.8,100,,,,,,,,,,,,,,,,,84.3,49,84.6,154,,,,,,,,,,,,,,,,
2026-07-01T18:00:04.399771+00:00,2026-07-01T18:00:04.399668,1,2,84.05,0.5,83.8,100,,,,,,,,,,,,,,,,,,,84.3,49,84.6,4,,,,,,,,,,,,,,,,
2026-07-01T18:00:04.469804+00:00,2026-07-01T18:00:04.453732,1,2,84.05,0.5,83.8,250,,,,,,,,,,,,,,,,,,,84.3,49,84.6,4,,,,,,,,,,,,,,,,
2026-07-01T18:00:04.491790+00:00,2026-07-01T18:00:04.491870,1,2,84.05,0.5,83.8,250,,,,,,,,,,,,,,,,,,,84.3,48,84.6,4,,,,,,,,,,,,,,,,
2026-07-01T18:00:04.507636+00:00,2026-07-01T18:00:04.507544,1,2,84.05,0.5,83.8,250,,,,,,,,,,,,,,,,,,,84.3,197,84.6,4,,,,,,,,,,,,,,,,
2026-07-01T18:00:04.538994+00:00,2026-07-01T18:00:04.538874,1,2,84.05,0.5,83.8,250,,,,,,,,,,,,,,,,,,,84.3,196,84.6,4,,,,,,,,,,,,,,,,
2026-07-01T18:00:04.558908+00:00,2026-07-01T18:00:04.558772,1,2,84.05,0.5,83.8,250,,,,,,,,,,,,,,,,,,,84.3,195,84.6,4,,,,,,,,,,,,,,,,
2026-07-01T18:00:04.580006+00:00,2026-07-01T18:00:04.579851,1,2,84.05,0.5,83.8,250,,,,,,,,,,,,,,,,,,,84.3,194,84.6,4,,,,,,,,,,,,,,,,
2026-07-01T18:00:04.624206+00:00,2026-07-01T18:00:04.624137,1,2,84.05,0.5,83.8,250,,,,,,,,,,,,,,,,,,,84.3,193,84.6,4,,,,,,,,,,,,,,,,
2026-07-01T18:00:05.026168+00:00,2026-07-01T18:00:05.026035,1,2,84.05,0.5,83.8,250,,,,,,,,,,,,,,,,,,,84.3,151,84.6,4,,,,,,,,,,,,,,,,
2026-07-01T18:00:05.558592+00:00,2026-07-01T18:00:05.551347,1,2,84.05,0.5,83.8,250,,,,,,,,,,,,,,,,,,,84.3,151,84.6,3,,,,,,,,,,,,,,,,
2026-07-01T18:00:06.176803+00:00,2026-07-01T18:00:06.176755,1,2,84.05,0.5,83.8,250,,,,,,,,,,,,,,,,,,,84.3,106,84.6,3,,,,,,,,,,,,,,,,
2026-07-01T18:00:06.542634+00:00,2026-07-01T18:00:06.542698,1,2,84.05,0.5,83.8,250,,,,,,,,,,,,,,,,,,,84.3,106,84.6,2,,,,,,,,,,,,,,,,
2026-07-01T18:00:06.691415+00:00,2026-07-01T18:00:06.649300,2,2,84.25,0.1,84.2,4,83.8,250,,,,,,,,,,,,,,,,,84.3,106,84.6,2,,,,,,,,,,,,,,,,
2026-07-01T18:00:07.420967+00:00,2026-07-01T18:00:07.420836,2,2,84.25,0.1,84.2,4,83.8,150,,,,,,,,,,,,,,,,,84.3,106,84.6,2,,,,,,,,,,,,,,,,
2026-07-01T18:00:07.476486+00:00,2026-07-01T18:00:07.476383,2,2,84.25,0.1,84.2,104,83.8,150,,,,,,,,,,,,,,,,,84.3,106,84.6,2,,,,,,,,,,,,,,,,
2026-07-01T18:00:07.531299+00:00,2026-07-01T18:00:07.531205,2,3,84.25,0.1,84.2,104,83.8,150,,,,,,,,,,,,,,,,,84.3,106,84.6,2,84.7,100,,,,,,,,,,,,,,
2026-07-01T18:00:07.579600+00:00,2026-07-01T18:00:07.579511,2,2,84.4,0.4,84.2,104,83.8,150,,,,,,,,,,,,,,,,,84.6,2,84.7,100,,,,,,,,,,,,,,,,
2026-07-01T18:00:07.584810+00:00,2026-07-01T18:00:07.584673,1,2,84.4,0.4,84.2,104,,,,,,,,,,,,,,,,,,,84.6,2,84.7,100,,,,,,,,,,,,,,,,
2026-07-01T18:00:07.658631+00:00,2026-07-01T18:00:07.636292,2,2,84.4,0.4,84.2,104,84.0,150,,,,,,,,,,,,,,,,,84.6,2,84.7,100,,,,,,,,,,,,,,,,
2026-07-01T18:00:07.673810+00:00,2026-07-01T18:00:07.673680,2,2,84.4,0.4,84.2,104,84.0,150,,,,,,,,,,,,,,,,,84.6,1,84.7,100,,,,,,,,,,,,,,,,
2026-07-01T18:00:07.691771+00:00,2026-07-01T18:00:07.691859,2,3,84.35,0.3,84.2,104,84.0,150,,,,,,,,,,,,,,,,,84.5,150,84.6,1,84.7,100,,,,,,,,,,,,,,
2026-07-01T18:00:07.779583+00:00,2026-07-01T18:00:07.779486,2,3,84.35,0.3,84.2,55,84.0,150,,,,,,,,,,,,,,,,,84.5,150,84.6,1,84.7,100,,,,,,,,,,,,,,
2026-07-01T18:00:08.179952+00:00,2026-07-01T18:00:08.179863,2,3,84.35,0.3,84.2,5,84.0,150,,,,,,,,,,,,,,,,,84.5,150,84.6,1,84.7,100,,,,,,,,,,,,,,
2026-07-01T18:00:10.237874+00:00,2026-07-01T18:00:10.237772,2,2,84.35,0.3,84.2,5,84.0,150,,,,,,,,,,,,,,,,,84.5,100,84.7,100,,,,,,,,,,,,,,,,
2026-07-01T18:00:10.605643+00:00,2026-07-01T18:00:10.605605,1,1,84.25,0.5,84.0,150,,,,,,,,,,,,,,,,,,,84.5,100,,,,,,,,,,,,,,,,,,
2026-07-01T18:00:10.642161+00:00,2026-07-01T18:00:10.647768,2,1,84.25,0.5,84.0,150,83.9,100,,,,,,,,,,,,,,,,,84.5,100,,,,,,,,,,,,,,,,,,
2026-07-01T18:00:10.709248+00:00,2026-07-01T18:00:10.709135,2,2,84.2,0.4,84.0,150,83.9,100,,,,,,,,,,,,,,,,,84.4,100,84.5,100,,,,,,,,,,,,,,,,
2026-07-01T18:00:10.745962+00:00,2026-07-01T18:00:10.745856,1,1,84.15,0.5,83.9,100,,,,,,,,,,,,,,,,,,,84.4,100,,,,,,,,,,,,,,,,,,
2026-07-01T18:00:10.800222+00:00,2026-07-01T18:00:10.800355,2,1,84.3,0.2,84.2,150,83.9,100,,,,,,,,,,,,,,,,,84.4,100,,,,,,,,,,,,,,,,,,
2026-07-01T18:00:10.842915+00:00,2026-07-01T18:00:10.843067,2,1,84.3,0.2,84.2,103,83.9,100,,,,,,,,,,,,,,,,,84.4,100,,,,,,,,,,,,,,,,,,
2026-07-01T18:00:10.858594+00:00,2026-07-01T18:00:10.848245,2,2,84.3,0.2,84.2,103,83.9,100,,,,,,,,,,,,,,,,,84.4,100,84.7,150,,,,,,,,,,,,,,,,
2026-07-01T18:00:12.218724+00:00,2026-07-01T18:00:12.218656,2,2,84.3,0.2,84.2,62,83.9,100,,,,,,,,,,,,,,,,,84.4,100,84.7,150,,,,,,,,,,,,,,,,
2026-07-01T18:00:12.345000+00:00,2026-07-01T18:00:12.344959,2,2,84.3,0.2,84.2,62,83.9,100,,,,,,,,,,,,,,,,,84.4,50,84.7,150,,,,,,,,,,,,,,,,
2026-07-01T18:00:13.264060+00:00,2026-07-01T18:00:13.263907,2,2,84.3,0.2,84.2,62,83.9,100,,,,,,,,,,,,,,,,,84.4,4,84.7,150,,,,,,,,,,,,,,,,
2026-07-01T18:00:13.758594+00:00,2026-07-01T18:00:13.757023,1,1,84.45,0.5,84.2,62,,,,,,,,,,,,,,,,,,,84.7,150,,,,,,,,,,,,,,,,,,
2026-07-01T18:00:13.819310+00:00,2026-07-01T18:00:13.819148,2,1,84.45,0.5,84.2,62,84.1,100,,,,,,,,,,,,,,,,,84.7,150,,,,,,,,,,,,,,,,,,
2026-07-01T18:00:13.824567+00:00,2026-07-01T18:00:13.824490,2,1,84.45,0.5,84.2,62,84.1,104,,,,,,,,,,,,,,,,,84.7,150,,,,,,,,,,,,,,,,,,
2026-07-01T18:00:13.835561+00:00,2026-07-01T18:00:13.835719,2,1,84.45,0.5,84.2,62,84.1,104,,,,,,,,,,,,,,,,,84.7,109,,,,,,,,,,,,,,,,,,
2026-07-01T18:00:13.871716+00:00,2026-07-01T18:00:13.871822,2,2,84.4,0.4,84.2,62,84.1,104,,,,,,,,,,,,,,,,,84.6,100,84.7,109,,,,,,,,,,,,,,,,
2026-07-01T18:00:13.907163+00:00,2026-07-01T18:00:13.907040,1,1,84.35,0.5,84.1,104,,,,,,,,,,,,,,,,,,,84.6,100,,,,,,,,,,,,,,,,,,
2026-07-01T18:00:13.963839+00:00,2026-07-01T18:00:13.963799,2,1,84.35,0.5,84.1,104,83.9,150,,,,,,,,,,,,,,,,,84.6,100,,,,,,,,,,,,,,,,,,
2026-07-01T18:00:14.015204+00:00,2026-07-01T18:00:14.015061,2,2,84.25,0.3,84.1,104,83.9,150,,,,,,,,,,,,,,,,,84.4,150,84.6,100,,,,,,,,,,,,,,,,
2026-07-01T18:00:14.480628+00:00,2026-07-01T18:00:14.480474,2,2,84.25,0.3,84.1,104,83.9,150,,,,,,,,,,,,,,,,,84.4,100,84.6,100,,,,,,,,,,,,,,,,
2026-07-01T18:00:14.485799+00:00,2026-07-01T18:00:14.485698,2,2,84.25,0.3,84.1,104,83.9,150,,,,,,,,,,,,,,,,,84.4,52,84.6,100,,,,,,,,,,,,,,,,
2026-07-01T18:00:16.280489+00:00,2026-07-01T18:00:16.280397,2,2,84.25,0.3,84.1,102,83.9,150,,,,,,,,,,,,,,,,,84.4,52,84.6,100,,,,,,,,,,,,,,,,
2026-07-01T18:00:16.588317+00:00,2026-07-01T18:00:16.588240,2,2,84.25,0.3,84.1,102,83.9,150,,,,,,,,,,,,,,,,,84.4,2,84.6,100,,,,,,,,,,,,,,,,
2026-07-01T18:00:16.923414+00:00,2026-07-01T18:00:16.923322,2,1,84.25,0.3,84.1,2,83.9,150,,,,,,,,,,,,,,,,,84.4,2,,,,,,,,,,,,,,,,,,
2026-07-01T18:00:16.980348+00:00,2026-07-01T18:00:16.980498,2,1,84.25,0.3,84.1,102,83.9,150,,,,,,,,,,,,,,,,,84.4,2,,,,,,,,,,,,,,,,,,
2026-07-01T18:00:17.033559+00:00,2026-07-01T18:00:17.033458,2,2,84.25,0.3,84.1,102,83.9,150,,,,,,,,,,,,,,,,,84.4,2,84.6,100,,,,,,,,,,,,,,,,
2026-07-01T18:00:17.083698+00:00,2026-07-01T18:00:17.083614,1,1,84.35,0.5,84.1,102,,,,,,,,,,,,,,,,,,,84.6,100,,,,,,,,,,,,,,,,,,
2026-07-01T18:00:17.095276+00:00,2026-07-01T18:00:17.095381,1,1,84.35,0.5,84.1,101,,,,,,,,,,,,,,,,,,,84.6,100,,,,,,,,,,,,,,,,,,
2026-07-01T18:00:17.138246+00:00,2026-07-01T18:00:17.138407,2,0,,,84.6,50,84.1,101,,,,,,,,,,,,,,,,,,,,,,,,,,,,,,,,,,,,
2026-07-01T18:00:17.206366+00:00,2026-07-01T18:00:17.193603,1,1,84.6,1.0,84.1,101,,,,,,,,,,,,,,,,,,,85.1,150,,,,,,,,,,,,,,,,,,
2026-07-01T18:00:17.458744+00:00,2026-07-01T18:00:17.458675,1,1,84.6,1.0,84.1,100,,,,,,,,,,,,,,,,,,,85.1,150,,,,,,,,,,,,,,,,,,
2026-07-01T18:00:17.764064+00:00,2026-07-01T18:00:17.763963,1,1,84.6,1.0,84.1,55,,,,,,,,,,,,,,,,,,,85.1,150,,,,,,,,,,,,,,,,,,
2026-07-01T18:00:18.095164+00:00,2026-07-01T18:00:18.089702,1,2,84.25,0.3,84.1,56,,,,,,,,,,,,,,,,,,,84.4,5,85.1,150,,,,,,,,,,,,,,,,
2026-07-01T18:00:18.150987+00:00,2026-07-01T18:00:18.150872,1,2,84.25,0.3,84.1,55,,,,,,,,,,,,,,,,,,,84.4,5,85.1,150,,,,,,,,,,,,,,,,
2026-07-01T18:00:18.705153+00:00,2026-07-01T18:00:18.705325,1,1,84.6,1.0,84.1,55,,,,,,,,,,,,,,,,,,,85.1,105,,,,,,,,,,,,,,,,,,
2026-07-01T18:00:18.880639+00:00,2026-07-01T18:00:18.880601,1,1,84.6,1.0,84.1,15,,,,,,,,,,,,,,,,,,,85.1,105,,,,,,,,,,,,,,,,,,
2026-07-01T18:00:18.913188+00:00,2026-07-01T18:00:18.913089,1,2,84.25,0.3,84.1,15,,,,,,,,,,,,,,,,,,,84.4,5,85.1,105,,,,,,,,,,,,,,,,
2026-07-01T18:00:19.481625+00:00,2026-07-01T18:00:19.481514,1,2,84.25,0.3,84.1,15,,,,,,,,,,,,,,,,,,,84.4,4,85.1,105,,,,,,,,,,,,,,,,
2026-07-01T18:00:19.923609+00:00,2026-07-01T18:00:19.923525,1,2,84.25,0.3,84.1,15,,,,,,,,,,,,,,,,,,,84.4,3,85.1,105,,,,,,,,,,,,,,,,
2026-07-01T18:00:20.082492+00:00,2026-07-01T18:00:20.082334,1,1,84.6,1.0,84.1,15,,,,,,,,,,,,,,,,,,,85.1,105,,,,,,,,,,,,,,,,,,
2026-07-01T18:00:20.092859+00:00,2026-07-01T18:00:20.092833,0,1,,,,,,,,,,,,,,,,,,,,,,,85.1,105,,,,,,,,,,,,,,,,,,
2026-07-01T18:00:20.145311+00:00,2026-07-01T18:00:20.145258,1,1,84.65,0.9,84.2,100,,,,,,,,,,,,,,,,,,,85.1,105,,,,,,,,,,,,,,,,,,
2026-07-01T18:00:20.198014+00:00,2026-07-01T18:00:20.198146,1,2,84.45,0.5,84.2,100,,,,,,,,,,,,,,,,,,,84.7,100,85.1,105,,,,,,,,,,,,,,,,
2026-07-01T18:00:20.247547+00:00,2026-07-01T18:00:20.247456,1,1,84.45,0.5,84.2,100,,,,,,,,,,,,,,,,,,,84.7,100,,,,,,,,,,,,,,,,,,
2026-07-01T18:00:20.300362+00:00,2026-07-01T18:00:20.300441,1,1,84.45,0.5,84.2,250,,,,,,,,,,,,,,,,,,,84.7,100,,,,,,,,,,,,,,,,,,
2026-07-01T18:00:20.358579+00:00,2026-07-01T18:00:20.345968,1,1,84.45,0.5,84.2,250,,,,,,,,,,,,,,,,,,,84.7,250,,,,,,,,,,,,,,,,,,
2026-07-01T18:00:20.813409+00:00,2026-07-01T18:00:20.813336,1,1,84.45,0.5,84.2,250,,,,,,,,,,,,,,,,,,,84.7,200,,,,,,,,,,,,,,,,,,
2026-07-01T18:00:21.098003+00:00,2026-07-01T18:00:21.097928,1,1,84.45,0.5,84.2,208,,,,,,,,,,,,,,,,,,,84.7,200,,,,,,,,,,,,,,,,,,
2026-07-01T18:00:21.704077+00:00,2026-07-01T18:00:21.703947,1,1,84.45,0.5,84.2,208,,,,,,,,,,,,,,,,,,,84.7,154,,,,,,,,,,,,,,,,,,
2026-07-01T18:00:22.358555+00:00,2026-07-01T18:00:22.354925,1,1,84.45,0.5,84.2,168,,,,,,,,,,,,,,,,,,,84.7,154,,,,,,,,,,,,,,,,,,
2026-07-01T18:00:22.668954+00:00,2026-07-01T18:00:22.668911,1,1,84.45,0.5,84.2,172,,,,,,,,,,,,,,,,,,,84.7,154,,,,,,,,,,,,,,,,,,
2026-07-01T18:00:22.926301+00:00,2026-07-01T18:00:22.926153,1,1,84.45,0.5,84.2,172,,,,,,,,,,,,,,,,,,,84.7,104,,,,,,,,,,,,,,,,,,
2026-07-01T18:00:22.994239+00:00,2026-07-01T18:00:22.994135,1,1,84.45,0.5,84.2,171,,,,,,,,,,,,,,,,,,,84.7,104,,,,,,,,,,,,,,,,,,
2026-07-01T18:00:23.123395+00:00,2026-07-01T18:00:23.123611,1,1,84.45,0.5,84.2,169,,,,,,,,,,,,,,,,,,,84.7,104,,,,,,,,,,,,,,,,,,
2026-07-01T18:00:23.258611+00:00,2026-07-01T18:00:23.246118,1,1,84.45,0.5,84.2,151,,,,,,,,,,,,,,,,,,,84.7,104,,,,,,,,,,,,,,,,,,
2026-07-01T18:00:23.309443+00:00,2026-07-01T18:00:23.309324,2,1,84.45,0.5,84.2,151,84.1,100,,,,,,,,,,,,,,,,,84.7,104,,,,,,,,,,,,,,,,,,
2026-07-01T18:00:23.369223+00:00,2026-07-01T18:00:23.369064,2,2,84.4,0.4,84.2,151,84.1,100,,,,,,,,,,,,,,,,,84.6,100,84.7,104,,,,,,,,,,,,,,,,
2026-07-01T18:00:23.407073+00:00,2026-07-01T18:00:23.406963,2,1,84.4,0.4,84.2,1,84.1,100,,,,,,,,,,,,,,,,,84.6,100,,,,,,,,,,,,,,,,,,
2026-07-01T18:00:23.417474+00:00,2026-07-01T18:00:23.417589,2,2,84.35,0.3,84.2,1,84.1,100,,,,,,,,,,,,,,,,,84.5,5,84.6,100,,,,,,,,,,,,,,,,
2026-07-01T18:00:23.463863+00:00,2026-07-01T18:00:23.463825,2,2,84.35,0.3,84.2,151,84.1,100,,,,,,,,,,,,,,,,,84.5,5,84.6,100,,,,,,,,,,,,,,,,
2026-07-01T18:00:23.479529+00:00,2026-07-01T18:00:23.479479,2,2,84.35,0.3,84.2,150,84.1,100,,,,,,,,,,,,,,,,,84.5,5,84.6,100,,,,,,,,,,,,,,,,
2026-07-01T18:00:23.515809+00:00,2026-07-01T18:00:23.515955,2,3,84.35,0.3,84.2,150,84.1,100,,,,,,,,,,,,,,,,,84.5,5,84.6,100,84.7,150,,,,,,,,,,,,,,
2026-07-01T18:00:24.664040+00:00,2026-07-01T18:00:24.663897,2,3,84.35,0.3,84.2,150,84.1,100,,,,,,,,,,,,,,,,,84.5,4,84.6,100,84.7,150,,,,,,,,,,,,,,
2026-07-01T18:00:25.035371+00:00,2026-07-01T18:00:25.035510,2,2,84.4,0.4,84.2,150,84.1,100,,,,,,,,,,,,,,,,,84.6,54,84.7,150,,,,,,,,,,,,,,,,
2026-07-01T18:00:25.483733+00:00,2026-07-01T18:00:25.482457,2,2,84.4,0.4,84.2,147,84.1,100,,,,,,,,,,,,,,,,,84.6,54,84.7,150,,,,,,,,,,,,,,,,
2026-07-01T18:00:26.069702+00:00,2026-07-01T18:00:26.069611,2,2,84.4,0.4,84.2,151,84.1,100,,,,,,,,,,,,,,,,,84.6,54,84.7,150,,,,,,,,,,,,,,,,
2026-07-01T18:00:26.258570+00:00,2026-07-01T18:00:26.255978,2,2,84.4,0.4,84.2,151,84.1,100,,,,,,,,,,,,,,,,,84.6,11,84.7,150,,,,,,,,,,,,,,,,
2026-07-01T18:00:26.419339+00:00,2026-07-01T18:00:26.419211,1,1,84.45,0.5,84.2,151,,,,,,,,,,,,,,,,,,,84.7,150,,,,,,,,,,,,,,,,,,
2026-07-01T18:00:26.473928+00:00,2026-07-01T18:00:26.473730,1,1,84.45,0.5,84.2,251,,,,,,,,,,,,,,,,,,,84.7,150,,,,,,,,,,,,,,,,,,
2026-07-01T18:00:26.524575+00:00,2026-07-01T18:00:26.524547,1,1,84.45,0.5,84.2,251,,,,,,,,,,,,,,,,,,,84.7,250,,,,,,,,,,,,,,,,,,
2026-07-01T18:00:26.569151+00:00,2026-07-01T18:00:26.569119,1,1,84.45,0.5,84.2,104,,,,,,,,,,,,,,,,,,,84.7,100,,,,,,,,,,,,,,,,,,
2026-07-01T18:00:26.619550+00:00,2026-07-01T18:00:26.619509,2,1,84.45,0.5,84.2,104,84.1,150,,,,,,,,,,,,,,,,,84.7,100,,,,,,,,,,,,,,,,,,
2026-07-01T18:00:26.674803+00:00,2026-07-01T18:00:26.674761,2,2,84.4,0.4,84.2,104,84.1,150,,,,,,,,,,,,,,,,,84.6,150,84.7,100,,,,,,,,,,,,,,,,
2026-07-01T18:00:27.158616+00:00,2026-07-01T18:00:27.143643,2,2,84.4,0.4,84.2,104,84.1,150,,,,,,,,,,,,,,,,,84.6,100,84.7,100,,,,,,,,,,,,,,,,
2026-07-01T18:00:29.258652+00:00,2026-07-01T18:00:29.247187,2,2,84.4,0.4,84.2,104,84.1,150,,,,,,,,,,,,,,,,,84.6,50,84.7,100,,,,,,,,,,,,,,,,
2026-07-01T18:00:29.579421+00:00,2026-07-01T18:00:29.579334,2,1,84.4,0.4,84.2,4,84.1,150,,,,,,,,,,,,,,,,,84.6,50,,,,,,,,,,,,,,,,,,
2026-07-01T18:00:29.634342+00:00,2026-07-01T18:00:29.634232,3,1,84.45,0.3,84.3,100,84.2,4,84.1,150,,,,,,,,,,,,,,,84.6,50,,,,,,,,,,,,,,,,,,
2026-07-01T18:00:29.688329+00:00,2026-07-01T18:00:29.688444,3,2,84.45,0.3,84.3,100,84.2,4,84.1,150,,,,,,,,,,,,,,,84.6,50,84.8,100,,,,,,,,,,,,,,,,
2026-07-01T18:00:29.729863+00:00,2026-07-01T18:00:29.729794,2,1,84.55,0.5,84.3,100,84.2,4,,,,,,,,,,,,,,,,,84.8,100,,,,,,,,,,,,,,,,,,
2026-07-01T18:00:29.794600+00:00,2026-07-01T18:00:29.788886,3,1,84.65,0.3,84.5,127,84.3,100,84.2,4,,,,,,,,,,,,,,,84.8,100,,,,,,,,,,,,,,,,,,
2026-07-01T18:00:29.841226+00:00,2026-07-01T18:00:29.841102,3,2,84.65,0.3,84.5,127,84.3,100,84.2,4,,,,,,,,,,,,,,,84.8,100,85.0,150,,,,,,,,,,,,,,,,
2026-07-01T18:00:30.358623+00:00,2026-07-01T18:00:30.347964,3,2,84.65,0.3,84.5,126,84.3,100,84.2,4,,,,,,,,,,,,,,,84.8,100,85.0,150,,,,,,,,,,,,,,,,
2026-07-01T18:00:30.524878+00:00,2026-07-01T18:00:30.524762,3,2,84.65,0.3,84.5,125,84.3,100,84.2,4,,,,,,,,,,,,,,,84.8,100,85.0,150,,,,,,,,,,,,,,,,
2026-07-01T18:00:30.546639+00:00,2026-07-01T18:00:30.546554,3,2,84.65,0.3,84.5,124,84.3,100,84.2,4,,,,,,,,,,,,,,,84.8,100,85.0,150,,,,,,,,,,,,,,,,
2026-07-01T18:00:30.606168+00:00,2026-07-01T18:00:30.606111,3,2,84.65,0.3,84.5,123,84.3,100,84.2,4,,,,,,,,,,,,,,,84.8,100,85.0,150,,,,,,,,,,,,,,,,
2026-07-01T18:00:30.658881+00:00,2026-07-01T18:00:30.658744,3,2,84.65,0.3,84.5,122,84.3,100,84.2,4,,,,,,,,,,,,,,,84.8,100,85.0,150,,,,,,,,,,,,,,,,
2026-07-01T18:00:30.730751+00:00,2026-07-01T18:00:30.730685,3,2,84.65,0.3,84.5,121,84.3,100,84.2,4,,,,,,,,,,,,,,,84.8,100,85.0,150,,,,,,,,,,,,,,,,
2026-07-01T18:00:30.763951+00:00,2026-07-01T18:00:30.763798,3,3,84.55,0.1,84.5,121,84.3,100,84.2,4,,,,,,,,,,,,,,,84.6,1,84.8,100,85.0,150,,,,,,,,,,,,,,
2026-07-01T18:00:31.337208+00:00,2026-07-01T18:00:31.337173,3,3,84.55,0.1,84.5,78,84.3,100,84.2,4,,,,,,,,,,,,,,,84.6,1,84.8,100,85.0,150,,,,,,,,,,,,,,
2026-07-01T18:00:31.410028+00:00,2026-07-01T18:00:31.409921,3,3,84.55,0.1,84.5,28,84.3,100,84.2,4,,,,,,,,,,,,,,,84.6,1,84.8,100,85.0,150,,,,,,,,,,,,,,
2026-07-01T18:00:32.358696+00:00,2026-07-01T18:00:32.346815,2,3,84.45,0.3,84.3,100,84.2,4,,,,,,,,,,,,,,,,,84.6,1,84.8,100,85.0,150,,,,,,,,,,,,,,
2026-07-01T18:00:32.740051+00:00,2026-07-01T18:00:32.740199,1,2,84.4,0.4,84.2,4,,,,,,,,,,,,,,,,,,,84.6,1,85.0,150,,,,,,,,,,,,,,,,
2026-07-01T18:00:32.796394+00:00,2026-07-01T18:00:32.796269,2,2,84.5,0.2,84.4,100,84.2,4,,,,,,,,,,,,,,,,,84.6,1,85.0,150,,,,,,,,,,,,,,,,
2026-07-01T18:00:32.845752+00:00,2026-07-01T18:00:32.845882,2,3,84.5,0.2,84.4,100,84.2,4,,,,,,,,,,,,,,,,,84.6,1,84.9,100,85.0,150,,,,,,,,,,,,,,
2026-07-01T18:00:32.895608+00:00,2026-07-01T18:00:32.895504,2,2,84.5,0.2,84.4,100,84.2,4,,,,,,,,,,,,,,,,,84.6,1,84.9,100,,,,,,,,,,,,,,,,
2026-07-01T18:00:32.958832+00:00,2026-07-01T18:00:32.958757,3,2,84.5,0.2,84.4,100,84.2,4,84.1,150,,,,,,,,,,,,,,,84.6,1,84.9,100,,,,,,,,,,,,,,,,
2026-07-01T18:00:33.005949+00:00,2026-07-01T18:00:33.005852,3,2,84.5,0.2,84.4,100,84.2,4,84.1,150,,,,,,,,,,,,,,,84.6,151,84.9,100,,,,,,,,,,,,,,,,
2026-07-01T18:00:33.369133+00:00,2026-07-01T18:00:33.369076,3,2,84.5,0.2,84.4,100,84.2,4,84.1,150,,,,,,,,,,,,,,,84.6,106,84.9,100,,,,,,,,,,,,,,,,
2026-07-01T18:00:33.524446+00:00,2026-07-01T18:00:33.524376,3,2,84.5,0.2,84.4,50,84.2,4,84.1,150,,,,,,,,,,,,,,,84.6,106,84.9,100,,,,,,,,,,,,,,,,
2026-07-01T18:00:33.863996+00:00,2026-07-01T18:00:33.863881,3,2,84.5,0.2,84.4,10,84.2,4,84.1,150,,,,,,,,,,,,,,,84.6,106,84.9,100,,,,,,,,,,,,,,,,
2026-07-01T18:00:35.633663+00:00,2026-07-01T18:00:35.633553,1,2,84.35,0.5,84.1,114,,,,,,,,,,,,,,,,,,,84.6,106,84.9,100,,,,,,,,,,,,,,,,
2026-07-01T18:00:35.894391+00:00,2026-07-01T18:00:35.894300,1,2,84.35,0.5,84.1,114,,,,,,,,,,,,,,,,,,,84.6,59,84.9,100,,,,,,,,,,,,,,,,
2026-07-01T18:00:35.899579+00:00,2026-07-01T18:00:35.899524,1,1,84.35,0.5,84.1,114,,,,,,,,,,,,,,,,,,,84.6,59,,,,,,,,,,,,,,,,,,
2026-07-01T18:00:35.958563+00:00,2026-07-01T18:00:35.951905,1,1,84.35,0.5,84.1,214,,,,,,,,,,,,,,,,,,,84.6,59,,,,,,,,,,,,,,,,,,
2026-07-01T18:00:36.013772+00:00,2026-07-01T18:00:36.013679,2,1,84.45,0.3,84.3,6,84.1,214,,,,,,,,,,,,,,,,,84.6,59,,,,,,,,,,,,,,,,,,
2026-07-01T18:00:36.018982+00:00,2026-07-01T18:00:36.018837,2,1,84.45,0.3,84.3,6,84.1,214,,,,,,,,,,,,,,,,,84.6,159,,,,,,,,,,,,,,,,,,
2026-07-01T18:00:36.044941+00:00,2026-07-01T18:00:36.050025,2,1,84.45,0.3,84.3,6,84.1,214,,,,,,,,,,,,,,,,,84.6,100,,,,,,,,,,,,,,,,,,
2026-07-01T18:00:36.068966+00:00,2026-07-01T18:00:36.068869,2,1,84.45,0.3,84.3,6,84.1,100,,,,,,,,,,,,,,,,,84.6,100,,,,,,,,,,,,,,,,,,
2026-07-01T18:00:36.108812+00:00,2026-07-01T18:00:36.108963,2,1,84.45,0.3,84.3,6,84.1,250,,,,,,,,,,,,,,,,,84.6,100,,,,,,,,,,,,,,,,,,
2026-07-01T18:00:36.163892+00:00,2026-07-01T18:00:36.163784,2,1,84.45,0.3,84.3,6,84.1,250,,,,,,,,,,,,,,,,,84.6,250,,,,,,,,,,,,,,,,,,
2026-07-01T18:00:36.528503+00:00,2026-07-01T18:00:36.528460,2,1,84.45,0.3,84.3,6,84.1,250,,,,,,,,,,,,,,,,,84.6,205,,,,,,,,,,,,,,,,,,
2026-07-01T18:00:37.030305+00:00,2026-07-01T18:00:37.030226,2,1,84.45,0.3,84.3,5,84.1,250,,,,,,,,,,,,,,,,,84.6,205,,,,,,,,,,,,,,,,,,
2026-07-01T18:00:37.743580+00:00,2026-07-01T18:00:37.743543,1,1,84.35,0.5,84.1,250,,,,,,,,,,,,,,,,,,,84.6,205,,,,,,,,,,,,,,,,,,
2026-07-01T18:00:38.082733+00:00,2026-07-01T18:00:38.082670,1,1,84.35,0.5,84.1,201,,,,,,,,,,,,,,,,,,,84.6,205,,,,,,,,,,,,,,,,,,
2026-07-01T18:00:39.069512+00:00,2026-07-01T18:00:39.069415,1,1,84.35,0.5,84.1,201,,,,,,,,,,,,,,,,,,,84.6,150,,,,,,,,,,,,,,,,,,
2026-07-01T18:00:39.074646+00:00,2026-07-01T18:00:39.074608,1,1,84.35,0.5,84.1,150,,,,,,,,,,,,,,,,,,,84.6,150,,,,,,,,,,,,,,,,,,
2026-07-01T18:00:39.123701+00:00,2026-07-01T18:00:39.123638,2,1,84.35,0.5,84.1,150,84.0,100,,,,,,,,,,,,,,,,,84.6,150,,,,,,,,,,,,,,,,,,
2026-07-01T18:00:39.180447+00:00,2026-07-01T18:00:39.180368,2,2,84.3,0.4,84.1,150,84.0,100,,,,,,,,,,,,,,,,,84.5,100,84.6,150,,,,,,,,,,,,,,,,
2026-07-01T18:00:39.218898+00:00,2026-07-01T18:00:39.218766,1,1,84.25,0.5,84.0,100,,,,,,,,,,,,,,,,,,,84.5,100,,,,,,,,,,,,,,,,,,
2026-07-01T18:00:39.274796+00:00,2026-07-01T18:00:39.274621,2,1,84.35,0.3,84.2,150,84.0,100,,,,,,,,,,,,,,,,,84.5,100,,,,,,,,,,,,,,,,,,
2026-07-01T18:00:39.327985+00:00,2026-07-01T18:00:39.327803,2,2,84.35,0.3,84.2,150,84.0,100,,,,,,,,,,,,,,,,,84.5,100,84.7,150,,,,,,,,,,,,,,,,
2026-07-01T18:00:39.844265+00:00,2026-07-01T18:00:39.844439,2,2,84.35,0.3,84.2,103,84.0,100,,,,,,,,,,,,,,,,,84.5,100,84.7,150,,,,,,,,,,,,,,,,
2026-07-01T18:00:41.751643+00:00,2026-07-01T18:00:41.751868,2,2,84.35,0.3,84.2,103,84.0,100,,,,,,,,,,,,,,,,,84.5,51,84.7,150,,,,,,,,,,,,,,,,
2026-07-01T18:00:41.946707+00:00,2026-07-01T18:00:41.946849,2,2,84.35,0.3,84.2,53,84.0,100,,,,,,,,,,,,,,,,,84.5,51,84.7,150,,,,,,,,,,,,,,,,
2026-07-01T18:00:42.233829+00:00,2026-07-01T18:00:42.233774,1,1,84.45,0.5,84.2,53,,,,,,,,,,,,,,,,,,,84.7,150,,,,,,,,,,,,,,,,,,
2026-07-01T18:00:42.287720+00:00,2026-07-01T18:00:42.287579,2,1,84.45,0.5,84.2,53,84.1,100,,,,,,,,,,,,,,,,,84.7,150,,,,,,,,,,,,,,,,,,
2026-07-01T18:00:42.340048+00:00,2026-07-01T18:00:42.339968,2,2,84.4,0.4,84.2,53,84.1,100,,,,,,,,,,,,,,,,,84.6,100,84.7,150,,,,,,,,,,,,,,,,
2026-07-01T18:00:42.382430+00:00,2026-07-01T18:00:42.382400,2,1,84.4,0.4,84.2,3,84.1,100,,,,,,,,,,,,,,,,,84.6,100,,,,,,,,,,,,,,,,,,
2026-07-01T18:00:42.436758+00:00,2026-07-01T18:00:42.436720,3,1,84.4,0.4,84.2,3,84.1,100,83.7,150,,,,,,,,,,,,,,,84.6,100,,,,,,,,,,,,,,,,,,
2026-07-01T18:00:42.498026+00:00,2026-07-01T18:00:42.492743,2,2,84.15,0.1,84.1,100,83.7,150,,,,,,,,,,,,,,,,,84.2,143,84.6,100,,,,,,,,,,,,,,,,
2026-07-01T18:00:42.527370+00:00,2026-07-01T18:00:42.522306,2,2,84.15,0.1,84.1,100,83.7,150,,,,,,,,,,,,,,,,,84.2,121,84.6,100,,,,,,,,,,,,,,,,
2026-07-01T18:00:42.575941+00:00,2026-07-01T18:00:42.575743,2,2,84.15,0.1,84.1,100,83.7,150,,,,,,,,,,,,,,,,,84.2,114,84.6,100,,,,,,,,,,,,,,,,
2026-07-01T18:00:43.305878+00:00,2026-07-01T18:00:43.305673,2,2,84.15,0.1,84.1,100,83.7,150,,,,,,,,,,,,,,,,,84.2,108,84.6,100,,,,,,,,,,,,,,,,
2026-07-01T18:00:43.612067+00:00,2026-07-01T18:00:43.612208,2,2,84.15,0.1,84.1,100,83.7,150,,,,,,,,,,,,,,,,,84.2,103,84.6,100,,,,,,,,,,,,,,,,
2026-07-01T18:00:44.304124+00:00,2026-07-01T18:00:44.304005,2,2,84.15,0.1,84.1,100,83.7,150,,,,,,,,,,,,,,,,,84.2,98,84.6,100,,,,,,,,,,,,,,,,
2026-07-01T18:00:44.458650+00:00,2026-07-01T18:00:44.450212,2,2,84.15,0.1,84.1,100,83.7,150,,,,,,,,,,,,,,,,,84.2,55,84.6,100,,,,,,,,,,,,,,,,
2026-07-01T18:00:45.158652+00:00,2026-07-01T18:00:45.141483,2,2,84.15,0.1,84.1,103,83.7,150,,,,,,,,,,,,,,,,,84.2,55,84.6,100,,,,,,,,,,,,,,,,
2026-07-01T18:00:45.393782+00:00,2026-07-01T18:00:45.393986,2,1,84.15,0.1,84.1,3,83.7,150,,,,,,,,,,,,,,,,,84.2,55,,,,,,,,,,,,,,,,,,
2026-07-01T18:00:45.448499+00:00,2026-07-01T18:00:45.458685,2,1,84.15,0.1,84.1,103,83.7,150,,,,,,,,,,,,,,,,,84.2,55,,,,,,,,,,,,,,,,,,
2026-07-01T18:00:45.503878+00:00,2026-07-01T18:00:45.503817,2,2,84.15,0.1,84.1,103,83.7,150,,,,,,,,,,,,,,,,,84.2,55,84.6,100,,,,,,,,,,,,,,,,
2026-07-01T18:00:45.538917+00:00,2026-07-01T18:00:45.538852,2,1,84.35,0.5,84.1,103,83.7,150,,,,,,,,,,,,,,,,,84.6,100,,,,,,,,,,,,,,,,,,
2026-07-01T18:00:45.544154+00:00,2026-07-01T18:00:45.544027,1,1,84.35,0.5,84.1,103,,,,,,,,,,,,,,,,,,,84.6,100,,,,,,,,,,,,,,,,,,
2026-07-01T18:00:45.594476+00:00,2026-07-01T18:00:45.594579,1,1,84.35,0.5,84.1,253,,,,,,,,,,,,,,,,,,,84.6,100,,,,,,,,,,,,,,,,,,
2026-07-01T18:00:45.658584+00:00,2026-07-01T18:00:45.646634,1,1,84.35,0.5,84.1,253,,,,,,,,,,,,,,,,,,,84.6,250,,,,,,,,,,,,,,,,,,
2026-07-01T18:00:46.145469+00:00,2026-07-01T18:00:46.145393,1,2,84.25,0.3,84.1,253,,,,,,,,,,,,,,,,,,,84.4,2,84.6,250,,,,,,,,,,,,,,,,
2026-07-01T18:00:46.163981+00:00,2026-07-01T18:00:46.163910,1,2,84.25,0.3,84.1,203,,,,,,,,,,,,,,,,,,,84.4,2,84.6,250,,,,,,,,,,,,,,,,
2026-07-01T18:00:46.220294+00:00,2026-07-01T18:00:46.220211,1,2,84.25,0.3,84.1,206,,,,,,,,,,,,,,,,,,,84.4,2,84.6,250,,,,,,,,,,,,,,,,
2026-07-01T18:00:46.579981+00:00,2026-07-01T18:00:46.579897,1,2,84.25,0.3,84.1,159,,,,,,,,,,,,,,,,,,,84.4,2,84.6,250,,,,,,,,,,,,,,,,
2026-07-01T18:00:47.329870+00:00,2026-07-01T18:00:47.329750,1,2,84.25,0.3,84.1,159,,,,,,,,,,,,,,,,,,,84.4,1,84.6,250,,,,,,,,,,,,,,,,
2026-07-01T18:00:47.815985+00:00,2026-07-01T18:00:47.815873,1,1,84.35,0.5,84.1,159,,,,,,,,,,,,,,,,,,,84.6,250,,,,,,,,,,,,,,,,,,
2026-07-01T18:00:48.271013+00:00,2026-07-01T18:00:48.270914,1,1,84.35,0.5,84.1,109,,,,,,,,,,,,,,,,,,,84.6,250,,,,,,,,,,,,,,,,,,
2026-07-01T18:00:48.563878+00:00,2026-07-01T18:00:48.563812,1,1,84.35,0.5,84.1,109,,,,,,,,,,,,,,,,,,,84.6,150,,,,,,,,,,,,,,,,,,
2026-07-01T18:00:48.608634+00:00,2026-07-01T18:00:48.608499,2,1,84.35,0.5,84.1,109,83.8,100,,,,,,,,,,,,,,,,,84.6,150,,,,,,,,,,,,,,,,,,
2026-07-01T18:00:48.664073+00:00,2026-07-01T18:00:48.664005,2,2,84.2,0.2,84.1,109,83.8,100,,,,,,,,,,,,,,,,,84.3,100,84.6,150,,,,,,,,,,,,,,,,
2026-07-01T18:00:48.706151+00:00,2026-07-01T18:00:48.706285,2,1,84.2,0.2,84.1,3,83.8,100,,,,,,,,,,,,,,,,,84.3,100,,,,,,,,,,,,,,,,,,
2026-07-01T18:00:48.764098+00:00,2026-07-01T18:00:48.763917,3,1,84.2,0.2,84.1,3,83.9,150,83.8,100,,,,,,,,,,,,,,,84.3,100,,,,,,,,,,,,,,,,,,
2026-07-01T18:00:48.816325+00:00,2026-07-01T18:00:48.816224,3,2,84.2,0.2,84.1,3,83.9,150,83.8,100,,,,,,,,,,,,,,,84.3,100,84.4,150,,,,,,,,,,,,,,,,
2026-07-01T18:00:50.279181+00:00,2026-07-01T18:00:50.279048,3,2,84.2,0.2,84.1,3,83.9,150,83.8,100,,,,,,,,,,,,,,,84.3,54,84.4,150,,,,,,,,,,,,,,,,
2026-07-01T18:00:50.334439+00:00,2026-07-01T18:00:50.334366,2,2,84.1,0.4,83.9,105,83.8,100,,,,,,,,,,,,,,,,,84.3,54,84.4,150,,,,,,,,,,,,,,,,
2026-07-01T18:00:50.379489+00:00,2026-07-01T18:00:50.379449,2,2,84.1,0.4,83.9,55,83.8,100,,,,,,,,,,,,,,,,,84.3,54,84.4,150,,,,,,,,,,,,,,,,
2026-07-01T18:00:50.430926+00:00,2026-07-01T18:00:50.430817,3,2,84.2,0.2,84.1,4,83.9,55,83.8,100,,,,,,,,,,,,,,,84.3,54,84.4,150,,,,,,,,,,,,,,,,
2026-07-01T18:00:51.720713+00:00,2026-07-01T18:00:51.720669,2,1,84.25,0.3,84.1,4,83.9,55,,,,,,,,,,,,,,,,,84.4,150,,,,,,,,,,,,,,,,,,
2026-07-01T18:00:51.775298+00:00,2026-07-01T18:00:51.775425,3,1,84.25,0.3,84.1,4,84.0,100,83.9,55,,,,,,,,,,,,,,,84.4,150,,,,,,,,,,,,,,,,,,
2026-07-01T18:00:51.830739+00:00,2026-07-01T18:00:51.830653,3,2,84.25,0.3,84.1,4,84.0,100,83.9,55,,,,,,,,,,,,,,,84.4,150,84.5,100,,,,,,,,,,,,,,,,
2026-07-01T18:00:51.869610+00:00,2026-07-01T18:00:51.869580,2,1,84.3,0.4,84.1,4,84.0,100,,,,,,,,,,,,,,,,,84.5,100,,,,,,,,,,,,,,,,,,
2026-07-01T18:00:51.924730+00:00,2026-07-01T18:00:51.924701,3,1,84.3,0.4,84.1,4,84.0,100,83.6,150,,,,,,,,,,,,,,,84.5,100,,,,,,,,,,,,,,,,,,
2026-07-01T18:00:51.979700+00:00,2026-07-01T18:00:51.979899,2,2,84.05,0.1,84.0,100,83.6,150,,,,,,,,,,,,,,,,,84.1,146,84.5,100,,,,,,,,,,,,,,,,
2026-07-01T18:00:52.438071+00:00,2026-07-01T18:00:52.438237,2,2,84.05,0.1,84.0,100,83.6,150,,,,,,,,,,,,,,,,,84.1,96,84.5,100,,,,,,,,,,,,,,,,
2026-07-01T18:00:53.869129+00:00,2026-07-01T18:00:53.869037,2,2,84.05,0.1,84.0,100,83.6,150,,,,,,,,,,,,,,,,,84.1,55,84.5,100,,,,,,,,,,,,,,,,
2026-07-01T18:00:54.558613+00:00,2026-07-01T18:00:54.541284,2,2,84.05,0.1,84.0,100,83.6,150,,,,,,,,,,,,,,,,,84.1,5,84.5,100,,,,,,,,,,,,,,,,
2026-07-01T18:00:54.884280+00:00,2026-07-01T18:00:54.884230,1,1,83.85,0.5,83.6,150,,,,,,,,,,,,,,,,,,,84.1,5,,,,,,,,,,,,,,,,,,
2026-07-01T18:00:54.942948+00:00,2026-07-01T18:00:54.942885,2,0,,,84.1,95,83.6,150,,,,,,,,,,,,,,,,,,,,,,,,,,,,,,,,,,,,
2026-07-01T18:00:54.993562+00:00,2026-07-01T18:00:54.993454,2,1,84.35,0.5,84.1,95,83.6,150,,,,,,,,,,,,,,,,,84.6,100,,,,,,,,,,,,,,,,,,
2026-07-01T18:00:55.033193+00:00,2026-07-01T18:00:55.033130,1,1,84.35,0.5,84.1,95,,,,,,,,,,,,,,,,,,,84.6,100,,,,,,,,,,,,,,,,,,
2026-07-01T18:00:55.086557+00:00,2026-07-01T18:00:55.086451,2,1,84.45,0.3,84.3,150,84.1,95,,,,,,,,,,,,,,,,,84.6,100,,,,,,,,,,,,,,,,,,
2026-07-01T18:00:55.139107+00:00,2026-07-01T18:00:55.138905,2,2,84.45,0.3,84.3,150,84.1,95,,,,,,,,,,,,,,,,,84.6,100,84.8,150,,,,,,,,,,,,,,,,
2026-07-01T18:00:55.440795+00:00,2026-07-01T18:00:55.421231,2,2,84.45,0.3,84.3,136,84.1,95,,,,,,,,,,,,,,,,,84.6,100,84.8,150,,,,,,,,,,,,,,,,
2026-07-01T18:00:56.668704+00:00,2026-07-01T18:00:56.668923,2,2,84.45,0.3,84.3,136,84.1,95,,,,,,,,,,,,,,,,,84.6,50,84.8,150,,,,,,,,,,,,,,,,
2026-07-01T18:00:57.280084+00:00,2026-07-01T18:00:57.274217,2,2,84.45,0.3,84.3,124,84.1,95,,,,,,,,,,,,,,,,,84.6,50,84.8,150,,,,,,,,,,,,,,,,
2026-07-01T18:00:58.048868+00:00,2026-07-01T18:00:58.048790,1,1,84.55,0.5,84.3,124,,,,,,,,,,,,,,,,,,,84.8,150,,,,,,,,,,,,,,,,,,
2026-07-01T18:00:58.103746+00:00,2026-07-01T18:00:58.103707,2,1,84.55,0.5,84.3,124,83.9,100,,,,,,,,,,,,,,,,,84.8,150,,,,,,,,,,,,,,,,,,
2026-07-01T18:00:58.163856+00:00,2026-07-01T18:00:58.163779,2,2,84.35,0.1,84.3,124,83.9,100,,,,,,,,,,,,,,,,,84.4,100,84.8,150,,,,,,,,,,,,,,,,
2026-07-01T18:00:58.200353+00:00,2026-07-01T18:00:58.200256,1,1,84.15,0.5,83.9,100,,,,,,,,,,,,,,,,,,,84.4,100,,,,,,,,,,,,,,,,,,
2026-07-01T18:00:58.258633+00:00,2026-07-01T18:00:58.248659,1,1,84.15,0.5,83.9,250,,,,,,,,,,,,,,,,,,,84.4,100,,,,,,,,,,,,,,,,,,
2026-07-01T18:00:58.310026+00:00,2026-07-01T18:00:58.309884,1,1,84.15,0.5,83.9,250,,,,,,,,,,,,,,,,,,,84.4,250,,,,,,,,,,,,,,,,,,
2026-07-01T18:00:58.769106+00:00,2026-07-01T18:00:58.769041,1,1,84.15,0.5,83.9,202,,,,,,,,,,,,,,,,,,,84.4,200,,,,,,,,,,,,,,,,,,
2026-07-01T18:00:59.942035+00:00,2026-07-01T18:00:59.941939,1,1,84.15,0.5,83.9,160,,,,,,,,,,,,,,,,,,,84.4,200,,,,,,,,,,,,,,,,,,
2026-07-01T18:01:00.564017+00:00,2026-07-01T18:01:00.563902,1,2,84.1,0.4,83.9,160,,,,,,,,,,,,,,,,,,,84.3,5,84.4,200,,,,,,,,,,,,,,,,
2026-07-01T18:01:01.206417+00:00,2026-07-01T18:01:01.206341,1,2,84.1,0.4,83.9,160,,,,,,,,,,,,,,,,,,,84.3,5,84.4,150,,,,,,,,,,,,,,,,
2026-07-01T18:01:01.211431+00:00,2026-07-01T18:01:01.211517,1,2,84.1,0.4,83.9,150,,,,,,,,,,,,,,,,,,,84.3,5,84.4,150,,,,,,,,,,,,,,,,
2026-07-01T18:01:01.258624+00:00,2026-07-01T18:01:01.256004,2,2,84.1,0.4,83.9,150,83.7,100,,,,,,,,,,,,,,,,,84.3,5,84.4,150,,,,,,,,,,,,,,,,
2026-07-01T18:01:01.315050+00:00,2026-07-01T18:01:01.314976,2,3,84.05,0.3,83.9,150,83.7,100,,,,,,,,,,,,,,,,,84.2,100,84.3,5,84.4,150,,,,,,,,,,,,,,
2026-07-01T18:01:01.363826+00:00,2026-07-01T18:01:01.363761,1,2,83.95,0.5,83.7,100,,,,,,,,,,,,,,,,,,,84.2,100,84.3,5,,,,,,,,,,,,,,,,
2026-07-01T18:01:01.418361+00:00,2026-07-01T18:01:01.418297,2,2,84.0,0.4,83.8,150,83.7,100,,,,,,,,,,,,,,,,,84.2,100,84.3,5,,,,,,,,,,,,,,,,
2026-07-01T18:01:01.484624+00:00,2026-07-01T18:01:01.484798,2,2,84.0,0.4,83.8,150,83.7,100,,,,,,,,,,,,,,,,,84.2,100,84.3,155,,,,,,,,,,,,,,,,
2026-07-01T18:01:02.438083+00:00,2026-07-01T18:01:02.438272,2,2,84.0,0.4,83.8,150,83.7,100,,,,,,,,,,,,,,,,,84.2,53,84.3,155,,,,,,,,,,,,,,,,
2026-07-01T18:01:02.987770+00:00,2026-07-01T18:01:02.987659,2,2,84.0,0.4,83.8,150,83.7,100,,,,,,,,,,,,,,,,,84.2,3,84.3,155,,,,,,,,,,,,,,,,
2026-07-01T18:01:04.373030+00:00,2026-07-01T18:01:04.372883,2,1,84.05,0.5,83.8,150,83.7,100,,,,,,,,,,,,,,,,,84.3,155,,,,,,,,,,,,,,,,,,
2026-07-01T18:01:04.378176+00:00,2026-07-01T18:01:04.378064,1,1,84.05,0.5,83.8,150,,,,,,,,,,,,,,,,,,,84.3,155,,,,,,,,,,,,,,,,,,
2026-07-01T18:01:04.428391+00:00,2026-07-01T18:01:04.428275,1,1,84.05,0.5,83.8,250,,,,,,,,,,,,,,,,,,,84.3,155,,,,,,,,,,,,,,,,,,
2026-07-01T18:01:04.492647+00:00,2026-07-01T18:01:04.492513,1,1,84.05,0.5,83.8,250,,,,,,,,,,,,,,,,,,,84.3,255,,,,,,,,,,,,,,,,,,
2026-07-01T18:01:04.537723+00:00,2026-07-01T18:01:04.537972,1,1,84.05,0.5,83.8,250,,,,,,,,,,,,,,,,,,,84.3,105,,,,,,,,,,,,,,,,,,
2026-07-01T18:01:04.543348+00:00,2026-07-01T18:01:04.543198,1,1,84.05,0.5,83.8,100,,,,,,,,,,,,,,,,,,,84.3,105,,,,,,,,,,,,,,,,,,
2026-07-01T18:01:04.596048+00:00,2026-07-01T18:01:04.595855,2,1,84.05,0.5,83.8,100,83.6,150,,,,,,,,,,,,,,,,,84.3,105,,,,,,,,,,,,,,,,,,
2026-07-01T18:01:04.648609+00:00,2026-07-01T18:01:04.648485,2,2,83.95,0.3,83.8,100,83.6,150,,,,,,,,,,,,,,,,,84.1,150,84.3,105,,,,,,,,,,,,,,,,
2026-07-01T18:01:05.169004+00:00,2026-07-01T18:01:05.168910,2,2,83.95,0.3,83.8,50,83.6,150,,,,,,,,,,,,,,,,,84.1,150,84.3,105,,,,,,,,,,,,,,,,
2026-07-01T18:01:06.443011+00:00,2026-07-01T18:01:06.442913,2,2,83.95,0.3,83.8,2,83.6,150,,,,,,,,,,,,,,,,,84.1,150,84.3,105,,,,,,,,,,,,,,,,
2026-07-01T18:01:07.264455+00:00,2026-07-01T18:01:07.264343,1,2,83.85,0.5,83.6,102,,,,,,,,,,,,,,,,,,,84.1,150,84.3,105,,,,,,,,,,,,,,,,
2026-07-01T18:01:07.564265+00:00,2026-07-01T18:01:07.564099,1,2,83.85,0.5,83.6,102,,,,,,,,,,,,,,,,,,,84.1,150,84.3,5,,,,,,,,,,,,,,,,
2026-07-01T18:01:07.605627+00:00,2026-07-01T18:01:07.605501,1,2,83.85,0.5,83.6,202,,,,,,,,,,,,,,,,,,,84.1,150,84.3,5,,,,,,,,,,,,,,,,
2026-07-01T18:01:07.658624+00:00,2026-07-01T18:01:07.653650,1,2,83.85,0.5,83.6,202,,,,,,,,,,,,,,,,,,,84.1,250,84.3,5,,,,,,,,,,,,,,,,
2026-07-01T18:01:07.702440+00:00,2026-07-01T18:01:07.702374,1,2,83.85,0.5,83.6,100,,,,,,,,,,,,,,,,,,,84.1,100,84.3,5,,,,,,,,,,,,,,,,
2026-07-01T18:01:07.758609+00:00,2026-07-01T18:01:07.756485,2,2,83.85,0.5,83.6,100,83.5,150,,,,,,,,,,,,,,,,,84.1,100,84.3,5,,,,,,,,,,,,,,,,
2026-07-01T18:01:07.808805+00:00,2026-07-01T18:01:07.808765,2,3,83.8,0.4,83.6,100,83.5,150,,,,,,,,,,,,,,,,,84.0,150,84.1,100,84.3,5,,,,,,,,,,,,,,
2026-07-01T18:01:10.098023+00:00,2026-07-01T18:01:10.097882,2,3,83.8,0.4,83.6,100,83.5,150,,,,,,,,,,,,,,,,,84.0,150,84.1,100,84.3,4,,,,,,,,,,,,,,
2026-07-01T18:01:10.137460+00:00,2026-07-01T18:01:10.137314,2,2,83.8,0.4,83.6,100,83.5,150,,,,,,,,,,,,,,,,,84.0,150,84.1,100,,,,,,,,,,,,,,,,
2026-07-01T18:01:10.375441+00:00,2026-07-01T18:01:10.375343,2,2,83.8,0.4,83.6,100,83.5,150,,,,,,,,,,,,,,,,,84.0,150,84.1,104,,,,,,,,,,,,,,,,
2026-07-01T18:01:10.715117+00:00,2026-07-01T18:01:10.715261,1,2,83.75,0.5,83.5,150,,,,,,,,,,,,,,,,,,,84.0,150,84.1,4,,,,,,,,,,,,,,,,
2026-07-01T18:01:10.770128+00:00,2026-07-01T18:01:10.770034,1,2,83.75,0.5,83.5,250,,,,,,,,,,,,,,,,,,,84.0,150,84.1,4,,,,,,,,,,,,,,,,
2026-07-01T18:01:10.819791+00:00,2026-07-01T18:01:10.819889,1,2,83.75,0.5,83.5,250,,,,,,,,,,,,,,,,,,,84.0,250,84.1,4,,,,,,,,,,,,,,,,
2026-07-01T18:01:10.863926+00:00,2026-07-01T18:01:10.863798,1,2,83.75,0.5,83.5,100,,,,,,,,,,,,,,,,,,,84.0,100,84.1,4,,,,,,,,,,,,,,,,
2026-07-01T18:01:10.918588+00:00,2026-07-01T18:01:10.918531,2,2,83.75,0.5,83.5,100,83.4,150,,,,,,,,,,,,,,,,,84.0,100,84.1,4,,,,,,,,,,,,,,,,
2026-07-01T18:01:10.971811+00:00,2026-07-01T18:01:10.971658,2,3,83.7,0.4,83.5,100,83.4,150,,,,,,,,,,,,,,,,,83.9,150,84.0,100,84.1,4,,,,,,,,,,,,,,
2026-07-01T18:01:11.463945+00:00,2026-07-01T18:01:11.463869,2,3,83.7,0.4,83.5,100,83.4,150,,,,,,,,,,,,,,,,,83.9,100,84.0,100,84.1,4,,,,,,,,,,,,,,
2026-07-01T18:01:12.086062+00:00,2026-07-01T18:01:12.085938,2,3,83.7,0.4,83.5,100,83.4,150,,,,,,,,,,,,,,,,,83.9,56,84.0,100,84.1,4,,,,,,,,,,,,,,
2026-07-01T18:01:13.611478+00:00,2026-07-01T18:01:13.611624,2,3,83.7,0.4,83.5,50,83.4,150,,,,,,,,,,,,,,,,,83.9,56,84.0,100,84.1,4,,,,,,,,,,,,,,
2026-07-01T18:01:13.877833+00:00,2026-07-01T18:01:13.877772,1,2,83.65,0.5,83.4,150,,,,,,,,,,,,,,,,,,,83.9,56,84.1,4,,,,,,,,,,,,,,,,
2026-07-01T18:01:13.931870+00:00,2026-07-01T18:01:13.931771,1,2,83.65,0.5,83.4,250,,,,,,,,,,,,,,,,,,,83.9,56,84.1,4,,,,,,,,,,,,,,,,
2026-07-01T18:01:13.978970+00:00,2026-07-01T18:01:13.978883,1,2,83.65,0.5,83.4,250,,,,,,,,,,,,,,,,,,,83.9,156,84.1,4,,,,,,,,,,,,,,,,
2026-07-01T18:01:14.023093+00:00,2026-07-01T18:01:14.023039,1,2,83.65,0.5,83.4,100,,,,,,,,,,,,,,,,,,,83.9,100,84.1,4,,,,,,,,,,,,,,,,
2026-07-01T18:01:14.040383+00:00,2026-07-01T18:01:14.033515,1,2,83.65,0.5,83.4,100,,,,,,,,,,,,,,,,,,,83.9,88,84.1,4,,,,,,,,,,,,,,,,
2026-07-01T18:01:14.079516+00:00,2026-07-01T18:01:14.079605,2,2,83.85,0.1,83.8,150,83.4,100,,,,,,,,,,,,,,,,,83.9,88,84.1,4,,,,,,,,,,,,,,,,
2026-07-01T18:01:14.132003+00:00,2026-07-01T18:01:14.131899,2,3,83.85,0.1,83.8,150,83.4,100,,,,,,,,,,,,,,,,,83.9,88,84.1,4,84.3,150,,,,,,,,,,,,,,
2026-07-01T18:01:14.665532+00:00,2026-07-01T18:01:14.665436,2,3,83.85,0.1,83.8,150,83.4,100,,,,,,,,,,,,,,,,,83.9,45,84.1,4,84.3,150,,,,,,,,,,,,,,
2026-07-01T18:01:14.720035+00:00,2026-07-01T18:01:14.719982,2,3,83.85,0.1,83.8,110,83.4,100,,,,,,,,,,,,,,,,,83.9,45,84.1,4,84.3,150,,,,,,,,,,,,,,
2026-07-01T18:01:15.721664+00:00,2026-07-01T18:01:15.721537,2,3,83.85,0.1,83.8,60,83.4,100,,,,,,,,,,,,,,,,,83.9,45,84.1,4,84.3,150,,,,,,,,,,,,,,
2026-07-01T18:01:16.797139+00:00,2026-07-01T18:01:16.797048,2,3,83.85,0.1,83.8,18,83.4,100,,,,,,,,,,,,,,,,,83.9,45,84.1,4,84.3,150,,,,,,,,,,,,,,
2026-07-01T18:01:17.032804+00:00,2026-07-01T18:01:17.032914,2,2,83.95,0.3,83.8,18,83.4,100,,,,,,,,,,,,,,,,,84.1,4,84.3,150,,,,,,,,,,,,,,,,
2026-07-01T18:01:17.038177+00:00,2026-07-01T18:01:17.038106,1,2,83.95,0.3,83.8,18,,,,,,,,,,,,,,,,,,,84.1,4,84.3,150,,,,,,,,,,,,,,,,
2026-07-01T18:01:17.091755+00:00,2026-07-01T18:01:17.091685,2,2,83.95,0.3,83.8,18,83.4,100,,,,,,,,,,,,,,,,,84.1,4,84.3,150,,,,,,,,,,,,,,,,
2026-07-01T18:01:17.144393+00:00,2026-07-01T18:01:17.144311,2,3,83.85,0.1,83.8,18,83.4,100,,,,,,,,,,,,,,,,,83.9,100,84.1,4,84.3,150,,,,,,,,,,,,,,
2026-07-01T18:01:17.212654+00:00,2026-07-01T18:01:17.212565,1,2,83.65,0.5,83.4,100,,,,,,,,,,,,,,,,,,,83.9,100,84.1,4,,,,,,,,,,,,,,,,
2026-07-01T18:01:17.264137+00:00,2026-07-01T18:01:17.264102,2,2,83.65,0.5,83.4,100,83.2,150,,,,,,,,,,,,,,,,,83.9,100,84.1,4,,,,,,,,,,,,,,,,
2026-07-01T18:01:17.319680+00:00,2026-07-01T18:01:17.319848,2,3,83.55,0.3,83.4,100,83.2,150,,,,,,,,,,,,,,,,,83.7,150,83.9,100,84.1,4,,,,,,,,,,,,,,
2026-07-01T18:01:17.569783+00:00,2026-07-01T18:01:17.569599,2,3,83.55,0.3,83.4,100,83.2,150,,,,,,,,,,,,,,,,,83.7,149,83.9,100,84.1,4,,,,,,,,,,,,,,
2026-07-01T18:01:17.831877+00:00,2026-07-01T18:01:17.831828,2,3,83.55,0.3,83.4,50,83.2,150,,,,,,,,,,,,,,,,,83.7,149,83.9,100,84.1,4,,,,,,,,,,,,,,
2026-07-01T18:01:18.002112+00:00,2026-07-01T18:01:18.001991,2,3,83.55,0.3,83.4,50,83.2,150,,,,,,,,,,,,,,,,,83.7,103,83.9,100,84.1,4,,,,,,,,,,,,,,
2026-07-01T18:01:18.007264+00:00,2026-07-01T18:01:18.007210,2,2,83.55,0.3,83.4,50,83.2,150,,,,,,,,,,,,,,,,,83.7,103,83.9,100,,,,,,,,,,,,,,,,
2026-07-01T18:01:18.434307+00:00,2026-07-01T18:01:18.434225,2,2,83.55,0.3,83.4,50,83.2,150,,,,,,,,,,,,,,,,,83.7,103,83.9,105,,,,,,,,,,,,,,,,
2026-07-01T18:01:18.502682+00:00,2026-07-01T18:01:18.502514,2,2,83.55,0.3,83.4,10,83.2,150,,,,,,,,,,,,,,,,,83.7,103,83.9,105,,,,,,,,,,,,,,,,
2026-07-01T18:01:19.939178+00:00,2026-07-01T18:01:19.939398,1,2,83.45,0.5,83.2,110,,,,,,,,,,,,,,,,,,,83.7,103,83.9,105,,,,,,,,,,,,,,,,
2026-07-01T18:01:20.198487+00:00,2026-07-01T18:01:20.198408,1,2,83.45,0.5,83.2,110,,,,,,,,,,,,,,,,,,,83.7,103,83.9,5,,,,,,,,,,,,,,,,
2026-07-01T18:01:20.263872+00:00,2026-07-01T18:01:20.264210,2,2,83.45,0.5,83.2,110,83.1,100,,,,,,,,,,,,,,,,,83.7,103,83.9,5,,,,,,,,,,,,,,,,
2026-07-01T18:01:20.317159+00:00,2026-07-01T18:01:20.311739,2,3,83.4,0.4,83.2,110,83.1,100,,,,,,,,,,,,,,,,,83.6,89,83.7,103,83.9,5,,,,,,,,,,,,,,
2026-07-01T18:01:20.384198+00:00,2026-07-01T18:01:20.384103,1,2,83.35,0.5,83.1,100,,,,,,,,,,,,,,,,,,,83.6,89,83.9,5,,,,,,,,,,,,,,,,
2026-07-01T18:01:20.438991+00:00,2026-07-01T18:01:20.438855,2,2,83.4,0.4,83.2,150,83.1,100,,,,,,,,,,,,,,,,,83.6,89,83.9,5,,,,,,,,,,,,,,,,
2026-07-01T18:01:20.490306+00:00,2026-07-01T18:01:20.490189,2,3,83.4,0.4,83.2,150,83.1,100,,,,,,,,,,,,,,,,,83.6,89,83.7,150,83.9,5,,,,,,,,,,,,,,
2026-07-01T18:01:22.068719+00:00,2026-07-01T18:01:22.069033,2,3,83.4,0.4,83.2,100,83.1,100,,,,,,,,,,,,,,,,,83.6,89,83.7,150,83.9,5,,,,,,,,,,,,,,
2026-07-01T18:01:22.188339+00:00,2026-07-01T18:01:22.188264,2,3,83.4,0.4,83.2,100,83.1,100,,,,,,,,,,,,,,,,,83.6,47,83.7,150,83.9,5,,,,,,,,,,,,,,
2026-07-01T18:01:22.398010+00:00,2026-07-01T18:01:22.397859,2,3,83.4,0.4,83.2,100,83.1,100,,,,,,,,,,,,,,,,,83.6,47,83.7,150,83.9,4,,,,,,,,,,,,,,
2026-07-01T18:01:22.711707+00:00,2026-07-01T18:01:22.711638,2,2,83.45,0.5,83.2,100,83.1,100,,,,,,,,,,,,,,,,,83.7,148,83.9,4,,,,,,,,,,,,,,,,
2026-07-01T18:01:22.732931+00:00,2026-07-01T18:01:22.732796,2,2,83.45,0.5,83.2,100,83.1,100,,,,,,,,,,,,,,,,,83.7,148,83.9,3,,,,,,,,,,,,,,,,
2026-07-01T18:01:23.358578+00:00,2026-07-01T18:01:23.358182,1,2,83.45,0.5,83.2,100,,,,,,,,,,,,,,,,,,,83.7,148,83.9,3,,,,,,,,,,,,,,,,
2026-07-01T18:01:23.416403+00:00,2026-07-01T18:01:23.416238,2,2,83.5,0.4,83.3,100,83.2,100,,,,,,,,,,,,,,,,,83.7,148,83.9,3,,,,,,,,,,,,,,,,
2026-07-01T18:01:23.468919+00:00,2026-07-01T18:01:23.468999,2,3,83.5,0.4,83.3,100,83.2,100,,,,,,,,,,,,,,,,,83.7,148,83.8,100,83.9,3,,,,,,,,,,,,,,
2026-07-01T18:01:23.558660+00:00,2026-07-01T18:01:23.544970,1,2,83.55,0.5,83.3,100,,,,,,,,,,,,,,,,,,,83.8,100,83.9,3,,,,,,,,,,,,,,,,
2026-07-01T18:01:23.600108+00:00,2026-07-01T18:01:23.600245,2,2,83.55,0.5,83.3,100,82.9,150,,,,,,,,,,,,,,,,,83.8,100,83.9,3,,,,,,,,,,,,,,,,
2026-07-01T18:01:23.650360+00:00,2026-07-01T18:01:23.650480,2,3,83.35,0.1,83.3,100,82.9,150,,,,,,,,,,,,,,,,,83.4,150,83.8,100,83.9,3,,,,,,,,,,,,,,
2026-07-01T18:01:23.669823+00:00,2026-07-01T18:01:23.661867,2,3,83.35,0.1,83.3,100,82.9,150,,,,,,,,,,,,,,,,,83.4,147,83.8,100,83.9,3,,,,,,,,,,,,,,
2026-07-01T18:01:24.169199+00:00,2026-07-01T18:01:24.169091,2,2,83.35,0.1,83.3,50,82.9,150,,,,,,,,,,,,,,,,,83.4,147,83.8,100,,,,,,,,,,,,,,,,
2026-07-01T18:01:25.864445+00:00,2026-07-01T18:01:25.864134,2,1,83.55,0.5,83.3,50,82.9,150,,,,,,,,,,,,,,,,,83.8,100,,,,,,,,,,,,,,,,,,
2026-07-01T18:01:26.224553+00:00,2026-07-01T18:01:26.224436,2,1,83.55,0.5,83.3,50,82.9,150,,,,,,,,,,,,,,,,,83.8,50,,,,,,,,,,,,,,,,,,
2026-07-01T18:01:26.522908+00:00,2026-07-01T18:01:26.522843,1,0,,,82.9,150,,,,,,,,,,,,,,,,,,,,,,,,,,,,,,,,,,,,,,
2026-07-01T18:01:26.574304+00:00,2026-07-01T18:01:26.574224,2,0,,,83.5,100,82.9,150,,,,,,,,,,,,,,,,,,,,,,,,,,,,,,,,,,,,
2026-07-01T18:01:26.630914+00:00,2026-07-01T18:01:26.631033,2,1,83.75,0.5,83.5,100,82.9,150,,,,,,,,,,,,,,,,,84.0,100,,,,,,,,,,,,,,,,,,
2026-07-01T18:01:26.701816+00:00,2026-07-01T18:01:26.701783,1,1,83.75,0.5,83.5,100,,,,,,,,,,,,,,,,,,,84.0,100,,,,,,,,,,,,,,,,,,
2026-07-01T18:01:26.758625+00:00,2026-07-01T18:01:26.749018,2,1,83.85,0.3,83.7,150,83.5,100,,,,,,,,,,,,,,,,,84.0,100,,,,,,,,,,,,,,,,,,
2026-07-01T18:01:26.811632+00:00,2026-07-01T18:01:26.811524,2,2,83.85,0.3,83.7,150,83.5,100,,,,,,,,,,,,,,,,,84.0,100,84.2,150,,,,,,,,,,,,,,,,
2026-07-01T18:01:27.169253+00:00,2026-07-01T18:01:27.162732,1,2,83.75,0.5,83.5,100,,,,,,,,,,,,,,,,,,,84.0,100,84.2,150,,,,,,,,,,,,,,,,
2026-07-01T18:01:28.381675+00:00,2026-07-01T18:01:28.381578,1,2,83.75,0.5,83.5,50,,,,,,,,,,,,,,,,,,,84.0,100,84.2,150,,,,,,,,,,,,,,,,
2026-07-01T18:01:29.685235+00:00,2026-07-01T18:01:29.685123,0,1,,,,,,,,,,,,,,,,,,,,,,,84.2,150,,,,,,,,,,,,,,,,,,
2026-07-01T18:01:29.740483+00:00,2026-07-01T18:01:29.740334,1,1,83.75,0.9,83.3,100,,,,,,,,,,,,,,,,,,,84.2,150,,,,,,,,,,,,,,,,,,
2026-07-01T18:01:29.793182+00:00,2026-07-01T18:01:29.793068,1,2,83.55,0.5,83.3,100,,,,,,,,,,,,,,,,,,,83.8,100,84.2,150,,,,,,,,,,,,,,,,
2026-07-01T18:01:29.864162+00:00,2026-07-01T18:01:29.864065,1,1,83.55,0.5,83.3,100,,,,,,,,,,,,,,,,,,,83.8,100,,,,,,,,,,,,,,,,,,
2026-07-01T18:01:29.929820+00:00,2026-07-01T18:01:29.929748,2,1,83.55,0.5,83.3,100,82.8,150,,,,,,,,,,,,,,,,,83.8,100,,,,,,,,,,,,,,,,,,
2026-07-01T18:01:29.994324+00:00,2026-07-01T18:01:29.989086,1,2,83.05,0.5,82.8,150,,,,,,,,,,,,,,,,,,,83.3,47,83.8,100,,,,,,,,,,,,,,,,
2026-07-01T18:01:30.439175+00:00,2026-07-01T18:01:30.439053,1,1,83.3,1.0,82.8,150,,,,,,,,,,,,,,,,,,,83.8,97,,,,,,,,,,,,,,,,,,
2026-07-01T18:01:31.125445+00:00,2026-07-01T18:01:31.125345,1,1,83.3,1.0,82.8,103,,,,,,,,,,,,,,,,,,,83.8,97,,,,,,,,,,,,,,,,,,
2026-07-01T18:01:32.179493+00:00,2026-07-01T18:01:32.179440,1,1,83.3,1.0,82.8,103,,,,,,,,,,,,,,,,,,,83.8,56,,,,,,,,,,,,,,,,,,
2026-07-01T18:01:32.601067+00:00,2026-07-01T18:01:32.601030,1,1,83.3,1.0,82.8,53,,,,,,,,,,,,,,,,,,,83.8,56,,,,,,,,,,,,,,,,,,
2026-07-01T18:01:32.858612+00:00,2026-07-01T18:01:32.847209,1,0,,,82.8,53,,,,,,,,,,,,,,,,,,,,,,,,,,,,,,,,,,,,,,
2026-07-01T18:01:32.900384+00:00,2026-07-01T18:01:32.900293,2,0,,,83.1,100,82.8,53,,,,,,,,,,,,,,,,,,,,,,,,,,,,,,,,,,,,
2026-07-01T18:01:32.974823+00:00,2026-07-01T18:01:32.974608,2,1,83.35,0.5,83.1,100,82.8,53,,,,,,,,,,,,,,,,,83.6,100,,,,,,,,,,,,,,,,,,
2026-07-01T18:01:33.039064+00:00,2026-07-01T18:01:33.038977,1,1,83.35,0.5,83.1,100,,,,,,,,,,,,,,,,,,,83.6,100,,,,,,,,,,,,,,,,,,
2026-07-01T18:01:33.089112+00:00,2026-07-01T18:01:33.089017,2,1,83.4,0.4,83.2,150,83.1,100,,,,,,,,,,,,,,,,,83.6,100,,,,,,,,,,,,,,,,,,
2026-07-01T18:01:33.142053+00:00,2026-07-01T18:01:33.141913,2,2,83.4,0.4,83.2,150,83.1,100,,,,,,,,,,,,,,,,,83.6,100,83.7,150,,,,,,,,,,,,,,,,
2026-07-01T18:01:34.606992+00:00,2026-07-01T18:01:34.606890,2,2,83.4,0.4,83.2,102,83.1,100,,,,,,,,,,,,,,,,,83.6,100,83.7,150,,,,,,,,,,,,,,,,
2026-07-01T18:01:34.707007+00:00,2026-07-01T18:01:34.706818,2,2,83.4,0.4,83.2,52,83.1,100,,,,,,,,,,,,,,,,,83.6,100,83.7,150,,,,,,,,,,,,,,,,
2026-07-01T18:01:36.028376+00:00,2026-07-01T18:01:36.028243,1,1,83.45,0.5,83.2,52,,,,,,,,,,,,,,,,,,,83.7,150,,,,,,,,,,,,,,,,,,
2026-07-01T18:01:36.080897+00:00,2026-07-01T18:01:36.080853,1,1,83.45,0.5,83.2,152,,,,,,,,,,,,,,,,,,,83.7,150,,,,,,,,,,,,,,,,,,
2026-07-01T18:01:36.136160+00:00,2026-07-01T18:01:36.136126,1,1,83.45,0.5,83.2,152,,,,,,,,,,,,,,,,,,,83.7,250,,,,,,,,,,,,,,,,,,
2026-07-01T18:01:36.199318+00:00,2026-07-01T18:01:36.199243,1,1,83.45,0.5,83.2,100,,,,,,,,,,,,,,,,,,,83.7,100,,,,,,,,,,,,,,,,,,
2026-07-01T18:01:36.258602+00:00,2026-07-01T18:01:36.253921,2,1,83.45,0.5,83.2,100,82.9,150,,,,,,,,,,,,,,,,,83.7,100,,,,,,,,,,,,,,,,,,
2026-07-01T18:01:36.307007+00:00,2026-07-01T18:01:36.306954,2,2,83.3,0.2,83.2,100,82.9,150,,,,,,,,,,,,,,,,,83.4,150,83.7,100,,,,,,,,,,,,,,,,
2026-07-01T18:01:36.317466+00:00,2026-07-01T18:01:36.317419,2,1,83.45,0.5,83.2,100,82.9,150,,,,,,,,,,,,,,,,,83.7,100,,,,,,,,,,,,,,,,,,
2026-07-01T18:01:36.727345+00:00,2026-07-01T18:01:36.727297,2,1,83.45,0.5,83.2,59,82.9,150,,,,,,,,,,,,,,,,,83.7,100,,,,,,,,,,,,,,,,,,
2026-07-01T18:01:37.316043+00:00,2026-07-01T18:01:37.315994,2,1,83.45,0.5,83.2,59,82.9,150,,,,,,,,,,,,,,,,,83.7,51,,,,,,,,,,,,,,,,,,
2026-07-01T18:01:38.307307+00:00,2026-07-01T18:01:38.307255,2,1,83.45,0.5,83.2,59,82.9,150,,,,,,,,,,,,,,,,,83.7,6,,,,,,,,,,,,,,,,,,
2026-07-01T18:01:38.868868+00:00,2026-07-01T18:01:38.868772,2,0,,,83.2,59,82.9,150,,,,,,,,,,,,,,,,,,,,,,,,,,,,,,,,,,,,
2026-07-01T18:01:39.190717+00:00,2026-07-01T18:01:39.190597,1,0,,,82.9,150,,,,,,,,,,,,,,,,,,,,,,,,,,,,,,,,,,,,,,
2026-07-01T18:01:39.243934+00:00,2026-07-01T18:01:39.243838,2,0,,,83.5,100,82.9,150,,,,,,,,,,,,,,,,,,,,,,,,,,,,,,,,,,,,
2026-07-01T18:01:39.296580+00:00,2026-07-01T18:01:39.296708,2,1,83.75,0.5,83.5,100,82.9,150,,,,,,,,,,,,,,,,,84.0,100,,,,,,,,,,,,,,,,,,
2026-07-01T18:01:39.363630+00:00,2026-07-01T18:01:39.363758,1,1,83.75,0.5,83.5,100,,,,,,,,,,,,,,,,,,,84.0,100,,,,,,,,,,,,,,,,,,
2026-07-01T18:01:39.414371+00:00,2026-07-01T18:01:39.414494,2,1,83.8,0.4,83.6,150,83.5,100,,,,,,,,,,,,,,,,,84.0,100,,,,,,,,,,,,,,,,,,
2026-07-01T18:01:39.468693+00:00,2026-07-01T18:01:39.468832,2,2,83.8,0.4,83.6,150,83.5,100,,,,,,,,,,,,,,,,,84.0,100,84.1,150,,,,,,,,,,,,,,,,
2026-07-01T18:01:40.063718+00:00,2026-07-01T18:01:40.063863,2,2,83.8,0.4,83.6,106,83.5,100,,,,,,,,,,,,,,,,,84.0,100,84.1,150,,,,,,,,,,,,,,,,
2026-07-01T18:01:40.973421+00:00,2026-07-01T18:01:40.973356,2,2,83.8,0.4,83.6,106,83.5,100,,,,,,,,,,,,,,,,,84.0,50,84.1,150,,,,,,,,,,,,,,,,
2026-07-01T18:01:41.088817+00:00,2026-07-01T18:01:41.088734,2,2,83.8,0.4,83.6,61,83.5,100,,,,,,,,,,,,,,,,,84.0,50,84.1,150,,,,,,,,,,,,,,,,
2026-07-01T18:01:42.348497+00:00,2026-07-01T18:01:42.358688,1,1,83.85,0.5,83.6,61,,,,,,,,,,,,,,,,,,,84.1,150,,,,,,,,,,,,,,,,,,
2026-07-01T18:01:42.404961+00:00,2026-07-01T18:01:42.404869,1,1,83.85,0.5,83.6,161,,,,,,,,,,,,,,,,,,,84.1,150,,,,,,,,,,,,,,,,,,
2026-07-01T18:01:42.452993+00:00,2026-07-01T18:01:42.453132,1,1,83.85,0.5,83.6,161,,,,,,,,,,,,,,,,,,,84.1,250,,,,,,,,,,,,,,,,,,
2026-07-01T18:01:42.518167+00:00,2026-07-01T18:01:42.518078,1,1,83.85,0.5,83.6,161,,,,,,,,,,,,,,,,,,,84.1,100,,,,,,,,,,,,,,,,,,
2026-07-01T18:01:42.523390+00:00,2026-07-01T18:01:42.523278,1,1,83.85,0.5,83.6,100,,,,,,,,,,,,,,,,,,,84.1,100,,,,,,,,,,,,,,,,,,
2026-07-01T18:01:42.574613+00:00,2026-07-01T18:01:42.574572,2,1,83.85,0.5,83.6,100,83.3,150,,,,,,,,,,,,,,,,,84.1,100,,,,,,,,,,,,,,,,,,
2026-07-01T18:01:42.624402+00:00,2026-07-01T18:01:42.624521,2,2,83.7,0.2,83.6,100,83.3,150,,,,,,,,,,,,,,,,,83.8,150,84.1,100,,,,,,,,,,,,,,,,
2026-07-01T18:01:43.082014+00:00,2026-07-01T18:01:43.081890,2,2,83.7,0.2,83.6,100,83.3,150,,,,,,,,,,,,,,,,,83.8,100,84.1,100,,,,,,,,,,,,,,,,
2026-07-01T18:01:43.114879+00:00,2026-07-01T18:01:43.115029,2,3,83.65,0.1,83.6,100,83.3,150,,,,,,,,,,,,,,,,,83.7,5,83.8,100,84.1,100,,,,,,,,,,,,,,
2026-07-01T18:01:44.258791+00:00,2026-07-01T18:01:44.258696,2,2,83.7,0.2,83.6,100,83.3,150,,,,,,,,,,,,,,,,,83.8,100,84.1,100,,,,,,,,,,,,,,,,
2026-07-01T18:01:45.095421+00:00,2026-07-01T18:01:45.095345,2,3,83.65,0.1,83.6,100,83.3,150,,,,,,,,,,,,,,,,,83.7,5,83.8,100,84.1,100,,,,,,,,,,,,,,
2026-07-01T18:01:45.190639+00:00,2026-07-01T18:01:45.190534,2,2,83.7,0.2,83.6,100,83.3,150,,,,,,,,,,,,,,,,,83.8,55,84.1,100,,,,,,,,,,,,,,,,
2026-07-01T18:01:45.244314+00:00,2026-07-01T18:01:45.244454,2,2,83.7,0.2,83.6,100,83.3,150,,,,,,,,,,,,,,,,,83.8,12,84.1,100,,,,,,,,,,,,,,,,
2026-07-01T18:01:45.511837+00:00,2026-07-01T18:01:45.511779,1,1,83.55,0.5,83.3,150,,,,,,,,,,,,,,,,,,,83.8,12,,,,,,,,,,,,,,,,,,
2026-07-01T18:01:45.558595+00:00,2026-07-01T18:01:45.556902,2,1,83.7,0.2,83.6,100,83.3,150,,,,,,,,,,,,,,,,,83.8,12,,,,,,,,,,,,,,,,,,
2026-07-01T18:01:45.619413+00:00,2026-07-01T18:01:45.619356,2,2,83.7,0.2,83.6,100,83.3,150,,,,,,,,,,,,,,,,,83.8,12,84.1,100,,,,,,,,,,,,,,,,
2026-07-01T18:01:45.695109+00:00,2026-07-01T18:01:45.695217,1,1,83.85,0.5,83.6,100,,,,,,,,,,,,,,,,,,,84.1,100,,,,,,,,,,,,,,,,,,
2026-07-01T18:01:45.746760+00:00,2026-07-01T18:01:45.747037,2,1,83.95,0.3,83.8,145,83.6,100,,,,,,,,,,,,,,,,,84.1,100,,,,,,,,,,,,,,,,,,
2026-07-01T18:01:45.790224+00:00,2026-07-01T18:01:45.790378,2,1,83.95,0.3,83.8,140,83.6,100,,,,,,,,,,,,,,,,,84.1,100,,,,,,,,,,,,,,,,,,
2026-07-01T18:01:45.803255+00:00,2026-07-01T18:01:45.803191,2,2,83.95,0.3,83.8,140,83.6,100,,,,,,,,,,,,,,,,,84.1,100,84.3,150,,,,,,,,,,,,,,,,
2026-07-01T18:01:45.892537+00:00,2026-07-01T18:01:45.892498,2,2,83.95,0.3,83.8,135,83.6,100,,,,,,,,,,,,,,,,,84.1,100,84.3,150,,,,,,,,,,,,,,,,
2026-07-01T18:01:46.181743+00:00,2026-07-01T18:01:46.181541,2,2,83.95,0.3,83.8,130,83.6,100,,,,,,,,,,,,,,,,,84.1,100,84.3,150,,,,,,,,,,,,,,,,
2026-07-01T18:01:46.324326+00:00,2026-07-01T18:01:46.324175,2,2,83.95,0.3,83.8,86,83.6,100,,,,,,,,,,,,,,,,,84.1,100,84.3,150,,,,,,,,,,,,,,,,
2026-07-01T18:01:46.558774+00:00,2026-07-01T18:01:46.558675,2,2,83.95,0.3,83.8,82,83.6,100,,,,,,,,,,,,,,,,,84.1,100,84.3,150,,,,,,,,,,,,,,,,
2026-07-01T18:01:46.808038+00:00,2026-07-01T18:01:46.808299,3,2,83.95,0.3,83.8,78,83.6,100,83.5,2,,,,,,,,,,,,,,,84.1,100,84.3,150,,,,,,,,,,,,,,,,
2026-07-01T18:01:46.863981+00:00,2026-07-01T18:01:46.863929,2,2,83.85,0.5,83.6,100,83.5,2,,,,,,,,,,,,,,,,,84.1,100,84.3,150,,,,,,,,,,,,,,,,
2026-07-01T18:01:47.113047+00:00,2026-07-01T18:01:47.112880,2,2,83.85,0.5,83.6,100,83.5,1,,,,,,,,,,,,,,,,,84.1,100,84.3,150,,,,,,,,,,,,,,,,
2026-07-01T18:01:47.199947+00:00,2026-07-01T18:01:47.199873,2,3,83.7,0.2,83.6,100,83.5,1,,,,,,,,,,,,,,,,,83.8,5,84.1,100,84.3,150,,,,,,,,,,,,,,
2026-07-01T18:01:47.240019+00:00,2026-07-01T18:01:47.239949,1,3,83.7,0.2,83.6,100,,,,,,,,,,,,,,,,,,,83.8,5,84.1,100,84.3,150,,,,,,,,,,,,,,
2026-07-01T18:01:47.364024+00:00,2026-07-01T18:01:47.363967,1,3,83.7,0.2,83.6,50,,,,,,,,,,,,,,,,,,,83.8,5,84.1,100,84.3,150,,,,,,,,,,,,,,
2026-07-01T18:01:48.673909+00:00,2026-07-01T18:01:48.673783,0,2,,,,,,,,,,,,,,,,,,,,,,,83.8,5,84.3,150,,,,,,,,,,,,,,,,
2026-07-01T18:01:48.728979+00:00,2026-07-01T18:01:48.728919,1,2,83.6,0.4,83.4,100,,,,,,,,,,,,,,,,,,,83.8,5,84.3,150,,,,,,,,,,,,,,,,
2026-07-01T18:01:48.779350+00:00,2026-07-01T18:01:48.779283,1,3,83.6,0.4,83.4,100,,,,,,,,,,,,,,,,,,,83.8,5,83.9,100,84.3,150,,,,,,,,,,,,,,
2026-07-01T18:01:48.863958+00:00,2026-07-01T18:01:48.863821,1,2,83.6,0.4,83.4,100,,,,,,,,,,,,,,,,,,,83.8,5,83.9,100,,,,,,,,,,,,,,,,
2026-07-01T18:01:48.903673+00:00,2026-07-01T18:01:48.903653,2,2,83.6,0.4,83.4,100,83.2,150,,,,,,,,,,,,,,,,,83.8,5,83.9,100,,,,,,,,,,,,,,,,
2026-07-01T18:01:48.919967+00:00,2026-07-01T18:01:48.919885,2,2,83.6,0.4,83.4,100,83.2,150,,,,,,,,,,,,,,,,,83.8,4,83.9,100,,,,,,,,,,,,,,,,
2026-07-01T18:01:48.958619+00:00,2026-07-01T18:01:48.956293,2,3,83.55,0.3,83.4,100,83.2,150,,,,,,,,,,,,,,,,,83.7,150,83.8,4,83.9,100,,,,,,,,,,,,,,
2026-07-01T18:01:49.458576+00:00,2026-07-01T18:01:49.453107,2,3,83.55,0.3,83.4,50,83.2,150,,,,,,,,,,,,,,,,,83.7,150,83.8,4,83.9,100,,,,,,,,,,,,,,
2026-07-01T18:01:49.948498+00:00,2026-07-01T18:01:49.958706,2,3,83.55,0.3,83.4,50,83.2,150,,,,,,,,,,,,,,,,,83.7,109,83.8,4,83.9,100,,,,,,,,,,,,,,
2026-07-01T18:01:50.801753+00:00,2026-07-01T18:01:50.801929,2,2,83.6,0.4,83.4,50,83.2,150,,,,,,,,,,,,,,,,,83.8,4,83.9,100,,,,,,,,,,,,,,,,
2026-07-01T18:01:50.926252+00:00,2026-07-01T18:01:50.926140,2,2,83.6,0.4,83.4,50,83.2,150,,,,,,,,,,,,,,,,,83.8,1,83.9,100,,,,,,,,,,,,,,,,
2026-07-01T18:01:51.006833+00:00,2026-07-01T18:01:51.006779,2,2,83.6,0.4,83.4,9,83.2,150,,,,,,,,,,,,,,,,,83.8,1,83.9,100,,,,,,,,,,,,,,,,
2026-07-01T18:01:51.424768+00:00,2026-07-01T18:01:51.424917,3,2,83.65,0.3,83.5,5,83.4,9,83.2,150,,,,,,,,,,,,,,,83.8,1,83.9,100,,,,,,,,,,,,,,,,
2026-07-01T18:01:51.574746+00:00,2026-07-01T18:01:51.574704,1,2,83.5,0.6,83.2,114,,,,,,,,,,,,,,,,,,,83.8,1,83.9,100,,,,,,,,,,,,,,,,
2026-07-01T18:01:51.836956+00:00,2026-07-01T18:01:51.836818,1,1,83.5,0.6,83.2,114,,,,,,,,,,,,,,,,,,,83.8,1,,,,,,,,,,,,,,,,,,
2026-07-01T18:01:51.891207+00:00,2026-07-01T18:01:51.891310,2,1,83.6,0.4,83.4,100,83.2,114,,,,,,,,,,,,,,,,,83.8,1,,,,,,,,,,,,,,,,,,
2026-07-01T18:01:51.944561+00:00,2026-07-01T18:01:51.944419,2,2,83.6,0.4,83.4,100,83.2,114,,,,,,,,,,,,,,,,,83.8,1,83.9,100,,,,,,,,,,,,,,,,
2026-07-01T18:01:51.985225+00:00,2026-07-01T18:01:51.985177,2,1,83.65,0.5,83.4,100,83.2,114,,,,,,,,,,,,,,,,,83.9,57,,,,,,,,,,,,,,,,,,
2026-07-01T18:01:52.011104+00:00,2026-07-01T18:01:52.011056,1,1,83.65,0.5,83.4,100,,,,,,,,,,,,,,,,,,,83.9,57,,,,,,,,,,,,,,,,,,
2026-07-01T18:01:52.063907+00:00,2026-07-01T18:01:52.063844,2,0,,,83.9,93,83.4,100,,,,,,,,,,,,,,,,,,,,,,,,,,,,,,,,,,,,
2026-07-01T18:01:52.127545+00:00,2026-07-01T18:01:52.122554,2,1,84.15,0.5,83.9,90,83.4,100,,,,,,,,,,,,,,,,,84.4,150,,,,,,,,,,,,,,,,,,
2026-07-01T18:01:52.963792+00:00,2026-07-01T18:01:52.963978,3,1,84.15,0.5,83.9,90,83.5,4,83.4,100,,,,,,,,,,,,,,,84.4,150,,,,,,,,,,,,,,,,,,
2026-07-01T18:01:53.427104+00:00,2026-07-01T18:01:53.419524,2,1,83.95,0.9,83.5,4,83.4,100,,,,,,,,,,,,,,,,,84.4,150,,,,,,,,,,,,,,,,,,
2026-07-01T18:01:53.574299+00:00,2026-07-01T18:01:53.574199,1,1,83.9,1.0,83.4,60,,,,,,,,,,,,,,,,,,,84.4,150,,,,,,,,,,,,,,,,,,
2026-07-01T18:01:54.342113+00:00,2026-07-01T18:01:54.342001,2,1,83.95,0.9,83.5,4,83.4,60,,,,,,,,,,,,,,,,,84.4,150,,,,,,,,,,,,,,,,,,
2026-07-01T18:01:54.983716+00:00,2026-07-01T18:01:54.983616,2,2,83.65,0.3,83.5,4,83.4,60,,,,,,,,,,,,,,,,,83.8,2,84.4,150,,,,,,,,,,,,,,,,
2026-07-01T18:01:54.988849+00:00,2026-07-01T18:01:54.988821,2,1,83.95,0.9,83.5,4,83.4,60,,,,,,,,,,,,,,,,,84.4,150,,,,,,,,,,,,,,,,,,
2026-07-01T18:01:54.994007+00:00,2026-07-01T18:01:54.993965,1,1,83.95,0.9,83.5,4,,,,,,,,,,,,,,,,,,,84.4,150,,,,,,,,,,,,,,,,,,
2026-07-01T18:01:55.047279+00:00,2026-07-01T18:01:55.047218,2,1,83.95,0.9,83.5,4,83.3,100,,,,,,,,,,,,,,,,,84.4,150,,,,,,,,,,,,,,,,,,
2026-07-01T18:01:55.102966+00:00,2026-07-01T18:01:55.102921,2,2,83.65,0.3,83.5,4,83.3,100,,,,,,,,,,,,,,,,,83.8,100,84.4,150,,,,,,,,,,,,,,,,
2026-07-01T18:01:55.172163+00:00,2026-07-01T18:01:55.172343,2,1,83.65,0.3,83.5,4,83.3,100,,,,,,,,,,,,,,,,,83.8,100,,,,,,,,,,,,,,,,,,
2026-07-01T18:01:55.229928+00:00,2026-07-01T18:01:55.229864,3,1,83.65,0.3,83.5,4,83.3,100,83.0,150,,,,,,,,,,,,,,,83.8,100,,,,,,,,,,,,,,,,,,
2026-07-01T18:01:55.297104+00:00,2026-07-01T18:01:55.287706,2,2,83.4,0.2,83.3,100,83.0,150,,,,,,,,,,,,,,,,,83.5,143,83.8,100,,,,,,,,,,,,,,,,
2026-07-01T18:01:55.338529+00:00,2026-07-01T18:01:55.338702,2,2,83.4,0.2,83.3,100,83.0,150,,,,,,,,,,,,,,,,,83.5,140,83.8,100,,,,,,,,,,,,,,,,
2026-07-01T18:01:55.344085+00:00,2026-07-01T18:01:55.343857,2,2,83.4,0.2,83.3,100,83.0,150,,,,,,,,,,,,,,,,,83.5,140,83.8,103,,,,,,,,,,,,,,,,
2026-07-01T18:01:55.782523+00:00,2026-07-01T18:01:55.782433,2,2,83.4,0.2,83.3,50,83.0,150,,,,,,,,,,,,,,,,,83.5,140,83.8,103,,,,,,,,,,,,,,,,
2026-07-01T18:01:56.341337+00:00,2026-07-01T18:01:56.341187,2,2,83.4,0.2,83.3,50,83.0,150,,,,,,,,,,,,,,,,,83.5,138,83.8,103,,,,,,,,,,,,,,,,
2026-07-01T18:01:56.369936+00:00,2026-07-01T18:01:56.369889,2,2,83.4,0.2,83.3,50,83.0,150,,,,,,,,,,,,,,,,,83.5,135,83.8,103,,,,,,,,,,,,,,,,
2026-07-01T18:01:57.868985+00:00,2026-07-01T18:01:57.868851,3,2,83.45,0.1,83.4,2,83.3,50,83.0,150,,,,,,,,,,,,,,,83.5,135,83.8,103,,,,,,,,,,,,,,,,
2026-07-01T18:01:58.091226+00:00,2026-07-01T18:01:58.091371,3,2,83.45,0.1,83.4,2,83.3,50,83.0,150,,,,,,,,,,,,,,,83.5,92,83.8,103,,,,,,,,,,,,,,,,
2026-07-01T18:01:58.158640+00:00,2026-07-01T18:01:58.156374,2,2,83.45,0.1,83.4,2,83.0,150,,,,,,,,,,,,,,,,,83.5,92,83.8,3,,,,,,,,,,,,,,,,
2026-07-01T18:01:58.210756+00:00,2026-07-01T18:01:58.210671,3,2,83.45,0.1,83.4,2,83.1,100,83.0,150,,,,,,,,,,,,,,,83.5,92,83.8,3,,,,,,,,,,,,,,,,
2026-07-01T18:01:58.258716+00:00,2026-07-01T18:01:58.255043,3,3,83.45,0.1,83.4,2,83.1,100,83.0,150,,,,,,,,,,,,,,,83.5,92,83.6,100,83.8,3,,,,,,,,,,,,,,
2026-07-01T18:01:58.340537+00:00,2026-07-01T18:01:58.340471,2,2,83.5,0.2,83.4,2,83.1,100,,,,,,,,,,,,,,,,,83.6,100,83.8,3,,,,,,,,,,,,,,,,
2026-07-01T18:01:58.410798+00:00,2026-07-01T18:01:58.410927,3,2,83.5,0.2,83.4,2,83.2,150,83.1,100,,,,,,,,,,,,,,,83.6,100,83.8,3,,,,,,,,,,,,,,,,
2026-07-01T18:01:58.468715+00:00,2026-07-01T18:01:58.468925,3,3,83.5,0.2,83.4,2,83.2,150,83.1,100,,,,,,,,,,,,,,,83.6,100,83.7,150,83.8,3,,,,,,,,,,,,,,
2026-07-01T18:01:58.697397+00:00,2026-07-01T18:01:58.697346,3,3,83.5,0.2,83.4,2,83.2,150,83.1,100,,,,,,,,,,,,,,,83.6,57,83.7,150,83.8,3,,,,,,,,,,,,,,
2026-07-01T18:01:59.955314+00:00,2026-07-01T18:01:59.955482,3,3,83.5,0.2,83.4,2,83.2,150,83.1,100,,,,,,,,,,,,,,,83.6,7,83.7,150,83.8,3,,,,,,,,,,,,,,
2026-07-01T18:02:00.663707+00:00,2026-07-01T18:02:00.664012,3,3,83.5,0.2,83.4,1,83.2,150,83.1,100,,,,,,,,,,,,,,,83.6,7,83.7,150,83.8,3,,,,,,,,,,,,,,
2026-07-01T18:02:01.315818+00:00,2026-07-01T18:02:01.315732,2,2,83.55,0.3,83.4,1,83.2,150,,,,,,,,,,,,,,,,,83.7,150,83.8,3,,,,,,,,,,,,,,,,
2026-07-01T18:02:01.369125+00:00,2026-07-01T18:02:01.369015,3,2,83.55,0.3,83.4,1,83.3,100,83.2,150,,,,,,,,,,,,,,,83.7,150,83.8,3,,,,,,,,,,,,,,,,
2026-07-01T18:02:01.422993+00:00,2026-07-01T18:02:01.422933,3,2,83.55,0.3,83.4,1,83.3,100,83.2,150,,,,,,,,,,,,,,,83.7,150,83.8,103,,,,,,,,,,,,,,,,
2026-07-01T18:02:01.518698+00:00,2026-07-01T18:02:01.518632,3,1,83.6,0.4,83.4,1,83.3,100,83.2,150,,,,,,,,,,,,,,,83.8,103,,,,,,,,,,,,,,,,,,
2026-07-01T18:02:01.523902+00:00,2026-07-01T18:02:01.523779,2,1,83.6,0.4,83.4,1,83.3,100,,,,,,,,,,,,,,,,,83.8,103,,,,,,,,,,,,,,,,,,
2026-07-01T18:02:01.578569+00:00,2026-07-01T18:02:01.578478,3,1,83.6,0.4,83.4,1,83.3,100,83.1,150,,,,,,,,,,,,,,,83.8,103,,,,,,,,,,,,,,,,,,
2026-07-01T18:02:01.631449+00:00,2026-07-01T18:02:01.631529,3,2,83.5,0.2,83.4,1,83.3,100,83.1,150,,,,,,,,,,,,,,,83.6,150,83.8,103,,,,,,,,,,,,,,,,
2026-07-01T18:02:02.063841+00:00,2026-07-01T18:02:02.064201,3,2,83.5,0.2,83.4,1,83.3,100,83.1,150,,,,,,,,,,,,,,,83.6,100,83.8,103,,,,,,,,,,,,,,,,
2026-07-01T18:02:02.332410+00:00,2026-07-01T18:02:02.332351,2,2,83.45,0.3,83.3,58,83.1,150,,,,,,,,,,,,,,,,,83.6,100,83.8,103,,,,,,,,,,,,,,,,
2026-07-01T18:02:02.608698+00:00,2026-07-01T18:02:02.597011,2,1,83.55,0.5,83.3,58,83.1,150,,,,,,,,,,,,,,,,,83.8,103,,,,,,,,,,,,,,,,,,
2026-07-01T18:02:03.489993+00:00,2026-07-01T18:02:03.489956,2,1,83.55,0.5,83.3,58,83.1,150,,,,,,,,,,,,,,,,,83.8,54,,,,,,,,,,,,,,,,,,
2026-07-01T18:02:03.721821+00:00,2026-07-01T18:02:03.721747,2,2,83.5,0.4,83.3,58,83.1,150,,,,,,,,,,,,,,,,,83.7,4,83.8,54,,,,,,,,,,,,,,,,
2026-07-01T18:02:03.727173+00:00,2026-07-01T18:02:03.727098,2,1,83.55,0.5,83.3,58,83.1,150,,,,,,,,,,,,,,,,,83.8,54,,,,,,,,,,,,,,,,,,
2026-07-01T18:02:03.828468+00:00,2026-07-01T18:02:03.828361,2,2,83.5,0.4,83.3,58,83.1,150,,,,,,,,,,,,,,,,,83.7,4,83.8,54,,,,,,,,,,,,,,,,
2026-07-01T18:02:04.174486+00:00,2026-07-01T18:02:04.174352,2,1,83.55,0.5,83.3,58,83.1,150,,,,,,,,,,,,,,,,,83.8,8,,,,,,,,,,,,,,,,,,
2026-07-01T18:02:04.421829+00:00,2026-07-01T18:02:04.421747,3,2,83.55,0.3,83.4,2,83.3,58,83.1,150,,,,,,,,,,,,,,,83.7,4,83.8,8,,,,,,,,,,,,,,,,
2026-07-01T18:02:04.480086+00:00,2026-07-01T18:02:04.479938,2,1,83.55,0.3,83.4,2,83.1,150,,,,,,,,,,,,,,,,,83.7,4,,,,,,,,,,,,,,,,,,
2026-07-01T18:02:04.543542+00:00,2026-07-01T18:02:04.533597,3,1,83.6,0.2,83.5,100,83.4,2,83.1,150,,,,,,,,,,,,,,,83.7,4,,,,,,,,,,,,,,,,,,
2026-07-01T18:02:04.590141+00:00,2026-07-01T18:02:04.590057,3,2,83.6,0.2,83.5,100,83.4,2,83.1,150,,,,,,,,,,,,,,,83.7,4,84.0,100,,,,,,,,,,,,,,,,
2026-07-01T18:02:04.682539+00:00,2026-07-01T18:02:04.682390,2,2,83.6,0.2,83.5,100,83.4,2,,,,,,,,,,,,,,,,,83.7,4,84.0,100,,,,,,,,,,,,,,,,
2026-07-01T18:02:04.769452+00:00,2026-07-01T18:02:04.763048,3,1,83.9,0.2,83.8,143,83.5,100,83.4,2,,,,,,,,,,,,,,,84.0,100,,,,,,,,,,,,,,,,,,
2026-07-01T18:02:04.795219+00:00,2026-07-01T18:02:04.795171,3,2,83.9,0.2,83.8,143,83.5,100,83.4,2,,,,,,,,,,,,,,,84.0,100,84.3,150,,,,,,,,,,,,,,,,
2026-07-01T18:02:05.102023+00:00,2026-07-01T18:02:05.101853,3,2,83.9,0.2,83.8,140,83.5,100,83.4,2,,,,,,,,,,,,,,,84.0,100,84.3,150,,,,,,,,,,,,,,,,
2026-07-01T18:02:05.132863+00:00,2026-07-01T18:02:05.132737,3,2,83.9,0.2,83.8,137,83.5,100,83.4,2,,,,,,,,,,,,,,,84.0,100,84.3,150,,,,,,,,,,,,,,,,
2026-07-01T18:02:05.589149+00:00,2026-07-01T18:02:05.589033,3,2,83.9,0.2,83.8,135,83.5,100,83.4,2,,,,,,,,,,,,,,,84.0,100,84.3,150,,,,,,,,,,,,,,,,
2026-07-01T18:02:05.830836+00:00,2026-07-01T18:02:05.830726,3,2,83.9,0.2,83.8,133,83.5,100,83.4,2,,,,,,,,,,,,,,,84.0,100,84.3,150,,,,,,,,,,,,,,,,
2026-07-01T18:02:05.847244+00:00,2026-07-01T18:02:05.847785,3,2,83.9,0.2,83.8,131,83.5,100,83.4,2,,,,,,,,,,,,,,,84.0,100,84.3,150,,,,,,,,,,,,,,,,
2026-07-01T18:02:07.529120+00:00,2026-07-01T18:02:07.529039,3,2,83.9,0.2,83.8,82,83.5,100,83.4,2,,,,,,,,,,,,,,,84.0,100,84.3,150,,,,,,,,,,,,,,,,
2026-07-01T18:02:07.640964+00:00,2026-07-01T18:02:07.640850,3,1,84.05,0.5,83.8,82,83.5,100,83.4,2,,,,,,,,,,,,,,,84.3,150,,,,,,,,,,,,,,,,,,
2026-07-01T18:02:07.646078+00:00,2026-07-01T18:02:07.646014,2,1,84.05,0.5,83.8,82,83.4,2,,,,,,,,,,,,,,,,,84.3,150,,,,,,,,,,,,,,,,,,
2026-07-01T18:02:07.696728+00:00,2026-07-01T18:02:07.696636,3,1,84.05,0.5,83.8,82,83.7,100,83.4,2,,,,,,,,,,,,,,,84.3,150,,,,,,,,,,,,,,,,,,
2026-07-01T18:02:07.749989+00:00,2026-07-01T18:02:07.750092,3,2,84.0,0.4,83.8,82,83.7,100,83.4,2,,,,,,,,,,,,,,,84.2,100,84.3,150,,,,,,,,,,,,,,,,
2026-07-01T18:02:07.858593+00:00,2026-07-01T18:02:07.846981,2,1,83.95,0.5,83.7,100,83.4,2,,,,,,,,,,,,,,,,,84.2,100,,,,,,,,,,,,,,,,,,
2026-07-01T18:02:07.904228+00:00,2026-07-01T18:02:07.904331,2,1,83.95,0.5,83.7,250,83.4,2,,,,,,,,,,,,,,,,,84.2,100,,,,,,,,,,,,,,,,,,
2026-07-01T18:02:07.958562+00:00,2026-07-01T18:02:07.954143,2,1,83.95,0.5,83.7,250,83.4,2,,,,,,,,,,,,,,,,,84.2,250,,,,,,,,,,,,,,,,,,
2026-07-01T18:02:08.458881+00:00,2026-07-01T18:02:08.458706,2,1,83.95,0.5,83.7,200,83.4,2,,,,,,,,,,,,,,,,,84.2,250,,,,,,,,,,,,,,,,,,
2026-07-01T18:02:10.204068+00:00,2026-07-01T18:02:10.203988,2,2,83.75,0.1,83.7,200,83.4,2,,,,,,,,,,,,,,,,,83.8,2,84.2,250,,,,,,,,,,,,,,,,
2026-07-01T18:02:10.532116+00:00,2026-07-01T18:02:10.532050,2,1,83.95,0.5,83.7,200,83.4,2,,,,,,,,,,,,,,,,,84.2,250,,,,,,,,,,,,,,,,,,
2026-07-01T18:02:10.574127+00:00,2026-07-01T18:02:10.574072,2,1,83.95,0.5,83.7,150,83.4,2,,,,,,,,,,,,,,,,,84.2,250,,,,,,,,,,,,,,,,,,
2026-07-01T18:02:10.808230+00:00,2026-07-01T18:02:10.808041,2,1,83.95,0.5,83.7,150,83.4,2,,,,,,,,,,,,,,,,,84.2,150,,,,,,,,,,,,,,,,,,
2026-07-01T18:02:10.863926+00:00,2026-07-01T18:02:10.863858,2,1,83.95,0.5,83.7,150,83.4,102,,,,,,,,,,,,,,,,,84.2,150,,,,,,,,,,,,,,,,,,
2026-07-01T18:02:10.912515+00:00,2026-07-01T18:02:10.912439,2,2,83.8,0.2,83.7,150,83.4,102,,,,,,,,,,,,,,,,,83.9,100,84.2,150,,,,,,,,,,,,,,,,
2026-07-01T18:02:11.013528+00:00,2026-07-01T18:02:11.013445,1,1,83.65,0.5,83.4,102,,,,,,,,,,,,,,,,,,,83.9,100,,,,,,,,,,,,,,,,,,
2026-07-01T18:02:11.069877+00:00,2026-07-01T18:02:11.069777,2,1,83.8,0.2,83.7,150,83.4,102,,,,,,,,,,,,,,,,,83.9,100,,,,,,,,,,,,,,,,,,
2026-07-01T18:02:11.120466+00:00,2026-07-01T18:02:11.120408,2,2,83.8,0.2,83.7,150,83.4,102,,,,,,,,,,,,,,,,,83.9,100,84.2,150,,,,,,,,,,,,,,,,
2026-07-01T18:02:11.630962+00:00,2026-07-01T18:02:11.630929,2,2,83.8,0.2,83.7,109,83.4,102,,,,,,,,,,,,,,,,,83.9,100,84.2,150,,,,,,,,,,,,,,,,
2026-07-01T18:02:11.816148+00:00,2026-07-01T18:02:11.807085,2,2,83.8,0.2,83.7,109,83.4,102,,,,,,,,,,,,,,,,,83.9,97,84.2,150,,,,,,,,,,,,,,,,
2026-07-01T18:02:12.681854+00:00,2026-07-01T18:02:12.681753,2,2,83.8,0.2,83.7,59,83.4,102,,,,,,,,,,,,,,,,,83.9,97,84.2,150,,,,,,,,,,,,,,,,
2026-07-01T18:02:12.974343+00:00,2026-07-01T18:02:12.974297,2,3,83.75,0.1,83.7,59,83.4,102,,,,,,,,,,,,,,,,,83.8,2,83.9,97,84.2,150,,,,,,,,,,,,,,
2026-07-01T18:02:13.009074+00:00,2026-07-01T18:02:13.009021,2,3,83.75,0.1,83.7,59,83.4,100,,,,,,,,,,,,,,,,,83.8,2,83.9,97,84.2,150,,,,,,,,,,,,,,
2026-07-01T18:02:13.088544+00:00,2026-07-01T18:02:13.088489,3,3,83.75,0.1,83.7,59,83.6,4,83.4,100,,,,,,,,,,,,,,,83.8,2,83.9,97,84.2,150,,,,,,,,,,,,,,
2026-07-01T18:02:13.216581+00:00,2026-07-01T18:02:13.216531,3,3,83.75,0.1,83.7,59,83.6,3,83.4,100,,,,,,,,,,,,,,,83.8,2,83.9,97,84.2,150,,,,,,,,,,,,,,
2026-07-01T18:02:13.963740+00:00,2026-07-01T18:02:13.963899,2,2,83.75,0.1,83.7,59,83.6,3,,,,,,,,,,,,,,,,,83.8,2,84.2,150,,,,,,,,,,,,,,,,
2026-07-01T18:02:14.021679+00:00,2026-07-01T18:02:14.021571,2,2,83.75,0.1,83.7,159,83.6,3,,,,,,,,,,,,,,,,,83.8,2,84.2,150,,,,,,,,,,,,,,,,
2026-07-01T18:02:14.075400+00:00,2026-07-01T18:02:14.075292,2,2,83.75,0.1,83.7,159,83.6,3,,,,,,,,,,,,,,,,,83.8,2,84.2,250,,,,,,,,,,,,,,,,
2026-07-01T18:02:14.185181+00:00,2026-07-01T18:02:14.185158,2,2,83.75,0.1,83.7,100,83.6,3,,,,,,,,,,,,,,,,,83.8,2,84.2,100,,,,,,,,,,,,,,,,
2026-07-01T18:02:14.227330+00:00,2026-07-01T18:02:14.227442,2,2,83.75,0.1,83.7,100,83.6,3,,,,,,,,,,,,,,,,,83.8,1,84.2,100,,,,,,,,,,,,,,,,
2026-07-01T18:02:14.258595+00:00,2026-07-01T18:02:14.242557,2,2,83.75,0.1,83.7,100,83.6,153,,,,,,,,,,,,,,,,,83.8,1,84.2,100,,,,,,,,,,,,,,,,
2026-07-01T18:02:14.295701+00:00,2026-07-01T18:02:14.295628,2,3,83.75,0.1,83.7,100,83.6,153,,,,,,,,,,,,,,,,,83.8,1,84.1,150,84.2,100,,,,,,,,,,,,,,
2026-07-01T18:02:14.764095+00:00,2026-07-01T18:02:14.763913,2,3,83.75,0.1,83.7,52,83.6,153,,,,,,,,,,,,,,,,,83.8,1,84.1,150,84.2,100,,,,,,,,,,,,,,
2026-07-01T18:02:14.812893+00:00,2026-07-01T18:02:14.812754,2,3,83.75,0.1,83.7,2,83.6,153,,,,,,,,,,,,,,,,,83.8,1,84.1,150,84.2,100,,,,,,,,,,,,,,
2026-07-01T18:02:16.918169+00:00,2026-07-01T18:02:16.918073,1,3,83.7,0.2,83.6,153,,,,,,,,,,,,,,,,,,,83.8,1,84.1,150,84.2,100,,,,,,,,,,,,,,
2026-07-01T18:02:17.128613+00:00,2026-07-01T18:02:17.128493,1,2,83.7,0.2,83.6,153,,,,,,,,,,,,,,,,,,,83.8,1,84.1,150,,,,,,,,,,,,,,,,
2026-07-01T18:02:17.181113+00:00,2026-07-01T18:02:17.181269,2,2,83.7,0.2,83.6,153,83.3,100,,,,,,,,,,,,,,,,,83.8,1,84.1,150,,,,,,,,,,,,,,,,
2026-07-01T18:02:17.233790+00:00,2026-07-01T18:02:17.233728,2,2,83.7,0.2,83.6,153,83.3,100,,,,,,,,,,,,,,,,,83.8,101,84.1,150,,,,,,,,,,,,,,,,
2026-07-01T18:02:17.309731+00:00,2026-07-01T18:02:17.309706,2,2,83.7,0.2,83.6,153,83.3,100,,,,,,,,,,,,,,,,,83.8,58,84.1,150,,,,,,,,,,,,,,,,
2026-07-01T18:02:17.348944+00:00,2026-07-01T18:02:17.348878,2,1,83.7,0.2,83.6,3,83.3,100,,,,,,,,,,,,,,,,,83.8,58,,,,,,,,,,,,,,,,,,
2026-07-01T18:02:17.403498+00:00,2026-07-01T18:02:17.403431,3,1,83.7,0.2,83.6,3,83.5,150,83.3,100,,,,,,,,,,,,,,,83.8,58,,,,,,,,,,,,,,,,,,
2026-07-01T18:02:17.458600+00:00,2026-07-01T18:02:17.450506,3,2,83.7,0.2,83.6,3,83.5,150,83.3,100,,,,,,,,,,,,,,,83.8,58,84.0,150,,,,,,,,,,,,,,,,
2026-07-01T18:02:19.030548+00:00,2026-07-01T18:02:19.030441,2,2,83.65,0.3,83.5,103,83.3,100,,,,,,,,,,,,,,,,,83.8,58,84.0,150,,,,,,,,,,,,,,,,
2026-07-01T18:02:19.605777+00:00,2026-07-01T18:02:19.605589,3,2,83.7,0.2,83.6,6,83.5,103,83.3,100,,,,,,,,,,,,,,,83.8,58,84.0,150,,,,,,,,,,,,,,,,
2026-07-01T18:02:20.213328+00:00,2026-07-01T18:02:20.213247,3,2,83.7,0.2,83.6,6,83.5,103,83.3,100,,,,,,,,,,,,,,,83.8,13,84.0,150,,,,,,,,,,,,,,,,
2026-07-01T18:02:20.283735+00:00,2026-07-01T18:02:20.283630,2,1,83.8,0.4,83.6,6,83.5,103,,,,,,,,,,,,,,,,,84.0,150,,,,,,,,,,,,,,,,,,
2026-07-01T18:02:20.342870+00:00,2026-07-01T18:02:20.342733,3,1,83.8,0.4,83.6,6,83.5,103,83.4,100,,,,,,,,,,,,,,,84.0,150,,,,,,,,,,,,,,,,,,
2026-07-01T18:02:20.391217+00:00,2026-07-01T18:02:20.391174,3,2,83.75,0.3,83.6,6,83.5,103,83.4,100,,,,,,,,,,,,,,,83.9,100,84.0,150,,,,,,,,,,,,,,,,
2026-07-01T18:02:20.511982+00:00,2026-07-01T18:02:20.511922,2,1,83.75,0.3,83.6,6,83.4,100,,,,,,,,,,,,,,,,,83.9,100,,,,,,,,,,,,,,,,,,
2026-07-01T18:02:20.566107+00:00,2026-07-01T18:02:20.566001,3,1,83.75,0.3,83.6,6,83.4,100,83.2,150,,,,,,,,,,,,,,,83.9,100,,,,,,,,,,,,,,,,,,
2026-07-01T18:02:20.617798+00:00,2026-07-01T18:02:20.617662,3,2,83.65,0.1,83.6,6,83.4,100,83.2,150,,,,,,,,,,,,,,,83.7,150,83.9,100,,,,,,,,,,,,,,,,
2026-07-01T18:02:21.141072+00:00,2026-07-01T18:02:21.141216,2,2,83.55,0.3,83.4,56,83.2,150,,,,,,,,,,,,,,,,,83.7,150,83.9,100,,,,,,,,,,,,,,,,
2026-07-01T18:02:21.245859+00:00,2026-07-01T18:02:21.246021,3,2,83.6,0.2,83.5,6,83.4,56,83.2,150,,,,,,,,,,,,,,,83.7,150,83.9,100,,,,,,,,,,,,,,,,
2026-07-01T18:02:21.316409+00:00,2026-07-01T18:02:21.316310,3,2,83.6,0.2,83.5,6,83.4,56,83.2,150,,,,,,,,,,,,,,,83.7,107,83.9,100,,,,,,,,,,,,,,,,
2026-07-01T18:02:22.191776+00:00,2026-07-01T18:02:22.191663,3,2,83.6,0.2,83.5,5,83.4,56,83.2,150,,,,,,,,,,,,,,,83.7,107,83.9,100,,,,,,,,,,,,,,,,
2026-07-01T18:02:22.279168+00:00,2026-07-01T18:02:22.279249,2,2,83.55,0.3,83.4,13,83.2,150,,,,,,,,,,,,,,,,,83.7,107,83.9,100,,,,,,,,,,,,,,,,
2026-07-01T18:02:22.798817+00:00,2026-07-01T18:02:22.798681,2,2,83.55,0.3,83.4,13,83.2,150,,,,,,,,,,,,,,,,,83.7,65,83.9,100,,,,,,,,,,,,,,,,
2026-07-01T18:02:22.858556+00:00,2026-07-01T18:02:22.854761,3,2,83.6,0.2,83.5,5,83.4,13,83.2,150,,,,,,,,,,,,,,,83.7,65,83.9,100,,,,,,,,,,,,,,,,
2026-07-01T18:02:23.279446+00:00,2026-07-01T18:02:23.273444,3,2,83.6,0.2,83.5,5,83.4,13,83.2,150,,,,,,,,,,,,,,,83.7,62,83.9,100,,,,,,,,,,,,,,,,
2026-07-01T18:02:23.458654+00:00,2026-07-01T18:02:23.449773,2,1,83.6,0.2,83.5,5,83.2,150,,,,,,,,,,,,,,,,,83.7,62,,,,,,,,,,,,,,,,,,
2026-07-01T18:02:23.504936+00:00,2026-07-01T18:02:23.504864,3,1,83.6,0.2,83.5,5,83.4,100,83.2,150,,,,,,,,,,,,,,,83.7,62,,,,,,,,,,,,,,,,,,
2026-07-01T18:02:23.558584+00:00,2026-07-01T18:02:23.557555,3,2,83.6,0.2,83.5,5,83.4,100,83.2,150,,,,,,,,,,,,,,,83.7,62,83.9,100,,,,,,,,,,,,,,,,
2026-07-01T18:02:23.672702+00:00,2026-07-01T18:02:23.672594,2,1,83.7,0.4,83.5,5,83.4,100,,,,,,,,,,,,,,,,,83.9,100,,,,,,,,,,,,,,,,,,
2026-07-01T18:02:23.727707+00:00,2026-07-01T18:02:23.727650,3,1,83.85,0.1,83.8,150,83.5,5,83.4,100,,,,,,,,,,,,,,,83.9,100,,,,,,,,,,,,,,,,,,
2026-07-01T18:02:23.781579+00:00,2026-07-01T18:02:23.781525,3,2,83.85,0.1,83.8,150,83.5,5,83.4,100,,,,,,,,,,,,,,,83.9,100,84.3,150,,,,,,,,,,,,,,,,
2026-07-01T18:02:25.388170+00:00,2026-07-01T18:02:25.388316,3,2,83.85,0.1,83.8,100,83.5,5,83.4,100,,,,,,,,,,,,,,,83.9,100,84.3,150,,,,,,,,,,,,,,,,
2026-07-01T18:02:26.610085+00:00,2026-07-01T18:02:26.609994,2,1,84.05,0.5,83.8,100,83.5,5,,,,,,,,,,,,,,,,,84.3,150,,,,,,,,,,,,,,,,,,
2026-07-01T18:02:26.658573+00:00,2026-07-01T18:02:26.654628,3,1,84.05,0.5,83.8,100,83.5,5,83.4,100,,,,,,,,,,,,,,,84.3,150,,,,,,,,,,,,,,,,,,
2026-07-01T18:02:26.711655+00:00,2026-07-01T18:02:26.711551,3,2,83.85,0.1,83.8,100,83.5,5,83.4,100,,,,,,,,,,,,,,,83.9,100,84.3,150,,,,,,,,,,,,,,,,
2026-07-01T18:02:26.835318+00:00,2026-07-01T18:02:26.835206,2,1,83.7,0.4,83.5,5,83.4,100,,,,,,,,,,,,,,,,,83.9,100,,,,,,,,,,,,,,,,,,
2026-07-01T18:02:26.884569+00:00,2026-07-01T18:02:26.884540,3,1,83.75,0.3,83.6,150,83.5,5,83.4,100,,,,,,,,,,,,,,,83.9,100,,,,,,,,,,,,,,,,,,
2026-07-01T18:02:26.942098+00:00,2026-07-01T18:02:26.941992,3,2,83.75,0.3,83.6,150,83.5,5,83.4,100,,,,,,,,,,,,,,,83.9,100,84.1,150,,,,,,,,,,,,,,,,
2026-07-01T18:02:27.469067+00:00,2026-07-01T18:02:27.469028,3,2,83.75,0.3,83.6,150,83.5,5,83.4,100,,,,,,,,,,,,,,,83.9,50,84.1,150,,,,,,,,,,,,,,,,
2026-07-01T18:02:29.448370+00:00,2026-07-01T18:02:29.448322,3,2,83.75,0.3,83.6,102,83.5,5,83.4,100,,,,,,,,,,,,,,,83.9,50,84.1,150,,,,,,,,,,,,,,,,
2026-07-01T18:02:29.624306+00:00,2026-07-01T18:02:29.624195,3,2,83.75,0.3,83.6,52,83.5,5,83.4,100,,,,,,,,,,,,,,,83.9,50,84.1,150,,,,,,,,,,,,,,,,
2026-07-01T18:02:29.768850+00:00,2026-07-01T18:02:29.768791,2,1,83.85,0.5,83.6,52,83.5,5,,,,,,,,,,,,,,,,,84.1,150,,,,,,,,,,,,,,,,,,
2026-07-01T18:02:29.817896+00:00,2026-07-01T18:02:29.817824,2,1,83.85,0.5,83.6,152,83.5,5,,,,,,,,,,,,,,,,,84.1,150,,,,,,,,,,,,,,,,,,
2026-07-01T18:02:29.885035+00:00,2026-07-01T18:02:29.884924,2,1,83.85,0.5,83.6,152,83.5,5,,,,,,,,,,,,,,,,,84.1,250,,,,,,,,,,,,,,,,,,
2026-07-01T18:02:29.974100+00:00,2026-07-01T18:02:29.974047,2,1,83.85,0.5,83.6,152,83.5,5,,,,,,,,,,,,,,,,,84.1,204,,,,,,,,,,,,,,,,,,
2026-07-01T18:02:29.994520+00:00,2026-07-01T18:02:29.994438,2,1,83.85,0.5,83.6,100,83.5,5,,,,,,,,,,,,,,,,,84.1,100,,,,,,,,,,,,,,,,,,
2026-07-01T18:02:30.058615+00:00,2026-07-01T18:02:30.042283,3,1,83.85,0.5,83.6,100,83.5,5,83.4,150,,,,,,,,,,,,,,,84.1,100,,,,,,,,,,,,,,,,,,
2026-07-01T18:02:30.100172+00:00,2026-07-01T18:02:30.100323,3,2,83.75,0.3,83.6,100,83.5,5,83.4,150,,,,,,,,,,,,,,,83.9,150,84.1,100,,,,,,,,,,,,,,,,
2026-07-01T18:02:31.110785+00:00,2026-07-01T18:02:31.110705,3,2,83.75,0.3,83.6,57,83.5,5,83.4,150,,,,,,,,,,,,,,,83.9,150,84.1,100,,,,,,,,,,,,,,,,
2026-07-01T18:02:31.734531+00:00,2026-07-01T18:02:31.734431,3,2,83.75,0.3,83.6,7,83.5,5,83.4,150,,,,,,,,,,,,,,,83.9,150,84.1,100,,,,,,,,,,,,,,,,
2026-07-01T18:02:32.158579+00:00,2026-07-01T18:02:32.143214,1,2,83.65,0.5,83.4,117,,,,,,,,,,,,,,,,,,,83.9,150,84.1,100,,,,,,,,,,,,,,,,
2026-07-01T18:02:32.940977+00:00,2026-07-01T18:02:32.940811,1,1,83.65,0.5,83.4,117,,,,,,,,,,,,,,,,,,,83.9,150,,,,,,,,,,,,,,,,,,
2026-07-01T18:02:32.994769+00:00,2026-07-01T18:02:32.994870,2,1,83.65,0.5,83.4,117,83.1,100,,,,,,,,,,,,,,,,,83.9,150,,,,,,,,,,,,,,,,,,
2026-07-01T18:02:33.047051+00:00,2026-07-01T18:02:33.047009,2,2,83.5,0.2,83.4,117,83.1,100,,,,,,,,,,,,,,,,,83.6,100,83.9,150,,,,,,,,,,,,,,,,
2026-07-01T18:02:33.158895+00:00,2026-07-01T18:02:33.158807,1,1,83.35,0.5,83.1,100,,,,,,,,,,,,,,,,,,,83.6,100,,,,,,,,,,,,,,,,,,
2026-07-01T18:02:33.214160+00:00,2026-07-01T18:02:33.214046,1,1,83.35,0.5,83.1,250,,,,,,,,,,,,,,,,,,,83.6,100,,,,,,,,,,,,,,,,,,
2026-07-01T18:02:33.268696+00:00,2026-07-01T18:02:33.268769,1,1,83.35,0.5,83.1,250,,,,,,,,,,,,,,,,,,,83.6,250,,,,,,,,,,,,,,,,,,
2026-07-01T18:02:33.788843+00:00,2026-07-01T18:02:33.788902,1,1,83.35,0.5,83.1,250,,,,,,,,,,,,,,,,,,,83.6,200,,,,,,,,,,,,,,,,,,
2026-07-01T18:02:36.097745+00:00,2026-07-01T18:02:36.097854,1,1,83.35,0.5,83.1,250,,,,,,,,,,,,,,,,,,,83.6,150,,,,,,,,,,,,,,,,,,
2026-07-01T18:02:36.103124+00:00,2026-07-01T18:02:36.103028,1,1,83.35,0.5,83.1,150,,,,,,,,,,,,,,,,,,,83.6,150,,,,,,,,,,,,,,,,,,
2026-07-01T18:02:36.136076+00:00,2026-07-01T18:02:36.136053,1,2,83.35,0.5,83.1,150,,,,,,,,,,,,,,,,,,,83.6,150,83.7,4,,,,,,,,,,,,,,,,
2026-07-01T18:02:36.158769+00:00,2026-07-01T18:02:36.158643,2,2,83.45,0.3,83.3,100,83.1,150,,,,,,,,,,,,,,,,,83.6,150,83.7,4,,,,,,,,,,,,,,,,
2026-07-01T18:02:36.208128+00:00,2026-07-01T18:02:36.208244,2,3,83.45,0.3,83.3,100,83.1,150,,,,,,,,,,,,,,,,,83.6,150,83.7,4,83.8,100,,,,,,,,,,,,,,
2026-07-01T18:02:36.320440+00:00,2026-07-01T18:02:36.320332,1,2,83.5,0.4,83.3,100,,,,,,,,,,,,,,,,,,,83.7,4,83.8,100,,,,,,,,,,,,,,,,
2026-07-01T18:02:36.380240+00:00,2026-07-01T18:02:36.380154,2,2,83.5,0.4,83.3,100,83.1,150,,,,,,,,,,,,,,,,,83.7,4,83.8,100,,,,,,,,,,,,,,,,
2026-07-01T18:02:36.433134+00:00,2026-07-01T18:02:36.433075,2,3,83.45,0.3,83.3,100,83.1,150,,,,,,,,,,,,,,,,,83.6,150,83.7,4,83.8,100,,,,,,,,,,,,,,
2026-07-01T18:02:37.707974+00:00,2026-07-01T18:02:37.707942,2,3,83.45,0.3,83.3,100,83.1,150,,,,,,,,,,,,,,,,,83.6,105,83.7,4,83.8,100,,,,,,,,,,,,,,
2026-07-01T18:02:38.670545+00:00,2026-07-01T18:02:38.670434,2,3,83.45,0.3,83.3,100,83.1,150,,,,,,,,,,,,,,,,,83.6,58,83.7,4,83.8,100,,,,,,,,,,,,,,
2026-07-01T18:02:39.258567+00:00,2026-07-01T18:02:39.255795,1,2,83.35,0.5,83.1,150,,,,,,,,,,,,,,,,,,,83.6,58,83.7,4,,,,,,,,,,,,,,,,
2026-07-01T18:02:39.314151+00:00,2026-07-01T18:02:39.314293,2,2,83.4,0.4,83.2,100,83.1,150,,,,,,,,,,,,,,,,,83.6,58,83.7,4,,,,,,,,,,,,,,,,
2026-07-01T18:02:39.369876+00:00,2026-07-01T18:02:39.369775,2,2,83.4,0.4,83.2,100,83.1,150,,,,,,,,,,,,,,,,,83.6,58,83.7,104,,,,,,,,,,,,,,,,
2026-07-01T18:02:39.375092+00:00,2026-07-01T18:02:39.374989,2,2,83.4,0.4,83.2,53,83.1,150,,,,,,,,,,,,,,,,,83.6,58,83.7,104,,,,,,,,,,,,,,,,
2026-07-01T18:02:39.492405+00:00,2026-07-01T18:02:39.492381,1,1,83.45,0.5,83.2,53,,,,,,,,,,,,,,,,,,,83.7,104,,,,,,,,,,,,,,,,,,
2026-07-01T18:02:39.545927+00:00,2026-07-01T18:02:39.545868,2,1,83.6,0.2,83.5,150,83.2,53,,,,,,,,,,,,,,,,,83.7,104,,,,,,,,,,,,,,,,,,
2026-07-01T18:02:39.598683+00:00,2026-07-01T18:02:39.598611,2,2,83.6,0.2,83.5,150,83.2,53,,,,,,,,,,,,,,,,,83.7,104,84.0,150,,,,,,,,,,,,,,,,
2026-07-01T18:02:41.521735+00:00,2026-07-01T18:02:41.521660,3,2,83.6,0.2,83.5,150,83.4,1,83.2,53,,,,,,,,,,,,,,,83.7,104,84.0,150,,,,,,,,,,,,,,,,
2026-07-01T18:02:42.204323+00:00,2026-07-01T18:02:42.204465,3,2,83.6,0.2,83.5,150,83.4,1,83.2,53,,,,,,,,,,,,,,,83.7,54,84.0,150,,,,,,,,,,,,,,,,
2026-07-01T18:02:42.426826+00:00,2026-07-01T18:02:42.426771,2,1,83.75,0.5,83.5,150,83.4,1,,,,,,,,,,,,,,,,,84.0,150,,,,,,,,,,,,,,,,,,
2026-07-01T18:02:42.458588+00:00,2026-07-01T18:02:42.445595,2,2,83.6,0.2,83.5,150,83.4,1,,,,,,,,,,,,,,,,,83.7,4,84.0,150,,,,,,,,,,,,,,,,
2026-07-01T18:02:42.480042+00:00,2026-07-01T18:02:42.480201,2,2,83.6,0.2,83.5,150,83.4,101,,,,,,,,,,,,,,,,,83.7,4,84.0,150,,,,,,,,,,,,,,,,
2026-07-01T18:02:42.532032+00:00,2026-07-01T18:02:42.531940,2,3,83.6,0.2,83.5,150,83.4,101,,,,,,,,,,,,,,,,,83.7,4,83.9,100,84.0,150,,,,,,,,,,,,,,
2026-07-01T18:02:42.664075+00:00,2026-07-01T18:02:42.663748,1,2,83.55,0.3,83.4,101,,,,,,,,,,,,,,,,,,,83.7,4,83.9,100,,,,,,,,,,,,,,,,
2026-07-01T18:02:42.707676+00:00,2026-07-01T18:02:42.707625,2,2,83.65,0.1,83.6,150,83.4,101,,,,,,,,,,,,,,,,,83.7,4,83.9,100,,,,,,,,,,,,,,,,
2026-07-01T18:02:42.755059+00:00,2026-07-01T18:02:42.755168,2,3,83.65,0.1,83.6,150,83.4,101,,,,,,,,,,,,,,,,,83.7,4,83.9,100,84.1,150,,,,,,,,,,,,,,
2026-07-01T18:02:43.291128+00:00,2026-07-01T18:02:43.291051,2,3,83.65,0.1,83.6,150,83.4,101,,,,,,,,,,,,,,,,,83.7,2,83.9,100,84.1,150,,,,,,,,,,,,,,
2026-07-01T18:02:44.312168+00:00,2026-07-01T18:02:44.312030,2,2,83.75,0.3,83.6,150,83.4,101,,,,,,,,,,,,,,,,,83.9,52,84.1,150,,,,,,,,,,,,,,,,
2026-07-01T18:02:44.606511+00:00,2026-07-01T18:02:44.606454,2,3,83.65,0.1,83.6,150,83.4,101,,,,,,,,,,,,,,,,,83.7,2,83.9,52,84.1,150,,,,,,,,,,,,,,
2026-07-01T18:02:44.653130+00:00,2026-07-01T18:02:44.643816,2,2,83.75,0.3,83.6,150,83.4,101,,,,,,,,,,,,,,,,,83.9,52,84.1,150,,,,,,,,,,,,,,,,
2026-07-01T18:02:44.686174+00:00,2026-07-01T18:02:44.686122,2,3,83.7,0.2,83.6,150,83.4,101,,,,,,,,,,,,,,,,,83.8,2,83.9,52,84.1,150,,,,,,,,,,,,,,
2026-07-01T18:02:45.401500+00:00,2026-07-01T18:02:45.401452,2,3,83.7,0.2,83.6,101,83.4,101,,,,,,,,,,,,,,,,,83.8,2,83.9,52,84.1,150,,,,,,,,,,,,,,
2026-07-01T18:02:45.589179+00:00,2026-07-01T18:02:45.589347,2,2,83.7,0.2,83.6,101,83.4,1,,,,,,,,,,,,,,,,,83.8,2,84.1,150,,,,,,,,,,,,,,,,
2026-07-01T18:02:45.658602+00:00,2026-07-01T18:02:45.640772,2,2,83.7,0.2,83.6,201,83.4,1,,,,,,,,,,,,,,,,,83.8,2,84.1,150,,,,,,,,,,,,,,,,
2026-07-01T18:02:45.703765+00:00,2026-07-01T18:02:45.703928,2,2,83.7,0.2,83.6,201,83.4,1,,,,,,,,,,,,,,,,,83.8,2,84.1,250,,,,,,,,,,,,,,,,
2026-07-01T18:02:45.814690+00:00,2026-07-01T18:02:45.814627,2,2,83.7,0.2,83.6,100,83.4,1,,,,,,,,,,,,,,,,,83.8,2,84.1,100,,,,,,,,,,,,,,,,
2026-07-01T18:02:45.864150+00:00,2026-07-01T18:02:45.864071,3,2,83.7,0.2,83.6,100,83.5,150,83.4,1,,,,,,,,,,,,,,,83.8,2,84.1,100,,,,,,,,,,,,,,,,
2026-07-01T18:02:45.921896+00:00,2026-07-01T18:02:45.921785,3,3,83.7,0.2,83.6,100,83.5,150,83.4,1,,,,,,,,,,,,,,,83.8,2,84.0,150,84.1,100,,,,,,,,,,,,,,
2026-07-01T18:02:46.427029+00:00,2026-07-01T18:02:46.426939,3,2,83.8,0.4,83.6,100,83.5,150,83.4,1,,,,,,,,,,,,,,,84.0,102,84.1,100,,,,,,,,,,,,,,,,
2026-07-01T18:02:46.543296+00:00,2026-07-01T18:02:46.543402,3,3,83.7,0.2,83.6,100,83.5,150,83.4,1,,,,,,,,,,,,,,,83.8,3,84.0,102,84.1,100,,,,,,,,,,,,,,
2026-07-01T18:02:47.170368+00:00,2026-07-01T18:02:47.170283,3,2,83.8,0.4,83.6,100,83.5,150,83.4,1,,,,,,,,,,,,,,,84.0,62,84.1,100,,,,,,,,,,,,,,,,
2026-07-01T18:02:48.064022+00:00,2026-07-01T18:02:48.063978,3,2,83.8,0.4,83.6,100,83.5,150,83.4,1,,,,,,,,,,,,,,,84.0,21,84.1,100,,,,,,,,,,,,,,,,
2026-07-01T18:02:48.588331+00:00,2026-07-01T18:02:48.588234,3,2,83.8,0.4,83.6,50,83.5,150,83.4,1,,,,,,,,,,,,,,,84.0,21,84.1,100,,,,,,,,,,,,,,,,
2026-07-01T18:02:48.758620+00:00,2026-07-01T18:02:48.752553,2,1,83.75,0.5,83.5,150,83.4,1,,,,,,,,,,,,,,,,,84.0,21,,,,,,,,,,,,,,,,,,
2026-07-01T18:02:48.808226+00:00,2026-07-01T18:02:48.808125,2,1,83.75,0.5,83.5,150,83.4,101,,,,,,,,,,,,,,,,,84.0,21,,,,,,,,,,,,,,,,,,
2026-07-01T18:02:48.857729+00:00,2026-07-01T18:02:48.857844,2,2,83.7,0.4,83.5,150,83.4,101,,,,,,,,,,,,,,,,,83.9,100,84.0,21,,,,,,,,,,,,,,,,
2026-07-01T18:02:48.976187+00:00,2026-07-01T18:02:48.976090,1,1,83.65,0.5,83.4,101,,,,,,,,,,,,,,,,,,,83.9,100,,,,,,,,,,,,,,,,,,
2026-07-01T18:02:49.029508+00:00,2026-07-01T18:02:49.029314,2,0,,,83.9,50,83.4,101,,,,,,,,,,,,,,,,,,,,,,,,,,,,,,,,,,,,
2026-07-01T18:02:49.091963+00:00,2026-07-01T18:02:49.086913,2,1,84.15,0.5,83.9,45,83.4,101,,,,,,,,,,,,,,,,,84.4,150,,,,,,,,,,,,,,,,,,
2026-07-01T18:02:49.433697+00:00,2026-07-01T18:02:49.433603,2,1,84.15,0.5,83.9,40,83.4,101,,,,,,,,,,,,,,,,,84.4,150,,,,,,,,,,,,,,,,,,
2026-07-01T18:02:49.534266+00:00,2026-07-01T18:02:49.534192,2,1,84.15,0.5,83.9,35,83.4,101,,,,,,,,,,,,,,,,,84.4,150,,,,,,,,,,,,,,,,,,
2026-07-01T18:02:49.676724+00:00,2026-07-01T18:02:49.676575,2,1,84.15,0.5,83.9,35,83.4,100,,,,,,,,,,,,,,,,,84.4,150,,,,,,,,,,,,,,,,,,
2026-07-01T18:02:50.698679+00:00,2026-07-01T18:02:50.698613,1,1,83.9,1.0,83.4,85,,,,,,,,,,,,,,,,,,,84.4,150,,,,,,,,,,,,,,,,,,
2026-07-01T18:02:50.985174+00:00,2026-07-01T18:02:50.985101,1,1,83.9,1.0,83.4,38,,,,,,,,,,,,,,,,,,,84.4,150,,,,,,,,,,,,,,,,,,
2026-07-01T18:02:51.556974+00:00,2026-07-01T18:02:51.557070,2,1,84.0,0.8,83.6,6,83.4,38,,,,,,,,,,,,,,,,,84.4,150,,,,,,,,,,,,,,,,,,
2026-07-01T18:02:51.917779+00:00,2026-07-01T18:02:51.917846,1,1,84.0,0.8,83.6,6,,,,,,,,,,,,,,,,,,,84.4,150,,,,,,,,,,,,,,,,,,
2026-07-01T18:02:51.971098+00:00,2026-07-01T18:02:51.970981,2,1,84.0,0.8,83.6,6,83.5,100,,,,,,,,,,,,,,,,,84.4,150,,,,,,,,,,,,,,,,,,
2026-07-01T18:02:52.024375+00:00,2026-07-01T18:02:52.024337,2,2,83.8,0.4,83.6,6,83.5,100,,,,,,,,,,,,,,,,,84.0,100,84.4,150,,,,,,,,,,,,,,,,
2026-07-01T18:02:52.139252+00:00,2026-07-01T18:02:52.139213,2,1,83.8,0.4,83.6,6,83.5,100,,,,,,,,,,,,,,,,,84.0,100,,,,,,,,,,,,,,,,,,
2026-07-01T18:02:52.193728+00:00,2026-07-01T18:02:52.193683,3,1,83.8,0.4,83.6,6,83.5,100,83.3,150,,,,,,,,,,,,,,,84.0,100,,,,,,,,,,,,,,,,,,
2026-07-01T18:02:52.213971+00:00,2026-07-01T18:02:52.213940,3,1,83.8,0.4,83.6,5,83.5,100,83.3,150,,,,,,,,,,,,,,,84.0,100,,,,,,,,,,,,,,,,,,
2026-07-01T18:02:52.247489+00:00,2026-07-01T18:02:52.247409,3,2,83.7,0.2,83.6,5,83.5,100,83.3,150,,,,,,,,,,,,,,,83.8,150,84.0,100,,,,,,,,,,,,,,,,
2026-07-01T18:02:52.814160+00:00,2026-07-01T18:02:52.814100,2,2,83.65,0.3,83.5,55,83.3,150,,,,,,,,,,,,,,,,,83.8,150,84.0,100,,,,,,,,,,,,,,,,
2026-07-01T18:02:54.920392+00:00,2026-07-01T18:02:54.920307,2,2,83.65,0.3,83.5,5,83.3,150,,,,,,,,,,,,,,,,,83.8,150,84.0,100,,,,,,,,,,,,,,,,
2026-07-01T18:02:55.078376+00:00,2026-07-01T18:02:55.078332,1,1,83.55,0.5,83.3,150,,,,,,,,,,,,,,,,,,,83.8,150,,,,,,,,,,,,,,,,,,
2026-07-01T18:02:55.129595+00:00,2026-07-01T18:02:55.129535,2,1,83.55,0.5,83.3,150,83.1,100,,,,,,,,,,,,,,,,,83.8,150,,,,,,,,,,,,,,,,,,
2026-07-01T18:02:55.192745+00:00,2026-07-01T18:02:55.186244,2,2,83.45,0.3,83.3,150,83.1,100,,,,,,,,,,,,,,,,,83.6,86,83.8,150,,,,,,,,,,,,,,,,
2026-07-01T18:02:55.320285+00:00,2026-07-01T18:02:55.320377,1,1,83.35,0.5,83.1,100,,,,,,,,,,,,,,,,,,,83.6,86,,,,,,,,,,,,,,,,,,
2026-07-01T18:02:55.373659+00:00,2026-07-01T18:02:55.373584,2,1,83.5,0.2,83.4,150,83.1,100,,,,,,,,,,,,,,,,,83.6,86,,,,,,,,,,,,,,,,,,
2026-07-01T18:02:55.427616+00:00,2026-07-01T18:02:55.427557,2,2,83.5,0.2,83.4,150,83.1,100,,,,,,,,,,,,,,,,,83.6,86,83.9,150,,,,,,,,,,,,,,,,
2026-07-01T18:02:56.009018+00:00,2026-07-01T18:02:56.002595,2,2,83.5,0.2,83.4,150,83.1,100,,,,,,,,,,,,,,,,,83.6,74,83.9,150,,,,,,,,,,,,,,,,
2026-07-01T18:02:56.837588+00:00,2026-07-01T18:02:56.837549,2,2,83.5,0.2,83.4,150,83.1,100,,,,,,,,,,,,,,,,,83.6,28,83.9,150,,,,,,,,,,,,,,,,
2026-07-01T18:02:57.028479+00:00,2026-07-01T18:02:57.028625,2,2,83.5,0.2,83.4,100,83.1,100,,,,,,,,,,,,,,,,,83.6,28,83.9,150,,,,,,,,,,,,,,,,
2026-07-01T18:02:58.239323+00:00,2026-07-01T18:02:58.239212,1,1,83.65,0.5,83.4,100,,,,,,,,,,,,,,,,,,,83.9,150,,,,,,,,,,,,,,,,,,
2026-07-01T18:02:58.293902+00:00,2026-07-01T18:02:58.293756,2,1,83.7,0.4,83.5,100,83.4,100,,,,,,,,,,,,,,,,,83.9,150,,,,,,,,,,,,,,,,,,
2026-07-01T18:02:58.358585+00:00,2026-07-01T18:02:58.352733,2,2,83.7,0.4,83.5,100,83.4,100,,,,,,,,,,,,,,,,,83.9,150,84.0,100,,,,,,,,,,,,,,,,
2026-07-01T18:02:58.487077+00:00,2026-07-01T18:02:58.486926,1,1,83.75,0.5,83.5,100,,,,,,,,,,,,,,,,,,,84.0,100,,,,,,,,,,,,,,,,,,
2026-07-01T18:02:58.542381+00:00,2026-07-01T18:02:58.542346,2,1,83.75,0.5,83.5,100,83.3,150,,,,,,,,,,,,,,,,,84.0,100,,,,,,,,,,,,,,,,,,
2026-07-01T18:02:58.595285+00:00,2026-07-01T18:02:58.595178,2,2,83.65,0.3,83.5,100,83.3,150,,,,,,,,,,,,,,,,,83.8,150,84.0,100,,,,,,,,,,,,,,,,
2026-07-01T18:02:59.135566+00:00,2026-07-01T18:02:59.135421,2,2,83.65,0.3,83.5,50,83.3,150,,,,,,,,,,,,,,,,,83.8,150,84.0,100,,,,,,,,,,,,,,,,
2026-07-01T18:03:00.858576+00:00,2026-07-01T18:03:00.858384,2,2,83.65,0.3,83.5,50,83.3,150,,,,,,,,,,,,,,,,,83.8,104,84.0,100,,,,,,,,,,,,,,,,
2026-07-01T18:03:01.192275+00:00,2026-07-01T18:03:01.192213,2,2,83.65,0.3,83.5,50,83.3,150,,,,,,,,,,,,,,,,,83.8,54,84.0,100,,,,,,,,,,,,,,,,
2026-07-01T18:03:01.410549+00:00,2026-07-01T18:03:01.410670,1,1,83.55,0.5,83.3,150,,,,,,,,,,,,,,,,,,,83.8,54,,,,,,,,,,,,,,,,,,
2026-07-01T18:03:01.458546+00:00,2026-07-01T18:03:01.455163,2,1,83.6,0.4,83.4,100,83.3,102,,,,,,,,,,,,,,,,,83.8,54,,,,,,,,,,,,,,,,,,
2026-07-01T18:03:01.517869+00:00,2026-07-01T18:03:01.517829,2,2,83.6,0.4,83.4,100,83.3,102,,,,,,,,,,,,,,,,,83.8,54,83.9,100,,,,,,,,,,,,,,,,
2026-07-01T18:03:01.576803+00:00,2026-07-01T18:03:01.576740,3,2,83.65,0.3,83.5,2,83.4,100,83.3,102,,,,,,,,,,,,,,,83.8,57,83.9,100,,,,,,,,,,,,,,,,
2026-07-01T18:03:01.658568+00:00,2026-07-01T18:03:01.644062,2,2,83.65,0.3,83.5,2,83.4,100,,,,,,,,,,,,,,,,,83.8,3,83.9,100,,,,,,,,,,,,,,,,
2026-07-01T18:03:01.702175+00:00,2026-07-01T18:03:01.702075,2,2,83.65,0.3,83.5,2,83.4,250,,,,,,,,,,,,,,,,,83.8,3,83.9,100,,,,,,,,,,,,,,,,
2026-07-01T18:03:01.758586+00:00,2026-07-01T18:03:01.751827,2,2,83.65,0.3,83.5,2,83.4,250,,,,,,,,,,,,,,,,,83.8,3,83.9,250,,,,,,,,,,,,,,,,
2026-07-01T18:03:02.600609+00:00,2026-07-01T18:03:02.600462,1,2,83.6,0.4,83.4,209,,,,,,,,,,,,,,,,,,,83.8,3,83.9,250,,,,,,,,,,,,,,,,
2026-07-01T18:03:03.212693+00:00,2026-07-01T18:03:03.212805,1,1,83.65,0.5,83.4,209,,,,,,,,,,,,,,,,,,,83.9,204,,,,,,,,,,,,,,,,,,
2026-07-01T18:03:03.734916+00:00,2026-07-01T18:03:03.734828,1,2,83.6,0.4,83.4,209,,,,,,,,,,,,,,,,,,,83.8,4,83.9,204,,,,,,,,,,,,,,,,
2026-07-01T18:03:03.740063+00:00,2026-07-01T18:03:03.740029,1,2,83.6,0.4,83.4,160,,,,,,,,,,,,,,,,,,,83.8,4,83.9,204,,,,,,,,,,,,,,,,
2026-07-01T18:03:04.103824+00:00,2026-07-01T18:03:04.103770,1,2,83.6,0.4,83.4,160,,,,,,,,,,,,,,,,,,,83.8,2,83.9,204,,,,,,,,,,,,,,,,
2026-07-01T18:03:04.572681+00:00,2026-07-01T18:03:04.572593,1,2,83.6,0.4,83.4,150,,,,,,,,,,,,,,,,,,,83.8,2,83.9,150,,,,,,,,,,,,,,,,
2026-07-01T18:03:04.627695+00:00,2026-07-01T18:03:04.627626,2,2,83.6,0.4,83.4,150,83.2,100,,,,,,,,,,,,,,,,,83.8,2,83.9,150,,,,,,,,,,,,,,,,
2026-07-01T18:03:04.643527+00:00,2026-07-01T18:03:04.643442,2,2,83.6,0.4,83.4,150,83.2,100,,,,,,,,,,,,,,,,,83.8,1,83.9,150,,,,,,,,,,,,,,,,
2026-07-01T18:03:04.680013+00:00,2026-07-01T18:03:04.679927,2,3,83.55,0.3,83.4,150,83.2,100,,,,,,,,,,,,,,,,,83.7,100,83.8,1,83.9,150,,,,,,,,,,,,,,
2026-07-01T18:03:04.811957+00:00,2026-07-01T18:03:04.811849,1,2,83.45,0.5,83.2,100,,,,,,,,,,,,,,,,,,,83.7,100,83.8,1,,,,,,,,,,,,,,,,
2026-07-01T18:03:04.858547+00:00,2026-07-01T18:03:04.857697,2,2,83.55,0.3,83.4,150,83.2,100,,,,,,,,,,,,,,,,,83.7,100,83.8,1,,,,,,,,,,,,,,,,
2026-07-01T18:03:04.919632+00:00,2026-07-01T18:03:04.919703,2,3,83.55,0.3,83.4,150,83.2,100,,,,,,,,,,,,,,,,,83.7,100,83.8,1,83.9,150,,,,,,,,,,,,,,
2026-07-01T18:03:05.034873+00:00,2026-07-01T18:03:05.034739,3,3,83.6,0.2,83.5,4,83.4,150,83.2,100,,,,,,,,,,,,,,,83.7,100,83.8,1,83.9,150,,,,,,,,,,,,,,
2026-07-01T18:03:05.287736+00:00,2026-07-01T18:03:05.287615,3,3,83.6,0.2,83.5,2,83.4,150,83.2,100,,,,,,,,,,,,,,,83.7,100,83.8,1,83.9,150,,,,,,,,,,,,,,
2026-07-01T18:03:05.403271+00:00,2026-07-01T18:03:05.403220,3,3,83.6,0.2,83.5,2,83.4,150,83.2,100,,,,,,,,,,,,,,,83.7,50,83.8,1,83.9,150,,,,,,,,,,,,,,
2026-07-01T18:03:07.431022+00:00,2026-07-01T18:03:07.431086,3,3,83.6,0.2,83.5,2,83.4,150,83.2,100,,,,,,,,,,,,,,,83.7,5,83.8,1,83.9,150,,,,,,,,,,,,,,
2026-07-01T18:03:07.564422+00:00,2026-07-01T18:03:07.564358,2,3,83.55,0.3,83.4,102,83.2,100,,,,,,,,,,,,,,,,,83.7,5,83.8,1,83.9,150,,,,,,,,,,,,,,
2026-07-01T18:03:07.730683+00:00,2026-07-01T18:03:07.730782,1,2,83.6,0.4,83.4,102,,,,,,,,,,,,,,,,,,,83.8,1,83.9,150,,,,,,,,,,,,,,,,
2026-07-01T18:03:07.784558+00:00,2026-07-01T18:03:07.784505,2,2,83.7,0.2,83.6,100,83.4,102,,,,,,,,,,,,,,,,,83.8,1,83.9,150,,,,,,,,,,,,,,,,
2026-07-01T18:03:07.838233+00:00,2026-07-01T18:03:07.838194,2,3,83.7,0.2,83.6,100,83.4,102,,,,,,,,,,,,,,,,,83.8,1,83.9,150,84.1,100,,,,,,,,,,,,,,
2026-07-01T18:03:07.973366+00:00,2026-07-01T18:03:07.973498,1,2,83.7,0.2,83.6,100,,,,,,,,,,,,,,,,,,,83.8,1,84.1,100,,,,,,,,,,,,,,,,
2026-07-01T18:03:08.058727+00:00,2026-07-01T18:03:08.045196,2,2,83.7,0.2,83.6,100,83.3,150,,,,,,,,,,,,,,,,,83.8,1,84.1,100,,,,,,,,,,,,,,,,
2026-07-01T18:03:08.097225+00:00,2026-07-01T18:03:08.097101,2,2,83.7,0.2,83.6,100,83.3,150,,,,,,,,,,,,,,,,,83.8,151,84.1,100,,,,,,,,,,,,,,,,
2026-07-01T18:03:09.149382+00:00,2026-07-01T18:03:09.149320,2,2,83.7,0.2,83.6,100,83.3,150,,,,,,,,,,,,,,,,,83.8,103,84.1,100,,,,,,,,,,,,,,,,
2026-07-01T18:03:09.619586+00:00,2026-07-01T18:03:09.619480,2,2,83.7,0.2,83.6,100,83.3,150,,,,,,,,,,,,,,,,,83.8,53,84.1,100,,,,,,,,,,,,,,,,
2026-07-01T18:03:09.774614+00:00,2026-07-01T18:03:09.774508,2,2,83.7,0.2,83.6,100,83.3,150,,,,,,,,,,,,,,,,,83.8,58,84.1,100,,,,,,,,,,,,,,,,
2026-07-01T18:03:09.804103+00:00,2026-07-01T18:03:09.804003,2,2,83.7,0.2,83.6,55,83.3,150,,,,,,,,,,,,,,,,,83.8,58,84.1,100,,,,,,,,,,,,,,,,
2026-07-01T18:03:10.892795+00:00,2026-07-01T18:03:10.892750,1,1,83.55,0.5,83.3,150,,,,,,,,,,,,,,,,,,,83.8,58,,,,,,,,,,,,,,,,,,
2026-07-01T18:03:10.948265+00:00,2026-07-01T18:03:10.948190,1,1,83.55,0.5,83.3,250,,,,,,,,,,,,,,,,,,,83.8,58,,,,,,,,,,,,,,,,,,
2026-07-01T18:03:11.002407+00:00,2026-07-01T18:03:11.002360,1,1,83.55,0.5,83.3,250,,,,,,,,,,,,,,,,,,,83.8,158,,,,,,,,,,,,,,,,,,
2026-07-01T18:03:11.150932+00:00,2026-07-01T18:03:11.150847,1,1,83.55,0.5,83.3,100,,,,,,,,,,,,,,,,,,,83.8,105,,,,,,,,,,,,,,,,,,
2026-07-01T18:03:11.205917+00:00,2026-07-01T18:03:11.205866,2,1,83.65,0.3,83.5,150,83.3,100,,,,,,,,,,,,,,,,,83.8,105,,,,,,,,,,,,,,,,,,
2026-07-01T18:03:11.263856+00:00,2026-07-01T18:03:11.263721,2,2,83.65,0.3,83.5,150,83.3,100,,,,,,,,,,,,,,,,,83.8,105,84.0,150,,,,,,,,,,,,,,,,
2026-07-01T18:03:11.339796+00:00,2026-07-01T18:03:11.339754,2,2,83.65,0.3,83.5,150,83.3,100,,,,,,,,,,,,,,,,,83.8,103,84.0,150,,,,,,,,,,,,,,,,
2026-07-01T18:03:11.779528+00:00,2026-07-01T18:03:11.779412,2,2,83.65,0.3,83.5,100,83.3,100,,,,,,,,,,,,,,,,,83.8,103,84.0,150,,,,,,,,,,,,,,,,
2026-07-01T18:03:11.784682+00:00,2026-07-01T18:03:11.784624,2,2,83.65,0.3,83.5,100,83.3,100,,,,,,,,,,,,,,,,,83.8,102,84.0,150,,,,,,,,,,,,,,,,
2026-07-01T18:03:12.964692+00:00,2026-07-01T18:03:12.964586,2,2,83.65,0.3,83.5,100,83.3,100,,,,,,,,,,,,,,,,,83.8,59,84.0,150,,,,,,,,,,,,,,,,
2026-07-01T18:03:13.835609+00:00,2026-07-01T18:03:13.835489,2,2,83.65,0.3,83.5,100,83.3,100,,,,,,,,,,,,,,,,,83.8,9,84.0,150,,,,,,,,,,,,,,,,
2026-07-01T18:03:13.918729+00:00,2026-07-01T18:03:13.918688,2,2,83.65,0.3,83.5,59,83.3,100,,,,,,,,,,,,,,,,,83.8,9,84.0,150,,,,,,,,,,,,,,,,
2026-07-01T18:03:14.058636+00:00,2026-07-01T18:03:14.052578,1,1,83.75,0.5,83.5,59,,,,,,,,,,,,,,,,,,,84.0,150,,,,,,,,,,,,,,,,,,
2026-07-01T18:03:14.113507+00:00,2026-07-01T18:03:14.113397,2,1,83.8,0.4,83.6,100,83.5,59,,,,,,,,,,,,,,,,,84.0,150,,,,,,,,,,,,,,,,,,
2026-07-01T18:03:14.163875+00:00,2026-07-01T18:03:14.163811,2,2,83.8,0.4,83.6,100,83.5,59,,,,,,,,,,,,,,,,,84.0,150,84.1,100,,,,,,,,,,,,,,,,
2026-07-01T18:03:14.312693+00:00,2026-07-01T18:03:14.312804,1,1,83.85,0.5,83.6,100,,,,,,,,,,,,,,,,,,,84.1,100,,,,,,,,,,,,,,,,,,
2026-07-01T18:03:14.368322+00:00,2026-07-01T18:03:14.368163,2,1,83.85,0.5,83.6,100,83.2,150,,,,,,,,,,,,,,,,,84.1,100,,,,,,,,,,,,,,,,,,
2026-07-01T18:03:14.421282+00:00,2026-07-01T18:03:14.421126,2,2,83.65,0.1,83.6,100,83.2,150,,,,,,,,,,,,,,,,,83.7,150,84.1,100,,,,,,,,,,,,,,,,
2026-07-01T18:03:14.835159+00:00,2026-07-01T18:03:14.835057,2,2,83.65,0.1,83.6,58,83.2,150,,,,,,,,,,,,,,,,,83.7,150,84.1,100,,,,,,,,,,,,,,,,
2026-07-01T18:03:15.387528+00:00,2026-07-01T18:03:15.387337,2,3,83.65,0.1,83.6,58,83.2,150,,,,,,,,,,,,,,,,,83.7,150,83.8,6,84.1,100,,,,,,,,,,,,,,
2026-07-01T18:03:15.942185+00:00,2026-07-01T18:03:15.941999,2,3,83.65,0.1,83.6,58,83.2,150,,,,,,,,,,,,,,,,,83.7,100,83.8,6,84.1,100,,,,,,,,,,,,,,
2026-07-01T18:03:16.472995+00:00,2026-07-01T18:03:16.473109,2,3,83.65,0.1,83.6,58,83.2,150,,,,,,,,,,,,,,,,,83.7,52,83.8,6,84.1,100,,,,,,,,,,,,,,
2026-07-01T18:03:16.528352+00:00,2026-07-01T18:03:16.528161,2,3,83.65,0.1,83.6,10,83.2,150,,,,,,,,,,,,,,,,,83.7,52,83.8,6,84.1,100,,,,,,,,,,,,,,
2026-07-01T18:03:17.190808+00:00,2026-07-01T18:03:17.190924,2,3,83.65,0.1,83.6,10,83.2,150,,,,,,,,,,,,,,,,,83.7,52,83.8,5,84.1,100,,,,,,,,,,,,,,
2026-07-01T18:03:17.221546+00:00,2026-07-01T18:03:17.221395,1,2,83.45,0.5,83.2,150,,,,,,,,,,,,,,,,,,,83.7,52,83.8,5,,,,,,,,,,,,,,,,
2026-07-01T18:03:17.275250+00:00,2026-07-01T18:03:17.275162,2,2,83.5,0.4,83.3,100,83.2,150,,,,,,,,,,,,,,,,,83.7,52,83.8,5,,,,,,,,,,,,,,,,
2026-07-01T18:03:17.327945+00:00,2026-07-01T18:03:17.327889,2,2,83.5,0.4,83.3,100,83.2,150,,,,,,,,,,,,,,,,,83.7,52,83.8,105,,,,,,,,,,,,,,,,
2026-07-01T18:03:17.474488+00:00,2026-07-01T18:03:17.474419,1,1,83.55,0.5,83.3,100,,,,,,,,,,,,,,,,,,,83.8,105,,,,,,,,,,,,,,,,,,
2026-07-01T18:03:17.528181+00:00,2026-07-01T18:03:17.528276,2,1,83.75,0.1,83.7,150,83.3,100,,,,,,,,,,,,,,,,,83.8,105,,,,,,,,,,,,,,,,,,
2026-07-01T18:03:17.580481+00:00,2026-07-01T18:03:17.580425,2,2,83.75,0.1,83.7,150,83.3,100,,,,,,,,,,,,,,,,,83.8,105,84.2,150,,,,,,,,,,,,,,,,
2026-07-01T18:03:17.769173+00:00,2026-07-01T18:03:17.769082,3,2,83.75,0.1,83.7,150,83.5,1,83.3,100,,,,,,,,,,,,,,,83.8,104,84.2,150,,,,,,,,,,,,,,,,
2026-07-01T18:03:18.217993+00:00,2026-07-01T18:03:18.217856,3,2,83.75,0.1,83.7,150,83.5,1,83.3,100,,,,,,,,,,,,,,,83.8,102,84.2,150,,,,,,,,,,,,,,,,
2026-07-01T18:03:19.413781+00:00,2026-07-01T18:03:19.413645,3,2,83.75,0.1,83.7,150,83.5,1,83.3,100,,,,,,,,,,,,,,,83.8,101,84.2,150,,,,,,,,,,,,,,,,
2026-07-01T18:03:20.215140+00:00,2026-07-01T18:03:20.214993,3,2,83.75,0.1,83.7,100,83.5,1,83.3,100,,,,,,,,,,,,,,,83.8,101,84.2,150,,,,,,,,,,,,,,,,
2026-07-01T18:03:20.377055+00:00,2026-07-01T18:03:20.376999,3,2,83.75,0.1,83.7,100,83.5,1,83.3,100,,,,,,,,,,,,,,,83.8,1,84.2,150,,,,,,,,,,,,,,,,
2026-07-01T18:03:20.382223+00:00,2026-07-01T18:03:20.382139,2,2,83.75,0.1,83.7,100,83.5,1,,,,,,,,,,,,,,,,,83.8,1,84.2,150,,,,,,,,,,,,,,,,
2026-07-01T18:03:20.431069+00:00,2026-07-01T18:03:20.431047,3,2,83.75,0.1,83.7,100,83.5,1,83.3,100,,,,,,,,,,,,,,,83.8,1,84.2,150,,,,,,,,,,,,,,,,
2026-07-01T18:03:20.484354+00:00,2026-07-01T18:03:20.484298,3,2,83.75,0.1,83.7,100,83.5,1,83.3,100,,,,,,,,,,,,,,,83.8,101,84.2,150,,,,,,,,,,,,,,,,
2026-07-01T18:03:20.635299+00:00,2026-07-01T18:03:20.635213,2,1,83.65,0.3,83.5,1,83.3,100,,,,,,,,,,,,,,,,,83.8,101,,,,,,,,,,,,,,,,,,
2026-07-01T18:03:20.687603+00:00,2026-07-01T18:03:20.687490,3,1,83.65,0.3,83.5,1,83.4,150,83.3,100,,,,,,,,,,,,,,,83.8,101,,,,,,,,,,,,,,,,,,
2026-07-01T18:03:20.769081+00:00,2026-07-01T18:03:20.768840,3,2,83.65,0.3,83.5,1,83.4,150,83.3,100,,,,,,,,,,,,,,,83.8,101,83.9,150,,,,,,,,,,,,,,,,
2026-07-01T18:03:22.271639+00:00,2026-07-01T18:03:22.271581,3,2,83.65,0.3,83.5,1,83.4,150,83.3,100,,,,,,,,,,,,,,,83.8,51,83.9,150,,,,,,,,,,,,,,,,
2026-07-01T18:03:22.300350+00:00,2026-07-01T18:03:22.300272,3,2,83.65,0.3,83.5,1,83.4,150,83.3,100,,,,,,,,,,,,,,,83.8,56,83.9,150,,,,,,,,,,,,,,,,
2026-07-01T18:03:22.477577+00:00,2026-07-01T18:03:22.477502,2,2,83.6,0.4,83.4,150,83.3,100,,,,,,,,,,,,,,,,,83.8,56,83.9,150,,,,,,,,,,,,,,,,
2026-07-01T18:03:22.758568+00:00,2026-07-01T18:03:22.754645,2,2,83.6,0.4,83.4,150,83.3,100,,,,,,,,,,,,,,,,,83.8,15,83.9,150,,,,,,,,,,,,,,,,
2026-07-01T18:03:23.543953+00:00,2026-07-01T18:03:23.543857,1,2,83.6,0.4,83.4,150,,,,,,,,,,,,,,,,,,,83.8,5,83.9,150,,,,,,,,,,,,,,,,
2026-07-01T18:03:23.599102+00:00,2026-07-01T18:03:23.599037,2,2,83.75,0.1,83.7,100,83.4,150,,,,,,,,,,,,,,,,,83.8,5,83.9,150,,,,,,,,,,,,,,,,
2026-07-01T18:03:23.658610+00:00,2026-07-01T18:03:23.643642,2,3,83.75,0.1,83.7,100,83.4,150,,,,,,,,,,,,,,,,,83.8,5,83.9,150,84.2,100,,,,,,,,,,,,,,
