recv_time,book_timestamp,n_bids,n_asks,mid,spread,bid_px_0,bid_vol_0,bid_px_1,bid_vol_1,bid_px_2,bid_vol_2,bid_px_3,bid_vol_3,bid_px_4,bid_vol_4,bid_px_5,bid_vol_5,bid_px_6,bid_vol_6,bid_px_7,bid_vol_7,bid_px_8,bid_vol_8,bid_px_9,bid_vol_9,ask_px_0,ask_vol_0,ask_px_1,ask_vol_1,ask_px_2,ask_vol_2,ask_px_3,ask_vol_3,ask_px_4,ask_vol_4,ask_px_5,ask_vol_5,ask_px_6,ask_vol_6,ask_px_7,ask_vol_7,ask_px_8,ask_vol_8,ask_px_9,ask_vol_9
2026-07-01T00:00:00.201117+00:00,2026-07-01T00:00:00.131759,2,2,78.05,0.3,77.9,149,77.7,64,,,,,,,,,,,,,,,,,78.2,59,78.4,150,,,,,,,,,,,,,,,,
2026-07-01T00:00:00.499407+00:00,2026-07-01T00:00:00.497879,2,2,78.05,0.3,77.9,149,77.7,64,,,,,,,,,,,,,,,,,78.2,50,78.4,150,,,,,,,,,,,,,,,,
2026-07-01T00:00:00.509668+00:00,2026-07-01T00:00:00.501745,2,2,78.05,0.3,77.9,159,77.7,64,,,,,,,,,,,,,,,,,78.2,50,78.4,150,,,,,,,,,,,,,,,,
2026-07-01T00:00:00.848820+00:00,2026-07-01T00:00:00.842028,2,2,78.05,0.3,77.9,159,77.7,64,,,,,,,,,,,,,,,,,78.2,49,78.4,150,,,,,,,,,,,,,,,,
2026-07-01T00:00:01.010503+00:00,2026-07-01T00:00:01.006307,2,2,78.05,0.3,77.9,149,77.7,64,,,,,,,,,,,,,,,,,78.2,49,78.4,150,,,,,,,,,,,,,,,,
2026-07-01T00:00:01.020829+00:00,2026-07-01T00:00:01.010801,2,2,78.05,0.3,77.9,159,77.7,64,,,,,,,,,,,,,,,,,78.2,49,78.4,150,,,,,,,,,,,,,,,,
2026-07-01T00:00:01.470847+00:00,2026-07-01T00:00:01.469909,2,2,78.05,0.3,77.9,148,77.7,64,,,,,,,,,,,,,,,,,78.2,49,78.4,150,,,,,,,,,,,,,,,,
2026-07-01T00:00:01.522266+00:00,2026-07-01T00:00:01.515086,2,2,78.05,0.3,77.9,138,77.7,64,,,,,,,,,,,,,,,,,78.2,49,78.4,150,,,,,,,,,,,,,,,,
2026-07-01T00:00:01.532542+00:00,2026-07-01T00:00:01.523997,2,2,78.05,0.3,77.9,138,77.7,64,,,,,,,,,,,,,,,,,78.2,59,78.4,150,,,,,,,,,,,,,,,,
2026-07-01T00:00:01.603967+00:00,2026-07-01T00:00:01.603901,2,2,78.05,0.3,77.9,138,77.7,64,,,,,,,,,,,,,,,,,78.2,10,78.4,150,,,,,,,,,,,,,,,,
2026-07-01T00:00:01.614225+00:00,2026-07-01T00:00:01.605684,1,2,78.05,0.3,77.9,138,,,,,,,,,,,,,,,,,,,78.2,10,78.4,150,,,,,,,,,,,,,,,,
2026-07-01T00:00:01.665563+00:00,2026-07-01T00:00:01.658781,2,2,78.05,0.3,77.9,138,77.6,100,,,,,,,,,,,,,,,,,78.2,10,78.4,150,,,,,,,,,,,,,,,,
2026-07-01T00:00:01.716905+00:00,2026-07-01T00:00:01.712372,2,3,78.0,0.2,77.9,138,77.6,100,,,,,,,,,,,,,,,,,78.1,100,78.2,10,78.4,150,,,,,,,,,,,,,,
2026-07-01T00:00:01.860646+00:00,2026-07-01T00:00:01.851853,2,3,78.0,0.2,77.9,137,77.6,100,,,,,,,,,,,,,,,,,78.1,100,78.2,10,78.4,150,,,,,,,,,,,,,,
2026-07-01T00:00:01.946589+00:00,2026-07-01T00:00:01.942945,1,2,77.85,0.5,77.6,100,,,,,,,,,,,,,,,,,,,78.1,100,78.2,10,,,,,,,,,,,,,,,,
2026-07-01T00:00:02.005619+00:00,2026-07-01T00:00:01.996898,2,2,77.9,0.4,77.7,150,77.6,100,,,,,,,,,,,,,,,,,78.1,100,78.2,10,,,,,,,,,,,,,,,,
2026-07-01T00:00:02.036742+00:00,2026-07-01T00:00:02.027297,2,1,77.9,0.4,77.7,150,77.6,100,,,,,,,,,,,,,,,,,78.1,100,,,,,,,,,,,,,,,,,,
2026-07-01T00:00:02.057518+00:00,2026-07-01T00:00:02.049378,2,2,77.9,0.4,77.7,150,77.6,100,,,,,,,,,,,,,,,,,78.1,100,78.2,150,,,,,,,,,,,,,,,,
2026-07-01T00:00:03.129693+00:00,2026-07-01T00:00:03.125920,2,2,77.9,0.4,77.7,150,77.6,100,,,,,,,,,,,,,,,,,78.1,51,78.2,150,,,,,,,,,,,,,,,,
2026-07-01T00:00:03.548667+00:00,2026-07-01T00:00:03.540763,3,2,77.95,0.3,77.8,10,77.7,150,77.6,100,,,,,,,,,,,,,,,78.1,51,78.2,150,,,,,,,,,,,,,,,,
2026-07-01T00:00:03.865507+00:00,2026-07-01T00:00:03.863130,3,2,77.95,0.3,77.8,10,77.7,150,77.6,100,,,,,,,,,,,,,,,78.1,50,78.2,150,,,,,,,,,,,,,,,,
2026-07-01T00:00:04.049481+00:00,2026-07-01T00:00:04.045669,2,2,77.9,0.4,77.7,150,77.6,100,,,,,,,,,,,,,,,,,78.1,50,78.2,150,,,,,,,,,,,,,,,,
2026-07-01T00:00:04.059752+00:00,2026-07-01T00:00:04.050194,3,2,77.95,0.3,77.8,10,77.7,150,77.6,100,,,,,,,,,,,,,,,78.1,50,78.2,150,,,,,,,,,,,,,,,,
2026-07-01T00:00:04.397491+00:00,2026-07-01T00:00:04.396939,2,2,77.9,0.4,77.7,110,77.6,100,,,,,,,,,,,,,,,,,78.1,50,78.2,150,,,,,,,,,,,,,,,,
2026-07-01T00:00:04.561649+00:00,2026-07-01T00:00:04.557008,3,2,77.95,0.3,77.8,1,77.7,110,77.6,100,,,,,,,,,,,,,,,78.1,50,78.2,150,,,,,,,,,,,,,,,,
2026-07-01T00:00:04.776388+00:00,2026-07-01T00:00:04.769097,2,1,78.0,0.4,77.8,1,77.7,110,,,,,,,,,,,,,,,,,78.2,150,,,,,,,,,,,,,,,,,,
2026-07-01T00:00:04.827602+00:00,2026-07-01T00:00:04.821999,3,1,78.05,0.3,77.9,100,77.8,1,77.7,110,,,,,,,,,,,,,,,78.2,150,,,,,,,,,,,,,,,,,,
2026-07-01T00:00:04.878753+00:00,2026-07-01T00:00:04.876287,3,2,78.05,0.3,77.9,99,77.8,1,77.7,110,,,,,,,,,,,,,,,78.2,150,78.4,100,,,,,,,,,,,,,,,,
2026-07-01T00:00:05.074101+00:00,2026-07-01T00:00:05.069846,2,2,78.05,0.3,77.9,99,77.7,110,,,,,,,,,,,,,,,,,78.2,160,78.4,100,,,,,,,,,,,,,,,,
2026-07-01T00:00:05.115232+00:00,2026-07-01T00:00:05.107333,1,2,78.05,0.3,77.9,99,,,,,,,,,,,,,,,,,,,78.2,10,78.4,100,,,,,,,,,,,,,,,,
2026-07-01T00:00:05.166835+00:00,2026-07-01T00:00:05.158376,2,2,78.05,0.3,77.9,99,77.7,150,,,,,,,,,,,,,,,,,78.2,10,78.4,100,,,,,,,,,,,,,,,,
2026-07-01T00:00:05.218074+00:00,2026-07-01T00:00:05.210491,2,2,78.05,0.3,77.9,99,77.7,150,,,,,,,,,,,,,,,,,78.2,160,78.4,100,,,,,,,,,,,,,,,,
2026-07-01T00:00:05.580850+00:00,2026-07-01T00:00:05.580233,2,2,78.05,0.3,77.9,99,77.7,150,,,,,,,,,,,,,,,,,78.2,160,78.4,100,,,,,,,,,,,,,,,,
2026-07-01T00:00:06.084418+00:00,2026-07-01T00:00:06.084051,2,2,78.05,0.3,77.9,99,77.7,150,,,,,,,,,,,,,,,,,78.2,150,78.4,100,,,,,,,,,,,,,,,,
2026-07-01T00:00:06.094700+00:00,2026-07-01T00:00:06.087462,2,2,78.05,0.3,77.9,99,77.7,150,,,,,,,,,,,,,,,,,78.2,160,78.4,100,,,,,,,,,,,,,,,,
2026-07-01T00:00:06.513462+00:00,2026-07-01T00:00:06.502956,2,2,78.05,0.3,77.9,49,77.7,150,,,,,,,,,,,,,,,,,78.2,160,78.4,100,,,,,,,,,,,,,,,,
2026-07-01T00:00:06.595286+00:00,2026-07-01T00:00:06.591805,2,2,78.05,0.3,77.9,49,77.7,150,,,,,,,,,,,,,,,,,78.2,150,78.4,100,,,,,,,,,,,,,,,,
2026-07-01T00:00:06.605556+00:00,2026-07-01T00:00:06.595680,2,2,78.05,0.3,77.9,49,77.7,150,,,,,,,,,,,,,,,,,78.2,160,78.4,100,,,,,,,,,,,,,,,,
2026-07-01T00:00:07.108501+00:00,2026-07-01T00:00:07.104243,2,2,78.05,0.3,77.9,49,77.7,150,,,,,,,,,,,,,,,,,78.2,160,78.4,100,,,,,,,,,,,,,,,,
2026-07-01T00:00:07.614697+00:00,2026-07-01T00:00:07.612206,2,2,78.05,0.3,77.9,49,77.7,150,,,,,,,,,,,,,,,,,78.2,160,78.4,100,,,,,,,,,,,,,,,,
2026-07-01T00:00:07.962737+00:00,2026-07-01T00:00:07.962055,2,1,78.05,0.3,77.9,49,77.7,150,,,,,,,,,,,,,,,,,78.2,160,,,,,,,,,,,,,,,,,,
2026-07-01T00:00:07.973071+00:00,2026-07-01T00:00:07.963686,1,1,77.95,0.5,77.7,150,,,,,,,,,,,,,,,,,,,78.2,160,,,,,,,,,,,,,,,,,,
2026-07-01T00:00:08.024383+00:00,2026-07-01T00:00:08.023635,1,1,77.95,0.5,77.7,250,,,,,,,,,,,,,,,,,,,78.2,160,,,,,,,,,,,,,,,,,,
2026-07-01T00:00:08.076076+00:00,2026-07-01T00:00:08.075499,1,1,77.95,0.5,77.7,250,,,,,,,,,,,,,,,,,,,78.2,260,,,,,,,,,,,,,,,,,,
2026-07-01T00:00:08.117004+00:00,2026-07-01T00:00:08.116146,1,1,77.95,0.5,77.7,250,,,,,,,,,,,,,,,,,,,78.2,250,,,,,,,,,,,,,,,,,,
2026-07-01T00:00:08.127303+00:00,2026-07-01T00:00:08.119981,1,2,77.9,0.4,77.7,250,,,,,,,,,,,,,,,,,,,78.1,10,78.2,250,,,,,,,,,,,,,,,,
2026-07-01T00:00:08.271164+00:00,2026-07-01T00:00:08.268909,1,2,77.9,0.4,77.7,100,,,,,,,,,,,,,,,,,,,78.1,10,78.2,100,,,,,,,,,,,,,,,,
2026-07-01T00:00:08.322606+00:00,2026-07-01T00:00:08.321556,2,2,77.9,0.4,77.7,100,77.5,150,,,,,,,,,,,,,,,,,78.1,10,78.2,100,,,,,,,,,,,,,,,,
2026-07-01T00:00:08.384232+00:00,2026-07-01T00:00:08.374257,2,3,77.85,0.3,77.7,100,77.5,150,,,,,,,,,,,,,,,,,78.0,150,78.1,10,78.2,100,,,,,,,,,,,,,,
2026-07-01T00:00:08.630583+00:00,2026-07-01T00:00:08.628054,2,2,77.85,0.3,77.7,100,77.5,150,,,,,,,,,,,,,,,,,78.0,160,78.2,100,,,,,,,,,,,,,,,,
2026-07-01T00:00:08.640852+00:00,2026-07-01T00:00:08.631492,2,2,77.85,0.3,77.7,50,77.5,150,,,,,,,,,,,,,,,,,78.0,160,78.2,100,,,,,,,,,,,,,,,,
2026-07-01T00:00:09.132677+00:00,2026-07-01T00:00:09.132351,2,2,77.85,0.3,77.7,50,77.5,150,,,,,,,,,,,,,,,,,78.0,150,78.2,100,,,,,,,,,,,,,,,,
2026-07-01T00:00:09.143065+00:00,2026-07-01T00:00:09.135393,2,2,77.85,0.3,77.7,50,77.5,150,,,,,,,,,,,,,,,,,78.0,160,78.2,100,,,,,,,,,,,,,,,,
2026-07-01T00:00:09.574778+00:00,2026-07-01T00:00:09.568914,2,2,77.85,0.3,77.7,3,77.5,150,,,,,,,,,,,,,,,,,78.0,160,78.2,100,,,,,,,,,,,,,,,,
2026-07-01T00:00:09.646377+00:00,2026-07-01T00:00:09.642746,2,2,77.85,0.3,77.7,3,77.5,150,,,,,,,,,,,,,,,,,78.0,160,78.2,100,,,,,,,,,,,,,,,,
2026-07-01T00:00:10.148570+00:00,2026-07-01T00:00:10.147125,2,2,77.85,0.3,77.7,3,77.5,150,,,,,,,,,,,,,,,,,78.0,150,78.2,100,,,,,,,,,,,,,,,,
2026-07-01T00:00:10.158885+00:00,2026-07-01T00:00:10.150775,2,2,77.85,0.3,77.7,3,77.5,150,,,,,,,,,,,,,,,,,78.0,160,78.2,100,,,,,,,,,,,,,,,,
2026-07-01T00:00:10.661452+00:00,2026-07-01T00:00:10.659519,2,2,77.85,0.3,77.7,3,77.5,150,,,,,,,,,,,,,,,,,78.0,160,78.2,100,,,,,,,,,,,,,,,,
2026-07-01T00:00:10.692165+00:00,2026-07-01T00:00:10.687516,2,2,77.85,0.3,77.7,3,77.5,150,,,,,,,,,,,,,,,,,78.0,110,78.2,100,,,,,,,,,,,,,,,,
2026-07-01T00:00:10.743255+00:00,2026-07-01T00:00:10.738370,2,2,77.85,0.3,77.7,3,77.5,150,,,,,,,,,,,,,,,,,78.0,70,78.2,100,,,,,,,,,,,,,,,,
2026-07-01T00:00:11.132954+00:00,2026-07-01T00:00:11.131617,1,1,77.75,0.5,77.5,150,,,,,,,,,,,,,,,,,,,78.0,70,,,,,,,,,,,,,,,,,,
2026-07-01T00:00:11.174058+00:00,2026-07-01T00:00:11.164344,1,1,77.75,0.5,77.5,150,,,,,,,,,,,,,,,,,,,78.0,60,,,,,,,,,,,,,,,,,,
2026-07-01T00:00:11.194606+00:00,2026-07-01T00:00:11.184776,2,1,77.75,0.5,77.5,150,77.3,100,,,,,,,,,,,,,,,,,78.0,60,,,,,,,,,,,,,,,,,,
2026-07-01T00:00:11.246037+00:00,2026-07-01T00:00:11.243841,2,2,77.65,0.3,77.5,150,77.3,100,,,,,,,,,,,,,,,,,77.8,100,78.0,60,,,,,,,,,,,,,,,,
2026-07-01T00:00:11.430284+00:00,2026-07-01T00:00:11.429386,2,1,77.65,0.3,77.5,150,77.3,100,,,,,,,,,,,,,,,,,77.8,100,,,,,,,,,,,,,,,,,,
2026-07-01T00:00:11.440600+00:00,2026-07-01T00:00:11.430633,1,1,77.55,0.5,77.3,100,,,,,,,,,,,,,,,,,,,77.8,100,,,,,,,,,,,,,,,,,,
2026-07-01T00:00:11.491762+00:00,2026-07-01T00:00:11.485940,2,0,,,77.9,50,77.3,100,,,,,,,,,,,,,,,,,,,,,,,,,,,,,,,,,,,,
2026-07-01T00:00:11.554084+00:00,2026-07-01T00:00:11.553378,2,1,78.15,0.5,77.9,47,77.3,100,,,,,,,,,,,,,,,,,78.4,150,,,,,,,,,,,,,,,,,,
2026-07-01T00:00:11.677850+00:00,2026-07-01T00:00:11.671571,2,2,78.1,0.4,77.9,47,77.3,100,,,,,,,,,,,,,,,,,78.3,10,78.4,150,,,,,,,,,,,,,,,,
2026-07-01T00:00:12.201763+00:00,2026-07-01T00:00:12.198456,2,1,78.15,0.5,77.9,47,77.3,100,,,,,,,,,,,,,,,,,78.4,150,,,,,,,,,,,,,,,,,,
2026-07-01T00:00:12.212163+00:00,2026-07-01T00:00:12.202824,2,2,78.1,0.4,77.9,47,77.3,100,,,,,,,,,,,,,,,,,78.3,10,78.4,150,,,,,,,,,,,,,,,,
2026-07-01T00:00:12.710909+00:00,2026-07-01T00:00:12.709551,2,2,78.1,0.4,77.9,47,77.3,100,,,,,,,,,,,,,,,,,78.3,10,78.4,150,,,,,,,,,,,,,,,,
2026-07-01T00:00:12.803805+00:00,2026-07-01T00:00:12.799048,2,1,78.15,0.5,77.9,47,77.3,100,,,,,,,,,,,,,,,,,78.4,110,,,,,,,,,,,,,,,,,,
2026-07-01T00:00:12.998439+00:00,2026-07-01T00:00:12.995633,2,1,78.15,0.5,77.9,3,77.3,100,,,,,,,,,,,,,,,,,78.4,110,,,,,,,,,,,,,,,,,,
2026-07-01T00:00:13.225252+00:00,2026-07-01T00:00:13.215449,2,2,78.1,0.4,77.9,3,77.3,100,,,,,,,,,,,,,,,,,78.3,10,78.4,110,,,,,,,,,,,,,,,,
2026-07-01T00:00:13.727632+00:00,2026-07-01T00:00:13.724969,2,1,78.15,0.5,77.9,3,77.3,100,,,,,,,,,,,,,,,,,78.4,110,,,,,,,,,,,,,,,,,,
2026-07-01T00:00:13.737911+00:00,2026-07-01T00:00:13.728611,2,2,78.1,0.4,77.9,3,77.3,100,,,,,,,,,,,,,,,,,78.3,10,78.4,110,,,,,,,,,,,,,,,,
2026-07-01T00:00:14.241588+00:00,2026-07-01T00:00:14.236871,2,2,78.1,0.4,77.9,3,77.3,100,,,,,,,,,,,,,,,,,78.3,10,78.4,110,,,,,,,,,,,,,,,,
2026-07-01T00:00:14.303256+00:00,2026-07-01T00:00:14.297783,1,2,78.1,0.4,77.9,3,,,,,,,,,,,,,,,,,,,78.3,10,78.4,110,,,,,,,,,,,,,,,,
2026-07-01T00:00:14.354504+00:00,2026-07-01T00:00:14.353955,2,2,78.1,0.4,77.9,3,77.6,100,,,,,,,,,,,,,,,,,78.3,10,78.4,110,,,,,,,,,,,,,,,,
2026-07-01T00:00:14.416414+00:00,2026-07-01T00:00:14.406521,2,3,78.0,0.2,77.9,3,77.6,100,,,,,,,,,,,,,,,,,78.1,100,78.3,10,78.4,110,,,,,,,,,,,,,,
2026-07-01T00:00:14.602571+00:00,2026-07-01T00:00:14.598496,1,2,77.85,0.5,77.6,100,,,,,,,,,,,,,,,,,,,78.1,100,78.3,10,,,,,,,,,,,,,,,,
2026-07-01T00:00:14.654732+00:00,2026-07-01T00:00:14.649025,2,2,77.85,0.5,77.6,100,77.4,150,,,,,,,,,,,,,,,,,78.1,100,78.3,10,,,,,,,,,,,,,,,,
2026-07-01T00:00:14.706216+00:00,2026-07-01T00:00:14.701384,2,3,77.75,0.3,77.6,100,77.4,150,,,,,,,,,,,,,,,,,77.9,150,78.1,100,78.3,10,,,,,,,,,,,,,,
2026-07-01T00:00:14.747437+00:00,2026-07-01T00:00:14.745094,2,2,77.75,0.3,77.6,100,77.4,150,,,,,,,,,,,,,,,,,77.9,159,78.1,100,,,,,,,,,,,,,,,,
2026-07-01T00:00:14.911485+00:00,2026-07-01T00:00:14.905098,2,2,77.75,0.3,77.6,100,77.4,150,,,,,,,,,,,,,,,,,77.9,109,78.1,100,,,,,,,,,,,,,,,,
2026-07-01T00:00:15.271150+00:00,2026-07-01T00:00:15.265751,2,2,77.75,0.3,77.6,100,77.4,150,,,,,,,,,,,,,,,,,77.9,109,78.1,100,,,,,,,,,,,,,,,,
2026-07-01T00:00:15.772566+00:00,2026-07-01T00:00:15.769830,2,2,77.75,0.3,77.6,100,77.4,150,,,,,,,,,,,,,,,,,77.9,100,78.1,100,,,,,,,,,,,,,,,,
2026-07-01T00:00:15.782807+00:00,2026-07-01T00:00:15.775381,2,2,77.75,0.3,77.6,100,77.4,150,,,,,,,,,,,,,,,,,77.9,109,78.1,100,,,,,,,,,,,,,,,,
2026-07-01T00:00:16.285022+00:00,2026-07-01T00:00:16.282192,2,2,77.75,0.3,77.6,100,77.4,150,,,,,,,,,,,,,,,,,77.9,100,78.1,100,,,,,,,,,,,,,,,,
2026-07-01T00:00:17.012797+00:00,2026-07-01T00:00:17.011326,2,2,77.75,0.3,77.6,100,77.4,150,,,,,,,,,,,,,,,,,77.9,50,78.1,100,,,,,,,,,,,,,,,,
2026-07-01T00:00:17.300338+00:00,2026-07-01T00:00:17.291819,2,2,77.75,0.3,77.6,100,77.4,150,,,,,,,,,,,,,,,,,77.9,60,78.1,100,,,,,,,,,,,,,,,,
2026-07-01T00:00:17.470573+00:00,2026-07-01T00:00:17.462102,1,1,77.65,0.5,77.4,150,,,,,,,,,,,,,,,,,,,77.9,60,,,,,,,,,,,,,,,,,,
2026-07-01T00:00:17.521901+00:00,2026-07-01T00:00:17.513860,1,1,77.65,0.5,77.4,250,,,,,,,,,,,,,,,,,,,77.9,60,,,,,,,,,,,,,,,,,,
2026-07-01T00:00:17.573278+00:00,2026-07-01T00:00:17.566253,1,1,77.65,0.5,77.4,250,,,,,,,,,,,,,,,,,,,77.9,160,,,,,,,,,,,,,,,,,,
2026-07-01T00:00:17.758400+00:00,2026-07-01T00:00:17.758128,1,1,77.65,0.5,77.4,250,,,,,,,,,,,,,,,,,,,77.9,110,,,,,,,,,,,,,,,,,,
2026-07-01T00:00:17.768781+00:00,2026-07-01T00:00:17.759198,1,1,77.65,0.5,77.4,100,,,,,,,,,,,,,,,,,,,77.9,110,,,,,,,,,,,,,,,,,,
2026-07-01T00:00:17.799565+00:00,2026-07-01T00:00:17.796828,1,1,77.65,0.5,77.4,100,,,,,,,,,,,,,,,,,,,77.9,100,,,,,,,,,,,,,,,,,,
2026-07-01T00:00:17.820111+00:00,2026-07-01T00:00:17.811895,2,1,77.8,0.2,77.7,150,77.4,100,,,,,,,,,,,,,,,,,77.9,100,,,,,,,,,,,,,,,,,,
2026-07-01T00:00:17.871377+00:00,2026-07-01T00:00:17.864536,2,2,77.8,0.2,77.7,150,77.4,100,,,,,,,,,,,,,,,,,77.9,100,78.2,150,,,,,,,,,,,,,,,,
2026-07-01T00:00:18.312024+00:00,2026-07-01T00:00:18.304276,2,2,77.8,0.2,77.7,150,77.4,100,,,,,,,,,,,,,,,,,77.9,110,78.2,150,,,,,,,,,,,,,,,,
2026-07-01T00:00:18.342808+00:00,2026-07-01T00:00:18.336668,2,2,77.8,0.2,77.7,150,77.4,100,,,,,,,,,,,,,,,,,77.9,66,78.2,150,,,,,,,,,,,,,,,,
2026-07-01T00:00:18.814307+00:00,2026-07-01T00:00:18.811905,2,2,77.8,0.2,77.7,160,77.4,100,,,,,,,,,,,,,,,,,77.9,56,78.2,150,,,,,,,,,,,,,,,,
2026-07-01T00:00:18.906912+00:00,2026-07-01T00:00:18.902756,2,2,77.8,0.2,77.7,160,77.4,100,,,,,,,,,,,,,,,,,77.9,55,78.2,150,,,,,,,,,,,,,,,,
2026-07-01T00:00:19.122019+00:00,2026-07-01T00:00:19.118975,2,2,77.8,0.2,77.7,160,77.4,100,,,,,,,,,,,,,,,,,77.9,5,78.2,150,,,,,,,,,,,,,,,,
2026-07-01T00:00:19.317571+00:00,2026-07-01T00:00:19.316183,2,2,77.8,0.2,77.7,150,77.4,100,,,,,,,,,,,,,,,,,77.9,5,78.2,150,,,,,,,,,,,,,,,,
2026-07-01T00:00:19.327883+00:00,2026-07-01T00:00:19.319296,2,2,77.8,0.2,77.7,160,77.4,100,,,,,,,,,,,,,,,,,77.9,5,78.2,150,,,,,,,,,,,,,,,,
2026-07-01T00:00:19.823893+00:00,2026-07-01T00:00:19.823161,2,2,77.8,0.2,77.7,150,77.4,100,,,,,,,,,,,,,,,,,77.9,5,78.2,150,,,,,,,,,,,,,,,,
2026-07-01T00:00:19.834354+00:00,2026-07-01T00:00:19.833081,2,2,77.8,0.2,77.7,150,77.4,100,,,,,,,,,,,,,,,,,77.9,15,78.2,150,,,,,,,,,,,,,,,,
2026-07-01T00:00:19.917761+00:00,2026-07-01T00:00:19.912802,2,2,77.8,0.2,77.7,149,77.4,100,,,,,,,,,,,,,,,,,77.9,15,78.2,150,,,,,,,,,,,,,,,,
2026-07-01T00:00:20.340905+00:00,2026-07-01T00:00:20.340812,2,2,77.8,0.2,77.7,149,77.4,100,,,,,,,,,,,,,,,,,77.9,14,78.2,150,,,,,,,,,,,,,,,,
2026-07-01T00:00:20.628900+00:00,2026-07-01T00:00:20.621984,1,2,77.8,0.2,77.7,149,,,,,,,,,,,,,,,,,,,77.9,9,78.2,150,,,,,,,,,,,,,,,,
2026-07-01T00:00:20.700914+00:00,2026-07-01T00:00:20.692303,2,2,77.85,0.1,77.8,100,77.7,149,,,,,,,,,,,,,,,,,77.9,9,78.2,150,,,,,,,,,,,,,,,,
2026-07-01T00:00:20.752275+00:00,2026-07-01T00:00:20.744036,2,3,77.85,0.1,77.8,100,77.7,149,,,,,,,,,,,,,,,,,77.9,9,78.2,150,78.3,100,,,,,,,,,,,,,,
2026-07-01T00:00:20.854702+00:00,2026-07-01T00:00:20.848809,2,3,77.95,0.3,77.8,100,77.7,149,,,,,,,,,,,,,,,,,78.1,10,78.2,150,78.3,100,,,,,,,,,,,,,,
2026-07-01T00:00:20.926267+00:00,2026-07-01T00:00:20.918617,1,2,77.95,0.3,77.8,100,,,,,,,,,,,,,,,,,,,78.1,10,78.3,100,,,,,,,,,,,,,,,,
2026-07-01T00:00:20.977677+00:00,2026-07-01T00:00:20.971228,1,2,77.95,0.3,77.8,250,,,,,,,,,,,,,,,,,,,78.1,10,78.3,100,,,,,,,,,,,,,,,,
2026-07-01T00:00:21.029082+00:00,2026-07-01T00:00:21.023961,1,2,77.95,0.3,77.8,250,,,,,,,,,,,,,,,,,,,78.1,10,78.3,250,,,,,,,,,,,,,,,,
2026-07-01T00:00:21.233964+00:00,2026-07-01T00:00:21.226188,1,1,78.05,0.5,77.8,250,,,,,,,,,,,,,,,,,,,78.3,250,,,,,,,,,,,,,,,,,,
2026-07-01T00:00:23.350531+00:00,2026-07-01T00:00:23.346576,1,1,78.05,0.5,77.8,250,,,,,,,,,,,,,,,,,,,78.3,200,,,,,,,,,,,,,,,,,,
2026-07-01T00:00:23.878012+00:00,2026-07-01T00:00:23.876302,1,1,78.05,0.5,77.8,250,,,,,,,,,,,,,,,,,,,78.3,150,,,,,,,,,,,,,,,,,,
2026-07-01T00:00:23.888380+00:00,2026-07-01T00:00:23.882885,1,1,78.05,0.5,77.8,150,,,,,,,,,,,,,,,,,,,78.3,150,,,,,,,,,,,,,,,,,,
2026-07-01T00:00:23.909088+00:00,2026-07-01T00:00:23.899442,1,2,78.0,0.4,77.8,150,,,,,,,,,,,,,,,,,,,78.2,9,78.3,150,,,,,,,,,,,,,,,,
2026-07-01T00:00:23.929731+00:00,2026-07-01T00:00:23.924437,2,2,78.15,0.1,78.1,100,77.8,150,,,,,,,,,,,,,,,,,78.2,9,78.3,150,,,,,,,,,,,,,,,,
2026-07-01T00:00:23.981400+00:00,2026-07-01T00:00:23.979615,2,3,78.15,0.1,78.1,100,77.8,150,,,,,,,,,,,,,,,,,78.2,9,78.3,150,78.6,100,,,,,,,,,,,,,,
2026-07-01T00:00:24.084275+00:00,2026-07-01T00:00:24.082402,1,2,78.15,0.1,78.1,100,,,,,,,,,,,,,,,,,,,78.2,9,78.6,100,,,,,,,,,,,,,,,,
2026-07-01T00:00:24.135543+00:00,2026-07-01T00:00:24.133643,2,2,78.15,0.1,78.1,100,77.9,150,,,,,,,,,,,,,,,,,78.2,9,78.6,100,,,,,,,,,,,,,,,,
2026-07-01T00:00:24.187262+00:00,2026-07-01T00:00:24.186003,2,3,78.15,0.1,78.1,100,77.9,150,,,,,,,,,,,,,,,,,78.2,9,78.4,150,78.6,100,,,,,,,,,,,,,,
2026-07-01T00:00:24.414667+00:00,2026-07-01T00:00:24.413153,2,2,78.25,0.3,78.1,100,77.9,150,,,,,,,,,,,,,,,,,78.4,150,78.6,100,,,,,,,,,,,,,,,,
2026-07-01T00:00:24.435497+00:00,2026-07-01T00:00:24.425530,2,2,78.25,0.3,78.1,100,77.9,150,,,,,,,,,,,,,,,,,78.4,160,78.6,100,,,,,,,,,,,,,,,,
2026-07-01T00:00:24.939214+00:00,2026-07-01T00:00:24.932803,2,2,78.25,0.3,78.1,100,77.9,150,,,,,,,,,,,,,,,,,78.4,160,78.6,100,,,,,,,,,,,,,,,,
2026-07-01T00:00:25.114291+00:00,2026-07-01T00:00:25.113133,2,2,78.25,0.3,78.1,97,77.9,150,,,,,,,,,,,,,,,,,78.4,160,78.6,100,,,,,,,,,,,,,,,,
2026-07-01T00:00:25.278763+00:00,2026-07-01T00:00:25.275243,2,2,78.25,0.3,78.1,72,77.9,150,,,,,,,,,,,,,,,,,78.4,160,78.6,100,,,,,,,,,,,,,,,,
2026-07-01T00:00:25.443094+00:00,2026-07-01T00:00:25.442091,2,2,78.25,0.3,78.1,72,77.9,150,,,,,,,,,,,,,,,,,78.4,160,78.6,100,,,,,,,,,,,,,,,,
2026-07-01T00:00:25.463854+00:00,2026-07-01T00:00:25.455287,2,2,78.25,0.3,78.1,72,77.9,150,,,,,,,,,,,,,,,,,78.4,110,78.6,100,,,,,,,,,,,,,,,,
2026-07-01T00:00:25.494740+00:00,2026-07-01T00:00:25.485658,2,2,78.25,0.3,78.1,47,77.9,150,,,,,,,,,,,,,,,,,78.4,110,78.6,100,,,,,,,,,,,,,,,,
2026-07-01T00:00:25.526093+00:00,2026-07-01T00:00:25.519810,2,2,78.25,0.3,78.1,47,77.9,150,,,,,,,,,,,,,,,,,78.4,108,78.6,100,,,,,,,,,,,,,,,,
2026-07-01T00:00:25.731207+00:00,2026-07-01T00:00:25.725097,2,2,78.25,0.3,78.1,47,77.9,150,,,,,,,,,,,,,,,,,78.4,106,78.6,100,,,,,,,,,,,,,,,,
2026-07-01T00:00:25.792837+00:00,2026-07-01T00:00:25.790465,2,2,78.25,0.3,78.1,3,77.9,150,,,,,,,,,,,,,,,,,78.4,106,78.6,100,,,,,,,,,,,,,,,,
2026-07-01T00:00:25.936288+00:00,2026-07-01T00:00:25.931005,2,2,78.25,0.3,78.1,3,77.9,150,,,,,,,,,,,,,,,,,78.4,104,78.6,100,,,,,,,,,,,,,,,,
2026-07-01T00:00:25.946670+00:00,2026-07-01T00:00:25.946035,2,2,78.25,0.3,78.1,3,77.9,150,,,,,,,,,,,,,,,,,78.4,94,78.6,100,,,,,,,,,,,,,,,,
2026-07-01T00:00:26.141992+00:00,2026-07-01T00:00:26.141840,2,2,78.25,0.3,78.1,3,77.9,150,,,,,,,,,,,,,,,,,78.4,92,78.6,100,,,,,,,,,,,,,,,,
2026-07-01T00:00:26.328420+00:00,2026-07-01T00:00:26.318472,2,2,78.25,0.3,78.1,3,77.9,150,,,,,,,,,,,,,,,,,78.4,46,78.6,100,,,,,,,,,,,,,,,,
2026-07-01T00:00:26.349156+00:00,2026-07-01T00:00:26.346355,2,2,78.25,0.3,78.1,3,77.9,150,,,,,,,,,,,,,,,,,78.4,44,78.6,100,,,,,,,,,,,,,,,,
2026-07-01T00:00:26.462730+00:00,2026-07-01T00:00:26.452868,2,2,78.25,0.3,78.1,3,77.9,150,,,,,,,,,,,,,,,,,78.4,54,78.6,100,,,,,,,,,,,,,,,,
2026-07-01T00:00:26.957224+00:00,2026-07-01T00:00:26.956961,2,2,78.25,0.3,78.1,3,77.9,150,,,,,,,,,,,,,,,,,78.4,44,78.6,100,,,,,,,,,,,,,,,,
2026-07-01T00:00:26.967543+00:00,2026-07-01T00:00:26.961444,2,2,78.25,0.3,78.1,3,77.9,150,,,,,,,,,,,,,,,,,78.4,54,78.6,100,,,,,,,,,,,,,,,,
2026-07-01T00:00:27.039634+00:00,2026-07-01T00:00:27.037031,1,1,78.15,0.5,77.9,150,,,,,,,,,,,,,,,,,,,78.4,54,,,,,,,,,,,,,,,,,,
2026-07-01T00:00:27.090986+00:00,2026-07-01T00:00:27.089422,2,1,78.15,0.5,77.9,150,77.8,100,,,,,,,,,,,,,,,,,78.4,54,,,,,,,,,,,,,,,,,,
2026-07-01T00:00:27.152868+00:00,2026-07-01T00:00:27.145125,2,2,78.1,0.4,77.9,150,77.8,100,,,,,,,,,,,,,,,,,78.3,100,78.4,54,,,,,,,,,,,,,,,,
2026-07-01T00:00:27.245571+00:00,2026-07-01T00:00:27.242127,1,2,78.05,0.5,77.8,100,,,,,,,,,,,,,,,,,,,78.3,100,78.4,10,,,,,,,,,,,,,,,,
2026-07-01T00:00:27.307864+00:00,2026-07-01T00:00:27.297845,2,0,,,78.4,40,77.8,100,,,,,,,,,,,,,,,,,,,,,,,,,,,,,,,,,,,,
2026-07-01T00:00:27.376662+00:00,2026-07-01T00:00:27.375823,2,1,78.65,0.5,78.4,4,77.8,100,,,,,,,,,,,,,,,,,78.9,150,,,,,,,,,,,,,,,,,,
2026-07-01T00:00:27.469987+00:00,2026-07-01T00:00:27.469294,2,2,78.6,0.4,78.4,4,77.8,100,,,,,,,,,,,,,,,,,78.8,10,78.9,150,,,,,,,,,,,,,,,,
2026-07-01T00:00:27.573595+00:00,2026-07-01T00:00:27.571561,2,1,78.65,0.5,78.4,4,77.8,100,,,,,,,,,,,,,,,,,78.9,110,,,,,,,,,,,,,,,,,,
2026-07-01T00:00:27.594290+00:00,2026-07-01T00:00:27.588212,1,1,78.35,1.1,77.8,100,,,,,,,,,,,,,,,,,,,78.9,110,,,,,,,,,,,,,,,,,,
2026-07-01T00:00:28.798649+00:00,2026-07-01T00:00:28.798373,1,1,78.35,1.1,77.8,53,,,,,,,,,,,,,,,,,,,78.9,110,,,,,,,,,,,,,,,,,,
2026-07-01T00:00:29.179155+00:00,2026-07-01T00:00:29.175641,1,1,78.35,1.1,77.8,43,,,,,,,,,,,,,,,,,,,78.9,110,,,,,,,,,,,,,,,,,,
2026-07-01T00:00:29.682826+00:00,2026-07-01T00:00:29.678567,1,1,78.35,1.1,77.8,43,,,,,,,,,,,,,,,,,,,78.9,60,,,,,,,,,,,,,,,,,,
2026-07-01T00:00:29.991692+00:00,2026-07-01T00:00:29.987063,1,1,78.35,1.1,77.8,41,,,,,,,,,,,,,,,,,,,78.9,60,,,,,,,,,,,,,,,,,,
2026-07-01T00:00:30.207908+00:00,2026-07-01T00:00:30.199742,0,1,,,,,,,,,,,,,,,,,,,,,,,78.9,60,,,,,,,,,,,,,,,,,,
2026-07-01T00:00:30.259666+00:00,2026-07-01T00:00:30.254460,1,1,78.45,0.9,78.0,100,,,,,,,,,,,,,,,,,,,78.9,60,,,,,,,,,,,,,,,,,,
2026-07-01T00:00:30.311617+00:00,2026-07-01T00:00:30.306653,1,2,78.25,0.5,78.0,100,,,,,,,,,,,,,,,,,,,78.5,100,78.9,60,,,,,,,,,,,,,,,,
2026-07-01T00:00:30.426007+00:00,2026-07-01T00:00:30.415939,1,1,78.25,0.5,78.0,100,,,,,,,,,,,,,,,,,,,78.5,100,,,,,,,,,,,,,,,,,,
2026-07-01T00:00:30.467354+00:00,2026-07-01T00:00:30.467221,2,1,78.3,0.4,78.1,150,78.0,100,,,,,,,,,,,,,,,,,78.5,100,,,,,,,,,,,,,,,,,,
2026-07-01T00:00:30.509018+00:00,2026-07-01T00:00:30.499777,2,2,78.25,0.3,78.1,150,78.0,100,,,,,,,,,,,,,,,,,78.4,9,78.5,100,,,,,,,,,,,,,,,,
2026-07-01T00:00:30.529867+00:00,2026-07-01T00:00:30.520663,2,3,78.25,0.3,78.1,150,78.0,100,,,,,,,,,,,,,,,,,78.4,9,78.5,100,78.6,150,,,,,,,,,,,,,,
2026-07-01T00:00:31.004108+00:00,2026-07-01T00:00:31.003996,2,2,78.3,0.4,78.1,150,78.0,100,,,,,,,,,,,,,,,,,78.5,100,78.6,150,,,,,,,,,,,,,,,,
2026-07-01T00:00:31.014477+00:00,2026-07-01T00:00:31.007610,2,3,78.25,0.3,78.1,150,78.0,100,,,,,,,,,,,,,,,,,78.4,9,78.5,100,78.6,150,,,,,,,,,,,,,,
2026-07-01T00:00:31.353142+00:00,2026-07-01T00:00:31.352421,2,3,78.25,0.3,78.1,103,78.0,100,,,,,,,,,,,,,,,,,78.4,9,78.5,100,78.6,150,,,,,,,,,,,,,,
2026-07-01T00:00:31.517471+00:00,2026-07-01T00:00:31.515663,2,3,78.25,0.3,78.1,103,78.0,100,,,,,,,,,,,,,,,,,78.4,9,78.5,100,78.6,150,,,,,,,,,,,,,,
2026-07-01T00:00:31.794915+00:00,2026-07-01T00:00:31.785958,2,2,78.3,0.4,78.1,103,78.0,100,,,,,,,,,,,,,,,,,78.5,59,78.6,150,,,,,,,,,,,,,,,,
2026-07-01T00:00:32.411027+00:00,2026-07-01T00:00:32.406626,2,2,78.3,0.4,78.1,103,78.0,100,,,,,,,,,,,,,,,,,78.5,15,78.6,150,,,,,,,,,,,,,,,,
2026-07-01T00:00:33.367067+00:00,2026-07-01T00:00:33.366517,2,1,78.35,0.5,78.1,103,78.0,100,,,,,,,,,,,,,,,,,78.6,150,,,,,,,,,,,,,,,,,,
2026-07-01T00:00:33.377486+00:00,2026-07-01T00:00:33.367736,1,1,78.35,0.5,78.1,103,,,,,,,,,,,,,,,,,,,78.6,150,,,,,,,,,,,,,,,,,,
2026-07-01T00:00:33.429358+00:00,2026-07-01T00:00:33.421105,2,1,78.45,0.3,78.3,100,78.1,103,,,,,,,,,,,,,,,,,78.6,150,,,,,,,,,,,,,,,,,,
2026-07-01T00:00:33.481030+00:00,2026-07-01T00:00:33.474546,2,2,78.45,0.3,78.3,100,78.1,103,,,,,,,,,,,,,,,,,78.6,150,78.8,100,,,,,,,,,,,,,,,,
2026-07-01T00:00:33.543095+00:00,2026-07-01T00:00:33.534774,2,2,78.45,0.3,78.3,100,78.1,103,,,,,,,,,,,,,,,,,78.6,160,78.8,100,,,,,,,,,,,,,,,,
2026-07-01T00:00:33.584212+00:00,2026-07-01T00:00:33.579369,1,2,78.45,0.3,78.3,100,,,,,,,,,,,,,,,,,,,78.6,10,78.8,100,,,,,,,,,,,,,,,,
2026-07-01T00:00:33.635658+00:00,2026-07-01T00:00:33.631323,2,2,78.45,0.3,78.3,100,78.0,150,,,,,,,,,,,,,,,,,78.6,10,78.8,100,,,,,,,,,,,,,,,,
2026-07-01T00:00:33.687289+00:00,2026-07-01T00:00:33.686844,2,3,78.4,0.2,78.3,100,78.0,150,,,,,,,,,,,,,,,,,78.5,150,78.6,10,78.8,100,,,,,,,,,,,,,,
2026-07-01T00:00:33.903630+00:00,2026-07-01T00:00:33.896238,2,3,78.4,0.2,78.3,100,78.0,150,,,,,,,,,,,,,,,,,78.5,100,78.6,10,78.8,100,,,,,,,,,,,,,,
2026-07-01T00:00:34.047901+00:00,2026-07-01T00:00:34.042252,2,2,78.4,0.2,78.3,100,78.0,150,,,,,,,,,,,,,,,,,78.5,110,78.8,100,,,,,,,,,,,,,,,,
2026-07-01T00:00:34.551612+00:00,2026-07-01T00:00:34.546482,2,2,78.4,0.2,78.3,100,78.0,150,,,,,,,,,,,,,,,,,78.5,100,78.8,100,,,,,,,,,,,,,,,,
2026-07-01T00:00:34.705972+00:00,2026-07-01T00:00:34.705449,2,2,78.4,0.2,78.3,100,78.0,150,,,,,,,,,,,,,,,,,78.5,89,78.8,100,,,,,,,,,,,,,,,,
2026-07-01T00:00:35.712004+00:00,2026-07-01T00:00:35.705628,2,2,78.4,0.2,78.3,60,78.0,150,,,,,,,,,,,,,,,,,78.5,89,78.8,100,,,,,,,,,,,,,,,,
2026-07-01T00:00:36.010549+00:00,2026-07-01T00:00:36.003291,2,2,78.4,0.2,78.3,60,78.0,150,,,,,,,,,,,,,,,,,78.5,39,78.8,100,,,,,,,,,,,,,,,,
2026-07-01T00:00:36.535055+00:00,2026-07-01T00:00:36.529173,1,1,78.25,0.5,78.0,150,,,,,,,,,,,,,,,,,,,78.5,39,,,,,,,,,,,,,,,,,,
2026-07-01T00:00:36.586501+00:00,2026-07-01T00:00:36.582037,2,1,78.45,0.1,78.4,100,78.0,150,,,,,,,,,,,,,,,,,78.5,39,,,,,,,,,,,,,,,,,,
2026-07-01T00:00:36.638020+00:00,2026-07-01T00:00:36.633965,2,2,78.45,0.1,78.4,100,78.0,150,,,,,,,,,,,,,,,,,78.5,39,78.9,100,,,,,,,,,,,,,,,,
2026-07-01T00:00:36.741042+00:00,2026-07-01T00:00:36.739889,2,1,78.65,0.5,78.4,100,78.0,150,,,,,,,,,,,,,,,,,78.9,100,,,,,,,,,,,,,,,,,,
2026-07-01T00:00:36.751332+00:00,2026-07-01T00:00:36.741486,1,1,78.65,0.5,78.4,100,,,,,,,,,,,,,,,,,,,78.9,100,,,,,,,,,,,,,,,,,,
2026-07-01T00:00:36.859796+00:00,2026-07-01T00:00:36.859413,2,2,78.8,0.2,78.7,114,78.4,100,,,,,,,,,,,,,,,,,78.9,100,79.2,150,,,,,,,,,,,,,,,,
2026-07-01T00:00:36.942274+00:00,2026-07-01T00:00:36.940791,2,2,78.8,0.2,78.7,113,78.4,100,,,,,,,,,,,,,,,,,78.9,100,79.2,150,,,,,,,,,,,,,,,,
2026-07-01T00:00:37.086397+00:00,2026-07-01T00:00:37.080755,2,2,78.8,0.2,78.7,88,78.4,100,,,,,,,,,,,,,,,,,78.9,100,79.2,150,,,,,,,,,,,,,,,,
2026-07-01T00:00:37.096768+00:00,2026-07-01T00:00:37.090053,2,2,78.8,0.2,78.7,88,78.4,100,,,,,,,,,,,,,,,,,78.9,110,79.2,150,,,,,,,,,,,,,,,,
2026-07-01T00:00:37.303454+00:00,2026-07-01T00:00:37.298212,2,2,78.8,0.2,78.7,63,78.4,100,,,,,,,,,,,,,,,,,78.9,110,79.2,150,,,,,,,,,,,,,,,,
2026-07-01T00:00:37.510465+00:00,2026-07-01T00:00:37.507838,2,2,78.8,0.2,78.7,38,78.4,100,,,,,,,,,,,,,,,,,78.9,110,79.2,150,,,,,,,,,,,,,,,,
2026-07-01T00:00:37.603384+00:00,2026-07-01T00:00:37.597048,2,2,78.8,0.2,78.7,38,78.4,100,,,,,,,,,,,,,,,,,78.9,110,79.2,150,,,,,,,,,,,,,,,,
2026-07-01T00:00:37.634504+00:00,2026-07-01T00:00:37.626893,2,2,78.8,0.2,78.7,26,78.4,100,,,,,,,,,,,,,,,,,78.9,110,79.2,150,,,,,,,,,,,,,,,,
2026-07-01T00:00:37.717063+00:00,2026-07-01T00:00:37.716919,2,2,78.8,0.2,78.7,1,78.4,100,,,,,,,,,,,,,,,,,78.9,110,79.2,150,,,,,,,,,,,,,,,,
2026-07-01T00:00:37.932883+00:00,2026-07-01T00:00:37.926673,1,2,78.65,0.5,78.4,100,,,,,,,,,,,,,,,,,,,78.9,110,79.2,150,,,,,,,,,,,,,,,,
2026-07-01T00:00:37.943264+00:00,2026-07-01T00:00:37.935993,1,2,78.65,0.5,78.4,98,,,,,,,,,,,,,,,,,,,78.9,110,79.2,150,,,,,,,,,,,,,,,,
2026-07-01T00:00:38.107705+00:00,2026-07-01T00:00:38.101280,1,2,78.65,0.5,78.4,98,,,,,,,,,,,,,,,,,,,78.9,100,79.2,150,,,,,,,,,,,,,,,,
2026-07-01T00:00:38.148884+00:00,2026-07-01T00:00:38.141068,1,2,78.65,0.5,78.4,96,,,,,,,,,,,,,,,,,,,78.9,100,79.2,150,,,,,,,,,,,,,,,,
2026-07-01T00:00:39.693848+00:00,2026-07-01T00:00:39.693121,0,1,,,,,,,,,,,,,,,,,,,,,,,79.2,150,,,,,,,,,,,,,,,,,,
2026-07-01T00:00:39.756006+00:00,2026-07-01T00:00:39.747606,1,1,78.8,0.8,78.4,100,,,,,,,,,,,,,,,,,,,79.2,150,,,,,,,,,,,,,,,,,,
2026-07-01T00:00:39.807918+00:00,2026-07-01T00:00:39.800200,1,2,78.65,0.5,78.4,100,,,,,,,,,,,,,,,,,,,78.9,100,79.2,150,,,,,,,,,,,,,,,,
2026-07-01T00:00:39.900711+00:00,2026-07-01T00:00:39.899997,1,1,78.65,0.5,78.4,100,,,,,,,,,,,,,,,,,,,78.9,100,,,,,,,,,,,,,,,,,,
2026-07-01T00:00:39.962577+00:00,2026-07-01T00:00:39.952648,2,1,78.65,0.5,78.4,100,78.1,150,,,,,,,,,,,,,,,,,78.9,100,,,,,,,,,,,,,,,,,,
2026-07-01T00:00:40.014116+00:00,2026-07-01T00:00:40.005065,2,2,78.5,0.2,78.4,100,78.1,150,,,,,,,,,,,,,,,,,78.6,150,78.9,100,,,,,,,,,,,,,,,,
2026-07-01T00:00:40.220257+00:00,2026-07-01T00:00:40.218545,2,2,78.5,0.2,78.4,100,78.1,150,,,,,,,,,,,,,,,,,78.6,100,78.9,100,,,,,,,,,,,,,,,,
2026-07-01T00:00:40.271609+00:00,2026-07-01T00:00:40.267568,2,2,78.5,0.2,78.4,100,78.1,150,,,,,,,,,,,,,,,,,78.6,52,78.9,100,,,,,,,,,,,,,,,,
2026-07-01T00:00:42.335129+00:00,2026-07-01T00:00:42.326764,2,2,78.5,0.2,78.4,100,78.1,150,,,,,,,,,,,,,,,,,78.6,2,78.9,100,,,,,,,,,,,,,,,,
2026-07-01T00:00:42.854606+00:00,2026-07-01T00:00:42.854296,2,1,78.5,0.2,78.4,100,78.1,150,,,,,,,,,,,,,,,,,78.6,2,,,,,,,,,,,,,,,,,,
2026-07-01T00:00:42.865006+00:00,2026-07-01T00:00:42.855885,1,1,78.35,0.5,78.1,150,,,,,,,,,,,,,,,,,,,78.6,2,,,,,,,,,,,,,,,,,,
2026-07-01T00:00:42.916421+00:00,2026-07-01T00:00:42.907890,2,1,78.5,0.2,78.4,100,78.1,150,,,,,,,,,,,,,,,,,78.6,2,,,,,,,,,,,,,,,,,,
2026-07-01T00:00:42.967747+00:00,2026-07-01T00:00:42.962897,2,2,78.5,0.2,78.4,100,78.1,150,,,,,,,,,,,,,,,,,78.6,2,78.9,100,,,,,,,,,,,,,,,,
2026-07-01T00:00:43.081773+00:00,2026-07-01T00:00:43.077074,1,1,78.65,0.5,78.4,100,,,,,,,,,,,,,,,,,,,78.9,100,,,,,,,,,,,,,,,,,,
2026-07-01T00:00:43.133466+00:00,2026-07-01T00:00:43.130076,2,1,78.8,0.2,78.7,150,78.4,100,,,,,,,,,,,,,,,,,78.9,100,,,,,,,,,,,,,,,,,,
2026-07-01T00:00:43.143862+00:00,2026-07-01T00:00:43.137682,2,1,78.8,0.2,78.7,150,78.4,100,,,,,,,,,,,,,,,,,78.9,110,,,,,,,,,,,,,,,,,,
2026-07-01T00:00:43.175126+00:00,2026-07-01T00:00:43.165420,2,1,78.8,0.2,78.7,149,78.4,100,,,,,,,,,,,,,,,,,78.9,110,,,,,,,,,,,,,,,,,,
2026-07-01T00:00:43.185553+00:00,2026-07-01T00:00:43.182402,2,2,78.8,0.2,78.7,149,78.4,100,,,,,,,,,,,,,,,,,78.9,110,79.2,150,,,,,,,,,,,,,,,,
2026-07-01T00:00:43.648278+00:00,2026-07-01T00:00:43.641789,2,2,78.8,0.2,78.7,149,78.4,100,,,,,,,,,,,,,,,,,78.9,100,79.2,150,,,,,,,,,,,,,,,,
2026-07-01T00:00:43.967022+00:00,2026-07-01T00:00:43.958397,2,2,78.8,0.2,78.7,148,78.4,100,,,,,,,,,,,,,,,,,78.9,100,79.2,150,,,,,,,,,,,,,,,,
2026-07-01T00:00:44.152073+00:00,2026-07-01T00:00:44.148676,2,2,78.8,0.2,78.7,148,78.4,100,,,,,,,,,,,,,,,,,78.9,110,79.2,150,,,,,,,,,,,,,,,,
2026-07-01T00:00:44.656499+00:00,2026-07-01T00:00:44.653115,2,2,78.8,0.2,78.7,148,78.4,100,,,,,,,,,,,,,,,,,78.9,100,79.2,150,,,,,,,,,,,,,,,,
2026-07-01T00:00:44.666868+00:00,2026-07-01T00:00:44.657009,2,2,78.8,0.2,78.7,148,78.4,100,,,,,,,,,,,,,,,,,78.9,110,79.2,150,,,,,,,,,,,,,,,,
2026-07-01T00:00:44.975365+00:00,2026-07-01T00:00:44.966782,2,2,78.8,0.2,78.7,147,78.4,100,,,,,,,,,,,,,,,,,78.9,110,79.2,150,,,,,,,,,,,,,,,,
2026-07-01T00:00:45.170885+00:00,2026-07-01T00:00:45.165964,2,2,78.8,0.2,78.7,147,78.4,100,,,,,,,,,,,,,,,,,78.9,110,79.2,150,,,,,,,,,,,,,,,,
2026-07-01T00:00:45.676426+00:00,2026-07-01T00:00:45.674720,2,2,78.8,0.2,78.7,147,78.4,100,,,,,,,,,,,,,,,,,78.9,110,79.2,150,,,,,,,,,,,,,,,,
2026-07-01T00:00:45.984482+00:00,2026-07-01T00:00:45.975421,2,2,78.8,0.2,78.7,146,78.4,100,,,,,,,,,,,,,,,,,78.9,110,79.2,150,,,,,,,,,,,,,,,,
2026-07-01T00:00:46.025990+00:00,2026-07-01T00:00:46.018899,1,2,78.8,0.2,78.7,146,,,,,,,,,,,,,,,,,,,78.9,10,79.2,150,,,,,,,,,,,,,,,,
2026-07-01T00:00:46.077712+00:00,2026-07-01T00:00:46.071713,2,2,78.8,0.2,78.7,146,78.3,100,,,,,,,,,,,,,,,,,78.9,10,79.2,150,,,,,,,,,,,,,,,,
2026-07-01T00:00:46.130060+00:00,2026-07-01T00:00:46.124162,2,3,78.75,0.1,78.7,146,78.3,100,,,,,,,,,,,,,,,,,78.8,100,78.9,10,79.2,150,,,,,,,,,,,,,,
2026-07-01T00:00:46.181687+00:00,2026-07-01T00:00:46.179350,2,2,78.75,0.1,78.7,146,78.3,100,,,,,,,,,,,,,,,,,78.8,100,79.2,150,,,,,,,,,,,,,,,,
2026-07-01T00:00:46.192035+00:00,2026-07-01T00:00:46.182941,2,2,78.75,0.1,78.7,146,78.3,100,,,,,,,,,,,,,,,,,78.8,110,79.2,150,,,,,,,,,,,,,,,,
2026-07-01T00:00:46.243198+00:00,2026-07-01T00:00:46.240897,1,1,78.55,0.5,78.3,100,,,,,,,,,,,,,,,,,,,78.8,110,,,,,,,,,,,,,,,,,,
2026-07-01T00:00:46.294421+00:00,2026-07-01T00:00:46.293384,2,1,78.7,0.2,78.6,150,78.3,100,,,,,,,,,,,,,,,,,78.8,110,,,,,,,,,,,,,,,,,,
2026-07-01T00:00:46.356698+00:00,2026-07-01T00:00:46.346615,2,2,78.7,0.2,78.6,150,78.3,100,,,,,,,,,,,,,,,,,78.8,110,79.1,150,,,,,,,,,,,,,,,,
2026-07-01T00:00:46.696031+00:00,2026-07-01T00:00:46.695137,2,2,78.7,0.2,78.6,150,78.3,100,,,,,,,,,,,,,,,,,78.8,110,79.1,150,,,,,,,,,,,,,,,,
2026-07-01T00:00:46.993716+00:00,2026-07-01T00:00:46.986822,2,2,78.7,0.2,78.6,149,78.3,100,,,,,,,,,,,,,,,,,78.8,110,79.1,150,,,,,,,,,,,,,,,,
2026-07-01T00:00:47.209693+00:00,2026-07-01T00:00:47.203207,2,2,78.7,0.2,78.6,149,78.3,100,,,,,,,,,,,,,,,,,78.8,110,79.1,150,,,,,,,,,,,,,,,,
2026-07-01T00:00:47.713593+00:00,2026-07-01T00:00:47.707253,2,2,78.7,0.2,78.6,149,78.3,100,,,,,,,,,,,,,,,,,78.8,100,79.1,150,,,,,,,,,,,,,,,,
2026-07-01T00:00:47.868933+00:00,2026-07-01T00:00:47.861608,2,2,78.7,0.2,78.6,149,78.3,100,,,,,,,,,,,,,,,,,78.8,57,79.1,150,,,,,,,,,,,,,,,,
2026-07-01T00:00:47.962694+00:00,2026-07-01T00:00:47.957928,2,2,78.7,0.2,78.6,139,78.3,100,,,,,,,,,,,,,,,,,78.8,57,79.1,150,,,,,,,,,,,,,,,,
2026-07-01T00:00:48.221446+00:00,2026-07-01T00:00:48.213334,2,2,78.7,0.2,78.6,139,78.3,100,,,,,,,,,,,,,,,,,78.8,67,79.1,150,,,,,,,,,,,,,,,,
2026-07-01T00:00:48.654479+00:00,2026-07-01T00:00:48.645520,2,2,78.7,0.2,78.6,139,78.3,100,,,,,,,,,,,,,,,,,78.8,17,79.1,150,,,,,,,,,,,,,,,,
2026-07-01T00:00:48.726705+00:00,2026-07-01T00:00:48.721873,2,2,78.7,0.2,78.6,139,78.3,100,,,,,,,,,,,,,,,,,78.8,17,79.1,150,,,,,,,,,,,,,,,,
2026-07-01T00:00:48.767945+00:00,2026-07-01T00:00:48.767019,2,2,78.7,0.2,78.6,137,78.3,100,,,,,,,,,,,,,,,,,78.8,17,79.1,150,,,,,,,,,,,,,,,,
2026-07-01T00:00:49.188898+00:00,2026-07-01T00:00:49.180919,1,2,78.7,0.2,78.6,137,,,,,,,,,,,,,,,,,,,78.8,10,79.1,150,,,,,,,,,,,,,,,,
2026-07-01T00:00:49.230201+00:00,2026-07-01T00:00:49.229908,1,2,78.8,0.4,78.6,137,,,,,,,,,,,,,,,,,,,79.0,10,79.1,150,,,,,,,,,,,,,,,,
2026-07-01T00:00:49.240500+00:00,2026-07-01T00:00:49.233565,2,2,78.85,0.3,78.7,100,78.6,137,,,,,,,,,,,,,,,,,79.0,10,79.1,150,,,,,,,,,,,,,,,,
2026-07-01T00:00:49.292109+00:00,2026-07-01T00:00:49.285564,2,3,78.85,0.3,78.7,100,78.6,137,,,,,,,,,,,,,,,,,79.0,10,79.1,150,79.2,100,,,,,,,,,,,,,,
2026-07-01T00:00:49.405280+00:00,2026-07-01T00:00:49.404261,1,2,78.85,0.3,78.7,100,,,,,,,,,,,,,,,,,,,79.0,10,79.2,100,,,,,,,,,,,,,,,,
2026-07-01T00:00:49.466922+00:00,2026-07-01T00:00:49.456936,1,2,78.85,0.3,78.7,250,,,,,,,,,,,,,,,,,,,79.0,10,79.2,100,,,,,,,,,,,,,,,,
2026-07-01T00:00:49.518411+00:00,2026-07-01T00:00:49.511497,1,2,78.85,0.3,78.7,202,,,,,,,,,,,,,,,,,,,79.0,10,79.2,250,,,,,,,,,,,,,,,,
2026-07-01T00:00:49.745680+00:00,2026-07-01T00:00:49.739670,1,2,78.9,0.4,78.7,202,,,,,,,,,,,,,,,,,,,79.1,10,79.2,250,,,,,,,,,,,,,,,,
2026-07-01T00:00:50.248909+00:00,2026-07-01T00:00:50.247202,1,2,78.9,0.4,78.7,202,,,,,,,,,,,,,,,,,,,79.1,10,79.2,250,,,,,,,,,,,,,,,,
2026-07-01T00:00:50.752686+00:00,2026-07-01T00:00:50.751619,1,1,78.95,0.5,78.7,202,,,,,,,,,,,,,,,,,,,79.2,250,,,,,,,,,,,,,,,,,,
2026-07-01T00:00:50.763029+00:00,2026-07-01T00:00:50.755741,1,2,78.9,0.4,78.7,202,,,,,,,,,,,,,,,,,,,79.1,10,79.2,250,,,,,,,,,,,,,,,,
2026-07-01T00:00:51.269000+00:00,2026-07-01T00:00:51.267518,1,2,78.9,0.4,78.7,202,,,,,,,,,,,,,,,,,,,79.1,10,79.2,250,,,,,,,,,,,,,,,,
2026-07-01T00:00:51.774426+00:00,2026-07-01T00:00:51.771713,1,1,78.95,0.5,78.7,202,,,,,,,,,,,,,,,,,,,79.2,250,,,,,,,,,,,,,,,,,,
2026-07-01T00:00:51.784735+00:00,2026-07-01T00:00:51.775657,1,2,78.9,0.4,78.7,202,,,,,,,,,,,,,,,,,,,79.1,10,79.2,250,,,,,,,,,,,,,,,,
2026-07-01T00:00:52.010666+00:00,2026-07-01T00:00:52.002825,1,2,78.9,0.4,78.7,201,,,,,,,,,,,,,,,,,,,79.1,10,79.2,250,,,,,,,,,,,,,,,,
2026-07-01T00:00:52.051946+00:00,2026-07-01T00:00:52.049923,1,2,78.9,0.4,78.7,189,,,,,,,,,,,,,,,,,,,79.1,10,79.2,250,,,,,,,,,,,,,,,,
2026-07-01T00:00:52.289601+00:00,2026-07-01T00:00:52.282925,1,2,78.9,0.4,78.7,189,,,,,,,,,,,,,,,,,,,79.1,10,79.2,250,,,,,,,,,,,,,,,,
2026-07-01T00:00:52.351513+00:00,2026-07-01T00:00:52.343384,1,2,78.9,0.4,78.7,150,,,,,,,,,,,,,,,,,,,79.1,10,79.2,150,,,,,,,,,,,,,,,,
2026-07-01T00:00:52.402999+00:00,2026-07-01T00:00:52.395788,2,2,78.9,0.4,78.7,150,78.5,100,,,,,,,,,,,,,,,,,79.1,10,79.2,150,,,,,,,,,,,,,,,,
2026-07-01T00:00:52.455155+00:00,2026-07-01T00:00:52.448558,2,3,78.85,0.3,78.7,150,78.5,100,,,,,,,,,,,,,,,,,79.0,100,79.1,10,79.2,150,,,,,,,,,,,,,,
2026-07-01T00:00:52.568646+00:00,2026-07-01T00:00:52.568285,1,2,78.75,0.5,78.5,100,,,,,,,,,,,,,,,,,,,79.0,100,79.1,10,,,,,,,,,,,,,,,,
2026-07-01T00:00:52.630603+00:00,2026-07-01T00:00:52.620955,2,2,78.8,0.4,78.6,150,78.5,100,,,,,,,,,,,,,,,,,79.0,100,79.1,10,,,,,,,,,,,,,,,,
2026-07-01T00:00:52.682105+00:00,2026-07-01T00:00:52.675219,2,2,78.8,0.4,78.6,150,78.5,100,,,,,,,,,,,,,,,,,79.0,100,79.1,160,,,,,,,,,,,,,,,,
2026-07-01T00:00:52.796219+00:00,2026-07-01T00:00:52.786817,2,2,78.8,0.4,78.6,150,78.5,100,,,,,,,,,,,,,,,,,79.0,100,79.1,150,,,,,,,,,,,,,,,,
2026-07-01T00:00:52.910128+00:00,2026-07-01T00:00:52.907463,2,2,78.8,0.4,78.6,100,78.5,100,,,,,,,,,,,,,,,,,79.0,100,79.1,150,,,,,,,,,,,,,,,,
2026-07-01T00:00:53.993621+00:00,2026-07-01T00:00:53.985720,2,2,78.8,0.4,78.6,100,78.5,100,,,,,,,,,,,,,,,,,79.0,60,79.1,150,,,,,,,,,,,,,,,,
2026-07-01T00:00:55.510111+00:00,2026-07-01T00:00:55.506169,1,1,78.85,0.5,78.6,100,,,,,,,,,,,,,,,,,,,79.1,150,,,,,,,,,,,,,,,,,,
2026-07-01T00:00:55.561393+00:00,2026-07-01T00:00:55.558608,2,1,79.0,0.2,78.9,100,78.6,100,,,,,,,,,,,,,,,,,79.1,150,,,,,,,,,,,,,,,,,,
2026-07-01T00:00:55.612665+00:00,2026-07-01T00:00:55.611403,2,2,79.0,0.2,78.9,100,78.6,100,,,,,,,,,,,,,,,,,79.1,150,79.4,100,,,,,,,,,,,,,,,,
2026-07-01T00:00:55.736272+00:00,2026-07-01T00:00:55.730864,1,1,79.15,0.5,78.9,100,,,,,,,,,,,,,,,,,,,79.4,100,,,,,,,,,,,,,,,,,,
2026-07-01T00:00:55.798301+00:00,2026-07-01T00:00:55.792581,2,1,79.15,0.5,78.9,100,78.7,150,,,,,,,,,,,,,,,,,79.4,100,,,,,,,,,,,,,,,,,,
2026-07-01T00:00:55.819028+00:00,2026-07-01T00:00:55.810006,2,2,79.1,0.4,78.9,100,78.7,150,,,,,,,,,,,,,,,,,79.3,10,79.4,100,,,,,,,,,,,,,,,,
2026-07-01T00:00:55.849808+00:00,2026-07-01T00:00:55.840995,2,3,79.05,0.3,78.9,100,78.7,150,,,,,,,,,,,,,,,,,79.2,150,79.3,10,79.4,100,,,,,,,,,,,,,,
2026-07-01T00:00:56.045136+00:00,2026-07-01T00:00:56.036270,2,3,79.05,0.3,78.9,99,78.7,150,,,,,,,,,,,,,,,,,79.2,150,79.3,10,79.4,100,,,,,,,,,,,,,,
2026-07-01T00:00:56.322575+00:00,2026-07-01T00:00:56.318117,2,2,79.05,0.3,78.9,99,78.7,150,,,,,,,,,,,,,,,,,79.2,160,79.4,100,,,,,,,,,,,,,,,,
2026-07-01T00:00:56.827473+00:00,2026-07-01T00:00:56.825349,2,2,79.05,0.3,78.9,99,78.7,150,,,,,,,,,,,,,,,,,79.2,160,79.4,100,,,,,,,,,,,,,,,,
2026-07-01T00:00:57.053665+00:00,2026-07-01T00:00:57.046873,2,2,79.05,0.3,78.9,98,78.7,150,,,,,,,,,,,,,,,,,79.2,160,79.4,100,,,,,,,,,,,,,,,,
2026-07-01T00:00:57.125643+00:00,2026-07-01T00:00:57.119145,2,2,79.05,0.3,78.9,48,78.7,150,,,,,,,,,,,,,,,,,79.2,160,79.4,100,,,,,,,,,,,,,,,,
2026-07-01T00:00:57.176949+00:00,2026-07-01T00:00:57.176751,2,2,79.05,0.3,78.9,36,78.7,150,,,,,,,,,,,,,,,,,79.2,160,79.4,100,,,,,,,,,,,,,,,,
2026-07-01T00:00:57.331094+00:00,2026-07-01T00:00:57.329284,2,2,79.05,0.3,78.9,36,78.7,150,,,,,,,,,,,,,,,,,79.2,150,79.4,100,,,,,,,,,,,,,,,,
2026-07-01T00:00:57.341431+00:00,2026-07-01T00:00:57.333121,2,2,79.05,0.3,78.9,36,78.7,150,,,,,,,,,,,,,,,,,79.2,160,79.4,100,,,,,,,,,,,,,,,,
2026-07-01T00:00:57.840887+00:00,2026-07-01T00:00:57.837728,2,2,79.05,0.3,78.9,36,78.7,150,,,,,,,,,,,,,,,,,79.2,150,79.4,100,,,,,,,,,,,,,,,,
2026-07-01T00:00:57.851274+00:00,2026-07-01T00:00:57.841980,2,2,79.05,0.3,78.9,36,78.7,150,,,,,,,,,,,,,,,,,79.2,160,79.4,100,,,,,,,,,,,,,,,,
2026-07-01T00:00:58.058349+00:00,2026-07-01T00:00:58.056901,2,2,79.05,0.3,78.9,35,78.7,150,,,,,,,,,,,,,,,,,79.2,160,79.4,100,,,,,,,,,,,,,,,,
2026-07-01T00:00:58.346641+00:00,2026-07-01T00:00:58.346215,2,2,79.05,0.3,78.9,35,78.7,150,,,,,,,,,,,,,,,,,79.2,150,79.4,100,,,,,,,,,,,,,,,,
2026-07-01T00:00:58.356975+00:00,2026-07-01T00:00:58.349722,2,2,79.05,0.3,78.9,35,78.7,150,,,,,,,,,,,,,,,,,79.2,160,79.4,100,,,,,,,,,,,,,,,,
2026-07-01T00:00:58.531782+00:00,2026-07-01T00:00:58.524867,2,2,79.05,0.3,78.9,23,78.7,150,,,,,,,,,,,,,,,,,79.2,160,79.4,100,,,,,,,,,,,,,,,,
2026-07-01T00:00:58.675766+00:00,2026-07-01T00:00:58.668062,1,1,78.95,0.5,78.7,150,,,,,,,,,,,,,,,,,,,79.2,160,,,,,,,,,,,,,,,,,,
2026-07-01T00:00:58.727337+00:00,2026-07-01T00:00:58.721714,2,1,78.95,0.5,78.7,150,78.6,100,,,,,,,,,,,,,,,,,79.2,160,,,,,,,,,,,,,,,,,,
2026-07-01T00:00:58.737738+00:00,2026-07-01T00:00:58.729129,2,1,78.95,0.5,78.7,108,78.6,100,,,,,,,,,,,,,,,,,79.2,160,,,,,,,,,,,,,,,,,,
2026-07-01T00:00:58.779015+00:00,2026-07-01T00:00:58.773908,2,2,78.9,0.4,78.7,108,78.6,100,,,,,,,,,,,,,,,,,79.1,100,79.2,160,,,,,,,,,,,,,,,,
2026-07-01T00:00:58.861609+00:00,2026-07-01T00:00:58.860301,2,2,78.9,0.4,78.7,108,78.6,100,,,,,,,,,,,,,,,,,79.1,100,79.2,150,,,,,,,,,,,,,,,,
2026-07-01T00:00:58.872050+00:00,2026-07-01T00:00:58.861977,2,3,78.85,0.3,78.7,108,78.6,100,,,,,,,,,,,,,,,,,79.0,10,79.1,100,79.2,150,,,,,,,,,,,,,,
2026-07-01T00:00:58.903049+00:00,2026-07-01T00:00:58.899954,1,2,78.8,0.4,78.6,100,,,,,,,,,,,,,,,,,,,79.0,10,79.1,100,,,,,,,,,,,,,,,,
2026-07-01T00:00:58.954412+00:00,2026-07-01T00:00:58.951400,2,2,78.8,0.4,78.6,100,78.4,150,,,,,,,,,,,,,,,,,79.0,10,79.1,100,,,,,,,,,,,,,,,,
2026-07-01T00:00:59.005829+00:00,2026-07-01T00:00:59.005659,2,3,78.75,0.3,78.6,100,78.4,150,,,,,,,,,,,,,,,,,78.9,150,79.0,10,79.1,100,,,,,,,,,,,,,,
2026-07-01T00:00:59.191357+00:00,2026-07-01T00:00:59.190322,2,3,78.75,0.3,78.6,54,78.4,150,,,,,,,,,,,,,,,,,78.9,150,79.0,10,79.1,100,,,,,,,,,,,,,,
2026-07-01T00:00:59.366390+00:00,2026-07-01T00:00:59.365868,2,2,78.75,0.3,78.6,54,78.4,150,,,,,,,,,,,,,,,,,78.9,150,79.1,100,,,,,,,,,,,,,,,,
2026-07-01T00:00:59.664136+00:00,2026-07-01T00:00:59.654702,2,2,78.75,0.3,78.6,54,78.4,150,,,,,,,,,,,,,,,,,78.9,105,79.1,100,,,,,,,,,,,,,,,,
2026-07-01T00:01:00.137833+00:00,2026-07-01T00:01:00.136779,2,2,78.75,0.3,78.6,12,78.4,150,,,,,,,,,,,,,,,,,78.9,105,79.1,100,,,,,,,,,,,,,,,,
2026-07-01T00:01:01.218817+00:00,2026-07-01T00:01:01.209104,2,2,78.75,0.3,78.6,12,78.4,150,,,,,,,,,,,,,,,,,78.9,61,79.1,100,,,,,,,,,,,,,,,,
2026-07-01T00:01:01.281058+00:00,2026-07-01T00:01:01.277171,2,2,78.75,0.3,78.6,12,78.4,150,,,,,,,,,,,,,,,,,78.9,11,79.1,100,,,,,,,,,,,,,,,,
2026-07-01T00:01:01.384381+00:00,2026-07-01T00:01:01.383219,2,2,78.75,0.3,78.6,12,78.4,150,,,,,,,,,,,,,,,,,78.9,21,79.1,100,,,,,,,,,,,,,,,,
2026-07-01T00:01:01.859856+00:00,2026-07-01T00:01:01.855262,1,1,78.65,0.5,78.4,150,,,,,,,,,,,,,,,,,,,78.9,21,,,,,,,,,,,,,,,,,,
2026-07-01T00:01:01.890821+00:00,2026-07-01T00:01:01.888046,1,1,78.65,0.5,78.4,150,,,,,,,,,,,,,,,,,,,78.9,11,,,,,,,,,,,,,,,,,,
2026-07-01T00:01:01.911326+00:00,2026-07-01T00:01:01.908708,2,1,78.65,0.5,78.4,150,78.1,100,,,,,,,,,,,,,,,,,78.9,11,,,,,,,,,,,,,,,,,,
2026-07-01T00:01:01.962913+00:00,2026-07-01T00:01:01.961246,2,2,78.5,0.2,78.4,150,78.1,100,,,,,,,,,,,,,,,,,78.6,100,78.9,11,,,,,,,,,,,,,,,,
2026-07-01T00:01:02.065769+00:00,2026-07-01T00:01:02.062526,1,1,78.35,0.5,78.1,100,,,,,,,,,,,,,,,,,,,78.6,100,,,,,,,,,,,,,,,,,,
2026-07-01T00:01:02.117057+00:00,2026-07-01T00:01:02.116255,2,0,,,78.8,50,78.1,100,,,,,,,,,,,,,,,,,,,,,,,,,,,,,,,,,,,,
2026-07-01T00:01:02.187006+00:00,2026-07-01T00:01:02.186455,2,1,79.05,0.5,78.8,38,78.1,100,,,,,,,,,,,,,,,,,79.3,150,,,,,,,,,,,,,,,,,,
2026-07-01T00:01:02.403867+00:00,2026-07-01T00:01:02.394219,2,2,79.0,0.4,78.8,38,78.1,100,,,,,,,,,,,,,,,,,79.2,10,79.3,150,,,,,,,,,,,,,,,,
2026-07-01T00:01:02.899807+00:00,2026-07-01T00:01:02.899111,2,1,79.05,0.5,78.8,38,78.1,100,,,,,,,,,,,,,,,,,79.3,150,,,,,,,,,,,,,,,,,,
2026-07-01T00:01:02.910157+00:00,2026-07-01T00:01:02.901990,2,2,79.0,0.4,78.8,38,78.1,100,,,,,,,,,,,,,,,,,79.2,10,79.3,150,,,,,,,,,,,,,,,,
2026-07-01T00:01:02.972218+00:00,2026-07-01T00:01:02.965428,2,2,79.0,0.4,78.8,26,78.1,100,,,,,,,,,,,,,,,,,79.2,10,79.3,150,,,,,,,,,,,,,,,,
2026-07-01T00:01:03.096229+00:00,2026-07-01T00:01:03.086920,2,2,79.0,0.4,78.8,25,78.1,100,,,,,,,,,,,,,,,,,79.2,10,79.3,150,,,,,,,,,,,,,,,,
2026-07-01T00:01:03.395249+00:00,2026-07-01T00:01:03.385611,2,1,79.05,0.5,78.8,25,78.1,100,,,,,,,,,,,,,,,,,79.3,110,,,,,,,,,,,,,,,,,,
2026-07-01T00:01:03.415721+00:00,2026-07-01T00:01:03.407613,2,2,79.0,0.4,78.8,25,78.1,100,,,,,,,,,,,,,,,,,79.2,10,79.3,110,,,,,,,,,,,,,,,,
2026-07-01T00:01:03.641575+00:00,2026-07-01T00:01:03.634130,1,2,78.65,1.1,78.1,100,,,,,,,,,,,,,,,,,,,79.2,10,79.3,110,,,,,,,,,,,,,,,,
2026-07-01T00:01:03.920014+00:00,2026-07-01T00:01:03.917593,1,1,78.7,1.2,78.1,100,,,,,,,,,,,,,,,,,,,79.3,110,,,,,,,,,,,,,,,,,,
2026-07-01T00:01:05.020360+00:00,2026-07-01T00:01:05.018001,0,1,,,,,,,,,,,,,,,,,,,,,,,79.3,110,,,,,,,,,,,,,,,,,,
2026-07-01T00:01:05.072096+00:00,2026-07-01T00:01:05.068889,1,1,78.95,0.7,78.6,100,,,,,,,,,,,,,,,,,,,79.3,110,,,,,,,,,,,,,,,,,,
2026-07-01T00:01:05.123948+00:00,2026-07-01T00:01:05.120787,1,2,78.85,0.5,78.6,100,,,,,,,,,,,,,,,,,,,79.1,100,79.3,110,,,,,,,,,,,,,,,,
2026-07-01T00:01:05.228086+00:00,2026-07-01T00:01:05.223714,1,1,78.85,0.5,78.6,100,,,,,,,,,,,,,,,,,,,79.1,100,,,,,,,,,,,,,,,,,,
2026-07-01T00:01:05.280092+00:00,2026-07-01T00:01:05.276918,1,1,78.85,0.5,78.6,250,,,,,,,,,,,,,,,,,,,79.1,100,,,,,,,,,,,,,,,,,,
2026-07-01T00:01:05.331938+00:00,2026-07-01T00:01:05.329277,1,1,78.85,0.5,78.6,250,,,,,,,,,,,,,,,,,,,79.1,250,,,,,,,,,,,,,,,,,,
2026-07-01T00:01:05.497407+00:00,2026-07-01T00:01:05.492457,1,1,78.85,0.5,78.6,250,,,,,,,,,,,,,,,,,,,79.1,200,,,,,,,,,,,,,,,,,,
2026-07-01T00:01:05.887980+00:00,2026-07-01T00:01:05.887799,1,1,78.85,0.5,78.6,250,,,,,,,,,,,,,,,,,,,79.1,152,,,,,,,,,,,,,,,,,,
2026-07-01T00:01:06.423677+00:00,2026-07-01T00:01:06.419272,1,1,78.85,0.5,78.6,207,,,,,,,,,,,,,,,,,,,79.1,152,,,,,,,,,,,,,,,,,,
2026-07-01T00:01:08.179443+00:00,2026-07-01T00:01:08.174750,1,1,78.85,0.5,78.6,150,,,,,,,,,,,,,,,,,,,79.1,150,,,,,,,,,,,,,,,,,,
2026-07-01T00:01:08.231291+00:00,2026-07-01T00:01:08.226856,2,1,78.9,0.4,78.7,100,78.6,150,,,,,,,,,,,,,,,,,79.1,150,,,,,,,,,,,,,,,,,,
2026-07-01T00:01:08.283015+00:00,2026-07-01T00:01:08.278833,2,2,78.9,0.4,78.7,100,78.6,150,,,,,,,,,,,,,,,,,79.1,150,79.2,100,,,,,,,,,,,,,,,,
2026-07-01T00:01:08.386989+00:00,2026-07-01T00:01:08.386357,1,1,78.95,0.5,78.7,100,,,,,,,,,,,,,,,,,,,79.2,100,,,,,,,,,,,,,,,,,,
2026-07-01T00:01:08.448974+00:00,2026-07-01T00:01:08.440155,2,1,78.95,0.5,78.7,100,78.5,150,,,,,,,,,,,,,,,,,79.2,100,,,,,,,,,,,,,,,,,,
2026-07-01T00:01:08.459392+00:00,2026-07-01T00:01:08.450758,2,2,78.9,0.4,78.7,100,78.5,150,,,,,,,,,,,,,,,,,79.1,10,79.2,100,,,,,,,,,,,,,,,,
2026-07-01T00:01:08.521708+00:00,2026-07-01T00:01:08.515021,2,3,78.85,0.3,78.7,100,78.5,150,,,,,,,,,,,,,,,,,79.0,150,79.1,10,79.2,100,,,,,,,,,,,,,,
2026-07-01T00:01:08.956043+00:00,2026-07-01T00:01:08.954973,2,2,78.85,0.3,78.7,100,78.5,150,,,,,,,,,,,,,,,,,79.0,150,79.2,100,,,,,,,,,,,,,,,,
2026-07-01T00:01:08.966416+00:00,2026-07-01T00:01:08.958879,2,2,78.85,0.3,78.7,100,78.5,150,,,,,,,,,,,,,,,,,79.0,160,79.2,100,,,,,,,,,,,,,,,,
2026-07-01T00:01:09.110298+00:00,2026-07-01T00:01:09.109842,2,2,78.85,0.3,78.7,99,78.5,150,,,,,,,,,,,,,,,,,79.0,160,79.2,100,,,,,,,,,,,,,,,,
2026-07-01T00:01:09.297169+00:00,2026-07-01T00:01:09.295154,2,2,78.85,0.3,78.7,87,78.5,150,,,,,,,,,,,,,,,,,79.0,160,79.2,100,,,,,,,,,,,,,,,,
2026-07-01T00:01:09.473202+00:00,2026-07-01T00:01:09.467214,2,2,78.85,0.3,78.7,87,78.5,150,,,,,,,,,,,,,,,,,79.0,160,79.2,100,,,,,,,,,,,,,,,,
2026-07-01T00:01:09.709226+00:00,2026-07-01T00:01:09.705272,2,2,78.85,0.3,78.7,87,78.5,150,,,,,,,,,,,,,,,,,79.0,110,79.2,100,,,,,,,,,,,,,,,,
2026-07-01T00:01:09.977373+00:00,2026-07-01T00:01:09.975244,2,2,78.85,0.3,78.7,87,78.5,150,,,,,,,,,,,,,,,,,79.0,110,79.2,100,,,,,,,,,,,,,,,,
2026-07-01T00:01:10.059311+00:00,2026-07-01T00:01:10.057434,2,2,78.85,0.3,78.7,38,78.5,150,,,,,,,,,,,,,,,,,79.0,110,79.2,100,,,,,,,,,,,,,,,,
2026-07-01T00:01:10.131226+00:00,2026-07-01T00:01:10.121271,2,2,78.85,0.3,78.7,37,78.5,150,,,,,,,,,,,,,,,,,79.0,110,79.2,100,,,,,,,,,,,,,,,,
2026-07-01T00:01:10.369297+00:00,2026-07-01T00:01:10.368590,2,2,78.85,0.3,78.7,25,78.5,150,,,,,,,,,,,,,,,,,79.0,110,79.2,100,,,,,,,,,,,,,,,,
2026-07-01T00:01:10.483575+00:00,2026-07-01T00:01:10.479670,2,2,78.85,0.3,78.7,25,78.5,150,,,,,,,,,,,,,,,,,79.0,100,79.2,100,,,,,,,,,,,,,,,,
2026-07-01T00:01:10.493959+00:00,2026-07-01T00:01:10.483985,2,2,78.85,0.3,78.7,25,78.5,150,,,,,,,,,,,,,,,,,79.0,110,79.2,100,,,,,,,,,,,,,,,,
2026-07-01T00:01:11.000047+00:00,2026-07-01T00:01:10.993175,2,2,78.85,0.3,78.7,25,78.5,150,,,,,,,,,,,,,,,,,79.0,110,79.2,100,,,,,,,,,,,,,,,,
2026-07-01T00:01:11.133428+00:00,2026-07-01T00:01:11.132630,2,2,78.85,0.3,78.7,24,78.5,150,,,,,,,,,,,,,,,,,79.0,110,79.2,100,,,,,,,,,,,,,,,,
2026-07-01T00:01:11.339579+00:00,2026-07-01T00:01:11.334036,1,1,78.75,0.5,78.5,150,,,,,,,,,,,,,,,,,,,79.0,110,,,,,,,,,,,,,,,,,,
2026-07-01T00:01:11.391055+00:00,2026-07-01T00:01:11.386616,2,1,78.75,0.5,78.5,150,78.2,100,,,,,,,,,,,,,,,,,79.0,110,,,,,,,,,,,,,,,,,,
2026-07-01T00:01:11.442287+00:00,2026-07-01T00:01:11.439079,2,2,78.6,0.2,78.5,150,78.2,100,,,,,,,,,,,,,,,,,78.7,100,79.0,110,,,,,,,,,,,,,,,,
2026-07-01T00:01:11.503742+00:00,2026-07-01T00:01:11.500128,2,2,78.6,0.2,78.5,150,78.2,100,,,,,,,,,,,,,,,,,78.7,110,79.0,100,,,,,,,,,,,,,,,,
2026-07-01T00:01:11.565503+00:00,2026-07-01T00:01:11.565363,2,1,78.6,0.2,78.5,150,78.2,100,,,,,,,,,,,,,,,,,78.7,110,,,,,,,,,,,,,,,,,,
2026-07-01T00:01:11.575781+00:00,2026-07-01T00:01:11.566598,1,1,78.45,0.5,78.2,100,,,,,,,,,,,,,,,,,,,78.7,110,,,,,,,,,,,,,,,,,,
2026-07-01T00:01:11.626971+00:00,2026-07-01T00:01:11.625344,2,1,78.55,0.3,78.4,150,78.2,100,,,,,,,,,,,,,,,,,78.7,110,,,,,,,,,,,,,,,,,,
2026-07-01T00:01:11.698847+00:00,2026-07-01T00:01:11.691842,2,2,78.55,0.3,78.4,150,78.2,100,,,,,,,,,,,,,,,,,78.7,110,78.9,150,,,,,,,,,,,,,,,,
2026-07-01T00:01:11.740097+00:00,2026-07-01T00:01:11.732746,2,2,78.55,0.3,78.4,150,78.2,100,,,,,,,,,,,,,,,,,78.7,70,78.9,150,,,,,,,,,,,,,,,,
2026-07-01T00:01:11.823180+00:00,2026-07-01T00:01:11.818534,2,2,78.55,0.3,78.4,150,78.2,100,,,,,,,,,,,,,,,,,78.7,20,78.9,150,,,,,,,,,,,,,,,,
2026-07-01T00:01:12.009853+00:00,2026-07-01T00:01:12.003879,2,2,78.55,0.3,78.4,150,78.2,100,,,,,,,,,,,,,,,,,78.7,10,78.9,150,,,,,,,,,,,,,,,,
2026-07-01T00:01:12.301398+00:00,2026-07-01T00:01:12.301299,2,2,78.55,0.3,78.4,106,78.2,100,,,,,,,,,,,,,,,,,78.7,10,78.9,150,,,,,,,,,,,,,,,,
2026-07-01T00:01:12.520063+00:00,2026-07-01T00:01:12.510447,2,2,78.55,0.3,78.4,106,78.2,100,,,,,,,,,,,,,,,,,78.7,20,78.9,150,,,,,,,,,,,,,,,,
2026-07-01T00:01:13.015091+00:00,2026-07-01T00:01:13.015011,2,2,78.55,0.3,78.4,106,78.2,100,,,,,,,,,,,,,,,,,78.7,10,78.9,150,,,,,,,,,,,,,,,,
2026-07-01T00:01:13.025440+00:00,2026-07-01T00:01:13.019238,2,2,78.55,0.3,78.4,106,78.2,100,,,,,,,,,,,,,,,,,78.7,20,78.9,150,,,,,,,,,,,,,,,,
2026-07-01T00:01:13.148979+00:00,2026-07-01T00:01:13.144861,2,2,78.55,0.3,78.4,105,78.2,100,,,,,,,,,,,,,,,,,78.7,20,78.9,150,,,,,,,,,,,,,,,,
2026-07-01T00:01:13.530748+00:00,2026-07-01T00:01:13.527670,2,2,78.55,0.3,78.4,105,78.2,100,,,,,,,,,,,,,,,,,78.7,20,78.9,150,,,,,,,,,,,,,,,,
2026-07-01T00:01:13.930378+00:00,2026-07-01T00:01:13.929301,2,1,78.65,0.5,78.4,105,78.2,100,,,,,,,,,,,,,,,,,78.9,120,,,,,,,,,,,,,,,,,,
2026-07-01T00:01:14.044218+00:00,2026-07-01T00:01:14.034492,2,2,78.6,0.4,78.4,105,78.2,100,,,,,,,,,,,,,,,,,78.8,10,78.9,120,,,,,,,,,,,,,,,,
2026-07-01T00:01:14.157835+00:00,2026-07-01T00:01:14.154917,2,2,78.6,0.4,78.4,104,78.2,100,,,,,,,,,,,,,,,,,78.8,10,78.9,120,,,,,,,,,,,,,,,,
2026-07-01T00:01:14.229927+00:00,2026-07-01T00:01:14.226614,2,2,78.6,0.4,78.4,92,78.2,100,,,,,,,,,,,,,,,,,78.8,10,78.9,120,,,,,,,,,,,,,,,,
2026-07-01T00:01:14.497811+00:00,2026-07-01T00:01:14.493233,1,2,78.6,0.4,78.4,92,,,,,,,,,,,,,,,,,,,78.8,10,78.9,120,,,,,,,,,,,,,,,,
2026-07-01T00:01:14.570370+00:00,2026-07-01T00:01:14.566961,2,1,78.65,0.5,78.4,92,78.2,100,,,,,,,,,,,,,,,,,78.9,120,,,,,,,,,,,,,,,,,,
2026-07-01T00:01:14.580825+00:00,2026-07-01T00:01:14.570751,2,2,78.6,0.4,78.4,92,78.2,100,,,,,,,,,,,,,,,,,78.8,10,78.9,120,,,,,,,,,,,,,,,,
2026-07-01T00:01:14.622339+00:00,2026-07-01T00:01:14.621160,2,3,78.55,0.3,78.4,92,78.2,100,,,,,,,,,,,,,,,,,78.7,100,78.8,10,78.9,120,,,,,,,,,,,,,,
2026-07-01T00:01:14.745985+00:00,2026-07-01T00:01:14.741819,1,2,78.45,0.5,78.2,100,,,,,,,,,,,,,,,,,,,78.7,100,78.8,10,,,,,,,,,,,,,,,,
2026-07-01T00:01:14.797409+00:00,2026-07-01T00:01:14.794639,2,2,78.45,0.5,78.2,100,78.1,150,,,,,,,,,,,,,,,,,78.7,100,78.8,10,,,,,,,,,,,,,,,,
2026-07-01T00:01:14.848981+00:00,2026-07-01T00:01:14.847917,2,3,78.4,0.4,78.2,100,78.1,150,,,,,,,,,,,,,,,,,78.6,150,78.7,100,78.8,10,,,,,,,,,,,,,,
2026-07-01T00:01:15.075121+00:00,2026-07-01T00:01:15.074919,2,2,78.4,0.4,78.2,100,78.1,150,,,,,,,,,,,,,,,,,78.6,150,78.7,100,,,,,,,,,,,,,,,,
2026-07-01T00:01:16.044268+00:00,2026-07-01T00:01:16.035611,2,2,78.4,0.4,78.2,100,78.1,150,,,,,,,,,,,,,,,,,78.6,100,78.7,100,,,,,,,,,,,,,,,,
2026-07-01T00:01:17.679516+00:00,2026-07-01T00:01:17.677729,1,1,78.35,0.5,78.1,150,,,,,,,,,,,,,,,,,,,78.6,100,,,,,,,,,,,,,,,,,,
2026-07-01T00:01:17.730658+00:00,2026-07-01T00:01:17.730147,2,1,78.55,0.1,78.5,100,78.1,150,,,,,,,,,,,,,,,,,78.6,100,,,,,,,,,,,,,,,,,,
2026-07-01T00:01:17.792688+00:00,2026-07-01T00:01:17.782956,2,2,78.55,0.1,78.5,100,78.1,150,,,,,,,,,,,,,,,,,78.6,100,79.0,100,,,,,,,,,,,,,,,,
2026-07-01T00:01:17.905720+00:00,2026-07-01T00:01:17.903277,1,1,78.75,0.5,78.5,100,,,,,,,,,,,,,,,,,,,79.0,100,,,,,,,,,,,,,,,,,,
2026-07-01T00:01:17.957125+00:00,2026-07-01T00:01:17.956279,2,1,78.8,0.4,78.6,150,78.5,100,,,,,,,,,,,,,,,,,79.0,100,,,,,,,,,,,,,,,,,,
2026-07-01T00:01:18.018984+00:00,2026-07-01T00:01:18.009587,2,2,78.8,0.4,78.6,150,78.5,100,,,,,,,,,,,,,,,,,79.0,100,79.1,150,,,,,,,,,,,,,,,,
2026-07-01T00:01:18.060051+00:00,2026-07-01T00:01:18.058070,2,2,78.8,0.4,78.6,150,78.5,100,,,,,,,,,,,,,,,,,79.0,51,79.1,150,,,,,,,,,,,,,,,,
2026-07-01T00:01:18.121514+00:00,2026-07-01T00:01:18.119416,2,3,78.75,0.3,78.6,150,78.5,100,,,,,,,,,,,,,,,,,78.9,10,79.0,51,79.1,150,,,,,,,,,,,,,,
2026-07-01T00:01:18.172799+00:00,2026-07-01T00:01:18.169582,2,3,78.75,0.3,78.6,149,78.5,100,,,,,,,,,,,,,,,,,78.9,10,79.0,51,79.1,150,,,,,,,,,,,,,,
2026-07-01T00:01:18.224540+00:00,2026-07-01T00:01:18.215873,2,3,78.75,0.3,78.6,99,78.5,100,,,,,,,,,,,,,,,,,78.9,10,79.0,51,79.1,150,,,,,,,,,,,,,,
2026-07-01T00:01:18.624412+00:00,2026-07-01T00:01:18.623836,2,2,78.8,0.4,78.6,99,78.5,100,,,,,,,,,,,,,,,,,79.0,51,79.1,150,,,,,,,,,,,,,,,,
2026-07-01T00:01:18.634697+00:00,2026-07-01T00:01:18.627525,2,3,78.75,0.3,78.6,99,78.5,100,,,,,,,,,,,,,,,,,78.9,10,79.0,51,79.1,150,,,,,,,,,,,,,,
2026-07-01T00:01:18.685899+00:00,2026-07-01T00:01:18.678310,2,3,78.75,0.3,78.6,87,78.5,100,,,,,,,,,,,,,,,,,78.9,10,79.0,51,79.1,150,,,,,,,,,,,,,,
2026-07-01T00:01:19.138239+00:00,2026-07-01T00:01:19.134984,2,3,78.75,0.3,78.6,87,78.5,100,,,,,,,,,,,,,,,,,78.9,10,79.0,51,79.1,150,,,,,,,,,,,,,,
2026-07-01T00:01:19.190095+00:00,2026-07-01T00:01:19.180240,2,3,78.75,0.3,78.6,86,78.5,100,,,,,,,,,,,,,,,,,78.9,10,79.0,51,79.1,150,,,,,,,,,,,,,,
2026-07-01T00:01:19.643308+00:00,2026-07-01T00:01:19.642398,2,3,78.75,0.3,78.6,86,78.5,100,,,,,,,,,,,,,,,,,78.9,10,79.0,51,79.1,150,,,,,,,,,,,,,,
2026-07-01T00:01:20.035147+00:00,2026-07-01T00:01:20.026175,2,3,78.75,0.3,78.6,74,78.5,100,,,,,,,,,,,,,,,,,78.9,10,79.0,51,79.1,150,,,,,,,,,,,,,,
2026-07-01T00:01:20.168161+00:00,2026-07-01T00:01:20.166980,2,3,78.75,0.3,78.6,40,78.5,100,,,,,,,,,,,,,,,,,78.9,10,79.0,51,79.1,150,,,,,,,,,,,,,,
2026-07-01T00:01:20.199295+00:00,2026-07-01T00:01:20.190030,2,3,78.75,0.3,78.6,39,78.5,100,,,,,,,,,,,,,,,,,78.9,10,79.0,51,79.1,150,,,,,,,,,,,,,,
2026-07-01T00:01:20.281513+00:00,2026-07-01T00:01:20.273581,2,2,78.8,0.4,78.6,39,78.5,100,,,,,,,,,,,,,,,,,79.0,11,79.1,150,,,,,,,,,,,,,,,,
2026-07-01T00:01:20.332730+00:00,2026-07-01T00:01:20.329778,1,2,78.75,0.5,78.5,93,,,,,,,,,,,,,,,,,,,79.0,11,79.1,150,,,,,,,,,,,,,,,,
2026-07-01T00:01:20.672973+00:00,2026-07-01T00:01:20.670139,1,3,78.7,0.4,78.5,93,,,,,,,,,,,,,,,,,,,78.9,10,79.0,11,79.1,150,,,,,,,,,,,,,,
2026-07-01T00:01:20.848156+00:00,2026-07-01T00:01:20.841753,0,2,,,,,,,,,,,,,,,,,,,,,,,78.9,10,79.1,150,,,,,,,,,,,,,,,,
2026-07-01T00:01:20.899491+00:00,2026-07-01T00:01:20.894968,1,2,78.6,0.6,78.3,100,,,,,,,,,,,,,,,,,,,78.9,10,79.1,150,,,,,,,,,,,,,,,,
2026-07-01T00:01:20.951199+00:00,2026-07-01T00:01:20.950278,1,3,78.55,0.5,78.3,100,,,,,,,,,,,,,,,,,,,78.8,100,78.9,10,79.1,150,,,,,,,,,,,,,,
2026-07-01T00:01:21.064646+00:00,2026-07-01T00:01:21.062939,1,2,78.55,0.5,78.3,100,,,,,,,,,,,,,,,,,,,78.8,100,78.9,10,,,,,,,,,,,,,,,,
2026-07-01T00:01:21.116123+00:00,2026-07-01T00:01:21.115717,2,2,78.55,0.5,78.3,100,77.5,150,,,,,,,,,,,,,,,,,78.8,100,78.9,10,,,,,,,,,,,,,,,,
2026-07-01T00:01:21.187492+00:00,2026-07-01T00:01:21.186572,1,2,77.75,0.5,77.5,150,,,,,,,,,,,,,,,,,,,78.0,4,78.8,100,,,,,,,,,,,,,,,,
2026-07-01T00:01:21.208323+00:00,2026-07-01T00:01:21.205699,1,1,78.15,1.3,77.5,150,,,,,,,,,,,,,,,,,,,78.8,100,,,,,,,,,,,,,,,,,,
2026-07-01T00:01:22.215963+00:00,2026-07-01T00:01:22.211617,1,1,78.15,1.3,77.5,150,,,,,,,,,,,,,,,,,,,78.8,86,,,,,,,,,,,,,,,,,,
2026-07-01T00:01:22.318546+00:00,2026-07-01T00:01:22.314634,1,1,78.15,1.3,77.5,150,,,,,,,,,,,,,,,,,,,78.8,46,,,,,,,,,,,,,,,,,,
2026-07-01T00:01:22.380019+00:00,2026-07-01T00:01:22.378328,1,0,,,77.5,150,,,,,,,,,,,,,,,,,,,,,,,,,,,,,,,,,,,,,,
2026-07-01T00:01:24.061598+00:00,2026-07-01T00:01:24.058811,2,0,,,78.5,100,77.5,150,,,,,,,,,,,,,,,,,,,,,,,,,,,,,,,,,,,,
2026-07-01T00:01:24.122657+00:00,2026-07-01T00:01:24.121657,2,1,78.75,0.5,78.5,77,77.5,150,,,,,,,,,,,,,,,,,79.0,100,,,,,,,,,,,,,,,,,,
2026-07-01T00:01:24.204820+00:00,2026-07-01T00:01:24.202297,2,2,78.7,0.4,78.5,77,77.5,150,,,,,,,,,,,,,,,,,78.9,10,79.0,100,,,,,,,,,,,,,,,,
2026-07-01T00:01:24.225622+00:00,2026-07-01T00:01:24.224272,1,2,78.7,0.4,78.5,76,,,,,,,,,,,,,,,,,,,78.9,10,79.0,100,,,,,,,,,,,,,,,,
2026-07-01T00:01:24.287521+00:00,2026-07-01T00:01:24.284735,2,2,78.7,0.4,78.5,76,78.3,150,,,,,,,,,,,,,,,,,78.9,10,79.0,100,,,,,,,,,,,,,,,,
2026-07-01T00:01:24.349516+00:00,2026-07-01T00:01:24.339519,2,3,78.65,0.3,78.5,76,78.3,150,,,,,,,,,,,,,,,,,78.8,150,78.9,10,79.0,100,,,,,,,,,,,,,,
2026-07-01T00:01:24.544565+00:00,2026-07-01T00:01:24.535934,2,3,78.65,0.3,78.5,26,78.3,150,,,,,,,,,,,,,,,,,78.8,150,78.9,10,79.0,100,,,,,,,,,,,,,,
2026-07-01T00:01:24.708668+00:00,2026-07-01T00:01:24.706380,2,2,78.65,0.3,78.5,26,78.3,150,,,,,,,,,,,,,,,,,78.8,150,79.0,100,,,,,,,,,,,,,,,,
2026-07-01T00:01:24.718943+00:00,2026-07-01T00:01:24.710221,2,3,78.6,0.2,78.5,26,78.3,150,,,,,,,,,,,,,,,,,78.7,10,78.8,150,79.0,100,,,,,,,,,,,,,,
2026-07-01T00:01:24.760102+00:00,2026-07-01T00:01:24.752010,2,3,78.6,0.2,78.5,5,78.3,150,,,,,,,,,,,,,,,,,78.7,10,78.8,150,79.0,100,,,,,,,,,,,,,,
2026-07-01T00:01:25.221902+00:00,2026-07-01T00:01:25.217645,2,3,78.6,0.2,78.5,5,78.3,150,,,,,,,,,,,,,,,,,78.7,10,78.8,150,79.0,100,,,,,,,,,,,,,,
2026-07-01T00:01:25.232266+00:00,2026-07-01T00:01:25.231942,2,3,78.6,0.2,78.5,5,78.3,150,,,,,,,,,,,,,,,,,78.7,9,78.8,150,79.0,100,,,,,,,,,,,,,,
2026-07-01T00:01:25.242666+00:00,2026-07-01T00:01:25.235308,2,3,78.6,0.2,78.5,4,78.3,150,,,,,,,,,,,,,,,,,78.7,9,78.8,150,79.0,100,,,,,,,,,,,,,,
2026-07-01T00:01:25.726651+00:00,2026-07-01T00:01:25.726263,2,3,78.6,0.2,78.5,4,78.3,150,,,,,,,,,,,,,,,,,78.7,10,78.8,150,79.0,100,,,,,,,,,,,,,,
2026-07-01T00:01:25.891413+00:00,2026-07-01T00:01:25.886200,2,2,78.65,0.3,78.5,4,78.3,150,,,,,,,,,,,,,,,,,78.8,120,79.0,100,,,,,,,,,,,,,,,,
2026-07-01T00:01:26.242839+00:00,2026-07-01T00:01:26.237367,2,3,78.6,0.2,78.5,4,78.3,150,,,,,,,,,,,,,,,,,78.7,10,78.8,120,79.0,100,,,,,,,,,,,,,,
2026-07-01T00:01:26.253248+00:00,2026-07-01T00:01:26.251462,2,3,78.6,0.2,78.5,3,78.3,150,,,,,,,,,,,,,,,,,78.7,9,78.8,120,79.0,100,,,,,,,,,,,,,,
2026-07-01T00:01:26.654745+00:00,2026-07-01T00:01:26.645219,1,3,78.5,0.4,78.3,103,,,,,,,,,,,,,,,,,,,78.7,9,78.8,120,79.0,100,,,,,,,,,,,,,,
2026-07-01T00:01:26.747733+00:00,2026-07-01T00:01:26.745776,1,2,78.55,0.5,78.3,103,,,,,,,,,,,,,,,,,,,78.8,120,79.0,100,,,,,,,,,,,,,,,,
2026-07-01T00:01:27.169518+00:00,2026-07-01T00:01:27.165464,1,1,78.55,0.5,78.3,103,,,,,,,,,,,,,,,,,,,78.8,120,,,,,,,,,,,,,,,,,,
2026-07-01T00:01:27.231102+00:00,2026-07-01T00:01:27.221356,2,1,78.6,0.4,78.4,100,78.3,103,,,,,,,,,,,,,,,,,78.8,120,,,,,,,,,,,,,,,,,,
2026-07-01T00:01:27.272224+00:00,2026-07-01T00:01:27.269521,2,1,78.6,0.4,78.4,100,78.3,103,,,,,,,,,,,,,,,,,78.8,119,,,,,,,,,,,,,,,,,,
2026-07-01T00:01:27.282581+00:00,2026-07-01T00:01:27.272621,2,2,78.6,0.4,78.4,100,78.3,103,,,,,,,,,,,,,,,,,78.8,119,78.9,100,,,,,,,,,,,,,,,,
2026-07-01T00:01:27.395782+00:00,2026-07-01T00:01:27.395288,1,1,78.65,0.5,78.4,100,,,,,,,,,,,,,,,,,,,78.9,100,,,,,,,,,,,,,,,,,,
2026-07-01T00:01:27.457410+00:00,2026-07-01T00:01:27.448706,1,1,78.65,0.5,78.4,250,,,,,,,,,,,,,,,,,,,78.9,100,,,,,,,,,,,,,,,,,,
2026-07-01T00:01:27.511876+00:00,2026-07-01T00:01:27.502227,1,1,78.65,0.5,78.4,250,,,,,,,,,,,,,,,,,,,78.9,250,,,,,,,,,,,,,,,,,,
2026-07-01T00:01:28.281123+00:00,2026-07-01T00:01:28.276089,1,1,78.65,0.5,78.4,249,,,,,,,,,,,,,,,,,,,78.9,250,,,,,,,,,,,,,,,,,,
2026-07-01T00:01:28.332578+00:00,2026-07-01T00:01:28.327779,1,1,78.65,0.5,78.4,249,,,,,,,,,,,,,,,,,,,78.9,240,,,,,,,,,,,,,,,,,,
2026-07-01T00:01:28.763784+00:00,2026-07-01T00:01:28.754534,1,1,78.65,0.5,78.4,199,,,,,,,,,,,,,,,,,,,78.9,240,,,,,,,,,,,,,,,,,,
2026-07-01T00:01:29.143858+00:00,2026-07-01T00:01:29.140413,1,1,78.65,0.5,78.4,199,,,,,,,,,,,,,,,,,,,78.9,230,,,,,,,,,,,,,,,,,,
2026-07-01T00:01:29.288891+00:00,2026-07-01T00:01:29.287318,1,1,78.65,0.5,78.4,198,,,,,,,,,,,,,,,,,,,78.9,230,,,,,,,,,,,,,,,,,,
2026-07-01T00:01:29.781855+00:00,2026-07-01T00:01:29.772708,1,2,78.6,0.4,78.4,198,,,,,,,,,,,,,,,,,,,78.8,10,78.9,230,,,,,,,,,,,,,,,,
2026-07-01T00:01:29.956260+00:00,2026-07-01T00:01:29.947063,1,2,78.6,0.4,78.4,198,,,,,,,,,,,,,,,,,,,78.8,9,78.9,230,,,,,,,,,,,,,,,,
2026-07-01T00:01:30.284774+00:00,2026-07-01T00:01:30.280347,1,2,78.6,0.4,78.4,198,,,,,,,,,,,,,,,,,,,78.8,10,78.9,230,,,,,,,,,,,,,,,,
2026-07-01T00:01:30.305477+00:00,2026-07-01T00:01:30.298278,1,2,78.6,0.4,78.4,197,,,,,,,,,,,,,,,,,,,78.8,10,78.9,230,,,,,,,,,,,,,,,,
2026-07-01T00:01:30.347069+00:00,2026-07-01T00:01:30.346286,1,2,78.6,0.4,78.4,150,,,,,,,,,,,,,,,,,,,78.8,10,78.9,150,,,,,,,,,,,,,,,,
2026-07-01T00:01:30.409273+00:00,2026-07-01T00:01:30.399665,2,2,78.6,0.4,78.4,150,78.1,100,,,,,,,,,,,,,,,,,78.8,10,78.9,150,,,,,,,,,,,,,,,,
2026-07-01T00:01:30.460665+00:00,2026-07-01T00:01:30.453779,2,3,78.5,0.2,78.4,150,78.1,100,,,,,,,,,,,,,,,,,78.6,100,78.8,10,78.9,150,,,,,,,,,,,,,,
2026-07-01T00:01:30.563405+00:00,2026-07-01T00:01:30.561090,1,2,78.35,0.5,78.1,100,,,,,,,,,,,,,,,,,,,78.6,100,78.8,10,,,,,,,,,,,,,,,,
2026-07-01T00:01:30.625032+00:00,2026-07-01T00:01:30.615734,2,2,78.4,0.4,78.2,150,78.1,100,,,,,,,,,,,,,,,,,78.6,100,78.8,10,,,,,,,,,,,,,,,,
2026-07-01T00:01:30.676495+00:00,2026-07-01T00:01:30.668568,2,3,78.4,0.4,78.2,150,78.1,100,,,,,,,,,,,,,,,,,78.6,100,78.7,150,78.8,10,,,,,,,,,,,,,,
2026-07-01T00:01:30.789279+00:00,2026-07-01T00:01:30.788477,2,2,78.4,0.4,78.2,150,78.1,100,,,,,,,,,,,,,,,,,78.6,100,78.7,150,,,,,,,,,,,,,,,,
2026-07-01T00:01:30.871694+00:00,2026-07-01T00:01:30.863436,2,2,78.4,0.4,78.2,100,78.1,100,,,,,,,,,,,,,,,,,78.6,100,78.7,150,,,,,,,,,,,,,,,,
2026-07-01T00:01:31.323727+00:00,2026-07-01T00:01:31.315763,2,2,78.4,0.4,78.2,100,78.1,100,,,,,,,,,,,,,,,,,78.6,97,78.7,150,,,,,,,,,,,,,,,,
2026-07-01T00:01:31.952039+00:00,2026-07-01T00:01:31.943807,2,2,78.4,0.4,78.2,54,78.1,100,,,,,,,,,,,,,,,,,78.6,97,78.7,150,,,,,,,,,,,,,,,,
2026-07-01T00:01:32.969309+00:00,2026-07-01T00:01:32.968791,2,2,78.4,0.4,78.2,4,78.1,100,,,,,,,,,,,,,,,,,78.6,97,78.7,150,,,,,,,,,,,,,,,,
2026-07-01T00:01:33.516121+00:00,2026-07-01T00:01:33.508893,1,1,78.45,0.5,78.2,4,,,,,,,,,,,,,,,,,,,78.7,150,,,,,,,,,,,,,,,,,,
2026-07-01T00:01:33.567475+00:00,2026-07-01T00:01:33.560740,1,1,78.45,0.5,78.2,104,,,,,,,,,,,,,,,,,,,78.7,150,,,,,,,,,,,,,,,,,,
2026-07-01T00:01:33.619041+00:00,2026-07-01T00:01:33.613125,1,1,78.45,0.5,78.2,104,,,,,,,,,,,,,,,,,,,78.7,250,,,,,,,,,,,,,,,,,,
2026-07-01T00:01:33.731925+00:00,2026-07-01T00:01:33.725008,1,1,78.45,0.5,78.2,100,,,,,,,,,,,,,,,,,,,78.7,100,,,,,,,,,,,,,,,,,,
2026-07-01T00:01:33.793843+00:00,2026-07-01T00:01:33.784573,2,1,78.45,0.5,78.2,100,77.7,150,,,,,,,,,,,,,,,,,78.7,100,,,,,,,,,,,,,,,,,,
2026-07-01T00:01:33.844725+00:00,2026-07-01T00:01:33.843796,1,2,77.95,0.5,77.7,150,,,,,,,,,,,,,,,,,,,78.2,16,78.7,100,,,,,,,,,,,,,,,,
2026-07-01T00:01:34.318126+00:00,2026-07-01T00:01:34.316699,2,2,78.0,0.4,77.8,10,77.7,150,,,,,,,,,,,,,,,,,78.2,16,78.7,100,,,,,,,,,,,,,,,,
2026-07-01T00:01:34.791743+00:00,2026-07-01T00:01:34.781895,2,1,78.25,0.9,77.8,10,77.7,150,,,,,,,,,,,,,,,,,78.7,71,,,,,,,,,,,,,,,,,,
2026-07-01T00:01:34.822518+00:00,2026-07-01T00:01:34.821197,1,1,78.2,1.0,77.7,150,,,,,,,,,,,,,,,,,,,78.7,71,,,,,,,,,,,,,,,,,,
2026-07-01T00:01:35.079451+00:00,2026-07-01T00:01:35.075751,1,1,78.2,1.0,77.7,100,,,,,,,,,,,,,,,,,,,78.7,71,,,,,,,,,,,,,,,,,,
2026-07-01T00:01:36.674806+00:00,2026-07-01T00:01:36.668796,1,0,,,77.7,100,,,,,,,,,,,,,,,,,,,,,,,,,,,,,,,,,,,,,,
2026-07-01T00:01:36.726107+00:00,2026-07-01T00:01:36.721135,2,0,,,78.0,100,77.7,100,,,,,,,,,,,,,,,,,,,,,,,,,,,,,,,,,,,,
2026-07-01T00:01:36.777578+00:00,2026-07-01T00:01:36.773587,2,1,78.25,0.5,78.0,100,77.7,100,,,,,,,,,,,,,,,,,78.5,100,,,,,,,,,,,,,,,,,,
2026-07-01T00:01:36.890600+00:00,2026-07-01T00:01:36.890177,1,1,78.25,0.5,78.0,100,,,,,,,,,,,,,,,,,,,78.5,100,,,,,,,,,,,,,,,,,,
2026-07-01T00:01:36.952514+00:00,2026-07-01T00:01:36.942974,2,1,78.3,0.4,78.1,150,78.0,100,,,,,,,,,,,,,,,,,78.5,100,,,,,,,,,,,,,,,,,,
2026-07-01T00:01:37.004373+00:00,2026-07-01T00:01:37.002043,2,2,78.3,0.4,78.1,150,78.0,100,,,,,,,,,,,,,,,,,78.5,100,78.6,150,,,,,,,,,,,,,,,,
2026-07-01T00:01:37.190139+00:00,2026-07-01T00:01:37.184609,2,2,78.3,0.4,78.1,100,78.0,100,,,,,,,,,,,,,,,,,78.5,100,78.6,150,,,,,,,,,,,,,,,,
2026-07-01T00:01:39.295527+00:00,2026-07-01T00:01:39.293750,2,2,78.3,0.4,78.1,50,78.0,100,,,,,,,,,,,,,,,,,78.5,100,78.6,150,,,,,,,,,,,,,,,,
2026-07-01T00:01:39.830090+00:00,2026-07-01T00:01:39.828332,1,1,78.35,0.5,78.1,50,,,,,,,,,,,,,,,,,,,78.6,150,,,,,,,,,,,,,,,,,,
2026-07-01T00:01:39.881581+00:00,2026-07-01T00:01:39.880719,2,1,78.35,0.5,78.1,50,78.0,100,,,,,,,,,,,,,,,,,78.6,150,,,,,,,,,,,,,,,,,,
2026-07-01T00:01:39.943078+00:00,2026-07-01T00:01:39.934836,2,2,78.3,0.4,78.1,50,78.0,100,,,,,,,,,,,,,,,,,78.5,100,78.6,150,,,,,,,,,,,,,,,,
2026-07-01T00:01:40.066918+00:00,2026-07-01T00:01:40.061900,1,1,78.25,0.5,78.0,100,,,,,,,,,,,,,,,,,,,78.5,100,,,,,,,,,,,,,,,,,,
2026-07-01T00:01:40.118487+00:00,2026-07-01T00:01:40.115130,2,1,78.25,0.5,78.0,100,77.6,150,,,,,,,,,,,,,,,,,78.5,100,,,,,,,,,,,,,,,,,,
2026-07-01T00:01:40.170287+00:00,2026-07-01T00:01:40.167441,2,2,78.05,0.1,78.0,100,77.6,150,,,,,,,,,,,,,,,,,78.1,150,78.5,100,,,,,,,,,,,,,,,,
2026-07-01T00:01:40.191100+00:00,2026-07-01T00:01:40.186523,2,2,78.05,0.1,78.0,52,77.6,150,,,,,,,,,,,,,,,,,78.1,150,78.5,100,,,,,,,,,,,,,,,,
2026-07-01T00:01:40.366434+00:00,2026-07-01T00:01:40.364069,2,2,78.05,0.1,78.0,62,77.6,150,,,,,,,,,,,,,,,,,78.1,150,78.5,100,,,,,,,,,,,,,,,,
2026-07-01T00:01:40.870212+00:00,2026-07-01T00:01:40.869238,2,2,78.05,0.1,78.0,52,77.6,150,,,,,,,,,,,,,,,,,78.1,150,78.5,100,,,,,,,,,,,,,,,,
2026-07-01T00:01:40.880719+00:00,2026-07-01T00:01:40.873446,2,2,78.05,0.1,78.0,62,77.6,150,,,,,,,,,,,,,,,,,78.1,150,78.5,100,,,,,,,,,,,,,,,,
2026-07-01T00:01:41.162587+00:00,2026-07-01T00:01:41.161805,2,2,78.05,0.1,78.0,62,77.6,150,,,,,,,,,,,,,,,,,78.1,147,78.5,100,,,,,,,,,,,,,,,,
2026-07-01T00:01:41.378679+00:00,2026-07-01T00:01:41.377607,2,2,78.05,0.1,78.0,52,77.6,150,,,,,,,,,,,,,,,,,78.1,147,78.5,100,,,,,,,,,,,,,,,,
2026-07-01T00:01:41.388914+00:00,2026-07-01T00:01:41.381319,2,2,78.05,0.1,78.0,62,77.6,150,,,,,,,,,,,,,,,,,78.1,147,78.5,100,,,,,,,,,,,,,,,,
2026-07-01T00:01:41.409450+00:00,2026-07-01T00:01:41.401705,2,2,78.05,0.1,78.0,12,77.6,150,,,,,,,,,,,,,,,,,78.1,147,78.5,100,,,,,,,,,,,,,,,,
2026-07-01T00:01:41.890000+00:00,2026-07-01T00:01:41.886002,2,2,78.05,0.1,78.0,2,77.6,150,,,,,,,,,,,,,,,,,78.1,147,78.5,100,,,,,,,,,,,,,,,,
2026-07-01T00:01:41.900237+00:00,2026-07-01T00:01:41.890332,2,2,78.05,0.1,78.0,12,77.6,150,,,,,,,,,,,,,,,,,78.1,147,78.5,100,,,,,,,,,,,,,,,,
2026-07-01T00:01:42.402201+00:00,2026-07-01T00:01:42.397669,2,2,78.05,0.1,78.0,12,77.6,150,,,,,,,,,,,,,,,,,78.1,147,78.5,100,,,,,,,,,,,,,,,,
2026-07-01T00:01:42.507060+00:00,2026-07-01T00:01:42.497851,2,2,78.05,0.1,78.0,12,77.6,150,,,,,,,,,,,,,,,,,78.1,122,78.5,100,,,,,,,,,,,,,,,,
2026-07-01T00:01:42.711230+00:00,2026-07-01T00:01:42.709181,2,2,78.05,0.1,78.0,12,77.6,150,,,,,,,,,,,,,,,,,78.1,97,78.5,100,,,,,,,,,,,,,,,,
2026-07-01T00:01:42.905721+00:00,2026-07-01T00:01:42.905185,2,2,78.05,0.1,78.0,12,77.6,150,,,,,,,,,,,,,,,,,78.1,97,78.5,100,,,,,,,,,,,,,,,,
2026-07-01T00:01:42.926412+00:00,2026-07-01T00:01:42.919390,2,2,78.05,0.1,78.0,12,77.6,150,,,,,,,,,,,,,,,,,78.1,72,78.5,100,,,,,,,,,,,,,,,,
2026-07-01T00:01:42.998282+00:00,2026-07-01T00:01:42.989808,2,1,78.05,0.1,78.0,10,77.6,150,,,,,,,,,,,,,,,,,78.1,72,,,,,,,,,,,,,,,,,,
2026-07-01T00:01:43.060074+00:00,2026-07-01T00:01:43.050397,3,1,78.05,0.1,78.0,10,77.8,100,77.6,150,,,,,,,,,,,,,,,78.1,72,,,,,,,,,,,,,,,,,,
2026-07-01T00:01:43.111329+00:00,2026-07-01T00:01:43.103673,3,2,78.05,0.1,78.0,10,77.8,100,77.6,150,,,,,,,,,,,,,,,78.1,72,78.3,100,,,,,,,,,,,,,,,,
2026-07-01T00:01:43.131783+00:00,2026-07-01T00:01:43.129169,3,2,78.05,0.1,78.0,10,77.8,100,77.6,150,,,,,,,,,,,,,,,78.1,47,78.3,100,,,,,,,,,,,,,,,,
2026-07-01T00:01:43.224280+00:00,2026-07-01T00:01:43.222901,2,1,78.15,0.3,78.0,10,77.8,100,,,,,,,,,,,,,,,,,78.3,100,,,,,,,,,,,,,,,,,,
2026-07-01T00:01:43.275722+00:00,2026-07-01T00:01:43.275146,3,1,78.25,0.1,78.2,150,78.0,10,77.8,100,,,,,,,,,,,,,,,78.3,100,,,,,,,,,,,,,,,,,,
2026-07-01T00:01:43.337455+00:00,2026-07-01T00:01:43.327442,3,2,78.25,0.1,78.2,150,78.0,10,77.8,100,,,,,,,,,,,,,,,78.3,100,78.7,150,,,,,,,,,,,,,,,,
2026-07-01T00:01:43.419503+00:00,2026-07-01T00:01:43.417828,2,2,78.25,0.1,78.2,160,77.8,100,,,,,,,,,,,,,,,,,78.3,100,78.7,150,,,,,,,,,,,,,,,,
2026-07-01T00:01:43.512077+00:00,2026-07-01T00:01:43.508267,2,2,78.25,0.1,78.2,110,77.8,100,,,,,,,,,,,,,,,,,78.3,100,78.7,150,,,,,,,,,,,,,,,,
2026-07-01T00:01:43.922361+00:00,2026-07-01T00:01:43.921720,2,2,78.25,0.1,78.2,100,77.8,100,,,,,,,,,,,,,,,,,78.3,100,78.7,150,,,,,,,,,,,,,,,,
2026-07-01T00:01:43.932598+00:00,2026-07-01T00:01:43.926549,2,2,78.25,0.1,78.2,110,77.8,100,,,,,,,,,,,,,,,,,78.3,100,78.7,150,,,,,,,,,,,,,,,,
2026-07-01T00:01:44.433778+00:00,2026-07-01T00:01:44.430602,2,2,78.25,0.1,78.2,100,77.8,100,,,,,,,,,,,,,,,,,78.3,100,78.7,150,,,,,,,,,,,,,,,,
2026-07-01T00:01:44.444033+00:00,2026-07-01T00:01:44.434699,2,2,78.25,0.1,78.2,110,77.8,100,,,,,,,,,,,,,,,,,78.3,100,78.7,150,,,,,,,,,,,,,,,,
2026-07-01T00:01:44.945828+00:00,2026-07-01T00:01:44.943397,2,2,78.25,0.1,78.2,110,77.8,100,,,,,,,,,,,,,,,,,78.3,100,78.7,150,,,,,,,,,,,,,,,,
2026-07-01T00:01:45.448339+00:00,2026-07-01T00:01:45.447663,2,2,78.25,0.1,78.2,100,77.8,100,,,,,,,,,,,,,,,,,78.3,100,78.7,150,,,,,,,,,,,,,,,,
2026-07-01T00:01:45.458651+00:00,2026-07-01T00:01:45.451024,2,2,78.25,0.1,78.2,110,77.8,100,,,,,,,,,,,,,,,,,78.3,100,78.7,150,,,,,,,,,,,,,,,,
2026-07-01T00:01:45.622343+00:00,2026-07-01T00:01:45.615819,2,2,78.25,0.1,78.2,60,77.8,100,,,,,,,,,,,,,,,,,78.3,100,78.7,150,,,,,,,,,,,,,,,,
2026-07-01T00:01:45.959656+00:00,2026-07-01T00:01:45.958637,2,2,78.25,0.1,78.2,60,77.8,100,,,,,,,,,,,,,,,,,78.3,100,78.7,150,,,,,,,,,,,,,,,,
2026-07-01T00:01:46.164802+00:00,2026-07-01T00:01:46.159668,1,1,78.45,0.5,78.2,60,,,,,,,,,,,,,,,,,,,78.7,150,,,,,,,,,,,,,,,,,,
2026-07-01T00:01:46.216024+00:00,2026-07-01T00:01:46.212308,2,1,78.45,0.5,78.2,60,77.7,100,,,,,,,,,,,,,,,,,78.7,150,,,,,,,,,,,,,,,,,,
2026-07-01T00:01:46.277983+00:00,2026-07-01T00:01:46.268692,1,2,77.95,0.5,77.7,100,,,,,,,,,,,,,,,,,,,78.2,40,78.7,150,,,,,,,,,,,,,,,,
2026-07-01T00:01:46.391044+00:00,2026-07-01T00:01:46.381953,1,1,77.95,0.5,77.7,100,,,,,,,,,,,,,,,,,,,78.2,40,,,,,,,,,,,,,,,,,,
2026-07-01T00:01:46.442245+00:00,2026-07-01T00:01:46.435293,2,1,77.95,0.5,77.7,100,77.5,150,,,,,,,,,,,,,,,,,78.2,40,,,,,,,,,,,,,,,,,,
2026-07-01T00:01:46.473004+00:00,2026-07-01T00:01:46.464672,3,1,78.0,0.4,77.8,10,77.7,100,77.5,150,,,,,,,,,,,,,,,78.2,40,,,,,,,,,,,,,,,,,,
2026-07-01T00:01:46.493517+00:00,2026-07-01T00:01:46.488442,3,2,77.9,0.2,77.8,10,77.7,100,77.5,150,,,,,,,,,,,,,,,78.0,150,78.2,40,,,,,,,,,,,,,,,,
2026-07-01T00:01:46.544785+00:00,2026-07-01T00:01:46.544591,3,2,77.9,0.2,77.8,10,77.7,100,77.5,150,,,,,,,,,,,,,,,78.0,125,78.2,40,,,,,,,,,,,,,,,,
2026-07-01T00:01:46.760446+00:00,2026-07-01T00:01:46.755936,3,2,77.9,0.2,77.8,10,77.7,100,77.5,150,,,,,,,,,,,,,,,78.0,100,78.2,40,,,,,,,,,,,,,,,,
2026-07-01T00:01:46.976768+00:00,2026-07-01T00:01:46.976270,2,2,77.85,0.3,77.7,100,77.5,150,,,,,,,,,,,,,,,,,78.0,75,78.2,40,,,,,,,,,,,,,,,,
2026-07-01T00:01:46.987163+00:00,2026-07-01T00:01:46.981766,2,2,77.85,0.3,77.7,110,77.5,150,,,,,,,,,,,,,,,,,78.0,75,78.2,40,,,,,,,,,,,,,,,,
2026-07-01T00:01:47.192881+00:00,2026-07-01T00:01:47.184686,2,2,77.85,0.3,77.7,110,77.5,150,,,,,,,,,,,,,,,,,78.0,50,78.2,40,,,,,,,,,,,,,,,,
2026-07-01T00:01:47.347973+00:00,2026-07-01T00:01:47.344523,2,2,77.85,0.3,77.7,110,77.5,150,,,,,,,,,,,,,,,,,78.0,49,78.2,40,,,,,,,,,,,,,,,,
2026-07-01T00:01:47.491576+00:00,2026-07-01T00:01:47.488957,2,2,77.85,0.3,77.7,110,77.5,150,,,,,,,,,,,,,,,,,78.0,49,78.2,40,,,,,,,,,,,,,,,,
2026-07-01T00:01:47.729209+00:00,2026-07-01T00:01:47.724020,2,2,77.85,0.3,77.7,60,77.5,150,,,,,,,,,,,,,,,,,78.0,49,78.2,40,,,,,,,,,,,,,,,,
2026-07-01T00:01:47.995899+00:00,2026-07-01T00:01:47.992888,2,2,77.85,0.3,77.7,50,77.5,150,,,,,,,,,,,,,,,,,78.0,49,78.2,40,,,,,,,,,,,,,,,,
2026-07-01T00:01:48.006138+00:00,2026-07-01T00:01:47.996218,2,2,77.85,0.3,77.7,60,77.5,150,,,,,,,,,,,,,,,,,78.0,49,78.2,40,,,,,,,,,,,,,,,,
2026-07-01T00:01:48.364733+00:00,2026-07-01T00:01:48.355074,2,2,77.85,0.3,77.7,60,77.5,150,,,,,,,,,,,,,,,,,78.0,48,78.2,40,,,,,,,,,,,,,,,,
2026-07-01T00:01:48.518500+00:00,2026-07-01T00:01:48.515510,2,2,77.85,0.3,77.7,60,77.5,150,,,,,,,,,,,,,,,,,78.0,48,78.2,40,,,,,,,,,,,,,,,,
2026-07-01T00:01:49.020594+00:00,2026-07-01T00:01:49.019878,2,2,77.85,0.3,77.7,50,77.5,150,,,,,,,,,,,,,,,,,78.0,48,78.2,40,,,,,,,,,,,,,,,,
2026-07-01T00:01:49.030860+00:00,2026-07-01T00:01:49.022941,2,2,77.85,0.3,77.7,60,77.5,150,,,,,,,,,,,,,,,,,78.0,48,78.2,40,,,,,,,,,,,,,,,,
2026-07-01T00:01:49.328460+00:00,2026-07-01T00:01:49.323185,2,1,77.85,0.3,77.7,10,77.5,150,,,,,,,,,,,,,,,,,78.0,48,,,,,,,,,,,,,,,,,,
2026-07-01T00:01:49.369472+00:00,2026-07-01T00:01:49.365535,2,1,77.85,0.3,77.7,10,77.5,150,,,,,,,,,,,,,,,,,78.0,47,,,,,,,,,,,,,,,,,,
2026-07-01T00:01:49.379804+00:00,2026-07-01T00:01:49.375625,2,1,77.85,0.3,77.7,110,77.5,150,,,,,,,,,,,,,,,,,78.0,47,,,,,,,,,,,,,,,,,,
2026-07-01T00:01:49.431159+00:00,2026-07-01T00:01:49.427919,2,2,77.85,0.3,77.7,110,77.5,150,,,,,,,,,,,,,,,,,78.0,47,78.2,100,,,,,,,,,,,,,,,,
2026-07-01T00:01:49.533724+00:00,2026-07-01T00:01:49.531272,2,2,77.85,0.3,77.7,110,77.5,150,,,,,,,,,,,,,,,,,78.0,47,78.2,100,,,,,,,,,,,,,,,,
2026-07-01T00:01:49.543976+00:00,2026-07-01T00:01:49.542279,2,1,77.95,0.5,77.7,110,77.5,150,,,,,,,,,,,,,,,,,78.2,100,,,,,,,,,,,,,,,,,,
2026-07-01T00:01:49.554289+00:00,2026-07-01T00:01:49.544242,1,1,77.95,0.5,77.7,110,,,,,,,,,,,,,,,,,,,78.2,100,,,,,,,,,,,,,,,,,,
2026-07-01T00:01:49.605575+00:00,2026-07-01T00:01:49.596662,2,1,78.05,0.3,77.9,150,77.7,110,,,,,,,,,,,,,,,,,78.2,100,,,,,,,,,,,,,,,,,,
2026-07-01T00:01:49.656898+00:00,2026-07-01T00:01:49.649050,2,2,78.05,0.3,77.9,150,77.7,110,,,,,,,,,,,,,,,,,78.2,100,78.4,150,,,,,,,,,,,,,,,,
2026-07-01T00:01:49.841846+00:00,2026-07-01T00:01:49.832030,2,2,78.05,0.3,77.9,100,77.7,110,,,,,,,,,,,,,,,,,78.2,100,78.4,150,,,,,,,,,,,,,,,,
2026-07-01T00:01:50.036472+00:00,2026-07-01T00:01:50.036261,2,2,78.05,0.3,77.9,100,77.7,100,,,,,,,,,,,,,,,,,78.2,100,78.4,150,,,,,,,,,,,,,,,,
2026-07-01T00:01:50.046799+00:00,2026-07-01T00:01:50.039208,2,2,78.05,0.3,77.9,110,77.7,100,,,,,,,,,,,,,,,,,78.2,100,78.4,150,,,,,,,,,,,,,,,,
2026-07-01T00:01:50.385408+00:00,2026-07-01T00:01:50.378112,2,2,78.05,0.3,77.9,110,77.7,100,,,,,,,,,,,,,,,,,78.2,99,78.4,150,,,,,,,,,,,,,,,,
2026-07-01T00:01:50.436713+00:00,2026-07-01T00:01:50.428252,2,2,78.05,0.3,77.9,110,77.7,100,,,,,,,,,,,,,,,,,78.2,51,78.4,150,,,,,,,,,,,,,,,,
2026-07-01T00:01:50.549512+00:00,2026-07-01T00:01:50.549091,2,2,78.05,0.3,77.9,110,77.7,100,,,,,,,,,,,,,,,,,78.2,51,78.4,150,,,,,,,,,,,,,,,,
2026-07-01T00:01:51.063136+00:00,2026-07-01T00:01:51.057553,2,2,78.05,0.3,77.9,110,77.7,100,,,,,,,,,,,,,,,,,78.2,51,78.4,150,,,,,,,,,,,,,,,,
2026-07-01T00:01:51.392247+00:00,2026-07-01T00:01:51.388062,2,2,78.05,0.3,77.9,110,77.7,100,,,,,,,,,,,,,,,,,78.2,50,78.4,150,,,,,,,,,,,,,,,,
2026-07-01T00:01:51.566735+00:00,2026-07-01T00:01:51.564881,2,2,78.05,0.3,77.9,110,77.7,100,,,,,,,,,,,,,,,,,78.2,50,78.4,150,,,,,,,,,,,,,,,,
2026-07-01T00:01:51.669028+00:00,2026-07-01T00:01:51.665338,2,2,78.05,0.3,77.9,110,77.7,100,,,,,,,,,,,,,,,,,78.2,38,78.4,150,,,,,,,,,,,,,,,,
2026-07-01T00:01:51.946391+00:00,2026-07-01T00:01:51.938345,2,2,78.05,0.3,77.9,60,77.7,100,,,,,,,,,,,,,,,,,78.2,38,78.4,150,,,,,,,,,,,,,,,,
2026-07-01T00:01:52.069519+00:00,2026-07-01T00:01:52.068904,2,2,78.05,0.3,77.9,50,77.7,100,,,,,,,,,,,,,,,,,78.2,38,78.4,150,,,,,,,,,,,,,,,,
2026-07-01T00:01:52.079812+00:00,2026-07-01T00:01:52.072543,2,2,78.05,0.3,77.9,60,77.7,100,,,,,,,,,,,,,,,,,78.2,38,78.4,150,,,,,,,,,,,,,,,,
2026-07-01T00:01:52.408247+00:00,2026-07-01T00:01:52.398506,2,2,78.05,0.3,77.9,60,77.7,100,,,,,,,,,,,,,,,,,78.2,37,78.4,150,,,,,,,,,,,,,,,,
2026-07-01T00:01:52.490299+00:00,2026-07-01T00:01:52.482273,1,1,78.15,0.5,77.9,60,,,,,,,,,,,,,,,,,,,78.4,150,,,,,,,,,,,,,,,,,,
2026-07-01T00:01:52.541840+00:00,2026-07-01T00:01:52.535223,2,1,78.3,0.2,78.2,100,77.9,60,,,,,,,,,,,,,,,,,78.4,150,,,,,,,,,,,,,,,,,,
2026-07-01T00:01:52.582761+00:00,2026-07-01T00:01:52.580637,2,1,78.3,0.2,78.2,110,77.9,50,,,,,,,,,,,,,,,,,78.4,150,,,,,,,,,,,,,,,,,,
2026-07-01T00:01:52.593015+00:00,2026-07-01T00:01:52.587212,2,2,78.3,0.2,78.2,110,77.9,50,,,,,,,,,,,,,,,,,78.4,150,78.7,100,,,,,,,,,,,,,,,,
2026-07-01T00:01:52.705818+00:00,2026-07-01T00:01:52.703808,1,1,78.45,0.5,78.2,110,,,,,,,,,,,,,,,,,,,78.7,100,,,,,,,,,,,,,,,,,,
2026-07-01T00:01:52.757477+00:00,2026-07-01T00:01:52.756781,2,1,78.45,0.5,78.2,110,77.8,150,,,,,,,,,,,,,,,,,78.7,100,,,,,,,,,,,,,,,,,,
2026-07-01T00:01:52.819292+00:00,2026-07-01T00:01:52.809496,2,2,78.25,0.1,78.2,110,77.8,150,,,,,,,,,,,,,,,,,78.3,150,78.7,100,,,,,,,,,,,,,,,,
2026-07-01T00:01:53.014298+00:00,2026-07-01T00:01:53.012246,2,2,78.25,0.1,78.2,110,77.8,150,,,,,,,,,,,,,,,,,78.3,102,78.7,100,,,,,,,,,,,,,,,,
2026-07-01T00:01:53.086041+00:00,2026-07-01T00:01:53.084595,2,2,78.25,0.1,78.2,100,77.8,150,,,,,,,,,,,,,,,,,78.3,102,78.7,100,,,,,,,,,,,,,,,,
2026-07-01T00:01:53.096362+00:00,2026-07-01T00:01:53.087723,2,2,78.25,0.1,78.2,110,77.8,150,,,,,,,,,,,,,,,,,78.3,102,78.7,100,,,,,,,,,,,,,,,,
2026-07-01T00:01:53.598297+00:00,2026-07-01T00:01:53.597646,2,2,78.25,0.1,78.2,110,77.8,150,,,,,,,,,,,,,,,,,78.3,102,78.7,100,,,,,,,,,,,,,,,,
2026-07-01T00:01:54.049453+00:00,2026-07-01T00:01:54.045551,2,2,78.25,0.1,78.2,60,77.8,150,,,,,,,,,,,,,,,,,78.3,102,78.7,100,,,,,,,,,,,,,,,,
2026-07-01T00:01:54.110978+00:00,2026-07-01T00:01:54.105230,2,2,78.25,0.1,78.2,60,77.8,150,,,,,,,,,,,,,,,,,78.3,102,78.7,100,,,,,,,,,,,,,,,,
2026-07-01T00:01:54.623214+00:00,2026-07-01T00:01:54.623099,2,2,78.25,0.1,78.2,60,77.8,150,,,,,,,,,,,,,,,,,78.3,102,78.7,100,,,,,,,,,,,,,,,,
2026-07-01T00:01:55.062673+00:00,2026-07-01T00:01:55.059051,2,2,78.25,0.1,78.2,17,77.8,150,,,,,,,,,,,,,,,,,78.3,102,78.7,100,,,,,,,,,,,,,,,,
2026-07-01T00:01:55.134414+00:00,2026-07-01T00:01:55.133488,2,2,78.25,0.1,78.2,17,77.8,150,,,,,,,,,,,,,,,,,78.3,102,78.7,100,,,,,,,,,,,,,,,,
2026-07-01T00:01:55.646994+00:00,2026-07-01T00:01:55.644136,2,1,78.25,0.1,78.2,10,77.8,150,,,,,,,,,,,,,,,,,78.3,102,,,,,,,,,,,,,,,,,,
2026-07-01T00:01:55.698206+00:00,2026-07-01T00:01:55.696411,3,1,78.25,0.1,78.2,10,77.8,150,77.7,100,,,,,,,,,,,,,,,78.3,102,,,,,,,,,,,,,,,,,,
2026-07-01T00:01:55.780748+00:00,2026-07-01T00:01:55.771819,2,2,78.0,0.4,77.8,150,77.7,100,,,,,,,,,,,,,,,,,78.2,90,78.3,102,,,,,,,,,,,,,,,,
2026-07-01T00:01:55.873420+00:00,2026-07-01T00:01:55.865062,1,1,77.95,0.5,77.7,100,,,,,,,,,,,,,,,,,,,78.2,90,,,,,,,,,,,,,,,,,,
2026-07-01T00:01:55.924590+00:00,2026-07-01T00:01:55.918062,2,1,78.0,0.4,77.8,150,77.7,100,,,,,,,,,,,,,,,,,78.2,90,,,,,,,,,,,,,,,,,,
2026-07-01T00:01:55.975869+00:00,2026-07-01T00:01:55.970817,2,2,78.0,0.4,77.8,150,77.7,100,,,,,,,,,,,,,,,,,78.2,90,78.3,150,,,,,,,,,,,,,,,,
2026-07-01T00:01:56.159943+00:00,2026-07-01T00:01:56.154923,2,2,78.0,0.4,77.8,110,77.7,100,,,,,,,,,,,,,,,,,78.2,90,78.3,150,,,,,,,,,,,,,,,,
2026-07-01T00:01:56.569981+00:00,2026-07-01T00:01:56.568107,2,2,78.0,0.4,77.8,110,77.7,100,,,,,,,,,,,,,,,,,78.2,48,78.3,150,,,,,,,,,,,,,,,,
2026-07-01T00:01:56.672217+00:00,2026-07-01T00:01:56.663200,3,2,78.05,0.3,77.9,10,77.8,110,77.7,100,,,,,,,,,,,,,,,78.2,48,78.3,150,,,,,,,,,,,,,,,,
2026-07-01T00:01:57.174992+00:00,2026-07-01T00:01:57.172381,2,2,78.0,0.4,77.8,110,77.7,100,,,,,,,,,,,,,,,,,78.2,48,78.3,150,,,,,,,,,,,,,,,,
2026-07-01T00:01:57.185261+00:00,2026-07-01T00:01:57.175872,3,2,78.05,0.3,77.9,10,77.8,110,77.7,100,,,,,,,,,,,,,,,78.2,48,78.3,150,,,,,,,,,,,,,,,,
2026-07-01T00:01:57.421922+00:00,2026-07-01T00:01:57.414309,3,2,78.05,0.3,77.9,10,77.8,110,77.7,100,,,,,,,,,,,,,,,78.2,47,78.3,150,,,,,,,,,,,,,,,,
2026-07-01T00:01:57.689292+00:00,2026-07-01T00:01:57.685358,3,2,78.05,0.3,77.9,10,77.8,110,77.7,100,,,,,,,,,,,,,,,78.2,47,78.3,150,,,,,,,,,,,,,,,,
2026-07-01T00:01:58.212460+00:00,2026-07-01T00:01:58.203608,2,2,78.0,0.4,77.8,110,77.7,100,,,,,,,,,,,,,,,,,78.2,47,78.3,150,,,,,,,,,,,,,,,,
2026-07-01T00:01:58.222854+00:00,2026-07-01T00:01:58.219833,3,2,78.05,0.3,77.9,10,77.8,110,77.7,100,,,,,,,,,,,,,,,78.2,47,78.3,150,,,,,,,,,,,,,,,,
2026-07-01T00:01:58.274719+00:00,2026-07-01T00:01:58.270347,2,2,78.0,0.4,77.8,70,77.7,100,,,,,,,,,,,,,,,,,78.2,47,78.3,150,,,,,,,,,,,,,,,,
2026-07-01T00:01:58.429229+00:00,2026-07-01T00:01:58.425830,2,2,78.0,0.4,77.8,70,77.7,100,,,,,,,,,,,,,,,,,78.2,46,78.3,150,,,,,,,,,,,,,,,,
2026-07-01T00:01:58.726342+00:00,2026-07-01T00:01:58.726015,3,2,78.05,0.3,77.9,10,77.8,70,77.7,100,,,,,,,,,,,,,,,78.2,46,78.3,150,,,,,,,,,,,,,,,,
2026-07-01T00:01:58.829098+00:00,2026-07-01T00:01:58.827911,3,1,78.1,0.4,77.9,10,77.8,70,77.7,100,,,,,,,,,,,,,,,78.3,150,,,,,,,,,,,,,,,,,,
2026-07-01T00:01:58.839385+00:00,2026-07-01T00:01:58.829372,2,1,78.1,0.4,77.9,10,77.8,70,,,,,,,,,,,,,,,,,78.3,150,,,,,,,,,,,,,,,,,,
2026-07-01T00:01:58.890535+00:00,2026-07-01T00:01:58.883302,3,1,78.2,0.2,78.1,100,77.9,10,77.8,70,,,,,,,,,,,,,,,78.3,150,,,,,,,,,,,,,,,,,,
2026-07-01T00:01:58.941734+00:00,2026-07-01T00:01:58.935005,3,2,78.2,0.2,78.1,100,77.9,10,77.8,70,,,,,,,,,,,,,,,78.3,150,78.6,100,,,,,,,,,,,,,,,,
2026-07-01T00:01:59.033833+00:00,2026-07-01T00:01:59.025947,2,1,78.35,0.5,78.1,100,77.9,10,,,,,,,,,,,,,,,,,78.6,100,,,,,,,,,,,,,,,,,,
2026-07-01T00:01:59.085171+00:00,2026-07-01T00:01:59.077970,3,1,78.35,0.5,78.1,100,77.9,10,77.7,150,,,,,,,,,,,,,,,78.6,100,,,,,,,,,,,,,,,,,,
2026-07-01T00:01:59.136267+00:00,2026-07-01T00:01:59.130777,3,2,78.15,0.1,78.1,100,77.9,10,77.7,150,,,,,,,,,,,,,,,78.2,150,78.6,100,,,,,,,,,,,,,,,,
2026-07-01T00:01:59.238857+00:00,2026-07-01T00:01:59.238587,2,2,78.15,0.1,78.1,100,77.7,150,,,,,,,,,,,,,,,,,78.2,150,78.6,100,,,,,,,,,,,,,,,,
2026-07-01T00:01:59.249238+00:00,2026-07-01T00:01:59.241858,2,2,78.15,0.1,78.1,110,77.7,150,,,,,,,,,,,,,,,,,78.2,150,78.6,100,,,,,,,,,,,,,,,,
2026-07-01T00:01:59.455027+00:00,2026-07-01T00:01:59.453631,2,2,78.15,0.1,78.1,110,77.7,150,,,,,,,,,,,,,,,,,78.2,138,78.6,100,,,,,,,,,,,,,,,,
2026-07-01T00:01:59.465410+00:00,2026-07-01T00:01:59.457196,2,2,78.15,0.1,78.1,110,77.7,150,,,,,,,,,,,,,,,,,78.2,137,78.6,100,,,,,,,,,,,,,,,,
2026-07-01T00:01:59.751712+00:00,2026-07-01T00:01:59.749782,2,2,78.15,0.1,78.1,110,77.7,150,,,,,,,,,,,,,,,,,78.2,137,78.6,100,,,,,,,,,,,,,,,,
2026-07-01T00:02:00.263233+00:00,2026-07-01T00:02:00.257751,2,2,78.15,0.1,78.1,110,77.7,150,,,,,,,,,,,,,,,,,78.2,137,78.6,100,,,,,,,,,,,,,,,,
2026-07-01T00:02:00.385899+00:00,2026-07-01T00:02:00.377467,2,2,78.15,0.1,78.1,60,77.7,150,,,,,,,,,,,,,,,,,78.2,137,78.6,100,,,,,,,,,,,,,,,,
2026-07-01T00:02:00.478323+00:00,2026-07-01T00:02:00.468369,2,2,78.15,0.1,78.1,60,77.7,150,,,,,,,,,,,,,,,,,78.2,136,78.6,100,,,,,,,,,,,,,,,,
2026-07-01T00:02:00.765079+00:00,2026-07-01T00:02:00.762148,2,2,78.15,0.1,78.1,50,77.7,150,,,,,,,,,,,,,,,,,78.2,136,78.6,100,,,,,,,,,,,,,,,,
2026-07-01T00:02:00.775320+00:00,2026-07-01T00:02:00.765844,2,2,78.15,0.1,78.1,60,77.7,150,,,,,,,,,,,,,,,,,78.2,136,78.6,100,,,,,,,,,,,,,,,,
2026-07-01T00:02:01.277057+00:00,2026-07-01T00:02:01.276264,2,2,78.15,0.1,78.1,60,77.7,150,,,,,,,,,,,,,,,,,78.2,136,78.6,100,,,,,,,,,,,,,,,,
2026-07-01T00:02:01.481900+00:00,2026-07-01T00:02:01.478263,2,2,78.15,0.1,78.1,60,77.7,150,,,,,,,,,,,,,,,,,78.2,135,78.6,100,,,,,,,,,,,,,,,,
2026-07-01T00:02:01.788566+00:00,2026-07-01T00:02:01.784366,2,2,78.15,0.1,78.1,60,77.7,150,,,,,,,,,,,,,,,,,78.2,135,78.6,100,,,,,,,,,,,,,,,,
2026-07-01T00:02:01.993435+00:00,2026-07-01T00:02:01.991488,2,1,78.15,0.1,78.1,10,77.7,150,,,,,,,,,,,,,,,,,78.2,135,,,,,,,,,,,,,,,,,,
2026-07-01T00:02:02.044510+00:00,2026-07-01T00:02:02.044264,3,1,78.15,0.1,78.1,10,77.8,100,77.7,150,,,,,,,,,,,,,,,78.2,135,,,,,,,,,,,,,,,,,,
2026-07-01T00:02:02.105854+00:00,2026-07-01T00:02:02.096159,3,2,78.15,0.1,78.1,10,77.8,100,77.7,150,,,,,,,,,,,,,,,78.2,135,78.3,100,,,,,,,,,,,,,,,,
2026-07-01T00:02:02.187828+00:00,2026-07-01T00:02:02.186340,2,1,78.2,0.2,78.1,10,77.8,100,,,,,,,,,,,,,,,,,78.3,100,,,,,,,,,,,,,,,,,,
2026-07-01T00:02:02.249394+00:00,2026-07-01T00:02:02.240163,3,1,78.2,0.2,78.1,10,77.8,100,77.7,150,,,,,,,,,,,,,,,78.3,100,,,,,,,,,,,,,,,,,,
2026-07-01T00:02:02.290407+00:00,2026-07-01T00:02:02.288841,2,1,78.05,0.5,77.8,100,77.7,150,,,,,,,,,,,,,,,,,78.3,100,,,,,,,,,,,,,,,,,,
2026-07-01T00:02:02.300654+00:00,2026-07-01T00:02:02.294244,3,2,78.05,0.3,77.9,10,77.8,100,77.7,150,,,,,,,,,,,,,,,78.2,150,78.3,100,,,,,,,,,,,,,,,,
2026-07-01T00:02:02.496066+00:00,2026-07-01T00:02:02.491273,3,2,78.05,0.3,77.9,10,77.8,100,77.7,150,,,,,,,,,,,,,,,78.2,149,78.3,100,,,,,,,,,,,,,,,,
2026-07-01T00:02:02.804643+00:00,2026-07-01T00:02:02.800766,3,2,78.05,0.3,77.9,10,77.8,100,77.7,150,,,,,,,,,,,,,,,78.2,149,78.3,100,,,,,,,,,,,,,,,,
2026-07-01T00:02:03.306127+00:00,2026-07-01T00:02:03.305219,2,2,78.0,0.4,77.8,100,77.7,150,,,,,,,,,,,,,,,,,78.2,149,78.3,100,,,,,,,,,,,,,,,,
2026-07-01T00:02:03.316384+00:00,2026-07-01T00:02:03.309199,3,2,78.05,0.3,77.9,10,77.8,100,77.7,150,,,,,,,,,,,,,,,78.2,149,78.3,100,,,,,,,,,,,,,,,,
2026-07-01T00:02:03.818455+00:00,2026-07-01T00:02:03.817279,3,2,78.05,0.3,77.9,10,77.8,100,77.7,150,,,,,,,,,,,,,,,78.2,149,78.3,100,,,,,,,,,,,,,,,,
2026-07-01T00:02:03.849169+00:00,2026-07-01T00:02:03.841075,3,2,78.05,0.3,77.9,10,77.8,100,77.7,150,,,,,,,,,,,,,,,78.2,104,78.3,100,,,,,,,,,,,,,,,,
2026-07-01T00:02:04.330871+00:00,2026-07-01T00:02:04.325569,3,2,78.05,0.3,77.9,10,77.8,100,77.7,150,,,,,,,,,,,,,,,78.2,104,78.3,100,,,,,,,,,,,,,,,,
2026-07-01T00:02:04.505254+00:00,2026-07-01T00:02:04.504392,3,2,78.05,0.3,77.9,10,77.8,100,77.7,150,,,,,,,,,,,,,,,78.2,103,78.3,100,,,,,,,,,,,,,,,,
2026-07-01T00:02:04.546358+00:00,2026-07-01T00:02:04.540778,3,2,78.05,0.3,77.9,10,77.8,100,77.7,150,,,,,,,,,,,,,,,78.2,53,78.3,100,,,,,,,,,,,,,,,,
2026-07-01T00:02:04.781361+00:00,2026-07-01T00:02:04.780613,3,2,78.05,0.3,77.9,10,77.8,100,77.7,150,,,,,,,,,,,,,,,78.2,50,78.3,100,,,,,,,,,,,,,,,,
2026-07-01T00:02:04.832714+00:00,2026-07-01T00:02:04.829857,2,2,78.0,0.4,77.8,100,77.7,150,,,,,,,,,,,,,,,,,78.2,50,78.3,100,,,,,,,,,,,,,,,,
2026-07-01T00:02:04.843003+00:00,2026-07-01T00:02:04.833647,3,2,78.05,0.3,77.9,10,77.8,100,77.7,150,,,,,,,,,,,,,,,78.2,50,78.3,100,,,,,,,,,,,,,,,,
2026-07-01T00:02:05.150090+00:00,2026-07-01T00:02:05.149250,3,1,78.05,0.3,77.9,10,77.8,100,77.7,150,,,,,,,,,,,,,,,78.2,50,,,,,,,,,,,,,,,,,,
2026-07-01T00:02:05.160415+00:00,2026-07-01T00:02:05.150450,2,1,78.05,0.3,77.9,10,77.7,150,,,,,,,,,,,,,,,,,78.2,50,,,,,,,,,,,,,,,,,,
2026-07-01T00:02:05.211745+00:00,2026-07-01T00:02:05.204599,3,1,78.15,0.1,78.1,100,77.9,10,77.7,150,,,,,,,,,,,,,,,78.2,50,,,,,,,,,,,,,,,,,,
2026-07-01T00:02:05.262884+00:00,2026-07-01T00:02:05.258912,3,2,78.15,0.1,78.1,100,77.9,10,77.7,150,,,,,,,,,,,,,,,78.2,50,78.6,100,,,,,,,,,,,,,,,,
2026-07-01T00:02:05.344805+00:00,2026-07-01T00:02:05.342431,2,2,78.15,0.1,78.1,110,77.7,150,,,,,,,,,,,,,,,,,78.2,50,78.6,100,,,,,,,,,,,,,,,,
2026-07-01T00:02:05.355039+00:00,2026-07-01T00:02:05.349732,1,1,78.35,0.5,78.1,110,,,,,,,,,,,,,,,,,,,78.6,100,,,,,,,,,,,,,,,,,,
2026-07-01T00:02:05.406248+00:00,2026-07-01T00:02:05.402548,2,1,78.45,0.3,78.3,150,78.1,110,,,,,,,,,,,,,,,,,78.6,100,,,,,,,,,,,,,,,,,,
2026-07-01T00:02:05.468004+00:00,2026-07-01T00:02:05.462879,2,2,78.45,0.3,78.3,150,78.1,110,,,,,,,,,,,,,,,,,78.6,100,78.8,150,,,,,,,,,,,,,,,,
2026-07-01T00:02:05.846758+00:00,2026-07-01T00:02:05.846629,2,2,78.45,0.3,78.3,150,78.1,100,,,,,,,,,,,,,,,,,78.6,100,78.8,150,,,,,,,,,,,,,,,,
2026-07-01T00:02:06.635256+00:00,2026-07-01T00:02:06.630085,2,2,78.45,0.3,78.3,150,78.1,100,,,,,,,,,,,,,,,,,78.6,90,78.8,150,,,,,,,,,,,,,,,,
2026-07-01T00:02:06.676379+00:00,2026-07-01T00:02:06.669990,2,2,78.45,0.3,78.3,150,78.1,100,,,,,,,,,,,,,,,,,78.6,40,78.8,150,,,,,,,,,,,,,,,,
2026-07-01T00:02:06.726231+00:00,2026-07-01T00:02:06.725520,2,2,78.45,0.3,78.3,147,78.1,100,,,,,,,,,,,,,,,,,78.6,40,78.8,150,,,,,,,,,,,,,,,,
2026-07-01T00:02:07.237357+00:00,2026-07-01T00:02:07.232422,2,2,78.45,0.3,78.3,147,78.1,100,,,,,,,,,,,,,,,,,78.6,38,78.8,150,,,,,,,,,,,,,,,,
2026-07-01T00:02:08.018781+00:00,2026-07-01T00:02:08.011322,2,2,78.45,0.3,78.3,107,78.1,100,,,,,,,,,,,,,,,,,78.6,38,78.8,150,,,,,,,,,,,,,,,,
2026-07-01T00:02:08.316005+00:00,2026-07-01T00:02:08.312549,1,1,78.55,0.5,78.3,107,,,,,,,,,,,,,,,,,,,78.8,150,,,,,,,,,,,,,,,,,,
2026-07-01T00:02:08.367341+00:00,2026-07-01T00:02:08.365033,2,1,78.55,0.5,78.3,107,78.1,100,,,,,,,,,,,,,,,,,78.8,150,,,,,,,,,,,,,,,,,,
2026-07-01T00:02:08.418589+00:00,2026-07-01T00:02:08.417430,2,2,78.45,0.3,78.3,107,78.1,100,,,,,,,,,,,,,,,,,78.6,100,78.8,150,,,,,,,,,,,,,,,,
2026-07-01T00:02:08.522027+00:00,2026-07-01T00:02:08.518779,1,1,78.35,0.5,78.1,100,,,,,,,,,,,,,,,,,,,78.6,100,,,,,,,,,,,,,,,,,,
2026-07-01T00:02:08.593895+00:00,2026-07-01T00:02:08.587195,2,1,78.4,0.4,78.2,150,78.1,100,,,,,,,,,,,,,,,,,78.6,100,,,,,,,,,,,,,,,,,,
2026-07-01T00:02:08.645391+00:00,2026-07-01T00:02:08.641407,2,2,78.4,0.4,78.2,150,78.1,100,,,,,,,,,,,,,,,,,78.6,100,78.7,150,,,,,,,,,,,,,,,,
2026-07-01T00:02:08.830800+00:00,2026-07-01T00:02:08.826722,2,2,78.4,0.4,78.2,100,78.1,100,,,,,,,,,,,,,,,,,78.6,100,78.7,150,,,,,,,,,,,,,,,,
2026-07-01T00:02:10.934342+00:00,2026-07-01T00:02:10.933118,2,2,78.4,0.4,78.2,50,78.1,100,,,,,,,,,,,,,,,,,78.6,100,78.7,150,,,,,,,,,,,,,,,,
2026-07-01T00:02:11.425727+00:00,2026-07-01T00:02:11.418340,3,2,78.45,0.3,78.3,10,78.2,50,78.1,100,,,,,,,,,,,,,,,78.6,100,78.7,150,,,,,,,,,,,,,,,,
2026-07-01T00:02:11.476767+00:00,2026-07-01T00:02:11.471634,2,1,78.5,0.4,78.3,10,78.2,50,,,,,,,,,,,,,,,,,78.7,150,,,,,,,,,,,,,,,,,,
2026-07-01T00:02:11.528144+00:00,2026-07-01T00:02:11.525188,3,1,78.55,0.3,78.4,100,78.3,10,78.2,50,,,,,,,,,,,,,,,78.7,150,,,,,,,,,,,,,,,,,,
2026-07-01T00:02:11.589882+00:00,2026-07-01T00:02:11.581783,3,2,78.55,0.3,78.4,100,78.3,10,78.2,50,,,,,,,,,,,,,,,78.7,150,78.9,100,,,,,,,,,,,,,,,,
2026-07-01T00:02:11.702261+00:00,2026-07-01T00:02:11.699558,2,1,78.65,0.5,78.4,100,78.3,10,,,,,,,,,,,,,,,,,78.9,100,,,,,,,,,,,,,,,,,,
2026-07-01T00:02:11.763579+00:00,2026-07-01T00:02:11.753572,3,1,78.65,0.5,78.4,100,78.3,10,77.8,150,,,,,,,,,,,,,,,78.9,100,,,,,,,,,,,,,,,,,,
2026-07-01T00:02:11.824538+00:00,2026-07-01T00:02:11.823490,1,2,78.05,0.5,77.8,150,,,,,,,,,,,,,,,,,,,78.3,37,78.9,100,,,,,,,,,,,,,,,,
2026-07-01T00:02:11.926795+00:00,2026-07-01T00:02:11.924010,2,2,78.1,0.4,77.9,10,77.8,150,,,,,,,,,,,,,,,,,78.3,37,78.9,100,,,,,,,,,,,,,,,,
2026-07-01T00:02:12.437746+00:00,2026-07-01T00:02:12.433260,1,2,78.05,0.5,77.8,150,,,,,,,,,,,,,,,,,,,78.3,37,78.9,100,,,,,,,,,,,,,,,,
2026-07-01T00:02:12.448000+00:00,2026-07-01T00:02:12.438655,2,2,78.1,0.4,77.9,10,77.8,150,,,,,,,,,,,,,,,,,78.3,37,78.9,100,,,,,,,,,,,,,,,,
2026-07-01T00:02:12.532804+00:00,2026-07-01T00:02:12.524899,1,2,78.05,0.5,77.8,150,,,,,,,,,,,,,,,,,,,78.3,37,78.9,100,,,,,,,,,,,,,,,,
2026-07-01T00:02:12.543093+00:00,2026-07-01T00:02:12.533282,1,2,78.05,0.5,77.8,150,,,,,,,,,,,,,,,,,,,78.3,36,78.9,100,,,,,,,,,,,,,,,,
2026-07-01T00:02:12.810488+00:00,2026-07-01T00:02:12.807884,1,2,78.05,0.5,77.8,103,,,,,,,,,,,,,,,,,,,78.3,36,78.9,100,,,,,,,,,,,,,,,,
2026-07-01T00:02:12.953444+00:00,2026-07-01T00:02:12.945124,2,2,78.1,0.4,77.9,10,77.8,103,,,,,,,,,,,,,,,,,78.3,36,78.9,100,,,,,,,,,,,,,,,,
2026-07-01T00:02:13.045385+00:00,2026-07-01T00:02:13.044019,1,2,78.05,0.5,77.8,63,,,,,,,,,,,,,,,,,,,78.3,36,78.9,100,,,,,,,,,,,,,,,,
2026-07-01T00:02:13.127124+00:00,2026-07-01T00:02:13.126573,1,2,78.05,0.5,77.8,63,,,,,,,,,,,,,,,,,,,78.3,24,78.9,100,,,,,,,,,,,,,,,,
2026-07-01T00:02:13.464917+00:00,2026-07-01T00:02:13.456078,2,2,78.1,0.4,77.9,10,77.8,63,,,,,,,,,,,,,,,,,78.3,24,78.9,100,,,,,,,,,,,,,,,,
2026-07-01T00:02:13.546691+00:00,2026-07-01T00:02:13.544118,2,2,78.1,0.4,77.9,6,77.8,63,,,,,,,,,,,,,,,,,78.3,24,78.9,100,,,,,,,,,,,,,,,,
2026-07-01T00:02:13.557016+00:00,2026-07-01T00:02:13.551623,2,2,78.1,0.4,77.9,6,77.8,63,,,,,,,,,,,,,,,,,78.3,23,78.9,100,,,,,,,,,,,,,,,,
2026-07-01T00:02:13.976347+00:00,2026-07-01T00:02:13.975060,1,2,78.05,0.5,77.8,63,,,,,,,,,,,,,,,,,,,78.3,23,78.9,100,,,,,,,,,,,,,,,,
2026-07-01T00:02:13.986621+00:00,2026-07-01T00:02:13.980459,2,2,78.1,0.4,77.9,10,77.8,63,,,,,,,,,,,,,,,,,78.3,23,78.9,100,,,,,,,,,,,,,,,,
2026-07-01T00:02:14.487241+00:00,2026-07-01T00:02:14.484292,2,2,78.1,0.4,77.9,10,77.8,63,,,,,,,,,,,,,,,,,78.3,14,78.9,100,,,,,,,,,,,,,,,,
2026-07-01T00:02:14.497565+00:00,2026-07-01T00:02:14.491245,2,2,78.1,0.4,77.9,10,77.8,63,,,,,,,,,,,,,,,,,78.3,14,78.9,100,,,,,,,,,,,,,,,,
2026-07-01T00:02:14.570075+00:00,2026-07-01T00:02:14.567348,2,2,78.1,0.4,77.9,9,77.8,63,,,,,,,,,,,,,,,,,78.3,13,78.9,100,,,,,,,,,,,,,,,,
2026-07-01T00:02:14.641915+00:00,2026-07-01T00:02:14.634384,2,1,78.1,0.4,77.9,9,77.8,63,,,,,,,,,,,,,,,,,78.3,13,,,,,,,,,,,,,,,,,,
2026-07-01T00:02:14.693219+00:00,2026-07-01T00:02:14.691392,3,1,78.2,0.2,78.1,100,77.9,9,77.8,63,,,,,,,,,,,,,,,78.3,13,,,,,,,,,,,,,,,,,,
2026-07-01T00:02:14.744394+00:00,2026-07-01T00:02:14.743052,3,2,78.2,0.2,78.1,100,77.9,9,77.8,63,,,,,,,,,,,,,,,78.3,13,78.6,100,,,,,,,,,,,,,,,,
2026-07-01T00:02:14.867495+00:00,2026-07-01T00:02:14.864780,2,1,78.35,0.5,78.1,100,77.9,9,,,,,,,,,,,,,,,,,78.6,100,,,,,,,,,,,,,,,,,,
2026-07-01T00:02:14.918690+00:00,2026-07-01T00:02:14.917378,3,1,78.35,0.5,78.1,100,78.0,150,77.9,9,,,,,,,,,,,,,,,78.6,100,,,,,,,,,,,,,,,,,,
2026-07-01T00:02:14.969911+00:00,2026-07-01T00:02:14.969839,3,2,78.3,0.4,78.1,100,78.0,150,77.9,9,,,,,,,,,,,,,,,78.5,150,78.6,100,,,,,,,,,,,,,,,,
2026-07-01T00:02:15.000648+00:00,2026-07-01T00:02:14.995485,2,2,78.3,0.4,78.1,100,78.0,150,,,,,,,,,,,,,,,,,78.5,150,78.6,100,,,,,,,,,,,,,,,,
2026-07-01T00:02:15.010903+00:00,2026-07-01T00:02:15.000885,3,2,78.35,0.3,78.2,10,78.1,100,78.0,150,,,,,,,,,,,,,,,78.5,150,78.6,100,,,,,,,,,,,,,,,,
2026-07-01T00:02:15.154313+00:00,2026-07-01T00:02:15.152328,2,2,78.3,0.4,78.1,60,78.0,150,,,,,,,,,,,,,,,,,78.5,150,78.6,100,,,,,,,,,,,,,,,,
2026-07-01T00:02:15.259586+00:00,2026-07-01T00:02:15.258727,2,2,78.3,0.4,78.1,60,78.0,150,,,,,,,,,,,,,,,,,78.5,139,78.6,100,,,,,,,,,,,,,,,,
2026-07-01T00:02:15.515844+00:00,2026-07-01T00:02:15.512908,3,2,78.35,0.3,78.2,10,78.1,60,78.0,150,,,,,,,,,,,,,,,78.5,139,78.6,100,,,,,,,,,,,,,,,,
2026-07-01T00:02:15.587618+00:00,2026-07-01T00:02:15.586869,3,2,78.35,0.3,78.2,9,78.1,60,78.0,150,,,,,,,,,,,,,,,78.5,138,78.6,100,,,,,,,,,,,,,,,,
2026-07-01T00:02:16.027158+00:00,2026-07-01T00:02:16.025785,3,2,78.35,0.3,78.2,10,78.1,60,78.0,150,,,,,,,,,,,,,,,78.5,138,78.6,100,,,,,,,,,,,,,,,,
2026-07-01T00:02:16.539624+00:00,2026-07-01T00:02:16.537443,3,2,78.35,0.3,78.2,10,78.1,60,78.0,150,,,,,,,,,,,,,,,78.5,138,78.6,100,,,,,,,,,,,,,,,,
2026-07-01T00:02:16.601050+00:00,2026-07-01T00:02:16.597566,3,2,78.35,0.3,78.2,9,78.1,60,78.0,150,,,,,,,,,,,,,,,78.5,138,78.6,100,,,,,,,,,,,,,,,,
2026-07-01T00:02:16.611390+00:00,2026-07-01T00:02:16.604589,3,2,78.35,0.3,78.2,9,78.1,60,78.0,150,,,,,,,,,,,,,,,78.5,137,78.6,100,,,,,,,,,,,,,,,,
2026-07-01T00:02:17.051420+00:00,2026-07-01T00:02:17.047725,3,2,78.35,0.3,78.2,10,78.1,60,78.0,150,,,,,,,,,,,,,,,78.5,137,78.6,100,,,,,,,,,,,,,,,,
2026-07-01T00:02:17.267166+00:00,2026-07-01T00:02:17.257492,2,2,78.3,0.4,78.1,60,78.0,150,,,,,,,,,,,,,,,,,78.5,137,78.6,100,,,,,,,,,,,,,,,,
2026-07-01T00:02:17.565291+00:00,2026-07-01T00:02:17.558595,3,2,78.35,0.3,78.2,10,78.1,60,78.0,150,,,,,,,,,,,,,,,78.5,137,78.6,100,,,,,,,,,,,,,,,,
2026-07-01T00:02:17.627340+00:00,2026-07-01T00:02:17.623134,3,2,78.35,0.3,78.2,9,78.1,60,78.0,150,,,,,,,,,,,,,,,78.5,137,78.6,100,,,,,,,,,,,,,,,,
2026-07-01T00:02:17.637676+00:00,2026-07-01T00:02:17.635020,3,2,78.35,0.3,78.2,9,78.1,60,78.0,150,,,,,,,,,,,,,,,78.5,136,78.6,100,,,,,,,,,,,,,,,,
2026-07-01T00:02:17.801426+00:00,2026-07-01T00:02:17.798383,2,1,78.35,0.3,78.2,9,78.0,150,,,,,,,,,,,,,,,,,78.5,136,,,,,,,,,,,,,,,,,,
2026-07-01T00:02:17.852631+00:00,2026-07-01T00:02:17.850925,2,1,78.35,0.3,78.2,109,78.0,150,,,,,,,,,,,,,,,,,78.5,136,,,,,,,,,,,,,,,,,,
2026-07-01T00:02:17.904041+00:00,2026-07-01T00:02:17.902790,2,2,78.35,0.3,78.2,109,78.0,150,,,,,,,,,,,,,,,,,78.5,136,78.7,100,,,,,,,,,,,,,,,,
2026-07-01T00:02:17.976103+00:00,2026-07-01T00:02:17.967581,2,2,78.35,0.3,78.2,109,78.0,150,,,,,,,,,,,,,,,,,78.5,124,78.7,100,,,,,,,,,,,,,,,,
2026-07-01T00:02:18.027446+00:00,2026-07-01T00:02:18.024755,1,1,78.45,0.5,78.2,109,,,,,,,,,,,,,,,,,,,78.7,100,,,,,,,,,,,,,,,,,,
2026-07-01T00:02:18.078726+00:00,2026-07-01T00:02:18.077103,2,1,78.55,0.3,78.4,150,78.2,109,,,,,,,,,,,,,,,,,78.7,100,,,,,,,,,,,,,,,,,,
2026-07-01T00:02:18.099244+00:00,2026-07-01T00:02:18.098179,2,1,78.55,0.3,78.4,155,78.2,100,,,,,,,,,,,,,,,,,78.7,105,,,,,,,,,,,,,,,,,,
2026-07-01T00:02:18.129918+00:00,2026-07-01T00:02:18.129464,2,2,78.55,0.3,78.4,155,78.2,100,,,,,,,,,,,,,,,,,78.7,105,78.9,150,,,,,,,,,,,,,,,,
