recv_time,book_timestamp,n_bids,n_asks,mid,spread,bid_px_0,bid_vol_0,bid_px_1,bid_vol_1,bid_px_2,bid_vol_2,bid_px_3,bid_vol_3,bid_px_4,bid_vol_4,bid_px_5,bid_vol_5,bid_px_6,bid_vol_6,bid_px_7,bid_vol_7,bid_px_8,bid_vol_8,bid_px_9,bid_vol_9,ask_px_0,ask_vol_0,ask_px_1,ask_vol_1,ask_px_2,ask_vol_2,ask_px_3,ask_vol_3,ask_px_4,ask_vol_4,ask_px_5,ask_vol_5,ask_px_6,ask_vol_6,ask_px_7,ask_vol_7,ask_px_8,ask_vol_8,ask_px_9,ask_vol_9
2026-07-04T16:00:00.033462+00:00,2026-07-04T16:00:00.033390,2,2,140.15,0.3,140.0,100,139.8,150,,,,,,,,,,,,,,,,,140.3,350,140.5,100,,,,,,,,,,,,,,,,
2026-07-04T16:00:00.119907+00:00,2026-07-04T16:00:00.052380,2,2,140.15,0.3,140.0,51,139.8,150,,,,,,,,,,,,,,,,,140.3,350,140.5,100,,,,,,,,,,,,,,,,
2026-07-04T16:00:00.240600+00:00,2026-07-04T16:00:00.240494,2,2,140.15,0.3,140.0,51,139.8,150,,,,,,,,,,,,,,,,,140.3,350,140.5,100,,,,,,,,,,,,,,,,
2026-07-04T16:00:00.354054+00:00,2026-07-04T16:00:00.440533,2,2,140.15,0.3,140.0,51,139.8,150,,,,,,,,,,,,,,,,,140.3,350,140.5,100,,,,,,,,,,,,,,,,
2026-07-04T16:00:00.665956+00:00,2026-07-04T16:00:00.687106,2,2,140.1,0.4,139.9,100,139.8,150,,,,,,,,,,,,,,,,,140.3,307,140.4,100,,,,,,,,,,,,,,,,
2026-07-04T16:00:00.861620+00:00,2026-07-04T16:00:00.861563,2,2,140.1,0.4,139.9,100,139.8,150,,,,,,,,,,,,,,,,,140.3,307,140.4,100,,,,,,,,,,,,,,,,
2026-07-04T16:00:01.066226+00:00,2026-07-04T16:00:01.066175,2,2,140.1,0.4,139.9,100,139.8,150,,,,,,,,,,,,,,,,,140.3,107,140.4,100,,,,,,,,,,,,,,,,
2026-07-04T16:00:01.071463+00:00,2026-07-04T16:00:01.071354,2,2,140.1,0.4,139.9,100,139.8,150,,,,,,,,,,,,,,,,,140.3,307,140.4,100,,,,,,,,,,,,,,,,
2026-07-04T16:00:01.276278+00:00,2026-07-04T16:00:01.276223,2,2,140.1,0.4,139.9,100,139.8,150,,,,,,,,,,,,,,,,,140.3,107,140.4,300,,,,,,,,,,,,,,,,
2026-07-04T16:00:01.438441+00:00,2026-07-04T16:00:01.438279,2,2,140.1,0.4,139.9,50,139.8,150,,,,,,,,,,,,,,,,,140.3,107,140.4,300,,,,,,,,,,,,,,,,
2026-07-04T16:00:01.485156+00:00,2026-07-04T16:00:01.485060,2,2,140.1,0.4,139.9,50,139.8,150,,,,,,,,,,,,,,,,,140.3,107,140.4,300,,,,,,,,,,,,,,,,
2026-07-04T16:00:01.692795+00:00,2026-07-04T16:00:01.692732,2,2,140.1,0.4,139.9,50,139.8,150,,,,,,,,,,,,,,,,,140.3,107,140.4,300,,,,,,,,,,,,,,,,
2026-07-04T16:00:01.900559+00:00,2026-07-04T16:00:01.900477,2,2,140.1,0.4,139.9,50,139.8,150,,,,,,,,,,,,,,,,,140.3,107,140.4,300,,,,,,,,,,,,,,,,
2026-07-04T16:00:02.107513+00:00,2026-07-04T16:00:02.107370,2,2,140.1,0.4,139.9,50,139.8,150,,,,,,,,,,,,,,,,,140.3,107,140.4,100,,,,,,,,,,,,,,,,
2026-07-04T16:00:02.112749+00:00,2026-07-04T16:00:02.112635,2,2,140.1,0.4,139.9,50,139.8,150,,,,,,,,,,,,,,,,,140.3,107,140.4,300,,,,,,,,,,,,,,,,
2026-07-04T16:00:02.318707+00:00,2026-07-04T16:00:02.318448,2,2,140.1,0.4,139.9,50,139.8,150,,,,,,,,,,,,,,,,,140.3,107,140.4,100,,,,,,,,,,,,,,,,
2026-07-04T16:00:02.323935+00:00,2026-07-04T16:00:02.323832,2,2,140.1,0.4,139.9,50,139.8,150,,,,,,,,,,,,,,,,,140.3,107,140.4,300,,,,,,,,,,,,,,,,
2026-07-04T16:00:02.369031+00:00,2026-07-04T16:00:02.330245,1,1,140.15,0.5,139.9,50,,,,,,,,,,,,,,,,,,,140.4,300,,,,,,,,,,,,,,,,,,
2026-07-04T16:00:02.396153+00:00,2026-07-04T16:00:02.395994,2,1,140.2,0.4,140.0,150,139.9,50,,,,,,,,,,,,,,,,,140.4,300,,,,,,,,,,,,,,,,,,
2026-07-04T16:00:02.452797+00:00,2026-07-04T16:00:02.452703,2,2,140.2,0.4,140.0,150,139.9,50,,,,,,,,,,,,,,,,,140.4,300,140.5,150,,,,,,,,,,,,,,,,
2026-07-04T16:00:02.530661+00:00,2026-07-04T16:00:02.530597,2,2,140.2,0.4,140.0,150,139.9,50,,,,,,,,,,,,,,,,,140.4,100,140.5,350,,,,,,,,,,,,,,,,
2026-07-04T16:00:02.738099+00:00,2026-07-04T16:00:02.737996,2,2,140.2,0.4,140.0,150,139.9,50,,,,,,,,,,,,,,,,,140.4,100,140.5,350,,,,,,,,,,,,,,,,
2026-07-04T16:00:02.945602+00:00,2026-07-04T16:00:02.945748,2,2,140.2,0.4,140.0,150,139.9,50,,,,,,,,,,,,,,,,,140.4,100,140.5,150,,,,,,,,,,,,,,,,
2026-07-04T16:00:02.950879+00:00,2026-07-04T16:00:02.951026,2,2,140.2,0.4,140.0,150,139.9,50,,,,,,,,,,,,,,,,,140.4,100,140.5,350,,,,,,,,,,,,,,,,
2026-07-04T16:00:03.151537+00:00,2026-07-04T16:00:03.151501,2,2,140.2,0.4,140.0,150,139.9,50,,,,,,,,,,,,,,,,,140.4,100,140.5,150,,,,,,,,,,,,,,,,
2026-07-04T16:00:03.158569+00:00,2026-07-04T16:00:03.156678,2,2,140.2,0.4,140.0,150,139.9,50,,,,,,,,,,,,,,,,,140.4,100,140.5,350,,,,,,,,,,,,,,,,
2026-07-04T16:00:03.374496+00:00,2026-07-04T16:00:03.374440,2,2,140.2,0.4,140.0,150,139.9,50,,,,,,,,,,,,,,,,,140.4,100,140.5,150,,,,,,,,,,,,,,,,
2026-07-04T16:00:03.379651+00:00,2026-07-04T16:00:03.379626,2,2,140.2,0.4,140.0,150,139.9,50,,,,,,,,,,,,,,,,,140.4,100,140.5,350,,,,,,,,,,,,,,,,
2026-07-04T16:00:03.586074+00:00,2026-07-04T16:00:03.586003,2,2,140.2,0.4,140.0,150,139.9,50,,,,,,,,,,,,,,,,,140.4,300,140.5,150,,,,,,,,,,,,,,,,
2026-07-04T16:00:03.751633+00:00,2026-07-04T16:00:03.751756,1,2,140.2,0.4,140.0,150,,,,,,,,,,,,,,,,,,,140.4,200,140.5,150,,,,,,,,,,,,,,,,
2026-07-04T16:00:03.793477+00:00,2026-07-04T16:00:03.793388,1,2,140.2,0.4,140.0,150,,,,,,,,,,,,,,,,,,,140.4,200,140.5,150,,,,,,,,,,,,,,,,
2026-07-04T16:00:03.806552+00:00,2026-07-04T16:00:03.806472,2,2,140.2,0.4,140.0,150,139.8,100,,,,,,,,,,,,,,,,,140.4,200,140.5,150,,,,,,,,,,,,,,,,
2026-07-04T16:00:03.859489+00:00,2026-07-04T16:00:03.859376,2,3,140.15,0.3,140.0,150,139.8,100,,,,,,,,,,,,,,,,,140.3,100,140.4,200,140.5,150,,,,,,,,,,,,,,
2026-07-04T16:00:03.998371+00:00,2026-07-04T16:00:03.998262,2,2,140.15,0.3,140.0,150,139.8,100,,,,,,,,,,,,,,,,,140.3,100,140.5,150,,,,,,,,,,,,,,,,
2026-07-04T16:00:04.003459+00:00,2026-07-04T16:00:04.003432,2,3,140.15,0.3,140.0,150,139.8,100,,,,,,,,,,,,,,,,,140.3,100,140.4,200,140.5,150,,,,,,,,,,,,,,
2026-07-04T16:00:04.206064+00:00,2026-07-04T16:00:04.205937,2,2,140.15,0.3,140.0,150,139.8,100,,,,,,,,,,,,,,,,,140.3,56,140.5,150,,,,,,,,,,,,,,,,
2026-07-04T16:00:04.211008+00:00,2026-07-04T16:00:04.211092,2,3,140.15,0.3,140.0,150,139.8,100,,,,,,,,,,,,,,,,,140.3,56,140.4,200,140.5,150,,,,,,,,,,,,,,
2026-07-04T16:00:04.416245+00:00,2026-07-04T16:00:04.416168,2,3,140.15,0.3,140.0,150,139.8,100,,,,,,,,,,,,,,,,,140.3,56,140.4,200,140.5,150,,,,,,,,,,,,,,
2026-07-04T16:00:04.632478+00:00,2026-07-04T16:00:04.618904,2,3,140.15,0.3,140.0,150,139.8,100,,,,,,,,,,,,,,,,,140.3,56,140.4,200,140.5,150,,,,,,,,,,,,,,
2026-07-04T16:00:04.829826+00:00,2026-07-04T16:00:04.829792,2,3,140.15,0.3,140.0,150,139.8,100,,,,,,,,,,,,,,,,,140.3,56,140.4,200,140.5,150,,,,,,,,,,,,,,
2026-07-04T16:00:05.036846+00:00,2026-07-04T16:00:05.036764,2,2,140.15,0.3,140.0,150,139.8,100,,,,,,,,,,,,,,,,,140.3,56,140.5,350,,,,,,,,,,,,,,,,
2026-07-04T16:00:05.245101+00:00,2026-07-04T16:00:05.245048,2,2,140.15,0.3,140.0,150,139.8,100,,,,,,,,,,,,,,,,,140.3,56,140.5,350,,,,,,,,,,,,,,,,
2026-07-04T16:00:05.458857+00:00,2026-07-04T16:00:05.458806,2,2,140.15,0.3,140.0,150,139.8,100,,,,,,,,,,,,,,,,,140.3,56,140.5,350,,,,,,,,,,,,,,,,
2026-07-04T16:00:05.503132+00:00,2026-07-04T16:00:05.503044,2,2,140.15,0.3,140.0,150,139.8,100,,,,,,,,,,,,,,,,,140.3,56,140.5,200,,,,,,,,,,,,,,,,
2026-07-04T16:00:05.508350+00:00,2026-07-04T16:00:05.508246,1,2,140.05,0.5,139.8,100,,,,,,,,,,,,,,,,,,,140.3,56,140.5,200,,,,,,,,,,,,,,,,
2026-07-04T16:00:05.559898+00:00,2026-07-04T16:00:05.559838,2,2,140.2,0.2,140.1,150,139.8,100,,,,,,,,,,,,,,,,,140.3,56,140.5,200,,,,,,,,,,,,,,,,
2026-07-04T16:00:05.613298+00:00,2026-07-04T16:00:05.613157,2,3,140.2,0.2,140.1,150,139.8,100,,,,,,,,,,,,,,,,,140.3,56,140.5,200,140.6,150,,,,,,,,,,,,,,
2026-07-04T16:00:05.650773+00:00,2026-07-04T16:00:05.650724,2,3,140.2,0.2,140.1,100,139.8,100,,,,,,,,,,,,,,,,,140.3,56,140.5,200,140.6,150,,,,,,,,,,,,,,
2026-07-04T16:00:05.658559+00:00,2026-07-04T16:00:05.655966,2,3,140.2,0.2,140.1,100,139.8,100,,,,,,,,,,,,,,,,,140.3,56,140.5,200,140.6,150,,,,,,,,,,,,,,
2026-07-04T16:00:05.865795+00:00,2026-07-04T16:00:05.865671,2,2,140.2,0.2,140.1,100,139.8,100,,,,,,,,,,,,,,,,,140.3,56,140.6,150,,,,,,,,,,,,,,,,
2026-07-04T16:00:05.886540+00:00,2026-07-04T16:00:05.886460,2,3,140.2,0.2,140.1,100,139.8,100,,,,,,,,,,,,,,,,,140.3,56,140.5,200,140.6,150,,,,,,,,,,,,,,
2026-07-04T16:00:06.094920+00:00,2026-07-04T16:00:06.094800,2,3,140.2,0.2,140.1,100,139.8,100,,,,,,,,,,,,,,,,,140.3,56,140.5,200,140.6,150,,,,,,,,,,,,,,
2026-07-04T16:00:06.300391+00:00,2026-07-04T16:00:06.300255,2,2,140.2,0.2,140.1,100,139.8,100,,,,,,,,,,,,,,,,,140.3,56,140.6,150,,,,,,,,,,,,,,,,
2026-07-04T16:00:06.305643+00:00,2026-07-04T16:00:06.305575,2,3,140.2,0.2,140.1,100,139.8,100,,,,,,,,,,,,,,,,,140.3,56,140.5,200,140.6,150,,,,,,,,,,,,,,
2026-07-04T16:00:06.509321+00:00,2026-07-04T16:00:06.509480,2,2,140.2,0.2,140.1,100,139.8,100,,,,,,,,,,,,,,,,,140.3,56,140.6,150,,,,,,,,,,,,,,,,
2026-07-04T16:00:06.514839+00:00,2026-07-04T16:00:06.514779,2,2,140.2,0.2,140.1,100,139.8,100,,,,,,,,,,,,,,,,,140.3,56,140.6,350,,,,,,,,,,,,,,,,
2026-07-04T16:00:06.720262+00:00,2026-07-04T16:00:06.720188,2,2,140.2,0.2,140.1,100,139.8,100,,,,,,,,,,,,,,,,,140.3,56,140.6,350,,,,,,,,,,,,,,,,
2026-07-04T16:00:06.914025+00:00,2026-07-04T16:00:06.913978,1,1,140.35,0.5,140.1,100,,,,,,,,,,,,,,,,,,,140.6,350,,,,,,,,,,,,,,,,,,
2026-07-04T16:00:06.927706+00:00,2026-07-04T16:00:06.927624,1,1,140.35,0.5,140.1,100,,,,,,,,,,,,,,,,,,,140.6,350,,,,,,,,,,,,,,,,,,
2026-07-04T16:00:06.969483+00:00,2026-07-04T16:00:06.969427,1,1,140.35,0.5,140.1,200,,,,,,,,,,,,,,,,,,,140.6,350,,,,,,,,,,,,,,,,,,
2026-07-04T16:00:07.031407+00:00,2026-07-04T16:00:07.031360,1,1,140.35,0.5,140.1,200,,,,,,,,,,,,,,,,,,,140.6,450,,,,,,,,,,,,,,,,,,
2026-07-04T16:00:07.130547+00:00,2026-07-04T16:00:07.130427,1,1,140.35,0.5,140.1,200,,,,,,,,,,,,,,,,,,,140.6,250,,,,,,,,,,,,,,,,,,
2026-07-04T16:00:07.135524+00:00,2026-07-04T16:00:07.135639,1,2,140.3,0.4,140.1,200,,,,,,,,,,,,,,,,,,,140.5,200,140.6,250,,,,,,,,,,,,,,,,
2026-07-04T16:00:07.334300+00:00,2026-07-04T16:00:07.334268,1,1,140.35,0.5,140.1,200,,,,,,,,,,,,,,,,,,,140.6,250,,,,,,,,,,,,,,,,,,
2026-07-04T16:00:07.339530+00:00,2026-07-04T16:00:07.339459,1,2,140.3,0.4,140.1,200,,,,,,,,,,,,,,,,,,,140.5,200,140.6,250,,,,,,,,,,,,,,,,
2026-07-04T16:00:07.547652+00:00,2026-07-04T16:00:07.537617,1,2,140.3,0.4,140.1,200,,,,,,,,,,,,,,,,,,,140.5,200,140.6,250,,,,,,,,,,,,,,,,
2026-07-04T16:00:07.746243+00:00,2026-07-04T16:00:07.746199,1,1,140.35,0.5,140.1,200,,,,,,,,,,,,,,,,,,,140.6,250,,,,,,,,,,,,,,,,,,
2026-07-04T16:00:07.748506+00:00,2026-07-04T16:00:07.758657,1,2,140.3,0.4,140.1,200,,,,,,,,,,,,,,,,,,,140.5,200,140.6,250,,,,,,,,,,,,,,,,
2026-07-04T16:00:07.958626+00:00,2026-07-04T16:00:07.957206,1,2,140.3,0.4,140.1,200,,,,,,,,,,,,,,,,,,,140.5,200,140.6,250,,,,,,,,,,,,,,,,
2026-07-04T16:00:08.165413+00:00,2026-07-04T16:00:08.157101,1,2,140.3,0.4,140.1,200,,,,,,,,,,,,,,,,,,,140.5,200,140.6,250,,,,,,,,,,,,,,,,
2026-07-04T16:00:08.370343+00:00,2026-07-04T16:00:08.370221,1,2,140.3,0.4,140.1,200,,,,,,,,,,,,,,,,,,,140.5,200,140.6,250,,,,,,,,,,,,,,,,
2026-07-04T16:00:08.576256+00:00,2026-07-04T16:00:08.576419,1,2,140.3,0.4,140.1,200,,,,,,,,,,,,,,,,,,,140.5,200,140.6,250,,,,,,,,,,,,,,,,
2026-07-04T16:00:08.672605+00:00,2026-07-04T16:00:08.672501,1,2,140.3,0.4,140.1,100,,,,,,,,,,,,,,,,,,,140.5,200,140.6,100,,,,,,,,,,,,,,,,
2026-07-04T16:00:08.725768+00:00,2026-07-04T16:00:08.725669,2,2,140.3,0.4,140.1,100,139.9,150,,,,,,,,,,,,,,,,,140.5,200,140.6,100,,,,,,,,,,,,,,,,
2026-07-04T16:00:08.778779+00:00,2026-07-04T16:00:08.778730,2,2,140.25,0.3,140.1,100,139.9,150,,,,,,,,,,,,,,,,,140.4,150,140.6,100,,,,,,,,,,,,,,,,
2026-07-04T16:00:08.783982+00:00,2026-07-04T16:00:08.783903,2,3,140.25,0.3,140.1,100,139.9,150,,,,,,,,,,,,,,,,,140.4,150,140.5,200,140.6,100,,,,,,,,,,,,,,
2026-07-04T16:00:08.986444+00:00,2026-07-04T16:00:08.986396,2,2,140.25,0.3,140.1,100,139.9,150,,,,,,,,,,,,,,,,,140.4,150,140.6,100,,,,,,,,,,,,,,,,
2026-07-04T16:00:08.991769+00:00,2026-07-04T16:00:08.991682,2,3,140.25,0.3,140.1,100,139.9,150,,,,,,,,,,,,,,,,,140.4,150,140.5,200,140.6,100,,,,,,,,,,,,,,
2026-07-04T16:00:09.192818+00:00,2026-07-04T16:00:09.192711,2,2,140.25,0.3,140.1,58,139.9,150,,,,,,,,,,,,,,,,,140.4,150,140.6,100,,,,,,,,,,,,,,,,
2026-07-04T16:00:09.198062+00:00,2026-07-04T16:00:09.197892,2,3,140.25,0.3,140.1,58,139.9,150,,,,,,,,,,,,,,,,,140.4,150,140.5,200,140.6,100,,,,,,,,,,,,,,
2026-07-04T16:00:09.402481+00:00,2026-07-04T16:00:09.402444,2,3,140.25,0.3,140.1,58,139.9,150,,,,,,,,,,,,,,,,,140.4,150,140.5,200,140.6,100,,,,,,,,,,,,,,
2026-07-04T16:00:09.608853+00:00,2026-07-04T16:00:09.608813,2,3,140.25,0.3,140.1,58,139.9,150,,,,,,,,,,,,,,,,,140.4,150,140.5,200,140.6,100,,,,,,,,,,,,,,
2026-07-04T16:00:09.815866+00:00,2026-07-04T16:00:09.815798,2,3,140.25,0.3,140.1,58,139.9,150,,,,,,,,,,,,,,,,,140.4,150,140.5,200,140.6,100,,,,,,,,,,,,,,
2026-07-04T16:00:10.064652+00:00,2026-07-04T16:00:10.064765,2,2,140.25,0.3,140.1,58,139.9,150,,,,,,,,,,,,,,,,,140.4,150,140.6,100,,,,,,,,,,,,,,,,
2026-07-04T16:00:10.075475+00:00,2026-07-04T16:00:10.075356,2,3,140.25,0.3,140.1,58,139.9,150,,,,,,,,,,,,,,,,,140.4,150,140.5,200,140.6,100,,,,,,,,,,,,,,
2026-07-04T16:00:10.080649+00:00,2026-07-04T16:00:10.080589,1,2,140.15,0.5,139.9,150,,,,,,,,,,,,,,,,,,,140.4,150,140.5,200,,,,,,,,,,,,,,,,
2026-07-04T16:00:10.137284+00:00,2026-07-04T16:00:10.137150,1,2,140.15,0.5,139.9,250,,,,,,,,,,,,,,,,,,,140.4,150,140.5,200,,,,,,,,,,,,,,,,
2026-07-04T16:00:10.191380+00:00,2026-07-04T16:00:10.191522,1,2,140.15,0.5,139.9,250,,,,,,,,,,,,,,,,,,,140.4,250,140.5,200,,,,,,,,,,,,,,,,
2026-07-04T16:00:10.283137+00:00,2026-07-04T16:00:10.283029,1,2,140.1,0.4,139.9,250,,,,,,,,,,,,,,,,,,,140.3,200,140.4,250,,,,,,,,,,,,,,,,
2026-07-04T16:00:10.490199+00:00,2026-07-04T16:00:10.490175,1,2,140.1,0.4,139.9,250,,,,,,,,,,,,,,,,,,,140.3,200,140.4,250,,,,,,,,,,,,,,,,
2026-07-04T16:00:10.697730+00:00,2026-07-04T16:00:10.697633,1,2,140.1,0.4,139.9,250,,,,,,,,,,,,,,,,,,,140.3,200,140.4,250,,,,,,,,,,,,,,,,
2026-07-04T16:00:10.904020+00:00,2026-07-04T16:00:10.903921,1,2,140.1,0.4,139.9,250,,,,,,,,,,,,,,,,,,,140.3,200,140.4,250,,,,,,,,,,,,,,,,
2026-07-04T16:00:11.109371+00:00,2026-07-04T16:00:11.109298,1,1,140.15,0.5,139.9,250,,,,,,,,,,,,,,,,,,,140.4,250,,,,,,,,,,,,,,,,,,
2026-07-04T16:00:11.114595+00:00,2026-07-04T16:00:11.114494,1,2,140.1,0.4,139.9,250,,,,,,,,,,,,,,,,,,,140.3,200,140.4,250,,,,,,,,,,,,,,,,
2026-07-04T16:00:11.318451+00:00,2026-07-04T16:00:11.318710,1,1,140.15,0.5,139.9,250,,,,,,,,,,,,,,,,,,,140.4,250,,,,,,,,,,,,,,,,,,
2026-07-04T16:00:11.324049+00:00,2026-07-04T16:00:11.323995,1,2,140.1,0.4,139.9,250,,,,,,,,,,,,,,,,,,,140.3,200,140.4,250,,,,,,,,,,,,,,,,
2026-07-04T16:00:11.533285+00:00,2026-07-04T16:00:11.533196,1,1,140.15,0.5,139.9,250,,,,,,,,,,,,,,,,,,,140.4,250,,,,,,,,,,,,,,,,,,
2026-07-04T16:00:11.538568+00:00,2026-07-04T16:00:11.538413,1,2,140.15,0.5,139.9,250,,,,,,,,,,,,,,,,,,,140.4,250,140.5,200,,,,,,,,,,,,,,,,
2026-07-04T16:00:11.738990+00:00,2026-07-04T16:00:11.739074,1,1,140.15,0.5,139.9,250,,,,,,,,,,,,,,,,,,,140.4,250,,,,,,,,,,,,,,,,,,
2026-07-04T16:00:11.744366+00:00,2026-07-04T16:00:11.744251,1,2,140.15,0.5,139.9,250,,,,,,,,,,,,,,,,,,,140.4,250,140.5,200,,,,,,,,,,,,,,,,
2026-07-04T16:00:11.864781+00:00,2026-07-04T16:00:11.863983,1,2,140.15,0.5,139.9,100,,,,,,,,,,,,,,,,,,,140.4,100,140.5,200,,,,,,,,,,,,,,,,
2026-07-04T16:00:11.878496+00:00,2026-07-04T16:00:11.958884,2,2,140.2,0.4,140.0,150,139.9,100,,,,,,,,,,,,,,,,,140.4,100,140.5,350,,,,,,,,,,,,,,,,
2026-07-04T16:00:11.979912+00:00,2026-07-04T16:00:11.979561,2,2,140.2,0.4,140.0,100,139.9,100,,,,,,,,,,,,,,,,,140.4,100,140.5,350,,,,,,,,,,,,,,,,
2026-07-04T16:00:12.069114+00:00,2026-07-04T16:00:12.069033,2,2,140.2,0.4,140.0,100,139.9,100,,,,,,,,,,,,,,,,,140.4,58,140.5,350,,,,,,,,,,,,,,,,
2026-07-04T16:00:12.149744+00:00,2026-07-04T16:00:12.149675,2,3,140.2,0.4,140.0,100,139.9,100,,,,,,,,,,,,,,,,,140.4,58,140.5,150,140.6,200,,,,,,,,,,,,,,
2026-07-04T16:00:12.356042+00:00,2026-07-04T16:00:12.356278,2,3,140.2,0.4,140.0,100,139.9,100,,,,,,,,,,,,,,,,,140.4,58,140.5,150,140.6,200,,,,,,,,,,,,,,
2026-07-04T16:00:12.571518+00:00,2026-07-04T16:00:12.561567,2,3,140.2,0.4,140.0,100,139.9,100,,,,,,,,,,,,,,,,,140.4,58,140.5,150,140.6,200,,,,,,,,,,,,,,
2026-07-04T16:00:12.774725+00:00,2026-07-04T16:00:12.774651,2,3,140.2,0.4,140.0,100,139.9,100,,,,,,,,,,,,,,,,,140.4,58,140.5,150,140.6,200,,,,,,,,,,,,,,
2026-07-04T16:00:12.979881+00:00,2026-07-04T16:00:12.979823,2,3,140.2,0.4,140.0,100,139.9,100,,,,,,,,,,,,,,,,,140.4,58,140.5,150,140.7,200,,,,,,,,,,,,,,
2026-07-04T16:00:13.188416+00:00,2026-07-04T16:00:13.188296,2,3,140.2,0.4,140.0,100,139.9,100,,,,,,,,,,,,,,,,,140.4,58,140.5,150,140.7,200,,,,,,,,,,,,,,
2026-07-04T16:00:13.245741+00:00,2026-07-04T16:00:13.245627,1,2,140.25,0.5,140.0,100,,,,,,,,,,,,,,,,,,,140.5,150,140.7,200,,,,,,,,,,,,,,,,
2026-07-04T16:00:13.301377+00:00,2026-07-04T16:00:13.301275,2,2,140.4,0.2,140.3,100,140.0,100,,,,,,,,,,,,,,,,,140.5,150,140.7,200,,,,,,,,,,,,,,,,
2026-07-04T16:00:13.354562+00:00,2026-07-04T16:00:13.354672,2,3,140.4,0.2,140.3,100,140.0,100,,,,,,,,,,,,,,,,,140.5,150,140.7,200,140.8,100,,,,,,,,,,,,,,
2026-07-04T16:00:13.396575+00:00,2026-07-04T16:00:13.396497,2,3,140.4,0.2,140.3,100,140.0,100,,,,,,,,,,,,,,,,,140.5,150,140.7,200,140.8,100,,,,,,,,,,,,,,
2026-07-04T16:00:13.603702+00:00,2026-07-04T16:00:13.603618,2,3,140.4,0.2,140.3,100,140.0,100,,,,,,,,,,,,,,,,,140.5,150,140.7,200,140.8,100,,,,,,,,,,,,,,
2026-07-04T16:00:13.810459+00:00,2026-07-04T16:00:13.810354,2,3,140.4,0.2,140.3,100,140.0,100,,,,,,,,,,,,,,,,,140.5,150,140.7,200,140.8,100,,,,,,,,,,,,,,
2026-07-04T16:00:14.017067+00:00,2026-07-04T16:00:14.017002,2,3,140.4,0.2,140.3,100,140.0,100,,,,,,,,,,,,,,,,,140.5,150,140.7,200,140.8,100,,,,,,,,,,,,,,
2026-07-04T16:00:14.224606+00:00,2026-07-04T16:00:14.224427,2,2,140.4,0.2,140.3,100,140.0,100,,,,,,,,,,,,,,,,,140.5,150,140.8,100,,,,,,,,,,,,,,,,
2026-07-04T16:00:14.229789+00:00,2026-07-04T16:00:14.229702,2,3,140.4,0.2,140.3,100,140.0,100,,,,,,,,,,,,,,,,,140.5,150,140.6,200,140.8,100,,,,,,,,,,,,,,
2026-07-04T16:00:14.434306+00:00,2026-07-04T16:00:14.434125,2,2,140.4,0.2,140.3,100,140.0,100,,,,,,,,,,,,,,,,,140.5,150,140.8,100,,,,,,,,,,,,,,,,
2026-07-04T16:00:14.439496+00:00,2026-07-04T16:00:14.439425,2,3,140.4,0.2,140.3,100,140.0,100,,,,,,,,,,,,,,,,,140.5,150,140.6,200,140.8,100,,,,,,,,,,,,,,
2026-07-04T16:00:14.643771+00:00,2026-07-04T16:00:14.643672,2,3,140.4,0.2,140.3,100,140.0,100,,,,,,,,,,,,,,,,,140.5,150,140.6,200,140.8,100,,,,,,,,,,,,,,
2026-07-04T16:00:14.850318+00:00,2026-07-04T16:00:14.850469,2,3,140.4,0.2,140.3,100,140.0,100,,,,,,,,,,,,,,,,,140.5,150,140.6,200,140.8,100,,,,,,,,,,,,,,
2026-07-04T16:00:14.994435+00:00,2026-07-04T16:00:14.994389,2,2,140.45,0.3,140.3,100,140.0,100,,,,,,,,,,,,,,,,,140.6,200,140.8,100,,,,,,,,,,,,,,,,
2026-07-04T16:00:14.999692+00:00,2026-07-04T16:00:14.999571,1,2,140.45,0.3,140.3,100,,,,,,,,,,,,,,,,,,,140.6,200,140.8,100,,,,,,,,,,,,,,,,
2026-07-04T16:00:15.050526+00:00,2026-07-04T16:00:15.050433,2,2,140.45,0.3,140.3,100,139.9,150,,,,,,,,,,,,,,,,,140.6,200,140.8,100,,,,,,,,,,,,,,,,
2026-07-04T16:00:15.055680+00:00,2026-07-04T16:00:15.055659,2,2,140.45,0.3,140.3,100,139.9,150,,,,,,,,,,,,,,,,,140.6,200,140.8,100,,,,,,,,,,,,,,,,
2026-07-04T16:00:15.106012+00:00,2026-07-04T16:00:15.105893,2,3,140.35,0.1,140.3,100,139.9,150,,,,,,,,,,,,,,,,,140.4,150,140.6,200,140.8,100,,,,,,,,,,,,,,
2026-07-04T16:00:15.181131+00:00,2026-07-04T16:00:15.181073,2,3,140.35,0.1,140.3,100,139.9,150,,,,,,,,,,,,,,,,,140.4,103,140.6,200,140.8,100,,,,,,,,,,,,,,
2026-07-04T16:00:15.256258+00:00,2026-07-04T16:00:15.256446,2,2,140.35,0.1,140.3,100,139.9,150,,,,,,,,,,,,,,,,,140.4,103,140.8,100,,,,,,,,,,,,,,,,
2026-07-04T16:00:15.269041+00:00,2026-07-04T16:00:15.268900,2,3,140.35,0.1,140.3,100,139.9,150,,,,,,,,,,,,,,,,,140.4,103,140.6,200,140.8,100,,,,,,,,,,,,,,
2026-07-04T16:00:15.490401+00:00,2026-07-04T16:00:15.490301,2,2,140.35,0.1,140.3,100,139.9,150,,,,,,,,,,,,,,,,,140.4,103,140.8,100,,,,,,,,,,,,,,,,
2026-07-04T16:00:15.505909+00:00,2026-07-04T16:00:15.506009,2,3,140.35,0.1,140.3,100,139.9,150,,,,,,,,,,,,,,,,,140.4,103,140.6,200,140.8,100,,,,,,,,,,,,,,
2026-07-04T16:00:15.710418+00:00,2026-07-04T16:00:15.710370,2,3,140.35,0.1,140.3,100,139.9,150,,,,,,,,,,,,,,,,,140.4,103,140.5,200,140.8,100,,,,,,,,,,,,,,
2026-07-04T16:00:15.917570+00:00,2026-07-04T16:00:15.917736,2,3,140.35,0.1,140.3,100,139.9,150,,,,,,,,,,,,,,,,,140.4,103,140.5,200,140.8,100,,,,,,,,,,,,,,
2026-07-04T16:00:16.124481+00:00,2026-07-04T16:00:16.124374,2,2,140.35,0.1,140.3,100,139.9,150,,,,,,,,,,,,,,,,,140.4,103,140.8,100,,,,,,,,,,,,,,,,
2026-07-04T16:00:16.129723+00:00,2026-07-04T16:00:16.129596,2,3,140.35,0.1,140.3,100,139.9,150,,,,,,,,,,,,,,,,,140.4,103,140.5,200,140.8,100,,,,,,,,,,,,,,
2026-07-04T16:00:16.192743+00:00,2026-07-04T16:00:16.192596,2,3,140.35,0.1,140.3,50,139.9,150,,,,,,,,,,,,,,,,,140.4,103,140.5,200,140.8,100,,,,,,,,,,,,,,
2026-07-04T16:00:16.334939+00:00,2026-07-04T16:00:16.334863,2,3,140.35,0.1,140.3,50,139.9,150,,,,,,,,,,,,,,,,,140.4,103,140.5,200,140.8,100,,,,,,,,,,,,,,
2026-07-04T16:00:16.408974+00:00,2026-07-04T16:00:16.408857,1,2,140.15,0.5,139.9,150,,,,,,,,,,,,,,,,,,,140.4,103,140.5,200,,,,,,,,,,,,,,,,
2026-07-04T16:00:16.468925+00:00,2026-07-04T16:00:16.468851,1,2,140.15,0.5,139.9,250,,,,,,,,,,,,,,,,,,,140.4,103,140.5,200,,,,,,,,,,,,,,,,
2026-07-04T16:00:16.519230+00:00,2026-07-04T16:00:16.519121,1,2,140.15,0.5,139.9,250,,,,,,,,,,,,,,,,,,,140.4,203,140.5,200,,,,,,,,,,,,,,,,
2026-07-04T16:00:16.540151+00:00,2026-07-04T16:00:16.540065,1,1,140.15,0.5,139.9,250,,,,,,,,,,,,,,,,,,,140.4,203,,,,,,,,,,,,,,,,,,
2026-07-04T16:00:16.545365+00:00,2026-07-04T16:00:16.545266,1,2,140.15,0.5,139.9,250,,,,,,,,,,,,,,,,,,,140.4,203,140.5,200,,,,,,,,,,,,,,,,
2026-07-04T16:00:16.748438+00:00,2026-07-04T16:00:16.748326,1,2,140.15,0.5,139.9,250,,,,,,,,,,,,,,,,,,,140.4,203,140.5,200,,,,,,,,,,,,,,,,
2026-07-04T16:00:16.958599+00:00,2026-07-04T16:00:16.950577,1,2,140.15,0.5,139.9,250,,,,,,,,,,,,,,,,,,,140.4,203,140.6,200,,,,,,,,,,,,,,,,
2026-07-04T16:00:17.158651+00:00,2026-07-04T16:00:17.157340,1,2,140.15,0.5,139.9,250,,,,,,,,,,,,,,,,,,,140.4,203,140.6,200,,,,,,,,,,,,,,,,
2026-07-04T16:00:17.369042+00:00,2026-07-04T16:00:17.368953,1,2,140.15,0.5,139.9,250,,,,,,,,,,,,,,,,,,,140.4,203,140.6,200,,,,,,,,,,,,,,,,
2026-07-04T16:00:17.574090+00:00,2026-07-04T16:00:17.571515,1,2,140.15,0.5,139.9,250,,,,,,,,,,,,,,,,,,,140.4,203,140.6,200,,,,,,,,,,,,,,,,
2026-07-04T16:00:17.780785+00:00,2026-07-04T16:00:17.780684,1,2,140.15,0.5,139.9,250,,,,,,,,,,,,,,,,,,,140.4,203,140.6,200,,,,,,,,,,,,,,,,
2026-07-04T16:00:17.986572+00:00,2026-07-04T16:00:17.986468,1,2,140.15,0.5,139.9,250,,,,,,,,,,,,,,,,,,,140.4,203,140.5,200,,,,,,,,,,,,,,,,
2026-07-04T16:00:18.158639+00:00,2026-07-04T16:00:18.155656,1,2,140.15,0.5,139.9,100,,,,,,,,,,,,,,,,,,,140.4,100,140.5,200,,,,,,,,,,,,,,,,
2026-07-04T16:00:18.193213+00:00,2026-07-04T16:00:18.193353,1,2,140.15,0.5,139.9,100,,,,,,,,,,,,,,,,,,,140.4,100,140.5,200,,,,,,,,,,,,,,,,
2026-07-04T16:00:18.217062+00:00,2026-07-04T16:00:18.217028,2,2,140.2,0.4,140.0,150,139.9,100,,,,,,,,,,,,,,,,,140.4,100,140.5,200,,,,,,,,,,,,,,,,
2026-07-04T16:00:18.268893+00:00,2026-07-04T16:00:18.269048,2,2,140.2,0.4,140.0,150,139.9,100,,,,,,,,,,,,,,,,,140.4,100,140.5,350,,,,,,,,,,,,,,,,
2026-07-04T16:00:18.298752+00:00,2026-07-04T16:00:18.298640,2,2,140.2,0.4,140.0,100,139.9,100,,,,,,,,,,,,,,,,,140.4,100,140.5,350,,,,,,,,,,,,,,,,
2026-07-04T16:00:18.395779+00:00,2026-07-04T16:00:18.395680,2,2,140.2,0.4,140.0,100,139.9,100,,,,,,,,,,,,,,,,,140.4,100,140.5,150,,,,,,,,,,,,,,,,
2026-07-04T16:00:18.401031+00:00,2026-07-04T16:00:18.400869,2,2,140.2,0.4,140.0,100,139.9,100,,,,,,,,,,,,,,,,,140.4,100,140.5,350,,,,,,,,,,,,,,,,
2026-07-04T16:00:18.603120+00:00,2026-07-04T16:00:18.603027,2,2,140.2,0.4,140.0,100,139.9,100,,,,,,,,,,,,,,,,,140.4,100,140.5,150,,,,,,,,,,,,,,,,
2026-07-04T16:00:18.608293+00:00,2026-07-04T16:00:18.608254,2,2,140.2,0.4,140.0,100,139.9,100,,,,,,,,,,,,,,,,,140.4,300,140.5,150,,,,,,,,,,,,,,,,
2026-07-04T16:00:18.811654+00:00,2026-07-04T16:00:18.811534,2,2,140.2,0.4,140.0,100,139.9,100,,,,,,,,,,,,,,,,,140.4,300,140.5,150,,,,,,,,,,,,,,,,
2026-07-04T16:00:19.019476+00:00,2026-07-04T16:00:19.019431,2,2,140.2,0.4,140.0,100,139.9,100,,,,,,,,,,,,,,,,,140.4,300,140.5,150,,,,,,,,,,,,,,,,
2026-07-04T16:00:19.226389+00:00,2026-07-04T16:00:19.226363,2,2,140.2,0.4,140.0,100,139.9,100,,,,,,,,,,,,,,,,,140.4,300,140.5,150,,,,,,,,,,,,,,,,
2026-07-04T16:00:19.351520+00:00,2026-07-04T16:00:19.351434,2,2,140.2,0.4,140.0,51,139.9,100,,,,,,,,,,,,,,,,,140.4,300,140.5,150,,,,,,,,,,,,,,,,
2026-07-04T16:00:19.432834+00:00,2026-07-04T16:00:19.432744,2,2,140.2,0.4,140.0,51,139.9,100,,,,,,,,,,,,,,,,,140.4,300,140.5,150,,,,,,,,,,,,,,,,
2026-07-04T16:00:19.574162+00:00,2026-07-04T16:00:19.574014,1,2,140.2,0.4,140.0,51,,,,,,,,,,,,,,,,,,,140.4,200,140.5,150,,,,,,,,,,,,,,,,
2026-07-04T16:00:19.628505+00:00,2026-07-04T16:00:19.628304,2,2,140.2,0.4,140.0,51,139.8,100,,,,,,,,,,,,,,,,,140.4,200,140.5,150,,,,,,,,,,,,,,,,
2026-07-04T16:00:19.645077+00:00,2026-07-04T16:00:19.633772,2,2,140.2,0.4,140.0,51,139.8,100,,,,,,,,,,,,,,,,,140.4,200,140.5,150,,,,,,,,,,,,,,,,
2026-07-04T16:00:19.681925+00:00,2026-07-04T16:00:19.681807,2,3,140.15,0.3,140.0,51,139.8,100,,,,,,,,,,,,,,,,,140.3,100,140.4,200,140.5,150,,,,,,,,,,,,,,
2026-07-04T16:00:19.846414+00:00,2026-07-04T16:00:19.846384,2,2,140.15,0.3,140.0,51,139.8,100,,,,,,,,,,,,,,,,,140.3,100,140.5,350,,,,,,,,,,,,,,,,
2026-07-04T16:00:20.052345+00:00,2026-07-04T16:00:20.052210,2,2,140.15,0.3,140.0,51,139.8,100,,,,,,,,,,,,,,,,,140.3,100,140.5,150,,,,,,,,,,,,,,,,
2026-07-04T16:00:20.058541+00:00,2026-07-04T16:00:20.057519,2,2,140.15,0.3,140.0,51,139.8,100,,,,,,,,,,,,,,,,,140.3,100,140.5,350,,,,,,,,,,,,,,,,
2026-07-04T16:00:20.258647+00:00,2026-07-04T16:00:20.254656,2,2,140.15,0.3,140.0,51,139.8,100,,,,,,,,,,,,,,,,,140.3,100,140.5,350,,,,,,,,,,,,,,,,
2026-07-04T16:00:20.469031+00:00,2026-07-04T16:00:20.468995,2,2,140.15,0.3,140.0,51,139.8,100,,,,,,,,,,,,,,,,,140.3,300,140.5,150,,,,,,,,,,,,,,,,
2026-07-04T16:00:20.677178+00:00,2026-07-04T16:00:20.671075,2,2,140.15,0.3,140.0,51,139.8,100,,,,,,,,,,,,,,,,,140.3,275,140.5,150,,,,,,,,,,,,,,,,
2026-07-04T16:00:20.883886+00:00,2026-07-04T16:00:20.884069,2,2,140.15,0.3,140.0,51,139.8,100,,,,,,,,,,,,,,,,,140.3,300,140.5,150,,,,,,,,,,,,,,,,
2026-07-04T16:00:21.090494+00:00,2026-07-04T16:00:21.090418,2,2,140.15,0.3,140.0,51,139.8,100,,,,,,,,,,,,,,,,,140.3,300,140.5,150,,,,,,,,,,,,,,,,
2026-07-04T16:00:21.298034+00:00,2026-07-04T16:00:21.297909,2,2,140.15,0.3,140.0,51,139.8,100,,,,,,,,,,,,,,,,,140.3,300,140.5,150,,,,,,,,,,,,,,,,
2026-07-04T16:00:21.320739+00:00,2026-07-04T16:00:21.320659,1,1,140.05,0.5,139.8,100,,,,,,,,,,,,,,,,,,,140.3,300,,,,,,,,,,,,,,,,,,
2026-07-04T16:00:21.370610+00:00,2026-07-04T16:00:21.370514,2,1,140.05,0.5,139.8,100,139.3,150,,,,,,,,,,,,,,,,,140.3,300,,,,,,,,,,,,,,,,,,
2026-07-04T16:00:21.425126+00:00,2026-07-04T16:00:21.425071,1,2,139.55,0.5,139.3,150,,,,,,,,,,,,,,,,,,,139.8,50,140.3,300,,,,,,,,,,,,,,,,
2026-07-04T16:00:21.504879+00:00,2026-07-04T16:00:21.504801,1,2,139.55,0.5,139.3,150,,,,,,,,,,,,,,,,,,,139.8,50,140.3,300,,,,,,,,,,,,,,,,
2026-07-04T16:00:21.707067+00:00,2026-07-04T16:00:21.706953,1,2,139.55,0.5,139.3,150,,,,,,,,,,,,,,,,,,,139.8,50,140.3,100,,,,,,,,,,,,,,,,
2026-07-04T16:00:21.712044+00:00,2026-07-04T16:00:21.712171,1,2,139.55,0.5,139.3,150,,,,,,,,,,,,,,,,,,,139.8,50,140.3,300,,,,,,,,,,,,,,,,
2026-07-04T16:00:21.916589+00:00,2026-07-04T16:00:21.916503,1,2,139.55,0.5,139.3,150,,,,,,,,,,,,,,,,,,,139.8,50,140.3,300,,,,,,,,,,,,,,,,
2026-07-04T16:00:22.164056+00:00,2026-07-04T16:00:22.164234,1,2,139.55,0.5,139.3,150,,,,,,,,,,,,,,,,,,,139.8,50,140.3,100,,,,,,,,,,,,,,,,
2026-07-04T16:00:22.169395+00:00,2026-07-04T16:00:22.169553,1,3,139.55,0.5,139.3,150,,,,,,,,,,,,,,,,,,,139.8,50,140.3,100,140.4,200,,,,,,,,,,,,,,
2026-07-04T16:00:22.364308+00:00,2026-07-04T16:00:22.364176,1,3,139.55,0.5,139.3,150,,,,,,,,,,,,,,,,,,,139.8,6,140.3,100,140.4,200,,,,,,,,,,,,,,
2026-07-04T16:00:22.369481+00:00,2026-07-04T16:00:22.369360,1,2,139.55,0.5,139.3,150,,,,,,,,,,,,,,,,,,,139.8,6,140.3,100,,,,,,,,,,,,,,,,
2026-07-04T16:00:22.374617+00:00,2026-07-04T16:00:22.374568,1,3,139.55,0.5,139.3,150,,,,,,,,,,,,,,,,,,,139.8,6,140.3,100,140.4,200,,,,,,,,,,,,,,
2026-07-04T16:00:22.509637+00:00,2026-07-04T16:00:22.509736,1,3,139.55,0.5,139.3,100,,,,,,,,,,,,,,,,,,,139.8,6,140.3,100,140.4,200,,,,,,,,,,,,,,
2026-07-04T16:00:22.577753+00:00,2026-07-04T16:00:22.574122,1,2,139.55,0.5,139.3,100,,,,,,,,,,,,,,,,,,,139.8,6,140.3,100,,,,,,,,,,,,,,,,
2026-07-04T16:00:22.588307+00:00,2026-07-04T16:00:22.588266,1,3,139.55,0.5,139.3,100,,,,,,,,,,,,,,,,,,,139.8,6,140.3,100,140.4,200,,,,,,,,,,,,,,
2026-07-04T16:00:22.735836+00:00,2026-07-04T16:00:22.735970,1,2,139.55,0.5,139.3,100,,,,,,,,,,,,,,,,,,,139.8,6,140.4,200,,,,,,,,,,,,,,,,
2026-07-04T16:00:22.802120+00:00,2026-07-04T16:00:22.801999,2,1,139.65,0.3,139.5,100,139.3,100,,,,,,,,,,,,,,,,,139.8,6,,,,,,,,,,,,,,,,,,
2026-07-04T16:00:22.807292+00:00,2026-07-04T16:00:22.807204,2,2,139.65,0.3,139.5,100,139.3,100,,,,,,,,,,,,,,,,,139.8,6,140.3,200,,,,,,,,,,,,,,,,
2026-07-04T16:00:22.844060+00:00,2026-07-04T16:00:22.843896,2,3,139.65,0.3,139.5,100,139.3,100,,,,,,,,,,,,,,,,,139.8,6,140.0,100,140.3,200,,,,,,,,,,,,,,
2026-07-04T16:00:22.996533+00:00,2026-07-04T16:00:22.996454,2,2,139.65,0.3,139.5,100,139.3,100,,,,,,,,,,,,,,,,,139.8,6,140.0,100,,,,,,,,,,,,,,,,
2026-07-04T16:00:23.001752+00:00,2026-07-04T16:00:23.001652,2,3,139.65,0.3,139.5,100,139.3,100,,,,,,,,,,,,,,,,,139.8,6,140.0,100,140.3,200,,,,,,,,,,,,,,
2026-07-04T16:00:23.205641+00:00,2026-07-04T16:00:23.205514,2,2,139.65,0.3,139.5,100,139.3,100,,,,,,,,,,,,,,,,,139.8,6,140.0,100,,,,,,,,,,,,,,,,
2026-07-04T16:00:23.210836+00:00,2026-07-04T16:00:23.210783,2,3,139.65,0.3,139.5,100,139.3,100,,,,,,,,,,,,,,,,,139.8,6,140.0,100,140.3,200,,,,,,,,,,,,,,
2026-07-04T16:00:23.411206+00:00,2026-07-04T16:00:23.411163,2,2,139.65,0.3,139.5,100,139.3,100,,,,,,,,,,,,,,,,,139.8,6,140.0,100,,,,,,,,,,,,,,,,
2026-07-04T16:00:23.416451+00:00,2026-07-04T16:00:23.416420,2,3,139.65,0.3,139.5,100,139.3,100,,,,,,,,,,,,,,,,,139.8,6,140.0,100,140.3,200,,,,,,,,,,,,,,
2026-07-04T16:00:23.620792+00:00,2026-07-04T16:00:23.620671,2,2,139.65,0.3,139.5,100,139.3,100,,,,,,,,,,,,,,,,,139.8,6,140.0,100,,,,,,,,,,,,,,,,
2026-07-04T16:00:23.626011+00:00,2026-07-04T16:00:23.625921,2,3,139.65,0.3,139.5,100,139.3,100,,,,,,,,,,,,,,,,,139.8,6,140.0,100,140.3,200,,,,,,,,,,,,,,
2026-07-04T16:00:23.831401+00:00,2026-07-04T16:00:23.831326,2,3,139.65,0.3,139.5,100,139.3,100,,,,,,,,,,,,,,,,,139.8,6,140.0,100,140.3,200,,,,,,,,,,,,,,
2026-07-04T16:00:24.038591+00:00,2026-07-04T16:00:24.038436,2,3,139.65,0.3,139.5,100,139.3,100,,,,,,,,,,,,,,,,,139.8,6,140.0,100,140.3,200,,,,,,,,,,,,,,
2026-07-04T16:00:24.245354+00:00,2026-07-04T16:00:24.245570,2,3,139.65,0.3,139.5,100,139.3,100,,,,,,,,,,,,,,,,,139.8,6,140.0,100,140.3,200,,,,,,,,,,,,,,
2026-07-04T16:00:24.458651+00:00,2026-07-04T16:00:24.448195,2,3,139.65,0.3,139.5,100,139.3,100,,,,,,,,,,,,,,,,,139.8,6,140.0,100,140.3,200,,,,,,,,,,,,,,
2026-07-04T16:00:24.481699+00:00,2026-07-04T16:00:24.481870,1,2,139.75,0.5,139.5,100,,,,,,,,,,,,,,,,,,,140.0,100,140.3,200,,,,,,,,,,,,,,,,
2026-07-04T16:00:24.533466+00:00,2026-07-04T16:00:24.533398,2,2,139.9,0.2,139.8,150,139.5,100,,,,,,,,,,,,,,,,,140.0,100,140.3,200,,,,,,,,,,,,,,,,
2026-07-04T16:00:24.585928+00:00,2026-07-04T16:00:24.585896,2,2,139.9,0.2,139.8,150,139.5,100,,,,,,,,,,,,,,,,,140.0,100,140.3,350,,,,,,,,,,,,,,,,
2026-07-04T16:00:24.635892+00:00,2026-07-04T16:00:24.635784,2,2,139.9,0.2,139.8,100,139.5,100,,,,,,,,,,,,,,,,,140.0,100,140.3,350,,,,,,,,,,,,,,,,
2026-07-04T16:00:24.658641+00:00,2026-07-04T16:00:24.655416,2,3,139.9,0.2,139.8,100,139.5,100,,,,,,,,,,,,,,,,,140.0,100,140.3,150,140.4,200,,,,,,,,,,,,,,
2026-07-04T16:00:24.867617+00:00,2026-07-04T16:00:24.867798,2,3,139.9,0.2,139.8,100,139.5,100,,,,,,,,,,,,,,,,,140.0,100,140.3,150,140.4,200,,,,,,,,,,,,,,
2026-07-04T16:00:24.873183+00:00,2026-07-04T16:00:24.873103,2,3,139.9,0.2,139.8,53,139.5,100,,,,,,,,,,,,,,,,,140.0,100,140.3,150,140.4,200,,,,,,,,,,,,,,
2026-07-04T16:00:25.075068+00:00,2026-07-04T16:00:25.075211,2,3,139.9,0.2,139.8,53,139.5,100,,,,,,,,,,,,,,,,,140.0,100,140.3,150,140.4,200,,,,,,,,,,,,,,
2026-07-04T16:00:25.278164+00:00,2026-07-04T16:00:25.278060,2,2,139.9,0.2,139.8,53,139.5,100,,,,,,,,,,,,,,,,,140.0,100,140.3,150,,,,,,,,,,,,,,,,
2026-07-04T16:00:25.283365+00:00,2026-07-04T16:00:25.283243,2,2,139.9,0.2,139.8,53,139.5,100,,,,,,,,,,,,,,,,,140.0,100,140.3,350,,,,,,,,,,,,,,,,
2026-07-04T16:00:25.484542+00:00,2026-07-04T16:00:25.484734,2,2,139.9,0.2,139.8,53,139.5,100,,,,,,,,,,,,,,,,,140.0,100,140.3,150,,,,,,,,,,,,,,,,
2026-07-04T16:00:25.490079+00:00,2026-07-04T16:00:25.490008,2,2,139.9,0.2,139.8,53,139.5,100,,,,,,,,,,,,,,,,,140.0,100,140.3,350,,,,,,,,,,,,,,,,
2026-07-04T16:00:25.697081+00:00,2026-07-04T16:00:25.696988,2,2,139.9,0.2,139.8,53,139.5,100,,,,,,,,,,,,,,,,,140.0,100,140.3,350,,,,,,,,,,,,,,,,
2026-07-04T16:00:25.900558+00:00,2026-07-04T16:00:25.900430,1,1,140.05,0.5,139.8,53,,,,,,,,,,,,,,,,,,,140.3,150,,,,,,,,,,,,,,,,,,
2026-07-04T16:00:25.905778+00:00,2026-07-04T16:00:25.905650,1,1,140.05,0.5,139.8,53,,,,,,,,,,,,,,,,,,,140.3,350,,,,,,,,,,,,,,,,,,
2026-07-04T16:00:25.958630+00:00,2026-07-04T16:00:25.952396,2,1,140.05,0.5,139.8,53,139.4,100,,,,,,,,,,,,,,,,,140.3,350,,,,,,,,,,,,,,,,,,
2026-07-04T16:00:26.019838+00:00,2026-07-04T16:00:26.019739,2,2,139.85,0.1,139.8,53,139.4,100,,,,,,,,,,,,,,,,,139.9,100,140.3,350,,,,,,,,,,,,,,,,
2026-07-04T16:00:26.111219+00:00,2026-07-04T16:00:26.111431,2,3,139.85,0.1,139.8,53,139.4,100,,,,,,,,,,,,,,,,,139.9,100,140.3,150,140.5,200,,,,,,,,,,,,,,
2026-07-04T16:00:26.317623+00:00,2026-07-04T16:00:26.317790,2,3,139.85,0.1,139.8,53,139.4,100,,,,,,,,,,,,,,,,,139.9,100,140.3,150,140.5,200,,,,,,,,,,,,,,
2026-07-04T16:00:26.428380+00:00,2026-07-04T16:00:26.428255,2,3,139.85,0.1,139.8,11,139.4,100,,,,,,,,,,,,,,,,,139.9,100,140.3,150,140.5,200,,,,,,,,,,,,,,
2026-07-04T16:00:26.522181+00:00,2026-07-04T16:00:26.522082,2,2,139.85,0.1,139.8,11,139.4,100,,,,,,,,,,,,,,,,,139.9,100,140.3,150,,,,,,,,,,,,,,,,
2026-07-04T16:00:26.532435+00:00,2026-07-04T16:00:26.532551,2,3,139.85,0.1,139.8,11,139.4,100,,,,,,,,,,,,,,,,,139.9,100,140.3,150,140.4,200,,,,,,,,,,,,,,
2026-07-04T16:00:26.690870+00:00,2026-07-04T16:00:26.690811,2,3,139.85,0.1,139.8,11,139.4,100,,,,,,,,,,,,,,,,,139.9,50,140.3,150,140.4,200,,,,,,,,,,,,,,
2026-07-04T16:00:26.735703+00:00,2026-07-04T16:00:26.735618,2,3,139.85,0.1,139.8,11,139.4,100,,,,,,,,,,,,,,,,,139.9,50,140.3,150,140.4,200,,,,,,,,,,,,,,
2026-07-04T16:00:26.937938+00:00,2026-07-04T16:00:26.937829,2,2,139.85,0.1,139.8,11,139.4,100,,,,,,,,,,,,,,,,,139.9,50,140.3,150,,,,,,,,,,,,,,,,
2026-07-04T16:00:26.943127+00:00,2026-07-04T16:00:26.943087,2,3,139.85,0.1,139.8,11,139.4,100,,,,,,,,,,,,,,,,,139.9,50,140.3,150,140.4,200,,,,,,,,,,,,,,
2026-07-04T16:00:27.145577+00:00,2026-07-04T16:00:27.145826,2,2,139.85,0.1,139.8,11,139.4,100,,,,,,,,,,,,,,,,,139.9,50,140.3,150,,,,,,,,,,,,,,,,
2026-07-04T16:00:27.158731+00:00,2026-07-04T16:00:27.151283,2,3,139.85,0.1,139.8,11,139.4,100,,,,,,,,,,,,,,,,,139.9,50,140.3,150,140.5,200,,,,,,,,,,,,,,
2026-07-04T16:00:27.358998+00:00,2026-07-04T16:00:27.359199,2,3,139.85,0.1,139.8,11,139.4,100,,,,,,,,,,,,,,,,,139.9,50,140.2,200,140.3,150,,,,,,,,,,,,,,
2026-07-04T16:00:27.566757+00:00,2026-07-04T16:00:27.566565,2,2,139.85,0.1,139.8,11,139.4,100,,,,,,,,,,,,,,,,,139.9,50,140.3,150,,,,,,,,,,,,,,,,
2026-07-04T16:00:27.598578+00:00,2026-07-04T16:00:27.598535,2,3,139.85,0.1,139.8,11,139.4,100,,,,,,,,,,,,,,,,,139.9,50,140.2,200,140.3,150,,,,,,,,,,,,,,
2026-07-04T16:00:27.639607+00:00,2026-07-04T16:00:27.639497,2,2,139.85,0.1,139.8,11,139.4,100,,,,,,,,,,,,,,,,,139.9,50,140.2,200,,,,,,,,,,,,,,,,
2026-07-04T16:00:27.644878+00:00,2026-07-04T16:00:27.644701,1,2,139.65,0.5,139.4,100,,,,,,,,,,,,,,,,,,,139.9,50,140.2,200,,,,,,,,,,,,,,,,
2026-07-04T16:00:27.696329+00:00,2026-07-04T16:00:27.696469,2,2,139.65,0.5,139.4,100,139.1,150,,,,,,,,,,,,,,,,,139.9,50,140.2,200,,,,,,,,,,,,,,,,
2026-07-04T16:00:27.744985+00:00,2026-07-04T16:00:27.744912,2,3,139.5,0.2,139.4,100,139.1,150,,,,,,,,,,,,,,,,,139.6,150,139.9,50,140.2,200,,,,,,,,,,,,,,
2026-07-04T16:00:27.801641+00:00,2026-07-04T16:00:27.801522,2,3,139.5,0.2,139.4,100,139.1,150,,,,,,,,,,,,,,,,,139.6,150,139.9,50,140.2,200,,,,,,,,,,,,,,
2026-07-04T16:00:27.878220+00:00,2026-07-04T16:00:27.878160,2,3,139.5,0.2,139.4,100,139.1,150,,,,,,,,,,,,,,,,,139.6,104,139.9,50,140.2,200,,,,,,,,,,,,,,
2026-07-04T16:00:28.008472+00:00,2026-07-04T16:00:28.008369,2,3,139.5,0.2,139.4,100,139.1,150,,,,,,,,,,,,,,,,,139.6,104,139.9,50,140.2,200,,,,,,,,,,,,,,
2026-07-04T16:00:28.224615+00:00,2026-07-04T16:00:28.224732,2,2,139.5,0.2,139.4,100,139.1,150,,,,,,,,,,,,,,,,,139.6,104,139.9,50,,,,,,,,,,,,,,,,
2026-07-04T16:00:28.229858+00:00,2026-07-04T16:00:28.230041,2,3,139.5,0.2,139.4,100,139.1,150,,,,,,,,,,,,,,,,,139.6,104,139.9,50,140.2,200,,,,,,,,,,,,,,
2026-07-04T16:00:28.433517+00:00,2026-07-04T16:00:28.433401,2,3,139.5,0.2,139.4,100,139.1,150,,,,,,,,,,,,,,,,,139.6,104,139.9,50,140.2,200,,,,,,,,,,,,,,
2026-07-04T16:00:28.649157+00:00,2026-07-04T16:00:28.642943,2,3,139.5,0.2,139.4,100,139.1,150,,,,,,,,,,,,,,,,,139.6,101,139.9,50,140.6,200,,,,,,,,,,,,,,
2026-07-04T16:00:28.798026+00:00,2026-07-04T16:00:28.797949,2,3,139.5,0.2,139.4,100,139.1,150,,,,,,,,,,,,,,,,,139.6,51,139.9,50,140.6,200,,,,,,,,,,,,,,
2026-07-04T16:00:28.852675+00:00,2026-07-04T16:00:28.852592,2,3,139.5,0.2,139.4,100,139.1,150,,,,,,,,,,,,,,,,,139.6,51,139.9,50,140.3,200,,,,,,,,,,,,,,
2026-07-04T16:00:29.059190+00:00,2026-07-04T16:00:29.059075,2,3,139.5,0.2,139.4,100,139.1,150,,,,,,,,,,,,,,,,,139.6,51,139.9,50,140.3,200,,,,,,,,,,,,,,
2026-07-04T16:00:29.072826+00:00,2026-07-04T16:00:29.072792,1,2,139.35,0.5,139.1,150,,,,,,,,,,,,,,,,,,,139.6,51,140.3,200,,,,,,,,,,,,,,,,
2026-07-04T16:00:29.127512+00:00,2026-07-04T16:00:29.127679,2,2,139.55,0.1,139.5,100,139.1,150,,,,,,,,,,,,,,,,,139.6,51,140.3,200,,,,,,,,,,,,,,,,
2026-07-04T16:00:29.179670+00:00,2026-07-04T16:00:29.179622,2,3,139.55,0.1,139.5,100,139.1,150,,,,,,,,,,,,,,,,,139.6,51,140.0,100,140.3,200,,,,,,,,,,,,,,
2026-07-04T16:00:29.258612+00:00,2026-07-04T16:00:29.257705,2,2,139.55,0.1,139.5,100,139.1,150,,,,,,,,,,,,,,,,,139.6,51,140.0,100,,,,,,,,,,,,,,,,
2026-07-04T16:00:29.269279+00:00,2026-07-04T16:00:29.269152,2,3,139.55,0.1,139.5,100,139.1,150,,,,,,,,,,,,,,,,,139.6,51,140.0,100,140.3,200,,,,,,,,,,,,,,
2026-07-04T16:00:29.343217+00:00,2026-07-04T16:00:29.343077,2,3,139.55,0.1,139.5,100,139.1,150,,,,,,,,,,,,,,,,,139.6,10,140.0,100,140.3,200,,,,,,,,,,,,,,
2026-07-04T16:00:29.470204+00:00,2026-07-04T16:00:29.470412,2,2,139.55,0.1,139.5,100,139.1,150,,,,,,,,,,,,,,,,,139.6,10,140.0,100,,,,,,,,,,,,,,,,
2026-07-04T16:00:29.475719+00:00,2026-07-04T16:00:29.475639,2,3,139.55,0.1,139.5,100,139.1,150,,,,,,,,,,,,,,,,,139.6,10,140.0,100,140.3,200,,,,,,,,,,,,,,
2026-07-04T16:00:29.676839+00:00,2026-07-04T16:00:29.676746,2,2,139.55,0.1,139.5,100,139.1,150,,,,,,,,,,,,,,,,,139.6,10,140.0,100,,,,,,,,,,,,,,,,
2026-07-04T16:00:29.682060+00:00,2026-07-04T16:00:29.681958,2,3,139.55,0.1,139.5,100,139.1,150,,,,,,,,,,,,,,,,,139.6,10,140.0,100,140.3,200,,,,,,,,,,,,,,
2026-07-04T16:00:29.885556+00:00,2026-07-04T16:00:29.885450,2,2,139.55,0.1,139.5,100,139.1,150,,,,,,,,,,,,,,,,,139.6,10,140.0,100,,,,,,,,,,,,,,,,
2026-07-04T16:00:29.890772+00:00,2026-07-04T16:00:29.890692,2,3,139.55,0.1,139.5,100,139.1,150,,,,,,,,,,,,,,,,,139.6,10,140.0,100,140.3,200,,,,,,,,,,,,,,
2026-07-04T16:00:29.969166+00:00,2026-07-04T16:00:29.962741,2,2,139.75,0.5,139.5,100,139.1,150,,,,,,,,,,,,,,,,,140.0,100,140.3,200,,,,,,,,,,,,,,,,
2026-07-04T16:00:30.095531+00:00,2026-07-04T16:00:30.095498,2,2,139.75,0.5,139.5,100,139.1,150,,,,,,,,,,,,,,,,,140.0,100,140.4,200,,,,,,,,,,,,,,,,
2026-07-04T16:00:30.302109+00:00,2026-07-04T16:00:30.302301,2,2,139.75,0.5,139.5,100,139.1,150,,,,,,,,,,,,,,,,,140.0,100,140.4,200,,,,,,,,,,,,,,,,
2026-07-04T16:00:30.509051+00:00,2026-07-04T16:00:30.508976,2,2,139.75,0.5,139.5,100,139.1,150,,,,,,,,,,,,,,,,,140.0,100,140.4,200,,,,,,,,,,,,,,,,
2026-07-04T16:00:30.715472+00:00,2026-07-04T16:00:30.715378,2,2,139.75,0.5,139.5,100,139.1,150,,,,,,,,,,,,,,,,,140.0,100,140.4,200,,,,,,,,,,,,,,,,
2026-07-04T16:00:30.799614+00:00,2026-07-04T16:00:30.799531,1,2,139.75,0.5,139.5,100,,,,,,,,,,,,,,,,,,,140.0,100,140.4,200,,,,,,,,,,,,,,,,
2026-07-04T16:00:30.863868+00:00,2026-07-04T16:00:30.858840,2,2,139.95,0.1,139.9,140,139.5,100,,,,,,,,,,,,,,,,,140.0,100,140.4,200,,,,,,,,,,,,,,,,
2026-07-04T16:00:30.906404+00:00,2026-07-04T16:00:30.906346,2,2,139.95,0.1,139.9,140,139.5,100,,,,,,,,,,,,,,,,,140.0,50,140.4,350,,,,,,,,,,,,,,,,
2026-07-04T16:00:30.922021+00:00,2026-07-04T16:00:30.921931,2,2,139.95,0.1,139.9,140,139.5,100,,,,,,,,,,,,,,,,,140.0,50,140.4,340,,,,,,,,,,,,,,,,
2026-07-04T16:00:30.994097+00:00,2026-07-04T16:00:30.993959,2,2,139.95,0.1,139.9,97,139.5,100,,,,,,,,,,,,,,,,,140.0,50,140.4,340,,,,,,,,,,,,,,,,
2026-07-04T16:00:31.127591+00:00,2026-07-04T16:00:31.127787,2,2,139.95,0.1,139.9,97,139.5,100,,,,,,,,,,,,,,,,,140.0,50,140.4,340,,,,,,,,,,,,,,,,
2026-07-04T16:00:31.334227+00:00,2026-07-04T16:00:31.334365,2,2,139.95,0.1,139.9,97,139.5,100,,,,,,,,,,,,,,,,,140.0,50,140.4,340,,,,,,,,,,,,,,,,
2026-07-04T16:00:31.540378+00:00,2026-07-04T16:00:31.540531,2,2,139.95,0.1,139.9,97,139.5,100,,,,,,,,,,,,,,,,,140.0,50,140.4,350,,,,,,,,,,,,,,,,
2026-07-04T16:00:31.745325+00:00,2026-07-04T16:00:31.745196,2,2,139.95,0.1,139.9,97,139.5,100,,,,,,,,,,,,,,,,,140.0,50,140.4,150,,,,,,,,,,,,,,,,
2026-07-04T16:00:31.750474+00:00,2026-07-04T16:00:31.750420,2,2,139.95,0.1,139.9,97,139.5,100,,,,,,,,,,,,,,,,,140.0,50,140.4,350,,,,,,,,,,,,,,,,
2026-07-04T16:00:31.950347+00:00,2026-07-04T16:00:31.950233,2,2,139.95,0.1,139.9,97,139.5,100,,,,,,,,,,,,,,,,,140.0,50,140.4,150,,,,,,,,,,,,,,,,
2026-07-04T16:00:31.958577+00:00,2026-07-04T16:00:31.955453,2,2,139.95,0.1,139.9,97,139.5,100,,,,,,,,,,,,,,,,,140.0,50,140.4,350,,,,,,,,,,,,,,,,
2026-07-04T16:00:32.159192+00:00,2026-07-04T16:00:32.159106,2,2,139.95,0.1,139.9,97,139.5,100,,,,,,,,,,,,,,,,,140.0,50,140.4,350,,,,,,,,,,,,,,,,
2026-07-04T16:00:32.236533+00:00,2026-07-04T16:00:32.236431,1,1,140.15,0.5,139.9,97,,,,,,,,,,,,,,,,,,,140.4,350,,,,,,,,,,,,,,,,,,
2026-07-04T16:00:32.290763+00:00,2026-07-04T16:00:32.290687,2,1,140.15,0.5,139.9,97,139.8,100,,,,,,,,,,,,,,,,,140.4,350,,,,,,,,,,,,,,,,,,
2026-07-04T16:00:32.341671+00:00,2026-07-04T16:00:32.341594,2,2,140.1,0.4,139.9,97,139.8,100,,,,,,,,,,,,,,,,,140.3,100,140.4,350,,,,,,,,,,,,,,,,
2026-07-04T16:00:32.366538+00:00,2026-07-04T16:00:32.366469,2,2,140.1,0.4,139.9,97,139.8,100,,,,,,,,,,,,,,,,,140.3,100,140.4,350,,,,,,,,,,,,,,,,
2026-07-04T16:00:32.571683+00:00,2026-07-04T16:00:32.571567,2,2,140.1,0.4,139.9,97,139.8,100,,,,,,,,,,,,,,,,,140.3,100,140.4,150,,,,,,,,,,,,,,,,
2026-07-04T16:00:32.582247+00:00,2026-07-04T16:00:32.582113,2,2,140.1,0.4,139.9,97,139.8,100,,,,,,,,,,,,,,,,,140.3,100,140.4,350,,,,,,,,,,,,,,,,
2026-07-04T16:00:32.601971+00:00,2026-07-04T16:00:32.596606,2,2,140.1,0.4,139.9,94,139.8,100,,,,,,,,,,,,,,,,,140.3,100,140.4,350,,,,,,,,,,,,,,,,
2026-07-04T16:00:32.787740+00:00,2026-07-04T16:00:32.787651,2,2,140.1,0.4,139.9,94,139.8,100,,,,,,,,,,,,,,,,,140.3,300,140.4,150,,,,,,,,,,,,,,,,
2026-07-04T16:00:32.994450+00:00,2026-07-04T16:00:32.994416,2,2,140.1,0.4,139.9,94,139.8,100,,,,,,,,,,,,,,,,,140.3,300,140.4,150,,,,,,,,,,,,,,,,
2026-07-04T16:00:33.058553+00:00,2026-07-04T16:00:33.056277,2,2,140.1,0.4,139.9,44,139.8,100,,,,,,,,,,,,,,,,,140.3,300,140.4,150,,,,,,,,,,,,,,,,
2026-07-04T16:00:33.201815+00:00,2026-07-04T16:00:33.201735,2,2,140.1,0.4,139.9,44,139.8,100,,,,,,,,,,,,,,,,,140.3,300,140.4,150,,,,,,,,,,,,,,,,
2026-07-04T16:00:33.407613+00:00,2026-07-04T16:00:33.407776,2,2,140.1,0.4,139.9,44,139.8,100,,,,,,,,,,,,,,,,,140.3,300,140.4,150,,,,,,,,,,,,,,,,
2026-07-04T16:00:33.576890+00:00,2026-07-04T16:00:33.576840,2,2,140.1,0.4,139.9,44,139.8,100,,,,,,,,,,,,,,,,,140.3,259,140.4,150,,,,,,,,,,,,,,,,
2026-07-04T16:00:33.612864+00:00,2026-07-04T16:00:33.613020,2,2,140.1,0.4,139.9,44,139.8,100,,,,,,,,,,,,,,,,,140.3,259,140.4,150,,,,,,,,,,,,,,,,
2026-07-04T16:00:33.652371+00:00,2026-07-04T16:00:33.652338,1,2,140.05,0.5,139.8,97,,,,,,,,,,,,,,,,,,,140.3,259,140.4,150,,,,,,,,,,,,,,,,
2026-07-04T16:00:33.818811+00:00,2026-07-04T16:00:33.818674,1,2,140.05,0.5,139.8,97,,,,,,,,,,,,,,,,,,,140.3,59,140.4,150,,,,,,,,,,,,,,,,
2026-07-04T16:00:33.823940+00:00,2026-07-04T16:00:33.823883,1,2,140.05,0.5,139.8,97,,,,,,,,,,,,,,,,,,,140.3,259,140.4,150,,,,,,,,,,,,,,,,
2026-07-04T16:00:33.968754+00:00,2026-07-04T16:00:33.968866,1,1,140.05,0.5,139.8,97,,,,,,,,,,,,,,,,,,,140.3,259,,,,,,,,,,,,,,,,,,
2026-07-04T16:00:34.016504+00:00,2026-07-04T16:00:34.016431,2,1,140.05,0.5,139.8,97,139.3,150,,,,,,,,,,,,,,,,,140.3,259,,,,,,,,,,,,,,,,,,
2026-07-04T16:00:34.028769+00:00,2026-07-04T16:00:34.028684,2,2,140.05,0.5,139.8,97,139.3,150,,,,,,,,,,,,,,,,,140.3,59,140.4,200,,,,,,,,,,,,,,,,
2026-07-04T16:00:34.070433+00:00,2026-07-04T16:00:34.070359,1,3,139.55,0.5,139.3,150,,,,,,,,,,,,,,,,,,,139.8,53,140.3,59,140.4,200,,,,,,,,,,,,,,
2026-07-04T16:00:34.258560+00:00,2026-07-04T16:00:34.254756,1,3,139.55,0.5,139.3,150,,,,,,,,,,,,,,,,,,,139.8,53,140.3,59,140.4,200,,,,,,,,,,,,,,
2026-07-04T16:00:34.465659+00:00,2026-07-04T16:00:34.465527,1,3,139.55,0.5,139.3,150,,,,,,,,,,,,,,,,,,,139.8,53,140.3,59,140.4,200,,,,,,,,,,,,,,
2026-07-04T16:00:34.669083+00:00,2026-07-04T16:00:34.669041,1,2,139.55,0.5,139.3,150,,,,,,,,,,,,,,,,,,,139.8,53,140.3,59,,,,,,,,,,,,,,,,
2026-07-04T16:00:34.674294+00:00,2026-07-04T16:00:34.674256,1,3,139.55,0.5,139.3,150,,,,,,,,,,,,,,,,,,,139.8,53,140.3,59,140.4,200,,,,,,,,,,,,,,
2026-07-04T16:00:34.886328+00:00,2026-07-04T16:00:34.886504,1,2,139.55,0.5,139.3,150,,,,,,,,,,,,,,,,,,,139.8,53,140.3,59,,,,,,,,,,,,,,,,
2026-07-04T16:00:34.891589+00:00,2026-07-04T16:00:34.891706,1,3,139.55,0.5,139.3,150,,,,,,,,,,,,,,,,,,,139.8,53,140.3,59,140.4,200,,,,,,,,,,,,,,
2026-07-04T16:00:35.094701+00:00,2026-07-04T16:00:35.094583,1,3,139.55,0.5,139.3,150,,,,,,,,,,,,,,,,,,,139.8,53,140.3,59,140.4,200,,,,,,,,,,,,,,
2026-07-04T16:00:35.124597+00:00,2026-07-04T16:00:35.124557,1,3,139.55,0.5,139.3,150,,,,,,,,,,,,,,,,,,,139.8,3,140.3,59,140.4,200,,,,,,,,,,,,,,
2026-07-04T16:00:35.215466+00:00,2026-07-04T16:00:35.209962,1,2,139.8,1.0,139.3,150,,,,,,,,,,,,,,,,,,,140.3,59,140.4,200,,,,,,,,,,,,,,,,
2026-07-04T16:00:35.302231+00:00,2026-07-04T16:00:35.302180,1,2,139.8,1.0,139.3,150,,,,,,,,,,,,,,,,,,,140.3,59,140.4,200,,,,,,,,,,,,,,,,
2026-07-04T16:00:35.398620+00:00,2026-07-04T16:00:35.398475,1,1,139.85,1.1,139.3,150,,,,,,,,,,,,,,,,,,,140.4,200,,,,,,,,,,,,,,,,,,
2026-07-04T16:00:35.458669+00:00,2026-07-04T16:00:35.446041,2,1,140.0,0.8,139.6,100,139.3,150,,,,,,,,,,,,,,,,,140.4,200,,,,,,,,,,,,,,,,,,
2026-07-04T16:00:35.500728+00:00,2026-07-04T16:00:35.500687,2,2,139.85,0.5,139.6,100,139.3,150,,,,,,,,,,,,,,,,,140.1,100,140.4,200,,,,,,,,,,,,,,,,
2026-07-04T16:00:35.505767+00:00,2026-07-04T16:00:35.505939,2,1,139.85,0.5,139.6,100,139.3,150,,,,,,,,,,,,,,,,,140.1,100,,,,,,,,,,,,,,,,,,
2026-07-04T16:00:35.511312+00:00,2026-07-04T16:00:35.511125,2,2,139.85,0.5,139.6,100,139.3,150,,,,,,,,,,,,,,,,,140.1,100,140.4,200,,,,,,,,,,,,,,,,
2026-07-04T16:00:35.714041+00:00,2026-07-04T16:00:35.713942,2,2,139.85,0.5,139.6,100,139.3,150,,,,,,,,,,,,,,,,,140.1,100,140.4,200,,,,,,,,,,,,,,,,
2026-07-04T16:00:35.921319+00:00,2026-07-04T16:00:35.921194,2,2,139.85,0.5,139.6,100,139.3,150,,,,,,,,,,,,,,,,,140.1,100,140.4,200,,,,,,,,,,,,,,,,
2026-07-04T16:00:36.128713+00:00,2026-07-04T16:00:36.128610,2,1,139.85,0.5,139.6,100,139.3,150,,,,,,,,,,,,,,,,,140.1,100,,,,,,,,,,,,,,,,,,
2026-07-04T16:00:36.133999+00:00,2026-07-04T16:00:36.133886,2,2,139.85,0.5,139.6,100,139.3,150,,,,,,,,,,,,,,,,,140.1,100,140.4,200,,,,,,,,,,,,,,,,
2026-07-04T16:00:36.337923+00:00,2026-07-04T16:00:36.337819,2,2,139.85,0.5,139.6,100,139.3,150,,,,,,,,,,,,,,,,,140.1,100,140.5,200,,,,,,,,,,,,,,,,
2026-07-04T16:00:36.545460+00:00,2026-07-04T16:00:36.545402,2,2,139.85,0.5,139.6,100,139.3,150,,,,,,,,,,,,,,,,,140.1,100,140.5,200,,,,,,,,,,,,,,,,
2026-07-04T16:00:36.748136+00:00,2026-07-04T16:00:36.748004,2,1,139.85,0.5,139.6,100,139.3,150,,,,,,,,,,,,,,,,,140.1,100,,,,,,,,,,,,,,,,,,
2026-07-04T16:00:36.753107+00:00,2026-07-04T16:00:36.753257,2,2,139.85,0.5,139.6,100,139.3,150,,,,,,,,,,,,,,,,,140.1,100,140.5,200,,,,,,,,,,,,,,,,
2026-07-04T16:00:36.957205+00:00,2026-07-04T16:00:36.957090,2,2,139.85,0.5,139.6,100,139.3,150,,,,,,,,,,,,,,,,,140.1,100,140.5,200,,,,,,,,,,,,,,,,
2026-07-04T16:00:37.125960+00:00,2026-07-04T16:00:37.125837,1,2,139.85,0.5,139.6,100,,,,,,,,,,,,,,,,,,,140.1,100,140.5,200,,,,,,,,,,,,,,,,
2026-07-04T16:00:37.163816+00:00,2026-07-04T16:00:37.163785,1,2,139.85,0.5,139.6,100,,,,,,,,,,,,,,,,,,,140.1,100,140.5,200,,,,,,,,,,,,,,,,
2026-07-04T16:00:37.180476+00:00,2026-07-04T16:00:37.180387,2,2,140.0,0.2,139.9,150,139.6,100,,,,,,,,,,,,,,,,,140.1,100,140.5,200,,,,,,,,,,,,,,,,
2026-07-04T16:00:37.232887+00:00,2026-07-04T16:00:37.233072,2,3,140.0,0.2,139.9,150,139.6,100,,,,,,,,,,,,,,,,,140.1,100,140.4,150,140.5,200,,,,,,,,,,,,,,
2026-07-04T16:00:37.295696+00:00,2026-07-04T16:00:37.295569,2,3,140.0,0.2,139.9,100,139.6,100,,,,,,,,,,,,,,,,,140.1,100,140.4,150,140.5,200,,,,,,,,,,,,,,
2026-07-04T16:00:37.369111+00:00,2026-07-04T16:00:37.369000,2,2,140.0,0.2,139.9,100,139.6,100,,,,,,,,,,,,,,,,,140.1,100,140.4,150,,,,,,,,,,,,,,,,
2026-07-04T16:00:37.374304+00:00,2026-07-04T16:00:37.374223,2,3,140.0,0.2,139.9,100,139.6,100,,,,,,,,,,,,,,,,,140.1,100,140.4,150,140.5,200,,,,,,,,,,,,,,
2026-07-04T16:00:37.446070+00:00,2026-07-04T16:00:37.440440,2,3,140.0,0.2,139.9,97,139.6,100,,,,,,,,,,,,,,,,,140.1,100,140.4,150,140.5,200,,,,,,,,,,,,,,
2026-07-04T16:00:37.578023+00:00,2026-07-04T16:00:37.578180,2,3,140.0,0.2,139.9,97,139.6,100,,,,,,,,,,,,,,,,,140.1,100,140.3,197,140.4,150,,,,,,,,,,,,,,
2026-07-04T16:00:37.783444+00:00,2026-07-04T16:00:37.783388,2,3,140.0,0.2,139.9,97,139.6,100,,,,,,,,,,,,,,,,,140.1,100,140.3,197,140.4,150,,,,,,,,,,,,,,
2026-07-04T16:00:37.991587+00:00,2026-07-04T16:00:37.991399,2,3,140.0,0.2,139.9,97,139.6,100,,,,,,,,,,,,,,,,,140.1,100,140.3,200,140.4,150,,,,,,,,,,,,,,
2026-07-04T16:00:38.197975+00:00,2026-07-04T16:00:38.197864,2,3,140.0,0.2,139.9,97,139.6,100,,,,,,,,,,,,,,,,,140.1,100,140.3,200,140.4,150,,,,,,,,,,,,,,
2026-07-04T16:00:38.404010+00:00,2026-07-04T16:00:38.403913,2,3,140.0,0.2,139.9,97,139.6,100,,,,,,,,,,,,,,,,,140.1,100,140.3,200,140.4,150,,,,,,,,,,,,,,
2026-07-04T16:00:38.551802+00:00,2026-07-04T16:00:38.551942,2,2,140.1,0.4,139.9,97,139.6,100,,,,,,,,,,,,,,,,,140.3,200,140.4,150,,,,,,,,,,,,,,,,
2026-07-04T16:00:38.557063+00:00,2026-07-04T16:00:38.557187,1,2,140.1,0.4,139.9,97,,,,,,,,,,,,,,,,,,,140.3,200,140.4,150,,,,,,,,,,,,,,,,
2026-07-04T16:00:38.607204+00:00,2026-07-04T16:00:38.607172,2,1,140.15,0.5,139.9,97,139.5,100,,,,,,,,,,,,,,,,,140.4,150,,,,,,,,,,,,,,,,,,
2026-07-04T16:00:38.612252+00:00,2026-07-04T16:00:38.612364,2,2,140.1,0.4,139.9,97,139.5,100,,,,,,,,,,,,,,,,,140.3,200,140.4,150,,,,,,,,,,,,,,,,
2026-07-04T16:00:38.660126+00:00,2026-07-04T16:00:38.659947,2,3,139.95,0.1,139.9,97,139.5,100,,,,,,,,,,,,,,,,,140.0,100,140.3,200,140.4,150,,,,,,,,,,,,,,
2026-07-04T16:00:38.816649+00:00,2026-07-04T16:00:38.816599,2,3,139.95,0.1,139.9,97,139.5,100,,,,,,,,,,,,,,,,,140.0,100,140.3,200,140.4,150,,,,,,,,,,,,,,
2026-07-04T16:00:39.024578+00:00,2026-07-04T16:00:39.024522,2,3,139.95,0.1,139.9,97,139.5,100,,,,,,,,,,,,,,,,,140.0,100,140.3,200,140.4,150,,,,,,,,,,,,,,
2026-07-04T16:00:39.231185+00:00,2026-07-04T16:00:39.231130,2,3,139.95,0.1,139.9,97,139.5,100,,,,,,,,,,,,,,,,,140.0,100,140.3,200,140.4,150,,,,,,,,,,,,,,
2026-07-04T16:00:39.404014+00:00,2026-07-04T16:00:39.403832,2,3,139.95,0.1,139.9,47,139.5,100,,,,,,,,,,,,,,,,,140.0,100,140.3,200,140.4,150,,,,,,,,,,,,,,
2026-07-04T16:00:39.437357+00:00,2026-07-04T16:00:39.437317,2,3,139.95,0.1,139.9,47,139.5,100,,,,,,,,,,,,,,,,,140.0,100,140.3,200,140.4,150,,,,,,,,,,,,,,
2026-07-04T16:00:39.639018+00:00,2026-07-04T16:00:39.638905,2,2,139.95,0.1,139.9,47,139.5,100,,,,,,,,,,,,,,,,,140.0,100,140.4,150,,,,,,,,,,,,,,,,
2026-07-04T16:00:39.644241+00:00,2026-07-04T16:00:39.644123,2,3,139.95,0.1,139.9,47,139.5,100,,,,,,,,,,,,,,,,,140.0,100,140.3,200,140.4,150,,,,,,,,,,,,,,
2026-07-04T16:00:39.654755+00:00,2026-07-04T16:00:39.654911,2,3,139.95,0.1,139.9,5,139.5,100,,,,,,,,,,,,,,,,,140.0,100,140.3,200,140.4,150,,,,,,,,,,,,,,
2026-07-04T16:00:39.849721+00:00,2026-07-04T16:00:39.849617,2,3,139.95,0.1,139.9,5,139.5,100,,,,,,,,,,,,,,,,,140.0,100,140.3,200,140.4,150,,,,,,,,,,,,,,
2026-07-04T16:00:40.063920+00:00,2026-07-04T16:00:40.063877,2,3,139.95,0.1,139.9,5,139.5,100,,,,,,,,,,,,,,,,,140.0,100,140.2,200,140.4,150,,,,,,,,,,,,,,
2026-07-04T16:00:40.258598+00:00,2026-07-04T16:00:40.255158,2,2,139.95,0.1,139.9,5,139.5,100,,,,,,,,,,,,,,,,,140.0,100,140.4,150,,,,,,,,,,,,,,,,
2026-07-04T16:00:40.275066+00:00,2026-07-04T16:00:40.274902,2,3,139.95,0.1,139.9,5,139.5,100,,,,,,,,,,,,,,,,,140.0,100,140.2,200,140.4,150,,,,,,,,,,,,,,
2026-07-04T16:00:40.311814+00:00,2026-07-04T16:00:40.311983,2,2,139.95,0.1,139.9,5,139.5,100,,,,,,,,,,,,,,,,,140.0,100,140.2,200,,,,,,,,,,,,,,,,
2026-07-04T16:00:40.317396+00:00,2026-07-04T16:00:40.317270,1,2,139.75,0.5,139.5,100,,,,,,,,,,,,,,,,,,,140.0,53,140.2,200,,,,,,,,,,,,,,,,
2026-07-04T16:00:40.374373+00:00,2026-07-04T16:00:40.374286,2,2,139.75,0.5,139.5,100,139.1,150,,,,,,,,,,,,,,,,,140.0,53,140.2,200,,,,,,,,,,,,,,,,
2026-07-04T16:00:40.423152+00:00,2026-07-04T16:00:40.423029,2,3,139.55,0.1,139.5,100,139.1,150,,,,,,,,,,,,,,,,,139.6,150,140.0,53,140.2,200,,,,,,,,,,,,,,
2026-07-04T16:00:40.432224+00:00,2026-07-04T16:00:40.427355,2,3,139.55,0.1,139.5,100,139.1,150,,,,,,,,,,,,,,,,,139.6,147,140.0,53,140.2,200,,,,,,,,,,,,,,
2026-07-04T16:00:40.456992+00:00,2026-07-04T16:00:40.451514,2,3,139.55,0.1,139.5,100,139.1,150,,,,,,,,,,,,,,,,,139.6,124,140.0,53,140.2,200,,,,,,,,,,,,,,
2026-07-04T16:00:40.477679+00:00,2026-07-04T16:00:40.477634,2,3,139.55,0.1,139.5,100,139.1,150,,,,,,,,,,,,,,,,,139.6,124,140.0,53,140.5,200,,,,,,,,,,,,,,
2026-07-04T16:00:40.685050+00:00,2026-07-04T16:00:40.684939,2,2,139.55,0.1,139.5,100,139.1,150,,,,,,,,,,,,,,,,,139.6,124,140.0,53,,,,,,,,,,,,,,,,
2026-07-04T16:00:40.690421+00:00,2026-07-04T16:00:40.690281,2,3,139.55,0.1,139.5,100,139.1,150,,,,,,,,,,,,,,,,,139.6,124,140.0,53,140.5,200,,,,,,,,,,,,,,
2026-07-04T16:00:40.896290+00:00,2026-07-04T16:00:40.896261,2,3,139.55,0.1,139.5,100,139.1,150,,,,,,,,,,,,,,,,,139.6,124,140.0,53,140.5,200,,,,,,,,,,,,,,
2026-07-04T16:00:41.102627+00:00,2026-07-04T16:00:41.102595,2,2,139.55,0.1,139.5,100,139.1,150,,,,,,,,,,,,,,,,,139.6,124,140.0,53,,,,,,,,,,,,,,,,
2026-07-04T16:00:41.107686+00:00,2026-07-04T16:00:41.107814,2,3,139.55,0.1,139.5,100,139.1,150,,,,,,,,,,,,,,,,,139.6,124,140.0,53,140.5,200,,,,,,,,,,,,,,
2026-07-04T16:00:41.313499+00:00,2026-07-04T16:00:41.313442,2,3,139.55,0.1,139.5,100,139.1,150,,,,,,,,,,,,,,,,,139.6,124,140.0,53,140.5,200,,,,,,,,,,,,,,
2026-07-04T16:00:41.511519+00:00,2026-07-04T16:00:41.511342,2,3,139.55,0.1,139.5,50,139.1,150,,,,,,,,,,,,,,,,,139.6,124,140.0,53,140.5,200,,,,,,,,,,,,,,
2026-07-04T16:00:41.538055+00:00,2026-07-04T16:00:41.537965,2,2,139.55,0.1,139.5,50,139.1,150,,,,,,,,,,,,,,,,,139.6,124,140.0,53,,,,,,,,,,,,,,,,
2026-07-04T16:00:41.543323+00:00,2026-07-04T16:00:41.543218,2,3,139.55,0.1,139.5,50,139.1,150,,,,,,,,,,,,,,,,,139.6,124,140.0,53,140.5,200,,,,,,,,,,,,,,
2026-07-04T16:00:41.714797+00:00,2026-07-04T16:00:41.714646,1,2,139.35,0.5,139.1,150,,,,,,,,,,,,,,,,,,,139.6,124,140.5,200,,,,,,,,,,,,,,,,
2026-07-04T16:00:41.746838+00:00,2026-07-04T16:00:41.746662,1,2,139.35,0.5,139.1,150,,,,,,,,,,,,,,,,,,,139.6,124,140.5,200,,,,,,,,,,,,,,,,
2026-07-04T16:00:41.769170+00:00,2026-07-04T16:00:41.769037,1,2,139.35,0.5,139.1,150,,,,,,,,,,,,,,,,,,,139.6,24,140.5,200,,,,,,,,,,,,,,,,
2026-07-04T16:00:41.821904+00:00,2026-07-04T16:00:41.821780,1,3,139.35,0.5,139.1,150,,,,,,,,,,,,,,,,,,,139.6,24,140.2,100,140.5,200,,,,,,,,,,,,,,
2026-07-04T16:00:41.951730+00:00,2026-07-04T16:00:41.951947,1,3,139.35,0.5,139.1,150,,,,,,,,,,,,,,,,,,,139.6,24,140.2,100,140.3,200,,,,,,,,,,,,,,
2026-07-04T16:00:42.153599+00:00,2026-07-04T16:00:42.153889,1,2,139.35,0.5,139.1,150,,,,,,,,,,,,,,,,,,,139.6,24,140.2,100,,,,,,,,,,,,,,,,
2026-07-04T16:00:42.168949+00:00,2026-07-04T16:00:42.168847,1,3,139.35,0.5,139.1,150,,,,,,,,,,,,,,,,,,,139.6,24,140.2,100,140.3,200,,,,,,,,,,,,,,
2026-07-04T16:00:42.369320+00:00,2026-07-04T16:00:42.369218,1,3,139.35,0.5,139.1,150,,,,,,,,,,,,,,,,,,,139.6,24,140.2,100,140.3,200,,,,,,,,,,,,,,
2026-07-04T16:00:42.575579+00:00,2026-07-04T16:00:42.575469,1,3,139.35,0.5,139.1,150,,,,,,,,,,,,,,,,,,,139.6,24,140.2,100,140.3,200,,,,,,,,,,,,,,
2026-07-04T16:00:42.777755+00:00,2026-07-04T16:00:42.777582,1,2,139.35,0.5,139.1,150,,,,,,,,,,,,,,,,,,,139.6,24,140.2,100,,,,,,,,,,,,,,,,
2026-07-04T16:00:42.782969+00:00,2026-07-04T16:00:42.782873,1,3,139.35,0.5,139.1,150,,,,,,,,,,,,,,,,,,,139.6,24,140.2,100,140.3,200,,,,,,,,,,,,,,
2026-07-04T16:00:42.989898+00:00,2026-07-04T16:00:42.989821,1,3,139.35,0.5,139.1,150,,,,,,,,,,,,,,,,,,,139.6,24,140.2,100,140.3,200,,,,,,,,,,,,,,
2026-07-04T16:00:43.190249+00:00,2026-07-04T16:00:43.190375,1,2,139.35,0.5,139.1,150,,,,,,,,,,,,,,,,,,,139.6,24,140.2,100,,,,,,,,,,,,,,,,
2026-07-04T16:00:43.195461+00:00,2026-07-04T16:00:43.195576,1,3,139.35,0.5,139.1,150,,,,,,,,,,,,,,,,,,,139.6,24,140.2,100,140.3,200,,,,,,,,,,,,,,
2026-07-04T16:00:43.401075+00:00,2026-07-04T16:00:43.400979,1,3,139.35,0.5,139.1,150,,,,,,,,,,,,,,,,,,,139.6,24,140.2,100,140.3,200,,,,,,,,,,,,,,
2026-07-04T16:00:43.474728+00:00,2026-07-04T16:00:43.474646,1,2,139.65,1.1,139.1,150,,,,,,,,,,,,,,,,,,,140.2,100,140.3,200,,,,,,,,,,,,,,,,
2026-07-04T16:00:43.479722+00:00,2026-07-04T16:00:43.479824,0,2,,,,,,,,,,,,,,,,,,,,,,,140.2,100,140.3,200,,,,,,,,,,,,,,,,
2026-07-04T16:00:43.543471+00:00,2026-07-04T16:00:43.536686,1,2,139.95,0.5,139.7,138,,,,,,,,,,,,,,,,,,,140.2,100,140.3,200,,,,,,,,,,,,,,,,
2026-07-04T16:00:43.586142+00:00,2026-07-04T16:00:43.586335,1,2,139.95,0.5,139.7,138,,,,,,,,,,,,,,,,,,,140.2,250,140.3,200,,,,,,,,,,,,,,,,
2026-07-04T16:00:43.607584+00:00,2026-07-04T16:00:43.607726,1,2,139.95,0.5,139.7,138,,,,,,,,,,,,,,,,,,,140.2,250,140.3,200,,,,,,,,,,,,,,,,
2026-07-04T16:00:43.810836+00:00,2026-07-04T16:00:43.810712,1,1,139.95,0.5,139.7,138,,,,,,,,,,,,,,,,,,,140.2,250,,,,,,,,,,,,,,,,,,
2026-07-04T16:00:43.816046+00:00,2026-07-04T16:00:43.815928,1,2,139.95,0.5,139.7,138,,,,,,,,,,,,,,,,,,,140.2,250,140.3,200,,,,,,,,,,,,,,,,
2026-07-04T16:00:44.016798+00:00,2026-07-04T16:00:44.016750,1,1,139.95,0.5,139.7,138,,,,,,,,,,,,,,,,,,,140.2,250,,,,,,,,,,,,,,,,,,
2026-07-04T16:00:44.022065+00:00,2026-07-04T16:00:44.021990,1,2,139.95,0.5,139.7,138,,,,,,,,,,,,,,,,,,,140.2,250,140.3,200,,,,,,,,,,,,,,,,
2026-07-04T16:00:44.225645+00:00,2026-07-04T16:00:44.225606,1,2,139.95,0.5,139.7,138,,,,,,,,,,,,,,,,,,,140.2,250,140.3,200,,,,,,,,,,,,,,,,
2026-07-04T16:00:44.402045+00:00,2026-07-04T16:00:44.393556,1,2,139.95,0.5,139.7,124,,,,,,,,,,,,,,,,,,,140.2,250,140.3,200,,,,,,,,,,,,,,,,
2026-07-04T16:00:44.429582+00:00,2026-07-04T16:00:44.429495,1,1,139.95,0.5,139.7,124,,,,,,,,,,,,,,,,,,,140.2,250,,,,,,,,,,,,,,,,,,
2026-07-04T16:00:44.434933+00:00,2026-07-04T16:00:44.434751,1,2,139.9,0.4,139.7,124,,,,,,,,,,,,,,,,,,,140.1,200,140.2,250,,,,,,,,,,,,,,,,
2026-07-04T16:00:44.595946+00:00,2026-07-04T16:00:44.596062,1,2,139.9,0.4,139.7,84,,,,,,,,,,,,,,,,,,,140.1,200,140.2,250,,,,,,,,,,,,,,,,
2026-07-04T16:00:44.637762+00:00,2026-07-04T16:00:44.637925,1,2,139.9,0.4,139.7,84,,,,,,,,,,,,,,,,,,,140.1,200,140.2,250,,,,,,,,,,,,,,,,
2026-07-04T16:00:44.843949+00:00,2026-07-04T16:00:44.843917,1,2,139.9,0.4,139.7,84,,,,,,,,,,,,,,,,,,,140.1,200,140.2,250,,,,,,,,,,,,,,,,
2026-07-04T16:00:44.877038+00:00,2026-07-04T16:00:44.877002,1,2,139.9,0.4,139.7,84,,,,,,,,,,,,,,,,,,,140.1,200,140.2,150,,,,,,,,,,,,,,,,
2026-07-04T16:00:44.930231+00:00,2026-07-04T16:00:44.930068,2,2,139.9,0.4,139.7,84,139.0,100,,,,,,,,,,,,,,,,,140.1,200,140.2,150,,,,,,,,,,,,,,,,
2026-07-04T16:00:44.994044+00:00,2026-07-04T16:00:44.988803,1,3,139.25,0.5,139.0,100,,,,,,,,,,,,,,,,,,,139.5,13,140.1,200,140.2,150,,,,,,,,,,,,,,
2026-07-04T16:00:45.048859+00:00,2026-07-04T16:00:45.048788,1,2,139.25,0.5,139.0,100,,,,,,,,,,,,,,,,,,,139.5,13,140.2,150,,,,,,,,,,,,,,,,
2026-07-04T16:00:45.054052+00:00,2026-07-04T16:00:45.054007,1,3,139.25,0.5,139.0,100,,,,,,,,,,,,,,,,,,,139.5,13,140.1,200,140.2,150,,,,,,,,,,,,,,
2026-07-04T16:00:45.161542+00:00,2026-07-04T16:00:45.156221,1,3,139.25,0.5,139.0,100,,,,,,,,,,,,,,,,,,,139.5,2,140.1,200,140.2,150,,,,,,,,,,,,,,
2026-07-04T16:00:45.254103+00:00,2026-07-04T16:00:45.254031,1,2,139.25,0.5,139.0,100,,,,,,,,,,,,,,,,,,,139.5,2,140.2,150,,,,,,,,,,,,,,,,
2026-07-04T16:00:45.259116+00:00,2026-07-04T16:00:45.259279,1,3,139.25,0.5,139.0,100,,,,,,,,,,,,,,,,,,,139.5,2,140.2,150,140.3,200,,,,,,,,,,,,,,
2026-07-04T16:00:45.463772+00:00,2026-07-04T16:00:45.463942,1,2,139.25,0.5,139.0,100,,,,,,,,,,,,,,,,,,,139.5,2,140.2,150,,,,,,,,,,,,,,,,
2026-07-04T16:00:45.469304+00:00,2026-07-04T16:00:45.469188,1,3,139.25,0.5,139.0,100,,,,,,,,,,,,,,,,,,,139.5,2,140.2,150,140.3,200,,,,,,,,,,,,,,
2026-07-04T16:00:45.670010+00:00,2026-07-04T16:00:45.669969,1,2,139.6,1.2,139.0,100,,,,,,,,,,,,,,,,,,,140.2,102,140.3,200,,,,,,,,,,,,,,,,
2026-07-04T16:00:45.675329+00:00,2026-07-04T16:00:45.675235,1,2,139.6,1.2,139.0,100,,,,,,,,,,,,,,,,,,,140.2,102,140.3,200,,,,,,,,,,,,,,,,
2026-07-04T16:00:45.878827+00:00,2026-07-04T16:00:45.878711,1,1,139.6,1.2,139.0,100,,,,,,,,,,,,,,,,,,,140.2,102,,,,,,,,,,,,,,,,,,
2026-07-04T16:00:45.884059+00:00,2026-07-04T16:00:45.883960,1,2,139.6,1.2,139.0,100,,,,,,,,,,,,,,,,,,,140.2,102,140.3,200,,,,,,,,,,,,,,,,
2026-07-04T16:00:46.088352+00:00,2026-07-04T16:00:46.088267,1,2,139.6,1.2,139.0,100,,,,,,,,,,,,,,,,,,,140.2,102,140.4,200,,,,,,,,,,,,,,,,
2026-07-04T16:00:46.293258+00:00,2026-07-04T16:00:46.293169,1,1,139.6,1.2,139.0,100,,,,,,,,,,,,,,,,,,,140.2,102,,,,,,,,,,,,,,,,,,
2026-07-04T16:00:46.298488+00:00,2026-07-04T16:00:46.298388,1,2,139.6,1.2,139.0,100,,,,,,,,,,,,,,,,,,,140.2,102,140.4,200,,,,,,,,,,,,,,,,
2026-07-04T16:00:46.502337+00:00,2026-07-04T16:00:46.502232,1,2,139.6,1.2,139.0,100,,,,,,,,,,,,,,,,,,,140.2,102,140.4,200,,,,,,,,,,,,,,,,
2026-07-04T16:00:46.643398+00:00,2026-07-04T16:00:46.643368,1,1,139.7,1.4,139.0,100,,,,,,,,,,,,,,,,,,,140.4,200,,,,,,,,,,,,,,,,,,
2026-07-04T16:00:46.703816+00:00,2026-07-04T16:00:46.703766,2,1,139.9,1.0,139.4,150,139.0,100,,,,,,,,,,,,,,,,,140.4,200,,,,,,,,,,,,,,,,,,
2026-07-04T16:00:46.709049+00:00,2026-07-04T16:00:46.708991,2,1,139.9,1.0,139.4,150,139.0,100,,,,,,,,,,,,,,,,,140.4,200,,,,,,,,,,,,,,,,,,
2026-07-04T16:00:46.758597+00:00,2026-07-04T16:00:46.754556,2,2,139.65,0.5,139.4,150,139.0,100,,,,,,,,,,,,,,,,,139.9,150,140.4,200,,,,,,,,,,,,,,,,
2026-07-04T16:00:46.919187+00:00,2026-07-04T16:00:46.919101,2,2,139.65,0.5,139.4,150,139.0,100,,,,,,,,,,,,,,,,,139.9,150,140.4,200,,,,,,,,,,,,,,,,
2026-07-04T16:00:47.124724+00:00,2026-07-04T16:00:47.124873,2,2,139.65,0.5,139.4,150,139.0,100,,,,,,,,,,,,,,,,,139.9,150,140.4,200,,,,,,,,,,,,,,,,
2026-07-04T16:00:47.330539+00:00,2026-07-04T16:00:47.330501,2,2,139.65,0.5,139.4,150,139.0,100,,,,,,,,,,,,,,,,,139.9,150,140.4,200,,,,,,,,,,,,,,,,
2026-07-04T16:00:47.537039+00:00,2026-07-04T16:00:47.536966,2,2,139.65,0.5,139.4,150,139.0,100,,,,,,,,,,,,,,,,,139.9,150,140.4,200,,,,,,,,,,,,,,,,
2026-07-04T16:00:47.744951+00:00,2026-07-04T16:00:47.744891,2,2,139.65,0.5,139.4,150,139.0,100,,,,,,,,,,,,,,,,,139.9,150,140.4,200,,,,,,,,,,,,,,,,
2026-07-04T16:00:47.780266+00:00,2026-07-04T16:00:47.780146,2,2,139.65,0.5,139.4,150,139.0,100,,,,,,,,,,,,,,,,,139.9,100,140.4,200,,,,,,,,,,,,,,,,
2026-07-04T16:00:47.958643+00:00,2026-07-04T16:00:47.951971,2,2,139.65,0.5,139.4,150,139.0,100,,,,,,,,,,,,,,,,,139.9,100,140.4,200,,,,,,,,,,,,,,,,
2026-07-04T16:00:48.039889+00:00,2026-07-04T16:00:48.039768,1,2,139.65,0.5,139.4,150,,,,,,,,,,,,,,,,,,,139.9,100,140.4,200,,,,,,,,,,,,,,,,
2026-07-04T16:00:48.092745+00:00,2026-07-04T16:00:48.092695,2,2,139.75,0.3,139.6,100,139.4,150,,,,,,,,,,,,,,,,,139.9,100,140.4,200,,,,,,,,,,,,,,,,
2026-07-04T16:00:48.145802+00:00,2026-07-04T16:00:48.145760,2,3,139.75,0.3,139.6,100,139.4,150,,,,,,,,,,,,,,,,,139.9,100,140.1,100,140.4,200,,,,,,,,,,,,,,
2026-07-04T16:00:48.158604+00:00,2026-07-04T16:00:48.152815,2,3,139.75,0.3,139.6,100,139.4,150,,,,,,,,,,,,,,,,,139.9,100,140.1,100,140.4,200,,,,,,,,,,,,,,
2026-07-04T16:00:48.365889+00:00,2026-07-04T16:00:48.365828,2,3,139.75,0.3,139.6,100,139.4,150,,,,,,,,,,,,,,,,,139.9,100,140.1,100,140.4,200,,,,,,,,,,,,,,
2026-07-04T16:00:48.572250+00:00,2026-07-04T16:00:48.572120,2,2,139.75,0.3,139.6,100,139.4,150,,,,,,,,,,,,,,,,,139.9,100,140.1,100,,,,,,,,,,,,,,,,
2026-07-04T16:00:48.577290+00:00,2026-07-04T16:00:48.577398,2,3,139.75,0.3,139.6,100,139.4,150,,,,,,,,,,,,,,,,,139.9,100,140.1,100,140.4,180,,,,,,,,,,,,,,
2026-07-04T16:00:48.806071+00:00,2026-07-04T16:00:48.806278,2,2,139.75,0.3,139.6,100,139.4,150,,,,,,,,,,,,,,,,,139.9,100,140.1,100,,,,,,,,,,,,,,,,
2026-07-04T16:00:48.811668+00:00,2026-07-04T16:00:48.811516,2,3,139.75,0.3,139.6,100,139.4,150,,,,,,,,,,,,,,,,,139.9,100,140.1,100,140.5,200,,,,,,,,,,,,,,
2026-07-04T16:00:49.016002+00:00,2026-07-04T16:00:49.015909,2,3,139.75,0.3,139.6,100,139.4,150,,,,,,,,,,,,,,,,,139.9,100,140.1,100,140.5,200,,,,,,,,,,,,,,
2026-07-04T16:00:49.222533+00:00,2026-07-04T16:00:49.222419,2,3,139.75,0.3,139.6,100,139.4,150,,,,,,,,,,,,,,,,,139.9,100,140.1,100,140.5,200,,,,,,,,,,,,,,
2026-07-04T16:00:49.304393+00:00,2026-07-04T16:00:49.304354,2,3,139.75,0.3,139.6,100,139.4,150,,,,,,,,,,,,,,,,,139.9,54,140.1,100,140.5,200,,,,,,,,,,,,,,
2026-07-04T16:00:49.428941+00:00,2026-07-04T16:00:49.428774,2,2,139.75,0.3,139.6,100,139.4,150,,,,,,,,,,,,,,,,,139.9,54,140.1,100,,,,,,,,,,,,,,,,
2026-07-04T16:00:49.434190+00:00,2026-07-04T16:00:49.434070,2,3,139.75,0.3,139.6,100,139.4,150,,,,,,,,,,,,,,,,,139.9,54,140.1,100,140.5,200,,,,,,,,,,,,,,
2026-07-04T16:00:49.638641+00:00,2026-07-04T16:00:49.638467,2,2,139.75,0.3,139.6,100,139.4,150,,,,,,,,,,,,,,,,,139.9,54,140.1,100,,,,,,,,,,,,,,,,
2026-07-04T16:00:49.649037+00:00,2026-07-04T16:00:49.649200,2,3,139.75,0.3,139.6,100,139.4,150,,,,,,,,,,,,,,,,,139.9,54,140.1,100,140.4,200,,,,,,,,,,,,,,
2026-07-04T16:00:49.809439+00:00,2026-07-04T16:00:49.809363,1,2,139.85,0.5,139.6,100,,,,,,,,,,,,,,,,,,,140.1,100,140.4,200,,,,,,,,,,,,,,,,
2026-07-04T16:00:49.852715+00:00,2026-07-04T16:00:49.852539,1,1,139.85,0.5,139.6,100,,,,,,,,,,,,,,,,,,,140.1,100,,,,,,,,,,,,,,,,,,
2026-07-04T16:00:49.857927+00:00,2026-07-04T16:00:49.857808,1,2,139.85,0.5,139.6,100,,,,,,,,,,,,,,,,,,,140.1,52,140.6,200,,,,,,,,,,,,,,,,
2026-07-04T16:00:49.863132+00:00,2026-07-04T16:00:49.863038,2,2,140.05,0.1,140.0,150,139.6,100,,,,,,,,,,,,,,,,,140.1,52,140.6,200,,,,,,,,,,,,,,,,
2026-07-04T16:00:49.913858+00:00,2026-07-04T16:00:49.913791,2,3,140.05,0.1,140.0,150,139.6,100,,,,,,,,,,,,,,,,,140.1,52,140.5,150,140.6,200,,,,,,,,,,,,,,
2026-07-04T16:00:49.938092+00:00,2026-07-04T16:00:49.938028,2,3,140.05,0.1,140.0,100,139.6,100,,,,,,,,,,,,,,,,,140.1,52,140.5,150,140.6,200,,,,,,,,,,,,,,
2026-07-04T16:00:50.069600+00:00,2026-07-04T16:00:50.069473,2,2,140.05,0.1,140.0,100,139.6,100,,,,,,,,,,,,,,,,,140.1,52,140.5,150,,,,,,,,,,,,,,,,
2026-07-04T16:00:50.074799+00:00,2026-07-04T16:00:50.074769,2,3,140.05,0.1,140.0,100,139.6,100,,,,,,,,,,,,,,,,,140.1,52,140.5,150,140.6,200,,,,,,,,,,,,,,
2026-07-04T16:00:50.280593+00:00,2026-07-04T16:00:50.280544,2,3,140.05,0.1,140.0,100,139.6,100,,,,,,,,,,,,,,,,,140.1,52,140.5,150,140.6,200,,,,,,,,,,,,,,
2026-07-04T16:00:50.315233+00:00,2026-07-04T16:00:50.315129,2,3,140.05,0.1,140.0,52,139.6,100,,,,,,,,,,,,,,,,,140.1,52,140.5,150,140.6,200,,,,,,,,,,,,,,
2026-07-04T16:00:50.484734+00:00,2026-07-04T16:00:50.484588,2,3,140.05,0.1,140.0,52,139.6,100,,,,,,,,,,,,,,,,,140.1,52,140.5,150,140.6,200,,,,,,,,,,,,,,
2026-07-04T16:00:50.694019+00:00,2026-07-04T16:00:50.694219,2,2,140.05,0.1,140.0,52,139.6,100,,,,,,,,,,,,,,,,,140.1,52,140.5,150,,,,,,,,,,,,,,,,
2026-07-04T16:00:50.699497+00:00,2026-07-04T16:00:50.699438,2,3,140.05,0.1,140.0,52,139.6,100,,,,,,,,,,,,,,,,,140.1,52,140.5,150,140.6,200,,,,,,,,,,,,,,
2026-07-04T16:00:50.771637+00:00,2026-07-04T16:00:50.765275,2,3,140.05,0.1,140.0,41,139.6,100,,,,,,,,,,,,,,,,,140.1,52,140.5,150,140.6,200,,,,,,,,,,,,,,
2026-07-04T16:00:50.903333+00:00,2026-07-04T16:00:50.903475,2,2,140.05,0.1,140.0,41,139.6,100,,,,,,,,,,,,,,,,,140.1,52,140.5,339,,,,,,,,,,,,,,,,
2026-07-04T16:00:51.110470+00:00,2026-07-04T16:00:51.110404,2,2,140.05,0.1,140.0,41,139.6,100,,,,,,,,,,,,,,,,,140.1,52,140.5,339,,,,,,,,,,,,,,,,
2026-07-04T16:00:51.218876+00:00,2026-07-04T16:00:51.218809,1,1,140.25,0.5,140.0,41,,,,,,,,,,,,,,,,,,,140.5,339,,,,,,,,,,,,,,,,,,
2026-07-04T16:00:51.273976+00:00,2026-07-04T16:00:51.273821,2,1,140.25,0.5,140.0,41,139.8,100,,,,,,,,,,,,,,,,,140.5,339,,,,,,,,,,,,,,,,,,
2026-07-04T16:00:51.317176+00:00,2026-07-04T16:00:51.317081,2,1,140.25,0.5,140.0,41,139.8,100,,,,,,,,,,,,,,,,,140.5,339,,,,,,,,,,,,,,,,,,
2026-07-04T16:00:51.327616+00:00,2026-07-04T16:00:51.327529,2,2,140.15,0.3,140.0,41,139.8,100,,,,,,,,,,,,,,,,,140.3,100,140.5,339,,,,,,,,,,,,,,,,
2026-07-04T16:00:51.524798+00:00,2026-07-04T16:00:51.524700,2,2,140.15,0.3,140.0,41,139.8,100,,,,,,,,,,,,,,,,,140.3,100,140.5,339,,,,,,,,,,,,,,,,
2026-07-04T16:00:51.732798+00:00,2026-07-04T16:00:51.732954,2,2,140.15,0.3,140.0,41,139.8,100,,,,,,,,,,,,,,,,,140.3,100,140.5,150,,,,,,,,,,,,,,,,
2026-07-04T16:00:51.738313+00:00,2026-07-04T16:00:51.738193,2,2,140.15,0.3,140.0,41,139.8,100,,,,,,,,,,,,,,,,,140.3,100,140.5,339,,,,,,,,,,,,,,,,
2026-07-04T16:00:51.942841+00:00,2026-07-04T16:00:51.942796,2,2,140.15,0.3,140.0,41,139.8,100,,,,,,,,,,,,,,,,,140.3,100,140.5,339,,,,,,,,,,,,,,,,
2026-07-04T16:00:52.046084+00:00,2026-07-04T16:00:52.045949,1,2,140.05,0.5,139.8,91,,,,,,,,,,,,,,,,,,,140.3,100,140.5,339,,,,,,,,,,,,,,,,
2026-07-04T16:00:52.146976+00:00,2026-07-04T16:00:52.147165,1,2,140.05,0.5,139.8,91,,,,,,,,,,,,,,,,,,,140.3,100,140.5,350,,,,,,,,,,,,,,,,
2026-07-04T16:00:52.363879+00:00,2026-07-04T16:00:52.363837,1,2,140.05,0.5,139.8,91,,,,,,,,,,,,,,,,,,,140.3,100,140.5,350,,,,,,,,,,,,,,,,
2026-07-04T16:00:52.562573+00:00,2026-07-04T16:00:52.562445,1,2,140.05,0.5,139.8,91,,,,,,,,,,,,,,,,,,,140.3,100,140.5,150,,,,,,,,,,,,,,,,
2026-07-04T16:00:52.567805+00:00,2026-07-04T16:00:52.567753,1,2,140.05,0.5,139.8,91,,,,,,,,,,,,,,,,,,,140.3,100,140.5,350,,,,,,,,,,,,,,,,
2026-07-04T16:00:52.771529+00:00,2026-07-04T16:00:52.771486,1,2,140.05,0.5,139.8,91,,,,,,,,,,,,,,,,,,,140.3,100,140.5,350,,,,,,,,,,,,,,,,
2026-07-04T16:00:52.968713+00:00,2026-07-04T16:00:52.968870,1,2,140.05,0.5,139.8,91,,,,,,,,,,,,,,,,,,,140.3,100,140.5,200,,,,,,,,,,,,,,,,
2026-07-04T16:00:52.973943+00:00,2026-07-04T16:00:52.974052,1,1,140.05,0.5,139.8,91,,,,,,,,,,,,,,,,,,,140.3,100,,,,,,,,,,,,,,,,,,
2026-07-04T16:00:52.979176+00:00,2026-07-04T16:00:52.979286,1,2,140.05,0.5,139.8,91,,,,,,,,,,,,,,,,,,,140.3,100,140.5,200,,,,,,,,,,,,,,,,
2026-07-04T16:00:53.047851+00:00,2026-07-04T16:00:53.047732,2,2,140.05,0.5,139.8,91,139.3,150,,,,,,,,,,,,,,,,,140.3,100,140.5,200,,,,,,,,,,,,,,,,
2026-07-04T16:00:53.100300+00:00,2026-07-04T16:00:53.100135,1,3,139.55,0.5,139.3,150,,,,,,,,,,,,,,,,,,,139.8,59,140.3,100,140.5,200,,,,,,,,,,,,,,
2026-07-04T16:00:53.182315+00:00,2026-07-04T16:00:53.182481,1,3,139.55,0.5,139.3,150,,,,,,,,,,,,,,,,,,,139.8,59,140.3,100,140.4,200,,,,,,,,,,,,,,
2026-07-04T16:00:53.389088+00:00,2026-07-04T16:00:53.389279,1,3,139.55,0.5,139.3,150,,,,,,,,,,,,,,,,,,,139.8,59,140.3,100,140.4,200,,,,,,,,,,,,,,
2026-07-04T16:00:53.591579+00:00,2026-07-04T16:00:53.591510,1,2,139.55,0.5,139.3,150,,,,,,,,,,,,,,,,,,,139.8,59,140.3,100,,,,,,,,,,,,,,,,
2026-07-04T16:00:53.596805+00:00,2026-07-04T16:00:53.596733,1,3,139.55,0.5,139.3,150,,,,,,,,,,,,,,,,,,,139.8,59,140.3,100,140.4,200,,,,,,,,,,,,,,
2026-07-04T16:00:53.801879+00:00,2026-07-04T16:00:53.801776,1,3,139.55,0.5,139.3,150,,,,,,,,,,,,,,,,,,,139.8,59,140.3,100,140.4,200,,,,,,,,,,,,,,
2026-07-04T16:00:54.008957+00:00,2026-07-04T16:00:54.008852,1,3,139.55,0.5,139.3,150,,,,,,,,,,,,,,,,,,,139.8,59,140.3,100,140.4,200,,,,,,,,,,,,,,
2026-07-04T16:00:54.155203+00:00,2026-07-04T16:00:54.155377,1,3,139.55,0.5,139.3,100,,,,,,,,,,,,,,,,,,,139.8,59,140.3,100,140.4,200,,,,,,,,,,,,,,
2026-07-04T16:00:54.215562+00:00,2026-07-04T16:00:54.215534,1,3,139.55,0.5,139.3,100,,,,,,,,,,,,,,,,,,,139.8,59,140.3,100,140.4,200,,,,,,,,,,,,,,
2026-07-04T16:00:54.377003+00:00,2026-07-04T16:00:54.371452,1,2,139.55,0.5,139.3,100,,,,,,,,,,,,,,,,,,,139.8,59,140.4,200,,,,,,,,,,,,,,,,
2026-07-04T16:00:54.421615+00:00,2026-07-04T16:00:54.421540,1,2,139.55,0.5,139.3,100,,,,,,,,,,,,,,,,,,,139.8,59,140.4,200,,,,,,,,,,,,,,,,
2026-07-04T16:00:54.434005+00:00,2026-07-04T16:00:54.433902,2,2,139.65,0.3,139.5,100,139.3,100,,,,,,,,,,,,,,,,,139.8,59,140.4,200,,,,,,,,,,,,,,,,
2026-07-04T16:00:54.486354+00:00,2026-07-04T16:00:54.486227,2,3,139.65,0.3,139.5,100,139.3,100,,,,,,,,,,,,,,,,,139.8,59,140.0,100,140.4,200,,,,,,,,,,,,,,
2026-07-04T16:00:54.627361+00:00,2026-07-04T16:00:54.627524,2,3,139.65,0.3,139.5,100,139.3,100,,,,,,,,,,,,,,,,,139.8,59,140.0,100,140.4,200,,,,,,,,,,,,,,
2026-07-04T16:00:54.851532+00:00,2026-07-04T16:00:54.851371,2,2,139.65,0.3,139.5,100,139.3,100,,,,,,,,,,,,,,,,,139.8,59,140.0,100,,,,,,,,,,,,,,,,
2026-07-04T16:00:54.856639+00:00,2026-07-04T16:00:54.856593,2,3,139.65,0.3,139.5,100,139.3,100,,,,,,,,,,,,,,,,,139.8,59,140.0,100,140.4,200,,,,,,,,,,,,,,
2026-07-04T16:00:55.058598+00:00,2026-07-04T16:00:55.054680,2,3,139.65,0.3,139.5,100,139.3,100,,,,,,,,,,,,,,,,,139.8,59,140.0,100,140.4,200,,,,,,,,,,,,,,
2026-07-04T16:00:55.267816+00:00,2026-07-04T16:00:55.267765,2,3,139.65,0.3,139.5,100,139.3,100,,,,,,,,,,,,,,,,,139.8,59,140.0,100,140.4,200,,,,,,,,,,,,,,
2026-07-04T16:00:55.469309+00:00,2026-07-04T16:00:55.469248,2,2,139.65,0.3,139.5,100,139.3,100,,,,,,,,,,,,,,,,,139.8,59,140.0,100,,,,,,,,,,,,,,,,
2026-07-04T16:00:55.474497+00:00,2026-07-04T16:00:55.474461,2,3,139.65,0.3,139.5,100,139.3,100,,,,,,,,,,,,,,,,,139.8,59,140.0,100,140.4,200,,,,,,,,,,,,,,
2026-07-04T16:00:55.682590+00:00,2026-07-04T16:00:55.682558,2,2,139.65,0.3,139.5,100,139.3,100,,,,,,,,,,,,,,,,,139.8,59,140.0,100,,,,,,,,,,,,,,,,
2026-07-04T16:00:55.687917+00:00,2026-07-04T16:00:55.687801,2,3,139.65,0.3,139.5,100,139.3,100,,,,,,,,,,,,,,,,,139.8,59,140.0,100,140.3,200,,,,,,,,,,,,,,
2026-07-04T16:00:55.895317+00:00,2026-07-04T16:00:55.895467,2,3,139.65,0.3,139.5,100,139.3,100,,,,,,,,,,,,,,,,,139.8,59,140.0,100,140.3,200,,,,,,,,,,,,,,
2026-07-04T16:00:56.100143+00:00,2026-07-04T16:00:56.100074,2,2,139.65,0.3,139.5,100,139.3,100,,,,,,,,,,,,,,,,,139.8,59,140.0,100,,,,,,,,,,,,,,,,
2026-07-04T16:00:56.105378+00:00,2026-07-04T16:00:56.105276,2,3,139.65,0.3,139.5,100,139.3,100,,,,,,,,,,,,,,,,,139.8,59,140.0,100,140.3,200,,,,,,,,,,,,,,
2026-07-04T16:00:56.154040+00:00,2026-07-04T16:00:56.153959,1,2,139.75,0.5,139.5,100,,,,,,,,,,,,,,,,,,,140.0,100,140.3,200,,,,,,,,,,,,,,,,
2026-07-04T16:00:56.217331+00:00,2026-07-04T16:00:56.217162,2,2,139.75,0.5,139.5,100,139.3,150,,,,,,,,,,,,,,,,,140.0,100,140.3,200,,,,,,,,,,,,,,,,
2026-07-04T16:00:56.271088+00:00,2026-07-04T16:00:56.270969,2,3,139.65,0.3,139.5,50,139.3,150,,,,,,,,,,,,,,,,,139.8,150,140.0,100,140.3,200,,,,,,,,,,,,,,
2026-07-04T16:00:56.309186+00:00,2026-07-04T16:00:56.309074,2,3,139.65,0.3,139.5,50,139.3,150,,,,,,,,,,,,,,,,,139.8,150,140.0,100,140.3,200,,,,,,,,,,,,,,
2026-07-04T16:00:56.512330+00:00,2026-07-04T16:00:56.512261,2,2,139.65,0.3,139.5,50,139.3,150,,,,,,,,,,,,,,,,,139.8,150,140.0,100,,,,,,,,,,,,,,,,
2026-07-04T16:00:56.517737+00:00,2026-07-04T16:00:56.517492,2,3,139.65,0.3,139.5,50,139.3,150,,,,,,,,,,,,,,,,,139.8,150,140.0,100,140.3,200,,,,,,,,,,,,,,
2026-07-04T16:00:56.719817+00:00,2026-07-04T16:00:56.719753,2,3,139.65,0.3,139.5,50,139.3,150,,,,,,,,,,,,,,,,,139.8,150,140.0,100,140.3,200,,,,,,,,,,,,,,
2026-07-04T16:00:56.924893+00:00,2026-07-04T16:00:56.924763,2,2,139.65,0.3,139.5,50,139.3,150,,,,,,,,,,,,,,,,,139.8,150,140.0,100,,,,,,,,,,,,,,,,
2026-07-04T16:00:56.930077+00:00,2026-07-04T16:00:56.930015,2,3,139.65,0.3,139.5,50,139.3,150,,,,,,,,,,,,,,,,,139.8,150,140.0,100,140.4,200,,,,,,,,,,,,,,
2026-07-04T16:00:57.135518+00:00,2026-07-04T16:00:57.135420,2,3,139.65,0.3,139.5,50,139.3,150,,,,,,,,,,,,,,,,,139.8,150,140.0,100,140.4,200,,,,,,,,,,,,,,
2026-07-04T16:00:57.343870+00:00,2026-07-04T16:00:57.343686,2,2,139.65,0.3,139.5,50,139.3,150,,,,,,,,,,,,,,,,,139.8,150,140.0,100,,,,,,,,,,,,,,,,
2026-07-04T16:00:57.349088+00:00,2026-07-04T16:00:57.348964,2,3,139.65,0.3,139.5,50,139.3,150,,,,,,,,,,,,,,,,,139.8,150,140.0,100,140.4,200,,,,,,,,,,,,,,
2026-07-04T16:00:57.534860+00:00,2026-07-04T16:00:57.534761,2,2,139.65,0.3,139.5,50,139.3,150,,,,,,,,,,,,,,,,,139.8,150,140.4,200,,,,,,,,,,,,,,,,
2026-07-04T16:00:57.540036+00:00,2026-07-04T16:00:57.539944,1,2,139.55,0.5,139.3,150,,,,,,,,,,,,,,,,,,,139.8,150,140.4,200,,,,,,,,,,,,,,,,
2026-07-04T16:00:57.552093+00:00,2026-07-04T16:00:57.552061,1,2,139.55,0.5,139.3,150,,,,,,,,,,,,,,,,,,,139.8,150,140.4,200,,,,,,,,,,,,,,,,
2026-07-04T16:00:57.588183+00:00,2026-07-04T16:00:57.588117,1,2,139.55,0.5,139.3,250,,,,,,,,,,,,,,,,,,,139.8,150,140.4,200,,,,,,,,,,,,,,,,
2026-07-04T16:00:57.645496+00:00,2026-07-04T16:00:57.645423,1,2,139.55,0.5,139.3,250,,,,,,,,,,,,,,,,,,,139.8,250,140.4,200,,,,,,,,,,,,,,,,
2026-07-04T16:00:57.758845+00:00,2026-07-04T16:00:57.758708,1,2,139.55,0.5,139.3,250,,,,,,,,,,,,,,,,,,,139.8,250,140.4,200,,,,,,,,,,,,,,,,
2026-07-04T16:00:57.969130+00:00,2026-07-04T16:00:57.968927,1,2,139.55,0.5,139.3,250,,,,,,,,,,,,,,,,,,,139.8,250,140.4,200,,,,,,,,,,,,,,,,
2026-07-04T16:00:58.171810+00:00,2026-07-04T16:00:58.171760,1,2,139.55,0.5,139.3,250,,,,,,,,,,,,,,,,,,,139.8,250,140.3,200,,,,,,,,,,,,,,,,
2026-07-04T16:00:58.379085+00:00,2026-07-04T16:00:58.379013,1,2,139.55,0.5,139.3,250,,,,,,,,,,,,,,,,,,,139.8,250,140.3,200,,,,,,,,,,,,,,,,
2026-07-04T16:00:58.584969+00:00,2026-07-04T16:00:58.584875,1,1,139.55,0.5,139.3,250,,,,,,,,,,,,,,,,,,,139.8,250,,,,,,,,,,,,,,,,,,
2026-07-04T16:00:58.590188+00:00,2026-07-04T16:00:58.590112,1,2,139.55,0.5,139.3,250,,,,,,,,,,,,,,,,,,,139.8,250,140.4,200,,,,,,,,,,,,,,,,
2026-07-04T16:00:58.793852+00:00,2026-07-04T16:00:58.793800,1,2,139.55,0.5,139.3,250,,,,,,,,,,,,,,,,,,,139.8,250,140.4,200,,,,,,,,,,,,,,,,
2026-07-04T16:00:59.001342+00:00,2026-07-04T16:00:59.001273,1,2,139.55,0.5,139.3,250,,,,,,,,,,,,,,,,,,,139.8,250,140.5,200,,,,,,,,,,,,,,,,
2026-07-04T16:00:59.206968+00:00,2026-07-04T16:00:59.206896,1,2,139.55,0.5,139.3,250,,,,,,,,,,,,,,,,,,,139.8,250,140.5,200,,,,,,,,,,,,,,,,
2026-07-04T16:00:59.321212+00:00,2026-07-04T16:00:59.321094,1,2,139.55,0.5,139.3,100,,,,,,,,,,,,,,,,,,,139.8,100,140.5,200,,,,,,,,,,,,,,,,
2026-07-04T16:00:59.374544+00:00,2026-07-04T16:00:59.374468,2,2,139.6,0.4,139.4,150,139.3,100,,,,,,,,,,,,,,,,,139.8,100,140.5,200,,,,,,,,,,,,,,,,
2026-07-04T16:00:59.411253+00:00,2026-07-04T16:00:59.411212,2,1,139.6,0.4,139.4,150,139.3,100,,,,,,,,,,,,,,,,,139.8,100,,,,,,,,,,,,,,,,,,
2026-07-04T16:00:59.416316+00:00,2026-07-04T16:00:59.416423,2,2,139.6,0.4,139.4,150,139.3,100,,,,,,,,,,,,,,,,,139.8,100,140.5,200,,,,,,,,,,,,,,,,
2026-07-04T16:00:59.426991+00:00,2026-07-04T16:00:59.426886,2,3,139.6,0.4,139.4,150,139.3,100,,,,,,,,,,,,,,,,,139.8,100,139.9,150,140.5,200,,,,,,,,,,,,,,
2026-07-04T16:00:59.618178+00:00,2026-07-04T16:00:59.618042,2,2,139.6,0.4,139.4,150,139.3,100,,,,,,,,,,,,,,,,,139.8,100,139.9,150,,,,,,,,,,,,,,,,
2026-07-04T16:00:59.623503+00:00,2026-07-04T16:00:59.623390,2,3,139.6,0.4,139.4,150,139.3,100,,,,,,,,,,,,,,,,,139.8,100,139.9,150,140.5,200,,,,,,,,,,,,,,
2026-07-04T16:00:59.826108+00:00,2026-07-04T16:00:59.826015,2,2,139.6,0.4,139.4,150,139.3,100,,,,,,,,,,,,,,,,,139.8,100,139.9,150,,,,,,,,,,,,,,,,
2026-07-04T16:00:59.831406+00:00,2026-07-04T16:00:59.831271,2,3,139.6,0.4,139.4,150,139.3,100,,,,,,,,,,,,,,,,,139.8,100,139.9,150,140.5,200,,,,,,,,,,,,,,
2026-07-04T16:01:00.034412+00:00,2026-07-04T16:01:00.034330,2,2,139.6,0.4,139.4,150,139.3,100,,,,,,,,,,,,,,,,,139.8,100,139.9,150,,,,,,,,,,,,,,,,
2026-07-04T16:01:00.039464+00:00,2026-07-04T16:01:00.039596,2,3,139.6,0.4,139.4,150,139.3,100,,,,,,,,,,,,,,,,,139.8,100,139.9,150,140.5,200,,,,,,,,,,,,,,
2026-07-04T16:01:00.240835+00:00,2026-07-04T16:01:00.240754,2,2,139.6,0.4,139.4,150,139.3,100,,,,,,,,,,,,,,,,,139.8,100,139.9,150,,,,,,,,,,,,,,,,
2026-07-04T16:01:00.246049+00:00,2026-07-04T16:01:00.245998,2,3,139.6,0.4,139.4,150,139.3,100,,,,,,,,,,,,,,,,,139.8,100,139.9,150,140.3,200,,,,,,,,,,,,,,
2026-07-04T16:01:00.458849+00:00,2026-07-04T16:01:00.458716,2,3,139.6,0.4,139.4,150,139.3,100,,,,,,,,,,,,,,,,,139.8,100,139.9,150,140.3,200,,,,,,,,,,,,,,
2026-07-04T16:01:00.651754+00:00,2026-07-04T16:01:00.651938,2,2,139.6,0.4,139.4,150,139.3,100,,,,,,,,,,,,,,,,,139.8,100,139.9,150,,,,,,,,,,,,,,,,
2026-07-04T16:01:00.658649+00:00,2026-07-04T16:01:00.657172,2,3,139.6,0.4,139.4,150,139.3,100,,,,,,,,,,,,,,,,,139.8,100,139.9,150,140.3,200,,,,,,,,,,,,,,
2026-07-04T16:01:00.700030+00:00,2026-07-04T16:01:00.699925,1,2,139.65,0.5,139.4,150,,,,,,,,,,,,,,,,,,,139.9,150,140.3,200,,,,,,,,,,,,,,,,
2026-07-04T16:01:00.758626+00:00,2026-07-04T16:01:00.755819,2,2,139.65,0.5,139.4,150,139.2,100,,,,,,,,,,,,,,,,,139.9,150,140.3,200,,,,,,,,,,,,,,,,
2026-07-04T16:01:00.809698+00:00,2026-07-04T16:01:00.809809,2,3,139.55,0.3,139.4,150,139.2,100,,,,,,,,,,,,,,,,,139.7,100,139.9,150,140.3,200,,,,,,,,,,,,,,
2026-07-04T16:01:00.858707+00:00,2026-07-04T16:01:00.858666,2,2,139.55,0.3,139.4,150,139.2,100,,,,,,,,,,,,,,,,,139.7,100,139.9,150,,,,,,,,,,,,,,,,
2026-07-04T16:01:00.863981+00:00,2026-07-04T16:01:00.863862,2,3,139.55,0.3,139.4,150,139.2,100,,,,,,,,,,,,,,,,,139.7,100,139.9,150,140.3,200,,,,,,,,,,,,,,
2026-07-04T16:01:00.905739+00:00,2026-07-04T16:01:00.901588,2,3,139.55,0.3,139.4,150,139.2,100,,,,,,,,,,,,,,,,,139.7,66,139.9,150,140.3,200,,,,,,,,,,,,,,
2026-07-04T16:01:01.064240+00:00,2026-07-04T16:01:01.064390,2,2,139.55,0.3,139.4,150,139.2,100,,,,,,,,,,,,,,,,,139.7,66,139.9,150,,,,,,,,,,,,,,,,
2026-07-04T16:01:01.069481+00:00,2026-07-04T16:01:01.069625,2,3,139.55,0.3,139.4,150,139.2,100,,,,,,,,,,,,,,,,,139.7,66,139.9,150,141.3,200,,,,,,,,,,,,,,
2026-07-04T16:01:01.275923+00:00,2026-07-04T16:01:01.275883,2,3,139.55,0.3,139.4,150,139.2,100,,,,,,,,,,,,,,,,,139.7,66,139.9,150,141.3,200,,,,,,,,,,,,,,
2026-07-04T16:01:01.474574+00:00,2026-07-04T16:01:01.467488,2,3,139.55,0.3,139.4,150,139.2,100,,,,,,,,,,,,,,,,,139.7,54,139.9,150,141.3,200,,,,,,,,,,,,,,
2026-07-04T16:01:01.506366+00:00,2026-07-04T16:01:01.506096,2,2,139.55,0.3,139.4,150,139.2,100,,,,,,,,,,,,,,,,,139.7,54,139.9,150,,,,,,,,,,,,,,,,
2026-07-04T16:01:01.511308+00:00,2026-07-04T16:01:01.511473,2,3,139.55,0.3,139.4,150,139.2,100,,,,,,,,,,,,,,,,,139.7,54,139.9,150,140.9,200,,,,,,,,,,,,,,
2026-07-04T16:01:01.716189+00:00,2026-07-04T16:01:01.716120,2,3,139.55,0.3,139.4,150,139.2,100,,,,,,,,,,,,,,,,,139.7,54,139.9,150,140.9,200,,,,,,,,,,,,,,
2026-07-04T16:01:01.919945+00:00,2026-07-04T16:01:01.919839,2,3,139.55,0.3,139.4,150,139.2,100,,,,,,,,,,,,,,,,,139.7,54,139.9,150,140.9,200,,,,,,,,,,,,,,
2026-07-04T16:01:02.126751+00:00,2026-07-04T16:01:02.126703,2,3,139.55,0.3,139.4,150,139.2,100,,,,,,,,,,,,,,,,,139.7,54,139.9,150,140.9,200,,,,,,,,,,,,,,
2026-07-04T16:01:02.334634+00:00,2026-07-04T16:01:02.334573,2,3,139.55,0.3,139.4,150,139.2,100,,,,,,,,,,,,,,,,,139.7,54,139.9,150,140.9,200,,,,,,,,,,,,,,
2026-07-04T16:01:02.483613+00:00,2026-07-04T16:01:02.483587,1,2,139.45,0.5,139.2,100,,,,,,,,,,,,,,,,,,,139.7,54,140.9,200,,,,,,,,,,,,,,,,
2026-07-04T16:01:02.536834+00:00,2026-07-04T16:01:02.536669,2,1,140.35,1.1,139.8,96,139.2,100,,,,,,,,,,,,,,,,,140.9,200,,,,,,,,,,,,,,,,,,
2026-07-04T16:01:02.541799+00:00,2026-07-04T16:01:02.541892,2,0,,,139.8,96,139.2,100,,,,,,,,,,,,,,,,,,,,,,,,,,,,,,,,,,,,
2026-07-04T16:01:02.552638+00:00,2026-07-04T16:01:02.552426,2,1,140.35,1.1,139.8,96,139.2,100,,,,,,,,,,,,,,,,,140.9,200,,,,,,,,,,,,,,,,,,
2026-07-04T16:01:02.594380+00:00,2026-07-04T16:01:02.594568,2,2,140.05,0.5,139.8,46,139.2,100,,,,,,,,,,,,,,,,,140.3,150,140.9,200,,,,,,,,,,,,,,,,
2026-07-04T16:01:02.758718+00:00,2026-07-04T16:01:02.757433,2,2,140.05,0.5,139.8,46,139.2,100,,,,,,,,,,,,,,,,,140.3,150,140.9,200,,,,,,,,,,,,,,,,
2026-07-04T16:01:02.965616+00:00,2026-07-04T16:01:02.965496,2,1,140.05,0.5,139.8,46,139.2,100,,,,,,,,,,,,,,,,,140.3,150,,,,,,,,,,,,,,,,,,
2026-07-04T16:01:02.970856+00:00,2026-07-04T16:01:02.970723,2,2,140.05,0.5,139.8,46,139.2,100,,,,,,,,,,,,,,,,,140.3,150,141.0,200,,,,,,,,,,,,,,,,
2026-07-04T16:01:03.175110+00:00,2026-07-04T16:01:03.175015,2,2,140.05,0.5,139.8,46,139.2,100,,,,,,,,,,,,,,,,,140.3,150,141.0,200,,,,,,,,,,,,,,,,
2026-07-04T16:01:03.388696+00:00,2026-07-04T16:01:03.388643,2,1,140.05,0.5,139.8,46,139.2,100,,,,,,,,,,,,,,,,,140.3,150,,,,,,,,,,,,,,,,,,
2026-07-04T16:01:03.394018+00:00,2026-07-04T16:01:03.393918,2,2,140.05,0.5,139.8,46,139.2,100,,,,,,,,,,,,,,,,,140.3,150,141.0,200,,,,,,,,,,,,,,,,
2026-07-04T16:01:03.596598+00:00,2026-07-04T16:01:03.596546,2,1,140.05,0.5,139.8,46,139.2,100,,,,,,,,,,,,,,,,,140.3,150,,,,,,,,,,,,,,,,,,
2026-07-04T16:01:03.601886+00:00,2026-07-04T16:01:03.601790,2,2,140.05,0.5,139.8,46,139.2,100,,,,,,,,,,,,,,,,,140.3,150,141.0,200,,,,,,,,,,,,,,,,
2026-07-04T16:01:03.808543+00:00,2026-07-04T16:01:03.808442,2,2,140.05,0.5,139.8,46,139.2,100,,,,,,,,,,,,,,,,,140.3,150,141.0,200,,,,,,,,,,,,,,,,
2026-07-04T16:01:03.859740+00:00,2026-07-04T16:01:03.859616,1,2,140.05,0.5,139.8,46,,,,,,,,,,,,,,,,,,,140.3,150,141.0,200,,,,,,,,,,,,,,,,
2026-07-04T16:01:03.923104+00:00,2026-07-04T16:01:03.923202,2,2,140.25,0.1,140.2,100,139.8,46,,,,,,,,,,,,,,,,,140.3,150,141.0,200,,,,,,,,,,,,,,,,
2026-07-04T16:01:03.932252+00:00,2026-07-04T16:01:03.926945,2,2,140.25,0.1,140.2,88,139.8,46,,,,,,,,,,,,,,,,,140.3,150,141.0,200,,,,,,,,,,,,,,,,
2026-07-04T16:01:03.976005+00:00,2026-07-04T16:01:03.975887,2,3,140.25,0.1,140.2,88,139.8,46,,,,,,,,,,,,,,,,,140.3,150,140.7,100,141.0,200,,,,,,,,,,,,,,
2026-07-04T16:01:04.017684+00:00,2026-07-04T16:01:04.017603,2,3,140.25,0.1,140.2,88,139.8,46,,,,,,,,,,,,,,,,,140.3,150,140.7,100,141.0,200,,,,,,,,,,,,,,
2026-07-04T16:01:04.100803+00:00,2026-07-04T16:01:04.095460,2,3,140.25,0.1,140.2,54,139.8,46,,,,,,,,,,,,,,,,,140.3,150,140.7,100,141.0,200,,,,,,,,,,,,,,
2026-07-04T16:01:04.224331+00:00,2026-07-04T16:01:04.224469,2,2,140.25,0.1,140.2,54,139.8,46,,,,,,,,,,,,,,,,,140.3,150,140.7,300,,,,,,,,,,,,,,,,
2026-07-04T16:01:04.428101+00:00,2026-07-04T16:01:04.428036,2,2,140.25,0.1,140.2,54,139.8,46,,,,,,,,,,,,,,,,,140.3,150,140.7,100,,,,,,,,,,,,,,,,
2026-07-04T16:01:04.433333+00:00,2026-07-04T16:01:04.433232,2,2,140.25,0.1,140.2,54,139.8,46,,,,,,,,,,,,,,,,,140.3,150,140.7,300,,,,,,,,,,,,,,,,
2026-07-04T16:01:04.637168+00:00,2026-07-04T16:01:04.637126,2,2,140.25,0.1,140.2,54,139.8,46,,,,,,,,,,,,,,,,,140.3,150,140.7,300,,,,,,,,,,,,,,,,
2026-07-04T16:01:04.843862+00:00,2026-07-04T16:01:04.843819,2,2,140.25,0.1,140.2,54,139.8,46,,,,,,,,,,,,,,,,,140.3,150,140.7,300,,,,,,,,,,,,,,,,
2026-07-04T16:01:04.858570+00:00,2026-07-04T16:01:04.855980,2,2,140.25,0.1,140.2,54,139.8,46,,,,,,,,,,,,,,,,,140.3,103,140.7,300,,,,,,,,,,,,,,,,
2026-07-04T16:01:05.050598+00:00,2026-07-04T16:01:05.050489,2,2,140.25,0.1,140.2,54,139.8,46,,,,,,,,,,,,,,,,,140.3,103,140.7,300,,,,,,,,,,,,,,,,
2026-07-04T16:01:05.251407+00:00,2026-07-04T16:01:05.251611,2,2,140.25,0.1,140.2,54,139.8,46,,,,,,,,,,,,,,,,,140.3,103,140.7,191,,,,,,,,,,,,,,,,
2026-07-04T16:01:05.463916+00:00,2026-07-04T16:01:05.463823,2,3,140.25,0.1,140.2,54,139.8,46,,,,,,,,,,,,,,,,,140.3,103,140.7,100,141.0,200,,,,,,,,,,,,,,
2026-07-04T16:01:05.647438+00:00,2026-07-04T16:01:05.647371,1,2,140.45,0.5,140.2,54,,,,,,,,,,,,,,,,,,,140.7,100,141.0,200,,,,,,,,,,,,,,,,
2026-07-04T16:01:05.670146+00:00,2026-07-04T16:01:05.670272,1,2,140.45,0.5,140.2,54,,,,,,,,,,,,,,,,,,,140.7,100,141.0,200,,,,,,,,,,,,,,,,
2026-07-04T16:01:05.699719+00:00,2026-07-04T16:01:05.699659,2,2,140.45,0.5,140.2,54,139.6,150,,,,,,,,,,,,,,,,,140.7,100,141.0,200,,,,,,,,,,,,,,,,
2026-07-04T16:01:05.767654+00:00,2026-07-04T16:01:05.762005,1,3,139.85,0.5,139.6,150,,,,,,,,,,,,,,,,,,,140.1,85,140.7,100,141.0,200,,,,,,,,,,,,,,
2026-07-04T16:01:05.876145+00:00,2026-07-04T16:01:05.876054,1,3,139.85,0.5,139.6,150,,,,,,,,,,,,,,,,,,,140.1,85,140.7,100,141.0,200,,,,,,,,,,,,,,
2026-07-04T16:01:06.082041+00:00,2026-07-04T16:01:06.082004,1,3,139.85,0.5,139.6,150,,,,,,,,,,,,,,,,,,,140.1,85,140.7,100,141.0,200,,,,,,,,,,,,,,
2026-07-04T16:01:06.289433+00:00,2026-07-04T16:01:06.289334,1,3,139.85,0.5,139.6,150,,,,,,,,,,,,,,,,,,,140.1,85,140.7,100,141.0,200,,,,,,,,,,,,,,
2026-07-04T16:01:06.491119+00:00,2026-07-04T16:01:06.491065,1,2,139.85,0.5,139.6,150,,,,,,,,,,,,,,,,,,,140.1,85,140.7,100,,,,,,,,,,,,,,,,
2026-07-04T16:01:06.496333+00:00,2026-07-04T16:01:06.496253,1,3,139.85,0.5,139.6,150,,,,,,,,,,,,,,,,,,,140.1,85,140.7,100,140.8,200,,,,,,,,,,,,,,
2026-07-04T16:01:06.699136+00:00,2026-07-04T16:01:06.699310,1,2,139.85,0.5,139.6,150,,,,,,,,,,,,,,,,,,,140.1,85,140.7,100,,,,,,,,,,,,,,,,
2026-07-04T16:01:06.704701+00:00,2026-07-04T16:01:06.704553,1,3,139.85,0.5,139.6,150,,,,,,,,,,,,,,,,,,,140.1,85,140.7,100,140.8,200,,,,,,,,,,,,,,
2026-07-04T16:01:06.730295+00:00,2026-07-04T16:01:06.724209,1,3,139.85,0.5,139.6,150,,,,,,,,,,,,,,,,,,,140.1,73,140.7,100,140.8,200,,,,,,,,,,,,,,
2026-07-04T16:01:06.760345+00:00,2026-07-04T16:01:06.760228,1,3,139.85,0.5,139.6,150,,,,,,,,,,,,,,,,,,,140.1,23,140.7,100,140.8,200,,,,,,,,,,,,,,
2026-07-04T16:01:06.911262+00:00,2026-07-04T16:01:06.911137,1,3,139.85,0.5,139.6,150,,,,,,,,,,,,,,,,,,,140.1,23,140.7,100,141.1,200,,,,,,,,,,,,,,
2026-07-04T16:01:07.027165+00:00,2026-07-04T16:01:07.027114,1,2,139.85,0.5,139.6,150,,,,,,,,,,,,,,,,,,,140.1,23,141.1,200,,,,,,,,,,,,,,,,
2026-07-04T16:01:07.084240+00:00,2026-07-04T16:01:07.084165,2,2,140.0,0.2,139.9,100,139.6,150,,,,,,,,,,,,,,,,,140.1,23,141.1,200,,,,,,,,,,,,,,,,
2026-07-04T16:01:07.118180+00:00,2026-07-04T16:01:07.118110,2,2,140.0,0.2,139.9,100,139.6,150,,,,,,,,,,,,,,,,,140.1,23,141.1,200,,,,,,,,,,,,,,,,
2026-07-04T16:01:07.137043+00:00,2026-07-04T16:01:07.136949,2,3,140.0,0.2,139.9,100,139.6,150,,,,,,,,,,,,,,,,,140.1,23,140.4,100,141.1,200,,,,,,,,,,,,,,
2026-07-04T16:01:07.321960+00:00,2026-07-04T16:01:07.321862,2,2,140.0,0.2,139.9,100,139.6,150,,,,,,,,,,,,,,,,,140.1,23,140.4,100,,,,,,,,,,,,,,,,
2026-07-04T16:01:07.326960+00:00,2026-07-04T16:01:07.327060,2,3,140.0,0.2,139.9,100,139.6,150,,,,,,,,,,,,,,,,,140.1,23,140.4,100,141.1,200,,,,,,,,,,,,,,
2026-07-04T16:01:07.531490+00:00,2026-07-04T16:01:07.531334,2,2,140.0,0.2,139.9,100,139.6,150,,,,,,,,,,,,,,,,,140.1,23,140.4,100,,,,,,,,,,,,,,,,
2026-07-04T16:01:07.576321+00:00,2026-07-04T16:01:07.576262,2,3,140.0,0.2,139.9,100,139.6,150,,,,,,,,,,,,,,,,,140.1,23,140.4,100,141.1,200,,,,,,,,,,,,,,
2026-07-04T16:01:07.778532+00:00,2026-07-04T16:01:07.778781,2,2,140.0,0.2,139.9,100,139.6,150,,,,,,,,,,,,,,,,,140.1,23,140.4,100,,,,,,,,,,,,,,,,
2026-07-04T16:01:07.784236+00:00,2026-07-04T16:01:07.784075,2,3,140.0,0.2,139.9,100,139.6,150,,,,,,,,,,,,,,,,,140.1,23,140.4,100,141.0,200,,,,,,,,,,,,,,
2026-07-04T16:01:07.988706+00:00,2026-07-04T16:01:07.988665,2,3,140.0,0.2,139.9,100,139.6,150,,,,,,,,,,,,,,,,,140.1,23,140.4,100,141.0,200,,,,,,,,,,,,,,
2026-07-04T16:01:08.195936+00:00,2026-07-04T16:01:08.195865,2,3,140.0,0.2,139.9,100,139.6,150,,,,,,,,,,,,,,,,,140.1,23,140.4,100,140.8,200,,,,,,,,,,,,,,
2026-07-04T16:01:08.401347+00:00,2026-07-04T16:01:08.401480,2,3,140.0,0.2,139.9,100,139.6,150,,,,,,,,,,,,,,,,,140.1,23,140.4,100,140.8,200,,,,,,,,,,,,,,
2026-07-04T16:01:08.605828+00:00,2026-07-04T16:01:08.605730,2,2,140.0,0.2,139.9,100,139.6,150,,,,,,,,,,,,,,,,,140.1,23,140.4,100,,,,,,,,,,,,,,,,
2026-07-04T16:01:08.611011+00:00,2026-07-04T16:01:08.610932,2,3,140.0,0.2,139.9,100,139.6,150,,,,,,,,,,,,,,,,,140.1,23,140.4,100,140.8,200,,,,,,,,,,,,,,
2026-07-04T16:01:08.813260+00:00,2026-07-04T16:01:08.813097,2,2,140.0,0.2,139.9,100,139.6,150,,,,,,,,,,,,,,,,,140.1,23,140.4,100,,,,,,,,,,,,,,,,
2026-07-04T16:01:08.818479+00:00,2026-07-04T16:01:08.818390,1,2,140.15,0.5,139.9,100,,,,,,,,,,,,,,,,,,,140.4,100,140.8,200,,,,,,,,,,,,,,,,
2026-07-04T16:01:08.875533+00:00,2026-07-04T16:01:08.875423,2,2,140.2,0.4,140.0,150,139.9,100,,,,,,,,,,,,,,,,,140.4,100,140.8,200,,,,,,,,,,,,,,,,
2026-07-04T16:01:08.916639+00:00,2026-07-04T16:01:08.916503,2,2,140.2,0.4,140.0,100,139.9,100,,,,,,,,,,,,,,,,,140.4,100,140.8,200,,,,,,,,,,,,,,,,
2026-07-04T16:01:08.929334+00:00,2026-07-04T16:01:08.929277,2,3,140.2,0.4,140.0,100,139.9,100,,,,,,,,,,,,,,,,,140.4,100,140.5,150,140.8,200,,,,,,,,,,,,,,
2026-07-04T16:01:09.021465+00:00,2026-07-04T16:01:09.021387,2,3,140.2,0.4,140.0,100,139.9,100,,,,,,,,,,,,,,,,,140.4,100,140.5,150,140.8,200,,,,,,,,,,,,,,
2026-07-04T16:01:09.227944+00:00,2026-07-04T16:01:09.227867,2,3,140.2,0.4,140.0,100,139.9,100,,,,,,,,,,,,,,,,,140.4,100,140.5,150,140.8,200,,,,,,,,,,,,,,
2026-07-04T16:01:09.434655+00:00,2026-07-04T16:01:09.434574,2,3,140.2,0.4,140.0,100,139.9,100,,,,,,,,,,,,,,,,,140.4,100,140.5,150,140.8,200,,,,,,,,,,,,,,
2026-07-04T16:01:09.640504+00:00,2026-07-04T16:01:09.640412,2,3,140.2,0.4,140.0,100,139.9,100,,,,,,,,,,,,,,,,,140.4,100,140.5,150,140.8,200,,,,,,,,,,,,,,
2026-07-04T16:01:09.842098+00:00,2026-07-04T16:01:09.842061,2,2,140.2,0.4,140.0,100,139.9,100,,,,,,,,,,,,,,,,,140.4,100,140.5,150,,,,,,,,,,,,,,,,
2026-07-04T16:01:09.847341+00:00,2026-07-04T16:01:09.847257,2,3,140.2,0.4,140.0,100,139.9,100,,,,,,,,,,,,,,,,,140.4,100,140.5,150,140.8,200,,,,,,,,,,,,,,
2026-07-04T16:01:10.051723+00:00,2026-07-04T16:01:10.051898,2,3,140.2,0.4,140.0,100,139.9,100,,,,,,,,,,,,,,,,,140.4,100,140.5,150,140.8,125,,,,,,,,,,,,,,
2026-07-04T16:01:10.191330+00:00,2026-07-04T16:01:10.191203,1,2,140.25,0.5,140.0,100,,,,,,,,,,,,,,,,,,,140.5,150,140.8,125,,,,,,,,,,,,,,,,
2026-07-04T16:01:10.240947+00:00,2026-07-04T16:01:10.240858,2,2,140.25,0.5,140.0,100,139.7,100,,,,,,,,,,,,,,,,,140.5,150,140.8,125,,,,,,,,,,,,,,,,
2026-07-04T16:01:10.258618+00:00,2026-07-04T16:01:10.251446,2,2,140.25,0.5,140.0,100,139.7,100,,,,,,,,,,,,,,,,,140.5,150,140.8,125,,,,,,,,,,,,,,,,
2026-07-04T16:01:10.298281+00:00,2026-07-04T16:01:10.298143,2,3,140.1,0.2,140.0,100,139.7,100,,,,,,,,,,,,,,,,,140.2,100,140.5,150,140.8,125,,,,,,,,,,,,,,
2026-07-04T16:01:10.458598+00:00,2026-07-04T16:01:10.457481,2,3,140.1,0.2,140.0,100,139.7,100,,,,,,,,,,,,,,,,,140.2,100,140.5,150,140.8,125,,,,,,,,,,,,,,
2026-07-04T16:01:10.670431+00:00,2026-07-04T16:01:10.670320,2,3,140.1,0.2,140.0,100,139.7,100,,,,,,,,,,,,,,,,,140.2,100,140.5,150,141.0,200,,,,,,,,,,,,,,
2026-07-04T16:01:10.777089+00:00,2026-07-04T16:01:10.777313,2,3,140.1,0.2,140.0,100,139.7,100,,,,,,,,,,,,,,,,,140.2,53,140.5,150,141.0,200,,,,,,,,,,,,,,
2026-07-04T16:01:10.876179+00:00,2026-07-04T16:01:10.876155,2,3,140.1,0.2,140.0,100,139.7,100,,,,,,,,,,,,,,,,,140.2,53,140.5,150,141.0,200,,,,,,,,,,,,,,
2026-07-04T16:01:10.972518+00:00,2026-07-04T16:01:10.972489,2,3,140.1,0.2,140.0,100,139.7,100,,,,,,,,,,,,,,,,,140.2,3,140.5,150,141.0,200,,,,,,,,,,,,,,
2026-07-04T16:01:11.084418+00:00,2026-07-04T16:01:11.084297,2,3,140.1,0.2,140.0,100,139.7,100,,,,,,,,,,,,,,,,,140.2,3,140.5,150,141.0,200,,,,,,,,,,,,,,
2026-07-04T16:01:11.298096+00:00,2026-07-04T16:01:11.298013,2,3,140.1,0.2,140.0,100,139.7,100,,,,,,,,,,,,,,,,,140.2,3,140.5,150,141.0,200,,,,,,,,,,,,,,
2026-07-04T16:01:11.358667+00:00,2026-07-04T16:01:11.352945,2,3,140.1,0.2,140.0,59,139.7,100,,,,,,,,,,,,,,,,,140.2,3,140.5,150,141.0,200,,,,,,,,,,,,,,
2026-07-04T16:01:11.505953+00:00,2026-07-04T16:01:11.505887,2,3,140.1,0.2,140.0,59,139.7,100,,,,,,,,,,,,,,,,,140.2,3,140.5,150,141.0,200,,,,,,,,,,,,,,
2026-07-04T16:01:11.713319+00:00,2026-07-04T16:01:11.713205,2,3,140.1,0.2,140.0,59,139.7,100,,,,,,,,,,,,,,,,,140.2,3,140.5,150,141.0,200,,,,,,,,,,,,,,
2026-07-04T16:01:11.858779+00:00,2026-07-04T16:01:11.825682,2,2,140.25,0.5,140.0,59,139.7,100,,,,,,,,,,,,,,,,,140.5,150,141.0,200,,,,,,,,,,,,,,,,
2026-07-04T16:01:11.963721+00:00,2026-07-04T16:01:11.964079,2,2,140.25,0.5,140.0,18,139.7,100,,,,,,,,,,,,,,,,,140.5,150,141.0,200,,,,,,,,,,,,,,,,
2026-07-04T16:01:11.985310+00:00,2026-07-04T16:01:11.985131,1,1,140.35,1.3,139.7,100,,,,,,,,,,,,,,,,,,,141.0,200,,,,,,,,,,,,,,,,,,
2026-07-04T16:01:12.058627+00:00,2026-07-04T16:01:11.997080,1,1,140.35,1.3,139.7,100,,,,,,,,,,,,,,,,,,,141.0,178,,,,,,,,,,,,,,,,,,
2026-07-04T16:01:12.069246+00:00,2026-07-04T16:01:12.069150,2,1,140.35,1.3,139.7,100,139.6,150,,,,,,,,,,,,,,,,,141.0,178,,,,,,,,,,,,,,,,,,
2026-07-04T16:01:12.091790+00:00,2026-07-04T16:01:12.091705,2,2,139.9,0.4,139.7,100,139.6,150,,,,,,,,,,,,,,,,,140.1,150,141.0,178,,,,,,,,,,,,,,,,
2026-07-04T16:01:12.125094+00:00,2026-07-04T16:01:12.125015,2,1,139.9,0.4,139.7,100,139.6,150,,,,,,,,,,,,,,,,,140.1,150,,,,,,,,,,,,,,,,,,
2026-07-04T16:01:12.130403+00:00,2026-07-04T16:01:12.130285,2,2,139.9,0.4,139.7,100,139.6,150,,,,,,,,,,,,,,,,,140.1,128,140.9,200,,,,,,,,,,,,,,,,
2026-07-04T16:01:12.335360+00:00,2026-07-04T16:01:12.335502,2,2,139.9,0.4,139.7,100,139.6,150,,,,,,,,,,,,,,,,,140.1,128,140.9,200,,,,,,,,,,,,,,,,
2026-07-04T16:01:12.527808+00:00,2026-07-04T16:01:12.522608,2,2,139.9,0.4,139.7,100,139.6,150,,,,,,,,,,,,,,,,,140.1,117,140.9,200,,,,,,,,,,,,,,,,
2026-07-04T16:01:12.543432+00:00,2026-07-04T16:01:12.543363,2,2,139.9,0.4,139.7,100,139.6,150,,,,,,,,,,,,,,,,,140.1,117,141.1,200,,,,,,,,,,,,,,,,
2026-07-04T16:01:12.747742+00:00,2026-07-04T16:01:12.747680,2,2,139.9,0.4,139.7,100,139.6,150,,,,,,,,,,,,,,,,,140.1,117,141.1,200,,,,,,,,,,,,,,,,
2026-07-04T16:01:12.954343+00:00,2026-07-04T16:01:12.954496,2,2,139.9,0.4,139.7,100,139.6,150,,,,,,,,,,,,,,,,,140.1,117,141.1,200,,,,,,,,,,,,,,,,
2026-07-04T16:01:13.158604+00:00,2026-07-04T16:01:13.156016,2,2,139.9,0.4,139.7,100,139.6,150,,,,,,,,,,,,,,,,,140.1,117,141.1,200,,,,,,,,,,,,,,,,
2026-07-04T16:01:13.288855+00:00,2026-07-04T16:01:13.283501,2,2,139.9,0.4,139.7,100,139.6,150,,,,,,,,,,,,,,,,,140.1,94,141.1,200,,,,,,,,,,,,,,,,
2026-07-04T16:01:13.352462+00:00,2026-07-04T16:01:13.352603,1,2,139.85,0.5,139.6,150,,,,,,,,,,,,,,,,,,,140.1,94,141.1,200,,,,,,,,,,,,,,,,
2026-07-04T16:01:13.368259+00:00,2026-07-04T16:01:13.368424,1,2,139.85,0.5,139.6,150,,,,,,,,,,,,,,,,,,,140.1,94,141.3,200,,,,,,,,,,,,,,,,
2026-07-04T16:01:13.411906+00:00,2026-07-04T16:01:13.406484,1,1,140.45,1.7,139.6,150,,,,,,,,,,,,,,,,,,,141.3,200,,,,,,,,,,,,,,,,,,
2026-07-04T16:01:13.461080+00:00,2026-07-04T16:01:13.461209,1,2,140.3,1.4,139.6,150,,,,,,,,,,,,,,,,,,,141.0,100,141.3,200,,,,,,,,,,,,,,,,
2026-07-04T16:01:13.572112+00:00,2026-07-04T16:01:13.572037,1,1,140.3,1.4,139.6,150,,,,,,,,,,,,,,,,,,,141.0,100,,,,,,,,,,,,,,,,,,
2026-07-04T16:01:13.577382+00:00,2026-07-04T16:01:13.577305,1,2,140.3,1.4,139.6,150,,,,,,,,,,,,,,,,,,,141.0,100,141.3,200,,,,,,,,,,,,,,,,
2026-07-04T16:01:13.780297+00:00,2026-07-04T16:01:13.780218,1,1,140.3,1.4,139.6,150,,,,,,,,,,,,,,,,,,,141.0,100,,,,,,,,,,,,,,,,,,
2026-07-04T16:01:13.785531+00:00,2026-07-04T16:01:13.785448,1,2,140.3,1.4,139.6,150,,,,,,,,,,,,,,,,,,,141.0,100,141.2,200,,,,,,,,,,,,,,,,
2026-07-04T16:01:13.988831+00:00,2026-07-04T16:01:13.988776,1,2,140.3,1.4,139.6,150,,,,,,,,,,,,,,,,,,,141.0,100,141.2,200,,,,,,,,,,,,,,,,
2026-07-04T16:01:14.009572+00:00,2026-07-04T16:01:14.009507,1,2,140.3,1.4,139.6,150,,,,,,,,,,,,,,,,,,,141.0,53,141.2,200,,,,,,,,,,,,,,,,
2026-07-04T16:01:14.218700+00:00,2026-07-04T16:01:14.218498,1,1,140.3,1.4,139.6,150,,,,,,,,,,,,,,,,,,,141.0,53,,,,,,,,,,,,,,,,,,
2026-07-04T16:01:14.223879+00:00,2026-07-04T16:01:14.223822,1,2,140.3,1.4,139.6,150,,,,,,,,,,,,,,,,,,,141.0,53,141.2,200,,,,,,,,,,,,,,,,
2026-07-04T16:01:14.426569+00:00,2026-07-04T16:01:14.426459,1,2,140.3,1.4,139.6,150,,,,,,,,,,,,,,,,,,,141.0,53,141.2,200,,,,,,,,,,,,,,,,
