recv_time,book_timestamp,n_bids,n_asks,mid,spread,bid_px_0,bid_vol_0,bid_px_1,bid_vol_1,bid_px_2,bid_vol_2,bid_px_3,bid_vol_3,bid_px_4,bid_vol_4,bid_px_5,bid_vol_5,bid_px_6,bid_vol_6,bid_px_7,bid_vol_7,bid_px_8,bid_vol_8,bid_px_9,bid_vol_9,ask_px_0,ask_vol_0,ask_px_1,ask_vol_1,ask_px_2,ask_vol_2,ask_px_3,ask_vol_3,ask_px_4,ask_vol_4,ask_px_5,ask_vol_5,ask_px_6,ask_vol_6,ask_px_7,ask_vol_7,ask_px_8,ask_vol_8,ask_px_9,ask_vol_9
2026-06-28T23:00:00.345735+00:00,2026-06-29T09:00:00.345735,3,2,99.8,0.4,99.6,52,99.5,100,99.3,4,,,,,,,,,,,,,,,100.0,50,100.1,150,,,,,,,,,,,,,,,,
2026-06-28T23:00:00.587734+00:00,2026-06-29T09:00:00.586735,3,2,99.8,0.4,99.6,52,99.5,100,99.3,3,,,,,,,,,,,,,,,100.0,50,100.1,150,,,,,,,,,,,,,,,,
2026-06-28T23:00:01.599734+00:00,2026-06-29T09:00:01.589734,3,2,99.8,0.4,99.6,52,99.5,100,99.3,2,,,,,,,,,,,,,,,100.0,50,100.1,150,,,,,,,,,,,,,,,,
2026-06-28T23:00:01.742735+00:00,2026-06-29T09:00:01.732735,3,1,99.85,0.5,99.6,52,99.5,100,99.3,2,,,,,,,,,,,,,,,100.1,150,,,,,,,,,,,,,,,,,,
2026-06-28T23:00:01.852735+00:00,2026-06-29T09:00:01.849735,2,0,,,99.5,100,99.3,2,,,,,,,,,,,,,,,,,,,,,,,,,,,,,,,,,,,,
2026-06-28T23:00:01.907734+00:00,2026-06-29T09:00:01.902734,3,0,,,99.5,100,99.3,2,99.2,150,,,,,,,,,,,,,,,,,,,,,,,,,,,,,,,,,,
2026-06-28T23:00:01.962734+00:00,2026-06-29T09:00:01.955735,3,1,99.6,0.2,99.5,100,99.3,2,99.2,150,,,,,,,,,,,,,,,99.7,150,,,,,,,,,,,,,,,,,,
2026-06-28T23:00:02.094735+00:00,2026-06-29T09:00:02.086735,2,1,99.5,0.4,99.3,2,99.2,150,,,,,,,,,,,,,,,,,99.7,150,,,,,,,,,,,,,,,,,,
2026-06-28T23:00:02.149735+00:00,2026-06-29T09:00:02.144734,2,1,99.5,0.4,99.3,2,99.2,150,,,,,,,,,,,,,,,,,99.7,50,,,,,,,,,,,,,,,,,,
2026-06-28T23:00:02.204734+00:00,2026-06-29T09:00:02.196735,2,2,99.5,0.4,99.3,2,99.2,150,,,,,,,,,,,,,,,,,99.7,50,100.3,100,,,,,,,,,,,,,,,,
2026-06-28T23:00:02.490734+00:00,2026-06-29T09:00:02.479735,2,2,99.5,0.4,99.3,2,99.2,150,,,,,,,,,,,,,,,,,99.7,5,100.3,100,,,,,,,,,,,,,,,,
2026-06-28T23:00:02.589735+00:00,2026-06-29T09:00:02.586734,2,2,99.5,0.4,99.3,1,99.2,150,,,,,,,,,,,,,,,,,99.7,5,100.3,100,,,,,,,,,,,,,,,,
2026-06-28T23:00:03.293330+00:00,2026-06-29T09:00:03.283330,2,2,99.5,0.4,99.3,1,99.2,150,,,,,,,,,,,,,,,,,99.7,11,100.3,100,,,,,,,,,,,,,,,,
2026-06-28T23:00:03.920339+00:00,2026-06-29T09:00:03.915339,1,2,99.45,0.5,99.2,101,,,,,,,,,,,,,,,,,,,99.7,11,100.3,100,,,,,,,,,,,,,,,,
2026-06-28T23:00:04.217351+00:00,2026-06-29T09:00:04.216351,1,2,99.45,0.5,99.2,101,,,,,,,,,,,,,,,,,,,99.7,8,100.3,100,,,,,,,,,,,,,,,,
2026-06-28T23:00:04.283351+00:00,2026-06-29T09:00:04.280351,1,2,99.45,0.5,99.2,101,,,,,,,,,,,,,,,,,,,99.7,6,100.3,100,,,,,,,,,,,,,,,,
2026-06-28T23:00:04.547360+00:00,2026-06-29T09:00:04.537351,1,2,99.45,0.5,99.2,101,,,,,,,,,,,,,,,,,,,99.7,5,100.3,100,,,,,,,,,,,,,,,,
2026-06-28T23:00:05.020360+00:00,2026-06-29T09:00:05.010360,0,1,,,,,,,,,,,,,,,,,,,,,,,100.3,100,,,,,,,,,,,,,,,,,,
2026-06-28T23:00:05.086359+00:00,2026-06-29T09:00:05.076360,1,1,99.95,0.7,99.6,150,,,,,,,,,,,,,,,,,,,100.3,100,,,,,,,,,,,,,,,,,,
2026-06-28T23:00:05.130359+00:00,2026-06-29T09:00:05.129359,1,2,99.85,0.5,99.6,150,,,,,,,,,,,,,,,,,,,100.1,150,100.3,100,,,,,,,,,,,,,,,,
2026-06-28T23:00:05.251351+00:00,2026-06-29T09:00:05.250350,2,1,99.85,0.5,99.6,150,99.4,5,,,,,,,,,,,,,,,,,100.1,150,,,,,,,,,,,,,,,,,,
2026-06-28T23:00:05.306351+00:00,2026-06-29T09:00:05.302351,3,1,99.9,0.4,99.7,100,99.6,150,99.4,5,,,,,,,,,,,,,,,100.1,150,,,,,,,,,,,,,,,,,,
2026-06-28T23:00:05.361350+00:00,2026-06-29T09:00:05.355350,3,2,99.9,0.4,99.7,100,99.6,150,99.4,5,,,,,,,,,,,,,,,100.1,150,100.2,100,,,,,,,,,,,,,,,,
2026-06-28T23:00:06.032360+00:00,2026-06-29T09:00:06.023360,3,2,99.9,0.4,99.7,50,99.6,150,99.4,5,,,,,,,,,,,,,,,100.1,150,100.2,100,,,,,,,,,,,,,,,,
2026-06-28T23:00:06.185927+00:00,2026-06-29T09:00:06.179927,3,2,99.9,0.4,99.7,3,99.6,150,99.4,5,,,,,,,,,,,,,,,100.1,150,100.2,100,,,,,,,,,,,,,,,,
2026-06-28T23:00:06.713436+00:00,2026-06-29T09:00:06.707436,3,2,99.9,0.4,99.7,3,99.6,150,99.4,5,,,,,,,,,,,,,,,100.1,103,100.2,100,,,,,,,,,,,,,,,,
2026-06-28T23:00:08.131593+00:00,2026-06-29T09:00:08.130593,2,2,99.85,0.5,99.6,103,99.4,5,,,,,,,,,,,,,,,,,100.1,103,100.2,100,,,,,,,,,,,,,,,,
2026-06-28T23:00:08.186593+00:00,2026-06-29T09:00:08.182593,1,1,99.8,0.8,99.4,5,,,,,,,,,,,,,,,,,,,100.2,100,,,,,,,,,,,,,,,,,,
2026-06-28T23:00:08.241593+00:00,2026-06-29T09:00:08.235593,2,1,100.0,0.4,99.8,150,99.4,5,,,,,,,,,,,,,,,,,100.2,100,,,,,,,,,,,,,,,,,,
2026-06-28T23:00:08.296593+00:00,2026-06-29T09:00:08.286594,2,2,100.0,0.4,99.8,150,99.4,5,,,,,,,,,,,,,,,,,100.2,100,100.3,150,,,,,,,,,,,,,,,,
2026-06-28T23:00:08.417593+00:00,2026-06-29T09:00:08.409593,2,1,100.05,0.5,99.8,150,99.4,5,,,,,,,,,,,,,,,,,100.3,150,,,,,,,,,,,,,,,,,,
2026-06-28T23:00:08.472593+00:00,2026-06-29T09:00:08.462594,2,1,100.05,0.5,99.8,150,99.4,105,,,,,,,,,,,,,,,,,100.3,150,,,,,,,,,,,,,,,,,,
2026-06-28T23:00:08.516593+00:00,2026-06-29T09:00:08.514593,2,2,99.85,0.1,99.8,150,99.4,105,,,,,,,,,,,,,,,,,99.9,100,100.3,150,,,,,,,,,,,,,,,,
2026-06-28T23:00:10.188593+00:00,2026-06-29T09:00:10.185593,2,2,99.85,0.1,99.8,150,99.4,105,,,,,,,,,,,,,,,,,99.9,50,100.3,150,,,,,,,,,,,,,,,,
2026-06-28T23:00:10.628593+00:00,2026-06-29T09:00:10.619593,2,2,99.85,0.1,99.8,109,99.4,105,,,,,,,,,,,,,,,,,99.9,50,100.3,150,,,,,,,,,,,,,,,,
2026-06-28T23:00:10.760593+00:00,2026-06-29T09:00:10.754593,2,2,99.85,0.1,99.8,84,99.4,105,,,,,,,,,,,,,,,,,99.9,50,100.3,150,,,,,,,,,,,,,,,,
2026-06-28T23:00:10.969593+00:00,2026-06-29T09:00:10.962593,2,2,99.85,0.1,99.8,59,99.4,105,,,,,,,,,,,,,,,,,99.9,50,100.3,150,,,,,,,,,,,,,,,,
2026-06-28T23:00:10.991593+00:00,2026-06-29T09:00:10.984593,2,2,99.85,0.1,99.8,59,99.4,100,,,,,,,,,,,,,,,,,99.9,50,100.3,150,,,,,,,,,,,,,,,,
2026-06-28T23:00:11.134593+00:00,2026-06-29T09:00:11.124593,3,2,99.85,0.1,99.8,59,99.6,6,99.4,100,,,,,,,,,,,,,,,99.9,50,100.3,150,,,,,,,,,,,,,,,,
2026-06-28T23:00:11.178593+00:00,2026-06-29T09:00:11.172585,3,2,99.85,0.1,99.8,34,99.6,6,99.4,100,,,,,,,,,,,,,,,99.9,50,100.3,150,,,,,,,,,,,,,,,,
2026-06-28T23:00:11.222593+00:00,2026-06-29T09:00:11.216593,3,2,99.85,0.1,99.8,34,99.6,6,99.4,100,,,,,,,,,,,,,,,99.9,6,100.3,150,,,,,,,,,,,,,,,,
2026-06-28T23:00:11.343593+00:00,2026-06-29T09:00:11.341593,2,1,99.75,0.3,99.6,6,99.4,100,,,,,,,,,,,,,,,,,99.9,6,,,,,,,,,,,,,,,,,,
2026-06-28T23:00:11.398593+00:00,2026-06-29T09:00:11.394593,3,1,99.75,0.3,99.6,6,99.4,100,99.2,150,,,,,,,,,,,,,,,99.9,6,,,,,,,,,,,,,,,,,,
2026-06-28T23:00:11.453593+00:00,2026-06-29T09:00:11.448593,3,2,99.65,0.1,99.6,6,99.4,100,99.2,150,,,,,,,,,,,,,,,99.7,150,99.9,6,,,,,,,,,,,,,,,,
2026-06-28T23:00:11.574593+00:00,2026-06-29T09:00:11.569593,2,1,99.65,0.1,99.6,6,99.2,150,,,,,,,,,,,,,,,,,99.7,150,,,,,,,,,,,,,,,,,,
2026-06-28T23:00:11.629593+00:00,2026-06-29T09:00:11.622593,2,1,99.65,0.1,99.6,106,99.2,150,,,,,,,,,,,,,,,,,99.7,150,,,,,,,,,,,,,,,,,,
2026-06-28T23:00:11.684593+00:00,2026-06-29T09:00:11.674593,2,2,99.65,0.1,99.6,106,99.2,150,,,,,,,,,,,,,,,,,99.7,150,100.1,100,,,,,,,,,,,,,,,,
2026-06-28T23:00:11.937593+00:00,2026-06-29T09:00:11.935593,2,2,99.65,0.1,99.6,105,99.2,150,,,,,,,,,,,,,,,,,99.7,150,100.1,100,,,,,,,,,,,,,,,,
2026-06-28T23:00:13.532171+00:00,2026-06-29T09:00:13.524171,2,2,99.65,0.1,99.6,105,99.2,150,,,,,,,,,,,,,,,,,99.7,110,100.1,100,,,,,,,,,,,,,,,,
2026-06-28T23:00:14.400680+00:00,2026-06-29T09:00:14.393681,2,2,99.65,0.1,99.6,105,99.2,150,,,,,,,,,,,,,,,,,99.7,85,100.1,100,,,,,,,,,,,,,,,,
2026-06-28T23:00:14.455680+00:00,2026-06-29T09:00:14.450681,2,2,99.65,0.1,99.6,55,99.2,150,,,,,,,,,,,,,,,,,99.7,85,100.1,100,,,,,,,,,,,,,,,,
2026-06-28T23:00:14.477680+00:00,2026-06-29T09:00:14.466806,3,2,99.65,0.1,99.6,55,99.5,5,99.2,150,,,,,,,,,,,,,,,99.7,85,100.1,100,,,,,,,,,,,,,,,,
2026-06-28T23:00:14.510680+00:00,2026-06-29T09:00:14.503681,2,1,99.85,0.5,99.6,55,99.5,5,,,,,,,,,,,,,,,,,100.1,100,,,,,,,,,,,,,,,,,,
2026-06-28T23:00:14.565680+00:00,2026-06-29T09:00:14.556680,3,1,99.9,0.4,99.7,150,99.6,55,99.5,5,,,,,,,,,,,,,,,100.1,100,,,,,,,,,,,,,,,,,,
2026-06-28T23:00:14.609681+00:00,2026-06-29T09:00:14.607680,3,2,99.9,0.4,99.7,150,99.6,55,99.5,5,,,,,,,,,,,,,,,100.1,100,100.2,150,,,,,,,,,,,,,,,,
2026-06-28T23:00:14.730680+00:00,2026-06-29T09:00:14.729680,2,1,99.95,0.5,99.7,150,99.5,5,,,,,,,,,,,,,,,,,100.2,150,,,,,,,,,,,,,,,,,,
2026-06-28T23:00:14.796681+00:00,2026-06-29T09:00:14.786681,3,1,99.95,0.5,99.7,150,99.6,100,99.5,5,,,,,,,,,,,,,,,100.2,150,,,,,,,,,,,,,,,,,,
2026-06-28T23:00:14.840680+00:00,2026-06-29T09:00:14.836680,3,2,99.9,0.4,99.7,150,99.6,100,99.5,5,,,,,,,,,,,,,,,100.1,100,100.2,150,,,,,,,,,,,,,,,,
2026-06-28T23:00:15.874689+00:00,2026-06-29T09:00:15.872689,3,2,99.9,0.4,99.7,150,99.6,100,99.5,5,,,,,,,,,,,,,,,100.1,51,100.2,150,,,,,,,,,,,,,,,,
2026-06-28T23:00:16.578267+00:00,2026-06-29T09:00:16.577368,3,2,99.9,0.4,99.7,100,99.6,100,99.5,5,,,,,,,,,,,,,,,100.1,51,100.2,150,,,,,,,,,,,,,,,,
2026-06-28T23:00:17.183342+00:00,2026-06-29T09:00:17.173341,3,2,99.9,0.4,99.7,100,99.6,100,99.5,4,,,,,,,,,,,,,,,100.1,51,100.2,150,,,,,,,,,,,,,,,,
2026-06-28T23:00:17.667380+00:00,2026-06-29T09:00:17.664380,2,1,99.85,0.5,99.6,100,99.5,4,,,,,,,,,,,,,,,,,100.1,51,,,,,,,,,,,,,,,,,,
2026-06-28T23:00:17.722381+00:00,2026-06-29T09:00:17.716381,2,1,99.85,0.5,99.6,100,99.5,154,,,,,,,,,,,,,,,,,100.1,51,,,,,,,,,,,,,,,,,,
2026-06-28T23:00:17.788381+00:00,2026-06-29T09:00:17.782318,2,2,99.8,0.4,99.6,100,99.5,154,,,,,,,,,,,,,,,,,100.0,150,100.1,51,,,,,,,,,,,,,,,,
2026-06-28T23:00:17.898271+00:00,2026-06-29T09:00:17.892271,1,1,99.75,0.5,99.5,154,,,,,,,,,,,,,,,,,,,100.0,150,,,,,,,,,,,,,,,,,,
2026-06-28T23:00:17.951727+00:00,2026-06-29T09:00:17.943721,2,1,99.85,0.3,99.7,100,99.5,154,,,,,,,,,,,,,,,,,100.0,150,,,,,,,,,,,,,,,,,,
2026-06-28T23:00:18.006727+00:00,2026-06-29T09:00:18.000727,2,2,99.85,0.3,99.7,100,99.5,154,,,,,,,,,,,,,,,,,100.0,150,100.2,100,,,,,,,,,,,,,,,,
2026-06-28T23:00:18.688727+00:00,2026-06-29T09:00:18.680727,2,2,99.85,0.3,99.7,50,99.5,154,,,,,,,,,,,,,,,,,100.0,150,100.2,100,,,,,,,,,,,,,,,,
2026-06-28T23:00:18.996727+00:00,2026-06-29T09:00:18.990727,2,2,99.85,0.3,99.7,8,99.5,154,,,,,,,,,,,,,,,,,100.0,150,100.2,100,,,,,,,,,,,,,,,,
2026-06-28T23:00:19.491718+00:00,2026-06-29T09:00:19.481718,2,3,99.8,0.2,99.7,8,99.5,154,,,,,,,,,,,,,,,,,99.9,2,100.0,150,100.2,100,,,,,,,,,,,,,,
2026-06-28T23:00:20.085727+00:00,2026-06-29T09:00:20.074884,1,3,99.7,0.4,99.5,121,,,,,,,,,,,,,,,,,,,99.9,2,100.0,150,100.2,100,,,,,,,,,,,,,,
2026-06-28T23:00:20.481738+00:00,2026-06-29T09:00:20.481738,1,3,99.7,0.4,99.5,121,,,,,,,,,,,,,,,,,,,99.9,1,100.0,150,100.2,100,,,,,,,,,,,,,,
2026-06-28T23:00:20.701784+00:00,2026-06-29T09:00:20.700784,2,3,99.75,0.3,99.6,4,99.5,121,,,,,,,,,,,,,,,,,99.9,1,100.0,150,100.2,100,,,,,,,,,,,,,,
2026-06-28T23:00:20.789795+00:00,2026-06-29T09:00:20.788795,1,3,99.7,0.4,99.5,75,,,,,,,,,,,,,,,,,,,99.9,1,100.0,150,100.2,100,,,,,,,,,,,,,,
2026-06-28T23:00:20.833801+00:00,2026-06-29T09:00:20.832801,0,2,,,,,,,,,,,,,,,,,,,,,,,99.9,1,100.2,100,,,,,,,,,,,,,,,,
2026-06-28T23:00:20.888808+00:00,2026-06-29T09:00:20.885808,1,2,99.6,0.6,99.3,150,,,,,,,,,,,,,,,,,,,99.9,1,100.2,100,,,,,,,,,,,,,,,,
2026-06-28T23:00:20.954816+00:00,2026-06-29T09:00:20.944814,1,3,99.55,0.5,99.3,150,,,,,,,,,,,,,,,,,,,99.8,150,99.9,1,100.2,100,,,,,,,,,,,,,,
2026-06-28T23:00:21.020824+00:00,2026-06-29T09:00:21.014751,1,3,99.55,0.5,99.3,150,,,,,,,,,,,,,,,,,,,99.8,125,99.9,1,100.2,100,,,,,,,,,,,,,,
2026-06-28T23:00:21.053739+00:00,2026-06-29T09:00:21.051828,1,2,99.55,0.5,99.3,150,,,,,,,,,,,,,,,,,,,99.8,125,99.9,1,,,,,,,,,,,,,,,,
2026-06-28T23:00:21.108835+00:00,2026-06-29T09:00:21.106738,2,2,99.7,0.2,99.6,100,99.3,150,,,,,,,,,,,,,,,,,99.8,125,99.9,1,,,,,,,,,,,,,,,,
2026-06-28T23:00:21.163842+00:00,2026-06-29T09:00:21.160739,2,3,99.7,0.2,99.6,100,99.3,150,,,,,,,,,,,,,,,,,99.8,125,99.9,1,100.1,100,,,,,,,,,,,,,,
2026-06-28T23:00:21.229850+00:00,2026-06-29T09:00:21.224850,2,3,99.7,0.2,99.6,100,99.3,150,,,,,,,,,,,,,,,,,99.8,100,99.9,1,100.1,100,,,,,,,,,,,,,,
2026-06-28T23:00:22.901266+00:00,2026-06-29T09:00:22.897266,2,3,99.7,0.2,99.6,50,99.3,150,,,,,,,,,,,,,,,,,99.8,100,99.9,1,100.1,100,,,,,,,,,,,,,,
2026-06-28T23:00:23.241823+00:00,2026-06-29T09:00:23.240823,2,3,99.7,0.2,99.6,52,99.3,150,,,,,,,,,,,,,,,,,99.8,100,99.9,1,100.1,100,,,,,,,,,,,,,,
2026-06-28T23:00:24.000822+00:00,2026-06-29T09:00:23.998822,1,2,99.75,0.3,99.6,52,,,,,,,,,,,,,,,,,,,99.9,1,100.1,100,,,,,,,,,,,,,,,,
2026-06-28T23:00:24.044823+00:00,2026-06-29T09:00:24.039822,1,1,99.85,0.5,99.6,52,,,,,,,,,,,,,,,,,,,100.1,100,,,,,,,,,,,,,,,,,,
2026-06-28T23:00:24.055822+00:00,2026-06-29T09:00:24.050822,1,1,99.85,0.5,99.6,202,,,,,,,,,,,,,,,,,,,100.1,100,,,,,,,,,,,,,,,,,,
2026-06-28T23:00:24.110822+00:00,2026-06-29T09:00:24.102822,1,1,99.85,0.5,99.6,202,,,,,,,,,,,,,,,,,,,100.1,250,,,,,,,,,,,,,,,,,,
2026-06-28T23:00:24.220822+00:00,2026-06-29T09:00:24.214822,1,2,99.75,0.3,99.6,152,,,,,,,,,,,,,,,,,,,99.9,5,100.1,150,,,,,,,,,,,,,,,,
2026-06-28T23:00:24.275822+00:00,2026-06-29T09:00:24.266823,2,2,99.75,0.3,99.6,152,99.5,100,,,,,,,,,,,,,,,,,99.9,5,100.1,150,,,,,,,,,,,,,,,,
2026-06-28T23:00:24.330822+00:00,2026-06-29T09:00:24.322822,2,3,99.75,0.3,99.6,152,99.5,100,,,,,,,,,,,,,,,,,99.9,5,100.0,100,100.1,150,,,,,,,,,,,,,,
2026-06-28T23:00:24.649813+00:00,2026-06-29T09:00:24.644813,2,3,99.75,0.3,99.6,152,99.5,100,,,,,,,,,,,,,,,,,99.9,4,100.0,100,100.1,150,,,,,,,,,,,,,,
2026-06-28T23:00:25.011822+00:00,2026-06-29T09:00:25.004823,2,3,99.75,0.3,99.6,102,99.5,100,,,,,,,,,,,,,,,,,99.9,4,100.0,100,100.1,150,,,,,,,,,,,,,,
2026-06-28T23:00:27.123392+00:00,2026-06-29T09:00:27.113392,2,3,99.75,0.3,99.6,52,99.5,100,,,,,,,,,,,,,,,,,99.9,4,100.0,100,100.1,150,,,,,,,,,,,,,,
2026-06-28T23:00:27.167391+00:00,2026-06-29T09:00:27.157392,1,2,99.7,0.4,99.5,100,,,,,,,,,,,,,,,,,,,99.9,4,100.0,100,,,,,,,,,,,,,,,,
2026-06-28T23:00:27.211392+00:00,2026-06-29T09:00:27.209392,2,2,99.7,0.4,99.5,100,99.3,150,,,,,,,,,,,,,,,,,99.9,4,100.0,100,,,,,,,,,,,,,,,,
2026-06-28T23:00:27.266392+00:00,2026-06-29T09:00:27.264392,2,3,99.65,0.3,99.5,100,99.3,150,,,,,,,,,,,,,,,,,99.8,150,99.9,4,100.0,100,,,,,,,,,,,,,,
2026-06-28T23:00:27.387392+00:00,2026-06-29T09:00:27.384392,1,2,99.55,0.5,99.3,150,,,,,,,,,,,,,,,,,,,99.8,150,99.9,4,,,,,,,,,,,,,,,,
2026-06-28T23:00:27.442392+00:00,2026-06-29T09:00:27.437392,2,2,99.7,0.2,99.6,100,99.3,150,,,,,,,,,,,,,,,,,99.8,150,99.9,4,,,,,,,,,,,,,,,,
2026-06-28T23:00:27.497391+00:00,2026-06-29T09:00:27.492384,2,3,99.7,0.2,99.6,100,99.3,150,,,,,,,,,,,,,,,,,99.8,150,99.9,4,100.1,100,,,,,,,,,,,,,,
2026-06-28T23:00:27.684395+00:00,2026-06-29T09:00:27.678395,2,3,99.7,0.2,99.6,100,99.3,150,,,,,,,,,,,,,,,,,99.8,106,99.9,4,100.1,100,,,,,,,,,,,,,,
2026-06-28T23:00:29.224552+00:00,2026-06-29T09:00:29.218552,2,3,99.7,0.2,99.6,50,99.3,150,,,,,,,,,,,,,,,,,99.8,106,99.9,4,100.1,100,,,,,,,,,,,,,,
2026-06-28T23:00:29.411552+00:00,2026-06-29T09:00:29.404552,2,3,99.7,0.2,99.6,3,99.3,150,,,,,,,,,,,,,,,,,99.8,106,99.9,4,100.1,100,,,,,,,,,,,,,,
2026-06-28T23:00:30.324552+00:00,2026-06-29T09:00:30.322552,1,2,99.75,0.3,99.6,3,,,,,,,,,,,,,,,,,,,99.9,4,100.1,100,,,,,,,,,,,,,,,,
2026-06-28T23:00:30.379552+00:00,2026-06-29T09:00:30.374552,2,2,99.75,0.3,99.6,3,99.2,150,,,,,,,,,,,,,,,,,99.9,4,100.1,100,,,,,,,,,,,,,,,,
2026-06-28T23:00:30.434552+00:00,2026-06-29T09:00:30.430552,2,3,99.65,0.1,99.6,3,99.2,150,,,,,,,,,,,,,,,,,99.7,150,99.9,4,100.1,100,,,,,,,,,,,,,,
2026-06-28T23:00:30.555552+00:00,2026-06-29T09:00:30.554552,1,2,99.45,0.5,99.2,150,,,,,,,,,,,,,,,,,,,99.7,150,99.9,4,,,,,,,,,,,,,,,,
2026-06-28T23:00:30.610552+00:00,2026-06-29T09:00:30.608546,2,2,99.45,0.5,99.2,150,99.0,100,,,,,,,,,,,,,,,,,99.7,150,99.9,4,,,,,,,,,,,,,,,,
2026-06-28T23:00:30.665552+00:00,2026-06-29T09:00:30.660552,2,3,99.35,0.3,99.2,150,99.0,100,,,,,,,,,,,,,,,,,99.5,100,99.7,150,99.9,4,,,,,,,,,,,,,,
2026-06-28T23:00:31.974552+00:00,2026-06-29T09:00:31.969552,2,3,99.35,0.3,99.2,150,99.0,100,,,,,,,,,,,,,,,,,99.5,100,99.7,150,99.9,2,,,,,,,,,,,,,,
2026-06-28T23:00:32.238552+00:00,2026-06-29T09:00:32.231552,2,3,99.35,0.3,99.2,150,99.0,100,,,,,,,,,,,,,,,,,99.5,58,99.7,150,99.9,2,,,,,,,,,,,,,,
2026-06-28T23:00:32.436552+00:00,2026-06-29T09:00:32.434552,2,3,99.35,0.3,99.2,150,99.0,100,,,,,,,,,,,,,,,,,99.5,58,99.7,150,99.9,1,,,,,,,,,,,,,,
2026-06-28T23:00:33.380984+00:00,2026-06-29T09:00:33.375984,2,3,99.35,0.3,99.2,150,99.0,100,,,,,,,,,,,,,,,,,99.5,8,99.7,150,99.9,1,,,,,,,,,,,,,,
2026-06-28T23:00:33.490984+00:00,2026-06-29T09:00:33.482985,1,2,99.25,0.5,99.0,100,,,,,,,,,,,,,,,,,,,99.5,8,99.9,1,,,,,,,,,,,,,,,,
2026-06-28T23:00:33.545985+00:00,2026-06-29T09:00:33.535985,2,2,99.35,0.3,99.2,150,99.0,100,,,,,,,,,,,,,,,,,99.5,8,99.9,1,,,,,,,,,,,,,,,,
2026-06-28T23:00:33.589985+00:00,2026-06-29T09:00:33.588985,2,3,99.35,0.3,99.2,150,99.0,100,,,,,,,,,,,,,,,,,99.5,8,99.7,150,99.9,1,,,,,,,,,,,,,,
2026-06-28T23:00:33.721984+00:00,2026-06-29T09:00:33.715985,1,2,99.45,0.5,99.2,150,,,,,,,,,,,,,,,,,,,99.7,150,99.9,1,,,,,,,,,,,,,,,,
2026-06-28T23:00:33.776984+00:00,2026-06-29T09:00:33.769984,2,2,99.5,0.4,99.3,100,99.2,150,,,,,,,,,,,,,,,,,99.7,150,99.9,1,,,,,,,,,,,,,,,,
2026-06-28T23:00:33.831993+00:00,2026-06-29T09:00:33.821994,2,3,99.5,0.4,99.3,100,99.2,150,,,,,,,,,,,,,,,,,99.7,150,99.8,100,99.9,1,,,,,,,,,,,,,,
2026-06-28T23:00:35.625103+00:00,2026-06-29T09:00:35.620050,3,3,99.6,0.2,99.5,5,99.3,100,99.2,150,,,,,,,,,,,,,,,99.7,150,99.8,100,99.9,1,,,,,,,,,,,,,,
2026-06-28T23:00:35.867013+00:00,2026-06-29T09:00:35.866013,3,3,99.6,0.2,99.5,5,99.3,100,99.2,150,,,,,,,,,,,,,,,99.7,109,99.8,100,99.9,1,,,,,,,,,,,,,,
2026-06-28T23:00:36.647578+00:00,2026-06-29T09:00:36.643578,2,2,99.65,0.3,99.5,5,99.3,100,,,,,,,,,,,,,,,,,99.8,100,99.9,1,,,,,,,,,,,,,,,,
2026-06-28T23:00:36.713569+00:00,2026-06-29T09:00:36.703569,3,2,99.65,0.3,99.5,5,99.3,100,99.1,150,,,,,,,,,,,,,,,99.8,100,99.9,1,,,,,,,,,,,,,,,,
2026-06-28T23:00:36.757570+00:00,2026-06-29T09:00:36.750569,3,3,99.55,0.1,99.5,5,99.3,100,99.1,150,,,,,,,,,,,,,,,99.6,150,99.8,100,99.9,1,,,,,,,,,,,,,,
2026-06-28T23:00:36.878569+00:00,2026-06-29T09:00:36.874569,3,2,99.55,0.1,99.5,5,99.3,100,99.1,150,,,,,,,,,,,,,,,99.6,150,99.9,1,,,,,,,,,,,,,,,,
2026-06-28T23:00:36.889578+00:00,2026-06-29T09:00:36.880578,2,2,99.55,0.1,99.5,5,99.1,150,,,,,,,,,,,,,,,,,99.6,150,99.9,1,,,,,,,,,,,,,,,,
2026-06-28T23:00:36.933578+00:00,2026-06-29T09:00:36.930569,3,2,99.55,0.1,99.5,5,99.2,100,99.1,150,,,,,,,,,,,,,,,99.6,150,99.9,1,,,,,,,,,,,,,,,,
2026-06-28T23:00:36.988578+00:00,2026-06-29T09:00:36.982578,3,3,99.55,0.1,99.5,5,99.2,100,99.1,150,,,,,,,,,,,,,,,99.6,150,99.7,100,99.9,1,,,,,,,,,,,,,,
2026-06-28T23:00:37.593578+00:00,2026-06-29T09:00:37.590578,3,3,99.55,0.1,99.5,5,99.2,100,99.1,150,,,,,,,,,,,,,,,99.6,100,99.7,100,99.9,1,,,,,,,,,,,,,,
2026-06-28T23:00:37.604569+00:00,2026-06-29T09:00:37.601569,3,2,99.55,0.1,99.5,5,99.2,100,99.1,150,,,,,,,,,,,,,,,99.6,100,99.7,100,,,,,,,,,,,,,,,,
2026-06-28T23:00:38.130828+00:00,2026-06-29T09:00:38.127828,3,2,99.55,0.1,99.5,5,99.2,100,99.1,150,,,,,,,,,,,,,,,99.6,100,99.7,101,,,,,,,,,,,,,,,,
2026-06-28T23:00:38.669828+00:00,2026-06-29T09:00:38.660828,3,2,99.55,0.1,99.5,4,99.2,100,99.1,150,,,,,,,,,,,,,,,99.6,100,99.7,101,,,,,,,,,,,,,,,,
2026-06-28T23:00:39.703828+00:00,2026-06-29T09:00:39.697828,3,2,99.55,0.1,99.5,4,99.2,100,99.1,150,,,,,,,,,,,,,,,99.6,50,99.7,101,,,,,,,,,,,,,,,,
2026-06-28T23:00:39.813828+00:00,2026-06-29T09:00:39.806828,2,1,99.6,0.2,99.5,4,99.2,100,,,,,,,,,,,,,,,,,99.7,101,,,,,,,,,,,,,,,,,,
2026-06-28T23:00:39.868828+00:00,2026-06-29T09:00:39.859828,3,1,99.65,0.1,99.6,150,99.5,4,99.2,100,,,,,,,,,,,,,,,99.7,101,,,,,,,,,,,,,,,,,,
2026-06-28T23:00:39.923828+00:00,2026-06-29T09:00:39.913828,3,2,99.65,0.1,99.6,150,99.5,4,99.2,100,,,,,,,,,,,,,,,99.7,101,100.1,150,,,,,,,,,,,,,,,,
2026-06-28T23:00:40.044819+00:00,2026-06-29T09:00:40.035819,2,2,99.65,0.1,99.6,150,99.5,4,,,,,,,,,,,,,,,,,99.7,1,100.1,150,,,,,,,,,,,,,,,,
2026-06-28T23:00:40.099828+00:00,2026-06-29T09:00:40.089829,3,2,99.65,0.1,99.6,150,99.5,4,99.1,100,,,,,,,,,,,,,,,99.7,1,100.1,150,,,,,,,,,,,,,,,,
2026-06-28T23:00:40.143828+00:00,2026-06-29T09:00:40.142820,3,2,99.65,0.1,99.6,50,99.5,4,99.1,100,,,,,,,,,,,,,,,99.7,1,100.1,150,,,,,,,,,,,,,,,,
2026-06-28T23:00:40.715828+00:00,2026-06-29T09:00:40.714819,3,2,99.65,0.1,99.6,50,99.5,3,99.1,100,,,,,,,,,,,,,,,99.7,1,100.1,150,,,,,,,,,,,,,,,,
2026-06-28T23:00:41.815828+00:00,2026-06-29T09:00:41.805828,3,1,99.85,0.5,99.6,50,99.5,3,99.1,100,,,,,,,,,,,,,,,100.1,101,,,,,,,,,,,,,,,,,,
2026-06-28T23:00:42.970894+00:00,2026-06-29T09:00:42.966894,2,0,,,99.5,3,99.1,100,,,,,,,,,,,,,,,,,,,,,,,,,,,,,,,,,,,,
2026-06-28T23:00:43.025904+00:00,2026-06-29T09:00:43.019903,3,0,,,99.5,3,99.2,150,99.1,100,,,,,,,,,,,,,,,,,,,,,,,,,,,,,,,,,,
2026-06-28T23:00:43.080903+00:00,2026-06-29T09:00:43.071903,3,1,99.6,0.2,99.5,3,99.2,150,99.1,100,,,,,,,,,,,,,,,99.7,150,,,,,,,,,,,,,,,,,,
2026-06-28T23:00:43.201894+00:00,2026-06-29T09:00:43.201894,2,1,99.6,0.2,99.5,3,99.2,150,,,,,,,,,,,,,,,,,99.7,150,,,,,,,,,,,,,,,,,,
2026-06-28T23:00:43.256903+00:00,2026-06-29T09:00:43.254903,3,1,99.6,0.2,99.5,3,99.3,100,99.2,150,,,,,,,,,,,,,,,99.7,150,,,,,,,,,,,,,,,,,,
2026-06-28T23:00:43.311903+00:00,2026-06-29T09:00:43.304903,3,2,99.6,0.2,99.5,3,99.3,100,99.2,150,,,,,,,,,,,,,,,99.7,150,99.8,100,,,,,,,,,,,,,,,,
2026-06-28T23:00:43.355903+00:00,2026-06-29T09:00:43.349903,3,2,99.6,0.2,99.5,3,99.3,100,99.2,150,,,,,,,,,,,,,,,99.7,151,99.8,100,,,,,,,,,,,,,,,,
2026-06-28T23:00:43.916535+00:00,2026-06-29T09:00:43.912535,3,2,99.6,0.2,99.5,3,99.3,100,99.2,150,,,,,,,,,,,,,,,99.7,101,99.8,100,,,,,,,,,,,,,,,,
2026-06-28T23:00:45.500535+00:00,2026-06-29T09:00:45.493535,2,2,99.5,0.4,99.3,62,99.2,150,,,,,,,,,,,,,,,,,99.7,101,99.8,100,,,,,,,,,,,,,,,,
2026-06-28T23:00:45.863069+00:00,2026-06-29T09:00:45.861069,3,2,99.55,0.3,99.4,4,99.3,62,99.2,150,,,,,,,,,,,,,,,99.7,101,99.8,100,,,,,,,,,,,,,,,,
2026-06-28T23:00:46.028068+00:00,2026-06-29T09:00:46.021069,3,2,99.55,0.3,99.4,4,99.3,62,99.2,150,,,,,,,,,,,,,,,99.7,51,99.8,100,,,,,,,,,,,,,,,,
2026-06-28T23:00:46.126639+00:00,2026-06-29T09:00:46.125639,3,2,99.55,0.3,99.4,4,99.3,62,99.2,150,,,,,,,,,,,,,,,99.7,1,99.8,100,,,,,,,,,,,,,,,,
2026-06-28T23:00:46.137639+00:00,2026-06-29T09:00:46.127639,2,2,99.55,0.3,99.4,4,99.3,62,,,,,,,,,,,,,,,,,99.7,1,99.8,100,,,,,,,,,,,,,,,,
2026-06-28T23:00:46.192639+00:00,2026-06-29T09:00:46.183639,3,1,99.75,0.1,99.7,149,99.4,4,99.3,62,,,,,,,,,,,,,,,99.8,100,,,,,,,,,,,,,,,,,,
2026-06-28T23:00:46.247639+00:00,2026-06-29T09:00:46.237640,3,2,99.75,0.1,99.7,149,99.4,4,99.3,62,,,,,,,,,,,,,,,99.8,100,100.2,150,,,,,,,,,,,,,,,,
2026-06-28T23:00:46.368639+00:00,2026-06-29T09:00:46.361639,2,1,99.95,0.5,99.7,149,99.4,4,,,,,,,,,,,,,,,,,100.2,150,,,,,,,,,,,,,,,,,,
2026-06-28T23:00:46.423639+00:00,2026-06-29T09:00:46.414639,3,1,99.95,0.5,99.7,149,99.4,4,99.3,100,,,,,,,,,,,,,,,100.2,150,,,,,,,,,,,,,,,,,,
2026-06-28T23:00:46.467639+00:00,2026-06-29T09:00:46.466640,3,2,99.75,0.1,99.7,149,99.4,4,99.3,100,,,,,,,,,,,,,,,99.8,100,100.2,150,,,,,,,,,,,,,,,,
2026-06-28T23:00:46.863631+00:00,2026-06-29T09:00:46.853639,3,2,99.75,0.1,99.7,148,99.4,4,99.3,100,,,,,,,,,,,,,,,99.8,100,100.2,150,,,,,,,,,,,,,,,,
2026-06-28T23:00:46.896630+00:00,2026-06-29T09:00:46.887630,3,2,99.75,0.1,99.7,123,99.4,4,99.3,100,,,,,,,,,,,,,,,99.8,100,100.2,150,,,,,,,,,,,,,,,,
2026-06-28T23:00:46.962630+00:00,2026-06-29T09:00:46.952630,3,2,99.75,0.1,99.7,122,99.4,4,99.3,100,,,,,,,,,,,,,,,99.8,100,100.2,150,,,,,,,,,,,,,,,,
2026-06-28T23:00:47.028630+00:00,2026-06-29T09:00:47.024630,3,2,99.75,0.1,99.7,121,99.4,4,99.3,100,,,,,,,,,,,,,,,99.8,100,100.2,150,,,,,,,,,,,,,,,,
2026-06-28T23:00:47.094630+00:00,2026-06-29T09:00:47.088630,3,2,99.75,0.1,99.7,120,99.4,4,99.3,100,,,,,,,,,,,,,,,99.8,100,100.2,150,,,,,,,,,,,,,,,,
2026-06-28T23:00:47.105630+00:00,2026-06-29T09:00:47.096630,3,2,99.75,0.1,99.7,95,99.4,4,99.3,100,,,,,,,,,,,,,,,99.8,100,100.2,150,,,,,,,,,,,,,,,,
2026-06-28T23:00:47.116630+00:00,2026-06-29T09:00:47.115630,3,2,99.75,0.1,99.7,94,99.4,4,99.3,100,,,,,,,,,,,,,,,99.8,100,100.2,150,,,,,,,,,,,,,,,,
2026-06-28T23:00:47.149639+00:00,2026-06-29T09:00:47.144639,3,2,99.75,0.1,99.7,93,99.4,4,99.3,100,,,,,,,,,,,,,,,99.8,100,100.2,150,,,,,,,,,,,,,,,,
2026-06-28T23:00:47.314639+00:00,2026-06-29T09:00:47.305639,3,2,99.75,0.1,99.7,68,99.4,4,99.3,100,,,,,,,,,,,,,,,99.8,100,100.2,150,,,,,,,,,,,,,,,,
2026-06-28T23:00:47.523630+00:00,2026-06-29T09:00:47.517640,3,2,99.75,0.1,99.7,43,99.4,4,99.3,100,,,,,,,,,,,,,,,99.8,100,100.2,150,,,,,,,,,,,,,,,,
2026-06-28T23:00:47.732639+00:00,2026-06-29T09:00:47.727639,3,2,99.75,0.1,99.7,18,99.4,4,99.3,100,,,,,,,,,,,,,,,99.8,100,100.2,150,,,,,,,,,,,,,,,,
2026-06-28T23:00:47.940771+00:00,2026-06-29T09:00:47.937771,2,2,99.6,0.4,99.4,4,99.3,100,,,,,,,,,,,,,,,,,99.8,100,100.2,150,,,,,,,,,,,,,,,,
2026-06-28T23:00:48.138771+00:00,2026-06-29T09:00:48.128772,2,2,99.6,0.4,99.4,4,99.3,100,,,,,,,,,,,,,,,,,99.8,50,100.2,150,,,,,,,,,,,,,,,,
2026-06-28T23:00:48.908764+00:00,2026-06-29T09:00:48.899764,2,3,99.55,0.3,99.4,4,99.3,100,,,,,,,,,,,,,,,,,99.7,1,99.8,50,100.2,150,,,,,,,,,,,,,,
2026-06-28T23:00:49.304764+00:00,2026-06-29T09:00:49.295764,2,2,99.55,0.3,99.4,4,99.3,100,,,,,,,,,,,,,,,,,99.7,1,99.8,50,,,,,,,,,,,,,,,,
2026-06-28T23:00:49.348764+00:00,2026-06-29T09:00:49.344764,3,2,99.55,0.3,99.4,4,99.3,100,99.0,150,,,,,,,,,,,,,,,99.7,1,99.8,50,,,,,,,,,,,,,,,,
2026-06-28T23:00:49.403764+00:00,2026-06-29T09:00:49.397764,3,3,99.45,0.1,99.4,4,99.3,100,99.0,150,,,,,,,,,,,,,,,99.5,150,99.7,1,99.8,50,,,,,,,,,,,,,,
2026-06-28T23:00:49.524764+00:00,2026-06-29T09:00:49.521764,2,2,99.45,0.1,99.4,4,99.0,150,,,,,,,,,,,,,,,,,99.5,150,99.7,1,,,,,,,,,,,,,,,,
2026-06-28T23:00:49.579764+00:00,2026-06-29T09:00:49.575764,3,2,99.45,0.1,99.4,4,99.3,100,99.0,150,,,,,,,,,,,,,,,99.5,150,99.7,1,,,,,,,,,,,,,,,,
2026-06-28T23:00:49.634764+00:00,2026-06-29T09:00:49.627764,3,3,99.45,0.1,99.4,4,99.3,100,99.0,150,,,,,,,,,,,,,,,99.5,150,99.7,1,99.8,100,,,,,,,,,,,,,,
2026-06-28T23:00:49.898764+00:00,2026-06-29T09:00:49.895755,3,3,99.45,0.1,99.4,3,99.3,100,99.0,150,,,,,,,,,,,,,,,99.5,150,99.7,1,99.8,100,,,,,,,,,,,,,,
2026-06-28T23:00:50.250764+00:00,2026-06-29T09:00:50.241764,3,3,99.45,0.1,99.4,3,99.3,100,99.0,150,,,,,,,,,,,,,,,99.5,100,99.7,1,99.8,100,,,,,,,,,,,,,,
2026-06-28T23:00:50.580764+00:00,2026-06-29T09:00:50.571756,3,3,99.45,0.1,99.4,3,99.3,100,99.0,150,,,,,,,,,,,,,,,99.5,51,99.7,1,99.8,100,,,,,,,,,,,,,,
2026-06-28T23:00:51.163298+00:00,2026-06-29T09:00:51.161298,2,3,99.4,0.2,99.3,62,99.0,150,,,,,,,,,,,,,,,,,99.5,26,99.7,1,99.8,100,,,,,,,,,,,,,,
2026-06-28T23:00:51.372289+00:00,2026-06-29T09:00:51.371289,2,3,99.4,0.2,99.3,62,99.0,150,,,,,,,,,,,,,,,,,99.5,1,99.7,1,99.8,100,,,,,,,,,,,,,,
2026-06-28T23:00:51.581289+00:00,2026-06-29T09:00:51.581289,2,2,99.5,0.4,99.3,62,99.0,150,,,,,,,,,,,,,,,,,99.7,1,99.8,100,,,,,,,,,,,,,,,,
2026-06-28T23:00:51.735289+00:00,2026-06-29T09:00:51.734289,2,2,99.5,0.4,99.3,18,99.0,150,,,,,,,,,,,,,,,,,99.7,1,99.8,100,,,,,,,,,,,,,,,,
2026-06-28T23:00:52.362298+00:00,2026-06-29T09:00:52.353298,2,1,99.55,0.5,99.3,18,99.0,150,,,,,,,,,,,,,,,,,99.8,51,,,,,,,,,,,,,,,,,,
2026-06-28T23:00:52.461298+00:00,2026-06-29T09:00:52.452290,1,1,99.55,0.5,99.3,18,,,,,,,,,,,,,,,,,,,99.8,51,,,,,,,,,,,,,,,,,,
2026-06-28T23:00:52.516298+00:00,2026-06-29T09:00:52.511298,2,1,99.7,0.2,99.6,150,99.3,18,,,,,,,,,,,,,,,,,99.8,51,,,,,,,,,,,,,,,,,,
2026-06-28T23:00:52.560298+00:00,2026-06-29T09:00:52.557297,2,2,99.7,0.2,99.6,150,99.3,18,,,,,,,,,,,,,,,,,99.8,51,100.1,150,,,,,,,,,,,,,,,,
2026-06-28T23:00:52.692298+00:00,2026-06-29T09:00:52.682298,1,1,99.85,0.5,99.6,150,,,,,,,,,,,,,,,,,,,100.1,150,,,,,,,,,,,,,,,,,,
2026-06-28T23:00:52.747298+00:00,2026-06-29T09:00:52.738298,2,1,99.85,0.5,99.6,150,99.2,100,,,,,,,,,,,,,,,,,100.1,150,,,,,,,,,,,,,,,,,,
2026-06-28T23:00:52.813298+00:00,2026-06-29T09:00:52.805298,2,2,99.65,0.1,99.6,150,99.2,100,,,,,,,,,,,,,,,,,99.7,100,100.1,150,,,,,,,,,,,,,,,,
2026-06-28T23:00:53.286054+00:00,2026-06-29T09:00:53.275054,2,2,99.65,0.1,99.6,103,99.2,100,,,,,,,,,,,,,,,,,99.7,100,100.1,150,,,,,,,,,,,,,,,,
2026-06-28T23:00:54.154964+00:00,2026-06-29T09:00:54.152964,2,2,99.65,0.1,99.6,103,99.2,100,,,,,,,,,,,,,,,,,99.7,56,100.1,150,,,,,,,,,,,,,,,,
2026-06-28T23:00:54.484964+00:00,2026-06-29T09:00:54.478964,2,2,99.65,0.1,99.6,103,99.2,100,,,,,,,,,,,,,,,,,99.7,6,100.1,150,,,,,,,,,,,,,,,,
2026-06-28T23:00:55.100955+00:00,2026-06-29T09:00:55.097955,2,2,99.65,0.1,99.6,103,99.2,100,,,,,,,,,,,,,,,,,99.7,11,100.1,150,,,,,,,,,,,,,,,,
2026-06-28T23:00:55.200074+00:00,2026-06-29T09:00:55.192074,2,2,99.65,0.1,99.6,78,99.2,100,,,,,,,,,,,,,,,,,99.7,11,100.1,150,,,,,,,,,,,,,,,,
2026-06-28T23:00:55.409074+00:00,2026-06-29T09:00:55.403074,2,2,99.65,0.1,99.6,53,99.2,100,,,,,,,,,,,,,,,,,99.7,11,100.1,150,,,,,,,,,,,,,,,,
2026-06-28T23:00:55.618074+00:00,2026-06-29T09:00:55.612074,1,1,99.45,0.5,99.2,100,,,,,,,,,,,,,,,,,,,99.7,11,,,,,,,,,,,,,,,,,,
2026-06-28T23:00:55.673074+00:00,2026-06-29T09:00:55.664074,1,1,99.45,0.5,99.2,250,,,,,,,,,,,,,,,,,,,99.7,11,,,,,,,,,,,,,,,,,,
2026-06-28T23:00:55.717074+00:00,2026-06-29T09:00:55.716074,1,1,99.45,0.5,99.2,250,,,,,,,,,,,,,,,,,,,99.7,161,,,,,,,,,,,,,,,,,,
2026-06-28T23:00:55.849075+00:00,2026-06-29T09:00:55.843074,1,1,99.45,0.5,99.2,150,,,,,,,,,,,,,,,,,,,99.7,155,,,,,,,,,,,,,,,,,,
2026-06-28T23:00:55.904074+00:00,2026-06-29T09:00:55.895073,2,1,99.55,0.3,99.4,100,99.2,150,,,,,,,,,,,,,,,,,99.7,155,,,,,,,,,,,,,,,,,,
2026-06-28T23:00:55.948074+00:00,2026-06-29T09:00:55.947074,2,2,99.55,0.3,99.4,100,99.2,150,,,,,,,,,,,,,,,,,99.7,155,99.9,100,,,,,,,,,,,,,,,,
2026-06-28T23:00:56.618521+00:00,2026-06-29T09:00:56.617521,2,2,99.55,0.3,99.4,50,99.2,150,,,,,,,,,,,,,,,,,99.7,155,99.9,100,,,,,,,,,,,,,,,,
2026-06-28T23:00:58.730152+00:00,2026-06-29T09:00:58.720152,1,2,99.45,0.5,99.2,150,,,,,,,,,,,,,,,,,,,99.7,155,99.9,100,,,,,,,,,,,,,,,,
2026-06-28T23:00:58.774152+00:00,2026-06-29T09:00:58.771152,0,2,,,,,,,,,,,,,,,,,,,,,,,99.7,5,99.9,100,,,,,,,,,,,,,,,,
2026-06-28T23:00:58.829143+00:00,2026-06-29T09:00:58.825152,1,2,99.5,0.4,99.3,150,,,,,,,,,,,,,,,,,,,99.7,5,99.9,100,,,,,,,,,,,,,,,,
2026-06-28T23:00:58.884152+00:00,2026-06-29T09:00:58.878152,1,3,99.5,0.4,99.3,150,,,,,,,,,,,,,,,,,,,99.7,5,99.8,150,99.9,100,,,,,,,,,,,,,,
2026-06-28T23:00:59.005152+00:00,2026-06-29T09:00:59.002152,1,2,99.5,0.4,99.3,150,,,,,,,,,,,,,,,,,,,99.7,5,99.8,150,,,,,,,,,,,,,,,,
2026-06-28T23:00:59.060143+00:00,2026-06-29T09:00:59.054152,1,2,99.5,0.4,99.3,250,,,,,,,,,,,,,,,,,,,99.7,5,99.8,150,,,,,,,,,,,,,,,,
2026-06-28T23:00:59.115152+00:00,2026-06-29T09:00:59.107144,1,2,99.5,0.4,99.3,250,,,,,,,,,,,,,,,,,,,99.7,5,99.8,250,,,,,,,,,,,,,,,,
2026-06-28T23:01:00.831172+00:00,2026-06-29T09:01:00.826172,1,2,99.5,0.4,99.3,200,,,,,,,,,,,,,,,,,,,99.7,5,99.8,250,,,,,,,,,,,,,,,,
2026-06-28T23:01:01.403171+00:00,2026-06-29T09:01:01.396172,1,1,99.55,0.5,99.3,200,,,,,,,,,,,,,,,,,,,99.8,210,,,,,,,,,,,,,,,,,,
2026-06-28T23:01:01.436172+00:00,2026-06-29T09:01:01.429163,1,2,99.5,0.4,99.3,200,,,,,,,,,,,,,,,,,,,99.7,5,99.8,210,,,,,,,,,,,,,,,,
2026-06-28T23:01:01.942171+00:00,2026-06-29T09:01:01.932172,1,2,99.5,0.4,99.3,100,,,,,,,,,,,,,,,,,,,99.7,5,99.8,100,,,,,,,,,,,,,,,,
2026-06-28T23:01:02.008172+00:00,2026-06-29T09:01:01.998172,2,2,99.5,0.4,99.3,100,99.2,150,,,,,,,,,,,,,,,,,99.7,5,99.8,100,,,,,,,,,,,,,,,,
2026-06-28T23:01:02.052172+00:00,2026-06-29T09:01:02.050163,2,2,99.5,0.4,99.3,100,99.2,150,,,,,,,,,,,,,,,,,99.7,155,99.8,100,,,,,,,,,,,,,,,,
2026-06-28T23:01:02.161706+00:00,2026-06-29T09:01:02.159706,2,1,99.5,0.4,99.3,100,99.2,150,,,,,,,,,,,,,,,,,99.7,155,,,,,,,,,,,,,,,,,,
2026-06-28T23:01:02.172705+00:00,2026-06-29T09:01:02.161706,1,1,99.45,0.5,99.2,150,,,,,,,,,,,,,,,,,,,99.7,155,,,,,,,,,,,,,,,,,,
2026-06-28T23:01:02.216706+00:00,2026-06-29T09:01:02.214706,1,1,99.45,0.5,99.2,250,,,,,,,,,,,,,,,,,,,99.7,155,,,,,,,,,,,,,,,,,,
2026-06-28T23:01:02.271706+00:00,2026-06-29T09:01:02.266706,1,1,99.45,0.5,99.2,250,,,,,,,,,,,,,,,,,,,99.7,255,,,,,,,,,,,,,,,,,,
2026-06-28T23:01:02.337706+00:00,2026-06-29T09:01:02.333706,1,1,99.45,0.5,99.2,205,,,,,,,,,,,,,,,,,,,99.7,255,,,,,,,,,,,,,,,,,,
2026-06-28T23:01:02.942815+00:00,2026-06-29T09:01:02.933706,1,1,99.45,0.5,99.2,155,,,,,,,,,,,,,,,,,,,99.7,255,,,,,,,,,,,,,,,,,,
2026-06-28T23:01:03.393815+00:00,2026-06-29T09:01:03.387807,1,1,99.45,0.5,99.2,155,,,,,,,,,,,,,,,,,,,99.7,210,,,,,,,,,,,,,,,,,,
2026-06-28T23:01:04.757815+00:00,2026-06-29T09:01:04.747816,1,1,99.45,0.5,99.2,111,,,,,,,,,,,,,,,,,,,99.7,210,,,,,,,,,,,,,,,,,,
2026-06-28T23:01:05.054815+00:00,2026-06-29T09:01:05.047815,1,1,99.45,0.5,99.2,111,,,,,,,,,,,,,,,,,,,99.7,215,,,,,,,,,,,,,,,,,,
2026-06-28T23:01:05.065815+00:00,2026-06-29T09:01:05.064816,1,1,99.45,0.5,99.2,61,,,,,,,,,,,,,,,,,,,99.7,215,,,,,,,,,,,,,,,,,,
2026-06-28T23:01:05.109815+00:00,2026-06-29T09:01:05.103806,1,1,99.45,0.5,99.2,61,,,,,,,,,,,,,,,,,,,99.7,105,,,,,,,,,,,,,,,,,,
2026-06-28T23:01:05.164836+00:00,2026-06-29T09:01:05.155836,2,1,99.45,0.5,99.2,61,98.9,150,,,,,,,,,,,,,,,,,99.7,105,,,,,,,,,,,,,,,,,,
2026-06-28T23:01:05.208836+00:00,2026-06-29T09:01:05.207836,2,2,99.3,0.2,99.2,61,98.9,150,,,,,,,,,,,,,,,,,99.4,150,99.7,105,,,,,,,,,,,,,,,,
2026-06-28T23:01:05.241836+00:00,2026-06-29T09:01:05.239836,2,2,99.3,0.2,99.2,61,98.9,150,,,,,,,,,,,,,,,,,99.4,125,99.7,105,,,,,,,,,,,,,,,,
2026-06-28T23:01:05.329835+00:00,2026-06-29T09:01:05.322836,1,2,99.15,0.5,98.9,150,,,,,,,,,,,,,,,,,,,99.4,125,99.7,5,,,,,,,,,,,,,,,,
2026-06-28T23:01:05.384836+00:00,2026-06-29T09:01:05.375835,2,2,99.3,0.2,99.2,100,98.9,150,,,,,,,,,,,,,,,,,99.4,125,99.7,5,,,,,,,,,,,,,,,,
2026-06-28T23:01:05.428836+00:00,2026-06-29T09:01:05.426836,2,2,99.3,0.2,99.2,100,98.9,150,,,,,,,,,,,,,,,,,99.4,125,99.7,105,,,,,,,,,,,,,,,,
2026-06-28T23:01:05.461835+00:00,2026-06-29T09:01:05.451836,2,2,99.3,0.2,99.2,100,98.9,150,,,,,,,,,,,,,,,,,99.4,100,99.7,105,,,,,,,,,,,,,,,,
2026-06-28T23:01:05.747836+00:00,2026-06-29T09:01:05.740836,2,2,99.3,0.2,99.2,100,98.9,150,,,,,,,,,,,,,,,,,99.4,58,99.7,105,,,,,,,,,,,,,,,,
2026-06-28T23:01:06.660235+00:00,2026-06-29T09:01:06.655235,2,2,99.3,0.2,99.2,55,98.9,150,,,,,,,,,,,,,,,,,99.4,58,99.7,105,,,,,,,,,,,,,,,,
2026-06-28T23:01:07.078235+00:00,2026-06-29T09:01:07.069235,2,2,99.3,0.2,99.2,55,98.9,150,,,,,,,,,,,,,,,,,99.4,33,99.7,105,,,,,,,,,,,,,,,,
2026-06-28T23:01:07.122235+00:00,2026-06-29T09:01:07.120235,2,1,99.45,0.5,99.2,55,98.9,150,,,,,,,,,,,,,,,,,99.7,105,,,,,,,,,,,,,,,,,,
2026-06-28T23:01:07.210235+00:00,2026-06-29T09:01:07.205235,2,1,99.45,0.5,99.2,55,98.9,150,,,,,,,,,,,,,,,,,99.7,56,,,,,,,,,,,,,,,,,,
2026-06-28T23:01:07.232235+00:00,2026-06-29T09:01:07.223235,2,2,99.4,0.4,99.2,55,98.9,150,,,,,,,,,,,,,,,,,99.6,5,99.7,56,,,,,,,,,,,,,,,,
2026-06-28T23:01:07.287235+00:00,2026-06-29T09:01:07.278235,2,1,99.45,0.5,99.2,55,98.9,150,,,,,,,,,,,,,,,,,99.7,56,,,,,,,,,,,,,,,,,,
2026-06-28T23:01:07.496235+00:00,2026-06-29T09:01:07.486235,2,2,99.4,0.4,99.2,55,98.9,150,,,,,,,,,,,,,,,,,99.6,5,99.7,56,,,,,,,,,,,,,,,,
2026-06-28T23:01:07.694235+00:00,2026-06-29T09:01:07.688235,2,1,99.45,0.5,99.2,55,98.9,150,,,,,,,,,,,,,,,,,99.7,56,,,,,,,,,,,,,,,,,,
2026-06-28T23:01:07.815235+00:00,2026-06-29T09:01:07.805226,2,1,99.45,0.5,99.2,55,98.9,150,,,,,,,,,,,,,,,,,99.7,61,,,,,,,,,,,,,,,,,,
2026-06-28T23:01:08.067357+00:00,2026-06-29T09:01:08.066357,3,1,99.55,0.3,99.4,1,99.2,55,98.9,150,,,,,,,,,,,,,,,99.7,61,,,,,,,,,,,,,,,,,,
2026-06-28T23:01:08.275871+00:00,2026-06-29T09:01:08.266871,2,1,99.55,0.3,99.4,1,99.2,55,,,,,,,,,,,,,,,,,99.7,15,,,,,,,,,,,,,,,,,,
2026-06-28T23:01:08.308871+00:00,2026-06-29T09:01:08.298871,2,0,,,99.4,1,99.2,55,,,,,,,,,,,,,,,,,,,,,,,,,,,,,,,,,,,,
2026-06-28T23:01:08.319872+00:00,2026-06-29T09:01:08.318871,3,0,,,99.7,150,99.4,1,99.2,55,,,,,,,,,,,,,,,,,,,,,,,,,,,,,,,,,,
2026-06-28T23:01:08.374871+00:00,2026-06-29T09:01:08.373872,3,1,99.95,0.5,99.7,150,99.4,1,99.2,55,,,,,,,,,,,,,,,100.2,150,,,,,,,,,,,,,,,,,,
2026-06-28T23:01:08.484871+00:00,2026-06-29T09:01:08.482871,2,1,99.95,0.5,99.7,150,99.4,1,,,,,,,,,,,,,,,,,100.2,150,,,,,,,,,,,,,,,,,,
2026-06-28T23:01:08.539872+00:00,2026-06-29T09:01:08.538871,3,1,99.95,0.5,99.7,150,99.6,100,99.4,1,,,,,,,,,,,,,,,100.2,150,,,,,,,,,,,,,,,,,,
2026-06-28T23:01:08.605871+00:00,2026-06-29T09:01:08.599872,3,2,99.9,0.4,99.7,150,99.6,100,99.4,1,,,,,,,,,,,,,,,100.1,100,100.2,150,,,,,,,,,,,,,,,,
2026-06-28T23:01:09.231880+00:00,2026-06-29T09:01:09.226871,3,2,99.9,0.4,99.7,150,99.6,100,99.4,1,,,,,,,,,,,,,,,100.1,50,100.2,150,,,,,,,,,,,,,,,,
2026-06-28T23:01:10.122880+00:00,2026-06-29T09:01:10.113880,3,2,99.9,0.4,99.7,146,99.6,100,99.4,1,,,,,,,,,,,,,,,100.1,50,100.2,150,,,,,,,,,,,,,,,,
2026-06-28T23:01:10.727880+00:00,2026-06-29T09:01:10.723880,3,3,99.75,0.1,99.7,146,99.6,100,99.4,1,,,,,,,,,,,,,,,99.8,4,100.1,50,100.2,150,,,,,,,,,,,,,,
2026-06-28T23:01:11.200880+00:00,2026-06-29T09:01:11.197880,3,3,99.75,0.1,99.7,100,99.6,100,99.4,1,,,,,,,,,,,,,,,99.8,4,100.1,50,100.2,150,,,,,,,,,,,,,,
2026-06-28T23:01:11.387880+00:00,2026-06-29T09:01:11.384880,3,3,99.75,0.1,99.7,50,99.6,100,99.4,1,,,,,,,,,,,,,,,99.8,4,100.1,50,100.2,150,,,,,,,,,,,,,,
2026-06-28T23:01:11.431880+00:00,2026-06-29T09:01:11.428880,2,2,99.7,0.2,99.6,100,99.4,1,,,,,,,,,,,,,,,,,99.8,4,100.1,50,,,,,,,,,,,,,,,,
2026-06-28T23:01:11.486880+00:00,2026-06-29T09:01:11.482880,3,2,99.7,0.2,99.6,100,99.4,1,99.2,150,,,,,,,,,,,,,,,99.8,4,100.1,50,,,,,,,,,,,,,,,,
2026-06-28T23:01:11.541880+00:00,2026-06-29T09:01:11.533880,3,3,99.65,0.1,99.6,100,99.4,1,99.2,150,,,,,,,,,,,,,,,99.7,150,99.8,4,100.1,50,,,,,,,,,,,,,,
2026-06-28T23:01:11.673880+00:00,2026-06-29T09:01:11.669880,2,2,99.55,0.3,99.4,1,99.2,150,,,,,,,,,,,,,,,,,99.7,150,99.8,4,,,,,,,,,,,,,,,,
2026-06-28T23:01:11.728880+00:00,2026-06-29T09:01:11.725880,2,2,99.55,0.3,99.4,1,99.2,150,,,,,,,,,,,,,,,,,99.7,50,99.8,4,,,,,,,,,,,,,,,,
2026-06-28T23:01:11.783880+00:00,2026-06-29T09:01:11.777880,2,3,99.55,0.3,99.4,1,99.2,150,,,,,,,,,,,,,,,,,99.7,50,99.8,4,100.2,100,,,,,,,,,,,,,,
2026-06-28T23:01:12.124880+00:00,2026-06-29T09:01:12.113881,2,3,99.55,0.3,99.4,1,99.2,150,,,,,,,,,,,,,,,,,99.7,25,99.8,4,100.2,100,,,,,,,,,,,,,,
2026-06-28T23:01:12.806880+00:00,2026-06-29T09:01:12.803880,2,3,99.55,0.3,99.4,1,99.2,150,,,,,,,,,,,,,,,,,99.7,25,99.8,3,100.2,100,,,,,,,,,,,,,,
2026-06-28T23:01:13.498860+00:00,2026-06-29T09:01:13.493860,1,3,99.45,0.5,99.2,101,,,,,,,,,,,,,,,,,,,99.7,25,99.8,3,100.2,100,,,,,,,,,,,,,,
2026-06-28T23:01:14.598860+00:00,2026-06-29T09:01:14.589859,0,2,,,,,,,,,,,,,,,,,,,,,,,99.8,3,100.2,100,,,,,,,,,,,,,,,,
2026-06-28T23:01:14.653860+00:00,2026-06-29T09:01:14.642860,1,2,99.7,0.2,99.6,150,,,,,,,,,,,,,,,,,,,99.8,3,100.2,100,,,,,,,,,,,,,,,,
2026-06-28T23:01:14.708860+00:00,2026-06-29T09:01:14.706855,1,2,99.7,0.2,99.6,104,,,,,,,,,,,,,,,,,,,99.8,3,100.2,100,,,,,,,,,,,,,,,,
2026-06-28T23:01:14.719860+00:00,2026-06-29T09:01:14.710860,1,3,99.7,0.2,99.6,104,,,,,,,,,,,,,,,,,,,99.8,3,100.1,150,100.2,100,,,,,,,,,,,,,,
2026-06-28T23:01:14.840859+00:00,2026-06-29T09:01:14.831860,1,2,99.7,0.2,99.6,104,,,,,,,,,,,,,,,,,,,99.8,3,100.1,150,,,,,,,,,,,,,,,,
2026-06-28T23:01:14.851860+00:00,2026-06-29T09:01:14.844860,1,2,99.7,0.2,99.6,104,,,,,,,,,,,,,,,,,,,99.8,1,100.1,150,,,,,,,,,,,,,,,,
2026-06-28T23:01:14.884860+00:00,2026-06-29T09:01:14.883860,2,2,99.7,0.2,99.6,104,99.4,100,,,,,,,,,,,,,,,,,99.8,1,100.1,150,,,,,,,,,,,,,,,,
2026-06-28T23:01:14.939860+00:00,2026-06-29T09:01:14.936860,2,3,99.7,0.2,99.6,104,99.4,100,,,,,,,,,,,,,,,,,99.8,1,99.9,100,100.1,150,,,,,,,,,,,,,,
2026-06-28T23:01:15.027851+00:00,2026-06-29T09:01:15.024850,3,3,99.7,0.2,99.6,104,99.5,4,99.4,100,,,,,,,,,,,,,,,99.8,1,99.9,100,100.1,150,,,,,,,,,,,,,,
2026-06-28T23:01:15.610880+00:00,2026-06-29T09:01:15.599999,3,3,99.7,0.2,99.6,54,99.5,4,99.4,100,,,,,,,,,,,,,,,99.8,1,99.9,100,100.1,150,,,,,,,,,,,,,,
2026-06-28T23:01:17.733484+00:00,2026-06-29T09:01:17.727484,3,3,99.7,0.2,99.6,4,99.5,4,99.4,100,,,,,,,,,,,,,,,99.8,1,99.9,100,100.1,150,,,,,,,,,,,,,,
2026-06-28T23:01:17.766484+00:00,2026-06-29T09:01:17.761476,2,2,99.65,0.3,99.5,4,99.4,100,,,,,,,,,,,,,,,,,99.8,1,99.9,100,,,,,,,,,,,,,,,,
2026-06-28T23:01:17.821484+00:00,2026-06-29T09:01:17.815483,3,2,99.65,0.3,99.5,4,99.4,100,98.8,150,,,,,,,,,,,,,,,99.8,1,99.9,100,,,,,,,,,,,,,,,,
2026-06-28T23:01:17.876483+00:00,2026-06-29T09:01:17.871484,1,3,99.05,0.5,98.8,150,,,,,,,,,,,,,,,,,,,99.3,46,99.8,1,99.9,100,,,,,,,,,,,,,,
2026-06-28T23:01:17.996723+00:00,2026-06-29T09:01:17.989724,1,2,99.05,0.5,98.8,150,,,,,,,,,,,,,,,,,,,99.3,46,99.8,1,,,,,,,,,,,,,,,,
2026-06-28T23:01:18.051724+00:00,2026-06-29T09:01:18.042723,2,2,99.1,0.4,98.9,100,98.8,150,,,,,,,,,,,,,,,,,99.3,46,99.8,1,,,,,,,,,,,,,,,,
2026-06-28T23:01:18.095724+00:00,2026-06-29T09:01:18.094724,2,3,99.1,0.4,98.9,100,98.8,150,,,,,,,,,,,,,,,,,99.3,46,99.4,100,99.8,1,,,,,,,,,,,,,,
2026-06-28T23:01:18.194723+00:00,2026-06-29T09:01:18.191724,2,3,99.1,0.4,98.9,100,98.8,150,,,,,,,,,,,,,,,,,99.3,4,99.4,100,99.8,1,,,,,,,,,,,,,,
2026-06-28T23:01:18.337723+00:00,2026-06-29T09:01:18.335724,2,2,99.15,0.5,98.9,100,98.8,150,,,,,,,,,,,,,,,,,99.4,99,99.8,1,,,,,,,,,,,,,,,,
2026-06-28T23:01:18.348723+00:00,2026-06-29T09:01:18.346715,2,2,99.15,0.5,98.9,100,98.8,150,,,,,,,,,,,,,,,,,99.4,97,99.8,1,,,,,,,,,,,,,,,,
2026-06-28T23:01:18.557744+00:00,2026-06-29T09:01:18.551744,2,2,99.15,0.5,98.9,100,98.8,150,,,,,,,,,,,,,,,,,99.4,95,99.8,1,,,,,,,,,,,,,,,,
2026-06-28T23:01:19.525744+00:00,2026-06-29T09:01:19.524744,2,2,99.15,0.5,98.9,100,98.8,150,,,,,,,,,,,,,,,,,99.4,91,99.8,1,,,,,,,,,,,,,,,,
2026-06-28T23:01:19.833744+00:00,2026-06-29T09:01:19.826744,2,2,99.15,0.5,98.9,50,98.8,150,,,,,,,,,,,,,,,,,99.4,91,99.8,1,,,,,,,,,,,,,,,,
2026-06-28T23:01:20.239853+00:00,2026-06-29T09:01:20.230840,2,2,99.15,0.5,98.9,50,98.8,150,,,,,,,,,,,,,,,,,99.4,87,99.8,1,,,,,,,,,,,,,,,,
2026-06-28T23:01:20.305853+00:00,2026-06-29T09:01:20.299832,2,2,99.15,0.5,98.9,50,98.8,150,,,,,,,,,,,,,,,,,99.4,83,99.8,1,,,,,,,,,,,,,,,,
2026-06-28T23:01:20.415764+00:00,2026-06-29T09:01:20.406764,2,2,99.15,0.5,98.9,50,98.8,150,,,,,,,,,,,,,,,,,99.4,79,99.8,1,,,,,,,,,,,,,,,,
2026-06-28T23:01:20.580764+00:00,2026-06-29T09:01:20.573764,2,2,99.15,0.5,98.9,50,98.8,150,,,,,,,,,,,,,,,,,99.4,75,99.8,1,,,,,,,,,,,,,,,,
2026-06-28T23:01:20.932764+00:00,2026-06-29T09:01:20.927755,1,2,99.15,0.5,98.9,50,,,,,,,,,,,,,,,,,,,99.4,75,99.8,1,,,,,,,,,,,,,,,,
2026-06-28T23:01:20.965764+00:00,2026-06-29T09:01:20.962764,1,1,99.15,0.5,98.9,50,,,,,,,,,,,,,,,,,,,99.4,75,,,,,,,,,,,,,,,,,,
2026-06-28T23:01:20.987764+00:00,2026-06-29T09:01:20.979764,2,0,,,99.7,75,98.9,50,,,,,,,,,,,,,,,,,,,,,,,,,,,,,,,,,,,,
2026-06-28T23:01:21.042764+00:00,2026-06-29T09:01:21.032765,2,1,99.95,0.5,99.7,75,98.9,50,,,,,,,,,,,,,,,,,100.2,150,,,,,,,,,,,,,,,,,,
2026-06-28T23:01:21.152764+00:00,2026-06-29T09:01:21.148764,1,1,99.95,0.5,99.7,75,,,,,,,,,,,,,,,,,,,100.2,150,,,,,,,,,,,,,,,,,,
2026-06-28T23:01:21.207764+00:00,2026-06-29T09:01:21.201764,2,1,99.95,0.5,99.7,75,99.4,100,,,,,,,,,,,,,,,,,100.2,150,,,,,,,,,,,,,,,,,,
2026-06-28T23:01:21.262764+00:00,2026-06-29T09:01:21.253764,2,2,99.8,0.2,99.7,75,99.4,100,,,,,,,,,,,,,,,,,99.9,100,100.2,150,,,,,,,,,,,,,,,,
2026-06-28T23:01:21.416755+00:00,2026-06-29T09:01:21.415754,2,2,99.8,0.2,99.7,75,99.4,104,,,,,,,,,,,,,,,,,99.9,100,100.2,150,,,,,,,,,,,,,,,,
2026-06-28T23:01:21.526755+00:00,2026-06-29T09:01:21.521755,2,2,99.8,0.2,99.7,74,99.4,104,,,,,,,,,,,,,,,,,99.9,100,100.2,150,,,,,,,,,,,,,,,,
2026-06-28T23:01:21.559755+00:00,2026-06-29T09:01:21.548755,2,2,99.8,0.2,99.7,72,99.4,104,,,,,,,,,,,,,,,,,99.9,100,100.2,150,,,,,,,,,,,,,,,,
2026-06-28T23:01:21.592764+00:00,2026-06-29T09:01:21.582755,2,2,99.8,0.2,99.7,71,99.4,104,,,,,,,,,,,,,,,,,99.9,100,100.2,150,,,,,,,,,,,,,,,,
2026-06-28T23:01:21.888764+00:00,2026-06-29T09:01:21.882757,2,2,99.8,0.2,99.7,71,99.4,104,,,,,,,,,,,,,,,,,99.9,50,100.2,150,,,,,,,,,,,,,,,,
2026-06-28T23:01:22.196764+00:00,2026-06-29T09:01:22.192764,2,2,99.8,0.2,99.7,70,99.4,104,,,,,,,,,,,,,,,,,99.9,50,100.2,150,,,,,,,,,,,,,,,,
2026-06-28T23:01:22.251764+00:00,2026-06-29T09:01:22.246764,2,2,99.8,0.2,99.7,69,99.4,104,,,,,,,,,,,,,,,,,99.9,50,100.2,150,,,,,,,,,,,,,,,,
2026-06-28T23:01:22.273764+00:00,2026-06-29T09:01:22.269764,2,2,99.8,0.2,99.7,68,99.4,104,,,,,,,,,,,,,,,,,99.9,50,100.2,150,,,,,,,,,,,,,,,,
2026-06-28T23:01:22.372764+00:00,2026-06-29T09:01:22.366764,2,2,99.8,0.2,99.7,67,99.4,104,,,,,,,,,,,,,,,,,99.9,50,100.2,150,,,,,,,,,,,,,,,,
2026-06-28T23:01:22.416764+00:00,2026-06-29T09:01:22.408764,2,2,99.8,0.2,99.7,66,99.4,104,,,,,,,,,,,,,,,,,99.9,50,100.2,150,,,,,,,,,,,,,,,,
2026-06-28T23:01:22.438764+00:00,2026-06-29T09:01:22.433764,2,2,99.8,0.2,99.7,65,99.4,104,,,,,,,,,,,,,,,,,99.9,50,100.2,150,,,,,,,,,,,,,,,,
2026-06-28T23:01:22.471764+00:00,2026-06-29T09:01:22.461764,2,2,99.8,0.2,99.7,64,99.4,104,,,,,,,,,,,,,,,,,99.9,50,100.2,150,,,,,,,,,,,,,,,,
2026-06-28T23:01:22.504764+00:00,2026-06-29T09:01:22.494764,2,2,99.8,0.2,99.7,63,99.4,104,,,,,,,,,,,,,,,,,99.9,50,100.2,150,,,,,,,,,,,,,,,,
2026-06-28T23:01:22.647764+00:00,2026-06-29T09:01:22.638764,2,2,99.8,0.2,99.7,62,99.4,104,,,,,,,,,,,,,,,,,99.9,50,100.2,150,,,,,,,,,,,,,,,,
2026-06-28T23:01:23.515461+00:00,2026-06-29T09:01:23.511461,2,2,99.8,0.2,99.7,61,99.4,104,,,,,,,,,,,,,,,,,99.9,50,100.2,150,,,,,,,,,,,,,,,,
2026-06-28T23:01:24.076461+00:00,2026-06-29T09:01:24.065452,2,2,99.8,0.2,99.7,11,99.4,104,,,,,,,,,,,,,,,,,99.9,50,100.2,150,,,,,,,,,,,,,,,,
2026-06-28T23:01:24.098461+00:00,2026-06-29T09:01:24.089461,1,1,99.65,0.5,99.4,104,,,,,,,,,,,,,,,,,,,99.9,50,,,,,,,,,,,,,,,,,,
2026-06-28T23:01:24.142461+00:00,2026-06-29T09:01:24.141461,2,1,99.65,0.5,99.4,104,99.3,150,,,,,,,,,,,,,,,,,99.9,50,,,,,,,,,,,,,,,,,,
2026-06-28T23:01:24.197461+00:00,2026-06-29T09:01:24.193461,2,2,99.6,0.4,99.4,104,99.3,150,,,,,,,,,,,,,,,,,99.8,150,99.9,50,,,,,,,,,,,,,,,,
2026-06-28T23:01:24.318461+00:00,2026-06-29T09:01:24.308460,2,1,99.6,0.4,99.4,4,99.3,150,,,,,,,,,,,,,,,,,99.8,150,,,,,,,,,,,,,,,,,,
2026-06-28T23:01:24.384452+00:00,2026-06-29T09:01:24.379452,3,1,99.75,0.1,99.7,100,99.4,4,99.3,150,,,,,,,,,,,,,,,99.8,150,,,,,,,,,,,,,,,,,,
2026-06-28T23:01:24.439461+00:00,2026-06-29T09:01:24.428460,3,2,99.75,0.1,99.7,100,99.4,4,99.3,150,,,,,,,,,,,,,,,99.8,150,100.2,100,,,,,,,,,,,,,,,,
2026-06-28T23:01:25.946907+00:00,2026-06-29T09:01:25.942906,3,2,99.75,0.1,99.7,100,99.4,4,99.3,150,,,,,,,,,,,,,,,99.8,103,100.2,100,,,,,,,,,,,,,,,,
2026-06-28T23:01:26.122477+00:00,2026-06-29T09:01:26.120477,3,2,99.75,0.1,99.7,100,99.4,4,99.3,150,,,,,,,,,,,,,,,99.8,53,100.2,100,,,,,,,,,,,,,,,,
2026-06-28T23:01:27.255477+00:00,2026-06-29T09:01:27.249477,2,1,99.95,0.5,99.7,100,99.4,4,,,,,,,,,,,,,,,,,100.2,100,,,,,,,,,,,,,,,,,,
2026-06-28T23:01:27.310477+00:00,2026-06-29T09:01:27.302477,2,1,99.95,0.5,99.7,250,99.4,4,,,,,,,,,,,,,,,,,100.2,100,,,,,,,,,,,,,,,,,,
2026-06-28T23:01:27.365477+00:00,2026-06-29T09:01:27.354477,2,1,99.95,0.5,99.7,250,99.4,4,,,,,,,,,,,,,,,,,100.2,250,,,,,,,,,,,,,,,,,,
2026-06-28T23:01:27.486477+00:00,2026-06-29T09:01:27.484477,2,1,99.95,0.5,99.7,150,99.4,4,,,,,,,,,,,,,,,,,100.2,150,,,,,,,,,,,,,,,,,,
2026-06-28T23:01:27.497477+00:00,2026-06-29T09:01:27.493477,2,1,99.95,0.5,99.7,109,99.4,4,,,,,,,,,,,,,,,,,100.2,150,,,,,,,,,,,,,,,,,,
2026-06-28T23:01:27.541477+00:00,2026-06-29T09:01:27.537477,2,1,99.95,0.5,99.7,209,99.4,4,,,,,,,,,,,,,,,,,100.2,150,,,,,,,,,,,,,,,,,,
2026-06-28T23:01:27.596477+00:00,2026-06-29T09:01:27.589477,2,1,99.95,0.5,99.7,209,99.4,4,,,,,,,,,,,,,,,,,100.2,250,,,,,,,,,,,,,,,,,,
2026-06-28T23:01:28.233224+00:00,2026-06-29T09:01:28.226224,2,1,99.95,0.5,99.7,209,99.4,4,,,,,,,,,,,,,,,,,100.2,200,,,,,,,,,,,,,,,,,,
2026-06-28T23:01:30.444245+00:00,2026-06-29T09:01:30.439244,2,1,99.95,0.5,99.7,100,99.6,5,,,,,,,,,,,,,,,,,100.2,100,,,,,,,,,,,,,,,,,,
2026-06-28T23:01:30.488244+00:00,2026-06-29T09:01:30.486236,2,1,99.95,0.5,99.7,100,99.6,155,,,,,,,,,,,,,,,,,100.2,100,,,,,,,,,,,,,,,,,,
2026-06-28T23:01:30.542759+00:00,2026-06-29T09:01:30.540244,2,2,99.9,0.4,99.7,100,99.6,155,,,,,,,,,,,,,,,,,100.1,150,100.2,100,,,,,,,,,,,,,,,,
2026-06-28T23:01:30.652778+00:00,2026-06-29T09:01:30.650771,1,1,99.85,0.5,99.6,155,,,,,,,,,,,,,,,,,,,100.1,150,,,,,,,,,,,,,,,,,,
2026-06-28T23:01:30.707778+00:00,2026-06-29T09:01:30.699769,2,1,99.9,0.4,99.7,100,99.6,155,,,,,,,,,,,,,,,,,100.1,150,,,,,,,,,,,,,,,,,,
2026-06-28T23:01:30.762778+00:00,2026-06-29T09:01:30.753778,2,2,99.9,0.4,99.7,100,99.6,155,,,,,,,,,,,,,,,,,100.1,150,100.2,100,,,,,,,,,,,,,,,,
2026-06-28T23:01:31.884778+00:00,2026-06-29T09:01:31.874778,2,2,99.9,0.4,99.7,100,99.6,155,,,,,,,,,,,,,,,,,100.1,105,100.2,100,,,,,,,,,,,,,,,,
2026-06-28T23:01:31.939778+00:00,2026-06-29T09:01:31.928778,2,2,99.9,0.4,99.7,60,99.6,155,,,,,,,,,,,,,,,,,100.1,105,100.2,100,,,,,,,,,,,,,,,,
2026-06-28T23:01:32.445778+00:00,2026-06-29T09:01:32.437778,2,2,99.9,0.4,99.7,60,99.6,155,,,,,,,,,,,,,,,,,100.1,55,100.2,100,,,,,,,,,,,,,,,,
2026-06-28T23:01:32.500778+00:00,2026-06-29T09:01:32.491778,2,2,99.9,0.4,99.7,20,99.6,155,,,,,,,,,,,,,,,,,100.1,55,100.2,100,,,,,,,,,,,,,,,,
2026-06-28T23:01:33.599994+00:00,2026-06-29T09:01:33.593994,2,1,99.95,0.5,99.7,20,99.6,5,,,,,,,,,,,,,,,,,100.2,100,,,,,,,,,,,,,,,,,,
2026-06-28T23:01:33.654994+00:00,2026-06-29T09:01:33.646994,3,1,100.15,0.1,100.1,150,99.7,20,99.6,5,,,,,,,,,,,,,,,100.2,100,,,,,,,,,,,,,,,,,,
2026-06-28T23:01:33.709993+00:00,2026-06-29T09:01:33.699995,3,2,100.15,0.1,100.1,150,99.7,20,99.6,5,,,,,,,,,,,,,,,100.2,100,100.6,150,,,,,,,,,,,,,,,,
2026-06-28T23:01:33.820003+00:00,2026-06-29T09:01:33.811003,2,1,100.35,0.5,100.1,150,99.6,5,,,,,,,,,,,,,,,,,100.6,150,,,,,,,,,,,,,,,,,,
2026-06-28T23:01:33.875003+00:00,2026-06-29T09:01:33.868003,3,1,100.35,0.5,100.1,150,99.6,5,99.5,100,,,,,,,,,,,,,,,100.6,150,,,,,,,,,,,,,,,,,,
2026-06-28T23:01:33.930003+00:00,2026-06-29T09:01:33.919003,3,1,100.35,0.5,100.1,50,99.6,5,99.5,100,,,,,,,,,,,,,,,100.6,150,,,,,,,,,,,,,,,,,,
2026-06-28T23:01:34.612003+00:00,2026-06-29T09:01:34.601003,2,1,100.1,1.0,99.6,5,99.5,100,,,,,,,,,,,,,,,,,100.6,150,,,,,,,,,,,,,,,,,,
2026-06-28T23:01:36.140566+00:00,2026-06-29T09:01:36.138566,2,1,100.1,1.0,99.6,3,99.5,100,,,,,,,,,,,,,,,,,100.6,150,,,,,,,,,,,,,,,,,,
2026-06-28T23:01:36.723586+00:00,2026-06-29T09:01:36.714586,1,1,100.05,1.1,99.5,53,,,,,,,,,,,,,,,,,,,100.6,150,,,,,,,,,,,,,,,,,,
2026-06-28T23:01:36.756586+00:00,2026-06-29T09:01:36.752586,1,0,,,99.5,53,,,,,,,,,,,,,,,,,,,,,,,,,,,,,,,,,,,,,,
2026-06-28T23:01:36.811586+00:00,2026-06-29T09:01:36.804586,2,0,,,99.7,150,99.5,53,,,,,,,,,,,,,,,,,,,,,,,,,,,,,,,,,,,,
2026-06-28T23:01:36.866586+00:00,2026-06-29T09:01:36.856586,2,1,99.95,0.5,99.7,150,99.5,53,,,,,,,,,,,,,,,,,100.2,150,,,,,,,,,,,,,,,,,,
2026-06-28T23:01:36.987586+00:00,2026-06-29T09:01:36.986586,1,1,99.95,0.5,99.7,150,,,,,,,,,,,,,,,,,,,100.2,150,,,,,,,,,,,,,,,,,,
2026-06-28T23:01:37.053585+00:00,2026-06-29T09:01:37.044586,2,1,100.0,0.4,99.8,100,99.7,150,,,,,,,,,,,,,,,,,100.2,150,,,,,,,,,,,,,,,,,,
2026-06-28T23:01:37.119580+00:00,2026-06-29T09:01:37.110577,2,2,100.0,0.4,99.8,100,99.7,150,,,,,,,,,,,,,,,,,100.2,150,100.3,100,,,,,,,,,,,,,,,,
2026-06-28T23:01:38.550616+00:00,2026-06-29T09:01:38.548608,2,2,100.0,0.4,99.8,55,99.7,150,,,,,,,,,,,,,,,,,100.2,150,100.3,100,,,,,,,,,,,,,,,,
2026-06-28T23:01:38.825616+00:00,2026-06-29T09:01:38.823607,2,2,100.0,0.4,99.8,5,99.7,150,,,,,,,,,,,,,,,,,100.2,150,100.3,100,,,,,,,,,,,,,,,,
2026-06-28T23:01:39.914636+00:00,2026-06-29T09:01:39.911636,1,1,100.05,0.5,99.8,5,,,,,,,,,,,,,,,,,,,100.3,100,,,,,,,,,,,,,,,,,,
2026-06-28T23:01:39.969636+00:00,2026-06-29T09:01:39.964636,2,1,100.05,0.5,99.8,5,99.7,150,,,,,,,,,,,,,,,,,100.3,100,,,,,,,,,,,,,,,,,,
2026-06-28T23:01:40.024636+00:00,2026-06-29T09:01:40.017636,2,2,100.0,0.4,99.8,5,99.7,150,,,,,,,,,,,,,,,,,100.2,150,100.3,100,,,,,,,,,,,,,,,,
2026-06-28T23:01:40.167636+00:00,2026-06-29T09:01:40.159636,1,1,99.95,0.5,99.7,150,,,,,,,,,,,,,,,,,,,100.2,150,,,,,,,,,,,,,,,,,,
2026-06-28T23:01:40.222636+00:00,2026-06-29T09:01:40.213636,2,1,99.95,0.5,99.7,150,99.5,100,,,,,,,,,,,,,,,,,100.2,150,,,,,,,,,,,,,,,,,,
2026-06-28T23:01:40.266636+00:00,2026-06-29T09:01:40.265636,2,2,99.85,0.3,99.7,150,99.5,100,,,,,,,,,,,,,,,,,100.0,100,100.2,150,,,,,,,,,,,,,,,,
2026-06-28T23:01:40.937636+00:00,2026-06-29T09:01:40.930636,2,2,99.85,0.3,99.7,100,99.5,100,,,,,,,,,,,,,,,,,100.0,100,100.2,150,,,,,,,,,,,,,,,,
2026-06-28T23:01:43.037304+00:00,2026-06-29T09:01:43.036304,2,2,99.85,0.3,99.7,50,99.5,100,,,,,,,,,,,,,,,,,100.0,100,100.2,150,,,,,,,,,,,,,,,,
2026-06-28T23:01:43.081295+00:00,2026-06-29T09:01:43.072295,1,1,99.75,0.5,99.5,100,,,,,,,,,,,,,,,,,,,100.0,100,,,,,,,,,,,,,,,,,,
2026-06-28T23:01:43.147295+00:00,2026-06-29T09:01:43.140295,2,1,99.75,0.5,99.5,100,99.3,150,,,,,,,,,,,,,,,,,100.0,100,,,,,,,,,,,,,,,,,,
2026-06-28T23:01:43.202295+00:00,2026-06-29T09:01:43.191295,2,2,99.65,0.3,99.5,100,99.3,150,,,,,,,,,,,,,,,,,99.8,150,100.0,100,,,,,,,,,,,,,,,,
2026-06-28T23:01:43.323295+00:00,2026-06-29T09:01:43.321295,1,1,99.55,0.5,99.3,150,,,,,,,,,,,,,,,,,,,99.8,150,,,,,,,,,,,,,,,,,,
2026-06-28T23:01:43.378295+00:00,2026-06-29T09:01:43.374295,2,1,99.65,0.3,99.5,100,99.3,150,,,,,,,,,,,,,,,,,99.8,150,,,,,,,,,,,,,,,,,,
2026-06-28T23:01:43.433295+00:00,2026-06-29T09:01:43.427295,2,2,99.65,0.3,99.5,100,99.3,150,,,,,,,,,,,,,,,,,99.8,150,100.0,100,,,,,,,,,,,,,,,,
2026-06-28T23:01:43.565304+00:00,2026-06-29T09:01:43.559304,2,2,99.65,0.3,99.5,100,99.3,150,,,,,,,,,,,,,,,,,99.8,109,100.0,100,,,,,,,,,,,,,,,,
2026-06-28T23:01:44.588304+00:00,2026-06-29T09:01:44.587304,2,2,99.65,0.3,99.5,100,99.3,150,,,,,,,,,,,,,,,,,99.8,109,100.0,104,,,,,,,,,,,,,,,,
2026-06-28T23:01:44.621304+00:00,2026-06-29T09:01:44.615304,2,2,99.65,0.3,99.5,100,99.3,150,,,,,,,,,,,,,,,,,99.8,61,100.0,104,,,,,,,,,,,,,,,,
2026-06-28T23:01:45.149315+00:00,2026-06-29T09:01:45.145315,2,2,99.65,0.3,99.5,50,99.3,150,,,,,,,,,,,,,,,,,99.8,61,100.0,104,,,,,,,,,,,,,,,,
2026-06-28T23:01:46.248887+00:00,2026-06-29T09:01:46.246887,2,1,99.75,0.5,99.5,50,99.3,150,,,,,,,,,,,,,,,,,100.0,104,,,,,,,,,,,,,,,,,,
2026-06-28T23:01:46.259887+00:00,2026-06-29T09:01:46.248887,1,1,99.75,0.5,99.5,50,,,,,,,,,,,,,,,,,,,100.0,104,,,,,,,,,,,,,,,,,,
2026-06-28T23:01:46.303887+00:00,2026-06-29T09:01:46.301887,2,1,99.9,0.2,99.8,150,99.5,50,,,,,,,,,,,,,,,,,100.0,104,,,,,,,,,,,,,,,,,,
2026-06-28T23:01:46.358887+00:00,2026-06-29T09:01:46.354887,2,2,99.9,0.2,99.8,150,99.5,50,,,,,,,,,,,,,,,,,100.0,104,100.3,150,,,,,,,,,,,,,,,,
2026-06-28T23:01:46.490887+00:00,2026-06-29T09:01:46.481887,1,2,99.9,0.2,99.8,150,,,,,,,,,,,,,,,,,,,100.0,4,100.3,150,,,,,,,,,,,,,,,,
2026-06-28T23:01:46.545887+00:00,2026-06-29T09:01:46.535888,2,2,99.9,0.2,99.8,150,99.4,100,,,,,,,,,,,,,,,,,100.0,4,100.3,150,,,,,,,,,,,,,,,,
2026-06-28T23:01:46.589887+00:00,2026-06-29T09:01:46.587887,2,3,99.85,0.1,99.8,150,99.4,100,,,,,,,,,,,,,,,,,99.9,100,100.0,4,100.3,150,,,,,,,,,,,,,,
2026-06-28T23:01:46.633887+00:00,2026-06-29T09:01:46.622888,3,3,99.85,0.1,99.8,150,99.7,1,99.4,100,,,,,,,,,,,,,,,99.9,100,100.0,4,100.3,150,,,,,,,,,,,,,,
2026-06-28T23:01:46.886411+00:00,2026-06-29T09:01:46.876412,3,3,99.85,0.1,99.8,105,99.7,1,99.4,100,,,,,,,,,,,,,,,99.9,100,100.0,4,100.3,150,,,,,,,,,,,,,,
2026-06-28T23:01:47.260421+00:00,2026-06-29T09:01:47.251421,3,3,99.85,0.1,99.8,55,99.7,1,99.4,100,,,,,,,,,,,,,,,99.9,100,100.0,4,100.3,150,,,,,,,,,,,,,,
2026-06-28T23:01:48.018171+00:00,2026-06-29T09:01:48.009171,3,3,99.85,0.1,99.8,55,99.7,1,99.4,100,,,,,,,,,,,,,,,99.9,51,100.0,4,100.3,150,,,,,,,,,,,,,,
2026-06-28T23:01:49.437171+00:00,2026-06-29T09:01:49.429171,2,2,99.8,0.2,99.7,1,99.4,100,,,,,,,,,,,,,,,,,99.9,51,100.0,4,,,,,,,,,,,,,,,,
2026-06-28T23:01:49.492171+00:00,2026-06-29T09:01:49.483171,2,2,99.8,0.2,99.7,1,99.4,250,,,,,,,,,,,,,,,,,99.9,51,100.0,4,,,,,,,,,,,,,,,,
2026-06-28T23:01:49.547171+00:00,2026-06-29T09:01:49.536171,2,2,99.8,0.2,99.7,1,99.4,250,,,,,,,,,,,,,,,,,99.9,201,100.0,4,,,,,,,,,,,,,,,,
2026-06-28T23:01:49.602171+00:00,2026-06-29T09:01:49.593171,1,2,99.65,0.5,99.4,250,,,,,,,,,,,,,,,,,,,99.9,201,100.0,4,,,,,,,,,,,,,,,,
2026-06-28T23:01:49.646171+00:00,2026-06-29T09:01:49.642171,1,2,99.65,0.5,99.4,150,,,,,,,,,,,,,,,,,,,99.9,150,100.0,4,,,,,,,,,,,,,,,,
2026-06-28T23:01:49.701171+00:00,2026-06-29T09:01:49.694171,2,2,99.8,0.2,99.7,100,99.4,150,,,,,,,,,,,,,,,,,99.9,150,100.0,4,,,,,,,,,,,,,,,,
2026-06-28T23:01:49.756171+00:00,2026-06-29T09:01:49.746171,2,3,99.8,0.2,99.7,100,99.4,150,,,,,,,,,,,,,,,,,99.9,150,100.0,4,100.2,100,,,,,,,,,,,,,,
2026-06-28T23:01:51.219171+00:00,2026-06-29T09:01:51.209171,2,3,99.8,0.2,99.7,57,99.4,150,,,,,,,,,,,,,,,,,99.9,150,100.0,4,100.2,100,,,,,,,,,,,,,,
2026-06-28T23:01:51.417171+00:00,2026-06-29T09:01:51.409171,2,3,99.8,0.2,99.7,57,99.4,150,,,,,,,,,,,,,,,,,99.9,100,100.0,4,100.2,100,,,,,,,,,,,,,,
2026-06-28T23:01:52.594171+00:00,2026-06-29T09:01:52.592171,2,2,99.85,0.3,99.7,57,99.4,150,,,,,,,,,,,,,,,,,100.0,4,100.2,100,,,,,,,,,,,,,,,,
2026-06-28T23:01:52.605171+00:00,2026-06-29T09:01:52.594398,1,2,99.85,0.3,99.7,57,,,,,,,,,,,,,,,,,,,100.0,4,100.2,100,,,,,,,,,,,,,,,,
2026-06-28T23:01:52.638171+00:00,2026-06-29T09:01:52.627336,1,1,99.95,0.5,99.7,57,,,,,,,,,,,,,,,,,,,100.2,100,,,,,,,,,,,,,,,,,,
2026-06-28T23:01:52.649171+00:00,2026-06-29T09:01:52.647171,2,1,99.95,0.5,99.7,57,99.6,150,,,,,,,,,,,,,,,,,100.2,100,,,,,,,,,,,,,,,,,,
2026-06-28T23:01:52.704171+00:00,2026-06-29T09:01:52.699171,2,2,99.9,0.4,99.7,57,99.6,150,,,,,,,,,,,,,,,,,100.1,150,100.2,100,,,,,,,,,,,,,,,,
2026-06-28T23:01:52.781171+00:00,2026-06-29T09:01:52.773162,2,3,99.85,0.3,99.7,57,99.6,150,,,,,,,,,,,,,,,,,100.0,7,100.1,150,100.2,100,,,,,,,,,,,,,,
2026-06-28T23:01:52.803171+00:00,2026-06-29T09:01:52.802171,2,2,99.85,0.3,99.7,57,99.6,150,,,,,,,,,,,,,,,,,100.0,7,100.1,150,,,,,,,,,,,,,,,,
2026-06-28T23:01:52.814171+00:00,2026-06-29T09:01:52.803355,1,2,99.8,0.4,99.6,150,,,,,,,,,,,,,,,,,,,100.0,7,100.1,150,,,,,,,,,,,,,,,,
2026-06-28T23:01:52.858171+00:00,2026-06-29T09:01:52.853171,1,1,99.85,0.5,99.6,150,,,,,,,,,,,,,,,,,,,100.1,150,,,,,,,,,,,,,,,,,,
2026-06-28T23:01:52.869171+00:00,2026-06-29T09:01:52.858171,2,1,99.85,0.5,99.6,150,99.5,100,,,,,,,,,,,,,,,,,100.1,150,,,,,,,,,,,,,,,,,,
2026-06-28T23:01:52.913191+00:00,2026-06-29T09:01:52.908191,2,2,99.8,0.4,99.6,150,99.5,100,,,,,,,,,,,,,,,,,100.0,100,100.1,150,,,,,,,,,,,,,,,,
2026-06-28T23:01:53.670704+00:00,2026-06-29T09:01:53.661704,2,2,99.8,0.4,99.6,150,99.5,100,,,,,,,,,,,,,,,,,100.0,106,100.1,150,,,,,,,,,,,,,,,,
2026-06-28T23:01:54.187704+00:00,2026-06-29T09:01:54.186705,2,2,99.8,0.4,99.6,150,99.5,100,,,,,,,,,,,,,,,,,100.0,61,100.1,150,,,,,,,,,,,,,,,,
2026-06-28T23:01:54.616704+00:00,2026-06-29T09:01:54.611704,2,2,99.8,0.4,99.6,150,99.5,100,,,,,,,,,,,,,,,,,100.0,60,100.1,150,,,,,,,,,,,,,,,,
2026-06-28T23:01:54.671705+00:00,2026-06-29T09:01:54.668695,2,2,99.8,0.4,99.6,150,99.5,100,,,,,,,,,,,,,,,,,100.0,58,100.1,150,,,,,,,,,,,,,,,,
2026-06-28T23:01:55.639725+00:00,2026-06-29T09:01:55.632725,3,2,99.85,0.3,99.7,2,99.6,150,99.5,100,,,,,,,,,,,,,,,100.0,58,100.1,150,,,,,,,,,,,,,,,,
2026-06-28T23:01:55.683725+00:00,2026-06-29T09:01:55.674725,2,2,99.8,0.4,99.6,102,99.5,100,,,,,,,,,,,,,,,,,100.0,58,100.1,150,,,,,,,,,,,,,,,,
2026-06-28T23:01:55.760725+00:00,2026-06-29T09:01:55.752725,1,1,99.75,0.5,99.5,100,,,,,,,,,,,,,,,,,,,100.0,58,,,,,,,,,,,,,,,,,,
2026-06-28T23:01:55.815725+00:00,2026-06-29T09:01:55.807725,2,1,99.75,0.5,99.5,100,99.1,150,,,,,,,,,,,,,,,,,100.0,58,,,,,,,,,,,,,,,,,,
2026-06-28T23:01:55.870725+00:00,2026-06-29T09:01:55.859966,2,2,99.55,0.1,99.5,100,99.1,150,,,,,,,,,,,,,,,,,99.6,150,100.0,58,,,,,,,,,,,,,,,,
2026-06-28T23:01:55.969725+00:00,2026-06-29T09:01:55.964725,1,2,99.35,0.5,99.1,150,,,,,,,,,,,,,,,,,,,99.6,150,100.0,5,,,,,,,,,,,,,,,,
2026-06-28T23:01:56.024725+00:00,2026-06-29T09:01:56.019725,2,2,99.5,0.2,99.4,100,99.1,150,,,,,,,,,,,,,,,,,99.6,150,100.0,5,,,,,,,,,,,,,,,,
2026-06-28T23:01:56.079304+00:00,2026-06-29T09:01:56.073745,2,3,99.5,0.2,99.4,100,99.1,150,,,,,,,,,,,,,,,,,99.6,150,99.9,100,100.0,5,,,,,,,,,,,,,,
2026-06-28T23:01:57.388304+00:00,2026-06-29T09:01:57.380304,2,3,99.5,0.2,99.4,100,99.1,150,,,,,,,,,,,,,,,,,99.6,103,99.9,100,100.0,5,,,,,,,,,,,,,,
2026-06-28T23:01:57.784296+00:00,2026-06-29T09:01:57.781304,2,3,99.5,0.2,99.4,50,99.1,150,,,,,,,,,,,,,,,,,99.6,103,99.9,100,100.0,5,,,,,,,,,,,,,,
2026-06-28T23:01:58.916566+00:00,2026-06-29T09:01:58.913566,1,2,99.65,0.5,99.4,50,,,,,,,,,,,,,,,,,,,99.9,100,100.0,5,,,,,,,,,,,,,,,,
2026-06-28T23:01:58.971566+00:00,2026-06-29T09:01:58.967566,1,2,99.65,0.5,99.4,200,,,,,,,,,,,,,,,,,,,99.9,100,100.0,5,,,,,,,,,,,,,,,,
2026-06-28T23:01:59.026566+00:00,2026-06-29T09:01:59.019557,1,2,99.65,0.5,99.4,200,,,,,,,,,,,,,,,,,,,99.9,250,100.0,5,,,,,,,,,,,,,,,,
2026-06-28T23:01:59.048566+00:00,2026-06-29T09:01:59.047566,1,2,99.65,0.5,99.4,151,,,,,,,,,,,,,,,,,,,99.9,250,100.0,5,,,,,,,,,,,,,,,,
2026-06-28T23:01:59.136566+00:00,2026-06-29T09:01:59.128566,1,2,99.65,0.5,99.4,150,,,,,,,,,,,,,,,,,,,99.9,150,100.0,5,,,,,,,,,,,,,,,,
2026-06-28T23:01:59.191566+00:00,2026-06-29T09:01:59.181567,2,2,99.65,0.5,99.4,150,99.1,100,,,,,,,,,,,,,,,,,99.9,150,100.0,5,,,,,,,,,,,,,,,,
2026-06-28T23:01:59.235566+00:00,2026-06-29T09:01:59.233566,2,3,99.5,0.2,99.4,150,99.1,100,,,,,,,,,,,,,,,,,99.6,100,99.9,150,100.0,5,,,,,,,,,,,,,,
2026-06-28T23:01:59.730566+00:00,2026-06-29T09:01:59.721566,2,3,99.5,0.2,99.4,150,99.1,100,,,,,,,,,,,,,,,,,99.6,100,99.9,150,100.0,4,,,,,,,,,,,,,,
2026-06-28T23:01:59.895566+00:00,2026-06-29T09:01:59.888566,2,3,99.5,0.2,99.4,100,99.1,100,,,,,,,,,,,,,,,,,99.6,100,99.9,150,100.0,4,,,,,,,,,,,,,,
2026-06-28T23:02:00.115099+00:00,2026-06-29T09:02:00.104100,2,3,99.5,0.2,99.4,100,99.1,100,,,,,,,,,,,,,,,,,99.6,100,99.9,150,100.0,3,,,,,,,,,,,,,,
2026-06-28T23:02:00.775099+00:00,2026-06-29T09:02:00.764100,2,3,99.5,0.2,99.4,100,99.1,100,,,,,,,,,,,,,,,,,99.6,97,99.9,150,100.0,3,,,,,,,,,,,,,,
2026-06-28T23:02:01.050099+00:00,2026-06-29T09:02:01.041099,2,3,99.5,0.2,99.4,100,99.1,100,,,,,,,,,,,,,,,,,99.6,94,99.9,150,100.0,3,,,,,,,,,,,,,,
2026-06-28T23:02:01.072099+00:00,2026-06-29T09:02:01.064100,2,3,99.5,0.2,99.4,100,99.1,100,,,,,,,,,,,,,,,,,99.6,91,99.9,150,100.0,3,,,,,,,,,,,,,,
2026-06-28T23:02:01.182099+00:00,2026-06-29T09:02:01.172099,2,3,99.5,0.2,99.4,100,99.1,100,,,,,,,,,,,,,,,,,99.6,88,99.9,150,100.0,3,,,,,,,,,,,,,,
2026-06-28T23:02:01.567099+00:00,2026-06-29T09:02:01.561099,2,3,99.5,0.2,99.4,100,99.1,100,,,,,,,,,,,,,,,,,99.6,86,99.9,150,100.0,3,,,,,,,,,,,,,,
2026-06-28T23:02:01.600100+00:00,2026-06-29T09:02:01.596092,2,2,99.5,0.2,99.4,100,99.1,100,,,,,,,,,,,,,,,,,99.6,86,99.9,150,,,,,,,,,,,,,,,,
2026-06-28T23:02:01.666100+00:00,2026-06-29T09:02:01.657099,2,3,99.5,0.2,99.4,100,99.1,100,,,,,,,,,,,,,,,,,99.6,86,99.8,5,99.9,150,,,,,,,,,,,,,,
2026-06-28T23:02:01.798099+00:00,2026-06-29T09:02:01.796099,3,3,99.55,0.1,99.5,2,99.4,100,99.1,100,,,,,,,,,,,,,,,99.6,86,99.8,5,99.9,150,,,,,,,,,,,,,,
2026-06-28T23:02:01.952100+00:00,2026-06-29T09:02:01.943091,3,3,99.55,0.1,99.5,2,99.4,100,99.1,100,,,,,,,,,,,,,,,99.6,36,99.8,5,99.9,150,,,,,,,,,,,,,,
2026-06-28T23:02:02.084099+00:00,2026-06-29T09:02:02.076099,2,2,99.55,0.1,99.5,2,99.1,100,,,,,,,,,,,,,,,,,99.6,36,99.8,5,,,,,,,,,,,,,,,,
2026-06-28T23:02:02.139099+00:00,2026-06-29T09:02:02.128099,3,2,99.55,0.1,99.5,2,99.4,150,99.1,100,,,,,,,,,,,,,,,99.6,36,99.8,5,,,,,,,,,,,,,,,,
2026-06-28T23:02:02.183100+00:00,2026-06-29T09:02:02.182099,3,3,99.55,0.1,99.5,2,99.4,150,99.1,100,,,,,,,,,,,,,,,99.6,36,99.8,5,99.9,150,,,,,,,,,,,,,,
2026-06-28T23:02:02.293099+00:00,2026-06-29T09:02:02.288100,2,2,99.65,0.3,99.5,2,99.4,150,,,,,,,,,,,,,,,,,99.8,5,99.9,150,,,,,,,,,,,,,,,,
2026-06-28T23:02:02.348099+00:00,2026-06-29T09:02:02.341099,2,2,99.65,0.3,99.5,102,99.4,150,,,,,,,,,,,,,,,,,99.8,5,99.9,150,,,,,,,,,,,,,,,,
2026-06-28T23:02:02.403099+00:00,2026-06-29T09:02:02.392100,2,3,99.65,0.3,99.5,102,99.4,150,,,,,,,,,,,,,,,,,99.8,5,99.9,150,100.0,100,,,,,,,,,,,,,,
2026-06-28T23:02:02.997222+00:00,2026-06-29T09:02:02.995222,2,2,99.7,0.4,99.5,102,99.4,150,,,,,,,,,,,,,,,,,99.9,106,100.0,100,,,,,,,,,,,,,,,,
2026-06-28T23:02:03.943221+00:00,2026-06-29T09:02:03.933222,2,2,99.7,0.4,99.5,101,99.4,150,,,,,,,,,,,,,,,,,99.9,106,100.0,100,,,,,,,,,,,,,,,,
2026-06-28T23:02:04.053221+00:00,2026-06-29T09:02:04.051221,2,2,99.7,0.4,99.5,101,99.4,150,,,,,,,,,,,,,,,,,99.9,56,100.0,100,,,,,,,,,,,,,,,,
2026-06-28T23:02:04.592222+00:00,2026-06-29T09:02:04.589221,2,2,99.7,0.4,99.5,53,99.4,150,,,,,,,,,,,,,,,,,99.9,56,100.0,100,,,,,,,,,,,,,,,,
2026-06-28T23:02:05.241222+00:00,2026-06-29T09:02:05.237221,1,1,99.75,0.5,99.5,53,,,,,,,,,,,,,,,,,,,100.0,100,,,,,,,,,,,,,,,,,,
2026-06-28T23:02:05.296221+00:00,2026-06-29T09:02:05.289221,2,1,99.8,0.4,99.6,150,99.5,53,,,,,,,,,,,,,,,,,100.0,100,,,,,,,,,,,,,,,,,,
2026-06-28T23:02:05.351221+00:00,2026-06-29T09:02:05.340221,2,2,99.8,0.4,99.6,150,99.5,53,,,,,,,,,,,,,,,,,100.0,100,100.1,150,,,,,,,,,,,,,,,,
2026-06-28T23:02:05.450222+00:00,2026-06-29T09:02:05.448221,2,1,99.85,0.5,99.6,150,99.5,53,,,,,,,,,,,,,,,,,100.1,150,,,,,,,,,,,,,,,,,,
2026-06-28T23:02:05.461221+00:00,2026-06-29T09:02:05.450222,1,1,99.85,0.5,99.6,150,,,,,,,,,,,,,,,,,,,100.1,150,,,,,,,,,,,,,,,,,,
2026-06-28T23:02:05.505221+00:00,2026-06-29T09:02:05.503213,2,1,99.85,0.5,99.6,150,99.2,100,,,,,,,,,,,,,,,,,100.1,150,,,,,,,,,,,,,,,,,,
2026-06-28T23:02:05.571221+00:00,2026-06-29T09:02:05.570213,2,2,99.65,0.1,99.6,150,99.2,100,,,,,,,,,,,,,,,,,99.7,100,100.1,150,,,,,,,,,,,,,,,,
2026-06-28T23:02:05.648221+00:00,2026-06-29T09:02:05.644221,2,3,99.65,0.1,99.6,150,99.2,100,,,,,,,,,,,,,,,,,99.7,100,99.8,7,100.1,150,,,,,,,,,,,,,,
2026-06-28T23:02:05.901221+00:00,2026-06-29T09:02:05.893222,2,3,99.65,0.1,99.6,150,99.2,100,,,,,,,,,,,,,,,,,99.7,100,99.8,6,100.1,150,,,,,,,,,,,,,,
2026-06-28T23:02:05.967222+00:00,2026-06-29T09:02:05.965222,2,3,99.65,0.1,99.6,150,99.2,100,,,,,,,,,,,,,,,,,99.7,100,99.8,5,100.1,150,,,,,,,,,,,,,,
2026-06-28T23:02:06.077241+00:00,2026-06-29T09:02:06.074242,2,3,99.65,0.1,99.6,150,99.2,100,,,,,,,,,,,,,,,,,99.7,54,99.8,5,100.1,150,,,,,,,,,,,,,,
2026-06-28T23:02:06.131837+00:00,2026-06-29T09:02:06.128837,2,3,99.65,0.1,99.6,105,99.2,100,,,,,,,,,,,,,,,,,99.7,54,99.8,5,100.1,150,,,,,,,,,,,,,,
2026-06-28T23:02:06.164836+00:00,2026-06-29T09:02:06.162837,2,3,99.65,0.1,99.6,105,99.2,100,,,,,,,,,,,,,,,,,99.7,4,99.8,5,100.1,150,,,,,,,,,,,,,,
2026-06-28T23:02:06.549837+00:00,2026-06-29T09:02:06.540837,2,3,99.65,0.1,99.6,105,99.2,100,,,,,,,,,,,,,,,,,99.7,4,99.8,3,100.1,150,,,,,,,,,,,,,,
2026-06-28T23:02:06.879837+00:00,2026-06-29T09:02:06.874837,2,3,99.65,0.1,99.6,105,99.2,100,,,,,,,,,,,,,,,,,99.7,4,99.8,2,100.1,150,,,,,,,,,,,,,,
2026-06-28T23:02:08.209093+00:00,2026-06-29T09:02:08.204093,2,1,99.85,0.5,99.6,105,99.2,100,,,,,,,,,,,,,,,,,100.1,116,,,,,,,,,,,,,,,,,,
2026-06-28T23:02:08.330093+00:00,2026-06-29T09:02:08.321093,2,1,99.85,0.5,99.6,55,99.2,100,,,,,,,,,,,,,,,,,100.1,116,,,,,,,,,,,,,,,,,,
2026-06-28T23:02:08.396093+00:00,2026-06-29T09:02:08.394085,1,0,,,99.2,100,,,,,,,,,,,,,,,,,,,,,,,,,,,,,,,,,,,,,,
2026-06-28T23:02:08.451093+00:00,2026-06-29T09:02:08.447093,2,0,,,99.4,150,99.2,100,,,,,,,,,,,,,,,,,,,,,,,,,,,,,,,,,,,,
2026-06-28T23:02:08.506093+00:00,2026-06-29T09:02:08.500094,2,1,99.65,0.5,99.4,150,99.2,100,,,,,,,,,,,,,,,,,99.9,150,,,,,,,,,,,,,,,,,,
2026-06-28T23:02:08.616094+00:00,2026-06-29T09:02:08.614093,1,1,99.65,0.5,99.4,150,,,,,,,,,,,,,,,,,,,99.9,150,,,,,,,,,,,,,,,,,,
2026-06-28T23:02:08.682093+00:00,2026-06-29T09:02:08.676093,1,1,99.65,0.5,99.4,250,,,,,,,,,,,,,,,,,,,99.9,150,,,,,,,,,,,,,,,,,,
2026-06-28T23:02:08.726094+00:00,2026-06-29T09:02:08.724093,1,1,99.65,0.5,99.4,250,,,,,,,,,,,,,,,,,,,99.9,250,,,,,,,,,,,,,,,,,,
2026-06-28T23:02:10.464093+00:00,2026-06-29T09:02:10.455093,1,1,99.65,0.5,99.4,200,,,,,,,,,,,,,,,,,,,99.9,250,,,,,,,,,,,,,,,,,,
2026-06-28T23:02:10.860093+00:00,2026-06-29T09:02:10.854093,1,1,99.65,0.5,99.4,156,,,,,,,,,,,,,,,,,,,99.9,250,,,,,,,,,,,,,,,,,,
2026-06-28T23:02:11.564114+00:00,2026-06-29T09:02:11.556114,1,1,99.65,0.5,99.4,100,,,,,,,,,,,,,,,,,,,99.9,100,,,,,,,,,,,,,,,,,,
2026-06-28T23:02:11.619113+00:00,2026-06-29T09:02:11.618114,2,1,99.65,0.5,99.4,100,99.0,150,,,,,,,,,,,,,,,,,99.9,100,,,,,,,,,,,,,,,,,,
2026-06-28T23:02:11.641114+00:00,2026-06-29T09:02:11.640113,2,1,99.65,0.5,99.4,100,99.0,150,,,,,,,,,,,,,,,,,99.9,107,,,,,,,,,,,,,,,,,,
2026-06-28T23:02:11.685114+00:00,2026-06-29T09:02:11.674110,2,2,99.45,0.1,99.4,100,99.0,150,,,,,,,,,,,,,,,,,99.5,150,99.9,107,,,,,,,,,,,,,,,,
2026-06-28T23:02:11.784113+00:00,2026-06-29T09:02:11.781114,1,2,99.25,0.5,99.0,150,,,,,,,,,,,,,,,,,,,99.5,150,99.9,7,,,,,,,,,,,,,,,,
2026-06-28T23:02:11.839114+00:00,2026-06-29T09:02:11.837114,1,2,99.25,0.5,99.0,150,,,,,,,,,,,,,,,,,,,99.5,50,99.9,7,,,,,,,,,,,,,,,,
2026-06-28T23:02:11.894114+00:00,2026-06-29T09:02:11.893114,1,3,99.25,0.5,99.0,150,,,,,,,,,,,,,,,,,,,99.5,50,99.9,7,100.1,100,,,,,,,,,,,,,,
2026-06-28T23:02:12.521114+00:00,2026-06-29T09:02:12.512105,1,2,99.45,0.9,99.0,150,,,,,,,,,,,,,,,,,,,99.9,7,100.1,100,,,,,,,,,,,,,,,,
2026-06-28T23:02:13.642243+00:00,2026-06-29T09:02:13.641243,1,2,99.45,0.9,99.0,150,,,,,,,,,,,,,,,,,,,99.9,5,100.1,100,,,,,,,,,,,,,,,,
2026-06-28T23:02:14.071243+00:00,2026-06-29T09:02:14.067243,1,1,99.55,1.1,99.0,150,,,,,,,,,,,,,,,,,,,100.1,59,,,,,,,,,,,,,,,,,,
2026-06-28T23:02:14.654235+00:00,2026-06-29T09:02:14.643235,1,1,99.55,1.1,99.0,150,,,,,,,,,,,,,,,,,,,100.1,9,,,,,,,,,,,,,,,,,,
2026-06-28T23:02:14.731243+00:00,2026-06-29T09:02:14.723243,0,1,,,,,,,,,,,,,,,,,,,,,,,100.1,9,,,,,,,,,,,,,,,,,,
2026-06-28T23:02:14.786243+00:00,2026-06-29T09:02:14.778243,1,1,99.85,0.5,99.6,150,,,,,,,,,,,,,,,,,,,100.1,9,,,,,,,,,,,,,,,,,,
2026-06-28T23:02:14.841243+00:00,2026-06-29T09:02:14.830243,1,1,99.85,0.5,99.6,150,,,,,,,,,,,,,,,,,,,100.1,159,,,,,,,,,,,,,,,,,,
2026-06-28T23:02:14.951243+00:00,2026-06-29T09:02:14.946243,1,1,99.85,0.5,99.6,150,,,,,,,,,,,,,,,,,,,100.1,150,,,,,,,,,,,,,,,,,,
2026-06-28T23:02:15.006243+00:00,2026-06-29T09:02:15.001243,2,1,99.85,0.5,99.6,150,99.5,100,,,,,,,,,,,,,,,,,100.1,150,,,,,,,,,,,,,,,,,,
2026-06-28T23:02:15.061243+00:00,2026-06-29T09:02:15.054243,2,2,99.8,0.4,99.6,150,99.5,100,,,,,,,,,,,,,,,,,100.0,100,100.1,150,,,,,,,,,,,,,,,,
2026-06-28T23:02:15.171243+00:00,2026-06-29T09:02:15.162243,2,2,99.8,0.4,99.6,103,99.5,100,,,,,,,,,,,,,,,,,100.0,100,100.1,150,,,,,,,,,,,,,,,,
2026-06-28T23:02:16.127929+00:00,2026-06-29T09:02:16.122929,2,2,99.8,0.4,99.6,63,99.5,100,,,,,,,,,,,,,,,,,100.0,100,100.1,150,,,,,,,,,,,,,,,,
2026-06-28T23:02:16.710929+00:00,2026-06-29T09:02:16.700128,2,2,99.8,0.4,99.6,63,99.5,100,,,,,,,,,,,,,,,,,100.0,58,100.1,150,,,,,,,,,,,,,,,,
2026-06-28T23:02:16.765929+00:00,2026-06-29T09:02:16.760929,2,2,99.8,0.4,99.6,63,99.5,100,,,,,,,,,,,,,,,,,100.0,8,100.1,150,,,,,,,,,,,,,,,,
2026-06-28T23:02:17.315929+00:00,2026-06-29T09:02:17.305929,2,2,99.8,0.4,99.6,14,99.5,100,,,,,,,,,,,,,,,,,100.0,8,100.1,150,,,,,,,,,,,,,,,,
2026-06-28T23:02:17.766929+00:00,2026-06-29T09:02:17.759929,2,3,99.75,0.3,99.6,14,99.5,100,,,,,,,,,,,,,,,,,99.9,6,100.0,8,100.1,150,,,,,,,,,,,,,,
2026-06-28T23:02:17.887929+00:00,2026-06-29T09:02:17.883929,1,2,99.7,0.4,99.5,100,,,,,,,,,,,,,,,,,,,99.9,6,100.0,8,,,,,,,,,,,,,,,,
2026-06-28T23:02:17.942929+00:00,2026-06-29T09:02:17.937929,2,2,99.7,0.4,99.5,100,99.1,150,,,,,,,,,,,,,,,,,99.9,6,100.0,8,,,,,,,,,,,,,,,,
2026-06-28T23:02:17.996699+00:00,2026-06-29T09:02:17.994699,2,3,99.55,0.1,99.5,100,99.1,150,,,,,,,,,,,,,,,,,99.6,150,99.9,6,100.0,8,,,,,,,,,,,,,,
2026-06-28T23:02:18.117698+00:00,2026-06-29T09:02:18.109698,1,2,99.35,0.5,99.1,150,,,,,,,,,,,,,,,,,,,99.6,150,99.9,6,,,,,,,,,,,,,,,,
2026-06-28T23:02:18.161699+00:00,2026-06-29T09:02:18.160699,1,2,99.35,0.5,99.1,150,,,,,,,,,,,,,,,,,,,99.6,149,99.9,6,,,,,,,,,,,,,,,,
2026-06-28T23:02:18.172698+00:00,2026-06-29T09:02:18.163699,1,2,99.35,0.5,99.1,150,,,,,,,,,,,,,,,,,,,99.6,49,99.9,6,,,,,,,,,,,,,,,,
2026-06-28T23:02:18.227698+00:00,2026-06-29T09:02:18.217699,1,3,99.35,0.5,99.1,150,,,,,,,,,,,,,,,,,,,99.6,49,99.9,6,100.3,100,,,,,,,,,,,,,,
2026-06-28T23:02:18.876233+00:00,2026-06-29T09:02:18.867232,1,2,99.5,0.8,99.1,150,,,,,,,,,,,,,,,,,,,99.9,5,100.3,100,,,,,,,,,,,,,,,,
2026-06-28T23:02:20.977232+00:00,2026-06-29T09:02:20.974233,1,1,99.7,1.2,99.1,150,,,,,,,,,,,,,,,,,,,100.3,55,,,,,,,,,,,,,,,,,,
2026-06-28T23:02:21.054232+00:00,2026-06-29T09:02:21.047233,0,1,,,,,,,,,,,,,,,,,,,,,,,100.3,55,,,,,,,,,,,,,,,,,,
2026-06-28T23:02:21.109232+00:00,2026-06-29T09:02:21.100232,1,1,99.9,0.8,99.5,150,,,,,,,,,,,,,,,,,,,100.3,55,,,,,,,,,,,,,,,,,,
2026-06-28T23:02:21.164232+00:00,2026-06-29T09:02:21.153232,1,2,99.75,0.5,99.5,150,,,,,,,,,,,,,,,,,,,100.0,150,100.3,55,,,,,,,,,,,,,,,,
2026-06-28T23:02:21.296232+00:00,2026-06-29T09:02:21.293233,1,1,99.75,0.5,99.5,150,,,,,,,,,,,,,,,,,,,100.0,150,,,,,,,,,,,,,,,,,,
2026-06-28T23:02:21.351253+00:00,2026-06-29T09:02:21.345243,1,1,99.75,0.5,99.5,250,,,,,,,,,,,,,,,,,,,100.0,150,,,,,,,,,,,,,,,,,,
2026-06-28T23:02:21.406252+00:00,2026-06-29T09:02:21.398252,1,1,99.75,0.5,99.5,250,,,,,,,,,,,,,,,,,,,100.0,250,,,,,,,,,,,,,,,,,,
2026-06-28T23:02:22.627243+00:00,2026-06-29T09:02:22.625243,1,1,99.75,0.5,99.5,250,,,,,,,,,,,,,,,,,,,100.0,210,,,,,,,,,,,,,,,,,,
2026-06-28T23:02:23.110361+00:00,2026-06-29T09:02:23.106370,1,1,99.75,0.5,99.5,250,,,,,,,,,,,,,,,,,,,100.0,160,,,,,,,,,,,,,,,,,,
2026-06-28T23:02:23.198370+00:00,2026-06-29T09:02:23.191370,1,1,99.75,0.5,99.5,207,,,,,,,,,,,,,,,,,,,100.0,160,,,,,,,,,,,,,,,,,,
2026-06-28T23:02:24.210370+00:00,2026-06-29T09:02:24.208370,1,1,99.75,0.5,99.5,207,,,,,,,,,,,,,,,,,,,100.0,100,,,,,,,,,,,,,,,,,,
2026-06-28T23:02:24.221370+00:00,2026-06-29T09:02:24.210370,1,1,99.75,0.5,99.5,100,,,,,,,,,,,,,,,,,,,100.0,100,,,,,,,,,,,,,,,,,,
2026-06-28T23:02:24.265370+00:00,2026-06-29T09:02:24.263370,1,1,99.75,0.5,99.5,250,,,,,,,,,,,,,,,,,,,100.0,100,,,,,,,,,,,,,,,,,,
2026-06-28T23:02:24.331370+00:00,2026-06-29T09:02:24.328361,1,1,99.75,0.5,99.5,250,,,,,,,,,,,,,,,,,,,100.0,250,,,,,,,,,,,,,,,,,,
2026-06-28T23:02:24.451904+00:00,2026-06-29T09:02:24.450904,1,1,99.75,0.5,99.5,250,,,,,,,,,,,,,,,,,,,100.0,150,,,,,,,,,,,,,,,,,,
2026-06-28T23:02:24.462904+00:00,2026-06-29T09:02:24.451904,1,1,99.75,0.5,99.5,150,,,,,,,,,,,,,,,,,,,100.0,150,,,,,,,,,,,,,,,,,,
2026-06-28T23:02:24.506904+00:00,2026-06-29T09:02:24.504904,2,1,99.75,0.5,99.5,150,99.3,100,,,,,,,,,,,,,,,,,100.0,150,,,,,,,,,,,,,,,,,,
2026-06-28T23:02:24.561904+00:00,2026-06-29T09:02:24.556904,2,2,99.65,0.3,99.5,150,99.3,100,,,,,,,,,,,,,,,,,99.8,100,100.0,150,,,,,,,,,,,,,,,,
2026-06-28T23:02:25.221903+00:00,2026-06-29T09:02:25.214904,2,2,99.65,0.3,99.5,150,99.3,100,,,,,,,,,,,,,,,,,99.8,50,100.0,150,,,,,,,,,,,,,,,,
2026-06-28T23:02:25.793904+00:00,2026-06-29T09:02:25.784904,3,2,99.75,0.1,99.7,4,99.5,150,99.3,100,,,,,,,,,,,,,,,99.8,50,100.0,150,,,,,,,,,,,,,,,,
2026-06-28T23:02:26.233473+00:00,2026-06-29T09:02:26.225473,3,2,99.75,0.1,99.7,4,99.5,150,99.3,100,,,,,,,,,,,,,,,99.8,50,100.0,151,,,,,,,,,,,,,,,,
2026-06-28T23:02:26.750494+00:00,2026-06-29T09:02:26.748494,2,2,99.65,0.3,99.5,150,99.3,100,,,,,,,,,,,,,,,,,99.8,50,100.0,151,,,,,,,,,,,,,,,,
2026-06-28T23:02:26.992494+00:00,2026-06-29T09:02:26.991494,3,2,99.75,0.1,99.7,4,99.5,150,99.3,100,,,,,,,,,,,,,,,99.8,50,100.0,151,,,,,,,,,,,,,,,,
2026-06-28T23:02:27.036494+00:00,2026-06-29T09:02:27.028494,2,2,99.65,0.3,99.5,150,99.3,100,,,,,,,,,,,,,,,,,99.8,50,100.0,151,,,,,,,,,,,,,,,,
2026-06-28T23:02:27.344494+00:00,2026-06-29T09:02:27.339494,2,1,99.75,0.5,99.5,150,99.3,100,,,,,,,,,,,,,,,,,100.0,151,,,,,,,,,,,,,,,,,,
2026-06-28T23:02:27.388494+00:00,2026-06-29T09:02:27.385494,1,1,99.65,0.7,99.3,100,,,,,,,,,,,,,,,,,,,100.0,1,,,,,,,,,,,,,,,,,,
2026-06-28T23:02:27.399494+00:00,2026-06-29T09:02:27.389494,2,1,99.8,0.4,99.6,4,99.3,100,,,,,,,,,,,,,,,,,100.0,1,,,,,,,,,,,,,,,,,,
2026-06-28T23:02:27.443494+00:00,2026-06-29T09:02:27.440494,3,1,99.85,0.3,99.7,150,99.6,4,99.3,100,,,,,,,,,,,,,,,100.0,1,,,,,,,,,,,,,,,,,,
2026-06-28T23:02:27.498494+00:00,2026-06-29T09:02:27.490493,3,2,99.85,0.3,99.7,150,99.6,4,99.3,100,,,,,,,,,,,,,,,100.0,1,100.2,150,,,,,,,,,,,,,,,,
2026-06-28T23:02:27.619494+00:00,2026-06-29T09:02:27.611494,2,2,99.85,0.3,99.7,150,99.6,4,,,,,,,,,,,,,,,,,100.0,1,100.2,150,,,,,,,,,,,,,,,,
2026-06-28T23:02:27.674494+00:00,2026-06-29T09:02:27.665485,3,2,99.9,0.2,99.8,100,99.7,150,99.6,4,,,,,,,,,,,,,,,100.0,1,100.2,150,,,,,,,,,,,,,,,,
2026-06-28T23:02:27.718494+00:00,2026-06-29T09:02:27.717494,3,3,99.9,0.2,99.8,100,99.7,150,99.6,4,,,,,,,,,,,,,,,100.0,1,100.2,150,100.3,100,,,,,,,,,,,,,,
2026-06-28T23:02:27.817493+00:00,2026-06-29T09:02:27.813494,3,2,100.0,0.4,99.8,100,99.7,150,99.6,4,,,,,,,,,,,,,,,100.2,150,100.3,100,,,,,,,,,,,,,,,,
2026-06-28T23:02:28.884624+00:00,2026-06-29T09:02:28.873625,3,2,100.0,0.4,99.8,58,99.7,150,99.6,4,,,,,,,,,,,,,,,100.2,150,100.3,100,,,,,,,,,,,,,,,,
2026-06-28T23:02:29.467625+00:00,2026-06-29T09:02:29.466624,3,2,100.0,0.4,99.8,58,99.7,150,99.6,4,,,,,,,,,,,,,,,100.2,100,100.3,100,,,,,,,,,,,,,,,,
2026-06-28T23:02:30.545625+00:00,2026-06-29T09:02:30.544624,2,1,100.05,0.5,99.8,58,99.6,4,,,,,,,,,,,,,,,,,100.3,100,,,,,,,,,,,,,,,,,,
2026-06-28T23:02:30.600624+00:00,2026-06-29T09:02:30.596624,2,1,100.05,0.5,99.8,208,99.6,4,,,,,,,,,,,,,,,,,100.3,100,,,,,,,,,,,,,,,,,,
2026-06-28T23:02:30.655625+00:00,2026-06-29T09:02:30.649625,2,1,100.05,0.5,99.8,208,99.6,4,,,,,,,,,,,,,,,,,100.3,250,,,,,,,,,,,,,,,,,,
2026-06-28T23:02:30.776625+00:00,2026-06-29T09:02:30.772625,2,1,100.05,0.5,99.8,150,99.6,4,,,,,,,,,,,,,,,,,100.3,150,,,,,,,,,,,,,,,,,,
2026-06-28T23:02:30.831625+00:00,2026-06-29T09:02:30.825625,2,1,100.05,0.5,99.8,150,99.6,104,,,,,,,,,,,,,,,,,100.3,150,,,,,,,,,,,,,,,,,,
2026-06-28T23:02:30.853625+00:00,2026-06-29T09:02:30.842624,2,1,100.05,0.5,99.8,150,99.6,104,,,,,,,,,,,,,,,,,100.3,108,,,,,,,,,,,,,,,,,,
2026-06-28T23:02:30.886625+00:00,2026-06-29T09:02:30.877624,2,2,99.95,0.3,99.8,150,99.6,104,,,,,,,,,,,,,,,,,100.1,100,100.3,108,,,,,,,,,,,,,,,,
2026-06-28T23:02:31.579616+00:00,2026-06-29T09:02:31.577616,2,2,99.95,0.3,99.8,150,99.6,104,,,,,,,,,,,,,,,,,100.1,50,100.3,108,,,,,,,,,,,,,,,,
2026-06-28T23:02:32.833624+00:00,2026-06-29T09:02:32.826616,2,2,99.95,0.3,99.8,150,99.6,104,,,,,,,,,,,,,,,,,100.1,9,100.3,108,,,,,,,,,,,,,,,,
2026-06-28T23:02:33.613742+00:00,2026-06-29T09:02:33.606742,2,3,99.9,0.2,99.8,150,99.6,104,,,,,,,,,,,,,,,,,100.0,1,100.1,9,100.3,108,,,,,,,,,,,,,,
2026-06-28T23:02:33.646742+00:00,2026-06-29T09:02:33.641742,2,2,99.95,0.3,99.8,150,99.6,100,,,,,,,,,,,,,,,,,100.1,9,100.3,108,,,,,,,,,,,,,,,,
2026-06-28T23:02:33.690742+00:00,2026-06-29T09:02:33.687742,2,2,99.95,0.3,99.8,155,99.6,100,,,,,,,,,,,,,,,,,100.1,1,100.3,67,,,,,,,,,,,,,,,,
2026-06-28T23:02:33.712742+00:00,2026-06-29T09:02:33.704742,2,1,99.95,0.3,99.8,5,99.6,100,,,,,,,,,,,,,,,,,100.1,1,,,,,,,,,,,,,,,,,,
2026-06-28T23:02:33.745742+00:00,2026-06-29T09:02:33.744742,2,0,,,99.8,5,99.6,100,,,,,,,,,,,,,,,,,,,,,,,,,,,,,,,,,,,,
2026-06-28T23:02:33.767742+00:00,2026-06-29T09:02:33.756901,3,0,,,100.3,150,99.8,5,99.6,100,,,,,,,,,,,,,,,,,,,,,,,,,,,,,,,,,,
2026-06-28T23:02:33.811742+00:00,2026-06-29T09:02:33.810742,3,1,100.55,0.5,100.3,150,99.8,5,99.6,100,,,,,,,,,,,,,,,100.8,150,,,,,,,,,,,,,,,,,,
2026-06-28T23:02:33.932742+00:00,2026-06-29T09:02:33.930742,2,1,100.55,0.5,100.3,150,99.8,5,,,,,,,,,,,,,,,,,100.8,150,,,,,,,,,,,,,,,,,,
2026-06-28T23:02:33.954742+00:00,2026-06-29T09:02:33.946742,2,1,100.55,0.5,100.3,149,99.8,5,,,,,,,,,,,,,,,,,100.8,150,,,,,,,,,,,,,,,,,,
2026-06-28T23:02:34.009742+00:00,2026-06-29T09:02:34.004735,3,1,100.55,0.5,100.3,149,100.0,100,99.8,5,,,,,,,,,,,,,,,100.8,150,,,,,,,,,,,,,,,,,,
2026-06-28T23:02:34.064742+00:00,2026-06-29T09:02:34.055742,3,2,100.4,0.2,100.3,149,100.0,100,99.8,5,,,,,,,,,,,,,,,100.5,100,100.8,150,,,,,,,,,,,,,,,,
2026-06-28T23:02:34.691762+00:00,2026-06-29T09:02:34.684763,3,2,100.4,0.2,100.3,149,100.0,100,99.8,3,,,,,,,,,,,,,,,100.5,100,100.8,150,,,,,,,,,,,,,,,,
2026-06-28T23:02:35.758754+00:00,2026-06-29T09:02:35.749754,3,2,100.4,0.2,100.3,146,100.0,100,99.8,3,,,,,,,,,,,,,,,100.5,100,100.8,150,,,,,,,,,,,,,,,,
2026-06-28T23:02:35.769754+00:00,2026-06-29T09:02:35.758754,3,2,100.4,0.2,100.3,141,100.0,100,99.8,3,,,,,,,,,,,,,,,100.5,100,100.8,150,,,,,,,,,,,,,,,,
2026-06-28T23:02:35.879753+00:00,2026-06-29T09:02:35.870754,3,2,100.4,0.2,100.3,91,100.0,100,99.8,3,,,,,,,,,,,,,,,100.5,100,100.8,150,,,,,,,,,,,,,,,,
2026-06-28T23:02:36.670874+00:00,2026-06-29T09:02:36.666874,3,2,100.4,0.2,100.3,91,100.0,100,99.8,2,,,,,,,,,,,,,,,100.5,100,100.8,150,,,,,,,,,,,,,,,,
2026-06-28T23:02:36.868874+00:00,2026-06-29T09:02:36.866873,2,1,100.25,0.5,100.0,100,99.8,2,,,,,,,,,,,,,,,,,100.5,100,,,,,,,,,,,,,,,,,,
2026-06-28T23:02:36.923874+00:00,2026-06-29T09:02:36.917874,3,1,100.35,0.3,100.2,150,100.0,100,99.8,2,,,,,,,,,,,,,,,100.5,100,,,,,,,,,,,,,,,,,,
2026-06-28T23:02:36.978873+00:00,2026-06-29T09:02:36.970873,3,2,100.35,0.3,100.2,150,100.0,100,99.8,2,,,,,,,,,,,,,,,100.5,100,100.7,150,,,,,,,,,,,,,,,,
2026-06-28T23:02:37.110874+00:00,2026-06-29T09:02:37.109874,3,1,100.45,0.5,100.2,150,100.0,100,99.8,2,,,,,,,,,,,,,,,100.7,150,,,,,,,,,,,,,,,,,,
2026-06-28T23:02:37.121873+00:00,2026-06-29T09:02:37.110874,2,1,100.45,0.5,100.2,150,99.8,2,,,,,,,,,,,,,,,,,100.7,150,,,,,,,,,,,,,,,,,,
2026-06-28T23:02:37.165874+00:00,2026-06-29T09:02:37.163865,2,1,100.45,0.5,100.2,250,99.8,2,,,,,,,,,,,,,,,,,100.7,150,,,,,,,,,,,,,,,,,,
2026-06-28T23:02:37.220874+00:00,2026-06-29T09:02:37.216873,2,1,100.45,0.5,100.2,250,99.8,2,,,,,,,,,,,,,,,,,100.7,250,,,,,,,,,,,,,,,,,,
2026-06-28T23:02:37.935874+00:00,2026-06-29T09:02:37.927873,2,1,100.45,0.5,100.2,250,99.8,2,,,,,,,,,,,,,,,,,100.7,200,,,,,,,,,,,,,,,,,,
2026-06-28T23:02:37.946437+00:00,2026-06-29T09:02:37.943874,1,1,100.45,0.5,100.2,250,,,,,,,,,,,,,,,,,,,100.7,200,,,,,,,,,,,,,,,,,,
2026-06-28T23:02:38.188087+00:00,2026-06-29T09:02:38.181087,1,1,100.45,0.5,100.2,204,,,,,,,,,,,,,,,,,,,100.7,200,,,,,,,,,,,,,,,,,,
2026-06-28T23:02:40.036087+00:00,2026-06-29T09:02:40.034087,1,1,100.45,0.5,100.2,100,,,,,,,,,,,,,,,,,,,100.7,50,,,,,,,,,,,,,,,,,,
2026-06-28T23:02:40.080078+00:00,2026-06-29T09:02:40.080078,2,1,100.45,0.5,100.2,100,100.1,150,,,,,,,,,,,,,,,,,100.7,50,,,,,,,,,,,,,,,,,,
2026-06-28T23:02:40.135078+00:00,2026-06-29T09:02:40.132078,2,2,100.4,0.4,100.2,100,100.1,150,,,,,,,,,,,,,,,,,100.6,150,100.7,50,,,,,,,,,,,,,,,,
2026-06-28T23:02:40.267087+00:00,2026-06-29T09:02:40.265087,2,2,100.4,0.4,100.2,51,100.1,150,,,,,,,,,,,,,,,,,100.6,150,100.7,50,,,,,,,,,,,,,,,,
2026-06-28T23:02:40.278087+00:00,2026-06-29T09:02:40.272087,1,1,100.35,0.5,100.1,150,,,,,,,,,,,,,,,,,,,100.6,150,,,,,,,,,,,,,,,,,,
2026-06-28T23:02:40.333087+00:00,2026-06-29T09:02:40.326078,1,1,100.35,0.5,100.1,250,,,,,,,,,,,,,,,,,,,100.6,150,,,,,,,,,,,,,,,,,,
2026-06-28T23:02:40.388087+00:00,2026-06-29T09:02:40.378087,1,1,100.35,0.5,100.1,250,,,,,,,,,,,,,,,,,,,100.6,250,,,,,,,,,,,,,,,,,,
2026-06-28T23:02:42.205078+00:00,2026-06-29T09:02:42.195079,1,1,100.35,0.5,100.1,200,,,,,,,,,,,,,,,,,,,100.6,250,,,,,,,,,,,,,,,,,,
2026-06-28T23:02:43.193764+00:00,2026-06-29T09:02:43.186755,1,1,100.35,0.5,100.1,100,,,,,,,,,,,,,,,,,,,100.6,100,,,,,,,,,,,,,,,,,,
2026-06-28T23:02:43.248764+00:00,2026-06-29T09:02:43.238764,2,1,100.35,0.5,100.1,100,99.9,150,,,,,,,,,,,,,,,,,100.6,100,,,,,,,,,,,,,,,,,,
2026-06-28T23:02:43.303764+00:00,2026-06-29T09:02:43.293764,2,2,100.25,0.3,100.1,100,99.9,150,,,,,,,,,,,,,,,,,100.4,150,100.6,100,,,,,,,,,,,,,,,,
2026-06-28T23:02:43.435755+00:00,2026-06-29T09:02:43.433755,1,1,100.15,0.5,99.9,150,,,,,,,,,,,,,,,,,,,100.4,150,,,,,,,,,,,,,,,,,,
2026-06-28T23:02:43.490755+00:00,2026-06-29T09:02:43.486755,2,1,100.25,0.3,100.1,100,99.9,150,,,,,,,,,,,,,,,,,100.4,150,,,,,,,,,,,,,,,,,,
2026-06-28T23:02:43.545755+00:00,2026-06-29T09:02:43.538755,2,2,100.25,0.3,100.1,100,99.9,150,,,,,,,,,,,,,,,,,100.4,150,100.6,100,,,,,,,,,,,,,,,,
2026-06-28T23:02:44.084764+00:00,2026-06-29T09:02:44.081764,2,2,100.25,0.3,100.1,100,99.9,150,,,,,,,,,,,,,,,,,100.4,155,100.6,100,,,,,,,,,,,,,,,,
2026-06-28T23:02:44.304764+00:00,2026-06-29T09:02:44.301755,2,2,100.25,0.3,100.1,50,99.9,150,,,,,,,,,,,,,,,,,100.4,155,100.6,100,,,,,,,,,,,,,,,,
2026-06-28T23:02:44.634764+00:00,2026-06-29T09:02:44.630764,2,2,100.25,0.3,100.1,50,99.9,150,,,,,,,,,,,,,,,,,100.4,153,100.6,100,,,,,,,,,,,,,,,,
2026-06-28T23:02:45.217764+00:00,2026-06-29T09:02:45.209764,2,2,100.25,0.3,100.1,50,99.9,150,,,,,,,,,,,,,,,,,100.4,152,100.6,100,,,,,,,,,,,,,,,,
2026-06-28T23:02:46.350396+00:00,2026-06-29T09:02:46.348396,1,2,100.25,0.3,100.1,50,,,,,,,,,,,,,,,,,,,100.4,2,100.6,100,,,,,,,,,,,,,,,,
2026-06-28T23:02:46.361396+00:00,2026-06-29T09:02:46.357396,1,1,100.35,0.5,100.1,50,,,,,,,,,,,,,,,,,,,100.6,52,,,,,,,,,,,,,,,,,,
2026-06-28T23:02:46.405396+00:00,2026-06-29T09:02:46.401396,2,1,100.35,0.5,100.1,50,100.0,150,,,,,,,,,,,,,,,,,100.6,52,,,,,,,,,,,,,,,,,,
2026-06-28T23:02:46.460397+00:00,2026-06-29T09:02:46.454396,2,2,100.3,0.4,100.1,50,100.0,150,,,,,,,,,,,,,,,,,100.5,150,100.6,52,,,,,,,,,,,,,,,,
2026-06-28T23:02:46.603396+00:00,2026-06-29T09:02:46.594396,1,1,100.25,0.5,100.0,150,,,,,,,,,,,,,,,,,,,100.5,150,,,,,,,,,,,,,,,,,,
2026-06-28T23:02:46.647396+00:00,2026-06-29T09:02:46.646396,2,1,100.3,0.4,100.1,100,100.0,150,,,,,,,,,,,,,,,,,100.5,150,,,,,,,,,,,,,,,,,,
2026-06-28T23:02:46.724396+00:00,2026-06-29T09:02:46.720396,2,2,100.3,0.4,100.1,100,100.0,150,,,,,,,,,,,,,,,,,100.5,150,100.6,100,,,,,,,,,,,,,,,,
2026-06-28T23:02:48.176008+00:00,2026-06-29T09:02:48.173008,2,3,100.25,0.3,100.1,100,100.0,150,,,,,,,,,,,,,,,,,100.4,6,100.5,150,100.6,100,,,,,,,,,,,,,,
2026-06-28T23:02:48.473007+00:00,2026-06-29T09:02:48.464008,2,2,100.3,0.4,100.1,100,100.0,150,,,,,,,,,,,,,,,,,100.5,106,100.6,100,,,,,,,,,,,,,,,,
2026-06-28T23:02:48.901999+00:00,2026-06-29T09:02:48.891999,2,3,100.25,0.3,100.1,100,100.0,150,,,,,,,,,,,,,,,,,100.4,7,100.5,106,100.6,100,,,,,,,,,,,,,,
2026-06-28T23:02:49.286008+00:00,2026-06-29T09:02:49.281999,2,2,100.3,0.4,100.1,100,100.0,150,,,,,,,,,,,,,,,,,100.5,67,100.6,100,,,,,,,,,,,,,,,,
2026-06-28T23:02:49.517008+00:00,2026-06-29T09:02:49.512008,1,2,100.25,0.3,100.1,100,,,,,,,,,,,,,,,,,,,100.4,7,100.6,100,,,,,,,,,,,,,,,,
2026-06-28T23:02:49.572007+00:00,2026-06-29T09:02:49.564008,2,1,100.5,0.2,100.4,143,100.1,100,,,,,,,,,,,,,,,,,100.6,100,,,,,,,,,,,,,,,,,,
2026-06-28T23:02:49.627007+00:00,2026-06-29T09:02:49.616008,2,2,100.5,0.2,100.4,143,100.1,100,,,,,,,,,,,,,,,,,100.6,100,100.9,150,,,,,,,,,,,,,,,,
2026-06-28T23:02:49.781007+00:00,2026-06-29T09:02:49.775008,1,1,100.65,0.5,100.4,143,,,,,,,,,,,,,,,,,,,100.9,150,,,,,,,,,,,,,,,,,,
2026-06-28T23:02:49.836008+00:00,2026-06-29T09:02:49.828999,2,1,100.65,0.5,100.4,143,100.1,100,,,,,,,,,,,,,,,,,100.9,105,,,,,,,,,,,,,,,,,,
2026-06-28T23:02:49.891008+00:00,2026-06-29T09:02:49.884008,2,2,100.5,0.2,100.4,143,100.1,100,,,,,,,,,,,,,,,,,100.6,100,100.9,105,,,,,,,,,,,,,,,,
2026-06-28T23:02:49.924008+00:00,2026-06-29T09:02:49.923008,2,3,100.45,0.1,100.4,143,100.1,100,,,,,,,,,,,,,,,,,100.5,7,100.6,100,100.9,105,,,,,,,,,,,,,,
2026-06-28T23:02:50.639007+00:00,2026-06-29T09:02:50.635008,2,3,100.45,0.1,100.4,93,100.1,100,,,,,,,,,,,,,,,,,100.5,7,100.6,100,100.9,105,,,,,,,,,,,,,,
2026-06-28T23:02:51.321028+00:00,2026-06-29T09:02:51.316028,2,3,100.45,0.1,100.4,93,100.1,100,,,,,,,,,,,,,,,,,100.5,6,100.6,100,100.9,105,,,,,,,,,,,,,,
2026-06-28T23:02:51.431019+00:00,2026-06-29T09:02:51.430021,3,3,100.45,0.1,100.4,93,100.2,1,100.1,100,,,,,,,,,,,,,,,100.5,6,100.6,100,100.9,105,,,,,,,,,,,,,,
2026-06-28T23:02:51.772019+00:00,2026-06-29T09:02:51.765020,3,3,100.45,0.1,100.4,93,100.2,1,100.1,100,,,,,,,,,,,,,,,100.5,3,100.6,100,100.9,105,,,,,,,,,,,,,,
2026-06-28T23:02:52.344028+00:00,2026-06-29T09:02:52.340020,3,3,100.45,0.1,100.4,49,100.2,1,100.1,100,,,,,,,,,,,,,,,100.5,3,100.6,100,100.9,105,,,,,,,,,,,,,,
2026-06-28T23:02:52.674028+00:00,2026-06-29T09:02:52.669028,3,2,100.45,0.1,100.4,49,100.2,1,100.1,100,,,,,,,,,,,,,,,100.5,3,100.6,100,,,,,,,,,,,,,,,,
2026-06-28T23:02:52.685028+00:00,2026-06-29T09:02:52.674028,2,2,100.35,0.3,100.2,1,100.1,100,,,,,,,,,,,,,,,,,100.5,3,100.6,100,,,,,,,,,,,,,,,,
2026-06-28T23:02:52.696028+00:00,2026-06-29T09:02:52.690028,2,1,100.4,0.4,100.2,1,100.1,100,,,,,,,,,,,,,,,,,100.6,100,,,,,,,,,,,,,,,,,,
2026-06-28T23:02:52.740028+00:00,2026-06-29T09:02:52.732028,2,1,100.4,0.4,100.2,1,100.1,250,,,,,,,,,,,,,,,,,100.6,100,,,,,,,,,,,,,,,,,,
2026-06-28T23:02:52.784028+00:00,2026-06-29T09:02:52.781028,2,1,100.4,0.4,100.2,1,100.1,250,,,,,,,,,,,,,,,,,100.6,250,,,,,,,,,,,,,,,,,,
2026-06-28T23:02:52.871545+00:00,2026-06-29T09:02:52.861546,1,1,100.35,0.5,100.1,250,,,,,,,,,,,,,,,,,,,100.6,250,,,,,,,,,,,,,,,,,,
2026-06-28T23:02:52.948135+00:00,2026-06-29T09:02:52.940545,1,1,100.35,0.5,100.1,150,,,,,,,,,,,,,,,,,,,100.6,150,,,,,,,,,,,,,,,,,,
2026-06-28T23:02:53.002649+00:00,2026-06-29T09:02:52.992650,2,1,100.4,0.4,100.2,100,100.1,150,,,,,,,,,,,,,,,,,100.6,150,,,,,,,,,,,,,,,,,,
2026-06-28T23:02:53.046650+00:00,2026-06-29T09:02:53.044649,2,2,100.4,0.4,100.2,100,100.1,150,,,,,,,,,,,,,,,,,100.6,150,100.7,100,,,,,,,,,,,,,,,,
2026-06-28T23:02:54.806659+00:00,2026-06-29T09:02:54.796659,2,2,100.4,0.4,100.2,100,100.1,150,,,,,,,,,,,,,,,,,100.6,100,100.7,100,,,,,,,,,,,,,,,,
2026-06-28T23:02:55.840659+00:00,2026-06-29T09:02:55.837658,1,1,100.45,0.5,100.2,100,,,,,,,,,,,,,,,,,,,100.7,100,,,,,,,,,,,,,,,,,,
2026-06-28T23:02:55.895658+00:00,2026-06-29T09:02:55.891659,2,1,100.5,0.4,100.3,150,100.2,100,,,,,,,,,,,,,,,,,100.7,100,,,,,,,,,,,,,,,,,,
2026-06-28T23:02:55.950658+00:00,2026-06-29T09:02:55.944659,2,2,100.5,0.4,100.3,107,100.2,100,,,,,,,,,,,,,,,,,100.7,100,100.8,150,,,,,,,,,,,,,,,,
2026-06-28T23:02:56.115205+00:00,2026-06-29T09:02:56.105205,1,1,100.55,0.5,100.3,107,,,,,,,,,,,,,,,,,,,100.8,150,,,,,,,,,,,,,,,,,,
2026-06-28T23:02:56.170205+00:00,2026-06-29T09:02:56.159205,2,1,100.55,0.5,100.3,107,100.2,100,,,,,,,,,,,,,,,,,100.8,150,,,,,,,,,,,,,,,,,,
2026-06-28T23:02:56.225205+00:00,2026-06-29T09:02:56.215205,2,2,100.5,0.4,100.3,107,100.2,100,,,,,,,,,,,,,,,,,100.7,100,100.8,150,,,,,,,,,,,,,,,,
2026-06-28T23:02:56.962206+00:00,2026-06-29T09:02:56.952206,2,2,100.5,0.4,100.3,57,100.2,100,,,,,,,,,,,,,,,,,100.7,100,100.8,150,,,,,,,,,,,,,,,,
2026-06-28T23:02:57.039205+00:00,2026-06-29T09:02:57.030205,2,2,100.5,0.4,100.3,57,100.2,100,,,,,,,,,,,,,,,,,100.7,56,100.8,150,,,,,,,,,,,,,,,,
2026-06-28T23:02:57.644205+00:00,2026-06-29T09:02:57.641206,2,2,100.5,0.4,100.3,57,100.2,100,,,,,,,,,,,,,,,,,100.7,12,100.8,150,,,,,,,,,,,,,,,,
2026-06-28T23:02:59.029002+00:00,2026-06-29T09:02:59.019002,1,1,100.45,0.5,100.2,100,,,,,,,,,,,,,,,,,,,100.7,12,,,,,,,,,,,,,,,,,,
2026-06-28T23:02:59.084002+00:00,2026-06-29T09:02:59.081002,2,1,100.45,0.5,100.2,50,100.1,150,,,,,,,,,,,,,,,,,100.7,12,,,,,,,,,,,,,,,,,,
2026-06-28T23:02:59.139001+00:00,2026-06-29T09:02:59.132002,2,2,100.4,0.4,100.2,50,100.1,150,,,,,,,,,,,,,,,,,100.6,150,100.7,12,,,,,,,,,,,,,,,,
2026-06-28T23:02:59.271001+00:00,2026-06-29T09:02:59.269002,2,1,100.4,0.4,100.2,50,100.1,150,,,,,,,,,,,,,,,,,100.6,150,,,,,,,,,,,,,,,,,,
2026-06-28T23:02:59.282001+00:00,2026-06-29T09:02:59.277001,1,1,100.35,0.5,100.1,150,,,,,,,,,,,,,,,,,,,100.6,150,,,,,,,,,,,,,,,,,,
2026-06-28T23:02:59.326002+00:00,2026-06-29T09:02:59.322992,2,1,100.5,0.2,100.4,100,100.1,150,,,,,,,,,,,,,,,,,100.6,150,,,,,,,,,,,,,,,,,,
2026-06-28T23:02:59.381002+00:00,2026-06-29T09:02:59.373994,2,2,100.5,0.2,100.4,100,100.1,150,,,,,,,,,,,,,,,,,100.6,150,100.9,100,,,,,,,,,,,,,,,,
2026-06-28T23:02:59.601001+00:00,2026-06-29T09:02:59.593002,2,2,100.5,0.2,100.4,52,100.1,150,,,,,,,,,,,,,,,,,100.6,150,100.9,100,,,,,,,,,,,,,,,,
2026-06-28T23:03:00.657002+00:00,2026-06-29T09:03:00.646001,2,2,100.5,0.2,100.4,7,100.1,150,,,,,,,,,,,,,,,,,100.6,150,100.9,100,,,,,,,,,,,,,,,,
2026-06-28T23:03:01.196022+00:00,2026-06-29T09:03:01.191022,1,3,100.3,0.4,100.1,107,,,,,,,,,,,,,,,,,,,100.5,32,100.6,150,100.9,100,,,,,,,,,,,,,,
2026-06-28T23:03:02.021022+00:00,2026-06-29T09:03:02.011022,1,3,100.3,0.4,100.1,107,,,,,,,,,,,,,,,,,,,100.5,8,100.6,150,100.9,100,,,,,,,,,,,,,,
2026-06-28T23:03:02.076022+00:00,2026-06-29T09:03:02.075022,1,3,100.3,0.4,100.1,107,,,,,,,,,,,,,,,,,,,100.5,6,100.6,150,100.9,100,,,,,,,,,,,,,,
2026-06-28T23:03:02.186022+00:00,2026-06-29T09:03:02.184022,1,2,100.3,0.4,100.1,107,,,,,,,,,,,,,,,,,,,100.5,6,100.9,100,,,,,,,,,,,,,,,,
2026-06-28T23:03:02.197022+00:00,2026-06-29T09:03:02.186022,0,2,,,,,,,,,,,,,,,,,,,,,,,100.5,6,100.9,100,,,,,,,,,,,,,,,,
2026-06-28T23:03:02.241022+00:00,2026-06-29T09:03:02.239022,1,2,100.2,0.6,99.9,150,,,,,,,,,,,,,,,,,,,100.5,6,100.9,100,,,,,,,,,,,,,,,,
2026-06-28T23:03:02.307022+00:00,2026-06-29T09:03:02.303022,1,3,100.15,0.5,99.9,150,,,,,,,,,,,,,,,,,,,100.4,150,100.5,6,100.9,100,,,,,,,,,,,,,,
2026-06-28T23:03:02.450022+00:00,2026-06-29T09:03:02.448022,1,2,100.15,0.5,99.9,150,,,,,,,,,,,,,,,,,,,100.4,150,100.5,6,,,,,,,,,,,,,,,,
2026-06-28T23:03:02.505022+00:00,2026-06-29T09:03:02.501022,2,2,100.25,0.3,100.1,100,99.9,150,,,,,,,,,,,,,,,,,100.4,150,100.5,6,,,,,,,,,,,,,,,,
2026-06-28T23:03:02.560022+00:00,2026-06-29T09:03:02.553022,2,3,100.25,0.3,100.1,100,99.9,150,,,,,,,,,,,,,,,,,100.4,150,100.5,6,100.6,100,,,,,,,,,,,,,,
2026-06-28T23:03:03.296140+00:00,2026-06-29T09:03:03.293141,2,3,100.25,0.3,100.1,50,99.9,150,,,,,,,,,,,,,,,,,100.4,150,100.5,6,100.6,100,,,,,,,,,,,,,,
2026-06-28T23:03:04.385161+00:00,2026-06-29T09:03:04.375161,2,3,100.25,0.3,100.1,50,99.9,150,,,,,,,,,,,,,,,,,100.4,150,100.5,5,100.6,100,,,,,,,,,,,,,,
2026-06-28T23:03:05.364161+00:00,2026-06-29T09:03:05.359161,1,2,100.3,0.4,100.1,50,,,,,,,,,,,,,,,,,,,100.5,5,100.6,100,,,,,,,,,,,,,,,,
2026-06-28T23:03:05.408161+00:00,2026-06-29T09:03:05.401161,0,2,,,,,,,,,,,,,,,,,,,,,,,100.5,5,100.6,100,,,,,,,,,,,,,,,,
2026-06-28T23:03:05.419161+00:00,2026-06-29T09:03:05.410161,1,2,100.25,0.5,100.0,150,,,,,,,,,,,,,,,,,,,100.5,5,100.6,100,,,,,,,,,,,,,,,,
2026-06-28T23:03:05.485161+00:00,2026-06-29T09:03:05.484162,1,2,100.25,0.5,100.0,150,,,,,,,,,,,,,,,,,,,100.5,155,100.6,100,,,,,,,,,,,,,,,,
2026-06-28T23:03:05.617161+00:00,2026-06-29T09:03:05.608161,1,1,100.25,0.5,100.0,150,,,,,,,,,,,,,,,,,,,100.5,155,,,,,,,,,,,,,,,,,,
2026-06-28T23:03:05.672161+00:00,2026-06-29T09:03:05.665161,2,1,100.25,0.5,100.0,150,99.9,100,,,,,,,,,,,,,,,,,100.5,155,,,,,,,,,,,,,,,,,,
2026-06-28T23:03:05.716161+00:00,2026-06-29T09:03:05.713161,2,2,100.2,0.4,100.0,150,99.9,100,,,,,,,,,,,,,,,,,100.4,100,100.5,155,,,,,,,,,,,,,,,,
2026-06-28T23:03:06.100256+00:00,2026-06-29T09:03:06.092248,2,2,100.2,0.4,100.0,150,99.9,100,,,,,,,,,,,,,,,,,100.4,100,100.5,153,,,,,,,,,,,,,,,,
2026-06-28T23:03:07.299256+00:00,2026-06-29T09:03:07.294257,2,2,100.2,0.4,100.0,150,99.9,100,,,,,,,,,,,,,,,,,100.4,51,100.5,153,,,,,,,,,,,,,,,,
2026-06-28T23:03:07.464257+00:00,2026-06-29T09:03:07.456257,2,2,100.2,0.4,100.0,150,99.9,100,,,,,,,,,,,,,,,,,100.4,1,100.5,153,,,,,,,,,,,,,,,,
2026-06-28T23:03:07.640257+00:00,2026-06-29T09:03:07.634248,2,1,100.25,0.5,100.0,150,99.9,100,,,,,,,,,,,,,,,,,100.5,153,,,,,,,,,,,,,,,,,,
2026-06-28T23:03:08.101484+00:00,2026-06-29T09:03:08.100484,3,1,100.35,0.3,100.2,4,100.0,150,99.9,100,,,,,,,,,,,,,,,100.5,153,,,,,,,,,,,,,,,,,,
2026-06-28T23:03:08.431484+00:00,2026-06-29T09:03:08.427475,3,1,100.35,0.3,100.2,3,100.0,150,99.9,100,,,,,,,,,,,,,,,100.5,153,,,,,,,,,,,,,,,,,,
2026-06-28T23:03:08.541484+00:00,2026-06-29T09:03:08.539484,2,1,100.35,0.3,100.2,3,99.9,100,,,,,,,,,,,,,,,,,100.5,3,,,,,,,,,,,,,,,,,,
2026-06-28T23:03:08.596484+00:00,2026-06-29T09:03:08.591484,3,1,100.35,0.3,100.2,3,100.1,150,99.9,100,,,,,,,,,,,,,,,100.5,3,,,,,,,,,,,,,,,,,,
2026-06-28T23:03:08.651484+00:00,2026-06-29T09:03:08.646484,3,1,100.4,0.4,100.2,3,100.1,150,99.9,100,,,,,,,,,,,,,,,100.6,150,,,,,,,,,,,,,,,,,,
2026-06-28T23:03:08.772484+00:00,2026-06-29T09:03:08.766484,2,1,100.4,0.4,100.2,3,100.1,150,,,,,,,,,,,,,,,,,100.6,150,,,,,,,,,,,,,,,,,,
2026-06-28T23:03:08.827484+00:00,2026-06-29T09:03:08.819484,3,1,100.45,0.3,100.3,100,100.2,3,100.1,150,,,,,,,,,,,,,,,100.6,150,,,,,,,,,,,,,,,,,,
2026-06-28T23:03:08.882484+00:00,2026-06-29T09:03:08.871484,3,2,100.45,0.3,100.3,100,100.2,3,100.1,150,,,,,,,,,,,,,,,100.6,150,100.8,100,,,,,,,,,,,,,,,,
2026-06-28T23:03:09.618838+00:00,2026-06-29T09:03:09.615838,3,2,100.45,0.3,100.3,50,100.2,3,100.1,150,,,,,,,,,,,,,,,100.6,150,100.8,100,,,,,,,,,,,,,,,,
2026-06-28T23:03:10.146838+00:00,2026-06-29T09:03:10.140838,3,3,100.4,0.2,100.3,50,100.2,3,100.1,150,,,,,,,,,,,,,,,100.5,1,100.6,150,100.8,100,,,,,,,,,,,,,,
2026-06-28T23:03:10.256838+00:00,2026-06-29T09:03:10.255838,3,2,100.45,0.3,100.3,50,100.2,3,100.1,150,,,,,,,,,,,,,,,100.6,150,100.8,100,,,,,,,,,,,,,,,,
2026-06-28T23:03:10.696838+00:00,2026-06-29T09:03:10.695838,3,2,100.45,0.3,100.3,50,100.2,3,100.1,150,,,,,,,,,,,,,,,100.6,108,100.8,100,,,,,,,,,,,,,,,,
2026-06-28T23:03:11.510858+00:00,2026-06-29T09:03:11.505858,3,3,100.4,0.2,100.3,50,100.2,3,100.1,150,,,,,,,,,,,,,,,100.5,1,100.6,108,100.8,100,,,,,,,,,,,,,,
2026-06-28T23:03:11.708858+00:00,2026-06-29T09:03:11.700858,2,2,100.4,0.2,100.3,50,100.2,3,,,,,,,,,,,,,,,,,100.5,1,100.8,100,,,,,,,,,,,,,,,,
2026-06-28T23:03:11.730858+00:00,2026-06-29T09:03:11.726858,1,2,100.35,0.3,100.2,3,,,,,,,,,,,,,,,,,,,100.5,1,100.8,100,,,,,,,,,,,,,,,,
2026-06-28T23:03:11.763858+00:00,2026-06-29T09:03:11.754858,2,2,100.35,0.3,100.2,3,100.1,150,,,,,,,,,,,,,,,,,100.5,1,100.8,100,,,,,,,,,,,,,,,,
2026-06-28T23:03:11.807858+00:00,2026-06-29T09:03:11.806858,2,3,100.35,0.3,100.2,3,100.1,150,,,,,,,,,,,,,,,,,100.5,1,100.6,150,100.8,100,,,,,,,,,,,,,,
2026-06-28T23:03:11.928858+00:00,2026-06-29T09:03:11.924858,2,2,100.35,0.3,100.2,3,100.1,150,,,,,,,,,,,,,,,,,100.5,1,100.6,150,,,,,,,,,,,,,,,,
2026-06-28T23:03:11.994858+00:00,2026-06-29T09:03:11.983977,3,2,100.35,0.3,100.2,3,100.1,150,99.8,100,,,,,,,,,,,,,,,100.5,1,100.6,150,,,,,,,,,,,,,,,,
2026-06-28T23:03:12.038858+00:00,2026-06-29T09:03:12.030858,3,3,100.25,0.1,100.2,3,100.1,150,99.8,100,,,,,,,,,,,,,,,100.3,100,100.5,1,100.6,150,,,,,,,,,,,,,,
2026-06-28T23:03:12.082858+00:00,2026-06-29T09:03:12.079858,3,3,100.25,0.1,100.2,3,100.1,150,99.8,100,,,,,,,,,,,,,,,100.3,51,100.5,1,100.6,150,,,,,,,,,,,,,,
2026-06-28T23:03:14.865043+00:00,2026-06-29T09:03:14.862041,2,2,100.25,0.1,100.2,3,99.8,100,,,,,,,,,,,,,,,,,100.3,51,100.5,1,,,,,,,,,,,,,,,,
2026-06-28T23:03:14.920043+00:00,2026-06-29T09:03:14.915035,2,2,100.25,0.1,100.2,153,99.8,100,,,,,,,,,,,,,,,,,100.3,51,100.5,1,,,,,,,,,,,,,,,,
2026-06-28T23:03:14.975043+00:00,2026-06-29T09:03:14.967043,2,3,100.25,0.1,100.2,153,99.8,100,,,,,,,,,,,,,,,,,100.3,51,100.5,1,100.7,150,,,,,,,,,,,,,,
2026-06-28T23:03:15.096042+00:00,2026-06-29T09:03:15.088043,1,2,100.35,0.3,100.2,153,,,,,,,,,,,,,,,,,,,100.5,1,100.7,150,,,,,,,,,,,,,,,,
2026-06-28T23:03:15.151043+00:00,2026-06-29T09:03:15.142043,2,2,100.35,0.3,100.2,153,100.1,100,,,,,,,,,,,,,,,,,100.5,1,100.7,150,,,,,,,,,,,,,,,,
2026-06-28T23:03:15.206043+00:00,2026-06-29T09:03:15.199043,2,3,100.35,0.3,100.2,153,100.1,100,,,,,,,,,,,,,,,,,100.5,1,100.6,100,100.7,150,,,,,,,,,,,,,,
2026-06-28T23:03:15.481043+00:00,2026-06-29T09:03:15.475043,2,2,100.4,0.4,100.2,153,100.1,100,,,,,,,,,,,,,,,,,100.6,100,100.7,150,,,,,,,,,,,,,,,,
2026-06-28T23:03:15.514042+00:00,2026-06-29T09:03:15.506043,2,3,100.35,0.3,100.2,153,100.1,100,,,,,,,,,,,,,,,,,100.5,3,100.6,100,100.7,150,,,,,,,,,,,,,,
2026-06-28T23:03:16.031043+00:00,2026-06-29T09:03:16.027043,2,3,100.35,0.3,100.2,153,100.1,100,,,,,,,,,,,,,,,,,100.5,2,100.6,100,100.7,150,,,,,,,,,,,,,,
2026-06-28T23:03:16.129623+00:00,2026-06-29T09:03:16.119614,2,3,100.35,0.3,100.2,153,100.1,100,,,,,,,,,,,,,,,,,100.5,1,100.6,100,100.7,150,,,,,,,,,,,,,,
2026-06-28T23:03:16.294156+00:00,2026-06-29T09:03:16.288157,2,2,100.4,0.4,100.2,153,100.1,100,,,,,,,,,,,,,,,,,100.6,100,100.7,150,,,,,,,,,,,,,,,,
2026-06-28T23:03:17.141157+00:00,2026-06-29T09:03:17.132157,2,3,100.35,0.3,100.2,153,100.1,100,,,,,,,,,,,,,,,,,100.5,1,100.6,100,100.7,150,,,,,,,,,,,,,,
2026-06-28T23:03:17.262148+00:00,2026-06-29T09:03:17.259148,2,2,100.4,0.4,100.2,153,100.1,100,,,,,,,,,,,,,,,,,100.6,100,100.7,150,,,,,,,,,,,,,,,,
2026-06-28T23:03:17.999279+00:00,2026-06-29T09:03:17.991279,2,2,100.4,0.4,100.2,153,100.1,100,,,,,,,,,,,,,,,,,100.6,50,100.7,150,,,,,,,,,,,,,,,,
2026-06-28T23:03:18.032279+00:00,2026-06-29T09:03:18.024279,2,1,100.4,0.4,100.2,3,100.1,100,,,,,,,,,,,,,,,,,100.6,50,,,,,,,,,,,,,,,,,,
2026-06-28T23:03:18.087279+00:00,2026-06-29T09:03:18.076279,2,1,100.4,0.4,100.2,153,100.1,100,,,,,,,,,,,,,,,,,100.6,50,,,,,,,,,,,,,,,,,,
2026-06-28T23:03:18.131279+00:00,2026-06-29T09:03:18.128279,2,2,100.4,0.4,100.2,153,100.1,100,,,,,,,,,,,,,,,,,100.6,50,100.7,150,,,,,,,,,,,,,,,,
2026-06-28T23:03:18.263280+00:00,2026-06-29T09:03:18.258279,1,1,100.45,0.5,100.2,153,,,,,,,,,,,,,,,,,,,100.7,150,,,,,,,,,,,,,,,,,,
2026-06-28T23:03:18.318279+00:00,2026-06-29T09:03:18.313279,2,1,100.5,0.4,100.3,100,100.2,153,,,,,,,,,,,,,,,,,100.7,150,,,,,,,,,,,,,,,,,,
2026-06-28T23:03:18.384288+00:00,2026-06-29T09:03:18.380284,2,2,100.5,0.4,100.3,100,100.2,153,,,,,,,,,,,,,,,,,100.7,150,100.8,100,,,,,,,,,,,,,,,,
