recv_time,book_timestamp,n_bids,n_asks,mid,spread,bid_px_0,bid_vol_0,bid_px_1,bid_vol_1,bid_px_2,bid_vol_2,bid_px_3,bid_vol_3,bid_px_4,bid_vol_4,bid_px_5,bid_vol_5,bid_px_6,bid_vol_6,bid_px_7,bid_vol_7,bid_px_8,bid_vol_8,bid_px_9,bid_vol_9,ask_px_0,ask_vol_0,ask_px_1,ask_vol_1,ask_px_2,ask_vol_2,ask_px_3,ask_vol_3,ask_px_4,ask_vol_4,ask_px_5,ask_vol_5,ask_px_6,ask_vol_6,ask_px_7,ask_vol_7,ask_px_8,ask_vol_8,ask_px_9,ask_vol_9
2026-07-02T18:28:43.528711+00:00,2026-07-02T18:28:43.615298,2,2,123.75,0.5,123.5,100,123.3,150,,,,,,,,,,,,,,,,,124.0,50,124.3,5,,,,,,,,,,,,,,,,
2026-07-02T18:28:43.805058+00:00,2026-07-02T18:28:43.799104,2,0,,,123.8,100,123.3,150,,,,,,,,,,,,,,,,,,,,,,,,,,,,,,,,,,,,
2026-07-02T18:28:43.825723+00:00,2026-07-02T18:28:43.820115,2,1,124.05,0.5,123.8,100,123.3,150,,,,,,,,,,,,,,,,,124.3,78,,,,,,,,,,,,,,,,,,
2026-07-02T18:28:43.987326+00:00,2026-07-02T18:28:43.987136,1,1,124.05,0.5,123.8,100,,,,,,,,,,,,,,,,,,,124.3,78,,,,,,,,,,,,,,,,,,
2026-07-02T18:28:44.058596+00:00,2026-07-02T18:28:44.035362,2,1,124.2,0.2,124.1,150,123.8,100,,,,,,,,,,,,,,,,,124.3,78,,,,,,,,,,,,,,,,,,
2026-07-02T18:28:44.093760+00:00,2026-07-02T18:28:44.093728,2,2,124.2,0.2,124.1,150,123.8,100,,,,,,,,,,,,,,,,,124.3,78,124.6,150,,,,,,,,,,,,,,,,
2026-07-02T18:28:44.236124+00:00,2026-07-02T18:28:44.236016,2,3,124.15,0.1,124.1,150,123.8,100,,,,,,,,,,,,,,,,,124.2,5,124.3,78,124.6,150,,,,,,,,,,,,,,
2026-07-02T18:28:44.241328+00:00,2026-07-02T18:28:44.241224,3,3,124.15,0.1,124.1,150,123.9,1,123.8,100,,,,,,,,,,,,,,,124.2,5,124.3,78,124.6,150,,,,,,,,,,,,,,
2026-07-02T18:28:44.399185+00:00,2026-07-02T18:28:44.399148,3,3,124.15,0.1,124.1,106,123.9,1,123.8,100,,,,,,,,,,,,,,,124.2,5,124.3,78,124.6,150,,,,,,,,,,,,,,
2026-07-02T18:28:44.598748+00:00,2026-07-02T18:28:44.598974,3,3,124.15,0.1,124.1,106,123.9,1,123.8,100,,,,,,,,,,,,,,,124.2,2,124.3,78,124.6,150,,,,,,,,,,,,,,
2026-07-02T18:28:45.315680+00:00,2026-07-02T18:28:45.315627,2,3,124.15,0.1,124.1,106,123.8,100,,,,,,,,,,,,,,,,,124.2,2,124.3,78,124.6,150,,,,,,,,,,,,,,
2026-07-02T18:28:45.320927+00:00,2026-07-02T18:28:45.320785,2,2,124.2,0.2,124.1,106,123.8,100,,,,,,,,,,,,,,,,,124.3,78,124.6,150,,,,,,,,,,,,,,,,
2026-07-02T18:28:45.783454+00:00,2026-07-02T18:28:45.783380,2,2,124.2,0.2,124.1,56,123.8,100,,,,,,,,,,,,,,,,,124.3,78,124.6,150,,,,,,,,,,,,,,,,
2026-07-02T18:28:46.522286+00:00,2026-07-02T18:28:46.522500,2,2,124.2,0.2,124.1,56,123.8,100,,,,,,,,,,,,,,,,,124.3,36,124.6,150,,,,,,,,,,,,,,,,
2026-07-02T18:28:46.879899+00:00,2026-07-02T18:28:46.879830,1,1,124.35,0.5,124.1,56,,,,,,,,,,,,,,,,,,,124.6,150,,,,,,,,,,,,,,,,,,
2026-07-02T18:28:46.958602+00:00,2026-07-02T18:28:46.927306,2,1,124.35,0.5,124.1,56,124.0,100,,,,,,,,,,,,,,,,,124.6,150,,,,,,,,,,,,,,,,,,
2026-07-02T18:28:46.983402+00:00,2026-07-02T18:28:46.983518,2,2,124.3,0.4,124.1,56,124.0,100,,,,,,,,,,,,,,,,,124.5,100,124.6,150,,,,,,,,,,,,,,,,
2026-07-02T18:28:47.164014+00:00,2026-07-02T18:28:47.163881,1,1,124.25,0.5,124.0,100,,,,,,,,,,,,,,,,,,,124.5,100,,,,,,,,,,,,,,,,,,
2026-07-02T18:28:47.207284+00:00,2026-07-02T18:28:47.207213,2,1,124.25,0.5,124.0,100,123.6,150,,,,,,,,,,,,,,,,,124.5,100,,,,,,,,,,,,,,,,,,
2026-07-02T18:28:47.278264+00:00,2026-07-02T18:28:47.272403,2,2,124.05,0.1,124.0,100,123.6,150,,,,,,,,,,,,,,,,,124.1,139,124.5,100,,,,,,,,,,,,,,,,
2026-07-02T18:28:47.892687+00:00,2026-07-02T18:28:47.892588,2,2,124.05,0.1,124.0,50,123.6,150,,,,,,,,,,,,,,,,,124.1,139,124.5,100,,,,,,,,,,,,,,,,
2026-07-02T18:28:48.490392+00:00,2026-07-02T18:28:48.490278,2,2,124.05,0.1,124.0,9,123.6,150,,,,,,,,,,,,,,,,,124.1,139,124.5,100,,,,,,,,,,,,,,,,
2026-07-02T18:28:49.997341+00:00,2026-07-02T18:28:49.997305,1,2,123.85,0.5,123.6,109,,,,,,,,,,,,,,,,,,,124.1,139,124.5,100,,,,,,,,,,,,,,,,
2026-07-02T18:28:50.063678+00:00,2026-07-02T18:28:50.063846,1,1,123.85,0.5,123.6,109,,,,,,,,,,,,,,,,,,,124.1,139,,,,,,,,,,,,,,,,,,
2026-07-02T18:28:50.090846+00:00,2026-07-02T18:28:50.090761,2,1,123.85,0.5,123.6,109,123.5,100,,,,,,,,,,,,,,,,,124.1,139,,,,,,,,,,,,,,,,,,
2026-07-02T18:28:50.158663+00:00,2026-07-02T18:28:50.147869,3,2,123.85,0.3,123.7,50,123.6,109,123.5,100,,,,,,,,,,,,,,,124.0,130,124.1,139,,,,,,,,,,,,,,,,
2026-07-02T18:28:50.264004+00:00,2026-07-02T18:28:50.263867,3,2,123.85,0.3,123.7,50,123.6,109,123.5,100,,,,,,,,,,,,,,,124.0,122,124.1,139,,,,,,,,,,,,,,,,
2026-07-02T18:28:50.299099+00:00,2026-07-02T18:28:50.299035,3,2,123.85,0.3,123.7,50,123.6,109,123.5,100,,,,,,,,,,,,,,,124.0,121,124.1,139,,,,,,,,,,,,,,,,
2026-07-02T18:28:50.315438+00:00,2026-07-02T18:28:50.315330,2,1,123.85,0.3,123.7,50,123.5,100,,,,,,,,,,,,,,,,,124.0,121,,,,,,,,,,,,,,,,,,
2026-07-02T18:28:50.338503+00:00,2026-07-02T18:28:50.358826,3,1,123.85,0.3,123.7,44,123.5,100,123.3,150,,,,,,,,,,,,,,,124.0,121,,,,,,,,,,,,,,,,,,
2026-07-02T18:28:50.474717+00:00,2026-07-02T18:28:50.468558,3,2,123.75,0.1,123.7,44,123.5,100,123.3,150,,,,,,,,,,,,,,,123.8,138,124.0,121,,,,,,,,,,,,,,,,
2026-07-02T18:28:51.164452+00:00,2026-07-02T18:28:51.164235,3,2,123.75,0.1,123.7,3,123.5,100,123.3,150,,,,,,,,,,,,,,,123.8,138,124.0,102,,,,,,,,,,,,,,,,
2026-07-02T18:28:51.783194+00:00,2026-07-02T18:28:51.777868,2,2,123.65,0.3,123.5,100,123.3,150,,,,,,,,,,,,,,,,,123.8,138,124.0,102,,,,,,,,,,,,,,,,
2026-07-02T18:28:52.105279+00:00,2026-07-02T18:28:52.105165,2,2,123.65,0.3,123.5,50,123.3,150,,,,,,,,,,,,,,,,,123.8,138,124.0,102,,,,,,,,,,,,,,,,
2026-07-02T18:28:53.204875+00:00,2026-07-02T18:28:53.204805,1,2,123.55,0.5,123.3,150,,,,,,,,,,,,,,,,,,,123.8,138,124.0,2,,,,,,,,,,,,,,,,
2026-07-02T18:28:53.264245+00:00,2026-07-02T18:28:53.263993,2,2,123.55,0.5,123.3,150,123.1,100,,,,,,,,,,,,,,,,,123.8,138,124.0,2,,,,,,,,,,,,,,,,
2026-07-02T18:28:53.324138+00:00,2026-07-02T18:28:53.320469,2,3,123.45,0.3,123.3,150,123.1,100,,,,,,,,,,,,,,,,,123.6,97,123.8,138,124.0,2,,,,,,,,,,,,,,
2026-07-02T18:28:53.474177+00:00,2026-07-02T18:28:53.474086,1,2,123.35,0.5,123.1,100,,,,,,,,,,,,,,,,,,,123.6,97,124.0,2,,,,,,,,,,,,,,,,
2026-07-02T18:28:53.537333+00:00,2026-07-02T18:28:53.537186,1,2,123.35,0.5,123.1,250,,,,,,,,,,,,,,,,,,,123.6,97,124.0,2,,,,,,,,,,,,,,,,
2026-07-02T18:28:53.593605+00:00,2026-07-02T18:28:53.593479,1,2,123.35,0.5,123.1,250,,,,,,,,,,,,,,,,,,,123.6,247,124.0,2,,,,,,,,,,,,,,,,
2026-07-02T18:28:54.169066+00:00,2026-07-02T18:28:54.168917,1,2,123.35,0.5,123.1,250,,,,,,,,,,,,,,,,,,,123.6,197,124.0,2,,,,,,,,,,,,,,,,
2026-07-02T18:28:56.273953+00:00,2026-07-02T18:28:56.274132,1,2,123.35,0.5,123.1,250,,,,,,,,,,,,,,,,,,,123.6,147,124.0,2,,,,,,,,,,,,,,,,
2026-07-02T18:28:56.363666+00:00,2026-07-02T18:28:56.364154,1,2,123.35,0.5,123.1,150,,,,,,,,,,,,,,,,,,,123.6,147,124.0,2,,,,,,,,,,,,,,,,
2026-07-02T18:28:56.423316+00:00,2026-07-02T18:28:56.423219,2,2,123.5,0.2,123.4,100,123.1,150,,,,,,,,,,,,,,,,,123.6,147,124.0,2,,,,,,,,,,,,,,,,
2026-07-02T18:28:56.469109+00:00,2026-07-02T18:28:56.468892,2,1,123.5,0.2,123.4,100,123.1,150,,,,,,,,,,,,,,,,,123.6,147,,,,,,,,,,,,,,,,,,
2026-07-02T18:28:56.474194+00:00,2026-07-02T18:28:56.474139,2,2,123.5,0.2,123.4,100,123.1,150,,,,,,,,,,,,,,,,,123.6,147,123.9,100,,,,,,,,,,,,,,,,
2026-07-02T18:28:56.658580+00:00,2026-07-02T18:28:56.647321,1,1,123.65,0.5,123.4,100,,,,,,,,,,,,,,,,,,,123.9,100,,,,,,,,,,,,,,,,,,
2026-07-02T18:28:56.701678+00:00,2026-07-02T18:28:56.701540,2,1,123.65,0.5,123.4,100,123.1,150,,,,,,,,,,,,,,,,,123.9,100,,,,,,,,,,,,,,,,,,
2026-07-02T18:28:56.764218+00:00,2026-07-02T18:28:56.764078,2,2,123.5,0.2,123.4,100,123.1,150,,,,,,,,,,,,,,,,,123.6,150,123.9,100,,,,,,,,,,,,,,,,
2026-07-02T18:28:57.388674+00:00,2026-07-02T18:28:57.388537,2,3,123.5,0.2,123.4,100,123.1,150,,,,,,,,,,,,,,,,,123.6,150,123.8,5,123.9,100,,,,,,,,,,,,,,
2026-07-02T18:28:58.385095+00:00,2026-07-02T18:28:58.384980,2,3,123.5,0.2,123.4,100,123.1,150,,,,,,,,,,,,,,,,,123.6,100,123.8,5,123.9,100,,,,,,,,,,,,,,
2026-07-02T18:28:59.379637+00:00,2026-07-02T18:28:59.379556,3,3,123.55,0.1,123.5,1,123.4,100,123.1,150,,,,,,,,,,,,,,,123.6,100,123.8,5,123.9,100,,,,,,,,,,,,,,
2026-07-02T18:28:59.530851+00:00,2026-07-02T18:28:59.531025,2,2,123.55,0.1,123.5,1,123.1,150,,,,,,,,,,,,,,,,,123.6,100,123.8,5,,,,,,,,,,,,,,,,
2026-07-02T18:28:59.600428+00:00,2026-07-02T18:28:59.600346,2,2,123.55,0.1,123.5,101,123.1,150,,,,,,,,,,,,,,,,,123.6,100,123.8,5,,,,,,,,,,,,,,,,
2026-07-02T18:28:59.658695+00:00,2026-07-02T18:28:59.639481,2,3,123.55,0.1,123.5,101,123.1,150,,,,,,,,,,,,,,,,,123.6,100,123.8,5,124.0,100,,,,,,,,,,,,,,
2026-07-02T18:28:59.808441+00:00,2026-07-02T18:28:59.808340,1,2,123.65,0.3,123.5,101,,,,,,,,,,,,,,,,,,,123.8,5,124.0,100,,,,,,,,,,,,,,,,
2026-07-02T18:28:59.868719+00:00,2026-07-02T18:28:59.868839,2,2,123.65,0.3,123.5,101,123.4,150,,,,,,,,,,,,,,,,,123.8,5,124.0,100,,,,,,,,,,,,,,,,
2026-07-02T18:28:59.915516+00:00,2026-07-02T18:28:59.915431,2,3,123.65,0.3,123.5,101,123.4,150,,,,,,,,,,,,,,,,,123.8,5,123.9,150,124.0,100,,,,,,,,,,,,,,
2026-07-02T18:29:00.002970+00:00,2026-07-02T18:29:00.002926,2,2,123.7,0.4,123.5,101,123.4,150,,,,,,,,,,,,,,,,,123.9,109,124.0,100,,,,,,,,,,,,,,,,
2026-07-02T18:29:00.463697+00:00,2026-07-02T18:29:00.464282,2,3,123.65,0.3,123.5,101,123.4,150,,,,,,,,,,,,,,,,,123.8,4,123.9,109,124.0,100,,,,,,,,,,,,,,
2026-07-02T18:29:00.558815+00:00,2026-07-02T18:29:00.494094,2,2,123.7,0.4,123.5,101,123.4,150,,,,,,,,,,,,,,,,,123.9,63,124.0,100,,,,,,,,,,,,,,,,
2026-07-02T18:29:01.431668+00:00,2026-07-02T18:29:01.431563,2,3,123.65,0.3,123.5,101,123.4,150,,,,,,,,,,,,,,,,,123.8,5,123.9,63,124.0,100,,,,,,,,,,,,,,
2026-07-02T18:29:02.404565+00:00,2026-07-02T18:29:02.404730,2,3,123.65,0.3,123.5,101,123.4,150,,,,,,,,,,,,,,,,,123.8,4,123.9,63,124.0,100,,,,,,,,,,,,,,
2026-07-02T18:29:02.603308+00:00,2026-07-02T18:29:02.603259,2,2,123.7,0.4,123.5,101,123.4,150,,,,,,,,,,,,,,,,,123.9,17,124.0,100,,,,,,,,,,,,,,,,
2026-07-02T18:29:02.700394+00:00,2026-07-02T18:29:02.700317,2,1,123.7,0.4,123.5,1,123.4,150,,,,,,,,,,,,,,,,,123.9,17,,,,,,,,,,,,,,,,,,
2026-07-02T18:29:02.758737+00:00,2026-07-02T18:29:02.749118,2,1,123.65,0.5,123.4,150,123.3,100,,,,,,,,,,,,,,,,,123.9,17,,,,,,,,,,,,,,,,,,
2026-07-02T18:29:02.803707+00:00,2026-07-02T18:29:02.803822,2,2,123.6,0.4,123.4,150,123.3,100,,,,,,,,,,,,,,,,,123.8,100,123.9,17,,,,,,,,,,,,,,,,
2026-07-02T18:29:02.809062+00:00,2026-07-02T18:29:02.809004,2,2,123.6,0.4,123.4,150,123.3,100,,,,,,,,,,,,,,,,,123.8,58,123.9,17,,,,,,,,,,,,,,,,
2026-07-02T18:29:02.969179+00:00,2026-07-02T18:29:02.969124,1,1,123.55,0.5,123.3,100,,,,,,,,,,,,,,,,,,,123.8,58,,,,,,,,,,,,,,,,,,
2026-07-02T18:29:03.029252+00:00,2026-07-02T18:29:03.023180,2,1,123.75,0.1,123.7,138,123.3,100,,,,,,,,,,,,,,,,,123.8,58,,,,,,,,,,,,,,,,,,
2026-07-02T18:29:03.074390+00:00,2026-07-02T18:29:03.074275,2,2,123.75,0.1,123.7,104,123.3,100,,,,,,,,,,,,,,,,,123.8,58,124.2,150,,,,,,,,,,,,,,,,
2026-07-02T18:29:04.725528+00:00,2026-07-02T18:29:04.725411,2,2,123.75,0.1,123.7,104,123.3,100,,,,,,,,,,,,,,,,,123.8,8,124.2,150,,,,,,,,,,,,,,,,
2026-07-02T18:29:05.863954+00:00,2026-07-02T18:29:05.863906,1,1,123.95,0.5,123.7,104,,,,,,,,,,,,,,,,,,,124.2,150,,,,,,,,,,,,,,,,,,
2026-07-02T18:29:05.916206+00:00,2026-07-02T18:29:05.916107,2,1,123.95,0.5,123.7,104,123.6,100,,,,,,,,,,,,,,,,,124.2,150,,,,,,,,,,,,,,,,,,
2026-07-02T18:29:05.964024+00:00,2026-07-02T18:29:05.963927,2,2,123.9,0.4,123.7,104,123.6,100,,,,,,,,,,,,,,,,,124.1,100,124.2,150,,,,,,,,,,,,,,,,
2026-07-02T18:29:06.163920+00:00,2026-07-02T18:29:06.163855,1,1,123.85,0.5,123.6,100,,,,,,,,,,,,,,,,,,,124.1,100,,,,,,,,,,,,,,,,,,
2026-07-02T18:29:06.178593+00:00,2026-07-02T18:29:06.178499,1,1,123.85,0.5,123.6,250,,,,,,,,,,,,,,,,,,,124.1,100,,,,,,,,,,,,,,,,,,
2026-07-02T18:29:06.269215+00:00,2026-07-02T18:29:06.269029,1,1,123.85,0.5,123.6,250,,,,,,,,,,,,,,,,,,,124.1,250,,,,,,,,,,,,,,,,,,
2026-07-02T18:29:06.864464+00:00,2026-07-02T18:29:06.864303,1,1,123.85,0.5,123.6,250,,,,,,,,,,,,,,,,,,,124.1,200,,,,,,,,,,,,,,,,,,
2026-07-02T18:29:08.958561+00:00,2026-07-02T18:29:08.951777,1,1,123.85,0.5,123.6,250,,,,,,,,,,,,,,,,,,,124.1,150,,,,,,,,,,,,,,,,,,
2026-07-02T18:29:09.021245+00:00,2026-07-02T18:29:09.021220,1,1,123.85,0.5,123.6,150,,,,,,,,,,,,,,,,,,,124.1,150,,,,,,,,,,,,,,,,,,
2026-07-02T18:29:09.087653+00:00,2026-07-02T18:29:09.080735,2,1,124.05,0.1,124.0,89,123.6,150,,,,,,,,,,,,,,,,,124.1,150,,,,,,,,,,,,,,,,,,
2026-07-02T18:29:09.131962+00:00,2026-07-02T18:29:09.131920,2,2,124.05,0.1,124.0,89,123.6,150,,,,,,,,,,,,,,,,,124.1,150,124.5,100,,,,,,,,,,,,,,,,
2026-07-02T18:29:09.295465+00:00,2026-07-02T18:29:09.295349,1,1,124.25,0.5,124.0,89,,,,,,,,,,,,,,,,,,,124.5,100,,,,,,,,,,,,,,,,,,
2026-07-02T18:29:09.368886+00:00,2026-07-02T18:29:09.368807,2,1,124.25,0.5,124.0,89,123.8,150,,,,,,,,,,,,,,,,,124.5,100,,,,,,,,,,,,,,,,,,
2026-07-02T18:29:09.404548+00:00,2026-07-02T18:29:09.404633,2,2,124.15,0.3,124.0,89,123.8,150,,,,,,,,,,,,,,,,,124.3,150,124.5,100,,,,,,,,,,,,,,,,
2026-07-02T18:29:09.564160+00:00,2026-07-02T18:29:09.563912,3,2,124.15,0.3,124.0,89,123.8,150,123.7,5,,,,,,,,,,,,,,,124.3,150,124.5,100,,,,,,,,,,,,,,,,
2026-07-02T18:29:11.092340+00:00,2026-07-02T18:29:11.092193,3,2,124.15,0.3,124.0,89,123.8,150,123.7,5,,,,,,,,,,,,,,,124.3,100,124.5,100,,,,,,,,,,,,,,,,
2026-07-02T18:29:11.769478+00:00,2026-07-02T18:29:11.764189,3,2,124.15,0.3,124.0,78,123.8,150,123.7,5,,,,,,,,,,,,,,,124.3,100,124.5,100,,,,,,,,,,,,,,,,
2026-07-02T18:29:12.180253+00:00,2026-07-02T18:29:12.180194,3,1,124.15,0.3,124.0,78,123.8,150,123.7,5,,,,,,,,,,,,,,,124.3,100,,,,,,,,,,,,,,,,,,
2026-07-02T18:29:12.185461+00:00,2026-07-02T18:29:12.185354,2,1,124.05,0.5,123.8,150,123.7,5,,,,,,,,,,,,,,,,,124.3,100,,,,,,,,,,,,,,,,,,
2026-07-02T18:29:12.239201+00:00,2026-07-02T18:29:12.239146,2,1,124.05,0.5,123.8,250,123.7,5,,,,,,,,,,,,,,,,,124.3,100,,,,,,,,,,,,,,,,,,
2026-07-02T18:29:12.297326+00:00,2026-07-02T18:29:12.297219,2,1,124.05,0.5,123.8,250,123.7,5,,,,,,,,,,,,,,,,,124.3,200,,,,,,,,,,,,,,,,,,
2026-07-02T18:29:12.463987+00:00,2026-07-02T18:29:12.463937,2,1,124.05,0.5,123.8,100,123.7,5,,,,,,,,,,,,,,,,,124.3,100,,,,,,,,,,,,,,,,,,
2026-07-02T18:29:12.513330+00:00,2026-07-02T18:29:12.513192,2,1,124.05,0.5,123.8,250,123.7,5,,,,,,,,,,,,,,,,,124.3,100,,,,,,,,,,,,,,,,,,
2026-07-02T18:29:12.566670+00:00,2026-07-02T18:29:12.566552,2,1,124.05,0.5,123.8,250,123.7,5,,,,,,,,,,,,,,,,,124.3,250,,,,,,,,,,,,,,,,,,
2026-07-02T18:29:13.206207+00:00,2026-07-02T18:29:13.206106,2,1,124.05,0.5,123.8,250,123.7,5,,,,,,,,,,,,,,,,,124.3,200,,,,,,,,,,,,,,,,,,
2026-07-02T18:29:15.358692+00:00,2026-07-02T18:29:15.338191,2,1,124.05,0.5,123.8,250,123.7,5,,,,,,,,,,,,,,,,,124.3,150,,,,,,,,,,,,,,,,,,
2026-07-02T18:29:15.363617+00:00,2026-07-02T18:29:15.363793,2,1,124.05,0.5,123.8,150,123.7,5,,,,,,,,,,,,,,,,,124.3,150,,,,,,,,,,,,,,,,,,
2026-07-02T18:29:15.483267+00:00,2026-07-02T18:29:15.467581,3,2,124.25,0.1,124.2,88,123.8,150,123.7,5,,,,,,,,,,,,,,,124.3,150,124.7,100,,,,,,,,,,,,,,,,
2026-07-02T18:29:15.659270+00:00,2026-07-02T18:29:15.659042,2,1,124.45,0.5,124.2,88,123.7,5,,,,,,,,,,,,,,,,,124.7,100,,,,,,,,,,,,,,,,,,
2026-07-02T18:29:15.676995+00:00,2026-07-02T18:29:15.676820,3,1,124.45,0.5,124.2,88,123.9,150,123.7,5,,,,,,,,,,,,,,,124.7,100,,,,,,,,,,,,,,,,,,
2026-07-02T18:29:15.764192+00:00,2026-07-02T18:29:15.763840,3,2,124.3,0.2,124.2,88,123.9,150,123.7,5,,,,,,,,,,,,,,,124.4,150,124.7,100,,,,,,,,,,,,,,,,
2026-07-02T18:29:16.817681+00:00,2026-07-02T18:29:16.817591,3,2,124.3,0.2,124.2,41,123.9,150,123.7,5,,,,,,,,,,,,,,,124.4,150,124.7,100,,,,,,,,,,,,,,,,
2026-07-02T18:29:16.858727+00:00,2026-07-02T18:29:16.822814,2,2,124.3,0.2,124.2,41,123.9,150,,,,,,,,,,,,,,,,,124.4,150,124.7,100,,,,,,,,,,,,,,,,
2026-07-02T18:29:17.491012+00:00,2026-07-02T18:29:17.490946,2,2,124.3,0.2,124.2,41,123.9,154,,,,,,,,,,,,,,,,,124.4,150,124.7,100,,,,,,,,,,,,,,,,
2026-07-02T18:29:18.520285+00:00,2026-07-02T18:29:18.520237,1,1,124.15,0.5,123.9,154,,,,,,,,,,,,,,,,,,,124.4,150,,,,,,,,,,,,,,,,,,
2026-07-02T18:29:18.571080+00:00,2026-07-02T18:29:18.571153,2,1,124.25,0.3,124.1,100,123.9,154,,,,,,,,,,,,,,,,,124.4,150,,,,,,,,,,,,,,,,,,
2026-07-02T18:29:18.623904+00:00,2026-07-02T18:29:18.623839,2,2,124.25,0.3,124.1,100,123.9,154,,,,,,,,,,,,,,,,,124.4,150,124.6,100,,,,,,,,,,,,,,,,
2026-07-02T18:29:18.803966+00:00,2026-07-02T18:29:18.803946,2,1,124.35,0.5,124.1,100,123.9,4,,,,,,,,,,,,,,,,,124.6,100,,,,,,,,,,,,,,,,,,
2026-07-02T18:29:18.858700+00:00,2026-07-02T18:29:18.851613,3,1,124.35,0.5,124.1,100,124.0,150,123.9,4,,,,,,,,,,,,,,,124.6,100,,,,,,,,,,,,,,,,,,
2026-07-02T18:29:18.913400+00:00,2026-07-02T18:29:18.913258,3,2,124.3,0.4,124.1,100,124.0,150,123.9,4,,,,,,,,,,,,,,,124.5,150,124.6,100,,,,,,,,,,,,,,,,
2026-07-02T18:29:19.564540+00:00,2026-07-02T18:29:19.563934,3,2,124.3,0.4,124.1,100,124.0,150,123.9,4,,,,,,,,,,,,,,,124.5,100,124.6,100,,,,,,,,,,,,,,,,
2026-07-02T18:29:19.628560+00:00,2026-07-02T18:29:19.628452,3,2,124.3,0.4,124.1,100,124.0,150,123.9,2,,,,,,,,,,,,,,,124.5,100,124.6,100,,,,,,,,,,,,,,,,
2026-07-02T18:29:19.894071+00:00,2026-07-02T18:29:19.893944,3,2,124.3,0.4,124.1,59,124.0,150,123.9,2,,,,,,,,,,,,,,,124.5,100,124.6,100,,,,,,,,,,,,,,,,
2026-07-02T18:29:21.680637+00:00,2026-07-02T18:29:21.680542,2,1,124.25,0.5,124.0,150,123.9,2,,,,,,,,,,,,,,,,,124.5,100,,,,,,,,,,,,,,,,,,
2026-07-02T18:29:21.707243+00:00,2026-07-02T18:29:21.707142,2,1,124.25,0.5,124.0,100,123.9,2,,,,,,,,,,,,,,,,,124.5,100,,,,,,,,,,,,,,,,,,
2026-07-02T18:29:21.732839+00:00,2026-07-02T18:29:21.732923,3,1,124.3,0.4,124.1,100,124.0,100,123.9,2,,,,,,,,,,,,,,,124.5,100,,,,,,,,,,,,,,,,,,
2026-07-02T18:29:21.782253+00:00,2026-07-02T18:29:21.782158,3,2,124.3,0.4,124.1,100,124.0,100,123.9,2,,,,,,,,,,,,,,,124.5,100,124.6,100,,,,,,,,,,,,,,,,
2026-07-02T18:29:21.926028+00:00,2026-07-02T18:29:21.925984,3,2,124.3,0.4,124.1,100,124.0,100,123.9,2,,,,,,,,,,,,,,,124.5,52,124.6,100,,,,,,,,,,,,,,,,
2026-07-02T18:29:21.990107+00:00,2026-07-02T18:29:21.990059,3,1,124.35,0.5,124.1,100,124.0,100,123.9,2,,,,,,,,,,,,,,,124.6,100,,,,,,,,,,,,,,,,,,
2026-07-02T18:29:21.995299+00:00,2026-07-02T18:29:21.995238,2,1,124.35,0.5,124.1,100,123.9,2,,,,,,,,,,,,,,,,,124.6,100,,,,,,,,,,,,,,,,,,
2026-07-02T18:29:22.064174+00:00,2026-07-02T18:29:22.063954,3,1,124.45,0.3,124.3,150,124.1,100,123.9,2,,,,,,,,,,,,,,,124.6,100,,,,,,,,,,,,,,,,,,
2026-07-02T18:29:22.107187+00:00,2026-07-02T18:29:22.107090,3,2,124.45,0.3,124.3,150,124.1,100,123.9,2,,,,,,,,,,,,,,,124.6,100,124.8,150,,,,,,,,,,,,,,,,
2026-07-02T18:29:22.246849+00:00,2026-07-02T18:29:22.241447,3,2,124.45,0.3,124.3,139,124.1,100,123.9,2,,,,,,,,,,,,,,,124.6,100,124.8,150,,,,,,,,,,,,,,,,
2026-07-02T18:29:23.764403+00:00,2026-07-02T18:29:23.764201,2,2,124.45,0.3,124.3,139,124.1,100,,,,,,,,,,,,,,,,,124.6,50,124.8,150,,,,,,,,,,,,,,,,
2026-07-02T18:29:24.422372+00:00,2026-07-02T18:29:24.422252,2,2,124.45,0.3,124.3,96,124.1,100,,,,,,,,,,,,,,,,,124.6,50,124.8,150,,,,,,,,,,,,,,,,
2026-07-02T18:29:24.839364+00:00,2026-07-02T18:29:24.839493,1,1,124.55,0.5,124.3,96,,,,,,,,,,,,,,,,,,,124.8,150,,,,,,,,,,,,,,,,,,
2026-07-02T18:29:24.896355+00:00,2026-07-02T18:29:24.896495,2,1,124.55,0.5,124.3,96,124.2,100,,,,,,,,,,,,,,,,,124.8,150,,,,,,,,,,,,,,,,,,
2026-07-02T18:29:24.948862+00:00,2026-07-02T18:29:24.948820,2,2,124.5,0.4,124.3,96,124.2,100,,,,,,,,,,,,,,,,,124.7,100,124.8,150,,,,,,,,,,,,,,,,
2026-07-02T18:29:25.163945+00:00,2026-07-02T18:29:25.163883,1,1,124.45,0.5,124.2,100,,,,,,,,,,,,,,,,,,,124.7,100,,,,,,,,,,,,,,,,,,
2026-07-02T18:29:25.219991+00:00,2026-07-02T18:29:25.220095,2,1,124.45,0.5,124.2,100,124.1,150,,,,,,,,,,,,,,,,,124.7,100,,,,,,,,,,,,,,,,,,
2026-07-02T18:29:25.274470+00:00,2026-07-02T18:29:25.274351,2,2,124.4,0.4,124.2,100,124.1,150,,,,,,,,,,,,,,,,,124.6,150,124.7,100,,,,,,,,,,,,,,,,
2026-07-02T18:29:25.868462+00:00,2026-07-02T18:29:25.868323,2,2,124.4,0.4,124.2,100,124.1,150,,,,,,,,,,,,,,,,,124.6,100,124.7,100,,,,,,,,,,,,,,,,
2026-07-02T18:29:26.758657+00:00,2026-07-02T18:29:26.728435,2,2,124.4,0.4,124.2,100,124.1,150,,,,,,,,,,,,,,,,,124.6,59,124.7,100,,,,,,,,,,,,,,,,
2026-07-02T18:29:28.004497+00:00,2026-07-02T18:29:28.004341,1,1,124.35,0.5,124.1,150,,,,,,,,,,,,,,,,,,,124.6,59,,,,,,,,,,,,,,,,,,
2026-07-02T18:29:28.040811+00:00,2026-07-02T18:29:28.040784,1,1,124.35,0.5,124.1,100,,,,,,,,,,,,,,,,,,,124.6,59,,,,,,,,,,,,,,,,,,
2026-07-02T18:29:28.063804+00:00,2026-07-02T18:29:28.063679,2,1,124.5,0.2,124.4,100,124.1,100,,,,,,,,,,,,,,,,,124.6,59,,,,,,,,,,,,,,,,,,
2026-07-02T18:29:28.109940+00:00,2026-07-02T18:29:28.109882,2,2,124.5,0.2,124.4,100,124.1,100,,,,,,,,,,,,,,,,,124.6,59,124.9,100,,,,,,,,,,,,,,,,
2026-07-02T18:29:28.328966+00:00,2026-07-02T18:29:28.328891,1,1,124.65,0.5,124.4,100,,,,,,,,,,,,,,,,,,,124.9,100,,,,,,,,,,,,,,,,,,
2026-07-02T18:29:28.382909+00:00,2026-07-02T18:29:28.382840,2,1,124.65,0.5,124.4,100,124.3,150,,,,,,,,,,,,,,,,,124.9,100,,,,,,,,,,,,,,,,,,
2026-07-02T18:29:28.435641+00:00,2026-07-02T18:29:28.435785,2,2,124.6,0.4,124.4,60,124.3,150,,,,,,,,,,,,,,,,,124.8,150,124.9,100,,,,,,,,,,,,,,,,
2026-07-02T18:29:30.149053+00:00,2026-07-02T18:29:30.149005,2,2,124.6,0.4,124.4,10,124.3,150,,,,,,,,,,,,,,,,,124.8,150,124.9,100,,,,,,,,,,,,,,,,
2026-07-02T18:29:31.158613+00:00,2026-07-02T18:29:31.157402,2,1,124.6,0.4,124.4,10,124.3,150,,,,,,,,,,,,,,,,,124.8,150,,,,,,,,,,,,,,,,,,
2026-07-02T18:29:31.169089+00:00,2026-07-02T18:29:31.168918,1,1,124.55,0.5,124.3,150,,,,,,,,,,,,,,,,,,,124.8,150,,,,,,,,,,,,,,,,,,
2026-07-02T18:29:31.222513+00:00,2026-07-02T18:29:31.222391,2,1,124.55,0.5,124.3,150,123.9,100,,,,,,,,,,,,,,,,,124.8,150,,,,,,,,,,,,,,,,,,
2026-07-02T18:29:31.275318+00:00,2026-07-02T18:29:31.275156,2,2,124.35,0.1,124.3,150,123.9,100,,,,,,,,,,,,,,,,,124.4,100,124.8,150,,,,,,,,,,,,,,,,
2026-07-02T18:29:31.558782+00:00,2026-07-02T18:29:31.531802,2,1,124.3,0.2,124.2,150,123.9,100,,,,,,,,,,,,,,,,,124.4,100,,,,,,,,,,,,,,,,,,
2026-07-02T18:29:31.591379+00:00,2026-07-02T18:29:31.591497,2,2,124.3,0.2,124.2,150,123.9,100,,,,,,,,,,,,,,,,,124.4,100,124.7,150,,,,,,,,,,,,,,,,
2026-07-02T18:29:32.264237+00:00,2026-07-02T18:29:32.263910,2,2,124.3,0.2,124.2,100,123.9,100,,,,,,,,,,,,,,,,,124.4,100,124.7,150,,,,,,,,,,,,,,,,
2026-07-02T18:29:32.332117+00:00,2026-07-02T18:29:32.332013,2,2,124.3,0.2,124.2,55,123.9,100,,,,,,,,,,,,,,,,,124.4,100,124.7,150,,,,,,,,,,,,,,,,
2026-07-02T18:29:32.942207+00:00,2026-07-02T18:29:32.942122,2,2,124.3,0.2,124.2,55,123.9,100,,,,,,,,,,,,,,,,,124.4,55,124.7,150,,,,,,,,,,,,,,,,
2026-07-02T18:29:33.527861+00:00,2026-07-02T18:29:33.527731,2,2,124.3,0.2,124.2,9,123.9,100,,,,,,,,,,,,,,,,,124.4,55,124.7,150,,,,,,,,,,,,,,,,
2026-07-02T18:29:33.573510+00:00,2026-07-02T18:29:33.573434,3,2,124.3,0.2,124.2,9,124.1,25,123.9,100,,,,,,,,,,,,,,,124.4,55,124.7,150,,,,,,,,,,,,,,,,
2026-07-02T18:29:33.578684+00:00,2026-07-02T18:29:33.578579,3,2,124.3,0.2,124.2,9,124.1,25,123.9,100,,,,,,,,,,,,,,,124.4,71,124.7,150,,,,,,,,,,,,,,,,
2026-07-02T18:29:34.330049+00:00,2026-07-02T18:29:34.330001,2,2,124.3,0.2,124.2,9,124.1,25,,,,,,,,,,,,,,,,,124.4,16,124.7,150,,,,,,,,,,,,,,,,
2026-07-02T18:29:34.373632+00:00,2026-07-02T18:29:34.373537,0,2,,,,,,,,,,,,,,,,,,,,,,,124.4,16,124.7,150,,,,,,,,,,,,,,,,
2026-07-02T18:29:34.383884+00:00,2026-07-02T18:29:34.383831,1,2,124.2,0.4,124.0,100,,,,,,,,,,,,,,,,,,,124.4,16,124.7,150,,,,,,,,,,,,,,,,
2026-07-02T18:29:34.435753+00:00,2026-07-02T18:29:34.435725,1,3,124.2,0.4,124.0,100,,,,,,,,,,,,,,,,,,,124.4,16,124.5,100,124.7,150,,,,,,,,,,,,,,
2026-07-02T18:29:34.519790+00:00,2026-07-02T18:29:34.519740,1,3,124.2,0.4,124.0,100,,,,,,,,,,,,,,,,,,,124.4,3,124.5,100,124.7,150,,,,,,,,,,,,,,
2026-07-02T18:29:34.645486+00:00,2026-07-02T18:29:34.645401,1,2,124.2,0.4,124.0,100,,,,,,,,,,,,,,,,,,,124.4,3,124.5,100,,,,,,,,,,,,,,,,
2026-07-02T18:29:34.700367+00:00,2026-07-02T18:29:34.700290,2,2,124.2,0.4,124.0,100,123.6,150,,,,,,,,,,,,,,,,,124.4,3,124.5,100,,,,,,,,,,,,,,,,
2026-07-02T18:29:34.760521+00:00,2026-07-02T18:29:34.754743,2,3,124.05,0.1,124.0,100,123.6,150,,,,,,,,,,,,,,,,,124.1,139,124.4,3,124.5,100,,,,,,,,,,,,,,
2026-07-02T18:29:35.361090+00:00,2026-07-02T18:29:35.355922,2,3,124.05,0.1,124.0,100,123.6,150,,,,,,,,,,,,,,,,,124.1,127,124.4,3,124.5,100,,,,,,,,,,,,,,
2026-07-02T18:29:36.503641+00:00,2026-07-02T18:29:36.503783,2,3,124.05,0.1,124.0,50,123.6,150,,,,,,,,,,,,,,,,,124.1,127,124.4,3,124.5,100,,,,,,,,,,,,,,
2026-07-02T18:29:37.492704+00:00,2026-07-02T18:29:37.492629,1,2,123.85,0.5,123.6,150,,,,,,,,,,,,,,,,,,,124.1,127,124.4,3,,,,,,,,,,,,,,,,
2026-07-02T18:29:37.546129+00:00,2026-07-02T18:29:37.546086,2,2,124.05,0.1,124.0,100,123.6,150,,,,,,,,,,,,,,,,,124.1,127,124.4,3,,,,,,,,,,,,,,,,
2026-07-02T18:29:37.600840+00:00,2026-07-02T18:29:37.600732,2,3,124.05,0.1,124.0,100,123.6,150,,,,,,,,,,,,,,,,,124.1,127,124.4,3,124.5,100,,,,,,,,,,,,,,
2026-07-02T18:29:37.647999+00:00,2026-07-02T18:29:37.647897,2,3,124.05,0.1,124.0,100,123.6,150,,,,,,,,,,,,,,,,,124.1,125,124.4,3,124.5,100,,,,,,,,,,,,,,
2026-07-02T18:29:37.736139+00:00,2026-07-02T18:29:37.736029,2,3,124.05,0.1,124.0,101,123.6,150,,,,,,,,,,,,,,,,,124.1,125,124.4,3,124.5,100,,,,,,,,,,,,,,
2026-07-02T18:29:37.803957+00:00,2026-07-02T18:29:37.803866,1,2,124.2,0.4,124.0,101,,,,,,,,,,,,,,,,,,,124.4,3,124.5,100,,,,,,,,,,,,,,,,
2026-07-02T18:29:37.858592+00:00,2026-07-02T18:29:37.855572,2,2,124.2,0.4,124.0,101,123.8,150,,,,,,,,,,,,,,,,,124.4,3,124.5,100,,,,,,,,,,,,,,,,
2026-07-02T18:29:37.909499+00:00,2026-07-02T18:29:37.909425,2,3,124.15,0.3,124.0,101,123.8,150,,,,,,,,,,,,,,,,,124.3,150,124.4,3,124.5,100,,,,,,,,,,,,,,
2026-07-02T18:29:38.609530+00:00,2026-07-02T18:29:38.609700,2,3,124.15,0.3,124.0,51,123.8,150,,,,,,,,,,,,,,,,,124.3,150,124.4,3,124.5,100,,,,,,,,,,,,,,
2026-07-02T18:29:40.658626+00:00,2026-07-02T18:29:40.651047,2,2,124.15,0.3,124.0,1,123.8,150,,,,,,,,,,,,,,,,,124.3,150,124.4,3,,,,,,,,,,,,,,,,
2026-07-02T18:29:40.708711+00:00,2026-07-02T18:29:40.708884,2,2,124.15,0.3,124.0,101,123.8,150,,,,,,,,,,,,,,,,,124.3,150,124.4,3,,,,,,,,,,,,,,,,
2026-07-02T18:29:40.719392+00:00,2026-07-02T18:29:40.719277,2,2,124.15,0.3,124.0,51,123.8,150,,,,,,,,,,,,,,,,,124.3,150,124.4,3,,,,,,,,,,,,,,,,
2026-07-02T18:29:40.764381+00:00,2026-07-02T18:29:40.764320,2,3,124.15,0.3,124.0,51,123.8,150,,,,,,,,,,,,,,,,,124.3,150,124.4,3,124.5,100,,,,,,,,,,,,,,
2026-07-02T18:29:40.966431+00:00,2026-07-02T18:29:40.966356,1,2,124.2,0.4,124.0,51,,,,,,,,,,,,,,,,,,,124.4,3,124.5,100,,,,,,,,,,,,,,,,
2026-07-02T18:29:41.020799+00:00,2026-07-02T18:29:41.020688,2,2,124.2,0.4,124.0,51,123.9,150,,,,,,,,,,,,,,,,,124.4,3,124.5,100,,,,,,,,,,,,,,,,
2026-07-02T18:29:41.058673+00:00,2026-07-02T18:29:41.045016,2,1,124.25,0.5,124.0,51,123.9,150,,,,,,,,,,,,,,,,,124.5,57,,,,,,,,,,,,,,,,,,
2026-07-02T18:29:41.076689+00:00,2026-07-02T18:29:41.076565,2,2,124.2,0.4,124.0,51,123.9,150,,,,,,,,,,,,,,,,,124.4,150,124.5,57,,,,,,,,,,,,,,,,
2026-07-02T18:29:41.300315+00:00,2026-07-02T18:29:41.300225,2,3,124.15,0.3,124.0,51,123.9,150,,,,,,,,,,,,,,,,,124.3,3,124.4,150,124.5,57,,,,,,,,,,,,,,
2026-07-02T18:29:41.554622+00:00,2026-07-02T18:29:41.554805,2,3,124.15,0.3,124.0,53,123.9,150,,,,,,,,,,,,,,,,,124.3,3,124.4,150,124.5,57,,,,,,,,,,,,,,
2026-07-02T18:29:42.632304+00:00,2026-07-02T18:29:42.632241,2,3,124.15,0.3,124.0,53,123.9,150,,,,,,,,,,,,,,,,,124.3,1,124.4,150,124.5,57,,,,,,,,,,,,,,
2026-07-02T18:29:42.642745+00:00,2026-07-02T18:29:42.642638,2,2,124.2,0.4,124.0,53,123.9,150,,,,,,,,,,,,,,,,,124.4,108,124.5,57,,,,,,,,,,,,,,,,
2026-07-02T18:29:42.826343+00:00,2026-07-02T18:29:42.826250,2,2,124.2,0.4,124.0,3,123.9,150,,,,,,,,,,,,,,,,,124.4,108,124.5,57,,,,,,,,,,,,,,,,
2026-07-02T18:29:43.235034+00:00,2026-07-02T18:29:43.234978,1,2,124.15,0.5,123.9,108,,,,,,,,,,,,,,,,,,,124.4,108,124.5,57,,,,,,,,,,,,,,,,
2026-07-02T18:29:43.821081+00:00,2026-07-02T18:29:43.821232,1,1,124.15,0.5,123.9,108,,,,,,,,,,,,,,,,,,,124.4,108,,,,,,,,,,,,,,,,,,
2026-07-02T18:29:43.871180+00:00,2026-07-02T18:29:43.871132,2,1,124.15,0.5,123.9,108,123.8,100,,,,,,,,,,,,,,,,,124.4,108,,,,,,,,,,,,,,,,,,
2026-07-02T18:29:43.925213+00:00,2026-07-02T18:29:43.925163,2,2,124.1,0.4,123.9,108,123.8,100,,,,,,,,,,,,,,,,,124.3,100,124.4,108,,,,,,,,,,,,,,,,
2026-07-02T18:29:44.127982+00:00,2026-07-02T18:29:44.128137,1,1,124.05,0.5,123.8,100,,,,,,,,,,,,,,,,,,,124.3,100,,,,,,,,,,,,,,,,,,
2026-07-02T18:29:44.172905+00:00,2026-07-02T18:29:44.172872,1,1,124.05,0.5,123.8,100,,,,,,,,,,,,,,,,,,,124.3,54,,,,,,,,,,,,,,,,,,
2026-07-02T18:29:44.184461+00:00,2026-07-02T18:29:44.184362,1,1,124.05,0.5,123.8,250,,,,,,,,,,,,,,,,,,,124.3,54,,,,,,,,,,,,,,,,,,
2026-07-02T18:29:44.238655+00:00,2026-07-02T18:29:44.238584,1,1,124.05,0.5,123.8,250,,,,,,,,,,,,,,,,,,,124.3,204,,,,,,,,,,,,,,,,,,
2026-07-02T18:29:44.936775+00:00,2026-07-02T18:29:44.936616,1,1,124.05,0.5,123.8,200,,,,,,,,,,,,,,,,,,,124.3,204,,,,,,,,,,,,,,,,,,
2026-07-02T18:29:45.708308+00:00,2026-07-02T18:29:45.708071,2,1,124.15,0.3,124.0,4,123.8,200,,,,,,,,,,,,,,,,,124.3,204,,,,,,,,,,,,,,,,,,
2026-07-02T18:29:46.731167+00:00,2026-07-02T18:29:46.731067,2,1,124.15,0.3,124.0,4,123.8,200,,,,,,,,,,,,,,,,,124.3,205,,,,,,,,,,,,,,,,,,
2026-07-02T18:29:46.979712+00:00,2026-07-02T18:29:46.979597,2,1,124.15,0.3,124.0,4,123.8,150,,,,,,,,,,,,,,,,,124.3,151,,,,,,,,,,,,,,,,,,
2026-07-02T18:29:47.032236+00:00,2026-07-02T18:29:47.032150,3,1,124.15,0.3,124.0,4,123.8,150,123.7,100,,,,,,,,,,,,,,,124.3,151,,,,,,,,,,,,,,,,,,
2026-07-02T18:29:47.042601+00:00,2026-07-02T18:29:47.042537,2,1,124.05,0.5,123.8,104,123.7,100,,,,,,,,,,,,,,,,,124.3,151,,,,,,,,,,,,,,,,,,
2026-07-02T18:29:47.075379+00:00,2026-07-02T18:29:47.075278,3,1,124.15,0.3,124.0,4,123.8,104,123.7,100,,,,,,,,,,,,,,,124.3,151,,,,,,,,,,,,,,,,,,
2026-07-02T18:29:47.086604+00:00,2026-07-02T18:29:47.086712,3,2,124.1,0.2,124.0,4,123.8,104,123.7,100,,,,,,,,,,,,,,,124.2,100,124.3,151,,,,,,,,,,,,,,,,
2026-07-02T18:29:47.167541+00:00,2026-07-02T18:29:47.162071,3,2,124.1,0.2,124.0,4,123.8,104,123.7,100,,,,,,,,,,,,,,,124.2,78,124.3,151,,,,,,,,,,,,,,,,
2026-07-02T18:29:47.291357+00:00,2026-07-02T18:29:47.291244,2,2,124.1,0.2,124.0,4,123.7,100,,,,,,,,,,,,,,,,,124.2,78,124.3,1,,,,,,,,,,,,,,,,
2026-07-02T18:29:47.349571+00:00,2026-07-02T18:29:47.349474,3,2,124.1,0.2,124.0,4,123.8,150,123.7,100,,,,,,,,,,,,,,,124.2,78,124.3,1,,,,,,,,,,,,,,,,
2026-07-02T18:29:47.406848+00:00,2026-07-02T18:29:47.406741,3,2,124.1,0.2,124.0,4,123.8,150,123.7,100,,,,,,,,,,,,,,,124.2,78,124.3,151,,,,,,,,,,,,,,,,
2026-07-02T18:29:47.658615+00:00,2026-07-02T18:29:47.647405,3,2,124.1,0.2,124.0,4,123.8,150,123.7,100,,,,,,,,,,,,,,,124.2,78,124.3,150,,,,,,,,,,,,,,,,
2026-07-02T18:29:48.030608+00:00,2026-07-02T18:29:48.030752,3,2,124.1,0.2,124.0,4,123.8,150,123.7,100,,,,,,,,,,,,,,,124.2,29,124.3,150,,,,,,,,,,,,,,,,
2026-07-02T18:29:49.103594+00:00,2026-07-02T18:29:49.103535,3,1,124.15,0.3,124.0,4,123.8,150,123.7,100,,,,,,,,,,,,,,,124.3,129,,,,,,,,,,,,,,,,,,
2026-07-02T18:29:50.141684+00:00,2026-07-02T18:29:50.141587,2,1,124.15,0.3,124.0,4,123.8,150,,,,,,,,,,,,,,,,,124.3,129,,,,,,,,,,,,,,,,,,
2026-07-02T18:29:50.195023+00:00,2026-07-02T18:29:50.194975,3,1,124.2,0.2,124.1,100,124.0,4,123.8,150,,,,,,,,,,,,,,,124.3,129,,,,,,,,,,,,,,,,,,
2026-07-02T18:29:50.244624+00:00,2026-07-02T18:29:50.244538,3,2,124.2,0.2,124.1,100,124.0,4,123.8,150,,,,,,,,,,,,,,,124.3,129,124.6,100,,,,,,,,,,,,,,,,
2026-07-02T18:29:50.464366+00:00,2026-07-02T18:29:50.464276,2,1,124.35,0.5,124.1,100,124.0,4,,,,,,,,,,,,,,,,,124.6,100,,,,,,,,,,,,,,,,,,
2026-07-02T18:29:50.516977+00:00,2026-07-02T18:29:50.516870,3,1,124.35,0.5,124.1,100,124.0,4,123.8,150,,,,,,,,,,,,,,,124.6,100,,,,,,,,,,,,,,,,,,
2026-07-02T18:29:50.570362+00:00,2026-07-02T18:29:50.570309,3,2,124.2,0.2,124.1,100,124.0,4,123.8,150,,,,,,,,,,,,,,,124.3,150,124.6,100,,,,,,,,,,,,,,,,
2026-07-02T18:29:52.336575+00:00,2026-07-02T18:29:52.331268,3,2,124.2,0.2,124.1,89,124.0,4,123.8,150,,,,,,,,,,,,,,,124.3,150,124.6,100,,,,,,,,,,,,,,,,
2026-07-02T18:29:52.416829+00:00,2026-07-02T18:29:52.410054,3,2,124.2,0.2,124.1,78,124.0,4,123.8,150,,,,,,,,,,,,,,,124.3,150,124.6,100,,,,,,,,,,,,,,,,
2026-07-02T18:29:52.676248+00:00,2026-07-02T18:29:52.676415,3,2,124.2,0.2,124.1,32,124.0,4,123.8,150,,,,,,,,,,,,,,,124.3,150,124.6,100,,,,,,,,,,,,,,,,
2026-07-02T18:29:53.195876+00:00,2026-07-02T18:29:53.196055,1,2,124.05,0.5,123.8,145,,,,,,,,,,,,,,,,,,,124.3,150,124.6,100,,,,,,,,,,,,,,,,
2026-07-02T18:29:53.304632+00:00,2026-07-02T18:29:53.304538,1,1,124.05,0.5,123.8,145,,,,,,,,,,,,,,,,,,,124.3,150,,,,,,,,,,,,,,,,,,
2026-07-02T18:29:53.358543+00:00,2026-07-02T18:29:53.351295,2,1,124.05,0.5,123.8,145,123.5,100,,,,,,,,,,,,,,,,,124.3,150,,,,,,,,,,,,,,,,,,
2026-07-02T18:29:53.411571+00:00,2026-07-02T18:29:53.411511,2,2,123.9,0.2,123.8,145,123.5,100,,,,,,,,,,,,,,,,,124.0,100,124.3,150,,,,,,,,,,,,,,,,
2026-07-02T18:29:53.625601+00:00,2026-07-02T18:29:53.625534,1,1,123.75,0.5,123.5,100,,,,,,,,,,,,,,,,,,,124.0,100,,,,,,,,,,,,,,,,,,
2026-07-02T18:29:53.677197+00:00,2026-07-02T18:29:53.677114,1,1,123.75,0.5,123.5,250,,,,,,,,,,,,,,,,,,,124.0,100,,,,,,,,,,,,,,,,,,
2026-07-02T18:29:53.733006+00:00,2026-07-02T18:29:53.732936,1,1,123.75,0.5,123.5,250,,,,,,,,,,,,,,,,,,,124.0,250,,,,,,,,,,,,,,,,,,
2026-07-02T18:29:53.780556+00:00,2026-07-02T18:29:53.780466,1,1,123.75,0.5,123.5,250,,,,,,,,,,,,,,,,,,,124.0,245,,,,,,,,,,,,,,,,,,
2026-07-02T18:29:53.889837+00:00,2026-07-02T18:29:53.889804,1,1,123.75,0.5,123.5,250,,,,,,,,,,,,,,,,,,,124.0,240,,,,,,,,,,,,,,,,,,
2026-07-02T18:29:54.684722+00:00,2026-07-02T18:29:54.684526,1,1,123.75,0.5,123.5,250,,,,,,,,,,,,,,,,,,,124.0,236,,,,,,,,,,,,,,,,,,
2026-07-02T18:29:54.751544+00:00,2026-07-02T18:29:54.746596,1,1,123.75,0.5,123.5,250,,,,,,,,,,,,,,,,,,,124.0,225,,,,,,,,,,,,,,,,,,
2026-07-02T18:29:54.840541+00:00,2026-07-02T18:29:54.840460,2,1,123.95,0.1,123.9,4,123.5,250,,,,,,,,,,,,,,,,,124.0,225,,,,,,,,,,,,,,,,,,
2026-07-02T18:29:55.422839+00:00,2026-07-02T18:29:55.422778,2,1,123.95,0.1,123.9,4,123.5,250,,,,,,,,,,,,,,,,,124.0,175,,,,,,,,,,,,,,,,,,
2026-07-02T18:29:56.495633+00:00,2026-07-02T18:29:56.495753,2,1,123.95,0.1,123.9,4,123.5,150,,,,,,,,,,,,,,,,,124.0,150,,,,,,,,,,,,,,,,,,
2026-07-02T18:29:56.548040+00:00,2026-07-02T18:29:56.548005,2,1,123.95,0.1,123.9,104,123.5,150,,,,,,,,,,,,,,,,,124.0,150,,,,,,,,,,,,,,,,,,
2026-07-02T18:29:56.603596+00:00,2026-07-02T18:29:56.603516,2,2,123.95,0.1,123.9,104,123.5,150,,,,,,,,,,,,,,,,,124.0,150,124.4,100,,,,,,,,,,,,,,,,
2026-07-02T18:29:56.785690+00:00,2026-07-02T18:29:56.785849,1,1,124.15,0.5,123.9,104,,,,,,,,,,,,,,,,,,,124.4,100,,,,,,,,,,,,,,,,,,
2026-07-02T18:29:56.840447+00:00,2026-07-02T18:29:56.840407,2,1,124.15,0.5,123.9,104,123.6,150,,,,,,,,,,,,,,,,,124.4,100,,,,,,,,,,,,,,,,,,
2026-07-02T18:29:56.895277+00:00,2026-07-02T18:29:56.895422,2,2,124.0,0.2,123.9,104,123.6,150,,,,,,,,,,,,,,,,,124.1,150,124.4,100,,,,,,,,,,,,,,,,
2026-07-02T18:29:57.583454+00:00,2026-07-02T18:29:57.583599,2,2,124.0,0.2,123.9,54,123.6,150,,,,,,,,,,,,,,,,,124.1,150,124.4,100,,,,,,,,,,,,,,,,
2026-07-02T18:29:57.717458+00:00,2026-07-02T18:29:57.707824,2,2,124.0,0.2,123.9,54,123.6,150,,,,,,,,,,,,,,,,,124.1,139,124.4,100,,,,,,,,,,,,,,,,
2026-07-02T18:29:57.793728+00:00,2026-07-02T18:29:57.793634,2,2,124.0,0.2,123.9,54,123.6,150,,,,,,,,,,,,,,,,,124.1,98,124.4,100,,,,,,,,,,,,,,,,
2026-07-02T18:29:59.265362+00:00,2026-07-02T18:29:59.265269,2,2,124.0,0.2,123.9,54,123.6,150,,,,,,,,,,,,,,,,,124.1,52,124.4,100,,,,,,,,,,,,,,,,
2026-07-02T18:29:59.640732+00:00,2026-07-02T18:29:59.640683,2,2,124.0,0.2,123.9,54,123.6,150,,,,,,,,,,,,,,,,,124.1,2,124.4,100,,,,,,,,,,,,,,,,
2026-07-02T18:29:59.663844+00:00,2026-07-02T18:29:59.663767,1,1,123.85,0.5,123.6,150,,,,,,,,,,,,,,,,,,,124.1,2,,,,,,,,,,,,,,,,,,
2026-07-02T18:29:59.714205+00:00,2026-07-02T18:29:59.714109,2,1,124.0,0.2,123.9,100,123.6,150,,,,,,,,,,,,,,,,,124.1,2,,,,,,,,,,,,,,,,,,
2026-07-02T18:29:59.767894+00:00,2026-07-02T18:29:59.767804,2,2,124.0,0.2,123.9,100,123.6,150,,,,,,,,,,,,,,,,,124.1,2,124.4,100,,,,,,,,,,,,,,,,
2026-07-02T18:29:59.947364+00:00,2026-07-02T18:29:59.947292,2,1,124.15,0.5,123.9,100,123.6,150,,,,,,,,,,,,,,,,,124.4,100,,,,,,,,,,,,,,,,,,
2026-07-02T18:29:59.952529+00:00,2026-07-02T18:29:59.952434,1,1,124.15,0.5,123.9,100,,,,,,,,,,,,,,,,,,,124.4,100,,,,,,,,,,,,,,,,,,
2026-07-02T18:30:00.008493+00:00,2026-07-02T18:30:00.008397,2,0,,,124.4,50,123.9,100,,,,,,,,,,,,,,,,,,,,,,,,,,,,,,,,,,,,
2026-07-02T18:30:00.056809+00:00,2026-07-02T18:30:00.057036,2,1,124.65,0.5,124.4,50,123.9,100,,,,,,,,,,,,,,,,,124.9,150,,,,,,,,,,,,,,,,,,
2026-07-02T18:30:00.069356+00:00,2026-07-02T18:30:00.062963,2,1,124.65,0.5,124.4,28,123.9,100,,,,,,,,,,,,,,,,,124.9,150,,,,,,,,,,,,,,,,,,
2026-07-02T18:30:01.798336+00:00,2026-07-02T18:30:01.798285,1,1,124.4,1.0,123.9,78,,,,,,,,,,,,,,,,,,,124.9,150,,,,,,,,,,,,,,,,,,
2026-07-02T18:30:01.979634+00:00,2026-07-02T18:30:01.979494,1,1,124.4,1.0,123.9,78,,,,,,,,,,,,,,,,,,,124.9,139,,,,,,,,,,,,,,,,,,
2026-07-02T18:30:02.822316+00:00,2026-07-02T18:30:02.822207,0,1,,,,,,,,,,,,,,,,,,,,,,,124.9,139,,,,,,,,,,,,,,,,,,
2026-07-02T18:30:02.874299+00:00,2026-07-02T18:30:02.874237,1,1,124.5,0.8,124.1,100,,,,,,,,,,,,,,,,,,,124.9,139,,,,,,,,,,,,,,,,,,
2026-07-02T18:30:02.928230+00:00,2026-07-02T18:30:02.928363,1,2,124.35,0.5,124.1,100,,,,,,,,,,,,,,,,,,,124.6,100,124.9,139,,,,,,,,,,,,,,,,
2026-07-02T18:30:03.111207+00:00,2026-07-02T18:30:03.111153,1,1,124.35,0.5,124.1,100,,,,,,,,,,,,,,,,,,,124.6,100,,,,,,,,,,,,,,,,,,
2026-07-02T18:30:03.169256+00:00,2026-07-02T18:30:03.169139,2,1,124.35,0.5,124.1,100,123.7,150,,,,,,,,,,,,,,,,,124.6,100,,,,,,,,,,,,,,,,,,
2026-07-02T18:30:03.174470+00:00,2026-07-02T18:30:03.174384,2,1,124.35,0.5,124.1,89,123.7,150,,,,,,,,,,,,,,,,,124.6,100,,,,,,,,,,,,,,,,,,
2026-07-02T18:30:03.222696+00:00,2026-07-02T18:30:03.222579,2,2,124.15,0.1,124.1,89,123.7,150,,,,,,,,,,,,,,,,,124.2,150,124.6,100,,,,,,,,,,,,,,,,
2026-07-02T18:30:03.276937+00:00,2026-07-02T18:30:03.276829,3,2,124.15,0.1,124.1,89,123.9,3,123.7,150,,,,,,,,,,,,,,,124.2,150,124.6,100,,,,,,,,,,,,,,,,
2026-07-02T18:30:03.358629+00:00,2026-07-02T18:30:03.352837,3,2,124.15,0.1,124.1,89,123.9,3,123.7,150,,,,,,,,,,,,,,,124.2,153,124.6,100,,,,,,,,,,,,,,,,
2026-07-02T18:30:03.853854+00:00,2026-07-02T18:30:03.853757,3,2,124.15,0.1,124.1,89,123.9,3,123.7,150,,,,,,,,,,,,,,,124.2,103,124.6,100,,,,,,,,,,,,,,,,
2026-07-02T18:30:04.033659+00:00,2026-07-02T18:30:04.033811,3,2,124.15,0.1,124.1,89,123.9,3,123.7,150,,,,,,,,,,,,,,,124.2,102,124.6,100,,,,,,,,,,,,,,,,
2026-07-02T18:30:04.063879+00:00,2026-07-02T18:30:04.063768,3,3,124.15,0.1,124.1,89,123.9,3,123.7,150,,,,,,,,,,,,,,,124.2,100,124.3,2,124.6,100,,,,,,,,,,,,,,
2026-07-02T18:30:04.298153+00:00,2026-07-02T18:30:04.288999,3,3,124.15,0.1,124.1,89,123.9,3,123.7,150,,,,,,,,,,,,,,,124.2,66,124.3,2,124.6,100,,,,,,,,,,,,,,
2026-07-02T18:30:04.376851+00:00,2026-07-02T18:30:04.377014,3,3,124.15,0.1,124.1,89,123.9,3,123.7,150,,,,,,,,,,,,,,,124.2,55,124.3,2,124.6,100,,,,,,,,,,,,,,
2026-07-02T18:30:05.358644+00:00,2026-07-02T18:30:05.357663,3,3,124.15,0.1,124.1,89,123.9,3,123.7,150,,,,,,,,,,,,,,,124.2,10,124.3,2,124.6,100,,,,,,,,,,,,,,
2026-07-02T18:30:05.963868+00:00,2026-07-02T18:30:05.963824,3,1,124.35,0.5,124.1,89,123.9,3,123.7,150,,,,,,,,,,,,,,,124.6,62,,,,,,,,,,,,,,,,,,
2026-07-02T18:30:05.984798+00:00,2026-07-02T18:30:05.984742,2,0,,,123.9,3,123.7,150,,,,,,,,,,,,,,,,,,,,,,,,,,,,,,,,,,,,
2026-07-02T18:30:06.040601+00:00,2026-07-02T18:30:06.040520,3,0,,,124.4,100,123.9,3,123.7,150,,,,,,,,,,,,,,,,,,,,,,,,,,,,,,,,,,
2026-07-02T18:30:06.082573+00:00,2026-07-02T18:30:06.082457,3,0,,,124.4,100,123.9,2,123.7,150,,,,,,,,,,,,,,,,,,,,,,,,,,,,,,,,,,
2026-07-02T18:30:06.105655+00:00,2026-07-02T18:30:06.099461,3,1,124.65,0.5,124.4,88,123.9,2,123.7,150,,,,,,,,,,,,,,,124.9,100,,,,,,,,,,,,,,,,,,
2026-07-02T18:30:06.186124+00:00,2026-07-02T18:30:06.186025,3,1,124.65,0.5,124.4,77,123.9,2,123.7,150,,,,,,,,,,,,,,,124.9,100,,,,,,,,,,,,,,,,,,
2026-07-02T18:30:06.276698+00:00,2026-07-02T18:30:06.276582,2,1,124.65,0.5,124.4,77,123.9,2,,,,,,,,,,,,,,,,,124.9,100,,,,,,,,,,,,,,,,,,
2026-07-02T18:30:06.327733+00:00,2026-07-02T18:30:06.327857,3,1,124.75,0.3,124.6,150,124.4,77,123.9,2,,,,,,,,,,,,,,,124.9,100,,,,,,,,,,,,,,,,,,
2026-07-02T18:30:06.343420+00:00,2026-07-02T18:30:06.332095,3,1,124.75,0.3,124.6,128,124.4,77,123.9,2,,,,,,,,,,,,,,,124.9,100,,,,,,,,,,,,,,,,,,
2026-07-02T18:30:06.380924+00:00,2026-07-02T18:30:06.380857,3,2,124.75,0.3,124.6,128,124.4,77,123.9,2,,,,,,,,,,,,,,,124.9,100,125.1,150,,,,,,,,,,,,,,,,
2026-07-02T18:30:06.918532+00:00,2026-07-02T18:30:06.912431,3,2,124.75,0.3,124.6,116,124.4,77,123.9,2,,,,,,,,,,,,,,,124.9,100,125.1,150,,,,,,,,,,,,,,,,
2026-07-02T18:30:07.121236+00:00,2026-07-02T18:30:07.121105,3,2,124.75,0.3,124.6,113,124.4,77,123.9,2,,,,,,,,,,,,,,,124.9,100,125.1,150,,,,,,,,,,,,,,,,
2026-07-02T18:30:07.482188+00:00,2026-07-02T18:30:07.482155,3,2,124.75,0.3,124.6,110,124.4,77,123.9,2,,,,,,,,,,,,,,,124.9,100,125.1,150,,,,,,,,,,,,,,,,
2026-07-02T18:30:07.505389+00:00,2026-07-02T18:30:07.505356,2,2,124.75,0.3,124.6,107,124.4,77,,,,,,,,,,,,,,,,,124.9,100,125.1,150,,,,,,,,,,,,,,,,
2026-07-02T18:30:07.536263+00:00,2026-07-02T18:30:07.536451,3,2,124.75,0.3,124.6,107,124.4,77,124.1,3,,,,,,,,,,,,,,,124.9,100,125.1,150,,,,,,,,,,,,,,,,
2026-07-02T18:30:07.592706+00:00,2026-07-02T18:30:07.592555,3,2,124.75,0.3,124.6,104,124.4,77,124.1,3,,,,,,,,,,,,,,,124.9,100,125.1,150,,,,,,,,,,,,,,,,
2026-07-02T18:30:08.070101+00:00,2026-07-02T18:30:08.070005,3,2,124.75,0.3,124.6,104,124.4,77,124.1,3,,,,,,,,,,,,,,,124.9,50,125.1,150,,,,,,,,,,,,,,,,
2026-07-02T18:30:08.125824+00:00,2026-07-02T18:30:08.125760,3,2,124.75,0.3,124.6,101,124.4,77,124.1,3,,,,,,,,,,,,,,,124.9,50,125.1,150,,,,,,,,,,,,,,,,
2026-07-02T18:30:08.150550+00:00,2026-07-02T18:30:08.150478,3,2,124.75,0.3,124.6,98,124.4,77,124.1,3,,,,,,,,,,,,,,,124.9,50,125.1,150,,,,,,,,,,,,,,,,
2026-07-02T18:30:08.172036+00:00,2026-07-02T18:30:08.172267,3,2,124.75,0.3,124.6,95,124.4,77,124.1,3,,,,,,,,,,,,,,,124.9,50,125.1,150,,,,,,,,,,,,,,,,
2026-07-02T18:30:08.214275+00:00,2026-07-02T18:30:08.214081,3,2,124.75,0.3,124.6,92,124.4,77,124.1,3,,,,,,,,,,,,,,,124.9,50,125.1,150,,,,,,,,,,,,,,,,
2026-07-02T18:30:08.376556+00:00,2026-07-02T18:30:08.376734,3,2,124.75,0.3,124.6,49,124.4,77,124.1,3,,,,,,,,,,,,,,,124.9,50,125.1,150,,,,,,,,,,,,,,,,
2026-07-02T18:30:08.508681+00:00,2026-07-02T18:30:08.508564,3,2,124.75,0.3,124.6,47,124.4,77,124.1,3,,,,,,,,,,,,,,,124.9,50,125.1,150,,,,,,,,,,,,,,,,
2026-07-02T18:30:08.527929+00:00,2026-07-02T18:30:08.527890,3,2,124.75,0.3,124.6,45,124.4,77,124.1,3,,,,,,,,,,,,,,,124.9,50,125.1,150,,,,,,,,,,,,,,,,
2026-07-02T18:30:08.563974+00:00,2026-07-02T18:30:08.563790,3,2,124.75,0.3,124.6,43,124.4,77,124.1,3,,,,,,,,,,,,,,,124.9,50,125.1,150,,,,,,,,,,,,,,,,
2026-07-02T18:30:08.613416+00:00,2026-07-02T18:30:08.613312,3,2,124.75,0.3,124.6,41,124.4,77,124.1,3,,,,,,,,,,,,,,,124.9,50,125.1,150,,,,,,,,,,,,,,,,
2026-07-02T18:30:09.145578+00:00,2026-07-02T18:30:09.145489,2,1,124.85,0.5,124.6,41,124.1,3,,,,,,,,,,,,,,,,,125.1,150,,,,,,,,,,,,,,,,,,
2026-07-02T18:30:09.210957+00:00,2026-07-02T18:30:09.210803,3,1,124.85,0.5,124.6,41,124.4,100,124.1,3,,,,,,,,,,,,,,,125.1,150,,,,,,,,,,,,,,,,,,
2026-07-02T18:30:09.258665+00:00,2026-07-02T18:30:09.257255,3,2,124.75,0.3,124.6,41,124.4,100,124.1,3,,,,,,,,,,,,,,,124.9,100,125.1,150,,,,,,,,,,,,,,,,
2026-07-02T18:30:09.437338+00:00,2026-07-02T18:30:09.437250,2,1,124.65,0.5,124.4,100,124.1,3,,,,,,,,,,,,,,,,,124.9,100,,,,,,,,,,,,,,,,,,
2026-07-02T18:30:09.492335+00:00,2026-07-02T18:30:09.492105,2,1,124.65,0.5,124.4,100,124.1,153,,,,,,,,,,,,,,,,,124.9,100,,,,,,,,,,,,,,,,,,
2026-07-02T18:30:09.545419+00:00,2026-07-02T18:30:09.545497,2,2,124.5,0.2,124.4,100,124.1,153,,,,,,,,,,,,,,,,,124.6,150,124.9,100,,,,,,,,,,,,,,,,
2026-07-02T18:30:09.576776+00:00,2026-07-02T18:30:09.576721,2,2,124.5,0.2,124.4,100,124.1,152,,,,,,,,,,,,,,,,,124.6,150,124.9,100,,,,,,,,,,,,,,,,
2026-07-02T18:30:09.640448+00:00,2026-07-02T18:30:09.640519,2,2,124.5,0.2,124.4,51,124.1,152,,,,,,,,,,,,,,,,,124.6,150,124.9,100,,,,,,,,,,,,,,,,
2026-07-02T18:30:10.147318+00:00,2026-07-02T18:30:10.147269,2,2,124.5,0.2,124.4,51,124.1,151,,,,,,,,,,,,,,,,,124.6,150,124.9,100,,,,,,,,,,,,,,,,
2026-07-02T18:30:10.177184+00:00,2026-07-02T18:30:10.177031,2,2,124.5,0.2,124.4,51,124.1,151,,,,,,,,,,,,,,,,,124.6,100,124.9,100,,,,,,,,,,,,,,,,
2026-07-02T18:30:10.680365+00:00,2026-07-02T18:30:10.680238,2,2,124.5,0.2,124.4,51,124.1,150,,,,,,,,,,,,,,,,,124.6,100,124.9,100,,,,,,,,,,,,,,,,
2026-07-02T18:30:12.238892+00:00,2026-07-02T18:30:12.238992,2,3,124.45,0.1,124.4,51,124.1,150,,,,,,,,,,,,,,,,,124.5,5,124.6,100,124.9,100,,,,,,,,,,,,,,
2026-07-02T18:30:12.283926+00:00,2026-07-02T18:30:12.283879,2,2,124.5,0.2,124.4,51,124.1,150,,,,,,,,,,,,,,,,,124.6,55,124.9,100,,,,,,,,,,,,,,,,
2026-07-02T18:30:12.301410+00:00,2026-07-02T18:30:12.301338,2,2,124.5,0.2,124.4,7,124.1,150,,,,,,,,,,,,,,,,,124.6,55,124.9,100,,,,,,,,,,,,,,,,
2026-07-02T18:30:12.321644+00:00,2026-07-02T18:30:12.321568,1,1,124.35,0.5,124.1,150,,,,,,,,,,,,,,,,,,,124.6,55,,,,,,,,,,,,,,,,,,
2026-07-02T18:30:12.377005+00:00,2026-07-02T18:30:12.377115,2,1,124.35,0.5,124.1,150,124.0,100,,,,,,,,,,,,,,,,,124.6,55,,,,,,,,,,,,,,,,,,
2026-07-02T18:30:12.430015+00:00,2026-07-02T18:30:12.429917,2,2,124.3,0.4,124.1,150,124.0,100,,,,,,,,,,,,,,,,,124.5,105,124.6,55,,,,,,,,,,,,,,,,
2026-07-02T18:30:12.596635+00:00,2026-07-02T18:30:12.596585,1,1,124.25,0.5,124.0,100,,,,,,,,,,,,,,,,,,,124.5,105,,,,,,,,,,,,,,,,,,
2026-07-02T18:30:12.653862+00:00,2026-07-02T18:30:12.654030,2,1,124.4,0.2,124.3,150,124.0,100,,,,,,,,,,,,,,,,,124.5,105,,,,,,,,,,,,,,,,,,
2026-07-02T18:30:12.703922+00:00,2026-07-02T18:30:12.703893,2,2,124.4,0.2,124.3,150,124.0,100,,,,,,,,,,,,,,,,,124.5,105,124.8,150,,,,,,,,,,,,,,,,
2026-07-02T18:30:14.393162+00:00,2026-07-02T18:30:14.392989,2,2,124.4,0.2,124.3,150,124.0,100,,,,,,,,,,,,,,,,,124.5,55,124.8,150,,,,,,,,,,,,,,,,
2026-07-02T18:30:15.304595+00:00,2026-07-02T18:30:15.304513,2,2,124.4,0.2,124.3,101,124.0,100,,,,,,,,,,,,,,,,,124.5,55,124.8,150,,,,,,,,,,,,,,,,
2026-07-02T18:30:15.484682+00:00,2026-07-02T18:30:15.484800,1,2,124.4,0.2,124.3,101,,,,,,,,,,,,,,,,,,,124.5,5,124.8,150,,,,,,,,,,,,,,,,
2026-07-02T18:30:15.536799+00:00,2026-07-02T18:30:15.536893,2,2,124.4,0.2,124.3,101,124.1,100,,,,,,,,,,,,,,,,,124.5,5,124.8,150,,,,,,,,,,,,,,,,
2026-07-02T18:30:15.591284+00:00,2026-07-02T18:30:15.591220,2,3,124.4,0.2,124.3,101,124.1,100,,,,,,,,,,,,,,,,,124.5,5,124.6,100,124.8,150,,,,,,,,,,,,,,
2026-07-02T18:30:15.758576+00:00,2026-07-02T18:30:15.755273,1,2,124.3,0.4,124.1,100,,,,,,,,,,,,,,,,,,,124.5,5,124.6,100,,,,,,,,,,,,,,,,
2026-07-02T18:30:15.810512+00:00,2026-07-02T18:30:15.810436,1,2,124.3,0.4,124.1,250,,,,,,,,,,,,,,,,,,,124.5,5,124.6,100,,,,,,,,,,,,,,,,
2026-07-02T18:30:15.868955+00:00,2026-07-02T18:30:15.868922,1,2,124.3,0.4,124.1,250,,,,,,,,,,,,,,,,,,,124.5,5,124.6,250,,,,,,,,,,,,,,,,
2026-07-02T18:30:16.500377+00:00,2026-07-02T18:30:16.500216,1,1,124.35,0.5,124.1,250,,,,,,,,,,,,,,,,,,,124.6,205,,,,,,,,,,,,,,,,,,
2026-07-02T18:30:17.279711+00:00,2026-07-02T18:30:17.279608,1,1,124.35,0.5,124.1,250,,,,,,,,,,,,,,,,,,,124.6,162,,,,,,,,,,,,,,,,,,
2026-07-02T18:30:18.607793+00:00,2026-07-02T18:30:18.607690,1,1,124.35,0.5,124.1,250,,,,,,,,,,,,,,,,,,,124.6,112,,,,,,,,,,,,,,,,,,
2026-07-02T18:30:18.645193+00:00,2026-07-02T18:30:18.645076,1,1,124.35,0.5,124.1,150,,,,,,,,,,,,,,,,,,,124.6,112,,,,,,,,,,,,,,,,,,
2026-07-02T18:30:18.697057+00:00,2026-07-02T18:30:18.696958,2,1,124.55,0.1,124.5,100,124.1,150,,,,,,,,,,,,,,,,,124.6,112,,,,,,,,,,,,,,,,,,
2026-07-02T18:30:18.758647+00:00,2026-07-02T18:30:18.744466,2,2,124.55,0.1,124.5,100,124.1,150,,,,,,,,,,,,,,,,,124.6,112,125.0,100,,,,,,,,,,,,,,,,
2026-07-02T18:30:18.916630+00:00,2026-07-02T18:30:18.916774,2,2,124.55,0.1,124.5,58,124.1,150,,,,,,,,,,,,,,,,,124.6,112,125.0,100,,,,,,,,,,,,,,,,
2026-07-02T18:30:18.927417+00:00,2026-07-02T18:30:18.927375,2,1,124.75,0.5,124.5,58,124.1,150,,,,,,,,,,,,,,,,,125.0,100,,,,,,,,,,,,,,,,,,
2026-07-02T18:30:18.932588+00:00,2026-07-02T18:30:18.932551,1,1,124.75,0.5,124.5,58,,,,,,,,,,,,,,,,,,,125.0,100,,,,,,,,,,,,,,,,,,
2026-07-02T18:30:18.986267+00:00,2026-07-02T18:30:18.986160,2,1,124.75,0.5,124.5,58,124.3,150,,,,,,,,,,,,,,,,,125.0,100,,,,,,,,,,,,,,,,,,
2026-07-02T18:30:19.039360+00:00,2026-07-02T18:30:19.039292,2,2,124.65,0.3,124.5,58,124.3,150,,,,,,,,,,,,,,,,,124.8,150,125.0,100,,,,,,,,,,,,,,,,
2026-07-02T18:30:20.166769+00:00,2026-07-02T18:30:20.161936,2,2,124.65,0.3,124.5,47,124.3,150,,,,,,,,,,,,,,,,,124.8,150,125.0,100,,,,,,,,,,,,,,,,
2026-07-02T18:30:20.736250+00:00,2026-07-02T18:30:20.736093,2,2,124.65,0.3,124.5,47,124.3,150,,,,,,,,,,,,,,,,,124.8,100,125.0,100,,,,,,,,,,,,,,,,
2026-07-02T18:30:21.627807+00:00,2026-07-02T18:30:21.627660,2,2,124.65,0.3,124.5,47,124.3,150,,,,,,,,,,,,,,,,,124.8,51,125.0,100,,,,,,,,,,,,,,,,
2026-07-02T18:30:21.802982+00:00,2026-07-02T18:30:21.802809,1,1,124.55,0.5,124.3,150,,,,,,,,,,,,,,,,,,,124.8,51,,,,,,,,,,,,,,,,,,
2026-07-02T18:30:21.858605+00:00,2026-07-02T18:30:21.858116,1,1,124.55,0.5,124.3,250,,,,,,,,,,,,,,,,,,,124.8,51,,,,,,,,,,,,,,,,,,
2026-07-02T18:30:21.921736+00:00,2026-07-02T18:30:21.921616,1,1,124.55,0.5,124.3,250,,,,,,,,,,,,,,,,,,,124.8,151,,,,,,,,,,,,,,,,,,
2026-07-02T18:30:22.094709+00:00,2026-07-02T18:30:22.094616,1,1,124.55,0.5,124.3,100,,,,,,,,,,,,,,,,,,,124.8,100,,,,,,,,,,,,,,,,,,
2026-07-02T18:30:22.173577+00:00,2026-07-02T18:30:22.167695,2,1,124.75,0.1,124.7,138,124.3,100,,,,,,,,,,,,,,,,,124.8,100,,,,,,,,,,,,,,,,,,
2026-07-02T18:30:22.216869+00:00,2026-07-02T18:30:22.216773,2,2,124.75,0.1,124.7,138,124.3,100,,,,,,,,,,,,,,,,,124.8,100,125.2,150,,,,,,,,,,,,,,,,
2026-07-02T18:30:22.678583+00:00,2026-07-02T18:30:22.673064,2,2,124.75,0.1,124.7,127,124.3,100,,,,,,,,,,,,,,,,,124.8,100,125.2,150,,,,,,,,,,,,,,,,
2026-07-02T18:30:22.844120+00:00,2026-07-02T18:30:22.844042,2,2,124.75,0.1,124.7,127,124.3,100,,,,,,,,,,,,,,,,,124.8,50,125.2,150,,,,,,,,,,,,,,,,
2026-07-02T18:30:23.258589+00:00,2026-07-02T18:30:23.256259,2,2,124.75,0.1,124.7,121,124.3,100,,,,,,,,,,,,,,,,,124.8,50,125.2,150,,,,,,,,,,,,,,,,
2026-07-02T18:30:23.313128+00:00,2026-07-02T18:30:23.312909,2,2,124.75,0.1,124.7,116,124.3,100,,,,,,,,,,,,,,,,,124.8,50,125.2,150,,,,,,,,,,,,,,,,
2026-07-02T18:30:23.358661+00:00,2026-07-02T18:30:23.352205,2,2,124.75,0.1,124.7,111,124.3,100,,,,,,,,,,,,,,,,,124.8,50,125.2,150,,,,,,,,,,,,,,,,
2026-07-02T18:30:23.658753+00:00,2026-07-02T18:30:23.655874,2,2,124.75,0.1,124.7,106,124.3,100,,,,,,,,,,,,,,,,,124.8,50,125.2,150,,,,,,,,,,,,,,,,
2026-07-02T18:30:24.150489+00:00,2026-07-02T18:30:24.150312,2,2,124.75,0.1,124.7,101,124.3,100,,,,,,,,,,,,,,,,,124.8,50,125.2,150,,,,,,,,,,,,,,,,
2026-07-02T18:30:24.276859+00:00,2026-07-02T18:30:24.276790,2,2,124.75,0.1,124.7,101,124.3,100,,,,,,,,,,,,,,,,,124.8,5,125.2,150,,,,,,,,,,,,,,,,
2026-07-02T18:30:24.951273+00:00,2026-07-02T18:30:24.951166,2,1,124.95,0.5,124.7,101,124.3,100,,,,,,,,,,,,,,,,,125.2,105,,,,,,,,,,,,,,,,,,
2026-07-02T18:30:24.975014+00:00,2026-07-02T18:30:24.974812,1,1,124.95,0.5,124.7,101,,,,,,,,,,,,,,,,,,,125.2,105,,,,,,,,,,,,,,,,,,
2026-07-02T18:30:25.029613+00:00,2026-07-02T18:30:25.029719,2,1,124.95,0.5,124.7,101,124.5,100,,,,,,,,,,,,,,,,,125.2,105,,,,,,,,,,,,,,,,,,
2026-07-02T18:30:25.082855+00:00,2026-07-02T18:30:25.082757,2,2,124.85,0.3,124.7,101,124.5,100,,,,,,,,,,,,,,,,,125.0,100,125.2,105,,,,,,,,,,,,,,,,
2026-07-02T18:30:25.101298+00:00,2026-07-02T18:30:25.101478,2,3,124.75,0.1,124.7,101,124.5,100,,,,,,,,,,,,,,,,,124.8,5,125.0,100,125.2,105,,,,,,,,,,,,,,
2026-07-02T18:30:25.270334+00:00,2026-07-02T18:30:25.270218,1,2,124.65,0.3,124.5,100,,,,,,,,,,,,,,,,,,,124.8,5,125.0,100,,,,,,,,,,,,,,,,
2026-07-02T18:30:25.298154+00:00,2026-07-02T18:30:25.298241,1,2,124.65,0.3,124.5,100,,,,,,,,,,,,,,,,,,,124.8,4,125.0,100,,,,,,,,,,,,,,,,
2026-07-02T18:30:25.321521+00:00,2026-07-02T18:30:25.321458,2,2,124.7,0.2,124.6,150,124.5,100,,,,,,,,,,,,,,,,,124.8,4,125.0,100,,,,,,,,,,,,,,,,
2026-07-02T18:30:25.375339+00:00,2026-07-02T18:30:25.375264,2,3,124.7,0.2,124.6,150,124.5,100,,,,,,,,,,,,,,,,,124.8,4,125.0,100,125.1,150,,,,,,,,,,,,,,
2026-07-02T18:30:26.308472+00:00,2026-07-02T18:30:26.308349,2,3,124.7,0.2,124.6,101,124.5,100,,,,,,,,,,,,,,,,,124.8,4,125.0,100,125.1,150,,,,,,,,,,,,,,
2026-07-02T18:30:27.063956+00:00,2026-07-02T18:30:27.063914,2,2,124.8,0.4,124.6,101,124.5,100,,,,,,,,,,,,,,,,,125.0,54,125.1,150,,,,,,,,,,,,,,,,
2026-07-02T18:30:27.174335+00:00,2026-07-02T18:30:27.174163,2,3,124.7,0.2,124.6,101,124.5,100,,,,,,,,,,,,,,,,,124.8,4,125.0,54,125.1,150,,,,,,,,,,,,,,
2026-07-02T18:30:27.380282+00:00,2026-07-02T18:30:27.380164,2,2,124.8,0.4,124.6,101,124.5,100,,,,,,,,,,,,,,,,,125.0,54,125.1,150,,,,,,,,,,,,,,,,
2026-07-02T18:30:27.433595+00:00,2026-07-02T18:30:27.433481,2,2,124.8,0.4,124.6,58,124.5,100,,,,,,,,,,,,,,,,,125.0,54,125.1,150,,,,,,,,,,,,,,,,
2026-07-02T18:30:27.528148+00:00,2026-07-02T18:30:27.528065,2,3,124.7,0.2,124.6,58,124.5,100,,,,,,,,,,,,,,,,,124.8,4,125.0,54,125.1,150,,,,,,,,,,,,,,
2026-07-02T18:30:28.139947+00:00,2026-07-02T18:30:28.139886,1,2,124.7,0.2,124.6,58,,,,,,,,,,,,,,,,,,,124.8,4,125.1,150,,,,,,,,,,,,,,,,
2026-07-02T18:30:28.193822+00:00,2026-07-02T18:30:28.193757,1,2,124.7,0.2,124.6,158,,,,,,,,,,,,,,,,,,,124.8,4,125.1,150,,,,,,,,,,,,,,,,
2026-07-02T18:30:28.245664+00:00,2026-07-02T18:30:28.245517,1,2,124.7,0.2,124.6,158,,,,,,,,,,,,,,,,,,,124.8,4,125.1,250,,,,,,,,,,,,,,,,
2026-07-02T18:30:28.438954+00:00,2026-07-02T18:30:28.438814,1,2,124.7,0.2,124.6,100,,,,,,,,,,,,,,,,,,,124.8,4,125.1,100,,,,,,,,,,,,,,,,
2026-07-02T18:30:28.486459+00:00,2026-07-02T18:30:28.486336,2,2,124.7,0.2,124.6,100,124.2,150,,,,,,,,,,,,,,,,,124.8,4,125.1,100,,,,,,,,,,,,,,,,
2026-07-02T18:30:28.539189+00:00,2026-07-02T18:30:28.539046,2,3,124.65,0.1,124.6,100,124.2,150,,,,,,,,,,,,,,,,,124.7,150,124.8,4,125.1,100,,,,,,,,,,,,,,
2026-07-02T18:30:29.186835+00:00,2026-07-02T18:30:29.186740,2,3,124.65,0.1,124.6,100,124.2,150,,,,,,,,,,,,,,,,,124.7,100,124.8,4,125.1,100,,,,,,,,,,,,,,
2026-07-02T18:30:29.835011+00:00,2026-07-02T18:30:29.834837,2,3,124.65,0.1,124.6,56,124.2,150,,,,,,,,,,,,,,,,,124.7,100,124.8,4,125.1,100,,,,,,,,,,,,,,
2026-07-02T18:30:31.297177+00:00,2026-07-02T18:30:31.297107,2,2,124.65,0.1,124.6,56,124.2,150,,,,,,,,,,,,,,,,,124.7,50,124.8,4,,,,,,,,,,,,,,,,
2026-07-02T18:30:31.302355+00:00,2026-07-02T18:30:31.302284,1,2,124.45,0.5,124.2,150,,,,,,,,,,,,,,,,,,,124.7,50,124.8,4,,,,,,,,,,,,,,,,
2026-07-02T18:30:31.354851+00:00,2026-07-02T18:30:31.354737,2,2,124.6,0.2,124.5,100,124.2,150,,,,,,,,,,,,,,,,,124.7,50,124.8,4,,,,,,,,,,,,,,,,
2026-07-02T18:30:31.406190+00:00,2026-07-02T18:30:31.406288,2,3,124.6,0.2,124.5,100,124.2,150,,,,,,,,,,,,,,,,,124.7,50,124.8,4,125.0,100,,,,,,,,,,,,,,
2026-07-02T18:30:31.598360+00:00,2026-07-02T18:30:31.598265,2,2,124.65,0.3,124.5,100,124.2,150,,,,,,,,,,,,,,,,,124.8,4,125.0,100,,,,,,,,,,,,,,,,
2026-07-02T18:30:31.603653+00:00,2026-07-02T18:30:31.603503,1,2,124.65,0.3,124.5,100,,,,,,,,,,,,,,,,,,,124.8,4,125.0,100,,,,,,,,,,,,,,,,
2026-07-02T18:30:31.656006+00:00,2026-07-02T18:30:31.656119,2,2,124.7,0.2,124.6,150,124.5,100,,,,,,,,,,,,,,,,,124.8,4,125.0,100,,,,,,,,,,,,,,,,
2026-07-02T18:30:31.710417+00:00,2026-07-02T18:30:31.710351,2,3,124.7,0.2,124.6,150,124.5,100,,,,,,,,,,,,,,,,,124.8,4,125.0,100,125.1,150,,,,,,,,,,,,,,
2026-07-02T18:30:33.058698+00:00,2026-07-02T18:30:33.049337,2,3,124.7,0.2,124.6,150,124.5,100,,,,,,,,,,,,,,,,,124.8,3,125.0,100,125.1,150,,,,,,,,,,,,,,
2026-07-02T18:30:33.434655+00:00,2026-07-02T18:30:33.434543,2,2,124.8,0.4,124.6,150,124.5,100,,,,,,,,,,,,,,,,,125.0,53,125.1,150,,,,,,,,,,,,,,,,
2026-07-02T18:30:34.458624+00:00,2026-07-02T18:30:34.456148,1,1,124.85,0.5,124.6,150,,,,,,,,,,,,,,,,,,,125.1,150,,,,,,,,,,,,,,,,,,
2026-07-02T18:30:34.514688+00:00,2026-07-02T18:30:34.514644,1,1,124.85,0.5,124.6,250,,,,,,,,,,,,,,,,,,,125.1,150,,,,,,,,,,,,,,,,,,
2026-07-02T18:30:34.558569+00:00,2026-07-02T18:30:34.558257,1,1,124.85,0.5,124.6,250,,,,,,,,,,,,,,,,,,,125.1,250,,,,,,,,,,,,,,,,,,
2026-07-02T18:30:34.764054+00:00,2026-07-02T18:30:34.763988,1,1,124.85,0.5,124.6,100,,,,,,,,,,,,,,,,,,,125.1,100,,,,,,,,,,,,,,,,,,
2026-07-02T18:30:34.819154+00:00,2026-07-02T18:30:34.819037,2,1,124.85,0.5,124.6,100,124.5,150,,,,,,,,,,,,,,,,,125.1,100,,,,,,,,,,,,,,,,,,
2026-07-02T18:30:34.871330+00:00,2026-07-02T18:30:34.871221,2,2,124.8,0.4,124.6,100,124.5,150,,,,,,,,,,,,,,,,,125.0,150,125.1,100,,,,,,,,,,,,,,,,
2026-07-02T18:30:36.158656+00:00,2026-07-02T18:30:36.152131,2,3,124.75,0.3,124.6,100,124.5,150,,,,,,,,,,,,,,,,,124.9,3,125.0,150,125.1,100,,,,,,,,,,,,,,
2026-07-02T18:30:37.507615+00:00,2026-07-02T18:30:37.507564,2,2,124.8,0.4,124.6,100,124.5,150,,,,,,,,,,,,,,,,,125.0,112,125.1,100,,,,,,,,,,,,,,,,
2026-07-02T18:30:37.658649+00:00,2026-07-02T18:30:37.652586,1,1,124.75,0.5,124.5,150,,,,,,,,,,,,,,,,,,,125.0,112,,,,,,,,,,,,,,,,,,
2026-07-02T18:30:37.716603+00:00,2026-07-02T18:30:37.716445,2,1,124.8,0.4,124.6,100,124.5,150,,,,,,,,,,,,,,,,,125.0,112,,,,,,,,,,,,,,,,,,
2026-07-02T18:30:37.776509+00:00,2026-07-02T18:30:37.776367,2,2,124.8,0.4,124.6,100,124.5,150,,,,,,,,,,,,,,,,,125.0,112,125.1,100,,,,,,,,,,,,,,,,
2026-07-02T18:30:37.924562+00:00,2026-07-02T18:30:37.924502,1,1,124.85,0.5,124.6,100,,,,,,,,,,,,,,,,,,,125.1,100,,,,,,,,,,,,,,,,,,
2026-07-02T18:30:37.980000+00:00,2026-07-02T18:30:37.979876,2,1,124.9,0.4,124.7,150,124.6,100,,,,,,,,,,,,,,,,,125.1,100,,,,,,,,,,,,,,,,,,
2026-07-02T18:30:38.031510+00:00,2026-07-02T18:30:38.031443,2,2,124.9,0.4,124.7,150,124.6,100,,,,,,,,,,,,,,,,,125.1,100,125.2,150,,,,,,,,,,,,,,,,
2026-07-02T18:30:38.419081+00:00,2026-07-02T18:30:38.411924,2,2,124.9,0.4,124.7,147,124.6,100,,,,,,,,,,,,,,,,,125.1,100,125.2,150,,,,,,,,,,,,,,,,
2026-07-02T18:30:38.934230+00:00,2026-07-02T18:30:38.934388,2,3,124.85,0.3,124.7,147,124.6,100,,,,,,,,,,,,,,,,,125.0,3,125.1,100,125.2,150,,,,,,,,,,,,,,
2026-07-02T18:30:39.772384+00:00,2026-07-02T18:30:39.772548,2,2,124.9,0.4,124.7,147,124.6,100,,,,,,,,,,,,,,,,,125.1,53,125.2,150,,,,,,,,,,,,,,,,
2026-07-02T18:30:40.558640+00:00,2026-07-02T18:30:40.554663,2,3,124.85,0.3,124.7,147,124.6,100,,,,,,,,,,,,,,,,,125.0,3,125.1,53,125.2,150,,,,,,,,,,,,,,
2026-07-02T18:30:40.832099+00:00,2026-07-02T18:30:40.832051,1,2,124.85,0.3,124.7,147,,,,,,,,,,,,,,,,,,,125.0,3,125.2,150,,,,,,,,,,,,,,,,
2026-07-02T18:30:40.886018+00:00,2026-07-02T18:30:40.885970,2,2,124.85,0.3,124.7,147,124.6,100,,,,,,,,,,,,,,,,,125.0,3,125.2,150,,,,,,,,,,,,,,,,
2026-07-02T18:30:40.938833+00:00,2026-07-02T18:30:40.938746,2,3,124.85,0.3,124.7,147,124.6,100,,,,,,,,,,,,,,,,,125.0,3,125.1,100,125.2,150,,,,,,,,,,,,,,
2026-07-02T18:30:40.987563+00:00,2026-07-02T18:30:40.987339,2,3,124.85,0.3,124.7,147,124.6,100,,,,,,,,,,,,,,,,,125.0,1,125.1,100,125.2,150,,,,,,,,,,,,,,
2026-07-02T18:30:41.084161+00:00,2026-07-02T18:30:41.084051,1,2,124.8,0.4,124.6,100,,,,,,,,,,,,,,,,,,,125.0,1,125.1,100,,,,,,,,,,,,,,,,
2026-07-02T18:30:41.138970+00:00,2026-07-02T18:30:41.138871,2,2,124.85,0.3,124.7,150,124.6,100,,,,,,,,,,,,,,,,,125.0,1,125.1,100,,,,,,,,,,,,,,,,
2026-07-02T18:30:41.192833+00:00,2026-07-02T18:30:41.192729,2,3,124.85,0.3,124.7,150,124.6,100,,,,,,,,,,,,,,,,,125.0,1,125.1,100,125.2,150,,,,,,,,,,,,,,
2026-07-02T18:30:41.823860+00:00,2026-07-02T18:30:41.823804,2,2,124.9,0.4,124.7,150,124.6,100,,,,,,,,,,,,,,,,,125.1,53,125.2,150,,,,,,,,,,,,,,,,
2026-07-02T18:30:41.947690+00:00,2026-07-02T18:30:41.947637,2,2,124.9,0.4,124.7,100,124.6,100,,,,,,,,,,,,,,,,,125.1,53,125.2,150,,,,,,,,,,,,,,,,
2026-07-02T18:30:43.407240+00:00,2026-07-02T18:30:43.407387,2,2,124.9,0.4,124.7,52,124.6,100,,,,,,,,,,,,,,,,,125.1,53,125.2,150,,,,,,,,,,,,,,,,
2026-07-02T18:30:43.989746+00:00,2026-07-02T18:30:43.989681,1,1,124.95,0.5,124.7,52,,,,,,,,,,,,,,,,,,,125.2,150,,,,,,,,,,,,,,,,,,
2026-07-02T18:30:44.067855+00:00,2026-07-02T18:30:44.048188,2,1,125.05,0.3,124.9,50,124.7,52,,,,,,,,,,,,,,,,,125.2,150,,,,,,,,,,,,,,,,,,
2026-07-02T18:30:44.102442+00:00,2026-07-02T18:30:44.102558,2,2,125.05,0.3,124.9,50,124.7,52,,,,,,,,,,,,,,,,,125.2,150,125.4,100,,,,,,,,,,,,,,,,
2026-07-02T18:30:44.246548+00:00,2026-07-02T18:30:44.246474,1,1,125.15,0.5,124.9,50,,,,,,,,,,,,,,,,,,,125.4,100,,,,,,,,,,,,,,,,,,
2026-07-02T18:30:44.301021+00:00,2026-07-02T18:30:44.300862,2,1,125.15,0.5,124.9,50,124.3,150,,,,,,,,,,,,,,,,,125.4,100,,,,,,,,,,,,,,,,,,
2026-07-02T18:30:44.358654+00:00,2026-07-02T18:30:44.353684,1,2,124.55,0.5,124.3,150,,,,,,,,,,,,,,,,,,,124.8,100,125.4,100,,,,,,,,,,,,,,,,
2026-07-02T18:30:46.168947+00:00,2026-07-02T18:30:46.168822,1,2,124.55,0.5,124.3,100,,,,,,,,,,,,,,,,,,,124.8,100,125.4,100,,,,,,,,,,,,,,,,
2026-07-02T18:30:46.464103+00:00,2026-07-02T18:30:46.464013,2,3,124.75,0.1,124.7,3,124.3,100,,,,,,,,,,,,,,,,,124.8,100,125.0,1,125.4,100,,,,,,,,,,,,,,
2026-07-02T18:30:47.156208+00:00,2026-07-02T18:30:47.156355,2,2,124.75,0.1,124.7,3,124.3,100,,,,,,,,,,,,,,,,,124.8,100,125.0,1,,,,,,,,,,,,,,,,
2026-07-02T18:30:47.210728+00:00,2026-07-02T18:30:47.210626,3,2,124.75,0.1,124.7,3,124.5,100,124.3,100,,,,,,,,,,,,,,,124.8,100,125.0,1,,,,,,,,,,,,,,,,
2026-07-02T18:30:47.264299+00:00,2026-07-02T18:30:47.264228,3,2,124.75,0.1,124.7,3,124.5,100,124.3,100,,,,,,,,,,,,,,,124.8,100,125.0,101,,,,,,,,,,,,,,,,
2026-07-02T18:30:47.410674+00:00,2026-07-02T18:30:47.410578,2,1,124.85,0.3,124.7,3,124.5,100,,,,,,,,,,,,,,,,,125.0,101,,,,,,,,,,,,,,,,,,
2026-07-02T18:30:47.465062+00:00,2026-07-02T18:30:47.464934,3,1,124.85,0.3,124.7,3,124.5,100,124.2,150,,,,,,,,,,,,,,,125.0,101,,,,,,,,,,,,,,,,,,
2026-07-02T18:30:47.498162+00:00,2026-07-02T18:30:47.498333,2,1,124.75,0.5,124.5,55,124.2,150,,,,,,,,,,,,,,,,,125.0,101,,,,,,,,,,,,,,,,,,
2026-07-02T18:30:47.518670+00:00,2026-07-02T18:30:47.518553,2,2,124.6,0.2,124.5,55,124.2,150,,,,,,,,,,,,,,,,,124.7,150,125.0,101,,,,,,,,,,,,,,,,
2026-07-02T18:30:47.731006+00:00,2026-07-02T18:30:47.731082,2,2,124.6,0.2,124.5,55,124.2,150,,,,,,,,,,,,,,,,,124.7,150,125.0,100,,,,,,,,,,,,,,,,
2026-07-02T18:30:48.269911+00:00,2026-07-02T18:30:48.269773,2,2,124.6,0.2,124.5,5,124.2,150,,,,,,,,,,,,,,,,,124.7,150,125.0,100,,,,,,,,,,,,,,,,
2026-07-02T18:30:49.480071+00:00,2026-07-02T18:30:49.479938,2,2,124.6,0.2,124.5,5,124.2,150,,,,,,,,,,,,,,,,,124.7,107,125.0,100,,,,,,,,,,,,,,,,
2026-07-02T18:30:49.999797+00:00,2026-07-02T18:30:49.999643,2,2,124.6,0.2,124.5,5,124.2,150,,,,,,,,,,,,,,,,,124.7,58,125.0,100,,,,,,,,,,,,,,,,
2026-07-02T18:30:50.319219+00:00,2026-07-02T18:30:50.319106,1,1,124.45,0.5,124.2,150,,,,,,,,,,,,,,,,,,,124.7,58,,,,,,,,,,,,,,,,,,
2026-07-02T18:30:50.380732+00:00,2026-07-02T18:30:50.380620,2,1,124.5,0.4,124.3,50,124.2,150,,,,,,,,,,,,,,,,,124.7,58,,,,,,,,,,,,,,,,,,
2026-07-02T18:30:50.432149+00:00,2026-07-02T18:30:50.432066,2,2,124.5,0.4,124.3,50,124.2,150,,,,,,,,,,,,,,,,,124.7,58,124.8,100,,,,,,,,,,,,,,,,
2026-07-02T18:30:50.572844+00:00,2026-07-02T18:30:50.572721,2,1,124.7,0.2,124.6,2,124.3,50,,,,,,,,,,,,,,,,,124.8,100,,,,,,,,,,,,,,,,,,
2026-07-02T18:30:50.591142+00:00,2026-07-02T18:30:50.591086,2,2,124.7,0.2,124.6,2,124.3,50,,,,,,,,,,,,,,,,,124.8,100,124.9,2,,,,,,,,,,,,,,,,
2026-07-02T18:30:50.626093+00:00,2026-07-02T18:30:50.626183,2,2,124.7,0.2,124.6,152,124.3,50,,,,,,,,,,,,,,,,,124.8,100,124.9,2,,,,,,,,,,,,,,,,
2026-07-02T18:30:50.682785+00:00,2026-07-02T18:30:50.682973,2,3,124.7,0.2,124.6,152,124.3,50,,,,,,,,,,,,,,,,,124.8,100,124.9,2,125.1,150,,,,,,,,,,,,,,
2026-07-02T18:30:51.149837+00:00,2026-07-02T18:30:51.149734,2,3,124.7,0.2,124.6,111,124.3,50,,,,,,,,,,,,,,,,,124.8,100,124.9,2,125.1,150,,,,,,,,,,,,,,
2026-07-02T18:30:51.170467+00:00,2026-07-02T18:30:51.170425,2,3,124.7,0.2,124.6,113,124.3,50,,,,,,,,,,,,,,,,,124.8,100,124.9,2,125.1,150,,,,,,,,,,,,,,
2026-07-02T18:30:52.434935+00:00,2026-07-02T18:30:52.434864,2,3,124.7,0.2,124.6,113,124.3,50,,,,,,,,,,,,,,,,,124.8,50,124.9,2,125.1,150,,,,,,,,,,,,,,
2026-07-02T18:30:52.690550+00:00,2026-07-02T18:30:52.690489,2,3,124.7,0.2,124.6,112,124.3,50,,,,,,,,,,,,,,,,,124.8,50,124.9,2,125.1,150,,,,,,,,,,,,,,
2026-07-02T18:30:53.488799+00:00,2026-07-02T18:30:53.488749,1,2,124.75,0.3,124.6,112,,,,,,,,,,,,,,,,,,,124.9,2,125.1,150,,,,,,,,,,,,,,,,
2026-07-02T18:30:53.543131+00:00,2026-07-02T18:30:53.543060,2,2,124.75,0.3,124.6,112,124.2,100,,,,,,,,,,,,,,,,,124.9,2,125.1,150,,,,,,,,,,,,,,,,
2026-07-02T18:30:53.595818+00:00,2026-07-02T18:30:53.595776,2,3,124.65,0.1,124.6,112,124.2,100,,,,,,,,,,,,,,,,,124.7,100,124.9,2,125.1,150,,,,,,,,,,,,,,
2026-07-02T18:30:53.701305+00:00,2026-07-02T18:30:53.701146,2,3,124.65,0.1,124.6,112,124.2,100,,,,,,,,,,,,,,,,,124.7,51,124.9,2,125.1,150,,,,,,,,,,,,,,
2026-07-02T18:30:53.737868+00:00,2026-07-02T18:30:53.737846,2,2,124.65,0.1,124.6,1,124.2,100,,,,,,,,,,,,,,,,,124.7,51,124.9,2,,,,,,,,,,,,,,,,
2026-07-02T18:30:53.791985+00:00,2026-07-02T18:30:53.791883,3,2,124.65,0.1,124.6,1,124.4,150,124.2,100,,,,,,,,,,,,,,,124.7,51,124.9,2,,,,,,,,,,,,,,,,
2026-07-02T18:30:53.845865+00:00,2026-07-02T18:30:53.845814,3,2,124.65,0.1,124.6,1,124.4,150,124.2,100,,,,,,,,,,,,,,,124.7,51,124.9,152,,,,,,,,,,,,,,,,
2026-07-02T18:30:54.822582+00:00,2026-07-02T18:30:54.822398,3,2,124.65,0.1,124.6,1,124.4,150,124.2,100,,,,,,,,,,,,,,,124.7,51,124.9,151,,,,,,,,,,,,,,,,
2026-07-02T18:30:56.647924+00:00,2026-07-02T18:30:56.647889,2,1,124.75,0.3,124.6,1,124.4,150,,,,,,,,,,,,,,,,,124.9,151,,,,,,,,,,,,,,,,,,
2026-07-02T18:30:56.658619+00:00,2026-07-02T18:30:56.653577,2,1,124.75,0.3,124.6,1,124.4,150,,,,,,,,,,,,,,,,,124.9,101,,,,,,,,,,,,,,,,,,
2026-07-02T18:30:56.677928+00:00,2026-07-02T18:30:56.677858,2,1,124.75,0.3,124.6,1,124.4,150,,,,,,,,,,,,,,,,,124.9,102,,,,,,,,,,,,,,,,,,
2026-07-02T18:30:56.704875+00:00,2026-07-02T18:30:56.704761,2,1,124.75,0.3,124.6,1,124.4,250,,,,,,,,,,,,,,,,,124.9,102,,,,,,,,,,,,,,,,,,
2026-07-02T18:30:56.756403+00:00,2026-07-02T18:30:56.756307,2,1,124.75,0.3,124.6,1,124.4,250,,,,,,,,,,,,,,,,,124.9,202,,,,,,,,,,,,,,,,,,
2026-07-02T18:30:56.906723+00:00,2026-07-02T18:30:56.906632,2,1,124.75,0.3,124.6,1,124.4,100,,,,,,,,,,,,,,,,,124.9,101,,,,,,,,,,,,,,,,,,
2026-07-02T18:30:56.958703+00:00,2026-07-02T18:30:56.953178,3,1,124.8,0.2,124.7,150,124.6,1,124.4,100,,,,,,,,,,,,,,,124.9,101,,,,,,,,,,,,,,,,,,
2026-07-02T18:30:57.035790+00:00,2026-07-02T18:30:57.035693,3,2,124.8,0.2,124.7,150,124.6,1,124.4,100,,,,,,,,,,,,,,,124.9,101,125.2,150,,,,,,,,,,,,,,,,
2026-07-02T18:30:59.809473+00:00,2026-07-02T18:30:59.809398,2,2,124.8,0.2,124.7,150,124.6,1,,,,,,,,,,,,,,,,,124.9,1,125.2,150,,,,,,,,,,,,,,,,
2026-07-02T18:30:59.826751+00:00,2026-07-02T18:30:59.826940,2,2,124.8,0.2,124.7,109,124.6,1,,,,,,,,,,,,,,,,,124.9,1,125.2,150,,,,,,,,,,,,,,,,
2026-07-02T18:30:59.863875+00:00,2026-07-02T18:30:59.863778,2,2,124.8,0.2,124.7,109,124.6,101,,,,,,,,,,,,,,,,,124.9,1,125.2,150,,,,,,,,,,,,,,,,
2026-07-02T18:30:59.916158+00:00,2026-07-02T18:30:59.916115,2,3,124.8,0.2,124.7,109,124.6,101,,,,,,,,,,,,,,,,,124.9,1,125.1,100,125.2,150,,,,,,,,,,,,,,
2026-07-02T18:31:00.095479+00:00,2026-07-02T18:31:00.095310,1,2,124.75,0.3,124.6,101,,,,,,,,,,,,,,,,,,,124.9,1,125.1,100,,,,,,,,,,,,,,,,
2026-07-02T18:31:00.149279+00:00,2026-07-02T18:31:00.149217,1,2,124.75,0.3,124.6,251,,,,,,,,,,,,,,,,,,,124.9,1,125.1,100,,,,,,,,,,,,,,,,
2026-07-02T18:31:00.202247+00:00,2026-07-02T18:31:00.202150,1,2,124.75,0.3,124.6,251,,,,,,,,,,,,,,,,,,,124.9,1,125.1,250,,,,,,,,,,,,,,,,
2026-07-02T18:31:00.345760+00:00,2026-07-02T18:31:00.345627,1,1,124.85,0.5,124.6,251,,,,,,,,,,,,,,,,,,,125.1,207,,,,,,,,,,,,,,,,,,
2026-07-02T18:31:00.390947+00:00,2026-07-02T18:31:00.390907,1,2,124.8,0.4,124.6,251,,,,,,,,,,,,,,,,,,,125.0,2,125.1,207,,,,,,,,,,,,,,,,
2026-07-02T18:31:00.928877+00:00,2026-07-02T18:31:00.928692,1,2,124.8,0.4,124.6,201,,,,,,,,,,,,,,,,,,,125.0,2,125.1,207,,,,,,,,,,,,,,,,
2026-07-02T18:31:01.366421+00:00,2026-07-02T18:31:01.366319,2,2,124.85,0.3,124.7,2,124.6,201,,,,,,,,,,,,,,,,,125.0,2,125.1,207,,,,,,,,,,,,,,,,
2026-07-02T18:31:01.737126+00:00,2026-07-02T18:31:01.737002,1,2,124.8,0.4,124.6,163,,,,,,,,,,,,,,,,,,,125.0,2,125.1,207,,,,,,,,,,,,,,,,
2026-07-02T18:31:02.449140+00:00,2026-07-02T18:31:02.449053,2,2,124.85,0.3,124.7,1,124.6,163,,,,,,,,,,,,,,,,,125.0,2,125.1,207,,,,,,,,,,,,,,,,
2026-07-02T18:31:02.805724+00:00,2026-07-02T18:31:02.805580,1,2,124.8,0.4,124.6,124,,,,,,,,,,,,,,,,,,,125.0,2,125.1,207,,,,,,,,,,,,,,,,
2026-07-02T18:31:02.835890+00:00,2026-07-02T18:31:02.826783,2,2,124.85,0.3,124.7,1,124.6,124,,,,,,,,,,,,,,,,,125.0,2,125.1,207,,,,,,,,,,,,,,,,
2026-07-02T18:31:02.970699+00:00,2026-07-02T18:31:02.970606,2,2,124.85,0.3,124.7,1,124.6,124,,,,,,,,,,,,,,,,,125.0,2,125.1,150,,,,,,,,,,,,,,,,
2026-07-02T18:31:02.981109+00:00,2026-07-02T18:31:02.981045,2,1,124.9,0.4,124.7,1,124.6,124,,,,,,,,,,,,,,,,,125.1,102,,,,,,,,,,,,,,,,,,
2026-07-02T18:31:03.024911+00:00,2026-07-02T18:31:03.024844,3,1,124.9,0.4,124.7,1,124.6,124,124.4,100,,,,,,,,,,,,,,,125.1,102,,,,,,,,,,,,,,,,,,
2026-07-02T18:31:03.097117+00:00,2026-07-02T18:31:03.096956,3,2,124.8,0.2,124.7,1,124.6,124,124.4,100,,,,,,,,,,,,,,,124.9,100,125.1,102,,,,,,,,,,,,,,,,
2026-07-02T18:31:03.258608+00:00,2026-07-02T18:31:03.253058,2,1,124.8,0.2,124.7,1,124.4,100,,,,,,,,,,,,,,,,,124.9,100,,,,,,,,,,,,,,,,,,
2026-07-02T18:31:03.304769+00:00,2026-07-02T18:31:03.304680,2,2,124.8,0.2,124.7,1,124.4,100,,,,,,,,,,,,,,,,,124.9,100,125.0,2,,,,,,,,,,,,,,,,
2026-07-02T18:31:03.315187+00:00,2026-07-02T18:31:03.315158,3,2,124.85,0.1,124.8,150,124.7,1,124.4,100,,,,,,,,,,,,,,,124.9,100,125.0,2,,,,,,,,,,,,,,,,
2026-07-02T18:31:03.365949+00:00,2026-07-02T18:31:03.365856,3,3,124.85,0.1,124.8,150,124.7,1,124.4,100,,,,,,,,,,,,,,,124.9,100,125.0,2,125.3,150,,,,,,,,,,,,,,
2026-07-02T18:31:04.313228+00:00,2026-07-02T18:31:04.313166,3,3,124.85,0.1,124.8,150,124.7,1,124.4,100,,,,,,,,,,,,,,,124.9,57,125.0,2,125.3,150,,,,,,,,,,,,,,
2026-07-02T18:31:04.368907+00:00,2026-07-02T18:31:04.368850,3,3,124.85,0.1,124.8,106,124.7,1,124.4,100,,,,,,,,,,,,,,,124.9,57,125.0,2,125.3,150,,,,,,,,,,,,,,
2026-07-02T18:31:05.090330+00:00,2026-07-02T18:31:05.090175,3,3,124.85,0.1,124.8,106,124.7,1,124.4,100,,,,,,,,,,,,,,,124.9,7,125.0,2,125.3,150,,,,,,,,,,,,,,
2026-07-02T18:31:06.164049+00:00,2026-07-02T18:31:06.163919,2,2,124.9,0.2,124.8,106,124.7,1,,,,,,,,,,,,,,,,,125.0,2,125.3,150,,,,,,,,,,,,,,,,
2026-07-02T18:31:06.208938+00:00,2026-07-02T18:31:06.208841,2,2,124.9,0.2,124.8,106,124.7,101,,,,,,,,,,,,,,,,,125.0,2,125.3,150,,,,,,,,,,,,,,,,
2026-07-02T18:31:06.261320+00:00,2026-07-02T18:31:06.261201,2,1,125.05,0.5,124.8,106,124.7,101,,,,,,,,,,,,,,,,,125.3,110,,,,,,,,,,,,,,,,,,
2026-07-02T18:31:06.266497+00:00,2026-07-02T18:31:06.266407,2,2,125.0,0.4,124.8,106,124.7,101,,,,,,,,,,,,,,,,,125.2,100,125.3,110,,,,,,,,,,,,,,,,
2026-07-02T18:31:06.280691+00:00,2026-07-02T18:31:06.280620,2,3,124.9,0.2,124.8,106,124.7,101,,,,,,,,,,,,,,,,,125.0,2,125.2,100,125.3,110,,,,,,,,,,,,,,
2026-07-02T18:31:06.423921+00:00,2026-07-02T18:31:06.424137,1,2,124.85,0.3,124.7,101,,,,,,,,,,,,,,,,,,,125.0,2,125.2,100,,,,,,,,,,,,,,,,
2026-07-02T18:31:06.478970+00:00,2026-07-02T18:31:06.478850,2,2,124.9,0.2,124.8,150,124.7,101,,,,,,,,,,,,,,,,,125.0,2,125.2,100,,,,,,,,,,,,,,,,
2026-07-02T18:31:06.484194+00:00,2026-07-02T18:31:06.484143,2,2,124.95,0.3,124.8,150,124.7,101,,,,,,,,,,,,,,,,,125.1,2,125.2,100,,,,,,,,,,,,,,,,
2026-07-02T18:31:06.531998+00:00,2026-07-02T18:31:06.531879,2,3,124.95,0.3,124.8,150,124.7,101,,,,,,,,,,,,,,,,,125.1,2,125.2,100,125.3,150,,,,,,,,,,,,,,
2026-07-02T18:31:06.788776+00:00,2026-07-02T18:31:06.788648,2,2,125.0,0.4,124.8,150,124.7,101,,,,,,,,,,,,,,,,,125.2,54,125.3,150,,,,,,,,,,,,,,,,
2026-07-02T18:31:06.808013+00:00,2026-07-02T18:31:06.807987,2,3,124.95,0.3,124.8,150,124.7,101,,,,,,,,,,,,,,,,,125.1,1,125.2,54,125.3,150,,,,,,,,,,,,,,
2026-07-02T18:31:06.844400+00:00,2026-07-02T18:31:06.844333,2,3,124.95,0.3,124.8,110,124.7,101,,,,,,,,,,,,,,,,,125.1,1,125.2,54,125.3,150,,,,,,,,,,,,,,
2026-07-02T18:31:07.196269+00:00,2026-07-02T18:31:07.196232,2,2,125.0,0.4,124.8,110,124.7,101,,,,,,,,,,,,,,,,,125.2,5,125.3,150,,,,,,,,,,,,,,,,
2026-07-02T18:31:07.215092+00:00,2026-07-02T18:31:07.215030,2,3,124.95,0.3,124.8,110,124.7,101,,,,,,,,,,,,,,,,,125.1,1,125.2,5,125.3,150,,,,,,,,,,,,,,
2026-07-02T18:31:08.492894+00:00,2026-07-02T18:31:08.492831,2,2,125.0,0.4,124.8,110,124.7,101,,,,,,,,,,,,,,,,,125.2,5,125.3,150,,,,,,,,,,,,,,,,
2026-07-02T18:31:08.991446+00:00,2026-07-02T18:31:08.991412,2,2,125.0,0.4,124.8,63,124.7,101,,,,,,,,,,,,,,,,,125.2,5,125.3,150,,,,,,,,,,,,,,,,
2026-07-02T18:31:09.302111+00:00,2026-07-02T18:31:09.302064,2,1,125.05,0.5,124.8,63,124.7,101,,,,,,,,,,,,,,,,,125.3,105,,,,,,,,,,,,,,,,,,
2026-07-02T18:31:09.322707+00:00,2026-07-02T18:31:09.322635,2,1,125.05,0.5,124.8,63,124.7,1,,,,,,,,,,,,,,,,,125.3,105,,,,,,,,,,,,,,,,,,
2026-07-02T18:31:09.369040+00:00,2026-07-02T18:31:09.368960,1,1,125.05,0.5,124.8,63,,,,,,,,,,,,,,,,,,,125.3,105,,,,,,,,,,,,,,,,,,
2026-07-02T18:31:09.379465+00:00,2026-07-02T18:31:09.379294,2,1,125.15,0.3,125.0,100,124.8,63,,,,,,,,,,,,,,,,,125.3,105,,,,,,,,,,,,,,,,,,
2026-07-02T18:31:09.430735+00:00,2026-07-02T18:31:09.430596,2,2,125.15,0.3,125.0,100,124.8,63,,,,,,,,,,,,,,,,,125.3,105,125.5,100,,,,,,,,,,,,,,,,
2026-07-02T18:31:09.586143+00:00,2026-07-02T18:31:09.586093,1,1,125.25,0.5,125.0,100,,,,,,,,,,,,,,,,,,,125.5,100,,,,,,,,,,,,,,,,,,
2026-07-02T18:31:09.641015+00:00,2026-07-02T18:31:09.640983,2,1,125.25,0.5,125.0,100,124.6,150,,,,,,,,,,,,,,,,,125.5,100,,,,,,,,,,,,,,,,,,
2026-07-02T18:31:09.693911+00:00,2026-07-02T18:31:09.693793,2,2,125.05,0.1,125.0,100,124.6,150,,,,,,,,,,,,,,,,,125.1,150,125.5,100,,,,,,,,,,,,,,,,
2026-07-02T18:31:11.408698+00:00,2026-07-02T18:31:11.408647,2,2,125.05,0.1,125.0,100,124.6,150,,,,,,,,,,,,,,,,,125.1,100,125.5,100,,,,,,,,,,,,,,,,
2026-07-02T18:31:12.221515+00:00,2026-07-02T18:31:12.216637,2,2,125.05,0.1,125.0,97,124.6,150,,,,,,,,,,,,,,,,,125.1,100,125.5,100,,,,,,,,,,,,,,,,
2026-07-02T18:31:12.485622+00:00,2026-07-02T18:31:12.485593,2,1,125.05,0.1,125.0,97,124.6,150,,,,,,,,,,,,,,,,,125.1,100,,,,,,,,,,,,,,,,,,
2026-07-02T18:31:12.490922+00:00,2026-07-02T18:31:12.490768,1,1,124.85,0.5,124.6,150,,,,,,,,,,,,,,,,,,,125.1,100,,,,,,,,,,,,,,,,,,
2026-07-02T18:31:12.541524+00:00,2026-07-02T18:31:12.541464,2,1,124.95,0.3,124.8,100,124.6,150,,,,,,,,,,,,,,,,,125.1,100,,,,,,,,,,,,,,,,,,
2026-07-02T18:31:12.593838+00:00,2026-07-02T18:31:12.593750,2,2,124.95,0.3,124.8,100,124.6,150,,,,,,,,,,,,,,,,,125.1,100,125.3,100,,,,,,,,,,,,,,,,
2026-07-02T18:31:12.758569+00:00,2026-07-02T18:31:12.757426,1,1,125.05,0.5,124.8,100,,,,,,,,,,,,,,,,,,,125.3,100,,,,,,,,,,,,,,,,,,
2026-07-02T18:31:12.810020+00:00,2026-07-02T18:31:12.810170,2,1,125.05,0.5,124.8,100,124.5,150,,,,,,,,,,,,,,,,,125.3,100,,,,,,,,,,,,,,,,,,
2026-07-02T18:31:12.865995+00:00,2026-07-02T18:31:12.865829,2,2,124.9,0.2,124.8,100,124.5,150,,,,,,,,,,,,,,,,,125.0,150,125.3,100,,,,,,,,,,,,,,,,
2026-07-02T18:31:13.571692+00:00,2026-07-02T18:31:13.571612,2,2,124.9,0.2,124.8,50,124.5,150,,,,,,,,,,,,,,,,,125.0,150,125.3,100,,,,,,,,,,,,,,,,
2026-07-02T18:31:13.978297+00:00,2026-07-02T18:31:13.978227,2,2,124.9,0.2,124.8,50,124.5,150,,,,,,,,,,,,,,,,,125.0,106,125.3,100,,,,,,,,,,,,,,,,
2026-07-02T18:31:15.648776+00:00,2026-07-02T18:31:15.648697,2,1,124.9,0.2,124.8,50,124.5,150,,,,,,,,,,,,,,,,,125.0,106,,,,,,,,,,,,,,,,,,
2026-07-02T18:31:15.653966+00:00,2026-07-02T18:31:15.653889,1,1,124.75,0.5,124.5,150,,,,,,,,,,,,,,,,,,,125.0,106,,,,,,,,,,,,,,,,,,
2026-07-02T18:31:15.677503+00:00,2026-07-02T18:31:15.677476,1,1,124.75,0.5,124.5,100,,,,,,,,,,,,,,,,,,,125.0,106,,,,,,,,,,,,,,,,,,
2026-07-02T18:31:15.703439+00:00,2026-07-02T18:31:15.703618,2,1,124.8,0.4,124.6,100,124.5,100,,,,,,,,,,,,,,,,,125.0,106,,,,,,,,,,,,,,,,,,
2026-07-02T18:31:15.758601+00:00,2026-07-02T18:31:15.755515,2,2,124.8,0.4,124.6,100,124.5,100,,,,,,,,,,,,,,,,,125.0,106,125.1,100,,,,,,,,,,,,,,,,
2026-07-02T18:31:15.918901+00:00,2026-07-02T18:31:15.918714,1,1,124.85,0.5,124.6,100,,,,,,,,,,,,,,,,,,,125.1,100,,,,,,,,,,,,,,,,,,
2026-07-02T18:31:15.973039+00:00,2026-07-02T18:31:15.972851,1,1,124.85,0.5,124.6,250,,,,,,,,,,,,,,,,,,,125.1,100,,,,,,,,,,,,,,,,,,
2026-07-02T18:31:16.025273+00:00,2026-07-02T18:31:16.025209,1,1,124.85,0.5,124.6,250,,,,,,,,,,,,,,,,,,,125.1,250,,,,,,,,,,,,,,,,,,
2026-07-02T18:31:16.676043+00:00,2026-07-02T18:31:16.675927,1,1,124.85,0.5,124.6,250,,,,,,,,,,,,,,,,,,,125.1,202,,,,,,,,,,,,,,,,,,
2026-07-02T18:31:17.779844+00:00,2026-07-02T18:31:17.779744,1,1,124.85,0.5,124.6,200,,,,,,,,,,,,,,,,,,,125.1,202,,,,,,,,,,,,,,,,,,
2026-07-02T18:31:18.471309+00:00,2026-07-02T18:31:18.471481,1,1,124.85,0.5,124.6,200,,,,,,,,,,,,,,,,,,,125.1,205,,,,,,,,,,,,,,,,,,
2026-07-02T18:31:18.815634+00:00,2026-07-02T18:31:18.815417,1,1,124.85,0.5,124.6,150,,,,,,,,,,,,,,,,,,,125.1,153,,,,,,,,,,,,,,,,,,
2026-07-02T18:31:18.847887+00:00,2026-07-02T18:31:18.847776,1,1,124.85,0.5,124.6,106,,,,,,,,,,,,,,,,,,,125.1,153,,,,,,,,,,,,,,,,,,
2026-07-02T18:31:18.869966+00:00,2026-07-02T18:31:18.869882,2,1,124.85,0.5,124.6,106,124.5,100,,,,,,,,,,,,,,,,,125.1,153,,,,,,,,,,,,,,,,,,
2026-07-02T18:31:18.919881+00:00,2026-07-02T18:31:18.919755,2,2,124.8,0.4,124.6,106,124.5,100,,,,,,,,,,,,,,,,,125.0,100,125.1,153,,,,,,,,,,,,,,,,
2026-07-02T18:31:19.084955+00:00,2026-07-02T18:31:19.084842,2,2,124.8,0.4,124.6,106,124.5,100,,,,,,,,,,,,,,,,,125.0,100,125.1,3,,,,,,,,,,,,,,,,
2026-07-02T18:31:19.090181+00:00,2026-07-02T18:31:19.090019,1,2,124.75,0.5,124.5,100,,,,,,,,,,,,,,,,,,,125.0,100,125.1,3,,,,,,,,,,,,,,,,
2026-07-02T18:31:19.141236+00:00,2026-07-02T18:31:19.141117,2,2,124.75,0.5,124.5,100,124.3,150,,,,,,,,,,,,,,,,,125.0,100,125.1,3,,,,,,,,,,,,,,,,
2026-07-02T18:31:19.189398+00:00,2026-07-02T18:31:19.189317,2,3,124.65,0.3,124.5,100,124.3,150,,,,,,,,,,,,,,,,,124.8,150,125.0,100,125.1,3,,,,,,,,,,,,,,
2026-07-02T18:31:19.358583+00:00,2026-07-02T18:31:19.357760,2,3,124.65,0.3,124.5,100,124.3,150,,,,,,,,,,,,,,,,,124.8,150,125.0,100,125.1,2,,,,,,,,,,,,,,
2026-07-02T18:31:19.889278+00:00,2026-07-02T18:31:19.889170,2,3,124.65,0.3,124.5,50,124.3,150,,,,,,,,,,,,,,,,,124.8,150,125.0,100,125.1,2,,,,,,,,,,,,,,
2026-07-02T18:31:20.372227+00:00,2026-07-02T18:31:20.372168,2,3,124.65,0.3,124.5,50,124.3,150,,,,,,,,,,,,,,,,,124.8,150,125.0,100,125.1,1,,,,,,,,,,,,,,
2026-07-02T18:31:20.789009+00:00,2026-07-02T18:31:20.788904,2,3,124.65,0.3,124.5,5,124.3,150,,,,,,,,,,,,,,,,,124.8,150,125.0,100,125.1,1,,,,,,,,,,,,,,
2026-07-02T18:31:21.945482+00:00,2026-07-02T18:31:21.945443,2,3,124.65,0.3,124.5,5,124.3,150,,,,,,,,,,,,,,,,,124.8,100,125.0,100,125.1,1,,,,,,,,,,,,,,
2026-07-02T18:31:21.972125+00:00,2026-07-02T18:31:21.972062,1,2,124.55,0.5,124.3,150,,,,,,,,,,,,,,,,,,,124.8,100,125.1,1,,,,,,,,,,,,,,,,
2026-07-02T18:31:22.025847+00:00,2026-07-02T18:31:22.025757,2,2,124.6,0.4,124.4,100,124.3,150,,,,,,,,,,,,,,,,,124.8,100,125.1,1,,,,,,,,,,,,,,,,
2026-07-02T18:31:22.087885+00:00,2026-07-02T18:31:22.078635,2,3,124.6,0.4,124.4,100,124.3,150,,,,,,,,,,,,,,,,,124.8,100,124.9,100,125.1,1,,,,,,,,,,,,,,
2026-07-02T18:31:22.248223+00:00,2026-07-02T18:31:22.248077,1,2,124.65,0.5,124.4,100,,,,,,,,,,,,,,,,,,,124.9,100,125.1,1,,,,,,,,,,,,,,,,
2026-07-02T18:31:22.292099+00:00,2026-07-02T18:31:22.292031,1,2,124.65,0.5,124.4,100,,,,,,,,,,,,,,,,,,,124.9,58,125.1,1,,,,,,,,,,,,,,,,
2026-07-02T18:31:22.302484+00:00,2026-07-02T18:31:22.302405,2,2,124.75,0.3,124.6,150,124.4,100,,,,,,,,,,,,,,,,,124.9,58,125.1,1,,,,,,,,,,,,,,,,
2026-07-02T18:31:22.358602+00:00,2026-07-02T18:31:22.349207,2,2,124.75,0.3,124.6,150,124.4,100,,,,,,,,,,,,,,,,,124.9,58,125.1,151,,,,,,,,,,,,,,,,
2026-07-02T18:31:22.763567+00:00,2026-07-02T18:31:22.763471,2,2,124.75,0.3,124.6,150,124.4,100,,,,,,,,,,,,,,,,,124.9,18,125.1,151,,,,,,,,,,,,,,,,
2026-07-02T18:31:24.103654+00:00,2026-07-02T18:31:24.103794,2,2,124.75,0.3,124.6,100,124.4,100,,,,,,,,,,,,,,,,,124.9,18,125.1,151,,,,,,,,,,,,,,,,
2026-07-02T18:31:24.342547+00:00,2026-07-02T18:31:24.342402,2,2,124.75,0.3,124.6,52,124.4,100,,,,,,,,,,,,,,,,,124.9,18,125.1,151,,,,,,,,,,,,,,,,
2026-07-02T18:31:25.133832+00:00,2026-07-02T18:31:25.134014,1,1,124.85,0.5,124.6,52,,,,,,,,,,,,,,,,,,,125.1,151,,,,,,,,,,,,,,,,,,
2026-07-02T18:31:25.196277+00:00,2026-07-02T18:31:25.187131,2,1,124.85,0.5,124.6,52,124.5,100,,,,,,,,,,,,,,,,,125.1,151,,,,,,,,,,,,,,,,,,
2026-07-02T18:31:25.240057+00:00,2026-07-02T18:31:25.240275,2,2,124.8,0.4,124.6,52,124.5,100,,,,,,,,,,,,,,,,,125.0,100,125.1,151,,,,,,,,,,,,,,,,
2026-07-02T18:31:25.325981+00:00,2026-07-02T18:31:25.325923,2,2,124.8,0.4,124.6,7,124.5,100,,,,,,,,,,,,,,,,,125.0,100,125.1,151,,,,,,,,,,,,,,,,
2026-07-02T18:31:25.407125+00:00,2026-07-02T18:31:25.407009,1,2,124.75,0.5,124.5,100,,,,,,,,,,,,,,,,,,,125.0,100,125.1,1,,,,,,,,,,,,,,,,
2026-07-02T18:31:25.469527+00:00,2026-07-02T18:31:25.469466,2,2,124.75,0.5,124.5,100,123.9,150,,,,,,,,,,,,,,,,,125.0,100,125.1,1,,,,,,,,,,,,,,,,
2026-07-02T18:31:25.537323+00:00,2026-07-02T18:31:25.530505,1,3,124.15,0.5,123.9,150,,,,,,,,,,,,,,,,,,,124.4,47,125.0,100,125.1,1,,,,,,,,,,,,,,
2026-07-02T18:31:25.565677+00:00,2026-07-02T18:31:25.559657,1,3,124.15,0.5,123.9,150,,,,,,,,,,,,,,,,,,,124.4,44,125.0,100,125.1,1,,,,,,,,,,,,,,
2026-07-02T18:31:26.695322+00:00,2026-07-02T18:31:26.695132,1,2,124.15,0.5,123.9,150,,,,,,,,,,,,,,,,,,,124.4,44,125.0,100,,,,,,,,,,,,,,,,
2026-07-02T18:31:26.772575+00:00,2026-07-02T18:31:26.766462,1,2,124.15,0.5,123.9,150,,,,,,,,,,,,,,,,,,,124.4,33,125.0,100,,,,,,,,,,,,,,,,
2026-07-02T18:31:27.851820+00:00,2026-07-02T18:31:27.851988,1,1,124.45,1.1,123.9,150,,,,,,,,,,,,,,,,,,,125.0,88,,,,,,,,,,,,,,,,,,
2026-07-02T18:31:27.923642+00:00,2026-07-02T18:31:27.923479,1,1,124.45,1.1,123.9,150,,,,,,,,,,,,,,,,,,,125.0,77,,,,,,,,,,,,,,,,,,
2026-07-02T18:31:28.258589+00:00,2026-07-02T18:31:28.256209,1,1,124.45,1.1,123.9,150,,,,,,,,,,,,,,,,,,,125.0,27,,,,,,,,,,,,,,,,,,
2026-07-02T18:31:28.294177+00:00,2026-07-02T18:31:28.294032,1,0,,,123.9,150,,,,,,,,,,,,,,,,,,,,,,,,,,,,,,,,,,,,,,
2026-07-02T18:31:28.347033+00:00,2026-07-02T18:31:28.346945,2,0,,,124.5,100,123.9,150,,,,,,,,,,,,,,,,,,,,,,,,,,,,,,,,,,,,
2026-07-02T18:31:28.410123+00:00,2026-07-02T18:31:28.399845,2,1,124.75,0.5,124.5,100,123.9,150,,,,,,,,,,,,,,,,,125.0,100,,,,,,,,,,,,,,,,,,
2026-07-02T18:31:28.504051+00:00,2026-07-02T18:31:28.503932,2,1,124.75,0.5,124.5,89,123.9,150,,,,,,,,,,,,,,,,,125.0,100,,,,,,,,,,,,,,,,,,
2026-07-02T18:31:28.584882+00:00,2026-07-02T18:31:28.584743,1,1,124.75,0.5,124.5,89,,,,,,,,,,,,,,,,,,,125.0,100,,,,,,,,,,,,,,,,,,
2026-07-02T18:31:28.657988+00:00,2026-07-02T18:31:28.643447,2,1,124.85,0.3,124.7,136,124.5,89,,,,,,,,,,,,,,,,,125.0,100,,,,,,,,,,,,,,,,,,
2026-07-02T18:31:28.692383+00:00,2026-07-02T18:31:28.692328,2,2,124.85,0.3,124.7,136,124.5,89,,,,,,,,,,,,,,,,,125.0,100,125.2,150,,,,,,,,,,,,,,,,
2026-07-02T18:31:29.714178+00:00,2026-07-02T18:31:29.714270,2,2,124.85,0.3,124.7,141,124.5,89,,,,,,,,,,,,,,,,,125.0,100,125.2,150,,,,,,,,,,,,,,,,
2026-07-02T18:31:29.856066+00:00,2026-07-02T18:31:29.855993,2,2,124.85,0.3,124.7,141,124.5,89,,,,,,,,,,,,,,,,,125.0,54,125.2,150,,,,,,,,,,,,,,,,
2026-07-02T18:31:30.421487+00:00,2026-07-02T18:31:30.421380,2,2,124.85,0.3,124.7,91,124.5,89,,,,,,,,,,,,,,,,,125.0,54,125.2,150,,,,,,,,,,,,,,,,
2026-07-02T18:31:31.458670+00:00,2026-07-02T18:31:31.454080,1,1,124.95,0.5,124.7,91,,,,,,,,,,,,,,,,,,,125.2,150,,,,,,,,,,,,,,,,,,
2026-07-02T18:31:31.516735+00:00,2026-07-02T18:31:31.516552,2,1,124.95,0.5,124.7,91,124.5,100,,,,,,,,,,,,,,,,,125.2,150,,,,,,,,,,,,,,,,,,
2026-07-02T18:31:31.569097+00:00,2026-07-02T18:31:31.569051,2,2,124.85,0.3,124.7,91,124.5,100,,,,,,,,,,,,,,,,,125.0,100,125.2,150,,,,,,,,,,,,,,,,
2026-07-02T18:31:31.746763+00:00,2026-07-02T18:31:31.746623,2,1,124.85,0.3,124.7,5,124.5,100,,,,,,,,,,,,,,,,,125.0,100,,,,,,,,,,,,,,,,,,
2026-07-02T18:31:31.802518+00:00,2026-07-02T18:31:31.802484,3,1,124.85,0.3,124.7,5,124.5,100,124.3,150,,,,,,,,,,,,,,,125.0,100,,,,,,,,,,,,,,,,,,
2026-07-02T18:31:31.858641+00:00,2026-07-02T18:31:31.856819,2,2,124.6,0.2,124.5,100,124.3,150,,,,,,,,,,,,,,,,,124.7,145,125.0,100,,,,,,,,,,,,,,,,
2026-07-02T18:31:32.323985+00:00,2026-07-02T18:31:32.323912,2,2,124.6,0.2,124.5,100,124.3,150,,,,,,,,,,,,,,,,,124.7,140,125.0,100,,,,,,,,,,,,,,,,
2026-07-02T18:31:32.476162+00:00,2026-07-02T18:31:32.476040,2,2,124.6,0.2,124.5,100,124.3,150,,,,,,,,,,,,,,,,,124.7,90,125.0,100,,,,,,,,,,,,,,,,
2026-07-02T18:31:34.340443+00:00,2026-07-02T18:31:34.340285,2,2,124.6,0.2,124.5,100,124.3,150,,,,,,,,,,,,,,,,,124.7,85,125.0,100,,,,,,,,,,,,,,,,
2026-07-02T18:31:34.412328+00:00,2026-07-02T18:31:34.412475,3,2,124.65,0.1,124.6,5,124.5,100,124.3,150,,,,,,,,,,,,,,,124.7,85,125.0,100,,,,,,,,,,,,,,,,
2026-07-02T18:31:34.625561+00:00,2026-07-02T18:31:34.625459,2,1,124.65,0.1,124.6,5,124.3,150,,,,,,,,,,,,,,,,,124.7,85,,,,,,,,,,,,,,,,,,
2026-07-02T18:31:34.676772+00:00,2026-07-02T18:31:34.676952,2,1,124.65,0.1,124.6,105,124.3,150,,,,,,,,,,,,,,,,,124.7,85,,,,,,,,,,,,,,,,,,
2026-07-02T18:31:34.729376+00:00,2026-07-02T18:31:34.729318,2,2,124.65,0.1,124.6,105,124.3,150,,,,,,,,,,,,,,,,,124.7,85,125.1,100,,,,,,,,,,,,,,,,
2026-07-02T18:31:34.910724+00:00,2026-07-02T18:31:34.910893,1,1,124.85,0.5,124.6,105,,,,,,,,,,,,,,,,,,,125.1,100,,,,,,,,,,,,,,,,,,
2026-07-02T18:31:34.966610+00:00,2026-07-02T18:31:34.966536,1,1,124.85,0.5,124.6,255,,,,,,,,,,,,,,,,,,,125.1,100,,,,,,,,,,,,,,,,,,
2026-07-02T18:31:35.019736+00:00,2026-07-02T18:31:35.019672,1,1,124.85,0.5,124.6,255,,,,,,,,,,,,,,,,,,,125.1,250,,,,,,,,,,,,,,,,,,
2026-07-02T18:31:36.738994+00:00,2026-07-02T18:31:36.739147,1,1,124.85,0.5,124.6,205,,,,,,,,,,,,,,,,,,,125.1,250,,,,,,,,,,,,,,,,,,
2026-07-02T18:31:36.758612+00:00,2026-07-02T18:31:36.754973,1,2,124.75,0.3,124.6,205,,,,,,,,,,,,,,,,,,,124.9,1,125.1,250,,,,,,,,,,,,,,,,
2026-07-02T18:31:36.876077+00:00,2026-07-02T18:31:36.876002,2,2,124.8,0.2,124.7,4,124.6,205,,,,,,,,,,,,,,,,,124.9,1,125.1,250,,,,,,,,,,,,,,,,
2026-07-02T18:31:37.666086+00:00,2026-07-02T18:31:37.660063,2,2,124.8,0.2,124.7,1,124.6,205,,,,,,,,,,,,,,,,,124.9,1,125.1,250,,,,,,,,,,,,,,,,
2026-07-02T18:31:37.780099+00:00,2026-07-02T18:31:37.779999,2,2,124.8,0.2,124.7,1,124.6,150,,,,,,,,,,,,,,,,,124.9,1,125.1,150,,,,,,,,,,,,,,,,
2026-07-02T18:31:37.858603+00:00,2026-07-02T18:31:37.838658,3,2,124.8,0.2,124.7,1,124.6,150,124.2,100,,,,,,,,,,,,,,,124.9,1,125.1,150,,,,,,,,,,,,,,,,
2026-07-02T18:31:37.890340+00:00,2026-07-02T18:31:37.890259,2,3,124.65,0.1,124.6,150,124.2,100,,,,,,,,,,,,,,,,,124.7,99,124.9,1,125.1,150,,,,,,,,,,,,,,
2026-07-02T18:31:37.914342+00:00,2026-07-02T18:31:37.914259,2,3,124.65,0.1,124.6,150,124.2,100,,,,,,,,,,,,,,,,,124.7,95,124.9,1,125.1,150,,,,,,,,,,,,,,
2026-07-02T18:31:38.072108+00:00,2026-07-02T18:31:38.072275,1,2,124.45,0.5,124.2,100,,,,,,,,,,,,,,,,,,,124.7,95,124.9,1,,,,,,,,,,,,,,,,
2026-07-02T18:31:38.125063+00:00,2026-07-02T18:31:38.124965,2,2,124.55,0.3,124.4,150,124.2,100,,,,,,,,,,,,,,,,,124.7,95,124.9,1,,,,,,,,,,,,,,,,
2026-07-02T18:31:38.180643+00:00,2026-07-02T18:31:38.180604,2,2,124.55,0.3,124.4,150,124.2,100,,,,,,,,,,,,,,,,,124.7,95,124.9,151,,,,,,,,,,,,,,,,
2026-07-02T18:31:38.848929+00:00,2026-07-02T18:31:38.848882,2,2,124.55,0.3,124.4,150,124.2,100,,,,,,,,,,,,,,,,,124.7,92,124.9,151,,,,,,,,,,,,,,,,
2026-07-02T18:31:38.858615+00:00,2026-07-02T18:31:38.854086,2,2,124.55,0.3,124.4,100,124.2,100,,,,,,,,,,,,,,,,,124.7,92,124.9,151,,,,,,,,,,,,,,,,
2026-07-02T18:31:40.058583+00:00,2026-07-02T18:31:40.054988,2,2,124.55,0.3,124.4,54,124.2,100,,,,,,,,,,,,,,,,,124.7,92,124.9,151,,,,,,,,,,,,,,,,
2026-07-02T18:31:40.948789+00:00,2026-07-02T18:31:40.948931,1,1,124.65,0.5,124.4,54,,,,,,,,,,,,,,,,,,,124.9,151,,,,,,,,,,,,,,,,,,
2026-07-02T18:31:40.958581+00:00,2026-07-02T18:31:40.955808,1,1,124.65,0.5,124.4,4,,,,,,,,,,,,,,,,,,,124.9,151,,,,,,,,,,,,,,,,,,
2026-07-02T18:31:41.004038+00:00,2026-07-02T18:31:41.003992,2,1,124.65,0.5,124.4,4,124.1,100,,,,,,,,,,,,,,,,,124.9,151,,,,,,,,,,,,,,,,,,
2026-07-02T18:31:41.063875+00:00,2026-07-02T18:31:41.063765,2,2,124.5,0.2,124.4,4,124.1,100,,,,,,,,,,,,,,,,,124.6,100,124.9,151,,,,,,,,,,,,,,,,
2026-07-02T18:31:41.234840+00:00,2026-07-02T18:31:41.234781,1,2,124.35,0.5,124.1,100,,,,,,,,,,,,,,,,,,,124.6,100,124.9,1,,,,,,,,,,,,,,,,
2026-07-02T18:31:41.297235+00:00,2026-07-02T18:31:41.297161,2,2,124.35,0.5,124.1,100,123.7,150,,,,,,,,,,,,,,,,,124.6,100,124.9,1,,,,,,,,,,,,,,,,
2026-07-02T18:31:41.348982+00:00,2026-07-02T18:31:41.349068,2,3,124.15,0.1,124.1,100,123.7,150,,,,,,,,,,,,,,,,,124.2,150,124.6,100,124.9,1,,,,,,,,,,,,,,
2026-07-02T18:31:41.364504+00:00,2026-07-02T18:31:41.353078,2,3,124.15,0.1,124.1,100,123.7,150,,,,,,,,,,,,,,,,,124.2,147,124.6,100,124.9,1,,,,,,,,,,,,,,
2026-07-02T18:31:42.130917+00:00,2026-07-02T18:31:42.130865,2,3,124.15,0.1,124.1,55,123.7,150,,,,,,,,,,,,,,,,,124.2,147,124.6,100,124.9,1,,,,,,,,,,,,,,
2026-07-02T18:31:43.070178+00:00,2026-07-02T18:31:43.070087,2,3,124.15,0.1,124.1,5,123.7,150,,,,,,,,,,,,,,,,,124.2,147,124.6,100,124.9,1,,,,,,,,,,,,,,
2026-07-02T18:31:43.645428+00:00,2026-07-02T18:31:43.645306,2,3,124.15,0.1,124.1,5,123.7,150,,,,,,,,,,,,,,,,,124.2,106,124.6,100,124.9,1,,,,,,,,,,,,,,
2026-07-02T18:31:44.112557+00:00,2026-07-02T18:31:44.112487,1,2,123.95,0.5,123.7,150,,,,,,,,,,,,,,,,,,,124.2,106,124.9,1,,,,,,,,,,,,,,,,
2026-07-02T18:31:44.117776+00:00,2026-07-02T18:31:44.117702,1,1,123.95,0.5,123.7,150,,,,,,,,,,,,,,,,,,,124.2,106,,,,,,,,,,,,,,,,,,
2026-07-02T18:31:44.169058+00:00,2026-07-02T18:31:44.168959,2,1,124.05,0.3,123.9,100,123.7,150,,,,,,,,,,,,,,,,,124.2,106,,,,,,,,,,,,,,,,,,
2026-07-02T18:31:44.249381+00:00,2026-07-02T18:31:44.249507,2,2,124.05,0.3,123.9,100,123.7,150,,,,,,,,,,,,,,,,,124.2,106,124.4,100,,,,,,,,,,,,,,,,
2026-07-02T18:31:44.404973+00:00,2026-07-02T18:31:44.405129,1,1,124.15,0.5,123.9,100,,,,,,,,,,,,,,,,,,,124.4,100,,,,,,,,,,,,,,,,,,
2026-07-02T18:31:44.452743+00:00,2026-07-02T18:31:44.452893,1,1,124.15,0.5,123.9,250,,,,,,,,,,,,,,,,,,,124.4,100,,,,,,,,,,,,,,,,,,
2026-07-02T18:31:44.511407+00:00,2026-07-02T18:31:44.511522,1,1,124.15,0.5,123.9,250,,,,,,,,,,,,,,,,,,,124.4,250,,,,,,,,,,,,,,,,,,
2026-07-02T18:31:45.177891+00:00,2026-07-02T18:31:45.177778,1,1,124.15,0.5,123.9,200,,,,,,,,,,,,,,,,,,,124.4,250,,,,,,,,,,,,,,,,,,
2026-07-02T18:31:45.843899+00:00,2026-07-02T18:31:45.843696,1,2,124.15,0.5,123.9,200,,,,,,,,,,,,,,,,,,,124.4,250,124.7,5,,,,,,,,,,,,,,,,
2026-07-02T18:31:47.301253+00:00,2026-07-02T18:31:47.301147,1,2,124.15,0.5,123.9,150,,,,,,,,,,,,,,,,,,,124.4,150,124.7,5,,,,,,,,,,,,,,,,
2026-07-02T18:31:47.353664+00:00,2026-07-02T18:31:47.353590,2,2,124.15,0.5,123.9,150,123.7,100,,,,,,,,,,,,,,,,,124.4,150,124.7,5,,,,,,,,,,,,,,,,
2026-07-02T18:31:47.418842+00:00,2026-07-02T18:31:47.413244,2,3,124.05,0.3,123.9,150,123.7,100,,,,,,,,,,,,,,,,,124.2,97,124.4,150,124.7,5,,,,,,,,,,,,,,
2026-07-02T18:31:47.568602+00:00,2026-07-02T18:31:47.568568,1,2,123.95,0.5,123.7,100,,,,,,,,,,,,,,,,,,,124.2,97,124.7,5,,,,,,,,,,,,,,,,
2026-07-02T18:31:47.621989+00:00,2026-07-02T18:31:47.621917,2,2,124.1,0.2,124.0,150,123.7,100,,,,,,,,,,,,,,,,,124.2,97,124.7,5,,,,,,,,,,,,,,,,
2026-07-02T18:31:47.672528+00:00,2026-07-02T18:31:47.672433,2,3,124.1,0.2,124.0,150,123.7,100,,,,,,,,,,,,,,,,,124.2,97,124.5,150,124.7,5,,,,,,,,,,,,,,
2026-07-02T18:31:48.886531+00:00,2026-07-02T18:31:48.886438,2,3,124.1,0.2,124.0,150,123.7,100,,,,,,,,,,,,,,,,,124.2,97,124.5,150,124.7,3,,,,,,,,,,,,,,
2026-07-02T18:31:49.390778+00:00,2026-07-02T18:31:49.390695,2,3,124.1,0.2,124.0,100,123.7,100,,,,,,,,,,,,,,,,,124.2,97,124.5,150,124.7,3,,,,,,,,,,,,,,
2026-07-02T18:31:50.464678+00:00,2026-07-02T18:31:50.464650,1,2,124.25,0.5,124.0,100,,,,,,,,,,,,,,,,,,,124.5,150,124.7,3,,,,,,,,,,,,,,,,
2026-07-02T18:31:50.519835+00:00,2026-07-02T18:31:50.519685,2,2,124.25,0.5,124.0,100,123.8,100,,,,,,,,,,,,,,,,,124.5,150,124.7,3,,,,,,,,,,,,,,,,
2026-07-02T18:31:50.571474+00:00,2026-07-02T18:31:50.571370,2,3,124.15,0.3,124.0,100,123.8,100,,,,,,,,,,,,,,,,,124.3,100,124.5,150,124.7,3,,,,,,,,,,,,,,
2026-07-02T18:31:50.728882+00:00,2026-07-02T18:31:50.728826,1,2,124.05,0.5,123.8,100,,,,,,,,,,,,,,,,,,,124.3,100,124.7,3,,,,,,,,,,,,,,,,
2026-07-02T18:31:50.782285+00:00,2026-07-02T18:31:50.782249,2,2,124.05,0.5,123.8,100,123.7,150,,,,,,,,,,,,,,,,,124.3,100,124.7,3,,,,,,,,,,,,,,,,
2026-07-02T18:31:50.834243+00:00,2026-07-02T18:31:50.834162,2,3,124.0,0.4,123.8,100,123.7,150,,,,,,,,,,,,,,,,,124.2,150,124.3,100,124.7,3,,,,,,,,,,,,,,
2026-07-02T18:31:50.898496+00:00,2026-07-02T18:31:50.898352,2,3,124.0,0.4,123.8,100,123.7,150,,,,,,,,,,,,,,,,,124.2,150,124.3,100,124.7,2,,,,,,,,,,,,,,
2026-07-02T18:31:50.903540+00:00,2026-07-02T18:31:50.903650,2,2,124.0,0.4,123.8,100,123.7,150,,,,,,,,,,,,,,,,,124.2,150,124.3,100,,,,,,,,,,,,,,,,
2026-07-02T18:31:51.508667+00:00,2026-07-02T18:31:51.508591,2,2,124.0,0.4,123.8,50,123.7,150,,,,,,,,,,,,,,,,,124.2,150,124.3,100,,,,,,,,,,,,,,,,
2026-07-02T18:31:52.385984+00:00,2026-07-02T18:31:52.385957,2,2,124.0,0.4,123.8,50,123.7,150,,,,,,,,,,,,,,,,,124.2,147,124.3,100,,,,,,,,,,,,,,,,
2026-07-02T18:31:53.220964+00:00,2026-07-02T18:31:53.220747,2,2,124.0,0.4,123.8,50,123.7,150,,,,,,,,,,,,,,,,,124.2,144,124.3,100,,,,,,,,,,,,,,,,
2026-07-02T18:31:53.558547+00:00,2026-07-02T18:31:53.553914,2,2,124.0,0.4,123.8,50,123.7,150,,,,,,,,,,,,,,,,,124.2,94,124.3,100,,,,,,,,,,,,,,,,
2026-07-02T18:31:53.624773+00:00,2026-07-02T18:31:53.624586,1,1,123.95,0.5,123.7,150,,,,,,,,,,,,,,,,,,,124.2,94,,,,,,,,,,,,,,,,,,
2026-07-02T18:31:53.678142+00:00,2026-07-02T18:31:53.678044,2,1,123.95,0.5,123.7,150,123.6,100,,,,,,,,,,,,,,,,,124.2,94,,,,,,,,,,,,,,,,,,
2026-07-02T18:31:53.730596+00:00,2026-07-02T18:31:53.730507,2,2,123.9,0.4,123.7,150,123.6,100,,,,,,,,,,,,,,,,,124.1,100,124.2,94,,,,,,,,,,,,,,,,
2026-07-02T18:31:53.908596+00:00,2026-07-02T18:31:53.908538,2,1,123.9,0.4,123.7,150,123.6,100,,,,,,,,,,,,,,,,,124.1,100,,,,,,,,,,,,,,,,,,
2026-07-02T18:31:53.913845+00:00,2026-07-02T18:31:53.913722,1,1,123.85,0.5,123.6,100,,,,,,,,,,,,,,,,,,,124.1,100,,,,,,,,,,,,,,,,,,
2026-07-02T18:31:53.966846+00:00,2026-07-02T18:31:53.966781,2,1,124.0,0.2,123.9,150,123.6,100,,,,,,,,,,,,,,,,,124.1,100,,,,,,,,,,,,,,,,,,
2026-07-02T18:31:54.020113+00:00,2026-07-02T18:31:54.020072,2,2,124.0,0.2,123.9,150,123.6,100,,,,,,,,,,,,,,,,,124.1,100,124.4,150,,,,,,,,,,,,,,,,
2026-07-02T18:31:54.944694+00:00,2026-07-02T18:31:54.944658,2,2,124.0,0.2,123.9,150,123.6,100,,,,,,,,,,,,,,,,,124.1,97,124.4,150,,,,,,,,,,,,,,,,
2026-07-02T18:31:55.002268+00:00,2026-07-02T18:31:55.002240,2,2,124.0,0.2,123.9,150,123.6,100,,,,,,,,,,,,,,,,,124.1,94,124.4,150,,,,,,,,,,,,,,,,
2026-07-02T18:31:55.729695+00:00,2026-07-02T18:31:55.729601,2,2,124.0,0.2,123.9,100,123.6,100,,,,,,,,,,,,,,,,,124.1,94,124.4,150,,,,,,,,,,,,,,,,
2026-07-02T18:31:55.879450+00:00,2026-07-02T18:31:55.879290,2,2,124.0,0.2,123.9,100,123.6,100,,,,,,,,,,,,,,,,,124.1,49,124.4,150,,,,,,,,,,,,,,,,
2026-07-02T18:31:55.939314+00:00,2026-07-02T18:31:55.939256,2,2,124.0,0.2,123.9,100,123.6,100,,,,,,,,,,,,,,,,,124.1,45,124.4,150,,,,,,,,,,,,,,,,
2026-07-02T18:31:55.944573+00:00,2026-07-02T18:31:55.944429,2,2,124.0,0.2,123.9,100,123.6,100,,,,,,,,,,,,,,,,,124.1,45,124.4,152,,,,,,,,,,,,,,,,
2026-07-02T18:31:55.987840+00:00,2026-07-02T18:31:55.988033,2,2,124.0,0.2,123.9,100,123.6,100,,,,,,,,,,,,,,,,,124.1,42,124.4,152,,,,,,,,,,,,,,,,
2026-07-02T18:31:56.016698+00:00,2026-07-02T18:31:56.016604,2,2,124.0,0.2,123.9,100,123.6,100,,,,,,,,,,,,,,,,,124.1,39,124.4,152,,,,,,,,,,,,,,,,
2026-07-02T18:31:56.216277+00:00,2026-07-02T18:31:56.216206,2,2,124.0,0.2,123.9,100,123.6,100,,,,,,,,,,,,,,,,,124.1,36,124.4,152,,,,,,,,,,,,,,,,
2026-07-02T18:31:56.235211+00:00,2026-07-02T18:31:56.235184,2,2,124.0,0.2,123.9,100,123.6,100,,,,,,,,,,,,,,,,,124.1,33,124.4,152,,,,,,,,,,,,,,,,
2026-07-02T18:31:56.258544+00:00,2026-07-02T18:31:56.255706,2,2,124.0,0.2,123.9,100,123.6,100,,,,,,,,,,,,,,,,,124.1,30,124.4,152,,,,,,,,,,,,,,,,
2026-07-02T18:31:56.284889+00:00,2026-07-02T18:31:56.284787,2,2,124.0,0.2,123.9,100,123.6,100,,,,,,,,,,,,,,,,,124.1,27,124.4,152,,,,,,,,,,,,,,,,
2026-07-02T18:31:56.330901+00:00,2026-07-02T18:31:56.330868,2,2,124.0,0.2,123.9,100,123.6,100,,,,,,,,,,,,,,,,,124.1,24,124.4,152,,,,,,,,,,,,,,,,
2026-07-02T18:31:56.784438+00:00,2026-07-02T18:31:56.784255,1,1,124.15,0.5,123.9,100,,,,,,,,,,,,,,,,,,,124.4,152,,,,,,,,,,,,,,,,,,
2026-07-02T18:31:56.837791+00:00,2026-07-02T18:31:56.837940,2,1,124.15,0.5,123.9,100,123.8,100,,,,,,,,,,,,,,,,,124.4,152,,,,,,,,,,,,,,,,,,
2026-07-02T18:31:56.890506+00:00,2026-07-02T18:31:56.890399,2,2,124.1,0.4,123.9,100,123.8,100,,,,,,,,,,,,,,,,,124.3,100,124.4,152,,,,,,,,,,,,,,,,
2026-07-02T18:31:56.983811+00:00,2026-07-02T18:31:56.983743,2,2,124.1,0.4,123.9,60,123.8,100,,,,,,,,,,,,,,,,,124.3,100,124.4,152,,,,,,,,,,,,,,,,
2026-07-02T18:31:57.073474+00:00,2026-07-02T18:31:57.073369,1,2,124.05,0.5,123.8,100,,,,,,,,,,,,,,,,,,,124.3,100,124.4,2,,,,,,,,,,,,,,,,
2026-07-02T18:31:57.126386+00:00,2026-07-02T18:31:57.126480,2,2,124.05,0.5,123.8,100,123.6,150,,,,,,,,,,,,,,,,,124.3,100,124.4,2,,,,,,,,,,,,,,,,
2026-07-02T18:31:57.179314+00:00,2026-07-02T18:31:57.179390,2,3,123.95,0.3,123.8,100,123.6,150,,,,,,,,,,,,,,,,,124.1,150,124.3,100,124.4,2,,,,,,,,,,,,,,
2026-07-02T18:31:57.831175+00:00,2026-07-02T18:31:57.831285,2,3,123.95,0.3,123.8,50,123.6,150,,,,,,,,,,,,,,,,,124.1,150,124.3,100,124.4,2,,,,,,,,,,,,,,
2026-07-02T18:31:58.542502+00:00,2026-07-02T18:31:58.542414,2,3,123.95,0.3,123.8,50,123.6,150,,,,,,,,,,,,,,,,,124.1,104,124.3,100,124.4,2,,,,,,,,,,,,,,
2026-07-02T18:31:59.324970+00:00,2026-07-02T18:31:59.324853,3,3,124.05,0.1,124.0,3,123.8,50,123.6,150,,,,,,,,,,,,,,,124.1,104,124.3,100,124.4,2,,,,,,,,,,,,,,
2026-07-02T18:31:59.467747+00:00,2026-07-02T18:31:59.462193,3,3,124.05,0.1,124.0,3,123.8,50,123.6,150,,,,,,,,,,,,,,,124.1,93,124.3,100,124.4,2,,,,,,,,,,,,,,
2026-07-02T18:31:59.528037+00:00,2026-07-02T18:31:59.527996,3,3,124.05,0.1,124.0,3,123.8,50,123.6,150,,,,,,,,,,,,,,,124.1,46,124.3,100,124.4,2,,,,,,,,,,,,,,
2026-07-02T18:31:59.888380+00:00,2026-07-02T18:31:59.888329,3,2,124.15,0.3,124.0,3,123.8,50,123.6,150,,,,,,,,,,,,,,,124.3,96,124.4,2,,,,,,,,,,,,,,,,
2026-07-02T18:31:59.968999+00:00,2026-07-02T18:31:59.968843,2,1,124.2,0.4,124.0,3,123.6,150,,,,,,,,,,,,,,,,,124.4,2,,,,,,,,,,,,,,,,,,
2026-07-02T18:32:00.020702+00:00,2026-07-02T18:32:00.020862,3,1,124.2,0.4,124.0,3,123.7,100,123.6,150,,,,,,,,,,,,,,,124.4,2,,,,,,,,,,,,,,,,,,
2026-07-02T18:32:00.074644+00:00,2026-07-02T18:32:00.074529,3,2,124.1,0.2,124.0,3,123.7,100,123.6,150,,,,,,,,,,,,,,,124.2,100,124.4,2,,,,,,,,,,,,,,,,
2026-07-02T18:32:00.234795+00:00,2026-07-02T18:32:00.234884,2,2,124.1,0.2,124.0,3,123.7,100,,,,,,,,,,,,,,,,,124.2,100,124.4,2,,,,,,,,,,,,,,,,
2026-07-02T18:32:00.289269+00:00,2026-07-02T18:32:00.289161,3,1,124.3,0.2,124.2,50,124.0,3,123.7,100,,,,,,,,,,,,,,,124.4,2,,,,,,,,,,,,,,,,,,
2026-07-02T18:32:00.353843+00:00,2026-07-02T18:32:00.353939,3,2,124.3,0.2,124.2,50,124.0,3,123.7,100,,,,,,,,,,,,,,,124.4,2,124.7,150,,,,,,,,,,,,,,,,
2026-07-02T18:32:00.477898+00:00,2026-07-02T18:32:00.477873,3,2,124.3,0.2,124.2,10,124.0,3,123.7,100,,,,,,,,,,,,,,,124.4,2,124.7,150,,,,,,,,,,,,,,,,
2026-07-02T18:32:01.612193+00:00,2026-07-02T18:32:01.612043,1,2,124.05,0.7,123.7,70,,,,,,,,,,,,,,,,,,,124.4,2,124.7,150,,,,,,,,,,,,,,,,
2026-07-02T18:32:01.630175+00:00,2026-07-02T18:32:01.630131,2,2,124.2,0.4,124.0,4,123.7,70,,,,,,,,,,,,,,,,,124.4,2,124.7,150,,,,,,,,,,,,,,,,
2026-07-02T18:32:02.022354+00:00,2026-07-02T18:32:02.022170,2,1,124.35,0.7,124.0,4,123.7,70,,,,,,,,,,,,,,,,,124.7,102,,,,,,,,,,,,,,,,,,
2026-07-02T18:32:02.122299+00:00,2026-07-02T18:32:02.122232,2,2,124.15,0.3,124.0,4,123.7,70,,,,,,,,,,,,,,,,,124.3,2,124.7,102,,,,,,,,,,,,,,,,
2026-07-02T18:32:02.431753+00:00,2026-07-02T18:32:02.431660,2,2,124.15,0.3,124.0,3,123.7,70,,,,,,,,,,,,,,,,,124.3,2,124.7,102,,,,,,,,,,,,,,,,
2026-07-02T18:32:03.114748+00:00,2026-07-02T18:32:03.114901,2,1,124.35,0.7,124.0,3,123.7,70,,,,,,,,,,,,,,,,,124.7,55,,,,,,,,,,,,,,,,,,
2026-07-02T18:32:03.128840+00:00,2026-07-02T18:32:03.128799,1,1,124.35,0.7,124.0,3,,,,,,,,,,,,,,,,,,,124.7,55,,,,,,,,,,,,,,,,,,
2026-07-02T18:32:03.182824+00:00,2026-07-02T18:32:03.182757,1,1,124.35,0.7,124.0,103,,,,,,,,,,,,,,,,,,,124.7,55,,,,,,,,,,,,,,,,,,
2026-07-02T18:32:03.236864+00:00,2026-07-02T18:32:03.236829,1,2,124.25,0.5,124.0,103,,,,,,,,,,,,,,,,,,,124.5,100,124.7,55,,,,,,,,,,,,,,,,
