recv_time,book_timestamp,n_bids,n_asks,mid,spread,bid_px_0,bid_vol_0,bid_px_1,bid_vol_1,bid_px_2,bid_vol_2,bid_px_3,bid_vol_3,bid_px_4,bid_vol_4,bid_px_5,bid_vol_5,bid_px_6,bid_vol_6,bid_px_7,bid_vol_7,bid_px_8,bid_vol_8,bid_px_9,bid_vol_9,ask_px_0,ask_vol_0,ask_px_1,ask_vol_1,ask_px_2,ask_vol_2,ask_px_3,ask_vol_3,ask_px_4,ask_vol_4,ask_px_5,ask_vol_5,ask_px_6,ask_vol_6,ask_px_7,ask_vol_7,ask_px_8,ask_vol_8,ask_px_9,ask_vol_9
2026-07-03T03:00:00.749849+00:00,2026-07-03T03:00:00.732952,1,1,117.55,0.5,117.3,250,,,,,,,,,,,,,,,,,,,117.8,208,,,,,,,,,,,,,,,,,,
2026-07-03T03:00:00.905730+00:00,2026-07-03T03:00:00.905598,1,1,117.55,0.5,117.3,200,,,,,,,,,,,,,,,,,,,117.8,208,,,,,,,,,,,,,,,,,,
2026-07-03T03:00:01.821174+00:00,2026-07-03T03:00:01.821096,1,1,117.55,0.5,117.3,100,,,,,,,,,,,,,,,,,,,117.8,100,,,,,,,,,,,,,,,,,,
2026-07-03T03:00:01.876917+00:00,2026-07-03T03:00:01.876847,2,1,117.55,0.5,117.3,100,117.2,150,,,,,,,,,,,,,,,,,117.8,100,,,,,,,,,,,,,,,,,,
2026-07-03T03:00:01.929067+00:00,2026-07-03T03:00:01.929186,2,2,117.5,0.4,117.3,100,117.2,150,,,,,,,,,,,,,,,,,117.7,150,117.8,100,,,,,,,,,,,,,,,,
2026-07-03T03:00:03.008435+00:00,2026-07-03T03:00:03.005087,2,2,117.5,0.4,117.3,50,117.2,150,,,,,,,,,,,,,,,,,117.7,150,117.8,100,,,,,,,,,,,,,,,,
2026-07-03T03:00:03.035374+00:00,2026-07-03T03:00:03.035528,1,1,117.45,0.5,117.2,150,,,,,,,,,,,,,,,,,,,117.7,150,,,,,,,,,,,,,,,,,,
2026-07-03T03:00:03.091115+00:00,2026-07-03T03:00:03.091190,2,1,117.45,0.5,117.2,150,117.1,100,,,,,,,,,,,,,,,,,117.7,150,,,,,,,,,,,,,,,,,,
2026-07-03T03:00:03.143384+00:00,2026-07-03T03:00:03.143336,2,2,117.4,0.4,117.2,150,117.1,100,,,,,,,,,,,,,,,,,117.6,100,117.7,150,,,,,,,,,,,,,,,,
2026-07-03T03:00:04.978355+00:00,2026-07-03T03:00:04.978240,2,1,117.4,0.4,117.2,150,117.1,100,,,,,,,,,,,,,,,,,117.6,100,,,,,,,,,,,,,,,,,,
2026-07-03T03:00:04.983523+00:00,2026-07-03T03:00:04.983422,1,1,117.35,0.5,117.1,100,,,,,,,,,,,,,,,,,,,117.6,100,,,,,,,,,,,,,,,,,,
2026-07-03T03:00:05.048386+00:00,2026-07-03T03:00:05.037117,2,1,117.4,0.4,117.2,150,117.1,100,,,,,,,,,,,,,,,,,117.6,100,,,,,,,,,,,,,,,,,,
2026-07-03T03:00:05.101707+00:00,2026-07-03T03:00:05.101560,2,2,117.4,0.4,117.2,150,117.1,100,,,,,,,,,,,,,,,,,117.6,100,117.7,150,,,,,,,,,,,,,,,,
2026-07-03T03:00:05.118532+00:00,2026-07-03T03:00:05.118725,2,2,117.4,0.4,117.2,100,117.1,100,,,,,,,,,,,,,,,,,117.6,100,117.7,150,,,,,,,,,,,,,,,,
2026-07-03T03:00:06.194746+00:00,2026-07-03T03:00:06.194682,1,1,117.45,0.5,117.2,100,,,,,,,,,,,,,,,,,,,117.7,150,,,,,,,,,,,,,,,,,,
2026-07-03T03:00:06.248757+00:00,2026-07-03T03:00:06.248672,2,1,117.45,0.5,117.2,100,117.1,100,,,,,,,,,,,,,,,,,117.7,150,,,,,,,,,,,,,,,,,,
2026-07-03T03:00:06.305637+00:00,2026-07-03T03:00:06.305592,2,2,117.4,0.4,117.2,100,117.1,100,,,,,,,,,,,,,,,,,117.6,100,117.7,150,,,,,,,,,,,,,,,,
2026-07-03T03:00:07.233583+00:00,2026-07-03T03:00:07.233539,2,2,117.4,0.4,117.2,50,117.1,100,,,,,,,,,,,,,,,,,117.6,100,117.7,150,,,,,,,,,,,,,,,,
2026-07-03T03:00:08.158843+00:00,2026-07-03T03:00:08.158756,1,1,117.35,0.5,117.1,100,,,,,,,,,,,,,,,,,,,117.6,100,,,,,,,,,,,,,,,,,,
2026-07-03T03:00:08.214242+00:00,2026-07-03T03:00:08.214110,2,1,117.35,0.5,117.1,100,116.8,150,,,,,,,,,,,,,,,,,117.6,100,,,,,,,,,,,,,,,,,,
2026-07-03T03:00:08.277640+00:00,2026-07-03T03:00:08.271403,2,2,117.2,0.2,117.1,100,116.8,150,,,,,,,,,,,,,,,,,117.3,138,117.6,100,,,,,,,,,,,,,,,,
2026-07-03T03:00:09.229848+00:00,2026-07-03T03:00:09.229815,2,2,117.2,0.2,117.1,100,116.8,150,,,,,,,,,,,,,,,,,117.3,89,117.6,100,,,,,,,,,,,,,,,,
2026-07-03T03:00:09.329754+00:00,2026-07-03T03:00:09.329706,2,2,117.2,0.2,117.1,100,116.8,150,,,,,,,,,,,,,,,,,117.3,67,117.6,100,,,,,,,,,,,,,,,,
2026-07-03T03:00:09.340107+00:00,2026-07-03T03:00:09.340028,2,2,117.2,0.2,117.1,50,116.8,150,,,,,,,,,,,,,,,,,117.3,67,117.6,100,,,,,,,,,,,,,,,,
2026-07-03T03:00:09.364259+00:00,2026-07-03T03:00:09.358656,1,1,117.05,0.5,116.8,150,,,,,,,,,,,,,,,,,,,117.3,56,,,,,,,,,,,,,,,,,,
2026-07-03T03:00:09.416671+00:00,2026-07-03T03:00:09.416621,2,1,117.25,0.1,117.2,100,116.8,150,,,,,,,,,,,,,,,,,117.3,56,,,,,,,,,,,,,,,,,,
2026-07-03T03:00:09.469595+00:00,2026-07-03T03:00:09.469766,2,2,117.25,0.1,117.2,100,116.8,150,,,,,,,,,,,,,,,,,117.3,56,117.7,100,,,,,,,,,,,,,,,,
2026-07-03T03:00:09.779228+00:00,2026-07-03T03:00:09.779111,2,2,117.25,0.1,117.2,57,116.8,150,,,,,,,,,,,,,,,,,117.3,56,117.7,100,,,,,,,,,,,,,,,,
2026-07-03T03:00:11.322489+00:00,2026-07-03T03:00:11.322335,1,1,117.45,0.5,117.2,57,,,,,,,,,,,,,,,,,,,117.7,100,,,,,,,,,,,,,,,,,,
2026-07-03T03:00:11.377566+00:00,2026-07-03T03:00:11.377481,2,1,117.45,0.5,117.2,57,117.1,150,,,,,,,,,,,,,,,,,117.7,100,,,,,,,,,,,,,,,,,,
2026-07-03T03:00:11.430279+00:00,2026-07-03T03:00:11.430186,2,2,117.4,0.4,117.2,57,117.1,150,,,,,,,,,,,,,,,,,117.6,150,117.7,100,,,,,,,,,,,,,,,,
2026-07-03T03:00:11.446549+00:00,2026-07-03T03:00:11.446470,2,2,117.4,0.4,117.2,7,117.1,150,,,,,,,,,,,,,,,,,117.6,150,117.7,100,,,,,,,,,,,,,,,,
2026-07-03T03:00:11.648808+00:00,2026-07-03T03:00:11.648674,1,2,117.35,0.5,117.1,109,,,,,,,,,,,,,,,,,,,117.6,150,117.7,100,,,,,,,,,,,,,,,,
2026-07-03T03:00:12.525074+00:00,2026-07-03T03:00:12.525048,1,1,117.35,0.5,117.1,109,,,,,,,,,,,,,,,,,,,117.6,150,,,,,,,,,,,,,,,,,,
2026-07-03T03:00:12.580342+00:00,2026-07-03T03:00:12.580258,2,1,117.35,0.5,117.1,109,116.9,100,,,,,,,,,,,,,,,,,117.6,150,,,,,,,,,,,,,,,,,,
2026-07-03T03:00:12.634012+00:00,2026-07-03T03:00:12.633953,2,2,117.25,0.3,117.1,109,116.9,100,,,,,,,,,,,,,,,,,117.4,100,117.6,150,,,,,,,,,,,,,,,,
2026-07-03T03:00:13.570209+00:00,2026-07-03T03:00:13.570394,2,2,117.25,0.3,117.1,59,116.9,100,,,,,,,,,,,,,,,,,117.4,100,117.6,150,,,,,,,,,,,,,,,,
2026-07-03T03:00:14.485010+00:00,2026-07-03T03:00:14.484948,1,1,117.15,0.5,116.9,100,,,,,,,,,,,,,,,,,,,117.4,100,,,,,,,,,,,,,,,,,,
2026-07-03T03:00:14.537771+00:00,2026-07-03T03:00:14.537721,2,1,117.2,0.4,117.0,150,116.9,100,,,,,,,,,,,,,,,,,117.4,100,,,,,,,,,,,,,,,,,,
2026-07-03T03:00:14.588964+00:00,2026-07-03T03:00:14.588913,2,2,117.2,0.4,117.0,150,116.9,100,,,,,,,,,,,,,,,,,117.4,100,117.5,150,,,,,,,,,,,,,,,,
2026-07-03T03:00:15.680728+00:00,2026-07-03T03:00:15.680594,2,2,117.2,0.4,117.0,100,116.9,100,,,,,,,,,,,,,,,,,117.4,100,117.5,150,,,,,,,,,,,,,,,,
2026-07-03T03:00:15.686004+00:00,2026-07-03T03:00:15.685859,1,1,117.25,0.5,117.0,100,,,,,,,,,,,,,,,,,,,117.5,150,,,,,,,,,,,,,,,,,,
2026-07-03T03:00:15.738943+00:00,2026-07-03T03:00:15.739047,2,1,117.25,0.5,117.0,100,116.8,100,,,,,,,,,,,,,,,,,117.5,150,,,,,,,,,,,,,,,,,,
2026-07-03T03:00:15.793328+00:00,2026-07-03T03:00:15.793235,2,2,117.15,0.3,117.0,100,116.8,100,,,,,,,,,,,,,,,,,117.3,100,117.5,150,,,,,,,,,,,,,,,,
2026-07-03T03:00:16.465335+00:00,2026-07-03T03:00:16.465235,2,2,117.15,0.3,117.0,100,116.8,100,,,,,,,,,,,,,,,,,117.3,52,117.5,150,,,,,,,,,,,,,,,,
2026-07-03T03:00:16.978035+00:00,2026-07-03T03:00:16.977930,2,2,117.15,0.3,117.0,100,116.8,100,,,,,,,,,,,,,,,,,117.3,3,117.5,150,,,,,,,,,,,,,,,,
2026-07-03T03:00:17.570537+00:00,2026-07-03T03:00:17.570412,2,2,117.15,0.3,117.0,58,116.8,100,,,,,,,,,,,,,,,,,117.3,3,117.5,150,,,,,,,,,,,,,,,,
2026-07-03T03:00:17.663731+00:00,2026-07-03T03:00:17.663961,1,1,117.05,0.5,116.8,100,,,,,,,,,,,,,,,,,,,117.3,3,,,,,,,,,,,,,,,,,,
2026-07-03T03:00:17.775221+00:00,2026-07-03T03:00:17.768330,2,1,116.95,0.3,116.8,100,116.6,150,,,,,,,,,,,,,,,,,117.1,147,,,,,,,,,,,,,,,,,,
2026-07-03T03:00:17.811816+00:00,2026-07-03T03:00:17.811961,2,1,116.95,0.3,116.8,100,116.6,150,,,,,,,,,,,,,,,,,117.1,122,,,,,,,,,,,,,,,,,,
2026-07-03T03:00:18.023586+00:00,2026-07-03T03:00:18.023480,2,1,116.95,0.3,116.8,100,116.6,150,,,,,,,,,,,,,,,,,117.1,97,,,,,,,,,,,,,,,,,,
2026-07-03T03:00:18.264117+00:00,2026-07-03T03:00:18.264000,2,1,116.95,0.3,116.8,100,116.6,150,,,,,,,,,,,,,,,,,117.1,72,,,,,,,,,,,,,,,,,,
2026-07-03T03:00:18.443056+00:00,2026-07-03T03:00:18.443007,2,1,116.95,0.3,116.8,100,116.6,150,,,,,,,,,,,,,,,,,117.1,47,,,,,,,,,,,,,,,,,,
2026-07-03T03:00:18.630562+00:00,2026-07-03T03:00:18.630417,2,0,,,116.8,100,116.6,150,,,,,,,,,,,,,,,,,,,,,,,,,,,,,,,,,,,,
2026-07-03T03:00:18.864368+00:00,2026-07-03T03:00:18.864212,1,0,,,116.6,150,,,,,,,,,,,,,,,,,,,,,,,,,,,,,,,,,,,,,,
2026-07-03T03:00:18.964070+00:00,2026-07-03T03:00:18.963984,2,1,117.55,0.5,117.3,100,116.6,150,,,,,,,,,,,,,,,,,117.8,100,,,,,,,,,,,,,,,,,,
2026-07-03T03:00:20.720133+00:00,2026-07-03T03:00:20.720010,2,1,117.55,0.5,117.3,55,116.6,150,,,,,,,,,,,,,,,,,117.8,100,,,,,,,,,,,,,,,,,,
2026-07-03T03:00:20.828583+00:00,2026-07-03T03:00:20.828444,1,1,117.55,0.5,117.3,55,,,,,,,,,,,,,,,,,,,117.8,100,,,,,,,,,,,,,,,,,,
2026-07-03T03:00:20.885306+00:00,2026-07-03T03:00:20.885244,1,1,117.55,0.5,117.3,205,,,,,,,,,,,,,,,,,,,117.8,100,,,,,,,,,,,,,,,,,,
2026-07-03T03:00:20.937476+00:00,2026-07-03T03:00:20.937584,1,1,117.55,0.5,117.3,205,,,,,,,,,,,,,,,,,,,117.8,250,,,,,,,,,,,,,,,,,,
2026-07-03T03:00:21.984268+00:00,2026-07-03T03:00:21.984188,1,1,117.55,0.5,117.3,205,,,,,,,,,,,,,,,,,,,117.8,200,,,,,,,,,,,,,,,,,,
2026-07-03T03:00:22.041167+00:00,2026-07-03T03:00:22.041132,1,1,117.55,0.5,117.3,150,,,,,,,,,,,,,,,,,,,117.8,150,,,,,,,,,,,,,,,,,,
2026-07-03T03:00:22.051760+00:00,2026-07-03T03:00:22.051648,1,1,117.55,0.5,117.3,150,,,,,,,,,,,,,,,,,,,117.8,104,,,,,,,,,,,,,,,,,,
2026-07-03T03:00:22.094599+00:00,2026-07-03T03:00:22.094566,2,1,117.6,0.4,117.4,100,117.3,150,,,,,,,,,,,,,,,,,117.8,104,,,,,,,,,,,,,,,,,,
2026-07-03T03:00:22.142164+00:00,2026-07-03T03:00:22.142428,2,2,117.6,0.4,117.4,100,117.3,150,,,,,,,,,,,,,,,,,117.8,104,117.9,100,,,,,,,,,,,,,,,,
2026-07-03T03:00:23.597366+00:00,2026-07-03T03:00:23.597221,2,2,117.6,0.4,117.4,57,117.3,150,,,,,,,,,,,,,,,,,117.8,104,117.9,100,,,,,,,,,,,,,,,,
2026-07-03T03:00:23.998920+00:00,2026-07-03T03:00:23.998873,2,1,117.65,0.5,117.4,57,117.3,150,,,,,,,,,,,,,,,,,117.9,100,,,,,,,,,,,,,,,,,,
2026-07-03T03:00:24.004208+00:00,2026-07-03T03:00:24.004049,1,1,117.65,0.5,117.4,57,,,,,,,,,,,,,,,,,,,117.9,100,,,,,,,,,,,,,,,,,,
2026-07-03T03:00:24.063678+00:00,2026-07-03T03:00:24.063856,2,1,117.8,0.2,117.7,150,117.4,57,,,,,,,,,,,,,,,,,117.9,100,,,,,,,,,,,,,,,,,,
2026-07-03T03:00:24.074018+00:00,2026-07-03T03:00:24.067574,2,1,117.8,0.2,117.7,136,117.4,57,,,,,,,,,,,,,,,,,117.9,100,,,,,,,,,,,,,,,,,,
2026-07-03T03:00:24.094815+00:00,2026-07-03T03:00:24.094954,2,1,117.8,0.2,117.7,136,117.4,57,,,,,,,,,,,,,,,,,117.9,50,,,,,,,,,,,,,,,,,,
2026-07-03T03:00:24.105308+00:00,2026-07-03T03:00:24.105433,2,2,117.8,0.2,117.7,136,117.4,57,,,,,,,,,,,,,,,,,117.9,50,118.2,150,,,,,,,,,,,,,,,,
2026-07-03T03:00:24.258726+00:00,2026-07-03T03:00:24.258659,2,2,117.8,0.2,117.7,111,117.4,57,,,,,,,,,,,,,,,,,117.9,50,118.2,150,,,,,,,,,,,,,,,,
2026-07-03T03:00:24.485334+00:00,2026-07-03T03:00:24.485504,2,2,117.8,0.2,117.7,86,117.4,57,,,,,,,,,,,,,,,,,117.9,50,118.2,150,,,,,,,,,,,,,,,,
2026-07-03T03:00:24.704576+00:00,2026-07-03T03:00:24.704434,2,2,117.8,0.2,117.7,61,117.4,57,,,,,,,,,,,,,,,,,117.9,50,118.2,150,,,,,,,,,,,,,,,,
2026-07-03T03:00:24.913995+00:00,2026-07-03T03:00:24.913849,2,2,117.8,0.2,117.7,36,117.4,57,,,,,,,,,,,,,,,,,117.9,50,118.2,150,,,,,,,,,,,,,,,,
2026-07-03T03:00:25.205040+00:00,2026-07-03T03:00:25.204951,1,1,117.95,0.5,117.7,36,,,,,,,,,,,,,,,,,,,118.2,150,,,,,,,,,,,,,,,,,,
2026-07-03T03:00:25.258689+00:00,2026-07-03T03:00:25.254899,2,1,117.95,0.5,117.7,36,117.4,100,,,,,,,,,,,,,,,,,118.2,150,,,,,,,,,,,,,,,,,,
2026-07-03T03:00:25.317239+00:00,2026-07-03T03:00:25.317064,2,2,117.8,0.2,117.7,36,117.4,100,,,,,,,,,,,,,,,,,117.9,100,118.2,150,,,,,,,,,,,,,,,,
2026-07-03T03:00:27.164089+00:00,2026-07-03T03:00:27.163912,1,1,117.65,0.5,117.4,100,,,,,,,,,,,,,,,,,,,117.9,100,,,,,,,,,,,,,,,,,,
2026-07-03T03:00:27.211780+00:00,2026-07-03T03:00:27.211861,2,1,117.65,0.5,117.4,100,117.2,150,,,,,,,,,,,,,,,,,117.9,100,,,,,,,,,,,,,,,,,,
2026-07-03T03:00:27.267673+00:00,2026-07-03T03:00:27.267756,2,2,117.55,0.3,117.4,100,117.2,150,,,,,,,,,,,,,,,,,117.7,150,117.9,100,,,,,,,,,,,,,,,,
2026-07-03T03:00:27.958559+00:00,2026-07-03T03:00:27.957961,2,2,117.55,0.3,117.4,100,117.2,150,,,,,,,,,,,,,,,,,117.7,105,117.9,100,,,,,,,,,,,,,,,,
2026-07-03T03:00:28.358573+00:00,2026-07-03T03:00:28.353360,2,2,117.55,0.3,117.4,50,117.2,150,,,,,,,,,,,,,,,,,117.7,105,117.9,100,,,,,,,,,,,,,,,,
2026-07-03T03:00:28.370766+00:00,2026-07-03T03:00:28.370681,1,1,117.45,0.5,117.2,150,,,,,,,,,,,,,,,,,,,117.7,105,,,,,,,,,,,,,,,,,,
2026-07-03T03:00:28.424412+00:00,2026-07-03T03:00:28.424371,2,1,117.5,0.4,117.3,100,117.2,150,,,,,,,,,,,,,,,,,117.7,105,,,,,,,,,,,,,,,,,,
2026-07-03T03:00:28.476585+00:00,2026-07-03T03:00:28.476554,2,2,117.5,0.4,117.3,100,117.2,150,,,,,,,,,,,,,,,,,117.7,105,117.8,100,,,,,,,,,,,,,,,,
2026-07-03T03:00:30.321529+00:00,2026-07-03T03:00:30.321335,1,1,117.55,0.5,117.3,100,,,,,,,,,,,,,,,,,,,117.8,100,,,,,,,,,,,,,,,,,,
2026-07-03T03:00:30.377245+00:00,2026-07-03T03:00:30.377203,2,1,117.55,0.5,117.3,100,117.1,150,,,,,,,,,,,,,,,,,117.8,100,,,,,,,,,,,,,,,,,,
2026-07-03T03:00:30.417237+00:00,2026-07-03T03:00:30.417127,2,1,117.55,0.5,117.3,100,117.1,150,,,,,,,,,,,,,,,,,117.8,50,,,,,,,,,,,,,,,,,,
2026-07-03T03:00:30.429712+00:00,2026-07-03T03:00:30.429799,2,2,117.45,0.3,117.3,100,117.1,150,,,,,,,,,,,,,,,,,117.6,150,117.8,50,,,,,,,,,,,,,,,,
2026-07-03T03:00:30.858599+00:00,2026-07-03T03:00:30.848926,2,2,117.45,0.3,117.3,54,117.1,150,,,,,,,,,,,,,,,,,117.6,150,117.8,50,,,,,,,,,,,,,,,,
2026-07-03T03:00:31.392264+00:00,2026-07-03T03:00:31.392125,2,2,117.45,0.3,117.3,7,117.1,150,,,,,,,,,,,,,,,,,117.6,150,117.8,50,,,,,,,,,,,,,,,,
2026-07-03T03:00:31.530770+00:00,2026-07-03T03:00:31.530744,2,1,117.45,0.3,117.3,7,117.1,150,,,,,,,,,,,,,,,,,117.6,150,,,,,,,,,,,,,,,,,,
2026-07-03T03:00:31.535996+00:00,2026-07-03T03:00:31.535935,1,1,117.35,0.5,117.1,150,,,,,,,,,,,,,,,,,,,117.6,150,,,,,,,,,,,,,,,,,,
2026-07-03T03:00:31.592071+00:00,2026-07-03T03:00:31.592013,1,1,117.35,0.5,117.1,250,,,,,,,,,,,,,,,,,,,117.6,150,,,,,,,,,,,,,,,,,,
2026-07-03T03:00:31.646065+00:00,2026-07-03T03:00:31.645870,1,1,117.35,0.5,117.1,250,,,,,,,,,,,,,,,,,,,117.6,250,,,,,,,,,,,,,,,,,,
2026-07-03T03:00:32.523937+00:00,2026-07-03T03:00:32.523866,1,1,117.35,0.5,117.1,250,,,,,,,,,,,,,,,,,,,117.6,200,,,,,,,,,,,,,,,,,,
2026-07-03T03:00:33.478943+00:00,2026-07-03T03:00:33.479036,1,1,117.35,0.5,117.1,250,,,,,,,,,,,,,,,,,,,117.6,100,,,,,,,,,,,,,,,,,,
2026-07-03T03:00:33.484272+00:00,2026-07-03T03:00:33.484220,1,1,117.35,0.5,117.1,100,,,,,,,,,,,,,,,,,,,117.6,100,,,,,,,,,,,,,,,,,,
2026-07-03T03:00:33.546902+00:00,2026-07-03T03:00:33.546808,2,1,117.5,0.2,117.4,150,117.1,100,,,,,,,,,,,,,,,,,117.6,100,,,,,,,,,,,,,,,,,,
2026-07-03T03:00:33.599925+00:00,2026-07-03T03:00:33.600070,2,2,117.5,0.2,117.4,150,117.1,100,,,,,,,,,,,,,,,,,117.6,100,117.9,150,,,,,,,,,,,,,,,,
2026-07-03T03:00:34.628166+00:00,2026-07-03T03:00:34.628031,2,2,117.5,0.2,117.4,150,117.1,100,,,,,,,,,,,,,,,,,117.6,50,117.9,150,,,,,,,,,,,,,,,,
2026-07-03T03:00:34.697946+00:00,2026-07-03T03:00:34.697843,1,1,117.65,0.5,117.4,150,,,,,,,,,,,,,,,,,,,117.9,150,,,,,,,,,,,,,,,,,,
2026-07-03T03:00:34.774450+00:00,2026-07-03T03:00:34.774326,2,1,117.65,0.5,117.4,150,117.3,100,,,,,,,,,,,,,,,,,117.9,150,,,,,,,,,,,,,,,,,,
2026-07-03T03:00:34.828375+00:00,2026-07-03T03:00:34.828309,2,2,117.6,0.4,117.4,150,117.3,100,,,,,,,,,,,,,,,,,117.8,100,117.9,150,,,,,,,,,,,,,,,,
2026-07-03T03:00:36.658606+00:00,2026-07-03T03:00:36.657962,1,1,117.55,0.5,117.3,100,,,,,,,,,,,,,,,,,,,117.8,100,,,,,,,,,,,,,,,,,,
2026-07-03T03:00:36.709246+00:00,2026-07-03T03:00:36.709155,2,1,117.7,0.2,117.6,150,117.3,100,,,,,,,,,,,,,,,,,117.8,100,,,,,,,,,,,,,,,,,,
2026-07-03T03:00:36.764240+00:00,2026-07-03T03:00:36.764378,2,2,117.7,0.2,117.6,150,117.3,100,,,,,,,,,,,,,,,,,117.8,100,118.1,150,,,,,,,,,,,,,,,,
2026-07-03T03:00:37.583048+00:00,2026-07-03T03:00:37.583007,2,2,117.7,0.2,117.6,150,117.3,100,,,,,,,,,,,,,,,,,117.8,58,118.1,150,,,,,,,,,,,,,,,,
2026-07-03T03:00:37.879429+00:00,2026-07-03T03:00:37.879570,1,1,117.85,0.5,117.6,150,,,,,,,,,,,,,,,,,,,118.1,150,,,,,,,,,,,,,,,,,,
2026-07-03T03:00:37.934913+00:00,2026-07-03T03:00:37.934856,2,1,117.85,0.5,117.6,150,117.5,100,,,,,,,,,,,,,,,,,118.1,150,,,,,,,,,,,,,,,,,,
2026-07-03T03:00:38.000246+00:00,2026-07-03T03:00:37.988151,2,2,117.8,0.4,117.6,150,117.5,100,,,,,,,,,,,,,,,,,118.0,100,118.1,150,,,,,,,,,,,,,,,,
2026-07-03T03:00:38.049816+00:00,2026-07-03T03:00:38.049784,2,2,117.8,0.4,117.6,108,117.5,100,,,,,,,,,,,,,,,,,118.0,100,118.1,150,,,,,,,,,,,,,,,,
2026-07-03T03:00:38.891975+00:00,2026-07-03T03:00:38.891850,2,2,117.8,0.4,117.6,58,117.5,100,,,,,,,,,,,,,,,,,118.0,100,118.1,150,,,,,,,,,,,,,,,,
2026-07-03T03:00:39.816820+00:00,2026-07-03T03:00:39.816954,1,1,117.75,0.5,117.5,100,,,,,,,,,,,,,,,,,,,118.0,100,,,,,,,,,,,,,,,,,,
2026-07-03T03:00:39.874979+00:00,2026-07-03T03:00:39.874935,2,1,117.75,0.5,117.5,100,117.1,150,,,,,,,,,,,,,,,,,118.0,100,,,,,,,,,,,,,,,,,,
2026-07-03T03:00:39.925846+00:00,2026-07-03T03:00:39.925753,2,2,117.55,0.1,117.5,100,117.1,150,,,,,,,,,,,,,,,,,117.6,150,118.0,100,,,,,,,,,,,,,,,,
2026-07-03T03:00:40.997069+00:00,2026-07-03T03:00:40.997341,2,2,117.55,0.1,117.5,50,117.1,150,,,,,,,,,,,,,,,,,117.6,150,118.0,100,,,,,,,,,,,,,,,,
2026-07-03T03:00:41.058834+00:00,2026-07-03T03:00:41.046399,1,1,117.35,0.5,117.1,150,,,,,,,,,,,,,,,,,,,117.6,150,,,,,,,,,,,,,,,,,,
2026-07-03T03:00:41.108911+00:00,2026-07-03T03:00:41.108800,2,1,117.45,0.3,117.3,100,117.1,150,,,,,,,,,,,,,,,,,117.6,150,,,,,,,,,,,,,,,,,,
2026-07-03T03:00:41.163949+00:00,2026-07-03T03:00:41.163844,2,2,117.45,0.3,117.3,100,117.1,150,,,,,,,,,,,,,,,,,117.6,150,117.8,100,,,,,,,,,,,,,,,,
2026-07-03T03:00:42.983212+00:00,2026-07-03T03:00:42.983337,1,1,117.55,0.5,117.3,100,,,,,,,,,,,,,,,,,,,117.8,100,,,,,,,,,,,,,,,,,,
2026-07-03T03:00:43.039052+00:00,2026-07-03T03:00:43.038966,2,1,117.55,0.5,117.3,100,117.1,150,,,,,,,,,,,,,,,,,117.8,100,,,,,,,,,,,,,,,,,,
2026-07-03T03:00:43.092175+00:00,2026-07-03T03:00:43.092003,2,2,117.45,0.3,117.3,100,117.1,150,,,,,,,,,,,,,,,,,117.6,150,117.8,100,,,,,,,,,,,,,,,,
2026-07-03T03:00:43.107587+00:00,2026-07-03T03:00:43.107426,2,2,117.45,0.3,117.3,50,117.1,150,,,,,,,,,,,,,,,,,117.6,150,117.8,100,,,,,,,,,,,,,,,,
2026-07-03T03:00:43.319166+00:00,2026-07-03T03:00:43.319091,2,2,117.45,0.3,117.3,50,117.1,150,,,,,,,,,,,,,,,,,117.6,101,117.8,100,,,,,,,,,,,,,,,,
2026-07-03T03:00:43.864334+00:00,2026-07-03T03:00:43.864128,2,2,117.45,0.3,117.3,50,117.1,150,,,,,,,,,,,,,,,,,117.6,59,117.8,100,,,,,,,,,,,,,,,,
2026-07-03T03:00:44.217856+00:00,2026-07-03T03:00:44.217796,1,1,117.35,0.5,117.1,150,,,,,,,,,,,,,,,,,,,117.6,59,,,,,,,,,,,,,,,,,,
2026-07-03T03:00:44.271915+00:00,2026-07-03T03:00:44.271816,2,1,117.35,0.5,117.1,150,117.0,100,,,,,,,,,,,,,,,,,117.6,59,,,,,,,,,,,,,,,,,,
2026-07-03T03:00:44.323655+00:00,2026-07-03T03:00:44.323813,2,2,117.3,0.4,117.1,150,117.0,100,,,,,,,,,,,,,,,,,117.5,100,117.6,59,,,,,,,,,,,,,,,,
2026-07-03T03:00:44.405749+00:00,2026-07-03T03:00:44.405954,2,2,117.3,0.4,117.1,109,117.0,100,,,,,,,,,,,,,,,,,117.5,100,117.6,59,,,,,,,,,,,,,,,,
2026-07-03T03:00:44.972303+00:00,2026-07-03T03:00:44.972151,2,2,117.3,0.4,117.1,63,117.0,100,,,,,,,,,,,,,,,,,117.5,100,117.6,59,,,,,,,,,,,,,,,,
2026-07-03T03:00:45.213071+00:00,2026-07-03T03:00:45.212997,2,2,117.3,0.4,117.1,13,117.0,100,,,,,,,,,,,,,,,,,117.5,100,117.6,59,,,,,,,,,,,,,,,,
2026-07-03T03:00:46.147242+00:00,2026-07-03T03:00:46.147354,1,1,117.25,0.5,117.0,100,,,,,,,,,,,,,,,,,,,117.5,100,,,,,,,,,,,,,,,,,,
2026-07-03T03:00:46.202664+00:00,2026-07-03T03:00:46.202766,2,1,117.25,0.5,117.0,100,116.8,150,,,,,,,,,,,,,,,,,117.5,100,,,,,,,,,,,,,,,,,,
2026-07-03T03:00:46.268980+00:00,2026-07-03T03:00:46.262546,2,2,117.15,0.3,117.0,100,116.8,150,,,,,,,,,,,,,,,,,117.3,136,117.5,100,,,,,,,,,,,,,,,,
2026-07-03T03:00:47.322082+00:00,2026-07-03T03:00:47.321991,2,2,117.15,0.3,117.0,50,116.8,150,,,,,,,,,,,,,,,,,117.3,136,117.5,100,,,,,,,,,,,,,,,,
2026-07-03T03:00:47.379175+00:00,2026-07-03T03:00:47.379111,1,1,117.05,0.5,116.8,150,,,,,,,,,,,,,,,,,,,117.3,136,,,,,,,,,,,,,,,,,,
2026-07-03T03:00:47.432815+00:00,2026-07-03T03:00:47.425461,2,1,117.05,0.5,116.8,150,116.7,100,,,,,,,,,,,,,,,,,117.3,136,,,,,,,,,,,,,,,,,,
2026-07-03T03:00:47.487082+00:00,2026-07-03T03:00:47.487023,2,2,117.0,0.4,116.8,150,116.7,100,,,,,,,,,,,,,,,,,117.2,100,117.3,136,,,,,,,,,,,,,,,,
2026-07-03T03:00:48.501898+00:00,2026-07-03T03:00:48.501841,2,2,117.0,0.4,116.8,150,116.7,100,,,,,,,,,,,,,,,,,117.2,58,117.3,136,,,,,,,,,,,,,,,,
2026-07-03T03:00:49.305682+00:00,2026-07-03T03:00:49.305856,2,1,117.0,0.4,116.8,150,116.7,100,,,,,,,,,,,,,,,,,117.2,58,,,,,,,,,,,,,,,,,,
2026-07-03T03:00:49.311165+00:00,2026-07-03T03:00:49.311027,1,1,116.95,0.5,116.7,100,,,,,,,,,,,,,,,,,,,117.2,58,,,,,,,,,,,,,,,,,,
2026-07-03T03:00:49.358685+00:00,2026-07-03T03:00:49.358599,1,1,116.95,0.5,116.7,250,,,,,,,,,,,,,,,,,,,117.2,58,,,,,,,,,,,,,,,,,,
2026-07-03T03:00:49.420114+00:00,2026-07-03T03:00:49.420062,1,1,116.95,0.5,116.7,250,,,,,,,,,,,,,,,,,,,117.2,208,,,,,,,,,,,,,,,,,,
2026-07-03T03:00:49.431093+00:00,2026-07-03T03:00:49.431064,1,1,116.95,0.5,116.7,200,,,,,,,,,,,,,,,,,,,117.2,208,,,,,,,,,,,,,,,,,,
2026-07-03T03:00:50.190426+00:00,2026-07-03T03:00:50.190646,1,1,116.95,0.5,116.7,200,,,,,,,,,,,,,,,,,,,117.2,163,,,,,,,,,,,,,,,,,,
2026-07-03T03:00:50.540500+00:00,2026-07-03T03:00:50.540406,1,1,116.95,0.5,116.7,150,,,,,,,,,,,,,,,,,,,117.2,150,,,,,,,,,,,,,,,,,,
2026-07-03T03:00:50.595054+00:00,2026-07-03T03:00:50.594925,2,1,117.0,0.4,116.8,100,116.7,150,,,,,,,,,,,,,,,,,117.2,150,,,,,,,,,,,,,,,,,,
2026-07-03T03:00:50.648689+00:00,2026-07-03T03:00:50.648892,2,2,117.0,0.4,116.8,100,116.7,150,,,,,,,,,,,,,,,,,117.2,150,117.3,100,,,,,,,,,,,,,,,,
2026-07-03T03:00:51.546944+00:00,2026-07-03T03:00:51.547096,2,2,117.0,0.4,116.8,50,116.7,150,,,,,,,,,,,,,,,,,117.2,150,117.3,100,,,,,,,,,,,,,,,,
2026-07-03T03:00:51.582349+00:00,2026-07-03T03:00:51.582227,2,2,117.0,0.4,116.8,50,116.7,150,,,,,,,,,,,,,,,,,117.2,125,117.3,100,,,,,,,,,,,,,,,,
2026-07-03T03:00:51.734445+00:00,2026-07-03T03:00:51.734319,2,2,117.0,0.4,116.8,50,116.7,150,,,,,,,,,,,,,,,,,117.2,76,117.3,100,,,,,,,,,,,,,,,,
2026-07-03T03:00:51.792291+00:00,2026-07-03T03:00:51.792138,2,2,117.0,0.4,116.8,50,116.7,150,,,,,,,,,,,,,,,,,117.2,51,117.3,100,,,,,,,,,,,,,,,,
2026-07-03T03:00:52.003078+00:00,2026-07-03T03:00:52.002975,2,2,117.0,0.4,116.8,50,116.7,150,,,,,,,,,,,,,,,,,117.2,26,117.3,100,,,,,,,,,,,,,,,,
2026-07-03T03:00:52.211826+00:00,2026-07-03T03:00:52.211718,2,2,117.0,0.4,116.8,50,116.7,150,,,,,,,,,,,,,,,,,117.2,1,117.3,100,,,,,,,,,,,,,,,,
2026-07-03T03:00:52.419354+00:00,2026-07-03T03:00:52.419250,2,1,117.05,0.5,116.8,50,116.7,150,,,,,,,,,,,,,,,,,117.3,100,,,,,,,,,,,,,,,,,,
2026-07-03T03:00:52.424620+00:00,2026-07-03T03:00:52.424553,2,1,117.05,0.5,116.8,50,116.7,150,,,,,,,,,,,,,,,,,117.3,98,,,,,,,,,,,,,,,,,,
2026-07-03T03:00:52.469200+00:00,2026-07-03T03:00:52.469106,1,1,117.05,0.5,116.8,50,,,,,,,,,,,,,,,,,,,117.3,98,,,,,,,,,,,,,,,,,,
2026-07-03T03:00:52.547922+00:00,2026-07-03T03:00:52.547849,2,0,,,117.4,52,116.8,50,,,,,,,,,,,,,,,,,,,,,,,,,,,,,,,,,,,,
2026-07-03T03:00:52.577359+00:00,2026-07-03T03:00:52.577294,2,1,117.65,0.5,117.4,52,116.8,50,,,,,,,,,,,,,,,,,117.9,150,,,,,,,,,,,,,,,,,,
2026-07-03T03:00:53.658585+00:00,2026-07-03T03:00:53.653167,2,1,117.65,0.5,117.4,2,116.8,50,,,,,,,,,,,,,,,,,117.9,150,,,,,,,,,,,,,,,,,,
2026-07-03T03:00:53.702397+00:00,2026-07-03T03:00:53.702358,1,1,117.65,0.5,117.4,2,,,,,,,,,,,,,,,,,,,117.9,150,,,,,,,,,,,,,,,,,,
2026-07-03T03:00:53.765935+00:00,2026-07-03T03:00:53.756000,2,1,117.65,0.5,117.4,2,117.1,100,,,,,,,,,,,,,,,,,117.9,150,,,,,,,,,,,,,,,,,,
2026-07-03T03:00:53.810018+00:00,2026-07-03T03:00:53.809859,2,2,117.5,0.2,117.4,2,117.1,100,,,,,,,,,,,,,,,,,117.6,100,117.9,150,,,,,,,,,,,,,,,,
2026-07-03T03:00:54.807548+00:00,2026-07-03T03:00:54.807465,1,2,117.35,0.5,117.1,60,,,,,,,,,,,,,,,,,,,117.6,100,117.9,150,,,,,,,,,,,,,,,,
2026-07-03T03:00:55.629679+00:00,2026-07-03T03:00:55.629593,1,1,117.35,0.5,117.1,60,,,,,,,,,,,,,,,,,,,117.6,100,,,,,,,,,,,,,,,,,,
2026-07-03T03:00:55.685810+00:00,2026-07-03T03:00:55.685723,2,1,117.35,0.5,117.1,60,116.8,150,,,,,,,,,,,,,,,,,117.6,100,,,,,,,,,,,,,,,,,,
2026-07-03T03:00:55.737632+00:00,2026-07-03T03:00:55.737580,2,2,117.2,0.2,117.1,60,116.8,150,,,,,,,,,,,,,,,,,117.3,150,117.6,100,,,,,,,,,,,,,,,,
2026-07-03T03:00:55.758614+00:00,2026-07-03T03:00:55.755161,2,2,117.2,0.2,117.1,10,116.8,150,,,,,,,,,,,,,,,,,117.3,150,117.6,100,,,,,,,,,,,,,,,,
2026-07-03T03:00:56.863929+00:00,2026-07-03T03:00:56.863857,2,1,117.2,0.2,117.1,10,116.8,150,,,,,,,,,,,,,,,,,117.3,150,,,,,,,,,,,,,,,,,,
2026-07-03T03:00:56.868951+00:00,2026-07-03T03:00:56.869048,1,1,117.05,0.5,116.8,150,,,,,,,,,,,,,,,,,,,117.3,150,,,,,,,,,,,,,,,,,,
2026-07-03T03:00:56.918425+00:00,2026-07-03T03:00:56.918609,2,1,117.1,0.4,116.9,100,116.8,150,,,,,,,,,,,,,,,,,117.3,150,,,,,,,,,,,,,,,,,,
2026-07-03T03:00:56.970911+00:00,2026-07-03T03:00:56.971049,2,2,117.1,0.4,116.9,100,116.8,150,,,,,,,,,,,,,,,,,117.3,150,117.4,100,,,,,,,,,,,,,,,,
2026-07-03T03:00:57.020759+00:00,2026-07-03T03:00:57.020698,2,2,117.1,0.4,116.9,55,116.8,150,,,,,,,,,,,,,,,,,117.3,150,117.4,100,,,,,,,,,,,,,,,,
2026-07-03T03:00:57.869577+00:00,2026-07-03T03:00:57.869450,2,2,117.1,0.4,116.9,5,116.8,150,,,,,,,,,,,,,,,,,117.3,150,117.4,100,,,,,,,,,,,,,,,,
2026-07-03T03:00:58.101341+00:00,2026-07-03T03:00:58.101259,1,2,117.05,0.5,116.8,150,,,,,,,,,,,,,,,,,,,117.3,150,117.4,100,,,,,,,,,,,,,,,,
2026-07-03T03:00:58.792009+00:00,2026-07-03T03:00:58.791913,0,1,,,,,,,,,,,,,,,,,,,,,,,117.4,100,,,,,,,,,,,,,,,,,,
2026-07-03T03:00:58.841959+00:00,2026-07-03T03:00:58.841878,1,1,117.1,0.6,116.8,150,,,,,,,,,,,,,,,,,,,117.4,100,,,,,,,,,,,,,,,,,,
2026-07-03T03:00:58.899512+00:00,2026-07-03T03:00:58.899462,1,2,117.05,0.5,116.8,150,,,,,,,,,,,,,,,,,,,117.3,150,117.4,100,,,,,,,,,,,,,,,,
2026-07-03T03:00:59.978311+00:00,2026-07-03T03:00:59.978169,1,2,117.05,0.5,116.8,100,,,,,,,,,,,,,,,,,,,117.3,150,117.4,100,,,,,,,,,,,,,,,,
2026-07-03T03:01:00.025911+00:00,2026-07-03T03:01:00.025794,1,1,117.05,0.5,116.8,100,,,,,,,,,,,,,,,,,,,117.3,150,,,,,,,,,,,,,,,,,,
2026-07-03T03:01:00.085988+00:00,2026-07-03T03:01:00.085930,2,1,117.05,0.5,116.8,100,116.5,100,,,,,,,,,,,,,,,,,117.3,150,,,,,,,,,,,,,,,,,,
2026-07-03T03:01:00.136112+00:00,2026-07-03T03:01:00.136283,2,2,116.9,0.2,116.8,100,116.5,100,,,,,,,,,,,,,,,,,117.0,100,117.3,150,,,,,,,,,,,,,,,,
2026-07-03T03:01:00.307464+00:00,2026-07-03T03:01:00.307581,2,2,116.9,0.2,116.8,100,116.5,100,,,,,,,,,,,,,,,,,117.0,75,117.3,150,,,,,,,,,,,,,,,,
2026-07-03T03:01:00.458634+00:00,2026-07-03T03:01:00.456295,2,2,116.9,0.2,116.8,53,116.5,100,,,,,,,,,,,,,,,,,117.0,75,117.3,150,,,,,,,,,,,,,,,,
2026-07-03T03:01:00.518061+00:00,2026-07-03T03:01:00.517959,2,2,116.9,0.2,116.8,53,116.5,100,,,,,,,,,,,,,,,,,117.0,50,117.3,150,,,,,,,,,,,,,,,,
2026-07-03T03:01:00.732170+00:00,2026-07-03T03:01:00.732339,2,2,116.9,0.2,116.8,53,116.5,100,,,,,,,,,,,,,,,,,117.0,25,117.3,150,,,,,,,,,,,,,,,,
2026-07-03T03:01:00.945724+00:00,2026-07-03T03:01:00.945669,2,2,116.9,0.2,116.8,53,116.5,100,,,,,,,,,,,,,,,,,117.0,3,117.3,150,,,,,,,,,,,,,,,,
2026-07-03T03:01:01.958642+00:00,2026-07-03T03:01:01.953982,1,1,116.75,0.5,116.5,100,,,,,,,,,,,,,,,,,,,117.0,3,,,,,,,,,,,,,,,,,,
2026-07-03T03:01:02.007674+00:00,2026-07-03T03:01:02.007637,2,1,116.75,0.5,116.5,100,116.3,150,,,,,,,,,,,,,,,,,117.0,3,,,,,,,,,,,,,,,,,,
2026-07-03T03:01:02.051656+00:00,2026-07-03T03:01:02.051911,2,2,116.65,0.3,116.5,100,116.3,150,,,,,,,,,,,,,,,,,116.8,150,117.0,3,,,,,,,,,,,,,,,,
2026-07-03T03:01:02.069908+00:00,2026-07-03T03:01:02.063034,2,2,116.65,0.3,116.5,100,116.3,150,,,,,,,,,,,,,,,,,116.8,147,117.0,3,,,,,,,,,,,,,,,,
2026-07-03T03:01:02.094018+00:00,2026-07-03T03:01:02.093943,2,2,116.65,0.3,116.5,50,116.3,150,,,,,,,,,,,,,,,,,116.8,147,117.0,3,,,,,,,,,,,,,,,,
2026-07-03T03:01:03.208007+00:00,2026-07-03T03:01:03.207872,2,1,116.65,0.3,116.5,50,116.3,150,,,,,,,,,,,,,,,,,116.8,147,,,,,,,,,,,,,,,,,,
2026-07-03T03:01:03.213145+00:00,2026-07-03T03:01:03.213102,1,1,116.55,0.5,116.3,150,,,,,,,,,,,,,,,,,,,116.8,147,,,,,,,,,,,,,,,,,,
2026-07-03T03:01:03.258631+00:00,2026-07-03T03:01:03.258335,2,1,116.65,0.3,116.5,100,116.3,150,,,,,,,,,,,,,,,,,116.8,147,,,,,,,,,,,,,,,,,,
2026-07-03T03:01:03.333784+00:00,2026-07-03T03:01:03.333964,2,2,116.65,0.3,116.5,100,116.3,150,,,,,,,,,,,,,,,,,116.8,147,117.0,100,,,,,,,,,,,,,,,,
2026-07-03T03:01:04.208159+00:00,2026-07-03T03:01:04.208094,2,2,116.65,0.3,116.5,50,116.3,150,,,,,,,,,,,,,,,,,116.8,147,117.0,100,,,,,,,,,,,,,,,,
2026-07-03T03:01:05.112762+00:00,2026-07-03T03:01:05.112650,1,1,116.75,0.5,116.5,50,,,,,,,,,,,,,,,,,,,117.0,100,,,,,,,,,,,,,,,,,,
2026-07-03T03:01:05.158724+00:00,2026-07-03T03:01:05.157283,2,1,116.75,0.5,116.5,50,116.2,150,,,,,,,,,,,,,,,,,117.0,100,,,,,,,,,,,,,,,,,,
2026-07-03T03:01:05.217702+00:00,2026-07-03T03:01:05.217580,2,2,116.6,0.2,116.5,50,116.2,150,,,,,,,,,,,,,,,,,116.7,150,117.0,100,,,,,,,,,,,,,,,,
2026-07-03T03:01:06.075567+00:00,2026-07-03T03:01:06.075447,2,2,116.6,0.2,116.5,50,116.2,150,,,,,,,,,,,,,,,,,116.7,105,117.0,100,,,,,,,,,,,,,,,,
2026-07-03T03:01:06.258636+00:00,2026-07-03T03:01:06.256369,2,2,116.6,0.2,116.5,50,116.2,150,,,,,,,,,,,,,,,,,116.7,55,117.0,100,,,,,,,,,,,,,,,,
2026-07-03T03:01:06.384990+00:00,2026-07-03T03:01:06.384844,2,1,116.6,0.2,116.5,50,116.2,150,,,,,,,,,,,,,,,,,116.7,55,,,,,,,,,,,,,,,,,,
2026-07-03T03:01:06.390284+00:00,2026-07-03T03:01:06.390147,1,1,116.45,0.5,116.2,150,,,,,,,,,,,,,,,,,,,116.7,55,,,,,,,,,,,,,,,,,,
2026-07-03T03:01:06.443862+00:00,2026-07-03T03:01:06.443772,1,1,116.45,0.5,116.2,250,,,,,,,,,,,,,,,,,,,116.7,55,,,,,,,,,,,,,,,,,,
2026-07-03T03:01:06.496123+00:00,2026-07-03T03:01:06.496026,1,1,116.45,0.5,116.2,250,,,,,,,,,,,,,,,,,,,116.7,155,,,,,,,,,,,,,,,,,,
2026-07-03T03:01:07.303808+00:00,2026-07-03T03:01:07.296541,1,1,116.45,0.5,116.2,250,,,,,,,,,,,,,,,,,,,116.7,132,,,,,,,,,,,,,,,,,,
2026-07-03T03:01:08.276099+00:00,2026-07-03T03:01:08.276047,1,1,116.45,0.5,116.2,100,,,,,,,,,,,,,,,,,,,116.7,100,,,,,,,,,,,,,,,,,,
2026-07-03T03:01:08.330626+00:00,2026-07-03T03:01:08.330497,2,0,,,116.8,50,116.2,100,,,,,,,,,,,,,,,,,,,,,,,,,,,,,,,,,,,,
2026-07-03T03:01:08.381908+00:00,2026-07-03T03:01:08.381793,2,1,117.05,0.5,116.8,50,116.2,100,,,,,,,,,,,,,,,,,117.3,150,,,,,,,,,,,,,,,,,,
2026-07-03T03:01:09.270101+00:00,2026-07-03T03:01:09.270048,2,1,117.05,0.5,116.8,50,116.2,100,,,,,,,,,,,,,,,,,117.3,107,,,,,,,,,,,,,,,,,,
2026-07-03T03:01:09.545720+00:00,2026-07-03T03:01:09.545802,1,1,117.05,0.5,116.8,50,,,,,,,,,,,,,,,,,,,117.3,107,,,,,,,,,,,,,,,,,,
2026-07-03T03:01:09.598292+00:00,2026-07-03T03:01:09.598251,2,1,117.05,0.5,116.8,50,116.7,100,,,,,,,,,,,,,,,,,117.3,107,,,,,,,,,,,,,,,,,,
2026-07-03T03:01:09.658616+00:00,2026-07-03T03:01:09.653756,2,2,117.0,0.4,116.8,50,116.7,100,,,,,,,,,,,,,,,,,117.2,100,117.3,107,,,,,,,,,,,,,,,,
2026-07-03T03:01:11.006788+00:00,2026-07-03T03:01:11.006648,2,2,117.0,0.4,116.8,1,116.7,100,,,,,,,,,,,,,,,,,117.2,100,117.3,107,,,,,,,,,,,,,,,,
2026-07-03T03:01:11.440802+00:00,2026-07-03T03:01:11.440720,1,1,116.95,0.5,116.7,100,,,,,,,,,,,,,,,,,,,117.2,100,,,,,,,,,,,,,,,,,,
2026-07-03T03:01:11.495913+00:00,2026-07-03T03:01:11.495858,2,1,116.95,0.5,116.7,100,116.4,150,,,,,,,,,,,,,,,,,117.2,100,,,,,,,,,,,,,,,,,,
2026-07-03T03:01:11.558720+00:00,2026-07-03T03:01:11.558617,2,2,116.8,0.2,116.7,100,116.4,150,,,,,,,,,,,,,,,,,116.9,150,117.2,100,,,,,,,,,,,,,,,,
2026-07-03T03:01:12.565706+00:00,2026-07-03T03:01:12.565592,2,2,116.8,0.2,116.7,100,116.4,150,,,,,,,,,,,,,,,,,116.9,109,117.2,100,,,,,,,,,,,,,,,,
2026-07-03T03:01:12.704213+00:00,2026-07-03T03:01:12.704171,1,1,116.65,0.5,116.4,150,,,,,,,,,,,,,,,,,,,116.9,109,,,,,,,,,,,,,,,,,,
2026-07-03T03:01:12.759904+00:00,2026-07-03T03:01:12.760019,1,1,116.65,0.5,116.4,150,,,,,,,,,,,,,,,,,,,116.9,9,,,,,,,,,,,,,,,,,,
2026-07-03T03:01:12.814599+00:00,2026-07-03T03:01:12.814670,1,2,116.65,0.5,116.4,150,,,,,,,,,,,,,,,,,,,116.9,9,117.5,100,,,,,,,,,,,,,,,,
2026-07-03T03:01:14.603538+00:00,2026-07-03T03:01:14.603471,0,1,,,,,,,,,,,,,,,,,,,,,,,117.5,100,,,,,,,,,,,,,,,,,,
2026-07-03T03:01:14.658265+00:00,2026-07-03T03:01:14.658347,1,1,117.25,0.5,117.0,150,,,,,,,,,,,,,,,,,,,117.5,100,,,,,,,,,,,,,,,,,,
2026-07-03T03:01:14.669980+00:00,2026-07-03T03:01:14.663087,1,1,117.25,0.5,117.0,138,,,,,,,,,,,,,,,,,,,117.5,100,,,,,,,,,,,,,,,,,,
2026-07-03T03:01:14.685734+00:00,2026-07-03T03:01:14.685530,1,1,117.25,0.5,117.0,138,,,,,,,,,,,,,,,,,,,117.5,50,,,,,,,,,,,,,,,,,,
2026-07-03T03:01:14.712097+00:00,2026-07-03T03:01:14.712055,1,1,117.25,0.5,117.0,138,,,,,,,,,,,,,,,,,,,117.5,200,,,,,,,,,,,,,,,,,,
2026-07-03T03:01:15.642928+00:00,2026-07-03T03:01:15.643050,1,1,117.25,0.5,117.0,94,,,,,,,,,,,,,,,,,,,117.5,200,,,,,,,,,,,,,,,,,,
2026-07-03T03:01:15.867708+00:00,2026-07-03T03:01:15.867617,1,1,117.25,0.5,117.0,94,,,,,,,,,,,,,,,,,,,117.5,150,,,,,,,,,,,,,,,,,,
2026-07-03T03:01:15.914590+00:00,2026-07-03T03:01:15.914684,2,1,117.25,0.5,117.0,94,116.8,100,,,,,,,,,,,,,,,,,117.5,150,,,,,,,,,,,,,,,,,,
2026-07-03T03:01:15.970263+00:00,2026-07-03T03:01:15.970138,2,2,117.15,0.3,117.0,94,116.8,100,,,,,,,,,,,,,,,,,117.3,100,117.5,150,,,,,,,,,,,,,,,,
2026-07-03T03:01:16.791557+00:00,2026-07-03T03:01:16.791419,2,2,117.15,0.3,117.0,94,116.8,100,,,,,,,,,,,,,,,,,117.3,50,117.5,150,,,,,,,,,,,,,,,,
2026-07-03T03:01:17.312625+00:00,2026-07-03T03:01:17.312518,2,2,117.15,0.3,117.0,94,116.8,100,,,,,,,,,,,,,,,,,117.3,1,117.5,150,,,,,,,,,,,,,,,,
2026-07-03T03:01:17.769926+00:00,2026-07-03T03:01:17.769834,1,1,117.05,0.5,116.8,100,,,,,,,,,,,,,,,,,,,117.3,1,,,,,,,,,,,,,,,,,,
2026-07-03T03:01:17.823574+00:00,2026-07-03T03:01:17.823525,2,1,117.2,0.2,117.1,150,116.8,100,,,,,,,,,,,,,,,,,117.3,1,,,,,,,,,,,,,,,,,,
2026-07-03T03:01:17.875546+00:00,2026-07-03T03:01:17.875483,2,2,117.2,0.2,117.1,150,116.8,100,,,,,,,,,,,,,,,,,117.3,1,117.6,150,,,,,,,,,,,,,,,,
2026-07-03T03:01:18.899846+00:00,2026-07-03T03:01:18.899766,2,1,117.35,0.5,117.1,150,116.8,100,,,,,,,,,,,,,,,,,117.6,101,,,,,,,,,,,,,,,,,,
2026-07-03T03:01:19.025157+00:00,2026-07-03T03:01:19.025030,1,1,117.35,0.5,117.1,150,,,,,,,,,,,,,,,,,,,117.6,101,,,,,,,,,,,,,,,,,,
2026-07-03T03:01:19.077045+00:00,2026-07-03T03:01:19.076970,2,1,117.35,0.5,117.1,150,117.0,100,,,,,,,,,,,,,,,,,117.6,101,,,,,,,,,,,,,,,,,,
2026-07-03T03:01:19.124518+00:00,2026-07-03T03:01:19.124483,2,2,117.3,0.4,117.1,150,117.0,100,,,,,,,,,,,,,,,,,117.5,100,117.6,101,,,,,,,,,,,,,,,,
2026-07-03T03:01:20.929709+00:00,2026-07-03T03:01:20.929650,1,1,117.25,0.5,117.0,100,,,,,,,,,,,,,,,,,,,117.5,100,,,,,,,,,,,,,,,,,,
2026-07-03T03:01:20.994282+00:00,2026-07-03T03:01:20.987999,2,1,117.4,0.2,117.3,139,117.0,100,,,,,,,,,,,,,,,,,117.5,100,,,,,,,,,,,,,,,,,,
2026-07-03T03:01:21.015073+00:00,2026-07-03T03:01:21.014992,2,1,117.4,0.2,117.3,139,117.0,100,,,,,,,,,,,,,,,,,117.5,50,,,,,,,,,,,,,,,,,,
2026-07-03T03:01:21.036894+00:00,2026-07-03T03:01:21.036781,2,2,117.4,0.2,117.3,139,117.0,100,,,,,,,,,,,,,,,,,117.5,50,117.8,150,,,,,,,,,,,,,,,,
2026-07-03T03:01:21.564157+00:00,2026-07-03T03:01:21.563905,2,2,117.4,0.2,117.3,99,117.0,100,,,,,,,,,,,,,,,,,117.5,50,117.8,150,,,,,,,,,,,,,,,,
2026-07-03T03:01:22.183992+00:00,2026-07-03T03:01:22.183866,1,1,117.55,0.5,117.3,99,,,,,,,,,,,,,,,,,,,117.8,150,,,,,,,,,,,,,,,,,,
2026-07-03T03:01:22.238690+00:00,2026-07-03T03:01:22.238602,2,1,117.6,0.4,117.4,100,117.3,99,,,,,,,,,,,,,,,,,117.8,150,,,,,,,,,,,,,,,,,,
2026-07-03T03:01:22.302622+00:00,2026-07-03T03:01:22.302726,2,2,117.6,0.4,117.4,100,117.3,99,,,,,,,,,,,,,,,,,117.8,150,117.9,100,,,,,,,,,,,,,,,,
2026-07-03T03:01:23.064539+00:00,2026-07-03T03:01:23.031006,2,2,117.6,0.4,117.4,97,117.3,99,,,,,,,,,,,,,,,,,117.8,150,117.9,100,,,,,,,,,,,,,,,,
2026-07-03T03:01:23.112725+00:00,2026-07-03T03:01:23.112669,2,2,117.6,0.4,117.4,97,117.3,99,,,,,,,,,,,,,,,,,117.8,101,117.9,100,,,,,,,,,,,,,,,,
2026-07-03T03:01:23.118006+00:00,2026-07-03T03:01:23.117933,2,2,117.6,0.4,117.4,97,117.3,99,,,,,,,,,,,,,,,,,117.8,51,117.9,100,,,,,,,,,,,,,,,,
2026-07-03T03:01:23.763909+00:00,2026-07-03T03:01:23.763797,2,2,117.6,0.4,117.4,52,117.3,99,,,,,,,,,,,,,,,,,117.8,51,117.9,100,,,,,,,,,,,,,,,,
2026-07-03T03:01:24.090100+00:00,2026-07-03T03:01:24.089966,1,1,117.65,0.5,117.4,52,,,,,,,,,,,,,,,,,,,117.9,100,,,,,,,,,,,,,,,,,,
2026-07-03T03:01:24.139644+00:00,2026-07-03T03:01:24.139734,1,1,117.65,0.5,117.4,202,,,,,,,,,,,,,,,,,,,117.9,100,,,,,,,,,,,,,,,,,,
2026-07-03T03:01:24.196059+00:00,2026-07-03T03:01:24.195862,1,1,117.65,0.5,117.4,202,,,,,,,,,,,,,,,,,,,117.9,250,,,,,,,,,,,,,,,,,,
2026-07-03T03:01:25.224776+00:00,2026-07-03T03:01:25.224656,1,1,117.65,0.5,117.4,202,,,,,,,,,,,,,,,,,,,117.9,200,,,,,,,,,,,,,,,,,,
2026-07-03T03:01:25.346456+00:00,2026-07-03T03:01:25.346354,1,1,117.65,0.5,117.4,150,,,,,,,,,,,,,,,,,,,117.9,150,,,,,,,,,,,,,,,,,,
2026-07-03T03:01:25.397290+00:00,2026-07-03T03:01:25.397268,2,1,117.65,0.5,117.4,150,117.3,100,,,,,,,,,,,,,,,,,117.9,150,,,,,,,,,,,,,,,,,,
2026-07-03T03:01:25.449554+00:00,2026-07-03T03:01:25.449446,2,2,117.6,0.4,117.4,150,117.3,100,,,,,,,,,,,,,,,,,117.8,100,117.9,150,,,,,,,,,,,,,,,,
2026-07-03T03:01:27.250938+00:00,2026-07-03T03:01:27.250831,1,1,117.55,0.5,117.3,100,,,,,,,,,,,,,,,,,,,117.8,100,,,,,,,,,,,,,,,,,,
2026-07-03T03:01:27.305340+00:00,2026-07-03T03:01:27.305297,1,1,117.55,0.5,117.3,250,,,,,,,,,,,,,,,,,,,117.8,100,,,,,,,,,,,,,,,,,,
2026-07-03T03:01:27.357679+00:00,2026-07-03T03:01:27.357604,1,1,117.55,0.5,117.3,250,,,,,,,,,,,,,,,,,,,117.8,250,,,,,,,,,,,,,,,,,,
2026-07-03T03:01:27.389864+00:00,2026-07-03T03:01:27.389748,1,1,117.55,0.5,117.3,200,,,,,,,,,,,,,,,,,,,117.8,250,,,,,,,,,,,,,,,,,,
2026-07-03T03:01:28.507793+00:00,2026-07-03T03:01:28.507701,1,1,117.55,0.5,117.3,150,,,,,,,,,,,,,,,,,,,117.8,150,,,,,,,,,,,,,,,,,,
2026-07-03T03:01:28.558678+00:00,2026-07-03T03:01:28.556104,2,1,117.55,0.5,117.3,150,117.0,100,,,,,,,,,,,,,,,,,117.8,150,,,,,,,,,,,,,,,,,,
2026-07-03T03:01:28.633979+00:00,2026-07-03T03:01:28.633839,2,2,117.4,0.2,117.3,150,117.0,100,,,,,,,,,,,,,,,,,117.5,100,117.8,150,,,,,,,,,,,,,,,,
2026-07-03T03:01:29.158666+00:00,2026-07-03T03:01:29.150967,2,2,117.4,0.2,117.3,150,117.0,100,,,,,,,,,,,,,,,,,117.5,57,117.8,150,,,,,,,,,,,,,,,,
2026-07-03T03:01:30.412315+00:00,2026-07-03T03:01:30.412234,1,1,117.25,0.5,117.0,100,,,,,,,,,,,,,,,,,,,117.5,57,,,,,,,,,,,,,,,,,,
2026-07-03T03:01:30.458604+00:00,2026-07-03T03:01:30.458068,2,1,117.35,0.3,117.2,150,117.0,100,,,,,,,,,,,,,,,,,117.5,57,,,,,,,,,,,,,,,,,,
2026-07-03T03:01:30.519635+00:00,2026-07-03T03:01:30.519479,2,2,117.35,0.3,117.2,150,117.0,100,,,,,,,,,,,,,,,,,117.5,57,117.7,150,,,,,,,,,,,,,,,,
2026-07-03T03:01:30.794117+00:00,2026-07-03T03:01:30.794197,2,2,117.35,0.3,117.2,103,117.0,100,,,,,,,,,,,,,,,,,117.5,57,117.7,150,,,,,,,,,,,,,,,,
2026-07-03T03:01:31.691434+00:00,2026-07-03T03:01:31.691326,2,1,117.45,0.5,117.2,103,117.0,100,,,,,,,,,,,,,,,,,117.7,150,,,,,,,,,,,,,,,,,,
2026-07-03T03:01:31.696574+00:00,2026-07-03T03:01:31.696500,1,1,117.45,0.5,117.2,103,,,,,,,,,,,,,,,,,,,117.7,150,,,,,,,,,,,,,,,,,,
2026-07-03T03:01:31.750295+00:00,2026-07-03T03:01:31.750231,2,1,117.45,0.5,117.2,103,117.1,100,,,,,,,,,,,,,,,,,117.7,150,,,,,,,,,,,,,,,,,,
2026-07-03T03:01:31.805024+00:00,2026-07-03T03:01:31.804962,2,2,117.4,0.4,117.2,103,117.1,100,,,,,,,,,,,,,,,,,117.6,100,117.7,150,,,,,,,,,,,,,,,,
2026-07-03T03:01:33.267351+00:00,2026-07-03T03:01:33.267485,2,2,117.4,0.4,117.2,57,117.1,100,,,,,,,,,,,,,,,,,117.6,100,117.7,150,,,,,,,,,,,,,,,,
2026-07-03T03:01:33.574546+00:00,2026-07-03T03:01:33.574467,1,1,117.35,0.5,117.1,100,,,,,,,,,,,,,,,,,,,117.6,100,,,,,,,,,,,,,,,,,,
2026-07-03T03:01:33.629235+00:00,2026-07-03T03:01:33.629151,2,1,117.35,0.5,117.1,100,116.7,150,,,,,,,,,,,,,,,,,117.6,100,,,,,,,,,,,,,,,,,,
2026-07-03T03:01:33.682527+00:00,2026-07-03T03:01:33.682610,2,2,117.15,0.1,117.1,100,116.7,150,,,,,,,,,,,,,,,,,117.2,150,117.6,100,,,,,,,,,,,,,,,,
2026-07-03T03:01:33.706727+00:00,2026-07-03T03:01:33.706692,2,2,117.15,0.1,117.1,50,116.7,150,,,,,,,,,,,,,,,,,117.2,150,117.6,100,,,,,,,,,,,,,,,,
2026-07-03T03:01:34.855468+00:00,2026-07-03T03:01:34.855366,1,1,116.95,0.5,116.7,150,,,,,,,,,,,,,,,,,,,117.2,150,,,,,,,,,,,,,,,,,,
2026-07-03T03:01:34.912206+00:00,2026-07-03T03:01:34.912357,2,1,117.1,0.2,117.0,100,116.7,150,,,,,,,,,,,,,,,,,117.2,150,,,,,,,,,,,,,,,,,,
2026-07-03T03:01:34.958683+00:00,2026-07-03T03:01:34.957823,2,2,117.1,0.2,117.0,100,116.7,150,,,,,,,,,,,,,,,,,117.2,150,117.5,100,,,,,,,,,,,,,,,,
2026-07-03T03:01:35.814531+00:00,2026-07-03T03:01:35.814461,2,2,117.1,0.2,117.0,50,116.7,150,,,,,,,,,,,,,,,,,117.2,150,117.5,100,,,,,,,,,,,,,,,,
2026-07-03T03:01:36.736601+00:00,2026-07-03T03:01:36.736497,1,1,117.25,0.5,117.0,50,,,,,,,,,,,,,,,,,,,117.5,100,,,,,,,,,,,,,,,,,,
2026-07-03T03:01:36.790521+00:00,2026-07-03T03:01:36.790617,2,1,117.25,0.5,117.0,50,116.8,150,,,,,,,,,,,,,,,,,117.5,100,,,,,,,,,,,,,,,,,,
2026-07-03T03:01:36.843599+00:00,2026-07-03T03:01:36.843488,2,2,117.15,0.3,117.0,50,116.8,150,,,,,,,,,,,,,,,,,117.3,150,117.5,100,,,,,,,,,,,,,,,,
2026-07-03T03:01:36.898853+00:00,2026-07-03T03:01:36.898789,2,2,117.15,0.3,117.0,50,116.8,150,,,,,,,,,,,,,,,,,117.3,104,117.5,100,,,,,,,,,,,,,,,,
2026-07-03T03:01:38.016853+00:00,2026-07-03T03:01:38.016652,2,1,117.15,0.3,117.0,50,116.8,150,,,,,,,,,,,,,,,,,117.3,104,,,,,,,,,,,,,,,,,,
2026-07-03T03:01:38.022110+00:00,2026-07-03T03:01:38.021945,1,1,117.05,0.5,116.8,150,,,,,,,,,,,,,,,,,,,117.3,104,,,,,,,,,,,,,,,,,,
2026-07-03T03:01:38.074529+00:00,2026-07-03T03:01:38.074394,1,1,117.05,0.5,116.8,250,,,,,,,,,,,,,,,,,,,117.3,104,,,,,,,,,,,,,,,,,,
2026-07-03T03:01:38.124071+00:00,2026-07-03T03:01:38.123961,1,1,117.05,0.5,116.8,250,,,,,,,,,,,,,,,,,,,117.3,204,,,,,,,,,,,,,,,,,,
2026-07-03T03:01:39.896908+00:00,2026-07-03T03:01:39.897023,1,1,117.05,0.5,116.8,100,,,,,,,,,,,,,,,,,,,117.3,100,,,,,,,,,,,,,,,,,,
2026-07-03T03:01:39.950751+00:00,2026-07-03T03:01:39.950879,2,0,,,117.4,50,116.8,100,,,,,,,,,,,,,,,,,,,,,,,,,,,,,,,,,,,,
2026-07-03T03:01:40.005163+00:00,2026-07-03T03:01:40.005047,2,1,117.65,0.5,117.4,50,116.8,100,,,,,,,,,,,,,,,,,117.9,150,,,,,,,,,,,,,,,,,,
2026-07-03T03:01:40.025878+00:00,2026-07-03T03:01:40.025800,1,1,117.35,1.1,116.8,100,,,,,,,,,,,,,,,,,,,117.9,150,,,,,,,,,,,,,,,,,,
2026-07-03T03:01:40.094614+00:00,2026-07-03T03:01:40.094555,1,1,117.35,1.1,116.8,78,,,,,,,,,,,,,,,,,,,117.9,150,,,,,,,,,,,,,,,,,,
2026-07-03T03:01:41.177875+00:00,2026-07-03T03:01:41.177818,0,1,,,,,,,,,,,,,,,,,,,,,,,117.9,150,,,,,,,,,,,,,,,,,,
2026-07-03T03:01:41.230899+00:00,2026-07-03T03:01:41.230837,1,1,117.6,0.6,117.3,100,,,,,,,,,,,,,,,,,,,117.9,150,,,,,,,,,,,,,,,,,,
2026-07-03T03:01:41.284264+00:00,2026-07-03T03:01:41.284142,1,2,117.55,0.5,117.3,100,,,,,,,,,,,,,,,,,,,117.8,100,117.9,150,,,,,,,,,,,,,,,,
2026-07-03T03:01:42.133301+00:00,2026-07-03T03:01:42.133471,1,2,117.55,0.5,117.3,50,,,,,,,,,,,,,,,,,,,117.8,100,117.9,150,,,,,,,,,,,,,,,,
2026-07-03T03:01:42.194192+00:00,2026-07-03T03:01:42.194166,1,2,117.55,0.5,117.3,50,,,,,,,,,,,,,,,,,,,117.8,60,117.9,150,,,,,,,,,,,,,,,,
2026-07-03T03:01:43.058650+00:00,2026-07-03T03:01:43.049074,1,1,117.55,0.5,117.3,50,,,,,,,,,,,,,,,,,,,117.8,60,,,,,,,,,,,,,,,,,,
2026-07-03T03:01:43.109031+00:00,2026-07-03T03:01:43.108931,2,1,117.55,0.5,117.3,50,116.4,150,,,,,,,,,,,,,,,,,117.8,60,,,,,,,,,,,,,,,,,,
2026-07-03T03:01:43.168009+00:00,2026-07-03T03:01:43.162032,1,2,116.65,0.5,116.4,150,,,,,,,,,,,,,,,,,,,116.9,74,117.8,60,,,,,,,,,,,,,,,,
2026-07-03T03:01:43.775381+00:00,2026-07-03T03:01:43.767378,1,2,116.65,0.5,116.4,150,,,,,,,,,,,,,,,,,,,116.9,63,117.8,60,,,,,,,,,,,,,,,,
2026-07-03T03:01:44.339912+00:00,2026-07-03T03:01:44.339786,1,1,116.65,0.5,116.4,150,,,,,,,,,,,,,,,,,,,116.9,63,,,,,,,,,,,,,,,,,,
2026-07-03T03:01:44.370179+00:00,2026-07-03T03:01:44.364649,1,1,116.65,0.5,116.4,150,,,,,,,,,,,,,,,,,,,116.9,51,,,,,,,,,,,,,,,,,,
2026-07-03T03:01:44.391173+00:00,2026-07-03T03:01:44.391066,2,0,,,117.1,49,116.4,150,,,,,,,,,,,,,,,,,,,,,,,,,,,,,,,,,,,,
2026-07-03T03:01:44.456298+00:00,2026-07-03T03:01:44.450207,2,1,117.35,0.5,117.1,37,116.4,150,,,,,,,,,,,,,,,,,117.6,100,,,,,,,,,,,,,,,,,,
2026-07-03T03:01:44.618249+00:00,2026-07-03T03:01:44.618187,1,1,117.0,1.2,116.4,150,,,,,,,,,,,,,,,,,,,117.6,100,,,,,,,,,,,,,,,,,,
2026-07-03T03:01:46.221037+00:00,2026-07-03T03:01:46.220975,0,1,,,,,,,,,,,,,,,,,,,,,,,117.6,100,,,,,,,,,,,,,,,,,,
2026-07-03T03:01:46.285060+00:00,2026-07-03T03:01:46.278249,1,1,117.5,0.2,117.4,127,,,,,,,,,,,,,,,,,,,117.6,100,,,,,,,,,,,,,,,,,,
2026-07-03T03:01:46.321718+00:00,2026-07-03T03:01:46.321587,1,2,117.5,0.2,117.4,127,,,,,,,,,,,,,,,,,,,117.6,100,117.9,150,,,,,,,,,,,,,,,,
2026-07-03T03:01:46.658935+00:00,2026-07-03T03:01:46.651730,1,2,117.5,0.2,117.4,113,,,,,,,,,,,,,,,,,,,117.6,100,117.9,150,,,,,,,,,,,,,,,,
2026-07-03T03:01:47.498154+00:00,2026-07-03T03:01:47.498093,1,1,117.65,0.5,117.4,113,,,,,,,,,,,,,,,,,,,117.9,150,,,,,,,,,,,,,,,,,,
2026-07-03T03:01:47.558601+00:00,2026-07-03T03:01:47.549974,2,1,117.65,0.5,117.4,113,117.2,100,,,,,,,,,,,,,,,,,117.9,150,,,,,,,,,,,,,,,,,,
2026-07-03T03:01:47.601309+00:00,2026-07-03T03:01:47.601225,2,2,117.55,0.3,117.4,113,117.2,100,,,,,,,,,,,,,,,,,117.7,100,117.9,150,,,,,,,,,,,,,,,,
2026-07-03T03:01:48.181636+00:00,2026-07-03T03:01:48.181545,2,2,117.55,0.3,117.4,65,117.2,100,,,,,,,,,,,,,,,,,117.7,100,117.9,150,,,,,,,,,,,,,,,,
2026-07-03T03:01:48.403671+00:00,2026-07-03T03:01:48.403560,2,2,117.55,0.3,117.4,65,117.2,100,,,,,,,,,,,,,,,,,117.7,50,117.9,150,,,,,,,,,,,,,,,,
2026-07-03T03:01:49.379863+00:00,2026-07-03T03:01:49.379802,1,1,117.45,0.5,117.2,100,,,,,,,,,,,,,,,,,,,117.7,50,,,,,,,,,,,,,,,,,,
2026-07-03T03:01:49.434020+00:00,2026-07-03T03:01:49.433983,2,1,117.45,0.5,117.2,100,117.0,150,,,,,,,,,,,,,,,,,117.7,50,,,,,,,,,,,,,,,,,,
2026-07-03T03:01:49.487055+00:00,2026-07-03T03:01:49.487023,2,2,117.35,0.3,117.2,100,117.0,150,,,,,,,,,,,,,,,,,117.5,150,117.7,50,,,,,,,,,,,,,,,,
2026-07-03T03:01:50.508036+00:00,2026-07-03T03:01:50.507874,2,2,117.35,0.3,117.2,100,117.0,150,,,,,,,,,,,,,,,,,117.5,100,117.7,50,,,,,,,,,,,,,,,,
2026-07-03T03:01:50.664077+00:00,2026-07-03T03:01:50.664035,1,1,117.25,0.5,117.0,150,,,,,,,,,,,,,,,,,,,117.5,100,,,,,,,,,,,,,,,,,,
2026-07-03T03:01:50.709594+00:00,2026-07-03T03:01:50.709562,2,1,117.25,0.5,117.0,150,116.9,100,,,,,,,,,,,,,,,,,117.5,100,,,,,,,,,,,,,,,,,,
2026-07-03T03:01:50.762832+00:00,2026-07-03T03:01:50.762958,2,2,117.2,0.4,117.0,150,116.9,100,,,,,,,,,,,,,,,,,117.4,100,117.5,100,,,,,,,,,,,,,,,,
2026-07-03T03:01:52.541412+00:00,2026-07-03T03:01:52.541278,1,1,117.15,0.5,116.9,100,,,,,,,,,,,,,,,,,,,117.4,100,,,,,,,,,,,,,,,,,,
2026-07-03T03:01:52.596410+00:00,2026-07-03T03:01:52.596498,2,1,117.35,0.1,117.3,150,116.9,100,,,,,,,,,,,,,,,,,117.4,100,,,,,,,,,,,,,,,,,,
2026-07-03T03:01:52.614566+00:00,2026-07-03T03:01:52.614486,2,1,117.35,0.1,117.3,150,116.9,100,,,,,,,,,,,,,,,,,117.4,50,,,,,,,,,,,,,,,,,,
2026-07-03T03:01:52.646151+00:00,2026-07-03T03:01:52.646040,2,2,117.35,0.1,117.3,150,116.9,100,,,,,,,,,,,,,,,,,117.4,50,117.8,150,,,,,,,,,,,,,,,,
2026-07-03T03:01:53.820284+00:00,2026-07-03T03:01:53.820168,1,1,117.55,0.5,117.3,150,,,,,,,,,,,,,,,,,,,117.8,150,,,,,,,,,,,,,,,,,,
2026-07-03T03:01:53.871115+00:00,2026-07-03T03:01:53.871014,2,1,117.55,0.5,117.3,150,117.0,100,,,,,,,,,,,,,,,,,117.8,150,,,,,,,,,,,,,,,,,,
2026-07-03T03:01:53.921944+00:00,2026-07-03T03:01:53.921841,2,2,117.4,0.2,117.3,150,117.0,100,,,,,,,,,,,,,,,,,117.5,100,117.8,150,,,,,,,,,,,,,,,,
2026-07-03T03:01:54.723035+00:00,2026-07-03T03:01:54.722844,2,2,117.4,0.2,117.3,150,117.0,100,,,,,,,,,,,,,,,,,117.5,50,117.8,150,,,,,,,,,,,,,,,,
2026-07-03T03:01:55.703323+00:00,2026-07-03T03:01:55.703277,1,1,117.25,0.5,117.0,100,,,,,,,,,,,,,,,,,,,117.5,50,,,,,,,,,,,,,,,,,,
2026-07-03T03:01:55.758654+00:00,2026-07-03T03:01:55.754223,2,1,117.4,0.2,117.3,150,117.0,100,,,,,,,,,,,,,,,,,117.5,50,,,,,,,,,,,,,,,,,,
2026-07-03T03:01:55.810553+00:00,2026-07-03T03:01:55.810702,2,2,117.4,0.2,117.3,150,117.0,100,,,,,,,,,,,,,,,,,117.5,50,117.8,150,,,,,,,,,,,,,,,,
2026-07-03T03:01:55.831588+00:00,2026-07-03T03:01:55.831562,2,2,117.4,0.2,117.3,150,117.0,100,,,,,,,,,,,,,,,,,117.5,5,117.8,150,,,,,,,,,,,,,,,,
2026-07-03T03:01:56.975614+00:00,2026-07-03T03:01:56.975511,1,1,117.55,0.5,117.3,150,,,,,,,,,,,,,,,,,,,117.8,150,,,,,,,,,,,,,,,,,,
2026-07-03T03:01:57.032128+00:00,2026-07-03T03:01:57.032043,2,1,117.65,0.3,117.5,100,117.3,150,,,,,,,,,,,,,,,,,117.8,150,,,,,,,,,,,,,,,,,,
2026-07-03T03:01:57.085018+00:00,2026-07-03T03:01:57.084884,2,2,117.65,0.3,117.5,100,117.3,150,,,,,,,,,,,,,,,,,117.8,150,118.0,100,,,,,,,,,,,,,,,,
2026-07-03T03:01:58.895330+00:00,2026-07-03T03:01:58.895189,1,1,117.75,0.5,117.5,100,,,,,,,,,,,,,,,,,,,118.0,100,,,,,,,,,,,,,,,,,,
2026-07-03T03:01:58.933487+00:00,2026-07-03T03:01:58.933356,1,1,117.75,0.5,117.5,100,,,,,,,,,,,,,,,,,,,118.0,50,,,,,,,,,,,,,,,,,,
2026-07-03T03:01:58.958558+00:00,2026-07-03T03:01:58.954275,2,1,117.75,0.5,117.5,100,117.3,150,,,,,,,,,,,,,,,,,118.0,50,,,,,,,,,,,,,,,,,,
2026-07-03T03:01:59.007401+00:00,2026-07-03T03:01:59.007288,2,2,117.65,0.3,117.5,100,117.3,150,,,,,,,,,,,,,,,,,117.8,150,118.0,50,,,,,,,,,,,,,,,,
2026-07-03T03:01:59.203480+00:00,2026-07-03T03:01:59.203605,2,2,117.65,0.3,117.5,100,117.3,150,,,,,,,,,,,,,,,,,117.8,101,118.0,50,,,,,,,,,,,,,,,,
2026-07-03T03:02:00.129830+00:00,2026-07-03T03:02:00.129792,2,2,117.65,0.3,117.5,100,117.3,150,,,,,,,,,,,,,,,,,117.8,79,118.0,50,,,,,,,,,,,,,,,,
2026-07-03T03:02:00.140294+00:00,2026-07-03T03:02:00.140214,1,1,117.55,0.5,117.3,150,,,,,,,,,,,,,,,,,,,117.8,79,,,,,,,,,,,,,,,,,,
2026-07-03T03:02:00.193342+00:00,2026-07-03T03:02:00.193282,2,1,117.75,0.1,117.7,100,117.3,150,,,,,,,,,,,,,,,,,117.8,79,,,,,,,,,,,,,,,,,,
2026-07-03T03:02:00.243101+00:00,2026-07-03T03:02:00.242946,2,2,117.75,0.1,117.7,100,117.3,150,,,,,,,,,,,,,,,,,117.8,79,118.2,100,,,,,,,,,,,,,,,,
2026-07-03T03:02:02.063866+00:00,2026-07-03T03:02:02.063800,1,1,117.95,0.5,117.7,100,,,,,,,,,,,,,,,,,,,118.2,100,,,,,,,,,,,,,,,,,,
2026-07-03T03:02:02.115334+00:00,2026-07-03T03:02:02.115222,2,1,117.95,0.5,117.7,100,117.6,150,,,,,,,,,,,,,,,,,118.2,100,,,,,,,,,,,,,,,,,,
2026-07-03T03:02:02.158623+00:00,2026-07-03T03:02:02.158010,2,2,117.9,0.4,117.7,100,117.6,150,,,,,,,,,,,,,,,,,118.1,150,118.2,100,,,,,,,,,,,,,,,,
2026-07-03T03:02:03.304948+00:00,2026-07-03T03:02:03.304832,1,1,117.85,0.5,117.6,150,,,,,,,,,,,,,,,,,,,118.1,150,,,,,,,,,,,,,,,,,,
2026-07-03T03:02:03.358601+00:00,2026-07-03T03:02:03.355939,2,1,117.9,0.4,117.7,100,117.6,150,,,,,,,,,,,,,,,,,118.1,150,,,,,,,,,,,,,,,,,,
2026-07-03T03:02:03.411136+00:00,2026-07-03T03:02:03.411080,2,2,117.9,0.4,117.7,100,117.6,150,,,,,,,,,,,,,,,,,118.1,150,118.2,100,,,,,,,,,,,,,,,,
2026-07-03T03:02:05.221753+00:00,2026-07-03T03:02:05.221632,1,1,117.95,0.5,117.7,100,,,,,,,,,,,,,,,,,,,118.2,100,,,,,,,,,,,,,,,,,,
2026-07-03T03:02:05.246671+00:00,2026-07-03T03:02:05.246536,1,1,117.95,0.5,117.7,100,,,,,,,,,,,,,,,,,,,118.2,50,,,,,,,,,,,,,,,,,,
2026-07-03T03:02:05.276673+00:00,2026-07-03T03:02:05.276568,1,1,117.95,0.5,117.7,250,,,,,,,,,,,,,,,,,,,118.2,50,,,,,,,,,,,,,,,,,,
2026-07-03T03:02:05.329230+00:00,2026-07-03T03:02:05.328974,1,1,117.95,0.5,117.7,250,,,,,,,,,,,,,,,,,,,118.2,200,,,,,,,,,,,,,,,,,,
2026-07-03T03:02:05.334303+00:00,2026-07-03T03:02:05.334263,1,1,117.95,0.5,117.7,208,,,,,,,,,,,,,,,,,,,118.2,200,,,,,,,,,,,,,,,,,,
2026-07-03T03:02:06.464313+00:00,2026-07-03T03:02:06.464223,1,1,117.95,0.5,117.7,208,,,,,,,,,,,,,,,,,,,118.2,150,,,,,,,,,,,,,,,,,,
2026-07-03T03:02:06.469479+00:00,2026-07-03T03:02:06.469371,1,1,117.95,0.5,117.7,150,,,,,,,,,,,,,,,,,,,118.2,150,,,,,,,,,,,,,,,,,,
2026-07-03T03:02:06.521339+00:00,2026-07-03T03:02:06.521181,2,1,118.0,0.4,117.8,100,117.7,150,,,,,,,,,,,,,,,,,118.2,150,,,,,,,,,,,,,,,,,,
2026-07-03T03:02:06.574150+00:00,2026-07-03T03:02:06.574078,2,2,118.0,0.4,117.8,100,117.7,150,,,,,,,,,,,,,,,,,118.2,150,118.3,100,,,,,,,,,,,,,,,,
2026-07-03T03:02:07.358654+00:00,2026-07-03T03:02:07.348273,2,2,118.0,0.4,117.8,100,117.7,150,,,,,,,,,,,,,,,,,118.2,100,118.3,100,,,,,,,,,,,,,,,,
2026-07-03T03:02:08.019615+00:00,2026-07-03T03:02:08.013473,2,2,118.0,0.4,117.8,97,117.7,150,,,,,,,,,,,,,,,,,118.2,100,118.3,100,,,,,,,,,,,,,,,,
2026-07-03T03:02:08.071964+00:00,2026-07-03T03:02:08.071936,2,2,118.0,0.4,117.8,72,117.7,150,,,,,,,,,,,,,,,,,118.2,100,118.3,100,,,,,,,,,,,,,,,,
2026-07-03T03:02:08.283281+00:00,2026-07-03T03:02:08.283168,2,2,118.0,0.4,117.8,47,117.7,150,,,,,,,,,,,,,,,,,118.2,100,118.3,100,,,,,,,,,,,,,,,,
2026-07-03T03:02:08.380552+00:00,2026-07-03T03:02:08.380438,1,1,118.05,0.5,117.8,47,,,,,,,,,,,,,,,,,,,118.3,100,,,,,,,,,,,,,,,,,,
2026-07-03T03:02:08.437582+00:00,2026-07-03T03:02:08.437675,2,1,118.05,0.5,117.8,47,117.7,150,,,,,,,,,,,,,,,,,118.3,100,,,,,,,,,,,,,,,,,,
2026-07-03T03:02:08.490857+00:00,2026-07-03T03:02:08.490728,2,2,118.0,0.4,117.8,47,117.7,150,,,,,,,,,,,,,,,,,118.2,150,118.3,100,,,,,,,,,,,,,,,,
2026-07-03T03:02:08.496097+00:00,2026-07-03T03:02:08.496007,2,2,118.0,0.4,117.8,22,117.7,150,,,,,,,,,,,,,,,,,118.2,150,118.3,100,,,,,,,,,,,,,,,,
2026-07-03T03:02:08.701817+00:00,2026-07-03T03:02:08.701709,1,2,117.95,0.5,117.7,150,,,,,,,,,,,,,,,,,,,118.2,150,118.3,100,,,,,,,,,,,,,,,,
2026-07-03T03:02:08.717263+00:00,2026-07-03T03:02:08.717337,1,2,117.95,0.5,117.7,148,,,,,,,,,,,,,,,,,,,118.2,150,118.3,100,,,,,,,,,,,,,,,,
2026-07-03T03:02:08.920953+00:00,2026-07-03T03:02:08.920876,1,2,117.95,0.5,117.7,147,,,,,,,,,,,,,,,,,,,118.2,150,118.3,100,,,,,,,,,,,,,,,,
2026-07-03T03:02:09.462963+00:00,2026-07-03T03:02:09.462851,1,2,117.95,0.5,117.7,147,,,,,,,,,,,,,,,,,,,118.2,100,118.3,100,,,,,,,,,,,,,,,,
2026-07-03T03:02:09.630144+00:00,2026-07-03T03:02:09.629988,1,1,117.95,0.5,117.7,147,,,,,,,,,,,,,,,,,,,118.2,100,,,,,,,,,,,,,,,,,,
2026-07-03T03:02:09.687677+00:00,2026-07-03T03:02:09.687759,2,1,117.95,0.5,117.7,147,117.4,100,,,,,,,,,,,,,,,,,118.2,100,,,,,,,,,,,,,,,,,,
2026-07-03T03:02:09.743215+00:00,2026-07-03T03:02:09.743137,2,2,117.8,0.2,117.7,147,117.4,100,,,,,,,,,,,,,,,,,117.9,100,118.2,100,,,,,,,,,,,,,,,,
2026-07-03T03:02:11.546158+00:00,2026-07-03T03:02:11.546068,1,1,117.65,0.5,117.4,100,,,,,,,,,,,,,,,,,,,117.9,100,,,,,,,,,,,,,,,,,,
2026-07-03T03:02:11.572627+00:00,2026-07-03T03:02:11.572819,1,1,117.65,0.5,117.4,100,,,,,,,,,,,,,,,,,,,117.9,50,,,,,,,,,,,,,,,,,,
2026-07-03T03:02:11.618255+00:00,2026-07-03T03:02:11.618110,2,0,,,118.0,100,117.4,100,,,,,,,,,,,,,,,,,,,,,,,,,,,,,,,,,,,,
2026-07-03T03:02:11.681604+00:00,2026-07-03T03:02:11.675987,2,1,118.25,0.5,118.0,89,117.4,100,,,,,,,,,,,,,,,,,118.5,150,,,,,,,,,,,,,,,,,,
2026-07-03T03:02:11.731642+00:00,2026-07-03T03:02:11.731496,2,1,118.25,0.5,118.0,64,117.4,100,,,,,,,,,,,,,,,,,118.5,150,,,,,,,,,,,,,,,,,,
2026-07-03T03:02:11.938992+00:00,2026-07-03T03:02:11.938848,2,1,118.25,0.5,118.0,39,117.4,100,,,,,,,,,,,,,,,,,118.5,150,,,,,,,,,,,,,,,,,,
2026-07-03T03:02:12.147162+00:00,2026-07-03T03:02:12.147084,2,1,118.25,0.5,118.0,14,117.4,100,,,,,,,,,,,,,,,,,118.5,150,,,,,,,,,,,,,,,,,,
2026-07-03T03:02:12.358572+00:00,2026-07-03T03:02:12.352996,1,1,117.95,1.1,117.4,100,,,,,,,,,,,,,,,,,,,118.5,150,,,,,,,,,,,,,,,,,,
2026-07-03T03:02:12.796004+00:00,2026-07-03T03:02:12.795820,0,1,,,,,,,,,,,,,,,,,,,,,,,118.5,150,,,,,,,,,,,,,,,,,,
2026-07-03T03:02:12.868934+00:00,2026-07-03T03:02:12.868795,1,1,118.1,0.8,117.7,100,,,,,,,,,,,,,,,,,,,118.5,150,,,,,,,,,,,,,,,,,,
2026-07-03T03:02:12.916261+00:00,2026-07-03T03:02:12.916355,1,2,117.95,0.5,117.7,100,,,,,,,,,,,,,,,,,,,118.2,100,118.5,150,,,,,,,,,,,,,,,,
2026-07-03T03:02:12.983626+00:00,2026-07-03T03:02:12.983742,1,2,117.95,0.5,117.7,98,,,,,,,,,,,,,,,,,,,118.2,100,118.5,150,,,,,,,,,,,,,,,,
2026-07-03T03:02:13.192418+00:00,2026-07-03T03:02:13.192315,1,2,117.95,0.5,117.7,96,,,,,,,,,,,,,,,,,,,118.2,100,118.5,150,,,,,,,,,,,,,,,,
2026-07-03T03:02:13.395969+00:00,2026-07-03T03:02:13.396228,1,2,117.95,0.5,117.7,95,,,,,,,,,,,,,,,,,,,118.2,100,118.5,150,,,,,,,,,,,,,,,,
2026-07-03T03:02:13.558578+00:00,2026-07-03T03:02:13.555994,1,2,117.95,0.5,117.7,49,,,,,,,,,,,,,,,,,,,118.2,100,118.5,150,,,,,,,,,,,,,,,,
2026-07-03T03:02:13.682381+00:00,2026-07-03T03:02:13.682239,1,2,117.95,0.5,117.7,49,,,,,,,,,,,,,,,,,,,118.2,50,118.5,150,,,,,,,,,,,,,,,,
2026-07-03T03:02:14.716798+00:00,2026-07-03T03:02:14.716699,1,2,117.95,0.5,117.7,5,,,,,,,,,,,,,,,,,,,118.2,50,118.5,150,,,,,,,,,,,,,,,,
2026-07-03T03:02:14.728646+00:00,2026-07-03T03:02:14.728449,1,1,117.95,0.5,117.7,5,,,,,,,,,,,,,,,,,,,118.2,50,,,,,,,,,,,,,,,,,,
2026-07-03T03:02:14.781644+00:00,2026-07-03T03:02:14.781518,2,1,117.95,0.5,117.7,5,117.3,150,,,,,,,,,,,,,,,,,118.2,50,,,,,,,,,,,,,,,,,,
2026-07-03T03:02:14.830663+00:00,2026-07-03T03:02:14.830542,2,2,117.75,0.1,117.7,5,117.3,150,,,,,,,,,,,,,,,,,117.8,150,118.2,50,,,,,,,,,,,,,,,,
2026-07-03T03:02:15.292359+00:00,2026-07-03T03:02:15.292263,2,2,117.75,0.1,117.7,5,117.3,150,,,,,,,,,,,,,,,,,117.8,105,118.2,50,,,,,,,,,,,,,,,,
2026-07-03T03:02:15.531148+00:00,2026-07-03T03:02:15.525311,2,2,117.75,0.1,117.7,5,117.3,150,,,,,,,,,,,,,,,,,117.8,94,118.2,50,,,,,,,,,,,,,,,,
2026-07-03T03:02:15.785846+00:00,2026-07-03T03:02:15.785782,2,2,117.75,0.1,117.7,5,117.3,150,,,,,,,,,,,,,,,,,117.8,44,118.2,50,,,,,,,,,,,,,,,,
2026-07-03T03:02:15.895038+00:00,2026-07-03T03:02:15.894940,2,1,117.95,0.5,117.7,5,117.3,150,,,,,,,,,,,,,,,,,118.2,50,,,,,,,,,,,,,,,,,,
2026-07-03T03:02:15.970800+00:00,2026-07-03T03:02:15.970698,1,0,,,117.3,150,,,,,,,,,,,,,,,,,,,,,,,,,,,,,,,,,,,,,,
2026-07-03T03:02:16.024651+00:00,2026-07-03T03:02:16.024544,2,0,,,117.6,100,117.3,150,,,,,,,,,,,,,,,,,,,,,,,,,,,,,,,,,,,,
2026-07-03T03:02:16.077386+00:00,2026-07-03T03:02:16.077243,2,1,117.85,0.5,117.6,100,117.3,150,,,,,,,,,,,,,,,,,118.1,100,,,,,,,,,,,,,,,,,,
2026-07-03T03:02:17.885938+00:00,2026-07-03T03:02:17.885834,1,1,117.85,0.5,117.6,100,,,,,,,,,,,,,,,,,,,118.1,100,,,,,,,,,,,,,,,,,,
2026-07-03T03:02:17.898556+00:00,2026-07-03T03:02:17.898460,1,1,117.85,0.5,117.6,100,,,,,,,,,,,,,,,,,,,118.1,50,,,,,,,,,,,,,,,,,,
2026-07-03T03:02:17.946971+00:00,2026-07-03T03:02:17.941236,2,1,118.0,0.2,117.9,139,117.6,100,,,,,,,,,,,,,,,,,118.1,50,,,,,,,,,,,,,,,,,,
2026-07-03T03:02:17.992290+00:00,2026-07-03T03:02:17.992150,2,2,118.0,0.2,117.9,139,117.6,100,,,,,,,,,,,,,,,,,118.1,50,118.4,150,,,,,,,,,,,,,,,,
2026-07-03T03:02:18.011422+00:00,2026-07-03T03:02:18.011255,2,2,118.0,0.2,117.9,133,117.6,100,,,,,,,,,,,,,,,,,118.1,50,118.4,150,,,,,,,,,,,,,,,,
2026-07-03T03:02:18.264543+00:00,2026-07-03T03:02:18.264086,2,2,118.0,0.2,117.9,86,117.6,100,,,,,,,,,,,,,,,,,118.1,50,118.4,150,,,,,,,,,,,,,,,,
2026-07-03T03:02:19.130129+00:00,2026-07-03T03:02:19.130254,1,1,118.15,0.5,117.9,86,,,,,,,,,,,,,,,,,,,118.4,150,,,,,,,,,,,,,,,,,,
2026-07-03T03:02:19.183754+00:00,2026-07-03T03:02:19.183567,2,1,118.15,0.5,117.9,86,117.6,100,,,,,,,,,,,,,,,,,118.4,150,,,,,,,,,,,,,,,,,,
2026-07-03T03:02:19.235681+00:00,2026-07-03T03:02:19.235765,2,2,118.0,0.2,117.9,86,117.6,100,,,,,,,,,,,,,,,,,118.1,100,118.4,150,,,,,,,,,,,,,,,,
2026-07-03T03:02:20.064127+00:00,2026-07-03T03:02:20.063918,2,2,118.0,0.2,117.9,36,117.6,100,,,,,,,,,,,,,,,,,118.1,100,118.4,150,,,,,,,,,,,,,,,,
2026-07-03T03:02:21.063945+00:00,2026-07-03T03:02:21.063831,1,1,117.85,0.5,117.6,100,,,,,,,,,,,,,,,,,,,118.1,100,,,,,,,,,,,,,,,,,,
2026-07-03T03:02:21.106556+00:00,2026-07-03T03:02:21.106463,2,1,117.85,0.5,117.6,100,117.4,150,,,,,,,,,,,,,,,,,118.1,100,,,,,,,,,,,,,,,,,,
2026-07-03T03:02:21.157088+00:00,2026-07-03T03:02:21.157151,2,2,117.75,0.3,117.6,100,117.4,150,,,,,,,,,,,,,,,,,117.9,150,118.1,100,,,,,,,,,,,,,,,,
2026-07-03T03:02:21.564077+00:00,2026-07-03T03:02:21.563911,2,2,117.75,0.3,117.6,100,117.4,150,,,,,,,,,,,,,,,,,117.9,109,118.1,100,,,,,,,,,,,,,,,,
2026-07-03T03:02:22.287856+00:00,2026-07-03T03:02:22.287758,1,1,117.65,0.5,117.4,150,,,,,,,,,,,,,,,,,,,117.9,109,,,,,,,,,,,,,,,,,,
2026-07-03T03:02:22.345514+00:00,2026-07-03T03:02:22.345610,2,1,117.7,0.4,117.5,100,117.4,150,,,,,,,,,,,,,,,,,117.9,109,,,,,,,,,,,,,,,,,,
2026-07-03T03:02:22.399072+00:00,2026-07-03T03:02:22.398938,2,2,117.7,0.4,117.5,100,117.4,150,,,,,,,,,,,,,,,,,117.9,109,118.0,100,,,,,,,,,,,,,,,,
2026-07-03T03:02:23.876034+00:00,2026-07-03T03:02:23.875957,2,2,117.7,0.4,117.5,53,117.4,150,,,,,,,,,,,,,,,,,117.9,109,118.0,100,,,,,,,,,,,,,,,,
2026-07-03T03:02:24.212446+00:00,2026-07-03T03:02:24.212321,1,1,117.75,0.5,117.5,53,,,,,,,,,,,,,,,,,,,118.0,100,,,,,,,,,,,,,,,,,,
2026-07-03T03:02:24.261710+00:00,2026-07-03T03:02:24.261659,1,1,117.75,0.5,117.5,153,,,,,,,,,,,,,,,,,,,118.0,100,,,,,,,,,,,,,,,,,,
2026-07-03T03:02:24.345565+00:00,2026-07-03T03:02:24.345411,1,1,117.75,0.5,117.5,153,,,,,,,,,,,,,,,,,,,118.0,250,,,,,,,,,,,,,,,,,,
2026-07-03T03:02:24.835917+00:00,2026-07-03T03:02:24.835795,1,1,117.75,0.5,117.5,106,,,,,,,,,,,,,,,,,,,118.0,250,,,,,,,,,,,,,,,,,,
2026-07-03T03:02:25.452648+00:00,2026-07-03T03:02:25.452552,1,1,117.75,0.5,117.5,106,,,,,,,,,,,,,,,,,,,118.0,150,,,,,,,,,,,,,,,,,,
2026-07-03T03:02:25.506100+00:00,2026-07-03T03:02:25.506003,2,1,117.75,0.5,117.5,106,117.1,100,,,,,,,,,,,,,,,,,118.0,150,,,,,,,,,,,,,,,,,,
2026-07-03T03:02:25.558812+00:00,2026-07-03T03:02:25.558651,2,2,117.55,0.1,117.5,106,117.1,100,,,,,,,,,,,,,,,,,117.6,100,118.0,150,,,,,,,,,,,,,,,,
2026-07-03T03:02:26.377203+00:00,2026-07-03T03:02:26.377167,2,2,117.55,0.1,117.5,56,117.1,100,,,,,,,,,,,,,,,,,117.6,100,118.0,150,,,,,,,,,,,,,,,,
2026-07-03T03:02:27.401588+00:00,2026-07-03T03:02:27.401780,1,1,117.35,0.5,117.1,100,,,,,,,,,,,,,,,,,,,117.6,100,,,,,,,,,,,,,,,,,,
2026-07-03T03:02:27.458556+00:00,2026-07-03T03:02:27.457740,1,1,117.35,0.5,117.1,250,,,,,,,,,,,,,,,,,,,117.6,100,,,,,,,,,,,,,,,,,,
2026-07-03T03:02:27.506313+00:00,2026-07-03T03:02:27.506183,1,1,117.35,0.5,117.1,250,,,,,,,,,,,,,,,,,,,117.6,250,,,,,,,,,,,,,,,,,,
2026-07-03T03:02:28.488543+00:00,2026-07-03T03:02:28.488445,1,1,117.35,0.5,117.1,200,,,,,,,,,,,,,,,,,,,117.6,250,,,,,,,,,,,,,,,,,,
2026-07-03T03:02:28.619231+00:00,2026-07-03T03:02:28.619126,1,1,117.35,0.5,117.1,150,,,,,,,,,,,,,,,,,,,117.6,150,,,,,,,,,,,,,,,,,,
2026-07-03T03:02:28.671588+00:00,2026-07-03T03:02:28.671473,1,1,117.35,0.5,117.1,250,,,,,,,,,,,,,,,,,,,117.6,150,,,,,,,,,,,,,,,,,,
2026-07-03T03:02:28.693146+00:00,2026-07-03T03:02:28.687175,1,1,117.35,0.5,117.1,250,,,,,,,,,,,,,,,,,,,117.6,139,,,,,,,,,,,,,,,,,,
2026-07-03T03:02:28.725268+00:00,2026-07-03T03:02:28.725146,1,1,117.35,0.5,117.1,250,,,,,,,,,,,,,,,,,,,117.6,239,,,,,,,,,,,,,,,,,,
2026-07-03T03:02:30.558590+00:00,2026-07-03T03:02:30.555749,1,1,117.35,0.5,117.1,100,,,,,,,,,,,,,,,,,,,117.6,100,,,,,,,,,,,,,,,,,,
2026-07-03T03:02:30.595658+00:00,2026-07-03T03:02:30.595617,1,1,117.35,0.5,117.1,50,,,,,,,,,,,,,,,,,,,117.6,100,,,,,,,,,,,,,,,,,,
2026-07-03T03:02:30.616356+00:00,2026-07-03T03:02:30.616300,2,1,117.4,0.4,117.2,150,117.1,50,,,,,,,,,,,,,,,,,117.6,100,,,,,,,,,,,,,,,,,,
2026-07-03T03:02:30.669201+00:00,2026-07-03T03:02:30.669086,2,2,117.4,0.4,117.2,150,117.1,50,,,,,,,,,,,,,,,,,117.6,100,117.7,150,,,,,,,,,,,,,,,,
2026-07-03T03:02:30.895256+00:00,2026-07-03T03:02:30.895393,2,2,117.4,0.4,117.2,150,117.1,50,,,,,,,,,,,,,,,,,117.6,57,117.7,150,,,,,,,,,,,,,,,,
2026-07-03T03:02:31.780371+00:00,2026-07-03T03:02:31.780496,1,1,117.45,0.5,117.2,150,,,,,,,,,,,,,,,,,,,117.7,150,,,,,,,,,,,,,,,,,,
2026-07-03T03:02:31.835049+00:00,2026-07-03T03:02:31.834924,2,1,117.45,0.5,117.2,150,117.0,100,,,,,,,,,,,,,,,,,117.7,150,,,,,,,,,,,,,,,,,,
2026-07-03T03:02:31.887893+00:00,2026-07-03T03:02:31.887795,2,2,117.35,0.3,117.2,150,117.0,100,,,,,,,,,,,,,,,,,117.5,100,117.7,150,,,,,,,,,,,,,,,,
2026-07-03T03:02:32.255524+00:00,2026-07-03T03:02:32.248013,2,2,117.35,0.3,117.2,150,117.0,100,,,,,,,,,,,,,,,,,117.5,97,117.7,150,,,,,,,,,,,,,,,,
2026-07-03T03:02:32.699921+00:00,2026-07-03T03:02:32.699785,2,2,117.35,0.3,117.2,100,117.0,100,,,,,,,,,,,,,,,,,117.5,97,117.7,150,,,,,,,,,,,,,,,,
2026-07-03T03:02:33.724701+00:00,2026-07-03T03:02:33.724811,1,1,117.25,0.5,117.0,100,,,,,,,,,,,,,,,,,,,117.5,97,,,,,,,,,,,,,,,,,,
2026-07-03T03:02:33.780451+00:00,2026-07-03T03:02:33.780552,1,1,117.25,0.5,117.0,250,,,,,,,,,,,,,,,,,,,117.5,97,,,,,,,,,,,,,,,,,,
2026-07-03T03:02:33.834390+00:00,2026-07-03T03:02:33.834463,1,1,117.25,0.5,117.0,250,,,,,,,,,,,,,,,,,,,117.5,247,,,,,,,,,,,,,,,,,,
2026-07-03T03:02:34.058669+00:00,2026-07-03T03:02:34.050796,1,1,117.25,0.5,117.0,250,,,,,,,,,,,,,,,,,,,117.5,222,,,,,,,,,,,,,,,,,,
2026-07-03T03:02:34.258656+00:00,2026-07-03T03:02:34.257647,1,1,117.25,0.5,117.0,250,,,,,,,,,,,,,,,,,,,117.5,197,,,,,,,,,,,,,,,,,,
2026-07-03T03:02:34.477133+00:00,2026-07-03T03:02:34.477230,1,1,117.25,0.5,117.0,250,,,,,,,,,,,,,,,,,,,117.5,172,,,,,,,,,,,,,,,,,,
2026-07-03T03:02:34.688195+00:00,2026-07-03T03:02:34.688151,1,1,117.25,0.5,117.0,250,,,,,,,,,,,,,,,,,,,117.5,147,,,,,,,,,,,,,,,,,,
2026-07-03T03:02:34.807049+00:00,2026-07-03T03:02:34.806937,1,1,117.25,0.5,117.0,200,,,,,,,,,,,,,,,,,,,117.5,147,,,,,,,,,,,,,,,,,,
2026-07-03T03:02:34.894573+00:00,2026-07-03T03:02:34.894480,1,1,117.25,0.5,117.0,200,,,,,,,,,,,,,,,,,,,117.5,122,,,,,,,,,,,,,,,,,,
2026-07-03T03:02:34.940561+00:00,2026-07-03T03:02:34.940422,1,1,117.25,0.5,117.0,150,,,,,,,,,,,,,,,,,,,117.5,122,,,,,,,,,,,,,,,,,,
2026-07-03T03:02:34.997489+00:00,2026-07-03T03:02:34.997406,2,1,117.45,0.1,117.4,100,117.0,150,,,,,,,,,,,,,,,,,117.5,122,,,,,,,,,,,,,,,,,,
2026-07-03T03:02:35.054573+00:00,2026-07-03T03:02:35.054432,2,2,117.45,0.1,117.4,100,117.0,150,,,,,,,,,,,,,,,,,117.5,122,117.9,100,,,,,,,,,,,,,,,,
2026-07-03T03:02:35.107296+00:00,2026-07-03T03:02:35.107230,2,2,117.45,0.1,117.4,100,117.0,150,,,,,,,,,,,,,,,,,117.5,97,117.9,100,,,,,,,,,,,,,,,,
2026-07-03T03:02:36.719701+00:00,2026-07-03T03:02:36.719631,2,2,117.45,0.1,117.4,100,117.0,150,,,,,,,,,,,,,,,,,117.5,72,117.9,100,,,,,,,,,,,,,,,,
2026-07-03T03:02:36.889062+00:00,2026-07-03T03:02:36.889197,1,1,117.65,0.5,117.4,100,,,,,,,,,,,,,,,,,,,117.9,100,,,,,,,,,,,,,,,,,,
2026-07-03T03:02:36.913443+00:00,2026-07-03T03:02:36.913310,1,1,117.65,0.5,117.4,50,,,,,,,,,,,,,,,,,,,117.9,100,,,,,,,,,,,,,,,,,,
2026-07-03T03:02:36.943621+00:00,2026-07-03T03:02:36.943710,2,1,117.7,0.4,117.5,150,117.4,50,,,,,,,,,,,,,,,,,117.9,100,,,,,,,,,,,,,,,,,,
2026-07-03T03:02:36.996552+00:00,2026-07-03T03:02:36.996433,2,2,117.7,0.4,117.5,150,117.4,50,,,,,,,,,,,,,,,,,117.9,100,118.0,150,,,,,,,,,,,,,,,,
2026-07-03T03:02:38.103492+00:00,2026-07-03T03:02:38.103398,1,1,117.75,0.5,117.5,150,,,,,,,,,,,,,,,,,,,118.0,150,,,,,,,,,,,,,,,,,,
2026-07-03T03:02:38.158618+00:00,2026-07-03T03:02:38.157899,2,1,117.75,0.5,117.5,150,117.3,100,,,,,,,,,,,,,,,,,118.0,150,,,,,,,,,,,,,,,,,,
2026-07-03T03:02:38.210448+00:00,2026-07-03T03:02:38.210364,2,2,117.65,0.3,117.5,150,117.3,100,,,,,,,,,,,,,,,,,117.8,100,118.0,150,,,,,,,,,,,,,,,,
2026-07-03T03:02:39.024881+00:00,2026-07-03T03:02:39.024765,2,2,117.65,0.3,117.5,100,117.3,100,,,,,,,,,,,,,,,,,117.8,100,118.0,150,,,,,,,,,,,,,,,,
2026-07-03T03:02:40.068692+00:00,2026-07-03T03:02:40.068889,1,1,117.55,0.5,117.3,100,,,,,,,,,,,,,,,,,,,117.8,100,,,,,,,,,,,,,,,,,,
2026-07-03T03:02:40.116114+00:00,2026-07-03T03:02:40.116020,1,1,117.55,0.5,117.3,250,,,,,,,,,,,,,,,,,,,117.8,100,,,,,,,,,,,,,,,,,,
2026-07-03T03:02:40.173403+00:00,2026-07-03T03:02:40.173510,1,1,117.55,0.5,117.3,250,,,,,,,,,,,,,,,,,,,117.8,250,,,,,,,,,,,,,,,,,,
2026-07-03T03:02:41.131114+00:00,2026-07-03T03:02:41.131041,1,1,117.55,0.5,117.3,200,,,,,,,,,,,,,,,,,,,117.8,250,,,,,,,,,,,,,,,,,,
2026-07-03T03:02:41.274944+00:00,2026-07-03T03:02:41.274874,1,1,117.55,0.5,117.3,150,,,,,,,,,,,,,,,,,,,117.8,150,,,,,,,,,,,,,,,,,,
2026-07-03T03:02:41.325789+00:00,2026-07-03T03:02:41.325665,2,1,117.55,0.5,117.3,150,117.2,100,,,,,,,,,,,,,,,,,117.8,150,,,,,,,,,,,,,,,,,,
2026-07-03T03:02:41.378114+00:00,2026-07-03T03:02:41.378304,2,2,117.5,0.4,117.3,150,117.2,100,,,,,,,,,,,,,,,,,117.7,100,117.8,150,,,,,,,,,,,,,,,,
2026-07-03T03:02:42.591201+00:00,2026-07-03T03:02:42.591361,2,2,117.5,0.4,117.3,150,117.2,100,,,,,,,,,,,,,,,,,117.7,54,117.8,150,,,,,,,,,,,,,,,,
2026-07-03T03:02:43.227943+00:00,2026-07-03T03:02:43.227852,1,1,117.45,0.5,117.2,100,,,,,,,,,,,,,,,,,,,117.7,54,,,,,,,,,,,,,,,,,,
2026-07-03T03:02:43.238945+00:00,2026-07-03T03:02:43.239061,1,1,117.45,0.5,117.2,50,,,,,,,,,,,,,,,,,,,117.7,54,,,,,,,,,,,,,,,,,,
2026-07-03T03:02:43.279564+00:00,2026-07-03T03:02:43.279500,2,1,117.45,0.5,117.2,50,117.1,150,,,,,,,,,,,,,,,,,117.7,54,,,,,,,,,,,,,,,,,,
2026-07-03T03:02:43.334842+00:00,2026-07-03T03:02:43.334985,2,2,117.4,0.4,117.2,50,117.1,150,,,,,,,,,,,,,,,,,117.6,150,117.7,54,,,,,,,,,,,,,,,,
2026-07-03T03:02:43.535884+00:00,2026-07-03T03:02:43.535801,2,2,117.4,0.4,117.2,50,117.1,150,,,,,,,,,,,,,,,,,117.6,105,117.7,54,,,,,,,,,,,,,,,,
2026-07-03T03:02:44.433623+00:00,2026-07-03T03:02:44.433575,2,1,117.4,0.4,117.2,50,117.1,150,,,,,,,,,,,,,,,,,117.6,105,,,,,,,,,,,,,,,,,,
2026-07-03T03:02:44.438895+00:00,2026-07-03T03:02:44.438738,1,1,117.35,0.5,117.1,150,,,,,,,,,,,,,,,,,,,117.6,105,,,,,,,,,,,,,,,,,,
2026-07-03T03:02:44.493112+00:00,2026-07-03T03:02:44.493028,2,1,117.35,0.5,117.1,150,116.6,100,,,,,,,,,,,,,,,,,117.6,105,,,,,,,,,,,,,,,,,,
2026-07-03T03:02:44.546973+00:00,2026-07-03T03:02:44.546864,2,1,117.35,0.5,117.1,50,116.6,100,,,,,,,,,,,,,,,,,117.6,105,,,,,,,,,,,,,,,,,,
2026-07-03T03:02:45.346223+00:00,2026-07-03T03:02:45.346094,1,1,117.1,1.0,116.6,100,,,,,,,,,,,,,,,,,,,117.6,105,,,,,,,,,,,,,,,,,,
2026-07-03T03:02:45.401230+00:00,2026-07-03T03:02:45.401127,1,1,117.1,1.0,116.6,100,,,,,,,,,,,,,,,,,,,117.6,83,,,,,,,,,,,,,,,,,,
2026-07-03T03:02:45.611459+00:00,2026-07-03T03:02:45.611541,1,1,117.1,1.0,116.6,56,,,,,,,,,,,,,,,,,,,117.6,83,,,,,,,,,,,,,,,,,,
2026-07-03T03:02:46.392983+00:00,2026-07-03T03:02:46.392874,1,0,,,116.6,56,,,,,,,,,,,,,,,,,,,,,,,,,,,,,,,,,,,,,,
2026-07-03T03:02:46.446447+00:00,2026-07-03T03:02:46.446402,2,0,,,116.6,56,116.4,150,,,,,,,,,,,,,,,,,,,,,,,,,,,,,,,,,,,,
2026-07-03T03:02:46.499544+00:00,2026-07-03T03:02:46.499469,2,1,116.75,0.3,116.6,56,116.4,150,,,,,,,,,,,,,,,,,116.9,150,,,,,,,,,,,,,,,,,,
2026-07-03T03:02:46.547211+00:00,2026-07-03T03:02:46.547149,2,1,116.75,0.3,116.6,56,116.4,150,,,,,,,,,,,,,,,,,116.9,125,,,,,,,,,,,,,,,,,,
2026-07-03T03:02:47.074826+00:00,2026-07-03T03:02:47.061632,2,1,116.75,0.3,116.6,56,116.4,150,,,,,,,,,,,,,,,,,116.9,122,,,,,,,,,,,,,,,,,,
2026-07-03T03:02:47.401608+00:00,2026-07-03T03:02:47.401734,2,1,116.75,0.3,116.6,56,116.4,150,,,,,,,,,,,,,,,,,116.9,72,,,,,,,,,,,,,,,,,,
2026-07-03T03:02:47.598693+00:00,2026-07-03T03:02:47.598608,1,1,116.65,0.5,116.4,150,,,,,,,,,,,,,,,,,,,116.9,72,,,,,,,,,,,,,,,,,,
2026-07-03T03:02:47.658600+00:00,2026-07-03T03:02:47.656389,2,1,116.85,0.1,116.8,100,116.4,150,,,,,,,,,,,,,,,,,116.9,72,,,,,,,,,,,,,,,,,,
2026-07-03T03:02:47.710752+00:00,2026-07-03T03:02:47.710610,2,2,116.85,0.1,116.8,100,116.4,150,,,,,,,,,,,,,,,,,116.9,72,117.3,100,,,,,,,,,,,,,,,,
2026-07-03T03:02:49.508917+00:00,2026-07-03T03:02:49.508814,2,2,116.85,0.1,116.8,100,116.4,150,,,,,,,,,,,,,,,,,116.9,22,117.3,100,,,,,,,,,,,,,,,,
2026-07-03T03:02:49.554562+00:00,2026-07-03T03:02:49.554717,1,1,117.05,0.5,116.8,100,,,,,,,,,,,,,,,,,,,117.3,100,,,,,,,,,,,,,,,,,,
2026-07-03T03:02:49.611003+00:00,2026-07-03T03:02:49.610876,2,1,117.15,0.3,117.0,150,116.8,100,,,,,,,,,,,,,,,,,117.3,100,,,,,,,,,,,,,,,,,,
2026-07-03T03:02:49.658574+00:00,2026-07-03T03:02:49.657713,2,2,117.15,0.3,117.0,150,116.8,100,,,,,,,,,,,,,,,,,117.3,100,117.5,150,,,,,,,,,,,,,,,,
2026-07-03T03:02:49.837356+00:00,2026-07-03T03:02:49.837568,2,2,117.15,0.3,117.0,109,116.8,100,,,,,,,,,,,,,,,,,117.3,100,117.5,150,,,,,,,,,,,,,,,,
2026-07-03T03:02:50.379450+00:00,2026-07-03T03:02:50.379570,2,2,117.15,0.3,117.0,109,116.8,100,,,,,,,,,,,,,,,,,117.3,53,117.5,150,,,,,,,,,,,,,,,,
2026-07-03T03:02:50.765838+00:00,2026-07-03T03:02:50.765750,1,1,117.25,0.5,117.0,109,,,,,,,,,,,,,,,,,,,117.5,150,,,,,,,,,,,,,,,,,,
2026-07-03T03:02:50.819073+00:00,2026-07-03T03:02:50.819012,2,1,117.25,0.5,117.0,109,116.9,100,,,,,,,,,,,,,,,,,117.5,150,,,,,,,,,,,,,,,,,,
2026-07-03T03:02:50.875304+00:00,2026-07-03T03:02:50.875162,2,2,117.2,0.4,117.0,109,116.9,100,,,,,,,,,,,,,,,,,117.4,100,117.5,150,,,,,,,,,,,,,,,,
2026-07-03T03:02:50.915649+00:00,2026-07-03T03:02:50.915595,2,2,117.2,0.4,117.0,109,116.9,100,,,,,,,,,,,,,,,,,117.4,57,117.5,150,,,,,,,,,,,,,,,,
2026-07-03T03:02:51.010789+00:00,2026-07-03T03:02:51.002063,2,2,117.2,0.4,117.0,106,116.9,100,,,,,,,,,,,,,,,,,117.4,57,117.5,150,,,,,,,,,,,,,,,,
2026-07-03T03:02:51.613339+00:00,2026-07-03T03:02:51.613292,2,2,117.2,0.4,117.0,106,116.9,100,,,,,,,,,,,,,,,,,117.4,7,117.5,150,,,,,,,,,,,,,,,,
2026-07-03T03:02:52.476312+00:00,2026-07-03T03:02:52.476137,2,2,117.2,0.4,117.0,63,116.9,100,,,,,,,,,,,,,,,,,117.4,7,117.5,150,,,,,,,,,,,,,,,,
2026-07-03T03:02:52.716896+00:00,2026-07-03T03:02:52.717033,1,1,117.15,0.5,116.9,100,,,,,,,,,,,,,,,,,,,117.4,7,,,,,,,,,,,,,,,,,,
2026-07-03T03:02:52.784675+00:00,2026-07-03T03:02:52.784585,2,1,117.15,0.5,116.9,100,116.7,150,,,,,,,,,,,,,,,,,117.4,7,,,,,,,,,,,,,,,,,,
2026-07-03T03:02:52.842483+00:00,2026-07-03T03:02:52.842384,2,2,117.05,0.3,116.9,100,116.7,150,,,,,,,,,,,,,,,,,117.2,150,117.4,7,,,,,,,,,,,,,,,,
2026-07-03T03:02:53.721912+00:00,2026-07-03T03:02:53.722029,2,2,117.05,0.3,116.9,100,116.7,150,,,,,,,,,,,,,,,,,117.2,100,117.4,7,,,,,,,,,,,,,,,,
2026-07-03T03:02:53.931193+00:00,2026-07-03T03:02:53.931108,2,1,117.05,0.3,116.9,100,116.7,150,,,,,,,,,,,,,,,,,117.2,100,,,,,,,,,,,,,,,,,,
2026-07-03T03:02:53.936349+00:00,2026-07-03T03:02:53.936254,1,1,116.95,0.5,116.7,150,,,,,,,,,,,,,,,,,,,117.2,100,,,,,,,,,,,,,,,,,,
2026-07-03T03:02:54.016823+00:00,2026-07-03T03:02:54.016976,2,1,117.1,0.2,117.0,100,116.7,150,,,,,,,,,,,,,,,,,117.2,100,,,,,,,,,,,,,,,,,,
2026-07-03T03:02:54.074159+00:00,2026-07-03T03:02:54.073999,2,2,117.1,0.2,117.0,100,116.7,150,,,,,,,,,,,,,,,,,117.2,100,117.5,100,,,,,,,,,,,,,,,,
2026-07-03T03:02:55.825402+00:00,2026-07-03T03:02:55.825239,2,2,117.1,0.2,117.0,100,116.7,150,,,,,,,,,,,,,,,,,117.2,57,117.5,100,,,,,,,,,,,,,,,,
2026-07-03T03:02:55.896318+00:00,2026-07-03T03:02:55.896530,1,1,117.25,0.5,117.0,100,,,,,,,,,,,,,,,,,,,117.5,100,,,,,,,,,,,,,,,,,,
2026-07-03T03:02:55.950740+00:00,2026-07-03T03:02:55.950614,1,1,117.25,0.5,117.0,250,,,,,,,,,,,,,,,,,,,117.5,100,,,,,,,,,,,,,,,,,,
2026-07-03T03:02:56.002645+00:00,2026-07-03T03:02:56.002590,1,1,117.25,0.5,117.0,250,,,,,,,,,,,,,,,,,,,117.5,250,,,,,,,,,,,,,,,,,,
2026-07-03T03:02:57.126914+00:00,2026-07-03T03:02:57.126826,1,1,117.25,0.5,117.0,150,,,,,,,,,,,,,,,,,,,117.5,150,,,,,,,,,,,,,,,,,,
2026-07-03T03:02:57.183056+00:00,2026-07-03T03:02:57.182948,2,1,117.35,0.3,117.2,100,117.0,150,,,,,,,,,,,,,,,,,117.5,150,,,,,,,,,,,,,,,,,,
2026-07-03T03:02:57.237186+00:00,2026-07-03T03:02:57.237259,2,2,117.35,0.3,117.2,100,117.0,150,,,,,,,,,,,,,,,,,117.5,150,117.7,100,,,,,,,,,,,,,,,,
2026-07-03T03:02:57.895832+00:00,2026-07-03T03:02:57.895784,2,2,117.35,0.3,117.2,57,117.0,150,,,,,,,,,,,,,,,,,117.5,150,117.7,100,,,,,,,,,,,,,,,,
2026-07-03T03:02:57.985882+00:00,2026-07-03T03:02:57.985749,2,2,117.35,0.3,117.2,7,117.0,150,,,,,,,,,,,,,,,,,117.5,150,117.7,100,,,,,,,,,,,,,,,,
2026-07-03T03:02:59.064032+00:00,2026-07-03T03:02:59.063912,1,1,117.45,0.5,117.2,7,,,,,,,,,,,,,,,,,,,117.7,100,,,,,,,,,,,,,,,,,,
2026-07-03T03:02:59.114519+00:00,2026-07-03T03:02:59.114392,2,1,117.45,0.5,117.2,7,117.0,150,,,,,,,,,,,,,,,,,117.7,100,,,,,,,,,,,,,,,,,,
2026-07-03T03:02:59.167588+00:00,2026-07-03T03:02:59.167490,2,2,117.35,0.3,117.2,7,117.0,150,,,,,,,,,,,,,,,,,117.5,150,117.7,100,,,,,,,,,,,,,,,,
2026-07-03T03:02:59.492663+00:00,2026-07-03T03:02:59.492550,2,2,117.35,0.3,117.2,7,117.0,150,,,,,,,,,,,,,,,,,117.5,109,117.7,100,,,,,,,,,,,,,,,,
2026-07-03T03:03:00.105748+00:00,2026-07-03T03:03:00.105697,1,2,117.25,0.5,117.0,107,,,,,,,,,,,,,,,,,,,117.5,109,117.7,100,,,,,,,,,,,,,,,,
2026-07-03T03:03:00.291587+00:00,2026-07-03T03:03:00.291437,1,1,117.25,0.5,117.0,107,,,,,,,,,,,,,,,,,,,117.5,109,,,,,,,,,,,,,,,,,,
2026-07-03T03:03:00.339660+00:00,2026-07-03T03:03:00.339736,2,1,117.25,0.5,117.0,107,116.7,100,,,,,,,,,,,,,,,,,117.5,109,,,,,,,,,,,,,,,,,,
2026-07-03T03:03:00.393769+00:00,2026-07-03T03:03:00.393657,2,2,117.1,0.2,117.0,107,116.7,100,,,,,,,,,,,,,,,,,117.2,100,117.5,109,,,,,,,,,,,,,,,,
2026-07-03T03:03:00.548352+00:00,2026-07-03T03:03:00.553890,2,2,117.1,0.2,117.0,59,116.7,100,,,,,,,,,,,,,,,,,117.2,100,117.5,109,,,,,,,,,,,,,,,,
2026-07-03T03:03:01.146494+00:00,2026-07-03T03:03:01.146446,2,2,117.1,0.2,117.0,15,116.7,100,,,,,,,,,,,,,,,,,117.2,100,117.5,109,,,,,,,,,,,,,,,,
2026-07-03T03:03:02.210148+00:00,2026-07-03T03:03:02.210325,1,2,116.95,0.5,116.7,65,,,,,,,,,,,,,,,,,,,117.2,100,117.5,109,,,,,,,,,,,,,,,,
2026-07-03T03:03:02.220775+00:00,2026-07-03T03:03:02.220679,1,1,116.95,0.5,116.7,65,,,,,,,,,,,,,,,,,,,117.2,100,,,,,,,,,,,,,,,,,,
2026-07-03T03:03:02.269562+00:00,2026-07-03T03:03:02.269521,2,1,116.95,0.5,116.7,65,116.4,150,,,,,,,,,,,,,,,,,117.2,100,,,,,,,,,,,,,,,,,,
2026-07-03T03:03:02.326529+00:00,2026-07-03T03:03:02.326490,2,2,116.8,0.2,116.7,65,116.4,150,,,,,,,,,,,,,,,,,116.9,150,117.2,100,,,,,,,,,,,,,,,,
2026-07-03T03:03:03.449718+00:00,2026-07-03T03:03:03.449645,1,1,116.65,0.5,116.4,150,,,,,,,,,,,,,,,,,,,116.9,150,,,,,,,,,,,,,,,,,,
2026-07-03T03:03:03.504017+00:00,2026-07-03T03:03:03.503919,1,1,116.65,0.5,116.4,250,,,,,,,,,,,,,,,,,,,116.9,150,,,,,,,,,,,,,,,,,,
2026-07-03T03:03:03.567627+00:00,2026-07-03T03:03:03.556140,1,1,116.65,0.5,116.4,250,,,,,,,,,,,,,,,,,,,116.9,250,,,,,,,,,,,,,,,,,,
2026-07-03T03:03:04.126254+00:00,2026-07-03T03:03:04.126101,1,1,116.65,0.5,116.4,250,,,,,,,,,,,,,,,,,,,116.9,207,,,,,,,,,,,,,,,,,,
2026-07-03T03:03:04.285712+00:00,2026-07-03T03:03:04.285579,1,1,116.65,0.5,116.4,250,,,,,,,,,,,,,,,,,,,116.9,157,,,,,,,,,,,,,,,,,,
2026-07-03T03:03:04.642979+00:00,2026-07-03T03:03:04.642875,1,1,116.65,0.5,116.4,250,,,,,,,,,,,,,,,,,,,116.9,117,,,,,,,,,,,,,,,,,,
2026-07-03T03:03:05.380706+00:00,2026-07-03T03:03:05.380649,1,1,116.65,0.5,116.4,100,,,,,,,,,,,,,,,,,,,116.9,100,,,,,,,,,,,,,,,,,,
2026-07-03T03:03:05.424759+00:00,2026-07-03T03:03:05.424682,1,1,116.65,0.5,116.4,78,,,,,,,,,,,,,,,,,,,116.9,100,,,,,,,,,,,,,,,,,,
2026-07-03T03:03:05.435255+00:00,2026-07-03T03:03:05.435121,2,0,,,116.9,50,116.4,78,,,,,,,,,,,,,,,,,,,,,,,,,,,,,,,,,,,,
2026-07-03T03:03:05.495882+00:00,2026-07-03T03:03:05.495858,2,1,117.15,0.5,116.9,50,116.4,78,,,,,,,,,,,,,,,,,117.4,150,,,,,,,,,,,,,,,,,,
2026-07-03T03:03:06.395414+00:00,2026-07-03T03:03:06.395494,2,1,117.15,0.5,116.9,50,116.4,78,,,,,,,,,,,,,,,,,117.4,100,,,,,,,,,,,,,,,,,,
2026-07-03T03:03:06.605680+00:00,2026-07-03T03:03:06.605571,1,1,117.15,0.5,116.9,50,,,,,,,,,,,,,,,,,,,117.4,100,,,,,,,,,,,,,,,,,,
2026-07-03T03:03:06.658547+00:00,2026-07-03T03:03:06.652785,1,1,117.15,0.5,116.9,150,,,,,,,,,,,,,,,,,,,117.4,100,,,,,,,,,,,,,,,,,,
2026-07-03T03:03:06.719512+00:00,2026-07-03T03:03:06.719340,1,1,117.15,0.5,116.9,150,,,,,,,,,,,,,,,,,,,117.4,200,,,,,,,,,,,,,,,,,,
2026-07-03T03:03:07.603730+00:00,2026-07-03T03:03:07.603622,1,1,117.15,0.5,116.9,104,,,,,,,,,,,,,,,,,,,117.4,200,,,,,,,,,,,,,,,,,,
2026-07-03T03:03:08.546849+00:00,2026-07-03T03:03:08.547004,1,1,117.15,0.5,116.9,104,,,,,,,,,,,,,,,,,,,117.4,100,,,,,,,,,,,,,,,,,,
2026-07-03T03:03:08.558581+00:00,2026-07-03T03:03:08.552152,1,1,117.15,0.5,116.9,100,,,,,,,,,,,,,,,,,,,117.4,100,,,,,,,,,,,,,,,,,,
2026-07-03T03:03:08.581477+00:00,2026-07-03T03:03:08.581440,1,1,117.15,0.5,116.9,50,,,,,,,,,,,,,,,,,,,117.4,100,,,,,,,,,,,,,,,,,,
2026-07-03T03:03:08.586711+00:00,2026-07-03T03:03:08.586630,1,1,117.15,0.5,116.9,50,,,,,,,,,,,,,,,,,,,117.4,60,,,,,,,,,,,,,,,,,,
2026-07-03T03:03:08.606166+00:00,2026-07-03T03:03:08.606080,2,1,117.15,0.5,116.9,50,116.7,150,,,,,,,,,,,,,,,,,117.4,60,,,,,,,,,,,,,,,,,,
2026-07-03T03:03:08.658883+00:00,2026-07-03T03:03:08.658832,2,2,117.05,0.3,116.9,50,116.7,150,,,,,,,,,,,,,,,,,117.2,150,117.4,60,,,,,,,,,,,,,,,,
2026-07-03T03:03:09.129598+00:00,2026-07-03T03:03:09.129463,2,2,117.05,0.3,116.9,9,116.7,150,,,,,,,,,,,,,,,,,117.2,150,117.4,60,,,,,,,,,,,,,,,,
2026-07-03T03:03:09.769837+00:00,2026-07-03T03:03:09.769985,1,1,116.95,0.5,116.7,150,,,,,,,,,,,,,,,,,,,117.2,150,,,,,,,,,,,,,,,,,,
2026-07-03T03:03:09.826915+00:00,2026-07-03T03:03:09.826858,2,1,117.1,0.2,117.0,100,116.7,150,,,,,,,,,,,,,,,,,117.2,150,,,,,,,,,,,,,,,,,,
2026-07-03T03:03:09.879179+00:00,2026-07-03T03:03:09.879153,2,2,117.1,0.2,117.0,100,116.7,150,,,,,,,,,,,,,,,,,117.2,150,117.5,100,,,,,,,,,,,,,,,,
2026-07-03T03:03:10.685767+00:00,2026-07-03T03:03:10.685725,2,2,117.1,0.2,117.0,50,116.7,150,,,,,,,,,,,,,,,,,117.2,150,117.5,100,,,,,,,,,,,,,,,,
2026-07-03T03:03:11.713361+00:00,2026-07-03T03:03:11.713230,1,1,117.25,0.5,117.0,50,,,,,,,,,,,,,,,,,,,117.5,100,,,,,,,,,,,,,,,,,,
2026-07-03T03:03:11.767666+00:00,2026-07-03T03:03:11.767470,2,1,117.25,0.5,117.0,50,116.6,150,,,,,,,,,,,,,,,,,117.5,100,,,,,,,,,,,,,,,,,,
2026-07-03T03:03:11.821052+00:00,2026-07-03T03:03:11.821002,2,2,117.05,0.1,117.0,50,116.6,150,,,,,,,,,,,,,,,,,117.1,150,117.5,100,,,,,,,,,,,,,,,,
2026-07-03T03:03:12.742873+00:00,2026-07-03T03:03:12.742750,2,2,117.05,0.1,117.0,50,116.6,150,,,,,,,,,,,,,,,,,117.1,100,117.5,100,,,,,,,,,,,,,,,,
2026-07-03T03:03:12.932714+00:00,2026-07-03T03:03:12.932653,1,1,116.85,0.5,116.6,150,,,,,,,,,,,,,,,,,,,117.1,100,,,,,,,,,,,,,,,,,,
2026-07-03T03:03:12.986329+00:00,2026-07-03T03:03:12.986280,2,1,116.95,0.3,116.8,100,116.6,150,,,,,,,,,,,,,,,,,117.1,100,,,,,,,,,,,,,,,,,,
2026-07-03T03:03:13.039353+00:00,2026-07-03T03:03:13.039241,2,2,116.95,0.3,116.8,100,116.6,150,,,,,,,,,,,,,,,,,117.1,100,117.3,100,,,,,,,,,,,,,,,,
2026-07-03T03:03:14.846546+00:00,2026-07-03T03:03:14.846498,2,2,116.95,0.3,116.8,100,116.6,150,,,,,,,,,,,,,,,,,117.1,50,117.3,100,,,,,,,,,,,,,,,,
2026-07-03T03:03:14.893953+00:00,2026-07-03T03:03:14.893856,1,1,117.05,0.5,116.8,100,,,,,,,,,,,,,,,,,,,117.3,100,,,,,,,,,,,,,,,,,,
2026-07-03T03:03:14.958601+00:00,2026-07-03T03:03:14.953906,2,1,117.2,0.2,117.1,150,116.8,100,,,,,,,,,,,,,,,,,117.3,100,,,,,,,,,,,,,,,,,,
2026-07-03T03:03:14.968916+00:00,2026-07-03T03:03:14.968840,2,1,117.2,0.2,117.1,150,116.8,100,,,,,,,,,,,,,,,,,117.3,51,,,,,,,,,,,,,,,,,,
2026-07-03T03:03:15.009079+00:00,2026-07-03T03:03:15.008958,2,2,117.2,0.2,117.1,150,116.8,100,,,,,,,,,,,,,,,,,117.3,51,117.6,150,,,,,,,,,,,,,,,,
2026-07-03T03:03:15.024511+00:00,2026-07-03T03:03:15.024413,2,2,117.2,0.2,117.1,107,116.8,100,,,,,,,,,,,,,,,,,117.3,51,117.6,150,,,,,,,,,,,,,,,,
2026-07-03T03:03:16.093684+00:00,2026-07-03T03:03:16.093630,1,1,117.35,0.5,117.1,107,,,,,,,,,,,,,,,,,,,117.6,150,,,,,,,,,,,,,,,,,,
2026-07-03T03:03:16.148580+00:00,2026-07-03T03:03:16.148472,1,1,117.35,0.5,117.1,207,,,,,,,,,,,,,,,,,,,117.6,150,,,,,,,,,,,,,,,,,,
2026-07-03T03:03:16.200685+00:00,2026-07-03T03:03:16.200610,1,1,117.35,0.5,117.1,207,,,,,,,,,,,,,,,,,,,117.6,250,,,,,,,,,,,,,,,,,,
2026-07-03T03:03:16.558993+00:00,2026-07-03T03:03:16.558916,1,1,117.35,0.5,117.1,166,,,,,,,,,,,,,,,,,,,117.6,250,,,,,,,,,,,,,,,,,,
2026-07-03T03:03:18.058581+00:00,2026-07-03T03:03:18.057370,1,1,117.35,0.5,117.1,166,,,,,,,,,,,,,,,,,,,117.6,100,,,,,,,,,,,,,,,,,,
2026-07-03T03:03:18.069466+00:00,2026-07-03T03:03:18.069359,1,1,117.35,0.5,117.1,100,,,,,,,,,,,,,,,,,,,117.6,100,,,,,,,,,,,,,,,,,,
2026-07-03T03:03:18.121336+00:00,2026-07-03T03:03:18.121277,2,1,117.35,0.5,117.1,100,116.8,150,,,,,,,,,,,,,,,,,117.6,100,,,,,,,,,,,,,,,,,,
2026-07-03T03:03:18.175488+00:00,2026-07-03T03:03:18.175363,2,2,117.2,0.2,117.1,100,116.8,150,,,,,,,,,,,,,,,,,117.3,150,117.6,100,,,,,,,,,,,,,,,,
2026-07-03T03:03:19.058697+00:00,2026-07-03T03:03:19.052136,2,2,117.2,0.2,117.1,100,116.8,150,,,,,,,,,,,,,,,,,117.3,100,117.6,100,,,,,,,,,,,,,,,,
2026-07-03T03:03:19.258613+00:00,2026-07-03T03:03:19.255191,1,1,117.05,0.5,116.8,150,,,,,,,,,,,,,,,,,,,117.3,100,,,,,,,,,,,,,,,,,,
2026-07-03T03:03:19.308708+00:00,2026-07-03T03:03:19.308621,2,1,117.1,0.4,116.9,100,116.8,150,,,,,,,,,,,,,,,,,117.3,100,,,,,,,,,,,,,,,,,,
2026-07-03T03:03:19.358651+00:00,2026-07-03T03:03:19.356084,2,2,117.1,0.4,116.9,100,116.8,150,,,,,,,,,,,,,,,,,117.3,100,117.4,100,,,,,,,,,,,,,,,,
2026-07-03T03:03:21.174135+00:00,2026-07-03T03:03:21.174214,2,2,117.1,0.4,116.9,100,116.8,150,,,,,,,,,,,,,,,,,117.3,50,117.4,100,,,,,,,,,,,,,,,,
2026-07-03T03:03:21.247918+00:00,2026-07-03T03:03:21.247848,1,1,117.15,0.5,116.9,100,,,,,,,,,,,,,,,,,,,117.4,100,,,,,,,,,,,,,,,,,,
2026-07-03T03:03:21.293787+00:00,2026-07-03T03:03:21.293691,2,1,117.3,0.2,117.2,150,116.9,100,,,,,,,,,,,,,,,,,117.4,100,,,,,,,,,,,,,,,,,,
2026-07-03T03:03:21.364039+00:00,2026-07-03T03:03:21.363895,2,2,117.3,0.2,117.2,150,116.9,100,,,,,,,,,,,,,,,,,117.4,100,117.7,150,,,,,,,,,,,,,,,,
2026-07-03T03:03:22.437916+00:00,2026-07-03T03:03:22.437838,1,1,117.45,0.5,117.2,150,,,,,,,,,,,,,,,,,,,117.7,150,,,,,,,,,,,,,,,,,,
2026-07-03T03:03:22.518714+00:00,2026-07-03T03:03:22.518604,2,1,117.45,0.5,117.2,150,116.9,100,,,,,,,,,,,,,,,,,117.7,150,,,,,,,,,,,,,,,,,,
2026-07-03T03:03:22.572573+00:00,2026-07-03T03:03:22.572505,2,2,117.3,0.2,117.2,150,116.9,100,,,,,,,,,,,,,,,,,117.4,100,117.7,150,,,,,,,,,,,,,,,,
2026-07-03T03:03:23.069808+00:00,2026-07-03T03:03:23.069033,2,2,117.3,0.2,117.2,150,116.9,100,,,,,,,,,,,,,,,,,117.4,52,117.7,150,,,,,,,,,,,,,,,,
2026-07-03T03:03:23.293503+00:00,2026-07-03T03:03:23.293347,2,2,117.3,0.2,117.2,150,116.9,100,,,,,,,,,,,,,,,,,117.4,2,117.7,150,,,,,,,,,,,,,,,,
2026-07-03T03:03:23.480827+00:00,2026-07-03T03:03:23.480700,2,1,117.45,0.5,117.2,150,116.9,100,,,,,,,,,,,,,,,,,117.7,150,,,,,,,,,,,,,,,,,,
2026-07-03T03:03:24.405376+00:00,2026-07-03T03:03:24.405299,1,0,,,116.9,100,,,,,,,,,,,,,,,,,,,,,,,,,,,,,,,,,,,,,,
2026-07-03T03:03:24.458602+00:00,2026-07-03T03:03:24.454979,2,0,,,117.1,150,116.9,100,,,,,,,,,,,,,,,,,,,,,,,,,,,,,,,,,,,,
2026-07-03T03:03:24.507310+00:00,2026-07-03T03:03:24.507413,2,1,117.35,0.5,117.1,150,116.9,100,,,,,,,,,,,,,,,,,117.6,150,,,,,,,,,,,,,,,,,,
2026-07-03T03:03:25.402174+00:00,2026-07-03T03:03:25.402067,2,1,117.35,0.5,117.1,150,116.9,100,,,,,,,,,,,,,,,,,117.6,100,,,,,,,,,,,,,,,,,,
2026-07-03T03:03:25.630730+00:00,2026-07-03T03:03:25.630665,1,1,117.35,0.5,117.1,150,,,,,,,,,,,,,,,,,,,117.6,100,,,,,,,,,,,,,,,,,,
2026-07-03T03:03:25.681135+00:00,2026-07-03T03:03:25.681042,2,1,117.4,0.4,117.2,100,117.1,150,,,,,,,,,,,,,,,,,117.6,100,,,,,,,,,,,,,,,,,,
2026-07-03T03:03:25.731756+00:00,2026-07-03T03:03:25.731686,2,2,117.4,0.4,117.2,100,117.1,150,,,,,,,,,,,,,,,,,117.6,100,117.7,100,,,,,,,,,,,,,,,,
2026-07-03T03:03:27.523563+00:00,2026-07-03T03:03:27.523533,2,2,117.4,0.4,117.2,100,117.1,150,,,,,,,,,,,,,,,,,117.6,50,117.7,100,,,,,,,,,,,,,,,,
2026-07-03T03:03:27.558600+00:00,2026-07-03T03:03:27.557776,1,1,117.45,0.5,117.2,100,,,,,,,,,,,,,,,,,,,117.7,100,,,,,,,,,,,,,,,,,,
2026-07-03T03:03:27.626900+00:00,2026-07-03T03:03:27.621263,2,1,117.6,0.2,117.5,111,117.2,100,,,,,,,,,,,,,,,,,117.7,100,,,,,,,,,,,,,,,,,,
2026-07-03T03:03:27.670496+00:00,2026-07-03T03:03:27.670570,2,2,117.6,0.2,117.5,111,117.2,100,,,,,,,,,,,,,,,,,117.7,100,118.0,150,,,,,,,,,,,,,,,,
2026-07-03T03:03:27.830590+00:00,2026-07-03T03:03:27.830703,2,2,117.6,0.2,117.5,86,117.2,100,,,,,,,,,,,,,,,,,117.7,100,118.0,150,,,,,,,,,,,,,,,,
2026-07-03T03:03:28.785749+00:00,2026-07-03T03:03:28.785604,2,1,117.75,0.5,117.5,86,117.2,100,,,,,,,,,,,,,,,,,118.0,150,,,,,,,,,,,,,,,,,,
2026-07-03T03:03:28.790853+00:00,2026-07-03T03:03:28.790747,1,1,117.75,0.5,117.5,86,,,,,,,,,,,,,,,,,,,118.0,150,,,,,,,,,,,,,,,,,,
2026-07-03T03:03:28.839470+00:00,2026-07-03T03:03:28.839404,2,1,117.75,0.5,117.5,86,117.4,100,,,,,,,,,,,,,,,,,118.0,150,,,,,,,,,,,,,,,,,,
2026-07-03T03:03:28.893393+00:00,2026-07-03T03:03:28.893245,2,2,117.7,0.4,117.5,86,117.4,100,,,,,,,,,,,,,,,,,117.9,100,118.0,150,,,,,,,,,,,,,,,,
2026-07-03T03:03:28.914024+00:00,2026-07-03T03:03:28.904450,2,2,117.7,0.4,117.5,46,117.4,100,,,,,,,,,,,,,,,,,117.9,100,118.0,150,,,,,,,,,,,,,,,,
2026-07-03T03:03:29.242682+00:00,2026-07-03T03:03:29.242619,2,2,117.7,0.4,117.5,21,117.4,100,,,,,,,,,,,,,,,,,117.9,100,118.0,150,,,,,,,,,,,,,,,,
2026-07-03T03:03:29.458889+00:00,2026-07-03T03:03:29.458708,1,2,117.65,0.5,117.4,100,,,,,,,,,,,,,,,,,,,117.9,100,118.0,150,,,,,,,,,,,,,,,,
2026-07-03T03:03:29.464117+00:00,2026-07-03T03:03:29.463979,1,2,117.65,0.5,117.4,98,,,,,,,,,,,,,,,,,,,117.9,100,118.0,150,,,,,,,,,,,,,,,,
2026-07-03T03:03:29.638554+00:00,2026-07-03T03:03:29.638434,1,2,117.65,0.5,117.4,98,,,,,,,,,,,,,,,,,,,117.9,50,118.0,150,,,,,,,,,,,,,,,,
2026-07-03T03:03:29.665373+00:00,2026-07-03T03:03:29.665488,1,2,117.65,0.5,117.4,96,,,,,,,,,,,,,,,,,,,117.9,50,118.0,150,,,,,,,,,,,,,,,,
2026-07-03T03:03:30.466405+00:00,2026-07-03T03:03:30.466344,1,2,117.65,0.5,117.4,96,,,,,,,,,,,,,,,,,,,117.9,9,118.0,150,,,,,,,,,,,,,,,,
2026-07-03T03:03:30.724075+00:00,2026-07-03T03:03:30.724016,1,1,117.65,0.5,117.4,96,,,,,,,,,,,,,,,,,,,117.9,9,,,,,,,,,,,,,,,,,,
2026-07-03T03:03:30.776262+00:00,2026-07-03T03:03:30.776213,2,1,117.65,0.5,117.4,96,117.1,150,,,,,,,,,,,,,,,,,117.9,9,,,,,,,,,,,,,,,,,,
2026-07-03T03:03:30.828811+00:00,2026-07-03T03:03:30.828775,2,2,117.5,0.2,117.4,96,117.1,150,,,,,,,,,,,,,,,,,117.6,150,117.9,9,,,,,,,,,,,,,,,,
2026-07-03T03:03:31.530964+00:00,2026-07-03T03:03:31.530863,2,2,117.5,0.2,117.4,48,117.1,150,,,,,,,,,,,,,,,,,117.6,150,117.9,9,,,,,,,,,,,,,,,,
2026-07-03T03:03:31.758650+00:00,2026-07-03T03:03:31.752148,2,2,117.5,0.2,117.4,48,117.1,150,,,,,,,,,,,,,,,,,117.6,100,117.9,9,,,,,,,,,,,,,,,,
2026-07-03T03:03:31.947850+00:00,2026-07-03T03:03:31.947821,2,1,117.5,0.2,117.4,48,117.1,150,,,,,,,,,,,,,,,,,117.6,100,,,,,,,,,,,,,,,,,,
2026-07-03T03:03:31.953063+00:00,2026-07-03T03:03:31.952955,1,1,117.35,0.5,117.1,150,,,,,,,,,,,,,,,,,,,117.6,100,,,,,,,,,,,,,,,,,,
2026-07-03T03:03:32.002484+00:00,2026-07-03T03:03:32.002384,2,1,117.5,0.2,117.4,100,117.1,150,,,,,,,,,,,,,,,,,117.6,100,,,,,,,,,,,,,,,,,,
2026-07-03T03:03:32.063860+00:00,2026-07-03T03:03:32.063737,2,2,117.5,0.2,117.4,100,117.1,150,,,,,,,,,,,,,,,,,117.6,100,117.9,100,,,,,,,,,,,,,,,,
2026-07-03T03:03:32.886927+00:00,2026-07-03T03:03:32.887050,2,2,117.5,0.2,117.4,51,117.1,150,,,,,,,,,,,,,,,,,117.6,100,117.9,100,,,,,,,,,,,,,,,,
2026-07-03T03:03:33.882035+00:00,2026-07-03T03:03:33.881925,1,1,117.65,0.5,117.4,51,,,,,,,,,,,,,,,,,,,117.9,100,,,,,,,,,,,,,,,,,,
2026-07-03T03:03:33.940438+00:00,2026-07-03T03:03:33.940286,1,1,117.65,0.5,117.4,1,,,,,,,,,,,,,,,,,,,117.9,100,,,,,,,,,,,,,,,,,,
2026-07-03T03:03:33.950604+00:00,2026-07-03T03:03:33.950552,1,1,117.65,0.5,117.4,151,,,,,,,,,,,,,,,,,,,117.9,100,,,,,,,,,,,,,,,,,,
2026-07-03T03:03:33.994239+00:00,2026-07-03T03:03:33.994184,1,1,117.65,0.5,117.4,151,,,,,,,,,,,,,,,,,,,117.9,250,,,,,,,,,,,,,,,,,,
2026-07-03T03:03:35.109024+00:00,2026-07-03T03:03:35.108971,1,1,117.65,0.5,117.4,151,,,,,,,,,,,,,,,,,,,117.9,150,,,,,,,,,,,,,,,,,,
2026-07-03T03:03:35.114292+00:00,2026-07-03T03:03:35.114125,1,1,117.65,0.5,117.4,150,,,,,,,,,,,,,,,,,,,117.9,150,,,,,,,,,,,,,,,,,,
2026-07-03T03:03:35.164110+00:00,2026-07-03T03:03:35.163974,2,1,117.65,0.5,117.4,150,117.1,100,,,,,,,,,,,,,,,,,117.9,150,,,,,,,,,,,,,,,,,,
2026-07-03T03:03:35.216207+00:00,2026-07-03T03:03:35.216147,2,2,117.5,0.2,117.4,150,117.1,100,,,,,,,,,,,,,,,,,117.6,100,117.9,150,,,,,,,,,,,,,,,,
2026-07-03T03:03:35.276168+00:00,2026-07-03T03:03:35.276107,2,2,117.5,0.2,117.4,150,117.1,100,,,,,,,,,,,,,,,,,117.6,56,117.9,150,,,,,,,,,,,,,,,,
2026-07-03T03:03:36.047604+00:00,2026-07-03T03:03:36.047539,2,2,117.5,0.2,117.4,100,117.1,100,,,,,,,,,,,,,,,,,117.6,56,117.9,150,,,,,,,,,,,,,,,,
2026-07-03T03:03:36.347739+00:00,2026-07-03T03:03:36.347615,2,2,117.5,0.2,117.4,100,117.1,100,,,,,,,,,,,,,,,,,117.6,15,117.9,150,,,,,,,,,,,,,,,,
2026-07-03T03:03:37.058738+00:00,2026-07-03T03:03:37.047333,1,1,117.35,0.5,117.1,100,,,,,,,,,,,,,,,,,,,117.6,15,,,,,,,,,,,,,,,,,,
2026-07-03T03:03:37.099944+00:00,2026-07-03T03:03:37.100006,1,1,117.35,0.5,117.1,250,,,,,,,,,,,,,,,,,,,117.6,15,,,,,,,,,,,,,,,,,,
2026-07-03T03:03:37.150872+00:00,2026-07-03T03:03:37.150812,1,1,117.35,0.5,117.1,250,,,,,,,,,,,,,,,,,,,117.6,165,,,,,,,,,,,,,,,,,,
2026-07-03T03:03:37.889177+00:00,2026-07-03T03:03:37.889132,1,1,117.35,0.5,117.1,205,,,,,,,,,,,,,,,,,,,117.6,165,,,,,,,,,,,,,,,,,,
2026-07-03T03:03:38.154199+00:00,2026-07-03T03:03:38.154141,1,1,117.35,0.5,117.1,155,,,,,,,,,,,,,,,,,,,117.6,165,,,,,,,,,,,,,,,,,,
2026-07-03T03:03:38.270367+00:00,2026-07-03T03:03:38.270496,1,1,117.35,0.5,117.1,155,,,,,,,,,,,,,,,,,,,117.6,150,,,,,,,,,,,,,,,,,,
2026-07-03T03:03:38.275695+00:00,2026-07-03T03:03:38.275634,1,1,117.35,0.5,117.1,150,,,,,,,,,,,,,,,,,,,117.6,150,,,,,,,,,,,,,,,,,,
2026-07-03T03:03:38.328374+00:00,2026-07-03T03:03:38.328277,1,1,117.35,0.5,117.1,250,,,,,,,,,,,,,,,,,,,117.6,150,,,,,,,,,,,,,,,,,,
2026-07-03T03:03:38.378436+00:00,2026-07-03T03:03:38.378501,1,1,117.35,0.5,117.1,250,,,,,,,,,,,,,,,,,,,117.6,250,,,,,,,,,,,,,,,,,,
2026-07-03T03:03:40.206335+00:00,2026-07-03T03:03:40.206224,1,1,117.35,0.5,117.1,100,,,,,,,,,,,,,,,,,,,117.6,100,,,,,,,,,,,,,,,,,,
2026-07-03T03:03:40.259153+00:00,2026-07-03T03:03:40.259030,2,1,117.4,0.4,117.2,100,117.1,100,,,,,,,,,,,,,,,,,117.6,100,,,,,,,,,,,,,,,,,,
2026-07-03T03:03:40.311264+00:00,2026-07-03T03:03:40.311155,2,2,117.4,0.4,117.2,100,117.1,100,,,,,,,,,,,,,,,,,117.6,100,117.7,150,,,,,,,,,,,,,,,,
2026-07-03T03:03:41.456058+00:00,2026-07-03T03:03:41.456229,1,1,117.45,0.5,117.2,100,,,,,,,,,,,,,,,,,,,117.7,150,,,,,,,,,,,,,,,,,,
2026-07-03T03:03:41.511824+00:00,2026-07-03T03:03:41.511746,2,1,117.45,0.5,117.2,100,116.8,100,,,,,,,,,,,,,,,,,117.7,150,,,,,,,,,,,,,,,,,,
2026-07-03T03:03:41.564574+00:00,2026-07-03T03:03:41.564499,2,2,117.25,0.1,117.2,100,116.8,100,,,,,,,,,,,,,,,,,117.3,100,117.7,150,,,,,,,,,,,,,,,,
2026-07-03T03:03:42.225436+00:00,2026-07-03T03:03:42.225358,2,2,117.25,0.1,117.2,100,116.8,100,,,,,,,,,,,,,,,,,117.3,53,117.7,150,,,,,,,,,,,,,,,,
2026-07-03T03:03:42.367998+00:00,2026-07-03T03:03:42.367842,2,2,117.25,0.1,117.2,50,116.8,100,,,,,,,,,,,,,,,,,117.3,53,117.7,150,,,,,,,,,,,,,,,,
2026-07-03T03:03:43.358675+00:00,2026-07-03T03:03:43.358184,1,1,117.05,0.5,116.8,100,,,,,,,,,,,,,,,,,,,117.3,53,,,,,,,,,,,,,,,,,,
2026-07-03T03:03:43.419238+00:00,2026-07-03T03:03:43.419187,2,1,117.05,0.5,116.8,100,116.5,150,,,,,,,,,,,,,,,,,117.3,53,,,,,,,,,,,,,,,,,,
2026-07-03T03:03:43.482151+00:00,2026-07-03T03:03:43.475765,2,2,116.9,0.2,116.8,100,116.5,150,,,,,,,,,,,,,,,,,117.0,136,117.3,53,,,,,,,,,,,,,,,,
2026-07-03T03:03:43.497834+00:00,2026-07-03T03:03:43.497695,2,2,116.9,0.2,116.8,100,116.5,150,,,,,,,,,,,,,,,,,117.0,111,117.3,53,,,,,,,,,,,,,,,,
2026-07-03T03:03:43.710291+00:00,2026-07-03T03:03:43.710381,2,2,116.9,0.2,116.8,100,116.5,150,,,,,,,,,,,,,,,,,117.0,86,117.3,53,,,,,,,,,,,,,,,,
2026-07-03T03:03:43.920128+00:00,2026-07-03T03:03:43.920037,2,2,116.9,0.2,116.8,100,116.5,150,,,,,,,,,,,,,,,,,117.0,61,117.3,53,,,,,,,,,,,,,,,,
2026-07-03T03:03:44.129871+00:00,2026-07-03T03:03:44.129818,2,2,116.9,0.2,116.8,100,116.5,150,,,,,,,,,,,,,,,,,117.0,36,117.3,53,,,,,,,,,,,,,,,,
2026-07-03T03:03:44.475720+00:00,2026-07-03T03:03:44.475574,2,2,116.9,0.2,116.8,50,116.5,150,,,,,,,,,,,,,,,,,117.0,36,117.3,53,,,,,,,,,,,,,,,,
2026-07-03T03:03:44.618879+00:00,2026-07-03T03:03:44.618778,1,1,116.75,0.5,116.5,150,,,,,,,,,,,,,,,,,,,117.0,36,,,,,,,,,,,,,,,,,,
2026-07-03T03:03:44.673891+00:00,2026-07-03T03:03:44.673749,2,1,116.95,0.1,116.9,100,116.5,150,,,,,,,,,,,,,,,,,117.0,36,,,,,,,,,,,,,,,,,,
2026-07-03T03:03:44.730238+00:00,2026-07-03T03:03:44.720800,2,2,116.95,0.1,116.9,100,116.5,150,,,,,,,,,,,,,,,,,117.0,36,117.4,100,,,,,,,,,,,,,,,,
2026-07-03T03:03:46.526000+00:00,2026-07-03T03:03:46.525932,1,1,117.15,0.5,116.9,100,,,,,,,,,,,,,,,,,,,117.4,100,,,,,,,,,,,,,,,,,,
2026-07-03T03:03:46.578363+00:00,2026-07-03T03:03:46.578154,2,1,117.2,0.4,117.0,150,116.9,100,,,,,,,,,,,,,,,,,117.4,100,,,,,,,,,,,,,,,,,,
2026-07-03T03:03:46.583466+00:00,2026-07-03T03:03:46.583381,2,1,117.2,0.4,117.0,100,116.9,100,,,,,,,,,,,,,,,,,117.4,100,,,,,,,,,,,,,,,,,,
2026-07-03T03:03:46.658546+00:00,2026-07-03T03:03:46.651748,2,2,117.2,0.4,117.0,100,116.9,100,,,,,,,,,,,,,,,,,117.4,100,117.5,150,,,,,,,,,,,,,,,,
2026-07-03T03:03:47.042354+00:00,2026-07-03T03:03:47.042275,2,2,117.2,0.4,117.0,100,116.9,100,,,,,,,,,,,,,,,,,117.4,51,117.5,150,,,,,,,,,,,,,,,,
2026-07-03T03:03:47.609669+00:00,2026-07-03T03:03:47.609449,2,2,117.2,0.4,117.0,53,116.9,100,,,,,,,,,,,,,,,,,117.4,51,117.5,150,,,,,,,,,,,,,,,,
2026-07-03T03:03:47.776486+00:00,2026-07-03T03:03:47.776431,2,1,117.25,0.5,117.0,53,116.9,100,,,,,,,,,,,,,,,,,117.5,150,,,,,,,,,,,,,,,,,,
2026-07-03T03:03:47.781729+00:00,2026-07-03T03:03:47.781581,1,1,117.25,0.5,117.0,53,,,,,,,,,,,,,,,,,,,117.5,150,,,,,,,,,,,,,,,,,,
2026-07-03T03:03:47.831743+00:00,2026-07-03T03:03:47.831701,1,1,117.25,0.5,117.0,153,,,,,,,,,,,,,,,,,,,117.5,150,,,,,,,,,,,,,,,,,,
2026-07-03T03:03:47.891420+00:00,2026-07-03T03:03:47.891330,1,1,117.25,0.5,117.0,153,,,,,,,,,,,,,,,,,,,117.5,250,,,,,,,,,,,,,,,,,,
2026-07-03T03:03:48.637843+00:00,2026-07-03T03:03:48.637705,1,1,117.25,0.5,117.0,153,,,,,,,,,,,,,,,,,,,117.5,200,,,,,,,,,,,,,,,,,,
2026-07-03T03:03:49.111890+00:00,2026-07-03T03:03:49.111729,1,1,117.25,0.5,117.0,110,,,,,,,,,,,,,,,,,,,117.5,200,,,,,,,,,,,,,,,,,,
2026-07-03T03:03:49.712596+00:00,2026-07-03T03:03:49.712460,1,1,117.25,0.5,117.0,100,,,,,,,,,,,,,,,,,,,117.5,100,,,,,,,,,,,,,,,,,,
2026-07-03T03:03:49.758628+00:00,2026-07-03T03:03:49.758085,2,1,117.25,0.5,117.0,100,116.4,150,,,,,,,,,,,,,,,,,117.5,100,,,,,,,,,,,,,,,,,,
2026-07-03T03:03:49.817342+00:00,2026-07-03T03:03:49.817288,1,2,116.65,0.5,116.4,150,,,,,,,,,,,,,,,,,,,116.9,50,117.5,100,,,,,,,,,,,,,,,,
2026-07-03T03:03:50.744711+00:00,2026-07-03T03:03:50.744562,1,1,116.95,1.1,116.4,150,,,,,,,,,,,,,,,,,,,117.5,100,,,,,,,,,,,,,,,,,,
2026-07-03T03:03:50.783069+00:00,2026-07-03T03:03:50.782996,1,1,116.95,1.1,116.4,128,,,,,,,,,,,,,,,,,,,117.5,100,,,,,,,,,,,,,,,,,,
2026-07-03T03:03:50.942620+00:00,2026-07-03T03:03:50.942695,1,0,,,116.4,128,,,,,,,,,,,,,,,,,,,,,,,,,,,,,,,,,,,,,,
2026-07-03T03:03:50.998108+00:00,2026-07-03T03:03:50.997985,2,0,,,116.7,100,116.4,128,,,,,,,,,,,,,,,,,,,,,,,,,,,,,,,,,,,,
2026-07-03T03:03:51.058684+00:00,2026-07-03T03:03:51.050592,2,1,116.95,0.5,116.7,100,116.4,128,,,,,,,,,,,,,,,,,117.2,100,,,,,,,,,,,,,,,,,,
2026-07-03T03:03:52.851228+00:00,2026-07-03T03:03:52.851353,2,1,116.95,0.5,116.7,100,116.4,128,,,,,,,,,,,,,,,,,117.2,50,,,,,,,,,,,,,,,,,,
2026-07-03T03:03:52.876298+00:00,2026-07-03T03:03:52.876206,1,1,116.95,0.5,116.7,100,,,,,,,,,,,,,,,,,,,117.2,50,,,,,,,,,,,,,,,,,,
2026-07-03T03:03:52.929180+00:00,2026-07-03T03:03:52.929122,2,1,117.15,0.1,117.1,150,116.7,100,,,,,,,,,,,,,,,,,117.2,50,,,,,,,,,,,,,,,,,,
2026-07-03T03:03:52.984713+00:00,2026-07-03T03:03:52.984651,2,2,117.15,0.1,117.1,150,116.7,100,,,,,,,,,,,,,,,,,117.2,50,117.6,150,,,,,,,,,,,,,,,,
2026-07-03T03:03:54.100744+00:00,2026-07-03T03:03:54.100905,1,1,117.35,0.5,117.1,150,,,,,,,,,,,,,,,,,,,117.6,150,,,,,,,,,,,,,,,,,,
2026-07-03T03:03:54.153879+00:00,2026-07-03T03:03:54.153854,2,1,117.35,0.5,117.1,150,116.6,100,,,,,,,,,,,,,,,,,117.6,150,,,,,,,,,,,,,,,,,,
2026-07-03T03:03:54.206495+00:00,2026-07-03T03:03:54.206451,2,1,117.35,0.5,117.1,50,116.6,100,,,,,,,,,,,,,,,,,117.6,150,,,,,,,,,,,,,,,,,,
2026-07-03T03:03:55.008394+00:00,2026-07-03T03:03:55.008326,1,1,117.1,1.0,116.6,100,,,,,,,,,,,,,,,,,,,117.6,150,,,,,,,,,,,,,,,,,,
2026-07-03T03:03:56.040770+00:00,2026-07-03T03:03:56.040836,1,0,,,116.6,100,,,,,,,,,,,,,,,,,,,,,,,,,,,,,,,,,,,,,,
2026-07-03T03:03:56.094566+00:00,2026-07-03T03:03:56.094668,2,0,,,116.6,100,116.5,150,,,,,,,,,,,,,,,,,,,,,,,,,,,,,,,,,,,,
2026-07-03T03:03:56.150142+00:00,2026-07-03T03:03:56.150093,2,1,116.8,0.4,116.6,100,116.5,150,,,,,,,,,,,,,,,,,117.0,150,,,,,,,,,,,,,,,,,,
2026-07-03T03:03:56.955002+00:00,2026-07-03T03:03:56.955074,2,1,116.8,0.4,116.6,100,116.5,150,,,,,,,,,,,,,,,,,117.0,101,,,,,,,,,,,,,,,,,,
2026-07-03T03:03:57.058549+00:00,2026-07-03T03:03:57.055722,2,1,116.8,0.4,116.6,100,116.5,150,,,,,,,,,,,,,,,,,117.0,51,,,,,,,,,,,,,,,,,,
2026-07-03T03:03:57.265437+00:00,2026-07-03T03:03:57.265351,1,1,116.75,0.5,116.5,150,,,,,,,,,,,,,,,,,,,117.0,51,,,,,,,,,,,,,,,,,,
2026-07-03T03:03:57.316565+00:00,2026-07-03T03:03:57.316448,2,0,,,117.1,49,116.5,150,,,,,,,,,,,,,,,,,,,,,,,,,,,,,,,,,,,,
2026-07-03T03:03:57.369308+00:00,2026-07-03T03:03:57.369253,2,1,117.35,0.5,117.1,49,116.5,150,,,,,,,,,,,,,,,,,117.6,100,,,,,,,,,,,,,,,,,,
2026-07-03T03:03:59.203478+00:00,2026-07-03T03:03:59.203424,1,1,117.35,0.5,117.1,49,,,,,,,,,,,,,,,,,,,117.6,100,,,,,,,,,,,,,,,,,,
