recv_time,book_timestamp,n_bids,n_asks,mid,spread,bid_px_0,bid_vol_0,bid_px_1,bid_vol_1,bid_px_2,bid_vol_2,bid_px_3,bid_vol_3,bid_px_4,bid_vol_4,bid_px_5,bid_vol_5,bid_px_6,bid_vol_6,bid_px_7,bid_vol_7,bid_px_8,bid_vol_8,bid_px_9,bid_vol_9,ask_px_0,ask_vol_0,ask_px_1,ask_vol_1,ask_px_2,ask_vol_2,ask_px_3,ask_vol_3,ask_px_4,ask_vol_4,ask_px_5,ask_vol_5,ask_px_6,ask_vol_6,ask_px_7,ask_vol_7,ask_px_8,ask_vol_8,ask_px_9,ask_vol_9
2026-07-05T01:00:00.375062+00:00,2026-07-05T01:00:00.375019,1,1,145.45,0.5,145.2,138,,,,,,,,,,,,,,,,,,,145.7,150,,,,,,,,,,,,,,,,,,
2026-07-05T01:00:00.428295+00:00,2026-07-05T01:00:00.428193,2,1,145.45,0.5,145.2,138,144.9,100,,,,,,,,,,,,,,,,,145.7,150,,,,,,,,,,,,,,,,,,
2026-07-05T01:00:00.481072+00:00,2026-07-05T01:00:00.480946,2,2,145.3,0.2,145.2,138,144.9,100,,,,,,,,,,,,,,,,,145.4,100,145.7,150,,,,,,,,,,,,,,,,
2026-07-05T01:00:00.993827+00:00,2026-07-05T01:00:00.986959,1,1,145.15,0.5,144.9,100,,,,,,,,,,,,,,,,,,,145.4,100,,,,,,,,,,,,,,,,,,
2026-07-05T01:00:01.096324+00:00,2026-07-05T01:00:01.092032,2,2,145.3,0.2,145.2,150,144.9,100,,,,,,,,,,,,,,,,,145.4,100,145.7,150,,,,,,,,,,,,,,,,
2026-07-05T01:00:02.000995+00:00,2026-07-05T01:00:02.000946,2,2,145.3,0.2,145.2,150,144.9,100,,,,,,,,,,,,,,,,,145.4,50,145.7,150,,,,,,,,,,,,,,,,
2026-07-05T01:00:03.534194+00:00,2026-07-05T01:00:03.534112,1,1,145.45,0.5,145.2,150,,,,,,,,,,,,,,,,,,,145.7,150,,,,,,,,,,,,,,,,,,
2026-07-05T01:00:03.590915+00:00,2026-07-05T01:00:03.591020,2,1,145.45,0.5,145.2,150,145.0,100,,,,,,,,,,,,,,,,,145.7,150,,,,,,,,,,,,,,,,,,
2026-07-05T01:00:03.640400+00:00,2026-07-05T01:00:03.640263,2,1,145.45,0.5,145.2,105,145.0,100,,,,,,,,,,,,,,,,,145.7,150,,,,,,,,,,,,,,,,,,
2026-07-05T01:00:03.645521+00:00,2026-07-05T01:00:03.645456,2,2,145.35,0.3,145.2,105,145.0,100,,,,,,,,,,,,,,,,,145.5,100,145.7,150,,,,,,,,,,,,,,,,
2026-07-05T01:00:04.108550+00:00,2026-07-05T01:00:04.108421,2,2,145.35,0.3,145.2,105,145.0,100,,,,,,,,,,,,,,,,,145.5,50,145.7,150,,,,,,,,,,,,,,,,
2026-07-05T01:00:04.158580+00:00,2026-07-05T01:00:04.154851,1,1,145.25,0.5,145.0,100,,,,,,,,,,,,,,,,,,,145.5,50,,,,,,,,,,,,,,,,,,
2026-07-05T01:00:04.207647+00:00,2026-07-05T01:00:04.207484,1,1,145.25,0.5,145.0,250,,,,,,,,,,,,,,,,,,,145.5,50,,,,,,,,,,,,,,,,,,
2026-07-05T01:00:04.258596+00:00,2026-07-05T01:00:04.257596,1,1,145.25,0.5,145.0,250,,,,,,,,,,,,,,,,,,,145.5,200,,,,,,,,,,,,,,,,,,
2026-07-05T01:00:05.210980+00:00,2026-07-05T01:00:05.210908,1,1,145.25,0.5,145.0,250,,,,,,,,,,,,,,,,,,,145.5,153,,,,,,,,,,,,,,,,,,
2026-07-05T01:00:06.218183+00:00,2026-07-05T01:00:06.218068,1,1,145.25,0.5,145.0,250,,,,,,,,,,,,,,,,,,,145.5,103,,,,,,,,,,,,,,,,,,
2026-07-05T01:00:06.699448+00:00,2026-07-05T01:00:06.699325,1,1,145.25,0.5,145.0,150,,,,,,,,,,,,,,,,,,,145.5,103,,,,,,,,,,,,,,,,,,
2026-07-05T01:00:06.758651+00:00,2026-07-05T01:00:06.753385,1,1,145.25,0.5,145.0,150,,,,,,,,,,,,,,,,,,,145.5,57,,,,,,,,,,,,,,,,,,
2026-07-05T01:00:06.769090+00:00,2026-07-05T01:00:06.768864,2,1,145.45,0.1,145.4,100,145.0,150,,,,,,,,,,,,,,,,,145.5,57,,,,,,,,,,,,,,,,,,
2026-07-05T01:00:06.818287+00:00,2026-07-05T01:00:06.818173,2,2,145.45,0.1,145.4,100,145.0,150,,,,,,,,,,,,,,,,,145.5,57,145.9,100,,,,,,,,,,,,,,,,
2026-07-05T01:00:07.245674+00:00,2026-07-05T01:00:07.245595,2,2,145.45,0.1,145.4,52,145.0,150,,,,,,,,,,,,,,,,,145.5,57,145.9,100,,,,,,,,,,,,,,,,
2026-07-05T01:00:07.316488+00:00,2026-07-05T01:00:07.316320,1,1,145.65,0.5,145.4,52,,,,,,,,,,,,,,,,,,,145.9,100,,,,,,,,,,,,,,,,,,
2026-07-05T01:00:07.388245+00:00,2026-07-05T01:00:07.382879,2,1,145.8,0.2,145.7,138,145.4,52,,,,,,,,,,,,,,,,,145.9,100,,,,,,,,,,,,,,,,,,
2026-07-05T01:00:07.432274+00:00,2026-07-05T01:00:07.432406,2,2,145.8,0.2,145.7,138,145.4,52,,,,,,,,,,,,,,,,,145.9,100,146.2,150,,,,,,,,,,,,,,,,
2026-07-05T01:00:07.627801+00:00,2026-07-05T01:00:07.627894,2,2,145.8,0.2,145.7,137,145.4,52,,,,,,,,,,,,,,,,,145.9,100,146.2,150,,,,,,,,,,,,,,,,
2026-07-05T01:00:07.704851+00:00,2026-07-05T01:00:07.704779,2,2,145.8,0.2,145.7,92,145.4,52,,,,,,,,,,,,,,,,,145.9,100,146.2,150,,,,,,,,,,,,,,,,
2026-07-05T01:00:08.313559+00:00,2026-07-05T01:00:08.313508,2,2,145.8,0.2,145.7,46,145.4,52,,,,,,,,,,,,,,,,,145.9,100,146.2,150,,,,,,,,,,,,,,,,
2026-07-05T01:00:08.327353+00:00,2026-07-05T01:00:08.327240,2,2,145.8,0.2,145.7,46,145.4,52,,,,,,,,,,,,,,,,,145.9,50,146.2,150,,,,,,,,,,,,,,,,
2026-07-05T01:00:08.638860+00:00,2026-07-05T01:00:08.638776,2,2,145.8,0.2,145.7,45,145.4,52,,,,,,,,,,,,,,,,,145.9,50,146.2,150,,,,,,,,,,,,,,,,
2026-07-05T01:00:09.510597+00:00,2026-07-05T01:00:09.505456,2,2,145.8,0.2,145.7,34,145.4,52,,,,,,,,,,,,,,,,,145.9,50,146.2,150,,,,,,,,,,,,,,,,
2026-07-05T01:00:09.643755+00:00,2026-07-05T01:00:09.643684,2,2,145.8,0.2,145.7,32,145.4,52,,,,,,,,,,,,,,,,,145.9,50,146.2,150,,,,,,,,,,,,,,,,
2026-07-05T01:00:09.836057+00:00,2026-07-05T01:00:09.836218,2,2,145.8,0.2,145.7,7,145.4,52,,,,,,,,,,,,,,,,,145.9,50,146.2,150,,,,,,,,,,,,,,,,
2026-07-05T01:00:09.875471+00:00,2026-07-05T01:00:09.875392,1,1,145.95,0.5,145.7,7,,,,,,,,,,,,,,,,,,,146.2,150,,,,,,,,,,,,,,,,,,
2026-07-05T01:00:09.928602+00:00,2026-07-05T01:00:09.928536,2,1,145.95,0.5,145.7,7,145.5,100,,,,,,,,,,,,,,,,,146.2,150,,,,,,,,,,,,,,,,,,
2026-07-05T01:00:09.979536+00:00,2026-07-05T01:00:09.979415,2,2,145.85,0.3,145.7,7,145.5,100,,,,,,,,,,,,,,,,,146.0,100,146.2,150,,,,,,,,,,,,,,,,
2026-07-05T01:00:10.432879+00:00,2026-07-05T01:00:10.432760,2,2,145.85,0.3,145.7,7,145.5,100,,,,,,,,,,,,,,,,,146.0,50,146.2,150,,,,,,,,,,,,,,,,
2026-07-05T01:00:10.482854+00:00,2026-07-05T01:00:10.482813,2,1,145.85,0.3,145.7,7,145.5,100,,,,,,,,,,,,,,,,,146.0,50,,,,,,,,,,,,,,,,,,
2026-07-05T01:00:10.488092+00:00,2026-07-05T01:00:10.487992,1,1,145.75,0.5,145.5,100,,,,,,,,,,,,,,,,,,,146.0,50,,,,,,,,,,,,,,,,,,
2026-07-05T01:00:10.539434+00:00,2026-07-05T01:00:10.539386,2,1,145.75,0.5,145.5,100,145.0,150,,,,,,,,,,,,,,,,,146.0,50,,,,,,,,,,,,,,,,,,
2026-07-05T01:00:10.600700+00:00,2026-07-05T01:00:10.595571,1,2,145.25,0.5,145.0,150,,,,,,,,,,,,,,,,,,,145.5,39,146.0,50,,,,,,,,,,,,,,,,
2026-07-05T01:00:11.124238+00:00,2026-07-05T01:00:11.124104,1,1,145.5,1.0,145.0,150,,,,,,,,,,,,,,,,,,,146.0,48,,,,,,,,,,,,,,,,,,
2026-07-05T01:00:11.663819+00:00,2026-07-05T01:00:11.664241,1,1,145.5,1.0,145.0,150,,,,,,,,,,,,,,,,,,,146.0,42,,,,,,,,,,,,,,,,,,
2026-07-05T01:00:12.589206+00:00,2026-07-05T01:00:12.589089,1,1,145.5,1.0,145.0,100,,,,,,,,,,,,,,,,,,,146.0,42,,,,,,,,,,,,,,,,,,
2026-07-05T01:00:13.035158+00:00,2026-07-05T01:00:13.035035,1,0,,,145.0,100,,,,,,,,,,,,,,,,,,,,,,,,,,,,,,,,,,,,,,
2026-07-05T01:00:13.088364+00:00,2026-07-05T01:00:13.088557,2,0,,,145.4,100,145.0,100,,,,,,,,,,,,,,,,,,,,,,,,,,,,,,,,,,,,
2026-07-05T01:00:13.144266+00:00,2026-07-05T01:00:13.144179,2,1,145.65,0.5,145.4,100,145.0,100,,,,,,,,,,,,,,,,,145.9,100,,,,,,,,,,,,,,,,,,
2026-07-05T01:00:13.647657+00:00,2026-07-05T01:00:13.647607,1,1,145.65,0.5,145.4,100,,,,,,,,,,,,,,,,,,,145.9,100,,,,,,,,,,,,,,,,,,
2026-07-05T01:00:13.674022+00:00,2026-07-05T01:00:13.673917,1,1,145.65,0.5,145.4,99,,,,,,,,,,,,,,,,,,,145.9,100,,,,,,,,,,,,,,,,,,
2026-07-05T01:00:13.704085+00:00,2026-07-05T01:00:13.704024,2,1,145.7,0.4,145.5,150,145.4,99,,,,,,,,,,,,,,,,,145.9,100,,,,,,,,,,,,,,,,,,
2026-07-05T01:00:13.763956+00:00,2026-07-05T01:00:13.763886,2,2,145.7,0.4,145.5,150,145.4,99,,,,,,,,,,,,,,,,,145.9,100,146.0,150,,,,,,,,,,,,,,,,
2026-07-05T01:00:14.309388+00:00,2026-07-05T01:00:14.309328,2,2,145.7,0.4,145.5,150,145.4,99,,,,,,,,,,,,,,,,,145.9,59,146.0,150,,,,,,,,,,,,,,,,
2026-07-05T01:00:14.643181+00:00,2026-07-05T01:00:14.643336,2,2,145.7,0.4,145.5,150,145.4,99,,,,,,,,,,,,,,,,,145.9,9,146.0,150,,,,,,,,,,,,,,,,
2026-07-05T01:00:14.684946+00:00,2026-07-05T01:00:14.684847,2,2,145.7,0.4,145.5,149,145.4,99,,,,,,,,,,,,,,,,,145.9,9,146.0,150,,,,,,,,,,,,,,,,
2026-07-05T01:00:14.850598+00:00,2026-07-05T01:00:14.850492,2,2,145.7,0.4,145.5,124,145.4,99,,,,,,,,,,,,,,,,,145.9,9,146.0,150,,,,,,,,,,,,,,,,
2026-07-05T01:00:15.689506+00:00,2026-07-05T01:00:15.689363,2,2,145.7,0.4,145.5,123,145.4,99,,,,,,,,,,,,,,,,,145.9,9,146.0,150,,,,,,,,,,,,,,,,
2026-07-05T01:00:16.212258+00:00,2026-07-05T01:00:16.212139,1,1,145.75,0.5,145.5,123,,,,,,,,,,,,,,,,,,,146.0,150,,,,,,,,,,,,,,,,,,
2026-07-05T01:00:16.268886+00:00,2026-07-05T01:00:16.268754,2,1,145.95,0.1,145.9,100,145.5,123,,,,,,,,,,,,,,,,,146.0,150,,,,,,,,,,,,,,,,,,
2026-07-05T01:00:16.319094+00:00,2026-07-05T01:00:16.319031,2,2,145.95,0.1,145.9,100,145.5,123,,,,,,,,,,,,,,,,,146.0,150,146.4,100,,,,,,,,,,,,,,,,
2026-07-05T01:00:16.430783+00:00,2026-07-05T01:00:16.430749,2,2,145.95,0.1,145.9,100,145.5,123,,,,,,,,,,,,,,,,,146.0,108,146.4,100,,,,,,,,,,,,,,,,
2026-07-05T01:00:16.701533+00:00,2026-07-05T01:00:16.701651,2,2,145.95,0.1,145.9,99,145.5,123,,,,,,,,,,,,,,,,,146.0,108,146.4,100,,,,,,,,,,,,,,,,
2026-07-05T01:00:16.804695+00:00,2026-07-05T01:00:16.804928,2,2,145.95,0.1,145.9,49,145.5,123,,,,,,,,,,,,,,,,,146.0,108,146.4,100,,,,,,,,,,,,,,,,
2026-07-05T01:00:16.810197+00:00,2026-07-05T01:00:16.810173,2,1,146.15,0.5,145.9,49,145.5,123,,,,,,,,,,,,,,,,,146.4,100,,,,,,,,,,,,,,,,,,
2026-07-05T01:00:16.815466+00:00,2026-07-05T01:00:16.815345,1,1,146.15,0.5,145.9,49,,,,,,,,,,,,,,,,,,,146.4,100,,,,,,,,,,,,,,,,,,
2026-07-05T01:00:16.865674+00:00,2026-07-05T01:00:16.865613,2,1,146.15,0.5,145.9,49,145.7,150,,,,,,,,,,,,,,,,,146.4,100,,,,,,,,,,,,,,,,,,
2026-07-05T01:00:16.918481+00:00,2026-07-05T01:00:16.918418,2,2,146.05,0.3,145.9,49,145.7,150,,,,,,,,,,,,,,,,,146.2,150,146.4,100,,,,,,,,,,,,,,,,
2026-07-05T01:00:17.379202+00:00,2026-07-05T01:00:17.373474,2,2,146.05,0.3,145.9,38,145.7,150,,,,,,,,,,,,,,,,,146.2,150,146.4,100,,,,,,,,,,,,,,,,
2026-07-05T01:00:17.712466+00:00,2026-07-05T01:00:17.712394,2,2,146.05,0.3,145.9,36,145.7,150,,,,,,,,,,,,,,,,,146.2,150,146.4,100,,,,,,,,,,,,,,,,
2026-07-05T01:00:18.543703+00:00,2026-07-05T01:00:18.543579,1,2,145.95,0.5,145.7,137,,,,,,,,,,,,,,,,,,,146.2,150,146.4,100,,,,,,,,,,,,,,,,
2026-07-05T01:00:19.373021+00:00,2026-07-05T01:00:19.372939,1,1,145.95,0.5,145.7,137,,,,,,,,,,,,,,,,,,,146.2,150,,,,,,,,,,,,,,,,,,
2026-07-05T01:00:19.469260+00:00,2026-07-05T01:00:19.468958,2,1,145.95,0.5,145.7,137,145.5,100,,,,,,,,,,,,,,,,,146.2,150,,,,,,,,,,,,,,,,,,
2026-07-05T01:00:19.513809+00:00,2026-07-05T01:00:19.513763,2,2,145.85,0.3,145.7,137,145.5,100,,,,,,,,,,,,,,,,,146.0,100,146.2,150,,,,,,,,,,,,,,,,
2026-07-05T01:00:19.869160+00:00,2026-07-05T01:00:19.868992,2,2,145.85,0.3,145.7,112,145.5,100,,,,,,,,,,,,,,,,,146.0,100,146.2,150,,,,,,,,,,,,,,,,
2026-07-05T01:00:19.974937+00:00,2026-07-05T01:00:19.974911,2,1,145.85,0.3,145.7,112,145.5,100,,,,,,,,,,,,,,,,,146.0,100,,,,,,,,,,,,,,,,,,
2026-07-05T01:00:19.980191+00:00,2026-07-05T01:00:19.980089,1,1,145.75,0.5,145.5,100,,,,,,,,,,,,,,,,,,,146.0,100,,,,,,,,,,,,,,,,,,
2026-07-05T01:00:20.058611+00:00,2026-07-05T01:00:20.053520,1,1,145.75,0.5,145.5,250,,,,,,,,,,,,,,,,,,,146.0,100,,,,,,,,,,,,,,,,,,
2026-07-05T01:00:20.114362+00:00,2026-07-05T01:00:20.114253,1,1,145.75,0.5,145.5,250,,,,,,,,,,,,,,,,,,,146.0,250,,,,,,,,,,,,,,,,,,
2026-07-05T01:00:20.722390+00:00,2026-07-05T01:00:20.722274,1,1,145.75,0.5,145.5,250,,,,,,,,,,,,,,,,,,,146.0,249,,,,,,,,,,,,,,,,,,
2026-07-05T01:00:20.968201+00:00,2026-07-05T01:00:20.968150,1,1,145.75,0.5,145.5,250,,,,,,,,,,,,,,,,,,,146.0,199,,,,,,,,,,,,,,,,,,
2026-07-05T01:00:22.570851+00:00,2026-07-05T01:00:22.570740,1,1,145.75,0.5,145.5,150,,,,,,,,,,,,,,,,,,,146.0,150,,,,,,,,,,,,,,,,,,
2026-07-05T01:00:22.625489+00:00,2026-07-05T01:00:22.625396,2,1,145.8,0.4,145.6,100,145.5,150,,,,,,,,,,,,,,,,,146.0,150,,,,,,,,,,,,,,,,,,
2026-07-05T01:00:22.679658+00:00,2026-07-05T01:00:22.679776,2,2,145.8,0.4,145.6,100,145.5,150,,,,,,,,,,,,,,,,,146.0,150,146.1,100,,,,,,,,,,,,,,,,
2026-07-05T01:00:23.136271+00:00,2026-07-05T01:00:23.136421,2,2,145.8,0.4,145.6,50,145.5,150,,,,,,,,,,,,,,,,,146.0,150,146.1,100,,,,,,,,,,,,,,,,
2026-07-05T01:00:23.167957+00:00,2026-07-05T01:00:23.167900,1,1,145.85,0.5,145.6,50,,,,,,,,,,,,,,,,,,,146.1,100,,,,,,,,,,,,,,,,,,
2026-07-05T01:00:23.222123+00:00,2026-07-05T01:00:23.222209,2,1,145.85,0.5,145.6,50,145.5,150,,,,,,,,,,,,,,,,,146.1,100,,,,,,,,,,,,,,,,,,
2026-07-05T01:00:23.274843+00:00,2026-07-05T01:00:23.274753,2,2,145.8,0.4,145.6,50,145.5,150,,,,,,,,,,,,,,,,,146.0,150,146.1,100,,,,,,,,,,,,,,,,
2026-07-05T01:00:23.828317+00:00,2026-07-05T01:00:23.828254,2,2,145.8,0.4,145.6,9,145.5,150,,,,,,,,,,,,,,,,,146.0,150,146.1,100,,,,,,,,,,,,,,,,
2026-07-05T01:00:24.908919+00:00,2026-07-05T01:00:24.908730,1,2,145.75,0.5,145.5,150,,,,,,,,,,,,,,,,,,,146.0,150,146.1,100,,,,,,,,,,,,,,,,
2026-07-05T01:00:25.734623+00:00,2026-07-05T01:00:25.734551,1,1,145.75,0.5,145.5,150,,,,,,,,,,,,,,,,,,,146.0,150,,,,,,,,,,,,,,,,,,
2026-07-05T01:00:25.787823+00:00,2026-07-05T01:00:25.787784,1,1,145.75,0.5,145.5,250,,,,,,,,,,,,,,,,,,,146.0,150,,,,,,,,,,,,,,,,,,
2026-07-05T01:00:25.841499+00:00,2026-07-05T01:00:25.841455,1,1,145.75,0.5,145.5,250,,,,,,,,,,,,,,,,,,,146.0,250,,,,,,,,,,,,,,,,,,
2026-07-05T01:00:26.328569+00:00,2026-07-05T01:00:26.328421,1,1,145.75,0.5,145.5,100,,,,,,,,,,,,,,,,,,,146.0,100,,,,,,,,,,,,,,,,,,
2026-07-05T01:00:26.384327+00:00,2026-07-05T01:00:26.384288,2,1,145.8,0.4,145.6,150,145.5,100,,,,,,,,,,,,,,,,,146.0,100,,,,,,,,,,,,,,,,,,
2026-07-05T01:00:26.433163+00:00,2026-07-05T01:00:26.433337,2,2,145.8,0.4,145.6,150,145.5,100,,,,,,,,,,,,,,,,,146.0,100,146.1,150,,,,,,,,,,,,,,,,
2026-07-05T01:00:26.880978+00:00,2026-07-05T01:00:26.880892,2,2,145.8,0.4,145.6,150,145.5,100,,,,,,,,,,,,,,,,,146.0,51,146.1,150,,,,,,,,,,,,,,,,
2026-07-05T01:00:27.321329+00:00,2026-07-05T01:00:27.321243,2,2,145.8,0.4,145.6,150,145.5,100,,,,,,,,,,,,,,,,,146.0,1,146.1,150,,,,,,,,,,,,,,,,
2026-07-05T01:00:27.572091+00:00,2026-07-05T01:00:27.572038,2,2,145.8,0.4,145.6,102,145.5,100,,,,,,,,,,,,,,,,,146.0,1,146.1,150,,,,,,,,,,,,,,,,
2026-07-05T01:00:28.216434+00:00,2026-07-05T01:00:28.216373,2,1,145.85,0.5,145.6,102,145.5,100,,,,,,,,,,,,,,,,,146.1,102,,,,,,,,,,,,,,,,,,
2026-07-05T01:00:28.893022+00:00,2026-07-05T01:00:28.892684,1,1,145.85,0.5,145.6,102,,,,,,,,,,,,,,,,,,,146.1,102,,,,,,,,,,,,,,,,,,
2026-07-05T01:00:28.949523+00:00,2026-07-05T01:00:28.949430,2,1,145.9,0.4,145.7,100,145.6,102,,,,,,,,,,,,,,,,,146.1,102,,,,,,,,,,,,,,,,,,
2026-07-05T01:00:29.004399+00:00,2026-07-05T01:00:29.004341,2,2,145.9,0.4,145.7,100,145.6,102,,,,,,,,,,,,,,,,,146.1,102,146.2,100,,,,,,,,,,,,,,,,
2026-07-05T01:00:29.479927+00:00,2026-07-05T01:00:29.480086,2,2,145.9,0.4,145.7,50,145.6,102,,,,,,,,,,,,,,,,,146.1,102,146.2,100,,,,,,,,,,,,,,,,
2026-07-05T01:00:29.491358+00:00,2026-07-05T01:00:29.491315,1,1,145.95,0.5,145.7,50,,,,,,,,,,,,,,,,,,,146.2,100,,,,,,,,,,,,,,,,,,
2026-07-05T01:00:29.540575+00:00,2026-07-05T01:00:29.536297,2,1,145.95,0.5,145.7,50,145.5,150,,,,,,,,,,,,,,,,,146.2,100,,,,,,,,,,,,,,,,,,
2026-07-05T01:00:29.600438+00:00,2026-07-05T01:00:29.600357,2,2,145.85,0.3,145.7,50,145.5,150,,,,,,,,,,,,,,,,,146.0,150,146.2,100,,,,,,,,,,,,,,,,
2026-07-05T01:00:29.923602+00:00,2026-07-05T01:00:29.923768,2,2,145.85,0.3,145.7,25,145.5,150,,,,,,,,,,,,,,,,,146.0,150,146.2,100,,,,,,,,,,,,,,,,
2026-07-05T01:00:31.625076+00:00,2026-07-05T01:00:31.624951,1,2,145.75,0.5,145.5,125,,,,,,,,,,,,,,,,,,,146.0,150,146.2,100,,,,,,,,,,,,,,,,
2026-07-05T01:00:32.058581+00:00,2026-07-05T01:00:32.053395,1,1,145.75,0.5,145.5,125,,,,,,,,,,,,,,,,,,,146.0,150,,,,,,,,,,,,,,,,,,
2026-07-05T01:00:32.113788+00:00,2026-07-05T01:00:32.113917,2,1,145.75,0.5,145.5,125,145.3,100,,,,,,,,,,,,,,,,,146.0,150,,,,,,,,,,,,,,,,,,
2026-07-05T01:00:32.173453+00:00,2026-07-05T01:00:32.173364,2,2,145.65,0.3,145.5,125,145.3,100,,,,,,,,,,,,,,,,,145.8,100,146.0,150,,,,,,,,,,,,,,,,
2026-07-05T01:00:32.658589+00:00,2026-07-05T01:00:32.654280,1,1,145.55,0.5,145.3,100,,,,,,,,,,,,,,,,,,,145.8,100,,,,,,,,,,,,,,,,,,
2026-07-05T01:00:32.708672+00:00,2026-07-05T01:00:32.708583,1,1,145.55,0.5,145.3,250,,,,,,,,,,,,,,,,,,,145.8,100,,,,,,,,,,,,,,,,,,
2026-07-05T01:00:32.769952+00:00,2026-07-05T01:00:32.770027,1,1,145.55,0.5,145.3,250,,,,,,,,,,,,,,,,,,,145.8,250,,,,,,,,,,,,,,,,,,
2026-07-05T01:00:33.745700+00:00,2026-07-05T01:00:33.745600,1,1,145.55,0.5,145.3,250,,,,,,,,,,,,,,,,,,,145.8,249,,,,,,,,,,,,,,,,,,
2026-07-05T01:00:34.660844+00:00,2026-07-05T01:00:34.660742,1,1,145.55,0.5,145.3,250,,,,,,,,,,,,,,,,,,,145.8,201,,,,,,,,,,,,,,,,,,
2026-07-05T01:00:35.223937+00:00,2026-07-05T01:00:35.223867,1,1,145.55,0.5,145.3,150,,,,,,,,,,,,,,,,,,,145.8,150,,,,,,,,,,,,,,,,,,
2026-07-05T01:00:35.278945+00:00,2026-07-05T01:00:35.278840,2,1,145.65,0.3,145.5,100,145.3,150,,,,,,,,,,,,,,,,,145.8,150,,,,,,,,,,,,,,,,,,
2026-07-05T01:00:35.332047+00:00,2026-07-05T01:00:35.332153,2,2,145.65,0.3,145.5,100,145.3,150,,,,,,,,,,,,,,,,,145.8,150,146.0,100,,,,,,,,,,,,,,,,
2026-07-05T01:00:35.790768+00:00,2026-07-05T01:00:35.790644,2,2,145.65,0.3,145.5,100,145.3,150,,,,,,,,,,,,,,,,,145.8,100,146.0,100,,,,,,,,,,,,,,,,
2026-07-05T01:00:35.830605+00:00,2026-07-05T01:00:35.830489,1,1,145.75,0.5,145.5,100,,,,,,,,,,,,,,,,,,,146.0,100,,,,,,,,,,,,,,,,,,
2026-07-05T01:00:35.884289+00:00,2026-07-05T01:00:35.884164,2,1,145.8,0.4,145.6,150,145.5,100,,,,,,,,,,,,,,,,,146.0,100,,,,,,,,,,,,,,,,,,
2026-07-05T01:00:35.938002+00:00,2026-07-05T01:00:35.937778,2,2,145.8,0.4,145.6,150,145.5,100,,,,,,,,,,,,,,,,,146.0,100,146.1,150,,,,,,,,,,,,,,,,
2026-07-05T01:00:37.431714+00:00,2026-07-05T01:00:37.431810,2,2,145.8,0.4,145.6,108,145.5,100,,,,,,,,,,,,,,,,,146.0,100,146.1,150,,,,,,,,,,,,,,,,
2026-07-05T01:00:37.896278+00:00,2026-07-05T01:00:37.896423,2,2,145.8,0.4,145.6,108,145.5,100,,,,,,,,,,,,,,,,,146.0,50,146.1,150,,,,,,,,,,,,,,,,
2026-07-05T01:00:38.386119+00:00,2026-07-05T01:00:38.386047,1,1,145.85,0.5,145.6,108,,,,,,,,,,,,,,,,,,,146.1,150,,,,,,,,,,,,,,,,,,
2026-07-05T01:00:38.439796+00:00,2026-07-05T01:00:38.439701,1,1,145.85,0.5,145.6,208,,,,,,,,,,,,,,,,,,,146.1,150,,,,,,,,,,,,,,,,,,
2026-07-05T01:00:38.492837+00:00,2026-07-05T01:00:38.492762,1,1,145.85,0.5,145.6,208,,,,,,,,,,,,,,,,,,,146.1,250,,,,,,,,,,,,,,,,,,
2026-07-05T01:00:38.988478+00:00,2026-07-05T01:00:38.988391,1,1,145.85,0.5,145.6,100,,,,,,,,,,,,,,,,,,,146.1,100,,,,,,,,,,,,,,,,,,
2026-07-05T01:00:39.042383+00:00,2026-07-05T01:00:39.042355,2,1,145.85,0.5,145.6,100,145.1,150,,,,,,,,,,,,,,,,,146.1,100,,,,,,,,,,,,,,,,,,
2026-07-05T01:00:39.100687+00:00,2026-07-05T01:00:39.100461,1,2,145.35,0.5,145.1,150,,,,,,,,,,,,,,,,,,,145.6,50,146.1,100,,,,,,,,,,,,,,,,
2026-07-05T01:00:39.431794+00:00,2026-07-05T01:00:39.423873,1,2,145.35,0.5,145.1,150,,,,,,,,,,,,,,,,,,,145.6,39,146.1,100,,,,,,,,,,,,,,,,
2026-07-05T01:00:40.023684+00:00,2026-07-05T01:00:40.023558,1,1,145.6,1.0,145.1,150,,,,,,,,,,,,,,,,,,,146.1,100,,,,,,,,,,,,,,,,,,
2026-07-05T01:00:40.758594+00:00,2026-07-05T01:00:40.758537,1,1,145.6,1.0,145.1,150,,,,,,,,,,,,,,,,,,,146.1,99,,,,,,,,,,,,,,,,,,
2026-07-05T01:00:41.547161+00:00,2026-07-05T01:00:41.547016,1,0,,,145.1,150,,,,,,,,,,,,,,,,,,,,,,,,,,,,,,,,,,,,,,
2026-07-05T01:00:41.600688+00:00,2026-07-05T01:00:41.600554,2,0,,,145.7,100,145.1,150,,,,,,,,,,,,,,,,,,,,,,,,,,,,,,,,,,,,
2026-07-05T01:00:41.658579+00:00,2026-07-05T01:00:41.654471,2,1,145.95,0.5,145.7,100,145.1,150,,,,,,,,,,,,,,,,,146.2,100,,,,,,,,,,,,,,,,,,
2026-07-05T01:00:41.775784+00:00,2026-07-05T01:00:41.775732,2,1,145.95,0.5,145.7,100,145.1,150,,,,,,,,,,,,,,,,,146.2,98,,,,,,,,,,,,,,,,,,
2026-07-05T01:00:42.125246+00:00,2026-07-05T01:00:42.125170,2,1,145.95,0.5,145.7,100,145.1,150,,,,,,,,,,,,,,,,,146.2,53,,,,,,,,,,,,,,,,,,
2026-07-05T01:00:42.156155+00:00,2026-07-05T01:00:42.156242,1,1,145.95,0.5,145.7,100,,,,,,,,,,,,,,,,,,,146.2,53,,,,,,,,,,,,,,,,,,
2026-07-05T01:00:42.209561+00:00,2026-07-05T01:00:42.209472,2,0,,,146.2,97,145.7,100,,,,,,,,,,,,,,,,,,,,,,,,,,,,,,,,,,,,
2026-07-05T01:00:42.264336+00:00,2026-07-05T01:00:42.264215,2,1,146.45,0.5,146.2,97,145.7,100,,,,,,,,,,,,,,,,,146.7,150,,,,,,,,,,,,,,,,,,
2026-07-05T01:00:42.319184+00:00,2026-07-05T01:00:42.313258,2,1,146.45,0.5,146.2,74,145.7,100,,,,,,,,,,,,,,,,,146.7,150,,,,,,,,,,,,,,,,,,
2026-07-05T01:00:42.683668+00:00,2026-07-05T01:00:42.683634,2,1,146.45,0.5,146.2,28,145.7,100,,,,,,,,,,,,,,,,,146.7,150,,,,,,,,,,,,,,,,,,
2026-07-05T01:00:42.790079+00:00,2026-07-05T01:00:42.789918,2,1,146.45,0.5,146.2,22,145.7,100,,,,,,,,,,,,,,,,,146.7,150,,,,,,,,,,,,,,,,,,
2026-07-05T01:00:43.730719+00:00,2026-07-05T01:00:43.725487,2,1,146.45,0.5,146.2,11,145.7,100,,,,,,,,,,,,,,,,,146.7,150,,,,,,,,,,,,,,,,,,
2026-07-05T01:00:43.802769+00:00,2026-07-05T01:00:43.802691,2,1,146.45,0.5,146.2,5,145.7,100,,,,,,,,,,,,,,,,,146.7,150,,,,,,,,,,,,,,,,,,
2026-07-05T01:00:44.708834+00:00,2026-07-05T01:00:44.708738,1,1,146.45,0.5,146.2,5,,,,,,,,,,,,,,,,,,,146.7,150,,,,,,,,,,,,,,,,,,
2026-07-05T01:00:44.758645+00:00,2026-07-05T01:00:44.755865,2,1,146.45,0.5,146.2,5,145.8,100,,,,,,,,,,,,,,,,,146.7,150,,,,,,,,,,,,,,,,,,
2026-07-05T01:00:44.813214+00:00,2026-07-05T01:00:44.813125,2,2,146.25,0.1,146.2,2,145.8,100,,,,,,,,,,,,,,,,,146.3,100,146.7,150,,,,,,,,,,,,,,,,
2026-07-05T01:00:44.955811+00:00,2026-07-05T01:00:44.955642,1,2,146.05,0.5,145.8,100,,,,,,,,,,,,,,,,,,,146.3,100,146.7,150,,,,,,,,,,,,,,,,
2026-07-05T01:00:45.318464+00:00,2026-07-05T01:00:45.318359,1,1,146.05,0.5,145.8,100,,,,,,,,,,,,,,,,,,,146.3,100,,,,,,,,,,,,,,,,,,
2026-07-05T01:00:45.369037+00:00,2026-07-05T01:00:45.368922,2,1,146.05,0.5,145.8,100,145.5,150,,,,,,,,,,,,,,,,,146.3,100,,,,,,,,,,,,,,,,,,
2026-07-05T01:00:45.424848+00:00,2026-07-05T01:00:45.424949,2,2,145.9,0.2,145.8,100,145.5,150,,,,,,,,,,,,,,,,,146.0,150,146.3,100,,,,,,,,,,,,,,,,
2026-07-05T01:00:45.434418+00:00,2026-07-05T01:00:45.428911,2,2,145.9,0.2,145.8,100,145.5,150,,,,,,,,,,,,,,,,,146.0,139,146.3,100,,,,,,,,,,,,,,,,
2026-07-05T01:00:46.246670+00:00,2026-07-05T01:00:46.241501,2,2,145.9,0.2,145.8,100,145.5,150,,,,,,,,,,,,,,,,,146.0,127,146.3,100,,,,,,,,,,,,,,,,
2026-07-05T01:00:46.398862+00:00,2026-07-05T01:00:46.399005,2,2,145.9,0.2,145.8,50,145.5,150,,,,,,,,,,,,,,,,,146.0,127,146.3,100,,,,,,,,,,,,,,,,
2026-07-05T01:00:47.557078+00:00,2026-07-05T01:00:47.551731,2,2,145.9,0.2,145.8,50,145.5,150,,,,,,,,,,,,,,,,,146.0,116,146.3,100,,,,,,,,,,,,,,,,
2026-07-05T01:00:47.890660+00:00,2026-07-05T01:00:47.890517,1,1,145.75,0.5,145.5,150,,,,,,,,,,,,,,,,,,,146.0,116,,,,,,,,,,,,,,,,,,
2026-07-05T01:00:47.950367+00:00,2026-07-05T01:00:47.950297,2,1,145.95,0.1,145.9,100,145.5,150,,,,,,,,,,,,,,,,,146.0,116,,,,,,,,,,,,,,,,,,
2026-07-05T01:00:48.018441+00:00,2026-07-05T01:00:48.018308,2,2,145.95,0.1,145.9,100,145.5,150,,,,,,,,,,,,,,,,,146.0,116,146.4,100,,,,,,,,,,,,,,,,
2026-07-05T01:00:48.479805+00:00,2026-07-05T01:00:48.479745,1,1,146.15,0.5,145.9,100,,,,,,,,,,,,,,,,,,,146.4,100,,,,,,,,,,,,,,,,,,
2026-07-05T01:00:48.524000+00:00,2026-07-05T01:00:48.523906,1,1,146.15,0.5,145.9,50,,,,,,,,,,,,,,,,,,,146.4,100,,,,,,,,,,,,,,,,,,
2026-07-05T01:00:48.529236+00:00,2026-07-05T01:00:48.529179,2,1,146.15,0.5,145.9,50,145.7,150,,,,,,,,,,,,,,,,,146.4,100,,,,,,,,,,,,,,,,,,
2026-07-05T01:00:48.583000+00:00,2026-07-05T01:00:48.582823,2,2,146.05,0.3,145.9,50,145.7,150,,,,,,,,,,,,,,,,,146.2,150,146.4,100,,,,,,,,,,,,,,,,
2026-07-05T01:00:49.964381+00:00,2026-07-05T01:00:49.964296,2,2,146.05,0.3,145.9,25,145.7,150,,,,,,,,,,,,,,,,,146.2,150,146.4,100,,,,,,,,,,,,,,,,
2026-07-05T01:00:50.629162+00:00,2026-07-05T01:00:50.629002,1,2,145.95,0.5,145.7,125,,,,,,,,,,,,,,,,,,,146.2,150,146.4,100,,,,,,,,,,,,,,,,
2026-07-05T01:00:50.830755+00:00,2026-07-05T01:00:50.830711,1,2,145.95,0.5,145.7,125,,,,,,,,,,,,,,,,,,,146.2,144,146.4,100,,,,,,,,,,,,,,,,
2026-07-05T01:00:51.058572+00:00,2026-07-05T01:00:51.058024,1,1,145.95,0.5,145.7,125,,,,,,,,,,,,,,,,,,,146.2,144,,,,,,,,,,,,,,,,,,
2026-07-05T01:00:51.108846+00:00,2026-07-05T01:00:51.108727,2,1,145.95,0.5,145.7,125,145.4,100,,,,,,,,,,,,,,,,,146.2,144,,,,,,,,,,,,,,,,,,
2026-07-05T01:00:51.158679+00:00,2026-07-05T01:00:51.156103,2,2,145.8,0.2,145.7,125,145.4,100,,,,,,,,,,,,,,,,,145.9,100,146.2,144,,,,,,,,,,,,,,,,
2026-07-05T01:00:51.639413+00:00,2026-07-05T01:00:51.639294,1,1,145.65,0.5,145.4,100,,,,,,,,,,,,,,,,,,,145.9,100,,,,,,,,,,,,,,,,,,
2026-07-05T01:00:51.694894+00:00,2026-07-05T01:00:51.694828,2,1,145.7,0.4,145.5,150,145.4,100,,,,,,,,,,,,,,,,,145.9,100,,,,,,,,,,,,,,,,,,
2026-07-05T01:00:51.748055+00:00,2026-07-05T01:00:51.747955,2,2,145.7,0.4,145.5,150,145.4,100,,,,,,,,,,,,,,,,,145.9,100,146.0,150,,,,,,,,,,,,,,,,
2026-07-05T01:00:52.746820+00:00,2026-07-05T01:00:52.746736,2,2,145.7,0.4,145.5,100,145.4,100,,,,,,,,,,,,,,,,,145.9,100,146.0,150,,,,,,,,,,,,,,,,
2026-07-05T01:00:52.841799+00:00,2026-07-05T01:00:52.841685,2,2,145.7,0.4,145.5,99,145.4,100,,,,,,,,,,,,,,,,,145.9,100,146.0,150,,,,,,,,,,,,,,,,
2026-07-05T01:00:53.464064+00:00,2026-07-05T01:00:53.463956,2,2,145.7,0.4,145.5,99,145.4,100,,,,,,,,,,,,,,,,,145.9,60,146.0,150,,,,,,,,,,,,,,,,
2026-07-05T01:00:53.848269+00:00,2026-07-05T01:00:53.848190,2,2,145.7,0.4,145.5,99,145.4,100,,,,,,,,,,,,,,,,,145.9,57,146.0,150,,,,,,,,,,,,,,,,
2026-07-05T01:00:54.043690+00:00,2026-07-05T01:00:54.043569,2,2,145.7,0.4,145.5,99,145.4,100,,,,,,,,,,,,,,,,,145.9,14,146.0,150,,,,,,,,,,,,,,,,
2026-07-05T01:00:54.217309+00:00,2026-07-05T01:00:54.217240,1,1,145.75,0.5,145.5,99,,,,,,,,,,,,,,,,,,,146.0,150,,,,,,,,,,,,,,,,,,
2026-07-05T01:00:54.272234+00:00,2026-07-05T01:00:54.272153,2,1,145.8,0.4,145.6,100,145.5,99,,,,,,,,,,,,,,,,,146.0,150,,,,,,,,,,,,,,,,,,
2026-07-05T01:00:54.325330+00:00,2026-07-05T01:00:54.325217,2,2,145.8,0.4,145.6,100,145.5,99,,,,,,,,,,,,,,,,,146.0,150,146.1,100,,,,,,,,,,,,,,,,
2026-07-05T01:00:54.798538+00:00,2026-07-05T01:00:54.798405,2,1,145.85,0.5,145.6,100,145.5,99,,,,,,,,,,,,,,,,,146.1,100,,,,,,,,,,,,,,,,,,
2026-07-05T01:00:54.803734+00:00,2026-07-05T01:00:54.803590,1,1,145.85,0.5,145.6,100,,,,,,,,,,,,,,,,,,,146.1,100,,,,,,,,,,,,,,,,,,
2026-07-05T01:00:54.853736+00:00,2026-07-05T01:00:54.853560,1,1,145.85,0.5,145.6,50,,,,,,,,,,,,,,,,,,,146.1,100,,,,,,,,,,,,,,,,,,
2026-07-05T01:00:54.858675+00:00,2026-07-05T01:00:54.858809,2,1,145.85,0.5,145.6,50,145.2,150,,,,,,,,,,,,,,,,,146.1,100,,,,,,,,,,,,,,,,,,
2026-07-05T01:00:54.864189+00:00,2026-07-05T01:00:54.864045,2,1,145.85,0.5,145.6,50,145.2,150,,,,,,,,,,,,,,,,,146.1,98,,,,,,,,,,,,,,,,,,
2026-07-05T01:00:54.912107+00:00,2026-07-05T01:00:54.911991,2,2,145.65,0.1,145.6,50,145.2,150,,,,,,,,,,,,,,,,,145.7,150,146.1,98,,,,,,,,,,,,,,,,
2026-07-05T01:00:56.584795+00:00,2026-07-05T01:00:56.584586,2,2,145.65,0.1,145.6,7,145.2,150,,,,,,,,,,,,,,,,,145.7,150,146.1,98,,,,,,,,,,,,,,,,
2026-07-05T01:00:57.056981+00:00,2026-07-05T01:00:57.051585,2,2,145.65,0.1,145.6,7,145.2,150,,,,,,,,,,,,,,,,,145.7,138,146.1,98,,,,,,,,,,,,,,,,
2026-07-05T01:00:57.172802+00:00,2026-07-05T01:00:57.172676,2,2,145.65,0.1,145.6,7,145.2,150,,,,,,,,,,,,,,,,,145.7,93,146.1,98,,,,,,,,,,,,,,,,
2026-07-05T01:00:57.381252+00:00,2026-07-05T01:00:57.381192,1,1,145.45,0.5,145.2,150,,,,,,,,,,,,,,,,,,,145.7,93,,,,,,,,,,,,,,,,,,
2026-07-05T01:00:57.436362+00:00,2026-07-05T01:00:57.436264,2,1,145.55,0.3,145.4,100,145.2,150,,,,,,,,,,,,,,,,,145.7,93,,,,,,,,,,,,,,,,,,
2026-07-05T01:00:57.489710+00:00,2026-07-05T01:00:57.489836,2,2,145.55,0.3,145.4,100,145.2,150,,,,,,,,,,,,,,,,,145.7,93,145.9,100,,,,,,,,,,,,,,,,
2026-07-05T01:00:57.844779+00:00,2026-07-05T01:00:57.844646,2,2,145.55,0.3,145.4,55,145.2,150,,,,,,,,,,,,,,,,,145.7,93,145.9,100,,,,,,,,,,,,,,,,
2026-07-05T01:00:57.958620+00:00,2026-07-05T01:00:57.956359,2,1,145.65,0.5,145.4,55,145.2,150,,,,,,,,,,,,,,,,,145.9,100,,,,,,,,,,,,,,,,,,
2026-07-05T01:00:57.969316+00:00,2026-07-05T01:00:57.969092,1,1,145.65,0.5,145.4,55,,,,,,,,,,,,,,,,,,,145.9,100,,,,,,,,,,,,,,,,,,
2026-07-05T01:00:58.021817+00:00,2026-07-05T01:00:58.021679,2,1,145.7,0.4,145.5,150,145.4,55,,,,,,,,,,,,,,,,,145.9,100,,,,,,,,,,,,,,,,,,
2026-07-05T01:00:58.075372+00:00,2026-07-05T01:00:58.075240,2,2,145.7,0.4,145.5,150,145.4,55,,,,,,,,,,,,,,,,,145.9,100,146.0,150,,,,,,,,,,,,,,,,
2026-07-05T01:01:00.003182+00:00,2026-07-05T01:01:00.003063,2,2,145.7,0.4,145.5,125,145.4,55,,,,,,,,,,,,,,,,,145.9,100,146.0,150,,,,,,,,,,,,,,,,
2026-07-05T01:01:00.543140+00:00,2026-07-05T01:01:00.543060,1,1,145.75,0.5,145.5,125,,,,,,,,,,,,,,,,,,,146.0,150,,,,,,,,,,,,,,,,,,
2026-07-05T01:01:00.597699+00:00,2026-07-05T01:01:00.597886,2,1,145.75,0.5,145.5,125,144.9,100,,,,,,,,,,,,,,,,,146.0,150,,,,,,,,,,,,,,,,,,
2026-07-05T01:01:00.650622+00:00,2026-07-05T01:01:00.650492,2,1,145.75,0.5,145.5,25,144.9,100,,,,,,,,,,,,,,,,,146.0,150,,,,,,,,,,,,,,,,,,
2026-07-05T01:01:01.130084+00:00,2026-07-05T01:01:01.129973,1,0,,,144.9,100,,,,,,,,,,,,,,,,,,,,,,,,,,,,,,,,,,,,,,
2026-07-05T01:01:01.185058+00:00,2026-07-05T01:01:01.184928,2,0,,,144.9,100,144.8,150,,,,,,,,,,,,,,,,,,,,,,,,,,,,,,,,,,,,
2026-07-05T01:01:01.259504+00:00,2026-07-05T01:01:01.245563,2,1,145.1,0.4,144.9,100,144.8,150,,,,,,,,,,,,,,,,,145.3,136,,,,,,,,,,,,,,,,,,
2026-07-05T01:01:01.469205+00:00,2026-07-05T01:01:01.469076,2,1,145.1,0.4,144.9,100,144.8,150,,,,,,,,,,,,,,,,,145.3,93,,,,,,,,,,,,,,,,,,
2026-07-05T01:01:01.881630+00:00,2026-07-05T01:01:01.881728,2,1,145.1,0.4,144.9,100,144.8,150,,,,,,,,,,,,,,,,,145.3,92,,,,,,,,,,,,,,,,,,
2026-07-05T01:01:02.028587+00:00,2026-07-05T01:01:02.028763,2,1,145.1,0.4,144.9,100,144.8,150,,,,,,,,,,,,,,,,,145.3,49,,,,,,,,,,,,,,,,,,
2026-07-05T01:01:02.546584+00:00,2026-07-05T01:01:02.546458,2,1,145.1,0.4,144.9,57,144.8,150,,,,,,,,,,,,,,,,,145.3,49,,,,,,,,,,,,,,,,,,
2026-07-05T01:01:03.092850+00:00,2026-07-05T01:01:03.092756,2,1,145.1,0.4,144.9,57,144.8,150,,,,,,,,,,,,,,,,,145.3,8,,,,,,,,,,,,,,,,,,
2026-07-05T01:01:03.274726+00:00,2026-07-05T01:01:03.274549,2,1,145.1,0.4,144.9,7,144.8,150,,,,,,,,,,,,,,,,,145.3,8,,,,,,,,,,,,,,,,,,
2026-07-05T01:01:03.715476+00:00,2026-07-05T01:01:03.715362,1,1,145.05,0.5,144.8,150,,,,,,,,,,,,,,,,,,,145.3,8,,,,,,,,,,,,,,,,,,
2026-07-05T01:01:03.764790+00:00,2026-07-05T01:01:03.764681,2,1,145.1,0.4,144.9,100,144.8,150,,,,,,,,,,,,,,,,,145.3,8,,,,,,,,,,,,,,,,,,
2026-07-05T01:01:03.818262+00:00,2026-07-05T01:01:03.818223,2,2,145.1,0.4,144.9,100,144.8,150,,,,,,,,,,,,,,,,,145.3,8,145.4,100,,,,,,,,,,,,,,,,
2026-07-05T01:01:04.295766+00:00,2026-07-05T01:01:04.295908,1,1,145.15,0.5,144.9,100,,,,,,,,,,,,,,,,,,,145.4,100,,,,,,,,,,,,,,,,,,
2026-07-05T01:01:04.352969+00:00,2026-07-05T01:01:04.352855,2,1,145.3,0.2,145.2,150,144.9,100,,,,,,,,,,,,,,,,,145.4,100,,,,,,,,,,,,,,,,,,
2026-07-05T01:01:04.408003+00:00,2026-07-05T01:01:04.407763,2,2,145.3,0.2,145.2,150,144.9,100,,,,,,,,,,,,,,,,,145.4,100,145.7,150,,,,,,,,,,,,,,,,
2026-07-05T01:01:05.380801+00:00,2026-07-05T01:01:05.380724,2,2,145.3,0.2,145.2,100,144.9,100,,,,,,,,,,,,,,,,,145.4,100,145.7,150,,,,,,,,,,,,,,,,
2026-07-05T01:01:06.084555+00:00,2026-07-05T01:01:06.084421,2,2,145.3,0.2,145.2,53,144.9,100,,,,,,,,,,,,,,,,,145.4,100,145.7,150,,,,,,,,,,,,,,,,
2026-07-05T01:01:06.658609+00:00,2026-07-05T01:01:06.654112,2,2,145.3,0.2,145.2,53,144.9,100,,,,,,,,,,,,,,,,,145.4,53,145.7,150,,,,,,,,,,,,,,,,
2026-07-05T01:01:06.874896+00:00,2026-07-05T01:01:06.874861,1,1,145.45,0.5,145.2,53,,,,,,,,,,,,,,,,,,,145.7,150,,,,,,,,,,,,,,,,,,
2026-07-05T01:01:06.896265+00:00,2026-07-05T01:01:06.896154,1,1,145.45,0.5,145.2,52,,,,,,,,,,,,,,,,,,,145.7,150,,,,,,,,,,,,,,,,,,
2026-07-05T01:01:06.931329+00:00,2026-07-05T01:01:06.931475,2,1,145.5,0.4,145.3,100,145.2,52,,,,,,,,,,,,,,,,,145.7,150,,,,,,,,,,,,,,,,,,
2026-07-05T01:01:06.986088+00:00,2026-07-05T01:01:06.985878,2,2,145.5,0.4,145.3,100,145.2,52,,,,,,,,,,,,,,,,,145.7,150,145.8,100,,,,,,,,,,,,,,,,
2026-07-05T01:01:07.463959+00:00,2026-07-05T01:01:07.463829,1,1,145.55,0.5,145.3,100,,,,,,,,,,,,,,,,,,,145.8,100,,,,,,,,,,,,,,,,,,
2026-07-05T01:01:07.512915+00:00,2026-07-05T01:01:07.512839,1,1,145.55,0.5,145.3,250,,,,,,,,,,,,,,,,,,,145.8,100,,,,,,,,,,,,,,,,,,
2026-07-05T01:01:07.568111+00:00,2026-07-05T01:01:07.567993,1,1,145.55,0.5,145.3,250,,,,,,,,,,,,,,,,,,,145.8,250,,,,,,,,,,,,,,,,,,
2026-07-05T01:01:07.732891+00:00,2026-07-05T01:01:07.733137,1,1,145.55,0.5,145.3,203,,,,,,,,,,,,,,,,,,,145.8,250,,,,,,,,,,,,,,,,,,
2026-07-05T01:01:07.905162+00:00,2026-07-05T01:01:07.905088,1,1,145.55,0.5,145.3,200,,,,,,,,,,,,,,,,,,,145.8,250,,,,,,,,,,,,,,,,,,
2026-07-05T01:01:08.758572+00:00,2026-07-05T01:01:08.753728,1,1,145.55,0.5,145.3,155,,,,,,,,,,,,,,,,,,,145.8,250,,,,,,,,,,,,,,,,,,
2026-07-05T01:01:09.592897+00:00,2026-07-05T01:01:09.592786,1,1,145.55,0.5,145.3,105,,,,,,,,,,,,,,,,,,,145.8,250,,,,,,,,,,,,,,,,,,
2026-07-05T01:01:09.918205+00:00,2026-07-05T01:01:09.918359,1,1,145.55,0.5,145.3,105,,,,,,,,,,,,,,,,,,,145.8,248,,,,,,,,,,,,,,,,,,
2026-07-05T01:01:10.041227+00:00,2026-07-05T01:01:10.041134,1,1,145.55,0.5,145.3,105,,,,,,,,,,,,,,,,,,,145.8,150,,,,,,,,,,,,,,,,,,
2026-07-05T01:01:10.094669+00:00,2026-07-05T01:01:10.094854,2,1,145.55,0.5,145.3,105,144.8,100,,,,,,,,,,,,,,,,,145.8,150,,,,,,,,,,,,,,,,,,
2026-07-05T01:01:10.144465+00:00,2026-07-05T01:01:10.144331,2,1,145.55,0.5,145.3,5,144.8,100,,,,,,,,,,,,,,,,,145.8,150,,,,,,,,,,,,,,,,,,
2026-07-05T01:01:10.627125+00:00,2026-07-05T01:01:10.626993,1,0,,,144.8,100,,,,,,,,,,,,,,,,,,,,,,,,,,,,,,,,,,,,,,
2026-07-05T01:01:10.682490+00:00,2026-07-05T01:01:10.682586,2,0,,,144.8,100,144.3,150,,,,,,,,,,,,,,,,,,,,,,,,,,,,,,,,,,,,
2026-07-05T01:01:10.746706+00:00,2026-07-05T01:01:10.740265,1,1,144.55,0.5,144.3,150,,,,,,,,,,,,,,,,,,,144.8,36,,,,,,,,,,,,,,,,,,
2026-07-05T01:01:10.929752+00:00,2026-07-05T01:01:10.929838,1,1,144.55,0.5,144.3,150,,,,,,,,,,,,,,,,,,,144.8,33,,,,,,,,,,,,,,,,,,
2026-07-05T01:01:11.768940+00:00,2026-07-05T01:01:11.769183,1,1,144.55,0.5,144.3,100,,,,,,,,,,,,,,,,,,,144.8,33,,,,,,,,,,,,,,,,,,
2026-07-05T01:01:11.963966+00:00,2026-07-05T01:01:11.963897,1,1,144.55,0.5,144.3,100,,,,,,,,,,,,,,,,,,,144.8,31,,,,,,,,,,,,,,,,,,
2026-07-05T01:01:13.253445+00:00,2026-07-05T01:01:13.253582,2,1,144.75,0.1,144.7,100,144.3,100,,,,,,,,,,,,,,,,,144.8,31,,,,,,,,,,,,,,,,,,
2026-07-05T01:01:13.306526+00:00,2026-07-05T01:01:13.306442,2,2,144.75,0.1,144.7,100,144.3,100,,,,,,,,,,,,,,,,,144.8,31,145.2,100,,,,,,,,,,,,,,,,
2026-07-05T01:01:13.786717+00:00,2026-07-05T01:01:13.786652,2,1,144.95,0.5,144.7,100,144.3,100,,,,,,,,,,,,,,,,,145.2,100,,,,,,,,,,,,,,,,,,
2026-07-05T01:01:13.791919+00:00,2026-07-05T01:01:13.791811,1,1,144.95,0.5,144.7,100,,,,,,,,,,,,,,,,,,,145.2,100,,,,,,,,,,,,,,,,,,
2026-07-05T01:01:13.811785+00:00,2026-07-05T01:01:13.811912,1,1,144.95,0.5,144.7,50,,,,,,,,,,,,,,,,,,,145.2,100,,,,,,,,,,,,,,,,,,
2026-07-05T01:01:13.845042+00:00,2026-07-05T01:01:13.844922,2,1,144.95,0.5,144.7,50,144.3,150,,,,,,,,,,,,,,,,,145.2,100,,,,,,,,,,,,,,,,,,
2026-07-05T01:01:13.893355+00:00,2026-07-05T01:01:13.893050,2,2,144.75,0.1,144.7,50,144.3,150,,,,,,,,,,,,,,,,,144.8,150,145.2,100,,,,,,,,,,,,,,,,
2026-07-05T01:01:14.758661+00:00,2026-07-05T01:01:14.756869,2,2,144.75,0.1,144.7,50,144.3,150,,,,,,,,,,,,,,,,,144.8,106,145.2,100,,,,,,,,,,,,,,,,
2026-07-05T01:01:15.034701+00:00,2026-07-05T01:01:15.034671,2,2,144.75,0.1,144.7,50,144.3,150,,,,,,,,,,,,,,,,,144.8,81,145.2,100,,,,,,,,,,,,,,,,
2026-07-05T01:01:15.287048+00:00,2026-07-05T01:01:15.286913,2,2,144.75,0.1,144.7,50,144.3,150,,,,,,,,,,,,,,,,,144.8,37,145.2,100,,,,,,,,,,,,,,,,
2026-07-05T01:01:15.958622+00:00,2026-07-05T01:01:15.952265,2,2,144.75,0.1,144.7,50,144.3,150,,,,,,,,,,,,,,,,,144.8,36,145.2,100,,,,,,,,,,,,,,,,
2026-07-05T01:01:16.370391+00:00,2026-07-05T01:01:16.370362,2,1,144.75,0.1,144.7,50,144.3,150,,,,,,,,,,,,,,,,,144.8,36,,,,,,,,,,,,,,,,,,
2026-07-05T01:01:16.375654+00:00,2026-07-05T01:01:16.375540,1,1,144.55,0.5,144.3,150,,,,,,,,,,,,,,,,,,,144.8,36,,,,,,,,,,,,,,,,,,
2026-07-05T01:01:16.427081+00:00,2026-07-05T01:01:16.426954,2,1,144.75,0.1,144.7,100,144.3,150,,,,,,,,,,,,,,,,,144.8,36,,,,,,,,,,,,,,,,,,
2026-07-05T01:01:16.478151+00:00,2026-07-05T01:01:16.478033,2,2,144.75,0.1,144.7,100,144.3,150,,,,,,,,,,,,,,,,,144.8,36,145.2,100,,,,,,,,,,,,,,,,
2026-07-05T01:01:16.970656+00:00,2026-07-05T01:01:16.970534,1,1,144.95,0.5,144.7,100,,,,,,,,,,,,,,,,,,,145.2,100,,,,,,,,,,,,,,,,,,
2026-07-05T01:01:16.981190+00:00,2026-07-05T01:01:16.981030,1,1,144.95,0.5,144.7,58,,,,,,,,,,,,,,,,,,,145.2,100,,,,,,,,,,,,,,,,,,
2026-07-05T01:01:17.026552+00:00,2026-07-05T01:01:17.026458,1,1,144.95,0.5,144.7,208,,,,,,,,,,,,,,,,,,,145.2,100,,,,,,,,,,,,,,,,,,
2026-07-05T01:01:17.080818+00:00,2026-07-05T01:01:17.080671,1,1,144.95,0.5,144.7,208,,,,,,,,,,,,,,,,,,,145.2,250,,,,,,,,,,,,,,,,,,
2026-07-05T01:01:17.958238+00:00,2026-07-05T01:01:17.958465,1,1,144.95,0.5,144.7,207,,,,,,,,,,,,,,,,,,,145.2,250,,,,,,,,,,,,,,,,,,
2026-07-05T01:01:18.023404+00:00,2026-07-05T01:01:18.023549,1,1,144.95,0.5,144.7,157,,,,,,,,,,,,,,,,,,,145.2,250,,,,,,,,,,,,,,,,,,
2026-07-05T01:01:18.513124+00:00,2026-07-05T01:01:18.513072,1,1,144.95,0.5,144.7,109,,,,,,,,,,,,,,,,,,,145.2,250,,,,,,,,,,,,,,,,,,
2026-07-05T01:01:19.553632+00:00,2026-07-05T01:01:19.553716,1,1,144.95,0.5,144.7,109,,,,,,,,,,,,,,,,,,,145.2,150,,,,,,,,,,,,,,,,,,
2026-07-05T01:01:19.610553+00:00,2026-07-05T01:01:19.610445,2,1,144.95,0.5,144.7,109,144.1,100,,,,,,,,,,,,,,,,,145.2,150,,,,,,,,,,,,,,,,,,
2026-07-05T01:01:19.664473+00:00,2026-07-05T01:01:19.664385,2,1,144.95,0.5,144.7,9,144.1,100,,,,,,,,,,,,,,,,,145.2,150,,,,,,,,,,,,,,,,,,
2026-07-05T01:01:20.129548+00:00,2026-07-05T01:01:20.129479,1,1,144.65,1.1,144.1,100,,,,,,,,,,,,,,,,,,,145.2,150,,,,,,,,,,,,,,,,,,
2026-07-05T01:01:20.134786+00:00,2026-07-05T01:01:20.134664,1,0,,,144.1,100,,,,,,,,,,,,,,,,,,,,,,,,,,,,,,,,,,,,,,
2026-07-05T01:01:20.188017+00:00,2026-07-05T01:01:20.187792,2,0,,,144.2,150,144.1,100,,,,,,,,,,,,,,,,,,,,,,,,,,,,,,,,,,,,
2026-07-05T01:01:20.245935+00:00,2026-07-05T01:01:20.246128,2,1,144.45,0.5,144.2,150,144.1,100,,,,,,,,,,,,,,,,,144.7,150,,,,,,,,,,,,,,,,,,
2026-07-05T01:01:20.547239+00:00,2026-07-05T01:01:20.547164,2,1,144.45,0.5,144.2,150,144.1,100,,,,,,,,,,,,,,,,,144.7,106,,,,,,,,,,,,,,,,,,
2026-07-05T01:01:22.186300+00:00,2026-07-05T01:01:22.186450,2,1,144.45,0.5,144.2,150,144.1,100,,,,,,,,,,,,,,,,,144.7,56,,,,,,,,,,,,,,,,,,
2026-07-05T01:01:22.720756+00:00,2026-07-05T01:01:22.720662,1,1,144.45,0.5,144.2,150,,,,,,,,,,,,,,,,,,,144.7,56,,,,,,,,,,,,,,,,,,
2026-07-05T01:01:22.773441+00:00,2026-07-05T01:01:22.773287,2,1,144.55,0.3,144.4,100,144.2,150,,,,,,,,,,,,,,,,,144.7,56,,,,,,,,,,,,,,,,,,
2026-07-05T01:01:22.820996+00:00,2026-07-05T01:01:22.820905,2,2,144.55,0.3,144.4,100,144.2,150,,,,,,,,,,,,,,,,,144.7,56,144.9,100,,,,,,,,,,,,,,,,
2026-07-05T01:01:23.272208+00:00,2026-07-05T01:01:23.272062,2,2,144.55,0.3,144.4,100,144.2,150,,,,,,,,,,,,,,,,,144.7,15,144.9,100,,,,,,,,,,,,,,,,
2026-07-05T01:01:23.295220+00:00,2026-07-05T01:01:23.295359,1,1,144.65,0.5,144.4,100,,,,,,,,,,,,,,,,,,,144.9,100,,,,,,,,,,,,,,,,,,
2026-07-05T01:01:23.350152+00:00,2026-07-05T01:01:23.350049,2,1,144.85,0.1,144.8,150,144.4,100,,,,,,,,,,,,,,,,,144.9,100,,,,,,,,,,,,,,,,,,
2026-07-05T01:01:23.402869+00:00,2026-07-05T01:01:23.403042,2,2,144.85,0.1,144.8,150,144.4,100,,,,,,,,,,,,,,,,,144.9,100,145.3,150,,,,,,,,,,,,,,,,
2026-07-05T01:01:24.295212+00:00,2026-07-05T01:01:24.295164,2,2,144.85,0.1,144.8,150,144.4,100,,,,,,,,,,,,,,,,,144.9,50,145.3,150,,,,,,,,,,,,,,,,
2026-07-05T01:01:25.049763+00:00,2026-07-05T01:01:25.049689,2,2,144.85,0.1,144.8,150,144.4,100,,,,,,,,,,,,,,,,,144.9,25,145.3,150,,,,,,,,,,,,,,,,
2026-07-05T01:01:25.468733+00:00,2026-07-05T01:01:25.468823,2,2,144.85,0.1,144.8,107,144.4,100,,,,,,,,,,,,,,,,,144.9,25,145.3,150,,,,,,,,,,,,,,,,
2026-07-05T01:01:25.590218+00:00,2026-07-05T01:01:25.584346,2,2,144.85,0.1,144.8,96,144.4,100,,,,,,,,,,,,,,,,,144.9,25,145.3,150,,,,,,,,,,,,,,,,
2026-07-05T01:01:25.879610+00:00,2026-07-05T01:01:25.879502,1,1,145.05,0.5,144.8,96,,,,,,,,,,,,,,,,,,,145.3,150,,,,,,,,,,,,,,,,,,
2026-07-05T01:01:25.934362+00:00,2026-07-05T01:01:25.934468,2,1,145.05,0.5,144.8,96,144.6,100,,,,,,,,,,,,,,,,,145.3,150,,,,,,,,,,,,,,,,,,
2026-07-05T01:01:25.987667+00:00,2026-07-05T01:01:25.987635,2,2,144.95,0.3,144.8,96,144.6,100,,,,,,,,,,,,,,,,,145.1,100,145.3,150,,,,,,,,,,,,,,,,
2026-07-05T01:01:26.463651+00:00,2026-07-05T01:01:26.463845,1,1,144.85,0.5,144.6,100,,,,,,,,,,,,,,,,,,,145.1,100,,,,,,,,,,,,,,,,,,
2026-07-05T01:01:26.514793+00:00,2026-07-05T01:01:26.514672,2,1,144.85,0.5,144.6,100,144.5,150,,,,,,,,,,,,,,,,,145.1,100,,,,,,,,,,,,,,,,,,
2026-07-05T01:01:26.535342+00:00,2026-07-05T01:01:26.535207,2,1,144.85,0.5,144.6,56,144.5,150,,,,,,,,,,,,,,,,,145.1,100,,,,,,,,,,,,,,,,,,
2026-07-05T01:01:26.568623+00:00,2026-07-05T01:01:26.568721,2,2,144.8,0.4,144.6,56,144.5,150,,,,,,,,,,,,,,,,,145.0,150,145.1,100,,,,,,,,,,,,,,,,
2026-07-05T01:01:28.511009+00:00,2026-07-05T01:01:28.511136,2,2,144.8,0.4,144.6,56,144.5,150,,,,,,,,,,,,,,,,,145.0,100,145.1,100,,,,,,,,,,,,,,,,
2026-07-05T01:01:29.042124+00:00,2026-07-05T01:01:29.041998,1,1,144.75,0.5,144.5,150,,,,,,,,,,,,,,,,,,,145.0,100,,,,,,,,,,,,,,,,,,
2026-07-05T01:01:29.097990+00:00,2026-07-05T01:01:29.098146,2,1,144.8,0.4,144.6,100,144.5,150,,,,,,,,,,,,,,,,,145.0,100,,,,,,,,,,,,,,,,,,
2026-07-05T01:01:29.151642+00:00,2026-07-05T01:01:29.151586,2,2,144.8,0.4,144.6,100,144.5,150,,,,,,,,,,,,,,,,,145.0,100,145.1,100,,,,,,,,,,,,,,,,
2026-07-05T01:01:29.622929+00:00,2026-07-05T01:01:29.622787,1,1,144.85,0.5,144.6,100,,,,,,,,,,,,,,,,,,,145.1,100,,,,,,,,,,,,,,,,,,
2026-07-05T01:01:29.685673+00:00,2026-07-05T01:01:29.685444,2,1,144.85,0.5,144.6,100,144.5,150,,,,,,,,,,,,,,,,,145.1,100,,,,,,,,,,,,,,,,,,
2026-07-05T01:01:29.738767+00:00,2026-07-05T01:01:29.738710,2,2,144.8,0.4,144.6,100,144.5,150,,,,,,,,,,,,,,,,,145.0,150,145.1,100,,,,,,,,,,,,,,,,
2026-07-05T01:01:29.803695+00:00,2026-07-05T01:01:29.803613,2,2,144.8,0.4,144.6,100,144.5,150,,,,,,,,,,,,,,,,,145.0,104,145.1,100,,,,,,,,,,,,,,,,
2026-07-05T01:01:30.058652+00:00,2026-07-05T01:01:30.054660,2,2,144.8,0.4,144.6,100,144.5,150,,,,,,,,,,,,,,,,,145.0,79,145.1,100,,,,,,,,,,,,,,,,
2026-07-05T01:01:30.448130+00:00,2026-07-05T01:01:30.450440,2,2,144.8,0.4,144.6,100,144.5,150,,,,,,,,,,,,,,,,,145.0,36,145.1,100,,,,,,,,,,,,,,,,
2026-07-05T01:01:31.112448+00:00,2026-07-05T01:01:31.112312,2,1,144.85,0.5,144.6,100,144.5,150,,,,,,,,,,,,,,,,,145.1,100,,,,,,,,,,,,,,,,,,
2026-07-05T01:01:32.207153+00:00,2026-07-05T01:01:32.207042,1,0,,,144.5,150,,,,,,,,,,,,,,,,,,,,,,,,,,,,,,,,,,,,,,
2026-07-05T01:01:32.261093+00:00,2026-07-05T01:01:32.260971,2,0,,,144.9,100,144.5,150,,,,,,,,,,,,,,,,,,,,,,,,,,,,,,,,,,,,
2026-07-05T01:01:32.314470+00:00,2026-07-05T01:01:32.314357,2,1,145.15,0.5,144.9,100,144.5,150,,,,,,,,,,,,,,,,,145.4,100,,,,,,,,,,,,,,,,,,
2026-07-05T01:01:32.726809+00:00,2026-07-05T01:01:32.726977,2,1,145.15,0.5,144.9,100,144.5,150,,,,,,,,,,,,,,,,,145.4,50,,,,,,,,,,,,,,,,,,
2026-07-05T01:01:32.797873+00:00,2026-07-05T01:01:32.797772,1,1,145.15,0.5,144.9,100,,,,,,,,,,,,,,,,,,,145.4,50,,,,,,,,,,,,,,,,,,
2026-07-05T01:01:32.851349+00:00,2026-07-05T01:01:32.851200,2,0,,,145.7,100,144.9,100,,,,,,,,,,,,,,,,,,,,,,,,,,,,,,,,,,,,
2026-07-05T01:01:32.917373+00:00,2026-07-05T01:01:32.911233,2,1,145.95,0.5,145.7,97,144.9,100,,,,,,,,,,,,,,,,,146.2,150,,,,,,,,,,,,,,,,,,
2026-07-05T01:01:33.786225+00:00,2026-07-05T01:01:33.786081,2,1,145.95,0.5,145.7,54,144.9,100,,,,,,,,,,,,,,,,,146.2,150,,,,,,,,,,,,,,,,,,
2026-07-05T01:01:34.591455+00:00,2026-07-05T01:01:34.586274,2,1,145.95,0.5,145.7,40,144.9,100,,,,,,,,,,,,,,,,,146.2,150,,,,,,,,,,,,,,,,,,
2026-07-05T01:01:34.993579+00:00,2026-07-05T01:01:34.993437,2,1,145.95,0.5,145.7,39,144.9,100,,,,,,,,,,,,,,,,,146.2,150,,,,,,,,,,,,,,,,,,
2026-07-05T01:01:35.069093+00:00,2026-07-05T01:01:35.068995,2,1,145.95,0.5,145.7,14,144.9,100,,,,,,,,,,,,,,,,,146.2,150,,,,,,,,,,,,,,,,,,
2026-07-05T01:01:35.358587+00:00,2026-07-05T01:01:35.357214,1,1,145.95,0.5,145.7,14,,,,,,,,,,,,,,,,,,,146.2,150,,,,,,,,,,,,,,,,,,
2026-07-05T01:01:35.415930+00:00,2026-07-05T01:01:35.415881,2,1,145.95,0.5,145.7,14,145.2,100,,,,,,,,,,,,,,,,,146.2,150,,,,,,,,,,,,,,,,,,
2026-07-05T01:01:35.471570+00:00,2026-07-05T01:01:35.471532,1,2,145.45,0.5,145.2,100,,,,,,,,,,,,,,,,,,,145.7,86,146.2,150,,,,,,,,,,,,,,,,
2026-07-05T01:01:35.964057+00:00,2026-07-05T01:01:35.963855,1,1,145.45,0.5,145.2,100,,,,,,,,,,,,,,,,,,,145.7,86,,,,,,,,,,,,,,,,,,
2026-07-05T01:01:36.015099+00:00,2026-07-05T01:01:36.015018,2,1,145.55,0.3,145.4,150,145.2,100,,,,,,,,,,,,,,,,,145.7,86,,,,,,,,,,,,,,,,,,
2026-07-05T01:01:36.072440+00:00,2026-07-05T01:01:36.072339,2,2,145.55,0.3,145.4,150,145.2,100,,,,,,,,,,,,,,,,,145.7,86,145.9,150,,,,,,,,,,,,,,,,
2026-07-05T01:01:37.406017+00:00,2026-07-05T01:01:37.400581,2,2,145.55,0.3,145.4,150,145.2,100,,,,,,,,,,,,,,,,,145.7,75,145.9,150,,,,,,,,,,,,,,,,
2026-07-05T01:01:37.631992+00:00,2026-07-05T01:01:37.631929,2,2,145.55,0.3,145.4,107,145.2,100,,,,,,,,,,,,,,,,,145.7,75,145.9,150,,,,,,,,,,,,,,,,
2026-07-05T01:01:38.527149+00:00,2026-07-05T01:01:38.527254,1,1,145.65,0.5,145.4,107,,,,,,,,,,,,,,,,,,,145.9,150,,,,,,,,,,,,,,,,,,
2026-07-05T01:01:38.591536+00:00,2026-07-05T01:01:38.591399,2,1,145.7,0.4,145.5,100,145.4,107,,,,,,,,,,,,,,,,,145.9,150,,,,,,,,,,,,,,,,,,
2026-07-05T01:01:38.641372+00:00,2026-07-05T01:01:38.641477,2,2,145.7,0.4,145.5,100,145.4,107,,,,,,,,,,,,,,,,,145.9,150,146.0,100,,,,,,,,,,,,,,,,
2026-07-05T01:01:39.041389+00:00,2026-07-05T01:01:39.041254,2,2,145.7,0.4,145.5,100,145.4,107,,,,,,,,,,,,,,,,,145.9,100,146.0,100,,,,,,,,,,,,,,,,
2026-07-05T01:01:39.134035+00:00,2026-07-05T01:01:39.133970,1,1,145.75,0.5,145.5,100,,,,,,,,,,,,,,,,,,,146.0,100,,,,,,,,,,,,,,,,,,
2026-07-05T01:01:39.189442+00:00,2026-07-05T01:01:39.189327,2,1,145.75,0.5,145.5,56,145.1,150,,,,,,,,,,,,,,,,,146.0,100,,,,,,,,,,,,,,,,,,
2026-07-05T01:01:39.244242+00:00,2026-07-05T01:01:39.244149,2,2,145.55,0.1,145.5,56,145.1,150,,,,,,,,,,,,,,,,,145.6,150,146.0,100,,,,,,,,,,,,,,,,
2026-07-05T01:01:40.046856+00:00,2026-07-05T01:01:40.040783,2,2,145.55,0.1,145.5,56,145.1,150,,,,,,,,,,,,,,,,,145.6,147,146.0,100,,,,,,,,,,,,,,,,
2026-07-05T01:01:40.373106+00:00,2026-07-05T01:01:40.373281,2,2,145.55,0.1,145.5,56,145.1,150,,,,,,,,,,,,,,,,,145.6,107,146.0,100,,,,,,,,,,,,,,,,
2026-07-05T01:01:41.159086+00:00,2026-07-05T01:01:41.158653,2,2,145.55,0.1,145.5,56,145.1,150,,,,,,,,,,,,,,,,,145.6,57,146.0,100,,,,,,,,,,,,,,,,
2026-07-05T01:01:41.696075+00:00,2026-07-05T01:01:41.696009,1,1,145.35,0.5,145.1,150,,,,,,,,,,,,,,,,,,,145.6,57,,,,,,,,,,,,,,,,,,
2026-07-05T01:01:41.750877+00:00,2026-07-05T01:01:41.750687,2,1,145.55,0.1,145.5,100,145.1,150,,,,,,,,,,,,,,,,,145.6,57,,,,,,,,,,,,,,,,,,
2026-07-05T01:01:41.803984+00:00,2026-07-05T01:01:41.803837,2,2,145.55,0.1,145.5,100,145.1,150,,,,,,,,,,,,,,,,,145.6,57,146.0,100,,,,,,,,,,,,,,,,
2026-07-05T01:01:42.301546+00:00,2026-07-05T01:01:42.301405,1,1,145.75,0.5,145.5,100,,,,,,,,,,,,,,,,,,,146.0,100,,,,,,,,,,,,,,,,,,
2026-07-05T01:01:42.358624+00:00,2026-07-05T01:01:42.356573,2,1,145.8,0.4,145.6,150,145.5,100,,,,,,,,,,,,,,,,,146.0,100,,,,,,,,,,,,,,,,,,
2026-07-05T01:01:42.409310+00:00,2026-07-05T01:01:42.409112,2,2,145.8,0.4,145.6,150,145.5,100,,,,,,,,,,,,,,,,,146.0,100,146.1,150,,,,,,,,,,,,,,,,
2026-07-05T01:01:42.571002+00:00,2026-07-05T01:01:42.571137,2,2,145.8,0.4,145.6,108,145.5,100,,,,,,,,,,,,,,,,,146.0,100,146.1,150,,,,,,,,,,,,,,,,
2026-07-05T01:01:44.858644+00:00,2026-07-05T01:01:44.852610,1,1,145.85,0.5,145.6,108,,,,,,,,,,,,,,,,,,,146.1,150,,,,,,,,,,,,,,,,,,
2026-07-05T01:01:44.911959+00:00,2026-07-05T01:01:44.909291,2,1,145.85,0.5,145.6,108,145.4,100,,,,,,,,,,,,,,,,,146.1,150,,,,,,,,,,,,,,,,,,
2026-07-05T01:01:44.968026+00:00,2026-07-05T01:01:44.967949,2,2,145.75,0.3,145.6,108,145.4,100,,,,,,,,,,,,,,,,,145.9,100,146.1,150,,,,,,,,,,,,,,,,
2026-07-05T01:01:45.316905+00:00,2026-07-05T01:01:45.310406,2,2,145.75,0.3,145.6,105,145.4,100,,,,,,,,,,,,,,,,,145.9,100,146.1,150,,,,,,,,,,,,,,,,
2026-07-05T01:01:45.423462+00:00,2026-07-05T01:01:45.423344,2,2,145.75,0.3,145.6,55,145.4,100,,,,,,,,,,,,,,,,,145.9,100,146.1,150,,,,,,,,,,,,,,,,
2026-07-05T01:01:45.463974+00:00,2026-07-05T01:01:45.463947,2,1,145.75,0.3,145.6,55,145.4,100,,,,,,,,,,,,,,,,,145.9,100,,,,,,,,,,,,,,,,,,
2026-07-05T01:01:45.469315+00:00,2026-07-05T01:01:45.469114,1,1,145.65,0.5,145.4,100,,,,,,,,,,,,,,,,,,,145.9,100,,,,,,,,,,,,,,,,,,
2026-07-05T01:01:45.523781+00:00,2026-07-05T01:01:45.523644,2,1,145.65,0.5,145.4,100,144.8,150,,,,,,,,,,,,,,,,,145.9,100,,,,,,,,,,,,,,,,,,
2026-07-05T01:01:45.576712+00:00,2026-07-05T01:01:45.576604,1,2,145.05,0.5,144.8,150,,,,,,,,,,,,,,,,,,,145.3,50,145.9,100,,,,,,,,,,,,,,,,
2026-07-05T01:01:46.645735+00:00,2026-07-05T01:01:46.638007,1,2,145.05,0.5,144.8,150,,,,,,,,,,,,,,,,,,,145.3,47,145.9,100,,,,,,,,,,,,,,,,
2026-07-05T01:01:48.028303+00:00,2026-07-05T01:01:48.028184,1,1,145.05,0.5,144.8,150,,,,,,,,,,,,,,,,,,,145.3,47,,,,,,,,,,,,,,,,,,
2026-07-05T01:01:48.076852+00:00,2026-07-05T01:01:48.076808,2,1,145.1,0.4,144.9,100,144.8,150,,,,,,,,,,,,,,,,,145.3,47,,,,,,,,,,,,,,,,,,
2026-07-05T01:01:48.132788+00:00,2026-07-05T01:01:48.132923,2,2,145.1,0.4,144.9,100,144.8,150,,,,,,,,,,,,,,,,,145.3,47,145.4,100,,,,,,,,,,,,,,,,
2026-07-05T01:01:48.633370+00:00,2026-07-05T01:01:48.633183,1,1,145.15,0.5,144.9,100,,,,,,,,,,,,,,,,,,,145.4,100,,,,,,,,,,,,,,,,,,
2026-07-05T01:01:48.689254+00:00,2026-07-05T01:01:48.689170,2,0,,,145.4,50,144.9,100,,,,,,,,,,,,,,,,,,,,,,,,,,,,,,,,,,,,
2026-07-05T01:01:48.744788+00:00,2026-07-05T01:01:48.744674,2,1,145.65,0.5,145.4,50,144.9,100,,,,,,,,,,,,,,,,,145.9,150,,,,,,,,,,,,,,,,,,
2026-07-05T01:01:49.582696+00:00,2026-07-05T01:01:49.582640,2,1,145.65,0.5,145.4,50,144.9,100,,,,,,,,,,,,,,,,,145.9,100,,,,,,,,,,,,,,,,,,
2026-07-05T01:01:51.185331+00:00,2026-07-05T01:01:51.185423,1,1,145.65,0.5,145.4,50,,,,,,,,,,,,,,,,,,,145.9,100,,,,,,,,,,,,,,,,,,
2026-07-05T01:01:51.235280+00:00,2026-07-05T01:01:51.235173,2,1,145.7,0.4,145.5,100,145.4,50,,,,,,,,,,,,,,,,,145.9,100,,,,,,,,,,,,,,,,,,
2026-07-05T01:01:51.288690+00:00,2026-07-05T01:01:51.288641,2,2,145.7,0.4,145.5,100,145.4,50,,,,,,,,,,,,,,,,,145.9,100,146.0,100,,,,,,,,,,,,,,,,
2026-07-05T01:01:51.799127+00:00,2026-07-05T01:01:51.799072,1,1,145.75,0.5,145.5,100,,,,,,,,,,,,,,,,,,,146.0,100,,,,,,,,,,,,,,,,,,
2026-07-05T01:01:51.854992+00:00,2026-07-05T01:01:51.854842,1,1,145.75,0.5,145.5,250,,,,,,,,,,,,,,,,,,,146.0,100,,,,,,,,,,,,,,,,,,
2026-07-05T01:01:51.910986+00:00,2026-07-05T01:01:51.911126,1,1,145.75,0.5,145.5,250,,,,,,,,,,,,,,,,,,,146.0,250,,,,,,,,,,,,,,,,,,
2026-07-05T01:01:53.844587+00:00,2026-07-05T01:01:53.844525,1,1,145.75,0.5,145.5,200,,,,,,,,,,,,,,,,,,,146.0,250,,,,,,,,,,,,,,,,,,
2026-07-05T01:01:54.343983+00:00,2026-07-05T01:01:54.340098,1,1,145.75,0.5,145.5,150,,,,,,,,,,,,,,,,,,,146.0,150,,,,,,,,,,,,,,,,,,
2026-07-05T01:01:54.402942+00:00,2026-07-05T01:01:54.402875,2,1,145.75,0.5,145.5,150,145.3,100,,,,,,,,,,,,,,,,,146.0,150,,,,,,,,,,,,,,,,,,
2026-07-05T01:01:54.458711+00:00,2026-07-05T01:01:54.458652,2,2,145.65,0.3,145.5,150,145.3,100,,,,,,,,,,,,,,,,,145.8,100,146.0,150,,,,,,,,,,,,,,,,
2026-07-05T01:01:54.962672+00:00,2026-07-05T01:01:54.962481,1,1,145.55,0.5,145.3,100,,,,,,,,,,,,,,,,,,,145.8,100,,,,,,,,,,,,,,,,,,
2026-07-05T01:01:55.023131+00:00,2026-07-05T01:01:55.023031,2,1,145.6,0.4,145.4,150,145.3,100,,,,,,,,,,,,,,,,,145.8,100,,,,,,,,,,,,,,,,,,
2026-07-05T01:01:55.071648+00:00,2026-07-05T01:01:55.071462,2,2,145.6,0.4,145.4,150,145.3,100,,,,,,,,,,,,,,,,,145.8,100,145.9,150,,,,,,,,,,,,,,,,
2026-07-05T01:01:55.951157+00:00,2026-07-05T01:01:55.951335,2,2,145.6,0.4,145.4,100,145.3,100,,,,,,,,,,,,,,,,,145.8,100,145.9,150,,,,,,,,,,,,,,,,
2026-07-05T01:01:57.395873+00:00,2026-07-05T01:01:57.395761,2,2,145.6,0.4,145.4,100,145.3,100,,,,,,,,,,,,,,,,,145.8,57,145.9,150,,,,,,,,,,,,,,,,
2026-07-05T01:01:57.510104+00:00,2026-07-05T01:01:57.510030,1,1,145.65,0.5,145.4,100,,,,,,,,,,,,,,,,,,,145.9,150,,,,,,,,,,,,,,,,,,
2026-07-05T01:01:57.574245+00:00,2026-07-05T01:01:57.574141,1,1,145.65,0.5,145.4,200,,,,,,,,,,,,,,,,,,,145.9,150,,,,,,,,,,,,,,,,,,
2026-07-05T01:01:57.629108+00:00,2026-07-05T01:01:57.629023,1,1,145.65,0.5,145.4,200,,,,,,,,,,,,,,,,,,,145.9,250,,,,,,,,,,,,,,,,,,
2026-07-05T01:01:58.058574+00:00,2026-07-05T01:01:58.055775,1,1,145.65,0.5,145.4,150,,,,,,,,,,,,,,,,,,,145.9,250,,,,,,,,,,,,,,,,,,
2026-07-05T01:01:58.153785+00:00,2026-07-05T01:01:58.153762,1,1,145.65,0.5,145.4,100,,,,,,,,,,,,,,,,,,,145.9,100,,,,,,,,,,,,,,,,,,
2026-07-05T01:01:58.207988+00:00,2026-07-05T01:01:58.207858,2,1,145.65,0.5,145.4,100,145.0,150,,,,,,,,,,,,,,,,,145.9,100,,,,,,,,,,,,,,,,,,
2026-07-05T01:01:58.264825+00:00,2026-07-05T01:01:58.264634,2,2,145.45,0.1,145.4,100,145.0,150,,,,,,,,,,,,,,,,,145.5,150,145.9,100,,,,,,,,,,,,,,,,
2026-07-05T01:01:58.472211+00:00,2026-07-05T01:01:58.467445,2,2,145.45,0.1,145.4,100,145.0,150,,,,,,,,,,,,,,,,,145.5,147,145.9,100,,,,,,,,,,,,,,,,
2026-07-05T01:02:00.105054+00:00,2026-07-05T01:02:00.104954,2,2,145.45,0.1,145.4,100,145.0,150,,,,,,,,,,,,,,,,,145.5,122,145.9,100,,,,,,,,,,,,,,,,
2026-07-05T01:02:00.560116+00:00,2026-07-05T01:02:00.560276,2,2,145.45,0.1,145.4,52,145.0,150,,,,,,,,,,,,,,,,,145.5,122,145.9,100,,,,,,,,,,,,,,,,
2026-07-05T01:02:00.682374+00:00,2026-07-05T01:02:00.682320,1,1,145.25,0.5,145.0,150,,,,,,,,,,,,,,,,,,,145.5,122,,,,,,,,,,,,,,,,,,
2026-07-05T01:02:00.736663+00:00,2026-07-05T01:02:00.736757,2,1,145.4,0.2,145.3,100,145.0,150,,,,,,,,,,,,,,,,,145.5,122,,,,,,,,,,,,,,,,,,
2026-07-05T01:02:00.789881+00:00,2026-07-05T01:02:00.789992,2,2,145.4,0.2,145.3,100,145.0,150,,,,,,,,,,,,,,,,,145.5,122,145.8,100,,,,,,,,,,,,,,,,
2026-07-05T01:02:01.319065+00:00,2026-07-05T01:02:01.318982,1,1,145.55,0.5,145.3,100,,,,,,,,,,,,,,,,,,,145.8,100,,,,,,,,,,,,,,,,,,
2026-07-05T01:02:01.374943+00:00,2026-07-05T01:02:01.374878,2,1,145.55,0.5,145.3,100,145.2,150,,,,,,,,,,,,,,,,,145.8,100,,,,,,,,,,,,,,,,,,
2026-07-05T01:02:01.429510+00:00,2026-07-05T01:02:01.429434,2,2,145.5,0.4,145.3,100,145.2,150,,,,,,,,,,,,,,,,,145.7,150,145.8,100,,,,,,,,,,,,,,,,
2026-07-05T01:02:02.270940+00:00,2026-07-05T01:02:02.270829,2,2,145.5,0.4,145.3,50,145.2,150,,,,,,,,,,,,,,,,,145.7,150,145.8,100,,,,,,,,,,,,,,,,
2026-07-05T01:02:02.542148+00:00,2026-07-05T01:02:02.542002,2,2,145.5,0.4,145.3,50,145.2,150,,,,,,,,,,,,,,,,,145.7,107,145.8,100,,,,,,,,,,,,,,,,
2026-07-05T01:02:03.845939+00:00,2026-07-05T01:02:03.845836,1,1,145.45,0.5,145.2,150,,,,,,,,,,,,,,,,,,,145.7,107,,,,,,,,,,,,,,,,,,
2026-07-05T01:02:03.922839+00:00,2026-07-05T01:02:03.922682,2,1,145.45,0.5,145.2,150,145.1,100,,,,,,,,,,,,,,,,,145.7,107,,,,,,,,,,,,,,,,,,
2026-07-05T01:02:03.967694+00:00,2026-07-05T01:02:03.967806,2,2,145.4,0.4,145.2,150,145.1,100,,,,,,,,,,,,,,,,,145.6,100,145.7,107,,,,,,,,,,,,,,,,
2026-07-05T01:02:04.090090+00:00,2026-07-05T01:02:04.089967,2,2,145.4,0.4,145.2,150,145.1,100,,,,,,,,,,,,,,,,,145.6,59,145.7,107,,,,,,,,,,,,,,,,
2026-07-05T01:02:04.379047+00:00,2026-07-05T01:02:04.379013,2,2,145.4,0.4,145.2,100,145.1,100,,,,,,,,,,,,,,,,,145.6,59,145.7,107,,,,,,,,,,,,,,,,
2026-07-05T01:02:04.487299+00:00,2026-07-05T01:02:04.487120,1,1,145.35,0.5,145.1,100,,,,,,,,,,,,,,,,,,,145.6,59,,,,,,,,,,,,,,,,,,
2026-07-05T01:02:04.541697+00:00,2026-07-05T01:02:04.541580,1,1,145.35,0.5,145.1,250,,,,,,,,,,,,,,,,,,,145.6,59,,,,,,,,,,,,,,,,,,
2026-07-05T01:02:04.594306+00:00,2026-07-05T01:02:04.594125,1,1,145.35,0.5,145.1,250,,,,,,,,,,,,,,,,,,,145.6,209,,,,,,,,,,,,,,,,,,
2026-07-05T01:02:05.119662+00:00,2026-07-05T01:02:05.119791,1,1,145.35,0.5,145.1,250,,,,,,,,,,,,,,,,,,,145.6,184,,,,,,,,,,,,,,,,,,
2026-07-05T01:02:06.689516+00:00,2026-07-05T01:02:06.689454,1,1,145.35,0.5,145.1,207,,,,,,,,,,,,,,,,,,,145.6,184,,,,,,,,,,,,,,,,,,
2026-07-05T01:02:07.022912+00:00,2026-07-05T01:02:07.022807,1,1,145.35,0.5,145.1,150,,,,,,,,,,,,,,,,,,,145.6,150,,,,,,,,,,,,,,,,,,
2026-07-05T01:02:07.078782+00:00,2026-07-05T01:02:07.078714,2,1,145.4,0.4,145.2,100,145.1,150,,,,,,,,,,,,,,,,,145.6,150,,,,,,,,,,,,,,,,,,
2026-07-05T01:02:07.131523+00:00,2026-07-05T01:02:07.131462,2,2,145.4,0.4,145.2,100,145.1,150,,,,,,,,,,,,,,,,,145.6,150,145.7,100,,,,,,,,,,,,,,,,
2026-07-05T01:02:07.658526+00:00,2026-07-05T01:02:07.657013,1,1,145.45,0.5,145.2,100,,,,,,,,,,,,,,,,,,,145.7,100,,,,,,,,,,,,,,,,,,
2026-07-05T01:02:07.712441+00:00,2026-07-05T01:02:07.712380,2,1,145.45,0.5,145.2,100,145.1,150,,,,,,,,,,,,,,,,,145.7,100,,,,,,,,,,,,,,,,,,
2026-07-05T01:02:07.766033+00:00,2026-07-05T01:02:07.766211,2,2,145.4,0.4,145.2,100,145.1,150,,,,,,,,,,,,,,,,,145.6,150,145.7,100,,,,,,,,,,,,,,,,
2026-07-05T01:02:08.537514+00:00,2026-07-05T01:02:08.537452,2,2,145.4,0.4,145.2,100,145.1,150,,,,,,,,,,,,,,,,,145.6,100,145.7,100,,,,,,,,,,,,,,,,
2026-07-05T01:02:10.182930+00:00,2026-07-05T01:02:10.182849,2,1,145.4,0.4,145.2,100,145.1,150,,,,,,,,,,,,,,,,,145.6,100,,,,,,,,,,,,,,,,,,
2026-07-05T01:02:10.188070+00:00,2026-07-05T01:02:10.187990,1,1,145.35,0.5,145.1,150,,,,,,,,,,,,,,,,,,,145.6,100,,,,,,,,,,,,,,,,,,
2026-07-05T01:02:10.240046+00:00,2026-07-05T01:02:10.239992,1,1,145.35,0.5,145.1,250,,,,,,,,,,,,,,,,,,,145.6,100,,,,,,,,,,,,,,,,,,
2026-07-05T01:02:10.293015+00:00,2026-07-05T01:02:10.292932,1,1,145.35,0.5,145.1,250,,,,,,,,,,,,,,,,,,,145.6,200,,,,,,,,,,,,,,,,,,
2026-07-05T01:02:10.644389+00:00,2026-07-05T01:02:10.644286,1,1,145.35,0.5,145.1,250,,,,,,,,,,,,,,,,,,,145.6,150,,,,,,,,,,,,,,,,,,
2026-07-05T01:02:10.818623+00:00,2026-07-05T01:02:10.818553,1,1,145.35,0.5,145.1,250,,,,,,,,,,,,,,,,,,,145.6,100,,,,,,,,,,,,,,,,,,
2026-07-05T01:02:10.823959+00:00,2026-07-05T01:02:10.823711,1,1,145.35,0.5,145.1,100,,,,,,,,,,,,,,,,,,,145.6,100,,,,,,,,,,,,,,,,,,
2026-07-05T01:02:10.873260+00:00,2026-07-05T01:02:10.873130,2,1,145.5,0.2,145.4,150,145.1,100,,,,,,,,,,,,,,,,,145.6,100,,,,,,,,,,,,,,,,,,
2026-07-05T01:02:10.925417+00:00,2026-07-05T01:02:10.925528,2,2,145.5,0.2,145.4,150,145.1,100,,,,,,,,,,,,,,,,,145.6,100,145.9,150,,,,,,,,,,,,,,,,
2026-07-05T01:02:10.936164+00:00,2026-07-05T01:02:10.936065,2,2,145.5,0.2,145.4,107,145.1,100,,,,,,,,,,,,,,,,,145.6,100,145.9,150,,,,,,,,,,,,,,,,
2026-07-05T01:02:12.479017+00:00,2026-07-05T01:02:12.478921,2,2,145.5,0.2,145.4,107,145.1,100,,,,,,,,,,,,,,,,,145.6,54,145.9,150,,,,,,,,,,,,,,,,
2026-07-05T01:02:13.106053+00:00,2026-07-05T01:02:13.106025,2,2,145.5,0.2,145.4,107,145.1,100,,,,,,,,,,,,,,,,,145.6,14,145.9,150,,,,,,,,,,,,,,,,
2026-07-05T01:02:13.347144+00:00,2026-07-05T01:02:13.347084,1,1,145.65,0.5,145.4,107,,,,,,,,,,,,,,,,,,,145.9,150,,,,,,,,,,,,,,,,,,
2026-07-05T01:02:13.401680+00:00,2026-07-05T01:02:13.401585,2,1,145.7,0.4,145.5,100,145.4,107,,,,,,,,,,,,,,,,,145.9,150,,,,,,,,,,,,,,,,,,
2026-07-05T01:02:13.458630+00:00,2026-07-05T01:02:13.450732,2,2,145.7,0.4,145.5,100,145.4,107,,,,,,,,,,,,,,,,,145.9,150,146.0,100,,,,,,,,,,,,,,,,
2026-07-05T01:02:13.985326+00:00,2026-07-05T01:02:13.985183,1,1,145.75,0.5,145.5,100,,,,,,,,,,,,,,,,,,,146.0,100,,,,,,,,,,,,,,,,,,
2026-07-05T01:02:14.039016+00:00,2026-07-05T01:02:14.038913,2,1,145.75,0.5,145.5,100,145.3,150,,,,,,,,,,,,,,,,,146.0,100,,,,,,,,,,,,,,,,,,
2026-07-05T01:02:14.089068+00:00,2026-07-05T01:02:14.089245,2,2,145.65,0.3,145.5,100,145.3,150,,,,,,,,,,,,,,,,,145.8,150,146.0,100,,,,,,,,,,,,,,,,
2026-07-05T01:02:14.537382+00:00,2026-07-05T01:02:14.532308,2,2,145.65,0.3,145.5,97,145.3,150,,,,,,,,,,,,,,,,,145.8,150,146.0,100,,,,,,,,,,,,,,,,
2026-07-05T01:02:14.571197+00:00,2026-07-05T01:02:14.571059,2,2,145.65,0.3,145.5,54,145.3,150,,,,,,,,,,,,,,,,,145.8,150,146.0,100,,,,,,,,,,,,,,,,
2026-07-05T01:02:14.905118+00:00,2026-07-05T01:02:14.905058,2,2,145.65,0.3,145.5,4,145.3,150,,,,,,,,,,,,,,,,,145.8,150,146.0,100,,,,,,,,,,,,,,,,
2026-07-05T01:02:16.512821+00:00,2026-07-05T01:02:16.512750,1,1,145.55,0.5,145.3,150,,,,,,,,,,,,,,,,,,,145.8,150,,,,,,,,,,,,,,,,,,
2026-07-05T01:02:16.564752+00:00,2026-07-05T01:02:16.564885,2,1,145.55,0.5,145.3,150,145.0,100,,,,,,,,,,,,,,,,,145.8,150,,,,,,,,,,,,,,,,,,
2026-07-05T01:02:16.620095+00:00,2026-07-05T01:02:16.620169,2,2,145.4,0.2,145.3,150,145.0,100,,,,,,,,,,,,,,,,,145.5,100,145.8,150,,,,,,,,,,,,,,,,
2026-07-05T01:02:17.011965+00:00,2026-07-05T01:02:17.011828,2,2,145.4,0.2,145.3,100,145.0,100,,,,,,,,,,,,,,,,,145.5,100,145.8,150,,,,,,,,,,,,,,,,
2026-07-05T01:02:17.146778+00:00,2026-07-05T01:02:17.146665,1,1,145.25,0.5,145.0,100,,,,,,,,,,,,,,,,,,,145.5,100,,,,,,,,,,,,,,,,,,
2026-07-05T01:02:17.196888+00:00,2026-07-05T01:02:17.197120,2,1,145.25,0.5,145.0,100,144.9,150,,,,,,,,,,,,,,,,,145.5,100,,,,,,,,,,,,,,,,,,
2026-07-05T01:02:17.258588+00:00,2026-07-05T01:02:17.251935,2,2,145.2,0.4,145.0,100,144.9,150,,,,,,,,,,,,,,,,,145.4,150,145.5,100,,,,,,,,,,,,,,,,
2026-07-05T01:02:19.123288+00:00,2026-07-05T01:02:19.123407,2,2,145.2,0.4,145.0,50,144.9,150,,,,,,,,,,,,,,,,,145.4,150,145.5,100,,,,,,,,,,,,,,,,
2026-07-05T01:02:19.675433+00:00,2026-07-05T01:02:19.675382,1,1,145.15,0.5,144.9,150,,,,,,,,,,,,,,,,,,,145.4,150,,,,,,,,,,,,,,,,,,
2026-07-05T01:02:19.724446+00:00,2026-07-05T01:02:19.724407,1,1,145.15,0.5,144.9,150,,,,,,,,,,,,,,,,,,,145.4,101,,,,,,,,,,,,,,,,,,
2026-07-05T01:02:19.729492+00:00,2026-07-05T01:02:19.729576,2,1,145.15,0.5,144.9,150,144.8,100,,,,,,,,,,,,,,,,,145.4,101,,,,,,,,,,,,,,,,,,
2026-07-05T01:02:19.783080+00:00,2026-07-05T01:02:19.783034,2,2,145.1,0.4,144.9,150,144.8,100,,,,,,,,,,,,,,,,,145.3,100,145.4,101,,,,,,,,,,,,,,,,
2026-07-05T01:02:20.136928+00:00,2026-07-05T01:02:20.136852,2,2,145.1,0.4,144.9,150,144.8,100,,,,,,,,,,,,,,,,,145.3,75,145.4,101,,,,,,,,,,,,,,,,
2026-07-05T01:02:20.308160+00:00,2026-07-05T01:02:20.308077,1,1,145.05,0.5,144.8,100,,,,,,,,,,,,,,,,,,,145.3,75,,,,,,,,,,,,,,,,,,
2026-07-05T01:02:20.364315+00:00,2026-07-05T01:02:20.364269,2,1,145.2,0.2,145.1,150,144.8,100,,,,,,,,,,,,,,,,,145.3,75,,,,,,,,,,,,,,,,,,
2026-07-05T01:02:20.418832+00:00,2026-07-05T01:02:20.418690,2,2,145.2,0.2,145.1,150,144.8,100,,,,,,,,,,,,,,,,,145.3,75,145.6,150,,,,,,,,,,,,,,,,
2026-07-05T01:02:20.767809+00:00,2026-07-05T01:02:20.763615,2,2,145.2,0.2,145.1,150,144.8,100,,,,,,,,,,,,,,,,,145.3,72,145.6,150,,,,,,,,,,,,,,,,
2026-07-05T01:02:20.853794+00:00,2026-07-05T01:02:20.853748,2,2,145.2,0.2,145.1,102,144.8,100,,,,,,,,,,,,,,,,,145.3,72,145.6,150,,,,,,,,,,,,,,,,
2026-07-05T01:02:21.227955+00:00,2026-07-05T01:02:21.227848,2,2,145.2,0.2,145.1,52,144.8,100,,,,,,,,,,,,,,,,,145.3,72,145.6,150,,,,,,,,,,,,,,,,
2026-07-05T01:02:22.836489+00:00,2026-07-05T01:02:22.836431,1,1,145.35,0.5,145.1,52,,,,,,,,,,,,,,,,,,,145.6,150,,,,,,,,,,,,,,,,,,
2026-07-05T01:02:22.888873+00:00,2026-07-05T01:02:22.888756,2,1,145.35,0.5,145.1,52,145.0,100,,,,,,,,,,,,,,,,,145.6,150,,,,,,,,,,,,,,,,,,
2026-07-05T01:02:22.948871+00:00,2026-07-05T01:02:22.948714,2,2,145.3,0.4,145.1,52,145.0,100,,,,,,,,,,,,,,,,,145.5,100,145.6,150,,,,,,,,,,,,,,,,
2026-07-05T01:02:23.283732+00:00,2026-07-05T01:02:23.283706,2,2,145.3,0.4,145.1,52,145.0,100,,,,,,,,,,,,,,,,,145.5,50,145.6,150,,,,,,,,,,,,,,,,
2026-07-05T01:02:23.473267+00:00,2026-07-05T01:02:23.473431,1,1,145.25,0.5,145.0,100,,,,,,,,,,,,,,,,,,,145.5,50,,,,,,,,,,,,,,,,,,
2026-07-05T01:02:23.534364+00:00,2026-07-05T01:02:23.534253,2,1,145.25,0.5,145.0,100,144.9,150,,,,,,,,,,,,,,,,,145.5,50,,,,,,,,,,,,,,,,,,
2026-07-05T01:02:23.589870+00:00,2026-07-05T01:02:23.589764,2,2,145.2,0.4,145.0,100,144.9,150,,,,,,,,,,,,,,,,,145.4,150,145.5,50,,,,,,,,,,,,,,,,
2026-07-05T01:02:25.149446+00:00,2026-07-05T01:02:25.149352,2,2,145.2,0.4,145.0,100,144.9,150,,,,,,,,,,,,,,,,,145.4,125,145.5,50,,,,,,,,,,,,,,,,
2026-07-05T01:02:25.400562+00:00,2026-07-05T01:02:25.400436,2,2,145.2,0.4,145.0,100,144.9,150,,,,,,,,,,,,,,,,,145.4,75,145.5,50,,,,,,,,,,,,,,,,
2026-07-05T01:02:26.016455+00:00,2026-07-05T01:02:26.016626,1,1,145.15,0.5,144.9,150,,,,,,,,,,,,,,,,,,,145.4,75,,,,,,,,,,,,,,,,,,
2026-07-05T01:02:26.063787+00:00,2026-07-05T01:02:26.063716,2,1,145.25,0.3,145.1,100,144.9,150,,,,,,,,,,,,,,,,,145.4,75,,,,,,,,,,,,,,,,,,
2026-07-05T01:02:26.115983+00:00,2026-07-05T01:02:26.115855,2,2,145.25,0.3,145.1,100,144.9,150,,,,,,,,,,,,,,,,,145.4,75,145.6,100,,,,,,,,,,,,,,,,
2026-07-05T01:02:26.647451+00:00,2026-07-05T01:02:26.647350,2,1,145.35,0.5,145.1,100,144.9,150,,,,,,,,,,,,,,,,,145.6,100,,,,,,,,,,,,,,,,,,
2026-07-05T01:02:26.664664+00:00,2026-07-05T01:02:26.664557,1,1,145.35,0.5,145.1,100,,,,,,,,,,,,,,,,,,,145.6,100,,,,,,,,,,,,,,,,,,
2026-07-05T01:02:26.718624+00:00,2026-07-05T01:02:26.718547,2,1,145.4,0.4,145.2,150,145.1,100,,,,,,,,,,,,,,,,,145.6,100,,,,,,,,,,,,,,,,,,
2026-07-05T01:02:26.772619+00:00,2026-07-05T01:02:26.772575,2,2,145.4,0.4,145.2,150,145.1,100,,,,,,,,,,,,,,,,,145.6,100,145.7,150,,,,,,,,,,,,,,,,
2026-07-05T01:02:27.507449+00:00,2026-07-05T01:02:27.507426,2,2,145.4,0.4,145.2,150,145.1,100,,,,,,,,,,,,,,,,,145.6,50,145.7,150,,,,,,,,,,,,,,,,
2026-07-05T01:02:29.170271+00:00,2026-07-05T01:02:29.170143,1,1,145.45,0.5,145.2,150,,,,,,,,,,,,,,,,,,,145.7,150,,,,,,,,,,,,,,,,,,
2026-07-05T01:02:29.225884+00:00,2026-07-05T01:02:29.225761,2,1,145.55,0.3,145.4,100,145.2,150,,,,,,,,,,,,,,,,,145.7,150,,,,,,,,,,,,,,,,,,
2026-07-05T01:02:29.275497+00:00,2026-07-05T01:02:29.275450,2,2,145.55,0.3,145.4,100,145.2,150,,,,,,,,,,,,,,,,,145.7,150,145.9,100,,,,,,,,,,,,,,,,
2026-07-05T01:02:29.623516+00:00,2026-07-05T01:02:29.623401,2,2,145.55,0.3,145.4,100,145.2,150,,,,,,,,,,,,,,,,,145.7,100,145.9,100,,,,,,,,,,,,,,,,
2026-07-05T01:02:29.826532+00:00,2026-07-05T01:02:29.826417,1,1,145.65,0.5,145.4,100,,,,,,,,,,,,,,,,,,,145.9,100,,,,,,,,,,,,,,,,,,
2026-07-05T01:02:29.882834+00:00,2026-07-05T01:02:29.882708,1,1,145.65,0.5,145.4,250,,,,,,,,,,,,,,,,,,,145.9,100,,,,,,,,,,,,,,,,,,
2026-07-05T01:02:29.936256+00:00,2026-07-05T01:02:29.936205,1,1,145.65,0.5,145.4,250,,,,,,,,,,,,,,,,,,,145.9,250,,,,,,,,,,,,,,,,,,
2026-07-05T01:02:30.180178+00:00,2026-07-05T01:02:30.180045,1,1,145.65,0.5,145.4,250,,,,,,,,,,,,,,,,,,,145.9,204,,,,,,,,,,,,,,,,,,
2026-07-05T01:02:32.331364+00:00,2026-07-05T01:02:32.331255,1,1,145.65,0.5,145.4,150,,,,,,,,,,,,,,,,,,,145.9,150,,,,,,,,,,,,,,,,,,
2026-07-05T01:02:32.387884+00:00,2026-07-05T01:02:32.387768,1,1,145.65,0.5,145.4,250,,,,,,,,,,,,,,,,,,,145.9,150,,,,,,,,,,,,,,,,,,
2026-07-05T01:02:32.440604+00:00,2026-07-05T01:02:32.440704,1,1,145.65,0.5,145.4,250,,,,,,,,,,,,,,,,,,,145.9,250,,,,,,,,,,,,,,,,,,
2026-07-05T01:02:32.892129+00:00,2026-07-05T01:02:32.892061,1,1,145.65,0.5,145.4,207,,,,,,,,,,,,,,,,,,,145.9,250,,,,,,,,,,,,,,,,,,
2026-07-05T01:02:32.989138+00:00,2026-07-05T01:02:32.989246,1,1,145.65,0.5,145.4,100,,,,,,,,,,,,,,,,,,,145.9,100,,,,,,,,,,,,,,,,,,
2026-07-05T01:02:33.041664+00:00,2026-07-05T01:02:33.041605,2,1,145.65,0.5,145.4,100,145.3,150,,,,,,,,,,,,,,,,,145.9,100,,,,,,,,,,,,,,,,,,
2026-07-05T01:02:33.096611+00:00,2026-07-05T01:02:33.096450,2,2,145.6,0.4,145.4,100,145.3,150,,,,,,,,,,,,,,,,,145.8,150,145.9,100,,,,,,,,,,,,,,,,
2026-07-05T01:02:33.828747+00:00,2026-07-05T01:02:33.828666,2,2,145.6,0.4,145.4,100,145.3,150,,,,,,,,,,,,,,,,,145.8,100,145.9,100,,,,,,,,,,,,,,,,
2026-07-05T01:02:35.308860+00:00,2026-07-05T01:02:35.308759,2,2,145.6,0.4,145.4,100,145.3,150,,,,,,,,,,,,,,,,,145.8,58,145.9,100,,,,,,,,,,,,,,,,
2026-07-05T01:02:35.494616+00:00,2026-07-05T01:02:35.494776,1,1,145.55,0.5,145.3,150,,,,,,,,,,,,,,,,,,,145.8,58,,,,,,,,,,,,,,,,,,
2026-07-05T01:02:35.549393+00:00,2026-07-05T01:02:35.549282,2,1,145.75,0.1,145.7,100,145.3,150,,,,,,,,,,,,,,,,,145.8,58,,,,,,,,,,,,,,,,,,
2026-07-05T01:02:35.602532+00:00,2026-07-05T01:02:35.602394,2,2,145.75,0.1,145.7,100,145.3,150,,,,,,,,,,,,,,,,,145.8,58,146.2,100,,,,,,,,,,,,,,,,
2026-07-05T01:02:35.945445+00:00,2026-07-05T01:02:35.945378,2,2,145.75,0.1,145.7,100,145.3,150,,,,,,,,,,,,,,,,,145.8,8,146.2,100,,,,,,,,,,,,,,,,
2026-07-05T01:02:36.147689+00:00,2026-07-05T01:02:36.147653,1,1,145.95,0.5,145.7,100,,,,,,,,,,,,,,,,,,,146.2,100,,,,,,,,,,,,,,,,,,
2026-07-05T01:02:36.210378+00:00,2026-07-05T01:02:36.204959,2,1,146.1,0.2,146.0,147,145.7,100,,,,,,,,,,,,,,,,,146.2,100,,,,,,,,,,,,,,,,,,
2026-07-05T01:02:36.269702+00:00,2026-07-05T01:02:36.269614,2,2,146.1,0.2,146.0,147,145.7,100,,,,,,,,,,,,,,,,,146.2,100,146.5,150,,,,,,,,,,,,,,,,
2026-07-05T01:02:38.048441+00:00,2026-07-05T01:02:38.048399,2,2,146.1,0.2,146.0,147,145.7,100,,,,,,,,,,,,,,,,,146.2,50,146.5,150,,,,,,,,,,,,,,,,
2026-07-05T01:02:38.558545+00:00,2026-07-05T01:02:38.557876,2,2,146.1,0.2,146.0,107,145.7,100,,,,,,,,,,,,,,,,,146.2,50,146.5,150,,,,,,,,,,,,,,,,
2026-07-05T01:02:38.658577+00:00,2026-07-05T01:02:38.656649,1,1,146.25,0.5,146.0,107,,,,,,,,,,,,,,,,,,,146.5,150,,,,,,,,,,,,,,,,,,
2026-07-05T01:02:38.709076+00:00,2026-07-05T01:02:38.708984,2,1,146.25,0.5,146.0,107,145.9,100,,,,,,,,,,,,,,,,,146.5,150,,,,,,,,,,,,,,,,,,
2026-07-05T01:02:38.758602+00:00,2026-07-05T01:02:38.758492,2,2,146.2,0.4,146.0,107,145.9,100,,,,,,,,,,,,,,,,,146.4,100,146.5,150,,,,,,,,,,,,,,,,
2026-07-05T01:02:39.328085+00:00,2026-07-05T01:02:39.327928,1,1,146.15,0.5,145.9,100,,,,,,,,,,,,,,,,,,,146.4,100,,,,,,,,,,,,,,,,,,
2026-07-05T01:02:39.377522+00:00,2026-07-05T01:02:39.377405,2,1,146.15,0.5,145.9,100,145.8,150,,,,,,,,,,,,,,,,,146.4,100,,,,,,,,,,,,,,,,,,
2026-07-05T01:02:39.431354+00:00,2026-07-05T01:02:39.431450,2,2,146.1,0.4,145.9,100,145.8,150,,,,,,,,,,,,,,,,,146.3,150,146.4,100,,,,,,,,,,,,,,,,
2026-07-05T01:02:40.163968+00:00,2026-07-05T01:02:40.163889,2,2,146.1,0.4,145.9,100,145.8,150,,,,,,,,,,,,,,,,,146.3,100,146.4,100,,,,,,,,,,,,,,,,
2026-07-05T01:02:40.304272+00:00,2026-07-05T01:02:40.304192,2,2,146.1,0.4,145.9,57,145.8,150,,,,,,,,,,,,,,,,,146.3,100,146.4,100,,,,,,,,,,,,,,,,
2026-07-05T01:02:41.817366+00:00,2026-07-05T01:02:41.817281,1,1,146.05,0.5,145.8,150,,,,,,,,,,,,,,,,,,,146.3,100,,,,,,,,,,,,,,,,,,
2026-07-05T01:02:41.871615+00:00,2026-07-05T01:02:41.871552,2,1,146.05,0.5,145.8,150,145.6,100,,,,,,,,,,,,,,,,,146.3,100,,,,,,,,,,,,,,,,,,
2026-07-05T01:02:41.925683+00:00,2026-07-05T01:02:41.925616,2,2,145.95,0.3,145.8,150,145.6,100,,,,,,,,,,,,,,,,,146.1,100,146.3,100,,,,,,,,,,,,,,,,
2026-07-05T01:02:42.270081+00:00,2026-07-05T01:02:42.269910,2,2,145.95,0.3,145.8,150,145.6,100,,,,,,,,,,,,,,,,,146.1,50,146.3,100,,,,,,,,,,,,,,,,
2026-07-05T01:02:42.486350+00:00,2026-07-05T01:02:42.486255,1,1,145.85,0.5,145.6,100,,,,,,,,,,,,,,,,,,,146.1,50,,,,,,,,,,,,,,,,,,
2026-07-05T01:02:42.546880+00:00,2026-07-05T01:02:42.541425,2,1,146.05,0.1,146.0,147,145.6,100,,,,,,,,,,,,,,,,,146.1,50,,,,,,,,,,,,,,,,,,
2026-07-05T01:02:42.592021+00:00,2026-07-05T01:02:42.591837,2,2,146.05,0.1,146.0,147,145.6,100,,,,,,,,,,,,,,,,,146.1,50,146.5,150,,,,,,,,,,,,,,,,
2026-07-05T01:02:44.394623+00:00,2026-07-05T01:02:44.394495,2,1,146.25,0.5,146.0,147,145.6,100,,,,,,,,,,,,,,,,,146.5,150,,,,,,,,,,,,,,,,,,
2026-07-05T01:02:44.976402+00:00,2026-07-05T01:02:44.976280,1,1,146.25,0.5,146.0,147,,,,,,,,,,,,,,,,,,,146.5,150,,,,,,,,,,,,,,,,,,
2026-07-05T01:02:45.029216+00:00,2026-07-05T01:02:45.029117,2,1,146.3,0.4,146.1,100,146.0,147,,,,,,,,,,,,,,,,,146.5,150,,,,,,,,,,,,,,,,,,
2026-07-05T01:02:45.081562+00:00,2026-07-05T01:02:45.081787,2,2,146.3,0.4,146.1,100,146.0,147,,,,,,,,,,,,,,,,,146.5,150,146.6,100,,,,,,,,,,,,,,,,
2026-07-05T01:02:45.646622+00:00,2026-07-05T01:02:45.646497,1,1,146.35,0.5,146.1,100,,,,,,,,,,,,,,,,,,,146.6,100,,,,,,,,,,,,,,,,,,
2026-07-05T01:02:45.705425+00:00,2026-07-05T01:02:45.705309,1,1,146.35,0.5,146.1,250,,,,,,,,,,,,,,,,,,,146.6,100,,,,,,,,,,,,,,,,,,
2026-07-05T01:02:45.758955+00:00,2026-07-05T01:02:45.759070,1,1,146.35,0.5,146.1,250,,,,,,,,,,,,,,,,,,,146.6,250,,,,,,,,,,,,,,,,,,
2026-07-05T01:02:46.575153+00:00,2026-07-05T01:02:46.575289,1,1,146.35,0.5,146.1,200,,,,,,,,,,,,,,,,,,,146.6,250,,,,,,,,,,,,,,,,,,
2026-07-05T01:02:46.797589+00:00,2026-07-05T01:02:46.797558,1,1,146.35,0.5,146.1,153,,,,,,,,,,,,,,,,,,,146.6,250,,,,,,,,,,,,,,,,,,
2026-07-05T01:02:48.138649+00:00,2026-07-05T01:02:48.138586,1,1,146.35,0.5,146.1,150,,,,,,,,,,,,,,,,,,,146.6,150,,,,,,,,,,,,,,,,,,
2026-07-05T01:02:48.188753+00:00,2026-07-05T01:02:48.188669,2,1,146.35,0.5,146.1,150,145.8,100,,,,,,,,,,,,,,,,,146.6,150,,,,,,,,,,,,,,,,,,
2026-07-05T01:02:48.245953+00:00,2026-07-05T01:02:48.245898,2,2,146.2,0.2,146.1,150,145.8,100,,,,,,,,,,,,,,,,,146.3,100,146.6,150,,,,,,,,,,,,,,,,
2026-07-05T01:02:48.631009+00:00,2026-07-05T01:02:48.630882,2,2,146.2,0.2,146.1,150,145.8,100,,,,,,,,,,,,,,,,,146.3,50,146.6,150,,,,,,,,,,,,,,,,
2026-07-05T01:02:48.815453+00:00,2026-07-05T01:02:48.815572,1,1,146.05,0.5,145.8,100,,,,,,,,,,,,,,,,,,,146.3,50,,,,,,,,,,,,,,,,,,
2026-07-05T01:02:48.869989+00:00,2026-07-05T01:02:48.869865,2,1,146.15,0.3,146.0,150,145.8,100,,,,,,,,,,,,,,,,,146.3,50,,,,,,,,,,,,,,,,,,
2026-07-05T01:02:48.922948+00:00,2026-07-05T01:02:48.923041,2,2,146.15,0.3,146.0,150,145.8,100,,,,,,,,,,,,,,,,,146.3,50,146.5,150,,,,,,,,,,,,,,,,
2026-07-05T01:02:49.940463+00:00,2026-07-05T01:02:49.940407,2,2,146.15,0.3,146.0,150,145.8,100,,,,,,,,,,,,,,,,,146.3,10,146.5,150,,,,,,,,,,,,,,,,
2026-07-05T01:02:50.820011+00:00,2026-07-05T01:02:50.819901,2,2,146.15,0.3,146.0,100,145.8,100,,,,,,,,,,,,,,,,,146.3,10,146.5,150,,,,,,,,,,,,,,,,
2026-07-05T01:02:51.299903+00:00,2026-07-05T01:02:51.299780,1,1,146.25,0.5,146.0,100,,,,,,,,,,,,,,,,,,,146.5,150,,,,,,,,,,,,,,,,,,
2026-07-05T01:02:51.354117+00:00,2026-07-05T01:02:51.354248,2,1,146.3,0.4,146.1,100,146.0,100,,,,,,,,,,,,,,,,,146.5,150,,,,,,,,,,,,,,,,,,
2026-07-05T01:02:51.418281+00:00,2026-07-05T01:02:51.418125,2,2,146.3,0.4,146.1,100,146.0,100,,,,,,,,,,,,,,,,,146.5,150,146.6,100,,,,,,,,,,,,,,,,
2026-07-05T01:02:51.976938+00:00,2026-07-05T01:02:51.976851,1,1,146.35,0.5,146.1,100,,,,,,,,,,,,,,,,,,,146.6,100,,,,,,,,,,,,,,,,,,
2026-07-05T01:02:52.030506+00:00,2026-07-05T01:02:52.030382,2,1,146.35,0.5,146.1,100,145.9,150,,,,,,,,,,,,,,,,,146.6,100,,,,,,,,,,,,,,,,,,
2026-07-05T01:02:52.079880+00:00,2026-07-05T01:02:52.079847,2,2,146.25,0.3,146.1,100,145.9,150,,,,,,,,,,,,,,,,,146.4,150,146.6,100,,,,,,,,,,,,,,,,
2026-07-05T01:02:52.877260+00:00,2026-07-05T01:02:52.877198,2,2,146.25,0.3,146.1,100,145.9,150,,,,,,,,,,,,,,,,,146.4,100,146.6,100,,,,,,,,,,,,,,,,
2026-07-05T01:02:53.469474+00:00,2026-07-05T01:02:53.469428,2,2,146.25,0.3,146.1,100,145.9,150,,,,,,,,,,,,,,,,,146.4,57,146.6,100,,,,,,,,,,,,,,,,
2026-07-05T01:02:54.099149+00:00,2026-07-05T01:02:54.099046,2,2,146.25,0.3,146.1,53,145.9,150,,,,,,,,,,,,,,,,,146.4,57,146.6,100,,,,,,,,,,,,,,,,
2026-07-05T01:02:54.469143+00:00,2026-07-05T01:02:54.469303,1,1,146.15,0.5,145.9,150,,,,,,,,,,,,,,,,,,,146.4,57,,,,,,,,,,,,,,,,,,
2026-07-05T01:02:54.526084+00:00,2026-07-05T01:02:54.526029,2,1,146.2,0.4,146.0,100,145.9,150,,,,,,,,,,,,,,,,,146.4,57,,,,,,,,,,,,,,,,,,
2026-07-05T01:02:54.578427+00:00,2026-07-05T01:02:54.578557,2,2,146.2,0.4,146.0,100,145.9,150,,,,,,,,,,,,,,,,,146.4,57,146.5,100,,,,,,,,,,,,,,,,
2026-07-05T01:02:54.984732+00:00,2026-07-05T01:02:54.984673,2,2,146.2,0.4,146.0,100,145.9,150,,,,,,,,,,,,,,,,,146.4,7,146.5,100,,,,,,,,,,,,,,,,
2026-07-05T01:02:55.137263+00:00,2026-07-05T01:02:55.137076,1,1,146.25,0.5,146.0,100,,,,,,,,,,,,,,,,,,,146.5,100,,,,,,,,,,,,,,,,,,
2026-07-05T01:02:55.196776+00:00,2026-07-05T01:02:55.191657,2,1,146.45,0.1,146.4,116,146.0,100,,,,,,,,,,,,,,,,,146.5,55,,,,,,,,,,,,,,,,,,
2026-07-05T01:02:55.242902+00:00,2026-07-05T01:02:55.242816,2,2,146.45,0.1,146.4,116,146.0,100,,,,,,,,,,,,,,,,,146.5,55,146.9,150,,,,,,,,,,,,,,,,
2026-07-05T01:02:56.099976+00:00,2026-07-05T01:02:56.099880,2,2,146.45,0.1,146.4,114,146.0,100,,,,,,,,,,,,,,,,,146.5,55,146.9,150,,,,,,,,,,,,,,,,
2026-07-05T01:02:56.290507+00:00,2026-07-05T01:02:56.290435,2,2,146.45,0.1,146.4,74,146.0,100,,,,,,,,,,,,,,,,,146.5,55,146.9,150,,,,,,,,,,,,,,,,
2026-07-05T01:02:56.905410+00:00,2026-07-05T01:02:56.900362,2,2,146.45,0.1,146.4,62,146.0,100,,,,,,,,,,,,,,,,,146.5,55,146.9,150,,,,,,,,,,,,,,,,
2026-07-05T01:02:57.104762+00:00,2026-07-05T01:02:57.104646,2,2,146.45,0.1,146.4,58,146.0,100,,,,,,,,,,,,,,,,,146.5,55,146.9,150,,,,,,,,,,,,,,,,
2026-07-05T01:02:57.632548+00:00,2026-07-05T01:02:57.632445,1,1,146.65,0.5,146.4,58,,,,,,,,,,,,,,,,,,,146.9,150,,,,,,,,,,,,,,,,,,
2026-07-05T01:02:57.684941+00:00,2026-07-05T01:02:57.684858,2,1,146.65,0.5,146.4,58,146.2,100,,,,,,,,,,,,,,,,,146.9,150,,,,,,,,,,,,,,,,,,
2026-07-05T01:02:57.738661+00:00,2026-07-05T01:02:57.738564,2,2,146.55,0.3,146.4,58,146.2,100,,,,,,,,,,,,,,,,,146.7,100,146.9,150,,,,,,,,,,,,,,,,
2026-07-05T01:02:57.995348+00:00,2026-07-05T01:02:57.995232,2,2,146.55,0.3,146.4,17,146.2,100,,,,,,,,,,,,,,,,,146.7,100,146.9,150,,,,,,,,,,,,,,,,
2026-07-05T01:02:58.293477+00:00,2026-07-05T01:02:58.293622,1,1,146.45,0.5,146.2,100,,,,,,,,,,,,,,,,,,,146.7,100,,,,,,,,,,,,,,,,,,
2026-07-05T01:02:58.345959+00:00,2026-07-05T01:02:58.345818,2,1,146.45,0.5,146.2,100,145.9,150,,,,,,,,,,,,,,,,,146.7,100,,,,,,,,,,,,,,,,,,
2026-07-05T01:02:58.399884+00:00,2026-07-05T01:02:58.399822,2,2,146.3,0.2,146.2,100,145.9,150,,,,,,,,,,,,,,,,,146.4,150,146.7,100,,,,,,,,,,,,,,,,
2026-07-05T01:02:58.636589+00:00,2026-07-05T01:02:58.636530,2,2,146.3,0.2,146.2,100,145.9,150,,,,,,,,,,,,,,,,,146.4,105,146.7,100,,,,,,,,,,,,,,,,
2026-07-05T01:02:59.218676+00:00,2026-07-05T01:02:59.218628,2,2,146.3,0.2,146.2,100,145.9,150,,,,,,,,,,,,,,,,,146.4,57,146.7,100,,,,,,,,,,,,,,,,
2026-07-05T01:02:59.245905+00:00,2026-07-05T01:02:59.245783,2,2,146.3,0.2,146.2,50,145.9,150,,,,,,,,,,,,,,,,,146.4,57,146.7,100,,,,,,,,,,,,,,,,
2026-07-05T01:02:59.744086+00:00,2026-07-05T01:02:59.744007,2,2,146.3,0.2,146.2,3,145.9,150,,,,,,,,,,,,,,,,,146.4,57,146.7,100,,,,,,,,,,,,,,,,
2026-07-05T01:03:00.189841+00:00,2026-07-05T01:03:00.189734,1,2,146.15,0.5,145.9,150,,,,,,,,,,,,,,,,,,,146.4,57,146.7,100,,,,,,,,,,,,,,,,
2026-07-05T01:03:00.358549+00:00,2026-07-05T01:03:00.352726,1,2,146.15,0.5,145.9,150,,,,,,,,,,,,,,,,,,,146.4,12,146.7,100,,,,,,,,,,,,,,,,
2026-07-05T01:03:00.792883+00:00,2026-07-05T01:03:00.792802,1,1,146.15,0.5,145.9,150,,,,,,,,,,,,,,,,,,,146.4,12,,,,,,,,,,,,,,,,,,
2026-07-05T01:03:00.845990+00:00,2026-07-05T01:03:00.845891,2,1,146.15,0.5,145.9,150,145.8,100,,,,,,,,,,,,,,,,,146.4,12,,,,,,,,,,,,,,,,,,
2026-07-05T01:03:00.905937+00:00,2026-07-05T01:03:00.901289,2,2,146.1,0.4,145.9,150,145.8,100,,,,,,,,,,,,,,,,,146.3,88,146.4,12,,,,,,,,,,,,,,,,
2026-07-05T01:03:01.463922+00:00,2026-07-05T01:03:01.463814,1,1,146.05,0.5,145.8,100,,,,,,,,,,,,,,,,,,,146.3,88,,,,,,,,,,,,,,,,,,
2026-07-05T01:03:01.511634+00:00,2026-07-05T01:03:01.511561,2,0,,,146.5,62,145.8,100,,,,,,,,,,,,,,,,,,,,,,,,,,,,,,,,,,,,
2026-07-05T01:03:01.564138+00:00,2026-07-05T01:03:01.564290,2,1,146.75,0.5,146.5,62,145.8,100,,,,,,,,,,,,,,,,,147.0,150,,,,,,,,,,,,,,,,,,
2026-07-05T01:03:01.573696+00:00,2026-07-05T01:03:01.568097,2,1,146.75,0.5,146.5,50,145.8,100,,,,,,,,,,,,,,,,,147.0,150,,,,,,,,,,,,,,,,,,
2026-07-05T01:03:02.120974+00:00,2026-07-05T01:03:02.121078,2,1,146.75,0.5,146.5,48,145.8,100,,,,,,,,,,,,,,,,,147.0,150,,,,,,,,,,,,,,,,,,
2026-07-05T01:03:02.769711+00:00,2026-07-05T01:03:02.764338,2,1,146.75,0.5,146.5,37,145.8,100,,,,,,,,,,,,,,,,,147.0,150,,,,,,,,,,,,,,,,,,
2026-07-05T01:03:03.127315+00:00,2026-07-05T01:03:03.127503,2,1,146.75,0.5,146.5,33,145.8,100,,,,,,,,,,,,,,,,,147.0,150,,,,,,,,,,,,,,,,,,
2026-07-05T01:03:03.291214+00:00,2026-07-05T01:03:03.291048,1,1,146.4,1.2,145.8,93,,,,,,,,,,,,,,,,,,,147.0,150,,,,,,,,,,,,,,,,,,
2026-07-05T01:03:03.464042+00:00,2026-07-05T01:03:03.463970,1,1,146.4,1.2,145.8,43,,,,,,,,,,,,,,,,,,,147.0,150,,,,,,,,,,,,,,,,,,
2026-07-05T01:03:03.951230+00:00,2026-07-05T01:03:03.951101,0,1,,,,,,,,,,,,,,,,,,,,,,,147.0,150,,,,,,,,,,,,,,,,,,
2026-07-05T01:03:04.003682+00:00,2026-07-05T01:03:04.003598,1,1,146.4,1.2,145.8,100,,,,,,,,,,,,,,,,,,,147.0,150,,,,,,,,,,,,,,,,,,
2026-07-05T01:03:04.071166+00:00,2026-07-05T01:03:04.067243,1,2,146.05,0.5,145.8,100,,,,,,,,,,,,,,,,,,,146.3,89,147.0,150,,,,,,,,,,,,,,,,
2026-07-05T01:03:04.621299+00:00,2026-07-05T01:03:04.621380,1,1,146.05,0.5,145.8,100,,,,,,,,,,,,,,,,,,,146.3,89,,,,,,,,,,,,,,,,,,
2026-07-05T01:03:04.673906+00:00,2026-07-05T01:03:04.673871,1,1,146.05,0.5,145.8,250,,,,,,,,,,,,,,,,,,,146.3,89,,,,,,,,,,,,,,,,,,
2026-07-05T01:03:04.728702+00:00,2026-07-05T01:03:04.728584,1,1,146.05,0.5,145.8,250,,,,,,,,,,,,,,,,,,,146.3,239,,,,,,,,,,,,,,,,,,
2026-07-05T01:03:07.136333+00:00,2026-07-05T01:03:07.136460,1,1,146.05,0.5,145.8,150,,,,,,,,,,,,,,,,,,,146.3,150,,,,,,,,,,,,,,,,,,
2026-07-05T01:03:07.192757+00:00,2026-07-05T01:03:07.192718,1,1,146.05,0.5,145.8,250,,,,,,,,,,,,,,,,,,,146.3,150,,,,,,,,,,,,,,,,,,
2026-07-05T01:03:07.249227+00:00,2026-07-05T01:03:07.249135,1,1,146.05,0.5,145.8,250,,,,,,,,,,,,,,,,,,,146.3,250,,,,,,,,,,,,,,,,,,
2026-07-05T01:03:07.780358+00:00,2026-07-05T01:03:07.780233,1,1,146.05,0.5,145.8,100,,,,,,,,,,,,,,,,,,,146.3,100,,,,,,,,,,,,,,,,,,
2026-07-05T01:03:07.832482+00:00,2026-07-05T01:03:07.832402,1,1,146.05,0.5,145.8,250,,,,,,,,,,,,,,,,,,,146.3,100,,,,,,,,,,,,,,,,,,
2026-07-05T01:03:07.884775+00:00,2026-07-05T01:03:07.884631,1,1,146.05,0.5,145.8,250,,,,,,,,,,,,,,,,,,,146.3,250,,,,,,,,,,,,,,,,,,
2026-07-05T01:03:09.773593+00:00,2026-07-05T01:03:09.773493,1,1,146.05,0.5,145.8,200,,,,,,,,,,,,,,,,,,,146.3,250,,,,,,,,,,,,,,,,,,
2026-07-05T01:03:09.928605+00:00,2026-07-05T01:03:09.928582,1,1,146.05,0.5,145.8,200,,,,,,,,,,,,,,,,,,,146.3,204,,,,,,,,,,,,,,,,,,
2026-07-05T01:03:10.295558+00:00,2026-07-05T01:03:10.295441,1,1,146.05,0.5,145.8,150,,,,,,,,,,,,,,,,,,,146.3,150,,,,,,,,,,,,,,,,,,
2026-07-05T01:03:10.352878+00:00,2026-07-05T01:03:10.352995,2,1,146.1,0.4,145.9,100,145.8,150,,,,,,,,,,,,,,,,,146.3,150,,,,,,,,,,,,,,,,,,
2026-07-05T01:03:10.413886+00:00,2026-07-05T01:03:10.413781,2,2,146.1,0.4,145.9,100,145.8,150,,,,,,,,,,,,,,,,,146.3,150,146.4,100,,,,,,,,,,,,,,,,
2026-07-05T01:03:10.940585+00:00,2026-07-05T01:03:10.940477,2,1,146.15,0.5,145.9,100,145.8,150,,,,,,,,,,,,,,,,,146.4,100,,,,,,,,,,,,,,,,,,
2026-07-05T01:03:10.945673+00:00,2026-07-05T01:03:10.945634,1,1,146.15,0.5,145.9,100,,,,,,,,,,,,,,,,,,,146.4,100,,,,,,,,,,,,,,,,,,
2026-07-05T01:03:10.994424+00:00,2026-07-05T01:03:10.994325,2,1,146.15,0.5,145.9,100,145.8,150,,,,,,,,,,,,,,,,,146.4,100,,,,,,,,,,,,,,,,,,
2026-07-05T01:03:11.047245+00:00,2026-07-05T01:03:11.047185,2,2,146.1,0.4,145.9,100,145.8,150,,,,,,,,,,,,,,,,,146.3,150,146.4,100,,,,,,,,,,,,,,,,
2026-07-05T01:03:11.864088+00:00,2026-07-05T01:03:11.863942,2,2,146.1,0.4,145.9,100,145.8,150,,,,,,,,,,,,,,,,,146.3,100,146.4,100,,,,,,,,,,,,,,,,
2026-07-05T01:03:12.003128+00:00,2026-07-05T01:03:11.996078,2,2,146.1,0.4,145.9,100,145.8,150,,,,,,,,,,,,,,,,,146.3,88,146.4,100,,,,,,,,,,,,,,,,
2026-07-05T01:03:12.371659+00:00,2026-07-05T01:03:12.371517,2,2,146.1,0.4,145.9,53,145.8,150,,,,,,,,,,,,,,,,,146.3,88,146.4,100,,,,,,,,,,,,,,,,
2026-07-05T01:03:13.428191+00:00,2026-07-05T01:03:13.428386,2,2,146.1,0.4,145.9,6,145.8,150,,,,,,,,,,,,,,,,,146.3,88,146.4,100,,,,,,,,,,,,,,,,
2026-07-05T01:03:13.467649+00:00,2026-07-05T01:03:13.467610,1,1,146.05,0.5,145.8,150,,,,,,,,,,,,,,,,,,,146.3,88,,,,,,,,,,,,,,,,,,
2026-07-05T01:03:13.521731+00:00,2026-07-05T01:03:13.521688,2,1,146.05,0.5,145.8,150,145.5,100,,,,,,,,,,,,,,,,,146.3,88,,,,,,,,,,,,,,,,,,
2026-07-05T01:03:13.585294+00:00,2026-07-05T01:03:13.578994,2,2,145.9,0.2,145.8,150,145.5,100,,,,,,,,,,,,,,,,,146.0,89,146.3,88,,,,,,,,,,,,,,,,
2026-07-05T01:03:14.048807+00:00,2026-07-05T01:03:14.048708,2,2,145.9,0.2,145.8,150,145.5,100,,,,,,,,,,,,,,,,,146.0,43,146.3,88,,,,,,,,,,,,,,,,
2026-07-05T01:03:14.104621+00:00,2026-07-05T01:03:14.104481,1,1,145.75,0.5,145.5,100,,,,,,,,,,,,,,,,,,,146.0,43,,,,,,,,,,,,,,,,,,
2026-07-05T01:03:14.148273+00:00,2026-07-05T01:03:14.151159,2,0,,,146.0,107,145.5,100,,,,,,,,,,,,,,,,,,,,,,,,,,,,,,,,,,,,
2026-07-05T01:03:14.210320+00:00,2026-07-05T01:03:14.210167,2,1,146.25,0.5,146.0,107,145.5,100,,,,,,,,,,,,,,,,,146.5,150,,,,,,,,,,,,,,,,,,
2026-07-05T01:03:15.214389+00:00,2026-07-05T01:03:15.214510,2,1,146.25,0.5,146.0,82,145.5,100,,,,,,,,,,,,,,,,,146.5,150,,,,,,,,,,,,,,,,,,
2026-07-05T01:03:16.090397+00:00,2026-07-05T01:03:16.090527,2,1,146.25,0.5,146.0,32,145.5,100,,,,,,,,,,,,,,,,,146.5,150,,,,,,,,,,,,,,,,,,
2026-07-05T01:03:16.628573+00:00,2026-07-05T01:03:16.628674,1,1,146.25,0.5,146.0,32,,,,,,,,,,,,,,,,,,,146.5,150,,,,,,,,,,,,,,,,,,
2026-07-05T01:03:16.681645+00:00,2026-07-05T01:03:16.681537,2,1,146.25,0.5,146.0,32,145.7,100,,,,,,,,,,,,,,,,,146.5,150,,,,,,,,,,,,,,,,,,
2026-07-05T01:03:16.734928+00:00,2026-07-05T01:03:16.734820,2,2,146.1,0.2,146.0,32,145.7,100,,,,,,,,,,,,,,,,,146.2,100,146.5,150,,,,,,,,,,,,,,,,
2026-07-05T01:03:17.230200+00:00,2026-07-05T01:03:17.225461,2,2,146.1,0.2,146.0,21,145.7,100,,,,,,,,,,,,,,,,,146.2,100,146.5,150,,,,,,,,,,,,,,,,
2026-07-05T01:03:17.265228+00:00,2026-07-05T01:03:17.265106,1,1,145.95,0.5,145.7,100,,,,,,,,,,,,,,,,,,,146.2,100,,,,,,,,,,,,,,,,,,
2026-07-05T01:03:17.316817+00:00,2026-07-05T01:03:17.316916,2,1,145.95,0.5,145.7,100,145.1,150,,,,,,,,,,,,,,,,,146.2,100,,,,,,,,,,,,,,,,,,
2026-07-05T01:03:17.377816+00:00,2026-07-05T01:03:17.373087,1,2,145.35,0.5,145.1,150,,,,,,,,,,,,,,,,,,,145.6,27,146.2,100,,,,,,,,,,,,,,,,
2026-07-05T01:03:17.420251+00:00,2026-07-05T01:03:17.414461,1,2,145.35,0.5,145.1,150,,,,,,,,,,,,,,,,,,,145.6,16,146.2,100,,,,,,,,,,,,,,,,
2026-07-05T01:03:18.195405+00:00,2026-07-05T01:03:18.195278,1,2,145.35,0.5,145.1,100,,,,,,,,,,,,,,,,,,,145.6,16,146.2,100,,,,,,,,,,,,,,,,
2026-07-05T01:03:19.786216+00:00,2026-07-05T01:03:19.786096,1,1,145.35,0.5,145.1,100,,,,,,,,,,,,,,,,,,,145.6,16,,,,,,,,,,,,,,,,,,
2026-07-05T01:03:19.858590+00:00,2026-07-05T01:03:19.856588,2,1,145.4,0.4,145.2,100,145.1,100,,,,,,,,,,,,,,,,,145.6,16,,,,,,,,,,,,,,,,,,
2026-07-05T01:03:19.899622+00:00,2026-07-05T01:03:19.894294,2,1,145.4,0.4,145.2,100,145.1,100,,,,,,,,,,,,,,,,,145.6,13,,,,,,,,,,,,,,,,,,
2026-07-05T01:03:19.915061+00:00,2026-07-05T01:03:19.914989,2,2,145.4,0.4,145.2,100,145.1,100,,,,,,,,,,,,,,,,,145.6,13,145.7,100,,,,,,,,,,,,,,,,
2026-07-05T01:03:20.153725+00:00,2026-07-05T01:03:20.154087,2,2,145.4,0.4,145.2,100,145.1,100,,,,,,,,,,,,,,,,,145.6,8,145.7,100,,,,,,,,,,,,,,,,
2026-07-05T01:03:20.300050+00:00,2026-07-05T01:03:20.300347,2,2,145.4,0.4,145.2,50,145.1,100,,,,,,,,,,,,,,,,,145.6,8,145.7,100,,,,,,,,,,,,,,,,
2026-07-05T01:03:20.427579+00:00,2026-07-05T01:03:20.427784,1,1,145.45,0.5,145.2,50,,,,,,,,,,,,,,,,,,,145.7,100,,,,,,,,,,,,,,,,,,
2026-07-05T01:03:20.483273+00:00,2026-07-05T01:03:20.483134,2,0,,,145.7,50,145.2,50,,,,,,,,,,,,,,,,,,,,,,,,,,,,,,,,,,,,
2026-07-05T01:03:20.536320+00:00,2026-07-05T01:03:20.536257,2,1,145.95,0.5,145.7,50,145.2,50,,,,,,,,,,,,,,,,,146.2,150,,,,,,,,,,,,,,,,,,
2026-07-05T01:03:20.694369+00:00,2026-07-05T01:03:20.694218,2,1,145.95,0.5,145.7,50,145.2,50,,,,,,,,,,,,,,,,,146.2,107,,,,,,,,,,,,,,,,,,
2026-07-05T01:03:21.173486+00:00,2026-07-05T01:03:21.173627,2,1,145.95,0.5,145.7,50,145.2,50,,,,,,,,,,,,,,,,,146.2,104,,,,,,,,,,,,,,,,,,
2026-07-05T01:03:22.184706+00:00,2026-07-05T01:03:22.184621,2,1,145.95,0.5,145.7,50,145.2,50,,,,,,,,,,,,,,,,,146.2,103,,,,,,,,,,,,,,,,,,
2026-07-05T01:03:22.402343+00:00,2026-07-05T01:03:22.402272,2,1,145.95,0.5,145.7,10,145.2,50,,,,,,,,,,,,,,,,,146.2,103,,,,,,,,,,,,,,,,,,
2026-07-05T01:03:22.415379+00:00,2026-07-05T01:03:22.415266,1,1,145.7,1.0,145.2,10,,,,,,,,,,,,,,,,,,,146.2,103,,,,,,,,,,,,,,,,,,
2026-07-05T01:03:22.973776+00:00,2026-07-05T01:03:22.973731,0,1,,,,,,,,,,,,,,,,,,,,,,,146.2,103,,,,,,,,,,,,,,,,,,
2026-07-05T01:03:23.027080+00:00,2026-07-05T01:03:23.027033,1,1,145.8,0.8,145.4,100,,,,,,,,,,,,,,,,,,,146.2,103,,,,,,,,,,,,,,,,,,
2026-07-05T01:03:23.079952+00:00,2026-07-05T01:03:23.079863,1,2,145.65,0.5,145.4,100,,,,,,,,,,,,,,,,,,,145.9,100,146.2,103,,,,,,,,,,,,,,,,
2026-07-05T01:03:23.589210+00:00,2026-07-05T01:03:23.589061,1,1,145.65,0.5,145.4,100,,,,,,,,,,,,,,,,,,,145.9,100,,,,,,,,,,,,,,,,,,
2026-07-05T01:03:23.640744+00:00,2026-07-05T01:03:23.640708,2,1,145.65,0.5,145.4,100,145.3,150,,,,,,,,,,,,,,,,,145.9,100,,,,,,,,,,,,,,,,,,
2026-07-05T01:03:23.693125+00:00,2026-07-05T01:03:23.693019,2,2,145.6,0.4,145.4,100,145.3,150,,,,,,,,,,,,,,,,,145.8,150,145.9,100,,,,,,,,,,,,,,,,
2026-07-05T01:03:24.527403+00:00,2026-07-05T01:03:24.527297,2,2,145.6,0.4,145.4,50,145.3,150,,,,,,,,,,,,,,,,,145.8,150,145.9,100,,,,,,,,,,,,,,,,
2026-07-05T01:03:26.136211+00:00,2026-07-05T01:03:26.136098,1,1,145.55,0.5,145.3,150,,,,,,,,,,,,,,,,,,,145.8,150,,,,,,,,,,,,,,,,,,
2026-07-05T01:03:26.191478+00:00,2026-07-05T01:03:26.191380,2,1,145.55,0.5,145.3,150,145.2,100,,,,,,,,,,,,,,,,,145.8,150,,,,,,,,,,,,,,,,,,
2026-07-05T01:03:26.245117+00:00,2026-07-05T01:03:26.245012,2,2,145.5,0.4,145.3,150,145.2,100,,,,,,,,,,,,,,,,,145.7,100,145.8,150,,,,,,,,,,,,,,,,
2026-07-05T01:03:26.635098+00:00,2026-07-05T01:03:26.635039,2,2,145.5,0.4,145.3,100,145.2,100,,,,,,,,,,,,,,,,,145.7,100,145.8,150,,,,,,,,,,,,,,,,
2026-07-05T01:03:26.747440+00:00,2026-07-05T01:03:26.747401,1,1,145.45,0.5,145.2,100,,,,,,,,,,,,,,,,,,,145.7,100,,,,,,,,,,,,,,,,,,
2026-07-05T01:03:26.799775+00:00,2026-07-05T01:03:26.799727,2,1,145.45,0.5,145.2,100,145.1,150,,,,,,,,,,,,,,,,,145.7,100,,,,,,,,,,,,,,,,,,
2026-07-05T01:03:26.858653+00:00,2026-07-05T01:03:26.855456,2,2,145.4,0.4,145.2,100,145.1,150,,,,,,,,,,,,,,,,,145.6,150,145.7,100,,,,,,,,,,,,,,,,
2026-07-05T01:03:28.612021+00:00,2026-07-05T01:03:28.612171,2,2,145.4,0.4,145.2,100,145.1,150,,,,,,,,,,,,,,,,,145.6,104,145.7,100,,,,,,,,,,,,,,,,
2026-07-05T01:03:29.298750+00:00,2026-07-05T01:03:29.298623,1,1,145.35,0.5,145.1,150,,,,,,,,,,,,,,,,,,,145.6,104,,,,,,,,,,,,,,,,,,
2026-07-05T01:03:29.358571+00:00,2026-07-05T01:03:29.353527,2,1,145.45,0.3,145.3,100,145.1,150,,,,,,,,,,,,,,,,,145.6,104,,,,,,,,,,,,,,,,,,
2026-07-05T01:03:29.406384+00:00,2026-07-05T01:03:29.406489,2,2,145.45,0.3,145.3,100,145.1,150,,,,,,,,,,,,,,,,,145.6,104,145.8,100,,,,,,,,,,,,,,,,
2026-07-05T01:03:29.824200+00:00,2026-07-05T01:03:29.824137,2,2,145.45,0.3,145.3,59,145.1,150,,,,,,,,,,,,,,,,,145.6,104,145.8,100,,,,,,,,,,,,,,,,
2026-07-05T01:03:29.909532+00:00,2026-07-05T01:03:29.909656,1,1,145.55,0.5,145.3,59,,,,,,,,,,,,,,,,,,,145.8,100,,,,,,,,,,,,,,,,,,
2026-07-05T01:03:29.958589+00:00,2026-07-05T01:03:29.955520,1,1,145.55,0.5,145.3,209,,,,,,,,,,,,,,,,,,,145.8,100,,,,,,,,,,,,,,,,,,
2026-07-05T01:03:30.017121+00:00,2026-07-05T01:03:30.016997,1,1,145.55,0.5,145.3,209,,,,,,,,,,,,,,,,,,,145.8,250,,,,,,,,,,,,,,,,,,
2026-07-05T01:03:30.844928+00:00,2026-07-05T01:03:30.845117,1,1,145.55,0.5,145.3,159,,,,,,,,,,,,,,,,,,,145.8,250,,,,,,,,,,,,,,,,,,
2026-07-05T01:03:32.463922+00:00,2026-07-05T01:03:32.463818,1,1,145.55,0.5,145.3,150,,,,,,,,,,,,,,,,,,,145.8,150,,,,,,,,,,,,,,,,,,
2026-07-05T01:03:32.515820+00:00,2026-07-05T01:03:32.515741,2,1,145.55,0.5,145.3,150,145.0,100,,,,,,,,,,,,,,,,,145.8,150,,,,,,,,,,,,,,,,,,
2026-07-05T01:03:32.584609+00:00,2026-07-05T01:03:32.584511,2,2,145.4,0.2,145.3,150,145.0,100,,,,,,,,,,,,,,,,,145.5,100,145.8,150,,,,,,,,,,,,,,,,
2026-07-05T01:03:32.901660+00:00,2026-07-05T01:03:32.901601,2,2,145.4,0.2,145.3,150,145.0,100,,,,,,,,,,,,,,,,,145.5,50,145.8,150,,,,,,,,,,,,,,,,
2026-07-05T01:03:33.070035+00:00,2026-07-05T01:03:33.069997,1,1,145.25,0.5,145.0,100,,,,,,,,,,,,,,,,,,,145.5,50,,,,,,,,,,,,,,,,,,
2026-07-05T01:03:33.124194+00:00,2026-07-05T01:03:33.124026,2,1,145.4,0.2,145.3,150,145.0,100,,,,,,,,,,,,,,,,,145.5,50,,,,,,,,,,,,,,,,,,
2026-07-05T01:03:33.185659+00:00,2026-07-05T01:03:33.185509,2,2,145.4,0.2,145.3,150,145.0,100,,,,,,,,,,,,,,,,,145.5,50,145.8,150,,,,,,,,,,,,,,,,
2026-07-05T01:03:33.211754+00:00,2026-07-05T01:03:33.211692,2,2,145.4,0.2,145.3,150,145.0,100,,,,,,,,,,,,,,,,,145.5,49,145.8,150,,,,,,,,,,,,,,,,
2026-07-05T01:03:34.423714+00:00,2026-07-05T01:03:34.418486,2,2,145.4,0.2,145.3,150,145.0,100,,,,,,,,,,,,,,,,,145.5,46,145.8,150,,,,,,,,,,,,,,,,
2026-07-05T01:03:35.058616+00:00,2026-07-05T01:03:35.057665,2,2,145.4,0.2,145.3,100,145.0,100,,,,,,,,,,,,,,,,,145.5,46,145.8,150,,,,,,,,,,,,,,,,
2026-07-05T01:03:35.226795+00:00,2026-07-05T01:03:35.226676,2,2,145.4,0.2,145.3,100,145.0,100,,,,,,,,,,,,,,,,,145.5,45,145.8,150,,,,,,,,,,,,,,,,
2026-07-05T01:03:35.245052+00:00,2026-07-05T01:03:35.244974,2,2,145.4,0.2,145.3,100,145.0,100,,,,,,,,,,,,,,,,,145.5,20,145.8,150,,,,,,,,,,,,,,,,
2026-07-05T01:03:35.634560+00:00,2026-07-05T01:03:35.634519,1,1,145.55,0.5,145.3,100,,,,,,,,,,,,,,,,,,,145.8,150,,,,,,,,,,,,,,,,,,
2026-07-05T01:03:35.691133+00:00,2026-07-05T01:03:35.691231,2,1,145.55,0.5,145.3,100,145.1,100,,,,,,,,,,,,,,,,,145.8,150,,,,,,,,,,,,,,,,,,
2026-07-05T01:03:35.744896+00:00,2026-07-05T01:03:35.744984,2,2,145.45,0.3,145.3,100,145.1,100,,,,,,,,,,,,,,,,,145.6,100,145.8,150,,,,,,,,,,,,,,,,
2026-07-05T01:03:36.233347+00:00,2026-07-05T01:03:36.233309,1,1,145.35,0.5,145.1,100,,,,,,,,,,,,,,,,,,,145.6,100,,,,,,,,,,,,,,,,,,
2026-07-05T01:03:36.289598+00:00,2026-07-05T01:03:36.289711,2,1,145.35,0.5,145.1,100,145.0,150,,,,,,,,,,,,,,,,,145.6,100,,,,,,,,,,,,,,,,,,
2026-07-05T01:03:36.342857+00:00,2026-07-05T01:03:36.342816,2,2,145.3,0.4,145.1,100,145.0,150,,,,,,,,,,,,,,,,,145.5,150,145.6,100,,,,,,,,,,,,,,,,
2026-07-05T01:03:38.800445+00:00,2026-07-05T01:03:38.800284,2,1,145.3,0.4,145.1,100,145.0,150,,,,,,,,,,,,,,,,,145.5,150,,,,,,,,,,,,,,,,,,
2026-07-05T01:03:38.805610+00:00,2026-07-05T01:03:38.805450,1,1,145.25,0.5,145.0,150,,,,,,,,,,,,,,,,,,,145.5,150,,,,,,,,,,,,,,,,,,
2026-07-05T01:03:38.858626+00:00,2026-07-05T01:03:38.854650,2,1,145.45,0.1,145.4,100,145.0,150,,,,,,,,,,,,,,,,,145.5,150,,,,,,,,,,,,,,,,,,
2026-07-05T01:03:38.903181+00:00,2026-07-05T01:03:38.903120,2,2,145.45,0.1,145.4,100,145.0,150,,,,,,,,,,,,,,,,,145.5,150,145.9,100,,,,,,,,,,,,,,,,
2026-07-05T01:03:39.286918+00:00,2026-07-05T01:03:39.286814,2,2,145.45,0.1,145.4,50,145.0,150,,,,,,,,,,,,,,,,,145.5,150,145.9,100,,,,,,,,,,,,,,,,
2026-07-05T01:03:39.393666+00:00,2026-07-05T01:03:39.393854,1,1,145.65,0.5,145.4,50,,,,,,,,,,,,,,,,,,,145.9,100,,,,,,,,,,,,,,,,,,
2026-07-05T01:03:39.458564+00:00,2026-07-05T01:03:39.448612,2,1,145.65,0.5,145.4,50,145.3,150,,,,,,,,,,,,,,,,,145.9,100,,,,,,,,,,,,,,,,,,
2026-07-05T01:03:39.502529+00:00,2026-07-05T01:03:39.502385,2,2,145.6,0.4,145.4,50,145.3,150,,,,,,,,,,,,,,,,,145.8,150,145.9,100,,,,,,,,,,,,,,,,
2026-07-05T01:03:41.254544+00:00,2026-07-05T01:03:41.254430,2,2,145.6,0.4,145.4,50,145.3,150,,,,,,,,,,,,,,,,,145.8,109,145.9,100,,,,,,,,,,,,,,,,
2026-07-05T01:03:41.968999+00:00,2026-07-05T01:03:41.968886,1,1,145.55,0.5,145.3,150,,,,,,,,,,,,,,,,,,,145.8,109,,,,,,,,,,,,,,,,,,
2026-07-05T01:03:42.022816+00:00,2026-07-05T01:03:42.022982,2,1,145.6,0.4,145.4,100,145.3,150,,,,,,,,,,,,,,,,,145.8,109,,,,,,,,,,,,,,,,,,
2026-07-05T01:03:42.075360+00:00,2026-07-05T01:03:42.075501,2,2,145.6,0.4,145.4,100,145.3,150,,,,,,,,,,,,,,,,,145.8,109,145.9,100,,,,,,,,,,,,,,,,
2026-07-05T01:03:42.558868+00:00,2026-07-05T01:03:42.558732,2,1,145.65,0.5,145.4,100,145.3,150,,,,,,,,,,,,,,,,,145.9,100,,,,,,,,,,,,,,,,,,
2026-07-05T01:03:42.563988+00:00,2026-07-05T01:03:42.563931,1,1,145.65,0.5,145.4,100,,,,,,,,,,,,,,,,,,,145.9,100,,,,,,,,,,,,,,,,,,
2026-07-05T01:03:42.619440+00:00,2026-07-05T01:03:42.619307,2,1,145.7,0.4,145.5,150,145.4,100,,,,,,,,,,,,,,,,,145.9,100,,,,,,,,,,,,,,,,,,
2026-07-05T01:03:42.672653+00:00,2026-07-05T01:03:42.672561,2,2,145.7,0.4,145.5,150,145.4,100,,,,,,,,,,,,,,,,,145.9,100,146.0,150,,,,,,,,,,,,,,,,
2026-07-05T01:03:43.803873+00:00,2026-07-05T01:03:43.804088,2,2,145.7,0.4,145.5,110,145.4,100,,,,,,,,,,,,,,,,,145.9,100,146.0,150,,,,,,,,,,,,,,,,
2026-07-05T01:03:45.130372+00:00,2026-07-05T01:03:45.130311,1,1,145.75,0.5,145.5,110,,,,,,,,,,,,,,,,,,,146.0,150,,,,,,,,,,,,,,,,,,
2026-07-05T01:03:45.179976+00:00,2026-07-05T01:03:45.179938,2,1,145.75,0.5,145.5,110,145.2,100,,,,,,,,,,,,,,,,,146.0,150,,,,,,,,,,,,,,,,,,
2026-07-05T01:03:45.233047+00:00,2026-07-05T01:03:45.232995,2,2,145.6,0.2,145.5,110,145.2,100,,,,,,,,,,,,,,,,,145.7,100,146.0,150,,,,,,,,,,,,,,,,
2026-07-05T01:03:45.606586+00:00,2026-07-05T01:03:45.606414,2,2,145.6,0.2,145.5,60,145.2,100,,,,,,,,,,,,,,,,,145.7,100,146.0,150,,,,,,,,,,,,,,,,
2026-07-05T01:03:45.725906+00:00,2026-07-05T01:03:45.725824,1,1,145.45,0.5,145.2,100,,,,,,,,,,,,,,,,,,,145.7,100,,,,,,,,,,,,,,,,,,
2026-07-05T01:03:45.779448+00:00,2026-07-05T01:03:45.779566,2,1,145.45,0.5,145.2,100,145.0,150,,,,,,,,,,,,,,,,,145.7,100,,,,,,,,,,,,,,,,,,
2026-07-05T01:03:45.832308+00:00,2026-07-05T01:03:45.832241,2,2,145.35,0.3,145.2,100,145.0,150,,,,,,,,,,,,,,,,,145.5,150,145.7,100,,,,,,,,,,,,,,,,
2026-07-05T01:03:46.596570+00:00,2026-07-05T01:03:46.596438,2,2,145.35,0.3,145.2,100,145.0,150,,,,,,,,,,,,,,,,,145.5,102,145.7,100,,,,,,,,,,,,,,,,
2026-07-05T01:03:48.302465+00:00,2026-07-05T01:03:48.302427,1,1,145.25,0.5,145.0,150,,,,,,,,,,,,,,,,,,,145.5,102,,,,,,,,,,,,,,,,,,
2026-07-05T01:03:48.358613+00:00,2026-07-05T01:03:48.354182,2,1,145.35,0.3,145.2,100,145.0,150,,,,,,,,,,,,,,,,,145.5,102,,,,,,,,,,,,,,,,,,
2026-07-05T01:03:48.413667+00:00,2026-07-05T01:03:48.413811,2,2,145.35,0.3,145.2,100,145.0,150,,,,,,,,,,,,,,,,,145.5,102,145.7,100,,,,,,,,,,,,,,,,
2026-07-05T01:03:48.903151+00:00,2026-07-05T01:03:48.903069,1,1,145.45,0.5,145.2,100,,,,,,,,,,,,,,,,,,,145.7,100,,,,,,,,,,,,,,,,,,
2026-07-05T01:03:48.958737+00:00,2026-07-05T01:03:48.951882,1,1,145.45,0.5,145.2,250,,,,,,,,,,,,,,,,,,,145.7,100,,,,,,,,,,,,,,,,,,
2026-07-05T01:03:49.029228+00:00,2026-07-05T01:03:49.029187,1,1,145.45,0.5,145.2,250,,,,,,,,,,,,,,,,,,,145.7,250,,,,,,,,,,,,,,,,,,
2026-07-05T01:03:50.020790+00:00,2026-07-05T01:03:50.020570,1,1,145.45,0.5,145.2,202,,,,,,,,,,,,,,,,,,,145.7,250,,,,,,,,,,,,,,,,,,
2026-07-05T01:03:50.258532+00:00,2026-07-05T01:03:50.257850,1,1,145.45,0.5,145.2,202,,,,,,,,,,,,,,,,,,,145.7,236,,,,,,,,,,,,,,,,,,
2026-07-05T01:03:51.483913+00:00,2026-07-05T01:03:51.483809,1,1,145.45,0.5,145.2,150,,,,,,,,,,,,,,,,,,,145.7,150,,,,,,,,,,,,,,,,,,
2026-07-05T01:03:51.538455+00:00,2026-07-05T01:03:51.538559,2,1,145.45,0.5,145.2,150,145.1,100,,,,,,,,,,,,,,,,,145.7,150,,,,,,,,,,,,,,,,,,
2026-07-05T01:03:51.591320+00:00,2026-07-05T01:03:51.591215,2,2,145.4,0.4,145.2,150,145.1,100,,,,,,,,,,,,,,,,,145.6,100,145.7,150,,,,,,,,,,,,,,,,
2026-07-05T01:03:51.931307+00:00,2026-07-05T01:03:51.931202,2,2,145.4,0.4,145.2,100,145.1,100,,,,,,,,,,,,,,,,,145.6,100,145.7,150,,,,,,,,,,,,,,,,
2026-07-05T01:03:52.080454+00:00,2026-07-05T01:03:52.080375,1,1,145.35,0.5,145.1,100,,,,,,,,,,,,,,,,,,,145.6,100,,,,,,,,,,,,,,,,,,
2026-07-05T01:03:52.132266+00:00,2026-07-05T01:03:52.132182,2,1,145.35,0.5,145.1,100,144.9,150,,,,,,,,,,,,,,,,,145.6,100,,,,,,,,,,,,,,,,,,
2026-07-05T01:03:52.188772+00:00,2026-07-05T01:03:52.188717,2,2,145.25,0.3,145.1,100,144.9,150,,,,,,,,,,,,,,,,,145.4,150,145.6,100,,,,,,,,,,,,,,,,
2026-07-05T01:03:52.663614+00:00,2026-07-05T01:03:52.658369,2,2,145.25,0.3,145.1,100,144.9,150,,,,,,,,,,,,,,,,,145.4,139,145.6,100,,,,,,,,,,,,,,,,
2026-07-05T01:03:53.254608+00:00,2026-07-05T01:03:53.254803,2,2,145.25,0.3,145.1,100,144.9,150,,,,,,,,,,,,,,,,,145.4,137,145.6,100,,,,,,,,,,,,,,,,
2026-07-05T01:03:53.986422+00:00,2026-07-05T01:03:53.986295,2,2,145.25,0.3,145.1,100,144.9,150,,,,,,,,,,,,,,,,,145.4,87,145.6,100,,,,,,,,,,,,,,,,
2026-07-05T01:03:54.258683+00:00,2026-07-05T01:03:54.257612,2,2,145.25,0.3,145.1,100,144.9,150,,,,,,,,,,,,,,,,,145.4,86,145.6,100,,,,,,,,,,,,,,,,
2026-07-05T01:03:54.645269+00:00,2026-07-05T01:03:54.645402,1,1,145.15,0.5,144.9,150,,,,,,,,,,,,,,,,,,,145.4,86,,,,,,,,,,,,,,,,,,
2026-07-05T01:03:54.700618+00:00,2026-07-05T01:03:54.700421,2,1,145.25,0.3,145.1,100,144.9,150,,,,,,,,,,,,,,,,,145.4,86,,,,,,,,,,,,,,,,,,
2026-07-05T01:03:54.758554+00:00,2026-07-05T01:03:54.752524,2,2,145.25,0.3,145.1,100,144.9,150,,,,,,,,,,,,,,,,,145.4,86,145.6,100,,,,,,,,,,,,,,,,
2026-07-05T01:03:55.244700+00:00,2026-07-05T01:03:55.244835,1,1,145.35,0.5,145.1,100,,,,,,,,,,,,,,,,,,,145.6,100,,,,,,,,,,,,,,,,,,
2026-07-05T01:03:55.299026+00:00,2026-07-05T01:03:55.298959,2,1,145.45,0.3,145.3,150,145.1,100,,,,,,,,,,,,,,,,,145.6,100,,,,,,,,,,,,,,,,,,
2026-07-05T01:03:55.358593+00:00,2026-07-05T01:03:55.353147,2,2,145.45,0.3,145.3,150,145.1,100,,,,,,,,,,,,,,,,,145.6,100,145.8,150,,,,,,,,,,,,,,,,
2026-07-05T01:03:56.146906+00:00,2026-07-05T01:03:56.146988,2,2,145.45,0.3,145.3,100,145.1,100,,,,,,,,,,,,,,,,,145.6,100,145.8,150,,,,,,,,,,,,,,,,
2026-07-05T01:03:57.805566+00:00,2026-07-05T01:03:57.805457,1,1,145.55,0.5,145.3,100,,,,,,,,,,,,,,,,,,,145.8,150,,,,,,,,,,,,,,,,,,
2026-07-05T01:03:57.855659+00:00,2026-07-05T01:03:57.855789,2,1,145.55,0.5,145.3,100,145.2,100,,,,,,,,,,,,,,,,,145.8,150,,,,,,,,,,,,,,,,,,
2026-07-05T01:03:57.913428+00:00,2026-07-05T01:03:57.913339,2,2,145.5,0.4,145.3,100,145.2,100,,,,,,,,,,,,,,,,,145.7,100,145.8,150,,,,,,,,,,,,,,,,
