recv_time,book_timestamp,n_bids,n_asks,mid,spread,bid_px_0,bid_vol_0,bid_px_1,bid_vol_1,bid_px_2,bid_vol_2,bid_px_3,bid_vol_3,bid_px_4,bid_vol_4,bid_px_5,bid_vol_5,bid_px_6,bid_vol_6,bid_px_7,bid_vol_7,bid_px_8,bid_vol_8,bid_px_9,bid_vol_9,ask_px_0,ask_vol_0,ask_px_1,ask_vol_1,ask_px_2,ask_vol_2,ask_px_3,ask_vol_3,ask_px_4,ask_vol_4,ask_px_5,ask_vol_5,ask_px_6,ask_vol_6,ask_px_7,ask_vol_7,ask_px_8,ask_vol_8,ask_px_9,ask_vol_9
2026-07-01T22:04:52.981905+00:00,2026-07-01T22:04:53.019216,2,2,88.15,0.3,88.0,100,87.8,12,,,,,,,,,,,,,,,,,88.3,54,88.5,150,,,,,,,,,,,,,,,,
2026-07-01T22:04:53.707610+00:00,2026-07-01T22:04:53.707547,2,1,88.25,0.5,88.0,100,87.8,12,,,,,,,,,,,,,,,,,88.5,150,,,,,,,,,,,,,,,,,,
2026-07-01T22:04:53.712815+00:00,2026-07-01T22:04:53.712758,2,1,88.25,0.5,88.0,100,87.8,4,,,,,,,,,,,,,,,,,88.5,150,,,,,,,,,,,,,,,,,,
2026-07-01T22:04:53.766561+00:00,2026-07-01T22:04:53.766349,2,1,88.25,0.5,88.0,100,87.8,104,,,,,,,,,,,,,,,,,88.5,150,,,,,,,,,,,,,,,,,,
2026-07-01T22:04:53.859098+00:00,2026-07-01T22:04:53.858775,2,2,88.15,0.3,88.0,100,87.8,104,,,,,,,,,,,,,,,,,88.3,100,88.5,150,,,,,,,,,,,,,,,,
2026-07-01T22:04:54.269403+00:00,2026-07-01T22:04:54.269312,2,2,88.15,0.3,88.0,100,87.8,104,,,,,,,,,,,,,,,,,88.3,50,88.5,150,,,,,,,,,,,,,,,,
2026-07-01T22:04:55.063677+00:00,2026-07-01T22:04:55.063840,1,1,88.05,0.5,87.8,104,,,,,,,,,,,,,,,,,,,88.3,50,,,,,,,,,,,,,,,,,,
2026-07-01T22:04:55.111193+00:00,2026-07-01T22:04:55.111065,2,1,88.1,0.4,87.9,150,87.8,104,,,,,,,,,,,,,,,,,88.3,50,,,,,,,,,,,,,,,,,,
2026-07-01T22:04:55.169172+00:00,2026-07-01T22:04:55.168978,2,2,88.1,0.4,87.9,150,87.8,104,,,,,,,,,,,,,,,,,88.3,50,88.4,150,,,,,,,,,,,,,,,,
2026-07-01T22:04:55.585226+00:00,2026-07-01T22:04:55.585140,2,2,88.1,0.4,87.9,105,87.8,104,,,,,,,,,,,,,,,,,88.3,50,88.4,150,,,,,,,,,,,,,,,,
2026-07-01T22:04:56.381623+00:00,2026-07-01T22:04:56.367534,2,1,88.15,0.5,87.9,105,87.8,104,,,,,,,,,,,,,,,,,88.4,150,,,,,,,,,,,,,,,,,,
2026-07-01T22:04:56.615438+00:00,2026-07-01T22:04:56.615358,2,1,88.15,0.5,87.9,105,87.8,104,,,,,,,,,,,,,,,,,88.4,107,,,,,,,,,,,,,,,,,,
2026-07-01T22:04:56.871967+00:00,2026-07-01T22:04:56.871811,2,1,88.15,0.5,87.9,105,87.8,4,,,,,,,,,,,,,,,,,88.4,107,,,,,,,,,,,,,,,,,,
2026-07-01T22:04:56.970062+00:00,2026-07-01T22:04:56.963434,3,1,88.35,0.1,88.3,97,87.9,105,87.8,4,,,,,,,,,,,,,,,88.4,107,,,,,,,,,,,,,,,,,,
2026-07-01T22:04:56.985780+00:00,2026-07-01T22:04:56.985512,3,2,88.35,0.1,88.3,97,87.9,105,87.8,4,,,,,,,,,,,,,,,88.4,107,88.8,100,,,,,,,,,,,,,,,,
2026-07-01T22:04:58.214782+00:00,2026-07-01T22:04:58.214720,2,1,88.55,0.5,88.3,97,87.8,4,,,,,,,,,,,,,,,,,88.8,100,,,,,,,,,,,,,,,,,,
2026-07-01T22:04:58.272330+00:00,2026-07-01T22:04:58.272239,3,1,88.55,0.5,88.3,97,88.0,150,87.8,4,,,,,,,,,,,,,,,88.8,100,,,,,,,,,,,,,,,,,,
2026-07-01T22:04:58.332255+00:00,2026-07-01T22:04:58.332421,3,2,88.4,0.2,88.3,97,88.0,150,87.8,4,,,,,,,,,,,,,,,88.5,150,88.8,100,,,,,,,,,,,,,,,,
2026-07-01T22:04:58.478604+00:00,2026-07-01T22:04:58.478762,3,2,88.4,0.2,88.3,97,88.0,150,87.8,4,,,,,,,,,,,,,,,88.5,100,88.8,100,,,,,,,,,,,,,,,,
2026-07-01T22:04:58.484035+00:00,2026-07-01T22:04:58.483983,2,2,88.4,0.2,88.3,97,88.0,150,,,,,,,,,,,,,,,,,88.5,100,88.8,100,,,,,,,,,,,,,,,,
2026-07-01T22:04:59.264216+00:00,2026-07-01T22:04:59.263980,2,2,88.4,0.2,88.3,97,88.0,155,,,,,,,,,,,,,,,,,88.5,100,88.8,100,,,,,,,,,,,,,,,,
2026-07-01T22:04:59.437685+00:00,2026-07-01T22:04:59.437608,2,2,88.4,0.2,88.3,54,88.0,155,,,,,,,,,,,,,,,,,88.5,100,88.8,100,,,,,,,,,,,,,,,,
2026-07-01T22:05:00.058595+00:00,2026-07-01T22:05:00.026991,1,1,88.25,0.5,88.0,155,,,,,,,,,,,,,,,,,,,88.5,100,,,,,,,,,,,,,,,,,,
2026-07-01T22:05:00.084902+00:00,2026-07-01T22:05:00.084863,2,1,88.35,0.3,88.2,100,88.0,155,,,,,,,,,,,,,,,,,88.5,100,,,,,,,,,,,,,,,,,,
2026-07-01T22:05:00.164920+00:00,2026-07-01T22:05:00.164777,2,2,88.35,0.3,88.2,100,88.0,155,,,,,,,,,,,,,,,,,88.5,100,88.7,100,,,,,,,,,,,,,,,,
2026-07-01T22:05:00.608342+00:00,2026-07-01T22:05:00.608218,2,2,88.35,0.3,88.2,100,88.0,154,,,,,,,,,,,,,,,,,88.5,100,88.7,100,,,,,,,,,,,,,,,,
2026-07-01T22:05:00.626275+00:00,2026-07-01T22:05:00.634737,2,2,88.35,0.3,88.2,50,88.0,154,,,,,,,,,,,,,,,,,88.5,100,88.7,100,,,,,,,,,,,,,,,,
2026-07-01T22:05:01.390848+00:00,2026-07-01T22:05:01.390796,2,1,88.45,0.5,88.2,50,88.0,4,,,,,,,,,,,,,,,,,88.7,100,,,,,,,,,,,,,,,,,,
2026-07-01T22:05:01.483714+00:00,2026-07-01T22:05:01.469133,2,1,88.45,0.5,88.2,200,88.0,4,,,,,,,,,,,,,,,,,88.7,100,,,,,,,,,,,,,,,,,,
2026-07-01T22:05:01.500325+00:00,2026-07-01T22:05:01.500196,2,1,88.45,0.5,88.2,200,88.0,4,,,,,,,,,,,,,,,,,88.7,250,,,,,,,,,,,,,,,,,,
2026-07-01T22:05:03.075588+00:00,2026-07-01T22:05:03.075494,2,1,88.45,0.5,88.2,200,88.0,3,,,,,,,,,,,,,,,,,88.7,250,,,,,,,,,,,,,,,,,,
2026-07-01T22:05:03.202232+00:00,2026-07-01T22:05:03.202138,2,1,88.45,0.5,88.2,150,88.0,3,,,,,,,,,,,,,,,,,88.7,150,,,,,,,,,,,,,,,,,,
2026-07-01T22:05:03.264046+00:00,2026-07-01T22:05:03.263906,2,1,88.45,0.5,88.2,150,88.0,103,,,,,,,,,,,,,,,,,88.7,150,,,,,,,,,,,,,,,,,,
2026-07-01T22:05:03.358699+00:00,2026-07-01T22:05:03.303448,2,2,88.35,0.3,88.2,150,88.0,103,,,,,,,,,,,,,,,,,88.5,100,88.7,150,,,,,,,,,,,,,,,,
2026-07-01T22:05:04.064350+00:00,2026-07-01T22:05:04.063875,2,2,88.35,0.3,88.2,150,88.0,102,,,,,,,,,,,,,,,,,88.5,100,88.7,150,,,,,,,,,,,,,,,,
2026-07-01T22:05:04.564001+00:00,2026-07-01T22:05:04.563964,1,1,88.25,0.5,88.0,102,,,,,,,,,,,,,,,,,,,88.5,100,,,,,,,,,,,,,,,,,,
2026-07-01T22:05:04.659120+00:00,2026-07-01T22:05:04.659038,2,2,88.35,0.3,88.2,150,88.0,102,,,,,,,,,,,,,,,,,88.5,100,88.7,150,,,,,,,,,,,,,,,,
2026-07-01T22:05:04.798476+00:00,2026-07-01T22:05:04.798413,2,3,88.3,0.2,88.2,150,88.0,102,,,,,,,,,,,,,,,,,88.4,4,88.5,100,88.7,150,,,,,,,,,,,,,,
2026-07-01T22:05:04.868917+00:00,2026-07-01T22:05:04.868839,2,3,88.3,0.2,88.2,100,88.0,102,,,,,,,,,,,,,,,,,88.4,4,88.5,100,88.7,150,,,,,,,,,,,,,,
2026-07-01T22:05:05.064594+00:00,2026-07-01T22:05:05.064090,2,2,88.35,0.3,88.2,100,88.0,102,,,,,,,,,,,,,,,,,88.5,62,88.7,150,,,,,,,,,,,,,,,,
2026-07-01T22:05:05.758931+00:00,2026-07-01T22:05:05.758738,2,2,88.35,0.3,88.2,100,88.0,101,,,,,,,,,,,,,,,,,88.5,62,88.7,150,,,,,,,,,,,,,,,,
2026-07-01T22:05:06.018503+00:00,2026-07-01T22:05:06.058857,2,3,88.3,0.2,88.2,100,88.0,101,,,,,,,,,,,,,,,,,88.4,5,88.5,62,88.7,150,,,,,,,,,,,,,,
2026-07-01T22:05:06.363960+00:00,2026-07-01T22:05:06.363882,2,2,88.3,0.2,88.2,100,88.0,1,,,,,,,,,,,,,,,,,88.4,5,88.7,150,,,,,,,,,,,,,,,,
2026-07-01T22:05:06.418422+00:00,2026-07-01T22:05:06.418542,2,2,88.3,0.2,88.2,100,88.0,101,,,,,,,,,,,,,,,,,88.4,5,88.7,150,,,,,,,,,,,,,,,,
2026-07-01T22:05:06.471345+00:00,2026-07-01T22:05:06.471232,2,3,88.3,0.2,88.2,100,88.0,101,,,,,,,,,,,,,,,,,88.4,5,88.5,100,88.7,150,,,,,,,,,,,,,,
2026-07-01T22:05:06.963636+00:00,2026-07-01T22:05:06.963903,2,3,88.3,0.2,88.2,50,88.0,101,,,,,,,,,,,,,,,,,88.4,5,88.5,100,88.7,150,,,,,,,,,,,,,,
2026-07-01T22:05:07.684585+00:00,2026-07-01T22:05:07.684527,2,2,88.35,0.3,88.2,50,88.0,101,,,,,,,,,,,,,,,,,88.5,62,88.7,150,,,,,,,,,,,,,,,,
2026-07-01T22:05:07.715537+00:00,2026-07-01T22:05:07.715703,1,1,88.25,0.5,88.0,101,,,,,,,,,,,,,,,,,,,88.5,62,,,,,,,,,,,,,,,,,,
2026-07-01T22:05:07.769321+00:00,2026-07-01T22:05:07.769451,2,1,88.25,0.5,88.0,101,87.9,150,,,,,,,,,,,,,,,,,88.5,62,,,,,,,,,,,,,,,,,,
2026-07-01T22:05:07.822096+00:00,2026-07-01T22:05:07.822018,2,2,88.2,0.4,88.0,101,87.9,150,,,,,,,,,,,,,,,,,88.4,150,88.5,62,,,,,,,,,,,,,,,,
2026-07-01T22:05:09.016194+00:00,2026-07-01T22:05:09.016455,2,2,88.2,0.4,88.0,101,87.9,150,,,,,,,,,,,,,,,,,88.4,100,88.5,62,,,,,,,,,,,,,,,,
2026-07-01T22:05:09.384141+00:00,2026-07-01T22:05:09.383975,2,2,88.2,0.4,88.0,101,87.9,150,,,,,,,,,,,,,,,,,88.4,103,88.5,62,,,,,,,,,,,,,,,,
2026-07-01T22:05:09.558599+00:00,2026-07-01T22:05:09.525240,2,1,88.2,0.4,88.0,1,87.9,150,,,,,,,,,,,,,,,,,88.4,103,,,,,,,,,,,,,,,,,,
2026-07-01T22:05:09.579976+00:00,2026-07-01T22:05:09.579784,3,1,88.25,0.3,88.1,100,88.0,1,87.9,150,,,,,,,,,,,,,,,88.4,103,,,,,,,,,,,,,,,,,,
2026-07-01T22:05:09.658757+00:00,2026-07-01T22:05:09.627136,3,2,88.25,0.3,88.1,100,88.0,1,87.9,150,,,,,,,,,,,,,,,88.4,103,88.6,100,,,,,,,,,,,,,,,,
2026-07-01T22:05:10.879362+00:00,2026-07-01T22:05:10.879310,2,2,88.25,0.3,88.1,100,88.0,1,,,,,,,,,,,,,,,,,88.4,3,88.6,100,,,,,,,,,,,,,,,,
2026-07-01T22:05:10.963980+00:00,2026-07-01T22:05:10.963777,2,2,88.25,0.3,88.1,250,88.0,1,,,,,,,,,,,,,,,,,88.4,3,88.6,100,,,,,,,,,,,,,,,,
2026-07-01T22:05:10.989123+00:00,2026-07-01T22:05:10.989080,2,2,88.25,0.3,88.1,250,88.0,1,,,,,,,,,,,,,,,,,88.4,3,88.6,250,,,,,,,,,,,,,,,,
2026-07-01T22:05:11.169283+00:00,2026-07-01T22:05:11.168898,2,1,88.35,0.5,88.1,250,88.0,1,,,,,,,,,,,,,,,,,88.6,203,,,,,,,,,,,,,,,,,,
2026-07-01T22:05:11.302434+00:00,2026-07-01T22:05:11.302349,2,2,88.25,0.3,88.1,250,88.0,1,,,,,,,,,,,,,,,,,88.4,3,88.6,203,,,,,,,,,,,,,,,,
2026-07-01T22:05:12.470445+00:00,2026-07-01T22:05:12.470344,2,2,88.25,0.3,88.1,250,88.0,1,,,,,,,,,,,,,,,,,88.4,1,88.6,203,,,,,,,,,,,,,,,,
2026-07-01T22:05:12.687529+00:00,2026-07-01T22:05:12.687496,2,2,88.25,0.3,88.1,150,88.0,1,,,,,,,,,,,,,,,,,88.4,1,88.6,150,,,,,,,,,,,,,,,,
2026-07-01T22:05:12.768719+00:00,2026-07-01T22:05:12.768938,3,1,88.5,0.2,88.4,99,88.1,150,88.0,1,,,,,,,,,,,,,,,88.6,150,,,,,,,,,,,,,,,,,,
2026-07-01T22:05:12.793061+00:00,2026-07-01T22:05:12.792965,3,2,88.5,0.2,88.4,99,88.1,150,88.0,1,,,,,,,,,,,,,,,88.6,150,88.9,100,,,,,,,,,,,,,,,,
2026-07-01T22:05:13.232287+00:00,2026-07-01T22:05:13.232571,3,2,88.5,0.2,88.4,99,88.1,150,88.0,1,,,,,,,,,,,,,,,88.6,100,88.9,100,,,,,,,,,,,,,,,,
2026-07-01T22:05:13.264065+00:00,2026-07-01T22:05:13.263757,2,2,88.5,0.2,88.4,99,88.1,150,,,,,,,,,,,,,,,,,88.6,100,88.9,100,,,,,,,,,,,,,,,,
2026-07-01T22:05:13.504802+00:00,2026-07-01T22:05:13.504736,2,2,88.5,0.2,88.4,50,88.1,150,,,,,,,,,,,,,,,,,88.6,100,88.9,100,,,,,,,,,,,,,,,,
2026-07-01T22:05:14.069729+00:00,2026-07-01T22:05:14.068989,1,1,88.65,0.5,88.4,50,,,,,,,,,,,,,,,,,,,88.9,100,,,,,,,,,,,,,,,,,,
2026-07-01T22:05:14.096615+00:00,2026-07-01T22:05:14.096346,2,1,88.65,0.5,88.4,50,88.2,150,,,,,,,,,,,,,,,,,88.9,100,,,,,,,,,,,,,,,,,,
2026-07-01T22:05:14.164635+00:00,2026-07-01T22:05:14.164492,2,2,88.55,0.3,88.4,7,88.2,150,,,,,,,,,,,,,,,,,88.7,150,88.9,100,,,,,,,,,,,,,,,,
2026-07-01T22:05:15.363779+00:00,2026-07-01T22:05:15.364198,2,2,88.55,0.3,88.4,7,88.2,150,,,,,,,,,,,,,,,,,88.7,100,88.9,100,,,,,,,,,,,,,,,,
2026-07-01T22:05:15.759002+00:00,2026-07-01T22:05:15.758815,1,2,88.45,0.5,88.2,150,,,,,,,,,,,,,,,,,,,88.7,100,88.9,100,,,,,,,,,,,,,,,,
2026-07-01T22:05:15.864327+00:00,2026-07-01T22:05:15.864103,1,1,88.45,0.5,88.2,150,,,,,,,,,,,,,,,,,,,88.7,100,,,,,,,,,,,,,,,,,,
2026-07-01T22:05:15.916224+00:00,2026-07-01T22:05:15.916104,2,1,88.45,0.5,88.2,150,87.9,100,,,,,,,,,,,,,,,,,88.7,100,,,,,,,,,,,,,,,,,,
2026-07-01T22:05:15.969514+00:00,2026-07-01T22:05:15.969390,2,2,88.3,0.2,88.2,150,87.9,100,,,,,,,,,,,,,,,,,88.4,100,88.7,100,,,,,,,,,,,,,,,,
2026-07-01T22:05:15.974604+00:00,2026-07-01T22:05:15.974570,2,2,88.3,0.2,88.2,153,87.9,100,,,,,,,,,,,,,,,,,88.4,100,88.7,100,,,,,,,,,,,,,,,,
2026-07-01T22:05:16.094381+00:00,2026-07-01T22:05:16.094534,2,3,88.3,0.2,88.2,153,87.9,100,,,,,,,,,,,,,,,,,88.4,100,88.5,3,88.7,100,,,,,,,,,,,,,,
2026-07-01T22:05:16.619494+00:00,2026-07-01T22:05:16.619589,2,3,88.3,0.2,88.2,152,87.9,100,,,,,,,,,,,,,,,,,88.4,100,88.5,3,88.7,100,,,,,,,,,,,,,,
2026-07-01T22:05:16.664161+00:00,2026-07-01T22:05:16.663902,2,3,88.3,0.2,88.2,152,87.9,100,,,,,,,,,,,,,,,,,88.4,51,88.5,3,88.7,100,,,,,,,,,,,,,,
2026-07-01T22:05:17.205828+00:00,2026-07-01T22:05:17.205803,2,2,88.3,0.2,88.2,2,87.9,100,,,,,,,,,,,,,,,,,88.4,51,88.5,3,,,,,,,,,,,,,,,,
2026-07-01T22:05:17.263922+00:00,2026-07-01T22:05:17.263853,3,0,,,88.5,96,88.2,2,87.9,100,,,,,,,,,,,,,,,,,,,,,,,,,,,,,,,,,,
2026-07-01T22:05:17.313074+00:00,2026-07-01T22:05:17.312928,3,1,88.75,0.5,88.5,96,88.2,2,87.9,100,,,,,,,,,,,,,,,89.0,150,,,,,,,,,,,,,,,,,,
2026-07-01T22:05:17.468987+00:00,2026-07-01T22:05:17.468852,3,1,88.75,0.5,88.5,96,88.2,2,87.9,100,,,,,,,,,,,,,,,89.0,100,,,,,,,,,,,,,,,,,,
2026-07-01T22:05:17.567811+00:00,2026-07-01T22:05:17.562206,3,1,88.75,0.5,88.5,91,88.2,2,87.9,100,,,,,,,,,,,,,,,89.0,100,,,,,,,,,,,,,,,,,,
2026-07-01T22:05:18.176500+00:00,2026-07-01T22:05:18.176670,3,1,88.75,0.5,88.5,91,88.2,1,87.9,100,,,,,,,,,,,,,,,89.0,100,,,,,,,,,,,,,,,,,,
2026-07-01T22:05:19.064074+00:00,2026-07-01T22:05:19.063856,2,1,88.75,0.5,88.5,91,88.2,1,,,,,,,,,,,,,,,,,89.0,100,,,,,,,,,,,,,,,,,,
2026-07-01T22:05:19.074501+00:00,2026-07-01T22:05:19.074418,2,1,88.75,0.5,88.5,91,88.2,101,,,,,,,,,,,,,,,,,89.0,100,,,,,,,,,,,,,,,,,,
2026-07-01T22:05:19.108501+00:00,2026-07-01T22:05:19.158871,2,2,88.6,0.2,88.5,91,88.2,101,,,,,,,,,,,,,,,,,88.7,100,89.0,100,,,,,,,,,,,,,,,,
2026-07-01T22:05:19.564423+00:00,2026-07-01T22:05:19.564304,2,2,88.6,0.2,88.5,91,88.2,101,,,,,,,,,,,,,,,,,88.7,50,89.0,100,,,,,,,,,,,,,,,,
2026-07-01T22:05:19.664628+00:00,2026-07-01T22:05:19.664383,2,3,88.55,0.1,88.5,91,88.2,101,,,,,,,,,,,,,,,,,88.6,5,88.7,50,89.0,100,,,,,,,,,,,,,,
2026-07-01T22:05:20.369327+00:00,2026-07-01T22:05:20.369179,1,2,88.4,0.4,88.2,101,,,,,,,,,,,,,,,,,,,88.6,5,88.7,50,,,,,,,,,,,,,,,,
2026-07-01T22:05:20.402796+00:00,2026-07-01T22:05:20.415163,2,1,88.55,0.3,88.4,150,88.2,101,,,,,,,,,,,,,,,,,88.7,15,,,,,,,,,,,,,,,,,,
2026-07-01T22:05:20.474232+00:00,2026-07-01T22:05:20.474114,2,2,88.55,0.3,88.4,150,88.2,101,,,,,,,,,,,,,,,,,88.7,15,88.9,150,,,,,,,,,,,,,,,,
2026-07-01T22:05:21.479937+00:00,2026-07-01T22:05:21.469200,2,2,88.55,0.3,88.4,108,88.2,101,,,,,,,,,,,,,,,,,88.7,15,88.9,150,,,,,,,,,,,,,,,,
2026-07-01T22:05:21.679911+00:00,2026-07-01T22:05:21.679750,2,1,88.65,0.5,88.4,108,88.2,101,,,,,,,,,,,,,,,,,88.9,115,,,,,,,,,,,,,,,,,,
2026-07-01T22:05:21.787457+00:00,2026-07-01T22:05:21.787356,2,1,88.65,0.5,88.4,108,88.2,100,,,,,,,,,,,,,,,,,88.9,115,,,,,,,,,,,,,,,,,,
2026-07-01T22:05:22.182293+00:00,2026-07-01T22:05:22.182192,1,1,88.65,0.5,88.4,108,,,,,,,,,,,,,,,,,,,88.9,115,,,,,,,,,,,,,,,,,,
2026-07-01T22:05:22.263889+00:00,2026-07-01T22:05:22.263830,2,1,88.75,0.3,88.6,100,88.4,108,,,,,,,,,,,,,,,,,88.9,115,,,,,,,,,,,,,,,,,,
2026-07-01T22:05:22.288730+00:00,2026-07-01T22:05:22.288575,2,2,88.75,0.3,88.6,100,88.4,108,,,,,,,,,,,,,,,,,88.9,115,89.1,100,,,,,,,,,,,,,,,,
2026-07-01T22:05:22.669573+00:00,2026-07-01T22:05:22.669456,2,2,88.75,0.3,88.6,93,88.4,108,,,,,,,,,,,,,,,,,88.9,115,89.1,100,,,,,,,,,,,,,,,,
2026-07-01T22:05:22.808504+00:00,2026-07-01T22:05:22.858766,2,3,88.65,0.1,88.6,93,88.4,108,,,,,,,,,,,,,,,,,88.7,7,88.9,115,89.1,100,,,,,,,,,,,,,,
2026-07-01T22:05:22.964052+00:00,2026-07-01T22:05:22.963891,2,2,88.75,0.3,88.6,93,88.4,108,,,,,,,,,,,,,,,,,88.9,115,89.1,100,,,,,,,,,,,,,,,,
2026-07-01T22:05:23.558725+00:00,2026-07-01T22:05:23.522972,1,1,88.85,0.5,88.6,93,,,,,,,,,,,,,,,,,,,89.1,100,,,,,,,,,,,,,,,,,,
2026-07-01T22:05:23.582534+00:00,2026-07-01T22:05:23.582734,2,1,88.85,0.5,88.6,93,88.4,150,,,,,,,,,,,,,,,,,89.1,100,,,,,,,,,,,,,,,,,,
2026-07-01T22:05:23.664108+00:00,2026-07-01T22:05:23.663895,2,2,88.75,0.3,88.6,93,88.4,150,,,,,,,,,,,,,,,,,88.9,150,89.1,100,,,,,,,,,,,,,,,,
2026-07-01T22:05:23.669122+00:00,2026-07-01T22:05:23.669324,2,3,88.65,0.1,88.6,93,88.4,150,,,,,,,,,,,,,,,,,88.7,6,88.9,150,89.1,100,,,,,,,,,,,,,,
2026-07-01T22:05:23.679785+00:00,2026-07-01T22:05:23.679653,2,3,88.65,0.1,88.6,93,88.4,151,,,,,,,,,,,,,,,,,88.7,6,88.9,150,89.1,100,,,,,,,,,,,,,,
2026-07-01T22:05:24.298129+00:00,2026-07-01T22:05:24.298024,2,3,88.65,0.1,88.6,93,88.4,151,,,,,,,,,,,,,,,,,88.7,5,88.9,150,89.1,100,,,,,,,,,,,,,,
2026-07-01T22:05:25.364315+00:00,2026-07-01T22:05:25.364081,1,2,88.55,0.3,88.4,151,,,,,,,,,,,,,,,,,,,88.7,5,88.9,150,,,,,,,,,,,,,,,,
2026-07-01T22:05:25.470333+00:00,2026-07-01T22:05:25.463377,2,3,88.65,0.1,88.6,97,88.4,151,,,,,,,,,,,,,,,,,88.7,4,88.9,150,89.1,100,,,,,,,,,,,,,,
2026-07-01T22:05:25.897171+00:00,2026-07-01T22:05:25.897343,2,2,88.75,0.3,88.6,97,88.4,151,,,,,,,,,,,,,,,,,88.9,104,89.1,100,,,,,,,,,,,,,,,,
2026-07-01T22:05:26.695394+00:00,2026-07-01T22:05:26.695331,2,1,88.85,0.5,88.6,97,88.4,1,,,,,,,,,,,,,,,,,89.1,100,,,,,,,,,,,,,,,,,,
2026-07-01T22:05:26.764458+00:00,2026-07-01T22:05:26.764024,1,1,88.75,0.7,88.4,151,,,,,,,,,,,,,,,,,,,89.1,100,,,,,,,,,,,,,,,,,,
2026-07-01T22:05:26.797142+00:00,2026-07-01T22:05:26.796974,1,2,88.65,0.5,88.4,151,,,,,,,,,,,,,,,,,,,88.9,150,89.1,100,,,,,,,,,,,,,,,,
2026-07-01T22:05:27.964124+00:00,2026-07-01T22:05:27.964015,1,3,88.6,0.4,88.4,151,,,,,,,,,,,,,,,,,,,88.8,6,88.9,150,89.1,100,,,,,,,,,,,,,,
2026-07-01T22:05:28.058631+00:00,2026-07-01T22:05:27.997872,1,2,88.65,0.5,88.4,151,,,,,,,,,,,,,,,,,,,88.9,106,89.1,100,,,,,,,,,,,,,,,,
2026-07-01T22:05:28.069470+00:00,2026-07-01T22:05:28.069148,1,2,88.65,0.5,88.4,111,,,,,,,,,,,,,,,,,,,88.9,106,89.1,100,,,,,,,,,,,,,,,,
2026-07-01T22:05:28.458636+00:00,2026-07-01T22:05:28.454386,2,3,88.65,0.3,88.5,1,88.4,111,,,,,,,,,,,,,,,,,88.8,6,88.9,106,89.1,100,,,,,,,,,,,,,,
2026-07-01T22:05:28.561663+00:00,2026-07-01T22:05:28.500930,2,2,88.65,0.3,88.5,1,88.4,111,,,,,,,,,,,,,,,,,88.8,6,88.9,106,,,,,,,,,,,,,,,,
2026-07-01T22:05:28.587842+00:00,2026-07-01T22:05:28.587705,3,2,88.65,0.3,88.5,1,88.4,111,88.2,100,,,,,,,,,,,,,,,88.8,6,88.9,106,,,,,,,,,,,,,,,,
2026-07-01T22:05:28.663687+00:00,2026-07-01T22:05:28.663900,3,3,88.6,0.2,88.5,1,88.4,111,88.2,100,,,,,,,,,,,,,,,88.7,100,88.8,6,88.9,106,,,,,,,,,,,,,,
2026-07-01T22:05:29.704903+00:00,2026-07-01T22:05:29.705025,2,3,88.55,0.3,88.4,111,88.2,100,,,,,,,,,,,,,,,,,88.7,100,88.8,6,88.9,106,,,,,,,,,,,,,,
2026-07-01T22:05:29.864124+00:00,2026-07-01T22:05:29.863902,1,2,88.45,0.5,88.2,100,,,,,,,,,,,,,,,,,,,88.7,100,88.8,6,,,,,,,,,,,,,,,,
2026-07-01T22:05:29.958573+00:00,2026-07-01T22:05:29.950065,2,3,88.6,0.2,88.5,150,88.2,100,,,,,,,,,,,,,,,,,88.7,100,88.8,6,89.0,150,,,,,,,,,,,,,,
2026-07-01T22:05:30.158654+00:00,2026-07-01T22:05:30.108484,2,3,88.6,0.2,88.5,150,88.2,100,,,,,,,,,,,,,,,,,88.7,50,88.8,6,89.0,150,,,,,,,,,,,,,,
2026-07-01T22:05:30.301569+00:00,2026-07-01T22:05:30.301528,2,3,88.6,0.2,88.5,108,88.2,100,,,,,,,,,,,,,,,,,88.7,50,88.8,6,89.0,150,,,,,,,,,,,,,,
2026-07-01T22:05:30.876834+00:00,2026-07-01T22:05:30.876721,2,3,88.6,0.2,88.5,108,88.2,100,,,,,,,,,,,,,,,,,88.7,50,88.8,4,89.0,150,,,,,,,,,,,,,,
2026-07-01T22:05:31.369184+00:00,2026-07-01T22:05:31.369021,2,3,88.6,0.2,88.5,108,88.2,100,,,,,,,,,,,,,,,,,88.7,1,88.8,4,89.0,150,,,,,,,,,,,,,,
2026-07-01T22:05:31.700132+00:00,2026-07-01T22:05:31.700020,1,2,88.65,0.3,88.5,108,,,,,,,,,,,,,,,,,,,88.8,4,89.0,150,,,,,,,,,,,,,,,,
2026-07-01T22:05:31.768746+00:00,2026-07-01T22:05:31.769167,2,2,88.7,0.2,88.6,100,88.5,108,,,,,,,,,,,,,,,,,88.8,4,89.0,150,,,,,,,,,,,,,,,,
2026-07-01T22:05:31.858696+00:00,2026-07-01T22:05:31.805294,2,3,88.7,0.2,88.6,100,88.5,108,,,,,,,,,,,,,,,,,88.8,4,89.0,150,89.1,100,,,,,,,,,,,,,,
2026-07-01T22:05:32.269468+00:00,2026-07-01T22:05:32.269251,2,2,88.8,0.4,88.6,100,88.5,108,,,,,,,,,,,,,,,,,89.0,104,89.1,100,,,,,,,,,,,,,,,,
2026-07-01T22:05:32.569087+00:00,2026-07-01T22:05:32.568840,2,3,88.7,0.2,88.6,100,88.5,108,,,,,,,,,,,,,,,,,88.8,4,89.0,104,89.1,100,,,,,,,,,,,,,,
2026-07-01T22:05:33.058730+00:00,2026-07-01T22:05:33.007745,1,2,88.7,0.2,88.6,100,,,,,,,,,,,,,,,,,,,88.8,4,89.1,100,,,,,,,,,,,,,,,,
2026-07-01T22:05:33.069187+00:00,2026-07-01T22:05:33.069035,1,2,88.7,0.2,88.6,250,,,,,,,,,,,,,,,,,,,88.8,4,89.1,100,,,,,,,,,,,,,,,,
2026-07-01T22:05:33.169235+00:00,2026-07-01T22:05:33.168860,1,2,88.7,0.2,88.6,250,,,,,,,,,,,,,,,,,,,88.8,4,89.1,250,,,,,,,,,,,,,,,,
2026-07-01T22:05:34.364295+00:00,2026-07-01T22:05:34.364108,1,1,88.85,0.5,88.6,250,,,,,,,,,,,,,,,,,,,89.1,204,,,,,,,,,,,,,,,,,,
2026-07-01T22:05:34.869226+00:00,2026-07-01T22:05:34.869023,1,1,88.85,0.5,88.6,150,,,,,,,,,,,,,,,,,,,89.1,150,,,,,,,,,,,,,,,,,,
2026-07-01T22:05:34.898665+00:00,2026-07-01T22:05:34.898814,1,2,88.75,0.3,88.6,150,,,,,,,,,,,,,,,,,,,88.9,7,89.1,150,,,,,,,,,,,,,,,,
2026-07-01T22:05:34.969439+00:00,2026-07-01T22:05:34.969233,2,2,89.05,0.1,89.0,84,88.6,150,,,,,,,,,,,,,,,,,89.1,150,89.5,100,,,,,,,,,,,,,,,,
2026-07-01T22:05:35.169143+00:00,2026-07-01T22:05:35.168808,2,2,89.05,0.1,89.0,76,88.6,150,,,,,,,,,,,,,,,,,89.1,150,89.5,100,,,,,,,,,,,,,,,,
2026-07-01T22:05:35.364588+00:00,2026-07-01T22:05:35.364213,2,2,89.05,0.1,89.0,60,88.6,150,,,,,,,,,,,,,,,,,89.1,104,89.5,100,,,,,,,,,,,,,,,,
2026-07-01T22:05:35.564043+00:00,2026-07-01T22:05:35.563995,2,2,89.05,0.1,89.0,46,88.6,150,,,,,,,,,,,,,,,,,89.1,104,89.5,100,,,,,,,,,,,,,,,,
2026-07-01T22:05:35.806875+00:00,2026-07-01T22:05:35.807064,1,2,88.85,0.5,88.6,149,,,,,,,,,,,,,,,,,,,89.1,104,89.5,100,,,,,,,,,,,,,,,,
2026-07-01T22:05:36.159068+00:00,2026-07-01T22:05:36.158845,1,3,88.75,0.3,88.6,149,,,,,,,,,,,,,,,,,,,88.9,6,89.1,104,89.5,100,,,,,,,,,,,,,,
2026-07-01T22:05:36.165662+00:00,2026-07-01T22:05:36.165587,0,2,,,,,,,,,,,,,,,,,,,,,,,88.9,6,89.5,100,,,,,,,,,,,,,,,,
2026-07-01T22:05:36.258933+00:00,2026-07-01T22:05:36.258761,1,2,88.8,0.2,88.7,150,,,,,,,,,,,,,,,,,,,88.9,6,89.5,100,,,,,,,,,,,,,,,,
2026-07-01T22:05:36.281793+00:00,2026-07-01T22:05:36.281730,1,3,88.8,0.2,88.7,150,,,,,,,,,,,,,,,,,,,88.9,6,89.2,150,89.5,100,,,,,,,,,,,,,,
2026-07-01T22:05:36.464563+00:00,2026-07-01T22:05:36.464496,2,3,88.8,0.2,88.7,150,88.6,2,,,,,,,,,,,,,,,,,88.9,6,89.2,150,89.5,100,,,,,,,,,,,,,,
2026-07-01T22:05:36.559002+00:00,2026-07-01T22:05:36.558818,2,3,88.8,0.2,88.7,100,88.6,2,,,,,,,,,,,,,,,,,88.9,6,89.2,150,89.5,100,,,,,,,,,,,,,,
2026-07-01T22:05:36.664258+00:00,2026-07-01T22:05:36.663857,2,3,88.8,0.2,88.7,100,88.6,1,,,,,,,,,,,,,,,,,88.9,6,89.2,150,89.5,100,,,,,,,,,,,,,,
2026-07-01T22:05:37.864139+00:00,2026-07-01T22:05:37.863892,2,2,88.95,0.5,88.7,100,88.6,1,,,,,,,,,,,,,,,,,89.2,150,89.5,100,,,,,,,,,,,,,,,,
2026-07-01T22:05:38.058675+00:00,2026-07-01T22:05:38.011291,2,1,88.95,0.5,88.7,100,88.6,1,,,,,,,,,,,,,,,,,89.2,150,,,,,,,,,,,,,,,,,,
2026-07-01T22:05:38.074060+00:00,2026-07-01T22:05:38.074015,3,1,88.95,0.5,88.7,100,88.6,1,88.4,100,,,,,,,,,,,,,,,89.2,150,,,,,,,,,,,,,,,,,,
2026-07-01T22:05:38.102960+00:00,2026-07-01T22:05:38.116073,3,2,88.8,0.2,88.7,100,88.6,1,88.4,100,,,,,,,,,,,,,,,88.9,100,89.2,150,,,,,,,,,,,,,,,,
2026-07-01T22:05:38.563854+00:00,2026-07-01T22:05:38.564163,3,2,88.8,0.2,88.7,29,88.6,1,88.4,100,,,,,,,,,,,,,,,88.9,100,89.2,150,,,,,,,,,,,,,,,,
2026-07-01T22:05:38.583170+00:00,2026-07-01T22:05:38.575299,3,2,88.8,0.2,88.7,27,88.6,1,88.4,100,,,,,,,,,,,,,,,88.9,100,89.2,150,,,,,,,,,,,,,,,,
2026-07-01T22:05:38.658709+00:00,2026-07-01T22:05:38.615036,1,2,88.65,0.5,88.4,78,,,,,,,,,,,,,,,,,,,88.9,100,89.2,150,,,,,,,,,,,,,,,,
2026-07-01T22:05:38.858652+00:00,2026-07-01T22:05:38.811772,1,3,88.65,0.5,88.4,78,,,,,,,,,,,,,,,,,,,88.9,100,89.0,5,89.2,150,,,,,,,,,,,,,,
2026-07-01T22:05:38.890273+00:00,2026-07-01T22:05:38.890146,1,3,88.65,0.5,88.4,78,,,,,,,,,,,,,,,,,,,88.9,53,89.0,5,89.2,150,,,,,,,,,,,,,,
2026-07-01T22:05:39.158604+00:00,2026-07-01T22:05:39.104486,2,3,88.8,0.2,88.7,2,88.4,78,,,,,,,,,,,,,,,,,88.9,53,89.0,5,89.2,150,,,,,,,,,,,,,,
2026-07-01T22:05:39.358908+00:00,2026-07-01T22:05:39.358833,2,2,88.8,0.2,88.7,2,88.4,78,,,,,,,,,,,,,,,,,88.9,53,89.0,5,,,,,,,,,,,,,,,,
2026-07-01T22:05:39.382737+00:00,2026-07-01T22:05:39.382815,3,2,88.8,0.2,88.7,2,88.4,78,88.1,150,,,,,,,,,,,,,,,88.9,53,89.0,5,,,,,,,,,,,,,,,,
2026-07-01T22:05:39.492893+00:00,2026-07-01T22:05:39.487520,2,3,88.5,0.2,88.4,78,88.1,150,,,,,,,,,,,,,,,,,88.6,145,88.9,53,89.0,5,,,,,,,,,,,,,,
2026-07-01T22:05:39.569396+00:00,2026-07-01T22:05:39.569211,2,3,88.5,0.2,88.4,37,88.1,150,,,,,,,,,,,,,,,,,88.6,143,88.9,53,89.0,5,,,,,,,,,,,,,,
2026-07-01T22:05:39.870207+00:00,2026-07-01T22:05:39.863372,2,3,88.5,0.2,88.4,37,88.1,150,,,,,,,,,,,,,,,,,88.6,134,88.9,53,89.0,5,,,,,,,,,,,,,,
2026-07-01T22:05:40.698485+00:00,2026-07-01T22:05:40.758871,2,3,88.5,0.2,88.4,37,88.1,150,,,,,,,,,,,,,,,,,88.6,132,88.9,53,89.0,5,,,,,,,,,,,,,,
2026-07-01T22:05:40.764475+00:00,2026-07-01T22:05:40.764291,1,3,88.35,0.5,88.1,137,,,,,,,,,,,,,,,,,,,88.6,132,88.9,53,89.0,5,,,,,,,,,,,,,,
2026-07-01T22:05:40.859339+00:00,2026-07-01T22:05:40.858880,1,3,88.35,0.5,88.1,137,,,,,,,,,,,,,,,,,,,88.6,130,88.9,53,89.0,5,,,,,,,,,,,,,,
2026-07-01T22:05:41.181877+00:00,2026-07-01T22:05:41.181642,1,2,88.35,0.5,88.1,137,,,,,,,,,,,,,,,,,,,88.6,130,89.0,5,,,,,,,,,,,,,,,,
2026-07-01T22:05:41.259030+00:00,2026-07-01T22:05:41.258797,2,2,88.45,0.3,88.3,100,88.1,137,,,,,,,,,,,,,,,,,88.6,130,89.0,5,,,,,,,,,,,,,,,,
2026-07-01T22:05:41.358706+00:00,2026-07-01T22:05:41.333681,2,3,88.45,0.3,88.3,55,88.1,137,,,,,,,,,,,,,,,,,88.6,130,88.8,100,89.0,5,,,,,,,,,,,,,,
2026-07-01T22:05:41.958632+00:00,2026-07-01T22:05:41.905863,2,3,88.45,0.3,88.3,55,88.1,137,,,,,,,,,,,,,,,,,88.6,85,88.8,100,89.0,5,,,,,,,,,,,,,,
2026-07-01T22:05:42.464320+00:00,2026-07-01T22:05:42.464019,2,3,88.45,0.3,88.3,11,88.1,137,,,,,,,,,,,,,,,,,88.6,85,88.8,100,89.0,5,,,,,,,,,,,,,,
2026-07-01T22:05:42.558735+00:00,2026-07-01T22:05:42.497938,2,2,88.55,0.5,88.3,11,88.1,137,,,,,,,,,,,,,,,,,88.8,100,89.0,5,,,,,,,,,,,,,,,,
2026-07-01T22:05:42.563835+00:00,2026-07-01T22:05:42.563739,2,2,88.65,0.3,88.5,150,88.3,11,,,,,,,,,,,,,,,,,88.8,100,89.0,5,,,,,,,,,,,,,,,,
2026-07-01T22:05:42.664392+00:00,2026-07-01T22:05:42.663825,2,2,88.65,0.3,88.5,150,88.3,11,,,,,,,,,,,,,,,,,88.8,100,89.0,155,,,,,,,,,,,,,,,,
2026-07-01T22:05:42.859145+00:00,2026-07-01T22:05:42.858902,2,2,88.65,0.3,88.5,100,88.3,11,,,,,,,,,,,,,,,,,88.8,100,89.0,155,,,,,,,,,,,,,,,,
2026-07-01T22:05:44.364257+00:00,2026-07-01T22:05:44.364000,1,1,88.75,0.5,88.5,100,,,,,,,,,,,,,,,,,,,89.0,155,,,,,,,,,,,,,,,,,,
2026-07-01T22:05:44.400853+00:00,2026-07-01T22:05:44.400779,2,1,88.75,0.5,88.5,100,88.2,100,,,,,,,,,,,,,,,,,89.0,155,,,,,,,,,,,,,,,,,,
2026-07-01T22:05:44.448324+00:00,2026-07-01T22:05:44.448628,2,2,88.6,0.2,88.5,100,88.2,100,,,,,,,,,,,,,,,,,88.7,100,89.0,155,,,,,,,,,,,,,,,,
2026-07-01T22:05:44.969132+00:00,2026-07-01T22:05:44.969002,2,2,88.6,0.2,88.5,50,88.2,100,,,,,,,,,,,,,,,,,88.7,100,89.0,155,,,,,,,,,,,,,,,,
2026-07-01T22:05:45.593331+00:00,2026-07-01T22:05:45.593218,2,2,88.6,0.2,88.5,50,88.2,100,,,,,,,,,,,,,,,,,88.7,100,89.0,154,,,,,,,,,,,,,,,,
2026-07-01T22:05:45.671810+00:00,2026-07-01T22:05:45.671681,1,2,88.45,0.5,88.2,100,,,,,,,,,,,,,,,,,,,88.7,100,89.0,4,,,,,,,,,,,,,,,,
2026-07-01T22:05:45.726078+00:00,2026-07-01T22:05:45.726157,1,2,88.45,0.5,88.2,250,,,,,,,,,,,,,,,,,,,88.7,100,89.0,4,,,,,,,,,,,,,,,,
2026-07-01T22:05:45.779275+00:00,2026-07-01T22:05:45.779154,1,2,88.45,0.5,88.2,250,,,,,,,,,,,,,,,,,,,88.7,250,89.0,4,,,,,,,,,,,,,,,,
2026-07-01T22:05:46.590178+00:00,2026-07-01T22:05:46.590357,1,2,88.45,0.5,88.2,250,,,,,,,,,,,,,,,,,,,88.7,250,89.0,3,,,,,,,,,,,,,,,,
2026-07-01T22:05:46.606361+00:00,2026-07-01T22:05:46.606211,1,1,88.45,0.5,88.2,250,,,,,,,,,,,,,,,,,,,88.7,250,,,,,,,,,,,,,,,,,,
2026-07-01T22:05:47.096007+00:00,2026-07-01T22:05:47.096129,1,1,88.45,0.5,88.2,250,,,,,,,,,,,,,,,,,,,88.7,202,,,,,,,,,,,,,,,,,,
2026-07-01T22:05:47.510315+00:00,2026-07-01T22:05:47.510486,1,1,88.45,0.5,88.2,150,,,,,,,,,,,,,,,,,,,88.7,150,,,,,,,,,,,,,,,,,,
2026-07-01T22:05:47.564277+00:00,2026-07-01T22:05:47.564210,1,1,88.45,0.5,88.2,250,,,,,,,,,,,,,,,,,,,88.7,150,,,,,,,,,,,,,,,,,,
2026-07-01T22:05:47.616207+00:00,2026-07-01T22:05:47.616085,1,1,88.45,0.5,88.2,250,,,,,,,,,,,,,,,,,,,88.7,250,,,,,,,,,,,,,,,,,,
2026-07-01T22:05:48.832769+00:00,2026-07-01T22:05:48.832920,1,1,88.45,0.5,88.2,100,,,,,,,,,,,,,,,,,,,88.7,100,,,,,,,,,,,,,,,,,,
2026-07-01T22:05:48.886765+00:00,2026-07-01T22:05:48.886971,2,1,88.45,0.5,88.2,100,88.1,150,,,,,,,,,,,,,,,,,88.7,100,,,,,,,,,,,,,,,,,,
2026-07-01T22:05:48.938878+00:00,2026-07-01T22:05:48.939001,3,2,88.55,0.1,88.5,4,88.2,100,88.1,150,,,,,,,,,,,,,,,88.6,150,88.7,100,,,,,,,,,,,,,,,,
2026-07-01T22:05:49.174984+00:00,2026-07-01T22:05:49.174955,2,2,88.4,0.4,88.2,54,88.1,150,,,,,,,,,,,,,,,,,88.6,150,88.7,100,,,,,,,,,,,,,,,,
2026-07-01T22:05:49.623185+00:00,2026-07-01T22:05:49.623085,2,3,88.4,0.4,88.2,54,88.1,150,,,,,,,,,,,,,,,,,88.6,150,88.7,100,88.8,5,,,,,,,,,,,,,,
2026-07-01T22:05:50.669062+00:00,2026-07-01T22:05:50.668955,1,2,88.35,0.5,88.1,150,,,,,,,,,,,,,,,,,,,88.6,150,88.8,5,,,,,,,,,,,,,,,,
2026-07-01T22:05:50.725315+00:00,2026-07-01T22:05:50.725196,2,2,88.4,0.4,88.2,100,88.1,150,,,,,,,,,,,,,,,,,88.6,150,88.8,5,,,,,,,,,,,,,,,,
2026-07-01T22:05:50.777766+00:00,2026-07-01T22:05:50.777561,2,3,88.4,0.4,88.2,100,88.1,150,,,,,,,,,,,,,,,,,88.6,150,88.7,100,88.8,5,,,,,,,,,,,,,,
2026-07-01T22:05:51.283255+00:00,2026-07-01T22:05:51.283101,2,3,88.4,0.4,88.2,50,88.1,150,,,,,,,,,,,,,,,,,88.6,150,88.7,100,88.8,5,,,,,,,,,,,,,,
2026-07-01T22:05:51.993100+00:00,2026-07-01T22:05:51.993078,1,2,88.45,0.5,88.2,50,,,,,,,,,,,,,,,,,,,88.7,100,88.8,5,,,,,,,,,,,,,,,,
2026-07-01T22:05:52.047012+00:00,2026-07-01T22:05:52.046910,2,2,88.45,0.5,88.2,50,88.1,150,,,,,,,,,,,,,,,,,88.7,100,88.8,5,,,,,,,,,,,,,,,,
2026-07-01T22:05:52.100151+00:00,2026-07-01T22:05:52.100084,2,3,88.4,0.4,88.2,50,88.1,150,,,,,,,,,,,,,,,,,88.6,150,88.7,100,88.8,5,,,,,,,,,,,,,,
2026-07-01T22:05:53.670174+00:00,2026-07-01T22:05:53.669984,3,3,88.5,0.2,88.4,2,88.2,50,88.1,150,,,,,,,,,,,,,,,88.6,150,88.7,100,88.8,5,,,,,,,,,,,,,,
2026-07-01T22:05:53.826998+00:00,2026-07-01T22:05:53.826900,3,2,88.5,0.2,88.4,2,88.2,50,88.1,150,,,,,,,,,,,,,,,88.6,150,88.8,5,,,,,,,,,,,,,,,,
2026-07-01T22:05:53.832170+00:00,2026-07-01T22:05:53.832078,2,2,88.5,0.2,88.4,2,88.1,150,,,,,,,,,,,,,,,,,88.6,150,88.8,5,,,,,,,,,,,,,,,,
2026-07-01T22:05:53.885464+00:00,2026-07-01T22:05:53.885231,3,2,88.5,0.2,88.4,2,88.1,150,88.0,100,,,,,,,,,,,,,,,88.6,150,88.8,5,,,,,,,,,,,,,,,,
2026-07-01T22:05:53.938651+00:00,2026-07-01T22:05:53.938565,3,3,88.45,0.1,88.4,2,88.1,150,88.0,100,,,,,,,,,,,,,,,88.5,100,88.6,150,88.8,5,,,,,,,,,,,,,,
2026-07-01T22:05:54.964398+00:00,2026-07-01T22:05:54.964317,2,3,88.3,0.4,88.1,150,88.0,100,,,,,,,,,,,,,,,,,88.5,100,88.6,150,88.8,5,,,,,,,,,,,,,,
2026-07-01T22:05:55.158553+00:00,2026-07-01T22:05:55.155295,1,2,88.25,0.5,88.0,100,,,,,,,,,,,,,,,,,,,88.5,100,88.8,5,,,,,,,,,,,,,,,,
2026-07-01T22:05:55.220561+00:00,2026-07-01T22:05:55.220492,1,2,88.25,0.5,88.0,250,,,,,,,,,,,,,,,,,,,88.5,100,88.8,5,,,,,,,,,,,,,,,,
2026-07-01T22:05:55.272870+00:00,2026-07-01T22:05:55.272730,1,2,88.25,0.5,88.0,250,,,,,,,,,,,,,,,,,,,88.5,250,88.8,5,,,,,,,,,,,,,,,,
2026-07-01T22:05:55.518176+00:00,2026-07-01T22:05:55.518126,1,2,88.25,0.5,88.0,200,,,,,,,,,,,,,,,,,,,88.5,250,88.8,5,,,,,,,,,,,,,,,,
2026-07-01T22:05:55.574530+00:00,2026-07-01T22:05:55.574414,1,2,88.25,0.5,88.0,200,,,,,,,,,,,,,,,,,,,88.5,50,88.8,5,,,,,,,,,,,,,,,,
2026-07-01T22:05:56.992606+00:00,2026-07-01T22:05:56.992718,1,2,88.25,0.5,88.0,150,,,,,,,,,,,,,,,,,,,88.5,50,88.8,5,,,,,,,,,,,,,,,,
2026-07-01T22:05:57.064206+00:00,2026-07-01T22:05:57.064049,1,2,88.25,0.5,88.0,250,,,,,,,,,,,,,,,,,,,88.5,50,88.8,5,,,,,,,,,,,,,,,,
2026-07-01T22:05:57.107366+00:00,2026-07-01T22:05:57.107327,1,2,88.25,0.5,88.0,250,,,,,,,,,,,,,,,,,,,88.5,150,88.8,5,,,,,,,,,,,,,,,,
2026-07-01T22:05:58.325572+00:00,2026-07-01T22:05:58.325488,1,2,88.25,0.5,88.0,100,,,,,,,,,,,,,,,,,,,88.5,100,88.8,5,,,,,,,,,,,,,,,,
2026-07-01T22:05:58.385662+00:00,2026-07-01T22:05:58.385812,2,1,88.65,0.3,88.5,50,88.0,100,,,,,,,,,,,,,,,,,88.8,5,,,,,,,,,,,,,,,,,,
2026-07-01T22:05:58.420462+00:00,2026-07-01T22:05:58.420379,2,1,88.65,0.3,88.5,5,88.0,100,,,,,,,,,,,,,,,,,88.8,5,,,,,,,,,,,,,,,,,,
2026-07-01T22:05:58.440576+00:00,2026-07-01T22:05:58.440507,2,2,88.65,0.3,88.5,5,88.0,100,,,,,,,,,,,,,,,,,88.8,5,89.0,150,,,,,,,,,,,,,,,,
2026-07-01T22:05:58.935466+00:00,2026-07-01T22:05:58.935383,2,1,88.75,0.5,88.5,5,88.0,100,,,,,,,,,,,,,,,,,89.0,150,,,,,,,,,,,,,,,,,,
2026-07-01T22:06:00.163884+00:00,2026-07-01T22:06:00.163791,1,1,88.75,0.5,88.5,5,,,,,,,,,,,,,,,,,,,89.0,150,,,,,,,,,,,,,,,,,,
2026-07-01T22:06:00.216751+00:00,2026-07-01T22:06:00.216681,1,1,88.75,0.5,88.5,105,,,,,,,,,,,,,,,,,,,89.0,150,,,,,,,,,,,,,,,,,,
2026-07-01T22:06:00.270172+00:00,2026-07-01T22:06:00.270093,1,1,88.75,0.5,88.5,105,,,,,,,,,,,,,,,,,,,89.0,250,,,,,,,,,,,,,,,,,,
2026-07-01T22:06:01.496558+00:00,2026-07-01T22:06:01.496725,1,1,88.75,0.5,88.5,100,,,,,,,,,,,,,,,,,,,89.0,100,,,,,,,,,,,,,,,,,,
2026-07-01T22:06:01.550422+00:00,2026-07-01T22:06:01.550384,2,1,88.75,0.5,88.5,100,87.9,150,,,,,,,,,,,,,,,,,89.0,100,,,,,,,,,,,,,,,,,,
2026-07-01T22:06:01.601776+00:00,2026-07-01T22:06:01.601641,1,2,88.15,0.5,87.9,150,,,,,,,,,,,,,,,,,,,88.4,50,89.0,100,,,,,,,,,,,,,,,,
2026-07-01T22:06:01.779046+00:00,2026-07-01T22:06:01.778953,1,1,88.45,1.1,87.9,150,,,,,,,,,,,,,,,,,,,89.0,100,,,,,,,,,,,,,,,,,,
2026-07-01T22:06:01.868690+00:00,2026-07-01T22:06:01.868854,2,1,88.7,0.6,88.4,4,87.9,150,,,,,,,,,,,,,,,,,89.0,100,,,,,,,,,,,,,,,,,,
2026-07-01T22:06:01.999122+00:00,2026-07-01T22:06:01.998983,2,2,88.55,0.3,88.4,4,87.9,150,,,,,,,,,,,,,,,,,88.7,2,89.0,100,,,,,,,,,,,,,,,,
2026-07-01T22:06:02.994759+00:00,2026-07-01T22:06:02.994961,2,2,88.55,0.3,88.4,3,87.9,150,,,,,,,,,,,,,,,,,88.7,2,89.0,100,,,,,,,,,,,,,,,,
2026-07-01T22:06:03.325954+00:00,2026-07-01T22:06:03.326088,2,1,88.55,0.3,88.4,3,87.9,150,,,,,,,,,,,,,,,,,88.7,2,,,,,,,,,,,,,,,,,,
2026-07-01T22:06:03.379212+00:00,2026-07-01T22:06:03.379121,2,1,88.55,0.3,88.4,103,87.9,150,,,,,,,,,,,,,,,,,88.7,2,,,,,,,,,,,,,,,,,,
2026-07-01T22:06:03.428442+00:00,2026-07-01T22:06:03.428389,2,2,88.55,0.3,88.4,103,87.9,150,,,,,,,,,,,,,,,,,88.7,2,88.9,100,,,,,,,,,,,,,,,,
2026-07-01T22:06:03.865520+00:00,2026-07-01T22:06:03.865451,2,2,88.55,0.3,88.4,102,87.9,150,,,,,,,,,,,,,,,,,88.7,2,88.9,100,,,,,,,,,,,,,,,,
2026-07-01T22:06:03.887987+00:00,2026-07-01T22:06:03.888190,2,1,88.65,0.5,88.4,102,87.9,150,,,,,,,,,,,,,,,,,88.9,52,,,,,,,,,,,,,,,,,,
2026-07-01T22:06:04.022619+00:00,2026-07-01T22:06:04.022508,2,2,88.55,0.3,88.4,102,87.9,150,,,,,,,,,,,,,,,,,88.7,6,88.9,52,,,,,,,,,,,,,,,,
2026-07-01T22:06:04.658604+00:00,2026-07-01T22:06:04.652805,1,2,88.55,0.3,88.4,102,,,,,,,,,,,,,,,,,,,88.7,6,88.9,52,,,,,,,,,,,,,,,,
2026-07-01T22:06:04.710129+00:00,2026-07-01T22:06:04.709986,2,1,88.8,0.2,88.7,144,88.4,102,,,,,,,,,,,,,,,,,88.9,52,,,,,,,,,,,,,,,,,,
2026-07-01T22:06:04.764150+00:00,2026-07-01T22:06:04.764033,2,2,88.8,0.2,88.7,144,88.4,102,,,,,,,,,,,,,,,,,88.9,52,89.2,150,,,,,,,,,,,,,,,,
2026-07-01T22:06:06.488071+00:00,2026-07-01T22:06:06.487938,2,1,88.95,0.5,88.7,144,88.4,2,,,,,,,,,,,,,,,,,89.2,150,,,,,,,,,,,,,,,,,,
2026-07-01T22:06:06.558637+00:00,2026-07-01T22:06:06.543247,3,1,88.95,0.5,88.7,144,88.5,100,88.4,2,,,,,,,,,,,,,,,89.2,150,,,,,,,,,,,,,,,,,,
2026-07-01T22:06:06.596406+00:00,2026-07-01T22:06:06.596257,3,2,88.85,0.3,88.7,144,88.5,100,88.4,2,,,,,,,,,,,,,,,89.0,100,89.2,150,,,,,,,,,,,,,,,,
2026-07-01T22:06:07.091144+00:00,2026-07-01T22:06:07.091008,3,3,88.75,0.1,88.7,144,88.5,100,88.4,2,,,,,,,,,,,,,,,88.8,3,89.0,100,89.2,150,,,,,,,,,,,,,,
2026-07-01T22:06:07.817105+00:00,2026-07-01T22:06:07.817046,3,2,88.75,0.1,88.7,144,88.5,100,88.4,2,,,,,,,,,,,,,,,88.8,3,89.0,100,,,,,,,,,,,,,,,,
2026-07-01T22:06:07.822252+00:00,2026-07-01T22:06:07.822198,2,2,88.65,0.3,88.5,100,88.4,2,,,,,,,,,,,,,,,,,88.8,3,89.0,100,,,,,,,,,,,,,,,,
2026-07-01T22:06:07.870823+00:00,2026-07-01T22:06:07.870975,3,1,88.9,0.2,88.8,147,88.5,100,88.4,2,,,,,,,,,,,,,,,89.0,100,,,,,,,,,,,,,,,,,,
2026-07-01T22:06:07.958631+00:00,2026-07-01T22:06:07.946151,3,2,88.9,0.2,88.8,147,88.5,100,88.4,2,,,,,,,,,,,,,,,89.0,100,89.3,150,,,,,,,,,,,,,,,,
2026-07-01T22:06:08.105894+00:00,2026-07-01T22:06:08.105768,3,2,88.9,0.2,88.8,147,88.5,100,88.4,2,,,,,,,,,,,,,,,89.0,50,89.3,150,,,,,,,,,,,,,,,,
2026-07-01T22:06:08.197153+00:00,2026-07-01T22:06:08.197065,2,2,88.9,0.2,88.8,147,88.5,100,,,,,,,,,,,,,,,,,89.0,50,89.3,150,,,,,,,,,,,,,,,,
2026-07-01T22:06:08.383087+00:00,2026-07-01T22:06:08.383043,3,2,88.9,0.2,88.8,147,88.6,5,88.5,100,,,,,,,,,,,,,,,89.0,50,89.3,150,,,,,,,,,,,,,,,,
2026-07-01T22:06:08.513952+00:00,2026-07-01T22:06:08.514087,3,2,88.9,0.2,88.8,147,88.6,5,88.5,100,,,,,,,,,,,,,,,89.0,7,89.3,150,,,,,,,,,,,,,,,,
2026-07-01T22:06:09.658831+00:00,2026-07-01T22:06:09.658698,2,1,89.05,0.5,88.8,147,88.6,5,,,,,,,,,,,,,,,,,89.3,150,,,,,,,,,,,,,,,,,,
2026-07-01T22:06:09.706414+00:00,2026-07-01T22:06:09.706305,3,1,89.15,0.3,89.0,100,88.8,147,88.6,5,,,,,,,,,,,,,,,89.3,150,,,,,,,,,,,,,,,,,,
2026-07-01T22:06:09.764433+00:00,2026-07-01T22:06:09.764211,3,2,89.15,0.3,89.0,100,88.8,147,88.6,5,,,,,,,,,,,,,,,89.3,150,89.5,100,,,,,,,,,,,,,,,,
2026-07-01T22:06:10.120727+00:00,2026-07-01T22:06:10.120660,3,2,89.15,0.3,89.0,100,88.8,147,88.6,4,,,,,,,,,,,,,,,89.3,150,89.5,100,,,,,,,,,,,,,,,,
2026-07-01T22:06:10.221973+00:00,2026-07-01T22:06:10.221822,3,2,89.15,0.3,89.0,100,88.8,147,88.6,4,,,,,,,,,,,,,,,89.3,100,89.5,100,,,,,,,,,,,,,,,,
2026-07-01T22:06:11.006427+00:00,2026-07-01T22:06:11.006354,2,1,89.25,0.5,89.0,100,88.6,4,,,,,,,,,,,,,,,,,89.5,100,,,,,,,,,,,,,,,,,,
2026-07-01T22:06:11.063975+00:00,2026-07-01T22:06:11.063755,3,1,89.25,0.5,89.0,100,88.9,150,88.6,4,,,,,,,,,,,,,,,89.5,100,,,,,,,,,,,,,,,,,,
2026-07-01T22:06:11.115167+00:00,2026-07-01T22:06:11.115135,3,2,89.2,0.4,89.0,100,88.9,150,88.6,4,,,,,,,,,,,,,,,89.4,150,89.5,100,,,,,,,,,,,,,,,,
2026-07-01T22:06:11.699981+00:00,2026-07-01T22:06:11.699905,3,2,89.2,0.4,89.0,100,88.9,150,88.6,4,,,,,,,,,,,,,,,89.4,101,89.5,100,,,,,,,,,,,,,,,,
2026-07-01T22:06:12.169501+00:00,2026-07-01T22:06:12.168956,3,2,89.2,0.4,89.0,97,88.9,150,88.6,4,,,,,,,,,,,,,,,89.4,101,89.5,100,,,,,,,,,,,,,,,,
2026-07-01T22:06:12.721623+00:00,2026-07-01T22:06:12.721539,3,2,89.2,0.4,89.0,55,88.9,150,88.6,4,,,,,,,,,,,,,,,89.4,101,89.5,100,,,,,,,,,,,,,,,,
2026-07-01T22:06:12.822889+00:00,2026-07-01T22:06:12.822798,2,1,89.15,0.5,88.9,150,88.6,4,,,,,,,,,,,,,,,,,89.4,101,,,,,,,,,,,,,,,,,,
2026-07-01T22:06:12.876648+00:00,2026-07-01T22:06:12.876619,3,1,89.15,0.5,88.9,150,88.8,100,88.6,4,,,,,,,,,,,,,,,89.4,101,,,,,,,,,,,,,,,,,,
2026-07-01T22:06:12.925494+00:00,2026-07-01T22:06:12.925420,3,2,89.1,0.4,88.9,150,88.8,100,88.6,4,,,,,,,,,,,,,,,89.3,100,89.4,101,,,,,,,,,,,,,,,,
2026-07-01T22:06:13.844943+00:00,2026-07-01T22:06:13.844815,2,2,89.1,0.4,88.9,150,88.8,100,,,,,,,,,,,,,,,,,89.3,60,89.4,101,,,,,,,,,,,,,,,,
2026-07-01T22:06:14.168792+00:00,2026-07-01T22:06:14.169045,2,3,89.0,0.2,88.9,150,88.8,105,,,,,,,,,,,,,,,,,89.1,2,89.3,60,89.4,101,,,,,,,,,,,,,,
2026-07-01T22:06:14.180358+00:00,2026-07-01T22:06:14.180243,1,2,88.95,0.3,88.8,105,,,,,,,,,,,,,,,,,,,89.1,2,89.3,60,,,,,,,,,,,,,,,,
2026-07-01T22:06:14.233995+00:00,2026-07-01T22:06:14.234149,2,1,89.2,0.2,89.1,148,88.8,105,,,,,,,,,,,,,,,,,89.3,60,,,,,,,,,,,,,,,,,,
2026-07-01T22:06:14.244300+00:00,2026-07-01T22:06:14.237991,2,1,89.2,0.2,89.1,145,88.8,105,,,,,,,,,,,,,,,,,89.3,60,,,,,,,,,,,,,,,,,,
2026-07-01T22:06:14.282914+00:00,2026-07-01T22:06:14.282857,2,1,89.2,0.2,89.1,143,88.8,105,,,,,,,,,,,,,,,,,89.3,60,,,,,,,,,,,,,,,,,,
2026-07-01T22:06:14.293383+00:00,2026-07-01T22:06:14.293276,2,2,89.2,0.2,89.1,143,88.8,105,,,,,,,,,,,,,,,,,89.3,60,89.6,150,,,,,,,,,,,,,,,,
2026-07-01T22:06:14.342013+00:00,2026-07-01T22:06:14.341907,2,2,89.2,0.2,89.1,141,88.8,105,,,,,,,,,,,,,,,,,89.3,60,89.6,150,,,,,,,,,,,,,,,,
2026-07-01T22:06:15.201971+00:00,2026-07-01T22:06:15.201874,2,2,89.2,0.2,89.1,141,88.8,102,,,,,,,,,,,,,,,,,89.3,60,89.6,150,,,,,,,,,,,,,,,,
2026-07-01T22:06:15.426807+00:00,2026-07-01T22:06:15.426664,2,2,89.2,0.2,89.1,137,88.8,102,,,,,,,,,,,,,,,,,89.3,60,89.6,150,,,,,,,,,,,,,,,,
2026-07-01T22:06:15.983202+00:00,2026-07-01T22:06:15.983130,2,1,89.35,0.5,89.1,137,88.8,2,,,,,,,,,,,,,,,,,89.6,150,,,,,,,,,,,,,,,,,,
2026-07-01T22:06:16.037354+00:00,2026-07-01T22:06:16.037321,2,1,89.35,0.5,89.1,137,88.8,102,,,,,,,,,,,,,,,,,89.6,150,,,,,,,,,,,,,,,,,,
2026-07-01T22:06:16.089450+00:00,2026-07-01T22:06:16.089383,2,2,89.2,0.2,89.1,137,88.8,102,,,,,,,,,,,,,,,,,89.3,100,89.6,150,,,,,,,,,,,,,,,,
2026-07-01T22:06:16.245085+00:00,2026-07-01T22:06:16.244990,2,3,89.15,0.1,89.1,137,88.8,102,,,,,,,,,,,,,,,,,89.2,2,89.3,100,89.6,150,,,,,,,,,,,,,,
2026-07-01T22:06:16.553473+00:00,2026-07-01T22:06:16.541528,1,3,89.0,0.4,88.8,102,,,,,,,,,,,,,,,,,,,89.2,2,89.3,100,89.6,150,,,,,,,,,,,,,,
2026-07-01T22:06:17.344911+00:00,2026-07-01T22:06:17.344808,1,2,89.0,0.4,88.8,102,,,,,,,,,,,,,,,,,,,89.2,2,89.3,100,,,,,,,,,,,,,,,,
2026-07-01T22:06:17.399068+00:00,2026-07-01T22:06:17.398936,2,2,89.0,0.4,88.8,102,88.4,150,,,,,,,,,,,,,,,,,89.2,2,89.3,100,,,,,,,,,,,,,,,,
2026-07-01T22:06:17.473086+00:00,2026-07-01T22:06:17.467363,2,3,88.85,0.1,88.8,102,88.4,150,,,,,,,,,,,,,,,,,88.9,148,89.2,2,89.3,100,,,,,,,,,,,,,,
2026-07-01T22:06:19.143543+00:00,2026-07-01T22:06:19.143437,2,2,88.85,0.1,88.8,2,88.4,150,,,,,,,,,,,,,,,,,88.9,148,89.2,2,,,,,,,,,,,,,,,,
2026-07-01T22:06:19.197620+00:00,2026-07-01T22:06:19.197509,2,2,88.85,0.1,88.8,102,88.4,150,,,,,,,,,,,,,,,,,88.9,148,89.2,2,,,,,,,,,,,,,,,,
2026-07-01T22:06:19.251573+00:00,2026-07-01T22:06:19.251488,2,3,88.85,0.1,88.8,102,88.4,150,,,,,,,,,,,,,,,,,88.9,148,89.2,2,89.3,100,,,,,,,,,,,,,,
2026-07-01T22:06:19.725678+00:00,2026-07-01T22:06:19.725804,2,3,88.85,0.1,88.8,102,88.4,150,,,,,,,,,,,,,,,,,88.9,148,89.2,1,89.3,100,,,,,,,,,,,,,,
2026-07-01T22:06:20.206751+00:00,2026-07-01T22:06:20.200167,2,3,88.85,0.1,88.8,102,88.4,150,,,,,,,,,,,,,,,,,88.9,147,89.2,1,89.3,100,,,,,,,,,,,,,,
2026-07-01T22:06:20.506468+00:00,2026-07-01T22:06:20.506335,1,2,89.0,0.4,88.8,102,,,,,,,,,,,,,,,,,,,89.2,1,89.3,100,,,,,,,,,,,,,,,,
2026-07-01T22:06:20.563638+00:00,2026-07-01T22:06:20.563731,2,2,89.0,0.4,88.8,102,88.7,150,,,,,,,,,,,,,,,,,89.2,1,89.3,100,,,,,,,,,,,,,,,,
2026-07-01T22:06:20.609924+00:00,2026-07-01T22:06:20.609890,2,2,89.0,0.4,88.8,102,88.7,150,,,,,,,,,,,,,,,,,89.2,151,89.3,100,,,,,,,,,,,,,,,,
2026-07-01T22:06:20.776083+00:00,2026-07-01T22:06:20.776176,2,2,89.0,0.4,88.8,102,88.7,150,,,,,,,,,,,,,,,,,89.2,150,89.3,100,,,,,,,,,,,,,,,,
2026-07-01T22:06:20.803863+00:00,2026-07-01T22:06:20.804059,2,2,89.0,0.4,88.8,52,88.7,150,,,,,,,,,,,,,,,,,89.2,150,89.3,100,,,,,,,,,,,,,,,,
2026-07-01T22:06:20.923616+00:00,2026-07-01T22:06:20.923745,3,2,89.05,0.3,88.9,5,88.8,52,88.7,150,,,,,,,,,,,,,,,89.2,150,89.3,100,,,,,,,,,,,,,,,,
2026-07-01T22:06:21.394667+00:00,2026-07-01T22:06:21.394541,2,2,89.0,0.4,88.8,15,88.7,150,,,,,,,,,,,,,,,,,89.2,150,89.3,100,,,,,,,,,,,,,,,,
2026-07-01T22:06:22.058868+00:00,2026-07-01T22:06:22.058739,2,2,89.0,0.4,88.8,15,88.7,150,,,,,,,,,,,,,,,,,89.2,110,89.3,100,,,,,,,,,,,,,,,,
2026-07-01T22:06:22.102516+00:00,2026-07-01T22:06:22.102750,1,2,88.95,0.5,88.7,121,,,,,,,,,,,,,,,,,,,89.2,110,89.3,100,,,,,,,,,,,,,,,,
2026-07-01T22:06:22.305726+00:00,2026-07-01T22:06:22.305684,1,1,88.95,0.5,88.7,121,,,,,,,,,,,,,,,,,,,89.2,110,,,,,,,,,,,,,,,,,,
2026-07-01T22:06:22.358600+00:00,2026-07-01T22:06:22.354302,2,1,88.95,0.5,88.7,121,88.6,100,,,,,,,,,,,,,,,,,89.2,110,,,,,,,,,,,,,,,,,,
2026-07-01T22:06:22.408479+00:00,2026-07-01T22:06:22.408599,2,2,88.9,0.4,88.7,121,88.6,100,,,,,,,,,,,,,,,,,89.1,100,89.2,110,,,,,,,,,,,,,,,,
2026-07-01T22:06:22.912465+00:00,2026-07-01T22:06:22.912338,2,2,88.9,0.4,88.7,71,88.6,100,,,,,,,,,,,,,,,,,89.1,100,89.2,110,,,,,,,,,,,,,,,,
2026-07-01T22:06:23.628958+00:00,2026-07-01T22:06:23.628820,2,2,88.9,0.4,88.7,71,88.6,100,,,,,,,,,,,,,,,,,89.1,51,89.2,110,,,,,,,,,,,,,,,,
2026-07-01T22:06:23.674783+00:00,2026-07-01T22:06:23.674653,1,1,88.85,0.5,88.6,100,,,,,,,,,,,,,,,,,,,89.1,51,,,,,,,,,,,,,,,,,,
2026-07-01T22:06:23.727723+00:00,2026-07-01T22:06:23.727676,2,1,88.85,0.5,88.6,100,88.2,150,,,,,,,,,,,,,,,,,89.1,51,,,,,,,,,,,,,,,,,,
2026-07-01T22:06:23.780967+00:00,2026-07-01T22:06:23.780873,2,2,88.65,0.1,88.6,100,88.2,150,,,,,,,,,,,,,,,,,88.7,150,89.1,51,,,,,,,,,,,,,,,,
2026-07-01T22:06:23.874047+00:00,2026-07-01T22:06:23.873964,2,2,88.65,0.1,88.6,100,88.2,150,,,,,,,,,,,,,,,,,88.7,150,89.1,55,,,,,,,,,,,,,,,,
2026-07-01T22:06:25.322318+00:00,2026-07-01T22:06:25.322208,2,2,88.65,0.1,88.6,57,88.2,150,,,,,,,,,,,,,,,,,88.7,150,89.1,55,,,,,,,,,,,,,,,,
2026-07-01T22:06:25.479784+00:00,2026-07-01T22:06:25.479764,1,2,88.45,0.5,88.2,150,,,,,,,,,,,,,,,,,,,88.7,150,89.1,4,,,,,,,,,,,,,,,,
2026-07-01T22:06:25.535758+00:00,2026-07-01T22:06:25.535644,2,2,88.6,0.2,88.5,100,88.2,150,,,,,,,,,,,,,,,,,88.7,150,89.1,4,,,,,,,,,,,,,,,,
2026-07-01T22:06:25.591246+00:00,2026-07-01T22:06:25.591189,2,3,88.6,0.2,88.5,100,88.2,150,,,,,,,,,,,,,,,,,88.7,150,89.0,100,89.1,4,,,,,,,,,,,,,,
2026-07-01T22:06:26.836761+00:00,2026-07-01T22:06:26.836684,1,2,88.75,0.5,88.5,100,,,,,,,,,,,,,,,,,,,89.0,100,89.1,4,,,,,,,,,,,,,,,,
2026-07-01T22:06:26.891936+00:00,2026-07-01T22:06:26.891794,2,2,88.75,0.5,88.5,100,88.3,150,,,,,,,,,,,,,,,,,89.0,100,89.1,4,,,,,,,,,,,,,,,,
2026-07-01T22:06:26.942105+00:00,2026-07-01T22:06:26.941974,2,3,88.65,0.3,88.5,100,88.3,150,,,,,,,,,,,,,,,,,88.8,150,89.0,100,89.1,4,,,,,,,,,,,,,,
2026-07-01T22:06:26.968977+00:00,2026-07-01T22:06:26.968822,2,3,88.65,0.3,88.5,55,88.3,150,,,,,,,,,,,,,,,,,88.8,150,89.0,100,89.1,4,,,,,,,,,,,,,,
2026-07-01T22:06:27.121945+00:00,2026-07-01T22:06:27.121889,2,3,88.65,0.3,88.5,5,88.3,150,,,,,,,,,,,,,,,,,88.8,150,89.0,100,89.1,4,,,,,,,,,,,,,,
2026-07-01T22:06:27.675263+00:00,2026-07-01T22:06:27.675130,2,3,88.65,0.3,88.5,5,88.3,150,,,,,,,,,,,,,,,,,88.8,149,89.0,100,89.1,4,,,,,,,,,,,,,,
2026-07-01T22:06:28.011260+00:00,2026-07-01T22:06:28.011122,2,3,88.65,0.3,88.5,5,88.3,150,,,,,,,,,,,,,,,,,88.8,148,89.0,100,89.1,4,,,,,,,,,,,,,,
2026-07-01T22:06:28.058677+00:00,2026-07-01T22:06:28.039354,3,3,88.75,0.1,88.7,1,88.5,5,88.3,150,,,,,,,,,,,,,,,88.8,148,89.0,100,89.1,4,,,,,,,,,,,,,,
2026-07-01T22:06:28.158674+00:00,2026-07-01T22:06:28.141577,3,3,88.75,0.1,88.7,1,88.5,5,88.3,150,,,,,,,,,,,,,,,88.8,105,89.0,100,89.1,4,,,,,,,,,,,,,,
2026-07-01T22:06:28.645984+00:00,2026-07-01T22:06:28.646131,2,2,88.75,0.1,88.7,1,88.3,150,,,,,,,,,,,,,,,,,88.8,105,89.1,4,,,,,,,,,,,,,,,,
2026-07-01T22:06:28.700916+00:00,2026-07-01T22:06:28.700695,3,2,88.75,0.1,88.7,1,88.3,150,88.2,100,,,,,,,,,,,,,,,88.8,105,89.1,4,,,,,,,,,,,,,,,,
2026-07-01T22:06:28.758669+00:00,2026-07-01T22:06:28.746757,2,3,88.5,0.4,88.3,150,88.2,100,,,,,,,,,,,,,,,,,88.7,99,88.8,105,89.1,4,,,,,,,,,,,,,,
2026-07-01T22:06:28.843692+00:00,2026-07-01T22:06:28.843826,2,3,88.5,0.4,88.3,150,88.2,100,,,,,,,,,,,,,,,,,88.7,98,88.8,105,89.1,4,,,,,,,,,,,,,,
2026-07-01T22:06:28.951896+00:00,2026-07-01T22:06:28.952126,2,3,88.5,0.4,88.3,150,88.2,100,,,,,,,,,,,,,,,,,88.7,96,88.8,105,89.1,4,,,,,,,,,,,,,,
2026-07-01T22:06:28.986749+00:00,2026-07-01T22:06:28.986677,2,3,88.5,0.4,88.3,150,88.2,100,,,,,,,,,,,,,,,,,88.7,95,88.8,105,89.1,4,,,,,,,,,,,,,,
2026-07-01T22:06:29.015138+00:00,2026-07-01T22:06:29.015026,2,3,88.5,0.4,88.3,150,88.2,100,,,,,,,,,,,,,,,,,88.7,94,88.8,105,89.1,4,,,,,,,,,,,,,,
2026-07-01T22:06:29.048504+00:00,2026-07-01T22:06:29.058658,2,3,88.5,0.4,88.3,150,88.2,100,,,,,,,,,,,,,,,,,88.7,93,88.8,105,89.1,4,,,,,,,,,,,,,,
2026-07-01T22:06:29.644474+00:00,2026-07-01T22:06:29.637987,2,2,88.55,0.5,88.3,150,88.2,100,,,,,,,,,,,,,,,,,88.8,105,89.1,4,,,,,,,,,,,,,,,,
2026-07-01T22:06:29.677813+00:00,2026-07-01T22:06:29.677987,2,2,88.55,0.5,88.3,150,88.2,100,,,,,,,,,,,,,,,,,88.8,61,89.1,4,,,,,,,,,,,,,,,,
2026-07-01T22:06:29.775162+00:00,2026-07-01T22:06:29.775008,3,2,88.75,0.1,88.7,1,88.3,150,88.2,100,,,,,,,,,,,,,,,88.8,61,89.1,4,,,,,,,,,,,,,,,,
2026-07-01T22:06:29.997939+00:00,2026-07-01T22:06:29.998066,2,1,88.9,0.4,88.7,1,88.2,100,,,,,,,,,,,,,,,,,89.1,4,,,,,,,,,,,,,,,,,,
2026-07-01T22:06:30.063629+00:00,2026-07-01T22:06:30.063715,3,1,89.0,0.2,88.9,150,88.7,1,88.2,100,,,,,,,,,,,,,,,89.1,4,,,,,,,,,,,,,,,,,,
2026-07-01T22:06:30.110096+00:00,2026-07-01T22:06:30.109987,3,2,89.0,0.2,88.9,150,88.7,1,88.2,100,,,,,,,,,,,,,,,89.1,4,89.4,150,,,,,,,,,,,,,,,,
2026-07-01T22:06:30.691331+00:00,2026-07-01T22:06:30.691188,3,1,89.15,0.5,88.9,150,88.7,1,88.2,100,,,,,,,,,,,,,,,89.4,112,,,,,,,,,,,,,,,,,,
2026-07-01T22:06:30.718629+00:00,2026-07-01T22:06:30.718505,3,2,88.95,0.1,88.9,150,88.7,1,88.2,100,,,,,,,,,,,,,,,89.0,9,89.4,112,,,,,,,,,,,,,,,,
2026-07-01T22:06:31.195384+00:00,2026-07-01T22:06:31.195298,2,1,89.15,0.5,88.9,150,88.2,100,,,,,,,,,,,,,,,,,89.4,112,,,,,,,,,,,,,,,,,,
2026-07-01T22:06:31.334975+00:00,2026-07-01T22:06:31.334912,2,1,89.15,0.5,88.9,100,88.2,100,,,,,,,,,,,,,,,,,89.4,112,,,,,,,,,,,,,,,,,,
2026-07-01T22:06:31.809958+00:00,2026-07-01T22:06:31.809878,1,1,89.15,0.5,88.9,100,,,,,,,,,,,,,,,,,,,89.4,112,,,,,,,,,,,,,,,,,,
2026-07-01T22:06:31.858633+00:00,2026-07-01T22:06:31.857507,2,1,89.15,0.5,88.9,100,88.7,100,,,,,,,,,,,,,,,,,89.4,112,,,,,,,,,,,,,,,,,,
2026-07-01T22:06:31.915542+00:00,2026-07-01T22:06:31.915425,2,2,89.05,0.3,88.9,100,88.7,100,,,,,,,,,,,,,,,,,89.2,100,89.4,112,,,,,,,,,,,,,,,,
2026-07-01T22:06:32.624212+00:00,2026-07-01T22:06:32.624145,2,2,89.05,0.3,88.9,55,88.7,100,,,,,,,,,,,,,,,,,89.2,100,89.4,112,,,,,,,,,,,,,,,,
2026-07-01T22:06:33.131576+00:00,2026-07-01T22:06:33.131501,2,2,89.05,0.3,88.9,55,88.7,100,,,,,,,,,,,,,,,,,89.2,56,89.4,112,,,,,,,,,,,,,,,,
2026-07-01T22:06:33.158890+00:00,2026-07-01T22:06:33.158724,1,1,88.95,0.5,88.7,100,,,,,,,,,,,,,,,,,,,89.2,56,,,,,,,,,,,,,,,,,,
2026-07-01T22:06:33.229678+00:00,2026-07-01T22:06:33.229641,2,1,88.95,0.5,88.7,100,88.4,150,,,,,,,,,,,,,,,,,89.2,56,,,,,,,,,,,,,,,,,,
2026-07-01T22:06:33.284301+00:00,2026-07-01T22:06:33.284228,2,2,88.8,0.2,88.7,100,88.4,150,,,,,,,,,,,,,,,,,88.9,150,89.2,56,,,,,,,,,,,,,,,,
2026-07-01T22:06:33.458604+00:00,2026-07-01T22:06:33.443260,2,2,88.8,0.2,88.7,50,88.4,150,,,,,,,,,,,,,,,,,88.9,150,89.2,56,,,,,,,,,,,,,,,,
2026-07-01T22:06:34.970485+00:00,2026-07-01T22:06:34.970378,1,1,88.65,0.5,88.4,150,,,,,,,,,,,,,,,,,,,88.9,150,,,,,,,,,,,,,,,,,,
2026-07-01T22:06:35.021650+00:00,2026-07-01T22:06:35.021520,2,1,88.75,0.3,88.6,100,88.4,150,,,,,,,,,,,,,,,,,88.9,150,,,,,,,,,,,,,,,,,,
2026-07-01T22:06:35.074031+00:00,2026-07-01T22:06:35.073938,2,2,88.75,0.3,88.6,100,88.4,150,,,,,,,,,,,,,,,,,88.9,150,89.1,100,,,,,,,,,,,,,,,,
2026-07-01T22:06:35.558599+00:00,2026-07-01T22:06:35.552543,2,2,88.75,0.3,88.6,50,88.4,150,,,,,,,,,,,,,,,,,88.9,150,89.1,100,,,,,,,,,,,,,,,,
2026-07-01T22:06:36.340901+00:00,2026-07-01T22:06:36.340859,1,2,88.8,0.4,88.6,50,,,,,,,,,,,,,,,,,,,89.0,27,89.1,100,,,,,,,,,,,,,,,,
2026-07-01T22:06:36.358556+00:00,2026-07-01T22:06:36.351093,2,2,88.85,0.3,88.7,8,88.6,50,,,,,,,,,,,,,,,,,89.0,27,89.1,100,,,,,,,,,,,,,,,,
2026-07-01T22:06:36.394693+00:00,2026-07-01T22:06:36.394575,2,2,88.85,0.3,88.7,8,88.6,200,,,,,,,,,,,,,,,,,89.0,27,89.1,100,,,,,,,,,,,,,,,,
2026-07-01T22:06:36.458629+00:00,2026-07-01T22:06:36.447854,2,2,88.85,0.3,88.7,8,88.6,200,,,,,,,,,,,,,,,,,89.0,27,89.1,250,,,,,,,,,,,,,,,,
2026-07-01T22:06:37.158592+00:00,2026-07-01T22:06:37.151988,2,2,88.85,0.3,88.7,8,88.6,200,,,,,,,,,,,,,,,,,89.0,5,89.1,250,,,,,,,,,,,,,,,,
2026-07-01T22:06:37.213401+00:00,2026-07-01T22:06:37.213329,2,2,88.85,0.3,88.7,4,88.6,200,,,,,,,,,,,,,,,,,89.0,3,89.1,250,,,,,,,,,,,,,,,,
2026-07-01T22:06:37.364030+00:00,2026-07-01T22:06:37.363786,2,2,88.85,0.3,88.7,4,88.6,200,,,,,,,,,,,,,,,,,89.0,2,89.1,250,,,,,,,,,,,,,,,,
2026-07-01T22:06:37.679664+00:00,2026-07-01T22:06:37.679624,1,2,88.8,0.4,88.6,154,,,,,,,,,,,,,,,,,,,89.0,2,89.1,250,,,,,,,,,,,,,,,,
2026-07-01T22:06:38.127106+00:00,2026-07-01T22:06:38.127007,1,2,88.8,0.4,88.6,154,,,,,,,,,,,,,,,,,,,89.0,2,89.1,150,,,,,,,,,,,,,,,,
2026-07-01T22:06:38.132296+00:00,2026-07-01T22:06:38.132162,1,2,88.8,0.4,88.6,150,,,,,,,,,,,,,,,,,,,89.0,2,89.1,150,,,,,,,,,,,,,,,,
2026-07-01T22:06:38.184507+00:00,2026-07-01T22:06:38.184296,2,2,88.8,0.4,88.6,150,88.3,100,,,,,,,,,,,,,,,,,89.0,2,89.1,150,,,,,,,,,,,,,,,,
2026-07-01T22:06:38.236759+00:00,2026-07-01T22:06:38.236590,2,3,88.7,0.2,88.6,150,88.3,100,,,,,,,,,,,,,,,,,88.8,100,89.0,2,89.1,150,,,,,,,,,,,,,,
2026-07-01T22:06:39.501625+00:00,2026-07-01T22:06:39.501747,1,2,88.55,0.5,88.3,100,,,,,,,,,,,,,,,,,,,88.8,100,89.0,2,,,,,,,,,,,,,,,,
2026-07-01T22:06:39.554673+00:00,2026-07-01T22:06:39.554813,2,2,88.7,0.2,88.6,150,88.3,100,,,,,,,,,,,,,,,,,88.8,100,89.0,2,,,,,,,,,,,,,,,,
2026-07-01T22:06:39.608064+00:00,2026-07-01T22:06:39.607901,2,3,88.7,0.2,88.6,150,88.3,100,,,,,,,,,,,,,,,,,88.8,100,89.0,2,89.1,150,,,,,,,,,,,,,,
2026-07-01T22:06:39.791281+00:00,2026-07-01T22:06:39.791230,2,3,88.7,0.2,88.6,100,88.3,100,,,,,,,,,,,,,,,,,88.8,100,89.0,2,89.1,150,,,,,,,,,,,,,,
2026-07-01T22:06:41.291103+00:00,2026-07-01T22:06:41.290950,1,2,88.8,0.4,88.6,100,,,,,,,,,,,,,,,,,,,89.0,2,89.1,150,,,,,,,,,,,,,,,,
2026-07-01T22:06:41.341468+00:00,2026-07-01T22:06:41.341437,2,2,88.8,0.4,88.6,100,88.4,100,,,,,,,,,,,,,,,,,89.0,2,89.1,150,,,,,,,,,,,,,,,,
2026-07-01T22:06:41.398697+00:00,2026-07-01T22:06:41.398384,2,3,88.75,0.3,88.6,100,88.4,100,,,,,,,,,,,,,,,,,88.9,100,89.0,2,89.1,150,,,,,,,,,,,,,,
2026-07-01T22:06:41.896798+00:00,2026-07-01T22:06:41.896971,2,3,88.75,0.3,88.6,50,88.4,100,,,,,,,,,,,,,,,,,88.9,100,89.0,2,89.1,150,,,,,,,,,,,,,,
2026-07-01T22:06:42.658570+00:00,2026-07-01T22:06:42.657113,1,2,88.65,0.5,88.4,100,,,,,,,,,,,,,,,,,,,88.9,100,89.0,2,,,,,,,,,,,,,,,,
2026-07-01T22:06:42.720934+00:00,2026-07-01T22:06:42.721037,2,2,88.65,0.5,88.4,100,88.1,150,,,,,,,,,,,,,,,,,88.9,100,89.0,2,,,,,,,,,,,,,,,,
2026-07-01T22:06:42.784033+00:00,2026-07-01T22:06:42.777671,2,3,88.5,0.2,88.4,100,88.1,150,,,,,,,,,,,,,,,,,88.6,148,88.9,100,89.0,2,,,,,,,,,,,,,,
2026-07-01T22:06:43.242131+00:00,2026-07-01T22:06:43.241978,2,3,88.5,0.2,88.4,100,88.1,150,,,,,,,,,,,,,,,,,88.6,144,88.9,100,89.0,2,,,,,,,,,,,,,,
2026-07-01T22:06:43.558848+00:00,2026-07-01T22:06:43.558744,2,3,88.5,0.2,88.4,100,88.1,150,,,,,,,,,,,,,,,,,88.6,140,88.9,100,89.0,2,,,,,,,,,,,,,,
2026-07-01T22:06:44.006986+00:00,2026-07-01T22:06:43.999726,2,3,88.5,0.2,88.4,50,88.1,150,,,,,,,,,,,,,,,,,88.6,140,88.9,100,89.0,2,,,,,,,,,,,,,,
2026-07-01T22:06:44.268681+00:00,2026-07-01T22:06:44.268980,2,3,88.5,0.2,88.4,50,88.1,150,,,,,,,,,,,,,,,,,88.6,136,88.9,100,89.0,2,,,,,,,,,,,,,,
2026-07-01T22:06:44.458651+00:00,2026-07-01T22:06:44.446015,1,2,88.35,0.5,88.1,150,,,,,,,,,,,,,,,,,,,88.6,136,89.0,2,,,,,,,,,,,,,,,,
2026-07-01T22:06:44.482607+00:00,2026-07-01T22:06:44.482500,1,2,88.35,0.5,88.1,150,,,,,,,,,,,,,,,,,,,88.6,132,89.0,2,,,,,,,,,,,,,,,,
2026-07-01T22:06:44.503373+00:00,2026-07-01T22:06:44.503329,2,2,88.4,0.4,88.2,100,88.1,150,,,,,,,,,,,,,,,,,88.6,132,89.0,2,,,,,,,,,,,,,,,,
2026-07-01T22:06:44.533523+00:00,2026-07-01T22:06:44.549150,2,3,88.4,0.4,88.2,100,88.1,150,,,,,,,,,,,,,,,,,88.6,132,88.7,100,89.0,2,,,,,,,,,,,,,,
2026-07-01T22:06:45.827524+00:00,2026-07-01T22:06:45.827402,1,2,88.45,0.5,88.2,100,,,,,,,,,,,,,,,,,,,88.7,100,89.0,2,,,,,,,,,,,,,,,,
2026-07-01T22:06:45.881661+00:00,2026-07-01T22:06:45.881538,1,2,88.45,0.5,88.2,250,,,,,,,,,,,,,,,,,,,88.7,100,89.0,2,,,,,,,,,,,,,,,,
2026-07-01T22:06:45.934500+00:00,2026-07-01T22:06:45.934425,1,2,88.45,0.5,88.2,250,,,,,,,,,,,,,,,,,,,88.7,250,89.0,2,,,,,,,,,,,,,,,,
2026-07-01T22:06:46.130354+00:00,2026-07-01T22:06:46.130451,1,2,88.45,0.5,88.2,200,,,,,,,,,,,,,,,,,,,88.7,250,89.0,2,,,,,,,,,,,,,,,,
2026-07-01T22:06:47.611129+00:00,2026-07-01T22:06:47.611336,1,2,88.45,0.5,88.2,150,,,,,,,,,,,,,,,,,,,88.7,150,89.0,2,,,,,,,,,,,,,,,,
2026-07-01T22:06:47.616670+00:00,2026-07-01T22:06:47.616529,1,1,88.45,0.5,88.2,150,,,,,,,,,,,,,,,,,,,88.7,150,,,,,,,,,,,,,,,,,,
2026-07-01T22:06:47.663649+00:00,2026-07-01T22:06:47.663836,2,1,88.45,0.5,88.2,150,88.0,100,,,,,,,,,,,,,,,,,88.7,150,,,,,,,,,,,,,,,,,,
2026-07-01T22:06:47.724124+00:00,2026-07-01T22:06:47.719437,2,2,88.35,0.3,88.2,150,88.0,100,,,,,,,,,,,,,,,,,88.5,91,88.7,150,,,,,,,,,,,,,,,,
2026-07-01T22:06:48.024187+00:00,2026-07-01T22:06:48.017851,2,2,88.35,0.3,88.2,150,88.0,100,,,,,,,,,,,,,,,,,88.5,79,88.7,150,,,,,,,,,,,,,,,,
2026-07-01T22:06:48.234382+00:00,2026-07-01T22:06:48.234266,2,2,88.35,0.3,88.2,100,88.0,100,,,,,,,,,,,,,,,,,88.5,79,88.7,150,,,,,,,,,,,,,,,,
2026-07-01T22:06:48.413336+00:00,2026-07-01T22:06:48.413254,2,3,88.35,0.3,88.2,100,88.0,100,,,,,,,,,,,,,,,,,88.5,79,88.7,150,88.8,9,,,,,,,,,,,,,,
2026-07-01T22:06:48.481084+00:00,2026-07-01T22:06:48.480981,2,3,88.35,0.3,88.2,100,88.0,100,,,,,,,,,,,,,,,,,88.5,33,88.7,150,88.8,9,,,,,,,,,,,,,,
2026-07-01T22:06:48.989611+00:00,2026-07-01T22:06:48.989510,1,2,88.25,0.5,88.0,100,,,,,,,,,,,,,,,,,,,88.5,33,88.8,9,,,,,,,,,,,,,,,,
2026-07-01T22:06:49.043571+00:00,2026-07-01T22:06:49.043512,2,2,88.3,0.4,88.1,150,88.0,100,,,,,,,,,,,,,,,,,88.5,33,88.8,9,,,,,,,,,,,,,,,,
2026-07-01T22:06:49.094712+00:00,2026-07-01T22:06:49.094604,2,3,88.3,0.4,88.1,150,88.0,100,,,,,,,,,,,,,,,,,88.5,33,88.6,150,88.8,9,,,,,,,,,,,,,,
2026-07-01T22:06:50.210875+00:00,2026-07-01T22:06:50.210791,2,3,88.3,0.4,88.1,107,88.0,100,,,,,,,,,,,,,,,,,88.5,33,88.6,150,88.8,9,,,,,,,,,,,,,,
2026-07-01T22:06:50.358684+00:00,2026-07-01T22:06:50.342865,2,3,88.3,0.4,88.1,57,88.0,100,,,,,,,,,,,,,,,,,88.5,33,88.6,150,88.8,9,,,,,,,,,,,,,,
2026-07-01T22:06:50.774528+00:00,2026-07-01T22:06:50.774464,1,2,88.35,0.5,88.1,57,,,,,,,,,,,,,,,,,,,88.6,150,88.8,9,,,,,,,,,,,,,,,,
2026-07-01T22:06:50.828010+00:00,2026-07-01T22:06:50.827971,2,2,88.4,0.4,88.2,100,88.1,57,,,,,,,,,,,,,,,,,88.6,150,88.8,9,,,,,,,,,,,,,,,,
2026-07-01T22:06:50.838425+00:00,2026-07-01T22:06:50.838397,2,2,88.4,0.4,88.2,100,88.1,57,,,,,,,,,,,,,,,,,88.6,107,88.8,9,,,,,,,,,,,,,,,,
2026-07-01T22:06:50.882266+00:00,2026-07-01T22:06:50.882141,2,3,88.4,0.4,88.2,100,88.1,57,,,,,,,,,,,,,,,,,88.6,107,88.7,100,88.8,9,,,,,,,,,,,,,,
2026-07-01T22:06:52.142497+00:00,2026-07-01T22:06:52.142757,1,2,88.45,0.5,88.2,100,,,,,,,,,,,,,,,,,,,88.7,100,88.8,9,,,,,,,,,,,,,,,,
2026-07-01T22:06:52.201713+00:00,2026-07-01T22:06:52.201891,2,2,88.45,0.5,88.2,100,87.7,150,,,,,,,,,,,,,,,,,88.7,100,88.8,9,,,,,,,,,,,,,,,,
2026-07-01T22:06:52.273529+00:00,2026-07-01T22:06:52.267420,1,3,87.95,0.5,87.7,150,,,,,,,,,,,,,,,,,,,88.2,41,88.7,100,88.8,9,,,,,,,,,,,,,,
2026-07-01T22:06:52.448149+00:00,2026-07-01T22:06:52.448118,1,3,87.95,0.5,87.7,100,,,,,,,,,,,,,,,,,,,88.2,41,88.7,100,88.8,9,,,,,,,,,,,,,,
2026-07-01T22:06:52.482655+00:00,2026-07-01T22:06:52.482595,1,2,88.2,1.0,87.7,100,,,,,,,,,,,,,,,,,,,88.7,100,88.8,9,,,,,,,,,,,,,,,,
2026-07-01T22:06:52.685681+00:00,2026-07-01T22:06:52.679113,1,2,88.2,1.0,87.7,100,,,,,,,,,,,,,,,,,,,88.7,100,88.8,9,,,,,,,,,,,,,,,,
2026-07-01T22:06:53.940406+00:00,2026-07-01T22:06:53.940600,1,1,88.25,1.1,87.7,100,,,,,,,,,,,,,,,,,,,88.8,9,,,,,,,,,,,,,,,,,,
2026-07-01T22:06:53.995547+00:00,2026-07-01T22:06:53.995443,2,1,88.3,1.0,87.8,100,87.7,100,,,,,,,,,,,,,,,,,88.8,9,,,,,,,,,,,,,,,,,,
2026-07-01T22:06:54.045092+00:00,2026-07-01T22:06:54.044967,2,2,88.05,0.5,87.8,100,87.7,100,,,,,,,,,,,,,,,,,88.3,100,88.8,9,,,,,,,,,,,,,,,,
2026-07-01T22:06:54.057948+00:00,2026-07-01T22:06:54.058101,2,2,88.05,0.5,87.8,60,87.7,100,,,,,,,,,,,,,,,,,88.3,100,88.8,9,,,,,,,,,,,,,,,,
2026-07-01T22:06:54.564496+00:00,2026-07-01T22:06:54.564442,1,1,88.0,0.6,87.7,64,,,,,,,,,,,,,,,,,,,88.3,100,,,,,,,,,,,,,,,,,,
2026-07-01T22:06:54.718887+00:00,2026-07-01T22:06:54.718786,1,2,88.0,0.6,87.7,64,,,,,,,,,,,,,,,,,,,88.3,100,88.6,12,,,,,,,,,,,,,,,,
2026-07-01T22:06:55.315629+00:00,2026-07-01T22:06:55.315547,0,2,,,,,,,,,,,,,,,,,,,,,,,88.3,100,88.6,12,,,,,,,,,,,,,,,,
2026-07-01T22:06:55.358833+00:00,2026-07-01T22:06:55.358712,1,2,88.15,0.3,88.0,150,,,,,,,,,,,,,,,,,,,88.3,100,88.6,12,,,,,,,,,,,,,,,,
2026-07-01T22:06:55.421892+00:00,2026-07-01T22:06:55.421837,1,3,88.15,0.3,88.0,150,,,,,,,,,,,,,,,,,,,88.3,100,88.5,150,88.6,12,,,,,,,,,,,,,,
2026-07-01T22:06:55.888547+00:00,2026-07-01T22:06:55.881403,1,3,88.15,0.3,88.0,150,,,,,,,,,,,,,,,,,,,88.3,90,88.5,150,88.6,12,,,,,,,,,,,,,,
2026-07-01T22:06:56.675618+00:00,2026-07-01T22:06:56.675506,1,3,88.15,0.3,88.0,100,,,,,,,,,,,,,,,,,,,88.3,90,88.5,150,88.6,12,,,,,,,,,,,,,,
2026-07-01T22:06:57.101519+00:00,2026-07-01T22:06:57.101389,1,2,88.25,0.5,88.0,100,,,,,,,,,,,,,,,,,,,88.5,150,88.6,12,,,,,,,,,,,,,,,,
2026-07-01T22:06:57.158629+00:00,2026-07-01T22:06:57.154172,2,2,88.25,0.5,88.0,100,87.7,100,,,,,,,,,,,,,,,,,88.5,150,88.6,12,,,,,,,,,,,,,,,,
2026-07-01T22:06:57.218496+00:00,2026-07-01T22:06:57.211932,2,3,88.1,0.2,88.0,100,87.7,100,,,,,,,,,,,,,,,,,88.2,78,88.5,150,88.6,12,,,,,,,,,,,,,,
2026-07-01T22:06:57.778681+00:00,2026-07-01T22:06:57.773195,2,3,88.1,0.2,88.0,99,87.7,100,,,,,,,,,,,,,,,,,88.2,78,88.5,150,88.6,12,,,,,,,,,,,,,,
2026-07-01T22:06:58.144038+00:00,2026-07-01T22:06:58.143977,2,3,88.1,0.2,88.0,56,87.7,100,,,,,,,,,,,,,,,,,88.2,78,88.5,150,88.6,12,,,,,,,,,,,,,,
2026-07-01T22:06:58.478757+00:00,2026-07-01T22:06:58.478661,1,2,87.95,0.5,87.7,100,,,,,,,,,,,,,,,,,,,88.2,78,88.6,12,,,,,,,,,,,,,,,,
2026-07-01T22:06:58.533340+00:00,2026-07-01T22:06:58.533215,2,2,87.95,0.5,87.7,100,87.6,150,,,,,,,,,,,,,,,,,88.2,78,88.6,12,,,,,,,,,,,,,,,,
2026-07-01T22:06:58.585462+00:00,2026-07-01T22:06:58.585598,2,3,87.9,0.4,87.7,100,87.6,150,,,,,,,,,,,,,,,,,88.1,150,88.2,78,88.6,12,,,,,,,,,,,,,,
2026-07-01T22:06:58.790378+00:00,2026-07-01T22:06:58.790326,2,3,87.9,0.4,87.7,50,87.6,150,,,,,,,,,,,,,,,,,88.1,150,88.2,78,88.6,12,,,,,,,,,,,,,,
2026-07-01T22:07:00.264065+00:00,2026-07-01T22:07:00.264040,1,2,87.85,0.5,87.6,150,,,,,,,,,,,,,,,,,,,88.1,150,88.6,12,,,,,,,,,,,,,,,,
2026-07-01T22:07:00.314367+00:00,2026-07-01T22:07:00.314289,2,2,87.85,0.5,87.6,150,87.4,100,,,,,,,,,,,,,,,,,88.1,150,88.6,12,,,,,,,,,,,,,,,,
2026-07-01T22:07:00.369039+00:00,2026-07-01T22:07:00.369155,2,3,87.75,0.3,87.6,150,87.4,100,,,,,,,,,,,,,,,,,87.9,100,88.1,150,88.6,12,,,,,,,,,,,,,,
2026-07-01T22:07:00.384968+00:00,2026-07-01T22:07:00.385123,2,3,87.75,0.3,87.6,150,87.4,100,,,,,,,,,,,,,,,,,87.9,100,88.1,150,88.6,10,,,,,,,,,,,,,,
2026-07-01T22:07:00.897402+00:00,2026-07-01T22:07:00.897234,2,3,87.75,0.3,87.6,100,87.4,100,,,,,,,,,,,,,,,,,87.9,100,88.1,150,88.6,10,,,,,,,,,,,,,,
2026-07-01T22:07:00.902521+00:00,2026-07-01T22:07:00.902449,2,2,87.75,0.3,87.6,100,87.4,100,,,,,,,,,,,,,,,,,87.9,100,88.1,150,,,,,,,,,,,,,,,,
2026-07-01T22:07:00.958589+00:00,2026-07-01T22:07:00.941839,2,2,87.75,0.3,87.6,100,87.4,100,,,,,,,,,,,,,,,,,87.9,60,88.1,150,,,,,,,,,,,,,,,,
2026-07-01T22:07:01.020527+00:00,2026-07-01T22:07:01.020389,2,3,87.75,0.3,87.6,100,87.4,100,,,,,,,,,,,,,,,,,87.9,60,88.1,150,88.4,10,,,,,,,,,,,,,,
2026-07-01T22:07:01.125573+00:00,2026-07-01T22:07:01.118016,2,3,87.75,0.3,87.6,100,87.4,100,,,,,,,,,,,,,,,,,87.9,40,88.1,150,88.4,10,,,,,,,,,,,,,,
2026-07-01T22:07:01.205930+00:00,2026-07-01T22:07:01.205848,2,3,87.75,0.3,87.6,100,87.4,100,,,,,,,,,,,,,,,,,87.9,39,88.1,150,88.4,10,,,,,,,,,,,,,,
2026-07-01T22:07:01.458652+00:00,2026-07-01T22:07:01.442194,2,3,87.75,0.3,87.6,100,87.4,100,,,,,,,,,,,,,,,,,87.9,38,88.1,150,88.4,10,,,,,,,,,,,,,,
2026-07-01T22:07:01.636317+00:00,2026-07-01T22:07:01.636579,1,2,87.65,0.5,87.4,100,,,,,,,,,,,,,,,,,,,87.9,38,88.4,10,,,,,,,,,,,,,,,,
2026-07-01T22:07:01.694996+00:00,2026-07-01T22:07:01.694897,2,2,87.75,0.3,87.6,150,87.4,100,,,,,,,,,,,,,,,,,87.9,38,88.4,10,,,,,,,,,,,,,,,,
2026-07-01T22:07:01.758611+00:00,2026-07-01T22:07:01.747901,2,3,87.75,0.3,87.6,150,87.4,100,,,,,,,,,,,,,,,,,87.9,38,88.1,150,88.4,10,,,,,,,,,,,,,,
2026-07-01T22:07:01.911738+00:00,2026-07-01T22:07:01.911817,2,3,87.75,0.3,87.6,150,87.4,100,,,,,,,,,,,,,,,,,87.9,37,88.1,150,88.4,10,,,,,,,,,,,,,,
2026-07-01T22:07:01.943007+00:00,2026-07-01T22:07:01.942955,2,3,87.75,0.3,87.6,150,87.4,100,,,,,,,,,,,,,,,,,87.9,36,88.1,150,88.4,10,,,,,,,,,,,,,,
2026-07-01T22:07:02.038325+00:00,2026-07-01T22:07:02.038179,2,3,87.75,0.3,87.6,150,87.4,100,,,,,,,,,,,,,,,,,87.9,35,88.1,150,88.4,10,,,,,,,,,,,,,,
2026-07-01T22:07:02.120493+00:00,2026-07-01T22:07:02.120383,2,3,87.75,0.3,87.6,150,87.4,100,,,,,,,,,,,,,,,,,87.9,34,88.1,150,88.4,10,,,,,,,,,,,,,,
2026-07-01T22:07:03.027401+00:00,2026-07-01T22:07:03.027280,2,3,87.75,0.3,87.6,100,87.4,100,,,,,,,,,,,,,,,,,87.9,34,88.1,150,88.4,10,,,,,,,,,,,,,,
2026-07-01T22:07:03.424380+00:00,2026-07-01T22:07:03.424533,1,2,87.85,0.5,87.6,100,,,,,,,,,,,,,,,,,,,88.1,150,88.4,10,,,,,,,,,,,,,,,,
2026-07-01T22:07:03.480668+00:00,2026-07-01T22:07:03.480571,2,2,87.9,0.4,87.7,100,87.6,100,,,,,,,,,,,,,,,,,88.1,150,88.4,10,,,,,,,,,,,,,,,,
2026-07-01T22:07:03.533995+00:00,2026-07-01T22:07:03.534148,2,3,87.9,0.4,87.7,100,87.6,100,,,,,,,,,,,,,,,,,88.1,150,88.2,100,88.4,10,,,,,,,,,,,,,,
2026-07-01T22:07:03.994571+00:00,2026-07-01T22:07:03.994741,3,3,88.05,0.1,88.0,1,87.7,100,87.6,100,,,,,,,,,,,,,,,88.1,150,88.2,100,88.4,10,,,,,,,,,,,,,,
2026-07-01T22:07:04.004052+00:00,2026-07-01T22:07:03.998054,2,3,87.9,0.4,87.7,100,87.6,100,,,,,,,,,,,,,,,,,88.1,150,88.2,100,88.4,10,,,,,,,,,,,,,,
2026-07-01T22:07:04.109547+00:00,2026-07-01T22:07:04.102219,2,3,87.9,0.4,87.7,100,87.6,100,,,,,,,,,,,,,,,,,88.1,150,88.2,100,88.4,10,,,,,,,,,,,,,,
2026-07-01T22:07:04.258550+00:00,2026-07-01T22:07:04.246011,3,3,88.05,0.1,88.0,1,87.7,100,87.6,100,,,,,,,,,,,,,,,88.1,150,88.2,100,88.4,10,,,,,,,,,,,,,,
2026-07-01T22:07:04.271501+00:00,2026-07-01T22:07:04.262753,2,3,87.9,0.4,87.7,100,87.6,100,,,,,,,,,,,,,,,,,88.1,150,88.2,100,88.4,10,,,,,,,,,,,,,,
2026-07-01T22:07:04.386846+00:00,2026-07-01T22:07:04.381203,2,3,87.9,0.4,87.7,100,87.6,100,,,,,,,,,,,,,,,,,88.1,150,88.2,100,88.4,10,,,,,,,,,,,,,,
2026-07-01T22:07:04.463829+00:00,2026-07-01T22:07:04.458732,2,3,87.9,0.4,87.7,100,87.6,100,,,,,,,,,,,,,,,,,88.1,150,88.2,100,88.4,10,,,,,,,,,,,,,,
2026-07-01T22:07:04.522556+00:00,2026-07-01T22:07:04.516572,2,3,87.9,0.4,87.7,100,87.6,100,,,,,,,,,,,,,,,,,88.1,150,88.2,100,88.4,10,,,,,,,,,,,,,,
2026-07-01T22:07:04.801574+00:00,2026-07-01T22:07:04.801511,1,2,87.95,0.5,87.7,100,,,,,,,,,,,,,,,,,,,88.2,100,88.4,10,,,,,,,,,,,,,,,,
2026-07-01T22:07:04.858645+00:00,2026-07-01T22:07:04.846084,2,2,87.95,0.5,87.7,100,87.3,150,,,,,,,,,,,,,,,,,88.2,100,88.4,10,,,,,,,,,,,,,,,,
2026-07-01T22:07:04.920696+00:00,2026-07-01T22:07:04.913863,2,3,87.75,0.1,87.7,100,87.3,150,,,,,,,,,,,,,,,,,87.8,147,88.2,100,88.4,10,,,,,,,,,,,,,,
2026-07-01T22:07:04.994979+00:00,2026-07-01T22:07:04.995143,2,3,87.75,0.1,87.7,100,87.3,150,,,,,,,,,,,,,,,,,87.8,147,88.2,100,88.4,5,,,,,,,,,,,,,,
2026-07-01T22:07:05.145936+00:00,2026-07-01T22:07:05.145822,2,3,87.75,0.1,87.7,50,87.3,150,,,,,,,,,,,,,,,,,87.8,147,88.2,100,88.4,5,,,,,,,,,,,,,,
2026-07-01T22:07:05.211049+00:00,2026-07-01T22:07:05.211012,2,3,87.75,0.1,87.7,50,87.3,150,,,,,,,,,,,,,,,,,87.8,147,88.2,100,88.4,3,,,,,,,,,,,,,,
2026-07-01T22:07:05.391440+00:00,2026-07-01T22:07:05.391295,2,3,87.75,0.1,87.7,50,87.3,150,,,,,,,,,,,,,,,,,87.8,147,88.2,100,88.4,2,,,,,,,,,,,,,,
2026-07-01T22:07:06.158662+00:00,2026-07-01T22:07:06.147803,2,3,87.75,0.1,87.7,50,87.3,150,,,,,,,,,,,,,,,,,87.8,147,88.2,100,88.4,1,,,,,,,,,,,,,,
2026-07-01T22:07:06.258622+00:00,2026-07-01T22:07:06.253731,2,2,87.75,0.1,87.7,50,87.3,150,,,,,,,,,,,,,,,,,87.8,147,88.2,100,,,,,,,,,,,,,,,,
2026-07-01T22:07:06.269004+00:00,2026-07-01T22:07:06.268849,2,2,87.75,0.1,87.7,50,87.3,150,,,,,,,,,,,,,,,,,87.8,142,88.2,100,,,,,,,,,,,,,,,,
2026-07-01T22:07:06.379870+00:00,2026-07-01T22:07:06.372995,2,2,87.75,0.1,87.7,50,87.3,150,,,,,,,,,,,,,,,,,87.8,132,88.2,100,,,,,,,,,,,,,,,,
2026-07-01T22:07:06.514041+00:00,2026-07-01T22:07:06.513900,2,2,87.75,0.1,87.7,50,87.3,150,,,,,,,,,,,,,,,,,87.8,127,88.2,100,,,,,,,,,,,,,,,,
2026-07-01T22:07:06.583909+00:00,2026-07-01T22:07:06.583861,2,1,87.75,0.1,87.7,50,87.3,150,,,,,,,,,,,,,,,,,87.8,127,,,,,,,,,,,,,,,,,,
2026-07-01T22:07:06.589052+00:00,2026-07-01T22:07:06.589022,1,1,87.55,0.5,87.3,150,,,,,,,,,,,,,,,,,,,87.8,127,,,,,,,,,,,,,,,,,,
2026-07-01T22:07:06.658554+00:00,2026-07-01T22:07:06.645417,2,1,87.75,0.1,87.7,100,87.3,150,,,,,,,,,,,,,,,,,87.8,127,,,,,,,,,,,,,,,,,,
2026-07-01T22:07:06.704588+00:00,2026-07-01T22:07:06.704502,2,2,87.75,0.1,87.7,100,87.3,150,,,,,,,,,,,,,,,,,87.8,127,88.2,100,,,,,,,,,,,,,,,,
2026-07-01T22:07:07.044473+00:00,2026-07-01T22:07:07.044856,2,2,87.75,0.1,87.7,100,87.3,150,,,,,,,,,,,,,,,,,87.8,122,88.2,100,,,,,,,,,,,,,,,,
2026-07-01T22:07:07.169772+00:00,2026-07-01T22:07:07.169614,2,2,87.75,0.1,87.7,100,87.3,150,,,,,,,,,,,,,,,,,87.8,117,88.2,100,,,,,,,,,,,,,,,,
2026-07-01T22:07:07.269428+00:00,2026-07-01T22:07:07.269243,2,2,87.75,0.1,87.7,50,87.3,150,,,,,,,,,,,,,,,,,87.8,117,88.2,100,,,,,,,,,,,,,,,,
2026-07-01T22:07:07.274645+00:00,2026-07-01T22:07:07.274450,2,2,87.75,0.1,87.7,50,87.3,150,,,,,,,,,,,,,,,,,87.8,112,88.2,100,,,,,,,,,,,,,,,,
2026-07-01T22:07:07.279826+00:00,2026-07-01T22:07:07.279695,2,2,87.75,0.1,87.7,50,87.3,150,,,,,,,,,,,,,,,,,87.8,112,88.2,101,,,,,,,,,,,,,,,,
2026-07-01T22:07:07.544908+00:00,2026-07-01T22:07:07.545011,2,2,87.75,0.1,87.7,50,87.3,150,,,,,,,,,,,,,,,,,87.8,107,88.2,101,,,,,,,,,,,,,,,,
2026-07-01T22:07:07.958606+00:00,2026-07-01T22:07:07.957904,1,1,87.95,0.5,87.7,50,,,,,,,,,,,,,,,,,,,88.2,101,,,,,,,,,,,,,,,,,,
2026-07-01T22:07:08.016511+00:00,2026-07-01T22:07:08.016321,2,1,87.95,0.5,87.7,50,87.5,150,,,,,,,,,,,,,,,,,88.2,101,,,,,,,,,,,,,,,,,,
2026-07-01T22:07:08.076263+00:00,2026-07-01T22:07:08.076392,2,2,87.85,0.3,87.7,50,87.5,150,,,,,,,,,,,,,,,,,88.0,150,88.2,101,,,,,,,,,,,,,,,,
2026-07-01T22:07:08.189420+00:00,2026-07-01T22:07:08.189228,2,2,87.85,0.3,87.7,50,87.5,150,,,,,,,,,,,,,,,,,88.0,107,88.2,101,,,,,,,,,,,,,,,,
2026-07-01T22:07:08.669047+00:00,2026-07-01T22:07:08.668805,2,2,87.85,0.3,87.7,50,87.5,150,,,,,,,,,,,,,,,,,88.0,65,88.2,101,,,,,,,,,,,,,,,,
2026-07-01T22:07:09.210277+00:00,2026-07-01T22:07:09.210253,3,2,87.95,0.1,87.9,5,87.7,50,87.5,150,,,,,,,,,,,,,,,88.0,65,88.2,101,,,,,,,,,,,,,,,,
2026-07-01T22:07:09.222131+00:00,2026-07-01T22:07:09.215430,2,2,87.85,0.3,87.7,50,87.5,150,,,,,,,,,,,,,,,,,88.0,65,88.2,101,,,,,,,,,,,,,,,,
2026-07-01T22:07:09.322634+00:00,2026-07-01T22:07:09.322586,2,2,87.85,0.3,87.7,50,87.5,150,,,,,,,,,,,,,,,,,88.0,15,88.2,101,,,,,,,,,,,,,,,,
2026-07-01T22:07:09.584697+00:00,2026-07-01T22:07:09.584651,3,2,87.9,0.2,87.8,5,87.7,50,87.5,150,,,,,,,,,,,,,,,88.0,15,88.2,101,,,,,,,,,,,,,,,,
2026-07-01T22:07:09.763636+00:00,2026-07-01T22:07:09.763803,2,2,87.9,0.2,87.8,5,87.5,150,,,,,,,,,,,,,,,,,88.0,15,88.2,1,,,,,,,,,,,,,,,,
2026-07-01T22:07:09.816899+00:00,2026-07-01T22:07:09.816806,3,2,87.9,0.2,87.8,5,87.5,150,87.4,100,,,,,,,,,,,,,,,88.0,15,88.2,1,,,,,,,,,,,,,,,,
2026-07-01T22:07:09.869645+00:00,2026-07-01T22:07:09.869507,3,3,87.85,0.1,87.8,5,87.5,150,87.4,100,,,,,,,,,,,,,,,87.9,100,88.0,15,88.2,1,,,,,,,,,,,,,,
2026-07-01T22:07:10.758634+00:00,2026-07-01T22:07:10.750047,2,3,87.7,0.4,87.5,112,87.4,100,,,,,,,,,,,,,,,,,87.9,100,88.0,15,88.2,1,,,,,,,,,,,,,,
2026-07-01T22:07:10.813608+00:00,2026-07-01T22:07:10.813706,3,3,87.85,0.1,87.8,5,87.5,112,87.4,100,,,,,,,,,,,,,,,87.9,100,88.0,15,88.2,1,,,,,,,,,,,,,,
2026-07-01T22:07:11.129270+00:00,2026-07-01T22:07:11.129118,2,2,87.85,0.1,87.8,5,87.4,100,,,,,,,,,,,,,,,,,87.9,100,88.2,1,,,,,,,,,,,,,,,,
2026-07-01T22:07:11.181720+00:00,2026-07-01T22:07:11.181599,3,1,88.05,0.3,87.9,50,87.8,5,87.4,100,,,,,,,,,,,,,,,88.2,1,,,,,,,,,,,,,,,,,,
2026-07-01T22:07:11.258731+00:00,2026-07-01T22:07:11.233316,3,2,88.05,0.3,87.9,50,87.8,5,87.4,100,,,,,,,,,,,,,,,88.2,1,88.4,150,,,,,,,,,,,,,,,,
2026-07-01T22:07:11.437133+00:00,2026-07-01T22:07:11.437261,3,1,88.15,0.5,87.9,50,87.8,5,87.4,100,,,,,,,,,,,,,,,88.4,101,,,,,,,,,,,,,,,,,,
2026-07-01T22:07:12.291634+00:00,2026-07-01T22:07:12.291465,3,2,88.0,0.2,87.9,50,87.8,5,87.4,100,,,,,,,,,,,,,,,88.1,1,88.4,101,,,,,,,,,,,,,,,,
2026-07-01T22:07:12.920205+00:00,2026-07-01T22:07:12.920124,2,2,88.0,0.2,87.9,50,87.8,5,,,,,,,,,,,,,,,,,88.1,1,88.4,101,,,,,,,,,,,,,,,,
2026-07-01T22:07:12.977720+00:00,2026-07-01T22:07:12.977831,2,2,88.0,0.2,87.9,150,87.8,5,,,,,,,,,,,,,,,,,88.1,1,88.4,101,,,,,,,,,,,,,,,,
2026-07-01T22:07:13.026702+00:00,2026-07-01T22:07:13.026617,2,2,88.0,0.2,87.9,150,87.8,5,,,,,,,,,,,,,,,,,88.1,1,88.4,201,,,,,,,,,,,,,,,,
2026-07-01T22:07:13.558665+00:00,2026-07-01T22:07:13.541438,2,1,88.15,0.5,87.9,150,87.8,5,,,,,,,,,,,,,,,,,88.4,152,,,,,,,,,,,,,,,,,,
2026-07-01T22:07:14.242604+00:00,2026-07-01T22:07:14.236300,2,1,88.15,0.5,87.9,148,87.8,5,,,,,,,,,,,,,,,,,88.4,152,,,,,,,,,,,,,,,,,,
2026-07-01T22:07:14.290539+00:00,2026-07-01T22:07:14.290800,2,1,88.15,0.5,87.9,148,87.8,4,,,,,,,,,,,,,,,,,88.4,152,,,,,,,,,,,,,,,,,,
2026-07-01T22:07:14.296126+00:00,2026-07-01T22:07:14.296000,2,1,88.15,0.5,87.9,100,87.8,4,,,,,,,,,,,,,,,,,88.4,100,,,,,,,,,,,,,,,,,,
2026-07-01T22:07:14.301341+00:00,2026-07-01T22:07:14.301232,2,1,88.15,0.5,87.9,100,87.8,4,,,,,,,,,,,,,,,,,88.4,54,,,,,,,,,,,,,,,,,,
2026-07-01T22:07:14.358599+00:00,2026-07-01T22:07:14.349219,2,1,88.15,0.5,87.9,201,87.8,4,,,,,,,,,,,,,,,,,88.4,54,,,,,,,,,,,,,,,,,,
2026-07-01T22:07:14.405456+00:00,2026-07-01T22:07:14.405390,2,1,88.15,0.5,87.9,201,87.8,4,,,,,,,,,,,,,,,,,88.4,204,,,,,,,,,,,,,,,,,,
2026-07-01T22:07:14.439261+00:00,2026-07-01T22:07:14.439215,2,2,88.0,0.2,87.9,201,87.8,4,,,,,,,,,,,,,,,,,88.1,3,88.4,204,,,,,,,,,,,,,,,,
2026-07-01T22:07:14.713684+00:00,2026-07-01T22:07:14.706299,2,2,88.0,0.2,87.9,190,87.8,4,,,,,,,,,,,,,,,,,88.1,3,88.4,204,,,,,,,,,,,,,,,,
2026-07-01T22:07:15.187016+00:00,2026-07-01T22:07:15.179988,2,2,88.0,0.2,87.9,189,87.8,4,,,,,,,,,,,,,,,,,88.1,3,88.4,204,,,,,,,,,,,,,,,,
2026-07-01T22:07:15.202609+00:00,2026-07-01T22:07:15.202454,2,1,88.15,0.5,87.9,189,87.8,4,,,,,,,,,,,,,,,,,88.4,204,,,,,,,,,,,,,,,,,,
2026-07-01T22:07:15.296964+00:00,2026-07-01T22:07:15.297064,2,2,88.05,0.3,87.9,189,87.8,4,,,,,,,,,,,,,,,,,88.2,3,88.4,204,,,,,,,,,,,,,,,,
2026-07-01T22:07:15.532901+00:00,2026-07-01T22:07:15.533050,2,1,88.15,0.5,87.9,189,87.8,4,,,,,,,,,,,,,,,,,88.4,165,,,,,,,,,,,,,,,,,,
2026-07-01T22:07:15.585823+00:00,2026-07-01T22:07:15.585744,2,2,88.05,0.3,87.9,189,87.8,4,,,,,,,,,,,,,,,,,88.2,2,88.4,165,,,,,,,,,,,,,,,,
2026-07-01T22:07:15.654883+00:00,2026-07-01T22:07:15.655049,2,1,88.15,0.5,87.9,189,87.8,4,,,,,,,,,,,,,,,,,88.4,117,,,,,,,,,,,,,,,,,,
2026-07-01T22:07:15.686969+00:00,2026-07-01T22:07:15.686869,2,2,88.05,0.3,87.9,189,87.8,4,,,,,,,,,,,,,,,,,88.2,3,88.4,117,,,,,,,,,,,,,,,,
2026-07-01T22:07:16.085584+00:00,2026-07-01T22:07:16.085426,2,2,88.05,0.3,87.9,150,87.8,4,,,,,,,,,,,,,,,,,88.2,3,88.4,117,,,,,,,,,,,,,,,,
2026-07-01T22:07:16.138921+00:00,2026-07-01T22:07:16.138618,2,2,88.05,0.3,87.9,250,87.8,4,,,,,,,,,,,,,,,,,88.2,3,88.4,117,,,,,,,,,,,,,,,,
2026-07-01T22:07:16.191738+00:00,2026-07-01T22:07:16.191650,2,2,88.05,0.3,87.9,250,87.8,4,,,,,,,,,,,,,,,,,88.2,3,88.4,217,,,,,,,,,,,,,,,,
2026-07-01T22:07:16.977848+00:00,2026-07-01T22:07:16.971342,2,2,88.05,0.3,87.9,249,87.8,4,,,,,,,,,,,,,,,,,88.2,3,88.4,217,,,,,,,,,,,,,,,,
2026-07-01T22:07:17.064592+00:00,2026-07-01T22:07:17.064547,2,2,88.05,0.3,87.9,249,87.8,4,,,,,,,,,,,,,,,,,88.2,2,88.4,217,,,,,,,,,,,,,,,,
2026-07-01T22:07:17.463773+00:00,2026-07-01T22:07:17.463883,2,2,88.05,0.3,87.9,100,87.8,4,,,,,,,,,,,,,,,,,88.2,2,88.4,100,,,,,,,,,,,,,,,,
2026-07-01T22:07:17.517264+00:00,2026-07-01T22:07:17.517411,2,2,88.05,0.3,87.9,250,87.8,4,,,,,,,,,,,,,,,,,88.2,2,88.4,100,,,,,,,,,,,,,,,,
2026-07-01T22:07:17.569309+00:00,2026-07-01T22:07:17.569235,2,2,88.05,0.3,87.9,250,87.8,4,,,,,,,,,,,,,,,,,88.2,2,88.4,250,,,,,,,,,,,,,,,,
2026-07-01T22:07:17.769125+00:00,2026-07-01T22:07:17.769007,2,1,88.15,0.5,87.9,250,87.8,4,,,,,,,,,,,,,,,,,88.4,250,,,,,,,,,,,,,,,,,,
2026-07-01T22:07:18.370766+00:00,2026-07-01T22:07:18.362250,2,1,88.15,0.5,87.9,238,87.8,4,,,,,,,,,,,,,,,,,88.4,250,,,,,,,,,,,,,,,,,,
2026-07-01T22:07:19.245990+00:00,2026-07-01T22:07:19.246121,2,1,88.15,0.5,87.9,150,87.8,4,,,,,,,,,,,,,,,,,88.4,150,,,,,,,,,,,,,,,,,,
2026-07-01T22:07:19.301188+00:00,2026-07-01T22:07:19.301298,3,1,88.15,0.5,87.9,150,87.8,4,87.7,100,,,,,,,,,,,,,,,88.4,150,,,,,,,,,,,,,,,,,,
2026-07-01T22:07:19.348235+00:00,2026-07-01T22:07:19.351590,3,2,88.05,0.3,87.9,150,87.8,4,87.7,100,,,,,,,,,,,,,,,88.2,100,88.4,150,,,,,,,,,,,,,,,,
2026-07-01T22:07:19.870762+00:00,2026-07-01T22:07:19.870920,3,2,88.05,0.3,87.9,150,87.8,4,87.7,100,,,,,,,,,,,,,,,88.2,50,88.4,150,,,,,,,,,,,,,,,,
2026-07-01T22:07:19.987347+00:00,2026-07-01T22:07:19.987252,3,2,88.05,0.3,87.9,150,87.8,3,87.7,100,,,,,,,,,,,,,,,88.2,50,88.4,150,,,,,,,,,,,,,,,,
2026-07-01T22:07:20.341458+00:00,2026-07-01T22:07:20.341339,3,2,88.05,0.3,87.9,150,87.8,3,87.7,100,,,,,,,,,,,,,,,88.2,55,88.4,150,,,,,,,,,,,,,,,,
2026-07-01T22:07:20.621782+00:00,2026-07-01T22:07:20.621929,2,1,88.0,0.4,87.8,3,87.7,100,,,,,,,,,,,,,,,,,88.2,55,,,,,,,,,,,,,,,,,,
2026-07-01T22:07:20.678208+00:00,2026-07-01T22:07:20.678090,2,1,88.0,0.4,87.8,153,87.7,100,,,,,,,,,,,,,,,,,88.2,55,,,,,,,,,,,,,,,,,,
2026-07-01T22:07:20.727584+00:00,2026-07-01T22:07:20.727437,2,2,88.0,0.4,87.8,153,87.7,100,,,,,,,,,,,,,,,,,88.2,55,88.3,150,,,,,,,,,,,,,,,,
2026-07-01T22:07:20.789043+00:00,2026-07-01T22:07:20.782936,2,2,88.0,0.4,87.8,152,87.7,100,,,,,,,,,,,,,,,,,88.2,55,88.3,150,,,,,,,,,,,,,,,,
2026-07-01T22:07:21.746029+00:00,2026-07-01T22:07:21.745924,2,2,88.0,0.4,87.8,151,87.7,100,,,,,,,,,,,,,,,,,88.2,55,88.3,150,,,,,,,,,,,,,,,,
2026-07-01T22:07:22.058650+00:00,2026-07-01T22:07:22.034587,2,2,88.0,0.4,87.8,101,87.7,100,,,,,,,,,,,,,,,,,88.2,55,88.3,150,,,,,,,,,,,,,,,,
2026-07-01T22:07:22.417168+00:00,2026-07-01T22:07:22.417092,1,2,88.0,0.4,87.8,101,,,,,,,,,,,,,,,,,,,88.2,5,88.3,150,,,,,,,,,,,,,,,,
2026-07-01T22:07:22.469059+00:00,2026-07-01T22:07:22.469003,1,2,88.0,0.4,87.8,201,,,,,,,,,,,,,,,,,,,88.2,5,88.3,150,,,,,,,,,,,,,,,,
2026-07-01T22:07:22.524449+00:00,2026-07-01T22:07:22.524330,1,2,88.0,0.4,87.8,201,,,,,,,,,,,,,,,,,,,88.2,5,88.3,250,,,,,,,,,,,,,,,,
2026-07-01T22:07:22.725819+00:00,2026-07-01T22:07:22.725742,1,2,88.0,0.4,87.8,201,,,,,,,,,,,,,,,,,,,88.2,4,88.3,250,,,,,,,,,,,,,,,,
2026-07-01T22:07:22.819943+00:00,2026-07-01T22:07:22.819799,1,2,88.0,0.4,87.8,201,,,,,,,,,,,,,,,,,,,88.2,2,88.3,250,,,,,,,,,,,,,,,,
2026-07-01T22:07:23.418490+00:00,2026-07-01T22:07:23.411965,1,2,88.0,0.4,87.8,200,,,,,,,,,,,,,,,,,,,88.2,2,88.3,250,,,,,,,,,,,,,,,,
2026-07-01T22:07:23.611203+00:00,2026-07-01T22:07:23.611060,1,2,88.0,0.4,87.8,200,,,,,,,,,,,,,,,,,,,88.2,1,88.3,250,,,,,,,,,,,,,,,,
2026-07-01T22:07:23.784337+00:00,2026-07-01T22:07:23.784189,1,2,88.0,0.4,87.8,100,,,,,,,,,,,,,,,,,,,88.2,1,88.3,100,,,,,,,,,,,,,,,,
2026-07-01T22:07:23.837750+00:00,2026-07-01T22:07:23.837633,2,2,88.0,0.4,87.8,100,87.5,150,,,,,,,,,,,,,,,,,88.2,1,88.3,100,,,,,,,,,,,,,,,,
2026-07-01T22:07:23.852949+00:00,2026-07-01T22:07:23.853158,2,1,88.05,0.5,87.8,100,87.5,150,,,,,,,,,,,,,,,,,88.3,100,,,,,,,,,,,,,,,,,,
2026-07-01T22:07:23.889341+00:00,2026-07-01T22:07:23.889282,2,2,87.9,0.2,87.8,100,87.5,150,,,,,,,,,,,,,,,,,88.0,150,88.3,100,,,,,,,,,,,,,,,,
2026-07-01T22:07:24.097767+00:00,2026-07-01T22:07:24.097940,2,2,87.9,0.2,87.8,100,87.5,150,,,,,,,,,,,,,,,,,88.0,100,88.3,100,,,,,,,,,,,,,,,,
2026-07-01T22:07:25.574290+00:00,2026-07-01T22:07:25.574224,2,1,87.9,0.2,87.8,100,87.5,150,,,,,,,,,,,,,,,,,88.0,100,,,,,,,,,,,,,,,,,,
2026-07-01T22:07:25.579588+00:00,2026-07-01T22:07:25.579404,1,1,87.75,0.5,87.5,150,,,,,,,,,,,,,,,,,,,88.0,100,,,,,,,,,,,,,,,,,,
2026-07-01T22:07:25.633137+00:00,2026-07-01T22:07:25.633242,2,1,87.9,0.2,87.8,100,87.5,150,,,,,,,,,,,,,,,,,88.0,100,,,,,,,,,,,,,,,,,,
2026-07-01T22:07:25.682845+00:00,2026-07-01T22:07:25.682928,2,2,87.9,0.2,87.8,100,87.5,150,,,,,,,,,,,,,,,,,88.0,100,88.3,100,,,,,,,,,,,,,,,,
2026-07-01T22:07:26.943550+00:00,2026-07-01T22:07:26.943344,1,1,88.05,0.5,87.8,100,,,,,,,,,,,,,,,,,,,88.3,100,,,,,,,,,,,,,,,,,,
2026-07-01T22:07:26.997827+00:00,2026-07-01T22:07:26.997673,1,1,88.05,0.5,87.8,250,,,,,,,,,,,,,,,,,,,88.3,100,,,,,,,,,,,,,,,,,,
2026-07-01T22:07:27.047939+00:00,2026-07-01T22:07:27.048273,1,1,88.05,0.5,87.8,250,,,,,,,,,,,,,,,,,,,88.3,250,,,,,,,,,,,,,,,,,,
2026-07-01T22:07:27.569126+00:00,2026-07-01T22:07:27.569290,1,1,88.05,0.5,87.8,202,,,,,,,,,,,,,,,,,,,88.3,250,,,,,,,,,,,,,,,,,,
2026-07-01T22:07:27.658758+00:00,2026-07-01T22:07:27.658677,1,2,88.0,0.4,87.8,202,,,,,,,,,,,,,,,,,,,88.2,10,88.3,250,,,,,,,,,,,,,,,,
2026-07-01T22:07:28.209173+00:00,2026-07-01T22:07:28.209110,1,1,88.05,0.5,87.8,202,,,,,,,,,,,,,,,,,,,88.3,220,,,,,,,,,,,,,,,,,,
2026-07-01T22:07:28.307952+00:00,2026-07-01T22:07:28.307858,1,1,88.05,0.5,87.8,202,,,,,,,,,,,,,,,,,,,88.3,170,,,,,,,,,,,,,,,,,,
2026-07-01T22:07:28.735457+00:00,2026-07-01T22:07:28.735341,1,1,88.05,0.5,87.8,150,,,,,,,,,,,,,,,,,,,88.3,150,,,,,,,,,,,,,,,,,,
2026-07-01T22:07:28.787662+00:00,2026-07-01T22:07:28.787861,2,1,88.15,0.3,88.0,100,87.8,150,,,,,,,,,,,,,,,,,88.3,150,,,,,,,,,,,,,,,,,,
2026-07-01T22:07:28.802290+00:00,2026-07-01T22:07:28.791197,2,1,88.15,0.3,88.0,98,87.8,150,,,,,,,,,,,,,,,,,88.3,150,,,,,,,,,,,,,,,,,,
2026-07-01T22:07:28.843237+00:00,2026-07-01T22:07:28.843106,2,2,88.15,0.3,88.0,98,87.8,150,,,,,,,,,,,,,,,,,88.3,150,88.5,100,,,,,,,,,,,,,,,,
2026-07-01T22:07:28.937408+00:00,2026-07-01T22:07:28.937334,2,3,88.1,0.2,88.0,98,87.8,150,,,,,,,,,,,,,,,,,88.2,9,88.3,150,88.5,100,,,,,,,,,,,,,,
2026-07-01T22:07:29.689287+00:00,2026-07-01T22:07:29.689444,2,3,88.1,0.2,88.0,55,87.8,150,,,,,,,,,,,,,,,,,88.2,6,88.3,150,88.5,100,,,,,,,,,,,,,,
2026-07-01T22:07:29.810306+00:00,2026-07-01T22:07:29.810204,2,3,88.1,0.2,88.0,55,87.8,150,,,,,,,,,,,,,,,,,88.2,3,88.3,150,88.5,100,,,,,,,,,,,,,,
2026-07-01T22:07:30.112148+00:00,2026-07-01T22:07:30.112101,1,2,88.1,0.2,88.0,55,,,,,,,,,,,,,,,,,,,88.2,3,88.5,100,,,,,,,,,,,,,,,,
2026-07-01T22:07:30.154515+00:00,2026-07-01T22:07:30.157145,2,2,88.1,0.2,88.0,55,87.9,150,,,,,,,,,,,,,,,,,88.2,3,88.5,100,,,,,,,,,,,,,,,,
2026-07-01T22:07:30.220674+00:00,2026-07-01T22:07:30.220593,2,3,88.1,0.2,88.0,55,87.9,150,,,,,,,,,,,,,,,,,88.2,3,88.4,150,88.5,100,,,,,,,,,,,,,,
2026-07-01T22:07:30.469003+00:00,2026-07-01T22:07:30.468959,2,3,88.1,0.2,88.0,5,87.9,150,,,,,,,,,,,,,,,,,88.2,3,88.4,150,88.5,100,,,,,,,,,,,,,,
2026-07-01T22:07:30.499038+00:00,2026-07-01T22:07:30.492549,2,3,88.1,0.2,88.0,4,87.9,150,,,,,,,,,,,,,,,,,88.2,3,88.4,150,88.5,100,,,,,,,,,,,,,,
2026-07-01T22:07:31.896992+00:00,2026-07-01T22:07:31.896919,1,2,88.05,0.3,87.9,150,,,,,,,,,,,,,,,,,,,88.2,3,88.4,150,,,,,,,,,,,,,,,,
2026-07-01T22:07:31.958681+00:00,2026-07-01T22:07:31.958615,2,2,88.05,0.3,87.9,150,87.8,100,,,,,,,,,,,,,,,,,88.2,3,88.4,150,,,,,,,,,,,,,,,,
2026-07-01T22:07:32.001549+00:00,2026-07-01T22:07:32.001525,2,3,88.05,0.3,87.9,150,87.8,100,,,,,,,,,,,,,,,,,88.2,3,88.3,100,88.4,150,,,,,,,,,,,,,,
2026-07-01T22:07:32.903828+00:00,2026-07-01T22:07:32.903721,2,3,88.05,0.3,87.9,153,87.8,100,,,,,,,,,,,,,,,,,88.2,3,88.3,100,88.4,150,,,,,,,,,,,,,,
2026-07-01T22:07:33.164014+00:00,2026-07-01T22:07:33.163912,2,3,88.05,0.3,87.9,151,87.8,100,,,,,,,,,,,,,,,,,88.2,3,88.3,100,88.4,150,,,,,,,,,,,,,,
2026-07-01T22:07:33.214167+00:00,2026-07-01T22:07:33.208000,2,3,88.05,0.3,87.9,150,87.8,100,,,,,,,,,,,,,,,,,88.2,3,88.3,100,88.4,150,,,,,,,,,,,,,,
2026-07-01T22:07:33.275267+00:00,2026-07-01T22:07:33.275094,2,2,88.05,0.3,87.9,1,87.8,100,,,,,,,,,,,,,,,,,88.2,3,88.3,100,,,,,,,,,,,,,,,,
2026-07-01T22:07:33.325626+00:00,2026-07-01T22:07:33.325554,2,2,88.05,0.3,87.9,1,87.8,250,,,,,,,,,,,,,,,,,88.2,3,88.3,100,,,,,,,,,,,,,,,,
2026-07-01T22:07:33.379967+00:00,2026-07-01T22:07:33.379852,2,2,88.05,0.3,87.9,1,87.8,250,,,,,,,,,,,,,,,,,88.2,3,88.3,250,,,,,,,,,,,,,,,,
2026-07-01T22:07:33.799079+00:00,2026-07-01T22:07:33.798959,2,1,88.1,0.4,87.9,1,87.8,250,,,,,,,,,,,,,,,,,88.3,211,,,,,,,,,,,,,,,,,,
2026-07-01T22:07:35.058585+00:00,2026-07-01T22:07:35.050032,2,1,88.1,0.4,87.9,1,87.8,150,,,,,,,,,,,,,,,,,88.3,150,,,,,,,,,,,,,,,,,,
2026-07-01T22:07:35.121549+00:00,2026-07-01T22:07:35.121483,2,1,88.1,0.4,87.9,101,87.8,150,,,,,,,,,,,,,,,,,88.3,150,,,,,,,,,,,,,,,,,,
2026-07-01T22:07:35.174623+00:00,2026-07-01T22:07:35.174568,2,2,88.1,0.4,87.9,101,87.8,150,,,,,,,,,,,,,,,,,88.3,150,88.4,100,,,,,,,,,,,,,,,,
2026-07-01T22:07:35.489083+00:00,2026-07-01T22:07:35.489004,2,2,88.1,0.4,87.9,100,87.8,150,,,,,,,,,,,,,,,,,88.3,150,88.4,100,,,,,,,,,,,,,,,,
2026-07-01T22:07:35.548497+00:00,2026-07-01T22:07:35.558765,2,2,88.1,0.4,87.9,52,87.8,150,,,,,,,,,,,,,,,,,88.3,150,88.4,100,,,,,,,,,,,,,,,,
2026-07-01T22:07:35.896343+00:00,2026-07-01T22:07:35.896139,2,3,88.05,0.3,87.9,52,87.8,150,,,,,,,,,,,,,,,,,88.2,9,88.3,150,88.4,100,,,,,,,,,,,,,,
2026-07-01T22:07:36.113345+00:00,2026-07-01T22:07:36.113308,2,2,88.1,0.4,87.9,52,87.8,150,,,,,,,,,,,,,,,,,88.3,114,88.4,100,,,,,,,,,,,,,,,,
2026-07-01T22:07:36.433816+00:00,2026-07-01T22:07:36.433922,1,1,88.15,0.5,87.9,52,,,,,,,,,,,,,,,,,,,88.4,100,,,,,,,,,,,,,,,,,,
2026-07-01T22:07:36.502897+00:00,2026-07-01T22:07:36.495928,2,1,88.25,0.3,88.1,149,87.9,52,,,,,,,,,,,,,,,,,88.4,100,,,,,,,,,,,,,,,,,,
2026-07-01T22:07:36.512288+00:00,2026-07-01T22:07:36.506346,2,1,88.25,0.3,88.1,126,87.9,52,,,,,,,,,,,,,,,,,88.4,100,,,,,,,,,,,,,,,,,,
2026-07-01T22:07:36.539157+00:00,2026-07-01T22:07:36.539074,2,2,88.25,0.3,88.1,126,87.9,52,,,,,,,,,,,,,,,,,88.4,100,88.6,150,,,,,,,,,,,,,,,,
2026-07-01T22:07:36.732869+00:00,2026-07-01T22:07:36.732793,2,2,88.25,0.3,88.1,126,87.9,52,,,,,,,,,,,,,,,,,88.4,50,88.6,150,,,,,,,,,,,,,,,,
2026-07-01T22:07:38.231718+00:00,2026-07-01T22:07:38.231663,1,1,88.35,0.5,88.1,126,,,,,,,,,,,,,,,,,,,88.6,150,,,,,,,,,,,,,,,,,,
2026-07-01T22:07:38.282952+00:00,2026-07-01T22:07:38.282826,2,1,88.35,0.5,88.1,126,87.9,100,,,,,,,,,,,,,,,,,88.6,150,,,,,,,,,,,,,,,,,,
2026-07-01T22:07:38.338891+00:00,2026-07-01T22:07:38.338845,2,2,88.25,0.3,88.1,126,87.9,100,,,,,,,,,,,,,,,,,88.4,100,88.6,150,,,,,,,,,,,,,,,,
2026-07-01T22:07:38.841622+00:00,2026-07-01T22:07:38.841509,2,2,88.25,0.3,88.1,126,87.9,100,,,,,,,,,,,,,,,,,88.4,50,88.6,150,,,,,,,,,,,,,,,,
2026-07-01T22:07:39.597921+00:00,2026-07-01T22:07:39.597886,1,1,88.15,0.5,87.9,100,,,,,,,,,,,,,,,,,,,88.4,50,,,,,,,,,,,,,,,,,,
2026-07-01T22:07:39.647468+00:00,2026-07-01T22:07:39.647437,1,1,88.15,0.5,87.9,250,,,,,,,,,,,,,,,,,,,88.4,50,,,,,,,,,,,,,,,,,,
2026-07-01T22:07:39.700434+00:00,2026-07-01T22:07:39.700365,1,1,88.15,0.5,87.9,250,,,,,,,,,,,,,,,,,,,88.4,200,,,,,,,,,,,,,,,,,,
2026-07-01T22:07:40.946630+00:00,2026-07-01T22:07:40.946914,1,1,88.15,0.5,87.9,250,,,,,,,,,,,,,,,,,,,88.4,150,,,,,,,,,,,,,,,,,,
2026-07-01T22:07:41.296939+00:00,2026-07-01T22:07:41.296917,1,2,88.1,0.4,87.9,250,,,,,,,,,,,,,,,,,,,88.3,7,88.4,150,,,,,,,,,,,,,,,,
2026-07-01T22:07:41.389930+00:00,2026-07-01T22:07:41.389901,1,2,88.1,0.4,87.9,150,,,,,,,,,,,,,,,,,,,88.3,7,88.4,150,,,,,,,,,,,,,,,,
2026-07-01T22:07:41.442348+00:00,2026-07-01T22:07:41.442297,1,2,88.1,0.4,87.9,250,,,,,,,,,,,,,,,,,,,88.3,7,88.4,150,,,,,,,,,,,,,,,,
2026-07-01T22:07:41.494035+00:00,2026-07-01T22:07:41.493963,1,2,88.1,0.4,87.9,250,,,,,,,,,,,,,,,,,,,88.3,7,88.4,250,,,,,,,,,,,,,,,,
2026-07-01T22:07:42.764004+00:00,2026-07-01T22:07:42.763851,1,2,88.1,0.4,87.9,100,,,,,,,,,,,,,,,,,,,88.3,7,88.4,100,,,,,,,,,,,,,,,,
2026-07-01T22:07:42.814315+00:00,2026-07-01T22:07:42.814214,2,2,88.1,0.4,87.9,100,87.8,150,,,,,,,,,,,,,,,,,88.3,7,88.4,100,,,,,,,,,,,,,,,,
2026-07-01T22:07:42.867803+00:00,2026-07-01T22:07:42.867907,2,2,88.1,0.4,87.9,100,87.8,150,,,,,,,,,,,,,,,,,88.3,157,88.4,100,,,,,,,,,,,,,,,,
2026-07-01T22:07:43.110468+00:00,2026-07-01T22:07:43.110337,2,2,88.1,0.4,87.9,50,87.8,150,,,,,,,,,,,,,,,,,88.3,157,88.4,100,,,,,,,,,,,,,,,,
2026-07-01T22:07:44.558551+00:00,2026-07-01T22:07:44.552033,1,1,88.05,0.5,87.8,150,,,,,,,,,,,,,,,,,,,88.3,157,,,,,,,,,,,,,,,,,,
2026-07-01T22:07:44.608052+00:00,2026-07-01T22:07:44.607950,1,1,88.05,0.5,87.8,250,,,,,,,,,,,,,,,,,,,88.3,157,,,,,,,,,,,,,,,,,,
2026-07-01T22:07:44.658554+00:00,2026-07-01T22:07:44.655875,1,1,88.05,0.5,87.8,250,,,,,,,,,,,,,,,,,,,88.3,257,,,,,,,,,,,,,,,,,,
2026-07-01T22:07:44.813058+00:00,2026-07-01T22:07:44.813219,1,1,88.05,0.5,87.8,203,,,,,,,,,,,,,,,,,,,88.3,257,,,,,,,,,,,,,,,,,,
2026-07-01T22:07:45.058754+00:00,2026-07-01T22:07:45.042155,1,1,88.05,0.5,87.8,203,,,,,,,,,,,,,,,,,,,88.3,256,,,,,,,,,,,,,,,,,,
2026-07-01T22:07:45.922463+00:00,2026-07-01T22:07:45.922341,1,1,88.05,0.5,87.8,100,,,,,,,,,,,,,,,,,,,88.3,106,,,,,,,,,,,,,,,,,,
2026-07-01T22:07:45.977510+00:00,2026-07-01T22:07:45.977429,2,1,88.05,0.5,87.8,100,87.6,150,,,,,,,,,,,,,,,,,88.3,106,,,,,,,,,,,,,,,,,,
2026-07-01T22:07:46.030361+00:00,2026-07-01T22:07:46.030327,2,2,87.95,0.3,87.8,100,87.6,150,,,,,,,,,,,,,,,,,88.1,150,88.3,106,,,,,,,,,,,,,,,,
2026-07-01T22:07:46.074629+00:00,2026-07-01T22:07:46.074514,2,2,87.95,0.3,87.8,100,87.6,150,,,,,,,,,,,,,,,,,88.1,150,88.3,104,,,,,,,,,,,,,,,,
2026-07-01T22:07:47.012090+00:00,2026-07-01T22:07:47.006158,2,2,87.95,0.3,87.8,98,87.6,150,,,,,,,,,,,,,,,,,88.1,150,88.3,104,,,,,,,,,,,,,,,,
2026-07-01T22:07:47.274760+00:00,2026-07-01T22:07:47.274681,2,2,87.95,0.3,87.8,98,87.6,150,,,,,,,,,,,,,,,,,88.1,100,88.3,104,,,,,,,,,,,,,,,,
2026-07-01T22:07:47.714313+00:00,2026-07-01T22:07:47.714226,2,2,87.95,0.3,87.8,98,87.6,150,,,,,,,,,,,,,,,,,88.1,100,88.3,4,,,,,,,,,,,,,,,,
2026-07-01T22:07:47.719453+00:00,2026-07-01T22:07:47.719400,1,2,87.85,0.5,87.6,150,,,,,,,,,,,,,,,,,,,88.1,100,88.3,4,,,,,,,,,,,,,,,,
2026-07-01T22:07:47.771762+00:00,2026-07-01T22:07:47.771692,2,2,87.9,0.4,87.7,100,87.6,150,,,,,,,,,,,,,,,,,88.1,100,88.3,4,,,,,,,,,,,,,,,,
2026-07-01T22:07:47.832715+00:00,2026-07-01T22:07:47.832591,2,3,87.9,0.4,87.7,100,87.6,150,,,,,,,,,,,,,,,,,88.1,100,88.2,100,88.3,4,,,,,,,,,,,,,,
2026-07-01T22:07:48.563922+00:00,2026-07-01T22:07:48.563845,2,3,87.9,0.4,87.7,100,87.6,150,,,,,,,,,,,,,,,,,88.1,59,88.2,100,88.3,4,,,,,,,,,,,,,,
2026-07-01T22:07:49.095893+00:00,2026-07-01T22:07:49.095837,1,2,87.95,0.5,87.7,100,,,,,,,,,,,,,,,,,,,88.2,100,88.3,4,,,,,,,,,,,,,,,,
2026-07-01T22:07:49.158620+00:00,2026-07-01T22:07:49.145555,2,2,88.15,0.1,88.1,150,87.7,51,,,,,,,,,,,,,,,,,88.2,100,88.3,4,,,,,,,,,,,,,,,,
2026-07-01T22:07:49.204936+00:00,2026-07-01T22:07:49.204764,2,3,88.15,0.1,88.1,150,87.7,51,,,,,,,,,,,,,,,,,88.2,100,88.3,4,88.6,150,,,,,,,,,,,,,,
2026-07-01T22:07:49.379769+00:00,2026-07-01T22:07:49.379591,2,3,88.15,0.1,88.1,150,87.7,51,,,,,,,,,,,,,,,,,88.2,50,88.3,4,88.6,150,,,,,,,,,,,,,,
2026-07-01T22:07:49.640478+00:00,2026-07-01T22:07:49.640669,2,3,88.15,0.1,88.1,101,87.7,51,,,,,,,,,,,,,,,,,88.2,50,88.3,4,88.6,150,,,,,,,,,,,,,,
2026-07-01T22:07:50.414078+00:00,2026-07-01T22:07:50.413972,2,3,88.15,0.1,88.1,101,87.7,51,,,,,,,,,,,,,,,,,88.2,50,88.3,3,88.6,150,,,,,,,,,,,,,,
2026-07-01T22:07:50.716042+00:00,2026-07-01T22:07:50.709079,2,3,88.15,0.1,88.1,100,87.7,51,,,,,,,,,,,,,,,,,88.2,50,88.3,3,88.6,150,,,,,,,,,,,,,,
2026-07-01T22:07:50.885577+00:00,2026-07-01T22:07:50.885541,1,2,88.2,0.2,88.1,100,,,,,,,,,,,,,,,,,,,88.3,3,88.6,150,,,,,,,,,,,,,,,,
2026-07-01T22:07:50.944149+00:00,2026-07-01T22:07:50.944320,2,2,88.2,0.2,88.1,100,87.9,100,,,,,,,,,,,,,,,,,88.3,3,88.6,150,,,,,,,,,,,,,,,,
2026-07-01T22:07:50.999020+00:00,2026-07-01T22:07:50.998926,2,3,88.2,0.2,88.1,100,87.9,100,,,,,,,,,,,,,,,,,88.3,3,88.4,100,88.6,150,,,,,,,,,,,,,,
2026-07-01T22:07:51.198267+00:00,2026-07-01T22:07:51.198185,2,2,88.25,0.3,88.1,100,87.9,100,,,,,,,,,,,,,,,,,88.4,60,88.6,150,,,,,,,,,,,,,,,,
2026-07-01T22:07:51.484893+00:00,2026-07-01T22:07:51.484847,2,2,88.25,0.3,88.1,100,87.9,100,,,,,,,,,,,,,,,,,88.4,10,88.6,150,,,,,,,,,,,,,,,,
2026-07-01T22:07:51.786903+00:00,2026-07-01T22:07:51.786837,2,2,88.25,0.3,88.1,57,87.9,100,,,,,,,,,,,,,,,,,88.4,10,88.6,150,,,,,,,,,,,,,,,,
2026-07-01T22:07:52.258610+00:00,2026-07-01T22:07:52.251276,1,1,88.15,0.5,87.9,100,,,,,,,,,,,,,,,,,,,88.4,10,,,,,,,,,,,,,,,,,,
2026-07-01T22:07:52.300413+00:00,2026-07-01T22:07:52.300380,2,1,88.2,0.4,88.0,5,87.9,100,,,,,,,,,,,,,,,,,88.4,10,,,,,,,,,,,,,,,,,,
2026-07-01T22:07:52.314278+00:00,2026-07-01T22:07:52.314192,3,1,88.2,0.4,88.0,5,87.9,100,87.7,150,,,,,,,,,,,,,,,88.4,10,,,,,,,,,,,,,,,,,,
2026-07-01T22:07:52.358600+00:00,2026-07-01T22:07:52.356218,3,2,88.1,0.2,88.0,5,87.9,100,87.7,150,,,,,,,,,,,,,,,88.2,150,88.4,10,,,,,,,,,,,,,,,,
2026-07-01T22:07:52.464110+00:00,2026-07-01T22:07:52.463881,3,2,88.1,0.2,88.0,4,87.9,100,87.7,150,,,,,,,,,,,,,,,88.2,150,88.4,10,,,,,,,,,,,,,,,,
2026-07-01T22:07:52.790335+00:00,2026-07-01T22:07:52.790298,3,3,88.1,0.2,88.0,4,87.9,100,87.7,150,,,,,,,,,,,,,,,88.2,150,88.3,1,88.4,10,,,,,,,,,,,,,,
2026-07-01T22:07:53.594043+00:00,2026-07-01T22:07:53.594210,3,3,88.1,0.2,88.0,4,87.9,100,87.7,150,,,,,,,,,,,,,,,88.2,100,88.3,1,88.4,10,,,,,,,,,,,,,,
2026-07-01T22:07:54.068973+00:00,2026-07-01T22:07:54.068856,2,2,88.1,0.2,88.0,4,87.7,150,,,,,,,,,,,,,,,,,88.2,100,88.3,1,,,,,,,,,,,,,,,,
2026-07-01T22:07:54.114912+00:00,2026-07-01T22:07:54.115029,2,2,88.1,0.2,88.0,104,87.7,150,,,,,,,,,,,,,,,,,88.2,100,88.3,1,,,,,,,,,,,,,,,,
2026-07-01T22:07:54.169140+00:00,2026-07-01T22:07:54.169038,2,3,88.1,0.2,88.0,104,87.7,150,,,,,,,,,,,,,,,,,88.2,100,88.3,1,88.5,100,,,,,,,,,,,,,,
2026-07-01T22:07:54.489973+00:00,2026-07-01T22:07:54.490072,2,3,88.1,0.2,88.0,103,87.7,150,,,,,,,,,,,,,,,,,88.2,100,88.3,1,88.5,100,,,,,,,,,,,,,,
2026-07-01T22:07:54.880905+00:00,2026-07-01T22:07:54.880810,2,3,88.1,0.2,88.0,102,87.7,150,,,,,,,,,,,,,,,,,88.2,100,88.3,1,88.5,100,,,,,,,,,,,,,,
2026-07-01T22:07:55.421031+00:00,2026-07-01T22:07:55.420928,1,2,88.15,0.3,88.0,102,,,,,,,,,,,,,,,,,,,88.3,1,88.5,100,,,,,,,,,,,,,,,,
2026-07-01T22:07:55.475051+00:00,2026-07-01T22:07:55.475163,2,2,88.15,0.3,88.0,102,87.8,150,,,,,,,,,,,,,,,,,88.3,1,88.5,100,,,,,,,,,,,,,,,,
2026-07-01T22:07:55.528642+00:00,2026-07-01T22:07:55.528748,2,2,88.15,0.3,88.0,102,87.8,150,,,,,,,,,,,,,,,,,88.3,151,88.5,100,,,,,,,,,,,,,,,,
2026-07-01T22:07:55.700718+00:00,2026-07-01T22:07:55.700637,2,2,88.15,0.3,88.0,102,87.8,150,,,,,,,,,,,,,,,,,88.3,101,88.5,100,,,,,,,,,,,,,,,,
2026-07-01T22:07:55.963624+00:00,2026-07-01T22:07:55.950393,2,2,88.15,0.3,88.0,101,87.8,150,,,,,,,,,,,,,,,,,88.3,101,88.5,100,,,,,,,,,,,,,,,,
2026-07-01T22:07:56.337160+00:00,2026-07-01T22:07:56.337040,2,2,88.15,0.3,88.0,101,87.8,150,,,,,,,,,,,,,,,,,88.3,60,88.5,100,,,,,,,,,,,,,,,,
2026-07-01T22:07:56.870134+00:00,2026-07-01T22:07:56.870059,2,2,88.15,0.3,88.0,101,87.8,150,,,,,,,,,,,,,,,,,88.3,66,88.5,100,,,,,,,,,,,,,,,,
2026-07-01T22:07:57.222328+00:00,2026-07-01T22:07:57.222204,2,1,88.15,0.3,88.0,1,87.8,150,,,,,,,,,,,,,,,,,88.3,66,,,,,,,,,,,,,,,,,,
2026-07-01T22:07:57.285890+00:00,2026-07-01T22:07:57.279771,3,1,88.25,0.1,88.2,89,88.0,1,87.8,150,,,,,,,,,,,,,,,88.3,66,,,,,,,,,,,,,,,,,,
2026-07-01T22:07:57.301107+00:00,2026-07-01T22:07:57.301275,3,1,88.25,0.1,88.2,89,88.0,1,87.8,150,,,,,,,,,,,,,,,88.3,22,,,,,,,,,,,,,,,,,,
2026-07-01T22:07:57.328722+00:00,2026-07-01T22:07:57.328632,3,2,88.25,0.1,88.2,89,88.0,1,87.8,150,,,,,,,,,,,,,,,88.3,22,88.7,100,,,,,,,,,,,,,,,,
2026-07-01T22:07:57.488154+00:00,2026-07-01T22:07:57.488105,3,2,88.25,0.1,88.2,89,88.0,1,87.8,150,,,,,,,,,,,,,,,88.3,21,88.7,100,,,,,,,,,,,,,,,,
2026-07-01T22:07:57.886251+00:00,2026-07-01T22:07:57.886431,3,2,88.25,0.1,88.2,89,88.0,1,87.8,150,,,,,,,,,,,,,,,88.3,20,88.7,100,,,,,,,,,,,,,,,,
2026-07-01T22:07:58.581286+00:00,2026-07-01T22:07:58.581127,2,2,88.25,0.1,88.2,89,88.0,1,,,,,,,,,,,,,,,,,88.3,4,88.7,100,,,,,,,,,,,,,,,,
2026-07-01T22:07:58.644690+00:00,2026-07-01T22:07:58.636886,3,1,88.6,0.2,88.5,134,88.2,89,88.0,1,,,,,,,,,,,,,,,88.7,100,,,,,,,,,,,,,,,,,,
2026-07-01T22:07:58.693056+00:00,2026-07-01T22:07:58.692885,3,2,88.6,0.2,88.5,134,88.2,89,88.0,1,,,,,,,,,,,,,,,88.7,100,89.0,150,,,,,,,,,,,,,,,,
2026-07-01T22:08:00.384777+00:00,2026-07-01T22:08:00.384674,2,1,88.75,0.5,88.5,134,88.0,1,,,,,,,,,,,,,,,,,89.0,150,,,,,,,,,,,,,,,,,,
2026-07-01T22:08:00.439594+00:00,2026-07-01T22:08:00.439518,3,1,88.75,0.5,88.5,134,88.3,100,88.0,1,,,,,,,,,,,,,,,89.0,150,,,,,,,,,,,,,,,,,,
2026-07-01T22:08:00.487621+00:00,2026-07-01T22:08:00.487571,3,2,88.65,0.3,88.5,134,88.3,100,88.0,1,,,,,,,,,,,,,,,88.8,100,89.0,150,,,,,,,,,,,,,,,,
2026-07-01T22:08:01.764429+00:00,2026-07-01T22:08:01.764109,1,1,88.55,0.5,88.3,100,,,,,,,,,,,,,,,,,,,88.8,100,,,,,,,,,,,,,,,,,,
2026-07-01T22:08:01.808046+00:00,2026-07-01T22:08:01.808124,2,1,88.7,0.2,88.6,150,88.3,100,,,,,,,,,,,,,,,,,88.8,100,,,,,,,,,,,,,,,,,,
2026-07-01T22:08:01.858549+00:00,2026-07-01T22:08:01.852017,2,2,88.7,0.2,88.6,150,88.3,100,,,,,,,,,,,,,,,,,88.8,100,89.1,150,,,,,,,,,,,,,,,,
2026-07-01T22:08:02.058603+00:00,2026-07-01T22:08:02.043854,3,2,88.7,0.2,88.6,150,88.3,100,88.2,4,,,,,,,,,,,,,,,88.8,50,89.1,150,,,,,,,,,,,,,,,,
2026-07-01T22:08:02.529241+00:00,2026-07-01T22:08:02.529127,3,2,88.7,0.2,88.6,148,88.3,100,88.2,4,,,,,,,,,,,,,,,88.8,50,89.1,150,,,,,,,,,,,,,,,,
2026-07-01T22:08:02.896093+00:00,2026-07-01T22:08:02.896281,3,2,88.7,0.2,88.6,147,88.3,100,88.2,4,,,,,,,,,,,,,,,88.8,50,89.1,150,,,,,,,,,,,,,,,,
2026-07-01T22:08:02.979427+00:00,2026-07-01T22:08:02.979397,3,2,88.7,0.2,88.6,145,88.3,100,88.2,4,,,,,,,,,,,,,,,88.8,50,89.1,150,,,,,,,,,,,,,,,,
2026-07-01T22:08:03.012676+00:00,2026-07-01T22:08:03.012596,3,2,88.7,0.2,88.6,144,88.3,100,88.2,4,,,,,,,,,,,,,,,88.8,50,89.1,150,,,,,,,,,,,,,,,,
2026-07-01T22:08:03.063915+00:00,2026-07-01T22:08:03.063834,3,2,88.7,0.2,88.6,142,88.3,100,88.2,4,,,,,,,,,,,,,,,88.8,50,89.1,150,,,,,,,,,,,,,,,,
2026-07-01T22:08:03.123875+00:00,2026-07-01T22:08:03.123789,3,2,88.7,0.2,88.6,141,88.3,100,88.2,4,,,,,,,,,,,,,,,88.8,50,89.1,150,,,,,,,,,,,,,,,,
2026-07-01T22:08:03.558591+00:00,2026-07-01T22:08:03.542451,2,1,88.85,0.5,88.6,141,88.2,4,,,,,,,,,,,,,,,,,89.1,150,,,,,,,,,,,,,,,,,,
2026-07-01T22:08:03.594973+00:00,2026-07-01T22:08:03.594890,3,1,88.85,0.5,88.6,141,88.3,100,88.2,4,,,,,,,,,,,,,,,89.1,150,,,,,,,,,,,,,,,,,,
2026-07-01T22:08:03.646238+00:00,2026-07-01T22:08:03.646409,3,2,88.7,0.2,88.6,141,88.3,100,88.2,4,,,,,,,,,,,,,,,88.8,100,89.1,150,,,,,,,,,,,,,,,,
2026-07-01T22:08:03.806422+00:00,2026-07-01T22:08:03.806347,3,2,88.7,0.2,88.6,139,88.3,100,88.2,4,,,,,,,,,,,,,,,88.8,100,89.1,150,,,,,,,,,,,,,,,,
2026-07-01T22:08:03.938460+00:00,2026-07-01T22:08:03.938341,3,2,88.7,0.2,88.6,137,88.3,100,88.2,4,,,,,,,,,,,,,,,88.8,100,89.1,150,,,,,,,,,,,,,,,,
2026-07-01T22:08:03.966420+00:00,2026-07-01T22:08:03.966717,3,2,88.7,0.2,88.6,135,88.3,100,88.2,4,,,,,,,,,,,,,,,88.8,100,89.1,150,,,,,,,,,,,,,,,,
2026-07-01T22:08:03.998408+00:00,2026-07-01T22:08:03.998369,3,2,88.7,0.2,88.6,134,88.3,100,88.2,4,,,,,,,,,,,,,,,88.8,100,89.1,150,,,,,,,,,,,,,,,,
2026-07-01T22:08:04.036939+00:00,2026-07-01T22:08:04.036893,3,2,88.7,0.2,88.6,132,88.3,100,88.2,4,,,,,,,,,,,,,,,88.8,100,89.1,150,,,,,,,,,,,,,,,,
2026-07-01T22:08:04.070870+00:00,2026-07-01T22:08:04.070780,3,2,88.7,0.2,88.6,131,88.3,100,88.2,4,,,,,,,,,,,,,,,88.8,100,89.1,150,,,,,,,,,,,,,,,,
2026-07-01T22:08:04.090163+00:00,2026-07-01T22:08:04.084679,3,2,88.7,0.2,88.6,126,88.3,100,88.2,4,,,,,,,,,,,,,,,88.8,100,89.1,150,,,,,,,,,,,,,,,,
2026-07-01T22:08:04.138578+00:00,2026-07-01T22:08:04.138431,3,2,88.7,0.2,88.6,125,88.3,100,88.2,4,,,,,,,,,,,,,,,88.8,100,89.1,150,,,,,,,,,,,,,,,,
2026-07-01T22:08:04.179564+00:00,2026-07-01T22:08:04.179483,3,2,88.7,0.2,88.6,125,88.3,100,88.2,4,,,,,,,,,,,,,,,88.8,50,89.1,150,,,,,,,,,,,,,,,,
2026-07-01T22:08:04.190038+00:00,2026-07-01T22:08:04.189930,3,2,88.7,0.2,88.6,123,88.3,100,88.2,4,,,,,,,,,,,,,,,88.8,50,89.1,150,,,,,,,,,,,,,,,,
2026-07-01T22:08:04.220064+00:00,2026-07-01T22:08:04.219985,3,2,88.7,0.2,88.6,122,88.3,100,88.2,4,,,,,,,,,,,,,,,88.8,50,89.1,150,,,,,,,,,,,,,,,,
2026-07-01T22:08:04.293363+00:00,2026-07-01T22:08:04.293248,3,2,88.7,0.2,88.6,121,88.3,100,88.2,4,,,,,,,,,,,,,,,88.8,50,89.1,150,,,,,,,,,,,,,,,,
2026-07-01T22:08:04.483170+00:00,2026-07-01T22:08:04.483423,3,2,88.7,0.2,88.6,75,88.3,100,88.2,4,,,,,,,,,,,,,,,88.8,50,89.1,150,,,,,,,,,,,,,,,,
2026-07-01T22:08:04.915049+00:00,2026-07-01T22:08:04.914995,2,1,88.55,0.5,88.3,100,88.2,4,,,,,,,,,,,,,,,,,88.8,50,,,,,,,,,,,,,,,,,,
2026-07-01T22:08:04.958612+00:00,2026-07-01T22:08:04.957486,3,1,88.55,0.5,88.3,100,88.2,4,88.1,150,,,,,,,,,,,,,,,88.8,50,,,,,,,,,,,,,,,,,,
2026-07-01T22:08:05.015615+00:00,2026-07-01T22:08:05.015695,3,2,88.45,0.3,88.3,100,88.2,4,88.1,150,,,,,,,,,,,,,,,88.6,150,88.8,50,,,,,,,,,,,,,,,,
2026-07-01T22:08:05.406342+00:00,2026-07-01T22:08:05.399070,3,2,88.45,0.3,88.3,100,88.2,4,88.1,150,,,,,,,,,,,,,,,88.6,145,88.8,50,,,,,,,,,,,,,,,,
2026-07-01T22:08:06.702867+00:00,2026-07-01T22:08:06.702812,2,1,88.4,0.4,88.2,4,88.1,150,,,,,,,,,,,,,,,,,88.6,145,,,,,,,,,,,,,,,,,,
2026-07-01T22:08:06.758574+00:00,2026-07-01T22:08:06.751204,3,1,88.55,0.1,88.5,100,88.2,4,88.1,150,,,,,,,,,,,,,,,88.6,145,,,,,,,,,,,,,,,,,,
2026-07-01T22:08:06.809311+00:00,2026-07-01T22:08:06.809188,3,2,88.55,0.1,88.5,100,88.2,4,88.1,150,,,,,,,,,,,,,,,88.6,145,89.0,100,,,,,,,,,,,,,,,,
2026-07-01T22:08:08.069086+00:00,2026-07-01T22:08:08.069054,3,1,88.75,0.5,88.5,100,88.2,4,88.1,150,,,,,,,,,,,,,,,89.0,100,,,,,,,,,,,,,,,,,,
2026-07-01T22:08:08.074366+00:00,2026-07-01T22:08:08.074247,2,1,88.75,0.5,88.5,100,88.2,4,,,,,,,,,,,,,,,,,89.0,100,,,,,,,,,,,,,,,,,,
2026-07-01T22:08:08.079545+00:00,2026-07-01T22:08:08.079512,1,1,88.75,0.5,88.5,100,,,,,,,,,,,,,,,,,,,89.0,100,,,,,,,,,,,,,,,,,,
