recv_time,book_timestamp,n_bids,n_asks,mid,spread,bid_px_0,bid_vol_0,bid_px_1,bid_vol_1,bid_px_2,bid_vol_2,bid_px_3,bid_vol_3,bid_px_4,bid_vol_4,bid_px_5,bid_vol_5,bid_px_6,bid_vol_6,bid_px_7,bid_vol_7,bid_px_8,bid_vol_8,bid_px_9,bid_vol_9,ask_px_0,ask_vol_0,ask_px_1,ask_vol_1,ask_px_2,ask_vol_2,ask_px_3,ask_vol_3,ask_px_4,ask_vol_4,ask_px_5,ask_vol_5,ask_px_6,ask_vol_6,ask_px_7,ask_vol_7,ask_px_8,ask_vol_8,ask_px_9,ask_vol_9
2026-07-02T05:00:00.151662+00:00,2026-07-02T05:00:00.178472,3,3,106.35,0.1,106.3,3,106.0,100,105.9,150,,,,,,,,,,,,,,,106.4,3,106.5,100,106.7,1,,,,,,,,,,,,,,
2026-07-02T05:00:00.470813+00:00,2026-07-02T05:00:00.423337,3,2,106.35,0.1,106.3,3,106.0,100,105.9,150,,,,,,,,,,,,,,,106.4,3,106.5,100,,,,,,,,,,,,,,,,
2026-07-02T05:00:01.442042+00:00,2026-07-02T05:00:01.433326,2,1,106.25,0.5,106.0,61,105.9,150,,,,,,,,,,,,,,,,,106.5,100,,,,,,,,,,,,,,,,,,
2026-07-02T05:00:01.777414+00:00,2026-07-02T05:00:01.777337,3,1,106.4,0.2,106.3,5,106.0,61,105.9,150,,,,,,,,,,,,,,,106.5,100,,,,,,,,,,,,,,,,,,
2026-07-02T05:00:01.934908+00:00,2026-07-02T05:00:01.934790,3,2,106.4,0.2,106.3,5,106.0,61,105.9,150,,,,,,,,,,,,,,,106.5,100,106.6,1,,,,,,,,,,,,,,,,
2026-07-02T05:00:02.529623+00:00,2026-07-02T05:00:02.529708,2,2,106.4,0.2,106.3,5,106.0,61,,,,,,,,,,,,,,,,,106.5,100,106.6,1,,,,,,,,,,,,,,,,
2026-07-02T05:00:02.584150+00:00,2026-07-02T05:00:02.584008,3,0,,,106.6,49,106.3,5,106.0,61,,,,,,,,,,,,,,,,,,,,,,,,,,,,,,,,,,
2026-07-02T05:00:02.637666+00:00,2026-07-02T05:00:02.637835,3,1,106.85,0.5,106.6,48,106.3,5,106.0,61,,,,,,,,,,,,,,,107.1,150,,,,,,,,,,,,,,,,,,
2026-07-02T05:00:02.648653+00:00,2026-07-02T05:00:02.641750,3,1,106.85,0.5,106.6,37,106.3,5,106.0,61,,,,,,,,,,,,,,,107.1,150,,,,,,,,,,,,,,,,,,
2026-07-02T05:00:02.666356+00:00,2026-07-02T05:00:02.652809,3,1,106.85,0.5,106.6,36,106.3,4,106.0,61,,,,,,,,,,,,,,,107.1,150,,,,,,,,,,,,,,,,,,
2026-07-02T05:00:02.787854+00:00,2026-07-02T05:00:02.787791,3,1,106.85,0.5,106.6,35,106.3,4,106.0,61,,,,,,,,,,,,,,,107.1,150,,,,,,,,,,,,,,,,,,
2026-07-02T05:00:02.809623+00:00,2026-07-02T05:00:02.798835,3,1,106.85,0.5,106.6,34,106.3,4,106.0,61,,,,,,,,,,,,,,,107.1,150,,,,,,,,,,,,,,,,,,
2026-07-02T05:00:02.887933+00:00,2026-07-02T05:00:02.882039,3,1,106.85,0.5,106.6,21,106.3,4,106.0,61,,,,,,,,,,,,,,,107.1,150,,,,,,,,,,,,,,,,,,
2026-07-02T05:00:03.241816+00:00,2026-07-02T05:00:03.241752,2,1,106.85,0.5,106.6,21,106.3,4,,,,,,,,,,,,,,,,,107.1,150,,,,,,,,,,,,,,,,,,
2026-07-02T05:00:03.296100+00:00,2026-07-02T05:00:03.295982,3,1,106.85,0.5,106.6,21,106.3,4,106.2,100,,,,,,,,,,,,,,,107.1,150,,,,,,,,,,,,,,,,,,
2026-07-02T05:00:03.349370+00:00,2026-07-02T05:00:03.349267,3,2,106.65,0.1,106.6,21,106.3,4,106.2,100,,,,,,,,,,,,,,,106.7,100,107.1,150,,,,,,,,,,,,,,,,
2026-07-02T05:00:03.599123+00:00,2026-07-02T05:00:03.599301,1,2,106.45,0.5,106.2,75,,,,,,,,,,,,,,,,,,,106.7,100,107.1,150,,,,,,,,,,,,,,,,
2026-07-02T05:00:04.398748+00:00,2026-07-02T05:00:04.398663,1,2,106.45,0.5,106.2,75,,,,,,,,,,,,,,,,,,,106.7,57,107.1,150,,,,,,,,,,,,,,,,
2026-07-02T05:00:05.658565+00:00,2026-07-02T05:00:05.653194,1,2,106.45,0.5,106.2,75,,,,,,,,,,,,,,,,,,,106.7,7,107.1,150,,,,,,,,,,,,,,,,
2026-07-02T05:00:05.692048+00:00,2026-07-02T05:00:05.691994,1,1,106.45,0.5,106.2,75,,,,,,,,,,,,,,,,,,,106.7,7,,,,,,,,,,,,,,,,,,
2026-07-02T05:00:05.749729+00:00,2026-07-02T05:00:05.749660,2,1,106.45,0.5,106.2,75,106.1,150,,,,,,,,,,,,,,,,,106.7,7,,,,,,,,,,,,,,,,,,
2026-07-02T05:00:05.802130+00:00,2026-07-02T05:00:05.802035,2,2,106.4,0.4,106.2,75,106.1,150,,,,,,,,,,,,,,,,,106.6,150,106.7,7,,,,,,,,,,,,,,,,
2026-07-02T05:00:06.070605+00:00,2026-07-02T05:00:06.070518,2,2,106.4,0.4,106.2,34,106.1,150,,,,,,,,,,,,,,,,,106.6,150,106.7,7,,,,,,,,,,,,,,,,
2026-07-02T05:00:06.404439+00:00,2026-07-02T05:00:06.404357,1,1,106.35,0.5,106.1,150,,,,,,,,,,,,,,,,,,,106.6,150,,,,,,,,,,,,,,,,,,
2026-07-02T05:00:06.468997+00:00,2026-07-02T05:00:06.468816,2,1,106.5,0.2,106.4,100,106.1,150,,,,,,,,,,,,,,,,,106.6,150,,,,,,,,,,,,,,,,,,
2026-07-02T05:00:06.521793+00:00,2026-07-02T05:00:06.521680,2,2,106.5,0.2,106.4,100,106.1,150,,,,,,,,,,,,,,,,,106.6,150,106.9,100,,,,,,,,,,,,,,,,
2026-07-02T05:00:06.958659+00:00,2026-07-02T05:00:06.953299,3,2,106.5,0.2,106.4,100,106.3,5,106.1,150,,,,,,,,,,,,,,,106.6,150,106.9,100,,,,,,,,,,,,,,,,
2026-07-02T05:00:07.814212+00:00,2026-07-02T05:00:07.814070,3,2,106.5,0.2,106.4,50,106.3,5,106.1,150,,,,,,,,,,,,,,,106.6,150,106.9,100,,,,,,,,,,,,,,,,
2026-07-02T05:00:08.777518+00:00,2026-07-02T05:00:08.777479,3,2,106.5,0.2,106.4,50,106.3,4,106.1,150,,,,,,,,,,,,,,,106.6,150,106.9,100,,,,,,,,,,,,,,,,
2026-07-02T05:00:08.858591+00:00,2026-07-02T05:00:08.853003,2,1,106.65,0.5,106.4,50,106.3,4,,,,,,,,,,,,,,,,,106.9,100,,,,,,,,,,,,,,,,,,
2026-07-02T05:00:08.912398+00:00,2026-07-02T05:00:08.912238,3,1,106.65,0.5,106.4,50,106.3,4,105.9,150,,,,,,,,,,,,,,,106.9,100,,,,,,,,,,,,,,,,,,
2026-07-02T05:00:08.965262+00:00,2026-07-02T05:00:08.965210,2,2,106.35,0.1,106.3,4,105.9,150,,,,,,,,,,,,,,,,,106.4,100,106.9,100,,,,,,,,,,,,,,,,
2026-07-02T05:00:09.574487+00:00,2026-07-02T05:00:09.574448,2,1,106.35,0.1,106.3,4,105.9,150,,,,,,,,,,,,,,,,,106.4,100,,,,,,,,,,,,,,,,,,
2026-07-02T05:00:09.625333+00:00,2026-07-02T05:00:09.625245,3,1,106.35,0.1,106.3,4,106.0,100,105.9,150,,,,,,,,,,,,,,,106.4,100,,,,,,,,,,,,,,,,,,
2026-07-02T05:00:09.676651+00:00,2026-07-02T05:00:09.676579,3,2,106.35,0.1,106.3,4,106.0,100,105.9,150,,,,,,,,,,,,,,,106.4,100,106.5,100,,,,,,,,,,,,,,,,
2026-07-02T05:00:09.870573+00:00,2026-07-02T05:00:09.870502,3,2,106.35,0.1,106.3,4,106.0,100,105.9,150,,,,,,,,,,,,,,,106.4,50,106.5,100,,,,,,,,,,,,,,,,
2026-07-02T05:00:09.944273+00:00,2026-07-02T05:00:09.944230,2,2,106.2,0.4,106.0,62,105.9,150,,,,,,,,,,,,,,,,,106.4,50,106.5,100,,,,,,,,,,,,,,,,
2026-07-02T05:00:10.039965+00:00,2026-07-02T05:00:10.039841,3,3,106.35,0.1,106.3,4,106.0,62,105.9,150,,,,,,,,,,,,,,,106.4,50,106.5,100,106.6,2,,,,,,,,,,,,,,
2026-07-02T05:00:10.838290+00:00,2026-07-02T05:00:10.838183,3,3,106.35,0.1,106.3,2,106.0,62,105.9,150,,,,,,,,,,,,,,,106.4,50,106.5,100,106.6,2,,,,,,,,,,,,,,
2026-07-02T05:00:11.158625+00:00,2026-07-02T05:00:11.152842,3,3,106.35,0.1,106.3,2,106.0,62,105.9,150,,,,,,,,,,,,,,,106.4,50,106.5,100,106.6,1,,,,,,,,,,,,,,
2026-07-02T05:00:12.004954+00:00,2026-07-02T05:00:12.004794,3,2,106.35,0.1,106.3,2,106.0,62,105.9,150,,,,,,,,,,,,,,,106.4,50,106.5,100,,,,,,,,,,,,,,,,
2026-07-02T05:00:12.020294+00:00,2026-07-02T05:00:12.020236,2,1,106.4,0.2,106.3,2,106.0,62,,,,,,,,,,,,,,,,,106.5,100,,,,,,,,,,,,,,,,,,
2026-07-02T05:00:12.073640+00:00,2026-07-02T05:00:12.073478,2,1,106.4,0.2,106.3,152,106.0,62,,,,,,,,,,,,,,,,,106.5,100,,,,,,,,,,,,,,,,,,
2026-07-02T05:00:12.124444+00:00,2026-07-02T05:00:12.124412,2,2,106.4,0.2,106.3,152,106.0,62,,,,,,,,,,,,,,,,,106.5,100,106.8,150,,,,,,,,,,,,,,,,
2026-07-02T05:00:12.732503+00:00,2026-07-02T05:00:12.732376,1,1,106.55,0.5,106.3,152,,,,,,,,,,,,,,,,,,,106.8,150,,,,,,,,,,,,,,,,,,
2026-07-02T05:00:12.787252+00:00,2026-07-02T05:00:12.787110,2,1,106.55,0.5,106.3,152,105.8,100,,,,,,,,,,,,,,,,,106.8,150,,,,,,,,,,,,,,,,,,
2026-07-02T05:00:12.840100+00:00,2026-07-02T05:00:12.839945,2,1,106.55,0.5,106.3,52,105.8,100,,,,,,,,,,,,,,,,,106.8,150,,,,,,,,,,,,,,,,,,
2026-07-02T05:00:13.277387+00:00,2026-07-02T05:00:13.277527,2,1,106.55,0.5,106.3,52,105.8,100,,,,,,,,,,,,,,,,,106.8,107,,,,,,,,,,,,,,,,,,
2026-07-02T05:00:14.969071+00:00,2026-07-02T05:00:14.968899,2,1,106.55,0.5,106.3,57,105.8,100,,,,,,,,,,,,,,,,,106.8,107,,,,,,,,,,,,,,,,,,
2026-07-02T05:00:15.179909+00:00,2026-07-02T05:00:15.179981,2,0,,,106.3,57,105.8,100,,,,,,,,,,,,,,,,,,,,,,,,,,,,,,,,,,,,
2026-07-02T05:00:15.185183+00:00,2026-07-02T05:00:15.185138,2,0,,,106.3,5,105.8,100,,,,,,,,,,,,,,,,,,,,,,,,,,,,,,,,,,,,
2026-07-02T05:00:15.238857+00:00,2026-07-02T05:00:15.238945,3,0,,,106.3,5,106.0,150,105.8,100,,,,,,,,,,,,,,,,,,,,,,,,,,,,,,,,,,
2026-07-02T05:00:15.291330+00:00,2026-07-02T05:00:15.291276,3,1,106.4,0.2,106.3,5,106.0,150,105.8,100,,,,,,,,,,,,,,,106.5,150,,,,,,,,,,,,,,,,,,
2026-07-02T05:00:15.438268+00:00,2026-07-02T05:00:15.438127,2,1,106.25,0.5,106.0,109,105.8,100,,,,,,,,,,,,,,,,,106.5,150,,,,,,,,,,,,,,,,,,
2026-07-02T05:00:15.458615+00:00,2026-07-02T05:00:15.456894,3,1,106.4,0.2,106.3,5,106.0,109,105.8,100,,,,,,,,,,,,,,,106.5,150,,,,,,,,,,,,,,,,,,
2026-07-02T05:00:15.896627+00:00,2026-07-02T05:00:15.896501,2,1,106.4,0.2,106.3,5,106.0,109,,,,,,,,,,,,,,,,,106.5,150,,,,,,,,,,,,,,,,,,
2026-07-02T05:00:15.946483+00:00,2026-07-02T05:00:15.946598,3,1,106.4,0.2,106.3,5,106.1,100,106.0,109,,,,,,,,,,,,,,,106.5,150,,,,,,,,,,,,,,,,,,
2026-07-02T05:00:16.001911+00:00,2026-07-02T05:00:16.001823,3,2,106.4,0.2,106.3,5,106.1,100,106.0,109,,,,,,,,,,,,,,,106.5,150,106.6,100,,,,,,,,,,,,,,,,
2026-07-02T05:00:16.252381+00:00,2026-07-02T05:00:16.252301,2,2,106.3,0.4,106.1,55,106.0,109,,,,,,,,,,,,,,,,,106.5,150,106.6,100,,,,,,,,,,,,,,,,
2026-07-02T05:00:17.303993+00:00,2026-07-02T05:00:17.303916,2,2,106.3,0.4,106.1,55,106.0,109,,,,,,,,,,,,,,,,,106.5,101,106.6,100,,,,,,,,,,,,,,,,
2026-07-02T05:00:18.309023+00:00,2026-07-02T05:00:18.308937,2,2,106.3,0.4,106.1,55,106.0,109,,,,,,,,,,,,,,,,,106.5,51,106.6,100,,,,,,,,,,,,,,,,
2026-07-02T05:00:18.343237+00:00,2026-07-02T05:00:18.343117,1,1,106.35,0.5,106.1,55,,,,,,,,,,,,,,,,,,,106.6,100,,,,,,,,,,,,,,,,,,
2026-07-02T05:00:18.394231+00:00,2026-07-02T05:00:18.394148,2,1,106.45,0.3,106.3,150,106.1,55,,,,,,,,,,,,,,,,,106.6,100,,,,,,,,,,,,,,,,,,
2026-07-02T05:00:18.399490+00:00,2026-07-02T05:00:18.399378,2,1,106.45,0.3,106.3,105,106.1,55,,,,,,,,,,,,,,,,,106.6,100,,,,,,,,,,,,,,,,,,
2026-07-02T05:00:18.448499+00:00,2026-07-02T05:00:18.458696,2,2,106.45,0.3,106.3,105,106.1,55,,,,,,,,,,,,,,,,,106.6,100,106.8,150,,,,,,,,,,,,,,,,
2026-07-02T05:00:19.063922+00:00,2026-07-02T05:00:19.063801,1,1,106.55,0.5,106.3,105,,,,,,,,,,,,,,,,,,,106.8,150,,,,,,,,,,,,,,,,,,
2026-07-02T05:00:19.106233+00:00,2026-07-02T05:00:19.106120,2,1,106.55,0.5,106.3,105,106.0,100,,,,,,,,,,,,,,,,,106.8,150,,,,,,,,,,,,,,,,,,
2026-07-02T05:00:19.181495+00:00,2026-07-02T05:00:19.181423,2,2,106.4,0.2,106.3,105,106.0,100,,,,,,,,,,,,,,,,,106.5,100,106.8,150,,,,,,,,,,,,,,,,
2026-07-02T05:00:19.783792+00:00,2026-07-02T05:00:19.783694,2,2,106.4,0.2,106.3,105,106.0,100,,,,,,,,,,,,,,,,,106.5,106,106.8,150,,,,,,,,,,,,,,,,
2026-07-02T05:00:20.414191+00:00,2026-07-02T05:00:20.414144,2,2,106.4,0.2,106.3,105,106.0,100,,,,,,,,,,,,,,,,,106.5,56,106.8,150,,,,,,,,,,,,,,,,
2026-07-02T05:00:20.870362+00:00,2026-07-02T05:00:20.870248,2,2,106.4,0.2,106.3,105,106.0,100,,,,,,,,,,,,,,,,,106.5,55,106.8,150,,,,,,,,,,,,,,,,
2026-07-02T05:00:20.875644+00:00,2026-07-02T05:00:20.875535,3,2,106.4,0.2,106.3,105,106.2,1,106.0,100,,,,,,,,,,,,,,,106.5,55,106.8,150,,,,,,,,,,,,,,,,
2026-07-02T05:00:21.063785+00:00,2026-07-02T05:00:21.064008,3,2,106.4,0.2,106.3,105,106.2,1,106.0,100,,,,,,,,,,,,,,,106.5,54,106.8,150,,,,,,,,,,,,,,,,
2026-07-02T05:00:21.282691+00:00,2026-07-02T05:00:21.282546,3,2,106.4,0.2,106.3,60,106.2,1,106.0,100,,,,,,,,,,,,,,,106.5,54,106.8,150,,,,,,,,,,,,,,,,
2026-07-02T05:00:21.504386+00:00,2026-07-02T05:00:21.504357,2,1,106.35,0.3,106.2,1,106.0,100,,,,,,,,,,,,,,,,,106.5,54,,,,,,,,,,,,,,,,,,
2026-07-02T05:00:21.564735+00:00,2026-07-02T05:00:21.564691,3,1,106.35,0.3,106.2,1,106.0,100,105.8,150,,,,,,,,,,,,,,,106.5,54,,,,,,,,,,,,,,,,,,
2026-07-02T05:00:21.619493+00:00,2026-07-02T05:00:21.619438,3,2,106.25,0.1,106.2,1,106.0,100,105.8,150,,,,,,,,,,,,,,,106.3,150,106.5,54,,,,,,,,,,,,,,,,
2026-07-02T05:00:21.777365+00:00,2026-07-02T05:00:21.777231,3,2,106.25,0.1,106.2,1,106.0,100,105.8,150,,,,,,,,,,,,,,,106.3,108,106.5,54,,,,,,,,,,,,,,,,
2026-07-02T05:00:22.232264+00:00,2026-07-02T05:00:22.232396,2,2,106.25,0.1,106.2,1,105.8,150,,,,,,,,,,,,,,,,,106.3,108,106.5,4,,,,,,,,,,,,,,,,
2026-07-02T05:00:22.288054+00:00,2026-07-02T05:00:22.287954,3,2,106.25,0.1,106.2,1,106.0,100,105.8,150,,,,,,,,,,,,,,,106.3,108,106.5,4,,,,,,,,,,,,,,,,
2026-07-02T05:00:22.335271+00:00,2026-07-02T05:00:22.335137,3,2,106.25,0.1,106.2,1,106.0,100,105.8,150,,,,,,,,,,,,,,,106.3,108,106.5,104,,,,,,,,,,,,,,,,
2026-07-02T05:00:22.521417+00:00,2026-07-02T05:00:22.521305,3,2,106.25,0.1,106.2,1,106.0,100,105.8,150,,,,,,,,,,,,,,,106.3,58,106.5,104,,,,,,,,,,,,,,,,
2026-07-02T05:00:24.258716+00:00,2026-07-02T05:00:24.251772,3,2,106.25,0.1,106.2,1,106.0,100,105.8,150,,,,,,,,,,,,,,,106.3,58,106.5,103,,,,,,,,,,,,,,,,
2026-07-02T05:00:24.635357+00:00,2026-07-02T05:00:24.635336,3,2,106.25,0.1,106.2,1,106.0,100,105.8,150,,,,,,,,,,,,,,,106.3,8,106.5,103,,,,,,,,,,,,,,,,
2026-07-02T05:00:24.676662+00:00,2026-07-02T05:00:24.676546,2,1,106.35,0.3,106.2,1,106.0,100,,,,,,,,,,,,,,,,,106.5,103,,,,,,,,,,,,,,,,,,
2026-07-02T05:00:24.728023+00:00,2026-07-02T05:00:24.727979,3,1,106.45,0.1,106.4,150,106.2,1,106.0,100,,,,,,,,,,,,,,,106.5,103,,,,,,,,,,,,,,,,,,
2026-07-02T05:00:24.783385+00:00,2026-07-02T05:00:24.783267,3,2,106.45,0.1,106.4,150,106.2,1,106.0,100,,,,,,,,,,,,,,,106.5,103,106.9,150,,,,,,,,,,,,,,,,
2026-07-02T05:00:25.258661+00:00,2026-07-02T05:00:25.254554,3,2,106.45,0.1,106.4,150,106.2,1,106.0,100,,,,,,,,,,,,,,,106.5,102,106.9,150,,,,,,,,,,,,,,,,
2026-07-02T05:00:25.394135+00:00,2026-07-02T05:00:25.394091,2,2,106.45,0.1,106.4,150,106.2,1,,,,,,,,,,,,,,,,,106.5,2,106.9,150,,,,,,,,,,,,,,,,
2026-07-02T05:00:25.437232+00:00,2026-07-02T05:00:25.437108,2,2,106.45,0.1,106.4,102,106.2,1,,,,,,,,,,,,,,,,,106.5,2,106.9,150,,,,,,,,,,,,,,,,
2026-07-02T05:00:25.442180+00:00,2026-07-02T05:00:25.442280,3,2,106.45,0.1,106.4,102,106.2,1,106.1,100,,,,,,,,,,,,,,,106.5,2,106.9,150,,,,,,,,,,,,,,,,
2026-07-02T05:00:25.499275+00:00,2026-07-02T05:00:25.499229,3,3,106.45,0.1,106.4,102,106.2,1,106.1,100,,,,,,,,,,,,,,,106.5,2,106.6,100,106.9,150,,,,,,,,,,,,,,
2026-07-02T05:00:26.748643+00:00,2026-07-02T05:00:26.748502,3,2,106.5,0.2,106.4,102,106.2,1,106.1,100,,,,,,,,,,,,,,,106.6,52,106.9,150,,,,,,,,,,,,,,,,
2026-07-02T05:00:26.782112+00:00,2026-07-02T05:00:26.782037,3,3,106.45,0.1,106.4,102,106.2,1,106.1,100,,,,,,,,,,,,,,,106.5,2,106.6,52,106.9,150,,,,,,,,,,,,,,
2026-07-02T05:00:27.838103+00:00,2026-07-02T05:00:27.838025,2,2,106.35,0.3,106.2,1,106.1,100,,,,,,,,,,,,,,,,,106.5,2,106.6,52,,,,,,,,,,,,,,,,
2026-07-02T05:00:27.890139+00:00,2026-07-02T05:00:27.890106,2,2,106.35,0.3,106.2,1,106.1,250,,,,,,,,,,,,,,,,,106.5,2,106.6,52,,,,,,,,,,,,,,,,
2026-07-02T05:00:27.942877+00:00,2026-07-02T05:00:27.942749,2,2,106.35,0.3,106.2,1,106.1,250,,,,,,,,,,,,,,,,,106.5,2,106.6,202,,,,,,,,,,,,,,,,
2026-07-02T05:00:28.558668+00:00,2026-07-02T05:00:28.552822,2,2,106.35,0.3,106.2,1,106.1,150,,,,,,,,,,,,,,,,,106.5,2,106.6,150,,,,,,,,,,,,,,,,
2026-07-02T05:00:28.606798+00:00,2026-07-02T05:00:28.606676,2,2,106.35,0.3,106.2,101,106.1,150,,,,,,,,,,,,,,,,,106.5,2,106.6,150,,,,,,,,,,,,,,,,
2026-07-02T05:00:28.658603+00:00,2026-07-02T05:00:28.657219,2,3,106.35,0.3,106.2,101,106.1,150,,,,,,,,,,,,,,,,,106.5,2,106.6,150,106.7,100,,,,,,,,,,,,,,
2026-07-02T05:00:28.868960+00:00,2026-07-02T05:00:28.868890,2,2,106.4,0.4,106.2,101,106.1,150,,,,,,,,,,,,,,,,,106.6,102,106.7,100,,,,,,,,,,,,,,,,
2026-07-02T05:00:30.525070+00:00,2026-07-02T05:00:30.525041,2,2,106.4,0.4,106.2,101,106.1,150,,,,,,,,,,,,,,,,,106.6,61,106.7,100,,,,,,,,,,,,,,,,
2026-07-02T05:00:30.983935+00:00,2026-07-02T05:00:30.983808,2,2,106.4,0.4,106.2,101,106.1,150,,,,,,,,,,,,,,,,,106.6,11,106.7,100,,,,,,,,,,,,,,,,
2026-07-02T05:00:30.997195+00:00,2026-07-02T05:00:30.997340,1,1,106.45,0.5,106.2,101,,,,,,,,,,,,,,,,,,,106.7,100,,,,,,,,,,,,,,,,,,
2026-07-02T05:00:31.058544+00:00,2026-07-02T05:00:31.047742,2,0,,,106.8,50,106.2,101,,,,,,,,,,,,,,,,,,,,,,,,,,,,,,,,,,,,
2026-07-02T05:00:31.122645+00:00,2026-07-02T05:00:31.111891,2,1,107.05,0.5,106.8,36,106.2,101,,,,,,,,,,,,,,,,,107.3,150,,,,,,,,,,,,,,,,,,
2026-07-02T05:00:31.710217+00:00,2026-07-02T05:00:31.710188,2,1,107.05,0.5,106.8,36,106.2,1,,,,,,,,,,,,,,,,,107.3,150,,,,,,,,,,,,,,,,,,
2026-07-02T05:00:31.763825+00:00,2026-07-02T05:00:31.763799,3,1,107.05,0.5,106.8,36,106.6,100,106.2,1,,,,,,,,,,,,,,,107.3,150,,,,,,,,,,,,,,,,,,
2026-07-02T05:00:31.818589+00:00,2026-07-02T05:00:31.818549,3,2,106.95,0.3,106.8,36,106.6,100,106.2,1,,,,,,,,,,,,,,,107.1,100,107.3,150,,,,,,,,,,,,,,,,
2026-07-02T05:00:32.525834+00:00,2026-07-02T05:00:32.525714,3,2,106.95,0.3,106.8,36,106.6,100,106.2,1,,,,,,,,,,,,,,,107.1,59,107.3,150,,,,,,,,,,,,,,,,
2026-07-02T05:00:33.115502+00:00,2026-07-02T05:00:33.115703,3,2,106.95,0.3,106.8,36,106.6,100,106.2,1,,,,,,,,,,,,,,,107.1,9,107.3,150,,,,,,,,,,,,,,,,
2026-07-02T05:00:33.120982+00:00,2026-07-02T05:00:33.120938,2,2,106.95,0.3,106.8,36,106.6,100,,,,,,,,,,,,,,,,,107.1,9,107.3,150,,,,,,,,,,,,,,,,
2026-07-02T05:00:34.158657+00:00,2026-07-02T05:00:34.156709,1,1,106.85,0.5,106.6,100,,,,,,,,,,,,,,,,,,,107.1,9,,,,,,,,,,,,,,,,,,
2026-07-02T05:00:34.216331+00:00,2026-07-02T05:00:34.216205,2,1,106.85,0.5,106.6,100,106.3,150,,,,,,,,,,,,,,,,,107.1,9,,,,,,,,,,,,,,,,,,
2026-07-02T05:00:34.263962+00:00,2026-07-02T05:00:34.263875,2,2,106.7,0.2,106.6,100,106.3,150,,,,,,,,,,,,,,,,,106.8,150,107.1,9,,,,,,,,,,,,,,,,
2026-07-02T05:00:34.409712+00:00,2026-07-02T05:00:34.409619,3,2,106.7,0.2,106.6,100,106.4,5,106.3,150,,,,,,,,,,,,,,,106.8,150,107.1,9,,,,,,,,,,,,,,,,
2026-07-02T05:00:34.874699+00:00,2026-07-02T05:00:34.874581,3,1,106.7,0.2,106.6,100,106.4,5,106.3,150,,,,,,,,,,,,,,,106.8,150,,,,,,,,,,,,,,,,,,
2026-07-02T05:00:34.879882+00:00,2026-07-02T05:00:34.879764,2,1,106.6,0.4,106.4,5,106.3,150,,,,,,,,,,,,,,,,,106.8,150,,,,,,,,,,,,,,,,,,
2026-07-02T05:00:34.922105+00:00,2026-07-02T05:00:34.922034,1,1,106.55,0.5,106.3,113,,,,,,,,,,,,,,,,,,,106.8,150,,,,,,,,,,,,,,,,,,
2026-07-02T05:00:34.932655+00:00,2026-07-02T05:00:34.932543,2,1,106.75,0.1,106.7,100,106.3,113,,,,,,,,,,,,,,,,,106.8,150,,,,,,,,,,,,,,,,,,
2026-07-02T05:00:34.988320+00:00,2026-07-02T05:00:34.988259,2,2,106.75,0.1,106.7,100,106.3,113,,,,,,,,,,,,,,,,,106.8,150,107.2,100,,,,,,,,,,,,,,,,
2026-07-02T05:00:35.226033+00:00,2026-07-02T05:00:35.225939,2,2,106.75,0.1,106.7,100,106.3,113,,,,,,,,,,,,,,,,,106.8,100,107.2,100,,,,,,,,,,,,,,,,
2026-07-02T05:00:35.796539+00:00,2026-07-02T05:00:35.796703,3,2,106.75,0.1,106.7,100,106.4,4,106.3,113,,,,,,,,,,,,,,,106.8,100,107.2,100,,,,,,,,,,,,,,,,
2026-07-02T05:00:35.820758+00:00,2026-07-02T05:00:35.820657,3,2,106.75,0.1,106.7,58,106.4,4,106.3,113,,,,,,,,,,,,,,,106.8,100,107.2,100,,,,,,,,,,,,,,,,
2026-07-02T05:00:36.235451+00:00,2026-07-02T05:00:36.235288,3,2,106.75,0.1,106.7,58,106.4,3,106.3,113,,,,,,,,,,,,,,,106.8,100,107.2,100,,,,,,,,,,,,,,,,
2026-07-02T05:00:37.105633+00:00,2026-07-02T05:00:37.105595,3,2,106.75,0.1,106.7,58,106.4,2,106.3,113,,,,,,,,,,,,,,,106.8,100,107.2,100,,,,,,,,,,,,,,,,
2026-07-02T05:00:37.333243+00:00,2026-07-02T05:00:37.333201,2,1,106.95,0.5,106.7,58,106.4,2,,,,,,,,,,,,,,,,,107.2,100,,,,,,,,,,,,,,,,,,
2026-07-02T05:00:37.338546+00:00,2026-07-02T05:00:37.338445,2,1,106.95,0.5,106.7,58,106.4,2,,,,,,,,,,,,,,,,,107.2,50,,,,,,,,,,,,,,,,,,
2026-07-02T05:00:37.389982+00:00,2026-07-02T05:00:37.389880,3,1,106.95,0.5,106.7,58,106.4,2,106.3,150,,,,,,,,,,,,,,,107.2,50,,,,,,,,,,,,,,,,,,
2026-07-02T05:00:37.443919+00:00,2026-07-02T05:00:37.443839,3,2,106.75,0.1,106.7,58,106.4,2,106.3,150,,,,,,,,,,,,,,,106.8,150,107.2,50,,,,,,,,,,,,,,,,
2026-07-02T05:00:38.038496+00:00,2026-07-02T05:00:38.038678,3,1,106.75,0.1,106.7,58,106.4,2,106.3,150,,,,,,,,,,,,,,,106.8,150,,,,,,,,,,,,,,,,,,
2026-07-02T05:00:38.043987+00:00,2026-07-02T05:00:38.043857,2,1,106.6,0.4,106.4,2,106.3,150,,,,,,,,,,,,,,,,,106.8,150,,,,,,,,,,,,,,,,,,
2026-07-02T05:00:38.098126+00:00,2026-07-02T05:00:38.098097,2,1,106.6,0.4,106.4,2,106.3,150,,,,,,,,,,,,,,,,,106.8,50,,,,,,,,,,,,,,,,,,
2026-07-02T05:00:38.150676+00:00,2026-07-02T05:00:38.150546,2,2,106.6,0.4,106.4,1,106.3,150,,,,,,,,,,,,,,,,,106.8,50,107.3,100,,,,,,,,,,,,,,,,
2026-07-02T05:00:38.802005+00:00,2026-07-02T05:00:38.801867,2,2,106.6,0.4,106.4,1,106.3,150,,,,,,,,,,,,,,,,,106.8,3,107.3,100,,,,,,,,,,,,,,,,
2026-07-02T05:00:39.309462+00:00,2026-07-02T05:00:39.309384,2,1,106.85,0.9,106.4,1,106.3,150,,,,,,,,,,,,,,,,,107.3,100,,,,,,,,,,,,,,,,,,
2026-07-02T05:00:40.497439+00:00,2026-07-02T05:00:40.497397,1,1,106.85,0.9,106.4,1,,,,,,,,,,,,,,,,,,,107.3,100,,,,,,,,,,,,,,,,,,
2026-07-02T05:00:40.561480+00:00,2026-07-02T05:00:40.555876,1,1,107.2,0.2,107.1,147,,,,,,,,,,,,,,,,,,,107.3,100,,,,,,,,,,,,,,,,,,
2026-07-02T05:00:40.604518+00:00,2026-07-02T05:00:40.604608,1,2,107.2,0.2,107.1,147,,,,,,,,,,,,,,,,,,,107.3,100,107.6,150,,,,,,,,,,,,,,,,
2026-07-02T05:00:40.675648+00:00,2026-07-02T05:00:40.675577,1,2,107.2,0.2,107.1,122,,,,,,,,,,,,,,,,,,,107.3,100,107.6,150,,,,,,,,,,,,,,,,
2026-07-02T05:00:40.889203+00:00,2026-07-02T05:00:40.889070,1,2,107.2,0.2,107.1,97,,,,,,,,,,,,,,,,,,,107.3,100,107.6,150,,,,,,,,,,,,,,,,
2026-07-02T05:00:40.931263+00:00,2026-07-02T05:00:40.931114,1,2,107.2,0.2,107.1,51,,,,,,,,,,,,,,,,,,,107.3,100,107.6,150,,,,,,,,,,,,,,,,
2026-07-02T05:00:40.998540+00:00,2026-07-02T05:00:40.992339,1,2,107.2,0.2,107.1,40,,,,,,,,,,,,,,,,,,,107.3,100,107.6,150,,,,,,,,,,,,,,,,
2026-07-02T05:00:41.098673+00:00,2026-07-02T05:00:41.098814,1,2,107.2,0.2,107.1,15,,,,,,,,,,,,,,,,,,,107.3,100,107.6,150,,,,,,,,,,,,,,,,
2026-07-02T05:00:41.208161+00:00,2026-07-02T05:00:41.208129,1,1,107.35,0.5,107.1,15,,,,,,,,,,,,,,,,,,,107.6,150,,,,,,,,,,,,,,,,,,
2026-07-02T05:00:41.258602+00:00,2026-07-02T05:00:41.255611,2,1,107.35,0.5,107.1,15,106.6,100,,,,,,,,,,,,,,,,,107.6,150,,,,,,,,,,,,,,,,,,
2026-07-02T05:00:41.310931+00:00,2026-07-02T05:00:41.310892,1,2,106.85,0.5,106.6,100,,,,,,,,,,,,,,,,,,,107.1,100,107.6,150,,,,,,,,,,,,,,,,
2026-07-02T05:00:41.549104+00:00,2026-07-02T05:00:41.548923,1,2,106.85,0.5,106.6,100,,,,,,,,,,,,,,,,,,,107.1,50,107.6,150,,,,,,,,,,,,,,,,
2026-07-02T05:00:43.187556+00:00,2026-07-02T05:00:43.187518,1,2,106.85,0.5,106.6,104,,,,,,,,,,,,,,,,,,,107.1,50,107.6,150,,,,,,,,,,,,,,,,
2026-07-02T05:00:43.418204+00:00,2026-07-02T05:00:43.418096,1,3,106.75,0.3,106.6,104,,,,,,,,,,,,,,,,,,,106.9,1,107.1,50,107.6,150,,,,,,,,,,,,,,
2026-07-02T05:00:43.658562+00:00,2026-07-02T05:00:43.655416,1,1,106.85,0.5,106.6,104,,,,,,,,,,,,,,,,,,,107.1,1,,,,,,,,,,,,,,,,,,
2026-07-02T05:00:43.711859+00:00,2026-07-02T05:00:43.711825,2,1,106.85,0.5,106.6,104,106.3,150,,,,,,,,,,,,,,,,,107.1,1,,,,,,,,,,,,,,,,,,
2026-07-02T05:00:43.773715+00:00,2026-07-02T05:00:43.767948,2,2,106.7,0.2,106.6,104,106.3,150,,,,,,,,,,,,,,,,,106.8,139,107.1,1,,,,,,,,,,,,,,,,
2026-07-02T05:00:44.043920+00:00,2026-07-02T05:00:44.043797,2,2,106.7,0.2,106.6,104,106.3,150,,,,,,,,,,,,,,,,,106.8,90,107.1,1,,,,,,,,,,,,,,,,
2026-07-02T05:00:44.160621+00:00,2026-07-02T05:00:44.160597,2,3,106.7,0.2,106.6,104,106.3,150,,,,,,,,,,,,,,,,,106.8,90,106.9,2,107.1,1,,,,,,,,,,,,,,
2026-07-02T05:00:44.368076+00:00,2026-07-02T05:00:44.367995,2,2,106.7,0.2,106.6,4,106.3,150,,,,,,,,,,,,,,,,,106.8,90,106.9,2,,,,,,,,,,,,,,,,
2026-07-02T05:00:44.421514+00:00,2026-07-02T05:00:44.421381,3,2,106.75,0.1,106.7,100,106.6,4,106.3,150,,,,,,,,,,,,,,,106.8,90,106.9,2,,,,,,,,,,,,,,,,
2026-07-02T05:00:44.474062+00:00,2026-07-02T05:00:44.474169,3,3,106.75,0.1,106.7,100,106.6,4,106.3,150,,,,,,,,,,,,,,,106.8,90,106.9,2,107.2,100,,,,,,,,,,,,,,
2026-07-02T05:00:44.776502+00:00,2026-07-02T05:00:44.776603,3,3,106.75,0.1,106.7,100,106.6,4,106.3,150,,,,,,,,,,,,,,,106.8,90,106.9,1,107.2,100,,,,,,,,,,,,,,
2026-07-02T05:00:44.926461+00:00,2026-07-02T05:00:44.926302,3,3,106.75,0.1,106.7,75,106.6,4,106.3,150,,,,,,,,,,,,,,,106.8,90,106.9,1,107.2,100,,,,,,,,,,,,,,
2026-07-02T05:00:45.137157+00:00,2026-07-02T05:00:45.137071,3,3,106.75,0.1,106.7,50,106.6,4,106.3,150,,,,,,,,,,,,,,,106.8,90,106.9,1,107.2,100,,,,,,,,,,,,,,
2026-07-02T05:00:45.342315+00:00,2026-07-02T05:00:45.342195,3,3,106.75,0.1,106.7,25,106.6,4,106.3,150,,,,,,,,,,,,,,,106.8,90,106.9,1,107.2,100,,,,,,,,,,,,,,
2026-07-02T05:00:45.554441+00:00,2026-07-02T05:00:45.554383,2,3,106.7,0.2,106.6,4,106.3,150,,,,,,,,,,,,,,,,,106.8,90,106.9,1,107.2,100,,,,,,,,,,,,,,
2026-07-02T05:00:45.692238+00:00,2026-07-02T05:00:45.692429,2,3,106.7,0.2,106.6,4,106.3,150,,,,,,,,,,,,,,,,,106.8,50,106.9,1,107.2,100,,,,,,,,,,,,,,
2026-07-02T05:00:45.745897+00:00,2026-07-02T05:00:45.745815,1,3,106.55,0.5,106.3,110,,,,,,,,,,,,,,,,,,,106.8,50,106.9,1,107.2,100,,,,,,,,,,,,,,
2026-07-02T05:00:45.831008+00:00,2026-07-02T05:00:45.830826,1,3,106.55,0.5,106.3,60,,,,,,,,,,,,,,,,,,,106.8,50,106.9,1,107.2,100,,,,,,,,,,,,,,
2026-07-02T05:00:46.816140+00:00,2026-07-02T05:00:46.816016,0,2,,,,,,,,,,,,,,,,,,,,,,,106.9,1,107.2,100,,,,,,,,,,,,,,,,
2026-07-02T05:00:46.871571+00:00,2026-07-02T05:00:46.871439,1,2,106.65,0.5,106.4,150,,,,,,,,,,,,,,,,,,,106.9,1,107.2,100,,,,,,,,,,,,,,,,
2026-07-02T05:00:46.933974+00:00,2026-07-02T05:00:46.933840,1,2,106.65,0.5,106.4,150,,,,,,,,,,,,,,,,,,,106.9,151,107.2,100,,,,,,,,,,,,,,,,
2026-07-02T05:00:47.348750+00:00,2026-07-02T05:00:47.348614,1,2,106.65,0.5,106.4,109,,,,,,,,,,,,,,,,,,,106.9,151,107.2,100,,,,,,,,,,,,,,,,
2026-07-02T05:00:47.524905+00:00,2026-07-02T05:00:47.524815,1,1,106.65,0.5,106.4,109,,,,,,,,,,,,,,,,,,,106.9,151,,,,,,,,,,,,,,,,,,
2026-07-02T05:00:47.578966+00:00,2026-07-02T05:00:47.579064,2,1,106.7,0.4,106.5,100,106.4,109,,,,,,,,,,,,,,,,,106.9,151,,,,,,,,,,,,,,,,,,
2026-07-02T05:00:47.639181+00:00,2026-07-02T05:00:47.639055,2,2,106.7,0.4,106.5,100,106.4,109,,,,,,,,,,,,,,,,,106.9,151,107.0,100,,,,,,,,,,,,,,,,
2026-07-02T05:00:47.885346+00:00,2026-07-02T05:00:47.885211,2,2,106.7,0.4,106.5,100,106.4,109,,,,,,,,,,,,,,,,,106.9,101,107.0,100,,,,,,,,,,,,,,,,
2026-07-02T05:00:49.987329+00:00,2026-07-02T05:00:49.987247,1,1,106.75,0.5,106.5,100,,,,,,,,,,,,,,,,,,,107.0,100,,,,,,,,,,,,,,,,,,
2026-07-02T05:00:50.058803+00:00,2026-07-02T05:00:50.058772,2,1,106.75,0.5,106.5,50,106.2,150,,,,,,,,,,,,,,,,,107.0,100,,,,,,,,,,,,,,,,,,
2026-07-02T05:00:50.107651+00:00,2026-07-02T05:00:50.107590,2,2,106.6,0.2,106.5,50,106.2,150,,,,,,,,,,,,,,,,,106.7,150,107.0,100,,,,,,,,,,,,,,,,
2026-07-02T05:00:50.693094+00:00,2026-07-02T05:00:50.685281,1,1,106.45,0.5,106.2,150,,,,,,,,,,,,,,,,,,,106.7,150,,,,,,,,,,,,,,,,,,
2026-07-02T05:00:50.747888+00:00,2026-07-02T05:00:50.747847,2,1,106.45,0.5,106.2,150,106.1,100,,,,,,,,,,,,,,,,,106.7,150,,,,,,,,,,,,,,,,,,
2026-07-02T05:00:50.796607+00:00,2026-07-02T05:00:50.796581,2,2,106.4,0.4,106.2,150,106.1,100,,,,,,,,,,,,,,,,,106.6,100,106.7,150,,,,,,,,,,,,,,,,
2026-07-02T05:00:51.296666+00:00,2026-07-02T05:00:51.288945,2,2,106.4,0.4,106.2,150,106.1,100,,,,,,,,,,,,,,,,,106.6,97,106.7,150,,,,,,,,,,,,,,,,
2026-07-02T05:00:51.413943+00:00,2026-07-02T05:00:51.413898,2,2,106.4,0.4,106.2,150,106.1,100,,,,,,,,,,,,,,,,,106.6,50,106.7,150,,,,,,,,,,,,,,,,
2026-07-02T05:00:51.895322+00:00,2026-07-02T05:00:51.895261,2,3,106.4,0.4,106.2,150,106.1,100,,,,,,,,,,,,,,,,,106.6,50,106.7,150,106.9,3,,,,,,,,,,,,,,
2026-07-02T05:00:51.900602+00:00,2026-07-02T05:00:51.900504,2,3,106.4,0.4,106.2,150,106.1,100,,,,,,,,,,,,,,,,,106.6,48,106.7,150,106.9,3,,,,,,,,,,,,,,
2026-07-02T05:00:52.007911+00:00,2026-07-02T05:00:52.007734,2,3,106.4,0.4,106.2,102,106.1,100,,,,,,,,,,,,,,,,,106.6,48,106.7,150,106.9,3,,,,,,,,,,,,,,
2026-07-02T05:00:52.013202+00:00,2026-07-02T05:00:52.013064,2,3,106.4,0.4,106.2,102,106.1,100,,,,,,,,,,,,,,,,,106.6,46,106.7,150,106.9,3,,,,,,,,,,,,,,
2026-07-02T05:00:52.075668+00:00,2026-07-02T05:00:52.075526,2,3,106.4,0.4,106.2,102,106.1,100,,,,,,,,,,,,,,,,,106.6,44,106.7,150,106.9,3,,,,,,,,,,,,,,
2026-07-02T05:00:52.109229+00:00,2026-07-02T05:00:52.109159,2,2,106.45,0.5,106.2,102,106.1,100,,,,,,,,,,,,,,,,,106.7,144,106.9,3,,,,,,,,,,,,,,,,
2026-07-02T05:00:53.173911+00:00,2026-07-02T05:00:53.173784,1,1,106.5,0.8,106.1,100,,,,,,,,,,,,,,,,,,,106.9,3,,,,,,,,,,,,,,,,,,
2026-07-02T05:00:53.226648+00:00,2026-07-02T05:00:53.226605,2,1,106.5,0.8,106.1,100,106.0,150,,,,,,,,,,,,,,,,,106.9,3,,,,,,,,,,,,,,,,,,
2026-07-02T05:00:53.280159+00:00,2026-07-02T05:00:53.280108,2,2,106.3,0.4,106.1,100,106.0,150,,,,,,,,,,,,,,,,,106.5,150,106.9,3,,,,,,,,,,,,,,,,
2026-07-02T05:00:53.858663+00:00,2026-07-02T05:00:53.854020,1,2,106.25,0.5,106.0,150,,,,,,,,,,,,,,,,,,,106.5,150,106.9,3,,,,,,,,,,,,,,,,
2026-07-02T05:00:53.907013+00:00,2026-07-02T05:00:53.906798,2,2,106.45,0.1,106.4,100,106.0,150,,,,,,,,,,,,,,,,,106.5,150,106.9,3,,,,,,,,,,,,,,,,
2026-07-02T05:00:53.958649+00:00,2026-07-02T05:00:53.954452,2,2,106.45,0.1,106.4,100,106.0,150,,,,,,,,,,,,,,,,,106.5,150,106.9,103,,,,,,,,,,,,,,,,
2026-07-02T05:00:54.058605+00:00,2026-07-02T05:00:54.054901,2,2,106.45,0.1,106.4,100,106.0,150,,,,,,,,,,,,,,,,,106.5,150,106.9,100,,,,,,,,,,,,,,,,
2026-07-02T05:00:54.217873+00:00,2026-07-02T05:00:54.217834,2,2,106.45,0.1,106.4,100,106.0,150,,,,,,,,,,,,,,,,,106.5,100,106.9,100,,,,,,,,,,,,,,,,
2026-07-02T05:00:55.537207+00:00,2026-07-02T05:00:55.537137,2,2,106.45,0.1,106.4,100,106.0,150,,,,,,,,,,,,,,,,,106.5,58,106.9,100,,,,,,,,,,,,,,,,
2026-07-02T05:00:56.334657+00:00,2026-07-02T05:00:56.334558,1,1,106.65,0.5,106.4,100,,,,,,,,,,,,,,,,,,,106.9,100,,,,,,,,,,,,,,,,,,
2026-07-02T05:00:56.388384+00:00,2026-07-02T05:00:56.388477,1,1,106.65,0.5,106.4,250,,,,,,,,,,,,,,,,,,,106.9,100,,,,,,,,,,,,,,,,,,
2026-07-02T05:00:56.393770+00:00,2026-07-02T05:00:56.393732,1,1,106.65,0.5,106.4,200,,,,,,,,,,,,,,,,,,,106.9,100,,,,,,,,,,,,,,,,,,
2026-07-02T05:00:56.439676+00:00,2026-07-02T05:00:56.439560,1,1,106.65,0.5,106.4,200,,,,,,,,,,,,,,,,,,,106.9,250,,,,,,,,,,,,,,,,,,
2026-07-02T05:00:57.012737+00:00,2026-07-02T05:00:57.012670,1,1,106.65,0.5,106.4,150,,,,,,,,,,,,,,,,,,,106.9,150,,,,,,,,,,,,,,,,,,
2026-07-02T05:00:57.063654+00:00,2026-07-02T05:00:57.063853,2,1,106.65,0.5,106.4,150,106.3,100,,,,,,,,,,,,,,,,,106.9,150,,,,,,,,,,,,,,,,,,
2026-07-02T05:00:57.121185+00:00,2026-07-02T05:00:57.121139,2,2,106.6,0.4,106.4,150,106.3,100,,,,,,,,,,,,,,,,,106.8,100,106.9,150,,,,,,,,,,,,,,,,
2026-07-02T05:00:58.501131+00:00,2026-07-02T05:00:58.500982,2,2,106.6,0.4,106.4,100,106.3,100,,,,,,,,,,,,,,,,,106.8,100,106.9,150,,,,,,,,,,,,,,,,
2026-07-02T05:00:59.493519+00:00,2026-07-02T05:00:59.493636,1,1,106.55,0.5,106.3,100,,,,,,,,,,,,,,,,,,,106.8,100,,,,,,,,,,,,,,,,,,
2026-07-02T05:00:59.549184+00:00,2026-07-02T05:00:59.549116,1,1,106.55,0.5,106.3,250,,,,,,,,,,,,,,,,,,,106.8,100,,,,,,,,,,,,,,,,,,
2026-07-02T05:00:59.602007+00:00,2026-07-02T05:00:59.601924,1,1,106.55,0.5,106.3,250,,,,,,,,,,,,,,,,,,,106.8,250,,,,,,,,,,,,,,,,,,
2026-07-02T05:01:00.173308+00:00,2026-07-02T05:01:00.173132,1,1,106.55,0.5,106.3,250,,,,,,,,,,,,,,,,,,,106.8,150,,,,,,,,,,,,,,,,,,
2026-07-02T05:01:00.178415+00:00,2026-07-02T05:01:00.178330,1,1,106.55,0.5,106.3,150,,,,,,,,,,,,,,,,,,,106.8,150,,,,,,,,,,,,,,,,,,
2026-07-02T05:01:00.230957+00:00,2026-07-02T05:01:00.230855,1,1,106.55,0.5,106.3,250,,,,,,,,,,,,,,,,,,,106.8,150,,,,,,,,,,,,,,,,,,
2026-07-02T05:01:00.284772+00:00,2026-07-02T05:01:00.284650,1,1,106.55,0.5,106.3,250,,,,,,,,,,,,,,,,,,,106.8,250,,,,,,,,,,,,,,,,,,
2026-07-02T05:01:00.610444+00:00,2026-07-02T05:01:00.610336,1,1,106.55,0.5,106.3,200,,,,,,,,,,,,,,,,,,,106.8,250,,,,,,,,,,,,,,,,,,
2026-07-02T05:01:01.152810+00:00,2026-07-02T05:01:01.152765,1,1,106.55,0.5,106.3,156,,,,,,,,,,,,,,,,,,,106.8,250,,,,,,,,,,,,,,,,,,
2026-07-02T05:01:02.251255+00:00,2026-07-02T05:01:02.251143,1,2,106.5,0.4,106.3,156,,,,,,,,,,,,,,,,,,,106.7,5,106.8,250,,,,,,,,,,,,,,,,
2026-07-02T05:01:02.560984+00:00,2026-07-02T05:01:02.560890,1,1,106.55,0.5,106.3,156,,,,,,,,,,,,,,,,,,,106.8,250,,,,,,,,,,,,,,,,,,
2026-07-02T05:01:02.654941+00:00,2026-07-02T05:01:02.654870,1,1,106.55,0.5,106.3,100,,,,,,,,,,,,,,,,,,,106.8,100,,,,,,,,,,,,,,,,,,
2026-07-02T05:01:02.705536+00:00,2026-07-02T05:01:02.705625,2,1,106.55,0.5,106.3,100,105.6,150,,,,,,,,,,,,,,,,,106.8,100,,,,,,,,,,,,,,,,,,
2026-07-02T05:01:02.716149+00:00,2026-07-02T05:01:02.716037,2,1,106.55,0.5,106.3,50,105.6,150,,,,,,,,,,,,,,,,,106.8,100,,,,,,,,,,,,,,,,,,
2026-07-02T05:01:02.774549+00:00,2026-07-02T05:01:02.774463,1,2,105.85,0.5,105.6,150,,,,,,,,,,,,,,,,,,,106.1,100,106.8,100,,,,,,,,,,,,,,,,
2026-07-02T05:01:02.801134+00:00,2026-07-02T05:01:02.800934,1,2,105.85,0.5,105.6,150,,,,,,,,,,,,,,,,,,,106.1,75,106.8,100,,,,,,,,,,,,,,,,
2026-07-02T05:01:03.019465+00:00,2026-07-02T05:01:03.019152,1,2,105.85,0.5,105.6,150,,,,,,,,,,,,,,,,,,,106.1,50,106.8,100,,,,,,,,,,,,,,,,
2026-07-02T05:01:03.229864+00:00,2026-07-02T05:01:03.229723,1,2,105.85,0.5,105.6,150,,,,,,,,,,,,,,,,,,,106.1,25,106.8,100,,,,,,,,,,,,,,,,
2026-07-02T05:01:03.338893+00:00,2026-07-02T05:01:03.339038,1,1,105.85,0.5,105.6,150,,,,,,,,,,,,,,,,,,,106.1,25,,,,,,,,,,,,,,,,,,
2026-07-02T05:01:03.406608+00:00,2026-07-02T05:01:03.406447,2,1,105.9,0.4,105.7,100,105.6,150,,,,,,,,,,,,,,,,,106.1,25,,,,,,,,,,,,,,,,,,
2026-07-02T05:01:03.439713+00:00,2026-07-02T05:01:03.439630,2,0,,,105.7,100,105.6,150,,,,,,,,,,,,,,,,,,,,,,,,,,,,,,,,,,,,
2026-07-02T05:01:03.458612+00:00,2026-07-02T05:01:03.457522,2,1,105.95,0.5,105.7,100,105.6,150,,,,,,,,,,,,,,,,,106.2,100,,,,,,,,,,,,,,,,,,
2026-07-02T05:01:04.369620+00:00,2026-07-02T05:01:04.369488,2,1,105.95,0.5,105.7,100,105.6,150,,,,,,,,,,,,,,,,,106.2,53,,,,,,,,,,,,,,,,,,
2026-07-02T05:01:04.824079+00:00,2026-07-02T05:01:04.823926,2,1,105.95,0.5,105.7,50,105.6,150,,,,,,,,,,,,,,,,,106.2,53,,,,,,,,,,,,,,,,,,
2026-07-02T05:01:05.824084+00:00,2026-07-02T05:01:05.824165,1,1,105.95,0.5,105.7,50,,,,,,,,,,,,,,,,,,,106.2,53,,,,,,,,,,,,,,,,,,
2026-07-02T05:01:05.849121+00:00,2026-07-02T05:01:05.848996,1,1,105.95,0.5,105.7,50,,,,,,,,,,,,,,,,,,,106.2,28,,,,,,,,,,,,,,,,,,
2026-07-02T05:01:05.879142+00:00,2026-07-02T05:01:05.879010,2,0,,,106.3,122,105.7,50,,,,,,,,,,,,,,,,,,,,,,,,,,,,,,,,,,,,
2026-07-02T05:01:05.933230+00:00,2026-07-02T05:01:05.933102,2,1,106.55,0.5,106.3,122,105.7,50,,,,,,,,,,,,,,,,,106.8,150,,,,,,,,,,,,,,,,,,
2026-07-02T05:01:06.510373+00:00,2026-07-02T05:01:06.510298,1,1,106.55,0.5,106.3,122,,,,,,,,,,,,,,,,,,,106.8,150,,,,,,,,,,,,,,,,,,
2026-07-02T05:01:06.558585+00:00,2026-07-02T05:01:06.557861,2,1,106.55,0.5,106.3,122,106.0,100,,,,,,,,,,,,,,,,,106.8,150,,,,,,,,,,,,,,,,,,
2026-07-02T05:01:06.616478+00:00,2026-07-02T05:01:06.616352,2,2,106.4,0.2,106.3,122,106.0,100,,,,,,,,,,,,,,,,,106.5,100,106.8,150,,,,,,,,,,,,,,,,
2026-07-02T05:01:06.929932+00:00,2026-07-02T05:01:06.929767,2,2,106.4,0.2,106.3,72,106.0,100,,,,,,,,,,,,,,,,,106.5,100,106.8,150,,,,,,,,,,,,,,,,
2026-07-02T05:01:08.987438+00:00,2026-07-02T05:01:08.987337,1,1,106.25,0.5,106.0,100,,,,,,,,,,,,,,,,,,,106.5,100,,,,,,,,,,,,,,,,,,
2026-07-02T05:01:09.040089+00:00,2026-07-02T05:01:09.039947,1,1,106.25,0.5,106.0,250,,,,,,,,,,,,,,,,,,,106.5,100,,,,,,,,,,,,,,,,,,
2026-07-02T05:01:09.092319+00:00,2026-07-02T05:01:09.092185,1,1,106.25,0.5,106.0,250,,,,,,,,,,,,,,,,,,,106.5,250,,,,,,,,,,,,,,,,,,
2026-07-02T05:01:09.670321+00:00,2026-07-02T05:01:09.670216,1,1,106.25,0.5,106.0,150,,,,,,,,,,,,,,,,,,,106.5,150,,,,,,,,,,,,,,,,,,
2026-07-02T05:01:09.723949+00:00,2026-07-02T05:01:09.723847,2,1,106.3,0.4,106.1,100,106.0,150,,,,,,,,,,,,,,,,,106.5,150,,,,,,,,,,,,,,,,,,
2026-07-02T05:01:09.776463+00:00,2026-07-02T05:01:09.776363,2,2,106.3,0.4,106.1,100,106.0,150,,,,,,,,,,,,,,,,,106.5,150,106.6,100,,,,,,,,,,,,,,,,
2026-07-02T05:01:10.118892+00:00,2026-07-02T05:01:10.118685,2,2,106.3,0.4,106.1,100,106.0,150,,,,,,,,,,,,,,,,,106.5,107,106.6,100,,,,,,,,,,,,,,,,
2026-07-02T05:01:11.148797+00:00,2026-07-02T05:01:11.148654,2,2,106.3,0.4,106.1,50,106.0,150,,,,,,,,,,,,,,,,,106.5,107,106.6,100,,,,,,,,,,,,,,,,
2026-07-02T05:01:12.073226+00:00,2026-07-02T05:01:12.073148,2,2,106.3,0.4,106.1,50,106.0,150,,,,,,,,,,,,,,,,,106.5,82,106.6,100,,,,,,,,,,,,,,,,
2026-07-02T05:01:12.146023+00:00,2026-07-02T05:01:12.145907,1,1,106.35,0.5,106.1,50,,,,,,,,,,,,,,,,,,,106.6,100,,,,,,,,,,,,,,,,,,
2026-07-02T05:01:12.199190+00:00,2026-07-02T05:01:12.199290,2,1,106.55,0.1,106.5,150,106.1,50,,,,,,,,,,,,,,,,,106.6,100,,,,,,,,,,,,,,,,,,
2026-07-02T05:01:12.251888+00:00,2026-07-02T05:01:12.252010,2,2,106.55,0.1,106.5,150,106.1,50,,,,,,,,,,,,,,,,,106.6,100,107.0,150,,,,,,,,,,,,,,,,
2026-07-02T05:01:12.529054+00:00,2026-07-02T05:01:12.528992,2,2,106.55,0.1,106.5,146,106.1,50,,,,,,,,,,,,,,,,,106.6,100,107.0,150,,,,,,,,,,,,,,,,
2026-07-02T05:01:12.830871+00:00,2026-07-02T05:01:12.830766,1,1,106.75,0.5,106.5,146,,,,,,,,,,,,,,,,,,,107.0,150,,,,,,,,,,,,,,,,,,
2026-07-02T05:01:12.880097+00:00,2026-07-02T05:01:12.880004,2,1,106.75,0.5,106.5,146,105.8,100,,,,,,,,,,,,,,,,,107.0,150,,,,,,,,,,,,,,,,,,
2026-07-02T05:01:12.937070+00:00,2026-07-02T05:01:12.936932,2,1,106.75,0.5,106.5,46,105.8,100,,,,,,,,,,,,,,,,,107.0,150,,,,,,,,,,,,,,,,,,
2026-07-02T05:01:13.110100+00:00,2026-07-02T05:01:13.103998,2,1,106.75,0.5,106.5,43,105.8,100,,,,,,,,,,,,,,,,,107.0,150,,,,,,,,,,,,,,,,,,
2026-07-02T05:01:13.260036+00:00,2026-07-02T05:01:13.259963,1,1,106.4,1.2,105.8,100,,,,,,,,,,,,,,,,,,,107.0,150,,,,,,,,,,,,,,,,,,
2026-07-02T05:01:14.218696+00:00,2026-07-02T05:01:14.218633,1,1,106.4,1.2,105.8,52,,,,,,,,,,,,,,,,,,,107.0,150,,,,,,,,,,,,,,,,,,
2026-07-02T05:01:14.424666+00:00,2026-07-02T05:01:14.424864,1,2,106.15,0.7,105.8,52,,,,,,,,,,,,,,,,,,,106.5,5,107.0,150,,,,,,,,,,,,,,,,
2026-07-02T05:01:14.434107+00:00,2026-07-02T05:01:14.428981,1,2,106.15,0.7,105.8,52,,,,,,,,,,,,,,,,,,,106.5,2,107.0,150,,,,,,,,,,,,,,,,
2026-07-02T05:01:14.681988+00:00,2026-07-02T05:01:14.681940,1,1,106.4,1.2,105.8,52,,,,,,,,,,,,,,,,,,,107.0,150,,,,,,,,,,,,,,,,,,
2026-07-02T05:01:14.870436+00:00,2026-07-02T05:01:14.870284,1,2,106.15,0.7,105.8,52,,,,,,,,,,,,,,,,,,,106.5,5,107.0,150,,,,,,,,,,,,,,,,
2026-07-02T05:01:15.278358+00:00,2026-07-02T05:01:15.278481,1,1,106.4,1.2,105.8,52,,,,,,,,,,,,,,,,,,,107.0,150,,,,,,,,,,,,,,,,,,
2026-07-02T05:01:15.301610+00:00,2026-07-02T05:01:15.301566,1,0,,,105.8,52,,,,,,,,,,,,,,,,,,,,,,,,,,,,,,,,,,,,,,
2026-07-02T05:01:15.358577+00:00,2026-07-02T05:01:15.356314,2,0,,,105.8,2,105.7,150,,,,,,,,,,,,,,,,,,,,,,,,,,,,,,,,,,,,
2026-07-02T05:01:15.408260+00:00,2026-07-02T05:01:15.408186,2,1,106.0,0.4,105.8,2,105.7,150,,,,,,,,,,,,,,,,,106.2,150,,,,,,,,,,,,,,,,,,
2026-07-02T05:01:15.455760+00:00,2026-07-02T05:01:15.455846,2,2,106.0,0.4,105.8,2,105.7,150,,,,,,,,,,,,,,,,,106.2,150,106.5,5,,,,,,,,,,,,,,,,
2026-07-02T05:01:15.547207+00:00,2026-07-02T05:01:15.547038,2,2,106.0,0.4,105.8,2,105.7,150,,,,,,,,,,,,,,,,,106.2,125,106.5,5,,,,,,,,,,,,,,,,
2026-07-02T05:01:15.990082+00:00,2026-07-02T05:01:15.989983,1,2,105.95,0.5,105.7,150,,,,,,,,,,,,,,,,,,,106.2,125,106.5,5,,,,,,,,,,,,,,,,
2026-07-02T05:01:16.042085+00:00,2026-07-02T05:01:16.042029,2,2,106.0,0.4,105.8,100,105.7,150,,,,,,,,,,,,,,,,,106.2,125,106.5,5,,,,,,,,,,,,,,,,
2026-07-02T05:01:16.113090+00:00,2026-07-02T05:01:16.112929,2,3,106.0,0.4,105.8,100,105.7,150,,,,,,,,,,,,,,,,,106.2,125,106.3,100,106.5,5,,,,,,,,,,,,,,
2026-07-02T05:01:16.737355+00:00,2026-07-02T05:01:16.737228,2,3,106.0,0.4,105.8,100,105.7,150,,,,,,,,,,,,,,,,,106.2,80,106.3,100,106.5,5,,,,,,,,,,,,,,
2026-07-02T05:01:17.242819+00:00,2026-07-02T05:01:17.242772,2,3,106.0,0.4,105.8,55,105.7,150,,,,,,,,,,,,,,,,,106.2,80,106.3,100,106.5,5,,,,,,,,,,,,,,
2026-07-02T05:01:17.420344+00:00,2026-07-02T05:01:17.420304,2,3,106.0,0.4,105.8,55,105.7,150,,,,,,,,,,,,,,,,,106.2,30,106.3,100,106.5,5,,,,,,,,,,,,,,
2026-07-02T05:01:17.532100+00:00,2026-07-02T05:01:17.527365,2,3,106.0,0.4,105.8,55,105.7,150,,,,,,,,,,,,,,,,,106.2,16,106.3,100,106.5,5,,,,,,,,,,,,,,
2026-07-02T05:01:18.465564+00:00,2026-07-02T05:01:18.465690,1,2,106.05,0.5,105.8,55,,,,,,,,,,,,,,,,,,,106.3,100,106.5,5,,,,,,,,,,,,,,,,
2026-07-02T05:01:18.567249+00:00,2026-07-02T05:01:18.564150,2,0,,,106.4,39,105.8,55,,,,,,,,,,,,,,,,,,,,,,,,,,,,,,,,,,,,
2026-07-02T05:01:18.588011+00:00,2026-07-02T05:01:18.588118,2,1,106.65,0.5,106.4,39,105.8,55,,,,,,,,,,,,,,,,,106.9,150,,,,,,,,,,,,,,,,,,
2026-07-02T05:01:19.158591+00:00,2026-07-02T05:01:19.157720,1,1,106.65,0.5,106.4,39,,,,,,,,,,,,,,,,,,,106.9,150,,,,,,,,,,,,,,,,,,
2026-07-02T05:01:19.217829+00:00,2026-07-02T05:01:19.217698,1,1,106.65,0.5,106.4,139,,,,,,,,,,,,,,,,,,,106.9,150,,,,,,,,,,,,,,,,,,
2026-07-02T05:01:19.271257+00:00,2026-07-02T05:01:19.271152,1,1,106.65,0.5,106.4,139,,,,,,,,,,,,,,,,,,,106.9,250,,,,,,,,,,,,,,,,,,
2026-07-02T05:01:20.001935+00:00,2026-07-02T05:01:20.001776,1,1,106.65,0.5,106.4,139,,,,,,,,,,,,,,,,,,,106.9,203,,,,,,,,,,,,,,,,,,
2026-07-02T05:01:20.050780+00:00,2026-07-02T05:01:20.050980,1,1,106.65,0.5,106.4,93,,,,,,,,,,,,,,,,,,,106.9,203,,,,,,,,,,,,,,,,,,
2026-07-02T05:01:20.989336+00:00,2026-07-02T05:01:20.989111,1,1,106.65,0.5,106.4,48,,,,,,,,,,,,,,,,,,,106.9,203,,,,,,,,,,,,,,,,,,
2026-07-02T05:01:21.628642+00:00,2026-07-02T05:01:21.628471,1,1,106.65,0.5,106.4,48,,,,,,,,,,,,,,,,,,,106.9,153,,,,,,,,,,,,,,,,,,
2026-07-02T05:01:21.642150+00:00,2026-07-02T05:01:21.642120,1,1,106.65,0.5,106.4,48,,,,,,,,,,,,,,,,,,,106.9,100,,,,,,,,,,,,,,,,,,
2026-07-02T05:01:21.694236+00:00,2026-07-02T05:01:21.694185,1,1,106.65,0.5,106.4,198,,,,,,,,,,,,,,,,,,,106.9,100,,,,,,,,,,,,,,,,,,
2026-07-02T05:01:21.746918+00:00,2026-07-02T05:01:21.746747,1,1,106.65,0.5,106.4,198,,,,,,,,,,,,,,,,,,,106.9,250,,,,,,,,,,,,,,,,,,
2026-07-02T05:01:21.882716+00:00,2026-07-02T05:01:21.882611,1,2,106.45,0.1,106.4,198,,,,,,,,,,,,,,,,,,,106.5,5,106.9,250,,,,,,,,,,,,,,,,
2026-07-02T05:01:21.989446+00:00,2026-07-02T05:01:21.989255,1,1,106.65,0.5,106.4,198,,,,,,,,,,,,,,,,,,,106.9,250,,,,,,,,,,,,,,,,,,
2026-07-02T05:01:22.329034+00:00,2026-07-02T05:01:22.328956,1,1,106.65,0.5,106.4,150,,,,,,,,,,,,,,,,,,,106.9,150,,,,,,,,,,,,,,,,,,
2026-07-02T05:01:22.382245+00:00,2026-07-02T05:01:22.382179,2,1,106.65,0.5,106.4,150,106.3,100,,,,,,,,,,,,,,,,,106.9,150,,,,,,,,,,,,,,,,,,
2026-07-02T05:01:22.436215+00:00,2026-07-02T05:01:22.436140,2,2,106.6,0.4,106.4,150,106.3,100,,,,,,,,,,,,,,,,,106.8,100,106.9,150,,,,,,,,,,,,,,,,
2026-07-02T05:01:22.498641+00:00,2026-07-02T05:01:22.498571,2,2,106.6,0.4,106.4,150,106.3,100,,,,,,,,,,,,,,,,,106.8,52,106.9,150,,,,,,,,,,,,,,,,
2026-07-02T05:01:23.116361+00:00,2026-07-02T05:01:23.116246,2,2,106.6,0.4,106.4,104,106.3,100,,,,,,,,,,,,,,,,,106.8,52,106.9,150,,,,,,,,,,,,,,,,
2026-07-02T05:01:23.738000+00:00,2026-07-02T05:01:23.737951,2,2,106.6,0.4,106.4,104,106.3,100,,,,,,,,,,,,,,,,,106.8,2,106.9,150,,,,,,,,,,,,,,,,
2026-07-02T05:01:24.178285+00:00,2026-07-02T05:01:24.178214,2,1,106.65,0.5,106.4,104,106.3,100,,,,,,,,,,,,,,,,,106.9,105,,,,,,,,,,,,,,,,,,
2026-07-02T05:01:24.771466+00:00,2026-07-02T05:01:24.771345,2,1,106.65,0.5,106.4,56,106.3,100,,,,,,,,,,,,,,,,,106.9,105,,,,,,,,,,,,,,,,,,
2026-07-02T05:01:24.799951+00:00,2026-07-02T05:01:24.799887,1,0,,,106.3,100,,,,,,,,,,,,,,,,,,,,,,,,,,,,,,,,,,,,,,
2026-07-02T05:01:24.858645+00:00,2026-07-02T05:01:24.853856,2,0,,,106.3,100,106.1,150,,,,,,,,,,,,,,,,,,,,,,,,,,,,,,,,,,,,
2026-07-02T05:01:24.906990+00:00,2026-07-02T05:01:24.906858,2,1,106.45,0.3,106.3,100,106.1,150,,,,,,,,,,,,,,,,,106.6,150,,,,,,,,,,,,,,,,,,
2026-07-02T05:01:25.491071+00:00,2026-07-02T05:01:25.490941,1,1,106.35,0.5,106.1,150,,,,,,,,,,,,,,,,,,,106.6,150,,,,,,,,,,,,,,,,,,
2026-07-02T05:01:25.544028+00:00,2026-07-02T05:01:25.543889,2,1,106.45,0.3,106.3,100,106.1,150,,,,,,,,,,,,,,,,,106.6,150,,,,,,,,,,,,,,,,,,
2026-07-02T05:01:25.597497+00:00,2026-07-02T05:01:25.597332,2,2,106.45,0.3,106.3,100,106.1,150,,,,,,,,,,,,,,,,,106.6,150,106.8,100,,,,,,,,,,,,,,,,
2026-07-02T05:01:25.844307+00:00,2026-07-02T05:01:25.844232,2,2,106.45,0.3,106.3,100,106.1,150,,,,,,,,,,,,,,,,,106.6,100,106.8,100,,,,,,,,,,,,,,,,
2026-07-02T05:01:26.597664+00:00,2026-07-02T05:01:26.597865,2,2,106.45,0.3,106.3,100,106.1,150,,,,,,,,,,,,,,,,,106.6,105,106.8,100,,,,,,,,,,,,,,,,
2026-07-02T05:01:26.746846+00:00,2026-07-02T05:01:26.746995,2,2,106.45,0.3,106.3,100,106.1,150,,,,,,,,,,,,,,,,,106.6,59,106.8,100,,,,,,,,,,,,,,,,
2026-07-02T05:01:27.038879+00:00,2026-07-02T05:01:27.038751,2,2,106.45,0.3,106.3,102,106.1,150,,,,,,,,,,,,,,,,,106.6,59,106.8,100,,,,,,,,,,,,,,,,
2026-07-02T05:01:27.691244+00:00,2026-07-02T05:01:27.691394,2,2,106.45,0.3,106.3,102,106.1,150,,,,,,,,,,,,,,,,,106.6,16,106.8,100,,,,,,,,,,,,,,,,
2026-07-02T05:01:27.745347+00:00,2026-07-02T05:01:27.745208,2,2,106.45,0.3,106.3,59,106.1,150,,,,,,,,,,,,,,,,,106.6,16,106.8,100,,,,,,,,,,,,,,,,
2026-07-02T05:01:27.953976+00:00,2026-07-02T05:01:27.954066,2,1,106.55,0.5,106.3,59,106.1,150,,,,,,,,,,,,,,,,,106.8,66,,,,,,,,,,,,,,,,,,
2026-07-02T05:01:27.959283+00:00,2026-07-02T05:01:27.959230,1,1,106.55,0.5,106.3,59,,,,,,,,,,,,,,,,,,,106.8,66,,,,,,,,,,,,,,,,,,
2026-07-02T05:01:28.024186+00:00,2026-07-02T05:01:28.017780,2,1,106.65,0.3,106.5,147,106.3,59,,,,,,,,,,,,,,,,,106.8,66,,,,,,,,,,,,,,,,,,
2026-07-02T05:01:28.064998+00:00,2026-07-02T05:01:28.064948,2,2,106.65,0.3,106.5,147,106.3,59,,,,,,,,,,,,,,,,,106.8,66,107.0,150,,,,,,,,,,,,,,,,
2026-07-02T05:01:28.269048+00:00,2026-07-02T05:01:28.268936,2,2,106.65,0.3,106.5,147,106.3,59,,,,,,,,,,,,,,,,,106.8,24,107.0,150,,,,,,,,,,,,,,,,
2026-07-02T05:01:28.638464+00:00,2026-07-02T05:01:28.638350,2,3,106.55,0.1,106.5,147,106.3,59,,,,,,,,,,,,,,,,,106.6,5,106.8,24,107.0,150,,,,,,,,,,,,,,
2026-07-02T05:01:28.648969+00:00,2026-07-02T05:01:28.648903,2,2,106.55,0.1,106.5,147,106.3,2,,,,,,,,,,,,,,,,,106.6,5,107.0,150,,,,,,,,,,,,,,,,
2026-07-02T05:01:28.700635+00:00,2026-07-02T05:01:28.700610,3,2,106.55,0.1,106.5,147,106.4,100,106.3,2,,,,,,,,,,,,,,,106.6,5,107.0,150,,,,,,,,,,,,,,,,
2026-07-02T05:01:28.758741+00:00,2026-07-02T05:01:28.748111,3,3,106.55,0.1,106.5,147,106.4,100,106.3,2,,,,,,,,,,,,,,,106.6,5,106.9,100,107.0,150,,,,,,,,,,,,,,
2026-07-02T05:01:30.111276+00:00,2026-07-02T05:01:30.111236,3,3,106.55,0.1,106.5,97,106.4,100,106.3,2,,,,,,,,,,,,,,,106.6,5,106.9,100,107.0,150,,,,,,,,,,,,,,
2026-07-02T05:01:30.116544+00:00,2026-07-02T05:01:30.116429,3,2,106.7,0.4,106.5,97,106.4,100,106.3,2,,,,,,,,,,,,,,,106.9,100,107.0,150,,,,,,,,,,,,,,,,
2026-07-02T05:01:30.160061+00:00,2026-07-02T05:01:30.159919,3,3,106.6,0.2,106.5,97,106.4,100,106.3,2,,,,,,,,,,,,,,,106.7,5,106.9,100,107.0,150,,,,,,,,,,,,,,
2026-07-02T05:01:31.119861+00:00,2026-07-02T05:01:31.119760,2,2,106.55,0.3,106.4,100,106.3,2,,,,,,,,,,,,,,,,,106.7,5,106.9,100,,,,,,,,,,,,,,,,
2026-07-02T05:01:31.175123+00:00,2026-07-02T05:01:31.175090,2,2,106.55,0.3,106.4,100,106.3,152,,,,,,,,,,,,,,,,,106.7,5,106.9,100,,,,,,,,,,,,,,,,
2026-07-02T05:01:31.232169+00:00,2026-07-02T05:01:31.232051,2,3,106.55,0.3,106.4,100,106.3,152,,,,,,,,,,,,,,,,,106.7,5,106.8,150,106.9,100,,,,,,,,,,,,,,
2026-07-02T05:01:31.835871+00:00,2026-07-02T05:01:31.835789,2,2,106.55,0.3,106.4,100,106.3,152,,,,,,,,,,,,,,,,,106.7,5,106.8,150,,,,,,,,,,,,,,,,
2026-07-02T05:01:31.841246+00:00,2026-07-02T05:01:31.841021,1,2,106.5,0.4,106.3,152,,,,,,,,,,,,,,,,,,,106.7,5,106.8,150,,,,,,,,,,,,,,,,
2026-07-02T05:01:31.894038+00:00,2026-07-02T05:01:31.894173,2,2,106.55,0.3,106.4,100,106.3,152,,,,,,,,,,,,,,,,,106.7,5,106.8,150,,,,,,,,,,,,,,,,
2026-07-02T05:01:31.943445+00:00,2026-07-02T05:01:31.943561,2,3,106.55,0.3,106.4,100,106.3,152,,,,,,,,,,,,,,,,,106.7,5,106.8,150,106.9,100,,,,,,,,,,,,,,
2026-07-02T05:01:32.221338+00:00,2026-07-02T05:01:32.221281,2,3,106.55,0.3,106.4,50,106.3,152,,,,,,,,,,,,,,,,,106.7,5,106.8,150,106.9,100,,,,,,,,,,,,,,
2026-07-02T05:01:34.195769+00:00,2026-07-02T05:01:34.195703,2,3,106.55,0.3,106.4,50,106.3,151,,,,,,,,,,,,,,,,,106.7,5,106.8,150,106.9,100,,,,,,,,,,,,,,
2026-07-02T05:01:34.280925+00:00,2026-07-02T05:01:34.280799,2,2,106.55,0.3,106.4,50,106.3,151,,,,,,,,,,,,,,,,,106.7,5,106.9,100,,,,,,,,,,,,,,,,
2026-07-02T05:01:34.286326+00:00,2026-07-02T05:01:34.286068,2,2,106.55,0.3,106.4,50,106.3,1,,,,,,,,,,,,,,,,,106.7,5,106.9,100,,,,,,,,,,,,,,,,
2026-07-02T05:01:34.324884+00:00,2026-07-02T05:01:34.325018,1,2,106.5,0.4,106.3,1,,,,,,,,,,,,,,,,,,,106.7,5,106.9,100,,,,,,,,,,,,,,,,
2026-07-02T05:01:34.335578+00:00,2026-07-02T05:01:34.335443,2,2,106.5,0.4,106.3,1,106.2,150,,,,,,,,,,,,,,,,,106.7,5,106.9,100,,,,,,,,,,,,,,,,
2026-07-02T05:01:34.390746+00:00,2026-07-02T05:01:34.390594,2,2,106.5,0.4,106.3,1,106.2,150,,,,,,,,,,,,,,,,,106.7,155,106.9,100,,,,,,,,,,,,,,,,
2026-07-02T05:01:34.869021+00:00,2026-07-02T05:01:34.868898,1,2,106.45,0.5,106.2,150,,,,,,,,,,,,,,,,,,,106.7,155,106.9,100,,,,,,,,,,,,,,,,
2026-07-02T05:01:35.000247+00:00,2026-07-02T05:01:35.000115,1,1,106.45,0.5,106.2,150,,,,,,,,,,,,,,,,,,,106.7,155,,,,,,,,,,,,,,,,,,
2026-07-02T05:01:35.053108+00:00,2026-07-02T05:01:35.053225,2,1,106.45,0.5,106.2,150,105.9,100,,,,,,,,,,,,,,,,,106.7,155,,,,,,,,,,,,,,,,,,
2026-07-02T05:01:35.074400+00:00,2026-07-02T05:01:35.074258,2,1,106.45,0.5,106.2,105,105.9,100,,,,,,,,,,,,,,,,,106.7,155,,,,,,,,,,,,,,,,,,
2026-07-02T05:01:35.106067+00:00,2026-07-02T05:01:35.106221,2,2,106.3,0.2,106.2,105,105.9,100,,,,,,,,,,,,,,,,,106.4,100,106.7,155,,,,,,,,,,,,,,,,
2026-07-02T05:01:37.444472+00:00,2026-07-02T05:01:37.444344,1,2,106.15,0.5,105.9,100,,,,,,,,,,,,,,,,,,,106.4,100,106.7,5,,,,,,,,,,,,,,,,
2026-07-02T05:01:37.498018+00:00,2026-07-02T05:01:37.497939,1,2,106.15,0.5,105.9,250,,,,,,,,,,,,,,,,,,,106.4,100,106.7,5,,,,,,,,,,,,,,,,
2026-07-02T05:01:37.551163+00:00,2026-07-02T05:01:37.551036,1,2,106.15,0.5,105.9,250,,,,,,,,,,,,,,,,,,,106.4,250,106.7,5,,,,,,,,,,,,,,,,
2026-07-02T05:01:38.158762+00:00,2026-07-02T05:01:38.158689,1,2,106.15,0.5,105.9,250,,,,,,,,,,,,,,,,,,,106.4,150,106.7,5,,,,,,,,,,,,,,,,
2026-07-02T05:01:38.164036+00:00,2026-07-02T05:01:38.163862,1,2,106.15,0.5,105.9,150,,,,,,,,,,,,,,,,,,,106.4,150,106.7,5,,,,,,,,,,,,,,,,
2026-07-02T05:01:38.216711+00:00,2026-07-02T05:01:38.216626,1,2,106.15,0.5,105.9,250,,,,,,,,,,,,,,,,,,,106.4,150,106.7,5,,,,,,,,,,,,,,,,
2026-07-02T05:01:38.271859+00:00,2026-07-02T05:01:38.271768,1,2,106.15,0.5,105.9,250,,,,,,,,,,,,,,,,,,,106.4,250,106.7,5,,,,,,,,,,,,,,,,
2026-07-02T05:01:38.484843+00:00,2026-07-02T05:01:38.484792,1,2,106.15,0.5,105.9,250,,,,,,,,,,,,,,,,,,,106.4,200,106.7,5,,,,,,,,,,,,,,,,
2026-07-02T05:01:40.609014+00:00,2026-07-02T05:01:40.609125,1,2,106.15,0.5,105.9,100,,,,,,,,,,,,,,,,,,,106.4,100,106.7,5,,,,,,,,,,,,,,,,
2026-07-02T05:01:40.648814+00:00,2026-07-02T05:01:40.648726,1,2,106.15,0.5,105.9,50,,,,,,,,,,,,,,,,,,,106.4,100,106.7,5,,,,,,,,,,,,,,,,
2026-07-02T05:01:40.664103+00:00,2026-07-02T05:01:40.664031,2,2,106.25,0.3,106.1,150,105.9,50,,,,,,,,,,,,,,,,,106.4,100,106.7,5,,,,,,,,,,,,,,,,
2026-07-02T05:01:40.716392+00:00,2026-07-02T05:01:40.716271,2,3,106.25,0.3,106.1,150,105.9,50,,,,,,,,,,,,,,,,,106.4,100,106.6,150,106.7,5,,,,,,,,,,,,,,
2026-07-02T05:01:41.171291+00:00,2026-07-02T05:01:41.171408,2,3,106.25,0.3,106.1,150,105.9,50,,,,,,,,,,,,,,,,,106.4,54,106.6,150,106.7,5,,,,,,,,,,,,,,
2026-07-02T05:01:41.226357+00:00,2026-07-02T05:01:41.226248,2,3,106.25,0.3,106.1,104,105.9,50,,,,,,,,,,,,,,,,,106.4,54,106.6,150,106.7,5,,,,,,,,,,,,,,
2026-07-02T05:01:41.328107+00:00,2026-07-02T05:01:41.327997,1,2,106.35,0.5,106.1,104,,,,,,,,,,,,,,,,,,,106.6,150,106.7,5,,,,,,,,,,,,,,,,
2026-07-02T05:01:41.390082+00:00,2026-07-02T05:01:41.390019,2,2,106.35,0.5,106.1,104,105.7,100,,,,,,,,,,,,,,,,,106.6,150,106.7,5,,,,,,,,,,,,,,,,
2026-07-02T05:01:41.429463+00:00,2026-07-02T05:01:41.429376,2,3,106.15,0.1,106.1,104,105.7,100,,,,,,,,,,,,,,,,,106.2,100,106.6,150,106.7,5,,,,,,,,,,,,,,
2026-07-02T05:01:41.812041+00:00,2026-07-02T05:01:41.811999,2,3,106.15,0.1,106.1,104,105.7,100,,,,,,,,,,,,,,,,,106.2,57,106.6,150,106.7,5,,,,,,,,,,,,,,
2026-07-02T05:01:42.758665+00:00,2026-07-02T05:01:42.753283,2,3,106.15,0.1,106.1,54,105.7,100,,,,,,,,,,,,,,,,,106.2,57,106.6,150,106.7,5,,,,,,,,,,,,,,
2026-07-02T05:01:42.779085+00:00,2026-07-02T05:01:42.779174,2,2,106.15,0.1,106.1,54,105.7,100,,,,,,,,,,,,,,,,,106.2,57,106.6,150,,,,,,,,,,,,,,,,
2026-07-02T05:01:42.996996+00:00,2026-07-02T05:01:42.996884,2,3,106.15,0.1,106.1,54,105.7,100,,,,,,,,,,,,,,,,,106.2,57,106.5,7,106.6,150,,,,,,,,,,,,,,
2026-07-02T05:01:43.769948+00:00,2026-07-02T05:01:43.769830,1,2,105.95,0.5,105.7,100,,,,,,,,,,,,,,,,,,,106.2,57,106.5,7,,,,,,,,,,,,,,,,
2026-07-02T05:01:43.823314+00:00,2026-07-02T05:01:43.823224,2,2,105.95,0.5,105.7,100,105.4,150,,,,,,,,,,,,,,,,,106.2,57,106.5,7,,,,,,,,,,,,,,,,
2026-07-02T05:01:43.871385+00:00,2026-07-02T05:01:43.871457,2,3,105.8,0.2,105.7,100,105.4,150,,,,,,,,,,,,,,,,,105.9,150,106.2,57,106.5,7,,,,,,,,,,,,,,
2026-07-02T05:01:44.093687+00:00,2026-07-02T05:01:44.093585,2,3,105.8,0.2,105.7,52,105.4,150,,,,,,,,,,,,,,,,,105.9,150,106.2,57,106.5,7,,,,,,,,,,,,,,
2026-07-02T05:01:44.485682+00:00,2026-07-02T05:01:44.485590,1,2,105.65,0.5,105.4,150,,,,,,,,,,,,,,,,,,,105.9,150,106.5,7,,,,,,,,,,,,,,,,
2026-07-02T05:01:44.551951+00:00,2026-07-02T05:01:44.551847,2,2,105.7,0.4,105.5,100,105.4,150,,,,,,,,,,,,,,,,,105.9,150,106.5,7,,,,,,,,,,,,,,,,
2026-07-02T05:01:44.601721+00:00,2026-07-02T05:01:44.601474,2,3,105.7,0.4,105.5,100,105.4,150,,,,,,,,,,,,,,,,,105.9,150,106.0,100,106.5,7,,,,,,,,,,,,,,
2026-07-02T05:01:44.811254+00:00,2026-07-02T05:01:44.811094,2,3,105.7,0.4,105.5,100,105.4,150,,,,,,,,,,,,,,,,,105.9,100,106.0,100,106.5,7,,,,,,,,,,,,,,
2026-07-02T05:01:46.917912+00:00,2026-07-02T05:01:46.917835,2,3,105.7,0.4,105.5,100,105.4,150,,,,,,,,,,,,,,,,,105.9,50,106.0,100,106.5,7,,,,,,,,,,,,,,
2026-07-02T05:01:46.930277+00:00,2026-07-02T05:01:46.930173,1,2,105.75,0.5,105.5,100,,,,,,,,,,,,,,,,,,,106.0,100,106.5,7,,,,,,,,,,,,,,,,
2026-07-02T05:01:46.985526+00:00,2026-07-02T05:01:46.985468,2,1,106.25,0.5,106.0,50,105.5,100,,,,,,,,,,,,,,,,,106.5,7,,,,,,,,,,,,,,,,,,
2026-07-02T05:01:47.039693+00:00,2026-07-02T05:01:47.039658,2,1,106.25,0.5,106.0,50,105.5,100,,,,,,,,,,,,,,,,,106.5,157,,,,,,,,,,,,,,,,,,
2026-07-02T05:01:47.658592+00:00,2026-07-02T05:01:47.655828,1,1,106.25,0.5,106.0,50,,,,,,,,,,,,,,,,,,,106.5,157,,,,,,,,,,,,,,,,,,
2026-07-02T05:01:47.710636+00:00,2026-07-02T05:01:47.710599,1,1,106.25,0.5,106.0,150,,,,,,,,,,,,,,,,,,,106.5,157,,,,,,,,,,,,,,,,,,
2026-07-02T05:01:47.764553+00:00,2026-07-02T05:01:47.764631,1,1,106.25,0.5,106.0,150,,,,,,,,,,,,,,,,,,,106.5,257,,,,,,,,,,,,,,,,,,
2026-07-02T05:01:47.802261+00:00,2026-07-02T05:01:47.802159,1,1,106.25,0.5,106.0,105,,,,,,,,,,,,,,,,,,,106.5,257,,,,,,,,,,,,,,,,,,
2026-07-02T05:01:49.092041+00:00,2026-07-02T05:01:49.091931,1,1,106.25,0.5,106.0,55,,,,,,,,,,,,,,,,,,,106.5,257,,,,,,,,,,,,,,,,,,
2026-07-02T05:01:50.095988+00:00,2026-07-02T05:01:50.095898,1,1,106.25,0.5,106.0,55,,,,,,,,,,,,,,,,,,,106.5,107,,,,,,,,,,,,,,,,,,
2026-07-02T05:01:50.151250+00:00,2026-07-02T05:01:50.151148,2,1,106.25,0.5,106.0,55,105.5,150,,,,,,,,,,,,,,,,,106.5,107,,,,,,,,,,,,,,,,,,
2026-07-02T05:01:50.201684+00:00,2026-07-02T05:01:50.201557,1,2,105.75,0.5,105.5,150,,,,,,,,,,,,,,,,,,,106.0,95,106.5,107,,,,,,,,,,,,,,,,
2026-07-02T05:01:50.206845+00:00,2026-07-02T05:01:50.206712,1,2,105.75,0.5,105.5,150,,,,,,,,,,,,,,,,,,,106.0,95,106.5,100,,,,,,,,,,,,,,,,
2026-07-02T05:01:50.254428+00:00,2026-07-02T05:01:50.254380,1,3,105.75,0.5,105.5,150,,,,,,,,,,,,,,,,,,,106.0,95,106.3,7,106.5,100,,,,,,,,,,,,,,
2026-07-02T05:01:50.337411+00:00,2026-07-02T05:01:50.331852,1,3,105.75,0.5,105.5,150,,,,,,,,,,,,,,,,,,,106.0,92,106.3,7,106.5,100,,,,,,,,,,,,,,
2026-07-02T05:01:50.352975+00:00,2026-07-02T05:01:50.352818,1,3,105.75,0.5,105.5,150,,,,,,,,,,,,,,,,,,,106.0,47,106.3,7,106.5,100,,,,,,,,,,,,,,
2026-07-02T05:01:50.816689+00:00,2026-07-02T05:01:50.816600,1,2,105.75,0.5,105.5,150,,,,,,,,,,,,,,,,,,,106.0,47,106.3,7,,,,,,,,,,,,,,,,
2026-07-02T05:01:50.871864+00:00,2026-07-02T05:01:50.871749,2,2,105.95,0.1,105.9,100,105.5,150,,,,,,,,,,,,,,,,,106.0,47,106.3,7,,,,,,,,,,,,,,,,
2026-07-02T05:01:50.925133+00:00,2026-07-02T05:01:50.924974,2,3,105.95,0.1,105.9,100,105.5,150,,,,,,,,,,,,,,,,,106.0,47,106.3,7,106.4,100,,,,,,,,,,,,,,
2026-07-02T05:01:51.199440+00:00,2026-07-02T05:01:51.199384,2,3,105.95,0.1,105.9,50,105.5,150,,,,,,,,,,,,,,,,,106.0,47,106.3,7,106.4,100,,,,,,,,,,,,,,
2026-07-02T05:01:52.244555+00:00,2026-07-02T05:01:52.244375,2,3,105.95,0.1,105.9,50,105.5,150,,,,,,,,,,,,,,,,,106.0,47,106.3,4,106.4,100,,,,,,,,,,,,,,
2026-07-02T05:01:52.877160+00:00,2026-07-02T05:01:52.877126,2,2,106.1,0.4,105.9,50,105.5,150,,,,,,,,,,,,,,,,,106.3,3,106.4,100,,,,,,,,,,,,,,,,
2026-07-02T05:01:53.254859+00:00,2026-07-02T05:01:53.254795,1,1,106.15,0.5,105.9,50,,,,,,,,,,,,,,,,,,,106.4,100,,,,,,,,,,,,,,,,,,
2026-07-02T05:01:53.314339+00:00,2026-07-02T05:01:53.309563,1,1,106.35,0.1,106.3,147,,,,,,,,,,,,,,,,,,,106.4,100,,,,,,,,,,,,,,,,,,
2026-07-02T05:01:53.362726+00:00,2026-07-02T05:01:53.362650,1,2,106.35,0.1,106.3,147,,,,,,,,,,,,,,,,,,,106.4,100,106.8,150,,,,,,,,,,,,,,,,
2026-07-02T05:01:53.974117+00:00,2026-07-02T05:01:53.974080,1,1,106.55,0.5,106.3,147,,,,,,,,,,,,,,,,,,,106.8,150,,,,,,,,,,,,,,,,,,
2026-07-02T05:01:54.027231+00:00,2026-07-02T05:01:54.027135,2,1,106.55,0.5,106.3,147,105.7,100,,,,,,,,,,,,,,,,,106.8,150,,,,,,,,,,,,,,,,,,
2026-07-02T05:01:54.084722+00:00,2026-07-02T05:01:54.084817,2,1,106.55,0.5,106.3,47,105.7,100,,,,,,,,,,,,,,,,,106.8,150,,,,,,,,,,,,,,,,,,
2026-07-02T05:01:56.415582+00:00,2026-07-02T05:01:56.415498,1,0,,,105.7,100,,,,,,,,,,,,,,,,,,,,,,,,,,,,,,,,,,,,,,
2026-07-02T05:01:56.469742+00:00,2026-07-02T05:01:56.469902,2,0,,,105.7,100,105.6,150,,,,,,,,,,,,,,,,,,,,,,,,,,,,,,,,,,,,
2026-07-02T05:01:56.522247+00:00,2026-07-02T05:01:56.522388,2,1,105.9,0.4,105.7,100,105.6,150,,,,,,,,,,,,,,,,,106.1,150,,,,,,,,,,,,,,,,,,
2026-07-02T05:01:56.788198+00:00,2026-07-02T05:01:56.788130,2,1,105.9,0.4,105.7,56,105.6,150,,,,,,,,,,,,,,,,,106.1,150,,,,,,,,,,,,,,,,,,
2026-07-02T05:01:57.140403+00:00,2026-07-02T05:01:57.140220,1,1,105.85,0.5,105.6,150,,,,,,,,,,,,,,,,,,,106.1,150,,,,,,,,,,,,,,,,,,
2026-07-02T05:01:57.194448+00:00,2026-07-02T05:01:57.194387,2,1,105.95,0.3,105.8,100,105.6,150,,,,,,,,,,,,,,,,,106.1,150,,,,,,,,,,,,,,,,,,
2026-07-02T05:01:57.246719+00:00,2026-07-02T05:01:57.246632,2,2,105.95,0.3,105.8,100,105.6,150,,,,,,,,,,,,,,,,,106.1,150,106.3,100,,,,,,,,,,,,,,,,
2026-07-02T05:01:57.905805+00:00,2026-07-02T05:01:57.905699,2,2,105.95,0.3,105.8,100,105.6,150,,,,,,,,,,,,,,,,,106.1,150,106.3,106,,,,,,,,,,,,,,,,
2026-07-02T05:01:58.414173+00:00,2026-07-02T05:01:58.414054,2,2,105.95,0.3,105.8,100,105.6,150,,,,,,,,,,,,,,,,,106.1,150,106.3,105,,,,,,,,,,,,,,,,
2026-07-02T05:01:59.140472+00:00,2026-07-02T05:01:59.140310,2,2,105.95,0.3,105.8,100,105.6,150,,,,,,,,,,,,,,,,,106.1,150,106.3,104,,,,,,,,,,,,,,,,
2026-07-02T05:01:59.576877+00:00,2026-07-02T05:01:59.576773,1,1,106.05,0.5,105.8,100,,,,,,,,,,,,,,,,,,,106.3,102,,,,,,,,,,,,,,,,,,
2026-07-02T05:01:59.620045+00:00,2026-07-02T05:01:59.619921,1,1,106.05,0.5,105.8,50,,,,,,,,,,,,,,,,,,,106.3,102,,,,,,,,,,,,,,,,,,
2026-07-02T05:01:59.630514+00:00,2026-07-02T05:01:59.630370,1,1,106.05,0.5,105.8,200,,,,,,,,,,,,,,,,,,,106.3,102,,,,,,,,,,,,,,,,,,
2026-07-02T05:01:59.684695+00:00,2026-07-02T05:01:59.684621,1,1,106.05,0.5,105.8,200,,,,,,,,,,,,,,,,,,,106.3,252,,,,,,,,,,,,,,,,,,
2026-07-02T05:01:59.854666+00:00,2026-07-02T05:01:59.854727,1,1,106.05,0.5,105.8,200,,,,,,,,,,,,,,,,,,,106.3,250,,,,,,,,,,,,,,,,,,
2026-07-02T05:02:00.304148+00:00,2026-07-02T05:02:00.304265,1,1,106.05,0.5,105.8,150,,,,,,,,,,,,,,,,,,,106.3,150,,,,,,,,,,,,,,,,,,
2026-07-02T05:02:00.358562+00:00,2026-07-02T05:02:00.358035,2,1,106.05,0.5,105.8,150,105.6,100,,,,,,,,,,,,,,,,,106.3,150,,,,,,,,,,,,,,,,,,
2026-07-02T05:02:00.410583+00:00,2026-07-02T05:02:00.410513,2,2,105.95,0.3,105.8,150,105.6,100,,,,,,,,,,,,,,,,,106.1,100,106.3,150,,,,,,,,,,,,,,,,
2026-07-02T05:02:01.725138+00:00,2026-07-02T05:02:01.724993,2,2,105.95,0.3,105.8,100,105.6,100,,,,,,,,,,,,,,,,,106.1,100,106.3,150,,,,,,,,,,,,,,,,
2026-07-02T05:02:01.983200+00:00,2026-07-02T05:02:01.983063,2,2,105.95,0.3,105.8,100,105.6,100,,,,,,,,,,,,,,,,,106.1,57,106.3,150,,,,,,,,,,,,,,,,
2026-07-02T05:02:02.735687+00:00,2026-07-02T05:02:02.735661,1,1,105.85,0.5,105.6,100,,,,,,,,,,,,,,,,,,,106.1,57,,,,,,,,,,,,,,,,,,
2026-07-02T05:02:02.793632+00:00,2026-07-02T05:02:02.793459,2,1,105.85,0.5,105.6,100,105.5,150,,,,,,,,,,,,,,,,,106.1,57,,,,,,,,,,,,,,,,,,
2026-07-02T05:02:02.857298+00:00,2026-07-02T05:02:02.852057,2,2,105.8,0.4,105.6,100,105.5,150,,,,,,,,,,,,,,,,,106.0,147,106.1,57,,,,,,,,,,,,,,,,
2026-07-02T05:02:03.158535+00:00,2026-07-02T05:02:03.156780,2,2,105.8,0.4,105.6,100,105.5,150,,,,,,,,,,,,,,,,,106.0,107,106.1,57,,,,,,,,,,,,,,,,
2026-07-02T05:02:03.217765+00:00,2026-07-02T05:02:03.217666,2,2,105.8,0.4,105.6,58,105.5,150,,,,,,,,,,,,,,,,,106.0,107,106.1,57,,,,,,,,,,,,,,,,
2026-07-02T05:02:03.455098+00:00,2026-07-02T05:02:03.449662,2,2,105.8,0.4,105.6,58,105.5,150,,,,,,,,,,,,,,,,,106.0,96,106.1,57,,,,,,,,,,,,,,,,
2026-07-02T05:02:03.470663+00:00,2026-07-02T05:02:03.470547,1,1,105.75,0.5,105.5,150,,,,,,,,,,,,,,,,,,,106.0,96,,,,,,,,,,,,,,,,,,
2026-07-02T05:02:03.520237+00:00,2026-07-02T05:02:03.520338,2,1,105.85,0.3,105.7,100,105.5,150,,,,,,,,,,,,,,,,,106.0,96,,,,,,,,,,,,,,,,,,
2026-07-02T05:02:03.572785+00:00,2026-07-02T05:02:03.572953,2,2,105.85,0.3,105.7,100,105.5,150,,,,,,,,,,,,,,,,,106.0,96,106.2,100,,,,,,,,,,,,,,,,
2026-07-02T05:02:03.832771+00:00,2026-07-02T05:02:03.832737,2,2,105.85,0.3,105.7,50,105.5,150,,,,,,,,,,,,,,,,,106.0,96,106.2,100,,,,,,,,,,,,,,,,
2026-07-02T05:02:04.726707+00:00,2026-07-02T05:02:04.726648,2,2,105.85,0.3,105.7,50,105.5,150,,,,,,,,,,,,,,,,,106.0,51,106.2,100,,,,,,,,,,,,,,,,
2026-07-02T05:02:04.936273+00:00,2026-07-02T05:02:04.936130,2,2,105.85,0.3,105.7,50,105.5,150,,,,,,,,,,,,,,,,,106.0,51,106.2,107,,,,,,,,,,,,,,,,
2026-07-02T05:02:05.558664+00:00,2026-07-02T05:02:05.558213,2,2,105.85,0.3,105.7,50,105.5,150,,,,,,,,,,,,,,,,,106.0,51,106.2,105,,,,,,,,,,,,,,,,
2026-07-02T05:02:05.897116+00:00,2026-07-02T05:02:05.897085,2,1,105.95,0.5,105.7,50,105.5,150,,,,,,,,,,,,,,,,,106.2,105,,,,,,,,,,,,,,,,,,
2026-07-02T05:02:05.902341+00:00,2026-07-02T05:02:05.902244,1,1,105.95,0.5,105.7,50,,,,,,,,,,,,,,,,,,,106.2,105,,,,,,,,,,,,,,,,,,
2026-07-02T05:02:05.939623+00:00,2026-07-02T05:02:05.939509,0,1,,,,,,,,,,,,,,,,,,,,,,,106.2,105,,,,,,,,,,,,,,,,,,
2026-07-02T05:02:05.958630+00:00,2026-07-02T05:02:05.955118,1,1,106.1,0.2,106.0,150,,,,,,,,,,,,,,,,,,,106.2,105,,,,,,,,,,,,,,,,,,
2026-07-02T05:02:06.007421+00:00,2026-07-02T05:02:06.007299,1,2,106.1,0.2,106.0,150,,,,,,,,,,,,,,,,,,,106.2,105,106.5,150,,,,,,,,,,,,,,,,
2026-07-02T05:02:06.083776+00:00,2026-07-02T05:02:06.078061,1,2,106.1,0.2,106.0,136,,,,,,,,,,,,,,,,,,,106.2,105,106.5,150,,,,,,,,,,,,,,,,
2026-07-02T05:02:06.337975+00:00,2026-07-02T05:02:06.337942,1,2,106.1,0.2,106.0,136,,,,,,,,,,,,,,,,,,,106.2,104,106.5,150,,,,,,,,,,,,,,,,
2026-07-02T05:02:06.626231+00:00,2026-07-02T05:02:06.626041,1,2,106.1,0.2,106.0,136,,,,,,,,,,,,,,,,,,,106.2,4,106.5,150,,,,,,,,,,,,,,,,
2026-07-02T05:02:06.679182+00:00,2026-07-02T05:02:06.678950,2,2,106.1,0.2,106.0,136,105.3,100,,,,,,,,,,,,,,,,,106.2,4,106.5,150,,,,,,,,,,,,,,,,
2026-07-02T05:02:06.732014+00:00,2026-07-02T05:02:06.731877,2,2,106.1,0.2,106.0,36,105.3,100,,,,,,,,,,,,,,,,,106.2,4,106.5,150,,,,,,,,,,,,,,,,
2026-07-02T05:02:06.836882+00:00,2026-07-02T05:02:06.836819,2,2,106.1,0.2,106.0,36,105.3,100,,,,,,,,,,,,,,,,,106.2,1,106.5,150,,,,,,,,,,,,,,,,
2026-07-02T05:02:06.885850+00:00,2026-07-02T05:02:06.885745,2,1,106.25,0.5,106.0,36,105.3,100,,,,,,,,,,,,,,,,,106.5,150,,,,,,,,,,,,,,,,,,
2026-07-02T05:02:07.992850+00:00,2026-07-02T05:02:07.992737,2,1,106.25,0.5,106.0,36,105.3,100,,,,,,,,,,,,,,,,,106.5,100,,,,,,,,,,,,,,,,,,
2026-07-02T05:02:09.063900+00:00,2026-07-02T05:02:09.063846,1,0,,,105.3,100,,,,,,,,,,,,,,,,,,,,,,,,,,,,,,,,,,,,,,
2026-07-02T05:02:09.120546+00:00,2026-07-02T05:02:09.120629,2,0,,,105.8,150,105.3,100,,,,,,,,,,,,,,,,,,,,,,,,,,,,,,,,,,,,
2026-07-02T05:02:09.174605+00:00,2026-07-02T05:02:09.174548,2,1,106.05,0.5,105.8,150,105.3,100,,,,,,,,,,,,,,,,,106.3,150,,,,,,,,,,,,,,,,,,
2026-07-02T05:02:09.787817+00:00,2026-07-02T05:02:09.787639,1,1,106.05,0.5,105.8,150,,,,,,,,,,,,,,,,,,,106.3,150,,,,,,,,,,,,,,,,,,
2026-07-02T05:02:09.840140+00:00,2026-07-02T05:02:09.840017,2,1,106.05,0.5,105.8,150,105.7,100,,,,,,,,,,,,,,,,,106.3,150,,,,,,,,,,,,,,,,,,
2026-07-02T05:02:09.887926+00:00,2026-07-02T05:02:09.888044,2,2,106.0,0.4,105.8,150,105.7,100,,,,,,,,,,,,,,,,,106.2,100,106.3,150,,,,,,,,,,,,,,,,
2026-07-02T05:02:10.012357+00:00,2026-07-02T05:02:09.987553,2,2,106.0,0.4,105.8,150,105.7,100,,,,,,,,,,,,,,,,,106.2,97,106.3,150,,,,,,,,,,,,,,,,
2026-07-02T05:02:10.039759+00:00,2026-07-02T05:02:10.031478,2,2,106.0,0.4,105.8,150,105.7,100,,,,,,,,,,,,,,,,,106.2,74,106.3,150,,,,,,,,,,,,,,,,
2026-07-02T05:02:10.102946+00:00,2026-07-02T05:02:10.102832,2,2,106.0,0.4,105.8,150,105.7,100,,,,,,,,,,,,,,,,,106.2,24,106.3,150,,,,,,,,,,,,,,,,
2026-07-02T05:02:10.278352+00:00,2026-07-02T05:02:10.278290,2,2,106.0,0.4,105.8,106,105.7,100,,,,,,,,,,,,,,,,,106.2,24,106.3,150,,,,,,,,,,,,,,,,
2026-07-02T05:02:10.973036+00:00,2026-07-02T05:02:10.972938,3,2,106.05,0.3,105.9,3,105.8,106,105.7,100,,,,,,,,,,,,,,,106.2,24,106.3,150,,,,,,,,,,,,,,,,
2026-07-02T05:02:11.191945+00:00,2026-07-02T05:02:11.191784,3,1,106.1,0.4,105.9,3,105.8,106,105.7,100,,,,,,,,,,,,,,,106.3,132,,,,,,,,,,,,,,,,,,
2026-07-02T05:02:11.997879+00:00,2026-07-02T05:02:11.997809,3,1,106.1,0.4,105.9,2,105.8,106,105.7,100,,,,,,,,,,,,,,,106.3,132,,,,,,,,,,,,,,,,,,
2026-07-02T05:02:12.228441+00:00,2026-07-02T05:02:12.228585,2,0,,,105.9,2,105.7,100,,,,,,,,,,,,,,,,,,,,,,,,,,,,,,,,,,,,
2026-07-02T05:02:12.283851+00:00,2026-07-02T05:02:12.283825,2,0,,,105.9,152,105.7,100,,,,,,,,,,,,,,,,,,,,,,,,,,,,,,,,,,,,
2026-07-02T05:02:12.337993+00:00,2026-07-02T05:02:12.337785,2,1,106.15,0.5,105.9,152,105.7,100,,,,,,,,,,,,,,,,,106.4,150,,,,,,,,,,,,,,,,,,
2026-07-02T05:02:12.942700+00:00,2026-07-02T05:02:12.942592,1,1,106.15,0.5,105.9,152,,,,,,,,,,,,,,,,,,,106.4,150,,,,,,,,,,,,,,,,,,
2026-07-02T05:02:13.010727+00:00,2026-07-02T05:02:13.010596,2,1,106.3,0.2,106.2,100,105.9,152,,,,,,,,,,,,,,,,,106.4,150,,,,,,,,,,,,,,,,,,
2026-07-02T05:02:13.058637+00:00,2026-07-02T05:02:13.052288,2,2,106.3,0.2,106.2,100,105.9,152,,,,,,,,,,,,,,,,,106.4,150,106.7,100,,,,,,,,,,,,,,,,
2026-07-02T05:02:14.126294+00:00,2026-07-02T05:02:14.126219,2,2,106.3,0.2,106.2,51,105.9,152,,,,,,,,,,,,,,,,,106.4,150,106.7,100,,,,,,,,,,,,,,,,
2026-07-02T05:02:14.369445+00:00,2026-07-02T05:02:14.369271,2,2,106.3,0.2,106.2,1,105.9,152,,,,,,,,,,,,,,,,,106.4,150,106.7,100,,,,,,,,,,,,,,,,
2026-07-02T05:02:15.329426+00:00,2026-07-02T05:02:15.329504,1,2,106.15,0.5,105.9,109,,,,,,,,,,,,,,,,,,,106.4,150,106.7,100,,,,,,,,,,,,,,,,
2026-07-02T05:02:15.419772+00:00,2026-07-02T05:02:15.419662,0,1,,,,,,,,,,,,,,,,,,,,,,,106.7,100,,,,,,,,,,,,,,,,,,
2026-07-02T05:02:15.425055+00:00,2026-07-02T05:02:15.424825,1,1,106.3,0.8,105.9,5,,,,,,,,,,,,,,,,,,,106.7,100,,,,,,,,,,,,,,,,,,
2026-07-02T05:02:15.479001+00:00,2026-07-02T05:02:15.478951,2,1,106.3,0.8,105.9,5,105.7,150,,,,,,,,,,,,,,,,,106.7,100,,,,,,,,,,,,,,,,,,
2026-07-02T05:02:15.531921+00:00,2026-07-02T05:02:15.531780,2,2,106.05,0.3,105.9,5,105.7,150,,,,,,,,,,,,,,,,,106.2,150,106.7,100,,,,,,,,,,,,,,,,
2026-07-02T05:02:16.113262+00:00,2026-07-02T05:02:16.113339,2,1,106.05,0.3,105.9,5,105.7,150,,,,,,,,,,,,,,,,,106.2,150,,,,,,,,,,,,,,,,,,
2026-07-02T05:02:16.158630+00:00,2026-07-02T05:02:16.158230,3,1,106.05,0.3,105.9,5,105.8,100,105.7,150,,,,,,,,,,,,,,,106.2,150,,,,,,,,,,,,,,,,,,
2026-07-02T05:02:16.215918+00:00,2026-07-02T05:02:16.216047,3,2,106.05,0.3,105.9,5,105.8,100,105.7,150,,,,,,,,,,,,,,,106.2,150,106.3,100,,,,,,,,,,,,,,,,
2026-07-02T05:02:16.646103+00:00,2026-07-02T05:02:16.645963,3,2,106.05,0.3,105.9,4,105.8,100,105.7,150,,,,,,,,,,,,,,,106.2,150,106.3,100,,,,,,,,,,,,,,,,
2026-07-02T05:02:17.255335+00:00,2026-07-02T05:02:17.255245,3,2,106.05,0.3,105.9,2,105.8,100,105.7,150,,,,,,,,,,,,,,,106.2,150,106.3,100,,,,,,,,,,,,,,,,
2026-07-02T05:02:18.465665+00:00,2026-07-02T05:02:18.465566,3,2,106.05,0.3,105.9,1,105.8,100,105.7,150,,,,,,,,,,,,,,,106.2,150,106.3,100,,,,,,,,,,,,,,,,
2026-07-02T05:02:18.583328+00:00,2026-07-02T05:02:18.583247,1,1,106.05,0.5,105.8,51,,,,,,,,,,,,,,,,,,,106.3,100,,,,,,,,,,,,,,,,,,
2026-07-02T05:02:18.639713+00:00,2026-07-02T05:02:18.639672,2,1,106.05,0.5,105.8,51,105.6,150,,,,,,,,,,,,,,,,,106.3,100,,,,,,,,,,,,,,,,,,
2026-07-02T05:02:18.692351+00:00,2026-07-02T05:02:18.692154,2,2,105.95,0.3,105.8,51,105.6,150,,,,,,,,,,,,,,,,,106.1,150,106.3,100,,,,,,,,,,,,,,,,
2026-07-02T05:02:19.274141+00:00,2026-07-02T05:02:19.274082,1,1,105.85,0.5,105.6,150,,,,,,,,,,,,,,,,,,,106.1,150,,,,,,,,,,,,,,,,,,
2026-07-02T05:02:19.325636+00:00,2026-07-02T05:02:19.325530,1,1,105.85,0.5,105.6,250,,,,,,,,,,,,,,,,,,,106.1,150,,,,,,,,,,,,,,,,,,
2026-07-02T05:02:19.379962+00:00,2026-07-02T05:02:19.379852,1,1,105.85,0.5,105.6,250,,,,,,,,,,,,,,,,,,,106.1,250,,,,,,,,,,,,,,,,,,
2026-07-02T05:02:21.740918+00:00,2026-07-02T05:02:21.740716,1,1,105.85,0.5,105.6,250,,,,,,,,,,,,,,,,,,,106.1,100,,,,,,,,,,,,,,,,,,
2026-07-02T05:02:21.746040+00:00,2026-07-02T05:02:21.745949,1,1,105.85,0.5,105.6,100,,,,,,,,,,,,,,,,,,,106.1,100,,,,,,,,,,,,,,,,,,
2026-07-02T05:02:21.797218+00:00,2026-07-02T05:02:21.797138,1,1,105.85,0.5,105.6,250,,,,,,,,,,,,,,,,,,,106.1,100,,,,,,,,,,,,,,,,,,
2026-07-02T05:02:21.849766+00:00,2026-07-02T05:02:21.849703,1,1,105.85,0.5,105.6,250,,,,,,,,,,,,,,,,,,,106.1,250,,,,,,,,,,,,,,,,,,
2026-07-02T05:02:22.434689+00:00,2026-07-02T05:02:22.434653,1,1,105.85,0.5,105.6,150,,,,,,,,,,,,,,,,,,,106.1,150,,,,,,,,,,,,,,,,,,
2026-07-02T05:02:22.485623+00:00,2026-07-02T05:02:22.485487,1,1,105.85,0.5,105.6,250,,,,,,,,,,,,,,,,,,,106.1,150,,,,,,,,,,,,,,,,,,
2026-07-02T05:02:22.537395+00:00,2026-07-02T05:02:22.537504,1,1,105.85,0.5,105.6,250,,,,,,,,,,,,,,,,,,,106.1,250,,,,,,,,,,,,,,,,,,
2026-07-02T05:02:22.742372+00:00,2026-07-02T05:02:22.742181,1,1,105.85,0.5,105.6,250,,,,,,,,,,,,,,,,,,,106.1,200,,,,,,,,,,,,,,,,,,
2026-07-02T05:02:24.343336+00:00,2026-07-02T05:02:24.343580,1,2,105.85,0.5,105.6,250,,,,,,,,,,,,,,,,,,,106.1,200,106.2,6,,,,,,,,,,,,,,,,
2026-07-02T05:02:24.850755+00:00,2026-07-02T05:02:24.850612,1,2,105.85,0.5,105.6,250,,,,,,,,,,,,,,,,,,,106.1,150,106.2,6,,,,,,,,,,,,,,,,
2026-07-02T05:02:24.904257+00:00,2026-07-02T05:02:24.904112,1,2,105.85,0.5,105.6,100,,,,,,,,,,,,,,,,,,,106.1,100,106.2,6,,,,,,,,,,,,,,,,
2026-07-02T05:02:24.958551+00:00,2026-07-02T05:02:24.952367,2,1,106.15,0.1,106.1,50,105.6,100,,,,,,,,,,,,,,,,,106.2,6,,,,,,,,,,,,,,,,,,
2026-07-02T05:02:25.006524+00:00,2026-07-02T05:02:25.006342,3,1,106.15,0.1,106.1,50,105.9,1,105.6,100,,,,,,,,,,,,,,,106.2,6,,,,,,,,,,,,,,,,,,
2026-07-02T05:02:25.011678+00:00,2026-07-02T05:02:25.011566,3,2,106.15,0.1,106.1,50,105.9,1,105.6,100,,,,,,,,,,,,,,,106.2,6,106.6,150,,,,,,,,,,,,,,,,
2026-07-02T05:02:25.314892+00:00,2026-07-02T05:02:25.314797,3,1,106.35,0.5,106.1,50,105.9,1,105.6,100,,,,,,,,,,,,,,,106.6,109,,,,,,,,,,,,,,,,,,
2026-07-02T05:02:25.594657+00:00,2026-07-02T05:02:25.594789,2,1,106.35,0.5,106.1,50,105.9,1,,,,,,,,,,,,,,,,,106.6,109,,,,,,,,,,,,,,,,,,
2026-07-02T05:02:25.647591+00:00,2026-07-02T05:02:25.647480,3,1,106.35,0.5,106.1,50,106.0,100,105.9,1,,,,,,,,,,,,,,,106.6,109,,,,,,,,,,,,,,,,,,
2026-07-02T05:02:25.718914+00:00,2026-07-02T05:02:25.718720,3,2,106.3,0.4,106.1,50,106.0,100,105.9,1,,,,,,,,,,,,,,,106.5,100,106.6,109,,,,,,,,,,,,,,,,
2026-07-02T05:02:27.453187+00:00,2026-07-02T05:02:27.453019,3,2,106.3,0.4,106.1,50,106.0,100,105.9,1,,,,,,,,,,,,,,,106.5,60,106.6,109,,,,,,,,,,,,,,,,
2026-07-02T05:02:28.065337+00:00,2026-07-02T05:02:28.065234,2,1,106.25,0.5,106.0,100,105.9,1,,,,,,,,,,,,,,,,,106.5,60,,,,,,,,,,,,,,,,,,
2026-07-02T05:02:28.118860+00:00,2026-07-02T05:02:28.118822,2,1,106.25,0.5,106.0,100,105.9,151,,,,,,,,,,,,,,,,,106.5,60,,,,,,,,,,,,,,,,,,
2026-07-02T05:02:28.179966+00:00,2026-07-02T05:02:28.180126,2,2,106.2,0.4,106.0,100,105.9,151,,,,,,,,,,,,,,,,,106.4,150,106.5,60,,,,,,,,,,,,,,,,
2026-07-02T05:02:28.779736+00:00,2026-07-02T05:02:28.779665,1,1,106.15,0.5,105.9,151,,,,,,,,,,,,,,,,,,,106.4,150,,,,,,,,,,,,,,,,,,
2026-07-02T05:02:28.836283+00:00,2026-07-02T05:02:28.836183,2,1,106.3,0.2,106.2,100,105.9,151,,,,,,,,,,,,,,,,,106.4,150,,,,,,,,,,,,,,,,,,
2026-07-02T05:02:28.888460+00:00,2026-07-02T05:02:28.888407,2,2,106.3,0.2,106.2,100,105.9,151,,,,,,,,,,,,,,,,,106.4,150,106.7,100,,,,,,,,,,,,,,,,
2026-07-02T05:02:29.058590+00:00,2026-07-02T05:02:29.054496,2,2,106.3,0.2,106.2,100,105.9,151,,,,,,,,,,,,,,,,,106.4,100,106.7,100,,,,,,,,,,,,,,,,
2026-07-02T05:02:29.473664+00:00,2026-07-02T05:02:29.473597,2,3,106.25,0.1,106.2,100,105.9,151,,,,,,,,,,,,,,,,,106.3,1,106.4,100,106.7,100,,,,,,,,,,,,,,
2026-07-02T05:02:29.541250+00:00,2026-07-02T05:02:29.541171,2,2,106.3,0.2,106.2,100,105.9,151,,,,,,,,,,,,,,,,,106.4,100,106.7,100,,,,,,,,,,,,,,,,
2026-07-02T05:02:29.682427+00:00,2026-07-02T05:02:29.674843,2,2,106.3,0.2,106.2,100,105.9,151,,,,,,,,,,,,,,,,,106.4,89,106.7,100,,,,,,,,,,,,,,,,
2026-07-02T05:02:29.741769+00:00,2026-07-02T05:02:29.736212,2,2,106.3,0.2,106.2,100,105.9,151,,,,,,,,,,,,,,,,,106.4,89,106.7,100,,,,,,,,,,,,,,,,
2026-07-02T05:02:29.927613+00:00,2026-07-02T05:02:29.927500,2,2,106.3,0.2,106.2,54,105.9,151,,,,,,,,,,,,,,,,,106.4,89,106.7,100,,,,,,,,,,,,,,,,
2026-07-02T05:02:30.746267+00:00,2026-07-02T05:02:30.740284,2,2,106.3,0.2,106.2,54,105.9,151,,,,,,,,,,,,,,,,,106.4,89,106.7,100,,,,,,,,,,,,,,,,
2026-07-02T05:02:31.181281+00:00,2026-07-02T05:02:31.181099,2,2,106.3,0.2,106.2,54,105.9,151,,,,,,,,,,,,,,,,,106.4,39,106.7,100,,,,,,,,,,,,,,,,
2026-07-02T05:02:31.238608+00:00,2026-07-02T05:02:31.238503,2,1,106.45,0.5,106.2,54,105.9,1,,,,,,,,,,,,,,,,,106.7,100,,,,,,,,,,,,,,,,,,
2026-07-02T05:02:31.293216+00:00,2026-07-02T05:02:31.293192,3,0,,,106.7,50,106.2,54,105.9,1,,,,,,,,,,,,,,,,,,,,,,,,,,,,,,,,,,
2026-07-02T05:02:31.359602+00:00,2026-07-02T05:02:31.351935,3,1,106.95,0.5,106.7,25,106.2,54,105.9,1,,,,,,,,,,,,,,,107.2,150,,,,,,,,,,,,,,,,,,
2026-07-02T05:02:31.942157+00:00,2026-07-02T05:02:31.942027,1,1,106.95,0.5,106.7,25,,,,,,,,,,,,,,,,,,,107.2,150,,,,,,,,,,,,,,,,,,
2026-07-02T05:02:31.989719+00:00,2026-07-02T05:02:31.989692,1,1,106.95,0.5,106.7,125,,,,,,,,,,,,,,,,,,,107.2,150,,,,,,,,,,,,,,,,,,
2026-07-02T05:02:32.046495+00:00,2026-07-02T05:02:32.046627,1,1,106.95,0.5,106.7,125,,,,,,,,,,,,,,,,,,,107.2,250,,,,,,,,,,,,,,,,,,
2026-07-02T05:02:33.285321+00:00,2026-07-02T05:02:33.285236,1,1,106.95,0.5,106.7,125,,,,,,,,,,,,,,,,,,,107.2,200,,,,,,,,,,,,,,,,,,
2026-07-02T05:02:34.399030+00:00,2026-07-02T05:02:34.398941,1,1,106.95,0.5,106.7,100,,,,,,,,,,,,,,,,,,,107.2,100,,,,,,,,,,,,,,,,,,
2026-07-02T05:02:34.454378+00:00,2026-07-02T05:02:34.454313,2,1,106.95,0.5,106.7,100,106.4,150,,,,,,,,,,,,,,,,,107.2,100,,,,,,,,,,,,,,,,,,
2026-07-02T05:02:34.506743+00:00,2026-07-02T05:02:34.506650,2,2,106.8,0.2,106.7,100,106.4,150,,,,,,,,,,,,,,,,,106.9,150,107.2,100,,,,,,,,,,,,,,,,
2026-07-02T05:02:35.101772+00:00,2026-07-02T05:02:35.101691,1,1,106.65,0.5,106.4,150,,,,,,,,,,,,,,,,,,,106.9,150,,,,,,,,,,,,,,,,,,
2026-07-02T05:02:35.158592+00:00,2026-07-02T05:02:35.152751,1,1,106.65,0.5,106.4,150,,,,,,,,,,,,,,,,,,,106.9,50,,,,,,,,,,,,,,,,,,
2026-07-02T05:02:35.212625+00:00,2026-07-02T05:02:35.212559,1,2,106.65,0.5,106.4,150,,,,,,,,,,,,,,,,,,,106.9,50,107.4,100,,,,,,,,,,,,,,,,
2026-07-02T05:02:36.005452+00:00,2026-07-02T05:02:36.005291,1,2,106.65,0.5,106.4,150,,,,,,,,,,,,,,,,,,,106.9,1,107.4,100,,,,,,,,,,,,,,,,
2026-07-02T05:02:37.497749+00:00,2026-07-02T05:02:37.497717,1,1,106.9,1.0,106.4,150,,,,,,,,,,,,,,,,,,,107.4,51,,,,,,,,,,,,,,,,,,
2026-07-02T05:02:37.558613+00:00,2026-07-02T05:02:37.556245,0,1,,,,,,,,,,,,,,,,,,,,,,,107.4,51,,,,,,,,,,,,,,,,,,
2026-07-02T05:02:37.624864+00:00,2026-07-02T05:02:37.618782,1,1,107.25,0.3,107.1,136,,,,,,,,,,,,,,,,,,,107.4,51,,,,,,,,,,,,,,,,,,
2026-07-02T05:02:37.667461+00:00,2026-07-02T05:02:37.667409,1,2,107.25,0.3,107.1,136,,,,,,,,,,,,,,,,,,,107.4,51,107.6,150,,,,,,,,,,,,,,,,
2026-07-02T05:02:38.266975+00:00,2026-07-02T05:02:38.266941,1,1,107.35,0.5,107.1,136,,,,,,,,,,,,,,,,,,,107.6,150,,,,,,,,,,,,,,,,,,
2026-07-02T05:02:38.320556+00:00,2026-07-02T05:02:38.320444,2,1,107.35,0.5,107.1,136,106.7,100,,,,,,,,,,,,,,,,,107.6,150,,,,,,,,,,,,,,,,,,
2026-07-02T05:02:38.374409+00:00,2026-07-02T05:02:38.374351,3,3,107.15,0.1,107.1,136,107.0,50,106.7,100,,,,,,,,,,,,,,,107.2,100,107.3,10,107.6,150,,,,,,,,,,,,,,
2026-07-02T05:02:38.445400+00:00,2026-07-02T05:02:38.445287,3,3,107.15,0.1,107.1,136,107.0,50,106.7,100,,,,,,,,,,,,,,,107.2,100,107.3,4,107.6,150,,,,,,,,,,,,,,
2026-07-02T05:02:39.265922+00:00,2026-07-02T05:02:39.265782,3,2,107.15,0.1,107.1,136,107.0,50,106.7,100,,,,,,,,,,,,,,,107.2,100,107.6,150,,,,,,,,,,,,,,,,
2026-07-02T05:02:39.440267+00:00,2026-07-02T05:02:39.440145,3,2,107.15,0.1,107.1,136,107.0,22,106.7,100,,,,,,,,,,,,,,,107.2,100,107.6,150,,,,,,,,,,,,,,,,
2026-07-02T05:02:39.612150+00:00,2026-07-02T05:02:39.612087,3,2,107.15,0.1,107.1,136,107.0,22,106.7,100,,,,,,,,,,,,,,,107.2,50,107.6,150,,,,,,,,,,,,,,,,
2026-07-02T05:02:39.617498+00:00,2026-07-02T05:02:39.617291,3,2,107.15,0.1,107.1,136,107.0,5,106.7,100,,,,,,,,,,,,,,,107.2,50,107.6,150,,,,,,,,,,,,,,,,
2026-07-02T05:02:40.721214+00:00,2026-07-02T05:02:40.721325,2,1,107.1,0.2,107.0,5,106.7,100,,,,,,,,,,,,,,,,,107.2,50,,,,,,,,,,,,,,,,,,
2026-07-02T05:02:40.776184+00:00,2026-07-02T05:02:40.776347,3,0,,,107.4,100,107.0,5,106.7,100,,,,,,,,,,,,,,,,,,,,,,,,,,,,,,,,,,
2026-07-02T05:02:40.831135+00:00,2026-07-02T05:02:40.831029,3,1,107.65,0.5,107.4,100,107.0,5,106.7,100,,,,,,,,,,,,,,,107.9,150,,,,,,,,,,,,,,,,,,
2026-07-02T05:02:41.075506+00:00,2026-07-02T05:02:41.075481,3,1,107.65,0.5,107.4,56,107.0,5,106.7,100,,,,,,,,,,,,,,,107.9,150,,,,,,,,,,,,,,,,,,
2026-07-02T05:02:41.429333+00:00,2026-07-02T05:02:41.429478,2,1,107.65,0.5,107.4,56,107.0,5,,,,,,,,,,,,,,,,,107.9,150,,,,,,,,,,,,,,,,,,
2026-07-02T05:02:41.500521+00:00,2026-07-02T05:02:41.500445,3,1,107.65,0.5,107.4,56,107.3,100,107.0,5,,,,,,,,,,,,,,,107.9,150,,,,,,,,,,,,,,,,,,
2026-07-02T05:02:41.558606+00:00,2026-07-02T05:02:41.557422,3,2,107.6,0.4,107.4,56,107.3,100,107.0,5,,,,,,,,,,,,,,,107.8,100,107.9,150,,,,,,,,,,,,,,,,
2026-07-02T05:02:42.749073+00:00,2026-07-02T05:02:42.749030,3,2,107.6,0.4,107.4,14,107.3,100,107.0,5,,,,,,,,,,,,,,,107.8,100,107.9,150,,,,,,,,,,,,,,,,
2026-07-02T05:02:43.895307+00:00,2026-07-02T05:02:43.895091,2,1,107.55,0.5,107.3,64,107.0,5,,,,,,,,,,,,,,,,,107.8,100,,,,,,,,,,,,,,,,,,
2026-07-02T05:02:43.954550+00:00,2026-07-02T05:02:43.954498,3,1,107.55,0.5,107.3,64,107.0,5,106.8,150,,,,,,,,,,,,,,,107.8,100,,,,,,,,,,,,,,,,,,
2026-07-02T05:02:44.004191+00:00,2026-07-02T05:02:44.004090,2,2,107.15,0.3,107.0,5,106.8,150,,,,,,,,,,,,,,,,,107.3,86,107.8,100,,,,,,,,,,,,,,,,
2026-07-02T05:02:44.613163+00:00,2026-07-02T05:02:44.613254,2,1,107.15,0.3,107.0,5,106.8,150,,,,,,,,,,,,,,,,,107.3,86,,,,,,,,,,,,,,,,,,
2026-07-02T05:02:44.660741+00:00,2026-07-02T05:02:44.660681,3,1,107.2,0.2,107.1,100,107.0,5,106.8,150,,,,,,,,,,,,,,,107.3,86,,,,,,,,,,,,,,,,,,
2026-07-02T05:02:44.718560+00:00,2026-07-02T05:02:44.718466,3,2,107.2,0.2,107.1,100,107.0,5,106.8,150,,,,,,,,,,,,,,,107.3,86,107.6,100,,,,,,,,,,,,,,,,
2026-07-02T05:02:44.723798+00:00,2026-07-02T05:02:44.723672,3,2,107.2,0.2,107.1,100,107.0,3,106.8,150,,,,,,,,,,,,,,,107.3,86,107.6,100,,,,,,,,,,,,,,,,
2026-07-02T05:02:45.595952+00:00,2026-07-02T05:02:45.595853,3,2,107.2,0.2,107.1,100,107.0,2,106.8,150,,,,,,,,,,,,,,,107.3,86,107.6,100,,,,,,,,,,,,,,,,
2026-07-02T05:02:45.733353+00:00,2026-07-02T05:02:45.733216,3,2,107.2,0.2,107.1,59,107.0,2,106.8,150,,,,,,,,,,,,,,,107.3,86,107.6,100,,,,,,,,,,,,,,,,
2026-07-02T05:02:45.818967+00:00,2026-07-02T05:02:45.818915,3,3,107.2,0.2,107.1,59,107.0,2,106.8,150,,,,,,,,,,,,,,,107.3,86,107.4,4,107.6,100,,,,,,,,,,,,,,
2026-07-02T05:02:45.999697+00:00,2026-07-02T05:02:45.999633,3,3,107.2,0.2,107.1,9,107.0,2,106.8,150,,,,,,,,,,,,,,,107.3,86,107.4,4,107.6,100,,,,,,,,,,,,,,
2026-07-02T05:02:46.745066+00:00,2026-07-02T05:02:46.744905,3,3,107.2,0.2,107.1,9,107.0,2,106.8,150,,,,,,,,,,,,,,,107.3,86,107.4,3,107.6,100,,,,,,,,,,,,,,
2026-07-02T05:02:47.058548+00:00,2026-07-02T05:02:47.051162,2,2,107.25,0.3,107.1,9,107.0,2,,,,,,,,,,,,,,,,,107.4,3,107.6,100,,,,,,,,,,,,,,,,
2026-07-02T05:02:47.113347+00:00,2026-07-02T05:02:47.113281,3,2,107.25,0.3,107.1,9,107.0,2,106.9,150,,,,,,,,,,,,,,,107.4,3,107.6,100,,,,,,,,,,,,,,,,
2026-07-02T05:02:47.167063+00:00,2026-07-02T05:02:47.166961,3,2,107.25,0.3,107.1,9,107.0,2,106.9,150,,,,,,,,,,,,,,,107.4,153,107.6,100,,,,,,,,,,,,,,,,
2026-07-02T05:02:47.751455+00:00,2026-07-02T05:02:47.751360,3,2,107.25,0.3,107.1,9,107.0,2,106.9,150,,,,,,,,,,,,,,,107.4,152,107.6,100,,,,,,,,,,,,,,,,
2026-07-02T05:02:47.774009+00:00,2026-07-02T05:02:47.773916,2,1,107.2,0.4,107.0,2,106.9,150,,,,,,,,,,,,,,,,,107.4,152,,,,,,,,,,,,,,,,,,
2026-07-02T05:02:47.826440+00:00,2026-07-02T05:02:47.826270,3,1,107.2,0.4,107.0,2,106.9,150,106.6,100,,,,,,,,,,,,,,,107.4,152,,,,,,,,,,,,,,,,,,
2026-07-02T05:02:47.879852+00:00,2026-07-02T05:02:47.879803,3,2,107.05,0.1,107.0,2,106.9,150,106.6,100,,,,,,,,,,,,,,,107.1,100,107.4,152,,,,,,,,,,,,,,,,
2026-07-02T05:02:47.890244+00:00,2026-07-02T05:02:47.890170,3,2,107.05,0.1,107.0,2,106.9,150,106.6,100,,,,,,,,,,,,,,,107.1,100,107.4,150,,,,,,,,,,,,,,,,
2026-07-02T05:02:47.995793+00:00,2026-07-02T05:02:47.995731,3,2,107.05,0.1,107.0,2,106.9,150,106.6,100,,,,,,,,,,,,,,,107.1,56,107.4,150,,,,,,,,,,,,,,,,
2026-07-02T05:02:50.164265+00:00,2026-07-02T05:02:50.164151,3,2,107.05,0.1,107.0,2,106.9,150,106.6,100,,,,,,,,,,,,,,,107.1,6,107.4,150,,,,,,,,,,,,,,,,
2026-07-02T05:02:50.216755+00:00,2026-07-02T05:02:50.216633,2,1,107.05,0.1,107.0,2,106.6,100,,,,,,,,,,,,,,,,,107.1,6,,,,,,,,,,,,,,,,,,
2026-07-02T05:02:50.274135+00:00,2026-07-02T05:02:50.274207,3,1,107.05,0.1,107.0,2,106.8,150,106.6,100,,,,,,,,,,,,,,,107.1,6,,,,,,,,,,,,,,,,,,
2026-07-02T05:02:50.326001+00:00,2026-07-02T05:02:50.325922,3,2,107.05,0.1,107.0,2,106.8,150,106.6,100,,,,,,,,,,,,,,,107.1,6,107.3,150,,,,,,,,,,,,,,,,
2026-07-02T05:02:50.931372+00:00,2026-07-02T05:02:50.931324,2,1,107.15,0.3,107.0,2,106.8,150,,,,,,,,,,,,,,,,,107.3,150,,,,,,,,,,,,,,,,,,
2026-07-02T05:02:50.986962+00:00,2026-07-02T05:02:50.986817,2,1,107.15,0.3,107.0,2,106.8,250,,,,,,,,,,,,,,,,,107.3,150,,,,,,,,,,,,,,,,,,
2026-07-02T05:02:51.035082+00:00,2026-07-02T05:02:51.034944,2,1,107.15,0.3,107.0,2,106.8,250,,,,,,,,,,,,,,,,,107.3,250,,,,,,,,,,,,,,,,,,
2026-07-02T05:02:51.238674+00:00,2026-07-02T05:02:51.238578,2,1,107.15,0.3,107.0,2,106.8,250,,,,,,,,,,,,,,,,,107.3,205,,,,,,,,,,,,,,,,,,
2026-07-02T05:02:51.290106+00:00,2026-07-02T05:02:51.290231,1,1,107.05,0.5,106.8,211,,,,,,,,,,,,,,,,,,,107.3,205,,,,,,,,,,,,,,,,,,
2026-07-02T05:02:52.320496+00:00,2026-07-02T05:02:52.320353,1,1,107.05,0.5,106.8,161,,,,,,,,,,,,,,,,,,,107.3,205,,,,,,,,,,,,,,,,,,
2026-07-02T05:02:52.380412+00:00,2026-07-02T05:02:52.380310,1,1,107.05,0.5,106.8,161,,,,,,,,,,,,,,,,,,,107.3,156,,,,,,,,,,,,,,,,,,
2026-07-02T05:02:52.917850+00:00,2026-07-02T05:02:52.917745,1,2,107.05,0.5,106.8,161,,,,,,,,,,,,,,,,,,,107.3,156,107.4,6,,,,,,,,,,,,,,,,
2026-07-02T05:02:53.376405+00:00,2026-07-02T05:02:53.376355,1,2,107.05,0.5,106.8,100,,,,,,,,,,,,,,,,,,,107.3,100,107.4,6,,,,,,,,,,,,,,,,
2026-07-02T05:02:53.432064+00:00,2026-07-02T05:02:53.431945,2,2,107.15,0.3,107.0,150,106.8,100,,,,,,,,,,,,,,,,,107.3,100,107.4,6,,,,,,,,,,,,,,,,
2026-07-02T05:02:53.484234+00:00,2026-07-02T05:02:53.484109,2,3,107.15,0.3,107.0,150,106.8,100,,,,,,,,,,,,,,,,,107.3,100,107.4,6,107.5,150,,,,,,,,,,,,,,
2026-07-02T05:02:54.090777+00:00,2026-07-02T05:02:54.090647,2,2,107.2,0.4,107.0,150,106.8,100,,,,,,,,,,,,,,,,,107.4,6,107.5,150,,,,,,,,,,,,,,,,
2026-07-02T05:02:54.095870+00:00,2026-07-02T05:02:54.095839,1,2,107.2,0.4,107.0,150,,,,,,,,,,,,,,,,,,,107.4,6,107.5,150,,,,,,,,,,,,,,,,
2026-07-02T05:02:54.148295+00:00,2026-07-02T05:02:54.148195,2,2,107.2,0.4,107.0,150,106.7,100,,,,,,,,,,,,,,,,,107.4,6,107.5,150,,,,,,,,,,,,,,,,
2026-07-02T05:02:54.201434+00:00,2026-07-02T05:02:54.201532,2,3,107.1,0.2,107.0,150,106.7,100,,,,,,,,,,,,,,,,,107.2,100,107.4,6,107.5,150,,,,,,,,,,,,,,
2026-07-02T05:02:54.426719+00:00,2026-07-02T05:02:54.426631,2,3,107.1,0.2,107.0,100,106.7,100,,,,,,,,,,,,,,,,,107.2,100,107.4,6,107.5,150,,,,,,,,,,,,,,
2026-07-02T05:02:56.007752+00:00,2026-07-02T05:02:56.007544,2,3,107.1,0.2,107.0,100,106.7,100,,,,,,,,,,,,,,,,,107.2,100,107.4,4,107.5,150,,,,,,,,,,,,,,
2026-07-02T05:02:56.384618+00:00,2026-07-02T05:02:56.383256,2,3,107.1,0.2,107.0,51,106.7,100,,,,,,,,,,,,,,,,,107.2,100,107.4,4,107.5,150,,,,,,,,,,,,,,
2026-07-02T05:02:56.478761+00:00,2026-07-02T05:02:56.478674,2,3,107.1,0.2,107.0,51,106.7,100,,,,,,,,,,,,,,,,,107.2,50,107.4,4,107.5,150,,,,,,,,,,,,,,
2026-07-02T05:02:56.536489+00:00,2026-07-02T05:02:56.536384,2,2,107.1,0.2,107.0,51,106.7,100,,,,,,,,,,,,,,,,,107.2,50,107.4,4,,,,,,,,,,,,,,,,
2026-07-02T05:02:56.541588+00:00,2026-07-02T05:02:56.541522,1,2,106.95,0.5,106.7,100,,,,,,,,,,,,,,,,,,,107.2,50,107.4,4,,,,,,,,,,,,,,,,
2026-07-02T05:02:56.608675+00:00,2026-07-02T05:02:56.608893,2,2,106.95,0.5,106.7,100,106.3,150,,,,,,,,,,,,,,,,,107.2,50,107.4,4,,,,,,,,,,,,,,,,
2026-07-02T05:02:56.669690+00:00,2026-07-02T05:02:56.662322,2,3,106.75,0.1,106.7,100,106.3,150,,,,,,,,,,,,,,,,,106.8,147,107.2,50,107.4,4,,,,,,,,,,,,,,
2026-07-02T05:02:57.258600+00:00,2026-07-02T05:02:57.254006,1,2,106.55,0.5,106.3,150,,,,,,,,,,,,,,,,,,,106.8,147,107.4,4,,,,,,,,,,,,,,,,
2026-07-02T05:02:57.317814+00:00,2026-07-02T05:02:57.317931,1,2,106.55,0.5,106.3,150,,,,,,,,,,,,,,,,,,,106.8,47,107.4,4,,,,,,,,,,,,,,,,
2026-07-02T05:02:57.371422+00:00,2026-07-02T05:02:57.371324,1,3,106.55,0.5,106.3,150,,,,,,,,,,,,,,,,,,,106.8,47,107.3,100,107.4,4,,,,,,,,,,,,,,
2026-07-02T05:02:57.990998+00:00,2026-07-02T05:02:57.990869,1,3,106.55,0.5,106.3,150,,,,,,,,,,,,,,,,,,,106.8,47,107.3,100,107.4,3,,,,,,,,,,,,,,
2026-07-02T05:02:58.591188+00:00,2026-07-02T05:02:58.591083,1,2,106.8,1.0,106.3,150,,,,,,,,,,,,,,,,,,,107.3,97,107.4,3,,,,,,,,,,,,,,,,
2026-07-02T05:02:59.712659+00:00,2026-07-02T05:02:59.712571,0,2,,,,,,,,,,,,,,,,,,,,,,,107.3,97,107.4,3,,,,,,,,,,,,,,,,
2026-07-02T05:02:59.758722+00:00,2026-07-02T05:02:59.755855,1,2,107.1,0.4,106.9,150,,,,,,,,,,,,,,,,,,,107.3,97,107.4,3,,,,,,,,,,,,,,,,
2026-07-02T05:02:59.813905+00:00,2026-07-02T05:02:59.813823,1,2,107.1,0.4,106.9,150,,,,,,,,,,,,,,,,,,,107.3,97,107.4,153,,,,,,,,,,,,,,,,
2026-07-02T05:03:00.424167+00:00,2026-07-02T05:03:00.424050,1,1,107.15,0.5,106.9,150,,,,,,,,,,,,,,,,,,,107.4,153,,,,,,,,,,,,,,,,,,
2026-07-02T05:03:00.473987+00:00,2026-07-02T05:03:00.474104,2,1,107.15,0.5,106.9,150,106.5,100,,,,,,,,,,,,,,,,,107.4,153,,,,,,,,,,,,,,,,,,
2026-07-02T05:03:00.531083+00:00,2026-07-02T05:03:00.531003,2,2,106.95,0.1,106.9,150,106.5,100,,,,,,,,,,,,,,,,,107.0,100,107.4,153,,,,,,,,,,,,,,,,
2026-07-02T05:03:00.695775+00:00,2026-07-02T05:03:00.695655,2,2,106.95,0.1,106.9,150,106.5,100,,,,,,,,,,,,,,,,,107.0,50,107.4,153,,,,,,,,,,,,,,,,
2026-07-02T05:03:01.446898+00:00,2026-07-02T05:03:01.441353,2,2,106.95,0.1,106.9,147,106.5,100,,,,,,,,,,,,,,,,,107.0,50,107.4,153,,,,,,,,,,,,,,,,
2026-07-02T05:03:01.858613+00:00,2026-07-02T05:03:01.854190,2,2,106.95,0.1,106.9,104,106.5,100,,,,,,,,,,,,,,,,,107.0,50,107.4,153,,,,,,,,,,,,,,,,
2026-07-02T05:03:02.858649+00:00,2026-07-02T05:03:02.854000,2,2,106.95,0.1,106.9,54,106.5,100,,,,,,,,,,,,,,,,,107.0,50,107.4,153,,,,,,,,,,,,,,,,
2026-07-02T05:03:02.871295+00:00,2026-07-02T05:03:02.871405,1,2,106.75,0.5,106.5,100,,,,,,,,,,,,,,,,,,,107.0,50,107.4,3,,,,,,,,,,,,,,,,
2026-07-02T05:03:02.925732+00:00,2026-07-02T05:03:02.925630,2,2,106.75,0.5,106.5,100,106.3,150,,,,,,,,,,,,,,,,,107.0,50,107.4,3,,,,,,,,,,,,,,,,
2026-07-02T05:03:02.977876+00:00,2026-07-02T05:03:02.977803,2,2,106.65,0.3,106.5,100,106.3,150,,,,,,,,,,,,,,,,,106.8,150,107.0,50,,,,,,,,,,,,,,,,
2026-07-02T05:03:03.502739+00:00,2026-07-02T05:03:03.502677,2,3,106.65,0.3,106.5,100,106.3,150,,,,,,,,,,,,,,,,,106.8,150,107.0,50,107.2,5,,,,,,,,,,,,,,
2026-07-02T05:03:03.507766+00:00,2026-07-02T05:03:03.507953,2,3,106.65,0.3,106.5,100,106.3,150,,,,,,,,,,,,,,,,,106.8,149,107.0,50,107.2,5,,,,,,,,,,,,,,
2026-07-02T05:03:03.584751+00:00,2026-07-02T05:03:03.584663,1,2,106.55,0.5,106.3,150,,,,,,,,,,,,,,,,,,,106.8,149,107.2,5,,,,,,,,,,,,,,,,
2026-07-02T05:03:03.641314+00:00,2026-07-02T05:03:03.641259,2,2,106.65,0.3,106.5,100,106.3,150,,,,,,,,,,,,,,,,,106.8,149,107.2,5,,,,,,,,,,,,,,,,
2026-07-02T05:03:03.698263+00:00,2026-07-02T05:03:03.698415,2,3,106.65,0.3,106.5,100,106.3,150,,,,,,,,,,,,,,,,,106.8,149,107.0,100,107.2,5,,,,,,,,,,,,,,
2026-07-02T05:03:03.816461+00:00,2026-07-02T05:03:03.808972,2,3,106.65,0.3,106.5,100,106.3,150,,,,,,,,,,,,,,,,,106.8,98,107.0,100,107.2,5,,,,,,,,,,,,,,
2026-07-02T05:03:04.677465+00:00,2026-07-02T05:03:04.677380,2,3,106.65,0.3,106.5,100,106.3,150,,,,,,,,,,,,,,,,,106.8,98,107.0,100,107.2,4,,,,,,,,,,,,,,
2026-07-02T05:03:04.958626+00:00,2026-07-02T05:03:04.955487,2,3,106.65,0.3,106.5,50,106.3,150,,,,,,,,,,,,,,,,,106.8,98,107.0,100,107.2,4,,,,,,,,,,,,,,
2026-07-02T05:03:06.032247+00:00,2026-07-02T05:03:06.032161,1,2,106.75,0.5,106.5,50,,,,,,,,,,,,,,,,,,,107.0,100,107.2,4,,,,,,,,,,,,,,,,
2026-07-02T05:03:06.087156+00:00,2026-07-02T05:03:06.087038,2,2,106.8,0.4,106.6,150,106.5,50,,,,,,,,,,,,,,,,,107.0,100,107.2,4,,,,,,,,,,,,,,,,
2026-07-02T05:03:06.140409+00:00,2026-07-02T05:03:06.140265,2,3,106.8,0.4,106.6,150,106.5,50,,,,,,,,,,,,,,,,,107.0,100,107.1,150,107.2,4,,,,,,,,,,,,,,
2026-07-02T05:03:06.416512+00:00,2026-07-02T05:03:06.416461,2,2,106.8,0.4,106.6,150,106.5,50,,,,,,,,,,,,,,,,,107.0,100,107.1,150,,,,,,,,,,,,,,,,
2026-07-02T05:03:06.755800+00:00,2026-07-02T05:03:06.755907,1,1,106.85,0.5,106.6,150,,,,,,,,,,,,,,,,,,,107.1,150,,,,,,,,,,,,,,,,,,
2026-07-02T05:03:06.810936+00:00,2026-07-02T05:03:06.810876,2,1,106.85,0.5,106.6,150,106.3,100,,,,,,,,,,,,,,,,,107.1,150,,,,,,,,,,,,,,,,,,
2026-07-02T05:03:06.858597+00:00,2026-07-02T05:03:06.856205,2,2,106.7,0.2,106.6,150,106.3,100,,,,,,,,,,,,,,,,,106.8,100,107.1,150,,,,,,,,,,,,,,,,
2026-07-02T05:03:07.066937+00:00,2026-07-02T05:03:07.066872,2,2,106.7,0.2,106.6,100,106.3,100,,,,,,,,,,,,,,,,,106.8,100,107.1,150,,,,,,,,,,,,,,,,
2026-07-02T05:03:09.079895+00:00,2026-07-02T05:03:09.072822,2,2,106.7,0.2,106.6,97,106.3,100,,,,,,,,,,,,,,,,,106.8,100,107.1,150,,,,,,,,,,,,,,,,
2026-07-02T05:03:09.184017+00:00,2026-07-02T05:03:09.183980,2,2,106.7,0.2,106.6,47,106.3,100,,,,,,,,,,,,,,,,,106.8,100,107.1,150,,,,,,,,,,,,,,,,
2026-07-02T05:03:09.189196+00:00,2026-07-02T05:03:09.189156,1,1,106.55,0.5,106.3,100,,,,,,,,,,,,,,,,,,,106.8,100,,,,,,,,,,,,,,,,,,
2026-07-02T05:03:09.246568+00:00,2026-07-02T05:03:09.246452,2,1,106.55,0.5,106.3,100,106.0,150,,,,,,,,,,,,,,,,,106.8,100,,,,,,,,,,,,,,,,,,
2026-07-02T05:03:09.301201+00:00,2026-07-02T05:03:09.301109,2,2,106.4,0.2,106.3,100,106.0,150,,,,,,,,,,,,,,,,,106.5,150,106.8,100,,,,,,,,,,,,,,,,
2026-07-02T05:03:09.911561+00:00,2026-07-02T05:03:09.911471,2,1,106.4,0.2,106.3,100,106.0,150,,,,,,,,,,,,,,,,,106.5,150,,,,,,,,,,,,,,,,,,
2026-07-02T05:03:09.916723+00:00,2026-07-02T05:03:09.916634,1,1,106.25,0.5,106.0,150,,,,,,,,,,,,,,,,,,,106.5,150,,,,,,,,,,,,,,,,,,
2026-07-02T05:03:09.969162+00:00,2026-07-02T05:03:09.969000,2,1,106.3,0.4,106.1,100,106.0,150,,,,,,,,,,,,,,,,,106.5,150,,,,,,,,,,,,,,,,,,
2026-07-02T05:03:10.021841+00:00,2026-07-02T05:03:10.022014,2,2,106.3,0.4,106.1,100,106.0,150,,,,,,,,,,,,,,,,,106.5,150,106.6,100,,,,,,,,,,,,,,,,
2026-07-02T05:03:10.390995+00:00,2026-07-02T05:03:10.384837,2,2,106.3,0.4,106.1,100,106.0,150,,,,,,,,,,,,,,,,,106.5,147,106.6,100,,,,,,,,,,,,,,,,
2026-07-02T05:03:11.279209+00:00,2026-07-02T05:03:11.279094,2,2,106.3,0.4,106.1,50,106.0,150,,,,,,,,,,,,,,,,,106.5,147,106.6,100,,,,,,,,,,,,,,,,
2026-07-02T05:03:12.369819+00:00,2026-07-02T05:03:12.369752,1,1,106.35,0.5,106.1,50,,,,,,,,,,,,,,,,,,,106.6,100,,,,,,,,,,,,,,,,,,
2026-07-02T05:03:12.426307+00:00,2026-07-02T05:03:12.426177,2,1,106.35,0.5,106.1,50,106.0,150,,,,,,,,,,,,,,,,,106.6,100,,,,,,,,,,,,,,,,,,
2026-07-02T05:03:12.478643+00:00,2026-07-02T05:03:12.478708,2,2,106.3,0.4,106.1,50,106.0,150,,,,,,,,,,,,,,,,,106.5,150,106.6,100,,,,,,,,,,,,,,,,
2026-07-02T05:03:13.076498+00:00,2026-07-02T05:03:13.076442,1,1,106.25,0.5,106.0,150,,,,,,,,,,,,,,,,,,,106.5,150,,,,,,,,,,,,,,,,,,
2026-07-02T05:03:13.130134+00:00,2026-07-02T05:03:13.130041,2,1,106.3,0.4,106.1,100,106.0,150,,,,,,,,,,,,,,,,,106.5,150,,,,,,,,,,,,,,,,,,
2026-07-02T05:03:13.179756+00:00,2026-07-02T05:03:13.179657,2,2,106.3,0.4,106.1,100,106.0,150,,,,,,,,,,,,,,,,,106.5,150,106.6,100,,,,,,,,,,,,,,,,
2026-07-02T05:03:13.387088+00:00,2026-07-02T05:03:13.386952,2,2,106.3,0.4,106.1,50,106.0,150,,,,,,,,,,,,,,,,,106.5,150,106.6,100,,,,,,,,,,,,,,,,
2026-07-02T05:03:15.425704+00:00,2026-07-02T05:03:15.420296,2,2,106.3,0.4,106.1,50,106.0,150,,,,,,,,,,,,,,,,,106.5,139,106.6,100,,,,,,,,,,,,,,,,
2026-07-02T05:03:15.492942+00:00,2026-07-02T05:03:15.492896,1,2,106.25,0.5,106.0,150,,,,,,,,,,,,,,,,,,,106.5,139,106.6,100,,,,,,,,,,,,,,,,
2026-07-02T05:03:15.529259+00:00,2026-07-02T05:03:15.529147,0,1,,,,,,,,,,,,,,,,,,,,,,,106.6,100,,,,,,,,,,,,,,,,,,
2026-07-02T05:03:15.580581+00:00,2026-07-02T05:03:15.580521,1,1,106.4,0.4,106.2,150,,,,,,,,,,,,,,,,,,,106.6,100,,,,,,,,,,,,,,,,,,
2026-07-02T05:03:15.637974+00:00,2026-07-02T05:03:15.637848,1,2,106.4,0.4,106.2,150,,,,,,,,,,,,,,,,,,,106.6,100,106.7,150,,,,,,,,,,,,,,,,
2026-07-02T05:03:16.235682+00:00,2026-07-02T05:03:16.235554,1,1,106.45,0.5,106.2,150,,,,,,,,,,,,,,,,,,,106.7,150,,,,,,,,,,,,,,,,,,
2026-07-02T05:03:16.289174+00:00,2026-07-02T05:03:16.289112,2,1,106.45,0.5,106.2,150,105.7,100,,,,,,,,,,,,,,,,,106.7,150,,,,,,,,,,,,,,,,,,
2026-07-02T05:03:16.318079+00:00,2026-07-02T05:03:16.317968,2,1,106.45,0.5,106.2,150,105.7,100,,,,,,,,,,,,,,,,,106.7,104,,,,,,,,,,,,,,,,,,
2026-07-02T05:03:16.342317+00:00,2026-07-02T05:03:16.342241,2,1,106.45,0.5,106.2,50,105.7,100,,,,,,,,,,,,,,,,,106.7,104,,,,,,,,,,,,,,,,,,
2026-07-02T05:03:16.501573+00:00,2026-07-02T05:03:16.501434,2,1,106.45,0.5,106.2,55,105.7,100,,,,,,,,,,,,,,,,,106.7,104,,,,,,,,,,,,,,,,,,
2026-07-02T05:03:17.598976+00:00,2026-07-02T05:03:17.598915,2,1,106.45,0.5,106.2,5,105.7,100,,,,,,,,,,,,,,,,,106.7,104,,,,,,,,,,,,,,,,,,
2026-07-02T05:03:17.604226+00:00,2026-07-02T05:03:17.604105,1,1,106.2,1.0,105.7,100,,,,,,,,,,,,,,,,,,,106.7,104,,,,,,,,,,,,,,,,,,
2026-07-02T05:03:18.493512+00:00,2026-07-02T05:03:18.493378,2,1,106.4,0.6,106.1,5,105.7,100,,,,,,,,,,,,,,,,,106.7,104,,,,,,,,,,,,,,,,,,
2026-07-02T05:03:18.691452+00:00,2026-07-02T05:03:18.691366,2,0,,,106.1,5,105.7,100,,,,,,,,,,,,,,,,,,,,,,,,,,,,,,,,,,,,
2026-07-02T05:03:18.744070+00:00,2026-07-02T05:03:18.743942,3,0,,,106.1,5,105.7,100,105.6,150,,,,,,,,,,,,,,,,,,,,,,,,,,,,,,,,,,
2026-07-02T05:03:18.807517+00:00,2026-07-02T05:03:18.800521,2,1,105.9,0.4,105.7,100,105.6,150,,,,,,,,,,,,,,,,,106.1,141,,,,,,,,,,,,,,,,,,
2026-07-02T05:03:19.045251+00:00,2026-07-02T05:03:19.039445,2,1,105.9,0.4,105.7,100,105.6,150,,,,,,,,,,,,,,,,,106.1,110,,,,,,,,,,,,,,,,,,
2026-07-02T05:03:19.396487+00:00,2026-07-02T05:03:19.396411,1,1,105.85,0.5,105.6,150,,,,,,,,,,,,,,,,,,,106.1,110,,,,,,,,,,,,,,,,,,
2026-07-02T05:03:19.449743+00:00,2026-07-02T05:03:19.449624,1,1,105.85,0.5,105.6,150,,,,,,,,,,,,,,,,,,,106.1,10,,,,,,,,,,,,,,,,,,
2026-07-02T05:03:19.502141+00:00,2026-07-02T05:03:19.502094,1,2,105.85,0.5,105.6,150,,,,,,,,,,,,,,,,,,,106.1,10,106.6,100,,,,,,,,,,,,,,,,
2026-07-02T05:03:19.707607+00:00,2026-07-02T05:03:19.707486,1,2,105.85,0.5,105.6,100,,,,,,,,,,,,,,,,,,,106.1,10,106.6,100,,,,,,,,,,,,,,,,
2026-07-02T05:03:20.942978+00:00,2026-07-02T05:03:20.943106,1,1,106.1,1.0,105.6,100,,,,,,,,,,,,,,,,,,,106.6,100,,,,,,,,,,,,,,,,,,
2026-07-02T05:03:21.813307+00:00,2026-07-02T05:03:21.813488,1,1,106.1,1.0,105.6,50,,,,,,,,,,,,,,,,,,,106.6,100,,,,,,,,,,,,,,,,,,
2026-07-02T05:03:21.850976+00:00,2026-07-02T05:03:21.850945,0,1,,,,,,,,,,,,,,,,,,,,,,,106.6,100,,,,,,,,,,,,,,,,,,
2026-07-02T05:03:21.903401+00:00,2026-07-02T05:03:21.903336,1,1,106.2,0.8,105.8,150,,,,,,,,,,,,,,,,,,,106.6,100,,,,,,,,,,,,,,,,,,
2026-07-02T05:03:21.952543+00:00,2026-07-02T05:03:21.952459,1,2,106.05,0.5,105.8,150,,,,,,,,,,,,,,,,,,,106.3,150,106.6,100,,,,,,,,,,,,,,,,
2026-07-02T05:03:22.558656+00:00,2026-07-02T05:03:22.552489,1,1,106.05,0.5,105.8,150,,,,,,,,,,,,,,,,,,,106.3,150,,,,,,,,,,,,,,,,,,
2026-07-02T05:03:22.611635+00:00,2026-07-02T05:03:22.611562,1,1,106.05,0.5,105.8,250,,,,,,,,,,,,,,,,,,,106.3,150,,,,,,,,,,,,,,,,,,
2026-07-02T05:03:22.663945+00:00,2026-07-02T05:03:22.663816,1,1,106.05,0.5,105.8,250,,,,,,,,,,,,,,,,,,,106.3,250,,,,,,,,,,,,,,,,,,
2026-07-02T05:03:22.890065+00:00,2026-07-02T05:03:22.889992,1,1,106.05,0.5,105.8,250,,,,,,,,,,,,,,,,,,,106.3,204,,,,,,,,,,,,,,,,,,
2026-07-02T05:03:23.921069+00:00,2026-07-02T05:03:23.920975,1,1,106.05,0.5,105.8,200,,,,,,,,,,,,,,,,,,,106.3,204,,,,,,,,,,,,,,,,,,
2026-07-02T05:03:24.044958+00:00,2026-07-02T05:03:24.044908,1,1,106.05,0.5,105.8,153,,,,,,,,,,,,,,,,,,,106.3,204,,,,,,,,,,,,,,,,,,
2026-07-02T05:03:24.626075+00:00,2026-07-02T05:03:24.626045,1,1,106.05,0.5,105.8,105,,,,,,,,,,,,,,,,,,,106.3,204,,,,,,,,,,,,,,,,,,
2026-07-02T05:03:25.006573+00:00,2026-07-02T05:03:25.006534,1,1,106.05,0.5,105.8,100,,,,,,,,,,,,,,,,,,,106.3,100,,,,,,,,,,,,,,,,,,
2026-07-02T05:03:25.064366+00:00,2026-07-02T05:03:25.064137,2,1,106.05,0.5,105.8,100,105.4,150,,,,,,,,,,,,,,,,,106.3,100,,,,,,,,,,,,,,,,,,
2026-07-02T05:03:25.125615+00:00,2026-07-02T05:03:25.119673,1,2,105.6,0.4,105.4,150,,,,,,,,,,,,,,,,,,,105.8,39,106.3,100,,,,,,,,,,,,,,,,
2026-07-02T05:03:25.714568+00:00,2026-07-02T05:03:25.714505,1,1,105.6,0.4,105.4,150,,,,,,,,,,,,,,,,,,,105.8,39,,,,,,,,,,,,,,,,,,
2026-07-02T05:03:25.772209+00:00,2026-07-02T05:03:25.772181,2,1,105.6,0.4,105.4,150,105.3,100,,,,,,,,,,,,,,,,,105.8,39,,,,,,,,,,,,,,,,,,
2026-07-02T05:03:25.824897+00:00,2026-07-02T05:03:25.824982,2,1,105.6,0.4,105.4,150,105.3,100,,,,,,,,,,,,,,,,,105.8,139,,,,,,,,,,,,,,,,,,
2026-07-02T05:03:25.976622+00:00,2026-07-02T05:03:25.976502,2,1,105.6,0.4,105.4,150,105.3,100,,,,,,,,,,,,,,,,,105.8,89,,,,,,,,,,,,,,,,,,
2026-07-02T05:03:26.649846+00:00,2026-07-02T05:03:26.649732,2,1,105.6,0.4,105.4,150,105.3,100,,,,,,,,,,,,,,,,,105.8,86,,,,,,,,,,,,,,,,,,
2026-07-02T05:03:26.722910+00:00,2026-07-02T05:03:26.722802,2,2,105.6,0.4,105.4,150,105.3,100,,,,,,,,,,,,,,,,,105.8,83,106.3,2,,,,,,,,,,,,,,,,
2026-07-02T05:03:26.869737+00:00,2026-07-02T05:03:26.869609,2,2,105.6,0.4,105.4,150,105.3,100,,,,,,,,,,,,,,,,,105.8,80,106.3,2,,,,,,,,,,,,,,,,
2026-07-02T05:03:27.015742+00:00,2026-07-02T05:03:27.015823,2,2,105.6,0.4,105.4,150,105.3,100,,,,,,,,,,,,,,,,,105.8,77,106.3,2,,,,,,,,,,,,,,,,
2026-07-02T05:03:27.125126+00:00,2026-07-02T05:03:27.124983,2,2,105.6,0.4,105.4,150,105.3,100,,,,,,,,,,,,,,,,,105.8,74,106.3,2,,,,,,,,,,,,,,,,
2026-07-02T05:03:27.996142+00:00,2026-07-02T05:03:27.996101,2,2,105.6,0.4,105.4,150,105.3,100,,,,,,,,,,,,,,,,,105.8,25,106.3,2,,,,,,,,,,,,,,,,
2026-07-02T05:03:28.085332+00:00,2026-07-02T05:03:28.085198,2,0,,,105.4,150,105.3,100,,,,,,,,,,,,,,,,,,,,,,,,,,,,,,,,,,,,
2026-07-02T05:03:28.171598+00:00,2026-07-02T05:03:28.171475,1,0,,,105.3,100,,,,,,,,,,,,,,,,,,,,,,,,,,,,,,,,,,,,,,
2026-07-02T05:03:28.219921+00:00,2026-07-02T05:03:28.219824,2,0,,,105.8,150,105.3,100,,,,,,,,,,,,,,,,,,,,,,,,,,,,,,,,,,,,
2026-07-02T05:03:28.278007+00:00,2026-07-02T05:03:28.277901,2,1,106.05,0.5,105.8,150,105.3,100,,,,,,,,,,,,,,,,,106.3,150,,,,,,,,,,,,,,,,,,
2026-07-02T05:03:28.879706+00:00,2026-07-02T05:03:28.879839,1,1,106.05,0.5,105.8,150,,,,,,,,,,,,,,,,,,,106.3,150,,,,,,,,,,,,,,,,,,
2026-07-02T05:03:28.932464+00:00,2026-07-02T05:03:28.932541,2,1,106.05,0.5,105.8,150,105.5,100,,,,,,,,,,,,,,,,,106.3,150,,,,,,,,,,,,,,,,,,
2026-07-02T05:03:28.985905+00:00,2026-07-02T05:03:28.985781,2,2,105.9,0.2,105.8,150,105.5,100,,,,,,,,,,,,,,,,,106.0,100,106.3,150,,,,,,,,,,,,,,,,
2026-07-02T05:03:29.936669+00:00,2026-07-02T05:03:29.936563,3,2,105.95,0.1,105.9,3,105.8,150,105.5,100,,,,,,,,,,,,,,,106.0,100,106.3,150,,,,,,,,,,,,,,,,
2026-07-02T05:03:29.941892+00:00,2026-07-02T05:03:29.941751,3,3,105.95,0.1,105.9,3,105.8,150,105.5,100,,,,,,,,,,,,,,,106.0,100,106.2,3,106.3,150,,,,,,,,,,,,,,
2026-07-02T05:03:30.193741+00:00,2026-07-02T05:03:30.193640,3,3,105.95,0.1,105.9,3,105.8,150,105.5,100,,,,,,,,,,,,,,,106.0,50,106.2,3,106.3,150,,,,,,,,,,,,,,
2026-07-02T05:03:30.924874+00:00,2026-07-02T05:03:30.924789,3,3,105.95,0.1,105.9,2,105.8,150,105.5,100,,,,,,,,,,,,,,,106.0,50,106.2,3,106.3,150,,,,,,,,,,,,,,
