recv_time,book_timestamp,n_bids,n_asks,mid,spread,bid_px_0,bid_vol_0,bid_px_1,bid_vol_1,bid_px_2,bid_vol_2,bid_px_3,bid_vol_3,bid_px_4,bid_vol_4,bid_px_5,bid_vol_5,bid_px_6,bid_vol_6,bid_px_7,bid_vol_7,bid_px_8,bid_vol_8,bid_px_9,bid_vol_9,ask_px_0,ask_vol_0,ask_px_1,ask_vol_1,ask_px_2,ask_vol_2,ask_px_3,ask_vol_3,ask_px_4,ask_vol_4,ask_px_5,ask_vol_5,ask_px_6,ask_vol_6,ask_px_7,ask_vol_7,ask_px_8,ask_vol_8,ask_px_9,ask_vol_9
2026-07-06T05:00:00.328939+00:00,2026-07-06T05:00:00.306756,3,3,149.6,0.2,149.5,8,149.4,100,149.2,150,,,,,,,,,,,,,,,149.7,110,149.9,100,150.0,8,,,,,,,,,,,,,,
2026-07-06T05:00:00.390528+00:00,2026-07-06T05:00:00.390407,3,3,149.6,0.2,149.5,8,149.4,100,149.2,150,,,,,,,,,,,,,,,149.7,60,149.9,100,150.0,8,,,,,,,,,,,,,,
2026-07-06T05:00:01.411486+00:00,2026-07-06T05:00:01.411368,2,2,149.6,0.2,149.5,8,149.2,150,,,,,,,,,,,,,,,,,149.7,60,150.0,8,,,,,,,,,,,,,,,,
2026-07-06T05:00:01.464567+00:00,2026-07-06T05:00:01.456870,3,2,149.6,0.2,149.5,8,149.3,100,149.2,150,,,,,,,,,,,,,,,149.7,60,150.0,8,,,,,,,,,,,,,,,,
2026-07-06T05:00:01.520028+00:00,2026-07-06T05:00:01.520122,3,3,149.6,0.2,149.5,8,149.3,100,149.2,150,,,,,,,,,,,,,,,149.7,60,149.8,100,150.0,8,,,,,,,,,,,,,,
2026-07-06T05:00:02.518124+00:00,2026-07-06T05:00:02.518348,2,2,149.65,0.3,149.5,8,149.3,100,,,,,,,,,,,,,,,,,149.8,100,150.0,8,,,,,,,,,,,,,,,,
2026-07-06T05:00:02.564059+00:00,2026-07-06T05:00:02.563930,2,2,149.65,0.3,149.5,150,149.3,58,,,,,,,,,,,,,,,,,149.8,100,150.0,8,,,,,,,,,,,,,,,,
2026-07-06T05:00:02.619092+00:00,2026-07-06T05:00:02.619040,2,2,149.65,0.3,149.5,150,149.3,58,,,,,,,,,,,,,,,,,149.8,100,150.0,158,,,,,,,,,,,,,,,,
2026-07-06T05:00:03.058609+00:00,2026-07-06T05:00:03.054896,2,2,149.65,0.3,149.5,150,149.3,58,,,,,,,,,,,,,,,,,149.8,100,150.0,150,,,,,,,,,,,,,,,,
2026-07-06T05:00:03.069020+00:00,2026-07-06T05:00:03.068878,3,3,149.7,0.2,149.6,8,149.5,150,149.3,58,,,,,,,,,,,,,,,149.8,100,150.0,150,150.1,8,,,,,,,,,,,,,,
2026-07-06T05:00:03.269594+00:00,2026-07-06T05:00:03.269770,2,3,149.65,0.3,149.5,113,149.3,58,,,,,,,,,,,,,,,,,149.8,100,150.0,150,150.1,8,,,,,,,,,,,,,,
2026-07-06T05:00:03.578805+00:00,2026-07-06T05:00:03.578694,3,2,149.7,0.2,149.6,8,149.5,113,149.3,58,,,,,,,,,,,,,,,149.8,100,150.0,150,,,,,,,,,,,,,,,,
2026-07-06T05:00:03.583776+00:00,2026-07-06T05:00:03.583874,3,3,149.7,0.2,149.6,8,149.5,113,149.3,58,,,,,,,,,,,,,,,149.8,100,150.0,150,150.3,8,,,,,,,,,,,,,,
2026-07-06T05:00:03.839684+00:00,2026-07-06T05:00:03.839569,3,3,149.7,0.2,149.6,8,149.5,113,149.3,58,,,,,,,,,,,,,,,149.8,97,150.0,150,150.3,8,,,,,,,,,,,,,,
2026-07-06T05:00:04.111373+00:00,2026-07-06T05:00:04.099857,3,3,149.7,0.2,149.6,8,149.5,113,149.3,58,,,,,,,,,,,,,,,149.8,94,150.0,150,150.3,8,,,,,,,,,,,,,,
2026-07-06T05:00:04.570191+00:00,2026-07-06T05:00:04.566438,2,2,149.8,0.4,149.6,8,149.5,113,,,,,,,,,,,,,,,,,150.0,150,150.3,8,,,,,,,,,,,,,,,,
2026-07-06T05:00:04.660012+00:00,2026-07-06T05:00:04.656625,3,1,149.85,0.3,149.7,6,149.5,113,149.3,100,,,,,,,,,,,,,,,150.0,150,,,,,,,,,,,,,,,,,,
2026-07-06T05:00:04.671532+00:00,2026-07-06T05:00:04.671428,2,2,149.75,0.5,149.5,69,149.3,100,,,,,,,,,,,,,,,,,150.0,150,150.1,8,,,,,,,,,,,,,,,,
2026-07-06T05:00:04.703182+00:00,2026-07-06T05:00:04.703024,2,3,149.65,0.3,149.5,69,149.3,100,,,,,,,,,,,,,,,,,149.8,100,150.0,150,150.1,8,,,,,,,,,,,,,,
2026-07-06T05:00:04.933903+00:00,2026-07-06T05:00:04.933819,2,3,149.65,0.3,149.5,69,149.3,100,,,,,,,,,,,,,,,,,149.8,100,150.0,150,150.3,8,,,,,,,,,,,,,,
2026-07-06T05:00:05.678177+00:00,2026-07-06T05:00:05.678132,1,2,149.55,0.5,149.3,100,,,,,,,,,,,,,,,,,,,149.8,100,150.3,8,,,,,,,,,,,,,,,,
2026-07-06T05:00:05.691763+00:00,2026-07-06T05:00:05.691920,1,2,149.55,0.5,149.3,100,,,,,,,,,,,,,,,,,,,149.8,100,150.3,8,,,,,,,,,,,,,,,,
2026-07-06T05:00:05.731960+00:00,2026-07-06T05:00:05.732067,2,2,149.65,0.3,149.5,150,149.3,100,,,,,,,,,,,,,,,,,149.8,100,150.3,8,,,,,,,,,,,,,,,,
2026-07-06T05:00:05.798314+00:00,2026-07-06T05:00:05.774449,2,3,149.65,0.3,149.5,150,149.3,100,,,,,,,,,,,,,,,,,149.8,100,150.0,150,150.3,8,,,,,,,,,,,,,,
2026-07-06T05:00:05.931811+00:00,2026-07-06T05:00:05.931688,2,3,149.65,0.3,149.5,150,149.3,100,,,,,,,,,,,,,,,,,149.8,52,150.0,150,150.3,8,,,,,,,,,,,,,,
2026-07-06T05:00:05.948480+00:00,2026-07-06T05:00:05.948618,2,3,149.65,0.3,149.5,150,149.3,100,,,,,,,,,,,,,,,,,149.8,52,150.0,150,150.3,8,,,,,,,,,,,,,,
2026-07-06T05:00:06.724104+00:00,2026-07-06T05:00:06.724254,2,3,149.65,0.3,149.5,150,149.3,100,,,,,,,,,,,,,,,,,149.8,2,150.0,150,150.3,8,,,,,,,,,,,,,,
2026-07-06T05:00:07.206218+00:00,2026-07-06T05:00:07.206121,2,2,149.65,0.3,149.5,150,149.3,100,,,,,,,,,,,,,,,,,149.8,2,150.0,150,,,,,,,,,,,,,,,,
2026-07-06T05:00:07.211266+00:00,2026-07-06T05:00:07.211381,2,3,149.65,0.3,149.5,150,149.3,100,,,,,,,,,,,,,,,,,149.8,2,150.0,150,150.2,8,,,,,,,,,,,,,,
2026-07-06T05:00:07.574718+00:00,2026-07-06T05:00:07.574667,2,3,149.65,0.3,149.5,104,149.3,100,,,,,,,,,,,,,,,,,149.8,2,150.0,150,150.2,8,,,,,,,,,,,,,,
2026-07-06T05:00:07.758565+00:00,2026-07-06T05:00:07.757879,1,2,149.75,0.5,149.5,104,,,,,,,,,,,,,,,,,,,150.0,150,150.2,8,,,,,,,,,,,,,,,,
2026-07-06T05:00:07.813081+00:00,2026-07-06T05:00:07.812981,2,2,149.9,0.2,149.8,100,149.5,104,,,,,,,,,,,,,,,,,150.0,150,150.2,8,,,,,,,,,,,,,,,,
2026-07-06T05:00:07.867386+00:00,2026-07-06T05:00:07.867270,2,3,149.9,0.2,149.8,100,149.5,104,,,,,,,,,,,,,,,,,150.0,150,150.2,8,150.3,100,,,,,,,,,,,,,,
2026-07-06T05:00:07.967331+00:00,2026-07-06T05:00:07.967239,2,3,149.9,0.2,149.8,100,149.5,104,,,,,,,,,,,,,,,,,150.0,150,150.2,8,150.3,100,,,,,,,,,,,,,,
2026-07-06T05:00:08.103584+00:00,2026-07-06T05:00:08.103521,2,3,149.9,0.2,149.8,100,149.5,104,,,,,,,,,,,,,,,,,150.0,101,150.2,8,150.3,100,,,,,,,,,,,,,,
2026-07-06T05:00:08.158577+00:00,2026-07-06T05:00:08.154093,2,3,149.9,0.2,149.8,54,149.5,104,,,,,,,,,,,,,,,,,150.0,101,150.2,8,150.3,100,,,,,,,,,,,,,,
2026-07-06T05:00:08.836041+00:00,2026-07-06T05:00:08.835975,1,2,150.0,0.4,149.8,54,,,,,,,,,,,,,,,,,,,150.2,8,150.3,100,,,,,,,,,,,,,,,,
2026-07-06T05:00:08.890088+00:00,2026-07-06T05:00:08.889982,2,2,150.0,0.4,149.8,54,149.7,150,,,,,,,,,,,,,,,,,150.2,8,150.3,100,,,,,,,,,,,,,,,,
2026-07-06T05:00:08.941950+00:00,2026-07-06T05:00:08.942064,2,2,150.0,0.4,149.8,54,149.7,150,,,,,,,,,,,,,,,,,150.2,158,150.3,100,,,,,,,,,,,,,,,,
2026-07-06T05:00:10.611411+00:00,2026-07-06T05:00:10.611277,2,2,150.0,0.4,149.8,5,149.7,150,,,,,,,,,,,,,,,,,150.2,158,150.3,100,,,,,,,,,,,,,,,,
2026-07-06T05:00:10.920030+00:00,2026-07-06T05:00:10.919933,1,1,149.95,0.5,149.7,150,,,,,,,,,,,,,,,,,,,150.2,158,,,,,,,,,,,,,,,,,,
2026-07-06T05:00:10.951357+00:00,2026-07-06T05:00:10.951225,1,1,149.95,0.5,149.7,150,,,,,,,,,,,,,,,,,,,150.2,108,,,,,,,,,,,,,,,,,,
2026-07-06T05:00:10.974929+00:00,2026-07-06T05:00:10.974833,2,1,149.95,0.5,149.7,150,149.6,100,,,,,,,,,,,,,,,,,150.2,108,,,,,,,,,,,,,,,,,,
2026-07-06T05:00:11.027163+00:00,2026-07-06T05:00:11.027274,2,2,149.9,0.4,149.7,150,149.6,100,,,,,,,,,,,,,,,,,150.1,100,150.2,108,,,,,,,,,,,,,,,,
2026-07-06T05:00:11.563924+00:00,2026-07-06T05:00:11.563855,2,2,149.9,0.4,149.7,150,149.6,100,,,,,,,,,,,,,,,,,150.1,58,150.2,108,,,,,,,,,,,,,,,,
2026-07-06T05:00:11.999027+00:00,2026-07-06T05:00:11.998945,1,1,149.85,0.5,149.6,100,,,,,,,,,,,,,,,,,,,150.1,58,,,,,,,,,,,,,,,,,,
2026-07-06T05:00:12.053602+00:00,2026-07-06T05:00:12.053723,2,1,149.95,0.3,149.8,150,149.6,100,,,,,,,,,,,,,,,,,150.1,58,,,,,,,,,,,,,,,,,,
2026-07-06T05:00:12.106682+00:00,2026-07-06T05:00:12.106782,2,2,149.95,0.3,149.8,150,149.6,100,,,,,,,,,,,,,,,,,150.1,58,150.3,150,,,,,,,,,,,,,,,,
2026-07-06T05:00:12.740220+00:00,2026-07-06T05:00:12.740159,3,3,150.0,0.2,149.9,8,149.8,150,149.6,100,,,,,,,,,,,,,,,150.1,58,150.3,150,150.4,8,,,,,,,,,,,,,,
2026-07-06T05:00:13.049859+00:00,2026-07-06T05:00:13.049735,3,3,150.0,0.2,149.9,8,149.8,150,149.6,100,,,,,,,,,,,,,,,150.1,8,150.3,150,150.4,8,,,,,,,,,,,,,,
2026-07-06T05:00:13.775655+00:00,2026-07-06T05:00:13.775485,3,2,150.1,0.4,149.9,8,149.8,150,149.6,100,,,,,,,,,,,,,,,150.3,113,150.4,8,,,,,,,,,,,,,,,,
2026-07-06T05:00:13.829803+00:00,2026-07-06T05:00:13.829737,2,2,150.05,0.5,149.8,150,149.6,100,,,,,,,,,,,,,,,,,150.3,113,150.4,8,,,,,,,,,,,,,,,,
2026-07-06T05:00:14.081436+00:00,2026-07-06T05:00:14.081344,1,2,150.05,0.5,149.8,150,,,,,,,,,,,,,,,,,,,150.3,113,150.4,8,,,,,,,,,,,,,,,,
2026-07-06T05:00:14.133988+00:00,2026-07-06T05:00:14.133934,2,2,150.15,0.3,150.0,100,149.8,150,,,,,,,,,,,,,,,,,150.3,113,150.4,8,,,,,,,,,,,,,,,,
2026-07-06T05:00:14.187133+00:00,2026-07-06T05:00:14.187049,2,3,150.15,0.3,150.0,100,149.8,150,,,,,,,,,,,,,,,,,150.3,113,150.4,8,150.5,100,,,,,,,,,,,,,,
2026-07-06T05:00:15.158656+00:00,2026-07-06T05:00:15.155389,1,2,150.2,0.4,150.0,100,,,,,,,,,,,,,,,,,,,150.4,8,150.5,100,,,,,,,,,,,,,,,,
2026-07-06T05:00:15.188505+00:00,2026-07-06T05:00:15.188461,1,1,150.25,0.5,150.0,100,,,,,,,,,,,,,,,,,,,150.5,58,,,,,,,,,,,,,,,,,,
2026-07-06T05:00:15.214577+00:00,2026-07-06T05:00:15.214757,2,1,150.4,0.2,150.3,150,150.0,100,,,,,,,,,,,,,,,,,150.5,58,,,,,,,,,,,,,,,,,,
2026-07-06T05:00:15.228418+00:00,2026-07-06T05:00:15.218844,2,1,150.4,0.2,150.3,139,150.0,100,,,,,,,,,,,,,,,,,150.5,58,,,,,,,,,,,,,,,,,,
2026-07-06T05:00:15.258627+00:00,2026-07-06T05:00:15.258506,3,2,150.4,0.2,150.3,139,150.2,8,150.0,100,,,,,,,,,,,,,,,150.5,58,150.6,8,,,,,,,,,,,,,,,,
2026-07-06T05:00:15.269038+00:00,2026-07-06T05:00:15.268969,3,3,150.4,0.2,150.3,139,150.2,8,150.0,100,,,,,,,,,,,,,,,150.5,58,150.6,8,150.8,150,,,,,,,,,,,,,,
2026-07-06T05:00:15.349268+00:00,2026-07-06T05:00:15.349423,3,3,150.4,0.2,150.3,90,150.2,8,150.0,100,,,,,,,,,,,,,,,150.5,58,150.6,8,150.8,150,,,,,,,,,,,,,,
2026-07-06T05:00:15.966339+00:00,2026-07-06T05:00:15.966279,3,3,150.4,0.2,150.3,44,150.2,8,150.0,100,,,,,,,,,,,,,,,150.5,58,150.6,8,150.8,150,,,,,,,,,,,,,,
2026-07-06T05:00:16.380146+00:00,2026-07-06T05:00:16.374604,3,3,150.4,0.2,150.3,32,150.2,8,150.0,100,,,,,,,,,,,,,,,150.5,58,150.6,8,150.8,150,,,,,,,,,,,,,,
2026-07-06T05:00:16.468974+00:00,2026-07-06T05:00:16.469115,3,3,150.4,0.2,150.3,32,150.2,8,150.0,100,,,,,,,,,,,,,,,150.5,18,150.6,8,150.8,150,,,,,,,,,,,,,,
2026-07-06T05:00:16.523026+00:00,2026-07-06T05:00:16.522906,2,2,150.4,0.2,150.3,32,150.0,100,,,,,,,,,,,,,,,,,150.5,18,150.8,150,,,,,,,,,,,,,,,,
2026-07-06T05:00:16.528146+00:00,2026-07-06T05:00:16.528097,3,2,150.4,0.2,150.3,32,150.1,8,150.0,100,,,,,,,,,,,,,,,150.5,26,150.8,150,,,,,,,,,,,,,,,,
2026-07-06T05:00:17.242477+00:00,2026-07-06T05:00:17.242449,2,2,150.4,0.2,150.3,32,150.1,8,,,,,,,,,,,,,,,,,150.5,8,150.8,150,,,,,,,,,,,,,,,,
2026-07-06T05:00:17.297616+00:00,2026-07-06T05:00:17.297534,2,2,150.4,0.2,150.3,132,150.1,8,,,,,,,,,,,,,,,,,150.5,8,150.8,150,,,,,,,,,,,,,,,,
2026-07-06T05:00:17.348018+00:00,2026-07-06T05:00:17.347965,2,2,150.4,0.2,150.3,132,150.1,8,,,,,,,,,,,,,,,,,150.5,8,150.8,250,,,,,,,,,,,,,,,,
2026-07-06T05:00:17.668312+00:00,2026-07-06T05:00:17.662080,2,2,150.4,0.2,150.3,121,150.1,8,,,,,,,,,,,,,,,,,150.5,8,150.8,250,,,,,,,,,,,,,,,,
2026-07-06T05:00:18.033346+00:00,2026-07-06T05:00:18.033073,1,2,150.4,0.2,150.3,121,,,,,,,,,,,,,,,,,,,150.5,8,150.8,250,,,,,,,,,,,,,,,,
2026-07-06T05:00:18.044015+00:00,2026-07-06T05:00:18.043969,2,1,150.55,0.5,150.3,121,150.0,8,,,,,,,,,,,,,,,,,150.8,250,,,,,,,,,,,,,,,,,,
2026-07-06T05:00:18.049249+00:00,2026-07-06T05:00:18.049141,2,2,150.35,0.1,150.3,121,150.0,8,,,,,,,,,,,,,,,,,150.4,8,150.8,250,,,,,,,,,,,,,,,,
2026-07-06T05:00:18.323153+00:00,2026-07-06T05:00:18.323105,2,2,150.35,0.1,150.3,100,150.0,8,,,,,,,,,,,,,,,,,150.4,8,150.8,100,,,,,,,,,,,,,,,,
2026-07-06T05:00:18.378870+00:00,2026-07-06T05:00:18.378790,3,2,150.35,0.1,150.3,100,150.0,8,149.7,150,,,,,,,,,,,,,,,150.4,8,150.8,100,,,,,,,,,,,,,,,,
2026-07-06T05:00:18.431652+00:00,2026-07-06T05:00:18.431874,2,3,150.1,0.2,150.0,8,149.7,150,,,,,,,,,,,,,,,,,150.2,50,150.4,8,150.8,100,,,,,,,,,,,,,,
2026-07-06T05:00:18.489363+00:00,2026-07-06T05:00:18.489275,2,3,150.1,0.2,150.0,8,149.7,150,,,,,,,,,,,,,,,,,150.2,8,150.4,8,150.8,100,,,,,,,,,,,,,,
2026-07-06T05:00:19.403319+00:00,2026-07-06T05:00:19.403236,2,1,150.4,0.8,150.0,8,149.7,150,,,,,,,,,,,,,,,,,150.8,100,,,,,,,,,,,,,,,,,,
2026-07-06T05:00:19.529360+00:00,2026-07-06T05:00:19.529298,2,1,150.4,0.8,150.0,8,149.7,150,,,,,,,,,,,,,,,,,150.8,96,,,,,,,,,,,,,,,,,,
2026-07-06T05:00:19.555330+00:00,2026-07-06T05:00:19.555218,2,1,150.35,0.9,149.9,8,149.7,150,,,,,,,,,,,,,,,,,150.8,96,,,,,,,,,,,,,,,,,,
2026-07-06T05:00:19.560548+00:00,2026-07-06T05:00:19.560385,2,2,150.3,0.8,149.9,8,149.7,150,,,,,,,,,,,,,,,,,150.7,8,150.8,96,,,,,,,,,,,,,,,,
2026-07-06T05:00:20.403076+00:00,2026-07-06T05:00:20.403011,2,1,150.3,0.8,149.9,8,149.7,150,,,,,,,,,,,,,,,,,150.7,8,,,,,,,,,,,,,,,,,,
2026-07-06T05:00:20.458608+00:00,2026-07-06T05:00:20.457758,3,1,150.35,0.7,150.0,100,149.9,8,149.7,150,,,,,,,,,,,,,,,150.7,8,,,,,,,,,,,,,,,,,,
2026-07-06T05:00:20.511528+00:00,2026-07-06T05:00:20.511404,3,2,150.25,0.5,150.0,100,149.9,8,149.7,150,,,,,,,,,,,,,,,150.5,100,150.7,8,,,,,,,,,,,,,,,,
2026-07-06T05:00:20.572244+00:00,2026-07-06T05:00:20.572133,2,1,150.25,0.5,150.0,100,149.7,150,,,,,,,,,,,,,,,,,150.5,100,,,,,,,,,,,,,,,,,,
2026-07-06T05:00:20.577432+00:00,2026-07-06T05:00:20.577323,2,1,150.25,0.5,150.0,108,149.7,150,,,,,,,,,,,,,,,,,150.5,100,,,,,,,,,,,,,,,,,,
2026-07-06T05:00:20.582595+00:00,2026-07-06T05:00:20.582509,2,1,150.25,0.5,150.0,108,149.7,150,,,,,,,,,,,,,,,,,150.5,108,,,,,,,,,,,,,,,,,,
2026-07-06T05:00:20.990472+00:00,2026-07-06T05:00:20.990355,2,1,150.25,0.5,150.0,64,149.7,150,,,,,,,,,,,,,,,,,150.5,108,,,,,,,,,,,,,,,,,,
2026-07-06T05:00:21.488193+00:00,2026-07-06T05:00:21.488139,1,1,150.25,0.5,150.0,64,,,,,,,,,,,,,,,,,,,150.5,108,,,,,,,,,,,,,,,,,,
2026-07-06T05:00:21.534361+00:00,2026-07-06T05:00:21.534489,1,1,150.25,0.5,150.0,64,,,,,,,,,,,,,,,,,,,150.5,68,,,,,,,,,,,,,,,,,,
2026-07-06T05:00:21.539577+00:00,2026-07-06T05:00:21.539674,2,1,150.4,0.2,150.3,150,150.0,64,,,,,,,,,,,,,,,,,150.5,68,,,,,,,,,,,,,,,,,,
2026-07-06T05:00:21.602762+00:00,2026-07-06T05:00:21.602671,2,2,150.4,0.2,150.3,150,150.0,64,,,,,,,,,,,,,,,,,150.5,68,150.8,150,,,,,,,,,,,,,,,,
2026-07-06T05:00:22.020307+00:00,2026-07-06T05:00:22.020158,2,2,150.4,0.2,150.3,104,150.0,64,,,,,,,,,,,,,,,,,150.5,68,150.8,150,,,,,,,,,,,,,,,,
2026-07-06T05:00:22.608493+00:00,2026-07-06T05:00:22.608372,2,2,150.4,0.2,150.3,63,150.0,64,,,,,,,,,,,,,,,,,150.5,68,150.8,150,,,,,,,,,,,,,,,,
2026-07-06T05:00:23.566119+00:00,2026-07-06T05:00:23.566040,2,2,150.4,0.2,150.3,63,150.0,8,,,,,,,,,,,,,,,,,150.5,8,150.8,150,,,,,,,,,,,,,,,,
2026-07-06T05:00:23.614969+00:00,2026-07-06T05:00:23.614811,2,1,150.55,0.5,150.3,63,150.0,8,,,,,,,,,,,,,,,,,150.8,108,,,,,,,,,,,,,,,,,,
2026-07-06T05:00:23.620087+00:00,2026-07-06T05:00:23.620016,3,1,150.55,0.5,150.3,63,150.1,100,150.0,8,,,,,,,,,,,,,,,150.8,108,,,,,,,,,,,,,,,,,,
2026-07-06T05:00:23.647172+00:00,2026-07-06T05:00:23.647121,3,1,150.55,0.5,150.3,63,150.1,100,150.0,8,,,,,,,,,,,,,,,150.8,62,,,,,,,,,,,,,,,,,,
2026-07-06T05:00:23.673645+00:00,2026-07-06T05:00:23.673499,3,2,150.45,0.3,150.3,63,150.1,100,150.0,8,,,,,,,,,,,,,,,150.6,100,150.8,62,,,,,,,,,,,,,,,,
2026-07-06T05:00:24.181602+00:00,2026-07-06T05:00:24.181495,3,2,150.45,0.3,150.3,63,150.1,100,150.0,8,,,,,,,,,,,,,,,150.6,51,150.8,62,,,,,,,,,,,,,,,,
2026-07-06T05:00:24.651010+00:00,2026-07-06T05:00:24.650967,2,1,150.35,0.5,150.1,100,150.0,8,,,,,,,,,,,,,,,,,150.6,51,,,,,,,,,,,,,,,,,,
2026-07-06T05:00:24.701295+00:00,2026-07-06T05:00:24.701255,3,1,150.45,0.3,150.3,150,150.1,100,150.0,8,,,,,,,,,,,,,,,150.6,51,,,,,,,,,,,,,,,,,,
2026-07-06T05:00:24.758631+00:00,2026-07-06T05:00:24.753470,3,2,150.45,0.3,150.3,150,150.1,100,150.0,8,,,,,,,,,,,,,,,150.6,51,150.8,150,,,,,,,,,,,,,,,,
2026-07-06T05:00:25.721583+00:00,2026-07-06T05:00:25.721801,3,2,150.45,0.3,150.3,150,150.1,100,150.0,8,,,,,,,,,,,,,,,150.6,1,150.8,150,,,,,,,,,,,,,,,,
2026-07-06T05:00:25.770240+00:00,2026-07-06T05:00:25.770100,3,2,150.45,0.3,150.3,108,150.1,100,150.0,8,,,,,,,,,,,,,,,150.6,1,150.8,150,,,,,,,,,,,,,,,,
2026-07-06T05:00:26.727812+00:00,2026-07-06T05:00:26.727629,2,1,150.55,0.5,150.3,108,150.0,8,,,,,,,,,,,,,,,,,150.8,150,,,,,,,,,,,,,,,,,,
2026-07-06T05:00:26.782571+00:00,2026-07-06T05:00:26.782497,3,1,150.55,0.5,150.3,108,150.1,100,150.0,8,,,,,,,,,,,,,,,150.8,150,,,,,,,,,,,,,,,,,,
2026-07-06T05:00:26.836188+00:00,2026-07-06T05:00:26.836427,3,2,150.45,0.3,150.3,62,150.1,100,150.0,8,,,,,,,,,,,,,,,150.6,100,150.8,150,,,,,,,,,,,,,,,,
2026-07-06T05:00:27.349565+00:00,2026-07-06T05:00:27.349501,3,2,150.45,0.3,150.3,62,150.1,100,150.0,8,,,,,,,,,,,,,,,150.6,56,150.8,150,,,,,,,,,,,,,,,,
2026-07-06T05:00:27.811339+00:00,2026-07-06T05:00:27.811281,2,1,150.35,0.5,150.1,100,150.0,8,,,,,,,,,,,,,,,,,150.6,56,,,,,,,,,,,,,,,,,,
2026-07-06T05:00:27.858543+00:00,2026-07-06T05:00:27.856863,2,1,150.35,0.5,150.1,100,150.0,158,,,,,,,,,,,,,,,,,150.6,56,,,,,,,,,,,,,,,,,,
2026-07-06T05:00:27.901310+00:00,2026-07-06T05:00:27.901284,2,1,150.35,0.5,150.1,54,150.0,158,,,,,,,,,,,,,,,,,150.6,56,,,,,,,,,,,,,,,,,,
2026-07-06T05:00:27.916913+00:00,2026-07-06T05:00:27.916885,2,2,150.3,0.4,150.1,54,150.0,158,,,,,,,,,,,,,,,,,150.5,150,150.6,56,,,,,,,,,,,,,,,,
2026-07-06T05:00:29.889814+00:00,2026-07-06T05:00:29.889954,1,1,150.25,0.5,150.0,158,,,,,,,,,,,,,,,,,,,150.5,150,,,,,,,,,,,,,,,,,,
2026-07-06T05:00:29.943591+00:00,2026-07-06T05:00:29.943512,2,1,150.4,0.2,150.3,100,150.0,158,,,,,,,,,,,,,,,,,150.5,150,,,,,,,,,,,,,,,,,,
2026-07-06T05:00:29.985300+00:00,2026-07-06T05:00:29.985186,2,1,150.4,0.2,150.3,50,150.0,158,,,,,,,,,,,,,,,,,150.5,150,,,,,,,,,,,,,,,,,,
2026-07-06T05:00:29.995978+00:00,2026-07-06T05:00:29.995799,2,2,150.4,0.2,150.3,50,150.0,158,,,,,,,,,,,,,,,,,150.5,150,150.8,100,,,,,,,,,,,,,,,,
2026-07-06T05:00:30.858658+00:00,2026-07-06T05:00:30.857829,3,2,150.4,0.2,150.3,50,150.2,8,150.0,150,,,,,,,,,,,,,,,150.5,150,150.8,100,,,,,,,,,,,,,,,,
2026-07-06T05:00:30.863764+00:00,2026-07-06T05:00:30.863702,3,3,150.4,0.2,150.3,50,150.2,8,150.0,150,,,,,,,,,,,,,,,150.5,150,150.6,8,150.8,100,,,,,,,,,,,,,,
2026-07-06T05:00:30.975069+00:00,2026-07-06T05:00:30.974990,2,2,150.45,0.3,150.3,50,150.2,8,,,,,,,,,,,,,,,,,150.6,8,150.8,100,,,,,,,,,,,,,,,,
2026-07-06T05:00:31.029441+00:00,2026-07-06T05:00:31.029604,2,2,150.45,0.3,150.3,50,150.2,158,,,,,,,,,,,,,,,,,150.6,8,150.8,100,,,,,,,,,,,,,,,,
2026-07-06T05:00:31.082697+00:00,2026-07-06T05:00:31.082592,2,3,150.45,0.3,150.3,50,150.2,158,,,,,,,,,,,,,,,,,150.6,8,150.7,150,150.8,100,,,,,,,,,,,,,,
2026-07-06T05:00:31.613006+00:00,2026-07-06T05:00:31.612882,2,3,150.45,0.3,150.3,50,150.2,150,,,,,,,,,,,,,,,,,150.6,8,150.7,150,150.8,100,,,,,,,,,,,,,,
2026-07-06T05:00:31.620659+00:00,2026-07-06T05:00:31.620627,2,2,150.5,0.4,150.3,58,150.2,150,,,,,,,,,,,,,,,,,150.7,150,150.8,100,,,,,,,,,,,,,,,,
2026-07-06T05:00:31.631272+00:00,2026-07-06T05:00:31.631075,2,2,150.5,0.4,150.3,58,150.2,150,,,,,,,,,,,,,,,,,150.7,158,150.8,100,,,,,,,,,,,,,,,,
2026-07-06T05:00:32.040716+00:00,2026-07-06T05:00:32.040851,2,2,150.5,0.4,150.3,58,150.2,150,,,,,,,,,,,,,,,,,150.7,108,150.8,100,,,,,,,,,,,,,,,,
2026-07-06T05:00:32.130590+00:00,2026-07-06T05:00:32.130502,2,2,150.5,0.4,150.3,50,150.2,150,,,,,,,,,,,,,,,,,150.7,108,150.8,100,,,,,,,,,,,,,,,,
2026-07-06T05:00:32.135754+00:00,2026-07-06T05:00:32.135676,2,2,150.5,0.4,150.3,50,150.2,150,,,,,,,,,,,,,,,,,150.7,100,150.8,100,,,,,,,,,,,,,,,,
2026-07-06T05:00:32.140929+00:00,2026-07-06T05:00:32.140892,2,3,150.45,0.3,150.3,50,150.2,158,,,,,,,,,,,,,,,,,150.6,8,150.7,100,150.8,100,,,,,,,,,,,,,,
2026-07-06T05:00:33.049390+00:00,2026-07-06T05:00:33.049322,1,2,150.4,0.4,150.2,158,,,,,,,,,,,,,,,,,,,150.6,8,150.7,100,,,,,,,,,,,,,,,,
2026-07-06T05:00:33.105729+00:00,2026-07-06T05:00:33.105630,2,2,150.45,0.3,150.3,100,150.2,158,,,,,,,,,,,,,,,,,150.6,8,150.7,100,,,,,,,,,,,,,,,,
2026-07-06T05:00:33.164146+00:00,2026-07-06T05:00:33.163855,2,3,150.45,0.3,150.3,100,150.2,158,,,,,,,,,,,,,,,,,150.6,8,150.7,100,150.8,100,,,,,,,,,,,,,,
2026-07-06T05:00:34.136599+00:00,2026-07-06T05:00:34.136577,2,2,150.45,0.3,150.3,100,150.2,8,,,,,,,,,,,,,,,,,150.6,8,150.8,100,,,,,,,,,,,,,,,,
2026-07-06T05:00:34.158575+00:00,2026-07-06T05:00:34.158009,2,1,150.55,0.5,150.3,100,150.2,8,,,,,,,,,,,,,,,,,150.8,100,,,,,,,,,,,,,,,,,,
2026-07-06T05:00:34.189082+00:00,2026-07-06T05:00:34.189040,2,1,150.55,0.5,150.3,100,150.2,158,,,,,,,,,,,,,,,,,150.8,100,,,,,,,,,,,,,,,,,,
2026-07-06T05:00:34.237127+00:00,2026-07-06T05:00:34.237066,2,2,150.5,0.4,150.3,100,150.2,158,,,,,,,,,,,,,,,,,150.7,150,150.8,100,,,,,,,,,,,,,,,,
2026-07-06T05:00:34.401627+00:00,2026-07-06T05:00:34.401511,3,2,150.5,0.4,150.3,100,150.2,150,150.1,8,,,,,,,,,,,,,,,150.7,150,150.8,100,,,,,,,,,,,,,,,,
2026-07-06T05:00:34.406761+00:00,2026-07-06T05:00:34.406710,3,3,150.45,0.3,150.3,100,150.2,150,150.1,8,,,,,,,,,,,,,,,150.6,8,150.7,150,150.8,100,,,,,,,,,,,,,,
2026-07-06T05:00:35.167940+00:00,2026-07-06T05:00:35.167864,2,2,150.5,0.4,150.3,100,150.2,150,,,,,,,,,,,,,,,,,150.7,150,150.8,100,,,,,,,,,,,,,,,,
2026-07-06T05:00:35.173196+00:00,2026-07-06T05:00:35.173077,2,2,150.5,0.4,150.3,100,150.2,158,,,,,,,,,,,,,,,,,150.7,150,150.8,100,,,,,,,,,,,,,,,,
2026-07-06T05:00:35.178399+00:00,2026-07-06T05:00:35.178330,2,3,150.45,0.3,150.3,100,150.2,158,,,,,,,,,,,,,,,,,150.6,8,150.7,150,150.8,100,,,,,,,,,,,,,,
2026-07-06T05:00:36.213409+00:00,2026-07-06T05:00:36.213562,1,2,150.4,0.4,150.2,158,,,,,,,,,,,,,,,,,,,150.6,8,150.7,150,,,,,,,,,,,,,,,,
2026-07-06T05:00:36.264183+00:00,2026-07-06T05:00:36.264084,2,1,150.5,0.4,150.3,100,150.2,158,,,,,,,,,,,,,,,,,150.7,108,,,,,,,,,,,,,,,,,,
2026-07-06T05:00:36.319540+00:00,2026-07-06T05:00:36.319470,2,2,150.5,0.4,150.3,100,150.2,158,,,,,,,,,,,,,,,,,150.7,108,150.8,100,,,,,,,,,,,,,,,,
2026-07-06T05:00:36.413930+00:00,2026-07-06T05:00:36.413887,2,2,150.5,0.4,150.3,100,150.2,158,,,,,,,,,,,,,,,,,150.7,65,150.8,100,,,,,,,,,,,,,,,,
2026-07-06T05:00:36.434902+00:00,2026-07-06T05:00:36.434807,2,2,150.5,0.4,150.3,108,150.2,150,,,,,,,,,,,,,,,,,150.7,65,150.8,100,,,,,,,,,,,,,,,,
2026-07-06T05:00:36.440135+00:00,2026-07-06T05:00:36.439997,2,2,150.5,0.4,150.3,108,150.2,150,,,,,,,,,,,,,,,,,150.7,73,150.8,100,,,,,,,,,,,,,,,,
2026-07-06T05:00:37.295952+00:00,2026-07-06T05:00:37.295853,1,2,150.5,0.4,150.3,108,,,,,,,,,,,,,,,,,,,150.7,8,150.8,100,,,,,,,,,,,,,,,,
2026-07-06T05:00:37.358645+00:00,2026-07-06T05:00:37.351736,2,1,150.75,0.1,150.7,142,150.3,108,,,,,,,,,,,,,,,,,150.8,100,,,,,,,,,,,,,,,,,,
2026-07-06T05:00:37.404652+00:00,2026-07-06T05:00:37.404545,2,2,150.75,0.1,150.7,142,150.3,108,,,,,,,,,,,,,,,,,150.8,100,151.2,150,,,,,,,,,,,,,,,,
2026-07-06T05:00:37.450213+00:00,2026-07-06T05:00:37.450141,3,2,150.75,0.1,150.7,142,150.4,8,150.3,100,,,,,,,,,,,,,,,150.8,100,151.2,150,,,,,,,,,,,,,,,,
2026-07-06T05:00:37.455413+00:00,2026-07-06T05:00:37.455322,3,2,150.75,0.1,150.7,142,150.4,8,150.3,100,,,,,,,,,,,,,,,150.8,108,151.2,150,,,,,,,,,,,,,,,,
2026-07-06T05:00:38.947064+00:00,2026-07-06T05:00:38.946990,3,2,150.75,0.1,150.7,101,150.4,8,150.3,100,,,,,,,,,,,,,,,150.8,108,151.2,150,,,,,,,,,,,,,,,,
2026-07-06T05:00:39.371201+00:00,2026-07-06T05:00:39.371126,2,2,150.75,0.1,150.7,101,150.4,8,,,,,,,,,,,,,,,,,150.8,8,151.2,150,,,,,,,,,,,,,,,,
2026-07-06T05:00:39.425036+00:00,2026-07-06T05:00:39.424943,3,2,150.75,0.1,150.7,101,150.6,100,150.4,8,,,,,,,,,,,,,,,150.8,8,151.2,150,,,,,,,,,,,,,,,,
2026-07-06T05:00:39.478128+00:00,2026-07-06T05:00:39.477957,3,3,150.75,0.1,150.7,101,150.6,100,150.4,8,,,,,,,,,,,,,,,150.8,8,151.1,100,151.2,150,,,,,,,,,,,,,,
2026-07-06T05:00:39.895843+00:00,2026-07-06T05:00:39.895737,3,2,150.9,0.4,150.7,101,150.6,100,150.4,8,,,,,,,,,,,,,,,151.1,65,151.2,150,,,,,,,,,,,,,,,,
2026-07-06T05:00:39.969042+00:00,2026-07-06T05:00:39.969171,2,2,150.9,0.4,150.7,101,150.6,100,,,,,,,,,,,,,,,,,151.1,65,151.2,150,,,,,,,,,,,,,,,,
2026-07-06T05:00:39.974535+00:00,2026-07-06T05:00:39.974486,3,3,150.85,0.3,150.7,101,150.6,100,150.5,8,,,,,,,,,,,,,,,151.0,8,151.1,65,151.2,150,,,,,,,,,,,,,,
2026-07-06T05:00:40.458571+00:00,2026-07-06T05:00:40.457840,2,2,150.8,0.4,150.6,100,150.5,8,,,,,,,,,,,,,,,,,151.0,8,151.1,65,,,,,,,,,,,,,,,,
2026-07-06T05:00:40.512432+00:00,2026-07-06T05:00:40.512296,2,2,150.8,0.4,150.6,250,150.5,8,,,,,,,,,,,,,,,,,151.0,8,151.1,65,,,,,,,,,,,,,,,,
2026-07-06T05:00:40.522752+00:00,2026-07-06T05:00:40.522717,2,2,150.8,0.4,150.6,200,150.5,8,,,,,,,,,,,,,,,,,151.0,8,151.1,65,,,,,,,,,,,,,,,,
2026-07-06T05:00:40.565723+00:00,2026-07-06T05:00:40.565549,2,2,150.8,0.4,150.6,200,150.5,8,,,,,,,,,,,,,,,,,151.0,8,151.1,215,,,,,,,,,,,,,,,,
2026-07-06T05:00:41.070459+00:00,2026-07-06T05:00:41.070273,2,2,150.8,0.4,150.6,157,150.5,8,,,,,,,,,,,,,,,,,151.0,8,151.1,215,,,,,,,,,,,,,,,,
2026-07-06T05:00:42.239575+00:00,2026-07-06T05:00:42.239505,1,1,150.85,0.5,150.6,157,,,,,,,,,,,,,,,,,,,151.1,215,,,,,,,,,,,,,,,,,,
2026-07-06T05:00:42.244770+00:00,2026-07-06T05:00:42.244718,2,1,150.9,0.4,150.7,8,150.6,157,,,,,,,,,,,,,,,,,151.1,223,,,,,,,,,,,,,,,,,,
2026-07-06T05:00:42.529926+00:00,2026-07-06T05:00:42.529864,2,1,150.9,0.4,150.7,8,150.6,157,,,,,,,,,,,,,,,,,151.1,158,,,,,,,,,,,,,,,,,,
2026-07-06T05:00:42.535097+00:00,2026-07-06T05:00:42.535054,2,1,150.9,0.4,150.7,8,150.6,150,,,,,,,,,,,,,,,,,151.1,158,,,,,,,,,,,,,,,,,,
2026-07-06T05:00:42.589914+00:00,2026-07-06T05:00:42.589755,3,1,150.9,0.4,150.7,8,150.6,150,150.5,100,,,,,,,,,,,,,,,151.1,158,,,,,,,,,,,,,,,,,,
2026-07-06T05:00:42.631134+00:00,2026-07-06T05:00:42.631079,2,1,150.85,0.5,150.6,108,150.5,100,,,,,,,,,,,,,,,,,151.1,158,,,,,,,,,,,,,,,,,,
2026-07-06T05:00:42.641602+00:00,2026-07-06T05:00:42.641500,2,2,150.8,0.4,150.6,108,150.5,100,,,,,,,,,,,,,,,,,151.0,100,151.1,158,,,,,,,,,,,,,,,,
2026-07-06T05:00:42.750003+00:00,2026-07-06T05:00:42.749915,2,2,150.8,0.4,150.6,108,150.5,100,,,,,,,,,,,,,,,,,151.0,100,151.1,150,,,,,,,,,,,,,,,,
2026-07-06T05:00:42.758632+00:00,2026-07-06T05:00:42.755139,2,2,150.8,0.4,150.6,116,150.5,100,,,,,,,,,,,,,,,,,151.0,108,151.1,150,,,,,,,,,,,,,,,,
2026-07-06T05:00:43.619960+00:00,2026-07-06T05:00:43.619932,2,1,150.8,0.4,150.6,8,150.5,100,,,,,,,,,,,,,,,,,151.0,108,,,,,,,,,,,,,,,,,,
2026-07-06T05:00:43.674833+00:00,2026-07-06T05:00:43.674785,2,1,150.8,0.4,150.6,8,150.5,250,,,,,,,,,,,,,,,,,151.0,108,,,,,,,,,,,,,,,,,,
2026-07-06T05:00:43.728651+00:00,2026-07-06T05:00:43.728546,2,1,150.8,0.4,150.6,8,150.5,250,,,,,,,,,,,,,,,,,151.0,258,,,,,,,,,,,,,,,,,,
2026-07-06T05:00:45.527616+00:00,2026-07-06T05:00:45.527744,2,1,150.8,0.4,150.6,8,150.5,250,,,,,,,,,,,,,,,,,151.0,215,,,,,,,,,,,,,,,,,,
2026-07-06T05:00:45.693820+00:00,2026-07-06T05:00:45.693768,2,1,150.8,0.4,150.6,8,150.5,250,,,,,,,,,,,,,,,,,151.0,158,,,,,,,,,,,,,,,,,,
2026-07-06T05:00:45.699010+00:00,2026-07-06T05:00:45.698941,2,1,150.8,0.4,150.6,8,150.5,150,,,,,,,,,,,,,,,,,151.0,158,,,,,,,,,,,,,,,,,,
2026-07-06T05:00:45.749269+00:00,2026-07-06T05:00:45.749230,2,1,150.8,0.4,150.6,108,150.5,150,,,,,,,,,,,,,,,,,151.0,158,,,,,,,,,,,,,,,,,,
2026-07-06T05:00:45.815663+00:00,2026-07-06T05:00:45.815589,2,2,150.8,0.4,150.6,108,150.5,150,,,,,,,,,,,,,,,,,151.0,158,151.1,100,,,,,,,,,,,,,,,,
2026-07-06T05:00:46.769045+00:00,2026-07-06T05:00:46.768975,2,2,150.8,0.4,150.6,100,150.5,150,,,,,,,,,,,,,,,,,151.0,158,151.1,100,,,,,,,,,,,,,,,,
2026-07-06T05:00:46.774275+00:00,2026-07-06T05:00:46.774227,2,2,150.8,0.4,150.6,100,150.5,150,,,,,,,,,,,,,,,,,151.0,150,151.1,100,,,,,,,,,,,,,,,,
2026-07-06T05:00:46.779310+00:00,2026-07-06T05:00:46.779439,2,1,150.9,0.4,150.7,8,150.6,100,,,,,,,,,,,,,,,,,151.1,100,,,,,,,,,,,,,,,,,,
2026-07-06T05:00:46.784659+00:00,2026-07-06T05:00:46.784593,2,1,150.9,0.4,150.7,8,150.6,100,,,,,,,,,,,,,,,,,151.1,108,,,,,,,,,,,,,,,,,,
2026-07-06T05:00:46.797209+00:00,2026-07-06T05:00:46.797127,2,1,150.9,0.4,150.7,8,150.6,100,,,,,,,,,,,,,,,,,151.1,58,,,,,,,,,,,,,,,,,,
2026-07-06T05:00:46.836847+00:00,2026-07-06T05:00:46.836803,3,1,150.95,0.3,150.8,150,150.7,8,150.6,100,,,,,,,,,,,,,,,151.1,58,,,,,,,,,,,,,,,,,,
2026-07-06T05:00:46.889943+00:00,2026-07-06T05:00:46.889826,3,2,150.95,0.3,150.8,150,150.7,8,150.6,100,,,,,,,,,,,,,,,151.1,58,151.3,150,,,,,,,,,,,,,,,,
2026-07-06T05:00:47.053232+00:00,2026-07-06T05:00:47.053400,3,2,150.95,0.3,150.8,150,150.7,8,150.6,100,,,,,,,,,,,,,,,151.1,18,151.3,150,,,,,,,,,,,,,,,,
2026-07-06T05:00:48.041154+00:00,2026-07-06T05:00:48.041091,2,2,150.95,0.3,150.8,150,150.6,100,,,,,,,,,,,,,,,,,151.1,10,151.3,150,,,,,,,,,,,,,,,,
2026-07-06T05:00:48.046346+00:00,2026-07-06T05:00:48.046307,2,2,150.95,0.3,150.8,158,150.6,100,,,,,,,,,,,,,,,,,151.1,10,151.3,158,,,,,,,,,,,,,,,,
2026-07-06T05:00:48.880217+00:00,2026-07-06T05:00:48.880375,1,1,151.05,0.5,150.8,158,,,,,,,,,,,,,,,,,,,151.3,158,,,,,,,,,,,,,,,,,,
2026-07-06T05:00:48.901394+00:00,2026-07-06T05:00:48.901323,1,1,151.05,0.5,150.8,158,,,,,,,,,,,,,,,,,,,151.3,108,,,,,,,,,,,,,,,,,,
2026-07-06T05:00:48.938563+00:00,2026-07-06T05:00:48.938485,2,1,151.2,0.2,151.1,100,150.8,158,,,,,,,,,,,,,,,,,151.3,108,,,,,,,,,,,,,,,,,,
2026-07-06T05:00:48.989632+00:00,2026-07-06T05:00:48.989565,2,2,151.2,0.2,151.1,100,150.8,158,,,,,,,,,,,,,,,,,151.3,108,151.6,100,,,,,,,,,,,,,,,,
2026-07-06T05:00:49.141427+00:00,2026-07-06T05:00:49.141524,2,2,151.2,0.2,151.1,55,150.8,158,,,,,,,,,,,,,,,,,151.3,108,151.6,100,,,,,,,,,,,,,,,,
2026-07-06T05:00:49.302969+00:00,2026-07-06T05:00:49.302884,2,2,151.2,0.2,151.1,55,150.8,150,,,,,,,,,,,,,,,,,151.3,108,151.6,100,,,,,,,,,,,,,,,,
2026-07-06T05:00:49.308150+00:00,2026-07-06T05:00:49.308107,3,2,151.2,0.2,151.1,55,150.9,8,150.8,150,,,,,,,,,,,,,,,151.3,100,151.6,100,,,,,,,,,,,,,,,,
2026-07-06T05:00:49.313200+00:00,2026-07-06T05:00:49.313287,3,2,151.2,0.2,151.1,55,150.9,8,150.8,150,,,,,,,,,,,,,,,151.3,108,151.6,100,,,,,,,,,,,,,,,,
2026-07-06T05:00:49.944370+00:00,2026-07-06T05:00:49.944509,2,2,151.2,0.2,151.1,55,150.9,8,,,,,,,,,,,,,,,,,151.3,8,151.6,100,,,,,,,,,,,,,,,,
2026-07-06T05:00:50.000191+00:00,2026-07-06T05:00:50.000104,3,1,151.45,0.3,151.3,142,151.1,55,150.9,8,,,,,,,,,,,,,,,151.6,100,,,,,,,,,,,,,,,,,,
2026-07-06T05:00:50.058617+00:00,2026-07-06T05:00:50.053496,3,2,151.45,0.3,151.3,142,151.1,55,150.9,8,,,,,,,,,,,,,,,151.6,100,151.8,150,,,,,,,,,,,,,,,,
2026-07-06T05:00:50.069377+00:00,2026-07-06T05:00:50.069261,2,2,151.45,0.3,151.3,142,151.1,63,,,,,,,,,,,,,,,,,151.6,100,151.8,150,,,,,,,,,,,,,,,,
2026-07-06T05:00:50.074637+00:00,2026-07-06T05:00:50.074455,2,3,151.4,0.2,151.3,142,151.1,63,,,,,,,,,,,,,,,,,151.5,8,151.6,100,151.8,150,,,,,,,,,,,,,,
2026-07-06T05:00:51.010749+00:00,2026-07-06T05:00:51.010646,2,2,151.45,0.3,151.3,142,151.1,63,,,,,,,,,,,,,,,,,151.6,58,151.8,150,,,,,,,,,,,,,,,,
2026-07-06T05:00:51.301429+00:00,2026-07-06T05:00:51.301314,2,2,151.45,0.3,151.3,142,151.1,63,,,,,,,,,,,,,,,,,151.6,18,151.8,150,,,,,,,,,,,,,,,,
2026-07-06T05:00:52.054108+00:00,2026-07-06T05:00:52.054286,2,1,151.55,0.5,151.3,142,151.1,8,,,,,,,,,,,,,,,,,151.8,150,,,,,,,,,,,,,,,,,,
2026-07-06T05:00:52.119092+00:00,2026-07-06T05:00:52.113204,3,1,151.65,0.3,151.5,88,151.3,142,151.1,8,,,,,,,,,,,,,,,151.8,150,,,,,,,,,,,,,,,,,,
2026-07-06T05:00:52.162862+00:00,2026-07-06T05:00:52.162781,3,2,151.65,0.3,151.5,88,151.3,142,151.1,8,,,,,,,,,,,,,,,151.8,150,152.0,100,,,,,,,,,,,,,,,,
2026-07-06T05:00:52.531347+00:00,2026-07-06T05:00:52.525352,3,2,151.65,0.3,151.5,77,151.3,142,151.1,8,,,,,,,,,,,,,,,151.8,150,152.0,100,,,,,,,,,,,,,,,,
2026-07-06T05:00:53.111132+00:00,2026-07-06T05:00:53.111044,2,1,151.75,0.5,151.5,77,151.1,8,,,,,,,,,,,,,,,,,152.0,100,,,,,,,,,,,,,,,,,,
2026-07-06T05:00:53.121577+00:00,2026-07-06T05:00:53.121421,2,1,151.75,0.5,151.5,77,151.1,8,,,,,,,,,,,,,,,,,152.0,50,,,,,,,,,,,,,,,,,,
2026-07-06T05:00:53.168730+00:00,2026-07-06T05:00:53.168621,3,1,151.75,0.5,151.5,77,151.2,150,151.1,8,,,,,,,,,,,,,,,152.0,50,,,,,,,,,,,,,,,,,,
2026-07-06T05:00:53.221618+00:00,2026-07-06T05:00:53.221485,3,2,151.6,0.2,151.5,77,151.2,150,151.1,8,,,,,,,,,,,,,,,151.7,150,152.0,50,,,,,,,,,,,,,,,,
2026-07-06T05:00:53.738382+00:00,2026-07-06T05:00:53.731396,3,2,151.6,0.2,151.5,74,151.2,150,151.1,8,,,,,,,,,,,,,,,151.7,150,152.0,50,,,,,,,,,,,,,,,,
2026-07-06T05:00:55.029297+00:00,2026-07-06T05:00:55.029402,2,2,151.6,0.2,151.5,74,151.2,150,,,,,,,,,,,,,,,,,151.7,150,152.0,50,,,,,,,,,,,,,,,,
2026-07-06T05:00:55.034776+00:00,2026-07-06T05:00:55.034697,3,3,151.55,0.1,151.5,74,151.2,150,151.0,8,,,,,,,,,,,,,,,151.6,8,151.7,150,152.0,50,,,,,,,,,,,,,,
2026-07-06T05:00:55.217927+00:00,2026-07-06T05:00:55.217833,2,2,151.4,0.4,151.2,150,151.0,8,,,,,,,,,,,,,,,,,151.6,8,151.7,150,,,,,,,,,,,,,,,,
2026-07-06T05:00:55.228123+00:00,2026-07-06T05:00:55.228250,2,1,151.45,0.5,151.2,150,151.0,8,,,,,,,,,,,,,,,,,151.7,108,,,,,,,,,,,,,,,,,,
2026-07-06T05:00:55.270710+00:00,2026-07-06T05:00:55.270678,3,1,151.55,0.3,151.4,100,151.2,150,151.0,8,,,,,,,,,,,,,,,151.7,108,,,,,,,,,,,,,,,,,,
2026-07-06T05:00:55.327810+00:00,2026-07-06T05:00:55.327712,3,2,151.55,0.3,151.4,100,151.2,150,151.0,8,,,,,,,,,,,,,,,151.7,108,151.9,100,,,,,,,,,,,,,,,,
2026-07-06T05:00:55.943005+00:00,2026-07-06T05:00:55.942884,3,2,151.55,0.3,151.4,53,151.2,150,151.0,8,,,,,,,,,,,,,,,151.7,108,151.9,100,,,,,,,,,,,,,,,,
2026-07-06T05:00:56.278035+00:00,2026-07-06T05:00:56.277970,2,1,151.65,0.5,151.4,53,151.0,8,,,,,,,,,,,,,,,,,151.9,100,,,,,,,,,,,,,,,,,,
2026-07-06T05:00:56.299266+00:00,2026-07-06T05:00:56.299173,2,1,151.65,0.5,151.4,53,151.0,8,,,,,,,,,,,,,,,,,151.9,100,,,,,,,,,,,,,,,,,,
2026-07-06T05:00:56.304461+00:00,2026-07-06T05:00:56.304396,2,2,151.6,0.4,151.4,53,151.0,8,,,,,,,,,,,,,,,,,151.8,8,151.9,100,,,,,,,,,,,,,,,,
2026-07-06T05:00:56.333465+00:00,2026-07-06T05:00:56.333356,3,2,151.6,0.4,151.4,53,151.3,150,151.0,8,,,,,,,,,,,,,,,151.8,8,151.9,100,,,,,,,,,,,,,,,,
2026-07-06T05:00:56.386203+00:00,2026-07-06T05:00:56.386162,3,2,151.6,0.4,151.4,53,151.3,150,151.0,8,,,,,,,,,,,,,,,151.8,158,151.9,100,,,,,,,,,,,,,,,,
2026-07-06T05:00:57.333722+00:00,2026-07-06T05:00:57.333935,3,2,151.6,0.4,151.4,53,151.3,150,151.0,8,,,,,,,,,,,,,,,151.8,108,151.9,100,,,,,,,,,,,,,,,,
2026-07-06T05:00:58.373764+00:00,2026-07-06T05:00:58.373712,3,2,151.6,0.4,151.4,53,151.3,150,151.0,8,,,,,,,,,,,,,,,151.8,62,151.9,100,,,,,,,,,,,,,,,,
2026-07-06T05:00:58.379056+00:00,2026-07-06T05:00:58.378980,2,1,151.55,0.5,151.3,150,151.0,8,,,,,,,,,,,,,,,,,151.8,62,,,,,,,,,,,,,,,,,,
2026-07-06T05:00:58.434007+00:00,2026-07-06T05:00:58.433904,3,1,151.55,0.5,151.3,150,151.2,100,151.0,8,,,,,,,,,,,,,,,151.8,62,,,,,,,,,,,,,,,,,,
2026-07-06T05:00:58.487098+00:00,2026-07-06T05:00:58.486959,3,2,151.5,0.4,151.3,150,151.2,100,151.0,8,,,,,,,,,,,,,,,151.7,100,151.8,62,,,,,,,,,,,,,,,,
2026-07-06T05:00:58.569983+00:00,2026-07-06T05:00:58.569951,3,2,151.5,0.4,151.3,150,151.2,100,151.0,8,,,,,,,,,,,,,,,151.7,100,151.8,62,,,,,,,,,,,,,,,,
2026-07-06T05:00:58.575193+00:00,2026-07-06T05:00:58.575133,3,3,151.45,0.3,151.3,150,151.2,100,151.0,8,,,,,,,,,,,,,,,151.6,8,151.7,100,151.8,62,,,,,,,,,,,,,,
2026-07-06T05:00:58.830676+00:00,2026-07-06T05:00:58.830582,2,2,151.5,0.4,151.3,150,151.2,100,,,,,,,,,,,,,,,,,151.7,100,151.8,62,,,,,,,,,,,,,,,,
2026-07-06T05:00:58.835896+00:00,2026-07-06T05:00:58.835804,3,3,151.4,0.2,151.3,150,151.2,100,151.0,8,,,,,,,,,,,,,,,151.5,8,151.7,100,151.8,62,,,,,,,,,,,,,,
2026-07-06T05:00:59.439553+00:00,2026-07-06T05:00:59.439411,2,2,151.35,0.3,151.2,100,151.0,8,,,,,,,,,,,,,,,,,151.5,8,151.7,100,,,,,,,,,,,,,,,,
2026-07-06T05:00:59.444807+00:00,2026-07-06T05:00:59.444673,2,1,151.45,0.5,151.2,100,151.0,8,,,,,,,,,,,,,,,,,151.7,58,,,,,,,,,,,,,,,,,,
2026-07-06T05:00:59.494437+00:00,2026-07-06T05:00:59.494377,3,0,,,151.8,92,151.2,100,151.0,8,,,,,,,,,,,,,,,,,,,,,,,,,,,,,,,,,,
2026-07-06T05:00:59.548471+00:00,2026-07-06T05:00:59.548601,3,1,152.05,0.5,151.8,92,151.2,100,151.0,8,,,,,,,,,,,,,,,152.3,150,,,,,,,,,,,,,,,,,,
2026-07-06T05:00:59.594706+00:00,2026-07-06T05:00:59.594586,2,1,152.05,0.5,151.8,89,151.2,100,,,,,,,,,,,,,,,,,152.3,150,,,,,,,,,,,,,,,,,,
2026-07-06T05:00:59.599856+00:00,2026-07-06T05:00:59.599781,3,1,152.05,0.5,151.8,89,151.2,100,151.0,8,,,,,,,,,,,,,,,152.3,150,,,,,,,,,,,,,,,,,,
2026-07-06T05:00:59.605098+00:00,2026-07-06T05:00:59.604974,3,2,152.0,0.4,151.8,89,151.2,100,151.0,8,,,,,,,,,,,,,,,152.2,8,152.3,150,,,,,,,,,,,,,,,,
2026-07-06T05:00:59.865251+00:00,2026-07-06T05:00:59.865098,3,2,152.0,0.4,151.8,86,151.2,100,151.0,8,,,,,,,,,,,,,,,152.2,8,152.3,150,,,,,,,,,,,,,,,,
2026-07-06T05:00:59.939433+00:00,2026-07-06T05:00:59.939565,3,2,152.0,0.4,151.8,37,151.2,100,151.0,8,,,,,,,,,,,,,,,152.2,8,152.3,150,,,,,,,,,,,,,,,,
2026-07-06T05:01:00.127912+00:00,2026-07-06T05:01:00.127799,3,2,152.0,0.4,151.8,34,151.2,100,151.0,8,,,,,,,,,,,,,,,152.2,8,152.3,150,,,,,,,,,,,,,,,,
2026-07-06T05:01:00.389621+00:00,2026-07-06T05:01:00.389535,3,2,152.0,0.4,151.8,31,151.2,100,151.0,8,,,,,,,,,,,,,,,152.2,8,152.3,150,,,,,,,,,,,,,,,,
2026-07-06T05:01:00.572782+00:00,2026-07-06T05:01:00.572730,2,2,151.7,1.0,151.2,83,151.0,8,,,,,,,,,,,,,,,,,152.2,8,152.3,150,,,,,,,,,,,,,,,,
2026-07-06T05:01:01.150014+00:00,2026-07-06T05:01:01.150136,1,1,151.75,1.1,151.2,83,,,,,,,,,,,,,,,,,,,152.3,150,,,,,,,,,,,,,,,,,,
2026-07-06T05:01:01.158668+00:00,2026-07-06T05:01:01.155339,2,2,151.65,0.9,151.2,83,151.1,8,,,,,,,,,,,,,,,,,152.1,8,152.3,150,,,,,,,,,,,,,,,,
2026-07-06T05:01:01.412727+00:00,2026-07-06T05:01:01.412604,1,1,151.75,1.1,151.2,83,,,,,,,,,,,,,,,,,,,152.3,150,,,,,,,,,,,,,,,,,,
2026-07-06T05:01:01.417834+00:00,2026-07-06T05:01:01.417806,2,2,151.6,0.8,151.2,83,151.1,8,,,,,,,,,,,,,,,,,152.0,8,152.3,150,,,,,,,,,,,,,,,,
2026-07-06T05:01:01.570440+00:00,2026-07-06T05:01:01.570322,1,1,151.7,1.2,151.1,8,,,,,,,,,,,,,,,,,,,152.3,108,,,,,,,,,,,,,,,,,,
2026-07-06T05:01:01.623716+00:00,2026-07-06T05:01:01.623656,2,1,151.9,0.8,151.5,100,151.1,8,,,,,,,,,,,,,,,,,152.3,108,,,,,,,,,,,,,,,,,,
2026-07-06T05:01:01.675823+00:00,2026-07-06T05:01:01.675684,2,1,151.9,0.8,151.5,97,151.1,8,,,,,,,,,,,,,,,,,152.3,108,,,,,,,,,,,,,,,,,,
2026-07-06T05:01:01.681034+00:00,2026-07-06T05:01:01.680917,2,2,151.75,0.5,151.5,97,151.1,8,,,,,,,,,,,,,,,,,152.0,100,152.3,108,,,,,,,,,,,,,,,,
2026-07-06T05:01:01.938366+00:00,2026-07-06T05:01:01.938210,2,2,151.75,0.5,151.5,94,151.1,8,,,,,,,,,,,,,,,,,152.0,100,152.3,108,,,,,,,,,,,,,,,,
2026-07-06T05:01:02.167927+00:00,2026-07-06T05:01:02.167821,2,2,151.75,0.5,151.5,94,151.1,8,,,,,,,,,,,,,,,,,152.0,54,152.3,108,,,,,,,,,,,,,,,,
2026-07-06T05:01:02.196188+00:00,2026-07-06T05:01:02.196117,2,2,151.75,0.5,151.5,91,151.1,8,,,,,,,,,,,,,,,,,152.0,54,152.3,108,,,,,,,,,,,,,,,,
2026-07-06T05:01:02.603410+00:00,2026-07-06T05:01:02.603312,2,1,151.75,0.5,151.5,91,151.1,8,,,,,,,,,,,,,,,,,152.0,54,,,,,,,,,,,,,,,,,,
2026-07-06T05:01:02.658616+00:00,2026-07-06T05:01:02.656397,3,1,151.75,0.5,151.5,91,151.2,150,151.1,8,,,,,,,,,,,,,,,152.0,54,,,,,,,,,,,,,,,,,,
2026-07-06T05:01:02.708806+00:00,2026-07-06T05:01:02.708763,3,2,151.6,0.2,151.5,91,151.2,150,151.1,8,,,,,,,,,,,,,,,151.7,150,152.0,54,,,,,,,,,,,,,,,,
2026-07-06T05:01:02.958574+00:00,2026-07-06T05:01:02.956230,3,3,151.55,0.1,151.5,91,151.2,150,151.0,8,,,,,,,,,,,,,,,151.6,3,151.7,150,152.0,54,,,,,,,,,,,,,,
2026-07-06T05:01:03.217361+00:00,2026-07-06T05:01:03.217220,2,2,151.6,0.2,151.5,91,151.2,150,,,,,,,,,,,,,,,,,151.7,150,152.0,54,,,,,,,,,,,,,,,,
2026-07-06T05:01:03.222314+00:00,2026-07-06T05:01:03.222412,3,2,151.6,0.2,151.5,91,151.2,150,151.0,8,,,,,,,,,,,,,,,151.7,150,152.0,54,,,,,,,,,,,,,,,,
2026-07-06T05:01:03.227759+00:00,2026-07-06T05:01:03.227646,3,2,151.6,0.2,151.5,88,151.2,150,151.0,8,,,,,,,,,,,,,,,151.7,150,152.0,54,,,,,,,,,,,,,,,,
2026-07-06T05:01:03.486633+00:00,2026-07-06T05:01:03.486530,2,2,151.6,0.2,151.5,88,151.2,150,,,,,,,,,,,,,,,,,151.7,150,152.0,54,,,,,,,,,,,,,,,,
2026-07-06T05:01:03.491779+00:00,2026-07-06T05:01:03.491721,3,2,151.6,0.2,151.5,88,151.2,150,151.0,8,,,,,,,,,,,,,,,151.7,150,152.0,54,,,,,,,,,,,,,,,,
2026-07-06T05:01:03.681463+00:00,2026-07-06T05:01:03.681372,3,2,151.6,0.2,151.5,88,151.2,150,151.0,8,,,,,,,,,,,,,,,151.7,100,152.0,54,,,,,,,,,,,,,,,,
2026-07-06T05:01:04.737379+00:00,2026-07-06T05:01:04.737317,2,1,151.45,0.5,151.2,150,151.0,8,,,,,,,,,,,,,,,,,151.7,100,,,,,,,,,,,,,,,,,,
2026-07-06T05:01:04.788550+00:00,2026-07-06T05:01:04.788467,3,1,151.65,0.1,151.6,100,151.2,150,151.0,8,,,,,,,,,,,,,,,151.7,100,,,,,,,,,,,,,,,,,,
2026-07-06T05:01:04.847320+00:00,2026-07-06T05:01:04.847245,3,2,151.65,0.1,151.6,100,151.2,150,151.0,8,,,,,,,,,,,,,,,151.7,100,152.1,100,,,,,,,,,,,,,,,,
2026-07-06T05:01:05.786323+00:00,2026-07-06T05:01:05.786298,2,1,151.85,0.5,151.6,100,151.0,8,,,,,,,,,,,,,,,,,152.1,100,,,,,,,,,,,,,,,,,,
2026-07-06T05:01:05.843478+00:00,2026-07-06T05:01:05.843286,3,1,151.85,0.5,151.6,100,151.4,150,151.0,8,,,,,,,,,,,,,,,152.1,100,,,,,,,,,,,,,,,,,,
2026-07-06T05:01:05.886103+00:00,2026-07-06T05:01:05.885991,3,2,151.75,0.3,151.6,100,151.4,150,151.0,8,,,,,,,,,,,,,,,151.9,150,152.1,100,,,,,,,,,,,,,,,,
2026-07-06T05:01:05.995537+00:00,2026-07-06T05:01:05.995392,2,2,151.75,0.3,151.6,100,151.4,150,,,,,,,,,,,,,,,,,151.9,150,152.1,100,,,,,,,,,,,,,,,,
2026-07-06T05:01:06.000655+00:00,2026-07-06T05:01:06.000578,3,2,151.75,0.3,151.6,100,151.4,150,150.8,8,,,,,,,,,,,,,,,151.9,150,152.1,100,,,,,,,,,,,,,,,,
2026-07-06T05:01:06.294301+00:00,2026-07-06T05:01:06.286869,3,2,151.75,0.3,151.6,97,151.4,150,150.8,8,,,,,,,,,,,,,,,151.9,150,152.1,100,,,,,,,,,,,,,,,,
2026-07-06T05:01:06.611051+00:00,2026-07-06T05:01:06.610972,3,2,151.75,0.3,151.6,50,151.4,150,150.8,8,,,,,,,,,,,,,,,151.9,150,152.1,100,,,,,,,,,,,,,,,,
2026-07-06T05:01:07.641411+00:00,2026-07-06T05:01:07.641376,3,2,151.75,0.3,151.6,50,151.4,150,150.8,8,,,,,,,,,,,,,,,151.9,103,152.1,100,,,,,,,,,,,,,,,,
2026-07-06T05:01:07.671546+00:00,2026-07-06T05:01:07.671479,2,3,151.5,0.2,151.4,150,150.8,8,,,,,,,,,,,,,,,,,151.6,1,151.9,103,152.1,100,,,,,,,,,,,,,,
2026-07-06T05:01:07.758541+00:00,2026-07-06T05:01:07.753851,2,3,151.5,0.2,151.4,150,150.8,8,,,,,,,,,,,,,,,,,151.6,1,151.9,103,152.1,100,,,,,,,,,,,,,,
2026-07-06T05:01:07.894856+00:00,2026-07-06T05:01:07.894815,2,2,151.65,0.5,151.4,150,150.8,8,,,,,,,,,,,,,,,,,151.9,54,152.1,100,,,,,,,,,,,,,,,,
2026-07-06T05:01:07.900151+00:00,2026-07-06T05:01:07.900000,2,1,151.65,0.5,151.4,150,150.8,8,,,,,,,,,,,,,,,,,151.9,54,,,,,,,,,,,,,,,,,,
2026-07-06T05:01:07.952352+00:00,2026-07-06T05:01:07.952553,3,1,151.65,0.5,151.4,150,151.0,100,150.8,8,,,,,,,,,,,,,,,151.9,54,,,,,,,,,,,,,,,,,,
2026-07-06T05:01:08.006342+00:00,2026-07-06T05:01:08.006242,3,2,151.45,0.1,151.4,150,151.0,100,150.8,8,,,,,,,,,,,,,,,151.5,100,151.9,54,,,,,,,,,,,,,,,,
2026-07-06T05:01:08.950318+00:00,2026-07-06T05:01:08.950239,2,1,151.25,0.5,151.0,100,150.8,8,,,,,,,,,,,,,,,,,151.5,100,,,,,,,,,,,,,,,,,,
2026-07-06T05:01:09.004518+00:00,2026-07-06T05:01:09.004491,3,0,,,151.6,50,151.0,100,150.8,8,,,,,,,,,,,,,,,,,,,,,,,,,,,,,,,,,,
2026-07-06T05:01:09.054942+00:00,2026-07-06T05:01:09.054869,3,1,151.85,0.5,151.6,50,151.0,100,150.8,8,,,,,,,,,,,,,,,152.1,150,,,,,,,,,,,,,,,,,,
2026-07-06T05:01:09.268417+00:00,2026-07-06T05:01:09.268572,3,1,151.85,0.5,151.6,50,151.0,100,150.9,8,,,,,,,,,,,,,,,152.1,150,,,,,,,,,,,,,,,,,,
2026-07-06T05:01:09.322571+00:00,2026-07-06T05:01:09.322484,3,1,151.85,0.5,151.6,3,151.0,100,150.9,8,,,,,,,,,,,,,,,152.1,150,,,,,,,,,,,,,,,,,,
2026-07-06T05:01:10.034622+00:00,2026-07-06T05:01:10.034500,3,1,151.85,0.5,151.6,3,151.0,100,150.9,8,,,,,,,,,,,,,,,152.1,100,,,,,,,,,,,,,,,,,,
2026-07-06T05:01:10.981146+00:00,2026-07-06T05:01:10.981111,2,1,151.55,1.1,151.0,100,150.9,8,,,,,,,,,,,,,,,,,152.1,100,,,,,,,,,,,,,,,,,,
2026-07-06T05:01:11.058648+00:00,2026-07-06T05:01:11.055926,1,1,151.5,1.2,150.9,8,,,,,,,,,,,,,,,,,,,152.1,100,,,,,,,,,,,,,,,,,,
2026-07-06T05:01:11.164254+00:00,2026-07-06T05:01:11.164096,2,2,151.65,0.5,151.4,100,150.9,8,,,,,,,,,,,,,,,,,151.9,100,152.1,100,,,,,,,,,,,,,,,,
2026-07-06T05:01:11.358666+00:00,2026-07-06T05:01:11.274996,2,2,151.65,0.5,151.4,100,150.9,8,,,,,,,,,,,,,,,,,151.9,100,152.1,100,,,,,,,,,,,,,,,,
2026-07-06T05:01:11.669489+00:00,2026-07-06T05:01:11.669125,2,2,151.65,0.5,151.4,100,150.9,8,,,,,,,,,,,,,,,,,151.9,56,152.1,100,,,,,,,,,,,,,,,,
2026-07-06T05:01:11.785727+00:00,2026-07-06T05:01:11.785586,2,2,151.65,0.5,151.4,100,151.0,8,,,,,,,,,,,,,,,,,151.9,56,152.1,100,,,,,,,,,,,,,,,,
2026-07-06T05:01:12.111744+00:00,2026-07-06T05:01:12.111890,2,1,151.65,0.5,151.4,100,151.0,8,,,,,,,,,,,,,,,,,151.9,56,,,,,,,,,,,,,,,,,,
2026-07-06T05:01:12.164440+00:00,2026-07-06T05:01:12.164245,3,1,151.7,0.4,151.5,150,151.4,100,151.0,8,,,,,,,,,,,,,,,151.9,56,,,,,,,,,,,,,,,,,,
2026-07-06T05:01:12.216542+00:00,2026-07-06T05:01:12.216398,3,2,151.7,0.4,151.5,150,151.4,100,151.0,8,,,,,,,,,,,,,,,151.9,56,152.0,150,,,,,,,,,,,,,,,,
2026-07-06T05:01:12.701919+00:00,2026-07-06T05:01:12.701846,3,2,151.7,0.4,151.5,150,151.4,100,151.0,8,,,,,,,,,,,,,,,151.9,9,152.0,150,,,,,,,,,,,,,,,,
2026-07-06T05:01:14.220621+00:00,2026-07-06T05:01:14.220537,2,1,151.75,0.5,151.5,150,151.0,8,,,,,,,,,,,,,,,,,152.0,150,,,,,,,,,,,,,,,,,,
2026-07-06T05:01:14.282134+00:00,2026-07-06T05:01:14.281995,3,1,151.95,0.1,151.9,100,151.5,150,151.0,8,,,,,,,,,,,,,,,152.0,150,,,,,,,,,,,,,,,,,,
2026-07-06T05:01:14.318588+00:00,2026-07-06T05:01:14.312294,3,1,151.95,0.1,151.9,77,151.5,150,151.0,8,,,,,,,,,,,,,,,152.0,150,,,,,,,,,,,,,,,,,,
2026-07-06T05:01:14.333883+00:00,2026-07-06T05:01:14.334133,3,2,151.95,0.1,151.9,27,151.5,150,151.0,8,,,,,,,,,,,,,,,152.0,150,152.4,100,,,,,,,,,,,,,,,,
2026-07-06T05:01:15.258580+00:00,2026-07-06T05:01:15.253252,2,2,151.75,0.5,151.5,129,151.0,8,,,,,,,,,,,,,,,,,152.0,150,152.4,100,,,,,,,,,,,,,,,,
2026-07-06T05:01:15.269253+00:00,2026-07-06T05:01:15.269220,1,1,151.7,1.4,151.0,8,,,,,,,,,,,,,,,,,,,152.4,100,,,,,,,,,,,,,,,,,,
2026-07-06T05:01:15.298482+00:00,2026-07-06T05:01:15.298449,1,1,151.7,1.4,151.0,8,,,,,,,,,,,,,,,,,,,152.4,100,,,,,,,,,,,,,,,,,,
2026-07-06T05:01:15.322219+00:00,2026-07-06T05:01:15.322092,2,1,151.8,1.2,151.2,150,151.0,8,,,,,,,,,,,,,,,,,152.4,100,,,,,,,,,,,,,,,,,,
2026-07-06T05:01:15.384836+00:00,2026-07-06T05:01:15.379651,2,2,151.45,0.5,151.2,150,151.0,8,,,,,,,,,,,,,,,,,151.7,138,152.4,100,,,,,,,,,,,,,,,,
2026-07-06T05:01:15.506517+00:00,2026-07-06T05:01:15.498910,2,2,151.45,0.5,151.2,150,151.0,8,,,,,,,,,,,,,,,,,151.7,127,152.4,100,,,,,,,,,,,,,,,,
2026-07-06T05:01:15.800963+00:00,2026-07-06T05:01:15.800846,1,2,151.45,0.5,151.2,150,,,,,,,,,,,,,,,,,,,151.7,127,152.4,100,,,,,,,,,,,,,,,,
2026-07-06T05:01:15.806151+00:00,2026-07-06T05:01:15.806033,2,2,151.45,0.5,151.2,150,151.1,8,,,,,,,,,,,,,,,,,151.7,127,152.4,100,,,,,,,,,,,,,,,,
2026-07-06T05:01:16.390622+00:00,2026-07-06T05:01:16.390492,2,2,151.45,0.5,151.2,150,151.1,8,,,,,,,,,,,,,,,,,151.7,77,152.4,100,,,,,,,,,,,,,,,,
2026-07-06T05:01:17.386485+00:00,2026-07-06T05:01:17.386431,2,1,151.45,0.5,151.2,150,151.1,8,,,,,,,,,,,,,,,,,151.7,77,,,,,,,,,,,,,,,,,,
2026-07-06T05:01:17.439657+00:00,2026-07-06T05:01:17.439552,3,1,151.65,0.1,151.6,100,151.2,150,151.1,8,,,,,,,,,,,,,,,151.7,77,,,,,,,,,,,,,,,,,,
2026-07-06T05:01:17.492354+00:00,2026-07-06T05:01:17.492270,3,2,151.65,0.1,151.6,100,151.2,150,151.1,8,,,,,,,,,,,,,,,151.7,77,152.1,100,,,,,,,,,,,,,,,,
2026-07-06T05:01:17.696137+00:00,2026-07-06T05:01:17.696317,3,2,151.65,0.1,151.6,100,151.2,150,151.1,8,,,,,,,,,,,,,,,151.7,37,152.1,100,,,,,,,,,,,,,,,,
2026-07-06T05:01:18.124784+00:00,2026-07-06T05:01:18.119411,3,2,151.65,0.1,151.6,100,151.2,150,151.1,8,,,,,,,,,,,,,,,151.7,34,152.1,100,,,,,,,,,,,,,,,,
2026-07-06T05:01:18.316180+00:00,2026-07-06T05:01:18.316369,2,2,151.65,0.1,151.6,100,151.2,158,,,,,,,,,,,,,,,,,151.7,34,152.1,100,,,,,,,,,,,,,,,,
2026-07-06T05:01:18.430423+00:00,2026-07-06T05:01:18.430366,2,1,151.85,0.5,151.6,100,151.2,8,,,,,,,,,,,,,,,,,152.1,100,,,,,,,,,,,,,,,,,,
2026-07-06T05:01:18.485283+00:00,2026-07-06T05:01:18.485229,3,0,,,152.1,50,151.6,100,151.2,8,,,,,,,,,,,,,,,,,,,,,,,,,,,,,,,,,,
2026-07-06T05:01:18.550565+00:00,2026-07-06T05:01:18.544809,3,1,152.3,0.4,152.1,13,151.6,100,151.2,8,,,,,,,,,,,,,,,152.5,150,,,,,,,,,,,,,,,,,,
2026-07-06T05:01:18.571500+00:00,2026-07-06T05:01:18.571454,2,1,152.3,0.4,152.1,13,151.6,100,,,,,,,,,,,,,,,,,152.5,150,,,,,,,,,,,,,,,,,,
2026-07-06T05:01:18.576738+00:00,2026-07-06T05:01:18.576666,3,1,152.3,0.4,152.1,13,151.6,100,150.9,8,,,,,,,,,,,,,,,152.5,150,,,,,,,,,,,,,,,,,,
2026-07-06T05:01:18.838828+00:00,2026-07-06T05:01:18.838686,2,1,152.05,0.9,151.6,69,150.9,8,,,,,,,,,,,,,,,,,152.5,150,,,,,,,,,,,,,,,,,,
2026-07-06T05:01:19.079298+00:00,2026-07-06T05:01:19.079193,1,1,152.05,0.9,151.6,69,,,,,,,,,,,,,,,,,,,152.5,150,,,,,,,,,,,,,,,,,,
2026-07-06T05:01:19.084439+00:00,2026-07-06T05:01:19.084380,2,1,152.05,0.9,151.6,69,150.8,8,,,,,,,,,,,,,,,,,152.5,150,,,,,,,,,,,,,,,,,,
2026-07-06T05:01:19.588794+00:00,2026-07-06T05:01:19.588997,2,1,152.05,0.9,151.6,69,150.9,8,,,,,,,,,,,,,,,,,152.5,150,,,,,,,,,,,,,,,,,,
2026-07-06T05:01:20.094990+00:00,2026-07-06T05:01:20.094872,2,1,152.05,0.9,151.6,69,150.8,8,,,,,,,,,,,,,,,,,152.5,150,,,,,,,,,,,,,,,,,,
2026-07-06T05:01:20.358568+00:00,2026-07-06T05:01:20.351619,2,1,152.05,0.9,151.6,69,150.6,8,,,,,,,,,,,,,,,,,152.5,150,,,,,,,,,,,,,,,,,,
2026-07-06T05:01:20.547766+00:00,2026-07-06T05:01:20.547622,1,1,151.55,1.9,150.6,8,,,,,,,,,,,,,,,,,,,152.5,150,,,,,,,,,,,,,,,,,,
2026-07-06T05:01:20.624245+00:00,2026-07-06T05:01:20.624139,2,1,151.9,1.2,151.3,100,150.6,8,,,,,,,,,,,,,,,,,152.5,100,,,,,,,,,,,,,,,,,,
2026-07-06T05:01:20.675532+00:00,2026-07-06T05:01:20.675450,2,2,151.55,0.5,151.3,100,150.6,8,,,,,,,,,,,,,,,,,151.8,100,152.5,100,,,,,,,,,,,,,,,,
2026-07-06T05:01:20.864875+00:00,2026-07-06T05:01:20.864839,2,2,151.55,0.5,151.3,100,150.7,8,,,,,,,,,,,,,,,,,151.8,100,152.5,100,,,,,,,,,,,,,,,,
2026-07-06T05:01:21.569020+00:00,2026-07-06T05:01:21.568957,2,2,151.55,0.5,151.3,53,150.7,8,,,,,,,,,,,,,,,,,151.8,100,152.5,100,,,,,,,,,,,,,,,,
2026-07-06T05:01:21.590679+00:00,2026-07-06T05:01:21.590570,2,1,151.55,0.5,151.3,53,150.7,8,,,,,,,,,,,,,,,,,151.8,100,,,,,,,,,,,,,,,,,,
2026-07-06T05:01:21.645623+00:00,2026-07-06T05:01:21.645498,3,1,151.55,0.5,151.3,53,151.1,150,150.7,8,,,,,,,,,,,,,,,151.8,100,,,,,,,,,,,,,,,,,,
2026-07-06T05:01:21.694787+00:00,2026-07-06T05:01:21.694652,3,2,151.45,0.3,151.3,53,151.1,150,150.7,8,,,,,,,,,,,,,,,151.6,150,151.8,100,,,,,,,,,,,,,,,,
2026-07-06T05:01:21.874320+00:00,2026-07-06T05:01:21.874280,3,2,151.45,0.3,151.3,53,151.1,150,150.8,8,,,,,,,,,,,,,,,151.6,150,151.8,100,,,,,,,,,,,,,,,,
2026-07-06T05:01:22.074075+00:00,2026-07-06T05:01:22.069449,3,2,151.45,0.3,151.3,53,151.1,150,150.8,8,,,,,,,,,,,,,,,151.6,139,151.8,100,,,,,,,,,,,,,,,,
2026-07-06T05:01:22.733263+00:00,2026-07-06T05:01:22.733133,3,2,151.45,0.3,151.3,53,151.1,150,150.8,8,,,,,,,,,,,,,,,151.6,89,151.8,100,,,,,,,,,,,,,,,,
2026-07-06T05:01:22.743455+00:00,2026-07-06T05:01:22.743612,3,2,151.45,0.3,151.3,51,151.1,150,150.8,8,,,,,,,,,,,,,,,151.6,89,151.8,100,,,,,,,,,,,,,,,,
2026-07-06T05:01:23.132462+00:00,2026-07-06T05:01:23.132333,3,2,151.45,0.3,151.3,51,151.1,150,150.9,8,,,,,,,,,,,,,,,151.6,89,151.8,100,,,,,,,,,,,,,,,,
2026-07-06T05:01:23.367126+00:00,2026-07-06T05:01:23.362058,3,2,151.45,0.3,151.3,51,151.1,150,150.9,8,,,,,,,,,,,,,,,151.6,66,151.8,100,,,,,,,,,,,,,,,,
2026-07-06T05:01:23.639428+00:00,2026-07-06T05:01:23.639637,3,2,151.45,0.3,151.3,51,151.1,150,151.0,8,,,,,,,,,,,,,,,151.6,66,151.8,100,,,,,,,,,,,,,,,,
2026-07-06T05:01:23.733389+00:00,2026-07-06T05:01:23.733267,2,1,151.35,0.5,151.1,150,151.0,8,,,,,,,,,,,,,,,,,151.6,66,,,,,,,,,,,,,,,,,,
2026-07-06T05:01:23.787887+00:00,2026-07-06T05:01:23.787835,3,0,,,151.6,34,151.1,150,151.0,8,,,,,,,,,,,,,,,,,,,,,,,,,,,,,,,,,,
2026-07-06T05:01:23.843262+00:00,2026-07-06T05:01:23.843172,3,1,151.85,0.5,151.6,34,151.1,150,151.0,8,,,,,,,,,,,,,,,152.1,100,,,,,,,,,,,,,,,,,,
2026-07-06T05:01:23.896519+00:00,2026-07-06T05:01:23.896425,2,1,151.85,0.5,151.6,34,151.1,150,,,,,,,,,,,,,,,,,152.1,100,,,,,,,,,,,,,,,,,,
2026-07-06T05:01:23.901789+00:00,2026-07-06T05:01:23.901650,3,1,151.85,0.5,151.6,34,151.1,150,151.0,8,,,,,,,,,,,,,,,152.1,100,,,,,,,,,,,,,,,,,,
2026-07-06T05:01:24.758664+00:00,2026-07-06T05:01:24.753679,2,1,151.85,0.5,151.6,34,151.0,8,,,,,,,,,,,,,,,,,152.1,100,,,,,,,,,,,,,,,,,,
2026-07-06T05:01:24.818720+00:00,2026-07-06T05:01:24.811917,3,1,152.0,0.2,151.9,127,151.6,34,151.0,8,,,,,,,,,,,,,,,152.1,100,,,,,,,,,,,,,,,,,,
2026-07-06T05:01:24.839399+00:00,2026-07-06T05:01:24.839357,3,1,152.0,0.2,151.9,127,151.6,34,151.0,8,,,,,,,,,,,,,,,152.1,50,,,,,,,,,,,,,,,,,,
2026-07-06T05:01:24.860592+00:00,2026-07-06T05:01:24.860557,3,2,152.0,0.2,151.9,127,151.6,34,151.0,8,,,,,,,,,,,,,,,152.1,50,152.4,150,,,,,,,,,,,,,,,,
2026-07-06T05:01:25.701856+00:00,2026-07-06T05:01:25.701993,3,2,152.0,0.2,151.9,127,151.6,34,151.0,8,,,,,,,,,,,,,,,152.1,7,152.4,150,,,,,,,,,,,,,,,,
2026-07-06T05:01:26.008920+00:00,2026-07-06T05:01:25.991725,3,2,152.0,0.2,151.9,116,151.6,34,151.0,8,,,,,,,,,,,,,,,152.1,7,152.4,150,,,,,,,,,,,,,,,,
2026-07-06T05:01:26.158594+00:00,2026-07-06T05:01:26.157104,3,2,152.0,0.2,151.9,116,151.6,34,150.9,8,,,,,,,,,,,,,,,152.1,7,152.4,150,,,,,,,,,,,,,,,,
2026-07-06T05:01:26.669250+00:00,2026-07-06T05:01:26.669119,3,2,152.0,0.2,151.9,67,151.6,34,150.9,8,,,,,,,,,,,,,,,152.1,7,152.4,150,,,,,,,,,,,,,,,,
2026-07-06T05:01:26.897957+00:00,2026-07-06T05:01:26.898182,2,1,152.15,0.5,151.9,67,150.9,8,,,,,,,,,,,,,,,,,152.4,150,,,,,,,,,,,,,,,,,,
2026-07-06T05:01:26.921751+00:00,2026-07-06T05:01:26.921656,2,1,152.15,0.5,151.9,67,150.8,8,,,,,,,,,,,,,,,,,152.4,150,,,,,,,,,,,,,,,,,,
2026-07-06T05:01:26.949473+00:00,2026-07-06T05:01:26.949318,3,1,152.15,0.5,151.9,67,151.4,100,150.8,8,,,,,,,,,,,,,,,152.4,100,,,,,,,,,,,,,,,,,,
2026-07-06T05:01:27.007384+00:00,2026-07-06T05:01:27.007350,2,2,151.65,0.5,151.4,100,150.8,8,,,,,,,,,,,,,,,,,151.9,33,152.4,100,,,,,,,,,,,,,,,,
2026-07-06T05:01:27.430545+00:00,2026-07-06T05:01:27.430662,2,2,151.65,0.5,151.4,100,150.9,8,,,,,,,,,,,,,,,,,151.9,33,152.4,100,,,,,,,,,,,,,,,,
2026-07-06T05:01:27.748131+00:00,2026-07-06T05:01:27.748224,2,1,151.9,1.0,151.4,100,150.9,8,,,,,,,,,,,,,,,,,152.4,90,,,,,,,,,,,,,,,,,,
2026-07-06T05:01:27.915382+00:00,2026-07-06T05:01:27.915223,2,0,,,151.4,100,150.9,8,,,,,,,,,,,,,,,,,,,,,,,,,,,,,,,,,,,,
2026-07-06T05:01:27.967859+00:00,2026-07-06T05:01:27.967710,3,0,,,151.5,150,151.4,100,150.9,8,,,,,,,,,,,,,,,,,,,,,,,,,,,,,,,,,,
2026-07-06T05:01:28.015088+00:00,2026-07-06T05:01:28.014955,3,1,151.75,0.5,151.5,150,151.4,100,150.9,8,,,,,,,,,,,,,,,152.0,150,,,,,,,,,,,,,,,,,,
2026-07-06T05:01:28.805891+00:00,2026-07-06T05:01:28.805743,3,1,151.75,0.5,151.5,150,151.4,100,150.9,8,,,,,,,,,,,,,,,152.0,148,,,,,,,,,,,,,,,,,,
2026-07-06T05:01:29.058649+00:00,2026-07-06T05:01:29.058412,3,1,151.75,0.5,151.5,150,151.4,100,150.9,8,,,,,,,,,,,,,,,152.0,98,,,,,,,,,,,,,,,,,,
2026-07-06T05:01:29.258577+00:00,2026-07-06T05:01:29.254443,3,1,151.75,0.5,151.5,107,151.4,100,150.9,8,,,,,,,,,,,,,,,152.0,98,,,,,,,,,,,,,,,,,,
2026-07-06T05:01:30.058604+00:00,2026-07-06T05:01:30.053304,2,1,151.75,0.5,151.5,107,150.9,8,,,,,,,,,,,,,,,,,152.0,98,,,,,,,,,,,,,,,,,,
2026-07-06T05:01:30.112284+00:00,2026-07-06T05:01:30.112182,3,1,151.85,0.3,151.7,100,151.5,107,150.9,8,,,,,,,,,,,,,,,152.0,98,,,,,,,,,,,,,,,,,,
2026-07-06T05:01:30.165448+00:00,2026-07-06T05:01:30.165418,3,2,151.85,0.3,151.7,100,151.5,107,150.9,8,,,,,,,,,,,,,,,152.0,98,152.2,100,,,,,,,,,,,,,,,,
2026-07-06T05:01:30.928618+00:00,2026-07-06T05:01:30.928368,3,2,151.85,0.3,151.7,100,151.5,107,150.9,8,,,,,,,,,,,,,,,152.0,52,152.2,100,,,,,,,,,,,,,,,,
2026-07-06T05:01:31.073555+00:00,2026-07-06T05:01:31.073450,2,1,151.95,0.5,151.7,100,150.9,8,,,,,,,,,,,,,,,,,152.2,100,,,,,,,,,,,,,,,,,,
2026-07-06T05:01:31.128395+00:00,2026-07-06T05:01:31.128264,3,1,151.95,0.5,151.7,100,151.6,150,150.9,8,,,,,,,,,,,,,,,152.2,100,,,,,,,,,,,,,,,,,,
2026-07-06T05:01:31.165831+00:00,2026-07-06T05:01:31.165794,3,1,151.95,0.5,151.7,100,151.6,150,150.9,8,,,,,,,,,,,,,,,152.2,50,,,,,,,,,,,,,,,,,,
2026-07-06T05:01:31.183835+00:00,2026-07-06T05:01:31.183706,3,2,151.9,0.4,151.7,100,151.6,150,150.9,8,,,,,,,,,,,,,,,152.1,150,152.2,50,,,,,,,,,,,,,,,,
2026-07-06T05:01:31.194520+00:00,2026-07-06T05:01:31.194334,2,2,151.9,0.4,151.7,100,151.6,150,,,,,,,,,,,,,,,,,152.1,150,152.2,50,,,,,,,,,,,,,,,,
2026-07-06T05:01:31.199772+00:00,2026-07-06T05:01:31.199681,3,2,151.9,0.4,151.7,100,151.6,150,150.8,8,,,,,,,,,,,,,,,152.1,150,152.2,50,,,,,,,,,,,,,,,,
2026-07-06T05:01:31.708810+00:00,2026-07-06T05:01:31.708786,3,2,151.9,0.4,151.7,100,151.6,150,150.9,8,,,,,,,,,,,,,,,152.1,150,152.2,50,,,,,,,,,,,,,,,,
2026-07-06T05:01:33.220076+00:00,2026-07-06T05:01:33.220015,2,1,151.85,0.5,151.6,150,150.9,8,,,,,,,,,,,,,,,,,152.1,150,,,,,,,,,,,,,,,,,,
2026-07-06T05:01:33.276225+00:00,2026-07-06T05:01:33.276105,3,1,151.95,0.3,151.8,100,151.6,150,150.9,8,,,,,,,,,,,,,,,152.1,150,,,,,,,,,,,,,,,,,,
2026-07-06T05:01:33.329006+00:00,2026-07-06T05:01:33.329122,3,2,151.95,0.3,151.8,100,151.6,150,150.9,8,,,,,,,,,,,,,,,152.1,150,152.3,100,,,,,,,,,,,,,,,,
2026-07-06T05:01:33.344575+00:00,2026-07-06T05:01:33.344449,3,2,151.95,0.3,151.8,50,151.6,150,150.9,8,,,,,,,,,,,,,,,152.1,150,152.3,100,,,,,,,,,,,,,,,,
2026-07-06T05:01:33.463840+00:00,2026-07-06T05:01:33.463766,2,2,151.95,0.3,151.8,50,151.6,150,,,,,,,,,,,,,,,,,152.1,150,152.3,100,,,,,,,,,,,,,,,,
2026-07-06T05:01:33.469031+00:00,2026-07-06T05:01:33.468950,3,2,151.95,0.3,151.8,50,151.6,150,150.8,8,,,,,,,,,,,,,,,152.1,150,152.3,100,,,,,,,,,,,,,,,,
2026-07-06T05:01:34.244710+00:00,2026-07-06T05:01:34.244591,3,1,152.05,0.5,151.8,50,151.6,150,150.8,8,,,,,,,,,,,,,,,152.3,100,,,,,,,,,,,,,,,,,,
2026-07-06T05:01:34.249891+00:00,2026-07-06T05:01:34.249755,2,1,152.05,0.5,151.8,50,150.8,8,,,,,,,,,,,,,,,,,152.3,100,,,,,,,,,,,,,,,,,,
2026-07-06T05:01:34.301264+00:00,2026-07-06T05:01:34.301174,3,1,152.05,0.5,151.8,50,151.5,150,150.8,8,,,,,,,,,,,,,,,152.3,100,,,,,,,,,,,,,,,,,,
2026-07-06T05:01:34.355350+00:00,2026-07-06T05:01:34.355480,3,2,151.9,0.2,151.8,50,151.5,150,150.8,8,,,,,,,,,,,,,,,152.0,150,152.3,100,,,,,,,,,,,,,,,,
2026-07-06T05:01:34.476352+00:00,2026-07-06T05:01:34.476303,3,2,151.9,0.2,151.8,50,151.5,150,150.7,8,,,,,,,,,,,,,,,152.0,150,152.3,100,,,,,,,,,,,,,,,,
2026-07-06T05:01:34.861344+00:00,2026-07-06T05:01:34.855389,3,2,151.9,0.2,151.8,44,151.5,150,150.7,8,,,,,,,,,,,,,,,152.0,150,152.3,100,,,,,,,,,,,,,,,,
2026-07-06T05:01:35.399139+00:00,2026-07-06T05:01:35.398992,3,2,151.9,0.2,151.8,44,151.5,150,150.7,8,,,,,,,,,,,,,,,152.0,100,152.3,100,,,,,,,,,,,,,,,,
2026-07-06T05:01:36.380982+00:00,2026-07-06T05:01:36.380806,2,1,151.75,0.5,151.5,150,150.7,8,,,,,,,,,,,,,,,,,152.0,100,,,,,,,,,,,,,,,,,,
2026-07-06T05:01:36.437385+00:00,2026-07-06T05:01:36.437309,3,1,151.8,0.4,151.6,100,151.5,150,150.7,8,,,,,,,,,,,,,,,152.0,100,,,,,,,,,,,,,,,,,,
2026-07-06T05:01:36.496574+00:00,2026-07-06T05:01:36.496752,3,2,151.8,0.4,151.6,100,151.5,150,150.7,8,,,,,,,,,,,,,,,152.0,100,152.1,100,,,,,,,,,,,,,,,,
2026-07-06T05:01:37.408880+00:00,2026-07-06T05:01:37.408781,3,1,151.85,0.5,151.6,100,151.5,150,150.7,8,,,,,,,,,,,,,,,152.1,100,,,,,,,,,,,,,,,,,,
2026-07-06T05:01:37.414081+00:00,2026-07-06T05:01:37.413981,2,1,151.85,0.5,151.6,100,150.7,8,,,,,,,,,,,,,,,,,152.1,100,,,,,,,,,,,,,,,,,,
2026-07-06T05:01:37.458654+00:00,2026-07-06T05:01:37.457228,3,1,151.95,0.3,151.8,150,151.6,100,150.7,8,,,,,,,,,,,,,,,152.1,100,,,,,,,,,,,,,,,,,,
2026-07-06T05:01:37.496808+00:00,2026-07-06T05:01:37.486961,3,1,151.95,0.3,151.8,150,151.6,100,150.8,8,,,,,,,,,,,,,,,152.1,100,,,,,,,,,,,,,,,,,,
2026-07-06T05:01:37.517249+00:00,2026-07-06T05:01:37.517377,3,2,151.95,0.3,151.8,150,151.6,100,150.8,8,,,,,,,,,,,,,,,152.1,100,152.3,150,,,,,,,,,,,,,,,,
2026-07-06T05:01:37.895376+00:00,2026-07-06T05:01:37.889470,3,2,151.95,0.3,151.8,132,151.6,100,150.8,8,,,,,,,,,,,,,,,152.1,100,152.3,150,,,,,,,,,,,,,,,,
2026-07-06T05:01:39.249548+00:00,2026-07-06T05:01:39.249478,3,2,151.95,0.3,151.8,132,151.6,100,150.7,8,,,,,,,,,,,,,,,152.1,100,152.3,150,,,,,,,,,,,,,,,,
2026-07-06T05:01:39.553125+00:00,2026-07-06T05:01:39.553273,2,1,152.05,0.5,151.8,132,150.7,8,,,,,,,,,,,,,,,,,152.3,150,,,,,,,,,,,,,,,,,,
2026-07-06T05:01:39.605727+00:00,2026-07-06T05:01:39.605842,3,1,152.05,0.5,151.8,132,151.6,100,150.7,8,,,,,,,,,,,,,,,152.3,150,,,,,,,,,,,,,,,,,,
2026-07-06T05:01:39.658618+00:00,2026-07-06T05:01:39.655024,3,2,151.95,0.3,151.8,82,151.6,100,150.7,8,,,,,,,,,,,,,,,152.1,100,152.3,150,,,,,,,,,,,,,,,,
2026-07-06T05:01:39.762973+00:00,2026-07-06T05:01:39.756827,3,2,151.95,0.3,151.8,71,151.6,100,150.7,8,,,,,,,,,,,,,,,152.1,100,152.3,150,,,,,,,,,,,,,,,,
2026-07-06T05:01:40.574509+00:00,2026-07-06T05:01:40.574423,2,1,151.85,0.5,151.6,100,150.7,8,,,,,,,,,,,,,,,,,152.1,100,,,,,,,,,,,,,,,,,,
2026-07-06T05:01:40.628962+00:00,2026-07-06T05:01:40.628908,3,1,151.85,0.5,151.6,100,151.2,150,150.7,8,,,,,,,,,,,,,,,152.1,100,,,,,,,,,,,,,,,,,,
2026-07-06T05:01:40.681904+00:00,2026-07-06T05:01:40.682026,3,2,151.65,0.1,151.6,100,151.2,150,150.7,8,,,,,,,,,,,,,,,151.7,150,152.1,100,,,,,,,,,,,,,,,,
2026-07-06T05:01:40.758565+00:00,2026-07-06T05:01:40.753732,3,2,151.65,0.1,151.6,100,151.2,150,150.6,8,,,,,,,,,,,,,,,151.7,150,152.1,100,,,,,,,,,,,,,,,,
2026-07-06T05:01:42.729748+00:00,2026-07-06T05:01:42.729677,2,1,151.45,0.5,151.2,150,150.6,8,,,,,,,,,,,,,,,,,151.7,150,,,,,,,,,,,,,,,,,,
2026-07-06T05:01:42.784642+00:00,2026-07-06T05:01:42.784599,3,1,151.55,0.3,151.4,100,151.2,150,150.6,8,,,,,,,,,,,,,,,151.7,150,,,,,,,,,,,,,,,,,,
2026-07-06T05:01:42.835154+00:00,2026-07-06T05:01:42.835330,3,2,151.55,0.3,151.4,100,151.2,150,150.6,8,,,,,,,,,,,,,,,151.7,150,151.9,100,,,,,,,,,,,,,,,,
2026-07-06T05:01:43.390499+00:00,2026-07-06T05:01:43.384184,3,2,151.55,0.3,151.4,100,151.2,150,150.6,8,,,,,,,,,,,,,,,151.7,139,151.9,100,,,,,,,,,,,,,,,,
2026-07-06T05:01:43.737769+00:00,2026-07-06T05:01:43.737682,2,1,151.65,0.5,151.4,100,150.6,8,,,,,,,,,,,,,,,,,151.9,100,,,,,,,,,,,,,,,,,,
2026-07-06T05:01:43.771444+00:00,2026-07-06T05:01:43.771349,2,1,151.65,0.5,151.4,100,150.7,8,,,,,,,,,,,,,,,,,151.9,100,,,,,,,,,,,,,,,,,,
2026-07-06T05:01:43.792689+00:00,2026-07-06T05:01:43.792778,2,1,151.65,0.5,151.4,250,150.7,8,,,,,,,,,,,,,,,,,151.9,100,,,,,,,,,,,,,,,,,,
2026-07-06T05:01:43.846554+00:00,2026-07-06T05:01:43.846493,2,1,151.65,0.5,151.4,250,150.7,8,,,,,,,,,,,,,,,,,151.9,250,,,,,,,,,,,,,,,,,,
2026-07-06T05:01:43.874215+00:00,2026-07-06T05:01:43.874114,2,1,151.65,0.5,151.4,200,150.7,8,,,,,,,,,,,,,,,,,151.9,250,,,,,,,,,,,,,,,,,,
2026-07-06T05:01:43.945275+00:00,2026-07-06T05:01:43.945151,2,1,151.65,0.5,151.4,200,150.7,8,,,,,,,,,,,,,,,,,151.9,238,,,,,,,,,,,,,,,,,,
2026-07-06T05:01:45.892331+00:00,2026-07-06T05:01:45.892230,2,1,151.65,0.5,151.4,150,150.7,8,,,,,,,,,,,,,,,,,151.9,150,,,,,,,,,,,,,,,,,,
2026-07-06T05:01:45.930059+00:00,2026-07-06T05:01:45.930223,2,1,151.65,0.5,151.4,150,150.7,8,,,,,,,,,,,,,,,,,151.9,100,,,,,,,,,,,,,,,,,,
2026-07-06T05:01:45.946359+00:00,2026-07-06T05:01:45.946272,3,1,151.75,0.3,151.6,100,151.4,150,150.7,8,,,,,,,,,,,,,,,151.9,100,,,,,,,,,,,,,,,,,,
2026-07-06T05:01:45.998808+00:00,2026-07-06T05:01:45.998637,3,2,151.75,0.3,151.6,100,151.4,150,150.7,8,,,,,,,,,,,,,,,151.9,100,152.1,100,,,,,,,,,,,,,,,,
2026-07-06T05:01:46.032837+00:00,2026-07-06T05:01:46.032783,3,2,151.75,0.3,151.6,100,151.4,150,150.8,8,,,,,,,,,,,,,,,151.9,100,152.1,100,,,,,,,,,,,,,,,,
2026-07-06T05:01:46.111168+00:00,2026-07-06T05:01:46.111106,3,2,151.75,0.3,151.6,52,151.4,150,150.8,8,,,,,,,,,,,,,,,151.9,100,152.1,100,,,,,,,,,,,,,,,,
2026-07-06T05:01:46.600315+00:00,2026-07-06T05:01:46.600179,3,2,151.75,0.3,151.6,4,151.4,150,150.8,8,,,,,,,,,,,,,,,151.9,100,152.1,100,,,,,,,,,,,,,,,,
2026-07-06T05:01:46.901585+00:00,2026-07-06T05:01:46.901483,2,1,151.85,0.5,151.6,4,150.8,8,,,,,,,,,,,,,,,,,152.1,100,,,,,,,,,,,,,,,,,,
2026-07-06T05:01:46.953945+00:00,2026-07-06T05:01:46.953886,3,1,151.9,0.4,151.7,150,151.6,4,150.8,8,,,,,,,,,,,,,,,152.1,100,,,,,,,,,,,,,,,,,,
2026-07-06T05:01:47.010758+00:00,2026-07-06T05:01:47.010958,3,2,151.9,0.4,151.7,150,151.6,4,150.8,8,,,,,,,,,,,,,,,152.1,100,152.2,150,,,,,,,,,,,,,,,,
2026-07-06T05:01:47.040646+00:00,2026-07-06T05:01:47.040609,3,2,151.9,0.4,151.7,150,151.6,4,150.9,8,,,,,,,,,,,,,,,152.1,100,152.2,150,,,,,,,,,,,,,,,,
2026-07-06T05:01:48.089322+00:00,2026-07-06T05:01:48.089194,3,2,151.9,0.4,151.7,100,151.6,4,150.9,8,,,,,,,,,,,,,,,152.1,100,152.2,150,,,,,,,,,,,,,,,,
2026-07-06T05:01:49.058628+00:00,2026-07-06T05:01:49.052726,2,1,151.95,0.5,151.7,100,150.9,8,,,,,,,,,,,,,,,,,152.2,150,,,,,,,,,,,,,,,,,,
2026-07-06T05:01:49.107838+00:00,2026-07-06T05:01:49.107763,3,1,151.95,0.5,151.7,100,151.3,100,150.9,8,,,,,,,,,,,,,,,152.2,150,,,,,,,,,,,,,,,,,,
2026-07-06T05:01:49.160659+00:00,2026-07-06T05:01:49.160468,3,2,151.75,0.1,151.7,100,151.3,100,150.9,8,,,,,,,,,,,,,,,151.8,100,152.2,150,,,,,,,,,,,,,,,,
2026-07-06T05:01:49.249923+00:00,2026-07-06T05:01:49.249870,3,2,151.75,0.1,151.7,100,151.3,100,150.9,8,,,,,,,,,,,,,,,151.8,52,152.2,150,,,,,,,,,,,,,,,,
2026-07-06T05:01:49.297260+00:00,2026-07-06T05:01:49.297135,2,2,151.75,0.1,151.7,100,151.3,100,,,,,,,,,,,,,,,,,151.8,52,152.2,150,,,,,,,,,,,,,,,,
2026-07-06T05:01:49.302352+00:00,2026-07-06T05:01:49.302294,3,2,151.75,0.1,151.7,100,151.3,100,150.9,8,,,,,,,,,,,,,,,151.8,52,152.2,150,,,,,,,,,,,,,,,,
2026-07-06T05:01:49.623878+00:00,2026-07-06T05:01:49.618395,3,2,151.75,0.1,151.7,100,151.3,100,150.9,8,,,,,,,,,,,,,,,151.8,29,152.2,150,,,,,,,,,,,,,,,,
2026-07-06T05:01:50.071685+00:00,2026-07-06T05:01:50.071574,2,1,151.55,0.5,151.3,100,150.9,8,,,,,,,,,,,,,,,,,151.8,29,,,,,,,,,,,,,,,,,,
2026-07-06T05:01:50.125135+00:00,2026-07-06T05:01:50.125011,3,1,151.75,0.1,151.7,150,151.3,100,150.9,8,,,,,,,,,,,,,,,151.8,29,,,,,,,,,,,,,,,,,,
2026-07-06T05:01:50.177770+00:00,2026-07-06T05:01:50.177666,3,2,151.75,0.1,151.7,150,151.3,100,150.9,8,,,,,,,,,,,,,,,151.8,29,152.2,150,,,,,,,,,,,,,,,,
2026-07-06T05:01:50.198256+00:00,2026-07-06T05:01:50.198130,3,2,151.75,0.1,151.7,100,151.3,100,150.9,8,,,,,,,,,,,,,,,151.8,29,152.2,150,,,,,,,,,,,,,,,,
2026-07-06T05:01:50.309815+00:00,2026-07-06T05:01:50.309718,3,2,151.75,0.1,151.7,100,151.3,100,151.0,8,,,,,,,,,,,,,,,151.8,29,152.2,150,,,,,,,,,,,,,,,,
2026-07-06T05:01:51.811267+00:00,2026-07-06T05:01:51.811459,3,1,151.95,0.5,151.7,100,151.3,100,151.0,8,,,,,,,,,,,,,,,152.2,136,,,,,,,,,,,,,,,,,,
2026-07-06T05:01:51.822083+00:00,2026-07-06T05:01:51.821993,3,1,151.95,0.5,151.7,100,151.3,100,150.9,8,,,,,,,,,,,,,,,152.2,136,,,,,,,,,,,,,,,,,,
2026-07-06T05:01:52.215239+00:00,2026-07-06T05:01:52.215092,2,1,151.95,0.5,151.7,100,150.9,8,,,,,,,,,,,,,,,,,152.2,136,,,,,,,,,,,,,,,,,,
2026-07-06T05:01:52.269384+00:00,2026-07-06T05:01:52.269236,2,1,151.95,0.5,151.7,200,150.9,8,,,,,,,,,,,,,,,,,152.2,136,,,,,,,,,,,,,,,,,,
2026-07-06T05:01:52.306266+00:00,2026-07-06T05:01:52.306129,2,1,151.95,0.5,151.7,150,150.9,8,,,,,,,,,,,,,,,,,152.2,136,,,,,,,,,,,,,,,,,,
2026-07-06T05:01:52.321870+00:00,2026-07-06T05:01:52.321727,2,1,151.95,0.5,151.7,150,150.9,8,,,,,,,,,,,,,,,,,152.2,236,,,,,,,,,,,,,,,,,,
2026-07-06T05:01:52.396068+00:00,2026-07-06T05:01:52.395997,2,1,151.95,0.5,151.7,107,150.9,8,,,,,,,,,,,,,,,,,152.2,236,,,,,,,,,,,,,,,,,,
2026-07-06T05:01:53.231051+00:00,2026-07-06T05:01:53.231001,2,1,151.95,0.5,151.7,100,150.9,8,,,,,,,,,,,,,,,,,152.2,100,,,,,,,,,,,,,,,,,,
2026-07-06T05:01:53.285587+00:00,2026-07-06T05:01:53.285454,3,1,151.95,0.5,151.7,100,151.1,150,150.9,8,,,,,,,,,,,,,,,152.2,100,,,,,,,,,,,,,,,,,,
2026-07-06T05:01:53.349908+00:00,2026-07-06T05:01:53.343179,2,2,151.35,0.5,151.1,150,150.9,8,,,,,,,,,,,,,,,,,151.6,38,152.2,100,,,,,,,,,,,,,,,,
2026-07-06T05:01:53.568362+00:00,2026-07-06T05:01:53.562548,2,2,151.35,0.5,151.1,150,150.9,8,,,,,,,,,,,,,,,,,151.6,27,152.2,100,,,,,,,,,,,,,,,,
2026-07-06T05:01:53.599651+00:00,2026-07-06T05:01:53.599887,1,2,151.35,0.5,151.1,150,,,,,,,,,,,,,,,,,,,151.6,27,152.2,100,,,,,,,,,,,,,,,,
2026-07-06T05:01:53.605290+00:00,2026-07-06T05:01:53.605199,2,2,151.35,0.5,151.1,150,151.0,8,,,,,,,,,,,,,,,,,151.6,27,152.2,100,,,,,,,,,,,,,,,,
2026-07-06T05:01:54.413814+00:00,2026-07-06T05:01:54.413691,2,2,151.35,0.5,151.1,100,151.0,8,,,,,,,,,,,,,,,,,151.6,27,152.2,100,,,,,,,,,,,,,,,,
2026-07-06T05:01:55.113615+00:00,2026-07-06T05:01:55.113507,2,2,151.35,0.5,151.1,100,150.9,8,,,,,,,,,,,,,,,,,151.6,27,152.2,100,,,,,,,,,,,,,,,,
2026-07-06T05:01:55.372291+00:00,2026-07-06T05:01:55.372422,2,1,151.35,0.5,151.1,100,150.9,8,,,,,,,,,,,,,,,,,151.6,27,,,,,,,,,,,,,,,,,,
2026-07-06T05:01:55.436330+00:00,2026-07-06T05:01:55.436257,3,1,151.5,0.2,151.4,100,151.1,100,150.9,8,,,,,,,,,,,,,,,151.6,27,,,,,,,,,,,,,,,,,,
2026-07-06T05:01:55.488432+00:00,2026-07-06T05:01:55.488377,3,2,151.5,0.2,151.4,100,151.1,100,150.9,8,,,,,,,,,,,,,,,151.6,27,151.9,100,,,,,,,,,,,,,,,,
2026-07-06T05:01:56.396420+00:00,2026-07-06T05:01:56.396319,2,1,151.65,0.5,151.4,100,150.9,8,,,,,,,,,,,,,,,,,151.9,100,,,,,,,,,,,,,,,,,,
2026-07-06T05:01:56.450602+00:00,2026-07-06T05:01:56.450754,3,1,151.7,0.4,151.5,150,151.4,100,150.9,8,,,,,,,,,,,,,,,151.9,100,,,,,,,,,,,,,,,,,,
2026-07-06T05:01:56.504048+00:00,2026-07-06T05:01:56.503920,3,2,151.7,0.4,151.5,150,151.4,100,150.9,8,,,,,,,,,,,,,,,151.9,100,152.0,150,,,,,,,,,,,,,,,,
2026-07-06T05:01:56.520561+00:00,2026-07-06T05:01:56.520704,3,2,151.7,0.4,151.5,100,151.4,100,150.9,8,,,,,,,,,,,,,,,151.9,100,152.0,150,,,,,,,,,,,,,,,,
2026-07-06T05:01:57.065691+00:00,2026-07-06T05:01:57.065564,3,2,151.7,0.4,151.5,100,151.4,100,150.9,8,,,,,,,,,,,,,,,151.9,54,152.0,150,,,,,,,,,,,,,,,,
2026-07-06T05:01:57.245241+00:00,2026-07-06T05:01:57.239044,3,2,151.7,0.4,151.5,89,151.4,100,150.9,8,,,,,,,,,,,,,,,151.9,54,152.0,150,,,,,,,,,,,,,,,,
2026-07-06T05:01:58.546018+00:00,2026-07-06T05:01:58.545941,2,1,151.75,0.5,151.5,89,150.9,8,,,,,,,,,,,,,,,,,152.0,150,,,,,,,,,,,,,,,,,,
2026-07-06T05:01:58.600994+00:00,2026-07-06T05:01:58.600946,3,1,151.75,0.5,151.5,89,151.4,100,150.9,8,,,,,,,,,,,,,,,152.0,150,,,,,,,,,,,,,,,,,,
2026-07-06T05:01:58.629218+00:00,2026-07-06T05:01:58.629069,3,1,151.75,0.5,151.5,39,151.4,100,150.9,8,,,,,,,,,,,,,,,152.0,150,,,,,,,,,,,,,,,,,,
2026-07-06T05:01:58.653720+00:00,2026-07-06T05:01:58.653647,3,2,151.7,0.4,151.5,39,151.4,100,150.9,8,,,,,,,,,,,,,,,151.9,100,152.0,150,,,,,,,,,,,,,,,,
2026-07-06T05:01:59.558568+00:00,2026-07-06T05:01:59.553552,2,1,151.65,0.5,151.4,100,150.9,8,,,,,,,,,,,,,,,,,151.9,100,,,,,,,,,,,,,,,,,,
2026-07-06T05:01:59.615695+00:00,2026-07-06T05:01:59.615651,3,1,151.65,0.5,151.4,100,150.9,8,150.7,150,,,,,,,,,,,,,,,151.9,100,,,,,,,,,,,,,,,,,,
2026-07-06T05:01:59.677591+00:00,2026-07-06T05:01:59.671759,2,2,151.05,0.3,150.9,8,150.7,150,,,,,,,,,,,,,,,,,151.2,39,151.9,100,,,,,,,,,,,,,,,,
2026-07-06T05:02:00.099743+00:00,2026-07-06T05:02:00.099651,2,2,151.15,0.1,151.1,8,150.7,150,,,,,,,,,,,,,,,,,151.2,39,151.9,100,,,,,,,,,,,,,,,,
2026-07-06T05:02:00.417539+00:00,2026-07-06T05:02:00.417424,1,2,150.95,0.5,150.7,150,,,,,,,,,,,,,,,,,,,151.2,39,151.9,100,,,,,,,,,,,,,,,,
2026-07-06T05:02:00.422617+00:00,2026-07-06T05:02:00.422581,2,2,151.05,0.3,150.9,8,150.7,150,,,,,,,,,,,,,,,,,151.2,39,151.9,100,,,,,,,,,,,,,,,,
2026-07-06T05:02:00.735520+00:00,2026-07-06T05:02:00.735388,1,2,150.95,0.5,150.7,150,,,,,,,,,,,,,,,,,,,151.2,39,151.9,100,,,,,,,,,,,,,,,,
2026-07-06T05:02:01.429321+00:00,2026-07-06T05:02:01.423653,1,2,150.95,0.5,150.7,150,,,,,,,,,,,,,,,,,,,151.2,36,151.9,100,,,,,,,,,,,,,,,,
2026-07-06T05:02:01.686560+00:00,2026-07-06T05:02:01.686786,2,3,151.0,0.4,150.8,8,150.7,150,,,,,,,,,,,,,,,,,151.2,36,151.4,8,151.9,100,,,,,,,,,,,,,,
2026-07-06T05:02:01.706337+00:00,2026-07-06T05:02:01.706506,2,2,151.0,0.4,150.8,8,150.7,150,,,,,,,,,,,,,,,,,151.2,36,151.4,8,,,,,,,,,,,,,,,,
2026-07-06T05:02:01.759910+00:00,2026-07-06T05:02:01.759841,3,2,151.15,0.1,151.1,100,150.8,8,150.7,150,,,,,,,,,,,,,,,151.2,36,151.4,8,,,,,,,,,,,,,,,,
2026-07-06T05:02:01.813426+00:00,2026-07-06T05:02:01.813362,3,3,151.15,0.1,151.1,100,150.8,8,150.7,150,,,,,,,,,,,,,,,151.2,36,151.4,8,151.6,100,,,,,,,,,,,,,,
2026-07-06T05:02:01.944531+00:00,2026-07-06T05:02:01.944491,2,2,151.15,0.1,151.1,100,150.7,150,,,,,,,,,,,,,,,,,151.2,36,151.6,100,,,,,,,,,,,,,,,,
2026-07-06T05:02:01.949809+00:00,2026-07-06T05:02:01.949689,3,3,151.15,0.1,151.1,100,151.0,8,150.7,150,,,,,,,,,,,,,,,151.2,36,151.4,8,151.6,100,,,,,,,,,,,,,,
2026-07-06T05:02:02.207861+00:00,2026-07-06T05:02:02.207840,2,2,151.15,0.1,151.1,100,150.7,150,,,,,,,,,,,,,,,,,151.2,36,151.6,100,,,,,,,,,,,,,,,,
2026-07-06T05:02:02.213112+00:00,2026-07-06T05:02:02.213016,3,2,151.15,0.1,151.1,100,150.8,8,150.7,150,,,,,,,,,,,,,,,151.2,36,151.6,100,,,,,,,,,,,,,,,,
2026-07-06T05:02:02.218262+00:00,2026-07-06T05:02:02.218213,3,2,151.15,0.1,151.1,100,150.8,8,150.7,150,,,,,,,,,,,,,,,151.2,44,151.6,100,,,,,,,,,,,,,,,,
2026-07-06T05:02:02.724636+00:00,2026-07-06T05:02:02.724491,2,2,151.15,0.1,151.1,100,150.8,8,,,,,,,,,,,,,,,,,151.2,8,151.6,100,,,,,,,,,,,,,,,,
2026-07-06T05:02:02.775391+00:00,2026-07-06T05:02:02.775562,2,2,151.15,0.1,151.1,250,150.8,8,,,,,,,,,,,,,,,,,151.2,8,151.6,100,,,,,,,,,,,,,,,,
2026-07-06T05:02:02.832807+00:00,2026-07-06T05:02:02.832753,2,2,151.15,0.1,151.1,250,150.8,8,,,,,,,,,,,,,,,,,151.2,8,151.6,250,,,,,,,,,,,,,,,,
2026-07-06T05:02:02.844482+00:00,2026-07-06T05:02:02.844436,2,2,151.15,0.1,151.1,200,150.8,8,,,,,,,,,,,,,,,,,151.2,8,151.6,250,,,,,,,,,,,,,,,,
2026-07-06T05:02:04.868945+00:00,2026-07-06T05:02:04.868853,2,2,151.15,0.1,151.1,150,150.8,8,,,,,,,,,,,,,,,,,151.2,8,151.6,150,,,,,,,,,,,,,,,,
2026-07-06T05:02:04.923795+00:00,2026-07-06T05:02:04.923675,2,2,151.15,0.1,151.1,150,150.8,108,,,,,,,,,,,,,,,,,151.2,8,151.6,150,,,,,,,,,,,,,,,,
2026-07-06T05:02:04.951385+00:00,2026-07-06T05:02:04.951253,2,2,151.15,0.1,151.1,100,150.8,108,,,,,,,,,,,,,,,,,151.2,8,151.6,150,,,,,,,,,,,,,,,,
2026-07-06T05:02:04.976926+00:00,2026-07-06T05:02:04.976894,2,3,151.15,0.1,151.1,100,150.8,108,,,,,,,,,,,,,,,,,151.2,8,151.3,100,151.6,150,,,,,,,,,,,,,,
2026-07-06T05:02:05.224356+00:00,2026-07-06T05:02:05.224324,2,3,151.15,0.1,151.1,100,150.8,100,,,,,,,,,,,,,,,,,151.2,8,151.3,100,151.6,150,,,,,,,,,,,,,,
2026-07-06T05:02:05.229570+00:00,2026-07-06T05:02:05.229520,3,2,151.2,0.2,151.1,100,150.8,100,150.7,8,,,,,,,,,,,,,,,151.3,100,151.6,150,,,,,,,,,,,,,,,,
2026-07-06T05:02:05.234746+00:00,2026-07-06T05:02:05.234689,3,3,151.15,0.1,151.1,100,150.8,100,150.7,8,,,,,,,,,,,,,,,151.2,8,151.3,100,151.6,150,,,,,,,,,,,,,,
2026-07-06T05:02:05.886771+00:00,2026-07-06T05:02:05.886901,2,2,151.0,0.4,150.8,100,150.7,8,,,,,,,,,,,,,,,,,151.2,8,151.3,100,,,,,,,,,,,,,,,,
2026-07-06T05:02:05.941609+00:00,2026-07-06T05:02:05.941563,2,2,151.0,0.4,150.8,250,150.7,8,,,,,,,,,,,,,,,,,151.2,8,151.3,100,,,,,,,,,,,,,,,,
2026-07-06T05:02:05.994276+00:00,2026-07-06T05:02:05.994384,2,2,151.0,0.4,150.8,250,150.7,8,,,,,,,,,,,,,,,,,151.2,8,151.3,250,,,,,,,,,,,,,,,,
2026-07-06T05:02:06.742442+00:00,2026-07-06T05:02:06.742319,1,1,151.05,0.5,150.8,250,,,,,,,,,,,,,,,,,,,151.3,250,,,,,,,,,,,,,,,,,,
2026-07-06T05:02:06.747557+00:00,2026-07-06T05:02:06.747479,2,1,151.05,0.5,150.8,250,150.5,8,,,,,,,,,,,,,,,,,151.3,250,,,,,,,,,,,,,,,,,,
2026-07-06T05:02:06.752565+00:00,2026-07-06T05:02:06.752642,2,2,150.95,0.3,150.8,250,150.5,8,,,,,,,,,,,,,,,,,151.1,8,151.3,250,,,,,,,,,,,,,,,,
2026-07-06T05:02:07.007219+00:00,2026-07-06T05:02:07.007105,2,1,151.05,0.5,150.8,250,150.5,8,,,,,,,,,,,,,,,,,151.3,208,,,,,,,,,,,,,,,,,,
2026-07-06T05:02:08.014777+00:00,2026-07-06T05:02:08.014683,2,1,151.05,0.5,150.8,250,150.3,8,,,,,,,,,,,,,,,,,151.3,208,,,,,,,,,,,,,,,,,,
2026-07-06T05:02:08.037702+00:00,2026-07-06T05:02:08.037828,2,1,151.05,0.5,150.8,150,150.3,8,,,,,,,,,,,,,,,,,151.3,150,,,,,,,,,,,,,,,,,,
2026-07-06T05:02:08.084716+00:00,2026-07-06T05:02:08.084573,3,1,151.05,0.5,150.8,150,150.4,100,150.3,8,,,,,,,,,,,,,,,151.3,150,,,,,,,,,,,,,,,,,,
2026-07-06T05:02:08.144501+00:00,2026-07-06T05:02:08.144416,3,2,150.85,0.1,150.8,150,150.4,100,150.3,8,,,,,,,,,,,,,,,150.9,100,151.3,150,,,,,,,,,,,,,,,,
2026-07-06T05:02:08.522431+00:00,2026-07-06T05:02:08.522374,3,2,150.85,0.1,150.8,150,150.4,100,150.3,8,,,,,,,,,,,,,,,150.9,100,151.3,150,,,,,,,,,,,,,,,,
2026-07-06T05:02:09.048503+00:00,2026-07-06T05:02:09.048648,2,1,150.65,0.5,150.4,100,150.3,8,,,,,,,,,,,,,,,,,150.9,100,,,,,,,,,,,,,,,,,,
2026-07-06T05:02:09.101281+00:00,2026-07-06T05:02:09.101184,2,1,150.65,0.5,150.4,250,150.3,8,,,,,,,,,,,,,,,,,150.9,100,,,,,,,,,,,,,,,,,,
2026-07-06T05:02:09.153635+00:00,2026-07-06T05:02:09.153743,2,1,150.65,0.5,150.4,250,150.3,8,,,,,,,,,,,,,,,,,150.9,250,,,,,,,,,,,,,,,,,,
2026-07-06T05:02:09.528827+00:00,2026-07-06T05:02:09.528744,1,1,150.65,0.5,150.4,250,,,,,,,,,,,,,,,,,,,150.9,250,,,,,,,,,,,,,,,,,,
2026-07-06T05:02:09.533971+00:00,2026-07-06T05:02:09.533901,1,1,150.65,0.5,150.4,258,,,,,,,,,,,,,,,,,,,150.9,250,,,,,,,,,,,,,,,,,,
2026-07-06T05:02:09.963246+00:00,2026-07-06T05:02:09.963138,1,1,150.65,0.5,150.4,258,,,,,,,,,,,,,,,,,,,150.9,203,,,,,,,,,,,,,,,,,,
2026-07-06T05:02:10.483218+00:00,2026-07-06T05:02:10.483114,1,1,150.65,0.5,150.4,210,,,,,,,,,,,,,,,,,,,150.9,203,,,,,,,,,,,,,,,,,,
2026-07-06T05:02:10.786686+00:00,2026-07-06T05:02:10.786610,1,1,150.65,0.5,150.4,202,,,,,,,,,,,,,,,,,,,150.9,203,,,,,,,,,,,,,,,,,,
2026-07-06T05:02:10.791848+00:00,2026-07-06T05:02:10.791777,2,1,150.7,0.4,150.5,8,150.4,202,,,,,,,,,,,,,,,,,150.9,203,,,,,,,,,,,,,,,,,,
2026-07-06T05:02:11.264883+00:00,2026-07-06T05:02:11.264830,3,1,150.85,0.1,150.8,100,150.5,8,150.4,150,,,,,,,,,,,,,,,150.9,100,,,,,,,,,,,,,,,,,,
2026-07-06T05:02:11.364202+00:00,2026-07-06T05:02:11.363982,3,2,150.85,0.1,150.8,100,150.7,8,150.4,150,,,,,,,,,,,,,,,150.9,100,151.3,100,,,,,,,,,,,,,,,,
2026-07-06T05:02:12.127428+00:00,2026-07-06T05:02:12.127358,3,2,150.85,0.1,150.8,100,150.7,8,150.4,150,,,,,,,,,,,,,,,150.9,51,151.3,100,,,,,,,,,,,,,,,,
2026-07-06T05:02:12.210820+00:00,2026-07-06T05:02:12.210728,2,1,151.05,0.5,150.8,100,150.7,8,,,,,,,,,,,,,,,,,151.3,100,,,,,,,,,,,,,,,,,,
2026-07-06T05:02:12.258651+00:00,2026-07-06T05:02:12.256869,3,0,,,151.3,50,150.8,100,150.7,8,,,,,,,,,,,,,,,,,,,,,,,,,,,,,,,,,,
2026-07-06T05:02:12.319591+00:00,2026-07-06T05:02:12.319496,3,1,151.55,0.5,151.3,50,150.8,100,150.7,8,,,,,,,,,,,,,,,151.8,150,,,,,,,,,,,,,,,,,,
2026-07-06T05:02:12.558547+00:00,2026-07-06T05:02:12.557863,2,1,151.55,0.5,151.3,50,150.8,108,,,,,,,,,,,,,,,,,151.8,150,,,,,,,,,,,,,,,,,,
2026-07-06T05:02:13.316526+00:00,2026-07-06T05:02:13.316447,3,1,151.55,0.5,151.3,50,151.0,8,150.8,100,,,,,,,,,,,,,,,151.8,150,,,,,,,,,,,,,,,,,,
2026-07-06T05:02:13.329271+00:00,2026-07-06T05:02:13.329208,3,1,151.55,0.5,151.3,50,151.0,8,150.8,100,,,,,,,,,,,,,,,151.8,100,,,,,,,,,,,,,,,,,,
2026-07-06T05:02:14.358605+00:00,2026-07-06T05:02:14.356336,2,1,151.55,0.5,151.3,50,151.0,8,,,,,,,,,,,,,,,,,151.8,100,,,,,,,,,,,,,,,,,,
2026-07-06T05:02:14.409703+00:00,2026-07-06T05:02:14.409876,2,1,151.55,0.5,151.3,150,151.0,8,,,,,,,,,,,,,,,,,151.8,100,,,,,,,,,,,,,,,,,,
2026-07-06T05:02:14.466771+00:00,2026-07-06T05:02:14.466714,2,1,151.55,0.5,151.3,150,151.0,8,,,,,,,,,,,,,,,,,151.8,200,,,,,,,,,,,,,,,,,,
2026-07-06T05:02:14.719436+00:00,2026-07-06T05:02:14.719354,2,1,151.55,0.5,151.3,105,151.0,8,,,,,,,,,,,,,,,,,151.8,200,,,,,,,,,,,,,,,,,,
2026-07-06T05:02:15.292949+00:00,2026-07-06T05:02:15.292900,2,1,151.55,0.5,151.3,60,151.0,8,,,,,,,,,,,,,,,,,151.8,200,,,,,,,,,,,,,,,,,,
2026-07-06T05:02:15.373514+00:00,2026-07-06T05:02:15.373436,2,1,151.55,0.5,151.3,60,151.0,8,,,,,,,,,,,,,,,,,151.8,100,,,,,,,,,,,,,,,,,,
2026-07-06T05:02:15.425633+00:00,2026-07-06T05:02:15.425539,3,1,151.55,0.5,151.3,60,151.0,8,150.9,150,,,,,,,,,,,,,,,151.8,100,,,,,,,,,,,,,,,,,,
2026-07-06T05:02:15.475287+00:00,2026-07-06T05:02:15.475177,3,2,151.35,0.1,151.3,60,151.0,8,150.9,150,,,,,,,,,,,,,,,151.4,150,151.8,100,,,,,,,,,,,,,,,,
2026-07-06T05:02:15.576486+00:00,2026-07-06T05:02:15.576391,2,2,151.35,0.1,151.3,60,150.9,158,,,,,,,,,,,,,,,,,151.4,150,151.8,100,,,,,,,,,,,,,,,,
2026-07-06T05:02:16.088541+00:00,2026-07-06T05:02:16.088465,3,2,151.35,0.1,151.3,60,151.0,8,150.9,150,,,,,,,,,,,,,,,151.4,150,151.8,100,,,,,,,,,,,,,,,,
2026-07-06T05:02:16.476801+00:00,2026-07-06T05:02:16.476668,3,2,151.35,0.1,151.3,60,151.0,8,150.9,150,,,,,,,,,,,,,,,151.4,101,151.8,100,,,,,,,,,,,,,,,,
2026-07-06T05:02:17.348540+00:00,2026-07-06T05:02:17.348476,2,2,151.35,0.1,151.3,60,150.9,158,,,,,,,,,,,,,,,,,151.4,101,151.8,100,,,,,,,,,,,,,,,,
2026-07-06T05:02:17.521015+00:00,2026-07-06T05:02:17.520887,1,1,151.15,0.5,150.9,158,,,,,,,,,,,,,,,,,,,151.4,101,,,,,,,,,,,,,,,,,,
2026-07-06T05:02:17.575755+00:00,2026-07-06T05:02:17.575691,2,1,151.25,0.3,151.1,100,150.9,158,,,,,,,,,,,,,,,,,151.4,101,,,,,,,,,,,,,,,,,,
2026-07-06T05:02:17.628392+00:00,2026-07-06T05:02:17.628305,2,2,151.25,0.3,151.1,100,150.9,158,,,,,,,,,,,,,,,,,151.4,101,151.6,100,,,,,,,,,,,,,,,,
2026-07-06T05:02:18.533309+00:00,2026-07-06T05:02:18.533283,2,1,151.35,0.5,151.1,100,150.9,8,,,,,,,,,,,,,,,,,151.6,100,,,,,,,,,,,,,,,,,,
2026-07-06T05:02:18.587862+00:00,2026-07-06T05:02:18.587773,3,1,151.4,0.4,151.2,150,151.1,100,150.9,8,,,,,,,,,,,,,,,151.6,100,,,,,,,,,,,,,,,,,,
2026-07-06T05:02:18.608368+00:00,2026-07-06T05:02:18.608274,3,1,151.4,0.4,151.2,150,151.1,100,150.9,8,,,,,,,,,,,,,,,151.6,100,,,,,,,,,,,,,,,,,,
2026-07-06T05:02:18.640475+00:00,2026-07-06T05:02:18.640348,3,2,151.4,0.4,151.2,150,151.1,100,150.9,8,,,,,,,,,,,,,,,151.6,100,151.7,150,,,,,,,,,,,,,,,,
2026-07-06T05:02:19.201833+00:00,2026-07-06T05:02:19.201977,3,2,151.4,0.4,151.2,110,151.1,100,150.9,8,,,,,,,,,,,,,,,151.6,100,151.7,150,,,,,,,,,,,,,,,,
2026-07-06T05:02:19.706764+00:00,2026-07-06T05:02:19.706604,3,2,151.4,0.4,151.2,60,151.1,100,150.9,8,,,,,,,,,,,,,,,151.6,100,151.7,150,,,,,,,,,,,,,,,,
2026-07-06T05:02:20.682858+00:00,2026-07-06T05:02:20.682834,2,1,151.45,0.5,151.2,60,150.9,8,,,,,,,,,,,,,,,,,151.7,150,,,,,,,,,,,,,,,,,,
2026-07-06T05:02:20.738110+00:00,2026-07-06T05:02:20.737997,2,1,151.45,0.5,151.2,160,150.9,8,,,,,,,,,,,,,,,,,151.7,150,,,,,,,,,,,,,,,,,,
2026-07-06T05:02:20.790281+00:00,2026-07-06T05:02:20.790414,2,1,151.45,0.5,151.2,160,150.9,8,,,,,,,,,,,,,,,,,151.7,250,,,,,,,,,,,,,,,,,,
2026-07-06T05:02:20.869221+00:00,2026-07-06T05:02:20.869173,2,1,151.45,0.5,151.2,160,150.9,8,,,,,,,,,,,,,,,,,151.7,250,,,,,,,,,,,,,,,,,,
2026-07-06T05:02:21.376850+00:00,2026-07-06T05:02:21.376656,1,1,151.45,0.5,151.2,160,,,,,,,,,,,,,,,,,,,151.7,250,,,,,,,,,,,,,,,,,,
2026-07-06T05:02:21.381823+00:00,2026-07-06T05:02:21.381954,2,1,151.45,0.5,151.2,160,150.8,8,,,,,,,,,,,,,,,,,151.7,250,,,,,,,,,,,,,,,,,,
2026-07-06T05:02:21.694725+00:00,2026-07-06T05:02:21.694687,2,1,151.45,0.5,151.2,100,150.8,8,,,,,,,,,,,,,,,,,151.7,100,,,,,,,,,,,,,,,,,,
2026-07-06T05:02:21.758670+00:00,2026-07-06T05:02:21.752449,3,1,151.45,0.5,151.2,100,150.8,8,150.7,150,,,,,,,,,,,,,,,151.7,100,,,,,,,,,,,,,,,,,,
2026-07-06T05:02:21.804841+00:00,2026-07-06T05:02:21.804692,2,2,151.0,0.4,150.8,8,150.7,150,,,,,,,,,,,,,,,,,151.2,50,151.7,100,,,,,,,,,,,,,,,,
2026-07-06T05:02:21.815121+00:00,2026-07-06T05:02:21.815069,1,2,150.95,0.5,150.7,108,,,,,,,,,,,,,,,,,,,151.2,50,151.7,100,,,,,,,,,,,,,,,,
2026-07-06T05:02:21.888061+00:00,2026-07-06T05:02:21.887902,1,2,150.95,0.5,150.7,116,,,,,,,,,,,,,,,,,,,151.2,50,151.7,100,,,,,,,,,,,,,,,,
2026-07-06T05:02:21.893317+00:00,2026-07-06T05:02:21.893128,1,2,150.95,0.5,150.7,116,,,,,,,,,,,,,,,,,,,151.2,58,151.7,100,,,,,,,,,,,,,,,,
2026-07-06T05:02:23.844391+00:00,2026-07-06T05:02:23.844283,1,1,150.95,0.5,150.7,116,,,,,,,,,,,,,,,,,,,151.2,58,,,,,,,,,,,,,,,,,,
2026-07-06T05:02:23.893355+00:00,2026-07-06T05:02:23.893253,2,1,150.95,0.5,150.7,116,150.5,100,,,,,,,,,,,,,,,,,151.2,58,,,,,,,,,,,,,,,,,,
2026-07-06T05:02:23.904558+00:00,2026-07-06T05:02:23.904456,2,1,150.95,0.5,150.7,108,150.5,100,,,,,,,,,,,,,,,,,151.2,50,,,,,,,,,,,,,,,,,,
2026-07-06T05:02:23.909728+00:00,2026-07-06T05:02:23.909645,3,2,150.9,0.4,150.7,108,150.6,8,150.5,100,,,,,,,,,,,,,,,151.1,8,151.2,50,,,,,,,,,,,,,,,,
2026-07-06T05:02:23.926240+00:00,2026-07-06T05:02:23.926210,3,2,150.9,0.4,150.7,58,150.6,8,150.5,100,,,,,,,,,,,,,,,151.1,8,151.2,50,,,,,,,,,,,,,,,,
2026-07-06T05:02:23.946951+00:00,2026-07-06T05:02:23.947127,3,3,150.85,0.3,150.7,58,150.6,8,150.5,100,,,,,,,,,,,,,,,151.0,100,151.1,8,151.2,50,,,,,,,,,,,,,,
2026-07-06T05:02:24.158554+00:00,2026-07-06T05:02:24.156091,2,3,150.85,0.3,150.7,58,150.5,100,,,,,,,,,,,,,,,,,151.0,100,151.1,8,151.2,50,,,,,,,,,,,,,,
2026-07-06T05:02:24.169369+00:00,2026-07-06T05:02:24.169211,2,2,150.85,0.3,150.7,58,150.5,108,,,,,,,,,,,,,,,,,151.0,100,151.2,50,,,,,,,,,,,,,,,,
2026-07-06T05:02:24.174546+00:00,2026-07-06T05:02:24.174450,2,2,150.85,0.3,150.7,58,150.5,108,,,,,,,,,,,,,,,,,151.0,108,151.2,50,,,,,,,,,,,,,,,,
2026-07-06T05:02:24.861794+00:00,2026-07-06T05:02:24.861701,1,1,150.75,0.5,150.5,108,,,,,,,,,,,,,,,,,,,151.0,108,,,,,,,,,,,,,,,,,,
2026-07-06T05:02:24.918637+00:00,2026-07-06T05:02:24.918540,1,1,150.75,0.5,150.5,258,,,,,,,,,,,,,,,,,,,151.0,108,,,,,,,,,,,,,,,,,,
2026-07-06T05:02:24.974703+00:00,2026-07-06T05:02:24.974604,1,1,150.75,0.5,150.5,258,,,,,,,,,,,,,,,,,,,151.0,258,,,,,,,,,,,,,,,,,,
2026-07-06T05:02:25.992442+00:00,2026-07-06T05:02:25.992402,1,1,150.75,0.5,150.5,258,,,,,,,,,,,,,,,,,,,151.0,212,,,,,,,,,,,,,,,,,,
2026-07-06T05:02:26.036135+00:00,2026-07-06T05:02:26.036025,1,1,150.75,0.5,150.5,208,,,,,,,,,,,,,,,,,,,151.0,212,,,,,,,,,,,,,,,,,,
2026-07-06T05:02:26.964593+00:00,2026-07-06T05:02:26.964443,1,1,150.75,0.5,150.5,208,,,,,,,,,,,,,,,,,,,151.0,172,,,,,,,,,,,,,,,,,,
2026-07-06T05:02:27.004209+00:00,2026-07-06T05:02:27.004175,1,1,150.75,0.5,150.5,158,,,,,,,,,,,,,,,,,,,151.0,158,,,,,,,,,,,,,,,,,,
2026-07-06T05:02:27.059322+00:00,2026-07-06T05:02:27.059277,2,1,150.9,0.2,150.8,100,150.5,158,,,,,,,,,,,,,,,,,151.0,158,,,,,,,,,,,,,,,,,,
2026-07-06T05:02:27.111454+00:00,2026-07-06T05:02:27.111424,2,2,150.9,0.2,150.8,100,150.5,158,,,,,,,,,,,,,,,,,151.0,158,151.3,100,,,,,,,,,,,,,,,,
2026-07-06T05:02:27.681795+00:00,2026-07-06T05:02:27.681877,2,2,150.9,0.2,150.8,100,150.5,150,,,,,,,,,,,,,,,,,151.0,158,151.3,100,,,,,,,,,,,,,,,,
2026-07-06T05:02:27.687056+00:00,2026-07-06T05:02:27.687030,2,2,150.9,0.2,150.8,100,150.5,150,,,,,,,,,,,,,,,,,151.0,150,151.3,100,,,,,,,,,,,,,,,,
2026-07-06T05:02:27.692249+00:00,2026-07-06T05:02:27.692217,3,3,150.9,0.2,150.8,100,150.7,8,150.5,150,,,,,,,,,,,,,,,151.0,150,151.1,8,151.3,100,,,,,,,,,,,,,,
2026-07-06T05:02:28.007267+00:00,2026-07-06T05:02:28.007237,3,3,150.9,0.2,150.8,60,150.7,8,150.5,150,,,,,,,,,,,,,,,151.0,150,151.1,8,151.3,100,,,,,,,,,,,,,,
2026-07-06T05:02:28.028119+00:00,2026-07-06T05:02:28.028039,2,2,150.95,0.3,150.8,60,150.7,8,,,,,,,,,,,,,,,,,151.1,8,151.3,100,,,,,,,,,,,,,,,,
2026-07-06T05:02:28.082196+00:00,2026-07-06T05:02:28.082076,3,2,150.95,0.3,150.8,60,150.7,8,150.6,150,,,,,,,,,,,,,,,151.1,8,151.3,100,,,,,,,,,,,,,,,,
2026-07-06T05:02:28.135239+00:00,2026-07-06T05:02:28.135346,3,2,150.95,0.3,150.8,60,150.7,8,150.6,150,,,,,,,,,,,,,,,151.1,158,151.3,100,,,,,,,,,,,,,,,,
2026-07-06T05:02:28.174844+00:00,2026-07-06T05:02:28.174760,3,2,150.95,0.3,150.8,10,150.7,8,150.6,150,,,,,,,,,,,,,,,151.1,158,151.3,100,,,,,,,,,,,,,,,,
2026-07-06T05:02:28.579281+00:00,2026-07-06T05:02:28.579150,1,2,150.85,0.5,150.6,150,,,,,,,,,,,,,,,,,,,151.1,158,151.3,100,,,,,,,,,,,,,,,,
2026-07-06T05:02:29.111983+00:00,2026-07-06T05:02:29.112126,1,2,150.85,0.5,150.6,150,,,,,,,,,,,,,,,,,,,151.1,110,151.3,100,,,,,,,,,,,,,,,,
2026-07-06T05:02:30.158564+00:00,2026-07-06T05:02:30.157163,1,1,150.85,0.5,150.6,150,,,,,,,,,,,,,,,,,,,151.1,110,,,,,,,,,,,,,,,,,,
2026-07-06T05:02:30.216811+00:00,2026-07-06T05:02:30.216677,2,1,150.85,0.5,150.6,150,150.5,100,,,,,,,,,,,,,,,,,151.1,110,,,,,,,,,,,,,,,,,,
2026-07-06T05:02:30.271833+00:00,2026-07-06T05:02:30.271744,2,2,150.8,0.4,150.6,150,150.5,100,,,,,,,,,,,,,,,,,151.0,100,151.1,110,,,,,,,,,,,,,,,,
2026-07-06T05:02:30.277082+00:00,2026-07-06T05:02:30.276965,2,2,150.8,0.4,150.6,100,150.5,100,,,,,,,,,,,,,,,,,151.0,100,151.1,110,,,,,,,,,,,,,,,,
2026-07-06T05:02:30.847986+00:00,2026-07-06T05:02:30.848194,2,2,150.8,0.4,150.6,100,150.5,100,,,,,,,,,,,,,,,,,151.0,60,151.1,110,,,,,,,,,,,,,,,,
2026-07-06T05:02:31.188980+00:00,2026-07-06T05:02:31.188865,1,1,150.75,0.5,150.5,100,,,,,,,,,,,,,,,,,,,151.0,60,,,,,,,,,,,,,,,,,,
2026-07-06T05:02:31.243880+00:00,2026-07-06T05:02:31.243758,2,1,150.8,0.4,150.6,150,150.5,100,,,,,,,,,,,,,,,,,151.0,60,,,,,,,,,,,,,,,,,,
2026-07-06T05:02:31.296656+00:00,2026-07-06T05:02:31.296558,2,2,150.8,0.4,150.6,150,150.5,100,,,,,,,,,,,,,,,,,151.0,60,151.1,150,,,,,,,,,,,,,,,,
2026-07-06T05:02:31.347426+00:00,2026-07-06T05:02:31.347346,2,2,150.8,0.4,150.6,103,150.5,100,,,,,,,,,,,,,,,,,151.0,60,151.1,150,,,,,,,,,,,,,,,,
2026-07-06T05:02:32.358704+00:00,2026-07-06T05:02:32.354877,2,2,150.8,0.4,150.6,103,150.5,100,,,,,,,,,,,,,,,,,151.0,10,151.1,150,,,,,,,,,,,,,,,,
2026-07-06T05:02:33.234543+00:00,2026-07-06T05:02:33.234500,3,2,150.85,0.3,150.7,8,150.6,103,150.5,100,,,,,,,,,,,,,,,151.0,10,151.1,150,,,,,,,,,,,,,,,,
2026-07-06T05:02:33.239797+00:00,2026-07-06T05:02:33.239678,3,3,150.85,0.3,150.7,8,150.6,103,150.5,100,,,,,,,,,,,,,,,151.0,10,151.1,150,151.2,8,,,,,,,,,,,,,,
2026-07-06T05:02:33.325592+00:00,2026-07-06T05:02:33.325565,2,2,150.9,0.4,150.7,8,150.6,103,,,,,,,,,,,,,,,,,151.1,150,151.2,8,,,,,,,,,,,,,,,,
2026-07-06T05:02:33.380638+00:00,2026-07-06T05:02:33.380557,3,2,150.95,0.3,150.8,100,150.7,8,150.6,103,,,,,,,,,,,,,,,151.1,150,151.2,8,,,,,,,,,,,,,,,,
2026-07-06T05:02:33.433115+00:00,2026-07-06T05:02:33.433034,3,3,150.95,0.3,150.8,100,150.7,8,150.6,103,,,,,,,,,,,,,,,151.1,150,151.2,8,151.3,100,,,,,,,,,,,,,,
2026-07-06T05:02:33.727955+00:00,2026-07-06T05:02:33.727932,3,3,150.95,0.3,150.8,54,150.7,8,150.6,103,,,,,,,,,,,,,,,151.1,150,151.2,8,151.3,100,,,,,,,,,,,,,,
2026-07-06T05:02:34.346493+00:00,2026-07-06T05:02:34.346379,3,2,151.0,0.4,150.8,54,150.7,8,150.6,103,,,,,,,,,,,,,,,151.2,8,151.3,100,,,,,,,,,,,,,,,,
2026-07-06T05:02:34.351647+00:00,2026-07-06T05:02:34.351527,2,2,151.0,0.4,150.8,54,150.7,8,,,,,,,,,,,,,,,,,151.2,8,151.3,100,,,,,,,,,,,,,,,,
2026-07-06T05:02:34.405623+00:00,2026-07-06T05:02:34.405545,3,2,151.0,0.4,150.8,54,150.7,8,150.6,150,,,,,,,,,,,,,,,151.2,8,151.3,100,,,,,,,,,,,,,,,,
2026-07-06T05:02:34.458637+00:00,2026-07-06T05:02:34.452873,3,3,150.95,0.3,150.8,54,150.7,8,150.6,150,,,,,,,,,,,,,,,151.1,150,151.2,8,151.3,100,,,,,,,,,,,,,,
2026-07-06T05:02:34.469604+00:00,2026-07-06T05:02:34.469477,3,3,150.95,0.3,150.8,54,150.7,8,150.6,150,,,,,,,,,,,,,,,151.1,100,151.2,8,151.3,100,,,,,,,,,,,,,,
2026-07-06T05:02:34.497525+00:00,2026-07-06T05:02:34.497463,2,2,150.95,0.3,150.8,54,150.6,150,,,,,,,,,,,,,,,,,151.1,100,151.3,100,,,,,,,,,,,,,,,,
2026-07-06T05:02:34.502755+00:00,2026-07-06T05:02:34.502671,2,3,150.95,0.3,150.8,62,150.6,150,,,,,,,,,,,,,,,,,151.1,100,151.2,8,151.3,100,,,,,,,,,,,,,,
2026-07-06T05:02:35.758581+00:00,2026-07-06T05:02:35.757789,2,2,150.95,0.3,150.8,54,150.6,150,,,,,,,,,,,,,,,,,151.1,100,151.3,100,,,,,,,,,,,,,,,,
2026-07-06T05:02:35.769841+00:00,2026-07-06T05:02:35.769791,3,3,151.0,0.2,150.9,8,150.8,54,150.6,150,,,,,,,,,,,,,,,151.1,100,151.3,100,151.4,8,,,,,,,,,,,,,,
2026-07-06T05:02:36.167578+00:00,2026-07-06T05:02:36.167524,3,3,151.0,0.2,150.9,8,150.8,54,150.6,150,,,,,,,,,,,,,,,151.1,53,151.3,100,151.4,8,,,,,,,,,,,,,,
2026-07-06T05:02:36.481862+00:00,2026-07-06T05:02:36.481781,2,2,151.0,0.2,150.9,8,150.6,150,,,,,,,,,,,,,,,,,151.1,53,151.4,8,,,,,,,,,,,,,,,,
2026-07-06T05:02:36.536112+00:00,2026-07-06T05:02:36.536271,3,2,151.05,0.1,151.0,100,150.9,8,150.6,150,,,,,,,,,,,,,,,151.1,53,151.4,8,,,,,,,,,,,,,,,,
2026-07-06T05:02:36.573235+00:00,2026-07-06T05:02:36.569535,3,1,151.2,0.4,151.0,100,150.9,8,150.6,150,,,,,,,,,,,,,,,151.4,8,,,,,,,,,,,,,,,,,,
2026-07-06T05:02:36.588673+00:00,2026-07-06T05:02:36.588629,3,2,151.2,0.4,151.0,100,150.9,8,150.6,150,,,,,,,,,,,,,,,151.4,8,151.5,100,,,,,,,,,,,,,,,,
2026-07-06T05:02:36.777487+00:00,2026-07-06T05:02:36.777433,2,1,151.25,0.5,151.0,100,150.6,150,,,,,,,,,,,,,,,,,151.5,100,,,,,,,,,,,,,,,,,,
2026-07-06T05:02:36.782656+00:00,2026-07-06T05:02:36.782629,3,2,151.3,0.4,151.1,8,151.0,100,150.6,150,,,,,,,,,,,,,,,151.5,100,151.6,8,,,,,,,,,,,,,,,,
2026-07-06T05:02:37.310823+00:00,2026-07-06T05:02:37.310705,3,2,151.3,0.4,151.1,8,151.0,100,150.6,150,,,,,,,,,,,,,,,151.5,59,151.6,8,,,,,,,,,,,,,,,,
2026-07-06T05:02:37.511421+00:00,2026-07-06T05:02:37.511580,2,2,151.3,0.4,151.1,8,151.0,100,,,,,,,,,,,,,,,,,151.5,59,151.6,8,,,,,,,,,,,,,,,,
2026-07-06T05:02:37.540100+00:00,2026-07-06T05:02:37.540060,1,1,151.25,0.5,151.0,100,,,,,,,,,,,,,,,,,,,151.5,59,,,,,,,,,,,,,,,,,,
2026-07-06T05:02:37.545311+00:00,2026-07-06T05:02:37.545284,2,2,151.35,0.3,151.2,8,151.0,100,,,,,,,,,,,,,,,,,151.5,59,151.7,8,,,,,,,,,,,,,,,,
2026-07-06T05:02:37.564591+00:00,2026-07-06T05:02:37.564718,3,1,151.6,0.2,151.5,91,151.2,8,151.0,100,,,,,,,,,,,,,,,151.7,8,,,,,,,,,,,,,,,,,,
2026-07-06T05:02:37.575081+00:00,2026-07-06T05:02:37.568941,3,1,151.6,0.2,151.5,88,151.2,8,151.0,100,,,,,,,,,,,,,,,151.7,8,,,,,,,,,,,,,,,,,,
2026-07-06T05:02:37.616899+00:00,2026-07-06T05:02:37.616783,3,2,151.6,0.2,151.5,88,151.2,8,151.0,100,,,,,,,,,,,,,,,151.7,8,152.0,150,,,,,,,,,,,,,,,,
2026-07-06T05:02:37.810741+00:00,2026-07-06T05:02:37.810687,2,1,151.75,0.5,151.5,88,151.0,100,,,,,,,,,,,,,,,,,152.0,150,,,,,,,,,,,,,,,,,,
2026-07-06T05:02:37.816019+00:00,2026-07-06T05:02:37.815834,3,1,151.75,0.5,151.5,88,151.3,8,151.0,100,,,,,,,,,,,,,,,152.0,150,,,,,,,,,,,,,,,,,,
2026-07-06T05:02:37.821185+00:00,2026-07-06T05:02:37.821042,3,2,151.6,0.2,151.5,88,151.3,8,151.0,100,,,,,,,,,,,,,,,151.7,8,152.0,150,,,,,,,,,,,,,,,,
2026-07-06T05:02:37.926227+00:00,2026-07-06T05:02:37.926163,3,2,151.6,0.2,151.5,43,151.3,8,151.0,100,,,,,,,,,,,,,,,151.7,8,152.0,150,,,,,,,,,,,,,,,,
2026-07-06T05:02:38.178146+00:00,2026-07-06T05:02:38.172785,3,2,151.6,0.2,151.5,40,151.3,8,151.0,100,,,,,,,,,,,,,,,151.7,8,152.0,150,,,,,,,,,,,,,,,,
2026-07-06T05:02:38.326133+00:00,2026-07-06T05:02:38.326046,2,1,151.75,0.5,151.5,40,151.0,100,,,,,,,,,,,,,,,,,152.0,150,,,,,,,,,,,,,,,,,,
2026-07-06T05:02:38.331307+00:00,2026-07-06T05:02:38.331271,3,2,151.55,0.1,151.5,40,151.2,8,151.0,100,,,,,,,,,,,,,,,151.6,8,152.0,150,,,,,,,,,,,,,,,,
2026-07-06T05:02:38.685322+00:00,2026-07-06T05:02:38.685183,3,1,151.75,0.5,151.5,40,151.2,8,151.0,100,,,,,,,,,,,,,,,152.0,108,,,,,,,,,,,,,,,,,,
2026-07-06T05:02:38.840002+00:00,2026-07-06T05:02:38.839922,2,1,151.75,0.5,151.5,48,151.0,100,,,,,,,,,,,,,,,,,152.0,108,,,,,,,,,,,,,,,,,,
2026-07-06T05:02:39.648669+00:00,2026-07-06T05:02:39.648583,1,1,151.75,0.5,151.5,48,,,,,,,,,,,,,,,,,,,152.0,108,,,,,,,,,,,,,,,,,,
2026-07-06T05:02:39.701428+00:00,2026-07-06T05:02:39.701332,1,1,151.75,0.5,151.5,148,,,,,,,,,,,,,,,,,,,152.0,108,,,,,,,,,,,,,,,,,,
2026-07-06T05:02:39.758667+00:00,2026-07-06T05:02:39.750532,1,1,151.75,0.5,151.5,148,,,,,,,,,,,,,,,,,,,152.0,208,,,,,,,,,,,,,,,,,,
2026-07-06T05:02:40.670616+00:00,2026-07-06T05:02:40.670585,1,1,151.75,0.5,151.5,108,,,,,,,,,,,,,,,,,,,152.0,100,,,,,,,,,,,,,,,,,,
2026-07-06T05:02:40.726786+00:00,2026-07-06T05:02:40.726683,2,1,151.75,0.5,151.5,108,151.3,150,,,,,,,,,,,,,,,,,152.0,100,,,,,,,,,,,,,,,,,,
2026-07-06T05:02:40.779572+00:00,2026-07-06T05:02:40.779423,2,2,151.65,0.3,151.5,108,151.3,150,,,,,,,,,,,,,,,,,151.8,150,152.0,100,,,,,,,,,,,,,,,,
2026-07-06T05:02:40.858659+00:00,2026-07-06T05:02:40.854256,2,2,151.65,0.3,151.5,100,151.3,158,,,,,,,,,,,,,,,,,151.8,150,152.0,100,,,,,,,,,,,,,,,,
2026-07-06T05:02:40.871167+00:00,2026-07-06T05:02:40.871335,2,2,151.65,0.3,151.5,50,151.3,158,,,,,,,,,,,,,,,,,151.8,150,152.0,100,,,,,,,,,,,,,,,,
2026-07-06T05:02:41.158648+00:00,2026-07-06T05:02:41.152689,2,2,151.65,0.3,151.5,5,151.3,158,,,,,,,,,,,,,,,,,151.8,150,152.0,100,,,,,,,,,,,,,,,,
2026-07-06T05:02:41.658697+00:00,2026-07-06T05:02:41.655338,1,2,151.55,0.5,151.3,158,,,,,,,,,,,,,,,,,,,151.8,150,152.0,100,,,,,,,,,,,,,,,,
2026-07-06T05:02:42.113248+00:00,2026-07-06T05:02:42.113148,2,2,151.6,0.4,151.4,8,151.3,150,,,,,,,,,,,,,,,,,151.8,150,152.0,100,,,,,,,,,,,,,,,,
2026-07-06T05:02:42.809386+00:00,2026-07-06T05:02:42.809318,2,1,151.6,0.4,151.4,8,151.3,150,,,,,,,,,,,,,,,,,151.8,150,,,,,,,,,,,,,,,,,,
2026-07-06T05:02:42.858587+00:00,2026-07-06T05:02:42.857495,2,1,151.6,0.4,151.4,108,151.3,150,,,,,,,,,,,,,,,,,151.8,150,,,,,,,,,,,,,,,,,,
2026-07-06T05:02:42.914558+00:00,2026-07-06T05:02:42.914485,2,2,151.6,0.4,151.4,108,151.3,150,,,,,,,,,,,,,,,,,151.8,150,151.9,100,,,,,,,,,,,,,,,,
2026-07-06T05:02:43.858613+00:00,2026-07-06T05:02:43.851457,1,1,151.65,0.5,151.4,108,,,,,,,,,,,,,,,,,,,151.9,100,,,,,,,,,,,,,,,,,,
2026-07-06T05:02:43.910077+00:00,2026-07-06T05:02:43.910197,1,1,151.65,0.5,151.4,258,,,,,,,,,,,,,,,,,,,151.9,100,,,,,,,,,,,,,,,,,,
2026-07-06T05:02:43.964033+00:00,2026-07-06T05:02:43.963974,1,1,151.65,0.5,151.4,258,,,,,,,,,,,,,,,,,,,151.9,250,,,,,,,,,,,,,,,,,,
2026-07-06T05:02:44.118345+00:00,2026-07-06T05:02:44.118225,1,1,151.65,0.5,151.4,256,,,,,,,,,,,,,,,,,,,151.9,250,,,,,,,,,,,,,,,,,,
2026-07-06T05:02:45.958581+00:00,2026-07-06T05:02:45.957838,1,1,151.65,0.5,151.4,256,,,,,,,,,,,,,,,,,,,151.9,150,,,,,,,,,,,,,,,,,,
2026-07-06T05:02:45.969272+00:00,2026-07-06T05:02:45.969234,1,1,151.65,0.5,151.4,156,,,,,,,,,,,,,,,,,,,151.9,150,,,,,,,,,,,,,,,,,,
2026-07-06T05:02:46.019690+00:00,2026-07-06T05:02:46.019574,2,1,151.65,0.5,151.4,156,151.3,100,,,,,,,,,,,,,,,,,151.9,150,,,,,,,,,,,,,,,,,,
2026-07-06T05:02:46.075183+00:00,2026-07-06T05:02:46.075080,2,2,151.6,0.4,151.4,156,151.3,100,,,,,,,,,,,,,,,,,151.8,100,151.9,150,,,,,,,,,,,,,,,,
2026-07-06T05:02:46.870755+00:00,2026-07-06T05:02:46.870725,2,2,151.6,0.4,151.4,156,151.3,100,,,,,,,,,,,,,,,,,151.8,53,151.9,150,,,,,,,,,,,,,,,,
2026-07-06T05:02:47.018096+00:00,2026-07-06T05:02:47.018032,2,1,151.6,0.4,151.4,6,151.3,100,,,,,,,,,,,,,,,,,151.8,53,,,,,,,,,,,,,,,,,,
2026-07-06T05:02:47.072359+00:00,2026-07-06T05:02:47.072235,2,1,151.6,0.4,151.4,6,151.3,250,,,,,,,,,,,,,,,,,151.8,53,,,,,,,,,,,,,,,,,,
2026-07-06T05:02:47.119599+00:00,2026-07-06T05:02:47.119549,2,1,151.6,0.4,151.4,6,151.3,250,,,,,,,,,,,,,,,,,151.8,203,,,,,,,,,,,,,,,,,,
2026-07-06T05:02:47.124803+00:00,2026-07-06T05:02:47.124733,1,1,151.55,0.5,151.3,250,,,,,,,,,,,,,,,,,,,151.8,203,,,,,,,,,,,,,,,,,,
2026-07-06T05:02:47.129943+00:00,2026-07-06T05:02:47.129923,2,2,151.6,0.4,151.4,8,151.3,250,,,,,,,,,,,,,,,,,151.8,203,151.9,2,,,,,,,,,,,,,,,,
2026-07-06T05:02:48.516360+00:00,2026-07-06T05:02:48.516285,2,2,151.6,0.4,151.4,8,151.3,250,,,,,,,,,,,,,,,,,151.8,156,151.9,2,,,,,,,,,,,,,,,,
2026-07-06T05:02:49.129558+00:00,2026-07-06T05:02:49.129457,2,2,151.6,0.4,151.4,8,151.3,150,,,,,,,,,,,,,,,,,151.8,150,151.9,2,,,,,,,,,,,,,,,,
2026-07-06T05:02:49.184112+00:00,2026-07-06T05:02:49.184211,2,2,151.6,0.4,151.4,108,151.3,150,,,,,,,,,,,,,,,,,151.8,150,151.9,2,,,,,,,,,,,,,,,,
2026-07-06T05:02:49.245217+00:00,2026-07-06T05:02:49.245067,2,2,151.6,0.4,151.4,108,151.3,150,,,,,,,,,,,,,,,,,151.8,150,151.9,102,,,,,,,,,,,,,,,,
2026-07-06T05:02:49.250239+00:00,2026-07-06T05:02:49.250344,2,2,151.6,0.4,151.4,108,151.3,150,,,,,,,,,,,,,,,,,151.8,100,151.9,102,,,,,,,,,,,,,,,,
2026-07-06T05:02:50.132586+00:00,2026-07-06T05:02:50.132474,2,2,151.6,0.4,151.4,108,151.3,150,,,,,,,,,,,,,,,,,151.8,98,151.9,102,,,,,,,,,,,,,,,,
2026-07-06T05:02:50.177445+00:00,2026-07-06T05:02:50.177362,1,1,151.65,0.5,151.4,108,,,,,,,,,,,,,,,,,,,151.9,102,,,,,,,,,,,,,,,,,,
2026-07-06T05:02:50.232312+00:00,2026-07-06T05:02:50.232255,2,1,151.65,0.5,151.4,108,151.3,150,,,,,,,,,,,,,,,,,151.9,102,,,,,,,,,,,,,,,,,,
2026-07-06T05:02:50.285584+00:00,2026-07-06T05:02:50.285468,2,2,151.6,0.4,151.4,108,151.3,150,,,,,,,,,,,,,,,,,151.8,150,151.9,102,,,,,,,,,,,,,,,,
2026-07-06T05:02:50.393376+00:00,2026-07-06T05:02:50.393293,2,2,151.6,0.4,151.4,100,151.3,150,,,,,,,,,,,,,,,,,151.8,150,151.9,100,,,,,,,,,,,,,,,,
2026-07-06T05:02:50.398606+00:00,2026-07-06T05:02:50.398540,2,3,151.55,0.3,151.4,100,151.3,158,,,,,,,,,,,,,,,,,151.7,2,151.8,150,151.9,100,,,,,,,,,,,,,,
2026-07-06T05:02:50.581513+00:00,2026-07-06T05:02:50.581389,2,3,151.55,0.3,151.4,54,151.3,158,,,,,,,,,,,,,,,,,151.7,2,151.8,150,151.9,100,,,,,,,,,,,,,,
2026-07-06T05:02:51.416807+00:00,2026-07-06T05:02:51.416671,2,3,151.55,0.3,151.4,4,151.3,158,,,,,,,,,,,,,,,,,151.7,2,151.8,150,151.9,100,,,,,,,,,,,,,,
2026-07-06T05:02:52.328479+00:00,2026-07-06T05:02:52.328400,1,2,151.5,0.4,151.3,158,,,,,,,,,,,,,,,,,,,151.7,2,151.8,150,,,,,,,,,,,,,,,,
2026-07-06T05:02:52.386250+00:00,2026-07-06T05:02:52.386232,2,2,151.5,0.4,151.3,158,151.0,100,,,,,,,,,,,,,,,,,151.7,2,151.8,150,,,,,,,,,,,,,,,,
