recv_time,book_timestamp,n_bids,n_asks,mid,spread,bid_px_0,bid_vol_0,bid_px_1,bid_vol_1,bid_px_2,bid_vol_2,bid_px_3,bid_vol_3,bid_px_4,bid_vol_4,bid_px_5,bid_vol_5,bid_px_6,bid_vol_6,bid_px_7,bid_vol_7,bid_px_8,bid_vol_8,bid_px_9,bid_vol_9,ask_px_0,ask_vol_0,ask_px_1,ask_vol_1,ask_px_2,ask_vol_2,ask_px_3,ask_vol_3,ask_px_4,ask_vol_4,ask_px_5,ask_vol_5,ask_px_6,ask_vol_6,ask_px_7,ask_vol_7,ask_px_8,ask_vol_8,ask_px_9,ask_vol_9
2026-06-29T22:00:00.123283+00:00,2026-06-30T08:00:00.116229,1,1,131.15,0.5,130.9,100,,,,,,,,,,,,,,,,,,,131.4,50,,,,,,,,,,,,,,,,,,
2026-06-29T22:00:00.178532+00:00,2026-06-30T08:00:00.169532,2,1,131.3,0.2,131.2,150,130.9,100,,,,,,,,,,,,,,,,,131.4,50,,,,,,,,,,,,,,,,,,
2026-06-29T22:00:00.232304+00:00,2026-06-30T08:00:00.222244,2,2,131.3,0.2,131.2,150,130.9,100,,,,,,,,,,,,,,,,,131.4,50,131.7,150,,,,,,,,,,,,,,,,
2026-06-29T22:00:00.505158+00:00,2026-06-30T08:00:00.497156,2,2,131.3,0.2,131.2,100,130.9,100,,,,,,,,,,,,,,,,,131.4,50,131.7,150,,,,,,,,,,,,,,,,
2026-06-29T22:00:01.384077+00:00,2026-06-30T08:00:01.382077,2,1,131.45,0.5,131.2,100,130.9,100,,,,,,,,,,,,,,,,,131.7,150,,,,,,,,,,,,,,,,,,
2026-06-29T22:00:01.395124+00:00,2026-06-30T08:00:01.385078,1,1,131.45,0.5,131.2,100,,,,,,,,,,,,,,,,,,,131.7,150,,,,,,,,,,,,,,,,,,
2026-06-29T22:00:01.448494+00:00,2026-06-30T08:00:01.438042,2,1,131.45,0.5,131.2,100,131.1,100,,,,,,,,,,,,,,,,,131.7,150,,,,,,,,,,,,,,,,,,
2026-06-29T22:00:01.503273+00:00,2026-06-30T08:00:01.492227,2,2,131.4,0.4,131.2,100,131.1,100,,,,,,,,,,,,,,,,,131.6,100,131.7,150,,,,,,,,,,,,,,,,
2026-06-29T22:00:02.607924+00:00,2026-06-30T08:00:02.602876,2,2,131.4,0.4,131.2,50,131.1,100,,,,,,,,,,,,,,,,,131.6,100,131.7,150,,,,,,,,,,,,,,,,
2026-06-29T22:00:03.286428+00:00,2026-06-30T08:00:03.278427,1,1,131.35,0.5,131.1,100,,,,,,,,,,,,,,,,,,,131.6,100,,,,,,,,,,,,,,,,,,
2026-06-29T22:00:03.339855+00:00,2026-06-30T08:00:03.329793,2,1,131.35,0.5,131.1,100,130.8,150,,,,,,,,,,,,,,,,,131.6,100,,,,,,,,,,,,,,,,,,
2026-06-29T22:00:03.395180+00:00,2026-06-30T08:00:03.384119,2,2,131.2,0.2,131.1,100,130.8,150,,,,,,,,,,,,,,,,,131.3,150,131.6,100,,,,,,,,,,,,,,,,
2026-06-29T22:00:04.557649+00:00,2026-06-30T08:00:04.554618,2,1,131.2,0.2,131.1,100,130.8,150,,,,,,,,,,,,,,,,,131.3,150,,,,,,,,,,,,,,,,,,
2026-06-29T22:00:04.568266+00:00,2026-06-30T08:00:04.559693,1,1,131.05,0.5,130.8,150,,,,,,,,,,,,,,,,,,,131.3,150,,,,,,,,,,,,,,,,,,
2026-06-29T22:00:04.612043+00:00,2026-06-30T08:00:04.609043,2,1,131.25,0.1,131.2,100,130.8,150,,,,,,,,,,,,,,,,,131.3,150,,,,,,,,,,,,,,,,,,
2026-06-29T22:00:04.666912+00:00,2026-06-30T08:00:04.661912,2,2,131.25,0.1,131.2,100,130.8,150,,,,,,,,,,,,,,,,,131.3,150,131.7,100,,,,,,,,,,,,,,,,
2026-06-29T22:00:04.721296+00:00,2026-06-30T08:00:04.713233,2,2,131.25,0.1,131.2,50,130.8,150,,,,,,,,,,,,,,,,,131.3,150,131.7,100,,,,,,,,,,,,,,,,
2026-06-29T22:00:05.267122+00:00,2026-06-30T08:00:05.260122,2,3,131.25,0.1,131.2,53,130.8,150,,,,,,,,,,,,,,,,,131.3,150,131.5,2,131.7,100,,,,,,,,,,,,,,
2026-06-29T22:00:05.768361+00:00,2026-06-30T08:00:05.758802,2,3,131.25,0.1,131.2,53,130.8,150,,,,,,,,,,,,,,,,,131.3,109,131.5,2,131.7,100,,,,,,,,,,,,,,
2026-06-29T22:00:06.248408+00:00,2026-06-30T08:00:06.241864,2,3,131.25,0.1,131.2,53,130.8,150,,,,,,,,,,,,,,,,,131.3,65,131.5,2,131.7,100,,,,,,,,,,,,,,
2026-06-29T22:00:06.302306+00:00,2026-06-30T08:00:06.297296,2,3,131.25,0.1,131.2,10,130.8,150,,,,,,,,,,,,,,,,,131.3,65,131.5,2,131.7,100,,,,,,,,,,,,,,
2026-06-29T22:00:06.444219+00:00,2026-06-30T08:00:06.442218,1,2,131.35,0.3,131.2,10,,,,,,,,,,,,,,,,,,,131.5,1,131.7,100,,,,,,,,,,,,,,,,
2026-06-29T22:00:06.497578+00:00,2026-06-30T08:00:06.493526,1,2,131.35,0.3,131.2,160,,,,,,,,,,,,,,,,,,,131.5,1,131.7,100,,,,,,,,,,,,,,,,
2026-06-29T22:00:06.551869+00:00,2026-06-30T08:00:06.544820,1,2,131.35,0.3,131.2,160,,,,,,,,,,,,,,,,,,,131.5,1,131.7,250,,,,,,,,,,,,,,,,
2026-06-29T22:00:06.617706+00:00,2026-06-30T08:00:06.614160,1,1,131.45,0.5,131.2,160,,,,,,,,,,,,,,,,,,,131.7,250,,,,,,,,,,,,,,,,,,
2026-06-29T22:00:06.825321+00:00,2026-06-30T08:00:06.824321,1,1,131.45,0.5,131.2,110,,,,,,,,,,,,,,,,,,,131.7,250,,,,,,,,,,,,,,,,,,
2026-06-29T22:00:06.899864+00:00,2026-06-30T08:00:06.888913,1,1,131.45,0.5,131.2,110,,,,,,,,,,,,,,,,,,,131.7,208,,,,,,,,,,,,,,,,,,
2026-06-29T22:00:07.717550+00:00,2026-06-30T08:00:07.715550,1,1,131.45,0.5,131.2,110,,,,,,,,,,,,,,,,,,,131.7,150,,,,,,,,,,,,,,,,,,
2026-06-29T22:00:07.770978+00:00,2026-06-30T08:00:07.768978,2,1,131.45,0.5,131.2,110,131.0,100,,,,,,,,,,,,,,,,,131.7,150,,,,,,,,,,,,,,,,,,
2026-06-29T22:00:07.826286+00:00,2026-06-30T08:00:07.823286,2,2,131.35,0.3,131.2,110,131.0,100,,,,,,,,,,,,,,,,,131.5,100,131.7,150,,,,,,,,,,,,,,,,
2026-06-29T22:00:07.936055+00:00,2026-06-30T08:00:07.933055,2,2,131.35,0.3,131.2,110,131.0,100,,,,,,,,,,,,,,,,,131.5,59,131.7,150,,,,,,,,,,,,,,,,
2026-06-29T22:00:08.468618+00:00,2026-06-30T08:00:08.466030,2,2,131.35,0.3,131.2,66,131.0,100,,,,,,,,,,,,,,,,,131.5,59,131.7,150,,,,,,,,,,,,,,,,
2026-06-29T22:00:08.546073+00:00,2026-06-30T08:00:08.541073,2,2,131.35,0.3,131.2,66,131.0,100,,,,,,,,,,,,,,,,,131.5,60,131.7,150,,,,,,,,,,,,,,,,
2026-06-29T22:00:08.937294+00:00,2026-06-30T08:00:08.930238,2,2,131.35,0.3,131.2,16,131.0,100,,,,,,,,,,,,,,,,,131.5,60,131.7,150,,,,,,,,,,,,,,,,
2026-06-29T22:00:09.001794+00:00,2026-06-30T08:00:08.992731,2,2,131.35,0.3,131.2,16,131.0,100,,,,,,,,,,,,,,,,,131.5,59,131.7,150,,,,,,,,,,,,,,,,
2026-06-29T22:00:09.547951+00:00,2026-06-30T08:00:09.540392,1,2,131.25,0.5,131.0,76,,,,,,,,,,,,,,,,,,,131.5,59,131.7,150,,,,,,,,,,,,,,,,
2026-06-29T22:00:09.602791+00:00,2026-06-30T08:00:09.599792,1,1,131.25,0.5,131.0,76,,,,,,,,,,,,,,,,,,,131.5,59,,,,,,,,,,,,,,,,,,
2026-06-29T22:00:09.657198+00:00,2026-06-30T08:00:09.653169,2,1,131.25,0.5,131.0,76,130.5,150,,,,,,,,,,,,,,,,,131.5,59,,,,,,,,,,,,,,,,,,
2026-06-29T22:00:09.733444+00:00,2026-06-30T08:00:09.724324,1,2,130.75,0.5,130.5,150,,,,,,,,,,,,,,,,,,,131.0,74,131.5,59,,,,,,,,,,,,,,,,
2026-06-29T22:00:09.787970+00:00,2026-06-30T08:00:09.780882,1,2,130.75,0.5,130.5,150,,,,,,,,,,,,,,,,,,,131.0,69,131.5,59,,,,,,,,,,,,,,,,
2026-06-29T22:00:09.897647+00:00,2026-06-30T08:00:09.891102,1,2,130.75,0.5,130.5,150,,,,,,,,,,,,,,,,,,,131.0,64,131.5,59,,,,,,,,,,,,,,,,
2026-06-29T22:00:10.060041+00:00,2026-06-30T08:00:10.050995,1,2,130.75,0.5,130.5,150,,,,,,,,,,,,,,,,,,,131.0,59,131.5,59,,,,,,,,,,,,,,,,
2026-06-29T22:00:10.517439+00:00,2026-06-30T08:00:10.514440,1,2,130.75,0.5,130.5,150,,,,,,,,,,,,,,,,,,,131.0,54,131.5,59,,,,,,,,,,,,,,,,
2026-06-29T22:00:10.809864+00:00,2026-06-30T08:00:10.801801,1,2,130.75,0.5,130.5,150,,,,,,,,,,,,,,,,,,,131.0,49,131.5,59,,,,,,,,,,,,,,,,
2026-06-29T22:00:10.887291+00:00,2026-06-30T08:00:10.878291,1,1,130.75,0.5,130.5,150,,,,,,,,,,,,,,,,,,,131.0,49,,,,,,,,,,,,,,,,,,
2026-06-29T22:00:10.940693+00:00,2026-06-30T08:00:10.932638,2,1,130.8,0.4,130.6,100,130.5,150,,,,,,,,,,,,,,,,,131.0,49,,,,,,,,,,,,,,,,,,
2026-06-29T22:00:10.995079+00:00,2026-06-30T08:00:10.988068,2,1,130.85,0.5,130.6,100,130.5,150,,,,,,,,,,,,,,,,,131.1,100,,,,,,,,,,,,,,,,,,
2026-06-29T22:00:11.059040+00:00,2026-06-30T08:00:11.050475,2,1,130.85,0.5,130.6,100,130.5,150,,,,,,,,,,,,,,,,,131.1,95,,,,,,,,,,,,,,,,,,
2026-06-29T22:00:11.538812+00:00,2026-06-30T08:00:11.537244,2,2,130.85,0.5,130.6,100,130.5,150,,,,,,,,,,,,,,,,,131.1,90,131.4,1,,,,,,,,,,,,,,,,
2026-06-29T22:00:11.648028+00:00,2026-06-30T08:00:11.645469,2,1,130.85,0.5,130.6,100,130.5,150,,,,,,,,,,,,,,,,,131.1,85,,,,,,,,,,,,,,,,,,
2026-06-29T22:00:12.783172+00:00,2026-06-30T08:00:12.776103,1,1,130.85,0.5,130.6,100,,,,,,,,,,,,,,,,,,,131.1,85,,,,,,,,,,,,,,,,,,
2026-06-29T22:00:12.837502+00:00,2026-06-30T08:00:12.828475,2,0,,,131.1,65,130.6,100,,,,,,,,,,,,,,,,,,,,,,,,,,,,,,,,,,,,
2026-06-29T22:00:12.891863+00:00,2026-06-30T08:00:12.881813,2,1,131.35,0.5,131.1,65,130.6,100,,,,,,,,,,,,,,,,,131.6,150,,,,,,,,,,,,,,,,,,
2026-06-29T22:00:13.153328+00:00,2026-06-30T08:00:13.144266,2,1,131.35,0.5,131.1,15,130.6,100,,,,,,,,,,,,,,,,,131.6,150,,,,,,,,,,,,,,,,,,
2026-06-29T22:00:13.306309+00:00,2026-06-30T08:00:13.305309,1,1,131.1,1.0,130.6,100,,,,,,,,,,,,,,,,,,,131.6,150,,,,,,,,,,,,,,,,,,
2026-06-29T22:00:14.047230+00:00,2026-06-30T08:00:14.041184,0,1,,,,,,,,,,,,,,,,,,,,,,,131.6,150,,,,,,,,,,,,,,,,,,
2026-06-29T22:00:14.101096+00:00,2026-06-30T08:00:14.094034,1,1,131.25,0.7,130.9,100,,,,,,,,,,,,,,,,,,,131.6,150,,,,,,,,,,,,,,,,,,
2026-06-29T22:00:14.156426+00:00,2026-06-30T08:00:14.147416,1,2,131.15,0.5,130.9,100,,,,,,,,,,,,,,,,,,,131.4,100,131.6,150,,,,,,,,,,,,,,,,
2026-06-29T22:00:15.288044+00:00,2026-06-30T08:00:15.282476,1,2,131.15,0.5,130.9,100,,,,,,,,,,,,,,,,,,,131.4,60,131.6,150,,,,,,,,,,,,,,,,
2026-06-29T22:00:15.940928+00:00,2026-06-30T08:00:15.936864,1,1,131.15,0.5,130.9,100,,,,,,,,,,,,,,,,,,,131.4,60,,,,,,,,,,,,,,,,,,
2026-06-29T22:00:15.996242+00:00,2026-06-30T08:00:15.990242,2,1,131.15,0.5,130.9,100,130.5,150,,,,,,,,,,,,,,,,,131.4,60,,,,,,,,,,,,,,,,,,
2026-06-29T22:00:16.048672+00:00,2026-06-30T08:00:16.043114,2,2,130.95,0.1,130.9,100,130.5,150,,,,,,,,,,,,,,,,,131.0,150,131.4,60,,,,,,,,,,,,,,,,
2026-06-29T22:00:16.658801+00:00,2026-06-30T08:00:16.648369,2,2,130.95,0.1,130.9,100,130.5,150,,,,,,,,,,,,,,,,,131.0,145,131.4,60,,,,,,,,,,,,,,,,
2026-06-29T22:00:16.877216+00:00,2026-06-30T08:00:16.871217,2,2,130.95,0.1,130.9,100,130.5,150,,,,,,,,,,,,,,,,,131.0,140,131.4,60,,,,,,,,,,,,,,,,
2026-06-29T22:00:16.908994+00:00,2026-06-30T08:00:16.903435,2,2,130.95,0.1,130.9,100,130.5,150,,,,,,,,,,,,,,,,,131.0,100,131.4,60,,,,,,,,,,,,,,,,
2026-06-29T22:00:17.205863+00:00,2026-06-30T08:00:17.203862,1,1,130.75,0.5,130.5,150,,,,,,,,,,,,,,,,,,,131.0,100,,,,,,,,,,,,,,,,,,
2026-06-29T22:00:17.260235+00:00,2026-06-30T08:00:17.258235,1,0,,,130.5,150,,,,,,,,,,,,,,,,,,,,,,,,,,,,,,,,,,,,,,
2026-06-29T22:00:17.315564+00:00,2026-06-30T08:00:17.311564,1,1,131.05,1.1,130.5,150,,,,,,,,,,,,,,,,,,,131.6,100,,,,,,,,,,,,,,,,,,
2026-06-29T22:00:17.642251+00:00,2026-06-30T08:00:17.637241,2,1,131.3,0.6,131.0,4,130.5,150,,,,,,,,,,,,,,,,,131.6,100,,,,,,,,,,,,,,,,,,
2026-06-29T22:00:19.102015+00:00,2026-06-30T08:00:19.095952,1,1,131.3,0.6,131.0,4,,,,,,,,,,,,,,,,,,,131.6,100,,,,,,,,,,,,,,,,,,
2026-06-29T22:00:19.157328+00:00,2026-06-30T08:00:19.149328,2,1,131.35,0.5,131.1,150,131.0,4,,,,,,,,,,,,,,,,,131.6,100,,,,,,,,,,,,,,,,,,
2026-06-29T22:00:19.210769+00:00,2026-06-30T08:00:19.201706,2,1,131.35,0.5,131.1,150,131.0,4,,,,,,,,,,,,,,,,,131.6,250,,,,,,,,,,,,,,,,,,
2026-06-29T22:00:19.417660+00:00,2026-06-30T08:00:19.408632,2,1,131.35,0.5,131.1,150,131.0,4,,,,,,,,,,,,,,,,,131.6,200,,,,,,,,,,,,,,,,,,
2026-06-29T22:00:19.710687+00:00,2026-06-30T08:00:19.701622,2,1,131.35,0.5,131.1,150,131.0,3,,,,,,,,,,,,,,,,,131.6,200,,,,,,,,,,,,,,,,,,
2026-06-29T22:00:20.369801+00:00,2026-06-30T08:00:20.364738,2,1,131.35,0.5,131.1,150,131.0,3,,,,,,,,,,,,,,,,,131.6,150,,,,,,,,,,,,,,,,,,
2026-06-29T22:00:20.424347+00:00,2026-06-30T08:00:20.419347,3,1,131.35,0.5,131.1,150,131.0,3,130.9,100,,,,,,,,,,,,,,,131.6,150,,,,,,,,,,,,,,,,,,
2026-06-29T22:00:20.478223+00:00,2026-06-30T08:00:20.471664,3,2,131.25,0.3,131.1,150,131.0,3,130.9,100,,,,,,,,,,,,,,,131.4,100,131.6,150,,,,,,,,,,,,,,,,
2026-06-29T22:00:20.641859+00:00,2026-06-30T08:00:20.634773,3,2,131.25,0.3,131.1,150,131.0,1,130.9,100,,,,,,,,,,,,,,,131.4,100,131.6,150,,,,,,,,,,,,,,,,
2026-06-29T22:00:21.010763+00:00,2026-06-30T08:00:21.001702,2,2,131.25,0.3,131.1,150,130.9,100,,,,,,,,,,,,,,,,,131.4,100,131.6,150,,,,,,,,,,,,,,,,
2026-06-29T22:00:21.518150+00:00,2026-06-30T08:00:21.515581,2,2,131.25,0.3,131.1,150,130.9,100,,,,,,,,,,,,,,,,,131.4,50,131.6,150,,,,,,,,,,,,,,,,
2026-06-29T22:00:21.747620+00:00,2026-06-30T08:00:21.741620,2,3,131.2,0.2,131.1,150,130.9,100,,,,,,,,,,,,,,,,,131.3,6,131.4,50,131.6,150,,,,,,,,,,,,,,
2026-06-29T22:00:21.857346+00:00,2026-06-30T08:00:21.853337,2,2,131.25,0.3,131.1,150,130.9,100,,,,,,,,,,,,,,,,,131.4,50,131.6,150,,,,,,,,,,,,,,,,
2026-06-29T22:00:21.967080+00:00,2026-06-30T08:00:21.957008,2,3,131.2,0.2,131.1,150,130.9,100,,,,,,,,,,,,,,,,,131.3,6,131.4,50,131.6,150,,,,,,,,,,,,,,
2026-06-29T22:00:22.258584+00:00,2026-06-30T08:00:22.256024,1,2,131.1,0.4,130.9,100,,,,,,,,,,,,,,,,,,,131.3,6,131.4,50,,,,,,,,,,,,,,,,
2026-06-29T22:00:22.269666+00:00,2026-06-30T08:00:22.263603,1,2,131.1,0.4,130.9,100,,,,,,,,,,,,,,,,,,,131.3,5,131.4,50,,,,,,,,,,,,,,,,
2026-06-29T22:00:22.313910+00:00,2026-06-30T08:00:22.308910,2,2,131.15,0.3,131.0,150,130.9,100,,,,,,,,,,,,,,,,,131.3,5,131.4,50,,,,,,,,,,,,,,,,
2026-06-29T22:00:22.367803+00:00,2026-06-30T08:00:22.361244,2,3,131.15,0.3,131.0,150,130.9,100,,,,,,,,,,,,,,,,,131.3,5,131.4,50,131.5,150,,,,,,,,,,,,,,
2026-06-29T22:00:23.075513+00:00,2026-06-30T08:00:23.071513,2,3,131.15,0.3,131.0,150,130.9,100,,,,,,,,,,,,,,,,,131.3,4,131.4,50,131.5,150,,,,,,,,,,,,,,
2026-06-29T22:00:23.529107+00:00,2026-06-30T08:00:23.528594,1,2,131.15,0.3,131.0,150,,,,,,,,,,,,,,,,,,,131.3,4,131.5,150,,,,,,,,,,,,,,,,
2026-06-29T22:00:23.584463+00:00,2026-06-30T08:00:23.580463,1,2,131.15,0.3,131.0,250,,,,,,,,,,,,,,,,,,,131.3,4,131.5,150,,,,,,,,,,,,,,,,
2026-06-29T22:00:23.649933+00:00,2026-06-30T08:00:23.648933,1,1,131.25,0.5,131.0,250,,,,,,,,,,,,,,,,,,,131.5,204,,,,,,,,,,,,,,,,,,
2026-06-29T22:00:23.683132+00:00,2026-06-30T08:00:23.682140,1,2,131.15,0.3,131.0,250,,,,,,,,,,,,,,,,,,,131.3,6,131.5,204,,,,,,,,,,,,,,,,
2026-06-29T22:00:24.456274+00:00,2026-06-30T08:00:24.453274,1,2,131.15,0.3,131.0,250,,,,,,,,,,,,,,,,,,,131.3,5,131.5,204,,,,,,,,,,,,,,,,
2026-06-29T22:00:24.607273+00:00,2026-06-30T08:00:24.604227,1,2,131.15,0.3,131.0,201,,,,,,,,,,,,,,,,,,,131.3,5,131.5,204,,,,,,,,,,,,,,,,
2026-06-29T22:00:25.133864+00:00,2026-06-30T08:00:25.124793,1,1,131.25,0.5,131.0,201,,,,,,,,,,,,,,,,,,,131.5,165,,,,,,,,,,,,,,,,,,
2026-06-29T22:00:25.187731+00:00,2026-06-30T08:00:25.178171,1,1,131.25,0.5,131.0,152,,,,,,,,,,,,,,,,,,,131.5,165,,,,,,,,,,,,,,,,,,
2026-06-29T22:00:25.424279+00:00,2026-06-30T08:00:25.417269,1,1,131.25,0.5,131.0,100,,,,,,,,,,,,,,,,,,,131.5,100,,,,,,,,,,,,,,,,,,
2026-06-29T22:00:25.478162+00:00,2026-06-30T08:00:25.471603,2,1,131.25,0.5,131.0,100,130.9,150,,,,,,,,,,,,,,,,,131.5,100,,,,,,,,,,,,,,,,,,
2026-06-29T22:00:25.533014+00:00,2026-06-30T08:00:25.523958,2,2,131.2,0.4,131.0,100,130.9,150,,,,,,,,,,,,,,,,,131.4,150,131.5,100,,,,,,,,,,,,,,,,
2026-06-29T22:00:25.758030+00:00,2026-06-30T08:00:25.751461,2,2,131.2,0.4,131.0,100,130.9,150,,,,,,,,,,,,,,,,,131.4,100,131.5,100,,,,,,,,,,,,,,,,
2026-06-29T22:00:26.705434+00:00,2026-06-30T08:00:26.698435,1,1,131.15,0.5,130.9,150,,,,,,,,,,,,,,,,,,,131.4,100,,,,,,,,,,,,,,,,,,
2026-06-29T22:00:26.758809+00:00,2026-06-30T08:00:26.752241,2,1,131.25,0.3,131.1,100,130.9,150,,,,,,,,,,,,,,,,,131.4,100,,,,,,,,,,,,,,,,,,
2026-06-29T22:00:26.814168+00:00,2026-06-30T08:00:26.806078,2,2,131.25,0.3,131.1,100,130.9,150,,,,,,,,,,,,,,,,,131.4,100,131.6,100,,,,,,,,,,,,,,,,
2026-06-29T22:00:27.867302+00:00,2026-06-30T08:00:27.857335,2,2,131.25,0.3,131.1,100,130.9,150,,,,,,,,,,,,,,,,,131.4,50,131.6,100,,,,,,,,,,,,,,,,
2026-06-29T22:00:28.443233+00:00,2026-06-30T08:00:28.439233,2,2,131.25,0.3,131.1,100,130.9,150,,,,,,,,,,,,,,,,,131.4,1,131.6,100,,,,,,,,,,,,,,,,
2026-06-29T22:00:28.498114+00:00,2026-06-30T08:00:28.493554,2,2,131.25,0.3,131.1,55,130.9,150,,,,,,,,,,,,,,,,,131.4,1,131.6,100,,,,,,,,,,,,,,,,
2026-06-29T22:00:28.586153+00:00,2026-06-30T08:00:28.578153,1,1,131.35,0.5,131.1,55,,,,,,,,,,,,,,,,,,,131.6,100,,,,,,,,,,,,,,,,,,
2026-06-29T22:00:28.638534+00:00,2026-06-30T08:00:28.632975,2,0,,,131.6,50,131.1,55,,,,,,,,,,,,,,,,,,,,,,,,,,,,,,,,,,,,
2026-06-29T22:00:28.693883+00:00,2026-06-30T08:00:28.685820,2,1,131.85,0.5,131.6,50,131.1,55,,,,,,,,,,,,,,,,,132.1,150,,,,,,,,,,,,,,,,,,
2026-06-29T22:00:29.867208+00:00,2026-06-30T08:00:29.860199,1,1,131.85,0.5,131.6,50,,,,,,,,,,,,,,,,,,,132.1,150,,,,,,,,,,,,,,,,,,
2026-06-29T22:00:29.921145+00:00,2026-06-30T08:00:29.913082,2,1,131.85,0.5,131.6,50,131.3,100,,,,,,,,,,,,,,,,,132.1,150,,,,,,,,,,,,,,,,,,
2026-06-29T22:00:29.976477+00:00,2026-06-30T08:00:29.969476,2,2,131.7,0.2,131.6,50,131.3,100,,,,,,,,,,,,,,,,,131.8,100,132.1,100,,,,,,,,,,,,,,,,
2026-06-29T22:00:31.745083+00:00,2026-06-30T08:00:31.741083,1,1,131.55,0.5,131.3,100,,,,,,,,,,,,,,,,,,,131.8,100,,,,,,,,,,,,,,,,,,
2026-06-29T22:00:31.797979+00:00,2026-06-30T08:00:31.793420,2,1,131.65,0.3,131.5,150,131.3,100,,,,,,,,,,,,,,,,,131.8,100,,,,,,,,,,,,,,,,,,
2026-06-29T22:00:31.852822+00:00,2026-06-30T08:00:31.846750,2,2,131.65,0.3,131.5,150,131.3,100,,,,,,,,,,,,,,,,,131.8,100,132.0,150,,,,,,,,,,,,,,,,
2026-06-29T22:00:32.080878+00:00,2026-06-30T08:00:32.072816,2,2,131.65,0.3,131.5,150,131.3,100,,,,,,,,,,,,,,,,,131.8,50,132.0,150,,,,,,,,,,,,,,,,
2026-06-29T22:00:32.168458+00:00,2026-06-30T08:00:32.164899,3,2,131.65,0.3,131.5,150,131.3,100,131.2,5,,,,,,,,,,,,,,,131.8,50,132.0,150,,,,,,,,,,,,,,,,
2026-06-29T22:00:33.027111+00:00,2026-06-30T08:00:33.025111,2,1,131.75,0.5,131.5,150,131.2,5,,,,,,,,,,,,,,,,,132.0,150,,,,,,,,,,,,,,,,,,
2026-06-29T22:00:33.080050+00:00,2026-06-30T08:00:33.078011,3,1,131.75,0.5,131.5,150,131.4,100,131.2,5,,,,,,,,,,,,,,,132.0,150,,,,,,,,,,,,,,,,,,
2026-06-29T22:00:33.135362+00:00,2026-06-30T08:00:33.130362,3,2,131.7,0.4,131.5,150,131.4,100,131.2,5,,,,,,,,,,,,,,,131.9,100,132.0,150,,,,,,,,,,,,,,,,
2026-06-29T22:00:33.385046+00:00,2026-06-30T08:00:33.379046,3,2,131.7,0.4,131.5,150,131.4,100,131.2,4,,,,,,,,,,,,,,,131.9,100,132.0,150,,,,,,,,,,,,,,,,
2026-06-29T22:00:33.939823+00:00,2026-06-30T08:00:33.938822,3,2,131.7,0.4,131.5,150,131.4,100,131.2,3,,,,,,,,,,,,,,,131.9,100,132.0,150,,,,,,,,,,,,,,,,
2026-06-29T22:00:34.234220+00:00,2026-06-30T08:00:34.230220,3,2,131.7,0.4,131.5,100,131.4,100,131.2,3,,,,,,,,,,,,,,,131.9,100,132.0,150,,,,,,,,,,,,,,,,
2026-06-29T22:00:34.548844+00:00,2026-06-30T08:00:34.542284,3,2,131.7,0.4,131.5,100,131.4,100,131.2,1,,,,,,,,,,,,,,,131.9,100,132.0,150,,,,,,,,,,,,,,,,
2026-06-29T22:00:34.907247+00:00,2026-06-30T08:00:34.901204,2,1,131.65,0.5,131.4,100,131.2,1,,,,,,,,,,,,,,,,,131.9,100,,,,,,,,,,,,,,,,,,
2026-06-29T22:00:34.961183+00:00,2026-06-30T08:00:34.953106,2,1,131.65,0.5,131.4,100,131.2,151,,,,,,,,,,,,,,,,,131.9,100,,,,,,,,,,,,,,,,,,
2026-06-29T22:00:35.016048+00:00,2026-06-30T08:00:35.005979,2,2,131.55,0.3,131.4,100,131.2,151,,,,,,,,,,,,,,,,,131.7,150,131.9,100,,,,,,,,,,,,,,,,
2026-06-29T22:00:35.409867+00:00,2026-06-30T08:00:35.401805,2,2,131.55,0.3,131.4,100,131.2,151,,,,,,,,,,,,,,,,,131.7,108,131.9,100,,,,,,,,,,,,,,,,
2026-06-29T22:00:35.999648+00:00,2026-06-30T08:00:35.996544,2,2,131.55,0.3,131.4,52,131.2,151,,,,,,,,,,,,,,,,,131.7,108,131.9,100,,,,,,,,,,,,,,,,
2026-06-29T22:00:36.186262+00:00,2026-06-30T08:00:36.184262,2,1,131.55,0.3,131.4,52,131.2,151,,,,,,,,,,,,,,,,,131.7,108,,,,,,,,,,,,,,,,,,
2026-06-29T22:00:36.197311+00:00,2026-06-30T08:00:36.186262,1,1,131.45,0.5,131.2,151,,,,,,,,,,,,,,,,,,,131.7,108,,,,,,,,,,,,,,,,,,
2026-06-29T22:00:36.250644+00:00,2026-06-30T08:00:36.240596,2,1,131.45,0.5,131.2,151,131.1,100,,,,,,,,,,,,,,,,,131.7,108,,,,,,,,,,,,,,,,,,
2026-06-29T22:00:36.294837+00:00,2026-06-30T08:00:36.293837,2,2,131.4,0.4,131.2,151,131.1,100,,,,,,,,,,,,,,,,,131.6,100,131.7,108,,,,,,,,,,,,,,,,
2026-06-29T22:00:36.361201+00:00,2026-06-30T08:00:36.354151,2,2,131.4,0.4,131.2,101,131.1,100,,,,,,,,,,,,,,,,,131.6,100,131.7,108,,,,,,,,,,,,,,,,
2026-06-29T22:00:38.276503+00:00,2026-06-30T08:00:38.274503,1,1,131.35,0.5,131.1,100,,,,,,,,,,,,,,,,,,,131.6,105,,,,,,,,,,,,,,,,,,
2026-06-29T22:00:38.341981+00:00,2026-06-30T08:00:38.335917,2,1,131.35,0.5,131.1,100,131.0,150,,,,,,,,,,,,,,,,,131.6,105,,,,,,,,,,,,,,,,,,
2026-06-29T22:00:38.397289+00:00,2026-06-30T08:00:38.387279,2,2,131.3,0.4,131.1,100,131.0,150,,,,,,,,,,,,,,,,,131.5,150,131.6,105,,,,,,,,,,,,,,,,
2026-06-29T22:00:38.440150+00:00,2026-06-30T08:00:38.434087,3,2,131.4,0.2,131.3,1,131.1,100,131.0,150,,,,,,,,,,,,,,,131.5,150,131.6,105,,,,,,,,,,,,,,,,
2026-06-29T22:00:39.558564+00:00,2026-06-30T08:00:39.554004,2,2,131.4,0.2,131.3,1,131.0,150,,,,,,,,,,,,,,,,,131.5,150,131.6,5,,,,,,,,,,,,,,,,
2026-06-29T22:00:39.569639+00:00,2026-06-30T08:00:39.562574,1,2,131.25,0.5,131.0,110,,,,,,,,,,,,,,,,,,,131.5,150,131.6,5,,,,,,,,,,,,,,,,
2026-06-29T22:00:39.602828+00:00,2026-06-30T08:00:39.599828,2,2,131.3,0.4,131.1,100,131.0,110,,,,,,,,,,,,,,,,,131.5,150,131.6,5,,,,,,,,,,,,,,,,
2026-06-29T22:00:39.636014+00:00,2026-06-30T08:00:39.634015,2,2,131.3,0.4,131.1,100,131.0,110,,,,,,,,,,,,,,,,,131.5,150,131.6,105,,,,,,,,,,,,,,,,
2026-06-29T22:00:39.677820+00:00,2026-06-30T08:00:39.676259,3,2,131.35,0.3,131.2,1,131.1,100,131.0,110,,,,,,,,,,,,,,,131.5,150,131.6,105,,,,,,,,,,,,,,,,
2026-06-29T22:00:39.732176+00:00,2026-06-30T08:00:39.731176,3,2,131.35,0.3,131.2,1,131.1,100,131.0,110,,,,,,,,,,,,,,,131.5,150,131.6,104,,,,,,,,,,,,,,,,
2026-06-29T22:00:40.600749+00:00,2026-06-30T08:00:40.593684,3,2,131.35,0.3,131.2,1,131.1,100,131.0,110,,,,,,,,,,,,,,,131.5,100,131.6,104,,,,,,,,,,,,,,,,
2026-06-29T22:00:42.998131+00:00,2026-06-30T08:00:42.994570,2,1,131.4,0.4,131.2,1,131.1,100,,,,,,,,,,,,,,,,,131.6,104,,,,,,,,,,,,,,,,,,
2026-06-29T22:00:46.467712+00:00,2026-06-30T08:00:46.462664,2,1,131.4,0.4,131.2,151,131.1,100,,,,,,,,,,,,,,,,,131.6,104,,,,,,,,,,,,,,,,,,
2026-06-29T22:00:46.499969+00:00,2026-06-30T08:00:46.495906,1,2,131.35,0.3,131.2,151,,,,,,,,,,,,,,,,,,,131.5,4,131.7,150,,,,,,,,,,,,,,,,
2026-06-29T22:00:48.460825+00:00,2026-06-30T08:00:48.459825,1,2,131.35,0.3,131.2,101,,,,,,,,,,,,,,,,,,,131.5,4,131.7,150,,,,,,,,,,,,,,,,
2026-06-29T22:00:48.516163+00:00,2026-06-30T08:00:48.506070,1,2,131.35,0.3,131.2,102,,,,,,,,,,,,,,,,,,,131.5,4,131.7,150,,,,,,,,,,,,,,,,
2026-06-29T22:00:49.390121+00:00,2026-06-30T08:00:49.389121,1,1,131.35,0.3,131.2,1,,,,,,,,,,,,,,,,,,,131.5,4,,,,,,,,,,,,,,,,,,
2026-06-29T22:00:49.445426+00:00,2026-06-30T08:00:49.441426,2,1,131.35,0.3,131.2,1,131.0,150,,,,,,,,,,,,,,,,,131.5,4,,,,,,,,,,,,,,,,,,
2026-06-29T22:00:49.509955+00:00,2026-06-30T08:00:49.505891,2,1,131.35,0.3,131.2,1,131.0,150,,,,,,,,,,,,,,,,,131.5,154,,,,,,,,,,,,,,,,,,
2026-06-29T22:00:49.888874+00:00,2026-06-30T08:00:49.884296,2,1,131.35,0.3,131.2,1,131.0,150,,,,,,,,,,,,,,,,,131.5,153,,,,,,,,,,,,,,,,,,
2026-06-29T22:00:50.324213+00:00,2026-06-30T08:00:50.313151,1,1,131.25,0.5,131.0,150,,,,,,,,,,,,,,,,,,,131.5,153,,,,,,,,,,,,,,,,,,
2026-06-29T22:00:50.334813+00:00,2026-06-30T08:00:50.325214,1,1,131.25,0.5,131.0,125,,,,,,,,,,,,,,,,,,,131.5,153,,,,,,,,,,,,,,,,,,
2026-06-29T22:00:50.388257+00:00,2026-06-30T08:00:50.379699,2,1,131.35,0.3,131.2,2,131.0,125,,,,,,,,,,,,,,,,,131.5,153,,,,,,,,,,,,,,,,,,
2026-06-29T22:00:50.561876+00:00,2026-06-30T08:00:50.560876,1,1,131.25,0.5,131.0,77,,,,,,,,,,,,,,,,,,,131.5,153,,,,,,,,,,,,,,,,,,
2026-06-29T22:00:50.724939+00:00,2026-06-30T08:00:50.723947,2,1,131.35,0.3,131.2,2,131.0,77,,,,,,,,,,,,,,,,,131.5,153,,,,,,,,,,,,,,,,,,
2026-06-29T22:00:50.908228+00:00,2026-06-30T08:00:50.908228,1,1,131.25,0.5,131.0,77,,,,,,,,,,,,,,,,,,,131.5,153,,,,,,,,,,,,,,,,,,
2026-06-29T22:00:50.918806+00:00,2026-06-30T08:00:50.908568,1,1,131.25,0.5,131.0,77,,,,,,,,,,,,,,,,,,,131.5,150,,,,,,,,,,,,,,,,,,
2026-06-29T22:00:51.038592+00:00,2026-06-30T08:00:51.030024,1,1,131.25,0.5,131.0,77,,,,,,,,,,,,,,,,,,,131.5,106,,,,,,,,,,,,,,,,,,
2026-06-29T22:00:52.561053+00:00,2026-06-30T08:00:52.559053,0,0,,,,,,,,,,,,,,,,,,,,,,,,,,,,,,,,,,,,,,,,,,
2026-06-29T22:00:52.616319+00:00,2026-06-30T08:00:52.612319,1,0,,,130.5,150,,,,,,,,,,,,,,,,,,,,,,,,,,,,,,,,,,,,,,
2026-06-29T22:00:52.668726+00:00,2026-06-30T08:00:52.667163,1,1,130.75,0.5,130.5,100,,,,,,,,,,,,,,,,,,,131.0,150,,,,,,,,,,,,,,,,,,
2026-06-29T22:00:54.780921+00:00,2026-06-30T08:00:54.772815,1,1,130.75,0.5,130.5,50,,,,,,,,,,,,,,,,,,,131.0,150,,,,,,,,,,,,,,,,,,
2026-06-29T22:00:55.346153+00:00,2026-06-30T08:00:55.340153,1,1,130.75,0.5,130.5,1,,,,,,,,,,,,,,,,,,,131.0,150,,,,,,,,,,,,,,,,,,
2026-06-29T22:00:55.747950+00:00,2026-06-30T08:00:55.740389,0,0,,,,,,,,,,,,,,,,,,,,,,,,,,,,,,,,,,,,,,,,,,
2026-06-29T22:00:56.693197+00:00,2026-06-30T08:00:56.686132,1,0,,,68.2,100,,,,,,,,,,,,,,,,,,,,,,,,,,,,,,,,,,,,,,
2026-06-29T22:00:56.747534+00:00,2026-06-30T08:00:56.738507,1,1,68.45,0.5,68.2,100,,,,,,,,,,,,,,,,,,,68.7,100,,,,,,,,,,,,,,,,,,
2026-06-29T22:00:56.888510+00:00,2026-06-30T08:00:56.878951,1,1,68.45,0.5,68.2,50,,,,,,,,,,,,,,,,,,,68.7,100,,,,,,,,,,,,,,,,,,
2026-06-29T22:00:57.813208+00:00,2026-06-30T08:00:57.811207,1,1,68.45,0.5,68.2,50,,,,,,,,,,,,,,,,,,,68.7,51,,,,,,,,,,,,,,,,,,
2026-06-29T22:00:58.857256+00:00,2026-06-30T08:00:58.852220,2,0,,,128.3,99,68.2,50,,,,,,,,,,,,,,,,,,,,,,,,,,,,,,,,,,,,
2026-06-29T22:00:58.911147+00:00,2026-06-30T08:00:58.906085,2,1,128.55,0.5,128.3,99,68.2,50,,,,,,,,,,,,,,,,,128.8,150,,,,,,,,,,,,,,,,,,
2026-06-29T22:00:58.998221+00:00,2026-06-30T08:00:58.988662,2,1,128.55,0.5,128.3,49,68.2,50,,,,,,,,,,,,,,,,,128.8,150,,,,,,,,,,,,,,,,,,
2026-06-29T22:00:59.346522+00:00,2026-06-30T08:00:59.339521,2,1,128.55,0.5,128.3,49,68.2,50,,,,,,,,,,,,,,,,,128.8,109,,,,,,,,,,,,,,,,,,
2026-06-29T22:00:59.802252+00:00,2026-06-30T08:00:59.792190,1,1,128.55,0.5,128.3,49,,,,,,,,,,,,,,,,,,,128.8,109,,,,,,,,,,,,,,,,,,
2026-06-29T22:00:59.846530+00:00,2026-06-30T08:00:59.844530,2,1,128.55,0.5,128.3,49,68.4,100,,,,,,,,,,,,,,,,,128.8,109,,,,,,,,,,,,,,,,,,
2026-06-29T22:00:59.900963+00:00,2026-06-30T08:00:59.898963,1,2,68.65,0.5,68.4,100,,,,,,,,,,,,,,,,,,,68.9,51,128.8,109,,,,,,,,,,,,,,,,
2026-06-29T22:01:01.097161+00:00,2026-06-30T08:01:01.096161,1,2,68.65,0.5,68.4,50,,,,,,,,,,,,,,,,,,,68.9,51,128.8,109,,,,,,,,,,,,,,,,
2026-06-29T22:01:01.968318+00:00,2026-06-30T08:01:01.960770,1,1,68.65,0.5,68.4,50,,,,,,,,,,,,,,,,,,,68.9,51,,,,,,,,,,,,,,,,,,
2026-06-29T22:01:02.023146+00:00,2026-06-30T08:01:02.017145,2,1,68.65,0.5,68.4,50,66.7,150,,,,,,,,,,,,,,,,,68.9,51,,,,,,,,,,,,,,,,,,
2026-06-29T22:01:02.088086+00:00,2026-06-30T08:01:02.081533,1,2,66.95,0.5,66.7,150,,,,,,,,,,,,,,,,,,,67.2,100,68.9,51,,,,,,,,,,,,,,,,
2026-06-29T22:01:02.960670+00:00,2026-06-30T08:01:02.953670,1,1,66.95,0.5,66.7,150,,,,,,,,,,,,,,,,,,,67.2,100,,,,,,,,,,,,,,,,,,
2026-06-29T22:01:03.015849+00:00,2026-06-30T08:01:03.011849,1,0,,,66.7,150,,,,,,,,,,,,,,,,,,,,,,,,,,,,,,,,,,,,,,
2026-06-29T22:01:03.081707+00:00,2026-06-30T08:01:03.072658,1,1,97.8,62.2,66.7,150,,,,,,,,,,,,,,,,,,,128.9,100,,,,,,,,,,,,,,,,,,
2026-06-29T22:01:05.126546+00:00,2026-06-30T08:01:05.123546,0,1,,,,,,,,,,,,,,,,,,,,,,,128.9,100,,,,,,,,,,,,,,,,,,
2026-06-29T22:01:05.179951+00:00,2026-06-30T08:01:05.175888,1,1,98.1,61.6,67.3,150,,,,,,,,,,,,,,,,,,,128.9,100,,,,,,,,,,,,,,,,,,
2026-06-29T22:01:05.235256+00:00,2026-06-30T08:01:05.228255,1,2,67.55,0.5,67.3,150,,,,,,,,,,,,,,,,,,,67.8,150,128.9,100,,,,,,,,,,,,,,,,
2026-06-29T22:01:05.267488+00:00,2026-06-30T08:01:05.264460,1,2,67.55,0.5,67.3,150,,,,,,,,,,,,,,,,,,,67.8,52,128.9,100,,,,,,,,,,,,,,,,
2026-06-29T22:01:06.125470+00:00,2026-06-30T08:01:06.123470,1,1,67.55,0.5,67.3,150,,,,,,,,,,,,,,,,,,,67.8,52,,,,,,,,,,,,,,,,,,
2026-06-29T22:01:06.179733+00:00,2026-06-30T08:01:06.177731,2,0,,,67.8,48,67.3,150,,,,,,,,,,,,,,,,,,,,,,,,,,,,,,,,,,,,
2026-06-29T22:01:06.234731+00:00,2026-06-30T08:01:06.230732,2,1,68.05,0.5,67.8,48,67.3,150,,,,,,,,,,,,,,,,,68.3,100,,,,,,,,,,,,,,,,,,
2026-06-29T22:01:06.354247+00:00,2026-06-30T08:01:06.351247,1,1,67.8,1.0,67.3,149,,,,,,,,,,,,,,,,,,,68.3,100,,,,,,,,,,,,,,,,,,
2026-06-29T22:01:06.844911+00:00,2026-06-30T08:01:06.838911,1,1,67.8,1.0,67.3,149,,,,,,,,,,,,,,,,,,,68.3,51,,,,,,,,,,,,,,,,,,
2026-06-29T22:01:07.418333+00:00,2026-06-30T08:01:07.414774,1,1,67.8,1.0,67.3,99,,,,,,,,,,,,,,,,,,,68.3,51,,,,,,,,,,,,,,,,,,
2026-06-29T22:01:08.287726+00:00,2026-06-30T08:01:08.282681,0,1,,,,,,,,,,,,,,,,,,,,,,,68.3,51,,,,,,,,,,,,,,,,,,
2026-06-29T22:01:08.342112+00:00,2026-06-30T08:01:08.338109,1,0,,,126.4,99,,,,,,,,,,,,,,,,,,,,,,,,,,,,,,,,,,,,,,
2026-06-29T22:01:08.386537+00:00,2026-06-30T08:01:08.380537,1,0,,,126.4,55,,,,,,,,,,,,,,,,,,,,,,,,,,,,,,,,,,,,,,
2026-06-29T22:01:08.397622+00:00,2026-06-30T08:01:08.390622,1,1,126.65,0.5,126.4,55,,,,,,,,,,,,,,,,,,,126.9,150,,,,,,,,,,,,,,,,,,
2026-06-29T22:01:09.345387+00:00,2026-06-30T08:01:09.336324,1,1,126.65,0.5,126.4,155,,,,,,,,,,,,,,,,,,,126.9,150,,,,,,,,,,,,,,,,,,
2026-06-29T22:01:09.398762+00:00,2026-06-30T08:01:09.389195,1,1,126.65,0.5,126.4,155,,,,,,,,,,,,,,,,,,,126.9,250,,,,,,,,,,,,,,,,,,
2026-06-29T22:01:09.476232+00:00,2026-06-30T08:01:09.469223,1,1,126.65,0.5,126.4,155,,,,,,,,,,,,,,,,,,,126.9,200,,,,,,,,,,,,,,,,,,
2026-06-29T22:01:10.417624+00:00,2026-06-30T08:01:10.409624,1,1,126.65,0.5,126.4,108,,,,,,,,,,,,,,,,,,,126.9,200,,,,,,,,,,,,,,,,,,
2026-06-29T22:01:11.330919+00:00,2026-06-30T08:01:11.327909,1,1,126.65,0.5,126.4,65,,,,,,,,,,,,,,,,,,,126.9,200,,,,,,,,,,,,,,,,,,
2026-06-29T22:01:11.472889+00:00,2026-06-30T08:01:11.462828,1,1,126.65,0.5,126.4,65,,,,,,,,,,,,,,,,,,,126.9,100,,,,,,,,,,,,,,,,,,
2026-06-29T22:01:11.626806+00:00,2026-06-30T08:01:11.625806,1,1,126.65,0.5,126.4,15,,,,,,,,,,,,,,,,,,,126.9,100,,,,,,,,,,,,,,,,,,
2026-06-29T22:01:12.450756+00:00,2026-06-30T08:01:12.444694,0,0,,,,,,,,,,,,,,,,,,,,,,,,,,,,,,,,,,,,,,,,,,
2026-06-29T22:01:12.506068+00:00,2026-06-30T08:01:12.498057,1,0,,,67.4,100,,,,,,,,,,,,,,,,,,,,,,,,,,,,,,,,,,,,,,
2026-06-29T22:01:12.559006+00:00,2026-06-30T08:01:12.551430,1,1,67.65,0.5,67.4,100,,,,,,,,,,,,,,,,,,,67.9,100,,,,,,,,,,,,,,,,,,
2026-06-29T22:01:13.690685+00:00,2026-06-30T08:01:13.680623,1,1,67.65,0.5,67.4,100,,,,,,,,,,,,,,,,,,,67.9,50,,,,,,,,,,,,,,,,,,
2026-06-29T22:01:14.288714+00:00,2026-06-30T08:01:14.283156,1,1,67.65,0.5,67.4,100,,,,,,,,,,,,,,,,,,,67.9,8,,,,,,,,,,,,,,,,,,
2026-06-29T22:01:14.572133+00:00,2026-06-30T08:01:14.570133,2,0,,,124.8,142,67.4,100,,,,,,,,,,,,,,,,,,,,,,,,,,,,,,,,,,,,
2026-06-29T22:01:14.627475+00:00,2026-06-30T08:01:14.623466,2,1,125.05,0.5,124.8,142,67.4,100,,,,,,,,,,,,,,,,,125.3,150,,,,,,,,,,,,,,,,,,
2026-06-29T22:01:15.606113+00:00,2026-06-30T08:01:15.605113,1,1,125.05,0.5,124.8,142,,,,,,,,,,,,,,,,,,,125.3,150,,,,,,,,,,,,,,,,,,
2026-06-29T22:01:15.670092+00:00,2026-06-30T08:01:15.663029,2,1,125.05,0.5,124.8,142,67.8,100,,,,,,,,,,,,,,,,,125.3,150,,,,,,,,,,,,,,,,,,
2026-06-29T22:01:15.725450+00:00,2026-06-30T08:01:15.717440,2,1,125.05,0.5,124.8,42,67.8,100,,,,,,,,,,,,,,,,,125.3,150,,,,,,,,,,,,,,,,,,
2026-06-29T22:01:15.839786+00:00,2026-06-30T08:01:15.837775,1,1,96.55,57.5,67.8,100,,,,,,,,,,,,,,,,,,,125.3,150,,,,,,,,,,,,,,,,,,
2026-06-29T22:01:17.367526+00:00,2026-06-30T08:01:17.358526,1,1,96.55,57.5,67.8,100,,,,,,,,,,,,,,,,,,,125.3,106,,,,,,,,,,,,,,,,,,
2026-06-29T22:01:17.683205+00:00,2026-06-30T08:01:17.676141,1,0,,,67.8,100,,,,,,,,,,,,,,,,,,,,,,,,,,,,,,,,,,,,,,
2026-06-29T22:01:17.737500+00:00,2026-06-30T08:01:17.729454,2,0,,,67.8,100,66.7,150,,,,,,,,,,,,,,,,,,,,,,,,,,,,,,,,,,,,
2026-06-29T22:01:17.791880+00:00,2026-06-30T08:01:17.782811,1,1,66.95,0.5,66.7,150,,,,,,,,,,,,,,,,,,,67.2,50,,,,,,,,,,,,,,,,,,
2026-06-29T22:01:17.900150+00:00,2026-06-30T08:01:17.893088,1,0,,,66.7,150,,,,,,,,,,,,,,,,,,,,,,,,,,,,,,,,,,,,,,
2026-06-29T22:01:18.826289+00:00,2026-06-30T08:01:18.825288,2,0,,,67.8,100,66.7,150,,,,,,,,,,,,,,,,,,,,,,,,,,,,,,,,,,,,
2026-06-29T22:01:18.889773+00:00,2026-06-30T08:01:18.881708,2,1,68.05,0.5,67.8,100,66.7,150,,,,,,,,,,,,,,,,,68.3,100,,,,,,,,,,,,,,,,,,
2026-06-29T22:01:20.010341+00:00,2026-06-30T08:01:19.999664,2,1,68.05,0.5,67.8,100,66.7,150,,,,,,,,,,,,,,,,,68.3,50,,,,,,,,,,,,,,,,,,
2026-06-29T22:01:20.847442+00:00,2026-06-30T08:01:20.837493,1,1,68.05,0.5,67.8,100,,,,,,,,,,,,,,,,,,,68.3,50,,,,,,,,,,,,,,,,,,
2026-06-29T22:01:20.890742+00:00,2026-06-30T08:01:20.889741,2,1,68.05,0.5,67.8,100,67.2,150,,,,,,,,,,,,,,,,,68.3,50,,,,,,,,,,,,,,,,,,
2026-06-29T22:01:20.946053+00:00,2026-06-30T08:01:20.944053,1,2,67.45,0.5,67.2,150,,,,,,,,,,,,,,,,,,,67.7,50,68.3,50,,,,,,,,,,,,,,,,
2026-06-29T22:01:21.368497+00:00,2026-06-30T08:01:21.358946,1,2,67.45,0.5,67.2,110,,,,,,,,,,,,,,,,,,,67.7,50,68.3,50,,,,,,,,,,,,,,,,
2026-06-29T22:01:21.945272+00:00,2026-06-30T08:01:21.935211,1,1,67.45,0.5,67.2,110,,,,,,,,,,,,,,,,,,,67.7,50,,,,,,,,,,,,,,,,,,
2026-06-29T22:01:21.998656+00:00,2026-06-30T08:01:21.988197,2,1,67.65,0.1,67.6,100,67.2,110,,,,,,,,,,,,,,,,,67.7,50,,,,,,,,,,,,,,,,,,
2026-06-29T22:01:22.042920+00:00,2026-06-30T08:01:22.040920,2,2,67.65,0.1,67.6,100,67.2,110,,,,,,,,,,,,,,,,,67.7,50,68.1,100,,,,,,,,,,,,,,,,
2026-06-29T22:01:22.107853+00:00,2026-06-30T08:01:22.104294,2,1,67.85,0.5,67.6,100,67.2,110,,,,,,,,,,,,,,,,,68.1,100,,,,,,,,,,,,,,,,,,
2026-06-29T22:01:23.999020+00:00,2026-06-30T08:01:23.998506,1,1,67.85,0.5,67.6,100,,,,,,,,,,,,,,,,,,,68.1,100,,,,,,,,,,,,,,,,,,
2026-06-29T22:01:24.054345+00:00,2026-06-30T08:01:24.052345,2,0,,,123.5,50,67.6,100,,,,,,,,,,,,,,,,,,,,,,,,,,,,,,,,,,,,
2026-06-29T22:01:24.107710+00:00,2026-06-30T08:01:24.106683,2,1,123.75,0.5,123.5,50,67.6,100,,,,,,,,,,,,,,,,,124.0,150,,,,,,,,,,,,,,,,,,
2026-06-29T22:01:24.269813+00:00,2026-06-30T08:01:24.262752,1,1,95.8,56.4,67.6,100,,,,,,,,,,,,,,,,,,,124.0,150,,,,,,,,,,,,,,,,,,
2026-06-29T22:01:25.097913+00:00,2026-06-30T08:01:25.095913,0,1,,,,,,,,,,,,,,,,,,,,,,,124.0,150,,,,,,,,,,,,,,,,,,
2026-06-29T22:01:25.152829+00:00,2026-06-30T08:01:25.148829,1,1,123.7,0.6,123.4,100,,,,,,,,,,,,,,,,,,,124.0,150,,,,,,,,,,,,,,,,,,
2026-06-29T22:01:25.207709+00:00,2026-06-30T08:01:25.201147,1,2,123.65,0.5,123.4,100,,,,,,,,,,,,,,,,,,,123.9,100,124.0,150,,,,,,,,,,,,,,,,
2026-06-29T22:01:26.328682+00:00,2026-06-30T08:01:26.320115,1,2,123.65,0.5,123.4,100,,,,,,,,,,,,,,,,,,,123.9,50,124.0,150,,,,,,,,,,,,,,,,
2026-06-29T22:01:26.860688+00:00,2026-06-30T08:01:26.849626,1,2,123.65,0.5,123.4,53,,,,,,,,,,,,,,,,,,,123.9,50,124.0,150,,,,,,,,,,,,,,,,
2026-06-29T22:01:27.187260+00:00,2026-06-30T08:01:27.181261,1,1,123.65,0.5,123.4,53,,,,,,,,,,,,,,,,,,,123.9,50,,,,,,,,,,,,,,,,,,
2026-06-29T22:01:27.241183+00:00,2026-06-30T08:01:27.235120,2,1,123.65,0.5,123.4,53,67.1,150,,,,,,,,,,,,,,,,,123.9,50,,,,,,,,,,,,,,,,,,
2026-06-29T22:01:27.296490+00:00,2026-06-30T08:01:27.289490,1,2,67.35,0.5,67.1,150,,,,,,,,,,,,,,,,,,,67.6,97,123.9,50,,,,,,,,,,,,,,,,
2026-06-29T22:01:28.264042+00:00,2026-06-30T08:01:28.253979,1,1,67.35,0.5,67.1,150,,,,,,,,,,,,,,,,,,,67.6,97,,,,,,,,,,,,,,,,,,
2026-06-29T22:01:28.317955+00:00,2026-06-30T08:01:28.309396,2,0,,,67.8,3,67.1,150,,,,,,,,,,,,,,,,,,,,,,,,,,,,,,,,,,,,
2026-06-29T22:01:28.372793+00:00,2026-06-30T08:01:28.362731,2,1,68.05,0.5,67.8,3,67.1,150,,,,,,,,,,,,,,,,,68.3,100,,,,,,,,,,,,,,,,,,
2026-06-29T22:01:28.427716+00:00,2026-06-30T08:01:28.426120,2,1,68.05,0.5,67.8,3,67.1,150,,,,,,,,,,,,,,,,,68.3,50,,,,,,,,,,,,,,,,,,
2026-06-29T22:01:28.961813+00:00,2026-06-30T08:01:28.950737,2,1,68.05,0.5,67.8,3,67.1,150,,,,,,,,,,,,,,,,,68.3,7,,,,,,,,,,,,,,,,,,
2026-06-29T22:01:30.437736+00:00,2026-06-30T08:01:30.433690,2,0,,,122.1,143,67.8,3,,,,,,,,,,,,,,,,,,,,,,,,,,,,,,,,,,,,
2026-06-29T22:01:30.469972+00:00,2026-06-30T08:01:30.464909,2,1,122.35,0.5,122.1,143,67.8,3,,,,,,,,,,,,,,,,,122.6,150,,,,,,,,,,,,,,,,,,
2026-06-29T22:01:30.536340+00:00,2026-06-30T08:01:30.532341,2,1,122.35,0.5,122.1,143,67.8,3,,,,,,,,,,,,,,,,,122.6,100,,,,,,,,,,,,,,,,,,
2026-06-29T22:01:31.417283+00:00,2026-06-30T08:01:31.415283,1,1,122.35,0.5,122.1,143,,,,,,,,,,,,,,,,,,,122.6,100,,,,,,,,,,,,,,,,,,
2026-06-29T22:01:31.470289+00:00,2026-06-30T08:01:31.467278,2,1,122.35,0.5,122.1,143,67.8,100,,,,,,,,,,,,,,,,,122.6,100,,,,,,,,,,,,,,,,,,
2026-06-29T22:01:31.525598+00:00,2026-06-30T08:01:31.521598,2,1,122.35,0.5,122.1,43,67.8,100,,,,,,,,,,,,,,,,,122.6,100,,,,,,,,,,,,,,,,,,
2026-06-29T22:01:32.698123+00:00,2026-06-30T08:01:32.688564,1,1,95.2,54.8,67.8,100,,,,,,,,,,,,,,,,,,,122.6,100,,,,,,,,,,,,,,,,,,
2026-06-29T22:01:33.513075+00:00,2026-06-30T08:01:33.511075,1,0,,,67.8,100,,,,,,,,,,,,,,,,,,,,,,,,,,,,,,,,,,,,,,
2026-06-29T22:01:33.567440+00:00,2026-06-30T08:01:33.563413,2,0,,,67.8,100,67.2,150,,,,,,,,,,,,,,,,,,,,,,,,,,,,,,,,,,,,
2026-06-29T22:01:33.621807+00:00,2026-06-30T08:01:33.616750,1,1,67.45,0.5,67.2,150,,,,,,,,,,,,,,,,,,,67.7,50,,,,,,,,,,,,,,,,,,
2026-06-29T22:01:34.632036+00:00,2026-06-30T08:01:34.626974,2,0,,,67.8,50,67.2,150,,,,,,,,,,,,,,,,,,,,,,,,,,,,,,,,,,,,
2026-06-29T22:01:34.687353+00:00,2026-06-30T08:01:34.680353,2,1,68.05,0.5,67.8,50,67.2,150,,,,,,,,,,,,,,,,,68.3,100,,,,,,,,,,,,,,,,,,
2026-06-29T22:01:34.752833+00:00,2026-06-30T08:01:34.750833,2,1,68.05,0.5,67.8,50,67.2,150,,,,,,,,,,,,,,,,,68.3,50,,,,,,,,,,,,,,,,,,
2026-06-29T22:01:34.872152+00:00,2026-06-30T08:01:34.864089,2,1,68.05,0.5,67.8,50,67.2,150,,,,,,,,,,,,,,,,,68.3,5,,,,,,,,,,,,,,,,,,
2026-06-29T22:01:34.927463+00:00,2026-06-30T08:01:34.919463,2,1,68.05,0.5,67.8,9,67.2,150,,,,,,,,,,,,,,,,,68.3,5,,,,,,,,,,,,,,,,,,
2026-06-29T22:01:36.678904+00:00,2026-06-30T08:01:36.671326,1,1,68.05,0.5,67.8,9,,,,,,,,,,,,,,,,,,,68.3,5,,,,,,,,,,,,,,,,,,
2026-06-29T22:01:36.734280+00:00,2026-06-30T08:01:36.726214,2,1,68.1,0.4,67.9,150,67.8,9,,,,,,,,,,,,,,,,,68.3,5,,,,,,,,,,,,,,,,,,
2026-06-29T22:01:36.778195+00:00,2026-06-30T08:01:36.777682,2,2,68.1,0.4,67.9,150,67.8,9,,,,,,,,,,,,,,,,,68.3,5,68.4,150,,,,,,,,,,,,,,,,
2026-06-29T22:01:36.877390+00:00,2026-06-30T08:01:36.874390,2,1,68.15,0.5,67.9,150,67.8,9,,,,,,,,,,,,,,,,,68.4,105,,,,,,,,,,,,,,,,,,
2026-06-29T22:01:37.356327+00:00,2026-06-30T08:01:37.345532,2,1,68.15,0.5,67.9,150,67.8,9,,,,,,,,,,,,,,,,,68.4,64,,,,,,,,,,,,,,,,,,
2026-06-29T22:01:37.735297+00:00,2026-06-30T08:01:37.734297,1,1,68.15,0.5,67.9,150,,,,,,,,,,,,,,,,,,,68.4,64,,,,,,,,,,,,,,,,,,
2026-06-29T22:01:37.798757+00:00,2026-06-30T08:01:37.788313,2,1,68.15,0.5,67.9,150,67.8,100,,,,,,,,,,,,,,,,,68.4,64,,,,,,,,,,,,,,,,,,
2026-06-29T22:01:37.843042+00:00,2026-06-30T08:01:37.842042,2,2,68.1,0.4,67.9,150,67.8,100,,,,,,,,,,,,,,,,,68.3,100,68.4,64,,,,,,,,,,,,,,,,
2026-06-29T22:01:38.973147+00:00,2026-06-30T08:01:38.966068,2,2,68.1,0.4,67.9,150,67.8,100,,,,,,,,,,,,,,,,,68.3,50,68.4,64,,,,,,,,,,,,,,,,
2026-06-29T22:01:39.832879+00:00,2026-06-30T08:01:39.830879,2,1,68.1,0.4,67.9,150,67.8,100,,,,,,,,,,,,,,,,,68.3,50,,,,,,,,,,,,,,,,,,
2026-06-29T22:01:39.843942+00:00,2026-06-30T08:01:39.833879,1,1,68.05,0.5,67.8,100,,,,,,,,,,,,,,,,,,,68.3,50,,,,,,,,,,,,,,,,,,
2026-06-29T22:01:39.887780+00:00,2026-06-30T08:01:39.886220,2,0,,,120.5,100,67.8,100,,,,,,,,,,,,,,,,,,,,,,,,,,,,,,,,,,,,
2026-06-29T22:01:39.942132+00:00,2026-06-30T08:01:39.940131,2,1,120.75,0.5,120.5,100,67.8,100,,,,,,,,,,,,,,,,,121.0,150,,,,,,,,,,,,,,,,,,
2026-06-29T22:01:40.388166+00:00,2026-06-30T08:01:40.385606,2,1,120.75,0.5,120.5,52,67.8,100,,,,,,,,,,,,,,,,,121.0,150,,,,,,,,,,,,,,,,,,
2026-06-29T22:01:40.898662+00:00,2026-06-30T08:01:40.895103,1,1,120.75,0.5,120.5,52,,,,,,,,,,,,,,,,,,,121.0,150,,,,,,,,,,,,,,,,,,
2026-06-29T22:01:40.965072+00:00,2026-06-30T08:01:40.958062,2,1,120.75,0.5,120.5,52,119.9,100,,,,,,,,,,,,,,,,,121.0,150,,,,,,,,,,,,,,,,,,
2026-06-29T22:01:41.018505+00:00,2026-06-30T08:01:41.016943,1,2,120.15,0.5,119.9,100,,,,,,,,,,,,,,,,,,,120.4,48,121.0,150,,,,,,,,,,,,,,,,
2026-06-29T22:01:41.106554+00:00,2026-06-30T08:01:41.098554,1,1,120.45,1.1,119.9,100,,,,,,,,,,,,,,,,,,,121.0,148,,,,,,,,,,,,,,,,,,
2026-06-29T22:01:42.998619+00:00,2026-06-30T08:01:42.993075,1,0,,,119.9,100,,,,,,,,,,,,,,,,,,,,,,,,,,,,,,,,,,,,,,
2026-06-29T22:01:43.053899+00:00,2026-06-30T08:01:43.046818,2,0,,,119.9,100,67.7,150,,,,,,,,,,,,,,,,,,,,,,,,,,,,,,,,,,,,
2026-06-29T22:01:43.107688+00:00,2026-06-30T08:01:43.101144,1,1,67.95,0.5,67.7,150,,,,,,,,,,,,,,,,,,,68.2,50,,,,,,,,,,,,,,,,,,
2026-06-29T22:01:43.206294+00:00,2026-06-30T08:01:43.195232,1,0,,,67.7,150,,,,,,,,,,,,,,,,,,,,,,,,,,,,,,,,,,,,,,
2026-06-29T22:01:44.118942+00:00,2026-06-30T08:01:44.109383,2,0,,,68.1,100,67.7,150,,,,,,,,,,,,,,,,,,,,,,,,,,,,,,,,,,,,
2026-06-29T22:01:44.163208+00:00,2026-06-30T08:01:44.162208,2,1,68.35,0.5,68.1,100,67.7,150,,,,,,,,,,,,,,,,,68.6,100,,,,,,,,,,,,,,,,,,
2026-06-29T22:01:46.163448+00:00,2026-06-30T08:01:46.162448,2,2,68.35,0.3,68.2,32,68.1,100,,,,,,,,,,,,,,,,,68.5,41,68.6,100,,,,,,,,,,,,,,,,
2026-06-29T22:01:46.218036+00:00,2026-06-30T08:01:46.210036,3,0,,,118.9,9,68.2,32,68.1,100,,,,,,,,,,,,,,,,,,,,,,,,,,,,,,,,,,
2026-06-29T22:01:46.261875+00:00,2026-06-30T08:01:46.260875,2,0,,,118.9,9,68.1,100,,,,,,,,,,,,,,,,,,,,,,,,,,,,,,,,,,,,
2026-06-29T22:01:46.272947+00:00,2026-06-30T08:01:46.267945,2,1,119.15,0.5,118.9,9,68.1,100,,,,,,,,,,,,,,,,,119.4,150,,,,,,,,,,,,,,,,,,
2026-06-29T22:01:47.218222+00:00,2026-06-30T08:01:47.216651,1,1,119.15,0.5,118.9,9,,,,,,,,,,,,,,,,,,,119.4,150,,,,,,,,,,,,,,,,,,
2026-06-29T22:01:47.273077+00:00,2026-06-30T08:01:47.269077,2,1,119.15,0.5,118.9,9,68.4,100,,,,,,,,,,,,,,,,,119.4,150,,,,,,,,,,,,,,,,,,
2026-06-29T22:01:47.306265+00:00,2026-06-30T08:01:47.302258,2,1,119.15,0.5,118.9,9,68.4,100,,,,,,,,,,,,,,,,,119.4,100,,,,,,,,,,,,,,,,,,
2026-06-29T22:01:47.327416+00:00,2026-06-30T08:01:47.323416,1,2,68.65,0.5,68.4,100,,,,,,,,,,,,,,,,,,,68.9,91,119.4,100,,,,,,,,,,,,,,,,
2026-06-29T22:01:49.327434+00:00,2026-06-30T08:01:49.321387,1,1,68.65,0.5,68.4,100,,,,,,,,,,,,,,,,,,,68.9,91,,,,,,,,,,,,,,,,,,
2026-06-29T22:01:49.381822+00:00,2026-06-30T08:01:49.374759,2,1,68.65,0.5,68.4,100,67.9,150,,,,,,,,,,,,,,,,,68.9,91,,,,,,,,,,,,,,,,,,
2026-06-29T22:01:49.415007+00:00,2026-06-30T08:01:49.407997,2,1,68.65,0.5,68.4,100,67.9,150,,,,,,,,,,,,,,,,,68.9,41,,,,,,,,,,,,,,,,,,
2026-06-29T22:01:49.437131+00:00,2026-06-30T08:01:49.429131,1,2,68.15,0.5,67.9,150,,,,,,,,,,,,,,,,,,,68.4,50,68.9,41,,,,,,,,,,,,,,,,
2026-06-29T22:01:49.479987+00:00,2026-06-30T08:01:49.472925,1,2,68.15,0.5,67.9,101,,,,,,,,,,,,,,,,,,,68.4,50,68.9,41,,,,,,,,,,,,,,,,
2026-06-29T22:01:50.078510+00:00,2026-06-30T08:01:50.069951,1,2,68.15,0.5,67.9,101,,,,,,,,,,,,,,,,,,,68.4,2,68.9,41,,,,,,,,,,,,,,,,
2026-06-29T22:01:50.384099+00:00,2026-06-30T08:01:50.379098,1,1,68.15,0.5,67.9,101,,,,,,,,,,,,,,,,,,,68.4,2,,,,,,,,,,,,,,,,,,
2026-06-29T22:01:50.437943+00:00,2026-06-30T08:01:50.432387,2,1,68.35,0.1,68.3,100,67.9,101,,,,,,,,,,,,,,,,,68.4,2,,,,,,,,,,,,,,,,,,
2026-06-29T22:01:50.492211+00:00,2026-06-30T08:01:50.486162,2,2,68.35,0.1,68.3,100,67.9,101,,,,,,,,,,,,,,,,,68.4,2,68.8,100,,,,,,,,,,,,,,,,
2026-06-29T22:01:51.653823+00:00,2026-06-30T08:01:51.645761,2,1,68.55,0.5,68.3,100,67.9,101,,,,,,,,,,,,,,,,,68.8,100,,,,,,,,,,,,,,,,,,
2026-06-29T22:01:52.174282+00:00,2026-06-30T08:01:52.170282,2,1,68.55,0.5,68.3,57,67.9,101,,,,,,,,,,,,,,,,,68.8,100,,,,,,,,,,,,,,,,,,
2026-06-29T22:01:52.491017+00:00,2026-06-30T08:01:52.484939,1,1,68.55,0.5,68.3,57,,,,,,,,,,,,,,,,,,,68.8,100,,,,,,,,,,,,,,,,,,
2026-06-29T22:01:52.557395+00:00,2026-06-30T08:01:52.555396,1,1,68.55,0.5,68.3,207,,,,,,,,,,,,,,,,,,,68.8,100,,,,,,,,,,,,,,,,,,
2026-06-29T22:01:52.610852+00:00,2026-06-30T08:01:52.608852,1,1,68.55,0.5,68.3,207,,,,,,,,,,,,,,,,,,,68.8,250,,,,,,,,,,,,,,,,,,
2026-06-29T22:01:52.818759+00:00,2026-06-30T08:01:52.814163,1,1,68.55,0.5,68.3,207,,,,,,,,,,,,,,,,,,,68.8,210,,,,,,,,,,,,,,,,,,
2026-06-29T22:01:53.548617+00:00,2026-06-30T08:01:53.541058,1,1,68.55,0.5,68.3,150,,,,,,,,,,,,,,,,,,,68.8,150,,,,,,,,,,,,,,,,,,
2026-06-29T22:01:53.603943+00:00,2026-06-30T08:01:53.594881,1,1,68.55,0.5,68.3,250,,,,,,,,,,,,,,,,,,,68.8,150,,,,,,,,,,,,,,,,,,
2026-06-29T22:01:53.657825+00:00,2026-06-30T08:01:53.648255,1,1,68.55,0.5,68.3,250,,,,,,,,,,,,,,,,,,,68.8,250,,,,,,,,,,,,,,,,,,
2026-06-29T22:01:53.668403+00:00,2026-06-30T08:01:53.665844,1,1,68.55,0.5,68.3,200,,,,,,,,,,,,,,,,,,,68.8,250,,,,,,,,,,,,,,,,,,
2026-06-29T22:01:55.669859+00:00,2026-06-30T08:01:55.664797,1,1,68.55,0.5,68.3,100,,,,,,,,,,,,,,,,,,,68.8,100,,,,,,,,,,,,,,,,,,
2026-06-29T22:01:55.725165+00:00,2026-06-30T08:01:55.718156,2,1,68.55,0.5,68.3,100,68.0,150,,,,,,,,,,,,,,,,,68.8,100,,,,,,,,,,,,,,,,,,
2026-06-29T22:01:55.779061+00:00,2026-06-30T08:01:55.777500,2,2,68.4,0.2,68.3,50,68.0,150,,,,,,,,,,,,,,,,,68.5,150,68.8,100,,,,,,,,,,,,,,,,
2026-06-29T22:01:56.705360+00:00,2026-06-30T08:01:56.704360,1,1,68.25,0.5,68.0,150,,,,,,,,,,,,,,,,,,,68.5,150,,,,,,,,,,,,,,,,,,
2026-06-29T22:01:56.769851+00:00,2026-06-30T08:01:56.758880,1,1,68.25,0.5,68.0,150,,,,,,,,,,,,,,,,,,,68.5,50,,,,,,,,,,,,,,,,,,
2026-06-29T22:01:56.825184+00:00,2026-06-30T08:01:56.815120,1,2,68.25,0.5,68.0,150,,,,,,,,,,,,,,,,,,,68.5,50,117.0,100,,,,,,,,,,,,,,,,
2026-06-29T22:01:57.834847+00:00,2026-06-30T08:01:57.831847,1,1,92.5,49.0,68.0,150,,,,,,,,,,,,,,,,,,,117.0,100,,,,,,,,,,,,,,,,,,
2026-06-29T22:01:58.799870+00:00,2026-06-30T08:01:58.788909,1,1,92.5,49.0,68.0,109,,,,,,,,,,,,,,,,,,,117.0,100,,,,,,,,,,,,,,,,,,
2026-06-29T22:01:58.833056+00:00,2026-06-30T08:01:58.823993,0,1,,,,,,,,,,,,,,,,,,,,,,,117.0,100,,,,,,,,,,,,,,,,,,
2026-06-29T22:01:58.887952+00:00,2026-06-30T08:01:58.877515,1,1,92.7,48.6,68.4,150,,,,,,,,,,,,,,,,,,,117.0,100,,,,,,,,,,,,,,,,,,
2026-06-29T22:01:58.931735+00:00,2026-06-30T08:01:58.930734,1,2,68.65,0.5,68.4,150,,,,,,,,,,,,,,,,,,,68.9,150,117.0,100,,,,,,,,,,,,,,,,
2026-06-29T22:01:59.877588+00:00,2026-06-30T08:01:59.867578,1,1,68.65,0.5,68.4,150,,,,,,,,,,,,,,,,,,,68.9,150,,,,,,,,,,,,,,,,,,
2026-06-29T22:01:59.931002+00:00,2026-06-30T08:01:59.919939,2,1,68.65,0.5,68.4,150,67.7,100,,,,,,,,,,,,,,,,,68.9,150,,,,,,,,,,,,,,,,,,
2026-06-29T22:01:59.975280+00:00,2026-06-30T08:01:59.974280,2,1,68.65,0.5,68.4,50,67.7,100,,,,,,,,,,,,,,,,,68.9,150,,,,,,,,,,,,,,,,,,
2026-06-29T22:02:01.997658+00:00,2026-06-30T08:02:01.994611,1,0,,,67.7,100,,,,,,,,,,,,,,,,,,,,,,,,,,,,,,,,,,,,,,
2026-06-29T22:02:02.052040+00:00,2026-06-30T08:02:02.040978,2,0,,,115.0,150,67.7,100,,,,,,,,,,,,,,,,,,,,,,,,,,,,,,,,,,,,
2026-06-29T22:02:02.096308+00:00,2026-06-30T08:02:02.094308,2,1,115.25,0.5,115.0,150,67.7,100,,,,,,,,,,,,,,,,,115.5,150,,,,,,,,,,,,,,,,,,
2026-06-29T22:02:03.043026+00:00,2026-06-30T08:02:03.031980,1,1,115.25,0.5,115.0,150,,,,,,,,,,,,,,,,,,,115.5,150,,,,,,,,,,,,,,,,,,
2026-06-29T22:02:03.087254+00:00,2026-06-30T08:02:03.081254,2,1,115.25,0.5,115.0,150,114.6,100,,,,,,,,,,,,,,,,,115.5,150,,,,,,,,,,,,,,,,,,
2026-06-29T22:02:03.140691+00:00,2026-06-30T08:02:03.136620,2,2,115.05,0.1,115.0,150,114.6,100,,,,,,,,,,,,,,,,,115.1,100,115.5,150,,,,,,,,,,,,,,,,
2026-06-29T22:02:03.337427+00:00,2026-06-30T08:02:03.332428,2,2,115.05,0.1,115.0,102,114.6,100,,,,,,,,,,,,,,,,,115.1,100,115.5,150,,,,,,,,,,,,,,,,
2026-06-29T22:02:04.197729+00:00,2026-06-30T08:02:04.196683,2,2,115.05,0.1,115.0,52,114.6,100,,,,,,,,,,,,,,,,,115.1,100,115.5,150,,,,,,,,,,,,,,,,
2026-06-29T22:02:05.154290+00:00,2026-06-30T08:02:05.151281,1,1,114.85,0.5,114.6,100,,,,,,,,,,,,,,,,,,,115.1,100,,,,,,,,,,,,,,,,,,
2026-06-29T22:02:05.208159+00:00,2026-06-30T08:02:05.204598,2,1,114.85,0.5,114.6,100,67.6,150,,,,,,,,,,,,,,,,,115.1,100,,,,,,,,,,,,,,,,,,
2026-06-29T22:02:05.285174+00:00,2026-06-30T08:02:05.274108,1,2,67.85,0.5,67.6,150,,,,,,,,,,,,,,,,,,,68.1,50,115.1,100,,,,,,,,,,,,,,,,
2026-06-29T22:02:06.197520+00:00,2026-06-30T08:02:06.190521,1,1,67.85,0.5,67.6,150,,,,,,,,,,,,,,,,,,,68.1,50,,,,,,,,,,,,,,,,,,
2026-06-29T22:02:06.250968+00:00,2026-06-30T08:02:06.242905,1,1,67.85,0.5,67.6,250,,,,,,,,,,,,,,,,,,,68.1,50,,,,,,,,,,,,,,,,,,
2026-06-29T22:02:06.262038+00:00,2026-06-30T08:02:06.251967,1,0,,,67.6,250,,,,,,,,,,,,,,,,,,,,,,,,,,,,,,,,,,,,,,
2026-06-29T22:02:06.306294+00:00,2026-06-30T08:02:06.295227,1,1,67.85,0.5,67.6,250,,,,,,,,,,,,,,,,,,,68.1,100,,,,,,,,,,,,,,,,,,
2026-06-29T22:02:08.330750+00:00,2026-06-30T08:02:08.325687,1,1,67.85,0.5,67.6,100,,,,,,,,,,,,,,,,,,,68.1,100,,,,,,,,,,,,,,,,,,
2026-06-29T22:02:08.363970+00:00,2026-06-30T08:02:08.356908,1,1,67.85,0.5,67.6,100,,,,,,,,,,,,,,,,,,,68.1,50,,,,,,,,,,,,,,,,,,
2026-06-29T22:02:08.386100+00:00,2026-06-30T08:02:08.381100,2,0,,,68.2,100,67.6,100,,,,,,,,,,,,,,,,,,,,,,,,,,,,,,,,,,,,
2026-06-29T22:02:08.438488+00:00,2026-06-30T08:02:08.436928,2,1,68.45,0.5,68.2,100,67.6,100,,,,,,,,,,,,,,,,,68.7,150,,,,,,,,,,,,,,,,,,
2026-06-29T22:02:09.359682+00:00,2026-06-30T08:02:09.350620,1,1,68.45,0.5,68.2,100,,,,,,,,,,,,,,,,,,,68.7,150,,,,,,,,,,,,,,,,,,
2026-06-29T22:02:09.414988+00:00,2026-06-30T08:02:09.404926,2,1,68.45,0.5,68.2,100,67.9,100,,,,,,,,,,,,,,,,,68.7,150,,,,,,,,,,,,,,,,,,
2026-06-29T22:02:09.467875+00:00,2026-06-30T08:02:09.457472,2,2,68.3,0.2,68.2,100,67.9,100,,,,,,,,,,,,,,,,,68.4,100,68.7,150,,,,,,,,,,,,,,,,
2026-06-29T22:02:10.468226+00:00,2026-06-30T08:02:10.464667,2,2,68.3,0.2,68.2,100,67.9,100,,,,,,,,,,,,,,,,,68.4,50,68.7,150,,,,,,,,,,,,,,,,
2026-06-29T22:02:11.503891+00:00,2026-06-30T08:02:11.494820,1,1,68.15,0.5,67.9,100,,,,,,,,,,,,,,,,,,,68.4,50,,,,,,,,,,,,,,,,,,
2026-06-29T22:02:11.547714+00:00,2026-06-30T08:02:11.546155,1,1,68.15,0.5,67.9,250,,,,,,,,,,,,,,,,,,,68.4,50,,,,,,,,,,,,,,,,,,
2026-06-29T22:02:11.602071+00:00,2026-06-30T08:02:11.599071,1,1,68.15,0.5,67.9,250,,,,,,,,,,,,,,,,,,,68.4,200,,,,,,,,,,,,,,,,,,
2026-06-29T22:02:12.363144+00:00,2026-06-30T08:02:12.359144,1,1,68.15,0.5,67.9,250,,,,,,,,,,,,,,,,,,,68.4,151,,,,,,,,,,,,,,,,,,
2026-06-29T22:02:12.526267+00:00,2026-06-30T08:02:12.517256,1,1,68.15,0.5,67.9,150,,,,,,,,,,,,,,,,,,,68.4,150,,,,,,,,,,,,,,,,,,
2026-06-29T22:02:12.579669+00:00,2026-06-30T08:02:12.575606,2,1,68.3,0.2,68.2,100,67.9,150,,,,,,,,,,,,,,,,,68.4,150,,,,,,,,,,,,,,,,,,
2026-06-29T22:02:12.634985+00:00,2026-06-30T08:02:12.628985,2,2,68.3,0.2,68.2,100,67.9,150,,,,,,,,,,,,,,,,,68.4,150,68.7,100,,,,,,,,,,,,,,,,
2026-06-29T22:02:13.328132+00:00,2026-06-30T08:02:13.317681,2,2,68.3,0.2,68.2,100,67.9,150,,,,,,,,,,,,,,,,,68.4,107,68.7,100,,,,,,,,,,,,,,,,
2026-06-29T22:02:14.664896+00:00,2026-06-30T08:02:14.655821,1,1,68.45,0.5,68.2,100,,,,,,,,,,,,,,,,,,,68.7,100,,,,,,,,,,,,,,,,,,
2026-06-29T22:02:14.675966+00:00,2026-06-30T08:02:14.673966,1,1,68.45,0.5,68.2,100,,,,,,,,,,,,,,,,,,,68.7,50,,,,,,,,,,,,,,,,,,
2026-06-29T22:02:14.718293+00:00,2026-06-30T08:02:14.708734,2,1,68.45,0.5,68.2,100,68.1,150,,,,,,,,,,,,,,,,,68.7,50,,,,,,,,,,,,,,,,,,
2026-06-29T22:02:14.762096+00:00,2026-06-30T08:02:14.760095,2,2,68.4,0.4,68.2,100,68.1,150,,,,,,,,,,,,,,,,,68.6,150,68.7,50,,,,,,,,,,,,,,,,
2026-06-29T22:02:15.687285+00:00,2026-06-30T08:02:15.683285,1,1,68.35,0.5,68.1,150,,,,,,,,,,,,,,,,,,,68.6,150,,,,,,,,,,,,,,,,,,
2026-06-29T22:02:15.741261+00:00,2026-06-30T08:02:15.736197,2,1,68.5,0.2,68.4,100,68.1,150,,,,,,,,,,,,,,,,,68.6,150,,,,,,,,,,,,,,,,,,
2026-06-29T22:02:15.796581+00:00,2026-06-30T08:02:15.789581,2,2,68.5,0.2,68.4,100,68.1,150,,,,,,,,,,,,,,,,,68.6,150,68.9,100,,,,,,,,,,,,,,,,
2026-06-29T22:02:16.786309+00:00,2026-06-30T08:02:16.780309,2,2,68.5,0.2,68.4,100,68.1,150,,,,,,,,,,,,,,,,,68.6,100,68.9,100,,,,,,,,,,,,,,,,
2026-06-29T22:02:17.817931+00:00,2026-06-30T08:02:17.815367,1,1,68.65,0.5,68.4,100,,,,,,,,,,,,,,,,,,,68.9,100,,,,,,,,,,,,,,,,,,
2026-06-29T22:02:17.872294+00:00,2026-06-30T08:02:17.867260,2,0,,,111.6,50,68.4,100,,,,,,,,,,,,,,,,,,,,,,,,,,,,,,,,,,,,
2026-06-29T22:02:17.927624+00:00,2026-06-30T08:02:17.919624,2,1,111.85,0.5,111.6,50,68.4,100,,,,,,,,,,,,,,,,,112.1,150,,,,,,,,,,,,,,,,,,
2026-06-29T22:02:18.853897+00:00,2026-06-30T08:02:18.842835,1,1,111.85,0.5,111.6,50,,,,,,,,,,,,,,,,,,,112.1,150,,,,,,,,,,,,,,,,,,
2026-06-29T22:02:18.897729+00:00,2026-06-30T08:02:18.892170,1,1,111.85,0.5,111.6,50,,,,,,,,,,,,,,,,,,,112.1,100,,,,,,,,,,,,,,,,,,
2026-06-29T22:02:18.908305+00:00,2026-06-30T08:02:18.897901,1,1,111.85,0.5,111.6,150,,,,,,,,,,,,,,,,,,,112.1,100,,,,,,,,,,,,,,,,,,
2026-06-29T22:02:18.963155+00:00,2026-06-30T08:02:18.959155,1,1,111.85,0.5,111.6,150,,,,,,,,,,,,,,,,,,,112.1,200,,,,,,,,,,,,,,,,,,
2026-06-29T22:02:20.999662+00:00,2026-06-30T08:02:20.990600,1,1,111.85,0.5,111.6,100,,,,,,,,,,,,,,,,,,,112.1,100,,,,,,,,,,,,,,,,,,
2026-06-29T22:02:21.066040+00:00,2026-06-30T08:02:21.062040,1,1,111.85,0.5,111.6,50,,,,,,,,,,,,,,,,,,,112.1,100,,,,,,,,,,,,,,,,,,
2026-06-29T22:02:22.012189+00:00,2026-06-30T08:02:22.010180,0,0,,,,,,,,,,,,,,,,,,,,,,,,,,,,,,,,,,,,,,,,,,
2026-06-29T22:02:22.067509+00:00,2026-06-30T08:02:22.062501,1,0,,,68.6,100,,,,,,,,,,,,,,,,,,,,,,,,,,,,,,,,,,,,,,
2026-06-29T22:02:22.119912+00:00,2026-06-30T08:02:22.113850,1,1,68.85,0.5,68.6,100,,,,,,,,,,,,,,,,,,,69.1,100,,,,,,,,,,,,,,,,,,
2026-06-29T22:02:23.121182+00:00,2026-06-30T08:02:23.117172,1,1,68.85,0.5,68.6,100,,,,,,,,,,,,,,,,,,,69.1,50,,,,,,,,,,,,,,,,,,
2026-06-29T22:02:24.098757+00:00,2026-06-30T08:02:24.092168,2,1,68.85,0.5,68.6,100,68.1,150,,,,,,,,,,,,,,,,,69.1,50,,,,,,,,,,,,,,,,,,
2026-06-29T22:02:24.154082+00:00,2026-06-30T08:02:24.145020,1,2,68.35,0.5,68.1,150,,,,,,,,,,,,,,,,,,,68.6,50,69.1,50,,,,,,,,,,,,,,,,
2026-06-29T22:02:25.176448+00:00,2026-06-30T08:02:25.167438,1,1,68.35,0.5,68.1,150,,,,,,,,,,,,,,,,,,,68.6,50,,,,,,,,,,,,,,,,,,
2026-06-29T22:02:25.230895+00:00,2026-06-30T08:02:25.224828,2,0,,,68.4,100,68.1,150,,,,,,,,,,,,,,,,,,,,,,,,,,,,,,,,,,,,
2026-06-29T22:02:25.275166+00:00,2026-06-30T08:02:25.272166,2,1,68.65,0.5,68.4,100,68.1,150,,,,,,,,,,,,,,,,,68.9,100,,,,,,,,,,,,,,,,,,
2026-06-29T22:02:26.637449+00:00,2026-06-30T08:02:26.629449,2,1,68.65,0.5,68.4,100,68.1,150,,,,,,,,,,,,,,,,,68.9,59,,,,,,,,,,,,,,,,,,
2026-06-29T22:02:27.211829+00:00,2026-06-30T08:02:27.200767,1,1,68.65,0.5,68.4,100,,,,,,,,,,,,,,,,,,,68.9,59,,,,,,,,,,,,,,,,,,
2026-06-29T22:02:27.256074+00:00,2026-06-30T08:02:27.255074,2,1,68.85,0.1,68.8,150,68.4,100,,,,,,,,,,,,,,,,,68.9,59,,,,,,,,,,,,,,,,,,
2026-06-29T22:02:27.309002+00:00,2026-06-30T08:02:27.307442,2,2,68.85,0.1,68.8,150,68.4,100,,,,,,,,,,,,,,,,,68.9,59,69.3,150,,,,,,,,,,,,,,,,
2026-06-29T22:02:27.386461+00:00,2026-06-30T08:02:27.382461,2,2,68.85,0.1,68.8,100,68.4,100,,,,,,,,,,,,,,,,,68.9,59,69.3,150,,,,,,,,,,,,,,,,
2026-06-29T22:02:28.332895+00:00,2026-06-30T08:02:28.330895,1,1,69.05,0.5,68.8,100,,,,,,,,,,,,,,,,,,,69.3,150,,,,,,,,,,,,,,,,,,
2026-06-29T22:02:28.355031+00:00,2026-06-30T08:02:28.343968,1,1,69.05,0.5,68.8,51,,,,,,,,,,,,,,,,,,,69.3,150,,,,,,,,,,,,,,,,,,
2026-06-29T22:02:28.387246+00:00,2026-06-30T08:02:28.380220,2,1,69.05,0.5,68.8,51,68.7,100,,,,,,,,,,,,,,,,,69.3,150,,,,,,,,,,,,,,,,,,
2026-06-29T22:02:28.441136+00:00,2026-06-30T08:02:28.433074,2,2,69.0,0.4,68.8,51,68.7,100,,,,,,,,,,,,,,,,,69.2,100,69.3,150,,,,,,,,,,,,,,,,
2026-06-29T22:02:29.495153+00:00,2026-06-30T08:02:29.495153,2,2,69.0,0.4,68.8,1,68.7,100,,,,,,,,,,,,,,,,,69.2,100,69.3,150,,,,,,,,,,,,,,,,
2026-06-29T22:02:30.365071+00:00,2026-06-30T08:02:30.364063,1,1,68.95,0.5,68.7,100,,,,,,,,,,,,,,,,,,,69.2,100,,,,,,,,,,,,,,,,,,
2026-06-29T22:02:30.418450+00:00,2026-06-30T08:02:30.415891,2,1,68.95,0.5,68.7,100,68.3,150,,,,,,,,,,,,,,,,,69.2,100,,,,,,,,,,,,,,,,,,
2026-06-29T22:02:30.473299+00:00,2026-06-30T08:02:30.468299,2,2,68.75,0.1,68.7,100,68.3,150,,,,,,,,,,,,,,,,,68.8,150,69.2,100,,,,,,,,,,,,,,,,
2026-06-29T22:02:31.497216+00:00,2026-06-30T08:02:31.491216,1,1,68.55,0.5,68.3,150,,,,,,,,,,,,,,,,,,,68.8,150,,,,,,,,,,,,,,,,,,
2026-06-29T22:02:31.551134+00:00,2026-06-30T08:02:31.549134,2,1,68.7,0.2,68.6,100,68.3,150,,,,,,,,,,,,,,,,,68.8,150,,,,,,,,,,,,,,,,,,
2026-06-29T22:02:31.617509+00:00,2026-06-30T08:02:31.611509,2,2,68.7,0.2,68.6,100,68.3,150,,,,,,,,,,,,,,,,,68.8,150,69.1,100,,,,,,,,,,,,,,,,
2026-06-29T22:02:31.627620+00:00,2026-06-30T08:02:31.619573,2,2,68.7,0.2,68.6,50,68.3,150,,,,,,,,,,,,,,,,,68.8,150,69.1,100,,,,,,,,,,,,,,,,
2026-06-29T22:02:32.334318+00:00,2026-06-30T08:02:32.327307,2,2,68.7,0.2,68.6,6,68.3,150,,,,,,,,,,,,,,,,,68.8,150,69.1,100,,,,,,,,,,,,,,,,
2026-06-29T22:02:33.528324+00:00,2026-06-30T08:02:33.522764,1,1,68.85,0.5,68.6,6,,,,,,,,,,,,,,,,,,,69.1,100,,,,,,,,,,,,,,,,,,
2026-06-29T22:02:33.582220+00:00,2026-06-30T08:02:33.577209,2,0,,,107.8,50,68.6,6,,,,,,,,,,,,,,,,,,,,,,,,,,,,,,,,,,,,
2026-06-29T22:02:33.637529+00:00,2026-06-30T08:02:33.630529,2,1,108.05,0.5,107.8,50,68.6,6,,,,,,,,,,,,,,,,,108.3,150,,,,,,,,,,,,,,,,,,
2026-06-29T22:02:33.735253+00:00,2026-06-30T08:02:33.729253,1,1,88.45,39.7,68.6,6,,,,,,,,,,,,,,,,,,,108.3,150,,,,,,,,,,,,,,,,,,
2026-06-29T22:02:34.658547+00:00,2026-06-30T08:02:34.648088,0,1,,,,,,,,,,,,,,,,,,,,,,,108.3,150,,,,,,,,,,,,,,,,,,
2026-06-29T22:02:34.702823+00:00,2026-06-30T08:02:34.699823,1,1,108.1,0.4,107.9,100,,,,,,,,,,,,,,,,,,,108.3,150,,,,,,,,,,,,,,,,,,
2026-06-29T22:02:34.757728+00:00,2026-06-30T08:02:34.752169,1,2,108.1,0.4,107.9,100,,,,,,,,,,,,,,,,,,,108.3,150,108.4,100,,,,,,,,,,,,,,,,
2026-06-29T22:02:35.847189+00:00,2026-06-30T08:02:35.839189,1,2,108.1,0.4,107.9,50,,,,,,,,,,,,,,,,,,,108.3,150,108.4,100,,,,,,,,,,,,,,,,
2026-06-29T22:02:36.687506+00:00,2026-06-30T08:02:36.686505,1,1,108.15,0.5,107.9,50,,,,,,,,,,,,,,,,,,,108.4,100,,,,,,,,,,,,,,,,,,
2026-06-29T22:02:36.741808+00:00,2026-06-30T08:02:36.738808,2,1,108.15,0.5,107.9,50,67.7,150,,,,,,,,,,,,,,,,,108.4,100,,,,,,,,,,,,,,,,,,
2026-06-29T22:02:36.797051+00:00,2026-06-30T08:02:36.793051,1,2,67.95,0.5,67.7,150,,,,,,,,,,,,,,,,,,,68.2,100,108.4,100,,,,,,,,,,,,,,,,
2026-06-29T22:02:37.811906+00:00,2026-06-30T08:02:37.806835,1,1,67.95,0.5,67.7,150,,,,,,,,,,,,,,,,,,,68.2,100,,,,,,,,,,,,,,,,,,
2026-06-29T22:02:37.867216+00:00,2026-06-30T08:02:37.860216,1,0,,,67.7,150,,,,,,,,,,,,,,,,,,,,,,,,,,,,,,,,,,,,,,
2026-06-29T22:02:37.921138+00:00,2026-06-30T08:02:37.913077,1,1,68.3,1.2,67.7,150,,,,,,,,,,,,,,,,,,,68.9,100,,,,,,,,,,,,,,,,,,
2026-06-29T22:02:37.954327+00:00,2026-06-30T08:02:37.945264,1,1,68.3,1.2,67.7,100,,,,,,,,,,,,,,,,,,,68.9,100,,,,,,,,,,,,,,,,,,
2026-06-29T22:02:39.849636+00:00,2026-06-30T08:02:39.847626,0,1,,,,,,,,,,,,,,,,,,,,,,,68.9,100,,,,,,,,,,,,,,,,,,
2026-06-29T22:02:39.904944+00:00,2026-06-30T08:02:39.900944,1,1,68.5,0.8,68.1,150,,,,,,,,,,,,,,,,,,,68.9,100,,,,,,,,,,,,,,,,,,
2026-06-29T22:02:39.958330+00:00,2026-06-30T08:02:39.954770,1,2,68.35,0.5,68.1,150,,,,,,,,,,,,,,,,,,,68.6,150,68.9,100,,,,,,,,,,,,,,,,
2026-06-29T22:02:40.013180+00:00,2026-06-30T08:02:40.002220,1,2,68.35,0.5,68.1,150,,,,,,,,,,,,,,,,,,,68.6,100,68.9,100,,,,,,,,,,,,,,,,
2026-06-29T22:02:40.525316+00:00,2026-06-30T08:02:40.521308,1,2,68.35,0.5,68.1,150,,,,,,,,,,,,,,,,,,,68.6,57,68.9,100,,,,,,,,,,,,,,,,
2026-06-29T22:02:40.969889+00:00,2026-06-30T08:02:40.965811,1,1,68.35,0.5,68.1,150,,,,,,,,,,,,,,,,,,,68.6,57,,,,,,,,,,,,,,,,,,
2026-06-29T22:02:41.025228+00:00,2026-06-30T08:02:41.019228,2,0,,,105.7,43,68.1,150,,,,,,,,,,,,,,,,,,,,,,,,,,,,,,,,,,,,
2026-06-29T22:02:41.078623+00:00,2026-06-30T08:02:41.073062,2,1,105.95,0.5,105.7,43,68.1,150,,,,,,,,,,,,,,,,,106.2,100,,,,,,,,,,,,,,,,,,
2026-06-29T22:02:41.427384+00:00,2026-06-30T08:02:41.426384,2,1,105.95,0.5,105.7,43,68.1,150,,,,,,,,,,,,,,,,,106.2,59,,,,,,,,,,,,,,,,,,
2026-06-29T22:02:42.069863+00:00,2026-06-30T08:02:42.059800,2,1,105.95,0.5,105.7,1,68.1,150,,,,,,,,,,,,,,,,,106.2,59,,,,,,,,,,,,,,,,,,
2026-06-29T22:02:43.017415+00:00,2026-06-30T08:02:43.008415,1,1,105.95,0.5,105.7,1,,,,,,,,,,,,,,,,,,,106.2,59,,,,,,,,,,,,,,,,,,
2026-06-29T22:02:43.082847+00:00,2026-06-30T08:02:43.079847,2,1,105.95,0.5,105.7,1,68.8,150,,,,,,,,,,,,,,,,,106.2,59,,,,,,,,,,,,,,,,,,
2026-06-29T22:02:43.158383+00:00,2026-06-30T08:02:43.148824,1,2,69.05,0.5,68.8,150,,,,,,,,,,,,,,,,,,,69.3,149,106.2,59,,,,,,,,,,,,,,,,
2026-06-29T22:02:44.113986+00:00,2026-06-30T08:02:44.108986,1,2,69.05,0.5,68.8,150,,,,,,,,,,,,,,,,,,,69.3,99,106.2,59,,,,,,,,,,,,,,,,
2026-06-29T22:02:44.136121+00:00,2026-06-30T08:02:44.127111,1,1,69.05,0.5,68.8,150,,,,,,,,,,,,,,,,,,,69.3,99,,,,,,,,,,,,,,,,,,
2026-06-29T22:02:44.189024+00:00,2026-06-30T08:02:44.179464,2,1,69.05,0.5,68.8,150,68.0,100,,,,,,,,,,,,,,,,,69.3,99,,,,,,,,,,,,,,,,,,
2026-06-29T22:02:44.233286+00:00,2026-06-30T08:02:44.232286,2,1,69.05,0.5,68.8,50,68.0,100,,,,,,,,,,,,,,,,,69.3,99,,,,,,,,,,,,,,,,,,
2026-06-29T22:02:46.200168+00:00,2026-06-30T08:02:46.191100,1,0,,,68.0,100,,,,,,,,,,,,,,,,,,,,,,,,,,,,,,,,,,,,,,
2026-06-29T22:02:46.255493+00:00,2026-06-30T08:02:46.245415,2,0,,,112.5,150,68.0,100,,,,,,,,,,,,,,,,,,,,,,,,,,,,,,,,,,,,
2026-06-29T22:02:46.277629+00:00,2026-06-30T08:02:46.267555,2,0,,,112.5,100,68.0,100,,,,,,,,,,,,,,,,,,,,,,,,,,,,,,,,,,,,
2026-06-29T22:02:46.308887+00:00,2026-06-30T08:02:46.298420,2,1,112.75,0.5,112.5,100,68.0,100,,,,,,,,,,,,,,,,,113.0,150,,,,,,,,,,,,,,,,,,
2026-06-29T22:02:47.288375+00:00,2026-06-30T08:02:47.286816,1,1,112.75,0.5,112.5,100,,,,,,,,,,,,,,,,,,,113.0,150,,,,,,,,,,,,,,,,,,
2026-06-29T22:02:47.343219+00:00,2026-06-30T08:02:47.339219,2,1,112.75,0.5,112.5,100,68.4,100,,,,,,,,,,,,,,,,,113.0,150,,,,,,,,,,,,,,,,,,
2026-06-29T22:02:47.397551+00:00,2026-06-30T08:02:47.392525,1,1,90.7,44.6,68.4,100,,,,,,,,,,,,,,,,,,,113.0,150,,,,,,,,,,,,,,,,,,
2026-06-29T22:02:49.355380+00:00,2026-06-30T08:02:49.354380,1,0,,,68.4,100,,,,,,,,,,,,,,,,,,,,,,,,,,,,,,,,,,,,,,
2026-06-29T22:02:49.409800+00:00,2026-06-30T08:02:49.405737,2,0,,,103.0,150,68.4,100,,,,,,,,,,,,,,,,,,,,,,,,,,,,,,,,,,,,
2026-06-29T22:02:49.476208+00:00,2026-06-30T08:02:49.473208,2,1,103.25,0.5,103.0,150,68.4,100,,,,,,,,,,,,,,,,,103.5,150,,,,,,,,,,,,,,,,,,
2026-06-29T22:02:50.432277+00:00,2026-06-30T08:02:50.427267,2,1,103.25,0.5,103.0,150,68.4,100,,,,,,,,,,,,,,,,,103.5,100,,,,,,,,,,,,,,,,,,
2026-06-29T22:02:50.454400+00:00,2026-06-30T08:02:50.447389,1,1,103.25,0.5,103.0,150,,,,,,,,,,,,,,,,,,,103.5,100,,,,,,,,,,,,,,,,,,
2026-06-29T22:02:50.508262+00:00,2026-06-30T08:02:50.500705,2,1,103.45,0.1,103.4,100,103.0,150,,,,,,,,,,,,,,,,,103.5,100,,,,,,,,,,,,,,,,,,
2026-06-29T22:02:50.563102+00:00,2026-06-30T08:02:50.554039,2,2,103.45,0.1,103.4,100,103.0,150,,,,,,,,,,,,,,,,,103.5,100,103.9,100,,,,,,,,,,,,,,,,
2026-06-29T22:02:52.414054+00:00,2026-06-30T08:02:52.413055,2,2,103.45,0.1,103.4,60,103.0,150,,,,,,,,,,,,,,,,,103.5,100,103.9,100,,,,,,,,,,,,,,,,
2026-06-29T22:02:52.533886+00:00,2026-06-30T08:02:52.527875,1,1,103.65,0.5,103.4,60,,,,,,,,,,,,,,,,,,,103.9,100,,,,,,,,,,,,,,,,,,
2026-06-29T22:02:52.587753+00:00,2026-06-30T08:02:52.587239,2,1,103.65,0.5,103.4,10,68.2,150,,,,,,,,,,,,,,,,,103.9,100,,,,,,,,,,,,,,,,,,
2026-06-29T22:02:52.642153+00:00,2026-06-30T08:02:52.633060,1,2,68.45,0.5,68.2,150,,,,,,,,,,,,,,,,,,,68.7,140,103.9,100,,,,,,,,,,,,,,,,
2026-06-29T22:02:53.622250+00:00,2026-06-30T08:02:53.614187,1,1,68.45,0.5,68.2,150,,,,,,,,,,,,,,,,,,,68.7,140,,,,,,,,,,,,,,,,,,
2026-06-29T22:02:53.677567+00:00,2026-06-30T08:02:53.666504,2,1,68.5,0.4,68.3,100,68.2,150,,,,,,,,,,,,,,,,,68.7,140,,,,,,,,,,,,,,,,,,
2026-06-29T22:02:53.719910+00:00,2026-06-30T08:02:53.717900,2,2,68.5,0.4,68.3,100,68.2,150,,,,,,,,,,,,,,,,,68.7,140,68.8,100,,,,,,,,,,,,,,,,
2026-06-29T22:02:54.657198+00:00,2026-06-30T08:02:54.649198,2,2,68.5,0.4,68.3,100,68.2,150,,,,,,,,,,,,,,,,,68.7,90,68.8,100,,,,,,,,,,,,,,,,
2026-06-29T22:02:55.702804+00:00,2026-06-30T08:02:55.694741,1,1,68.55,0.5,68.3,100,,,,,,,,,,,,,,,,,,,68.8,100,,,,,,,,,,,,,,,,,,
2026-06-29T22:02:55.747075+00:00,2026-06-30T08:02:55.745075,2,1,68.65,0.3,68.5,150,68.3,100,,,,,,,,,,,,,,,,,68.8,100,,,,,,,,,,,,,,,,,,
2026-06-29T22:02:55.801033+00:00,2026-06-30T08:02:55.798023,2,2,68.65,0.3,68.5,150,68.3,100,,,,,,,,,,,,,,,,,68.8,100,69.0,150,,,,,,,,,,,,,,,,
2026-06-29T22:02:56.760053+00:00,2026-06-30T08:02:56.749991,2,2,68.65,0.3,68.5,150,68.3,100,,,,,,,,,,,,,,,,,68.8,50,69.0,150,,,,,,,,,,,,,,,,
2026-06-29T22:02:56.782199+00:00,2026-06-30T08:02:56.773138,1,1,68.75,0.5,68.5,150,,,,,,,,,,,,,,,,,,,69.0,150,,,,,,,,,,,,,,,,,,
2026-06-29T22:02:56.837503+00:00,2026-06-30T08:02:56.827493,1,1,68.75,0.5,68.5,150,,,,,,,,,,,,,,,,,,,69.0,50,,,,,,,,,,,,,,,,,,
2026-06-29T22:02:56.889933+00:00,2026-06-30T08:02:56.881871,1,2,68.75,0.5,68.5,150,,,,,,,,,,,,,,,,,,,69.0,50,102.1,100,,,,,,,,,,,,,,,,
2026-06-29T22:02:58.851056+00:00,2026-06-30T08:02:58.850056,1,1,85.3,33.6,68.5,150,,,,,,,,,,,,,,,,,,,102.1,100,,,,,,,,,,,,,,,,,,
2026-06-29T22:02:58.862129+00:00,2026-06-30T08:02:58.851056,0,1,,,,,,,,,,,,,,,,,,,,,,,102.1,100,,,,,,,,,,,,,,,,,,
2026-06-29T22:02:58.906367+00:00,2026-06-30T08:02:58.902367,1,1,85.45,33.3,68.8,150,,,,,,,,,,,,,,,,,,,102.1,100,,,,,,,,,,,,,,,,,,
2026-06-29T22:02:58.970839+00:00,2026-06-30T08:02:58.962769,1,2,69.05,0.5,68.8,150,,,,,,,,,,,,,,,,,,,69.3,150,102.1,100,,,,,,,,,,,,,,,,
2026-06-29T22:02:59.938974+00:00,2026-06-30T08:02:59.934413,1,1,69.05,0.5,68.8,150,,,,,,,,,,,,,,,,,,,69.3,150,,,,,,,,,,,,,,,,,,
2026-06-29T22:02:59.994298+00:00,2026-06-30T08:02:59.987288,2,1,69.05,0.5,68.8,150,68.2,100,,,,,,,,,,,,,,,,,69.3,150,,,,,,,,,,,,,,,,,,
2026-06-29T22:03:00.048285+00:00,2026-06-30T08:03:00.043721,2,1,69.05,0.5,68.8,50,68.2,100,,,,,,,,,,,,,,,,,69.3,150,,,,,,,,,,,,,,,,,,
2026-06-29T22:03:01.017511+00:00,2026-06-30T08:03:01.016511,1,1,68.75,1.1,68.2,100,,,,,,,,,,,,,,,,,,,69.3,150,,,,,,,,,,,,,,,,,,
2026-06-29T22:03:02.012371+00:00,2026-06-30T08:03:02.008371,1,0,,,68.2,100,,,,,,,,,,,,,,,,,,,,,,,,,,,,,,,,,,,,,,
2026-06-29T22:03:02.088890+00:00,2026-06-30T08:03:02.081330,2,0,,,99.8,150,68.2,100,,,,,,,,,,,,,,,,,,,,,,,,,,,,,,,,,,,,
2026-06-29T22:03:02.133160+00:00,2026-06-30T08:03:02.129160,2,1,100.05,0.5,99.8,150,68.2,100,,,,,,,,,,,,,,,,,100.3,150,,,,,,,,,,,,,,,,,,
2026-06-29T22:03:03.103972+00:00,2026-06-30T08:03:03.094925,1,1,100.05,0.5,99.8,150,,,,,,,,,,,,,,,,,,,100.3,150,,,,,,,,,,,,,,,,,,
2026-06-29T22:03:03.126102+00:00,2026-06-30T08:03:03.123102,1,1,100.05,0.5,99.8,100,,,,,,,,,,,,,,,,,,,100.3,150,,,,,,,,,,,,,,,,,,
2026-06-29T22:03:03.157853+00:00,2026-06-30T08:03:03.149295,2,1,100.05,0.5,99.8,100,68.4,100,,,,,,,,,,,,,,,,,100.3,150,,,,,,,,,,,,,,,,,,
2026-06-29T22:03:03.212234+00:00,2026-06-30T08:03:03.203164,1,1,84.35,31.9,68.4,100,,,,,,,,,,,,,,,,,,,100.3,150,,,,,,,,,,,,,,,,,,
2026-06-29T22:03:03.962895+00:00,2026-06-30T08:03:03.956823,1,1,84.35,31.9,68.4,59,,,,,,,,,,,,,,,,,,,100.3,150,,,,,,,,,,,,,,,,,,
2026-06-29T22:03:05.199787+00:00,2026-06-30T08:03:05.188874,1,0,,,68.4,59,,,,,,,,,,,,,,,,,,,,,,,,,,,,,,,,,,,,,,
2026-06-29T22:03:05.244065+00:00,2026-06-30T08:03:05.238054,2,0,,,68.4,59,67.5,150,,,,,,,,,,,,,,,,,,,,,,,,,,,,,,,,,,,,
2026-06-29T22:03:05.298460+00:00,2026-06-30T08:03:05.291899,1,1,67.75,0.5,67.5,150,,,,,,,,,,,,,,,,,,,68.0,91,,,,,,,,,,,,,,,,,,
2026-06-29T22:03:06.331033+00:00,2026-06-30T08:03:06.320971,2,0,,,99.0,9,67.5,150,,,,,,,,,,,,,,,,,,,,,,,,,,,,,,,,,,,,
2026-06-29T22:03:06.375281+00:00,2026-06-30T08:03:06.369281,2,1,99.25,0.5,99.0,9,67.5,150,,,,,,,,,,,,,,,,,99.5,100,,,,,,,,,,,,,,,,,,
2026-06-29T22:03:07.344117+00:00,2026-06-30T08:03:07.342117,1,1,83.5,32.0,67.5,150,,,,,,,,,,,,,,,,,,,99.5,100,,,,,,,,,,,,,,,,,,
2026-06-29T22:03:08.355122+00:00,2026-06-30T08:03:08.350122,0,1,,,,,,,,,,,,,,,,,,,,,,,99.5,100,,,,,,,,,,,,,,,,,,
2026-06-29T22:03:08.408517+00:00,2026-06-30T08:03:08.402942,1,1,83.85,31.3,68.2,150,,,,,,,,,,,,,,,,,,,99.5,100,,,,,,,,,,,,,,,,,,
2026-06-29T22:03:08.463362+00:00,2026-06-30T08:03:08.455299,1,2,68.45,0.5,68.2,150,,,,,,,,,,,,,,,,,,,68.7,150,99.5,100,,,,,,,,,,,,,,,,
2026-06-29T22:03:09.428496+00:00,2026-06-30T08:03:09.423934,1,1,68.45,0.5,68.2,150,,,,,,,,,,,,,,,,,,,68.7,150,,,,,,,,,,,,,,,,,,
2026-06-29T22:03:09.461247+00:00,2026-06-30T08:03:09.450185,1,1,68.45,0.5,68.2,100,,,,,,,,,,,,,,,,,,,68.7,150,,,,,,,,,,,,,,,,,,
2026-06-29T22:03:09.483371+00:00,2026-06-30T08:03:09.477361,1,1,68.45,0.5,68.2,200,,,,,,,,,,,,,,,,,,,68.7,150,,,,,,,,,,,,,,,,,,
2026-06-29T22:03:09.537244+00:00,2026-06-30T08:03:09.530208,1,1,68.45,0.5,68.2,200,,,,,,,,,,,,,,,,,,,68.7,250,,,,,,,,,,,,,,,,,,
2026-06-29T22:03:09.786419+00:00,2026-06-30T08:03:09.777408,1,1,68.45,0.5,68.2,200,,,,,,,,,,,,,,,,,,,68.7,203,,,,,,,,,,,,,,,,,,
2026-06-29T22:03:10.404119+00:00,2026-06-30T08:03:10.402119,1,1,68.45,0.5,68.2,200,,,,,,,,,,,,,,,,,,,68.7,158,,,,,,,,,,,,,,,,,,
2026-06-29T22:03:11.513100+00:00,2026-06-30T08:03:11.511100,1,1,68.45,0.5,68.2,100,,,,,,,,,,,,,,,,,,,68.7,100,,,,,,,,,,,,,,,,,,
2026-06-29T22:03:11.567466+00:00,2026-06-30T08:03:11.561441,2,1,68.5,0.4,68.3,150,68.2,50,,,,,,,,,,,,,,,,,68.7,100,,,,,,,,,,,,,,,,,,
2026-06-29T22:03:11.621917+00:00,2026-06-30T08:03:11.615852,2,2,68.5,0.4,68.3,150,68.2,50,,,,,,,,,,,,,,,,,68.7,100,68.8,150,,,,,,,,,,,,,,,,
2026-06-29T22:03:12.589015+00:00,2026-06-30T08:03:12.586445,1,1,68.55,0.5,68.3,150,,,,,,,,,,,,,,,,,,,68.8,150,,,,,,,,,,,,,,,,,,
2026-06-29T22:03:12.655406+00:00,2026-06-30T08:03:12.645343,1,1,68.55,0.5,68.3,150,,,,,,,,,,,,,,,,,,,68.8,50,,,,,,,,,,,,,,,,,,
2026-06-29T22:03:12.698243+00:00,2026-06-30T08:03:12.692684,1,2,68.55,0.5,68.3,150,,,,,,,,,,,,,,,,,,,68.8,50,97.8,100,,,,,,,,,,,,,,,,
2026-06-29T22:03:13.678307+00:00,2026-06-30T08:03:13.672727,1,2,68.55,0.5,68.3,100,,,,,,,,,,,,,,,,,,,68.8,50,97.8,100,,,,,,,,,,,,,,,,
2026-06-29T22:03:14.678489+00:00,2026-06-30T08:03:14.671930,0,1,,,,,,,,,,,,,,,,,,,,,,,97.8,100,,,,,,,,,,,,,,,,,,
2026-06-29T22:03:14.733331+00:00,2026-06-30T08:03:14.724268,1,1,83.25,29.1,68.7,150,,,,,,,,,,,,,,,,,,,97.8,100,,,,,,,,,,,,,,,,,,
2026-06-29T22:03:14.787674+00:00,2026-06-30T08:03:14.783646,1,2,68.95,0.5,68.7,150,,,,,,,,,,,,,,,,,,,69.2,150,97.8,100,,,,,,,,,,,,,,,,
2026-06-29T22:03:15.755439+00:00,2026-06-30T08:03:15.746376,1,1,68.95,0.5,68.7,150,,,,,,,,,,,,,,,,,,,69.2,150,,,,,,,,,,,,,,,,,,
2026-06-29T22:03:15.808826+00:00,2026-06-30T08:03:15.800267,2,1,68.95,0.5,68.7,150,67.9,100,,,,,,,,,,,,,,,,,69.2,150,,,,,,,,,,,,,,,,,,
2026-06-29T22:03:15.864156+00:00,2026-06-30T08:03:15.854094,2,1,68.95,0.5,68.7,50,67.9,100,,,,,,,,,,,,,,,,,69.2,150,,,,,,,,,,,,,,,,,,
2026-06-29T22:03:16.757182+00:00,2026-06-30T08:03:16.753182,2,1,68.95,0.5,68.7,2,67.9,100,,,,,,,,,,,,,,,,,69.2,150,,,,,,,,,,,,,,,,,,
2026-06-29T22:03:17.843112+00:00,2026-06-30T08:03:17.835049,1,0,,,67.9,100,,,,,,,,,,,,,,,,,,,,,,,,,,,,,,,,,,,,,,
2026-06-29T22:03:17.887358+00:00,2026-06-30T08:03:17.882358,1,0,,,67.9,50,,,,,,,,,,,,,,,,,,,,,,,,,,,,,,,,,,,,,,
2026-06-29T22:03:17.897468+00:00,2026-06-30T08:03:17.887522,2,0,,,68.2,150,67.9,50,,,,,,,,,,,,,,,,,,,,,,,,,,,,,,,,,,,,
2026-06-29T22:03:17.940767+00:00,2026-06-30T08:03:17.939766,2,1,68.45,0.5,68.2,150,67.9,50,,,,,,,,,,,,,,,,,68.7,150,,,,,,,,,,,,,,,,,,
2026-06-29T22:03:18.918779+00:00,2026-06-30T08:03:18.913186,1,1,68.45,0.5,68.2,150,,,,,,,,,,,,,,,,,,,68.7,150,,,,,,,,,,,,,,,,,,
2026-06-29T22:03:18.985174+00:00,2026-06-30T08:03:18.977164,2,1,68.45,0.5,68.2,150,68.0,100,,,,,,,,,,,,,,,,,68.7,150,,,,,,,,,,,,,,,,,,
2026-06-29T22:03:19.039101+00:00,2026-06-30T08:03:19.028662,2,2,68.35,0.3,68.2,150,68.0,100,,,,,,,,,,,,,,,,,68.5,100,68.7,150,,,,,,,,,,,,,,,,
2026-06-29T22:03:19.997939+00:00,2026-06-30T08:03:19.991380,2,2,68.35,0.3,68.2,100,68.0,100,,,,,,,,,,,,,,,,,68.5,100,68.7,150,,,,,,,,,,,,,,,,
2026-06-29T22:03:20.996194+00:00,2026-06-30T08:03:20.995194,1,1,68.25,0.5,68.0,100,,,,,,,,,,,,,,,,,,,68.5,100,,,,,,,,,,,,,,,,,,
2026-06-29T22:03:21.049097+00:00,2026-06-30T08:03:21.048584,1,1,68.25,0.5,68.0,250,,,,,,,,,,,,,,,,,,,68.5,100,,,,,,,,,,,,,,,,,,
2026-06-29T22:03:21.104419+00:00,2026-06-30T08:03:21.101411,1,1,68.25,0.5,68.0,250,,,,,,,,,,,,,,,,,,,68.5,250,,,,,,,,,,,,,,,,,,
2026-06-29T22:03:22.084099+00:00,2026-06-30T08:03:22.082099,1,1,68.25,0.5,68.0,250,,,,,,,,,,,,,,,,,,,68.5,150,,,,,,,,,,,,,,,,,,
2026-06-29T22:03:22.095152+00:00,2026-06-30T08:03:22.084099,1,1,68.25,0.5,68.0,150,,,,,,,,,,,,,,,,,,,68.5,150,,,,,,,,,,,,,,,,,,
2026-06-29T22:03:22.106251+00:00,2026-06-30T08:03:22.097241,1,1,68.25,0.5,68.0,100,,,,,,,,,,,,,,,,,,,68.5,150,,,,,,,,,,,,,,,,,,
2026-06-29T22:03:22.159669+00:00,2026-06-30T08:03:22.150605,2,1,68.3,0.4,68.1,100,68.0,100,,,,,,,,,,,,,,,,,68.5,150,,,,,,,,,,,,,,,,,,
2026-06-29T22:03:22.214977+00:00,2026-06-30T08:03:22.212977,2,2,68.3,0.4,68.1,100,68.0,100,,,,,,,,,,,,,,,,,68.5,150,68.6,100,,,,,,,,,,,,,,,,
2026-06-29T22:03:22.497355+00:00,2026-06-30T08:03:22.490310,2,2,68.3,0.4,68.1,100,68.0,100,,,,,,,,,,,,,,,,,68.5,109,68.6,100,,,,,,,,,,,,,,,,
2026-06-29T22:03:23.118127+00:00,2026-06-30T08:03:23.111557,2,2,68.3,0.4,68.1,100,68.0,100,,,,,,,,,,,,,,,,,68.5,67,68.6,100,,,,,,,,,,,,,,,,
2026-06-29T22:03:24.154085+00:00,2026-06-30T08:03:24.151085,2,2,68.3,0.4,68.1,100,68.0,100,,,,,,,,,,,,,,,,,68.5,17,68.6,100,,,,,,,,,,,,,,,,
2026-06-29T22:03:24.165149+00:00,2026-06-30T08:03:24.156086,1,1,68.35,0.5,68.1,100,,,,,,,,,,,,,,,,,,,68.6,100,,,,,,,,,,,,,,,,,,
2026-06-29T22:03:24.218552+00:00,2026-06-30T08:03:24.213985,2,1,68.5,0.2,68.4,150,68.1,100,,,,,,,,,,,,,,,,,68.6,100,,,,,,,,,,,,,,,,,,
2026-06-29T22:03:24.262818+00:00,2026-06-30T08:03:24.260818,2,2,68.5,0.2,68.4,150,68.1,100,,,,,,,,,,,,,,,,,68.6,100,68.9,150,,,,,,,,,,,,,,,,
2026-06-29T22:03:24.273881+00:00,2026-06-30T08:03:24.262949,2,2,68.5,0.2,68.4,150,68.1,100,,,,,,,,,,,,,,,,,68.6,51,68.9,150,,,,,,,,,,,,,,,,
2026-06-29T22:03:25.264087+00:00,2026-06-30T08:03:25.255024,1,1,68.65,0.5,68.4,150,,,,,,,,,,,,,,,,,,,68.9,150,,,,,,,,,,,,,,,,,,
2026-06-29T22:03:25.317973+00:00,2026-06-30T08:03:25.307531,2,1,68.65,0.5,68.4,150,68.3,100,,,,,,,,,,,,,,,,,68.9,150,,,,,,,,,,,,,,,,,,
2026-06-29T22:03:25.361748+00:00,2026-06-30T08:03:25.359748,2,2,68.6,0.4,68.4,150,68.3,100,,,,,,,,,,,,,,,,,68.8,100,68.9,150,,,,,,,,,,,,,,,,
2026-06-29T22:03:26.185441+00:00,2026-06-30T08:03:26.179441,2,2,68.6,0.4,68.4,103,68.3,100,,,,,,,,,,,,,,,,,68.8,100,68.9,150,,,,,,,,,,,,,,,,
2026-06-29T22:03:26.259995+00:00,2026-06-30T08:03:26.258995,2,2,68.6,0.4,68.4,103,68.3,100,,,,,,,,,,,,,,,,,68.8,50,68.9,150,,,,,,,,,,,,,,,,
2026-06-29T22:03:27.326580+00:00,2026-06-30T08:03:27.318580,1,1,68.55,0.5,68.3,100,,,,,,,,,,,,,,,,,,,68.8,50,,,,,,,,,,,,,,,,,,
2026-06-29T22:03:27.379988+00:00,2026-06-30T08:03:27.371926,2,1,68.55,0.5,68.3,100,68.2,150,,,,,,,,,,,,,,,,,68.8,50,,,,,,,,,,,,,,,,,,
2026-06-29T22:03:27.435295+00:00,2026-06-30T08:03:27.424348,2,2,68.5,0.4,68.3,100,68.2,150,,,,,,,,,,,,,,,,,68.7,150,68.8,50,,,,,,,,,,,,,,,,
2026-06-29T22:03:28.372190+00:00,2026-06-30T08:03:28.366129,2,2,68.5,0.4,68.3,100,68.2,150,,,,,,,,,,,,,,,,,68.7,100,68.8,50,,,,,,,,,,,,,,,,
2026-06-29T22:03:28.416432+00:00,2026-06-30T08:03:28.415440,2,1,68.5,0.4,68.3,100,68.2,150,,,,,,,,,,,,,,,,,68.7,100,,,,,,,,,,,,,,,,,,
2026-06-29T22:03:28.427504+00:00,2026-06-30T08:03:28.416586,1,1,68.45,0.5,68.2,150,,,,,,,,,,,,,,,,,,,68.7,100,,,,,,,,,,,,,,,,,,
2026-06-29T22:03:28.480920+00:00,2026-06-30T08:03:28.475856,1,0,,,68.2,150,,,,,,,,,,,,,,,,,,,,,,,,,,,,,,,,,,,,,,
2026-06-29T22:03:28.525197+00:00,2026-06-30T08:03:28.521197,1,1,81.0,25.6,68.2,150,,,,,,,,,,,,,,,,,,,93.8,100,,,,,,,,,,,,,,,,,,
2026-06-29T22:03:30.496277+00:00,2026-06-30T08:03:30.490277,0,1,,,,,,,,,,,,,,,,,,,,,,,93.8,100,,,,,,,,,,,,,,,,,,
2026-06-29T22:03:31.583160+00:00,2026-06-30T08:03:31.575096,0,0,,,,,,,,,,,,,,,,,,,,,,,,,,,,,,,,,,,,,,,,,,
2026-06-29T22:03:31.637526+00:00,2026-06-30T08:03:31.627588,1,0,,,68.1,100,,,,,,,,,,,,,,,,,,,,,,,,,,,,,,,,,,,,,,
2026-06-29T22:03:31.702953+00:00,2026-06-30T08:03:31.692890,1,1,68.35,0.5,68.1,100,,,,,,,,,,,,,,,,,,,68.6,100,,,,,,,,,,,,,,,,,,
2026-06-29T22:03:32.527449+00:00,2026-06-30T08:03:32.522449,1,1,68.35,0.5,68.1,50,,,,,,,,,,,,,,,,,,,68.6,100,,,,,,,,,,,,,,,,,,
2026-06-29T22:03:32.537558+00:00,2026-06-30T08:03:32.535512,1,1,68.35,0.5,68.1,6,,,,,,,,,,,,,,,,,,,68.6,100,,,,,,,,,,,,,,,,,,
2026-06-29T22:03:33.598942+00:00,2026-06-30T08:03:33.596383,2,0,,,68.8,50,68.1,6,,,,,,,,,,,,,,,,,,,,,,,,,,,,,,,,,,,,
2026-06-29T22:03:33.654314+00:00,2026-06-30T08:03:33.649314,2,1,69.05,0.5,68.8,50,68.1,6,,,,,,,,,,,,,,,,,69.3,150,,,,,,,,,,,,,,,,,,
2026-06-29T22:03:34.653002+00:00,2026-06-30T08:03:34.650002,1,1,68.7,1.2,68.1,6,,,,,,,,,,,,,,,,,,,69.3,150,,,,,,,,,,,,,,,,,,
2026-06-29T22:03:34.750175+00:00,2026-06-30T08:03:34.748165,0,1,,,,,,,,,,,,,,,,,,,,,,,69.3,150,,,,,,,,,,,,,,,,,,
2026-06-29T22:03:34.805485+00:00,2026-06-30T08:03:34.800485,1,1,68.75,1.1,68.2,100,,,,,,,,,,,,,,,,,,,69.3,150,,,,,,,,,,,,,,,,,,
2026-06-29T22:03:34.858872+00:00,2026-06-30T08:03:34.853313,1,2,68.45,0.5,68.2,100,,,,,,,,,,,,,,,,,,,68.7,100,69.3,150,,,,,,,,,,,,,,,,
2026-06-29T22:03:36.708080+00:00,2026-06-30T08:03:36.704491,1,1,68.45,0.5,68.2,100,,,,,,,,,,,,,,,,,,,68.7,100,,,,,,,,,,,,,,,,,,
2026-06-29T22:03:36.763017+00:00,2026-06-30T08:03:36.759017,1,1,68.45,0.5,68.2,250,,,,,,,,,,,,,,,,,,,68.7,100,,,,,,,,,,,,,,,,,,
2026-06-29T22:03:36.818142+00:00,2026-06-30T08:03:36.813141,1,1,68.45,0.5,68.2,250,,,,,,,,,,,,,,,,,,,68.7,250,,,,,,,,,,,,,,,,,,
2026-06-29T22:03:37.907478+00:00,2026-06-30T08:03:37.906478,1,1,68.45,0.5,68.2,150,,,,,,,,,,,,,,,,,,,68.7,150,,,,,,,,,,,,,,,,,,
2026-06-29T22:03:37.961405+00:00,2026-06-30T08:03:37.958405,1,1,68.45,0.5,68.2,250,,,,,,,,,,,,,,,,,,,68.7,150,,,,,,,,,,,,,,,,,,
2026-06-29T22:03:38.016714+00:00,2026-06-30T08:03:38.009714,1,1,68.45,0.5,68.2,250,,,,,,,,,,,,,,,,,,,68.7,250,,,,,,,,,,,,,,,,,,
2026-06-29T22:03:38.037895+00:00,2026-06-30T08:03:38.029868,1,1,68.45,0.5,68.2,204,,,,,,,,,,,,,,,,,,,68.7,250,,,,,,,,,,,,,,,,,,
2026-06-29T22:03:38.788938+00:00,2026-06-30T08:03:38.788369,1,1,68.45,0.5,68.2,204,,,,,,,,,,,,,,,,,,,68.7,200,,,,,,,,,,,,,,,,,,
2026-06-29T22:03:39.877606+00:00,2026-06-30T08:03:39.868579,1,1,68.45,0.5,68.2,100,,,,,,,,,,,,,,,,,,,68.7,100,,,,,,,,,,,,,,,,,,
2026-06-29T22:03:39.931989+00:00,2026-06-30T08:03:39.928980,1,1,68.45,0.5,68.2,250,,,,,,,,,,,,,,,,,,,68.7,100,,,,,,,,,,,,,,,,,,
2026-06-29T22:03:39.986349+00:00,2026-06-30T08:03:39.975278,1,1,68.45,0.5,68.2,250,,,,,,,,,,,,,,,,,,,68.7,250,,,,,,,,,,,,,,,,,,
2026-06-29T22:03:40.953023+00:00,2026-06-30T08:03:40.944967,1,1,68.45,0.5,68.2,200,,,,,,,,,,,,,,,,,,,68.7,250,,,,,,,,,,,,,,,,,,
2026-06-29T22:03:41.072840+00:00,2026-06-30T08:03:41.064776,1,1,68.45,0.5,68.2,150,,,,,,,,,,,,,,,,,,,68.7,150,,,,,,,,,,,,,,,,,,
2026-06-29T22:03:41.127717+00:00,2026-06-30T08:03:41.119157,2,1,68.45,0.5,68.2,150,68.0,100,,,,,,,,,,,,,,,,,68.7,150,,,,,,,,,,,,,,,,,,
2026-06-29T22:03:41.182105+00:00,2026-06-30T08:03:41.171196,2,2,68.35,0.3,68.2,150,68.0,100,,,,,,,,,,,,,,,,,68.5,100,68.7,150,,,,,,,,,,,,,,,,
2026-06-29T22:03:43.015627+00:00,2026-06-30T08:03:43.006564,2,2,68.35,0.3,68.2,150,68.0,100,,,,,,,,,,,,,,,,,68.5,50,68.7,150,,,,,,,,,,,,,,,,
2026-06-29T22:03:43.037325+00:00,2026-06-30T08:03:43.029285,1,1,68.25,0.5,68.0,100,,,,,,,,,,,,,,,,,,,68.5,50,,,,,,,,,,,,,,,,,,
2026-06-29T22:03:43.089781+00:00,2026-06-30T08:03:43.081719,2,1,68.4,0.2,68.3,150,68.0,100,,,,,,,,,,,,,,,,,68.5,50,,,,,,,,,,,,,,,,,,
2026-06-29T22:03:43.111904+00:00,2026-06-30T08:03:43.101843,2,1,68.4,0.2,68.3,150,68.0,100,,,,,,,,,,,,,,,,,68.5,9,,,,,,,,,,,,,,,,,,
2026-06-29T22:03:43.145115+00:00,2026-06-30T08:03:43.135050,2,2,68.4,0.2,68.3,150,68.0,100,,,,,,,,,,,,,,,,,68.5,9,68.8,150,,,,,,,,,,,,,,,,
2026-06-29T22:03:43.687246+00:00,2026-06-30T08:03:43.680220,2,2,68.4,0.2,68.3,108,68.0,100,,,,,,,,,,,,,,,,,68.5,9,68.8,150,,,,,,,,,,,,,,,,
2026-06-29T22:03:44.231073+00:00,2026-06-30T08:03:44.227010,1,1,68.55,0.5,68.3,108,,,,,,,,,,,,,,,,,,,68.8,150,,,,,,,,,,,,,,,,,,
2026-06-29T22:03:44.286393+00:00,2026-06-30T08:03:44.284393,1,1,68.55,0.5,68.3,108,,,,,,,,,,,,,,,,,,,68.8,50,,,,,,,,,,,,,,,,,,
2026-06-29T22:03:44.339796+00:00,2026-06-30T08:03:44.331734,1,2,68.55,0.5,68.3,108,,,,,,,,,,,,,,,,,,,68.8,50,89.9,100,,,,,,,,,,,,,,,,
2026-06-29T22:03:45.109649+00:00,2026-06-30T08:03:45.105585,1,1,79.1,21.6,68.3,108,,,,,,,,,,,,,,,,,,,89.9,100,,,,,,,,,,,,,,,,,,
2026-06-29T22:03:45.197238+00:00,2026-06-30T08:03:45.192185,1,1,79.1,21.6,68.3,108,,,,,,,,,,,,,,,,,,,89.9,53,,,,,,,,,,,,,,,,,,
2026-06-29T22:03:46.184389+00:00,2026-06-30T08:03:46.183382,1,1,79.1,21.6,68.3,60,,,,,,,,,,,,,,,,,,,89.9,53,,,,,,,,,,,,,,,,,,
2026-06-29T22:03:46.195453+00:00,2026-06-30T08:03:46.188453,0,1,,,,,,,,,,,,,,,,,,,,,,,89.9,53,,,,,,,,,,,,,,,,,,
2026-06-29T22:03:46.249897+00:00,2026-06-30T08:03:46.241835,1,1,79.15,21.5,68.4,150,,,,,,,,,,,,,,,,,,,89.9,53,,,,,,,,,,,,,,,,,,
2026-06-29T22:03:46.305233+00:00,2026-06-30T08:03:46.294170,1,2,68.65,0.5,68.4,150,,,,,,,,,,,,,,,,,,,68.9,150,89.9,53,,,,,,,,,,,,,,,,
2026-06-29T22:03:47.274332+00:00,2026-06-30T08:03:47.263255,1,2,68.65,0.5,68.4,100,,,,,,,,,,,,,,,,,,,68.9,150,89.9,53,,,,,,,,,,,,,,,,
2026-06-29T22:03:47.393144+00:00,2026-06-30T08:03:47.384081,1,1,68.65,0.5,68.4,100,,,,,,,,,,,,,,,,,,,68.9,150,,,,,,,,,,,,,,,,,,
2026-06-29T22:03:47.448020+00:00,2026-06-30T08:03:47.441460,2,1,68.65,0.5,68.4,100,68.0,100,,,,,,,,,,,,,,,,,68.9,150,,,,,,,,,,,,,,,,,,
2026-06-29T22:03:47.502869+00:00,2026-06-30T08:03:47.494806,2,2,68.45,0.1,68.4,100,68.0,100,,,,,,,,,,,,,,,,,68.5,100,68.9,150,,,,,,,,,,,,,,,,
2026-06-29T22:03:47.774188+00:00,2026-06-30T08:03:47.771188,2,2,68.45,0.1,68.4,100,68.0,100,,,,,,,,,,,,,,,,,68.5,55,68.9,150,,,,,,,,,,,,,,,,
2026-06-29T22:03:49.350742+00:00,2026-06-30T08:03:49.348742,2,1,68.45,0.1,68.4,100,68.0,100,,,,,,,,,,,,,,,,,68.5,55,,,,,,,,,,,,,,,,,,
2026-06-29T22:03:49.361804+00:00,2026-06-30T08:03:49.352733,1,1,68.25,0.5,68.0,100,,,,,,,,,,,,,,,,,,,68.5,55,,,,,,,,,,,,,,,,,,
2026-06-29T22:03:49.372866+00:00,2026-06-30T08:03:49.369866,1,1,68.25,0.5,68.0,50,,,,,,,,,,,,,,,,,,,68.5,55,,,,,,,,,,,,,,,,,,
2026-06-29T22:03:49.406053+00:00,2026-06-30T08:03:49.405053,2,1,68.35,0.3,68.2,150,68.0,50,,,,,,,,,,,,,,,,,68.5,55,,,,,,,,,,,,,,,,,,
2026-06-29T22:03:49.458434+00:00,2026-06-30T08:03:49.456874,2,2,68.35,0.3,68.2,150,68.0,50,,,,,,,,,,,,,,,,,68.5,55,68.7,150,,,,,,,,,,,,,,,,
2026-06-29T22:03:50.405140+00:00,2026-06-30T08:03:50.396076,2,2,68.35,0.3,68.2,150,68.0,50,,,,,,,,,,,,,,,,,68.5,6,68.7,150,,,,,,,,,,,,,,,,
2026-06-29T22:03:50.557585+00:00,2026-06-30T08:03:50.548544,1,1,68.45,0.5,68.2,150,,,,,,,,,,,,,,,,,,,68.7,150,,,,,,,,,,,,,,,,,,
2026-06-29T22:03:50.611863+00:00,2026-06-30T08:03:50.600815,2,1,68.45,0.5,68.2,150,68.1,100,,,,,,,,,,,,,,,,,68.7,150,,,,,,,,,,,,,,,,,,
2026-06-29T22:03:50.656048+00:00,2026-06-30T08:03:50.653048,2,2,68.4,0.4,68.2,150,68.1,100,,,,,,,,,,,,,,,,,68.6,100,68.7,150,,,,,,,,,,,,,,,,
2026-06-29T22:03:51.483257+00:00,2026-06-30T08:03:51.478257,2,2,68.4,0.4,68.2,100,68.1,100,,,,,,,,,,,,,,,,,68.6,100,68.7,150,,,,,,,,,,,,,,,,
2026-06-29T22:03:52.517537+00:00,2026-06-30T08:03:52.511538,1,1,68.35,0.5,68.1,100,,,,,,,,,,,,,,,,,,,68.6,100,,,,,,,,,,,,,,,,,,
2026-06-29T22:03:52.571959+00:00,2026-06-30T08:03:52.563896,2,1,68.35,0.5,68.1,100,67.9,150,,,,,,,,,,,,,,,,,68.6,100,,,,,,,,,,,,,,,,,,
2026-06-29T22:03:52.616210+00:00,2026-06-30T08:03:52.615210,2,2,68.25,0.3,68.1,100,67.9,150,,,,,,,,,,,,,,,,,68.4,150,68.6,100,,,,,,,,,,,,,,,,
2026-06-29T22:03:53.592268+00:00,2026-06-30T08:03:53.585206,2,2,68.25,0.3,68.1,50,67.9,150,,,,,,,,,,,,,,,,,68.4,150,68.6,100,,,,,,,,,,,,,,,,
2026-06-29T22:03:53.709031+00:00,2026-06-30T08:03:53.708031,1,1,68.15,0.5,67.9,150,,,,,,,,,,,,,,,,,,,68.4,150,,,,,,,,,,,,,,,,,,
2026-06-29T22:03:53.764345+00:00,2026-06-30T08:03:53.760345,2,1,68.2,0.4,68.0,100,67.9,150,,,,,,,,,,,,,,,,,68.4,150,,,,,,,,,,,,,,,,,,
2026-06-29T22:03:53.817719+00:00,2026-06-30T08:03:53.813692,2,2,68.2,0.4,68.0,100,67.9,150,,,,,,,,,,,,,,,,,68.4,150,68.5,100,,,,,,,,,,,,,,,,
2026-06-29T22:03:55.651101+00:00,2026-06-30T08:03:55.640038,2,2,68.2,0.4,68.0,100,67.9,150,,,,,,,,,,,,,,,,,68.4,100,68.5,100,,,,,,,,,,,,,,,,
2026-06-29T22:03:55.673224+00:00,2026-06-30T08:03:55.669224,1,1,68.25,0.5,68.0,100,,,,,,,,,,,,,,,,,,,68.5,100,,,,,,,,,,,,,,,,,,
2026-06-29T22:03:55.727561+00:00,2026-06-30T08:03:55.724529,2,0,,,86.5,50,68.0,100,,,,,,,,,,,,,,,,,,,,,,,,,,,,,,,,,,,,
2026-06-29T22:03:55.781962+00:00,2026-06-30T08:03:55.777951,2,1,86.75,0.5,86.5,50,68.0,100,,,,,,,,,,,,,,,,,87.0,150,,,,,,,,,,,,,,,,,,
2026-06-29T22:03:56.074969+00:00,2026-06-30T08:03:56.069964,2,1,86.75,0.5,86.5,10,68.0,100,,,,,,,,,,,,,,,,,87.0,150,,,,,,,,,,,,,,,,,,
2026-06-29T22:03:56.690096+00:00,2026-06-30T08:03:56.680034,1,1,77.5,19.0,68.0,69,,,,,,,,,,,,,,,,,,,87.0,150,,,,,,,,,,,,,,,,,,
2026-06-29T22:03:56.874288+00:00,2026-06-30T08:03:56.867286,0,1,,,,,,,,,,,,,,,,,,,,,,,87.0,150,,,,,,,,,,,,,,,,,,
2026-06-29T22:03:56.949843+00:00,2026-06-30T08:03:56.939780,1,1,77.6,18.8,68.2,100,,,,,,,,,,,,,,,,,,,87.0,150,,,,,,,,,,,,,,,,,,
2026-06-29T22:03:56.994096+00:00,2026-06-30T08:03:56.987019,1,2,68.45,0.5,68.2,100,,,,,,,,,,,,,,,,,,,68.7,100,87.0,150,,,,,,,,,,,,,,,,
2026-06-29T22:03:57.243794+00:00,2026-06-30T08:03:57.235205,1,2,68.45,0.5,68.2,100,,,,,,,,,,,,,,,,,,,68.7,60,87.0,150,,,,,,,,,,,,,,,,
2026-06-29T22:03:57.807469+00:00,2026-06-30T08:03:57.799469,1,2,68.45,0.5,68.2,50,,,,,,,,,,,,,,,,,,,68.7,60,87.0,150,,,,,,,,,,,,,,,,
2026-06-29T22:03:58.124116+00:00,2026-06-30T08:03:58.118116,1,2,68.45,0.5,68.2,4,,,,,,,,,,,,,,,,,,,68.7,60,87.0,150,,,,,,,,,,,,,,,,
2026-06-29T22:03:58.624969+00:00,2026-06-30T08:03:58.615905,1,2,68.45,0.5,68.2,4,,,,,,,,,,,,,,,,,,,68.7,20,87.0,150,,,,,,,,,,,,,,,,
2026-06-29T22:03:58.840935+00:00,2026-06-30T08:03:58.832873,1,1,68.45,0.5,68.2,4,,,,,,,,,,,,,,,,,,,68.7,20,,,,,,,,,,,,,,,,,,
2026-06-29T22:03:58.896277+00:00,2026-06-30T08:03:58.885215,2,1,68.45,0.5,68.2,4,67.6,150,,,,,,,,,,,,,,,,,68.7,20,,,,,,,,,,,,,,,,,,
2026-06-29T22:03:58.939624+00:00,2026-06-30T08:03:58.937614,1,2,67.85,0.5,67.6,150,,,,,,,,,,,,,,,,,,,68.1,146,68.7,20,,,,,,,,,,,,,,,,
2026-06-29T22:03:59.867297+00:00,2026-06-30T08:03:59.859297,1,2,67.85,0.5,67.6,150,,,,,,,,,,,,,,,,,,,68.1,96,68.7,20,,,,,,,,,,,,,,,,
2026-06-29T22:04:00.050219+00:00,2026-06-30T08:04:00.040157,1,1,67.85,0.5,67.6,150,,,,,,,,,,,,,,,,,,,68.1,96,,,,,,,,,,,,,,,,,,
2026-06-29T22:04:00.105526+00:00,2026-06-30T08:04:00.094576,2,0,,,85.4,4,67.6,150,,,,,,,,,,,,,,,,,,,,,,,,,,,,,,,,,,,,
2026-06-29T22:04:00.148924+00:00,2026-06-30T08:04:00.148410,2,1,85.65,0.5,85.4,4,67.6,150,,,,,,,,,,,,,,,,,85.9,100,,,,,,,,,,,,,,,,,,
2026-06-29T22:04:02.001023+00:00,2026-06-30T08:04:01.999023,1,1,85.65,0.5,85.4,4,,,,,,,,,,,,,,,,,,,85.9,100,,,,,,,,,,,,,,,,,,
2026-06-29T22:04:02.023161+00:00,2026-06-30T08:04:02.016087,0,1,,,,,,,,,,,,,,,,,,,,,,,85.9,100,,,,,,,,,,,,,,,,,,
2026-06-29T22:04:02.056364+00:00,2026-06-30T08:04:02.049364,1,1,77.1,17.6,68.3,150,,,,,,,,,,,,,,,,,,,85.9,100,,,,,,,,,,,,,,,,,,
2026-06-29T22:04:02.108760+00:00,2026-06-30T08:04:02.102191,1,2,68.55,0.5,68.3,150,,,,,,,,,,,,,,,,,,,68.8,150,85.9,100,,,,,,,,,,,,,,,,
2026-06-29T22:04:02.141961+00:00,2026-06-30T08:04:02.135899,1,2,68.55,0.5,68.3,103,,,,,,,,,,,,,,,,,,,68.8,150,85.9,100,,,,,,,,,,,,,,,,
2026-06-29T22:04:03.206248+00:00,2026-06-30T08:04:03.204248,1,1,68.55,0.5,68.3,103,,,,,,,,,,,,,,,,,,,68.8,150,,,,,,,,,,,,,,,,,,
2026-06-29T22:04:03.260728+00:00,2026-06-30T08:04:03.255640,2,1,68.55,0.5,68.3,103,68.0,100,,,,,,,,,,,,,,,,,68.8,150,,,,,,,,,,,,,,,,,,
2026-06-29T22:04:03.316013+00:00,2026-06-30T08:04:03.309013,2,2,68.4,0.2,68.3,103,68.0,100,,,,,,,,,,,,,,,,,68.5,100,68.8,150,,,,,,,,,,,,,,,,
2026-06-29T22:04:03.685325+00:00,2026-06-30T08:04:03.679325,2,2,68.4,0.2,68.3,103,68.0,100,,,,,,,,,,,,,,,,,68.5,60,68.8,150,,,,,,,,,,,,,,,,
2026-06-29T22:04:04.076483+00:00,2026-06-30T08:04:04.071483,2,2,68.4,0.2,68.3,103,68.0,100,,,,,,,,,,,,,,,,,68.5,10,68.8,150,,,,,,,,,,,,,,,,
2026-06-29T22:04:04.250710+00:00,2026-06-30T08:04:04.240640,2,1,68.55,0.5,68.3,103,68.0,100,,,,,,,,,,,,,,,,,68.8,115,,,,,,,,,,,,,,,,,,
2026-06-29T22:04:04.306103+00:00,2026-06-30T08:04:04.295178,2,1,68.55,0.5,68.3,63,68.0,100,,,,,,,,,,,,,,,,,68.8,115,,,,,,,,,,,,,,,,,,
2026-06-29T22:04:05.164903+00:00,2026-06-30T08:04:05.156904,1,0,,,68.0,100,,,,,,,,,,,,,,,,,,,,,,,,,,,,,,,,,,,,,,
2026-06-29T22:04:05.218706+00:00,2026-06-30T08:04:05.209163,2,0,,,68.2,150,68.0,100,,,,,,,,,,,,,,,,,,,,,,,,,,,,,,,,,,,,
2026-06-29T22:04:05.262909+00:00,2026-06-30T08:04:05.261908,2,1,68.45,0.5,68.2,150,68.0,100,,,,,,,,,,,,,,,,,68.7,150,,,,,,,,,,,,,,,,,,
2026-06-29T22:04:06.233263+00:00,2026-06-30T08:04:06.230255,2,1,68.45,0.5,68.2,100,68.0,100,,,,,,,,,,,,,,,,,68.7,150,,,,,,,,,,,,,,,,,,
2026-06-29T22:04:06.364129+00:00,2026-06-30T08:04:06.362128,1,1,68.45,0.5,68.2,100,,,,,,,,,,,,,,,,,,,68.7,150,,,,,,,,,,,,,,,,,,
2026-06-29T22:04:06.417512+00:00,2026-06-30T08:04:06.415486,2,1,68.5,0.4,68.3,100,68.2,100,,,,,,,,,,,,,,,,,68.7,150,,,,,,,,,,,,,,,,,,
2026-06-29T22:04:06.471887+00:00,2026-06-30T08:04:06.466825,2,2,68.5,0.4,68.3,100,68.2,100,,,,,,,,,,,,,,,,,68.7,150,68.8,100,,,,,,,,,,,,,,,,
2026-06-29T22:04:08.323400+00:00,2026-06-30T08:04:08.315336,1,1,68.55,0.5,68.3,100,,,,,,,,,,,,,,,,,,,68.8,100,,,,,,,,,,,,,,,,,,
2026-06-29T22:04:08.378269+00:00,2026-06-30T08:04:08.368701,2,1,68.55,0.5,68.3,100,68.0,150,,,,,,,,,,,,,,,,,68.8,100,,,,,,,,,,,,,,,,,,
2026-06-29T22:04:08.433132+00:00,2026-06-30T08:04:08.422049,2,2,68.4,0.2,68.3,100,68.0,150,,,,,,,,,,,,,,,,,68.5,150,68.8,100,,,,,,,,,,,,,,,,
2026-06-29T22:04:08.466383+00:00,2026-06-30T08:04:08.455273,2,2,68.4,0.2,68.3,100,68.0,150,,,,,,,,,,,,,,,,,68.5,106,68.8,100,,,,,,,,,,,,,,,,
2026-06-29T22:04:09.531977+00:00,2026-06-30T08:04:09.524906,1,1,68.25,0.5,68.0,150,,,,,,,,,,,,,,,,,,,68.5,106,,,,,,,,,,,,,,,,,,
2026-06-29T22:04:09.576247+00:00,2026-06-30T08:04:09.571247,1,1,68.25,0.5,68.0,104,,,,,,,,,,,,,,,,,,,68.5,106,,,,,,,,,,,,,,,,,,
2026-06-29T22:04:09.587311+00:00,2026-06-30T08:04:09.576247,2,1,68.45,0.1,68.4,100,68.0,104,,,,,,,,,,,,,,,,,68.5,106,,,,,,,,,,,,,,,,,,
2026-06-29T22:04:09.639777+00:00,2026-06-30T08:04:09.628834,2,2,68.45,0.1,68.4,100,68.0,104,,,,,,,,,,,,,,,,,68.5,106,68.9,100,,,,,,,,,,,,,,,,
2026-06-29T22:04:10.399817+00:00,2026-06-30T08:04:10.391762,2,2,68.45,0.1,68.4,100,68.0,104,,,,,,,,,,,,,,,,,68.5,56,68.9,100,,,,,,,,,,,,,,,,
2026-06-29T22:04:11.476024+00:00,2026-06-30T08:04:11.475024,2,1,68.65,0.5,68.4,100,68.0,104,,,,,,,,,,,,,,,,,68.9,100,,,,,,,,,,,,,,,,,,
2026-06-29T22:04:11.487093+00:00,2026-06-30T08:04:11.477024,1,1,68.65,0.5,68.4,100,,,,,,,,,,,,,,,,,,,68.9,100,,,,,,,,,,,,,,,,,,
2026-06-29T22:04:11.540027+00:00,2026-06-30T08:04:11.530964,2,0,,,82.4,50,68.4,100,,,,,,,,,,,,,,,,,,,,,,,,,,,,,,,,,,,,
2026-06-29T22:04:11.584274+00:00,2026-06-30T08:04:11.583274,2,1,82.65,0.5,82.4,50,68.4,100,,,,,,,,,,,,,,,,,82.9,150,,,,,,,,,,,,,,,,,,
2026-06-29T22:04:12.554297+00:00,2026-06-30T08:04:12.548297,1,1,75.65,14.5,68.4,100,,,,,,,,,,,,,,,,,,,82.9,150,,,,,,,,,,,,,,,,,,
2026-06-29T22:04:12.685213+00:00,2026-06-30T08:04:12.684213,0,1,,,,,,,,,,,,,,,,,,,,,,,82.9,150,,,,,,,,,,,,,,,,,,
2026-06-29T22:04:12.738602+00:00,2026-06-30T08:04:12.734036,1,1,82.75,0.3,82.6,100,,,,,,,,,,,,,,,,,,,82.9,150,,,,,,,,,,,,,,,,,,
2026-06-29T22:04:12.793942+00:00,2026-06-30T08:04:12.785880,1,2,82.75,0.3,82.6,100,,,,,,,,,,,,,,,,,,,82.9,150,83.1,100,,,,,,,,,,,,,,,,
2026-06-29T22:04:14.638771+00:00,2026-06-30T08:04:14.637202,1,1,82.85,0.5,82.6,100,,,,,,,,,,,,,,,,,,,83.1,100,,,,,,,,,,,,,,,,,,
2026-06-29T22:04:14.660911+00:00,2026-06-30T08:04:14.657901,1,1,82.85,0.5,82.6,6,,,,,,,,,,,,,,,,,,,83.1,100,,,,,,,,,,,,,,,,,,
2026-06-29T22:04:14.694094+00:00,2026-06-30T08:04:14.689094,2,1,82.85,0.5,82.6,6,67.6,150,,,,,,,,,,,,,,,,,83.1,100,,,,,,,,,,,,,,,,,,
2026-06-29T22:04:14.747973+00:00,2026-06-30T08:04:14.745413,1,2,67.85,0.5,67.6,150,,,,,,,,,,,,,,,,,,,68.1,144,83.1,100,,,,,,,,,,,,,,,,
2026-06-29T22:04:15.868449+00:00,2026-06-30T08:04:15.858889,1,1,67.85,0.5,67.6,150,,,,,,,,,,,,,,,,,,,68.1,144,,,,,,,,,,,,,,,,,,
2026-06-29T22:04:15.923290+00:00,2026-06-30T08:04:15.914227,1,1,67.85,0.5,67.6,150,,,,,,,,,,,,,,,,,,,68.1,44,,,,,,,,,,,,,,,,,,
2026-06-29T22:04:15.967537+00:00,2026-06-30T08:04:15.965536,1,2,67.85,0.5,67.6,150,,,,,,,,,,,,,,,,,,,68.1,44,82.3,100,,,,,,,,,,,,,,,,
2026-06-29T22:04:16.718178+00:00,2026-06-30T08:04:16.715618,1,1,74.95,14.7,67.6,150,,,,,,,,,,,,,,,,,,,82.3,100,,,,,,,,,,,,,,,,,,
2026-06-29T22:04:17.808578+00:00,2026-06-30T08:04:17.798254,0,1,,,,,,,,,,,,,,,,,,,,,,,82.3,100,,,,,,,,,,,,,,,,,,
2026-06-29T22:04:17.852840+00:00,2026-06-30T08:04:17.849840,1,1,75.25,14.1,68.2,150,,,,,,,,,,,,,,,,,,,82.3,100,,,,,,,,,,,,,,,,,,
2026-06-29T22:04:17.907203+00:00,2026-06-30T08:04:17.904156,1,2,68.45,0.5,68.2,150,,,,,,,,,,,,,,,,,,,68.7,150,82.3,100,,,,,,,,,,,,,,,,
2026-06-29T22:04:18.375341+00:00,2026-06-30T08:04:18.364271,1,2,68.45,0.5,68.2,150,,,,,,,,,,,,,,,,,,,68.7,104,82.3,100,,,,,,,,,,,,,,,,
2026-06-29T22:04:18.887834+00:00,2026-06-30T08:04:18.881273,1,2,68.45,0.5,68.2,100,,,,,,,,,,,,,,,,,,,68.7,104,82.3,100,,,,,,,,,,,,,,,,
2026-06-29T22:04:19.028826+00:00,2026-06-30T08:04:19.021266,1,1,68.45,0.5,68.2,100,,,,,,,,,,,,,,,,,,,68.7,104,,,,,,,,,,,,,,,,,,
2026-06-29T22:04:19.084171+00:00,2026-06-30T08:04:19.074109,2,1,68.45,0.5,68.2,100,68.0,100,,,,,,,,,,,,,,,,,68.7,104,,,,,,,,,,,,,,,,,,
2026-06-29T22:04:19.137527+00:00,2026-06-30T08:04:19.128474,2,2,68.35,0.3,68.2,100,68.0,100,,,,,,,,,,,,,,,,,68.5,100,68.7,104,,,,,,,,,,,,,,,,
2026-06-29T22:04:19.756232+00:00,2026-06-30T08:04:19.746168,2,3,68.35,0.3,68.2,100,68.0,100,,,,,,,,,,,,,,,,,68.5,100,68.7,104,75.8,13,,,,,,,,,,,,,,
2026-06-29T22:04:19.809645+00:00,2026-06-30T08:04:19.806582,2,2,68.35,0.3,68.2,100,68.0,100,,,,,,,,,,,,,,,,,68.5,100,68.7,104,,,,,,,,,,,,,,,,
2026-06-29T22:04:20.341892+00:00,2026-06-30T08:04:20.333830,2,2,68.35,0.3,68.2,100,68.0,100,,,,,,,,,,,,,,,,,68.5,55,68.7,104,,,,,,,,,,,,,,,,
2026-06-29T22:04:20.960081+00:00,2026-06-30T08:04:20.959081,1,1,68.25,0.5,68.0,100,,,,,,,,,,,,,,,,,,,68.5,55,,,,,,,,,,,,,,,,,,
2026-06-29T22:04:20.993267+00:00,2026-06-30T08:04:20.988259,1,1,68.25,0.5,68.0,50,,,,,,,,,,,,,,,,,,,68.5,55,,,,,,,,,,,,,,,,,,
2026-06-29T22:04:21.015390+00:00,2026-06-30T08:04:21.011389,1,1,68.25,0.5,68.0,200,,,,,,,,,,,,,,,,,,,68.5,55,,,,,,,,,,,,,,,,,,
2026-06-29T22:04:21.068775+00:00,2026-06-30T08:04:21.064216,1,1,68.25,0.5,68.0,200,,,,,,,,,,,,,,,,,,,68.5,205,,,,,,,,,,,,,,,,,,
2026-06-29T22:04:22.189868+00:00,2026-06-30T08:04:22.184804,1,1,68.25,0.5,68.0,150,,,,,,,,,,,,,,,,,,,68.5,150,,,,,,,,,,,,,,,,,,
2026-06-29T22:04:22.245207+00:00,2026-06-30T08:04:22.238207,2,1,68.25,0.5,68.0,150,67.9,100,,,,,,,,,,,,,,,,,68.5,150,,,,,,,,,,,,,,,,,,
2026-06-29T22:04:22.298628+00:00,2026-06-30T08:04:22.292049,2,2,68.2,0.4,68.0,150,67.9,100,,,,,,,,,,,,,,,,,68.4,100,68.5,150,,,,,,,,,,,,,,,,
2026-06-29T22:04:23.116221+00:00,2026-06-30T08:04:23.111221,2,2,68.2,0.4,68.0,100,67.9,100,,,,,,,,,,,,,,,,,68.4,100,68.5,150,,,,,,,,,,,,,,,,
2026-06-29T22:04:24.127550+00:00,2026-06-30T08:04:24.118550,1,1,68.15,0.5,67.9,100,,,,,,,,,,,,,,,,,,,68.4,100,,,,,,,,,,,,,,,,,,
2026-06-29T22:04:24.180955+00:00,2026-06-30T08:04:24.170893,2,1,68.15,0.5,67.9,100,67.7,150,,,,,,,,,,,,,,,,,68.4,100,,,,,,,,,,,,,,,,,,
2026-06-29T22:04:24.225221+00:00,2026-06-30T08:04:24.224212,2,2,68.05,0.3,67.9,100,67.7,150,,,,,,,,,,,,,,,,,68.2,150,68.4,100,,,,,,,,,,,,,,,,
2026-06-29T22:04:25.225053+00:00,2026-06-30T08:04:25.222053,2,2,68.05,0.3,67.9,50,67.7,150,,,,,,,,,,,,,,,,,68.2,150,68.4,100,,,,,,,,,,,,,,,,
2026-06-29T22:04:25.355435+00:00,2026-06-30T08:04:25.347426,1,1,67.95,0.5,67.7,150,,,,,,,,,,,,,,,,,,,68.2,150,,,,,,,,,,,,,,,,,,
2026-06-29T22:04:25.408846+00:00,2026-06-30T08:04:25.399286,2,1,68.0,0.4,67.8,100,67.7,150,,,,,,,,,,,,,,,,,68.2,150,,,,,,,,,,,,,,,,,,
2026-06-29T22:04:25.453126+00:00,2026-06-30T08:04:25.452126,2,2,68.0,0.4,67.8,100,67.7,150,,,,,,,,,,,,,,,,,68.2,150,68.3,100,,,,,,,,,,,,,,,,
2026-06-29T22:04:27.281007+00:00,2026-06-30T08:04:27.276942,1,1,68.05,0.5,67.8,100,,,,,,,,,,,,,,,,,,,68.3,100,,,,,,,,,,,,,,,,,,
2026-06-29T22:04:27.336317+00:00,2026-06-30T08:04:27.330317,2,0,,,79.0,50,67.8,100,,,,,,,,,,,,,,,,,,,,,,,,,,,,,,,,,,,,
2026-06-29T22:04:27.389717+00:00,2026-06-30T08:04:27.383654,2,1,79.25,0.5,79.0,50,67.8,100,,,,,,,,,,,,,,,,,79.5,150,,,,,,,,,,,,,,,,,,
2026-06-29T22:04:28.507392+00:00,2026-06-30T08:04:28.506346,1,1,79.25,0.5,79.0,50,,,,,,,,,,,,,,,,,,,79.5,150,,,,,,,,,,,,,,,,,,
2026-06-29T22:04:28.561757+00:00,2026-06-30T08:04:28.560748,2,1,79.25,0.5,79.0,50,78.7,100,,,,,,,,,,,,,,,,,79.5,150,,,,,,,,,,,,,,,,,,
2026-06-29T22:04:28.617069+00:00,2026-06-30T08:04:28.615069,2,2,79.1,0.2,79.0,50,78.7,100,,,,,,,,,,,,,,,,,79.2,100,79.5,150,,,,,,,,,,,,,,,,
2026-06-29T22:04:29.435180+00:00,2026-06-30T08:04:29.429180,1,2,78.95,0.5,78.7,100,,,,,,,,,,,,,,,,,,,79.2,100,79.5,150,,,,,,,,,,,,,,,,
2026-06-29T22:04:29.926421+00:00,2026-06-30T08:04:29.922413,1,2,78.95,0.5,78.7,54,,,,,,,,,,,,,,,,,,,79.2,100,79.5,150,,,,,,,,,,,,,,,,
2026-06-29T22:04:30.447331+00:00,2026-06-30T08:04:30.437320,1,1,78.95,0.5,78.7,54,,,,,,,,,,,,,,,,,,,79.2,100,,,,,,,,,,,,,,,,,,
2026-06-29T22:04:30.501729+00:00,2026-06-30T08:04:30.491668,2,1,78.95,0.5,78.7,54,67.4,150,,,,,,,,,,,,,,,,,79.2,100,,,,,,,,,,,,,,,,,,
2026-06-29T22:04:30.545971+00:00,2026-06-30T08:04:30.542972,1,2,67.65,0.5,67.4,150,,,,,,,,,,,,,,,,,,,67.9,96,79.2,100,,,,,,,,,,,,,,,,
2026-06-29T22:04:31.493326+00:00,2026-06-30T08:04:31.484264,1,2,67.65,0.5,67.4,150,,,,,,,,,,,,,,,,,,,67.9,46,79.2,100,,,,,,,,,,,,,,,,
2026-06-29T22:04:31.678660+00:00,2026-06-30T08:04:31.669076,1,1,67.65,0.5,67.4,150,,,,,,,,,,,,,,,,,,,67.9,46,,,,,,,,,,,,,,,,,,
2026-06-29T22:04:31.722922+00:00,2026-06-30T08:04:31.721922,2,1,67.85,0.1,67.8,100,67.4,150,,,,,,,,,,,,,,,,,67.9,46,,,,,,,,,,,,,,,,,,
2026-06-29T22:04:31.777287+00:00,2026-06-30T08:04:31.774251,2,2,67.85,0.1,67.8,100,67.4,150,,,,,,,,,,,,,,,,,67.9,46,68.3,100,,,,,,,,,,,,,,,,
2026-06-29T22:04:33.590783+00:00,2026-06-30T08:04:33.588783,2,2,67.85,0.1,67.8,100,67.4,150,,,,,,,,,,,,,,,,,67.9,6,68.3,100,,,,,,,,,,,,,,,,
2026-06-29T22:04:33.635078+00:00,2026-06-30T08:04:33.627007,1,1,68.05,0.5,67.8,100,,,,,,,,,,,,,,,,,,,68.3,50,,,,,,,,,,,,,,,,,,
2026-06-29T22:04:33.657206+00:00,2026-06-30T08:04:33.652206,2,0,,,77.3,100,67.8,100,,,,,,,,,,,,,,,,,,,,,,,,,,,,,,,,,,,,
2026-06-29T22:04:33.710128+00:00,2026-06-30T08:04:33.704064,2,1,77.55,0.5,77.3,100,67.8,100,,,,,,,,,,,,,,,,,77.8,150,,,,,,,,,,,,,,,,,,
2026-06-29T22:04:34.830704+00:00,2026-06-30T08:04:34.827178,1,1,77.55,0.5,77.3,100,,,,,,,,,,,,,,,,,,,77.8,150,,,,,,,,,,,,,,,,,,
2026-06-29T22:04:34.886042+00:00,2026-06-30T08:04:34.880042,2,1,77.55,0.5,77.3,100,68.0,100,,,,,,,,,,,,,,,,,77.8,150,,,,,,,,,,,,,,,,,,
2026-06-29T22:04:34.939985+00:00,2026-06-30T08:04:34.935921,1,1,72.9,9.8,68.0,100,,,,,,,,,,,,,,,,,,,77.8,150,,,,,,,,,,,,,,,,,,
2026-06-29T22:04:36.758370+00:00,2026-06-30T08:04:36.756792,1,0,,,68.0,100,,,,,,,,,,,,,,,,,,,,,,,,,,,,,,,,,,,,,,
2026-06-29T22:04:36.813209+00:00,2026-06-30T08:04:36.809209,2,0,,,68.0,100,67.3,150,,,,,,,,,,,,,,,,,,,,,,,,,,,,,,,,,,,,
2026-06-29T22:04:36.867596+00:00,2026-06-30T08:04:36.862542,1,1,67.55,0.5,67.3,150,,,,,,,,,,,,,,,,,,,67.8,50,,,,,,,,,,,,,,,,,,
2026-06-29T22:04:38.052891+00:00,2026-06-30T08:04:38.041891,2,0,,,68.0,50,67.3,150,,,,,,,,,,,,,,,,,,,,,,,,,,,,,,,,,,,,
2026-06-29T22:04:38.096951+00:00,2026-06-30T08:04:38.094951,2,1,68.25,0.5,68.0,50,67.3,150,,,,,,,,,,,,,,,,,68.5,100,,,,,,,,,,,,,,,,,,
2026-06-29T22:04:39.917783+00:00,2026-06-30T08:04:39.915783,1,1,68.25,0.5,68.0,50,,,,,,,,,,,,,,,,,,,68.5,100,,,,,,,,,,,,,,,,,,
2026-06-29T22:04:39.971237+00:00,2026-06-30T08:04:39.969237,2,1,68.25,0.5,68.0,50,67.9,150,,,,,,,,,,,,,,,,,68.5,100,,,,,,,,,,,,,,,,,,
2026-06-29T22:04:40.004424+00:00,2026-06-30T08:04:40.002423,1,1,68.2,0.6,67.9,150,,,,,,,,,,,,,,,,,,,68.5,100,,,,,,,,,,,,,,,,,,
2026-06-29T22:04:40.036910+00:00,2026-06-30T08:04:40.033900,1,2,68.15,0.5,67.9,150,,,,,,,,,,,,,,,,,,,68.4,150,68.5,100,,,,,,,,,,,,,,,,
2026-06-29T22:04:40.688878+00:00,2026-06-30T08:04:40.678443,1,2,68.15,0.5,67.9,150,,,,,,,,,,,,,,,,,,,68.4,109,68.5,100,,,,,,,,,,,,,,,,
2026-06-29T22:04:41.157517+00:00,2026-06-30T08:04:41.147595,1,1,68.15,0.5,67.9,150,,,,,,,,,,,,,,,,,,,68.4,109,,,,,,,,,,,,,,,,,,
2026-06-29T22:04:41.211925+00:00,2026-06-30T08:04:41.200861,2,1,68.15,0.5,67.9,150,67.8,100,,,,,,,,,,,,,,,,,68.4,109,,,,,,,,,,,,,,,,,,
2026-06-29T22:04:41.256175+00:00,2026-06-30T08:04:41.254167,2,2,68.1,0.4,67.9,150,67.8,100,,,,,,,,,,,,,,,,,68.3,100,68.4,109,,,,,,,,,,,,,,,,
2026-06-29T22:04:42.116170+00:00,2026-06-30T08:04:42.108170,2,2,68.1,0.4,67.9,100,67.8,100,,,,,,,,,,,,,,,,,68.3,100,68.4,109,,,,,,,,,,,,,,,,
2026-06-29T22:04:43.093563+00:00,2026-06-30T08:04:43.086334,1,1,68.05,0.5,67.8,100,,,,,,,,,,,,,,,,,,,68.3,100,,,,,,,,,,,,,,,,,,
2026-06-29T22:04:43.148357+00:00,2026-06-30T08:04:43.139808,2,1,68.15,0.3,68.0,150,67.8,100,,,,,,,,,,,,,,,,,68.3,100,,,,,,,,,,,,,,,,,,
2026-06-29T22:04:43.203138+00:00,2026-06-30T08:04:43.195086,2,2,68.15,0.3,68.0,150,67.8,100,,,,,,,,,,,,,,,,,68.3,100,68.5,150,,,,,,,,,,,,,,,,
2026-06-29T22:04:43.737182+00:00,2026-06-30T08:04:43.727246,2,2,68.15,0.3,68.0,103,67.8,100,,,,,,,,,,,,,,,,,68.3,100,68.5,150,,,,,,,,,,,,,,,,
2026-06-29T22:04:44.172175+00:00,2026-06-30T08:04:44.164111,2,2,68.15,0.3,68.0,103,67.8,100,,,,,,,,,,,,,,,,,68.3,50,68.5,150,,,,,,,,,,,,,,,,
2026-06-29T22:04:44.269834+00:00,2026-06-30T08:04:44.265762,2,2,68.15,0.3,68.0,103,67.8,100,,,,,,,,,,,,,,,,,68.3,10,68.5,150,,,,,,,,,,,,,,,,
2026-06-29T22:04:44.314107+00:00,2026-06-30T08:04:44.309107,1,1,68.25,0.5,68.0,103,,,,,,,,,,,,,,,,,,,68.5,150,,,,,,,,,,,,,,,,,,
2026-06-29T22:04:44.368510+00:00,2026-06-30T08:04:44.361941,2,1,68.3,0.4,68.1,100,68.0,103,,,,,,,,,,,,,,,,,68.5,150,,,,,,,,,,,,,,,,,,
2026-06-29T22:04:44.423350+00:00,2026-06-30T08:04:44.414288,2,2,68.3,0.4,68.1,100,68.0,103,,,,,,,,,,,,,,,,,68.5,150,68.6,100,,,,,,,,,,,,,,,,
2026-06-29T22:04:45.409891+00:00,2026-06-30T08:04:45.402829,2,2,68.3,0.4,68.1,100,68.0,103,,,,,,,,,,,,,,,,,68.5,104,68.6,100,,,,,,,,,,,,,,,,
2026-06-29T22:04:46.257732+00:00,2026-06-30T08:04:46.250650,1,1,68.35,0.5,68.1,100,,,,,,,,,,,,,,,,,,,68.6,100,,,,,,,,,,,,,,,,,,
2026-06-29T22:04:46.312082+00:00,2026-06-30T08:04:46.303019,2,1,68.35,0.5,68.1,100,67.9,150,,,,,,,,,,,,,,,,,68.6,100,,,,,,,,,,,,,,,,,,
2026-06-29T22:04:46.334205+00:00,2026-06-30T08:04:46.324143,2,1,68.35,0.5,68.1,50,67.9,150,,,,,,,,,,,,,,,,,68.6,100,,,,,,,,,,,,,,,,,,
