recv_time,book_timestamp,n_bids,n_asks,mid,spread,bid_px_0,bid_vol_0,bid_px_1,bid_vol_1,bid_px_2,bid_vol_2,bid_px_3,bid_vol_3,bid_px_4,bid_vol_4,bid_px_5,bid_vol_5,bid_px_6,bid_vol_6,bid_px_7,bid_vol_7,bid_px_8,bid_vol_8,bid_px_9,bid_vol_9,ask_px_0,ask_vol_0,ask_px_1,ask_vol_1,ask_px_2,ask_vol_2,ask_px_3,ask_vol_3,ask_px_4,ask_vol_4,ask_px_5,ask_vol_5,ask_px_6,ask_vol_6,ask_px_7,ask_vol_7,ask_px_8,ask_vol_8,ask_px_9,ask_vol_9
2026-07-05T07:00:00.241358+00:00,2026-07-05T07:00:00.241312,2,2,140.95,0.1,140.9,139,140.5,100,,,,,,,,,,,,,,,,,141.0,53,141.4,150,,,,,,,,,,,,,,,,
2026-07-05T07:00:00.914998+00:00,2026-07-05T07:00:00.914932,2,2,140.95,0.1,140.9,139,140.5,100,,,,,,,,,,,,,,,,,141.0,3,141.4,150,,,,,,,,,,,,,,,,
2026-07-05T07:00:01.146057+00:00,2026-07-05T07:00:01.145953,1,1,141.15,0.5,140.9,139,,,,,,,,,,,,,,,,,,,141.4,150,,,,,,,,,,,,,,,,,,
2026-07-05T07:00:01.164896+00:00,2026-07-05T07:00:01.192652,2,1,141.25,0.3,141.1,100,140.9,139,,,,,,,,,,,,,,,,,141.4,150,,,,,,,,,,,,,,,,,,
2026-07-05T07:00:01.252522+00:00,2026-07-05T07:00:01.246496,2,2,141.25,0.3,141.1,88,140.9,139,,,,,,,,,,,,,,,,,141.4,150,141.6,100,,,,,,,,,,,,,,,,
2026-07-05T07:00:01.389047+00:00,2026-07-05T07:00:01.388905,2,2,141.25,0.3,141.1,48,140.9,139,,,,,,,,,,,,,,,,,141.4,150,141.6,100,,,,,,,,,,,,,,,,
2026-07-05T07:00:02.200327+00:00,2026-07-05T07:00:02.179566,1,1,141.35,0.5,141.1,48,,,,,,,,,,,,,,,,,,,141.6,100,,,,,,,,,,,,,,,,,,
2026-07-05T07:00:02.241509+00:00,2026-07-05T07:00:02.241390,2,1,141.35,0.5,141.1,48,140.8,150,,,,,,,,,,,,,,,,,141.6,100,,,,,,,,,,,,,,,,,,
2026-07-05T07:00:02.310998+00:00,2026-07-05T07:00:02.293475,2,2,141.2,0.2,141.1,48,140.8,150,,,,,,,,,,,,,,,,,141.3,150,141.6,100,,,,,,,,,,,,,,,,
2026-07-05T07:00:02.592485+00:00,2026-07-05T07:00:02.584842,2,2,141.2,0.2,141.1,37,140.8,150,,,,,,,,,,,,,,,,,141.3,150,141.6,100,,,,,,,,,,,,,,,,
2026-07-05T07:00:03.022576+00:00,2026-07-05T07:00:03.022460,2,2,141.2,0.2,141.1,37,140.8,150,,,,,,,,,,,,,,,,,141.3,100,141.6,100,,,,,,,,,,,,,,,,
2026-07-05T07:00:04.309036+00:00,2026-07-05T07:00:04.309002,1,1,141.05,0.5,140.8,150,,,,,,,,,,,,,,,,,,,141.3,100,,,,,,,,,,,,,,,,,,
2026-07-05T07:00:04.363658+00:00,2026-07-05T07:00:04.363797,1,1,141.05,0.5,140.8,250,,,,,,,,,,,,,,,,,,,141.3,100,,,,,,,,,,,,,,,,,,
2026-07-05T07:00:04.421000+00:00,2026-07-05T07:00:04.420950,1,1,141.05,0.5,140.8,250,,,,,,,,,,,,,,,,,,,141.3,200,,,,,,,,,,,,,,,,,,
2026-07-05T07:00:05.354926+00:00,2026-07-05T07:00:05.355060,1,1,141.05,0.5,140.8,100,,,,,,,,,,,,,,,,,,,141.3,100,,,,,,,,,,,,,,,,,,
2026-07-05T07:00:05.411168+00:00,2026-07-05T07:00:05.411078,1,1,141.05,0.5,140.8,250,,,,,,,,,,,,,,,,,,,141.3,100,,,,,,,,,,,,,,,,,,
2026-07-05T07:00:05.463909+00:00,2026-07-05T07:00:05.463817,1,1,141.05,0.5,140.8,250,,,,,,,,,,,,,,,,,,,141.3,250,,,,,,,,,,,,,,,,,,
2026-07-05T07:00:06.205458+00:00,2026-07-05T07:00:06.205344,1,1,141.05,0.5,140.8,203,,,,,,,,,,,,,,,,,,,141.3,250,,,,,,,,,,,,,,,,,,
2026-07-05T07:00:07.298162+00:00,2026-07-05T07:00:07.298067,1,1,141.05,0.5,140.8,153,,,,,,,,,,,,,,,,,,,141.3,250,,,,,,,,,,,,,,,,,,
2026-07-05T07:00:07.475889+00:00,2026-07-05T07:00:07.475830,1,1,141.05,0.5,140.8,150,,,,,,,,,,,,,,,,,,,141.3,150,,,,,,,,,,,,,,,,,,
2026-07-05T07:00:07.530788+00:00,2026-07-05T07:00:07.530636,2,1,141.05,0.5,140.8,150,140.5,100,,,,,,,,,,,,,,,,,141.3,150,,,,,,,,,,,,,,,,,,
2026-07-05T07:00:07.605679+00:00,2026-07-05T07:00:07.605770,2,2,140.9,0.2,140.8,150,140.5,100,,,,,,,,,,,,,,,,,141.0,100,141.3,150,,,,,,,,,,,,,,,,
2026-07-05T07:00:08.228321+00:00,2026-07-05T07:00:08.228168,2,2,140.9,0.2,140.8,150,140.5,100,,,,,,,,,,,,,,,,,141.0,53,141.3,150,,,,,,,,,,,,,,,,
2026-07-05T07:00:08.515702+00:00,2026-07-05T07:00:08.515680,2,1,140.9,0.2,140.8,150,140.5,100,,,,,,,,,,,,,,,,,141.0,53,,,,,,,,,,,,,,,,,,
2026-07-05T07:00:08.520873+00:00,2026-07-05T07:00:08.520825,1,1,140.75,0.5,140.5,100,,,,,,,,,,,,,,,,,,,141.0,53,,,,,,,,,,,,,,,,,,
2026-07-05T07:00:08.574514+00:00,2026-07-05T07:00:08.574492,2,0,,,141.0,97,140.5,100,,,,,,,,,,,,,,,,,,,,,,,,,,,,,,,,,,,,
2026-07-05T07:00:08.629024+00:00,2026-07-05T07:00:08.629119,2,1,141.25,0.5,141.0,97,140.5,100,,,,,,,,,,,,,,,,,141.5,150,,,,,,,,,,,,,,,,,,
2026-07-05T07:00:08.685341+00:00,2026-07-05T07:00:08.685294,2,1,141.25,0.5,141.0,48,140.5,100,,,,,,,,,,,,,,,,,141.5,150,,,,,,,,,,,,,,,,,,
2026-07-05T07:00:09.431226+00:00,2026-07-05T07:00:09.431093,1,1,141.0,1.0,140.5,98,,,,,,,,,,,,,,,,,,,141.5,150,,,,,,,,,,,,,,,,,,
2026-07-05T07:00:10.438652+00:00,2026-07-05T07:00:10.438503,1,1,141.0,1.0,140.5,98,,,,,,,,,,,,,,,,,,,141.5,104,,,,,,,,,,,,,,,,,,
2026-07-05T07:00:10.660059+00:00,2026-07-05T07:00:10.660163,0,1,,,,,,,,,,,,,,,,,,,,,,,141.5,104,,,,,,,,,,,,,,,,,,
2026-07-05T07:00:10.717011+00:00,2026-07-05T07:00:10.716940,1,1,141.2,0.6,140.9,100,,,,,,,,,,,,,,,,,,,141.5,104,,,,,,,,,,,,,,,,,,
2026-07-05T07:00:10.771627+00:00,2026-07-05T07:00:10.771511,1,2,141.15,0.5,140.9,100,,,,,,,,,,,,,,,,,,,141.4,100,141.5,104,,,,,,,,,,,,,,,,
2026-07-05T07:00:11.058572+00:00,2026-07-05T07:00:11.055500,1,2,141.15,0.5,140.9,58,,,,,,,,,,,,,,,,,,,141.4,100,141.5,104,,,,,,,,,,,,,,,,
2026-07-05T07:00:11.563879+00:00,2026-07-05T07:00:11.564495,1,2,141.15,0.5,140.9,8,,,,,,,,,,,,,,,,,,,141.4,100,141.5,104,,,,,,,,,,,,,,,,
2026-07-05T07:00:11.758944+00:00,2026-07-05T07:00:11.758804,1,1,141.15,0.5,140.9,8,,,,,,,,,,,,,,,,,,,141.4,100,,,,,,,,,,,,,,,,,,
2026-07-05T07:00:11.764564+00:00,2026-07-05T07:00:11.764312,1,1,141.1,0.6,140.8,150,,,,,,,,,,,,,,,,,,,141.4,100,,,,,,,,,,,,,,,,,,
2026-07-05T07:00:11.809744+00:00,2026-07-05T07:00:11.809656,1,2,141.05,0.5,140.8,150,,,,,,,,,,,,,,,,,,,141.3,150,141.4,100,,,,,,,,,,,,,,,,
2026-07-05T07:00:13.829700+00:00,2026-07-05T07:00:13.829632,1,1,141.05,0.5,140.8,150,,,,,,,,,,,,,,,,,,,141.3,150,,,,,,,,,,,,,,,,,,
2026-07-05T07:00:13.884763+00:00,2026-07-05T07:00:13.884693,1,1,141.05,0.5,140.8,250,,,,,,,,,,,,,,,,,,,141.3,150,,,,,,,,,,,,,,,,,,
2026-07-05T07:00:13.934795+00:00,2026-07-05T07:00:13.934742,1,1,141.05,0.5,140.8,250,,,,,,,,,,,,,,,,,,,141.3,250,,,,,,,,,,,,,,,,,,
2026-07-05T07:00:14.861342+00:00,2026-07-05T07:00:14.861300,1,1,141.05,0.5,140.8,250,,,,,,,,,,,,,,,,,,,141.3,100,,,,,,,,,,,,,,,,,,
2026-07-05T07:00:14.866390+00:00,2026-07-05T07:00:14.866465,1,1,141.05,0.5,140.8,100,,,,,,,,,,,,,,,,,,,141.3,100,,,,,,,,,,,,,,,,,,
2026-07-05T07:00:14.916245+00:00,2026-07-05T07:00:14.916184,1,1,141.05,0.5,140.8,250,,,,,,,,,,,,,,,,,,,141.3,100,,,,,,,,,,,,,,,,,,
2026-07-05T07:00:14.969420+00:00,2026-07-05T07:00:14.969355,1,1,141.05,0.5,140.8,250,,,,,,,,,,,,,,,,,,,141.3,250,,,,,,,,,,,,,,,,,,
2026-07-05T07:00:16.115521+00:00,2026-07-05T07:00:16.115404,1,1,141.05,0.5,140.8,250,,,,,,,,,,,,,,,,,,,141.3,208,,,,,,,,,,,,,,,,,,
2026-07-05T07:00:16.993050+00:00,2026-07-05T07:00:16.992937,1,1,141.05,0.5,140.8,250,,,,,,,,,,,,,,,,,,,141.3,150,,,,,,,,,,,,,,,,,,
2026-07-05T07:00:16.998205+00:00,2026-07-05T07:00:16.998114,1,1,141.05,0.5,140.8,150,,,,,,,,,,,,,,,,,,,141.3,150,,,,,,,,,,,,,,,,,,
2026-07-05T07:00:17.051438+00:00,2026-07-05T07:00:17.051354,2,1,141.1,0.4,140.9,100,140.8,150,,,,,,,,,,,,,,,,,141.3,150,,,,,,,,,,,,,,,,,,
2026-07-05T07:00:17.100197+00:00,2026-07-05T07:00:17.100166,2,2,141.1,0.4,140.9,100,140.8,150,,,,,,,,,,,,,,,,,141.3,150,141.4,100,,,,,,,,,,,,,,,,
2026-07-05T07:00:18.023145+00:00,2026-07-05T07:00:18.023336,2,1,141.15,0.5,140.9,100,140.8,150,,,,,,,,,,,,,,,,,141.4,100,,,,,,,,,,,,,,,,,,
2026-07-05T07:00:18.028670+00:00,2026-07-05T07:00:18.028542,1,1,141.15,0.5,140.9,100,,,,,,,,,,,,,,,,,,,141.4,100,,,,,,,,,,,,,,,,,,
2026-07-05T07:00:18.078763+00:00,2026-07-05T07:00:18.078884,2,1,141.15,0.5,140.9,100,140.7,150,,,,,,,,,,,,,,,,,141.4,100,,,,,,,,,,,,,,,,,,
2026-07-05T07:00:18.128045+00:00,2026-07-05T07:00:18.127982,2,1,141.15,0.5,140.9,52,140.7,150,,,,,,,,,,,,,,,,,141.4,100,,,,,,,,,,,,,,,,,,
2026-07-05T07:00:18.143878+00:00,2026-07-05T07:00:18.143787,2,2,141.05,0.3,140.9,52,140.7,150,,,,,,,,,,,,,,,,,141.2,150,141.4,100,,,,,,,,,,,,,,,,
2026-07-05T07:00:20.158651+00:00,2026-07-05T07:00:20.158185,1,1,140.95,0.5,140.7,150,,,,,,,,,,,,,,,,,,,141.2,150,,,,,,,,,,,,,,,,,,
2026-07-05T07:00:20.213138+00:00,2026-07-05T07:00:20.213089,2,1,141.0,0.4,140.8,100,140.7,150,,,,,,,,,,,,,,,,,141.2,150,,,,,,,,,,,,,,,,,,
2026-07-05T07:00:20.297171+00:00,2026-07-05T07:00:20.297300,2,2,141.0,0.4,140.8,100,140.7,150,,,,,,,,,,,,,,,,,141.2,150,141.3,100,,,,,,,,,,,,,,,,
2026-07-05T07:00:20.993672+00:00,2026-07-05T07:00:20.993613,2,2,141.0,0.4,140.8,100,140.7,150,,,,,,,,,,,,,,,,,141.2,110,141.3,100,,,,,,,,,,,,,,,,
2026-07-05T07:00:21.198062+00:00,2026-07-05T07:00:21.198282,2,1,141.05,0.5,140.8,100,140.7,150,,,,,,,,,,,,,,,,,141.3,100,,,,,,,,,,,,,,,,,,
2026-07-05T07:00:21.203513+00:00,2026-07-05T07:00:21.203475,1,1,141.05,0.5,140.8,100,,,,,,,,,,,,,,,,,,,141.3,100,,,,,,,,,,,,,,,,,,
2026-07-05T07:00:21.255340+00:00,2026-07-05T07:00:21.255236,2,1,141.15,0.3,141.0,150,140.8,100,,,,,,,,,,,,,,,,,141.3,100,,,,,,,,,,,,,,,,,,
2026-07-05T07:00:21.308231+00:00,2026-07-05T07:00:21.308373,2,2,141.15,0.3,141.0,150,140.8,100,,,,,,,,,,,,,,,,,141.3,100,141.5,150,,,,,,,,,,,,,,,,
2026-07-05T07:00:22.164898+00:00,2026-07-05T07:00:22.164782,2,2,141.15,0.3,141.0,100,140.8,100,,,,,,,,,,,,,,,,,141.3,100,141.5,150,,,,,,,,,,,,,,,,
2026-07-05T07:00:23.352650+00:00,2026-07-05T07:00:23.352801,1,1,141.25,0.5,141.0,100,,,,,,,,,,,,,,,,,,,141.5,150,,,,,,,,,,,,,,,,,,
2026-07-05T07:00:23.411517+00:00,2026-07-05T07:00:23.411405,2,1,141.25,0.5,141.0,100,140.9,100,,,,,,,,,,,,,,,,,141.5,150,,,,,,,,,,,,,,,,,,
2026-07-05T07:00:23.458562+00:00,2026-07-05T07:00:23.457856,2,2,141.2,0.4,141.0,100,140.9,100,,,,,,,,,,,,,,,,,141.4,100,141.5,150,,,,,,,,,,,,,,,,
2026-07-05T07:00:24.272289+00:00,2026-07-05T07:00:24.272173,2,2,141.2,0.4,141.0,50,140.9,100,,,,,,,,,,,,,,,,,141.4,100,141.5,150,,,,,,,,,,,,,,,,
2026-07-05T07:00:24.369787+00:00,2026-07-05T07:00:24.369669,1,1,141.15,0.5,140.9,100,,,,,,,,,,,,,,,,,,,141.4,100,,,,,,,,,,,,,,,,,,
2026-07-05T07:00:24.423919+00:00,2026-07-05T07:00:24.424020,2,1,141.15,0.5,140.9,100,140.6,150,,,,,,,,,,,,,,,,,141.4,100,,,,,,,,,,,,,,,,,,
2026-07-05T07:00:24.482414+00:00,2026-07-05T07:00:24.475925,2,2,141.0,0.2,140.9,100,140.6,150,,,,,,,,,,,,,,,,,141.1,139,141.4,100,,,,,,,,,,,,,,,,
2026-07-05T07:00:24.693043+00:00,2026-07-05T07:00:24.692885,2,2,141.0,0.2,140.9,53,140.6,150,,,,,,,,,,,,,,,,,141.1,139,141.4,100,,,,,,,,,,,,,,,,
2026-07-05T07:00:24.754089+00:00,2026-07-05T07:00:24.749403,2,2,141.0,0.2,140.9,53,140.6,150,,,,,,,,,,,,,,,,,141.1,127,141.4,100,,,,,,,,,,,,,,,,
2026-07-05T07:00:26.388404+00:00,2026-07-05T07:00:26.388320,2,2,141.0,0.2,140.9,3,140.6,150,,,,,,,,,,,,,,,,,141.1,127,141.4,100,,,,,,,,,,,,,,,,
2026-07-05T07:00:26.523626+00:00,2026-07-05T07:00:26.523537,1,1,140.85,0.5,140.6,150,,,,,,,,,,,,,,,,,,,141.1,127,,,,,,,,,,,,,,,,,,
2026-07-05T07:00:26.584046+00:00,2026-07-05T07:00:26.583979,2,1,140.85,0.5,140.6,150,140.5,100,,,,,,,,,,,,,,,,,141.1,127,,,,,,,,,,,,,,,,,,
2026-07-05T07:00:26.633379+00:00,2026-07-05T07:00:26.633224,2,2,140.8,0.4,140.6,150,140.5,100,,,,,,,,,,,,,,,,,141.0,100,141.1,127,,,,,,,,,,,,,,,,
2026-07-05T07:00:27.381646+00:00,2026-07-05T07:00:27.374733,2,2,140.8,0.4,140.6,150,140.5,100,,,,,,,,,,,,,,,,,141.0,89,141.1,127,,,,,,,,,,,,,,,,
2026-07-05T07:00:27.551293+00:00,2026-07-05T07:00:27.551182,1,1,140.75,0.5,140.5,100,,,,,,,,,,,,,,,,,,,141.0,89,,,,,,,,,,,,,,,,,,
2026-07-05T07:00:27.607682+00:00,2026-07-05T07:00:27.607583,2,1,140.9,0.2,140.8,150,140.5,100,,,,,,,,,,,,,,,,,141.0,89,,,,,,,,,,,,,,,,,,
2026-07-05T07:00:27.671597+00:00,2026-07-05T07:00:27.653381,2,2,140.9,0.2,140.8,150,140.5,100,,,,,,,,,,,,,,,,,141.0,89,141.3,150,,,,,,,,,,,,,,,,
2026-07-05T07:00:27.802722+00:00,2026-07-05T07:00:27.802579,2,2,140.9,0.2,140.8,150,140.5,100,,,,,,,,,,,,,,,,,141.0,42,141.3,150,,,,,,,,,,,,,,,,
2026-07-05T07:00:28.445411+00:00,2026-07-05T07:00:28.445339,2,1,141.05,0.5,140.8,150,140.5,100,,,,,,,,,,,,,,,,,141.3,150,,,,,,,,,,,,,,,,,,
2026-07-05T07:00:28.822168+00:00,2026-07-05T07:00:28.821979,2,1,141.05,0.5,140.8,109,140.5,100,,,,,,,,,,,,,,,,,141.3,150,,,,,,,,,,,,,,,,,,
2026-07-05T07:00:29.684576+00:00,2026-07-05T07:00:29.684530,1,1,141.05,0.5,140.8,109,,,,,,,,,,,,,,,,,,,141.3,150,,,,,,,,,,,,,,,,,,
2026-07-05T07:00:29.742439+00:00,2026-07-05T07:00:29.742378,2,1,141.05,0.5,140.8,109,140.6,100,,,,,,,,,,,,,,,,,141.3,150,,,,,,,,,,,,,,,,,,
2026-07-05T07:00:29.794838+00:00,2026-07-05T07:00:29.794930,2,2,140.95,0.3,140.8,109,140.6,100,,,,,,,,,,,,,,,,,141.1,100,141.3,150,,,,,,,,,,,,,,,,
2026-07-05T07:00:29.956891+00:00,2026-07-05T07:00:29.949393,2,2,140.95,0.3,140.8,98,140.6,100,,,,,,,,,,,,,,,,,141.1,100,141.3,150,,,,,,,,,,,,,,,,
2026-07-05T07:00:30.338124+00:00,2026-07-05T07:00:30.337967,2,2,140.95,0.3,140.8,98,140.6,100,,,,,,,,,,,,,,,,,141.1,54,141.3,150,,,,,,,,,,,,,,,,
2026-07-05T07:00:30.638838+00:00,2026-07-05T07:00:30.638974,2,2,140.95,0.3,140.8,48,140.6,100,,,,,,,,,,,,,,,,,141.1,54,141.3,150,,,,,,,,,,,,,,,,
2026-07-05T07:00:30.715053+00:00,2026-07-05T07:00:30.715175,1,1,140.85,0.5,140.6,100,,,,,,,,,,,,,,,,,,,141.1,54,,,,,,,,,,,,,,,,,,
2026-07-05T07:00:30.769080+00:00,2026-07-05T07:00:30.768959,2,1,140.85,0.5,140.6,100,139.9,150,,,,,,,,,,,,,,,,,141.1,54,,,,,,,,,,,,,,,,,,
2026-07-05T07:00:30.836002+00:00,2026-07-05T07:00:30.829637,1,2,140.15,0.5,139.9,150,,,,,,,,,,,,,,,,,,,140.4,28,141.1,54,,,,,,,,,,,,,,,,
2026-07-05T07:00:31.323516+00:00,2026-07-05T07:00:31.317211,1,2,140.15,0.5,139.9,150,,,,,,,,,,,,,,,,,,,140.4,16,141.1,54,,,,,,,,,,,,,,,,
2026-07-05T07:00:32.745935+00:00,2026-07-05T07:00:32.745834,1,2,140.15,0.5,139.9,100,,,,,,,,,,,,,,,,,,,140.4,16,141.1,54,,,,,,,,,,,,,,,,
2026-07-05T07:00:32.844229+00:00,2026-07-05T07:00:32.844355,1,1,140.15,0.5,139.9,100,,,,,,,,,,,,,,,,,,,140.4,16,,,,,,,,,,,,,,,,,,
2026-07-05T07:00:32.901290+00:00,2026-07-05T07:00:32.901206,2,1,140.2,0.4,140.0,100,139.9,100,,,,,,,,,,,,,,,,,140.4,16,,,,,,,,,,,,,,,,,,
2026-07-05T07:00:32.958671+00:00,2026-07-05T07:00:32.953910,2,2,140.2,0.4,140.0,100,139.9,100,,,,,,,,,,,,,,,,,140.4,16,140.5,100,,,,,,,,,,,,,,,,
2026-07-05T07:00:33.880094+00:00,2026-07-05T07:00:33.879933,1,1,140.25,0.5,140.0,55,,,,,,,,,,,,,,,,,,,140.5,100,,,,,,,,,,,,,,,,,,
2026-07-05T07:00:33.941966+00:00,2026-07-05T07:00:33.941739,1,1,140.25,0.5,140.0,205,,,,,,,,,,,,,,,,,,,140.5,100,,,,,,,,,,,,,,,,,,
2026-07-05T07:00:33.994986+00:00,2026-07-05T07:00:33.994912,1,1,140.25,0.5,140.0,205,,,,,,,,,,,,,,,,,,,140.5,250,,,,,,,,,,,,,,,,,,
2026-07-05T07:00:34.858645+00:00,2026-07-05T07:00:34.857329,1,1,140.25,0.5,140.0,155,,,,,,,,,,,,,,,,,,,140.5,250,,,,,,,,,,,,,,,,,,
2026-07-05T07:00:36.013532+00:00,2026-07-05T07:00:36.013467,1,1,140.25,0.5,140.0,150,,,,,,,,,,,,,,,,,,,140.5,150,,,,,,,,,,,,,,,,,,
2026-07-05T07:00:36.063953+00:00,2026-07-05T07:00:36.063881,2,1,140.25,0.5,140.0,150,139.8,100,,,,,,,,,,,,,,,,,140.5,150,,,,,,,,,,,,,,,,,,
2026-07-05T07:00:36.118836+00:00,2026-07-05T07:00:36.118747,2,2,140.15,0.3,140.0,150,139.8,100,,,,,,,,,,,,,,,,,140.3,100,140.5,150,,,,,,,,,,,,,,,,
2026-07-05T07:00:36.918932+00:00,2026-07-05T07:00:36.918873,2,2,140.15,0.3,140.0,150,139.8,100,,,,,,,,,,,,,,,,,140.3,50,140.5,150,,,,,,,,,,,,,,,,
2026-07-05T07:00:37.050780+00:00,2026-07-05T07:00:37.050612,1,1,140.05,0.5,139.8,100,,,,,,,,,,,,,,,,,,,140.3,50,,,,,,,,,,,,,,,,,,
2026-07-05T07:00:37.106246+00:00,2026-07-05T07:00:37.106082,2,1,140.2,0.2,140.1,150,139.8,100,,,,,,,,,,,,,,,,,140.3,50,,,,,,,,,,,,,,,,,,
2026-07-05T07:00:37.158588+00:00,2026-07-05T07:00:37.155173,2,2,140.2,0.2,140.1,150,139.8,100,,,,,,,,,,,,,,,,,140.3,50,140.6,150,,,,,,,,,,,,,,,,
2026-07-05T07:00:39.049102+00:00,2026-07-05T07:00:39.048970,2,1,140.35,0.5,140.1,150,139.8,100,,,,,,,,,,,,,,,,,140.6,150,,,,,,,,,,,,,,,,,,
2026-07-05T07:00:39.168692+00:00,2026-07-05T07:00:39.164486,1,1,140.35,0.5,140.1,150,,,,,,,,,,,,,,,,,,,140.6,150,,,,,,,,,,,,,,,,,,
2026-07-05T07:00:39.226383+00:00,2026-07-05T07:00:39.226298,2,1,140.5,0.2,140.4,100,140.1,150,,,,,,,,,,,,,,,,,140.6,150,,,,,,,,,,,,,,,,,,
2026-07-05T07:00:39.278671+00:00,2026-07-05T07:00:39.278502,2,2,140.5,0.2,140.4,100,140.1,150,,,,,,,,,,,,,,,,,140.6,150,140.8,100,,,,,,,,,,,,,,,,
2026-07-05T07:00:40.210161+00:00,2026-07-05T07:00:40.210291,2,1,140.6,0.4,140.4,100,140.1,150,,,,,,,,,,,,,,,,,140.8,100,,,,,,,,,,,,,,,,,,
2026-07-05T07:00:40.215384+00:00,2026-07-05T07:00:40.215459,1,1,140.6,0.4,140.4,100,,,,,,,,,,,,,,,,,,,140.8,100,,,,,,,,,,,,,,,,,,
2026-07-05T07:00:40.270553+00:00,2026-07-05T07:00:40.270427,2,1,140.6,0.4,140.4,100,140.1,150,,,,,,,,,,,,,,,,,140.8,100,,,,,,,,,,,,,,,,,,
2026-07-05T07:00:40.323687+00:00,2026-07-05T07:00:40.323781,2,2,140.5,0.2,140.4,100,140.1,150,,,,,,,,,,,,,,,,,140.6,150,140.8,100,,,,,,,,,,,,,,,,
2026-07-05T07:00:41.158601+00:00,2026-07-05T07:00:41.155017,2,2,140.5,0.2,140.4,100,140.1,150,,,,,,,,,,,,,,,,,140.6,100,140.8,100,,,,,,,,,,,,,,,,
2026-07-05T07:00:41.771466+00:00,2026-07-05T07:00:41.771424,2,2,140.5,0.2,140.4,100,140.1,150,,,,,,,,,,,,,,,,,140.6,55,140.8,100,,,,,,,,,,,,,,,,
2026-07-05T07:00:42.334881+00:00,2026-07-05T07:00:42.335032,1,1,140.35,0.5,140.1,150,,,,,,,,,,,,,,,,,,,140.6,55,,,,,,,,,,,,,,,,,,
2026-07-05T07:00:42.386076+00:00,2026-07-05T07:00:42.385987,2,1,140.45,0.3,140.3,100,140.1,150,,,,,,,,,,,,,,,,,140.6,55,,,,,,,,,,,,,,,,,,
2026-07-05T07:00:42.441871+00:00,2026-07-05T07:00:42.442027,2,2,140.45,0.3,140.3,100,140.1,150,,,,,,,,,,,,,,,,,140.6,55,140.8,100,,,,,,,,,,,,,,,,
2026-07-05T07:00:43.298775+00:00,2026-07-05T07:00:43.298667,2,2,140.45,0.3,140.3,100,140.1,150,,,,,,,,,,,,,,,,,140.6,5,140.8,100,,,,,,,,,,,,,,,,
2026-07-05T07:00:43.380190+00:00,2026-07-05T07:00:43.380014,1,1,140.55,0.5,140.3,100,,,,,,,,,,,,,,,,,,,140.8,100,,,,,,,,,,,,,,,,,,
2026-07-05T07:00:43.436702+00:00,2026-07-05T07:00:43.436673,2,0,,,140.8,50,140.3,100,,,,,,,,,,,,,,,,,,,,,,,,,,,,,,,,,,,,
2026-07-05T07:00:43.511595+00:00,2026-07-05T07:00:43.502404,2,1,141.05,0.5,140.8,4,140.3,100,,,,,,,,,,,,,,,,,141.3,150,,,,,,,,,,,,,,,,,,
2026-07-05T07:00:43.698859+00:00,2026-07-05T07:00:43.698785,1,1,140.8,1.0,140.3,58,,,,,,,,,,,,,,,,,,,141.3,150,,,,,,,,,,,,,,,,,,
2026-07-05T07:00:45.500083+00:00,2026-07-05T07:00:45.499922,0,1,,,,,,,,,,,,,,,,,,,,,,,141.3,150,,,,,,,,,,,,,,,,,,
2026-07-05T07:00:45.550681+00:00,2026-07-05T07:00:45.550606,1,1,140.9,0.8,140.5,100,,,,,,,,,,,,,,,,,,,141.3,150,,,,,,,,,,,,,,,,,,
2026-07-05T07:00:45.605767+00:00,2026-07-05T07:00:45.605663,1,2,140.75,0.5,140.5,100,,,,,,,,,,,,,,,,,,,141.0,100,141.3,150,,,,,,,,,,,,,,,,
2026-07-05T07:00:46.548325+00:00,2026-07-05T07:00:46.548222,1,1,140.75,0.5,140.5,100,,,,,,,,,,,,,,,,,,,141.0,100,,,,,,,,,,,,,,,,,,
2026-07-05T07:00:46.601446+00:00,2026-07-05T07:00:46.601567,2,1,140.75,0.5,140.5,100,140.3,150,,,,,,,,,,,,,,,,,141.0,100,,,,,,,,,,,,,,,,,,
2026-07-05T07:00:46.658699+00:00,2026-07-05T07:00:46.654790,2,2,140.65,0.3,140.5,100,140.3,150,,,,,,,,,,,,,,,,,140.8,150,141.0,100,,,,,,,,,,,,,,,,
2026-07-05T07:00:47.465097+00:00,2026-07-05T07:00:47.464960,2,2,140.65,0.3,140.5,100,140.3,150,,,,,,,,,,,,,,,,,140.8,110,141.0,100,,,,,,,,,,,,,,,,
2026-07-05T07:00:47.574848+00:00,2026-07-05T07:00:47.574754,2,2,140.65,0.3,140.5,50,140.3,150,,,,,,,,,,,,,,,,,140.8,110,141.0,100,,,,,,,,,,,,,,,,
2026-07-05T07:00:48.661468+00:00,2026-07-05T07:00:48.661389,1,1,140.55,0.5,140.3,108,,,,,,,,,,,,,,,,,,,140.8,110,,,,,,,,,,,,,,,,,,
2026-07-05T07:00:48.742657+00:00,2026-07-05T07:00:48.742624,2,1,140.65,0.3,140.5,100,140.3,108,,,,,,,,,,,,,,,,,140.8,110,,,,,,,,,,,,,,,,,,
2026-07-05T07:00:48.794234+00:00,2026-07-05T07:00:48.794142,2,2,140.65,0.3,140.5,100,140.3,108,,,,,,,,,,,,,,,,,140.8,110,141.0,100,,,,,,,,,,,,,,,,
2026-07-05T07:00:49.222314+00:00,2026-07-05T07:00:49.222201,2,2,140.65,0.3,140.5,100,140.3,108,,,,,,,,,,,,,,,,,140.8,69,141.0,100,,,,,,,,,,,,,,,,
2026-07-05T07:00:49.279012+00:00,2026-07-05T07:00:49.278961,2,2,140.65,0.3,140.5,55,140.3,108,,,,,,,,,,,,,,,,,140.8,69,141.0,100,,,,,,,,,,,,,,,,
2026-07-05T07:00:49.708706+00:00,2026-07-05T07:00:49.708554,1,1,140.75,0.5,140.5,55,,,,,,,,,,,,,,,,,,,141.0,100,,,,,,,,,,,,,,,,,,
2026-07-05T07:00:49.758611+00:00,2026-07-05T07:00:49.757869,2,1,140.75,0.5,140.5,55,140.4,150,,,,,,,,,,,,,,,,,141.0,100,,,,,,,,,,,,,,,,,,
2026-07-05T07:00:49.788685+00:00,2026-07-05T07:00:49.788574,2,1,140.75,0.5,140.5,55,140.4,150,,,,,,,,,,,,,,,,,141.0,52,,,,,,,,,,,,,,,,,,
2026-07-05T07:00:49.816867+00:00,2026-07-05T07:00:49.816761,2,2,140.7,0.4,140.5,55,140.4,150,,,,,,,,,,,,,,,,,140.9,150,141.0,52,,,,,,,,,,,,,,,,
2026-07-05T07:00:49.844631+00:00,2026-07-05T07:00:49.844490,2,2,140.7,0.4,140.5,12,140.4,150,,,,,,,,,,,,,,,,,140.9,150,141.0,52,,,,,,,,,,,,,,,,
2026-07-05T07:00:50.492952+00:00,2026-07-05T07:00:50.493108,1,2,140.65,0.5,140.4,116,,,,,,,,,,,,,,,,,,,140.9,150,141.0,52,,,,,,,,,,,,,,,,
2026-07-05T07:00:51.770427+00:00,2026-07-05T07:00:51.770326,1,2,140.65,0.5,140.4,116,,,,,,,,,,,,,,,,,,,140.9,100,141.0,52,,,,,,,,,,,,,,,,
2026-07-05T07:00:51.847461+00:00,2026-07-05T07:00:51.847388,1,1,140.65,0.5,140.4,116,,,,,,,,,,,,,,,,,,,140.9,100,,,,,,,,,,,,,,,,,,
2026-07-05T07:00:51.901447+00:00,2026-07-05T07:00:51.901277,2,1,140.7,0.4,140.5,100,140.4,116,,,,,,,,,,,,,,,,,140.9,100,,,,,,,,,,,,,,,,,,
2026-07-05T07:00:51.958706+00:00,2026-07-05T07:00:51.954067,2,2,140.7,0.4,140.5,100,140.4,116,,,,,,,,,,,,,,,,,140.9,100,141.0,100,,,,,,,,,,,,,,,,
2026-07-05T07:00:52.869119+00:00,2026-07-05T07:00:52.869043,1,1,140.75,0.5,140.5,100,,,,,,,,,,,,,,,,,,,141.0,100,,,,,,,,,,,,,,,,,,
2026-07-05T07:00:52.925575+00:00,2026-07-05T07:00:52.925425,2,1,140.75,0.5,140.5,100,140.4,150,,,,,,,,,,,,,,,,,141.0,100,,,,,,,,,,,,,,,,,,
2026-07-05T07:00:52.974036+00:00,2026-07-05T07:00:52.969120,2,2,140.7,0.4,140.5,100,140.4,150,,,,,,,,,,,,,,,,,140.9,150,141.0,100,,,,,,,,,,,,,,,,
2026-07-05T07:00:53.174795+00:00,2026-07-05T07:00:53.174752,2,2,140.7,0.4,140.5,100,140.4,150,,,,,,,,,,,,,,,,,140.9,101,141.0,100,,,,,,,,,,,,,,,,
2026-07-05T07:00:53.878125+00:00,2026-07-05T07:00:53.878091,2,2,140.7,0.4,140.5,100,140.4,150,,,,,,,,,,,,,,,,,140.9,51,141.0,100,,,,,,,,,,,,,,,,
2026-07-05T07:00:55.008403+00:00,2026-07-05T07:00:55.008567,1,1,140.65,0.5,140.4,150,,,,,,,,,,,,,,,,,,,140.9,51,,,,,,,,,,,,,,,,,,
2026-07-05T07:00:55.057246+00:00,2026-07-05T07:00:55.057434,2,1,140.65,0.5,140.4,150,140.3,100,,,,,,,,,,,,,,,,,140.9,51,,,,,,,,,,,,,,,,,,
2026-07-05T07:00:55.117578+00:00,2026-07-05T07:00:55.117542,2,2,140.6,0.4,140.4,150,140.3,100,,,,,,,,,,,,,,,,,140.8,100,140.9,51,,,,,,,,,,,,,,,,
2026-07-05T07:00:56.008793+00:00,2026-07-05T07:00:56.008629,2,2,140.6,0.4,140.4,150,140.3,100,,,,,,,,,,,,,,,,,140.8,50,140.9,51,,,,,,,,,,,,,,,,
2026-07-05T07:00:56.033726+00:00,2026-07-05T07:00:56.033646,1,1,140.55,0.5,140.3,100,,,,,,,,,,,,,,,,,,,140.8,50,,,,,,,,,,,,,,,,,,
2026-07-05T07:00:56.088352+00:00,2026-07-05T07:00:56.088223,2,0,,,140.9,100,140.3,100,,,,,,,,,,,,,,,,,,,,,,,,,,,,,,,,,,,,
2026-07-05T07:00:56.142674+00:00,2026-07-05T07:00:56.142564,2,1,141.15,0.5,140.9,100,140.3,100,,,,,,,,,,,,,,,,,141.4,150,,,,,,,,,,,,,,,,,,
2026-07-05T07:00:58.116040+00:00,2026-07-05T07:00:58.115922,2,1,141.15,0.5,140.9,100,140.3,100,,,,,,,,,,,,,,,,,141.4,100,,,,,,,,,,,,,,,,,,
2026-07-05T07:00:58.173679+00:00,2026-07-05T07:00:58.173598,1,1,141.15,0.5,140.9,100,,,,,,,,,,,,,,,,,,,141.4,100,,,,,,,,,,,,,,,,,,
2026-07-05T07:00:58.226498+00:00,2026-07-05T07:00:58.226382,2,1,141.15,0.5,140.9,100,140.6,100,,,,,,,,,,,,,,,,,141.4,100,,,,,,,,,,,,,,,,,,
2026-07-05T07:00:58.254129+00:00,2026-07-05T07:00:58.254292,2,1,141.15,0.5,140.9,59,140.6,100,,,,,,,,,,,,,,,,,141.4,100,,,,,,,,,,,,,,,,,,
2026-07-05T07:00:58.281815+00:00,2026-07-05T07:00:58.281708,2,2,141.0,0.2,140.9,59,140.6,100,,,,,,,,,,,,,,,,,141.1,100,141.4,100,,,,,,,,,,,,,,,,
2026-07-05T07:00:59.188835+00:00,2026-07-05T07:00:59.187971,1,1,140.85,0.5,140.6,100,,,,,,,,,,,,,,,,,,,141.1,100,,,,,,,,,,,,,,,,,,
2026-07-05T07:00:59.250925+00:00,2026-07-05T07:00:59.251076,2,1,140.9,0.4,140.7,150,140.6,100,,,,,,,,,,,,,,,,,141.1,100,,,,,,,,,,,,,,,,,,
2026-07-05T07:00:59.304502+00:00,2026-07-05T07:00:59.304418,2,2,140.9,0.4,140.7,150,140.6,100,,,,,,,,,,,,,,,,,141.1,100,141.2,150,,,,,,,,,,,,,,,,
2026-07-05T07:00:59.672684+00:00,2026-07-05T07:00:59.672600,2,2,140.9,0.4,140.7,150,140.6,100,,,,,,,,,,,,,,,,,141.1,57,141.2,150,,,,,,,,,,,,,,,,
2026-07-05T07:01:00.235985+00:00,2026-07-05T07:01:00.235867,2,2,140.9,0.4,140.7,150,140.6,100,,,,,,,,,,,,,,,,,141.1,7,141.2,150,,,,,,,,,,,,,,,,
2026-07-05T07:01:00.295680+00:00,2026-07-05T07:01:00.295611,2,2,140.9,0.4,140.7,105,140.6,100,,,,,,,,,,,,,,,,,141.1,7,141.2,150,,,,,,,,,,,,,,,,
2026-07-05T07:01:01.336897+00:00,2026-07-05T07:01:01.336809,1,1,140.95,0.5,140.7,105,,,,,,,,,,,,,,,,,,,141.2,150,,,,,,,,,,,,,,,,,,
2026-07-05T07:01:01.391673+00:00,2026-07-05T07:01:01.391899,2,1,141.0,0.4,140.8,100,140.7,105,,,,,,,,,,,,,,,,,141.2,150,,,,,,,,,,,,,,,,,,
2026-07-05T07:01:01.458612+00:00,2026-07-05T07:01:01.446849,2,2,141.0,0.4,140.8,100,140.7,105,,,,,,,,,,,,,,,,,141.2,150,141.3,100,,,,,,,,,,,,,,,,
2026-07-05T07:01:02.342225+00:00,2026-07-05T07:01:02.342361,2,2,141.0,0.4,140.8,100,140.7,105,,,,,,,,,,,,,,,,,141.2,100,141.3,100,,,,,,,,,,,,,,,,
2026-07-05T07:01:02.358635+00:00,2026-07-05T07:01:02.352944,1,1,141.05,0.5,140.8,100,,,,,,,,,,,,,,,,,,,141.3,100,,,,,,,,,,,,,,,,,,
2026-07-05T07:01:02.412209+00:00,2026-07-05T07:01:02.412052,2,1,141.05,0.5,140.8,100,140.6,150,,,,,,,,,,,,,,,,,141.3,100,,,,,,,,,,,,,,,,,,
2026-07-05T07:01:02.465254+00:00,2026-07-05T07:01:02.465139,2,2,140.95,0.3,140.8,100,140.6,150,,,,,,,,,,,,,,,,,141.1,150,141.3,100,,,,,,,,,,,,,,,,
2026-07-05T07:01:02.837648+00:00,2026-07-05T07:01:02.830756,2,2,140.95,0.3,140.8,89,140.6,150,,,,,,,,,,,,,,,,,141.1,150,141.3,100,,,,,,,,,,,,,,,,
2026-07-05T07:01:04.469366+00:00,2026-07-05T07:01:04.469311,2,2,140.95,0.3,140.8,89,140.6,150,,,,,,,,,,,,,,,,,141.1,100,141.3,100,,,,,,,,,,,,,,,,
2026-07-05T07:01:04.511350+00:00,2026-07-05T07:01:04.511233,1,1,140.85,0.5,140.6,150,,,,,,,,,,,,,,,,,,,141.1,100,,,,,,,,,,,,,,,,,,
2026-07-05T07:01:04.567681+00:00,2026-07-05T07:01:04.567592,2,1,141.0,0.2,140.9,100,140.6,150,,,,,,,,,,,,,,,,,141.1,100,,,,,,,,,,,,,,,,,,
2026-07-05T07:01:04.622345+00:00,2026-07-05T07:01:04.622161,2,2,141.0,0.2,140.9,100,140.6,150,,,,,,,,,,,,,,,,,141.1,100,141.4,100,,,,,,,,,,,,,,,,
2026-07-05T07:01:05.482101+00:00,2026-07-05T07:01:05.474392,2,2,141.0,0.2,140.9,77,140.6,150,,,,,,,,,,,,,,,,,141.1,100,141.4,100,,,,,,,,,,,,,,,,
2026-07-05T07:01:05.515221+00:00,2026-07-05T07:01:05.515111,2,1,141.15,0.5,140.9,77,140.6,150,,,,,,,,,,,,,,,,,141.4,100,,,,,,,,,,,,,,,,,,
2026-07-05T07:01:05.520475+00:00,2026-07-05T07:01:05.520288,1,1,141.15,0.5,140.9,77,,,,,,,,,,,,,,,,,,,141.4,100,,,,,,,,,,,,,,,,,,
2026-07-05T07:01:05.574496+00:00,2026-07-05T07:01:05.574303,2,1,141.15,0.5,140.9,77,140.6,150,,,,,,,,,,,,,,,,,141.4,100,,,,,,,,,,,,,,,,,,
2026-07-05T07:01:05.626617+00:00,2026-07-05T07:01:05.626566,2,2,141.0,0.2,140.9,77,140.6,150,,,,,,,,,,,,,,,,,141.1,150,141.4,100,,,,,,,,,,,,,,,,
2026-07-05T07:01:06.213368+00:00,2026-07-05T07:01:06.213269,2,2,141.0,0.2,140.9,77,140.6,150,,,,,,,,,,,,,,,,,141.1,107,141.4,100,,,,,,,,,,,,,,,,
2026-07-05T07:01:06.576383+00:00,2026-07-05T07:01:06.576262,2,2,141.0,0.2,140.9,77,140.6,150,,,,,,,,,,,,,,,,,141.1,57,141.4,100,,,,,,,,,,,,,,,,
2026-07-05T07:01:07.678754+00:00,2026-07-05T07:01:07.678670,2,1,141.0,0.2,140.9,77,140.6,150,,,,,,,,,,,,,,,,,141.1,57,,,,,,,,,,,,,,,,,,
2026-07-05T07:01:07.684073+00:00,2026-07-05T07:01:07.683929,1,1,140.85,0.5,140.6,150,,,,,,,,,,,,,,,,,,,141.1,57,,,,,,,,,,,,,,,,,,
2026-07-05T07:01:07.735989+00:00,2026-07-05T07:01:07.735785,2,1,140.85,0.5,140.6,150,140.5,100,,,,,,,,,,,,,,,,,141.1,57,,,,,,,,,,,,,,,,,,
2026-07-05T07:01:07.789067+00:00,2026-07-05T07:01:07.788920,2,2,140.8,0.4,140.6,150,140.5,100,,,,,,,,,,,,,,,,,141.0,100,141.1,57,,,,,,,,,,,,,,,,
2026-07-05T07:01:08.721741+00:00,2026-07-05T07:01:08.721693,1,1,140.75,0.5,140.5,100,,,,,,,,,,,,,,,,,,,141.0,100,,,,,,,,,,,,,,,,,,
2026-07-05T07:01:08.726783+00:00,2026-07-05T07:01:08.726917,1,1,140.75,0.5,140.5,100,,,,,,,,,,,,,,,,,,,141.0,50,,,,,,,,,,,,,,,,,,
2026-07-05T07:01:08.779707+00:00,2026-07-05T07:01:08.779632,2,0,,,141.1,100,140.5,100,,,,,,,,,,,,,,,,,,,,,,,,,,,,,,,,,,,,
2026-07-05T07:01:08.837545+00:00,2026-07-05T07:01:08.837513,2,1,141.35,0.5,141.1,100,140.5,100,,,,,,,,,,,,,,,,,141.6,150,,,,,,,,,,,,,,,,,,
2026-07-05T07:01:08.849140+00:00,2026-07-05T07:01:08.842436,2,1,141.35,0.5,141.1,97,140.5,100,,,,,,,,,,,,,,,,,141.6,150,,,,,,,,,,,,,,,,,,
2026-07-05T07:01:09.224333+00:00,2026-07-05T07:01:09.224188,2,1,141.35,0.5,141.1,53,140.5,100,,,,,,,,,,,,,,,,,141.6,150,,,,,,,,,,,,,,,,,,
2026-07-05T07:01:10.296865+00:00,2026-07-05T07:01:10.296760,2,1,141.35,0.5,141.1,7,140.5,100,,,,,,,,,,,,,,,,,141.6,150,,,,,,,,,,,,,,,,,,
2026-07-05T07:01:10.841628+00:00,2026-07-05T07:01:10.841514,1,1,141.35,0.5,141.1,7,,,,,,,,,,,,,,,,,,,141.6,150,,,,,,,,,,,,,,,,,,
2026-07-05T07:01:10.893646+00:00,2026-07-05T07:01:10.893599,2,1,141.35,0.5,141.1,7,140.8,100,,,,,,,,,,,,,,,,,141.6,150,,,,,,,,,,,,,,,,,,
2026-07-05T07:01:10.947027+00:00,2026-07-05T07:01:10.946947,2,2,141.2,0.2,141.1,7,140.8,100,,,,,,,,,,,,,,,,,141.3,100,141.6,150,,,,,,,,,,,,,,,,
2026-07-05T07:01:11.787337+00:00,2026-07-05T07:01:11.787249,1,2,141.05,0.5,140.8,100,,,,,,,,,,,,,,,,,,,141.3,100,141.6,150,,,,,,,,,,,,,,,,
2026-07-05T07:01:11.892844+00:00,2026-07-05T07:01:11.892738,1,1,141.05,0.5,140.8,100,,,,,,,,,,,,,,,,,,,141.3,100,,,,,,,,,,,,,,,,,,
2026-07-05T07:01:11.948958+00:00,2026-07-05T07:01:11.948876,2,1,141.05,0.5,140.8,100,140.3,150,,,,,,,,,,,,,,,,,141.3,100,,,,,,,,,,,,,,,,,,
2026-07-05T07:01:12.002609+00:00,2026-07-05T07:01:12.002538,1,2,140.55,0.5,140.3,150,,,,,,,,,,,,,,,,,,,140.8,50,141.3,100,,,,,,,,,,,,,,,,
2026-07-05T07:01:13.018271+00:00,2026-07-05T07:01:13.018128,1,2,140.55,0.5,140.3,100,,,,,,,,,,,,,,,,,,,140.8,50,141.3,100,,,,,,,,,,,,,,,,
2026-07-05T07:01:14.002657+00:00,2026-07-05T07:01:14.002744,1,1,140.55,0.5,140.3,100,,,,,,,,,,,,,,,,,,,140.8,50,,,,,,,,,,,,,,,,,,
2026-07-05T07:01:14.058600+00:00,2026-07-05T07:01:14.056128,2,1,140.6,0.4,140.4,100,140.3,100,,,,,,,,,,,,,,,,,140.8,50,,,,,,,,,,,,,,,,,,
2026-07-05T07:01:14.109644+00:00,2026-07-05T07:01:14.109729,2,2,140.6,0.4,140.4,100,140.3,100,,,,,,,,,,,,,,,,,140.8,50,140.9,100,,,,,,,,,,,,,,,,
2026-07-05T07:01:15.058587+00:00,2026-07-05T07:01:15.056824,1,1,140.65,0.5,140.4,100,,,,,,,,,,,,,,,,,,,140.9,100,,,,,,,,,,,,,,,,,,
2026-07-05T07:01:15.116235+00:00,2026-07-05T07:01:15.116190,2,1,140.75,0.3,140.6,150,140.4,100,,,,,,,,,,,,,,,,,140.9,100,,,,,,,,,,,,,,,,,,
2026-07-05T07:01:15.131873+00:00,2026-07-05T07:01:15.131823,2,1,140.75,0.3,140.6,100,140.4,100,,,,,,,,,,,,,,,,,140.9,100,,,,,,,,,,,,,,,,,,
2026-07-05T07:01:15.165495+00:00,2026-07-05T07:01:15.165435,2,2,140.75,0.3,140.6,100,140.4,100,,,,,,,,,,,,,,,,,140.9,100,141.1,150,,,,,,,,,,,,,,,,
2026-07-05T07:01:15.758592+00:00,2026-07-05T07:01:15.751966,2,2,140.75,0.3,140.6,100,140.4,100,,,,,,,,,,,,,,,,,140.9,54,141.1,150,,,,,,,,,,,,,,,,
2026-07-05T07:01:17.175444+00:00,2026-07-05T07:01:17.175330,1,1,140.85,0.5,140.6,100,,,,,,,,,,,,,,,,,,,141.1,150,,,,,,,,,,,,,,,,,,
2026-07-05T07:01:17.236931+00:00,2026-07-05T07:01:17.236893,2,1,140.9,0.4,140.7,50,140.6,100,,,,,,,,,,,,,,,,,141.1,150,,,,,,,,,,,,,,,,,,
2026-07-05T07:01:17.290735+00:00,2026-07-05T07:01:17.290601,2,2,140.9,0.4,140.7,50,140.6,100,,,,,,,,,,,,,,,,,141.1,150,141.2,100,,,,,,,,,,,,,,,,
2026-07-05T07:01:17.306657+00:00,2026-07-05T07:01:17.306522,2,2,140.9,0.4,140.7,1,140.6,100,,,,,,,,,,,,,,,,,141.1,150,141.2,100,,,,,,,,,,,,,,,,
2026-07-05T07:01:17.817621+00:00,2026-07-05T07:01:17.817565,2,2,140.9,0.4,140.7,1,140.6,100,,,,,,,,,,,,,,,,,141.1,109,141.2,100,,,,,,,,,,,,,,,,
2026-07-05T07:01:18.226683+00:00,2026-07-05T07:01:18.226657,2,1,140.95,0.5,140.7,1,140.6,100,,,,,,,,,,,,,,,,,141.2,100,,,,,,,,,,,,,,,,,,
2026-07-05T07:01:18.231907+00:00,2026-07-05T07:01:18.231826,1,1,140.95,0.5,140.7,1,,,,,,,,,,,,,,,,,,,141.2,100,,,,,,,,,,,,,,,,,,
2026-07-05T07:01:18.285464+00:00,2026-07-05T07:01:18.285357,2,1,140.95,0.5,140.7,1,140.5,150,,,,,,,,,,,,,,,,,141.2,100,,,,,,,,,,,,,,,,,,
2026-07-05T07:01:18.403074+00:00,2026-07-05T07:01:18.402942,2,2,140.85,0.3,140.7,1,140.5,150,,,,,,,,,,,,,,,,,141.0,150,141.2,100,,,,,,,,,,,,,,,,
2026-07-05T07:01:18.889067+00:00,2026-07-05T07:01:18.889025,1,2,140.75,0.5,140.5,150,,,,,,,,,,,,,,,,,,,141.0,150,141.2,100,,,,,,,,,,,,,,,,
2026-07-05T07:01:20.345037+00:00,2026-07-05T07:01:20.344920,1,1,140.75,0.5,140.5,150,,,,,,,,,,,,,,,,,,,141.0,150,,,,,,,,,,,,,,,,,,
2026-07-05T07:01:20.397206+00:00,2026-07-05T07:01:20.397314,2,1,140.75,0.5,140.5,150,140.2,100,,,,,,,,,,,,,,,,,141.0,150,,,,,,,,,,,,,,,,,,
2026-07-05T07:01:20.445891+00:00,2026-07-05T07:01:20.445852,2,2,140.6,0.2,140.5,150,140.2,100,,,,,,,,,,,,,,,,,140.7,100,141.0,150,,,,,,,,,,,,,,,,
2026-07-05T07:01:21.253780+00:00,2026-07-05T07:01:21.247457,2,2,140.6,0.2,140.5,150,140.2,100,,,,,,,,,,,,,,,,,140.7,97,141.0,150,,,,,,,,,,,,,,,,
2026-07-05T07:01:21.424259+00:00,2026-07-05T07:01:21.424162,2,2,140.6,0.2,140.5,150,140.2,100,,,,,,,,,,,,,,,,,140.7,47,141.0,150,,,,,,,,,,,,,,,,
2026-07-05T07:01:21.458610+00:00,2026-07-05T07:01:21.454799,1,1,140.45,0.5,140.2,100,,,,,,,,,,,,,,,,,,,140.7,47,,,,,,,,,,,,,,,,,,
2026-07-05T07:01:21.515245+00:00,2026-07-05T07:01:21.515350,2,1,140.6,0.2,140.5,150,140.2,100,,,,,,,,,,,,,,,,,140.7,47,,,,,,,,,,,,,,,,,,
2026-07-05T07:01:21.569873+00:00,2026-07-05T07:01:21.569983,2,2,140.6,0.2,140.5,150,140.2,100,,,,,,,,,,,,,,,,,140.7,47,141.0,150,,,,,,,,,,,,,,,,
2026-07-05T07:01:23.414202+00:00,2026-07-05T07:01:23.414161,2,2,140.6,0.2,140.5,150,140.2,100,,,,,,,,,,,,,,,,,140.7,2,141.0,150,,,,,,,,,,,,,,,,
2026-07-05T07:01:23.499597+00:00,2026-07-05T07:01:23.499535,2,1,140.75,0.5,140.5,150,140.2,100,,,,,,,,,,,,,,,,,141.0,150,,,,,,,,,,,,,,,,,,
2026-07-05T07:01:23.504788+00:00,2026-07-05T07:01:23.504709,1,1,140.75,0.5,140.5,150,,,,,,,,,,,,,,,,,,,141.0,150,,,,,,,,,,,,,,,,,,
2026-07-05T07:01:23.531710+00:00,2026-07-05T07:01:23.531530,1,1,140.75,0.5,140.5,150,,,,,,,,,,,,,,,,,,,141.0,100,,,,,,,,,,,,,,,,,,
2026-07-05T07:01:23.558666+00:00,2026-07-05T07:01:23.557613,2,1,140.8,0.4,140.6,100,140.5,150,,,,,,,,,,,,,,,,,141.0,100,,,,,,,,,,,,,,,,,,
2026-07-05T07:01:23.608930+00:00,2026-07-05T07:01:23.608828,2,2,140.8,0.4,140.6,100,140.5,150,,,,,,,,,,,,,,,,,141.0,100,141.1,100,,,,,,,,,,,,,,,,
2026-07-05T07:01:24.622177+00:00,2026-07-05T07:01:24.622066,2,1,140.85,0.5,140.6,100,140.5,150,,,,,,,,,,,,,,,,,141.1,100,,,,,,,,,,,,,,,,,,
2026-07-05T07:01:24.627329+00:00,2026-07-05T07:01:24.627269,1,1,140.85,0.5,140.6,100,,,,,,,,,,,,,,,,,,,141.1,100,,,,,,,,,,,,,,,,,,
2026-07-05T07:01:24.680584+00:00,2026-07-05T07:01:24.680482,2,1,140.95,0.3,140.8,150,140.6,100,,,,,,,,,,,,,,,,,141.1,100,,,,,,,,,,,,,,,,,,
2026-07-05T07:01:24.744112+00:00,2026-07-05T07:01:24.744254,2,2,140.95,0.3,140.8,150,140.6,100,,,,,,,,,,,,,,,,,141.1,100,141.3,150,,,,,,,,,,,,,,,,
2026-07-05T07:01:25.734748+00:00,2026-07-05T07:01:25.734665,2,2,140.95,0.3,140.8,100,140.6,100,,,,,,,,,,,,,,,,,141.1,100,141.3,150,,,,,,,,,,,,,,,,
2026-07-05T07:01:25.917253+00:00,2026-07-05T07:01:25.917188,2,2,140.95,0.3,140.8,57,140.6,100,,,,,,,,,,,,,,,,,141.1,100,141.3,150,,,,,,,,,,,,,,,,
2026-07-05T07:01:26.664209+00:00,2026-07-05T07:01:26.664154,1,1,141.05,0.5,140.8,57,,,,,,,,,,,,,,,,,,,141.3,150,,,,,,,,,,,,,,,,,,
2026-07-05T07:01:26.718427+00:00,2026-07-05T07:01:26.718535,1,1,141.05,0.5,140.8,157,,,,,,,,,,,,,,,,,,,141.3,150,,,,,,,,,,,,,,,,,,
2026-07-05T07:01:26.771460+00:00,2026-07-05T07:01:26.771398,1,1,141.05,0.5,140.8,157,,,,,,,,,,,,,,,,,,,141.3,250,,,,,,,,,,,,,,,,,,
2026-07-05T07:01:27.790844+00:00,2026-07-05T07:01:27.790993,1,1,141.05,0.5,140.8,157,,,,,,,,,,,,,,,,,,,141.3,200,,,,,,,,,,,,,,,,,,
2026-07-05T07:01:27.796288+00:00,2026-07-05T07:01:27.796196,1,1,141.05,0.5,140.8,157,,,,,,,,,,,,,,,,,,,141.3,100,,,,,,,,,,,,,,,,,,
2026-07-05T07:01:27.801278+00:00,2026-07-05T07:01:27.801376,1,1,141.05,0.5,140.8,100,,,,,,,,,,,,,,,,,,,141.3,100,,,,,,,,,,,,,,,,,,
2026-07-05T07:01:27.863314+00:00,2026-07-05T07:01:27.850811,1,1,141.05,0.5,140.8,250,,,,,,,,,,,,,,,,,,,141.3,100,,,,,,,,,,,,,,,,,,
2026-07-05T07:01:27.907911+00:00,2026-07-05T07:01:27.908049,1,1,141.05,0.5,140.8,250,,,,,,,,,,,,,,,,,,,141.3,250,,,,,,,,,,,,,,,,,,
2026-07-05T07:01:28.793634+00:00,2026-07-05T07:01:28.793590,1,1,141.05,0.5,140.8,202,,,,,,,,,,,,,,,,,,,141.3,250,,,,,,,,,,,,,,,,,,
2026-07-05T07:01:29.824489+00:00,2026-07-05T07:01:29.824636,1,1,141.05,0.5,140.8,150,,,,,,,,,,,,,,,,,,,141.3,150,,,,,,,,,,,,,,,,,,
2026-07-05T07:01:29.890477+00:00,2026-07-05T07:01:29.890362,2,1,141.05,0.5,140.8,150,140.5,100,,,,,,,,,,,,,,,,,141.3,150,,,,,,,,,,,,,,,,,,
2026-07-05T07:01:29.895640+00:00,2026-07-05T07:01:29.895618,2,1,141.05,0.5,140.8,150,140.5,100,,,,,,,,,,,,,,,,,141.3,100,,,,,,,,,,,,,,,,,,
2026-07-05T07:01:29.944018+00:00,2026-07-05T07:01:29.943912,2,2,140.9,0.2,140.8,150,140.5,100,,,,,,,,,,,,,,,,,141.0,100,141.3,100,,,,,,,,,,,,,,,,
2026-07-05T07:01:30.958635+00:00,2026-07-05T07:01:30.956509,1,1,140.75,0.5,140.5,100,,,,,,,,,,,,,,,,,,,141.0,100,,,,,,,,,,,,,,,,,,
2026-07-05T07:01:31.014726+00:00,2026-07-05T07:01:31.014624,2,1,140.85,0.3,140.7,150,140.5,100,,,,,,,,,,,,,,,,,141.0,100,,,,,,,,,,,,,,,,,,
2026-07-05T07:01:31.063594+00:00,2026-07-05T07:01:31.063808,2,2,140.85,0.3,140.7,150,140.5,100,,,,,,,,,,,,,,,,,141.0,100,141.2,150,,,,,,,,,,,,,,,,
2026-07-05T07:01:32.005081+00:00,2026-07-05T07:01:32.004931,2,2,140.85,0.3,140.7,150,140.5,100,,,,,,,,,,,,,,,,,141.0,50,141.2,150,,,,,,,,,,,,,,,,
2026-07-05T07:01:32.998637+00:00,2026-07-05T07:01:32.998480,1,1,140.95,0.5,140.7,150,,,,,,,,,,,,,,,,,,,141.2,150,,,,,,,,,,,,,,,,,,
2026-07-05T07:01:33.058667+00:00,2026-07-05T07:01:33.053803,2,1,140.95,0.5,140.7,150,140.6,100,,,,,,,,,,,,,,,,,141.2,150,,,,,,,,,,,,,,,,,,
2026-07-05T07:01:33.107807+00:00,2026-07-05T07:01:33.107624,2,2,140.9,0.4,140.7,150,140.6,100,,,,,,,,,,,,,,,,,141.1,100,141.2,150,,,,,,,,,,,,,,,,
2026-07-05T07:01:34.127989+00:00,2026-07-05T07:01:34.128180,2,2,140.9,0.4,140.7,150,140.6,100,,,,,,,,,,,,,,,,,141.1,50,141.2,150,,,,,,,,,,,,,,,,
2026-07-05T07:01:34.133504+00:00,2026-07-05T07:01:34.133411,1,1,140.85,0.5,140.6,100,,,,,,,,,,,,,,,,,,,141.1,50,,,,,,,,,,,,,,,,,,
2026-07-05T07:01:34.185656+00:00,2026-07-05T07:01:34.185515,2,1,140.85,0.5,140.6,100,140.3,150,,,,,,,,,,,,,,,,,141.1,50,,,,,,,,,,,,,,,,,,
2026-07-05T07:01:34.235953+00:00,2026-07-05T07:01:34.235837,2,2,140.7,0.2,140.6,100,140.3,150,,,,,,,,,,,,,,,,,140.8,150,141.1,50,,,,,,,,,,,,,,,,
2026-07-05T07:01:36.158589+00:00,2026-07-05T07:01:36.157190,1,1,140.55,0.5,140.3,150,,,,,,,,,,,,,,,,,,,140.8,150,,,,,,,,,,,,,,,,,,
2026-07-05T07:01:36.218865+00:00,2026-07-05T07:01:36.218733,2,1,140.75,0.1,140.7,100,140.3,150,,,,,,,,,,,,,,,,,140.8,150,,,,,,,,,,,,,,,,,,
2026-07-05T07:01:36.239815+00:00,2026-07-05T07:01:36.239762,2,1,140.75,0.1,140.7,100,140.3,150,,,,,,,,,,,,,,,,,140.8,100,,,,,,,,,,,,,,,,,,
2026-07-05T07:01:36.272034+00:00,2026-07-05T07:01:36.272153,2,2,140.75,0.1,140.7,100,140.3,150,,,,,,,,,,,,,,,,,140.8,100,141.2,100,,,,,,,,,,,,,,,,
2026-07-05T07:01:36.544585+00:00,2026-07-05T07:01:36.544723,2,2,140.75,0.1,140.7,100,140.3,150,,,,,,,,,,,,,,,,,140.8,57,141.2,100,,,,,,,,,,,,,,,,
2026-07-05T07:01:37.046555+00:00,2026-07-05T07:01:37.040107,2,2,140.75,0.1,140.7,97,140.3,150,,,,,,,,,,,,,,,,,140.8,57,141.2,100,,,,,,,,,,,,,,,,
2026-07-05T07:01:37.292675+00:00,2026-07-05T07:01:37.292616,2,1,140.95,0.5,140.7,97,140.3,150,,,,,,,,,,,,,,,,,141.2,100,,,,,,,,,,,,,,,,,,
2026-07-05T07:01:37.297848+00:00,2026-07-05T07:01:37.297793,1,1,140.95,0.5,140.7,97,,,,,,,,,,,,,,,,,,,141.2,100,,,,,,,,,,,,,,,,,,
2026-07-05T07:01:37.348597+00:00,2026-07-05T07:01:37.348569,2,1,141.0,0.4,140.8,150,140.7,97,,,,,,,,,,,,,,,,,141.2,100,,,,,,,,,,,,,,,,,,
2026-07-05T07:01:37.401383+00:00,2026-07-05T07:01:37.401316,2,2,141.0,0.4,140.8,150,140.7,97,,,,,,,,,,,,,,,,,141.2,100,141.3,150,,,,,,,,,,,,,,,,
2026-07-05T07:01:38.437039+00:00,2026-07-05T07:01:38.437237,2,2,141.0,0.4,140.8,100,140.7,97,,,,,,,,,,,,,,,,,141.2,100,141.3,150,,,,,,,,,,,,,,,,
2026-07-05T07:01:38.687664+00:00,2026-07-05T07:01:38.687587,2,2,141.0,0.4,140.8,100,140.7,97,,,,,,,,,,,,,,,,,141.2,58,141.3,150,,,,,,,,,,,,,,,,
2026-07-05T07:01:39.321817+00:00,2026-07-05T07:01:39.321779,2,1,141.05,0.5,140.8,100,140.7,97,,,,,,,,,,,,,,,,,141.3,150,,,,,,,,,,,,,,,,,,
2026-07-05T07:01:39.326867+00:00,2026-07-05T07:01:39.326957,1,1,141.05,0.5,140.8,100,,,,,,,,,,,,,,,,,,,141.3,150,,,,,,,,,,,,,,,,,,
2026-07-05T07:01:39.380718+00:00,2026-07-05T07:01:39.380617,1,1,141.05,0.5,140.8,200,,,,,,,,,,,,,,,,,,,141.3,150,,,,,,,,,,,,,,,,,,
2026-07-05T07:01:39.436984+00:00,2026-07-05T07:01:39.436914,1,2,141.0,0.4,140.8,200,,,,,,,,,,,,,,,,,,,141.2,100,141.3,150,,,,,,,,,,,,,,,,
2026-07-05T07:01:40.479735+00:00,2026-07-05T07:01:40.468805,1,1,141.0,0.4,140.8,100,,,,,,,,,,,,,,,,,,,141.2,100,,,,,,,,,,,,,,,,,,
2026-07-05T07:01:40.513763+00:00,2026-07-05T07:01:40.513888,2,1,141.05,0.3,140.9,150,140.8,100,,,,,,,,,,,,,,,,,141.2,100,,,,,,,,,,,,,,,,,,
2026-07-05T07:01:40.551247+00:00,2026-07-05T07:01:40.551107,2,1,141.05,0.3,140.9,100,140.8,100,,,,,,,,,,,,,,,,,141.2,100,,,,,,,,,,,,,,,,,,
2026-07-05T07:01:40.566549+00:00,2026-07-05T07:01:40.566443,2,2,141.05,0.3,140.9,100,140.8,100,,,,,,,,,,,,,,,,,141.2,100,141.4,150,,,,,,,,,,,,,,,,
2026-07-05T07:01:42.492035+00:00,2026-07-05T07:01:42.491980,1,1,141.15,0.5,140.9,100,,,,,,,,,,,,,,,,,,,141.4,150,,,,,,,,,,,,,,,,,,
2026-07-05T07:01:42.529706+00:00,2026-07-05T07:01:42.529650,1,1,141.15,0.5,140.9,56,,,,,,,,,,,,,,,,,,,141.4,150,,,,,,,,,,,,,,,,,,
2026-07-05T07:01:42.546699+00:00,2026-07-05T07:01:42.546588,2,1,141.15,0.5,140.9,56,140.8,100,,,,,,,,,,,,,,,,,141.4,150,,,,,,,,,,,,,,,,,,
2026-07-05T07:01:42.595045+00:00,2026-07-05T07:01:42.594991,2,2,141.05,0.3,140.9,56,140.8,100,,,,,,,,,,,,,,,,,141.2,100,141.4,150,,,,,,,,,,,,,,,,
2026-07-05T07:01:42.657542+00:00,2026-07-05T07:01:42.657429,2,2,141.05,0.3,140.9,6,140.8,100,,,,,,,,,,,,,,,,,141.2,100,141.4,150,,,,,,,,,,,,,,,,
2026-07-05T07:01:43.016032+00:00,2026-07-05T07:01:43.015898,2,2,141.05,0.3,140.9,6,140.8,100,,,,,,,,,,,,,,,,,141.2,52,141.4,150,,,,,,,,,,,,,,,,
2026-07-05T07:01:43.621324+00:00,2026-07-05T07:01:43.621191,1,1,141.0,0.4,140.8,100,,,,,,,,,,,,,,,,,,,141.2,52,,,,,,,,,,,,,,,,,,
2026-07-05T07:01:43.677628+00:00,2026-07-05T07:01:43.677448,2,1,141.0,0.4,140.8,100,140.2,150,,,,,,,,,,,,,,,,,141.2,52,,,,,,,,,,,,,,,,,,
2026-07-05T07:01:43.731869+00:00,2026-07-05T07:01:43.731787,1,2,140.45,0.5,140.2,150,,,,,,,,,,,,,,,,,,,140.7,50,141.2,52,,,,,,,,,,,,,,,,
2026-07-05T07:01:44.117867+00:00,2026-07-05T07:01:44.118019,1,2,140.45,0.5,140.2,150,,,,,,,,,,,,,,,,,,,140.7,1,141.2,52,,,,,,,,,,,,,,,,
2026-07-05T07:01:45.125047+00:00,2026-07-05T07:01:45.125127,1,2,140.45,0.5,140.2,108,,,,,,,,,,,,,,,,,,,140.7,1,141.2,52,,,,,,,,,,,,,,,,
2026-07-05T07:01:45.653265+00:00,2026-07-05T07:01:45.653343,1,1,140.45,0.5,140.2,108,,,,,,,,,,,,,,,,,,,140.7,1,,,,,,,,,,,,,,,,,,
2026-07-05T07:01:45.703048+00:00,2026-07-05T07:01:45.702961,2,1,140.55,0.3,140.4,100,140.2,108,,,,,,,,,,,,,,,,,140.7,1,,,,,,,,,,,,,,,,,,
2026-07-05T07:01:45.763805+00:00,2026-07-05T07:01:45.763756,2,2,140.55,0.3,140.4,100,140.2,108,,,,,,,,,,,,,,,,,140.7,1,140.9,100,,,,,,,,,,,,,,,,
2026-07-05T07:01:46.790976+00:00,2026-07-05T07:01:46.790855,1,1,140.65,0.5,140.4,100,,,,,,,,,,,,,,,,,,,140.9,100,,,,,,,,,,,,,,,,,,
2026-07-05T07:01:46.850142+00:00,2026-07-05T07:01:46.850036,1,1,140.65,0.5,140.4,100,,,,,,,,,,,,,,,,,,,140.9,50,,,,,,,,,,,,,,,,,,
2026-07-05T07:01:46.855331+00:00,2026-07-05T07:01:46.855251,2,1,140.7,0.4,140.5,150,140.4,100,,,,,,,,,,,,,,,,,140.9,50,,,,,,,,,,,,,,,,,,
2026-07-05T07:01:46.909224+00:00,2026-07-05T07:01:46.909164,2,2,140.7,0.4,140.5,150,140.4,100,,,,,,,,,,,,,,,,,140.9,50,141.0,150,,,,,,,,,,,,,,,,
2026-07-05T07:01:48.812986+00:00,2026-07-05T07:01:48.812885,1,1,140.75,0.5,140.5,150,,,,,,,,,,,,,,,,,,,141.0,150,,,,,,,,,,,,,,,,,,
2026-07-05T07:01:48.868941+00:00,2026-07-05T07:01:48.869051,1,1,140.75,0.5,140.5,250,,,,,,,,,,,,,,,,,,,141.0,150,,,,,,,,,,,,,,,,,,
2026-07-05T07:01:48.916643+00:00,2026-07-05T07:01:48.916770,1,1,140.75,0.5,140.5,250,,,,,,,,,,,,,,,,,,,141.0,250,,,,,,,,,,,,,,,,,,
2026-07-05T07:01:48.998722+00:00,2026-07-05T07:01:48.998646,1,1,140.75,0.5,140.5,200,,,,,,,,,,,,,,,,,,,141.0,250,,,,,,,,,,,,,,,,,,
2026-07-05T07:01:49.958661+00:00,2026-07-05T07:01:49.957253,1,1,140.75,0.5,140.5,100,,,,,,,,,,,,,,,,,,,141.0,100,,,,,,,,,,,,,,,,,,
2026-07-05T07:01:50.019383+00:00,2026-07-05T07:01:50.019266,2,1,140.75,0.5,140.5,100,140.2,150,,,,,,,,,,,,,,,,,141.0,100,,,,,,,,,,,,,,,,,,
2026-07-05T07:01:50.073256+00:00,2026-07-05T07:01:50.073168,2,2,140.6,0.2,140.5,100,140.2,150,,,,,,,,,,,,,,,,,140.7,150,141.0,100,,,,,,,,,,,,,,,,
2026-07-05T07:01:51.075783+00:00,2026-07-05T07:01:51.075627,2,2,140.6,0.2,140.5,100,140.2,150,,,,,,,,,,,,,,,,,140.7,100,141.0,100,,,,,,,,,,,,,,,,
2026-07-05T07:01:51.324599+00:00,2026-07-05T07:01:51.324470,2,2,140.6,0.2,140.5,58,140.2,150,,,,,,,,,,,,,,,,,140.7,100,141.0,100,,,,,,,,,,,,,,,,
2026-07-05T07:01:51.971773+00:00,2026-07-05T07:01:51.971690,1,1,140.45,0.5,140.2,150,,,,,,,,,,,,,,,,,,,140.7,100,,,,,,,,,,,,,,,,,,
2026-07-05T07:01:52.025285+00:00,2026-07-05T07:01:52.025241,1,1,140.45,0.5,140.2,250,,,,,,,,,,,,,,,,,,,140.7,100,,,,,,,,,,,,,,,,,,
2026-07-05T07:01:52.084867+00:00,2026-07-05T07:01:52.084769,1,1,140.45,0.5,140.2,250,,,,,,,,,,,,,,,,,,,140.7,200,,,,,,,,,,,,,,,,,,
2026-07-05T07:01:53.128273+00:00,2026-07-05T07:01:53.128205,1,1,140.45,0.5,140.2,100,,,,,,,,,,,,,,,,,,,140.7,100,,,,,,,,,,,,,,,,,,
2026-07-05T07:01:53.183671+00:00,2026-07-05T07:01:53.183604,1,1,140.45,0.5,140.2,250,,,,,,,,,,,,,,,,,,,140.7,100,,,,,,,,,,,,,,,,,,
2026-07-05T07:01:53.234348+00:00,2026-07-05T07:01:53.234214,1,1,140.45,0.5,140.2,200,,,,,,,,,,,,,,,,,,,140.7,250,,,,,,,,,,,,,,,,,,
2026-07-05T07:01:55.134651+00:00,2026-07-05T07:01:55.134786,1,1,140.45,0.5,140.2,150,,,,,,,,,,,,,,,,,,,140.7,150,,,,,,,,,,,,,,,,,,
2026-07-05T07:01:55.185691+00:00,2026-07-05T07:01:55.185583,2,1,140.45,0.5,140.2,150,140.1,100,,,,,,,,,,,,,,,,,140.7,150,,,,,,,,,,,,,,,,,,
2026-07-05T07:01:55.241251+00:00,2026-07-05T07:01:55.241213,2,2,140.4,0.4,140.2,150,140.1,100,,,,,,,,,,,,,,,,,140.6,100,140.7,150,,,,,,,,,,,,,,,,
2026-07-05T07:01:55.311902+00:00,2026-07-05T07:01:55.311797,2,2,140.4,0.4,140.2,150,140.1,100,,,,,,,,,,,,,,,,,140.6,50,140.7,150,,,,,,,,,,,,,,,,
2026-07-05T07:01:56.292289+00:00,2026-07-05T07:01:56.292152,1,1,140.35,0.5,140.1,100,,,,,,,,,,,,,,,,,,,140.6,50,,,,,,,,,,,,,,,,,,
2026-07-05T07:01:56.358726+00:00,2026-07-05T07:01:56.347876,2,1,140.35,0.5,140.1,100,140.0,150,,,,,,,,,,,,,,,,,140.6,50,,,,,,,,,,,,,,,,,,
2026-07-05T07:01:56.399792+00:00,2026-07-05T07:01:56.399668,2,2,140.3,0.4,140.1,100,140.0,150,,,,,,,,,,,,,,,,,140.5,150,140.6,50,,,,,,,,,,,,,,,,
2026-07-05T07:01:57.420964+00:00,2026-07-05T07:01:57.421134,2,2,140.3,0.4,140.1,100,140.0,150,,,,,,,,,,,,,,,,,140.5,100,140.6,50,,,,,,,,,,,,,,,,
2026-07-05T07:01:57.499243+00:00,2026-07-05T07:01:57.499137,2,2,140.3,0.4,140.1,56,140.0,150,,,,,,,,,,,,,,,,,140.5,100,140.6,50,,,,,,,,,,,,,,,,
2026-07-05T07:01:58.295212+00:00,2026-07-05T07:01:58.295083,1,1,140.25,0.5,140.0,150,,,,,,,,,,,,,,,,,,,140.5,100,,,,,,,,,,,,,,,,,,
2026-07-05T07:01:58.349768+00:00,2026-07-05T07:01:58.349702,1,1,140.25,0.5,140.0,250,,,,,,,,,,,,,,,,,,,140.5,100,,,,,,,,,,,,,,,,,,
2026-07-05T07:01:58.402141+00:00,2026-07-05T07:01:58.402043,1,1,140.25,0.5,140.0,250,,,,,,,,,,,,,,,,,,,140.5,200,,,,,,,,,,,,,,,,,,
2026-07-05T07:01:59.458775+00:00,2026-07-05T07:01:59.458648,1,1,140.25,0.5,140.0,100,,,,,,,,,,,,,,,,,,,140.5,100,,,,,,,,,,,,,,,,,,
2026-07-05T07:01:59.544890+00:00,2026-07-05T07:01:59.544771,2,1,140.45,0.1,140.4,150,140.0,100,,,,,,,,,,,,,,,,,140.5,100,,,,,,,,,,,,,,,,,,
2026-07-05T07:01:59.598112+00:00,2026-07-05T07:01:59.597991,2,2,140.45,0.1,140.4,150,140.0,100,,,,,,,,,,,,,,,,,140.5,100,140.9,150,,,,,,,,,,,,,,,,
2026-07-05T07:01:59.603327+00:00,2026-07-05T07:01:59.603200,2,2,140.45,0.1,140.4,100,140.0,100,,,,,,,,,,,,,,,,,140.5,100,140.9,150,,,,,,,,,,,,,,,,
2026-07-05T07:02:01.458588+00:00,2026-07-05T07:02:01.450860,1,1,140.65,0.5,140.4,100,,,,,,,,,,,,,,,,,,,140.9,150,,,,,,,,,,,,,,,,,,
2026-07-05T07:02:01.510129+00:00,2026-07-05T07:02:01.510036,2,1,140.65,0.5,140.4,100,139.9,100,,,,,,,,,,,,,,,,,140.9,150,,,,,,,,,,,,,,,,,,
2026-07-05T07:02:01.557854+00:00,2026-07-05T07:02:01.558001,1,1,140.4,1.0,139.9,100,,,,,,,,,,,,,,,,,,,140.9,150,,,,,,,,,,,,,,,,,,
2026-07-05T07:02:02.651847+00:00,2026-07-05T07:02:02.651746,1,0,,,139.9,100,,,,,,,,,,,,,,,,,,,,,,,,,,,,,,,,,,,,,,
2026-07-05T07:02:02.705584+00:00,2026-07-05T07:02:02.705458,1,0,,,139.9,250,,,,,,,,,,,,,,,,,,,,,,,,,,,,,,,,,,,,,,
2026-07-05T07:02:02.758590+00:00,2026-07-05T07:02:02.754121,1,1,140.15,0.5,139.9,250,,,,,,,,,,,,,,,,,,,140.4,150,,,,,,,,,,,,,,,,,,
2026-07-05T07:02:03.795849+00:00,2026-07-05T07:02:03.795666,1,1,140.15,0.5,139.9,250,,,,,,,,,,,,,,,,,,,140.4,100,,,,,,,,,,,,,,,,,,
2026-07-05T07:02:04.622686+00:00,2026-07-05T07:02:04.622577,1,1,140.15,0.5,139.9,150,,,,,,,,,,,,,,,,,,,140.4,100,,,,,,,,,,,,,,,,,,
2026-07-05T07:02:04.667394+00:00,2026-07-05T07:02:04.667281,2,1,140.35,0.1,140.3,100,139.9,150,,,,,,,,,,,,,,,,,140.4,100,,,,,,,,,,,,,,,,,,
2026-07-05T07:02:04.719131+00:00,2026-07-05T07:02:04.719218,2,2,140.35,0.1,140.3,100,139.9,150,,,,,,,,,,,,,,,,,140.4,100,140.8,100,,,,,,,,,,,,,,,,
2026-07-05T07:02:05.815545+00:00,2026-07-05T07:02:05.815681,1,1,140.55,0.5,140.3,100,,,,,,,,,,,,,,,,,,,140.8,100,,,,,,,,,,,,,,,,,,
2026-07-05T07:02:05.871089+00:00,2026-07-05T07:02:05.870913,2,1,140.55,0.5,140.3,100,140.0,150,,,,,,,,,,,,,,,,,140.8,100,,,,,,,,,,,,,,,,,,
2026-07-05T07:02:05.921782+00:00,2026-07-05T07:02:05.921695,2,2,140.4,0.2,140.3,100,140.0,150,,,,,,,,,,,,,,,,,140.5,150,140.8,100,,,,,,,,,,,,,,,,
2026-07-05T07:02:05.958652+00:00,2026-07-05T07:02:05.956967,2,2,140.4,0.2,140.3,50,140.0,150,,,,,,,,,,,,,,,,,140.5,150,140.8,100,,,,,,,,,,,,,,,,
2026-07-05T07:02:06.332458+00:00,2026-07-05T07:02:06.332381,2,2,140.4,0.2,140.3,50,140.0,150,,,,,,,,,,,,,,,,,140.5,110,140.8,100,,,,,,,,,,,,,,,,
2026-07-05T07:02:06.910447+00:00,2026-07-05T07:02:06.910633,2,2,140.4,0.2,140.3,50,140.0,150,,,,,,,,,,,,,,,,,140.5,62,140.8,100,,,,,,,,,,,,,,,,
2026-07-05T07:02:06.968783+00:00,2026-07-05T07:02:06.968739,2,2,140.4,0.2,140.3,4,140.0,150,,,,,,,,,,,,,,,,,140.5,62,140.8,100,,,,,,,,,,,,,,,,
2026-07-05T07:02:07.775504+00:00,2026-07-05T07:02:07.775444,1,1,140.25,0.5,140.0,150,,,,,,,,,,,,,,,,,,,140.5,62,,,,,,,,,,,,,,,,,,
2026-07-05T07:02:07.830881+00:00,2026-07-05T07:02:07.830821,1,1,140.25,0.5,140.0,250,,,,,,,,,,,,,,,,,,,140.5,62,,,,,,,,,,,,,,,,,,
2026-07-05T07:02:07.884007+00:00,2026-07-05T07:02:07.883952,1,1,140.25,0.5,140.0,250,,,,,,,,,,,,,,,,,,,140.5,162,,,,,,,,,,,,,,,,,,
2026-07-05T07:02:08.084794+00:00,2026-07-05T07:02:08.084945,1,1,140.25,0.5,140.0,200,,,,,,,,,,,,,,,,,,,140.5,162,,,,,,,,,,,,,,,,,,
2026-07-05T07:02:08.977699+00:00,2026-07-05T07:02:08.977601,1,1,140.25,0.5,140.0,100,,,,,,,,,,,,,,,,,,,140.5,100,,,,,,,,,,,,,,,,,,
2026-07-05T07:02:09.035061+00:00,2026-07-05T07:02:09.034901,2,1,140.4,0.2,140.3,150,140.0,100,,,,,,,,,,,,,,,,,140.5,100,,,,,,,,,,,,,,,,,,
2026-07-05T07:02:09.088204+00:00,2026-07-05T07:02:09.088034,2,2,140.4,0.2,140.3,150,140.0,100,,,,,,,,,,,,,,,,,140.5,100,140.8,150,,,,,,,,,,,,,,,,
2026-07-05T07:02:09.850692+00:00,2026-07-05T07:02:09.850825,2,2,140.4,0.2,140.3,104,140.0,100,,,,,,,,,,,,,,,,,140.5,100,140.8,150,,,,,,,,,,,,,,,,
2026-07-05T07:02:10.191541+00:00,2026-07-05T07:02:10.191513,2,2,140.4,0.2,140.3,54,140.0,100,,,,,,,,,,,,,,,,,140.5,100,140.8,150,,,,,,,,,,,,,,,,
2026-07-05T07:02:10.935667+00:00,2026-07-05T07:02:10.935638,2,1,140.55,0.5,140.3,54,140.0,100,,,,,,,,,,,,,,,,,140.8,150,,,,,,,,,,,,,,,,,,
2026-07-05T07:02:10.940973+00:00,2026-07-05T07:02:10.940781,1,1,140.55,0.5,140.3,54,,,,,,,,,,,,,,,,,,,140.8,150,,,,,,,,,,,,,,,,,,
2026-07-05T07:02:10.970757+00:00,2026-07-05T07:02:10.970589,1,1,140.55,0.5,140.3,54,,,,,,,,,,,,,,,,,,,140.8,109,,,,,,,,,,,,,,,,,,
2026-07-05T07:02:10.991357+00:00,2026-07-05T07:02:10.991259,2,1,140.55,0.5,140.3,54,140.1,100,,,,,,,,,,,,,,,,,140.8,109,,,,,,,,,,,,,,,,,,
2026-07-05T07:02:11.047024+00:00,2026-07-05T07:02:11.046936,2,2,140.45,0.3,140.3,54,140.1,100,,,,,,,,,,,,,,,,,140.6,100,140.8,109,,,,,,,,,,,,,,,,
2026-07-05T07:02:11.558746+00:00,2026-07-05T07:02:11.530843,2,2,140.45,0.3,140.3,10,140.1,100,,,,,,,,,,,,,,,,,140.6,100,140.8,109,,,,,,,,,,,,,,,,
2026-07-05T07:02:12.143695+00:00,2026-07-05T07:02:12.143565,1,1,140.35,0.5,140.1,100,,,,,,,,,,,,,,,,,,,140.6,100,,,,,,,,,,,,,,,,,,
2026-07-05T07:02:12.198978+00:00,2026-07-05T07:02:12.198954,2,1,140.35,0.5,140.1,100,139.9,150,,,,,,,,,,,,,,,,,140.6,100,,,,,,,,,,,,,,,,,,
2026-07-05T07:02:12.249626+00:00,2026-07-05T07:02:12.249506,2,2,140.25,0.3,140.1,100,139.9,150,,,,,,,,,,,,,,,,,140.4,150,140.6,100,,,,,,,,,,,,,,,,
2026-07-05T07:02:12.303479+00:00,2026-07-05T07:02:12.303375,2,2,140.25,0.3,140.1,50,139.9,150,,,,,,,,,,,,,,,,,140.4,150,140.6,100,,,,,,,,,,,,,,,,
2026-07-05T07:02:12.860155+00:00,2026-07-05T07:02:12.853973,2,2,140.25,0.3,140.1,50,139.9,150,,,,,,,,,,,,,,,,,140.4,147,140.6,100,,,,,,,,,,,,,,,,
2026-07-05T07:02:12.977757+00:00,2026-07-05T07:02:12.977604,2,2,140.25,0.3,140.1,50,139.9,150,,,,,,,,,,,,,,,,,140.4,99,140.6,100,,,,,,,,,,,,,,,,
2026-07-05T07:02:13.915055+00:00,2026-07-05T07:02:13.908020,2,2,140.25,0.3,140.1,50,139.9,150,,,,,,,,,,,,,,,,,140.4,88,140.6,100,,,,,,,,,,,,,,,,
2026-07-05T07:02:14.100489+00:00,2026-07-05T07:02:14.100455,1,1,140.15,0.5,139.9,150,,,,,,,,,,,,,,,,,,,140.4,88,,,,,,,,,,,,,,,,,,
2026-07-05T07:02:14.158590+00:00,2026-07-05T07:02:14.154701,2,1,140.35,0.1,140.3,100,139.9,150,,,,,,,,,,,,,,,,,140.4,88,,,,,,,,,,,,,,,,,,
2026-07-05T07:02:14.208050+00:00,2026-07-05T07:02:14.208121,2,2,140.35,0.1,140.3,100,139.9,150,,,,,,,,,,,,,,,,,140.4,88,140.8,100,,,,,,,,,,,,,,,,
2026-07-05T07:02:14.422169+00:00,2026-07-05T07:02:14.422040,2,2,140.35,0.1,140.3,50,139.9,150,,,,,,,,,,,,,,,,,140.4,88,140.8,100,,,,,,,,,,,,,,,,
2026-07-05T07:02:14.609613+00:00,2026-07-05T07:02:14.603729,2,2,140.35,0.1,140.3,50,139.9,150,,,,,,,,,,,,,,,,,140.4,65,140.8,100,,,,,,,,,,,,,,,,
2026-07-05T07:02:15.305592+00:00,2026-07-05T07:02:15.305477,1,1,140.55,0.5,140.3,50,,,,,,,,,,,,,,,,,,,140.8,100,,,,,,,,,,,,,,,,,,
2026-07-05T07:02:15.368389+00:00,2026-07-05T07:02:15.362375,2,1,140.6,0.4,140.4,139,140.3,50,,,,,,,,,,,,,,,,,140.8,100,,,,,,,,,,,,,,,,,,
2026-07-05T07:02:15.415263+00:00,2026-07-05T07:02:15.415141,2,2,140.6,0.4,140.4,139,140.3,50,,,,,,,,,,,,,,,,,140.8,100,140.9,150,,,,,,,,,,,,,,,,
2026-07-05T07:02:15.778690+00:00,2026-07-05T07:02:15.778588,2,2,140.6,0.4,140.4,90,140.3,50,,,,,,,,,,,,,,,,,140.8,100,140.9,150,,,,,,,,,,,,,,,,
2026-07-05T07:02:16.518654+00:00,2026-07-05T07:02:16.518576,2,2,140.6,0.4,140.4,40,140.3,50,,,,,,,,,,,,,,,,,140.8,100,140.9,150,,,,,,,,,,,,,,,,
2026-07-05T07:02:16.738037+00:00,2026-07-05T07:02:16.737994,2,2,140.6,0.4,140.4,40,140.3,50,,,,,,,,,,,,,,,,,140.8,55,140.9,150,,,,,,,,,,,,,,,,
2026-07-05T07:02:17.258586+00:00,2026-07-05T07:02:17.252994,1,1,140.65,0.5,140.4,40,,,,,,,,,,,,,,,,,,,140.9,150,,,,,,,,,,,,,,,,,,
2026-07-05T07:02:17.316137+00:00,2026-07-05T07:02:17.316224,2,1,140.65,0.5,140.4,40,140.3,100,,,,,,,,,,,,,,,,,140.9,150,,,,,,,,,,,,,,,,,,
2026-07-05T07:02:17.370974+00:00,2026-07-05T07:02:17.371072,2,2,140.6,0.4,140.4,40,140.3,100,,,,,,,,,,,,,,,,,140.8,100,140.9,150,,,,,,,,,,,,,,,,
2026-07-05T07:02:18.471710+00:00,2026-07-05T07:02:18.471854,1,1,140.55,0.5,140.3,100,,,,,,,,,,,,,,,,,,,140.8,100,,,,,,,,,,,,,,,,,,
2026-07-05T07:02:18.526697+00:00,2026-07-05T07:02:18.526567,2,1,140.55,0.5,140.3,100,140.0,150,,,,,,,,,,,,,,,,,140.8,100,,,,,,,,,,,,,,,,,,
2026-07-05T07:02:18.579006+00:00,2026-07-05T07:02:18.578954,2,2,140.4,0.2,140.3,100,140.0,150,,,,,,,,,,,,,,,,,140.5,150,140.8,100,,,,,,,,,,,,,,,,
2026-07-05T07:02:18.625467+00:00,2026-07-05T07:02:18.625332,2,2,140.4,0.2,140.3,50,140.0,150,,,,,,,,,,,,,,,,,140.5,150,140.8,100,,,,,,,,,,,,,,,,
2026-07-05T07:02:20.425898+00:00,2026-07-05T07:02:20.425861,1,1,140.25,0.5,140.0,150,,,,,,,,,,,,,,,,,,,140.5,150,,,,,,,,,,,,,,,,,,
2026-07-05T07:02:20.497021+00:00,2026-07-05T07:02:20.482495,1,1,140.25,0.5,140.0,250,,,,,,,,,,,,,,,,,,,140.5,150,,,,,,,,,,,,,,,,,,
2026-07-05T07:02:20.541397+00:00,2026-07-05T07:02:20.541278,1,1,140.25,0.5,140.0,250,,,,,,,,,,,,,,,,,,,140.5,250,,,,,,,,,,,,,,,,,,
2026-07-05T07:02:21.352866+00:00,2026-07-05T07:02:21.352718,1,1,140.25,0.5,140.0,250,,,,,,,,,,,,,,,,,,,140.5,209,,,,,,,,,,,,,,,,,,
2026-07-05T07:02:21.631848+00:00,2026-07-05T07:02:21.631718,1,1,140.25,0.5,140.0,100,,,,,,,,,,,,,,,,,,,140.5,100,,,,,,,,,,,,,,,,,,
2026-07-05T07:02:21.685556+00:00,2026-07-05T07:02:21.685680,2,1,140.35,0.3,140.2,150,140.0,100,,,,,,,,,,,,,,,,,140.5,100,,,,,,,,,,,,,,,,,,
2026-07-05T07:02:21.739082+00:00,2026-07-05T07:02:21.739027,2,2,140.35,0.3,140.2,150,140.0,100,,,,,,,,,,,,,,,,,140.5,100,140.7,150,,,,,,,,,,,,,,,,
2026-07-05T07:02:22.551394+00:00,2026-07-05T07:02:22.551308,2,2,140.35,0.3,140.2,108,140.0,100,,,,,,,,,,,,,,,,,140.5,100,140.7,150,,,,,,,,,,,,,,,,
2026-07-05T07:02:22.793765+00:00,2026-07-05T07:02:22.793876,2,2,140.35,0.3,140.2,108,140.0,100,,,,,,,,,,,,,,,,,140.5,50,140.7,150,,,,,,,,,,,,,,,,
2026-07-05T07:02:23.593116+00:00,2026-07-05T07:02:23.592982,2,1,140.45,0.5,140.2,108,140.0,100,,,,,,,,,,,,,,,,,140.7,150,,,,,,,,,,,,,,,,,,
2026-07-05T07:02:23.598477+00:00,2026-07-05T07:02:23.598216,1,1,140.45,0.5,140.2,108,,,,,,,,,,,,,,,,,,,140.7,150,,,,,,,,,,,,,,,,,,
2026-07-05T07:02:23.658572+00:00,2026-07-05T07:02:23.654506,2,1,140.5,0.4,140.3,100,140.2,108,,,,,,,,,,,,,,,,,140.7,150,,,,,,,,,,,,,,,,,,
2026-07-05T07:02:23.705459+00:00,2026-07-05T07:02:23.705589,2,2,140.5,0.4,140.3,100,140.2,108,,,,,,,,,,,,,,,,,140.7,150,140.8,100,,,,,,,,,,,,,,,,
2026-07-05T07:02:24.793430+00:00,2026-07-05T07:02:24.793328,1,1,140.55,0.5,140.3,100,,,,,,,,,,,,,,,,,,,140.8,100,,,,,,,,,,,,,,,,,,
2026-07-05T07:02:24.846843+00:00,2026-07-05T07:02:24.846778,2,1,140.55,0.5,140.3,100,140.1,150,,,,,,,,,,,,,,,,,140.8,100,,,,,,,,,,,,,,,,,,
2026-07-05T07:02:24.899473+00:00,2026-07-05T07:02:24.899376,2,2,140.45,0.3,140.3,100,140.1,150,,,,,,,,,,,,,,,,,140.6,150,140.8,100,,,,,,,,,,,,,,,,
2026-07-05T07:02:24.904537+00:00,2026-07-05T07:02:24.904703,2,2,140.45,0.3,140.3,100,140.1,150,,,,,,,,,,,,,,,,,140.6,100,140.8,100,,,,,,,,,,,,,,,,
2026-07-05T07:02:26.758612+00:00,2026-07-05T07:02:26.757301,1,1,140.35,0.5,140.1,150,,,,,,,,,,,,,,,,,,,140.6,100,,,,,,,,,,,,,,,,,,
2026-07-05T07:02:26.818164+00:00,2026-07-05T07:02:26.818254,2,1,140.45,0.3,140.3,100,140.1,150,,,,,,,,,,,,,,,,,140.6,100,,,,,,,,,,,,,,,,,,
2026-07-05T07:02:26.872307+00:00,2026-07-05T07:02:26.872221,2,2,140.45,0.3,140.3,100,140.1,150,,,,,,,,,,,,,,,,,140.6,100,140.8,100,,,,,,,,,,,,,,,,
2026-07-05T07:02:27.071610+00:00,2026-07-05T07:02:27.071523,2,2,140.45,0.3,140.3,50,140.1,150,,,,,,,,,,,,,,,,,140.6,100,140.8,100,,,,,,,,,,,,,,,,
2026-07-05T07:02:27.958624+00:00,2026-07-05T07:02:27.953987,1,1,140.55,0.5,140.3,50,,,,,,,,,,,,,,,,,,,140.8,100,,,,,,,,,,,,,,,,,,
2026-07-05T07:02:28.006677+00:00,2026-07-05T07:02:28.006515,2,1,140.6,0.4,140.4,150,140.3,50,,,,,,,,,,,,,,,,,140.8,100,,,,,,,,,,,,,,,,,,
2026-07-05T07:02:28.058605+00:00,2026-07-05T07:02:28.052482,2,2,140.6,0.4,140.4,150,140.3,50,,,,,,,,,,,,,,,,,140.8,100,140.9,150,,,,,,,,,,,,,,,,
2026-07-05T07:02:29.125514+00:00,2026-07-05T07:02:29.125724,2,2,140.6,0.4,140.4,150,140.3,50,,,,,,,,,,,,,,,,,140.8,50,140.9,150,,,,,,,,,,,,,,,,
2026-07-05T07:02:29.923654+00:00,2026-07-05T07:02:29.923558,1,1,140.65,0.5,140.4,150,,,,,,,,,,,,,,,,,,,140.9,150,,,,,,,,,,,,,,,,,,
2026-07-05T07:02:29.980741+00:00,2026-07-05T07:02:29.980622,1,1,140.65,0.5,140.4,250,,,,,,,,,,,,,,,,,,,140.9,150,,,,,,,,,,,,,,,,,,
2026-07-05T07:02:30.039422+00:00,2026-07-05T07:02:30.039238,1,1,140.65,0.5,140.4,250,,,,,,,,,,,,,,,,,,,140.9,250,,,,,,,,,,,,,,,,,,
2026-07-05T07:02:31.113821+00:00,2026-07-05T07:02:31.113744,1,1,140.65,0.5,140.4,100,,,,,,,,,,,,,,,,,,,140.9,100,,,,,,,,,,,,,,,,,,
2026-07-05T07:02:31.168016+00:00,2026-07-05T07:02:31.167938,1,1,140.65,0.5,140.4,250,,,,,,,,,,,,,,,,,,,140.9,100,,,,,,,,,,,,,,,,,,
2026-07-05T07:02:31.219787+00:00,2026-07-05T07:02:31.219861,1,1,140.65,0.5,140.4,250,,,,,,,,,,,,,,,,,,,140.9,250,,,,,,,,,,,,,,,,,,
2026-07-05T07:02:31.269208+00:00,2026-07-05T07:02:31.269315,1,1,140.65,0.5,140.4,250,,,,,,,,,,,,,,,,,,,140.9,200,,,,,,,,,,,,,,,,,,
2026-07-05T07:02:31.858632+00:00,2026-07-05T07:02:31.852616,1,1,140.65,0.5,140.4,250,,,,,,,,,,,,,,,,,,,140.9,154,,,,,,,,,,,,,,,,,,
2026-07-05T07:02:33.095978+00:00,2026-07-05T07:02:33.095870,1,1,140.65,0.5,140.4,150,,,,,,,,,,,,,,,,,,,140.9,150,,,,,,,,,,,,,,,,,,
2026-07-05T07:02:33.162826+00:00,2026-07-05T07:02:33.155523,2,1,140.8,0.2,140.7,88,140.4,150,,,,,,,,,,,,,,,,,140.9,150,,,,,,,,,,,,,,,,,,
2026-07-05T07:02:33.204079+00:00,2026-07-05T07:02:33.203975,2,2,140.8,0.2,140.7,88,140.4,150,,,,,,,,,,,,,,,,,140.9,150,141.2,100,,,,,,,,,,,,,,,,
2026-07-05T07:02:33.379023+00:00,2026-07-05T07:02:33.378908,2,2,140.8,0.2,140.7,88,140.4,150,,,,,,,,,,,,,,,,,140.9,100,141.2,100,,,,,,,,,,,,,,,,
2026-07-05T07:02:34.273372+00:00,2026-07-05T07:02:34.273273,1,1,140.95,0.5,140.7,88,,,,,,,,,,,,,,,,,,,141.2,100,,,,,,,,,,,,,,,,,,
2026-07-05T07:02:34.329850+00:00,2026-07-05T07:02:34.329766,2,1,140.95,0.5,140.7,88,140.6,150,,,,,,,,,,,,,,,,,141.2,100,,,,,,,,,,,,,,,,,,
2026-07-05T07:02:34.383058+00:00,2026-07-05T07:02:34.382951,2,2,140.9,0.4,140.7,88,140.6,150,,,,,,,,,,,,,,,,,141.1,150,141.2,100,,,,,,,,,,,,,,,,
2026-07-05T07:02:35.572559+00:00,2026-07-05T07:02:35.572382,2,2,140.9,0.4,140.7,38,140.6,150,,,,,,,,,,,,,,,,,141.1,150,141.2,100,,,,,,,,,,,,,,,,
2026-07-05T07:02:36.258690+00:00,2026-07-05T07:02:36.258629,1,1,140.85,0.5,140.6,150,,,,,,,,,,,,,,,,,,,141.1,150,,,,,,,,,,,,,,,,,,
2026-07-05T07:02:36.313597+00:00,2026-07-05T07:02:36.313539,2,1,140.85,0.5,140.6,150,140.5,100,,,,,,,,,,,,,,,,,141.1,150,,,,,,,,,,,,,,,,,,
2026-07-05T07:02:36.366662+00:00,2026-07-05T07:02:36.366529,2,2,140.8,0.4,140.6,150,140.5,100,,,,,,,,,,,,,,,,,141.0,100,141.1,150,,,,,,,,,,,,,,,,
2026-07-05T07:02:37.075680+00:00,2026-07-05T07:02:37.075550,2,2,140.8,0.4,140.6,107,140.5,100,,,,,,,,,,,,,,,,,141.0,100,141.1,150,,,,,,,,,,,,,,,,
2026-07-05T07:02:37.436848+00:00,2026-07-05T07:02:37.436766,1,1,140.75,0.5,140.5,100,,,,,,,,,,,,,,,,,,,141.0,100,,,,,,,,,,,,,,,,,,
2026-07-05T07:02:37.493927+00:00,2026-07-05T07:02:37.493820,2,1,140.75,0.5,140.5,100,140.4,150,,,,,,,,,,,,,,,,,141.0,100,,,,,,,,,,,,,,,,,,
2026-07-05T07:02:37.547357+00:00,2026-07-05T07:02:37.547437,2,2,140.7,0.4,140.5,100,140.4,150,,,,,,,,,,,,,,,,,140.9,150,141.0,100,,,,,,,,,,,,,,,,
2026-07-05T07:02:37.696380+00:00,2026-07-05T07:02:37.696308,2,2,140.7,0.4,140.5,50,140.4,150,,,,,,,,,,,,,,,,,140.9,150,141.0,100,,,,,,,,,,,,,,,,
2026-07-05T07:02:39.421392+00:00,2026-07-05T07:02:39.421508,1,1,140.65,0.5,140.4,150,,,,,,,,,,,,,,,,,,,140.9,150,,,,,,,,,,,,,,,,,,
2026-07-05T07:02:39.507571+00:00,2026-07-05T07:02:39.507438,2,1,140.65,0.5,140.4,150,140.3,100,,,,,,,,,,,,,,,,,140.9,150,,,,,,,,,,,,,,,,,,
2026-07-05T07:02:39.555943+00:00,2026-07-05T07:02:39.556063,2,2,140.6,0.4,140.4,150,140.3,100,,,,,,,,,,,,,,,,,140.8,100,140.9,150,,,,,,,,,,,,,,,,
2026-07-05T07:02:39.803428+00:00,2026-07-05T07:02:39.803392,2,2,140.6,0.4,140.4,100,140.3,100,,,,,,,,,,,,,,,,,140.8,100,140.9,150,,,,,,,,,,,,,,,,
2026-07-05T07:02:40.028708+00:00,2026-07-05T07:02:40.028639,2,2,140.6,0.4,140.4,100,140.3,100,,,,,,,,,,,,,,,,,140.8,59,140.9,150,,,,,,,,,,,,,,,,
2026-07-05T07:02:40.598329+00:00,2026-07-05T07:02:40.598266,2,1,140.6,0.4,140.4,100,140.3,100,,,,,,,,,,,,,,,,,140.8,59,,,,,,,,,,,,,,,,,,
2026-07-05T07:02:40.603529+00:00,2026-07-05T07:02:40.603436,1,1,140.55,0.5,140.3,100,,,,,,,,,,,,,,,,,,,140.8,59,,,,,,,,,,,,,,,,,,
2026-07-05T07:02:40.654035+00:00,2026-07-05T07:02:40.653932,2,1,140.55,0.5,140.3,100,140.1,150,,,,,,,,,,,,,,,,,140.8,59,,,,,,,,,,,,,,,,,,
2026-07-05T07:02:40.711083+00:00,2026-07-05T07:02:40.711046,2,2,140.45,0.3,140.3,100,140.1,150,,,,,,,,,,,,,,,,,140.6,150,140.8,59,,,,,,,,,,,,,,,,
2026-07-05T07:02:41.914689+00:00,2026-07-05T07:02:41.914592,2,2,140.45,0.3,140.3,50,140.1,150,,,,,,,,,,,,,,,,,140.6,150,140.8,59,,,,,,,,,,,,,,,,
2026-07-05T07:02:42.616932+00:00,2026-07-05T07:02:42.616867,1,1,140.35,0.5,140.1,150,,,,,,,,,,,,,,,,,,,140.6,150,,,,,,,,,,,,,,,,,,
2026-07-05T07:02:42.672188+00:00,2026-07-05T07:02:42.672053,2,1,140.4,0.4,140.2,100,140.1,150,,,,,,,,,,,,,,,,,140.6,150,,,,,,,,,,,,,,,,,,
2026-07-05T07:02:42.724989+00:00,2026-07-05T07:02:42.724805,2,2,140.4,0.4,140.2,100,140.1,150,,,,,,,,,,,,,,,,,140.6,150,140.7,100,,,,,,,,,,,,,,,,
2026-07-05T07:02:43.764890+00:00,2026-07-05T07:02:43.764808,1,1,140.45,0.5,140.2,100,,,,,,,,,,,,,,,,,,,140.7,100,,,,,,,,,,,,,,,,,,
2026-07-05T07:02:43.821546+00:00,2026-07-05T07:02:43.821444,2,1,140.45,0.5,140.2,100,140.1,150,,,,,,,,,,,,,,,,,140.7,100,,,,,,,,,,,,,,,,,,
2026-07-05T07:02:43.874515+00:00,2026-07-05T07:02:43.874441,2,2,140.4,0.4,140.2,100,140.1,150,,,,,,,,,,,,,,,,,140.6,150,140.7,100,,,,,,,,,,,,,,,,
2026-07-05T07:02:44.020258+00:00,2026-07-05T07:02:44.020150,2,2,140.4,0.4,140.2,50,140.1,150,,,,,,,,,,,,,,,,,140.6,150,140.7,100,,,,,,,,,,,,,,,,
2026-07-05T07:02:45.780112+00:00,2026-07-05T07:02:45.779976,1,1,140.35,0.5,140.1,150,,,,,,,,,,,,,,,,,,,140.6,150,,,,,,,,,,,,,,,,,,
2026-07-05T07:02:45.833388+00:00,2026-07-05T07:02:45.833468,2,1,140.35,0.5,140.1,150,140.0,100,,,,,,,,,,,,,,,,,140.6,150,,,,,,,,,,,,,,,,,,
2026-07-05T07:02:45.887354+00:00,2026-07-05T07:02:45.887200,2,2,140.3,0.4,140.1,150,140.0,100,,,,,,,,,,,,,,,,,140.5,100,140.6,150,,,,,,,,,,,,,,,,
2026-07-05T07:02:46.924395+00:00,2026-07-05T07:02:46.924273,2,1,140.3,0.4,140.1,150,140.0,100,,,,,,,,,,,,,,,,,140.5,100,,,,,,,,,,,,,,,,,,
2026-07-05T07:02:46.929539+00:00,2026-07-05T07:02:46.929427,1,1,140.25,0.5,140.0,100,,,,,,,,,,,,,,,,,,,140.5,100,,,,,,,,,,,,,,,,,,
2026-07-05T07:02:46.980536+00:00,2026-07-05T07:02:46.980504,1,1,140.25,0.5,140.0,250,,,,,,,,,,,,,,,,,,,140.5,100,,,,,,,,,,,,,,,,,,
2026-07-05T07:02:47.034444+00:00,2026-07-05T07:02:47.034272,1,1,140.25,0.5,140.0,250,,,,,,,,,,,,,,,,,,,140.5,250,,,,,,,,,,,,,,,,,,
2026-07-05T07:02:47.815706+00:00,2026-07-05T07:02:47.815849,1,1,140.25,0.5,140.0,203,,,,,,,,,,,,,,,,,,,140.5,250,,,,,,,,,,,,,,,,,,
2026-07-05T07:02:48.386411+00:00,2026-07-05T07:02:48.386274,1,1,140.25,0.5,140.0,203,,,,,,,,,,,,,,,,,,,140.5,202,,,,,,,,,,,,,,,,,,
2026-07-05T07:02:48.941925+00:00,2026-07-05T07:02:48.941834,1,1,140.25,0.5,140.0,150,,,,,,,,,,,,,,,,,,,140.5,150,,,,,,,,,,,,,,,,,,
2026-07-05T07:02:48.996492+00:00,2026-07-05T07:02:48.996428,2,1,140.3,0.4,140.1,100,140.0,150,,,,,,,,,,,,,,,,,140.5,150,,,,,,,,,,,,,,,,,,
2026-07-05T07:02:49.049973+00:00,2026-07-05T07:02:49.049865,2,2,140.3,0.4,140.1,100,140.0,150,,,,,,,,,,,,,,,,,140.5,150,140.6,100,,,,,,,,,,,,,,,,
2026-07-05T07:02:49.424478+00:00,2026-07-05T07:02:49.417036,2,2,140.3,0.4,140.1,100,140.0,150,,,,,,,,,,,,,,,,,140.5,138,140.6,100,,,,,,,,,,,,,,,,
2026-07-05T07:02:49.532079+00:00,2026-07-05T07:02:49.531982,2,2,140.3,0.4,140.1,100,140.0,150,,,,,,,,,,,,,,,,,140.5,97,140.6,100,,,,,,,,,,,,,,,,
2026-07-05T07:02:49.586750+00:00,2026-07-05T07:02:49.586695,2,2,140.3,0.4,140.1,57,140.0,150,,,,,,,,,,,,,,,,,140.5,97,140.6,100,,,,,,,,,,,,,,,,
2026-07-05T07:02:50.087606+00:00,2026-07-05T07:02:50.087577,1,1,140.35,0.5,140.1,57,,,,,,,,,,,,,,,,,,,140.6,100,,,,,,,,,,,,,,,,,,
2026-07-05T07:02:50.143402+00:00,2026-07-05T07:02:50.143339,2,1,140.5,0.2,140.4,150,140.1,57,,,,,,,,,,,,,,,,,140.6,100,,,,,,,,,,,,,,,,,,
2026-07-05T07:02:50.210060+00:00,2026-07-05T07:02:50.209930,2,2,140.5,0.2,140.4,150,140.1,57,,,,,,,,,,,,,,,,,140.6,100,140.9,150,,,,,,,,,,,,,,,,
2026-07-05T07:02:50.397071+00:00,2026-07-05T07:02:50.396997,2,2,140.5,0.2,140.4,100,140.1,57,,,,,,,,,,,,,,,,,140.6,100,140.9,150,,,,,,,,,,,,,,,,
2026-07-05T07:02:52.102504+00:00,2026-07-05T07:02:52.102611,1,1,140.65,0.5,140.4,100,,,,,,,,,,,,,,,,,,,140.9,150,,,,,,,,,,,,,,,,,,
2026-07-05T07:02:52.158585+00:00,2026-07-05T07:02:52.155712,2,1,140.65,0.5,140.4,100,140.0,100,,,,,,,,,,,,,,,,,140.9,150,,,,,,,,,,,,,,,,,,
2026-07-05T07:02:52.210085+00:00,2026-07-05T07:02:52.210189,2,2,140.45,0.1,140.4,100,140.0,100,,,,,,,,,,,,,,,,,140.5,100,140.9,150,,,,,,,,,,,,,,,,
2026-07-05T07:02:52.504335+00:00,2026-07-05T07:02:52.504475,2,2,140.45,0.1,140.4,50,140.0,100,,,,,,,,,,,,,,,,,140.5,100,140.9,150,,,,,,,,,,,,,,,,
2026-07-05T07:02:53.260761+00:00,2026-07-05T07:02:53.260655,2,1,140.45,0.1,140.4,50,140.0,100,,,,,,,,,,,,,,,,,140.5,100,,,,,,,,,,,,,,,,,,
2026-07-05T07:02:53.265864+00:00,2026-07-05T07:02:53.265835,1,1,140.25,0.5,140.0,100,,,,,,,,,,,,,,,,,,,140.5,100,,,,,,,,,,,,,,,,,,
2026-07-05T07:02:53.316339+00:00,2026-07-05T07:02:53.316300,2,1,140.25,0.5,140.0,100,139.9,150,,,,,,,,,,,,,,,,,140.5,100,,,,,,,,,,,,,,,,,,
2026-07-05T07:02:53.376448+00:00,2026-07-05T07:02:53.368411,2,2,140.2,0.4,140.0,100,139.9,150,,,,,,,,,,,,,,,,,140.4,150,140.5,100,,,,,,,,,,,,,,,,
2026-07-05T07:02:53.443877+00:00,2026-07-05T07:02:53.444030,2,2,140.2,0.4,140.0,100,139.9,150,,,,,,,,,,,,,,,,,140.4,102,140.5,100,,,,,,,,,,,,,,,,
2026-07-05T07:02:54.558668+00:00,2026-07-05T07:02:54.558334,2,2,140.2,0.4,140.0,100,139.9,150,,,,,,,,,,,,,,,,,140.4,52,140.5,100,,,,,,,,,,,,,,,,
2026-07-05T07:02:55.265850+00:00,2026-07-05T07:02:55.266033,1,1,140.15,0.5,139.9,150,,,,,,,,,,,,,,,,,,,140.4,52,,,,,,,,,,,,,,,,,,
2026-07-05T07:02:55.319206+00:00,2026-07-05T07:02:55.319059,2,1,140.15,0.5,139.9,150,139.8,100,,,,,,,,,,,,,,,,,140.4,52,,,,,,,,,,,,,,,,,,
2026-07-05T07:02:55.373389+00:00,2026-07-05T07:02:55.373528,2,2,140.1,0.4,139.9,150,139.8,100,,,,,,,,,,,,,,,,,140.3,100,140.4,52,,,,,,,,,,,,,,,,
2026-07-05T07:02:56.446165+00:00,2026-07-05T07:02:56.446076,1,1,140.05,0.5,139.8,100,,,,,,,,,,,,,,,,,,,140.3,100,,,,,,,,,,,,,,,,,,
2026-07-05T07:02:56.505614+00:00,2026-07-05T07:02:56.505692,2,0,,,140.3,50,139.8,100,,,,,,,,,,,,,,,,,,,,,,,,,,,,,,,,,,,,
2026-07-05T07:02:56.558565+00:00,2026-07-05T07:02:56.558233,2,1,140.55,0.5,140.3,50,139.8,100,,,,,,,,,,,,,,,,,140.8,150,,,,,,,,,,,,,,,,,,
2026-07-05T07:02:56.676604+00:00,2026-07-05T07:02:56.676531,2,1,140.55,0.5,140.3,50,139.8,100,,,,,,,,,,,,,,,,,140.8,100,,,,,,,,,,,,,,,,,,
2026-07-05T07:02:57.144948+00:00,2026-07-05T07:02:57.144889,2,1,140.55,0.5,140.3,5,139.8,100,,,,,,,,,,,,,,,,,140.8,100,,,,,,,,,,,,,,,,,,
2026-07-05T07:02:58.429823+00:00,2026-07-05T07:02:58.429731,1,1,140.55,0.5,140.3,5,,,,,,,,,,,,,,,,,,,140.8,100,,,,,,,,,,,,,,,,,,
2026-07-05T07:02:58.481862+00:00,2026-07-05T07:02:58.481790,2,1,140.55,0.5,140.3,5,140.1,100,,,,,,,,,,,,,,,,,140.8,100,,,,,,,,,,,,,,,,,,
2026-07-05T07:02:58.535371+00:00,2026-07-05T07:02:58.535278,2,2,140.45,0.3,140.3,5,140.1,100,,,,,,,,,,,,,,,,,140.6,100,140.8,100,,,,,,,,,,,,,,,,
2026-07-05T07:02:58.785797+00:00,2026-07-05T07:02:58.785655,2,2,140.45,0.3,140.3,5,140.1,100,,,,,,,,,,,,,,,,,140.6,50,140.8,100,,,,,,,,,,,,,,,,
2026-07-05T07:02:59.623251+00:00,2026-07-05T07:02:59.623220,1,1,140.35,0.5,140.1,100,,,,,,,,,,,,,,,,,,,140.6,50,,,,,,,,,,,,,,,,,,
2026-07-05T07:02:59.674104+00:00,2026-07-05T07:02:59.674074,2,1,140.35,0.5,140.1,100,139.8,150,,,,,,,,,,,,,,,,,140.6,50,,,,,,,,,,,,,,,,,,
2026-07-05T07:02:59.728503+00:00,2026-07-05T07:02:59.728615,2,2,140.2,0.2,140.1,100,139.8,150,,,,,,,,,,,,,,,,,140.3,150,140.6,50,,,,,,,,,,,,,,,,
2026-07-05T07:02:59.948112+00:00,2026-07-05T07:02:59.941485,2,2,140.2,0.2,140.1,100,139.8,150,,,,,,,,,,,,,,,,,140.3,139,140.6,50,,,,,,,,,,,,,,,,
2026-07-05T07:03:00.916008+00:00,2026-07-05T07:03:00.915926,2,2,140.2,0.2,140.1,100,139.8,150,,,,,,,,,,,,,,,,,140.3,89,140.6,50,,,,,,,,,,,,,,,,
2026-07-05T07:03:01.594596+00:00,2026-07-05T07:03:01.594518,1,1,140.05,0.5,139.8,150,,,,,,,,,,,,,,,,,,,140.3,89,,,,,,,,,,,,,,,,,,
2026-07-05T07:03:01.649886+00:00,2026-07-05T07:03:01.649775,2,1,140.25,0.1,140.2,100,139.8,150,,,,,,,,,,,,,,,,,140.3,89,,,,,,,,,,,,,,,,,,
2026-07-05T07:03:01.699544+00:00,2026-07-05T07:03:01.699491,2,2,140.25,0.1,140.2,100,139.8,150,,,,,,,,,,,,,,,,,140.3,89,140.7,100,,,,,,,,,,,,,,,,
2026-07-05T07:03:01.818574+00:00,2026-07-05T07:03:01.809602,2,2,140.25,0.1,140.2,89,139.8,150,,,,,,,,,,,,,,,,,140.3,89,140.7,100,,,,,,,,,,,,,,,,
2026-07-05T07:03:02.780000+00:00,2026-07-05T07:03:02.779973,1,1,140.45,0.5,140.2,89,,,,,,,,,,,,,,,,,,,140.7,100,,,,,,,,,,,,,,,,,,
2026-07-05T07:03:02.838616+00:00,2026-07-05T07:03:02.838734,2,1,140.45,0.5,140.2,89,139.9,150,,,,,,,,,,,,,,,,,140.7,100,,,,,,,,,,,,,,,,,,
2026-07-05T07:03:02.890405+00:00,2026-07-05T07:03:02.890316,2,2,140.3,0.2,140.2,89,139.9,150,,,,,,,,,,,,,,,,,140.4,150,140.7,100,,,,,,,,,,,,,,,,
2026-07-05T07:03:03.022339+00:00,2026-07-05T07:03:03.022268,2,2,140.3,0.2,140.2,89,139.9,150,,,,,,,,,,,,,,,,,140.4,100,140.7,100,,,,,,,,,,,,,,,,
2026-07-05T07:03:03.958598+00:00,2026-07-05T07:03:03.955797,2,2,140.3,0.2,140.2,48,139.9,150,,,,,,,,,,,,,,,,,140.4,100,140.7,100,,,,,,,,,,,,,,,,
2026-07-05T07:03:04.507218+00:00,2026-07-05T07:03:04.507161,2,2,140.3,0.2,140.2,48,139.9,150,,,,,,,,,,,,,,,,,140.4,54,140.7,100,,,,,,,,,,,,,,,,
2026-07-05T07:03:04.751252+00:00,2026-07-05T07:03:04.751426,1,1,140.15,0.5,139.9,150,,,,,,,,,,,,,,,,,,,140.4,54,,,,,,,,,,,,,,,,,,
2026-07-05T07:03:04.812151+00:00,2026-07-05T07:03:04.812067,2,1,140.2,0.4,140.0,100,139.9,150,,,,,,,,,,,,,,,,,140.4,54,,,,,,,,,,,,,,,,,,
2026-07-05T07:03:04.866086+00:00,2026-07-05T07:03:04.865968,2,2,140.2,0.4,140.0,100,139.9,150,,,,,,,,,,,,,,,,,140.4,54,140.5,100,,,,,,,,,,,,,,,,
2026-07-05T07:03:05.270636+00:00,2026-07-05T07:03:05.263045,2,2,140.2,0.4,140.0,100,139.9,150,,,,,,,,,,,,,,,,,140.4,43,140.5,100,,,,,,,,,,,,,,,,
2026-07-05T07:03:05.950270+00:00,2026-07-05T07:03:05.950159,1,1,140.25,0.5,140.0,100,,,,,,,,,,,,,,,,,,,140.5,100,,,,,,,,,,,,,,,,,,
2026-07-05T07:03:06.006073+00:00,2026-07-05T07:03:06.005966,2,0,,,140.8,50,140.0,100,,,,,,,,,,,,,,,,,,,,,,,,,,,,,,,,,,,,
2026-07-05T07:03:06.056579+00:00,2026-07-05T07:03:06.056673,2,1,141.05,0.5,140.8,50,140.0,100,,,,,,,,,,,,,,,,,141.3,150,,,,,,,,,,,,,,,,,,
2026-07-05T07:03:06.072122+00:00,2026-07-05T07:03:06.066215,2,1,141.05,0.5,140.8,27,140.0,100,,,,,,,,,,,,,,,,,141.3,150,,,,,,,,,,,,,,,,,,
2026-07-05T07:03:06.586346+00:00,2026-07-05T07:03:06.579942,2,1,141.05,0.5,140.8,13,140.0,100,,,,,,,,,,,,,,,,,141.3,150,,,,,,,,,,,,,,,,,,
2026-07-05T07:03:07.230051+00:00,2026-07-05T07:03:07.229941,2,1,141.05,0.5,140.8,13,140.0,100,,,,,,,,,,,,,,,,,141.3,100,,,,,,,,,,,,,,,,,,
2026-07-05T07:03:07.918220+00:00,2026-07-05T07:03:07.918141,1,1,141.05,0.5,140.8,13,,,,,,,,,,,,,,,,,,,141.3,100,,,,,,,,,,,,,,,,,,
2026-07-05T07:03:07.968982+00:00,2026-07-05T07:03:07.969097,2,1,141.05,0.5,140.8,13,140.5,100,,,,,,,,,,,,,,,,,141.3,100,,,,,,,,,,,,,,,,,,
2026-07-05T07:03:08.026660+00:00,2026-07-05T07:03:08.026627,2,2,140.9,0.2,140.8,13,140.5,100,,,,,,,,,,,,,,,,,141.0,100,141.3,100,,,,,,,,,,,,,,,,
2026-07-05T07:03:08.267972+00:00,2026-07-05T07:03:08.267946,1,2,140.75,0.5,140.5,72,,,,,,,,,,,,,,,,,,,141.0,100,141.3,100,,,,,,,,,,,,,,,,
2026-07-05T07:03:08.858582+00:00,2026-07-05T07:03:08.851765,1,2,140.75,0.5,140.5,72,,,,,,,,,,,,,,,,,,,141.0,54,141.3,100,,,,,,,,,,,,,,,,
2026-07-05T07:03:08.911401+00:00,2026-07-05T07:03:08.911339,1,2,140.75,0.5,140.5,24,,,,,,,,,,,,,,,,,,,141.0,54,141.3,100,,,,,,,,,,,,,,,,
2026-07-05T07:03:09.112795+00:00,2026-07-05T07:03:09.112696,1,1,140.75,0.5,140.5,24,,,,,,,,,,,,,,,,,,,141.0,54,,,,,,,,,,,,,,,,,,
2026-07-05T07:03:09.170761+00:00,2026-07-05T07:03:09.170642,2,1,140.75,0.5,140.5,24,140.2,150,,,,,,,,,,,,,,,,,141.0,54,,,,,,,,,,,,,,,,,,
2026-07-05T07:03:09.225497+00:00,2026-07-05T07:03:09.225394,2,2,140.6,0.2,140.5,24,140.2,150,,,,,,,,,,,,,,,,,140.7,150,141.0,54,,,,,,,,,,,,,,,,
2026-07-05T07:03:09.391967+00:00,2026-07-05T07:03:09.391736,1,2,140.45,0.5,140.2,124,,,,,,,,,,,,,,,,,,,140.7,150,141.0,54,,,,,,,,,,,,,,,,
2026-07-05T07:03:10.123075+00:00,2026-07-05T07:03:10.123044,1,2,140.45,0.5,140.2,124,,,,,,,,,,,,,,,,,,,140.7,108,141.0,54,,,,,,,,,,,,,,,,
2026-07-05T07:03:10.517907+00:00,2026-07-05T07:03:10.511743,1,2,140.45,0.5,140.2,124,,,,,,,,,,,,,,,,,,,140.7,105,141.0,54,,,,,,,,,,,,,,,,
2026-07-05T07:03:11.084845+00:00,2026-07-05T07:03:11.084683,1,1,140.45,0.5,140.2,124,,,,,,,,,,,,,,,,,,,140.7,105,,,,,,,,,,,,,,,,,,
2026-07-05T07:03:11.105562+00:00,2026-07-05T07:03:11.105492,1,1,140.45,0.5,140.2,124,,,,,,,,,,,,,,,,,,,140.7,61,,,,,,,,,,,,,,,,,,
2026-07-05T07:03:11.138428+00:00,2026-07-05T07:03:11.138360,2,1,140.6,0.2,140.5,100,140.2,124,,,,,,,,,,,,,,,,,140.7,61,,,,,,,,,,,,,,,,,,
2026-07-05T07:03:11.189584+00:00,2026-07-05T07:03:11.189470,2,2,140.6,0.2,140.5,100,140.2,124,,,,,,,,,,,,,,,,,140.7,61,141.0,100,,,,,,,,,,,,,,,,
2026-07-05T07:03:11.564853+00:00,2026-07-05T07:03:11.564003,2,2,140.6,0.2,140.5,50,140.2,124,,,,,,,,,,,,,,,,,140.7,61,141.0,100,,,,,,,,,,,,,,,,
2026-07-05T07:03:12.280029+00:00,2026-07-05T07:03:12.279924,2,1,140.75,0.5,140.5,50,140.2,124,,,,,,,,,,,,,,,,,141.0,100,,,,,,,,,,,,,,,,,,
2026-07-05T07:03:12.285145+00:00,2026-07-05T07:03:12.285069,1,1,140.75,0.5,140.5,50,,,,,,,,,,,,,,,,,,,141.0,100,,,,,,,,,,,,,,,,,,
2026-07-05T07:03:12.341594+00:00,2026-07-05T07:03:12.341517,1,1,140.75,0.5,140.5,200,,,,,,,,,,,,,,,,,,,141.0,100,,,,,,,,,,,,,,,,,,
2026-07-05T07:03:12.394419+00:00,2026-07-05T07:03:12.394274,1,1,140.75,0.5,140.5,200,,,,,,,,,,,,,,,,,,,141.0,250,,,,,,,,,,,,,,,,,,
2026-07-05T07:03:13.612910+00:00,2026-07-05T07:03:13.612870,1,1,140.75,0.5,140.5,150,,,,,,,,,,,,,,,,,,,141.0,250,,,,,,,,,,,,,,,,,,
2026-07-05T07:03:14.242616+00:00,2026-07-05T07:03:14.242510,1,1,140.75,0.5,140.5,150,,,,,,,,,,,,,,,,,,,141.0,150,,,,,,,,,,,,,,,,,,
2026-07-05T07:03:14.297865+00:00,2026-07-05T07:03:14.297760,2,1,140.75,0.5,140.5,150,139.8,100,,,,,,,,,,,,,,,,,141.0,150,,,,,,,,,,,,,,,,,,
2026-07-05T07:03:14.351102+00:00,2026-07-05T07:03:14.350992,2,1,140.75,0.5,140.5,50,139.8,100,,,,,,,,,,,,,,,,,141.0,150,,,,,,,,,,,,,,,,,,
2026-07-05T07:03:14.739527+00:00,2026-07-05T07:03:14.739489,2,1,140.75,0.5,140.5,1,139.8,100,,,,,,,,,,,,,,,,,141.0,150,,,,,,,,,,,,,,,,,,
2026-07-05T07:03:15.458634+00:00,2026-07-05T07:03:15.447003,1,0,,,139.8,100,,,,,,,,,,,,,,,,,,,,,,,,,,,,,,,,,,,,,,
2026-07-05T07:03:15.505107+00:00,2026-07-05T07:03:15.504998,2,0,,,139.8,100,139.7,150,,,,,,,,,,,,,,,,,,,,,,,,,,,,,,,,,,,,
2026-07-05T07:03:15.569080+00:00,2026-07-05T07:03:15.562824,2,1,140.0,0.4,139.8,100,139.7,150,,,,,,,,,,,,,,,,,140.2,127,,,,,,,,,,,,,,,,,,
2026-07-05T07:03:15.722858+00:00,2026-07-05T07:03:15.722804,2,1,140.0,0.4,139.8,50,139.7,150,,,,,,,,,,,,,,,,,140.2,127,,,,,,,,,,,,,,,,,,
2026-07-05T07:03:17.409795+00:00,2026-07-05T07:03:17.409702,1,1,139.95,0.5,139.7,150,,,,,,,,,,,,,,,,,,,140.2,127,,,,,,,,,,,,,,,,,,
2026-07-05T07:03:17.464116+00:00,2026-07-05T07:03:17.463996,2,1,140.1,0.2,140.0,100,139.7,150,,,,,,,,,,,,,,,,,140.2,127,,,,,,,,,,,,,,,,,,
2026-07-05T07:03:17.518188+00:00,2026-07-05T07:03:17.518106,2,2,140.1,0.2,140.0,100,139.7,150,,,,,,,,,,,,,,,,,140.2,127,140.5,100,,,,,,,,,,,,,,,,
2026-07-05T07:03:17.780318+00:00,2026-07-05T07:03:17.780185,2,2,140.1,0.2,140.0,100,139.7,150,,,,,,,,,,,,,,,,,140.2,77,140.5,100,,,,,,,,,,,,,,,,
2026-07-05T07:03:18.607782+00:00,2026-07-05T07:03:18.607757,2,1,140.25,0.5,140.0,100,139.7,150,,,,,,,,,,,,,,,,,140.5,100,,,,,,,,,,,,,,,,,,
2026-07-05T07:03:18.612962+00:00,2026-07-05T07:03:18.612894,1,1,140.25,0.5,140.0,100,,,,,,,,,,,,,,,,,,,140.5,100,,,,,,,,,,,,,,,,,,
2026-07-05T07:03:18.658546+00:00,2026-07-05T07:03:18.655985,1,1,140.25,0.5,140.0,250,,,,,,,,,,,,,,,,,,,140.5,100,,,,,,,,,,,,,,,,,,
2026-07-05T07:03:18.719677+00:00,2026-07-05T07:03:18.719583,1,1,140.25,0.5,140.0,250,,,,,,,,,,,,,,,,,,,140.5,250,,,,,,,,,,,,,,,,,,
2026-07-05T07:03:20.328484+00:00,2026-07-05T07:03:20.328461,1,1,140.25,0.5,140.0,250,,,,,,,,,,,,,,,,,,,140.5,206,,,,,,,,,,,,,,,,,,
2026-07-05T07:03:20.572912+00:00,2026-07-05T07:03:20.572875,1,1,140.25,0.5,140.0,150,,,,,,,,,,,,,,,,,,,140.5,150,,,,,,,,,,,,,,,,,,
2026-07-05T07:03:20.626995+00:00,2026-07-05T07:03:20.626877,2,1,140.3,0.4,140.1,100,140.0,150,,,,,,,,,,,,,,,,,140.5,150,,,,,,,,,,,,,,,,,,
2026-07-05T07:03:20.706765+00:00,2026-07-05T07:03:20.706692,2,2,140.3,0.4,140.1,100,140.0,150,,,,,,,,,,,,,,,,,140.5,150,140.6,100,,,,,,,,,,,,,,,,
2026-07-05T07:03:21.774982+00:00,2026-07-05T07:03:21.774911,1,1,140.35,0.5,140.1,100,,,,,,,,,,,,,,,,,,,140.6,100,,,,,,,,,,,,,,,,,,
2026-07-05T07:03:21.824721+00:00,2026-07-05T07:03:21.824583,2,1,140.35,0.5,140.1,100,139.9,150,,,,,,,,,,,,,,,,,140.6,100,,,,,,,,,,,,,,,,,,
2026-07-05T07:03:21.886935+00:00,2026-07-05T07:03:21.875804,2,2,140.25,0.3,140.1,100,139.9,150,,,,,,,,,,,,,,,,,140.4,150,140.6,100,,,,,,,,,,,,,,,,
2026-07-05T07:03:21.988633+00:00,2026-07-05T07:03:21.988608,2,2,140.25,0.3,140.1,100,139.9,150,,,,,,,,,,,,,,,,,140.4,100,140.6,100,,,,,,,,,,,,,,,,
2026-07-05T07:03:22.349303+00:00,2026-07-05T07:03:22.349465,2,2,140.25,0.3,140.1,59,139.9,150,,,,,,,,,,,,,,,,,140.4,100,140.6,100,,,,,,,,,,,,,,,,
2026-07-05T07:03:23.319407+00:00,2026-07-05T07:03:23.319302,2,2,140.25,0.3,140.1,17,139.9,150,,,,,,,,,,,,,,,,,140.4,100,140.6,100,,,,,,,,,,,,,,,,
2026-07-05T07:03:23.758571+00:00,2026-07-05T07:03:23.757705,1,1,140.15,0.5,139.9,150,,,,,,,,,,,,,,,,,,,140.4,100,,,,,,,,,,,,,,,,,,
2026-07-05T07:03:23.807948+00:00,2026-07-05T07:03:23.807795,2,1,140.15,0.5,139.9,150,139.8,100,,,,,,,,,,,,,,,,,140.4,100,,,,,,,,,,,,,,,,,,
2026-07-05T07:03:23.864349+00:00,2026-07-05T07:03:23.864257,2,2,140.1,0.4,139.9,150,139.8,100,,,,,,,,,,,,,,,,,140.3,100,140.4,100,,,,,,,,,,,,,,,,
2026-07-05T07:03:24.098685+00:00,2026-07-05T07:03:24.098600,2,2,140.1,0.4,139.9,150,139.8,100,,,,,,,,,,,,,,,,,140.3,50,140.4,100,,,,,,,,,,,,,,,,
2026-07-05T07:03:24.932834+00:00,2026-07-05T07:03:24.932706,1,1,140.05,0.5,139.8,100,,,,,,,,,,,,,,,,,,,140.3,50,,,,,,,,,,,,,,,,,,
2026-07-05T07:03:24.990462+00:00,2026-07-05T07:03:24.990345,2,1,140.25,0.1,140.2,150,139.8,100,,,,,,,,,,,,,,,,,140.3,50,,,,,,,,,,,,,,,,,,
2026-07-05T07:03:25.041759+00:00,2026-07-05T07:03:25.041663,2,2,140.25,0.1,140.2,150,139.8,100,,,,,,,,,,,,,,,,,140.3,50,140.7,150,,,,,,,,,,,,,,,,
2026-07-05T07:03:26.053921+00:00,2026-07-05T07:03:26.053873,2,2,140.25,0.1,140.2,150,139.8,100,,,,,,,,,,,,,,,,,140.3,2,140.7,150,,,,,,,,,,,,,,,,
2026-07-05T07:03:26.258624+00:00,2026-07-05T07:03:26.256809,2,2,140.25,0.1,140.2,100,139.8,100,,,,,,,,,,,,,,,,,140.3,2,140.7,150,,,,,,,,,,,,,,,,
2026-07-05T07:03:26.512509+00:00,2026-07-05T07:03:26.512478,2,2,140.25,0.1,140.2,52,139.8,100,,,,,,,,,,,,,,,,,140.3,2,140.7,150,,,,,,,,,,,,,,,,
2026-07-05T07:03:26.918261+00:00,2026-07-05T07:03:26.918179,1,1,140.45,0.5,140.2,52,,,,,,,,,,,,,,,,,,,140.7,150,,,,,,,,,,,,,,,,,,
2026-07-05T07:03:26.969285+00:00,2026-07-05T07:03:26.969236,1,1,140.45,0.5,140.2,152,,,,,,,,,,,,,,,,,,,140.7,150,,,,,,,,,,,,,,,,,,
2026-07-05T07:03:27.025125+00:00,2026-07-05T07:03:27.025047,1,1,140.45,0.5,140.2,152,,,,,,,,,,,,,,,,,,,140.7,250,,,,,,,,,,,,,,,,,,
2026-07-05T07:03:27.112814+00:00,2026-07-05T07:03:27.112941,1,1,140.45,0.5,140.2,112,,,,,,,,,,,,,,,,,,,140.7,250,,,,,,,,,,,,,,,,,,
2026-07-05T07:03:28.101194+00:00,2026-07-05T07:03:28.101169,1,1,140.45,0.5,140.2,100,,,,,,,,,,,,,,,,,,,140.7,100,,,,,,,,,,,,,,,,,,
2026-07-05T07:03:28.158619+00:00,2026-07-05T07:03:28.149755,2,1,140.45,0.5,140.2,100,139.7,150,,,,,,,,,,,,,,,,,140.7,100,,,,,,,,,,,,,,,,,,
2026-07-05T07:03:28.211310+00:00,2026-07-05T07:03:28.211176,1,2,139.95,0.5,139.7,150,,,,,,,,,,,,,,,,,,,140.2,50,140.7,100,,,,,,,,,,,,,,,,
2026-07-05T07:03:28.363880+00:00,2026-07-05T07:03:28.363817,1,2,139.95,0.5,139.7,100,,,,,,,,,,,,,,,,,,,140.2,50,140.7,100,,,,,,,,,,,,,,,,
2026-07-05T07:03:28.745130+00:00,2026-07-05T07:03:28.745256,1,2,139.95,0.5,139.7,100,,,,,,,,,,,,,,,,,,,140.2,8,140.7,100,,,,,,,,,,,,,,,,
2026-07-05T07:03:30.080780+00:00,2026-07-05T07:03:30.080860,1,1,139.95,0.5,139.7,100,,,,,,,,,,,,,,,,,,,140.2,8,,,,,,,,,,,,,,,,,,
2026-07-05T07:03:30.136569+00:00,2026-07-05T07:03:30.136470,2,1,140.0,0.4,139.8,100,139.7,100,,,,,,,,,,,,,,,,,140.2,8,,,,,,,,,,,,,,,,,,
2026-07-05T07:03:30.190376+00:00,2026-07-05T07:03:30.190275,2,2,140.0,0.4,139.8,100,139.7,100,,,,,,,,,,,,,,,,,140.2,8,140.3,100,,,,,,,,,,,,,,,,
2026-07-05T07:03:30.472348+00:00,2026-07-05T07:03:30.472207,2,2,140.0,0.4,139.8,50,139.7,100,,,,,,,,,,,,,,,,,140.2,8,140.3,100,,,,,,,,,,,,,,,,
2026-07-05T07:03:31.264805+00:00,2026-07-05T07:03:31.264751,2,1,140.05,0.5,139.8,50,139.7,100,,,,,,,,,,,,,,,,,140.3,100,,,,,,,,,,,,,,,,,,
2026-07-05T07:03:31.269923+00:00,2026-07-05T07:03:31.269894,1,1,140.05,0.5,139.8,50,,,,,,,,,,,,,,,,,,,140.3,100,,,,,,,,,,,,,,,,,,
2026-07-05T07:03:31.321440+00:00,2026-07-05T07:03:31.321413,2,1,140.1,0.4,139.9,150,139.8,50,,,,,,,,,,,,,,,,,140.3,100,,,,,,,,,,,,,,,,,,
2026-07-05T07:03:31.375605+00:00,2026-07-05T07:03:31.375571,2,2,140.1,0.4,139.9,150,139.8,50,,,,,,,,,,,,,,,,,140.3,100,140.4,150,,,,,,,,,,,,,,,,
2026-07-05T07:03:32.271892+00:00,2026-07-05T07:03:32.271787,2,2,140.1,0.4,139.9,150,139.8,50,,,,,,,,,,,,,,,,,140.3,60,140.4,150,,,,,,,,,,,,,,,,
2026-07-05T07:03:32.580579+00:00,2026-07-05T07:03:32.580501,2,2,140.1,0.4,139.9,100,139.8,50,,,,,,,,,,,,,,,,,140.3,60,140.4,150,,,,,,,,,,,,,,,,
2026-07-05T07:03:33.244809+00:00,2026-07-05T07:03:33.244763,1,1,140.15,0.5,139.9,100,,,,,,,,,,,,,,,,,,,140.4,150,,,,,,,,,,,,,,,,,,
2026-07-05T07:03:33.299482+00:00,2026-07-05T07:03:33.299440,2,1,140.15,0.5,139.9,100,139.8,100,,,,,,,,,,,,,,,,,140.4,150,,,,,,,,,,,,,,,,,,
2026-07-05T07:03:33.375471+00:00,2026-07-05T07:03:33.375390,2,2,140.1,0.4,139.9,100,139.8,100,,,,,,,,,,,,,,,,,140.3,100,140.4,150,,,,,,,,,,,,,,,,
2026-07-05T07:03:34.430991+00:00,2026-07-05T07:03:34.430907,1,1,140.05,0.5,139.8,100,,,,,,,,,,,,,,,,,,,140.3,100,,,,,,,,,,,,,,,,,,
2026-07-05T07:03:34.485577+00:00,2026-07-05T07:03:34.485475,2,1,140.05,0.5,139.8,100,139.7,150,,,,,,,,,,,,,,,,,140.3,100,,,,,,,,,,,,,,,,,,
2026-07-05T07:03:34.537920+00:00,2026-07-05T07:03:34.538028,2,2,140.0,0.4,139.8,100,139.7,150,,,,,,,,,,,,,,,,,140.2,150,140.3,100,,,,,,,,,,,,,,,,
2026-07-05T07:03:34.687930+00:00,2026-07-05T07:03:34.687803,2,2,140.0,0.4,139.8,50,139.7,150,,,,,,,,,,,,,,,,,140.2,150,140.3,100,,,,,,,,,,,,,,,,
2026-07-05T07:03:35.584279+00:00,2026-07-05T07:03:35.584397,2,2,140.0,0.4,139.8,50,139.7,150,,,,,,,,,,,,,,,,,140.2,107,140.3,100,,,,,,,,,,,,,,,,
2026-07-05T07:03:36.431792+00:00,2026-07-05T07:03:36.431759,1,1,139.95,0.5,139.7,150,,,,,,,,,,,,,,,,,,,140.2,107,,,,,,,,,,,,,,,,,,
2026-07-05T07:03:36.486345+00:00,2026-07-05T07:03:36.486310,2,1,139.95,0.5,139.7,150,139.6,100,,,,,,,,,,,,,,,,,140.2,107,,,,,,,,,,,,,,,,,,
2026-07-05T07:03:36.543398+00:00,2026-07-05T07:03:36.543320,2,2,139.9,0.4,139.7,150,139.6,100,,,,,,,,,,,,,,,,,140.1,100,140.2,107,,,,,,,,,,,,,,,,
2026-07-05T07:03:36.797251+00:00,2026-07-05T07:03:36.797180,2,2,139.9,0.4,139.7,100,139.6,100,,,,,,,,,,,,,,,,,140.1,100,140.2,107,,,,,,,,,,,,,,,,
2026-07-05T07:03:37.132138+00:00,2026-07-05T07:03:37.132008,2,2,139.9,0.4,139.7,57,139.6,100,,,,,,,,,,,,,,,,,140.1,100,140.2,107,,,,,,,,,,,,,,,,
2026-07-05T07:03:37.630113+00:00,2026-07-05T07:03:37.630047,1,1,139.85,0.5,139.6,100,,,,,,,,,,,,,,,,,,,140.1,100,,,,,,,,,,,,,,,,,,
2026-07-05T07:03:37.684741+00:00,2026-07-05T07:03:37.684669,2,1,139.85,0.5,139.6,100,139.4,150,,,,,,,,,,,,,,,,,140.1,100,,,,,,,,,,,,,,,,,,
2026-07-05T07:03:37.746996+00:00,2026-07-05T07:03:37.741608,2,2,139.75,0.3,139.6,100,139.4,150,,,,,,,,,,,,,,,,,139.9,139,140.1,100,,,,,,,,,,,,,,,,
2026-07-05T07:03:38.906029+00:00,2026-07-05T07:03:38.905964,2,2,139.75,0.3,139.6,50,139.4,150,,,,,,,,,,,,,,,,,139.9,139,140.1,100,,,,,,,,,,,,,,,,
2026-07-05T07:03:39.595343+00:00,2026-07-05T07:03:39.595217,1,1,139.65,0.5,139.4,150,,,,,,,,,,,,,,,,,,,139.9,139,,,,,,,,,,,,,,,,,,
2026-07-05T07:03:39.639794+00:00,2026-07-05T07:03:39.639711,1,1,139.65,0.5,139.4,250,,,,,,,,,,,,,,,,,,,139.9,139,,,,,,,,,,,,,,,,,,
2026-07-05T07:03:39.699547+00:00,2026-07-05T07:03:39.699673,1,1,139.65,0.5,139.4,250,,,,,,,,,,,,,,,,,,,139.9,239,,,,,,,,,,,,,,,,,,
2026-07-05T07:03:40.550407+00:00,2026-07-05T07:03:40.544189,1,1,139.65,0.5,139.4,250,,,,,,,,,,,,,,,,,,,139.9,227,,,,,,,,,,,,,,,,,,
2026-07-05T07:03:40.792830+00:00,2026-07-05T07:03:40.792720,1,1,139.65,0.5,139.4,100,,,,,,,,,,,,,,,,,,,139.9,100,,,,,,,,,,,,,,,,,,
2026-07-05T07:03:40.848270+00:00,2026-07-05T07:03:40.848187,2,1,139.75,0.3,139.6,150,139.4,100,,,,,,,,,,,,,,,,,139.9,100,,,,,,,,,,,,,,,,,,
2026-07-05T07:03:40.902395+00:00,2026-07-05T07:03:40.902484,2,2,139.75,0.3,139.6,150,139.4,100,,,,,,,,,,,,,,,,,139.9,100,140.1,150,,,,,,,,,,,,,,,,
2026-07-05T07:03:42.062283+00:00,2026-07-05T07:03:42.055557,2,2,139.75,0.3,139.6,150,139.4,100,,,,,,,,,,,,,,,,,139.9,89,140.1,150,,,,,,,,,,,,,,,,
2026-07-05T07:03:42.755547+00:00,2026-07-05T07:03:42.755479,1,1,139.85,0.5,139.6,150,,,,,,,,,,,,,,,,,,,140.1,150,,,,,,,,,,,,,,,,,,
2026-07-05T07:03:42.811735+00:00,2026-07-05T07:03:42.811603,1,1,139.85,0.5,139.6,250,,,,,,,,,,,,,,,,,,,140.1,150,,,,,,,,,,,,,,,,,,
2026-07-05T07:03:42.858581+00:00,2026-07-05T07:03:42.858148,1,1,139.85,0.5,139.6,250,,,,,,,,,,,,,,,,,,,140.1,250,,,,,,,,,,,,,,,,,,
2026-07-05T07:03:43.135569+00:00,2026-07-05T07:03:43.135495,1,1,139.85,0.5,139.6,200,,,,,,,,,,,,,,,,,,,140.1,250,,,,,,,,,,,,,,,,,,
2026-07-05T07:03:43.182598+00:00,2026-07-05T07:03:43.182549,1,1,139.85,0.5,139.6,200,,,,,,,,,,,,,,,,,,,140.1,208,,,,,,,,,,,,,,,,,,
2026-07-05T07:03:43.732113+00:00,2026-07-05T07:03:43.732006,1,1,139.85,0.5,139.6,155,,,,,,,,,,,,,,,,,,,140.1,208,,,,,,,,,,,,,,,,,,
2026-07-05T07:03:43.953353+00:00,2026-07-05T07:03:43.953220,1,1,139.85,0.5,139.6,155,,,,,,,,,,,,,,,,,,,140.1,100,,,,,,,,,,,,,,,,,,
2026-07-05T07:03:43.958621+00:00,2026-07-05T07:03:43.958399,1,1,139.85,0.5,139.6,100,,,,,,,,,,,,,,,,,,,140.1,100,,,,,,,,,,,,,,,,,,
2026-07-05T07:03:44.008819+00:00,2026-07-05T07:03:44.008793,2,1,139.85,0.5,139.6,100,139.4,150,,,,,,,,,,,,,,,,,140.1,100,,,,,,,,,,,,,,,,,,
2026-07-05T07:03:44.066302+00:00,2026-07-05T07:03:44.066124,2,2,139.75,0.3,139.6,100,139.4,150,,,,,,,,,,,,,,,,,139.9,150,140.1,100,,,,,,,,,,,,,,,,
2026-07-05T07:03:45.066250+00:00,2026-07-05T07:03:45.066386,2,2,139.75,0.3,139.6,100,139.4,150,,,,,,,,,,,,,,,,,139.9,101,140.1,100,,,,,,,,,,,,,,,,
2026-07-05T07:03:45.672915+00:00,2026-07-05T07:03:45.672838,2,2,139.75,0.3,139.6,57,139.4,150,,,,,,,,,,,,,,,,,139.9,101,140.1,100,,,,,,,,,,,,,,,,
2026-07-05T07:03:45.915244+00:00,2026-07-05T07:03:45.915153,2,1,139.75,0.3,139.6,57,139.4,150,,,,,,,,,,,,,,,,,139.9,101,,,,,,,,,,,,,,,,,,
2026-07-05T07:03:45.920231+00:00,2026-07-05T07:03:45.920306,1,1,139.65,0.5,139.4,150,,,,,,,,,,,,,,,,,,,139.9,101,,,,,,,,,,,,,,,,,,
2026-07-05T07:03:45.973428+00:00,2026-07-05T07:03:45.973515,2,1,139.7,0.4,139.5,100,139.4,150,,,,,,,,,,,,,,,,,139.9,101,,,,,,,,,,,,,,,,,,
2026-07-05T07:03:46.027323+00:00,2026-07-05T07:03:46.027210,2,2,139.7,0.4,139.5,100,139.4,150,,,,,,,,,,,,,,,,,139.9,101,140.0,100,,,,,,,,,,,,,,,,
2026-07-05T07:03:46.611152+00:00,2026-07-05T07:03:46.604008,2,2,139.7,0.4,139.5,100,139.4,150,,,,,,,,,,,,,,,,,139.9,90,140.0,100,,,,,,,,,,,,,,,,
2026-07-05T07:03:47.122029+00:00,2026-07-05T07:03:47.121916,1,1,139.75,0.5,139.5,100,,,,,,,,,,,,,,,,,,,140.0,100,,,,,,,,,,,,,,,,,,
2026-07-05T07:03:47.176393+00:00,2026-07-05T07:03:47.176303,2,1,139.9,0.2,139.8,150,139.5,100,,,,,,,,,,,,,,,,,140.0,100,,,,,,,,,,,,,,,,,,
2026-07-05T07:03:47.231778+00:00,2026-07-05T07:03:47.231644,2,2,139.9,0.2,139.8,150,139.5,100,,,,,,,,,,,,,,,,,140.0,100,140.3,150,,,,,,,,,,,,,,,,
2026-07-05T07:03:47.305608+00:00,2026-07-05T07:03:47.298402,2,2,139.9,0.2,139.8,150,139.5,100,,,,,,,,,,,,,,,,,140.0,50,140.3,150,,,,,,,,,,,,,,,,
2026-07-05T07:03:48.342864+00:00,2026-07-05T07:03:48.343036,2,2,139.9,0.2,139.8,109,139.5,100,,,,,,,,,,,,,,,,,140.0,50,140.3,150,,,,,,,,,,,,,,,,
2026-07-05T07:03:49.090237+00:00,2026-07-05T07:03:49.090095,2,1,140.05,0.5,139.8,109,139.5,100,,,,,,,,,,,,,,,,,140.3,150,,,,,,,,,,,,,,,,,,
2026-07-05T07:03:49.095324+00:00,2026-07-05T07:03:49.095254,1,1,140.05,0.5,139.8,109,,,,,,,,,,,,,,,,,,,140.3,150,,,,,,,,,,,,,,,,,,
2026-07-05T07:03:49.145660+00:00,2026-07-05T07:03:49.145621,2,1,140.05,0.5,139.8,109,139.6,100,,,,,,,,,,,,,,,,,140.3,150,,,,,,,,,,,,,,,,,,
2026-07-05T07:03:49.201072+00:00,2026-07-05T07:03:49.201177,2,2,139.95,0.3,139.8,109,139.6,100,,,,,,,,,,,,,,,,,140.1,100,140.3,150,,,,,,,,,,,,,,,,
2026-07-05T07:03:49.414473+00:00,2026-07-05T07:03:49.414343,2,2,139.95,0.3,139.8,109,139.6,100,,,,,,,,,,,,,,,,,140.1,50,140.3,150,,,,,,,,,,,,,,,,
2026-07-05T07:03:50.287518+00:00,2026-07-05T07:03:50.287441,1,1,139.85,0.5,139.6,100,,,,,,,,,,,,,,,,,,,140.1,50,,,,,,,,,,,,,,,,,,
2026-07-05T07:03:50.342958+00:00,2026-07-05T07:03:50.342868,2,1,139.85,0.5,139.6,100,139.5,150,,,,,,,,,,,,,,,,,140.1,50,,,,,,,,,,,,,,,,,,
2026-07-05T07:03:50.396769+00:00,2026-07-05T07:03:50.396711,2,2,139.8,0.4,139.6,100,139.5,150,,,,,,,,,,,,,,,,,140.0,150,140.1,50,,,,,,,,,,,,,,,,
2026-07-05T07:03:51.527974+00:00,2026-07-05T07:03:51.527889,2,2,139.8,0.4,139.6,100,139.5,150,,,,,,,,,,,,,,,,,140.0,100,140.1,50,,,,,,,,,,,,,,,,
2026-07-05T07:03:52.255882+00:00,2026-07-05T07:03:52.256075,1,1,139.75,0.5,139.5,150,,,,,,,,,,,,,,,,,,,140.0,100,,,,,,,,,,,,,,,,,,
2026-07-05T07:03:52.308429+00:00,2026-07-05T07:03:52.308372,2,1,139.9,0.2,139.8,100,139.5,150,,,,,,,,,,,,,,,,,140.0,100,,,,,,,,,,,,,,,,,,
2026-07-05T07:03:52.358613+00:00,2026-07-05T07:03:52.357529,2,2,139.9,0.2,139.8,100,139.5,150,,,,,,,,,,,,,,,,,140.0,100,140.3,100,,,,,,,,,,,,,,,,
2026-07-05T07:03:52.647655+00:00,2026-07-05T07:03:52.647618,2,2,139.9,0.2,139.8,100,139.5,150,,,,,,,,,,,,,,,,,140.0,59,140.3,100,,,,,,,,,,,,,,,,
2026-07-05T07:03:53.458788+00:00,2026-07-05T07:03:53.458681,1,1,140.05,0.5,139.8,100,,,,,,,,,,,,,,,,,,,140.3,100,,,,,,,,,,,,,,,,,,
2026-07-05T07:03:53.509473+00:00,2026-07-05T07:03:53.509351,2,1,140.1,0.4,139.9,150,139.8,100,,,,,,,,,,,,,,,,,140.3,100,,,,,,,,,,,,,,,,,,
2026-07-05T07:03:53.558689+00:00,2026-07-05T07:03:53.558580,2,2,140.1,0.4,139.9,150,139.8,100,,,,,,,,,,,,,,,,,140.3,100,140.4,150,,,,,,,,,,,,,,,,
2026-07-05T07:03:53.684315+00:00,2026-07-05T07:03:53.684174,2,2,140.1,0.4,139.9,100,139.8,100,,,,,,,,,,,,,,,,,140.3,100,140.4,150,,,,,,,,,,,,,,,,
2026-07-05T07:03:53.708970+00:00,2026-07-05T07:03:53.708776,2,2,140.1,0.4,139.9,60,139.8,100,,,,,,,,,,,,,,,,,140.3,100,140.4,150,,,,,,,,,,,,,,,,
2026-07-05T07:03:53.884807+00:00,2026-07-05T07:03:53.878773,2,2,140.1,0.4,139.9,38,139.8,100,,,,,,,,,,,,,,,,,140.3,100,140.4,150,,,,,,,,,,,,,,,,
2026-07-05T07:03:55.415242+00:00,2026-07-05T07:03:55.415108,2,1,140.15,0.5,139.9,38,139.8,100,,,,,,,,,,,,,,,,,140.4,150,,,,,,,,,,,,,,,,,,
2026-07-05T07:03:55.420441+00:00,2026-07-05T07:03:55.420290,1,1,140.15,0.5,139.9,38,,,,,,,,,,,,,,,,,,,140.4,150,,,,,,,,,,,,,,,,,,
2026-07-05T07:03:55.469059+00:00,2026-07-05T07:03:55.468895,2,1,140.15,0.5,139.9,38,139.6,100,,,,,,,,,,,,,,,,,140.4,150,,,,,,,,,,,,,,,,,,
2026-07-05T07:03:55.522680+00:00,2026-07-05T07:03:55.522581,2,2,140.0,0.2,139.9,38,139.6,100,,,,,,,,,,,,,,,,,140.1,100,140.4,150,,,,,,,,,,,,,,,,
2026-07-05T07:03:55.798549+00:00,2026-07-05T07:03:55.798466,2,2,140.0,0.2,139.9,38,139.6,100,,,,,,,,,,,,,,,,,140.1,51,140.4,150,,,,,,,,,,,,,,,,
2026-07-05T07:03:55.822324+00:00,2026-07-05T07:03:55.822283,1,2,139.85,0.5,139.6,88,,,,,,,,,,,,,,,,,,,140.1,51,140.4,150,,,,,,,,,,,,,,,,
2026-07-05T07:03:56.283589+00:00,2026-07-05T07:03:56.283465,1,2,139.85,0.5,139.6,88,,,,,,,,,,,,,,,,,,,140.1,6,140.4,150,,,,,,,,,,,,,,,,
2026-07-05T07:03:56.617137+00:00,2026-07-05T07:03:56.617273,1,1,139.85,0.5,139.6,88,,,,,,,,,,,,,,,,,,,140.1,6,,,,,,,,,,,,,,,,,,
2026-07-05T07:03:56.670868+00:00,2026-07-05T07:03:56.670940,2,1,139.85,0.5,139.6,88,139.1,150,,,,,,,,,,,,,,,,,140.1,6,,,,,,,,,,,,,,,,,,
2026-07-05T07:03:56.740182+00:00,2026-07-05T07:03:56.729702,1,2,139.35,0.5,139.1,150,,,,,,,,,,,,,,,,,,,139.6,40,140.1,6,,,,,,,,,,,,,,,,
2026-07-05T07:03:56.834165+00:00,2026-07-05T07:03:56.834072,1,2,139.35,0.5,139.1,108,,,,,,,,,,,,,,,,,,,139.6,40,140.1,6,,,,,,,,,,,,,,,,
2026-07-05T07:03:57.379215+00:00,2026-07-05T07:03:57.379109,1,1,139.6,1.0,139.1,108,,,,,,,,,,,,,,,,,,,140.1,5,,,,,,,,,,,,,,,,,,
2026-07-05T07:03:57.881762+00:00,2026-07-05T07:03:57.881688,1,0,,,139.1,108,,,,,,,,,,,,,,,,,,,,,,,,,,,,,,,,,,,,,,
2026-07-05T07:03:58.631611+00:00,2026-07-05T07:03:58.631490,2,0,,,139.8,100,139.1,108,,,,,,,,,,,,,,,,,,,,,,,,,,,,,,,,,,,,
2026-07-05T07:03:58.685514+00:00,2026-07-05T07:03:58.685424,2,1,140.05,0.5,139.8,100,139.1,108,,,,,,,,,,,,,,,,,140.3,100,,,,,,,,,,,,,,,,,,
2026-07-05T07:03:59.782523+00:00,2026-07-05T07:03:59.782652,1,1,140.05,0.5,139.8,100,,,,,,,,,,,,,,,,,,,140.3,100,,,,,,,,,,,,,,,,,,
2026-07-05T07:03:59.836268+00:00,2026-07-05T07:03:59.836365,2,1,140.1,0.4,139.9,150,139.8,100,,,,,,,,,,,,,,,,,140.3,100,,,,,,,,,,,,,,,,,,
2026-07-05T07:03:59.889674+00:00,2026-07-05T07:03:59.889627,2,2,140.1,0.4,139.9,150,139.8,100,,,,,,,,,,,,,,,,,140.3,100,140.4,150,,,,,,,,,,,,,,,,
2026-07-05T07:04:01.741234+00:00,2026-07-05T07:04:01.741110,1,1,140.15,0.5,139.9,150,,,,,,,,,,,,,,,,,,,140.4,150,,,,,,,,,,,,,,,,,,
2026-07-05T07:04:01.807672+00:00,2026-07-05T07:04:01.807829,2,1,140.15,0.5,139.9,150,139.8,100,,,,,,,,,,,,,,,,,140.4,150,,,,,,,,,,,,,,,,,,
2026-07-05T07:04:01.858611+00:00,2026-07-05T07:04:01.855373,2,2,140.1,0.4,139.9,150,139.8,100,,,,,,,,,,,,,,,,,140.3,100,140.4,150,,,,,,,,,,,,,,,,
2026-07-05T07:04:02.444701+00:00,2026-07-05T07:04:02.444556,2,2,140.1,0.4,139.9,103,139.8,100,,,,,,,,,,,,,,,,,140.3,100,140.4,150,,,,,,,,,,,,,,,,
2026-07-05T07:04:02.941884+00:00,2026-07-05T07:04:02.941847,1,1,140.05,0.5,139.8,100,,,,,,,,,,,,,,,,,,,140.3,100,,,,,,,,,,,,,,,,,,
2026-07-05T07:04:02.997739+00:00,2026-07-05T07:04:02.997825,2,1,140.05,0.5,139.8,100,139.6,150,,,,,,,,,,,,,,,,,140.3,100,,,,,,,,,,,,,,,,,,
2026-07-05T07:04:03.058875+00:00,2026-07-05T07:04:03.058681,2,2,139.95,0.3,139.8,100,139.6,150,,,,,,,,,,,,,,,,,140.1,150,140.3,100,,,,,,,,,,,,,,,,
2026-07-05T07:04:03.074440+00:00,2026-07-05T07:04:03.068199,2,2,139.95,0.3,139.8,100,139.6,150,,,,,,,,,,,,,,,,,140.1,138,140.3,100,,,,,,,,,,,,,,,,
2026-07-05T07:04:04.914981+00:00,2026-07-05T07:04:04.914917,1,1,139.85,0.5,139.6,150,,,,,,,,,,,,,,,,,,,140.1,138,,,,,,,,,,,,,,,,,,
2026-07-05T07:04:04.970389+00:00,2026-07-05T07:04:04.970269,1,1,139.85,0.5,139.6,150,,,,,,,,,,,,,,,,,,,140.1,38,,,,,,,,,,,,,,,,,,
2026-07-05T07:04:05.024287+00:00,2026-07-05T07:04:05.024166,1,2,139.85,0.5,139.6,150,,,,,,,,,,,,,,,,,,,140.1,38,140.6,100,,,,,,,,,,,,,,,,
2026-07-05T07:04:06.103509+00:00,2026-07-05T07:04:06.103479,1,1,140.1,1.0,139.6,150,,,,,,,,,,,,,,,,,,,140.6,100,,,,,,,,,,,,,,,,,,
2026-07-05T07:04:06.108720+00:00,2026-07-05T07:04:06.108653,0,1,,,,,,,,,,,,,,,,,,,,,,,140.6,100,,,,,,,,,,,,,,,,,,
2026-07-05T07:04:06.168834+00:00,2026-07-05T07:04:06.162836,1,1,140.35,0.5,140.1,127,,,,,,,,,,,,,,,,,,,140.6,100,,,,,,,,,,,,,,,,,,
2026-07-05T07:04:06.212118+00:00,2026-07-05T07:04:06.211944,1,1,140.35,0.5,140.1,127,,,,,,,,,,,,,,,,,,,140.6,250,,,,,,,,,,,,,,,,,,
2026-07-05T07:04:06.418565+00:00,2026-07-05T07:04:06.418390,1,1,140.35,0.5,140.1,77,,,,,,,,,,,,,,,,,,,140.6,250,,,,,,,,,,,,,,,,,,
2026-07-05T07:04:08.048980+00:00,2026-07-05T07:04:08.048827,1,1,140.35,0.5,140.1,37,,,,,,,,,,,,,,,,,,,140.6,250,,,,,,,,,,,,,,,,,,
2026-07-05T07:04:08.085972+00:00,2026-07-05T07:04:08.085822,1,1,140.35,0.5,140.1,37,,,,,,,,,,,,,,,,,,,140.6,150,,,,,,,,,,,,,,,,,,
2026-07-05T07:04:08.134893+00:00,2026-07-05T07:04:08.134715,2,1,140.35,0.5,140.1,37,139.7,100,,,,,,,,,,,,,,,,,140.6,150,,,,,,,,,,,,,,,,,,
2026-07-05T07:04:08.188536+00:00,2026-07-05T07:04:08.188477,2,2,140.15,0.1,140.1,37,139.7,100,,,,,,,,,,,,,,,,,140.2,100,140.6,150,,,,,,,,,,,,,,,,
2026-07-05T07:04:08.495223+00:00,2026-07-05T07:04:08.495135,2,2,140.15,0.1,140.1,37,139.7,100,,,,,,,,,,,,,,,,,140.2,50,140.6,150,,,,,,,,,,,,,,,,
2026-07-05T07:04:09.270398+00:00,2026-07-05T07:04:09.270291,1,1,139.95,0.5,139.7,100,,,,,,,,,,,,,,,,,,,140.2,50,,,,,,,,,,,,,,,,,,
2026-07-05T07:04:09.325485+00:00,2026-07-05T07:04:09.325361,1,1,139.95,0.5,139.7,250,,,,,,,,,,,,,,,,,,,140.2,50,,,,,,,,,,,,,,,,,,
2026-07-05T07:04:09.375782+00:00,2026-07-05T07:04:09.375967,1,1,139.95,0.5,139.7,250,,,,,,,,,,,,,,,,,,,140.2,200,,,,,,,,,,,,,,,,,,
2026-07-05T07:04:11.243225+00:00,2026-07-05T07:04:11.243117,1,1,139.95,0.5,139.7,150,,,,,,,,,,,,,,,,,,,140.2,150,,,,,,,,,,,,,,,,,,
