recv_time,book_timestamp,n_bids,n_asks,mid,spread,bid_px_0,bid_vol_0,bid_px_1,bid_vol_1,bid_px_2,bid_vol_2,bid_px_3,bid_vol_3,bid_px_4,bid_vol_4,bid_px_5,bid_vol_5,bid_px_6,bid_vol_6,bid_px_7,bid_vol_7,bid_px_8,bid_vol_8,bid_px_9,bid_vol_9,ask_px_0,ask_vol_0,ask_px_1,ask_vol_1,ask_px_2,ask_vol_2,ask_px_3,ask_vol_3,ask_px_4,ask_vol_4,ask_px_5,ask_vol_5,ask_px_6,ask_vol_6,ask_px_7,ask_vol_7,ask_px_8,ask_vol_8,ask_px_9,ask_vol_9
2026-07-01T11:00:00.309911+00:00,2026-07-01T21:00:00.308911,3,2,87.25,0.1,87.2,3,87.0,63,86.8,150,,,,,,,,,,,,,,,87.3,18,87.5,103,,,,,,,,,,,,,,,,
2026-07-01T11:00:00.320910+00:00,2026-07-01T21:00:00.311911,3,2,87.25,0.1,87.2,13,87.0,63,86.8,150,,,,,,,,,,,,,,,87.3,18,87.5,103,,,,,,,,,,,,,,,,
2026-07-01T11:00:00.518255+00:00,2026-07-01T21:00:00.508254,3,2,87.25,0.1,87.2,13,87.0,63,86.8,150,,,,,,,,,,,,,,,87.3,18,87.5,102,,,,,,,,,,,,,,,,
2026-07-01T11:00:00.704638+00:00,2026-07-01T21:00:00.701728,2,2,87.15,0.3,87.0,26,86.8,150,,,,,,,,,,,,,,,,,87.3,18,87.5,102,,,,,,,,,,,,,,,,
2026-07-01T11:00:01.065139+00:00,2026-07-01T21:00:01.061139,2,2,87.15,0.3,87.0,26,86.8,150,,,,,,,,,,,,,,,,,87.3,18,87.5,101,,,,,,,,,,,,,,,,
2026-07-01T11:00:01.142139+00:00,2026-07-01T21:00:01.137139,1,1,87.25,0.5,87.0,26,,,,,,,,,,,,,,,,,,,87.5,101,,,,,,,,,,,,,,,,,,
2026-07-01T11:00:01.196233+00:00,2026-07-01T21:00:01.190233,2,1,87.4,0.2,87.3,150,87.0,26,,,,,,,,,,,,,,,,,87.5,101,,,,,,,,,,,,,,,,,,
2026-07-01T11:00:01.251234+00:00,2026-07-01T21:00:01.243234,2,2,87.4,0.2,87.3,150,87.0,26,,,,,,,,,,,,,,,,,87.5,101,87.8,150,,,,,,,,,,,,,,,,
2026-07-01T11:00:01.459717+00:00,2026-07-01T21:00:01.455719,1,2,87.4,0.2,87.3,150,,,,,,,,,,,,,,,,,,,87.5,1,87.8,150,,,,,,,,,,,,,,,,
2026-07-01T11:00:01.514719+00:00,2026-07-01T21:00:01.508729,2,2,87.4,0.2,87.3,150,86.8,100,,,,,,,,,,,,,,,,,87.5,1,87.8,150,,,,,,,,,,,,,,,,
2026-07-01T11:00:01.569719+00:00,2026-07-01T21:00:01.562718,2,2,87.4,0.2,87.3,50,86.8,100,,,,,,,,,,,,,,,,,87.5,1,87.8,150,,,,,,,,,,,,,,,,
2026-07-01T11:00:01.832237+00:00,2026-07-01T21:00:01.826236,2,2,87.4,0.2,87.3,50,86.8,100,,,,,,,,,,,,,,,,,87.5,11,87.8,150,,,,,,,,,,,,,,,,
2026-07-01T11:00:02.084073+00:00,2026-07-01T21:00:02.074074,2,2,87.4,0.2,87.3,50,86.8,100,,,,,,,,,,,,,,,,,87.5,10,87.8,150,,,,,,,,,,,,,,,,
2026-07-01T11:00:02.333840+00:00,2026-07-01T21:00:02.330839,2,1,87.55,0.5,87.3,50,86.8,100,,,,,,,,,,,,,,,,,87.8,150,,,,,,,,,,,,,,,,,,
2026-07-01T11:00:02.344722+00:00,2026-07-01T21:00:02.338839,2,2,87.5,0.4,87.3,50,86.8,100,,,,,,,,,,,,,,,,,87.7,10,87.8,150,,,,,,,,,,,,,,,,
2026-07-01T11:00:03.107546+00:00,2026-07-01T21:00:03.100546,1,1,87.3,1.0,86.8,100,,,,,,,,,,,,,,,,,,,87.8,150,,,,,,,,,,,,,,,,,,
2026-07-01T11:00:04.297599+00:00,2026-07-01T21:00:04.296598,1,0,,,86.8,100,,,,,,,,,,,,,,,,,,,,,,,,,,,,,,,,,,,,,,
2026-07-01T11:00:04.319598+00:00,2026-07-01T21:00:04.318598,1,0,,,86.8,51,,,,,,,,,,,,,,,,,,,,,,,,,,,,,,,,,,,,,,
2026-07-01T11:00:04.363610+00:00,2026-07-01T21:00:04.353613,2,0,,,86.8,51,86.7,150,,,,,,,,,,,,,,,,,,,,,,,,,,,,,,,,,,,,
2026-07-01T11:00:04.407725+00:00,2026-07-01T21:00:04.406726,2,1,87.0,0.4,86.8,51,86.7,150,,,,,,,,,,,,,,,,,87.2,150,,,,,,,,,,,,,,,,,,
2026-07-01T11:00:04.626014+00:00,2026-07-01T21:00:04.615725,1,1,86.95,0.5,86.7,150,,,,,,,,,,,,,,,,,,,87.2,150,,,,,,,,,,,,,,,,,,
2026-07-01T11:00:04.681013+00:00,2026-07-01T21:00:04.671014,2,1,87.05,0.3,86.9,100,86.7,150,,,,,,,,,,,,,,,,,87.2,150,,,,,,,,,,,,,,,,,,
2026-07-01T11:00:04.724376+00:00,2026-07-01T21:00:04.722581,2,2,87.05,0.3,86.9,100,86.7,150,,,,,,,,,,,,,,,,,87.2,150,87.4,100,,,,,,,,,,,,,,,,
2026-07-01T11:00:04.856726+00:00,2026-07-01T21:00:04.851726,2,2,87.05,0.3,86.9,110,86.7,150,,,,,,,,,,,,,,,,,87.2,150,87.4,100,,,,,,,,,,,,,,,,
2026-07-01T11:00:04.922242+00:00,2026-07-01T21:00:04.919243,2,2,87.05,0.3,86.9,60,86.7,150,,,,,,,,,,,,,,,,,87.2,150,87.4,100,,,,,,,,,,,,,,,,
2026-07-01T11:00:05.337728+00:00,2026-07-01T21:00:05.329728,2,2,87.05,0.3,86.9,60,86.7,150,,,,,,,,,,,,,,,,,87.2,103,87.4,100,,,,,,,,,,,,,,,,
2026-07-01T11:00:05.370728+00:00,2026-07-01T21:00:05.365728,2,2,87.05,0.3,86.9,60,86.7,150,,,,,,,,,,,,,,,,,87.2,103,87.4,100,,,,,,,,,,,,,,,,
2026-07-01T11:00:05.873010+00:00,2026-07-01T21:00:05.870009,2,2,87.05,0.3,86.9,50,86.7,150,,,,,,,,,,,,,,,,,87.2,103,87.4,100,,,,,,,,,,,,,,,,
2026-07-01T11:00:05.884361+00:00,2026-07-01T21:00:05.873010,2,2,87.05,0.3,86.9,60,86.7,150,,,,,,,,,,,,,,,,,87.2,103,87.4,100,,,,,,,,,,,,,,,,
2026-07-01T11:00:05.927729+00:00,2026-07-01T21:00:05.919729,2,2,87.05,0.3,86.9,12,86.7,150,,,,,,,,,,,,,,,,,87.2,103,87.4,100,,,,,,,,,,,,,,,,
2026-07-01T11:00:06.385731+00:00,2026-07-01T21:00:06.383731,2,2,87.05,0.3,86.9,2,86.7,150,,,,,,,,,,,,,,,,,87.2,103,87.4,100,,,,,,,,,,,,,,,,
2026-07-01T11:00:06.396731+00:00,2026-07-01T21:00:06.389731,2,2,87.05,0.3,86.9,12,86.7,150,,,,,,,,,,,,,,,,,87.2,103,87.4,100,,,,,,,,,,,,,,,,
2026-07-01T11:00:06.681220+00:00,2026-07-01T21:00:06.678221,2,1,87.15,0.5,86.9,12,86.7,150,,,,,,,,,,,,,,,,,87.4,100,,,,,,,,,,,,,,,,,,
2026-07-01T11:00:06.900720+00:00,2026-07-01T21:00:06.897721,3,1,87.2,0.4,87.0,10,86.9,2,86.7,150,,,,,,,,,,,,,,,87.4,100,,,,,,,,,,,,,,,,,,
2026-07-01T11:00:07.042669+00:00,2026-07-01T21:00:07.033674,1,1,87.05,0.7,86.7,112,,,,,,,,,,,,,,,,,,,87.4,100,,,,,,,,,,,,,,,,,,
2026-07-01T11:00:07.415115+00:00,2026-07-01T21:00:07.404116,2,1,87.1,0.6,86.8,10,86.7,112,,,,,,,,,,,,,,,,,87.4,100,,,,,,,,,,,,,,,,,,
2026-07-01T11:00:07.469723+00:00,2026-07-01T21:00:07.462723,1,1,87.1,0.6,86.8,10,,,,,,,,,,,,,,,,,,,87.4,100,,,,,,,,,,,,,,,,,,
2026-07-01T11:00:07.524340+00:00,2026-07-01T21:00:07.514736,2,1,87.35,0.1,87.3,150,86.8,10,,,,,,,,,,,,,,,,,87.4,100,,,,,,,,,,,,,,,,,,
2026-07-01T11:00:07.567733+00:00,2026-07-01T21:00:07.565734,2,2,87.35,0.1,87.3,150,86.8,10,,,,,,,,,,,,,,,,,87.4,100,87.8,150,,,,,,,,,,,,,,,,
2026-07-01T11:00:07.786799+00:00,2026-07-01T21:00:07.780800,2,1,87.55,0.5,87.3,150,86.8,10,,,,,,,,,,,,,,,,,87.8,150,,,,,,,,,,,,,,,,,,
2026-07-01T11:00:07.841344+00:00,2026-07-01T21:00:07.834344,2,1,87.55,0.5,87.3,150,86.8,110,,,,,,,,,,,,,,,,,87.8,150,,,,,,,,,,,,,,,,,,
2026-07-01T11:00:07.896735+00:00,2026-07-01T21:00:07.889734,2,1,87.55,0.5,87.3,50,86.8,110,,,,,,,,,,,,,,,,,87.8,150,,,,,,,,,,,,,,,,,,
2026-07-01T11:00:07.918735+00:00,2026-07-01T21:00:07.912735,2,1,87.55,0.5,87.3,50,86.8,100,,,,,,,,,,,,,,,,,87.8,150,,,,,,,,,,,,,,,,,,
2026-07-01T11:00:08.061735+00:00,2026-07-01T21:00:08.053735,3,1,87.55,0.5,87.3,50,87.0,5,86.8,100,,,,,,,,,,,,,,,87.8,150,,,,,,,,,,,,,,,,,,
2026-07-01T11:00:08.422790+00:00,2026-07-01T21:00:08.419790,3,2,87.5,0.4,87.3,50,87.0,5,86.8,100,,,,,,,,,,,,,,,87.7,10,87.8,150,,,,,,,,,,,,,,,,
2026-07-01T11:00:08.929799+00:00,2026-07-01T21:00:08.923798,3,1,87.55,0.5,87.3,50,87.0,5,86.8,100,,,,,,,,,,,,,,,87.8,150,,,,,,,,,,,,,,,,,,
2026-07-01T11:00:08.940798+00:00,2026-07-01T21:00:08.933799,3,2,87.5,0.4,87.3,50,87.0,5,86.8,100,,,,,,,,,,,,,,,87.7,10,87.8,150,,,,,,,,,,,,,,,,
2026-07-01T11:00:09.147126+00:00,2026-07-01T21:00:09.140125,3,1,87.55,0.5,87.3,50,87.0,5,86.8,100,,,,,,,,,,,,,,,87.8,113,,,,,,,,,,,,,,,,,,
2026-07-01T11:00:09.158126+00:00,2026-07-01T21:00:09.155126,2,1,87.4,0.8,87.0,5,86.8,100,,,,,,,,,,,,,,,,,87.8,113,,,,,,,,,,,,,,,,,,
2026-07-01T11:00:10.621800+00:00,2026-07-01T21:00:10.619800,2,0,,,87.0,5,86.8,100,,,,,,,,,,,,,,,,,,,,,,,,,,,,,,,,,,,,
2026-07-01T11:00:10.675742+00:00,2026-07-01T21:00:10.671742,3,0,,,87.0,5,86.9,150,86.8,100,,,,,,,,,,,,,,,,,,,,,,,,,,,,,,,,,,
2026-07-01T11:00:10.730742+00:00,2026-07-01T21:00:10.724742,3,1,87.2,0.4,87.0,5,86.9,150,86.8,100,,,,,,,,,,,,,,,87.4,150,,,,,,,,,,,,,,,,,,
2026-07-01T11:00:10.948688+00:00,2026-07-01T21:00:10.943688,2,1,87.2,0.4,87.0,5,86.9,150,,,,,,,,,,,,,,,,,87.4,150,,,,,,,,,,,,,,,,,,
2026-07-01T11:00:10.970689+00:00,2026-07-01T21:00:10.968688,3,1,87.25,0.3,87.1,10,87.0,5,86.9,150,,,,,,,,,,,,,,,87.4,150,,,,,,,,,,,,,,,,,,
2026-07-01T11:00:11.003357+00:00,2026-07-01T21:00:10.997357,3,1,87.25,0.3,87.1,110,87.0,5,86.9,150,,,,,,,,,,,,,,,87.4,150,,,,,,,,,,,,,,,,,,
2026-07-01T11:00:11.056742+00:00,2026-07-01T21:00:11.050742,3,2,87.25,0.3,87.1,110,87.0,5,86.9,150,,,,,,,,,,,,,,,87.4,150,87.6,100,,,,,,,,,,,,,,,,
2026-07-01T11:00:11.209257+00:00,2026-07-01T21:00:11.200258,3,2,87.25,0.3,87.1,110,87.0,5,86.9,150,,,,,,,,,,,,,,,87.4,100,87.6,100,,,,,,,,,,,,,,,,
2026-07-01T11:00:11.483275+00:00,2026-07-01T21:00:11.473292,3,2,87.25,0.3,87.1,100,87.0,5,86.9,150,,,,,,,,,,,,,,,87.4,100,87.6,100,,,,,,,,,,,,,,,,
2026-07-01T11:00:12.150746+00:00,2026-07-01T21:00:12.149745,3,2,87.25,0.3,87.1,110,87.0,5,86.9,150,,,,,,,,,,,,,,,87.4,3,87.6,100,,,,,,,,,,,,,,,,
2026-07-01T11:00:12.491141+00:00,2026-07-01T21:00:12.487141,3,2,87.25,0.3,87.1,110,87.0,5,86.9,150,,,,,,,,,,,,,,,87.4,3,87.6,100,,,,,,,,,,,,,,,,
2026-07-01T11:00:12.545670+00:00,2026-07-01T21:00:12.544670,3,1,87.35,0.5,87.1,110,87.0,5,86.9,150,,,,,,,,,,,,,,,87.6,100,,,,,,,,,,,,,,,,,,
2026-07-01T11:00:13.015748+00:00,2026-07-01T21:00:13.005748,3,1,87.35,0.5,87.1,100,87.0,5,86.9,150,,,,,,,,,,,,,,,87.6,100,,,,,,,,,,,,,,,,,,
2026-07-01T11:00:13.124749+00:00,2026-07-01T21:00:13.119355,3,1,87.35,0.5,87.1,100,87.0,5,86.9,150,,,,,,,,,,,,,,,87.6,52,,,,,,,,,,,,,,,,,,
2026-07-01T11:00:13.310967+00:00,2026-07-01T21:00:13.307966,3,1,87.35,0.5,87.1,100,87.0,5,86.9,150,,,,,,,,,,,,,,,87.6,2,,,,,,,,,,,,,,,,,,
2026-07-01T11:00:13.782288+00:00,2026-07-01T21:00:13.778288,2,1,87.35,0.5,87.1,100,87.0,5,,,,,,,,,,,,,,,,,87.6,2,,,,,,,,,,,,,,,,,,
2026-07-01T11:00:13.837749+00:00,2026-07-01T21:00:13.831749,3,1,87.55,0.1,87.5,150,87.1,100,87.0,5,,,,,,,,,,,,,,,87.6,2,,,,,,,,,,,,,,,,,,
2026-07-01T11:00:13.892926+00:00,2026-07-01T21:00:13.883926,3,2,87.55,0.1,87.5,150,87.1,100,87.0,5,,,,,,,,,,,,,,,87.6,2,88.0,150,,,,,,,,,,,,,,,,
2026-07-01T11:00:14.023277+00:00,2026-07-01T21:00:14.013277,3,2,87.55,0.1,87.5,150,87.1,100,87.0,5,,,,,,,,,,,,,,,87.6,12,88.0,150,,,,,,,,,,,,,,,,
2026-07-01T11:00:14.111200+00:00,2026-07-01T21:00:14.106200,2,2,87.55,0.1,87.5,150,87.0,5,,,,,,,,,,,,,,,,,87.6,10,88.0,150,,,,,,,,,,,,,,,,
2026-07-01T11:00:14.166211+00:00,2026-07-01T21:00:14.158211,3,2,87.55,0.1,87.5,150,87.4,100,87.0,5,,,,,,,,,,,,,,,87.6,10,88.0,150,,,,,,,,,,,,,,,,
2026-07-01T11:00:14.221211+00:00,2026-07-01T21:00:14.212211,3,3,87.55,0.1,87.5,150,87.4,100,87.0,5,,,,,,,,,,,,,,,87.6,10,87.9,100,88.0,150,,,,,,,,,,,,,,
2026-07-01T11:00:14.538721+00:00,2026-07-01T21:00:14.529721,3,3,87.65,0.3,87.5,150,87.4,100,87.0,5,,,,,,,,,,,,,,,87.8,10,87.9,100,88.0,150,,,,,,,,,,,,,,
2026-07-01T11:00:15.042752+00:00,2026-07-01T21:00:15.034752,3,3,87.65,0.3,87.5,150,87.4,100,87.0,5,,,,,,,,,,,,,,,87.8,10,87.9,100,88.0,150,,,,,,,,,,,,,,
2026-07-01T11:00:15.447044+00:00,2026-07-01T21:00:15.440599,3,2,87.7,0.4,87.5,150,87.4,100,87.2,6,,,,,,,,,,,,,,,87.9,60,88.0,150,,,,,,,,,,,,,,,,
2026-07-01T11:00:15.544648+00:00,2026-07-01T21:00:15.542130,3,3,87.65,0.3,87.5,150,87.4,100,87.2,6,,,,,,,,,,,,,,,87.8,10,87.9,60,88.0,150,,,,,,,,,,,,,,
2026-07-01T11:00:16.056767+00:00,2026-07-01T21:00:16.052766,3,2,87.7,0.4,87.5,150,87.4,100,87.2,6,,,,,,,,,,,,,,,87.9,60,88.0,150,,,,,,,,,,,,,,,,
2026-07-01T11:00:16.659757+00:00,2026-07-01T21:00:16.653757,3,2,87.7,0.4,87.5,110,87.4,100,87.2,6,,,,,,,,,,,,,,,87.9,60,88.0,150,,,,,,,,,,,,,,,,
2026-07-01T11:00:16.977204+00:00,2026-07-01T21:00:16.972205,2,1,87.65,0.5,87.4,100,87.2,6,,,,,,,,,,,,,,,,,87.9,60,,,,,,,,,,,,,,,,,,
2026-07-01T11:00:17.304048+00:00,2026-07-01T21:00:17.302049,1,1,87.55,0.5,87.3,150,,,,,,,,,,,,,,,,,,,87.8,150,,,,,,,,,,,,,,,,,,
2026-07-01T11:00:17.325375+00:00,2026-07-01T21:00:17.322062,2,1,87.65,0.3,87.5,100,87.3,150,,,,,,,,,,,,,,,,,87.8,150,,,,,,,,,,,,,,,,,,
2026-07-01T11:00:17.380356+00:00,2026-07-01T21:00:17.376357,2,2,87.65,0.3,87.5,100,87.3,150,,,,,,,,,,,,,,,,,87.8,150,88.0,100,,,,,,,,,,,,,,,,
2026-07-01T11:00:17.554640+00:00,2026-07-01T21:00:17.543640,2,2,87.65,0.3,87.5,100,87.3,150,,,,,,,,,,,,,,,,,87.8,100,88.0,100,,,,,,,,,,,,,,,,
2026-07-01T11:00:18.111202+00:00,2026-07-01T21:00:18.106202,2,3,87.6,0.2,87.5,100,87.3,150,,,,,,,,,,,,,,,,,87.7,10,87.8,100,88.0,100,,,,,,,,,,,,,,
2026-07-01T11:00:18.615761+00:00,2026-07-01T21:00:18.610762,2,2,87.65,0.3,87.5,100,87.3,150,,,,,,,,,,,,,,,,,87.8,100,88.0,100,,,,,,,,,,,,,,,,
2026-07-01T11:00:18.626762+00:00,2026-07-01T21:00:18.622762,2,3,87.6,0.2,87.5,100,87.3,150,,,,,,,,,,,,,,,,,87.7,10,87.8,100,88.0,100,,,,,,,,,,,,,,
2026-07-01T11:00:19.120732+00:00,2026-07-01T21:00:19.117732,2,2,87.65,0.3,87.5,100,87.3,150,,,,,,,,,,,,,,,,,87.8,100,88.0,100,,,,,,,,,,,,,,,,
2026-07-01T11:00:19.131733+00:00,2026-07-01T21:00:19.123732,2,3,87.6,0.2,87.5,100,87.3,150,,,,,,,,,,,,,,,,,87.7,10,87.8,100,88.0,100,,,,,,,,,,,,,,
2026-07-01T11:00:19.655220+00:00,2026-07-01T21:00:19.654705,2,2,87.65,0.3,87.5,100,87.3,150,,,,,,,,,,,,,,,,,87.8,100,88.0,100,,,,,,,,,,,,,,,,
2026-07-01T11:00:19.666220+00:00,2026-07-01T21:00:19.662220,2,3,87.6,0.2,87.5,100,87.3,150,,,,,,,,,,,,,,,,,87.7,10,87.8,50,88.0,100,,,,,,,,,,,,,,
2026-07-01T11:00:19.798191+00:00,2026-07-01T21:00:19.792191,1,3,87.5,0.4,87.3,150,,,,,,,,,,,,,,,,,,,87.7,10,87.8,50,88.0,100,,,,,,,,,,,,,,
2026-07-01T11:00:20.104747+00:00,2026-07-01T21:00:20.103228,0,2,,,,,,,,,,,,,,,,,,,,,,,87.7,10,88.0,100,,,,,,,,,,,,,,,,
2026-07-01T11:00:20.159415+00:00,2026-07-01T21:00:20.155414,1,2,87.55,0.3,87.4,150,,,,,,,,,,,,,,,,,,,87.7,10,88.0,100,,,,,,,,,,,,,,,,
2026-07-01T11:00:20.170415+00:00,2026-07-01T21:00:20.166414,1,1,87.7,0.6,87.4,150,,,,,,,,,,,,,,,,,,,88.0,100,,,,,,,,,,,,,,,,,,
2026-07-01T11:00:20.181415+00:00,2026-07-01T21:00:20.176415,1,2,87.65,0.5,87.4,115,,,,,,,,,,,,,,,,,,,87.9,10,88.0,100,,,,,,,,,,,,,,,,
2026-07-01T11:00:20.213871+00:00,2026-07-01T21:00:20.207130,1,2,87.65,0.5,87.4,115,,,,,,,,,,,,,,,,,,,87.9,160,88.0,100,,,,,,,,,,,,,,,,
2026-07-01T11:00:20.268502+00:00,2026-07-01T21:00:20.267502,1,2,87.65,0.5,87.4,30,,,,,,,,,,,,,,,,,,,87.9,160,88.0,100,,,,,,,,,,,,,,,,
2026-07-01T11:00:20.358548+00:00,2026-07-01T21:00:20.356548,0,2,,,,,,,,,,,,,,,,,,,,,,,87.9,160,88.0,100,,,,,,,,,,,,,,,,
2026-07-01T11:00:20.446734+00:00,2026-07-01T21:00:20.436748,0,1,,,,,,,,,,,,,,,,,,,,,,,87.9,160,,,,,,,,,,,,,,,,,,
2026-07-01T11:00:20.490734+00:00,2026-07-01T21:00:20.482734,1,1,87.4,1.0,86.9,100,,,,,,,,,,,,,,,,,,,87.9,160,,,,,,,,,,,,,,,,,,
2026-07-01T11:00:20.545117+00:00,2026-07-01T21:00:20.535601,1,2,87.15,0.5,86.9,100,,,,,,,,,,,,,,,,,,,87.4,100,87.9,160,,,,,,,,,,,,,,,,
2026-07-01T11:00:20.676145+00:00,2026-07-01T21:00:20.674145,1,2,87.15,0.5,86.9,100,,,,,,,,,,,,,,,,,,,87.4,100,87.9,150,,,,,,,,,,,,,,,,
2026-07-01T11:00:21.606287+00:00,2026-07-01T21:00:21.597286,1,2,87.15,0.5,86.9,100,,,,,,,,,,,,,,,,,,,87.4,51,87.9,150,,,,,,,,,,,,,,,,
2026-07-01T11:00:21.771285+00:00,2026-07-01T21:00:21.761285,1,2,87.15,0.5,86.9,100,,,,,,,,,,,,,,,,,,,87.4,1,87.9,150,,,,,,,,,,,,,,,,
2026-07-01T11:00:22.689287+00:00,2026-07-01T21:00:22.682287,1,2,87.15,0.5,86.9,57,,,,,,,,,,,,,,,,,,,87.4,1,87.9,150,,,,,,,,,,,,,,,,
2026-07-01T11:00:23.270315+00:00,2026-07-01T21:00:23.260315,1,1,87.15,0.5,86.9,57,,,,,,,,,,,,,,,,,,,87.4,1,,,,,,,,,,,,,,,,,,
2026-07-01T11:00:23.314352+00:00,2026-07-01T21:00:23.312515,1,1,87.15,0.5,86.9,207,,,,,,,,,,,,,,,,,,,87.4,1,,,,,,,,,,,,,,,,,,
2026-07-01T11:00:23.368314+00:00,2026-07-01T21:00:23.366314,1,1,87.15,0.5,86.9,207,,,,,,,,,,,,,,,,,,,87.4,151,,,,,,,,,,,,,,,,,,
2026-07-01T11:00:23.599651+00:00,2026-07-01T21:00:23.591650,1,1,87.15,0.5,86.9,150,,,,,,,,,,,,,,,,,,,87.4,150,,,,,,,,,,,,,,,,,,
2026-07-01T11:00:23.653740+00:00,2026-07-01T21:00:23.643167,2,1,87.35,0.1,87.3,100,86.9,150,,,,,,,,,,,,,,,,,87.4,150,,,,,,,,,,,,,,,,,,
2026-07-01T11:00:23.697775+00:00,2026-07-01T21:00:23.696775,2,2,87.35,0.1,87.3,100,86.9,150,,,,,,,,,,,,,,,,,87.4,150,87.8,100,,,,,,,,,,,,,,,,
2026-07-01T11:00:23.873292+00:00,2026-07-01T21:00:23.868291,2,2,87.35,0.1,87.3,100,86.9,150,,,,,,,,,,,,,,,,,87.4,100,87.8,100,,,,,,,,,,,,,,,,
2026-07-01T11:00:24.704840+00:00,2026-07-01T21:00:24.702359,2,2,87.35,0.1,87.3,110,86.9,150,,,,,,,,,,,,,,,,,87.4,100,87.8,100,,,,,,,,,,,,,,,,
2026-07-01T11:00:25.217778+00:00,2026-07-01T21:00:25.212778,2,2,87.35,0.1,87.3,110,86.9,150,,,,,,,,,,,,,,,,,87.4,100,87.8,100,,,,,,,,,,,,,,,,
2026-07-01T11:00:25.719779+00:00,2026-07-01T21:00:25.716780,2,2,87.35,0.1,87.3,110,86.9,150,,,,,,,,,,,,,,,,,87.4,100,87.8,100,,,,,,,,,,,,,,,,
2026-07-01T11:00:25.818653+00:00,2026-07-01T21:00:25.813653,2,2,87.35,0.1,87.3,110,86.9,150,,,,,,,,,,,,,,,,,87.4,65,87.8,100,,,,,,,,,,,,,,,,
2026-07-01T11:00:25.916781+00:00,2026-07-01T21:00:25.906780,2,2,87.35,0.1,87.3,110,86.9,150,,,,,,,,,,,,,,,,,87.4,30,87.8,100,,,,,,,,,,,,,,,,
2026-07-01T11:00:26.003936+00:00,2026-07-01T21:00:25.997363,2,1,87.55,0.5,87.3,110,86.9,150,,,,,,,,,,,,,,,,,87.8,100,,,,,,,,,,,,,,,,,,
2026-07-01T11:00:26.036781+00:00,2026-07-01T21:00:26.031780,2,1,87.55,0.5,87.3,60,86.9,150,,,,,,,,,,,,,,,,,87.8,100,,,,,,,,,,,,,,,,,,
2026-07-01T11:00:26.223477+00:00,2026-07-01T21:00:26.221476,2,1,87.55,0.5,87.3,50,86.9,150,,,,,,,,,,,,,,,,,87.8,100,,,,,,,,,,,,,,,,,,
2026-07-01T11:00:26.422299+00:00,2026-07-01T21:00:26.420299,1,1,87.55,0.5,87.3,50,,,,,,,,,,,,,,,,,,,87.8,100,,,,,,,,,,,,,,,,,,
2026-07-01T11:00:26.487773+00:00,2026-07-01T21:00:26.477774,2,0,,,87.8,50,87.3,50,,,,,,,,,,,,,,,,,,,,,,,,,,,,,,,,,,,,
2026-07-01T11:00:26.498774+00:00,2026-07-01T21:00:26.495773,2,0,,,87.8,15,87.3,50,,,,,,,,,,,,,,,,,,,,,,,,,,,,,,,,,,,,
2026-07-01T11:00:26.542773+00:00,2026-07-01T21:00:26.532774,2,1,88.05,0.5,87.8,15,87.3,50,,,,,,,,,,,,,,,,,88.3,150,,,,,,,,,,,,,,,,,,
2026-07-01T11:00:26.564785+00:00,2026-07-01T21:00:26.558318,1,1,87.8,1.0,87.3,50,,,,,,,,,,,,,,,,,,,88.3,150,,,,,,,,,,,,,,,,,,
2026-07-01T11:00:26.761686+00:00,2026-07-01T21:00:26.752686,0,1,,,,,,,,,,,,,,,,,,,,,,,88.3,150,,,,,,,,,,,,,,,,,,
2026-07-01T11:00:26.817204+00:00,2026-07-01T21:00:26.807203,1,1,88.0,0.6,87.7,100,,,,,,,,,,,,,,,,,,,88.3,150,,,,,,,,,,,,,,,,,,
2026-07-01T11:00:26.872204+00:00,2026-07-01T21:00:26.861203,1,2,87.95,0.5,87.7,100,,,,,,,,,,,,,,,,,,,88.2,100,88.3,150,,,,,,,,,,,,,,,,
2026-07-01T11:00:26.914986+00:00,2026-07-01T21:00:26.911985,0,2,,,,,,,,,,,,,,,,,,,,,,,88.2,100,88.3,150,,,,,,,,,,,,,,,,
2026-07-01T11:00:28.094336+00:00,2026-07-01T21:00:28.087748,0,2,,,,,,,,,,,,,,,,,,,,,,,88.2,50,88.3,150,,,,,,,,,,,,,,,,
2026-07-01T11:00:28.127333+00:00,2026-07-01T21:00:28.121334,0,3,,,,,,,,,,,,,,,,,,,,,,,87.5,6,88.2,50,88.3,150,,,,,,,,,,,,,,
2026-07-01T11:00:29.585259+00:00,2026-07-01T21:00:29.584259,0,2,,,,,,,,,,,,,,,,,,,,,,,87.5,6,88.2,50,,,,,,,,,,,,,,,,
2026-07-01T11:00:29.640259+00:00,2026-07-01T21:00:29.637259,1,2,87.2,0.6,86.9,150,,,,,,,,,,,,,,,,,,,87.5,6,88.2,50,,,,,,,,,,,,,,,,
2026-07-01T11:00:29.694789+00:00,2026-07-01T21:00:29.688936,1,3,87.15,0.5,86.9,150,,,,,,,,,,,,,,,,,,,87.4,150,87.5,6,88.2,50,,,,,,,,,,,,,,
2026-07-01T11:00:29.925235+00:00,2026-07-01T21:00:29.915235,1,2,87.15,0.5,86.9,150,,,,,,,,,,,,,,,,,,,87.4,150,87.5,6,,,,,,,,,,,,,,,,
2026-07-01T11:00:29.980235+00:00,2026-07-01T21:00:29.969236,2,2,87.3,0.2,87.2,100,86.9,150,,,,,,,,,,,,,,,,,87.4,150,87.5,6,,,,,,,,,,,,,,,,
2026-07-01T11:00:30.023742+00:00,2026-07-01T21:00:30.021203,2,3,87.3,0.2,87.2,100,86.9,150,,,,,,,,,,,,,,,,,87.4,150,87.5,6,87.7,100,,,,,,,,,,,,,,
2026-07-01T11:00:30.254793+00:00,2026-07-01T21:00:30.246547,2,3,87.3,0.2,87.2,50,86.9,150,,,,,,,,,,,,,,,,,87.4,150,87.5,6,87.7,100,,,,,,,,,,,,,,
2026-07-01T11:00:30.757238+00:00,2026-07-01T21:00:30.747238,2,3,87.3,0.2,87.2,60,86.9,150,,,,,,,,,,,,,,,,,87.4,150,87.5,6,87.7,100,,,,,,,,,,,,,,
2026-07-01T11:00:31.251822+00:00,2026-07-01T21:00:31.250820,2,3,87.3,0.2,87.2,50,86.9,150,,,,,,,,,,,,,,,,,87.4,150,87.5,6,87.7,100,,,,,,,,,,,,,,
2026-07-01T11:00:31.262341+00:00,2026-07-01T21:00:31.254339,2,3,87.3,0.2,87.2,60,86.9,150,,,,,,,,,,,,,,,,,87.4,150,87.5,6,87.7,100,,,,,,,,,,,,,,
2026-07-01T11:00:31.764861+00:00,2026-07-01T21:00:31.761987,2,3,87.3,0.2,87.2,50,86.9,150,,,,,,,,,,,,,,,,,87.4,150,87.5,6,87.7,100,,,,,,,,,,,,,,
2026-07-01T11:00:31.775861+00:00,2026-07-01T21:00:31.767862,2,3,87.3,0.2,87.2,60,86.9,150,,,,,,,,,,,,,,,,,87.4,150,87.5,6,87.7,100,,,,,,,,,,,,,,
2026-07-01T11:00:32.277826+00:00,2026-07-01T21:00:32.276826,2,3,87.3,0.2,87.2,60,86.9,150,,,,,,,,,,,,,,,,,87.4,150,87.5,6,87.7,100,,,,,,,,,,,,,,
2026-07-01T11:00:32.365106+00:00,2026-07-01T21:00:32.364105,2,3,87.3,0.2,87.2,10,86.9,150,,,,,,,,,,,,,,,,,87.4,150,87.5,6,87.7,100,,,,,,,,,,,,,,
2026-07-01T11:00:32.409105+00:00,2026-07-01T21:00:32.398105,2,2,87.3,0.2,87.2,10,86.9,150,,,,,,,,,,,,,,,,,87.4,150,87.7,100,,,,,,,,,,,,,,,,
2026-07-01T11:00:32.748712+00:00,2026-07-01T21:00:32.744713,1,1,87.45,0.5,87.2,10,,,,,,,,,,,,,,,,,,,87.7,100,,,,,,,,,,,,,,,,,,
2026-07-01T11:00:32.781711+00:00,2026-07-01T21:00:32.780711,0,1,,,,,,,,,,,,,,,,,,,,,,,87.7,100,,,,,,,,,,,,,,,,,,
2026-07-01T11:00:32.803227+00:00,2026-07-01T21:00:32.797226,1,1,87.35,0.7,87.0,150,,,,,,,,,,,,,,,,,,,87.7,100,,,,,,,,,,,,,,,,,,
2026-07-01T11:00:32.858237+00:00,2026-07-01T21:00:32.851237,1,2,87.25,0.5,87.0,150,,,,,,,,,,,,,,,,,,,87.5,150,87.7,100,,,,,,,,,,,,,,,,
2026-07-01T11:00:33.077799+00:00,2026-07-01T21:00:33.073798,1,1,87.25,0.5,87.0,150,,,,,,,,,,,,,,,,,,,87.5,150,,,,,,,,,,,,,,,,,,
2026-07-01T11:00:33.132798+00:00,2026-07-01T21:00:33.126798,2,1,87.25,0.5,87.0,150,86.9,100,,,,,,,,,,,,,,,,,87.5,150,,,,,,,,,,,,,,,,,,
2026-07-01T11:00:33.143810+00:00,2026-07-01T21:00:33.132798,2,2,87.25,0.5,87.0,150,86.9,100,,,,,,,,,,,,,,,,,87.5,150,87.6,6,,,,,,,,,,,,,,,,
2026-07-01T11:00:33.187336+00:00,2026-07-01T21:00:33.178336,2,3,87.2,0.4,87.0,150,86.9,100,,,,,,,,,,,,,,,,,87.4,100,87.5,150,87.6,6,,,,,,,,,,,,,,
2026-07-01T11:00:33.198336+00:00,2026-07-01T21:00:33.196335,3,3,87.3,0.2,87.2,1,87.0,150,86.9,100,,,,,,,,,,,,,,,87.4,100,87.5,150,87.6,6,,,,,,,,,,,,,,
2026-07-01T11:00:34.475802+00:00,2026-07-01T21:00:34.473801,2,3,87.2,0.4,87.0,101,86.9,100,,,,,,,,,,,,,,,,,87.4,100,87.5,150,87.6,6,,,,,,,,,,,,,,
2026-07-01T11:00:34.486802+00:00,2026-07-01T21:00:34.484802,3,3,87.3,0.2,87.2,1,87.0,101,86.9,100,,,,,,,,,,,,,,,87.4,100,87.5,150,87.6,6,,,,,,,,,,,,,,
2026-07-01T11:00:35.571010+00:00,2026-07-01T21:00:35.564011,3,3,87.3,0.2,87.2,1,87.0,101,86.9,100,,,,,,,,,,,,,,,87.4,65,87.5,150,87.6,6,,,,,,,,,,,,,,
2026-07-01T11:00:35.614835+00:00,2026-07-01T21:00:35.607011,3,3,87.3,0.2,87.2,1,87.0,101,86.9,100,,,,,,,,,,,,,,,87.4,65,87.5,150,87.6,5,,,,,,,,,,,,,,
2026-07-01T11:00:35.680805+00:00,2026-07-01T21:00:35.672805,3,3,87.3,0.2,87.2,1,87.0,101,86.9,100,,,,,,,,,,,,,,,87.4,15,87.5,150,87.6,5,,,,,,,,,,,,,,
2026-07-01T11:00:35.811840+00:00,2026-07-01T21:00:35.807839,3,3,87.3,0.2,87.2,11,87.0,101,86.9,100,,,,,,,,,,,,,,,87.4,15,87.5,150,87.6,5,,,,,,,,,,,,,,
2026-07-01T11:00:35.854808+00:00,2026-07-01T21:00:35.847029,3,2,87.35,0.3,87.2,11,87.0,101,86.9,100,,,,,,,,,,,,,,,87.5,150,87.6,5,,,,,,,,,,,,,,,,
2026-07-01T11:00:35.909807+00:00,2026-07-01T21:00:35.907807,2,1,87.4,0.4,87.2,11,86.9,100,,,,,,,,,,,,,,,,,87.6,5,,,,,,,,,,,,,,,,,,
2026-07-01T11:00:35.964808+00:00,2026-07-01T21:00:35.960818,2,1,87.4,0.4,87.2,11,86.9,250,,,,,,,,,,,,,,,,,87.6,5,,,,,,,,,,,,,,,,,,
2026-07-01T11:00:36.019806+00:00,2026-07-01T21:00:36.013807,2,2,87.3,0.2,87.2,11,86.9,250,,,,,,,,,,,,,,,,,87.4,150,87.6,5,,,,,,,,,,,,,,,,
2026-07-01T11:00:36.238810+00:00,2026-07-01T21:00:36.232809,2,2,87.3,0.2,87.2,11,86.9,150,,,,,,,,,,,,,,,,,87.4,150,87.6,5,,,,,,,,,,,,,,,,
2026-07-01T11:00:36.293822+00:00,2026-07-01T21:00:36.285822,3,2,87.35,0.1,87.3,100,87.2,11,86.9,150,,,,,,,,,,,,,,,87.4,150,87.6,5,,,,,,,,,,,,,,,,
2026-07-01T11:00:36.315834+00:00,2026-07-01T21:00:36.314833,3,2,87.35,0.1,87.3,110,87.2,1,86.9,150,,,,,,,,,,,,,,,87.4,150,87.6,5,,,,,,,,,,,,,,,,
2026-07-01T11:00:36.348833+00:00,2026-07-01T21:00:36.338834,3,3,87.35,0.1,87.3,110,87.2,1,86.9,150,,,,,,,,,,,,,,,87.4,150,87.6,5,87.8,100,,,,,,,,,,,,,,
2026-07-01T11:00:36.625517+00:00,2026-07-01T21:00:36.619517,3,3,87.35,0.1,87.3,60,87.2,1,86.9,150,,,,,,,,,,,,,,,87.4,150,87.6,5,87.8,100,,,,,,,,,,,,,,
2026-07-01T11:00:36.636516+00:00,2026-07-01T21:00:36.626517,3,3,87.35,0.1,87.3,60,87.2,1,86.9,150,,,,,,,,,,,,,,,87.4,150,87.6,4,87.8,100,,,,,,,,,,,,,,
2026-07-01T11:00:36.702517+00:00,2026-07-01T21:00:36.693517,3,3,87.35,0.1,87.3,18,87.2,1,86.9,150,,,,,,,,,,,,,,,87.4,150,87.6,4,87.8,100,,,,,,,,,,,,,,
2026-07-01T11:00:36.822555+00:00,2026-07-01T21:00:36.819556,3,3,87.35,0.1,87.3,8,87.2,1,86.9,150,,,,,,,,,,,,,,,87.4,150,87.6,4,87.8,100,,,,,,,,,,,,,,
2026-07-01T11:00:37.138959+00:00,2026-07-01T21:00:37.137958,3,3,87.35,0.1,87.3,8,87.2,1,86.9,150,,,,,,,,,,,,,,,87.4,150,87.6,3,87.8,100,,,,,,,,,,,,,,
2026-07-01T11:00:37.335503+00:00,2026-07-01T21:00:37.329503,3,3,87.35,0.1,87.3,8,87.2,1,86.9,150,,,,,,,,,,,,,,,87.4,114,87.6,3,87.8,100,,,,,,,,,,,,,,
2026-07-01T11:00:37.839271+00:00,2026-07-01T21:00:37.838271,3,3,87.35,0.1,87.3,8,87.2,1,86.9,150,,,,,,,,,,,,,,,87.4,104,87.6,3,87.8,100,,,,,,,,,,,,,,
2026-07-01T11:00:37.850270+00:00,2026-07-01T21:00:37.839271,3,3,87.35,0.1,87.3,8,87.2,1,86.9,150,,,,,,,,,,,,,,,87.4,114,87.6,3,87.8,100,,,,,,,,,,,,,,
2026-07-01T11:00:38.344108+00:00,2026-07-01T21:00:38.343402,3,3,87.35,0.1,87.3,8,87.2,1,86.9,150,,,,,,,,,,,,,,,87.4,104,87.6,3,87.8,100,,,,,,,,,,,,,,
2026-07-01T11:00:38.727406+00:00,2026-07-01T21:00:38.726405,1,3,87.15,0.5,86.9,109,,,,,,,,,,,,,,,,,,,87.4,104,87.6,3,87.8,100,,,,,,,,,,,,,,
2026-07-01T11:00:39.297474+00:00,2026-07-01T21:00:39.291475,1,3,86.95,0.5,86.7,150,,,,,,,,,,,,,,,,,,,87.2,150,87.6,3,87.8,100,,,,,,,,,,,,,,
2026-07-01T11:00:39.363487+00:00,2026-07-01T21:00:39.353494,2,3,87.0,0.4,86.8,10,86.7,150,,,,,,,,,,,,,,,,,87.2,150,87.6,3,87.8,100,,,,,,,,,,,,,,
2026-07-01T11:00:39.396674+00:00,2026-07-01T21:00:39.391674,2,2,87.0,0.4,86.8,10,86.7,150,,,,,,,,,,,,,,,,,87.2,150,87.6,3,,,,,,,,,,,,,,,,
2026-07-01T11:00:39.451674+00:00,2026-07-01T21:00:39.447673,3,2,87.1,0.2,87.0,100,86.8,10,86.7,150,,,,,,,,,,,,,,,87.2,150,87.6,3,,,,,,,,,,,,,,,,
2026-07-01T11:00:39.506388+00:00,2026-07-01T21:00:39.501387,3,3,87.1,0.2,87.0,100,86.8,10,86.7,150,,,,,,,,,,,,,,,87.2,150,87.5,100,87.6,3,,,,,,,,,,,,,,
2026-07-01T11:00:39.714564+00:00,2026-07-01T21:00:39.703928,3,3,87.1,0.2,87.0,100,86.8,10,86.7,150,,,,,,,,,,,,,,,87.2,148,87.5,100,87.6,3,,,,,,,,,,,,,,
2026-07-01T11:00:39.746380+00:00,2026-07-01T21:00:39.741379,3,2,87.1,0.2,87.0,100,86.8,10,86.7,150,,,,,,,,,,,,,,,87.2,148,87.5,100,,,,,,,,,,,,,,,,
2026-07-01T11:00:39.768379+00:00,2026-07-01T21:00:39.763381,3,2,87.1,0.2,87.0,53,86.8,10,86.7,150,,,,,,,,,,,,,,,87.2,148,87.5,100,,,,,,,,,,,,,,,,
2026-07-01T11:00:39.866858+00:00,2026-07-01T21:00:39.857858,2,2,87.1,0.2,87.0,53,86.7,150,,,,,,,,,,,,,,,,,87.2,148,87.5,100,,,,,,,,,,,,,,,,
2026-07-01T11:00:39.921858+00:00,2026-07-01T21:00:39.912858,2,3,87.1,0.2,87.0,53,86.7,150,,,,,,,,,,,,,,,,,87.2,148,87.4,5,87.5,100,,,,,,,,,,,,,,
2026-07-01T11:00:40.841181+00:00,2026-07-01T21:00:40.836181,2,3,87.1,0.2,87.0,3,86.7,150,,,,,,,,,,,,,,,,,87.2,148,87.4,5,87.5,100,,,,,,,,,,,,,,
2026-07-01T11:00:40.874456+00:00,2026-07-01T21:00:40.867438,2,3,87.1,0.2,87.0,13,86.7,150,,,,,,,,,,,,,,,,,87.2,148,87.4,5,87.5,100,,,,,,,,,,,,,,
2026-07-01T11:00:41.376376+00:00,2026-07-01T21:00:41.375377,2,3,87.1,0.2,87.0,13,86.7,150,,,,,,,,,,,,,,,,,87.2,148,87.4,5,87.5,100,,,,,,,,,,,,,,
2026-07-01T11:00:41.595337+00:00,2026-07-01T21:00:41.585815,1,3,86.95,0.5,86.7,150,,,,,,,,,,,,,,,,,,,87.2,148,87.4,5,87.5,100,,,,,,,,,,,,,,
2026-07-01T11:00:41.892334+00:00,2026-07-01T21:00:41.881334,2,3,87.0,0.4,86.8,10,86.7,150,,,,,,,,,,,,,,,,,87.2,148,87.4,5,87.5,100,,,,,,,,,,,,,,
2026-07-01T11:00:42.231822+00:00,2026-07-01T21:00:42.228822,1,2,87.1,0.6,86.8,10,,,,,,,,,,,,,,,,,,,87.4,5,87.5,100,,,,,,,,,,,,,,,,
2026-07-01T11:00:42.286821+00:00,2026-07-01T21:00:42.281821,2,2,87.1,0.6,86.8,10,86.7,150,,,,,,,,,,,,,,,,,87.4,5,87.5,100,,,,,,,,,,,,,,,,
2026-07-01T11:00:42.341821+00:00,2026-07-01T21:00:42.333821,2,3,87.0,0.4,86.8,10,86.7,150,,,,,,,,,,,,,,,,,87.2,150,87.4,5,87.5,100,,,,,,,,,,,,,,
2026-07-01T11:00:42.395839+00:00,2026-07-01T21:00:42.391839,1,3,86.95,0.5,86.7,150,,,,,,,,,,,,,,,,,,,87.2,150,87.4,5,87.5,100,,,,,,,,,,,,,,
2026-07-01T11:00:42.559826+00:00,2026-07-01T21:00:42.554827,1,2,86.95,0.5,86.7,150,,,,,,,,,,,,,,,,,,,87.2,150,87.4,5,,,,,,,,,,,,,,,,
2026-07-01T11:00:42.614824+00:00,2026-07-01T21:00:42.607349,2,2,86.95,0.5,86.7,150,86.6,100,,,,,,,,,,,,,,,,,87.2,150,87.4,5,,,,,,,,,,,,,,,,
2026-07-01T11:00:42.669823+00:00,2026-07-01T21:00:42.666823,2,3,86.9,0.4,86.7,150,86.6,100,,,,,,,,,,,,,,,,,87.1,100,87.2,150,87.4,5,,,,,,,,,,,,,,
2026-07-01T11:00:42.691822+00:00,2026-07-01T21:00:42.687823,2,3,86.9,0.4,86.7,150,86.6,100,,,,,,,,,,,,,,,,,87.1,57,87.2,150,87.4,5,,,,,,,,,,,,,,
2026-07-01T11:00:42.954823+00:00,2026-07-01T21:00:42.950306,2,3,86.9,0.4,86.7,100,86.6,100,,,,,,,,,,,,,,,,,87.1,57,87.2,150,87.4,5,,,,,,,,,,,,,,
2026-07-01T11:00:43.140150+00:00,2026-07-01T21:00:43.132149,3,3,87.05,0.1,87.0,1,86.7,100,86.6,100,,,,,,,,,,,,,,,87.1,57,87.2,150,87.4,5,,,,,,,,,,,,,,
2026-07-01T11:00:43.412907+00:00,2026-07-01T21:00:43.406907,3,3,87.05,0.1,87.0,11,86.7,100,86.6,100,,,,,,,,,,,,,,,87.1,57,87.2,150,87.4,5,,,,,,,,,,,,,,
2026-07-01T11:00:43.466509+00:00,2026-07-01T21:00:43.459508,3,2,87.1,0.2,87.0,11,86.7,100,86.6,100,,,,,,,,,,,,,,,87.2,150,87.4,5,,,,,,,,,,,,,,,,
2026-07-01T11:00:43.675743+00:00,2026-07-01T21:00:43.671743,3,2,87.1,0.2,87.0,11,86.7,100,86.6,100,,,,,,,,,,,,,,,87.2,125,87.4,5,,,,,,,,,,,,,,,,
2026-07-01T11:00:43.916826+00:00,2026-07-01T21:00:43.914826,3,2,87.1,0.2,87.0,11,86.7,100,86.6,100,,,,,,,,,,,,,,,87.2,125,87.4,5,,,,,,,,,,,,,,,,
2026-07-01T11:00:44.428827+00:00,2026-07-01T21:00:44.422827,3,2,87.1,0.2,87.0,11,86.7,100,86.6,100,,,,,,,,,,,,,,,87.2,125,87.4,5,,,,,,,,,,,,,,,,
2026-07-01T11:00:44.933345+00:00,2026-07-01T21:00:44.931344,3,2,87.1,0.2,87.0,11,86.7,100,86.6,100,,,,,,,,,,,,,,,87.2,125,87.4,5,,,,,,,,,,,,,,,,
2026-07-01T11:00:45.075829+00:00,2026-07-01T21:00:45.073829,2,2,86.95,0.5,86.7,100,86.6,100,,,,,,,,,,,,,,,,,87.2,125,87.4,5,,,,,,,,,,,,,,,,
2026-07-01T11:00:45.393191+00:00,2026-07-01T21:00:45.390191,1,1,87.0,0.8,86.6,100,,,,,,,,,,,,,,,,,,,87.4,5,,,,,,,,,,,,,,,,,,
2026-07-01T11:00:45.447832+00:00,2026-07-01T21:00:45.442831,2,1,87.05,0.7,86.7,150,86.6,100,,,,,,,,,,,,,,,,,87.4,5,,,,,,,,,,,,,,,,,,
2026-07-01T11:00:45.502369+00:00,2026-07-01T21:00:45.496368,2,2,86.95,0.5,86.7,150,86.6,100,,,,,,,,,,,,,,,,,87.2,150,87.4,5,,,,,,,,,,,,,,,,
2026-07-01T11:00:45.699831+00:00,2026-07-01T21:00:45.696831,3,2,87.1,0.2,87.0,1,86.7,150,86.6,100,,,,,,,,,,,,,,,87.2,150,87.4,5,,,,,,,,,,,,,,,,
2026-07-01T11:00:45.732831+00:00,2026-07-01T21:00:45.721831,2,2,87.1,0.2,87.0,1,86.7,150,,,,,,,,,,,,,,,,,87.2,150,87.4,5,,,,,,,,,,,,,,,,
2026-07-01T11:00:45.776347+00:00,2026-07-01T21:00:45.775346,2,2,87.1,0.2,87.0,101,86.7,150,,,,,,,,,,,,,,,,,87.2,150,87.4,5,,,,,,,,,,,,,,,,
2026-07-01T11:00:45.831347+00:00,2026-07-01T21:00:45.829348,2,3,87.1,0.2,87.0,101,86.7,150,,,,,,,,,,,,,,,,,87.2,150,87.4,5,87.5,100,,,,,,,,,,,,,,
2026-07-01T11:00:45.952347+00:00,2026-07-01T21:00:45.944346,2,3,87.1,0.2,87.0,111,86.7,150,,,,,,,,,,,,,,,,,87.2,150,87.4,5,87.5,100,,,,,,,,,,,,,,
2026-07-01T11:00:46.158164+00:00,2026-07-01T21:00:46.153162,2,3,87.1,0.2,87.0,110,86.7,150,,,,,,,,,,,,,,,,,87.2,150,87.4,5,87.5,100,,,,,,,,,,,,,,
2026-07-01T11:00:46.453235+00:00,2026-07-01T21:00:46.450233,2,3,87.1,0.2,87.0,100,86.7,150,,,,,,,,,,,,,,,,,87.2,150,87.4,5,87.5,100,,,,,,,,,,,,,,
2026-07-01T11:00:47.142516+00:00,2026-07-01T21:00:47.131515,2,3,87.1,0.2,87.0,100,86.7,150,,,,,,,,,,,,,,,,,87.2,100,87.4,5,87.5,100,,,,,,,,,,,,,,
2026-07-01T11:00:47.393740+00:00,2026-07-01T21:00:47.384198,2,3,87.1,0.2,87.0,56,86.7,150,,,,,,,,,,,,,,,,,87.2,100,87.4,5,87.5,100,,,,,,,,,,,,,,
2026-07-01T11:00:48.017837+00:00,2026-07-01T21:00:48.016837,2,3,87.1,0.2,87.0,56,86.7,150,,,,,,,,,,,,,,,,,87.2,56,87.4,5,87.5,100,,,,,,,,,,,,,,
2026-07-01T11:00:48.554839+00:00,2026-07-01T21:00:48.551398,1,2,87.2,0.4,87.0,56,,,,,,,,,,,,,,,,,,,87.4,5,87.5,100,,,,,,,,,,,,,,,,
2026-07-01T11:00:48.609838+00:00,2026-07-01T21:00:48.605838,2,2,87.2,0.4,87.0,56,86.9,150,,,,,,,,,,,,,,,,,87.4,5,87.5,100,,,,,,,,,,,,,,,,
2026-07-01T11:00:48.664840+00:00,2026-07-01T21:00:48.658353,2,2,87.2,0.4,87.0,56,86.9,150,,,,,,,,,,,,,,,,,87.4,155,87.5,100,,,,,,,,,,,,,,,,
2026-07-01T11:00:48.894840+00:00,2026-07-01T21:00:48.884357,1,1,87.15,0.5,86.9,150,,,,,,,,,,,,,,,,,,,87.4,155,,,,,,,,,,,,,,,,,,
2026-07-01T11:00:48.938839+00:00,2026-07-01T21:00:48.936839,2,1,87.15,0.5,86.9,150,86.7,100,,,,,,,,,,,,,,,,,87.4,155,,,,,,,,,,,,,,,,,,
2026-07-01T11:00:48.993356+00:00,2026-07-01T21:00:48.991355,2,2,87.05,0.3,86.9,150,86.7,100,,,,,,,,,,,,,,,,,87.2,100,87.4,155,,,,,,,,,,,,,,,,
2026-07-01T11:00:49.146839+00:00,2026-07-01T21:00:49.135840,2,2,87.05,0.3,86.9,102,86.7,100,,,,,,,,,,,,,,,,,87.2,100,87.4,155,,,,,,,,,,,,,,,,
2026-07-01T11:00:49.628051+00:00,2026-07-01T21:00:49.618052,2,2,87.05,0.3,86.9,102,86.7,100,,,,,,,,,,,,,,,,,87.2,57,87.4,155,,,,,,,,,,,,,,,,
2026-07-01T11:00:51.381846+00:00,2026-07-01T21:00:51.371846,2,2,87.05,0.3,86.9,102,86.7,100,,,,,,,,,,,,,,,,,87.2,7,87.4,155,,,,,,,,,,,,,,,,
2026-07-01T11:00:51.491847+00:00,2026-07-01T21:00:51.485845,3,2,87.1,0.2,87.0,1,86.9,102,86.7,100,,,,,,,,,,,,,,,87.2,7,87.4,155,,,,,,,,,,,,,,,,
2026-07-01T11:00:51.694847+00:00,2026-07-01T21:00:51.689374,3,1,87.2,0.4,87.0,1,86.9,102,86.7,100,,,,,,,,,,,,,,,87.4,155,,,,,,,,,,,,,,,,,,
2026-07-01T11:00:51.738846+00:00,2026-07-01T21:00:51.728848,2,1,87.2,0.4,87.0,1,86.7,100,,,,,,,,,,,,,,,,,87.4,5,,,,,,,,,,,,,,,,,,
2026-07-01T11:00:51.804508+00:00,2026-07-01T21:00:51.794507,3,1,87.2,0.4,87.0,1,86.7,100,86.6,150,,,,,,,,,,,,,,,87.4,5,,,,,,,,,,,,,,,,,,
2026-07-01T11:00:51.847540+00:00,2026-07-01T21:00:51.844540,3,1,87.05,0.1,87.0,1,86.7,100,86.6,150,,,,,,,,,,,,,,,87.1,150,,,,,,,,,,,,,,,,,,
2026-07-01T11:00:51.990493+00:00,2026-07-01T21:00:51.983493,3,1,87.05,0.1,87.0,1,86.7,100,86.6,150,,,,,,,,,,,,,,,87.1,160,,,,,,,,,,,,,,,,,,
2026-07-01T11:00:52.045123+00:00,2026-07-01T21:00:52.044604,2,1,87.05,0.1,87.0,1,86.6,150,,,,,,,,,,,,,,,,,87.1,160,,,,,,,,,,,,,,,,,,
2026-07-01T11:00:52.100120+00:00,2026-07-01T21:00:52.098120,3,1,87.05,0.1,87.0,1,86.9,100,86.6,150,,,,,,,,,,,,,,,87.1,160,,,,,,,,,,,,,,,,,,
2026-07-01T11:00:52.154637+00:00,2026-07-01T21:00:52.149636,3,2,87.05,0.1,87.0,1,86.9,100,86.6,150,,,,,,,,,,,,,,,87.1,160,87.4,100,,,,,,,,,,,,,,,,
2026-07-01T11:00:52.492158+00:00,2026-07-01T21:00:52.491158,3,2,87.05,0.1,87.0,11,86.9,100,86.6,150,,,,,,,,,,,,,,,87.1,150,87.4,100,,,,,,,,,,,,,,,,
2026-07-01T11:00:52.710916+00:00,2026-07-01T21:00:52.707916,3,2,87.05,0.1,87.0,11,86.9,100,86.6,150,,,,,,,,,,,,,,,87.1,7,87.4,100,,,,,,,,,,,,,,,,
2026-07-01T11:00:53.005018+00:00,2026-07-01T21:00:52.999500,3,2,87.05,0.1,87.0,11,86.9,100,86.6,150,,,,,,,,,,,,,,,87.1,7,87.4,100,,,,,,,,,,,,,,,,
2026-07-01T11:00:53.070533+00:00,2026-07-01T21:00:53.069532,3,2,87.05,0.1,87.0,10,86.9,100,86.6,150,,,,,,,,,,,,,,,87.1,7,87.4,100,,,,,,,,,,,,,,,,
2026-07-01T11:00:53.201423+00:00,2026-07-01T21:00:53.193422,2,2,87.0,0.2,86.9,64,86.6,150,,,,,,,,,,,,,,,,,87.1,7,87.4,100,,,,,,,,,,,,,,,,
2026-07-01T11:00:53.486851+00:00,2026-07-01T21:00:53.478851,2,1,87.15,0.5,86.9,64,86.6,150,,,,,,,,,,,,,,,,,87.4,57,,,,,,,,,,,,,,,,,,
2026-07-01T11:00:54.296720+00:00,2026-07-01T21:00:54.287720,2,1,87.15,0.5,86.9,64,86.6,150,,,,,,,,,,,,,,,,,87.4,17,,,,,,,,,,,,,,,,,,
2026-07-01T11:00:54.889854+00:00,2026-07-01T21:00:54.885855,2,1,87.15,0.5,86.9,19,86.6,150,,,,,,,,,,,,,,,,,87.4,17,,,,,,,,,,,,,,,,,,
2026-07-01T11:00:54.900854+00:00,2026-07-01T21:00:54.892854,1,1,87.15,0.5,86.9,19,,,,,,,,,,,,,,,,,,,87.4,17,,,,,,,,,,,,,,,,,,
2026-07-01T11:00:54.954856+00:00,2026-07-01T21:00:54.947094,2,0,,,87.4,133,86.9,19,,,,,,,,,,,,,,,,,,,,,,,,,,,,,,,,,,,,
2026-07-01T11:00:55.009854+00:00,2026-07-01T21:00:54.999855,2,1,87.65,0.5,87.4,133,86.9,19,,,,,,,,,,,,,,,,,87.9,150,,,,,,,,,,,,,,,,,,
2026-07-01T11:00:55.031874+00:00,2026-07-01T21:00:55.022855,2,2,87.6,0.4,87.4,133,86.9,19,,,,,,,,,,,,,,,,,87.8,10,87.9,150,,,,,,,,,,,,,,,,
2026-07-01T11:00:55.206387+00:00,2026-07-01T21:00:55.205856,1,2,87.6,0.4,87.4,126,,,,,,,,,,,,,,,,,,,87.8,10,87.9,150,,,,,,,,,,,,,,,,
2026-07-01T11:00:55.261386+00:00,2026-07-01T21:00:55.259386,2,2,87.6,0.4,87.4,120,87.1,100,,,,,,,,,,,,,,,,,87.8,10,87.9,150,,,,,,,,,,,,,,,,
2026-07-01T11:00:55.315814+00:00,2026-07-01T21:00:55.312814,2,3,87.5,0.2,87.4,120,87.1,100,,,,,,,,,,,,,,,,,87.6,100,87.8,10,87.9,150,,,,,,,,,,,,,,
2026-07-01T11:00:55.535352+00:00,2026-07-01T21:00:55.531352,2,2,87.5,0.2,87.4,120,87.1,100,,,,,,,,,,,,,,,,,87.6,110,87.9,150,,,,,,,,,,,,,,,,
2026-07-01T11:00:55.667368+00:00,2026-07-01T21:00:55.665367,2,2,87.5,0.2,87.4,70,87.1,100,,,,,,,,,,,,,,,,,87.6,110,87.9,150,,,,,,,,,,,,,,,,
2026-07-01T11:00:56.041738+00:00,2026-07-01T21:00:56.038739,2,2,87.5,0.2,87.4,70,87.1,100,,,,,,,,,,,,,,,,,87.6,110,87.9,150,,,,,,,,,,,,,,,,
2026-07-01T11:00:56.583413+00:00,2026-07-01T21:00:56.577411,2,2,87.5,0.2,87.4,70,87.1,100,,,,,,,,,,,,,,,,,87.6,110,87.9,150,,,,,,,,,,,,,,,,
2026-07-01T11:00:57.085409+00:00,2026-07-01T21:00:57.081893,2,2,87.5,0.2,87.4,70,87.1,100,,,,,,,,,,,,,,,,,87.6,100,87.9,150,,,,,,,,,,,,,,,,
2026-07-01T11:00:57.096409+00:00,2026-07-01T21:00:57.085409,2,2,87.5,0.2,87.4,70,87.1,100,,,,,,,,,,,,,,,,,87.6,110,87.9,150,,,,,,,,,,,,,,,,
2026-07-01T11:00:57.304928+00:00,2026-07-01T21:00:57.301449,2,2,87.5,0.2,87.4,64,87.1,100,,,,,,,,,,,,,,,,,87.6,110,87.9,150,,,,,,,,,,,,,,,,
2026-07-01T11:00:57.590877+00:00,2026-07-01T21:00:57.589877,2,2,87.5,0.2,87.4,64,87.1,100,,,,,,,,,,,,,,,,,87.6,100,87.9,150,,,,,,,,,,,,,,,,
2026-07-01T11:00:57.601876+00:00,2026-07-01T21:00:57.593877,2,2,87.5,0.2,87.4,64,87.1,100,,,,,,,,,,,,,,,,,87.6,110,87.9,150,,,,,,,,,,,,,,,,
2026-07-01T11:00:57.787569+00:00,2026-07-01T21:00:57.780568,2,2,87.5,0.2,87.4,14,87.1,100,,,,,,,,,,,,,,,,,87.6,110,87.9,150,,,,,,,,,,,,,,,,
2026-07-01T11:00:57.897102+00:00,2026-07-01T21:00:57.890102,2,2,87.5,0.2,87.4,8,87.1,100,,,,,,,,,,,,,,,,,87.6,110,87.9,150,,,,,,,,,,,,,,,,
2026-07-01T11:00:58.061692+00:00,2026-07-01T21:00:58.056692,1,1,87.35,0.5,87.1,100,,,,,,,,,,,,,,,,,,,87.6,110,,,,,,,,,,,,,,,,,,
2026-07-01T11:00:58.104319+00:00,2026-07-01T21:00:58.101578,1,1,87.35,0.5,87.1,100,,,,,,,,,,,,,,,,,,,87.6,100,,,,,,,,,,,,,,,,,,
2026-07-01T11:00:58.114860+00:00,2026-07-01T21:00:58.108333,1,1,87.35,0.5,87.1,250,,,,,,,,,,,,,,,,,,,87.6,100,,,,,,,,,,,,,,,,,,
2026-07-01T11:00:58.168895+00:00,2026-07-01T21:00:58.160895,1,1,87.35,0.5,87.1,250,,,,,,,,,,,,,,,,,,,87.6,250,,,,,,,,,,,,,,,,,,
2026-07-01T11:00:58.395459+00:00,2026-07-01T21:00:58.393944,1,1,87.35,0.5,87.1,250,,,,,,,,,,,,,,,,,,,87.6,150,,,,,,,,,,,,,,,,,,
2026-07-01T11:00:58.406459+00:00,2026-07-01T21:00:58.395459,1,1,87.35,0.5,87.1,150,,,,,,,,,,,,,,,,,,,87.6,150,,,,,,,,,,,,,,,,,,
2026-07-01T11:00:58.461459+00:00,2026-07-01T21:00:58.452460,2,1,87.45,0.3,87.3,100,87.1,150,,,,,,,,,,,,,,,,,87.6,150,,,,,,,,,,,,,,,,,,
2026-07-01T11:00:58.516363+00:00,2026-07-01T21:00:58.507364,2,2,87.45,0.3,87.3,100,87.1,150,,,,,,,,,,,,,,,,,87.6,150,87.8,100,,,,,,,,,,,,,,,,
2026-07-01T11:00:58.614937+00:00,2026-07-01T21:00:58.607874,2,2,87.45,0.3,87.3,100,87.1,150,,,,,,,,,,,,,,,,,87.6,160,87.8,100,,,,,,,,,,,,,,,,
2026-07-01T11:00:59.206918+00:00,2026-07-01T21:00:59.195917,2,2,87.45,0.3,87.3,100,87.1,150,,,,,,,,,,,,,,,,,87.6,160,87.8,100,,,,,,,,,,,,,,,,
2026-07-01T11:00:59.336843+00:00,2026-07-01T21:00:59.326843,2,3,87.35,0.1,87.3,100,87.1,150,,,,,,,,,,,,,,,,,87.4,5,87.6,160,87.8,100,,,,,,,,,,,,,,
2026-07-01T11:00:59.600906+00:00,2026-07-01T21:00:59.589905,2,2,87.45,0.3,87.3,100,87.1,150,,,,,,,,,,,,,,,,,87.6,120,87.8,100,,,,,,,,,,,,,,,,
2026-07-01T11:00:59.633585+00:00,2026-07-01T21:00:59.627586,2,2,87.45,0.3,87.3,100,87.1,150,,,,,,,,,,,,,,,,,87.6,120,87.8,100,,,,,,,,,,,,,,,,
2026-07-01T11:00:59.885167+00:00,2026-07-01T21:00:59.884648,2,2,87.45,0.3,87.3,50,87.1,150,,,,,,,,,,,,,,,,,87.6,120,87.8,100,,,,,,,,,,,,,,,,
2026-07-01T11:01:00.136491+00:00,2026-07-01T21:01:00.135490,2,2,87.45,0.3,87.3,50,87.1,150,,,,,,,,,,,,,,,,,87.6,120,87.8,100,,,,,,,,,,,,,,,,
2026-07-01T11:01:00.642431+00:00,2026-07-01T21:01:00.639430,2,2,87.45,0.3,87.3,50,87.1,150,,,,,,,,,,,,,,,,,87.6,110,87.8,100,,,,,,,,,,,,,,,,
2026-07-01T11:01:01.146908+00:00,2026-07-01T21:01:01.145908,2,2,87.45,0.3,87.3,50,87.1,150,,,,,,,,,,,,,,,,,87.6,120,87.8,100,,,,,,,,,,,,,,,,
2026-07-01T11:01:01.223422+00:00,2026-07-01T21:01:01.216422,1,2,87.45,0.3,87.3,50,,,,,,,,,,,,,,,,,,,87.6,10,87.8,100,,,,,,,,,,,,,,,,
2026-07-01T11:01:01.278872+00:00,2026-07-01T21:01:01.267871,2,2,87.45,0.3,87.3,50,87.2,150,,,,,,,,,,,,,,,,,87.6,10,87.8,100,,,,,,,,,,,,,,,,
2026-07-01T11:01:01.322438+00:00,2026-07-01T21:01:01.320438,2,3,87.45,0.3,87.3,50,87.2,150,,,,,,,,,,,,,,,,,87.6,10,87.7,150,87.8,100,,,,,,,,,,,,,,
2026-07-01T11:01:01.564876+00:00,2026-07-01T21:01:01.561407,1,2,87.4,0.4,87.2,150,,,,,,,,,,,,,,,,,,,87.6,10,87.7,150,,,,,,,,,,,,,,,,
2026-07-01T11:01:01.619874+00:00,2026-07-01T21:01:01.614873,2,2,87.4,0.4,87.2,150,87.0,100,,,,,,,,,,,,,,,,,87.6,10,87.7,150,,,,,,,,,,,,,,,,
2026-07-01T11:01:01.652873+00:00,2026-07-01T21:01:01.649873,2,1,87.45,0.5,87.2,150,87.0,100,,,,,,,,,,,,,,,,,87.7,150,,,,,,,,,,,,,,,,,,
2026-07-01T11:01:01.663886+00:00,2026-07-01T21:01:01.661886,2,2,87.4,0.4,87.2,150,87.0,100,,,,,,,,,,,,,,,,,87.6,10,87.7,150,,,,,,,,,,,,,,,,
2026-07-01T11:01:01.674796+00:00,2026-07-01T21:01:01.666886,2,3,87.35,0.3,87.2,150,87.0,100,,,,,,,,,,,,,,,,,87.5,100,87.6,10,87.7,150,,,,,,,,,,,,,,
2026-07-01T11:01:01.993245+00:00,2026-07-01T21:01:01.992245,2,3,87.35,0.3,87.2,100,87.0,100,,,,,,,,,,,,,,,,,87.5,100,87.6,10,87.7,150,,,,,,,,,,,,,,
2026-07-01T11:01:02.168877+00:00,2026-07-01T21:01:02.166877,2,2,87.35,0.3,87.2,100,87.0,100,,,,,,,,,,,,,,,,,87.5,110,87.7,150,,,,,,,,,,,,,,,,
2026-07-01T11:01:02.234880+00:00,2026-07-01T21:01:02.224462,2,3,87.3,0.2,87.2,100,87.0,100,,,,,,,,,,,,,,,,,87.4,5,87.5,110,87.7,150,,,,,,,,,,,,,,
2026-07-01T11:01:02.674876+00:00,2026-07-01T21:01:02.671890,2,3,87.3,0.2,87.2,100,87.0,100,,,,,,,,,,,,,,,,,87.4,5,87.5,100,87.7,150,,,,,,,,,,,,,,
2026-07-01T11:01:02.685876+00:00,2026-07-01T21:01:02.674876,2,3,87.3,0.2,87.2,100,87.0,100,,,,,,,,,,,,,,,,,87.4,15,87.5,100,87.7,150,,,,,,,,,,,,,,
2026-07-01T11:01:03.184896+00:00,2026-07-01T21:01:03.178888,2,3,87.3,0.2,87.2,100,87.0,100,,,,,,,,,,,,,,,,,87.4,5,87.5,100,87.7,150,,,,,,,,,,,,,,
2026-07-01T11:01:03.195877+00:00,2026-07-01T21:01:03.184896,2,3,87.3,0.2,87.2,100,87.0,100,,,,,,,,,,,,,,,,,87.4,15,87.5,100,87.7,150,,,,,,,,,,,,,,
2026-07-01T11:01:03.250877+00:00,2026-07-01T21:01:03.244878,2,3,87.3,0.2,87.2,100,87.0,100,,,,,,,,,,,,,,,,,87.4,12,87.5,100,87.7,150,,,,,,,,,,,,,,
2026-07-01T11:01:03.689808+00:00,2026-07-01T21:01:03.688808,2,3,87.3,0.2,87.2,100,87.0,100,,,,,,,,,,,,,,,,,87.4,2,87.5,100,87.7,150,,,,,,,,,,,,,,
2026-07-01T11:01:03.700808+00:00,2026-07-01T21:01:03.691809,2,3,87.3,0.2,87.2,100,87.0,100,,,,,,,,,,,,,,,,,87.4,12,87.5,100,87.7,150,,,,,,,,,,,,,,
2026-07-01T11:01:04.105315+00:00,2026-07-01T21:01:04.098799,2,3,87.3,0.2,87.2,50,87.0,100,,,,,,,,,,,,,,,,,87.4,12,87.5,100,87.7,150,,,,,,,,,,,,,,
2026-07-01T11:01:04.204314+00:00,2026-07-01T21:01:04.200314,2,3,87.3,0.2,87.2,50,87.0,100,,,,,,,,,,,,,,,,,87.4,12,87.5,100,87.7,150,,,,,,,,,,,,,,
2026-07-01T11:01:04.345889+00:00,2026-07-01T21:01:04.338889,2,3,87.3,0.2,87.2,2,87.0,100,,,,,,,,,,,,,,,,,87.4,12,87.5,100,87.7,150,,,,,,,,,,,,,,
2026-07-01T11:01:04.378887+00:00,2026-07-01T21:01:04.374889,1,2,87.2,0.4,87.0,100,,,,,,,,,,,,,,,,,,,87.4,12,87.5,100,,,,,,,,,,,,,,,,
2026-07-01T11:01:04.455225+00:00,2026-07-01T21:01:04.448225,2,2,87.2,0.4,87.0,100,86.4,150,,,,,,,,,,,,,,,,,87.4,12,87.5,100,,,,,,,,,,,,,,,,
2026-07-01T11:01:04.510224+00:00,2026-07-01T21:01:04.499226,1,3,86.65,0.5,86.4,150,,,,,,,,,,,,,,,,,,,86.9,50,87.4,12,87.5,100,,,,,,,,,,,,,,
2026-07-01T11:01:04.708692+00:00,2026-07-01T21:01:04.707693,2,3,86.7,0.4,86.5,10,86.4,150,,,,,,,,,,,,,,,,,86.9,50,87.4,2,87.5,100,,,,,,,,,,,,,,
2026-07-01T11:01:04.730692+00:00,2026-07-01T21:01:04.722693,2,2,86.7,0.4,86.5,10,86.4,150,,,,,,,,,,,,,,,,,86.9,50,87.4,2,,,,,,,,,,,,,,,,
2026-07-01T11:01:04.785226+00:00,2026-07-01T21:01:04.777226,3,2,86.8,0.2,86.7,100,86.5,10,86.4,150,,,,,,,,,,,,,,,86.9,50,87.4,2,,,,,,,,,,,,,,,,
2026-07-01T11:01:04.839743+00:00,2026-07-01T21:01:04.829743,3,3,86.8,0.2,86.7,100,86.5,10,86.4,150,,,,,,,,,,,,,,,86.9,50,87.2,100,87.4,2,,,,,,,,,,,,,,
2026-07-01T11:01:04.904904+00:00,2026-07-01T21:01:04.895386,3,3,86.8,0.2,86.7,100,86.5,10,86.4,150,,,,,,,,,,,,,,,86.9,7,87.2,100,87.4,2,,,,,,,,,,,,,,
2026-07-01T11:01:05.156758+00:00,2026-07-01T21:01:05.154758,3,3,86.8,0.2,86.7,100,86.5,10,86.4,150,,,,,,,,,,,,,,,86.9,3,87.2,100,87.4,2,,,,,,,,,,,,,,
2026-07-01T11:01:05.222771+00:00,2026-07-01T21:01:05.216769,2,3,86.8,0.2,86.7,110,86.4,150,,,,,,,,,,,,,,,,,86.9,3,87.2,100,87.4,2,,,,,,,,,,,,,,
2026-07-01T11:01:05.287841+00:00,2026-07-01T21:01:05.279841,2,3,86.8,0.2,86.7,110,86.4,150,,,,,,,,,,,,,,,,,86.9,1,87.2,100,87.4,2,,,,,,,,,,,,,,
2026-07-01T11:01:05.375883+00:00,2026-07-01T21:01:05.372883,3,2,87.15,0.1,87.1,1,86.7,110,86.4,150,,,,,,,,,,,,,,,87.2,100,87.4,2,,,,,,,,,,,,,,,,
2026-07-01T11:01:05.725435+00:00,2026-07-01T21:01:05.721918,3,2,87.15,0.1,87.1,1,86.7,100,86.4,150,,,,,,,,,,,,,,,87.2,100,87.4,2,,,,,,,,,,,,,,,,
2026-07-01T11:01:05.736435+00:00,2026-07-01T21:01:05.725435,3,2,87.15,0.1,87.1,11,86.7,100,86.4,150,,,,,,,,,,,,,,,87.2,100,87.4,2,,,,,,,,,,,,,,,,
2026-07-01T11:01:06.216617+00:00,2026-07-01T21:01:06.215616,2,2,86.95,0.5,86.7,61,86.4,150,,,,,,,,,,,,,,,,,87.2,100,87.4,2,,,,,,,,,,,,,,,,
2026-07-01T11:01:06.238135+00:00,2026-07-01T21:01:06.233616,3,2,87.0,0.4,86.8,10,86.7,61,86.4,150,,,,,,,,,,,,,,,87.2,100,87.4,2,,,,,,,,,,,,,,,,
2026-07-01T11:01:06.564837+00:00,2026-07-01T21:01:06.555321,2,2,86.95,0.5,86.7,29,86.4,150,,,,,,,,,,,,,,,,,87.2,100,87.4,2,,,,,,,,,,,,,,,,
2026-07-01T11:01:07.559958+00:00,2026-07-01T21:01:07.552958,1,2,86.95,0.5,86.7,29,,,,,,,,,,,,,,,,,,,87.2,100,87.4,2,,,,,,,,,,,,,,,,
2026-07-01T11:01:07.614624+00:00,2026-07-01T21:01:07.605625,2,2,87.05,0.3,86.9,150,86.7,29,,,,,,,,,,,,,,,,,87.2,100,87.4,2,,,,,,,,,,,,,,,,
2026-07-01T11:01:07.669141+00:00,2026-07-01T21:01:07.658140,2,2,87.05,0.3,86.9,150,86.7,29,,,,,,,,,,,,,,,,,87.2,100,87.4,152,,,,,,,,,,,,,,,,
2026-07-01T11:01:07.756656+00:00,2026-07-01T21:01:07.756656,2,2,87.05,0.3,86.9,150,86.7,29,,,,,,,,,,,,,,,,,87.2,110,87.4,152,,,,,,,,,,,,,,,,
2026-07-01T11:01:07.887464+00:00,2026-07-01T21:01:07.885463,1,2,87.05,0.3,86.9,150,,,,,,,,,,,,,,,,,,,87.2,10,87.4,152,,,,,,,,,,,,,,,,
2026-07-01T11:01:07.942464+00:00,2026-07-01T21:01:07.938463,2,2,87.05,0.3,86.9,150,86.4,100,,,,,,,,,,,,,,,,,87.2,10,87.4,152,,,,,,,,,,,,,,,,
2026-07-01T11:01:07.995953+00:00,2026-07-01T21:01:07.993955,2,2,87.05,0.3,86.9,50,86.4,100,,,,,,,,,,,,,,,,,87.2,10,87.4,152,,,,,,,,,,,,,,,,
2026-07-01T11:01:08.213544+00:00,2026-07-01T21:01:08.203550,2,1,87.15,0.5,86.9,50,86.4,100,,,,,,,,,,,,,,,,,87.4,120,,,,,,,,,,,,,,,,,,
2026-07-01T11:01:08.269573+00:00,2026-07-01T21:01:08.264573,2,2,87.1,0.4,86.9,50,86.4,100,,,,,,,,,,,,,,,,,87.3,10,87.4,120,,,,,,,,,,,,,,,,
2026-07-01T11:01:08.324757+00:00,2026-07-01T21:01:08.318586,1,2,86.85,0.9,86.4,100,,,,,,,,,,,,,,,,,,,87.3,10,87.4,120,,,,,,,,,,,,,,,,
2026-07-01T11:01:08.434373+00:00,2026-07-01T21:01:08.429373,1,2,86.85,0.9,86.4,100,,,,,,,,,,,,,,,,,,,87.3,15,87.4,120,,,,,,,,,,,,,,,,
2026-07-01T11:01:08.784951+00:00,2026-07-01T21:01:08.773458,1,2,86.85,0.9,86.4,100,,,,,,,,,,,,,,,,,,,87.3,5,87.4,120,,,,,,,,,,,,,,,,
2026-07-01T11:01:09.037895+00:00,2026-07-01T21:01:09.036896,2,2,87.15,0.3,87.0,1,86.4,100,,,,,,,,,,,,,,,,,87.3,5,87.4,120,,,,,,,,,,,,,,,,
2026-07-01T11:01:09.300892+00:00,2026-07-01T21:01:09.289752,2,3,87.1,0.2,87.0,1,86.4,100,,,,,,,,,,,,,,,,,87.2,10,87.3,5,87.4,120,,,,,,,,,,,,,,
2026-07-01T11:01:09.365736+00:00,2026-07-01T21:01:09.364736,2,1,87.2,0.4,87.0,1,86.4,100,,,,,,,,,,,,,,,,,87.4,120,,,,,,,,,,,,,,,,,,
2026-07-01T11:01:09.387735+00:00,2026-07-01T21:01:09.382735,2,2,87.15,0.3,87.0,1,86.4,100,,,,,,,,,,,,,,,,,87.3,5,87.4,120,,,,,,,,,,,,,,,,
2026-07-01T11:01:09.979312+00:00,2026-07-01T21:01:09.968313,1,2,86.85,0.9,86.4,100,,,,,,,,,,,,,,,,,,,87.3,5,87.4,120,,,,,,,,,,,,,,,,
2026-07-01T11:01:10.012313+00:00,2026-07-01T21:01:10.001313,2,2,87.15,0.3,87.0,1,86.4,100,,,,,,,,,,,,,,,,,87.3,5,87.4,120,,,,,,,,,,,,,,,,
2026-07-01T11:01:10.286896+00:00,2026-07-01T21:01:10.284896,2,2,87.15,0.3,87.0,1,86.4,100,,,,,,,,,,,,,,,,,87.3,4,87.4,120,,,,,,,,,,,,,,,,
2026-07-01T11:01:10.341896+00:00,2026-07-01T21:01:10.335895,2,2,87.15,0.3,87.0,1,86.4,100,,,,,,,,,,,,,,,,,87.3,3,87.4,120,,,,,,,,,,,,,,,,
2026-07-01T11:01:10.384897+00:00,2026-07-01T21:01:10.377455,2,1,87.2,0.4,87.0,1,86.4,100,,,,,,,,,,,,,,,,,87.4,73,,,,,,,,,,,,,,,,,,
2026-07-01T11:01:10.724117+00:00,2026-07-01T21:01:10.719278,2,0,,,87.0,1,86.4,100,,,,,,,,,,,,,,,,,,,,,,,,,,,,,,,,,,,,
2026-07-01T11:01:10.778898+00:00,2026-07-01T21:01:10.767898,3,0,,,87.0,1,86.8,150,86.4,100,,,,,,,,,,,,,,,,,,,,,,,,,,,,,,,,,,
2026-07-01T11:01:10.822899+00:00,2026-07-01T21:01:10.821898,3,1,87.15,0.3,87.0,1,86.8,150,86.4,100,,,,,,,,,,,,,,,87.3,150,,,,,,,,,,,,,,,,,,
2026-07-01T11:01:11.053413+00:00,2026-07-01T21:01:11.051413,2,1,87.15,0.3,87.0,1,86.8,150,,,,,,,,,,,,,,,,,87.3,150,,,,,,,,,,,,,,,,,,
2026-07-01T11:01:11.108897+00:00,2026-07-01T21:01:11.104897,2,1,87.15,0.3,87.0,1,86.8,250,,,,,,,,,,,,,,,,,87.3,103,,,,,,,,,,,,,,,,,,
2026-07-01T11:01:11.163424+00:00,2026-07-01T21:01:11.156425,2,1,87.15,0.3,87.0,1,86.8,250,,,,,,,,,,,,,,,,,87.3,203,,,,,,,,,,,,,,,,,,
2026-07-01T11:01:11.842911+00:00,2026-07-01T21:01:11.841910,2,1,87.15,0.3,87.0,1,86.8,250,,,,,,,,,,,,,,,,,87.3,205,,,,,,,,,,,,,,,,,,
2026-07-01T11:01:12.336901+00:00,2026-07-01T21:01:12.332900,1,1,87.05,0.5,86.8,209,,,,,,,,,,,,,,,,,,,87.3,205,,,,,,,,,,,,,,,,,,
2026-07-01T11:01:12.380900+00:00,2026-07-01T21:01:12.374901,2,1,87.15,0.3,87.0,4,86.8,209,,,,,,,,,,,,,,,,,87.3,205,,,,,,,,,,,,,,,,,,
2026-07-01T11:01:12.838902+00:00,2026-07-01T21:01:12.836902,3,1,87.2,0.2,87.1,10,87.0,4,86.8,209,,,,,,,,,,,,,,,87.3,205,,,,,,,,,,,,,,,,,,
2026-07-01T11:01:13.343444+00:00,2026-07-01T21:01:13.341444,2,1,87.15,0.3,87.0,4,86.8,209,,,,,,,,,,,,,,,,,87.3,205,,,,,,,,,,,,,,,,,,
2026-07-01T11:01:13.354943+00:00,2026-07-01T21:01:13.344444,3,1,87.2,0.2,87.1,10,87.0,4,86.8,209,,,,,,,,,,,,,,,87.3,205,,,,,,,,,,,,,,,,,,
2026-07-01T11:01:13.715846+00:00,2026-07-01T21:01:13.710846,3,1,87.2,0.2,87.1,10,87.0,4,86.8,209,,,,,,,,,,,,,,,87.3,180,,,,,,,,,,,,,,,,,,
2026-07-01T11:01:13.858373+00:00,2026-07-01T21:01:13.851372,2,2,87.1,0.2,87.0,4,86.8,209,,,,,,,,,,,,,,,,,87.2,10,87.3,180,,,,,,,,,,,,,,,,
2026-07-01T11:01:13.880373+00:00,2026-07-01T21:01:13.876373,2,2,87.1,0.2,87.0,4,86.8,100,,,,,,,,,,,,,,,,,87.2,10,87.3,102,,,,,,,,,,,,,,,,
2026-07-01T11:01:13.934750+00:00,2026-07-01T21:01:13.928383,2,2,87.1,0.2,87.0,4,86.8,250,,,,,,,,,,,,,,,,,87.2,10,87.3,102,,,,,,,,,,,,,,,,
2026-07-01T11:01:13.989749+00:00,2026-07-01T21:01:13.982748,2,2,87.1,0.2,87.0,4,86.8,250,,,,,,,,,,,,,,,,,87.2,10,87.3,252,,,,,,,,,,,,,,,,
2026-07-01T11:01:14.219776+00:00,2026-07-01T21:01:14.211762,2,2,87.1,0.2,87.0,4,86.8,150,,,,,,,,,,,,,,,,,87.2,10,87.3,152,,,,,,,,,,,,,,,,
2026-07-01T11:01:14.273854+00:00,2026-07-01T21:01:14.268299,3,2,87.1,0.2,87.0,4,86.8,150,86.7,100,,,,,,,,,,,,,,,87.2,10,87.3,152,,,,,,,,,,,,,,,,
2026-07-01T11:01:14.328917+00:00,2026-07-01T21:01:14.321917,3,2,87.1,0.2,87.0,4,86.8,150,86.7,100,,,,,,,,,,,,,,,87.2,110,87.3,152,,,,,,,,,,,,,,,,
2026-07-01T11:01:14.361917+00:00,2026-07-01T21:01:14.358917,3,2,87.1,0.2,87.0,4,86.8,150,86.7,100,,,,,,,,,,,,,,,87.2,110,87.3,152,,,,,,,,,,,,,,,,
2026-07-01T11:01:14.592907+00:00,2026-07-01T21:01:14.588906,3,2,87.1,0.2,87.0,4,86.8,150,86.7,100,,,,,,,,,,,,,,,87.2,60,87.3,152,,,,,,,,,,,,,,,,
2026-07-01T11:01:14.680907+00:00,2026-07-01T21:01:14.677907,3,2,87.1,0.2,87.0,4,86.8,150,86.7,100,,,,,,,,,,,,,,,87.2,60,87.3,151,,,,,,,,,,,,,,,,
2026-07-01T11:01:14.866540+00:00,2026-07-01T21:01:14.864539,3,2,87.1,0.2,87.0,4,86.8,150,86.7,100,,,,,,,,,,,,,,,87.2,50,87.3,151,,,,,,,,,,,,,,,,
2026-07-01T11:01:14.877539+00:00,2026-07-01T21:01:14.866540,3,2,87.1,0.2,87.0,4,86.8,150,86.7,100,,,,,,,,,,,,,,,87.2,60,87.3,151,,,,,,,,,,,,,,,,
2026-07-01T11:01:15.380687+00:00,2026-07-01T21:01:15.374687,3,2,87.1,0.2,87.0,4,86.8,150,86.7,100,,,,,,,,,,,,,,,87.2,60,87.3,151,,,,,,,,,,,,,,,,
2026-07-01T11:01:15.883275+00:00,2026-07-01T21:01:15.881274,3,2,87.1,0.2,87.0,4,86.8,150,86.7,100,,,,,,,,,,,,,,,87.2,60,87.3,151,,,,,,,,,,,,,,,,
2026-07-01T11:01:16.396690+00:00,2026-07-01T21:01:16.386691,3,2,87.1,0.2,87.0,4,86.8,150,86.7,100,,,,,,,,,,,,,,,87.2,50,87.3,151,,,,,,,,,,,,,,,,
2026-07-01T11:01:16.407690+00:00,2026-07-01T21:01:16.396690,3,2,87.1,0.2,87.0,14,86.8,150,86.7,100,,,,,,,,,,,,,,,87.2,50,87.3,151,,,,,,,,,,,,,,,,
2026-07-01T11:01:16.702836+00:00,2026-07-01T21:01:16.694836,3,1,87.15,0.3,87.0,14,86.8,150,86.7,100,,,,,,,,,,,,,,,87.3,151,,,,,,,,,,,,,,,,,,
2026-07-01T11:01:16.888327+00:00,2026-07-01T21:01:16.886327,2,1,87.05,0.5,86.8,116,86.7,100,,,,,,,,,,,,,,,,,87.3,151,,,,,,,,,,,,,,,,,,
2026-07-01T11:01:16.921327+00:00,2026-07-01T21:01:16.910327,3,1,87.1,0.4,86.9,3,86.8,116,86.7,100,,,,,,,,,,,,,,,87.3,151,,,,,,,,,,,,,,,,,,
2026-07-01T11:01:17.041912+00:00,2026-07-01T21:01:17.037912,2,1,87.1,0.4,86.9,3,86.7,100,,,,,,,,,,,,,,,,,87.3,1,,,,,,,,,,,,,,,,,,
2026-07-01T11:01:17.096913+00:00,2026-07-01T21:01:17.090913,2,1,87.1,0.4,86.9,3,86.7,250,,,,,,,,,,,,,,,,,87.3,1,,,,,,,,,,,,,,,,,,
2026-07-01T11:01:17.173451+00:00,2026-07-01T21:01:17.169452,2,2,87.05,0.3,86.9,3,86.7,250,,,,,,,,,,,,,,,,,87.2,150,87.3,1,,,,,,,,,,,,,,,,
2026-07-01T11:01:17.382431+00:00,2026-07-01T21:01:17.380431,2,2,87.05,0.3,86.9,3,86.7,150,,,,,,,,,,,,,,,,,87.2,150,87.3,1,,,,,,,,,,,,,,,,
2026-07-01T11:01:17.414653+00:00,2026-07-01T21:01:17.404305,2,2,87.05,0.3,86.9,13,86.7,150,,,,,,,,,,,,,,,,,87.2,150,87.3,1,,,,,,,,,,,,,,,,
2026-07-01T11:01:17.435914+00:00,2026-07-01T21:01:17.433914,3,2,87.15,0.1,87.1,100,86.9,13,86.7,150,,,,,,,,,,,,,,,87.2,150,87.3,1,,,,,,,,,,,,,,,,
2026-07-01T11:01:17.490914+00:00,2026-07-01T21:01:17.484914,3,3,87.15,0.1,87.1,100,86.9,13,86.7,150,,,,,,,,,,,,,,,87.2,150,87.3,1,87.6,100,,,,,,,,,,,,,,
2026-07-01T11:01:17.915915+00:00,2026-07-01T21:01:17.911915,3,3,87.15,0.1,87.1,100,86.9,3,86.7,150,,,,,,,,,,,,,,,87.2,160,87.3,1,87.6,100,,,,,,,,,,,,,,
2026-07-01T11:01:18.091122+00:00,2026-07-01T21:01:18.081123,3,3,87.15,0.1,87.1,100,86.9,3,86.7,150,,,,,,,,,,,,,,,87.2,117,87.3,1,87.6,100,,,,,,,,,,,,,,
2026-07-01T11:01:18.419114+00:00,2026-07-01T21:01:18.416113,3,3,87.15,0.1,87.1,100,86.9,3,86.7,150,,,,,,,,,,,,,,,87.2,107,87.3,1,87.6,100,,,,,,,,,,,,,,
2026-07-01T11:01:18.430419+00:00,2026-07-01T21:01:18.421113,3,3,87.15,0.1,87.1,100,86.9,3,86.7,150,,,,,,,,,,,,,,,87.2,117,87.3,1,87.6,100,,,,,,,,,,,,,,
2026-07-01T11:01:18.924432+00:00,2026-07-01T21:01:18.923433,3,3,87.15,0.1,87.1,100,86.9,3,86.7,150,,,,,,,,,,,,,,,87.2,107,87.3,1,87.6,100,,,,,,,,,,,,,,
2026-07-01T11:01:18.934951+00:00,2026-07-01T21:01:18.926432,3,3,87.15,0.1,87.1,100,86.9,3,86.7,150,,,,,,,,,,,,,,,87.2,117,87.3,1,87.6,100,,,,,,,,,,,,,,
2026-07-01T11:01:19.436312+00:00,2026-07-01T21:01:19.430791,3,3,87.15,0.1,87.1,100,86.9,3,86.7,150,,,,,,,,,,,,,,,87.2,107,87.3,1,87.6,100,,,,,,,,,,,,,,
2026-07-01T11:01:19.447313+00:00,2026-07-01T21:01:19.437313,3,3,87.15,0.1,87.1,100,86.9,3,86.7,150,,,,,,,,,,,,,,,87.2,117,87.3,1,87.6,100,,,,,,,,,,,,,,
2026-07-01T11:01:19.949968+00:00,2026-07-01T21:01:19.945967,3,3,87.15,0.1,87.1,100,86.9,3,86.7,150,,,,,,,,,,,,,,,87.2,117,87.3,1,87.6,100,,,,,,,,,,,,,,
2026-07-01T11:01:20.232556+00:00,2026-07-01T21:01:20.226556,2,3,87.15,0.1,87.1,100,86.9,3,,,,,,,,,,,,,,,,,87.2,10,87.3,1,87.6,100,,,,,,,,,,,,,,
2026-07-01T11:01:20.287476+00:00,2026-07-01T21:01:20.279475,3,3,87.15,0.1,87.1,100,86.9,3,86.8,150,,,,,,,,,,,,,,,87.2,10,87.3,1,87.6,100,,,,,,,,,,,,,,
2026-07-01T11:01:20.353650+00:00,2026-07-01T21:01:20.343666,3,3,87.15,0.1,87.1,100,86.9,3,86.8,150,,,,,,,,,,,,,,,87.2,10,87.3,151,87.6,100,,,,,,,,,,,,,,
2026-07-01T11:01:20.452180+00:00,2026-07-01T21:01:20.449180,3,2,87.2,0.2,87.1,100,86.9,3,86.8,150,,,,,,,,,,,,,,,87.3,151,87.6,100,,,,,,,,,,,,,,,,
2026-07-01T11:01:20.463180+00:00,2026-07-01T21:01:20.452180,3,2,87.2,0.2,87.1,100,86.9,3,86.8,150,,,,,,,,,,,,,,,87.3,161,87.6,100,,,,,,,,,,,,,,,,
2026-07-01T11:01:20.539923+00:00,2026-07-01T21:01:20.538921,3,1,87.2,0.2,87.1,100,86.9,3,86.8,150,,,,,,,,,,,,,,,87.3,161,,,,,,,,,,,,,,,,,,
2026-07-01T11:01:20.550922+00:00,2026-07-01T21:01:20.539923,2,1,87.1,0.4,86.9,3,86.8,150,,,,,,,,,,,,,,,,,87.3,161,,,,,,,,,,,,,,,,,,
2026-07-01T11:01:20.594242+00:00,2026-07-01T21:01:20.593449,3,1,87.15,0.3,87.0,100,86.9,3,86.8,150,,,,,,,,,,,,,,,87.3,161,,,,,,,,,,,,,,,,,,
2026-07-01T11:01:20.649240+00:00,2026-07-01T21:01:20.647241,3,2,87.15,0.3,87.0,100,86.9,3,86.8,150,,,,,,,,,,,,,,,87.3,161,87.5,100,,,,,,,,,,,,,,,,
2026-07-01T11:01:20.965924+00:00,2026-07-01T21:01:20.964923,3,3,87.1,0.2,87.0,50,86.9,3,86.8,150,,,,,,,,,,,,,,,87.2,10,87.3,151,87.5,100,,,,,,,,,,,,,,
2026-07-01T11:01:21.468935+00:00,2026-07-01T21:01:21.468935,3,2,87.15,0.3,87.0,50,86.9,3,86.8,150,,,,,,,,,,,,,,,87.3,151,87.5,100,,,,,,,,,,,,,,,,
2026-07-01T11:01:21.479936+00:00,2026-07-01T21:01:21.475935,3,3,87.1,0.2,87.0,50,86.9,3,86.8,150,,,,,,,,,,,,,,,87.2,10,87.3,151,87.5,100,,,,,,,,,,,,,,
2026-07-01T11:01:22.016925+00:00,2026-07-01T21:01:22.005926,3,3,87.1,0.2,87.0,50,86.9,3,86.8,150,,,,,,,,,,,,,,,87.2,10,87.3,151,87.5,100,,,,,,,,,,,,,,
2026-07-01T11:01:22.509928+00:00,2026-07-01T21:01:22.506927,3,2,87.15,0.3,87.0,50,86.9,3,86.8,150,,,,,,,,,,,,,,,87.3,151,87.5,100,,,,,,,,,,,,,,,,
2026-07-01T11:01:22.520947+00:00,2026-07-01T21:01:22.509928,3,3,87.1,0.2,87.0,50,86.9,3,86.8,150,,,,,,,,,,,,,,,87.2,10,87.3,151,87.5,100,,,,,,,,,,,,,,
2026-07-01T11:01:23.024040+00:00,2026-07-01T21:01:23.019479,3,2,87.15,0.3,87.0,50,86.9,3,86.8,150,,,,,,,,,,,,,,,87.3,111,87.5,100,,,,,,,,,,,,,,,,
2026-07-01T11:01:23.034654+00:00,2026-07-01T21:01:23.030036,3,3,87.1,0.2,87.0,50,86.9,3,86.8,150,,,,,,,,,,,,,,,87.2,10,87.3,111,87.5,100,,,,,,,,,,,,,,
2026-07-01T11:01:23.089655+00:00,2026-07-01T21:01:23.079652,3,3,87.1,0.2,87.0,50,86.9,3,86.8,150,,,,,,,,,,,,,,,87.2,12,87.3,111,87.5,100,,,,,,,,,,,,,,
2026-07-01T11:01:23.105653+00:00,2026-07-01T21:01:23.091653,3,3,87.1,0.2,87.0,7,86.9,3,86.8,150,,,,,,,,,,,,,,,87.2,12,87.3,111,87.5,100,,,,,,,,,,,,,,
2026-07-01T11:01:23.400265+00:00,2026-07-01T21:01:23.398263,3,2,87.1,0.2,87.0,7,86.9,3,86.8,150,,,,,,,,,,,,,,,87.2,12,87.5,100,,,,,,,,,,,,,,,,
2026-07-01T11:01:23.411264+00:00,2026-07-01T21:01:23.400265,2,2,87.1,0.2,87.0,7,86.9,3,,,,,,,,,,,,,,,,,87.2,12,87.5,100,,,,,,,,,,,,,,,,
2026-07-01T11:01:23.454155+00:00,2026-07-01T21:01:23.452827,2,2,87.1,0.2,87.0,157,86.9,3,,,,,,,,,,,,,,,,,87.2,12,87.5,100,,,,,,,,,,,,,,,,
2026-07-01T11:01:23.509162+00:00,2026-07-01T21:01:23.505162,2,2,87.1,0.2,87.0,157,86.9,3,,,,,,,,,,,,,,,,,87.2,12,87.5,250,,,,,,,,,,,,,,,,
2026-07-01T11:01:23.552614+00:00,2026-07-01T21:01:23.548708,2,2,87.1,0.2,87.0,157,86.9,3,,,,,,,,,,,,,,,,,87.2,12,87.5,250,,,,,,,,,,,,,,,,
2026-07-01T11:01:23.584655+00:00,2026-07-01T21:01:23.578656,2,2,87.1,0.2,87.0,111,86.9,3,,,,,,,,,,,,,,,,,87.2,12,87.5,250,,,,,,,,,,,,,,,,
2026-07-01T11:01:23.705299+00:00,2026-07-01T21:01:23.703299,2,2,87.1,0.2,87.0,111,86.9,3,,,,,,,,,,,,,,,,,87.2,12,87.5,150,,,,,,,,,,,,,,,,
2026-07-01T11:01:23.759632+00:00,2026-07-01T21:01:23.753638,3,2,87.1,0.2,87.0,111,86.9,3,86.7,100,,,,,,,,,,,,,,,87.2,12,87.5,150,,,,,,,,,,,,,,,,
2026-07-01T11:01:23.814743+00:00,2026-07-01T21:01:23.806606,3,2,87.1,0.2,87.0,111,86.9,3,86.7,100,,,,,,,,,,,,,,,87.2,112,87.5,150,,,,,,,,,,,,,,,,
2026-07-01T11:01:24.056733+00:00,2026-07-01T21:01:24.055732,3,2,87.1,0.2,87.0,111,86.9,3,86.7,100,,,,,,,,,,,,,,,87.2,112,87.5,150,,,,,,,,,,,,,,,,
2026-07-01T11:01:24.560934+00:00,2026-07-01T21:01:24.558934,3,2,87.1,0.2,87.0,111,86.9,3,86.7,100,,,,,,,,,,,,,,,87.2,102,87.5,150,,,,,,,,,,,,,,,,
2026-07-01T11:01:25.050969+00:00,2026-07-01T21:01:25.042971,3,2,87.1,0.2,87.0,111,86.9,2,86.7,100,,,,,,,,,,,,,,,87.2,102,87.5,150,,,,,,,,,,,,,,,,
2026-07-01T11:01:25.137796+00:00,2026-07-01T21:01:25.126794,3,2,87.1,0.2,87.0,111,86.9,2,86.7,100,,,,,,,,,,,,,,,87.2,52,87.5,150,,,,,,,,,,,,,,,,
2026-07-01T11:01:26.089100+00:00,2026-07-01T21:01:26.079102,3,2,87.1,0.2,87.0,121,86.9,2,86.7,100,,,,,,,,,,,,,,,87.2,52,87.5,150,,,,,,,,,,,,,,,,
2026-07-01T11:01:26.111101+00:00,2026-07-01T21:01:26.107101,3,3,87.1,0.2,87.0,121,86.9,2,86.7,100,,,,,,,,,,,,,,,87.2,52,87.3,4,87.5,150,,,,,,,,,,,,,,
2026-07-01T11:01:26.559723+00:00,2026-07-01T21:01:26.558722,3,2,87.1,0.2,87.0,121,86.9,2,86.7,100,,,,,,,,,,,,,,,87.2,52,87.3,4,,,,,,,,,,,,,,,,
2026-07-01T11:01:26.570723+00:00,2026-07-01T21:01:26.560724,3,2,87.1,0.2,87.0,10,86.9,2,86.7,100,,,,,,,,,,,,,,,87.2,52,87.3,4,,,,,,,,,,,,,,,,
2026-07-01T11:01:26.592740+00:00,2026-07-01T21:01:26.586724,2,2,87.05,0.3,86.9,12,86.7,100,,,,,,,,,,,,,,,,,87.2,52,87.3,4,,,,,,,,,,,,,,,,
2026-07-01T11:01:26.625943+00:00,2026-07-01T21:01:26.614947,3,2,87.1,0.2,87.0,150,86.9,12,86.7,100,,,,,,,,,,,,,,,87.2,52,87.3,4,,,,,,,,,,,,,,,,
2026-07-01T11:01:26.669941+00:00,2026-07-01T21:01:26.667941,3,3,87.1,0.2,87.0,150,86.9,12,86.7,100,,,,,,,,,,,,,,,87.2,52,87.3,4,87.4,150,,,,,,,,,,,,,,
2026-07-01T11:01:26.865937+00:00,2026-07-01T21:01:26.861938,2,2,87.15,0.3,87.0,150,86.9,12,,,,,,,,,,,,,,,,,87.3,4,87.4,150,,,,,,,,,,,,,,,,
2026-07-01T11:01:26.920980+00:00,2026-07-01T21:01:26.915979,2,2,87.15,0.3,87.0,250,86.9,12,,,,,,,,,,,,,,,,,87.3,4,87.4,150,,,,,,,,,,,,,,,,
2026-07-01T11:01:26.974601+00:00,2026-07-01T21:01:26.969030,2,3,87.15,0.3,87.0,250,86.9,12,,,,,,,,,,,,,,,,,87.3,4,87.4,150,87.5,100,,,,,,,,,,,,,,
2026-07-01T11:01:26.985108+00:00,2026-07-01T21:01:26.976587,2,3,87.15,0.3,87.0,250,86.9,11,,,,,,,,,,,,,,,,,87.3,4,87.4,150,87.5,100,,,,,,,,,,,,,,
2026-07-01T11:01:27.094327+00:00,2026-07-01T21:01:27.093668,2,3,87.15,0.3,87.0,250,86.9,1,,,,,,,,,,,,,,,,,87.3,4,87.4,150,87.5,100,,,,,,,,,,,,,,
2026-07-01T11:01:27.857453+00:00,2026-07-01T21:01:27.846452,2,2,87.2,0.4,87.0,250,86.9,1,,,,,,,,,,,,,,,,,87.4,109,87.5,100,,,,,,,,,,,,,,,,
2026-07-01T11:01:28.075178+00:00,2026-07-01T21:01:28.064663,2,3,87.15,0.3,87.0,250,86.9,1,,,,,,,,,,,,,,,,,87.3,5,87.4,109,87.5,100,,,,,,,,,,,,,,
2026-07-01T11:01:28.119096+00:00,2026-07-01T21:01:28.109096,3,3,87.2,0.2,87.1,10,87.0,250,86.9,1,,,,,,,,,,,,,,,87.3,5,87.4,109,87.5,100,,,,,,,,,,,,,,
2026-07-01T11:01:28.612460+00:00,2026-07-01T21:01:28.611459,2,3,87.15,0.3,87.0,250,86.9,1,,,,,,,,,,,,,,,,,87.3,5,87.4,109,87.5,100,,,,,,,,,,,,,,
2026-07-01T11:01:28.623470+00:00,2026-07-01T21:01:28.614470,2,4,87.1,0.2,87.0,250,86.9,1,,,,,,,,,,,,,,,,,87.2,10,87.3,5,87.4,109,87.5,100,,,,,,,,,,,,
2026-07-01T11:01:28.831477+00:00,2026-07-01T21:01:28.823477,2,2,87.2,0.4,87.0,250,86.9,1,,,,,,,,,,,,,,,,,87.4,81,87.5,100,,,,,,,,,,,,,,,,
2026-07-01T11:01:29.346945+00:00,2026-07-01T21:01:29.343945,2,2,87.2,0.4,87.0,250,86.9,1,,,,,,,,,,,,,,,,,87.4,31,87.5,100,,,,,,,,,,,,,,,,
2026-07-01T11:01:29.412462+00:00,2026-07-01T21:01:29.403465,2,3,87.15,0.3,87.0,250,86.9,1,,,,,,,,,,,,,,,,,87.3,6,87.4,31,87.5,100,,,,,,,,,,,,,,
2026-07-01T11:01:29.510956+00:00,2026-07-01T21:01:29.508957,2,3,87.15,0.3,87.0,250,86.9,1,,,,,,,,,,,,,,,,,87.3,5,87.4,31,87.5,100,,,,,,,,,,,,,,
2026-07-01T11:01:29.631947+00:00,2026-07-01T21:01:29.628946,3,3,87.2,0.2,87.1,10,87.0,250,86.9,1,,,,,,,,,,,,,,,87.3,5,87.4,31,87.5,100,,,,,,,,,,,,,,
2026-07-01T11:01:29.729946+00:00,2026-07-01T21:01:29.725947,3,2,87.2,0.2,87.1,10,87.0,100,86.9,1,,,,,,,,,,,,,,,87.3,5,87.5,100,,,,,,,,,,,,,,,,
2026-07-01T11:01:29.784296+00:00,2026-07-01T21:01:29.782285,4,0,,,87.5,45,87.1,10,87.0,100,86.9,1,,,,,,,,,,,,,,,,,,,,,,,,,,,,,,,,
2026-07-01T11:01:29.838813+00:00,2026-07-01T21:01:29.833813,4,1,87.75,0.5,87.5,45,87.1,10,87.0,100,86.9,1,,,,,,,,,,,,,88.0,150,,,,,,,,,,,,,,,,,,
2026-07-01T11:01:30.036352+00:00,2026-07-01T21:01:30.025352,3,1,87.75,0.5,87.5,45,87.1,10,86.9,1,,,,,,,,,,,,,,,88.0,150,,,,,,,,,,,,,,,,,,
2026-07-01T11:01:30.091352+00:00,2026-07-01T21:01:30.088351,4,1,87.75,0.5,87.5,45,87.4,100,87.1,10,86.9,1,,,,,,,,,,,,,88.0,150,,,,,,,,,,,,,,,,,,
2026-07-01T11:01:30.135375+00:00,2026-07-01T21:01:30.133375,3,1,87.75,0.5,87.5,45,87.4,100,86.9,1,,,,,,,,,,,,,,,88.0,150,,,,,,,,,,,,,,,,,,
2026-07-01T11:01:30.146375+00:00,2026-07-01T21:01:30.137375,3,2,87.7,0.4,87.5,45,87.4,100,86.9,1,,,,,,,,,,,,,,,87.9,110,88.0,150,,,,,,,,,,,,,,,,
2026-07-01T11:01:30.441987+00:00,2026-07-01T21:01:30.436986,3,2,87.7,0.4,87.5,40,87.4,100,86.9,1,,,,,,,,,,,,,,,87.9,110,88.0,150,,,,,,,,,,,,,,,,
2026-07-01T11:01:30.562566+00:00,2026-07-01T21:01:30.558565,3,2,87.7,0.4,87.5,36,87.4,100,86.9,1,,,,,,,,,,,,,,,87.9,110,88.0,150,,,,,,,,,,,,,,,,
2026-07-01T11:01:30.585009+00:00,2026-07-01T21:01:30.582566,2,2,87.7,0.4,87.5,36,87.4,100,,,,,,,,,,,,,,,,,87.9,110,88.0,150,,,,,,,,,,,,,,,,
2026-07-01T11:01:30.651005+00:00,2026-07-01T21:01:30.646005,2,3,87.65,0.3,87.5,36,87.4,100,,,,,,,,,,,,,,,,,87.8,10,87.9,100,88.0,150,,,,,,,,,,,,,,
2026-07-01T11:01:30.957614+00:00,2026-07-01T21:01:30.946613,1,3,87.6,0.4,87.4,93,,,,,,,,,,,,,,,,,,,87.8,10,87.9,100,88.0,150,,,,,,,,,,,,,,
2026-07-01T11:01:31.154171+00:00,2026-07-01T21:01:31.149401,1,2,87.65,0.5,87.4,93,,,,,,,,,,,,,,,,,,,87.9,100,88.0,150,,,,,,,,,,,,,,,,
2026-07-01T11:01:31.165169+00:00,2026-07-01T21:01:31.154171,1,3,87.6,0.4,87.4,93,,,,,,,,,,,,,,,,,,,87.8,10,87.9,100,88.0,150,,,,,,,,,,,,,,
2026-07-01T11:01:31.492060+00:00,2026-07-01T21:01:31.485060,1,3,87.6,0.4,87.4,89,,,,,,,,,,,,,,,,,,,87.8,10,87.9,100,88.0,150,,,,,,,,,,,,,,
2026-07-01T11:01:31.600626+00:00,2026-07-01T21:01:31.599624,1,3,87.6,0.4,87.4,85,,,,,,,,,,,,,,,,,,,87.8,10,87.9,100,88.0,150,,,,,,,,,,,,,,
2026-07-01T11:01:31.644290+00:00,2026-07-01T21:01:31.639624,2,3,87.6,0.4,87.4,85,87.1,2,,,,,,,,,,,,,,,,,87.8,10,87.9,100,88.0,150,,,,,,,,,,,,,,
2026-07-01T11:01:31.666290+00:00,2026-07-01T21:01:31.661290,2,3,87.6,0.4,87.4,85,87.1,2,,,,,,,,,,,,,,,,,87.8,10,87.9,100,88.0,150,,,,,,,,,,,,,,
2026-07-01T11:01:31.940082+00:00,2026-07-01T21:01:31.937081,2,2,87.65,0.5,87.4,85,87.1,2,,,,,,,,,,,,,,,,,87.9,63,88.0,150,,,,,,,,,,,,,,,,
2026-07-01T11:01:32.027953+00:00,2026-07-01T21:01:32.017953,2,2,87.65,0.5,87.4,81,87.1,2,,,,,,,,,,,,,,,,,87.9,63,88.0,150,,,,,,,,,,,,,,,,
2026-07-01T11:01:32.093963+00:00,2026-07-01T21:01:32.085963,2,2,87.65,0.5,87.4,77,87.1,2,,,,,,,,,,,,,,,,,87.9,63,88.0,150,,,,,,,,,,,,,,,,
2026-07-01T11:01:32.181517+00:00,2026-07-01T21:01:32.171517,2,3,87.6,0.4,87.4,77,87.1,2,,,,,,,,,,,,,,,,,87.8,10,87.9,63,88.0,150,,,,,,,,,,,,,,
2026-07-01T11:01:32.247953+00:00,2026-07-01T21:01:32.237953,2,4,87.45,0.1,87.4,77,87.1,2,,,,,,,,,,,,,,,,,87.5,4,87.8,10,87.9,63,88.0,150,,,,,,,,,,,,
2026-07-01T11:01:32.685695+00:00,2026-07-01T21:01:32.680174,2,3,87.45,0.1,87.4,77,87.1,2,,,,,,,,,,,,,,,,,87.5,14,87.9,63,88.0,150,,,,,,,,,,,,,,
2026-07-01T11:01:32.913289+00:00,2026-07-01T21:01:32.907289,2,2,87.45,0.1,87.4,77,87.1,2,,,,,,,,,,,,,,,,,87.5,14,87.9,63,,,,,,,,,,,,,,,,
2026-07-01T11:01:32.967374+00:00,2026-07-01T21:01:32.967374,3,2,87.45,0.1,87.4,77,87.1,2,86.8,150,,,,,,,,,,,,,,,87.5,14,87.9,63,,,,,,,,,,,,,,,,
2026-07-01T11:01:33.022374+00:00,2026-07-01T21:01:33.017374,3,2,87.45,0.1,87.4,77,87.1,2,86.8,150,,,,,,,,,,,,,,,87.5,13,87.9,63,,,,,,,,,,,,,,,,
2026-07-01T11:01:33.033374+00:00,2026-07-01T21:01:33.022374,2,3,87.2,0.2,87.1,2,86.8,150,,,,,,,,,,,,,,,,,87.3,73,87.5,13,87.9,63,,,,,,,,,,,,,,
2026-07-01T11:01:33.187052+00:00,2026-07-01T21:01:33.185052,2,3,87.2,0.2,87.1,2,86.8,150,,,,,,,,,,,,,,,,,87.3,73,87.5,3,87.9,63,,,,,,,,,,,,,,
2026-07-01T11:01:33.198051+00:00,2026-07-01T21:01:33.189052,2,2,87.2,0.2,87.1,2,86.8,150,,,,,,,,,,,,,,,,,87.3,73,87.5,3,,,,,,,,,,,,,,,,
2026-07-01T11:01:33.242053+00:00,2026-07-01T21:01:33.241052,3,2,87.2,0.2,87.1,2,87.0,100,86.8,150,,,,,,,,,,,,,,,87.3,73,87.5,3,,,,,,,,,,,,,,,,
2026-07-01T11:01:33.296565+00:00,2026-07-01T21:01:33.293565,3,2,87.2,0.2,87.1,2,87.0,100,86.8,150,,,,,,,,,,,,,,,87.3,73,87.5,103,,,,,,,,,,,,,,,,
2026-07-01T11:01:33.710361+00:00,2026-07-01T21:01:33.709361,3,2,87.2,0.2,87.1,12,87.0,100,86.8,150,,,,,,,,,,,,,,,87.3,73,87.5,103,,,,,,,,,,,,,,,,
2026-07-01T11:01:33.743361+00:00,2026-07-01T21:01:33.735361,3,2,87.2,0.2,87.1,12,87.0,100,86.8,150,,,,,,,,,,,,,,,87.3,48,87.5,103,,,,,,,,,,,,,,,,
2026-07-01T11:01:34.214747+00:00,2026-07-01T21:01:34.209013,3,2,87.2,0.2,87.1,2,87.0,100,86.8,150,,,,,,,,,,,,,,,87.3,48,87.5,103,,,,,,,,,,,,,,,,
2026-07-01T11:01:34.225218+00:00,2026-07-01T21:01:34.215704,3,2,87.2,0.2,87.1,12,87.0,100,86.8,150,,,,,,,,,,,,,,,87.3,48,87.5,103,,,,,,,,,,,,,,,,
2026-07-01T11:01:34.728396+00:00,2026-07-01T21:01:34.720396,3,2,87.2,0.2,87.1,12,87.0,100,86.8,150,,,,,,,,,,,,,,,87.3,48,87.5,103,,,,,,,,,,,,,,,,
2026-07-01T11:01:35.231537+00:00,2026-07-01T21:01:35.224537,3,2,87.2,0.2,87.1,2,87.0,100,86.8,150,,,,,,,,,,,,,,,87.3,48,87.5,103,,,,,,,,,,,,,,,,
2026-07-01T11:01:35.680954+00:00,2026-07-01T21:01:35.678954,3,1,87.3,0.4,87.1,2,87.0,100,86.8,150,,,,,,,,,,,,,,,87.5,103,,,,,,,,,,,,,,,,,,
2026-07-01T11:01:36.097654+00:00,2026-07-01T21:01:36.092654,2,1,87.3,0.4,87.1,2,87.0,100,,,,,,,,,,,,,,,,,87.5,103,,,,,,,,,,,,,,,,,,
2026-07-01T11:01:36.163655+00:00,2026-07-01T21:01:36.157654,3,1,87.45,0.1,87.4,150,87.1,2,87.0,100,,,,,,,,,,,,,,,87.5,103,,,,,,,,,,,,,,,,,,
2026-07-01T11:01:36.217975+00:00,2026-07-01T21:01:36.209964,3,2,87.45,0.1,87.4,150,87.1,2,87.0,100,,,,,,,,,,,,,,,87.5,103,87.9,150,,,,,,,,,,,,,,,,
2026-07-01T11:01:36.239975+00:00,2026-07-01T21:01:36.232975,3,2,87.45,0.1,87.4,150,87.1,2,87.0,100,,,,,,,,,,,,,,,87.5,113,87.9,150,,,,,,,,,,,,,,,,
2026-07-01T11:01:36.349883+00:00,2026-07-01T21:01:36.348882,2,2,87.45,0.1,87.4,150,87.1,2,,,,,,,,,,,,,,,,,87.5,13,87.9,150,,,,,,,,,,,,,,,,
2026-07-01T11:01:36.404894+00:00,2026-07-01T21:01:36.401894,3,2,87.45,0.1,87.4,150,87.1,2,87.0,100,,,,,,,,,,,,,,,87.5,13,87.9,150,,,,,,,,,,,,,,,,
2026-07-01T11:01:36.459893+00:00,2026-07-01T21:01:36.454894,3,2,87.45,0.1,87.4,150,87.1,2,87.0,100,,,,,,,,,,,,,,,87.5,113,87.9,150,,,,,,,,,,,,,,,,
2026-07-01T11:01:36.744352+00:00,2026-07-01T21:01:36.741790,3,2,87.45,0.1,87.4,150,87.1,2,87.0,100,,,,,,,,,,,,,,,87.5,113,87.9,150,,,,,,,,,,,,,,,,
2026-07-01T11:01:36.952086+00:00,2026-07-01T21:01:36.947086,3,2,87.45,0.1,87.4,105,87.1,2,87.0,100,,,,,,,,,,,,,,,87.5,113,87.9,150,,,,,,,,,,,,,,,,
2026-07-01T11:01:37.246483+00:00,2026-07-01T21:01:37.244483,3,2,87.45,0.1,87.4,105,87.1,2,87.0,100,,,,,,,,,,,,,,,87.5,103,87.9,150,,,,,,,,,,,,,,,,
2026-07-01T11:01:37.257484+00:00,2026-07-01T21:01:37.250484,3,2,87.45,0.1,87.4,105,87.1,2,87.0,100,,,,,,,,,,,,,,,87.5,113,87.9,150,,,,,,,,,,,,,,,,
2026-07-01T11:01:37.763004+00:00,2026-07-01T21:01:37.760003,3,2,87.45,0.1,87.4,105,87.1,2,87.0,100,,,,,,,,,,,,,,,87.5,103,87.9,150,,,,,,,,,,,,,,,,
2026-07-01T11:01:37.784970+00:00,2026-07-01T21:01:37.774015,3,2,87.45,0.1,87.4,105,87.1,2,87.0,100,,,,,,,,,,,,,,,87.5,113,87.9,150,,,,,,,,,,,,,,,,
2026-07-01T11:01:37.839969+00:00,2026-07-01T21:01:37.837968,3,2,87.45,0.1,87.4,55,87.1,2,87.0,100,,,,,,,,,,,,,,,87.5,113,87.9,150,,,,,,,,,,,,,,,,
2026-07-01T11:01:38.277300+00:00,2026-07-01T21:01:38.270300,3,2,87.45,0.1,87.4,55,87.1,2,87.0,100,,,,,,,,,,,,,,,87.5,113,87.9,150,,,,,,,,,,,,,,,,
2026-07-01T11:01:38.451752+00:00,2026-07-01T21:01:38.444751,3,2,87.45,0.1,87.4,13,87.1,2,87.0,100,,,,,,,,,,,,,,,87.5,113,87.9,150,,,,,,,,,,,,,,,,
2026-07-01T11:01:38.779070+00:00,2026-07-01T21:01:38.777069,3,2,87.45,0.1,87.4,13,87.1,2,87.0,100,,,,,,,,,,,,,,,87.5,103,87.9,150,,,,,,,,,,,,,,,,
2026-07-01T11:01:38.801069+00:00,2026-07-01T21:01:38.798070,3,2,87.45,0.1,87.4,13,87.1,2,87.0,100,,,,,,,,,,,,,,,87.5,113,87.9,150,,,,,,,,,,,,,,,,
2026-07-01T11:01:39.271033+00:00,2026-07-01T21:01:39.267032,2,1,87.3,0.4,87.1,2,87.0,100,,,,,,,,,,,,,,,,,87.5,113,,,,,,,,,,,,,,,,,,
2026-07-01T11:01:39.304049+00:00,2026-07-01T21:01:39.303049,2,1,87.3,0.4,87.1,2,87.0,100,,,,,,,,,,,,,,,,,87.5,103,,,,,,,,,,,,,,,,,,
2026-07-01T11:01:39.324926+00:00,2026-07-01T21:01:39.323589,3,1,87.3,0.4,87.1,1,87.0,100,86.9,150,,,,,,,,,,,,,,,87.5,103,,,,,,,,,,,,,,,,,,
2026-07-01T11:01:39.368429+00:00,2026-07-01T21:01:39.364429,2,1,87.25,0.5,87.0,100,86.9,150,,,,,,,,,,,,,,,,,87.5,103,,,,,,,,,,,,,,,,,,
2026-07-01T11:01:39.390428+00:00,2026-07-01T21:01:39.379429,2,2,87.2,0.4,87.0,100,86.9,150,,,,,,,,,,,,,,,,,87.4,150,87.5,103,,,,,,,,,,,,,,,,
2026-07-01T11:01:39.511029+00:00,2026-07-01T21:01:39.510029,1,2,87.15,0.5,86.9,150,,,,,,,,,,,,,,,,,,,87.4,150,87.5,3,,,,,,,,,,,,,,,,
2026-07-01T11:01:39.576544+00:00,2026-07-01T21:01:39.574545,2,2,87.25,0.3,87.1,100,86.9,150,,,,,,,,,,,,,,,,,87.4,150,87.5,3,,,,,,,,,,,,,,,,
2026-07-01T11:01:39.620543+00:00,2026-07-01T21:01:39.619543,2,3,87.25,0.3,87.1,100,86.9,150,,,,,,,,,,,,,,,,,87.4,150,87.5,3,87.6,100,,,,,,,,,,,,,,
2026-07-01T11:01:39.904525+00:00,2026-07-01T21:01:39.895526,2,3,87.25,0.3,87.1,100,86.9,150,,,,,,,,,,,,,,,,,87.4,100,87.5,3,87.6,100,,,,,,,,,,,,,,
2026-07-01T11:01:42.022191+00:00,2026-07-01T21:01:42.014191,2,3,87.25,0.3,87.1,100,86.9,150,,,,,,,,,,,,,,,,,87.4,50,87.5,3,87.6,100,,,,,,,,,,,,,,
2026-07-01T11:01:42.438590+00:00,2026-07-01T21:01:42.433591,1,2,87.3,0.4,87.1,100,,,,,,,,,,,,,,,,,,,87.5,3,87.6,100,,,,,,,,,,,,,,,,
2026-07-01T11:01:42.493590+00:00,2026-07-01T21:01:42.486590,2,2,87.4,0.2,87.3,150,87.1,100,,,,,,,,,,,,,,,,,87.5,3,87.6,100,,,,,,,,,,,,,,,,
2026-07-01T11:01:42.549086+00:00,2026-07-01T21:01:42.540085,2,3,87.4,0.2,87.3,150,87.1,100,,,,,,,,,,,,,,,,,87.5,3,87.6,100,87.8,150,,,,,,,,,,,,,,
2026-07-01T11:01:42.683382+00:00,2026-07-01T21:01:42.674382,1,2,87.4,0.2,87.3,150,,,,,,,,,,,,,,,,,,,87.5,3,87.8,150,,,,,,,,,,,,,,,,
2026-07-01T11:01:42.742382+00:00,2026-07-01T21:01:42.735382,2,2,87.4,0.2,87.3,150,87.1,100,,,,,,,,,,,,,,,,,87.5,3,87.8,150,,,,,,,,,,,,,,,,
2026-07-01T11:01:42.790382+00:00,2026-07-01T21:01:42.780384,2,3,87.4,0.2,87.3,150,87.1,100,,,,,,,,,,,,,,,,,87.5,3,87.6,100,87.8,150,,,,,,,,,,,,,,
2026-07-01T11:01:43.414667+00:00,2026-07-01T21:01:43.411111,2,2,87.45,0.3,87.3,150,87.1,100,,,,,,,,,,,,,,,,,87.6,61,87.8,150,,,,,,,,,,,,,,,,
2026-07-01T11:01:43.435983+00:00,2026-07-01T21:01:43.424984,2,3,87.4,0.2,87.3,150,87.1,100,,,,,,,,,,,,,,,,,87.5,5,87.6,61,87.8,150,,,,,,,,,,,,,,
2026-07-01T11:01:44.126987+00:00,2026-07-01T21:01:44.121985,2,2,87.45,0.3,87.3,150,87.1,100,,,,,,,,,,,,,,,,,87.6,16,87.8,150,,,,,,,,,,,,,,,,
2026-07-01T11:01:44.225984+00:00,2026-07-01T21:01:44.215985,2,3,87.4,0.2,87.3,150,87.1,100,,,,,,,,,,,,,,,,,87.5,5,87.6,16,87.8,150,,,,,,,,,,,,,,
2026-07-01T11:01:44.423501+00:00,2026-07-01T21:01:44.420500,2,3,87.4,0.2,87.3,150,87.1,100,,,,,,,,,,,,,,,,,87.5,4,87.6,16,87.8,150,,,,,,,,,,,,,,
2026-07-01T11:01:44.805986+00:00,2026-07-01T21:01:44.802986,3,2,87.45,0.3,87.3,150,87.2,1,87.1,100,,,,,,,,,,,,,,,87.6,16,87.8,150,,,,,,,,,,,,,,,,
2026-07-01T11:01:45.628991+00:00,2026-07-01T21:01:45.619990,2,1,87.4,0.4,87.2,1,87.1,100,,,,,,,,,,,,,,,,,87.6,16,,,,,,,,,,,,,,,,,,
2026-07-01T11:01:45.684003+00:00,2026-07-01T21:01:45.679002,3,1,87.5,0.2,87.4,150,87.2,1,87.1,100,,,,,,,,,,,,,,,87.6,16,,,,,,,,,,,,,,,,,,
2026-07-01T11:01:45.738720+00:00,2026-07-01T21:01:45.732723,3,2,87.5,0.2,87.4,150,87.2,1,87.1,100,,,,,,,,,,,,,,,87.6,16,87.9,150,,,,,,,,,,,,,,,,
2026-07-01T11:01:45.837066+00:00,2026-07-01T21:01:45.835065,3,1,87.65,0.5,87.4,150,87.2,1,87.1,100,,,,,,,,,,,,,,,87.9,150,,,,,,,,,,,,,,,,,,
2026-07-01T11:01:45.848066+00:00,2026-07-01T21:01:45.837066,2,1,87.65,0.5,87.4,150,87.2,1,,,,,,,,,,,,,,,,,87.9,150,,,,,,,,,,,,,,,,,,
2026-07-01T11:01:45.892067+00:00,2026-07-01T21:01:45.890069,2,1,87.65,0.5,87.4,250,87.2,1,,,,,,,,,,,,,,,,,87.9,150,,,,,,,,,,,,,,,,,,
2026-07-01T11:01:45.935478+00:00,2026-07-01T21:01:45.925959,2,1,87.65,0.5,87.4,250,87.2,1,,,,,,,,,,,,,,,,,87.9,108,,,,,,,,,,,,,,,,,,
2026-07-01T11:01:45.946477+00:00,2026-07-01T21:01:45.943477,2,1,87.65,0.5,87.4,250,87.2,1,,,,,,,,,,,,,,,,,87.9,208,,,,,,,,,,,,,,,,,,
2026-07-01T11:01:45.990476+00:00,2026-07-01T21:01:45.987476,2,1,87.65,0.5,87.4,203,87.2,1,,,,,,,,,,,,,,,,,87.9,208,,,,,,,,,,,,,,,,,,
2026-07-01T11:01:46.285583+00:00,2026-07-01T21:01:46.280583,2,1,87.65,0.5,87.4,153,87.2,1,,,,,,,,,,,,,,,,,87.9,208,,,,,,,,,,,,,,,,,,
2026-07-01T11:01:46.373330+00:00,2026-07-01T21:01:46.362585,2,2,87.6,0.4,87.4,153,87.2,1,,,,,,,,,,,,,,,,,87.8,10,87.9,208,,,,,,,,,,,,,,,,
2026-07-01T11:01:46.874909+00:00,2026-07-01T21:01:46.870393,2,2,87.6,0.4,87.4,153,87.2,1,,,,,,,,,,,,,,,,,87.8,10,87.9,208,,,,,,,,,,,,,,,,
2026-07-01T11:01:47.390003+00:00,2026-07-01T21:01:47.379003,2,2,87.6,0.4,87.4,153,87.2,1,,,,,,,,,,,,,,,,,87.8,10,87.9,208,,,,,,,,,,,,,,,,
2026-07-01T11:01:47.894678+00:00,2026-07-01T21:01:47.886521,2,2,87.6,0.4,87.4,153,87.2,1,,,,,,,,,,,,,,,,,87.8,10,87.9,208,,,,,,,,,,,,,,,,
2026-07-01T11:01:48.079972+00:00,2026-07-01T21:01:48.068971,2,2,87.6,0.4,87.4,108,87.2,1,,,,,,,,,,,,,,,,,87.8,10,87.9,208,,,,,,,,,,,,,,,,
2026-07-01T11:01:48.399061+00:00,2026-07-01T21:01:48.391061,2,1,87.65,0.5,87.4,58,87.2,1,,,,,,,,,,,,,,,,,87.9,208,,,,,,,,,,,,,,,,,,
2026-07-01T11:01:48.410062+00:00,2026-07-01T21:01:48.401062,2,2,87.6,0.4,87.4,58,87.2,1,,,,,,,,,,,,,,,,,87.8,10,87.9,208,,,,,,,,,,,,,,,,
2026-07-01T11:01:48.682437+00:00,2026-07-01T21:01:48.676437,2,1,87.65,0.5,87.4,58,87.2,1,,,,,,,,,,,,,,,,,87.9,176,,,,,,,,,,,,,,,,,,
2026-07-01T11:01:48.792207+00:00,2026-07-01T21:01:48.782207,2,1,87.65,0.5,87.4,58,87.2,1,,,,,,,,,,,,,,,,,87.9,100,,,,,,,,,,,,,,,,,,
2026-07-01T11:01:48.835997+00:00,2026-07-01T21:01:48.834997,3,1,87.65,0.5,87.4,58,87.2,1,87.0,150,,,,,,,,,,,,,,,87.9,100,,,,,,,,,,,,,,,,,,
2026-07-01T11:01:48.890998+00:00,2026-07-01T21:01:48.888997,3,2,87.45,0.1,87.4,58,87.2,1,87.0,150,,,,,,,,,,,,,,,87.5,150,87.9,100,,,,,,,,,,,,,,,,
2026-07-01T11:01:49.000998+00:00,2026-07-01T21:01:48.998998,2,1,87.35,0.3,87.2,1,87.0,150,,,,,,,,,,,,,,,,,87.5,150,,,,,,,,,,,,,,,,,,
2026-07-01T11:01:49.055512+00:00,2026-07-01T21:01:49.052512,2,1,87.35,0.3,87.2,101,87.0,150,,,,,,,,,,,,,,,,,87.5,150,,,,,,,,,,,,,,,,,,
2026-07-01T11:01:49.099512+00:00,2026-07-01T21:01:49.089512,2,1,87.35,0.3,87.2,100,87.0,150,,,,,,,,,,,,,,,,,87.5,150,,,,,,,,,,,,,,,,,,
2026-07-01T11:01:49.110513+00:00,2026-07-01T21:01:49.106512,2,2,87.35,0.3,87.2,100,87.0,150,,,,,,,,,,,,,,,,,87.5,150,87.7,100,,,,,,,,,,,,,,,,
2026-07-01T11:01:50.251001+00:00,2026-07-01T21:01:50.244001,2,3,87.35,0.3,87.2,100,87.0,150,,,,,,,,,,,,,,,,,87.5,150,87.6,6,87.7,100,,,,,,,,,,,,,,
2026-07-01T11:01:50.502473+00:00,2026-07-01T21:01:50.499472,2,3,87.35,0.3,87.2,50,87.0,150,,,,,,,,,,,,,,,,,87.5,150,87.6,6,87.7,100,,,,,,,,,,,,,,
2026-07-01T11:01:51.453740+00:00,2026-07-01T21:01:51.450740,2,3,87.35,0.3,87.2,1,87.0,150,,,,,,,,,,,,,,,,,87.5,150,87.6,6,87.7,100,,,,,,,,,,,,,,
2026-07-01T11:01:51.945908+00:00,2026-07-01T21:01:51.944908,1,2,87.4,0.4,87.2,1,,,,,,,,,,,,,,,,,,,87.6,6,87.7,100,,,,,,,,,,,,,,,,
2026-07-01T11:01:52.000907+00:00,2026-07-01T21:01:51.997907,2,2,87.4,0.4,87.2,1,86.8,150,,,,,,,,,,,,,,,,,87.6,6,87.7,100,,,,,,,,,,,,,,,,
2026-07-01T11:01:52.054941+00:00,2026-07-01T21:01:52.051423,2,3,87.25,0.1,87.2,1,86.8,150,,,,,,,,,,,,,,,,,87.3,150,87.6,6,87.7,100,,,,,,,,,,,,,,
2026-07-01T11:01:52.165002+00:00,2026-07-01T21:01:52.160526,1,2,87.05,0.5,86.8,150,,,,,,,,,,,,,,,,,,,87.3,150,87.6,6,,,,,,,,,,,,,,,,
2026-07-01T11:01:52.219518+00:00,2026-07-01T21:01:52.213518,1,2,87.05,0.5,86.8,250,,,,,,,,,,,,,,,,,,,87.3,150,87.6,6,,,,,,,,,,,,,,,,
2026-07-01T11:01:52.285581+00:00,2026-07-01T21:01:52.281580,1,2,87.05,0.5,86.8,250,,,,,,,,,,,,,,,,,,,87.3,250,87.6,6,,,,,,,,,,,,,,,,
2026-07-01T11:01:52.559028+00:00,2026-07-01T21:01:52.553029,1,2,87.05,0.5,86.8,250,,,,,,,,,,,,,,,,,,,87.3,200,87.6,6,,,,,,,,,,,,,,,,
2026-07-01T11:01:53.488906+00:00,2026-07-01T21:01:53.487906,2,2,87.1,0.4,86.9,10,86.8,250,,,,,,,,,,,,,,,,,87.3,200,87.6,6,,,,,,,,,,,,,,,,
2026-07-01T11:01:53.641957+00:00,2026-07-01T21:01:53.633957,2,2,87.1,0.4,86.9,10,86.8,250,,,,,,,,,,,,,,,,,87.3,155,87.6,6,,,,,,,,,,,,,,,,
2026-07-01T11:01:53.773505+00:00,2026-07-01T21:01:53.765505,2,2,87.1,0.4,86.9,10,86.8,250,,,,,,,,,,,,,,,,,87.3,152,87.6,6,,,,,,,,,,,,,,,,
2026-07-01T11:01:53.992236+00:00,2026-07-01T21:01:53.988236,1,2,87.05,0.5,86.8,250,,,,,,,,,,,,,,,,,,,87.3,152,87.6,6,,,,,,,,,,,,,,,,
2026-07-01T11:01:54.002656+00:00,2026-07-01T21:01:53.996656,2,2,87.1,0.4,86.9,10,86.8,250,,,,,,,,,,,,,,,,,87.3,152,87.6,6,,,,,,,,,,,,,,,,
2026-07-01T11:01:54.211390+00:00,2026-07-01T21:01:54.208390,2,2,87.1,0.4,86.9,10,86.8,250,,,,,,,,,,,,,,,,,87.3,111,87.6,6,,,,,,,,,,,,,,,,
2026-07-01T11:01:54.508012+00:00,2026-07-01T21:01:54.504011,2,2,87.1,0.4,86.9,10,86.8,250,,,,,,,,,,,,,,,,,87.3,111,87.6,6,,,,,,,,,,,,,,,,
2026-07-01T11:01:54.672011+00:00,2026-07-01T21:01:54.663012,2,2,87.1,0.4,86.9,10,86.8,250,,,,,,,,,,,,,,,,,87.3,61,87.6,6,,,,,,,,,,,,,,,,
2026-07-01T11:01:55.012857+00:00,2026-07-01T21:01:55.006856,1,2,87.05,0.5,86.8,250,,,,,,,,,,,,,,,,,,,87.3,61,87.6,6,,,,,,,,,,,,,,,,
2026-07-01T11:01:55.024508+00:00,2026-07-01T21:01:55.012857,2,2,87.1,0.4,86.9,10,86.8,250,,,,,,,,,,,,,,,,,87.3,61,87.6,6,,,,,,,,,,,,,,,,
2026-07-01T11:01:55.112022+00:00,2026-07-01T21:01:55.106023,2,2,87.1,0.4,86.9,10,86.8,100,,,,,,,,,,,,,,,,,87.3,61,87.6,6,,,,,,,,,,,,,,,,
2026-07-01T11:01:55.167018+00:00,2026-07-01T21:01:55.163018,3,0,,,87.6,83,86.9,10,86.8,100,,,,,,,,,,,,,,,,,,,,,,,,,,,,,,,,,,
2026-07-01T11:01:55.222018+00:00,2026-07-01T21:01:55.217018,3,1,87.85,0.5,87.6,83,86.9,10,86.8,100,,,,,,,,,,,,,,,88.1,150,,,,,,,,,,,,,,,,,,
2026-07-01T11:01:55.343013+00:00,2026-07-01T21:01:55.339014,2,1,87.85,0.5,87.6,83,86.9,10,,,,,,,,,,,,,,,,,88.1,150,,,,,,,,,,,,,,,,,,
2026-07-01T11:01:55.398014+00:00,2026-07-01T21:01:55.388014,3,1,87.85,0.5,87.6,83,87.3,100,86.9,10,,,,,,,,,,,,,,,88.1,150,,,,,,,,,,,,,,,,,,
2026-07-01T11:01:55.453015+00:00,2026-07-01T21:01:55.447014,3,2,87.7,0.2,87.6,83,87.3,100,86.9,10,,,,,,,,,,,,,,,87.8,100,88.1,150,,,,,,,,,,,,,,,,
2026-07-01T11:01:55.519015+00:00,2026-07-01T21:01:55.517014,2,2,87.7,0.2,87.6,83,87.3,100,,,,,,,,,,,,,,,,,87.8,100,88.1,150,,,,,,,,,,,,,,,,
2026-07-01T11:01:55.530013+00:00,2026-07-01T21:01:55.521015,2,2,87.7,0.2,87.6,83,87.3,100,,,,,,,,,,,,,,,,,87.8,110,88.1,150,,,,,,,,,,,,,,,,
2026-07-01T11:01:55.910503+00:00,2026-07-01T21:01:55.901503,2,2,87.7,0.2,87.6,48,87.3,100,,,,,,,,,,,,,,,,,87.8,110,88.1,150,,,,,,,,,,,,,,,,
2026-07-01T11:01:55.997844+00:00,2026-07-01T21:01:55.987845,2,2,87.7,0.2,87.6,13,87.3,100,,,,,,,,,,,,,,,,,87.8,110,88.1,150,,,,,,,,,,,,,,,,
2026-07-01T11:01:56.030845+00:00,2026-07-01T21:01:56.028845,2,2,87.7,0.2,87.6,13,87.3,100,,,,,,,,,,,,,,,,,87.8,110,88.1,150,,,,,,,,,,,,,,,,
2026-07-01T11:01:56.085568+00:00,2026-07-01T21:01:56.077016,1,2,87.55,0.5,87.3,100,,,,,,,,,,,,,,,,,,,87.8,110,88.1,150,,,,,,,,,,,,,,,,
2026-07-01T11:01:56.535828+00:00,2026-07-01T21:01:56.532828,1,2,87.55,0.5,87.3,100,,,,,,,,,,,,,,,,,,,87.8,100,88.1,150,,,,,,,,,,,,,,,,
2026-07-01T11:01:56.655725+00:00,2026-07-01T21:01:56.647725,1,3,87.4,0.2,87.3,100,,,,,,,,,,,,,,,,,,,87.5,6,87.8,100,88.1,150,,,,,,,,,,,,,,
2026-07-01T11:01:56.787018+00:00,2026-07-01T21:01:56.785018,1,2,87.55,0.5,87.3,100,,,,,,,,,,,,,,,,,,,87.8,56,88.1,150,,,,,,,,,,,,,,,,
2026-07-01T11:01:57.061050+00:00,2026-07-01T21:01:57.054051,1,3,87.45,0.3,87.3,100,,,,,,,,,,,,,,,,,,,87.6,6,87.8,56,88.1,150,,,,,,,,,,,,,,
2026-07-01T11:01:58.272796+00:00,2026-07-01T21:01:58.271795,1,2,87.45,0.3,87.3,100,,,,,,,,,,,,,,,,,,,87.6,6,87.8,56,,,,,,,,,,,,,,,,
2026-07-01T11:01:58.283808+00:00,2026-07-01T21:01:58.273816,1,2,87.45,0.3,87.3,100,,,,,,,,,,,,,,,,,,,87.6,5,87.8,56,,,,,,,,,,,,,,,,
2026-07-01T11:01:58.294519+00:00,2026-07-01T21:01:58.285809,1,2,87.45,0.3,87.3,59,,,,,,,,,,,,,,,,,,,87.6,5,87.8,56,,,,,,,,,,,,,,,,
2026-07-01T11:01:58.393495+00:00,2026-07-01T21:01:58.386493,2,3,87.35,0.1,87.3,59,86.9,150,,,,,,,,,,,,,,,,,87.4,150,87.6,5,87.8,56,,,,,,,,,,,,,,
2026-07-01T11:01:58.514013+00:00,2026-07-01T21:01:58.509011,1,2,87.15,0.5,86.9,150,,,,,,,,,,,,,,,,,,,87.4,150,87.6,5,,,,,,,,,,,,,,,,
2026-07-01T11:01:58.557081+00:00,2026-07-01T21:01:58.554082,2,2,87.3,0.2,87.2,100,86.9,150,,,,,,,,,,,,,,,,,87.4,150,87.6,5,,,,,,,,,,,,,,,,
2026-07-01T11:01:58.655574+00:00,2026-07-01T21:01:58.647060,2,3,87.3,0.2,87.2,100,86.9,150,,,,,,,,,,,,,,,,,87.4,150,87.6,5,87.7,100,,,,,,,,,,,,,,
2026-07-01T11:01:58.897022+00:00,2026-07-01T21:01:58.894022,2,3,87.3,0.2,87.2,100,86.9,150,,,,,,,,,,,,,,,,,87.4,100,87.6,5,87.7,100,,,,,,,,,,,,,,
2026-07-01T11:01:59.061752+00:00,2026-07-01T21:01:59.051753,2,3,87.3,0.2,87.2,100,86.9,150,,,,,,,,,,,,,,,,,87.4,100,87.6,4,87.7,100,,,,,,,,,,,,,,
2026-07-01T11:01:59.914204+00:00,2026-07-01T21:01:59.910540,2,3,87.3,0.2,87.2,100,86.9,150,,,,,,,,,,,,,,,,,87.4,100,87.6,3,87.7,100,,,,,,,,,,,,,,
2026-07-01T11:02:00.090089+00:00,2026-07-01T21:02:00.082089,2,3,87.3,0.2,87.2,110,86.9,150,,,,,,,,,,,,,,,,,87.4,100,87.6,3,87.7,100,,,,,,,,,,,,,,
2026-07-01T11:02:00.603684+00:00,2026-07-01T21:02:00.597684,2,3,87.3,0.2,87.2,110,86.9,150,,,,,,,,,,,,,,,,,87.4,100,87.6,3,87.7,100,,,,,,,,,,,,,,
2026-07-01T11:02:00.998805+00:00,2026-07-01T21:02:00.995805,2,3,87.3,0.2,87.2,110,86.9,150,,,,,,,,,,,,,,,,,87.4,50,87.6,3,87.7,100,,,,,,,,,,,,,,
2026-07-01T11:02:01.053350+00:00,2026-07-01T21:02:01.051349,2,3,87.3,0.2,87.2,110,86.9,150,,,,,,,,,,,,,,,,,87.4,4,87.6,3,87.7,100,,,,,,,,,,,,,,
2026-07-01T11:02:01.096916+00:00,2026-07-01T21:02:01.090094,2,3,87.3,0.2,87.2,100,86.9,150,,,,,,,,,,,,,,,,,87.4,4,87.6,3,87.7,100,,,,,,,,,,,,,,
2026-07-01T11:02:01.107917+00:00,2026-07-01T21:02:01.105917,2,3,87.3,0.2,87.2,110,86.9,150,,,,,,,,,,,,,,,,,87.4,4,87.6,3,87.7,100,,,,,,,,,,,,,,
2026-07-01T11:02:01.140917+00:00,2026-07-01T21:02:01.129916,2,3,87.3,0.2,87.2,110,86.9,150,,,,,,,,,,,,,,,,,87.4,4,87.6,2,87.7,100,,,,,,,,,,,,,,
2026-07-01T11:02:01.393518+00:00,2026-07-01T21:02:01.382441,2,3,87.3,0.2,87.2,110,86.9,150,,,,,,,,,,,,,,,,,87.4,4,87.6,1,87.7,100,,,,,,,,,,,,,,
2026-07-01T11:02:01.448531+00:00,2026-07-01T21:02:01.445532,1,2,87.4,0.4,87.2,110,,,,,,,,,,,,,,,,,,,87.6,1,87.7,100,,,,,,,,,,,,,,,,
2026-07-01T11:02:01.503532+00:00,2026-07-01T21:02:01.499532,2,1,87.65,0.1,87.6,149,87.2,110,,,,,,,,,,,,,,,,,87.7,100,,,,,,,,,,,,,,,,,,
2026-07-01T11:02:01.557742+00:00,2026-07-01T21:02:01.552741,2,2,87.65,0.1,87.6,149,87.2,110,,,,,,,,,,,,,,,,,87.7,100,88.1,150,,,,,,,,,,,,,,,,
2026-07-01T11:02:01.590741+00:00,2026-07-01T21:02:01.586742,2,2,87.65,0.1,87.6,114,87.2,110,,,,,,,,,,,,,,,,,87.7,100,88.1,150,,,,,,,,,,,,,,,,
2026-07-01T11:02:01.612741+00:00,2026-07-01T21:02:01.601742,2,2,87.65,0.1,87.6,64,87.2,110,,,,,,,,,,,,,,,,,87.7,100,88.1,150,,,,,,,,,,,,,,,,
2026-07-01T11:02:01.623516+00:00,2026-07-01T21:02:01.619515,2,2,87.65,0.1,87.6,24,87.2,100,,,,,,,,,,,,,,,,,87.7,110,88.1,150,,,,,,,,,,,,,,,,
2026-07-01T11:02:01.667883+00:00,2026-07-01T21:02:01.662883,1,2,87.65,0.1,87.6,24,,,,,,,,,,,,,,,,,,,87.7,10,88.1,150,,,,,,,,,,,,,,,,
2026-07-01T11:02:01.678884+00:00,2026-07-01T21:02:01.675882,0,2,,,,,,,,,,,,,,,,,,,,,,,87.7,10,88.1,150,,,,,,,,,,,,,,,,
2026-07-01T11:02:01.722882+00:00,2026-07-01T21:02:01.714882,1,2,87.5,0.4,87.3,100,,,,,,,,,,,,,,,,,,,87.7,10,88.1,150,,,,,,,,,,,,,,,,
2026-07-01T11:02:01.777039+00:00,2026-07-01T21:02:01.768040,1,3,87.5,0.4,87.3,100,,,,,,,,,,,,,,,,,,,87.7,10,87.8,100,88.1,150,,,,,,,,,,,,,,
2026-07-01T11:02:02.084724+00:00,2026-07-01T21:02:02.076124,1,2,87.55,0.5,87.3,100,,,,,,,,,,,,,,,,,,,87.8,70,88.1,150,,,,,,,,,,,,,,,,
2026-07-01T11:02:02.335094+00:00,2026-07-01T21:02:02.330726,1,2,87.55,0.5,87.3,104,,,,,,,,,,,,,,,,,,,87.8,70,88.1,150,,,,,,,,,,,,,,,,
2026-07-01T11:02:02.927033+00:00,2026-07-01T21:02:02.925033,1,2,87.55,0.5,87.3,103,,,,,,,,,,,,,,,,,,,87.8,70,88.1,150,,,,,,,,,,,,,,,,
2026-07-01T11:02:02.992549+00:00,2026-07-01T21:02:02.988548,1,2,87.55,0.5,87.3,102,,,,,,,,,,,,,,,,,,,87.8,70,88.1,150,,,,,,,,,,,,,,,,
2026-07-01T11:02:03.112681+00:00,2026-07-01T21:02:03.109681,1,2,87.55,0.5,87.3,102,,,,,,,,,,,,,,,,,,,87.8,20,88.1,150,,,,,,,,,,,,,,,,
2026-07-01T11:02:03.300466+00:00,2026-07-01T21:02:03.291035,1,2,87.55,0.5,87.3,101,,,,,,,,,,,,,,,,,,,87.8,20,88.1,150,,,,,,,,,,,,,,,,
2026-07-01T11:02:04.242995+00:00,2026-07-01T21:02:04.232994,1,3,87.45,0.3,87.3,101,,,,,,,,,,,,,,,,,,,87.6,4,87.8,20,88.1,150,,,,,,,,,,,,,,
2026-07-01T11:02:04.613659+00:00,2026-07-01T21:02:04.608660,1,1,87.55,0.5,87.3,101,,,,,,,,,,,,,,,,,,,87.8,20,,,,,,,,,,,,,,,,,,
2026-07-01T11:02:04.669087+00:00,2026-07-01T21:02:04.660088,2,1,87.55,0.5,87.3,101,87.0,150,,,,,,,,,,,,,,,,,87.8,20,,,,,,,,,,,,,,,,,,
2026-07-01T11:02:04.723617+00:00,2026-07-01T21:02:04.713622,2,2,87.4,0.2,87.3,101,87.0,150,,,,,,,,,,,,,,,,,87.5,150,87.8,20,,,,,,,,,,,,,,,,
2026-07-01T11:02:04.823049+00:00,2026-07-01T21:02:04.823049,2,1,87.4,0.2,87.3,1,87.0,150,,,,,,,,,,,,,,,,,87.5,150,,,,,,,,,,,,,,,,,,
2026-07-01T11:02:04.887865+00:00,2026-07-01T21:02:04.876866,2,1,87.4,0.2,87.3,1,87.0,150,,,,,,,,,,,,,,,,,87.5,50,,,,,,,,,,,,,,,,,,
2026-07-01T11:02:04.931383+00:00,2026-07-01T21:02:04.930382,2,2,87.4,0.2,87.3,1,87.0,150,,,,,,,,,,,,,,,,,87.5,50,88.0,100,,,,,,,,,,,,,,,,
2026-07-01T11:02:05.261051+00:00,2026-07-01T21:02:05.255051,2,1,87.65,0.7,87.3,1,87.0,150,,,,,,,,,,,,,,,,,88.0,100,,,,,,,,,,,,,,,,,,
2026-07-01T11:02:05.316040+00:00,2026-07-01T21:02:05.315039,2,2,87.5,0.4,87.3,1,87.0,150,,,,,,,,,,,,,,,,,87.7,3,88.0,100,,,,,,,,,,,,,,,,
2026-07-01T11:02:06.073042+00:00,2026-07-01T21:02:06.068042,2,2,87.5,0.4,87.3,1,87.0,150,,,,,,,,,,,,,,,,,87.7,1,88.0,100,,,,,,,,,,,,,,,,
2026-07-01T11:02:07.439961+00:00,2026-07-01T21:02:07.429962,1,2,87.35,0.7,87.0,101,,,,,,,,,,,,,,,,,,,87.7,1,88.0,100,,,,,,,,,,,,,,,,
2026-07-01T11:02:07.778527+00:00,2026-07-01T21:02:07.767527,0,2,,,,,,,,,,,,,,,,,,,,,,,87.7,1,88.0,100,,,,,,,,,,,,,,,,
2026-07-01T11:02:07.822527+00:00,2026-07-01T21:02:07.820527,1,2,87.5,0.4,87.3,150,,,,,,,,,,,,,,,,,,,87.7,1,88.0,100,,,,,,,,,,,,,,,,
2026-07-01T11:02:07.877551+00:00,2026-07-01T21:02:07.874551,1,3,87.5,0.4,87.3,150,,,,,,,,,,,,,,,,,,,87.7,1,87.8,150,88.0,100,,,,,,,,,,,,,,
2026-07-01T11:02:07.987080+00:00,2026-07-01T21:02:07.984080,1,2,87.5,0.4,87.3,150,,,,,,,,,,,,,,,,,,,87.7,1,87.8,150,,,,,,,,,,,,,,,,
2026-07-01T11:02:08.053080+00:00,2026-07-01T21:02:08.044080,2,2,87.5,0.4,87.3,150,87.1,100,,,,,,,,,,,,,,,,,87.7,1,87.8,150,,,,,,,,,,,,,,,,
2026-07-01T11:02:08.096546+00:00,2026-07-01T21:02:08.091546,2,3,87.45,0.3,87.3,150,87.1,100,,,,,,,,,,,,,,,,,87.6,100,87.7,1,87.8,150,,,,,,,,,,,,,,
2026-07-01T11:02:08.337600+00:00,2026-07-01T21:02:08.327532,2,3,87.45,0.3,87.3,102,87.1,100,,,,,,,,,,,,,,,,,87.6,100,87.7,1,87.8,150,,,,,,,,,,,,,,
2026-07-01T11:02:08.948503+00:00,2026-07-01T21:02:08.941503,2,3,87.45,0.3,87.3,102,87.1,100,,,,,,,,,,,,,,,,,87.6,56,87.7,1,87.8,150,,,,,,,,,,,,,,
2026-07-01T11:02:09.123056+00:00,2026-07-01T21:02:09.117541,2,2,87.45,0.3,87.3,102,87.1,100,,,,,,,,,,,,,,,,,87.6,56,87.8,150,,,,,,,,,,,,,,,,
2026-07-01T11:02:09.536716+00:00,2026-07-01T21:02:09.535715,2,2,87.45,0.3,87.3,52,87.1,100,,,,,,,,,,,,,,,,,87.6,56,87.8,150,,,,,,,,,,,,,,,,
2026-07-01T11:02:09.569715+00:00,2026-07-01T21:02:09.567716,2,2,87.45,0.3,87.3,11,87.1,100,,,,,,,,,,,,,,,,,87.6,56,87.8,150,,,,,,,,,,,,,,,,
2026-07-01T11:02:09.690342+00:00,2026-07-01T21:02:09.685341,3,2,87.5,0.2,87.4,5,87.3,11,87.1,100,,,,,,,,,,,,,,,87.6,56,87.8,150,,,,,,,,,,,,,,,,
2026-07-01T11:02:10.386881+00:00,2026-07-01T21:02:10.379881,3,3,87.5,0.2,87.4,5,87.3,11,87.1,100,,,,,,,,,,,,,,,87.6,56,87.7,1,87.8,150,,,,,,,,,,,,,,
2026-07-01T11:02:10.750055+00:00,2026-07-01T21:02:10.750055,3,3,87.5,0.2,87.4,4,87.3,11,87.1,100,,,,,,,,,,,,,,,87.6,56,87.7,1,87.8,150,,,,,,,,,,,,,,
2026-07-01T11:02:10.935151+00:00,2026-07-01T21:02:10.929792,2,2,87.5,0.2,87.4,4,87.1,100,,,,,,,,,,,,,,,,,87.6,56,87.7,1,,,,,,,,,,,,,,,,
2026-07-01T11:02:10.989637+00:00,2026-07-01T21:02:10.983636,3,2,87.5,0.2,87.4,4,87.1,100,86.7,150,,,,,,,,,,,,,,,87.6,56,87.7,1,,,,,,,,,,,,,,,,
2026-07-01T11:02:11.055175+00:00,2026-07-01T21:02:11.047651,2,3,87.15,0.1,87.1,100,86.7,150,,,,,,,,,,,,,,,,,87.2,146,87.6,56,87.7,1,,,,,,,,,,,,,,
2026-07-01T11:02:11.153692+00:00,2026-07-01T21:02:11.145690,1,2,86.95,0.5,86.7,150,,,,,,,,,,,,,,,,,,,87.2,146,87.7,1,,,,,,,,,,,,,,,,
2026-07-01T11:02:11.208726+00:00,2026-07-01T21:02:11.204704,2,2,87.0,0.4,86.8,10,86.7,150,,,,,,,,,,,,,,,,,87.2,46,87.7,1,,,,,,,,,,,,,,,,
2026-07-01T11:02:11.263061+00:00,2026-07-01T21:02:11.261063,2,2,87.0,0.4,86.8,10,86.7,150,,,,,,,,,,,,,,,,,87.2,46,87.7,101,,,,,,,,,,,,,,,,
2026-07-01T11:02:11.712633+00:00,2026-07-01T21:02:11.711634,2,2,87.0,0.4,86.8,10,86.7,150,,,,,,,,,,,,,,,,,87.2,46,87.7,101,,,,,,,,,,,,,,,,
2026-07-01T11:02:11.779143+00:00,2026-07-01T21:02:11.769144,2,2,87.0,0.4,86.8,10,86.7,150,,,,,,,,,,,,,,,,,87.2,42,87.7,101,,,,,,,,,,,,,,,,
2026-07-01T11:02:12.226897+00:00,2026-07-01T21:02:12.218897,2,2,87.0,0.4,86.8,10,86.7,150,,,,,,,,,,,,,,,,,87.2,42,87.7,101,,,,,,,,,,,,,,,,
2026-07-01T11:02:12.303435+00:00,2026-07-01T21:02:12.294435,2,2,87.0,0.4,86.8,10,86.7,150,,,,,,,,,,,,,,,,,87.2,38,87.7,101,,,,,,,,,,,,,,,,
2026-07-01T11:02:12.435061+00:00,2026-07-01T21:02:12.428561,2,2,87.0,0.4,86.8,10,86.7,150,,,,,,,,,,,,,,,,,87.2,35,87.7,101,,,,,,,,,,,,,,,,
2026-07-01T11:02:12.729702+00:00,2026-07-01T21:02:12.726702,2,2,87.0,0.4,86.8,10,86.7,150,,,,,,,,,,,,,,,,,87.2,35,87.7,101,,,,,,,,,,,,,,,,
2026-07-01T11:02:13.233687+00:00,2026-07-01T21:02:13.231688,1,2,86.95,0.5,86.7,150,,,,,,,,,,,,,,,,,,,87.2,35,87.7,101,,,,,,,,,,,,,,,,
2026-07-01T11:02:13.244240+00:00,2026-07-01T21:02:13.234687,2,2,87.0,0.4,86.8,10,86.7,150,,,,,,,,,,,,,,,,,87.2,35,87.7,101,,,,,,,,,,,,,,,,
2026-07-01T11:02:13.715230+00:00,2026-07-01T21:02:13.715230,2,1,87.25,0.9,86.8,10,86.7,150,,,,,,,,,,,,,,,,,87.7,100,,,,,,,,,,,,,,,,,,
2026-07-01T11:02:13.758637+00:00,2026-07-01T21:02:13.750638,1,1,87.2,1.0,86.7,150,,,,,,,,,,,,,,,,,,,87.7,100,,,,,,,,,,,,,,,,,,
2026-07-01T11:02:14.108120+00:00,2026-07-01T21:02:14.105119,0,1,,,,,,,,,,,,,,,,,,,,,,,87.7,100,,,,,,,,,,,,,,,,,,
2026-07-01T11:02:14.162635+00:00,2026-07-01T21:02:14.156637,1,1,87.5,0.4,87.3,150,,,,,,,,,,,,,,,,,,,87.7,100,,,,,,,,,,,,,,,,,,
2026-07-01T11:02:14.218118+00:00,2026-07-01T21:02:14.210118,1,2,87.5,0.4,87.3,150,,,,,,,,,,,,,,,,,,,87.7,100,87.8,150,,,,,,,,,,,,,,,,
2026-07-01T11:02:14.338063+00:00,2026-07-01T21:02:14.332063,0,1,,,,,,,,,,,,,,,,,,,,,,,87.8,150,,,,,,,,,,,,,,,,,,
2026-07-01T11:02:14.392580+00:00,2026-07-01T21:02:14.391580,1,1,87.2,1.2,86.6,100,,,,,,,,,,,,,,,,,,,87.8,150,,,,,,,,,,,,,,,,,,
2026-07-01T11:02:14.447736+00:00,2026-07-01T21:02:14.443736,1,2,86.85,0.5,86.6,100,,,,,,,,,,,,,,,,,,,87.1,100,87.8,150,,,,,,,,,,,,,,,,
2026-07-01T11:02:14.754373+00:00,2026-07-01T21:02:14.751592,1,2,86.85,0.5,86.6,100,,,,,,,,,,,,,,,,,,,87.1,58,87.8,150,,,,,,,,,,,,,,,,
2026-07-01T11:02:15.770667+00:00,2026-07-01T21:02:15.768141,2,2,86.9,0.4,86.7,10,86.6,100,,,,,,,,,,,,,,,,,87.1,58,87.8,150,,,,,,,,,,,,,,,,
2026-07-01T11:02:15.824029+00:00,2026-07-01T21:02:15.822554,2,2,86.9,0.4,86.7,10,86.6,100,,,,,,,,,,,,,,,,,87.1,8,87.8,150,,,,,,,,,,,,,,,,
2026-07-01T11:02:16.282152+00:00,2026-07-01T21:02:16.278153,2,2,86.9,0.4,86.7,10,86.6,100,,,,,,,,,,,,,,,,,87.1,8,87.8,150,,,,,,,,,,,,,,,,
2026-07-01T11:02:16.787771+00:00,2026-07-01T21:02:16.785771,2,2,86.9,0.4,86.7,10,86.6,100,,,,,,,,,,,,,,,,,87.1,8,87.8,150,,,,,,,,,,,,,,,,
2026-07-01T11:02:16.942068+00:00,2026-07-01T21:02:16.940068,2,2,86.9,0.4,86.7,10,86.6,100,,,,,,,,,,,,,,,,,87.1,5,87.8,150,,,,,,,,,,,,,,,,
2026-07-01T11:02:17.271855+00:00,2026-07-01T21:02:17.264856,2,1,86.9,0.4,86.7,10,86.6,100,,,,,,,,,,,,,,,,,87.1,5,,,,,,,,,,,,,,,,,,
2026-07-01T11:02:17.315890+00:00,2026-07-01T21:02:17.307890,2,1,86.95,0.3,86.8,10,86.6,100,,,,,,,,,,,,,,,,,87.1,5,,,,,,,,,,,,,,,,,,
2026-07-01T11:02:17.326890+00:00,2026-07-01T21:02:17.318890,2,1,86.95,0.3,86.8,10,86.6,250,,,,,,,,,,,,,,,,,87.1,5,,,,,,,,,,,,,,,,,,
2026-07-01T11:02:17.381434+00:00,2026-07-01T21:02:17.371433,2,1,86.95,0.3,86.8,10,86.6,250,,,,,,,,,,,,,,,,,87.1,155,,,,,,,,,,,,,,,,,,
2026-07-01T11:02:17.501984+00:00,2026-07-01T21:02:17.500985,2,1,86.95,0.3,86.8,10,86.6,150,,,,,,,,,,,,,,,,,87.1,150,,,,,,,,,,,,,,,,,,
2026-07-01T11:02:17.555817+00:00,2026-07-01T21:02:17.553817,3,1,87.05,0.1,87.0,100,86.8,10,86.6,150,,,,,,,,,,,,,,,87.1,150,,,,,,,,,,,,,,,,,,
2026-07-01T11:02:17.610817+00:00,2026-07-01T21:02:17.605817,3,2,87.05,0.1,87.0,100,86.8,10,86.6,150,,,,,,,,,,,,,,,87.1,150,87.5,100,,,,,,,,,,,,,,,,
2026-07-01T11:02:17.819573+00:00,2026-07-01T21:02:17.815573,2,2,87.05,0.1,87.0,110,86.6,150,,,,,,,,,,,,,,,,,87.1,150,87.5,100,,,,,,,,,,,,,,,,
2026-07-01T11:02:17.928516+00:00,2026-07-01T21:02:17.923516,2,2,87.05,0.1,87.0,110,86.6,150,,,,,,,,,,,,,,,,,87.1,100,87.5,100,,,,,,,,,,,,,,,,
2026-07-01T11:02:18.355186+00:00,2026-07-01T21:02:18.351186,2,2,87.05,0.1,87.0,110,86.6,150,,,,,,,,,,,,,,,,,87.1,100,87.5,100,,,,,,,,,,,,,,,,
2026-07-01T11:02:18.857621+00:00,2026-07-01T21:02:18.856620,2,2,87.05,0.1,87.0,100,86.6,150,,,,,,,,,,,,,,,,,87.1,100,87.5,100,,,,,,,,,,,,,,,,
2026-07-01T11:02:18.868621+00:00,2026-07-01T21:02:18.859621,2,2,87.05,0.1,87.0,110,86.6,150,,,,,,,,,,,,,,,,,87.1,100,87.5,100,,,,,,,,,,,,,,,,
2026-07-01T11:02:18.989865+00:00,2026-07-01T21:02:18.988865,2,3,87.05,0.1,87.0,110,86.6,150,,,,,,,,,,,,,,,,,87.1,100,87.4,6,87.5,100,,,,,,,,,,,,,,
2026-07-01T11:02:19.154542+00:00,2026-07-01T21:02:19.143541,2,3,87.05,0.1,87.0,61,86.6,150,,,,,,,,,,,,,,,,,87.1,100,87.4,6,87.5,100,,,,,,,,,,,,,,
2026-07-01T11:02:19.373572+00:00,2026-07-01T21:02:19.366572,2,3,87.05,0.1,87.0,61,86.6,150,,,,,,,,,,,,,,,,,87.1,100,87.4,6,87.5,100,,,,,,,,,,,,,,
2026-07-01T11:02:19.877139+00:00,2026-07-01T21:02:19.874138,2,3,87.05,0.1,87.0,61,86.6,150,,,,,,,,,,,,,,,,,87.1,100,87.4,6,87.5,100,,,,,,,,,,,,,,
2026-07-01T11:02:20.042144+00:00,2026-07-01T21:02:20.032144,2,3,87.05,0.1,87.0,61,86.6,150,,,,,,,,,,,,,,,,,87.1,50,87.4,6,87.5,100,,,,,,,,,,,,,,
2026-07-01T11:02:20.381463+00:00,2026-07-01T21:02:20.380463,2,3,87.05,0.1,87.0,51,86.6,150,,,,,,,,,,,,,,,,,87.1,50,87.4,6,87.5,100,,,,,,,,,,,,,,
2026-07-01T11:02:20.392466+00:00,2026-07-01T21:02:20.384463,2,3,87.05,0.1,87.0,61,86.6,150,,,,,,,,,,,,,,,,,87.1,50,87.4,6,87.5,100,,,,,,,,,,,,,,
2026-07-01T11:02:20.424991+00:00,2026-07-01T21:02:20.424476,2,2,87.2,0.4,87.0,61,86.6,150,,,,,,,,,,,,,,,,,87.4,6,87.5,100,,,,,,,,,,,,,,,,
2026-07-01T11:02:20.435990+00:00,2026-07-01T21:02:20.425990,1,2,87.2,0.4,87.0,61,,,,,,,,,,,,,,,,,,,87.4,6,87.5,100,,,,,,,,,,,,,,,,
2026-07-01T11:02:20.491001+00:00,2026-07-01T21:02:20.480002,1,2,87.2,0.4,87.0,211,,,,,,,,,,,,,,,,,,,87.4,6,87.5,100,,,,,,,,,,,,,,,,
2026-07-01T11:02:20.523519+00:00,2026-07-01T21:02:20.515519,1,2,87.2,0.4,87.0,211,,,,,,,,,,,,,,,,,,,87.4,4,87.5,100,,,,,,,,,,,,,,,,
2026-07-01T11:02:20.534531+00:00,2026-07-01T21:02:20.532519,1,2,87.2,0.4,87.0,211,,,,,,,,,,,,,,,,,,,87.4,4,87.5,250,,,,,,,,,,,,,,,,
2026-07-01T11:02:20.666077+00:00,2026-07-01T21:02:20.662078,1,2,87.2,0.4,87.0,160,,,,,,,,,,,,,,,,,,,87.4,4,87.5,150,,,,,,,,,,,,,,,,
2026-07-01T11:02:20.721077+00:00,2026-07-01T21:02:20.715077,2,1,87.25,0.5,87.0,160,86.9,100,,,,,,,,,,,,,,,,,87.5,113,,,,,,,,,,,,,,,,,,
2026-07-01T11:02:20.775078+00:00,2026-07-01T21:02:20.773152,2,2,87.2,0.4,87.0,160,86.9,100,,,,,,,,,,,,,,,,,87.4,100,87.5,113,,,,,,,,,,,,,,,,
2026-07-01T11:02:20.896078+00:00,2026-07-01T21:02:20.889077,2,2,87.2,0.4,87.0,150,86.9,100,,,,,,,,,,,,,,,,,87.4,100,87.5,113,,,,,,,,,,,,,,,,
2026-07-01T11:02:21.380080+00:00,2026-07-01T21:02:21.376080,2,2,87.2,0.4,87.0,106,86.9,100,,,,,,,,,,,,,,,,,87.4,100,87.5,113,,,,,,,,,,,,,,,,
2026-07-01T11:02:21.971081+00:00,2026-07-01T21:02:21.969082,2,2,87.2,0.4,87.0,66,86.9,100,,,,,,,,,,,,,,,,,87.4,100,87.5,113,,,,,,,,,,,,,,,,
2026-07-01T11:02:22.145597+00:00,2026-07-01T21:02:22.144081,2,2,87.2,0.4,87.0,66,86.9,100,,,,,,,,,,,,,,,,,87.4,50,87.5,113,,,,,,,,,,,,,,,,
2026-07-01T11:02:23.588751+00:00,2026-07-01T21:02:23.586751,2,1,87.2,0.4,87.0,66,86.9,100,,,,,,,,,,,,,,,,,87.4,50,,,,,,,,,,,,,,,,,,
2026-07-01T11:02:23.599752+00:00,2026-07-01T21:02:23.589751,1,1,87.15,0.5,86.9,100,,,,,,,,,,,,,,,,,,,87.4,50,,,,,,,,,,,,,,,,,,
2026-07-01T11:02:23.643446+00:00,2026-07-01T21:02:23.641446,2,1,87.15,0.5,86.9,100,86.7,150,,,,,,,,,,,,,,,,,87.4,50,,,,,,,,,,,,,,,,,,
2026-07-01T11:02:23.697559+00:00,2026-07-01T21:02:23.695560,2,2,87.05,0.3,86.9,100,86.7,150,,,,,,,,,,,,,,,,,87.2,150,87.4,50,,,,,,,,,,,,,,,,
2026-07-01T11:02:23.839951+00:00,2026-07-01T21:02:23.833965,1,1,86.95,0.5,86.7,150,,,,,,,,,,,,,,,,,,,87.2,150,,,,,,,,,,,,,,,,,,
2026-07-01T11:02:23.883532+00:00,2026-07-01T21:02:23.880532,2,1,87.1,0.2,87.0,100,86.7,150,,,,,,,,,,,,,,,,,87.2,150,,,,,,,,,,,,,,,,,,
2026-07-01T11:02:23.938060+00:00,2026-07-01T21:02:23.934059,2,2,87.1,0.2,87.0,100,86.7,150,,,,,,,,,,,,,,,,,87.2,150,87.5,100,,,,,,,,,,,,,,,,
2026-07-01T11:02:24.311086+00:00,2026-07-01T21:02:24.305087,2,2,87.1,0.2,87.0,50,86.7,150,,,,,,,,,,,,,,,,,87.2,150,87.5,100,,,,,,,,,,,,,,,,
2026-07-01T11:02:24.934594+00:00,2026-07-01T21:02:24.930594,2,2,87.1,0.2,87.0,60,86.7,150,,,,,,,,,,,,,,,,,87.2,150,87.5,100,,,,,,,,,,,,,,,,
2026-07-01T11:02:25.437148+00:00,2026-07-01T21:02:25.434148,2,2,87.1,0.2,87.0,50,86.7,150,,,,,,,,,,,,,,,,,87.2,150,87.5,100,,,,,,,,,,,,,,,,
