recv_time,book_timestamp,n_bids,n_asks,mid,spread,bid_px_0,bid_vol_0,bid_px_1,bid_vol_1,bid_px_2,bid_vol_2,bid_px_3,bid_vol_3,bid_px_4,bid_vol_4,bid_px_5,bid_vol_5,bid_px_6,bid_vol_6,bid_px_7,bid_vol_7,bid_px_8,bid_vol_8,bid_px_9,bid_vol_9,ask_px_0,ask_vol_0,ask_px_1,ask_vol_1,ask_px_2,ask_vol_2,ask_px_3,ask_vol_3,ask_px_4,ask_vol_4,ask_px_5,ask_vol_5,ask_px_6,ask_vol_6,ask_px_7,ask_vol_7,ask_px_8,ask_vol_8,ask_px_9,ask_vol_9
2026-07-04T01:00:00.005546+00:00,2026-07-04T01:00:00.005717,2,2,135.5,0.2,135.4,106,135.1,100,,,,,,,,,,,,,,,,,135.6,50,135.9,150,,,,,,,,,,,,,,,,
2026-07-04T01:00:00.350836+00:00,2026-07-04T01:00:00.345658,2,2,135.5,0.2,135.4,94,135.1,100,,,,,,,,,,,,,,,,,135.6,50,135.9,150,,,,,,,,,,,,,,,,
2026-07-04T01:00:00.599553+00:00,2026-07-04T01:00:00.599500,1,1,135.65,0.5,135.4,94,,,,,,,,,,,,,,,,,,,135.9,150,,,,,,,,,,,,,,,,,,
2026-07-04T01:00:00.615152+00:00,2026-07-04T01:00:00.615097,1,1,135.65,0.5,135.4,94,,,,,,,,,,,,,,,,,,,135.9,108,,,,,,,,,,,,,,,,,,
2026-07-04T01:00:00.652584+00:00,2026-07-04T01:00:00.644858,2,1,135.65,0.5,135.4,94,135.3,100,,,,,,,,,,,,,,,,,135.9,108,,,,,,,,,,,,,,,,,,
2026-07-04T01:00:00.701643+00:00,2026-07-04T01:00:00.698004,2,2,135.6,0.4,135.4,94,135.3,100,,,,,,,,,,,,,,,,,135.8,100,135.9,108,,,,,,,,,,,,,,,,
2026-07-04T01:00:02.670993+00:00,2026-07-04T01:00:02.670929,1,1,135.55,0.5,135.3,100,,,,,,,,,,,,,,,,,,,135.8,100,,,,,,,,,,,,,,,,,,
2026-07-04T01:00:02.725847+00:00,2026-07-04T01:00:02.725754,2,1,135.6,0.4,135.4,150,135.3,100,,,,,,,,,,,,,,,,,135.8,100,,,,,,,,,,,,,,,,,,
2026-07-04T01:00:02.778438+00:00,2026-07-04T01:00:02.778379,2,2,135.6,0.4,135.4,150,135.3,100,,,,,,,,,,,,,,,,,135.8,100,135.9,150,,,,,,,,,,,,,,,,
2026-07-04T01:00:02.813551+00:00,2026-07-04T01:00:02.813492,2,2,135.6,0.4,135.4,100,135.3,100,,,,,,,,,,,,,,,,,135.8,100,135.9,150,,,,,,,,,,,,,,,,
2026-07-04T01:00:03.250943+00:00,2026-07-04T01:00:03.250812,2,2,135.6,0.4,135.4,100,135.3,100,,,,,,,,,,,,,,,,,135.8,56,135.9,150,,,,,,,,,,,,,,,,
2026-07-04T01:00:03.739523+00:00,2026-07-04T01:00:03.739654,2,2,135.6,0.4,135.4,100,135.3,100,,,,,,,,,,,,,,,,,135.8,15,135.9,150,,,,,,,,,,,,,,,,
2026-07-04T01:00:03.761401+00:00,2026-07-04T01:00:03.761357,1,1,135.65,0.5,135.4,100,,,,,,,,,,,,,,,,,,,135.9,150,,,,,,,,,,,,,,,,,,
2026-07-04T01:00:03.815992+00:00,2026-07-04T01:00:03.815873,1,1,135.65,0.5,135.4,100,,,,,,,,,,,,,,,,,,,135.9,50,,,,,,,,,,,,,,,,,,
2026-07-04T01:00:03.870285+00:00,2026-07-04T01:00:03.870190,1,2,135.65,0.5,135.4,100,,,,,,,,,,,,,,,,,,,135.9,50,136.6,100,,,,,,,,,,,,,,,,
2026-07-04T01:00:04.928505+00:00,2026-07-04T01:00:04.928427,1,2,135.65,0.5,135.4,50,,,,,,,,,,,,,,,,,,,135.9,50,136.6,100,,,,,,,,,,,,,,,,
2026-07-04T01:00:05.832776+00:00,2026-07-04T01:00:05.832731,0,1,,,,,,,,,,,,,,,,,,,,,,,136.6,100,,,,,,,,,,,,,,,,,,
2026-07-04T01:00:05.886794+00:00,2026-07-04T01:00:05.886935,1,1,136.05,1.1,135.5,150,,,,,,,,,,,,,,,,,,,136.6,100,,,,,,,,,,,,,,,,,,
2026-07-04T01:00:05.939699+00:00,2026-07-04T01:00:05.939815,1,2,135.75,0.5,135.5,150,,,,,,,,,,,,,,,,,,,136.0,150,136.6,100,,,,,,,,,,,,,,,,
2026-07-04T01:00:06.922981+00:00,2026-07-04T01:00:06.922899,1,1,135.75,0.5,135.5,150,,,,,,,,,,,,,,,,,,,136.0,150,,,,,,,,,,,,,,,,,,
2026-07-04T01:00:06.968459+00:00,2026-07-04T01:00:06.966210,1,1,135.75,0.5,135.5,250,,,,,,,,,,,,,,,,,,,136.0,150,,,,,,,,,,,,,,,,,,
2026-07-04T01:00:06.985195+00:00,2026-07-04T01:00:06.985086,1,1,135.75,0.5,135.5,250,,,,,,,,,,,,,,,,,,,136.0,100,,,,,,,,,,,,,,,,,,
2026-07-04T01:00:07.029176+00:00,2026-07-04T01:00:07.029079,1,1,135.75,0.5,135.5,250,,,,,,,,,,,,,,,,,,,136.0,200,,,,,,,,,,,,,,,,,,
2026-07-04T01:00:08.436616+00:00,2026-07-04T01:00:08.436505,1,1,135.75,0.5,135.5,206,,,,,,,,,,,,,,,,,,,136.0,200,,,,,,,,,,,,,,,,,,
2026-07-04T01:00:08.994320+00:00,2026-07-04T01:00:08.994272,1,1,135.75,0.5,135.5,100,,,,,,,,,,,,,,,,,,,136.0,100,,,,,,,,,,,,,,,,,,
2026-07-04T01:00:09.048475+00:00,2026-07-04T01:00:09.048387,2,1,135.8,0.4,135.6,150,135.5,100,,,,,,,,,,,,,,,,,136.0,100,,,,,,,,,,,,,,,,,,
2026-07-04T01:00:09.101087+00:00,2026-07-04T01:00:09.101044,2,2,135.8,0.4,135.6,150,135.5,100,,,,,,,,,,,,,,,,,136.0,100,136.1,150,,,,,,,,,,,,,,,,
2026-07-04T01:00:09.143507+00:00,2026-07-04T01:00:09.143395,2,2,135.8,0.4,135.6,100,135.5,100,,,,,,,,,,,,,,,,,136.0,100,136.1,150,,,,,,,,,,,,,,,,
2026-07-04T01:00:09.568985+00:00,2026-07-04T01:00:09.568948,2,2,135.8,0.4,135.6,54,135.5,100,,,,,,,,,,,,,,,,,136.0,100,136.1,150,,,,,,,,,,,,,,,,
2026-07-04T01:00:10.078934+00:00,2026-07-04T01:00:10.078836,2,1,135.85,0.5,135.6,54,135.5,100,,,,,,,,,,,,,,,,,136.1,150,,,,,,,,,,,,,,,,,,
2026-07-04T01:00:10.084046+00:00,2026-07-04T01:00:10.084002,1,1,135.85,0.5,135.6,54,,,,,,,,,,,,,,,,,,,136.1,150,,,,,,,,,,,,,,,,,,
2026-07-04T01:00:10.136147+00:00,2026-07-04T01:00:10.136096,2,1,135.85,0.5,135.6,54,135.4,100,,,,,,,,,,,,,,,,,136.1,150,,,,,,,,,,,,,,,,,,
2026-07-04T01:00:10.155097+00:00,2026-07-04T01:00:10.154969,2,1,135.85,0.5,135.6,54,135.4,100,,,,,,,,,,,,,,,,,136.1,108,,,,,,,,,,,,,,,,,,
2026-07-04T01:00:10.188624+00:00,2026-07-04T01:00:10.188573,2,2,135.75,0.3,135.6,54,135.4,100,,,,,,,,,,,,,,,,,135.9,100,136.1,108,,,,,,,,,,,,,,,,
2026-07-04T01:00:10.209425+00:00,2026-07-04T01:00:10.209328,2,2,135.75,0.3,135.6,10,135.4,100,,,,,,,,,,,,,,,,,135.9,100,136.1,108,,,,,,,,,,,,,,,,
2026-07-04T01:00:11.202612+00:00,2026-07-04T01:00:11.202548,2,2,135.75,0.3,135.6,10,135.4,100,,,,,,,,,,,,,,,,,135.9,50,136.1,108,,,,,,,,,,,,,,,,
2026-07-04T01:00:11.731607+00:00,2026-07-04T01:00:11.731499,1,2,135.65,0.5,135.4,100,,,,,,,,,,,,,,,,,,,135.9,50,136.1,108,,,,,,,,,,,,,,,,
2026-07-04T01:00:12.149095+00:00,2026-07-04T01:00:12.149000,1,1,135.65,0.5,135.4,100,,,,,,,,,,,,,,,,,,,135.9,50,,,,,,,,,,,,,,,,,,
2026-07-04T01:00:12.207067+00:00,2026-07-04T01:00:12.206970,2,1,135.65,0.5,135.4,100,135.1,150,,,,,,,,,,,,,,,,,135.9,50,,,,,,,,,,,,,,,,,,
2026-07-04T01:00:12.258605+00:00,2026-07-04T01:00:12.257693,2,2,135.5,0.2,135.4,100,135.1,150,,,,,,,,,,,,,,,,,135.6,150,135.9,50,,,,,,,,,,,,,,,,
2026-07-04T01:00:12.648181+00:00,2026-07-04T01:00:12.648053,2,2,135.5,0.2,135.4,100,135.1,150,,,,,,,,,,,,,,,,,135.6,108,135.9,50,,,,,,,,,,,,,,,,
2026-07-04T01:00:13.243203+00:00,2026-07-04T01:00:13.243121,1,1,135.35,0.5,135.1,150,,,,,,,,,,,,,,,,,,,135.6,108,,,,,,,,,,,,,,,,,,
2026-07-04T01:00:13.297980+00:00,2026-07-04T01:00:13.297860,1,1,135.35,0.5,135.1,150,,,,,,,,,,,,,,,,,,,135.6,8,,,,,,,,,,,,,,,,,,
2026-07-04T01:00:13.354958+00:00,2026-07-04T01:00:13.354868,1,2,135.35,0.5,135.1,150,,,,,,,,,,,,,,,,,,,135.6,8,136.2,100,,,,,,,,,,,,,,,,
2026-07-04T01:00:13.390267+00:00,2026-07-04T01:00:13.383996,1,1,135.65,1.1,135.1,150,,,,,,,,,,,,,,,,,,,136.2,100,,,,,,,,,,,,,,,,,,
2026-07-04T01:00:15.071346+00:00,2026-07-04T01:00:15.071442,1,1,135.65,1.1,135.1,150,,,,,,,,,,,,,,,,,,,136.2,56,,,,,,,,,,,,,,,,,,
2026-07-04T01:00:15.315109+00:00,2026-07-04T01:00:15.315081,0,1,,,,,,,,,,,,,,,,,,,,,,,136.2,56,,,,,,,,,,,,,,,,,,
2026-07-04T01:00:15.369061+00:00,2026-07-04T01:00:15.368995,1,1,136.15,0.1,136.1,150,,,,,,,,,,,,,,,,,,,136.2,56,,,,,,,,,,,,,,,,,,
2026-07-04T01:00:15.421511+00:00,2026-07-04T01:00:15.421416,1,2,136.15,0.1,136.1,150,,,,,,,,,,,,,,,,,,,136.2,56,136.6,150,,,,,,,,,,,,,,,,
2026-07-04T01:00:15.463900+00:00,2026-07-04T01:00:15.463784,1,2,136.15,0.1,136.1,100,,,,,,,,,,,,,,,,,,,136.2,56,136.6,150,,,,,,,,,,,,,,,,
2026-07-04T01:00:16.034687+00:00,2026-07-04T01:00:16.028884,1,2,136.15,0.1,136.1,81,,,,,,,,,,,,,,,,,,,136.2,56,136.6,150,,,,,,,,,,,,,,,,
2026-07-04T01:00:16.429726+00:00,2026-07-04T01:00:16.429557,1,1,136.35,0.5,136.1,81,,,,,,,,,,,,,,,,,,,136.6,150,,,,,,,,,,,,,,,,,,
2026-07-04T01:00:16.483045+00:00,2026-07-04T01:00:16.482951,2,1,136.35,0.5,136.1,81,135.8,100,,,,,,,,,,,,,,,,,136.6,150,,,,,,,,,,,,,,,,,,
2026-07-04T01:00:16.536477+00:00,2026-07-04T01:00:16.536306,2,2,136.2,0.2,136.1,81,135.8,100,,,,,,,,,,,,,,,,,136.3,100,136.6,150,,,,,,,,,,,,,,,,
2026-07-04T01:00:17.570302+00:00,2026-07-04T01:00:17.570239,2,2,136.2,0.2,136.1,31,135.8,100,,,,,,,,,,,,,,,,,136.3,100,136.6,150,,,,,,,,,,,,,,,,
2026-07-04T01:00:18.475965+00:00,2026-07-04T01:00:18.475847,1,1,136.05,0.5,135.8,100,,,,,,,,,,,,,,,,,,,136.3,100,,,,,,,,,,,,,,,,,,
2026-07-04T01:00:18.525933+00:00,2026-07-04T01:00:18.525887,2,1,136.05,0.5,135.8,100,135.5,150,,,,,,,,,,,,,,,,,136.3,100,,,,,,,,,,,,,,,,,,
2026-07-04T01:00:18.582031+00:00,2026-07-04T01:00:18.581986,2,2,135.9,0.2,135.8,100,135.5,150,,,,,,,,,,,,,,,,,136.0,150,136.3,100,,,,,,,,,,,,,,,,
2026-07-04T01:00:19.591072+00:00,2026-07-04T01:00:19.591197,1,1,135.75,0.5,135.5,150,,,,,,,,,,,,,,,,,,,136.0,150,,,,,,,,,,,,,,,,,,
2026-07-04T01:00:19.646887+00:00,2026-07-04T01:00:19.646837,2,1,135.9,0.2,135.8,100,135.5,150,,,,,,,,,,,,,,,,,136.0,150,,,,,,,,,,,,,,,,,,
2026-07-04T01:00:19.681096+00:00,2026-07-04T01:00:19.680961,2,1,135.9,0.2,135.8,50,135.5,150,,,,,,,,,,,,,,,,,136.0,150,,,,,,,,,,,,,,,,,,
2026-07-04T01:00:19.706601+00:00,2026-07-04T01:00:19.706474,2,2,135.9,0.2,135.8,50,135.5,150,,,,,,,,,,,,,,,,,136.0,150,136.3,100,,,,,,,,,,,,,,,,
2026-07-04T01:00:21.635968+00:00,2026-07-04T01:00:21.635850,1,1,136.05,0.5,135.8,50,,,,,,,,,,,,,,,,,,,136.3,100,,,,,,,,,,,,,,,,,,
2026-07-04T01:00:21.688313+00:00,2026-07-04T01:00:21.688398,2,1,136.05,0.5,135.8,50,135.4,150,,,,,,,,,,,,,,,,,136.3,100,,,,,,,,,,,,,,,,,,
2026-07-04T01:00:21.735100+00:00,2026-07-04T01:00:21.735043,2,1,136.05,0.5,135.8,50,135.4,150,,,,,,,,,,,,,,,,,136.3,50,,,,,,,,,,,,,,,,,,
2026-07-04T01:00:21.740324+00:00,2026-07-04T01:00:21.740221,2,2,135.85,0.1,135.8,50,135.4,150,,,,,,,,,,,,,,,,,135.9,150,136.3,50,,,,,,,,,,,,,,,,
2026-07-04T01:00:22.750523+00:00,2026-07-04T01:00:22.750456,2,1,135.85,0.1,135.8,50,135.4,150,,,,,,,,,,,,,,,,,135.9,150,,,,,,,,,,,,,,,,,,
2026-07-04T01:00:22.758594+00:00,2026-07-04T01:00:22.755627,1,1,135.65,0.5,135.4,150,,,,,,,,,,,,,,,,,,,135.9,150,,,,,,,,,,,,,,,,,,
2026-07-04T01:00:22.808477+00:00,2026-07-04T01:00:22.808382,2,1,135.8,0.2,135.7,100,135.4,150,,,,,,,,,,,,,,,,,135.9,150,,,,,,,,,,,,,,,,,,
2026-07-04T01:00:22.858585+00:00,2026-07-04T01:00:22.856425,2,2,135.8,0.2,135.7,100,135.4,150,,,,,,,,,,,,,,,,,135.9,150,136.2,100,,,,,,,,,,,,,,,,
2026-07-04T01:00:23.841991+00:00,2026-07-04T01:00:23.841965,2,2,135.8,0.2,135.7,100,135.4,150,,,,,,,,,,,,,,,,,135.9,100,136.2,100,,,,,,,,,,,,,,,,
2026-07-04T01:00:24.795869+00:00,2026-07-04T01:00:24.795775,1,1,135.95,0.5,135.7,100,,,,,,,,,,,,,,,,,,,136.2,100,,,,,,,,,,,,,,,,,,
2026-07-04T01:00:24.848308+00:00,2026-07-04T01:00:24.848232,2,1,135.95,0.5,135.7,100,135.4,150,,,,,,,,,,,,,,,,,136.2,100,,,,,,,,,,,,,,,,,,
2026-07-04T01:00:24.906946+00:00,2026-07-04T01:00:24.906892,2,2,135.8,0.2,135.7,100,135.4,150,,,,,,,,,,,,,,,,,135.9,150,136.2,100,,,,,,,,,,,,,,,,
2026-07-04T01:00:25.917302+00:00,2026-07-04T01:00:25.917231,1,1,135.65,0.5,135.4,150,,,,,,,,,,,,,,,,,,,135.9,150,,,,,,,,,,,,,,,,,,
2026-07-04T01:00:25.948355+00:00,2026-07-04T01:00:25.948492,1,1,135.65,0.5,135.4,150,,,,,,,,,,,,,,,,,,,135.9,100,,,,,,,,,,,,,,,,,,
2026-07-04T01:00:25.973741+00:00,2026-07-04T01:00:25.973835,2,1,135.7,0.4,135.5,100,135.4,150,,,,,,,,,,,,,,,,,135.9,100,,,,,,,,,,,,,,,,,,
2026-07-04T01:00:26.027655+00:00,2026-07-04T01:00:26.027505,2,1,135.7,0.4,135.5,100,135.4,150,,,,,,,,,,,,,,,,,135.9,200,,,,,,,,,,,,,,,,,,
2026-07-04T01:00:27.958576+00:00,2026-07-04T01:00:27.955795,1,1,135.7,0.4,135.5,100,,,,,,,,,,,,,,,,,,,135.9,100,,,,,,,,,,,,,,,,,,
2026-07-04T01:00:28.014818+00:00,2026-07-04T01:00:28.014764,2,1,135.8,0.2,135.7,150,135.5,100,,,,,,,,,,,,,,,,,135.9,100,,,,,,,,,,,,,,,,,,
2026-07-04T01:00:28.058600+00:00,2026-07-04T01:00:28.056619,2,1,135.8,0.2,135.7,150,135.5,100,,,,,,,,,,,,,,,,,135.9,50,,,,,,,,,,,,,,,,,,
2026-07-04T01:00:28.069161+00:00,2026-07-04T01:00:28.069044,2,2,135.8,0.2,135.7,150,135.5,100,,,,,,,,,,,,,,,,,135.9,50,136.2,150,,,,,,,,,,,,,,,,
2026-07-04T01:00:29.082063+00:00,2026-07-04T01:00:29.082017,1,1,135.95,0.5,135.7,150,,,,,,,,,,,,,,,,,,,136.2,150,,,,,,,,,,,,,,,,,,
2026-07-04T01:00:29.169244+00:00,2026-07-04T01:00:29.169160,2,1,136.05,0.3,135.9,100,135.7,150,,,,,,,,,,,,,,,,,136.2,150,,,,,,,,,,,,,,,,,,
2026-07-04T01:00:29.221388+00:00,2026-07-04T01:00:29.221300,2,2,136.05,0.3,135.9,100,135.7,150,,,,,,,,,,,,,,,,,136.2,150,136.3,100,,,,,,,,,,,,,,,,
2026-07-04T01:00:30.158594+00:00,2026-07-04T01:00:30.154883,2,2,136.05,0.3,135.9,100,135.7,150,,,,,,,,,,,,,,,,,136.2,100,136.3,100,,,,,,,,,,,,,,,,
2026-07-04T01:00:31.122283+00:00,2026-07-04T01:00:31.122155,1,1,136.1,0.4,135.9,100,,,,,,,,,,,,,,,,,,,136.3,100,,,,,,,,,,,,,,,,,,
2026-07-04T01:00:31.174813+00:00,2026-07-04T01:00:31.174718,1,1,136.1,0.4,135.9,250,,,,,,,,,,,,,,,,,,,136.3,100,,,,,,,,,,,,,,,,,,
2026-07-04T01:00:31.227095+00:00,2026-07-04T01:00:31.227033,1,2,136.1,0.4,135.9,250,,,,,,,,,,,,,,,,,,,136.3,100,136.4,150,,,,,,,,,,,,,,,,
2026-07-04T01:00:31.847896+00:00,2026-07-04T01:00:31.842756,1,2,136.1,0.4,135.9,238,,,,,,,,,,,,,,,,,,,136.3,100,136.4,150,,,,,,,,,,,,,,,,
2026-07-04T01:00:32.270300+00:00,2026-07-04T01:00:32.270254,1,2,136.1,0.4,135.9,238,,,,,,,,,,,,,,,,,,,136.3,50,136.4,150,,,,,,,,,,,,,,,,
2026-07-04T01:00:32.275521+00:00,2026-07-04T01:00:32.275445,1,1,136.15,0.5,135.9,150,,,,,,,,,,,,,,,,,,,136.4,150,,,,,,,,,,,,,,,,,,
2026-07-04T01:00:32.332524+00:00,2026-07-04T01:00:32.332622,2,1,136.15,0.5,135.9,150,135.8,100,,,,,,,,,,,,,,,,,136.4,150,,,,,,,,,,,,,,,,,,
2026-07-04T01:00:32.395172+00:00,2026-07-04T01:00:32.385723,2,2,136.1,0.4,135.9,150,135.8,100,,,,,,,,,,,,,,,,,136.3,100,136.4,150,,,,,,,,,,,,,,,,
2026-07-04T01:00:34.276720+00:00,2026-07-04T01:00:34.276806,2,1,136.1,0.4,135.9,150,135.8,100,,,,,,,,,,,,,,,,,136.3,100,,,,,,,,,,,,,,,,,,
2026-07-04T01:00:34.282041+00:00,2026-07-04T01:00:34.281973,1,1,136.05,0.5,135.8,100,,,,,,,,,,,,,,,,,,,136.3,100,,,,,,,,,,,,,,,,,,
2026-07-04T01:00:34.335021+00:00,2026-07-04T01:00:34.334955,2,1,136.15,0.3,136.0,150,135.8,100,,,,,,,,,,,,,,,,,136.3,100,,,,,,,,,,,,,,,,,,
2026-07-04T01:00:34.377547+00:00,2026-07-04T01:00:34.377450,2,1,136.15,0.3,136.0,150,135.8,100,,,,,,,,,,,,,,,,,136.3,50,,,,,,,,,,,,,,,,,,
2026-07-04T01:00:34.382530+00:00,2026-07-04T01:00:34.382651,2,2,136.15,0.3,136.0,150,135.8,100,,,,,,,,,,,,,,,,,136.3,50,136.5,150,,,,,,,,,,,,,,,,
2026-07-04T01:00:35.301729+00:00,2026-07-04T01:00:35.301704,2,2,136.15,0.3,136.0,110,135.8,100,,,,,,,,,,,,,,,,,136.3,50,136.5,150,,,,,,,,,,,,,,,,
2026-07-04T01:00:35.434402+00:00,2026-07-04T01:00:35.434483,2,1,136.25,0.5,136.0,110,135.8,100,,,,,,,,,,,,,,,,,136.5,150,,,,,,,,,,,,,,,,,,
2026-07-04T01:00:35.439772+00:00,2026-07-04T01:00:35.439658,1,1,136.25,0.5,136.0,110,,,,,,,,,,,,,,,,,,,136.5,150,,,,,,,,,,,,,,,,,,
2026-07-04T01:00:35.503176+00:00,2026-07-04T01:00:35.496683,2,1,136.3,0.4,136.1,89,136.0,110,,,,,,,,,,,,,,,,,136.5,150,,,,,,,,,,,,,,,,,,
2026-07-04T01:00:35.544152+00:00,2026-07-04T01:00:35.544061,2,2,136.3,0.4,136.1,89,136.0,110,,,,,,,,,,,,,,,,,136.5,150,136.6,100,,,,,,,,,,,,,,,,
2026-07-04T01:00:36.481992+00:00,2026-07-04T01:00:36.482118,2,2,136.3,0.4,136.1,89,136.0,110,,,,,,,,,,,,,,,,,136.5,100,136.6,100,,,,,,,,,,,,,,,,
2026-07-04T01:00:37.116008+00:00,2026-07-04T01:00:37.108813,2,2,136.3,0.4,136.1,86,136.0,110,,,,,,,,,,,,,,,,,136.5,100,136.6,100,,,,,,,,,,,,,,,,
2026-07-04T01:00:37.440158+00:00,2026-07-04T01:00:37.440293,1,1,136.35,0.5,136.1,86,,,,,,,,,,,,,,,,,,,136.6,100,,,,,,,,,,,,,,,,,,
2026-07-04T01:00:37.494538+00:00,2026-07-04T01:00:37.494435,2,1,136.35,0.5,136.1,86,135.9,150,,,,,,,,,,,,,,,,,136.6,100,,,,,,,,,,,,,,,,,,
2026-07-04T01:00:37.542183+00:00,2026-07-04T01:00:37.542087,2,2,136.25,0.3,136.1,86,135.9,150,,,,,,,,,,,,,,,,,136.4,150,136.6,100,,,,,,,,,,,,,,,,
2026-07-04T01:00:38.025267+00:00,2026-07-04T01:00:38.025133,2,2,136.25,0.3,136.1,37,135.9,150,,,,,,,,,,,,,,,,,136.4,150,136.6,100,,,,,,,,,,,,,,,,
2026-07-04T01:00:38.587401+00:00,2026-07-04T01:00:38.587343,2,2,136.25,0.3,136.1,37,135.9,150,,,,,,,,,,,,,,,,,136.4,100,136.6,100,,,,,,,,,,,,,,,,
2026-07-04T01:00:38.597617+00:00,2026-07-04T01:00:38.597712,2,1,136.25,0.3,136.1,37,135.9,150,,,,,,,,,,,,,,,,,136.4,100,,,,,,,,,,,,,,,,,,
2026-07-04T01:00:38.603022+00:00,2026-07-04T01:00:38.602887,1,1,136.15,0.5,135.9,150,,,,,,,,,,,,,,,,,,,136.4,100,,,,,,,,,,,,,,,,,,
2026-07-04T01:00:38.634470+00:00,2026-07-04T01:00:38.634447,1,1,136.15,0.5,135.9,150,,,,,,,,,,,,,,,,,,,136.4,60,,,,,,,,,,,,,,,,,,
2026-07-04T01:00:38.658618+00:00,2026-07-04T01:00:38.654902,2,1,136.15,0.5,135.9,150,135.8,100,,,,,,,,,,,,,,,,,136.4,60,,,,,,,,,,,,,,,,,,
2026-07-04T01:00:38.689908+00:00,2026-07-04T01:00:38.689784,2,1,136.15,0.5,135.9,106,135.8,100,,,,,,,,,,,,,,,,,136.4,60,,,,,,,,,,,,,,,,,,
2026-07-04T01:00:38.704667+00:00,2026-07-04T01:00:38.704822,2,2,136.1,0.4,135.9,106,135.8,100,,,,,,,,,,,,,,,,,136.3,100,136.4,60,,,,,,,,,,,,,,,,
2026-07-04T01:00:40.242534+00:00,2026-07-04T01:00:40.242671,2,2,136.1,0.4,135.9,106,135.8,100,,,,,,,,,,,,,,,,,136.3,56,136.4,60,,,,,,,,,,,,,,,,
2026-07-04T01:00:40.596749+00:00,2026-07-04T01:00:40.596646,2,1,136.1,0.4,135.9,106,135.8,100,,,,,,,,,,,,,,,,,136.3,56,,,,,,,,,,,,,,,,,,
2026-07-04T01:00:40.601966+00:00,2026-07-04T01:00:40.601825,1,1,136.05,0.5,135.8,100,,,,,,,,,,,,,,,,,,,136.3,56,,,,,,,,,,,,,,,,,,
2026-07-04T01:00:40.658762+00:00,2026-07-04T01:00:40.650845,2,0,,,136.4,94,135.8,100,,,,,,,,,,,,,,,,,,,,,,,,,,,,,,,,,,,,
2026-07-04T01:00:40.706388+00:00,2026-07-04T01:00:40.706283,2,1,136.65,0.5,136.4,94,135.8,100,,,,,,,,,,,,,,,,,136.9,150,,,,,,,,,,,,,,,,,,
2026-07-04T01:00:40.893834+00:00,2026-07-04T01:00:40.893791,2,1,136.65,0.5,136.4,49,135.8,100,,,,,,,,,,,,,,,,,136.9,150,,,,,,,,,,,,,,,,,,
2026-07-04T01:00:41.757198+00:00,2026-07-04T01:00:41.757389,1,1,136.65,0.5,136.4,49,,,,,,,,,,,,,,,,,,,136.9,150,,,,,,,,,,,,,,,,,,
2026-07-04T01:00:41.810724+00:00,2026-07-04T01:00:41.810596,2,1,136.65,0.5,136.4,49,136.3,100,,,,,,,,,,,,,,,,,136.9,150,,,,,,,,,,,,,,,,,,
2026-07-04T01:00:41.869084+00:00,2026-07-04T01:00:41.868955,2,2,136.6,0.4,136.4,49,136.3,100,,,,,,,,,,,,,,,,,136.8,100,136.9,150,,,,,,,,,,,,,,,,
2026-07-04T01:00:43.380626+00:00,2026-07-04T01:00:43.380527,2,2,136.6,0.4,136.4,6,136.3,100,,,,,,,,,,,,,,,,,136.8,100,136.9,150,,,,,,,,,,,,,,,,
2026-07-04T01:00:43.758604+00:00,2026-07-04T01:00:43.754703,1,1,136.55,0.5,136.3,100,,,,,,,,,,,,,,,,,,,136.8,100,,,,,,,,,,,,,,,,,,
2026-07-04T01:00:43.812948+00:00,2026-07-04T01:00:43.812885,2,1,136.55,0.5,136.3,100,135.7,150,,,,,,,,,,,,,,,,,136.8,100,,,,,,,,,,,,,,,,,,
2026-07-04T01:00:43.858398+00:00,2026-07-04T01:00:43.858592,2,1,136.55,0.5,136.3,100,135.7,150,,,,,,,,,,,,,,,,,136.8,56,,,,,,,,,,,,,,,,,,
2026-07-04T01:00:43.884416+00:00,2026-07-04T01:00:43.884259,1,2,135.95,0.5,135.7,150,,,,,,,,,,,,,,,,,,,136.2,50,136.8,56,,,,,,,,,,,,,,,,
2026-07-04T01:00:44.909160+00:00,2026-07-04T01:00:44.909026,1,1,136.25,1.1,135.7,150,,,,,,,,,,,,,,,,,,,136.8,56,,,,,,,,,,,,,,,,,,
2026-07-04T01:00:44.919547+00:00,2026-07-04T01:00:44.919501,1,0,,,135.7,150,,,,,,,,,,,,,,,,,,,,,,,,,,,,,,,,,,,,,,
2026-07-04T01:00:44.973947+00:00,2026-07-04T01:00:44.974109,2,0,,,136.1,100,135.7,150,,,,,,,,,,,,,,,,,,,,,,,,,,,,,,,,,,,,
2026-07-04T01:00:45.026933+00:00,2026-07-04T01:00:45.026829,2,1,136.35,0.5,136.1,100,135.7,150,,,,,,,,,,,,,,,,,136.6,100,,,,,,,,,,,,,,,,,,
2026-07-04T01:00:45.458578+00:00,2026-07-04T01:00:45.454710,2,1,136.35,0.5,136.1,100,135.7,150,,,,,,,,,,,,,,,,,136.6,56,,,,,,,,,,,,,,,,,,
2026-07-04T01:00:46.941322+00:00,2026-07-04T01:00:46.941461,1,1,136.35,0.5,136.1,100,,,,,,,,,,,,,,,,,,,136.6,56,,,,,,,,,,,,,,,,,,
2026-07-04T01:00:46.994035+00:00,2026-07-04T01:00:46.993907,2,1,136.45,0.3,136.3,150,136.1,100,,,,,,,,,,,,,,,,,136.6,56,,,,,,,,,,,,,,,,,,
2026-07-04T01:00:47.046760+00:00,2026-07-04T01:00:47.046657,2,2,136.45,0.3,136.3,150,136.1,100,,,,,,,,,,,,,,,,,136.6,56,136.8,150,,,,,,,,,,,,,,,,
2026-07-04T01:00:48.079794+00:00,2026-07-04T01:00:48.079944,1,1,136.55,0.5,136.3,150,,,,,,,,,,,,,,,,,,,136.8,150,,,,,,,,,,,,,,,,,,
2026-07-04T01:00:48.130523+00:00,2026-07-04T01:00:48.130486,2,1,136.6,0.4,136.4,100,136.3,150,,,,,,,,,,,,,,,,,136.8,150,,,,,,,,,,,,,,,,,,
2026-07-04T01:00:48.187603+00:00,2026-07-04T01:00:48.187417,2,2,136.6,0.4,136.4,100,136.3,150,,,,,,,,,,,,,,,,,136.8,150,136.9,100,,,,,,,,,,,,,,,,
2026-07-04T01:00:49.114613+00:00,2026-07-04T01:00:49.114556,2,2,136.6,0.4,136.4,100,136.3,150,,,,,,,,,,,,,,,,,136.8,100,136.9,100,,,,,,,,,,,,,,,,
2026-07-04T01:00:50.100378+00:00,2026-07-04T01:00:50.100298,1,1,136.65,0.5,136.4,100,,,,,,,,,,,,,,,,,,,136.9,100,,,,,,,,,,,,,,,,,,
2026-07-04T01:00:50.155665+00:00,2026-07-04T01:00:50.155564,2,1,136.75,0.3,136.6,150,136.4,100,,,,,,,,,,,,,,,,,136.9,100,,,,,,,,,,,,,,,,,,
2026-07-04T01:00:50.207226+00:00,2026-07-04T01:00:50.207112,2,2,136.75,0.3,136.6,150,136.4,100,,,,,,,,,,,,,,,,,136.9,100,137.1,150,,,,,,,,,,,,,,,,
2026-07-04T01:00:50.259139+00:00,2026-07-04T01:00:50.258998,2,2,136.75,0.3,136.6,101,136.4,100,,,,,,,,,,,,,,,,,136.9,100,137.1,150,,,,,,,,,,,,,,,,
2026-07-04T01:00:51.238813+00:00,2026-07-04T01:00:51.238660,2,1,136.85,0.5,136.6,101,136.4,100,,,,,,,,,,,,,,,,,137.1,150,,,,,,,,,,,,,,,,,,
2026-07-04T01:00:51.243984+00:00,2026-07-04T01:00:51.243835,1,1,136.85,0.5,136.6,101,,,,,,,,,,,,,,,,,,,137.1,150,,,,,,,,,,,,,,,,,,
2026-07-04T01:00:51.291701+00:00,2026-07-04T01:00:51.291679,2,1,136.85,0.5,136.6,101,136.3,100,,,,,,,,,,,,,,,,,137.1,150,,,,,,,,,,,,,,,,,,
2026-07-04T01:00:51.344329+00:00,2026-07-04T01:00:51.344260,2,2,136.7,0.2,136.6,101,136.3,100,,,,,,,,,,,,,,,,,136.8,100,137.1,150,,,,,,,,,,,,,,,,
2026-07-04T01:00:51.554061+00:00,2026-07-04T01:00:51.554009,2,2,136.7,0.2,136.6,52,136.3,100,,,,,,,,,,,,,,,,,136.8,100,137.1,150,,,,,,,,,,,,,,,,
2026-07-04T01:00:52.097709+00:00,2026-07-04T01:00:52.097603,2,2,136.7,0.2,136.6,52,136.3,100,,,,,,,,,,,,,,,,,136.8,52,137.1,150,,,,,,,,,,,,,,,,
2026-07-04T01:00:53.112418+00:00,2026-07-04T01:00:53.112562,2,2,136.7,0.2,136.6,52,136.3,100,,,,,,,,,,,,,,,,,136.8,11,137.1,150,,,,,,,,,,,,,,,,
2026-07-04T01:00:53.258641+00:00,2026-07-04T01:00:53.257068,1,1,136.55,0.5,136.3,100,,,,,,,,,,,,,,,,,,,136.8,11,,,,,,,,,,,,,,,,,,
2026-07-04T01:00:53.310104+00:00,2026-07-04T01:00:53.306106,2,1,136.6,0.4,136.4,150,136.3,100,,,,,,,,,,,,,,,,,136.8,11,,,,,,,,,,,,,,,,,,
2026-07-04T01:00:53.380590+00:00,2026-07-04T01:00:53.368021,2,2,136.6,0.4,136.4,150,136.3,100,,,,,,,,,,,,,,,,,136.8,11,136.9,150,,,,,,,,,,,,,,,,
2026-07-04T01:00:54.403171+00:00,2026-07-04T01:00:54.403051,1,1,136.65,0.5,136.4,150,,,,,,,,,,,,,,,,,,,136.9,150,,,,,,,,,,,,,,,,,,
2026-07-04T01:00:54.458567+00:00,2026-07-04T01:00:54.452730,2,1,136.8,0.2,136.7,100,136.4,150,,,,,,,,,,,,,,,,,136.9,150,,,,,,,,,,,,,,,,,,
2026-07-04T01:00:54.507570+00:00,2026-07-04T01:00:54.507463,2,2,136.8,0.2,136.7,100,136.4,150,,,,,,,,,,,,,,,,,136.9,150,137.2,100,,,,,,,,,,,,,,,,
2026-07-04T01:00:55.489469+00:00,2026-07-04T01:00:55.489439,2,2,136.8,0.2,136.7,50,136.4,150,,,,,,,,,,,,,,,,,136.9,150,137.2,100,,,,,,,,,,,,,,,,
2026-07-04T01:00:56.423878+00:00,2026-07-04T01:00:56.423823,1,1,136.95,0.5,136.7,50,,,,,,,,,,,,,,,,,,,137.2,100,,,,,,,,,,,,,,,,,,
2026-07-04T01:00:56.473243+00:00,2026-07-04T01:00:56.469088,2,1,136.95,0.5,136.7,47,136.3,150,,,,,,,,,,,,,,,,,137.2,100,,,,,,,,,,,,,,,,,,
2026-07-04T01:00:56.531208+00:00,2026-07-04T01:00:56.531107,2,2,136.75,0.1,136.7,47,136.3,150,,,,,,,,,,,,,,,,,136.8,150,137.2,100,,,,,,,,,,,,,,,,
2026-07-04T01:00:57.558605+00:00,2026-07-04T01:00:57.557826,1,1,136.55,0.5,136.3,150,,,,,,,,,,,,,,,,,,,136.8,150,,,,,,,,,,,,,,,,,,
2026-07-04T01:00:57.610378+00:00,2026-07-04T01:00:57.610251,1,1,136.55,0.5,136.3,100,,,,,,,,,,,,,,,,,,,136.8,150,,,,,,,,,,,,,,,,,,
2026-07-04T01:00:57.615601+00:00,2026-07-04T01:00:57.615433,2,1,136.6,0.4,136.4,100,136.3,100,,,,,,,,,,,,,,,,,136.8,150,,,,,,,,,,,,,,,,,,
2026-07-04T01:00:57.669215+00:00,2026-07-04T01:00:57.669038,2,2,136.6,0.4,136.4,100,136.3,100,,,,,,,,,,,,,,,,,136.8,150,136.9,100,,,,,,,,,,,,,,,,
2026-07-04T01:00:58.427057+00:00,2026-07-04T01:00:58.426990,2,2,136.6,0.4,136.4,57,136.3,100,,,,,,,,,,,,,,,,,136.8,150,136.9,100,,,,,,,,,,,,,,,,
2026-07-04T01:00:59.585720+00:00,2026-07-04T01:00:59.585886,1,1,136.65,0.5,136.4,57,,,,,,,,,,,,,,,,,,,136.9,100,,,,,,,,,,,,,,,,,,
2026-07-04T01:00:59.640506+00:00,2026-07-04T01:00:59.640678,2,1,136.65,0.5,136.4,57,135.9,150,,,,,,,,,,,,,,,,,136.9,100,,,,,,,,,,,,,,,,,,
2026-07-04T01:00:59.694377+00:00,2026-07-04T01:00:59.694312,1,2,136.15,0.5,135.9,150,,,,,,,,,,,,,,,,,,,136.4,93,136.9,100,,,,,,,,,,,,,,,,
2026-07-04T01:01:00.724757+00:00,2026-07-04T01:01:00.724634,1,1,136.15,0.5,135.9,150,,,,,,,,,,,,,,,,,,,136.4,93,,,,,,,,,,,,,,,,,,
2026-07-04T01:01:00.778273+00:00,2026-07-04T01:01:00.778241,2,1,136.2,0.4,136.0,100,135.9,150,,,,,,,,,,,,,,,,,136.4,93,,,,,,,,,,,,,,,,,,
2026-07-04T01:01:00.826504+00:00,2026-07-04T01:01:00.826416,2,2,136.2,0.4,136.0,100,135.9,150,,,,,,,,,,,,,,,,,136.4,93,136.5,100,,,,,,,,,,,,,,,,
2026-07-04T01:01:01.515782+00:00,2026-07-04T01:01:01.515667,2,2,136.2,0.4,136.0,100,135.9,150,,,,,,,,,,,,,,,,,136.4,47,136.5,100,,,,,,,,,,,,,,,,
2026-07-04T01:01:01.836351+00:00,2026-07-04T01:01:01.836319,2,2,136.2,0.4,136.0,50,135.9,150,,,,,,,,,,,,,,,,,136.4,47,136.5,100,,,,,,,,,,,,,,,,
2026-07-04T01:01:02.767211+00:00,2026-07-04T01:01:02.751149,1,1,136.25,0.5,136.0,50,,,,,,,,,,,,,,,,,,,136.5,100,,,,,,,,,,,,,,,,,,
2026-07-04T01:01:02.804695+00:00,2026-07-04T01:01:02.804634,2,1,136.35,0.3,136.2,150,136.0,50,,,,,,,,,,,,,,,,,136.5,100,,,,,,,,,,,,,,,,,,
2026-07-04T01:01:02.857105+00:00,2026-07-04T01:01:02.856977,2,2,136.35,0.3,136.2,150,136.0,50,,,,,,,,,,,,,,,,,136.5,100,136.7,150,,,,,,,,,,,,,,,,
2026-07-04T01:01:03.870988+00:00,2026-07-04T01:01:03.870921,2,2,136.35,0.3,136.2,102,136.0,50,,,,,,,,,,,,,,,,,136.5,100,136.7,150,,,,,,,,,,,,,,,,
2026-07-04T01:01:03.881446+00:00,2026-07-04T01:01:03.881375,1,1,136.45,0.5,136.2,102,,,,,,,,,,,,,,,,,,,136.7,150,,,,,,,,,,,,,,,,,,
2026-07-04T01:01:03.936838+00:00,2026-07-04T01:01:03.936801,2,1,136.45,0.5,136.2,52,135.8,100,,,,,,,,,,,,,,,,,136.7,150,,,,,,,,,,,,,,,,,,
2026-07-04T01:01:04.002455+00:00,2026-07-04T01:01:03.996459,2,2,136.25,0.1,136.2,52,135.8,100,,,,,,,,,,,,,,,,,136.3,97,136.7,150,,,,,,,,,,,,,,,,
2026-07-04T01:01:05.913162+00:00,2026-07-04T01:01:05.913293,1,1,136.05,0.5,135.8,100,,,,,,,,,,,,,,,,,,,136.3,97,,,,,,,,,,,,,,,,,,
2026-07-04T01:01:05.967229+00:00,2026-07-04T01:01:05.967179,2,1,136.15,0.3,136.0,150,135.8,100,,,,,,,,,,,,,,,,,136.3,97,,,,,,,,,,,,,,,,,,
2026-07-04T01:01:06.021292+00:00,2026-07-04T01:01:06.021461,2,2,136.15,0.3,136.0,150,135.8,100,,,,,,,,,,,,,,,,,136.3,97,136.5,150,,,,,,,,,,,,,,,,
2026-07-04T01:01:06.055425+00:00,2026-07-04T01:01:06.056022,2,2,136.15,0.3,136.0,100,135.8,100,,,,,,,,,,,,,,,,,136.3,97,136.5,150,,,,,,,,,,,,,,,,
2026-07-04T01:01:07.046657+00:00,2026-07-04T01:01:07.046532,1,1,136.25,0.5,136.0,100,,,,,,,,,,,,,,,,,,,136.5,150,,,,,,,,,,,,,,,,,,
2026-07-04T01:01:07.101654+00:00,2026-07-04T01:01:07.101464,1,1,136.25,0.5,136.0,200,,,,,,,,,,,,,,,,,,,136.5,150,,,,,,,,,,,,,,,,,,
2026-07-04T01:01:07.163668+00:00,2026-07-04T01:01:07.163777,1,1,136.25,0.5,136.0,200,,,,,,,,,,,,,,,,,,,136.5,250,,,,,,,,,,,,,,,,,,
2026-07-04T01:01:08.170425+00:00,2026-07-04T01:01:08.170347,1,1,136.25,0.5,136.0,150,,,,,,,,,,,,,,,,,,,136.5,250,,,,,,,,,,,,,,,,,,
2026-07-04T01:01:09.074778+00:00,2026-07-04T01:01:09.074662,1,1,136.25,0.5,136.0,100,,,,,,,,,,,,,,,,,,,136.5,100,,,,,,,,,,,,,,,,,,
2026-07-04T01:01:09.128470+00:00,2026-07-04T01:01:09.128363,2,1,136.25,0.5,136.0,100,135.6,150,,,,,,,,,,,,,,,,,136.5,100,,,,,,,,,,,,,,,,,,
2026-07-04T01:01:09.190893+00:00,2026-07-04T01:01:09.185046,2,2,136.05,0.1,136.0,100,135.6,150,,,,,,,,,,,,,,,,,136.1,147,136.5,100,,,,,,,,,,,,,,,,
2026-07-04T01:01:09.708247+00:00,2026-07-04T01:01:09.704538,2,2,136.05,0.1,136.0,100,135.6,150,,,,,,,,,,,,,,,,,136.1,136,136.5,100,,,,,,,,,,,,,,,,
2026-07-04T01:01:10.203542+00:00,2026-07-04T01:01:10.203488,2,1,136.05,0.1,136.0,100,135.6,150,,,,,,,,,,,,,,,,,136.1,136,,,,,,,,,,,,,,,,,,
2026-07-04T01:01:10.208757+00:00,2026-07-04T01:01:10.208650,1,1,135.85,0.5,135.6,150,,,,,,,,,,,,,,,,,,,136.1,136,,,,,,,,,,,,,,,,,,
2026-07-04T01:01:10.228171+00:00,2026-07-04T01:01:10.228095,1,1,135.85,0.5,135.6,150,,,,,,,,,,,,,,,,,,,136.1,86,,,,,,,,,,,,,,,,,,
2026-07-04T01:01:10.259736+00:00,2026-07-04T01:01:10.259611,2,0,,,136.1,14,135.6,150,,,,,,,,,,,,,,,,,,,,,,,,,,,,,,,,,,,,
2026-07-04T01:01:10.329005+00:00,2026-07-04T01:01:10.328812,2,1,136.35,0.5,136.1,14,135.6,150,,,,,,,,,,,,,,,,,136.6,100,,,,,,,,,,,,,,,,,,
2026-07-04T01:01:12.263914+00:00,2026-07-04T01:01:12.263833,1,1,136.35,0.5,136.1,14,,,,,,,,,,,,,,,,,,,136.6,100,,,,,,,,,,,,,,,,,,
2026-07-04T01:01:12.283750+00:00,2026-07-04T01:01:12.283850,2,1,136.5,0.2,136.4,150,136.1,14,,,,,,,,,,,,,,,,,136.6,100,,,,,,,,,,,,,,,,,,
2026-07-04T01:01:12.338383+00:00,2026-07-04T01:01:12.338350,2,2,136.5,0.2,136.4,150,136.1,14,,,,,,,,,,,,,,,,,136.6,100,136.9,150,,,,,,,,,,,,,,,,
2026-07-04T01:01:13.374620+00:00,2026-07-04T01:01:13.374587,2,1,136.65,0.5,136.4,150,136.1,14,,,,,,,,,,,,,,,,,136.9,150,,,,,,,,,,,,,,,,,,
2026-07-04T01:01:13.379675+00:00,2026-07-04T01:01:13.379778,1,1,136.65,0.5,136.4,150,,,,,,,,,,,,,,,,,,,136.9,150,,,,,,,,,,,,,,,,,,
2026-07-04T01:01:13.430690+00:00,2026-07-04T01:01:13.430821,2,1,136.65,0.5,136.4,150,136.2,100,,,,,,,,,,,,,,,,,136.9,150,,,,,,,,,,,,,,,,,,
2026-07-04T01:01:13.483668+00:00,2026-07-04T01:01:13.483570,2,2,136.55,0.3,136.4,150,136.2,100,,,,,,,,,,,,,,,,,136.7,100,136.9,150,,,,,,,,,,,,,,,,
2026-07-04T01:01:14.493749+00:00,2026-07-04T01:01:14.493689,2,2,136.55,0.3,136.4,100,136.2,100,,,,,,,,,,,,,,,,,136.7,100,136.9,150,,,,,,,,,,,,,,,,
2026-07-04T01:01:14.768125+00:00,2026-07-04T01:01:14.768348,2,2,136.55,0.3,136.4,100,136.2,100,,,,,,,,,,,,,,,,,136.7,56,136.9,150,,,,,,,,,,,,,,,,
2026-07-04T01:01:15.391805+00:00,2026-07-04T01:01:15.391686,1,1,136.45,0.5,136.2,100,,,,,,,,,,,,,,,,,,,136.7,56,,,,,,,,,,,,,,,,,,
2026-07-04T01:01:15.443711+00:00,2026-07-04T01:01:15.443666,2,1,136.55,0.3,136.4,150,136.2,100,,,,,,,,,,,,,,,,,136.7,56,,,,,,,,,,,,,,,,,,
2026-07-04T01:01:15.497086+00:00,2026-07-04T01:01:15.497048,2,2,136.55,0.3,136.4,150,136.2,100,,,,,,,,,,,,,,,,,136.7,56,136.9,150,,,,,,,,,,,,,,,,
2026-07-04T01:01:16.542230+00:00,2026-07-04T01:01:16.542099,1,1,136.65,0.5,136.4,150,,,,,,,,,,,,,,,,,,,136.9,150,,,,,,,,,,,,,,,,,,
2026-07-04T01:01:16.597631+00:00,2026-07-04T01:01:16.597488,2,1,136.65,0.5,136.4,150,136.3,100,,,,,,,,,,,,,,,,,136.9,150,,,,,,,,,,,,,,,,,,
2026-07-04T01:01:16.602641+00:00,2026-07-04T01:01:16.602737,2,1,136.65,0.5,136.4,100,136.3,100,,,,,,,,,,,,,,,,,136.9,150,,,,,,,,,,,,,,,,,,
2026-07-04T01:01:16.658740+00:00,2026-07-04T01:01:16.650856,2,2,136.6,0.4,136.4,100,136.3,100,,,,,,,,,,,,,,,,,136.8,100,136.9,150,,,,,,,,,,,,,,,,
2026-07-04T01:01:18.179553+00:00,2026-07-04T01:01:18.179397,2,2,136.6,0.4,136.4,54,136.3,100,,,,,,,,,,,,,,,,,136.8,100,136.9,150,,,,,,,,,,,,,,,,
2026-07-04T01:01:18.550638+00:00,2026-07-04T01:01:18.550521,1,1,136.55,0.5,136.3,100,,,,,,,,,,,,,,,,,,,136.8,100,,,,,,,,,,,,,,,,,,
2026-07-04T01:01:18.605071+00:00,2026-07-04T01:01:18.605027,2,1,136.55,0.5,136.3,100,136.0,150,,,,,,,,,,,,,,,,,136.8,100,,,,,,,,,,,,,,,,,,
2026-07-04T01:01:18.658375+00:00,2026-07-04T01:01:18.658268,2,2,136.4,0.2,136.3,100,136.0,150,,,,,,,,,,,,,,,,,136.5,150,136.8,100,,,,,,,,,,,,,,,,
2026-07-04T01:01:18.819061+00:00,2026-07-04T01:01:18.818938,2,2,136.4,0.2,136.3,100,136.0,150,,,,,,,,,,,,,,,,,136.5,103,136.8,100,,,,,,,,,,,,,,,,
2026-07-04T01:01:19.705892+00:00,2026-07-04T01:01:19.705829,1,1,136.25,0.5,136.0,150,,,,,,,,,,,,,,,,,,,136.5,103,,,,,,,,,,,,,,,,,,
2026-07-04T01:01:19.760590+00:00,2026-07-04T01:01:19.760367,1,1,136.25,0.5,136.0,250,,,,,,,,,,,,,,,,,,,136.5,103,,,,,,,,,,,,,,,,,,
2026-07-04T01:01:19.811237+00:00,2026-07-04T01:01:19.811188,1,1,136.25,0.5,136.0,250,,,,,,,,,,,,,,,,,,,136.5,203,,,,,,,,,,,,,,,,,,
2026-07-04T01:01:19.845028+00:00,2026-07-04T01:01:19.844917,1,1,136.25,0.5,136.0,250,,,,,,,,,,,,,,,,,,,136.5,158,,,,,,,,,,,,,,,,,,
2026-07-04T01:01:20.345461+00:00,2026-07-04T01:01:20.345413,1,1,136.25,0.5,136.0,203,,,,,,,,,,,,,,,,,,,136.5,158,,,,,,,,,,,,,,,,,,
2026-07-04T01:01:20.766053+00:00,2026-07-04T01:01:20.765922,1,1,136.25,0.5,136.0,203,,,,,,,,,,,,,,,,,,,136.5,108,,,,,,,,,,,,,,,,,,
2026-07-04T01:01:21.708756+00:00,2026-07-04T01:01:21.708688,1,1,136.25,0.5,136.0,100,,,,,,,,,,,,,,,,,,,136.5,100,,,,,,,,,,,,,,,,,,
2026-07-04T01:01:21.758626+00:00,2026-07-04T01:01:21.756108,1,1,136.25,0.5,136.0,250,,,,,,,,,,,,,,,,,,,136.5,100,,,,,,,,,,,,,,,,,,
2026-07-04T01:01:21.817961+00:00,2026-07-04T01:01:21.817923,1,1,136.25,0.5,136.0,250,,,,,,,,,,,,,,,,,,,136.5,250,,,,,,,,,,,,,,,,,,
2026-07-04T01:01:22.869573+00:00,2026-07-04T01:01:22.869494,1,1,136.25,0.5,136.0,150,,,,,,,,,,,,,,,,,,,136.5,150,,,,,,,,,,,,,,,,,,
2026-07-04T01:01:22.874618+00:00,2026-07-04T01:01:22.874716,1,1,136.25,0.5,136.0,150,,,,,,,,,,,,,,,,,,,136.5,100,,,,,,,,,,,,,,,,,,
2026-07-04T01:01:22.924562+00:00,2026-07-04T01:01:22.924661,2,1,136.25,0.5,136.0,150,135.9,100,,,,,,,,,,,,,,,,,136.5,100,,,,,,,,,,,,,,,,,,
2026-07-04T01:01:22.978463+00:00,2026-07-04T01:01:22.978236,2,2,136.2,0.4,136.0,150,135.9,100,,,,,,,,,,,,,,,,,136.4,100,136.5,100,,,,,,,,,,,,,,,,
2026-07-04T01:01:24.874645+00:00,2026-07-04T01:01:24.874595,1,1,136.15,0.5,135.9,100,,,,,,,,,,,,,,,,,,,136.4,100,,,,,,,,,,,,,,,,,,
2026-07-04T01:01:24.928491+00:00,2026-07-04T01:01:24.928447,2,1,136.25,0.3,136.1,150,135.9,100,,,,,,,,,,,,,,,,,136.4,100,,,,,,,,,,,,,,,,,,
2026-07-04T01:01:24.980847+00:00,2026-07-04T01:01:24.981006,2,2,136.25,0.3,136.1,150,135.9,100,,,,,,,,,,,,,,,,,136.4,100,136.6,150,,,,,,,,,,,,,,,,
2026-07-04T01:01:24.986375+00:00,2026-07-04T01:01:24.986241,2,2,136.25,0.3,136.1,150,135.9,100,,,,,,,,,,,,,,,,,136.4,50,136.6,150,,,,,,,,,,,,,,,,
2026-07-04T01:01:25.429431+00:00,2026-07-04T01:01:25.424105,2,2,136.25,0.3,136.1,139,135.9,100,,,,,,,,,,,,,,,,,136.4,50,136.6,150,,,,,,,,,,,,,,,,
2026-07-04T01:01:25.577826+00:00,2026-07-04T01:01:25.572939,2,2,136.25,0.3,136.1,136,135.9,100,,,,,,,,,,,,,,,,,136.4,50,136.6,150,,,,,,,,,,,,,,,,
2026-07-04T01:01:26.037793+00:00,2026-07-04T01:01:26.037685,1,1,136.35,0.5,136.1,136,,,,,,,,,,,,,,,,,,,136.6,150,,,,,,,,,,,,,,,,,,
2026-07-04T01:01:26.086771+00:00,2026-07-04T01:01:26.086971,2,1,136.35,0.5,136.1,136,135.6,100,,,,,,,,,,,,,,,,,136.6,150,,,,,,,,,,,,,,,,,,
2026-07-04T01:01:26.145042+00:00,2026-07-04T01:01:26.144865,2,1,136.35,0.5,136.1,36,135.6,100,,,,,,,,,,,,,,,,,136.6,150,,,,,,,,,,,,,,,,,,
2026-07-04T01:01:27.108862+00:00,2026-07-04T01:01:27.108794,2,1,136.35,0.5,136.1,36,135.6,100,,,,,,,,,,,,,,,,,136.6,100,,,,,,,,,,,,,,,,,,
2026-07-04T01:01:28.030102+00:00,2026-07-04T01:01:28.030062,2,0,,,136.1,36,135.6,100,,,,,,,,,,,,,,,,,,,,,,,,,,,,,,,,,,,,
2026-07-04T01:01:28.035354+00:00,2026-07-04T01:01:28.035263,1,0,,,135.6,100,,,,,,,,,,,,,,,,,,,,,,,,,,,,,,,,,,,,,,
2026-07-04T01:01:28.083362+00:00,2026-07-04T01:01:28.083309,2,0,,,135.9,150,135.6,100,,,,,,,,,,,,,,,,,,,,,,,,,,,,,,,,,,,,
2026-07-04T01:01:28.138530+00:00,2026-07-04T01:01:28.138468,2,1,136.15,0.5,135.9,150,135.6,100,,,,,,,,,,,,,,,,,136.4,150,,,,,,,,,,,,,,,,,,
2026-07-04T01:01:28.369289+00:00,2026-07-04T01:01:28.369382,2,1,136.15,0.5,135.9,103,135.6,100,,,,,,,,,,,,,,,,,136.4,150,,,,,,,,,,,,,,,,,,
2026-07-04T01:01:29.196056+00:00,2026-07-04T01:01:29.195959,1,1,136.15,0.5,135.9,103,,,,,,,,,,,,,,,,,,,136.4,150,,,,,,,,,,,,,,,,,,
2026-07-04T01:01:29.215898+00:00,2026-07-04T01:01:29.215838,1,1,136.15,0.5,135.9,103,,,,,,,,,,,,,,,,,,,136.4,100,,,,,,,,,,,,,,,,,,
2026-07-04T01:01:29.250528+00:00,2026-07-04T01:01:29.250496,2,1,136.25,0.3,136.1,100,135.9,103,,,,,,,,,,,,,,,,,136.4,100,,,,,,,,,,,,,,,,,,
2026-07-04T01:01:29.303716+00:00,2026-07-04T01:01:29.303846,2,2,136.25,0.3,136.1,100,135.9,103,,,,,,,,,,,,,,,,,136.4,100,136.6,100,,,,,,,,,,,,,,,,
2026-07-04T01:01:30.358567+00:00,2026-07-04T01:01:30.354400,2,2,136.25,0.3,136.1,56,135.9,103,,,,,,,,,,,,,,,,,136.4,100,136.6,100,,,,,,,,,,,,,,,,
2026-07-04T01:01:30.874725+00:00,2026-07-04T01:01:30.874650,2,2,136.25,0.3,136.1,56,135.9,103,,,,,,,,,,,,,,,,,136.4,54,136.6,100,,,,,,,,,,,,,,,,
2026-07-04T01:01:31.194555+00:00,2026-07-04T01:01:31.194516,1,1,136.35,0.5,136.1,56,,,,,,,,,,,,,,,,,,,136.6,100,,,,,,,,,,,,,,,,,,
2026-07-04T01:01:31.248812+00:00,2026-07-04T01:01:31.248742,1,1,136.35,0.5,136.1,206,,,,,,,,,,,,,,,,,,,136.6,100,,,,,,,,,,,,,,,,,,
2026-07-04T01:01:31.302907+00:00,2026-07-04T01:01:31.303001,1,1,136.35,0.5,136.1,206,,,,,,,,,,,,,,,,,,,136.6,250,,,,,,,,,,,,,,,,,,
2026-07-04T01:01:31.324548+00:00,2026-07-04T01:01:31.324441,1,1,136.35,0.5,136.1,206,,,,,,,,,,,,,,,,,,,136.6,200,,,,,,,,,,,,,,,,,,
2026-07-04T01:01:31.507789+00:00,2026-07-04T01:01:31.507663,1,1,136.35,0.5,136.1,206,,,,,,,,,,,,,,,,,,,136.6,155,,,,,,,,,,,,,,,,,,
2026-07-04T01:01:32.358759+00:00,2026-07-04T01:01:32.358632,1,1,136.35,0.5,136.1,150,,,,,,,,,,,,,,,,,,,136.6,150,,,,,,,,,,,,,,,,,,
2026-07-04T01:01:32.409221+00:00,2026-07-04T01:01:32.409176,2,1,136.45,0.3,136.3,100,136.1,150,,,,,,,,,,,,,,,,,136.6,150,,,,,,,,,,,,,,,,,,
2026-07-04T01:01:32.470094+00:00,2026-07-04T01:01:32.470005,2,2,136.45,0.3,136.3,100,136.1,150,,,,,,,,,,,,,,,,,136.6,150,136.8,100,,,,,,,,,,,,,,,,
2026-07-04T01:01:33.485241+00:00,2026-07-04T01:01:33.485209,2,2,136.45,0.3,136.3,50,136.1,150,,,,,,,,,,,,,,,,,136.6,150,136.8,100,,,,,,,,,,,,,,,,
2026-07-04T01:01:34.358608+00:00,2026-07-04T01:01:34.353134,1,1,136.55,0.5,136.3,50,,,,,,,,,,,,,,,,,,,136.8,100,,,,,,,,,,,,,,,,,,
2026-07-04T01:01:34.410949+00:00,2026-07-04T01:01:34.410848,2,1,136.55,0.5,136.3,50,136.1,150,,,,,,,,,,,,,,,,,136.8,100,,,,,,,,,,,,,,,,,,
2026-07-04T01:01:34.464398+00:00,2026-07-04T01:01:34.464260,2,2,136.45,0.3,136.3,50,136.1,150,,,,,,,,,,,,,,,,,136.6,150,136.8,100,,,,,,,,,,,,,,,,
2026-07-04T01:01:35.521613+00:00,2026-07-04T01:01:35.521541,1,1,136.35,0.5,136.1,150,,,,,,,,,,,,,,,,,,,136.6,150,,,,,,,,,,,,,,,,,,
2026-07-04T01:01:35.576203+00:00,2026-07-04T01:01:35.576131,2,1,136.45,0.3,136.3,100,136.1,150,,,,,,,,,,,,,,,,,136.6,150,,,,,,,,,,,,,,,,,,
2026-07-04T01:01:35.594440+00:00,2026-07-04T01:01:35.594383,2,1,136.45,0.3,136.3,50,136.1,150,,,,,,,,,,,,,,,,,136.6,150,,,,,,,,,,,,,,,,,,
2026-07-04T01:01:35.629811+00:00,2026-07-04T01:01:35.629718,2,2,136.45,0.3,136.3,50,136.1,150,,,,,,,,,,,,,,,,,136.6,150,136.8,100,,,,,,,,,,,,,,,,
2026-07-04T01:01:37.543567+00:00,2026-07-04T01:01:37.543520,1,1,136.55,0.5,136.3,50,,,,,,,,,,,,,,,,,,,136.8,100,,,,,,,,,,,,,,,,,,
2026-07-04T01:01:37.597956+00:00,2026-07-04T01:01:37.598088,2,1,136.55,0.5,136.3,50,136.0,150,,,,,,,,,,,,,,,,,136.8,100,,,,,,,,,,,,,,,,,,
2026-07-04T01:01:37.653176+00:00,2026-07-04T01:01:37.653082,2,2,136.4,0.2,136.3,50,136.0,150,,,,,,,,,,,,,,,,,136.5,150,136.8,100,,,,,,,,,,,,,,,,
2026-07-04T01:01:37.701778+00:00,2026-07-04T01:01:37.701704,1,2,136.25,0.5,136.0,150,,,,,,,,,,,,,,,,,,,136.5,150,136.8,100,,,,,,,,,,,,,,,,
2026-07-04T01:01:38.685770+00:00,2026-07-04T01:01:38.685602,1,1,136.25,0.5,136.0,150,,,,,,,,,,,,,,,,,,,136.5,150,,,,,,,,,,,,,,,,,,
2026-07-04T01:01:38.744130+00:00,2026-07-04T01:01:38.744056,2,1,136.25,0.5,136.0,150,135.9,100,,,,,,,,,,,,,,,,,136.5,150,,,,,,,,,,,,,,,,,,
2026-07-04T01:01:38.797759+00:00,2026-07-04T01:01:38.797662,2,2,136.2,0.4,136.0,150,135.9,100,,,,,,,,,,,,,,,,,136.4,100,136.5,150,,,,,,,,,,,,,,,,
2026-07-04T01:01:39.808947+00:00,2026-07-04T01:01:39.808896,2,2,136.2,0.4,136.0,100,135.9,100,,,,,,,,,,,,,,,,,136.4,100,136.5,150,,,,,,,,,,,,,,,,
2026-07-04T01:01:40.707143+00:00,2026-07-04T01:01:40.707256,1,1,136.15,0.5,135.9,100,,,,,,,,,,,,,,,,,,,136.4,100,,,,,,,,,,,,,,,,,,
2026-07-04T01:01:40.758624+00:00,2026-07-04T01:01:40.756542,1,1,136.15,0.5,135.9,250,,,,,,,,,,,,,,,,,,,136.4,100,,,,,,,,,,,,,,,,,,
2026-07-04T01:01:40.813884+00:00,2026-07-04T01:01:40.813959,1,1,136.15,0.5,135.9,250,,,,,,,,,,,,,,,,,,,136.4,250,,,,,,,,,,,,,,,,,,
2026-07-04T01:01:40.846407+00:00,2026-07-04T01:01:40.846275,1,1,136.15,0.5,135.9,206,,,,,,,,,,,,,,,,,,,136.4,250,,,,,,,,,,,,,,,,,,
2026-07-04T01:01:41.806019+00:00,2026-07-04T01:01:41.805913,1,1,136.15,0.5,135.9,206,,,,,,,,,,,,,,,,,,,136.4,202,,,,,,,,,,,,,,,,,,
2026-07-04T01:01:41.858653+00:00,2026-07-04T01:01:41.857289,1,1,136.15,0.5,135.9,150,,,,,,,,,,,,,,,,,,,136.4,100,,,,,,,,,,,,,,,,,,
2026-07-04T01:01:41.907330+00:00,2026-07-04T01:01:41.907447,2,1,136.2,0.4,136.0,100,135.9,150,,,,,,,,,,,,,,,,,136.4,100,,,,,,,,,,,,,,,,,,
2026-07-04T01:01:41.960127+00:00,2026-07-04T01:01:41.960346,2,2,136.2,0.4,136.0,100,135.9,150,,,,,,,,,,,,,,,,,136.4,100,136.5,100,,,,,,,,,,,,,,,,
2026-07-04T01:01:43.378316+00:00,2026-07-04T01:01:43.378246,2,2,136.2,0.4,136.0,56,135.9,150,,,,,,,,,,,,,,,,,136.4,100,136.5,100,,,,,,,,,,,,,,,,
2026-07-04T01:01:43.868266+00:00,2026-07-04T01:01:43.868151,1,1,136.25,0.5,136.0,56,,,,,,,,,,,,,,,,,,,136.5,100,,,,,,,,,,,,,,,,,,
2026-07-04T01:01:43.924087+00:00,2026-07-04T01:01:43.923999,2,1,136.3,0.4,136.1,150,136.0,56,,,,,,,,,,,,,,,,,136.5,100,,,,,,,,,,,,,,,,,,
2026-07-04T01:01:43.972315+00:00,2026-07-04T01:01:43.972171,2,1,136.3,0.4,136.1,150,136.0,56,,,,,,,,,,,,,,,,,136.5,50,,,,,,,,,,,,,,,,,,
2026-07-04T01:01:43.977473+00:00,2026-07-04T01:01:43.977383,2,2,136.3,0.4,136.1,150,136.0,56,,,,,,,,,,,,,,,,,136.5,50,136.6,150,,,,,,,,,,,,,,,,
2026-07-04T01:01:44.918567+00:00,2026-07-04T01:01:44.918445,2,2,136.3,0.4,136.1,150,136.0,56,,,,,,,,,,,,,,,,,136.5,10,136.6,150,,,,,,,,,,,,,,,,
2026-07-04T01:01:45.013701+00:00,2026-07-04T01:01:45.013894,2,1,136.35,0.5,136.1,150,136.0,56,,,,,,,,,,,,,,,,,136.6,150,,,,,,,,,,,,,,,,,,
2026-07-04T01:01:45.019097+00:00,2026-07-04T01:01:45.019060,1,1,136.35,0.5,136.1,150,,,,,,,,,,,,,,,,,,,136.6,150,,,,,,,,,,,,,,,,,,
2026-07-04T01:01:45.074636+00:00,2026-07-04T01:01:45.074522,1,1,136.35,0.5,136.1,250,,,,,,,,,,,,,,,,,,,136.6,150,,,,,,,,,,,,,,,,,,
2026-07-04T01:01:45.127693+00:00,2026-07-04T01:01:45.127803,1,1,136.35,0.5,136.1,250,,,,,,,,,,,,,,,,,,,136.6,250,,,,,,,,,,,,,,,,,,
2026-07-04T01:01:46.079457+00:00,2026-07-04T01:01:46.079599,1,1,136.35,0.5,136.1,250,,,,,,,,,,,,,,,,,,,136.6,200,,,,,,,,,,,,,,,,,,
2026-07-04T01:01:47.029990+00:00,2026-07-04T01:01:47.029897,1,1,136.35,0.5,136.1,100,,,,,,,,,,,,,,,,,,,136.6,100,,,,,,,,,,,,,,,,,,
2026-07-04T01:01:47.079940+00:00,2026-07-04T01:01:47.079907,2,1,136.35,0.5,136.1,100,136.0,150,,,,,,,,,,,,,,,,,136.6,100,,,,,,,,,,,,,,,,,,
2026-07-04T01:01:47.136789+00:00,2026-07-04T01:01:47.136681,2,2,136.3,0.4,136.1,100,136.0,150,,,,,,,,,,,,,,,,,136.5,150,136.6,100,,,,,,,,,,,,,,,,
2026-07-04T01:01:48.175809+00:00,2026-07-04T01:01:48.175979,1,1,136.25,0.5,136.0,150,,,,,,,,,,,,,,,,,,,136.5,150,,,,,,,,,,,,,,,,,,
2026-07-04T01:01:48.230883+00:00,2026-07-04T01:01:48.231049,2,1,136.3,0.4,136.1,50,136.0,150,,,,,,,,,,,,,,,,,136.5,150,,,,,,,,,,,,,,,,,,
2026-07-04T01:01:48.280480+00:00,2026-07-04T01:01:48.280431,2,2,136.3,0.4,136.1,50,136.0,150,,,,,,,,,,,,,,,,,136.5,150,136.6,100,,,,,,,,,,,,,,,,
2026-07-04T01:01:50.127939+00:00,2026-07-04T01:01:50.128176,2,2,136.3,0.4,136.1,6,136.0,150,,,,,,,,,,,,,,,,,136.5,150,136.6,100,,,,,,,,,,,,,,,,
2026-07-04T01:01:50.186523+00:00,2026-07-04T01:01:50.186689,2,1,136.35,0.5,136.1,6,136.0,150,,,,,,,,,,,,,,,,,136.6,100,,,,,,,,,,,,,,,,,,
2026-07-04T01:01:50.191977+00:00,2026-07-04T01:01:50.191847,1,1,136.35,0.5,136.1,6,,,,,,,,,,,,,,,,,,,136.6,100,,,,,,,,,,,,,,,,,,
2026-07-04T01:01:50.258540+00:00,2026-07-04T01:01:50.254599,2,1,136.4,0.4,136.2,150,136.1,6,,,,,,,,,,,,,,,,,136.6,100,,,,,,,,,,,,,,,,,,
2026-07-04T01:01:50.307598+00:00,2026-07-04T01:01:50.307549,2,2,136.4,0.4,136.2,150,136.1,6,,,,,,,,,,,,,,,,,136.6,100,136.7,150,,,,,,,,,,,,,,,,
2026-07-04T01:01:51.237626+00:00,2026-07-04T01:01:51.237490,2,2,136.4,0.4,136.2,150,136.1,6,,,,,,,,,,,,,,,,,136.6,52,136.7,150,,,,,,,,,,,,,,,,
2026-07-04T01:01:51.342553+00:00,2026-07-04T01:01:51.342470,1,1,136.45,0.5,136.2,150,,,,,,,,,,,,,,,,,,,136.7,150,,,,,,,,,,,,,,,,,,
2026-07-04T01:01:51.392228+00:00,2026-07-04T01:01:51.392130,2,1,136.45,0.5,136.2,150,135.9,100,,,,,,,,,,,,,,,,,136.7,150,,,,,,,,,,,,,,,,,,
2026-07-04T01:01:51.474198+00:00,2026-07-04T01:01:51.474075,2,2,136.3,0.2,136.2,150,135.9,100,,,,,,,,,,,,,,,,,136.4,100,136.7,150,,,,,,,,,,,,,,,,
2026-07-04T01:01:52.448371+00:00,2026-07-04T01:01:52.448556,2,2,136.3,0.2,136.2,100,135.9,100,,,,,,,,,,,,,,,,,136.4,100,136.7,150,,,,,,,,,,,,,,,,
2026-07-04T01:01:53.358633+00:00,2026-07-04T01:01:53.358248,1,1,136.15,0.5,135.9,100,,,,,,,,,,,,,,,,,,,136.4,100,,,,,,,,,,,,,,,,,,
2026-07-04T01:01:53.417776+00:00,2026-07-04T01:01:53.417663,2,1,136.2,0.4,136.0,150,135.9,100,,,,,,,,,,,,,,,,,136.4,100,,,,,,,,,,,,,,,,,,
2026-07-04T01:01:53.470225+00:00,2026-07-04T01:01:53.470306,2,2,136.2,0.4,136.0,150,135.9,100,,,,,,,,,,,,,,,,,136.4,100,136.5,150,,,,,,,,,,,,,,,,
2026-07-04T01:01:54.532369+00:00,2026-07-04T01:01:54.532264,1,1,136.25,0.5,136.0,150,,,,,,,,,,,,,,,,,,,136.5,150,,,,,,,,,,,,,,,,,,
2026-07-04T01:01:54.550206+00:00,2026-07-04T01:01:54.550070,1,1,136.25,0.5,136.0,106,,,,,,,,,,,,,,,,,,,136.5,150,,,,,,,,,,,,,,,,,,
2026-07-04T01:01:54.558599+00:00,2026-07-04T01:01:54.555272,1,1,136.25,0.5,136.0,56,,,,,,,,,,,,,,,,,,,136.5,150,,,,,,,,,,,,,,,,,,
2026-07-04T01:01:54.591862+00:00,2026-07-04T01:01:54.591748,2,1,136.25,0.5,136.0,56,135.8,100,,,,,,,,,,,,,,,,,136.5,150,,,,,,,,,,,,,,,,,,
2026-07-04T01:01:54.643080+00:00,2026-07-04T01:01:54.642970,2,2,136.15,0.3,136.0,56,135.8,100,,,,,,,,,,,,,,,,,136.3,100,136.5,150,,,,,,,,,,,,,,,,
2026-07-04T01:01:55.602084+00:00,2026-07-04T01:01:55.601958,2,2,136.15,0.3,136.0,56,135.8,100,,,,,,,,,,,,,,,,,136.3,53,136.5,150,,,,,,,,,,,,,,,,
2026-07-04T01:01:56.524697+00:00,2026-07-04T01:01:56.524665,1,1,136.05,0.5,135.8,100,,,,,,,,,,,,,,,,,,,136.3,53,,,,,,,,,,,,,,,,,,
2026-07-04T01:01:56.579702+00:00,2026-07-04T01:01:56.579606,2,1,136.05,0.5,135.8,100,135.6,150,,,,,,,,,,,,,,,,,136.3,53,,,,,,,,,,,,,,,,,,
2026-07-04T01:01:56.632735+00:00,2026-07-04T01:01:56.632696,2,2,135.95,0.3,135.8,100,135.6,150,,,,,,,,,,,,,,,,,136.1,150,136.3,53,,,,,,,,,,,,,,,,
2026-07-04T01:01:56.664586+00:00,2026-07-04T01:01:56.664468,2,2,135.95,0.3,135.8,50,135.6,150,,,,,,,,,,,,,,,,,136.1,150,136.3,53,,,,,,,,,,,,,,,,
2026-07-04T01:01:56.957845+00:00,2026-07-04T01:01:56.952380,2,2,135.95,0.3,135.8,50,135.6,150,,,,,,,,,,,,,,,,,136.1,147,136.3,53,,,,,,,,,,,,,,,,
2026-07-04T01:01:57.697442+00:00,2026-07-04T01:01:57.697341,1,1,135.85,0.5,135.6,150,,,,,,,,,,,,,,,,,,,136.1,147,,,,,,,,,,,,,,,,,,
2026-07-04T01:01:57.751576+00:00,2026-07-04T01:01:57.751683,2,1,135.9,0.4,135.7,100,135.6,150,,,,,,,,,,,,,,,,,136.1,147,,,,,,,,,,,,,,,,,,
2026-07-04T01:01:57.804356+00:00,2026-07-04T01:01:57.804208,2,2,135.9,0.4,135.7,100,135.6,150,,,,,,,,,,,,,,,,,136.1,147,136.2,100,,,,,,,,,,,,,,,,
2026-07-04T01:01:58.771267+00:00,2026-07-04T01:01:58.771129,2,2,135.9,0.4,135.7,50,135.6,150,,,,,,,,,,,,,,,,,136.1,147,136.2,100,,,,,,,,,,,,,,,,
2026-07-04T01:01:59.702936+00:00,2026-07-04T01:01:59.702821,1,1,135.95,0.5,135.7,50,,,,,,,,,,,,,,,,,,,136.2,100,,,,,,,,,,,,,,,,,,
2026-07-04T01:01:59.744965+00:00,2026-07-04T01:01:59.744870,2,1,135.95,0.5,135.7,50,135.2,150,,,,,,,,,,,,,,,,,136.2,100,,,,,,,,,,,,,,,,,,
2026-07-04T01:01:59.799813+00:00,2026-07-04T01:01:59.799990,1,2,135.45,0.5,135.2,150,,,,,,,,,,,,,,,,,,,135.7,100,136.2,100,,,,,,,,,,,,,,,,
2026-07-04T01:01:59.808751+00:00,2026-07-04T01:01:59.803564,1,2,135.45,0.5,135.2,150,,,,,,,,,,,,,,,,,,,135.7,77,136.2,100,,,,,,,,,,,,,,,,
2026-07-04T01:01:59.974173+00:00,2026-07-04T01:01:59.974135,1,2,135.45,0.5,135.2,150,,,,,,,,,,,,,,,,,,,135.7,33,136.2,100,,,,,,,,,,,,,,,,
2026-07-04T01:02:00.858710+00:00,2026-07-04T01:02:00.854075,1,1,135.45,0.5,135.2,150,,,,,,,,,,,,,,,,,,,135.7,33,,,,,,,,,,,,,,,,,,
2026-07-04T01:02:00.878699+00:00,2026-07-04T01:02:00.878650,1,1,135.45,0.5,135.2,100,,,,,,,,,,,,,,,,,,,135.7,33,,,,,,,,,,,,,,,,,,
2026-07-04T01:02:00.915055+00:00,2026-07-04T01:02:00.914974,2,1,135.55,0.3,135.4,100,135.2,100,,,,,,,,,,,,,,,,,135.7,33,,,,,,,,,,,,,,,,,,
2026-07-04T01:02:00.967778+00:00,2026-07-04T01:02:00.967911,2,2,135.55,0.3,135.4,100,135.2,100,,,,,,,,,,,,,,,,,135.7,33,135.9,100,,,,,,,,,,,,,,,,
2026-07-04T01:02:01.620241+00:00,2026-07-04T01:02:01.620121,2,2,135.55,0.3,135.4,53,135.2,100,,,,,,,,,,,,,,,,,135.7,33,135.9,100,,,,,,,,,,,,,,,,
2026-07-04T01:02:02.786840+00:00,2026-07-04T01:02:02.786692,2,1,135.65,0.5,135.4,53,135.2,100,,,,,,,,,,,,,,,,,135.9,91,,,,,,,,,,,,,,,,,,
2026-07-04T01:02:02.858625+00:00,2026-07-04T01:02:02.848266,1,1,135.65,0.5,135.4,53,,,,,,,,,,,,,,,,,,,135.9,91,,,,,,,,,,,,,,,,,,
2026-07-04T01:02:02.911069+00:00,2026-07-04T01:02:02.910940,2,1,135.8,0.2,135.7,150,135.4,53,,,,,,,,,,,,,,,,,135.9,91,,,,,,,,,,,,,,,,,,
2026-07-04T01:02:02.932593+00:00,2026-07-04T01:02:02.932446,2,1,135.8,0.2,135.7,150,135.4,53,,,,,,,,,,,,,,,,,135.9,41,,,,,,,,,,,,,,,,,,
2026-07-04T01:02:02.958587+00:00,2026-07-04T01:02:02.955421,2,2,135.8,0.2,135.7,150,135.4,53,,,,,,,,,,,,,,,,,135.9,41,136.2,150,,,,,,,,,,,,,,,,
2026-07-04T01:02:04.022747+00:00,2026-07-04T01:02:04.022625,2,1,135.95,0.5,135.7,150,135.4,53,,,,,,,,,,,,,,,,,136.2,150,,,,,,,,,,,,,,,,,,
2026-07-04T01:02:04.027974+00:00,2026-07-04T01:02:04.027849,1,1,135.95,0.5,135.7,150,,,,,,,,,,,,,,,,,,,136.2,150,,,,,,,,,,,,,,,,,,
2026-07-04T01:02:04.082511+00:00,2026-07-04T01:02:04.082329,2,1,135.95,0.5,135.7,150,135.3,100,,,,,,,,,,,,,,,,,136.2,150,,,,,,,,,,,,,,,,,,
2026-07-04T01:02:04.135681+00:00,2026-07-04T01:02:04.135809,2,2,135.75,0.1,135.7,150,135.3,100,,,,,,,,,,,,,,,,,135.8,100,136.2,150,,,,,,,,,,,,,,,,
2026-07-04T01:02:04.303059+00:00,2026-07-04T01:02:04.302986,2,2,135.75,0.1,135.7,109,135.3,100,,,,,,,,,,,,,,,,,135.8,100,136.2,150,,,,,,,,,,,,,,,,
2026-07-04T01:02:05.040700+00:00,2026-07-04T01:02:05.040621,2,2,135.75,0.1,135.7,109,135.3,100,,,,,,,,,,,,,,,,,135.8,50,136.2,150,,,,,,,,,,,,,,,,
2026-07-04T01:02:06.014386+00:00,2026-07-04T01:02:06.014329,2,1,135.75,0.1,135.7,109,135.3,100,,,,,,,,,,,,,,,,,135.8,50,,,,,,,,,,,,,,,,,,
2026-07-04T01:02:06.019566+00:00,2026-07-04T01:02:06.019493,1,1,135.55,0.5,135.3,100,,,,,,,,,,,,,,,,,,,135.8,50,,,,,,,,,,,,,,,,,,
2026-07-04T01:02:06.068868+00:00,2026-07-04T01:02:06.068802,2,1,135.7,0.2,135.6,150,135.3,100,,,,,,,,,,,,,,,,,135.8,50,,,,,,,,,,,,,,,,,,
2026-07-04T01:02:06.121991+00:00,2026-07-04T01:02:06.121896,2,2,135.7,0.2,135.6,150,135.3,100,,,,,,,,,,,,,,,,,135.8,50,136.1,150,,,,,,,,,,,,,,,,
2026-07-04T01:02:06.463996+00:00,2026-07-04T01:02:06.463873,2,2,135.7,0.2,135.6,110,135.3,100,,,,,,,,,,,,,,,,,135.8,50,136.1,150,,,,,,,,,,,,,,,,
2026-07-04T01:02:07.148257+00:00,2026-07-04T01:02:07.148335,2,1,135.85,0.5,135.6,110,135.3,100,,,,,,,,,,,,,,,,,136.1,150,,,,,,,,,,,,,,,,,,
2026-07-04T01:02:07.191170+00:00,2026-07-04T01:02:07.191036,1,1,135.85,0.5,135.6,110,,,,,,,,,,,,,,,,,,,136.1,150,,,,,,,,,,,,,,,,,,
2026-07-04T01:02:07.258717+00:00,2026-07-04T01:02:07.258657,2,1,135.9,0.4,135.7,100,135.6,110,,,,,,,,,,,,,,,,,136.1,150,,,,,,,,,,,,,,,,,,
2026-07-04T01:02:07.299939+00:00,2026-07-04T01:02:07.300032,2,2,135.9,0.4,135.7,100,135.6,110,,,,,,,,,,,,,,,,,136.1,150,136.2,100,,,,,,,,,,,,,,,,
2026-07-04T01:02:07.914272+00:00,2026-07-04T01:02:07.914195,2,2,135.9,0.4,135.7,56,135.6,110,,,,,,,,,,,,,,,,,136.1,150,136.2,100,,,,,,,,,,,,,,,,
2026-07-04T01:02:09.180339+00:00,2026-07-04T01:02:09.180233,1,1,135.95,0.5,135.7,56,,,,,,,,,,,,,,,,,,,136.2,100,,,,,,,,,,,,,,,,,,
2026-07-04T01:02:09.235236+00:00,2026-07-04T01:02:09.235155,2,1,135.95,0.5,135.7,56,135.5,150,,,,,,,,,,,,,,,,,136.2,100,,,,,,,,,,,,,,,,,,
2026-07-04T01:02:09.279655+00:00,2026-07-04T01:02:09.279527,2,1,135.95,0.5,135.7,56,135.5,150,,,,,,,,,,,,,,,,,136.2,50,,,,,,,,,,,,,,,,,,
2026-07-04T01:02:09.284735+00:00,2026-07-04T01:02:09.284712,2,2,135.85,0.3,135.7,56,135.5,150,,,,,,,,,,,,,,,,,136.0,150,136.2,50,,,,,,,,,,,,,,,,
2026-07-04T01:02:10.358741+00:00,2026-07-04T01:02:10.354452,1,1,135.75,0.5,135.5,150,,,,,,,,,,,,,,,,,,,136.0,150,,,,,,,,,,,,,,,,,,
2026-07-04T01:02:10.406728+00:00,2026-07-04T01:02:10.406625,2,1,135.85,0.3,135.7,100,135.5,150,,,,,,,,,,,,,,,,,136.0,150,,,,,,,,,,,,,,,,,,
2026-07-04T01:02:10.454466+00:00,2026-07-04T01:02:10.454604,2,2,135.85,0.3,135.7,100,135.5,150,,,,,,,,,,,,,,,,,136.0,150,136.2,100,,,,,,,,,,,,,,,,
2026-07-04T01:02:11.468872+00:00,2026-07-04T01:02:11.468757,2,2,135.85,0.3,135.7,50,135.5,150,,,,,,,,,,,,,,,,,136.0,150,136.2,100,,,,,,,,,,,,,,,,
2026-07-04T01:02:11.582298+00:00,2026-07-04T01:02:11.582456,2,2,135.85,0.3,135.7,50,135.5,150,,,,,,,,,,,,,,,,,136.0,104,136.2,100,,,,,,,,,,,,,,,,
2026-07-04T01:02:12.340417+00:00,2026-07-04T01:02:12.340568,1,1,135.95,0.5,135.7,50,,,,,,,,,,,,,,,,,,,136.2,100,,,,,,,,,,,,,,,,,,
2026-07-04T01:02:12.392559+00:00,2026-07-04T01:02:12.392461,1,1,135.95,0.5,135.7,200,,,,,,,,,,,,,,,,,,,136.2,100,,,,,,,,,,,,,,,,,,
2026-07-04T01:02:12.445219+00:00,2026-07-04T01:02:12.445096,1,1,135.95,0.5,135.7,200,,,,,,,,,,,,,,,,,,,136.2,250,,,,,,,,,,,,,,,,,,
2026-07-04T01:02:12.818658+00:00,2026-07-04T01:02:12.814051,1,1,135.95,0.5,135.7,188,,,,,,,,,,,,,,,,,,,136.2,250,,,,,,,,,,,,,,,,,,
2026-07-04T01:02:13.513960+00:00,2026-07-04T01:02:13.513893,1,1,135.95,0.5,135.7,150,,,,,,,,,,,,,,,,,,,136.2,150,,,,,,,,,,,,,,,,,,
2026-07-04T01:02:13.567033+00:00,2026-07-04T01:02:13.566845,2,1,135.95,0.5,135.7,150,135.4,100,,,,,,,,,,,,,,,,,136.2,150,,,,,,,,,,,,,,,,,,
2026-07-04T01:02:13.572097+00:00,2026-07-04T01:02:13.572037,2,1,135.95,0.5,135.7,100,135.4,100,,,,,,,,,,,,,,,,,136.2,150,,,,,,,,,,,,,,,,,,
2026-07-04T01:02:13.620113+00:00,2026-07-04T01:02:13.619979,2,2,135.8,0.2,135.7,100,135.4,100,,,,,,,,,,,,,,,,,135.9,100,136.2,150,,,,,,,,,,,,,,,,
2026-07-04T01:02:15.500585+00:00,2026-07-04T01:02:15.500694,1,1,135.65,0.5,135.4,100,,,,,,,,,,,,,,,,,,,135.9,100,,,,,,,,,,,,,,,,,,
2026-07-04T01:02:15.555890+00:00,2026-07-04T01:02:15.555961,2,1,135.7,0.4,135.5,150,135.4,100,,,,,,,,,,,,,,,,,135.9,100,,,,,,,,,,,,,,,,,,
2026-07-04T01:02:15.603948+00:00,2026-07-04T01:02:15.603797,2,2,135.7,0.4,135.5,150,135.4,100,,,,,,,,,,,,,,,,,135.9,100,136.0,150,,,,,,,,,,,,,,,,
2026-07-04T01:02:15.624548+00:00,2026-07-04T01:02:15.624524,2,2,135.7,0.4,135.5,150,135.4,100,,,,,,,,,,,,,,,,,135.9,50,136.0,150,,,,,,,,,,,,,,,,
2026-07-04T01:02:16.673639+00:00,2026-07-04T01:02:16.673541,1,1,135.75,0.5,135.5,150,,,,,,,,,,,,,,,,,,,136.0,150,,,,,,,,,,,,,,,,,,
2026-07-04T01:02:16.729487+00:00,2026-07-04T01:02:16.729611,2,1,135.85,0.3,135.7,100,135.5,150,,,,,,,,,,,,,,,,,136.0,150,,,,,,,,,,,,,,,,,,
2026-07-04T01:02:16.782187+00:00,2026-07-04T01:02:16.782130,2,2,135.85,0.3,135.7,100,135.5,150,,,,,,,,,,,,,,,,,136.0,150,136.2,100,,,,,,,,,,,,,,,,
2026-07-04T01:02:17.742493+00:00,2026-07-04T01:02:17.742654,2,2,135.85,0.3,135.7,100,135.5,150,,,,,,,,,,,,,,,,,136.0,100,136.2,100,,,,,,,,,,,,,,,,
2026-07-04T01:02:18.658573+00:00,2026-07-04T01:02:18.657165,1,1,135.95,0.5,135.7,100,,,,,,,,,,,,,,,,,,,136.2,100,,,,,,,,,,,,,,,,,,
2026-07-04T01:02:18.739073+00:00,2026-07-04T01:02:18.738938,2,1,135.95,0.5,135.7,100,135.6,150,,,,,,,,,,,,,,,,,136.2,100,,,,,,,,,,,,,,,,,,
2026-07-04T01:02:18.793328+00:00,2026-07-04T01:02:18.793206,2,2,135.9,0.4,135.7,100,135.6,150,,,,,,,,,,,,,,,,,136.1,150,136.2,100,,,,,,,,,,,,,,,,
2026-07-04T01:02:18.996547+00:00,2026-07-04T01:02:18.996467,2,2,135.9,0.4,135.7,100,135.6,150,,,,,,,,,,,,,,,,,136.1,109,136.2,100,,,,,,,,,,,,,,,,
2026-07-04T01:02:19.831677+00:00,2026-07-04T01:02:19.831867,1,1,135.85,0.5,135.6,150,,,,,,,,,,,,,,,,,,,136.1,109,,,,,,,,,,,,,,,,,,
2026-07-04T01:02:19.890769+00:00,2026-07-04T01:02:19.891106,2,1,135.95,0.3,135.8,100,135.6,150,,,,,,,,,,,,,,,,,136.1,109,,,,,,,,,,,,,,,,,,
2026-07-04T01:02:19.896452+00:00,2026-07-04T01:02:19.896347,2,1,135.95,0.3,135.8,50,135.6,150,,,,,,,,,,,,,,,,,136.1,109,,,,,,,,,,,,,,,,,,
2026-07-04T01:02:19.941027+00:00,2026-07-04T01:02:19.940945,2,2,135.95,0.3,135.8,50,135.6,150,,,,,,,,,,,,,,,,,136.1,109,136.3,100,,,,,,,,,,,,,,,,
2026-07-04T01:02:20.032697+00:00,2026-07-04T01:02:20.032609,2,2,135.95,0.3,135.8,50,135.6,150,,,,,,,,,,,,,,,,,136.1,61,136.3,100,,,,,,,,,,,,,,,,
2026-07-04T01:02:20.088698+00:00,2026-07-04T01:02:20.088554,2,2,135.95,0.3,135.8,9,135.6,150,,,,,,,,,,,,,,,,,136.1,61,136.3,100,,,,,,,,,,,,,,,,
2026-07-04T01:02:20.673533+00:00,2026-07-04T01:02:20.673413,1,2,135.85,0.5,135.6,117,,,,,,,,,,,,,,,,,,,136.1,61,136.3,100,,,,,,,,,,,,,,,,
2026-07-04T01:02:21.158559+00:00,2026-07-04T01:02:21.154619,1,2,135.85,0.5,135.6,117,,,,,,,,,,,,,,,,,,,136.1,21,136.3,100,,,,,,,,,,,,,,,,
2026-07-04T01:02:21.669559+00:00,2026-07-04T01:02:21.669505,1,2,135.85,0.5,135.6,71,,,,,,,,,,,,,,,,,,,136.1,21,136.3,100,,,,,,,,,,,,,,,,
2026-07-04T01:02:21.846848+00:00,2026-07-04T01:02:21.847003,0,1,,,,,,,,,,,,,,,,,,,,,,,136.3,100,,,,,,,,,,,,,,,,,,
2026-07-04T01:02:21.909380+00:00,2026-07-04T01:02:21.903667,1,1,136.15,0.3,136.0,139,,,,,,,,,,,,,,,,,,,136.3,100,,,,,,,,,,,,,,,,,,
2026-07-04T01:02:21.955944+00:00,2026-07-04T01:02:21.955855,1,2,136.15,0.3,136.0,139,,,,,,,,,,,,,,,,,,,136.3,50,136.5,150,,,,,,,,,,,,,,,,
2026-07-04T01:02:22.585777+00:00,2026-07-04T01:02:22.585677,1,2,136.15,0.3,136.0,90,,,,,,,,,,,,,,,,,,,136.3,50,136.5,150,,,,,,,,,,,,,,,,
2026-07-04T01:02:23.000751+00:00,2026-07-04T01:02:23.000647,1,1,136.25,0.5,136.0,90,,,,,,,,,,,,,,,,,,,136.5,150,,,,,,,,,,,,,,,,,,
2026-07-04T01:02:23.058640+00:00,2026-07-04T01:02:23.052807,2,1,136.25,0.5,136.0,90,135.7,100,,,,,,,,,,,,,,,,,136.5,150,,,,,,,,,,,,,,,,,,
2026-07-04T01:02:23.105043+00:00,2026-07-04T01:02:23.105255,2,2,136.1,0.2,136.0,90,135.7,100,,,,,,,,,,,,,,,,,136.2,100,136.5,150,,,,,,,,,,,,,,,,
2026-07-04T01:02:23.316403+00:00,2026-07-04T01:02:23.310398,2,2,136.1,0.2,136.0,87,135.7,100,,,,,,,,,,,,,,,,,136.2,100,136.5,150,,,,,,,,,,,,,,,,
2026-07-04T01:02:24.064085+00:00,2026-07-04T01:02:24.063978,2,2,136.1,0.2,136.0,87,135.7,100,,,,,,,,,,,,,,,,,136.2,50,136.5,150,,,,,,,,,,,,,,,,
2026-07-04T01:02:25.012362+00:00,2026-07-04T01:02:25.012304,1,1,135.95,0.5,135.7,100,,,,,,,,,,,,,,,,,,,136.2,50,,,,,,,,,,,,,,,,,,
2026-07-04T01:02:25.070019+00:00,2026-07-04T01:02:25.069925,1,1,135.95,0.5,135.7,250,,,,,,,,,,,,,,,,,,,136.2,50,,,,,,,,,,,,,,,,,,
2026-07-04T01:02:25.123585+00:00,2026-07-04T01:02:25.123481,1,1,135.95,0.5,135.7,250,,,,,,,,,,,,,,,,,,,136.2,200,,,,,,,,,,,,,,,,,,
2026-07-04T01:02:26.158590+00:00,2026-07-04T01:02:26.154748,1,1,135.95,0.5,135.7,150,,,,,,,,,,,,,,,,,,,136.2,150,,,,,,,,,,,,,,,,,,
2026-07-04T01:02:26.212268+00:00,2026-07-04T01:02:26.212143,1,1,135.95,0.5,135.7,250,,,,,,,,,,,,,,,,,,,136.2,150,,,,,,,,,,,,,,,,,,
2026-07-04T01:02:26.264921+00:00,2026-07-04T01:02:26.264730,1,1,135.95,0.5,135.7,250,,,,,,,,,,,,,,,,,,,136.2,250,,,,,,,,,,,,,,,,,,
2026-07-04T01:02:26.889409+00:00,2026-07-04T01:02:26.889296,1,1,135.95,0.5,135.7,250,,,,,,,,,,,,,,,,,,,136.2,206,,,,,,,,,,,,,,,,,,
2026-07-04T01:02:27.464069+00:00,2026-07-04T01:02:27.463931,1,1,135.95,0.5,135.7,201,,,,,,,,,,,,,,,,,,,136.2,206,,,,,,,,,,,,,,,,,,
2026-07-04T01:02:28.178720+00:00,2026-07-04T01:02:28.178612,1,1,135.95,0.5,135.7,201,,,,,,,,,,,,,,,,,,,136.2,100,,,,,,,,,,,,,,,,,,
2026-07-04T01:02:28.183973+00:00,2026-07-04T01:02:28.183851,1,1,135.95,0.5,135.7,100,,,,,,,,,,,,,,,,,,,136.2,100,,,,,,,,,,,,,,,,,,
2026-07-04T01:02:28.233952+00:00,2026-07-04T01:02:28.233831,2,1,135.95,0.5,135.7,100,135.4,150,,,,,,,,,,,,,,,,,136.2,100,,,,,,,,,,,,,,,,,,
2026-07-04T01:02:28.286679+00:00,2026-07-04T01:02:28.286634,2,2,135.8,0.2,135.7,100,135.4,150,,,,,,,,,,,,,,,,,135.9,150,136.2,100,,,,,,,,,,,,,,,,
2026-07-04T01:02:28.323360+00:00,2026-07-04T01:02:28.323285,2,2,135.8,0.2,135.7,50,135.4,150,,,,,,,,,,,,,,,,,135.9,150,136.2,100,,,,,,,,,,,,,,,,
2026-07-04T01:02:28.567195+00:00,2026-07-04T01:02:28.562035,2,2,135.8,0.2,135.7,50,135.4,150,,,,,,,,,,,,,,,,,135.9,147,136.2,100,,,,,,,,,,,,,,,,
2026-07-04T01:02:29.322188+00:00,2026-07-04T01:02:29.322098,1,1,135.65,0.5,135.4,150,,,,,,,,,,,,,,,,,,,135.9,147,,,,,,,,,,,,,,,,,,
2026-07-04T01:02:29.374931+00:00,2026-07-04T01:02:29.374855,2,1,135.65,0.5,135.4,150,135.0,100,,,,,,,,,,,,,,,,,135.9,147,,,,,,,,,,,,,,,,,,
2026-07-04T01:02:29.405395+00:00,2026-07-04T01:02:29.405247,2,1,135.65,0.5,135.4,150,135.0,100,,,,,,,,,,,,,,,,,135.9,102,,,,,,,,,,,,,,,,,,
2026-07-04T01:02:29.426192+00:00,2026-07-04T01:02:29.426084,2,2,135.45,0.1,135.4,150,135.0,100,,,,,,,,,,,,,,,,,135.5,100,135.9,102,,,,,,,,,,,,,,,,
2026-07-04T01:02:29.873758+00:00,2026-07-04T01:02:29.868561,2,2,135.45,0.1,135.4,150,135.0,100,,,,,,,,,,,,,,,,,135.5,89,135.9,102,,,,,,,,,,,,,,,,
2026-07-04T01:02:30.438441+00:00,2026-07-04T01:02:30.438306,2,2,135.45,0.1,135.4,100,135.0,100,,,,,,,,,,,,,,,,,135.5,89,135.9,102,,,,,,,,,,,,,,,,
2026-07-04T01:02:30.458571+00:00,2026-07-04T01:02:30.453970,2,2,135.45,0.1,135.4,100,135.0,100,,,,,,,,,,,,,,,,,135.5,41,135.9,102,,,,,,,,,,,,,,,,
2026-07-04T01:02:31.187056+00:00,2026-07-04T01:02:31.181798,2,2,135.45,0.1,135.4,100,135.0,100,,,,,,,,,,,,,,,,,135.5,29,135.9,102,,,,,,,,,,,,,,,,
2026-07-04T01:02:31.343640+00:00,2026-07-04T01:02:31.343509,1,1,135.25,0.5,135.0,100,,,,,,,,,,,,,,,,,,,135.5,29,,,,,,,,,,,,,,,,,,
2026-07-04T01:02:31.399108+00:00,2026-07-04T01:02:31.399003,2,0,,,135.5,121,135.0,100,,,,,,,,,,,,,,,,,,,,,,,,,,,,,,,,,,,,
2026-07-04T01:02:31.468851+00:00,2026-07-04T01:02:31.468785,2,1,135.75,0.5,135.5,121,135.0,100,,,,,,,,,,,,,,,,,136.0,150,,,,,,,,,,,,,,,,,,
2026-07-04T01:02:32.106046+00:00,2026-07-04T01:02:32.100874,2,1,135.75,0.5,135.5,109,135.0,100,,,,,,,,,,,,,,,,,136.0,150,,,,,,,,,,,,,,,,,,
2026-07-04T01:02:32.482976+00:00,2026-07-04T01:02:32.482832,1,1,135.75,0.5,135.5,109,,,,,,,,,,,,,,,,,,,136.0,150,,,,,,,,,,,,,,,,,,
2026-07-04T01:02:32.537065+00:00,2026-07-04T01:02:32.537236,1,1,135.75,0.5,135.5,209,,,,,,,,,,,,,,,,,,,136.0,150,,,,,,,,,,,,,,,,,,
2026-07-04T01:02:32.547568+00:00,2026-07-04T01:02:32.547680,1,1,135.75,0.5,135.5,159,,,,,,,,,,,,,,,,,,,136.0,150,,,,,,,,,,,,,,,,,,
2026-07-04T01:02:32.591757+00:00,2026-07-04T01:02:32.591654,1,1,135.75,0.5,135.5,159,,,,,,,,,,,,,,,,,,,136.0,250,,,,,,,,,,,,,,,,,,
2026-07-04T01:02:33.313678+00:00,2026-07-04T01:02:33.307797,1,1,135.75,0.5,135.5,148,,,,,,,,,,,,,,,,,,,136.0,250,,,,,,,,,,,,,,,,,,
2026-07-04T01:02:34.517195+00:00,2026-07-04T01:02:34.517391,1,1,135.75,0.5,135.5,148,,,,,,,,,,,,,,,,,,,136.0,100,,,,,,,,,,,,,,,,,,
2026-07-04T01:02:34.522710+00:00,2026-07-04T01:02:34.522542,1,1,135.75,0.5,135.5,100,,,,,,,,,,,,,,,,,,,136.0,100,,,,,,,,,,,,,,,,,,
2026-07-04T01:02:34.574922+00:00,2026-07-04T01:02:34.574786,2,1,135.75,0.5,135.5,100,134.8,150,,,,,,,,,,,,,,,,,136.0,100,,,,,,,,,,,,,,,,,,
2026-07-04T01:02:34.638147+00:00,2026-07-04T01:02:34.631616,1,2,135.05,0.5,134.8,150,,,,,,,,,,,,,,,,,,,135.3,39,136.0,100,,,,,,,,,,,,,,,,
2026-07-04T01:02:35.330372+00:00,2026-07-04T01:02:35.330289,1,2,135.05,0.5,134.8,101,,,,,,,,,,,,,,,,,,,135.3,39,136.0,100,,,,,,,,,,,,,,,,
2026-07-04T01:02:35.647409+00:00,2026-07-04T01:02:35.647295,1,1,135.05,0.5,134.8,101,,,,,,,,,,,,,,,,,,,135.3,39,,,,,,,,,,,,,,,,,,
2026-07-04T01:02:35.698378+00:00,2026-07-04T01:02:35.698271,2,1,135.2,0.2,135.1,100,134.8,101,,,,,,,,,,,,,,,,,135.3,39,,,,,,,,,,,,,,,,,,
2026-07-04T01:02:35.758593+00:00,2026-07-04T01:02:35.755659,2,2,135.2,0.2,135.1,100,134.8,101,,,,,,,,,,,,,,,,,135.3,39,135.6,100,,,,,,,,,,,,,,,,
2026-07-04T01:02:35.897801+00:00,2026-07-04T01:02:35.897730,2,1,135.35,0.5,135.1,100,134.8,101,,,,,,,,,,,,,,,,,135.6,91,,,,,,,,,,,,,,,,,,
2026-07-04T01:02:37.508633+00:00,2026-07-04T01:02:37.508774,2,1,135.35,0.5,135.1,100,134.8,101,,,,,,,,,,,,,,,,,135.6,48,,,,,,,,,,,,,,,,,,
2026-07-04T01:02:37.685294+00:00,2026-07-04T01:02:37.685393,1,1,135.35,0.5,135.1,100,,,,,,,,,,,,,,,,,,,135.6,48,,,,,,,,,,,,,,,,,,
2026-07-04T01:02:37.732137+00:00,2026-07-04T01:02:37.728165,2,1,135.4,0.4,135.2,150,135.1,100,,,,,,,,,,,,,,,,,135.6,48,,,,,,,,,,,,,,,,,,
2026-07-04T01:02:37.790418+00:00,2026-07-04T01:02:37.790564,2,2,135.4,0.4,135.2,150,135.1,100,,,,,,,,,,,,,,,,,135.6,48,135.7,150,,,,,,,,,,,,,,,,
2026-07-04T01:02:38.550674+00:00,2026-07-04T01:02:38.550547,2,2,135.4,0.4,135.2,104,135.1,100,,,,,,,,,,,,,,,,,135.6,48,135.7,150,,,,,,,,,,,,,,,,
2026-07-04T01:02:38.811349+00:00,2026-07-04T01:02:38.811259,1,1,135.45,0.5,135.2,104,,,,,,,,,,,,,,,,,,,135.7,150,,,,,,,,,,,,,,,,,,
2026-07-04T01:02:38.867394+00:00,2026-07-04T01:02:38.867216,1,1,135.45,0.5,135.2,204,,,,,,,,,,,,,,,,,,,135.7,150,,,,,,,,,,,,,,,,,,
2026-07-04T01:02:38.872547+00:00,2026-07-04T01:02:38.872430,1,1,135.45,0.5,135.2,154,,,,,,,,,,,,,,,,,,,135.7,150,,,,,,,,,,,,,,,,,,
2026-07-04T01:02:38.921064+00:00,2026-07-04T01:02:38.920966,1,1,135.45,0.5,135.2,154,,,,,,,,,,,,,,,,,,,135.7,250,,,,,,,,,,,,,,,,,,
2026-07-04T01:02:39.158573+00:00,2026-07-04T01:02:39.153812,1,1,135.45,0.5,135.2,114,,,,,,,,,,,,,,,,,,,135.7,250,,,,,,,,,,,,,,,,,,
2026-07-04T01:02:40.847019+00:00,2026-07-04T01:02:40.839193,1,1,135.45,0.5,135.2,100,,,,,,,,,,,,,,,,,,,135.7,100,,,,,,,,,,,,,,,,,,
2026-07-04T01:02:40.897792+00:00,2026-07-04T01:02:40.897683,2,1,135.45,0.5,135.2,100,134.7,150,,,,,,,,,,,,,,,,,135.7,100,,,,,,,,,,,,,,,,,,
2026-07-04T01:02:40.953553+00:00,2026-07-04T01:02:40.948473,1,2,134.95,0.5,134.7,150,,,,,,,,,,,,,,,,,,,135.2,27,135.7,100,,,,,,,,,,,,,,,,
2026-07-04T01:02:40.979359+00:00,2026-07-04T01:02:40.979272,1,2,134.95,0.5,134.7,100,,,,,,,,,,,,,,,,,,,135.2,27,135.7,100,,,,,,,,,,,,,,,,
2026-07-04T01:02:41.976562+00:00,2026-07-04T01:02:41.976454,1,1,134.95,0.5,134.7,100,,,,,,,,,,,,,,,,,,,135.2,27,,,,,,,,,,,,,,,,,,
2026-07-04T01:02:42.029708+00:00,2026-07-04T01:02:42.029580,2,1,135.05,0.3,134.9,100,134.7,100,,,,,,,,,,,,,,,,,135.2,27,,,,,,,,,,,,,,,,,,
2026-07-04T01:02:42.082677+00:00,2026-07-04T01:02:42.082587,2,2,135.05,0.3,134.9,100,134.7,100,,,,,,,,,,,,,,,,,135.2,27,135.4,100,,,,,,,,,,,,,,,,
2026-07-04T01:02:43.085691+00:00,2026-07-04T01:02:43.085661,2,2,135.05,0.3,134.9,50,134.7,100,,,,,,,,,,,,,,,,,135.2,27,135.4,100,,,,,,,,,,,,,,,,
2026-07-04T01:02:44.008442+00:00,2026-07-04T01:02:44.008387,1,1,135.15,0.5,134.9,50,,,,,,,,,,,,,,,,,,,135.4,100,,,,,,,,,,,,,,,,,,
2026-07-04T01:02:44.058588+00:00,2026-07-04T01:02:44.057949,1,1,135.15,0.5,134.9,200,,,,,,,,,,,,,,,,,,,135.4,100,,,,,,,,,,,,,,,,,,
2026-07-04T01:02:44.116754+00:00,2026-07-04T01:02:44.116888,1,1,135.15,0.5,134.9,200,,,,,,,,,,,,,,,,,,,135.4,250,,,,,,,,,,,,,,,,,,
2026-07-04T01:02:44.293790+00:00,2026-07-04T01:02:44.293744,1,1,135.15,0.5,134.9,200,,,,,,,,,,,,,,,,,,,135.4,201,,,,,,,,,,,,,,,,,,
2026-07-04T01:02:45.135867+00:00,2026-07-04T01:02:45.135746,1,1,135.15,0.5,134.9,150,,,,,,,,,,,,,,,,,,,135.4,150,,,,,,,,,,,,,,,,,,
2026-07-04T01:02:45.141057+00:00,2026-07-04T01:02:45.140978,1,1,135.15,0.5,134.9,150,,,,,,,,,,,,,,,,,,,135.4,100,,,,,,,,,,,,,,,,,,
2026-07-04T01:02:45.189845+00:00,2026-07-04T01:02:45.189734,1,1,135.15,0.5,134.9,250,,,,,,,,,,,,,,,,,,,135.4,100,,,,,,,,,,,,,,,,,,
2026-07-04T01:02:45.243461+00:00,2026-07-04T01:02:45.243544,1,1,135.15,0.5,134.9,250,,,,,,,,,,,,,,,,,,,135.4,200,,,,,,,,,,,,,,,,,,
2026-07-04T01:02:47.171868+00:00,2026-07-04T01:02:47.171809,1,1,135.15,0.5,134.9,100,,,,,,,,,,,,,,,,,,,135.4,100,,,,,,,,,,,,,,,,,,
2026-07-04T01:02:47.227169+00:00,2026-07-04T01:02:47.227081,2,1,135.25,0.3,135.1,150,134.9,100,,,,,,,,,,,,,,,,,135.4,100,,,,,,,,,,,,,,,,,,
2026-07-04T01:02:47.279735+00:00,2026-07-04T01:02:47.279695,2,2,135.25,0.3,135.1,150,134.9,100,,,,,,,,,,,,,,,,,135.4,100,135.6,150,,,,,,,,,,,,,,,,
2026-07-04T01:02:47.302961+00:00,2026-07-04T01:02:47.303091,2,2,135.25,0.3,135.1,100,134.9,100,,,,,,,,,,,,,,,,,135.4,100,135.6,150,,,,,,,,,,,,,,,,
2026-07-04T01:02:47.521149+00:00,2026-07-04T01:02:47.521334,2,2,135.25,0.3,135.1,59,134.9,100,,,,,,,,,,,,,,,,,135.4,100,135.6,150,,,,,,,,,,,,,,,,
2026-07-04T01:02:48.299045+00:00,2026-07-04T01:02:48.298925,1,1,135.35,0.5,135.1,59,,,,,,,,,,,,,,,,,,,135.6,150,,,,,,,,,,,,,,,,,,
2026-07-04T01:02:48.358601+00:00,2026-07-04T01:02:48.354799,2,1,135.35,0.5,135.1,59,135.0,100,,,,,,,,,,,,,,,,,135.6,150,,,,,,,,,,,,,,,,,,
2026-07-04T01:02:48.409551+00:00,2026-07-04T01:02:48.409477,2,2,135.3,0.4,135.1,59,135.0,100,,,,,,,,,,,,,,,,,135.5,100,135.6,150,,,,,,,,,,,,,,,,
2026-07-04T01:02:49.358609+00:00,2026-07-04T01:02:49.354035,2,2,135.3,0.4,135.1,59,135.0,100,,,,,,,,,,,,,,,,,135.5,50,135.6,150,,,,,,,,,,,,,,,,
2026-07-04T01:02:50.329282+00:00,2026-07-04T01:02:50.329463,2,1,135.3,0.4,135.1,59,135.0,100,,,,,,,,,,,,,,,,,135.5,50,,,,,,,,,,,,,,,,,,
2026-07-04T01:02:50.334706+00:00,2026-07-04T01:02:50.334635,1,1,135.25,0.5,135.0,100,,,,,,,,,,,,,,,,,,,135.5,50,,,,,,,,,,,,,,,,,,
2026-07-04T01:02:50.387525+00:00,2026-07-04T01:02:50.387418,2,1,135.25,0.5,135.0,100,134.7,150,,,,,,,,,,,,,,,,,135.5,50,,,,,,,,,,,,,,,,,,
2026-07-04T01:02:50.439463+00:00,2026-07-04T01:02:50.439420,2,2,135.1,0.2,135.0,100,134.7,150,,,,,,,,,,,,,,,,,135.2,150,135.5,50,,,,,,,,,,,,,,,,
2026-07-04T01:02:51.479586+00:00,2026-07-04T01:02:51.479453,1,1,134.95,0.5,134.7,150,,,,,,,,,,,,,,,,,,,135.2,100,,,,,,,,,,,,,,,,,,
2026-07-04T01:02:51.533051+00:00,2026-07-04T01:02:51.533009,2,1,135.15,0.1,135.1,100,134.7,150,,,,,,,,,,,,,,,,,135.2,100,,,,,,,,,,,,,,,,,,
2026-07-04T01:02:51.586633+00:00,2026-07-04T01:02:51.586544,2,2,135.15,0.1,135.1,100,134.7,150,,,,,,,,,,,,,,,,,135.2,100,135.6,100,,,,,,,,,,,,,,,,
2026-07-04T01:02:53.488609+00:00,2026-07-04T01:02:53.488465,2,1,135.35,0.5,135.1,100,134.7,150,,,,,,,,,,,,,,,,,135.6,100,,,,,,,,,,,,,,,,,,
2026-07-04T01:02:53.493681+00:00,2026-07-04T01:02:53.493629,1,1,135.35,0.5,135.1,100,,,,,,,,,,,,,,,,,,,135.6,100,,,,,,,,,,,,,,,,,,
2026-07-04T01:02:53.546447+00:00,2026-07-04T01:02:53.546337,2,1,135.35,0.5,135.1,100,134.9,150,,,,,,,,,,,,,,,,,135.6,100,,,,,,,,,,,,,,,,,,
2026-07-04T01:02:53.584808+00:00,2026-07-04T01:02:53.584638,2,1,135.35,0.5,135.1,100,134.9,150,,,,,,,,,,,,,,,,,135.6,50,,,,,,,,,,,,,,,,,,
2026-07-04T01:02:53.598599+00:00,2026-07-04T01:02:53.598480,2,2,135.25,0.3,135.1,100,134.9,150,,,,,,,,,,,,,,,,,135.4,150,135.6,50,,,,,,,,,,,,,,,,
2026-07-04T01:02:53.813702+00:00,2026-07-04T01:02:53.813637,2,2,135.25,0.3,135.1,100,134.9,150,,,,,,,,,,,,,,,,,135.4,108,135.6,50,,,,,,,,,,,,,,,,
2026-07-04T01:02:54.640060+00:00,2026-07-04T01:02:54.639993,1,1,135.15,0.5,134.9,150,,,,,,,,,,,,,,,,,,,135.4,108,,,,,,,,,,,,,,,,,,
2026-07-04T01:02:54.697051+00:00,2026-07-04T01:02:54.691021,2,1,135.35,0.1,135.3,89,134.9,150,,,,,,,,,,,,,,,,,135.4,108,,,,,,,,,,,,,,,,,,
2026-07-04T01:02:54.748411+00:00,2026-07-04T01:02:54.748604,2,2,135.35,0.1,135.3,89,134.9,150,,,,,,,,,,,,,,,,,135.4,108,135.8,100,,,,,,,,,,,,,,,,
2026-07-04T01:02:55.119386+00:00,2026-07-04T01:02:55.112753,2,2,135.35,0.1,135.3,77,134.9,150,,,,,,,,,,,,,,,,,135.4,108,135.8,100,,,,,,,,,,,,,,,,
2026-07-04T01:02:55.742365+00:00,2026-07-04T01:02:55.742338,2,2,135.35,0.1,135.3,27,134.9,150,,,,,,,,,,,,,,,,,135.4,108,135.8,100,,,,,,,,,,,,,,,,
2026-07-04T01:02:56.658540+00:00,2026-07-04T01:02:56.654071,1,1,135.55,0.5,135.3,27,,,,,,,,,,,,,,,,,,,135.8,100,,,,,,,,,,,,,,,,,,
2026-07-04T01:02:56.703982+00:00,2026-07-04T01:02:56.704050,2,1,135.55,0.5,135.3,27,135.0,150,,,,,,,,,,,,,,,,,135.8,100,,,,,,,,,,,,,,,,,,
2026-07-04T01:02:56.758606+00:00,2026-07-04T01:02:56.756139,2,2,135.4,0.2,135.3,27,135.0,150,,,,,,,,,,,,,,,,,135.5,150,135.8,100,,,,,,,,,,,,,,,,
2026-07-04T01:02:56.883583+00:00,2026-07-04T01:02:56.877684,2,2,135.4,0.2,135.3,16,135.0,150,,,,,,,,,,,,,,,,,135.5,150,135.8,100,,,,,,,,,,,,,,,,
2026-07-04T01:02:57.505698+00:00,2026-07-04T01:02:57.499996,2,2,135.4,0.2,135.3,13,135.0,150,,,,,,,,,,,,,,,,,135.5,150,135.8,100,,,,,,,,,,,,,,,,
2026-07-04T01:02:57.802685+00:00,2026-07-04T01:02:57.802604,2,1,135.4,0.2,135.3,13,135.0,150,,,,,,,,,,,,,,,,,135.5,150,,,,,,,,,,,,,,,,,,
2026-07-04T01:02:57.807839+00:00,2026-07-04T01:02:57.807758,1,1,135.25,0.5,135.0,150,,,,,,,,,,,,,,,,,,,135.5,150,,,,,,,,,,,,,,,,,,
2026-07-04T01:02:57.864134+00:00,2026-07-04T01:02:57.863910,2,1,135.25,0.5,135.0,150,134.6,100,,,,,,,,,,,,,,,,,135.5,150,,,,,,,,,,,,,,,,,,
2026-07-04T01:02:57.924153+00:00,2026-07-04T01:02:57.924291,2,2,135.05,0.1,135.0,150,134.6,100,,,,,,,,,,,,,,,,,135.1,100,135.5,150,,,,,,,,,,,,,,,,
2026-07-04T01:02:58.812300+00:00,2026-07-04T01:02:58.807591,2,2,135.05,0.1,135.0,150,134.6,100,,,,,,,,,,,,,,,,,135.1,86,135.5,150,,,,,,,,,,,,,,,,
2026-07-04T01:02:59.810286+00:00,2026-07-04T01:02:59.810355,2,1,135.05,0.1,135.0,150,134.6,100,,,,,,,,,,,,,,,,,135.1,86,,,,,,,,,,,,,,,,,,
2026-07-04T01:02:59.815543+00:00,2026-07-04T01:02:59.815505,1,1,134.85,0.5,134.6,100,,,,,,,,,,,,,,,,,,,135.1,86,,,,,,,,,,,,,,,,,,
2026-07-04T01:02:59.870354+00:00,2026-07-04T01:02:59.870160,2,1,135.05,0.1,135.0,150,134.6,100,,,,,,,,,,,,,,,,,135.1,86,,,,,,,,,,,,,,,,,,
2026-07-04T01:02:59.922637+00:00,2026-07-04T01:02:59.922543,2,2,135.05,0.1,135.0,150,134.6,100,,,,,,,,,,,,,,,,,135.1,86,135.5,150,,,,,,,,,,,,,,,,
2026-07-04T01:02:59.938362+00:00,2026-07-04T01:02:59.938178,2,2,135.05,0.1,135.0,107,134.6,100,,,,,,,,,,,,,,,,,135.1,86,135.5,150,,,,,,,,,,,,,,,,
2026-07-04T01:03:00.978251+00:00,2026-07-04T01:03:00.978224,2,1,135.25,0.5,135.0,107,134.6,100,,,,,,,,,,,,,,,,,135.5,150,,,,,,,,,,,,,,,,,,
2026-07-04T01:03:00.983466+00:00,2026-07-04T01:03:00.983386,1,1,135.25,0.5,135.0,107,,,,,,,,,,,,,,,,,,,135.5,150,,,,,,,,,,,,,,,,,,
2026-07-04T01:03:01.035565+00:00,2026-07-04T01:03:01.035495,2,1,135.25,0.5,135.0,107,134.7,100,,,,,,,,,,,,,,,,,135.5,150,,,,,,,,,,,,,,,,,,
2026-07-04T01:03:01.088705+00:00,2026-07-04T01:03:01.088570,2,2,135.1,0.2,135.0,107,134.7,100,,,,,,,,,,,,,,,,,135.2,100,135.5,150,,,,,,,,,,,,,,,,
2026-07-04T01:03:02.068365+00:00,2026-07-04T01:03:02.068315,2,2,135.1,0.2,135.0,57,134.7,100,,,,,,,,,,,,,,,,,135.2,100,135.5,150,,,,,,,,,,,,,,,,
2026-07-04T01:03:02.788553+00:00,2026-07-04T01:03:02.788405,2,2,135.1,0.2,135.0,17,134.7,100,,,,,,,,,,,,,,,,,135.2,100,135.5,150,,,,,,,,,,,,,,,,
2026-07-04T01:03:02.977098+00:00,2026-07-04T01:03:02.977198,1,1,134.95,0.5,134.7,100,,,,,,,,,,,,,,,,,,,135.2,100,,,,,,,,,,,,,,,,,,
2026-07-04T01:03:03.031679+00:00,2026-07-04T01:03:03.031576,2,1,134.95,0.5,134.7,100,134.3,150,,,,,,,,,,,,,,,,,135.2,100,,,,,,,,,,,,,,,,,,
2026-07-04T01:03:03.090701+00:00,2026-07-04T01:03:03.085519,2,2,134.75,0.1,134.7,100,134.3,150,,,,,,,,,,,,,,,,,134.8,127,135.2,100,,,,,,,,,,,,,,,,
2026-07-04T01:03:04.144932+00:00,2026-07-04T01:03:04.144897,1,1,134.55,0.5,134.3,150,,,,,,,,,,,,,,,,,,,134.8,127,,,,,,,,,,,,,,,,,,
2026-07-04T01:03:04.196361+00:00,2026-07-04T01:03:04.196228,1,1,134.55,0.5,134.3,100,,,,,,,,,,,,,,,,,,,134.8,127,,,,,,,,,,,,,,,,,,
2026-07-04T01:03:04.201320+00:00,2026-07-04T01:03:04.201452,1,1,134.55,0.5,134.3,100,,,,,,,,,,,,,,,,,,,134.8,27,,,,,,,,,,,,,,,,,,
2026-07-04T01:03:04.258573+00:00,2026-07-04T01:03:04.258305,1,2,134.55,0.5,134.3,100,,,,,,,,,,,,,,,,,,,134.8,27,135.3,100,,,,,,,,,,,,,,,,
2026-07-04T01:03:06.137973+00:00,2026-07-04T01:03:06.137870,0,1,,,,,,,,,,,,,,,,,,,,,,,135.3,100,,,,,,,,,,,,,,,,,,
2026-07-04T01:03:06.193862+00:00,2026-07-04T01:03:06.193677,1,1,134.95,0.7,134.6,150,,,,,,,,,,,,,,,,,,,135.3,100,,,,,,,,,,,,,,,,,,
2026-07-04T01:03:06.247182+00:00,2026-07-04T01:03:06.247084,1,2,134.85,0.5,134.6,150,,,,,,,,,,,,,,,,,,,135.1,150,135.3,100,,,,,,,,,,,,,,,,
2026-07-04T01:03:06.754690+00:00,2026-07-04T01:03:06.754837,1,2,134.85,0.5,134.6,150,,,,,,,,,,,,,,,,,,,135.1,104,135.3,100,,,,,,,,,,,,,,,,
2026-07-04T01:03:07.308347+00:00,2026-07-04T01:03:07.308478,1,1,134.85,0.5,134.6,150,,,,,,,,,,,,,,,,,,,135.1,104,,,,,,,,,,,,,,,,,,
2026-07-04T01:03:07.346988+00:00,2026-07-04T01:03:07.346896,1,1,134.85,0.5,134.6,150,,,,,,,,,,,,,,,,,,,135.1,57,,,,,,,,,,,,,,,,,,
2026-07-04T01:03:07.360871+00:00,2026-07-04T01:03:07.361010,2,1,134.85,0.5,134.6,150,134.4,100,,,,,,,,,,,,,,,,,135.1,57,,,,,,,,,,,,,,,,,,
2026-07-04T01:03:07.417760+00:00,2026-07-04T01:03:07.417688,2,2,134.75,0.3,134.6,150,134.4,100,,,,,,,,,,,,,,,,,134.9,100,135.1,57,,,,,,,,,,,,,,,,
2026-07-04T01:03:08.379957+00:00,2026-07-04T01:03:08.379885,2,2,134.75,0.3,134.6,150,134.4,100,,,,,,,,,,,,,,,,,134.9,50,135.1,57,,,,,,,,,,,,,,,,
2026-07-04T01:03:08.482661+00:00,2026-07-04T01:03:08.482842,2,2,134.75,0.3,134.6,150,134.4,100,,,,,,,,,,,,,,,,,134.9,4,135.1,57,,,,,,,,,,,,,,,,
2026-07-04T01:03:09.303585+00:00,2026-07-04T01:03:09.303510,1,1,134.65,0.5,134.4,100,,,,,,,,,,,,,,,,,,,134.9,4,,,,,,,,,,,,,,,,,,
2026-07-04T01:03:09.358639+00:00,2026-07-04T01:03:09.352269,2,0,,,134.9,146,134.4,100,,,,,,,,,,,,,,,,,,,,,,,,,,,,,,,,,,,,
2026-07-04T01:03:09.420847+00:00,2026-07-04T01:03:09.415048,2,1,135.15,0.5,134.9,135,134.4,100,,,,,,,,,,,,,,,,,135.4,150,,,,,,,,,,,,,,,,,,
2026-07-04T01:03:10.470587+00:00,2026-07-04T01:03:10.470519,1,1,135.15,0.5,134.9,135,,,,,,,,,,,,,,,,,,,135.4,150,,,,,,,,,,,,,,,,,,
2026-07-04T01:03:10.525936+00:00,2026-07-04T01:03:10.525805,2,1,135.15,0.5,134.9,135,134.6,100,,,,,,,,,,,,,,,,,135.4,150,,,,,,,,,,,,,,,,,,
2026-07-04T01:03:10.537157+00:00,2026-07-04T01:03:10.537047,2,1,135.15,0.5,134.9,85,134.6,100,,,,,,,,,,,,,,,,,135.4,150,,,,,,,,,,,,,,,,,,
2026-07-04T01:03:10.578996+00:00,2026-07-04T01:03:10.579135,2,2,135.0,0.2,134.9,85,134.6,100,,,,,,,,,,,,,,,,,135.1,100,135.4,150,,,,,,,,,,,,,,,,
2026-07-04T01:03:12.467245+00:00,2026-07-04T01:03:12.467368,1,1,134.85,0.5,134.6,100,,,,,,,,,,,,,,,,,,,135.1,100,,,,,,,,,,,,,,,,,,
2026-07-04T01:03:12.522325+00:00,2026-07-04T01:03:12.522246,2,1,134.95,0.3,134.8,150,134.6,100,,,,,,,,,,,,,,,,,135.1,100,,,,,,,,,,,,,,,,,,
2026-07-04T01:03:12.575151+00:00,2026-07-04T01:03:12.575238,2,2,134.95,0.3,134.8,150,134.6,100,,,,,,,,,,,,,,,,,135.1,100,135.3,150,,,,,,,,,,,,,,,,
2026-07-04T01:03:12.594664+00:00,2026-07-04T01:03:12.594606,2,2,134.95,0.3,134.8,150,134.6,100,,,,,,,,,,,,,,,,,135.1,50,135.3,150,,,,,,,,,,,,,,,,
2026-07-04T01:03:13.019889+00:00,2026-07-04T01:03:13.020112,2,2,134.95,0.3,134.8,106,134.6,100,,,,,,,,,,,,,,,,,135.1,50,135.3,150,,,,,,,,,,,,,,,,
2026-07-04T01:03:13.637275+00:00,2026-07-04T01:03:13.637241,1,1,135.05,0.5,134.8,106,,,,,,,,,,,,,,,,,,,135.3,150,,,,,,,,,,,,,,,,,,
2026-07-04T01:03:13.696822+00:00,2026-07-04T01:03:13.696783,1,1,135.05,0.5,134.8,206,,,,,,,,,,,,,,,,,,,135.3,150,,,,,,,,,,,,,,,,,,
2026-07-04T01:03:13.748074+00:00,2026-07-04T01:03:13.747930,1,1,135.05,0.5,134.8,206,,,,,,,,,,,,,,,,,,,135.3,250,,,,,,,,,,,,,,,,,,
2026-07-04T01:03:14.758669+00:00,2026-07-04T01:03:14.752912,1,1,135.05,0.5,134.8,156,,,,,,,,,,,,,,,,,,,135.3,250,,,,,,,,,,,,,,,,,,
2026-07-04T01:03:15.041043+00:00,2026-07-04T01:03:15.040968,1,1,135.05,0.5,134.8,114,,,,,,,,,,,,,,,,,,,135.3,250,,,,,,,,,,,,,,,,,,
2026-07-04T01:03:15.582365+00:00,2026-07-04T01:03:15.582265,1,1,135.05,0.5,134.8,68,,,,,,,,,,,,,,,,,,,135.3,250,,,,,,,,,,,,,,,,,,
2026-07-04T01:03:15.645675+00:00,2026-07-04T01:03:15.645627,1,1,135.05,0.5,134.8,68,,,,,,,,,,,,,,,,,,,135.3,100,,,,,,,,,,,,,,,,,,
2026-07-04T01:03:15.699610+00:00,2026-07-04T01:03:15.699781,2,1,135.05,0.5,134.8,68,134.0,150,,,,,,,,,,,,,,,,,135.3,100,,,,,,,,,,,,,,,,,,
2026-07-04T01:03:15.768233+00:00,2026-07-04T01:03:15.762319,1,2,134.25,0.5,134.0,150,,,,,,,,,,,,,,,,,,,134.5,59,135.3,100,,,,,,,,,,,,,,,,
2026-07-04T01:03:15.909432+00:00,2026-07-04T01:03:15.903538,1,2,134.25,0.5,134.0,150,,,,,,,,,,,,,,,,,,,134.5,37,135.3,100,,,,,,,,,,,,,,,,
2026-07-04T01:03:16.699229+00:00,2026-07-04T01:03:16.699156,1,1,134.65,1.3,134.0,150,,,,,,,,,,,,,,,,,,,135.3,94,,,,,,,,,,,,,,,,,,
2026-07-04T01:03:16.806311+00:00,2026-07-04T01:03:16.806375,1,0,,,134.0,150,,,,,,,,,,,,,,,,,,,,,,,,,,,,,,,,,,,,,,
2026-07-04T01:03:16.891290+00:00,2026-07-04T01:03:16.891154,2,0,,,134.7,100,134.0,150,,,,,,,,,,,,,,,,,,,,,,,,,,,,,,,,,,,,
2026-07-04T01:03:16.953050+00:00,2026-07-04T01:03:16.946723,2,1,134.95,0.5,134.7,89,134.0,150,,,,,,,,,,,,,,,,,135.2,100,,,,,,,,,,,,,,,,,,
2026-07-04T01:03:18.811909+00:00,2026-07-04T01:03:18.812089,1,1,134.95,0.5,134.7,89,,,,,,,,,,,,,,,,,,,135.2,100,,,,,,,,,,,,,,,,,,
2026-07-04T01:03:18.866760+00:00,2026-07-04T01:03:18.866912,1,1,134.95,0.5,134.7,239,,,,,,,,,,,,,,,,,,,135.2,100,,,,,,,,,,,,,,,,,,
2026-07-04T01:03:18.916752+00:00,2026-07-04T01:03:18.916673,1,1,134.95,0.5,134.7,239,,,,,,,,,,,,,,,,,,,135.2,250,,,,,,,,,,,,,,,,,,
2026-07-04T01:03:19.997357+00:00,2026-07-04T01:03:19.997220,1,1,134.95,0.5,134.7,150,,,,,,,,,,,,,,,,,,,135.2,150,,,,,,,,,,,,,,,,,,
2026-07-04T01:03:20.051195+00:00,2026-07-04T01:03:20.051100,2,1,134.95,0.5,134.7,150,134.6,100,,,,,,,,,,,,,,,,,135.2,150,,,,,,,,,,,,,,,,,,
2026-07-04T01:03:20.104533+00:00,2026-07-04T01:03:20.104425,2,2,134.9,0.4,134.7,150,134.6,100,,,,,,,,,,,,,,,,,135.1,100,135.2,150,,,,,,,,,,,,,,,,
2026-07-04T01:03:21.972355+00:00,2026-07-04T01:03:21.972308,1,1,134.85,0.5,134.6,100,,,,,,,,,,,,,,,,,,,135.1,100,,,,,,,,,,,,,,,,,,
2026-07-04T01:03:22.025272+00:00,2026-07-04T01:03:22.025164,2,1,134.9,0.4,134.7,150,134.6,100,,,,,,,,,,,,,,,,,135.1,100,,,,,,,,,,,,,,,,,,
2026-07-04T01:03:22.082281+00:00,2026-07-04T01:03:22.082193,2,2,134.9,0.4,134.7,150,134.6,100,,,,,,,,,,,,,,,,,135.1,100,135.2,150,,,,,,,,,,,,,,,,
2026-07-04T01:03:23.158598+00:00,2026-07-04T01:03:23.154605,1,1,134.95,0.5,134.7,150,,,,,,,,,,,,,,,,,,,135.2,150,,,,,,,,,,,,,,,,,,
2026-07-04T01:03:23.214448+00:00,2026-07-04T01:03:23.214402,2,1,134.95,0.5,134.7,100,134.6,100,,,,,,,,,,,,,,,,,135.2,150,,,,,,,,,,,,,,,,,,
2026-07-04T01:03:23.270958+00:00,2026-07-04T01:03:23.270883,2,2,134.9,0.4,134.7,100,134.6,100,,,,,,,,,,,,,,,,,135.1,100,135.2,150,,,,,,,,,,,,,,,,
2026-07-04T01:03:23.779068+00:00,2026-07-04T01:03:23.773888,2,2,134.9,0.4,134.7,89,134.6,100,,,,,,,,,,,,,,,,,135.1,100,135.2,150,,,,,,,,,,,,,,,,
2026-07-04T01:03:25.135763+00:00,2026-07-04T01:03:25.135695,1,1,134.85,0.5,134.6,100,,,,,,,,,,,,,,,,,,,135.1,100,,,,,,,,,,,,,,,,,,
2026-07-04T01:03:25.190031+00:00,2026-07-04T01:03:25.189846,2,1,134.85,0.5,134.6,100,134.4,150,,,,,,,,,,,,,,,,,135.1,100,,,,,,,,,,,,,,,,,,
2026-07-04T01:03:25.242909+00:00,2026-07-04T01:03:25.242868,2,2,134.75,0.3,134.6,100,134.4,150,,,,,,,,,,,,,,,,,134.9,150,135.1,100,,,,,,,,,,,,,,,,
2026-07-04T01:03:25.269320+00:00,2026-07-04T01:03:25.269210,2,2,134.75,0.3,134.6,100,134.4,150,,,,,,,,,,,,,,,,,134.9,100,135.1,100,,,,,,,,,,,,,,,,
2026-07-04T01:03:26.324370+00:00,2026-07-04T01:03:26.324283,1,1,134.65,0.5,134.4,150,,,,,,,,,,,,,,,,,,,134.9,100,,,,,,,,,,,,,,,,,,
2026-07-04T01:03:26.377169+00:00,2026-07-04T01:03:26.377246,2,1,134.7,0.4,134.5,100,134.4,150,,,,,,,,,,,,,,,,,134.9,100,,,,,,,,,,,,,,,,,,
2026-07-04T01:03:26.430402+00:00,2026-07-04T01:03:26.430464,2,2,134.7,0.4,134.5,100,134.4,150,,,,,,,,,,,,,,,,,134.9,100,135.0,100,,,,,,,,,,,,,,,,
2026-07-04T01:03:27.422225+00:00,2026-07-04T01:03:27.422127,2,2,134.7,0.4,134.5,50,134.4,150,,,,,,,,,,,,,,,,,134.9,100,135.0,100,,,,,,,,,,,,,,,,
2026-07-04T01:03:27.958555+00:00,2026-07-04T01:03:27.953223,2,2,134.7,0.4,134.5,50,134.4,150,,,,,,,,,,,,,,,,,134.9,51,135.0,100,,,,,,,,,,,,,,,,
2026-07-04T01:03:28.297727+00:00,2026-07-04T01:03:28.297634,1,1,134.75,0.5,134.5,50,,,,,,,,,,,,,,,,,,,135.0,100,,,,,,,,,,,,,,,,,,
2026-07-04T01:03:28.364896+00:00,2026-07-04T01:03:28.364804,2,1,134.85,0.3,134.7,150,134.5,50,,,,,,,,,,,,,,,,,135.0,100,,,,,,,,,,,,,,,,,,
2026-07-04T01:03:28.420462+00:00,2026-07-04T01:03:28.420284,2,2,134.85,0.3,134.7,150,134.5,50,,,,,,,,,,,,,,,,,135.0,100,135.2,150,,,,,,,,,,,,,,,,
2026-07-04T01:03:29.481312+00:00,2026-07-04T01:03:29.481190,2,2,134.85,0.3,134.7,150,134.5,50,,,,,,,,,,,,,,,,,135.0,50,135.2,150,,,,,,,,,,,,,,,,
2026-07-04T01:03:29.486475+00:00,2026-07-04T01:03:29.486379,1,1,134.95,0.5,134.7,150,,,,,,,,,,,,,,,,,,,135.2,150,,,,,,,,,,,,,,,,,,
2026-07-04T01:03:29.538872+00:00,2026-07-04T01:03:29.538725,2,1,134.95,0.5,134.7,150,134.4,100,,,,,,,,,,,,,,,,,135.2,150,,,,,,,,,,,,,,,,,,
2026-07-04T01:03:29.594361+00:00,2026-07-04T01:03:29.594307,2,2,134.8,0.2,134.7,150,134.4,100,,,,,,,,,,,,,,,,,134.9,100,135.2,150,,,,,,,,,,,,,,,,
2026-07-04T01:03:31.459615+00:00,2026-07-04T01:03:31.454383,2,2,134.8,0.2,134.7,138,134.4,100,,,,,,,,,,,,,,,,,134.9,100,135.2,150,,,,,,,,,,,,,,,,
2026-07-04T01:03:31.474881+00:00,2026-07-04T01:03:31.475030,1,1,134.65,0.5,134.4,100,,,,,,,,,,,,,,,,,,,134.9,100,,,,,,,,,,,,,,,,,,
2026-07-04T01:03:31.528266+00:00,2026-07-04T01:03:31.528115,2,1,134.75,0.3,134.6,150,134.4,100,,,,,,,,,,,,,,,,,134.9,100,,,,,,,,,,,,,,,,,,
2026-07-04T01:03:31.580869+00:00,2026-07-04T01:03:31.580784,2,2,134.75,0.3,134.6,150,134.4,100,,,,,,,,,,,,,,,,,134.9,100,135.1,150,,,,,,,,,,,,,,,,
2026-07-04T01:03:31.591207+00:00,2026-07-04T01:03:31.591130,2,2,134.75,0.3,134.6,150,134.4,100,,,,,,,,,,,,,,,,,134.9,50,135.1,150,,,,,,,,,,,,,,,,
2026-07-04T01:03:32.647967+00:00,2026-07-04T01:03:32.648126,2,1,134.85,0.5,134.6,150,134.4,100,,,,,,,,,,,,,,,,,135.1,150,,,,,,,,,,,,,,,,,,
2026-07-04T01:03:32.658565+00:00,2026-07-04T01:03:32.653261,1,1,134.85,0.5,134.6,150,,,,,,,,,,,,,,,,,,,135.1,150,,,,,,,,,,,,,,,,,,
2026-07-04T01:03:32.703808+00:00,2026-07-04T01:03:32.703714,2,1,134.85,0.5,134.6,150,134.5,100,,,,,,,,,,,,,,,,,135.1,150,,,,,,,,,,,,,,,,,,
2026-07-04T01:03:32.758605+00:00,2026-07-04T01:03:32.756956,2,2,134.8,0.4,134.6,150,134.5,100,,,,,,,,,,,,,,,,,135.0,100,135.1,150,,,,,,,,,,,,,,,,
2026-07-04T01:03:33.697463+00:00,2026-07-04T01:03:33.697593,2,2,134.8,0.4,134.6,150,134.5,100,,,,,,,,,,,,,,,,,135.0,50,135.1,150,,,,,,,,,,,,,,,,
2026-07-04T01:03:34.635512+00:00,2026-07-04T01:03:34.635425,1,1,134.75,0.5,134.5,100,,,,,,,,,,,,,,,,,,,135.0,50,,,,,,,,,,,,,,,,,,
2026-07-04T01:03:34.698220+00:00,2026-07-04T01:03:34.698375,1,1,134.75,0.5,134.5,250,,,,,,,,,,,,,,,,,,,135.0,50,,,,,,,,,,,,,,,,,,
2026-07-04T01:03:34.745660+00:00,2026-07-04T01:03:34.745508,1,1,134.75,0.5,134.5,250,,,,,,,,,,,,,,,,,,,135.0,200,,,,,,,,,,,,,,,,,,
2026-07-04T01:03:34.786125+00:00,2026-07-04T01:03:34.786035,1,1,134.75,0.5,134.5,204,,,,,,,,,,,,,,,,,,,135.0,200,,,,,,,,,,,,,,,,,,
2026-07-04T01:03:35.404680+00:00,2026-07-04T01:03:35.404571,1,1,134.75,0.5,134.5,160,,,,,,,,,,,,,,,,,,,135.0,200,,,,,,,,,,,,,,,,,,
2026-07-04T01:03:35.812200+00:00,2026-07-04T01:03:35.812157,1,1,134.75,0.5,134.5,150,,,,,,,,,,,,,,,,,,,135.0,150,,,,,,,,,,,,,,,,,,
2026-07-04T01:03:35.867080+00:00,2026-07-04T01:03:35.867006,2,1,134.75,0.5,134.5,150,134.4,100,,,,,,,,,,,,,,,,,135.0,150,,,,,,,,,,,,,,,,,,
2026-07-04T01:03:35.920058+00:00,2026-07-04T01:03:35.920188,2,2,134.7,0.4,134.5,150,134.4,100,,,,,,,,,,,,,,,,,134.9,100,135.0,150,,,,,,,,,,,,,,,,
2026-07-04T01:03:37.800387+00:00,2026-07-04T01:03:37.800250,1,1,134.65,0.5,134.4,100,,,,,,,,,,,,,,,,,,,134.9,100,,,,,,,,,,,,,,,,,,
2026-07-04T01:03:37.867555+00:00,2026-07-04T01:03:37.855866,2,1,134.7,0.4,134.5,150,134.4,100,,,,,,,,,,,,,,,,,134.9,100,,,,,,,,,,,,,,,,,,
2026-07-04T01:03:37.907025+00:00,2026-07-04T01:03:37.907201,2,1,134.7,0.4,134.5,150,134.4,100,,,,,,,,,,,,,,,,,134.9,250,,,,,,,,,,,,,,,,,,
2026-07-04T01:03:37.912328+00:00,2026-07-04T01:03:37.912400,2,1,134.7,0.4,134.5,150,134.4,100,,,,,,,,,,,,,,,,,134.9,200,,,,,,,,,,,,,,,,,,
2026-07-04T01:03:38.975335+00:00,2026-07-04T01:03:38.975309,1,1,134.7,0.4,134.5,150,,,,,,,,,,,,,,,,,,,134.9,150,,,,,,,,,,,,,,,,,,
2026-07-04T01:03:39.027931+00:00,2026-07-04T01:03:39.027796,2,1,134.7,0.4,134.5,150,134.3,100,,,,,,,,,,,,,,,,,134.9,150,,,,,,,,,,,,,,,,,,
2026-07-04T01:03:39.080472+00:00,2026-07-04T01:03:39.080437,2,2,134.65,0.3,134.5,150,134.3,100,,,,,,,,,,,,,,,,,134.8,100,134.9,150,,,,,,,,,,,,,,,,
2026-07-04T01:03:40.018685+00:00,2026-07-04T01:03:40.018624,2,2,134.65,0.3,134.5,150,134.3,100,,,,,,,,,,,,,,,,,134.8,50,134.9,150,,,,,,,,,,,,,,,,
2026-07-04T01:03:40.956950+00:00,2026-07-04T01:03:40.957167,1,1,134.55,0.5,134.3,100,,,,,,,,,,,,,,,,,,,134.8,50,,,,,,,,,,,,,,,,,,
2026-07-04T01:03:41.016518+00:00,2026-07-04T01:03:41.016462,2,1,134.65,0.3,134.5,150,134.3,100,,,,,,,,,,,,,,,,,134.8,50,,,,,,,,,,,,,,,,,,
2026-07-04T01:03:41.071224+00:00,2026-07-04T01:03:41.071124,2,2,134.65,0.3,134.5,150,134.3,100,,,,,,,,,,,,,,,,,134.8,50,134.9,150,,,,,,,,,,,,,,,,
2026-07-04T01:03:42.134119+00:00,2026-07-04T01:03:42.134047,1,1,134.7,0.4,134.5,150,,,,,,,,,,,,,,,,,,,134.9,150,,,,,,,,,,,,,,,,,,
2026-07-04T01:03:42.187047+00:00,2026-07-04T01:03:42.187168,2,1,134.75,0.3,134.6,100,134.5,150,,,,,,,,,,,,,,,,,134.9,150,,,,,,,,,,,,,,,,,,
2026-07-04T01:03:42.240502+00:00,2026-07-04T01:03:42.240629,2,2,134.75,0.3,134.6,100,134.5,150,,,,,,,,,,,,,,,,,134.9,150,135.1,100,,,,,,,,,,,,,,,,
2026-07-04T01:03:42.914246+00:00,2026-07-04T01:03:42.908890,2,2,134.75,0.3,134.6,89,134.5,150,,,,,,,,,,,,,,,,,134.9,150,135.1,100,,,,,,,,,,,,,,,,
2026-07-04T01:03:43.428075+00:00,2026-07-04T01:03:43.422924,2,2,134.75,0.3,134.6,77,134.5,150,,,,,,,,,,,,,,,,,134.9,150,135.1,100,,,,,,,,,,,,,,,,
2026-07-04T01:03:43.686310+00:00,2026-07-04T01:03:43.686232,2,2,134.75,0.3,134.6,77,134.5,150,,,,,,,,,,,,,,,,,134.9,108,135.1,100,,,,,,,,,,,,,,,,
2026-07-04T01:03:44.125614+00:00,2026-07-04T01:03:44.125462,1,1,134.85,0.5,134.6,77,,,,,,,,,,,,,,,,,,,135.1,100,,,,,,,,,,,,,,,,,,
2026-07-04T01:03:44.181146+00:00,2026-07-04T01:03:44.181016,2,1,134.85,0.5,134.6,77,134.5,150,,,,,,,,,,,,,,,,,135.1,100,,,,,,,,,,,,,,,,,,
2026-07-04T01:03:44.233912+00:00,2026-07-04T01:03:44.233788,2,2,134.8,0.4,134.6,77,134.5,150,,,,,,,,,,,,,,,,,135.0,150,135.1,100,,,,,,,,,,,,,,,,
2026-07-04T01:03:44.812011+00:00,2026-07-04T01:03:44.812134,2,2,134.8,0.4,134.6,77,134.5,150,,,,,,,,,,,,,,,,,135.0,110,135.1,100,,,,,,,,,,,,,,,,
2026-07-04T01:03:45.326280+00:00,2026-07-04T01:03:45.326227,1,1,134.75,0.5,134.5,150,,,,,,,,,,,,,,,,,,,135.0,110,,,,,,,,,,,,,,,,,,
2026-07-04T01:03:45.378199+00:00,2026-07-04T01:03:45.378129,2,1,134.75,0.5,134.5,150,134.3,100,,,,,,,,,,,,,,,,,135.0,110,,,,,,,,,,,,,,,,,,
2026-07-04T01:03:45.436719+00:00,2026-07-04T01:03:45.436586,2,2,134.65,0.3,134.5,150,134.3,100,,,,,,,,,,,,,,,,,134.8,100,135.0,110,,,,,,,,,,,,,,,,
2026-07-04T01:03:46.386402+00:00,2026-07-04T01:03:46.386341,2,2,134.65,0.3,134.5,100,134.3,100,,,,,,,,,,,,,,,,,134.8,100,135.0,110,,,,,,,,,,,,,,,,
2026-07-04T01:03:47.286794+00:00,2026-07-04T01:03:47.286933,1,1,134.55,0.5,134.3,100,,,,,,,,,,,,,,,,,,,134.8,100,,,,,,,,,,,,,,,,,,
2026-07-04T01:03:47.339875+00:00,2026-07-04T01:03:47.339768,2,1,134.6,0.4,134.4,150,134.3,100,,,,,,,,,,,,,,,,,134.8,100,,,,,,,,,,,,,,,,,,
2026-07-04T01:03:47.392642+00:00,2026-07-04T01:03:47.392539,2,2,134.6,0.4,134.4,150,134.3,100,,,,,,,,,,,,,,,,,134.8,100,134.9,150,,,,,,,,,,,,,,,,
2026-07-04T01:03:48.488289+00:00,2026-07-04T01:03:48.488234,1,1,134.65,0.5,134.4,150,,,,,,,,,,,,,,,,,,,134.9,150,,,,,,,,,,,,,,,,,,
2026-07-04T01:03:48.493585+00:00,2026-07-04T01:03:48.493467,1,1,134.65,0.5,134.4,100,,,,,,,,,,,,,,,,,,,134.9,150,,,,,,,,,,,,,,,,,,
2026-07-04T01:03:48.539386+00:00,2026-07-04T01:03:48.539362,1,1,134.65,0.5,134.4,200,,,,,,,,,,,,,,,,,,,134.9,150,,,,,,,,,,,,,,,,,,
2026-07-04T01:03:48.594637+00:00,2026-07-04T01:03:48.594513,1,1,134.65,0.5,134.4,200,,,,,,,,,,,,,,,,,,,134.9,250,,,,,,,,,,,,,,,,,,
2026-07-04T01:03:50.446836+00:00,2026-07-04T01:03:50.446784,1,1,134.65,0.5,134.4,100,,,,,,,,,,,,,,,,,,,134.9,100,,,,,,,,,,,,,,,,,,
2026-07-04T01:03:50.500153+00:00,2026-07-04T01:03:50.500051,2,1,134.65,0.5,134.4,100,134.2,150,,,,,,,,,,,,,,,,,134.9,100,,,,,,,,,,,,,,,,,,
2026-07-04T01:03:50.551820+00:00,2026-07-04T01:03:50.551750,2,2,134.55,0.3,134.4,100,134.2,150,,,,,,,,,,,,,,,,,134.7,150,134.9,100,,,,,,,,,,,,,,,,
2026-07-04T01:03:50.598446+00:00,2026-07-04T01:03:50.598339,2,2,134.55,0.3,134.4,50,134.2,150,,,,,,,,,,,,,,,,,134.7,150,134.9,100,,,,,,,,,,,,,,,,
2026-07-04T01:03:51.329079+00:00,2026-07-04T01:03:51.329044,2,2,134.55,0.3,134.4,9,134.2,150,,,,,,,,,,,,,,,,,134.7,150,134.9,100,,,,,,,,,,,,,,,,
2026-07-04T01:03:51.645324+00:00,2026-07-04T01:03:51.645226,2,1,134.55,0.3,134.4,9,134.2,150,,,,,,,,,,,,,,,,,134.7,150,,,,,,,,,,,,,,,,,,
2026-07-04T01:03:51.658658+00:00,2026-07-04T01:03:51.650394,1,1,134.45,0.5,134.2,150,,,,,,,,,,,,,,,,,,,134.7,150,,,,,,,,,,,,,,,,,,
2026-07-04T01:03:51.714133+00:00,2026-07-04T01:03:51.714060,2,1,134.45,0.5,134.2,150,134.1,100,,,,,,,,,,,,,,,,,134.7,150,,,,,,,,,,,,,,,,,,
2026-07-04T01:03:51.770622+00:00,2026-07-04T01:03:51.770490,2,2,134.4,0.4,134.2,150,134.1,100,,,,,,,,,,,,,,,,,134.6,100,134.7,150,,,,,,,,,,,,,,,,
2026-07-04T01:03:52.481191+00:00,2026-07-04T01:03:52.481080,2,2,134.4,0.4,134.2,150,134.1,100,,,,,,,,,,,,,,,,,134.6,54,134.7,150,,,,,,,,,,,,,,,,
2026-07-04T01:03:52.705124+00:00,2026-07-04T01:03:52.705019,2,2,134.4,0.4,134.2,100,134.1,100,,,,,,,,,,,,,,,,,134.6,54,134.7,150,,,,,,,,,,,,,,,,
2026-07-04T01:03:53.605724+00:00,2026-07-04T01:03:53.605661,1,1,134.35,0.5,134.1,100,,,,,,,,,,,,,,,,,,,134.6,54,,,,,,,,,,,,,,,,,,
2026-07-04T01:03:53.658633+00:00,2026-07-04T01:03:53.654586,2,1,134.35,0.5,134.1,100,134.0,150,,,,,,,,,,,,,,,,,134.6,54,,,,,,,,,,,,,,,,,,
2026-07-04T01:03:53.712742+00:00,2026-07-04T01:03:53.712702,2,2,134.3,0.4,134.1,100,134.0,150,,,,,,,,,,,,,,,,,134.5,150,134.6,54,,,,,,,,,,,,,,,,
2026-07-04T01:03:53.936098+00:00,2026-07-04T01:03:53.935978,2,2,134.3,0.4,134.1,100,134.0,150,,,,,,,,,,,,,,,,,134.5,104,134.6,54,,,,,,,,,,,,,,,,
2026-07-04T01:03:54.758643+00:00,2026-07-04T01:03:54.757483,2,2,134.3,0.4,134.1,100,134.0,150,,,,,,,,,,,,,,,,,134.5,54,134.6,54,,,,,,,,,,,,,,,,
2026-07-04T01:03:54.825318+00:00,2026-07-04T01:03:54.825445,1,1,134.25,0.5,134.0,150,,,,,,,,,,,,,,,,,,,134.5,54,,,,,,,,,,,,,,,,,,
2026-07-04T01:03:54.880620+00:00,2026-07-04T01:03:54.880431,2,1,134.35,0.3,134.2,100,134.0,150,,,,,,,,,,,,,,,,,134.5,54,,,,,,,,,,,,,,,,,,
2026-07-04T01:03:54.934186+00:00,2026-07-04T01:03:54.934051,2,2,134.35,0.3,134.2,100,134.0,150,,,,,,,,,,,,,,,,,134.5,54,134.7,100,,,,,,,,,,,,,,,,
2026-07-04T01:03:55.018968+00:00,2026-07-04T01:03:55.018837,2,2,134.35,0.3,134.2,59,134.0,150,,,,,,,,,,,,,,,,,134.5,54,134.7,100,,,,,,,,,,,,,,,,
2026-07-04T01:03:55.250809+00:00,2026-07-04T01:03:55.246234,2,2,134.35,0.3,134.2,59,134.0,150,,,,,,,,,,,,,,,,,134.5,42,134.7,100,,,,,,,,,,,,,,,,
2026-07-04T01:03:56.590998+00:00,2026-07-04T01:03:56.590964,2,2,134.35,0.3,134.2,16,134.0,150,,,,,,,,,,,,,,,,,134.5,42,134.7,100,,,,,,,,,,,,,,,,
2026-07-04T01:03:56.766308+00:00,2026-07-04T01:03:56.766220,1,1,134.45,0.5,134.2,16,,,,,,,,,,,,,,,,,,,134.7,100,,,,,,,,,,,,,,,,,,
2026-07-04T01:03:56.832503+00:00,2026-07-04T01:03:56.832572,2,1,134.5,0.4,134.3,150,134.2,16,,,,,,,,,,,,,,,,,134.7,100,,,,,,,,,,,,,,,,,,
2026-07-04T01:03:56.885129+00:00,2026-07-04T01:03:56.885216,2,2,134.5,0.4,134.3,150,134.2,16,,,,,,,,,,,,,,,,,134.7,100,134.8,150,,,,,,,,,,,,,,,,
2026-07-04T01:03:56.921928+00:00,2026-07-04T01:03:56.921797,2,2,134.5,0.4,134.3,100,134.2,16,,,,,,,,,,,,,,,,,134.7,100,134.8,150,,,,,,,,,,,,,,,,
2026-07-04T01:03:57.643025+00:00,2026-07-04T01:03:57.642918,2,2,134.5,0.4,134.3,100,134.2,16,,,,,,,,,,,,,,,,,134.7,55,134.8,150,,,,,,,,,,,,,,,,
2026-07-04T01:03:57.986521+00:00,2026-07-04T01:03:57.986451,1,1,134.55,0.5,134.3,100,,,,,,,,,,,,,,,,,,,134.8,150,,,,,,,,,,,,,,,,,,
2026-07-04T01:03:58.040289+00:00,2026-07-04T01:03:58.040230,2,1,134.55,0.5,134.3,100,134.2,100,,,,,,,,,,,,,,,,,134.8,150,,,,,,,,,,,,,,,,,,
2026-07-04T01:03:58.096491+00:00,2026-07-04T01:03:58.096425,2,2,134.5,0.4,134.3,100,134.2,100,,,,,,,,,,,,,,,,,134.7,100,134.8,150,,,,,,,,,,,,,,,,
2026-07-04T01:03:59.026722+00:00,2026-07-04T01:03:59.026597,2,2,134.5,0.4,134.3,50,134.2,100,,,,,,,,,,,,,,,,,134.7,100,134.8,150,,,,,,,,,,,,,,,,
2026-07-04T01:03:59.939039+00:00,2026-07-04T01:03:59.939174,1,1,134.45,0.5,134.2,100,,,,,,,,,,,,,,,,,,,134.7,100,,,,,,,,,,,,,,,,,,
2026-07-04T01:03:59.994179+00:00,2026-07-04T01:03:59.994016,1,1,134.45,0.5,134.2,250,,,,,,,,,,,,,,,,,,,134.7,100,,,,,,,,,,,,,,,,,,
2026-07-04T01:04:00.046646+00:00,2026-07-04T01:04:00.046528,1,1,134.45,0.5,134.2,250,,,,,,,,,,,,,,,,,,,134.7,250,,,,,,,,,,,,,,,,,,
2026-07-04T01:04:01.139339+00:00,2026-07-04T01:04:01.139218,1,1,134.45,0.5,134.2,200,,,,,,,,,,,,,,,,,,,134.7,250,,,,,,,,,,,,,,,,,,
2026-07-04T01:04:01.149783+00:00,2026-07-04T01:04:01.149702,1,1,134.45,0.5,134.2,150,,,,,,,,,,,,,,,,,,,134.7,150,,,,,,,,,,,,,,,,,,
2026-07-04T01:04:01.204047+00:00,2026-07-04T01:04:01.203832,2,1,134.45,0.5,134.2,150,134.1,100,,,,,,,,,,,,,,,,,134.7,150,,,,,,,,,,,,,,,,,,
2026-07-04T01:04:01.258678+00:00,2026-07-04T01:04:01.257056,2,2,134.4,0.4,134.2,150,134.1,100,,,,,,,,,,,,,,,,,134.6,100,134.7,150,,,,,,,,,,,,,,,,
2026-07-04T01:04:02.750326+00:00,2026-07-04T01:04:02.750218,2,2,134.4,0.4,134.2,150,134.1,100,,,,,,,,,,,,,,,,,134.6,57,134.7,150,,,,,,,,,,,,,,,,
2026-07-04T01:04:02.804589+00:00,2026-07-04T01:04:02.804522,2,2,134.4,0.4,134.2,106,134.1,100,,,,,,,,,,,,,,,,,134.6,57,134.7,150,,,,,,,,,,,,,,,,
2026-07-04T01:04:03.099259+00:00,2026-07-04T01:04:03.099195,1,1,134.35,0.5,134.1,100,,,,,,,,,,,,,,,,,,,134.6,57,,,,,,,,,,,,,,,,,,
2026-07-04T01:04:03.153407+00:00,2026-07-04T01:04:03.153572,2,1,134.35,0.5,134.1,100,134.0,150,,,,,,,,,,,,,,,,,134.6,57,,,,,,,,,,,,,,,,,,
2026-07-04T01:04:03.217152+00:00,2026-07-04T01:04:03.209724,2,2,134.3,0.4,134.1,100,134.0,150,,,,,,,,,,,,,,,,,134.5,139,134.6,57,,,,,,,,,,,,,,,,
2026-07-04T01:04:03.264502+00:00,2026-07-04T01:04:03.264422,2,2,134.3,0.4,134.1,100,134.0,150,,,,,,,,,,,,,,,,,134.5,97,134.6,57,,,,,,,,,,,,,,,,
2026-07-04T01:04:04.311929+00:00,2026-07-04T01:04:04.311806,1,1,134.25,0.5,134.0,150,,,,,,,,,,,,,,,,,,,134.5,97,,,,,,,,,,,,,,,,,,
2026-07-04T01:04:04.367786+00:00,2026-07-04T01:04:04.367641,2,1,134.4,0.2,134.3,100,134.0,150,,,,,,,,,,,,,,,,,134.5,97,,,,,,,,,,,,,,,,,,
2026-07-04T01:04:04.421814+00:00,2026-07-04T01:04:04.421910,2,2,134.4,0.2,134.3,100,134.0,150,,,,,,,,,,,,,,,,,134.5,97,134.8,100,,,,,,,,,,,,,,,,
2026-07-04T01:04:05.295202+00:00,2026-07-04T01:04:05.295170,2,2,134.4,0.2,134.3,100,134.0,150,,,,,,,,,,,,,,,,,134.5,47,134.8,100,,,,,,,,,,,,,,,,
2026-07-04T01:04:06.263879+00:00,2026-07-04T01:04:06.263812,1,1,134.55,0.5,134.3,100,,,,,,,,,,,,,,,,,,,134.8,100,,,,,,,,,,,,,,,,,,
2026-07-04T01:04:06.316450+00:00,2026-07-04T01:04:06.316347,2,1,134.6,0.4,134.4,150,134.3,100,,,,,,,,,,,,,,,,,134.8,100,,,,,,,,,,,,,,,,,,
2026-07-04T01:04:06.358630+00:00,2026-07-04T01:04:06.358573,2,2,134.6,0.4,134.4,150,134.3,100,,,,,,,,,,,,,,,,,134.8,100,134.9,150,,,,,,,,,,,,,,,,
2026-07-04T01:04:07.463878+00:00,2026-07-04T01:04:07.463795,2,2,134.6,0.4,134.4,100,134.3,100,,,,,,,,,,,,,,,,,134.8,100,134.9,150,,,,,,,,,,,,,,,,
2026-07-04T01:04:07.476288+00:00,2026-07-04T01:04:07.476233,1,1,134.65,0.5,134.4,100,,,,,,,,,,,,,,,,,,,134.9,150,,,,,,,,,,,,,,,,,,
2026-07-04T01:04:07.530050+00:00,2026-07-04T01:04:07.529956,2,1,134.65,0.5,134.4,100,134.3,100,,,,,,,,,,,,,,,,,134.9,150,,,,,,,,,,,,,,,,,,
2026-07-04T01:04:07.581817+00:00,2026-07-04T01:04:07.581745,2,2,134.6,0.4,134.4,100,134.3,100,,,,,,,,,,,,,,,,,134.8,100,134.9,150,,,,,,,,,,,,,,,,
2026-07-04T01:04:08.233052+00:00,2026-07-04T01:04:08.232975,2,2,134.6,0.4,134.4,56,134.3,100,,,,,,,,,,,,,,,,,134.8,100,134.9,150,,,,,,,,,,,,,,,,
2026-07-04T01:04:09.417573+00:00,2026-07-04T01:04:09.417507,2,1,134.6,0.4,134.4,56,134.3,100,,,,,,,,,,,,,,,,,134.8,100,,,,,,,,,,,,,,,,,,
2026-07-04T01:04:09.422827+00:00,2026-07-04T01:04:09.422690,1,1,134.55,0.5,134.3,100,,,,,,,,,,,,,,,,,,,134.8,100,,,,,,,,,,,,,,,,,,
2026-07-04T01:04:09.476740+00:00,2026-07-04T01:04:09.476626,2,1,134.55,0.5,134.3,100,134.2,150,,,,,,,,,,,,,,,,,134.8,100,,,,,,,,,,,,,,,,,,
2026-07-04T01:04:09.514031+00:00,2026-07-04T01:04:09.514171,2,1,134.55,0.5,134.3,100,134.2,150,,,,,,,,,,,,,,,,,134.8,50,,,,,,,,,,,,,,,,,,
2026-07-04T01:04:09.550922+00:00,2026-07-04T01:04:09.550860,2,2,134.5,0.4,134.3,100,134.2,150,,,,,,,,,,,,,,,,,134.7,150,134.8,50,,,,,,,,,,,,,,,,
2026-07-04T01:04:10.635926+00:00,2026-07-04T01:04:10.635855,1,1,134.45,0.5,134.2,150,,,,,,,,,,,,,,,,,,,134.7,150,,,,,,,,,,,,,,,,,,
2026-07-04T01:04:10.690706+00:00,2026-07-04T01:04:10.690510,2,1,134.55,0.3,134.4,100,134.2,150,,,,,,,,,,,,,,,,,134.7,150,,,,,,,,,,,,,,,,,,
2026-07-04T01:04:10.751841+00:00,2026-07-04T01:04:10.751936,2,2,134.55,0.3,134.4,100,134.2,150,,,,,,,,,,,,,,,,,134.7,150,134.9,100,,,,,,,,,,,,,,,,
2026-07-04T01:04:11.630879+00:00,2026-07-04T01:04:11.631016,2,2,134.55,0.3,134.4,100,134.2,150,,,,,,,,,,,,,,,,,134.7,100,134.9,100,,,,,,,,,,,,,,,,
2026-07-04T01:04:12.064012+00:00,2026-07-04T01:04:12.064445,2,2,134.55,0.3,134.4,100,134.2,150,,,,,,,,,,,,,,,,,134.7,52,134.9,100,,,,,,,,,,,,,,,,
2026-07-04T01:04:12.604693+00:00,2026-07-04T01:04:12.604652,1,1,134.65,0.5,134.4,100,,,,,,,,,,,,,,,,,,,134.9,100,,,,,,,,,,,,,,,,,,
2026-07-04T01:04:12.664008+00:00,2026-07-04T01:04:12.663873,2,1,134.8,0.2,134.7,150,134.4,100,,,,,,,,,,,,,,,,,134.9,100,,,,,,,,,,,,,,,,,,
2026-07-04T01:04:12.717194+00:00,2026-07-04T01:04:12.717140,2,2,134.8,0.2,134.7,150,134.4,100,,,,,,,,,,,,,,,,,134.9,100,135.2,150,,,,,,,,,,,,,,,,
2026-07-04T01:04:13.738048+00:00,2026-07-04T01:04:13.738269,2,2,134.8,0.2,134.7,150,134.4,100,,,,,,,,,,,,,,,,,134.9,50,135.2,150,,,,,,,,,,,,,,,,
