recv_time,book_timestamp,n_bids,n_asks,mid,spread,bid_px_0,bid_vol_0,bid_px_1,bid_vol_1,bid_px_2,bid_vol_2,bid_px_3,bid_vol_3,bid_px_4,bid_vol_4,bid_px_5,bid_vol_5,bid_px_6,bid_vol_6,bid_px_7,bid_vol_7,bid_px_8,bid_vol_8,bid_px_9,bid_vol_9,ask_px_0,ask_vol_0,ask_px_1,ask_vol_1,ask_px_2,ask_vol_2,ask_px_3,ask_vol_3,ask_px_4,ask_vol_4,ask_px_5,ask_vol_5,ask_px_6,ask_vol_6,ask_px_7,ask_vol_7,ask_px_8,ask_vol_8,ask_px_9,ask_vol_9
2026-07-03T17:00:00.003280+00:00,2026-07-03T17:00:00.003459,2,2,115.6,0.4,115.4,51,115.3,301,,,,,,,,,,,,,,,,,115.8,150,115.9,149,,,,,,,,,,,,,,,,
2026-07-03T17:00:00.182971+00:00,2026-07-03T17:00:00.188739,2,2,115.6,0.4,115.4,202,115.3,150,,,,,,,,,,,,,,,,,115.8,150,115.9,149,,,,,,,,,,,,,,,,
2026-07-03T17:00:00.415673+00:00,2026-07-03T17:00:00.399212,2,2,115.6,0.4,115.4,202,115.3,150,,,,,,,,,,,,,,,,,115.8,150,115.9,149,,,,,,,,,,,,,,,,
2026-07-03T17:00:00.627580+00:00,2026-07-03T17:00:00.627529,2,2,115.6,0.4,115.4,51,115.3,150,,,,,,,,,,,,,,,,,115.8,150,115.9,100,,,,,,,,,,,,,,,,
2026-07-03T17:00:00.632854+00:00,2026-07-03T17:00:00.632727,2,2,115.6,0.4,115.4,202,115.3,150,,,,,,,,,,,,,,,,,115.8,150,115.9,149,,,,,,,,,,,,,,,,
2026-07-03T17:00:00.831215+00:00,2026-07-03T17:00:00.828293,2,1,115.65,0.5,115.4,202,115.3,150,,,,,,,,,,,,,,,,,115.9,149,,,,,,,,,,,,,,,,,,
2026-07-03T17:00:00.896840+00:00,2026-07-03T17:00:00.896421,2,2,115.6,0.4,115.4,202,115.3,150,,,,,,,,,,,,,,,,,115.8,150,115.9,149,,,,,,,,,,,,,,,,
2026-07-03T17:00:01.037896+00:00,2026-07-03T17:00:01.037784,2,2,115.6,0.4,115.4,51,115.3,150,,,,,,,,,,,,,,,,,115.8,150,115.9,100,,,,,,,,,,,,,,,,
2026-07-03T17:00:01.042870+00:00,2026-07-03T17:00:01.043008,2,3,115.6,0.4,115.4,202,115.3,150,,,,,,,,,,,,,,,,,115.8,150,115.9,100,116.0,49,,,,,,,,,,,,,,
2026-07-03T17:00:01.185198+00:00,2026-07-03T17:00:01.174899,2,3,115.6,0.4,115.4,202,115.3,150,,,,,,,,,,,,,,,,,115.8,101,115.9,100,116.0,49,,,,,,,,,,,,,,
2026-07-03T17:00:01.247638+00:00,2026-07-03T17:00:01.245011,2,3,115.6,0.4,115.4,202,115.3,150,,,,,,,,,,,,,,,,,115.8,101,115.9,100,116.0,49,,,,,,,,,,,,,,
2026-07-03T17:00:01.458238+00:00,2026-07-03T17:00:01.458184,2,2,115.6,0.4,115.4,51,115.3,150,,,,,,,,,,,,,,,,,115.8,101,115.9,100,,,,,,,,,,,,,,,,
2026-07-03T17:00:01.463466+00:00,2026-07-03T17:00:01.463406,3,3,115.65,0.3,115.5,151,115.4,51,115.3,150,,,,,,,,,,,,,,,115.8,101,115.9,100,116.0,49,,,,,,,,,,,,,,
2026-07-03T17:00:01.689512+00:00,2026-07-03T17:00:01.689426,3,3,115.65,0.3,115.5,151,115.4,51,115.3,150,,,,,,,,,,,,,,,115.8,101,115.9,100,116.0,49,,,,,,,,,,,,,,
2026-07-03T17:00:01.789815+00:00,2026-07-03T17:00:01.789772,3,3,115.65,0.3,115.5,103,115.4,51,115.3,150,,,,,,,,,,,,,,,115.8,101,115.9,100,116.0,49,,,,,,,,,,,,,,
2026-07-03T17:00:01.905736+00:00,2026-07-03T17:00:01.905710,3,3,115.65,0.3,115.5,103,115.4,51,115.3,150,,,,,,,,,,,,,,,115.8,101,115.9,100,116.0,97,,,,,,,,,,,,,,
2026-07-03T17:00:02.113797+00:00,2026-07-03T17:00:02.113662,3,3,115.65,0.3,115.5,103,115.4,51,115.3,150,,,,,,,,,,,,,,,115.8,101,115.9,100,116.1,97,,,,,,,,,,,,,,
2026-07-03T17:00:02.309972+00:00,2026-07-03T17:00:02.309927,3,3,115.65,0.3,115.5,103,115.4,51,115.3,150,,,,,,,,,,,,,,,115.8,101,115.9,100,116.1,97,,,,,,,,,,,,,,
2026-07-03T17:00:02.484994+00:00,2026-07-03T17:00:02.513924,3,3,115.65,0.3,115.5,103,115.4,51,115.3,150,,,,,,,,,,,,,,,115.8,101,115.9,100,116.1,97,,,,,,,,,,,,,,
2026-07-03T17:00:02.661409+00:00,2026-07-03T17:00:02.661317,3,2,115.65,0.3,115.5,103,115.4,51,115.3,150,,,,,,,,,,,,,,,115.8,101,116.1,97,,,,,,,,,,,,,,,,
2026-07-03T17:00:02.666601+00:00,2026-07-03T17:00:02.666526,2,2,115.65,0.3,115.5,103,115.3,150,,,,,,,,,,,,,,,,,115.8,101,116.1,97,,,,,,,,,,,,,,,,
2026-07-03T17:00:02.715455+00:00,2026-07-03T17:00:02.715312,3,2,115.65,0.3,115.5,103,115.3,150,115.2,100,,,,,,,,,,,,,,,115.8,101,116.1,97,,,,,,,,,,,,,,,,
2026-07-03T17:00:02.726044+00:00,2026-07-03T17:00:02.725849,2,1,115.55,0.5,115.3,150,115.2,100,,,,,,,,,,,,,,,,,115.8,101,,,,,,,,,,,,,,,,,,
2026-07-03T17:00:02.731270+00:00,2026-07-03T17:00:02.731163,2,1,115.55,0.5,115.3,253,115.2,100,,,,,,,,,,,,,,,,,115.8,101,,,,,,,,,,,,,,,,,,
2026-07-03T17:00:02.736550+00:00,2026-07-03T17:00:02.736427,2,1,115.55,0.5,115.3,253,115.2,100,,,,,,,,,,,,,,,,,115.8,198,,,,,,,,,,,,,,,,,,
2026-07-03T17:00:02.758712+00:00,2026-07-03T17:00:02.755475,2,1,115.55,0.5,115.3,203,115.2,100,,,,,,,,,,,,,,,,,115.8,198,,,,,,,,,,,,,,,,,,
2026-07-03T17:00:02.784353+00:00,2026-07-03T17:00:02.784478,2,2,115.5,0.4,115.3,203,115.2,100,,,,,,,,,,,,,,,,,115.7,100,115.8,198,,,,,,,,,,,,,,,,
2026-07-03T17:00:02.942266+00:00,2026-07-03T17:00:02.941996,2,2,115.5,0.4,115.3,203,115.2,100,,,,,,,,,,,,,,,,,115.7,100,115.8,198,,,,,,,,,,,,,,,,
2026-07-03T17:00:03.158653+00:00,2026-07-03T17:00:03.155705,2,2,115.5,0.4,115.3,203,115.2,100,,,,,,,,,,,,,,,,,115.7,100,115.8,198,,,,,,,,,,,,,,,,
2026-07-03T17:00:03.364356+00:00,2026-07-03T17:00:03.364198,2,2,115.5,0.4,115.3,100,115.2,203,,,,,,,,,,,,,,,,,115.7,100,115.8,101,,,,,,,,,,,,,,,,
2026-07-03T17:00:03.369466+00:00,2026-07-03T17:00:03.369409,2,2,115.5,0.4,115.3,100,115.2,203,,,,,,,,,,,,,,,,,115.7,100,115.8,198,,,,,,,,,,,,,,,,
2026-07-03T17:00:03.573068+00:00,2026-07-03T17:00:03.572962,2,2,115.5,0.4,115.3,100,115.2,203,,,,,,,,,,,,,,,,,115.7,100,115.8,101,,,,,,,,,,,,,,,,
2026-07-03T17:00:03.578392+00:00,2026-07-03T17:00:03.578213,2,2,115.5,0.4,115.3,100,115.2,203,,,,,,,,,,,,,,,,,115.7,100,115.8,198,,,,,,,,,,,,,,,,
2026-07-03T17:00:03.774395+00:00,2026-07-03T17:00:03.774368,2,2,115.5,0.4,115.3,100,115.2,100,,,,,,,,,,,,,,,,,115.7,100,115.8,101,,,,,,,,,,,,,,,,
2026-07-03T17:00:03.787365+00:00,2026-07-03T17:00:03.787282,2,2,115.5,0.4,115.3,100,115.2,203,,,,,,,,,,,,,,,,,115.7,100,115.8,198,,,,,,,,,,,,,,,,
2026-07-03T17:00:03.958818+00:00,2026-07-03T17:00:03.958723,1,2,115.45,0.5,115.2,203,,,,,,,,,,,,,,,,,,,115.7,100,115.8,97,,,,,,,,,,,,,,,,
2026-07-03T17:00:03.992455+00:00,2026-07-03T17:00:03.992896,1,2,115.45,0.5,115.2,203,,,,,,,,,,,,,,,,,,,115.7,100,115.8,97,,,,,,,,,,,,,,,,
2026-07-03T17:00:04.022175+00:00,2026-07-03T17:00:04.022041,2,2,115.45,0.5,115.2,203,115.1,150,,,,,,,,,,,,,,,,,115.7,100,115.8,97,,,,,,,,,,,,,,,,
2026-07-03T17:00:04.058675+00:00,2026-07-03T17:00:04.054579,2,3,115.4,0.4,115.2,203,115.1,150,,,,,,,,,,,,,,,,,115.6,150,115.7,100,115.8,97,,,,,,,,,,,,,,
2026-07-03T17:00:04.140698+00:00,2026-07-03T17:00:04.140666,2,3,115.4,0.4,115.2,203,115.1,150,,,,,,,,,,,,,,,,,115.6,106,115.7,100,115.8,97,,,,,,,,,,,,,,
2026-07-03T17:00:04.204937+00:00,2026-07-03T17:00:04.204869,2,2,115.4,0.4,115.2,100,115.1,150,,,,,,,,,,,,,,,,,115.6,106,115.7,100,,,,,,,,,,,,,,,,
2026-07-03T17:00:04.210161+00:00,2026-07-03T17:00:04.210079,2,3,115.4,0.4,115.2,203,115.1,150,,,,,,,,,,,,,,,,,115.6,106,115.7,100,115.8,97,,,,,,,,,,,,,,
2026-07-03T17:00:04.416053+00:00,2026-07-03T17:00:04.416234,2,2,115.4,0.4,115.2,203,115.1,150,,,,,,,,,,,,,,,,,115.6,106,115.7,100,,,,,,,,,,,,,,,,
2026-07-03T17:00:04.421306+00:00,2026-07-03T17:00:04.421387,2,3,115.4,0.4,115.2,203,115.1,150,,,,,,,,,,,,,,,,,115.6,106,115.7,100,115.8,97,,,,,,,,,,,,,,
2026-07-03T17:00:04.627833+00:00,2026-07-03T17:00:04.627785,3,3,115.45,0.3,115.3,103,115.2,100,115.1,150,,,,,,,,,,,,,,,115.6,106,115.7,100,115.8,97,,,,,,,,,,,,,,
2026-07-03T17:00:04.717031+00:00,2026-07-03T17:00:04.717490,3,3,115.45,0.3,115.3,54,115.2,100,115.1,150,,,,,,,,,,,,,,,115.6,106,115.7,100,115.8,97,,,,,,,,,,,,,,
2026-07-03T17:00:04.835679+00:00,2026-07-03T17:00:04.835558,2,2,115.4,0.4,115.2,100,115.1,150,,,,,,,,,,,,,,,,,115.6,106,115.7,100,,,,,,,,,,,,,,,,
2026-07-03T17:00:04.846075+00:00,2026-07-03T17:00:04.845967,3,3,115.45,0.3,115.3,54,115.2,100,115.1,150,,,,,,,,,,,,,,,115.6,106,115.7,100,115.8,146,,,,,,,,,,,,,,
2026-07-03T17:00:04.867082+00:00,2026-07-03T17:00:04.866940,3,3,115.45,0.3,115.3,4,115.2,100,115.1,150,,,,,,,,,,,,,,,115.6,106,115.7,100,115.8,146,,,,,,,,,,,,,,
2026-07-03T17:00:05.040490+00:00,2026-07-03T17:00:05.052625,3,3,115.45,0.3,115.3,4,115.2,100,115.1,150,,,,,,,,,,,,,,,115.6,106,115.7,100,115.8,196,,,,,,,,,,,,,,
2026-07-03T17:00:05.265333+00:00,2026-07-03T17:00:05.265266,3,2,115.45,0.3,115.3,4,115.2,100,115.1,150,,,,,,,,,,,,,,,115.6,106,115.7,100,,,,,,,,,,,,,,,,
2026-07-03T17:00:05.270509+00:00,2026-07-03T17:00:05.270465,3,3,115.45,0.3,115.3,4,115.2,100,115.1,150,,,,,,,,,,,,,,,115.6,106,115.7,100,115.9,196,,,,,,,,,,,,,,
2026-07-03T17:00:05.471107+00:00,2026-07-03T17:00:05.470766,2,2,115.4,0.4,115.2,100,115.1,150,,,,,,,,,,,,,,,,,115.6,106,115.7,100,,,,,,,,,,,,,,,,
2026-07-03T17:00:05.476517+00:00,2026-07-03T17:00:05.476472,3,3,115.45,0.3,115.3,4,115.2,100,115.1,150,,,,,,,,,,,,,,,115.6,106,115.7,100,115.9,196,,,,,,,,,,,,,,
2026-07-03T17:00:05.695918+00:00,2026-07-03T17:00:05.696114,2,2,115.4,0.4,115.2,100,115.1,150,,,,,,,,,,,,,,,,,115.6,106,115.7,100,,,,,,,,,,,,,,,,
2026-07-03T17:00:05.701221+00:00,2026-07-03T17:00:05.701380,3,3,115.45,0.3,115.3,4,115.2,100,115.1,150,,,,,,,,,,,,,,,115.6,106,115.7,100,115.9,196,,,,,,,,,,,,,,
2026-07-03T17:00:05.826353+00:00,2026-07-03T17:00:05.826321,2,2,115.45,0.3,115.3,4,115.1,150,,,,,,,,,,,,,,,,,115.6,106,115.9,196,,,,,,,,,,,,,,,,
2026-07-03T17:00:05.893959+00:00,2026-07-03T17:00:05.893854,3,1,115.45,0.3,115.3,4,115.2,100,115.1,150,,,,,,,,,,,,,,,115.6,106,,,,,,,,,,,,,,,,,,
2026-07-03T17:00:05.899126+00:00,2026-07-03T17:00:05.899050,3,2,115.45,0.3,115.3,4,115.2,100,115.1,150,,,,,,,,,,,,,,,115.6,106,115.9,196,,,,,,,,,,,,,,,,
2026-07-03T17:00:05.930864+00:00,2026-07-03T17:00:05.930786,3,3,115.45,0.3,115.3,4,115.2,100,115.1,150,,,,,,,,,,,,,,,115.6,106,115.7,100,115.9,196,,,,,,,,,,,,,,
2026-07-03T17:00:06.103751+00:00,2026-07-03T17:00:06.103631,3,2,115.45,0.3,115.3,4,115.2,100,115.1,150,,,,,,,,,,,,,,,115.6,106,115.7,100,,,,,,,,,,,,,,,,
2026-07-03T17:00:06.124157+00:00,2026-07-03T17:00:06.124297,3,3,115.45,0.3,115.3,4,115.2,100,115.1,150,,,,,,,,,,,,,,,115.6,106,115.7,100,115.9,196,,,,,,,,,,,,,,
2026-07-03T17:00:06.313672+00:00,2026-07-03T17:00:06.313587,2,2,115.4,0.4,115.2,100,115.1,150,,,,,,,,,,,,,,,,,115.6,106,115.7,100,,,,,,,,,,,,,,,,
2026-07-03T17:00:06.340514+00:00,2026-07-03T17:00:06.340407,3,3,115.45,0.3,115.3,4,115.2,100,115.1,150,,,,,,,,,,,,,,,115.6,106,115.7,100,115.9,196,,,,,,,,,,,,,,
2026-07-03T17:00:06.574439+00:00,2026-07-03T17:00:06.574337,2,3,115.4,0.4,115.2,104,115.1,150,,,,,,,,,,,,,,,,,115.6,106,115.7,100,115.8,196,,,,,,,,,,,,,,
2026-07-03T17:00:06.758584+00:00,2026-07-03T17:00:06.757582,2,3,115.4,0.4,115.2,104,115.1,150,,,,,,,,,,,,,,,,,115.6,106,115.7,100,115.8,196,,,,,,,,,,,,,,
2026-07-03T17:00:06.969113+00:00,2026-07-03T17:00:06.968986,2,2,115.4,0.4,115.2,100,115.1,150,,,,,,,,,,,,,,,,,115.6,106,115.7,100,,,,,,,,,,,,,,,,
2026-07-03T17:00:06.974336+00:00,2026-07-03T17:00:06.974240,2,2,115.4,0.4,115.2,104,115.1,150,,,,,,,,,,,,,,,,,115.6,106,115.7,100,,,,,,,,,,,,,,,,
2026-07-03T17:00:06.984860+00:00,2026-07-03T17:00:06.984775,2,3,115.4,0.4,115.2,104,115.1,150,,,,,,,,,,,,,,,,,115.6,106,115.7,100,115.8,196,,,,,,,,,,,,,,
2026-07-03T17:00:06.999977+00:00,2026-07-03T17:00:07.000150,2,3,115.4,0.4,115.2,54,115.1,150,,,,,,,,,,,,,,,,,115.6,106,115.7,100,115.8,196,,,,,,,,,,,,,,
2026-07-03T17:00:07.109549+00:00,2026-07-03T17:00:07.109525,2,2,115.45,0.5,115.2,54,115.1,150,,,,,,,,,,,,,,,,,115.7,100,115.8,196,,,,,,,,,,,,,,,,
2026-07-03T17:00:07.114726+00:00,2026-07-03T17:00:07.114696,1,2,115.45,0.5,115.2,54,,,,,,,,,,,,,,,,,,,115.7,100,115.8,196,,,,,,,,,,,,,,,,
2026-07-03T17:00:07.180855+00:00,2026-07-03T17:00:07.181027,2,2,115.5,0.4,115.3,150,115.2,54,,,,,,,,,,,,,,,,,115.7,100,115.8,196,,,,,,,,,,,,,,,,
2026-07-03T17:00:07.186318+00:00,2026-07-03T17:00:07.186256,2,1,115.5,0.4,115.3,150,115.2,50,,,,,,,,,,,,,,,,,115.7,100,,,,,,,,,,,,,,,,,,
2026-07-03T17:00:07.191566+00:00,2026-07-03T17:00:07.191459,2,2,115.5,0.4,115.3,150,115.2,54,,,,,,,,,,,,,,,,,115.7,100,115.8,196,,,,,,,,,,,,,,,,
2026-07-03T17:00:07.223995+00:00,2026-07-03T17:00:07.223884,2,2,115.5,0.4,115.3,150,115.2,54,,,,,,,,,,,,,,,,,115.7,100,115.8,346,,,,,,,,,,,,,,,,
2026-07-03T17:00:07.393388+00:00,2026-07-03T17:00:07.393323,2,2,115.5,0.4,115.3,150,115.2,54,,,,,,,,,,,,,,,,,115.7,100,115.8,150,,,,,,,,,,,,,,,,
2026-07-03T17:00:07.403829+00:00,2026-07-03T17:00:07.403979,2,2,115.5,0.4,115.3,150,115.2,54,,,,,,,,,,,,,,,,,115.7,100,115.8,346,,,,,,,,,,,,,,,,
2026-07-03T17:00:07.611590+00:00,2026-07-03T17:00:07.611525,2,2,115.5,0.4,115.3,150,115.2,50,,,,,,,,,,,,,,,,,115.7,100,115.8,150,,,,,,,,,,,,,,,,
2026-07-03T17:00:07.616916+00:00,2026-07-03T17:00:07.616799,2,2,115.5,0.4,115.3,150,115.2,54,,,,,,,,,,,,,,,,,115.7,100,115.8,346,,,,,,,,,,,,,,,,
2026-07-03T17:00:07.823584+00:00,2026-07-03T17:00:07.823547,2,2,115.5,0.4,115.3,150,115.2,54,,,,,,,,,,,,,,,,,115.7,100,115.8,150,,,,,,,,,,,,,,,,
2026-07-03T17:00:07.828821+00:00,2026-07-03T17:00:07.828724,2,2,115.5,0.4,115.3,150,115.2,54,,,,,,,,,,,,,,,,,115.7,100,115.8,346,,,,,,,,,,,,,,,,
2026-07-03T17:00:08.031918+00:00,2026-07-03T17:00:08.031806,2,2,115.5,0.4,115.3,150,115.2,54,,,,,,,,,,,,,,,,,115.7,100,115.8,150,,,,,,,,,,,,,,,,
2026-07-03T17:00:08.037085+00:00,2026-07-03T17:00:08.036977,2,2,115.5,0.4,115.3,150,115.2,54,,,,,,,,,,,,,,,,,115.7,296,115.8,150,,,,,,,,,,,,,,,,
2026-07-03T17:00:08.238725+00:00,2026-07-03T17:00:08.238605,2,2,115.5,0.4,115.3,150,115.2,50,,,,,,,,,,,,,,,,,115.7,100,115.8,150,,,,,,,,,,,,,,,,
2026-07-03T17:00:08.243958+00:00,2026-07-03T17:00:08.243844,3,2,115.5,0.4,115.3,150,115.2,50,115.1,4,,,,,,,,,,,,,,,115.7,296,115.8,150,,,,,,,,,,,,,,,,
2026-07-03T17:00:08.458552+00:00,2026-07-03T17:00:08.455929,3,2,115.5,0.4,115.3,150,115.2,50,115.1,4,,,,,,,,,,,,,,,115.7,296,115.8,150,,,,,,,,,,,,,,,,
2026-07-03T17:00:08.658592+00:00,2026-07-03T17:00:08.658178,3,2,115.5,0.4,115.3,150,115.2,50,115.1,4,,,,,,,,,,,,,,,115.7,296,115.8,150,,,,,,,,,,,,,,,,
2026-07-03T17:00:08.867851+00:00,2026-07-03T17:00:08.867778,3,2,115.5,0.4,115.3,150,115.2,50,115.1,4,,,,,,,,,,,,,,,115.7,100,115.8,150,,,,,,,,,,,,,,,,
2026-07-03T17:00:08.873113+00:00,2026-07-03T17:00:08.873047,3,2,115.5,0.4,115.3,150,115.2,50,115.1,4,,,,,,,,,,,,,,,115.7,100,115.8,150,,,,,,,,,,,,,,,,
2026-07-03T17:00:08.878680+00:00,2026-07-03T17:00:08.878264,3,2,115.5,0.4,115.3,150,115.2,50,115.1,4,,,,,,,,,,,,,,,115.7,296,115.8,150,,,,,,,,,,,,,,,,
2026-07-03T17:00:08.981528+00:00,2026-07-03T17:00:08.981324,2,2,115.5,0.4,115.3,150,115.1,4,,,,,,,,,,,,,,,,,115.7,196,115.8,150,,,,,,,,,,,,,,,,
2026-07-03T17:00:09.052238+00:00,2026-07-03T17:00:09.052135,3,2,115.5,0.4,115.3,150,115.1,4,114.9,100,,,,,,,,,,,,,,,115.7,196,115.8,150,,,,,,,,,,,,,,,,
2026-07-03T17:00:09.083182+00:00,2026-07-03T17:00:09.083365,2,1,115.55,0.5,115.3,150,114.9,100,,,,,,,,,,,,,,,,,115.8,150,,,,,,,,,,,,,,,,,,
2026-07-03T17:00:09.093777+00:00,2026-07-03T17:00:09.093986,3,2,115.5,0.4,115.3,150,115.1,4,114.9,100,,,,,,,,,,,,,,,115.7,196,115.8,150,,,,,,,,,,,,,,,,
2026-07-03T17:00:09.099307+00:00,2026-07-03T17:00:09.099225,3,3,115.35,0.1,115.3,150,115.1,4,114.9,100,,,,,,,,,,,,,,,115.4,100,115.7,196,115.8,150,,,,,,,,,,,,,,
2026-07-03T17:00:09.104621+00:00,2026-07-03T17:00:09.104466,3,3,115.35,0.1,115.3,100,115.1,4,114.9,100,,,,,,,,,,,,,,,115.4,100,115.7,196,115.8,150,,,,,,,,,,,,,,
2026-07-03T17:00:09.298808+00:00,2026-07-03T17:00:09.298976,3,2,115.35,0.1,115.3,100,115.1,4,114.9,100,,,,,,,,,,,,,,,115.4,100,115.8,150,,,,,,,,,,,,,,,,
2026-07-03T17:00:09.319666+00:00,2026-07-03T17:00:09.319558,3,3,115.35,0.1,115.3,100,115.1,4,114.9,100,,,,,,,,,,,,,,,115.4,100,115.6,196,115.8,150,,,,,,,,,,,,,,
2026-07-03T17:00:09.495126+00:00,2026-07-03T17:00:09.495483,3,2,115.35,0.1,115.3,100,115.1,4,114.9,100,,,,,,,,,,,,,,,115.4,100,115.8,150,,,,,,,,,,,,,,,,
2026-07-03T17:00:09.516622+00:00,2026-07-03T17:00:09.516466,2,2,115.35,0.1,115.3,100,114.9,100,,,,,,,,,,,,,,,,,115.4,100,115.8,150,,,,,,,,,,,,,,,,
2026-07-03T17:00:09.537222+00:00,2026-07-03T17:00:09.537324,3,2,115.35,0.1,115.3,100,115.1,4,114.9,100,,,,,,,,,,,,,,,115.4,100,115.8,150,,,,,,,,,,,,,,,,
2026-07-03T17:00:09.542817+00:00,2026-07-03T17:00:09.542551,3,3,115.35,0.1,115.3,100,115.1,4,114.9,100,,,,,,,,,,,,,,,115.4,100,115.6,196,115.8,150,,,,,,,,,,,,,,
2026-07-03T17:00:09.749793+00:00,2026-07-03T17:00:09.749761,3,2,115.35,0.1,115.3,100,115.1,4,114.9,100,,,,,,,,,,,,,,,115.4,100,115.8,150,,,,,,,,,,,,,,,,
2026-07-03T17:00:09.755002+00:00,2026-07-03T17:00:09.754960,3,3,115.35,0.1,115.3,100,115.1,4,114.9,100,,,,,,,,,,,,,,,115.4,100,115.6,196,115.8,150,,,,,,,,,,,,,,
2026-07-03T17:00:09.963713+00:00,2026-07-03T17:00:09.964081,3,3,115.35,0.1,115.3,100,115.1,4,114.9,100,,,,,,,,,,,,,,,115.4,100,115.6,196,115.8,150,,,,,,,,,,,,,,
2026-07-03T17:00:10.194431+00:00,2026-07-03T17:00:10.194385,3,3,115.35,0.1,115.3,100,115.1,4,114.9,100,,,,,,,,,,,,,,,115.4,100,115.6,196,115.8,150,,,,,,,,,,,,,,
2026-07-03T17:00:10.272334+00:00,2026-07-03T17:00:10.271855,3,2,115.35,0.1,115.3,100,115.1,4,114.9,100,,,,,,,,,,,,,,,115.4,100,115.6,196,,,,,,,,,,,,,,,,
2026-07-03T17:00:10.277766+00:00,2026-07-03T17:00:10.277703,2,2,115.25,0.3,115.1,4,114.9,100,,,,,,,,,,,,,,,,,115.4,100,115.6,196,,,,,,,,,,,,,,,,
2026-07-03T17:00:10.336934+00:00,2026-07-03T17:00:10.336902,2,2,115.25,0.3,115.1,4,114.9,250,,,,,,,,,,,,,,,,,115.4,100,115.6,196,,,,,,,,,,,,,,,,
2026-07-03T17:00:10.384036+00:00,2026-07-03T17:00:10.384204,1,1,115.15,0.5,114.9,250,,,,,,,,,,,,,,,,,,,115.4,100,,,,,,,,,,,,,,,,,,
2026-07-03T17:00:10.389533+00:00,2026-07-03T17:00:10.389417,2,2,115.25,0.3,115.1,4,114.9,250,,,,,,,,,,,,,,,,,115.4,250,115.6,196,,,,,,,,,,,,,,,,
2026-07-03T17:00:10.616960+00:00,2026-07-03T17:00:10.617499,2,2,115.25,0.3,115.1,4,114.9,250,,,,,,,,,,,,,,,,,115.4,250,115.7,196,,,,,,,,,,,,,,,,
2026-07-03T17:00:10.801480+00:00,2026-07-03T17:00:10.801642,1,1,115.15,0.5,114.9,250,,,,,,,,,,,,,,,,,,,115.4,250,,,,,,,,,,,,,,,,,,
2026-07-03T17:00:10.806715+00:00,2026-07-03T17:00:10.806826,2,2,115.25,0.3,115.1,4,114.9,250,,,,,,,,,,,,,,,,,115.4,250,115.7,196,,,,,,,,,,,,,,,,
2026-07-03T17:00:11.018869+00:00,2026-07-03T17:00:11.018806,1,1,115.15,0.5,114.9,250,,,,,,,,,,,,,,,,,,,115.4,250,,,,,,,,,,,,,,,,,,
2026-07-03T17:00:11.033461+00:00,2026-07-03T17:00:11.033699,2,2,115.25,0.3,115.1,4,114.9,250,,,,,,,,,,,,,,,,,115.4,250,115.7,196,,,,,,,,,,,,,,,,
2026-07-03T17:00:11.159481+00:00,2026-07-03T17:00:11.159392,2,2,115.25,0.3,115.1,4,114.9,250,,,,,,,,,,,,,,,,,115.4,200,115.7,196,,,,,,,,,,,,,,,,
2026-07-03T17:00:11.222426+00:00,2026-07-03T17:00:11.222384,1,1,115.15,0.5,114.9,250,,,,,,,,,,,,,,,,,,,115.4,200,,,,,,,,,,,,,,,,,,
2026-07-03T17:00:11.227464+00:00,2026-07-03T17:00:11.227609,2,2,115.25,0.3,115.1,4,114.9,250,,,,,,,,,,,,,,,,,115.4,200,115.7,196,,,,,,,,,,,,,,,,
2026-07-03T17:00:11.382597+00:00,2026-07-03T17:00:11.382545,2,2,115.25,0.3,115.1,4,114.9,250,,,,,,,,,,,,,,,,,115.4,160,115.7,196,,,,,,,,,,,,,,,,
2026-07-03T17:00:11.429265+00:00,2026-07-03T17:00:11.429224,2,1,115.25,0.3,115.1,4,114.9,250,,,,,,,,,,,,,,,,,115.4,160,,,,,,,,,,,,,,,,,,
2026-07-03T17:00:11.442937+00:00,2026-07-03T17:00:11.429761,2,2,115.25,0.3,115.1,4,114.9,250,,,,,,,,,,,,,,,,,115.4,160,115.7,196,,,,,,,,,,,,,,,,
2026-07-03T17:00:11.641084+00:00,2026-07-03T17:00:11.640991,2,1,115.25,0.3,115.1,4,114.9,250,,,,,,,,,,,,,,,,,115.4,160,,,,,,,,,,,,,,,,,,
2026-07-03T17:00:11.646319+00:00,2026-07-03T17:00:11.646195,2,2,115.25,0.3,115.1,4,114.9,250,,,,,,,,,,,,,,,,,115.4,160,115.7,196,,,,,,,,,,,,,,,,
2026-07-03T17:00:11.864089+00:00,2026-07-03T17:00:11.864034,2,2,115.3,0.2,115.2,4,114.9,250,,,,,,,,,,,,,,,,,115.4,160,115.7,196,,,,,,,,,,,,,,,,
2026-07-03T17:00:12.056354+00:00,2026-07-03T17:00:12.056625,2,1,115.3,0.2,115.2,4,114.9,250,,,,,,,,,,,,,,,,,115.4,160,,,,,,,,,,,,,,,,,,
2026-07-03T17:00:12.069857+00:00,2026-07-03T17:00:12.069764,2,2,115.3,0.2,115.2,4,114.9,250,,,,,,,,,,,,,,,,,115.4,160,115.7,196,,,,,,,,,,,,,,,,
2026-07-03T17:00:12.159334+00:00,2026-07-03T17:00:12.159127,2,2,115.3,0.2,115.2,4,114.9,150,,,,,,,,,,,,,,,,,115.4,150,115.7,196,,,,,,,,,,,,,,,,
2026-07-03T17:00:12.205247+00:00,2026-07-03T17:00:12.205195,2,2,115.3,0.2,115.2,104,114.9,150,,,,,,,,,,,,,,,,,115.4,150,115.7,196,,,,,,,,,,,,,,,,
2026-07-03T17:00:12.258557+00:00,2026-07-03T17:00:12.258340,2,2,115.3,0.2,115.2,104,114.9,150,,,,,,,,,,,,,,,,,115.4,150,115.7,296,,,,,,,,,,,,,,,,
2026-07-03T17:00:12.289750+00:00,2026-07-03T17:00:12.289658,2,2,115.3,0.2,115.2,104,114.9,150,,,,,,,,,,,,,,,,,115.4,150,115.7,296,,,,,,,,,,,,,,,,
2026-07-03T17:00:12.492221+00:00,2026-07-03T17:00:12.492097,2,2,115.3,0.2,115.2,104,114.9,150,,,,,,,,,,,,,,,,,115.4,150,115.7,296,,,,,,,,,,,,,,,,
2026-07-03T17:00:12.693824+00:00,2026-07-03T17:00:12.693757,2,2,115.3,0.2,115.2,104,114.9,150,,,,,,,,,,,,,,,,,115.4,150,115.7,100,,,,,,,,,,,,,,,,
2026-07-03T17:00:12.699049+00:00,2026-07-03T17:00:12.698942,2,2,115.3,0.2,115.2,104,114.9,150,,,,,,,,,,,,,,,,,115.4,150,115.7,296,,,,,,,,,,,,,,,,
2026-07-03T17:00:12.919319+00:00,2026-07-03T17:00:12.919294,2,2,115.3,0.2,115.2,104,114.9,150,,,,,,,,,,,,,,,,,115.4,150,115.7,100,,,,,,,,,,,,,,,,
2026-07-03T17:00:12.924390+00:00,2026-07-03T17:00:12.924513,2,2,115.3,0.2,115.2,104,114.9,150,,,,,,,,,,,,,,,,,115.4,150,115.7,296,,,,,,,,,,,,,,,,
2026-07-03T17:00:13.108099+00:00,2026-07-03T17:00:13.108037,2,2,115.3,0.2,115.2,104,114.9,150,,,,,,,,,,,,,,,,,115.4,150,115.7,100,,,,,,,,,,,,,,,,
2026-07-03T17:00:13.113286+00:00,2026-07-03T17:00:13.113248,3,2,115.3,0.2,115.2,100,115.1,4,114.9,150,,,,,,,,,,,,,,,115.4,150,115.7,296,,,,,,,,,,,,,,,,
2026-07-03T17:00:13.281667+00:00,2026-07-03T17:00:13.281574,3,2,115.3,0.2,115.2,100,115.1,4,114.9,150,,,,,,,,,,,,,,,115.4,100,115.7,296,,,,,,,,,,,,,,,,
2026-07-03T17:00:13.313865+00:00,2026-07-03T17:00:13.313642,2,2,115.3,0.2,115.2,100,114.9,150,,,,,,,,,,,,,,,,,115.4,100,115.7,100,,,,,,,,,,,,,,,,
2026-07-03T17:00:13.324409+00:00,2026-07-03T17:00:13.324377,3,2,115.3,0.2,115.2,100,115.1,4,114.9,150,,,,,,,,,,,,,,,115.4,100,115.7,296,,,,,,,,,,,,,,,,
2026-07-03T17:00:13.464049+00:00,2026-07-03T17:00:13.463843,2,1,115.45,0.5,115.2,100,115.1,4,,,,,,,,,,,,,,,,,115.7,296,,,,,,,,,,,,,,,,,,
2026-07-03T17:00:13.510233+00:00,2026-07-03T17:00:13.510374,2,1,115.45,0.5,115.2,250,115.1,4,,,,,,,,,,,,,,,,,115.7,296,,,,,,,,,,,,,,,,,,
2026-07-03T17:00:13.538704+00:00,2026-07-03T17:00:13.538585,2,1,115.45,0.5,115.2,250,115.1,4,,,,,,,,,,,,,,,,,115.7,296,,,,,,,,,,,,,,,,,,
2026-07-03T17:00:13.558557+00:00,2026-07-03T17:00:13.553199,2,1,115.45,0.5,115.2,250,115.1,4,,,,,,,,,,,,,,,,,115.7,446,,,,,,,,,,,,,,,,,,
2026-07-03T17:00:13.741154+00:00,2026-07-03T17:00:13.741053,2,1,115.45,0.5,115.2,250,115.1,4,,,,,,,,,,,,,,,,,115.7,250,,,,,,,,,,,,,,,,,,
2026-07-03T17:00:13.746282+00:00,2026-07-03T17:00:13.746241,2,1,115.45,0.5,115.2,250,115.1,4,,,,,,,,,,,,,,,,,115.7,446,,,,,,,,,,,,,,,,,,
2026-07-03T17:00:13.958659+00:00,2026-07-03T17:00:13.952075,2,1,115.45,0.5,115.2,250,115.1,4,,,,,,,,,,,,,,,,,115.7,446,,,,,,,,,,,,,,,,,,
2026-07-03T17:00:14.148699+00:00,2026-07-03T17:00:14.149267,1,1,115.45,0.5,115.2,250,,,,,,,,,,,,,,,,,,,115.7,250,,,,,,,,,,,,,,,,,,
2026-07-03T17:00:14.161390+00:00,2026-07-03T17:00:14.154062,2,1,115.45,0.5,115.2,250,115.1,4,,,,,,,,,,,,,,,,,115.7,446,,,,,,,,,,,,,,,,,,
2026-07-03T17:00:14.367070+00:00,2026-07-03T17:00:14.367234,1,1,115.45,0.5,115.2,250,,,,,,,,,,,,,,,,,,,115.7,250,,,,,,,,,,,,,,,,,,
2026-07-03T17:00:14.372709+00:00,2026-07-03T17:00:14.372571,1,1,115.45,0.5,115.2,254,,,,,,,,,,,,,,,,,,,115.7,250,,,,,,,,,,,,,,,,,,
2026-07-03T17:00:14.377980+00:00,2026-07-03T17:00:14.377848,1,2,115.45,0.5,115.2,254,,,,,,,,,,,,,,,,,,,115.7,250,115.8,196,,,,,,,,,,,,,,,,
2026-07-03T17:00:14.581750+00:00,2026-07-03T17:00:14.581988,1,1,115.45,0.5,115.2,254,,,,,,,,,,,,,,,,,,,115.7,250,,,,,,,,,,,,,,,,,,
2026-07-03T17:00:14.587096+00:00,2026-07-03T17:00:14.587258,1,2,115.45,0.5,115.2,254,,,,,,,,,,,,,,,,,,,115.7,250,115.8,196,,,,,,,,,,,,,,,,
2026-07-03T17:00:14.811077+00:00,2026-07-03T17:00:14.810998,1,1,115.45,0.5,115.2,250,,,,,,,,,,,,,,,,,,,115.7,250,,,,,,,,,,,,,,,,,,
2026-07-03T17:00:14.817355+00:00,2026-07-03T17:00:14.816314,1,2,115.45,0.5,115.2,254,,,,,,,,,,,,,,,,,,,115.7,250,115.8,196,,,,,,,,,,,,,,,,
2026-07-03T17:00:15.022386+00:00,2026-07-03T17:00:15.022355,1,1,115.45,0.5,115.2,254,,,,,,,,,,,,,,,,,,,115.7,250,,,,,,,,,,,,,,,,,,
2026-07-03T17:00:15.027659+00:00,2026-07-03T17:00:15.027609,1,2,115.45,0.5,115.2,254,,,,,,,,,,,,,,,,,,,115.7,250,115.8,196,,,,,,,,,,,,,,,,
2026-07-03T17:00:15.229381+00:00,2026-07-03T17:00:15.229295,1,1,115.45,0.5,115.2,254,,,,,,,,,,,,,,,,,,,115.7,250,,,,,,,,,,,,,,,,,,
2026-07-03T17:00:15.258705+00:00,2026-07-03T17:00:15.250600,1,2,115.45,0.5,115.2,254,,,,,,,,,,,,,,,,,,,115.7,250,115.8,196,,,,,,,,,,,,,,,,
2026-07-03T17:00:15.311356+00:00,2026-07-03T17:00:15.311328,1,2,115.45,0.5,115.2,154,,,,,,,,,,,,,,,,,,,115.7,150,115.8,196,,,,,,,,,,,,,,,,
2026-07-03T17:00:15.379539+00:00,2026-07-03T17:00:15.379375,1,2,115.45,0.5,115.2,254,,,,,,,,,,,,,,,,,,,115.7,150,115.8,196,,,,,,,,,,,,,,,,
2026-07-03T17:00:15.430943+00:00,2026-07-03T17:00:15.430603,1,2,115.45,0.5,115.2,204,,,,,,,,,,,,,,,,,,,115.7,250,115.8,196,,,,,,,,,,,,,,,,
2026-07-03T17:00:15.458645+00:00,2026-07-03T17:00:15.448580,1,2,115.45,0.5,115.2,204,,,,,,,,,,,,,,,,,,,115.7,250,115.8,196,,,,,,,,,,,,,,,,
2026-07-03T17:00:15.658593+00:00,2026-07-03T17:00:15.650555,1,2,115.45,0.5,115.2,204,,,,,,,,,,,,,,,,,,,115.7,250,115.8,196,,,,,,,,,,,,,,,,
2026-07-03T17:00:15.867139+00:00,2026-07-03T17:00:15.867096,2,2,115.5,0.4,115.3,4,115.2,200,,,,,,,,,,,,,,,,,115.7,250,115.8,196,,,,,,,,,,,,,,,,
2026-07-03T17:00:16.110754+00:00,2026-07-03T17:00:16.110404,2,2,115.5,0.4,115.3,4,115.2,200,,,,,,,,,,,,,,,,,115.7,250,115.8,196,,,,,,,,,,,,,,,,
2026-07-03T17:00:16.282236+00:00,2026-07-03T17:00:16.282182,2,1,115.5,0.4,115.3,4,115.2,200,,,,,,,,,,,,,,,,,115.7,250,,,,,,,,,,,,,,,,,,
2026-07-03T17:00:16.287478+00:00,2026-07-03T17:00:16.287382,2,2,115.5,0.4,115.3,4,115.2,200,,,,,,,,,,,,,,,,,115.7,250,115.8,196,,,,,,,,,,,,,,,,
2026-07-03T17:00:16.492164+00:00,2026-07-03T17:00:16.492079,2,1,115.5,0.4,115.3,4,115.2,200,,,,,,,,,,,,,,,,,115.7,250,,,,,,,,,,,,,,,,,,
2026-07-03T17:00:16.497188+00:00,2026-07-03T17:00:16.497330,2,2,115.5,0.4,115.3,4,115.2,200,,,,,,,,,,,,,,,,,115.7,250,115.8,196,,,,,,,,,,,,,,,,
2026-07-03T17:00:16.648507+00:00,2026-07-03T17:00:16.658725,2,2,115.5,0.4,115.3,4,115.2,100,,,,,,,,,,,,,,,,,115.7,100,115.8,196,,,,,,,,,,,,,,,,
2026-07-03T17:00:16.665099+00:00,2026-07-03T17:00:16.664553,3,2,115.5,0.4,115.3,4,115.2,100,115.1,150,,,,,,,,,,,,,,,115.7,100,115.8,196,,,,,,,,,,,,,,,,
2026-07-03T17:00:16.707024+00:00,2026-07-03T17:00:16.706918,3,1,115.5,0.4,115.3,4,115.2,100,115.1,150,,,,,,,,,,,,,,,115.7,100,,,,,,,,,,,,,,,,,,
2026-07-03T17:00:16.712355+00:00,2026-07-03T17:00:16.712213,3,3,115.45,0.3,115.3,4,115.2,100,115.1,150,,,,,,,,,,,,,,,115.6,150,115.7,100,115.8,196,,,,,,,,,,,,,,
2026-07-03T17:00:16.908902+00:00,2026-07-03T17:00:16.908701,3,3,115.45,0.3,115.3,4,115.2,100,115.1,150,,,,,,,,,,,,,,,115.6,150,115.7,100,115.8,196,,,,,,,,,,,,,,
2026-07-03T17:00:17.119283+00:00,2026-07-03T17:00:17.119161,2,2,115.4,0.4,115.2,100,115.1,154,,,,,,,,,,,,,,,,,115.6,150,115.7,100,,,,,,,,,,,,,,,,
2026-07-03T17:00:17.124458+00:00,2026-07-03T17:00:17.124406,2,2,115.4,0.4,115.2,100,115.1,154,,,,,,,,,,,,,,,,,115.6,346,115.7,100,,,,,,,,,,,,,,,,
2026-07-03T17:00:17.346431+00:00,2026-07-03T17:00:17.346357,2,2,115.4,0.4,115.2,100,115.1,154,,,,,,,,,,,,,,,,,115.6,346,115.7,100,,,,,,,,,,,,,,,,
2026-07-03T17:00:17.458694+00:00,2026-07-03T17:00:17.444303,2,2,115.4,0.4,115.2,100,115.1,154,,,,,,,,,,,,,,,,,115.6,304,115.7,100,,,,,,,,,,,,,,,,
2026-07-03T17:00:17.501517+00:00,2026-07-03T17:00:17.501349,2,2,115.4,0.4,115.2,60,115.1,154,,,,,,,,,,,,,,,,,115.6,304,115.7,100,,,,,,,,,,,,,,,,
2026-07-03T17:00:17.540607+00:00,2026-07-03T17:00:17.540523,2,2,115.4,0.4,115.2,60,115.1,154,,,,,,,,,,,,,,,,,115.6,108,115.7,100,,,,,,,,,,,,,,,,
2026-07-03T17:00:17.545932+00:00,2026-07-03T17:00:17.545806,2,2,115.4,0.4,115.2,60,115.1,154,,,,,,,,,,,,,,,,,115.6,304,115.7,100,,,,,,,,,,,,,,,,
2026-07-03T17:00:17.748540+00:00,2026-07-03T17:00:17.748412,2,2,115.4,0.4,115.2,60,115.1,154,,,,,,,,,,,,,,,,,115.6,304,115.7,100,,,,,,,,,,,,,,,,
2026-07-03T17:00:17.969164+00:00,2026-07-03T17:00:17.969398,2,2,115.4,0.4,115.2,60,115.1,154,,,,,,,,,,,,,,,,,115.6,304,115.7,100,,,,,,,,,,,,,,,,
2026-07-03T17:00:18.184947+00:00,2026-07-03T17:00:18.184807,2,2,115.4,0.4,115.2,60,115.1,154,,,,,,,,,,,,,,,,,115.6,304,115.7,100,,,,,,,,,,,,,,,,
2026-07-03T17:00:18.379069+00:00,2026-07-03T17:00:18.379008,3,2,115.4,0.4,115.2,60,115.1,150,114.9,4,,,,,,,,,,,,,,,115.6,108,115.7,100,,,,,,,,,,,,,,,,
2026-07-03T17:00:18.384252+00:00,2026-07-03T17:00:18.384221,3,3,115.35,0.3,115.2,60,115.1,150,114.9,4,,,,,,,,,,,,,,,115.5,196,115.6,108,115.7,100,,,,,,,,,,,,,,
2026-07-03T17:00:18.486307+00:00,2026-07-03T17:00:18.486060,2,2,115.3,0.4,115.1,150,114.9,4,,,,,,,,,,,,,,,,,115.5,196,115.6,108,,,,,,,,,,,,,,,,
2026-07-03T17:00:18.531763+00:00,2026-07-03T17:00:18.531951,2,2,115.3,0.4,115.1,150,114.9,4,,,,,,,,,,,,,,,,,115.5,153,115.6,108,,,,,,,,,,,,,,,,
2026-07-03T17:00:18.542340+00:00,2026-07-03T17:00:18.542471,3,2,115.3,0.4,115.1,150,114.9,4,114.8,100,,,,,,,,,,,,,,,115.5,153,115.6,108,,,,,,,,,,,,,,,,
2026-07-03T17:00:18.616610+00:00,2026-07-03T17:00:18.616266,2,1,115.35,0.5,115.1,150,114.8,100,,,,,,,,,,,,,,,,,115.6,108,,,,,,,,,,,,,,,,,,
2026-07-03T17:00:18.621559+00:00,2026-07-03T17:00:18.621781,3,3,115.2,0.2,115.1,150,114.9,47,114.8,100,,,,,,,,,,,,,,,115.3,100,115.5,153,115.6,108,,,,,,,,,,,,,,
2026-07-03T17:00:18.830530+00:00,2026-07-03T17:00:18.830493,3,2,115.2,0.2,115.1,150,114.9,47,114.8,100,,,,,,,,,,,,,,,115.3,100,115.6,108,,,,,,,,,,,,,,,,
2026-07-03T17:00:18.835822+00:00,2026-07-03T17:00:18.835714,3,3,115.2,0.2,115.1,150,114.9,47,114.8,100,,,,,,,,,,,,,,,115.3,100,115.5,153,115.6,108,,,,,,,,,,,,,,
2026-07-03T17:00:19.014650+00:00,2026-07-03T17:00:19.014518,3,2,115.2,0.2,115.1,150,114.9,47,114.8,100,,,,,,,,,,,,,,,115.3,100,115.6,108,,,,,,,,,,,,,,,,
2026-07-03T17:00:19.068640+00:00,2026-07-03T17:00:19.068855,3,3,115.2,0.2,115.1,150,114.9,47,114.8,100,,,,,,,,,,,,,,,115.3,100,115.5,153,115.6,108,,,,,,,,,,,,,,
2026-07-03T17:00:19.279244+00:00,2026-07-03T17:00:19.279467,3,2,115.2,0.2,115.1,150,115.0,47,114.8,100,,,,,,,,,,,,,,,115.3,100,115.6,108,,,,,,,,,,,,,,,,
2026-07-03T17:00:19.284809+00:00,2026-07-03T17:00:19.284734,3,3,115.2,0.2,115.1,150,115.0,47,114.8,100,,,,,,,,,,,,,,,115.3,100,115.5,153,115.6,108,,,,,,,,,,,,,,
2026-07-03T17:00:19.472883+00:00,2026-07-03T17:00:19.472760,3,3,115.2,0.2,115.1,150,115.0,47,114.8,100,,,,,,,,,,,,,,,115.3,100,115.5,153,115.6,108,,,,,,,,,,,,,,
2026-07-03T17:00:19.672398+00:00,2026-07-03T17:00:19.672022,3,3,115.2,0.2,115.1,100,115.0,47,114.8,100,,,,,,,,,,,,,,,115.3,100,115.5,153,115.6,108,,,,,,,,,,,,,,
2026-07-03T17:00:19.709063+00:00,2026-07-03T17:00:19.708846,2,2,115.2,0.2,115.1,100,114.8,100,,,,,,,,,,,,,,,,,115.3,100,115.6,108,,,,,,,,,,,,,,,,
2026-07-03T17:00:19.714491+00:00,2026-07-03T17:00:19.714362,3,2,115.2,0.2,115.1,100,115.0,47,114.8,100,,,,,,,,,,,,,,,115.3,100,115.6,261,,,,,,,,,,,,,,,,
2026-07-03T17:00:19.779550+00:00,2026-07-03T17:00:19.779421,2,2,115.15,0.3,115.0,47,114.8,100,,,,,,,,,,,,,,,,,115.3,100,115.6,153,,,,,,,,,,,,,,,,
2026-07-03T17:00:19.834734+00:00,2026-07-03T17:00:19.834898,3,2,115.15,0.3,115.0,47,114.9,150,114.8,100,,,,,,,,,,,,,,,115.3,100,115.6,153,,,,,,,,,,,,,,,,
2026-07-03T17:00:19.889671+00:00,2026-07-03T17:00:19.889547,3,3,115.15,0.3,115.0,47,114.9,150,114.8,100,,,,,,,,,,,,,,,115.3,100,115.4,150,115.6,153,,,,,,,,,,,,,,
2026-07-03T17:00:19.909161+00:00,2026-07-03T17:00:19.909035,3,2,115.15,0.3,115.0,47,114.9,150,114.8,100,,,,,,,,,,,,,,,115.3,100,115.4,150,,,,,,,,,,,,,,,,
2026-07-03T17:00:19.914273+00:00,2026-07-03T17:00:19.914241,3,3,115.15,0.3,115.0,47,114.9,150,114.8,100,,,,,,,,,,,,,,,115.3,100,115.4,150,115.6,153,,,,,,,,,,,,,,
2026-07-03T17:00:20.113797+00:00,2026-07-03T17:00:20.113718,3,2,115.15,0.3,115.0,47,114.9,150,114.8,100,,,,,,,,,,,,,,,115.3,100,115.4,150,,,,,,,,,,,,,,,,
2026-07-03T17:00:20.118998+00:00,2026-07-03T17:00:20.118911,3,3,115.15,0.3,115.0,47,114.9,150,114.8,100,,,,,,,,,,,,,,,115.3,100,115.4,150,115.6,153,,,,,,,,,,,,,,
2026-07-03T17:00:20.329727+00:00,2026-07-03T17:00:20.329606,3,3,115.2,0.2,115.1,47,114.9,150,114.8,100,,,,,,,,,,,,,,,115.3,100,115.4,150,115.6,153,,,,,,,,,,,,,,
2026-07-03T17:00:20.558652+00:00,2026-07-03T17:00:20.543515,3,3,115.2,0.2,115.1,47,114.9,150,114.8,100,,,,,,,,,,,,,,,115.3,100,115.4,150,115.6,153,,,,,,,,,,,,,,
2026-07-03T17:00:20.768780+00:00,2026-07-03T17:00:20.768972,2,2,115.1,0.4,114.9,150,114.8,100,,,,,,,,,,,,,,,,,115.3,100,115.4,150,,,,,,,,,,,,,,,,
2026-07-03T17:00:20.774326+00:00,2026-07-03T17:00:20.774251,3,3,115.2,0.2,115.1,47,114.9,150,114.8,100,,,,,,,,,,,,,,,115.3,100,115.4,150,115.6,153,,,,,,,,,,,,,,
2026-07-03T17:00:20.958630+00:00,2026-07-03T17:00:20.950588,3,2,115.2,0.2,115.1,47,114.9,150,114.8,100,,,,,,,,,,,,,,,115.3,100,115.4,150,,,,,,,,,,,,,,,,
2026-07-03T17:00:20.963953+00:00,2026-07-03T17:00:20.963854,2,2,115.1,0.4,114.9,150,114.8,147,,,,,,,,,,,,,,,,,115.3,253,115.4,150,,,,,,,,,,,,,,,,
2026-07-03T17:00:21.179964+00:00,2026-07-03T17:00:21.179884,2,2,115.1,0.4,114.9,150,114.8,147,,,,,,,,,,,,,,,,,115.3,253,115.4,150,,,,,,,,,,,,,,,,
2026-07-03T17:00:21.381457+00:00,2026-07-03T17:00:21.381391,2,2,115.1,0.4,114.9,150,114.8,147,,,,,,,,,,,,,,,,,115.3,253,115.4,150,,,,,,,,,,,,,,,,
2026-07-03T17:00:21.589574+00:00,2026-07-03T17:00:21.589488,2,2,115.1,0.4,114.9,150,114.8,100,,,,,,,,,,,,,,,,,115.3,100,115.4,150,,,,,,,,,,,,,,,,
2026-07-03T17:00:21.594835+00:00,2026-07-03T17:00:21.594744,3,2,115.1,0.4,114.9,150,114.8,100,114.7,47,,,,,,,,,,,,,,,115.3,253,115.4,150,,,,,,,,,,,,,,,,
2026-07-03T17:00:21.658843+00:00,2026-07-03T17:00:21.658739,2,2,115.1,0.4,114.9,150,114.7,47,,,,,,,,,,,,,,,,,115.3,153,115.4,150,,,,,,,,,,,,,,,,
2026-07-03T17:00:21.703948+00:00,2026-07-03T17:00:21.703752,3,2,115.1,0.4,114.9,150,114.7,47,114.6,100,,,,,,,,,,,,,,,115.3,153,115.4,150,,,,,,,,,,,,,,,,
2026-07-03T17:00:21.758538+00:00,2026-07-03T17:00:21.758192,3,3,115.0,0.2,114.9,100,114.7,47,114.6,100,,,,,,,,,,,,,,,115.1,100,115.3,153,115.4,150,,,,,,,,,,,,,,
2026-07-03T17:00:21.791456+00:00,2026-07-03T17:00:21.792026,3,2,115.0,0.2,114.9,100,114.7,47,114.6,100,,,,,,,,,,,,,,,115.1,100,115.4,150,,,,,,,,,,,,,,,,
2026-07-03T17:00:21.797332+00:00,2026-07-03T17:00:21.797271,2,2,115.0,0.2,114.9,100,114.6,100,,,,,,,,,,,,,,,,,115.1,100,115.4,150,,,,,,,,,,,,,,,,
2026-07-03T17:00:21.802604+00:00,2026-07-03T17:00:21.802571,3,2,115.0,0.2,114.9,100,114.7,47,114.6,100,,,,,,,,,,,,,,,115.1,100,115.4,150,,,,,,,,,,,,,,,,
2026-07-03T17:00:21.807886+00:00,2026-07-03T17:00:21.807780,3,3,115.0,0.2,114.9,100,114.7,47,114.6,100,,,,,,,,,,,,,,,115.1,100,115.3,153,115.4,150,,,,,,,,,,,,,,
2026-07-03T17:00:21.982511+00:00,2026-07-03T17:00:21.982619,3,3,115.0,0.2,114.9,53,114.7,47,114.6,100,,,,,,,,,,,,,,,115.1,100,115.3,153,115.4,150,,,,,,,,,,,,,,
2026-07-03T17:00:22.008354+00:00,2026-07-03T17:00:22.008594,2,2,115.0,0.2,114.9,53,114.6,100,,,,,,,,,,,,,,,,,115.1,100,115.4,150,,,,,,,,,,,,,,,,
2026-07-03T17:00:22.013939+00:00,2026-07-03T17:00:22.013855,3,3,115.0,0.2,114.9,53,114.7,47,114.6,100,,,,,,,,,,,,,,,115.1,100,115.3,153,115.4,150,,,,,,,,,,,,,,
2026-07-03T17:00:22.237662+00:00,2026-07-03T17:00:22.237586,3,3,115.0,0.2,114.9,53,114.8,47,114.6,100,,,,,,,,,,,,,,,115.1,100,115.3,153,115.4,150,,,,,,,,,,,,,,
2026-07-03T17:00:22.429948+00:00,2026-07-03T17:00:22.429925,2,2,115.0,0.2,114.9,100,114.6,100,,,,,,,,,,,,,,,,,115.1,100,115.4,150,,,,,,,,,,,,,,,,
2026-07-03T17:00:22.435001+00:00,2026-07-03T17:00:22.435121,2,3,115.0,0.2,114.9,100,114.6,100,,,,,,,,,,,,,,,,,115.1,100,115.4,150,115.5,153,,,,,,,,,,,,,,
2026-07-03T17:00:22.634818+00:00,2026-07-03T17:00:22.634765,2,2,115.0,0.2,114.9,100,114.6,100,,,,,,,,,,,,,,,,,115.1,100,115.4,150,,,,,,,,,,,,,,,,
2026-07-03T17:00:22.645503+00:00,2026-07-03T17:00:22.645374,2,3,115.0,0.2,114.9,100,114.6,100,,,,,,,,,,,,,,,,,115.1,100,115.4,150,115.5,153,,,,,,,,,,,,,,
2026-07-03T17:00:22.859093+00:00,2026-07-03T17:00:22.858847,2,3,115.0,0.2,114.9,100,114.6,100,,,,,,,,,,,,,,,,,115.1,100,115.4,150,115.5,153,,,,,,,,,,,,,,
2026-07-03T17:00:22.933214+00:00,2026-07-03T17:00:22.933126,2,2,115.0,0.2,114.9,47,114.6,100,,,,,,,,,,,,,,,,,115.1,100,115.5,153,,,,,,,,,,,,,,,,
2026-07-03T17:00:22.983915+00:00,2026-07-03T17:00:22.983741,3,2,115.0,0.2,114.9,47,114.6,100,114.4,150,,,,,,,,,,,,,,,115.1,100,115.5,153,,,,,,,,,,,,,,,,
2026-07-03T17:00:23.059014+00:00,2026-07-03T17:00:23.058899,2,3,114.75,0.3,114.6,100,114.4,150,,,,,,,,,,,,,,,,,114.9,103,115.1,100,115.5,200,,,,,,,,,,,,,,
2026-07-03T17:00:23.243257+00:00,2026-07-03T17:00:23.257141,2,2,114.75,0.3,114.6,100,114.4,150,,,,,,,,,,,,,,,,,114.9,103,115.1,100,,,,,,,,,,,,,,,,
2026-07-03T17:00:23.270602+00:00,2026-07-03T17:00:23.270432,2,3,114.75,0.3,114.6,100,114.4,150,,,,,,,,,,,,,,,,,114.9,103,115.1,100,115.5,200,,,,,,,,,,,,,,
2026-07-03T17:00:23.468712+00:00,2026-07-03T17:00:23.468472,2,3,114.75,0.3,114.6,100,114.4,150,,,,,,,,,,,,,,,,,114.9,103,115.1,100,115.5,200,,,,,,,,,,,,,,
2026-07-03T17:00:23.670652+00:00,2026-07-03T17:00:23.670492,2,2,114.75,0.3,114.6,100,114.4,150,,,,,,,,,,,,,,,,,114.9,103,115.1,100,,,,,,,,,,,,,,,,
2026-07-03T17:00:23.692934+00:00,2026-07-03T17:00:23.692822,2,3,114.75,0.3,114.6,100,114.4,150,,,,,,,,,,,,,,,,,114.9,103,115.1,100,115.4,200,,,,,,,,,,,,,,
2026-07-03T17:00:23.910211+00:00,2026-07-03T17:00:23.909958,2,3,114.75,0.3,114.6,100,114.4,150,,,,,,,,,,,,,,,,,114.9,103,115.1,100,115.4,200,,,,,,,,,,,,,,
2026-07-03T17:00:24.107828+00:00,2026-07-03T17:00:24.108018,2,3,114.75,0.3,114.6,100,114.4,150,,,,,,,,,,,,,,,,,114.9,103,115.1,100,115.4,200,,,,,,,,,,,,,,
2026-07-03T17:00:24.324910+00:00,2026-07-03T17:00:24.324852,2,3,114.75,0.3,114.6,100,114.4,150,,,,,,,,,,,,,,,,,114.9,103,115.1,100,115.4,200,,,,,,,,,,,,,,
2026-07-03T17:00:24.559178+00:00,2026-07-03T17:00:24.558805,2,3,114.75,0.3,114.6,100,114.4,150,,,,,,,,,,,,,,,,,114.9,103,115.1,100,115.4,200,,,,,,,,,,,,,,
2026-07-03T17:00:24.741173+00:00,2026-07-03T17:00:24.741134,2,3,114.75,0.3,114.6,100,114.4,150,,,,,,,,,,,,,,,,,114.9,103,115.1,100,115.4,200,,,,,,,,,,,,,,
2026-07-03T17:00:24.812871+00:00,2026-07-03T17:00:24.812848,1,2,114.65,0.5,114.4,150,,,,,,,,,,,,,,,,,,,114.9,103,115.4,200,,,,,,,,,,,,,,,,
2026-07-03T17:00:24.890133+00:00,2026-07-03T17:00:24.890022,2,2,114.85,0.1,114.8,100,114.4,150,,,,,,,,,,,,,,,,,114.9,103,115.4,200,,,,,,,,,,,,,,,,
2026-07-03T17:00:24.920522+00:00,2026-07-03T17:00:24.920479,2,3,114.85,0.1,114.8,100,114.4,150,,,,,,,,,,,,,,,,,114.9,103,115.3,100,115.4,200,,,,,,,,,,,,,,
2026-07-03T17:00:24.941663+00:00,2026-07-03T17:00:24.941549,2,3,114.85,0.1,114.8,100,114.4,150,,,,,,,,,,,,,,,,,114.9,103,115.3,100,115.5,200,,,,,,,,,,,,,,
2026-07-03T17:00:25.170459+00:00,2026-07-03T17:00:25.163194,2,3,114.85,0.1,114.8,100,114.4,150,,,,,,,,,,,,,,,,,114.9,100,115.3,100,115.5,200,,,,,,,,,,,,,,
2026-07-03T17:00:25.350436+00:00,2026-07-03T17:00:25.350153,2,3,114.85,0.1,114.8,100,114.4,150,,,,,,,,,,,,,,,,,114.9,100,115.3,100,115.5,200,,,,,,,,,,,,,,
2026-07-03T17:00:25.558735+00:00,2026-07-03T17:00:25.553867,2,3,114.85,0.1,114.8,100,114.4,150,,,,,,,,,,,,,,,,,114.9,100,115.3,100,115.5,200,,,,,,,,,,,,,,
2026-07-03T17:00:25.764310+00:00,2026-07-03T17:00:25.764228,2,3,114.85,0.1,114.8,100,114.4,150,,,,,,,,,,,,,,,,,114.9,100,115.3,100,115.5,200,,,,,,,,,,,,,,
2026-07-03T17:00:25.977036+00:00,2026-07-03T17:00:25.976927,2,3,114.85,0.1,114.8,100,114.4,150,,,,,,,,,,,,,,,,,114.9,100,115.3,100,115.5,200,,,,,,,,,,,,,,
2026-07-03T17:00:26.106560+00:00,2026-07-03T17:00:26.106739,1,2,115.05,0.5,114.8,100,,,,,,,,,,,,,,,,,,,115.3,100,115.5,200,,,,,,,,,,,,,,,,
2026-07-03T17:00:26.158936+00:00,2026-07-03T17:00:26.158750,2,2,115.05,0.5,114.8,100,114.6,150,,,,,,,,,,,,,,,,,115.3,100,115.5,200,,,,,,,,,,,,,,,,
2026-07-03T17:00:26.165529+00:00,2026-07-03T17:00:26.165302,2,1,115.05,0.5,114.8,100,114.6,150,,,,,,,,,,,,,,,,,115.3,100,,,,,,,,,,,,,,,,,,
2026-07-03T17:00:26.186507+00:00,2026-07-03T17:00:26.186357,2,2,115.05,0.5,114.8,100,114.6,150,,,,,,,,,,,,,,,,,115.3,100,115.5,200,,,,,,,,,,,,,,,,
2026-07-03T17:00:26.204762+00:00,2026-07-03T17:00:26.204732,2,3,114.95,0.3,114.8,100,114.6,150,,,,,,,,,,,,,,,,,115.1,150,115.3,100,115.5,200,,,,,,,,,,,,,,
2026-07-03T17:00:26.378849+00:00,2026-07-03T17:00:26.378799,2,3,114.95,0.3,114.8,100,114.6,150,,,,,,,,,,,,,,,,,115.1,150,115.3,100,115.7,200,,,,,,,,,,,,,,
2026-07-03T17:00:26.599800+00:00,2026-07-03T17:00:26.599752,2,3,114.95,0.3,114.8,100,114.6,150,,,,,,,,,,,,,,,,,115.1,150,115.3,100,115.7,200,,,,,,,,,,,,,,
2026-07-03T17:00:26.801572+00:00,2026-07-03T17:00:26.801485,2,3,114.95,0.3,114.8,100,114.6,150,,,,,,,,,,,,,,,,,115.1,150,115.3,100,115.7,200,,,,,,,,,,,,,,
2026-07-03T17:00:26.998332+00:00,2026-07-03T17:00:26.998275,2,3,114.95,0.3,114.8,100,114.6,150,,,,,,,,,,,,,,,,,115.1,150,115.3,100,115.7,200,,,,,,,,,,,,,,
2026-07-03T17:00:27.204405+00:00,2026-07-03T17:00:27.204341,2,3,114.95,0.3,114.8,100,114.6,150,,,,,,,,,,,,,,,,,115.1,150,115.3,100,115.7,200,,,,,,,,,,,,,,
2026-07-03T17:00:27.423705+00:00,2026-07-03T17:00:27.423647,2,3,114.95,0.3,114.8,100,114.6,150,,,,,,,,,,,,,,,,,115.1,150,115.3,100,115.7,200,,,,,,,,,,,,,,
2026-07-03T17:00:27.591164+00:00,2026-07-03T17:00:27.591106,2,3,114.95,0.3,114.8,100,114.6,150,,,,,,,,,,,,,,,,,115.1,109,115.3,100,115.7,200,,,,,,,,,,,,,,
2026-07-03T17:00:27.627820+00:00,2026-07-03T17:00:27.627710,2,3,114.95,0.3,114.8,100,114.6,150,,,,,,,,,,,,,,,,,115.1,109,115.3,100,115.6,200,,,,,,,,,,,,,,
2026-07-03T17:00:27.819815+00:00,2026-07-03T17:00:27.819785,2,3,114.95,0.3,114.8,100,114.6,150,,,,,,,,,,,,,,,,,115.1,109,115.3,100,115.6,200,,,,,,,,,,,,,,
2026-07-03T17:00:27.970411+00:00,2026-07-03T17:00:27.970206,1,2,114.85,0.5,114.6,150,,,,,,,,,,,,,,,,,,,115.1,109,115.6,200,,,,,,,,,,,,,,,,
2026-07-03T17:00:28.042878+00:00,2026-07-03T17:00:28.042840,2,2,115.0,0.2,114.9,100,114.6,150,,,,,,,,,,,,,,,,,115.1,109,115.6,200,,,,,,,,,,,,,,,,
2026-07-03T17:00:28.079848+00:00,2026-07-03T17:00:28.079951,2,3,115.0,0.2,114.9,100,114.6,150,,,,,,,,,,,,,,,,,115.1,109,115.4,100,115.6,200,,,,,,,,,,,,,,
2026-07-03T17:00:28.123918+00:00,2026-07-03T17:00:28.123792,2,3,115.0,0.2,114.9,100,114.6,150,,,,,,,,,,,,,,,,,115.1,69,115.4,100,115.6,200,,,,,,,,,,,,,,
2026-07-03T17:00:28.233525+00:00,2026-07-03T17:00:28.233730,2,3,115.0,0.2,114.9,100,114.6,150,,,,,,,,,,,,,,,,,115.1,69,115.4,100,115.6,200,,,,,,,,,,,,,,
2026-07-03T17:00:28.474241+00:00,2026-07-03T17:00:28.474138,2,3,115.0,0.2,114.9,100,114.6,150,,,,,,,,,,,,,,,,,115.1,69,115.4,100,115.6,200,,,,,,,,,,,,,,
2026-07-03T17:00:28.658584+00:00,2026-07-03T17:00:28.654518,2,3,115.0,0.2,114.9,52,114.6,150,,,,,,,,,,,,,,,,,115.1,69,115.4,100,115.6,200,,,,,,,,,,,,,,
2026-07-03T17:00:28.874278+00:00,2026-07-03T17:00:28.874462,2,3,115.0,0.2,114.9,52,114.6,150,,,,,,,,,,,,,,,,,115.1,69,115.4,100,115.8,200,,,,,,,,,,,,,,
2026-07-03T17:00:29.058625+00:00,2026-07-03T17:00:29.057210,2,3,115.0,0.2,114.9,52,114.6,150,,,,,,,,,,,,,,,,,115.1,69,115.4,100,115.8,200,,,,,,,,,,,,,,
2026-07-03T17:00:29.203689+00:00,2026-07-03T17:00:29.203378,2,3,115.0,0.2,114.9,3,114.6,150,,,,,,,,,,,,,,,,,115.1,69,115.4,100,115.8,200,,,,,,,,,,,,,,
2026-07-03T17:00:29.253258+00:00,2026-07-03T17:00:29.258056,1,2,115.15,0.5,114.9,3,,,,,,,,,,,,,,,,,,,115.4,100,115.8,200,,,,,,,,,,,,,,,,
2026-07-03T17:00:29.311516+00:00,2026-07-03T17:00:29.311653,2,2,115.3,0.2,115.2,150,114.9,3,,,,,,,,,,,,,,,,,115.4,100,115.8,200,,,,,,,,,,,,,,,,
2026-07-03T17:00:29.364235+00:00,2026-07-03T17:00:29.364146,2,3,115.3,0.2,115.2,150,114.9,3,,,,,,,,,,,,,,,,,115.4,100,115.7,150,115.8,200,,,,,,,,,,,,,,
2026-07-03T17:00:29.487715+00:00,2026-07-03T17:00:29.487967,2,3,115.3,0.2,115.2,150,114.9,3,,,,,,,,,,,,,,,,,115.4,100,115.7,150,115.8,200,,,,,,,,,,,,,,
2026-07-03T17:00:29.683674+00:00,2026-07-03T17:00:29.683601,2,3,115.3,0.2,115.2,150,114.9,3,,,,,,,,,,,,,,,,,115.4,100,115.7,150,115.8,200,,,,,,,,,,,,,,
2026-07-03T17:00:29.890280+00:00,2026-07-03T17:00:29.890165,2,3,115.3,0.2,115.2,150,114.9,3,,,,,,,,,,,,,,,,,115.4,100,115.7,150,115.8,200,,,,,,,,,,,,,,
2026-07-03T17:00:30.097256+00:00,2026-07-03T17:00:30.097203,2,3,115.3,0.2,115.2,150,114.9,3,,,,,,,,,,,,,,,,,115.4,100,115.7,150,115.9,200,,,,,,,,,,,,,,
2026-07-03T17:00:30.135544+00:00,2026-07-03T17:00:30.135407,2,3,115.3,0.2,115.2,150,114.9,3,,,,,,,,,,,,,,,,,115.4,50,115.7,150,115.9,200,,,,,,,,,,,,,,
2026-07-03T17:00:30.307888+00:00,2026-07-03T17:00:30.297706,2,3,115.3,0.2,115.2,150,114.9,3,,,,,,,,,,,,,,,,,115.4,50,115.7,150,115.8,200,,,,,,,,,,,,,,
2026-07-03T17:00:30.511490+00:00,2026-07-03T17:00:30.511766,2,3,115.3,0.2,115.2,150,114.9,3,,,,,,,,,,,,,,,,,115.4,50,115.7,150,115.8,200,,,,,,,,,,,,,,
2026-07-03T17:00:30.711770+00:00,2026-07-03T17:00:30.712094,2,3,115.3,0.2,115.2,150,114.9,3,,,,,,,,,,,,,,,,,115.4,50,115.7,150,115.8,200,,,,,,,,,,,,,,
2026-07-03T17:00:30.927928+00:00,2026-07-03T17:00:30.927891,2,3,115.3,0.2,115.2,150,114.9,3,,,,,,,,,,,,,,,,,115.4,50,115.7,150,115.8,200,,,,,,,,,,,,,,
2026-07-03T17:00:31.134655+00:00,2026-07-03T17:00:31.134489,2,2,115.3,0.2,115.2,150,114.9,3,,,,,,,,,,,,,,,,,115.4,50,115.7,150,,,,,,,,,,,,,,,,
2026-07-03T17:00:31.158910+00:00,2026-07-03T17:00:31.158742,1,2,115.45,0.5,115.2,150,,,,,,,,,,,,,,,,,,,115.7,150,115.8,200,,,,,,,,,,,,,,,,
2026-07-03T17:00:31.191154+00:00,2026-07-03T17:00:31.190950,2,2,115.45,0.5,115.2,150,114.9,100,,,,,,,,,,,,,,,,,115.7,150,115.8,200,,,,,,,,,,,,,,,,
2026-07-03T17:00:31.258795+00:00,2026-07-03T17:00:31.258741,2,3,115.3,0.2,115.2,150,114.9,100,,,,,,,,,,,,,,,,,115.4,100,115.7,150,115.8,200,,,,,,,,,,,,,,
2026-07-03T17:00:31.358756+00:00,2026-07-03T17:00:31.358694,2,3,115.3,0.2,115.2,150,114.9,100,,,,,,,,,,,,,,,,,115.4,100,115.7,150,115.8,200,,,,,,,,,,,,,,
2026-07-03T17:00:31.558675+00:00,2026-07-03T17:00:31.548983,2,3,115.3,0.2,115.2,150,114.9,100,,,,,,,,,,,,,,,,,115.4,100,115.7,150,115.8,200,,,,,,,,,,,,,,
2026-07-03T17:00:31.770179+00:00,2026-07-03T17:00:31.770295,2,2,115.3,0.2,115.2,150,114.9,100,,,,,,,,,,,,,,,,,115.4,100,115.7,150,,,,,,,,,,,,,,,,
2026-07-03T17:00:31.775727+00:00,2026-07-03T17:00:31.775607,2,3,115.3,0.2,115.2,150,114.9,100,,,,,,,,,,,,,,,,,115.4,100,115.7,150,115.8,200,,,,,,,,,,,,,,
2026-07-03T17:00:31.980085+00:00,2026-07-03T17:00:31.979828,2,3,115.3,0.2,115.2,150,114.9,100,,,,,,,,,,,,,,,,,115.4,100,115.7,150,115.8,200,,,,,,,,,,,,,,
2026-07-03T17:00:32.187436+00:00,2026-07-03T17:00:32.187182,2,3,115.3,0.2,115.2,150,114.9,100,,,,,,,,,,,,,,,,,115.4,100,115.7,150,115.8,200,,,,,,,,,,,,,,
2026-07-03T17:00:32.307950+00:00,2026-07-03T17:00:32.307787,2,3,115.3,0.2,115.2,100,114.9,100,,,,,,,,,,,,,,,,,115.4,100,115.7,150,115.8,200,,,,,,,,,,,,,,
2026-07-03T17:00:32.395895+00:00,2026-07-03T17:00:32.395588,2,3,115.3,0.2,115.2,100,114.9,100,,,,,,,,,,,,,,,,,115.4,100,115.7,150,115.8,200,,,,,,,,,,,,,,
2026-07-03T17:00:32.438578+00:00,2026-07-03T17:00:32.438354,1,2,115.15,0.5,114.9,100,,,,,,,,,,,,,,,,,,,115.4,100,115.8,200,,,,,,,,,,,,,,,,
2026-07-03T17:00:32.484243+00:00,2026-07-03T17:00:32.484138,2,2,115.2,0.4,115.0,150,114.9,100,,,,,,,,,,,,,,,,,115.4,100,115.8,200,,,,,,,,,,,,,,,,
2026-07-03T17:00:32.522142+00:00,2026-07-03T17:00:32.522045,2,3,115.2,0.4,115.0,150,114.9,100,,,,,,,,,,,,,,,,,115.4,100,115.5,150,115.8,200,,,,,,,,,,,,,,
2026-07-03T17:00:32.599328+00:00,2026-07-03T17:00:32.599498,2,3,115.2,0.4,115.0,150,114.9,100,,,,,,,,,,,,,,,,,115.4,100,115.5,150,115.8,200,,,,,,,,,,,,,,
2026-07-03T17:00:32.810722+00:00,2026-07-03T17:00:32.810613,2,3,115.2,0.4,115.0,150,114.9,100,,,,,,,,,,,,,,,,,115.4,100,115.5,150,115.9,200,,,,,,,,,,,,,,
2026-07-03T17:00:33.009146+00:00,2026-07-03T17:00:33.009079,2,2,115.2,0.4,115.0,150,114.9,100,,,,,,,,,,,,,,,,,115.4,100,115.5,150,,,,,,,,,,,,,,,,
2026-07-03T17:00:33.014387+00:00,2026-07-03T17:00:33.014288,2,3,115.2,0.4,115.0,150,114.9,100,,,,,,,,,,,,,,,,,115.4,100,115.5,150,115.9,200,,,,,,,,,,,,,,
2026-07-03T17:00:33.218674+00:00,2026-07-03T17:00:33.218623,2,3,115.2,0.4,115.0,150,114.9,100,,,,,,,,,,,,,,,,,115.4,100,115.5,150,115.9,200,,,,,,,,,,,,,,
2026-07-03T17:00:33.416588+00:00,2026-07-03T17:00:33.416909,2,2,115.2,0.4,115.0,150,114.9,100,,,,,,,,,,,,,,,,,115.4,100,115.5,150,,,,,,,,,,,,,,,,
2026-07-03T17:00:33.427428+00:00,2026-07-03T17:00:33.427584,2,3,115.2,0.4,115.0,150,114.9,100,,,,,,,,,,,,,,,,,115.4,100,115.5,150,115.9,200,,,,,,,,,,,,,,
2026-07-03T17:00:33.631681+00:00,2026-07-03T17:00:33.628910,2,3,115.2,0.4,115.0,150,114.9,100,,,,,,,,,,,,,,,,,115.4,100,115.5,150,115.9,200,,,,,,,,,,,,,,
2026-07-03T17:00:33.837142+00:00,2026-07-03T17:00:33.837024,2,3,115.2,0.4,115.0,150,114.9,100,,,,,,,,,,,,,,,,,115.4,100,115.5,150,115.9,200,,,,,,,,,,,,,,
2026-07-03T17:00:34.043938+00:00,2026-07-03T17:00:34.043859,2,3,115.2,0.4,115.0,150,114.9,100,,,,,,,,,,,,,,,,,115.4,100,115.5,150,115.9,200,,,,,,,,,,,,,,
2026-07-03T17:00:34.258592+00:00,2026-07-03T17:00:34.248359,2,3,115.2,0.4,115.0,150,114.9,100,,,,,,,,,,,,,,,,,115.4,100,115.5,150,115.9,200,,,,,,,,,,,,,,
2026-07-03T17:00:34.306532+00:00,2026-07-03T17:00:34.306477,1,2,115.25,0.5,115.0,150,,,,,,,,,,,,,,,,,,,115.5,150,115.9,200,,,,,,,,,,,,,,,,
2026-07-03T17:00:34.365776+00:00,2026-07-03T17:00:34.365938,2,2,115.3,0.4,115.1,100,115.0,150,,,,,,,,,,,,,,,,,115.5,150,115.9,200,,,,,,,,,,,,,,,,
2026-07-03T17:00:34.400826+00:00,2026-07-03T17:00:34.400759,2,2,115.3,0.4,115.1,50,115.0,150,,,,,,,,,,,,,,,,,115.5,150,115.9,200,,,,,,,,,,,,,,,,
2026-07-03T17:00:34.406002+00:00,2026-07-03T17:00:34.405919,2,3,115.3,0.4,115.1,50,115.0,150,,,,,,,,,,,,,,,,,115.5,150,115.6,100,115.9,200,,,,,,,,,,,,,,
2026-07-03T17:00:34.458543+00:00,2026-07-03T17:00:34.457009,2,3,115.3,0.4,115.1,50,115.0,150,,,,,,,,,,,,,,,,,115.5,150,115.6,100,115.9,200,,,,,,,,,,,,,,
2026-07-03T17:00:34.670738+00:00,2026-07-03T17:00:34.670637,2,2,115.3,0.4,115.1,50,115.0,150,,,,,,,,,,,,,,,,,115.5,150,115.6,100,,,,,,,,,,,,,,,,
2026-07-03T17:00:34.676403+00:00,2026-07-03T17:00:34.675924,2,3,115.3,0.4,115.1,50,115.0,150,,,,,,,,,,,,,,,,,115.5,150,115.6,100,115.9,200,,,,,,,,,,,,,,
2026-07-03T17:00:34.879460+00:00,2026-07-03T17:00:34.879403,2,3,115.3,0.4,115.1,50,115.0,150,,,,,,,,,,,,,,,,,115.5,150,115.6,100,116.0,200,,,,,,,,,,,,,,
2026-07-03T17:00:35.098635+00:00,2026-07-03T17:00:35.098537,2,2,115.3,0.4,115.1,50,115.0,150,,,,,,,,,,,,,,,,,115.5,150,115.6,100,,,,,,,,,,,,,,,,
2026-07-03T17:00:35.103885+00:00,2026-07-03T17:00:35.103802,2,3,115.3,0.4,115.1,50,115.0,150,,,,,,,,,,,,,,,,,115.5,150,115.6,100,116.0,200,,,,,,,,,,,,,,
2026-07-03T17:00:35.310380+00:00,2026-07-03T17:00:35.307952,2,3,115.3,0.4,115.1,50,115.0,150,,,,,,,,,,,,,,,,,115.5,150,115.6,100,116.0,200,,,,,,,,,,,,,,
2026-07-03T17:00:35.526031+00:00,2026-07-03T17:00:35.525733,2,3,115.3,0.4,115.1,50,115.0,150,,,,,,,,,,,,,,,,,115.5,150,115.6,100,116.0,200,,,,,,,,,,,,,,
2026-07-03T17:00:35.577961+00:00,2026-07-03T17:00:35.577683,1,2,115.35,0.5,115.1,50,,,,,,,,,,,,,,,,,,,115.6,100,116.0,200,,,,,,,,,,,,,,,,
2026-07-03T17:00:35.629996+00:00,2026-07-03T17:00:35.629818,2,2,115.4,0.4,115.2,150,115.1,50,,,,,,,,,,,,,,,,,115.6,100,116.0,200,,,,,,,,,,,,,,,,
2026-07-03T17:00:35.688066+00:00,2026-07-03T17:00:35.688001,2,3,115.4,0.4,115.2,150,115.1,50,,,,,,,,,,,,,,,,,115.6,100,115.7,150,116.0,200,,,,,,,,,,,,,,
2026-07-03T17:00:35.711701+00:00,2026-07-03T17:00:35.711580,2,3,115.4,0.4,115.2,150,115.1,50,,,,,,,,,,,,,,,,,115.6,100,115.7,150,116.0,200,,,,,,,,,,,,,,
2026-07-03T17:00:35.787066+00:00,2026-07-03T17:00:35.787001,2,3,115.4,0.4,115.2,150,115.1,50,,,,,,,,,,,,,,,,,115.6,54,115.7,150,116.0,200,,,,,,,,,,,,,,
2026-07-03T17:00:35.908535+00:00,2026-07-03T17:00:35.908367,2,2,115.4,0.4,115.2,150,115.1,50,,,,,,,,,,,,,,,,,115.6,54,115.7,150,,,,,,,,,,,,,,,,
2026-07-03T17:00:35.913712+00:00,2026-07-03T17:00:35.913591,2,3,115.4,0.4,115.2,150,115.1,50,,,,,,,,,,,,,,,,,115.6,54,115.7,150,116.0,200,,,,,,,,,,,,,,
2026-07-03T17:00:36.115554+00:00,2026-07-03T17:00:36.115500,2,2,115.4,0.4,115.2,150,115.1,50,,,,,,,,,,,,,,,,,115.6,54,115.7,150,,,,,,,,,,,,,,,,
2026-07-03T17:00:36.120767+00:00,2026-07-03T17:00:36.120702,2,3,115.4,0.4,115.2,150,115.1,50,,,,,,,,,,,,,,,,,115.6,54,115.7,150,116.0,200,,,,,,,,,,,,,,
2026-07-03T17:00:36.324680+00:00,2026-07-03T17:00:36.324578,2,3,115.4,0.4,115.2,150,115.1,50,,,,,,,,,,,,,,,,,115.6,54,115.7,150,116.0,200,,,,,,,,,,,,,,
2026-07-03T17:00:36.458547+00:00,2026-07-03T17:00:36.454151,2,3,115.4,0.4,115.2,150,115.1,50,,,,,,,,,,,,,,,,,115.6,4,115.7,150,116.0,200,,,,,,,,,,,,,,
2026-07-03T17:00:36.541219+00:00,2026-07-03T17:00:36.541124,2,3,115.4,0.4,115.2,150,115.1,50,,,,,,,,,,,,,,,,,115.6,4,115.7,150,116.0,200,,,,,,,,,,,,,,
2026-07-03T17:00:36.747319+00:00,2026-07-03T17:00:36.747284,2,3,115.4,0.4,115.2,150,115.1,50,,,,,,,,,,,,,,,,,115.6,4,115.7,150,116.0,200,,,,,,,,,,,,,,
2026-07-03T17:00:36.942674+00:00,2026-07-03T17:00:36.942902,2,3,115.4,0.4,115.2,150,115.1,50,,,,,,,,,,,,,,,,,115.6,4,115.7,150,116.0,200,,,,,,,,,,,,,,
2026-07-03T17:00:37.149894+00:00,2026-07-03T17:00:37.149807,2,3,115.4,0.4,115.2,150,115.1,50,,,,,,,,,,,,,,,,,115.6,4,115.7,150,116.0,200,,,,,,,,,,,,,,
2026-07-03T17:00:37.366018+00:00,2026-07-03T17:00:37.365893,2,3,115.4,0.4,115.2,150,115.1,50,,,,,,,,,,,,,,,,,115.6,4,115.7,150,116.0,200,,,,,,,,,,,,,,
2026-07-03T17:00:37.458608+00:00,2026-07-03T17:00:37.451755,1,2,115.45,0.5,115.2,150,,,,,,,,,,,,,,,,,,,115.7,150,116.0,200,,,,,,,,,,,,,,,,
2026-07-03T17:00:37.514825+00:00,2026-07-03T17:00:37.514693,2,2,115.5,0.4,115.3,100,115.2,150,,,,,,,,,,,,,,,,,115.7,150,116.0,200,,,,,,,,,,,,,,,,
2026-07-03T17:00:37.556181+00:00,2026-07-03T17:00:37.557174,2,2,115.5,0.4,115.3,100,115.2,150,,,,,,,,,,,,,,,,,115.7,150,115.8,100,,,,,,,,,,,,,,,,
2026-07-03T17:00:37.579210+00:00,2026-07-03T17:00:37.579130,2,3,115.5,0.4,115.3,100,115.2,150,,,,,,,,,,,,,,,,,115.7,150,115.8,100,116.0,200,,,,,,,,,,,,,,
2026-07-03T17:00:37.771809+00:00,2026-07-03T17:00:37.772013,2,3,115.5,0.4,115.3,100,115.2,150,,,,,,,,,,,,,,,,,115.7,150,115.8,100,116.0,200,,,,,,,,,,,,,,
2026-07-03T17:00:37.978535+00:00,2026-07-03T17:00:37.978825,2,3,115.5,0.4,115.3,100,115.2,150,,,,,,,,,,,,,,,,,115.7,150,115.8,100,116.0,200,,,,,,,,,,,,,,
2026-07-03T17:00:38.184980+00:00,2026-07-03T17:00:38.185209,2,3,115.5,0.4,115.3,100,115.2,150,,,,,,,,,,,,,,,,,115.7,150,115.8,100,116.0,200,,,,,,,,,,,,,,
2026-07-03T17:00:38.390151+00:00,2026-07-03T17:00:38.389788,2,3,115.5,0.4,115.3,100,115.2,150,,,,,,,,,,,,,,,,,115.7,150,115.8,100,116.0,200,,,,,,,,,,,,,,
2026-07-03T17:00:38.558730+00:00,2026-07-03T17:00:38.557673,2,3,115.5,0.4,115.3,100,115.2,150,,,,,,,,,,,,,,,,,115.7,100,115.8,100,116.0,200,,,,,,,,,,,,,,
2026-07-03T17:00:38.607584+00:00,2026-07-03T17:00:38.607843,2,3,115.5,0.4,115.3,100,115.2,150,,,,,,,,,,,,,,,,,115.7,100,115.8,100,116.0,200,,,,,,,,,,,,,,
2026-07-03T17:00:38.736838+00:00,2026-07-03T17:00:38.736818,1,2,115.55,0.5,115.3,100,,,,,,,,,,,,,,,,,,,115.8,100,116.0,200,,,,,,,,,,,,,,,,
2026-07-03T17:00:38.796282+00:00,2026-07-03T17:00:38.796160,2,1,115.6,0.4,115.4,150,115.3,100,,,,,,,,,,,,,,,,,115.8,100,,,,,,,,,,,,,,,,,,
2026-07-03T17:00:38.801544+00:00,2026-07-03T17:00:38.801443,2,2,115.6,0.4,115.4,150,115.3,100,,,,,,,,,,,,,,,,,115.8,100,116.0,200,,,,,,,,,,,,,,,,
2026-07-03T17:00:38.864448+00:00,2026-07-03T17:00:38.864305,2,3,115.6,0.4,115.4,150,115.3,100,,,,,,,,,,,,,,,,,115.8,100,115.9,150,116.0,200,,,,,,,,,,,,,,
2026-07-03T17:00:39.048496+00:00,2026-07-03T17:00:39.058700,2,2,115.6,0.4,115.4,150,115.3,100,,,,,,,,,,,,,,,,,115.8,100,115.9,150,,,,,,,,,,,,,,,,
2026-07-03T17:00:39.064271+00:00,2026-07-03T17:00:39.064082,2,3,115.6,0.4,115.4,150,115.3,100,,,,,,,,,,,,,,,,,115.8,100,115.9,150,116.0,200,,,,,,,,,,,,,,
2026-07-03T17:00:39.258554+00:00,2026-07-03T17:00:39.253869,2,3,115.6,0.4,115.4,150,115.3,100,,,,,,,,,,,,,,,,,115.8,100,115.9,150,116.0,200,,,,,,,,,,,,,,
2026-07-03T17:00:39.458576+00:00,2026-07-03T17:00:39.457633,2,3,115.6,0.4,115.4,150,115.3,100,,,,,,,,,,,,,,,,,115.8,100,115.9,150,116.2,200,,,,,,,,,,,,,,
2026-07-03T17:00:39.681069+00:00,2026-07-03T17:00:39.680669,2,3,115.6,0.4,115.4,150,115.3,100,,,,,,,,,,,,,,,,,115.8,100,115.9,150,116.0,175,,,,,,,,,,,,,,
2026-07-03T17:00:39.879589+00:00,2026-07-03T17:00:39.879520,2,3,115.6,0.4,115.4,150,115.3,100,,,,,,,,,,,,,,,,,115.8,100,115.9,150,116.0,175,,,,,,,,,,,,,,
2026-07-03T17:00:40.100136+00:00,2026-07-03T17:00:40.100321,2,3,115.6,0.4,115.4,150,115.3,100,,,,,,,,,,,,,,,,,115.8,100,115.9,150,116.0,175,,,,,,,,,,,,,,
2026-07-03T17:00:40.287350+00:00,2026-07-03T17:00:40.287244,2,3,115.6,0.4,115.4,150,115.3,100,,,,,,,,,,,,,,,,,115.8,100,115.9,150,116.0,200,,,,,,,,,,,,,,
2026-07-03T17:00:40.497556+00:00,2026-07-03T17:00:40.497513,2,3,115.6,0.4,115.4,150,115.3,100,,,,,,,,,,,,,,,,,115.8,100,115.9,150,116.0,200,,,,,,,,,,,,,,
2026-07-03T17:00:40.632613+00:00,2026-07-03T17:00:40.632553,1,2,115.65,0.5,115.4,150,,,,,,,,,,,,,,,,,,,115.9,150,116.0,200,,,,,,,,,,,,,,,,
2026-07-03T17:00:40.671906+00:00,2026-07-03T17:00:40.671869,2,2,115.65,0.5,115.4,150,115.2,100,,,,,,,,,,,,,,,,,115.9,150,116.0,200,,,,,,,,,,,,,,,,
2026-07-03T17:00:40.719251+00:00,2026-07-03T17:00:40.719135,2,1,115.65,0.5,115.4,150,115.2,100,,,,,,,,,,,,,,,,,115.9,350,,,,,,,,,,,,,,,,,,
2026-07-03T17:00:40.724218+00:00,2026-07-03T17:00:40.724403,2,2,115.55,0.3,115.4,150,115.2,100,,,,,,,,,,,,,,,,,115.7,100,115.9,350,,,,,,,,,,,,,,,,
2026-07-03T17:00:40.909377+00:00,2026-07-03T17:00:40.909260,2,2,115.55,0.3,115.4,150,115.2,100,,,,,,,,,,,,,,,,,115.7,100,115.9,350,,,,,,,,,,,,,,,,
2026-07-03T17:00:40.977912+00:00,2026-07-03T17:00:40.978278,2,2,115.55,0.3,115.4,107,115.2,100,,,,,,,,,,,,,,,,,115.7,100,115.9,350,,,,,,,,,,,,,,,,
2026-07-03T17:00:41.114812+00:00,2026-07-03T17:00:41.114625,2,2,115.55,0.3,115.4,107,115.2,100,,,,,,,,,,,,,,,,,115.7,100,115.9,350,,,,,,,,,,,,,,,,
2026-07-03T17:00:41.338116+00:00,2026-07-03T17:00:41.338076,2,2,115.55,0.3,115.4,107,115.2,100,,,,,,,,,,,,,,,,,115.7,100,115.9,350,,,,,,,,,,,,,,,,
2026-07-03T17:00:41.542050+00:00,2026-07-03T17:00:41.541940,2,2,115.55,0.3,115.4,107,115.2,100,,,,,,,,,,,,,,,,,115.7,100,115.9,350,,,,,,,,,,,,,,,,
2026-07-03T17:00:41.624301+00:00,2026-07-03T17:00:41.624482,2,2,115.55,0.3,115.4,107,115.2,100,,,,,,,,,,,,,,,,,115.7,53,115.9,350,,,,,,,,,,,,,,,,
2026-07-03T17:00:41.733141+00:00,2026-07-03T17:00:41.733020,2,2,115.55,0.3,115.4,107,115.2,100,,,,,,,,,,,,,,,,,115.7,53,115.9,350,,,,,,,,,,,,,,,,
2026-07-03T17:00:41.904357+00:00,2026-07-03T17:00:41.904246,1,2,115.45,0.5,115.2,100,,,,,,,,,,,,,,,,,,,115.7,53,115.9,200,,,,,,,,,,,,,,,,
2026-07-03T17:00:41.958645+00:00,2026-07-03T17:00:41.956077,1,2,115.45,0.5,115.2,250,,,,,,,,,,,,,,,,,,,115.7,53,116.0,200,,,,,,,,,,,,,,,,
2026-07-03T17:00:42.007481+00:00,2026-07-03T17:00:42.007400,1,2,115.45,0.5,115.2,250,,,,,,,,,,,,,,,,,,,115.7,203,116.0,200,,,,,,,,,,,,,,,,
2026-07-03T17:00:42.141955+00:00,2026-07-03T17:00:42.141862,1,1,115.45,0.5,115.2,250,,,,,,,,,,,,,,,,,,,115.7,203,,,,,,,,,,,,,,,,,,
2026-07-03T17:00:42.147152+00:00,2026-07-03T17:00:42.147069,1,2,115.45,0.5,115.2,250,,,,,,,,,,,,,,,,,,,115.7,203,115.9,200,,,,,,,,,,,,,,,,
2026-07-03T17:00:42.358641+00:00,2026-07-03T17:00:42.352810,1,2,115.45,0.5,115.2,250,,,,,,,,,,,,,,,,,,,115.7,203,115.9,200,,,,,,,,,,,,,,,,
2026-07-03T17:00:42.558566+00:00,2026-07-03T17:00:42.554083,1,2,115.45,0.5,115.2,250,,,,,,,,,,,,,,,,,,,115.7,203,115.9,200,,,,,,,,,,,,,,,,
2026-07-03T17:00:42.763944+00:00,2026-07-03T17:00:42.763916,1,2,115.45,0.5,115.2,250,,,,,,,,,,,,,,,,,,,115.7,203,115.9,200,,,,,,,,,,,,,,,,
2026-07-03T17:00:42.770784+00:00,2026-07-03T17:00:42.770482,1,2,115.45,0.5,115.2,250,,,,,,,,,,,,,,,,,,,115.7,153,115.9,200,,,,,,,,,,,,,,,,
2026-07-03T17:00:42.970914+00:00,2026-07-03T17:00:42.971107,1,2,115.45,0.5,115.2,250,,,,,,,,,,,,,,,,,,,115.7,153,115.9,200,,,,,,,,,,,,,,,,
2026-07-03T17:00:43.188364+00:00,2026-07-03T17:00:43.188323,1,2,115.45,0.5,115.2,250,,,,,,,,,,,,,,,,,,,115.7,153,115.9,200,,,,,,,,,,,,,,,,
2026-07-03T17:00:43.383127+00:00,2026-07-03T17:00:43.382914,1,2,115.45,0.5,115.2,250,,,,,,,,,,,,,,,,,,,115.7,153,116.0,200,,,,,,,,,,,,,,,,
2026-07-03T17:00:43.528223+00:00,2026-07-03T17:00:43.527917,1,2,115.45,0.5,115.2,201,,,,,,,,,,,,,,,,,,,115.7,153,116.0,200,,,,,,,,,,,,,,,,
2026-07-03T17:00:43.584080+00:00,2026-07-03T17:00:43.583881,1,1,115.45,0.5,115.2,201,,,,,,,,,,,,,,,,,,,115.7,153,,,,,,,,,,,,,,,,,,
2026-07-03T17:00:43.589281+00:00,2026-07-03T17:00:43.589200,1,2,115.45,0.5,115.2,201,,,,,,,,,,,,,,,,,,,115.7,153,116.0,200,,,,,,,,,,,,,,,,
2026-07-03T17:00:43.789386+00:00,2026-07-03T17:00:43.789578,1,2,115.45,0.5,115.2,201,,,,,,,,,,,,,,,,,,,115.7,150,116.0,200,,,,,,,,,,,,,,,,
2026-07-03T17:00:43.795023+00:00,2026-07-03T17:00:43.794845,1,1,115.45,0.5,115.2,150,,,,,,,,,,,,,,,,,,,115.7,150,,,,,,,,,,,,,,,,,,
2026-07-03T17:00:43.800163+00:00,2026-07-03T17:00:43.800131,1,2,115.45,0.5,115.2,150,,,,,,,,,,,,,,,,,,,115.7,150,116.0,200,,,,,,,,,,,,,,,,
2026-07-03T17:00:43.841687+00:00,2026-07-03T17:00:43.841280,2,2,115.55,0.3,115.4,100,115.2,150,,,,,,,,,,,,,,,,,115.7,150,116.0,200,,,,,,,,,,,,,,,,
2026-07-03T17:00:43.884263+00:00,2026-07-03T17:00:43.884613,2,3,115.55,0.3,115.4,100,115.2,150,,,,,,,,,,,,,,,,,115.7,150,115.9,100,116.0,200,,,,,,,,,,,,,,
2026-07-03T17:00:44.006379+00:00,2026-07-03T17:00:44.006132,2,3,115.55,0.3,115.4,100,115.2,150,,,,,,,,,,,,,,,,,115.7,150,115.9,100,116.0,200,,,,,,,,,,,,,,
2026-07-03T17:00:44.212709+00:00,2026-07-03T17:00:44.212528,2,3,115.55,0.3,115.4,100,115.2,150,,,,,,,,,,,,,,,,,115.7,150,115.9,100,116.0,200,,,,,,,,,,,,,,
2026-07-03T17:00:44.419770+00:00,2026-07-03T17:00:44.419682,2,3,115.55,0.3,115.4,100,115.2,150,,,,,,,,,,,,,,,,,115.7,150,115.9,100,116.0,200,,,,,,,,,,,,,,
2026-07-03T17:00:44.627196+00:00,2026-07-03T17:00:44.627164,2,3,115.55,0.3,115.4,100,115.2,150,,,,,,,,,,,,,,,,,115.7,150,115.9,100,116.0,200,,,,,,,,,,,,,,
2026-07-03T17:00:44.846775+00:00,2026-07-03T17:00:44.847006,2,3,115.55,0.3,115.4,100,115.2,150,,,,,,,,,,,,,,,,,115.7,150,115.9,100,116.0,200,,,,,,,,,,,,,,
2026-07-03T17:00:44.895465+00:00,2026-07-03T17:00:44.895350,2,3,115.55,0.3,115.4,100,115.2,150,,,,,,,,,,,,,,,,,115.7,100,115.9,100,116.0,200,,,,,,,,,,,,,,
2026-07-03T17:00:45.040128+00:00,2026-07-03T17:00:45.040433,2,3,115.55,0.3,115.4,100,115.2,150,,,,,,,,,,,,,,,,,115.7,100,115.9,100,116.0,200,,,,,,,,,,,,,,
2026-07-03T17:00:45.093315+00:00,2026-07-03T17:00:45.093133,1,2,115.65,0.5,115.4,100,,,,,,,,,,,,,,,,,,,115.9,100,116.0,200,,,,,,,,,,,,,,,,
2026-07-03T17:00:45.137678+00:00,2026-07-03T17:00:45.137315,2,2,115.7,0.4,115.5,150,115.4,100,,,,,,,,,,,,,,,,,115.9,100,116.0,200,,,,,,,,,,,,,,,,
2026-07-03T17:00:45.184238+00:00,2026-07-03T17:00:45.183995,2,2,115.7,0.4,115.5,150,115.4,100,,,,,,,,,,,,,,,,,115.9,100,116.0,350,,,,,,,,,,,,,,,,
2026-07-03T17:00:45.263946+00:00,2026-07-03T17:00:45.263871,2,2,115.7,0.4,115.5,150,115.4,100,,,,,,,,,,,,,,,,,115.9,100,116.0,350,,,,,,,,,,,,,,,,
2026-07-03T17:00:45.458607+00:00,2026-07-03T17:00:45.453775,2,2,115.7,0.4,115.5,150,115.4,100,,,,,,,,,,,,,,,,,115.9,100,116.0,350,,,,,,,,,,,,,,,,
2026-07-03T17:00:45.680603+00:00,2026-07-03T17:00:45.680455,2,2,115.7,0.4,115.5,150,115.4,100,,,,,,,,,,,,,,,,,115.9,100,116.0,150,,,,,,,,,,,,,,,,
2026-07-03T17:00:45.685723+00:00,2026-07-03T17:00:45.685696,2,2,115.7,0.4,115.5,150,115.4,100,,,,,,,,,,,,,,,,,115.9,100,116.0,350,,,,,,,,,,,,,,,,
2026-07-03T17:00:45.905969+00:00,2026-07-03T17:00:45.905919,2,2,115.7,0.4,115.5,150,115.4,100,,,,,,,,,,,,,,,,,115.9,100,116.0,350,,,,,,,,,,,,,,,,
2026-07-03T17:00:46.126685+00:00,2026-07-03T17:00:46.126432,2,2,115.7,0.4,115.5,150,115.4,100,,,,,,,,,,,,,,,,,115.9,100,116.0,350,,,,,,,,,,,,,,,,
2026-07-03T17:00:46.298674+00:00,2026-07-03T17:00:46.298261,2,2,115.7,0.4,115.5,150,115.4,100,,,,,,,,,,,,,,,,,115.9,100,116.0,350,,,,,,,,,,,,,,,,
2026-07-03T17:00:46.520926+00:00,2026-07-03T17:00:46.520851,2,2,115.7,0.4,115.5,150,115.4,100,,,,,,,,,,,,,,,,,115.9,100,116.0,150,,,,,,,,,,,,,,,,
2026-07-03T17:00:46.526209+00:00,2026-07-03T17:00:46.526085,2,2,115.7,0.4,115.5,150,115.4,100,,,,,,,,,,,,,,,,,115.9,100,116.0,350,,,,,,,,,,,,,,,,
2026-07-03T17:00:46.715104+00:00,2026-07-03T17:00:46.714782,2,2,115.7,0.4,115.5,150,115.4,100,,,,,,,,,,,,,,,,,115.9,100,116.0,350,,,,,,,,,,,,,,,,
2026-07-03T17:00:46.958804+00:00,2026-07-03T17:00:46.946609,1,1,115.75,0.5,115.5,150,,,,,,,,,,,,,,,,,,,116.0,150,,,,,,,,,,,,,,,,,,
2026-07-03T17:00:46.974349+00:00,2026-07-03T17:00:46.974089,1,1,115.75,0.5,115.5,150,,,,,,,,,,,,,,,,,,,116.0,350,,,,,,,,,,,,,,,,,,
2026-07-03T17:00:47.017383+00:00,2026-07-03T17:00:47.017232,1,1,115.75,0.5,115.5,250,,,,,,,,,,,,,,,,,,,116.0,350,,,,,,,,,,,,,,,,,,
2026-07-03T17:00:47.059069+00:00,2026-07-03T17:00:47.058997,1,1,115.75,0.5,115.5,200,,,,,,,,,,,,,,,,,,,116.0,450,,,,,,,,,,,,,,,,,,
2026-07-03T17:00:47.158596+00:00,2026-07-03T17:00:47.155529,1,2,115.75,0.5,115.5,200,,,,,,,,,,,,,,,,,,,116.0,250,116.1,200,,,,,,,,,,,,,,,,
2026-07-03T17:00:47.358637+00:00,2026-07-03T17:00:47.358207,1,2,115.75,0.5,115.5,200,,,,,,,,,,,,,,,,,,,116.0,250,116.1,200,,,,,,,,,,,,,,,,
2026-07-03T17:00:47.581502+00:00,2026-07-03T17:00:47.581419,1,2,115.75,0.5,115.5,200,,,,,,,,,,,,,,,,,,,116.0,250,116.1,200,,,,,,,,,,,,,,,,
2026-07-03T17:00:47.792948+00:00,2026-07-03T17:00:47.792858,1,2,115.75,0.5,115.5,200,,,,,,,,,,,,,,,,,,,116.0,250,116.1,200,,,,,,,,,,,,,,,,
2026-07-03T17:00:47.985560+00:00,2026-07-03T17:00:47.985790,1,2,115.75,0.5,115.5,200,,,,,,,,,,,,,,,,,,,116.0,250,116.1,200,,,,,,,,,,,,,,,,
2026-07-03T17:00:48.201670+00:00,2026-07-03T17:00:48.201846,1,2,115.75,0.5,115.5,200,,,,,,,,,,,,,,,,,,,116.0,250,116.2,200,,,,,,,,,,,,,,,,
2026-07-03T17:00:48.229787+00:00,2026-07-03T17:00:48.229745,1,2,115.75,0.5,115.5,200,,,,,,,,,,,,,,,,,,,116.0,206,116.2,200,,,,,,,,,,,,,,,,
2026-07-03T17:00:48.241410+00:00,2026-07-03T17:00:48.241562,1,2,115.75,0.5,115.5,100,,,,,,,,,,,,,,,,,,,116.0,100,116.2,200,,,,,,,,,,,,,,,,
2026-07-03T17:00:48.305610+00:00,2026-07-03T17:00:48.305760,2,2,115.8,0.4,115.6,150,115.5,100,,,,,,,,,,,,,,,,,116.0,100,116.2,200,,,,,,,,,,,,,,,,
2026-07-03T17:00:48.358738+00:00,2026-07-03T17:00:48.353156,2,3,115.8,0.4,115.6,150,115.5,100,,,,,,,,,,,,,,,,,116.0,100,116.1,150,116.2,200,,,,,,,,,,,,,,
2026-07-03T17:00:48.390852+00:00,2026-07-03T17:00:48.390651,2,3,115.8,0.4,115.6,150,115.5,100,,,,,,,,,,,,,,,,,116.0,100,116.1,150,116.2,200,,,,,,,,,,,,,,
2026-07-03T17:00:48.469834+00:00,2026-07-03T17:00:48.462625,2,3,115.8,0.4,115.6,147,115.5,100,,,,,,,,,,,,,,,,,116.0,100,116.1,150,116.2,200,,,,,,,,,,,,,,
2026-07-03T17:00:48.603298+00:00,2026-07-03T17:00:48.603242,2,2,115.8,0.4,115.6,147,115.5,100,,,,,,,,,,,,,,,,,116.0,300,116.1,150,,,,,,,,,,,,,,,,
2026-07-03T17:00:48.805133+00:00,2026-07-03T17:00:48.804840,2,2,115.8,0.4,115.6,147,115.5,100,,,,,,,,,,,,,,,,,116.0,300,116.1,150,,,,,,,,,,,,,,,,
2026-07-03T17:00:49.008969+00:00,2026-07-03T17:00:49.008727,2,2,115.8,0.4,115.6,147,115.5,100,,,,,,,,,,,,,,,,,116.0,300,116.1,150,,,,,,,,,,,,,,,,
2026-07-03T17:00:49.158577+00:00,2026-07-03T17:00:49.147774,2,2,115.8,0.4,115.6,97,115.5,100,,,,,,,,,,,,,,,,,116.0,300,116.1,150,,,,,,,,,,,,,,,,
2026-07-03T17:00:49.216461+00:00,2026-07-03T17:00:49.216396,2,2,115.8,0.4,115.6,97,115.5,100,,,,,,,,,,,,,,,,,116.0,100,116.1,150,,,,,,,,,,,,,,,,
2026-07-03T17:00:49.221729+00:00,2026-07-03T17:00:49.221618,2,2,115.8,0.4,115.6,97,115.5,100,,,,,,,,,,,,,,,,,116.0,300,116.1,150,,,,,,,,,,,,,,,,
2026-07-03T17:00:49.448544+00:00,2026-07-03T17:00:49.448474,2,2,115.8,0.4,115.6,97,115.5,100,,,,,,,,,,,,,,,,,116.0,300,116.1,150,,,,,,,,,,,,,,,,
2026-07-03T17:00:49.647637+00:00,2026-07-03T17:00:49.647812,2,2,115.8,0.4,115.6,97,115.5,100,,,,,,,,,,,,,,,,,116.0,300,116.1,150,,,,,,,,,,,,,,,,
2026-07-03T17:00:49.840403+00:00,2026-07-03T17:00:49.840565,2,2,115.8,0.4,115.6,97,115.5,100,,,,,,,,,,,,,,,,,116.0,300,116.1,150,,,,,,,,,,,,,,,,
2026-07-03T17:00:50.059207+00:00,2026-07-03T17:00:50.058974,2,2,115.8,0.4,115.6,97,115.5,100,,,,,,,,,,,,,,,,,116.0,300,116.1,150,,,,,,,,,,,,,,,,
2026-07-03T17:00:50.134623+00:00,2026-07-03T17:00:50.134509,1,2,115.8,0.4,115.6,97,,,,,,,,,,,,,,,,,,,116.0,200,116.1,150,,,,,,,,,,,,,,,,
2026-07-03T17:00:50.172066+00:00,2026-07-03T17:00:50.171967,2,2,115.8,0.4,115.6,97,115.4,100,,,,,,,,,,,,,,,,,116.0,200,116.1,150,,,,,,,,,,,,,,,,
2026-07-03T17:00:50.239223+00:00,2026-07-03T17:00:50.239187,2,3,115.75,0.3,115.6,97,115.4,100,,,,,,,,,,,,,,,,,115.9,100,116.0,200,116.1,150,,,,,,,,,,,,,,
2026-07-03T17:00:50.259182+00:00,2026-07-03T17:00:50.258987,2,3,115.75,0.3,115.6,97,115.4,100,,,,,,,,,,,,,,,,,115.9,100,116.0,200,116.1,150,,,,,,,,,,,,,,
2026-07-03T17:00:50.456364+00:00,2026-07-03T17:00:50.456730,2,3,115.75,0.3,115.6,97,115.4,100,,,,,,,,,,,,,,,,,115.9,100,116.0,200,116.1,150,,,,,,,,,,,,,,
2026-07-03T17:00:50.688673+00:00,2026-07-03T17:00:50.675458,2,3,115.75,0.3,115.6,97,115.4,100,,,,,,,,,,,,,,,,,115.9,100,116.0,200,116.1,150,,,,,,,,,,,,,,
2026-07-03T17:00:50.877764+00:00,2026-07-03T17:00:50.877669,2,3,115.75,0.3,115.6,97,115.4,100,,,,,,,,,,,,,,,,,115.9,100,116.0,200,116.1,150,,,,,,,,,,,,,,
2026-07-03T17:00:51.081584+00:00,2026-07-03T17:00:51.081508,2,2,115.75,0.3,115.6,97,115.4,100,,,,,,,,,,,,,,,,,115.9,100,116.1,150,,,,,,,,,,,,,,,,
2026-07-03T17:00:51.086761+00:00,2026-07-03T17:00:51.086712,2,3,115.75,0.3,115.6,97,115.4,100,,,,,,,,,,,,,,,,,115.9,100,116.0,200,116.1,150,,,,,,,,,,,,,,
2026-07-03T17:00:51.258682+00:00,2026-07-03T17:00:51.254782,2,3,115.75,0.3,115.6,47,115.4,100,,,,,,,,,,,,,,,,,115.9,100,116.0,200,116.1,150,,,,,,,,,,,,,,
2026-07-03T17:00:51.300376+00:00,2026-07-03T17:00:51.300546,2,2,115.75,0.3,115.6,47,115.4,100,,,,,,,,,,,,,,,,,115.9,100,116.1,150,,,,,,,,,,,,,,,,
2026-07-03T17:00:51.305857+00:00,2026-07-03T17:00:51.305787,2,3,115.75,0.3,115.6,47,115.4,100,,,,,,,,,,,,,,,,,115.9,100,116.0,200,116.1,150,,,,,,,,,,,,,,
2026-07-03T17:00:51.401467+00:00,2026-07-03T17:00:51.401431,1,2,115.65,0.5,115.4,100,,,,,,,,,,,,,,,,,,,115.9,100,116.0,200,,,,,,,,,,,,,,,,
2026-07-03T17:00:51.479762+00:00,2026-07-03T17:00:51.479462,2,2,115.65,0.5,115.4,100,115.0,150,,,,,,,,,,,,,,,,,115.9,100,116.0,200,,,,,,,,,,,,,,,,
2026-07-03T17:00:51.490161+00:00,2026-07-03T17:00:51.490055,2,1,115.65,0.5,115.4,100,115.0,150,,,,,,,,,,,,,,,,,115.9,100,,,,,,,,,,,,,,,,,,
2026-07-03T17:00:51.495147+00:00,2026-07-03T17:00:51.495256,2,2,115.65,0.5,115.4,100,115.0,150,,,,,,,,,,,,,,,,,115.9,100,116.0,200,,,,,,,,,,,,,,,,
2026-07-03T17:00:51.510427+00:00,2026-07-03T17:00:51.510579,2,3,115.45,0.1,115.4,100,115.0,150,,,,,,,,,,,,,,,,,115.5,150,115.9,100,116.0,200,,,,,,,,,,,,,,
2026-07-03T17:00:51.701412+00:00,2026-07-03T17:00:51.700945,2,3,115.45,0.1,115.4,100,115.0,150,,,,,,,,,,,,,,,,,115.5,150,115.9,100,116.0,200,,,,,,,,,,,,,,
2026-07-03T17:00:51.918269+00:00,2026-07-03T17:00:51.918172,2,2,115.45,0.1,115.4,100,115.0,150,,,,,,,,,,,,,,,,,115.5,150,115.9,100,,,,,,,,,,,,,,,,
2026-07-03T17:00:51.923518+00:00,2026-07-03T17:00:51.923439,2,3,115.45,0.1,115.4,100,115.0,150,,,,,,,,,,,,,,,,,115.5,150,115.9,100,116.0,200,,,,,,,,,,,,,,
2026-07-03T17:00:52.127994+00:00,2026-07-03T17:00:52.127886,2,3,115.45,0.1,115.4,100,115.0,150,,,,,,,,,,,,,,,,,115.5,150,115.9,100,116.0,200,,,,,,,,,,,,,,
2026-07-03T17:00:52.342733+00:00,2026-07-03T17:00:52.342921,2,2,115.45,0.1,115.4,100,115.0,150,,,,,,,,,,,,,,,,,115.5,150,115.9,100,,,,,,,,,,,,,,,,
2026-07-03T17:00:52.358595+00:00,2026-07-03T17:00:52.348197,2,3,115.45,0.1,115.4,100,115.0,150,,,,,,,,,,,,,,,,,115.5,150,115.9,100,116.0,200,,,,,,,,,,,,,,
2026-07-03T17:00:52.558608+00:00,2026-07-03T17:00:52.553158,2,3,115.45,0.1,115.4,100,115.0,150,,,,,,,,,,,,,,,,,115.5,150,115.9,100,116.1,200,,,,,,,,,,,,,,
2026-07-03T17:00:52.658582+00:00,2026-07-03T17:00:52.655440,2,3,115.45,0.1,115.4,100,115.0,150,,,,,,,,,,,,,,,,,115.5,110,115.9,100,116.1,200,,,,,,,,,,,,,,
2026-07-03T17:00:52.758580+00:00,2026-07-03T17:00:52.757870,2,3,115.45,0.1,115.4,100,115.0,150,,,,,,,,,,,,,,,,,115.5,110,115.9,100,116.1,200,,,,,,,,,,,,,,
2026-07-03T17:00:52.997178+00:00,2026-07-03T17:00:52.996924,2,3,115.45,0.1,115.4,100,115.0,150,,,,,,,,,,,,,,,,,115.5,110,115.9,100,116.1,200,,,,,,,,,,,,,,
2026-07-03T17:00:53.207152+00:00,2026-07-03T17:00:53.207331,2,3,115.45,0.1,115.4,100,115.0,150,,,,,,,,,,,,,,,,,115.5,110,115.9,100,116.1,200,,,,,,,,,,,,,,
2026-07-03T17:00:53.284739+00:00,2026-07-03T17:00:53.284090,1,2,115.25,0.5,115.0,150,,,,,,,,,,,,,,,,,,,115.5,110,116.1,200,,,,,,,,,,,,,,,,
2026-07-03T17:00:53.358626+00:00,2026-07-03T17:00:53.347425,1,2,115.25,0.5,115.0,150,,,,,,,,,,,,,,,,,,,115.5,10,116.1,200,,,,,,,,,,,,,,,,
2026-07-03T17:00:53.391630+00:00,2026-07-03T17:00:53.392148,1,3,115.25,0.5,115.0,150,,,,,,,,,,,,,,,,,,,115.5,10,116.0,100,116.1,200,,,,,,,,,,,,,,
2026-07-03T17:00:53.612045+00:00,2026-07-03T17:00:53.611946,1,3,115.25,0.5,115.0,150,,,,,,,,,,,,,,,,,,,115.5,10,116.0,100,116.1,200,,,,,,,,,,,,,,
2026-07-03T17:00:53.810026+00:00,2026-07-03T17:00:53.809939,1,2,115.25,0.5,115.0,150,,,,,,,,,,,,,,,,,,,115.5,10,116.0,300,,,,,,,,,,,,,,,,
2026-07-03T17:00:54.018049+00:00,2026-07-03T17:00:54.017954,1,2,115.25,0.5,115.0,150,,,,,,,,,,,,,,,,,,,115.5,10,116.0,300,,,,,,,,,,,,,,,,
2026-07-03T17:00:54.239397+00:00,2026-07-03T17:00:54.239303,1,2,115.25,0.5,115.0,150,,,,,,,,,,,,,,,,,,,115.5,10,116.0,300,,,,,,,,,,,,,,,,
2026-07-03T17:00:54.439430+00:00,2026-07-03T17:00:54.439371,1,2,115.25,0.5,115.0,150,,,,,,,,,,,,,,,,,,,115.5,10,116.0,300,,,,,,,,,,,,,,,,
2026-07-03T17:00:54.574586+00:00,2026-07-03T17:00:54.574496,0,1,,,,,,,,,,,,,,,,,,,,,,,116.0,300,,,,,,,,,,,,,,,,,,
2026-07-03T17:00:54.626326+00:00,2026-07-03T17:00:54.626287,1,1,115.8,0.4,115.6,150,,,,,,,,,,,,,,,,,,,116.0,100,,,,,,,,,,,,,,,,,,
2026-07-03T17:00:54.647504+00:00,2026-07-03T17:00:54.647654,1,1,115.8,0.4,115.6,150,,,,,,,,,,,,,,,,,,,116.0,300,,,,,,,,,,,,,,,,,,
2026-07-03T17:00:54.664100+00:00,2026-07-03T17:00:54.663915,1,2,115.8,0.4,115.6,150,,,,,,,,,,,,,,,,,,,116.0,300,116.1,150,,,,,,,,,,,,,,,,
2026-07-03T17:00:54.858655+00:00,2026-07-03T17:00:54.846008,1,2,115.8,0.4,115.6,150,,,,,,,,,,,,,,,,,,,116.0,300,116.1,150,,,,,,,,,,,,,,,,
2026-07-03T17:00:55.048793+00:00,2026-07-03T17:00:55.048747,1,2,115.8,0.4,115.6,150,,,,,,,,,,,,,,,,,,,116.0,100,116.1,350,,,,,,,,,,,,,,,,
2026-07-03T17:00:55.258671+00:00,2026-07-03T17:00:55.248283,1,2,115.8,0.4,115.6,150,,,,,,,,,,,,,,,,,,,116.0,100,116.1,350,,,,,,,,,,,,,,,,
2026-07-03T17:00:55.441366+00:00,2026-07-03T17:00:55.454739,1,2,115.8,0.4,115.6,150,,,,,,,,,,,,,,,,,,,116.0,300,116.1,150,,,,,,,,,,,,,,,,
2026-07-03T17:00:55.667994+00:00,2026-07-03T17:00:55.668220,1,2,115.8,0.4,115.6,150,,,,,,,,,,,,,,,,,,,116.0,300,116.1,150,,,,,,,,,,,,,,,,
2026-07-03T17:00:55.890702+00:00,2026-07-03T17:00:55.890586,1,2,115.8,0.4,115.6,150,,,,,,,,,,,,,,,,,,,116.0,100,116.1,150,,,,,,,,,,,,,,,,
2026-07-03T17:00:55.895885+00:00,2026-07-03T17:00:55.895798,1,2,115.8,0.4,115.6,150,,,,,,,,,,,,,,,,,,,116.0,300,116.1,150,,,,,,,,,,,,,,,,
2026-07-03T17:00:56.080226+00:00,2026-07-03T17:00:56.080139,1,2,115.8,0.4,115.6,150,,,,,,,,,,,,,,,,,,,116.0,300,116.1,150,,,,,,,,,,,,,,,,
2026-07-03T17:00:56.300144+00:00,2026-07-03T17:00:56.300071,1,2,115.8,0.4,115.6,150,,,,,,,,,,,,,,,,,,,116.0,300,116.1,150,,,,,,,,,,,,,,,,
2026-07-03T17:00:56.458592+00:00,2026-07-03T17:00:56.456095,1,2,115.8,0.4,115.6,150,,,,,,,,,,,,,,,,,,,116.0,200,116.1,150,,,,,,,,,,,,,,,,
2026-07-03T17:00:56.487661+00:00,2026-07-03T17:00:56.487593,1,2,115.8,0.4,115.6,150,,,,,,,,,,,,,,,,,,,116.0,200,116.1,150,,,,,,,,,,,,,,,,
2026-07-03T17:00:56.513701+00:00,2026-07-03T17:00:56.513555,2,2,115.8,0.4,115.6,150,115.2,100,,,,,,,,,,,,,,,,,116.0,200,116.1,150,,,,,,,,,,,,,,,,
2026-07-03T17:00:56.564072+00:00,2026-07-03T17:00:56.563911,2,3,115.65,0.1,115.6,150,115.2,100,,,,,,,,,,,,,,,,,115.7,100,116.0,200,116.1,150,,,,,,,,,,,,,,
2026-07-03T17:00:56.703577+00:00,2026-07-03T17:00:56.703374,2,2,115.65,0.1,115.6,150,115.2,100,,,,,,,,,,,,,,,,,115.7,100,116.1,350,,,,,,,,,,,,,,,,
2026-07-03T17:00:56.914568+00:00,2026-07-03T17:00:56.914206,2,2,115.65,0.1,115.6,150,115.2,100,,,,,,,,,,,,,,,,,115.7,100,116.1,350,,,,,,,,,,,,,,,,
2026-07-03T17:00:57.122615+00:00,2026-07-03T17:00:57.122513,2,2,115.65,0.1,115.6,150,115.2,100,,,,,,,,,,,,,,,,,115.7,100,116.1,350,,,,,,,,,,,,,,,,
2026-07-03T17:00:57.313988+00:00,2026-07-03T17:00:57.313931,2,2,115.65,0.1,115.6,150,115.2,100,,,,,,,,,,,,,,,,,115.7,100,116.1,150,,,,,,,,,,,,,,,,
2026-07-03T17:00:57.319221+00:00,2026-07-03T17:00:57.319120,2,2,115.65,0.1,115.6,150,115.2,100,,,,,,,,,,,,,,,,,115.7,100,116.1,350,,,,,,,,,,,,,,,,
2026-07-03T17:00:57.510763+00:00,2026-07-03T17:00:57.510607,2,2,115.65,0.1,115.6,150,115.2,100,,,,,,,,,,,,,,,,,115.7,50,116.1,350,,,,,,,,,,,,,,,,
2026-07-03T17:00:57.523966+00:00,2026-07-03T17:00:57.523844,2,2,115.65,0.1,115.6,150,115.2,100,,,,,,,,,,,,,,,,,115.7,50,116.1,350,,,,,,,,,,,,,,,,
2026-07-03T17:00:57.722017+00:00,2026-07-03T17:00:57.722467,1,1,115.45,0.5,115.2,100,,,,,,,,,,,,,,,,,,,115.7,50,,,,,,,,,,,,,,,,,,
2026-07-03T17:00:57.733307+00:00,2026-07-03T17:00:57.733488,1,2,115.45,0.5,115.2,100,,,,,,,,,,,,,,,,,,,115.7,50,116.0,200,,,,,,,,,,,,,,,,
2026-07-03T17:00:57.801242+00:00,2026-07-03T17:00:57.801092,2,2,115.65,0.1,115.6,150,115.2,100,,,,,,,,,,,,,,,,,115.7,50,116.0,200,,,,,,,,,,,,,,,,
2026-07-03T17:00:57.858594+00:00,2026-07-03T17:00:57.848064,2,3,115.65,0.1,115.6,150,115.2,100,,,,,,,,,,,,,,,,,115.7,50,116.0,200,116.1,150,,,,,,,,,,,,,,
2026-07-03T17:00:57.951737+00:00,2026-07-03T17:00:57.951634,2,3,115.65,0.1,115.6,150,115.2,100,,,,,,,,,,,,,,,,,115.7,50,115.9,200,116.1,150,,,,,,,,,,,,,,
2026-07-03T17:00:58.142863+00:00,2026-07-03T17:00:58.142762,2,3,115.65,0.1,115.6,150,115.2,100,,,,,,,,,,,,,,,,,115.7,50,115.9,200,116.1,150,,,,,,,,,,,,,,
2026-07-03T17:00:58.349077+00:00,2026-07-03T17:00:58.348887,2,3,115.65,0.1,115.6,150,115.2,100,,,,,,,,,,,,,,,,,115.7,50,115.9,200,116.1,150,,,,,,,,,,,,,,
2026-07-03T17:00:58.558675+00:00,2026-07-03T17:00:58.556464,2,3,115.65,0.1,115.6,150,115.2,100,,,,,,,,,,,,,,,,,115.7,50,115.9,200,116.1,150,,,,,,,,,,,,,,
2026-07-03T17:00:58.765305+00:00,2026-07-03T17:00:58.765763,2,3,115.65,0.1,115.6,150,115.2,100,,,,,,,,,,,,,,,,,115.7,50,115.9,200,116.1,150,,,,,,,,,,,,,,
2026-07-03T17:00:58.946746+00:00,2026-07-03T17:00:58.946637,2,3,115.65,0.1,115.6,105,115.2,100,,,,,,,,,,,,,,,,,115.7,50,115.9,200,116.1,150,,,,,,,,,,,,,,
2026-07-03T17:00:58.982029+00:00,2026-07-03T17:00:58.982190,2,2,115.65,0.1,115.6,105,115.2,100,,,,,,,,,,,,,,,,,115.7,50,116.1,350,,,,,,,,,,,,,,,,
2026-07-03T17:00:59.177580+00:00,2026-07-03T17:00:59.177501,2,2,115.65,0.1,115.6,105,115.2,100,,,,,,,,,,,,,,,,,115.7,50,116.1,350,,,,,,,,,,,,,,,,
2026-07-03T17:00:59.397344+00:00,2026-07-03T17:00:59.397200,2,2,115.65,0.1,115.6,105,115.2,100,,,,,,,,,,,,,,,,,115.7,50,116.1,350,,,,,,,,,,,,,,,,
2026-07-03T17:00:59.616740+00:00,2026-07-03T17:00:59.616658,2,2,115.65,0.1,115.6,105,115.2,100,,,,,,,,,,,,,,,,,115.7,50,116.1,350,,,,,,,,,,,,,,,,
2026-07-03T17:00:59.627763+00:00,2026-07-03T17:00:59.627663,1,1,115.85,0.5,115.6,105,,,,,,,,,,,,,,,,,,,116.1,350,,,,,,,,,,,,,,,,,,
2026-07-03T17:00:59.699997+00:00,2026-07-03T17:00:59.699886,2,1,115.85,0.5,115.6,55,115.4,100,,,,,,,,,,,,,,,,,116.1,350,,,,,,,,,,,,,,,,,,
2026-07-03T17:00:59.743169+00:00,2026-07-03T17:00:59.743031,2,2,115.75,0.3,115.6,55,115.4,100,,,,,,,,,,,,,,,,,115.9,100,116.1,350,,,,,,,,,,,,,,,,
2026-07-03T17:00:59.806833+00:00,2026-07-03T17:00:59.806780,2,2,115.75,0.3,115.6,55,115.4,100,,,,,,,,,,,,,,,,,115.9,100,116.1,350,,,,,,,,,,,,,,,,
2026-07-03T17:01:00.017890+00:00,2026-07-03T17:01:00.017807,2,2,115.75,0.3,115.6,55,115.4,100,,,,,,,,,,,,,,,,,115.9,100,116.1,350,,,,,,,,,,,,,,,,
2026-07-03T17:01:00.227469+00:00,2026-07-03T17:01:00.227361,2,2,115.75,0.3,115.6,55,115.4,100,,,,,,,,,,,,,,,,,115.9,100,116.1,150,,,,,,,,,,,,,,,,
2026-07-03T17:01:00.232687+00:00,2026-07-03T17:01:00.232549,2,2,115.75,0.3,115.6,55,115.4,100,,,,,,,,,,,,,,,,,115.9,100,116.1,350,,,,,,,,,,,,,,,,
2026-07-03T17:01:00.448470+00:00,2026-07-03T17:01:00.448669,2,2,115.75,0.3,115.6,55,115.4,100,,,,,,,,,,,,,,,,,115.9,100,116.1,350,,,,,,,,,,,,,,,,
2026-07-03T17:01:00.599185+00:00,2026-07-03T17:01:00.598890,2,2,115.75,0.3,115.6,55,115.4,100,,,,,,,,,,,,,,,,,115.9,56,116.1,350,,,,,,,,,,,,,,,,
2026-07-03T17:01:00.640695+00:00,2026-07-03T17:01:00.640657,2,2,115.75,0.3,115.6,55,115.4,100,,,,,,,,,,,,,,,,,115.9,56,116.1,350,,,,,,,,,,,,,,,,
2026-07-03T17:01:00.858673+00:00,2026-07-03T17:01:00.845125,2,2,115.75,0.3,115.6,55,115.4,100,,,,,,,,,,,,,,,,,115.9,56,116.1,150,,,,,,,,,,,,,,,,
2026-07-03T17:01:00.863974+00:00,2026-07-03T17:01:00.863868,2,2,115.75,0.3,115.6,55,115.4,100,,,,,,,,,,,,,,,,,115.9,56,116.1,350,,,,,,,,,,,,,,,,
2026-07-03T17:01:00.912184+00:00,2026-07-03T17:01:00.912371,1,2,115.65,0.5,115.4,100,,,,,,,,,,,,,,,,,,,115.9,56,116.1,200,,,,,,,,,,,,,,,,
2026-07-03T17:01:00.958620+00:00,2026-07-03T17:01:00.957973,2,2,115.65,0.5,115.4,100,115.3,150,,,,,,,,,,,,,,,,,115.9,56,116.1,200,,,,,,,,,,,,,,,,
2026-07-03T17:01:01.010281+00:00,2026-07-03T17:01:01.010184,2,3,115.6,0.4,115.4,100,115.3,150,,,,,,,,,,,,,,,,,115.8,150,115.9,56,116.1,200,,,,,,,,,,,,,,
2026-07-03T17:01:01.060817+00:00,2026-07-03T17:01:01.060624,2,3,115.6,0.4,115.4,100,115.3,150,,,,,,,,,,,,,,,,,115.8,150,115.9,56,116.1,200,,,,,,,,,,,,,,
2026-07-03T17:01:01.273700+00:00,2026-07-03T17:01:01.273535,2,2,115.6,0.4,115.4,100,115.3,150,,,,,,,,,,,,,,,,,115.8,150,115.9,56,,,,,,,,,,,,,,,,
2026-07-03T17:01:01.278868+00:00,2026-07-03T17:01:01.278804,2,3,115.6,0.4,115.4,100,115.3,150,,,,,,,,,,,,,,,,,115.8,150,115.9,56,116.1,200,,,,,,,,,,,,,,
2026-07-03T17:01:01.501442+00:00,2026-07-03T17:01:01.501369,2,3,115.6,0.4,115.4,100,115.3,150,,,,,,,,,,,,,,,,,115.8,150,115.9,56,116.1,200,,,,,,,,,,,,,,
2026-07-03T17:01:01.692180+00:00,2026-07-03T17:01:01.692376,2,3,115.6,0.4,115.4,100,115.3,150,,,,,,,,,,,,,,,,,115.8,150,115.9,56,116.1,200,,,,,,,,,,,,,,
2026-07-03T17:01:01.907201+00:00,2026-07-03T17:01:01.907392,2,3,115.6,0.4,115.4,100,115.3,150,,,,,,,,,,,,,,,,,115.8,150,115.9,56,116.1,200,,,,,,,,,,,,,,
2026-07-03T17:01:02.099463+00:00,2026-07-03T17:01:02.099228,2,3,115.6,0.4,115.4,100,115.3,150,,,,,,,,,,,,,,,,,115.8,150,115.9,56,116.1,200,,,,,,,,,,,,,,
2026-07-03T17:01:02.239796+00:00,2026-07-03T17:01:02.239653,2,3,115.6,0.4,115.4,52,115.3,150,,,,,,,,,,,,,,,,,115.8,150,115.9,56,116.1,200,,,,,,,,,,,,,,
2026-07-03T17:01:02.310971+00:00,2026-07-03T17:01:02.310892,2,3,115.6,0.4,115.4,52,115.3,150,,,,,,,,,,,,,,,,,115.8,150,115.9,56,116.1,200,,,,,,,,,,,,,,
2026-07-03T17:01:02.512938+00:00,2026-07-03T17:01:02.512830,2,3,115.6,0.4,115.4,52,115.3,150,,,,,,,,,,,,,,,,,115.8,150,115.9,56,116.1,200,,,,,,,,,,,,,,
2026-07-03T17:01:02.736318+00:00,2026-07-03T17:01:02.736289,2,3,115.6,0.4,115.4,52,115.3,150,,,,,,,,,,,,,,,,,115.8,150,115.9,56,116.1,200,,,,,,,,,,,,,,
2026-07-03T17:01:02.797270+00:00,2026-07-03T17:01:02.797170,1,2,115.55,0.5,115.3,150,,,,,,,,,,,,,,,,,,,115.8,150,116.1,200,,,,,,,,,,,,,,,,
2026-07-03T17:01:02.858792+00:00,2026-07-03T17:01:02.858703,2,2,115.6,0.4,115.4,100,115.3,150,,,,,,,,,,,,,,,,,115.8,150,116.1,200,,,,,,,,,,,,,,,,
2026-07-03T17:01:02.905097+00:00,2026-07-03T17:01:02.905001,2,3,115.6,0.4,115.4,100,115.3,150,,,,,,,,,,,,,,,,,115.8,150,115.9,100,116.1,200,,,,,,,,,,,,,,
2026-07-03T17:01:02.925448+00:00,2026-07-03T17:01:02.925596,2,2,115.6,0.4,115.4,100,115.3,150,,,,,,,,,,,,,,,,,115.8,150,115.9,100,,,,,,,,,,,,,,,,
2026-07-03T17:01:02.930689+00:00,2026-07-03T17:01:02.930805,2,3,115.6,0.4,115.4,100,115.3,150,,,,,,,,,,,,,,,,,115.8,150,115.9,100,116.1,200,,,,,,,,,,,,,,
2026-07-03T17:01:03.129830+00:00,2026-07-03T17:01:03.129748,2,3,115.6,0.4,115.4,100,115.3,150,,,,,,,,,,,,,,,,,115.8,150,115.9,100,116.1,200,,,,,,,,,,,,,,
2026-07-03T17:01:03.351555+00:00,2026-07-03T17:01:03.351471,2,3,115.6,0.4,115.4,100,115.3,150,,,,,,,,,,,,,,,,,115.8,150,115.9,100,116.1,200,,,,,,,,,,,,,,
2026-07-03T17:01:03.548698+00:00,2026-07-03T17:01:03.548619,2,3,115.6,0.4,115.4,100,115.3,150,,,,,,,,,,,,,,,,,115.8,150,115.9,100,116.1,200,,,,,,,,,,,,,,
2026-07-03T17:01:03.758656+00:00,2026-07-03T17:01:03.754288,2,3,115.6,0.4,115.4,100,115.3,150,,,,,,,,,,,,,,,,,115.8,150,115.9,100,116.1,200,,,,,,,,,,,,,,
2026-07-03T17:01:03.930358+00:00,2026-07-03T17:01:03.930270,2,3,115.6,0.4,115.4,50,115.3,150,,,,,,,,,,,,,,,,,115.8,150,115.9,100,116.1,200,,,,,,,,,,,,,,
2026-07-03T17:01:03.955806+00:00,2026-07-03T17:01:03.956118,2,3,115.6,0.4,115.4,50,115.3,150,,,,,,,,,,,,,,,,,115.8,150,115.9,100,116.0,200,,,,,,,,,,,,,,
2026-07-03T17:01:04.067331+00:00,2026-07-03T17:01:04.067202,2,2,115.65,0.5,115.4,50,115.3,150,,,,,,,,,,,,,,,,,115.9,100,116.0,200,,,,,,,,,,,,,,,,
2026-07-03T17:01:04.072606+00:00,2026-07-03T17:01:04.072404,1,2,115.65,0.5,115.4,50,,,,,,,,,,,,,,,,,,,115.9,100,116.0,200,,,,,,,,,,,,,,,,
2026-07-03T17:01:04.136514+00:00,2026-07-03T17:01:04.136454,2,2,115.65,0.5,115.4,50,115.2,150,,,,,,,,,,,,,,,,,115.9,100,116.0,200,,,,,,,,,,,,,,,,
2026-07-03T17:01:04.190287+00:00,2026-07-03T17:01:04.190219,2,1,115.65,0.5,115.4,50,115.2,150,,,,,,,,,,,,,,,,,115.9,100,,,,,,,,,,,,,,,,,,
2026-07-03T17:01:04.195761+00:00,2026-07-03T17:01:04.195665,2,3,115.55,0.3,115.4,50,115.2,150,,,,,,,,,,,,,,,,,115.7,150,115.9,100,116.0,200,,,,,,,,,,,,,,
2026-07-03T17:01:04.390284+00:00,2026-07-03T17:01:04.390210,2,3,115.55,0.3,115.4,50,115.2,150,,,,,,,,,,,,,,,,,115.7,150,115.9,100,116.2,75,,,,,,,,,,,,,,
2026-07-03T17:01:04.581206+00:00,2026-07-03T17:01:04.581094,2,3,115.55,0.3,115.4,50,115.2,150,,,,,,,,,,,,,,,,,115.7,150,115.9,100,116.2,200,,,,,,,,,,,,,,
2026-07-03T17:01:04.628247+00:00,2026-07-03T17:01:04.628114,2,3,115.55,0.3,115.4,3,115.2,150,,,,,,,,,,,,,,,,,115.7,150,115.9,100,116.2,200,,,,,,,,,,,,,,
2026-07-03T17:01:04.787010+00:00,2026-07-03T17:01:04.786896,2,3,115.55,0.3,115.4,3,115.2,150,,,,,,,,,,,,,,,,,115.7,150,115.9,100,116.2,200,,,,,,,,,,,,,,
2026-07-03T17:01:04.993214+00:00,2026-07-03T17:01:04.993130,2,3,115.55,0.3,115.4,3,115.2,150,,,,,,,,,,,,,,,,,115.7,150,115.9,100,116.2,200,,,,,,,,,,,,,,
2026-07-03T17:01:05.219451+00:00,2026-07-03T17:01:05.219730,2,3,115.55,0.3,115.4,3,115.2,150,,,,,,,,,,,,,,,,,115.7,150,115.9,100,116.0,200,,,,,,,,,,,,,,
2026-07-03T17:01:05.406757+00:00,2026-07-03T17:01:05.406659,2,2,115.55,0.3,115.4,3,115.2,150,,,,,,,,,,,,,,,,,115.7,150,115.9,100,,,,,,,,,,,,,,,,
2026-07-03T17:01:05.411929+00:00,2026-07-03T17:01:05.411855,2,3,115.55,0.3,115.4,3,115.2,150,,,,,,,,,,,,,,,,,115.7,150,115.9,100,116.0,200,,,,,,,,,,,,,,
2026-07-03T17:01:05.610794+00:00,2026-07-03T17:01:05.610575,2,2,115.55,0.3,115.4,3,115.2,150,,,,,,,,,,,,,,,,,115.7,150,115.9,300,,,,,,,,,,,,,,,,
2026-07-03T17:01:05.822104+00:00,2026-07-03T17:01:05.821985,2,2,115.55,0.3,115.4,3,115.2,150,,,,,,,,,,,,,,,,,115.7,150,115.9,300,,,,,,,,,,,,,,,,
2026-07-03T17:01:05.958617+00:00,2026-07-03T17:01:05.955892,1,2,115.45,0.5,115.2,150,,,,,,,,,,,,,,,,,,,115.7,150,115.9,200,,,,,,,,,,,,,,,,
2026-07-03T17:01:06.037228+00:00,2026-07-03T17:01:06.037070,2,2,115.45,0.5,115.2,150,114.9,100,,,,,,,,,,,,,,,,,115.7,150,115.9,200,,,,,,,,,,,,,,,,
2026-07-03T17:01:06.042666+00:00,2026-07-03T17:01:06.042449,2,2,115.45,0.5,115.2,100,114.9,100,,,,,,,,,,,,,,,,,115.7,150,115.9,200,,,,,,,,,,,,,,,,
2026-07-03T17:01:06.069853+00:00,2026-07-03T17:01:06.069784,2,3,115.3,0.2,115.2,100,114.9,100,,,,,,,,,,,,,,,,,115.4,100,115.7,150,115.9,200,,,,,,,,,,,,,,
2026-07-03T17:01:06.106798+00:00,2026-07-03T17:01:06.106725,2,3,115.3,0.2,115.2,100,114.9,100,,,,,,,,,,,,,,,,,115.4,57,115.7,150,115.9,200,,,,,,,,,,,,,,
2026-07-03T17:01:06.249420+00:00,2026-07-03T17:01:06.249385,2,3,115.3,0.2,115.2,100,114.9,100,,,,,,,,,,,,,,,,,115.4,57,115.7,150,115.9,200,,,,,,,,,,,,,,
2026-07-03T17:01:06.458845+00:00,2026-07-03T17:01:06.458706,2,2,115.3,0.2,115.2,100,114.9,100,,,,,,,,,,,,,,,,,115.4,57,115.7,150,,,,,,,,,,,,,,,,
2026-07-03T17:01:06.464222+00:00,2026-07-03T17:01:06.463986,2,3,115.3,0.2,115.2,100,114.9,100,,,,,,,,,,,,,,,,,115.4,57,115.7,150,115.9,200,,,,,,,,,,,,,,
2026-07-03T17:01:06.663908+00:00,2026-07-03T17:01:06.663843,2,3,115.3,0.2,115.2,100,114.9,100,,,,,,,,,,,,,,,,,115.4,57,115.7,150,115.9,200,,,,,,,,,,,,,,
2026-07-03T17:01:06.801470+00:00,2026-07-03T17:01:06.795172,2,3,115.3,0.2,115.2,100,114.9,100,,,,,,,,,,,,,,,,,115.4,54,115.7,150,115.9,200,,,,,,,,,,,,,,
2026-07-03T17:01:06.864201+00:00,2026-07-03T17:01:06.863950,2,3,115.3,0.2,115.2,100,114.9,100,,,,,,,,,,,,,,,,,115.4,54,115.7,150,116.0,200,,,,,,,,,,,,,,
2026-07-03T17:01:07.081080+00:00,2026-07-03T17:01:07.080912,2,2,115.3,0.2,115.2,100,114.9,100,,,,,,,,,,,,,,,,,115.4,54,115.7,150,,,,,,,,,,,,,,,,
2026-07-03T17:01:07.101748+00:00,2026-07-03T17:01:07.101616,2,3,115.3,0.2,115.2,100,114.9,100,,,,,,,,,,,,,,,,,115.4,54,115.7,150,116.0,200,,,,,,,,,,,,,,
2026-07-03T17:01:07.241816+00:00,2026-07-03T17:01:07.241722,1,2,115.15,0.5,114.9,100,,,,,,,,,,,,,,,,,,,115.4,54,116.0,200,,,,,,,,,,,,,,,,
2026-07-03T17:01:07.273887+00:00,2026-07-03T17:01:07.274173,1,2,115.15,0.5,114.9,100,,,,,,,,,,,,,,,,,,,115.4,54,116.0,200,,,,,,,,,,,,,,,,
2026-07-03T17:01:07.280905+00:00,2026-07-03T17:01:07.280742,2,2,115.2,0.4,115.0,150,114.9,100,,,,,,,,,,,,,,,,,115.4,54,116.0,200,,,,,,,,,,,,,,,,
2026-07-03T17:01:07.338041+00:00,2026-07-03T17:01:07.337867,2,3,115.2,0.4,115.0,150,114.9,100,,,,,,,,,,,,,,,,,115.4,54,115.5,150,116.0,200,,,,,,,,,,,,,,
2026-07-03T17:01:07.514083+00:00,2026-07-03T17:01:07.513995,2,2,115.2,0.4,115.0,150,114.9,100,,,,,,,,,,,,,,,,,115.4,54,115.5,150,,,,,,,,,,,,,,,,
2026-07-03T17:01:07.519324+00:00,2026-07-03T17:01:07.519264,2,3,115.2,0.4,115.0,150,114.9,100,,,,,,,,,,,,,,,,,115.4,54,115.5,150,116.0,200,,,,,,,,,,,,,,
2026-07-03T17:01:07.713111+00:00,2026-07-03T17:01:07.712952,2,3,115.2,0.4,115.0,150,114.9,100,,,,,,,,,,,,,,,,,115.4,54,115.5,150,116.0,200,,,,,,,,,,,,,,
2026-07-03T17:01:07.920501+00:00,2026-07-03T17:01:07.920397,2,3,115.2,0.4,115.0,150,114.9,100,,,,,,,,,,,,,,,,,115.4,54,115.5,150,116.0,200,,,,,,,,,,,,,,
2026-07-03T17:01:08.126975+00:00,2026-07-03T17:01:08.126818,2,2,115.2,0.4,115.0,100,114.9,100,,,,,,,,,,,,,,,,,115.4,54,115.5,150,,,,,,,,,,,,,,,,
2026-07-03T17:01:08.132232+00:00,2026-07-03T17:01:08.132084,2,3,115.2,0.4,115.0,100,114.9,100,,,,,,,,,,,,,,,,,115.4,54,115.5,150,116.0,200,,,,,,,,,,,,,,
2026-07-03T17:01:08.347749+00:00,2026-07-03T17:01:08.347910,2,3,115.2,0.4,115.0,100,114.9,100,,,,,,,,,,,,,,,,,115.4,54,115.5,150,116.0,200,,,,,,,,,,,,,,
2026-07-03T17:01:08.559115+00:00,2026-07-03T17:01:08.559017,2,2,115.2,0.4,115.0,100,114.9,100,,,,,,,,,,,,,,,,,115.4,54,115.5,150,,,,,,,,,,,,,,,,
2026-07-03T17:01:08.564375+00:00,2026-07-03T17:01:08.564276,2,3,115.2,0.4,115.0,100,114.9,100,,,,,,,,,,,,,,,,,115.4,54,115.5,150,116.0,200,,,,,,,,,,,,,,
2026-07-03T17:01:08.758578+00:00,2026-07-03T17:01:08.749580,2,3,115.2,0.4,115.0,100,114.9,100,,,,,,,,,,,,,,,,,115.4,54,115.5,150,116.0,200,,,,,,,,,,,,,,
2026-07-03T17:01:08.957874+00:00,2026-07-03T17:01:08.958087,2,3,115.2,0.4,115.0,100,114.9,100,,,,,,,,,,,,,,,,,115.4,54,115.5,150,116.0,200,,,,,,,,,,,,,,
2026-07-03T17:01:09.126203+00:00,2026-07-03T17:01:09.125690,1,2,115.25,0.5,115.0,100,,,,,,,,,,,,,,,,,,,115.5,150,116.0,200,,,,,,,,,,,,,,,,
2026-07-03T17:01:09.158626+00:00,2026-07-03T17:01:09.156262,1,1,115.25,0.5,115.0,100,,,,,,,,,,,,,,,,,,,115.5,150,,,,,,,,,,,,,,,,,,
2026-07-03T17:01:09.180975+00:00,2026-07-03T17:01:09.180721,2,2,115.35,0.3,115.2,100,115.0,100,,,,,,,,,,,,,,,,,115.5,150,116.0,200,,,,,,,,,,,,,,,,
2026-07-03T17:01:09.248836+00:00,2026-07-03T17:01:09.249049,2,3,115.35,0.3,115.2,100,115.0,100,,,,,,,,,,,,,,,,,115.5,150,115.7,100,116.0,200,,,,,,,,,,,,,,
2026-07-03T17:01:09.379747+00:00,2026-07-03T17:01:09.379657,2,3,115.35,0.3,115.2,100,115.0,100,,,,,,,,,,,,,,,,,115.5,150,115.7,100,116.0,200,,,,,,,,,,,,,,
2026-07-03T17:01:09.604288+00:00,2026-07-03T17:01:09.604447,2,3,115.35,0.3,115.2,100,115.0,100,,,,,,,,,,,,,,,,,115.5,150,115.7,100,116.0,200,,,,,,,,,,,,,,
2026-07-03T17:01:09.781427+00:00,2026-07-03T17:01:09.782185,2,2,115.35,0.3,115.2,100,115.0,100,,,,,,,,,,,,,,,,,115.5,150,115.7,100,,,,,,,,,,,,,,,,
2026-07-03T17:01:09.814043+00:00,2026-07-03T17:01:09.813850,2,3,115.35,0.3,115.2,100,115.0,100,,,,,,,,,,,,,,,,,115.5,150,115.7,100,116.0,200,,,,,,,,,,,,,,
2026-07-03T17:01:09.993795+00:00,2026-07-03T17:01:09.993749,2,3,115.35,0.3,115.2,100,115.0,100,,,,,,,,,,,,,,,,,115.5,150,115.7,100,116.0,200,,,,,,,,,,,,,,
2026-07-03T17:01:10.216393+00:00,2026-07-03T17:01:10.216294,2,3,115.35,0.3,115.2,100,115.0,100,,,,,,,,,,,,,,,,,115.5,150,115.7,100,116.0,200,,,,,,,,,,,,,,
2026-07-03T17:01:10.392479+00:00,2026-07-03T17:01:10.392359,1,2,115.45,0.5,115.2,100,,,,,,,,,,,,,,,,,,,115.7,100,116.0,200,,,,,,,,,,,,,,,,
2026-07-03T17:01:10.407734+00:00,2026-07-03T17:01:10.407661,1,2,115.45,0.5,115.2,100,,,,,,,,,,,,,,,,,,,115.7,100,116.0,200,,,,,,,,,,,,,,,,
2026-07-03T17:01:10.446399+00:00,2026-07-03T17:01:10.446563,2,2,115.45,0.5,115.2,100,114.8,150,,,,,,,,,,,,,,,,,115.7,100,116.0,200,,,,,,,,,,,,,,,,
2026-07-03T17:01:10.525114+00:00,2026-07-03T17:01:10.525678,2,3,115.25,0.1,115.2,100,114.8,150,,,,,,,,,,,,,,,,,115.3,150,115.7,100,116.0,200,,,,,,,,,,,,,,
2026-07-03T17:01:10.537509+00:00,2026-07-03T17:01:10.530106,2,3,115.25,0.1,115.2,100,114.8,150,,,,,,,,,,,,,,,,,115.3,139,115.7,100,116.0,200,,,,,,,,,,,,,,
2026-07-03T17:01:10.614099+00:00,2026-07-03T17:01:10.614005,2,3,115.25,0.1,115.2,100,114.8,150,,,,,,,,,,,,,,,,,115.3,139,115.7,100,116.0,200,,,,,,,,,,,,,,
2026-07-03T17:01:10.769194+00:00,2026-07-03T17:01:10.762544,2,3,115.25,0.1,115.2,100,114.8,150,,,,,,,,,,,,,,,,,115.3,78,115.7,100,116.0,200,,,,,,,,,,,,,,
2026-07-03T17:01:10.829492+00:00,2026-07-03T17:01:10.829372,2,3,115.25,0.1,115.2,100,114.8,150,,,,,,,,,,,,,,,,,115.3,78,115.7,100,116.2,200,,,,,,,,,,,,,,
2026-07-03T17:01:11.025291+00:00,2026-07-03T17:01:11.025126,2,3,115.25,0.1,115.2,100,114.8,150,,,,,,,,,,,,,,,,,115.3,78,115.7,100,116.2,200,,,,,,,,,,,,,,
2026-07-03T17:01:11.231166+00:00,2026-07-03T17:01:11.231067,2,3,115.25,0.1,115.2,100,114.8,150,,,,,,,,,,,,,,,,,115.3,78,115.7,100,116.2,200,,,,,,,,,,,,,,
2026-07-03T17:01:11.431813+00:00,2026-07-03T17:01:11.431693,2,2,115.25,0.1,115.2,100,114.8,150,,,,,,,,,,,,,,,,,115.3,78,115.7,100,,,,,,,,,,,,,,,,
2026-07-03T17:01:11.436985+00:00,2026-07-03T17:01:11.436890,2,3,115.25,0.1,115.2,100,114.8,150,,,,,,,,,,,,,,,,,115.3,78,115.7,100,116.2,200,,,,,,,,,,,,,,
2026-07-03T17:01:11.641251+00:00,2026-07-03T17:01:11.641187,2,3,115.25,0.1,115.2,100,114.8,150,,,,,,,,,,,,,,,,,115.3,78,115.7,100,116.2,200,,,,,,,,,,,,,,
2026-07-03T17:01:11.848440+00:00,2026-07-03T17:01:11.848357,2,3,115.25,0.1,115.2,100,114.8,150,,,,,,,,,,,,,,,,,115.3,78,115.7,100,116.2,200,,,,,,,,,,,,,,
2026-07-03T17:01:11.975702+00:00,2026-07-03T17:01:11.975365,2,3,115.25,0.1,115.2,100,114.8,150,,,,,,,,,,,,,,,,,115.3,35,115.7,100,116.2,200,,,,,,,,,,,,,,
2026-07-03T17:01:12.030894+00:00,2026-07-03T17:01:12.031074,2,3,115.25,0.1,115.2,55,114.8,150,,,,,,,,,,,,,,,,,115.3,35,115.7,100,116.2,200,,,,,,,,,,,,,,
2026-07-03T17:01:12.059194+00:00,2026-07-03T17:01:12.059118,2,3,115.25,0.1,115.2,55,114.8,150,,,,,,,,,,,,,,,,,115.3,35,115.7,100,115.9,200,,,,,,,,,,,,,,
2026-07-03T17:01:12.258748+00:00,2026-07-03T17:01:12.255063,2,3,115.25,0.1,115.2,55,114.8,150,,,,,,,,,,,,,,,,,115.3,35,115.7,100,115.9,200,,,,,,,,,,,,,,
2026-07-03T17:01:12.293937+00:00,2026-07-03T17:01:12.293875,1,2,115.05,0.5,114.8,150,,,,,,,,,,,,,,,,,,,115.3,35,115.9,200,,,,,,,,,,,,,,,,
2026-07-03T17:01:12.358608+00:00,2026-07-03T17:01:12.347472,2,2,115.1,0.4,114.9,100,114.8,150,,,,,,,,,,,,,,,,,115.3,35,115.9,200,,,,,,,,,,,,,,,,
2026-07-03T17:01:12.409275+00:00,2026-07-03T17:01:12.409219,2,3,115.1,0.4,114.9,100,114.8,150,,,,,,,,,,,,,,,,,115.3,35,115.4,100,115.9,200,,,,,,,,,,,,,,
2026-07-03T17:01:12.483432+00:00,2026-07-03T17:01:12.483374,2,3,115.1,0.4,114.9,100,114.8,150,,,,,,,,,,,,,,,,,115.3,35,115.4,100,115.9,200,,,,,,,,,,,,,,
2026-07-03T17:01:12.674508+00:00,2026-07-03T17:01:12.674352,2,2,115.1,0.4,114.9,100,114.8,150,,,,,,,,,,,,,,,,,115.3,35,115.4,100,,,,,,,,,,,,,,,,
2026-07-03T17:01:12.679688+00:00,2026-07-03T17:01:12.679621,2,3,115.1,0.4,114.9,100,114.8,150,,,,,,,,,,,,,,,,,115.3,35,115.4,100,115.9,200,,,,,,,,,,,,,,
2026-07-03T17:01:12.893487+00:00,2026-07-03T17:01:12.893407,2,3,115.1,0.4,114.9,100,114.8,150,,,,,,,,,,,,,,,,,115.3,35,115.4,100,115.9,200,,,,,,,,,,,,,,
2026-07-03T17:01:13.003681+00:00,2026-07-03T17:01:13.003914,2,2,115.15,0.5,114.9,100,114.8,150,,,,,,,,,,,,,,,,,115.4,88,115.9,200,,,,,,,,,,,,,,,,
2026-07-03T17:01:13.092026+00:00,2026-07-03T17:01:13.091553,2,2,115.15,0.5,114.9,100,114.8,150,,,,,,,,,,,,,,,,,115.4,88,115.9,200,,,,,,,,,,,,,,,,
2026-07-03T17:01:13.294350+00:00,2026-07-03T17:01:13.294283,2,2,115.15,0.5,114.9,100,114.8,150,,,,,,,,,,,,,,,,,115.4,88,115.9,200,,,,,,,,,,,,,,,,
2026-07-03T17:01:13.497111+00:00,2026-07-03T17:01:13.497086,2,1,115.15,0.5,114.9,100,114.8,150,,,,,,,,,,,,,,,,,115.4,88,,,,,,,,,,,,,,,,,,
2026-07-03T17:01:13.507943+00:00,2026-07-03T17:01:13.508087,2,2,115.15,0.5,114.9,100,114.8,150,,,,,,,,,,,,,,,,,115.4,88,115.9,200,,,,,,,,,,,,,,,,
2026-07-03T17:01:13.559556+00:00,2026-07-03T17:01:13.559028,1,2,115.15,0.5,114.9,100,,,,,,,,,,,,,,,,,,,115.4,88,115.9,200,,,,,,,,,,,,,,,,
2026-07-03T17:01:13.619746+00:00,2026-07-03T17:01:13.619615,2,2,115.3,0.2,115.2,150,114.9,100,,,,,,,,,,,,,,,,,115.4,88,115.9,200,,,,,,,,,,,,,,,,
2026-07-03T17:01:13.669070+00:00,2026-07-03T17:01:13.668854,2,3,115.3,0.2,115.2,150,114.9,100,,,,,,,,,,,,,,,,,115.4,88,115.7,150,115.9,200,,,,,,,,,,,,,,
2026-07-03T17:01:13.711281+00:00,2026-07-03T17:01:13.711176,2,3,115.3,0.2,115.2,150,114.9,100,,,,,,,,,,,,,,,,,115.4,88,115.7,150,115.9,200,,,,,,,,,,,,,,
2026-07-03T17:01:13.939062+00:00,2026-07-03T17:01:13.938851,2,3,115.3,0.2,115.2,150,114.9,100,,,,,,,,,,,,,,,,,115.4,88,115.7,150,115.9,200,,,,,,,,,,,,,,
2026-07-03T17:01:14.070317+00:00,2026-07-03T17:01:14.070464,2,3,115.3,0.2,115.2,104,114.9,100,,,,,,,,,,,,,,,,,115.4,88,115.7,150,115.9,200,,,,,,,,,,,,,,
2026-07-03T17:01:14.119897+00:00,2026-07-03T17:01:14.119794,2,2,115.3,0.2,115.2,104,114.9,100,,,,,,,,,,,,,,,,,115.4,88,115.7,150,,,,,,,,,,,,,,,,
2026-07-03T17:01:14.125115+00:00,2026-07-03T17:01:14.125022,2,3,115.3,0.2,115.2,104,114.9,100,,,,,,,,,,,,,,,,,115.4,88,115.7,150,115.9,200,,,,,,,,,,,,,,
2026-07-03T17:01:14.345260+00:00,2026-07-03T17:01:14.345125,2,3,115.3,0.2,115.2,104,114.9,100,,,,,,,,,,,,,,,,,115.4,88,115.7,150,115.9,200,,,,,,,,,,,,,,
2026-07-03T17:01:14.465078+00:00,2026-07-03T17:01:14.464954,2,3,115.3,0.2,115.2,54,114.9,100,,,,,,,,,,,,,,,,,115.4,88,115.7,150,115.9,200,,,,,,,,,,,,,,
2026-07-03T17:01:14.533000+00:00,2026-07-03T17:01:14.533127,2,3,115.3,0.2,115.2,54,114.9,100,,,,,,,,,,,,,,,,,115.4,88,115.7,150,115.9,200,,,,,,,,,,,,,,
2026-07-03T17:01:14.769147+00:00,2026-07-03T17:01:14.769061,2,3,115.3,0.2,115.2,54,114.9,100,,,,,,,,,,,,,,,,,115.4,88,115.7,150,115.9,200,,,,,,,,,,,,,,
2026-07-03T17:01:14.975705+00:00,2026-07-03T17:01:14.975893,2,3,115.3,0.2,115.2,54,114.9,100,,,,,,,,,,,,,,,,,115.4,88,115.7,150,116.0,200,,,,,,,,,,,,,,
2026-07-03T17:01:15.182279+00:00,2026-07-03T17:01:15.182468,2,3,115.3,0.2,115.2,54,114.9,100,,,,,,,,,,,,,,,,,115.4,88,115.7,150,116.0,200,,,,,,,,,,,,,,
2026-07-03T17:01:15.311716+00:00,2026-07-03T17:01:15.311455,2,3,115.3,0.2,115.2,54,114.9,100,,,,,,,,,,,,,,,,,115.4,40,115.7,150,116.0,200,,,,,,,,,,,,,,
2026-07-03T17:01:15.393810+00:00,2026-07-03T17:01:15.393679,2,2,115.3,0.2,115.2,54,114.9,100,,,,,,,,,,,,,,,,,115.4,40,115.7,150,,,,,,,,,,,,,,,,
2026-07-03T17:01:15.404014+00:00,2026-07-03T17:01:15.404204,2,3,115.3,0.2,115.2,54,114.9,100,,,,,,,,,,,,,,,,,115.4,40,115.7,150,116.0,200,,,,,,,,,,,,,,
2026-07-03T17:01:15.476213+00:00,2026-07-03T17:01:15.475955,1,2,115.45,0.5,115.2,54,,,,,,,,,,,,,,,,,,,115.7,150,116.0,200,,,,,,,,,,,,,,,,
2026-07-03T17:01:15.520928+00:00,2026-07-03T17:01:15.520738,1,2,115.45,0.5,115.2,154,,,,,,,,,,,,,,,,,,,115.7,150,116.0,200,,,,,,,,,,,,,,,,
2026-07-03T17:01:15.574801+00:00,2026-07-03T17:01:15.574592,1,2,115.45,0.5,115.2,154,,,,,,,,,,,,,,,,,,,115.7,250,116.0,200,,,,,,,,,,,,,,,,
2026-07-03T17:01:15.622026+00:00,2026-07-03T17:01:15.622000,1,2,115.45,0.5,115.2,154,,,,,,,,,,,,,,,,,,,115.7,250,116.0,200,,,,,,,,,,,,,,,,
2026-07-03T17:01:15.828104+00:00,2026-07-03T17:01:15.828009,1,2,115.45,0.5,115.2,154,,,,,,,,,,,,,,,,,,,115.7,250,116.0,200,,,,,,,,,,,,,,,,
2026-07-03T17:01:15.936671+00:00,2026-07-03T17:01:15.936885,1,2,115.45,0.5,115.2,114,,,,,,,,,,,,,,,,,,,115.7,250,116.0,200,,,,,,,,,,,,,,,,
2026-07-03T17:01:16.048502+00:00,2026-07-03T17:01:16.058817,1,2,115.45,0.5,115.2,114,,,,,,,,,,,,,,,,,,,115.7,250,116.0,200,,,,,,,,,,,,,,,,
