recv_time,book_timestamp,n_bids,n_asks,mid,spread,bid_px_0,bid_vol_0,bid_px_1,bid_vol_1,bid_px_2,bid_vol_2,bid_px_3,bid_vol_3,bid_px_4,bid_vol_4,bid_px_5,bid_vol_5,bid_px_6,bid_vol_6,bid_px_7,bid_vol_7,bid_px_8,bid_vol_8,bid_px_9,bid_vol_9,ask_px_0,ask_vol_0,ask_px_1,ask_vol_1,ask_px_2,ask_vol_2,ask_px_3,ask_vol_3,ask_px_4,ask_vol_4,ask_px_5,ask_vol_5,ask_px_6,ask_vol_6,ask_px_7,ask_vol_7,ask_px_8,ask_vol_8,ask_px_9,ask_vol_9
2026-07-01T23:00:00.305074+00:00,2026-07-01T23:00:00.308404,1,2,90.1,0.4,89.9,251,,,,,,,,,,,,,,,,,,,90.3,5,90.4,250,,,,,,,,,,,,,,,,
2026-07-01T23:00:00.500192+00:00,2026-07-01T23:00:00.489041,1,2,90.1,0.4,89.9,151,,,,,,,,,,,,,,,,,,,90.3,5,90.4,150,,,,,,,,,,,,,,,,
2026-07-01T23:00:00.535778+00:00,2026-07-01T23:00:00.569594,2,2,90.15,0.3,90.0,100,89.9,150,,,,,,,,,,,,,,,,,90.3,5,90.4,150,,,,,,,,,,,,,,,,
2026-07-01T23:00:00.662679+00:00,2026-07-01T23:00:00.598491,2,3,90.15,0.3,90.0,100,89.9,150,,,,,,,,,,,,,,,,,90.3,5,90.4,150,90.5,100,,,,,,,,,,,,,,
2026-07-01T23:00:00.829741+00:00,2026-07-01T23:00:00.829702,2,3,90.15,0.3,90.0,50,89.9,150,,,,,,,,,,,,,,,,,90.3,5,90.4,150,90.5,100,,,,,,,,,,,,,,
2026-07-01T23:00:01.518186+00:00,2026-07-01T23:00:01.518134,2,3,90.15,0.3,90.0,50,89.9,152,,,,,,,,,,,,,,,,,90.3,5,90.4,150,90.5,100,,,,,,,,,,,,,,
2026-07-01T23:00:01.575548+00:00,2026-07-01T23:00:01.575289,2,2,90.2,0.4,90.0,50,89.9,152,,,,,,,,,,,,,,,,,90.4,112,90.5,100,,,,,,,,,,,,,,,,
2026-07-01T23:00:01.596195+00:00,2026-07-01T23:00:01.596448,2,3,90.1,0.2,90.0,50,89.9,152,,,,,,,,,,,,,,,,,90.2,6,90.4,112,90.5,100,,,,,,,,,,,,,,
2026-07-01T23:00:01.789350+00:00,2026-07-01T23:00:01.789262,2,3,90.1,0.2,90.0,50,89.9,152,,,,,,,,,,,,,,,,,90.2,4,90.4,112,90.5,100,,,,,,,,,,,,,,
2026-07-01T23:00:01.895516+00:00,2026-07-01T23:00:01.895482,2,2,90.1,0.2,90.0,50,89.9,2,,,,,,,,,,,,,,,,,90.2,4,90.5,100,,,,,,,,,,,,,,,,
2026-07-01T23:00:01.977702+00:00,2026-07-01T23:00:01.963964,2,2,90.1,0.2,90.0,200,89.9,2,,,,,,,,,,,,,,,,,90.2,4,90.5,100,,,,,,,,,,,,,,,,
2026-07-01T23:00:02.007882+00:00,2026-07-01T23:00:02.007687,2,2,90.1,0.2,90.0,200,89.9,2,,,,,,,,,,,,,,,,,90.2,4,90.5,250,,,,,,,,,,,,,,,,
2026-07-01T23:00:02.558572+00:00,2026-07-01T23:00:02.553777,2,2,90.1,0.2,90.0,200,89.9,2,,,,,,,,,,,,,,,,,90.2,3,90.5,250,,,,,,,,,,,,,,,,
2026-07-01T23:00:02.945245+00:00,2026-07-01T23:00:02.945146,2,2,90.1,0.2,90.0,150,89.9,2,,,,,,,,,,,,,,,,,90.2,3,90.5,250,,,,,,,,,,,,,,,,
2026-07-01T23:00:02.958559+00:00,2026-07-01T23:00:02.950327,2,2,90.1,0.2,90.0,150,89.9,2,,,,,,,,,,,,,,,,,90.2,2,90.5,250,,,,,,,,,,,,,,,,
2026-07-01T23:00:03.352542+00:00,2026-07-01T23:00:03.352445,2,2,90.1,0.2,90.0,150,89.9,2,,,,,,,,,,,,,,,,,90.2,1,90.5,250,,,,,,,,,,,,,,,,
2026-07-01T23:00:03.474163+00:00,2026-07-01T23:00:03.473901,2,1,90.25,0.5,90.0,103,89.9,2,,,,,,,,,,,,,,,,,90.5,250,,,,,,,,,,,,,,,,,,
2026-07-01T23:00:03.658962+00:00,2026-07-01T23:00:03.658846,2,1,90.25,0.5,90.0,103,89.9,2,,,,,,,,,,,,,,,,,90.5,150,,,,,,,,,,,,,,,,,,
2026-07-01T23:00:03.724577+00:00,2026-07-01T23:00:03.724421,3,1,90.25,0.5,90.0,103,89.9,2,89.6,100,,,,,,,,,,,,,,,90.5,150,,,,,,,,,,,,,,,,,,
2026-07-01T23:00:03.768222+00:00,2026-07-01T23:00:03.768158,3,2,90.05,0.1,90.0,103,89.9,2,89.6,100,,,,,,,,,,,,,,,90.1,100,90.5,150,,,,,,,,,,,,,,,,
2026-07-01T23:00:04.616155+00:00,2026-07-01T23:00:04.616075,3,2,90.05,0.1,90.0,103,89.9,2,89.6,100,,,,,,,,,,,,,,,90.1,58,90.5,150,,,,,,,,,,,,,,,,
2026-07-01T23:00:05.063989+00:00,2026-07-01T23:00:05.063883,2,1,90.0,0.2,89.9,2,89.6,100,,,,,,,,,,,,,,,,,90.1,58,,,,,,,,,,,,,,,,,,
2026-07-01T23:00:05.133564+00:00,2026-07-01T23:00:05.133420,3,1,90.0,0.2,89.9,2,89.8,150,89.6,100,,,,,,,,,,,,,,,90.1,58,,,,,,,,,,,,,,,,,,
2026-07-01T23:00:05.147789+00:00,2026-07-01T23:00:05.147532,2,1,89.95,0.3,89.8,106,89.6,100,,,,,,,,,,,,,,,,,90.1,58,,,,,,,,,,,,,,,,,,
2026-07-01T23:00:05.173124+00:00,2026-07-01T23:00:05.173039,2,2,89.95,0.3,89.8,106,89.6,100,,,,,,,,,,,,,,,,,90.1,58,90.3,150,,,,,,,,,,,,,,,,
2026-07-01T23:00:05.507816+00:00,2026-07-01T23:00:05.500525,2,2,89.95,0.3,89.8,106,89.6,100,,,,,,,,,,,,,,,,,90.1,47,90.3,150,,,,,,,,,,,,,,,,
2026-07-01T23:00:06.492005+00:00,2026-07-01T23:00:06.491874,2,3,89.95,0.3,89.8,106,89.6,100,,,,,,,,,,,,,,,,,90.1,47,90.2,5,90.3,150,,,,,,,,,,,,,,
2026-07-01T23:00:06.669244+00:00,2026-07-01T23:00:06.669012,3,3,90.0,0.2,89.9,3,89.8,106,89.6,100,,,,,,,,,,,,,,,90.1,47,90.2,5,90.3,150,,,,,,,,,,,,,,
2026-07-01T23:00:06.721340+00:00,2026-07-01T23:00:06.721148,3,3,90.0,0.2,89.9,3,89.8,106,89.6,100,,,,,,,,,,,,,,,90.1,7,90.2,5,90.3,150,,,,,,,,,,,,,,
2026-07-01T23:00:06.823632+00:00,2026-07-01T23:00:06.823561,2,2,90.05,0.3,89.9,3,89.8,106,,,,,,,,,,,,,,,,,90.2,5,90.3,150,,,,,,,,,,,,,,,,
2026-07-01T23:00:06.876050+00:00,2026-07-01T23:00:06.875979,2,2,90.05,0.3,89.9,103,89.8,106,,,,,,,,,,,,,,,,,90.2,5,90.3,150,,,,,,,,,,,,,,,,
2026-07-01T23:00:06.932475+00:00,2026-07-01T23:00:06.932346,2,3,90.05,0.3,89.9,103,89.8,106,,,,,,,,,,,,,,,,,90.2,5,90.3,150,90.4,100,,,,,,,,,,,,,,
2026-07-01T23:00:07.107776+00:00,2026-07-01T23:00:07.107728,2,2,90.1,0.4,89.9,103,89.8,106,,,,,,,,,,,,,,,,,90.3,105,90.4,100,,,,,,,,,,,,,,,,
2026-07-01T23:00:07.136896+00:00,2026-07-01T23:00:07.136858,2,3,90.05,0.3,89.9,103,89.8,106,,,,,,,,,,,,,,,,,90.2,5,90.3,105,90.4,100,,,,,,,,,,,,,,
2026-07-01T23:00:08.224509+00:00,2026-07-01T23:00:08.224479,1,2,90.05,0.3,89.9,103,,,,,,,,,,,,,,,,,,,90.2,5,90.4,100,,,,,,,,,,,,,,,,
2026-07-01T23:00:08.269749+00:00,2026-07-01T23:00:08.269696,2,2,90.1,0.2,90.0,150,89.9,103,,,,,,,,,,,,,,,,,90.2,5,90.4,100,,,,,,,,,,,,,,,,
2026-07-01T23:00:08.347488+00:00,2026-07-01T23:00:08.347348,2,3,90.1,0.2,90.0,150,89.9,103,,,,,,,,,,,,,,,,,90.2,5,90.4,100,90.5,150,,,,,,,,,,,,,,
2026-07-01T23:00:08.352487+00:00,2026-07-01T23:00:08.352653,2,2,90.2,0.4,90.0,150,89.9,101,,,,,,,,,,,,,,,,,90.4,100,90.5,150,,,,,,,,,,,,,,,,
2026-07-01T23:00:08.409325+00:00,2026-07-01T23:00:08.409247,2,2,90.2,0.4,90.0,106,89.9,101,,,,,,,,,,,,,,,,,90.4,100,90.5,150,,,,,,,,,,,,,,,,
2026-07-01T23:00:08.507203+00:00,2026-07-01T23:00:08.507044,2,3,90.15,0.3,90.0,106,89.9,101,,,,,,,,,,,,,,,,,90.3,7,90.4,100,90.5,150,,,,,,,,,,,,,,
2026-07-01T23:00:09.164228+00:00,2026-07-01T23:00:09.163907,2,3,90.15,0.3,90.0,106,89.9,101,,,,,,,,,,,,,,,,,90.3,6,90.4,100,90.5,150,,,,,,,,,,,,,,
2026-07-01T23:00:09.220711+00:00,2026-07-01T23:00:09.220639,2,2,90.2,0.4,90.0,106,89.9,101,,,,,,,,,,,,,,,,,90.4,56,90.5,150,,,,,,,,,,,,,,,,
2026-07-01T23:00:10.001726+00:00,2026-07-01T23:00:10.001617,2,1,90.25,0.5,90.0,106,89.9,1,,,,,,,,,,,,,,,,,90.5,150,,,,,,,,,,,,,,,,,,
2026-07-01T23:00:10.058756+00:00,2026-07-01T23:00:10.058683,3,1,90.35,0.3,90.2,100,90.0,106,89.9,1,,,,,,,,,,,,,,,90.5,150,,,,,,,,,,,,,,,,,,
2026-07-01T23:00:10.095907+00:00,2026-07-01T23:00:10.095770,3,2,90.35,0.3,90.2,100,90.0,106,89.9,1,,,,,,,,,,,,,,,90.5,150,90.7,100,,,,,,,,,,,,,,,,
2026-07-01T23:00:10.116641+00:00,2026-07-01T23:00:10.116513,3,2,90.35,0.3,90.2,100,90.0,106,89.9,1,,,,,,,,,,,,,,,90.5,102,90.7,100,,,,,,,,,,,,,,,,
2026-07-01T23:00:11.392512+00:00,2026-07-01T23:00:11.392381,2,1,90.45,0.5,90.2,100,89.9,1,,,,,,,,,,,,,,,,,90.7,100,,,,,,,,,,,,,,,,,,
2026-07-01T23:00:11.471781+00:00,2026-07-01T23:00:11.458923,3,1,90.45,0.5,90.2,100,90.1,150,89.9,1,,,,,,,,,,,,,,,90.7,100,,,,,,,,,,,,,,,,,,
2026-07-01T23:00:11.520881+00:00,2026-07-01T23:00:11.521002,3,2,90.4,0.4,90.2,100,90.1,150,89.9,1,,,,,,,,,,,,,,,90.6,150,90.7,100,,,,,,,,,,,,,,,,
2026-07-01T23:00:12.069354+00:00,2026-07-01T23:00:12.062951,3,2,90.4,0.4,90.2,89,90.1,150,89.9,1,,,,,,,,,,,,,,,90.6,150,90.7,100,,,,,,,,,,,,,,,,
2026-07-01T23:00:12.559283+00:00,2026-07-01T23:00:12.541709,3,3,90.25,0.1,90.2,89,90.1,150,89.9,1,,,,,,,,,,,,,,,90.3,8,90.6,150,90.7,100,,,,,,,,,,,,,,
2026-07-01T23:00:12.706592+00:00,2026-07-01T23:00:12.705972,2,3,90.25,0.1,90.2,89,90.1,150,,,,,,,,,,,,,,,,,90.3,8,90.6,150,90.7,100,,,,,,,,,,,,,,
2026-07-01T23:00:13.168979+00:00,2026-07-01T23:00:13.168885,1,2,90.2,0.2,90.1,150,,,,,,,,,,,,,,,,,,,90.3,8,90.6,150,,,,,,,,,,,,,,,,
2026-07-01T23:00:13.210829+00:00,2026-07-01T23:00:13.210713,1,2,90.2,0.2,90.1,250,,,,,,,,,,,,,,,,,,,90.3,8,90.6,150,,,,,,,,,,,,,,,,
2026-07-01T23:00:13.264117+00:00,2026-07-01T23:00:13.263996,1,2,90.2,0.2,90.1,250,,,,,,,,,,,,,,,,,,,90.3,8,90.6,250,,,,,,,,,,,,,,,,
2026-07-01T23:00:13.498046+00:00,2026-07-01T23:00:13.497900,1,2,90.2,0.2,90.1,200,,,,,,,,,,,,,,,,,,,90.3,8,90.6,250,,,,,,,,,,,,,,,,
2026-07-01T23:00:14.560251+00:00,2026-07-01T23:00:14.560154,1,2,90.2,0.2,90.1,100,,,,,,,,,,,,,,,,,,,90.3,8,90.6,100,,,,,,,,,,,,,,,,
2026-07-01T23:00:14.623967+00:00,2026-07-01T23:00:14.624271,2,2,90.2,0.2,90.1,100,89.7,150,,,,,,,,,,,,,,,,,90.3,8,90.6,100,,,,,,,,,,,,,,,,
2026-07-01T23:00:14.669364+00:00,2026-07-01T23:00:14.669192,2,3,90.15,0.1,90.1,100,89.7,150,,,,,,,,,,,,,,,,,90.2,150,90.3,8,90.6,100,,,,,,,,,,,,,,
2026-07-01T23:00:15.536881+00:00,2026-07-01T23:00:15.536777,2,3,90.15,0.1,90.1,100,89.7,150,,,,,,,,,,,,,,,,,90.2,100,90.3,8,90.6,100,,,,,,,,,,,,,,
2026-07-01T23:00:16.001485+00:00,2026-07-01T23:00:15.994799,2,3,90.15,0.1,90.1,100,89.7,150,,,,,,,,,,,,,,,,,90.2,89,90.3,8,90.6,100,,,,,,,,,,,,,,
2026-07-01T23:00:16.358903+00:00,2026-07-01T23:00:16.337228,1,2,89.95,0.5,89.7,150,,,,,,,,,,,,,,,,,,,90.2,89,90.3,8,,,,,,,,,,,,,,,,
2026-07-01T23:00:16.389970+00:00,2026-07-01T23:00:16.389938,2,0,,,90.3,3,89.7,150,,,,,,,,,,,,,,,,,,,,,,,,,,,,,,,,,,,,
2026-07-01T23:00:16.437119+00:00,2026-07-01T23:00:16.437072,2,1,90.55,0.5,90.3,3,89.7,150,,,,,,,,,,,,,,,,,90.8,100,,,,,,,,,,,,,,,,,,
2026-07-01T23:00:17.289323+00:00,2026-07-01T23:00:17.283175,1,1,90.25,1.1,89.7,150,,,,,,,,,,,,,,,,,,,90.8,100,,,,,,,,,,,,,,,,,,
2026-07-01T23:00:17.569379+00:00,2026-07-01T23:00:17.569268,1,2,90.05,0.7,89.7,150,,,,,,,,,,,,,,,,,,,90.4,4,90.8,100,,,,,,,,,,,,,,,,
2026-07-01T23:00:17.640463+00:00,2026-07-01T23:00:17.640384,1,1,90.25,1.1,89.7,150,,,,,,,,,,,,,,,,,,,90.8,54,,,,,,,,,,,,,,,,,,
2026-07-01T23:00:17.723899+00:00,2026-07-01T23:00:17.723766,0,1,,,,,,,,,,,,,,,,,,,,,,,90.8,54,,,,,,,,,,,,,,,,,,
2026-07-01T23:00:17.758696+00:00,2026-07-01T23:00:17.748245,1,2,90.25,0.3,90.1,3,,,,,,,,,,,,,,,,,,,90.4,5,90.8,54,,,,,,,,,,,,,,,,
2026-07-01T23:00:17.787228+00:00,2026-07-01T23:00:17.780756,2,1,90.6,0.4,90.4,134,90.1,3,,,,,,,,,,,,,,,,,90.8,54,,,,,,,,,,,,,,,,,,
2026-07-01T23:00:17.831198+00:00,2026-07-01T23:00:17.830894,2,2,90.6,0.4,90.4,134,90.1,3,,,,,,,,,,,,,,,,,90.8,54,90.9,150,,,,,,,,,,,,,,,,
2026-07-01T23:00:18.615002+00:00,2026-07-01T23:00:18.614823,2,2,90.6,0.4,90.4,130,90.1,3,,,,,,,,,,,,,,,,,90.8,54,90.9,150,,,,,,,,,,,,,,,,
2026-07-01T23:00:18.727391+00:00,2026-07-01T23:00:18.727601,2,3,90.45,0.1,90.4,130,90.1,3,,,,,,,,,,,,,,,,,90.5,4,90.8,54,90.9,150,,,,,,,,,,,,,,
2026-07-01T23:00:19.274813+00:00,2026-07-01T23:00:19.274661,2,3,90.45,0.1,90.4,130,90.1,2,,,,,,,,,,,,,,,,,90.5,4,90.8,54,90.9,150,,,,,,,,,,,,,,
2026-07-01T23:00:19.479187+00:00,2026-07-01T23:00:19.478947,2,2,90.45,0.1,90.4,130,90.1,2,,,,,,,,,,,,,,,,,90.5,4,90.9,150,,,,,,,,,,,,,,,,
2026-07-01T23:00:19.547662+00:00,2026-07-01T23:00:19.547557,3,2,90.45,0.1,90.4,130,90.1,2,89.8,100,,,,,,,,,,,,,,,90.5,4,90.9,150,,,,,,,,,,,,,,,,
2026-07-01T23:00:19.604918+00:00,2026-07-01T23:00:19.604568,3,2,90.45,0.1,90.4,30,90.1,2,89.8,100,,,,,,,,,,,,,,,90.5,4,90.9,150,,,,,,,,,,,,,,,,
2026-07-01T23:00:19.624150+00:00,2026-07-01T23:00:19.623999,3,2,90.45,0.1,90.4,30,90.1,1,89.8,100,,,,,,,,,,,,,,,90.5,4,90.9,150,,,,,,,,,,,,,,,,
2026-07-01T23:00:19.780456+00:00,2026-07-01T23:00:19.780193,3,1,90.65,0.5,90.4,30,90.1,1,89.8,100,,,,,,,,,,,,,,,90.9,104,,,,,,,,,,,,,,,,,,
2026-07-01T23:00:19.893642+00:00,2026-07-01T23:00:19.893074,2,1,90.65,0.5,90.4,30,89.8,100,,,,,,,,,,,,,,,,,90.9,104,,,,,,,,,,,,,,,,,,
2026-07-01T23:00:19.985833+00:00,2026-07-01T23:00:19.985663,1,1,90.35,1.1,89.8,90,,,,,,,,,,,,,,,,,,,90.9,104,,,,,,,,,,,,,,,,,,
2026-07-01T23:00:20.896752+00:00,2026-07-01T23:00:20.896675,1,0,,,89.8,90,,,,,,,,,,,,,,,,,,,,,,,,,,,,,,,,,,,,,,
2026-07-01T23:00:20.924314+00:00,2026-07-01T23:00:20.924471,1,1,90.15,0.7,89.8,90,,,,,,,,,,,,,,,,,,,90.5,9,,,,,,,,,,,,,,,,,,
2026-07-01T23:00:20.958651+00:00,2026-07-01T23:00:20.955419,2,1,90.2,0.6,89.9,150,89.8,90,,,,,,,,,,,,,,,,,90.5,9,,,,,,,,,,,,,,,,,,
2026-07-01T23:00:20.988550+00:00,2026-07-01T23:00:20.988477,2,2,90.15,0.5,89.9,150,89.8,90,,,,,,,,,,,,,,,,,90.4,150,90.5,9,,,,,,,,,,,,,,,,
2026-07-01T23:00:21.386730+00:00,2026-07-01T23:00:21.386880,2,2,90.15,0.5,89.9,150,89.8,90,,,,,,,,,,,,,,,,,90.4,101,90.5,9,,,,,,,,,,,,,,,,
2026-07-01T23:00:21.858617+00:00,2026-07-01T23:00:21.852906,2,2,90.15,0.5,89.9,150,89.8,90,,,,,,,,,,,,,,,,,90.4,51,90.5,9,,,,,,,,,,,,,,,,
2026-07-01T23:00:22.635631+00:00,2026-07-01T23:00:22.636077,1,2,90.15,0.5,89.9,150,,,,,,,,,,,,,,,,,,,90.4,51,90.5,9,,,,,,,,,,,,,,,,
2026-07-01T23:00:22.692421+00:00,2026-07-01T23:00:22.692270,2,2,90.3,0.2,90.2,100,89.9,150,,,,,,,,,,,,,,,,,90.4,51,90.5,9,,,,,,,,,,,,,,,,
2026-07-01T23:00:22.758698+00:00,2026-07-01T23:00:22.744289,2,3,90.3,0.2,90.2,100,89.9,150,,,,,,,,,,,,,,,,,90.4,51,90.5,9,90.7,100,,,,,,,,,,,,,,
2026-07-01T23:00:23.295244+00:00,2026-07-01T23:00:23.295037,2,3,90.3,0.2,90.2,100,89.9,150,,,,,,,,,,,,,,,,,90.4,51,90.5,5,90.7,100,,,,,,,,,,,,,,
2026-07-01T23:00:23.930638+00:00,2026-07-01T23:00:23.930860,2,3,90.3,0.2,90.2,54,89.9,150,,,,,,,,,,,,,,,,,90.4,51,90.5,4,90.7,100,,,,,,,,,,,,,,
2026-07-01T23:00:23.989623+00:00,2026-07-01T23:00:23.989426,2,3,90.3,0.2,90.2,54,89.9,150,,,,,,,,,,,,,,,,,90.4,1,90.5,4,90.7,100,,,,,,,,,,,,,,
2026-07-01T23:00:24.058645+00:00,2026-07-01T23:00:24.047290,1,2,90.35,0.3,90.2,54,,,,,,,,,,,,,,,,,,,90.5,4,90.7,100,,,,,,,,,,,,,,,,
2026-07-01T23:00:24.125838+00:00,2026-07-01T23:00:24.125679,2,0,,,90.7,46,90.2,54,,,,,,,,,,,,,,,,,,,,,,,,,,,,,,,,,,,,
2026-07-01T23:00:24.169295+00:00,2026-07-01T23:00:24.169131,2,1,90.95,0.5,90.7,46,90.2,54,,,,,,,,,,,,,,,,,91.2,150,,,,,,,,,,,,,,,,,,
2026-07-01T23:00:25.470235+00:00,2026-07-01T23:00:25.463383,2,1,90.95,0.5,90.7,43,90.2,54,,,,,,,,,,,,,,,,,91.2,150,,,,,,,,,,,,,,,,,,
2026-07-01T23:00:25.781248+00:00,2026-07-01T23:00:25.781162,2,1,90.95,0.5,90.7,39,90.2,54,,,,,,,,,,,,,,,,,91.2,150,,,,,,,,,,,,,,,,,,
2026-07-01T23:00:25.798421+00:00,2026-07-01T23:00:25.798326,1,1,90.95,0.5,90.7,39,,,,,,,,,,,,,,,,,,,91.2,150,,,,,,,,,,,,,,,,,,
2026-07-01T23:00:25.858770+00:00,2026-07-01T23:00:25.846178,2,1,90.95,0.5,90.7,39,90.4,100,,,,,,,,,,,,,,,,,91.2,150,,,,,,,,,,,,,,,,,,
2026-07-01T23:00:25.924418+00:00,2026-07-01T23:00:25.924608,2,2,90.8,0.2,90.7,39,90.4,100,,,,,,,,,,,,,,,,,90.9,100,91.2,150,,,,,,,,,,,,,,,,
2026-07-01T23:00:26.080220+00:00,2026-07-01T23:00:26.080083,2,2,90.8,0.2,90.7,39,90.4,100,,,,,,,,,,,,,,,,,90.9,50,91.2,150,,,,,,,,,,,,,,,,
2026-07-01T23:00:26.628901+00:00,2026-07-01T23:00:26.624730,1,2,90.65,0.5,90.4,100,,,,,,,,,,,,,,,,,,,90.9,50,91.2,150,,,,,,,,,,,,,,,,
2026-07-01T23:00:27.218411+00:00,2026-07-01T23:00:27.218363,1,1,90.65,0.5,90.4,100,,,,,,,,,,,,,,,,,,,90.9,50,,,,,,,,,,,,,,,,,,
2026-07-01T23:00:27.223662+00:00,2026-07-01T23:00:27.223575,1,2,90.5,0.2,90.4,100,,,,,,,,,,,,,,,,,,,90.6,6,90.9,50,,,,,,,,,,,,,,,,
2026-07-01T23:00:27.282227+00:00,2026-07-01T23:00:27.282121,2,2,90.5,0.2,90.4,100,89.9,150,,,,,,,,,,,,,,,,,90.6,6,90.9,50,,,,,,,,,,,,,,,,
2026-07-01T23:00:27.338720+00:00,2026-07-01T23:00:27.333031,1,3,90.15,0.5,89.9,150,,,,,,,,,,,,,,,,,,,90.4,36,90.6,6,90.9,50,,,,,,,,,,,,,,
2026-07-01T23:00:28.195278+00:00,2026-07-01T23:00:28.195167,1,1,90.4,1.0,89.9,150,,,,,,,,,,,,,,,,,,,90.9,42,,,,,,,,,,,,,,,,,,
2026-07-01T23:00:28.958602+00:00,2026-07-01T23:00:28.952642,1,0,,,89.9,150,,,,,,,,,,,,,,,,,,,,,,,,,,,,,,,,,,,,,,
2026-07-01T23:00:29.032637+00:00,2026-07-01T23:00:29.032833,2,0,,,90.2,100,89.9,150,,,,,,,,,,,,,,,,,,,,,,,,,,,,,,,,,,,,
2026-07-01T23:00:29.069556+00:00,2026-07-01T23:00:29.069465,2,1,90.45,0.5,90.2,100,89.9,150,,,,,,,,,,,,,,,,,90.7,100,,,,,,,,,,,,,,,,,,
2026-07-01T23:00:29.969164+00:00,2026-07-01T23:00:29.969068,2,1,90.45,0.5,90.2,100,89.9,150,,,,,,,,,,,,,,,,,90.7,105,,,,,,,,,,,,,,,,,,
2026-07-01T23:00:30.322032+00:00,2026-07-01T23:00:30.321801,2,1,90.45,0.5,90.2,100,89.9,150,,,,,,,,,,,,,,,,,90.7,55,,,,,,,,,,,,,,,,,,
2026-07-01T23:00:30.400487+00:00,2026-07-01T23:00:30.400628,1,1,90.45,0.5,90.2,100,,,,,,,,,,,,,,,,,,,90.7,55,,,,,,,,,,,,,,,,,,
2026-07-01T23:00:30.468848+00:00,2026-07-01T23:00:30.462504,2,1,90.6,0.2,90.5,147,90.2,100,,,,,,,,,,,,,,,,,90.7,55,,,,,,,,,,,,,,,,,,
2026-07-01T23:00:30.491035+00:00,2026-07-01T23:00:30.490921,2,2,90.6,0.2,90.5,147,90.2,100,,,,,,,,,,,,,,,,,90.7,55,91.0,150,,,,,,,,,,,,,,,,
2026-07-01T23:00:31.098343+00:00,2026-07-01T23:00:31.098212,3,2,90.6,0.2,90.5,147,90.4,2,90.2,100,,,,,,,,,,,,,,,90.7,55,91.0,150,,,,,,,,,,,,,,,,
2026-07-01T23:00:32.131972+00:00,2026-07-01T23:00:32.131881,2,2,90.6,0.2,90.5,147,90.4,2,,,,,,,,,,,,,,,,,90.7,5,91.0,150,,,,,,,,,,,,,,,,
2026-07-01T23:00:32.181653+00:00,2026-07-01T23:00:32.181796,2,2,90.6,0.2,90.5,247,90.4,2,,,,,,,,,,,,,,,,,90.7,5,91.0,150,,,,,,,,,,,,,,,,
2026-07-01T23:00:32.232441+00:00,2026-07-01T23:00:32.232576,2,2,90.6,0.2,90.5,247,90.4,2,,,,,,,,,,,,,,,,,90.7,5,91.0,250,,,,,,,,,,,,,,,,
2026-07-01T23:00:32.407497+00:00,2026-07-01T23:00:32.407453,2,1,90.75,0.5,90.5,247,90.4,2,,,,,,,,,,,,,,,,,91.0,205,,,,,,,,,,,,,,,,,,
2026-07-01T23:00:32.532979+00:00,2026-07-01T23:00:32.533188,2,1,90.75,0.5,90.5,203,90.4,2,,,,,,,,,,,,,,,,,91.0,205,,,,,,,,,,,,,,,,,,
2026-07-01T23:00:33.170755+00:00,2026-07-01T23:00:33.170403,2,2,90.6,0.2,90.5,203,90.4,2,,,,,,,,,,,,,,,,,90.7,4,91.0,205,,,,,,,,,,,,,,,,
2026-07-01T23:00:33.544920+00:00,2026-07-01T23:00:33.544836,2,2,90.6,0.2,90.5,100,90.4,2,,,,,,,,,,,,,,,,,90.7,4,91.0,100,,,,,,,,,,,,,,,,
2026-07-01T23:00:33.605672+00:00,2026-07-01T23:00:33.605539,2,2,90.6,0.2,90.5,250,90.4,2,,,,,,,,,,,,,,,,,90.7,4,91.0,100,,,,,,,,,,,,,,,,
2026-07-01T23:00:33.658601+00:00,2026-07-01T23:00:33.653700,2,1,90.75,0.5,90.5,250,90.4,2,,,,,,,,,,,,,,,,,91.0,250,,,,,,,,,,,,,,,,,,
2026-07-01T23:00:34.180094+00:00,2026-07-01T23:00:34.179939,2,1,90.75,0.5,90.5,250,90.4,1,,,,,,,,,,,,,,,,,91.0,250,,,,,,,,,,,,,,,,,,
2026-07-01T23:00:34.222233+00:00,2026-07-01T23:00:34.222151,1,1,90.75,0.5,90.5,250,,,,,,,,,,,,,,,,,,,91.0,250,,,,,,,,,,,,,,,,,,
2026-07-01T23:00:34.536730+00:00,2026-07-01T23:00:34.536589,1,1,90.75,0.5,90.5,250,,,,,,,,,,,,,,,,,,,91.0,200,,,,,,,,,,,,,,,,,,
2026-07-01T23:00:35.174152+00:00,2026-07-01T23:00:35.174335,1,2,90.65,0.3,90.5,250,,,,,,,,,,,,,,,,,,,90.8,6,91.0,200,,,,,,,,,,,,,,,,
2026-07-01T23:00:35.302753+00:00,2026-07-01T23:00:35.302659,1,2,90.65,0.3,90.5,150,,,,,,,,,,,,,,,,,,,90.8,6,91.0,150,,,,,,,,,,,,,,,,
2026-07-01T23:00:35.358578+00:00,2026-07-01T23:00:35.352643,2,2,90.7,0.2,90.6,100,90.5,150,,,,,,,,,,,,,,,,,90.8,6,91.0,150,,,,,,,,,,,,,,,,
2026-07-01T23:00:35.416902+00:00,2026-07-01T23:00:35.416703,2,3,90.7,0.2,90.6,100,90.5,150,,,,,,,,,,,,,,,,,90.8,6,91.0,150,91.1,100,,,,,,,,,,,,,,
2026-07-01T23:00:35.679527+00:00,2026-07-01T23:00:35.679496,2,2,90.8,0.4,90.6,100,90.5,150,,,,,,,,,,,,,,,,,91.0,114,91.1,100,,,,,,,,,,,,,,,,
2026-07-01T23:00:36.733088+00:00,2026-07-01T23:00:36.732726,1,1,90.85,0.5,90.6,100,,,,,,,,,,,,,,,,,,,91.1,100,,,,,,,,,,,,,,,,,,
2026-07-01T23:00:36.738679+00:00,2026-07-01T23:00:36.738630,1,1,90.85,0.5,90.6,55,,,,,,,,,,,,,,,,,,,91.1,100,,,,,,,,,,,,,,,,,,
2026-07-01T23:00:36.759178+00:00,2026-07-01T23:00:36.758878,2,1,90.95,0.3,90.8,150,90.6,55,,,,,,,,,,,,,,,,,91.1,100,,,,,,,,,,,,,,,,,,
2026-07-01T23:00:36.843888+00:00,2026-07-01T23:00:36.849146,2,2,90.95,0.3,90.8,150,90.6,55,,,,,,,,,,,,,,,,,91.1,100,91.3,150,,,,,,,,,,,,,,,,
2026-07-01T23:00:37.025297+00:00,2026-07-01T23:00:37.019616,1,2,90.85,0.5,90.6,55,,,,,,,,,,,,,,,,,,,91.1,100,91.3,150,,,,,,,,,,,,,,,,
2026-07-01T23:00:37.320929+00:00,2026-07-01T23:00:37.320779,1,2,90.85,0.5,90.6,55,,,,,,,,,,,,,,,,,,,91.1,58,91.3,150,,,,,,,,,,,,,,,,
2026-07-01T23:00:38.458682+00:00,2026-07-01T23:00:38.446040,0,1,,,,,,,,,,,,,,,,,,,,,,,91.3,150,,,,,,,,,,,,,,,,,,
2026-07-01T23:00:38.504606+00:00,2026-07-01T23:00:38.504844,1,1,90.95,0.7,90.6,100,,,,,,,,,,,,,,,,,,,91.3,150,,,,,,,,,,,,,,,,,,
2026-07-01T23:00:38.564085+00:00,2026-07-01T23:00:38.563867,1,2,90.85,0.5,90.6,100,,,,,,,,,,,,,,,,,,,91.1,100,91.3,150,,,,,,,,,,,,,,,,
2026-07-01T23:00:38.764980+00:00,2026-07-01T23:00:38.764655,1,2,90.85,0.5,90.6,105,,,,,,,,,,,,,,,,,,,91.1,50,91.3,150,,,,,,,,,,,,,,,,
2026-07-01T23:00:39.883403+00:00,2026-07-01T23:00:39.883098,1,1,90.85,0.5,90.6,105,,,,,,,,,,,,,,,,,,,91.1,50,,,,,,,,,,,,,,,,,,
2026-07-01T23:00:39.921587+00:00,2026-07-01T23:00:39.921481,2,1,90.85,0.5,90.6,105,90.1,150,,,,,,,,,,,,,,,,,91.1,50,,,,,,,,,,,,,,,,,,
2026-07-01T23:00:39.979758+00:00,2026-07-01T23:00:39.979963,1,2,90.35,0.5,90.1,150,,,,,,,,,,,,,,,,,,,90.6,45,91.1,50,,,,,,,,,,,,,,,,
2026-07-01T23:00:40.121814+00:00,2026-07-01T23:00:40.121695,1,2,90.35,0.5,90.1,150,,,,,,,,,,,,,,,,,,,90.6,40,91.1,50,,,,,,,,,,,,,,,,
2026-07-01T23:00:40.600191+00:00,2026-07-01T23:00:40.599930,1,2,90.35,0.5,90.1,107,,,,,,,,,,,,,,,,,,,90.6,40,91.1,50,,,,,,,,,,,,,,,,
2026-07-01T23:00:40.827103+00:00,2026-07-01T23:00:40.827053,1,1,90.6,1.0,90.1,107,,,,,,,,,,,,,,,,,,,91.1,40,,,,,,,,,,,,,,,,,,
2026-07-01T23:00:41.238248+00:00,2026-07-01T23:00:41.239016,2,1,90.85,0.5,90.6,5,90.1,107,,,,,,,,,,,,,,,,,91.1,40,,,,,,,,,,,,,,,,,,
2026-07-01T23:00:41.623053+00:00,2026-07-01T23:00:41.622939,2,0,,,90.6,5,90.1,107,,,,,,,,,,,,,,,,,,,,,,,,,,,,,,,,,,,,
2026-07-01T23:00:41.665664+00:00,2026-07-01T23:00:41.665871,3,0,,,90.6,5,90.4,100,90.1,107,,,,,,,,,,,,,,,,,,,,,,,,,,,,,,,,,,
2026-07-01T23:00:41.733511+00:00,2026-07-01T23:00:41.733403,3,1,90.75,0.3,90.6,5,90.4,100,90.1,107,,,,,,,,,,,,,,,90.9,100,,,,,,,,,,,,,,,,,,
2026-07-01T23:00:42.094976+00:00,2026-07-01T23:00:42.095156,3,1,90.75,0.3,90.6,5,90.4,100,90.1,107,,,,,,,,,,,,,,,90.9,101,,,,,,,,,,,,,,,,,,
2026-07-01T23:00:42.700478+00:00,2026-07-01T23:00:42.700686,2,1,90.65,0.5,90.4,61,90.1,107,,,,,,,,,,,,,,,,,90.9,101,,,,,,,,,,,,,,,,,,
2026-07-01T23:00:42.965370+00:00,2026-07-01T23:00:42.965124,2,1,90.65,0.5,90.4,61,90.1,107,,,,,,,,,,,,,,,,,90.9,51,,,,,,,,,,,,,,,,,,
2026-07-01T23:00:43.041436+00:00,2026-07-01T23:00:43.041613,1,1,90.65,0.5,90.4,61,,,,,,,,,,,,,,,,,,,90.9,51,,,,,,,,,,,,,,,,,,
2026-07-01T23:00:43.105582+00:00,2026-07-01T23:00:43.105443,2,1,90.7,0.4,90.5,150,90.4,61,,,,,,,,,,,,,,,,,90.9,51,,,,,,,,,,,,,,,,,,
2026-07-01T23:00:43.142004+00:00,2026-07-01T23:00:43.142105,2,2,90.7,0.4,90.5,150,90.4,61,,,,,,,,,,,,,,,,,90.9,51,91.0,150,,,,,,,,,,,,,,,,
2026-07-01T23:00:43.284555+00:00,2026-07-01T23:00:43.284825,3,2,90.75,0.3,90.6,5,90.5,150,90.4,61,,,,,,,,,,,,,,,90.9,51,91.0,150,,,,,,,,,,,,,,,,
2026-07-01T23:00:44.039368+00:00,2026-07-01T23:00:44.039158,3,2,90.75,0.3,90.6,5,90.5,150,90.4,61,,,,,,,,,,,,,,,90.9,50,91.0,150,,,,,,,,,,,,,,,,
2026-07-01T23:00:44.812615+00:00,2026-07-01T23:00:44.812812,2,1,90.8,0.4,90.6,5,90.5,150,,,,,,,,,,,,,,,,,91.0,150,,,,,,,,,,,,,,,,,,
2026-07-01T23:00:44.858621+00:00,2026-07-01T23:00:44.842321,3,1,90.8,0.4,90.6,5,90.5,150,90.4,100,,,,,,,,,,,,,,,91.0,150,,,,,,,,,,,,,,,,,,
2026-07-01T23:00:44.895724+00:00,2026-07-01T23:00:44.895625,3,2,90.75,0.3,90.6,5,90.5,150,90.4,100,,,,,,,,,,,,,,,90.9,100,91.0,150,,,,,,,,,,,,,,,,
2026-07-01T23:00:45.105192+00:00,2026-07-01T23:00:45.105112,2,2,90.7,0.4,90.5,105,90.4,100,,,,,,,,,,,,,,,,,90.9,100,91.0,150,,,,,,,,,,,,,,,,
2026-07-01T23:00:45.338372+00:00,2026-07-01T23:00:45.338317,2,2,90.7,0.4,90.5,105,90.4,100,,,,,,,,,,,,,,,,,90.9,55,91.0,150,,,,,,,,,,,,,,,,
2026-07-01T23:00:45.799068+00:00,2026-07-01T23:00:45.798827,2,2,90.7,0.4,90.5,105,90.4,100,,,,,,,,,,,,,,,,,90.9,6,91.0,150,,,,,,,,,,,,,,,,
2026-07-01T23:00:45.859093+00:00,2026-07-01T23:00:45.858757,2,2,90.7,0.4,90.5,60,90.4,100,,,,,,,,,,,,,,,,,90.9,6,91.0,150,,,,,,,,,,,,,,,,
2026-07-01T23:00:46.200117+00:00,2026-07-01T23:00:46.199878,1,1,90.65,0.5,90.4,100,,,,,,,,,,,,,,,,,,,90.9,6,,,,,,,,,,,,,,,,,,
2026-07-01T23:00:46.258679+00:00,2026-07-01T23:00:46.247994,2,1,90.65,0.5,90.4,100,90.0,150,,,,,,,,,,,,,,,,,90.9,6,,,,,,,,,,,,,,,,,,
2026-07-01T23:00:46.315190+00:00,2026-07-01T23:00:46.314902,2,2,90.45,0.1,90.4,100,90.0,150,,,,,,,,,,,,,,,,,90.5,150,90.9,6,,,,,,,,,,,,,,,,
2026-07-01T23:00:46.416690+00:00,2026-07-01T23:00:46.417108,2,2,90.45,0.1,90.4,53,90.0,150,,,,,,,,,,,,,,,,,90.5,150,90.9,6,,,,,,,,,,,,,,,,
2026-07-01T23:00:47.258702+00:00,2026-07-01T23:00:47.239857,2,2,90.45,0.1,90.4,3,90.0,150,,,,,,,,,,,,,,,,,90.5,150,90.9,6,,,,,,,,,,,,,,,,
2026-07-01T23:00:47.972853+00:00,2026-07-01T23:00:47.972528,1,1,90.25,0.5,90.0,150,,,,,,,,,,,,,,,,,,,90.5,150,,,,,,,,,,,,,,,,,,
2026-07-01T23:00:48.010011+00:00,2026-07-01T23:00:48.009891,2,1,90.4,0.2,90.3,100,90.0,150,,,,,,,,,,,,,,,,,90.5,150,,,,,,,,,,,,,,,,,,
2026-07-01T23:00:48.079527+00:00,2026-07-01T23:00:48.079425,2,2,90.4,0.2,90.3,100,90.0,150,,,,,,,,,,,,,,,,,90.5,150,90.8,100,,,,,,,,,,,,,,,,
2026-07-01T23:00:48.829918+00:00,2026-07-01T23:00:48.823776,2,2,90.4,0.2,90.3,100,90.0,150,,,,,,,,,,,,,,,,,90.5,139,90.8,100,,,,,,,,,,,,,,,,
2026-07-01T23:00:49.264609+00:00,2026-07-01T23:00:49.264418,2,2,90.4,0.2,90.3,100,90.0,150,,,,,,,,,,,,,,,,,90.5,139,90.8,107,,,,,,,,,,,,,,,,
2026-07-01T23:00:49.359233+00:00,2026-07-01T23:00:49.359162,2,2,90.4,0.2,90.3,50,90.0,150,,,,,,,,,,,,,,,,,90.5,139,90.8,107,,,,,,,,,,,,,,,,
2026-07-01T23:00:49.364533+00:00,2026-07-01T23:00:49.364419,1,1,90.55,0.5,90.3,50,,,,,,,,,,,,,,,,,,,90.8,107,,,,,,,,,,,,,,,,,,
2026-07-01T23:00:49.406955+00:00,2026-07-01T23:00:49.406884,2,1,90.55,0.5,90.3,50,90.2,150,,,,,,,,,,,,,,,,,90.8,107,,,,,,,,,,,,,,,,,,
2026-07-01T23:00:49.459232+00:00,2026-07-01T23:00:49.459031,2,2,90.5,0.4,90.3,50,90.2,150,,,,,,,,,,,,,,,,,90.7,150,90.8,107,,,,,,,,,,,,,,,,
2026-07-01T23:00:49.674159+00:00,2026-07-01T23:00:49.674457,2,2,90.5,0.4,90.3,50,90.2,150,,,,,,,,,,,,,,,,,90.7,150,90.8,106,,,,,,,,,,,,,,,,
2026-07-01T23:00:49.897417+00:00,2026-07-01T23:00:49.897102,2,2,90.5,0.4,90.3,50,90.2,150,,,,,,,,,,,,,,,,,90.7,150,90.8,104,,,,,,,,,,,,,,,,
2026-07-01T23:00:51.114775+00:00,2026-07-01T23:00:51.114667,2,2,90.5,0.4,90.3,50,90.2,150,,,,,,,,,,,,,,,,,90.7,150,90.8,4,,,,,,,,,,,,,,,,
2026-07-01T23:00:51.119972+00:00,2026-07-01T23:00:51.119880,1,2,90.45,0.5,90.2,150,,,,,,,,,,,,,,,,,,,90.7,150,90.8,4,,,,,,,,,,,,,,,,
2026-07-01T23:00:51.164127+00:00,2026-07-01T23:00:51.163927,1,2,90.45,0.5,90.2,150,,,,,,,,,,,,,,,,,,,90.7,150,90.8,2,,,,,,,,,,,,,,,,
2026-07-01T23:00:51.170250+00:00,2026-07-01T23:00:51.169760,1,2,90.45,0.5,90.2,250,,,,,,,,,,,,,,,,,,,90.7,150,90.8,2,,,,,,,,,,,,,,,,
2026-07-01T23:00:51.236921+00:00,2026-07-01T23:00:51.237101,1,2,90.45,0.5,90.2,250,,,,,,,,,,,,,,,,,,,90.7,250,90.8,2,,,,,,,,,,,,,,,,
2026-07-01T23:00:51.464797+00:00,2026-07-01T23:00:51.464541,1,2,90.45,0.5,90.2,200,,,,,,,,,,,,,,,,,,,90.7,250,90.8,2,,,,,,,,,,,,,,,,
2026-07-01T23:00:51.858688+00:00,2026-07-01T23:00:51.847041,2,2,90.6,0.2,90.5,4,90.2,200,,,,,,,,,,,,,,,,,90.7,250,90.8,2,,,,,,,,,,,,,,,,
2026-07-01T23:00:51.958635+00:00,2026-07-01T23:00:51.954284,2,2,90.6,0.2,90.5,4,90.2,200,,,,,,,,,,,,,,,,,90.7,206,90.8,2,,,,,,,,,,,,,,,,
2026-07-01T23:00:52.180771+00:00,2026-07-01T23:00:52.180693,2,2,90.6,0.2,90.5,4,90.2,200,,,,,,,,,,,,,,,,,90.7,206,90.8,1,,,,,,,,,,,,,,,,
2026-07-01T23:00:52.516738+00:00,2026-07-01T23:00:52.516918,2,2,90.6,0.2,90.5,4,90.2,100,,,,,,,,,,,,,,,,,90.7,100,90.8,1,,,,,,,,,,,,,,,,
2026-07-01T23:00:52.574421+00:00,2026-07-01T23:00:52.574307,3,2,90.6,0.2,90.5,4,90.2,100,90.0,150,,,,,,,,,,,,,,,90.7,100,90.8,1,,,,,,,,,,,,,,,,
2026-07-01T23:00:52.632223+00:00,2026-07-01T23:00:52.632097,2,3,90.35,0.3,90.2,100,90.0,150,,,,,,,,,,,,,,,,,90.5,146,90.7,100,90.8,1,,,,,,,,,,,,,,
2026-07-01T23:00:53.064525+00:00,2026-07-01T23:00:53.064033,2,3,90.35,0.3,90.2,100,90.0,150,,,,,,,,,,,,,,,,,90.5,103,90.7,100,90.8,1,,,,,,,,,,,,,,
2026-07-01T23:00:53.558807+00:00,2026-07-01T23:00:53.549677,2,3,90.35,0.3,90.2,50,90.0,150,,,,,,,,,,,,,,,,,90.5,103,90.7,100,90.8,1,,,,,,,,,,,,,,
2026-07-01T23:00:53.758611+00:00,2026-07-01T23:00:53.744276,3,3,90.45,0.1,90.4,4,90.2,50,90.0,150,,,,,,,,,,,,,,,90.5,103,90.7,100,90.8,1,,,,,,,,,,,,,,
2026-07-01T23:00:54.204849+00:00,2026-07-01T23:00:54.204809,2,3,90.35,0.3,90.2,5,90.0,150,,,,,,,,,,,,,,,,,90.5,103,90.7,100,90.8,1,,,,,,,,,,,,,,
2026-07-01T23:00:54.288337+00:00,2026-07-01T23:00:54.288218,1,2,90.25,0.5,90.0,150,,,,,,,,,,,,,,,,,,,90.5,103,90.8,1,,,,,,,,,,,,,,,,
2026-07-01T23:00:54.334533+00:00,2026-07-01T23:00:54.334484,2,2,90.25,0.5,90.0,150,89.8,100,,,,,,,,,,,,,,,,,90.5,103,90.8,1,,,,,,,,,,,,,,,,
2026-07-01T23:00:54.403551+00:00,2026-07-01T23:00:54.403427,2,3,90.15,0.3,90.0,150,89.8,100,,,,,,,,,,,,,,,,,90.3,100,90.5,103,90.8,1,,,,,,,,,,,,,,
2026-07-01T23:00:55.403479+00:00,2026-07-01T23:00:55.396786,2,3,90.15,0.3,90.0,150,89.8,100,,,,,,,,,,,,,,,,,90.3,97,90.5,103,90.8,1,,,,,,,,,,,,,,
2026-07-01T23:00:55.680238+00:00,2026-07-01T23:00:55.680062,2,3,90.15,0.3,90.0,100,89.8,100,,,,,,,,,,,,,,,,,90.3,97,90.5,103,90.8,1,,,,,,,,,,,,,,
2026-07-01T23:00:55.701641+00:00,2026-07-01T23:00:55.701351,1,2,90.05,0.5,89.8,100,,,,,,,,,,,,,,,,,,,90.3,97,90.8,1,,,,,,,,,,,,,,,,
2026-07-01T23:00:55.758648+00:00,2026-07-01T23:00:55.742555,2,2,90.15,0.3,90.0,150,89.8,100,,,,,,,,,,,,,,,,,90.3,97,90.8,1,,,,,,,,,,,,,,,,
2026-07-01T23:00:55.793950+00:00,2026-07-01T23:00:55.794350,2,3,90.15,0.3,90.0,150,89.8,100,,,,,,,,,,,,,,,,,90.3,97,90.5,150,90.8,1,,,,,,,,,,,,,,
2026-07-01T23:00:55.858671+00:00,2026-07-01T23:00:55.851364,2,3,90.15,0.3,90.0,150,89.8,100,,,,,,,,,,,,,,,,,90.3,95,90.5,150,90.8,1,,,,,,,,,,,,,,
2026-07-01T23:00:56.192365+00:00,2026-07-01T23:00:56.192734,2,3,90.15,0.3,90.0,150,89.8,100,,,,,,,,,,,,,,,,,90.3,47,90.5,150,90.8,1,,,,,,,,,,,,,,
2026-07-01T23:00:56.406650+00:00,2026-07-01T23:00:56.406464,2,3,90.15,0.3,90.0,150,89.8,100,,,,,,,,,,,,,,,,,90.3,46,90.5,150,90.8,1,,,,,,,,,,,,,,
2026-07-01T23:00:56.692631+00:00,2026-07-01T23:00:56.692490,2,2,90.25,0.5,90.0,150,89.8,100,,,,,,,,,,,,,,,,,90.5,150,90.8,1,,,,,,,,,,,,,,,,
2026-07-01T23:00:56.697927+00:00,2026-07-01T23:00:56.697818,2,1,90.25,0.5,90.0,150,89.8,100,,,,,,,,,,,,,,,,,90.5,107,,,,,,,,,,,,,,,,,,
2026-07-01T23:00:57.449279+00:00,2026-07-01T23:00:57.448716,1,1,90.25,0.5,90.0,150,,,,,,,,,,,,,,,,,,,90.5,107,,,,,,,,,,,,,,,,,,
2026-07-01T23:00:57.500840+00:00,2026-07-01T23:00:57.500726,1,1,90.25,0.5,90.0,150,,,,,,,,,,,,,,,,,,,90.5,7,,,,,,,,,,,,,,,,,,
2026-07-01T23:00:57.538493+00:00,2026-07-01T23:00:57.558786,1,2,90.25,0.5,90.0,150,,,,,,,,,,,,,,,,,,,90.5,7,91.0,100,,,,,,,,,,,,,,,,
2026-07-01T23:00:57.604217+00:00,2026-07-01T23:00:57.604087,1,3,90.25,0.5,90.0,150,,,,,,,,,,,,,,,,,,,90.5,7,90.6,7,91.0,100,,,,,,,,,,,,,,
2026-07-01T23:00:57.787265+00:00,2026-07-01T23:00:57.787229,1,3,90.25,0.5,90.0,100,,,,,,,,,,,,,,,,,,,90.5,7,90.6,7,91.0,100,,,,,,,,,,,,,,
2026-07-01T23:00:57.792572+00:00,2026-07-01T23:00:57.792492,2,3,90.4,0.2,90.3,1,90.0,100,,,,,,,,,,,,,,,,,90.5,7,90.6,7,91.0,100,,,,,,,,,,,,,,
2026-07-01T23:00:58.096405+00:00,2026-07-01T23:00:58.096251,2,3,90.4,0.2,90.3,1,90.0,100,,,,,,,,,,,,,,,,,90.5,7,90.6,6,91.0,100,,,,,,,,,,,,,,
2026-07-01T23:00:58.358776+00:00,2026-07-01T23:00:58.355949,1,3,90.25,0.5,90.0,59,,,,,,,,,,,,,,,,,,,90.5,7,90.6,6,91.0,100,,,,,,,,,,,,,,
2026-07-01T23:00:58.858668+00:00,2026-07-01T23:00:58.849002,1,2,90.3,0.6,90.0,59,,,,,,,,,,,,,,,,,,,90.6,6,91.0,100,,,,,,,,,,,,,,,,
2026-07-01T23:00:58.868919+00:00,2026-07-01T23:00:58.868856,0,2,,,,,,,,,,,,,,,,,,,,,,,90.6,6,91.0,100,,,,,,,,,,,,,,,,
2026-07-01T23:00:58.916229+00:00,2026-07-01T23:00:58.916130,1,2,90.55,0.1,90.5,150,,,,,,,,,,,,,,,,,,,90.6,6,91.0,100,,,,,,,,,,,,,,,,
2026-07-01T23:00:58.968932+00:00,2026-07-01T23:00:58.968839,1,3,90.55,0.1,90.5,150,,,,,,,,,,,,,,,,,,,90.6,6,90.9,150,91.0,100,,,,,,,,,,,,,,
2026-07-01T23:00:59.900763+00:00,2026-07-01T23:00:59.900624,1,3,90.55,0.1,90.5,100,,,,,,,,,,,,,,,,,,,90.6,6,90.9,150,91.0,100,,,,,,,,,,,,,,
2026-07-01T23:00:59.921616+00:00,2026-07-01T23:00:59.921795,1,2,90.7,0.4,90.5,100,,,,,,,,,,,,,,,,,,,90.9,150,91.0,100,,,,,,,,,,,,,,,,
2026-07-01T23:01:00.599544+00:00,2026-07-01T23:01:00.599356,1,1,90.7,0.4,90.5,100,,,,,,,,,,,,,,,,,,,90.9,150,,,,,,,,,,,,,,,,,,
2026-07-01T23:01:00.636835+00:00,2026-07-01T23:01:00.629984,1,1,90.7,0.4,90.5,97,,,,,,,,,,,,,,,,,,,90.9,150,,,,,,,,,,,,,,,,,,
2026-07-01T23:01:00.658694+00:00,2026-07-01T23:01:00.652380,2,1,90.7,0.4,90.5,97,89.9,100,,,,,,,,,,,,,,,,,90.9,150,,,,,,,,,,,,,,,,,,
2026-07-01T23:01:00.711935+00:00,2026-07-01T23:01:00.711824,1,2,90.15,0.5,89.9,100,,,,,,,,,,,,,,,,,,,90.4,3,90.9,150,,,,,,,,,,,,,,,,
2026-07-01T23:01:00.885127+00:00,2026-07-01T23:01:00.885095,1,3,90.15,0.5,89.9,100,,,,,,,,,,,,,,,,,,,90.4,3,90.7,7,90.9,150,,,,,,,,,,,,,,
2026-07-01T23:01:01.264056+00:00,2026-07-01T23:01:01.263941,1,3,90.15,0.5,89.9,100,,,,,,,,,,,,,,,,,,,90.4,3,90.7,6,90.9,150,,,,,,,,,,,,,,
2026-07-01T23:01:01.763999+00:00,2026-07-01T23:01:01.763959,1,3,90.15,0.5,89.9,51,,,,,,,,,,,,,,,,,,,90.4,3,90.7,6,90.9,150,,,,,,,,,,,,,,
2026-07-01T23:01:02.017112+00:00,2026-07-01T23:01:02.017302,1,3,90.15,0.5,89.9,1,,,,,,,,,,,,,,,,,,,90.4,3,90.7,6,90.9,150,,,,,,,,,,,,,,
2026-07-01T23:01:02.022712+00:00,2026-07-01T23:01:02.022621,1,2,90.15,0.5,89.9,1,,,,,,,,,,,,,,,,,,,90.4,3,90.7,6,,,,,,,,,,,,,,,,
2026-07-01T23:01:02.083309+00:00,2026-07-01T23:01:02.083065,2,2,90.15,0.5,89.9,1,89.5,150,,,,,,,,,,,,,,,,,90.4,3,90.7,6,,,,,,,,,,,,,,,,
2026-07-01T23:01:02.138391+00:00,2026-07-01T23:01:02.131707,2,3,89.95,0.1,89.9,1,89.5,150,,,,,,,,,,,,,,,,,90.0,147,90.4,3,90.7,6,,,,,,,,,,,,,,
2026-07-01T23:01:02.991369+00:00,2026-07-01T23:01:02.990970,2,3,89.95,0.1,89.9,1,89.5,150,,,,,,,,,,,,,,,,,90.0,146,90.4,3,90.7,6,,,,,,,,,,,,,,
2026-07-01T23:01:03.269536+00:00,2026-07-01T23:01:03.262586,2,3,89.95,0.1,89.9,1,89.5,150,,,,,,,,,,,,,,,,,90.0,23,90.4,3,90.7,6,,,,,,,,,,,,,,
2026-07-01T23:01:03.784613+00:00,2026-07-01T23:01:03.784843,1,2,89.75,0.5,89.5,150,,,,,,,,,,,,,,,,,,,90.0,23,90.7,6,,,,,,,,,,,,,,,,
2026-07-01T23:01:03.821202+00:00,2026-07-01T23:01:03.821116,2,2,89.95,0.1,89.9,100,89.5,150,,,,,,,,,,,,,,,,,90.0,23,90.7,6,,,,,,,,,,,,,,,,
2026-07-01T23:01:03.876957+00:00,2026-07-01T23:01:03.876852,2,3,89.95,0.1,89.9,100,89.5,150,,,,,,,,,,,,,,,,,90.0,23,90.4,100,90.7,6,,,,,,,,,,,,,,
2026-07-01T23:01:04.063794+00:00,2026-07-01T23:01:04.064042,2,2,90.15,0.5,89.9,100,89.5,150,,,,,,,,,,,,,,,,,90.4,73,90.7,6,,,,,,,,,,,,,,,,
2026-07-01T23:01:05.197193+00:00,2026-07-01T23:01:05.197019,1,2,90.15,0.5,89.9,100,,,,,,,,,,,,,,,,,,,90.4,73,90.7,6,,,,,,,,,,,,,,,,
2026-07-01T23:01:05.202398+00:00,2026-07-01T23:01:05.202330,1,1,90.15,0.5,89.9,100,,,,,,,,,,,,,,,,,,,90.4,73,,,,,,,,,,,,,,,,,,
2026-07-01T23:01:05.240531+00:00,2026-07-01T23:01:05.234278,2,1,90.35,0.1,90.3,147,89.9,100,,,,,,,,,,,,,,,,,90.4,73,,,,,,,,,,,,,,,,,,
2026-07-01T23:01:05.299179+00:00,2026-07-01T23:01:05.299077,2,2,90.35,0.1,90.3,147,89.9,100,,,,,,,,,,,,,,,,,90.4,73,90.8,150,,,,,,,,,,,,,,,,
2026-07-01T23:01:06.196837+00:00,2026-07-01T23:01:06.196750,2,2,90.35,0.1,90.3,147,89.9,100,,,,,,,,,,,,,,,,,90.4,23,90.8,150,,,,,,,,,,,,,,,,
2026-07-01T23:01:06.926673+00:00,2026-07-01T23:01:06.926537,1,1,90.55,0.5,90.3,147,,,,,,,,,,,,,,,,,,,90.8,150,,,,,,,,,,,,,,,,,,
2026-07-01T23:01:06.982828+00:00,2026-07-01T23:01:06.982719,1,1,90.55,0.5,90.3,247,,,,,,,,,,,,,,,,,,,90.8,150,,,,,,,,,,,,,,,,,,
2026-07-01T23:01:07.036104+00:00,2026-07-01T23:01:07.035825,1,1,90.55,0.5,90.3,247,,,,,,,,,,,,,,,,,,,90.8,250,,,,,,,,,,,,,,,,,,
2026-07-01T23:01:07.108401+00:00,2026-07-01T23:01:07.108227,1,1,90.55,0.5,90.3,247,,,,,,,,,,,,,,,,,,,90.8,210,,,,,,,,,,,,,,,,,,
2026-07-01T23:01:07.526654+00:00,2026-07-01T23:01:07.526572,1,2,90.45,0.3,90.3,247,,,,,,,,,,,,,,,,,,,90.6,5,90.8,210,,,,,,,,,,,,,,,,
2026-07-01T23:01:08.125255+00:00,2026-07-01T23:01:08.124809,1,2,90.45,0.3,90.3,249,,,,,,,,,,,,,,,,,,,90.6,5,90.8,210,,,,,,,,,,,,,,,,
2026-07-01T23:01:08.301358+00:00,2026-07-01T23:01:08.301196,1,1,90.55,0.5,90.3,249,,,,,,,,,,,,,,,,,,,90.8,165,,,,,,,,,,,,,,,,,,
2026-07-01T23:01:08.340233+00:00,2026-07-01T23:01:08.339881,1,1,90.55,0.5,90.3,102,,,,,,,,,,,,,,,,,,,90.8,100,,,,,,,,,,,,,,,,,,
2026-07-01T23:01:08.408420+00:00,2026-07-01T23:01:08.402773,2,1,90.65,0.3,90.5,147,90.3,102,,,,,,,,,,,,,,,,,90.8,100,,,,,,,,,,,,,,,,,,
2026-07-01T23:01:08.459265+00:00,2026-07-01T23:01:08.442232,2,2,90.65,0.3,90.5,147,90.3,102,,,,,,,,,,,,,,,,,90.8,100,91.0,150,,,,,,,,,,,,,,,,
2026-07-01T23:01:10.089789+00:00,2026-07-01T23:01:10.090291,2,1,90.75,0.5,90.5,147,90.3,2,,,,,,,,,,,,,,,,,91.0,150,,,,,,,,,,,,,,,,,,
2026-07-01T23:01:10.163937+00:00,2026-07-01T23:01:10.163867,3,1,90.75,0.5,90.5,147,90.3,2,90.2,100,,,,,,,,,,,,,,,91.0,150,,,,,,,,,,,,,,,,,,
2026-07-01T23:01:10.208098+00:00,2026-07-01T23:01:10.207960,3,2,90.6,0.2,90.5,147,90.3,2,90.2,100,,,,,,,,,,,,,,,90.7,100,91.0,150,,,,,,,,,,,,,,,,
2026-07-01T23:01:10.412581+00:00,2026-07-01T23:01:10.412437,3,2,90.6,0.2,90.5,147,90.3,2,90.2,100,,,,,,,,,,,,,,,90.7,50,91.0,150,,,,,,,,,,,,,,,,
2026-07-01T23:01:10.933426+00:00,2026-07-01T23:01:10.933593,3,2,90.6,0.2,90.5,147,90.3,2,90.2,100,,,,,,,,,,,,,,,90.7,53,91.0,150,,,,,,,,,,,,,,,,
2026-07-01T23:01:11.526062+00:00,2026-07-01T23:01:11.525966,2,1,90.5,0.4,90.3,2,90.2,100,,,,,,,,,,,,,,,,,90.7,53,,,,,,,,,,,,,,,,,,
2026-07-01T23:01:11.573893+00:00,2026-07-01T23:01:11.574119,3,0,,,90.7,97,90.3,2,90.2,100,,,,,,,,,,,,,,,,,,,,,,,,,,,,,,,,,,
2026-07-01T23:01:11.585325+00:00,2026-07-01T23:01:11.585184,3,0,,,90.7,94,90.3,2,90.2,100,,,,,,,,,,,,,,,,,,,,,,,,,,,,,,,,,,
2026-07-01T23:01:11.627980+00:00,2026-07-01T23:01:11.627844,3,1,90.95,0.5,90.7,94,90.3,2,90.2,100,,,,,,,,,,,,,,,91.2,150,,,,,,,,,,,,,,,,,,
2026-07-01T23:01:12.520244+00:00,2026-07-01T23:01:12.520112,3,1,90.95,0.5,90.7,94,90.3,2,90.2,100,,,,,,,,,,,,,,,91.2,100,,,,,,,,,,,,,,,,,,
2026-07-01T23:01:12.628681+00:00,2026-07-01T23:01:12.628641,3,1,90.95,0.5,90.7,92,90.3,2,90.2,100,,,,,,,,,,,,,,,91.2,100,,,,,,,,,,,,,,,,,,
2026-07-01T23:01:12.671504+00:00,2026-07-01T23:01:12.671305,2,1,90.75,0.9,90.3,2,90.2,100,,,,,,,,,,,,,,,,,91.2,100,,,,,,,,,,,,,,,,,,
2026-07-01T23:01:12.696377+00:00,2026-07-01T23:01:12.696272,2,2,90.5,0.4,90.3,2,90.2,100,,,,,,,,,,,,,,,,,90.7,2,91.2,100,,,,,,,,,,,,,,,,
2026-07-01T23:01:13.299337+00:00,2026-07-01T23:01:13.299171,1,2,90.5,0.4,90.3,2,,,,,,,,,,,,,,,,,,,90.7,2,91.2,100,,,,,,,,,,,,,,,,
2026-07-01T23:01:13.358703+00:00,2026-07-01T23:01:13.347248,1,1,90.85,0.7,90.5,100,,,,,,,,,,,,,,,,,,,91.2,100,,,,,,,,,,,,,,,,,,
2026-07-01T23:01:13.379159+00:00,2026-07-01T23:01:13.379065,1,2,90.75,0.5,90.5,100,,,,,,,,,,,,,,,,,,,91.0,100,91.2,100,,,,,,,,,,,,,,,,
2026-07-01T23:01:13.532495+00:00,2026-07-01T23:01:13.532429,1,2,90.75,0.5,90.5,59,,,,,,,,,,,,,,,,,,,91.0,100,91.2,100,,,,,,,,,,,,,,,,
2026-07-01T23:01:14.459057+00:00,2026-07-01T23:01:14.448358,1,2,90.75,0.5,90.5,64,,,,,,,,,,,,,,,,,,,91.0,100,91.2,100,,,,,,,,,,,,,,,,
2026-07-01T23:01:14.622215+00:00,2026-07-01T23:01:14.622446,1,3,90.65,0.3,90.5,64,,,,,,,,,,,,,,,,,,,90.8,1,91.0,100,91.2,100,,,,,,,,,,,,,,
2026-07-01T23:01:14.643415+00:00,2026-07-01T23:01:14.643566,1,2,90.75,0.5,90.5,64,,,,,,,,,,,,,,,,,,,91.0,51,91.2,100,,,,,,,,,,,,,,,,
2026-07-01T23:01:14.686638+00:00,2026-07-01T23:01:14.686550,1,1,90.75,0.5,90.5,64,,,,,,,,,,,,,,,,,,,91.0,51,,,,,,,,,,,,,,,,,,
2026-07-01T23:01:14.691982+00:00,2026-07-01T23:01:14.691859,1,1,90.75,0.5,90.5,17,,,,,,,,,,,,,,,,,,,91.0,51,,,,,,,,,,,,,,,,,,
2026-07-01T23:01:14.719215+00:00,2026-07-01T23:01:14.719060,2,1,90.75,0.5,90.5,17,90.4,150,,,,,,,,,,,,,,,,,91.0,51,,,,,,,,,,,,,,,,,,
2026-07-01T23:01:14.787960+00:00,2026-07-01T23:01:14.787833,2,2,90.7,0.4,90.5,17,90.4,150,,,,,,,,,,,,,,,,,90.9,150,91.0,51,,,,,,,,,,,,,,,,
2026-07-01T23:01:14.793287+00:00,2026-07-01T23:01:14.793075,2,3,90.65,0.3,90.5,17,90.4,150,,,,,,,,,,,,,,,,,90.8,1,90.9,150,91.0,51,,,,,,,,,,,,,,
2026-07-01T23:01:15.805416+00:00,2026-07-01T23:01:15.805292,2,3,90.65,0.3,90.5,16,90.4,150,,,,,,,,,,,,,,,,,90.8,1,90.9,150,91.0,51,,,,,,,,,,,,,,
2026-07-01T23:01:16.269277+00:00,2026-07-01T23:01:16.269116,2,2,90.7,0.4,90.5,16,90.4,150,,,,,,,,,,,,,,,,,90.9,111,91.0,51,,,,,,,,,,,,,,,,
2026-07-01T23:01:16.444576+00:00,2026-07-01T23:01:16.444503,2,1,90.7,0.4,90.5,4,90.4,150,,,,,,,,,,,,,,,,,90.9,111,,,,,,,,,,,,,,,,,,
2026-07-01T23:01:16.500467+00:00,2026-07-01T23:01:16.500420,2,1,90.7,0.4,90.5,4,90.4,250,,,,,,,,,,,,,,,,,90.9,111,,,,,,,,,,,,,,,,,,
2026-07-01T23:01:16.544032+00:00,2026-07-01T23:01:16.544210,2,1,90.7,0.4,90.5,4,90.4,250,,,,,,,,,,,,,,,,,90.9,211,,,,,,,,,,,,,,,,,,
2026-07-01T23:01:16.735999+00:00,2026-07-01T23:01:16.735956,2,1,90.7,0.4,90.5,4,90.4,250,,,,,,,,,,,,,,,,,90.9,161,,,,,,,,,,,,,,,,,,
2026-07-01T23:01:16.936306+00:00,2026-07-01T23:01:16.936171,2,2,90.65,0.3,90.5,4,90.4,250,,,,,,,,,,,,,,,,,90.8,1,90.9,161,,,,,,,,,,,,,,,,
2026-07-01T23:01:17.381346+00:00,2026-07-01T23:01:17.381228,1,2,90.6,0.4,90.4,250,,,,,,,,,,,,,,,,,,,90.8,1,90.9,161,,,,,,,,,,,,,,,,
2026-07-01T23:01:17.401690+00:00,2026-07-01T23:01:17.401321,2,2,90.65,0.3,90.5,5,90.4,250,,,,,,,,,,,,,,,,,90.8,1,90.9,161,,,,,,,,,,,,,,,,
2026-07-01T23:01:17.826718+00:00,2026-07-01T23:01:17.826654,2,2,90.65,0.3,90.5,5,90.4,250,,,,,,,,,,,,,,,,,90.8,1,90.9,100,,,,,,,,,,,,,,,,
2026-07-01T23:01:17.831929+00:00,2026-07-01T23:01:17.831820,2,2,90.65,0.3,90.5,5,90.4,100,,,,,,,,,,,,,,,,,90.8,1,90.9,100,,,,,,,,,,,,,,,,
2026-07-01T23:01:17.901650+00:00,2026-07-01T23:01:17.901569,2,2,90.65,0.3,90.5,155,90.4,100,,,,,,,,,,,,,,,,,90.8,1,90.9,100,,,,,,,,,,,,,,,,
2026-07-01T23:01:17.958621+00:00,2026-07-01T23:01:17.948642,2,3,90.65,0.3,90.5,155,90.4,100,,,,,,,,,,,,,,,,,90.8,1,90.9,100,91.0,150,,,,,,,,,,,,,,
2026-07-01T23:01:18.448497+00:00,2026-07-01T23:01:18.458881,2,2,90.7,0.4,90.5,155,90.4,100,,,,,,,,,,,,,,,,,90.9,57,91.0,150,,,,,,,,,,,,,,,,
2026-07-01T23:01:18.501920+00:00,2026-07-01T23:01:18.501816,2,3,90.65,0.3,90.5,155,90.4,100,,,,,,,,,,,,,,,,,90.8,1,90.9,57,91.0,150,,,,,,,,,,,,,,
2026-07-01T23:01:18.858891+00:00,2026-07-01T23:01:18.843038,2,2,90.7,0.4,90.5,155,90.4,100,,,,,,,,,,,,,,,,,90.9,8,91.0,150,,,,,,,,,,,,,,,,
2026-07-01T23:01:19.401100+00:00,2026-07-01T23:01:19.400966,2,2,90.7,0.4,90.5,115,90.4,100,,,,,,,,,,,,,,,,,90.9,8,91.0,150,,,,,,,,,,,,,,,,
2026-07-01T23:01:19.597723+00:00,2026-07-01T23:01:19.597929,1,1,90.75,0.5,90.5,115,,,,,,,,,,,,,,,,,,,91.0,150,,,,,,,,,,,,,,,,,,
2026-07-01T23:01:19.659068+00:00,2026-07-01T23:01:19.658823,2,1,90.85,0.3,90.7,100,90.5,115,,,,,,,,,,,,,,,,,91.0,150,,,,,,,,,,,,,,,,,,
2026-07-01T23:01:19.716100+00:00,2026-07-01T23:01:19.716452,2,2,90.85,0.3,90.7,100,90.5,120,,,,,,,,,,,,,,,,,91.0,150,91.2,100,,,,,,,,,,,,,,,,
2026-07-01T23:01:19.858848+00:00,2026-07-01T23:01:19.855677,2,3,90.75,0.1,90.7,100,90.5,120,,,,,,,,,,,,,,,,,90.8,1,91.0,150,91.2,100,,,,,,,,,,,,,,
2026-07-01T23:01:19.929629+00:00,2026-07-01T23:01:19.929395,1,3,90.65,0.3,90.5,120,,,,,,,,,,,,,,,,,,,90.8,1,91.0,150,91.2,100,,,,,,,,,,,,,,
2026-07-01T23:01:20.963955+00:00,2026-07-01T23:01:20.963902,1,2,90.75,0.5,90.5,120,,,,,,,,,,,,,,,,,,,91.0,101,91.2,100,,,,,,,,,,,,,,,,
2026-07-01T23:01:20.993834+00:00,2026-07-01T23:01:20.993601,1,1,90.85,0.7,90.5,5,,,,,,,,,,,,,,,,,,,91.2,100,,,,,,,,,,,,,,,,,,
2026-07-01T23:01:21.058949+00:00,2026-07-01T23:01:21.038160,2,1,90.9,0.6,90.6,150,90.5,5,,,,,,,,,,,,,,,,,91.2,100,,,,,,,,,,,,,,,,,,
2026-07-01T23:01:21.105575+00:00,2026-07-01T23:01:21.105480,2,2,90.85,0.5,90.6,150,90.5,5,,,,,,,,,,,,,,,,,91.1,150,91.2,100,,,,,,,,,,,,,,,,
2026-07-01T23:01:21.332762+00:00,2026-07-01T23:01:21.332534,2,3,90.75,0.3,90.6,150,90.5,5,,,,,,,,,,,,,,,,,90.9,1,91.1,150,91.2,100,,,,,,,,,,,,,,
2026-07-01T23:01:21.343287+00:00,2026-07-01T23:01:21.343120,2,2,90.85,0.5,90.6,150,90.5,5,,,,,,,,,,,,,,,,,91.1,110,91.2,100,,,,,,,,,,,,,,,,
2026-07-01T23:01:21.383249+00:00,2026-07-01T23:01:21.383173,2,3,90.75,0.3,90.6,150,90.5,5,,,,,,,,,,,,,,,,,90.9,1,91.1,110,91.2,100,,,,,,,,,,,,,,
2026-07-01T23:01:21.400752+00:00,2026-07-01T23:01:21.400701,2,3,90.75,0.3,90.6,109,90.5,5,,,,,,,,,,,,,,,,,90.9,1,91.1,110,91.2,100,,,,,,,,,,,,,,
2026-07-01T23:01:21.668835+00:00,2026-07-01T23:01:21.662706,2,3,90.75,0.3,90.6,90,90.5,5,,,,,,,,,,,,,,,,,90.9,1,91.1,110,91.2,100,,,,,,,,,,,,,,
2026-07-01T23:01:21.980676+00:00,2026-07-01T23:01:21.980907,2,3,90.75,0.3,90.6,43,90.5,5,,,,,,,,,,,,,,,,,90.9,1,91.1,110,91.2,100,,,,,,,,,,,,,,
2026-07-01T23:01:22.199933+00:00,2026-07-01T23:01:22.199780,2,3,90.75,0.3,90.6,43,90.5,4,,,,,,,,,,,,,,,,,90.9,1,91.1,110,91.2,100,,,,,,,,,,,,,,
2026-07-01T23:01:22.391147+00:00,2026-07-01T23:01:22.390931,2,2,90.85,0.5,90.6,43,90.5,4,,,,,,,,,,,,,,,,,91.1,110,91.2,100,,,,,,,,,,,,,,,,
2026-07-01T23:01:22.747351+00:00,2026-07-01T23:01:22.749162,2,1,90.85,0.5,90.6,43,90.5,4,,,,,,,,,,,,,,,,,91.1,110,,,,,,,,,,,,,,,,,,
2026-07-01T23:01:22.821974+00:00,2026-07-01T23:01:22.821903,3,1,90.85,0.5,90.6,43,90.5,4,90.2,100,,,,,,,,,,,,,,,91.1,110,,,,,,,,,,,,,,,,,,
2026-07-01T23:01:22.869626+00:00,2026-07-01T23:01:22.869421,3,2,90.65,0.1,90.6,43,90.5,4,90.2,100,,,,,,,,,,,,,,,90.7,100,91.1,110,,,,,,,,,,,,,,,,
2026-07-01T23:01:23.063955+00:00,2026-07-01T23:01:23.063765,3,2,90.65,0.1,90.6,43,90.5,4,90.2,100,,,,,,,,,,,,,,,90.7,50,91.1,110,,,,,,,,,,,,,,,,
2026-07-01T23:01:24.164216+00:00,2026-07-01T23:01:24.164045,2,1,90.6,0.2,90.5,4,90.2,100,,,,,,,,,,,,,,,,,90.7,50,,,,,,,,,,,,,,,,,,
2026-07-01T23:01:24.217555+00:00,2026-07-01T23:01:24.217361,3,1,90.6,0.2,90.5,4,90.4,150,90.2,100,,,,,,,,,,,,,,,90.7,50,,,,,,,,,,,,,,,,,,
2026-07-01T23:01:24.285733+00:00,2026-07-01T23:01:24.285639,3,2,90.6,0.2,90.5,4,90.4,150,90.2,100,,,,,,,,,,,,,,,90.7,50,90.9,150,,,,,,,,,,,,,,,,
2026-07-01T23:01:25.220577+00:00,2026-07-01T23:01:25.220510,2,2,90.55,0.3,90.4,104,90.2,100,,,,,,,,,,,,,,,,,90.7,50,90.9,150,,,,,,,,,,,,,,,,
2026-07-01T23:01:25.574759+00:00,2026-07-01T23:01:25.574356,3,2,90.65,0.1,90.6,5,90.4,104,90.2,100,,,,,,,,,,,,,,,90.7,50,90.9,150,,,,,,,,,,,,,,,,
2026-07-01T23:01:25.659332+00:00,2026-07-01T23:01:25.659219,3,2,90.65,0.1,90.6,5,90.4,104,90.2,100,,,,,,,,,,,,,,,90.7,50,90.9,151,,,,,,,,,,,,,,,,
2026-07-01T23:01:25.913265+00:00,2026-07-01T23:01:25.913148,3,1,90.75,0.3,90.6,5,90.4,104,90.2,100,,,,,,,,,,,,,,,90.9,151,,,,,,,,,,,,,,,,,,
2026-07-01T23:01:25.918226+00:00,2026-07-01T23:01:25.918335,2,1,90.75,0.3,90.6,5,90.4,104,,,,,,,,,,,,,,,,,90.9,151,,,,,,,,,,,,,,,,,,
2026-07-01T23:01:25.970420+00:00,2026-07-01T23:01:25.970136,2,1,90.75,0.3,90.6,105,90.4,104,,,,,,,,,,,,,,,,,90.9,151,,,,,,,,,,,,,,,,,,
2026-07-01T23:01:26.079198+00:00,2026-07-01T23:01:26.079110,2,2,90.75,0.3,90.6,105,90.4,104,,,,,,,,,,,,,,,,,90.9,151,91.1,100,,,,,,,,,,,,,,,,
2026-07-01T23:01:26.679647+00:00,2026-07-01T23:01:26.679481,2,2,90.75,0.3,90.6,105,90.4,104,,,,,,,,,,,,,,,,,90.9,150,91.1,100,,,,,,,,,,,,,,,,
2026-07-01T23:01:27.330160+00:00,2026-07-01T23:01:27.330035,2,1,90.85,0.5,90.6,55,90.4,104,,,,,,,,,,,,,,,,,91.1,100,,,,,,,,,,,,,,,,,,
2026-07-01T23:01:27.358878+00:00,2026-07-01T23:01:27.358675,1,1,90.85,0.5,90.6,55,,,,,,,,,,,,,,,,,,,91.1,100,,,,,,,,,,,,,,,,,,
2026-07-01T23:01:27.389131+00:00,2026-07-01T23:01:27.389046,2,1,90.85,0.5,90.6,55,90.2,150,,,,,,,,,,,,,,,,,91.1,100,,,,,,,,,,,,,,,,,,
2026-07-01T23:01:27.465147+00:00,2026-07-01T23:01:27.465085,2,2,90.65,0.1,90.6,55,90.2,150,,,,,,,,,,,,,,,,,90.7,150,91.1,100,,,,,,,,,,,,,,,,
2026-07-01T23:01:28.658680+00:00,2026-07-01T23:01:28.644869,2,2,90.65,0.1,90.6,60,90.2,150,,,,,,,,,,,,,,,,,90.7,150,91.1,100,,,,,,,,,,,,,,,,
2026-07-01T23:01:29.078475+00:00,2026-07-01T23:01:29.078335,2,1,90.65,0.1,90.6,5,90.2,150,,,,,,,,,,,,,,,,,90.7,150,,,,,,,,,,,,,,,,,,
2026-07-01T23:01:29.127637+00:00,2026-07-01T23:01:29.128010,3,1,90.65,0.1,90.6,5,90.5,100,90.2,150,,,,,,,,,,,,,,,90.7,150,,,,,,,,,,,,,,,,,,
2026-07-01T23:01:29.182495+00:00,2026-07-01T23:01:29.182371,3,2,90.65,0.1,90.6,5,90.5,100,90.2,150,,,,,,,,,,,,,,,90.7,150,91.0,100,,,,,,,,,,,,,,,,
2026-07-01T23:01:29.436027+00:00,2026-07-01T23:01:29.435877,2,2,90.6,0.2,90.5,55,90.2,150,,,,,,,,,,,,,,,,,90.7,150,91.0,100,,,,,,,,,,,,,,,,
2026-07-01T23:01:29.684899+00:00,2026-07-01T23:01:29.684819,2,2,90.6,0.2,90.5,55,90.2,150,,,,,,,,,,,,,,,,,90.7,104,91.0,100,,,,,,,,,,,,,,,,
2026-07-01T23:01:29.827117+00:00,2026-07-01T23:01:29.827057,2,2,90.6,0.2,90.5,59,90.2,150,,,,,,,,,,,,,,,,,90.7,104,91.0,100,,,,,,,,,,,,,,,,
2026-07-01T23:01:30.499541+00:00,2026-07-01T23:01:30.499387,1,1,90.75,0.5,90.5,59,,,,,,,,,,,,,,,,,,,91.0,100,,,,,,,,,,,,,,,,,,
2026-07-01T23:01:30.504813+00:00,2026-07-01T23:01:30.504696,1,2,90.65,0.3,90.5,59,,,,,,,,,,,,,,,,,,,90.8,2,91.0,100,,,,,,,,,,,,,,,,
2026-07-01T23:01:30.558674+00:00,2026-07-01T23:01:30.547941,1,2,90.65,0.3,90.5,209,,,,,,,,,,,,,,,,,,,90.8,2,91.0,100,,,,,,,,,,,,,,,,
2026-07-01T23:01:30.624672+00:00,2026-07-01T23:01:30.624615,1,2,90.65,0.3,90.5,209,,,,,,,,,,,,,,,,,,,90.8,2,91.0,250,,,,,,,,,,,,,,,,
2026-07-01T23:01:31.393185+00:00,2026-07-01T23:01:31.393088,1,2,90.7,0.4,90.5,209,,,,,,,,,,,,,,,,,,,90.9,2,91.0,207,,,,,,,,,,,,,,,,
2026-07-01T23:01:31.529074+00:00,2026-07-01T23:01:31.528815,1,2,90.7,0.4,90.5,208,,,,,,,,,,,,,,,,,,,90.9,2,91.0,207,,,,,,,,,,,,,,,,
2026-07-01T23:01:31.558716+00:00,2026-07-01T23:01:31.535355,1,2,90.7,0.4,90.5,158,,,,,,,,,,,,,,,,,,,90.9,2,91.0,207,,,,,,,,,,,,,,,,
2026-07-01T23:01:31.907339+00:00,2026-07-01T23:01:31.907808,1,1,90.75,0.5,90.5,158,,,,,,,,,,,,,,,,,,,91.0,207,,,,,,,,,,,,,,,,,,
2026-07-01T23:01:32.236409+00:00,2026-07-01T23:01:32.236321,1,1,90.75,0.5,90.5,153,,,,,,,,,,,,,,,,,,,91.0,150,,,,,,,,,,,,,,,,,,
2026-07-01T23:01:32.290191+00:00,2026-07-01T23:01:32.290122,2,1,90.75,0.5,90.5,153,90.4,100,,,,,,,,,,,,,,,,,91.0,150,,,,,,,,,,,,,,,,,,
2026-07-01T23:01:32.335479+00:00,2026-07-01T23:01:32.335420,2,2,90.7,0.4,90.5,153,90.4,100,,,,,,,,,,,,,,,,,90.9,100,91.0,150,,,,,,,,,,,,,,,,
2026-07-01T23:01:33.435480+00:00,2026-07-01T23:01:33.435166,2,2,90.7,0.4,90.5,153,90.4,100,,,,,,,,,,,,,,,,,90.9,103,91.0,150,,,,,,,,,,,,,,,,
2026-07-01T23:01:33.651122+00:00,2026-07-01T23:01:33.651627,1,1,90.65,0.5,90.4,100,,,,,,,,,,,,,,,,,,,90.9,103,,,,,,,,,,,,,,,,,,
2026-07-01T23:01:33.714857+00:00,2026-07-01T23:01:33.714739,2,1,90.7,0.4,90.5,150,90.4,100,,,,,,,,,,,,,,,,,90.9,103,,,,,,,,,,,,,,,,,,
2026-07-01T23:01:33.758550+00:00,2026-07-01T23:01:33.757673,2,2,90.7,0.4,90.5,150,90.4,100,,,,,,,,,,,,,,,,,90.9,103,91.0,150,,,,,,,,,,,,,,,,
2026-07-01T23:01:34.148420+00:00,2026-07-01T23:01:34.148330,3,2,90.75,0.3,90.6,3,90.5,150,90.4,100,,,,,,,,,,,,,,,90.9,103,91.0,150,,,,,,,,,,,,,,,,
2026-07-01T23:01:34.983375+00:00,2026-07-01T23:01:34.983258,3,2,90.75,0.3,90.6,3,90.5,150,90.4,100,,,,,,,,,,,,,,,90.9,56,91.0,150,,,,,,,,,,,,,,,,
2026-07-01T23:01:35.394745+00:00,2026-07-01T23:01:35.394678,2,2,90.75,0.3,90.6,3,90.5,150,,,,,,,,,,,,,,,,,90.9,3,91.0,150,,,,,,,,,,,,,,,,
2026-07-01T23:01:35.458803+00:00,2026-07-01T23:01:35.447803,2,2,90.75,0.3,90.6,103,90.5,150,,,,,,,,,,,,,,,,,90.9,3,91.0,150,,,,,,,,,,,,,,,,
2026-07-01T23:01:35.528646+00:00,2026-07-01T23:01:35.528119,2,3,90.75,0.3,90.6,103,90.5,150,,,,,,,,,,,,,,,,,90.9,3,91.0,150,91.1,100,,,,,,,,,,,,,,
2026-07-01T23:01:35.595958+00:00,2026-07-01T23:01:35.595418,2,3,90.75,0.3,90.6,54,90.5,150,,,,,,,,,,,,,,,,,90.9,3,91.0,150,91.1,100,,,,,,,,,,,,,,
2026-07-01T23:01:35.758758+00:00,2026-07-01T23:01:35.753444,2,3,90.75,0.3,90.6,4,90.5,150,,,,,,,,,,,,,,,,,90.9,3,91.0,150,91.1,100,,,,,,,,,,,,,,
2026-07-01T23:01:36.595754+00:00,2026-07-01T23:01:36.595679,2,3,90.75,0.3,90.6,4,90.5,150,,,,,,,,,,,,,,,,,90.9,2,91.0,150,91.1,100,,,,,,,,,,,,,,
2026-07-01T23:01:36.832961+00:00,2026-07-01T23:01:36.832697,1,2,90.75,0.3,90.6,4,,,,,,,,,,,,,,,,,,,90.9,2,91.1,100,,,,,,,,,,,,,,,,
2026-07-01T23:01:36.890922+00:00,2026-07-01T23:01:36.890751,2,2,90.75,0.3,90.6,4,90.5,150,,,,,,,,,,,,,,,,,90.9,2,91.1,100,,,,,,,,,,,,,,,,
2026-07-01T23:01:36.944441+00:00,2026-07-01T23:01:36.944729,2,3,90.75,0.3,90.6,4,90.5,150,,,,,,,,,,,,,,,,,90.9,2,91.0,150,91.1,100,,,,,,,,,,,,,,
2026-07-01T23:01:37.369753+00:00,2026-07-01T23:01:37.362338,2,2,90.8,0.4,90.6,4,90.5,150,,,,,,,,,,,,,,,,,91.0,150,91.1,100,,,,,,,,,,,,,,,,
2026-07-01T23:01:37.876342+00:00,2026-07-01T23:01:37.876273,1,2,90.75,0.5,90.5,104,,,,,,,,,,,,,,,,,,,91.0,150,91.1,100,,,,,,,,,,,,,,,,
2026-07-01T23:01:38.069079+00:00,2026-07-01T23:01:38.068987,2,2,90.8,0.4,90.6,4,90.5,104,,,,,,,,,,,,,,,,,91.0,150,91.1,100,,,,,,,,,,,,,,,,
2026-07-01T23:01:38.196697+00:00,2026-07-01T23:01:38.189768,2,2,90.8,0.4,90.6,4,90.5,104,,,,,,,,,,,,,,,,,91.0,150,91.1,100,,,,,,,,,,,,,,,,
2026-07-01T23:01:38.559159+00:00,2026-07-01T23:01:38.559015,2,1,90.8,0.4,90.6,4,90.5,104,,,,,,,,,,,,,,,,,91.0,150,,,,,,,,,,,,,,,,,,
2026-07-01T23:01:38.627141+00:00,2026-07-01T23:01:38.627286,3,1,90.8,0.4,90.6,4,90.5,104,90.4,100,,,,,,,,,,,,,,,91.0,150,,,,,,,,,,,,,,,,,,
2026-07-01T23:01:38.664700+00:00,2026-07-01T23:01:38.664556,3,2,90.75,0.3,90.6,4,90.5,104,90.4,100,,,,,,,,,,,,,,,90.9,2,91.0,150,,,,,,,,,,,,,,,,
2026-07-01T23:01:38.675248+00:00,2026-07-01T23:01:38.675482,3,2,90.75,0.3,90.6,4,90.5,104,90.4,100,,,,,,,,,,,,,,,90.9,102,91.0,150,,,,,,,,,,,,,,,,
2026-07-01T23:01:40.002630+00:00,2026-07-01T23:01:40.002898,2,2,90.7,0.4,90.5,58,90.4,100,,,,,,,,,,,,,,,,,90.9,102,91.0,150,,,,,,,,,,,,,,,,
2026-07-01T23:01:40.008095+00:00,2026-07-01T23:01:40.008384,1,1,90.65,0.5,90.4,100,,,,,,,,,,,,,,,,,,,90.9,102,,,,,,,,,,,,,,,,,,
2026-07-01T23:01:40.059306+00:00,2026-07-01T23:01:40.059041,2,1,90.65,0.5,90.4,100,90.1,150,,,,,,,,,,,,,,,,,90.9,102,,,,,,,,,,,,,,,,,,
2026-07-01T23:01:40.132091+00:00,2026-07-01T23:01:40.124643,2,2,90.5,0.2,90.4,100,90.1,150,,,,,,,,,,,,,,,,,90.6,140,90.9,102,,,,,,,,,,,,,,,,
2026-07-01T23:01:40.437873+00:00,2026-07-01T23:01:40.437652,2,2,90.5,0.2,90.4,58,90.1,150,,,,,,,,,,,,,,,,,90.6,140,90.9,102,,,,,,,,,,,,,,,,
2026-07-01T23:01:40.713330+00:00,2026-07-01T23:01:40.713251,2,2,90.5,0.2,90.4,58,90.1,150,,,,,,,,,,,,,,,,,90.6,135,90.9,102,,,,,,,,,,,,,,,,
2026-07-01T23:01:40.925007+00:00,2026-07-01T23:01:40.924918,3,2,90.55,0.1,90.5,4,90.4,58,90.1,150,,,,,,,,,,,,,,,90.6,135,90.9,102,,,,,,,,,,,,,,,,
2026-07-01T23:01:41.559222+00:00,2026-07-01T23:01:41.559081,3,2,90.55,0.1,90.5,4,90.4,58,90.1,150,,,,,,,,,,,,,,,90.6,89,90.9,102,,,,,,,,,,,,,,,,
2026-07-01T23:01:41.778971+00:00,2026-07-01T23:01:41.778693,2,2,90.55,0.1,90.5,4,90.1,150,,,,,,,,,,,,,,,,,90.6,89,90.9,2,,,,,,,,,,,,,,,,
2026-07-01T23:01:41.806767+00:00,2026-07-01T23:01:41.806458,3,2,90.55,0.1,90.5,4,90.2,100,90.1,150,,,,,,,,,,,,,,,90.6,89,90.9,2,,,,,,,,,,,,,,,,
2026-07-01T23:01:41.863688+00:00,2026-07-01T23:01:41.863957,3,3,90.55,0.1,90.5,4,90.2,100,90.1,150,,,,,,,,,,,,,,,90.6,89,90.7,100,90.9,2,,,,,,,,,,,,,,
2026-07-01T23:01:42.089860+00:00,2026-07-01T23:01:42.089744,2,3,90.4,0.4,90.2,54,90.1,150,,,,,,,,,,,,,,,,,90.6,89,90.7,100,90.9,2,,,,,,,,,,,,,,
2026-07-01T23:01:42.921883+00:00,2026-07-01T23:01:42.921182,3,3,90.55,0.1,90.5,4,90.2,54,90.1,150,,,,,,,,,,,,,,,90.6,89,90.7,100,90.9,2,,,,,,,,,,,,,,
2026-07-01T23:01:43.137837+00:00,2026-07-01T23:01:43.137803,3,3,90.55,0.1,90.5,3,90.2,54,90.1,150,,,,,,,,,,,,,,,90.6,89,90.7,100,90.9,2,,,,,,,,,,,,,,
2026-07-01T23:01:43.159043+00:00,2026-07-01T23:01:43.158869,3,2,90.6,0.2,90.5,3,90.2,54,90.1,150,,,,,,,,,,,,,,,90.7,100,90.9,2,,,,,,,,,,,,,,,,
2026-07-01T23:01:43.169960+00:00,2026-07-01T23:01:43.169881,2,2,90.6,0.2,90.5,3,90.2,54,,,,,,,,,,,,,,,,,90.7,100,90.9,2,,,,,,,,,,,,,,,,
2026-07-01T23:01:43.238924+00:00,2026-07-01T23:01:43.238687,3,2,90.6,0.2,90.5,3,90.4,150,90.2,54,,,,,,,,,,,,,,,90.7,100,90.9,2,,,,,,,,,,,,,,,,
2026-07-01T23:01:43.277668+00:00,2026-07-01T23:01:43.277569,2,2,90.55,0.3,90.4,110,90.2,54,,,,,,,,,,,,,,,,,90.7,100,90.9,152,,,,,,,,,,,,,,,,
2026-07-01T23:01:44.207525+00:00,2026-07-01T23:01:44.207399,2,2,90.55,0.3,90.4,60,90.2,54,,,,,,,,,,,,,,,,,90.7,100,90.9,152,,,,,,,,,,,,,,,,
2026-07-01T23:01:44.539549+00:00,2026-07-01T23:01:44.539446,3,2,90.6,0.2,90.5,3,90.4,60,90.2,54,,,,,,,,,,,,,,,90.7,100,90.9,152,,,,,,,,,,,,,,,,
2026-07-01T23:01:44.920280+00:00,2026-07-01T23:01:44.920078,2,1,90.7,0.4,90.5,3,90.4,60,,,,,,,,,,,,,,,,,90.9,106,,,,,,,,,,,,,,,,,,
2026-07-01T23:01:44.974206+00:00,2026-07-01T23:01:44.974114,2,2,90.65,0.3,90.5,2,90.4,60,,,,,,,,,,,,,,,,,90.8,5,90.9,106,,,,,,,,,,,,,,,,
2026-07-01T23:01:44.979470+00:00,2026-07-01T23:01:44.979343,3,2,90.65,0.3,90.5,2,90.4,60,90.2,100,,,,,,,,,,,,,,,90.8,5,90.9,106,,,,,,,,,,,,,,,,
2026-07-01T23:01:45.038290+00:00,2026-07-01T23:01:45.038169,3,3,90.6,0.2,90.5,2,90.4,60,90.2,100,,,,,,,,,,,,,,,90.7,100,90.8,5,90.9,106,,,,,,,,,,,,,,
2026-07-01T23:01:45.269369+00:00,2026-07-01T23:01:45.269232,3,2,90.65,0.3,90.5,2,90.4,60,90.2,100,,,,,,,,,,,,,,,90.8,4,90.9,106,,,,,,,,,,,,,,,,
2026-07-01T23:01:46.284350+00:00,2026-07-01T23:01:46.284238,3,2,90.65,0.3,90.5,1,90.4,60,90.2,100,,,,,,,,,,,,,,,90.8,4,90.9,106,,,,,,,,,,,,,,,,
2026-07-01T23:01:46.325933+00:00,2026-07-01T23:01:46.325905,2,2,90.6,0.4,90.4,11,90.2,100,,,,,,,,,,,,,,,,,90.8,4,90.9,106,,,,,,,,,,,,,,,,
2026-07-01T23:01:46.331235+00:00,2026-07-01T23:01:46.331184,2,1,90.6,0.4,90.4,11,90.2,100,,,,,,,,,,,,,,,,,90.8,4,,,,,,,,,,,,,,,,,,
2026-07-01T23:01:46.336481+00:00,2026-07-01T23:01:46.336337,1,1,90.5,0.6,90.2,100,,,,,,,,,,,,,,,,,,,90.8,4,,,,,,,,,,,,,,,,,,
2026-07-01T23:01:46.403165+00:00,2026-07-01T23:01:46.403060,2,1,90.5,0.6,90.2,100,89.9,150,,,,,,,,,,,,,,,,,90.8,4,,,,,,,,,,,,,,,,,,
2026-07-01T23:01:46.442532+00:00,2026-07-01T23:01:46.442400,2,2,90.3,0.2,90.2,100,89.9,150,,,,,,,,,,,,,,,,,90.4,150,90.8,4,,,,,,,,,,,,,,,,
2026-07-01T23:01:46.485764+00:00,2026-07-01T23:01:46.485929,2,2,90.3,0.2,90.2,57,89.9,150,,,,,,,,,,,,,,,,,90.4,150,90.8,4,,,,,,,,,,,,,,,,
2026-07-01T23:01:46.613048+00:00,2026-07-01T23:01:46.605624,2,2,90.3,0.2,90.2,57,89.9,150,,,,,,,,,,,,,,,,,90.4,36,90.8,4,,,,,,,,,,,,,,,,
2026-07-01T23:01:47.292007+00:00,2026-07-01T23:01:47.291852,2,2,90.3,0.2,90.2,57,89.9,150,,,,,,,,,,,,,,,,,90.4,36,90.8,3,,,,,,,,,,,,,,,,
2026-07-01T23:01:47.590480+00:00,2026-07-01T23:01:47.590372,2,0,,,90.2,57,89.9,150,,,,,,,,,,,,,,,,,,,,,,,,,,,,,,,,,,,,
2026-07-01T23:01:48.070232+00:00,2026-07-01T23:01:48.070362,1,0,,,89.9,150,,,,,,,,,,,,,,,,,,,,,,,,,,,,,,,,,,,,,,
2026-07-01T23:01:48.139014+00:00,2026-07-01T23:01:48.138965,2,0,,,90.3,100,89.9,150,,,,,,,,,,,,,,,,,,,,,,,,,,,,,,,,,,,,
2026-07-01T23:01:48.186434+00:00,2026-07-01T23:01:48.186120,2,1,90.55,0.5,90.3,100,89.9,150,,,,,,,,,,,,,,,,,90.8,100,,,,,,,,,,,,,,,,,,
2026-07-01T23:01:48.425398+00:00,2026-07-01T23:01:48.425249,2,1,90.55,0.5,90.3,50,89.9,150,,,,,,,,,,,,,,,,,90.8,100,,,,,,,,,,,,,,,,,,
2026-07-01T23:01:49.000651+00:00,2026-07-01T23:01:49.000568,3,1,90.6,0.4,90.4,5,90.3,50,89.9,150,,,,,,,,,,,,,,,90.8,100,,,,,,,,,,,,,,,,,,
2026-07-01T23:01:49.502661+00:00,2026-07-01T23:01:49.502806,2,1,90.6,0.4,90.4,5,90.3,50,,,,,,,,,,,,,,,,,90.8,100,,,,,,,,,,,,,,,,,,
2026-07-01T23:01:49.572338+00:00,2026-07-01T23:01:49.563988,3,1,90.75,0.1,90.7,139,90.4,5,90.3,50,,,,,,,,,,,,,,,90.8,100,,,,,,,,,,,,,,,,,,
2026-07-01T23:01:49.593350+00:00,2026-07-01T23:01:49.593878,3,2,90.75,0.1,90.7,139,90.4,5,90.3,50,,,,,,,,,,,,,,,90.8,100,91.2,150,,,,,,,,,,,,,,,,
2026-07-01T23:01:50.187630+00:00,2026-07-01T23:01:50.181170,3,2,90.75,0.1,90.7,136,90.4,5,90.3,50,,,,,,,,,,,,,,,90.8,100,91.2,150,,,,,,,,,,,,,,,,
2026-07-01T23:01:50.427294+00:00,2026-07-01T23:01:50.427138,3,2,90.75,0.1,90.7,88,90.4,5,90.3,50,,,,,,,,,,,,,,,90.8,100,91.2,150,,,,,,,,,,,,,,,,
2026-07-01T23:01:50.534907+00:00,2026-07-01T23:01:50.534737,3,2,90.75,0.1,90.7,38,90.4,5,90.3,50,,,,,,,,,,,,,,,90.8,100,91.2,150,,,,,,,,,,,,,,,,
2026-07-01T23:01:51.232636+00:00,2026-07-01T23:01:51.232553,2,1,90.95,0.5,90.7,38,90.4,5,,,,,,,,,,,,,,,,,91.2,150,,,,,,,,,,,,,,,,,,
2026-07-01T23:01:51.290602+00:00,2026-07-01T23:01:51.290446,3,1,90.95,0.5,90.7,38,90.4,5,90.0,100,,,,,,,,,,,,,,,91.2,150,,,,,,,,,,,,,,,,,,
2026-07-01T23:01:51.341556+00:00,2026-07-01T23:01:51.341083,2,2,90.45,0.1,90.4,5,90.0,100,,,,,,,,,,,,,,,,,90.5,62,91.2,150,,,,,,,,,,,,,,,,
2026-07-01T23:01:51.458590+00:00,2026-07-01T23:01:51.443986,2,2,90.45,0.1,90.4,5,90.0,100,,,,,,,,,,,,,,,,,90.5,20,91.2,150,,,,,,,,,,,,,,,,
2026-07-01T23:01:52.659306+00:00,2026-07-01T23:01:52.659258,1,1,90.25,0.5,90.0,100,,,,,,,,,,,,,,,,,,,90.5,20,,,,,,,,,,,,,,,,,,
2026-07-01T23:01:52.719643+00:00,2026-07-01T23:01:52.719505,2,1,90.25,0.5,90.0,100,89.8,150,,,,,,,,,,,,,,,,,90.5,20,,,,,,,,,,,,,,,,,,
2026-07-01T23:01:52.758633+00:00,2026-07-01T23:01:52.757684,2,2,90.15,0.3,90.0,100,89.8,150,,,,,,,,,,,,,,,,,90.3,150,90.5,20,,,,,,,,,,,,,,,,
2026-07-01T23:01:54.073068+00:00,2026-07-01T23:01:54.073020,2,2,90.15,0.3,90.0,57,89.8,150,,,,,,,,,,,,,,,,,90.3,150,90.5,20,,,,,,,,,,,,,,,,
2026-07-01T23:01:54.422637+00:00,2026-07-01T23:01:54.422201,1,1,90.05,0.5,89.8,150,,,,,,,,,,,,,,,,,,,90.3,150,,,,,,,,,,,,,,,,,,
2026-07-01T23:01:54.438505+00:00,2026-07-01T23:01:54.458924,2,1,90.1,0.4,89.9,100,89.8,150,,,,,,,,,,,,,,,,,90.3,150,,,,,,,,,,,,,,,,,,
2026-07-01T23:01:54.518574+00:00,2026-07-01T23:01:54.518435,2,2,90.1,0.4,89.9,100,89.8,150,,,,,,,,,,,,,,,,,90.3,150,90.4,100,,,,,,,,,,,,,,,,
2026-07-01T23:01:54.746807+00:00,2026-07-01T23:01:54.746689,2,2,90.1,0.4,89.9,50,89.8,150,,,,,,,,,,,,,,,,,90.3,150,90.4,100,,,,,,,,,,,,,,,,
2026-07-01T23:01:55.697135+00:00,2026-07-01T23:01:55.696987,2,2,90.1,0.4,89.9,50,89.8,150,,,,,,,,,,,,,,,,,90.3,103,90.4,100,,,,,,,,,,,,,,,,
2026-07-01T23:01:55.820810+00:00,2026-07-01T23:01:55.820716,1,1,90.15,0.5,89.9,50,,,,,,,,,,,,,,,,,,,90.4,100,,,,,,,,,,,,,,,,,,
2026-07-01T23:01:55.868909+00:00,2026-07-01T23:01:55.868984,1,1,90.15,0.5,89.9,200,,,,,,,,,,,,,,,,,,,90.4,100,,,,,,,,,,,,,,,,,,
2026-07-01T23:01:55.922837+00:00,2026-07-01T23:01:55.922779,1,1,90.15,0.5,89.9,200,,,,,,,,,,,,,,,,,,,90.4,250,,,,,,,,,,,,,,,,,,
2026-07-01T23:01:56.819798+00:00,2026-07-01T23:01:56.819735,1,1,90.15,0.5,89.9,200,,,,,,,,,,,,,,,,,,,90.4,200,,,,,,,,,,,,,,,,,,
2026-07-01T23:01:57.579276+00:00,2026-07-01T23:01:57.579167,1,1,90.15,0.5,89.9,150,,,,,,,,,,,,,,,,,,,90.4,150,,,,,,,,,,,,,,,,,,
2026-07-01T23:01:57.606008+00:00,2026-07-01T23:01:57.605919,1,1,90.15,0.5,89.9,250,,,,,,,,,,,,,,,,,,,90.4,150,,,,,,,,,,,,,,,,,,
2026-07-01T23:01:57.657235+00:00,2026-07-01T23:01:57.657507,1,1,90.15,0.5,89.9,250,,,,,,,,,,,,,,,,,,,90.4,250,,,,,,,,,,,,,,,,,,
2026-07-01T23:01:58.943114+00:00,2026-07-01T23:01:58.942975,1,1,90.15,0.5,89.9,250,,,,,,,,,,,,,,,,,,,90.4,200,,,,,,,,,,,,,,,,,,
2026-07-01T23:01:58.992762+00:00,2026-07-01T23:01:58.992980,1,1,90.15,0.5,89.9,100,,,,,,,,,,,,,,,,,,,90.4,100,,,,,,,,,,,,,,,,,,
2026-07-01T23:01:59.047898+00:00,2026-07-01T23:01:59.048061,2,1,90.3,0.2,90.2,150,89.9,100,,,,,,,,,,,,,,,,,90.4,100,,,,,,,,,,,,,,,,,,
2026-07-01T23:01:59.087926+00:00,2026-07-01T23:01:59.087648,2,2,90.3,0.2,90.2,150,89.9,100,,,,,,,,,,,,,,,,,90.4,100,90.7,150,,,,,,,,,,,,,,,,
2026-07-01T23:01:59.595261+00:00,2026-07-01T23:01:59.595059,2,2,90.3,0.2,90.2,150,89.9,100,,,,,,,,,,,,,,,,,90.4,59,90.7,150,,,,,,,,,,,,,,,,
2026-07-01T23:01:59.715985+00:00,2026-07-01T23:01:59.708825,2,2,90.3,0.2,90.2,150,89.9,100,,,,,,,,,,,,,,,,,90.4,56,90.7,150,,,,,,,,,,,,,,,,
2026-07-01T23:02:00.735679+00:00,2026-07-01T23:02:00.735614,1,1,90.45,0.5,90.2,150,,,,,,,,,,,,,,,,,,,90.7,150,,,,,,,,,,,,,,,,,,
2026-07-01T23:02:00.774412+00:00,2026-07-01T23:02:00.774348,2,1,90.5,0.4,90.3,100,90.2,150,,,,,,,,,,,,,,,,,90.7,150,,,,,,,,,,,,,,,,,,
2026-07-01T23:02:00.826462+00:00,2026-07-01T23:02:00.826374,2,2,90.5,0.4,90.3,100,90.2,150,,,,,,,,,,,,,,,,,90.7,150,90.8,100,,,,,,,,,,,,,,,,
2026-07-01T23:02:01.063956+00:00,2026-07-01T23:02:01.064297,2,2,90.5,0.4,90.3,100,90.2,150,,,,,,,,,,,,,,,,,90.7,100,90.8,100,,,,,,,,,,,,,,,,
2026-07-01T23:02:02.134204+00:00,2026-07-01T23:02:02.134379,1,1,90.55,0.5,90.3,100,,,,,,,,,,,,,,,,,,,90.8,100,,,,,,,,,,,,,,,,,,
2026-07-01T23:02:02.224755+00:00,2026-07-01T23:02:02.217178,2,1,90.6,0.4,90.4,147,90.3,100,,,,,,,,,,,,,,,,,90.8,100,,,,,,,,,,,,,,,,,,
2026-07-01T23:02:02.274570+00:00,2026-07-01T23:02:02.274969,2,2,90.6,0.4,90.4,147,90.3,100,,,,,,,,,,,,,,,,,90.8,100,90.9,150,,,,,,,,,,,,,,,,
2026-07-01T23:02:03.158652+00:00,2026-07-01T23:02:03.156110,2,2,90.6,0.4,90.4,147,90.3,100,,,,,,,,,,,,,,,,,90.8,50,90.9,150,,,,,,,,,,,,,,,,
2026-07-01T23:02:03.893911+00:00,2026-07-01T23:02:03.889019,1,1,90.65,0.5,90.4,147,,,,,,,,,,,,,,,,,,,90.9,150,,,,,,,,,,,,,,,,,,
2026-07-01T23:02:03.936649+00:00,2026-07-01T23:02:03.936597,1,1,90.65,0.5,90.4,247,,,,,,,,,,,,,,,,,,,90.9,150,,,,,,,,,,,,,,,,,,
2026-07-01T23:02:04.005086+00:00,2026-07-01T23:02:04.004965,1,1,90.65,0.5,90.4,247,,,,,,,,,,,,,,,,,,,90.9,250,,,,,,,,,,,,,,,,,,
2026-07-01T23:02:05.285240+00:00,2026-07-01T23:02:05.285324,1,1,90.65,0.5,90.4,247,,,,,,,,,,,,,,,,,,,90.9,200,,,,,,,,,,,,,,,,,,
2026-07-01T23:02:05.301304+00:00,2026-07-01T23:02:05.301193,1,2,90.55,0.3,90.4,247,,,,,,,,,,,,,,,,,,,90.7,4,90.9,200,,,,,,,,,,,,,,,,
2026-07-01T23:02:05.327812+00:00,2026-07-01T23:02:05.327788,1,2,90.55,0.3,90.4,100,,,,,,,,,,,,,,,,,,,90.7,4,90.9,100,,,,,,,,,,,,,,,,
2026-07-01T23:02:05.395941+00:00,2026-07-01T23:02:05.395805,2,2,90.6,0.2,90.5,150,90.4,100,,,,,,,,,,,,,,,,,90.7,4,90.9,100,,,,,,,,,,,,,,,,
2026-07-01T23:02:05.437446+00:00,2026-07-01T23:02:05.437325,2,3,90.6,0.2,90.5,150,90.4,100,,,,,,,,,,,,,,,,,90.7,4,90.9,100,91.0,150,,,,,,,,,,,,,,
2026-07-01T23:02:07.058796+00:00,2026-07-01T23:02:07.058732,1,2,90.6,0.2,90.5,150,,,,,,,,,,,,,,,,,,,90.7,4,91.0,150,,,,,,,,,,,,,,,,
2026-07-01T23:02:07.133200+00:00,2026-07-01T23:02:07.133544,1,2,90.6,0.2,90.5,250,,,,,,,,,,,,,,,,,,,90.7,4,91.0,150,,,,,,,,,,,,,,,,
2026-07-01T23:02:07.169255+00:00,2026-07-01T23:02:07.169541,1,2,90.6,0.2,90.5,250,,,,,,,,,,,,,,,,,,,90.7,4,91.0,250,,,,,,,,,,,,,,,,
2026-07-01T23:02:07.458633+00:00,2026-07-01T23:02:07.444890,1,2,90.6,0.2,90.5,200,,,,,,,,,,,,,,,,,,,90.7,4,91.0,250,,,,,,,,,,,,,,,,
2026-07-01T23:02:08.438944+00:00,2026-07-01T23:02:08.439133,1,2,90.6,0.2,90.5,200,,,,,,,,,,,,,,,,,,,90.7,3,91.0,250,,,,,,,,,,,,,,,,
2026-07-01T23:02:08.500174+00:00,2026-07-01T23:02:08.500138,1,1,90.75,0.5,90.5,100,,,,,,,,,,,,,,,,,,,91.0,100,,,,,,,,,,,,,,,,,,
2026-07-01T23:02:08.544159+00:00,2026-07-01T23:02:08.544263,2,1,90.8,0.4,90.6,150,90.5,100,,,,,,,,,,,,,,,,,91.0,100,,,,,,,,,,,,,,,,,,
2026-07-01T23:02:08.625773+00:00,2026-07-01T23:02:08.625910,2,2,90.8,0.4,90.6,150,90.5,100,,,,,,,,,,,,,,,,,91.0,100,91.1,150,,,,,,,,,,,,,,,,
2026-07-01T23:02:10.079352+00:00,2026-07-01T23:02:10.079303,2,2,90.8,0.4,90.6,101,90.5,100,,,,,,,,,,,,,,,,,91.0,100,91.1,150,,,,,,,,,,,,,,,,
2026-07-01T23:02:10.214824+00:00,2026-07-01T23:02:10.214698,1,1,90.85,0.5,90.6,101,,,,,,,,,,,,,,,,,,,91.1,150,,,,,,,,,,,,,,,,,,
2026-07-01T23:02:10.264091+00:00,2026-07-01T23:02:10.263983,1,1,90.85,0.5,90.6,201,,,,,,,,,,,,,,,,,,,91.1,150,,,,,,,,,,,,,,,,,,
2026-07-01T23:02:10.314195+00:00,2026-07-01T23:02:10.314123,1,1,90.85,0.5,90.6,201,,,,,,,,,,,,,,,,,,,91.1,250,,,,,,,,,,,,,,,,,,
2026-07-01T23:02:10.586490+00:00,2026-07-01T23:02:10.586411,1,1,90.85,0.5,90.6,161,,,,,,,,,,,,,,,,,,,91.1,250,,,,,,,,,,,,,,,,,,
2026-07-01T23:02:11.645884+00:00,2026-07-01T23:02:11.646405,1,1,90.85,0.5,90.6,100,,,,,,,,,,,,,,,,,,,91.1,100,,,,,,,,,,,,,,,,,,
2026-07-01T23:02:11.680715+00:00,2026-07-01T23:02:11.680611,1,1,90.85,0.5,90.6,50,,,,,,,,,,,,,,,,,,,91.1,100,,,,,,,,,,,,,,,,,,
2026-07-01T23:02:11.721730+00:00,2026-07-01T23:02:11.721615,2,1,90.85,0.5,90.6,50,90.4,150,,,,,,,,,,,,,,,,,91.1,100,,,,,,,,,,,,,,,,,,
2026-07-01T23:02:11.758654+00:00,2026-07-01T23:02:11.754009,2,2,90.75,0.3,90.6,50,90.4,150,,,,,,,,,,,,,,,,,90.9,150,91.1,100,,,,,,,,,,,,,,,,
2026-07-01T23:02:13.395533+00:00,2026-07-01T23:02:13.395428,2,1,90.7,0.4,90.5,4,90.4,150,,,,,,,,,,,,,,,,,90.9,150,,,,,,,,,,,,,,,,,,
2026-07-01T23:02:13.421329+00:00,2026-07-01T23:02:13.421161,2,1,90.7,0.4,90.5,4,90.4,250,,,,,,,,,,,,,,,,,90.9,150,,,,,,,,,,,,,,,,,,
2026-07-01T23:02:13.484663+00:00,2026-07-01T23:02:13.484612,2,1,90.7,0.4,90.5,4,90.4,250,,,,,,,,,,,,,,,,,90.9,250,,,,,,,,,,,,,,,,,,
2026-07-01T23:02:13.683764+00:00,2026-07-01T23:02:13.683656,2,1,90.7,0.4,90.5,3,90.4,250,,,,,,,,,,,,,,,,,90.9,250,,,,,,,,,,,,,,,,,,
2026-07-01T23:02:13.795848+00:00,2026-07-01T23:02:13.795600,1,1,90.65,0.5,90.4,203,,,,,,,,,,,,,,,,,,,90.9,250,,,,,,,,,,,,,,,,,,
2026-07-01T23:02:14.084762+00:00,2026-07-01T23:02:14.085062,1,1,90.65,0.5,90.4,203,,,,,,,,,,,,,,,,,,,90.9,209,,,,,,,,,,,,,,,,,,
2026-07-01T23:02:14.629573+00:00,2026-07-01T23:02:14.629434,1,1,90.65,0.5,90.4,203,,,,,,,,,,,,,,,,,,,90.9,161,,,,,,,,,,,,,,,,,,
2026-07-01T23:02:14.681004+00:00,2026-07-01T23:02:14.680945,1,1,90.65,0.5,90.4,160,,,,,,,,,,,,,,,,,,,90.9,161,,,,,,,,,,,,,,,,,,
2026-07-01T23:02:14.826509+00:00,2026-07-01T23:02:14.826434,1,1,90.65,0.5,90.4,100,,,,,,,,,,,,,,,,,,,90.9,100,,,,,,,,,,,,,,,,,,
2026-07-01T23:02:14.858578+00:00,2026-07-01T23:02:14.857000,2,1,90.65,0.5,90.4,100,90.3,150,,,,,,,,,,,,,,,,,90.9,100,,,,,,,,,,,,,,,,,,
2026-07-01T23:02:14.925350+00:00,2026-07-01T23:02:14.925290,2,2,90.6,0.4,90.4,100,90.3,150,,,,,,,,,,,,,,,,,90.8,150,90.9,100,,,,,,,,,,,,,,,,
2026-07-01T23:02:15.401300+00:00,2026-07-01T23:02:15.401182,3,2,90.65,0.3,90.5,5,90.4,100,90.3,150,,,,,,,,,,,,,,,90.8,150,90.9,100,,,,,,,,,,,,,,,,
2026-07-01T23:02:15.920396+00:00,2026-07-01T23:02:15.920344,2,2,90.6,0.4,90.4,55,90.3,150,,,,,,,,,,,,,,,,,90.8,150,90.9,100,,,,,,,,,,,,,,,,
2026-07-01T23:02:16.344571+00:00,2026-07-01T23:02:16.344523,2,2,90.6,0.4,90.4,6,90.3,150,,,,,,,,,,,,,,,,,90.8,150,90.9,100,,,,,,,,,,,,,,,,
2026-07-01T23:02:16.548246+00:00,2026-07-01T23:02:16.548089,1,1,90.55,0.5,90.3,150,,,,,,,,,,,,,,,,,,,90.8,150,,,,,,,,,,,,,,,,,,
2026-07-01T23:02:16.607182+00:00,2026-07-01T23:02:16.607079,2,1,90.55,0.5,90.3,150,90.0,100,,,,,,,,,,,,,,,,,90.8,150,,,,,,,,,,,,,,,,,,
2026-07-01T23:02:16.658708+00:00,2026-07-01T23:02:16.658673,2,2,90.4,0.2,90.3,150,90.0,100,,,,,,,,,,,,,,,,,90.5,100,90.8,150,,,,,,,,,,,,,,,,
2026-07-01T23:02:17.395532+00:00,2026-07-01T23:02:17.395419,2,2,90.4,0.2,90.3,150,90.0,100,,,,,,,,,,,,,,,,,90.5,95,90.8,150,,,,,,,,,,,,,,,,
2026-07-01T23:02:17.589036+00:00,2026-07-01T23:02:17.588904,2,2,90.4,0.2,90.3,150,90.0,100,,,,,,,,,,,,,,,,,90.5,90,90.8,151,,,,,,,,,,,,,,,,
2026-07-01T23:02:17.996633+00:00,2026-07-01T23:02:17.996574,1,2,90.25,0.5,90.0,100,,,,,,,,,,,,,,,,,,,90.5,90,90.8,1,,,,,,,,,,,,,,,,
2026-07-01T23:02:18.012336+00:00,2026-07-01T23:02:18.012256,1,2,90.25,0.5,90.0,50,,,,,,,,,,,,,,,,,,,90.5,90,90.8,1,,,,,,,,,,,,,,,,
2026-07-01T23:02:18.064425+00:00,2026-07-01T23:02:18.063911,2,2,90.35,0.3,90.2,150,90.0,50,,,,,,,,,,,,,,,,,90.5,90,90.8,1,,,,,,,,,,,,,,,,
2026-07-01T23:02:18.102339+00:00,2026-07-01T23:02:18.091471,2,3,90.35,0.3,90.2,150,90.0,50,,,,,,,,,,,,,,,,,90.5,87,90.7,150,90.8,1,,,,,,,,,,,,,,
2026-07-01T23:02:18.407837+00:00,2026-07-01T23:02:18.407396,2,3,90.35,0.3,90.2,150,90.0,50,,,,,,,,,,,,,,,,,90.5,82,90.7,150,90.8,1,,,,,,,,,,,,,,
2026-07-01T23:02:18.616581+00:00,2026-07-01T23:02:18.616407,3,2,90.45,0.1,90.4,5,90.2,150,90.0,50,,,,,,,,,,,,,,,90.5,82,90.7,150,,,,,,,,,,,,,,,,
2026-07-01T23:02:19.411684+00:00,2026-07-01T23:02:19.404229,3,2,90.45,0.1,90.4,5,90.2,150,90.0,50,,,,,,,,,,,,,,,90.5,71,90.7,150,,,,,,,,,,,,,,,,
2026-07-01T23:02:19.694843+00:00,2026-07-01T23:02:19.694740,2,1,90.55,0.3,90.4,5,90.2,150,,,,,,,,,,,,,,,,,90.7,150,,,,,,,,,,,,,,,,,,
2026-07-01T23:02:19.758624+00:00,2026-07-01T23:02:19.750513,2,1,90.55,0.3,90.4,5,90.2,250,,,,,,,,,,,,,,,,,90.7,150,,,,,,,,,,,,,,,,,,
2026-07-01T23:02:19.832596+00:00,2026-07-01T23:02:19.832229,2,1,90.55,0.3,90.4,5,90.2,250,,,,,,,,,,,,,,,,,90.7,250,,,,,,,,,,,,,,,,,,
2026-07-01T23:02:20.143909+00:00,2026-07-01T23:02:20.143813,1,1,90.45,0.5,90.2,205,,,,,,,,,,,,,,,,,,,90.7,250,,,,,,,,,,,,,,,,,,
2026-07-01T23:02:20.182172+00:00,2026-07-01T23:02:20.182121,2,1,90.55,0.3,90.4,5,90.2,205,,,,,,,,,,,,,,,,,90.7,250,,,,,,,,,,,,,,,,,,
2026-07-01T23:02:20.884068+00:00,2026-07-01T23:02:20.884030,2,1,90.55,0.3,90.4,4,90.2,205,,,,,,,,,,,,,,,,,90.7,250,,,,,,,,,,,,,,,,,,
2026-07-01T23:02:21.164259+00:00,2026-07-01T23:02:21.164125,2,1,90.55,0.3,90.4,4,90.2,100,,,,,,,,,,,,,,,,,90.7,100,,,,,,,,,,,,,,,,,,
2026-07-01T23:02:21.169345+00:00,2026-07-01T23:02:21.169320,2,1,90.55,0.3,90.4,4,90.2,100,,,,,,,,,,,,,,,,,90.7,57,,,,,,,,,,,,,,,,,,
2026-07-01T23:02:21.213961+00:00,2026-07-01T23:02:21.213816,3,1,90.55,0.3,90.4,4,90.2,100,90.0,150,,,,,,,,,,,,,,,90.7,57,,,,,,,,,,,,,,,,,,
2026-07-01T23:02:21.269294+00:00,2026-07-01T23:02:21.269169,3,2,90.45,0.1,90.4,4,90.2,100,90.0,150,,,,,,,,,,,,,,,90.5,150,90.7,57,,,,,,,,,,,,,,,,
2026-07-01T23:02:21.669054+00:00,2026-07-01T23:02:21.668911,3,2,90.45,0.1,90.4,3,90.2,100,90.0,150,,,,,,,,,,,,,,,90.5,102,90.7,57,,,,,,,,,,,,,,,,
2026-07-01T23:02:22.236238+00:00,2026-07-01T23:02:22.236098,2,2,90.35,0.3,90.2,53,90.0,150,,,,,,,,,,,,,,,,,90.5,102,90.7,57,,,,,,,,,,,,,,,,
2026-07-01T23:02:22.858675+00:00,2026-07-01T23:02:22.851365,2,1,90.35,0.3,90.2,53,90.0,150,,,,,,,,,,,,,,,,,90.5,102,,,,,,,,,,,,,,,,,,
2026-07-01T23:02:22.868876+00:00,2026-07-01T23:02:22.868836,1,1,90.25,0.5,90.0,150,,,,,,,,,,,,,,,,,,,90.5,102,,,,,,,,,,,,,,,,,,
2026-07-01T23:02:22.907912+00:00,2026-07-01T23:02:22.907797,2,1,90.45,0.1,90.4,3,90.0,150,,,,,,,,,,,,,,,,,90.5,102,,,,,,,,,,,,,,,,,,
2026-07-01T23:02:22.934103+00:00,2026-07-01T23:02:22.933999,2,1,90.45,0.1,90.4,3,90.0,250,,,,,,,,,,,,,,,,,90.5,102,,,,,,,,,,,,,,,,,,
2026-07-01T23:02:22.990181+00:00,2026-07-01T23:02:22.989895,2,1,90.45,0.1,90.4,3,90.0,250,,,,,,,,,,,,,,,,,90.5,202,,,,,,,,,,,,,,,,,,
2026-07-01T23:02:23.658627+00:00,2026-07-01T23:02:23.648261,2,1,90.45,0.1,90.4,3,90.0,250,,,,,,,,,,,,,,,,,90.5,155,,,,,,,,,,,,,,,,,,
2026-07-01T23:02:24.329871+00:00,2026-07-01T23:02:24.329746,2,1,90.45,0.1,90.4,3,90.0,100,,,,,,,,,,,,,,,,,90.5,100,,,,,,,,,,,,,,,,,,
2026-07-01T23:02:24.358704+00:00,2026-07-01T23:02:24.338397,1,1,90.25,0.5,90.0,100,,,,,,,,,,,,,,,,,,,90.5,100,,,,,,,,,,,,,,,,,,
2026-07-01T23:02:24.418433+00:00,2026-07-01T23:02:24.418002,2,1,90.45,0.1,90.4,150,90.0,100,,,,,,,,,,,,,,,,,90.5,100,,,,,,,,,,,,,,,,,,
2026-07-01T23:02:24.428730+00:00,2026-07-01T23:02:24.428652,2,2,90.45,0.1,90.4,150,90.0,100,,,,,,,,,,,,,,,,,90.5,100,90.9,150,,,,,,,,,,,,,,,,
2026-07-01T23:02:24.673657+00:00,2026-07-01T23:02:24.667842,2,2,90.45,0.1,90.4,136,90.0,100,,,,,,,,,,,,,,,,,90.5,100,90.9,150,,,,,,,,,,,,,,,,
2026-07-01T23:02:24.941601+00:00,2026-07-01T23:02:24.941449,2,3,90.45,0.1,90.4,136,90.0,100,,,,,,,,,,,,,,,,,90.5,100,90.6,5,90.9,150,,,,,,,,,,,,,,
2026-07-01T23:02:25.977437+00:00,2026-07-01T23:02:25.968405,3,3,90.45,0.1,90.4,136,90.3,2,90.0,100,,,,,,,,,,,,,,,90.5,97,90.6,5,90.9,150,,,,,,,,,,,,,,
2026-07-01T23:02:26.023964+00:00,2026-07-01T23:02:26.024113,2,2,90.5,0.2,90.4,136,90.3,2,,,,,,,,,,,,,,,,,90.6,5,90.9,150,,,,,,,,,,,,,,,,
2026-07-01T23:02:26.089172+00:00,2026-07-01T23:02:26.089078,3,2,90.5,0.2,90.4,136,90.3,2,90.1,100,,,,,,,,,,,,,,,90.6,5,90.9,150,,,,,,,,,,,,,,,,
2026-07-01T23:02:26.132057+00:00,2026-07-01T23:02:26.131958,3,2,90.5,0.2,90.4,136,90.3,2,90.1,100,,,,,,,,,,,,,,,90.6,105,90.9,150,,,,,,,,,,,,,,,,
2026-07-01T23:02:27.459336+00:00,2026-07-01T23:02:27.458797,3,2,90.5,0.2,90.4,136,90.3,2,90.1,100,,,,,,,,,,,,,,,90.6,103,90.9,150,,,,,,,,,,,,,,,,
2026-07-01T23:02:27.485708+00:00,2026-07-01T23:02:27.485687,2,1,90.45,0.3,90.3,2,90.1,100,,,,,,,,,,,,,,,,,90.6,103,,,,,,,,,,,,,,,,,,
2026-07-01T23:02:27.558662+00:00,2026-07-01T23:02:27.552926,3,1,90.5,0.2,90.4,150,90.3,2,90.1,100,,,,,,,,,,,,,,,90.6,103,,,,,,,,,,,,,,,,,,
2026-07-01T23:02:27.590853+00:00,2026-07-01T23:02:27.590693,3,2,90.5,0.2,90.4,150,90.3,2,90.1,100,,,,,,,,,,,,,,,90.6,103,90.9,150,,,,,,,,,,,,,,,,
2026-07-01T23:02:27.893470+00:00,2026-07-01T23:02:27.893162,3,2,90.5,0.2,90.4,108,90.3,2,90.1,100,,,,,,,,,,,,,,,90.6,103,90.9,150,,,,,,,,,,,,,,,,
2026-07-01T23:02:28.503643+00:00,2026-07-01T23:02:28.503863,3,2,90.5,0.2,90.4,108,90.3,2,90.1,100,,,,,,,,,,,,,,,90.6,53,90.9,150,,,,,,,,,,,,,,,,
2026-07-01T23:02:28.533935+00:00,2026-07-01T23:02:28.533898,3,2,90.5,0.2,90.4,108,90.3,2,90.1,100,,,,,,,,,,,,,,,90.6,57,90.9,150,,,,,,,,,,,,,,,,
2026-07-01T23:02:28.934960+00:00,2026-07-01T23:02:28.937256,3,2,90.5,0.2,90.4,108,90.3,2,90.1,100,,,,,,,,,,,,,,,90.6,17,90.9,150,,,,,,,,,,,,,,,,
2026-07-01T23:02:29.119793+00:00,2026-07-01T23:02:29.119699,3,2,90.5,0.2,90.4,108,90.3,2,90.1,100,,,,,,,,,,,,,,,90.6,15,90.9,150,,,,,,,,,,,,,,,,
2026-07-01T23:02:29.188097+00:00,2026-07-01T23:02:29.188255,2,2,90.5,0.2,90.4,108,90.3,2,,,,,,,,,,,,,,,,,90.6,2,90.9,150,,,,,,,,,,,,,,,,
2026-07-01T23:02:29.236608+00:00,2026-07-01T23:02:29.236463,2,2,90.5,0.2,90.4,208,90.3,2,,,,,,,,,,,,,,,,,90.6,2,90.9,150,,,,,,,,,,,,,,,,
2026-07-01T23:02:29.302112+00:00,2026-07-01T23:02:29.301895,2,2,90.5,0.2,90.4,208,90.3,2,,,,,,,,,,,,,,,,,90.6,2,90.9,250,,,,,,,,,,,,,,,,
2026-07-01T23:02:30.611577+00:00,2026-07-01T23:02:30.611458,2,1,90.65,0.5,90.4,208,90.3,2,,,,,,,,,,,,,,,,,90.9,202,,,,,,,,,,,,,,,,,,
2026-07-01T23:02:30.658597+00:00,2026-07-01T23:02:30.653725,2,1,90.65,0.5,90.4,100,90.3,2,,,,,,,,,,,,,,,,,90.9,100,,,,,,,,,,,,,,,,,,
2026-07-01T23:02:30.735741+00:00,2026-07-01T23:02:30.735570,3,1,90.7,0.4,90.5,150,90.4,100,90.3,2,,,,,,,,,,,,,,,90.9,100,,,,,,,,,,,,,,,,,,
2026-07-01T23:02:30.768946+00:00,2026-07-01T23:02:30.768872,3,2,90.7,0.4,90.5,150,90.4,100,90.3,2,,,,,,,,,,,,,,,90.9,100,91.0,150,,,,,,,,,,,,,,,,
2026-07-01T23:02:31.510441+00:00,2026-07-01T23:02:31.510342,3,3,90.6,0.2,90.5,150,90.4,100,90.3,2,,,,,,,,,,,,,,,90.7,2,90.9,100,91.0,150,,,,,,,,,,,,,,
2026-07-01T23:02:32.348492+00:00,2026-07-01T23:02:32.358996,2,2,90.6,0.2,90.5,150,90.3,2,,,,,,,,,,,,,,,,,90.7,2,91.0,150,,,,,,,,,,,,,,,,
2026-07-01T23:02:32.396460+00:00,2026-07-01T23:02:32.396309,2,2,90.6,0.2,90.5,150,90.3,102,,,,,,,,,,,,,,,,,90.7,2,91.0,150,,,,,,,,,,,,,,,,
2026-07-01T23:02:32.458872+00:00,2026-07-01T23:02:32.458766,2,3,90.6,0.2,90.5,150,90.3,102,,,,,,,,,,,,,,,,,90.7,2,90.8,100,91.0,150,,,,,,,,,,,,,,
2026-07-01T23:02:32.733427+00:00,2026-07-01T23:02:32.733311,2,2,90.65,0.3,90.5,150,90.3,102,,,,,,,,,,,,,,,,,90.8,52,91.0,150,,,,,,,,,,,,,,,,
2026-07-01T23:02:32.854133+00:00,2026-07-01T23:02:32.854325,2,3,90.6,0.2,90.5,150,90.3,102,,,,,,,,,,,,,,,,,90.7,1,90.8,52,91.0,150,,,,,,,,,,,,,,
2026-07-01T23:02:33.829300+00:00,2026-07-01T23:02:33.828692,1,2,90.5,0.4,90.3,102,,,,,,,,,,,,,,,,,,,90.7,1,90.8,52,,,,,,,,,,,,,,,,
2026-07-01T23:02:33.868684+00:00,2026-07-01T23:02:33.868993,2,2,90.55,0.3,90.4,150,90.3,102,,,,,,,,,,,,,,,,,90.7,1,90.8,52,,,,,,,,,,,,,,,,
2026-07-01T23:02:33.930708+00:00,2026-07-01T23:02:33.930631,2,3,90.55,0.3,90.4,150,90.3,102,,,,,,,,,,,,,,,,,90.7,1,90.8,52,90.9,150,,,,,,,,,,,,,,
2026-07-01T23:02:34.831449+00:00,2026-07-01T23:02:34.831275,2,2,90.6,0.4,90.4,150,90.3,102,,,,,,,,,,,,,,,,,90.8,3,90.9,150,,,,,,,,,,,,,,,,
2026-07-01T23:02:34.913935+00:00,2026-07-01T23:02:34.913742,2,3,90.55,0.3,90.4,150,90.3,102,,,,,,,,,,,,,,,,,90.7,2,90.8,3,90.9,150,,,,,,,,,,,,,,
2026-07-01T23:02:35.428600+00:00,2026-07-01T23:02:35.428890,2,2,90.6,0.4,90.4,101,90.3,100,,,,,,,,,,,,,,,,,90.8,3,90.9,150,,,,,,,,,,,,,,,,
2026-07-01T23:02:35.518051+00:00,2026-07-01T23:02:35.517935,1,1,90.65,0.5,90.4,101,,,,,,,,,,,,,,,,,,,90.9,150,,,,,,,,,,,,,,,,,,
2026-07-01T23:02:35.568991+00:00,2026-07-01T23:02:35.568889,2,1,90.75,0.3,90.6,100,90.4,101,,,,,,,,,,,,,,,,,90.9,150,,,,,,,,,,,,,,,,,,
2026-07-01T23:02:35.632043+00:00,2026-07-01T23:02:35.631945,2,2,90.75,0.3,90.6,100,90.4,101,,,,,,,,,,,,,,,,,90.9,150,91.1,100,,,,,,,,,,,,,,,,
2026-07-01T23:02:36.929447+00:00,2026-07-01T23:02:36.929301,3,2,90.75,0.3,90.6,100,90.5,5,90.4,101,,,,,,,,,,,,,,,90.9,150,91.1,100,,,,,,,,,,,,,,,,
2026-07-01T23:02:36.995548+00:00,2026-07-01T23:02:36.995391,2,1,90.85,0.5,90.6,100,90.5,5,,,,,,,,,,,,,,,,,91.1,100,,,,,,,,,,,,,,,,,,
2026-07-01T23:02:37.048497+00:00,2026-07-01T23:02:37.058660,3,1,90.85,0.5,90.6,100,90.5,5,90.3,150,,,,,,,,,,,,,,,91.1,100,,,,,,,,,,,,,,,,,,
2026-07-01T23:02:37.089887+00:00,2026-07-01T23:02:37.089707,3,2,90.7,0.2,90.6,100,90.5,5,90.3,150,,,,,,,,,,,,,,,90.8,150,91.1,100,,,,,,,,,,,,,,,,
2026-07-01T23:02:38.685396+00:00,2026-07-01T23:02:38.685295,2,1,90.65,0.3,90.5,5,90.3,150,,,,,,,,,,,,,,,,,90.8,150,,,,,,,,,,,,,,,,,,
2026-07-01T23:02:38.724207+00:00,2026-07-01T23:02:38.723872,2,1,90.65,0.3,90.5,5,90.3,150,,,,,,,,,,,,,,,,,90.8,50,,,,,,,,,,,,,,,,,,
2026-07-01T23:02:38.789453+00:00,2026-07-01T23:02:38.789851,2,2,90.65,0.3,90.5,5,90.3,150,,,,,,,,,,,,,,,,,90.8,50,91.3,100,,,,,,,,,,,,,,,,
2026-07-01T23:02:39.104794+00:00,2026-07-01T23:02:39.104518,1,2,90.55,0.5,90.3,105,,,,,,,,,,,,,,,,,,,90.8,50,91.3,100,,,,,,,,,,,,,,,,
2026-07-01T23:02:40.149555+00:00,2026-07-01T23:02:40.149732,0,1,,,,,,,,,,,,,,,,,,,,,,,91.3,100,,,,,,,,,,,,,,,,,,
2026-07-01T23:02:40.219067+00:00,2026-07-01T23:02:40.218910,1,1,90.9,0.8,90.5,150,,,,,,,,,,,,,,,,,,,91.3,100,,,,,,,,,,,,,,,,,,
2026-07-01T23:02:40.250203+00:00,2026-07-01T23:02:40.250076,1,2,90.75,0.5,90.5,150,,,,,,,,,,,,,,,,,,,91.0,150,91.3,100,,,,,,,,,,,,,,,,
2026-07-01T23:02:41.197370+00:00,2026-07-01T23:02:41.197288,1,2,90.75,0.5,90.5,100,,,,,,,,,,,,,,,,,,,91.0,150,91.3,100,,,,,,,,,,,,,,,,
2026-07-01T23:02:41.838447+00:00,2026-07-01T23:02:41.838235,1,1,90.75,0.5,90.5,100,,,,,,,,,,,,,,,,,,,91.0,150,,,,,,,,,,,,,,,,,,
2026-07-01T23:02:41.901022+00:00,2026-07-01T23:02:41.900815,2,1,90.75,0.5,90.5,100,90.2,100,,,,,,,,,,,,,,,,,91.0,150,,,,,,,,,,,,,,,,,,
2026-07-01T23:02:41.958628+00:00,2026-07-01T23:02:41.953140,2,2,90.6,0.2,90.5,100,90.2,100,,,,,,,,,,,,,,,,,90.7,100,91.0,150,,,,,,,,,,,,,,,,
2026-07-01T23:02:41.998476+00:00,2026-07-01T23:02:41.998443,2,2,90.6,0.2,90.5,105,90.2,100,,,,,,,,,,,,,,,,,90.7,100,91.0,150,,,,,,,,,,,,,,,,
2026-07-01T23:02:42.371132+00:00,2026-07-01T23:02:42.371092,2,2,90.6,0.2,90.5,58,90.2,100,,,,,,,,,,,,,,,,,90.7,100,91.0,150,,,,,,,,,,,,,,,,
2026-07-01T23:02:42.730038+00:00,2026-07-01T23:02:42.730205,2,2,90.6,0.2,90.5,57,90.2,100,,,,,,,,,,,,,,,,,90.7,100,91.0,150,,,,,,,,,,,,,,,,
2026-07-01T23:02:43.264121+00:00,2026-07-01T23:02:43.263929,2,2,90.6,0.2,90.5,57,90.2,100,,,,,,,,,,,,,,,,,90.7,50,91.0,150,,,,,,,,,,,,,,,,
2026-07-01T23:02:43.315276+00:00,2026-07-01T23:02:43.315217,2,1,90.6,0.2,90.5,4,90.2,100,,,,,,,,,,,,,,,,,90.7,50,,,,,,,,,,,,,,,,,,
2026-07-01T23:02:43.358581+00:00,2026-07-01T23:02:43.356814,3,1,90.6,0.2,90.5,4,90.3,150,90.2,100,,,,,,,,,,,,,,,90.7,50,,,,,,,,,,,,,,,,,,
2026-07-01T23:02:43.431799+00:00,2026-07-01T23:02:43.431975,3,2,90.6,0.2,90.5,4,90.3,150,90.2,100,,,,,,,,,,,,,,,90.7,50,90.8,150,,,,,,,,,,,,,,,,
2026-07-01T23:02:45.015822+00:00,2026-07-01T23:02:45.015658,2,1,90.65,0.3,90.5,4,90.3,150,,,,,,,,,,,,,,,,,90.8,150,,,,,,,,,,,,,,,,,,
2026-07-01T23:02:45.058692+00:00,2026-07-01T23:02:45.047854,3,1,90.7,0.2,90.6,100,90.5,4,90.3,150,,,,,,,,,,,,,,,90.8,150,,,,,,,,,,,,,,,,,,
2026-07-01T23:02:45.100851+00:00,2026-07-01T23:02:45.100714,3,2,90.7,0.2,90.6,100,90.5,4,90.3,150,,,,,,,,,,,,,,,90.8,150,91.1,100,,,,,,,,,,,,,,,,
2026-07-01T23:02:45.364623+00:00,2026-07-01T23:02:45.364203,3,2,90.7,0.2,90.6,100,90.5,4,90.3,150,,,,,,,,,,,,,,,90.8,100,91.1,100,,,,,,,,,,,,,,,,
2026-07-01T23:02:46.495728+00:00,2026-07-01T23:02:46.495634,2,1,90.85,0.5,90.6,100,90.5,2,,,,,,,,,,,,,,,,,91.1,100,,,,,,,,,,,,,,,,,,
2026-07-01T23:02:46.529207+00:00,2026-07-01T23:02:46.529425,2,1,90.85,0.5,90.6,250,90.5,2,,,,,,,,,,,,,,,,,91.1,100,,,,,,,,,,,,,,,,,,
2026-07-01T23:02:46.592567+00:00,2026-07-01T23:02:46.592465,2,1,90.85,0.5,90.6,250,90.5,2,,,,,,,,,,,,,,,,,91.1,250,,,,,,,,,,,,,,,,,,
2026-07-01T23:02:47.523400+00:00,2026-07-01T23:02:47.523244,2,1,90.85,0.5,90.6,200,90.5,2,,,,,,,,,,,,,,,,,91.1,250,,,,,,,,,,,,,,,,,,
2026-07-01T23:02:48.058597+00:00,2026-07-01T23:02:48.044691,2,2,90.7,0.2,90.6,200,90.5,2,,,,,,,,,,,,,,,,,90.8,5,91.1,250,,,,,,,,,,,,,,,,
2026-07-01T23:02:48.158686+00:00,2026-07-01T23:02:48.148661,2,2,90.7,0.2,90.6,150,90.5,2,,,,,,,,,,,,,,,,,90.8,5,91.1,150,,,,,,,,,,,,,,,,
2026-07-01T23:02:48.202777+00:00,2026-07-01T23:02:48.202723,2,2,90.7,0.2,90.6,250,90.5,2,,,,,,,,,,,,,,,,,90.8,5,91.1,150,,,,,,,,,,,,,,,,
2026-07-01T23:02:48.280506+00:00,2026-07-01T23:02:48.280397,2,2,90.7,0.2,90.6,250,90.5,2,,,,,,,,,,,,,,,,,90.8,5,91.1,250,,,,,,,,,,,,,,,,
2026-07-01T23:02:48.879895+00:00,2026-07-01T23:02:48.879809,2,2,90.7,0.2,90.6,250,90.5,1,,,,,,,,,,,,,,,,,90.8,5,91.1,250,,,,,,,,,,,,,,,,
2026-07-01T23:02:49.579436+00:00,2026-07-01T23:02:49.579594,2,1,90.85,0.5,90.6,250,90.5,1,,,,,,,,,,,,,,,,,91.1,205,,,,,,,,,,,,,,,,,,
2026-07-01T23:02:49.658896+00:00,2026-07-01T23:02:49.644024,2,1,90.85,0.5,90.6,100,90.5,1,,,,,,,,,,,,,,,,,91.1,100,,,,,,,,,,,,,,,,,,
2026-07-01T23:02:49.664133+00:00,2026-07-01T23:02:49.663914,2,2,90.75,0.3,90.6,100,90.5,1,,,,,,,,,,,,,,,,,90.9,7,91.1,100,,,,,,,,,,,,,,,,
2026-07-01T23:02:49.710305+00:00,2026-07-01T23:02:49.710438,2,2,90.75,0.3,90.6,250,90.5,1,,,,,,,,,,,,,,,,,90.9,7,91.1,100,,,,,,,,,,,,,,,,
2026-07-01T23:02:49.758625+00:00,2026-07-01T23:02:49.745923,2,2,90.75,0.3,90.6,250,90.5,1,,,,,,,,,,,,,,,,,90.9,7,91.1,250,,,,,,,,,,,,,,,,
2026-07-01T23:02:49.848238+00:00,2026-07-01T23:02:49.848038,2,2,90.75,0.3,90.6,250,90.5,1,,,,,,,,,,,,,,,,,90.9,6,91.1,250,,,,,,,,,,,,,,,,
2026-07-01T23:02:49.979380+00:00,2026-07-01T23:02:49.979275,2,1,90.85,0.5,90.6,250,90.5,1,,,,,,,,,,,,,,,,,91.1,210,,,,,,,,,,,,,,,,,,
2026-07-01T23:02:49.984481+00:00,2026-07-01T23:02:49.984446,2,2,90.75,0.3,90.6,250,90.5,1,,,,,,,,,,,,,,,,,90.9,6,91.1,210,,,,,,,,,,,,,,,,
2026-07-01T23:02:51.370588+00:00,2026-07-01T23:02:51.370217,2,2,90.75,0.3,90.6,150,90.5,1,,,,,,,,,,,,,,,,,90.9,6,91.1,150,,,,,,,,,,,,,,,,
2026-07-01T23:02:51.386277+00:00,2026-07-01T23:02:51.386158,2,2,90.75,0.3,90.6,250,90.5,1,,,,,,,,,,,,,,,,,90.9,6,91.1,150,,,,,,,,,,,,,,,,
2026-07-01T23:02:51.442964+00:00,2026-07-01T23:02:51.442754,2,2,90.75,0.3,90.6,250,90.5,1,,,,,,,,,,,,,,,,,90.9,6,91.1,250,,,,,,,,,,,,,,,,
2026-07-01T23:02:51.672083+00:00,2026-07-01T23:02:51.671756,2,2,90.75,0.3,90.6,250,90.5,1,,,,,,,,,,,,,,,,,90.9,5,91.1,250,,,,,,,,,,,,,,,,
2026-07-01T23:02:51.688231+00:00,2026-07-01T23:02:51.688405,2,1,90.85,0.5,90.6,250,90.5,1,,,,,,,,,,,,,,,,,91.1,205,,,,,,,,,,,,,,,,,,
2026-07-01T23:02:52.570633+00:00,2026-07-01T23:02:52.570551,2,2,90.75,0.3,90.6,250,90.5,1,,,,,,,,,,,,,,,,,90.9,4,91.1,205,,,,,,,,,,,,,,,,
2026-07-01T23:02:52.805774+00:00,2026-07-01T23:02:52.805739,2,2,90.75,0.3,90.6,100,90.5,1,,,,,,,,,,,,,,,,,90.9,4,91.1,100,,,,,,,,,,,,,,,,
2026-07-01T23:02:52.858562+00:00,2026-07-01T23:02:52.856271,3,1,91.0,0.2,90.9,146,90.6,100,90.5,1,,,,,,,,,,,,,,,91.1,100,,,,,,,,,,,,,,,,,,
2026-07-01T23:02:52.916766+00:00,2026-07-01T23:02:52.916944,3,2,91.0,0.2,90.9,146,90.6,100,90.5,1,,,,,,,,,,,,,,,91.1,100,91.4,150,,,,,,,,,,,,,,,,
2026-07-01T23:02:53.221612+00:00,2026-07-01T23:02:53.215518,3,2,91.0,0.2,90.9,143,90.6,100,90.5,1,,,,,,,,,,,,,,,91.1,100,91.4,150,,,,,,,,,,,,,,,,
2026-07-01T23:02:53.237602+00:00,2026-07-01T23:02:53.237112,3,2,91.0,0.2,90.9,100,90.6,100,90.5,1,,,,,,,,,,,,,,,91.1,100,91.4,150,,,,,,,,,,,,,,,,
2026-07-01T23:02:53.669021+00:00,2026-07-01T23:02:53.669174,3,2,91.0,0.2,90.9,96,90.6,100,90.5,1,,,,,,,,,,,,,,,91.1,100,91.4,150,,,,,,,,,,,,,,,,
2026-07-01T23:02:53.716157+00:00,2026-07-01T23:02:53.716101,2,2,91.0,0.2,90.9,96,90.6,100,,,,,,,,,,,,,,,,,91.1,100,91.4,150,,,,,,,,,,,,,,,,
2026-07-01T23:02:53.799910+00:00,2026-07-01T23:02:53.799815,2,2,91.0,0.2,90.9,96,90.6,100,,,,,,,,,,,,,,,,,91.1,50,91.4,150,,,,,,,,,,,,,,,,
2026-07-01T23:02:53.981418+00:00,2026-07-01T23:02:53.981286,2,3,90.95,0.1,90.9,96,90.6,100,,,,,,,,,,,,,,,,,91.0,4,91.1,50,91.4,150,,,,,,,,,,,,,,
2026-07-01T23:02:54.124578+00:00,2026-07-01T23:02:54.124505,3,3,90.95,0.1,90.9,96,90.7,3,90.6,100,,,,,,,,,,,,,,,91.0,4,91.1,50,91.4,150,,,,,,,,,,,,,,
2026-07-01T23:02:54.522162+00:00,2026-07-01T23:02:54.521934,2,2,90.95,0.1,90.9,96,90.7,3,,,,,,,,,,,,,,,,,91.0,4,91.4,150,,,,,,,,,,,,,,,,
2026-07-01T23:02:54.558601+00:00,2026-07-01T23:02:54.548311,3,2,90.95,0.1,90.9,96,90.8,100,90.7,3,,,,,,,,,,,,,,,91.0,4,91.4,150,,,,,,,,,,,,,,,,
2026-07-01T23:02:54.623436+00:00,2026-07-01T23:02:54.623327,3,3,90.95,0.1,90.9,96,90.8,100,90.7,3,,,,,,,,,,,,,,,91.0,4,91.3,100,91.4,150,,,,,,,,,,,,,,
2026-07-01T23:02:54.931270+00:00,2026-07-01T23:02:54.931197,3,3,90.95,0.1,90.9,47,90.8,100,90.7,3,,,,,,,,,,,,,,,91.0,4,91.3,100,91.4,150,,,,,,,,,,,,,,
2026-07-01T23:02:55.899705+00:00,2026-07-01T23:02:55.899662,3,2,91.1,0.4,90.9,47,90.8,100,90.7,3,,,,,,,,,,,,,,,91.3,54,91.4,150,,,,,,,,,,,,,,,,
2026-07-01T23:02:55.958596+00:00,2026-07-01T23:02:55.951933,3,3,90.95,0.1,90.9,47,90.8,100,90.7,3,,,,,,,,,,,,,,,91.0,4,91.3,54,91.4,150,,,,,,,,,,,,,,
2026-07-01T23:02:55.970354+00:00,2026-07-01T23:02:55.970276,2,2,90.9,0.2,90.8,100,90.7,3,,,,,,,,,,,,,,,,,91.0,4,91.3,54,,,,,,,,,,,,,,,,
2026-07-01T23:02:56.024004+00:00,2026-07-01T23:02:56.023939,3,2,90.9,0.2,90.8,100,90.7,3,90.5,150,,,,,,,,,,,,,,,91.0,4,91.3,54,,,,,,,,,,,,,,,,
2026-07-01T23:02:56.079210+00:00,2026-07-01T23:02:56.079328,3,2,90.9,0.2,90.8,100,90.7,3,90.5,150,,,,,,,,,,,,,,,91.0,154,91.3,54,,,,,,,,,,,,,,,,
2026-07-01T23:02:57.369390+00:00,2026-07-01T23:02:57.369208,3,2,90.9,0.2,90.8,100,90.7,3,90.5,150,,,,,,,,,,,,,,,91.0,108,91.3,54,,,,,,,,,,,,,,,,
2026-07-01T23:02:57.463957+00:00,2026-07-01T23:02:57.463850,3,2,90.9,0.2,90.8,100,90.7,3,90.5,150,,,,,,,,,,,,,,,91.0,112,91.3,54,,,,,,,,,,,,,,,,
2026-07-01T23:02:57.574104+00:00,2026-07-01T23:02:57.573975,3,2,90.9,0.2,90.8,100,90.7,2,90.5,150,,,,,,,,,,,,,,,91.0,112,91.3,54,,,,,,,,,,,,,,,,
2026-07-01T23:02:57.658653+00:00,2026-07-01T23:02:57.654777,2,1,90.85,0.3,90.7,2,90.5,150,,,,,,,,,,,,,,,,,91.0,112,,,,,,,,,,,,,,,,,,
2026-07-01T23:02:57.731905+00:00,2026-07-01T23:02:57.731731,2,1,90.85,0.3,90.7,102,90.5,150,,,,,,,,,,,,,,,,,91.0,112,,,,,,,,,,,,,,,,,,
2026-07-01T23:02:57.773175+00:00,2026-07-01T23:02:57.773105,2,2,90.85,0.3,90.7,102,90.5,150,,,,,,,,,,,,,,,,,91.0,112,91.2,100,,,,,,,,,,,,,,,,
2026-07-01T23:02:58.015500+00:00,2026-07-01T23:02:58.015370,2,2,90.85,0.3,90.7,102,90.5,150,,,,,,,,,,,,,,,,,91.0,62,91.2,100,,,,,,,,,,,,,,,,
2026-07-01T23:02:58.458628+00:00,2026-07-01T23:02:58.454749,2,2,90.85,0.3,90.7,101,90.5,150,,,,,,,,,,,,,,,,,91.0,62,91.2,100,,,,,,,,,,,,,,,,
2026-07-01T23:02:59.126325+00:00,2026-07-01T23:02:59.126202,1,2,90.85,0.3,90.7,101,,,,,,,,,,,,,,,,,,,91.0,4,91.2,100,,,,,,,,,,,,,,,,
2026-07-01T23:02:59.180299+00:00,2026-07-01T23:02:59.180231,2,2,90.9,0.2,90.8,150,90.7,101,,,,,,,,,,,,,,,,,91.0,4,91.2,100,,,,,,,,,,,,,,,,
2026-07-01T23:02:59.258621+00:00,2026-07-01T23:02:59.246431,2,3,90.9,0.2,90.8,150,90.7,101,,,,,,,,,,,,,,,,,91.0,4,91.2,100,91.3,150,,,,,,,,,,,,,,
2026-07-01T23:02:59.941731+00:00,2026-07-01T23:02:59.941618,2,2,91.0,0.4,90.8,150,90.7,101,,,,,,,,,,,,,,,,,91.2,59,91.3,150,,,,,,,,,,,,,,,,
2026-07-01T23:03:00.004480+00:00,2026-07-01T23:03:00.004387,2,2,91.0,0.4,90.8,105,90.7,101,,,,,,,,,,,,,,,,,91.2,59,91.3,150,,,,,,,,,,,,,,,,
2026-07-01T23:03:00.158606+00:00,2026-07-01T23:03:00.151182,2,2,91.0,0.4,90.8,105,90.7,101,,,,,,,,,,,,,,,,,91.2,9,91.3,150,,,,,,,,,,,,,,,,
2026-07-01T23:03:00.822957+00:00,2026-07-01T23:03:00.822874,2,1,91.05,0.5,90.8,105,90.7,1,,,,,,,,,,,,,,,,,91.3,150,,,,,,,,,,,,,,,,,,
2026-07-01T23:03:00.885756+00:00,2026-07-01T23:03:00.879591,3,1,91.15,0.3,91.0,97,90.8,105,90.7,1,,,,,,,,,,,,,,,91.3,150,,,,,,,,,,,,,,,,,,
2026-07-01T23:03:00.940503+00:00,2026-07-01T23:03:00.940694,3,2,91.15,0.3,91.0,97,90.8,105,90.7,1,,,,,,,,,,,,,,,91.3,150,91.5,100,,,,,,,,,,,,,,,,
2026-07-01T23:03:01.339880+00:00,2026-07-01T23:03:01.339832,2,2,91.15,0.3,91.0,97,90.8,105,,,,,,,,,,,,,,,,,91.3,150,91.5,100,,,,,,,,,,,,,,,,
2026-07-01T23:03:01.433016+00:00,2026-07-01T23:03:01.426030,1,2,91.05,0.5,90.8,105,,,,,,,,,,,,,,,,,,,91.3,150,91.5,100,,,,,,,,,,,,,,,,
2026-07-01T23:03:02.235308+00:00,2026-07-01T23:03:02.235224,1,2,91.05,0.5,90.8,105,,,,,,,,,,,,,,,,,,,91.3,100,91.5,100,,,,,,,,,,,,,,,,
2026-07-01T23:03:02.288098+00:00,2026-07-01T23:03:02.287914,0,1,,,,,,,,,,,,,,,,,,,,,,,91.5,100,,,,,,,,,,,,,,,,,,
2026-07-01T23:03:02.341253+00:00,2026-07-01T23:03:02.341051,1,1,91.1,0.8,90.7,150,,,,,,,,,,,,,,,,,,,91.5,100,,,,,,,,,,,,,,,,,,
2026-07-01T23:03:02.379008+00:00,2026-07-01T23:03:02.379149,1,2,90.9,0.4,90.7,150,,,,,,,,,,,,,,,,,,,91.1,7,91.5,100,,,,,,,,,,,,,,,,
2026-07-01T23:03:02.423993+00:00,2026-07-01T23:03:02.423835,1,3,90.9,0.4,90.7,150,,,,,,,,,,,,,,,,,,,91.1,7,91.2,150,91.5,100,,,,,,,,,,,,,,
2026-07-01T23:03:02.510071+00:00,2026-07-01T23:03:02.509854,1,3,90.9,0.4,90.7,150,,,,,,,,,,,,,,,,,,,91.1,6,91.2,150,91.5,100,,,,,,,,,,,,,,
2026-07-01T23:03:03.215365+00:00,2026-07-01T23:03:03.215308,1,3,90.9,0.4,90.7,103,,,,,,,,,,,,,,,,,,,91.1,6,91.2,150,91.5,100,,,,,,,,,,,,,,
2026-07-01T23:03:03.796842+00:00,2026-07-01T23:03:03.796530,1,2,90.95,0.5,90.7,103,,,,,,,,,,,,,,,,,,,91.2,107,91.5,100,,,,,,,,,,,,,,,,
2026-07-01T23:03:03.982634+00:00,2026-07-01T23:03:03.982534,1,1,90.95,0.5,90.7,103,,,,,,,,,,,,,,,,,,,91.2,107,,,,,,,,,,,,,,,,,,
2026-07-01T23:03:04.058673+00:00,2026-07-01T23:03:04.035167,1,1,90.95,0.5,90.7,203,,,,,,,,,,,,,,,,,,,91.2,107,,,,,,,,,,,,,,,,,,
2026-07-01T23:03:04.089736+00:00,2026-07-01T23:03:04.089608,1,1,90.95,0.5,90.7,203,,,,,,,,,,,,,,,,,,,91.2,207,,,,,,,,,,,,,,,,,,
2026-07-01T23:03:04.328275+00:00,2026-07-01T23:03:04.328148,1,1,90.95,0.5,90.7,203,,,,,,,,,,,,,,,,,,,91.2,157,,,,,,,,,,,,,,,,,,
2026-07-01T23:03:04.558627+00:00,2026-07-01T23:03:04.557609,1,2,90.9,0.4,90.7,203,,,,,,,,,,,,,,,,,,,91.1,7,91.2,157,,,,,,,,,,,,,,,,
2026-07-01T23:03:05.447727+00:00,2026-07-01T23:03:05.447925,1,2,90.9,0.4,90.7,100,,,,,,,,,,,,,,,,,,,91.1,7,91.2,100,,,,,,,,,,,,,,,,
2026-07-01T23:03:05.525121+00:00,2026-07-01T23:03:05.524991,2,2,90.95,0.3,90.8,150,90.7,100,,,,,,,,,,,,,,,,,91.1,7,91.2,100,,,,,,,,,,,,,,,,
2026-07-01T23:03:05.558556+00:00,2026-07-01T23:03:05.557885,2,3,90.95,0.3,90.8,150,90.7,100,,,,,,,,,,,,,,,,,91.1,7,91.2,100,91.3,150,,,,,,,,,,,,,,
2026-07-01T23:03:05.793953+00:00,2026-07-01T23:03:05.793861,2,2,91.0,0.4,90.8,150,90.7,100,,,,,,,,,,,,,,,,,91.2,65,91.3,150,,,,,,,,,,,,,,,,
2026-07-01T23:03:05.883327+00:00,2026-07-01T23:03:05.877261,2,3,90.95,0.3,90.8,150,90.7,100,,,,,,,,,,,,,,,,,91.1,7,91.2,65,91.3,150,,,,,,,,,,,,,,
2026-07-01T23:03:06.507426+00:00,2026-07-01T23:03:06.507355,2,3,90.95,0.3,90.8,100,90.7,100,,,,,,,,,,,,,,,,,91.1,7,91.2,65,91.3,150,,,,,,,,,,,,,,
2026-07-01T23:03:07.164331+00:00,2026-07-01T23:03:07.164013,1,2,90.95,0.3,90.8,100,,,,,,,,,,,,,,,,,,,91.1,7,91.3,150,,,,,,,,,,,,,,,,
2026-07-01T23:03:07.221740+00:00,2026-07-01T23:03:07.221669,2,1,91.2,0.2,91.1,93,90.8,100,,,,,,,,,,,,,,,,,91.3,150,,,,,,,,,,,,,,,,,,
2026-07-01T23:03:07.264037+00:00,2026-07-01T23:03:07.263890,2,2,91.2,0.2,91.1,93,90.8,100,,,,,,,,,,,,,,,,,91.3,150,91.6,100,,,,,,,,,,,,,,,,
2026-07-01T23:03:08.608430+00:00,2026-07-01T23:03:08.608396,2,2,91.2,0.2,91.1,43,90.8,100,,,,,,,,,,,,,,,,,91.3,150,91.6,100,,,,,,,,,,,,,,,,
2026-07-01T23:03:08.613713+00:00,2026-07-01T23:03:08.613587,2,1,91.35,0.5,91.1,43,90.8,100,,,,,,,,,,,,,,,,,91.6,100,,,,,,,,,,,,,,,,,,
2026-07-01T23:03:08.618807+00:00,2026-07-01T23:03:08.618754,1,1,91.35,0.5,91.1,43,,,,,,,,,,,,,,,,,,,91.6,100,,,,,,,,,,,,,,,,,,
2026-07-01T23:03:08.682174+00:00,2026-07-01T23:03:08.682096,2,1,91.35,0.5,91.1,43,90.8,150,,,,,,,,,,,,,,,,,91.6,100,,,,,,,,,,,,,,,,,,
2026-07-01T23:03:08.746083+00:00,2026-07-01T23:03:08.745977,3,2,91.2,0.2,91.1,43,90.9,3,90.8,150,,,,,,,,,,,,,,,91.3,150,91.6,100,,,,,,,,,,,,,,,,
2026-07-01T23:03:08.758874+00:00,2026-07-01T23:03:08.758652,3,3,91.15,0.1,91.1,43,90.9,3,90.8,150,,,,,,,,,,,,,,,91.2,3,91.3,150,91.6,100,,,,,,,,,,,,,,
2026-07-01T23:03:10.283187+00:00,2026-07-01T23:03:10.282908,3,3,91.15,0.1,91.1,43,90.9,3,90.8,150,,,,,,,,,,,,,,,91.2,2,91.3,150,91.6,100,,,,,,,,,,,,,,
2026-07-01T23:03:10.314631+00:00,2026-07-01T23:03:10.314513,2,2,91.05,0.3,90.9,3,90.8,150,,,,,,,,,,,,,,,,,91.2,2,91.3,150,,,,,,,,,,,,,,,,
2026-07-01T23:03:10.379625+00:00,2026-07-01T23:03:10.379770,2,2,91.05,0.3,90.9,103,90.8,150,,,,,,,,,,,,,,,,,91.2,2,91.3,150,,,,,,,,,,,,,,,,
2026-07-01T23:03:10.448813+00:00,2026-07-01T23:03:10.448574,2,3,91.05,0.3,90.9,103,90.8,150,,,,,,,,,,,,,,,,,91.2,2,91.3,150,91.4,100,,,,,,,,,,,,,,
2026-07-01T23:03:10.734108+00:00,2026-07-01T23:03:10.734056,2,3,91.05,0.3,90.9,58,90.8,150,,,,,,,,,,,,,,,,,91.2,2,91.3,150,91.4,100,,,,,,,,,,,,,,
2026-07-01T23:03:10.739581+00:00,2026-07-01T23:03:10.739296,2,3,91.05,0.3,90.9,8,90.8,150,,,,,,,,,,,,,,,,,91.2,2,91.3,150,91.4,100,,,,,,,,,,,,,,
2026-07-01T23:03:11.777679+00:00,2026-07-01T23:03:11.777600,1,1,91.15,0.5,90.9,8,,,,,,,,,,,,,,,,,,,91.4,100,,,,,,,,,,,,,,,,,,
2026-07-01T23:03:11.858546+00:00,2026-07-01T23:03:11.844434,1,1,91.15,0.5,90.9,158,,,,,,,,,,,,,,,,,,,91.4,100,,,,,,,,,,,,,,,,,,
2026-07-01T23:03:11.907008+00:00,2026-07-01T23:03:11.906833,1,1,91.15,0.5,90.9,158,,,,,,,,,,,,,,,,,,,91.4,250,,,,,,,,,,,,,,,,,,
2026-07-01T23:03:12.439878+00:00,2026-07-01T23:03:12.439733,1,1,91.15,0.5,90.9,162,,,,,,,,,,,,,,,,,,,91.4,250,,,,,,,,,,,,,,,,,,
2026-07-01T23:03:12.845702+00:00,2026-07-01T23:03:12.845982,1,1,91.15,0.5,90.9,112,,,,,,,,,,,,,,,,,,,91.4,250,,,,,,,,,,,,,,,,,,
2026-07-01T23:03:13.474946+00:00,2026-07-01T23:03:13.474922,1,1,91.15,0.5,90.9,112,,,,,,,,,,,,,,,,,,,91.4,150,,,,,,,,,,,,,,,,,,
2026-07-01T23:03:13.534235+00:00,2026-07-01T23:03:13.534134,2,1,91.15,0.5,90.9,112,90.8,100,,,,,,,,,,,,,,,,,91.4,150,,,,,,,,,,,,,,,,,,
2026-07-01T23:03:13.579156+00:00,2026-07-01T23:03:13.578927,2,2,91.1,0.4,90.9,112,90.8,100,,,,,,,,,,,,,,,,,91.3,100,91.4,150,,,,,,,,,,,,,,,,
2026-07-01T23:03:14.570407+00:00,2026-07-01T23:03:14.562059,2,2,91.1,0.4,90.9,112,90.8,100,,,,,,,,,,,,,,,,,91.3,97,91.4,150,,,,,,,,,,,,,,,,
2026-07-01T23:03:14.969120+00:00,2026-07-01T23:03:14.968880,2,1,91.1,0.4,90.9,4,90.8,100,,,,,,,,,,,,,,,,,91.3,97,,,,,,,,,,,,,,,,,,
2026-07-01T23:03:14.989724+00:00,2026-07-01T23:03:14.989879,1,1,91.05,0.5,90.8,54,,,,,,,,,,,,,,,,,,,91.3,97,,,,,,,,,,,,,,,,,,
2026-07-01T23:03:15.026771+00:00,2026-07-01T23:03:15.026348,2,1,91.2,0.2,91.1,150,90.8,54,,,,,,,,,,,,,,,,,91.3,97,,,,,,,,,,,,,,,,,,
2026-07-01T23:03:15.066592+00:00,2026-07-01T23:03:15.066548,2,2,91.2,0.2,91.1,150,90.8,54,,,,,,,,,,,,,,,,,91.3,97,91.6,150,,,,,,,,,,,,,,,,
2026-07-01T23:03:15.384692+00:00,2026-07-01T23:03:15.384586,3,2,91.2,0.2,91.1,150,90.9,5,90.8,54,,,,,,,,,,,,,,,91.3,97,91.6,150,,,,,,,,,,,,,,,,
2026-07-01T23:03:16.638293+00:00,2026-07-01T23:03:16.638233,2,1,91.35,0.5,91.1,150,90.9,5,,,,,,,,,,,,,,,,,91.6,150,,,,,,,,,,,,,,,,,,
2026-07-01T23:03:16.688328+00:00,2026-07-01T23:03:16.688158,3,1,91.35,0.5,91.1,150,90.9,5,90.8,100,,,,,,,,,,,,,,,91.6,150,,,,,,,,,,,,,,,,,,
2026-07-01T23:03:16.758608+00:00,2026-07-01T23:03:16.744659,3,2,91.2,0.2,91.1,150,90.9,5,90.8,100,,,,,,,,,,,,,,,91.3,100,91.6,150,,,,,,,,,,,,,,,,
2026-07-01T23:03:17.086097+00:00,2026-07-01T23:03:17.086038,3,2,91.2,0.2,91.1,100,90.9,5,90.8,100,,,,,,,,,,,,,,,91.3,100,91.6,150,,,,,,,,,,,,,,,,
2026-07-01T23:03:18.121097+00:00,2026-07-01T23:03:18.120969,2,1,91.1,0.4,90.9,5,90.8,100,,,,,,,,,,,,,,,,,91.3,100,,,,,,,,,,,,,,,,,,
2026-07-01T23:03:18.170393+00:00,2026-07-01T23:03:18.170063,3,1,91.15,0.3,91.0,150,90.9,5,90.8,100,,,,,,,,,,,,,,,91.3,100,,,,,,,,,,,,,,,,,,
2026-07-01T23:03:18.228748+00:00,2026-07-01T23:03:18.228564,3,2,91.15,0.3,91.0,150,90.9,5,90.8,100,,,,,,,,,,,,,,,91.3,100,91.5,150,,,,,,,,,,,,,,,,
2026-07-01T23:03:18.851084+00:00,2026-07-01T23:03:18.851328,3,2,91.15,0.3,91.0,105,90.9,5,90.8,100,,,,,,,,,,,,,,,91.3,100,91.5,150,,,,,,,,,,,,,,,,
2026-07-01T23:03:19.143432+00:00,2026-07-01T23:03:19.143321,3,2,91.15,0.3,91.0,105,90.9,5,90.8,100,,,,,,,,,,,,,,,91.3,50,91.5,150,,,,,,,,,,,,,,,,
2026-07-01T23:03:19.471357+00:00,2026-07-01T23:03:19.471255,3,2,91.15,0.3,91.0,62,90.9,5,90.8,100,,,,,,,,,,,,,,,91.3,50,91.5,150,,,,,,,,,,,,,,,,
2026-07-01T23:03:19.804955+00:00,2026-07-01T23:03:19.805457,2,1,91.25,0.5,91.0,62,90.9,5,,,,,,,,,,,,,,,,,91.5,150,,,,,,,,,,,,,,,,,,
2026-07-01T23:03:19.863902+00:00,2026-07-01T23:03:19.863778,2,1,91.25,0.5,91.0,62,90.9,105,,,,,,,,,,,,,,,,,91.5,150,,,,,,,,,,,,,,,,,,
2026-07-01T23:03:19.915829+00:00,2026-07-01T23:03:19.915977,2,2,91.2,0.4,91.0,62,90.9,105,,,,,,,,,,,,,,,,,91.4,100,91.5,150,,,,,,,,,,,,,,,,
2026-07-01T23:03:20.605402+00:00,2026-07-01T23:03:20.605230,2,2,91.2,0.4,91.0,62,90.9,104,,,,,,,,,,,,,,,,,91.4,100,91.5,150,,,,,,,,,,,,,,,,
2026-07-01T23:03:21.246517+00:00,2026-07-01T23:03:21.246375,2,2,91.2,0.4,91.0,62,90.9,104,,,,,,,,,,,,,,,,,91.4,50,91.5,150,,,,,,,,,,,,,,,,
2026-07-01T23:03:21.288334+00:00,2026-07-01T23:03:21.288061,1,1,91.15,0.5,90.9,104,,,,,,,,,,,,,,,,,,,91.4,50,,,,,,,,,,,,,,,,,,
2026-07-01T23:03:21.358697+00:00,2026-07-01T23:03:21.347079,2,1,91.15,0.5,90.9,104,90.6,150,,,,,,,,,,,,,,,,,91.4,50,,,,,,,,,,,,,,,,,,
