recv_time,book_timestamp,n_bids,n_asks,mid,spread,bid_px_0,bid_vol_0,bid_px_1,bid_vol_1,bid_px_2,bid_vol_2,bid_px_3,bid_vol_3,bid_px_4,bid_vol_4,bid_px_5,bid_vol_5,bid_px_6,bid_vol_6,bid_px_7,bid_vol_7,bid_px_8,bid_vol_8,bid_px_9,bid_vol_9,ask_px_0,ask_vol_0,ask_px_1,ask_vol_1,ask_px_2,ask_vol_2,ask_px_3,ask_vol_3,ask_px_4,ask_vol_4,ask_px_5,ask_vol_5,ask_px_6,ask_vol_6,ask_px_7,ask_vol_7,ask_px_8,ask_vol_8,ask_px_9,ask_vol_9
2026-07-03T18:00:01.258630+00:00,2026-07-03T18:00:01.255961,1,0,,,109.8,100,,,,,,,,,,,,,,,,,,,,,,,,,,,,,,,,,,,,,,
2026-07-03T18:00:01.312376+00:00,2026-07-03T18:00:01.311920,2,0,,,110.2,150,109.8,100,,,,,,,,,,,,,,,,,,,,,,,,,,,,,,,,,,,,
2026-07-03T18:00:01.382087+00:00,2026-07-03T18:00:01.374414,2,1,110.45,0.5,110.2,150,109.8,100,,,,,,,,,,,,,,,,,110.7,150,,,,,,,,,,,,,,,,,,
2026-07-03T18:00:02.939403+00:00,2026-07-03T18:00:02.939505,1,1,110.45,0.5,110.2,150,,,,,,,,,,,,,,,,,,,110.7,150,,,,,,,,,,,,,,,,,,
2026-07-03T18:00:02.987100+00:00,2026-07-03T18:00:02.986763,2,1,110.55,0.3,110.4,100,110.2,150,,,,,,,,,,,,,,,,,110.7,150,,,,,,,,,,,,,,,,,,
2026-07-03T18:00:03.066257+00:00,2026-07-03T18:00:03.065225,2,2,110.55,0.3,110.4,100,110.2,150,,,,,,,,,,,,,,,,,110.7,150,110.9,100,,,,,,,,,,,,,,,,
2026-07-03T18:00:03.273172+00:00,2026-07-03T18:00:03.272910,2,2,110.55,0.3,110.4,58,110.2,150,,,,,,,,,,,,,,,,,110.7,150,110.9,100,,,,,,,,,,,,,,,,
2026-07-03T18:00:03.357347+00:00,2026-07-03T18:00:03.357654,2,2,110.55,0.3,110.4,58,110.2,150,,,,,,,,,,,,,,,,,110.7,100,110.9,100,,,,,,,,,,,,,,,,
2026-07-03T18:00:04.428106+00:00,2026-07-03T18:00:04.414616,1,1,110.65,0.5,110.4,58,,,,,,,,,,,,,,,,,,,110.9,100,,,,,,,,,,,,,,,,,,
2026-07-03T18:00:04.475333+00:00,2026-07-03T18:00:04.475467,2,1,110.7,0.4,110.5,150,110.4,58,,,,,,,,,,,,,,,,,110.9,100,,,,,,,,,,,,,,,,,,
2026-07-03T18:00:04.528534+00:00,2026-07-03T18:00:04.528380,2,2,110.7,0.4,110.5,150,110.4,58,,,,,,,,,,,,,,,,,110.9,100,111.0,150,,,,,,,,,,,,,,,,
2026-07-03T18:00:04.639393+00:00,2026-07-03T18:00:04.639285,2,2,110.7,0.4,110.5,150,110.4,58,,,,,,,,,,,,,,,,,110.9,56,111.0,150,,,,,,,,,,,,,,,,
2026-07-03T18:00:05.313197+00:00,2026-07-03T18:00:05.313295,2,2,110.7,0.4,110.5,101,110.4,58,,,,,,,,,,,,,,,,,110.9,56,111.0,150,,,,,,,,,,,,,,,,
2026-07-03T18:00:05.490051+00:00,2026-07-03T18:00:05.489795,2,2,110.7,0.4,110.5,101,110.4,58,,,,,,,,,,,,,,,,,110.9,6,111.0,150,,,,,,,,,,,,,,,,
2026-07-03T18:00:05.927679+00:00,2026-07-03T18:00:05.912523,2,1,110.75,0.5,110.5,101,110.4,58,,,,,,,,,,,,,,,,,111.0,114,,,,,,,,,,,,,,,,,,
2026-07-03T18:00:06.118797+00:00,2026-07-03T18:00:06.118309,1,1,110.75,0.5,110.5,101,,,,,,,,,,,,,,,,,,,111.0,114,,,,,,,,,,,,,,,,,,
2026-07-03T18:00:06.171698+00:00,2026-07-03T18:00:06.171861,2,1,110.85,0.3,110.7,100,110.5,101,,,,,,,,,,,,,,,,,111.0,114,,,,,,,,,,,,,,,,,,
2026-07-03T18:00:06.224963+00:00,2026-07-03T18:00:06.224776,2,2,110.85,0.3,110.7,100,110.5,101,,,,,,,,,,,,,,,,,111.0,114,111.2,100,,,,,,,,,,,,,,,,
2026-07-03T18:00:07.582588+00:00,2026-07-03T18:00:07.582443,1,1,110.95,0.5,110.7,100,,,,,,,,,,,,,,,,,,,111.2,100,,,,,,,,,,,,,,,,,,
2026-07-03T18:00:07.587752+00:00,2026-07-03T18:00:07.587656,1,1,110.95,0.5,110.7,100,,,,,,,,,,,,,,,,,,,111.2,50,,,,,,,,,,,,,,,,,,
2026-07-03T18:00:07.638293+00:00,2026-07-03T18:00:07.638038,2,1,110.95,0.5,110.7,100,110.4,150,,,,,,,,,,,,,,,,,111.2,50,,,,,,,,,,,,,,,,,,
2026-07-03T18:00:07.690732+00:00,2026-07-03T18:00:07.690907,2,2,110.8,0.2,110.7,100,110.4,150,,,,,,,,,,,,,,,,,110.9,150,111.2,50,,,,,,,,,,,,,,,,
2026-07-03T18:00:07.973998+00:00,2026-07-03T18:00:07.962979,2,2,110.8,0.2,110.7,97,110.4,150,,,,,,,,,,,,,,,,,110.9,150,111.2,50,,,,,,,,,,,,,,,,
2026-07-03T18:00:09.132694+00:00,2026-07-03T18:00:09.132221,2,2,110.8,0.2,110.7,56,110.4,150,,,,,,,,,,,,,,,,,110.9,150,111.2,50,,,,,,,,,,,,,,,,
2026-07-03T18:00:09.276398+00:00,2026-07-03T18:00:09.276337,1,1,110.65,0.5,110.4,150,,,,,,,,,,,,,,,,,,,110.9,150,,,,,,,,,,,,,,,,,,
2026-07-03T18:00:09.346575+00:00,2026-07-03T18:00:09.346332,2,1,110.7,0.4,110.5,100,110.4,150,,,,,,,,,,,,,,,,,110.9,150,,,,,,,,,,,,,,,,,,
2026-07-03T18:00:09.385859+00:00,2026-07-03T18:00:09.385402,2,2,110.7,0.4,110.5,100,110.4,150,,,,,,,,,,,,,,,,,110.9,150,111.0,100,,,,,,,,,,,,,,,,
2026-07-03T18:00:09.658719+00:00,2026-07-03T18:00:09.652422,2,2,110.7,0.4,110.5,51,110.4,150,,,,,,,,,,,,,,,,,110.9,150,111.0,100,,,,,,,,,,,,,,,,
2026-07-03T18:00:09.749783+00:00,2026-07-03T18:00:09.749658,2,2,110.7,0.4,110.5,51,110.4,150,,,,,,,,,,,,,,,,,110.9,100,111.0,100,,,,,,,,,,,,,,,,
2026-07-03T18:00:10.742473+00:00,2026-07-03T18:00:10.742318,2,1,110.75,0.5,110.5,51,110.4,150,,,,,,,,,,,,,,,,,111.0,100,,,,,,,,,,,,,,,,,,
2026-07-03T18:00:10.747606+00:00,2026-07-03T18:00:10.747485,1,1,110.75,0.5,110.5,51,,,,,,,,,,,,,,,,,,,111.0,100,,,,,,,,,,,,,,,,,,
2026-07-03T18:00:10.808424+00:00,2026-07-03T18:00:10.808353,2,1,110.9,0.2,110.8,150,110.5,51,,,,,,,,,,,,,,,,,111.0,100,,,,,,,,,,,,,,,,,,
2026-07-03T18:00:10.858639+00:00,2026-07-03T18:00:10.851173,2,2,110.9,0.2,110.8,150,110.5,51,,,,,,,,,,,,,,,,,111.0,100,111.3,150,,,,,,,,,,,,,,,,
2026-07-03T18:00:11.826612+00:00,2026-07-03T18:00:11.826500,2,2,110.9,0.2,110.8,150,110.5,51,,,,,,,,,,,,,,,,,111.0,50,111.3,150,,,,,,,,,,,,,,,,
2026-07-03T18:00:12.458766+00:00,2026-07-03T18:00:12.458705,1,1,111.05,0.5,110.8,150,,,,,,,,,,,,,,,,,,,111.3,150,,,,,,,,,,,,,,,,,,
2026-07-03T18:00:12.505076+00:00,2026-07-03T18:00:12.504964,2,1,111.05,0.5,110.8,150,110.6,100,,,,,,,,,,,,,,,,,111.3,150,,,,,,,,,,,,,,,,,,
2026-07-03T18:00:12.558632+00:00,2026-07-03T18:00:12.556813,2,2,110.95,0.3,110.8,150,110.6,100,,,,,,,,,,,,,,,,,111.1,100,111.3,150,,,,,,,,,,,,,,,,
2026-07-03T18:00:13.907070+00:00,2026-07-03T18:00:13.906983,1,1,110.85,0.5,110.6,100,,,,,,,,,,,,,,,,,,,111.1,100,,,,,,,,,,,,,,,,,,
2026-07-03T18:00:13.933742+00:00,2026-07-03T18:00:13.933612,1,1,110.85,0.5,110.6,100,,,,,,,,,,,,,,,,,,,111.1,50,,,,,,,,,,,,,,,,,,
2026-07-03T18:00:13.982004+00:00,2026-07-03T18:00:13.981763,2,1,110.9,0.4,110.7,150,110.6,100,,,,,,,,,,,,,,,,,111.1,50,,,,,,,,,,,,,,,,,,
2026-07-03T18:00:14.030976+00:00,2026-07-03T18:00:14.030890,2,2,110.9,0.4,110.7,150,110.6,100,,,,,,,,,,,,,,,,,111.1,50,111.2,150,,,,,,,,,,,,,,,,
2026-07-03T18:00:15.601935+00:00,2026-07-03T18:00:15.601787,1,1,110.95,0.5,110.7,150,,,,,,,,,,,,,,,,,,,111.2,150,,,,,,,,,,,,,,,,,,
2026-07-03T18:00:15.659060+00:00,2026-07-03T18:00:15.658850,2,1,111.0,0.4,110.8,100,110.7,150,,,,,,,,,,,,,,,,,111.2,150,,,,,,,,,,,,,,,,,,
2026-07-03T18:00:15.715565+00:00,2026-07-03T18:00:15.715433,2,2,111.0,0.4,110.8,100,110.7,150,,,,,,,,,,,,,,,,,111.2,150,111.3,100,,,,,,,,,,,,,,,,
2026-07-03T18:00:16.114353+00:00,2026-07-03T18:00:16.114489,2,2,111.0,0.4,110.8,50,110.7,150,,,,,,,,,,,,,,,,,111.2,150,111.3,100,,,,,,,,,,,,,,,,
2026-07-03T18:00:16.593032+00:00,2026-07-03T18:00:16.592935,2,2,111.0,0.4,110.8,50,110.7,150,,,,,,,,,,,,,,,,,111.2,109,111.3,100,,,,,,,,,,,,,,,,
2026-07-03T18:00:17.074993+00:00,2026-07-03T18:00:17.074905,1,1,111.05,0.5,110.8,50,,,,,,,,,,,,,,,,,,,111.3,100,,,,,,,,,,,,,,,,,,
2026-07-03T18:00:17.138775+00:00,2026-07-03T18:00:17.138673,2,1,111.15,0.3,111.0,150,110.8,50,,,,,,,,,,,,,,,,,111.3,100,,,,,,,,,,,,,,,,,,
2026-07-03T18:00:17.190518+00:00,2026-07-03T18:00:17.190793,2,2,111.15,0.3,111.0,150,110.8,50,,,,,,,,,,,,,,,,,111.3,100,111.5,150,,,,,,,,,,,,,,,,
2026-07-03T18:00:18.232031+00:00,2026-07-03T18:00:18.231957,2,2,111.15,0.3,111.0,100,110.8,50,,,,,,,,,,,,,,,,,111.3,100,111.5,150,,,,,,,,,,,,,,,,
2026-07-03T18:00:18.759077+00:00,2026-07-03T18:00:18.758926,1,1,111.25,0.5,111.0,100,,,,,,,,,,,,,,,,,,,111.5,150,,,,,,,,,,,,,,,,,,
2026-07-03T18:00:18.838958+00:00,2026-07-03T18:00:18.838662,2,1,111.25,0.5,111.0,100,110.9,100,,,,,,,,,,,,,,,,,111.5,150,,,,,,,,,,,,,,,,,,
2026-07-03T18:00:18.864950+00:00,2026-07-03T18:00:18.864871,2,2,111.2,0.4,111.0,100,110.9,100,,,,,,,,,,,,,,,,,111.4,100,111.5,150,,,,,,,,,,,,,,,,
2026-07-03T18:00:19.209324+00:00,2026-07-03T18:00:19.209201,2,2,111.2,0.4,111.0,58,110.9,100,,,,,,,,,,,,,,,,,111.4,100,111.5,150,,,,,,,,,,,,,,,,
2026-07-03T18:00:20.258800+00:00,2026-07-03T18:00:20.258738,1,1,111.15,0.5,110.9,100,,,,,,,,,,,,,,,,,,,111.4,100,,,,,,,,,,,,,,,,,,
2026-07-03T18:00:20.296863+00:00,2026-07-03T18:00:20.296803,2,1,111.15,0.5,110.9,100,110.7,150,,,,,,,,,,,,,,,,,111.4,100,,,,,,,,,,,,,,,,,,
2026-07-03T18:00:20.338825+00:00,2026-07-03T18:00:20.339041,2,1,111.15,0.5,110.9,50,110.7,150,,,,,,,,,,,,,,,,,111.4,100,,,,,,,,,,,,,,,,,,
2026-07-03T18:00:20.354168+00:00,2026-07-03T18:00:20.354455,2,2,111.05,0.3,110.9,50,110.7,150,,,,,,,,,,,,,,,,,111.2,150,111.4,100,,,,,,,,,,,,,,,,
2026-07-03T18:00:21.923725+00:00,2026-07-03T18:00:21.923362,1,1,110.95,0.5,110.7,150,,,,,,,,,,,,,,,,,,,111.2,150,,,,,,,,,,,,,,,,,,
2026-07-03T18:00:21.978677+00:00,2026-07-03T18:00:21.978464,1,1,110.95,0.5,110.7,250,,,,,,,,,,,,,,,,,,,111.2,150,,,,,,,,,,,,,,,,,,
2026-07-03T18:00:22.032048+00:00,2026-07-03T18:00:22.031590,1,1,110.95,0.5,110.7,250,,,,,,,,,,,,,,,,,,,111.2,250,,,,,,,,,,,,,,,,,,
2026-07-03T18:00:22.448492+00:00,2026-07-03T18:00:22.458699,1,1,110.95,0.5,110.7,250,,,,,,,,,,,,,,,,,,,111.2,200,,,,,,,,,,,,,,,,,,
2026-07-03T18:00:23.272256+00:00,2026-07-03T18:00:23.272204,1,1,110.95,0.5,110.7,250,,,,,,,,,,,,,,,,,,,111.2,160,,,,,,,,,,,,,,,,,,
2026-07-03T18:00:23.407081+00:00,2026-07-03T18:00:23.407050,1,1,110.95,0.5,110.7,250,,,,,,,,,,,,,,,,,,,111.2,100,,,,,,,,,,,,,,,,,,
2026-07-03T18:00:23.412402+00:00,2026-07-03T18:00:23.412277,1,1,110.95,0.5,110.7,100,,,,,,,,,,,,,,,,,,,111.2,100,,,,,,,,,,,,,,,,,,
2026-07-03T18:00:23.479555+00:00,2026-07-03T18:00:23.479386,2,1,111.15,0.1,111.1,150,110.7,100,,,,,,,,,,,,,,,,,111.2,100,,,,,,,,,,,,,,,,,,
2026-07-03T18:00:23.516098+00:00,2026-07-03T18:00:23.516004,2,2,111.15,0.1,111.1,150,110.7,100,,,,,,,,,,,,,,,,,111.2,100,111.6,150,,,,,,,,,,,,,,,,
2026-07-03T18:00:24.564090+00:00,2026-07-03T18:00:24.563915,2,2,111.15,0.1,111.1,100,110.7,100,,,,,,,,,,,,,,,,,111.2,100,111.6,150,,,,,,,,,,,,,,,,
2026-07-03T18:00:24.730498+00:00,2026-07-03T18:00:24.730932,2,2,111.15,0.1,111.1,51,110.7,100,,,,,,,,,,,,,,,,,111.2,100,111.6,150,,,,,,,,,,,,,,,,
2026-07-03T18:00:25.083403+00:00,2026-07-03T18:00:25.083229,1,1,111.35,0.5,111.1,51,,,,,,,,,,,,,,,,,,,111.6,150,,,,,,,,,,,,,,,,,,
2026-07-03T18:00:25.138394+00:00,2026-07-03T18:00:25.138307,2,1,111.35,0.5,111.1,51,110.8,100,,,,,,,,,,,,,,,,,111.6,150,,,,,,,,,,,,,,,,,,
2026-07-03T18:00:25.193540+00:00,2026-07-03T18:00:25.193459,2,2,111.2,0.2,111.1,51,110.8,100,,,,,,,,,,,,,,,,,111.3,100,111.6,150,,,,,,,,,,,,,,,,
2026-07-03T18:00:26.564623+00:00,2026-07-03T18:00:26.564541,1,1,111.05,0.5,110.8,100,,,,,,,,,,,,,,,,,,,111.3,100,,,,,,,,,,,,,,,,,,
2026-07-03T18:00:26.618378+00:00,2026-07-03T18:00:26.618180,2,1,111.1,0.4,110.9,150,110.8,100,,,,,,,,,,,,,,,,,111.3,100,,,,,,,,,,,,,,,,,,
2026-07-03T18:00:26.674641+00:00,2026-07-03T18:00:26.674576,2,2,111.1,0.4,110.9,100,110.8,100,,,,,,,,,,,,,,,,,111.3,100,111.4,150,,,,,,,,,,,,,,,,
2026-07-03T18:00:27.687210+00:00,2026-07-03T18:00:27.687168,2,2,111.1,0.4,110.9,100,110.8,100,,,,,,,,,,,,,,,,,111.3,55,111.4,150,,,,,,,,,,,,,,,,
2026-07-03T18:00:28.214988+00:00,2026-07-03T18:00:28.214937,2,2,111.1,0.4,110.9,100,110.8,100,,,,,,,,,,,,,,,,,111.3,9,111.4,150,,,,,,,,,,,,,,,,
2026-07-03T18:00:28.241124+00:00,2026-07-03T18:00:28.241069,2,1,111.15,0.5,110.9,100,110.8,100,,,,,,,,,,,,,,,,,111.4,150,,,,,,,,,,,,,,,,,,
2026-07-03T18:00:28.258642+00:00,2026-07-03T18:00:28.251733,1,1,111.15,0.5,110.9,100,,,,,,,,,,,,,,,,,,,111.4,150,,,,,,,,,,,,,,,,,,
2026-07-03T18:00:28.301509+00:00,2026-07-03T18:00:28.301727,2,1,111.25,0.3,111.1,100,110.9,100,,,,,,,,,,,,,,,,,111.4,150,,,,,,,,,,,,,,,,,,
2026-07-03T18:00:28.358610+00:00,2026-07-03T18:00:28.355295,2,2,111.25,0.3,111.1,100,110.9,100,,,,,,,,,,,,,,,,,111.4,150,111.6,100,,,,,,,,,,,,,,,,
2026-07-03T18:00:28.790661+00:00,2026-07-03T18:00:28.790528,2,2,111.25,0.3,111.1,50,110.9,100,,,,,,,,,,,,,,,,,111.4,150,111.6,100,,,,,,,,,,,,,,,,
2026-07-03T18:00:28.840061+00:00,2026-07-03T18:00:28.839933,2,2,111.25,0.3,111.1,9,110.9,100,,,,,,,,,,,,,,,,,111.4,150,111.6,100,,,,,,,,,,,,,,,,
2026-07-03T18:00:29.459037+00:00,2026-07-03T18:00:29.458803,1,2,111.15,0.5,110.9,100,,,,,,,,,,,,,,,,,,,111.4,150,111.6,100,,,,,,,,,,,,,,,,
2026-07-03T18:00:29.734152+00:00,2026-07-03T18:00:29.734080,0,1,,,,,,,,,,,,,,,,,,,,,,,111.6,100,,,,,,,,,,,,,,,,,,
2026-07-03T18:00:29.790682+00:00,2026-07-03T18:00:29.790476,1,1,111.1,1.0,110.6,150,,,,,,,,,,,,,,,,,,,111.6,100,,,,,,,,,,,,,,,,,,
2026-07-03T18:00:29.842466+00:00,2026-07-03T18:00:29.842618,1,2,110.85,0.5,110.6,150,,,,,,,,,,,,,,,,,,,111.1,150,111.6,100,,,,,,,,,,,,,,,,
2026-07-03T18:00:29.854255+00:00,2026-07-03T18:00:29.846839,1,2,110.85,0.5,110.6,150,,,,,,,,,,,,,,,,,,,111.1,147,111.6,100,,,,,,,,,,,,,,,,
2026-07-03T18:00:30.840236+00:00,2026-07-03T18:00:30.840148,1,2,110.85,0.5,110.6,150,,,,,,,,,,,,,,,,,,,111.1,97,111.6,100,,,,,,,,,,,,,,,,
2026-07-03T18:00:31.414004+00:00,2026-07-03T18:00:31.413866,1,1,110.85,0.5,110.6,150,,,,,,,,,,,,,,,,,,,111.1,97,,,,,,,,,,,,,,,,,,
2026-07-03T18:00:31.419287+00:00,2026-07-03T18:00:31.419161,1,1,110.85,0.5,110.6,150,,,,,,,,,,,,,,,,,,,111.1,55,,,,,,,,,,,,,,,,,,
2026-07-03T18:00:31.458748+00:00,2026-07-03T18:00:31.454202,2,1,111.0,0.2,110.9,100,110.6,150,,,,,,,,,,,,,,,,,111.1,55,,,,,,,,,,,,,,,,,,
2026-07-03T18:00:31.525784+00:00,2026-07-03T18:00:31.525661,2,2,111.0,0.2,110.9,100,110.6,150,,,,,,,,,,,,,,,,,111.1,55,111.4,100,,,,,,,,,,,,,,,,
2026-07-03T18:00:31.985641+00:00,2026-07-03T18:00:31.985470,2,2,111.0,0.2,110.9,60,110.6,150,,,,,,,,,,,,,,,,,111.1,55,111.4,100,,,,,,,,,,,,,,,,
2026-07-03T18:00:32.895988+00:00,2026-07-03T18:00:32.895934,1,1,111.15,0.5,110.9,60,,,,,,,,,,,,,,,,,,,111.4,100,,,,,,,,,,,,,,,,,,
2026-07-03T18:00:32.936218+00:00,2026-07-03T18:00:32.935909,1,1,111.15,0.5,110.9,60,,,,,,,,,,,,,,,,,,,111.4,50,,,,,,,,,,,,,,,,,,
2026-07-03T18:00:32.951096+00:00,2026-07-03T18:00:32.950978,2,1,111.2,0.4,111.0,150,110.9,60,,,,,,,,,,,,,,,,,111.4,50,,,,,,,,,,,,,,,,,,
2026-07-03T18:00:32.999606+00:00,2026-07-03T18:00:32.999521,2,2,111.2,0.4,111.0,150,110.9,60,,,,,,,,,,,,,,,,,111.4,50,111.5,150,,,,,,,,,,,,,,,,
2026-07-03T18:00:34.607563+00:00,2026-07-03T18:00:34.607344,1,1,111.25,0.5,111.0,150,,,,,,,,,,,,,,,,,,,111.5,150,,,,,,,,,,,,,,,,,,
2026-07-03T18:00:34.633317+00:00,2026-07-03T18:00:34.633057,1,1,111.25,0.5,111.0,250,,,,,,,,,,,,,,,,,,,111.5,150,,,,,,,,,,,,,,,,,,
2026-07-03T18:00:34.687682+00:00,2026-07-03T18:00:34.687625,1,1,111.25,0.5,111.0,250,,,,,,,,,,,,,,,,,,,111.5,250,,,,,,,,,,,,,,,,,,
2026-07-03T18:00:35.045185+00:00,2026-07-03T18:00:35.045149,1,1,111.25,0.5,111.0,250,,,,,,,,,,,,,,,,,,,111.5,200,,,,,,,,,,,,,,,,,,
2026-07-03T18:00:35.600800+00:00,2026-07-03T18:00:35.600540,1,1,111.25,0.5,111.0,250,,,,,,,,,,,,,,,,,,,111.5,152,,,,,,,,,,,,,,,,,,
2026-07-03T18:00:36.059070+00:00,2026-07-03T18:00:36.058821,1,1,111.25,0.5,111.0,100,,,,,,,,,,,,,,,,,,,111.5,100,,,,,,,,,,,,,,,,,,
2026-07-03T18:00:36.084515+00:00,2026-07-03T18:00:36.084680,1,1,111.25,0.5,111.0,57,,,,,,,,,,,,,,,,,,,111.5,100,,,,,,,,,,,,,,,,,,
2026-07-03T18:00:36.123454+00:00,2026-07-03T18:00:36.123631,2,0,,,111.6,50,111.0,57,,,,,,,,,,,,,,,,,,,,,,,,,,,,,,,,,,,,
2026-07-03T18:00:36.196653+00:00,2026-07-03T18:00:36.188910,2,1,111.85,0.5,111.6,36,111.0,57,,,,,,,,,,,,,,,,,112.1,150,,,,,,,,,,,,,,,,,,
2026-07-03T18:00:37.165858+00:00,2026-07-03T18:00:37.165815,2,1,111.85,0.5,111.6,36,111.0,57,,,,,,,,,,,,,,,,,112.1,100,,,,,,,,,,,,,,,,,,
2026-07-03T18:00:37.758718+00:00,2026-07-03T18:00:37.756568,1,1,111.85,0.5,111.6,36,,,,,,,,,,,,,,,,,,,112.1,100,,,,,,,,,,,,,,,,,,
2026-07-03T18:00:37.791785+00:00,2026-07-03T18:00:37.792480,2,1,111.85,0.5,111.6,36,111.2,100,,,,,,,,,,,,,,,,,112.1,100,,,,,,,,,,,,,,,,,,
2026-07-03T18:00:37.847226+00:00,2026-07-03T18:00:37.847166,2,2,111.65,0.1,111.6,36,111.2,100,,,,,,,,,,,,,,,,,111.7,100,112.1,100,,,,,,,,,,,,,,,,
2026-07-03T18:00:38.161452+00:00,2026-07-03T18:00:38.123036,2,2,111.65,0.1,111.6,24,111.2,100,,,,,,,,,,,,,,,,,111.7,100,112.1,100,,,,,,,,,,,,,,,,
2026-07-03T18:00:38.874124+00:00,2026-07-03T18:00:38.874338,2,2,111.65,0.1,111.6,24,111.2,100,,,,,,,,,,,,,,,,,111.7,60,112.1,100,,,,,,,,,,,,,,,,
2026-07-03T18:00:39.215514+00:00,2026-07-03T18:00:39.215447,1,1,111.45,0.5,111.2,100,,,,,,,,,,,,,,,,,,,111.7,60,,,,,,,,,,,,,,,,,,
2026-07-03T18:00:39.270150+00:00,2026-07-03T18:00:39.270090,1,1,111.45,0.5,111.2,250,,,,,,,,,,,,,,,,,,,111.7,60,,,,,,,,,,,,,,,,,,
2026-07-03T18:00:39.327918+00:00,2026-07-03T18:00:39.327863,1,1,111.45,0.5,111.2,250,,,,,,,,,,,,,,,,,,,111.7,210,,,,,,,,,,,,,,,,,,
2026-07-03T18:00:40.914070+00:00,2026-07-03T18:00:40.913972,1,1,111.45,0.5,111.2,250,,,,,,,,,,,,,,,,,,,111.7,150,,,,,,,,,,,,,,,,,,
2026-07-03T18:00:40.919340+00:00,2026-07-03T18:00:40.919209,1,1,111.45,0.5,111.2,150,,,,,,,,,,,,,,,,,,,111.7,150,,,,,,,,,,,,,,,,,,
2026-07-03T18:00:40.961904+00:00,2026-07-03T18:00:40.953523,2,1,111.55,0.3,111.4,100,111.2,150,,,,,,,,,,,,,,,,,111.7,150,,,,,,,,,,,,,,,,,,
2026-07-03T18:00:41.007201+00:00,2026-07-03T18:00:41.007159,2,2,111.55,0.3,111.4,100,111.2,150,,,,,,,,,,,,,,,,,111.7,150,111.9,100,,,,,,,,,,,,,,,,
2026-07-03T18:00:42.388659+00:00,2026-07-03T18:00:42.388487,1,1,111.65,0.5,111.4,100,,,,,,,,,,,,,,,,,,,111.9,100,,,,,,,,,,,,,,,,,,
2026-07-03T18:00:42.440570+00:00,2026-07-03T18:00:42.440509,1,1,111.65,0.5,111.4,250,,,,,,,,,,,,,,,,,,,111.9,100,,,,,,,,,,,,,,,,,,
2026-07-03T18:00:42.496310+00:00,2026-07-03T18:00:42.496076,1,1,111.65,0.5,111.4,250,,,,,,,,,,,,,,,,,,,111.9,250,,,,,,,,,,,,,,,,,,
2026-07-03T18:00:43.921978+00:00,2026-07-03T18:00:43.921715,1,1,111.65,0.5,111.4,201,,,,,,,,,,,,,,,,,,,111.9,250,,,,,,,,,,,,,,,,,,
2026-07-03T18:00:44.058575+00:00,2026-07-03T18:00:44.057297,1,1,111.65,0.5,111.4,201,,,,,,,,,,,,,,,,,,,111.9,150,,,,,,,,,,,,,,,,,,
2026-07-03T18:00:44.068724+00:00,2026-07-03T18:00:44.068868,1,1,111.65,0.5,111.4,150,,,,,,,,,,,,,,,,,,,111.9,150,,,,,,,,,,,,,,,,,,
2026-07-03T18:00:44.118383+00:00,2026-07-03T18:00:44.118345,2,1,111.65,0.5,111.4,150,110.8,100,,,,,,,,,,,,,,,,,111.9,150,,,,,,,,,,,,,,,,,,
2026-07-03T18:00:44.191363+00:00,2026-07-03T18:00:44.190827,2,1,111.65,0.5,111.4,50,110.8,100,,,,,,,,,,,,,,,,,111.9,150,,,,,,,,,,,,,,,,,,
2026-07-03T18:00:45.551287+00:00,2026-07-03T18:00:45.551023,1,0,,,110.8,100,,,,,,,,,,,,,,,,,,,,,,,,,,,,,,,,,,,,,,
2026-07-03T18:00:45.605606+00:00,2026-07-03T18:00:45.605546,2,0,,,110.8,100,110.7,150,,,,,,,,,,,,,,,,,,,,,,,,,,,,,,,,,,,,
2026-07-03T18:00:45.670701+00:00,2026-07-03T18:00:45.662958,2,1,111.0,0.4,110.8,100,110.7,150,,,,,,,,,,,,,,,,,111.2,138,,,,,,,,,,,,,,,,,,
2026-07-03T18:00:47.242475+00:00,2026-07-03T18:00:47.242411,1,1,110.95,0.5,110.7,150,,,,,,,,,,,,,,,,,,,111.2,138,,,,,,,,,,,,,,,,,,
2026-07-03T18:00:47.327669+00:00,2026-07-03T18:00:47.327924,1,1,110.95,0.5,110.7,150,,,,,,,,,,,,,,,,,,,111.2,38,,,,,,,,,,,,,,,,,,
2026-07-03T18:00:47.349507+00:00,2026-07-03T18:00:47.349271,1,2,110.95,0.5,110.7,150,,,,,,,,,,,,,,,,,,,111.2,38,111.7,100,,,,,,,,,,,,,,,,
2026-07-03T18:00:47.674410+00:00,2026-07-03T18:00:47.674237,1,1,111.2,1.0,110.7,150,,,,,,,,,,,,,,,,,,,111.7,88,,,,,,,,,,,,,,,,,,
2026-07-03T18:00:48.728350+00:00,2026-07-03T18:00:48.728214,0,1,,,,,,,,,,,,,,,,,,,,,,,111.7,88,,,,,,,,,,,,,,,,,,
2026-07-03T18:00:48.758588+00:00,2026-07-03T18:00:48.757172,1,1,111.45,0.5,111.2,150,,,,,,,,,,,,,,,,,,,111.7,88,,,,,,,,,,,,,,,,,,
2026-07-03T18:00:48.813424+00:00,2026-07-03T18:00:48.813241,1,1,111.45,0.5,111.2,150,,,,,,,,,,,,,,,,,,,111.7,238,,,,,,,,,,,,,,,,,,
2026-07-03T18:00:50.414416+00:00,2026-07-03T18:00:50.414357,1,1,111.45,0.5,111.2,150,,,,,,,,,,,,,,,,,,,111.7,150,,,,,,,,,,,,,,,,,,
2026-07-03T18:00:50.470111+00:00,2026-07-03T18:00:50.470063,2,1,111.45,0.5,111.2,150,110.9,100,,,,,,,,,,,,,,,,,111.7,150,,,,,,,,,,,,,,,,,,
2026-07-03T18:00:50.518250+00:00,2026-07-03T18:00:50.518196,2,2,111.3,0.2,111.2,150,110.9,100,,,,,,,,,,,,,,,,,111.4,100,111.7,150,,,,,,,,,,,,,,,,
2026-07-03T18:00:51.864159+00:00,2026-07-03T18:00:51.863895,2,1,111.3,0.2,111.2,150,110.9,100,,,,,,,,,,,,,,,,,111.4,100,,,,,,,,,,,,,,,,,,
2026-07-03T18:00:51.869842+00:00,2026-07-03T18:00:51.869481,1,1,111.15,0.5,110.9,100,,,,,,,,,,,,,,,,,,,111.4,100,,,,,,,,,,,,,,,,,,
2026-07-03T18:00:51.890371+00:00,2026-07-03T18:00:51.890245,1,1,111.15,0.5,110.9,100,,,,,,,,,,,,,,,,,,,111.4,50,,,,,,,,,,,,,,,,,,
2026-07-03T18:00:51.924720+00:00,2026-07-03T18:00:51.924637,2,1,111.3,0.2,111.2,150,110.9,100,,,,,,,,,,,,,,,,,111.4,50,,,,,,,,,,,,,,,,,,
2026-07-03T18:00:51.983250+00:00,2026-07-03T18:00:51.983158,2,2,111.3,0.2,111.2,150,110.9,100,,,,,,,,,,,,,,,,,111.4,50,111.7,150,,,,,,,,,,,,,,,,
2026-07-03T18:00:53.578683+00:00,2026-07-03T18:00:53.578574,1,1,111.45,0.5,111.2,150,,,,,,,,,,,,,,,,,,,111.7,150,,,,,,,,,,,,,,,,,,
2026-07-03T18:00:53.643997+00:00,2026-07-03T18:00:53.644216,2,1,111.45,0.5,111.2,150,111.1,100,,,,,,,,,,,,,,,,,111.7,150,,,,,,,,,,,,,,,,,,
2026-07-03T18:00:53.686406+00:00,2026-07-03T18:00:53.686293,2,2,111.4,0.4,111.2,150,111.1,100,,,,,,,,,,,,,,,,,111.6,100,111.7,150,,,,,,,,,,,,,,,,
2026-07-03T18:00:54.063091+00:00,2026-07-03T18:00:54.062938,2,2,111.4,0.4,111.2,100,111.1,100,,,,,,,,,,,,,,,,,111.6,100,111.7,150,,,,,,,,,,,,,,,,
2026-07-03T18:00:54.277081+00:00,2026-07-03T18:00:54.276880,2,2,111.4,0.4,111.2,100,111.1,100,,,,,,,,,,,,,,,,,111.6,51,111.7,150,,,,,,,,,,,,,,,,
2026-07-03T18:00:55.036291+00:00,2026-07-03T18:00:55.036018,1,1,111.35,0.5,111.1,100,,,,,,,,,,,,,,,,,,,111.6,51,,,,,,,,,,,,,,,,,,
2026-07-03T18:00:55.090781+00:00,2026-07-03T18:00:55.090698,2,1,111.4,0.4,111.2,150,111.1,100,,,,,,,,,,,,,,,,,111.6,51,,,,,,,,,,,,,,,,,,
2026-07-03T18:00:55.138399+00:00,2026-07-03T18:00:55.138293,2,2,111.4,0.4,111.2,150,111.1,100,,,,,,,,,,,,,,,,,111.6,51,111.7,150,,,,,,,,,,,,,,,,
2026-07-03T18:00:55.163161+00:00,2026-07-03T18:00:55.154491,2,2,111.4,0.4,111.2,138,111.1,100,,,,,,,,,,,,,,,,,111.6,51,111.7,150,,,,,,,,,,,,,,,,
2026-07-03T18:00:55.280078+00:00,2026-07-03T18:00:55.279876,2,2,111.4,0.4,111.2,89,111.1,100,,,,,,,,,,,,,,,,,111.6,51,111.7,150,,,,,,,,,,,,,,,,
2026-07-03T18:00:56.099459+00:00,2026-07-03T18:00:56.099245,2,2,111.4,0.4,111.2,89,111.1,100,,,,,,,,,,,,,,,,,111.6,1,111.7,150,,,,,,,,,,,,,,,,
2026-07-03T18:00:56.736598+00:00,2026-07-03T18:00:56.736495,1,1,111.45,0.5,111.2,89,,,,,,,,,,,,,,,,,,,111.7,150,,,,,,,,,,,,,,,,,,
2026-07-03T18:00:56.797037+00:00,2026-07-03T18:00:56.796937,1,1,111.45,0.5,111.2,189,,,,,,,,,,,,,,,,,,,111.7,150,,,,,,,,,,,,,,,,,,
2026-07-03T18:00:56.841552+00:00,2026-07-03T18:00:56.841446,1,1,111.45,0.5,111.2,189,,,,,,,,,,,,,,,,,,,111.7,250,,,,,,,,,,,,,,,,,,
2026-07-03T18:00:57.429530+00:00,2026-07-03T18:00:57.429747,1,1,111.45,0.5,111.2,140,,,,,,,,,,,,,,,,,,,111.7,250,,,,,,,,,,,,,,,,,,
2026-07-03T18:00:58.195575+00:00,2026-07-03T18:00:58.195454,1,1,111.45,0.5,111.2,100,,,,,,,,,,,,,,,,,,,111.7,100,,,,,,,,,,,,,,,,,,
2026-07-03T18:00:58.226348+00:00,2026-07-03T18:00:58.226278,1,1,111.45,0.5,111.2,100,,,,,,,,,,,,,,,,,,,111.7,50,,,,,,,,,,,,,,,,,,
2026-07-03T18:00:58.247900+00:00,2026-07-03T18:00:58.247810,2,1,111.45,0.5,111.2,100,110.6,150,,,,,,,,,,,,,,,,,111.7,50,,,,,,,,,,,,,,,,,,
2026-07-03T18:00:58.310220+00:00,2026-07-03T18:00:58.304247,1,2,110.85,0.5,110.6,150,,,,,,,,,,,,,,,,,,,111.1,27,111.7,50,,,,,,,,,,,,,,,,
2026-07-03T18:00:58.390637+00:00,2026-07-03T18:00:58.390422,1,1,111.15,1.1,110.6,150,,,,,,,,,,,,,,,,,,,111.7,32,,,,,,,,,,,,,,,,,,
2026-07-03T18:00:59.438899+00:00,2026-07-03T18:00:59.438838,1,0,,,110.6,150,,,,,,,,,,,,,,,,,,,,,,,,,,,,,,,,,,,,,,
2026-07-03T18:00:59.950316+00:00,2026-07-03T18:00:59.950260,2,0,,,111.3,100,110.6,150,,,,,,,,,,,,,,,,,,,,,,,,,,,,,,,,,,,,
2026-07-03T18:01:00.009955+00:00,2026-07-03T18:01:00.009827,2,0,,,111.3,52,110.6,150,,,,,,,,,,,,,,,,,,,,,,,,,,,,,,,,,,,,
2026-07-03T18:01:00.014949+00:00,2026-07-03T18:01:00.015128,2,1,111.55,0.5,111.3,52,110.6,150,,,,,,,,,,,,,,,,,111.8,100,,,,,,,,,,,,,,,,,,
2026-07-03T18:01:00.339350+00:00,2026-07-03T18:01:00.339261,2,1,111.55,0.5,111.3,52,110.6,150,,,,,,,,,,,,,,,,,111.8,50,,,,,,,,,,,,,,,,,,
2026-07-03T18:01:01.355332+00:00,2026-07-03T18:01:01.355462,1,1,111.55,0.5,111.3,52,,,,,,,,,,,,,,,,,,,111.8,50,,,,,,,,,,,,,,,,,,
2026-07-03T18:01:01.412720+00:00,2026-07-03T18:01:01.412610,2,1,111.55,0.5,111.3,52,111.2,150,,,,,,,,,,,,,,,,,111.8,50,,,,,,,,,,,,,,,,,,
2026-07-03T18:01:01.465719+00:00,2026-07-03T18:01:01.465658,2,2,111.5,0.4,111.3,52,111.2,150,,,,,,,,,,,,,,,,,111.7,150,111.8,50,,,,,,,,,,,,,,,,
2026-07-03T18:01:02.417310+00:00,2026-07-03T18:01:02.411224,2,2,111.5,0.4,111.3,41,111.2,150,,,,,,,,,,,,,,,,,111.7,150,111.8,50,,,,,,,,,,,,,,,,
2026-07-03T18:01:02.479811+00:00,2026-07-03T18:01:02.479285,1,2,111.45,0.5,111.2,141,,,,,,,,,,,,,,,,,,,111.7,150,111.8,50,,,,,,,,,,,,,,,,
2026-07-03T18:01:03.058693+00:00,2026-07-03T18:01:03.053272,1,1,111.45,0.5,111.2,141,,,,,,,,,,,,,,,,,,,111.7,150,,,,,,,,,,,,,,,,,,
2026-07-03T18:01:03.126780+00:00,2026-07-03T18:01:03.126588,1,1,111.45,0.5,111.2,241,,,,,,,,,,,,,,,,,,,111.7,150,,,,,,,,,,,,,,,,,,
2026-07-03T18:01:03.161930+00:00,2026-07-03T18:01:03.161861,1,1,111.45,0.5,111.2,241,,,,,,,,,,,,,,,,,,,111.7,250,,,,,,,,,,,,,,,,,,
2026-07-03T18:01:04.520057+00:00,2026-07-03T18:01:04.519986,1,1,111.45,0.5,111.2,100,,,,,,,,,,,,,,,,,,,111.7,100,,,,,,,,,,,,,,,,,,
2026-07-03T18:01:04.574836+00:00,2026-07-03T18:01:04.574682,2,1,111.45,0.5,111.2,100,111.1,150,,,,,,,,,,,,,,,,,111.7,100,,,,,,,,,,,,,,,,,,
2026-07-03T18:01:04.583817+00:00,2026-07-03T18:01:04.583779,2,1,111.45,0.5,111.2,50,111.1,150,,,,,,,,,,,,,,,,,111.7,100,,,,,,,,,,,,,,,,,,
2026-07-03T18:01:04.659318+00:00,2026-07-03T18:01:04.658896,2,2,111.4,0.4,111.2,50,111.1,150,,,,,,,,,,,,,,,,,111.6,150,111.7,100,,,,,,,,,,,,,,,,
2026-07-03T18:01:05.761927+00:00,2026-07-03T18:01:05.761682,2,2,111.4,0.4,111.2,6,111.1,150,,,,,,,,,,,,,,,,,111.6,150,111.7,100,,,,,,,,,,,,,,,,
2026-07-03T18:01:06.211793+00:00,2026-07-03T18:01:06.211628,2,1,111.4,0.4,111.2,6,111.1,150,,,,,,,,,,,,,,,,,111.6,150,,,,,,,,,,,,,,,,,,
2026-07-03T18:01:06.216879+00:00,2026-07-03T18:01:06.216841,1,1,111.35,0.5,111.1,150,,,,,,,,,,,,,,,,,,,111.6,150,,,,,,,,,,,,,,,,,,
2026-07-03T18:01:06.259232+00:00,2026-07-03T18:01:06.258796,1,1,111.35,0.5,111.1,150,,,,,,,,,,,,,,,,,,,111.6,104,,,,,,,,,,,,,,,,,,
2026-07-03T18:01:06.264384+00:00,2026-07-03T18:01:06.264299,2,1,111.35,0.5,111.1,150,110.9,100,,,,,,,,,,,,,,,,,111.6,104,,,,,,,,,,,,,,,,,,
2026-07-03T18:01:06.329186+00:00,2026-07-03T18:01:06.329084,2,2,111.25,0.3,111.1,150,110.9,100,,,,,,,,,,,,,,,,,111.4,100,111.6,104,,,,,,,,,,,,,,,,
2026-07-03T18:01:06.653712+00:00,2026-07-03T18:01:06.653610,2,2,111.25,0.3,111.1,150,110.9,100,,,,,,,,,,,,,,,,,111.4,50,111.6,104,,,,,,,,,,,,,,,,
2026-07-03T18:01:06.839368+00:00,2026-07-03T18:01:06.839307,2,2,111.25,0.3,111.1,150,110.9,100,,,,,,,,,,,,,,,,,111.4,5,111.6,104,,,,,,,,,,,,,,,,
2026-07-03T18:01:07.697320+00:00,2026-07-03T18:01:07.697292,1,1,111.15,0.5,110.9,100,,,,,,,,,,,,,,,,,,,111.4,5,,,,,,,,,,,,,,,,,,
2026-07-03T18:01:07.748837+00:00,2026-07-03T18:01:07.748708,2,1,111.35,0.1,111.3,150,110.9,100,,,,,,,,,,,,,,,,,111.4,5,,,,,,,,,,,,,,,,,,
2026-07-03T18:01:07.791737+00:00,2026-07-03T18:01:07.791693,2,2,111.35,0.1,111.3,150,110.9,100,,,,,,,,,,,,,,,,,111.4,5,111.8,150,,,,,,,,,,,,,,,,
2026-07-03T18:01:08.799891+00:00,2026-07-03T18:01:08.799609,2,2,111.35,0.1,111.3,100,110.9,100,,,,,,,,,,,,,,,,,111.4,5,111.8,150,,,,,,,,,,,,,,,,
2026-07-03T18:01:08.983411+00:00,2026-07-03T18:01:08.983065,2,2,111.35,0.1,111.3,52,110.9,100,,,,,,,,,,,,,,,,,111.4,5,111.8,150,,,,,,,,,,,,,,,,
2026-07-03T18:01:09.381012+00:00,2026-07-03T18:01:09.380969,1,1,111.55,0.5,111.3,52,,,,,,,,,,,,,,,,,,,111.8,150,,,,,,,,,,,,,,,,,,
2026-07-03T18:01:09.442425+00:00,2026-07-03T18:01:09.442226,1,1,111.55,0.5,111.3,152,,,,,,,,,,,,,,,,,,,111.8,150,,,,,,,,,,,,,,,,,,
2026-07-03T18:01:09.488585+00:00,2026-07-03T18:01:09.488441,1,1,111.55,0.5,111.3,152,,,,,,,,,,,,,,,,,,,111.8,250,,,,,,,,,,,,,,,,,,
2026-07-03T18:01:10.863178+00:00,2026-07-03T18:01:10.862655,1,1,111.55,0.5,111.3,100,,,,,,,,,,,,,,,,,,,111.8,100,,,,,,,,,,,,,,,,,,
2026-07-03T18:01:10.898436+00:00,2026-07-03T18:01:10.898624,2,1,111.55,0.5,111.3,100,111.1,150,,,,,,,,,,,,,,,,,111.8,100,,,,,,,,,,,,,,,,,,
2026-07-03T18:01:10.945691+00:00,2026-07-03T18:01:10.945881,2,2,111.45,0.3,111.3,100,111.1,150,,,,,,,,,,,,,,,,,111.6,150,111.8,100,,,,,,,,,,,,,,,,
2026-07-03T18:01:12.542585+00:00,2026-07-03T18:01:12.542718,1,1,111.35,0.5,111.1,150,,,,,,,,,,,,,,,,,,,111.6,150,,,,,,,,,,,,,,,,,,
2026-07-03T18:01:12.604362+00:00,2026-07-03T18:01:12.604256,2,1,111.5,0.2,111.4,100,111.1,150,,,,,,,,,,,,,,,,,111.6,150,,,,,,,,,,,,,,,,,,
2026-07-03T18:01:12.658637+00:00,2026-07-03T18:01:12.653489,2,2,111.5,0.2,111.4,100,111.1,150,,,,,,,,,,,,,,,,,111.6,150,111.9,100,,,,,,,,,,,,,,,,
2026-07-03T18:01:13.007201+00:00,2026-07-03T18:01:13.007123,2,2,111.5,0.2,111.4,50,111.1,150,,,,,,,,,,,,,,,,,111.6,150,111.9,100,,,,,,,,,,,,,,,,
2026-07-03T18:01:13.214264+00:00,2026-07-03T18:01:13.214425,2,2,111.5,0.2,111.4,50,111.1,150,,,,,,,,,,,,,,,,,111.6,105,111.9,100,,,,,,,,,,,,,,,,
2026-07-03T18:01:14.014884+00:00,2026-07-03T18:01:14.014742,1,1,111.65,0.5,111.4,50,,,,,,,,,,,,,,,,,,,111.9,100,,,,,,,,,,,,,,,,,,
2026-07-03T18:01:14.058568+00:00,2026-07-03T18:01:14.055370,2,1,111.65,0.5,111.4,50,111.2,150,,,,,,,,,,,,,,,,,111.9,100,,,,,,,,,,,,,,,,,,
2026-07-03T18:01:14.108275+00:00,2026-07-03T18:01:14.108473,2,2,111.55,0.3,111.4,50,111.2,150,,,,,,,,,,,,,,,,,111.7,150,111.9,100,,,,,,,,,,,,,,,,
2026-07-03T18:01:15.082237+00:00,2026-07-03T18:01:15.083203,2,2,111.55,0.3,111.4,50,111.2,150,,,,,,,,,,,,,,,,,111.7,100,111.9,100,,,,,,,,,,,,,,,,
2026-07-03T18:01:15.686568+00:00,2026-07-03T18:01:15.686539,2,2,111.55,0.3,111.4,1,111.2,150,,,,,,,,,,,,,,,,,111.7,100,111.9,100,,,,,,,,,,,,,,,,
2026-07-03T18:01:15.711338+00:00,2026-07-03T18:01:15.711234,1,1,111.45,0.5,111.2,150,,,,,,,,,,,,,,,,,,,111.7,100,,,,,,,,,,,,,,,,,,
2026-07-03T18:01:15.768994+00:00,2026-07-03T18:01:15.768858,2,1,111.45,0.5,111.2,150,111.1,100,,,,,,,,,,,,,,,,,111.7,100,,,,,,,,,,,,,,,,,,
2026-07-03T18:01:15.816408+00:00,2026-07-03T18:01:15.816322,2,2,111.4,0.4,111.2,150,111.1,100,,,,,,,,,,,,,,,,,111.6,100,111.7,100,,,,,,,,,,,,,,,,
2026-07-03T18:01:17.168893+00:00,2026-07-03T18:01:17.168794,1,1,111.35,0.5,111.1,100,,,,,,,,,,,,,,,,,,,111.6,100,,,,,,,,,,,,,,,,,,
2026-07-03T18:01:17.203505+00:00,2026-07-03T18:01:17.203316,1,1,111.35,0.5,111.1,100,,,,,,,,,,,,,,,,,,,111.6,50,,,,,,,,,,,,,,,,,,
2026-07-03T18:01:17.229764+00:00,2026-07-03T18:01:17.229661,2,0,,,111.6,100,111.1,100,,,,,,,,,,,,,,,,,,,,,,,,,,,,,,,,,,,,
2026-07-03T18:01:17.285624+00:00,2026-07-03T18:01:17.285773,2,1,111.85,0.5,111.6,100,111.1,100,,,,,,,,,,,,,,,,,112.1,150,,,,,,,,,,,,,,,,,,
2026-07-03T18:01:17.426794+00:00,2026-07-03T18:01:17.426666,2,1,111.85,0.5,111.6,100,111.1,100,,,,,,,,,,,,,,,,,112.1,110,,,,,,,,,,,,,,,,,,
2026-07-03T18:01:17.980432+00:00,2026-07-03T18:01:17.980301,2,1,111.85,0.5,111.6,55,111.1,100,,,,,,,,,,,,,,,,,112.1,110,,,,,,,,,,,,,,,,,,
2026-07-03T18:01:18.620809+00:00,2026-07-03T18:01:18.620772,2,1,111.85,0.5,111.6,55,111.1,100,,,,,,,,,,,,,,,,,112.1,64,,,,,,,,,,,,,,,,,,
2026-07-03T18:01:18.876648+00:00,2026-07-03T18:01:18.876130,1,1,111.85,0.5,111.6,55,,,,,,,,,,,,,,,,,,,112.1,64,,,,,,,,,,,,,,,,,,
2026-07-03T18:01:18.933180+00:00,2026-07-03T18:01:18.932940,1,1,111.85,0.5,111.6,155,,,,,,,,,,,,,,,,,,,112.1,64,,,,,,,,,,,,,,,,,,
2026-07-03T18:01:18.985103+00:00,2026-07-03T18:01:18.984867,1,1,111.85,0.5,111.6,155,,,,,,,,,,,,,,,,,,,112.1,164,,,,,,,,,,,,,,,,,,
2026-07-03T18:01:19.940344+00:00,2026-07-03T18:01:19.934299,1,1,111.85,0.5,111.6,143,,,,,,,,,,,,,,,,,,,112.1,164,,,,,,,,,,,,,,,,,,
2026-07-03T18:01:20.067714+00:00,2026-07-03T18:01:20.062164,1,1,111.85,0.5,111.6,132,,,,,,,,,,,,,,,,,,,112.1,164,,,,,,,,,,,,,,,,,,
2026-07-03T18:01:20.341079+00:00,2026-07-03T18:01:20.340965,1,1,111.85,0.5,111.6,100,,,,,,,,,,,,,,,,,,,112.1,100,,,,,,,,,,,,,,,,,,
2026-07-03T18:01:20.403869+00:00,2026-07-03T18:01:20.403761,2,1,111.85,0.5,111.6,100,111.2,150,,,,,,,,,,,,,,,,,112.1,100,,,,,,,,,,,,,,,,,,
2026-07-03T18:01:20.446498+00:00,2026-07-03T18:01:20.446414,2,2,111.65,0.1,111.6,100,111.2,150,,,,,,,,,,,,,,,,,111.7,150,112.1,100,,,,,,,,,,,,,,,,
2026-07-03T18:01:21.231484+00:00,2026-07-03T18:01:21.231370,2,2,111.65,0.1,111.6,60,111.2,150,,,,,,,,,,,,,,,,,111.7,150,112.1,100,,,,,,,,,,,,,,,,
2026-07-03T18:01:21.459324+00:00,2026-07-03T18:01:21.459283,2,2,111.65,0.1,111.6,10,111.2,150,,,,,,,,,,,,,,,,,111.7,150,112.1,100,,,,,,,,,,,,,,,,
2026-07-03T18:01:22.048836+00:00,2026-07-03T18:01:22.048736,1,1,111.45,0.5,111.2,150,,,,,,,,,,,,,,,,,,,111.7,150,,,,,,,,,,,,,,,,,,
2026-07-03T18:01:22.094176+00:00,2026-07-03T18:01:22.093981,2,1,111.45,0.5,111.2,150,111.1,100,,,,,,,,,,,,,,,,,111.7,150,,,,,,,,,,,,,,,,,,
2026-07-03T18:01:22.142570+00:00,2026-07-03T18:01:22.142210,2,2,111.4,0.4,111.2,150,111.1,100,,,,,,,,,,,,,,,,,111.6,100,111.7,150,,,,,,,,,,,,,,,,
2026-07-03T18:01:22.688457+00:00,2026-07-03T18:01:22.688382,2,2,111.4,0.4,111.2,150,111.1,100,,,,,,,,,,,,,,,,,111.6,51,111.7,150,,,,,,,,,,,,,,,,
2026-07-03T18:01:23.154040+00:00,2026-07-03T18:01:23.154562,2,2,111.4,0.4,111.2,108,111.1,100,,,,,,,,,,,,,,,,,111.6,51,111.7,150,,,,,,,,,,,,,,,,
2026-07-03T18:01:23.500961+00:00,2026-07-03T18:01:23.500828,1,1,111.35,0.5,111.1,100,,,,,,,,,,,,,,,,,,,111.6,51,,,,,,,,,,,,,,,,,,
2026-07-03T18:01:23.589385+00:00,2026-07-03T18:01:23.589586,1,1,111.35,0.5,111.1,200,,,,,,,,,,,,,,,,,,,111.6,51,,,,,,,,,,,,,,,,,,
2026-07-03T18:01:23.610902+00:00,2026-07-03T18:01:23.611037,1,1,111.35,0.5,111.1,200,,,,,,,,,,,,,,,,,,,111.6,201,,,,,,,,,,,,,,,,,,
2026-07-03T18:01:25.210858+00:00,2026-07-03T18:01:25.210736,1,1,111.35,0.5,111.1,200,,,,,,,,,,,,,,,,,,,111.6,150,,,,,,,,,,,,,,,,,,
2026-07-03T18:01:25.216093+00:00,2026-07-03T18:01:25.215939,1,1,111.35,0.5,111.1,150,,,,,,,,,,,,,,,,,,,111.6,150,,,,,,,,,,,,,,,,,,
2026-07-03T18:01:25.244232+00:00,2026-07-03T18:01:25.244172,2,1,111.35,0.5,111.1,150,110.9,100,,,,,,,,,,,,,,,,,111.6,150,,,,,,,,,,,,,,,,,,
2026-07-03T18:01:25.328748+00:00,2026-07-03T18:01:25.322847,2,2,111.25,0.3,111.1,150,110.9,100,,,,,,,,,,,,,,,,,111.4,77,111.6,150,,,,,,,,,,,,,,,,
2026-07-03T18:01:25.673582+00:00,2026-07-03T18:01:25.673535,2,2,111.25,0.3,111.1,100,110.9,100,,,,,,,,,,,,,,,,,111.4,77,111.6,150,,,,,,,,,,,,,,,,
2026-07-03T18:01:26.632036+00:00,2026-07-03T18:01:26.631859,2,2,111.25,0.3,111.1,100,110.9,100,,,,,,,,,,,,,,,,,111.4,32,111.6,150,,,,,,,,,,,,,,,,
2026-07-03T18:01:26.667284+00:00,2026-07-03T18:01:26.667047,1,1,111.15,0.5,110.9,100,,,,,,,,,,,,,,,,,,,111.4,32,,,,,,,,,,,,,,,,,,
2026-07-03T18:01:26.684825+00:00,2026-07-03T18:01:26.684760,1,1,111.15,0.5,110.9,53,,,,,,,,,,,,,,,,,,,111.4,32,,,,,,,,,,,,,,,,,,
2026-07-03T18:01:26.737411+00:00,2026-07-03T18:01:26.737291,2,1,111.2,0.4,111.0,150,110.9,53,,,,,,,,,,,,,,,,,111.4,32,,,,,,,,,,,,,,,,,,
2026-07-03T18:01:26.772264+00:00,2026-07-03T18:01:26.771945,2,2,111.2,0.4,111.0,150,110.9,53,,,,,,,,,,,,,,,,,111.4,32,111.5,150,,,,,,,,,,,,,,,,
2026-07-03T18:01:27.333908+00:00,2026-07-03T18:01:27.334125,2,2,111.2,0.4,111.0,101,110.9,53,,,,,,,,,,,,,,,,,111.4,32,111.5,150,,,,,,,,,,,,,,,,
2026-07-03T18:01:27.814859+00:00,2026-07-03T18:01:27.815081,2,2,111.2,0.4,111.0,51,110.9,53,,,,,,,,,,,,,,,,,111.4,32,111.5,150,,,,,,,,,,,,,,,,
2026-07-03T18:01:28.371820+00:00,2026-07-03T18:01:28.371086,1,1,111.25,0.5,111.0,51,,,,,,,,,,,,,,,,,,,111.5,150,,,,,,,,,,,,,,,,,,
2026-07-03T18:01:28.415856+00:00,2026-07-03T18:01:28.416148,1,1,111.25,0.5,111.0,151,,,,,,,,,,,,,,,,,,,111.5,150,,,,,,,,,,,,,,,,,,
2026-07-03T18:01:28.471256+00:00,2026-07-03T18:01:28.470958,1,1,111.25,0.5,111.0,151,,,,,,,,,,,,,,,,,,,111.5,250,,,,,,,,,,,,,,,,,,
2026-07-03T18:01:29.362140+00:00,2026-07-03T18:01:29.362069,1,1,111.25,0.5,111.0,151,,,,,,,,,,,,,,,,,,,111.5,202,,,,,,,,,,,,,,,,,,
2026-07-03T18:01:29.835945+00:00,2026-07-03T18:01:29.835706,1,1,111.25,0.5,111.0,100,,,,,,,,,,,,,,,,,,,111.5,100,,,,,,,,,,,,,,,,,,
2026-07-03T18:01:29.890561+00:00,2026-07-03T18:01:29.890517,2,1,111.25,0.5,111.0,100,110.6,150,,,,,,,,,,,,,,,,,111.5,100,,,,,,,,,,,,,,,,,,
2026-07-03T18:01:29.954483+00:00,2026-07-03T18:01:29.947654,2,2,111.05,0.1,111.0,100,110.6,150,,,,,,,,,,,,,,,,,111.1,139,111.5,100,,,,,,,,,,,,,,,,
2026-07-03T18:01:30.468593+00:00,2026-07-03T18:01:30.468483,2,2,111.05,0.1,111.0,100,110.6,150,,,,,,,,,,,,,,,,,111.1,92,111.5,100,,,,,,,,,,,,,,,,
2026-07-03T18:01:31.527569+00:00,2026-07-03T18:01:31.527430,1,1,110.85,0.5,110.6,150,,,,,,,,,,,,,,,,,,,111.1,92,,,,,,,,,,,,,,,,,,
2026-07-03T18:01:31.579341+00:00,2026-07-03T18:01:31.579432,2,1,111.05,0.1,111.0,100,110.6,150,,,,,,,,,,,,,,,,,111.1,92,,,,,,,,,,,,,,,,,,
2026-07-03T18:01:31.642996+00:00,2026-07-03T18:01:31.643221,2,2,111.05,0.1,111.0,100,110.6,150,,,,,,,,,,,,,,,,,111.1,92,111.5,100,,,,,,,,,,,,,,,,
2026-07-03T18:01:32.014863+00:00,2026-07-03T18:01:32.015069,2,2,111.05,0.1,111.0,50,110.6,150,,,,,,,,,,,,,,,,,111.1,92,111.5,100,,,,,,,,,,,,,,,,
2026-07-03T18:01:32.972932+00:00,2026-07-03T18:01:32.972738,2,2,111.05,0.1,111.0,50,110.6,150,,,,,,,,,,,,,,,,,111.1,48,111.5,100,,,,,,,,,,,,,,,,
2026-07-03T18:01:32.997808+00:00,2026-07-03T18:01:32.997658,1,1,111.25,0.5,111.0,50,,,,,,,,,,,,,,,,,,,111.5,100,,,,,,,,,,,,,,,,,,
2026-07-03T18:01:33.068975+00:00,2026-07-03T18:01:33.068832,2,1,111.25,0.5,111.0,50,110.8,150,,,,,,,,,,,,,,,,,111.5,100,,,,,,,,,,,,,,,,,,
2026-07-03T18:01:33.105607+00:00,2026-07-03T18:01:33.105432,2,2,111.15,0.3,111.0,50,110.8,150,,,,,,,,,,,,,,,,,111.3,150,111.5,100,,,,,,,,,,,,,,,,
2026-07-03T18:01:34.132642+00:00,2026-07-03T18:01:34.132502,1,2,111.05,0.5,110.8,150,,,,,,,,,,,,,,,,,,,111.3,150,111.5,100,,,,,,,,,,,,,,,,
2026-07-03T18:01:34.681424+00:00,2026-07-03T18:01:34.681229,1,1,111.05,0.5,110.8,150,,,,,,,,,,,,,,,,,,,111.3,150,,,,,,,,,,,,,,,,,,
2026-07-03T18:01:34.739816+00:00,2026-07-03T18:01:34.739713,2,1,111.05,0.5,110.8,150,110.4,100,,,,,,,,,,,,,,,,,111.3,150,,,,,,,,,,,,,,,,,,
2026-07-03T18:01:34.818825+00:00,2026-07-03T18:01:34.818718,2,2,110.85,0.1,110.8,150,110.4,100,,,,,,,,,,,,,,,,,110.9,100,111.3,150,,,,,,,,,,,,,,,,
2026-07-03T18:01:36.174172+00:00,2026-07-03T18:01:36.174084,1,1,110.65,0.5,110.4,100,,,,,,,,,,,,,,,,,,,110.9,100,,,,,,,,,,,,,,,,,,
2026-07-03T18:01:36.220463+00:00,2026-07-03T18:01:36.220229,2,1,110.75,0.3,110.6,100,110.4,100,,,,,,,,,,,,,,,,,110.9,100,,,,,,,,,,,,,,,,,,
2026-07-03T18:01:36.264505+00:00,2026-07-03T18:01:36.264430,2,2,110.75,0.3,110.6,100,110.4,100,,,,,,,,,,,,,,,,,110.9,100,111.1,150,,,,,,,,,,,,,,,,
2026-07-03T18:01:36.642152+00:00,2026-07-03T18:01:36.642016,2,2,110.75,0.3,110.6,56,110.4,100,,,,,,,,,,,,,,,,,110.9,100,111.1,150,,,,,,,,,,,,,,,,
2026-07-03T18:01:37.846564+00:00,2026-07-03T18:01:37.846436,1,1,110.85,0.5,110.6,56,,,,,,,,,,,,,,,,,,,111.1,150,,,,,,,,,,,,,,,,,,
2026-07-03T18:01:37.904610+00:00,2026-07-03T18:01:37.904779,2,1,110.85,0.5,110.6,56,110.3,100,,,,,,,,,,,,,,,,,111.1,150,,,,,,,,,,,,,,,,,,
2026-07-03T18:01:37.952455+00:00,2026-07-03T18:01:37.952239,2,2,110.7,0.2,110.6,56,110.3,100,,,,,,,,,,,,,,,,,110.8,100,111.1,150,,,,,,,,,,,,,,,,
2026-07-03T18:01:38.333357+00:00,2026-07-03T18:01:38.333246,2,2,110.7,0.2,110.6,6,110.3,100,,,,,,,,,,,,,,,,,110.8,100,111.1,150,,,,,,,,,,,,,,,,
2026-07-03T18:01:39.352729+00:00,2026-07-03T18:01:39.352454,1,1,110.55,0.5,110.3,100,,,,,,,,,,,,,,,,,,,110.8,100,,,,,,,,,,,,,,,,,,
2026-07-03T18:01:39.371050+00:00,2026-07-03T18:01:39.370820,2,1,110.55,0.5,110.3,100,110.2,150,,,,,,,,,,,,,,,,,110.8,100,,,,,,,,,,,,,,,,,,
2026-07-03T18:01:39.439405+00:00,2026-07-03T18:01:39.432681,2,2,110.5,0.4,110.3,100,110.2,150,,,,,,,,,,,,,,,,,110.7,147,110.8,100,,,,,,,,,,,,,,,,
2026-07-03T18:01:40.385567+00:00,2026-07-03T18:01:40.385305,2,2,110.5,0.4,110.3,100,110.2,150,,,,,,,,,,,,,,,,,110.7,97,110.8,100,,,,,,,,,,,,,,,,
2026-07-03T18:01:41.006820+00:00,2026-07-03T18:01:41.006520,1,1,110.45,0.5,110.2,150,,,,,,,,,,,,,,,,,,,110.7,97,,,,,,,,,,,,,,,,,,
2026-07-03T18:01:41.064043+00:00,2026-07-03T18:01:41.063925,2,1,110.5,0.4,110.3,100,110.2,150,,,,,,,,,,,,,,,,,110.7,97,,,,,,,,,,,,,,,,,,
2026-07-03T18:01:41.155682+00:00,2026-07-03T18:01:41.156740,2,2,110.5,0.4,110.3,100,110.2,150,,,,,,,,,,,,,,,,,110.7,97,110.8,100,,,,,,,,,,,,,,,,
2026-07-03T18:01:41.998042+00:00,2026-07-03T18:01:41.997948,2,2,110.5,0.4,110.3,57,110.2,150,,,,,,,,,,,,,,,,,110.7,97,110.8,100,,,,,,,,,,,,,,,,
2026-07-03T18:01:42.477603+00:00,2026-07-03T18:01:42.477394,1,1,110.55,0.5,110.3,57,,,,,,,,,,,,,,,,,,,110.8,100,,,,,,,,,,,,,,,,,,
2026-07-03T18:01:42.501083+00:00,2026-07-03T18:01:42.501020,1,1,110.55,0.5,110.3,57,,,,,,,,,,,,,,,,,,,110.8,50,,,,,,,,,,,,,,,,,,
2026-07-03T18:01:42.536336+00:00,2026-07-03T18:01:42.536214,2,1,110.55,0.5,110.3,57,110.2,150,,,,,,,,,,,,,,,,,110.8,50,,,,,,,,,,,,,,,,,,
2026-07-03T18:01:42.588825+00:00,2026-07-03T18:01:42.588983,2,2,110.5,0.4,110.3,57,110.2,150,,,,,,,,,,,,,,,,,110.7,150,110.8,50,,,,,,,,,,,,,,,,
2026-07-03T18:01:44.190244+00:00,2026-07-03T18:01:44.190110,1,1,110.45,0.5,110.2,150,,,,,,,,,,,,,,,,,,,110.7,150,,,,,,,,,,,,,,,,,,
2026-07-03T18:01:44.238390+00:00,2026-07-03T18:01:44.237598,1,1,110.45,0.5,110.2,250,,,,,,,,,,,,,,,,,,,110.7,150,,,,,,,,,,,,,,,,,,
2026-07-03T18:01:44.293767+00:00,2026-07-03T18:01:44.293639,1,1,110.45,0.5,110.2,250,,,,,,,,,,,,,,,,,,,110.7,250,,,,,,,,,,,,,,,,,,
2026-07-03T18:01:44.658573+00:00,2026-07-03T18:01:44.653020,1,1,110.45,0.5,110.2,200,,,,,,,,,,,,,,,,,,,110.7,250,,,,,,,,,,,,,,,,,,
2026-07-03T18:01:45.653931+00:00,2026-07-03T18:01:45.654140,1,1,110.45,0.5,110.2,100,,,,,,,,,,,,,,,,,,,110.7,100,,,,,,,,,,,,,,,,,,
2026-07-03T18:01:45.697686+00:00,2026-07-03T18:01:45.697614,2,1,110.45,0.5,110.2,100,109.8,150,,,,,,,,,,,,,,,,,110.7,100,,,,,,,,,,,,,,,,,,
2026-07-03T18:01:45.760851+00:00,2026-07-03T18:01:45.760727,2,2,110.25,0.1,110.2,100,109.8,150,,,,,,,,,,,,,,,,,110.3,150,110.7,100,,,,,,,,,,,,,,,,
2026-07-03T18:01:47.349087+00:00,2026-07-03T18:01:47.348990,1,1,110.05,0.5,109.8,150,,,,,,,,,,,,,,,,,,,110.3,150,,,,,,,,,,,,,,,,,,
2026-07-03T18:01:47.412926+00:00,2026-07-03T18:01:47.413088,2,1,110.2,0.2,110.1,100,109.8,150,,,,,,,,,,,,,,,,,110.3,150,,,,,,,,,,,,,,,,,,
2026-07-03T18:01:47.458650+00:00,2026-07-03T18:01:47.449183,2,2,110.2,0.2,110.1,100,109.8,150,,,,,,,,,,,,,,,,,110.3,150,110.6,100,,,,,,,,,,,,,,,,
2026-07-03T18:01:48.049022+00:00,2026-07-03T18:01:48.048833,2,2,110.2,0.2,110.1,100,109.8,150,,,,,,,,,,,,,,,,,110.3,107,110.6,100,,,,,,,,,,,,,,,,
2026-07-03T18:01:48.815817+00:00,2026-07-03T18:01:48.815767,1,1,110.35,0.5,110.1,100,,,,,,,,,,,,,,,,,,,110.6,100,,,,,,,,,,,,,,,,,,
2026-07-03T18:01:48.821051+00:00,2026-07-03T18:01:48.820964,1,1,110.35,0.5,110.1,100,,,,,,,,,,,,,,,,,,,110.6,50,,,,,,,,,,,,,,,,,,
2026-07-03T18:01:48.858752+00:00,2026-07-03T18:01:48.858663,2,1,110.35,0.5,110.1,100,109.9,150,,,,,,,,,,,,,,,,,110.6,50,,,,,,,,,,,,,,,,,,
2026-07-03T18:01:48.927426+00:00,2026-07-03T18:01:48.927258,2,2,110.25,0.3,110.1,100,109.9,150,,,,,,,,,,,,,,,,,110.4,150,110.6,50,,,,,,,,,,,,,,,,
2026-07-03T18:01:49.159847+00:00,2026-07-03T18:01:49.159772,2,2,110.25,0.3,110.1,56,109.9,150,,,,,,,,,,,,,,,,,110.4,150,110.6,50,,,,,,,,,,,,,,,,
2026-07-03T18:01:50.512358+00:00,2026-07-03T18:01:50.512599,1,1,110.15,0.5,109.9,150,,,,,,,,,,,,,,,,,,,110.4,150,,,,,,,,,,,,,,,,,,
2026-07-03T18:01:50.566435+00:00,2026-07-03T18:01:50.566401,2,1,110.25,0.3,110.1,100,109.9,150,,,,,,,,,,,,,,,,,110.4,150,,,,,,,,,,,,,,,,,,
2026-07-03T18:01:50.630553+00:00,2026-07-03T18:01:50.630509,2,2,110.25,0.3,110.1,100,109.9,150,,,,,,,,,,,,,,,,,110.4,150,110.6,100,,,,,,,,,,,,,,,,
2026-07-03T18:01:50.971769+00:00,2026-07-03T18:01:50.971629,2,2,110.25,0.3,110.1,50,109.9,150,,,,,,,,,,,,,,,,,110.4,150,110.6,100,,,,,,,,,,,,,,,,
2026-07-03T18:01:51.981849+00:00,2026-07-03T18:01:51.981788,1,1,110.35,0.5,110.1,50,,,,,,,,,,,,,,,,,,,110.6,100,,,,,,,,,,,,,,,,,,
2026-07-03T18:01:52.029584+00:00,2026-07-03T18:01:52.029423,2,1,110.35,0.5,110.1,50,109.8,150,,,,,,,,,,,,,,,,,110.6,100,,,,,,,,,,,,,,,,,,
2026-07-03T18:01:52.090209+00:00,2026-07-03T18:01:52.090296,2,2,110.2,0.2,110.1,50,109.8,150,,,,,,,,,,,,,,,,,110.3,150,110.6,100,,,,,,,,,,,,,,,,
2026-07-03T18:01:53.077604+00:00,2026-07-03T18:01:53.077519,1,2,110.05,0.5,109.8,150,,,,,,,,,,,,,,,,,,,110.3,150,110.6,100,,,,,,,,,,,,,,,,
2026-07-03T18:01:53.248045+00:00,2026-07-03T18:01:53.247875,1,2,110.05,0.5,109.8,150,,,,,,,,,,,,,,,,,,,110.3,107,110.6,100,,,,,,,,,,,,,,,,
2026-07-03T18:01:53.677044+00:00,2026-07-03T18:01:53.677251,1,1,110.05,0.5,109.8,150,,,,,,,,,,,,,,,,,,,110.3,107,,,,,,,,,,,,,,,,,,
2026-07-03T18:01:53.735617+00:00,2026-07-03T18:01:53.735576,1,1,110.05,0.5,109.8,250,,,,,,,,,,,,,,,,,,,110.3,107,,,,,,,,,,,,,,,,,,
2026-07-03T18:01:53.833923+00:00,2026-07-03T18:01:53.832536,1,1,110.05,0.5,109.8,250,,,,,,,,,,,,,,,,,,,110.3,207,,,,,,,,,,,,,,,,,,
2026-07-03T18:01:55.139745+00:00,2026-07-03T18:01:55.139961,1,1,110.05,0.5,109.8,100,,,,,,,,,,,,,,,,,,,110.3,100,,,,,,,,,,,,,,,,,,
2026-07-03T18:01:55.180313+00:00,2026-07-03T18:01:55.180101,1,1,110.05,0.5,109.8,50,,,,,,,,,,,,,,,,,,,110.3,100,,,,,,,,,,,,,,,,,,
2026-07-03T18:01:55.217056+00:00,2026-07-03T18:01:55.217188,2,1,110.2,0.2,110.1,150,109.8,50,,,,,,,,,,,,,,,,,110.3,100,,,,,,,,,,,,,,,,,,
2026-07-03T18:01:55.252288+00:00,2026-07-03T18:01:55.252052,2,2,110.2,0.2,110.1,150,109.8,50,,,,,,,,,,,,,,,,,110.3,100,110.6,150,,,,,,,,,,,,,,,,
2026-07-03T18:01:55.358630+00:00,2026-07-03T18:01:55.353462,2,2,110.2,0.2,110.1,150,109.8,50,,,,,,,,,,,,,,,,,110.3,57,110.6,150,,,,,,,,,,,,,,,,
2026-07-03T18:01:55.986987+00:00,2026-07-03T18:01:55.986873,2,2,110.2,0.2,110.1,150,109.8,50,,,,,,,,,,,,,,,,,110.3,11,110.6,150,,,,,,,,,,,,,,,,
2026-07-03T18:01:56.045650+00:00,2026-07-03T18:01:56.045538,2,2,110.2,0.2,110.1,103,109.8,50,,,,,,,,,,,,,,,,,110.3,11,110.6,150,,,,,,,,,,,,,,,,
2026-07-03T18:01:56.687738+00:00,2026-07-03T18:01:56.687479,2,1,110.35,0.5,110.1,103,109.8,50,,,,,,,,,,,,,,,,,110.6,150,,,,,,,,,,,,,,,,,,
2026-07-03T18:01:56.742595+00:00,2026-07-03T18:01:56.742531,2,1,110.35,0.5,110.1,60,109.8,50,,,,,,,,,,,,,,,,,110.6,150,,,,,,,,,,,,,,,,,,
2026-07-03T18:01:56.851966+00:00,2026-07-03T18:01:56.852235,1,1,110.35,0.5,110.1,60,,,,,,,,,,,,,,,,,,,110.6,150,,,,,,,,,,,,,,,,,,
2026-07-03T18:01:56.895431+00:00,2026-07-03T18:01:56.895392,2,1,110.35,0.5,110.1,60,109.9,100,,,,,,,,,,,,,,,,,110.6,150,,,,,,,,,,,,,,,,,,
2026-07-03T18:01:56.967452+00:00,2026-07-03T18:01:56.967385,2,2,110.25,0.3,110.1,60,109.9,100,,,,,,,,,,,,,,,,,110.4,100,110.6,150,,,,,,,,,,,,,,,,
2026-07-03T18:01:57.291014+00:00,2026-07-03T18:01:57.290877,2,2,110.25,0.3,110.1,10,109.9,100,,,,,,,,,,,,,,,,,110.4,100,110.6,150,,,,,,,,,,,,,,,,
2026-07-03T18:01:57.345338+00:00,2026-07-03T18:01:57.345718,2,2,110.25,0.3,110.1,10,109.9,100,,,,,,,,,,,,,,,,,110.4,54,110.6,150,,,,,,,,,,,,,,,,
2026-07-03T18:01:58.315612+00:00,2026-07-03T18:01:58.315539,1,1,110.15,0.5,109.9,100,,,,,,,,,,,,,,,,,,,110.4,54,,,,,,,,,,,,,,,,,,
2026-07-03T18:01:58.358917+00:00,2026-07-03T18:01:58.358732,2,1,110.15,0.5,109.9,100,109.5,150,,,,,,,,,,,,,,,,,110.4,54,,,,,,,,,,,,,,,,,,
2026-07-03T18:01:58.415049+00:00,2026-07-03T18:01:58.409145,2,2,109.95,0.1,109.9,100,109.5,150,,,,,,,,,,,,,,,,,110.0,147,110.4,54,,,,,,,,,,,,,,,,
2026-07-03T18:01:59.358664+00:00,2026-07-03T18:01:59.356242,2,2,109.95,0.1,109.9,100,109.5,150,,,,,,,,,,,,,,,,,110.0,97,110.4,54,,,,,,,,,,,,,,,,
2026-07-03T18:01:59.458659+00:00,2026-07-03T18:01:59.456611,2,2,109.95,0.1,109.9,100,109.5,150,,,,,,,,,,,,,,,,,110.0,52,110.4,54,,,,,,,,,,,,,,,,
2026-07-03T18:02:00.001678+00:00,2026-07-03T18:02:00.001590,1,1,109.75,0.5,109.5,150,,,,,,,,,,,,,,,,,,,110.0,52,,,,,,,,,,,,,,,,,,
2026-07-03T18:02:00.050468+00:00,2026-07-03T18:02:00.050349,2,0,,,110.0,48,109.5,150,,,,,,,,,,,,,,,,,,,,,,,,,,,,,,,,,,,,
2026-07-03T18:02:00.110267+00:00,2026-07-03T18:02:00.109988,2,1,110.25,0.5,110.0,48,109.5,150,,,,,,,,,,,,,,,,,110.5,100,,,,,,,,,,,,,,,,,,
2026-07-03T18:02:01.174031+00:00,2026-07-03T18:02:01.174263,1,1,110.0,1.0,109.5,150,,,,,,,,,,,,,,,,,,,110.5,100,,,,,,,,,,,,,,,,,,
2026-07-03T18:02:01.461714+00:00,2026-07-03T18:02:01.461644,0,1,,,,,,,,,,,,,,,,,,,,,,,110.5,50,,,,,,,,,,,,,,,,,,
2026-07-03T18:02:01.516857+00:00,2026-07-03T18:02:01.516775,1,1,110.25,0.5,110.0,150,,,,,,,,,,,,,,,,,,,110.5,50,,,,,,,,,,,,,,,,,,
2026-07-03T18:02:01.569268+00:00,2026-07-03T18:02:01.569203,1,1,110.25,0.5,110.0,150,,,,,,,,,,,,,,,,,,,110.5,200,,,,,,,,,,,,,,,,,,
2026-07-03T18:02:03.169249+00:00,2026-07-03T18:02:03.169007,1,1,110.25,0.5,110.0,150,,,,,,,,,,,,,,,,,,,110.5,150,,,,,,,,,,,,,,,,,,
2026-07-03T18:02:03.214649+00:00,2026-07-03T18:02:03.214602,2,1,110.25,0.5,110.0,150,109.7,100,,,,,,,,,,,,,,,,,110.5,150,,,,,,,,,,,,,,,,,,
2026-07-03T18:02:03.277563+00:00,2026-07-03T18:02:03.277492,2,2,110.1,0.2,110.0,150,109.7,100,,,,,,,,,,,,,,,,,110.2,100,110.5,150,,,,,,,,,,,,,,,,
2026-07-03T18:02:03.567849+00:00,2026-07-03T18:02:03.552723,2,2,110.1,0.2,110.0,147,109.7,100,,,,,,,,,,,,,,,,,110.2,100,110.5,150,,,,,,,,,,,,,,,,
2026-07-03T18:02:03.628820+00:00,2026-07-03T18:02:03.628687,2,2,110.1,0.2,110.0,97,109.7,100,,,,,,,,,,,,,,,,,110.2,100,110.5,150,,,,,,,,,,,,,,,,
2026-07-03T18:02:04.358643+00:00,2026-07-03T18:02:04.356261,2,2,110.1,0.2,110.0,50,109.7,100,,,,,,,,,,,,,,,,,110.2,100,110.5,150,,,,,,,,,,,,,,,,
2026-07-03T18:02:04.622742+00:00,2026-07-03T18:02:04.622871,1,1,109.95,0.5,109.7,100,,,,,,,,,,,,,,,,,,,110.2,100,,,,,,,,,,,,,,,,,,
2026-07-03T18:02:04.693783+00:00,2026-07-03T18:02:04.693705,2,1,109.95,0.5,109.7,100,109.5,150,,,,,,,,,,,,,,,,,110.2,100,,,,,,,,,,,,,,,,,,
2026-07-03T18:02:04.747814+00:00,2026-07-03T18:02:04.747708,2,2,109.85,0.3,109.7,100,109.5,150,,,,,,,,,,,,,,,,,110.0,150,110.2,100,,,,,,,,,,,,,,,,
2026-07-03T18:02:05.734952+00:00,2026-07-03T18:02:05.734866,2,2,109.85,0.3,109.7,50,109.5,150,,,,,,,,,,,,,,,,,110.0,150,110.2,100,,,,,,,,,,,,,,,,
2026-07-03T18:02:06.047869+00:00,2026-07-03T18:02:06.047710,2,2,109.85,0.3,109.7,2,109.5,150,,,,,,,,,,,,,,,,,110.0,150,110.2,100,,,,,,,,,,,,,,,,
2026-07-03T18:02:06.321829+00:00,2026-07-03T18:02:06.321994,2,1,109.85,0.3,109.7,2,109.5,150,,,,,,,,,,,,,,,,,110.0,150,,,,,,,,,,,,,,,,,,
2026-07-03T18:02:06.327166+00:00,2026-07-03T18:02:06.327143,1,1,109.75,0.5,109.5,150,,,,,,,,,,,,,,,,,,,110.0,150,,,,,,,,,,,,,,,,,,
2026-07-03T18:02:06.374950+00:00,2026-07-03T18:02:06.374910,2,1,109.75,0.5,109.5,150,109.1,100,,,,,,,,,,,,,,,,,110.0,150,,,,,,,,,,,,,,,,,,
2026-07-03T18:02:06.430644+00:00,2026-07-03T18:02:06.430527,2,2,109.55,0.1,109.5,150,109.1,100,,,,,,,,,,,,,,,,,109.6,100,110.0,150,,,,,,,,,,,,,,,,
2026-07-03T18:02:06.614282+00:00,2026-07-03T18:02:06.607027,2,2,109.55,0.1,109.5,150,109.1,100,,,,,,,,,,,,,,,,,109.6,97,110.0,150,,,,,,,,,,,,,,,,
2026-07-03T18:02:07.536066+00:00,2026-07-03T18:02:07.536011,2,2,109.55,0.1,109.5,150,109.1,100,,,,,,,,,,,,,,,,,109.6,55,110.0,150,,,,,,,,,,,,,,,,
2026-07-03T18:02:07.822041+00:00,2026-07-03T18:02:07.821799,1,1,109.35,0.5,109.1,100,,,,,,,,,,,,,,,,,,,109.6,5,,,,,,,,,,,,,,,,,,
2026-07-03T18:02:07.854573+00:00,2026-07-03T18:02:07.854491,2,1,109.5,0.2,109.4,150,109.1,100,,,,,,,,,,,,,,,,,109.6,5,,,,,,,,,,,,,,,,,,
2026-07-03T18:02:07.923768+00:00,2026-07-03T18:02:07.923630,2,2,109.5,0.2,109.4,150,109.1,100,,,,,,,,,,,,,,,,,109.6,5,109.9,150,,,,,,,,,,,,,,,,
2026-07-03T18:02:08.582370+00:00,2026-07-03T18:02:08.576260,2,1,109.65,0.5,109.4,150,109.1,100,,,,,,,,,,,,,,,,,109.9,150,,,,,,,,,,,,,,,,,,
2026-07-03T18:02:09.486125+00:00,2026-07-03T18:02:09.486005,1,1,109.65,0.5,109.4,150,,,,,,,,,,,,,,,,,,,109.9,150,,,,,,,,,,,,,,,,,,
2026-07-03T18:02:09.541222+00:00,2026-07-03T18:02:09.541051,2,1,109.75,0.3,109.6,100,109.4,150,,,,,,,,,,,,,,,,,109.9,150,,,,,,,,,,,,,,,,,,
2026-07-03T18:02:09.606835+00:00,2026-07-03T18:02:09.606717,2,2,109.75,0.3,109.6,100,109.4,150,,,,,,,,,,,,,,,,,109.9,150,110.1,100,,,,,,,,,,,,,,,,
2026-07-03T18:02:09.895164+00:00,2026-07-03T18:02:09.894987,2,2,109.75,0.3,109.6,100,109.4,150,,,,,,,,,,,,,,,,,109.9,100,110.1,100,,,,,,,,,,,,,,,,
2026-07-03T18:02:10.258676+00:00,2026-07-03T18:02:10.254428,2,2,109.75,0.3,109.6,100,109.4,150,,,,,,,,,,,,,,,,,109.9,59,110.1,100,,,,,,,,,,,,,,,,
2026-07-03T18:02:10.961532+00:00,2026-07-03T18:02:10.961294,1,1,109.85,0.5,109.6,100,,,,,,,,,,,,,,,,,,,110.1,100,,,,,,,,,,,,,,,,,,
2026-07-03T18:02:11.020139+00:00,2026-07-03T18:02:11.014329,2,1,109.95,0.3,109.8,145,109.6,100,,,,,,,,,,,,,,,,,110.1,100,,,,,,,,,,,,,,,,,,
2026-07-03T18:02:11.073342+00:00,2026-07-03T18:02:11.073204,2,2,109.95,0.3,109.8,145,109.6,100,,,,,,,,,,,,,,,,,110.1,100,110.3,150,,,,,,,,,,,,,,,,
2026-07-03T18:02:11.647646+00:00,2026-07-03T18:02:11.647472,2,2,109.95,0.3,109.8,102,109.6,100,,,,,,,,,,,,,,,,,110.1,100,110.3,150,,,,,,,,,,,,,,,,
2026-07-03T18:02:12.003454+00:00,2026-07-03T18:02:12.003310,2,2,109.95,0.3,109.8,102,109.6,100,,,,,,,,,,,,,,,,,110.1,50,110.3,150,,,,,,,,,,,,,,,,
2026-07-03T18:02:12.664422+00:00,2026-07-03T18:02:12.664227,1,1,110.05,0.5,109.8,102,,,,,,,,,,,,,,,,,,,110.3,150,,,,,,,,,,,,,,,,,,
2026-07-03T18:02:12.710302+00:00,2026-07-03T18:02:12.710205,2,1,110.05,0.5,109.8,102,109.7,100,,,,,,,,,,,,,,,,,110.3,150,,,,,,,,,,,,,,,,,,
2026-07-03T18:02:12.783079+00:00,2026-07-03T18:02:12.783019,2,2,110.0,0.4,109.8,102,109.7,100,,,,,,,,,,,,,,,,,110.2,100,110.3,150,,,,,,,,,,,,,,,,
2026-07-03T18:02:13.135287+00:00,2026-07-03T18:02:13.135633,2,2,110.0,0.4,109.8,102,109.7,100,,,,,,,,,,,,,,,,,110.2,59,110.3,150,,,,,,,,,,,,,,,,
2026-07-03T18:02:13.238608+00:00,2026-07-03T18:02:13.231486,2,2,110.0,0.4,109.8,99,109.7,100,,,,,,,,,,,,,,,,,110.2,59,110.3,150,,,,,,,,,,,,,,,,
2026-07-03T18:02:14.134605+00:00,2026-07-03T18:02:14.134559,1,1,109.95,0.5,109.7,100,,,,,,,,,,,,,,,,,,,110.2,59,,,,,,,,,,,,,,,,,,
2026-07-03T18:02:14.187245+00:00,2026-07-03T18:02:14.187186,2,1,109.95,0.5,109.7,100,109.6,150,,,,,,,,,,,,,,,,,110.2,59,,,,,,,,,,,,,,,,,,
2026-07-03T18:02:14.231748+00:00,2026-07-03T18:02:14.231507,2,2,109.9,0.4,109.7,100,109.6,150,,,,,,,,,,,,,,,,,110.1,150,110.2,59,,,,,,,,,,,,,,,,
2026-07-03T18:02:15.825784+00:00,2026-07-03T18:02:15.825701,1,1,109.85,0.5,109.6,150,,,,,,,,,,,,,,,,,,,110.1,150,,,,,,,,,,,,,,,,,,
2026-07-03T18:02:15.894930+00:00,2026-07-03T18:02:15.894786,2,1,109.95,0.3,109.8,100,109.6,150,,,,,,,,,,,,,,,,,110.1,150,,,,,,,,,,,,,,,,,,
2026-07-03T18:02:15.948814+00:00,2026-07-03T18:02:15.948782,2,2,109.95,0.3,109.8,100,109.6,150,,,,,,,,,,,,,,,,,110.1,150,110.3,100,,,,,,,,,,,,,,,,
2026-07-03T18:02:16.211070+00:00,2026-07-03T18:02:16.210849,2,2,109.95,0.3,109.8,100,109.6,150,,,,,,,,,,,,,,,,,110.1,100,110.3,100,,,,,,,,,,,,,,,,
2026-07-03T18:02:17.288036+00:00,2026-07-03T18:02:17.288450,1,1,110.05,0.5,109.8,100,,,,,,,,,,,,,,,,,,,110.3,100,,,,,,,,,,,,,,,,,,
2026-07-03T18:02:17.347777+00:00,2026-07-03T18:02:17.347649,1,1,110.05,0.5,109.8,250,,,,,,,,,,,,,,,,,,,110.3,100,,,,,,,,,,,,,,,,,,
2026-07-03T18:02:17.390232+00:00,2026-07-03T18:02:17.390436,1,1,110.05,0.5,109.8,250,,,,,,,,,,,,,,,,,,,110.3,250,,,,,,,,,,,,,,,,,,
2026-07-03T18:02:18.992148+00:00,2026-07-03T18:02:18.992081,1,1,110.05,0.5,109.8,250,,,,,,,,,,,,,,,,,,,110.3,150,,,,,,,,,,,,,,,,,,
2026-07-03T18:02:18.997339+00:00,2026-07-03T18:02:18.997264,1,1,110.05,0.5,109.8,150,,,,,,,,,,,,,,,,,,,110.3,150,,,,,,,,,,,,,,,,,,
2026-07-03T18:02:19.046680+00:00,2026-07-03T18:02:19.046404,1,1,110.05,0.5,109.8,250,,,,,,,,,,,,,,,,,,,110.3,150,,,,,,,,,,,,,,,,,,
2026-07-03T18:02:19.114983+00:00,2026-07-03T18:02:19.114952,1,1,110.05,0.5,109.8,250,,,,,,,,,,,,,,,,,,,110.3,250,,,,,,,,,,,,,,,,,,
2026-07-03T18:02:20.445772+00:00,2026-07-03T18:02:20.445920,1,1,110.05,0.5,109.8,250,,,,,,,,,,,,,,,,,,,110.3,100,,,,,,,,,,,,,,,,,,
2026-07-03T18:02:20.458609+00:00,2026-07-03T18:02:20.451078,1,1,110.05,0.5,109.8,100,,,,,,,,,,,,,,,,,,,110.3,100,,,,,,,,,,,,,,,,,,
2026-07-03T18:02:20.539282+00:00,2026-07-03T18:02:20.538770,1,1,110.05,0.5,109.8,200,,,,,,,,,,,,,,,,,,,110.3,100,,,,,,,,,,,,,,,,,,
2026-07-03T18:02:20.563788+00:00,2026-07-03T18:02:20.563725,1,1,110.05,0.5,109.8,200,,,,,,,,,,,,,,,,,,,110.3,250,,,,,,,,,,,,,,,,,,
2026-07-03T18:02:21.324351+00:00,2026-07-03T18:02:21.324293,1,1,110.05,0.5,109.8,157,,,,,,,,,,,,,,,,,,,110.3,250,,,,,,,,,,,,,,,,,,
2026-07-03T18:02:21.891103+00:00,2026-07-03T18:02:21.891042,1,1,110.05,0.5,109.8,117,,,,,,,,,,,,,,,,,,,110.3,250,,,,,,,,,,,,,,,,,,
2026-07-03T18:02:22.153771+00:00,2026-07-03T18:02:22.154244,1,1,110.05,0.5,109.8,117,,,,,,,,,,,,,,,,,,,110.3,150,,,,,,,,,,,,,,,,,,
2026-07-03T18:02:22.202494+00:00,2026-07-03T18:02:22.202283,2,1,110.05,0.5,109.8,117,109.5,100,,,,,,,,,,,,,,,,,110.3,150,,,,,,,,,,,,,,,,,,
2026-07-03T18:02:22.258563+00:00,2026-07-03T18:02:22.255732,2,2,109.9,0.2,109.8,117,109.5,100,,,,,,,,,,,,,,,,,110.0,100,110.3,150,,,,,,,,,,,,,,,,
2026-07-03T18:02:22.613011+00:00,2026-07-03T18:02:22.612894,2,2,109.9,0.2,109.8,67,109.5,100,,,,,,,,,,,,,,,,,110.0,100,110.3,150,,,,,,,,,,,,,,,,
2026-07-03T18:02:23.612267+00:00,2026-07-03T18:02:23.612128,1,1,109.75,0.5,109.5,100,,,,,,,,,,,,,,,,,,,110.0,100,,,,,,,,,,,,,,,,,,
2026-07-03T18:02:23.669599+00:00,2026-07-03T18:02:23.669508,2,1,109.75,0.5,109.5,100,109.4,150,,,,,,,,,,,,,,,,,110.0,100,,,,,,,,,,,,,,,,,,
2026-07-03T18:02:23.726010+00:00,2026-07-03T18:02:23.725888,2,2,109.7,0.4,109.5,100,109.4,150,,,,,,,,,,,,,,,,,109.9,150,110.0,100,,,,,,,,,,,,,,,,
2026-07-03T18:02:24.735784+00:00,2026-07-03T18:02:24.735710,2,2,109.7,0.4,109.5,50,109.4,150,,,,,,,,,,,,,,,,,109.9,150,110.0,100,,,,,,,,,,,,,,,,
2026-07-03T18:02:25.158635+00:00,2026-07-03T18:02:25.156040,2,2,109.7,0.4,109.5,50,109.4,150,,,,,,,,,,,,,,,,,109.9,104,110.0,100,,,,,,,,,,,,,,,,
2026-07-03T18:02:25.349529+00:00,2026-07-03T18:02:25.349403,1,1,109.65,0.5,109.4,150,,,,,,,,,,,,,,,,,,,109.9,104,,,,,,,,,,,,,,,,,,
2026-07-03T18:02:25.419485+00:00,2026-07-03T18:02:25.419313,2,1,109.65,0.5,109.4,150,109.3,100,,,,,,,,,,,,,,,,,109.9,104,,,,,,,,,,,,,,,,,,
2026-07-03T18:02:25.452543+00:00,2026-07-03T18:02:25.452419,2,2,109.6,0.4,109.4,150,109.3,100,,,,,,,,,,,,,,,,,109.8,100,109.9,104,,,,,,,,,,,,,,,,
2026-07-03T18:02:26.775633+00:00,2026-07-03T18:02:26.775564,1,1,109.55,0.5,109.3,100,,,,,,,,,,,,,,,,,,,109.8,100,,,,,,,,,,,,,,,,,,
2026-07-03T18:02:26.834790+00:00,2026-07-03T18:02:26.834732,2,1,109.65,0.3,109.5,150,109.3,100,,,,,,,,,,,,,,,,,109.8,100,,,,,,,,,,,,,,,,,,
2026-07-03T18:02:26.888261+00:00,2026-07-03T18:02:26.888114,2,2,109.65,0.3,109.5,150,109.3,100,,,,,,,,,,,,,,,,,109.8,100,110.0,150,,,,,,,,,,,,,,,,
2026-07-03T18:02:28.516936+00:00,2026-07-03T18:02:28.517133,1,1,109.75,0.5,109.5,150,,,,,,,,,,,,,,,,,,,110.0,150,,,,,,,,,,,,,,,,,,
2026-07-03T18:02:28.573567+00:00,2026-07-03T18:02:28.573346,2,1,109.75,0.5,109.5,150,109.1,100,,,,,,,,,,,,,,,,,110.0,150,,,,,,,,,,,,,,,,,,
2026-07-03T18:02:28.609822+00:00,2026-07-03T18:02:28.610011,2,2,109.55,0.1,109.5,150,109.1,100,,,,,,,,,,,,,,,,,109.6,100,110.0,150,,,,,,,,,,,,,,,,
2026-07-03T18:02:28.745254+00:00,2026-07-03T18:02:28.745099,2,2,109.55,0.1,109.5,110,109.1,100,,,,,,,,,,,,,,,,,109.6,100,110.0,150,,,,,,,,,,,,,,,,
2026-07-03T18:02:28.881535+00:00,2026-07-03T18:02:28.881285,2,2,109.55,0.1,109.5,110,109.1,100,,,,,,,,,,,,,,,,,109.6,50,110.0,150,,,,,,,,,,,,,,,,
2026-07-03T18:02:29.936863+00:00,2026-07-03T18:02:29.936797,1,1,109.35,0.5,109.1,100,,,,,,,,,,,,,,,,,,,109.6,50,,,,,,,,,,,,,,,,,,
2026-07-03T18:02:29.996286+00:00,2026-07-03T18:02:29.995917,2,1,109.45,0.3,109.3,150,109.1,100,,,,,,,,,,,,,,,,,109.6,50,,,,,,,,,,,,,,,,,,
2026-07-03T18:02:30.044951+00:00,2026-07-03T18:02:30.045327,2,2,109.45,0.3,109.3,150,109.1,100,,,,,,,,,,,,,,,,,109.6,50,109.8,150,,,,,,,,,,,,,,,,
2026-07-03T18:02:31.007996+00:00,2026-07-03T18:02:31.007898,2,1,109.55,0.5,109.3,150,109.1,100,,,,,,,,,,,,,,,,,109.8,150,,,,,,,,,,,,,,,,,,
2026-07-03T18:02:31.569746+00:00,2026-07-03T18:02:31.569618,2,1,109.55,0.5,109.3,150,109.1,100,,,,,,,,,,,,,,,,,109.8,105,,,,,,,,,,,,,,,,,,
2026-07-03T18:02:31.668904+00:00,2026-07-03T18:02:31.668679,1,1,109.55,0.5,109.3,150,,,,,,,,,,,,,,,,,,,109.8,105,,,,,,,,,,,,,,,,,,
2026-07-03T18:02:31.728470+00:00,2026-07-03T18:02:31.728691,2,1,109.55,0.5,109.3,150,109.1,100,,,,,,,,,,,,,,,,,109.8,105,,,,,,,,,,,,,,,,,,
2026-07-03T18:02:31.775702+00:00,2026-07-03T18:02:31.775589,2,2,109.45,0.3,109.3,150,109.1,100,,,,,,,,,,,,,,,,,109.6,100,109.8,105,,,,,,,,,,,,,,,,
2026-07-03T18:02:33.099457+00:00,2026-07-03T18:02:33.099086,1,1,109.35,0.5,109.1,100,,,,,,,,,,,,,,,,,,,109.6,100,,,,,,,,,,,,,,,,,,
2026-07-03T18:02:33.121720+00:00,2026-07-03T18:02:33.121607,1,1,109.35,0.5,109.1,100,,,,,,,,,,,,,,,,,,,109.6,50,,,,,,,,,,,,,,,,,,
2026-07-03T18:02:33.158611+00:00,2026-07-03T18:02:33.153746,2,1,109.5,0.2,109.4,150,109.1,100,,,,,,,,,,,,,,,,,109.6,50,,,,,,,,,,,,,,,,,,
2026-07-03T18:02:33.209028+00:00,2026-07-03T18:02:33.208926,2,2,109.5,0.2,109.4,150,109.1,100,,,,,,,,,,,,,,,,,109.6,50,109.9,150,,,,,,,,,,,,,,,,
2026-07-03T18:02:34.833887+00:00,2026-07-03T18:02:34.833706,1,1,109.65,0.5,109.4,150,,,,,,,,,,,,,,,,,,,109.9,150,,,,,,,,,,,,,,,,,,
2026-07-03T18:02:34.897232+00:00,2026-07-03T18:02:34.897176,2,1,109.7,0.4,109.5,100,109.4,150,,,,,,,,,,,,,,,,,109.9,150,,,,,,,,,,,,,,,,,,
2026-07-03T18:02:34.940277+00:00,2026-07-03T18:02:34.940449,2,2,109.7,0.4,109.5,100,109.4,150,,,,,,,,,,,,,,,,,109.9,150,110.0,100,,,,,,,,,,,,,,,,
2026-07-03T18:02:35.687339+00:00,2026-07-03T18:02:35.687218,2,2,109.7,0.4,109.5,52,109.4,150,,,,,,,,,,,,,,,,,109.9,150,110.0,100,,,,,,,,,,,,,,,,
2026-07-03T18:02:36.265254+00:00,2026-07-03T18:02:36.265447,1,1,109.75,0.5,109.5,52,,,,,,,,,,,,,,,,,,,110.0,100,,,,,,,,,,,,,,,,,,
2026-07-03T18:02:36.334229+00:00,2026-07-03T18:02:36.334137,2,1,109.75,0.5,109.5,52,109.4,150,,,,,,,,,,,,,,,,,110.0,100,,,,,,,,,,,,,,,,,,
2026-07-03T18:02:36.382532+00:00,2026-07-03T18:02:36.382475,2,2,109.7,0.4,109.5,52,109.4,150,,,,,,,,,,,,,,,,,109.9,150,110.0,100,,,,,,,,,,,,,,,,
2026-07-03T18:02:37.995173+00:00,2026-07-03T18:02:37.995066,1,1,109.65,0.5,109.4,150,,,,,,,,,,,,,,,,,,,109.9,150,,,,,,,,,,,,,,,,,,
2026-07-03T18:02:38.061032+00:00,2026-07-03T18:02:38.060873,2,1,109.65,0.5,109.4,150,109.2,100,,,,,,,,,,,,,,,,,109.9,150,,,,,,,,,,,,,,,,,,
2026-07-03T18:02:38.108441+00:00,2026-07-03T18:02:38.108391,2,2,109.55,0.3,109.4,150,109.2,100,,,,,,,,,,,,,,,,,109.7,100,109.9,150,,,,,,,,,,,,,,,,
2026-07-03T18:02:39.345900+00:00,2026-07-03T18:02:39.345746,2,2,109.55,0.3,109.4,150,109.2,100,,,,,,,,,,,,,,,,,109.7,54,109.9,150,,,,,,,,,,,,,,,,
2026-07-03T18:02:39.422122+00:00,2026-07-03T18:02:39.422040,1,1,109.45,0.5,109.2,100,,,,,,,,,,,,,,,,,,,109.7,4,,,,,,,,,,,,,,,,,,
2026-07-03T18:02:39.492516+00:00,2026-07-03T18:02:39.492409,1,1,109.45,0.5,109.2,250,,,,,,,,,,,,,,,,,,,109.7,4,,,,,,,,,,,,,,,,,,
2026-07-03T18:02:39.530243+00:00,2026-07-03T18:02:39.530091,1,1,109.45,0.5,109.2,250,,,,,,,,,,,,,,,,,,,109.7,154,,,,,,,,,,,,,,,,,,
2026-07-03T18:02:39.835901+00:00,2026-07-03T18:02:39.835795,1,1,109.45,0.5,109.2,204,,,,,,,,,,,,,,,,,,,109.7,154,,,,,,,,,,,,,,,,,,
2026-07-03T18:02:40.474761+00:00,2026-07-03T18:02:40.474580,1,1,109.45,0.5,109.2,204,,,,,,,,,,,,,,,,,,,109.7,113,,,,,,,,,,,,,,,,,,
2026-07-03T18:02:40.997297+00:00,2026-07-03T18:02:40.997140,1,1,109.45,0.5,109.2,160,,,,,,,,,,,,,,,,,,,109.7,113,,,,,,,,,,,,,,,,,,
2026-07-03T18:02:41.163965+00:00,2026-07-03T18:02:41.164375,1,1,109.45,0.5,109.2,150,,,,,,,,,,,,,,,,,,,109.7,113,,,,,,,,,,,,,,,,,,
2026-07-03T18:02:41.224648+00:00,2026-07-03T18:02:41.224588,2,1,109.45,0.5,109.2,150,109.0,100,,,,,,,,,,,,,,,,,109.7,113,,,,,,,,,,,,,,,,,,
2026-07-03T18:02:41.280364+00:00,2026-07-03T18:02:41.280292,2,2,109.35,0.3,109.2,150,109.0,100,,,,,,,,,,,,,,,,,109.5,100,109.7,113,,,,,,,,,,,,,,,,
2026-07-03T18:02:42.587503+00:00,2026-07-03T18:02:42.587459,1,1,109.25,0.5,109.0,100,,,,,,,,,,,,,,,,,,,109.5,100,,,,,,,,,,,,,,,,,,
2026-07-03T18:02:42.659191+00:00,2026-07-03T18:02:42.658696,2,1,109.3,0.4,109.1,150,109.0,100,,,,,,,,,,,,,,,,,109.5,100,,,,,,,,,,,,,,,,,,
2026-07-03T18:02:42.696650+00:00,2026-07-03T18:02:42.696741,2,2,109.3,0.4,109.1,150,109.0,100,,,,,,,,,,,,,,,,,109.5,100,109.6,150,,,,,,,,,,,,,,,,
2026-07-03T18:02:43.658540+00:00,2026-07-03T18:02:43.654870,2,2,109.3,0.4,109.1,150,109.0,100,,,,,,,,,,,,,,,,,109.5,50,109.6,150,,,,,,,,,,,,,,,,
2026-07-03T18:02:44.330530+00:00,2026-07-03T18:02:44.330460,1,1,109.35,0.5,109.1,150,,,,,,,,,,,,,,,,,,,109.6,150,,,,,,,,,,,,,,,,,,
2026-07-03T18:02:44.394286+00:00,2026-07-03T18:02:44.394179,1,1,109.35,0.5,109.1,250,,,,,,,,,,,,,,,,,,,109.6,150,,,,,,,,,,,,,,,,,,
2026-07-03T18:02:44.437578+00:00,2026-07-03T18:02:44.437344,1,1,109.35,0.5,109.1,250,,,,,,,,,,,,,,,,,,,109.6,250,,,,,,,,,,,,,,,,,,
2026-07-03T18:02:45.752052+00:00,2026-07-03T18:02:45.751995,1,1,109.35,0.5,109.1,100,,,,,,,,,,,,,,,,,,,109.6,100,,,,,,,,,,,,,,,,,,
2026-07-03T18:02:45.782844+00:00,2026-07-03T18:02:45.782713,1,1,109.35,0.5,109.1,100,,,,,,,,,,,,,,,,,,,109.6,50,,,,,,,,,,,,,,,,,,
2026-07-03T18:02:45.806459+00:00,2026-07-03T18:02:45.806419,2,1,109.35,0.5,109.1,100,108.9,150,,,,,,,,,,,,,,,,,109.6,50,,,,,,,,,,,,,,,,,,
2026-07-03T18:02:45.858629+00:00,2026-07-03T18:02:45.853269,2,2,109.25,0.3,109.1,100,108.9,150,,,,,,,,,,,,,,,,,109.4,150,109.6,50,,,,,,,,,,,,,,,,
2026-07-03T18:02:47.485464+00:00,2026-07-03T18:02:47.485365,2,1,109.25,0.3,109.1,100,108.9,150,,,,,,,,,,,,,,,,,109.4,103,,,,,,,,,,,,,,,,,,
2026-07-03T18:02:47.501185+00:00,2026-07-03T18:02:47.501101,1,1,109.15,0.5,108.9,150,,,,,,,,,,,,,,,,,,,109.4,103,,,,,,,,,,,,,,,,,,
2026-07-03T18:02:47.544801+00:00,2026-07-03T18:02:47.544733,2,1,109.25,0.3,109.1,100,108.9,150,,,,,,,,,,,,,,,,,109.4,103,,,,,,,,,,,,,,,,,,
2026-07-03T18:02:47.597583+00:00,2026-07-03T18:02:47.597397,2,2,109.25,0.3,109.1,100,108.9,150,,,,,,,,,,,,,,,,,109.4,103,109.6,100,,,,,,,,,,,,,,,,
2026-07-03T18:02:47.877211+00:00,2026-07-03T18:02:47.877089,2,2,109.25,0.3,109.1,100,108.9,150,,,,,,,,,,,,,,,,,109.4,53,109.6,100,,,,,,,,,,,,,,,,
2026-07-03T18:02:48.039921+00:00,2026-07-03T18:02:48.039871,2,2,109.25,0.3,109.1,100,108.9,150,,,,,,,,,,,,,,,,,109.4,8,109.6,100,,,,,,,,,,,,,,,,
2026-07-03T18:02:48.942075+00:00,2026-07-03T18:02:48.941930,1,1,109.35,0.5,109.1,100,,,,,,,,,,,,,,,,,,,109.6,100,,,,,,,,,,,,,,,,,,
2026-07-03T18:02:49.015833+00:00,2026-07-03T18:02:49.015932,2,1,109.55,0.1,109.5,150,109.1,100,,,,,,,,,,,,,,,,,109.6,100,,,,,,,,,,,,,,,,,,
2026-07-03T18:02:49.026100+00:00,2026-07-03T18:02:49.019494,2,1,109.55,0.1,109.5,124,109.1,100,,,,,,,,,,,,,,,,,109.6,100,,,,,,,,,,,,,,,,,,
2026-07-03T18:02:49.053224+00:00,2026-07-03T18:02:49.052957,2,2,109.55,0.1,109.5,124,109.1,100,,,,,,,,,,,,,,,,,109.6,100,110.0,150,,,,,,,,,,,,,,,,
2026-07-03T18:02:49.302108+00:00,2026-07-03T18:02:49.296220,2,2,109.55,0.1,109.5,101,109.1,100,,,,,,,,,,,,,,,,,109.6,100,110.0,150,,,,,,,,,,,,,,,,
2026-07-03T18:02:49.981935+00:00,2026-07-03T18:02:49.981902,2,2,109.55,0.1,109.5,101,109.1,100,,,,,,,,,,,,,,,,,109.6,50,110.0,150,,,,,,,,,,,,,,,,
2026-07-03T18:02:50.652420+00:00,2026-07-03T18:02:50.652840,1,1,109.75,0.5,109.5,101,,,,,,,,,,,,,,,,,,,110.0,150,,,,,,,,,,,,,,,,,,
2026-07-03T18:02:50.717844+00:00,2026-07-03T18:02:50.717818,2,1,109.75,0.5,109.5,101,109.1,100,,,,,,,,,,,,,,,,,110.0,150,,,,,,,,,,,,,,,,,,
2026-07-03T18:02:50.779572+00:00,2026-07-03T18:02:50.779472,2,2,109.55,0.1,109.5,101,109.1,100,,,,,,,,,,,,,,,,,109.6,100,110.0,150,,,,,,,,,,,,,,,,
2026-07-03T18:02:50.943300+00:00,2026-07-03T18:02:50.943172,2,2,109.55,0.1,109.5,56,109.1,100,,,,,,,,,,,,,,,,,109.6,100,110.0,150,,,,,,,,,,,,,,,,
2026-07-03T18:02:51.468971+00:00,2026-07-03T18:02:51.468825,2,2,109.55,0.1,109.5,14,109.1,100,,,,,,,,,,,,,,,,,109.6,100,110.0,150,,,,,,,,,,,,,,,,
2026-07-03T18:02:51.989809+00:00,2026-07-03T18:02:51.989725,2,2,109.55,0.1,109.5,14,109.1,100,,,,,,,,,,,,,,,,,109.6,52,110.0,150,,,,,,,,,,,,,,,,
2026-07-03T18:02:52.119120+00:00,2026-07-03T18:02:52.119309,1,1,109.35,0.5,109.1,100,,,,,,,,,,,,,,,,,,,109.6,52,,,,,,,,,,,,,,,,,,
2026-07-03T18:02:52.147172+00:00,2026-07-03T18:02:52.147142,1,1,109.35,0.5,109.1,50,,,,,,,,,,,,,,,,,,,109.6,52,,,,,,,,,,,,,,,,,,
2026-07-03T18:02:52.158593+00:00,2026-07-03T18:02:52.153449,2,1,109.35,0.5,109.1,50,108.7,150,,,,,,,,,,,,,,,,,109.6,52,,,,,,,,,,,,,,,,,,
2026-07-03T18:02:52.221884+00:00,2026-07-03T18:02:52.215182,2,2,109.15,0.1,109.1,50,108.7,150,,,,,,,,,,,,,,,,,109.2,138,109.6,52,,,,,,,,,,,,,,,,
2026-07-03T18:02:52.620132+00:00,2026-07-03T18:02:52.620527,2,2,109.15,0.1,109.1,50,108.7,150,,,,,,,,,,,,,,,,,109.2,92,109.6,52,,,,,,,,,,,,,,,,
2026-07-03T18:02:53.211139+00:00,2026-07-03T18:02:53.204970,2,2,109.15,0.1,109.1,50,108.7,150,,,,,,,,,,,,,,,,,109.2,81,109.6,52,,,,,,,,,,,,,,,,
2026-07-03T18:02:53.266227+00:00,2026-07-03T18:02:53.266048,2,2,109.15,0.1,109.1,6,108.7,150,,,,,,,,,,,,,,,,,109.2,81,109.6,52,,,,,,,,,,,,,,,,
2026-07-03T18:02:53.821192+00:00,2026-07-03T18:02:53.821166,1,1,108.95,0.5,108.7,150,,,,,,,,,,,,,,,,,,,109.2,81,,,,,,,,,,,,,,,,,,
2026-07-03T18:02:53.886479+00:00,2026-07-03T18:02:53.886400,2,1,109.1,0.2,109.0,100,108.7,150,,,,,,,,,,,,,,,,,109.2,81,,,,,,,,,,,,,,,,,,
2026-07-03T18:02:53.942595+00:00,2026-07-03T18:02:53.942458,2,2,109.1,0.2,109.0,100,108.7,150,,,,,,,,,,,,,,,,,109.2,81,109.5,100,,,,,,,,,,,,,,,,
2026-07-03T18:02:54.196200+00:00,2026-07-03T18:02:54.195925,2,2,109.1,0.2,109.0,100,108.7,150,,,,,,,,,,,,,,,,,109.2,31,109.5,100,,,,,,,,,,,,,,,,
2026-07-03T18:02:54.258621+00:00,2026-07-03T18:02:54.248688,2,2,109.1,0.2,109.0,54,108.7,150,,,,,,,,,,,,,,,,,109.2,31,109.5,100,,,,,,,,,,,,,,,,
2026-07-03T18:02:54.858530+00:00,2026-07-03T18:02:54.858481,2,2,109.1,0.2,109.0,5,108.7,150,,,,,,,,,,,,,,,,,109.2,31,109.5,100,,,,,,,,,,,,,,,,
2026-07-03T18:02:55.267109+00:00,2026-07-03T18:02:55.267086,1,1,109.25,0.5,109.0,5,,,,,,,,,,,,,,,,,,,109.5,100,,,,,,,,,,,,,,,,,,
2026-07-03T18:02:55.336799+00:00,2026-07-03T18:02:55.336714,2,1,109.35,0.3,109.2,150,109.0,5,,,,,,,,,,,,,,,,,109.5,100,,,,,,,,,,,,,,,,,,
2026-07-03T18:02:55.372567+00:00,2026-07-03T18:02:55.372483,2,2,109.35,0.3,109.2,150,109.0,5,,,,,,,,,,,,,,,,,109.5,100,109.7,150,,,,,,,,,,,,,,,,
2026-07-03T18:02:55.846610+00:00,2026-07-03T18:02:55.839895,2,2,109.35,0.3,109.2,139,109.0,5,,,,,,,,,,,,,,,,,109.5,100,109.7,150,,,,,,,,,,,,,,,,
2026-07-03T18:02:56.375621+00:00,2026-07-03T18:02:56.375577,2,2,109.35,0.3,109.2,89,109.0,5,,,,,,,,,,,,,,,,,109.5,100,109.7,150,,,,,,,,,,,,,,,,
2026-07-03T18:02:56.986725+00:00,2026-07-03T18:02:56.986675,1,1,109.45,0.5,109.2,89,,,,,,,,,,,,,,,,,,,109.7,150,,,,,,,,,,,,,,,,,,
2026-07-03T18:02:57.034732+00:00,2026-07-03T18:02:57.034512,2,1,109.45,0.5,109.2,89,108.4,100,,,,,,,,,,,,,,,,,109.7,150,,,,,,,,,,,,,,,,,,
2026-07-03T18:02:57.101108+00:00,2026-07-03T18:02:57.095277,1,1,109.05,1.3,108.4,100,,,,,,,,,,,,,,,,,,,109.7,150,,,,,,,,,,,,,,,,,,
2026-07-03T18:02:58.446871+00:00,2026-07-03T18:02:58.447050,1,0,,,108.4,100,,,,,,,,,,,,,,,,,,,,,,,,,,,,,,,,,,,,,,
2026-07-03T18:02:58.485806+00:00,2026-07-03T18:02:58.485686,2,0,,,108.5,150,108.4,100,,,,,,,,,,,,,,,,,,,,,,,,,,,,,,,,,,,,
2026-07-03T18:02:58.542260+00:00,2026-07-03T18:02:58.535716,2,1,108.75,0.5,108.5,150,108.4,100,,,,,,,,,,,,,,,,,109.0,127,,,,,,,,,,,,,,,,,,
2026-07-03T18:02:58.997123+00:00,2026-07-03T18:02:58.997093,2,1,108.75,0.5,108.5,150,108.4,100,,,,,,,,,,,,,,,,,109.0,85,,,,,,,,,,,,,,,,,,
2026-07-03T18:03:00.155231+00:00,2026-07-03T18:03:00.155398,1,1,108.75,0.5,108.5,150,,,,,,,,,,,,,,,,,,,109.0,85,,,,,,,,,,,,,,,,,,
2026-07-03T18:03:00.199677+00:00,2026-07-03T18:03:00.199616,2,0,,,109.0,15,108.5,150,,,,,,,,,,,,,,,,,,,,,,,,,,,,,,,,,,,,
2026-07-03T18:03:00.251955+00:00,2026-07-03T18:03:00.251897,2,1,109.25,0.5,109.0,15,108.5,150,,,,,,,,,,,,,,,,,109.5,100,,,,,,,,,,,,,,,,,,
2026-07-03T18:03:00.571101+00:00,2026-07-03T18:03:00.570958,1,1,109.0,1.0,108.5,150,,,,,,,,,,,,,,,,,,,109.5,100,,,,,,,,,,,,,,,,,,
2026-07-03T18:03:01.602545+00:00,2026-07-03T18:03:01.602421,0,1,,,,,,,,,,,,,,,,,,,,,,,109.5,100,,,,,,,,,,,,,,,,,,
2026-07-03T18:03:01.654227+00:00,2026-07-03T18:03:01.646766,1,1,109.25,0.5,109.0,139,,,,,,,,,,,,,,,,,,,109.5,100,,,,,,,,,,,,,,,,,,
2026-07-03T18:03:01.697658+00:00,2026-07-03T18:03:01.697845,1,1,109.25,0.5,109.0,139,,,,,,,,,,,,,,,,,,,109.5,250,,,,,,,,,,,,,,,,,,
2026-07-03T18:03:02.688266+00:00,2026-07-03T18:03:02.688218,1,1,109.25,0.5,109.0,89,,,,,,,,,,,,,,,,,,,109.5,250,,,,,,,,,,,,,,,,,,
2026-07-03T18:03:03.301396+00:00,2026-07-03T18:03:03.301055,1,1,109.25,0.5,109.0,89,,,,,,,,,,,,,,,,,,,109.5,150,,,,,,,,,,,,,,,,,,
2026-07-03T18:03:03.358577+00:00,2026-07-03T18:03:03.355812,2,1,109.25,0.5,109.0,89,108.6,100,,,,,,,,,,,,,,,,,109.5,150,,,,,,,,,,,,,,,,,,
2026-07-03T18:03:03.418390+00:00,2026-07-03T18:03:03.418051,2,2,109.05,0.1,109.0,89,108.6,100,,,,,,,,,,,,,,,,,109.1,100,109.5,150,,,,,,,,,,,,,,,,
2026-07-03T18:03:04.732159+00:00,2026-07-03T18:03:04.732388,2,2,109.05,0.1,109.0,89,108.6,100,,,,,,,,,,,,,,,,,109.1,50,109.5,150,,,,,,,,,,,,,,,,
2026-07-03T18:03:04.758774+00:00,2026-07-03T18:03:04.758468,1,1,108.85,0.5,108.6,100,,,,,,,,,,,,,,,,,,,109.1,50,,,,,,,,,,,,,,,,,,
2026-07-03T18:03:04.802393+00:00,2026-07-03T18:03:04.802325,2,1,109.05,0.1,109.0,150,108.6,100,,,,,,,,,,,,,,,,,109.1,50,,,,,,,,,,,,,,,,,,
2026-07-03T18:03:04.864023+00:00,2026-07-03T18:03:04.863762,2,2,109.05,0.1,109.0,150,108.6,100,,,,,,,,,,,,,,,,,109.1,50,109.5,150,,,,,,,,,,,,,,,,
2026-07-03T18:03:06.309127+00:00,2026-07-03T18:03:06.303703,2,2,109.05,0.1,109.0,150,108.6,100,,,,,,,,,,,,,,,,,109.1,39,109.5,150,,,,,,,,,,,,,,,,
2026-07-03T18:03:06.505469+00:00,2026-07-03T18:03:06.505329,1,1,109.25,0.5,109.0,150,,,,,,,,,,,,,,,,,,,109.5,150,,,,,,,,,,,,,,,,,,
2026-07-03T18:03:06.558771+00:00,2026-07-03T18:03:06.558691,1,1,109.25,0.5,109.0,250,,,,,,,,,,,,,,,,,,,109.5,150,,,,,,,,,,,,,,,,,,
2026-07-03T18:03:06.620162+00:00,2026-07-03T18:03:06.620105,1,1,109.25,0.5,109.0,250,,,,,,,,,,,,,,,,,,,109.5,250,,,,,,,,,,,,,,,,,,
2026-07-03T18:03:06.890367+00:00,2026-07-03T18:03:06.890528,1,1,109.25,0.5,109.0,200,,,,,,,,,,,,,,,,,,,109.5,250,,,,,,,,,,,,,,,,,,
2026-07-03T18:03:07.141841+00:00,2026-07-03T18:03:07.141310,1,1,109.25,0.5,109.0,200,,,,,,,,,,,,,,,,,,,109.5,204,,,,,,,,,,,,,,,,,,
2026-07-03T18:03:07.923640+00:00,2026-07-03T18:03:07.923605,1,1,109.25,0.5,109.0,100,,,,,,,,,,,,,,,,,,,109.5,100,,,,,,,,,,,,,,,,,,
2026-07-03T18:03:07.968893+00:00,2026-07-03T18:03:07.968816,2,1,109.3,0.4,109.1,150,109.0,100,,,,,,,,,,,,,,,,,109.5,100,,,,,,,,,,,,,,,,,,
2026-07-03T18:03:08.011940+00:00,2026-07-03T18:03:08.012271,2,2,109.3,0.4,109.1,150,109.0,100,,,,,,,,,,,,,,,,,109.5,100,109.6,150,,,,,,,,,,,,,,,,
2026-07-03T18:03:08.581479+00:00,2026-07-03T18:03:08.581659,2,2,109.3,0.4,109.1,107,109.0,100,,,,,,,,,,,,,,,,,109.5,100,109.6,150,,,,,,,,,,,,,,,,
2026-07-03T18:03:08.949630+00:00,2026-07-03T18:03:08.942747,2,2,109.3,0.4,109.1,96,109.0,100,,,,,,,,,,,,,,,,,109.5,100,109.6,150,,,,,,,,,,,,,,,,
2026-07-03T18:03:08.996867+00:00,2026-07-03T18:03:08.996815,2,2,109.3,0.4,109.1,46,109.0,100,,,,,,,,,,,,,,,,,109.5,100,109.6,150,,,,,,,,,,,,,,,,
2026-07-03T18:03:09.157052+00:00,2026-07-03T18:03:09.157376,2,2,109.3,0.4,109.1,46,109.0,100,,,,,,,,,,,,,,,,,109.5,54,109.6,150,,,,,,,,,,,,,,,,
2026-07-03T18:03:09.658617+00:00,2026-07-03T18:03:09.655634,1,1,109.35,0.5,109.1,46,,,,,,,,,,,,,,,,,,,109.6,150,,,,,,,,,,,,,,,,,,
2026-07-03T18:03:09.715824+00:00,2026-07-03T18:03:09.715723,2,1,109.35,0.5,109.1,46,108.8,100,,,,,,,,,,,,,,,,,109.6,150,,,,,,,,,,,,,,,,,,
2026-07-03T18:03:09.768781+00:00,2026-07-03T18:03:09.768886,2,2,109.2,0.2,109.1,46,108.8,100,,,,,,,,,,,,,,,,,109.3,100,109.6,150,,,,,,,,,,,,,,,,
2026-07-03T18:03:11.074688+00:00,2026-07-03T18:03:11.074612,1,1,109.05,0.5,108.8,100,,,,,,,,,,,,,,,,,,,109.3,100,,,,,,,,,,,,,,,,,,
2026-07-03T18:03:11.100665+00:00,2026-07-03T18:03:11.100321,1,1,109.05,0.5,108.8,50,,,,,,,,,,,,,,,,,,,109.3,100,,,,,,,,,,,,,,,,,,
2026-07-03T18:03:11.136840+00:00,2026-07-03T18:03:11.136958,2,1,109.05,0.5,108.8,50,108.4,150,,,,,,,,,,,,,,,,,109.3,100,,,,,,,,,,,,,,,,,,
2026-07-03T18:03:11.182327+00:00,2026-07-03T18:03:11.182194,2,2,108.85,0.1,108.8,50,108.4,150,,,,,,,,,,,,,,,,,108.9,150,109.3,100,,,,,,,,,,,,,,,,
2026-07-03T18:03:11.309824+00:00,2026-07-03T18:03:11.309347,2,2,108.85,0.1,108.8,50,108.4,150,,,,,,,,,,,,,,,,,108.9,103,109.3,100,,,,,,,,,,,,,,,,
2026-07-03T18:03:12.818906+00:00,2026-07-03T18:03:12.819032,2,1,108.85,0.1,108.8,50,108.4,150,,,,,,,,,,,,,,,,,108.9,103,,,,,,,,,,,,,,,,,,
2026-07-03T18:03:12.824273+00:00,2026-07-03T18:03:12.824188,1,1,108.65,0.5,108.4,150,,,,,,,,,,,,,,,,,,,108.9,103,,,,,,,,,,,,,,,,,,
2026-07-03T18:03:12.880077+00:00,2026-07-03T18:03:12.873905,2,1,108.75,0.3,108.6,100,108.4,150,,,,,,,,,,,,,,,,,108.9,89,,,,,,,,,,,,,,,,,,
2026-07-03T18:03:12.940714+00:00,2026-07-03T18:03:12.940679,2,2,108.75,0.3,108.6,100,108.4,150,,,,,,,,,,,,,,,,,108.9,89,109.1,100,,,,,,,,,,,,,,,,
2026-07-03T18:03:13.207100+00:00,2026-07-03T18:03:13.206965,2,2,108.75,0.3,108.6,50,108.4,150,,,,,,,,,,,,,,,,,108.9,89,109.1,100,,,,,,,,,,,,,,,,
2026-07-03T18:03:14.237221+00:00,2026-07-03T18:03:14.237183,1,1,108.85,0.5,108.6,50,,,,,,,,,,,,,,,,,,,109.1,100,,,,,,,,,,,,,,,,,,
2026-07-03T18:03:14.302691+00:00,2026-07-03T18:03:14.302608,2,1,108.85,0.5,108.6,50,108.4,150,,,,,,,,,,,,,,,,,109.1,100,,,,,,,,,,,,,,,,,,
2026-07-03T18:03:14.358773+00:00,2026-07-03T18:03:14.353143,2,2,108.75,0.3,108.6,50,108.4,150,,,,,,,,,,,,,,,,,108.9,150,109.1,100,,,,,,,,,,,,,,,,
2026-07-03T18:03:15.340561+00:00,2026-07-03T18:03:15.340473,1,2,108.65,0.5,108.4,150,,,,,,,,,,,,,,,,,,,108.9,150,109.1,100,,,,,,,,,,,,,,,,
2026-07-03T18:03:15.987163+00:00,2026-07-03T18:03:15.987400,1,1,108.65,0.5,108.4,150,,,,,,,,,,,,,,,,,,,108.9,150,,,,,,,,,,,,,,,,,,
2026-07-03T18:03:16.058525+00:00,2026-07-03T18:03:16.052797,1,1,108.65,0.5,108.4,250,,,,,,,,,,,,,,,,,,,108.9,150,,,,,,,,,,,,,,,,,,
2026-07-03T18:03:16.104704+00:00,2026-07-03T18:03:16.104605,1,1,108.65,0.5,108.4,250,,,,,,,,,,,,,,,,,,,108.9,250,,,,,,,,,,,,,,,,,,
2026-07-03T18:03:17.414553+00:00,2026-07-03T18:03:17.414453,1,1,108.65,0.5,108.4,100,,,,,,,,,,,,,,,,,,,108.9,100,,,,,,,,,,,,,,,,,,
2026-07-03T18:03:17.454364+00:00,2026-07-03T18:03:17.454543,2,1,108.75,0.3,108.6,150,108.4,50,,,,,,,,,,,,,,,,,108.9,100,,,,,,,,,,,,,,,,,,
2026-07-03T18:03:17.519757+00:00,2026-07-03T18:03:17.519895,2,2,108.75,0.3,108.6,150,108.4,50,,,,,,,,,,,,,,,,,108.9,100,109.1,150,,,,,,,,,,,,,,,,
2026-07-03T18:03:19.152631+00:00,2026-07-03T18:03:19.152478,1,1,108.85,0.5,108.6,150,,,,,,,,,,,,,,,,,,,109.1,150,,,,,,,,,,,,,,,,,,
2026-07-03T18:03:19.223429+00:00,2026-07-03T18:03:19.223322,2,1,108.85,0.5,108.6,150,108.2,100,,,,,,,,,,,,,,,,,109.1,150,,,,,,,,,,,,,,,,,,
2026-07-03T18:03:19.258630+00:00,2026-07-03T18:03:19.255562,2,2,108.65,0.1,108.6,150,108.2,100,,,,,,,,,,,,,,,,,108.7,100,109.1,150,,,,,,,,,,,,,,,,
2026-07-03T18:03:19.509647+00:00,2026-07-03T18:03:19.509779,2,2,108.65,0.1,108.6,150,108.2,100,,,,,,,,,,,,,,,,,108.7,50,109.1,150,,,,,,,,,,,,,,,,
2026-07-03T18:03:20.574283+00:00,2026-07-03T18:03:20.574195,1,1,108.45,0.5,108.2,100,,,,,,,,,,,,,,,,,,,108.7,50,,,,,,,,,,,,,,,,,,
2026-07-03T18:03:20.618854+00:00,2026-07-03T18:03:20.618806,2,1,108.65,0.1,108.6,150,108.2,100,,,,,,,,,,,,,,,,,108.7,50,,,,,,,,,,,,,,,,,,
2026-07-03T18:03:20.681715+00:00,2026-07-03T18:03:20.681587,2,2,108.65,0.1,108.6,150,108.2,100,,,,,,,,,,,,,,,,,108.7,50,109.1,150,,,,,,,,,,,,,,,,
2026-07-03T18:03:20.784421+00:00,2026-07-03T18:03:20.784360,2,2,108.65,0.1,108.6,109,108.2,100,,,,,,,,,,,,,,,,,108.7,50,109.1,150,,,,,,,,,,,,,,,,
2026-07-03T18:03:21.648687+00:00,2026-07-03T18:03:21.648455,2,1,108.85,0.5,108.6,109,108.2,100,,,,,,,,,,,,,,,,,109.1,150,,,,,,,,,,,,,,,,,,
2026-07-03T18:03:22.312863+00:00,2026-07-03T18:03:22.312801,1,1,108.85,0.5,108.6,109,,,,,,,,,,,,,,,,,,,109.1,150,,,,,,,,,,,,,,,,,,
2026-07-03T18:03:22.366807+00:00,2026-07-03T18:03:22.367030,2,1,108.85,0.5,108.6,109,108.2,100,,,,,,,,,,,,,,,,,109.1,150,,,,,,,,,,,,,,,,,,
2026-07-03T18:03:22.419118+00:00,2026-07-03T18:03:22.419079,2,2,108.65,0.1,108.6,109,108.2,100,,,,,,,,,,,,,,,,,108.7,100,109.1,150,,,,,,,,,,,,,,,,
2026-07-03T18:03:22.895035+00:00,2026-07-03T18:03:22.894930,2,2,108.65,0.1,108.6,68,108.2,100,,,,,,,,,,,,,,,,,108.7,100,109.1,150,,,,,,,,,,,,,,,,
2026-07-03T18:03:23.735172+00:00,2026-07-03T18:03:23.735123,1,1,108.45,0.5,108.2,100,,,,,,,,,,,,,,,,,,,108.7,100,,,,,,,,,,,,,,,,,,
2026-07-03T18:03:23.789811+00:00,2026-07-03T18:03:23.789749,2,1,108.45,0.5,108.2,100,108.1,150,,,,,,,,,,,,,,,,,108.7,100,,,,,,,,,,,,,,,,,,
2026-07-03T18:03:23.800029+00:00,2026-07-03T18:03:23.800183,2,1,108.45,0.5,108.2,50,108.1,150,,,,,,,,,,,,,,,,,108.7,100,,,,,,,,,,,,,,,,,,
2026-07-03T18:03:23.833312+00:00,2026-07-03T18:03:23.833262,2,2,108.4,0.4,108.2,50,108.1,150,,,,,,,,,,,,,,,,,108.6,150,108.7,100,,,,,,,,,,,,,,,,
2026-07-03T18:03:24.979454+00:00,2026-07-03T18:03:24.979412,2,2,108.4,0.4,108.2,50,108.1,150,,,,,,,,,,,,,,,,,108.6,101,108.7,100,,,,,,,,,,,,,,,,
2026-07-03T18:03:25.474070+00:00,2026-07-03T18:03:25.474043,1,1,108.35,0.5,108.1,150,,,,,,,,,,,,,,,,,,,108.6,101,,,,,,,,,,,,,,,,,,
2026-07-03T18:03:25.530866+00:00,2026-07-03T18:03:25.530769,1,1,108.35,0.5,108.1,250,,,,,,,,,,,,,,,,,,,108.6,101,,,,,,,,,,,,,,,,,,
2026-07-03T18:03:25.578122+00:00,2026-07-03T18:03:25.578011,1,1,108.35,0.5,108.1,250,,,,,,,,,,,,,,,,,,,108.6,201,,,,,,,,,,,,,,,,,,
2026-07-03T18:03:25.921786+00:00,2026-07-03T18:03:25.921714,1,1,108.35,0.5,108.1,200,,,,,,,,,,,,,,,,,,,108.6,201,,,,,,,,,,,,,,,,,,
2026-07-03T18:03:26.880630+00:00,2026-07-03T18:03:26.880507,1,1,108.35,0.5,108.1,200,,,,,,,,,,,,,,,,,,,108.6,100,,,,,,,,,,,,,,,,,,
2026-07-03T18:03:26.906375+00:00,2026-07-03T18:03:26.906246,1,1,108.35,0.5,108.1,100,,,,,,,,,,,,,,,,,,,108.6,100,,,,,,,,,,,,,,,,,,
2026-07-03T18:03:26.951298+00:00,2026-07-03T18:03:26.951236,2,1,108.35,0.5,108.1,100,107.9,150,,,,,,,,,,,,,,,,,108.6,100,,,,,,,,,,,,,,,,,,
2026-07-03T18:03:26.994034+00:00,2026-07-03T18:03:26.993907,2,2,108.25,0.3,108.1,100,107.9,150,,,,,,,,,,,,,,,,,108.4,150,108.6,100,,,,,,,,,,,,,,,,
2026-07-03T18:03:27.989241+00:00,2026-07-03T18:03:27.989162,2,2,108.25,0.3,108.1,100,107.9,150,,,,,,,,,,,,,,,,,108.4,100,108.6,100,,,,,,,,,,,,,,,,
2026-07-03T18:03:28.424829+00:00,2026-07-03T18:03:28.424967,2,2,108.25,0.3,108.1,100,107.9,150,,,,,,,,,,,,,,,,,108.4,56,108.6,100,,,,,,,,,,,,,,,,
2026-07-03T18:03:28.633769+00:00,2026-07-03T18:03:28.633683,1,1,108.15,0.5,107.9,150,,,,,,,,,,,,,,,,,,,108.4,56,,,,,,,,,,,,,,,,,,
2026-07-03T18:03:28.700387+00:00,2026-07-03T18:03:28.700500,1,1,108.15,0.5,107.9,250,,,,,,,,,,,,,,,,,,,108.4,56,,,,,,,,,,,,,,,,,,
2026-07-03T18:03:28.758581+00:00,2026-07-03T18:03:28.752718,1,1,108.15,0.5,107.9,250,,,,,,,,,,,,,,,,,,,108.4,156,,,,,,,,,,,,,,,,,,
2026-07-03T18:03:29.941241+00:00,2026-07-03T18:03:29.936140,1,1,108.15,0.5,107.9,250,,,,,,,,,,,,,,,,,,,108.4,153,,,,,,,,,,,,,,,,,,
2026-07-03T18:03:30.058622+00:00,2026-07-03T18:03:30.053871,1,1,108.15,0.5,107.9,100,,,,,,,,,,,,,,,,,,,108.4,100,,,,,,,,,,,,,,,,,,
2026-07-03T18:03:30.120036+00:00,2026-07-03T18:03:30.121222,2,0,,,108.7,144,107.9,100,,,,,,,,,,,,,,,,,,,,,,,,,,,,,,,,,,,,
2026-07-03T18:03:30.167616+00:00,2026-07-03T18:03:30.161638,2,1,108.95,0.5,108.7,141,107.9,100,,,,,,,,,,,,,,,,,109.2,150,,,,,,,,,,,,,,,,,,
2026-07-03T18:03:31.558565+00:00,2026-07-03T18:03:31.557767,2,1,108.95,0.5,108.7,92,107.9,100,,,,,,,,,,,,,,,,,109.2,150,,,,,,,,,,,,,,,,,,
2026-07-03T18:03:31.798371+00:00,2026-07-03T18:03:31.798250,1,1,108.95,0.5,108.7,92,,,,,,,,,,,,,,,,,,,109.2,150,,,,,,,,,,,,,,,,,,
2026-07-03T18:03:31.858620+00:00,2026-07-03T18:03:31.851767,1,1,108.95,0.5,108.7,192,,,,,,,,,,,,,,,,,,,109.2,150,,,,,,,,,,,,,,,,,,
2026-07-03T18:03:31.929632+00:00,2026-07-03T18:03:31.930113,1,1,108.95,0.5,108.7,192,,,,,,,,,,,,,,,,,,,109.2,250,,,,,,,,,,,,,,,,,,
2026-07-03T18:03:32.087846+00:00,2026-07-03T18:03:32.087714,1,1,108.95,0.5,108.7,145,,,,,,,,,,,,,,,,,,,109.2,250,,,,,,,,,,,,,,,,,,
2026-07-03T18:03:32.238639+00:00,2026-07-03T18:03:32.238277,1,1,108.95,0.5,108.7,145,,,,,,,,,,,,,,,,,,,109.2,200,,,,,,,,,,,,,,,,,,
2026-07-03T18:03:32.600797+00:00,2026-07-03T18:03:32.600718,1,1,108.95,0.5,108.7,104,,,,,,,,,,,,,,,,,,,109.2,200,,,,,,,,,,,,,,,,,,
2026-07-03T18:03:33.228498+00:00,2026-07-03T18:03:33.228635,1,1,108.95,0.5,108.7,100,,,,,,,,,,,,,,,,,,,109.2,100,,,,,,,,,,,,,,,,,,
2026-07-03T18:03:33.282667+00:00,2026-07-03T18:03:33.282602,2,1,108.95,0.5,108.7,100,108.2,150,,,,,,,,,,,,,,,,,109.2,100,,,,,,,,,,,,,,,,,,
2026-07-03T18:03:33.325438+00:00,2026-07-03T18:03:33.325326,1,2,108.45,0.5,108.2,150,,,,,,,,,,,,,,,,,,,108.7,50,109.2,100,,,,,,,,,,,,,,,,
2026-07-03T18:03:34.338276+00:00,2026-07-03T18:03:34.338400,1,1,108.7,1.0,108.2,150,,,,,,,,,,,,,,,,,,,109.2,100,,,,,,,,,,,,,,,,,,
2026-07-03T18:03:34.965660+00:00,2026-07-03T18:03:34.965381,1,0,,,108.2,150,,,,,,,,,,,,,,,,,,,,,,,,,,,,,,,,,,,,,,
2026-07-03T18:03:35.027915+00:00,2026-07-03T18:03:35.027796,2,0,,,108.3,100,108.2,150,,,,,,,,,,,,,,,,,,,,,,,,,,,,,,,,,,,,
2026-07-03T18:03:35.080116+00:00,2026-07-03T18:03:35.080235,2,1,108.55,0.5,108.3,100,108.2,150,,,,,,,,,,,,,,,,,108.8,100,,,,,,,,,,,,,,,,,,
2026-07-03T18:03:36.386394+00:00,2026-07-03T18:03:36.386507,1,1,108.55,0.5,108.3,100,,,,,,,,,,,,,,,,,,,108.8,100,,,,,,,,,,,,,,,,,,
2026-07-03T18:03:36.431700+00:00,2026-07-03T18:03:36.431642,1,1,108.55,0.5,108.3,100,,,,,,,,,,,,,,,,,,,108.8,50,,,,,,,,,,,,,,,,,,
2026-07-03T18:03:36.437016+00:00,2026-07-03T18:03:36.436812,2,0,,,108.8,100,108.3,100,,,,,,,,,,,,,,,,,,,,,,,,,,,,,,,,,,,,
2026-07-03T18:03:36.492752+00:00,2026-07-03T18:03:36.493055,2,1,109.05,0.5,108.8,100,108.3,100,,,,,,,,,,,,,,,,,109.3,150,,,,,,,,,,,,,,,,,,
2026-07-03T18:03:36.513183+00:00,2026-07-03T18:03:36.507011,2,1,109.05,0.5,108.8,97,108.3,100,,,,,,,,,,,,,,,,,109.3,150,,,,,,,,,,,,,,,,,,
2026-07-03T18:03:38.129728+00:00,2026-07-03T18:03:38.129460,1,1,109.05,0.5,108.8,97,,,,,,,,,,,,,,,,,,,109.3,150,,,,,,,,,,,,,,,,,,
2026-07-03T18:03:38.197289+00:00,2026-07-03T18:03:38.197229,2,1,109.05,0.5,108.8,97,108.5,100,,,,,,,,,,,,,,,,,109.3,150,,,,,,,,,,,,,,,,,,
2026-07-03T18:03:38.239147+00:00,2026-07-03T18:03:38.238902,2,2,108.9,0.2,108.8,97,108.5,100,,,,,,,,,,,,,,,,,109.0,100,109.3,150,,,,,,,,,,,,,,,,
2026-07-03T18:03:38.390533+00:00,2026-07-03T18:03:38.390419,2,2,108.9,0.2,108.8,97,108.5,100,,,,,,,,,,,,,,,,,109.0,58,109.3,150,,,,,,,,,,,,,,,,
2026-07-03T18:03:38.544551+00:00,2026-07-03T18:03:38.544729,2,2,108.9,0.2,108.8,97,108.5,100,,,,,,,,,,,,,,,,,109.0,8,109.3,150,,,,,,,,,,,,,,,,
2026-07-03T18:03:39.543969+00:00,2026-07-03T18:03:39.543897,1,1,108.75,0.5,108.5,100,,,,,,,,,,,,,,,,,,,109.0,8,,,,,,,,,,,,,,,,,,
2026-07-03T18:03:39.599319+00:00,2026-07-03T18:03:39.599238,1,1,108.75,0.5,108.5,250,,,,,,,,,,,,,,,,,,,109.0,8,,,,,,,,,,,,,,,,,,
2026-07-03T18:03:39.651995+00:00,2026-07-03T18:03:39.651931,1,1,108.75,0.5,108.5,250,,,,,,,,,,,,,,,,,,,109.0,158,,,,,,,,,,,,,,,,,,
2026-07-03T18:03:40.635339+00:00,2026-07-03T18:03:40.634907,1,1,108.75,0.5,108.5,205,,,,,,,,,,,,,,,,,,,109.0,158,,,,,,,,,,,,,,,,,,
2026-07-03T18:03:41.311000+00:00,2026-07-03T18:03:41.310941,1,1,108.75,0.5,108.5,150,,,,,,,,,,,,,,,,,,,109.0,150,,,,,,,,,,,,,,,,,,
2026-07-03T18:03:41.349544+00:00,2026-07-03T18:03:41.349486,1,1,108.75,0.5,108.5,250,,,,,,,,,,,,,,,,,,,109.0,150,,,,,,,,,,,,,,,,,,
2026-07-03T18:03:41.399337+00:00,2026-07-03T18:03:41.399022,1,1,108.75,0.5,108.5,250,,,,,,,,,,,,,,,,,,,109.0,250,,,,,,,,,,,,,,,,,,
2026-07-03T18:03:41.766929+00:00,2026-07-03T18:03:41.766862,1,1,108.75,0.5,108.5,206,,,,,,,,,,,,,,,,,,,109.0,250,,,,,,,,,,,,,,,,,,
2026-07-03T18:03:42.737277+00:00,2026-07-03T18:03:42.737056,1,1,108.75,0.5,108.5,100,,,,,,,,,,,,,,,,,,,109.0,100,,,,,,,,,,,,,,,,,,
2026-07-03T18:03:42.774586+00:00,2026-07-03T18:03:42.774423,2,1,108.75,0.5,108.5,100,108.2,150,,,,,,,,,,,,,,,,,109.0,100,,,,,,,,,,,,,,,,,,
2026-07-03T18:03:42.821321+00:00,2026-07-03T18:03:42.821207,2,2,108.6,0.2,108.5,50,108.2,150,,,,,,,,,,,,,,,,,108.7,150,109.0,100,,,,,,,,,,,,,,,,
2026-07-03T18:03:44.451654+00:00,2026-07-03T18:03:44.451538,2,1,108.6,0.2,108.5,50,108.2,150,,,,,,,,,,,,,,,,,108.7,150,,,,,,,,,,,,,,,,,,
2026-07-03T18:03:44.456768+00:00,2026-07-03T18:03:44.456685,1,1,108.45,0.5,108.2,150,,,,,,,,,,,,,,,,,,,108.7,150,,,,,,,,,,,,,,,,,,
2026-07-03T18:03:44.504833+00:00,2026-07-03T18:03:44.504540,2,1,108.55,0.3,108.4,100,108.2,150,,,,,,,,,,,,,,,,,108.7,150,,,,,,,,,,,,,,,,,,
2026-07-03T18:03:44.548505+00:00,2026-07-03T18:03:44.558731,2,2,108.55,0.3,108.4,100,108.2,150,,,,,,,,,,,,,,,,,108.7,150,108.9,100,,,,,,,,,,,,,,,,
2026-07-03T18:03:45.694059+00:00,2026-07-03T18:03:45.687580,2,2,108.55,0.3,108.4,100,108.2,150,,,,,,,,,,,,,,,,,108.7,147,108.9,100,,,,,,,,,,,,,,,,
2026-07-03T18:03:45.877349+00:00,2026-07-03T18:03:45.877199,1,1,108.65,0.5,108.4,100,,,,,,,,,,,,,,,,,,,108.9,100,,,,,,,,,,,,,,,,,,
2026-07-03T18:03:45.928643+00:00,2026-07-03T18:03:45.928568,2,1,108.75,0.3,108.6,150,108.4,100,,,,,,,,,,,,,,,,,108.9,100,,,,,,,,,,,,,,,,,,
2026-07-03T18:03:45.976160+00:00,2026-07-03T18:03:45.976141,2,2,108.75,0.3,108.6,150,108.4,100,,,,,,,,,,,,,,,,,108.9,100,109.1,150,,,,,,,,,,,,,,,,
2026-07-03T18:03:46.126231+00:00,2026-07-03T18:03:46.126156,2,2,108.75,0.3,108.6,150,108.4,100,,,,,,,,,,,,,,,,,108.9,59,109.1,150,,,,,,,,,,,,,,,,
2026-07-03T18:03:46.971992+00:00,2026-07-03T18:03:46.971686,2,2,108.75,0.3,108.6,150,108.4,100,,,,,,,,,,,,,,,,,108.9,9,109.1,150,,,,,,,,,,,,,,,,
2026-07-03T18:03:47.615726+00:00,2026-07-03T18:03:47.615606,2,1,108.85,0.5,108.6,150,108.4,100,,,,,,,,,,,,,,,,,109.1,150,,,,,,,,,,,,,,,,,,
2026-07-03T18:03:47.620938+00:00,2026-07-03T18:03:47.620764,1,1,108.85,0.5,108.6,150,,,,,,,,,,,,,,,,,,,109.1,150,,,,,,,,,,,,,,,,,,
2026-07-03T18:03:47.689073+00:00,2026-07-03T18:03:47.678951,2,1,109.0,0.2,108.9,97,108.6,150,,,,,,,,,,,,,,,,,109.1,150,,,,,,,,,,,,,,,,,,
2026-07-03T18:03:47.721923+00:00,2026-07-03T18:03:47.721858,2,2,109.0,0.2,108.9,97,108.6,150,,,,,,,,,,,,,,,,,109.1,150,109.4,100,,,,,,,,,,,,,,,,
2026-07-03T18:03:49.029947+00:00,2026-07-03T18:03:49.029723,1,1,109.15,0.5,108.9,97,,,,,,,,,,,,,,,,,,,109.4,100,,,,,,,,,,,,,,,,,,
2026-07-03T18:03:49.089957+00:00,2026-07-03T18:03:49.089828,2,1,109.15,0.5,108.9,97,108.6,150,,,,,,,,,,,,,,,,,109.4,100,,,,,,,,,,,,,,,,,,
2026-07-03T18:03:49.135074+00:00,2026-07-03T18:03:49.134989,2,2,109.0,0.2,108.9,47,108.6,150,,,,,,,,,,,,,,,,,109.1,150,109.4,100,,,,,,,,,,,,,,,,
2026-07-03T18:03:50.781612+00:00,2026-07-03T18:03:50.781545,1,1,108.85,0.5,108.6,150,,,,,,,,,,,,,,,,,,,109.1,150,,,,,,,,,,,,,,,,,,
2026-07-03T18:03:50.836902+00:00,2026-07-03T18:03:50.836601,1,1,108.85,0.5,108.6,150,,,,,,,,,,,,,,,,,,,109.1,50,,,,,,,,,,,,,,,,,,
2026-07-03T18:03:50.892256+00:00,2026-07-03T18:03:50.891951,1,2,108.85,0.5,108.6,150,,,,,,,,,,,,,,,,,,,109.1,50,109.6,100,,,,,,,,,,,,,,,,
2026-07-03T18:03:51.192528+00:00,2026-07-03T18:03:51.192340,1,1,109.1,1.0,108.6,150,,,,,,,,,,,,,,,,,,,109.6,100,,,,,,,,,,,,,,,,,,
2026-07-03T18:03:52.200948+00:00,2026-07-03T18:03:52.200883,0,1,,,,,,,,,,,,,,,,,,,,,,,109.6,100,,,,,,,,,,,,,,,,,,
2026-07-03T18:03:52.276759+00:00,2026-07-03T18:03:52.270810,1,1,109.45,0.3,109.3,116,,,,,,,,,,,,,,,,,,,109.6,100,,,,,,,,,,,,,,,,,,
2026-07-03T18:03:52.297260+00:00,2026-07-03T18:03:52.297442,1,2,109.45,0.3,109.3,116,,,,,,,,,,,,,,,,,,,109.6,100,109.8,150,,,,,,,,,,,,,,,,
2026-07-03T18:03:53.351208+00:00,2026-07-03T18:03:53.350917,1,2,109.45,0.3,109.3,66,,,,,,,,,,,,,,,,,,,109.6,100,109.8,150,,,,,,,,,,,,,,,,
2026-07-03T18:03:53.951327+00:00,2026-07-03T18:03:53.950956,1,1,109.55,0.5,109.3,66,,,,,,,,,,,,,,,,,,,109.8,150,,,,,,,,,,,,,,,,,,
2026-07-03T18:03:54.013954+00:00,2026-07-03T18:03:54.014078,2,1,109.55,0.5,109.3,66,108.6,100,,,,,,,,,,,,,,,,,109.8,150,,,,,,,,,,,,,,,,,,
2026-07-03T18:03:54.068234+00:00,2026-07-03T18:03:54.061919,1,2,108.85,0.5,108.6,100,,,,,,,,,,,,,,,,,,,109.1,23,109.8,150,,,,,,,,,,,,,,,,
2026-07-03T18:03:54.369235+00:00,2026-07-03T18:03:54.362728,1,2,108.85,0.5,108.6,100,,,,,,,,,,,,,,,,,,,109.1,11,109.8,150,,,,,,,,,,,,,,,,
2026-07-03T18:03:55.358695+00:00,2026-07-03T18:03:55.354059,1,1,108.85,0.5,108.6,100,,,,,,,,,,,,,,,,,,,109.1,11,,,,,,,,,,,,,,,,,,
2026-07-03T18:03:55.406890+00:00,2026-07-03T18:03:55.406746,2,1,108.85,0.5,108.6,100,108.5,150,,,,,,,,,,,,,,,,,109.1,11,,,,,,,,,,,,,,,,,,
2026-07-03T18:03:55.475126+00:00,2026-07-03T18:03:55.474974,2,1,108.85,0.5,108.6,50,108.5,150,,,,,,,,,,,,,,,,,109.1,11,,,,,,,,,,,,,,,,,,
2026-07-03T18:03:55.485524+00:00,2026-07-03T18:03:55.485278,2,2,108.8,0.4,108.6,50,108.5,150,,,,,,,,,,,,,,,,,109.0,150,109.1,11,,,,,,,,,,,,,,,,
2026-07-03T18:03:56.199764+00:00,2026-07-03T18:03:56.192297,2,2,108.8,0.4,108.6,50,108.5,150,,,,,,,,,,,,,,,,,109.0,139,109.1,11,,,,,,,,,,,,,,,,
2026-07-03T18:03:56.532029+00:00,2026-07-03T18:03:56.532224,2,2,108.8,0.4,108.6,50,108.5,150,,,,,,,,,,,,,,,,,109.0,93,109.1,11,,,,,,,,,,,,,,,,
2026-07-03T18:03:57.115870+00:00,2026-07-03T18:03:57.115801,1,1,108.75,0.5,108.5,150,,,,,,,,,,,,,,,,,,,109.0,93,,,,,,,,,,,,,,,,,,
2026-07-03T18:03:57.169775+00:00,2026-07-03T18:03:57.169709,2,1,108.9,0.2,108.8,100,108.5,150,,,,,,,,,,,,,,,,,109.0,44,,,,,,,,,,,,,,,,,,
2026-07-03T18:03:57.225086+00:00,2026-07-03T18:03:57.225279,2,2,108.9,0.2,108.8,100,108.5,150,,,,,,,,,,,,,,,,,109.0,44,109.3,100,,,,,,,,,,,,,,,,
2026-07-03T18:03:57.511662+00:00,2026-07-03T18:03:57.505731,2,2,108.9,0.2,108.8,100,108.5,150,,,,,,,,,,,,,,,,,109.0,41,109.3,100,,,,,,,,,,,,,,,,
2026-07-03T18:03:57.572716+00:00,2026-07-03T18:03:57.572638,2,2,108.9,0.2,108.8,50,108.5,150,,,,,,,,,,,,,,,,,109.0,41,109.3,100,,,,,,,,,,,,,,,,
2026-07-03T18:03:58.519475+00:00,2026-07-03T18:03:58.519399,1,1,109.05,0.5,108.8,50,,,,,,,,,,,,,,,,,,,109.3,100,,,,,,,,,,,,,,,,,,
2026-07-03T18:03:58.605802+00:00,2026-07-03T18:03:58.605705,2,0,,,109.3,50,108.8,50,,,,,,,,,,,,,,,,,,,,,,,,,,,,,,,,,,,,
2026-07-03T18:03:58.650181+00:00,2026-07-03T18:03:58.643829,2,1,109.55,0.5,109.3,47,108.8,50,,,,,,,,,,,,,,,,,109.8,150,,,,,,,,,,,,,,,,,,
2026-07-03T18:03:59.680319+00:00,2026-07-03T18:03:59.680241,1,1,109.3,1.0,108.8,50,,,,,,,,,,,,,,,,,,,109.8,150,,,,,,,,,,,,,,,,,,
2026-07-03T18:04:00.077903+00:00,2026-07-03T18:04:00.077770,1,1,109.3,1.0,108.8,5,,,,,,,,,,,,,,,,,,,109.8,150,,,,,,,,,,,,,,,,,,
2026-07-03T18:04:00.273264+00:00,2026-07-03T18:04:00.273173,0,1,,,,,,,,,,,,,,,,,,,,,,,109.8,150,,,,,,,,,,,,,,,,,,
2026-07-03T18:04:00.324064+00:00,2026-07-03T18:04:00.323955,1,1,109.4,0.8,109.0,100,,,,,,,,,,,,,,,,,,,109.8,150,,,,,,,,,,,,,,,,,,
2026-07-03T18:04:00.396707+00:00,2026-07-03T18:04:00.397173,1,2,109.25,0.5,109.0,100,,,,,,,,,,,,,,,,,,,109.5,100,109.8,150,,,,,,,,,,,,,,,,
2026-07-03T18:04:01.696151+00:00,2026-07-03T18:04:01.696109,1,1,109.25,0.5,109.0,100,,,,,,,,,,,,,,,,,,,109.5,100,,,,,,,,,,,,,,,,,,
2026-07-03T18:04:01.745146+00:00,2026-07-03T18:04:01.744956,2,1,109.25,0.5,109.0,100,108.7,150,,,,,,,,,,,,,,,,,109.5,100,,,,,,,,,,,,,,,,,,
2026-07-03T18:04:01.781088+00:00,2026-07-03T18:04:01.780862,2,1,109.25,0.5,109.0,50,108.7,150,,,,,,,,,,,,,,,,,109.5,100,,,,,,,,,,,,,,,,,,
2026-07-03T18:04:01.804140+00:00,2026-07-03T18:04:01.803990,2,2,109.1,0.2,109.0,50,108.7,150,,,,,,,,,,,,,,,,,109.2,150,109.5,100,,,,,,,,,,,,,,,,
2026-07-03T18:04:02.204715+00:00,2026-07-03T18:04:02.204461,2,2,109.1,0.2,109.0,50,108.7,150,,,,,,,,,,,,,,,,,109.2,109,109.5,100,,,,,,,,,,,,,,,,
2026-07-03T18:04:03.438062+00:00,2026-07-03T18:04:03.437944,1,1,108.95,0.5,108.7,150,,,,,,,,,,,,,,,,,,,109.2,109,,,,,,,,,,,,,,,,,,
2026-07-03T18:04:03.506161+00:00,2026-07-03T18:04:03.506063,1,1,108.95,0.5,108.7,250,,,,,,,,,,,,,,,,,,,109.2,109,,,,,,,,,,,,,,,,,,
2026-07-03T18:04:03.550471+00:00,2026-07-03T18:04:03.550191,1,1,108.95,0.5,108.7,250,,,,,,,,,,,,,,,,,,,109.2,209,,,,,,,,,,,,,,,,,,
2026-07-03T18:04:03.899537+00:00,2026-07-03T18:04:03.899500,1,1,108.95,0.5,108.7,200,,,,,,,,,,,,,,,,,,,109.2,209,,,,,,,,,,,,,,,,,,
2026-07-03T18:04:04.693060+00:00,2026-07-03T18:04:04.692939,1,1,108.95,0.5,108.7,154,,,,,,,,,,,,,,,,,,,109.2,209,,,,,,,,,,,,,,,,,,
2026-07-03T18:04:04.858784+00:00,2026-07-03T18:04:04.858966,1,1,108.95,0.5,108.7,100,,,,,,,,,,,,,,,,,,,109.2,100,,,,,,,,,,,,,,,,,,
2026-07-03T18:04:04.911522+00:00,2026-07-03T18:04:04.911748,2,1,108.95,0.5,108.7,100,108.3,150,,,,,,,,,,,,,,,,,109.2,100,,,,,,,,,,,,,,,,,,
2026-07-03T18:04:04.971551+00:00,2026-07-03T18:04:04.964278,2,2,108.75,0.1,108.7,100,108.3,150,,,,,,,,,,,,,,,,,108.8,147,109.2,100,,,,,,,,,,,,,,,,
2026-07-03T18:04:06.002175+00:00,2026-07-03T18:04:06.002115,2,2,108.75,0.1,108.7,50,108.3,150,,,,,,,,,,,,,,,,,108.8,147,109.2,100,,,,,,,,,,,,,,,,
2026-07-03T18:04:06.603977+00:00,2026-07-03T18:04:06.603562,1,1,108.55,0.5,108.3,150,,,,,,,,,,,,,,,,,,,108.8,147,,,,,,,,,,,,,,,,,,
2026-07-03T18:04:06.658626+00:00,2026-07-03T18:04:06.654578,2,1,108.7,0.2,108.6,100,108.3,150,,,,,,,,,,,,,,,,,108.8,147,,,,,,,,,,,,,,,,,,
2026-07-03T18:04:06.709905+00:00,2026-07-03T18:04:06.710100,2,2,108.7,0.2,108.6,100,108.3,150,,,,,,,,,,,,,,,,,108.8,147,109.1,100,,,,,,,,,,,,,,,,
2026-07-03T18:04:08.018818+00:00,2026-07-03T18:04:08.018663,1,1,108.85,0.5,108.6,100,,,,,,,,,,,,,,,,,,,109.1,100,,,,,,,,,,,,,,,,,,
2026-07-03T18:04:08.075236+00:00,2026-07-03T18:04:08.074750,2,1,108.85,0.5,108.6,100,108.4,150,,,,,,,,,,,,,,,,,109.1,100,,,,,,,,,,,,,,,,,,
2026-07-03T18:04:08.103831+00:00,2026-07-03T18:04:08.103642,2,1,108.85,0.5,108.6,50,108.4,150,,,,,,,,,,,,,,,,,109.1,100,,,,,,,,,,,,,,,,,,
2026-07-03T18:04:08.127243+00:00,2026-07-03T18:04:08.127205,2,2,108.75,0.3,108.6,50,108.4,150,,,,,,,,,,,,,,,,,108.9,150,109.1,100,,,,,,,,,,,,,,,,
2026-07-03T18:04:09.777231+00:00,2026-07-03T18:04:09.777171,1,1,108.65,0.5,108.4,150,,,,,,,,,,,,,,,,,,,108.9,150,,,,,,,,,,,,,,,,,,
2026-07-03T18:04:09.820567+00:00,2026-07-03T18:04:09.820404,2,1,108.65,0.5,108.4,150,108.2,100,,,,,,,,,,,,,,,,,108.9,150,,,,,,,,,,,,,,,,,,
2026-07-03T18:04:09.872942+00:00,2026-07-03T18:04:09.872688,2,2,108.55,0.3,108.4,150,108.2,100,,,,,,,,,,,,,,,,,108.7,100,108.9,150,,,,,,,,,,,,,,,,
2026-07-03T18:04:10.651728+00:00,2026-07-03T18:04:10.645495,2,2,108.55,0.3,108.4,150,108.2,100,,,,,,,,,,,,,,,,,108.7,86,108.9,150,,,,,,,,,,,,,,,,
2026-07-03T18:04:11.180844+00:00,2026-07-03T18:04:11.180724,1,1,108.45,0.5,108.2,100,,,,,,,,,,,,,,,,,,,108.7,86,,,,,,,,,,,,,,,,,,
2026-07-03T18:04:11.237921+00:00,2026-07-03T18:04:11.238075,2,1,108.6,0.2,108.5,150,108.2,100,,,,,,,,,,,,,,,,,108.7,86,,,,,,,,,,,,,,,,,,
2026-07-03T18:04:11.326624+00:00,2026-07-03T18:04:11.326886,2,2,108.6,0.2,108.5,150,108.2,100,,,,,,,,,,,,,,,,,108.7,86,109.0,150,,,,,,,,,,,,,,,,
2026-07-03T18:04:12.395039+00:00,2026-07-03T18:04:12.394858,2,2,108.6,0.2,108.5,150,108.2,100,,,,,,,,,,,,,,,,,108.7,37,109.0,150,,,,,,,,,,,,,,,,
2026-07-03T18:04:12.942136+00:00,2026-07-03T18:04:12.942019,1,1,108.75,0.5,108.5,150,,,,,,,,,,,,,,,,,,,109.0,150,,,,,,,,,,,,,,,,,,
2026-07-03T18:04:12.995290+00:00,2026-07-03T18:04:12.995207,2,1,108.8,0.4,108.6,100,108.5,150,,,,,,,,,,,,,,,,,109.0,150,,,,,,,,,,,,,,,,,,
2026-07-03T18:04:13.010956+00:00,2026-07-03T18:04:13.010879,2,1,108.8,0.4,108.6,100,108.5,150,,,,,,,,,,,,,,,,,109.0,104,,,,,,,,,,,,,,,,,,
2026-07-03T18:04:13.051977+00:00,2026-07-03T18:04:13.052196,2,2,108.8,0.4,108.6,100,108.5,150,,,,,,,,,,,,,,,,,109.0,104,109.1,100,,,,,,,,,,,,,,,,
2026-07-03T18:04:14.349387+00:00,2026-07-03T18:04:14.349600,1,1,108.85,0.5,108.6,100,,,,,,,,,,,,,,,,,,,109.1,100,,,,,,,,,,,,,,,,,,
2026-07-03T18:04:14.403042+00:00,2026-07-03T18:04:14.403255,2,1,108.85,0.5,108.6,100,108.5,150,,,,,,,,,,,,,,,,,109.1,100,,,,,,,,,,,,,,,,,,
2026-07-03T18:04:14.424160+00:00,2026-07-03T18:04:14.424132,2,1,108.85,0.5,108.6,50,108.5,150,,,,,,,,,,,,,,,,,109.1,100,,,,,,,,,,,,,,,,,,
2026-07-03T18:04:14.451006+00:00,2026-07-03T18:04:14.450878,2,2,108.8,0.4,108.6,50,108.5,150,,,,,,,,,,,,,,,,,109.0,150,109.1,100,,,,,,,,,,,,,,,,
2026-07-03T18:04:15.700928+00:00,2026-07-03T18:04:15.700855,2,2,108.8,0.4,108.6,1,108.5,150,,,,,,,,,,,,,,,,,109.0,150,109.1,100,,,,,,,,,,,,,,,,
2026-07-03T18:04:16.109502+00:00,2026-07-03T18:04:16.109343,1,1,108.75,0.5,108.5,150,,,,,,,,,,,,,,,,,,,109.0,150,,,,,,,,,,,,,,,,,,
2026-07-03T18:04:16.147047+00:00,2026-07-03T18:04:16.146878,2,1,108.75,0.5,108.5,150,108.1,100,,,,,,,,,,,,,,,,,109.0,150,,,,,,,,,,,,,,,,,,
2026-07-03T18:04:16.210141+00:00,2026-07-03T18:04:16.210356,2,2,108.55,0.1,108.5,150,108.1,100,,,,,,,,,,,,,,,,,108.6,100,109.0,150,,,,,,,,,,,,,,,,
2026-07-03T18:04:16.533736+00:00,2026-07-03T18:04:16.533591,2,2,108.55,0.1,108.5,100,108.1,100,,,,,,,,,,,,,,,,,108.6,100,109.0,150,,,,,,,,,,,,,,,,
2026-07-03T18:04:17.522797+00:00,2026-07-03T18:04:17.522734,1,1,108.35,0.5,108.1,100,,,,,,,,,,,,,,,,,,,108.6,100,,,,,,,,,,,,,,,,,,
2026-07-03T18:04:17.577215+00:00,2026-07-03T18:04:17.577350,2,1,108.5,0.2,108.4,150,108.1,100,,,,,,,,,,,,,,,,,108.6,100,,,,,,,,,,,,,,,,,,
