recv_time,book_timestamp,n_bids,n_asks,mid,spread,bid_px_0,bid_vol_0,bid_px_1,bid_vol_1,bid_px_2,bid_vol_2,bid_px_3,bid_vol_3,bid_px_4,bid_vol_4,bid_px_5,bid_vol_5,bid_px_6,bid_vol_6,bid_px_7,bid_vol_7,bid_px_8,bid_vol_8,bid_px_9,bid_vol_9,ask_px_0,ask_vol_0,ask_px_1,ask_vol_1,ask_px_2,ask_vol_2,ask_px_3,ask_vol_3,ask_px_4,ask_vol_4,ask_px_5,ask_vol_5,ask_px_6,ask_vol_6,ask_px_7,ask_vol_7,ask_px_8,ask_vol_8,ask_px_9,ask_vol_9
2026-06-28T22:00:00.230216+00:00,2026-06-29T08:00:00.223216,2,2,100.35,0.3,100.2,100,100.0,100,,,,,,,,,,,,,,,,,100.5,100,100.7,154,,,,,,,,,,,,,,,,
2026-06-28T22:00:00.362216+00:00,2026-06-29T08:00:00.359216,2,2,100.35,0.3,100.2,100,100.0,100,,,,,,,,,,,,,,,,,100.5,56,100.7,154,,,,,,,,,,,,,,,,
2026-06-28T22:00:01.451207+00:00,2026-06-29T08:00:01.446207,1,2,100.25,0.5,100.0,100,,,,,,,,,,,,,,,,,,,100.5,56,100.7,4,,,,,,,,,,,,,,,,
2026-06-28T22:00:01.506207+00:00,2026-06-29T08:00:01.501208,2,2,100.25,0.5,100.0,100,99.8,150,,,,,,,,,,,,,,,,,100.5,56,100.7,4,,,,,,,,,,,,,,,,
2026-06-28T22:00:01.561208+00:00,2026-06-29T08:00:01.553208,2,3,100.15,0.3,100.0,100,99.8,150,,,,,,,,,,,,,,,,,100.3,150,100.5,56,100.7,4,,,,,,,,,,,,,,
2026-06-28T22:00:01.803207+00:00,2026-06-29T08:00:01.797207,1,2,100.05,0.5,99.8,150,,,,,,,,,,,,,,,,,,,100.3,150,100.7,4,,,,,,,,,,,,,,,,
2026-06-28T22:00:01.858206+00:00,2026-06-29T08:00:01.850207,2,2,100.25,0.1,100.2,100,99.8,150,,,,,,,,,,,,,,,,,100.3,150,100.7,4,,,,,,,,,,,,,,,,
2026-06-28T22:00:01.913207+00:00,2026-06-29T08:00:01.903207,2,2,100.25,0.1,100.2,100,99.8,150,,,,,,,,,,,,,,,,,100.3,150,100.7,104,,,,,,,,,,,,,,,,
2026-06-28T22:00:02.056207+00:00,2026-06-29T08:00:02.054206,2,2,100.25,0.1,100.2,100,99.8,150,,,,,,,,,,,,,,,,,100.3,102,100.7,104,,,,,,,,,,,,,,,,
2026-06-28T22:00:02.122208+00:00,2026-06-29T08:00:02.112207,2,2,100.25,0.1,100.2,56,99.8,150,,,,,,,,,,,,,,,,,100.3,102,100.7,104,,,,,,,,,,,,,,,,
2026-06-28T22:00:02.342215+00:00,2026-06-29T08:00:02.333215,2,2,100.25,0.1,100.2,6,99.8,150,,,,,,,,,,,,,,,,,100.3,102,100.7,104,,,,,,,,,,,,,,,,
2026-06-28T22:00:04.452856+00:00,2026-06-29T08:00:04.445857,1,2,100.05,0.5,99.8,106,,,,,,,,,,,,,,,,,,,100.3,102,100.7,100,,,,,,,,,,,,,,,,
2026-06-28T22:00:04.540856+00:00,2026-06-29T08:00:04.535855,1,3,100.05,0.5,99.8,106,,,,,,,,,,,,,,,,,,,100.3,102,100.5,6,100.7,100,,,,,,,,,,,,,,
2026-06-28T22:00:04.617856+00:00,2026-06-29T08:00:04.610855,0,2,,,,,,,,,,,,,,,,,,,,,,,100.5,6,100.7,100,,,,,,,,,,,,,,,,
2026-06-28T22:00:04.672855+00:00,2026-06-29T08:00:04.662855,1,2,100.2,0.6,99.9,150,,,,,,,,,,,,,,,,,,,100.5,6,100.7,100,,,,,,,,,,,,,,,,
2026-06-28T22:00:04.716855+00:00,2026-06-29T08:00:04.715855,1,3,100.15,0.5,99.9,150,,,,,,,,,,,,,,,,,,,100.4,150,100.5,6,100.7,100,,,,,,,,,,,,,,
2026-06-28T22:00:04.760855+00:00,2026-06-29T08:00:04.755855,1,3,100.15,0.5,99.9,102,,,,,,,,,,,,,,,,,,,100.4,150,100.5,6,100.7,100,,,,,,,,,,,,,,
2026-06-28T22:00:04.958855+00:00,2026-06-29T08:00:04.957855,1,2,100.15,0.5,99.9,102,,,,,,,,,,,,,,,,,,,100.4,150,100.5,6,,,,,,,,,,,,,,,,
2026-06-28T22:00:05.013855+00:00,2026-06-29T08:00:05.010855,1,2,100.15,0.5,99.9,202,,,,,,,,,,,,,,,,,,,100.4,150,100.5,6,,,,,,,,,,,,,,,,
2026-06-28T22:00:05.068864+00:00,2026-06-29T08:00:05.062864,1,2,100.15,0.5,99.9,202,,,,,,,,,,,,,,,,,,,100.4,250,100.5,6,,,,,,,,,,,,,,,,
2026-06-28T22:00:05.310864+00:00,2026-06-29T08:00:05.307856,1,2,100.15,0.5,99.9,202,,,,,,,,,,,,,,,,,,,100.4,204,100.5,6,,,,,,,,,,,,,,,,
2026-06-28T22:00:06.552476+00:00,2026-06-29T08:00:06.550476,1,2,100.15,0.5,99.9,152,,,,,,,,,,,,,,,,,,,100.4,204,100.5,6,,,,,,,,,,,,,,,,
2026-06-28T22:00:07.772485+00:00,2026-06-29T08:00:07.770484,1,2,100.15,0.5,99.9,100,,,,,,,,,,,,,,,,,,,100.4,100,100.5,6,,,,,,,,,,,,,,,,
2026-06-28T22:00:07.826768+00:00,2026-06-29T08:00:07.823056,2,2,100.15,0.5,99.9,100,99.7,150,,,,,,,,,,,,,,,,,100.4,100,100.5,6,,,,,,,,,,,,,,,,
2026-06-28T22:00:07.881714+00:00,2026-06-29T08:00:07.874714,2,3,100.05,0.3,99.9,100,99.7,150,,,,,,,,,,,,,,,,,100.2,150,100.4,100,100.5,6,,,,,,,,,,,,,,
2026-06-28T22:00:07.914714+00:00,2026-06-29T08:00:07.909714,2,3,100.05,0.3,99.9,100,99.7,150,,,,,,,,,,,,,,,,,100.2,125,100.4,100,100.5,6,,,,,,,,,,,,,,
2026-06-28T22:00:08.079714+00:00,2026-06-29T08:00:08.076714,2,3,100.05,0.3,99.9,56,99.7,150,,,,,,,,,,,,,,,,,100.2,125,100.4,100,100.5,6,,,,,,,,,,,,,,
2026-06-28T22:00:08.123714+00:00,2026-06-29T08:00:08.122714,1,2,99.95,0.5,99.7,150,,,,,,,,,,,,,,,,,,,100.2,100,100.5,6,,,,,,,,,,,,,,,,
2026-06-28T22:00:08.178706+00:00,2026-06-29T08:00:08.170706,2,2,100.05,0.3,99.9,100,99.7,150,,,,,,,,,,,,,,,,,100.2,100,100.5,6,,,,,,,,,,,,,,,,
2026-06-28T22:00:08.233705+00:00,2026-06-29T08:00:08.223706,2,3,100.05,0.3,99.9,100,99.7,150,,,,,,,,,,,,,,,,,100.2,100,100.4,100,100.5,6,,,,,,,,,,,,,,
2026-06-28T22:00:08.343714+00:00,2026-06-29T08:00:08.335714,2,3,100.05,0.3,99.9,100,99.7,150,,,,,,,,,,,,,,,,,100.2,75,100.4,100,100.5,6,,,,,,,,,,,,,,
2026-06-28T22:00:08.552223+00:00,2026-06-29T08:00:08.546224,2,3,100.05,0.3,99.9,100,99.7,150,,,,,,,,,,,,,,,,,100.2,50,100.4,100,100.5,6,,,,,,,,,,,,,,
2026-06-28T22:00:08.662224+00:00,2026-06-29T08:00:08.656224,2,3,100.05,0.3,99.9,50,99.7,150,,,,,,,,,,,,,,,,,100.2,50,100.4,100,100.5,6,,,,,,,,,,,,,,
2026-06-28T22:00:08.761233+00:00,2026-06-29T08:00:08.756228,2,3,100.05,0.3,99.9,50,99.7,150,,,,,,,,,,,,,,,,,100.2,25,100.4,100,100.5,6,,,,,,,,,,,,,,
2026-06-28T22:00:08.970233+00:00,2026-06-29T08:00:08.964233,2,2,100.15,0.5,99.9,50,99.7,150,,,,,,,,,,,,,,,,,100.4,100,100.5,6,,,,,,,,,,,,,,,,
2026-06-28T22:00:10.598224+00:00,2026-06-29T08:00:10.597224,2,2,100.15,0.5,99.9,50,99.7,150,,,,,,,,,,,,,,,,,100.4,75,100.5,6,,,,,,,,,,,,,,,,
2026-06-28T22:00:10.774342+00:00,2026-06-29T08:00:10.764313,1,2,100.05,0.7,99.7,150,,,,,,,,,,,,,,,,,,,100.4,75,100.5,6,,,,,,,,,,,,,,,,
2026-06-28T22:00:10.818342+00:00,2026-06-29T08:00:10.808224,1,2,100.05,0.7,99.7,150,,,,,,,,,,,,,,,,,,,100.4,50,100.5,6,,,,,,,,,,,,,,,,
2026-06-28T22:00:10.939343+00:00,2026-06-29T08:00:10.928343,0,2,,,,,,,,,,,,,,,,,,,,,,,100.4,50,100.5,6,,,,,,,,,,,,,,,,
2026-06-28T22:00:10.994342+00:00,2026-06-29T08:00:10.983342,1,0,,,100.6,94,,,,,,,,,,,,,,,,,,,,,,,,,,,,,,,,,,,,,,
2026-06-28T22:00:11.038343+00:00,2026-06-29T08:00:11.035276,1,1,100.85,0.5,100.6,94,,,,,,,,,,,,,,,,,,,101.1,150,,,,,,,,,,,,,,,,,,
2026-06-28T22:00:11.202233+00:00,2026-06-29T08:00:11.196224,1,1,100.85,0.5,100.6,45,,,,,,,,,,,,,,,,,,,101.1,150,,,,,,,,,,,,,,,,,,
2026-06-28T22:00:11.334233+00:00,2026-06-29T08:00:11.328233,2,1,100.85,0.5,100.6,45,100.1,100,,,,,,,,,,,,,,,,,101.1,150,,,,,,,,,,,,,,,,,,
2026-06-28T22:00:11.389233+00:00,2026-06-29T08:00:11.382233,1,2,100.35,0.5,100.1,100,,,,,,,,,,,,,,,,,,,100.6,55,101.1,150,,,,,,,,,,,,,,,,
2026-06-28T22:00:12.412232+00:00,2026-06-29T08:00:12.410232,1,3,100.25,0.3,100.1,100,,,,,,,,,,,,,,,,,,,100.4,5,100.6,55,101.1,150,,,,,,,,,,,,,,
2026-06-28T22:00:12.872399+00:00,2026-06-29T08:00:12.871362,1,3,100.25,0.3,100.1,50,,,,,,,,,,,,,,,,,,,100.4,5,100.6,55,101.1,150,,,,,,,,,,,,,,
2026-06-28T22:00:13.609383+00:00,2026-06-29T08:00:13.606383,1,3,100.25,0.3,100.1,50,,,,,,,,,,,,,,,,,,,100.4,2,100.6,55,101.1,150,,,,,,,,,,,,,,
2026-06-28T22:00:14.092501+00:00,2026-06-29T08:00:14.087501,1,2,100.25,0.3,100.1,50,,,,,,,,,,,,,,,,,,,100.4,2,100.6,55,,,,,,,,,,,,,,,,
2026-06-28T22:00:14.147501+00:00,2026-06-29T08:00:14.141502,2,2,100.25,0.3,100.1,50,99.9,150,,,,,,,,,,,,,,,,,100.4,2,100.6,55,,,,,,,,,,,,,,,,
2026-06-28T22:00:14.213501+00:00,2026-06-29T08:00:14.209502,2,2,100.25,0.3,100.1,50,99.9,150,,,,,,,,,,,,,,,,,100.4,152,100.6,55,,,,,,,,,,,,,,,,
2026-06-28T22:00:14.312383+00:00,2026-06-29T08:00:14.310383,2,2,100.25,0.3,100.1,50,99.9,150,,,,,,,,,,,,,,,,,100.4,105,100.6,55,,,,,,,,,,,,,,,,
2026-06-28T22:00:14.444383+00:00,2026-06-29T08:00:14.436383,1,1,100.15,0.5,99.9,150,,,,,,,,,,,,,,,,,,,100.4,105,,,,,,,,,,,,,,,,,,
2026-06-28T22:00:14.499392+00:00,2026-06-29T08:00:14.488392,2,1,100.15,0.5,99.9,150,99.7,100,,,,,,,,,,,,,,,,,100.4,105,,,,,,,,,,,,,,,,,,
2026-06-28T22:00:14.543392+00:00,2026-06-29T08:00:14.541392,2,2,100.05,0.3,99.9,150,99.7,100,,,,,,,,,,,,,,,,,100.2,100,100.4,105,,,,,,,,,,,,,,,,
2026-06-28T22:00:14.620383+00:00,2026-06-29T08:00:14.619384,2,3,100.05,0.3,99.9,150,99.7,100,,,,,,,,,,,,,,,,,100.2,100,100.4,105,100.5,5,,,,,,,,,,,,,,
2026-06-28T22:00:14.631383+00:00,2026-06-29T08:00:14.624383,2,3,100.05,0.3,99.9,150,99.7,100,,,,,,,,,,,,,,,,,100.2,99,100.4,105,100.5,5,,,,,,,,,,,,,,
2026-06-28T22:00:14.697383+00:00,2026-06-29T08:00:14.692383,2,3,100.05,0.3,99.9,150,99.7,100,,,,,,,,,,,,,,,,,100.2,98,100.4,105,100.5,5,,,,,,,,,,,,,,
2026-06-28T22:00:14.983383+00:00,2026-06-29T08:00:14.977383,2,3,100.05,0.3,99.9,100,99.7,100,,,,,,,,,,,,,,,,,100.2,98,100.4,105,100.5,5,,,,,,,,,,,,,,
2026-06-28T22:00:15.302392+00:00,2026-06-29T08:00:15.301392,2,3,100.05,0.3,99.9,100,99.7,100,,,,,,,,,,,,,,,,,100.2,53,100.4,105,100.5,5,,,,,,,,,,,,,,
2026-06-28T22:00:15.423392+00:00,2026-06-29T08:00:15.419392,2,3,100.05,0.3,99.9,100,99.7,100,,,,,,,,,,,,,,,,,100.2,53,100.4,105,100.5,4,,,,,,,,,,,,,,
2026-06-28T22:00:15.643392+00:00,2026-06-29T08:00:15.633392,2,3,100.05,0.3,99.9,100,99.7,100,,,,,,,,,,,,,,,,,100.2,53,100.4,105,100.5,3,,,,,,,,,,,,,,
2026-06-28T22:00:16.346950+00:00,2026-06-29T08:00:16.343949,3,3,100.15,0.1,100.1,3,99.9,100,99.7,100,,,,,,,,,,,,,,,100.2,53,100.4,105,100.5,3,,,,,,,,,,,,,,
2026-06-28T22:00:16.720961+00:00,2026-06-29T08:00:16.712961,3,3,100.15,0.1,100.1,3,99.9,100,99.7,100,,,,,,,,,,,,,,,100.2,53,100.4,105,100.5,2,,,,,,,,,,,,,,
2026-06-28T22:00:16.830961+00:00,2026-06-29T08:00:16.823960,3,3,100.15,0.1,100.1,3,99.9,100,99.7,100,,,,,,,,,,,,,,,100.2,9,100.4,105,100.5,2,,,,,,,,,,,,,,
2026-06-28T22:00:16.841960+00:00,2026-06-29T08:00:16.831961,3,2,100.15,0.1,100.1,3,99.9,100,99.7,100,,,,,,,,,,,,,,,100.2,9,100.4,105,,,,,,,,,,,,,,,,
2026-06-28T22:00:17.094970+00:00,2026-06-29T08:00:17.086961,2,2,100.05,0.3,99.9,53,99.7,100,,,,,,,,,,,,,,,,,100.2,9,100.4,105,,,,,,,,,,,,,,,,
2026-06-28T22:00:17.281970+00:00,2026-06-29T08:00:17.275970,1,1,99.95,0.5,99.7,100,,,,,,,,,,,,,,,,,,,100.2,9,,,,,,,,,,,,,,,,,,
2026-06-28T22:00:17.336970+00:00,2026-06-29T08:00:17.331961,2,1,99.95,0.5,99.7,100,99.4,150,,,,,,,,,,,,,,,,,100.2,9,,,,,,,,,,,,,,,,,,
2026-06-28T22:00:17.391970+00:00,2026-06-29T08:00:17.386970,2,2,99.8,0.2,99.7,100,99.4,150,,,,,,,,,,,,,,,,,99.9,150,100.2,9,,,,,,,,,,,,,,,,
2026-06-28T22:00:17.600964+00:00,2026-06-29T08:00:17.597970,1,1,99.65,0.5,99.4,150,,,,,,,,,,,,,,,,,,,99.9,150,,,,,,,,,,,,,,,,,,
2026-06-28T22:00:17.655962+00:00,2026-06-29T08:00:17.652963,1,1,99.65,0.5,99.4,150,,,,,,,,,,,,,,,,,,,99.9,50,,,,,,,,,,,,,,,,,,
2026-06-28T22:00:17.710961+00:00,2026-06-29T08:00:17.706961,1,2,99.65,0.5,99.4,150,,,,,,,,,,,,,,,,,,,99.9,50,100.5,100,,,,,,,,,,,,,,,,
2026-06-28T22:00:17.842500+00:00,2026-06-29T08:00:17.831500,1,2,99.65,0.5,99.4,150,,,,,,,,,,,,,,,,,,,99.9,45,100.5,100,,,,,,,,,,,,,,,,
2026-06-28T22:00:19.195137+00:00,2026-06-29T08:00:19.193137,1,2,99.65,0.5,99.4,100,,,,,,,,,,,,,,,,,,,99.9,45,100.5,100,,,,,,,,,,,,,,,,
2026-06-28T22:00:19.381137+00:00,2026-06-29T08:00:19.374137,1,2,99.65,0.5,99.4,58,,,,,,,,,,,,,,,,,,,99.9,45,100.5,100,,,,,,,,,,,,,,,,
2026-06-28T22:00:20.381137+00:00,2026-06-29T08:00:20.372137,1,2,99.65,0.5,99.4,16,,,,,,,,,,,,,,,,,,,99.9,45,100.5,100,,,,,,,,,,,,,,,,
2026-06-28T22:00:20.447137+00:00,2026-06-29T08:00:20.440137,0,1,,,,,,,,,,,,,,,,,,,,,,,100.5,100,,,,,,,,,,,,,,,,,,
2026-06-28T22:00:20.502137+00:00,2026-06-29T08:00:20.492138,1,1,99.8,1.4,99.1,150,,,,,,,,,,,,,,,,,,,100.5,100,,,,,,,,,,,,,,,,,,
2026-06-28T22:00:20.546137+00:00,2026-06-29T08:00:20.545138,1,2,99.35,0.5,99.1,150,,,,,,,,,,,,,,,,,,,99.6,150,100.5,100,,,,,,,,,,,,,,,,
2026-06-28T22:00:20.766019+00:00,2026-06-29T08:00:20.762018,1,1,99.35,0.5,99.1,150,,,,,,,,,,,,,,,,,,,99.6,150,,,,,,,,,,,,,,,,,,
2026-06-28T22:00:20.821019+00:00,2026-06-29T08:00:20.815018,2,1,99.55,0.1,99.5,100,99.1,150,,,,,,,,,,,,,,,,,99.6,150,,,,,,,,,,,,,,,,,,
2026-06-28T22:00:20.898018+00:00,2026-06-29T08:00:20.888019,2,2,99.55,0.1,99.5,100,99.1,150,,,,,,,,,,,,,,,,,99.6,150,100.0,100,,,,,,,,,,,,,,,,
2026-06-28T22:00:21.304018+00:00,2026-06-29T08:00:21.299019,2,2,99.55,0.1,99.5,50,99.1,150,,,,,,,,,,,,,,,,,99.6,150,100.0,100,,,,,,,,,,,,,,,,
2026-06-28T22:00:21.843018+00:00,2026-06-29T08:00:21.835018,2,3,99.55,0.1,99.5,50,99.1,150,,,,,,,,,,,,,,,,,99.6,150,100.0,100,100.2,5,,,,,,,,,,,,,,
2026-06-28T22:00:22.832112+00:00,2026-06-29T08:00:22.825598,2,3,99.55,0.1,99.5,50,99.1,150,,,,,,,,,,,,,,,,,99.6,150,100.0,100,100.2,4,,,,,,,,,,,,,,
2026-06-28T22:00:23.139122+00:00,2026-06-29T08:00:23.137114,2,3,99.55,0.1,99.5,50,99.1,150,,,,,,,,,,,,,,,,,99.6,148,100.0,100,100.2,4,,,,,,,,,,,,,,
2026-06-28T22:00:23.359122+00:00,2026-06-29T08:00:23.354113,2,3,99.55,0.1,99.5,50,99.1,150,,,,,,,,,,,,,,,,,99.6,98,100.0,100,100.2,4,,,,,,,,,,,,,,
2026-06-28T22:00:23.601149+00:00,2026-06-29T08:00:23.597149,2,2,99.75,0.5,99.5,50,99.1,150,,,,,,,,,,,,,,,,,100.0,100,100.2,4,,,,,,,,,,,,,,,,
2026-06-28T22:00:23.612151+00:00,2026-06-29T08:00:23.602150,1,2,99.75,0.5,99.5,50,,,,,,,,,,,,,,,,,,,100.0,100,100.2,4,,,,,,,,,,,,,,,,
2026-06-28T22:00:23.656157+00:00,2026-06-29T08:00:23.651156,2,2,99.75,0.5,99.5,50,99.4,150,,,,,,,,,,,,,,,,,100.0,100,100.2,4,,,,,,,,,,,,,,,,
2026-06-28T22:00:23.711164+00:00,2026-06-29T08:00:23.707163,2,3,99.7,0.4,99.5,50,99.4,150,,,,,,,,,,,,,,,,,99.9,150,100.0,100,100.2,4,,,,,,,,,,,,,,
2026-06-28T22:00:23.942178+00:00,2026-06-29T08:00:23.938179,1,2,99.65,0.5,99.4,150,,,,,,,,,,,,,,,,,,,99.9,150,100.2,4,,,,,,,,,,,,,,,,
2026-06-28T22:00:23.997179+00:00,2026-06-29T08:00:23.992178,1,2,99.65,0.5,99.4,250,,,,,,,,,,,,,,,,,,,99.9,150,100.2,4,,,,,,,,,,,,,,,,
2026-06-28T22:00:24.052179+00:00,2026-06-29T08:00:24.045178,1,2,99.65,0.5,99.4,250,,,,,,,,,,,,,,,,,,,99.9,250,100.2,4,,,,,,,,,,,,,,,,
2026-06-28T22:00:24.646178+00:00,2026-06-29T08:00:24.639178,1,2,99.65,0.5,99.4,250,,,,,,,,,,,,,,,,,,,99.9,250,100.2,3,,,,,,,,,,,,,,,,
2026-06-28T22:00:25.471188+00:00,2026-06-29T08:00:25.465179,1,2,99.65,0.5,99.4,250,,,,,,,,,,,,,,,,,,,99.9,200,100.2,3,,,,,,,,,,,,,,,,
2026-06-28T22:00:26.086727+00:00,2026-06-29T08:00:26.082727,1,1,99.65,0.5,99.4,250,,,,,,,,,,,,,,,,,,,99.9,50,,,,,,,,,,,,,,,,,,
2026-06-28T22:00:26.757727+00:00,2026-06-29T08:00:26.756727,1,1,99.65,0.5,99.4,100,,,,,,,,,,,,,,,,,,,99.9,50,,,,,,,,,,,,,,,,,,
2026-06-28T22:00:26.812718+00:00,2026-06-29T08:00:26.811718,2,0,,,100.0,100,99.4,100,,,,,,,,,,,,,,,,,,,,,,,,,,,,,,,,,,,,
2026-06-28T22:00:26.834718+00:00,2026-06-29T08:00:26.829718,2,0,,,100.0,53,99.4,100,,,,,,,,,,,,,,,,,,,,,,,,,,,,,,,,,,,,
2026-06-28T22:00:26.867718+00:00,2026-06-29T08:00:26.863718,2,1,100.25,0.5,100.0,53,99.4,100,,,,,,,,,,,,,,,,,100.5,150,,,,,,,,,,,,,,,,,,
2026-06-28T22:00:26.933718+00:00,2026-06-29T08:00:26.931718,2,1,100.25,0.5,100.0,49,99.4,100,,,,,,,,,,,,,,,,,100.5,150,,,,,,,,,,,,,,,,,,
2026-06-28T22:00:26.944719+00:00,2026-06-29T08:00:26.935718,3,1,100.25,0.5,100.0,49,99.7,2,99.4,100,,,,,,,,,,,,,,,100.5,150,,,,,,,,,,,,,,,,,,
2026-06-28T22:00:26.977718+00:00,2026-06-29T08:00:26.972718,3,1,100.25,0.5,100.0,46,99.7,2,99.4,100,,,,,,,,,,,,,,,100.5,150,,,,,,,,,,,,,,,,,,
2026-06-28T22:00:27.010718+00:00,2026-06-29T08:00:27.000719,3,2,100.05,0.1,100.0,46,99.7,2,99.4,100,,,,,,,,,,,,,,,100.1,3,100.5,150,,,,,,,,,,,,,,,,
2026-06-28T22:00:27.109727+00:00,2026-06-29T08:00:27.098727,2,2,100.05,0.1,100.0,46,99.7,2,,,,,,,,,,,,,,,,,100.1,3,100.5,150,,,,,,,,,,,,,,,,
2026-06-28T22:00:27.164727+00:00,2026-06-29T08:00:27.154000,2,2,100.05,0.1,100.0,46,99.7,102,,,,,,,,,,,,,,,,,100.1,3,100.5,150,,,,,,,,,,,,,,,,
2026-06-28T22:00:27.208727+00:00,2026-06-29T08:00:27.206727,2,3,100.05,0.1,100.0,46,99.7,102,,,,,,,,,,,,,,,,,100.1,3,100.2,100,100.5,150,,,,,,,,,,,,,,
2026-06-28T22:00:27.582727+00:00,2026-06-29T08:00:27.573727,2,2,100.1,0.2,100.0,46,99.7,102,,,,,,,,,,,,,,,,,100.2,53,100.5,150,,,,,,,,,,,,,,,,
2026-06-28T22:00:28.022272+00:00,2026-06-29T08:00:28.012273,2,2,100.1,0.2,100.0,46,99.7,101,,,,,,,,,,,,,,,,,100.2,53,100.5,150,,,,,,,,,,,,,,,,
2026-06-28T22:00:28.165272+00:00,2026-06-29T08:00:28.157271,2,3,100.05,0.1,100.0,46,99.7,101,,,,,,,,,,,,,,,,,100.1,5,100.2,53,100.5,150,,,,,,,,,,,,,,
2026-06-28T22:00:29.507294+00:00,2026-06-29T08:00:29.496294,2,3,100.05,0.1,100.0,46,99.7,101,,,,,,,,,,,,,,,,,100.1,4,100.2,53,100.5,150,,,,,,,,,,,,,,
2026-06-28T22:00:29.683293+00:00,2026-06-29T08:00:29.681294,2,2,100.1,0.2,100.0,46,99.7,101,,,,,,,,,,,,,,,,,100.2,7,100.5,150,,,,,,,,,,,,,,,,
2026-06-28T22:00:29.925285+00:00,2026-06-29T08:00:29.918285,1,1,99.95,0.5,99.7,101,,,,,,,,,,,,,,,,,,,100.2,7,,,,,,,,,,,,,,,,,,
2026-06-28T22:00:29.980285+00:00,2026-06-29T08:00:29.970285,2,1,99.95,0.5,99.7,101,99.4,150,,,,,,,,,,,,,,,,,100.2,7,,,,,,,,,,,,,,,,,,
2026-06-28T22:00:30.035284+00:00,2026-06-29T08:00:30.032285,2,3,99.8,0.2,99.7,101,99.4,150,,,,,,,,,,,,,,,,,99.9,150,100.1,3,100.2,7,,,,,,,,,,,,,,
2026-06-28T22:00:30.266294+00:00,2026-06-29T08:00:30.261294,2,2,99.8,0.2,99.7,1,99.4,150,,,,,,,,,,,,,,,,,99.9,150,100.1,3,,,,,,,,,,,,,,,,
2026-06-28T22:00:30.277294+00:00,2026-06-29T08:00:30.269294,2,2,99.8,0.2,99.7,1,99.4,150,,,,,,,,,,,,,,,,,99.9,104,100.1,3,,,,,,,,,,,,,,,,
2026-06-28T22:00:30.321294+00:00,2026-06-29T08:00:30.313294,3,2,99.85,0.1,99.8,100,99.7,1,99.4,150,,,,,,,,,,,,,,,99.9,104,100.1,3,,,,,,,,,,,,,,,,
2026-06-28T22:00:30.376294+00:00,2026-06-29T08:00:30.366294,3,3,99.85,0.1,99.8,100,99.7,1,99.4,150,,,,,,,,,,,,,,,99.9,104,100.1,3,100.3,100,,,,,,,,,,,,,,
2026-06-28T22:00:31.795294+00:00,2026-06-29T08:00:31.787294,3,3,99.85,0.1,99.8,100,99.7,1,99.4,150,,,,,,,,,,,,,,,99.9,54,100.1,3,100.3,100,,,,,,,,,,,,,,
2026-06-28T22:00:31.905285+00:00,2026-06-29T08:00:31.901285,3,3,99.85,0.1,99.8,60,99.7,1,99.4,150,,,,,,,,,,,,,,,99.9,54,100.1,3,100.3,100,,,,,,,,,,,,,,
2026-06-28T22:00:32.213294+00:00,2026-06-29T08:00:32.207285,3,3,99.85,0.1,99.8,60,99.7,1,99.4,150,,,,,,,,,,,,,,,99.9,54,100.1,1,100.3,100,,,,,,,,,,,,,,
2026-06-28T22:00:33.081405+00:00,2026-06-29T08:00:33.079406,2,2,99.95,0.3,99.8,60,99.7,1,,,,,,,,,,,,,,,,,100.1,1,100.3,100,,,,,,,,,,,,,,,,
2026-06-28T22:00:33.136406+00:00,2026-06-29T08:00:33.134406,3,2,100.05,0.1,100.0,150,99.8,60,99.7,1,,,,,,,,,,,,,,,100.1,1,100.3,100,,,,,,,,,,,,,,,,
2026-06-28T22:00:33.191405+00:00,2026-06-29T08:00:33.187406,3,3,100.05,0.1,100.0,150,99.8,60,99.7,1,,,,,,,,,,,,,,,100.1,1,100.3,100,100.5,150,,,,,,,,,,,,,,
2026-06-28T22:00:33.422415+00:00,2026-06-29T08:00:33.420415,3,2,100.05,0.1,100.0,150,99.8,60,99.7,1,,,,,,,,,,,,,,,100.1,1,100.5,150,,,,,,,,,,,,,,,,
2026-06-28T22:00:33.433415+00:00,2026-06-29T08:00:33.422601,2,2,100.05,0.1,100.0,150,99.7,1,,,,,,,,,,,,,,,,,100.1,1,100.5,150,,,,,,,,,,,,,,,,
2026-06-28T22:00:33.477415+00:00,2026-06-29T08:00:33.473415,3,2,100.05,0.1,100.0,150,99.9,100,99.7,1,,,,,,,,,,,,,,,100.1,1,100.5,150,,,,,,,,,,,,,,,,
2026-06-28T22:00:33.532415+00:00,2026-06-29T08:00:33.526415,3,3,100.05,0.1,100.0,150,99.9,100,99.7,1,,,,,,,,,,,,,,,100.1,1,100.4,100,100.5,150,,,,,,,,,,,,,,
2026-06-28T22:00:33.906407+00:00,2026-06-29T08:00:33.895405,3,2,100.2,0.4,100.0,150,99.9,100,99.7,1,,,,,,,,,,,,,,,100.4,100,100.5,150,,,,,,,,,,,,,,,,
2026-06-28T22:00:33.950406+00:00,2026-06-29T08:00:33.943406,3,2,100.2,0.4,100.0,150,99.9,100,99.7,1,,,,,,,,,,,,,,,100.4,60,100.5,150,,,,,,,,,,,,,,,,
2026-06-28T22:00:34.478405+00:00,2026-06-29T08:00:34.467547,3,2,100.2,0.4,100.0,108,99.9,100,99.7,1,,,,,,,,,,,,,,,100.4,60,100.5,150,,,,,,,,,,,,,,,,
2026-06-28T22:00:36.040415+00:00,2026-06-29T08:00:36.039415,3,2,100.2,0.4,100.0,108,99.9,100,99.7,1,,,,,,,,,,,,,,,100.4,17,100.5,150,,,,,,,,,,,,,,,,
2026-06-28T22:00:36.083969+00:00,2026-06-29T08:00:36.077415,2,2,100.2,0.4,100.0,108,99.9,100,,,,,,,,,,,,,,,,,100.4,17,100.5,150,,,,,,,,,,,,,,,,
2026-06-28T22:00:36.248969+00:00,2026-06-29T08:00:36.242970,1,1,100.15,0.5,99.9,100,,,,,,,,,,,,,,,,,,,100.4,17,,,,,,,,,,,,,,,,,,
2026-06-28T22:00:36.303969+00:00,2026-06-29T08:00:36.297969,1,1,100.15,0.5,99.9,250,,,,,,,,,,,,,,,,,,,100.4,17,,,,,,,,,,,,,,,,,,
2026-06-28T22:00:36.358969+00:00,2026-06-29T08:00:36.349969,1,1,100.15,0.5,99.9,250,,,,,,,,,,,,,,,,,,,100.4,167,,,,,,,,,,,,,,,,,,
2026-06-28T22:00:36.589970+00:00,2026-06-29T08:00:36.581969,1,1,100.15,0.5,99.9,150,,,,,,,,,,,,,,,,,,,100.4,150,,,,,,,,,,,,,,,,,,
2026-06-28T22:00:36.644970+00:00,2026-06-29T08:00:36.640970,2,1,100.3,0.2,100.2,100,99.9,150,,,,,,,,,,,,,,,,,100.4,150,,,,,,,,,,,,,,,,,,
2026-06-28T22:00:36.699969+00:00,2026-06-29T08:00:36.688969,2,2,100.3,0.2,100.2,100,99.9,150,,,,,,,,,,,,,,,,,100.4,150,100.7,100,,,,,,,,,,,,,,,,
2026-06-28T22:00:37.634092+00:00,2026-06-29T08:00:37.623092,2,2,100.3,0.2,100.2,100,99.9,150,,,,,,,,,,,,,,,,,100.4,107,100.7,100,,,,,,,,,,,,,,,,
2026-06-28T22:00:38.161435+00:00,2026-06-29T08:00:38.153437,2,2,100.3,0.2,100.2,50,99.9,150,,,,,,,,,,,,,,,,,100.4,107,100.7,100,,,,,,,,,,,,,,,,
2026-06-28T22:00:39.414074+00:00,2026-06-29T08:00:39.404981,1,1,100.45,0.5,100.2,50,,,,,,,,,,,,,,,,,,,100.7,100,,,,,,,,,,,,,,,,,,
2026-06-28T22:00:39.469073+00:00,2026-06-29T08:00:39.458254,1,1,100.45,0.5,100.2,200,,,,,,,,,,,,,,,,,,,100.7,100,,,,,,,,,,,,,,,,,,
2026-06-28T22:00:39.513073+00:00,2026-06-29T08:00:39.510073,1,1,100.45,0.5,100.2,200,,,,,,,,,,,,,,,,,,,100.7,250,,,,,,,,,,,,,,,,,,
2026-06-28T22:00:39.743964+00:00,2026-06-29T08:00:39.743073,1,1,100.45,0.5,100.2,200,,,,,,,,,,,,,,,,,,,100.7,150,,,,,,,,,,,,,,,,,,
2026-06-28T22:00:39.755074+00:00,2026-06-29T08:00:39.746011,1,1,100.45,0.5,100.2,150,,,,,,,,,,,,,,,,,,,100.7,150,,,,,,,,,,,,,,,,,,
2026-06-28T22:00:39.799074+00:00,2026-06-29T08:00:39.798074,1,1,100.45,0.5,100.2,250,,,,,,,,,,,,,,,,,,,100.7,150,,,,,,,,,,,,,,,,,,
2026-06-28T22:00:39.854074+00:00,2026-06-29T08:00:39.850073,1,1,100.45,0.5,100.2,250,,,,,,,,,,,,,,,,,,,100.7,250,,,,,,,,,,,,,,,,,,
2026-06-28T22:00:40.271964+00:00,2026-06-29T08:00:40.267964,1,1,100.45,0.5,100.2,200,,,,,,,,,,,,,,,,,,,100.7,250,,,,,,,,,,,,,,,,,,
2026-06-28T22:00:40.304964+00:00,2026-06-29T08:00:40.295964,2,1,100.45,0.5,100.2,200,100.0,5,,,,,,,,,,,,,,,,,100.7,250,,,,,,,,,,,,,,,,,,
2026-06-28T22:00:40.898964+00:00,2026-06-29T08:00:40.894964,2,2,100.25,0.1,100.2,200,100.0,5,,,,,,,,,,,,,,,,,100.3,1,100.7,250,,,,,,,,,,,,,,,,
2026-06-28T22:00:41.052955+00:00,2026-06-29T08:00:41.041954,2,1,100.45,0.5,100.2,200,100.0,5,,,,,,,,,,,,,,,,,100.7,250,,,,,,,,,,,,,,,,,,
2026-06-28T22:00:41.888964+00:00,2026-06-29T08:00:41.885964,2,1,100.45,0.5,100.2,157,100.0,5,,,,,,,,,,,,,,,,,100.7,250,,,,,,,,,,,,,,,,,,
2026-06-28T22:00:42.152964+00:00,2026-06-29T08:00:42.150964,2,1,100.45,0.5,100.2,157,100.0,4,,,,,,,,,,,,,,,,,100.7,250,,,,,,,,,,,,,,,,,,
2026-06-28T22:00:42.383963+00:00,2026-06-29T08:00:42.372964,2,1,100.45,0.5,100.2,107,100.0,4,,,,,,,,,,,,,,,,,100.7,250,,,,,,,,,,,,,,,,,,
2026-06-28T22:00:42.570963+00:00,2026-06-29T08:00:42.565963,2,1,100.45,0.5,100.2,100,100.0,4,,,,,,,,,,,,,,,,,100.7,100,,,,,,,,,,,,,,,,,,
2026-06-28T22:00:42.625964+00:00,2026-06-29T08:00:42.618964,3,1,100.45,0.5,100.2,100,100.0,4,99.5,150,,,,,,,,,,,,,,,100.7,100,,,,,,,,,,,,,,,,,,
2026-06-28T22:00:42.713964+00:00,2026-06-29T08:00:42.711956,1,2,99.75,0.5,99.5,150,,,,,,,,,,,,,,,,,,,100.0,46,100.7,100,,,,,,,,,,,,,,,,
2026-06-28T22:00:42.911521+00:00,2026-06-29T08:00:42.905521,1,1,99.75,0.5,99.5,150,,,,,,,,,,,,,,,,,,,100.0,46,,,,,,,,,,,,,,,,,,
2026-06-28T22:00:42.966521+00:00,2026-06-29T08:00:42.957521,2,1,99.8,0.4,99.6,100,99.5,150,,,,,,,,,,,,,,,,,100.0,46,,,,,,,,,,,,,,,,,,
2026-06-28T22:00:43.021513+00:00,2026-06-29T08:00:43.011512,2,2,99.8,0.4,99.6,100,99.5,150,,,,,,,,,,,,,,,,,100.0,46,100.1,100,,,,,,,,,,,,,,,,
2026-06-28T22:00:43.373512+00:00,2026-06-29T08:00:43.364512,2,2,99.8,0.4,99.6,100,99.5,150,,,,,,,,,,,,,,,,,100.0,42,100.1,100,,,,,,,,,,,,,,,,
2026-06-28T22:00:43.406512+00:00,2026-06-29T08:00:43.400512,2,2,99.8,0.4,99.6,100,99.5,150,,,,,,,,,,,,,,,,,100.0,2,100.1,100,,,,,,,,,,,,,,,,
2026-06-28T22:00:44.440512+00:00,2026-06-29T08:00:44.429512,2,1,99.85,0.5,99.6,100,99.5,150,,,,,,,,,,,,,,,,,100.1,52,,,,,,,,,,,,,,,,,,
2026-06-28T22:00:45.760542+00:00,2026-06-29T08:00:45.759541,1,1,99.85,0.5,99.6,100,,,,,,,,,,,,,,,,,,,100.1,52,,,,,,,,,,,,,,,,,,
2026-06-28T22:00:45.826541+00:00,2026-06-29T08:00:45.816541,2,1,100.05,0.1,100.0,150,99.6,100,,,,,,,,,,,,,,,,,100.1,52,,,,,,,,,,,,,,,,,,
2026-06-28T22:00:45.870541+00:00,2026-06-29T08:00:45.869533,2,2,100.05,0.1,100.0,150,99.6,100,,,,,,,,,,,,,,,,,100.1,52,100.5,150,,,,,,,,,,,,,,,,
2026-06-28T22:00:46.068075+00:00,2026-06-29T08:00:46.065542,1,1,100.25,0.5,100.0,150,,,,,,,,,,,,,,,,,,,100.5,150,,,,,,,,,,,,,,,,,,
2026-06-28T22:00:46.122650+00:00,2026-06-29T08:00:46.117651,2,1,100.25,0.5,100.0,150,99.8,100,,,,,,,,,,,,,,,,,100.5,150,,,,,,,,,,,,,,,,,,
2026-06-28T22:00:46.177650+00:00,2026-06-29T08:00:46.173651,2,2,100.15,0.3,100.0,150,99.8,100,,,,,,,,,,,,,,,,,100.3,100,100.5,150,,,,,,,,,,,,,,,,
2026-06-28T22:00:46.418769+00:00,2026-06-29T08:00:46.410651,2,2,100.15,0.3,100.0,155,99.8,100,,,,,,,,,,,,,,,,,100.3,100,100.5,150,,,,,,,,,,,,,,,,
2026-06-28T22:00:46.572769+00:00,2026-06-29T08:00:46.567769,2,2,100.15,0.3,100.0,155,99.8,100,,,,,,,,,,,,,,,,,100.3,50,100.5,150,,,,,,,,,,,,,,,,
2026-06-28T22:00:47.045660+00:00,2026-06-29T08:00:47.041660,2,2,100.15,0.3,100.0,112,99.8,100,,,,,,,,,,,,,,,,,100.3,50,100.5,150,,,,,,,,,,,,,,,,
2026-06-28T22:00:48.540421+00:00,2026-06-29T08:00:48.536422,2,2,100.15,0.3,100.0,110,99.8,100,,,,,,,,,,,,,,,,,100.3,50,100.5,150,,,,,,,,,,,,,,,,
2026-06-28T22:00:48.672421+00:00,2026-06-29T08:00:48.664422,2,2,100.15,0.3,100.0,64,99.8,100,,,,,,,,,,,,,,,,,100.3,50,100.5,150,,,,,,,,,,,,,,,,
2026-06-28T22:00:48.925413+00:00,2026-06-29T08:00:48.923413,2,1,100.15,0.3,100.0,3,99.8,100,,,,,,,,,,,,,,,,,100.3,50,,,,,,,,,,,,,,,,,,
2026-06-28T22:00:48.980412+00:00,2026-06-29T08:00:48.976412,3,1,100.15,0.3,100.0,3,99.8,100,99.7,150,,,,,,,,,,,,,,,100.3,50,,,,,,,,,,,,,,,,,,
2026-06-28T22:00:49.046413+00:00,2026-06-29T08:00:49.042413,3,2,100.1,0.2,100.0,3,99.8,100,99.7,150,,,,,,,,,,,,,,,100.2,150,100.3,50,,,,,,,,,,,,,,,,
2026-06-28T22:00:49.233261+00:00,2026-06-29T08:00:49.228260,2,1,100.1,0.2,100.0,3,99.7,150,,,,,,,,,,,,,,,,,100.2,150,,,,,,,,,,,,,,,,,,
2026-06-28T22:00:49.288261+00:00,2026-06-29T08:00:49.280261,2,1,100.1,0.2,100.0,103,99.7,150,,,,,,,,,,,,,,,,,100.2,150,,,,,,,,,,,,,,,,,,
2026-06-28T22:00:49.354260+00:00,2026-06-29T08:00:49.350261,2,2,100.1,0.2,100.0,103,99.7,150,,,,,,,,,,,,,,,,,100.2,150,100.5,100,,,,,,,,,,,,,,,,
2026-06-28T22:00:50.860379+00:00,2026-06-29T08:00:50.858379,2,2,100.1,0.2,100.0,53,99.7,150,,,,,,,,,,,,,,,,,100.2,150,100.5,100,,,,,,,,,,,,,,,,
2026-06-28T22:00:52.103270+00:00,2026-06-29T08:00:52.094270,1,1,100.25,0.5,100.0,53,,,,,,,,,,,,,,,,,,,100.5,100,,,,,,,,,,,,,,,,,,
2026-06-28T22:00:52.147270+00:00,2026-06-29T08:00:52.146270,2,1,100.25,0.5,100.0,53,99.5,150,,,,,,,,,,,,,,,,,100.5,100,,,,,,,,,,,,,,,,,,
2026-06-28T22:00:52.213260+00:00,2026-06-29T08:00:52.203261,1,2,99.75,0.5,99.5,150,,,,,,,,,,,,,,,,,,,100.0,97,100.5,100,,,,,,,,,,,,,,,,
2026-06-28T22:00:52.433379+00:00,2026-06-29T08:00:52.428380,1,1,99.75,0.5,99.5,150,,,,,,,,,,,,,,,,,,,100.0,97,,,,,,,,,,,,,,,,,,
2026-06-28T22:00:52.477379+00:00,2026-06-29T08:00:52.466570,2,1,99.8,0.4,99.6,100,99.5,150,,,,,,,,,,,,,,,,,100.0,97,,,,,,,,,,,,,,,,,,
2026-06-28T22:00:52.521379+00:00,2026-06-29T08:00:52.518379,2,2,99.8,0.4,99.6,100,99.5,150,,,,,,,,,,,,,,,,,100.0,97,100.1,100,,,,,,,,,,,,,,,,
2026-06-28T22:00:52.971049+00:00,2026-06-29T08:00:52.968136,2,2,99.8,0.4,99.6,50,99.5,150,,,,,,,,,,,,,,,,,100.0,97,100.1,100,,,,,,,,,,,,,,,,
2026-06-28T22:00:53.554017+00:00,2026-06-29T08:00:53.550017,2,2,99.8,0.4,99.6,50,99.5,150,,,,,,,,,,,,,,,,,100.0,93,100.1,100,,,,,,,,,,,,,,,,
2026-06-28T22:00:53.686026+00:00,2026-06-29T08:00:53.681026,3,2,99.95,0.1,99.9,4,99.6,50,99.5,150,,,,,,,,,,,,,,,100.0,93,100.1,100,,,,,,,,,,,,,,,,
2026-06-28T22:00:53.983026+00:00,2026-06-29T08:00:53.981026,3,3,99.95,0.1,99.9,4,99.6,50,99.5,150,,,,,,,,,,,,,,,100.0,93,100.1,100,100.2,2,,,,,,,,,,,,,,
2026-06-28T22:00:55.259031+00:00,2026-06-29T08:00:55.258030,2,2,100.0,0.2,99.9,4,99.6,50,,,,,,,,,,,,,,,,,100.1,100,100.2,2,,,,,,,,,,,,,,,,
2026-06-28T22:00:55.314030+00:00,2026-06-29T08:00:55.311030,2,2,100.0,0.2,99.9,154,99.6,50,,,,,,,,,,,,,,,,,100.1,100,100.2,2,,,,,,,,,,,,,,,,
2026-06-28T22:00:55.380030+00:00,2026-06-29T08:00:55.370031,2,3,100.0,0.2,99.9,154,99.6,50,,,,,,,,,,,,,,,,,100.1,100,100.2,2,100.4,150,,,,,,,,,,,,,,
2026-06-28T22:00:55.490040+00:00,2026-06-29T08:00:55.486030,2,3,100.0,0.2,99.9,153,99.6,50,,,,,,,,,,,,,,,,,100.1,100,100.2,2,100.4,150,,,,,,,,,,,,,,
2026-06-28T22:00:55.578039+00:00,2026-06-29T08:00:55.577030,1,2,100.05,0.3,99.9,153,,,,,,,,,,,,,,,,,,,100.2,2,100.4,150,,,,,,,,,,,,,,,,
2026-06-28T22:00:55.633039+00:00,2026-06-29T08:00:55.625039,2,2,100.05,0.3,99.9,153,99.6,100,,,,,,,,,,,,,,,,,100.2,2,100.4,150,,,,,,,,,,,,,,,,
2026-06-28T22:00:55.688039+00:00,2026-06-29T08:00:55.679039,2,3,100.0,0.2,99.9,153,99.6,100,,,,,,,,,,,,,,,,,100.1,100,100.2,2,100.4,150,,,,,,,,,,,,,,
2026-06-28T22:00:55.875039+00:00,2026-06-29T08:00:55.865039,2,3,100.0,0.2,99.9,152,99.6,100,,,,,,,,,,,,,,,,,100.1,100,100.2,2,100.4,150,,,,,,,,,,,,,,
2026-06-28T22:00:57.139596+00:00,2026-06-29T08:00:57.130595,2,3,100.0,0.2,99.9,152,99.6,100,,,,,,,,,,,,,,,,,100.1,50,100.2,2,100.4,150,,,,,,,,,,,,,,
2026-06-28T22:00:57.590594+00:00,2026-06-29T08:00:57.589594,2,3,100.0,0.2,99.9,152,99.6,100,,,,,,,,,,,,,,,,,100.1,9,100.2,2,100.4,150,,,,,,,,,,,,,,
2026-06-28T22:00:58.260817+00:00,2026-06-29T08:00:58.250812,2,3,100.0,0.2,99.9,151,99.6,100,,,,,,,,,,,,,,,,,100.1,9,100.2,2,100.4,150,,,,,,,,,,,,,,
2026-06-28T22:00:58.447807+00:00,2026-06-29T08:00:58.439808,2,2,100.0,0.2,99.9,1,99.6,100,,,,,,,,,,,,,,,,,100.1,9,100.2,2,,,,,,,,,,,,,,,,
2026-06-28T22:00:58.502807+00:00,2026-06-29T08:00:58.491807,3,2,100.05,0.1,100.0,150,99.9,1,99.6,100,,,,,,,,,,,,,,,100.1,9,100.2,2,,,,,,,,,,,,,,,,
2026-06-28T22:00:58.546926+00:00,2026-06-29T08:00:58.544926,3,3,100.05,0.1,100.0,150,99.9,1,99.6,100,,,,,,,,,,,,,,,100.1,9,100.2,2,100.5,150,,,,,,,,,,,,,,
2026-06-28T22:00:58.744926+00:00,2026-06-29T08:00:58.737926,2,2,100.1,0.2,100.0,150,99.9,1,,,,,,,,,,,,,,,,,100.2,2,100.5,150,,,,,,,,,,,,,,,,
2026-06-28T22:00:58.810926+00:00,2026-06-29T08:00:58.800087,2,2,100.1,0.2,100.0,150,99.9,101,,,,,,,,,,,,,,,,,100.2,2,100.5,150,,,,,,,,,,,,,,,,
2026-06-28T22:00:58.854927+00:00,2026-06-29T08:00:58.853926,2,3,100.1,0.2,100.0,150,99.9,101,,,,,,,,,,,,,,,,,100.2,2,100.4,100,100.5,150,,,,,,,,,,,,,,
2026-06-28T22:00:59.228926+00:00,2026-06-29T08:00:59.217926,2,2,100.2,0.4,100.0,150,99.9,101,,,,,,,,,,,,,,,,,100.4,58,100.5,150,,,,,,,,,,,,,,,,
2026-06-28T22:00:59.239926+00:00,2026-06-29T08:00:59.231926,2,2,100.2,0.4,100.0,150,99.9,101,,,,,,,,,,,,,,,,,100.4,8,100.5,150,,,,,,,,,,,,,,,,
2026-06-28T22:01:00.416327+00:00,2026-06-29T08:01:00.409328,2,3,100.1,0.2,100.0,150,99.9,101,,,,,,,,,,,,,,,,,100.2,1,100.4,8,100.5,150,,,,,,,,,,,,,,
2026-06-28T22:01:01.273328+00:00,2026-06-29T08:01:01.271328,2,2,100.2,0.4,100.0,105,99.9,101,,,,,,,,,,,,,,,,,100.4,8,100.5,150,,,,,,,,,,,,,,,,
2026-06-28T22:01:01.284327+00:00,2026-06-29T08:01:01.275327,2,3,100.15,0.3,100.0,105,99.9,101,,,,,,,,,,,,,,,,,100.3,2,100.4,8,100.5,150,,,,,,,,,,,,,,
2026-06-28T22:01:01.350328+00:00,2026-06-29T08:01:01.342329,2,1,100.25,0.5,100.0,105,99.9,101,,,,,,,,,,,,,,,,,100.5,110,,,,,,,,,,,,,,,,,,
2026-06-28T22:01:01.405327+00:00,2026-06-29T08:01:01.402328,2,2,100.15,0.3,100.0,105,99.9,101,,,,,,,,,,,,,,,,,100.3,2,100.5,110,,,,,,,,,,,,,,,,
2026-06-28T22:01:01.603327+00:00,2026-06-29T08:01:01.599328,1,1,100.1,0.4,99.9,101,,,,,,,,,,,,,,,,,,,100.3,2,,,,,,,,,,,,,,,,,,
2026-06-28T22:01:01.658327+00:00,2026-06-29T08:01:01.652328,2,1,100.15,0.3,100.0,150,99.9,101,,,,,,,,,,,,,,,,,100.3,2,,,,,,,,,,,,,,,,,,
2026-06-28T22:01:01.713336+00:00,2026-06-29T08:01:01.704336,2,2,100.15,0.3,100.0,150,99.9,101,,,,,,,,,,,,,,,,,100.3,2,100.5,150,,,,,,,,,,,,,,,,
2026-06-28T22:01:01.911337+00:00,2026-06-29T08:01:01.908336,2,2,100.15,0.3,100.0,150,99.9,1,,,,,,,,,,,,,,,,,100.3,2,100.5,150,,,,,,,,,,,,,,,,
2026-06-28T22:01:01.966336+00:00,2026-06-29T08:01:01.963336,3,1,100.4,0.2,100.3,98,100.0,150,99.9,1,,,,,,,,,,,,,,,100.5,150,,,,,,,,,,,,,,,,,,
2026-06-28T22:01:02.021336+00:00,2026-06-29T08:01:02.018337,3,2,100.4,0.2,100.3,98,100.0,150,99.9,1,,,,,,,,,,,,,,,100.5,150,100.8,100,,,,,,,,,,,,,,,,
2026-06-28T22:01:02.274337+00:00,2026-06-29T08:01:02.265337,3,2,100.4,0.2,100.3,56,100.0,150,99.9,1,,,,,,,,,,,,,,,100.5,150,100.8,100,,,,,,,,,,,,,,,,
2026-06-28T22:01:03.461134+00:00,2026-06-29T08:01:03.452134,3,2,100.4,0.2,100.3,56,100.0,150,99.9,1,,,,,,,,,,,,,,,100.5,100,100.8,100,,,,,,,,,,,,,,,,
2026-06-28T22:01:03.912143+00:00,2026-06-29T08:01:03.909143,3,2,100.4,0.2,100.3,54,100.0,150,99.9,1,,,,,,,,,,,,,,,100.5,100,100.8,100,,,,,,,,,,,,,,,,
2026-06-28T22:01:03.945143+00:00,2026-06-29T08:01:03.937143,3,2,100.4,0.2,100.3,52,100.0,150,99.9,1,,,,,,,,,,,,,,,100.5,100,100.8,100,,,,,,,,,,,,,,,,
2026-06-28T22:01:03.989143+00:00,2026-06-29T08:01:03.981143,3,2,100.4,0.2,100.3,50,100.0,150,99.9,1,,,,,,,,,,,,,,,100.5,100,100.8,100,,,,,,,,,,,,,,,,
2026-06-28T22:01:04.769265+00:00,2026-06-29T08:01:04.762266,1,1,100.55,0.5,100.3,50,,,,,,,,,,,,,,,,,,,100.8,100,,,,,,,,,,,,,,,,,,
2026-06-28T22:01:04.824266+00:00,2026-06-29T08:01:04.813398,2,1,100.55,0.5,100.3,50,100.2,150,,,,,,,,,,,,,,,,,100.8,100,,,,,,,,,,,,,,,,,,
2026-06-28T22:01:04.868266+00:00,2026-06-29T08:01:04.867225,2,2,100.5,0.4,100.3,50,100.2,150,,,,,,,,,,,,,,,,,100.7,150,100.8,100,,,,,,,,,,,,,,,,
2026-06-28T22:01:05.110148+00:00,2026-06-29T08:01:05.105156,1,1,100.45,0.5,100.2,150,,,,,,,,,,,,,,,,,,,100.7,150,,,,,,,,,,,,,,,,,,
2026-06-28T22:01:05.154156+00:00,2026-06-29T08:01:05.152156,2,1,100.45,0.5,100.2,150,100.1,100,,,,,,,,,,,,,,,,,100.7,150,,,,,,,,,,,,,,,,,,
2026-06-28T22:01:05.209156+00:00,2026-06-29T08:01:05.204156,2,2,100.4,0.4,100.2,150,100.1,100,,,,,,,,,,,,,,,,,100.6,100,100.7,150,,,,,,,,,,,,,,,,
2026-06-28T22:01:05.462156+00:00,2026-06-29T08:01:05.452156,2,3,100.3,0.2,100.2,150,100.1,102,,,,,,,,,,,,,,,,,100.4,4,100.6,100,100.7,150,,,,,,,,,,,,,,
2026-06-28T22:01:05.572156+00:00,2026-06-29T08:01:05.571156,2,2,100.4,0.4,100.2,150,100.1,102,,,,,,,,,,,,,,,,,100.6,54,100.7,150,,,,,,,,,,,,,,,,
2026-06-28T22:01:05.605157+00:00,2026-06-29T08:01:05.603156,2,3,100.3,0.2,100.2,150,100.1,102,,,,,,,,,,,,,,,,,100.4,4,100.6,54,100.7,150,,,,,,,,,,,,,,
2026-06-28T22:01:05.957156+00:00,2026-06-29T08:01:05.950157,2,2,100.4,0.4,100.2,150,100.1,102,,,,,,,,,,,,,,,,,100.6,17,100.7,150,,,,,,,,,,,,,,,,
2026-06-28T22:01:06.001156+00:00,2026-06-29T08:01:05.993156,2,3,100.3,0.2,100.2,150,100.1,102,,,,,,,,,,,,,,,,,100.4,4,100.6,17,100.7,150,,,,,,,,,,,,,,
2026-06-28T22:01:06.759717+00:00,2026-06-29T08:01:06.755717,2,3,100.3,0.2,100.2,150,100.1,102,,,,,,,,,,,,,,,,,100.4,3,100.6,17,100.7,150,,,,,,,,,,,,,,
2026-06-28T22:01:07.034717+00:00,2026-06-29T08:01:07.032717,2,1,100.45,0.5,100.2,150,100.1,102,,,,,,,,,,,,,,,,,100.7,123,,,,,,,,,,,,,,,,,,
2026-06-28T22:01:07.056717+00:00,2026-06-29T08:01:07.055717,2,2,100.3,0.2,100.2,150,100.1,102,,,,,,,,,,,,,,,,,100.4,3,100.7,123,,,,,,,,,,,,,,,,
2026-06-28T22:01:07.100717+00:00,2026-06-29T08:01:07.091717,2,2,100.3,0.2,100.2,107,100.1,102,,,,,,,,,,,,,,,,,100.4,3,100.7,123,,,,,,,,,,,,,,,,
2026-06-28T22:01:07.683737+00:00,2026-06-29T08:01:07.678729,2,1,100.45,0.5,100.2,107,100.1,102,,,,,,,,,,,,,,,,,100.7,76,,,,,,,,,,,,,,,,,,
2026-06-28T22:01:07.716737+00:00,2026-06-29T08:01:07.705903,2,2,100.35,0.3,100.2,107,100.1,102,,,,,,,,,,,,,,,,,100.5,3,100.7,76,,,,,,,,,,,,,,,,
2026-06-28T22:01:07.727738+00:00,2026-06-29T08:01:07.726737,2,2,100.35,0.3,100.2,60,100.1,102,,,,,,,,,,,,,,,,,100.5,3,100.7,76,,,,,,,,,,,,,,,,
2026-06-28T22:01:07.925287+00:00,2026-06-29T08:01:07.923287,1,1,100.3,0.4,100.1,102,,,,,,,,,,,,,,,,,,,100.5,3,,,,,,,,,,,,,,,,,,
2026-06-28T22:01:07.980287+00:00,2026-06-29T08:01:07.975287,2,1,100.3,0.4,100.1,102,99.9,150,,,,,,,,,,,,,,,,,100.5,3,,,,,,,,,,,,,,,,,,
2026-06-28T22:01:08.035287+00:00,2026-06-29T08:01:08.028287,2,2,100.25,0.3,100.1,102,99.9,150,,,,,,,,,,,,,,,,,100.4,150,100.5,3,,,,,,,,,,,,,,,,
2026-06-28T22:01:08.266287+00:00,2026-06-29T08:01:08.258287,2,2,100.25,0.3,100.1,2,99.9,150,,,,,,,,,,,,,,,,,100.4,150,100.5,3,,,,,,,,,,,,,,,,
2026-06-28T22:01:08.321287+00:00,2026-06-29T08:01:08.310287,2,2,100.25,0.3,100.1,102,99.9,150,,,,,,,,,,,,,,,,,100.4,150,100.5,3,,,,,,,,,,,,,,,,
2026-06-28T22:01:08.365287+00:00,2026-06-29T08:01:08.364278,2,3,100.25,0.3,100.1,102,99.9,150,,,,,,,,,,,,,,,,,100.4,150,100.5,3,100.6,100,,,,,,,,,,,,,,
2026-06-28T22:01:09.794915+00:00,2026-06-29T08:01:09.786916,2,3,100.25,0.3,100.1,102,99.9,150,,,,,,,,,,,,,,,,,100.4,100,100.5,3,100.6,100,,,,,,,,,,,,,,
2026-06-28T22:01:09.893916+00:00,2026-06-29T08:01:09.887915,2,3,100.25,0.3,100.1,101,99.9,150,,,,,,,,,,,,,,,,,100.4,100,100.5,3,100.6,100,,,,,,,,,,,,,,
2026-06-28T22:01:11.092806+00:00,2026-06-29T08:01:11.082806,1,2,100.3,0.4,100.1,101,,,,,,,,,,,,,,,,,,,100.5,3,100.6,100,,,,,,,,,,,,,,,,
2026-06-28T22:01:11.169797+00:00,2026-06-29T08:01:11.159797,2,2,100.3,0.4,100.1,101,100.0,150,,,,,,,,,,,,,,,,,100.5,3,100.6,100,,,,,,,,,,,,,,,,
2026-06-28T22:01:11.224806+00:00,2026-06-29T08:01:11.213806,2,2,100.3,0.4,100.1,101,100.0,150,,,,,,,,,,,,,,,,,100.5,153,100.6,100,,,,,,,,,,,,,,,,
2026-06-28T22:01:11.422806+00:00,2026-06-29T08:01:11.419806,2,1,100.3,0.4,100.1,1,100.0,150,,,,,,,,,,,,,,,,,100.5,153,,,,,,,,,,,,,,,,,,
2026-06-28T22:01:11.477806+00:00,2026-06-29T08:01:11.471806,2,1,100.3,0.4,100.1,101,100.0,150,,,,,,,,,,,,,,,,,100.5,153,,,,,,,,,,,,,,,,,,
2026-06-28T22:01:11.532797+00:00,2026-06-29T08:01:11.525797,2,2,100.3,0.4,100.1,101,100.0,150,,,,,,,,,,,,,,,,,100.5,153,100.6,100,,,,,,,,,,,,,,,,
2026-06-28T22:01:11.895806+00:00,2026-06-29T08:01:11.894806,2,2,100.3,0.4,100.1,101,100.0,150,,,,,,,,,,,,,,,,,100.5,103,100.6,100,,,,,,,,,,,,,,,,
2026-06-28T22:01:12.346806+00:00,2026-06-29T08:01:12.337806,2,2,100.3,0.4,100.1,76,100.0,150,,,,,,,,,,,,,,,,,100.5,103,100.6,100,,,,,,,,,,,,,,,,
2026-06-28T22:01:12.544810+00:00,2026-06-29T08:01:12.533810,2,2,100.3,0.4,100.1,51,100.0,150,,,,,,,,,,,,,,,,,100.5,103,100.6,100,,,,,,,,,,,,,,,,
2026-06-28T22:01:12.753810+00:00,2026-06-29T08:01:12.743811,2,2,100.3,0.4,100.1,26,100.0,150,,,,,,,,,,,,,,,,,100.5,103,100.6,100,,,,,,,,,,,,,,,,
2026-06-28T22:01:12.972920+00:00,2026-06-29T08:01:12.961920,2,2,100.3,0.4,100.1,1,100.0,150,,,,,,,,,,,,,,,,,100.5,103,100.6,100,,,,,,,,,,,,,,,,
2026-06-28T22:01:13.170920+00:00,2026-06-29T08:01:13.169920,1,2,100.25,0.5,100.0,150,,,,,,,,,,,,,,,,,,,100.5,103,100.6,100,,,,,,,,,,,,,,,,
2026-06-28T22:01:14.005928+00:00,2026-06-29T08:01:14.000929,1,2,100.25,0.5,100.0,150,,,,,,,,,,,,,,,,,,,100.5,53,100.6,100,,,,,,,,,,,,,,,,
2026-06-28T22:01:14.049929+00:00,2026-06-29T08:01:14.048929,2,2,100.35,0.3,100.2,3,100.0,150,,,,,,,,,,,,,,,,,100.5,56,100.6,100,,,,,,,,,,,,,,,,
2026-06-28T22:01:14.192929+00:00,2026-06-29T08:01:14.185929,1,2,100.25,0.5,100.0,150,,,,,,,,,,,,,,,,,,,100.5,56,100.6,100,,,,,,,,,,,,,,,,
2026-06-28T22:01:14.225929+00:00,2026-06-29T08:01:14.217929,2,2,100.35,0.3,100.2,3,100.0,150,,,,,,,,,,,,,,,,,100.5,56,100.6,100,,,,,,,,,,,,,,,,
2026-06-28T22:01:14.280929+00:00,2026-06-29T08:01:14.270929,1,2,100.35,0.3,100.2,3,,,,,,,,,,,,,,,,,,,100.5,3,100.6,100,,,,,,,,,,,,,,,,
2026-06-28T22:01:14.324929+00:00,2026-06-29T08:01:14.323929,2,2,100.45,0.1,100.4,150,100.2,3,,,,,,,,,,,,,,,,,100.5,3,100.6,100,,,,,,,,,,,,,,,,
2026-06-28T22:01:14.346929+00:00,2026-06-29T08:01:14.340929,1,2,100.35,0.3,100.2,3,,,,,,,,,,,,,,,,,,,100.5,3,100.6,100,,,,,,,,,,,,,,,,
2026-06-28T22:01:14.379929+00:00,2026-06-29T08:01:14.377920,1,3,100.35,0.3,100.2,3,,,,,,,,,,,,,,,,,,,100.5,3,100.6,100,100.9,150,,,,,,,,,,,,,,
2026-06-28T22:01:14.390929+00:00,2026-06-29T08:01:14.388929,0,3,,,,,,,,,,,,,,,,,,,,,,,100.5,3,100.6,100,100.9,150,,,,,,,,,,,,,,
2026-06-28T22:01:14.588438+00:00,2026-06-29T08:01:14.579438,0,2,,,,,,,,,,,,,,,,,,,,,,,100.5,3,100.9,150,,,,,,,,,,,,,,,,
2026-06-28T22:01:14.632438+00:00,2026-06-29T08:01:14.631438,1,2,100.1,0.8,99.7,100,,,,,,,,,,,,,,,,,,,100.5,3,100.9,150,,,,,,,,,,,,,,,,
2026-06-28T22:01:14.687438+00:00,2026-06-29T08:01:14.684438,1,3,99.95,0.5,99.7,100,,,,,,,,,,,,,,,,,,,100.2,100,100.5,3,100.9,150,,,,,,,,,,,,,,
2026-06-28T22:01:15.412447+00:00,2026-06-29T08:01:15.405439,1,3,99.95,0.5,99.7,100,,,,,,,,,,,,,,,,,,,100.2,100,100.5,2,100.9,150,,,,,,,,,,,,,,
2026-06-28T22:01:16.116053+00:00,2026-06-29T08:01:16.107053,1,3,99.95,0.5,99.7,100,,,,,,,,,,,,,,,,,,,100.2,50,100.5,2,100.9,150,,,,,,,,,,,,,,
2026-06-28T22:01:16.149053+00:00,2026-06-29T08:01:16.147052,1,3,99.95,0.5,99.7,100,,,,,,,,,,,,,,,,,,,100.2,50,100.5,1,100.9,150,,,,,,,,,,,,,,
2026-06-28T22:01:16.589044+00:00,2026-06-29T08:01:16.583044,1,2,99.95,0.5,99.7,100,,,,,,,,,,,,,,,,,,,100.2,50,100.9,150,,,,,,,,,,,,,,,,
2026-06-28T22:01:17.051163+00:00,2026-06-29T08:01:17.042162,1,2,99.95,0.5,99.7,100,,,,,,,,,,,,,,,,,,,100.2,5,100.9,150,,,,,,,,,,,,,,,,
2026-06-28T22:01:17.436162+00:00,2026-06-29T08:01:17.432163,1,1,99.95,0.5,99.7,100,,,,,,,,,,,,,,,,,,,100.2,5,,,,,,,,,,,,,,,,,,
2026-06-28T22:01:17.491162+00:00,2026-06-29T08:01:17.486163,1,1,99.95,0.5,99.7,250,,,,,,,,,,,,,,,,,,,100.2,5,,,,,,,,,,,,,,,,,,
2026-06-28T22:01:17.546162+00:00,2026-06-29T08:01:17.538162,1,1,99.95,0.5,99.7,250,,,,,,,,,,,,,,,,,,,100.2,155,,,,,,,,,,,,,,,,,,
2026-06-28T22:01:17.744044+00:00,2026-06-29T08:01:17.739044,1,1,99.95,0.5,99.7,150,,,,,,,,,,,,,,,,,,,100.2,150,,,,,,,,,,,,,,,,,,
2026-06-28T22:01:17.821044+00:00,2026-06-29T08:01:17.816044,2,1,100.1,0.2,100.0,100,99.7,150,,,,,,,,,,,,,,,,,100.2,150,,,,,,,,,,,,,,,,,,
2026-06-28T22:01:17.875111+00:00,2026-06-29T08:01:17.868111,2,2,100.1,0.2,100.0,100,99.7,150,,,,,,,,,,,,,,,,,100.2,150,100.5,100,,,,,,,,,,,,,,,,
2026-06-28T22:01:18.017229+00:00,2026-06-29T08:01:18.006229,2,2,100.1,0.2,100.0,75,99.7,150,,,,,,,,,,,,,,,,,100.2,150,100.5,100,,,,,,,,,,,,,,,,
2026-06-28T22:01:18.237229+00:00,2026-06-29T08:01:18.228229,2,2,100.1,0.2,100.0,50,99.7,150,,,,,,,,,,,,,,,,,100.2,150,100.5,100,,,,,,,,,,,,,,,,
2026-06-28T22:01:18.798111+00:00,2026-06-29T08:01:18.788111,2,2,100.1,0.2,100.0,50,99.7,150,,,,,,,,,,,,,,,,,100.2,110,100.5,100,,,,,,,,,,,,,,,,
2026-06-28T22:01:19.854124+00:00,2026-06-29T08:01:19.846124,2,2,100.1,0.2,100.0,3,99.7,150,,,,,,,,,,,,,,,,,100.2,110,100.5,100,,,,,,,,,,,,,,,,
2026-06-28T22:01:20.382133+00:00,2026-06-29T08:01:20.374133,1,2,99.95,0.5,99.7,103,,,,,,,,,,,,,,,,,,,100.2,110,100.5,100,,,,,,,,,,,,,,,,
2026-06-28T22:01:20.602133+00:00,2026-06-29T08:01:20.594133,0,1,,,,,,,,,,,,,,,,,,,,,,,100.5,100,,,,,,,,,,,,,,,,,,
2026-06-28T22:01:20.657133+00:00,2026-06-29T08:01:20.647133,1,1,100.25,0.5,100.0,150,,,,,,,,,,,,,,,,,,,100.5,100,,,,,,,,,,,,,,,,,,
2026-06-28T22:01:20.701133+00:00,2026-06-29T08:01:20.699133,1,1,100.25,0.5,100.0,150,,,,,,,,,,,,,,,,,,,100.5,250,,,,,,,,,,,,,,,,,,
2026-06-28T22:01:20.932133+00:00,2026-06-29T08:01:20.922133,1,1,100.25,0.5,100.0,150,,,,,,,,,,,,,,,,,,,100.5,150,,,,,,,,,,,,,,,,,,
2026-06-28T22:01:20.976132+00:00,2026-06-29T08:01:20.974133,1,1,100.25,0.5,100.0,250,,,,,,,,,,,,,,,,,,,100.5,150,,,,,,,,,,,,,,,,,,
2026-06-28T22:01:21.031133+00:00,2026-06-29T08:01:21.027133,1,1,100.25,0.5,100.0,250,,,,,,,,,,,,,,,,,,,100.5,250,,,,,,,,,,,,,,,,,,
2026-06-28T22:01:21.306133+00:00,2026-06-29T08:01:21.298133,1,1,100.25,0.5,100.0,250,,,,,,,,,,,,,,,,,,,100.5,206,,,,,,,,,,,,,,,,,,
2026-06-28T22:01:22.483133+00:00,2026-06-29T08:01:22.482133,1,1,100.25,0.5,100.0,200,,,,,,,,,,,,,,,,,,,100.5,206,,,,,,,,,,,,,,,,,,
2026-06-28T22:01:23.757229+00:00,2026-06-29T08:01:23.755229,1,1,100.25,0.5,100.0,100,,,,,,,,,,,,,,,,,,,100.5,100,,,,,,,,,,,,,,,,,,
2026-06-28T22:01:23.812229+00:00,2026-06-29T08:01:23.807229,2,1,100.25,0.5,100.0,100,99.9,150,,,,,,,,,,,,,,,,,100.5,100,,,,,,,,,,,,,,,,,,
2026-06-28T22:01:23.888229+00:00,2026-06-29T08:01:23.884229,2,2,100.2,0.4,100.0,100,99.9,150,,,,,,,,,,,,,,,,,100.4,150,100.5,100,,,,,,,,,,,,,,,,
2026-06-28T22:01:24.086348+00:00,2026-06-29T08:01:24.082348,1,1,100.15,0.5,99.9,150,,,,,,,,,,,,,,,,,,,100.4,150,,,,,,,,,,,,,,,,,,
2026-06-28T22:01:24.141348+00:00,2026-06-29T08:01:24.135348,2,1,100.25,0.3,100.1,100,99.9,150,,,,,,,,,,,,,,,,,100.4,150,,,,,,,,,,,,,,,,,,
2026-06-28T22:01:24.185348+00:00,2026-06-29T08:01:24.177348,2,1,100.25,0.3,100.1,100,99.9,150,,,,,,,,,,,,,,,,,100.4,110,,,,,,,,,,,,,,,,,,
2026-06-28T22:01:24.196348+00:00,2026-06-29T08:01:24.189348,2,2,100.25,0.3,100.1,100,99.9,150,,,,,,,,,,,,,,,,,100.4,110,100.6,100,,,,,,,,,,,,,,,,
2026-06-28T22:01:24.592231+00:00,2026-06-29T08:01:24.585348,2,2,100.25,0.3,100.1,50,99.9,150,,,,,,,,,,,,,,,,,100.4,110,100.6,100,,,,,,,,,,,,,,,,
2026-06-28T22:01:24.823229+00:00,2026-06-29T08:01:24.820229,2,2,100.25,0.3,100.1,1,99.9,150,,,,,,,,,,,,,,,,,100.4,110,100.6,100,,,,,,,,,,,,,,,,
2026-06-28T22:01:25.098229+00:00,2026-06-29T08:01:25.091229,2,2,100.25,0.3,100.1,6,99.9,150,,,,,,,,,,,,,,,,,100.4,110,100.6,100,,,,,,,,,,,,,,,,
2026-06-28T22:01:26.703815+00:00,2026-06-29T08:01:26.693815,1,2,100.15,0.5,99.9,106,,,,,,,,,,,,,,,,,,,100.4,110,100.6,100,,,,,,,,,,,,,,,,
2026-06-28T22:01:26.934806+00:00,2026-06-29T08:01:26.929806,0,1,,,,,,,,,,,,,,,,,,,,,,,100.6,100,,,,,,,,,,,,,,,,,,
2026-06-28T22:01:26.989806+00:00,2026-06-29T08:01:26.982805,1,1,100.25,0.7,99.9,150,,,,,,,,,,,,,,,,,,,100.6,100,,,,,,,,,,,,,,,,,,
2026-06-28T22:01:27.044815+00:00,2026-06-29T08:01:27.034815,1,2,100.15,0.5,99.9,150,,,,,,,,,,,,,,,,,,,100.4,150,100.6,100,,,,,,,,,,,,,,,,
2026-06-28T22:01:27.099815+00:00,2026-06-29T08:01:27.091815,1,2,100.15,0.5,99.9,103,,,,,,,,,,,,,,,,,,,100.4,150,100.6,100,,,,,,,,,,,,,,,,
2026-06-28T22:01:27.242815+00:00,2026-06-29T08:01:27.241815,1,1,100.15,0.5,99.9,103,,,,,,,,,,,,,,,,,,,100.4,150,,,,,,,,,,,,,,,,,,
2026-06-28T22:01:27.297815+00:00,2026-06-29T08:01:27.295815,2,1,100.15,0.5,99.9,103,99.6,100,,,,,,,,,,,,,,,,,100.4,150,,,,,,,,,,,,,,,,,,
2026-06-28T22:01:27.308815+00:00,2026-06-29T08:01:27.305815,3,1,100.25,0.3,100.1,5,99.9,103,99.6,100,,,,,,,,,,,,,,,100.4,150,,,,,,,,,,,,,,,,,,
2026-06-28T22:01:27.352815+00:00,2026-06-29T08:01:27.351814,2,2,100.0,0.2,99.9,103,99.6,100,,,,,,,,,,,,,,,,,100.1,95,100.4,150,,,,,,,,,,,,,,,,
2026-06-28T22:01:27.374815+00:00,2026-06-29T08:01:27.366815,2,2,100.0,0.2,99.9,103,99.6,100,,,,,,,,,,,,,,,,,100.1,70,100.4,150,,,,,,,,,,,,,,,,
2026-06-28T22:01:27.407814+00:00,2026-06-29T08:01:27.396815,2,2,100.0,0.2,99.9,103,99.6,100,,,,,,,,,,,,,,,,,100.1,45,100.4,150,,,,,,,,,,,,,,,,
2026-06-28T22:01:27.429815+00:00,2026-06-29T08:01:27.428815,2,2,100.0,0.2,99.9,103,99.6,100,,,,,,,,,,,,,,,,,100.1,40,100.4,150,,,,,,,,,,,,,,,,
2026-06-28T22:01:27.440806+00:00,2026-06-29T08:01:27.431815,2,2,100.0,0.2,99.9,103,99.6,100,,,,,,,,,,,,,,,,,100.1,15,100.4,150,,,,,,,,,,,,,,,,
2026-06-28T22:01:27.517806+00:00,2026-06-29T08:01:27.513807,2,2,100.0,0.2,99.9,103,99.6,100,,,,,,,,,,,,,,,,,100.1,10,100.4,150,,,,,,,,,,,,,,,,
2026-06-28T22:01:28.066884+00:00,2026-06-29T08:01:28.060884,2,1,100.15,0.5,99.9,103,99.6,100,,,,,,,,,,,,,,,,,100.4,150,,,,,,,,,,,,,,,,,,
2026-06-28T22:01:28.595002+00:00,2026-06-29T08:01:28.584003,3,1,100.2,0.4,100.0,5,99.9,103,99.6,100,,,,,,,,,,,,,,,100.4,150,,,,,,,,,,,,,,,,,,
2026-06-28T22:01:28.814884+00:00,2026-06-29T08:01:28.806885,2,1,100.15,0.5,99.9,58,99.6,100,,,,,,,,,,,,,,,,,100.4,150,,,,,,,,,,,,,,,,,,
2026-06-28T22:01:29.110884+00:00,2026-06-29T08:01:29.100885,3,1,100.2,0.4,100.0,5,99.9,58,99.6,100,,,,,,,,,,,,,,,100.4,150,,,,,,,,,,,,,,,,,,
2026-06-28T22:01:29.539893+00:00,2026-06-29T08:01:29.528893,3,2,100.15,0.3,100.0,5,99.9,58,99.6,100,,,,,,,,,,,,,,,100.3,1,100.4,150,,,,,,,,,,,,,,,,
2026-06-28T22:01:30.089885+00:00,2026-06-29T08:01:30.088884,2,1,100.15,0.3,100.0,5,99.6,100,,,,,,,,,,,,,,,,,100.3,1,,,,,,,,,,,,,,,,,,
2026-06-28T22:01:30.111885+00:00,2026-06-29T08:01:30.102887,2,1,100.15,0.3,100.0,4,99.6,100,,,,,,,,,,,,,,,,,100.3,1,,,,,,,,,,,,,,,,,,
2026-06-28T22:01:30.144884+00:00,2026-06-29T08:01:30.141884,2,1,100.15,0.3,100.0,4,99.6,250,,,,,,,,,,,,,,,,,100.3,1,,,,,,,,,,,,,,,,,,
2026-06-28T22:01:30.199884+00:00,2026-06-29T08:01:30.193884,2,2,100.05,0.1,100.0,4,99.6,250,,,,,,,,,,,,,,,,,100.1,150,100.3,1,,,,,,,,,,,,,,,,
2026-06-28T22:01:30.287884+00:00,2026-06-29T08:01:30.284884,2,2,100.05,0.1,100.0,4,99.6,250,,,,,,,,,,,,,,,,,100.1,125,100.3,1,,,,,,,,,,,,,,,,
2026-06-28T22:01:30.408893+00:00,2026-06-29T08:01:30.404893,2,2,100.05,0.1,100.0,4,99.6,150,,,,,,,,,,,,,,,,,100.1,125,100.3,1,,,,,,,,,,,,,,,,
2026-06-28T22:01:30.463893+00:00,2026-06-29T08:01:30.457893,2,2,100.05,0.1,100.0,104,99.6,150,,,,,,,,,,,,,,,,,100.1,125,100.3,1,,,,,,,,,,,,,,,,
2026-06-28T22:01:30.496893+00:00,2026-06-29T08:01:30.493884,2,2,100.05,0.1,100.0,104,99.6,150,,,,,,,,,,,,,,,,,100.1,100,100.3,1,,,,,,,,,,,,,,,,
2026-06-28T22:01:30.518893+00:00,2026-06-29T08:01:30.510893,2,3,100.05,0.1,100.0,104,99.6,150,,,,,,,,,,,,,,,,,100.1,100,100.3,1,100.5,100,,,,,,,,,,,,,,
2026-06-28T22:01:30.551894+00:00,2026-06-29T08:01:30.548884,2,3,100.05,0.1,100.0,104,99.6,150,,,,,,,,,,,,,,,,,100.1,25,100.3,1,100.5,100,,,,,,,,,,,,,,
2026-06-28T22:01:30.705893+00:00,2026-06-29T08:01:30.702893,2,2,100.15,0.3,100.0,104,99.6,150,,,,,,,,,,,,,,,,,100.3,1,100.5,100,,,,,,,,,,,,,,,,
2026-06-28T22:01:30.914884+00:00,2026-06-29T08:01:30.908884,2,2,100.15,0.3,100.0,54,99.6,150,,,,,,,,,,,,,,,,,100.3,1,100.5,100,,,,,,,,,,,,,,,,
2026-06-28T22:01:32.332893+00:00,2026-06-29T08:01:32.324893,2,1,100.25,0.5,100.0,54,99.6,150,,,,,,,,,,,,,,,,,100.5,61,,,,,,,,,,,,,,,,,,
2026-06-28T22:01:32.969946+00:00,2026-06-29T08:01:32.963946,2,1,100.25,0.5,100.0,54,99.6,150,,,,,,,,,,,,,,,,,100.5,11,,,,,,,,,,,,,,,,,,
2026-06-28T22:01:33.134947+00:00,2026-06-29T08:01:33.124947,2,1,100.25,0.5,100.0,58,99.6,150,,,,,,,,,,,,,,,,,100.5,11,,,,,,,,,,,,,,,,,,
2026-06-28T22:01:33.255946+00:00,2026-06-29T08:01:33.248946,1,1,100.25,0.5,100.0,58,,,,,,,,,,,,,,,,,,,100.5,11,,,,,,,,,,,,,,,,,,
2026-06-28T22:01:33.310946+00:00,2026-06-29T08:01:33.302946,1,1,100.25,0.5,100.0,208,,,,,,,,,,,,,,,,,,,100.5,11,,,,,,,,,,,,,,,,,,
2026-06-28T22:01:33.365946+00:00,2026-06-29T08:01:33.355947,1,1,100.25,0.5,100.0,208,,,,,,,,,,,,,,,,,,,100.5,161,,,,,,,,,,,,,,,,,,
2026-06-28T22:01:33.574947+00:00,2026-06-29T08:01:33.567946,1,1,100.25,0.5,100.0,154,,,,,,,,,,,,,,,,,,,100.5,150,,,,,,,,,,,,,,,,,,
2026-06-28T22:01:33.629946+00:00,2026-06-29T08:01:33.623947,1,1,100.25,0.5,100.0,254,,,,,,,,,,,,,,,,,,,100.5,150,,,,,,,,,,,,,,,,,,
2026-06-28T22:01:33.684946+00:00,2026-06-29T08:01:33.675947,1,1,100.25,0.5,100.0,254,,,,,,,,,,,,,,,,,,,100.5,250,,,,,,,,,,,,,,,,,,
2026-06-28T22:01:35.081946+00:00,2026-06-29T08:01:35.074946,1,1,100.25,0.5,100.0,254,,,,,,,,,,,,,,,,,,,100.5,200,,,,,,,,,,,,,,,,,,
2026-06-28T22:01:35.521946+00:00,2026-06-29T08:01:35.511096,1,1,100.25,0.5,100.0,254,,,,,,,,,,,,,,,,,,,100.5,152,,,,,,,,,,,,,,,,,,
2026-06-28T22:01:35.719065+00:00,2026-06-29T08:01:35.714065,1,1,100.25,0.5,100.0,250,,,,,,,,,,,,,,,,,,,100.5,152,,,,,,,,,,,,,,,,,,
2026-06-28T22:01:36.411679+00:00,2026-06-29T08:01:36.410570,1,1,100.25,0.5,100.0,250,,,,,,,,,,,,,,,,,,,100.5,100,,,,,,,,,,,,,,,,,,
2026-06-28T22:01:36.422679+00:00,2026-06-29T08:01:36.412680,1,1,100.25,0.5,100.0,100,,,,,,,,,,,,,,,,,,,100.5,100,,,,,,,,,,,,,,,,,,
2026-06-28T22:01:36.477679+00:00,2026-06-29T08:01:36.467679,2,0,,,100.6,50,100.0,100,,,,,,,,,,,,,,,,,,,,,,,,,,,,,,,,,,,,
2026-06-28T22:01:36.532679+00:00,2026-06-29T08:01:36.522680,2,1,100.85,0.5,100.6,50,100.0,100,,,,,,,,,,,,,,,,,101.1,150,,,,,,,,,,,,,,,,,,
2026-06-28T22:01:36.543679+00:00,2026-06-29T08:01:36.538679,1,1,100.55,1.1,100.0,100,,,,,,,,,,,,,,,,,,,101.1,150,,,,,,,,,,,,,,,,,,
2026-06-28T22:01:36.730679+00:00,2026-06-29T08:01:36.728679,0,1,,,,,,,,,,,,,,,,,,,,,,,101.1,150,,,,,,,,,,,,,,,,,,
2026-06-28T22:01:36.796679+00:00,2026-06-29T08:01:36.794679,1,1,100.75,0.7,100.4,100,,,,,,,,,,,,,,,,,,,101.1,150,,,,,,,,,,,,,,,,,,
2026-06-28T22:01:36.851679+00:00,2026-06-29T08:01:36.843679,1,2,100.65,0.5,100.4,100,,,,,,,,,,,,,,,,,,,100.9,100,101.1,150,,,,,,,,,,,,,,,,
2026-06-28T22:01:36.928079+00:00,2026-06-29T08:01:36.919080,1,2,100.65,0.5,100.4,75,,,,,,,,,,,,,,,,,,,100.9,100,101.1,150,,,,,,,,,,,,,,,,
2026-06-28T22:01:37.038079+00:00,2026-06-29T08:01:37.029079,1,2,100.65,0.5,100.4,27,,,,,,,,,,,,,,,,,,,100.9,100,101.1,150,,,,,,,,,,,,,,,,
2026-06-28T22:01:37.137079+00:00,2026-06-29T08:01:37.127080,1,2,100.65,0.5,100.4,2,,,,,,,,,,,,,,,,,,,100.9,100,101.1,150,,,,,,,,,,,,,,,,
2026-06-28T22:01:37.214079+00:00,2026-06-29T08:01:37.205079,1,2,100.65,0.5,100.4,2,,,,,,,,,,,,,,,,,,,100.9,50,101.1,150,,,,,,,,,,,,,,,,
2026-06-28T22:01:37.346079+00:00,2026-06-29T08:01:37.338079,0,2,,,,,,,,,,,,,,,,,,,,,,,100.9,50,101.1,150,,,,,,,,,,,,,,,,
2026-06-28T22:01:39.577458+00:00,2026-06-29T08:01:39.574339,0,1,,,,,,,,,,,,,,,,,,,,,,,100.9,50,,,,,,,,,,,,,,,,,,
2026-06-28T22:01:39.643457+00:00,2026-06-29T08:01:39.638457,1,1,100.45,0.9,100.0,107,,,,,,,,,,,,,,,,,,,100.9,50,,,,,,,,,,,,,,,,,,
2026-06-28T22:01:39.687457+00:00,2026-06-29T08:01:39.681457,1,2,100.25,0.5,100.0,107,,,,,,,,,,,,,,,,,,,100.5,150,100.9,50,,,,,,,,,,,,,,,,
2026-06-28T22:01:39.907457+00:00,2026-06-29T08:01:39.899457,1,1,100.25,0.5,100.0,107,,,,,,,,,,,,,,,,,,,100.5,150,,,,,,,,,,,,,,,,,,
2026-06-28T22:01:39.962467+00:00,2026-06-29T08:01:39.951587,2,1,100.4,0.2,100.3,100,100.0,107,,,,,,,,,,,,,,,,,100.5,150,,,,,,,,,,,,,,,,,,
2026-06-28T22:01:40.006467+00:00,2026-06-29T08:01:40.003467,2,2,100.4,0.2,100.3,100,100.0,107,,,,,,,,,,,,,,,,,100.5,150,100.8,100,,,,,,,,,,,,,,,,
2026-06-28T22:01:41.480477+00:00,2026-06-29T08:01:41.472477,2,2,100.4,0.2,100.3,50,100.0,107,,,,,,,,,,,,,,,,,100.5,150,100.8,100,,,,,,,,,,,,,,,,
2026-06-28T22:01:42.734087+00:00,2026-06-29T08:01:42.733087,2,1,100.55,0.5,100.3,50,100.0,107,,,,,,,,,,,,,,,,,100.8,100,,,,,,,,,,,,,,,,,,
2026-06-28T22:01:42.745088+00:00,2026-06-29T08:01:42.735987,1,1,100.55,0.5,100.3,50,,,,,,,,,,,,,,,,,,,100.8,100,,,,,,,,,,,,,,,,,,
2026-06-28T22:01:42.800095+00:00,2026-06-29T08:01:42.793987,2,1,100.55,0.5,100.3,50,99.9,150,,,,,,,,,,,,,,,,,100.8,100,,,,,,,,,,,,,,,,,,
2026-06-28T22:01:42.853878+00:00,2026-06-29T08:01:42.844495,2,2,100.35,0.1,100.3,50,99.9,150,,,,,,,,,,,,,,,,,100.4,150,100.8,100,,,,,,,,,,,,,,,,
2026-06-28T22:01:43.062759+00:00,2026-06-29T08:01:43.059759,1,1,100.15,0.5,99.9,150,,,,,,,,,,,,,,,,,,,100.4,150,,,,,,,,,,,,,,,,,,
2026-06-28T22:01:43.117759+00:00,2026-06-29T08:01:43.112759,2,1,100.3,0.2,100.2,100,99.9,150,,,,,,,,,,,,,,,,,100.4,150,,,,,,,,,,,,,,,,,,
2026-06-28T22:01:43.172759+00:00,2026-06-29T08:01:43.166759,2,2,100.3,0.2,100.2,100,99.9,150,,,,,,,,,,,,,,,,,100.4,150,100.7,100,,,,,,,,,,,,,,,,
2026-06-28T22:01:43.535878+00:00,2026-06-29T08:01:43.532878,2,2,100.3,0.2,100.2,100,99.9,150,,,,,,,,,,,,,,,,,100.4,100,100.7,100,,,,,,,,,,,,,,,,
2026-06-28T22:01:45.702788+00:00,2026-06-29T08:01:45.692788,2,2,100.3,0.2,100.2,50,99.9,150,,,,,,,,,,,,,,,,,100.4,100,100.7,100,,,,,,,,,,,,,,,,
2026-06-28T22:01:45.900788+00:00,2026-06-29T08:01:45.896788,2,1,100.45,0.5,100.2,50,99.9,150,,,,,,,,,,,,,,,,,100.7,100,,,,,,,,,,,,,,,,,,
2026-06-28T22:01:45.911788+00:00,2026-06-29T08:01:45.902788,1,1,100.45,0.5,100.2,50,,,,,,,,,,,,,,,,,,,100.7,100,,,,,,,,,,,,,,,,,,
2026-06-28T22:01:45.955788+00:00,2026-06-29T08:01:45.950788,2,1,100.45,0.5,100.2,50,100.1,150,,,,,,,,,,,,,,,,,100.7,100,,,,,,,,,,,,,,,,,,
2026-06-28T22:01:46.010788+00:00,2026-06-29T08:01:46.003788,2,2,100.4,0.4,100.2,50,100.1,150,,,,,,,,,,,,,,,,,100.6,150,100.7,100,,,,,,,,,,,,,,,,
2026-06-28T22:01:46.230820+00:00,2026-06-29T08:01:46.222821,1,1,100.35,0.5,100.1,150,,,,,,,,,,,,,,,,,,,100.6,150,,,,,,,,,,,,,,,,,,
2026-06-28T22:01:46.285820+00:00,2026-06-29T08:01:46.275821,1,1,100.35,0.5,100.1,250,,,,,,,,,,,,,,,,,,,100.6,150,,,,,,,,,,,,,,,,,,
2026-06-28T22:01:46.329821+00:00,2026-06-29T08:01:46.327820,1,1,100.35,0.5,100.1,250,,,,,,,,,,,,,,,,,,,100.6,250,,,,,,,,,,,,,,,,,,
2026-06-28T22:01:46.703829+00:00,2026-06-29T08:01:46.693830,2,2,100.35,0.3,100.2,3,100.1,250,,,,,,,,,,,,,,,,,100.5,2,100.6,250,,,,,,,,,,,,,,,,
2026-06-28T22:01:47.759348+00:00,2026-06-29T08:01:47.751348,2,1,100.4,0.4,100.2,3,100.1,250,,,,,,,,,,,,,,,,,100.6,202,,,,,,,,,,,,,,,,,,
2026-06-28T22:01:47.923900+00:00,2026-06-29T08:01:47.921900,2,1,100.4,0.4,100.2,3,100.1,250,,,,,,,,,,,,,,,,,100.6,160,,,,,,,,,,,,,,,,,,
2026-06-28T22:01:49.067900+00:00,2026-06-29T08:01:49.058900,2,1,100.4,0.4,100.2,3,100.1,100,,,,,,,,,,,,,,,,,100.6,100,,,,,,,,,,,,,,,,,,
2026-06-28T22:01:49.111891+00:00,2026-06-29T08:01:49.110891,3,1,100.5,0.2,100.4,150,100.2,3,100.1,100,,,,,,,,,,,,,,,100.6,100,,,,,,,,,,,,,,,,,,
2026-06-28T22:01:49.166891+00:00,2026-06-29T08:01:49.164890,3,2,100.5,0.2,100.4,150,100.2,3,100.1,100,,,,,,,,,,,,,,,100.6,100,100.9,150,,,,,,,,,,,,,,,,
2026-06-28T22:01:49.177892+00:00,2026-06-29T08:01:49.168891,3,2,100.5,0.2,100.4,125,100.2,3,100.1,100,,,,,,,,,,,,,,,100.6,100,100.9,150,,,,,,,,,,,,,,,,
2026-06-28T22:01:49.386890+00:00,2026-06-29T08:01:49.382891,2,1,100.65,0.5,100.4,100,100.2,3,,,,,,,,,,,,,,,,,100.9,150,,,,,,,,,,,,,,,,,,
2026-06-28T22:01:49.441900+00:00,2026-06-29T08:01:49.435900,3,1,100.65,0.5,100.4,100,100.2,3,100.0,100,,,,,,,,,,,,,,,100.9,150,,,,,,,,,,,,,,,,,,
2026-06-28T22:01:49.496900+00:00,2026-06-29T08:01:49.489900,3,2,100.45,0.1,100.4,100,100.2,3,100.0,100,,,,,,,,,,,,,,,100.5,100,100.9,150,,,,,,,,,,,,,,,,
2026-06-28T22:01:49.529900+00:00,2026-06-29T08:01:49.528900,3,2,100.45,0.1,100.4,100,100.2,2,100.0,100,,,,,,,,,,,,,,,100.5,100,100.9,150,,,,,,,,,,,,,,,,
2026-06-28T22:01:49.595900+00:00,2026-06-29T08:01:49.585901,3,2,100.45,0.1,100.4,75,100.2,2,100.0,100,,,,,,,,,,,,,,,100.5,100,100.9,150,,,,,,,,,,,,,,,,
2026-06-28T22:01:49.738900+00:00,2026-06-29T08:01:49.728900,3,2,100.45,0.1,100.4,75,100.2,2,100.0,100,,,,,,,,,,,,,,,100.5,104,100.9,150,,,,,,,,,,,,,,,,
2026-06-28T22:01:50.233891+00:00,2026-06-29T08:01:50.226892,3,2,100.45,0.1,100.4,27,100.2,2,100.0,100,,,,,,,,,,,,,,,100.5,104,100.9,150,,,,,,,,,,,,,,,,
2026-06-28T22:01:50.563894+00:00,2026-06-29T08:01:50.561900,3,2,100.45,0.1,100.4,17,100.2,2,100.0,100,,,,,,,,,,,,,,,100.5,104,100.9,150,,,,,,,,,,,,,,,,
2026-06-28T22:01:50.816900+00:00,2026-06-29T08:01:50.807900,3,2,100.45,0.1,100.4,17,100.2,2,100.0,100,,,,,,,,,,,,,,,100.5,103,100.9,150,,,,,,,,,,,,,,,,
2026-06-28T22:01:51.729900+00:00,2026-06-29T08:01:51.719901,3,2,100.45,0.1,100.4,17,100.2,2,100.0,100,,,,,,,,,,,,,,,100.5,54,100.9,150,,,,,,,,,,,,,,,,
2026-06-28T22:01:52.026891+00:00,2026-06-29T08:01:52.016891,1,2,100.25,0.5,100.0,69,,,,,,,,,,,,,,,,,,,100.5,54,100.9,150,,,,,,,,,,,,,,,,
2026-06-28T22:01:52.224891+00:00,2026-06-29T08:01:52.219891,1,1,100.25,0.5,100.0,69,,,,,,,,,,,,,,,,,,,100.5,54,,,,,,,,,,,,,,,,,,
2026-06-28T22:01:52.279891+00:00,2026-06-29T08:01:52.271891,2,1,100.25,0.5,100.0,69,99.7,150,,,,,,,,,,,,,,,,,100.5,54,,,,,,,,,,,,,,,,,,
2026-06-28T22:01:52.334891+00:00,2026-06-29T08:01:52.324891,2,2,100.1,0.2,100.0,69,99.7,150,,,,,,,,,,,,,,,,,100.2,150,100.5,54,,,,,,,,,,,,,,,,
2026-06-28T22:01:52.554010+00:00,2026-06-29T08:01:52.545992,1,2,99.95,0.5,99.7,150,,,,,,,,,,,,,,,,,,,100.2,150,100.5,3,,,,,,,,,,,,,,,,
2026-06-28T22:01:52.609010+00:00,2026-06-29T08:01:52.598947,2,2,100.05,0.3,99.9,100,99.7,150,,,,,,,,,,,,,,,,,100.2,150,100.5,3,,,,,,,,,,,,,,,,
2026-06-28T22:01:52.653009+00:00,2026-06-29T08:01:52.650010,2,3,100.05,0.3,99.9,100,99.7,150,,,,,,,,,,,,,,,,,100.2,150,100.4,100,100.5,3,,,,,,,,,,,,,,
2026-06-28T22:01:52.729900+00:00,2026-06-29T08:01:52.724900,2,3,100.05,0.3,99.9,100,99.7,150,,,,,,,,,,,,,,,,,100.2,148,100.4,100,100.5,3,,,,,,,,,,,,,,
2026-06-28T22:01:52.828900+00:00,2026-06-29T08:01:52.825892,2,3,100.05,0.3,99.9,100,99.7,150,,,,,,,,,,,,,,,,,100.2,146,100.4,100,100.5,3,,,,,,,,,,,,,,
2026-06-28T22:01:52.851008+00:00,2026-06-29T08:01:52.849003,2,3,100.05,0.3,99.9,100,99.7,150,,,,,,,,,,,,,,,,,100.2,101,100.4,100,100.5,3,,,,,,,,,,,,,,
2026-06-28T22:01:52.884008+00:00,2026-06-29T08:01:52.877008,2,3,100.05,0.3,99.9,100,99.7,150,,,,,,,,,,,,,,,,,100.2,91,100.4,100,100.5,3,,,,,,,,,,,,,,
2026-06-28T22:01:53.719541+00:00,2026-06-29T08:01:53.718541,2,3,100.05,0.3,99.9,100,99.7,150,,,,,,,,,,,,,,,,,100.2,91,100.4,100,100.5,2,,,,,,,,,,,,,,
2026-06-28T22:01:54.126541+00:00,2026-06-29T08:01:54.123541,2,3,100.05,0.3,99.9,50,99.7,150,,,,,,,,,,,,,,,,,100.2,91,100.4,100,100.5,2,,,,,,,,,,,,,,
2026-06-28T22:01:54.203532+00:00,2026-06-29T08:01:54.199532,2,3,100.05,0.3,99.9,50,99.7,150,,,,,,,,,,,,,,,,,100.2,91,100.4,100,100.5,1,,,,,,,,,,,,,,
2026-06-28T22:01:54.555532+00:00,2026-06-29T08:01:54.554532,2,3,100.05,0.3,99.9,4,99.7,150,,,,,,,,,,,,,,,,,100.2,91,100.4,100,100.5,1,,,,,,,,,,,,,,
2026-06-28T22:01:54.632532+00:00,2026-06-29T08:01:54.622532,3,3,100.15,0.1,100.1,4,99.9,4,99.7,150,,,,,,,,,,,,,,,100.2,91,100.4,100,100.5,1,,,,,,,,,,,,,,
2026-06-28T22:01:54.731532+00:00,2026-06-29T08:01:54.726532,3,3,100.15,0.1,100.1,3,99.9,4,99.7,150,,,,,,,,,,,,,,,100.2,91,100.4,100,100.5,1,,,,,,,,,,,,,,
2026-06-28T22:01:55.402532+00:00,2026-06-29T08:01:55.401532,2,2,100.25,0.3,100.1,3,99.9,4,,,,,,,,,,,,,,,,,100.4,100,100.5,1,,,,,,,,,,,,,,,,
2026-06-28T22:01:55.457541+00:00,2026-06-29T08:01:55.456541,3,2,100.25,0.3,100.1,3,100.0,150,99.9,4,,,,,,,,,,,,,,,100.4,100,100.5,1,,,,,,,,,,,,,,,,
2026-06-28T22:01:55.512541+00:00,2026-06-29T08:01:55.508532,3,2,100.25,0.3,100.1,3,100.0,150,99.9,4,,,,,,,,,,,,,,,100.4,100,100.5,151,,,,,,,,,,,,,,,,
2026-06-28T22:01:55.710541+00:00,2026-06-29T08:01:55.706541,2,1,100.3,0.4,100.1,3,100.0,150,,,,,,,,,,,,,,,,,100.5,151,,,,,,,,,,,,,,,,,,
2026-06-28T22:01:55.765541+00:00,2026-06-29T08:01:55.759541,3,1,100.3,0.4,100.1,3,100.0,150,99.6,100,,,,,,,,,,,,,,,100.5,151,,,,,,,,,,,,,,,,,,
2026-06-28T22:01:55.820541+00:00,2026-06-29T08:01:55.815541,2,2,100.05,0.1,100.0,150,99.6,100,,,,,,,,,,,,,,,,,100.1,97,100.5,151,,,,,,,,,,,,,,,,
2026-06-28T22:01:55.864541+00:00,2026-06-29T08:01:55.854541,2,2,100.05,0.1,100.0,150,99.6,100,,,,,,,,,,,,,,,,,100.1,94,100.5,151,,,,,,,,,,,,,,,,
2026-06-28T22:01:55.897541+00:00,2026-06-29T08:01:55.891541,2,2,100.05,0.1,100.0,150,99.6,100,,,,,,,,,,,,,,,,,100.1,91,100.5,151,,,,,,,,,,,,,,,,
2026-06-28T22:01:55.930541+00:00,2026-06-29T08:01:55.921541,2,2,100.05,0.1,100.0,150,99.6,100,,,,,,,,,,,,,,,,,100.1,89,100.5,151,,,,,,,,,,,,,,,,
2026-06-28T22:01:56.150091+00:00,2026-06-29T08:01:56.140092,2,2,100.05,0.1,100.0,150,99.6,100,,,,,,,,,,,,,,,,,100.1,87,100.5,151,,,,,,,,,,,,,,,,
2026-06-28T22:01:56.238082+00:00,2026-06-29T08:01:56.230083,2,2,100.05,0.1,100.0,100,99.6,100,,,,,,,,,,,,,,,,,100.1,87,100.5,151,,,,,,,,,,,,,,,,
2026-06-28T22:01:56.568092+00:00,2026-06-29T08:01:56.567091,2,2,100.05,0.1,100.0,100,99.6,100,,,,,,,,,,,,,,,,,100.1,85,100.5,151,,,,,,,,,,,,,,,,
2026-06-28T22:01:56.601092+00:00,2026-06-29T08:01:56.594092,2,2,100.05,0.1,100.0,100,99.6,100,,,,,,,,,,,,,,,,,100.1,83,100.5,151,,,,,,,,,,,,,,,,
2026-06-28T22:01:56.645091+00:00,2026-06-29T08:01:56.634092,2,2,100.05,0.1,100.0,100,99.6,100,,,,,,,,,,,,,,,,,100.1,81,100.5,151,,,,,,,,,,,,,,,,
2026-06-28T22:01:56.788091+00:00,2026-06-29T08:01:56.781092,2,2,100.05,0.1,100.0,100,99.6,100,,,,,,,,,,,,,,,,,100.1,79,100.5,151,,,,,,,,,,,,,,,,
2026-06-28T22:01:56.843091+00:00,2026-06-29T08:01:56.836091,2,2,100.05,0.1,100.0,100,99.6,100,,,,,,,,,,,,,,,,,100.1,77,100.5,151,,,,,,,,,,,,,,,,
2026-06-28T22:01:56.887091+00:00,2026-06-29T08:01:56.884091,2,2,100.05,0.1,100.0,100,99.6,100,,,,,,,,,,,,,,,,,100.1,75,100.5,151,,,,,,,,,,,,,,,,
2026-06-28T22:01:57.096091+00:00,2026-06-29T08:01:57.088091,2,2,100.05,0.1,100.0,100,99.6,100,,,,,,,,,,,,,,,,,100.1,73,100.5,151,,,,,,,,,,,,,,,,
2026-06-28T22:01:57.206091+00:00,2026-06-29T08:01:57.200091,2,2,100.05,0.1,100.0,100,99.6,100,,,,,,,,,,,,,,,,,100.1,71,100.5,151,,,,,,,,,,,,,,,,
2026-06-28T22:01:57.239082+00:00,2026-06-29T08:01:57.236082,2,2,100.05,0.1,100.0,100,99.6,100,,,,,,,,,,,,,,,,,100.1,71,100.5,150,,,,,,,,,,,,,,,,
2026-06-28T22:01:57.657091+00:00,2026-06-29T08:01:57.655091,2,3,100.05,0.1,100.0,100,99.6,100,,,,,,,,,,,,,,,,,100.1,71,100.3,4,100.5,150,,,,,,,,,,,,,,
2026-06-28T22:01:57.668092+00:00,2026-06-29T08:01:57.659091,2,3,100.05,0.1,100.0,101,99.6,100,,,,,,,,,,,,,,,,,100.1,71,100.3,4,100.5,150,,,,,,,,,,,,,,
2026-06-28T22:01:58.337842+00:00,2026-06-29T08:01:58.335842,2,3,100.05,0.1,100.0,51,99.6,100,,,,,,,,,,,,,,,,,100.1,71,100.3,4,100.5,150,,,,,,,,,,,,,,
2026-06-28T22:01:58.568851+00:00,2026-06-29T08:01:58.565851,2,2,100.05,0.1,100.0,1,99.6,100,,,,,,,,,,,,,,,,,100.1,71,100.3,4,,,,,,,,,,,,,,,,
2026-06-28T22:01:58.623851+00:00,2026-06-29T08:01:58.614851,3,2,100.05,0.1,100.0,1,99.6,100,99.4,150,,,,,,,,,,,,,,,100.1,71,100.3,4,,,,,,,,,,,,,,,,
2026-06-28T22:01:58.678851+00:00,2026-06-29T08:01:58.669843,2,3,99.75,0.3,99.6,100,99.4,150,,,,,,,,,,,,,,,,,99.9,149,100.1,71,100.3,4,,,,,,,,,,,,,,
2026-06-28T22:01:58.821851+00:00,2026-06-29T08:01:58.817851,2,3,99.75,0.3,99.6,100,99.4,150,,,,,,,,,,,,,,,,,99.9,124,100.1,71,100.3,4,,,,,,,,,,,,,,
2026-06-28T22:01:58.876851+00:00,2026-06-29T08:01:58.868851,1,2,99.65,0.5,99.4,150,,,,,,,,,,,,,,,,,,,99.9,124,100.3,4,,,,,,,,,,,,,,,,
2026-06-28T22:01:58.931851+00:00,2026-06-29T08:01:58.921852,2,2,99.75,0.3,99.6,100,99.4,150,,,,,,,,,,,,,,,,,99.9,124,100.3,4,,,,,,,,,,,,,,,,
2026-06-28T22:01:58.997851+00:00,2026-06-29T08:01:58.992842,2,3,99.75,0.3,99.6,100,99.4,150,,,,,,,,,,,,,,,,,99.9,124,100.1,100,100.3,4,,,,,,,,,,,,,,
2026-06-28T22:01:59.030851+00:00,2026-06-29T08:01:59.026851,2,3,99.75,0.3,99.6,100,99.4,150,,,,,,,,,,,,,,,,,99.9,99,100.1,100,100.3,4,,,,,,,,,,,,,,
2026-06-28T22:01:59.206851+00:00,2026-06-29T08:01:59.205851,2,3,99.75,0.3,99.6,100,99.4,150,,,,,,,,,,,,,,,,,99.9,98,100.1,100,100.3,4,,,,,,,,,,,,,,
2026-06-28T22:01:59.239851+00:00,2026-06-29T08:01:59.238851,2,3,99.75,0.3,99.6,100,99.4,150,,,,,,,,,,,,,,,,,99.9,73,100.1,100,100.3,4,,,,,,,,,,,,,,
2026-06-28T22:02:00.449865+00:00,2026-06-29T08:02:00.442864,2,3,99.75,0.3,99.6,50,99.4,150,,,,,,,,,,,,,,,,,99.9,73,100.1,100,100.3,4,,,,,,,,,,,,,,
2026-06-28T22:02:00.471864+00:00,2026-06-29T08:02:00.460864,2,3,99.75,0.3,99.6,50,99.4,150,,,,,,,,,,,,,,,,,99.9,48,100.1,100,100.3,4,,,,,,,,,,,,,,
2026-06-28T22:02:00.680864+00:00,2026-06-29T08:02:00.670856,2,3,99.75,0.3,99.6,50,99.4,150,,,,,,,,,,,,,,,,,99.9,23,100.1,100,100.3,4,,,,,,,,,,,,,,
2026-06-28T22:02:00.746865+00:00,2026-06-29T08:02:00.739864,2,2,99.85,0.5,99.6,50,99.4,150,,,,,,,,,,,,,,,,,100.1,100,100.3,4,,,,,,,,,,,,,,,,
2026-06-28T22:02:01.626864+00:00,2026-06-29T08:02:01.624864,2,2,99.85,0.5,99.6,50,99.4,150,,,,,,,,,,,,,,,,,100.1,59,100.3,4,,,,,,,,,,,,,,,,
2026-06-28T22:02:01.725864+00:00,2026-06-29T08:02:01.723864,1,2,99.85,0.5,99.6,50,,,,,,,,,,,,,,,,,,,100.1,59,100.3,4,,,,,,,,,,,,,,,,
2026-06-28T22:02:01.780864+00:00,2026-06-29T08:02:01.776864,2,1,100.25,0.1,100.2,91,99.6,50,,,,,,,,,,,,,,,,,100.3,4,,,,,,,,,,,,,,,,,,
2026-06-28T22:02:01.835864+00:00,2026-06-29T08:02:01.829856,2,2,100.25,0.1,100.2,91,99.6,50,,,,,,,,,,,,,,,,,100.3,4,100.7,150,,,,,,,,,,,,,,,,
2026-06-28T22:02:02.055864+00:00,2026-06-29T08:02:02.045865,1,2,100.25,0.1,100.2,91,,,,,,,,,,,,,,,,,,,100.3,4,100.7,150,,,,,,,,,,,,,,,,
2026-06-28T22:02:02.099865+00:00,2026-06-29T08:02:02.098856,2,2,100.25,0.1,100.2,91,99.8,100,,,,,,,,,,,,,,,,,100.3,4,100.7,150,,,,,,,,,,,,,,,,
2026-06-28T22:02:02.154864+00:00,2026-06-29T08:02:02.150864,2,2,100.25,0.1,100.2,91,99.8,100,,,,,,,,,,,,,,,,,100.3,104,100.7,150,,,,,,,,,,,,,,,,
2026-06-28T22:02:02.549974+00:00,2026-06-29T08:02:02.548974,2,2,100.25,0.1,100.2,41,99.8,100,,,,,,,,,,,,,,,,,100.3,104,100.7,150,,,,,,,,,,,,,,,,
2026-06-28T22:02:03.242441+00:00,2026-06-29T08:02:03.238441,2,2,100.25,0.1,100.2,41,99.8,100,,,,,,,,,,,,,,,,,100.3,57,100.7,150,,,,,,,,,,,,,,,,
2026-06-28T22:02:03.572452+00:00,2026-06-29T08:02:03.562453,2,2,100.25,0.1,100.2,36,99.8,100,,,,,,,,,,,,,,,,,100.3,57,100.7,150,,,,,,,,,,,,,,,,
2026-06-28T22:02:03.704461+00:00,2026-06-29T08:02:03.698461,2,2,100.25,0.1,100.2,31,99.8,100,,,,,,,,,,,,,,,,,100.3,57,100.7,150,,,,,,,,,,,,,,,,
2026-06-28T22:02:03.770462+00:00,2026-06-29T08:02:03.768462,2,2,100.25,0.1,100.2,26,99.8,100,,,,,,,,,,,,,,,,,100.3,57,100.7,150,,,,,,,,,,,,,,,,
2026-06-28T22:02:04.023461+00:00,2026-06-29T08:02:04.016461,2,2,100.25,0.1,100.2,21,99.8,100,,,,,,,,,,,,,,,,,100.3,57,100.7,150,,,,,,,,,,,,,,,,
2026-06-28T22:02:04.166461+00:00,2026-06-29T08:02:04.156462,2,2,100.25,0.1,100.2,21,99.8,100,,,,,,,,,,,,,,,,,100.3,62,100.7,150,,,,,,,,,,,,,,,,
2026-06-28T22:02:04.265461+00:00,2026-06-29T08:02:04.260453,3,2,100.25,0.1,100.2,21,100.0,1,99.8,100,,,,,,,,,,,,,,,100.3,62,100.7,150,,,,,,,,,,,,,,,,
2026-06-28T22:02:04.661461+00:00,2026-06-29T08:02:04.657461,1,2,100.05,0.5,99.8,72,,,,,,,,,,,,,,,,,,,100.3,62,100.7,150,,,,,,,,,,,,,,,,
2026-06-28T22:02:04.738461+00:00,2026-06-29T08:02:04.733453,2,2,100.15,0.3,100.0,1,99.8,72,,,,,,,,,,,,,,,,,100.3,62,100.7,150,,,,,,,,,,,,,,,,
2026-06-28T22:02:04.771462+00:00,2026-06-29T08:02:04.768462,1,2,100.05,0.5,99.8,29,,,,,,,,,,,,,,,,,,,100.3,62,100.7,150,,,,,,,,,,,,,,,,
2026-06-28T22:02:04.892461+00:00,2026-06-29T08:02:04.884454,1,1,100.05,0.5,99.8,29,,,,,,,,,,,,,,,,,,,100.3,62,,,,,,,,,,,,,,,,,,
2026-06-28T22:02:04.947462+00:00,2026-06-29T08:02:04.936462,2,1,100.05,0.5,99.8,29,99.5,150,,,,,,,,,,,,,,,,,100.3,62,,,,,,,,,,,,,,,,,,
2026-06-28T22:02:04.991462+00:00,2026-06-29T08:02:04.989461,2,2,99.9,0.2,99.8,29,99.5,150,,,,,,,,,,,,,,,,,100.0,150,100.3,62,,,,,,,,,,,,,,,,
2026-06-28T22:02:05.211461+00:00,2026-06-29T08:02:05.208461,1,2,99.75,0.5,99.5,150,,,,,,,,,,,,,,,,,,,100.0,150,100.3,5,,,,,,,,,,,,,,,,
2026-06-28T22:02:05.266461+00:00,2026-06-29T08:02:05.257462,2,2,99.85,0.3,99.7,100,99.5,150,,,,,,,,,,,,,,,,,100.0,150,100.3,5,,,,,,,,,,,,,,,,
2026-06-28T22:02:05.321461+00:00,2026-06-29T08:02:05.312462,2,3,99.85,0.3,99.7,100,99.5,150,,,,,,,,,,,,,,,,,100.0,150,100.2,100,100.3,5,,,,,,,,,,,,,,
2026-06-28T22:02:05.705684+00:00,2026-06-29T08:02:05.701684,2,3,99.85,0.3,99.7,100,99.5,150,,,,,,,,,,,,,,,,,100.0,125,100.2,100,100.3,5,,,,,,,,,,,,,,
2026-06-28T22:02:05.826684+00:00,2026-06-29T08:02:05.816684,3,3,99.95,0.1,99.9,1,99.7,100,99.5,150,,,,,,,,,,,,,,,100.0,125,100.2,100,100.3,5,,,,,,,,,,,,,,
2026-06-28T22:02:05.848684+00:00,2026-06-29T08:02:05.847684,2,3,99.85,0.3,99.7,100,99.5,150,,,,,,,,,,,,,,,,,100.0,125,100.2,100,100.3,5,,,,,,,,,,,,,,
2026-06-28T22:02:05.914684+00:00,2026-06-29T08:02:05.910683,2,3,99.85,0.3,99.7,100,99.5,150,,,,,,,,,,,,,,,,,100.0,100,100.2,100,100.3,5,,,,,,,,,,,,,,
2026-06-28T22:02:06.771830+00:00,2026-06-29T08:02:06.764839,2,3,99.85,0.3,99.7,50,99.5,150,,,,,,,,,,,,,,,,,100.0,100,100.2,100,100.3,5,,,,,,,,,,,,,,
2026-06-28T22:02:07.288838+00:00,2026-06-29T08:02:07.281838,2,3,99.85,0.3,99.7,50,99.5,150,,,,,,,,,,,,,,,,,100.0,68,100.2,100,100.3,5,,,,,,,,,,,,,,
2026-06-28T22:02:07.376831+00:00,2026-06-29T08:02:07.374831,3,3,99.95,0.1,99.9,1,99.7,50,99.5,150,,,,,,,,,,,,,,,100.0,68,100.2,100,100.3,5,,,,,,,,,,,,,,
2026-06-28T22:02:08.047390+00:00,2026-06-29T08:02:08.046390,2,2,100.05,0.3,99.9,1,99.7,50,,,,,,,,,,,,,,,,,100.2,100,100.3,5,,,,,,,,,,,,,,,,
2026-06-28T22:02:08.102390+00:00,2026-06-29T08:02:08.097390,3,2,100.1,0.2,100.0,150,99.9,1,99.7,50,,,,,,,,,,,,,,,100.2,100,100.3,5,,,,,,,,,,,,,,,,
2026-06-28T22:02:08.157390+00:00,2026-06-29T08:02:08.150389,3,3,100.1,0.2,100.0,150,99.9,1,99.7,50,,,,,,,,,,,,,,,100.2,100,100.3,5,100.5,150,,,,,,,,,,,,,,
2026-06-28T22:02:08.377390+00:00,2026-06-29T08:02:08.366390,2,2,100.15,0.3,100.0,150,99.9,1,,,,,,,,,,,,,,,,,100.3,5,100.5,150,,,,,,,,,,,,,,,,
2026-06-28T22:02:08.421401+00:00,2026-06-29T08:02:08.418402,3,2,100.15,0.3,100.0,150,99.9,1,99.8,100,,,,,,,,,,,,,,,100.3,5,100.5,150,,,,,,,,,,,,,,,,
2026-06-28T22:02:08.465400+00:00,2026-06-29T08:02:08.459401,3,2,100.15,0.3,100.0,150,99.9,1,99.8,100,,,,,,,,,,,,,,,100.3,4,100.5,150,,,,,,,,,,,,,,,,
2026-06-28T22:02:08.476401+00:00,2026-06-29T08:02:08.473401,3,2,100.15,0.3,100.0,150,99.9,1,99.8,100,,,,,,,,,,,,,,,100.3,104,100.5,150,,,,,,,,,,,,,,,,
2026-06-28T22:02:08.872401+00:00,2026-06-29T08:02:08.870401,3,2,100.15,0.3,100.0,100,99.9,1,99.8,100,,,,,,,,,,,,,,,100.3,104,100.5,150,,,,,,,,,,,,,,,,
2026-06-28T22:02:09.070401+00:00,2026-06-29T08:02:09.061402,3,2,100.15,0.3,100.0,60,99.9,1,99.8,100,,,,,,,,,,,,,,,100.3,104,100.5,150,,,,,,,,,,,,,,,,
2026-06-28T22:02:10.214410+00:00,2026-06-29T08:02:10.206410,3,2,100.15,0.3,100.0,60,99.9,1,99.8,100,,,,,,,,,,,,,,,100.3,61,100.5,150,,,,,,,,,,,,,,,,
2026-06-28T22:02:10.730929+00:00,2026-06-29T08:02:10.726929,3,2,100.15,0.3,100.0,20,99.9,1,99.8,100,,,,,,,,,,,,,,,100.3,61,100.5,150,,,,,,,,,,,,,,,,
2026-06-28T22:02:10.983929+00:00,2026-06-29T08:02:10.982929,1,2,100.05,0.5,99.8,71,,,,,,,,,,,,,,,,,,,100.3,61,100.5,150,,,,,,,,,,,,,,,,
2026-06-28T22:02:11.214929+00:00,2026-06-29T08:02:11.206928,1,1,100.05,0.5,99.8,71,,,,,,,,,,,,,,,,,,,100.3,61,,,,,,,,,,,,,,,,,,
2026-06-28T22:02:11.269929+00:00,2026-06-29T08:02:11.262929,2,1,100.05,0.5,99.8,71,99.4,150,,,,,,,,,,,,,,,,,100.3,61,,,,,,,,,,,,,,,,,,
2026-06-28T22:02:11.324929+00:00,2026-06-29T08:02:11.315929,2,2,99.85,0.1,99.8,71,99.4,150,,,,,,,,,,,,,,,,,99.9,150,100.3,61,,,,,,,,,,,,,,,,
2026-06-28T22:02:11.533919+00:00,2026-06-29T08:02:11.527920,1,1,99.65,0.5,99.4,150,,,,,,,,,,,,,,,,,,,99.9,150,,,,,,,,,,,,,,,,,,
2026-06-28T22:02:11.588920+00:00,2026-06-29T08:02:11.583920,1,1,99.65,0.5,99.4,150,,,,,,,,,,,,,,,,,,,99.9,50,,,,,,,,,,,,,,,,,,
2026-06-28T22:02:11.643920+00:00,2026-06-29T08:02:11.638920,1,2,99.65,0.5,99.4,150,,,,,,,,,,,,,,,,,,,99.9,50,100.4,100,,,,,,,,,,,,,,,,
2026-06-28T22:02:11.896929+00:00,2026-06-29T08:02:11.886929,1,3,99.65,0.5,99.4,150,,,,,,,,,,,,,,,,,,,99.9,50,100.2,4,100.4,100,,,,,,,,,,,,,,
2026-06-28T22:02:13.040055+00:00,2026-06-29T08:02:13.038055,1,2,99.8,0.8,99.4,150,,,,,,,,,,,,,,,,,,,100.2,4,100.4,100,,,,,,,,,,,,,,,,
2026-06-28T22:02:13.777103+00:00,2026-06-29T08:02:13.768103,2,2,100.05,0.3,99.9,2,99.4,150,,,,,,,,,,,,,,,,,100.2,4,100.4,100,,,,,,,,,,,,,,,,
2026-06-28T22:02:13.942103+00:00,2026-06-29T08:02:13.936103,2,1,100.15,0.5,99.9,2,99.4,150,,,,,,,,,,,,,,,,,100.4,100,,,,,,,,,,,,,,,,,,
2026-06-28T22:02:13.975103+00:00,2026-06-29T08:02:13.967094,2,2,100.05,0.3,99.9,2,99.4,150,,,,,,,,,,,,,,,,,100.2,4,100.4,100,,,,,,,,,,,,,,,,
2026-06-28T22:02:14.162103+00:00,2026-06-29T08:02:14.155103,2,1,100.15,0.5,99.9,2,99.4,150,,,,,,,,,,,,,,,,,100.4,100,,,,,,,,,,,,,,,,,,
2026-06-28T22:02:14.371103+00:00,2026-06-29T08:02:14.370103,1,1,100.15,0.5,99.9,2,,,,,,,,,,,,,,,,,,,100.4,100,,,,,,,,,,,,,,,,,,
2026-06-28T22:02:14.426103+00:00,2026-06-29T08:02:14.423103,2,1,100.2,0.4,100.0,150,99.9,2,,,,,,,,,,,,,,,,,100.4,100,,,,,,,,,,,,,,,,,,
2026-06-28T22:02:14.481103+00:00,2026-06-29T08:02:14.476103,2,2,100.2,0.4,100.0,150,99.9,2,,,,,,,,,,,,,,,,,100.4,100,100.5,150,,,,,,,,,,,,,,,,
2026-06-28T22:02:14.701103+00:00,2026-06-29T08:02:14.691104,2,1,100.25,0.5,100.0,150,99.9,2,,,,,,,,,,,,,,,,,100.5,150,,,,,,,,,,,,,,,,,,
2026-06-28T22:02:14.756108+00:00,2026-06-29T08:02:14.746107,3,1,100.25,0.5,100.0,150,99.9,2,99.6,100,,,,,,,,,,,,,,,100.5,150,,,,,,,,,,,,,,,,,,
2026-06-28T22:02:14.800113+00:00,2026-06-29T08:02:14.799113,3,2,100.05,0.1,100.0,150,99.9,2,99.6,100,,,,,,,,,,,,,,,100.1,100,100.5,150,,,,,,,,,,,,,,,,
2026-06-28T22:02:16.474168+00:00,2026-06-29T08:02:16.471168,3,2,100.05,0.1,100.0,150,99.9,2,99.6,100,,,,,,,,,,,,,,,100.1,59,100.5,150,,,,,,,,,,,,,,,,
2026-06-28T22:02:16.826277+00:00,2026-06-29T08:02:16.816278,3,3,100.05,0.1,100.0,150,99.9,2,99.6,100,,,,,,,,,,,,,,,100.1,59,100.2,2,100.5,150,,,,,,,,,,,,,,
2026-06-28T22:02:17.266168+00:00,2026-06-29T08:02:17.262168,3,3,100.05,0.1,100.0,150,99.9,2,99.6,100,,,,,,,,,,,,,,,100.1,9,100.2,2,100.5,150,,,,,,,,,,,,,,
2026-06-28T22:02:17.376168+00:00,2026-06-29T08:02:17.375168,3,2,100.1,0.2,100.0,150,99.9,2,99.6,100,,,,,,,,,,,,,,,100.2,2,100.5,150,,,,,,,,,,,,,,,,
2026-06-28T22:02:17.530168+00:00,2026-06-29T08:02:17.528168,3,1,100.1,0.2,100.0,150,99.9,2,99.6,100,,,,,,,,,,,,,,,100.2,2,,,,,,,,,,,,,,,,,,
2026-06-28T22:02:17.541160+00:00,2026-06-29T08:02:17.531168,2,1,100.05,0.3,99.9,2,99.6,100,,,,,,,,,,,,,,,,,100.2,2,,,,,,,,,,,,,,,,,,
2026-06-28T22:02:17.585159+00:00,2026-06-29T08:02:17.584159,3,1,100.15,0.1,100.1,150,99.9,2,99.6,100,,,,,,,,,,,,,,,100.2,2,,,,,,,,,,,,,,,,,,
2026-06-28T22:02:17.596159+00:00,2026-06-29T08:02:17.586159,3,0,,,100.1,150,99.9,2,99.6,100,,,,,,,,,,,,,,,,,,,,,,,,,,,,,,,,,,
2026-06-28T22:02:17.640159+00:00,2026-06-29T08:02:17.635159,3,1,100.35,0.5,100.1,150,99.9,2,99.6,100,,,,,,,,,,,,,,,100.6,150,,,,,,,,,,,,,,,,,,
2026-06-28T22:02:17.857922+00:00,2026-06-29T08:02:17.850921,2,1,100.35,0.5,100.1,150,99.9,2,,,,,,,,,,,,,,,,,100.6,150,,,,,,,,,,,,,,,,,,
2026-06-28T22:02:17.912921+00:00,2026-06-29T08:02:17.903922,2,1,100.35,0.5,100.1,150,99.9,102,,,,,,,,,,,,,,,,,100.6,150,,,,,,,,,,,,,,,,,,
2026-06-28T22:02:17.967922+00:00,2026-06-29T08:02:17.957063,2,2,100.25,0.3,100.1,150,99.9,102,,,,,,,,,,,,,,,,,100.4,100,100.6,150,,,,,,,,,,,,,,,,
2026-06-28T22:02:19.375825+00:00,2026-06-29T08:02:19.370816,2,2,100.25,0.3,100.1,150,99.9,102,,,,,,,,,,,,,,,,,100.4,50,100.6,150,,,,,,,,,,,,,,,,
2026-06-28T22:02:19.616816+00:00,2026-06-29T08:02:19.607815,2,2,100.25,0.3,100.1,150,99.9,102,,,,,,,,,,,,,,,,,100.4,1,100.6,150,,,,,,,,,,,,,,,,
2026-06-28T22:02:19.660815+00:00,2026-06-29T08:02:19.658815,2,2,100.25,0.3,100.1,110,99.9,102,,,,,,,,,,,,,,,,,100.4,1,100.6,150,,,,,,,,,,,,,,,,
2026-06-28T22:02:20.122931+00:00,2026-06-29T08:02:20.120931,2,2,100.2,0.2,100.1,110,99.9,102,,,,,,,,,,,,,,,,,100.3,2,100.6,150,,,,,,,,,,,,,,,,
2026-06-28T22:02:20.694815+00:00,2026-06-29T08:02:20.689815,1,1,100.1,0.4,99.9,102,,,,,,,,,,,,,,,,,,,100.3,2,,,,,,,,,,,,,,,,,,
2026-06-28T22:02:20.749815+00:00,2026-06-29T08:02:20.744815,1,1,100.1,0.4,99.9,252,,,,,,,,,,,,,,,,,,,100.3,2,,,,,,,,,,,,,,,,,,
2026-06-28T22:02:20.815815+00:00,2026-06-29T08:02:20.814816,1,2,100.1,0.4,99.9,252,,,,,,,,,,,,,,,,,,,100.3,1,100.4,150,,,,,,,,,,,,,,,,
2026-06-28T22:02:21.013824+00:00,2026-06-29T08:02:21.009824,1,2,100.1,0.4,99.9,152,,,,,,,,,,,,,,,,,,,100.3,1,100.4,150,,,,,,,,,,,,,,,,
2026-06-28T22:02:21.068824+00:00,2026-06-29T08:02:21.061824,2,2,100.25,0.1,100.2,100,99.9,152,,,,,,,,,,,,,,,,,100.3,1,100.4,150,,,,,,,,,,,,,,,,
2026-06-28T22:02:21.123816+00:00,2026-06-29T08:02:21.114824,2,3,100.25,0.1,100.2,100,99.9,152,,,,,,,,,,,,,,,,,100.3,1,100.4,150,100.7,100,,,,,,,,,,,,,,
2026-06-28T22:02:21.145824+00:00,2026-06-29T08:02:21.135825,2,2,100.3,0.2,100.2,100,99.9,152,,,,,,,,,,,,,,,,,100.4,107,100.7,100,,,,,,,,,,,,,,,,
2026-06-28T22:02:22.167836+00:00,2026-06-29T08:02:22.162835,2,3,100.25,0.1,100.2,100,99.9,152,,,,,,,,,,,,,,,,,100.3,1,100.4,107,100.7,100,,,,,,,,,,,,,,
2026-06-28T22:02:22.211835+00:00,2026-06-29T08:02:22.201836,2,2,100.3,0.2,100.2,100,99.9,152,,,,,,,,,,,,,,,,,100.4,107,100.7,100,,,,,,,,,,,,,,,,
2026-06-28T22:02:23.266518+00:00,2026-06-29T08:02:23.262519,2,2,100.3,0.2,100.2,52,99.9,152,,,,,,,,,,,,,,,,,100.4,107,100.7,100,,,,,,,,,,,,,,,,
2026-06-28T22:02:23.585518+00:00,2026-06-29T08:02:23.579518,2,2,100.3,0.2,100.2,52,99.9,152,,,,,,,,,,,,,,,,,100.4,57,100.7,100,,,,,,,,,,,,,,,,
2026-06-28T22:02:23.871509+00:00,2026-06-29T08:02:23.869510,2,1,100.45,0.5,100.2,52,99.9,2,,,,,,,,,,,,,,,,,100.7,100,,,,,,,,,,,,,,,,,,
2026-06-28T22:02:23.926509+00:00,2026-06-29T08:02:23.921509,2,1,100.45,0.5,100.2,202,99.9,2,,,,,,,,,,,,,,,,,100.7,100,,,,,,,,,,,,,,,,,,
2026-06-28T22:02:23.981518+00:00,2026-06-29T08:02:23.975518,2,1,100.45,0.5,100.2,202,99.9,2,,,,,,,,,,,,,,,,,100.7,250,,,,,,,,,,,,,,,,,,
2026-06-28T22:02:24.179509+00:00,2026-06-29T08:02:24.170509,2,1,100.45,0.5,100.2,150,99.9,2,,,,,,,,,,,,,,,,,100.7,150,,,,,,,,,,,,,,,,,,
2026-06-28T22:02:24.223510+00:00,2026-06-29T08:02:24.222509,3,1,100.45,0.5,100.2,150,100.0,100,99.9,2,,,,,,,,,,,,,,,100.7,150,,,,,,,,,,,,,,,,,,
2026-06-28T22:02:24.278510+00:00,2026-06-29T08:02:24.274509,3,2,100.35,0.3,100.2,150,100.0,100,99.9,2,,,,,,,,,,,,,,,100.5,100,100.7,150,,,,,,,,,,,,,,,,
2026-06-28T22:02:24.366510+00:00,2026-06-29T08:02:24.365510,3,2,100.35,0.3,100.2,150,100.0,100,99.9,2,,,,,,,,,,,,,,,100.5,56,100.7,150,,,,,,,,,,,,,,,,
2026-06-28T22:02:27.037782+00:00,2026-06-29T08:02:27.029782,2,1,100.25,0.5,100.0,100,99.9,2,,,,,,,,,,,,,,,,,100.5,56,,,,,,,,,,,,,,,,,,
2026-06-28T22:02:27.059782+00:00,2026-06-29T08:02:27.057773,1,1,100.25,0.5,100.0,100,,,,,,,,,,,,,,,,,,,100.5,56,,,,,,,,,,,,,,,,,,
2026-06-28T22:02:27.092782+00:00,2026-06-29T08:02:27.082783,2,1,100.45,0.1,100.4,150,100.0,100,,,,,,,,,,,,,,,,,100.5,56,,,,,,,,,,,,,,,,,,
2026-06-28T22:02:27.136782+00:00,2026-06-29T08:02:27.133782,2,2,100.45,0.1,100.4,150,100.0,100,,,,,,,,,,,,,,,,,100.5,56,100.9,150,,,,,,,,,,,,,,,,
2026-06-28T22:02:27.334782+00:00,2026-06-29T08:02:27.330782,1,1,100.65,0.5,100.4,150,,,,,,,,,,,,,,,,,,,100.9,150,,,,,,,,,,,,,,,,,,
2026-06-28T22:02:27.389782+00:00,2026-06-29T08:02:27.382782,2,1,100.65,0.5,100.4,150,100.2,100,,,,,,,,,,,,,,,,,100.9,150,,,,,,,,,,,,,,,,,,
2026-06-28T22:02:27.444782+00:00,2026-06-29T08:02:27.434783,2,2,100.55,0.3,100.4,150,100.2,100,,,,,,,,,,,,,,,,,100.7,100,100.9,150,,,,,,,,,,,,,,,,
2026-06-28T22:02:27.851305+00:00,2026-06-29T08:02:27.843305,2,2,100.55,0.3,100.4,100,100.2,100,,,,,,,,,,,,,,,,,100.7,100,100.9,150,,,,,,,,,,,,,,,,
2026-06-28T22:02:28.599314+00:00,2026-06-29T08:02:28.596314,2,2,100.55,0.3,100.4,60,100.2,100,,,,,,,,,,,,,,,,,100.7,100,100.9,150,,,,,,,,,,,,,,,,
2026-06-28T22:02:29.631711+00:00,2026-06-29T08:02:29.628711,2,2,100.55,0.3,100.4,14,100.2,100,,,,,,,,,,,,,,,,,100.7,100,100.9,150,,,,,,,,,,,,,,,,
2026-06-28T22:02:29.961702+00:00,2026-06-29T08:02:29.958702,1,2,100.45,0.5,100.2,64,,,,,,,,,,,,,,,,,,,100.7,100,100.9,150,,,,,,,,,,,,,,,,
2026-06-28T22:02:30.192711+00:00,2026-06-29T08:02:30.186711,1,1,100.45,0.5,100.2,64,,,,,,,,,,,,,,,,,,,100.7,100,,,,,,,,,,,,,,,,,,
2026-06-28T22:02:30.247711+00:00,2026-06-29T08:02:30.240711,2,1,100.45,0.5,100.2,64,99.8,150,,,,,,,,,,,,,,,,,100.7,100,,,,,,,,,,,,,,,,,,
2026-06-28T22:02:30.302711+00:00,2026-06-29T08:02:30.292711,2,2,100.25,0.1,100.2,64,99.8,150,,,,,,,,,,,,,,,,,100.3,150,100.7,100,,,,,,,,,,,,,,,,
2026-06-28T22:02:30.522711+00:00,2026-06-29T08:02:30.516711,1,1,100.05,0.5,99.8,150,,,,,,,,,,,,,,,,,,,100.3,150,,,,,,,,,,,,,,,,,,
2026-06-28T22:02:30.577711+00:00,2026-06-29T08:02:30.571711,2,1,100.2,0.2,100.1,100,99.8,150,,,,,,,,,,,,,,,,,100.3,150,,,,,,,,,,,,,,,,,,
2026-06-28T22:02:30.632711+00:00,2026-06-29T08:02:30.622711,2,2,100.2,0.2,100.1,100,99.8,150,,,,,,,,,,,,,,,,,100.3,150,100.6,100,,,,,,,,,,,,,,,,
2026-06-28T22:02:32.073711+00:00,2026-06-29T08:02:32.063711,2,2,100.2,0.2,100.1,50,99.8,150,,,,,,,,,,,,,,,,,100.3,150,100.6,100,,,,,,,,,,,,,,,,
2026-06-28T22:02:32.205711+00:00,2026-06-29T08:02:32.198711,2,2,100.2,0.2,100.1,50,99.8,150,,,,,,,,,,,,,,,,,100.3,107,100.6,100,,,,,,,,,,,,,,,,
2026-06-28T22:02:32.315711+00:00,2026-06-29T08:02:32.314711,2,2,100.2,0.2,100.1,55,99.8,150,,,,,,,,,,,,,,,,,100.3,107,100.6,100,,,,,,,,,,,,,,,,
2026-06-28T22:02:32.502711+00:00,2026-06-29T08:02:32.501711,2,3,100.2,0.2,100.1,55,99.8,150,,,,,,,,,,,,,,,,,100.3,107,100.4,1,100.6,100,,,,,,,,,,,,,,
2026-06-28T22:02:32.667711+00:00,2026-06-29T08:02:32.659711,2,2,100.2,0.2,100.1,55,99.8,150,,,,,,,,,,,,,,,,,100.3,107,100.6,100,,,,,,,,,,,,,,,,
2026-06-28T22:02:32.843796+00:00,2026-06-29T08:02:32.832702,2,2,100.2,0.2,100.1,55,99.8,150,,,,,,,,,,,,,,,,,100.3,67,100.6,100,,,,,,,,,,,,,,,,
2026-06-28T22:02:33.349797+00:00,2026-06-29T08:02:33.347797,1,1,100.35,0.5,100.1,55,,,,,,,,,,,,,,,,,,,100.6,100,,,,,,,,,,,,,,,,,,
2026-06-28T22:02:33.415806+00:00,2026-06-29T08:02:33.414805,2,1,100.35,0.5,100.1,55,99.9,150,,,,,,,,,,,,,,,,,100.6,100,,,,,,,,,,,,,,,,,,
2026-06-28T22:02:33.459805+00:00,2026-06-29T08:02:33.454805,2,2,100.25,0.3,100.1,55,99.9,150,,,,,,,,,,,,,,,,,100.4,150,100.6,100,,,,,,,,,,,,,,,,
2026-06-28T22:02:33.679805+00:00,2026-06-29T08:02:33.677806,2,1,100.25,0.3,100.1,5,99.9,150,,,,,,,,,,,,,,,,,100.4,150,,,,,,,,,,,,,,,,,,
2026-06-28T22:02:33.734806+00:00,2026-06-29T08:02:33.731805,3,1,100.25,0.3,100.1,5,99.9,150,99.5,100,,,,,,,,,,,,,,,100.4,150,,,,,,,,,,,,,,,,,,
2026-06-28T22:02:33.789805+00:00,2026-06-29T08:02:33.784806,2,2,99.95,0.1,99.9,150,99.5,100,,,,,,,,,,,,,,,,,100.0,95,100.4,150,,,,,,,,,,,,,,,,
2026-06-28T22:02:34.130825+00:00,2026-06-29T08:02:34.127817,2,2,99.95,0.1,99.9,150,99.5,100,,,,,,,,,,,,,,,,,100.0,45,100.4,150,,,,,,,,,,,,,,,,
2026-06-28T22:02:35.549826+00:00,2026-06-29T08:02:35.544826,2,2,99.95,0.1,99.9,150,99.5,100,,,,,,,,,,,,,,,,,100.0,40,100.4,150,,,,,,,,,,,,,,,,
2026-06-28T22:02:36.285914+00:00,2026-06-29T08:02:36.282913,2,2,99.95,0.1,99.9,100,99.5,100,,,,,,,,,,,,,,,,,100.0,40,100.4,150,,,,,,,,,,,,,,,,
2026-06-28T22:02:36.516914+00:00,2026-06-29T08:02:36.507914,1,1,99.75,0.5,99.5,100,,,,,,,,,,,,,,,,,,,100.0,40,,,,,,,,,,,,,,,,,,
2026-06-28T22:02:36.571914+00:00,2026-06-29T08:02:36.570914,2,1,99.8,0.4,99.6,150,99.5,100,,,,,,,,,,,,,,,,,100.0,40,,,,,,,,,,,,,,,,,,
2026-06-28T22:02:36.626914+00:00,2026-06-29T08:02:36.624914,2,2,99.8,0.4,99.6,150,99.5,100,,,,,,,,,,,,,,,,,100.0,40,100.1,150,,,,,,,,,,,,,,,,
2026-06-28T22:02:36.846905+00:00,2026-06-29T08:02:36.840906,1,1,99.85,0.5,99.6,150,,,,,,,,,,,,,,,,,,,100.1,150,,,,,,,,,,,,,,,,,,
2026-06-28T22:02:36.901904+00:00,2026-06-29T08:02:36.893905,2,1,100.0,0.2,99.9,100,99.6,150,,,,,,,,,,,,,,,,,100.1,150,,,,,,,,,,,,,,,,,,
2026-06-28T22:02:36.956913+00:00,2026-06-29T08:02:36.945913,2,2,100.0,0.2,99.9,100,99.6,150,,,,,,,,,,,,,,,,,100.1,150,100.4,100,,,,,,,,,,,,,,,,
2026-06-28T22:02:38.342235+00:00,2026-06-29T08:02:38.340151,2,2,100.0,0.2,99.9,100,99.6,150,,,,,,,,,,,,,,,,,100.1,100,100.4,100,,,,,,,,,,,,,,,,
2026-06-28T22:02:38.925170+00:00,2026-06-29T08:02:38.922171,2,3,100.0,0.2,99.9,100,99.6,150,,,,,,,,,,,,,,,,,100.1,100,100.3,3,100.4,100,,,,,,,,,,,,,,
2026-06-28T22:02:39.354196+00:00,2026-06-29T08:02:39.353196,2,3,100.0,0.2,99.9,56,99.6,150,,,,,,,,,,,,,,,,,100.1,100,100.3,3,100.4,100,,,,,,,,,,,,,,
2026-06-28T22:02:39.684237+00:00,2026-06-29T08:02:39.683237,1,2,100.1,0.4,99.9,56,,,,,,,,,,,,,,,,,,,100.3,3,100.4,100,,,,,,,,,,,,,,,,
2026-06-28T22:02:39.739244+00:00,2026-06-29T08:02:39.736244,2,2,100.1,0.4,99.9,56,99.7,150,,,,,,,,,,,,,,,,,100.3,3,100.4,100,,,,,,,,,,,,,,,,
2026-06-28T22:02:39.794251+00:00,2026-06-29T08:02:39.789250,2,3,100.05,0.3,99.9,56,99.7,150,,,,,,,,,,,,,,,,,100.2,150,100.3,3,100.4,100,,,,,,,,,,,,,,
2026-06-28T22:02:40.003171+00:00,2026-06-29T08:02:40.000171,1,2,99.95,0.5,99.7,150,,,,,,,,,,,,,,,,,,,100.2,150,100.3,3,,,,,,,,,,,,,,,,
2026-06-28T22:02:40.058171+00:00,2026-06-29T08:02:40.054171,2,2,99.95,0.5,99.7,150,99.6,100,,,,,,,,,,,,,,,,,100.2,150,100.3,3,,,,,,,,,,,,,,,,
2026-06-28T22:02:40.124170+00:00,2026-06-29T08:02:40.115170,2,3,99.9,0.4,99.7,150,99.6,100,,,,,,,,,,,,,,,,,100.1,100,100.2,150,100.3,3,,,,,,,,,,,,,,
2026-06-28T22:02:40.454180+00:00,2026-06-29T08:02:40.448179,2,3,99.9,0.4,99.7,150,99.6,100,,,,,,,,,,,,,,,,,100.1,50,100.2,150,100.3,3,,,,,,,,,,,,,,
2026-06-28T22:02:40.564180+00:00,2026-06-29T08:02:40.560180,3,3,100.05,0.1,100.0,2,99.7,150,99.6,100,,,,,,,,,,,,,,,100.1,50,100.2,150,100.3,3,,,,,,,,,,,,,,
2026-06-28T22:02:42.851289+00:00,2026-06-29T08:02:42.846503,2,2,100.05,0.1,100.0,2,99.6,100,,,,,,,,,,,,,,,,,100.1,50,100.3,3,,,,,,,,,,,,,,,,
2026-06-28T22:02:42.906380+00:00,2026-06-29T08:02:42.899380,3,2,100.05,0.1,100.0,2,99.7,150,99.6,100,,,,,,,,,,,,,,,100.1,50,100.3,3,,,,,,,,,,,,,,,,
2026-06-28T22:02:42.961371+00:00,2026-06-29T08:02:42.952370,3,3,100.05,0.1,100.0,2,99.7,150,99.6,100,,,,,,,,,,,,,,,100.1,50,100.2,150,100.3,3,,,,,,,,,,,,,,
2026-06-28T22:02:43.170371+00:00,2026-06-29T08:02:43.165371,2,2,100.1,0.2,100.0,2,99.7,150,,,,,,,,,,,,,,,,,100.2,150,100.3,3,,,,,,,,,,,,,,,,
2026-06-28T22:02:43.225370+00:00,2026-06-29T08:02:43.219371,3,2,100.1,0.2,100.0,2,99.8,100,99.7,150,,,,,,,,,,,,,,,100.2,150,100.3,3,,,,,,,,,,,,,,,,
2026-06-28T22:02:43.280371+00:00,2026-06-29T08:02:43.272370,3,2,100.1,0.2,100.0,2,99.8,100,99.7,150,,,,,,,,,,,,,,,100.2,150,100.3,103,,,,,,,,,,,,,,,,
2026-06-28T22:02:44.677379+00:00,2026-06-29T08:02:44.669379,3,2,100.1,0.2,100.0,2,99.8,100,99.7,150,,,,,,,,,,,,,,,100.2,100,100.3,103,,,,,,,,,,,,,,,,
2026-06-28T22:02:46.008370+00:00,2026-06-29T08:02:46.006371,3,1,100.15,0.3,100.0,2,99.8,100,99.7,150,,,,,,,,,,,,,,,100.3,103,,,,,,,,,,,,,,,,,,
2026-06-28T22:02:46.019370+00:00,2026-06-29T08:02:46.008370,2,1,100.15,0.3,100.0,2,99.8,100,,,,,,,,,,,,,,,,,100.3,103,,,,,,,,,,,,,,,,,,
2026-06-28T22:02:46.063370+00:00,2026-06-29T08:02:46.061371,3,1,100.15,0.3,100.0,2,99.9,150,99.8,100,,,,,,,,,,,,,,,100.3,103,,,,,,,,,,,,,,,,,,
2026-06-28T22:02:46.117919+00:00,2026-06-29T08:02:46.114919,3,2,100.15,0.3,100.0,2,99.9,150,99.8,100,,,,,,,,,,,,,,,100.3,103,100.4,150,,,,,,,,,,,,,,,,
2026-06-28T22:02:46.128919+00:00,2026-06-29T08:02:46.118920,2,2,100.1,0.4,99.9,109,99.8,100,,,,,,,,,,,,,,,,,100.3,103,100.4,150,,,,,,,,,,,,,,,,
2026-06-28T22:02:46.194037+00:00,2026-06-29T08:02:46.185038,2,2,100.1,0.4,99.9,111,99.8,100,,,,,,,,,,,,,,,,,100.3,103,100.4,150,,,,,,,,,,,,,,,,
2026-06-28T22:02:46.337037+00:00,2026-06-29T08:02:46.328038,1,2,100.1,0.4,99.9,111,,,,,,,,,,,,,,,,,,,100.3,3,100.4,150,,,,,,,,,,,,,,,,
2026-06-28T22:02:46.392037+00:00,2026-06-29T08:02:46.390038,2,2,100.1,0.4,99.9,111,99.8,100,,,,,,,,,,,,,,,,,100.3,3,100.4,150,,,,,,,,,,,,,,,,
2026-06-28T22:02:46.458038+00:00,2026-06-29T08:02:46.450998,2,2,100.1,0.4,99.9,111,99.8,100,,,,,,,,,,,,,,,,,100.3,103,100.4,150,,,,,,,,,,,,,,,,
2026-06-28T22:02:46.842928+00:00,2026-06-29T08:02:46.832928,2,2,100.1,0.4,99.9,61,99.8,100,,,,,,,,,,,,,,,,,100.3,103,100.4,150,,,,,,,,,,,,,,,,
2026-06-28T22:02:46.996928+00:00,2026-06-29T08:02:46.987928,2,2,100.1,0.4,99.9,61,99.8,100,,,,,,,,,,,,,,,,,100.3,102,100.4,150,,,,,,,,,,,,,,,,
2026-06-28T22:02:48.897479+00:00,2026-06-29T08:02:48.889478,2,2,100.1,0.4,99.9,61,99.8,100,,,,,,,,,,,,,,,,,100.3,52,100.4,150,,,,,,,,,,,,,,,,
2026-06-28T22:02:48.919478+00:00,2026-06-29T08:02:48.913479,2,3,100.05,0.3,99.9,61,99.8,100,,,,,,,,,,,,,,,,,100.2,3,100.3,52,100.4,150,,,,,,,,,,,,,,
2026-06-28T22:02:49.171993+00:00,2026-06-29T08:02:49.169992,2,2,100.05,0.3,99.9,2,99.8,100,,,,,,,,,,,,,,,,,100.2,3,100.3,52,,,,,,,,,,,,,,,,
2026-06-28T22:02:49.226993+00:00,2026-06-29T08:02:49.221993,3,2,100.05,0.3,99.9,2,99.8,100,99.5,150,,,,,,,,,,,,,,,100.2,3,100.3,52,,,,,,,,,,,,,,,,
2026-06-28T22:02:49.281993+00:00,2026-06-29T08:02:49.278994,3,3,99.95,0.1,99.9,2,99.8,100,99.5,150,,,,,,,,,,,,,,,100.0,150,100.2,3,100.3,52,,,,,,,,,,,,,,
2026-06-28T22:02:49.491002+00:00,2026-06-29T08:02:49.486002,3,2,99.95,0.1,99.9,2,99.8,100,99.5,150,,,,,,,,,,,,,,,100.0,150,100.2,3,,,,,,,,,,,,,,,,
2026-06-28T22:02:49.502002+00:00,2026-06-29T08:02:49.494002,2,2,99.95,0.1,99.9,2,99.5,150,,,,,,,,,,,,,,,,,100.0,150,100.2,3,,,,,,,,,,,,,,,,
2026-06-28T22:02:49.546002+00:00,2026-06-29T08:02:49.540002,3,2,99.95,0.1,99.9,2,99.8,100,99.5,150,,,,,,,,,,,,,,,100.0,150,100.2,3,,,,,,,,,,,,,,,,
2026-06-28T22:02:49.601002+00:00,2026-06-29T08:02:49.593993,3,3,99.95,0.1,99.9,2,99.8,100,99.5,150,,,,,,,,,,,,,,,100.0,150,100.2,3,100.3,100,,,,,,,,,,,,,,
2026-06-28T22:02:49.843002+00:00,2026-06-29T08:02:49.842002,3,3,99.95,0.1,99.9,1,99.8,100,99.5,150,,,,,,,,,,,,,,,100.0,150,100.2,3,100.3,100,,,,,,,,,,,,,,
2026-06-28T22:02:50.227993+00:00,2026-06-29T08:02:50.223993,3,3,99.95,0.1,99.9,1,99.8,100,99.5,150,,,,,,,,,,,,,,,100.0,103,100.2,3,100.3,100,,,,,,,,,,,,,,
2026-06-28T22:02:51.009002+00:00,2026-06-29T08:02:50.999002,3,3,99.95,0.1,99.9,1,99.8,100,99.5,150,,,,,,,,,,,,,,,100.0,53,100.2,3,100.3,100,,,,,,,,,,,,,,
2026-06-28T22:02:52.340018+00:00,2026-06-29T08:02:52.331019,2,2,100.05,0.3,99.9,1,99.8,100,,,,,,,,,,,,,,,,,100.2,3,100.3,100,,,,,,,,,,,,,,,,
2026-06-28T22:02:52.384018+00:00,2026-06-29T08:02:52.383018,3,2,100.15,0.1,100.1,150,99.9,1,99.8,100,,,,,,,,,,,,,,,100.2,3,100.3,100,,,,,,,,,,,,,,,,
2026-06-28T22:02:52.439018+00:00,2026-06-29T08:02:52.435018,3,3,100.15,0.1,100.1,150,99.9,1,99.8,100,,,,,,,,,,,,,,,100.2,3,100.3,100,100.6,150,,,,,,,,,,,,,,
2026-06-28T22:02:52.659137+00:00,2026-06-29T08:02:52.649137,2,2,100.15,0.1,100.1,150,99.9,1,,,,,,,,,,,,,,,,,100.2,3,100.6,150,,,,,,,,,,,,,,,,
2026-06-28T22:02:52.703137+00:00,2026-06-29T08:02:52.701137,2,2,100.15,0.1,100.1,250,99.9,1,,,,,,,,,,,,,,,,,100.2,3,100.6,150,,,,,,,,,,,,,,,,
2026-06-28T22:02:52.758027+00:00,2026-06-29T08:02:52.754027,2,2,100.15,0.1,100.1,250,99.9,1,,,,,,,,,,,,,,,,,100.2,3,100.6,250,,,,,,,,,,,,,,,,
2026-06-28T22:02:53.109561+00:00,2026-06-29T08:02:53.105561,2,1,100.35,0.5,100.1,250,99.9,1,,,,,,,,,,,,,,,,,100.6,203,,,,,,,,,,,,,,,,,,
2026-06-28T22:02:53.877679+00:00,2026-06-29T08:02:53.866678,2,2,100.15,0.1,100.1,250,99.9,1,,,,,,,,,,,,,,,,,100.2,4,100.6,203,,,,,,,,,,,,,,,,
2026-06-28T22:02:55.021569+00:00,2026-06-29T08:02:55.011569,2,2,100.15,0.1,100.1,204,99.9,1,,,,,,,,,,,,,,,,,100.2,4,100.6,203,,,,,,,,,,,,,,,,
2026-06-28T22:02:55.032569+00:00,2026-06-29T08:02:55.023569,2,1,100.35,0.5,100.1,204,99.9,1,,,,,,,,,,,,,,,,,100.6,203,,,,,,,,,,,,,,,,,,
2026-06-28T22:02:55.043569+00:00,2026-06-29T08:02:55.041569,2,2,100.2,0.2,100.1,204,99.9,1,,,,,,,,,,,,,,,,,100.3,4,100.6,203,,,,,,,,,,,,,,,,
2026-06-28T22:02:55.274560+00:00,2026-06-29T08:02:55.264560,2,2,100.2,0.2,100.1,154,99.9,1,,,,,,,,,,,,,,,,,100.3,4,100.6,203,,,,,,,,,,,,,,,,
2026-06-28T22:02:55.494560+00:00,2026-06-29T08:02:55.491560,2,2,100.2,0.2,100.1,100,99.9,1,,,,,,,,,,,,,,,,,100.3,4,100.6,100,,,,,,,,,,,,,,,,
2026-06-28T22:02:55.549560+00:00,2026-06-29T08:02:55.543559,3,2,100.2,0.2,100.1,100,99.9,1,99.8,150,,,,,,,,,,,,,,,100.3,4,100.6,100,,,,,,,,,,,,,,,,
2026-06-28T22:02:55.604569+00:00,2026-06-29T08:02:55.595560,3,2,100.2,0.2,100.1,100,99.9,1,99.8,150,,,,,,,,,,,,,,,100.3,154,100.6,100,,,,,,,,,,,,,,,,
2026-06-28T22:02:55.813569+00:00,2026-06-29T08:02:55.811569,2,1,100.1,0.4,99.9,1,99.8,150,,,,,,,,,,,,,,,,,100.3,154,,,,,,,,,,,,,,,,,,
2026-06-28T22:02:55.868569+00:00,2026-06-29T08:02:55.864569,3,1,100.15,0.3,100.0,100,99.9,1,99.8,150,,,,,,,,,,,,,,,100.3,154,,,,,,,,,,,,,,,,,,
2026-06-28T22:02:55.934569+00:00,2026-06-29T08:02:55.929569,3,2,100.15,0.3,100.0,100,99.9,1,99.8,150,,,,,,,,,,,,,,,100.3,154,100.5,100,,,,,,,,,,,,,,,,
2026-06-28T22:02:56.551780+00:00,2026-06-29T08:02:56.542779,3,2,100.15,0.3,100.0,100,99.9,1,99.8,150,,,,,,,,,,,,,,,100.3,153,100.5,100,,,,,,,,,,,,,,,,
2026-06-28T22:02:56.562779+00:00,2026-06-29T08:02:56.557779,3,2,100.15,0.3,100.0,100,99.9,1,99.8,150,,,,,,,,,,,,,,,100.3,108,100.5,100,,,,,,,,,,,,,,,,
2026-06-28T22:02:57.376779+00:00,2026-06-29T08:02:57.370779,3,2,100.15,0.3,100.0,50,99.9,1,99.8,150,,,,,,,,,,,,,,,100.3,108,100.5,100,,,,,,,,,,,,,,,,
2026-06-28T22:02:58.530576+00:00,2026-06-29T08:02:58.529576,3,2,100.15,0.3,100.0,50,99.9,1,99.8,150,,,,,,,,,,,,,,,100.3,111,100.5,100,,,,,,,,,,,,,,,,
2026-06-28T22:02:58.651576+00:00,2026-06-29T08:02:58.649576,2,2,100.15,0.3,100.0,50,99.9,1,,,,,,,,,,,,,,,,,100.3,3,100.5,100,,,,,,,,,,,,,,,,
2026-06-28T22:02:58.706576+00:00,2026-06-29T08:02:58.700576,3,2,100.25,0.1,100.2,150,100.0,50,99.9,1,,,,,,,,,,,,,,,100.3,3,100.5,100,,,,,,,,,,,,,,,,
2026-06-28T22:02:58.761576+00:00,2026-06-29T08:02:58.753576,3,3,100.25,0.1,100.2,150,100.0,50,99.9,1,,,,,,,,,,,,,,,100.3,3,100.5,100,100.7,150,,,,,,,,,,,,,,
2026-06-28T22:02:58.992576+00:00,2026-06-29T08:02:58.986576,2,2,100.25,0.1,100.2,150,99.9,1,,,,,,,,,,,,,,,,,100.3,3,100.7,150,,,,,,,,,,,,,,,,
2026-06-28T22:02:59.047576+00:00,2026-06-29T08:02:59.037576,3,2,100.25,0.1,100.2,150,100.1,100,99.9,1,,,,,,,,,,,,,,,100.3,3,100.7,150,,,,,,,,,,,,,,,,
2026-06-28T22:02:59.091576+00:00,2026-06-29T08:02:59.090576,3,3,100.25,0.1,100.2,150,100.1,100,99.9,1,,,,,,,,,,,,,,,100.3,3,100.6,100,100.7,150,,,,,,,,,,,,,,
2026-06-28T22:02:59.432567+00:00,2026-06-29T08:02:59.429567,3,2,100.4,0.4,100.2,150,100.1,100,99.9,1,,,,,,,,,,,,,,,100.6,100,100.7,150,,,,,,,,,,,,,,,,
2026-06-28T22:03:01.412576+00:00,2026-06-29T08:03:01.411576,3,3,100.25,0.1,100.2,150,100.1,100,99.9,1,,,,,,,,,,,,,,,100.3,3,100.6,100,100.7,150,,,,,,,,,,,,,,
2026-06-28T22:03:01.489576+00:00,2026-06-29T08:03:01.480576,3,2,100.4,0.4,100.2,150,100.1,100,99.9,1,,,,,,,,,,,,,,,100.6,100,100.7,150,,,,,,,,,,,,,,,,
2026-06-28T22:03:01.555576+00:00,2026-06-29T08:03:01.550576,3,3,100.25,0.1,100.2,150,100.1,100,99.9,1,,,,,,,,,,,,,,,100.3,3,100.6,100,100.7,150,,,,,,,,,,,,,,
2026-06-28T22:03:01.599576+00:00,2026-06-29T08:03:01.588576,3,3,100.25,0.1,100.2,100,100.1,100,99.9,1,,,,,,,,,,,,,,,100.3,3,100.6,100,100.7,150,,,,,,,,,,,,,,
2026-06-28T22:03:01.808576+00:00,2026-06-29T08:03:01.807576,2,2,100.2,0.2,100.1,100,99.9,1,,,,,,,,,,,,,,,,,100.3,3,100.6,100,,,,,,,,,,,,,,,,
2026-06-28T22:03:01.863576+00:00,2026-06-29T08:03:01.861576,2,2,100.2,0.2,100.1,250,99.9,1,,,,,,,,,,,,,,,,,100.3,3,100.6,100,,,,,,,,,,,,,,,,
2026-06-28T22:03:01.918576+00:00,2026-06-29T08:03:01.917568,2,2,100.2,0.2,100.1,203,99.9,1,,,,,,,,,,,,,,,,,100.3,3,100.6,100,,,,,,,,,,,,,,,,
2026-06-28T22:03:01.929576+00:00,2026-06-29T08:03:01.918576,2,2,100.2,0.2,100.1,203,99.9,1,,,,,,,,,,,,,,,,,100.3,3,100.6,250,,,,,,,,,,,,,,,,
2026-06-28T22:03:02.149576+00:00,2026-06-29T08:03:02.145576,2,2,100.2,0.2,100.1,150,99.9,1,,,,,,,,,,,,,,,,,100.3,3,100.6,150,,,,,,,,,,,,,,,,
2026-06-28T22:03:02.204576+00:00,2026-06-29T08:03:02.197576,3,2,100.2,0.2,100.1,150,100.0,100,99.9,1,,,,,,,,,,,,,,,100.3,3,100.6,150,,,,,,,,,,,,,,,,
2026-06-28T22:03:02.259587+00:00,2026-06-29T08:03:02.250588,3,3,100.2,0.2,100.1,150,100.0,100,99.9,1,,,,,,,,,,,,,,,100.3,3,100.5,100,100.6,150,,,,,,,,,,,,,,
2026-06-28T22:03:03.656153+00:00,2026-06-29T08:03:03.646154,3,2,100.3,0.4,100.1,150,100.0,100,99.9,1,,,,,,,,,,,,,,,100.5,53,100.6,150,,,,,,,,,,,,,,,,
2026-06-28T22:03:03.678153+00:00,2026-06-29T08:03:03.674153,2,3,100.25,0.3,100.1,150,100.0,100,,,,,,,,,,,,,,,,,100.4,3,100.5,53,100.6,150,,,,,,,,,,,,,,
2026-06-28T22:03:03.700153+00:00,2026-06-29T08:03:03.693153,2,3,100.25,0.3,100.1,153,100.0,100,,,,,,,,,,,,,,,,,100.4,3,100.5,53,100.6,150,,,,,,,,,,,,,,
2026-06-28T22:03:04.973781+00:00,2026-06-29T08:03:04.972782,2,2,100.25,0.3,100.1,153,100.0,100,,,,,,,,,,,,,,,,,100.4,3,100.5,53,,,,,,,,,,,,,,,,
2026-06-28T22:03:04.984782+00:00,2026-06-29T08:03:04.974782,2,2,100.25,0.3,100.1,3,100.0,100,,,,,,,,,,,,,,,,,100.4,3,100.5,53,,,,,,,,,,,,,,,,
2026-06-28T22:03:05.050782+00:00,2026-06-29T08:03:05.039752,3,2,100.25,0.3,100.1,3,100.0,100,99.9,150,,,,,,,,,,,,,,,100.4,3,100.5,53,,,,,,,,,,,,,,,,
2026-06-28T22:03:05.094782+00:00,2026-06-29T08:03:05.091782,3,2,100.25,0.3,100.1,3,100.0,100,99.9,150,,,,,,,,,,,,,,,100.4,153,100.5,53,,,,,,,,,,,,,,,,
2026-06-28T22:03:05.314663+00:00,2026-06-29T08:03:05.307663,2,1,100.25,0.3,100.1,3,99.9,150,,,,,,,,,,,,,,,,,100.4,153,,,,,,,,,,,,,,,,,,
2026-06-28T22:03:05.369663+00:00,2026-06-29T08:03:05.360663,3,1,100.25,0.3,100.1,3,100.0,100,99.9,150,,,,,,,,,,,,,,,100.4,153,,,,,,,,,,,,,,,,,,
2026-06-28T22:03:05.424663+00:00,2026-06-29T08:03:05.419663,3,2,100.25,0.3,100.1,3,100.0,100,99.9,150,,,,,,,,,,,,,,,100.4,152,100.5,100,,,,,,,,,,,,,,,,
2026-06-28T22:03:05.754672+00:00,2026-06-29T08:03:05.753672,3,2,100.25,0.3,100.1,3,100.0,100,99.9,150,,,,,,,,,,,,,,,100.4,102,100.5,100,,,,,,,,,,,,,,,,
2026-06-28T22:03:06.612230+00:00,2026-06-29T08:03:06.604231,3,2,100.25,0.3,100.1,3,100.0,100,99.9,150,,,,,,,,,,,,,,,100.4,104,100.5,100,,,,,,,,,,,,,,,,
2026-06-28T22:03:07.667479+00:00,2026-06-29T08:03:07.663479,3,2,100.25,0.3,100.1,3,100.0,100,99.9,150,,,,,,,,,,,,,,,100.4,59,100.5,100,,,,,,,,,,,,,,,,
2026-06-28T22:03:08.151136+00:00,2026-06-29T08:03:08.147136,2,2,100.25,0.3,100.1,3,100.0,100,,,,,,,,,,,,,,,,,100.4,2,100.5,100,,,,,,,,,,,,,,,,
2026-06-28T22:03:08.206135+00:00,2026-06-29T08:03:08.205135,3,0,,,100.7,48,100.1,3,100.0,100,,,,,,,,,,,,,,,,,,,,,,,,,,,,,,,,,,
2026-06-28T22:03:08.261135+00:00,2026-06-29T08:03:08.258135,3,1,100.95,0.5,100.7,48,100.1,3,100.0,100,,,,,,,,,,,,,,,101.2,150,,,,,,,,,,,,,,,,,,
2026-06-28T22:03:08.470136+00:00,2026-06-29T08:03:08.468135,2,1,100.95,0.5,100.7,48,100.1,3,,,,,,,,,,,,,,,,,101.2,150,,,,,,,,,,,,,,,,,,
2026-06-28T22:03:08.525135+00:00,2026-06-29T08:03:08.520135,2,1,100.95,0.5,100.7,148,100.1,3,,,,,,,,,,,,,,,,,101.2,150,,,,,,,,,,,,,,,,,,
2026-06-28T22:03:08.580136+00:00,2026-06-29T08:03:08.573135,2,1,100.95,0.5,100.7,148,100.1,3,,,,,,,,,,,,,,,,,101.2,250,,,,,,,,,,,,,,,,,,
2026-06-28T22:03:08.987144+00:00,2026-06-29T08:03:08.982137,1,1,100.65,1.1,100.1,3,,,,,,,,,,,,,,,,,,,101.2,250,,,,,,,,,,,,,,,,,,
2026-06-28T22:03:10.032157+00:00,2026-06-29T08:03:10.021157,0,1,,,,,,,,,,,,,,,,,,,,,,,101.2,250,,,,,,,,,,,,,,,,,,
2026-06-28T22:03:11.319209+00:00,2026-06-29T08:03:11.312148,0,1,,,,,,,,,,,,,,,,,,,,,,,101.2,100,,,,,,,,,,,,,,,,,,
2026-06-28T22:03:11.374216+00:00,2026-06-29T08:03:11.364215,1,1,100.55,1.3,99.9,150,,,,,,,,,,,,,,,,,,,101.2,100,,,,,,,,,,,,,,,,,,
2026-06-28T22:03:11.418148+00:00,2026-06-29T08:03:11.416148,1,2,100.15,0.5,99.9,150,,,,,,,,,,,,,,,,,,,100.4,150,101.2,100,,,,,,,,,,,,,,,,
2026-06-28T22:03:11.638148+00:00,2026-06-29T08:03:11.627265,1,1,100.15,0.5,99.9,150,,,,,,,,,,,,,,,,,,,100.4,150,,,,,,,,,,,,,,,,,,
2026-06-28T22:03:11.693148+00:00,2026-06-29T08:03:11.683149,2,1,100.2,0.4,100.0,100,99.9,150,,,,,,,,,,,,,,,,,100.4,150,,,,,,,,,,,,,,,,,,
2026-06-28T22:03:11.737148+00:00,2026-06-29T08:03:11.732148,2,2,100.2,0.4,100.0,100,99.9,150,,,,,,,,,,,,,,,,,100.4,150,100.5,100,,,,,,,,,,,,,,,,
