recv_time,book_timestamp,n_bids,n_asks,mid,spread,bid_px_0,bid_vol_0,bid_px_1,bid_vol_1,bid_px_2,bid_vol_2,bid_px_3,bid_vol_3,bid_px_4,bid_vol_4,bid_px_5,bid_vol_5,bid_px_6,bid_vol_6,bid_px_7,bid_vol_7,bid_px_8,bid_vol_8,bid_px_9,bid_vol_9,ask_px_0,ask_vol_0,ask_px_1,ask_vol_1,ask_px_2,ask_vol_2,ask_px_3,ask_vol_3,ask_px_4,ask_vol_4,ask_px_5,ask_vol_5,ask_px_6,ask_vol_6,ask_px_7,ask_vol_7,ask_px_8,ask_vol_8,ask_px_9,ask_vol_9
2026-07-14T22:00:01.134585+00:00,2026-07-14T22:00:01.161256,2,2,67.8,0.4,67.6,150,67.5,100,,,,,,,,,,,,,,,,,68.0,75,68.1,150,,,,,,,,,,,,,,,,
2026-07-14T22:00:01.379321+00:00,2026-07-14T22:00:01.374661,2,2,67.8,0.4,67.6,150,67.5,100,,,,,,,,,,,,,,,,,68.0,50,68.1,150,,,,,,,,,,,,,,,,
2026-07-14T22:00:01.625916+00:00,2026-07-14T22:00:01.587834,2,2,67.8,0.4,67.6,150,67.5,100,,,,,,,,,,,,,,,,,68.0,25,68.1,150,,,,,,,,,,,,,,,,
2026-07-14T22:00:01.668728+00:00,2026-07-14T22:00:01.659782,2,2,67.8,0.4,67.6,150,67.5,100,,,,,,,,,,,,,,,,,68.0,2,68.1,150,,,,,,,,,,,,,,,,
2026-07-14T22:00:01.804860+00:00,2026-07-14T22:00:01.804168,2,1,67.85,0.5,67.6,150,67.5,100,,,,,,,,,,,,,,,,,68.1,148,,,,,,,,,,,,,,,,,,
2026-07-14T22:00:02.375267+00:00,2026-07-14T22:00:02.335617,1,0,,,67.5,100,,,,,,,,,,,,,,,,,,,,,,,,,,,,,,,,,,,,,,
2026-07-14T22:00:02.459290+00:00,2026-07-14T22:00:02.442576,2,1,67.7,0.4,67.5,100,67.4,150,,,,,,,,,,,,,,,,,67.9,150,,,,,,,,,,,,,,,,,,
2026-07-14T22:00:02.640080+00:00,2026-07-14T22:00:02.630996,2,1,67.7,0.4,67.5,100,67.4,150,,,,,,,,,,,,,,,,,67.9,148,,,,,,,,,,,,,,,,,,
2026-07-14T22:00:02.851886+00:00,2026-07-14T22:00:02.850898,2,1,67.7,0.4,67.5,100,67.4,150,,,,,,,,,,,,,,,,,67.9,123,,,,,,,,,,,,,,,,,,
2026-07-14T22:00:03.990214+00:00,2026-07-14T22:00:03.899956,2,1,67.7,0.4,67.5,100,67.4,150,,,,,,,,,,,,,,,,,67.9,54,,,,,,,,,,,,,,,,,,
2026-07-14T22:00:04.096055+00:00,2026-07-14T22:00:04.087405,2,1,67.7,0.4,67.5,100,67.4,150,,,,,,,,,,,,,,,,,67.9,52,,,,,,,,,,,,,,,,,,
2026-07-14T22:00:04.106554+00:00,2026-07-14T22:00:04.105802,2,1,67.7,0.4,67.5,100,67.4,150,,,,,,,,,,,,,,,,,67.9,51,,,,,,,,,,,,,,,,,,
2026-07-14T22:00:04.180165+00:00,2026-07-14T22:00:04.169960,1,1,67.65,0.5,67.4,150,,,,,,,,,,,,,,,,,,,67.9,51,,,,,,,,,,,,,,,,,,
2026-07-14T22:00:04.232671+00:00,2026-07-14T22:00:04.224061,2,1,67.85,0.1,67.8,100,67.4,150,,,,,,,,,,,,,,,,,67.9,51,,,,,,,,,,,,,,,,,,
2026-07-14T22:00:04.285010+00:00,2026-07-14T22:00:04.277726,2,2,67.85,0.1,67.8,100,67.4,150,,,,,,,,,,,,,,,,,67.9,51,68.3,100,,,,,,,,,,,,,,,,
2026-07-14T22:00:05.498748+00:00,2026-07-14T22:00:05.497250,1,1,68.05,0.5,67.8,100,,,,,,,,,,,,,,,,,,,68.3,100,,,,,,,,,,,,,,,,,,
2026-07-14T22:00:05.551343+00:00,2026-07-14T22:00:05.549491,2,1,68.1,0.4,67.9,150,67.8,100,,,,,,,,,,,,,,,,,68.3,100,,,,,,,,,,,,,,,,,,
2026-07-14T22:00:05.604214+00:00,2026-07-14T22:00:05.602462,2,2,68.1,0.4,67.9,150,67.8,100,,,,,,,,,,,,,,,,,68.3,100,68.4,150,,,,,,,,,,,,,,,,
2026-07-14T22:00:06.698096+00:00,2026-07-14T22:00:06.695155,2,2,68.1,0.4,67.9,150,67.8,100,,,,,,,,,,,,,,,,,68.3,59,68.4,150,,,,,,,,,,,,,,,,
2026-07-14T22:00:07.195669+00:00,2026-07-14T22:00:07.109916,2,2,68.1,0.4,67.9,89,67.8,100,,,,,,,,,,,,,,,,,68.3,59,68.4,150,,,,,,,,,,,,,,,,
2026-07-14T22:00:07.333533+00:00,2026-07-14T22:00:07.332556,2,1,68.15,0.5,67.9,89,67.8,100,,,,,,,,,,,,,,,,,68.4,150,,,,,,,,,,,,,,,,,,
2026-07-14T22:00:07.344144+00:00,2026-07-14T22:00:07.334420,1,1,68.15,0.5,67.9,89,,,,,,,,,,,,,,,,,,,68.4,150,,,,,,,,,,,,,,,,,,
2026-07-14T22:00:07.375828+00:00,2026-07-14T22:00:07.366354,1,1,68.15,0.5,67.9,39,,,,,,,,,,,,,,,,,,,68.4,150,,,,,,,,,,,,,,,,,,
2026-07-14T22:00:07.397175+00:00,2026-07-14T22:00:07.387236,2,1,68.15,0.5,67.9,39,67.6,100,,,,,,,,,,,,,,,,,68.4,150,,,,,,,,,,,,,,,,,,
2026-07-14T22:00:07.449903+00:00,2026-07-14T22:00:07.439707,2,2,68.0,0.2,67.9,39,67.6,100,,,,,,,,,,,,,,,,,68.1,100,68.4,150,,,,,,,,,,,,,,,,
2026-07-14T22:00:08.664101+00:00,2026-07-14T22:00:08.656814,1,1,67.85,0.5,67.6,100,,,,,,,,,,,,,,,,,,,68.1,100,,,,,,,,,,,,,,,,,,
2026-07-14T22:00:08.716814+00:00,2026-07-14T22:00:08.709004,2,1,67.85,0.5,67.6,100,67.2,150,,,,,,,,,,,,,,,,,68.1,100,,,,,,,,,,,,,,,,,,
2026-07-14T22:00:08.769989+00:00,2026-07-14T22:00:08.761561,2,2,67.65,0.1,67.6,100,67.2,150,,,,,,,,,,,,,,,,,67.7,150,68.1,100,,,,,,,,,,,,,,,,
2026-07-14T22:00:08.876057+00:00,2026-07-14T22:00:08.866685,2,2,67.65,0.1,67.6,100,67.2,150,,,,,,,,,,,,,,,,,67.7,112,68.1,100,,,,,,,,,,,,,,,,
2026-07-14T22:00:09.479675+00:00,2026-07-14T22:00:09.473839,2,2,67.65,0.1,67.6,50,67.2,150,,,,,,,,,,,,,,,,,67.7,112,68.1,100,,,,,,,,,,,,,,,,
2026-07-14T22:00:09.796419+00:00,2026-07-14T22:00:09.794921,2,2,67.65,0.1,67.6,50,67.2,150,,,,,,,,,,,,,,,,,67.7,87,68.1,100,,,,,,,,,,,,,,,,
2026-07-14T22:00:09.807017+00:00,2026-07-14T22:00:09.804870,2,2,67.65,0.1,67.6,50,67.2,150,,,,,,,,,,,,,,,,,67.7,51,68.1,100,,,,,,,,,,,,,,,,
2026-07-14T22:00:10.061153+00:00,2026-07-14T22:00:10.054939,2,2,67.65,0.1,67.6,50,67.2,150,,,,,,,,,,,,,,,,,67.7,49,68.1,100,,,,,,,,,,,,,,,,
2026-07-14T22:00:10.497204+00:00,2026-07-14T22:00:10.496658,1,1,67.45,0.5,67.2,150,,,,,,,,,,,,,,,,,,,67.7,49,,,,,,,,,,,,,,,,,,
2026-07-14T22:00:10.560957+00:00,2026-07-14T22:00:10.552583,2,0,,,67.7,51,67.2,150,,,,,,,,,,,,,,,,,,,,,,,,,,,,,,,,,,,,
2026-07-14T22:00:10.614177+00:00,2026-07-14T22:00:10.606823,2,1,67.95,0.5,67.7,51,67.2,150,,,,,,,,,,,,,,,,,68.2,100,,,,,,,,,,,,,,,,,,
2026-07-14T22:00:11.583678+00:00,2026-07-14T22:00:11.582999,2,1,67.95,0.5,67.7,1,67.2,150,,,,,,,,,,,,,,,,,68.2,100,,,,,,,,,,,,,,,,,,
2026-07-14T22:00:11.826189+00:00,2026-07-14T22:00:11.817295,1,1,67.95,0.5,67.7,1,,,,,,,,,,,,,,,,,,,68.2,100,,,,,,,,,,,,,,,,,,
2026-07-14T22:00:11.879519+00:00,2026-07-14T22:00:11.870849,2,1,68.1,0.2,68.0,150,67.7,1,,,,,,,,,,,,,,,,,68.2,100,,,,,,,,,,,,,,,,,,
2026-07-14T22:00:11.940312+00:00,2026-07-14T22:00:11.935851,2,2,68.1,0.2,68.0,137,67.7,1,,,,,,,,,,,,,,,,,68.2,100,68.5,150,,,,,,,,,,,,,,,,
2026-07-14T22:00:12.543347+00:00,2026-07-14T22:00:12.541894,2,2,68.1,0.2,68.0,76,67.7,1,,,,,,,,,,,,,,,,,68.2,100,68.5,150,,,,,,,,,,,,,,,,
2026-07-14T22:00:13.671312+00:00,2026-07-14T22:00:13.666448,1,1,68.25,0.5,68.0,76,,,,,,,,,,,,,,,,,,,68.5,150,,,,,,,,,,,,,,,,,,
2026-07-14T22:00:13.687630+00:00,2026-07-14T22:00:13.685627,1,1,68.25,0.5,68.0,73,,,,,,,,,,,,,,,,,,,68.5,150,,,,,,,,,,,,,,,,,,
2026-07-14T22:00:13.719824+00:00,2026-07-14T22:00:13.717554,2,1,68.25,0.5,68.0,31,67.3,100,,,,,,,,,,,,,,,,,68.5,150,,,,,,,,,,,,,,,,,,
2026-07-14T22:00:13.736105+00:00,2026-07-14T22:00:13.730619,2,1,68.25,0.5,68.0,6,67.3,100,,,,,,,,,,,,,,,,,68.5,150,,,,,,,,,,,,,,,,,,
2026-07-14T22:00:13.784652+00:00,2026-07-14T22:00:13.782932,1,2,67.55,0.5,67.3,100,,,,,,,,,,,,,,,,,,,67.8,91,68.5,150,,,,,,,,,,,,,,,,
2026-07-14T22:00:13.913724+00:00,2026-07-14T22:00:13.904345,1,2,67.55,0.5,67.3,100,,,,,,,,,,,,,,,,,,,67.8,49,68.5,150,,,,,,,,,,,,,,,,
2026-07-14T22:00:14.989269+00:00,2026-07-14T22:00:14.979437,1,1,67.55,0.5,67.3,100,,,,,,,,,,,,,,,,,,,67.8,49,,,,,,,,,,,,,,,,,,
2026-07-14T22:00:15.032050+00:00,2026-07-14T22:00:15.031398,1,1,67.55,0.5,67.3,100,,,,,,,,,,,,,,,,,,,67.8,11,,,,,,,,,,,,,,,,,,
2026-07-14T22:00:15.042755+00:00,2026-07-14T22:00:15.032836,2,1,67.55,0.5,67.3,100,67.2,150,,,,,,,,,,,,,,,,,67.8,11,,,,,,,,,,,,,,,,,,
2026-07-14T22:00:15.100979+00:00,2026-07-14T22:00:15.085689,2,2,67.5,0.4,67.3,100,67.2,150,,,,,,,,,,,,,,,,,67.7,150,67.8,11,,,,,,,,,,,,,,,,
2026-07-14T22:00:15.111978+00:00,2026-07-14T22:00:15.105633,2,2,67.5,0.4,67.3,100,67.2,150,,,,,,,,,,,,,,,,,67.7,148,67.8,11,,,,,,,,,,,,,,,,
2026-07-14T22:00:15.155354+00:00,2026-07-14T22:00:15.154125,2,2,67.5,0.4,67.3,100,67.2,150,,,,,,,,,,,,,,,,,67.7,123,67.8,11,,,,,,,,,,,,,,,,
2026-07-14T22:00:15.230505+00:00,2026-07-14T22:00:15.223602,2,2,67.5,0.4,67.3,100,67.2,150,,,,,,,,,,,,,,,,,67.7,100,67.8,11,,,,,,,,,,,,,,,,
2026-07-14T22:00:15.752178+00:00,2026-07-14T22:00:15.745584,2,2,67.5,0.4,67.3,100,67.2,150,,,,,,,,,,,,,,,,,67.7,50,67.8,11,,,,,,,,,,,,,,,,
2026-07-14T22:00:15.826610+00:00,2026-07-14T22:00:15.824962,2,2,67.5,0.4,67.3,100,67.2,150,,,,,,,,,,,,,,,,,67.7,6,67.8,11,,,,,,,,,,,,,,,,
2026-07-14T22:00:16.583760+00:00,2026-07-14T22:00:16.581956,2,1,67.55,0.5,67.3,100,67.2,150,,,,,,,,,,,,,,,,,67.8,11,,,,,,,,,,,,,,,,,,
2026-07-14T22:00:16.837002+00:00,2026-07-14T22:00:16.828911,1,0,,,67.2,150,,,,,,,,,,,,,,,,,,,,,,,,,,,,,,,,,,,,,,
2026-07-14T22:00:16.890018+00:00,2026-07-14T22:00:16.881918,2,0,,,67.3,100,67.2,150,,,,,,,,,,,,,,,,,,,,,,,,,,,,,,,,,,,,
2026-07-14T22:00:16.942985+00:00,2026-07-14T22:00:16.934361,2,1,67.55,0.5,67.3,100,67.2,150,,,,,,,,,,,,,,,,,67.8,100,,,,,,,,,,,,,,,,,,
2026-07-14T22:00:17.913548+00:00,2026-07-14T22:00:17.911667,2,1,67.55,0.5,67.3,50,67.2,150,,,,,,,,,,,,,,,,,67.8,100,,,,,,,,,,,,,,,,,,
2026-07-14T22:00:18.118097+00:00,2026-07-14T22:00:18.115239,2,1,67.55,0.5,67.3,50,67.2,150,,,,,,,,,,,,,,,,,67.8,98,,,,,,,,,,,,,,,,,,
2026-07-14T22:00:18.139563+00:00,2026-07-14T22:00:18.138637,1,1,67.55,0.5,67.3,50,,,,,,,,,,,,,,,,,,,67.8,98,,,,,,,,,,,,,,,,,,
2026-07-14T22:00:18.203728+00:00,2026-07-14T22:00:18.193321,2,0,,,67.8,52,67.3,50,,,,,,,,,,,,,,,,,,,,,,,,,,,,,,,,,,,,
2026-07-14T22:00:18.256810+00:00,2026-07-14T22:00:18.246452,2,1,68.05,0.5,67.8,52,67.3,50,,,,,,,,,,,,,,,,,68.3,150,,,,,,,,,,,,,,,,,,
2026-07-14T22:00:19.988900+00:00,2026-07-14T22:00:19.987527,1,1,68.05,0.5,67.8,52,,,,,,,,,,,,,,,,,,,68.3,150,,,,,,,,,,,,,,,,,,
2026-07-14T22:00:20.021413+00:00,2026-07-14T22:00:20.020264,1,1,68.05,0.5,67.8,2,,,,,,,,,,,,,,,,,,,68.3,150,,,,,,,,,,,,,,,,,,
2026-07-14T22:00:20.042846+00:00,2026-07-14T22:00:20.040989,2,1,68.05,0.5,67.8,2,67.6,100,,,,,,,,,,,,,,,,,68.3,150,,,,,,,,,,,,,,,,,,
2026-07-14T22:00:20.096261+00:00,2026-07-14T22:00:20.094663,2,2,67.95,0.3,67.8,2,67.6,100,,,,,,,,,,,,,,,,,68.1,100,68.3,150,,,,,,,,,,,,,,,,
2026-07-14T22:00:21.304129+00:00,2026-07-14T22:00:21.302335,1,1,67.85,0.5,67.6,100,,,,,,,,,,,,,,,,,,,68.1,100,,,,,,,,,,,,,,,,,,
2026-07-14T22:00:21.357940+00:00,2026-07-14T22:00:21.356634,2,1,67.85,0.5,67.6,100,67.2,150,,,,,,,,,,,,,,,,,68.1,100,,,,,,,,,,,,,,,,,,
2026-07-14T22:00:21.411661+00:00,2026-07-14T22:00:21.409666,2,2,67.65,0.1,67.6,100,67.2,150,,,,,,,,,,,,,,,,,67.7,150,68.1,100,,,,,,,,,,,,,,,,
2026-07-14T22:00:22.193818+00:00,2026-07-14T22:00:22.183404,2,2,67.65,0.1,67.6,100,67.2,150,,,,,,,,,,,,,,,,,67.7,125,68.1,100,,,,,,,,,,,,,,,,
2026-07-14T22:00:22.387712+00:00,2026-07-14T22:00:22.377281,2,2,67.65,0.1,67.6,100,67.2,150,,,,,,,,,,,,,,,,,67.7,79,68.1,100,,,,,,,,,,,,,,,,
2026-07-14T22:00:22.451949+00:00,2026-07-14T22:00:22.443267,2,2,67.65,0.1,67.6,100,67.2,150,,,,,,,,,,,,,,,,,67.7,77,68.1,100,,,,,,,,,,,,,,,,
2026-07-14T22:00:22.923511+00:00,2026-07-14T22:00:22.916077,2,2,67.65,0.1,67.6,39,67.2,150,,,,,,,,,,,,,,,,,67.7,77,68.1,100,,,,,,,,,,,,,,,,
2026-07-14T22:00:23.159842+00:00,2026-07-14T22:00:23.151508,1,1,67.45,0.5,67.2,150,,,,,,,,,,,,,,,,,,,67.7,77,,,,,,,,,,,,,,,,,,
2026-07-14T22:00:23.213687+00:00,2026-07-14T22:00:23.205330,2,1,67.45,0.5,67.2,150,67.0,100,,,,,,,,,,,,,,,,,67.7,77,,,,,,,,,,,,,,,,,,
2026-07-14T22:00:23.266997+00:00,2026-07-14T22:00:23.259447,2,2,67.35,0.3,67.2,150,67.0,100,,,,,,,,,,,,,,,,,67.5,100,67.7,77,,,,,,,,,,,,,,,,
2026-07-14T22:00:23.705053+00:00,2026-07-14T22:00:23.700897,2,2,67.35,0.3,67.2,150,67.0,100,,,,,,,,,,,,,,,,,67.5,98,67.7,77,,,,,,,,,,,,,,,,
2026-07-14T22:00:24.240225+00:00,2026-07-14T22:00:24.235972,2,2,67.35,0.3,67.2,100,67.0,100,,,,,,,,,,,,,,,,,67.5,98,67.7,77,,,,,,,,,,,,,,,,
2026-07-14T22:00:24.464542+00:00,2026-07-14T22:00:24.463023,2,1,67.35,0.3,67.2,100,67.0,100,,,,,,,,,,,,,,,,,67.5,98,,,,,,,,,,,,,,,,,,
2026-07-14T22:00:24.475268+00:00,2026-07-14T22:00:24.464926,1,1,67.25,0.5,67.0,100,,,,,,,,,,,,,,,,,,,67.5,98,,,,,,,,,,,,,,,,,,
2026-07-14T22:00:24.539703+00:00,2026-07-14T22:00:24.530803,1,1,67.25,0.5,67.0,250,,,,,,,,,,,,,,,,,,,67.5,98,,,,,,,,,,,,,,,,,,
2026-07-14T22:00:24.582330+00:00,2026-07-14T22:00:24.581845,1,1,67.25,0.5,67.0,250,,,,,,,,,,,,,,,,,,,67.5,248,,,,,,,,,,,,,,,,,,
2026-07-14T22:00:24.965280+00:00,2026-07-14T22:00:24.959890,1,1,67.25,0.5,67.0,250,,,,,,,,,,,,,,,,,,,67.5,246,,,,,,,,,,,,,,,,,,
2026-07-14T22:00:26.285435+00:00,2026-07-14T22:00:26.280173,1,1,67.25,0.5,67.0,250,,,,,,,,,,,,,,,,,,,67.5,244,,,,,,,,,,,,,,,,,,
2026-07-14T22:00:26.339067+00:00,2026-07-14T22:00:26.333801,1,1,67.25,0.5,67.0,150,,,,,,,,,,,,,,,,,,,67.5,150,,,,,,,,,,,,,,,,,,
2026-07-14T22:00:26.783492+00:00,2026-07-14T22:00:26.781506,1,1,67.25,0.5,67.0,150,,,,,,,,,,,,,,,,,,,67.5,147,,,,,,,,,,,,,,,,,,
2026-07-14T22:00:26.944817+00:00,2026-07-14T22:00:26.935118,1,1,67.25,0.5,67.0,150,,,,,,,,,,,,,,,,,,,67.5,73,,,,,,,,,,,,,,,,,,
2026-07-14T22:00:27.646558+00:00,2026-07-14T22:00:27.639914,0,0,,,,,,,,,,,,,,,,,,,,,,,,,,,,,,,,,,,,,,,,,,
2026-07-14T22:00:27.700634+00:00,2026-07-14T22:00:27.693769,1,0,,,67.6,150,,,,,,,,,,,,,,,,,,,,,,,,,,,,,,,,,,,,,,
2026-07-14T22:00:27.754237+00:00,2026-07-14T22:00:27.749490,1,1,67.85,0.5,67.6,150,,,,,,,,,,,,,,,,,,,68.1,150,,,,,,,,,,,,,,,,,,
2026-07-14T22:00:28.102450+00:00,2026-07-14T22:00:28.100900,1,1,67.85,0.5,67.6,147,,,,,,,,,,,,,,,,,,,68.1,150,,,,,,,,,,,,,,,,,,
2026-07-14T22:00:28.359517+00:00,2026-07-14T22:00:28.355626,1,1,67.85,0.5,67.6,134,,,,,,,,,,,,,,,,,,,68.1,150,,,,,,,,,,,,,,,,,,
2026-07-14T22:00:28.402244+00:00,2026-07-14T22:00:28.398685,1,1,67.85,0.5,67.6,134,,,,,,,,,,,,,,,,,,,68.1,100,,,,,,,,,,,,,,,,,,
2026-07-14T22:00:28.466264+00:00,2026-07-14T22:00:28.459363,1,1,67.85,0.5,67.6,93,,,,,,,,,,,,,,,,,,,68.1,100,,,,,,,,,,,,,,,,,,
2026-07-14T22:00:29.441912+00:00,2026-07-14T22:00:29.440290,2,1,67.85,0.5,67.6,93,67.2,100,,,,,,,,,,,,,,,,,68.1,100,,,,,,,,,,,,,,,,,,
2026-07-14T22:00:29.495021+00:00,2026-07-14T22:00:29.493179,2,2,67.65,0.1,67.6,93,67.2,100,,,,,,,,,,,,,,,,,67.7,100,68.1,100,,,,,,,,,,,,,,,,
2026-07-14T22:00:30.509852+00:00,2026-07-14T22:00:30.504837,2,2,67.65,0.1,67.6,93,67.2,100,,,,,,,,,,,,,,,,,67.7,50,68.1,100,,,,,,,,,,,,,,,,
2026-07-14T22:00:30.649415+00:00,2026-07-14T22:00:30.641291,2,2,67.65,0.1,67.6,32,67.2,100,,,,,,,,,,,,,,,,,67.7,50,68.1,100,,,,,,,,,,,,,,,,
2026-07-14T22:00:30.660125+00:00,2026-07-14T22:00:30.652192,2,2,67.65,0.1,67.6,32,67.2,100,,,,,,,,,,,,,,,,,67.7,48,68.1,100,,,,,,,,,,,,,,,,
2026-07-14T22:00:30.809100+00:00,2026-07-14T22:00:30.807177,1,1,67.45,0.5,67.2,100,,,,,,,,,,,,,,,,,,,67.7,48,,,,,,,,,,,,,,,,,,
2026-07-14T22:00:30.862670+00:00,2026-07-14T22:00:30.859518,2,1,67.45,0.5,67.2,100,67.1,150,,,,,,,,,,,,,,,,,67.7,48,,,,,,,,,,,,,,,,,,
2026-07-14T22:00:30.916034+00:00,2026-07-14T22:00:30.912541,2,2,67.4,0.4,67.2,100,67.1,150,,,,,,,,,,,,,,,,,67.6,150,67.7,48,,,,,,,,,,,,,,,,
2026-07-14T22:00:31.562262+00:00,2026-07-14T22:00:31.558476,2,2,67.4,0.4,67.2,54,67.1,150,,,,,,,,,,,,,,,,,67.6,150,67.7,48,,,,,,,,,,,,,,,,
2026-07-14T22:00:31.893278+00:00,2026-07-14T22:00:31.889008,2,2,67.4,0.4,67.2,54,67.1,150,,,,,,,,,,,,,,,,,67.6,148,67.7,48,,,,,,,,,,,,,,,,
2026-07-14T22:00:32.557992+00:00,2026-07-14T22:00:32.548822,1,1,67.35,0.5,67.1,150,,,,,,,,,,,,,,,,,,,67.6,148,,,,,,,,,,,,,,,,,,
2026-07-14T22:00:32.611368+00:00,2026-07-14T22:00:32.602536,1,1,67.35,0.5,67.1,250,,,,,,,,,,,,,,,,,,,67.6,148,,,,,,,,,,,,,,,,,,
2026-07-14T22:00:32.664656+00:00,2026-07-14T22:00:32.655606,1,1,67.35,0.5,67.1,250,,,,,,,,,,,,,,,,,,,67.6,248,,,,,,,,,,,,,,,,,,
2026-07-14T22:00:32.686019+00:00,2026-07-14T22:00:32.675964,1,1,67.35,0.5,67.1,200,,,,,,,,,,,,,,,,,,,67.6,248,,,,,,,,,,,,,,,,,,
2026-07-14T22:00:33.979522+00:00,2026-07-14T22:00:33.970397,1,1,67.35,0.5,67.1,100,,,,,,,,,,,,,,,,,,,67.6,100,,,,,,,,,,,,,,,,,,
2026-07-14T22:00:34.032902+00:00,2026-07-14T22:00:34.022741,2,1,67.35,0.5,67.1,100,66.9,150,,,,,,,,,,,,,,,,,67.6,100,,,,,,,,,,,,,,,,,,
2026-07-14T22:00:34.086306+00:00,2026-07-14T22:00:34.075837,2,2,67.25,0.3,67.1,100,66.9,150,,,,,,,,,,,,,,,,,67.4,150,67.6,100,,,,,,,,,,,,,,,,
2026-07-14T22:00:34.237544+00:00,2026-07-14T22:00:34.233641,2,2,67.25,0.3,67.1,100,66.9,150,,,,,,,,,,,,,,,,,67.4,89,67.6,100,,,,,,,,,,,,,,,,
2026-07-14T22:00:34.644363+00:00,2026-07-14T22:00:34.641224,2,2,67.25,0.3,67.1,100,66.9,150,,,,,,,,,,,,,,,,,67.4,64,67.6,100,,,,,,,,,,,,,,,,
2026-07-14T22:00:34.783887+00:00,2026-07-14T22:00:34.783129,2,2,67.25,0.3,67.1,50,66.9,150,,,,,,,,,,,,,,,,,67.4,64,67.6,100,,,,,,,,,,,,,,,,
2026-07-14T22:00:34.902057+00:00,2026-07-14T22:00:34.895211,2,2,67.25,0.3,67.1,50,66.9,150,,,,,,,,,,,,,,,,,67.4,62,67.6,100,,,,,,,,,,,,,,,,
2026-07-14T22:00:35.599605+00:00,2026-07-14T22:00:35.591881,2,2,67.25,0.3,67.1,50,66.9,150,,,,,,,,,,,,,,,,,67.4,18,67.6,100,,,,,,,,,,,,,,,,
2026-07-14T22:00:35.716363+00:00,2026-07-14T22:00:35.711691,1,1,67.15,0.5,66.9,150,,,,,,,,,,,,,,,,,,,67.4,18,,,,,,,,,,,,,,,,,,
2026-07-14T22:00:35.770233+00:00,2026-07-14T22:00:35.765166,2,1,67.25,0.3,67.1,100,66.9,150,,,,,,,,,,,,,,,,,67.4,18,,,,,,,,,,,,,,,,,,
2026-07-14T22:00:35.823546+00:00,2026-07-14T22:00:35.817886,2,2,67.25,0.3,67.1,100,66.9,150,,,,,,,,,,,,,,,,,67.4,18,67.6,100,,,,,,,,,,,,,,,,
2026-07-14T22:00:36.156543+00:00,2026-07-14T22:00:36.150136,2,2,67.25,0.3,67.1,100,66.9,150,,,,,,,,,,,,,,,,,67.4,16,67.6,100,,,,,,,,,,,,,,,,
2026-07-14T22:00:36.758924+00:00,2026-07-14T22:00:36.752818,2,1,67.35,0.5,67.1,100,66.9,150,,,,,,,,,,,,,,,,,67.6,100,,,,,,,,,,,,,,,,,,
2026-07-14T22:00:36.812129+00:00,2026-07-14T22:00:36.806209,2,1,67.35,0.5,67.1,53,66.9,150,,,,,,,,,,,,,,,,,67.6,100,,,,,,,,,,,,,,,,,,
2026-07-14T22:00:36.897181+00:00,2026-07-14T22:00:36.889658,2,1,67.35,0.5,67.1,3,66.9,150,,,,,,,,,,,,,,,,,67.6,100,,,,,,,,,,,,,,,,,,
2026-07-14T22:00:37.142418+00:00,2026-07-14T22:00:37.133837,1,1,67.35,0.5,67.1,3,,,,,,,,,,,,,,,,,,,67.6,100,,,,,,,,,,,,,,,,,,
2026-07-14T22:00:37.196392+00:00,2026-07-14T22:00:37.187525,2,1,67.55,0.1,67.5,150,67.1,3,,,,,,,,,,,,,,,,,67.6,100,,,,,,,,,,,,,,,,,,
2026-07-14T22:00:37.250461+00:00,2026-07-14T22:00:37.246029,2,2,67.55,0.1,67.5,150,67.1,3,,,,,,,,,,,,,,,,,67.6,100,67.9,150,,,,,,,,,,,,,,,,
2026-07-14T22:00:37.402130+00:00,2026-07-14T22:00:37.399917,2,2,67.55,0.1,67.5,150,67.1,3,,,,,,,,,,,,,,,,,67.6,98,67.9,150,,,,,,,,,,,,,,,,
2026-07-14T22:00:38.657409+00:00,2026-07-14T22:00:38.655229,2,2,67.55,0.1,67.5,150,67.1,3,,,,,,,,,,,,,,,,,67.6,96,67.9,150,,,,,,,,,,,,,,,,
2026-07-14T22:00:38.882117+00:00,2026-07-14T22:00:38.873242,1,1,67.7,0.4,67.5,150,,,,,,,,,,,,,,,,,,,67.9,150,,,,,,,,,,,,,,,,,,
2026-07-14T22:00:38.935468+00:00,2026-07-14T22:00:38.926737,2,1,67.7,0.4,67.5,150,66.8,100,,,,,,,,,,,,,,,,,67.9,150,,,,,,,,,,,,,,,,,,
2026-07-14T22:00:38.989236+00:00,2026-07-14T22:00:38.982278,2,1,67.7,0.4,67.5,50,66.8,100,,,,,,,,,,,,,,,,,67.9,150,,,,,,,,,,,,,,,,,,
2026-07-14T22:00:38.999937+00:00,2026-07-14T22:00:38.995910,1,1,67.35,1.1,66.8,100,,,,,,,,,,,,,,,,,,,67.9,150,,,,,,,,,,,,,,,,,,
2026-07-14T22:00:40.298602+00:00,2026-07-14T22:00:40.295372,1,0,,,66.8,100,,,,,,,,,,,,,,,,,,,,,,,,,,,,,,,,,,,,,,
2026-07-14T22:00:40.351861+00:00,2026-07-14T22:00:40.348680,2,0,,,67.0,150,66.8,100,,,,,,,,,,,,,,,,,,,,,,,,,,,,,,,,,,,,
2026-07-14T22:00:40.405276+00:00,2026-07-14T22:00:40.401972,2,1,67.25,0.5,67.0,150,66.8,100,,,,,,,,,,,,,,,,,67.5,150,,,,,,,,,,,,,,,,,,
2026-07-14T22:00:41.111494+00:00,2026-07-14T22:00:41.101969,2,1,67.25,0.5,67.0,100,66.8,100,,,,,,,,,,,,,,,,,67.5,150,,,,,,,,,,,,,,,,,,
2026-07-14T22:00:41.164747+00:00,2026-07-14T22:00:41.154298,2,1,67.25,0.5,67.0,100,66.8,100,,,,,,,,,,,,,,,,,67.5,148,,,,,,,,,,,,,,,,,,
2026-07-14T22:00:42.046908+00:00,2026-07-14T22:00:42.036492,1,1,67.25,0.5,67.0,100,,,,,,,,,,,,,,,,,,,67.5,148,,,,,,,,,,,,,,,,,,
2026-07-14T22:00:42.090053+00:00,2026-07-14T22:00:42.089198,2,1,67.35,0.3,67.2,100,67.0,100,,,,,,,,,,,,,,,,,67.5,148,,,,,,,,,,,,,,,,,,
2026-07-14T22:00:42.144115+00:00,2026-07-14T22:00:42.141981,2,2,67.35,0.3,67.2,100,67.0,100,,,,,,,,,,,,,,,,,67.5,148,67.7,100,,,,,,,,,,,,,,,,
2026-07-14T22:00:42.404175+00:00,2026-07-14T22:00:42.402941,2,2,67.35,0.3,67.2,100,67.0,100,,,,,,,,,,,,,,,,,67.5,146,67.7,100,,,,,,,,,,,,,,,,
2026-07-14T22:00:43.209577+00:00,2026-07-14T22:00:43.208808,2,2,67.35,0.3,67.2,50,67.0,100,,,,,,,,,,,,,,,,,67.5,146,67.7,100,,,,,,,,,,,,,,,,
2026-07-14T22:00:43.456787+00:00,2026-07-14T22:00:43.455771,2,1,67.45,0.5,67.2,50,67.0,100,,,,,,,,,,,,,,,,,67.7,100,,,,,,,,,,,,,,,,,,
2026-07-14T22:00:43.467479+00:00,2026-07-14T22:00:43.457112,1,1,67.45,0.5,67.2,50,,,,,,,,,,,,,,,,,,,67.7,100,,,,,,,,,,,,,,,,,,
2026-07-14T22:00:43.520893+00:00,2026-07-14T22:00:43.510492,2,1,67.45,0.5,67.2,50,66.6,150,,,,,,,,,,,,,,,,,67.7,100,,,,,,,,,,,,,,,,,,
2026-07-14T22:00:43.574441+00:00,2026-07-14T22:00:43.564027,1,2,66.85,0.5,66.6,150,,,,,,,,,,,,,,,,,,,67.1,100,67.7,100,,,,,,,,,,,,,,,,
2026-07-14T22:00:43.649121+00:00,2026-07-14T22:00:43.646163,1,2,66.85,0.5,66.6,150,,,,,,,,,,,,,,,,,,,67.1,98,67.7,100,,,,,,,,,,,,,,,,
2026-07-14T22:00:43.825319+00:00,2026-07-14T22:00:43.823911,1,2,66.85,0.5,66.6,150,,,,,,,,,,,,,,,,,,,67.1,84,67.7,100,,,,,,,,,,,,,,,,
2026-07-14T22:00:43.965423+00:00,2026-07-14T22:00:43.954878,1,2,66.85,0.5,66.6,150,,,,,,,,,,,,,,,,,,,67.1,63,67.7,100,,,,,,,,,,,,,,,,
2026-07-14T22:00:44.932699+00:00,2026-07-14T22:00:44.927528,1,2,66.85,0.5,66.6,150,,,,,,,,,,,,,,,,,,,67.1,61,67.7,100,,,,,,,,,,,,,,,,
2026-07-14T22:00:45.133705+00:00,2026-07-14T22:00:45.131545,1,2,66.85,0.5,66.6,150,,,,,,,,,,,,,,,,,,,67.1,51,67.7,100,,,,,,,,,,,,,,,,
2026-07-14T22:00:45.177199+00:00,2026-07-14T22:00:45.168058,1,2,66.85,0.5,66.6,150,,,,,,,,,,,,,,,,,,,67.1,33,67.7,100,,,,,,,,,,,,,,,,
2026-07-14T22:00:45.198772+00:00,2026-07-14T22:00:45.195972,1,1,66.85,0.5,66.6,150,,,,,,,,,,,,,,,,,,,67.1,33,,,,,,,,,,,,,,,,,,
2026-07-14T22:00:45.252559+00:00,2026-07-14T22:00:45.250097,2,1,66.95,0.3,66.8,100,66.6,150,,,,,,,,,,,,,,,,,67.1,33,,,,,,,,,,,,,,,,,,
2026-07-14T22:00:45.307136+00:00,2026-07-14T22:00:45.304784,2,2,66.95,0.3,66.8,100,66.6,150,,,,,,,,,,,,,,,,,67.1,33,67.3,100,,,,,,,,,,,,,,,,
2026-07-14T22:00:45.318025+00:00,2026-07-14T22:00:45.314940,2,2,66.95,0.3,66.8,50,66.6,150,,,,,,,,,,,,,,,,,67.1,33,67.3,100,,,,,,,,,,,,,,,,
2026-07-14T22:00:46.090650+00:00,2026-07-14T22:00:46.089969,2,1,67.05,0.5,66.8,50,66.6,150,,,,,,,,,,,,,,,,,67.3,90,,,,,,,,,,,,,,,,,,
2026-07-14T22:00:46.208659+00:00,2026-07-14T22:00:46.200698,2,1,67.05,0.5,66.8,50,66.6,150,,,,,,,,,,,,,,,,,67.3,88,,,,,,,,,,,,,,,,,,
2026-07-14T22:00:46.625997+00:00,2026-07-14T22:00:46.617322,1,1,67.05,0.5,66.8,50,,,,,,,,,,,,,,,,,,,67.3,88,,,,,,,,,,,,,,,,,,
2026-07-14T22:00:46.679478+00:00,2026-07-14T22:00:46.671626,2,0,,,67.3,62,66.8,50,,,,,,,,,,,,,,,,,,,,,,,,,,,,,,,,,,,,
2026-07-14T22:00:46.738255+00:00,2026-07-14T22:00:46.736415,2,1,67.55,0.5,67.3,52,66.8,50,,,,,,,,,,,,,,,,,67.8,150,,,,,,,,,,,,,,,,,,
2026-07-14T22:00:47.377153+00:00,2026-07-14T22:00:47.372190,2,1,67.55,0.5,67.3,52,66.8,50,,,,,,,,,,,,,,,,,67.8,100,,,,,,,,,,,,,,,,,,
2026-07-14T22:00:48.367738+00:00,2026-07-14T22:00:48.358663,1,1,67.55,0.5,67.3,52,,,,,,,,,,,,,,,,,,,67.8,100,,,,,,,,,,,,,,,,,,
2026-07-14T22:00:48.421834+00:00,2026-07-14T22:00:48.411349,2,1,67.55,0.5,67.3,52,67.0,100,,,,,,,,,,,,,,,,,67.8,100,,,,,,,,,,,,,,,,,,
2026-07-14T22:00:48.464729+00:00,2026-07-14T22:00:48.464101,2,2,67.4,0.2,67.3,52,67.0,100,,,,,,,,,,,,,,,,,67.5,100,67.8,100,,,,,,,,,,,,,,,,
2026-07-14T22:00:48.755781+00:00,2026-07-14T22:00:48.747934,2,2,67.4,0.2,67.3,52,67.0,100,,,,,,,,,,,,,,,,,67.5,99,67.8,100,,,,,,,,,,,,,,,,
2026-07-14T22:00:48.873695+00:00,2026-07-14T22:00:48.867905,2,2,67.4,0.2,67.3,10,67.0,100,,,,,,,,,,,,,,,,,67.5,99,67.8,100,,,,,,,,,,,,,,,,
2026-07-14T22:00:49.419702+00:00,2026-07-14T22:00:49.415062,2,2,67.4,0.2,67.3,10,67.0,100,,,,,,,,,,,,,,,,,67.5,53,67.8,100,,,,,,,,,,,,,,,,
2026-07-14T22:00:49.484174+00:00,2026-07-14T22:00:49.480592,2,2,67.4,0.2,67.3,10,67.0,100,,,,,,,,,,,,,,,,,67.5,3,67.8,100,,,,,,,,,,,,,,,,
2026-07-14T22:00:49.784417+00:00,2026-07-14T22:00:49.781358,1,1,67.25,0.5,67.0,100,,,,,,,,,,,,,,,,,,,67.5,3,,,,,,,,,,,,,,,,,,
2026-07-14T22:00:49.848979+00:00,2026-07-14T22:00:49.838623,1,1,67.25,0.5,67.0,250,,,,,,,,,,,,,,,,,,,67.5,3,,,,,,,,,,,,,,,,,,
2026-07-14T22:00:49.902985+00:00,2026-07-14T22:00:49.892520,1,1,67.25,0.5,67.0,250,,,,,,,,,,,,,,,,,,,67.5,153,,,,,,,,,,,,,,,,,,
2026-07-14T22:00:51.030986+00:00,2026-07-14T22:00:51.028179,1,1,67.25,0.5,67.0,201,,,,,,,,,,,,,,,,,,,67.5,153,,,,,,,,,,,,,,,,,,
2026-07-14T22:00:51.528684+00:00,2026-07-14T22:00:51.519452,1,1,67.25,0.5,67.0,150,,,,,,,,,,,,,,,,,,,67.5,150,,,,,,,,,,,,,,,,,,
2026-07-14T22:00:51.582298+00:00,2026-07-14T22:00:51.572246,1,1,67.25,0.5,67.0,250,,,,,,,,,,,,,,,,,,,67.5,150,,,,,,,,,,,,,,,,,,
2026-07-14T22:00:51.593020+00:00,2026-07-14T22:00:51.587498,1,1,67.25,0.5,67.0,250,,,,,,,,,,,,,,,,,,,67.5,100,,,,,,,,,,,,,,,,,,
2026-07-14T22:00:51.636029+00:00,2026-07-14T22:00:51.625872,1,1,67.25,0.5,67.0,250,,,,,,,,,,,,,,,,,,,67.5,200,,,,,,,,,,,,,,,,,,
2026-07-14T22:00:51.668247+00:00,2026-07-14T22:00:51.659506,1,1,67.25,0.5,67.0,250,,,,,,,,,,,,,,,,,,,67.5,154,,,,,,,,,,,,,,,,,,
2026-07-14T22:00:52.150585+00:00,2026-07-14T22:00:52.140068,1,1,67.25,0.5,67.0,208,,,,,,,,,,,,,,,,,,,67.5,154,,,,,,,,,,,,,,,,,,
2026-07-14T22:00:52.951878+00:00,2026-07-14T22:00:52.949188,1,1,67.25,0.5,67.0,100,,,,,,,,,,,,,,,,,,,67.5,100,,,,,,,,,,,,,,,,,,
2026-07-14T22:00:53.005996+00:00,2026-07-14T22:00:53.003998,2,1,67.35,0.3,67.2,150,67.0,100,,,,,,,,,,,,,,,,,67.5,100,,,,,,,,,,,,,,,,,,
2026-07-14T22:00:53.059830+00:00,2026-07-14T22:00:53.056411,2,2,67.35,0.3,67.2,150,67.0,100,,,,,,,,,,,,,,,,,67.5,100,67.7,150,,,,,,,,,,,,,,,,
2026-07-14T22:00:53.703838+00:00,2026-07-14T22:00:53.694325,2,2,67.35,0.3,67.2,150,67.0,100,,,,,,,,,,,,,,,,,67.5,50,67.7,150,,,,,,,,,,,,,,,,
2026-07-14T22:00:53.725349+00:00,2026-07-14T22:00:53.717601,2,2,67.35,0.3,67.2,150,67.0,100,,,,,,,,,,,,,,,,,67.5,10,67.7,150,,,,,,,,,,,,,,,,
2026-07-14T22:00:54.682902+00:00,2026-07-14T22:00:54.681112,1,1,67.45,0.5,67.2,150,,,,,,,,,,,,,,,,,,,67.7,150,,,,,,,,,,,,,,,,,,
2026-07-14T22:00:54.742679+00:00,2026-07-14T22:00:54.740503,2,1,67.5,0.4,67.3,89,67.2,150,,,,,,,,,,,,,,,,,67.7,150,,,,,,,,,,,,,,,,,,
2026-07-14T22:00:54.807682+00:00,2026-07-14T22:00:54.805407,2,2,67.5,0.4,67.3,71,67.2,150,,,,,,,,,,,,,,,,,67.7,150,67.8,100,,,,,,,,,,,,,,,,
2026-07-14T22:00:55.870578+00:00,2026-07-14T22:00:55.861166,2,2,67.5,0.4,67.3,71,67.2,150,,,,,,,,,,,,,,,,,67.7,100,67.8,100,,,,,,,,,,,,,,,,
2026-07-14T22:00:56.116579+00:00,2026-07-14T22:00:56.110849,1,1,67.55,0.5,67.3,71,,,,,,,,,,,,,,,,,,,67.8,100,,,,,,,,,,,,,,,,,,
2026-07-14T22:00:56.170103+00:00,2026-07-14T22:00:56.163071,1,1,67.55,0.5,67.3,221,,,,,,,,,,,,,,,,,,,67.8,100,,,,,,,,,,,,,,,,,,
2026-07-14T22:00:56.223508+00:00,2026-07-14T22:00:56.215697,1,1,67.55,0.5,67.3,221,,,,,,,,,,,,,,,,,,,67.8,250,,,,,,,,,,,,,,,,,,
2026-07-14T22:00:56.944212+00:00,2026-07-14T22:00:56.942537,1,1,67.55,0.5,67.3,218,,,,,,,,,,,,,,,,,,,67.8,250,,,,,,,,,,,,,,,,,,
2026-07-14T22:00:56.955106+00:00,2026-07-14T22:00:56.948909,1,1,67.55,0.5,67.3,210,,,,,,,,,,,,,,,,,,,67.8,250,,,,,,,,,,,,,,,,,,
2026-07-14T22:00:57.867473+00:00,2026-07-14T22:00:57.860000,1,1,67.55,0.5,67.3,150,,,,,,,,,,,,,,,,,,,67.8,150,,,,,,,,,,,,,,,,,,
2026-07-14T22:00:57.910428+00:00,2026-07-14T22:00:57.909083,1,1,67.55,0.5,67.3,150,,,,,,,,,,,,,,,,,,,67.8,100,,,,,,,,,,,,,,,,,,
2026-07-14T22:00:57.921148+00:00,2026-07-14T22:00:57.912331,2,1,67.55,0.5,67.3,150,67.0,100,,,,,,,,,,,,,,,,,67.8,100,,,,,,,,,,,,,,,,,,
2026-07-14T22:00:57.974750+00:00,2026-07-14T22:00:57.966176,2,2,67.4,0.2,67.3,150,67.0,100,,,,,,,,,,,,,,,,,67.5,100,67.8,100,,,,,,,,,,,,,,,,
2026-07-14T22:00:58.578166+00:00,2026-07-14T22:00:58.568263,2,2,67.4,0.2,67.3,110,67.0,100,,,,,,,,,,,,,,,,,67.5,100,67.8,100,,,,,,,,,,,,,,,,
2026-07-14T22:00:59.127607+00:00,2026-07-14T22:00:59.119090,2,2,67.4,0.2,67.3,70,67.0,100,,,,,,,,,,,,,,,,,67.5,100,67.8,100,,,,,,,,,,,,,,,,
2026-07-14T22:00:59.278298+00:00,2026-07-14T22:00:59.272910,1,1,67.25,0.5,67.0,100,,,,,,,,,,,,,,,,,,,67.5,100,,,,,,,,,,,,,,,,,,
2026-07-14T22:00:59.331794+00:00,2026-07-14T22:00:59.325749,2,1,67.3,0.4,67.1,150,67.0,100,,,,,,,,,,,,,,,,,67.5,100,,,,,,,,,,,,,,,,,,
2026-07-14T22:00:59.385286+00:00,2026-07-14T22:00:59.378937,2,2,67.3,0.4,67.1,150,67.0,100,,,,,,,,,,,,,,,,,67.5,100,67.6,150,,,,,,,,,,,,,,,,
2026-07-14T22:01:00.018792+00:00,2026-07-14T22:01:00.016055,2,2,67.3,0.4,67.1,150,67.0,100,,,,,,,,,,,,,,,,,67.5,50,67.6,150,,,,,,,,,,,,,,,,
2026-07-14T22:01:00.116339+00:00,2026-07-14T22:01:00.108415,2,2,67.3,0.4,67.1,150,67.0,100,,,,,,,,,,,,,,,,,67.5,8,67.6,150,,,,,,,,,,,,,,,,
2026-07-14T22:01:01.029761+00:00,2026-07-14T22:01:01.022134,1,1,67.35,0.5,67.1,150,,,,,,,,,,,,,,,,,,,67.6,150,,,,,,,,,,,,,,,,,,
2026-07-14T22:01:01.083623+00:00,2026-07-14T22:01:01.075293,2,1,67.45,0.3,67.3,100,67.1,150,,,,,,,,,,,,,,,,,67.6,150,,,,,,,,,,,,,,,,,,
2026-07-14T22:01:01.138063+00:00,2026-07-14T22:01:01.128025,2,2,67.45,0.3,67.3,100,67.1,150,,,,,,,,,,,,,,,,,67.6,150,67.8,100,,,,,,,,,,,,,,,,
2026-07-14T22:01:01.759645+00:00,2026-07-14T22:01:01.757705,2,2,67.45,0.3,67.3,100,67.1,150,,,,,,,,,,,,,,,,,67.6,104,67.8,100,,,,,,,,,,,,,,,,
2026-07-14T22:01:01.824082+00:00,2026-07-14T22:01:01.813698,2,2,67.45,0.3,67.3,55,67.1,150,,,,,,,,,,,,,,,,,67.6,104,67.8,100,,,,,,,,,,,,,,,,
2026-07-14T22:01:02.134060+00:00,2026-07-14T22:01:02.129367,2,2,67.45,0.3,67.3,55,67.1,150,,,,,,,,,,,,,,,,,67.6,54,67.8,100,,,,,,,,,,,,,,,,
2026-07-14T22:01:02.440228+00:00,2026-07-14T22:01:02.437365,1,1,67.55,0.5,67.3,55,,,,,,,,,,,,,,,,,,,67.8,100,,,,,,,,,,,,,,,,,,
2026-07-14T22:01:02.494971+00:00,2026-07-14T22:01:02.493570,2,1,67.6,0.4,67.4,150,67.3,55,,,,,,,,,,,,,,,,,67.8,100,,,,,,,,,,,,,,,,,,
2026-07-14T22:01:02.517014+00:00,2026-07-14T22:01:02.512163,2,1,67.6,0.4,67.4,137,67.3,55,,,,,,,,,,,,,,,,,67.8,100,,,,,,,,,,,,,,,,,,
2026-07-14T22:01:02.549535+00:00,2026-07-14T22:01:02.546128,2,2,67.6,0.4,67.4,137,67.3,55,,,,,,,,,,,,,,,,,67.8,100,67.9,150,,,,,,,,,,,,,,,,
2026-07-14T22:01:03.336747+00:00,2026-07-14T22:01:03.336022,2,2,67.6,0.4,67.4,89,67.3,55,,,,,,,,,,,,,,,,,67.8,100,67.9,150,,,,,,,,,,,,,,,,
2026-07-14T22:01:04.193935+00:00,2026-07-14T22:01:04.185815,1,1,67.65,0.5,67.4,89,,,,,,,,,,,,,,,,,,,67.9,150,,,,,,,,,,,,,,,,,,
2026-07-14T22:01:04.236928+00:00,2026-07-14T22:01:04.236450,1,1,67.65,0.5,67.4,89,,,,,,,,,,,,,,,,,,,67.9,100,,,,,,,,,,,,,,,,,,
2026-07-14T22:01:04.247690+00:00,2026-07-14T22:01:04.244363,2,1,67.65,0.5,67.4,89,67.2,100,,,,,,,,,,,,,,,,,67.9,100,,,,,,,,,,,,,,,,,,
2026-07-14T22:01:04.301238+00:00,2026-07-14T22:01:04.296997,2,2,67.55,0.3,67.4,89,67.2,100,,,,,,,,,,,,,,,,,67.7,100,67.9,100,,,,,,,,,,,,,,,,
2026-07-14T22:01:04.521256+00:00,2026-07-14T22:01:04.519365,2,2,67.55,0.3,67.4,14,67.2,100,,,,,,,,,,,,,,,,,67.7,100,67.9,100,,,,,,,,,,,,,,,,
2026-07-14T22:01:04.660707+00:00,2026-07-14T22:01:04.657846,1,2,67.45,0.5,67.2,100,,,,,,,,,,,,,,,,,,,67.7,100,67.9,100,,,,,,,,,,,,,,,,
2026-07-14T22:01:04.682341+00:00,2026-07-14T22:01:04.671866,1,2,67.45,0.5,67.2,98,,,,,,,,,,,,,,,,,,,67.7,100,67.9,100,,,,,,,,,,,,,,,,
2026-07-14T22:01:04.885352+00:00,2026-07-14T22:01:04.877115,1,2,67.45,0.5,67.2,96,,,,,,,,,,,,,,,,,,,67.7,100,67.9,100,,,,,,,,,,,,,,,,
2026-07-14T22:01:05.110436+00:00,2026-07-14T22:01:05.099748,1,2,67.45,0.5,67.2,94,,,,,,,,,,,,,,,,,,,67.7,100,67.9,100,,,,,,,,,,,,,,,,
2026-07-14T22:01:05.305060+00:00,2026-07-14T22:01:05.302744,1,2,67.45,0.5,67.2,92,,,,,,,,,,,,,,,,,,,67.7,100,67.9,100,,,,,,,,,,,,,,,,
2026-07-14T22:01:05.519675+00:00,2026-07-14T22:01:05.509122,1,2,67.45,0.5,67.2,90,,,,,,,,,,,,,,,,,,,67.7,100,67.9,100,,,,,,,,,,,,,,,,
2026-07-14T22:01:05.605332+00:00,2026-07-14T22:01:05.599064,1,1,67.45,0.5,67.2,90,,,,,,,,,,,,,,,,,,,67.7,100,,,,,,,,,,,,,,,,,,
2026-07-14T22:01:05.658778+00:00,2026-07-14T22:01:05.651504,2,1,67.45,0.5,67.2,90,66.7,150,,,,,,,,,,,,,,,,,67.7,100,,,,,,,,,,,,,,,,,,
2026-07-14T22:01:05.720917+00:00,2026-07-14T22:01:05.718828,1,2,66.95,0.5,66.7,150,,,,,,,,,,,,,,,,,,,67.2,49,67.7,100,,,,,,,,,,,,,,,,
2026-07-14T22:01:06.345521+00:00,2026-07-14T22:01:06.344905,1,1,67.2,1.0,66.7,150,,,,,,,,,,,,,,,,,,,67.7,99,,,,,,,,,,,,,,,,,,
2026-07-14T22:01:07.357813+00:00,2026-07-14T22:01:07.352929,1,0,,,66.7,150,,,,,,,,,,,,,,,,,,,,,,,,,,,,,,,,,,,,,,
2026-07-14T22:01:07.412144+00:00,2026-07-14T22:01:07.406137,2,0,,,66.7,150,66.6,100,,,,,,,,,,,,,,,,,,,,,,,,,,,,,,,,,,,,
2026-07-14T22:01:07.466643+00:00,2026-07-14T22:01:07.459956,2,1,66.9,0.4,66.7,150,66.6,100,,,,,,,,,,,,,,,,,67.1,100,,,,,,,,,,,,,,,,,,
2026-07-14T22:01:08.768347+00:00,2026-07-14T22:01:08.760626,1,1,66.85,0.5,66.6,100,,,,,,,,,,,,,,,,,,,67.1,100,,,,,,,,,,,,,,,,,,
2026-07-14T22:01:08.822253+00:00,2026-07-14T22:01:08.815289,2,0,,,67.1,50,66.6,100,,,,,,,,,,,,,,,,,,,,,,,,,,,,,,,,,,,,
2026-07-14T22:01:08.875990+00:00,2026-07-14T22:01:08.868460,2,1,67.35,0.5,67.1,50,66.6,100,,,,,,,,,,,,,,,,,67.6,150,,,,,,,,,,,,,,,,,,
2026-07-14T22:01:08.929566+00:00,2026-07-14T22:01:08.928192,2,1,67.35,0.5,67.1,25,66.6,100,,,,,,,,,,,,,,,,,67.6,150,,,,,,,,,,,,,,,,,,
2026-07-14T22:01:09.004604+00:00,2026-07-14T22:01:09.002679,1,1,67.1,1.0,66.6,100,,,,,,,,,,,,,,,,,,,67.6,150,,,,,,,,,,,,,,,,,,
2026-07-14T22:01:10.522305+00:00,2026-07-14T22:01:10.514976,0,1,,,,,,,,,,,,,,,,,,,,,,,67.6,150,,,,,,,,,,,,,,,,,,
2026-07-14T22:01:10.576934+00:00,2026-07-14T22:01:10.569942,1,1,67.15,0.9,66.7,100,,,,,,,,,,,,,,,,,,,67.6,150,,,,,,,,,,,,,,,,,,
2026-07-14T22:01:10.620669+00:00,2026-07-14T22:01:10.616424,1,1,67.15,0.9,66.7,50,,,,,,,,,,,,,,,,,,,67.6,150,,,,,,,,,,,,,,,,,,
2026-07-14T22:01:10.631554+00:00,2026-07-14T22:01:10.622459,1,2,66.95,0.5,66.7,50,,,,,,,,,,,,,,,,,,,67.2,100,67.6,150,,,,,,,,,,,,,,,,
2026-07-14T22:01:11.826003+00:00,2026-07-14T22:01:11.820225,1,2,66.95,0.5,66.7,50,,,,,,,,,,,,,,,,,,,67.2,56,67.6,150,,,,,,,,,,,,,,,,
2026-07-14T22:01:11.923014+00:00,2026-07-14T22:01:11.922475,1,1,66.95,0.5,66.7,50,,,,,,,,,,,,,,,,,,,67.2,56,,,,,,,,,,,,,,,,,,
2026-07-14T22:01:11.987592+00:00,2026-07-14T22:01:11.978197,2,1,67.0,0.4,66.8,150,66.7,50,,,,,,,,,,,,,,,,,67.2,56,,,,,,,,,,,,,,,,,,
2026-07-14T22:01:12.041589+00:00,2026-07-14T22:01:12.031424,2,2,67.0,0.4,66.8,150,66.7,50,,,,,,,,,,,,,,,,,67.2,56,67.3,150,,,,,,,,,,,,,,,,
2026-07-14T22:01:12.689914+00:00,2026-07-14T22:01:12.674913,2,2,67.0,0.4,66.8,150,66.7,50,,,,,,,,,,,,,,,,,67.2,3,67.3,150,,,,,,,,,,,,,,,,
2026-07-14T22:01:12.765834+00:00,2026-07-14T22:01:12.761951,2,1,67.05,0.5,66.8,150,66.7,50,,,,,,,,,,,,,,,,,67.3,150,,,,,,,,,,,,,,,,,,
2026-07-14T22:01:12.776693+00:00,2026-07-14T22:01:12.767360,2,1,67.05,0.5,66.8,150,66.7,50,,,,,,,,,,,,,,,,,67.3,148,,,,,,,,,,,,,,,,,,
2026-07-14T22:01:12.808818+00:00,2026-07-14T22:01:12.806429,2,1,67.05,0.5,66.8,150,66.7,50,,,,,,,,,,,,,,,,,67.3,123,,,,,,,,,,,,,,,,,,
2026-07-14T22:01:12.981048+00:00,2026-07-14T22:01:12.972431,2,1,67.05,0.5,66.8,150,66.7,50,,,,,,,,,,,,,,,,,67.3,121,,,,,,,,,,,,,,,,,,
2026-07-14T22:01:13.190278+00:00,2026-07-14T22:01:13.179765,2,1,67.05,0.5,66.8,150,66.7,50,,,,,,,,,,,,,,,,,67.3,119,,,,,,,,,,,,,,,,,,
2026-07-14T22:01:13.390936+00:00,2026-07-14T22:01:13.384279,2,1,67.05,0.5,66.8,150,66.7,50,,,,,,,,,,,,,,,,,67.3,117,,,,,,,,,,,,,,,,,,
2026-07-14T22:01:13.595258+00:00,2026-07-14T22:01:13.591866,2,1,67.05,0.5,66.8,150,66.7,50,,,,,,,,,,,,,,,,,67.3,115,,,,,,,,,,,,,,,,,,
2026-07-14T22:01:13.682424+00:00,2026-07-14T22:01:13.675657,1,1,67.05,0.5,66.8,150,,,,,,,,,,,,,,,,,,,67.3,115,,,,,,,,,,,,,,,,,,
2026-07-14T22:01:13.735966+00:00,2026-07-14T22:01:13.728582,2,1,67.25,0.1,67.2,100,66.8,150,,,,,,,,,,,,,,,,,67.3,115,,,,,,,,,,,,,,,,,,
2026-07-14T22:01:13.789610+00:00,2026-07-14T22:01:13.781168,2,2,67.25,0.1,67.2,100,66.8,150,,,,,,,,,,,,,,,,,67.3,115,67.7,100,,,,,,,,,,,,,,,,
2026-07-14T22:01:13.800389+00:00,2026-07-14T22:01:13.798113,2,2,67.25,0.1,67.2,100,66.8,150,,,,,,,,,,,,,,,,,67.3,113,67.7,100,,,,,,,,,,,,,,,,
2026-07-14T22:01:13.950394+00:00,2026-07-14T22:01:13.944663,2,2,67.25,0.1,67.2,58,66.8,150,,,,,,,,,,,,,,,,,67.3,113,67.7,100,,,,,,,,,,,,,,,,
2026-07-14T22:01:14.791521+00:00,2026-07-14T22:01:14.782597,2,2,67.25,0.1,67.2,58,66.8,150,,,,,,,,,,,,,,,,,67.3,63,67.7,100,,,,,,,,,,,,,,,,
2026-07-14T22:01:15.070432+00:00,2026-07-14T22:01:15.059891,2,2,67.25,0.1,67.2,58,66.8,150,,,,,,,,,,,,,,,,,67.3,14,67.7,100,,,,,,,,,,,,,,,,
2026-07-14T22:01:15.092027+00:00,2026-07-14T22:01:15.088375,1,1,67.45,0.5,67.2,58,,,,,,,,,,,,,,,,,,,67.7,100,,,,,,,,,,,,,,,,,,
2026-07-14T22:01:15.147400+00:00,2026-07-14T22:01:15.145679,2,1,67.5,0.4,67.3,150,67.2,58,,,,,,,,,,,,,,,,,67.7,100,,,,,,,,,,,,,,,,,,
2026-07-14T22:01:15.201895+00:00,2026-07-14T22:01:15.196853,2,2,67.5,0.4,67.3,150,67.2,58,,,,,,,,,,,,,,,,,67.7,100,67.8,150,,,,,,,,,,,,,,,,
2026-07-14T22:01:16.838605+00:00,2026-07-14T22:01:16.836826,1,1,67.55,0.5,67.3,150,,,,,,,,,,,,,,,,,,,67.8,150,,,,,,,,,,,,,,,,,,
2026-07-14T22:01:16.892143+00:00,2026-07-14T22:01:16.890325,1,1,67.55,0.5,67.3,150,,,,,,,,,,,,,,,,,,,67.8,100,,,,,,,,,,,,,,,,,,
2026-07-14T22:01:16.902986+00:00,2026-07-14T22:01:16.892475,2,1,67.55,0.5,67.3,150,67.0,100,,,,,,,,,,,,,,,,,67.8,100,,,,,,,,,,,,,,,,,,
2026-07-14T22:01:16.946010+00:00,2026-07-14T22:01:16.944897,2,2,67.4,0.2,67.3,150,67.0,100,,,,,,,,,,,,,,,,,67.5,100,67.8,100,,,,,,,,,,,,,,,,
2026-07-14T22:01:18.060424+00:00,2026-07-14T22:01:18.049792,2,2,67.4,0.2,67.3,107,67.0,100,,,,,,,,,,,,,,,,,67.5,100,67.8,100,,,,,,,,,,,,,,,,
2026-07-14T22:01:18.256924+00:00,2026-07-14T22:01:18.252008,1,1,67.25,0.5,67.0,100,,,,,,,,,,,,,,,,,,,67.5,100,,,,,,,,,,,,,,,,,,
2026-07-14T22:01:18.318661+00:00,2026-07-14T22:01:18.317959,2,1,67.45,0.1,67.4,147,67.0,100,,,,,,,,,,,,,,,,,67.5,100,,,,,,,,,,,,,,,,,,
2026-07-14T22:01:18.362533+00:00,2026-07-14T22:01:18.357098,2,2,67.45,0.1,67.4,147,67.0,100,,,,,,,,,,,,,,,,,67.5,100,67.9,150,,,,,,,,,,,,,,,,
2026-07-14T22:01:18.405963+00:00,2026-07-14T22:01:18.405386,2,2,67.45,0.1,67.4,105,67.0,100,,,,,,,,,,,,,,,,,67.5,100,67.9,150,,,,,,,,,,,,,,,,
2026-07-14T22:01:18.449296+00:00,2026-07-14T22:01:18.440715,2,2,67.45,0.1,67.4,80,67.0,100,,,,,,,,,,,,,,,,,67.5,100,67.9,150,,,,,,,,,,,,,,,,
2026-07-14T22:01:18.620951+00:00,2026-07-14T22:01:18.618641,2,2,67.45,0.1,67.4,80,67.0,100,,,,,,,,,,,,,,,,,67.5,59,67.9,150,,,,,,,,,,,,,,,,
2026-07-14T22:01:18.664148+00:00,2026-07-14T22:01:18.653426,2,2,67.45,0.1,67.4,55,67.0,100,,,,,,,,,,,,,,,,,67.5,59,67.9,150,,,,,,,,,,,,,,,,
2026-07-14T22:01:18.675248+00:00,2026-07-14T22:01:18.673529,2,2,67.45,0.1,67.4,11,67.0,100,,,,,,,,,,,,,,,,,67.5,59,67.9,150,,,,,,,,,,,,,,,,
2026-07-14T22:01:18.868752+00:00,2026-07-14T22:01:18.865040,1,2,67.25,0.5,67.0,100,,,,,,,,,,,,,,,,,,,67.5,59,67.9,150,,,,,,,,,,,,,,,,
2026-07-14T22:01:19.018669+00:00,2026-07-14T22:01:19.015166,1,2,67.25,0.5,67.0,100,,,,,,,,,,,,,,,,,,,67.5,9,67.9,150,,,,,,,,,,,,,,,,
2026-07-14T22:01:20.003836+00:00,2026-07-14T22:01:20.002006,0,1,,,,,,,,,,,,,,,,,,,,,,,67.9,150,,,,,,,,,,,,,,,,,,
2026-07-14T22:01:20.068183+00:00,2026-07-14T22:01:20.060647,1,1,67.6,0.6,67.3,100,,,,,,,,,,,,,,,,,,,67.9,150,,,,,,,,,,,,,,,,,,
2026-07-14T22:01:20.122397+00:00,2026-07-14T22:01:20.114883,1,2,67.55,0.5,67.3,100,,,,,,,,,,,,,,,,,,,67.8,100,67.9,150,,,,,,,,,,,,,,,,
2026-07-14T22:01:20.133385+00:00,2026-07-14T22:01:20.122907,1,2,67.55,0.5,67.3,98,,,,,,,,,,,,,,,,,,,67.8,100,67.9,150,,,,,,,,,,,,,,,,
2026-07-14T22:01:21.134975+00:00,2026-07-14T22:01:21.127483,1,2,67.55,0.5,67.3,98,,,,,,,,,,,,,,,,,,,67.8,50,67.9,150,,,,,,,,,,,,,,,,
2026-07-14T22:01:21.449427+00:00,2026-07-14T22:01:21.433819,1,1,67.55,0.5,67.3,98,,,,,,,,,,,,,,,,,,,67.8,50,,,,,,,,,,,,,,,,,,
2026-07-14T22:01:21.482283+00:00,2026-07-14T22:01:21.478943,2,1,67.55,0.5,67.3,98,66.9,150,,,,,,,,,,,,,,,,,67.8,50,,,,,,,,,,,,,,,,,,
2026-07-14T22:01:21.547034+00:00,2026-07-14T22:01:21.536373,2,2,67.35,0.1,67.3,98,66.9,150,,,,,,,,,,,,,,,,,67.4,150,67.8,50,,,,,,,,,,,,,,,,
2026-07-14T22:01:22.824174+00:00,2026-07-14T22:01:22.819141,2,2,67.35,0.1,67.3,50,66.9,150,,,,,,,,,,,,,,,,,67.4,150,67.8,50,,,,,,,,,,,,,,,,
2026-07-14T22:01:23.178065+00:00,2026-07-14T22:01:23.170103,1,1,67.15,0.5,66.9,150,,,,,,,,,,,,,,,,,,,67.4,150,,,,,,,,,,,,,,,,,,
2026-07-14T22:01:23.231598+00:00,2026-07-14T22:01:23.222051,2,1,67.35,0.1,67.3,100,66.9,150,,,,,,,,,,,,,,,,,67.4,150,,,,,,,,,,,,,,,,,,
2026-07-14T22:01:23.253525+00:00,2026-07-14T22:01:23.251807,2,1,67.35,0.1,67.3,100,66.9,150,,,,,,,,,,,,,,,,,67.4,100,,,,,,,,,,,,,,,,,,
2026-07-14T22:01:23.286074+00:00,2026-07-14T22:01:23.276898,2,2,67.35,0.1,67.3,100,66.9,150,,,,,,,,,,,,,,,,,67.4,100,67.8,100,,,,,,,,,,,,,,,,
2026-07-14T22:01:23.415323+00:00,2026-07-14T22:01:23.412246,2,2,67.35,0.1,67.3,100,66.9,150,,,,,,,,,,,,,,,,,67.4,51,67.8,100,,,,,,,,,,,,,,,,
2026-07-14T22:01:24.594891+00:00,2026-07-14T22:01:24.592670,1,1,67.55,0.5,67.3,100,,,,,,,,,,,,,,,,,,,67.8,100,,,,,,,,,,,,,,,,,,
2026-07-14T22:01:24.648453+00:00,2026-07-14T22:01:24.645892,1,1,67.55,0.5,67.3,250,,,,,,,,,,,,,,,,,,,67.8,100,,,,,,,,,,,,,,,,,,
2026-07-14T22:01:24.702284+00:00,2026-07-14T22:01:24.699659,1,1,67.55,0.5,67.3,250,,,,,,,,,,,,,,,,,,,67.8,250,,,,,,,,,,,,,,,,,,
2026-07-14T22:01:25.369691+00:00,2026-07-14T22:01:25.363591,1,1,67.55,0.5,67.3,250,,,,,,,,,,,,,,,,,,,67.8,200,,,,,,,,,,,,,,,,,,
2026-07-14T22:01:26.332411+00:00,2026-07-14T22:01:26.331558,1,1,67.55,0.5,67.3,150,,,,,,,,,,,,,,,,,,,67.8,150,,,,,,,,,,,,,,,,,,
2026-07-14T22:01:26.386911+00:00,2026-07-14T22:01:26.383834,2,1,67.6,0.4,67.4,100,67.3,150,,,,,,,,,,,,,,,,,67.8,150,,,,,,,,,,,,,,,,,,
2026-07-14T22:01:26.441966+00:00,2026-07-14T22:01:26.436913,2,2,67.6,0.4,67.4,100,67.3,150,,,,,,,,,,,,,,,,,67.8,150,67.9,100,,,,,,,,,,,,,,,,
2026-07-14T22:01:26.538565+00:00,2026-07-14T22:01:26.537966,2,2,67.6,0.4,67.4,75,67.3,150,,,,,,,,,,,,,,,,,67.8,150,67.9,100,,,,,,,,,,,,,,,,
2026-07-14T22:01:26.753208+00:00,2026-07-14T22:01:26.749803,2,2,67.6,0.4,67.4,50,67.3,150,,,,,,,,,,,,,,,,,67.8,150,67.9,100,,,,,,,,,,,,,,,,
2026-07-14T22:01:26.971569+00:00,2026-07-14T22:01:26.960849,2,2,67.6,0.4,67.4,25,67.3,150,,,,,,,,,,,,,,,,,67.8,150,67.9,100,,,,,,,,,,,,,,,,
2026-07-14T22:01:27.306228+00:00,2026-07-14T22:01:27.295949,1,2,67.55,0.5,67.3,150,,,,,,,,,,,,,,,,,,,67.8,150,67.9,100,,,,,,,,,,,,,,,,
2026-07-14T22:01:27.397850+00:00,2026-07-14T22:01:27.390330,1,2,67.55,0.5,67.3,109,,,,,,,,,,,,,,,,,,,67.8,150,67.9,100,,,,,,,,,,,,,,,,
2026-07-14T22:01:27.486023+00:00,2026-07-14T22:01:27.479018,1,2,67.55,0.5,67.3,109,,,,,,,,,,,,,,,,,,,67.8,100,67.9,100,,,,,,,,,,,,,,,,
2026-07-14T22:01:27.768779+00:00,2026-07-14T22:01:27.759015,0,1,,,,,,,,,,,,,,,,,,,,,,,67.9,100,,,,,,,,,,,,,,,,,,
2026-07-14T22:01:27.822831+00:00,2026-07-14T22:01:27.813558,1,1,67.6,0.6,67.3,150,,,,,,,,,,,,,,,,,,,67.9,100,,,,,,,,,,,,,,,,,,
2026-07-14T22:01:27.876565+00:00,2026-07-14T22:01:27.867840,1,2,67.55,0.5,67.3,150,,,,,,,,,,,,,,,,,,,67.8,150,67.9,100,,,,,,,,,,,,,,,,
2026-07-14T22:01:28.778057+00:00,2026-07-14T22:01:28.775137,1,2,67.55,0.5,67.3,125,,,,,,,,,,,,,,,,,,,67.8,150,67.9,100,,,,,,,,,,,,,,,,
2026-07-14T22:01:28.993237+00:00,2026-07-14T22:01:28.992374,1,2,67.55,0.5,67.3,122,,,,,,,,,,,,,,,,,,,67.8,106,67.9,100,,,,,,,,,,,,,,,,
2026-07-14T22:01:29.079537+00:00,2026-07-14T22:01:29.077766,1,2,67.55,0.5,67.3,97,,,,,,,,,,,,,,,,,,,67.8,106,67.9,100,,,,,,,,,,,,,,,,
2026-07-14T22:01:29.498850+00:00,2026-07-14T22:01:29.490399,1,1,67.55,0.5,67.3,97,,,,,,,,,,,,,,,,,,,67.8,106,,,,,,,,,,,,,,,,,,
2026-07-14T22:01:29.552350+00:00,2026-07-14T22:01:29.543612,2,1,67.55,0.5,67.3,97,67.0,100,,,,,,,,,,,,,,,,,67.8,106,,,,,,,,,,,,,,,,,,
2026-07-14T22:01:29.605813+00:00,2026-07-14T22:01:29.596705,2,2,67.4,0.2,67.3,97,67.0,100,,,,,,,,,,,,,,,,,67.5,100,67.8,106,,,,,,,,,,,,,,,,
2026-07-14T22:01:29.648718+00:00,2026-07-14T22:01:29.640245,2,2,67.4,0.2,67.3,47,67.0,100,,,,,,,,,,,,,,,,,67.5,100,67.8,106,,,,,,,,,,,,,,,,
2026-07-14T22:01:30.540152+00:00,2026-07-14T22:01:30.536509,2,2,67.4,0.2,67.3,47,67.0,100,,,,,,,,,,,,,,,,,67.5,55,67.8,106,,,,,,,,,,,,,,,,
2026-07-14T22:01:30.861897+00:00,2026-07-14T22:01:30.856271,2,2,67.4,0.2,67.3,47,67.0,100,,,,,,,,,,,,,,,,,67.5,53,67.8,106,,,,,,,,,,,,,,,,
2026-07-14T22:01:30.925869+00:00,2026-07-14T22:01:30.924903,2,1,67.4,0.2,67.3,47,67.0,100,,,,,,,,,,,,,,,,,67.5,53,,,,,,,,,,,,,,,,,,
2026-07-14T22:01:30.936795+00:00,2026-07-14T22:01:30.926518,1,1,67.25,0.5,67.0,100,,,,,,,,,,,,,,,,,,,67.5,53,,,,,,,,,,,,,,,,,,
2026-07-14T22:01:30.990707+00:00,2026-07-14T22:01:30.980170,2,1,67.4,0.2,67.3,150,67.0,100,,,,,,,,,,,,,,,,,67.5,53,,,,,,,,,,,,,,,,,,
2026-07-14T22:01:31.044660+00:00,2026-07-14T22:01:31.034042,2,2,67.4,0.2,67.3,150,67.0,100,,,,,,,,,,,,,,,,,67.5,53,67.8,150,,,,,,,,,,,,,,,,
2026-07-14T22:01:31.785336+00:00,2026-07-14T22:01:31.782213,2,2,67.4,0.2,67.3,100,67.0,100,,,,,,,,,,,,,,,,,67.5,53,67.8,150,,,,,,,,,,,,,,,,
2026-07-14T22:01:32.000662+00:00,2026-07-14T22:01:31.998640,2,2,67.4,0.2,67.3,51,67.0,100,,,,,,,,,,,,,,,,,67.5,53,67.8,150,,,,,,,,,,,,,,,,
2026-07-14T22:01:32.646765+00:00,2026-07-14T22:01:32.639429,2,2,67.4,0.2,67.3,9,67.0,100,,,,,,,,,,,,,,,,,67.5,53,67.8,150,,,,,,,,,,,,,,,,
2026-07-14T22:01:32.657846+00:00,2026-07-14T22:01:32.651317,1,1,67.55,0.5,67.3,9,,,,,,,,,,,,,,,,,,,67.8,150,,,,,,,,,,,,,,,,,,
2026-07-14T22:01:32.712270+00:00,2026-07-14T22:01:32.704007,2,1,67.6,0.4,67.4,100,67.3,9,,,,,,,,,,,,,,,,,67.8,150,,,,,,,,,,,,,,,,,,
2026-07-14T22:01:32.766282+00:00,2026-07-14T22:01:32.757365,2,2,67.6,0.4,67.4,100,67.3,9,,,,,,,,,,,,,,,,,67.8,150,67.9,100,,,,,,,,,,,,,,,,
2026-07-14T22:01:33.895572+00:00,2026-07-14T22:01:33.888811,2,2,67.6,0.4,67.4,50,67.3,9,,,,,,,,,,,,,,,,,67.8,150,67.9,100,,,,,,,,,,,,,,,,
2026-07-14T22:01:34.088657+00:00,2026-07-14T22:01:34.087404,2,1,67.65,0.5,67.4,50,67.3,9,,,,,,,,,,,,,,,,,67.9,100,,,,,,,,,,,,,,,,,,
2026-07-14T22:01:34.099452+00:00,2026-07-14T22:01:34.089176,1,1,67.65,0.5,67.4,50,,,,,,,,,,,,,,,,,,,67.9,100,,,,,,,,,,,,,,,,,,
2026-07-14T22:01:34.175388+00:00,2026-07-14T22:01:34.168805,2,1,67.65,0.5,67.4,50,66.5,150,,,,,,,,,,,,,,,,,67.9,100,,,,,,,,,,,,,,,,,,
2026-07-14T22:01:34.235767+00:00,2026-07-14T22:01:34.233501,1,2,66.75,0.5,66.5,150,,,,,,,,,,,,,,,,,,,67.0,94,67.9,100,,,,,,,,,,,,,,,,
2026-07-14T22:01:34.321753+00:00,2026-07-14T22:01:34.320390,1,1,67.2,1.4,66.5,150,,,,,,,,,,,,,,,,,,,67.9,100,,,,,,,,,,,,,,,,,,
2026-07-14T22:01:34.995383+00:00,2026-07-14T22:01:34.986252,1,1,67.2,1.4,66.5,150,,,,,,,,,,,,,,,,,,,67.9,55,,,,,,,,,,,,,,,,,,
2026-07-14T22:01:35.553299+00:00,2026-07-14T22:01:35.544165,1,1,67.2,1.4,66.5,150,,,,,,,,,,,,,,,,,,,67.9,10,,,,,,,,,,,,,,,,,,
2026-07-14T22:01:35.830913+00:00,2026-07-14T22:01:35.824042,1,0,,,66.5,150,,,,,,,,,,,,,,,,,,,,,,,,,,,,,,,,,,,,,,
2026-07-14T22:01:35.885224+00:00,2026-07-14T22:01:35.876781,2,0,,,67.4,100,66.5,150,,,,,,,,,,,,,,,,,,,,,,,,,,,,,,,,,,,,
2026-07-14T22:01:35.969650+00:00,2026-07-14T22:01:35.967507,2,1,67.65,0.5,67.4,97,66.5,150,,,,,,,,,,,,,,,,,67.9,100,,,,,,,,,,,,,,,,,,
2026-07-14T22:01:36.034302+00:00,2026-07-14T22:01:36.025901,2,1,67.65,0.5,67.4,47,66.5,150,,,,,,,,,,,,,,,,,67.9,100,,,,,,,,,,,,,,,,,,
2026-07-14T22:01:37.293489+00:00,2026-07-14T22:01:37.283385,1,1,67.65,0.5,67.4,47,,,,,,,,,,,,,,,,,,,67.9,100,,,,,,,,,,,,,,,,,,
2026-07-14T22:01:37.354033+00:00,2026-07-14T22:01:37.337353,2,1,67.65,0.5,67.4,47,67.2,150,,,,,,,,,,,,,,,,,67.9,100,,,,,,,,,,,,,,,,,,
2026-07-14T22:01:37.397264+00:00,2026-07-14T22:01:37.389688,2,2,67.55,0.3,67.4,47,67.2,150,,,,,,,,,,,,,,,,,67.7,150,67.9,100,,,,,,,,,,,,,,,,
2026-07-14T22:01:38.085451+00:00,2026-07-14T22:01:38.082649,2,2,67.55,0.3,67.4,47,67.2,150,,,,,,,,,,,,,,,,,67.7,100,67.9,100,,,,,,,,,,,,,,,,
2026-07-14T22:01:38.988438+00:00,2026-07-14T22:01:38.985922,1,2,67.45,0.5,67.2,150,,,,,,,,,,,,,,,,,,,67.7,100,67.9,100,,,,,,,,,,,,,,,,
2026-07-14T22:01:38.999344+00:00,2026-07-14T22:01:38.993563,1,1,67.45,0.5,67.2,150,,,,,,,,,,,,,,,,,,,67.7,100,,,,,,,,,,,,,,,,,,
2026-07-14T22:01:39.053021+00:00,2026-07-14T22:01:39.045837,1,1,67.45,0.5,67.2,250,,,,,,,,,,,,,,,,,,,67.7,100,,,,,,,,,,,,,,,,,,
2026-07-14T22:01:39.106808+00:00,2026-07-14T22:01:39.100482,1,1,67.45,0.5,67.2,250,,,,,,,,,,,,,,,,,,,67.7,200,,,,,,,,,,,,,,,,,,
2026-07-14T22:01:39.795308+00:00,2026-07-14T22:01:39.789877,1,1,67.45,0.5,67.2,202,,,,,,,,,,,,,,,,,,,67.7,200,,,,,,,,,,,,,,,,,,
2026-07-14T22:01:40.193855+00:00,2026-07-14T22:01:40.189655,1,1,67.45,0.5,67.2,202,,,,,,,,,,,,,,,,,,,67.7,150,,,,,,,,,,,,,,,,,,
2026-07-14T22:01:40.453227+00:00,2026-07-14T22:01:40.448462,1,1,67.45,0.5,67.2,100,,,,,,,,,,,,,,,,,,,67.7,100,,,,,,,,,,,,,,,,,,
2026-07-14T22:01:40.507172+00:00,2026-07-14T22:01:40.502466,2,1,67.55,0.3,67.4,150,67.2,100,,,,,,,,,,,,,,,,,67.7,100,,,,,,,,,,,,,,,,,,
2026-07-14T22:01:40.561091+00:00,2026-07-14T22:01:40.555403,2,2,67.55,0.3,67.4,150,67.2,100,,,,,,,,,,,,,,,,,67.7,100,67.9,150,,,,,,,,,,,,,,,,
2026-07-14T22:01:41.229880+00:00,2026-07-14T22:01:41.228377,2,2,67.55,0.3,67.4,150,67.2,100,,,,,,,,,,,,,,,,,67.7,57,67.9,150,,,,,,,,,,,,,,,,
2026-07-14T22:01:41.670962+00:00,2026-07-14T22:01:41.660874,2,2,67.55,0.3,67.4,145,67.2,100,,,,,,,,,,,,,,,,,67.7,57,67.9,150,,,,,,,,,,,,,,,,
2026-07-14T22:01:42.164295+00:00,2026-07-14T22:01:42.155252,1,1,67.65,0.5,67.4,145,,,,,,,,,,,,,,,,,,,67.9,150,,,,,,,,,,,,,,,,,,
2026-07-14T22:01:42.218208+00:00,2026-07-14T22:01:42.207783,2,1,67.65,0.5,67.4,145,67.2,100,,,,,,,,,,,,,,,,,67.9,150,,,,,,,,,,,,,,,,,,
2026-07-14T22:01:42.261060+00:00,2026-07-14T22:01:42.260386,2,2,67.55,0.3,67.4,145,67.2,100,,,,,,,,,,,,,,,,,67.7,100,67.9,150,,,,,,,,,,,,,,,,
2026-07-14T22:01:42.314624+00:00,2026-07-14T22:01:42.308795,2,2,67.55,0.3,67.4,145,67.2,100,,,,,,,,,,,,,,,,,67.7,50,67.9,150,,,,,,,,,,,,,,,,
2026-07-14T22:01:43.621577+00:00,2026-07-14T22:01:43.618056,1,1,67.45,0.5,67.2,100,,,,,,,,,,,,,,,,,,,67.7,50,,,,,,,,,,,,,,,,,,
2026-07-14T22:01:43.675612+00:00,2026-07-14T22:01:43.668308,2,1,67.55,0.3,67.4,150,67.2,100,,,,,,,,,,,,,,,,,67.7,50,,,,,,,,,,,,,,,,,,
2026-07-14T22:01:43.729168+00:00,2026-07-14T22:01:43.721480,2,2,67.55,0.3,67.4,150,67.2,100,,,,,,,,,,,,,,,,,67.7,50,67.9,150,,,,,,,,,,,,,,,,
2026-07-14T22:01:44.458994+00:00,2026-07-14T22:01:44.457098,2,2,67.55,0.3,67.4,147,67.2,100,,,,,,,,,,,,,,,,,67.7,50,67.9,150,,,,,,,,,,,,,,,,
2026-07-14T22:01:44.492055+00:00,2026-07-14T22:01:44.485943,2,2,67.55,0.3,67.4,105,67.2,100,,,,,,,,,,,,,,,,,67.7,50,67.9,150,,,,,,,,,,,,,,,,
2026-07-14T22:01:45.316070+00:00,2026-07-14T22:01:45.315442,2,1,67.65,0.5,67.4,105,67.2,100,,,,,,,,,,,,,,,,,67.9,150,,,,,,,,,,,,,,,,,,
2026-07-14T22:01:45.326730+00:00,2026-07-14T22:01:45.317202,1,1,67.65,0.5,67.4,105,,,,,,,,,,,,,,,,,,,67.9,150,,,,,,,,,,,,,,,,,,
2026-07-14T22:01:45.380034+00:00,2026-07-14T22:01:45.370890,2,1,67.65,0.5,67.4,105,67.2,100,,,,,,,,,,,,,,,,,67.9,150,,,,,,,,,,,,,,,,,,
2026-07-14T22:01:45.433454+00:00,2026-07-14T22:01:45.424461,2,2,67.55,0.3,67.4,105,67.2,100,,,,,,,,,,,,,,,,,67.7,100,67.9,150,,,,,,,,,,,,,,,,
2026-07-14T22:01:45.667638+00:00,2026-07-14T22:01:45.662178,2,2,67.55,0.3,67.4,80,67.2,100,,,,,,,,,,,,,,,,,67.7,100,67.9,150,,,,,,,,,,,,,,,,
2026-07-14T22:01:46.605958+00:00,2026-07-14T22:01:46.600908,2,2,67.55,0.3,67.4,30,67.2,100,,,,,,,,,,,,,,,,,67.7,100,67.9,150,,,,,,,,,,,,,,,,
2026-07-14T22:01:46.786702+00:00,2026-07-14T22:01:46.777233,1,1,67.45,0.5,67.2,100,,,,,,,,,,,,,,,,,,,67.7,100,,,,,,,,,,,,,,,,,,
2026-07-14T22:01:46.839776+00:00,2026-07-14T22:01:46.830273,2,1,67.45,0.5,67.2,100,66.8,150,,,,,,,,,,,,,,,,,67.7,100,,,,,,,,,,,,,,,,,,
2026-07-14T22:01:46.901941+00:00,2026-07-14T22:01:46.900381,2,2,67.25,0.1,67.2,100,66.8,150,,,,,,,,,,,,,,,,,67.3,147,67.7,100,,,,,,,,,,,,,,,,
2026-07-14T22:01:46.976727+00:00,2026-07-14T22:01:46.967836,2,2,67.25,0.1,67.2,100,66.8,150,,,,,,,,,,,,,,,,,67.3,67,67.7,100,,,,,,,,,,,,,,,,
2026-07-14T22:01:47.030320+00:00,2026-07-14T22:01:47.029373,2,2,67.25,0.1,67.2,100,66.8,150,,,,,,,,,,,,,,,,,67.3,19,67.7,100,,,,,,,,,,,,,,,,
2026-07-14T22:01:47.051729+00:00,2026-07-14T22:01:47.047011,2,1,67.45,0.5,67.2,100,66.8,150,,,,,,,,,,,,,,,,,67.7,100,,,,,,,,,,,,,,,,,,
2026-07-14T22:01:48.486433+00:00,2026-07-14T22:01:48.481320,1,0,,,66.8,150,,,,,,,,,,,,,,,,,,,,,,,,,,,,,,,,,,,,,,
2026-07-14T22:01:48.539516+00:00,2026-07-14T22:01:48.534846,2,0,,,67.4,100,66.8,150,,,,,,,,,,,,,,,,,,,,,,,,,,,,,,,,,,,,
2026-07-14T22:01:48.581956+00:00,2026-07-14T22:01:48.578269,2,0,,,67.4,59,66.8,150,,,,,,,,,,,,,,,,,,,,,,,,,,,,,,,,,,,,
2026-07-14T22:01:48.592592+00:00,2026-07-14T22:01:48.588253,2,1,67.65,0.5,67.4,59,66.8,150,,,,,,,,,,,,,,,,,67.9,100,,,,,,,,,,,,,,,,,,
2026-07-14T22:01:48.709451+00:00,2026-07-14T22:01:48.708479,2,1,67.65,0.5,67.4,9,66.8,150,,,,,,,,,,,,,,,,,67.9,100,,,,,,,,,,,,,,,,,,
2026-07-14T22:01:49.952349+00:00,2026-07-14T22:01:49.942652,1,1,67.65,0.5,67.4,9,,,,,,,,,,,,,,,,,,,67.9,100,,,,,,,,,,,,,,,,,,
2026-07-14T22:01:50.005772+00:00,2026-07-14T22:01:49.995269,2,1,67.7,0.4,67.5,150,67.4,9,,,,,,,,,,,,,,,,,67.9,100,,,,,,,,,,,,,,,,,,
2026-07-14T22:01:50.059499+00:00,2026-07-14T22:01:50.055630,2,2,67.7,0.4,67.5,112,67.4,9,,,,,,,,,,,,,,,,,67.9,100,68.0,150,,,,,,,,,,,,,,,,
2026-07-14T22:01:50.817882+00:00,2026-07-14T22:01:50.815364,2,2,67.7,0.4,67.5,62,67.4,9,,,,,,,,,,,,,,,,,67.9,100,68.0,150,,,,,,,,,,,,,,,,
2026-07-14T22:01:51.644874+00:00,2026-07-14T22:01:51.642883,1,1,67.75,0.5,67.5,62,,,,,,,,,,,,,,,,,,,68.0,150,,,,,,,,,,,,,,,,,,
2026-07-14T22:01:51.708355+00:00,2026-07-14T22:01:51.707888,2,1,67.75,0.5,67.5,62,67.1,100,,,,,,,,,,,,,,,,,68.0,150,,,,,,,,,,,,,,,,,,
2026-07-14T22:01:51.761440+00:00,2026-07-14T22:01:51.759768,2,2,67.55,0.1,67.5,62,67.1,100,,,,,,,,,,,,,,,,,67.6,100,68.0,150,,,,,,,,,,,,,,,,
2026-07-14T22:01:52.549753+00:00,2026-07-14T22:01:52.544288,2,2,67.55,0.1,67.5,14,67.1,100,,,,,,,,,,,,,,,,,67.6,100,68.0,150,,,,,,,,,,,,,,,,
2026-07-14T22:01:52.955130+00:00,2026-07-14T22:01:52.945724,1,2,67.35,0.5,67.1,64,,,,,,,,,,,,,,,,,,,67.6,100,68.0,150,,,,,,,,,,,,,,,,
2026-07-14T22:01:53.114842+00:00,2026-07-14T22:01:53.104766,1,1,67.35,0.5,67.1,64,,,,,,,,,,,,,,,,,,,67.6,100,,,,,,,,,,,,,,,,,,
2026-07-14T22:01:53.167681+00:00,2026-07-14T22:01:53.159888,2,1,67.35,0.5,67.1,64,67.0,150,,,,,,,,,,,,,,,,,67.6,100,,,,,,,,,,,,,,,,,,
2026-07-14T22:01:53.221327+00:00,2026-07-14T22:01:53.213866,2,2,67.3,0.4,67.1,64,67.0,150,,,,,,,,,,,,,,,,,67.5,150,67.6,100,,,,,,,,,,,,,,,,
2026-07-14T22:01:54.824911+00:00,2026-07-14T22:01:54.816402,1,1,67.25,0.5,67.0,150,,,,,,,,,,,,,,,,,,,67.5,150,,,,,,,,,,,,,,,,,,
2026-07-14T22:01:54.877903+00:00,2026-07-14T22:01:54.872396,1,1,67.25,0.5,67.0,250,,,,,,,,,,,,,,,,,,,67.5,150,,,,,,,,,,,,,,,,,,
2026-07-14T22:01:54.930990+00:00,2026-07-14T22:01:54.926829,1,1,67.25,0.5,67.0,250,,,,,,,,,,,,,,,,,,,67.5,250,,,,,,,,,,,,,,,,,,
2026-07-14T22:01:55.058963+00:00,2026-07-14T22:01:55.051709,1,1,67.25,0.5,67.0,200,,,,,,,,,,,,,,,,,,,67.5,250,,,,,,,,,,,,,,,,,,
2026-07-14T22:01:56.285350+00:00,2026-07-14T22:01:56.276494,1,1,67.25,0.5,67.0,100,,,,,,,,,,,,,,,,,,,67.5,100,,,,,,,,,,,,,,,,,,
2026-07-14T22:01:56.329385+00:00,2026-07-14T22:01:56.328631,2,1,67.25,0.5,67.0,100,66.6,150,,,,,,,,,,,,,,,,,67.5,100,,,,,,,,,,,,,,,,,,
2026-07-14T22:01:56.383866+00:00,2026-07-14T22:01:56.381258,2,2,67.05,0.1,67.0,100,66.6,150,,,,,,,,,,,,,,,,,67.1,150,67.5,100,,,,,,,,,,,,,,,,
2026-07-14T22:01:56.394832+00:00,2026-07-14T22:01:56.389456,2,2,67.05,0.1,67.0,100,66.6,150,,,,,,,,,,,,,,,,,67.1,89,67.5,100,,,,,,,,,,,,,,,,
2026-07-14T22:01:56.524200+00:00,2026-07-14T22:01:56.513615,2,2,67.05,0.1,67.0,100,66.6,150,,,,,,,,,,,,,,,,,67.1,64,67.5,100,,,,,,,,,,,,,,,,
2026-07-14T22:01:56.573747+00:00,2026-07-14T22:01:56.564970,2,2,67.05,0.1,67.0,100,66.6,150,,,,,,,,,,,,,,,,,67.1,61,67.5,100,,,,,,,,,,,,,,,,
2026-07-14T22:01:56.584537+00:00,2026-07-14T22:01:56.580088,2,2,67.05,0.1,67.0,100,66.6,150,,,,,,,,,,,,,,,,,67.1,48,67.5,100,,,,,,,,,,,,,,,,
2026-07-14T22:01:56.732586+00:00,2026-07-14T22:01:56.725916,2,2,67.05,0.1,67.0,100,66.6,150,,,,,,,,,,,,,,,,,67.1,23,67.5,100,,,,,,,,,,,,,,,,
2026-07-14T22:01:56.923924+00:00,2026-07-14T22:01:56.917064,2,1,67.25,0.5,67.0,100,66.6,150,,,,,,,,,,,,,,,,,67.5,100,,,,,,,,,,,,,,,,,,
2026-07-14T22:01:57.117261+00:00,2026-07-14T22:01:57.107269,2,1,67.25,0.5,67.0,100,66.6,150,,,,,,,,,,,,,,,,,67.5,50,,,,,,,,,,,,,,,,,,
2026-07-14T22:01:57.342250+00:00,2026-07-14T22:01:57.338995,2,1,67.25,0.5,67.0,100,66.6,150,,,,,,,,,,,,,,,,,67.5,25,,,,,,,,,,,,,,,,,,
2026-07-14T22:01:57.559209+00:00,2026-07-14T22:01:57.550924,2,0,,,67.0,100,66.6,150,,,,,,,,,,,,,,,,,,,,,,,,,,,,,,,,,,,,
2026-07-14T22:01:57.987783+00:00,2026-07-14T22:01:57.981013,1,0,,,66.6,150,,,,,,,,,,,,,,,,,,,,,,,,,,,,,,,,,,,,,,
2026-07-14T22:01:58.040899+00:00,2026-07-14T22:01:58.034413,2,0,,,67.5,100,66.6,150,,,,,,,,,,,,,,,,,,,,,,,,,,,,,,,,,,,,
2026-07-14T22:01:58.099907+00:00,2026-07-14T22:01:58.097802,2,1,67.75,0.5,67.5,97,66.6,150,,,,,,,,,,,,,,,,,68.0,100,,,,,,,,,,,,,,,,,,
2026-07-14T22:01:59.275049+00:00,2026-07-14T22:01:59.271046,2,1,67.75,0.5,67.5,47,66.6,150,,,,,,,,,,,,,,,,,68.0,100,,,,,,,,,,,,,,,,,,
2026-07-14T22:01:59.444551+00:00,2026-07-14T22:01:59.434493,1,1,67.75,0.5,67.5,47,,,,,,,,,,,,,,,,,,,68.0,100,,,,,,,,,,,,,,,,,,
2026-07-14T22:01:59.497600+00:00,2026-07-14T22:01:59.487432,2,1,67.85,0.3,67.7,150,67.5,47,,,,,,,,,,,,,,,,,68.0,100,,,,,,,,,,,,,,,,,,
2026-07-14T22:01:59.550568+00:00,2026-07-14T22:01:59.540804,2,2,67.85,0.3,67.7,150,67.5,47,,,,,,,,,,,,,,,,,68.0,100,68.2,150,,,,,,,,,,,,,,,,
2026-07-14T22:01:59.742155+00:00,2026-07-14T22:01:59.734805,2,2,67.85,0.3,67.7,137,67.5,47,,,,,,,,,,,,,,,,,68.0,100,68.2,150,,,,,,,,,,,,,,,,
2026-07-14T22:01:59.930149+00:00,2026-07-14T22:01:59.928299,2,2,67.85,0.3,67.7,31,67.5,47,,,,,,,,,,,,,,,,,68.0,100,68.2,150,,,,,,,,,,,,,,,,
2026-07-14T22:01:59.973196+00:00,2026-07-14T22:01:59.962609,2,2,67.85,0.3,67.7,6,67.5,47,,,,,,,,,,,,,,,,,68.0,100,68.2,150,,,,,,,,,,,,,,,,
2026-07-14T22:02:00.209330+00:00,2026-07-14T22:02:00.205407,1,2,67.75,0.5,67.5,47,,,,,,,,,,,,,,,,,,,68.0,100,68.2,150,,,,,,,,,,,,,,,,
2026-07-14T22:02:00.220079+00:00,2026-07-14T22:02:00.214849,1,2,67.75,0.5,67.5,1,,,,,,,,,,,,,,,,,,,68.0,100,68.2,150,,,,,,,,,,,,,,,,
2026-07-14T22:02:01.144501+00:00,2026-07-14T22:02:01.143109,0,1,,,,,,,,,,,,,,,,,,,,,,,68.2,150,,,,,,,,,,,,,,,,,,
2026-07-14T22:02:01.197787+00:00,2026-07-14T22:02:01.196920,1,1,67.7,1.0,67.2,100,,,,,,,,,,,,,,,,,,,68.2,150,,,,,,,,,,,,,,,,,,
2026-07-14T22:02:01.262574+00:00,2026-07-14T22:02:01.252273,1,2,67.45,0.5,67.2,100,,,,,,,,,,,,,,,,,,,67.7,100,68.2,150,,,,,,,,,,,,,,,,
2026-07-14T22:02:01.412462+00:00,2026-07-14T22:02:01.404245,1,2,67.45,0.5,67.2,50,,,,,,,,,,,,,,,,,,,67.7,100,68.2,150,,,,,,,,,,,,,,,,
2026-07-14T22:02:02.625986+00:00,2026-07-14T22:02:02.624525,1,1,67.45,0.5,67.2,50,,,,,,,,,,,,,,,,,,,67.7,100,,,,,,,,,,,,,,,,,,
2026-07-14T22:02:02.680111+00:00,2026-07-14T22:02:02.676649,2,1,67.45,0.5,67.2,50,67.0,150,,,,,,,,,,,,,,,,,67.7,100,,,,,,,,,,,,,,,,,,
2026-07-14T22:02:02.741754+00:00,2026-07-14T22:02:02.739149,2,2,67.35,0.3,67.2,50,67.0,150,,,,,,,,,,,,,,,,,67.5,147,67.7,100,,,,,,,,,,,,,,,,
2026-07-14T22:02:02.796749+00:00,2026-07-14T22:02:02.789862,2,2,67.35,0.3,67.2,50,67.0,150,,,,,,,,,,,,,,,,,67.5,67,67.7,100,,,,,,,,,,,,,,,,
2026-07-14T22:02:02.893555+00:00,2026-07-14T22:02:02.885996,2,2,67.35,0.3,67.2,50,67.0,150,,,,,,,,,,,,,,,,,67.5,42,67.7,100,,,,,,,,,,,,,,,,
2026-07-14T22:02:03.105879+00:00,2026-07-14T22:02:03.098239,2,2,67.35,0.3,67.2,50,67.0,150,,,,,,,,,,,,,,,,,67.5,17,67.7,100,,,,,,,,,,,,,,,,
2026-07-14T22:02:03.320153+00:00,2026-07-14T22:02:03.316840,2,1,67.45,0.5,67.2,50,67.0,150,,,,,,,,,,,,,,,,,67.7,98,,,,,,,,,,,,,,,,,,
2026-07-14T22:02:03.533766+00:00,2026-07-14T22:02:03.523401,2,1,67.45,0.5,67.2,50,67.0,150,,,,,,,,,,,,,,,,,67.7,96,,,,,,,,,,,,,,,,,,
2026-07-14T22:02:03.735184+00:00,2026-07-14T22:02:03.729336,2,1,67.45,0.5,67.2,50,67.0,150,,,,,,,,,,,,,,,,,67.7,94,,,,,,,,,,,,,,,,,,
2026-07-14T22:02:04.024749+00:00,2026-07-14T22:02:04.020879,2,1,67.45,0.5,67.2,50,67.0,150,,,,,,,,,,,,,,,,,67.7,92,,,,,,,,,,,,,,,,,,
2026-07-14T22:02:04.313941+00:00,2026-07-14T22:02:04.308581,1,0,,,67.0,150,,,,,,,,,,,,,,,,,,,,,,,,,,,,,,,,,,,,,,
2026-07-14T22:02:04.367070+00:00,2026-07-14T22:02:04.363666,1,0,,,67.0,250,,,,,,,,,,,,,,,,,,,,,,,,,,,,,,,,,,,,,,
2026-07-14T22:02:04.470005+00:00,2026-07-14T22:02:04.461675,1,1,67.25,0.5,67.0,250,,,,,,,,,,,,,,,,,,,67.5,100,,,,,,,,,,,,,,,,,,
2026-07-14T22:02:05.278165+00:00,2026-07-14T22:02:05.271118,1,1,67.25,0.5,67.0,250,,,,,,,,,,,,,,,,,,,67.5,98,,,,,,,,,,,,,,,,,,
2026-07-14T22:02:05.352168+00:00,2026-07-14T22:02:05.349802,1,1,67.25,0.5,67.0,250,,,,,,,,,,,,,,,,,,,67.5,73,,,,,,,,,,,,,,,,,,
2026-07-14T22:02:05.565234+00:00,2026-07-14T22:02:05.561420,1,1,67.25,0.5,67.0,250,,,,,,,,,,,,,,,,,,,67.5,59,,,,,,,,,,,,,,,,,,
2026-07-14T22:02:05.576100+00:00,2026-07-14T22:02:05.566912,1,1,67.25,0.5,67.0,250,,,,,,,,,,,,,,,,,,,67.5,9,,,,,,,,,,,,,,,,,,
2026-07-14T22:02:05.792112+00:00,2026-07-14T22:02:05.784355,1,1,67.25,0.5,67.0,100,,,,,,,,,,,,,,,,,,,67.5,9,,,,,,,,,,,,,,,,,,
2026-07-14T22:02:05.845624+00:00,2026-07-14T22:02:05.839871,2,0,,,67.5,141,67.0,100,,,,,,,,,,,,,,,,,,,,,,,,,,,,,,,,,,,,
2026-07-14T22:02:05.898732+00:00,2026-07-14T22:02:05.892803,2,1,67.75,0.5,67.5,141,67.0,100,,,,,,,,,,,,,,,,,68.0,150,,,,,,,,,,,,,,,,,,
2026-07-14T22:02:07.494165+00:00,2026-07-14T22:02:07.491057,1,1,67.75,0.5,67.5,141,,,,,,,,,,,,,,,,,,,68.0,150,,,,,,,,,,,,,,,,,,
2026-07-14T22:02:07.548808+00:00,2026-07-14T22:02:07.545239,1,1,67.75,0.5,67.5,241,,,,,,,,,,,,,,,,,,,68.0,150,,,,,,,,,,,,,,,,,,
2026-07-14T22:02:07.602587+00:00,2026-07-14T22:02:07.597934,1,1,67.75,0.5,67.5,241,,,,,,,,,,,,,,,,,,,68.0,250,,,,,,,,,,,,,,,,,,
2026-07-14T22:02:07.710264+00:00,2026-07-14T22:02:07.705167,1,1,67.75,0.5,67.5,241,,,,,,,,,,,,,,,,,,,68.0,200,,,,,,,,,,,,,,,,,,
2026-07-14T22:02:07.840944+00:00,2026-07-14T22:02:07.834676,1,1,67.75,0.5,67.5,241,,,,,,,,,,,,,,,,,,,68.0,160,,,,,,,,,,,,,,,,,,
2026-07-14T22:02:08.952246+00:00,2026-07-14T22:02:08.948145,1,1,67.75,0.5,67.5,100,,,,,,,,,,,,,,,,,,,68.0,100,,,,,,,,,,,,,,,,,,
2026-07-14T22:02:09.006252+00:00,2026-07-14T22:02:09.004115,2,0,,,68.0,50,67.5,100,,,,,,,,,,,,,,,,,,,,,,,,,,,,,,,,,,,,
2026-07-14T22:02:09.076627+00:00,2026-07-14T22:02:09.074462,2,1,68.25,0.5,68.0,36,67.5,100,,,,,,,,,,,,,,,,,68.5,150,,,,,,,,,,,,,,,,,,
2026-07-14T22:02:09.098245+00:00,2026-07-14T22:02:09.088393,1,1,68.0,1.0,67.5,100,,,,,,,,,,,,,,,,,,,68.5,150,,,,,,,,,,,,,,,,,,
2026-07-14T22:02:09.878661+00:00,2026-07-14T22:02:09.869968,1,1,68.0,1.0,67.5,50,,,,,,,,,,,,,,,,,,,68.5,150,,,,,,,,,,,,,,,,,,
2026-07-14T22:02:10.657081+00:00,2026-07-14T22:02:10.652683,0,1,,,,,,,,,,,,,,,,,,,,,,,68.5,150,,,,,,,,,,,,,,,,,,
2026-07-14T22:02:10.710345+00:00,2026-07-14T22:02:10.706248,1,1,68.0,1.0,67.5,100,,,,,,,,,,,,,,,,,,,68.5,150,,,,,,,,,,,,,,,,,,
2026-07-14T22:02:10.763509+00:00,2026-07-14T22:02:10.759213,1,2,67.75,0.5,67.5,100,,,,,,,,,,,,,,,,,,,68.0,100,68.5,150,,,,,,,,,,,,,,,,
2026-07-14T22:02:11.936062+00:00,2026-07-14T22:02:11.926931,1,2,67.75,0.5,67.5,100,,,,,,,,,,,,,,,,,,,68.0,50,68.5,150,,,,,,,,,,,,,,,,
2026-07-14T22:02:12.125198+00:00,2026-07-14T22:02:12.119295,1,1,67.75,0.5,67.5,100,,,,,,,,,,,,,,,,,,,68.0,50,,,,,,,,,,,,,,,,,,
2026-07-14T22:02:12.178143+00:00,2026-07-14T22:02:12.172273,2,1,67.75,0.5,67.5,100,67.2,150,,,,,,,,,,,,,,,,,68.0,50,,,,,,,,,,,,,,,,,,
2026-07-14T22:02:12.231007+00:00,2026-07-14T22:02:12.225838,2,2,67.6,0.2,67.5,100,67.2,150,,,,,,,,,,,,,,,,,67.7,150,68.0,50,,,,,,,,,,,,,,,,
2026-07-14T22:02:13.818944+00:00,2026-07-14T22:02:13.814623,1,1,67.45,0.5,67.2,150,,,,,,,,,,,,,,,,,,,67.7,150,,,,,,,,,,,,,,,,,,
2026-07-14T22:02:13.872373+00:00,2026-07-14T22:02:13.867443,2,1,67.65,0.1,67.6,100,67.2,150,,,,,,,,,,,,,,,,,67.7,150,,,,,,,,,,,,,,,,,,
2026-07-14T22:02:13.925635+00:00,2026-07-14T22:02:13.920055,2,2,67.65,0.1,67.6,100,67.2,150,,,,,,,,,,,,,,,,,67.7,150,68.1,100,,,,,,,,,,,,,,,,
2026-07-14T22:02:13.957303+00:00,2026-07-14T22:02:13.952873,2,2,67.65,0.1,67.6,98,67.2,150,,,,,,,,,,,,,,,,,67.7,150,68.1,100,,,,,,,,,,,,,,,,
2026-07-14T22:02:14.041980+00:00,2026-07-14T22:02:14.034998,2,2,67.65,0.1,67.6,98,67.2,150,,,,,,,,,,,,,,,,,67.7,100,68.1,100,,,,,,,,,,,,,,,,
2026-07-14T22:02:14.402389+00:00,2026-07-14T22:02:14.396297,2,2,67.65,0.1,67.6,73,67.2,150,,,,,,,,,,,,,,,,,67.7,100,68.1,100,,,,,,,,,,,,,,,,
2026-07-14T22:02:14.455255+00:00,2026-07-14T22:02:14.450804,2,2,67.65,0.1,67.6,31,67.2,150,,,,,,,,,,,,,,,,,67.7,100,68.1,100,,,,,,,,,,,,,,,,
2026-07-14T22:02:14.581923+00:00,2026-07-14T22:02:14.580165,1,2,67.45,0.5,67.2,150,,,,,,,,,,,,,,,,,,,67.7,100,68.1,100,,,,,,,,,,,,,,,,
2026-07-14T22:02:15.291626+00:00,2026-07-14T22:02:15.285637,0,1,,,,,,,,,,,,,,,,,,,,,,,68.1,100,,,,,,,,,,,,,,,,,,
2026-07-14T22:02:15.355860+00:00,2026-07-14T22:02:15.346193,1,1,67.75,0.7,67.4,150,,,,,,,,,,,,,,,,,,,68.1,100,,,,,,,,,,,,,,,,,,
2026-07-14T22:02:15.409116+00:00,2026-07-14T22:02:15.399363,1,2,67.65,0.5,67.4,150,,,,,,,,,,,,,,,,,,,67.9,150,68.1,100,,,,,,,,,,,,,,,,
2026-07-14T22:02:16.150016+00:00,2026-07-14T22:02:16.143782,1,2,67.65,0.5,67.4,150,,,,,,,,,,,,,,,,,,,67.9,100,68.1,100,,,,,,,,,,,,,,,,
2026-07-14T22:02:16.976950+00:00,2026-07-14T22:02:16.976243,1,1,67.65,0.5,67.4,150,,,,,,,,,,,,,,,,,,,67.9,100,,,,,,,,,,,,,,,,,,
2026-07-14T22:02:17.040321+00:00,2026-07-14T22:02:17.029946,2,1,67.7,0.4,67.5,100,67.4,150,,,,,,,,,,,,,,,,,67.9,100,,,,,,,,,,,,,,,,,,
2026-07-14T22:02:17.093345+00:00,2026-07-14T22:02:17.083052,2,2,67.7,0.4,67.5,100,67.4,150,,,,,,,,,,,,,,,,,67.9,100,68.0,100,,,,,,,,,,,,,,,,
2026-07-14T22:02:17.671885+00:00,2026-07-14T22:02:17.671424,2,2,67.7,0.4,67.5,100,67.4,150,,,,,,,,,,,,,,,,,67.9,56,68.0,100,,,,,,,,,,,,,,,,
2026-07-14T22:02:18.258802+00:00,2026-07-14T22:02:18.251095,2,2,67.7,0.4,67.5,100,67.4,150,,,,,,,,,,,,,,,,,67.9,6,68.0,100,,,,,,,,,,,,,,,,
2026-07-14T22:02:18.464033+00:00,2026-07-14T22:02:18.456951,1,1,67.75,0.5,67.5,100,,,,,,,,,,,,,,,,,,,68.0,100,,,,,,,,,,,,,,,,,,
2026-07-14T22:02:18.518141+00:00,2026-07-14T22:02:18.511366,2,0,,,68.0,50,67.5,100,,,,,,,,,,,,,,,,,,,,,,,,,,,,,,,,,,,,
2026-07-14T22:02:18.578446+00:00,2026-07-14T22:02:18.576035,2,1,68.25,0.5,68.0,40,67.5,100,,,,,,,,,,,,,,,,,68.5,150,,,,,,,,,,,,,,,,,,
2026-07-14T22:02:18.621616+00:00,2026-07-14T22:02:18.615504,2,1,68.25,0.5,68.0,15,67.5,100,,,,,,,,,,,,,,,,,68.5,150,,,,,,,,,,,,,,,,,,
2026-07-14T22:02:18.643018+00:00,2026-07-14T22:02:18.632602,1,1,68.0,1.0,67.5,100,,,,,,,,,,,,,,,,,,,68.5,150,,,,,,,,,,,,,,,,,,
2026-07-14T22:02:20.148078+00:00,2026-07-14T22:02:20.139437,0,1,,,,,,,,,,,,,,,,,,,,,,,68.5,150,,,,,,,,,,,,,,,,,,
2026-07-14T22:02:20.201695+00:00,2026-07-14T22:02:20.192358,1,1,68.1,0.8,67.7,100,,,,,,,,,,,,,,,,,,,68.5,150,,,,,,,,,,,,,,,,,,
2026-07-14T22:02:20.254618+00:00,2026-07-14T22:02:20.245143,1,2,67.95,0.5,67.7,100,,,,,,,,,,,,,,,,,,,68.2,100,68.5,150,,,,,,,,,,,,,,,,
2026-07-14T22:02:20.361377+00:00,2026-07-14T22:02:20.357342,1,2,67.95,0.5,67.7,100,,,,,,,,,,,,,,,,,,,68.2,50,68.5,150,,,,,,,,,,,,,,,,
2026-07-14T22:02:21.627121+00:00,2026-07-14T22:02:21.618242,1,1,67.95,0.5,67.7,100,,,,,,,,,,,,,,,,,,,68.2,50,,,,,,,,,,,,,,,,,,
2026-07-14T22:02:21.679642+00:00,2026-07-14T22:02:21.671752,2,1,67.95,0.5,67.7,100,67.4,150,,,,,,,,,,,,,,,,,68.2,50,,,,,,,,,,,,,,,,,,
2026-07-14T22:02:21.743771+00:00,2026-07-14T22:02:21.733311,2,2,67.8,0.2,67.7,100,67.4,150,,,,,,,,,,,,,,,,,67.9,150,68.2,50,,,,,,,,,,,,,,,,
2026-07-14T22:02:22.236440+00:00,2026-07-14T22:02:22.232262,2,2,67.8,0.2,67.7,75,67.4,150,,,,,,,,,,,,,,,,,67.9,150,68.2,50,,,,,,,,,,,,,,,,
2026-07-14T22:02:22.311744+00:00,2026-07-14T22:02:22.310184,2,2,67.8,0.2,67.7,71,67.4,150,,,,,,,,,,,,,,,,,67.9,150,68.2,50,,,,,,,,,,,,,,,,
2026-07-14T22:02:22.452621+00:00,2026-07-14T22:02:22.443923,2,2,67.8,0.2,67.7,46,67.4,150,,,,,,,,,,,,,,,,,67.9,150,68.2,50,,,,,,,,,,,,,,,,
2026-07-14T22:02:22.474159+00:00,2026-07-14T22:02:22.465141,2,2,67.8,0.2,67.7,46,67.4,150,,,,,,,,,,,,,,,,,67.9,100,68.2,50,,,,,,,,,,,,,,,,
2026-07-14T22:02:22.656098+00:00,2026-07-14T22:02:22.654491,2,2,67.8,0.2,67.7,21,67.4,150,,,,,,,,,,,,,,,,,67.9,100,68.2,50,,,,,,,,,,,,,,,,
2026-07-14T22:02:22.688395+00:00,2026-07-14T22:02:22.685429,1,2,67.65,0.5,67.4,125,,,,,,,,,,,,,,,,,,,67.9,100,68.2,50,,,,,,,,,,,,,,,,
2026-07-14T22:02:23.300774+00:00,2026-07-14T22:02:23.298872,1,1,67.65,0.5,67.4,125,,,,,,,,,,,,,,,,,,,67.9,100,,,,,,,,,,,,,,,,,,
2026-07-14T22:02:23.354098+00:00,2026-07-14T22:02:23.352210,2,1,67.7,0.4,67.5,100,67.4,125,,,,,,,,,,,,,,,,,67.9,100,,,,,,,,,,,,,,,,,,
2026-07-14T22:02:23.407978+00:00,2026-07-14T22:02:23.404820,2,2,67.7,0.4,67.5,100,67.4,125,,,,,,,,,,,,,,,,,67.9,100,68.0,100,,,,,,,,,,,,,,,,
2026-07-14T22:02:24.626546+00:00,2026-07-14T22:02:24.624937,2,2,67.7,0.4,67.5,50,67.4,125,,,,,,,,,,,,,,,,,67.9,100,68.0,100,,,,,,,,,,,,,,,,
2026-07-14T22:02:24.796563+00:00,2026-07-14T22:02:24.788478,1,1,67.75,0.5,67.5,50,,,,,,,,,,,,,,,,,,,68.0,100,,,,,,,,,,,,,,,,,,
2026-07-14T22:02:24.849420+00:00,2026-07-14T22:02:24.841080,1,1,67.75,0.5,67.5,200,,,,,,,,,,,,,,,,,,,68.0,100,,,,,,,,,,,,,,,,,,
2026-07-14T22:02:24.902185+00:00,2026-07-14T22:02:24.893378,1,1,67.75,0.5,67.5,200,,,,,,,,,,,,,,,,,,,68.0,250,,,,,,,,,,,,,,,,,,
2026-07-14T22:02:26.461493+00:00,2026-07-14T22:02:26.458756,1,1,67.75,0.5,67.5,150,,,,,,,,,,,,,,,,,,,68.0,150,,,,,,,,,,,,,,,,,,
2026-07-14T22:02:26.514565+00:00,2026-07-14T22:02:26.511530,2,1,67.75,0.5,67.5,150,67.4,100,,,,,,,,,,,,,,,,,68.0,150,,,,,,,,,,,,,,,,,,
2026-07-14T22:02:26.567201+00:00,2026-07-14T22:02:26.564015,2,2,67.7,0.4,67.5,150,67.4,100,,,,,,,,,,,,,,,,,67.9,100,68.0,150,,,,,,,,,,,,,,,,
2026-07-14T22:02:26.683135+00:00,2026-07-14T22:02:26.679616,2,2,67.7,0.4,67.5,150,67.4,100,,,,,,,,,,,,,,,,,67.9,50,68.0,150,,,,,,,,,,,,,,,,
2026-07-14T22:02:27.955636+00:00,2026-07-14T22:02:27.948019,1,1,67.65,0.5,67.4,100,,,,,,,,,,,,,,,,,,,67.9,50,,,,,,,,,,,,,,,,,,
2026-07-14T22:02:28.008715+00:00,2026-07-14T22:02:28.000144,2,1,67.7,0.4,67.5,150,67.4,100,,,,,,,,,,,,,,,,,67.9,50,,,,,,,,,,,,,,,,,,
2026-07-14T22:02:28.061783+00:00,2026-07-14T22:02:28.054853,2,2,67.7,0.4,67.5,150,67.4,100,,,,,,,,,,,,,,,,,67.9,50,68.0,150,,,,,,,,,,,,,,,,
2026-07-14T22:02:28.242827+00:00,2026-07-14T22:02:28.233667,2,2,67.7,0.4,67.5,150,67.4,100,,,,,,,,,,,,,,,,,67.9,1,68.0,150,,,,,,,,,,,,,,,,
2026-07-14T22:02:28.734062+00:00,2026-07-14T22:02:28.731121,2,2,67.7,0.4,67.5,101,67.4,100,,,,,,,,,,,,,,,,,67.9,1,68.0,150,,,,,,,,,,,,,,,,
2026-07-14T22:02:28.782335+00:00,2026-07-14T22:02:28.780287,2,1,67.75,0.5,67.5,101,67.4,100,,,,,,,,,,,,,,,,,68.0,150,,,,,,,,,,,,,,,,,,
2026-07-14T22:02:29.364112+00:00,2026-07-14T22:02:29.356651,2,1,67.75,0.5,67.5,101,67.4,100,,,,,,,,,,,,,,,,,68.0,109,,,,,,,,,,,,,,,,,,
2026-07-14T22:02:29.619208+00:00,2026-07-14T22:02:29.618072,1,1,67.75,0.5,67.5,101,,,,,,,,,,,,,,,,,,,68.0,109,,,,,,,,,,,,,,,,,,
2026-07-14T22:02:29.672084+00:00,2026-07-14T22:02:29.670450,2,1,67.9,0.2,67.8,100,67.5,101,,,,,,,,,,,,,,,,,68.0,109,,,,,,,,,,,,,,,,,,
2026-07-14T22:02:29.724983+00:00,2026-07-14T22:02:29.723034,2,2,67.9,0.2,67.8,100,67.5,101,,,,,,,,,,,,,,,,,68.0,109,68.3,100,,,,,,,,,,,,,,,,
2026-07-14T22:02:30.945014+00:00,2026-07-14T22:02:30.944266,2,2,67.9,0.2,67.8,50,67.5,101,,,,,,,,,,,,,,,,,68.0,109,68.3,100,,,,,,,,,,,,,,,,
2026-07-14T22:02:31.141097+00:00,2026-07-14T22:02:31.138797,1,1,68.05,0.5,67.8,50,,,,,,,,,,,,,,,,,,,68.3,100,,,,,,,,,,,,,,,,,,
2026-07-14T22:02:31.206562+00:00,2026-07-14T22:02:31.195861,2,1,68.05,0.5,67.8,50,67.6,150,,,,,,,,,,,,,,,,,68.3,100,,,,,,,,,,,,,,,,,,
2026-07-14T22:02:31.250154+00:00,2026-07-14T22:02:31.248565,2,2,67.95,0.3,67.8,50,67.6,150,,,,,,,,,,,,,,,,,68.1,150,68.3,100,,,,,,,,,,,,,,,,
2026-07-14T22:02:31.489145+00:00,2026-07-14T22:02:31.482788,2,2,67.95,0.3,67.8,25,67.6,150,,,,,,,,,,,,,,,,,68.1,150,68.3,100,,,,,,,,,,,,,,,,
2026-07-14T22:02:31.719225+00:00,2026-07-14T22:02:31.702893,1,2,67.85,0.5,67.6,150,,,,,,,,,,,,,,,,,,,68.1,150,68.3,100,,,,,,,,,,,,,,,,
2026-07-14T22:02:32.301298+00:00,2026-07-14T22:02:32.293888,1,2,67.85,0.5,67.6,150,,,,,,,,,,,,,,,,,,,68.1,108,68.3,100,,,,,,,,,,,,,,,,
2026-07-14T22:02:32.786718+00:00,2026-07-14T22:02:32.778090,1,1,67.85,0.5,67.6,150,,,,,,,,,,,,,,,,,,,68.1,108,,,,,,,,,,,,,,,,,,
2026-07-14T22:02:32.841364+00:00,2026-07-14T22:02:32.833168,2,1,67.85,0.5,67.6,150,67.5,100,,,,,,,,,,,,,,,,,68.1,108,,,,,,,,,,,,,,,,,,
2026-07-14T22:02:32.906890+00:00,2026-07-14T22:02:32.897375,2,2,67.8,0.4,67.6,150,67.5,100,,,,,,,,,,,,,,,,,68.0,100,68.1,108,,,,,,,,,,,,,,,,
2026-07-14T22:02:33.004174+00:00,2026-07-14T22:02:33.001239,2,2,67.8,0.4,67.6,150,67.5,100,,,,,,,,,,,,,,,,,68.0,50,68.1,108,,,,,,,,,,,,,,,,
2026-07-14T22:02:34.039296+00:00,2026-07-14T22:02:34.026668,2,2,67.8,0.4,67.6,150,67.5,100,,,,,,,,,,,,,,,,,68.0,41,68.1,108,,,,,,,,,,,,,,,,
2026-07-14T22:02:34.313699+00:00,2026-07-14T22:02:34.306237,1,1,67.75,0.5,67.5,100,,,,,,,,,,,,,,,,,,,68.0,41,,,,,,,,,,,,,,,,,,
2026-07-14T22:02:34.366444+00:00,2026-07-14T22:02:34.359338,2,1,67.95,0.1,67.9,150,67.5,100,,,,,,,,,,,,,,,,,68.0,41,,,,,,,,,,,,,,,,,,
2026-07-14T22:02:34.419385+00:00,2026-07-14T22:02:34.412158,2,2,67.95,0.1,67.9,150,67.5,100,,,,,,,,,,,,,,,,,68.0,41,68.4,150,,,,,,,,,,,,,,,,
2026-07-14T22:02:34.440694+00:00,2026-07-14T22:02:34.432569,2,1,68.15,0.5,67.9,150,67.5,100,,,,,,,,,,,,,,,,,68.4,150,,,,,,,,,,,,,,,,,,
2026-07-14T22:02:35.170723+00:00,2026-07-14T22:02:35.160506,2,1,68.15,0.5,67.9,100,67.5,100,,,,,,,,,,,,,,,,,68.4,150,,,,,,,,,,,,,,,,,,
2026-07-14T22:02:35.958783+00:00,2026-07-14T22:02:35.951677,1,1,68.15,0.5,67.9,100,,,,,,,,,,,,,,,,,,,68.4,150,,,,,,,,,,,,,,,,,,
2026-07-14T22:02:36.012278+00:00,2026-07-14T22:02:36.004919,1,1,68.15,0.5,67.9,200,,,,,,,,,,,,,,,,,,,68.4,150,,,,,,,,,,,,,,,,,,
2026-07-14T22:02:36.065542+00:00,2026-07-14T22:02:36.057456,1,1,68.15,0.5,67.9,200,,,,,,,,,,,,,,,,,,,68.4,250,,,,,,,,,,,,,,,,,,
2026-07-14T22:02:36.216321+00:00,2026-07-14T22:02:36.210619,1,1,68.15,0.5,67.9,158,,,,,,,,,,,,,,,,,,,68.4,250,,,,,,,,,,,,,,,,,,
2026-07-14T22:02:37.468249+00:00,2026-07-14T22:02:37.467632,1,1,68.15,0.5,67.9,158,,,,,,,,,,,,,,,,,,,68.4,100,,,,,,,,,,,,,,,,,,
2026-07-14T22:02:37.478945+00:00,2026-07-14T22:02:37.469848,1,1,68.15,0.5,67.9,100,,,,,,,,,,,,,,,,,,,68.4,100,,,,,,,,,,,,,,,,,,
2026-07-14T22:02:37.532057+00:00,2026-07-14T22:02:37.522716,2,1,68.15,0.5,67.9,100,67.5,150,,,,,,,,,,,,,,,,,68.4,100,,,,,,,,,,,,,,,,,,
2026-07-14T22:02:37.585334+00:00,2026-07-14T22:02:37.576679,2,2,67.95,0.1,67.9,100,67.5,150,,,,,,,,,,,,,,,,,68.0,150,68.4,100,,,,,,,,,,,,,,,,
2026-07-14T22:02:37.936311+00:00,2026-07-14T22:02:37.929352,2,2,67.95,0.1,67.9,75,67.5,150,,,,,,,,,,,,,,,,,68.0,150,68.4,100,,,,,,,,,,,,,,,,
2026-07-14T22:02:38.421722+00:00,2026-07-14T22:02:38.415837,2,2,67.95,0.1,67.9,50,67.5,150,,,,,,,,,,,,,,,,,68.0,150,68.4,100,,,,,,,,,,,,,,,,
2026-07-14T22:02:39.119507+00:00,2026-07-14T22:02:39.112743,1,1,67.75,0.5,67.5,150,,,,,,,,,,,,,,,,,,,68.0,150,,,,,,,,,,,,,,,,,,
2026-07-14T22:02:39.173510+00:00,2026-07-14T22:02:39.165769,2,1,67.85,0.3,67.7,100,67.5,150,,,,,,,,,,,,,,,,,68.0,150,,,,,,,,,,,,,,,,,,
2026-07-14T22:02:39.226983+00:00,2026-07-14T22:02:39.219088,2,2,67.85,0.3,67.7,100,67.5,150,,,,,,,,,,,,,,,,,68.0,150,68.2,100,,,,,,,,,,,,,,,,
2026-07-14T22:02:39.322796+00:00,2026-07-14T22:02:39.320423,2,2,67.85,0.3,67.7,100,67.5,150,,,,,,,,,,,,,,,,,68.0,100,68.2,100,,,,,,,,,,,,,,,,
2026-07-14T22:02:39.591695+00:00,2026-07-14T22:02:39.589865,2,2,67.85,0.3,67.7,57,67.5,150,,,,,,,,,,,,,,,,,68.0,100,68.2,100,,,,,,,,,,,,,,,,
2026-07-14T22:02:40.638986+00:00,2026-07-14T22:02:40.631946,1,1,67.95,0.5,67.7,57,,,,,,,,,,,,,,,,,,,68.2,100,,,,,,,,,,,,,,,,,,
2026-07-14T22:02:40.692407+00:00,2026-07-14T22:02:40.685627,2,1,67.95,0.5,67.7,57,67.6,150,,,,,,,,,,,,,,,,,68.2,100,,,,,,,,,,,,,,,,,,
2026-07-14T22:02:40.745927+00:00,2026-07-14T22:02:40.737999,2,2,67.9,0.4,67.7,57,67.6,150,,,,,,,,,,,,,,,,,68.1,150,68.2,100,,,,,,,,,,,,,,,,
2026-07-14T22:02:41.569681+00:00,2026-07-14T22:02:41.568020,2,2,67.9,0.4,67.7,57,67.6,150,,,,,,,,,,,,,,,,,68.1,106,68.2,100,,,,,,,,,,,,,,,,
2026-07-14T22:02:42.281513+00:00,2026-07-14T22:02:42.275095,1,1,67.85,0.5,67.6,150,,,,,,,,,,,,,,,,,,,68.1,106,,,,,,,,,,,,,,,,,,
2026-07-14T22:02:42.334215+00:00,2026-07-14T22:02:42.328460,2,1,67.85,0.5,67.6,150,67.4,100,,,,,,,,,,,,,,,,,68.1,106,,,,,,,,,,,,,,,,,,
2026-07-14T22:02:42.386863+00:00,2026-07-14T22:02:42.381942,2,2,67.75,0.3,67.6,150,67.4,100,,,,,,,,,,,,,,,,,67.9,100,68.1,106,,,,,,,,,,,,,,,,
2026-07-14T22:02:43.540330+00:00,2026-07-14T22:02:43.533741,2,2,67.75,0.3,67.6,150,67.4,100,,,,,,,,,,,,,,,,,67.9,50,68.1,106,,,,,,,,,,,,,,,,
2026-07-14T22:02:43.817178+00:00,2026-07-14T22:02:43.812043,1,1,67.65,0.5,67.4,100,,,,,,,,,,,,,,,,,,,67.9,50,,,,,,,,,,,,,,,,,,
2026-07-14T22:02:43.870757+00:00,2026-07-14T22:02:43.867243,2,1,67.75,0.3,67.6,150,67.4,100,,,,,,,,,,,,,,,,,67.9,50,,,,,,,,,,,,,,,,,,
2026-07-14T22:02:43.924431+00:00,2026-07-14T22:02:43.919884,2,2,67.75,0.3,67.6,150,67.4,100,,,,,,,,,,,,,,,,,67.9,50,68.1,150,,,,,,,,,,,,,,,,
2026-07-14T22:02:45.423274+00:00,2026-07-14T22:02:45.422439,2,2,67.75,0.3,67.6,107,67.4,100,,,,,,,,,,,,,,,,,67.9,50,68.1,150,,,,,,,,,,,,,,,,
2026-07-14T22:02:45.444615+00:00,2026-07-14T22:02:45.436832,1,1,67.85,0.5,67.6,107,,,,,,,,,,,,,,,,,,,68.1,150,,,,,,,,,,,,,,,,,,
2026-07-14T22:02:45.497950+00:00,2026-07-14T22:02:45.490287,2,1,67.85,0.5,67.6,107,67.5,100,,,,,,,,,,,,,,,,,68.1,150,,,,,,,,,,,,,,,,,,
2026-07-14T22:02:45.551076+00:00,2026-07-14T22:02:45.544787,2,2,67.8,0.4,67.6,107,67.5,100,,,,,,,,,,,,,,,,,68.0,100,68.1,150,,,,,,,,,,,,,,,,
2026-07-14T22:02:45.657745+00:00,2026-07-14T22:02:45.655294,2,2,67.8,0.4,67.6,107,67.5,100,,,,,,,,,,,,,,,,,68.0,50,68.1,150,,,,,,,,,,,,,,,,
2026-07-14T22:02:46.942994+00:00,2026-07-14T22:02:46.939985,2,2,67.8,0.4,67.6,82,67.5,100,,,,,,,,,,,,,,,,,68.0,50,68.1,150,,,,,,,,,,,,,,,,
2026-07-14T22:02:46.974670+00:00,2026-07-14T22:02:46.973638,1,1,67.75,0.5,67.5,100,,,,,,,,,,,,,,,,,,,68.0,50,,,,,,,,,,,,,,,,,,
2026-07-14T22:02:47.027480+00:00,2026-07-14T22:02:47.026127,2,1,67.75,0.5,67.5,100,67.2,150,,,,,,,,,,,,,,,,,68.0,50,,,,,,,,,,,,,,,,,,
2026-07-14T22:02:47.048700+00:00,2026-07-14T22:02:47.038374,2,1,67.75,0.5,67.5,100,67.2,150,,,,,,,,,,,,,,,,,68.0,5,,,,,,,,,,,,,,,,,,
2026-07-14T22:02:47.080516+00:00,2026-07-14T22:02:47.080043,2,2,67.6,0.2,67.5,100,67.2,150,,,,,,,,,,,,,,,,,67.7,150,68.0,5,,,,,,,,,,,,,,,,
2026-07-14T22:02:47.769783+00:00,2026-07-14T22:02:47.761511,2,2,67.6,0.2,67.5,100,67.2,150,,,,,,,,,,,,,,,,,67.7,100,68.0,5,,,,,,,,,,,,,,,,
2026-07-14T22:02:48.603336+00:00,2026-07-14T22:02:48.600142,1,1,67.45,0.5,67.2,150,,,,,,,,,,,,,,,,,,,67.7,100,,,,,,,,,,,,,,,,,,
2026-07-14T22:02:48.669057+00:00,2026-07-14T22:02:48.658795,2,1,67.65,0.1,67.6,100,67.2,150,,,,,,,,,,,,,,,,,67.7,100,,,,,,,,,,,,,,,,,,
2026-07-14T22:02:48.713116+00:00,2026-07-14T22:02:48.711213,2,2,67.65,0.1,67.6,100,67.2,150,,,,,,,,,,,,,,,,,67.7,100,68.1,100,,,,,,,,,,,,,,,,
2026-07-14T22:02:48.724077+00:00,2026-07-14T22:02:48.717395,2,2,67.65,0.1,67.6,100,67.2,150,,,,,,,,,,,,,,,,,67.7,98,68.1,100,,,,,,,,,,,,,,,,
2026-07-14T22:02:49.969440+00:00,2026-07-14T22:02:49.959288,2,2,67.65,0.1,67.6,75,67.2,150,,,,,,,,,,,,,,,,,67.7,98,68.1,100,,,,,,,,,,,,,,,,
2026-07-14T22:02:50.138288+00:00,2026-07-14T22:02:50.134615,1,1,67.85,0.5,67.6,75,,,,,,,,,,,,,,,,,,,68.1,100,,,,,,,,,,,,,,,,,,
2026-07-14T22:02:50.191138+00:00,2026-07-14T22:02:50.187852,2,1,67.85,0.5,67.6,75,67.3,150,,,,,,,,,,,,,,,,,68.1,100,,,,,,,,,,,,,,,,,,
2026-07-14T22:02:50.244630+00:00,2026-07-14T22:02:50.240867,2,2,67.7,0.2,67.6,75,67.3,150,,,,,,,,,,,,,,,,,67.8,150,68.1,100,,,,,,,,,,,,,,,,
2026-07-14T22:02:51.133401+00:00,2026-07-14T22:02:51.123367,2,2,67.7,0.2,67.6,34,67.3,150,,,,,,,,,,,,,,,,,67.8,150,68.1,100,,,,,,,,,,,,,,,,
2026-07-14T22:02:51.767350+00:00,2026-07-14T22:02:51.764885,1,1,67.55,0.5,67.3,150,,,,,,,,,,,,,,,,,,,67.8,150,,,,,,,,,,,,,,,,,,
2026-07-14T22:02:51.820403+00:00,2026-07-14T22:02:51.816928,2,1,67.65,0.3,67.5,100,67.3,150,,,,,,,,,,,,,,,,,67.8,150,,,,,,,,,,,,,,,,,,
2026-07-14T22:02:51.873346+00:00,2026-07-14T22:02:51.868427,2,2,67.65,0.3,67.5,100,67.3,150,,,,,,,,,,,,,,,,,67.8,150,68.0,100,,,,,,,,,,,,,,,,
2026-07-14T22:02:52.281247+00:00,2026-07-14T22:02:52.279052,2,2,67.65,0.3,67.5,54,67.3,150,,,,,,,,,,,,,,,,,67.8,150,68.0,100,,,,,,,,,,,,,,,,
2026-07-14T22:02:53.304390+00:00,2026-07-14T22:02:53.297189,1,1,67.75,0.5,67.5,54,,,,,,,,,,,,,,,,,,,68.0,100,,,,,,,,,,,,,,,,,,
2026-07-14T22:02:53.357188+00:00,2026-07-14T22:02:53.350710,2,1,67.75,0.5,67.5,54,67.4,150,,,,,,,,,,,,,,,,,68.0,100,,,,,,,,,,,,,,,,,,
2026-07-14T22:02:53.410229+00:00,2026-07-14T22:02:53.404301,2,2,67.7,0.4,67.5,54,67.4,150,,,,,,,,,,,,,,,,,67.9,150,68.0,100,,,,,,,,,,,,,,,,
2026-07-14T22:02:54.926867+00:00,2026-07-14T22:02:54.924226,1,1,67.65,0.5,67.4,150,,,,,,,,,,,,,,,,,,,67.9,150,,,,,,,,,,,,,,,,,,
2026-07-14T22:02:54.980338+00:00,2026-07-14T22:02:54.976770,2,1,67.65,0.5,67.4,150,67.3,100,,,,,,,,,,,,,,,,,67.9,150,,,,,,,,,,,,,,,,,,
2026-07-14T22:02:55.034201+00:00,2026-07-14T22:02:55.029099,2,2,67.6,0.4,67.4,150,67.3,100,,,,,,,,,,,,,,,,,67.8,100,67.9,150,,,,,,,,,,,,,,,,
2026-07-14T22:02:55.414262+00:00,2026-07-14T22:02:55.411109,2,2,67.6,0.4,67.4,150,67.3,100,,,,,,,,,,,,,,,,,67.8,54,67.9,150,,,,,,,,,,,,,,,,
2026-07-14T22:02:56.275940+00:00,2026-07-14T22:02:56.271060,2,2,67.6,0.4,67.4,100,67.3,100,,,,,,,,,,,,,,,,,67.8,54,67.9,150,,,,,,,,,,,,,,,,
2026-07-14T22:02:56.467202+00:00,2026-07-14T22:02:56.459846,1,1,67.55,0.5,67.3,100,,,,,,,,,,,,,,,,,,,67.8,54,,,,,,,,,,,,,,,,,,
2026-07-14T22:02:56.530935+00:00,2026-07-14T22:02:56.529452,1,1,67.55,0.5,67.3,250,,,,,,,,,,,,,,,,,,,67.8,54,,,,,,,,,,,,,,,,,,
2026-07-14T22:02:56.583882+00:00,2026-07-14T22:02:56.579146,1,1,67.55,0.5,67.3,250,,,,,,,,,,,,,,,,,,,67.8,204,,,,,,,,,,,,,,,,,,
2026-07-14T22:02:57.963588+00:00,2026-07-14T22:02:57.957169,1,1,67.55,0.5,67.3,250,,,,,,,,,,,,,,,,,,,67.8,156,,,,,,,,,,,,,,,,,,
2026-07-14T22:02:58.069318+00:00,2026-07-14T22:02:58.067048,1,1,67.55,0.5,67.3,250,,,,,,,,,,,,,,,,,,,67.8,154,,,,,,,,,,,,,,,,,,
2026-07-14T22:02:58.090388+00:00,2026-07-14T22:02:58.083861,1,1,67.55,0.5,67.3,150,,,,,,,,,,,,,,,,,,,67.8,150,,,,,,,,,,,,,,,,,,
2026-07-14T22:02:58.142964+00:00,2026-07-14T22:02:58.139101,1,1,67.55,0.5,67.3,150,,,,,,,,,,,,,,,,,,,67.8,50,,,,,,,,,,,,,,,,,,
2026-07-14T22:02:58.195643+00:00,2026-07-14T22:02:58.191910,1,2,67.55,0.5,67.3,150,,,,,,,,,,,,,,,,,,,67.8,50,68.3,100,,,,,,,,,,,,,,,,
2026-07-14T22:02:59.641800+00:00,2026-07-14T22:02:59.634214,0,1,,,,,,,,,,,,,,,,,,,,,,,68.3,100,,,,,,,,,,,,,,,,,,
2026-07-14T22:02:59.694596+00:00,2026-07-14T22:02:59.687118,1,1,67.95,0.7,67.6,150,,,,,,,,,,,,,,,,,,,68.3,100,,,,,,,,,,,,,,,,,,
2026-07-14T22:02:59.747806+00:00,2026-07-14T22:02:59.739192,1,2,67.85,0.5,67.6,150,,,,,,,,,,,,,,,,,,,68.1,150,68.3,100,,,,,,,,,,,,,,,,
2026-07-14T22:03:00.054674+00:00,2026-07-14T22:03:00.053910,1,2,67.85,0.5,67.6,101,,,,,,,,,,,,,,,,,,,68.1,150,68.3,100,,,,,,,,,,,,,,,,
2026-07-14T22:03:01.254417+00:00,2026-07-14T22:03:01.246435,1,1,67.85,0.5,67.6,101,,,,,,,,,,,,,,,,,,,68.1,150,,,,,,,,,,,,,,,,,,
2026-07-14T22:03:01.307113+00:00,2026-07-14T22:03:01.299748,2,1,67.85,0.5,67.6,101,67.3,100,,,,,,,,,,,,,,,,,68.1,150,,,,,,,,,,,,,,,,,,
2026-07-14T22:03:01.381409+00:00,2026-07-14T22:03:01.381012,2,2,67.7,0.2,67.6,101,67.3,100,,,,,,,,,,,,,,,,,67.8,100,68.1,150,,,,,,,,,,,,,,,,
2026-07-14T22:03:02.485211+00:00,2026-07-14T22:03:02.482760,2,2,67.7,0.2,67.6,51,67.3,100,,,,,,,,,,,,,,,,,67.8,100,68.1,150,,,,,,,,,,,,,,,,
2026-07-14T22:03:02.803652+00:00,2026-07-14T22:03:02.796273,1,1,67.55,0.5,67.3,100,,,,,,,,,,,,,,,,,,,67.8,100,,,,,,,,,,,,,,,,,,
2026-07-14T22:03:02.857106+00:00,2026-07-14T22:03:02.848893,2,1,67.6,0.4,67.4,150,67.3,100,,,,,,,,,,,,,,,,,67.8,100,,,,,,,,,,,,,,,,,,
2026-07-14T22:03:02.910327+00:00,2026-07-14T22:03:02.901280,2,2,67.6,0.4,67.4,150,67.3,100,,,,,,,,,,,,,,,,,67.8,100,67.9,150,,,,,,,,,,,,,,,,
2026-07-14T22:03:03.006109+00:00,2026-07-14T22:03:02.997020,2,2,67.6,0.4,67.4,150,67.3,100,,,,,,,,,,,,,,,,,67.8,59,67.9,150,,,,,,,,,,,,,,,,
2026-07-14T22:03:04.445486+00:00,2026-07-14T22:03:04.437313,1,1,67.65,0.5,67.4,150,,,,,,,,,,,,,,,,,,,67.9,150,,,,,,,,,,,,,,,,,,
2026-07-14T22:03:04.498667+00:00,2026-07-14T22:03:04.490539,2,1,67.8,0.2,67.7,100,67.4,150,,,,,,,,,,,,,,,,,67.9,150,,,,,,,,,,,,,,,,,,
2026-07-14T22:03:04.551900+00:00,2026-07-14T22:03:04.543248,2,2,67.8,0.2,67.7,100,67.4,150,,,,,,,,,,,,,,,,,67.9,150,68.2,100,,,,,,,,,,,,,,,,
2026-07-14T22:03:04.678731+00:00,2026-07-14T22:03:04.678308,2,2,67.8,0.2,67.7,100,67.4,150,,,,,,,,,,,,,,,,,67.9,104,68.2,100,,,,,,,,,,,,,,,,
2026-07-14T22:03:05.323259+00:00,2026-07-14T22:03:05.321431,2,2,67.8,0.2,67.7,52,67.4,150,,,,,,,,,,,,,,,,,67.9,104,68.2,100,,,,,,,,,,,,,,,,
2026-07-14T22:03:05.908296+00:00,2026-07-14T22:03:05.905798,2,2,67.8,0.2,67.7,9,67.4,150,,,,,,,,,,,,,,,,,67.9,104,68.2,100,,,,,,,,,,,,,,,,
2026-07-14T22:03:05.961286+00:00,2026-07-14T22:03:05.959658,2,1,67.95,0.5,67.7,9,67.4,150,,,,,,,,,,,,,,,,,68.2,100,,,,,,,,,,,,,,,,,,
2026-07-14T22:03:05.971894+00:00,2026-07-14T22:03:05.961522,1,1,67.95,0.5,67.7,9,,,,,,,,,,,,,,,,,,,68.2,100,,,,,,,,,,,,,,,,,,
2026-07-14T22:03:06.014164+00:00,2026-07-14T22:03:06.013810,1,1,67.95,0.5,67.7,159,,,,,,,,,,,,,,,,,,,68.2,100,,,,,,,,,,,,,,,,,,
2026-07-14T22:03:06.077479+00:00,2026-07-14T22:03:06.067592,1,1,67.95,0.5,67.7,159,,,,,,,,,,,,,,,,,,,68.2,250,,,,,,,,,,,,,,,,,,
2026-07-14T22:03:06.647690+00:00,2026-07-14T22:03:06.645452,1,1,67.95,0.5,67.7,159,,,,,,,,,,,,,,,,,,,68.2,200,,,,,,,,,,,,,,,,,,
2026-07-14T22:03:07.599916+00:00,2026-07-14T22:03:07.598812,1,1,67.95,0.5,67.7,150,,,,,,,,,,,,,,,,,,,68.2,150,,,,,,,,,,,,,,,,,,
2026-07-14T22:03:07.663326+00:00,2026-07-14T22:03:07.652991,2,1,67.95,0.5,67.7,150,67.6,100,,,,,,,,,,,,,,,,,68.2,150,,,,,,,,,,,,,,,,,,
2026-07-14T22:03:07.716039+00:00,2026-07-14T22:03:07.705778,2,2,67.9,0.4,67.7,150,67.6,100,,,,,,,,,,,,,,,,,68.1,100,68.2,150,,,,,,,,,,,,,,,,
2026-07-14T22:03:07.979860+00:00,2026-07-14T22:03:07.973752,2,2,67.9,0.4,67.7,106,67.6,100,,,,,,,,,,,,,,,,,68.1,100,68.2,150,,,,,,,,,,,,,,,,
2026-07-14T22:03:08.815543+00:00,2026-07-14T22:03:08.806650,2,2,67.9,0.4,67.7,56,67.6,100,,,,,,,,,,,,,,,,,68.1,100,68.2,150,,,,,,,,,,,,,,,,
2026-07-14T22:03:08.973766+00:00,2026-07-14T22:03:08.969293,2,2,67.9,0.4,67.7,56,67.6,100,,,,,,,,,,,,,,,,,68.1,56,68.2,150,,,,,,,,,,,,,,,,
2026-07-14T22:03:09.132457+00:00,2026-07-14T22:03:09.123557,1,1,67.85,0.5,67.6,100,,,,,,,,,,,,,,,,,,,68.1,56,,,,,,,,,,,,,,,,,,
2026-07-14T22:03:09.185744+00:00,2026-07-14T22:03:09.177660,2,1,67.85,0.5,67.6,100,67.1,150,,,,,,,,,,,,,,,,,68.1,56,,,,,,,,,,,,,,,,,,
2026-07-14T22:03:09.249897+00:00,2026-07-14T22:03:09.246179,1,2,67.35,0.5,67.1,150,,,,,,,,,,,,,,,,,,,67.6,50,68.1,56,,,,,,,,,,,,,,,,
2026-07-14T22:03:09.505520+00:00,2026-07-14T22:03:09.503330,1,2,67.35,0.5,67.1,150,,,,,,,,,,,,,,,,,,,67.6,39,68.1,56,,,,,,,,,,,,,,,,
2026-07-14T22:03:10.117067+00:00,2026-07-14T22:03:10.109889,1,1,67.6,1.0,67.1,150,,,,,,,,,,,,,,,,,,,68.1,46,,,,,,,,,,,,,,,,,,
2026-07-14T22:03:10.769464+00:00,2026-07-14T22:03:10.759924,1,0,,,67.1,150,,,,,,,,,,,,,,,,,,,,,,,,,,,,,,,,,,,,,,
2026-07-14T22:03:10.817491+00:00,2026-07-14T22:03:10.812833,2,0,,,67.4,100,67.1,150,,,,,,,,,,,,,,,,,,,,,,,,,,,,,,,,,,,,
2026-07-14T22:03:10.870702+00:00,2026-07-14T22:03:10.865341,2,1,67.65,0.5,67.4,100,67.1,150,,,,,,,,,,,,,,,,,67.9,100,,,,,,,,,,,,,,,,,,
2026-07-14T22:03:10.923611+00:00,2026-07-14T22:03:10.917217,2,1,67.65,0.5,67.4,50,67.1,150,,,,,,,,,,,,,,,,,67.9,100,,,,,,,,,,,,,,,,,,
2026-07-14T22:03:12.304193+00:00,2026-07-14T22:03:12.302268,1,1,67.65,0.5,67.4,50,,,,,,,,,,,,,,,,,,,67.9,55,,,,,,,,,,,,,,,,,,
2026-07-14T22:03:12.357721+00:00,2026-07-14T22:03:12.356772,2,1,67.8,0.2,67.7,150,67.4,50,,,,,,,,,,,,,,,,,67.9,55,,,,,,,,,,,,,,,,,,
2026-07-14T22:03:12.410323+00:00,2026-07-14T22:03:12.407683,2,2,67.8,0.2,67.7,150,67.4,50,,,,,,,,,,,,,,,,,67.9,55,68.2,150,,,,,,,,,,,,,,,,
2026-07-14T22:03:13.032019+00:00,2026-07-14T22:03:13.024809,2,2,67.8,0.2,67.7,100,67.4,50,,,,,,,,,,,,,,,,,67.9,55,68.2,150,,,,,,,,,,,,,,,,
2026-07-14T22:03:13.919290+00:00,2026-07-14T22:03:13.918642,2,1,67.95,0.5,67.7,100,67.4,50,,,,,,,,,,,,,,,,,68.2,150,,,,,,,,,,,,,,,,,,
2026-07-14T22:03:13.929810+00:00,2026-07-14T22:03:13.920657,1,1,67.95,0.5,67.7,100,,,,,,,,,,,,,,,,,,,68.2,150,,,,,,,,,,,,,,,,,,
2026-07-14T22:03:13.982827+00:00,2026-07-14T22:03:13.973464,2,1,67.95,0.5,67.7,100,67.2,100,,,,,,,,,,,,,,,,,68.2,150,,,,,,,,,,,,,,,,,,
2026-07-14T22:03:14.035499+00:00,2026-07-14T22:03:14.028073,1,1,67.7,1.0,67.2,100,,,,,,,,,,,,,,,,,,,68.2,150,,,,,,,,,,,,,,,,,,
2026-07-14T22:03:14.872572+00:00,2026-07-14T22:03:14.862105,1,1,67.7,1.0,67.2,59,,,,,,,,,,,,,,,,,,,68.2,150,,,,,,,,,,,,,,,,,,
2026-07-14T22:03:15.137515+00:00,2026-07-14T22:03:15.132127,1,1,67.7,1.0,67.2,9,,,,,,,,,,,,,,,,,,,68.2,150,,,,,,,,,,,,,,,,,,
2026-07-14T22:03:15.425090+00:00,2026-07-14T22:03:15.424241,0,1,,,,,,,,,,,,,,,,,,,,,,,68.2,150,,,,,,,,,,,,,,,,,,
2026-07-14T22:03:15.479051+00:00,2026-07-14T22:03:15.465801,0,0,,,,,,,,,,,,,,,,,,,,,,,,,,,,,,,,,,,,,,,,,,
2026-07-14T22:03:15.522306+00:00,2026-07-14T22:03:15.519108,1,0,,,67.1,150,,,,,,,,,,,,,,,,,,,,,,,,,,,,,,,,,,,,,,
2026-07-14T22:03:15.576196+00:00,2026-07-14T22:03:15.571926,1,1,67.35,0.5,67.1,150,,,,,,,,,,,,,,,,,,,67.6,150,,,,,,,,,,,,,,,,,,
2026-07-14T22:03:17.142615+00:00,2026-07-14T22:03:17.134915,2,1,67.45,0.3,67.3,100,67.1,150,,,,,,,,,,,,,,,,,67.6,150,,,,,,,,,,,,,,,,,,
2026-07-14T22:03:17.196628+00:00,2026-07-14T22:03:17.187857,2,2,67.45,0.3,67.3,100,67.1,150,,,,,,,,,,,,,,,,,67.6,150,67.8,100,,,,,,,,,,,,,,,,
2026-07-14T22:03:17.207436+00:00,2026-07-14T22:03:17.198371,2,2,67.45,0.3,67.3,57,67.1,150,,,,,,,,,,,,,,,,,67.6,150,67.8,100,,,,,,,,,,,,,,,,
2026-07-14T22:03:17.749302+00:00,2026-07-14T22:03:17.739838,2,2,67.45,0.3,67.3,57,67.1,150,,,,,,,,,,,,,,,,,67.6,103,67.8,100,,,,,,,,,,,,,,,,
2026-07-14T22:03:18.628503+00:00,2026-07-14T22:03:18.627131,1,1,67.55,0.5,67.3,57,,,,,,,,,,,,,,,,,,,67.8,100,,,,,,,,,,,,,,,,,,
2026-07-14T22:03:18.681102+00:00,2026-07-14T22:03:18.679748,1,1,67.55,0.5,67.3,207,,,,,,,,,,,,,,,,,,,67.8,100,,,,,,,,,,,,,,,,,,
2026-07-14T22:03:18.744343+00:00,2026-07-14T22:03:18.736137,1,1,67.55,0.5,67.3,207,,,,,,,,,,,,,,,,,,,67.8,250,,,,,,,,,,,,,,,,,,
2026-07-14T22:03:20.252044+00:00,2026-07-14T22:03:20.243454,1,1,67.55,0.5,67.3,150,,,,,,,,,,,,,,,,,,,67.8,150,,,,,,,,,,,,,,,,,,
2026-07-14T22:03:20.301800+00:00,2026-07-14T22:03:20.296006,2,1,67.55,0.5,67.3,150,67.0,100,,,,,,,,,,,,,,,,,67.8,150,,,,,,,,,,,,,,,,,,
2026-07-14T22:03:20.354333+00:00,2026-07-14T22:03:20.348887,2,2,67.35,0.1,67.3,150,67.0,100,,,,,,,,,,,,,,,,,67.4,100,67.8,150,,,,,,,,,,,,,,,,
2026-07-14T22:03:21.410181+00:00,2026-07-14T22:03:21.404765,2,2,67.35,0.1,67.3,150,67.0,100,,,,,,,,,,,,,,,,,67.4,50,67.8,150,,,,,,,,,,,,,,,,
2026-07-14T22:03:21.798793+00:00,2026-07-14T22:03:21.793967,1,1,67.2,0.4,67.0,100,,,,,,,,,,,,,,,,,,,67.4,50,,,,,,,,,,,,,,,,,,
2026-07-14T22:03:21.851433+00:00,2026-07-14T22:03:21.850338,2,1,67.25,0.3,67.1,150,67.0,100,,,,,,,,,,,,,,,,,67.4,50,,,,,,,,,,,,,,,,,,
2026-07-14T22:03:21.904007+00:00,2026-07-14T22:03:21.902841,2,2,67.25,0.3,67.1,150,67.0,100,,,,,,,,,,,,,,,,,67.4,50,67.6,150,,,,,,,,,,,,,,,,
2026-07-14T22:03:21.988222+00:00,2026-07-14T22:03:21.981141,2,2,67.25,0.3,67.1,110,67.0,100,,,,,,,,,,,,,,,,,67.4,50,67.6,150,,,,,,,,,,,,,,,,
2026-07-14T22:03:23.405695+00:00,2026-07-14T22:03:23.404299,1,1,67.35,0.5,67.1,110,,,,,,,,,,,,,,,,,,,67.6,150,,,,,,,,,,,,,,,,,,
2026-07-14T22:03:23.458272+00:00,2026-07-14T22:03:23.457594,1,1,67.35,0.5,67.1,210,,,,,,,,,,,,,,,,,,,67.6,150,,,,,,,,,,,,,,,,,,
2026-07-14T22:03:23.511009+00:00,2026-07-14T22:03:23.510430,1,1,67.35,0.5,67.1,210,,,,,,,,,,,,,,,,,,,67.6,250,,,,,,,,,,,,,,,,,,
2026-07-14T22:03:24.964808+00:00,2026-07-14T22:03:24.959974,1,1,67.35,0.5,67.1,100,,,,,,,,,,,,,,,,,,,67.6,100,,,,,,,,,,,,,,,,,,
2026-07-14T22:03:25.018048+00:00,2026-07-14T22:03:25.013127,2,1,67.35,0.5,67.1,100,67.0,150,,,,,,,,,,,,,,,,,67.6,100,,,,,,,,,,,,,,,,,,
2026-07-14T22:03:25.071103+00:00,2026-07-14T22:03:25.066342,2,2,67.3,0.4,67.1,100,67.0,150,,,,,,,,,,,,,,,,,67.5,150,67.6,100,,,,,,,,,,,,,,,,
2026-07-14T22:03:25.608122+00:00,2026-07-14T22:03:25.598549,2,2,67.3,0.4,67.1,100,67.0,150,,,,,,,,,,,,,,,,,67.5,107,67.6,100,,,,,,,,,,,,,,,,
2026-07-14T22:03:25.671618+00:00,2026-07-14T22:03:25.661323,2,2,67.3,0.4,67.1,50,67.0,150,,,,,,,,,,,,,,,,,67.5,107,67.6,100,,,,,,,,,,,,,,,,
2026-07-14T22:03:26.571377+00:00,2026-07-14T22:03:26.566029,1,1,67.25,0.5,67.0,150,,,,,,,,,,,,,,,,,,,67.5,107,,,,,,,,,,,,,,,,,,
2026-07-14T22:03:26.624072+00:00,2026-07-14T22:03:26.619250,2,1,67.3,0.4,67.1,100,67.0,150,,,,,,,,,,,,,,,,,67.5,107,,,,,,,,,,,,,,,,,,
2026-07-14T22:03:26.676577+00:00,2026-07-14T22:03:26.672103,2,2,67.3,0.4,67.1,100,67.0,150,,,,,,,,,,,,,,,,,67.5,107,67.6,100,,,,,,,,,,,,,,,,
2026-07-14T22:03:27.771991+00:00,2026-07-14T22:03:27.770809,2,2,67.3,0.4,67.1,50,67.0,150,,,,,,,,,,,,,,,,,67.5,107,67.6,100,,,,,,,,,,,,,,,,
2026-07-14T22:03:28.011090+00:00,2026-07-14T22:03:28.008439,2,2,67.3,0.4,67.1,50,67.0,150,,,,,,,,,,,,,,,,,67.5,46,67.6,100,,,,,,,,,,,,,,,,
2026-07-14T22:03:28.128288+00:00,2026-07-14T22:03:28.122364,1,1,67.35,0.5,67.1,50,,,,,,,,,,,,,,,,,,,67.6,100,,,,,,,,,,,,,,,,,,
2026-07-14T22:03:28.181345+00:00,2026-07-14T22:03:28.176398,2,0,,,67.6,50,67.1,50,,,,,,,,,,,,,,,,,,,,,,,,,,,,,,,,,,,,
2026-07-14T22:03:28.234278+00:00,2026-07-14T22:03:28.229361,2,1,67.85,0.5,67.6,50,67.1,50,,,,,,,,,,,,,,,,,68.1,150,,,,,,,,,,,,,,,,,,
2026-07-14T22:03:28.835223+00:00,2026-07-14T22:03:28.833196,2,1,67.85,0.5,67.6,48,67.1,50,,,,,,,,,,,,,,,,,68.1,150,,,,,,,,,,,,,,,,,,
2026-07-14T22:03:29.730370+00:00,2026-07-14T22:03:29.726528,1,1,67.85,0.5,67.6,48,,,,,,,,,,,,,,,,,,,68.1,150,,,,,,,,,,,,,,,,,,
2026-07-14T22:03:29.783426+00:00,2026-07-14T22:03:29.779485,2,1,67.85,0.5,67.6,48,67.3,100,,,,,,,,,,,,,,,,,68.1,150,,,,,,,,,,,,,,,,,,
2026-07-14T22:03:29.857594+00:00,2026-07-14T22:03:29.848569,2,2,67.7,0.2,67.6,48,67.3,100,,,,,,,,,,,,,,,,,67.8,100,68.1,100,,,,,,,,,,,,,,,,
2026-07-14T22:03:30.101815+00:00,2026-07-14T22:03:30.100593,2,2,67.7,0.2,67.6,47,67.3,100,,,,,,,,,,,,,,,,,67.8,100,68.1,100,,,,,,,,,,,,,,,,
2026-07-14T22:03:31.099555+00:00,2026-07-14T22:03:31.094812,2,2,67.7,0.2,67.6,5,67.3,100,,,,,,,,,,,,,,,,,67.8,100,68.1,100,,,,,,,,,,,,,,,,
2026-07-14T22:03:31.292242+00:00,2026-07-14T22:03:31.284050,1,1,67.55,0.5,67.3,100,,,,,,,,,,,,,,,,,,,67.8,100,,,,,,,,,,,,,,,,,,
2026-07-14T22:03:31.345464+00:00,2026-07-14T22:03:31.339205,2,1,67.55,0.5,67.3,55,67.1,150,,,,,,,,,,,,,,,,,67.8,100,,,,,,,,,,,,,,,,,,
2026-07-14T22:03:31.398700+00:00,2026-07-14T22:03:31.391336,2,2,67.45,0.3,67.3,55,67.1,150,,,,,,,,,,,,,,,,,67.6,150,67.8,100,,,,,,,,,,,,,,,,
2026-07-14T22:03:32.919336+00:00,2026-07-14T22:03:32.914372,1,1,67.35,0.5,67.1,150,,,,,,,,,,,,,,,,,,,67.6,150,,,,,,,,,,,,,,,,,,
2026-07-14T22:03:32.951252+00:00,2026-07-14T22:03:32.949039,1,1,67.35,0.5,67.1,150,,,,,,,,,,,,,,,,,,,67.6,106,,,,,,,,,,,,,,,,,,
2026-07-14T22:03:32.972524+00:00,2026-07-14T22:03:32.966843,1,1,67.35,0.5,67.1,250,,,,,,,,,,,,,,,,,,,67.6,106,,,,,,,,,,,,,,,,,,
2026-07-14T22:03:33.025340+00:00,2026-07-14T22:03:33.019412,1,1,67.35,0.5,67.1,250,,,,,,,,,,,,,,,,,,,67.6,206,,,,,,,,,,,,,,,,,,
2026-07-14T22:03:34.073604+00:00,2026-07-14T22:03:34.071658,1,1,67.35,0.5,67.1,250,,,,,,,,,,,,,,,,,,,67.6,156,,,,,,,,,,,,,,,,,,
2026-07-14T22:03:34.456590+00:00,2026-07-14T22:03:34.448137,1,1,67.35,0.5,67.1,100,,,,,,,,,,,,,,,,,,,67.6,100,,,,,,,,,,,,,,,,,,
2026-07-14T22:03:34.488316+00:00,2026-07-14T22:03:34.481540,1,1,67.35,0.5,67.1,60,,,,,,,,,,,,,,,,,,,67.6,100,,,,,,,,,,,,,,,,,,
2026-07-14T22:03:34.509487+00:00,2026-07-14T22:03:34.502219,2,0,,,67.7,50,67.1,60,,,,,,,,,,,,,,,,,,,,,,,,,,,,,,,,,,,,
2026-07-14T22:03:34.562061+00:00,2026-07-14T22:03:34.555171,2,1,67.95,0.5,67.7,50,67.1,60,,,,,,,,,,,,,,,,,68.2,150,,,,,,,,,,,,,,,,,,
2026-07-14T22:03:35.488380+00:00,2026-07-14T22:03:35.479447,2,1,67.95,0.5,67.7,2,67.1,60,,,,,,,,,,,,,,,,,68.2,150,,,,,,,,,,,,,,,,,,
2026-07-14T22:03:35.767239+00:00,2026-07-14T22:03:35.758581,1,1,67.65,1.1,67.1,60,,,,,,,,,,,,,,,,,,,68.2,150,,,,,,,,,,,,,,,,,,
2026-07-14T22:03:36.082702+00:00,2026-07-14T22:03:36.074017,0,1,,,,,,,,,,,,,,,,,,,,,,,68.2,150,,,,,,,,,,,,,,,,,,
2026-07-14T22:03:36.135069+00:00,2026-07-14T22:03:36.127193,1,1,67.9,0.6,67.6,100,,,,,,,,,,,,,,,,,,,68.2,150,,,,,,,,,,,,,,,,,,
2026-07-14T22:03:36.187848+00:00,2026-07-14T22:03:36.180406,1,2,67.85,0.5,67.6,100,,,,,,,,,,,,,,,,,,,68.1,100,68.2,150,,,,,,,,,,,,,,,,
2026-07-14T22:03:36.240940+00:00,2026-07-14T22:03:36.231738,1,2,67.85,0.5,67.6,50,,,,,,,,,,,,,,,,,,,68.1,100,68.2,150,,,,,,,,,,,,,,,,
2026-07-14T22:03:37.619549+00:00,2026-07-14T22:03:37.609207,1,1,67.85,0.5,67.6,50,,,,,,,,,,,,,,,,,,,68.1,100,,,,,,,,,,,,,,,,,,
2026-07-14T22:03:37.672464+00:00,2026-07-14T22:03:37.662449,2,1,67.85,0.5,67.6,50,67.1,150,,,,,,,,,,,,,,,,,68.1,100,,,,,,,,,,,,,,,,,,
2026-07-14T22:03:37.743609+00:00,2026-07-14T22:03:37.741634,1,2,67.35,0.5,67.1,150,,,,,,,,,,,,,,,,,,,67.6,97,68.1,100,,,,,,,,,,,,,,,,
2026-07-14T22:03:37.881526+00:00,2026-07-14T22:03:37.873786,1,2,67.35,0.5,67.1,150,,,,,,,,,,,,,,,,,,,67.6,55,68.1,100,,,,,,,,,,,,,,,,
2026-07-14T22:03:39.238118+00:00,2026-07-14T22:03:39.236208,1,1,67.35,0.5,67.1,150,,,,,,,,,,,,,,,,,,,67.6,55,,,,,,,,,,,,,,,,,,
2026-07-14T22:03:39.290758+00:00,2026-07-14T22:03:39.288409,1,1,67.35,0.5,67.1,250,,,,,,,,,,,,,,,,,,,67.6,55,,,,,,,,,,,,,,,,,,
2026-07-14T22:03:39.343300+00:00,2026-07-14T22:03:39.342169,1,1,67.35,0.5,67.1,250,,,,,,,,,,,,,,,,,,,67.6,155,,,,,,,,,,,,,,,,,,
2026-07-14T22:03:39.754702+00:00,2026-07-14T22:03:39.749624,1,1,67.35,0.5,67.1,250,,,,,,,,,,,,,,,,,,,67.6,94,,,,,,,,,,,,,,,,,,
2026-07-14T22:03:39.871266+00:00,2026-07-14T22:03:39.863653,1,1,67.35,0.5,67.1,250,,,,,,,,,,,,,,,,,,,67.6,69,,,,,,,,,,,,,,,,,,
2026-07-14T22:03:40.083275+00:00,2026-07-14T22:03:40.078743,1,1,67.35,0.5,67.1,250,,,,,,,,,,,,,,,,,,,67.6,44,,,,,,,,,,,,,,,,,,
2026-07-14T22:03:40.296501+00:00,2026-07-14T22:03:40.292287,1,1,67.35,0.5,67.1,250,,,,,,,,,,,,,,,,,,,67.6,19,,,,,,,,,,,,,,,,,,
2026-07-14T22:03:40.507499+00:00,2026-07-14T22:03:40.504618,1,0,,,67.1,250,,,,,,,,,,,,,,,,,,,,,,,,,,,,,,,,,,,,,,
2026-07-14T22:03:40.782585+00:00,2026-07-14T22:03:40.776023,1,0,,,67.1,100,,,,,,,,,,,,,,,,,,,,,,,,,,,,,,,,,,,,,,
2026-07-14T22:03:40.835636+00:00,2026-07-14T22:03:40.829812,2,0,,,67.9,150,67.1,100,,,,,,,,,,,,,,,,,,,,,,,,,,,,,,,,,,,,
2026-07-14T22:03:40.888916+00:00,2026-07-14T22:03:40.883120,2,1,68.15,0.5,67.9,150,67.1,100,,,,,,,,,,,,,,,,,68.4,150,,,,,,,,,,,,,,,,,,
2026-07-14T22:03:41.438653+00:00,2026-07-14T22:03:41.431569,2,1,68.15,0.5,67.9,89,67.1,100,,,,,,,,,,,,,,,,,68.4,150,,,,,,,,,,,,,,,,,,
2026-07-14T22:03:42.284461+00:00,2026-07-14T22:03:42.282754,2,1,68.15,0.5,67.9,75,67.1,100,,,,,,,,,,,,,,,,,68.4,150,,,,,,,,,,,,,,,,,,
2026-07-14T22:03:42.337118+00:00,2026-07-14T22:03:42.336773,2,1,68.15,0.5,67.9,14,67.1,100,,,,,,,,,,,,,,,,,68.4,150,,,,,,,,,,,,,,,,,,
2026-07-14T22:03:42.358242+00:00,2026-07-14T22:03:42.353879,1,1,67.75,1.3,67.1,100,,,,,,,,,,,,,,,,,,,68.4,150,,,,,,,,,,,,,,,,,,
2026-07-14T22:03:42.400345+00:00,2026-07-14T22:03:42.396973,0,1,,,,,,,,,,,,,,,,,,,,,,,68.4,150,,,,,,,,,,,,,,,,,,
2026-07-14T22:03:42.453386+00:00,2026-07-14T22:03:42.450383,1,1,67.9,1.0,67.4,100,,,,,,,,,,,,,,,,,,,68.4,150,,,,,,,,,,,,,,,,,,
2026-07-14T22:03:42.506159+00:00,2026-07-14T22:03:42.505773,1,2,67.65,0.5,67.4,100,,,,,,,,,,,,,,,,,,,67.9,100,68.4,150,,,,,,,,,,,,,,,,
2026-07-14T22:03:42.572461+00:00,2026-07-14T22:03:42.571923,1,2,67.65,0.5,67.4,50,,,,,,,,,,,,,,,,,,,67.9,100,68.4,150,,,,,,,,,,,,,,,,
2026-07-14T22:03:43.940228+00:00,2026-07-14T22:03:43.938340,1,1,67.65,0.5,67.4,50,,,,,,,,,,,,,,,,,,,67.9,100,,,,,,,,,,,,,,,,,,
2026-07-14T22:03:43.994768+00:00,2026-07-14T22:03:43.991100,2,1,67.65,0.5,67.4,50,67.1,150,,,,,,,,,,,,,,,,,67.9,100,,,,,,,,,,,,,,,,,,
2026-07-14T22:03:44.054453+00:00,2026-07-14T22:03:44.052209,2,2,67.5,0.2,67.4,50,67.1,150,,,,,,,,,,,,,,,,,67.6,136,67.9,100,,,,,,,,,,,,,,,,
2026-07-14T22:03:44.086406+00:00,2026-07-14T22:03:44.081706,2,2,67.5,0.2,67.4,50,67.1,150,,,,,,,,,,,,,,,,,67.6,75,67.9,100,,,,,,,,,,,,,,,,
2026-07-14T22:03:44.686556+00:00,2026-07-14T22:03:44.682485,1,2,67.35,0.5,67.1,150,,,,,,,,,,,,,,,,,,,67.6,75,67.9,100,,,,,,,,,,,,,,,,
2026-07-14T22:03:45.323202+00:00,2026-07-14T22:03:45.314182,1,2,67.35,0.5,67.1,150,,,,,,,,,,,,,,,,,,,67.6,33,67.9,100,,,,,,,,,,,,,,,,
2026-07-14T22:03:45.599515+00:00,2026-07-14T22:03:45.589162,1,1,67.35,0.5,67.1,150,,,,,,,,,,,,,,,,,,,67.6,33,,,,,,,,,,,,,,,,,,
2026-07-14T22:03:45.652387+00:00,2026-07-14T22:03:45.643372,2,1,67.35,0.5,67.1,150,67.0,100,,,,,,,,,,,,,,,,,67.6,33,,,,,,,,,,,,,,,,,,
2026-07-14T22:03:45.705160+00:00,2026-07-14T22:03:45.696834,2,2,67.3,0.4,67.1,150,67.0,100,,,,,,,,,,,,,,,,,67.5,100,67.6,33,,,,,,,,,,,,,,,,
