recv_time,book_timestamp,n_bids,n_asks,mid,spread,bid_px_0,bid_vol_0,bid_px_1,bid_vol_1,bid_px_2,bid_vol_2,bid_px_3,bid_vol_3,bid_px_4,bid_vol_4,bid_px_5,bid_vol_5,bid_px_6,bid_vol_6,bid_px_7,bid_vol_7,bid_px_8,bid_vol_8,bid_px_9,bid_vol_9,ask_px_0,ask_vol_0,ask_px_1,ask_vol_1,ask_px_2,ask_vol_2,ask_px_3,ask_vol_3,ask_px_4,ask_vol_4,ask_px_5,ask_vol_5,ask_px_6,ask_vol_6,ask_px_7,ask_vol_7,ask_px_8,ask_vol_8,ask_px_9,ask_vol_9
2026-07-14T00:00:00.401317+00:00,2026-07-14T00:00:00.241861,3,2,80.5,0.2,80.4,149,80.1,100,79.9,3,,,,,,,,,,,,,,,80.6,4,80.9,150,,,,,,,,,,,,,,,,
2026-07-14T00:00:00.760645+00:00,2026-07-14T00:00:00.761329,3,2,80.5,0.2,80.4,149,80.1,100,79.9,2,,,,,,,,,,,,,,,80.6,4,80.9,150,,,,,,,,,,,,,,,,
2026-07-14T00:00:00.964974+00:00,2026-07-14T00:00:00.960573,3,1,80.65,0.5,80.4,149,80.1,100,79.9,2,,,,,,,,,,,,,,,80.9,104,,,,,,,,,,,,,,,,,,
2026-07-14T00:00:01.063419+00:00,2026-07-14T00:00:01.054567,2,1,80.65,0.5,80.4,149,79.9,2,,,,,,,,,,,,,,,,,80.9,104,,,,,,,,,,,,,,,,,,
2026-07-14T00:00:01.117082+00:00,2026-07-14T00:00:01.110003,3,1,80.7,0.4,80.5,100,80.4,149,79.9,2,,,,,,,,,,,,,,,80.9,104,,,,,,,,,,,,,,,,,,
2026-07-14T00:00:01.170532+00:00,2026-07-14T00:00:01.162500,3,2,80.7,0.4,80.5,100,80.4,149,79.9,2,,,,,,,,,,,,,,,80.9,104,81.0,100,,,,,,,,,,,,,,,,
2026-07-14T00:00:01.262370+00:00,2026-07-14T00:00:01.260423,3,2,80.7,0.4,80.5,100,80.4,146,79.9,2,,,,,,,,,,,,,,,80.9,104,81.0,100,,,,,,,,,,,,,,,,
2026-07-14T00:00:01.288291+00:00,2026-07-14T00:00:01.265358,3,2,80.7,0.4,80.5,104,80.4,146,79.9,2,,,,,,,,,,,,,,,80.9,108,81.0,100,,,,,,,,,,,,,,,,
2026-07-14T00:00:01.775087+00:00,2026-07-14T00:00:01.770287,2,2,80.7,0.4,80.5,104,79.9,2,,,,,,,,,,,,,,,,,80.9,4,81.0,100,,,,,,,,,,,,,,,,
2026-07-14T00:00:01.832993+00:00,2026-07-14T00:00:01.831700,3,2,80.75,0.3,80.6,139,80.5,104,79.9,2,,,,,,,,,,,,,,,80.9,4,81.0,100,,,,,,,,,,,,,,,,
2026-07-14T00:00:01.886011+00:00,2026-07-14T00:00:01.876444,3,3,80.75,0.3,80.6,139,80.5,104,79.9,2,,,,,,,,,,,,,,,80.9,4,81.0,100,81.1,150,,,,,,,,,,,,,,
2026-07-14T00:00:02.308912+00:00,2026-07-14T00:00:02.291607,2,3,80.75,0.3,80.6,143,80.5,100,,,,,,,,,,,,,,,,,80.9,4,81.0,100,81.1,150,,,,,,,,,,,,,,
2026-07-14T00:00:02.551128+00:00,2026-07-14T00:00:02.547179,2,3,80.75,0.3,80.6,101,80.5,100,,,,,,,,,,,,,,,,,80.9,4,81.0,100,81.1,150,,,,,,,,,,,,,,
2026-07-14T00:00:03.071940+00:00,2026-07-14T00:00:03.070858,2,2,80.8,0.4,80.6,101,80.5,100,,,,,,,,,,,,,,,,,81.0,54,81.1,150,,,,,,,,,,,,,,,,
2026-07-14T00:00:03.346109+00:00,2026-07-14T00:00:03.339103,2,2,80.8,0.4,80.6,97,80.5,100,,,,,,,,,,,,,,,,,81.0,54,81.1,150,,,,,,,,,,,,,,,,
2026-07-14T00:00:03.356859+00:00,2026-07-14T00:00:03.349793,2,2,80.8,0.4,80.6,101,80.5,100,,,,,,,,,,,,,,,,,81.0,58,81.1,150,,,,,,,,,,,,,,,,
2026-07-14T00:00:04.065983+00:00,2026-07-14T00:00:04.013049,3,2,80.8,0.4,80.6,90,80.5,100,80.1,5,,,,,,,,,,,,,,,81.0,58,81.1,150,,,,,,,,,,,,,,,,
2026-07-14T00:00:04.129910+00:00,2026-07-14T00:00:04.128432,3,2,80.8,0.4,80.6,80,80.5,100,80.1,5,,,,,,,,,,,,,,,81.0,58,81.1,150,,,,,,,,,,,,,,,,
2026-07-14T00:00:04.225154+00:00,2026-07-14T00:00:04.218146,2,2,80.8,0.4,80.6,80,80.1,5,,,,,,,,,,,,,,,,,81.0,4,81.1,150,,,,,,,,,,,,,,,,
2026-07-14T00:00:04.277655+00:00,2026-07-14T00:00:04.270818,3,2,80.8,0.4,80.6,80,80.3,100,80.1,5,,,,,,,,,,,,,,,81.0,4,81.1,150,,,,,,,,,,,,,,,,
2026-07-14T00:00:04.330287+00:00,2026-07-14T00:00:04.322975,3,3,80.7,0.2,80.6,80,80.3,100,80.1,5,,,,,,,,,,,,,,,80.8,100,81.0,4,81.1,150,,,,,,,,,,,,,,
2026-07-14T00:00:04.372249+00:00,2026-07-14T00:00:04.369206,3,2,80.7,0.2,80.6,80,80.3,100,80.1,5,,,,,,,,,,,,,,,80.8,100,81.1,150,,,,,,,,,,,,,,,,
2026-07-14T00:00:04.382812+00:00,2026-07-14T00:00:04.376037,3,2,80.7,0.2,80.6,80,80.3,100,80.1,5,,,,,,,,,,,,,,,80.8,104,81.1,150,,,,,,,,,,,,,,,,
2026-07-14T00:00:04.477577+00:00,2026-07-14T00:00:04.475610,3,2,80.7,0.2,80.6,80,80.3,100,80.1,3,,,,,,,,,,,,,,,80.8,104,81.1,150,,,,,,,,,,,,,,,,
2026-07-14T00:00:04.935909+00:00,2026-07-14T00:00:04.931842,3,1,80.7,0.2,80.6,4,80.3,100,80.1,3,,,,,,,,,,,,,,,80.8,104,,,,,,,,,,,,,,,,,,
2026-07-14T00:00:04.988313+00:00,2026-07-14T00:00:04.985052,3,1,80.7,0.2,80.6,4,80.3,100,80.1,153,,,,,,,,,,,,,,,80.8,104,,,,,,,,,,,,,,,,,,
2026-07-14T00:00:05.041846+00:00,2026-07-14T00:00:05.039328,2,2,80.45,0.3,80.3,100,80.1,153,,,,,,,,,,,,,,,,,80.6,146,80.8,104,,,,,,,,,,,,,,,,
2026-07-14T00:00:05.180918+00:00,2026-07-14T00:00:05.178221,2,2,80.45,0.3,80.3,100,80.1,153,,,,,,,,,,,,,,,,,80.6,96,80.8,104,,,,,,,,,,,,,,,,
2026-07-14T00:00:05.403747+00:00,2026-07-14T00:00:05.401328,2,2,80.45,0.3,80.3,104,80.1,153,,,,,,,,,,,,,,,,,80.6,96,80.8,100,,,,,,,,,,,,,,,,
2026-07-14T00:00:05.414505+00:00,2026-07-14T00:00:05.404053,2,2,80.45,0.3,80.3,104,80.1,153,,,,,,,,,,,,,,,,,80.6,100,80.8,100,,,,,,,,,,,,,,,,
2026-07-14T00:00:06.019794+00:00,2026-07-14T00:00:06.013694,2,2,80.45,0.3,80.3,104,80.1,153,,,,,,,,,,,,,,,,,80.6,56,80.8,100,,,,,,,,,,,,,,,,
2026-07-14T00:00:06.423417+00:00,2026-07-14T00:00:06.421490,2,2,80.45,0.3,80.3,100,80.1,153,,,,,,,,,,,,,,,,,80.6,52,80.8,100,,,,,,,,,,,,,,,,
2026-07-14T00:00:06.434180+00:00,2026-07-14T00:00:06.426452,2,2,80.45,0.3,80.3,104,80.1,153,,,,,,,,,,,,,,,,,80.6,56,80.8,100,,,,,,,,,,,,,,,,
2026-07-14T00:00:07.315510+00:00,2026-07-14T00:00:07.305928,2,2,80.45,0.3,80.3,104,80.1,153,,,,,,,,,,,,,,,,,80.6,6,80.8,100,,,,,,,,,,,,,,,,
2026-07-14T00:00:07.379648+00:00,2026-07-14T00:00:07.377564,2,1,80.45,0.3,80.3,4,80.1,153,,,,,,,,,,,,,,,,,80.6,6,,,,,,,,,,,,,,,,,,
2026-07-14T00:00:07.432709+00:00,2026-07-14T00:00:07.429111,3,1,80.55,0.1,80.5,100,80.3,4,80.1,153,,,,,,,,,,,,,,,80.6,6,,,,,,,,,,,,,,,,,,
2026-07-14T00:00:07.443600+00:00,2026-07-14T00:00:07.441457,2,1,80.55,0.1,80.5,100,80.1,153,,,,,,,,,,,,,,,,,80.6,2,,,,,,,,,,,,,,,,,,
2026-07-14T00:00:07.454551+00:00,2026-07-14T00:00:07.446395,2,1,80.55,0.1,80.5,104,80.1,153,,,,,,,,,,,,,,,,,80.6,6,,,,,,,,,,,,,,,,,,
2026-07-14T00:00:07.487411+00:00,2026-07-14T00:00:07.481504,2,2,80.55,0.1,80.5,104,80.1,153,,,,,,,,,,,,,,,,,80.6,6,81.0,100,,,,,,,,,,,,,,,,
2026-07-14T00:00:08.100199+00:00,2026-07-14T00:00:08.095369,2,2,80.55,0.1,80.5,104,80.1,3,,,,,,,,,,,,,,,,,80.6,4,81.0,100,,,,,,,,,,,,,,,,
2026-07-14T00:00:08.158875+00:00,2026-07-14T00:00:08.157767,3,1,80.95,0.1,80.9,135,80.5,104,80.1,3,,,,,,,,,,,,,,,81.0,100,,,,,,,,,,,,,,,,,,
2026-07-14T00:00:08.212643+00:00,2026-07-14T00:00:08.207779,2,2,80.95,0.1,80.9,135,80.5,104,,,,,,,,,,,,,,,,,81.0,100,81.4,150,,,,,,,,,,,,,,,,
2026-07-14T00:00:08.466317+00:00,2026-07-14T00:00:08.463882,2,2,80.95,0.1,80.9,139,80.5,100,,,,,,,,,,,,,,,,,81.0,104,81.4,150,,,,,,,,,,,,,,,,
2026-07-14T00:00:08.784253+00:00,2026-07-14T00:00:08.779017,2,2,80.95,0.1,80.9,95,80.5,100,,,,,,,,,,,,,,,,,81.0,104,81.4,150,,,,,,,,,,,,,,,,
2026-07-14T00:00:09.027131+00:00,2026-07-14T00:00:09.022635,3,2,80.95,0.1,80.9,95,80.5,100,80.3,5,,,,,,,,,,,,,,,81.0,104,81.4,150,,,,,,,,,,,,,,,,
2026-07-14T00:00:09.331299+00:00,2026-07-14T00:00:09.330013,3,2,80.95,0.1,80.9,92,80.5,100,80.3,5,,,,,,,,,,,,,,,81.0,104,81.4,150,,,,,,,,,,,,,,,,
2026-07-14T00:00:09.417689+00:00,2026-07-14T00:00:09.410525,3,2,80.95,0.1,80.9,92,80.5,100,80.3,5,,,,,,,,,,,,,,,81.0,54,81.4,150,,,,,,,,,,,,,,,,
2026-07-14T00:00:09.481177+00:00,2026-07-14T00:00:09.479657,3,2,80.95,0.1,80.9,88,80.5,100,80.3,5,,,,,,,,,,,,,,,81.0,50,81.4,150,,,,,,,,,,,,,,,,
2026-07-14T00:00:09.491868+00:00,2026-07-14T00:00:09.484811,3,2,80.95,0.1,80.9,92,80.5,100,80.3,5,,,,,,,,,,,,,,,81.0,54,81.4,150,,,,,,,,,,,,,,,,
2026-07-14T00:00:10.504446+00:00,2026-07-14T00:00:10.503449,3,2,80.95,0.1,80.9,88,80.5,100,80.3,5,,,,,,,,,,,,,,,81.0,54,81.4,150,,,,,,,,,,,,,,,,
2026-07-14T00:00:10.515107+00:00,2026-07-14T00:00:10.511636,3,2,80.95,0.1,80.9,92,80.5,100,80.3,5,,,,,,,,,,,,,,,81.0,54,81.4,150,,,,,,,,,,,,,,,,
2026-07-14T00:00:10.546883+00:00,2026-07-14T00:00:10.537612,2,2,80.95,0.1,80.9,92,80.3,5,,,,,,,,,,,,,,,,,81.0,4,81.4,150,,,,,,,,,,,,,,,,
2026-07-14T00:00:10.610935+00:00,2026-07-14T00:00:10.601655,3,2,80.95,0.1,80.9,92,80.5,100,80.3,5,,,,,,,,,,,,,,,81.0,4,81.4,150,,,,,,,,,,,,,,,,
2026-07-14T00:00:10.664327+00:00,2026-07-14T00:00:10.653905,3,2,80.95,0.1,80.9,92,80.5,100,80.3,5,,,,,,,,,,,,,,,81.0,104,81.4,150,,,,,,,,,,,,,,,,
2026-07-14T00:00:11.263569+00:00,2026-07-14T00:00:11.260767,3,1,80.95,0.1,80.9,4,80.5,100,80.3,5,,,,,,,,,,,,,,,81.0,104,,,,,,,,,,,,,,,,,,
2026-07-14T00:00:11.317073+00:00,2026-07-14T00:00:11.316549,3,1,80.95,0.1,80.9,4,80.5,250,80.3,5,,,,,,,,,,,,,,,81.0,104,,,,,,,,,,,,,,,,,,
2026-07-14T00:00:11.370413+00:00,2026-07-14T00:00:11.366542,3,1,80.95,0.1,80.9,4,80.5,250,80.3,5,,,,,,,,,,,,,,,81.0,254,,,,,,,,,,,,,,,,,,
2026-07-14T00:00:11.530216+00:00,2026-07-14T00:00:11.527824,2,1,80.75,0.5,80.5,250,80.3,5,,,,,,,,,,,,,,,,,81.0,204,,,,,,,,,,,,,,,,,,
2026-07-14T00:00:11.540991+00:00,2026-07-14T00:00:11.533112,3,1,80.95,0.1,80.9,4,80.5,250,80.3,5,,,,,,,,,,,,,,,81.0,208,,,,,,,,,,,,,,,,,,
2026-07-14T00:00:12.550110+00:00,2026-07-14T00:00:12.548184,3,1,80.95,0.1,80.9,4,80.5,250,80.3,5,,,,,,,,,,,,,,,81.0,204,,,,,,,,,,,,,,,,,,
2026-07-14T00:00:12.560816+00:00,2026-07-14T00:00:12.550870,3,1,80.95,0.1,80.9,4,80.5,250,80.3,5,,,,,,,,,,,,,,,81.0,208,,,,,,,,,,,,,,,,,,
2026-07-14T00:00:13.576370+00:00,2026-07-14T00:00:13.573627,3,1,80.95,0.1,80.9,4,80.5,250,80.3,5,,,,,,,,,,,,,,,81.0,204,,,,,,,,,,,,,,,,,,
2026-07-14T00:00:13.609307+00:00,2026-07-14T00:00:13.604090,3,1,80.95,0.1,80.9,4,80.5,250,80.3,5,,,,,,,,,,,,,,,81.0,208,,,,,,,,,,,,,,,,,,
2026-07-14T00:00:13.630680+00:00,2026-07-14T00:00:13.625927,3,1,80.95,0.1,80.9,4,80.5,250,80.3,5,,,,,,,,,,,,,,,81.0,158,,,,,,,,,,,,,,,,,,
2026-07-14T00:00:13.716048+00:00,2026-07-14T00:00:13.708489,3,1,80.95,0.1,80.9,4,80.5,150,80.3,5,,,,,,,,,,,,,,,81.0,154,,,,,,,,,,,,,,,,,,
2026-07-14T00:00:13.769548+00:00,2026-07-14T00:00:13.762010,4,1,80.95,0.1,80.9,4,80.8,100,80.5,150,80.3,5,,,,,,,,,,,,,81.0,154,,,,,,,,,,,,,,,,,,
2026-07-14T00:00:13.822981+00:00,2026-07-14T00:00:13.814025,4,2,80.95,0.1,80.9,4,80.8,100,80.5,150,80.3,5,,,,,,,,,,,,,81.0,154,81.3,100,,,,,,,,,,,,,,,,
2026-07-14T00:00:14.219590+00:00,2026-07-14T00:00:14.209186,4,2,80.95,0.1,80.9,3,80.8,100,80.5,150,80.3,5,,,,,,,,,,,,,81.0,154,81.3,100,,,,,,,,,,,,,,,,
2026-07-14T00:00:14.262914+00:00,2026-07-14T00:00:14.260992,3,2,80.95,0.1,80.9,3,80.8,100,80.5,150,,,,,,,,,,,,,,,81.0,154,81.3,100,,,,,,,,,,,,,,,,
2026-07-14T00:00:14.424373+00:00,2026-07-14T00:00:14.420898,2,2,80.95,0.1,80.9,3,80.8,100,,,,,,,,,,,,,,,,,81.0,4,81.3,100,,,,,,,,,,,,,,,,
2026-07-14T00:00:14.478307+00:00,2026-07-14T00:00:14.474593,2,2,80.9,0.2,80.8,55,80.5,150,,,,,,,,,,,,,,,,,81.0,4,81.3,100,,,,,,,,,,,,,,,,
2026-07-14T00:00:14.531946+00:00,2026-07-14T00:00:14.527091,2,2,80.9,0.2,80.8,55,80.5,150,,,,,,,,,,,,,,,,,81.0,154,81.3,100,,,,,,,,,,,,,,,,
2026-07-14T00:00:14.617787+00:00,2026-07-14T00:00:14.616866,2,2,80.9,0.2,80.8,55,80.5,150,,,,,,,,,,,,,,,,,81.0,150,81.3,100,,,,,,,,,,,,,,,,
2026-07-14T00:00:14.628485+00:00,2026-07-14T00:00:14.622094,2,2,80.9,0.2,80.8,59,80.5,150,,,,,,,,,,,,,,,,,81.0,154,81.3,100,,,,,,,,,,,,,,,,
2026-07-14T00:00:15.152794+00:00,2026-07-14T00:00:15.146600,2,2,80.9,0.2,80.8,59,80.5,155,,,,,,,,,,,,,,,,,81.0,154,81.3,100,,,,,,,,,,,,,,,,
2026-07-14T00:00:15.644148+00:00,2026-07-14T00:00:15.642818,2,2,80.9,0.2,80.8,59,80.5,155,,,,,,,,,,,,,,,,,81.0,154,81.3,100,,,,,,,,,,,,,,,,
2026-07-14T00:00:15.739622+00:00,2026-07-14T00:00:15.733927,2,2,80.9,0.2,80.8,59,80.5,155,,,,,,,,,,,,,,,,,81.0,104,81.3,100,,,,,,,,,,,,,,,,
2026-07-14T00:00:15.867173+00:00,2026-07-14T00:00:15.866127,2,2,80.9,0.2,80.8,12,80.5,155,,,,,,,,,,,,,,,,,81.0,104,81.3,100,,,,,,,,,,,,,,,,
2026-07-14T00:00:16.667196+00:00,2026-07-14T00:00:16.665776,2,2,80.9,0.2,80.8,12,80.5,155,,,,,,,,,,,,,,,,,81.0,100,81.3,100,,,,,,,,,,,,,,,,
2026-07-14T00:00:16.677964+00:00,2026-07-14T00:00:16.668321,2,2,80.9,0.2,80.8,12,80.5,155,,,,,,,,,,,,,,,,,81.0,104,81.3,100,,,,,,,,,,,,,,,,
2026-07-14T00:00:16.870471+00:00,2026-07-14T00:00:16.869234,2,1,80.9,0.2,80.8,4,80.5,155,,,,,,,,,,,,,,,,,81.0,104,,,,,,,,,,,,,,,,,,
2026-07-14T00:00:16.924254+00:00,2026-07-14T00:00:16.921957,2,1,80.9,0.2,80.8,4,80.5,255,,,,,,,,,,,,,,,,,81.0,104,,,,,,,,,,,,,,,,,,
2026-07-14T00:00:16.977630+00:00,2026-07-14T00:00:16.973759,2,1,80.9,0.2,80.8,4,80.5,255,,,,,,,,,,,,,,,,,81.0,204,,,,,,,,,,,,,,,,,,
2026-07-14T00:00:17.504612+00:00,2026-07-14T00:00:17.499919,2,1,80.9,0.2,80.8,4,80.5,255,,,,,,,,,,,,,,,,,81.0,156,,,,,,,,,,,,,,,,,,
2026-07-14T00:00:17.590436+00:00,2026-07-14T00:00:17.582589,2,1,80.9,0.2,80.8,4,80.5,105,,,,,,,,,,,,,,,,,81.0,104,,,,,,,,,,,,,,,,,,
2026-07-14T00:00:17.644077+00:00,2026-07-14T00:00:17.633414,2,1,80.9,0.2,80.8,154,80.5,105,,,,,,,,,,,,,,,,,81.0,104,,,,,,,,,,,,,,,,,,
2026-07-14T00:00:17.687209+00:00,2026-07-14T00:00:17.686450,2,2,80.9,0.2,80.8,150,80.5,105,,,,,,,,,,,,,,,,,81.0,100,81.3,150,,,,,,,,,,,,,,,,
2026-07-14T00:00:17.698011+00:00,2026-07-14T00:00:17.691872,2,2,80.9,0.2,80.8,154,80.5,105,,,,,,,,,,,,,,,,,81.0,104,81.3,150,,,,,,,,,,,,,,,,
2026-07-14T00:00:17.859470+00:00,2026-07-14T00:00:17.853648,2,2,80.9,0.2,80.8,154,80.5,105,,,,,,,,,,,,,,,,,81.0,54,81.3,150,,,,,,,,,,,,,,,,
2026-07-14T00:00:18.715103+00:00,2026-07-14T00:00:18.713572,2,2,80.9,0.2,80.8,154,80.5,105,,,,,,,,,,,,,,,,,81.0,54,81.3,150,,,,,,,,,,,,,,,,
2026-07-14T00:00:19.737685+00:00,2026-07-14T00:00:19.734708,2,2,80.9,0.2,80.8,154,80.5,105,,,,,,,,,,,,,,,,,81.0,50,81.3,150,,,,,,,,,,,,,,,,
2026-07-14T00:00:19.748823+00:00,2026-07-14T00:00:19.738062,2,2,80.9,0.2,80.8,154,80.5,105,,,,,,,,,,,,,,,,,81.0,54,81.3,150,,,,,,,,,,,,,,,,
2026-07-14T00:00:19.967167+00:00,2026-07-14T00:00:19.961410,2,2,80.9,0.2,80.8,154,80.5,105,,,,,,,,,,,,,,,,,81.0,4,81.3,150,,,,,,,,,,,,,,,,
2026-07-14T00:00:20.032624+00:00,2026-07-14T00:00:20.026093,2,2,80.9,0.2,80.8,154,80.5,5,,,,,,,,,,,,,,,,,81.0,4,81.3,150,,,,,,,,,,,,,,,,
2026-07-14T00:00:20.086211+00:00,2026-07-14T00:00:20.079220,3,2,80.95,0.1,80.9,100,80.8,154,80.5,5,,,,,,,,,,,,,,,81.0,4,81.3,150,,,,,,,,,,,,,,,,
2026-07-14T00:00:20.140034+00:00,2026-07-14T00:00:20.132250,3,3,80.95,0.1,80.9,100,80.8,154,80.5,5,,,,,,,,,,,,,,,81.0,4,81.3,150,81.4,100,,,,,,,,,,,,,,
2026-07-14T00:00:20.714714+00:00,2026-07-14T00:00:20.711318,3,2,81.1,0.4,80.9,100,80.8,154,80.5,5,,,,,,,,,,,,,,,81.3,108,81.4,100,,,,,,,,,,,,,,,,
2026-07-14T00:00:20.747544+00:00,2026-07-14T00:00:20.741368,3,1,81.15,0.5,80.9,100,80.8,4,80.5,5,,,,,,,,,,,,,,,81.4,100,,,,,,,,,,,,,,,,,,
2026-07-14T00:00:20.758557+00:00,2026-07-14T00:00:20.757758,2,1,81.15,0.5,80.9,104,80.5,5,,,,,,,,,,,,,,,,,81.4,104,,,,,,,,,,,,,,,,,,
2026-07-14T00:00:20.802053+00:00,2026-07-14T00:00:20.798945,3,1,81.25,0.3,81.1,150,80.9,104,80.5,5,,,,,,,,,,,,,,,81.4,104,,,,,,,,,,,,,,,,,,
2026-07-14T00:00:20.824185+00:00,2026-07-14T00:00:20.817669,3,1,81.25,0.3,81.1,26,80.9,104,80.5,5,,,,,,,,,,,,,,,81.4,104,,,,,,,,,,,,,,,,,,
2026-07-14T00:00:20.879002+00:00,2026-07-14T00:00:20.868431,3,2,81.25,0.3,81.1,26,80.9,104,80.5,5,,,,,,,,,,,,,,,81.4,104,81.6,150,,,,,,,,,,,,,,,,
2026-07-14T00:00:21.780784+00:00,2026-07-14T00:00:21.777610,3,2,81.25,0.3,81.1,26,80.9,100,80.5,5,,,,,,,,,,,,,,,81.4,104,81.6,150,,,,,,,,,,,,,,,,
2026-07-14T00:00:21.791867+00:00,2026-07-14T00:00:21.785686,3,2,81.25,0.3,81.1,30,80.9,100,80.5,5,,,,,,,,,,,,,,,81.4,104,81.6,150,,,,,,,,,,,,,,,,
2026-07-14T00:00:22.074792+00:00,2026-07-14T00:00:22.069424,3,2,81.25,0.3,81.1,30,80.9,100,80.5,5,,,,,,,,,,,,,,,81.4,54,81.6,150,,,,,,,,,,,,,,,,
2026-07-14T00:00:22.446922+00:00,2026-07-14T00:00:22.445482,3,2,81.25,0.3,81.1,27,80.9,100,80.5,5,,,,,,,,,,,,,,,81.4,54,81.6,150,,,,,,,,,,,,,,,,
2026-07-14T00:00:22.457996+00:00,2026-07-14T00:00:22.449580,2,2,81.25,0.3,81.1,27,80.9,100,,,,,,,,,,,,,,,,,81.4,54,81.6,150,,,,,,,,,,,,,,,,
2026-07-14T00:00:22.801586+00:00,2026-07-14T00:00:22.798853,2,2,81.25,0.3,81.1,23,80.9,100,,,,,,,,,,,,,,,,,81.4,54,81.6,150,,,,,,,,,,,,,,,,
2026-07-14T00:00:22.812354+00:00,2026-07-14T00:00:22.806900,2,2,81.25,0.3,81.1,27,80.9,100,,,,,,,,,,,,,,,,,81.4,54,81.6,150,,,,,,,,,,,,,,,,
2026-07-14T00:00:22.823142+00:00,2026-07-14T00:00:22.821656,2,2,81.25,0.3,81.1,22,80.9,100,,,,,,,,,,,,,,,,,81.4,54,81.6,150,,,,,,,,,,,,,,,,
2026-07-14T00:00:22.876855+00:00,2026-07-14T00:00:22.870042,3,2,81.25,0.3,81.1,22,80.9,100,80.7,5,,,,,,,,,,,,,,,81.4,54,81.6,150,,,,,,,,,,,,,,,,
2026-07-14T00:00:23.190075+00:00,2026-07-14T00:00:23.187000,2,2,81.25,0.3,81.1,22,80.7,5,,,,,,,,,,,,,,,,,81.4,4,81.6,150,,,,,,,,,,,,,,,,
2026-07-14T00:00:23.244056+00:00,2026-07-14T00:00:23.239401,3,2,81.25,0.3,81.1,22,81.0,100,80.7,5,,,,,,,,,,,,,,,81.4,4,81.6,150,,,,,,,,,,,,,,,,
2026-07-14T00:00:23.319942+00:00,2026-07-14T00:00:23.314904,3,3,81.25,0.3,81.1,22,81.0,100,80.7,5,,,,,,,,,,,,,,,81.4,4,81.5,100,81.6,150,,,,,,,,,,,,,,
2026-07-14T00:00:23.492900+00:00,2026-07-14T00:00:23.490626,2,3,81.2,0.4,81.0,100,80.7,5,,,,,,,,,,,,,,,,,81.4,4,81.5,100,81.6,150,,,,,,,,,,,,,,
2026-07-14T00:00:23.822516+00:00,2026-07-14T00:00:23.820459,2,2,81.25,0.5,81.0,100,80.7,5,,,,,,,,,,,,,,,,,81.5,100,81.6,150,,,,,,,,,,,,,,,,
2026-07-14T00:00:23.833373+00:00,2026-07-14T00:00:23.825658,2,3,81.2,0.4,81.0,104,80.7,5,,,,,,,,,,,,,,,,,81.4,4,81.5,100,81.6,150,,,,,,,,,,,,,,
2026-07-14T00:00:23.930377+00:00,2026-07-14T00:00:23.921041,2,2,81.2,0.4,81.0,104,80.7,5,,,,,,,,,,,,,,,,,81.4,4,81.5,100,,,,,,,,,,,,,,,,
2026-07-14T00:00:23.983822+00:00,2026-07-14T00:00:23.973266,3,2,81.2,0.4,81.0,104,80.7,5,80.5,150,,,,,,,,,,,,,,,81.4,4,81.5,100,,,,,,,,,,,,,,,,
2026-07-14T00:00:24.037734+00:00,2026-07-14T00:00:24.028037,2,3,80.85,0.3,80.7,5,80.5,150,,,,,,,,,,,,,,,,,81.0,46,81.4,4,81.5,100,,,,,,,,,,,,,,
2026-07-14T00:00:24.186324+00:00,2026-07-14T00:00:24.177447,2,1,81.1,0.8,80.7,5,80.5,150,,,,,,,,,,,,,,,,,81.5,100,,,,,,,,,,,,,,,,,,
2026-07-14T00:00:24.845303+00:00,2026-07-14T00:00:24.842624,2,1,81.1,0.8,80.7,9,80.5,150,,,,,,,,,,,,,,,,,81.5,100,,,,,,,,,,,,,,,,,,
2026-07-14T00:00:24.856279+00:00,2026-07-14T00:00:24.845669,2,1,81.1,0.8,80.7,9,80.5,150,,,,,,,,,,,,,,,,,81.5,104,,,,,,,,,,,,,,,,,,
2026-07-14T00:00:25.422336+00:00,2026-07-14T00:00:25.420513,1,1,81.0,1.0,80.5,110,,,,,,,,,,,,,,,,,,,81.5,104,,,,,,,,,,,,,,,,,,
2026-07-14T00:00:25.876331+00:00,2026-07-14T00:00:25.873251,1,1,81.0,1.0,80.5,114,,,,,,,,,,,,,,,,,,,81.5,100,,,,,,,,,,,,,,,,,,
2026-07-14T00:00:25.887166+00:00,2026-07-14T00:00:25.876660,1,1,81.0,1.0,80.5,114,,,,,,,,,,,,,,,,,,,81.5,104,,,,,,,,,,,,,,,,,,
2026-07-14T00:00:26.296136+00:00,2026-07-14T00:00:26.286565,1,1,81.0,1.0,80.5,114,,,,,,,,,,,,,,,,,,,81.5,54,,,,,,,,,,,,,,,,,,
2026-07-14T00:00:26.383376+00:00,2026-07-14T00:00:26.375334,1,1,81.0,1.0,80.5,114,,,,,,,,,,,,,,,,,,,81.5,4,,,,,,,,,,,,,,,,,,
2026-07-14T00:00:26.437399+00:00,2026-07-14T00:00:26.428698,2,1,81.2,0.6,80.9,100,80.5,114,,,,,,,,,,,,,,,,,81.5,4,,,,,,,,,,,,,,,,,,
2026-07-14T00:00:26.491236+00:00,2026-07-14T00:00:26.483558,2,2,81.15,0.5,80.9,100,80.5,114,,,,,,,,,,,,,,,,,81.4,100,81.5,4,,,,,,,,,,,,,,,,
2026-07-14T00:00:26.924027+00:00,2026-07-14T00:00:26.921643,2,2,81.15,0.5,80.9,100,80.5,110,,,,,,,,,,,,,,,,,81.4,100,81.5,4,,,,,,,,,,,,,,,,
2026-07-14T00:00:26.935131+00:00,2026-07-14T00:00:26.932789,2,1,81.15,0.5,80.9,104,80.5,110,,,,,,,,,,,,,,,,,81.4,104,,,,,,,,,,,,,,,,,,
2026-07-14T00:00:27.087795+00:00,2026-07-14T00:00:27.080730,1,1,81.15,0.5,80.9,104,,,,,,,,,,,,,,,,,,,81.4,104,,,,,,,,,,,,,,,,,,
2026-07-14T00:00:27.141810+00:00,2026-07-14T00:00:27.133377,1,1,81.15,0.5,80.9,254,,,,,,,,,,,,,,,,,,,81.4,104,,,,,,,,,,,,,,,,,,
2026-07-14T00:00:27.195590+00:00,2026-07-14T00:00:27.185616,1,1,81.15,0.5,80.9,254,,,,,,,,,,,,,,,,,,,81.4,254,,,,,,,,,,,,,,,,,,
2026-07-14T00:00:27.486655+00:00,2026-07-14T00:00:27.482950,1,1,81.15,0.5,80.9,213,,,,,,,,,,,,,,,,,,,81.4,254,,,,,,,,,,,,,,,,,,
2026-07-14T00:00:27.968333+00:00,2026-07-14T00:00:27.965908,1,1,81.15,0.5,80.9,213,,,,,,,,,,,,,,,,,,,81.4,253,,,,,,,,,,,,,,,,,,
2026-07-14T00:00:28.402467+00:00,2026-07-14T00:00:28.393312,1,1,81.15,0.5,80.9,213,,,,,,,,,,,,,,,,,,,81.4,203,,,,,,,,,,,,,,,,,,
2026-07-14T00:00:28.998401+00:00,2026-07-14T00:00:28.990554,1,1,81.15,0.5,80.9,209,,,,,,,,,,,,,,,,,,,81.4,203,,,,,,,,,,,,,,,,,,
2026-07-14T00:00:29.025784+00:00,2026-07-14T00:00:29.022892,1,1,81.15,0.5,80.9,209,,,,,,,,,,,,,,,,,,,81.4,199,,,,,,,,,,,,,,,,,,
2026-07-14T00:00:29.036853+00:00,2026-07-14T00:00:29.029597,1,1,81.15,0.5,80.9,213,,,,,,,,,,,,,,,,,,,81.4,203,,,,,,,,,,,,,,,,,,
2026-07-14T00:00:29.101236+00:00,2026-07-14T00:00:29.096149,1,1,81.15,0.5,80.9,213,,,,,,,,,,,,,,,,,,,81.4,158,,,,,,,,,,,,,,,,,,
2026-07-14T00:00:29.537666+00:00,2026-07-14T00:00:29.536679,1,1,81.15,0.5,80.9,213,,,,,,,,,,,,,,,,,,,81.4,154,,,,,,,,,,,,,,,,,,
2026-07-14T00:00:29.548768+00:00,2026-07-14T00:00:29.538961,1,1,81.15,0.5,80.9,154,,,,,,,,,,,,,,,,,,,81.4,154,,,,,,,,,,,,,,,,,,
2026-07-14T00:00:29.591867+00:00,2026-07-14T00:00:29.591293,2,1,81.25,0.3,81.1,100,80.9,154,,,,,,,,,,,,,,,,,81.4,154,,,,,,,,,,,,,,,,,,
2026-07-14T00:00:29.646055+00:00,2026-07-14T00:00:29.644054,2,2,81.25,0.3,81.1,100,80.9,154,,,,,,,,,,,,,,,,,81.4,154,81.6,100,,,,,,,,,,,,,,,,
2026-07-14T00:00:29.795094+00:00,2026-07-14T00:00:29.789685,3,2,81.25,0.3,81.1,100,80.9,154,80.8,5,,,,,,,,,,,,,,,81.4,154,81.6,100,,,,,,,,,,,,,,,,
2026-07-14T00:00:30.051413+00:00,2026-07-14T00:00:30.048988,3,2,81.25,0.3,81.1,100,80.9,150,80.8,5,,,,,,,,,,,,,,,81.4,150,81.6,100,,,,,,,,,,,,,,,,
2026-07-14T00:00:30.062171+00:00,2026-07-14T00:00:30.053925,3,2,81.25,0.3,81.1,104,80.9,150,80.8,5,,,,,,,,,,,,,,,81.4,154,81.6,100,,,,,,,,,,,,,,,,
2026-07-14T00:00:30.244129+00:00,2026-07-14T00:00:30.241148,2,2,81.25,0.3,81.1,104,80.8,5,,,,,,,,,,,,,,,,,81.4,4,81.6,100,,,,,,,,,,,,,,,,
2026-07-14T00:00:30.297566+00:00,2026-07-14T00:00:30.293450,3,2,81.25,0.3,81.1,104,80.9,150,80.8,5,,,,,,,,,,,,,,,81.4,4,81.6,100,,,,,,,,,,,,,,,,
2026-07-14T00:00:30.352738+00:00,2026-07-14T00:00:30.345466,3,2,81.25,0.3,81.1,104,80.9,150,80.8,5,,,,,,,,,,,,,,,81.4,154,81.6,100,,,,,,,,,,,,,,,,
2026-07-14T00:00:31.072482+00:00,2026-07-14T00:00:31.069667,3,2,81.25,0.3,81.1,100,80.9,150,80.8,5,,,,,,,,,,,,,,,81.4,154,81.6,100,,,,,,,,,,,,,,,,
2026-07-14T00:00:31.083173+00:00,2026-07-14T00:00:31.078141,3,2,81.25,0.3,81.1,104,80.9,150,80.8,5,,,,,,,,,,,,,,,81.4,154,81.6,100,,,,,,,,,,,,,,,,
2026-07-14T00:00:31.662601+00:00,2026-07-14T00:00:31.652933,3,2,81.25,0.3,81.1,104,80.9,150,80.8,4,,,,,,,,,,,,,,,81.4,154,81.6,100,,,,,,,,,,,,,,,,
2026-07-14T00:00:32.030970+00:00,2026-07-14T00:00:32.025909,3,2,81.25,0.3,81.1,104,80.9,150,80.8,3,,,,,,,,,,,,,,,81.4,154,81.6,100,,,,,,,,,,,,,,,,
2026-07-14T00:00:32.095217+00:00,2026-07-14T00:00:32.094320,3,2,81.25,0.3,81.1,100,80.9,150,80.8,3,,,,,,,,,,,,,,,81.4,154,81.6,100,,,,,,,,,,,,,,,,
2026-07-14T00:00:32.106170+00:00,2026-07-14T00:00:32.102067,3,2,81.25,0.3,81.1,104,80.9,150,80.8,3,,,,,,,,,,,,,,,81.4,154,81.6,100,,,,,,,,,,,,,,,,
2026-07-14T00:00:32.161069+00:00,2026-07-14T00:00:32.154977,3,2,81.25,0.3,81.1,104,80.9,150,80.8,2,,,,,,,,,,,,,,,81.4,154,81.6,100,,,,,,,,,,,,,,,,
2026-07-14T00:00:32.686048+00:00,2026-07-14T00:00:32.677905,3,2,81.25,0.3,81.1,54,80.9,150,80.8,2,,,,,,,,,,,,,,,81.4,154,81.6,100,,,,,,,,,,,,,,,,
2026-07-14T00:00:32.707603+00:00,2026-07-14T00:00:32.698609,3,1,81.25,0.3,81.1,4,80.9,150,80.8,2,,,,,,,,,,,,,,,81.4,154,,,,,,,,,,,,,,,,,,
2026-07-14T00:00:32.762043+00:00,2026-07-14T00:00:32.760760,2,1,81.15,0.5,80.9,250,80.8,2,,,,,,,,,,,,,,,,,81.4,154,,,,,,,,,,,,,,,,,,
2026-07-14T00:00:32.794662+00:00,2026-07-14T00:00:32.790675,2,1,81.15,0.5,80.9,201,80.8,2,,,,,,,,,,,,,,,,,81.4,154,,,,,,,,,,,,,,,,,,
2026-07-14T00:00:32.805418+00:00,2026-07-14T00:00:32.803866,2,1,81.15,0.5,80.9,201,80.8,2,,,,,,,,,,,,,,,,,81.4,254,,,,,,,,,,,,,,,,,,
2026-07-14T00:00:33.121711+00:00,2026-07-14T00:00:33.117787,2,1,81.15,0.5,80.9,201,80.8,2,,,,,,,,,,,,,,,,,81.4,250,,,,,,,,,,,,,,,,,,
2026-07-14T00:00:33.132565+00:00,2026-07-14T00:00:33.125500,2,1,81.15,0.5,80.9,204,80.8,2,,,,,,,,,,,,,,,,,81.4,253,,,,,,,,,,,,,,,,,,
2026-07-14T00:00:33.400605+00:00,2026-07-14T00:00:33.399438,2,1,81.15,0.5,80.9,103,80.8,2,,,,,,,,,,,,,,,,,81.4,103,,,,,,,,,,,,,,,,,,
2026-07-14T00:00:33.454813+00:00,2026-07-14T00:00:33.452086,3,1,81.15,0.5,80.9,103,80.8,2,80.7,150,,,,,,,,,,,,,,,81.4,103,,,,,,,,,,,,,,,,,,
2026-07-14T00:00:33.508478+00:00,2026-07-14T00:00:33.504511,3,2,81.05,0.3,80.9,103,80.8,2,80.7,150,,,,,,,,,,,,,,,81.2,150,81.4,103,,,,,,,,,,,,,,,,
2026-07-14T00:00:34.146526+00:00,2026-07-14T00:00:34.144102,3,2,81.05,0.3,80.9,100,80.8,2,80.7,150,,,,,,,,,,,,,,,81.2,150,81.4,100,,,,,,,,,,,,,,,,
2026-07-14T00:00:34.168631+00:00,2026-07-14T00:00:34.166914,3,2,81.05,0.3,80.9,103,80.8,2,80.7,150,,,,,,,,,,,,,,,81.2,153,81.4,100,,,,,,,,,,,,,,,,
2026-07-14T00:00:34.692254+00:00,2026-07-14T00:00:34.690639,3,2,81.05,0.3,80.9,103,80.8,2,80.7,150,,,,,,,,,,,,,,,81.2,107,81.4,100,,,,,,,,,,,,,,,,
2026-07-14T00:00:34.789941+00:00,2026-07-14T00:00:34.783669,3,2,81.05,0.3,80.9,53,80.8,2,80.7,150,,,,,,,,,,,,,,,81.2,107,81.4,100,,,,,,,,,,,,,,,,
2026-07-14T00:00:35.187662+00:00,2026-07-14T00:00:35.184832,3,2,81.05,0.3,80.9,53,80.8,2,80.7,150,,,,,,,,,,,,,,,81.2,104,81.4,100,,,,,,,,,,,,,,,,
2026-07-14T00:00:35.198555+00:00,2026-07-14T00:00:35.188240,3,2,81.05,0.3,80.9,53,80.8,2,80.7,150,,,,,,,,,,,,,,,81.2,107,81.4,100,,,,,,,,,,,,,,,,
2026-07-14T00:00:35.867072+00:00,2026-07-14T00:00:35.857503,3,1,81.05,0.3,80.9,3,80.8,2,80.7,150,,,,,,,,,,,,,,,81.2,107,,,,,,,,,,,,,,,,,,
2026-07-14T00:00:35.921525+00:00,2026-07-14T00:00:35.911083,3,1,81.05,0.3,80.9,3,80.8,102,80.7,150,,,,,,,,,,,,,,,81.2,107,,,,,,,,,,,,,,,,,,
2026-07-14T00:00:35.964783+00:00,2026-07-14T00:00:35.962609,3,2,81.05,0.3,80.9,3,80.8,102,80.7,150,,,,,,,,,,,,,,,81.2,107,81.3,100,,,,,,,,,,,,,,,,
2026-07-14T00:00:36.216374+00:00,2026-07-14T00:00:36.214613,3,2,81.05,0.3,80.9,3,80.8,102,80.7,150,,,,,,,,,,,,,,,81.2,107,81.3,100,,,,,,,,,,,,,,,,
2026-07-14T00:00:36.570023+00:00,2026-07-14T00:00:36.560329,2,2,81.05,0.3,80.9,3,80.8,102,,,,,,,,,,,,,,,,,81.2,3,81.3,100,,,,,,,,,,,,,,,,
2026-07-14T00:00:36.635681+00:00,2026-07-14T00:00:36.628283,3,2,81.1,0.2,81.0,150,80.9,3,80.8,102,,,,,,,,,,,,,,,81.2,3,81.3,100,,,,,,,,,,,,,,,,
2026-07-14T00:00:36.690179+00:00,2026-07-14T00:00:36.680741,3,3,81.1,0.2,81.0,150,80.9,3,80.8,102,,,,,,,,,,,,,,,81.2,3,81.3,100,81.5,150,,,,,,,,,,,,,,
2026-07-14T00:00:36.897849+00:00,2026-07-14T00:00:36.889162,3,3,81.1,0.2,81.0,100,80.9,3,80.8,102,,,,,,,,,,,,,,,81.2,3,81.3,100,81.5,150,,,,,,,,,,,,,,
2026-07-14T00:00:37.248853+00:00,2026-07-14T00:00:37.247634,2,3,81.1,0.2,81.0,103,80.8,102,,,,,,,,,,,,,,,,,81.2,3,81.3,100,81.5,150,,,,,,,,,,,,,,
2026-07-14T00:00:38.230653+00:00,2026-07-14T00:00:38.228728,2,3,81.1,0.2,81.0,102,80.8,102,,,,,,,,,,,,,,,,,81.2,3,81.3,100,81.5,150,,,,,,,,,,,,,,
2026-07-14T00:00:38.274747+00:00,2026-07-14T00:00:38.271727,2,2,81.15,0.3,81.0,100,80.8,102,,,,,,,,,,,,,,,,,81.3,100,81.5,150,,,,,,,,,,,,,,,,
2026-07-14T00:00:38.285813+00:00,2026-07-14T00:00:38.275155,2,3,81.1,0.2,81.0,100,80.8,102,,,,,,,,,,,,,,,,,81.2,3,81.3,100,81.5,150,,,,,,,,,,,,,,
2026-07-14T00:00:39.079792+00:00,2026-07-14T00:00:39.079235,2,2,81.1,0.2,81.0,100,80.8,2,,,,,,,,,,,,,,,,,81.2,3,81.5,150,,,,,,,,,,,,,,,,
2026-07-14T00:00:39.145561+00:00,2026-07-14T00:00:39.135533,2,2,81.1,0.2,81.0,100,80.8,102,,,,,,,,,,,,,,,,,81.2,3,81.5,150,,,,,,,,,,,,,,,,
2026-07-14T00:00:39.190573+00:00,2026-07-14T00:00:39.187701,2,3,81.1,0.2,81.0,100,80.8,102,,,,,,,,,,,,,,,,,81.2,3,81.3,100,81.5,150,,,,,,,,,,,,,,
2026-07-14T00:00:39.304070+00:00,2026-07-14T00:00:39.300004,2,3,81.1,0.2,81.0,100,80.8,102,,,,,,,,,,,,,,,,,81.2,3,81.3,100,81.5,150,,,,,,,,,,,,,,
2026-07-14T00:00:39.736124+00:00,2026-07-14T00:00:39.734887,2,2,81.1,0.2,81.0,100,80.8,102,,,,,,,,,,,,,,,,,81.2,3,81.3,100,,,,,,,,,,,,,,,,
2026-07-14T00:00:39.746919+00:00,2026-07-14T00:00:39.737154,2,2,81.1,0.2,81.0,3,80.8,102,,,,,,,,,,,,,,,,,81.2,3,81.3,100,,,,,,,,,,,,,,,,
2026-07-14T00:00:39.800480+00:00,2026-07-14T00:00:39.789975,3,2,81.1,0.2,81.0,3,80.9,150,80.8,102,,,,,,,,,,,,,,,81.2,3,81.3,100,,,,,,,,,,,,,,,,
2026-07-14T00:00:39.843084+00:00,2026-07-14T00:00:39.841960,3,3,81.1,0.2,81.0,3,80.9,150,80.8,102,,,,,,,,,,,,,,,81.2,3,81.3,100,81.4,150,,,,,,,,,,,,,,
2026-07-14T00:00:40.315283+00:00,2026-07-14T00:00:40.313596,2,3,81.05,0.3,80.9,150,80.8,102,,,,,,,,,,,,,,,,,81.2,3,81.3,100,81.4,150,,,,,,,,,,,,,,
2026-07-14T00:00:40.325946+00:00,2026-07-14T00:00:40.323119,3,3,81.1,0.2,81.0,3,80.9,150,80.8,102,,,,,,,,,,,,,,,81.2,3,81.3,100,81.4,150,,,,,,,,,,,,,,
2026-07-14T00:00:41.037823+00:00,2026-07-14T00:00:41.035776,3,3,81.1,0.2,81.0,3,80.9,150,80.8,102,,,,,,,,,,,,,,,81.2,6,81.3,100,81.4,150,,,,,,,,,,,,,,
2026-07-14T00:00:41.113003+00:00,2026-07-14T00:00:41.111125,2,3,81.05,0.3,80.9,103,80.8,102,,,,,,,,,,,,,,,,,81.2,6,81.3,100,81.4,150,,,,,,,,,,,,,,
2026-07-14T00:00:41.349310+00:00,2026-07-14T00:00:41.347356,2,3,81.05,0.3,80.9,106,80.8,102,,,,,,,,,,,,,,,,,81.2,3,81.3,100,81.4,150,,,,,,,,,,,,,,
2026-07-14T00:00:41.360160+00:00,2026-07-14T00:00:41.349995,2,3,81.05,0.3,80.9,106,80.8,102,,,,,,,,,,,,,,,,,81.2,6,81.3,100,81.4,150,,,,,,,,,,,,,,
2026-07-14T00:00:42.244434+00:00,2026-07-14T00:00:42.242347,2,2,81.05,0.3,80.9,106,80.8,2,,,,,,,,,,,,,,,,,81.2,6,81.4,150,,,,,,,,,,,,,,,,
2026-07-14T00:00:42.297538+00:00,2026-07-14T00:00:42.295295,2,2,81.05,0.3,80.9,106,80.8,102,,,,,,,,,,,,,,,,,81.2,6,81.4,150,,,,,,,,,,,,,,,,
2026-07-14T00:00:42.361770+00:00,2026-07-14T00:00:42.353286,2,3,81.05,0.3,80.9,106,80.8,102,,,,,,,,,,,,,,,,,81.2,6,81.3,100,81.4,150,,,,,,,,,,,,,,
2026-07-14T00:00:42.372799+00:00,2026-07-14T00:00:42.371752,2,3,81.05,0.3,80.9,106,80.8,102,,,,,,,,,,,,,,,,,81.2,3,81.3,100,81.4,150,,,,,,,,,,,,,,
2026-07-14T00:00:42.383592+00:00,2026-07-14T00:00:42.374184,2,3,81.05,0.3,80.9,106,80.8,102,,,,,,,,,,,,,,,,,81.2,6,81.3,100,81.4,150,,,,,,,,,,,,,,
2026-07-14T00:00:42.905446+00:00,2026-07-14T00:00:42.895850,2,2,81.05,0.3,80.9,3,80.8,102,,,,,,,,,,,,,,,,,81.2,6,81.3,100,,,,,,,,,,,,,,,,
2026-07-14T00:00:42.958940+00:00,2026-07-14T00:00:42.948548,3,2,81.05,0.3,80.9,3,80.8,102,80.5,150,,,,,,,,,,,,,,,81.2,6,81.3,100,,,,,,,,,,,,,,,,
2026-07-14T00:00:43.012137+00:00,2026-07-14T00:00:43.001797,3,3,80.95,0.1,80.9,3,80.8,102,80.5,150,,,,,,,,,,,,,,,81.0,150,81.2,6,81.3,100,,,,,,,,,,,,,,
2026-07-14T00:00:43.226874+00:00,2026-07-14T00:00:43.221722,2,3,80.9,0.2,80.8,55,80.5,150,,,,,,,,,,,,,,,,,81.0,150,81.2,6,81.3,100,,,,,,,,,,,,,,
2026-07-14T00:00:43.248585+00:00,2026-07-14T00:00:43.246754,2,3,80.9,0.2,80.8,55,80.5,150,,,,,,,,,,,,,,,,,81.0,150,81.2,5,81.3,100,,,,,,,,,,,,,,
2026-07-14T00:00:43.302389+00:00,2026-07-14T00:00:43.292210,2,3,80.9,0.2,80.8,15,80.5,150,,,,,,,,,,,,,,,,,81.0,150,81.2,5,81.3,100,,,,,,,,,,,,,,
2026-07-14T00:00:43.378004+00:00,2026-07-14T00:00:43.372544,2,3,80.9,0.2,80.8,14,80.5,150,,,,,,,,,,,,,,,,,81.0,150,81.2,5,81.3,100,,,,,,,,,,,,,,
2026-07-14T00:00:43.399611+00:00,2026-07-14T00:00:43.397636,2,3,80.9,0.2,80.8,17,80.5,150,,,,,,,,,,,,,,,,,81.0,153,81.2,2,81.3,100,,,,,,,,,,,,,,
2026-07-14T00:00:43.472404+00:00,2026-07-14T00:00:43.471483,2,3,80.9,0.2,80.8,17,80.5,150,,,,,,,,,,,,,,,,,81.0,150,81.2,2,81.3,100,,,,,,,,,,,,,,
2026-07-14T00:00:44.300175+00:00,2026-07-14T00:00:44.289931,3,3,80.95,0.1,80.9,4,80.8,17,80.5,150,,,,,,,,,,,,,,,81.0,150,81.2,2,81.3,100,,,,,,,,,,,,,,
2026-07-14T00:00:44.420616+00:00,2026-07-14T00:00:44.418868,3,3,80.95,0.1,80.9,4,80.8,14,80.5,150,,,,,,,,,,,,,,,81.0,150,81.2,2,81.3,100,,,,,,,,,,,,,,
2026-07-14T00:00:44.431634+00:00,2026-07-14T00:00:44.427828,3,3,80.95,0.1,80.9,7,80.8,14,80.5,150,,,,,,,,,,,,,,,81.0,150,81.2,2,81.3,100,,,,,,,,,,,,,,
2026-07-14T00:00:45.006894+00:00,2026-07-14T00:00:45.005021,3,3,80.95,0.1,80.9,7,80.8,14,80.5,150,,,,,,,,,,,,,,,81.0,150,81.2,1,81.3,100,,,,,,,,,,,,,,
2026-07-14T00:00:45.416109+00:00,2026-07-14T00:00:45.408872,2,2,80.95,0.1,80.9,7,80.5,150,,,,,,,,,,,,,,,,,81.0,150,81.2,1,,,,,,,,,,,,,,,,
2026-07-14T00:00:45.459385+00:00,2026-07-14T00:00:45.458843,2,2,80.95,0.1,80.9,4,80.5,150,,,,,,,,,,,,,,,,,81.0,150,81.2,1,,,,,,,,,,,,,,,,
2026-07-14T00:00:45.470307+00:00,2026-07-14T00:00:45.467536,3,2,80.95,0.1,80.9,7,80.6,100,80.5,150,,,,,,,,,,,,,,,81.0,150,81.2,1,,,,,,,,,,,,,,,,
2026-07-14T00:00:45.524808+00:00,2026-07-14T00:00:45.516022,3,3,80.95,0.1,80.9,7,80.6,100,80.5,150,,,,,,,,,,,,,,,81.0,150,81.1,100,81.2,1,,,,,,,,,,,,,,
2026-07-14T00:00:46.059399+00:00,2026-07-14T00:00:46.058142,2,3,80.95,0.1,80.9,7,80.6,100,,,,,,,,,,,,,,,,,81.0,3,81.1,100,81.2,1,,,,,,,,,,,,,,
2026-07-14T00:00:46.116048+00:00,2026-07-14T00:00:46.112217,2,3,80.95,0.1,80.9,7,80.6,250,,,,,,,,,,,,,,,,,81.0,3,81.1,100,81.2,1,,,,,,,,,,,,,,
2026-07-14T00:00:46.153431+00:00,2026-07-14T00:00:46.142792,2,2,80.95,0.1,80.9,7,80.6,250,,,,,,,,,,,,,,,,,81.0,3,81.1,100,,,,,,,,,,,,,,,,
2026-07-14T00:00:46.175242+00:00,2026-07-14T00:00:46.166215,2,2,80.95,0.1,80.9,7,80.6,250,,,,,,,,,,,,,,,,,81.0,3,81.1,250,,,,,,,,,,,,,,,,
2026-07-14T00:00:46.274549+00:00,2026-07-14T00:00:46.272266,2,1,81.0,0.2,80.9,7,80.6,250,,,,,,,,,,,,,,,,,81.1,250,,,,,,,,,,,,,,,,,,
2026-07-14T00:00:46.484277+00:00,2026-07-14T00:00:46.482935,2,1,81.0,0.2,80.9,4,80.6,250,,,,,,,,,,,,,,,,,81.1,250,,,,,,,,,,,,,,,,,,
2026-07-14T00:00:46.495270+00:00,2026-07-14T00:00:46.488042,2,1,81.0,0.2,80.9,7,80.6,250,,,,,,,,,,,,,,,,,81.1,253,,,,,,,,,,,,,,,,,,
2026-07-14T00:00:46.967910+00:00,2026-07-14T00:00:46.962083,2,1,81.0,0.2,80.9,7,80.6,250,,,,,,,,,,,,,,,,,81.1,251,,,,,,,,,,,,,,,,,,
2026-07-14T00:00:47.405887+00:00,2026-07-14T00:00:47.395676,2,1,81.0,0.2,80.9,7,80.6,250,,,,,,,,,,,,,,,,,81.1,201,,,,,,,,,,,,,,,,,,
2026-07-14T00:00:47.493820+00:00,2026-07-14T00:00:47.486115,2,1,81.0,0.2,80.9,7,80.6,250,,,,,,,,,,,,,,,,,81.1,179,,,,,,,,,,,,,,,,,,
2026-07-14T00:00:47.505013+00:00,2026-07-14T00:00:47.503325,2,1,81.0,0.2,80.9,4,80.6,250,,,,,,,,,,,,,,,,,81.1,176,,,,,,,,,,,,,,,,,,
2026-07-14T00:00:47.516150+00:00,2026-07-14T00:00:47.509360,2,1,81.0,0.2,80.9,7,80.6,250,,,,,,,,,,,,,,,,,81.1,179,,,,,,,,,,,,,,,,,,
2026-07-14T00:00:47.984859+00:00,2026-07-14T00:00:47.980722,2,1,81.0,0.2,80.9,7,80.6,250,,,,,,,,,,,,,,,,,81.1,180,,,,,,,,,,,,,,,,,,
2026-07-14T00:00:48.212244+00:00,2026-07-14T00:00:48.210075,2,1,81.0,0.2,80.9,7,80.6,250,,,,,,,,,,,,,,,,,81.1,178,,,,,,,,,,,,,,,,,,
2026-07-14T00:00:48.504219+00:00,2026-07-14T00:00:48.499369,2,1,81.0,0.2,80.9,7,80.6,250,,,,,,,,,,,,,,,,,81.1,177,,,,,,,,,,,,,,,,,,
2026-07-14T00:00:48.537763+00:00,2026-07-14T00:00:48.534483,2,1,81.0,0.2,80.9,7,80.6,250,,,,,,,,,,,,,,,,,81.1,177,,,,,,,,,,,,,,,,,,
2026-07-14T00:00:48.570982+00:00,2026-07-14T00:00:48.569930,2,1,81.0,0.2,80.9,7,80.6,250,,,,,,,,,,,,,,,,,81.1,154,,,,,,,,,,,,,,,,,,
2026-07-14T00:00:48.582061+00:00,2026-07-14T00:00:48.571428,2,1,81.0,0.2,80.9,7,80.6,150,,,,,,,,,,,,,,,,,81.1,154,,,,,,,,,,,,,,,,,,
2026-07-14T00:00:48.636813+00:00,2026-07-14T00:00:48.626123,2,1,81.0,0.2,80.9,7,80.6,150,,,,,,,,,,,,,,,,,81.1,54,,,,,,,,,,,,,,,,,,
2026-07-14T00:00:48.683355+00:00,2026-07-14T00:00:48.678250,2,2,81.0,0.2,80.9,7,80.6,150,,,,,,,,,,,,,,,,,81.1,54,81.6,100,,,,,,,,,,,,,,,,
2026-07-14T00:00:49.232457+00:00,2026-07-14T00:00:49.223568,1,2,81.0,0.2,80.9,7,,,,,,,,,,,,,,,,,,,81.1,4,81.6,100,,,,,,,,,,,,,,,,
2026-07-14T00:00:49.287328+00:00,2026-07-14T00:00:49.279976,2,1,81.35,0.5,81.1,146,80.9,7,,,,,,,,,,,,,,,,,81.6,100,,,,,,,,,,,,,,,,,,
2026-07-14T00:00:49.352989+00:00,2026-07-14T00:00:49.345285,2,1,81.35,0.5,81.1,146,80.9,7,,,,,,,,,,,,,,,,,81.6,250,,,,,,,,,,,,,,,,,,
2026-07-14T00:00:49.510435+00:00,2026-07-14T00:00:49.503434,2,1,81.35,0.5,81.1,146,80.9,7,,,,,,,,,,,,,,,,,81.6,200,,,,,,,,,,,,,,,,,,
2026-07-14T00:00:49.554446+00:00,2026-07-14T00:00:49.553127,2,1,81.35,0.5,81.1,149,80.9,4,,,,,,,,,,,,,,,,,81.6,203,,,,,,,,,,,,,,,,,,
2026-07-14T00:00:50.577808+00:00,2026-07-14T00:00:50.574960,2,1,81.35,0.5,81.1,149,80.9,4,,,,,,,,,,,,,,,,,81.6,203,,,,,,,,,,,,,,,,,,
2026-07-14T00:00:51.599042+00:00,2026-07-14T00:00:51.596620,2,1,81.35,0.5,81.1,146,80.9,4,,,,,,,,,,,,,,,,,81.6,200,,,,,,,,,,,,,,,,,,
2026-07-14T00:00:51.609977+00:00,2026-07-14T00:00:51.601756,2,1,81.35,0.5,81.1,149,80.9,4,,,,,,,,,,,,,,,,,81.6,203,,,,,,,,,,,,,,,,,,
2026-07-14T00:00:51.739093+00:00,2026-07-14T00:00:51.730723,2,1,81.35,0.5,81.1,149,80.9,4,,,,,,,,,,,,,,,,,81.6,153,,,,,,,,,,,,,,,,,,
2026-07-14T00:00:51.793011+00:00,2026-07-14T00:00:51.792023,3,1,81.35,0.5,81.1,149,80.9,4,80.7,100,,,,,,,,,,,,,,,81.6,153,,,,,,,,,,,,,,,,,,
2026-07-14T00:00:51.847306+00:00,2026-07-14T00:00:51.844425,3,2,81.15,0.1,81.1,149,80.9,4,80.7,100,,,,,,,,,,,,,,,81.2,100,81.6,153,,,,,,,,,,,,,,,,
2026-07-14T00:00:52.029834+00:00,2026-07-14T00:00:52.027550,3,2,81.15,0.1,81.1,149,80.9,2,80.7,100,,,,,,,,,,,,,,,81.2,100,81.6,153,,,,,,,,,,,,,,,,
2026-07-14T00:00:52.403640+00:00,2026-07-14T00:00:52.399371,3,2,81.15,0.1,81.1,3,80.9,2,80.7,100,,,,,,,,,,,,,,,81.2,100,81.6,3,,,,,,,,,,,,,,,,
2026-07-14T00:00:52.457446+00:00,2026-07-14T00:00:52.454054,3,2,81.15,0.1,81.1,153,80.9,2,80.7,100,,,,,,,,,,,,,,,81.2,100,81.6,3,,,,,,,,,,,,,,,,
2026-07-14T00:00:52.511679+00:00,2026-07-14T00:00:52.506427,3,2,81.15,0.1,81.1,153,80.9,2,80.7,100,,,,,,,,,,,,,,,81.2,100,81.6,153,,,,,,,,,,,,,,,,
2026-07-14T00:00:52.631406+00:00,2026-07-14T00:00:52.626968,3,2,81.15,0.1,81.1,150,80.9,2,80.7,100,,,,,,,,,,,,,,,81.2,100,81.6,153,,,,,,,,,,,,,,,,
2026-07-14T00:00:52.642271+00:00,2026-07-14T00:00:52.639777,3,2,81.15,0.1,81.1,153,80.9,2,80.7,100,,,,,,,,,,,,,,,81.2,103,81.6,150,,,,,,,,,,,,,,,,
2026-07-14T00:00:53.397879+00:00,2026-07-14T00:00:53.387401,3,2,81.15,0.1,81.1,153,80.9,2,80.7,100,,,,,,,,,,,,,,,81.2,56,81.6,150,,,,,,,,,,,,,,,,
2026-07-14T00:00:53.646475+00:00,2026-07-14T00:00:53.637306,3,2,81.15,0.1,81.1,153,80.9,2,80.7,100,,,,,,,,,,,,,,,81.2,55,81.6,150,,,,,,,,,,,,,,,,
2026-07-14T00:00:53.668431+00:00,2026-07-14T00:00:53.666550,3,2,81.15,0.1,81.1,153,80.9,2,80.7,100,,,,,,,,,,,,,,,81.2,55,81.6,150,,,,,,,,,,,,,,,,
2026-07-14T00:00:53.716627+00:00,2026-07-14T00:00:53.712189,3,2,81.15,0.1,81.1,153,80.9,2,80.7,100,,,,,,,,,,,,,,,81.2,5,81.6,150,,,,,,,,,,,,,,,,
2026-07-14T00:00:54.125223+00:00,2026-07-14T00:00:54.117019,3,2,81.15,0.1,81.1,153,80.9,1,80.7,100,,,,,,,,,,,,,,,81.2,5,81.6,150,,,,,,,,,,,,,,,,
2026-07-14T00:00:54.463155+00:00,2026-07-14T00:00:54.455123,3,2,81.15,0.1,81.1,153,80.9,1,80.7,100,,,,,,,,,,,,,,,81.2,3,81.6,150,,,,,,,,,,,,,,,,
2026-07-14T00:00:54.689193+00:00,2026-07-14T00:00:54.685555,3,1,81.35,0.5,81.1,153,80.9,1,80.7,100,,,,,,,,,,,,,,,81.6,150,,,,,,,,,,,,,,,,,,
2026-07-14T00:00:54.699959+00:00,2026-07-14T00:00:54.689738,3,2,81.15,0.1,81.1,153,80.9,1,80.7,100,,,,,,,,,,,,,,,81.2,3,81.6,150,,,,,,,,,,,,,,,,
2026-07-14T00:00:54.903951+00:00,2026-07-14T00:00:54.900040,2,2,81.15,0.1,81.1,153,80.9,1,,,,,,,,,,,,,,,,,81.2,3,81.6,150,,,,,,,,,,,,,,,,
2026-07-14T00:00:54.957783+00:00,2026-07-14T00:00:54.952498,2,2,81.15,0.1,81.1,253,80.9,1,,,,,,,,,,,,,,,,,81.2,3,81.6,150,,,,,,,,,,,,,,,,
2026-07-14T00:00:54.968622+00:00,2026-07-14T00:00:54.963138,2,1,81.35,0.5,81.1,253,80.9,1,,,,,,,,,,,,,,,,,81.6,150,,,,,,,,,,,,,,,,,,
2026-07-14T00:00:55.011491+00:00,2026-07-14T00:00:55.004792,2,1,81.35,0.5,81.1,253,80.9,1,,,,,,,,,,,,,,,,,81.6,250,,,,,,,,,,,,,,,,,,
2026-07-14T00:00:55.183100+00:00,2026-07-14T00:00:55.172602,2,1,81.35,0.5,81.1,253,80.9,1,,,,,,,,,,,,,,,,,81.6,158,,,,,,,,,,,,,,,,,,
2026-07-14T00:00:55.312695+00:00,2026-07-14T00:00:55.310046,2,1,81.35,0.5,81.1,178,80.9,1,,,,,,,,,,,,,,,,,81.6,158,,,,,,,,,,,,,,,,,,
2026-07-14T00:00:55.560594+00:00,2026-07-14T00:00:55.559777,2,1,81.35,0.5,81.1,178,80.9,1,,,,,,,,,,,,,,,,,81.6,100,,,,,,,,,,,,,,,,,,
2026-07-14T00:00:55.571375+00:00,2026-07-14T00:00:55.561780,2,1,81.35,0.5,81.1,103,80.9,1,,,,,,,,,,,,,,,,,81.6,100,,,,,,,,,,,,,,,,,,
2026-07-14T00:00:55.625647+00:00,2026-07-14T00:00:55.618989,3,1,81.4,0.4,81.2,150,81.1,103,80.9,1,,,,,,,,,,,,,,,81.6,100,,,,,,,,,,,,,,,,,,
2026-07-14T00:00:55.679476+00:00,2026-07-14T00:00:55.671930,3,2,81.4,0.4,81.2,150,81.1,103,80.9,1,,,,,,,,,,,,,,,81.6,100,81.7,150,,,,,,,,,,,,,,,,
2026-07-14T00:00:55.711744+00:00,2026-07-14T00:00:55.707122,3,2,81.4,0.4,81.2,154,81.1,100,80.9,1,,,,,,,,,,,,,,,81.6,104,81.7,150,,,,,,,,,,,,,,,,
2026-07-14T00:00:55.871463+00:00,2026-07-14T00:00:55.869702,3,2,81.4,0.4,81.2,104,81.1,100,80.9,1,,,,,,,,,,,,,,,81.6,104,81.7,150,,,,,,,,,,,,,,,,
2026-07-14T00:00:56.311077+00:00,2026-07-14T00:00:56.304988,3,2,81.4,0.4,81.2,57,81.1,100,80.9,1,,,,,,,,,,,,,,,81.6,104,81.7,150,,,,,,,,,,,,,,,,
2026-07-14T00:00:56.722478+00:00,2026-07-14T00:00:56.720107,3,2,81.4,0.4,81.2,53,81.1,100,80.9,1,,,,,,,,,,,,,,,81.6,104,81.7,150,,,,,,,,,,,,,,,,
2026-07-14T00:00:56.733274+00:00,2026-07-14T00:00:56.728093,3,2,81.4,0.4,81.2,57,81.1,100,80.9,1,,,,,,,,,,,,,,,81.6,104,81.7,150,,,,,,,,,,,,,,,,
2026-07-14T00:00:57.755662+00:00,2026-07-14T00:00:57.753630,3,2,81.4,0.4,81.2,57,81.1,100,80.9,1,,,,,,,,,,,,,,,81.6,104,81.7,150,,,,,,,,,,,,,,,,
2026-07-14T00:00:57.875787+00:00,2026-07-14T00:00:57.871461,3,2,81.4,0.4,81.2,57,81.1,100,80.9,1,,,,,,,,,,,,,,,81.6,55,81.7,150,,,,,,,,,,,,,,,,
2026-07-14T00:00:57.985202+00:00,2026-07-14T00:00:57.976234,3,2,81.4,0.4,81.2,7,81.1,100,80.9,1,,,,,,,,,,,,,,,81.6,55,81.7,150,,,,,,,,,,,,,,,,
2026-07-14T00:00:58.060457+00:00,2026-07-14T00:00:58.058300,3,2,81.4,0.4,81.2,7,81.1,100,80.9,1,,,,,,,,,,,,,,,81.6,4,81.7,150,,,,,,,,,,,,,,,,
2026-07-14T00:00:58.071213+00:00,2026-07-14T00:00:58.060744,2,2,81.4,0.4,81.2,7,80.9,1,,,,,,,,,,,,,,,,,81.6,4,81.7,150,,,,,,,,,,,,,,,,
2026-07-14T00:00:58.125074+00:00,2026-07-14T00:00:58.114384,3,1,81.65,0.1,81.6,96,81.2,7,80.9,1,,,,,,,,,,,,,,,81.7,150,,,,,,,,,,,,,,,,,,
2026-07-14T00:00:58.168855+00:00,2026-07-14T00:00:58.166468,3,2,81.65,0.1,81.6,96,81.2,7,80.9,1,,,,,,,,,,,,,,,81.7,150,82.1,100,,,,,,,,,,,,,,,,
2026-07-14T00:00:58.728925+00:00,2026-07-14T00:00:58.726829,3,1,81.85,0.5,81.6,96,81.2,7,80.9,1,,,,,,,,,,,,,,,82.1,100,,,,,,,,,,,,,,,,,,
2026-07-14T00:00:58.739668+00:00,2026-07-14T00:00:58.729217,3,1,81.85,0.5,81.6,96,81.2,4,80.9,1,,,,,,,,,,,,,,,82.1,100,,,,,,,,,,,,,,,,,,
2026-07-14T00:00:58.771821+00:00,2026-07-14T00:00:58.770084,2,1,81.85,0.5,81.6,95,80.9,1,,,,,,,,,,,,,,,,,82.1,100,,,,,,,,,,,,,,,,,,
2026-07-14T00:00:58.782566+00:00,2026-07-14T00:00:58.781455,2,1,81.85,0.5,81.6,99,80.9,151,,,,,,,,,,,,,,,,,82.1,104,,,,,,,,,,,,,,,,,,
2026-07-14T00:00:58.846769+00:00,2026-07-14T00:00:58.837111,1,2,81.15,0.5,80.9,151,,,,,,,,,,,,,,,,,,,81.4,51,82.1,104,,,,,,,,,,,,,,,,
2026-07-14T00:00:58.932665+00:00,2026-07-14T00:00:58.927992,1,1,81.5,1.2,80.9,151,,,,,,,,,,,,,,,,,,,82.1,104,,,,,,,,,,,,,,,,,,
2026-07-14T00:00:59.792127+00:00,2026-07-14T00:00:59.790034,1,1,81.5,1.2,80.9,151,,,,,,,,,,,,,,,,,,,82.1,100,,,,,,,,,,,,,,,,,,
2026-07-14T00:00:59.802855+00:00,2026-07-14T00:00:59.798850,1,1,81.5,1.2,80.9,154,,,,,,,,,,,,,,,,,,,82.1,104,,,,,,,,,,,,,,,,,,
2026-07-14T00:01:00.161298+00:00,2026-07-14T00:01:00.155519,2,1,81.6,1.0,81.1,6,80.9,154,,,,,,,,,,,,,,,,,82.1,104,,,,,,,,,,,,,,,,,,
2026-07-14T00:01:00.204603+00:00,2026-07-14T00:01:00.199046,2,1,81.6,1.0,81.1,5,80.9,154,,,,,,,,,,,,,,,,,82.1,104,,,,,,,,,,,,,,,,,,
2026-07-14T00:01:00.813343+00:00,2026-07-14T00:01:00.812648,2,1,81.6,1.0,81.1,5,80.9,150,,,,,,,,,,,,,,,,,82.1,104,,,,,,,,,,,,,,,,,,
2026-07-14T00:01:00.824082+00:00,2026-07-14T00:01:00.821562,2,1,81.6,1.0,81.1,9,80.9,150,,,,,,,,,,,,,,,,,82.1,100,,,,,,,,,,,,,,,,,,
2026-07-14T00:01:00.834863+00:00,2026-07-14T00:01:00.825476,2,1,81.6,1.0,81.1,9,80.9,150,,,,,,,,,,,,,,,,,82.1,104,,,,,,,,,,,,,,,,,,
2026-07-14T00:01:01.230848+00:00,2026-07-14T00:01:01.225412,2,1,81.6,1.0,81.1,7,80.9,150,,,,,,,,,,,,,,,,,82.1,4,,,,,,,,,,,,,,,,,,
2026-07-14T00:01:01.284542+00:00,2026-07-14T00:01:01.274198,3,1,81.65,0.9,81.2,100,81.1,7,80.9,150,,,,,,,,,,,,,,,82.1,4,,,,,,,,,,,,,,,,,,
2026-07-14T00:01:01.337661+00:00,2026-07-14T00:01:01.327339,3,2,81.45,0.5,81.2,100,81.1,7,80.9,150,,,,,,,,,,,,,,,81.7,100,82.1,4,,,,,,,,,,,,,,,,
2026-07-14T00:01:01.573633+00:00,2026-07-14T00:01:01.569208,3,2,81.45,0.5,81.2,100,81.1,6,80.9,150,,,,,,,,,,,,,,,81.7,100,82.1,4,,,,,,,,,,,,,,,,
2026-07-14T00:01:01.840862+00:00,2026-07-14T00:01:01.840174,3,2,81.45,0.5,81.2,100,81.1,2,80.9,150,,,,,,,,,,,,,,,81.7,100,82.1,4,,,,,,,,,,,,,,,,
2026-07-14T00:01:01.851553+00:00,2026-07-14T00:01:01.850013,3,1,81.45,0.5,81.2,104,81.1,2,80.9,150,,,,,,,,,,,,,,,81.7,104,,,,,,,,,,,,,,,,,,
2026-07-14T00:01:01.894373+00:00,2026-07-14T00:01:01.889480,2,1,81.45,0.5,81.2,104,81.1,2,,,,,,,,,,,,,,,,,81.7,104,,,,,,,,,,,,,,,,,,
2026-07-14T00:01:01.947534+00:00,2026-07-14T00:01:01.943939,3,1,81.6,0.2,81.5,150,81.2,104,81.1,2,,,,,,,,,,,,,,,81.7,104,,,,,,,,,,,,,,,,,,
2026-07-14T00:01:02.000591+00:00,2026-07-14T00:01:01.996268,3,2,81.6,0.2,81.5,150,81.2,104,81.1,2,,,,,,,,,,,,,,,81.7,104,82.0,150,,,,,,,,,,,,,,,,
2026-07-14T00:01:02.075770+00:00,2026-07-14T00:01:02.069974,3,2,81.6,0.2,81.5,150,81.2,104,81.1,2,,,,,,,,,,,,,,,81.7,58,82.0,150,,,,,,,,,,,,,,,,
2026-07-14T00:01:02.194778+00:00,2026-07-14T00:01:02.186655,3,2,81.6,0.2,81.5,100,81.2,104,81.1,2,,,,,,,,,,,,,,,81.7,58,82.0,150,,,,,,,,,,,,,,,,
2026-07-14T00:01:02.870350+00:00,2026-07-14T00:01:02.867191,3,2,81.6,0.2,81.5,100,81.2,100,81.1,2,,,,,,,,,,,,,,,81.7,54,82.0,150,,,,,,,,,,,,,,,,
2026-07-14T00:01:02.881145+00:00,2026-07-14T00:01:02.872759,3,2,81.6,0.2,81.5,104,81.2,100,81.1,2,,,,,,,,,,,,,,,81.7,58,82.0,150,,,,,,,,,,,,,,,,
2026-07-14T00:01:03.923370+00:00,2026-07-14T00:01:03.922318,3,2,81.6,0.2,81.5,104,81.2,100,81.1,2,,,,,,,,,,,,,,,81.7,54,82.0,150,,,,,,,,,,,,,,,,
2026-07-14T00:01:03.934269+00:00,2026-07-14T00:01:03.925053,3,2,81.6,0.2,81.5,104,81.2,100,81.1,2,,,,,,,,,,,,,,,81.7,58,82.0,150,,,,,,,,,,,,,,,,
2026-07-14T00:01:04.299719+00:00,2026-07-14T00:01:04.292094,3,2,81.6,0.2,81.5,54,81.2,100,81.1,2,,,,,,,,,,,,,,,81.7,58,82.0,150,,,,,,,,,,,,,,,,
2026-07-14T00:01:04.387395+00:00,2026-07-14T00:01:04.382093,2,2,81.6,0.2,81.5,54,81.1,2,,,,,,,,,,,,,,,,,81.7,4,82.0,150,,,,,,,,,,,,,,,,
2026-07-14T00:01:04.461482+00:00,2026-07-14T00:01:04.451329,3,2,81.6,0.2,81.5,51,81.3,100,81.1,2,,,,,,,,,,,,,,,81.7,4,82.0,150,,,,,,,,,,,,,,,,
2026-07-14T00:01:04.516968+00:00,2026-07-14T00:01:04.507766,3,3,81.6,0.2,81.5,51,81.3,100,81.1,2,,,,,,,,,,,,,,,81.7,4,81.8,100,82.0,150,,,,,,,,,,,,,,
2026-07-14T00:01:04.549926+00:00,2026-07-14T00:01:04.546230,3,3,81.6,0.2,81.5,50,81.3,100,81.1,2,,,,,,,,,,,,,,,81.7,4,81.8,100,82.0,150,,,,,,,,,,,,,,
2026-07-14T00:01:04.946582+00:00,2026-07-14T00:01:04.943662,3,2,81.65,0.3,81.5,46,81.3,100,81.1,2,,,,,,,,,,,,,,,81.8,100,82.0,150,,,,,,,,,,,,,,,,
2026-07-14T00:01:04.957367+00:00,2026-07-14T00:01:04.954772,3,3,81.6,0.2,81.5,25,81.3,100,81.1,2,,,,,,,,,,,,,,,81.7,4,81.8,100,82.0,150,,,,,,,,,,,,,,
2026-07-14T00:01:05.054191+00:00,2026-07-14T00:01:05.050482,3,2,81.6,0.2,81.5,4,81.3,100,81.1,2,,,,,,,,,,,,,,,81.7,4,81.8,100,,,,,,,,,,,,,,,,
2026-07-14T00:01:05.108278+00:00,2026-07-14T00:01:05.103301,4,2,81.6,0.2,81.5,4,81.3,100,81.1,2,80.8,150,,,,,,,,,,,,,81.7,4,81.8,100,,,,,,,,,,,,,,,,
2026-07-14T00:01:05.163636+00:00,2026-07-14T00:01:05.162273,2,3,81.2,0.2,81.1,2,80.8,150,,,,,,,,,,,,,,,,,81.3,43,81.7,4,81.8,100,,,,,,,,,,,,,,
2026-07-14T00:01:05.769615+00:00,2026-07-14T00:01:05.764524,2,2,81.4,0.6,81.1,2,80.8,150,,,,,,,,,,,,,,,,,81.7,4,81.8,100,,,,,,,,,,,,,,,,
2026-07-14T00:01:05.962328+00:00,2026-07-14T00:01:05.961651,2,1,81.45,0.7,81.1,2,80.8,150,,,,,,,,,,,,,,,,,81.8,100,,,,,,,,,,,,,,,,,,
2026-07-14T00:01:05.973169+00:00,2026-07-14T00:01:05.967240,2,2,81.4,0.6,81.1,5,80.8,150,,,,,,,,,,,,,,,,,81.7,3,81.8,100,,,,,,,,,,,,,,,,
2026-07-14T00:01:05.983940+00:00,2026-07-14T00:01:05.978620,1,2,81.25,0.9,80.8,114,,,,,,,,,,,,,,,,,,,81.7,3,81.8,100,,,,,,,,,,,,,,,,
2026-07-14T00:01:06.154803+00:00,2026-07-14T00:01:06.147439,2,2,81.45,0.5,81.2,5,80.8,114,,,,,,,,,,,,,,,,,81.7,3,81.8,100,,,,,,,,,,,,,,,,
2026-07-14T00:01:06.402850+00:00,2026-07-14T00:01:06.399222,1,2,81.25,0.9,80.8,69,,,,,,,,,,,,,,,,,,,81.7,3,81.8,100,,,,,,,,,,,,,,,,
2026-07-14T00:01:06.478185+00:00,2026-07-14T00:01:06.474126,2,2,81.45,0.5,81.2,5,80.8,69,,,,,,,,,,,,,,,,,81.7,3,81.8,100,,,,,,,,,,,,,,,,
2026-07-14T00:01:06.994241+00:00,2026-07-14T00:01:06.990470,2,1,81.5,0.6,81.2,8,80.8,69,,,,,,,,,,,,,,,,,81.8,100,,,,,,,,,,,,,,,,,,
2026-07-14T00:01:07.005019+00:00,2026-07-14T00:01:06.994525,2,2,81.45,0.5,81.2,8,80.8,69,,,,,,,,,,,,,,,,,81.7,3,81.8,100,,,,,,,,,,,,,,,,
2026-07-14T00:01:07.075299+00:00,2026-07-14T00:01:07.071746,1,2,81.25,0.9,80.8,69,,,,,,,,,,,,,,,,,,,81.7,3,81.8,100,,,,,,,,,,,,,,,,
2026-07-14T00:01:07.535089+00:00,2026-07-14T00:01:07.530076,1,1,81.3,1.0,80.8,69,,,,,,,,,,,,,,,,,,,81.8,100,,,,,,,,,,,,,,,,,,
2026-07-14T00:01:07.567250+00:00,2026-07-14T00:01:07.562508,1,0,,,80.8,69,,,,,,,,,,,,,,,,,,,,,,,,,,,,,,,,,,,,,,
2026-07-14T00:01:07.620888+00:00,2026-07-14T00:01:07.615859,2,0,,,81.0,100,80.8,69,,,,,,,,,,,,,,,,,,,,,,,,,,,,,,,,,,,,
2026-07-14T00:01:07.674575+00:00,2026-07-14T00:01:07.668585,2,1,81.25,0.5,81.0,100,80.8,69,,,,,,,,,,,,,,,,,81.5,100,,,,,,,,,,,,,,,,,,
2026-07-14T00:01:08.019708+00:00,2026-07-14T00:01:08.012150,2,1,81.25,0.5,81.0,103,80.8,69,,,,,,,,,,,,,,,,,81.5,103,,,,,,,,,,,,,,,,,,
2026-07-14T00:01:08.213914+00:00,2026-07-14T00:01:08.211141,1,1,81.25,0.5,81.0,103,,,,,,,,,,,,,,,,,,,81.5,103,,,,,,,,,,,,,,,,,,
2026-07-14T00:01:08.267782+00:00,2026-07-14T00:01:08.265050,2,1,81.35,0.3,81.2,150,81.0,103,,,,,,,,,,,,,,,,,81.5,103,,,,,,,,,,,,,,,,,,
2026-07-14T00:01:08.321748+00:00,2026-07-14T00:01:08.318414,2,2,81.35,0.3,81.2,150,81.0,103,,,,,,,,,,,,,,,,,81.5,103,81.7,150,,,,,,,,,,,,,,,,
2026-07-14T00:01:08.514931+00:00,2026-07-14T00:01:08.509679,2,2,81.35,0.3,81.2,100,81.0,103,,,,,,,,,,,,,,,,,81.5,103,81.7,150,,,,,,,,,,,,,,,,
2026-07-14T00:01:08.579594+00:00,2026-07-14T00:01:08.576994,2,2,81.35,0.3,81.2,52,81.0,103,,,,,,,,,,,,,,,,,81.5,103,81.7,150,,,,,,,,,,,,,,,,
2026-07-14T00:01:09.029766+00:00,2026-07-14T00:01:09.022950,2,2,81.35,0.3,81.2,51,81.0,103,,,,,,,,,,,,,,,,,81.5,103,81.7,150,,,,,,,,,,,,,,,,
2026-07-14T00:01:09.040545+00:00,2026-07-14T00:01:09.038173,2,2,81.35,0.3,81.2,54,81.0,100,,,,,,,,,,,,,,,,,81.5,100,81.7,150,,,,,,,,,,,,,,,,
2026-07-14T00:01:09.051387+00:00,2026-07-14T00:01:09.040816,2,2,81.35,0.3,81.2,54,81.0,100,,,,,,,,,,,,,,,,,81.5,103,81.7,150,,,,,,,,,,,,,,,,
2026-07-14T00:01:10.059343+00:00,2026-07-14T00:01:10.056534,2,2,81.35,0.3,81.2,51,81.0,100,,,,,,,,,,,,,,,,,81.5,100,81.7,150,,,,,,,,,,,,,,,,
2026-07-14T00:01:10.070194+00:00,2026-07-14T00:01:10.063885,2,2,81.35,0.3,81.2,54,81.0,100,,,,,,,,,,,,,,,,,81.5,103,81.7,150,,,,,,,,,,,,,,,,
2026-07-14T00:01:10.560458+00:00,2026-07-14T00:01:10.553544,2,2,81.35,0.3,81.2,59,81.0,100,,,,,,,,,,,,,,,,,81.5,103,81.7,150,,,,,,,,,,,,,,,,
2026-07-14T00:01:10.571320+00:00,2026-07-14T00:01:10.564224,2,2,81.35,0.3,81.2,59,81.0,100,,,,,,,,,,,,,,,,,81.5,53,81.7,150,,,,,,,,,,,,,,,,
2026-07-14T00:01:10.727722+00:00,2026-07-14T00:01:10.723922,1,2,81.35,0.3,81.2,59,,,,,,,,,,,,,,,,,,,81.5,3,81.7,150,,,,,,,,,,,,,,,,
2026-07-14T00:01:10.781622+00:00,2026-07-14T00:01:10.776457,2,2,81.4,0.2,81.3,100,81.2,59,,,,,,,,,,,,,,,,,81.5,3,81.7,150,,,,,,,,,,,,,,,,
2026-07-14T00:01:10.836100+00:00,2026-07-14T00:01:10.828156,2,3,81.4,0.2,81.3,100,81.2,59,,,,,,,,,,,,,,,,,81.5,3,81.7,150,81.8,100,,,,,,,,,,,,,,
2026-07-14T00:01:11.084326+00:00,2026-07-14T00:01:11.081617,2,3,81.4,0.2,81.3,100,81.2,56,,,,,,,,,,,,,,,,,81.5,3,81.7,150,81.8,100,,,,,,,,,,,,,,
2026-07-14T00:01:11.095144+00:00,2026-07-14T00:01:11.090476,2,3,81.4,0.2,81.3,103,81.2,56,,,,,,,,,,,,,,,,,81.5,3,81.7,150,81.8,100,,,,,,,,,,,,,,
2026-07-14T00:01:11.374687+00:00,2026-07-14T00:01:11.373818,2,2,81.4,0.2,81.3,103,81.2,56,,,,,,,,,,,,,,,,,81.5,3,81.8,100,,,,,,,,,,,,,,,,
2026-07-14T00:01:11.385570+00:00,2026-07-14T00:01:11.375022,2,2,81.4,0.2,81.3,103,81.2,5,,,,,,,,,,,,,,,,,81.5,3,81.8,100,,,,,,,,,,,,,,,,
2026-07-14T00:01:11.428336+00:00,2026-07-14T00:01:11.427174,3,2,81.4,0.2,81.3,103,81.2,5,80.9,150,,,,,,,,,,,,,,,81.5,3,81.8,100,,,,,,,,,,,,,,,,
2026-07-14T00:01:11.482171+00:00,2026-07-14T00:01:11.480044,3,3,81.35,0.1,81.3,103,81.2,5,80.9,150,,,,,,,,,,,,,,,81.4,150,81.5,3,81.8,100,,,,,,,,,,,,,,
2026-07-14T00:01:11.589836+00:00,2026-07-14T00:01:11.584423,3,3,81.35,0.1,81.3,103,81.2,5,80.9,150,,,,,,,,,,,,,,,81.4,143,81.5,3,81.8,100,,,,,,,,,,,,,,
2026-07-14T00:01:12.116329+00:00,2026-07-14T00:01:12.114942,3,2,81.35,0.1,81.3,103,81.2,5,80.9,150,,,,,,,,,,,,,,,81.4,143,81.8,100,,,,,,,,,,,,,,,,
2026-07-14T00:01:12.127395+00:00,2026-07-14T00:01:12.117349,3,2,81.35,0.1,81.3,103,81.2,5,80.9,150,,,,,,,,,,,,,,,81.4,146,81.8,100,,,,,,,,,,,,,,,,
2026-07-14T00:01:12.320785+00:00,2026-07-14T00:01:12.312875,3,2,81.35,0.1,81.3,103,81.2,5,80.9,150,,,,,,,,,,,,,,,81.4,121,81.8,100,,,,,,,,,,,,,,,,
2026-07-14T00:01:12.687080+00:00,2026-07-14T00:01:12.676614,3,2,81.35,0.1,81.3,103,81.2,5,80.9,150,,,,,,,,,,,,,,,81.4,71,81.8,100,,,,,,,,,,,,,,,,
2026-07-14T00:01:13.137903+00:00,2026-07-14T00:01:13.137143,3,2,81.35,0.1,81.3,103,81.2,5,80.9,150,,,,,,,,,,,,,,,81.4,68,81.8,100,,,,,,,,,,,,,,,,
2026-07-14T00:01:13.148721+00:00,2026-07-14T00:01:13.139739,3,2,81.35,0.1,81.3,103,81.2,5,80.9,150,,,,,,,,,,,,,,,81.4,71,81.8,100,,,,,,,,,,,,,,,,
2026-07-14T00:01:13.892821+00:00,2026-07-14T00:01:13.885782,3,1,81.35,0.1,81.3,3,81.2,5,80.9,150,,,,,,,,,,,,,,,81.4,71,,,,,,,,,,,,,,,,,,
2026-07-14T00:01:13.946482+00:00,2026-07-14T00:01:13.939994,3,1,81.35,0.1,81.3,103,81.2,5,80.9,150,,,,,,,,,,,,,,,81.4,71,,,,,,,,,,,,,,,,,,
2026-07-14T00:01:14.000113+00:00,2026-07-14T00:01:13.996209,3,2,81.35,0.1,81.3,103,81.2,5,80.9,150,,,,,,,,,,,,,,,81.4,71,81.8,100,,,,,,,,,,,,,,,,
2026-07-14T00:01:14.167869+00:00,2026-07-14T00:01:14.166745,3,2,81.35,0.1,81.3,103,81.2,5,80.9,150,,,,,,,,,,,,,,,81.4,70,81.8,100,,,,,,,,,,,,,,,,
2026-07-14T00:01:14.183326+00:00,2026-07-14T00:01:14.179279,3,2,81.35,0.1,81.3,103,81.2,5,80.9,150,,,,,,,,,,,,,,,81.4,70,81.8,100,,,,,,,,,,,,,,,,
2026-07-14T00:01:14.329368+00:00,2026-07-14T00:01:14.321070,3,2,81.35,0.1,81.3,103,81.2,2,80.9,150,,,,,,,,,,,,,,,81.4,70,81.8,100,,,,,,,,,,,,,,,,
2026-07-14T00:01:14.340370+00:00,2026-07-14T00:01:14.331113,3,2,81.35,0.1,81.3,103,81.2,2,80.9,150,,,,,,,,,,,,,,,81.4,26,81.8,100,,,,,,,,,,,,,,,,
2026-07-14T00:01:14.540410+00:00,2026-07-14T00:01:14.534770,2,2,81.35,0.1,81.3,103,81.2,2,,,,,,,,,,,,,,,,,81.4,3,81.8,100,,,,,,,,,,,,,,,,
2026-07-14T00:01:14.594333+00:00,2026-07-14T00:01:14.589272,3,1,81.6,0.4,81.4,147,81.3,103,81.2,2,,,,,,,,,,,,,,,81.8,100,,,,,,,,,,,,,,,,,,
2026-07-14T00:01:14.647841+00:00,2026-07-14T00:01:14.642238,3,2,81.6,0.4,81.4,147,81.3,103,81.2,2,,,,,,,,,,,,,,,81.8,100,81.9,150,,,,,,,,,,,,,,,,
2026-07-14T00:01:14.788450+00:00,2026-07-14T00:01:14.785156,3,2,81.6,0.4,81.4,147,81.3,103,81.2,2,,,,,,,,,,,,,,,81.8,50,81.9,150,,,,,,,,,,,,,,,,
2026-07-14T00:01:14.810438+00:00,2026-07-14T00:01:14.805122,3,2,81.6,0.4,81.4,102,81.3,103,81.2,2,,,,,,,,,,,,,,,81.8,50,81.9,150,,,,,,,,,,,,,,,,
2026-07-14T00:01:15.205056+00:00,2026-07-14T00:01:15.204347,3,2,81.6,0.4,81.4,105,81.3,100,81.2,2,,,,,,,,,,,,,,,81.8,53,81.9,150,,,,,,,,,,,,,,,,
2026-07-14T00:01:16.229271+00:00,2026-07-14T00:01:16.227747,3,2,81.6,0.4,81.4,105,81.3,100,81.2,2,,,,,,,,,,,,,,,81.8,50,81.9,150,,,,,,,,,,,,,,,,
2026-07-14T00:01:16.251005+00:00,2026-07-14T00:01:16.240625,3,2,81.6,0.4,81.4,105,81.3,100,81.2,2,,,,,,,,,,,,,,,81.8,53,81.9,150,,,,,,,,,,,,,,,,
2026-07-14T00:01:16.894572+00:00,2026-07-14T00:01:16.892166,3,2,81.6,0.4,81.4,105,81.3,100,81.2,2,,,,,,,,,,,,,,,81.8,3,81.9,150,,,,,,,,,,,,,,,,
2026-07-14T00:01:17.058327+00:00,2026-07-14T00:01:17.050385,2,2,81.6,0.4,81.4,105,81.2,2,,,,,,,,,,,,,,,,,81.8,3,81.9,150,,,,,,,,,,,,,,,,
2026-07-14T00:01:17.112938+00:00,2026-07-14T00:01:17.102679,3,2,81.75,0.1,81.7,100,81.4,105,81.2,2,,,,,,,,,,,,,,,81.8,3,81.9,150,,,,,,,,,,,,,,,,
2026-07-14T00:01:17.156819+00:00,2026-07-14T00:01:17.155256,3,3,81.75,0.1,81.7,100,81.4,105,81.2,2,,,,,,,,,,,,,,,81.8,3,81.9,150,82.2,100,,,,,,,,,,,,,,
2026-07-14T00:01:17.223309+00:00,2026-07-14T00:01:17.214128,3,3,81.75,0.1,81.7,55,81.4,105,81.2,2,,,,,,,,,,,,,,,81.8,3,81.9,150,82.2,100,,,,,,,,,,,,,,
2026-07-14T00:01:17.267483+00:00,2026-07-14T00:01:17.265284,3,2,81.8,0.2,81.7,58,81.4,102,81.2,2,,,,,,,,,,,,,,,81.9,150,82.2,100,,,,,,,,,,,,,,,,
2026-07-14T00:01:17.278657+00:00,2026-07-14T00:01:17.267949,3,3,81.75,0.1,81.7,58,81.4,102,81.2,2,,,,,,,,,,,,,,,81.8,3,81.9,150,82.2,100,,,,,,,,,,,,,,
2026-07-14T00:01:17.584012+00:00,2026-07-14T00:01:17.578618,3,3,81.75,0.1,81.7,56,81.4,102,81.2,2,,,,,,,,,,,,,,,81.8,3,81.9,150,82.2,100,,,,,,,,,,,,,,
2026-07-14T00:01:17.703051+00:00,2026-07-14T00:01:17.698278,2,2,81.75,0.1,81.7,56,81.2,2,,,,,,,,,,,,,,,,,81.8,3,82.2,100,,,,,,,,,,,,,,,,
2026-07-14T00:01:17.757269+00:00,2026-07-14T00:01:17.750414,3,2,81.75,0.1,81.7,56,81.3,150,81.2,2,,,,,,,,,,,,,,,81.8,3,82.2,100,,,,,,,,,,,,,,,,
2026-07-14T00:01:17.821723+00:00,2026-07-14T00:01:17.816191,3,2,81.75,0.1,81.7,56,81.3,150,81.2,2,,,,,,,,,,,,,,,81.8,153,82.2,100,,,,,,,,,,,,,,,,
2026-07-14T00:01:18.283236+00:00,2026-07-14T00:01:18.282315,3,2,81.75,0.1,81.7,53,81.3,150,81.2,2,,,,,,,,,,,,,,,81.8,153,82.2,100,,,,,,,,,,,,,,,,
2026-07-14T00:01:18.294018+00:00,2026-07-14T00:01:18.291711,3,2,81.75,0.1,81.7,56,81.3,150,81.2,2,,,,,,,,,,,,,,,81.8,153,82.2,100,,,,,,,,,,,,,,,,
2026-07-14T00:01:18.812244+00:00,2026-07-14T00:01:18.803067,3,2,81.75,0.1,81.7,56,81.3,150,81.2,2,,,,,,,,,,,,,,,81.8,111,82.2,100,,,,,,,,,,,,,,,,
2026-07-14T00:01:18.844807+00:00,2026-07-14T00:01:18.843088,3,2,81.75,0.1,81.7,54,81.3,150,81.2,2,,,,,,,,,,,,,,,81.8,111,82.2,100,,,,,,,,,,,,,,,,
2026-07-14T00:01:19.031034+00:00,2026-07-14T00:01:19.020390,3,2,81.75,0.1,81.7,54,81.3,150,81.2,2,,,,,,,,,,,,,,,81.8,61,82.2,100,,,,,,,,,,,,,,,,
2026-07-14T00:01:19.314792+00:00,2026-07-14T00:01:19.311332,3,2,81.75,0.1,81.7,51,81.3,150,81.2,2,,,,,,,,,,,,,,,81.8,58,82.2,100,,,,,,,,,,,,,,,,
2026-07-14T00:01:19.325850+00:00,2026-07-14T00:01:19.317758,3,2,81.75,0.1,81.7,54,81.3,150,81.2,2,,,,,,,,,,,,,,,81.8,61,82.2,100,,,,,,,,,,,,,,,,
2026-07-14T00:01:19.390170+00:00,2026-07-14T00:01:19.383819,3,2,81.75,0.1,81.7,54,81.3,150,81.2,2,,,,,,,,,,,,,,,81.8,13,82.2,100,,,,,,,,,,,,,,,,
2026-07-14T00:01:20.102530+00:00,2026-07-14T00:01:20.093595,3,2,81.75,0.1,81.7,52,81.3,150,81.2,2,,,,,,,,,,,,,,,81.8,13,82.2,100,,,,,,,,,,,,,,,,
2026-07-14T00:01:20.232861+00:00,2026-07-14T00:01:20.228217,3,1,81.75,0.1,81.7,3,81.3,150,81.2,2,,,,,,,,,,,,,,,81.8,13,,,,,,,,,,,,,,,,,,
2026-07-14T00:01:20.286821+00:00,2026-07-14T00:01:20.285311,4,1,81.75,0.1,81.7,3,81.5,100,81.3,150,81.2,2,,,,,,,,,,,,,81.8,13,,,,,,,,,,,,,,,,,,
2026-07-14T00:01:20.341191+00:00,2026-07-14T00:01:20.336901,3,2,81.65,0.3,81.5,100,81.3,150,81.2,2,,,,,,,,,,,,,,,81.8,10,82.0,100,,,,,,,,,,,,,,,,
2026-07-14T00:01:20.352218+00:00,2026-07-14T00:01:20.347078,4,2,81.75,0.1,81.7,3,81.5,100,81.3,150,81.2,2,,,,,,,,,,,,,81.8,13,82.0,100,,,,,,,,,,,,,,,,
2026-07-14T00:01:20.871301+00:00,2026-07-14T00:01:20.866973,3,2,81.75,0.1,81.7,3,81.5,100,81.2,2,,,,,,,,,,,,,,,81.8,3,82.0,100,,,,,,,,,,,,,,,,
2026-07-14T00:01:20.931363+00:00,2026-07-14T00:01:20.930536,4,1,81.95,0.1,81.9,133,81.7,3,81.5,100,81.2,2,,,,,,,,,,,,,82.0,100,,,,,,,,,,,,,,,,,,
2026-07-14T00:01:20.985633+00:00,2026-07-14T00:01:20.976905,3,2,81.95,0.1,81.9,133,81.7,3,81.5,100,,,,,,,,,,,,,,,82.0,100,82.4,150,,,,,,,,,,,,,,,,
2026-07-14T00:01:21.017970+00:00,2026-07-14T00:01:21.012053,3,2,81.95,0.1,81.9,108,81.7,3,81.5,100,,,,,,,,,,,,,,,82.0,100,82.4,150,,,,,,,,,,,,,,,,
2026-07-14T00:01:21.136454+00:00,2026-07-14T00:01:21.126907,3,2,81.95,0.1,81.9,108,81.7,3,81.5,100,,,,,,,,,,,,,,,82.0,50,82.4,150,,,,,,,,,,,,,,,,
2026-07-14T00:01:21.351156+00:00,2026-07-14T00:01:21.349417,3,2,81.95,0.1,81.9,83,81.7,3,81.5,100,,,,,,,,,,,,,,,82.0,50,82.4,150,,,,,,,,,,,,,,,,
2026-07-14T00:01:21.372687+00:00,2026-07-14T00:01:21.367791,2,2,81.95,0.1,81.9,87,81.5,100,,,,,,,,,,,,,,,,,82.0,54,82.4,150,,,,,,,,,,,,,,,,
2026-07-14T00:01:22.072187+00:00,2026-07-14T00:01:22.071529,2,2,81.95,0.1,81.9,87,81.5,100,,,,,,,,,,,,,,,,,82.0,14,82.4,150,,,,,,,,,,,,,,,,
2026-07-14T00:01:22.385674+00:00,2026-07-14T00:01:22.380310,2,2,81.95,0.1,81.9,83,81.5,100,,,,,,,,,,,,,,,,,82.0,14,82.4,150,,,,,,,,,,,,,,,,
2026-07-14T00:01:22.396509+00:00,2026-07-14T00:01:22.394033,2,2,81.95,0.1,81.9,87,81.5,100,,,,,,,,,,,,,,,,,82.0,14,82.4,150,,,,,,,,,,,,,,,,
2026-07-14T00:01:23.263561+00:00,2026-07-14T00:01:23.253004,2,1,82.15,0.5,81.9,87,81.5,100,,,,,,,,,,,,,,,,,82.4,114,,,,,,,,,,,,,,,,,,
2026-07-14T00:01:23.318505+00:00,2026-07-14T00:01:23.314847,3,1,82.15,0.5,81.9,87,81.5,100,81.4,5,,,,,,,,,,,,,,,82.4,114,,,,,,,,,,,,,,,,,,
2026-07-14T00:01:23.393754+00:00,2026-07-14T00:01:23.386172,2,1,82.15,0.5,81.9,87,81.4,5,,,,,,,,,,,,,,,,,82.4,114,,,,,,,,,,,,,,,,,,
2026-07-14T00:01:23.415423+00:00,2026-07-14T00:01:23.414571,2,1,82.15,0.5,81.9,87,81.4,5,,,,,,,,,,,,,,,,,82.4,118,,,,,,,,,,,,,,,,,,
2026-07-14T00:01:23.426257+00:00,2026-07-14T00:01:23.425206,2,1,82.15,0.5,81.9,62,81.4,5,,,,,,,,,,,,,,,,,82.4,118,,,,,,,,,,,,,,,,,,
2026-07-14T00:01:23.447900+00:00,2026-07-14T00:01:23.439385,3,1,82.2,0.4,82.0,100,81.9,62,81.4,5,,,,,,,,,,,,,,,82.4,118,,,,,,,,,,,,,,,,,,
2026-07-14T00:01:23.502550+00:00,2026-07-14T00:01:23.492901,3,2,82.2,0.4,82.0,100,81.9,62,81.4,5,,,,,,,,,,,,,,,82.4,118,82.5,100,,,,,,,,,,,,,,,,
2026-07-14T00:01:24.032175+00:00,2026-07-14T00:01:24.029675,3,2,82.2,0.4,82.0,100,81.9,4,81.4,5,,,,,,,,,,,,,,,82.4,4,82.5,100,,,,,,,,,,,,,,,,
2026-07-14T00:01:24.085987+00:00,2026-07-14T00:01:24.083351,3,2,82.2,0.4,82.0,100,81.9,154,81.4,5,,,,,,,,,,,,,,,82.4,4,82.5,100,,,,,,,,,,,,,,,,
2026-07-14T00:01:24.139963+00:00,2026-07-14T00:01:24.136775,3,2,82.2,0.4,82.0,100,81.9,154,81.4,5,,,,,,,,,,,,,,,82.4,154,82.5,100,,,,,,,,,,,,,,,,
2026-07-14T00:01:24.237612+00:00,2026-07-14T00:01:24.234094,3,2,82.2,0.4,82.0,51,81.9,154,81.4,5,,,,,,,,,,,,,,,82.4,154,82.5,100,,,,,,,,,,,,,,,,
2026-07-14T00:01:24.303233+00:00,2026-07-14T00:01:24.292683,3,2,82.2,0.4,82.0,51,81.9,154,81.4,3,,,,,,,,,,,,,,,82.4,154,82.5,100,,,,,,,,,,,,,,,,
2026-07-14T00:01:24.378557+00:00,2026-07-14T00:01:24.371485,3,2,82.2,0.4,82.0,26,81.9,154,81.4,3,,,,,,,,,,,,,,,82.4,154,82.5,100,,,,,,,,,,,,,,,,
2026-07-14T00:01:24.421676+00:00,2026-07-14T00:01:24.411755,3,2,82.2,0.4,82.0,25,81.9,154,81.4,3,,,,,,,,,,,,,,,82.4,154,82.5,100,,,,,,,,,,,,,,,,
2026-07-14T00:01:24.432537+00:00,2026-07-14T00:01:24.429555,3,2,82.2,0.4,82.0,25,81.9,150,81.4,3,,,,,,,,,,,,,,,82.4,150,82.5,100,,,,,,,,,,,,,,,,
2026-07-14T00:01:24.443333+00:00,2026-07-14T00:01:24.436484,3,2,82.2,0.4,82.0,29,81.9,150,81.4,3,,,,,,,,,,,,,,,82.4,154,82.5,100,,,,,,,,,,,,,,,,
2026-07-14T00:01:25.422930+00:00,2026-07-14T00:01:25.417569,2,2,82.15,0.5,81.9,129,81.4,3,,,,,,,,,,,,,,,,,82.4,154,82.5,100,,,,,,,,,,,,,,,,
2026-07-14T00:01:25.438772+00:00,2026-07-14T00:01:25.427092,1,2,82.15,0.5,81.9,129,,,,,,,,,,,,,,,,,,,82.4,154,82.5,100,,,,,,,,,,,,,,,,
2026-07-14T00:01:25.460441+00:00,2026-07-14T00:01:25.456821,1,2,82.15,0.5,81.9,133,,,,,,,,,,,,,,,,,,,82.4,154,82.5,100,,,,,,,,,,,,,,,,
2026-07-14T00:01:26.155948+00:00,2026-07-14T00:01:26.146066,1,2,82.15,0.5,81.9,108,,,,,,,,,,,,,,,,,,,82.4,154,82.5,100,,,,,,,,,,,,,,,,
2026-07-14T00:01:26.481708+00:00,2026-07-14T00:01:26.480191,1,2,82.15,0.5,81.9,108,,,,,,,,,,,,,,,,,,,82.4,154,82.5,100,,,,,,,,,,,,,,,,
2026-07-14T00:01:26.557107+00:00,2026-07-14T00:01:26.546719,1,1,82.15,0.5,81.9,108,,,,,,,,,,,,,,,,,,,82.4,154,,,,,,,,,,,,,,,,,,
2026-07-14T00:01:26.610607+00:00,2026-07-14T00:01:26.602529,2,1,82.15,0.5,81.9,108,81.5,100,,,,,,,,,,,,,,,,,82.4,154,,,,,,,,,,,,,,,,,,
2026-07-14T00:01:26.664570+00:00,2026-07-14T00:01:26.655294,2,2,81.95,0.1,81.9,108,81.5,100,,,,,,,,,,,,,,,,,82.0,100,82.4,154,,,,,,,,,,,,,,,,
2026-07-14T00:01:27.190470+00:00,2026-07-14T00:01:27.189926,2,2,81.95,0.1,81.9,108,81.5,100,,,,,,,,,,,,,,,,,82.0,100,82.4,4,,,,,,,,,,,,,,,,
2026-07-14T00:01:27.201261+00:00,2026-07-14T00:01:27.191450,2,2,81.95,0.1,81.9,4,81.5,100,,,,,,,,,,,,,,,,,82.0,100,82.4,4,,,,,,,,,,,,,,,,
2026-07-14T00:01:27.254871+00:00,2026-07-14T00:01:27.244427,2,2,81.95,0.1,81.9,4,81.5,250,,,,,,,,,,,,,,,,,82.0,100,82.4,4,,,,,,,,,,,,,,,,
2026-07-14T00:01:27.297524+00:00,2026-07-14T00:01:27.296642,2,2,81.95,0.1,81.9,4,81.5,250,,,,,,,,,,,,,,,,,82.0,250,82.4,4,,,,,,,,,,,,,,,,
2026-07-14T00:01:27.372653+00:00,2026-07-14T00:01:27.366753,1,2,81.75,0.5,81.5,213,,,,,,,,,,,,,,,,,,,82.0,250,82.4,4,,,,,,,,,,,,,,,,
2026-07-14T00:01:27.501691+00:00,2026-07-14T00:01:27.499968,1,1,81.75,0.5,81.5,216,,,,,,,,,,,,,,,,,,,82.0,250,,,,,,,,,,,,,,,,,,
2026-07-14T00:01:27.512402+00:00,2026-07-14T00:01:27.503028,1,1,81.75,0.5,81.5,216,,,,,,,,,,,,,,,,,,,82.0,253,,,,,,,,,,,,,,,,,,
2026-07-14T00:01:27.544758+00:00,2026-07-14T00:01:27.538348,1,1,81.75,0.5,81.5,166,,,,,,,,,,,,,,,,,,,82.0,253,,,,,,,,,,,,,,,,,,
2026-07-14T00:01:28.525657+00:00,2026-07-14T00:01:28.524539,1,1,81.75,0.5,81.5,166,,,,,,,,,,,,,,,,,,,82.0,250,,,,,,,,,,,,,,,,,,
2026-07-14T00:01:28.536638+00:00,2026-07-14T00:01:28.526850,1,1,81.75,0.5,81.5,166,,,,,,,,,,,,,,,,,,,82.0,253,,,,,,,,,,,,,,,,,,
2026-07-14T00:01:29.546624+00:00,2026-07-14T00:01:29.541930,1,1,81.75,0.5,81.5,165,,,,,,,,,,,,,,,,,,,82.0,253,,,,,,,,,,,,,,,,,,
2026-07-14T00:01:29.558256+00:00,2026-07-14T00:01:29.555752,1,1,81.75,0.5,81.5,165,,,,,,,,,,,,,,,,,,,82.0,250,,,,,,,,,,,,,,,,,,
2026-07-14T00:01:29.569906+00:00,2026-07-14T00:01:29.558778,1,1,81.75,0.5,81.5,165,,,,,,,,,,,,,,,,,,,82.0,253,,,,,,,,,,,,,,,,,,
2026-07-14T00:01:29.651173+00:00,2026-07-14T00:01:29.647371,1,1,81.75,0.5,81.5,115,,,,,,,,,,,,,,,,,,,82.0,253,,,,,,,,,,,,,,,,,,
2026-07-14T00:01:29.718092+00:00,2026-07-14T00:01:29.709544,1,1,81.75,0.5,81.5,115,,,,,,,,,,,,,,,,,,,82.0,153,,,,,,,,,,,,,,,,,,
2026-07-14T00:01:29.772431+00:00,2026-07-14T00:01:29.763007,2,1,81.75,0.5,81.5,115,81.2,100,,,,,,,,,,,,,,,,,82.0,153,,,,,,,,,,,,,,,,,,
2026-07-14T00:01:29.835470+00:00,2026-07-14T00:01:29.834328,2,2,81.6,0.2,81.5,115,81.2,100,,,,,,,,,,,,,,,,,81.7,89,82.0,153,,,,,,,,,,,,,,,,
2026-07-14T00:01:30.359460+00:00,2026-07-14T00:01:30.354584,2,2,81.6,0.2,81.5,3,81.2,100,,,,,,,,,,,,,,,,,81.7,89,82.0,3,,,,,,,,,,,,,,,,
2026-07-14T00:01:30.412982+00:00,2026-07-14T00:01:30.407577,3,2,81.6,0.2,81.5,3,81.3,150,81.2,100,,,,,,,,,,,,,,,81.7,89,82.0,3,,,,,,,,,,,,,,,,
2026-07-14T00:01:30.466440+00:00,2026-07-14T00:01:30.461008,3,3,81.6,0.2,81.5,3,81.3,150,81.2,100,,,,,,,,,,,,,,,81.7,89,81.8,150,82.0,3,,,,,,,,,,,,,,
2026-07-14T00:01:30.488179+00:00,2026-07-14T00:01:30.477853,3,4,81.6,0.2,81.5,3,81.3,150,81.2,100,,,,,,,,,,,,,,,81.7,89,81.8,150,81.9,6,82.0,3,,,,,,,,,,,,
2026-07-14T00:01:30.574884+00:00,2026-07-14T00:01:30.573486,2,3,81.5,0.4,81.3,150,81.2,100,,,,,,,,,,,,,,,,,81.7,89,81.8,150,81.9,6,,,,,,,,,,,,,,
2026-07-14T00:01:30.585731+00:00,2026-07-14T00:01:30.579406,3,3,81.6,0.2,81.5,3,81.3,150,81.2,100,,,,,,,,,,,,,,,81.7,92,81.8,150,81.9,6,,,,,,,,,,,,,,
2026-07-14T00:01:30.677168+00:00,2026-07-14T00:01:30.676299,3,3,81.6,0.2,81.5,3,81.3,150,81.2,100,,,,,,,,,,,,,,,81.7,89,81.8,150,81.9,6,,,,,,,,,,,,,,
2026-07-14T00:01:30.859631+00:00,2026-07-14T00:01:30.849431,3,3,81.6,0.2,81.5,3,81.3,150,81.2,100,,,,,,,,,,,,,,,81.7,47,81.8,150,81.9,6,,,,,,,,,,,,,,
2026-07-14T00:01:31.141352+00:00,2026-07-14T00:01:31.130814,3,3,81.6,0.2,81.5,3,81.3,150,81.2,100,,,,,,,,,,,,,,,81.7,47,81.8,150,81.9,5,,,,,,,,,,,,,,
2026-07-14T00:01:31.389086+00:00,2026-07-14T00:01:31.381416,2,3,81.5,0.4,81.3,106,81.2,100,,,,,,,,,,,,,,,,,81.7,47,81.8,150,81.9,5,,,,,,,,,,,,,,
2026-07-14T00:01:31.506909+00:00,2026-07-14T00:01:31.497356,2,3,81.5,0.4,81.3,106,81.2,100,,,,,,,,,,,,,,,,,81.7,47,81.8,150,81.9,3,,,,,,,,,,,,,,
2026-07-14T00:01:31.593332+00:00,2026-07-14T00:01:31.591945,2,3,81.5,0.4,81.3,106,81.2,100,,,,,,,,,,,,,,,,,81.7,44,81.8,150,81.9,3,,,,,,,,,,,,,,
2026-07-14T00:01:31.604079+00:00,2026-07-14T00:01:31.597308,2,3,81.5,0.4,81.3,109,81.2,100,,,,,,,,,,,,,,,,,81.7,47,81.8,150,81.9,3,,,,,,,,,,,,,,
2026-07-14T00:01:31.657643+00:00,2026-07-14T00:01:31.655145,2,3,81.5,0.4,81.3,109,81.2,100,,,,,,,,,,,,,,,,,81.7,45,81.8,150,81.9,2,,,,,,,,,,,,,,
2026-07-14T00:01:31.786160+00:00,2026-07-14T00:01:31.779575,2,3,81.5,0.4,81.3,59,81.2,100,,,,,,,,,,,,,,,,,81.7,45,81.8,150,81.9,2,,,,,,,,,,,,,,
2026-07-14T00:01:31.946599+00:00,2026-07-14T00:01:31.944459,2,3,81.5,0.4,81.3,59,81.2,100,,,,,,,,,,,,,,,,,81.7,45,81.8,150,81.9,1,,,,,,,,,,,,,,
2026-07-14T00:01:32.547330+00:00,2026-07-14T00:01:32.542293,3,3,81.6,0.2,81.5,4,81.3,59,81.2,100,,,,,,,,,,,,,,,81.7,45,81.8,150,81.9,1,,,,,,,,,,,,,,
2026-07-14T00:01:32.611844+00:00,2026-07-14T00:01:32.609339,3,3,81.6,0.2,81.5,4,81.3,56,81.2,100,,,,,,,,,,,,,,,81.7,45,81.8,150,81.9,1,,,,,,,,,,,,,,
2026-07-14T00:01:32.622579+00:00,2026-07-14T00:01:32.617772,3,3,81.6,0.2,81.5,7,81.3,56,81.2,100,,,,,,,,,,,,,,,81.7,45,81.8,150,81.9,1,,,,,,,,,,,,,,
2026-07-14T00:01:32.877658+00:00,2026-07-14T00:01:32.876193,2,3,81.6,0.2,81.5,7,81.3,56,,,,,,,,,,,,,,,,,81.7,3,81.8,150,81.9,1,,,,,,,,,,,,,,
2026-07-14T00:01:32.946794+00:00,2026-07-14T00:01:32.936042,2,3,81.6,0.2,81.5,7,81.3,156,,,,,,,,,,,,,,,,,81.7,3,81.8,150,81.9,1,,,,,,,,,,,,,,
2026-07-14T00:01:32.993255+00:00,2026-07-14T00:01:32.984615,2,3,81.6,0.2,81.5,7,81.3,156,,,,,,,,,,,,,,,,,81.7,3,81.8,250,81.9,1,,,,,,,,,,,,,,
2026-07-14T00:01:33.478772+00:00,2026-07-14T00:01:33.469884,2,2,81.65,0.3,81.5,7,81.3,156,,,,,,,,,,,,,,,,,81.8,250,81.9,1,,,,,,,,,,,,,,,,
2026-07-14T00:01:33.538819+00:00,2026-07-14T00:01:33.536286,2,2,81.65,0.3,81.5,7,81.3,100,,,,,,,,,,,,,,,,,81.8,100,81.9,1,,,,,,,,,,,,,,,,
2026-07-14T00:01:33.597605+00:00,2026-07-14T00:01:33.592927,3,2,81.65,0.3,81.5,7,81.3,100,80.7,150,,,,,,,,,,,,,,,81.8,100,81.9,1,,,,,,,,,,,,,,,,
2026-07-14T00:01:33.644489+00:00,2026-07-14T00:01:33.637564,3,2,81.65,0.3,81.5,7,81.3,100,80.7,150,,,,,,,,,,,,,,,81.8,103,81.9,1,,,,,,,,,,,,,,,,
2026-07-14T00:01:33.660385+00:00,2026-07-14T00:01:33.659349,1,3,80.95,0.5,80.7,150,,,,,,,,,,,,,,,,,,,81.2,29,81.8,103,81.9,1,,,,,,,,,,,,,,
2026-07-14T00:01:33.671982+00:00,2026-07-14T00:01:33.663137,1,2,81.25,1.1,80.7,150,,,,,,,,,,,,,,,,,,,81.8,103,81.9,1,,,,,,,,,,,,,,,,
2026-07-14T00:01:33.877163+00:00,2026-07-14T00:01:33.868620,1,2,81.25,1.1,80.7,150,,,,,,,,,,,,,,,,,,,81.8,99,81.9,1,,,,,,,,,,,,,,,,
2026-07-14T00:01:33.887816+00:00,2026-07-14T00:01:33.885707,1,2,81.25,1.1,80.7,100,,,,,,,,,,,,,,,,,,,81.8,99,81.9,1,,,,,,,,,,,,,,,,
2026-07-14T00:01:34.079978+00:00,2026-07-14T00:01:34.073537,1,2,81.25,1.1,80.7,100,,,,,,,,,,,,,,,,,,,81.8,97,81.9,1,,,,,,,,,,,,,,,,
2026-07-14T00:01:34.289871+00:00,2026-07-14T00:01:34.279237,1,2,81.25,1.1,80.7,100,,,,,,,,,,,,,,,,,,,81.8,95,81.9,1,,,,,,,,,,,,,,,,
2026-07-14T00:01:34.485245+00:00,2026-07-14T00:01:34.482693,1,2,81.25,1.1,80.7,100,,,,,,,,,,,,,,,,,,,81.8,93,81.9,1,,,,,,,,,,,,,,,,
2026-07-14T00:01:34.554553+00:00,2026-07-14T00:01:34.553373,1,2,81.25,1.1,80.7,100,,,,,,,,,,,,,,,,,,,81.8,93,81.9,1,,,,,,,,,,,,,,,,
2026-07-14T00:01:34.639783+00:00,2026-07-14T00:01:34.636888,1,2,81.25,1.1,80.7,100,,,,,,,,,,,,,,,,,,,81.8,93,81.9,1,,,,,,,,,,,,,,,,
2026-07-14T00:01:34.673043+00:00,2026-07-14T00:01:34.666549,1,2,81.25,1.1,80.7,103,,,,,,,,,,,,,,,,,,,81.8,90,81.9,1,,,,,,,,,,,,,,,,
2026-07-14T00:01:34.684087+00:00,2026-07-14T00:01:34.673387,1,2,81.25,1.1,80.7,103,,,,,,,,,,,,,,,,,,,81.8,93,81.9,1,,,,,,,,,,,,,,,,
2026-07-14T00:01:34.695141+00:00,2026-07-14T00:01:34.686434,1,2,81.25,1.1,80.7,103,,,,,,,,,,,,,,,,,,,81.8,92,81.9,1,,,,,,,,,,,,,,,,
2026-07-14T00:01:34.799411+00:00,2026-07-14T00:01:34.794066,2,2,81.65,0.3,81.5,3,80.7,103,,,,,,,,,,,,,,,,,81.8,92,81.9,1,,,,,,,,,,,,,,,,
2026-07-14T00:01:34.853677+00:00,2026-07-14T00:01:34.843079,1,2,81.25,1.1,80.7,103,,,,,,,,,,,,,,,,,,,81.8,92,81.9,1,,,,,,,,,,,,,,,,
2026-07-14T00:01:34.864745+00:00,2026-07-14T00:01:34.862059,1,1,81.25,1.1,80.7,103,,,,,,,,,,,,,,,,,,,81.8,92,,,,,,,,,,,,,,,,,,
2026-07-14T00:01:34.897055+00:00,2026-07-14T00:01:34.890261,1,1,81.25,1.1,80.7,103,,,,,,,,,,,,,,,,,,,81.8,91,,,,,,,,,,,,,,,,,,
2026-07-14T00:01:35.635713+00:00,2026-07-14T00:01:35.631695,1,2,81.2,1.0,80.7,103,,,,,,,,,,,,,,,,,,,81.7,3,81.8,91,,,,,,,,,,,,,,,,
2026-07-14T00:01:35.701489+00:00,2026-07-14T00:01:35.699081,1,2,81.2,1.0,80.7,103,,,,,,,,,,,,,,,,,,,81.7,3,81.8,88,,,,,,,,,,,,,,,,
2026-07-14T00:01:35.712553+00:00,2026-07-14T00:01:35.701864,1,2,81.2,1.0,80.7,103,,,,,,,,,,,,,,,,,,,81.7,6,81.8,88,,,,,,,,,,,,,,,,
2026-07-14T00:01:35.992781+00:00,2026-07-14T00:01:35.991946,1,2,81.2,1.0,80.7,53,,,,,,,,,,,,,,,,,,,81.7,6,81.8,88,,,,,,,,,,,,,,,,
2026-07-14T00:01:36.046844+00:00,2026-07-14T00:01:36.038130,1,1,81.2,1.0,80.7,53,,,,,,,,,,,,,,,,,,,81.7,6,,,,,,,,,,,,,,,,,,
2026-07-14T00:01:36.101681+00:00,2026-07-14T00:01:36.091561,2,1,81.4,0.6,81.1,100,80.7,53,,,,,,,,,,,,,,,,,81.7,6,,,,,,,,,,,,,,,,,,
2026-07-14T00:01:36.145242+00:00,2026-07-14T00:01:36.144286,2,2,81.35,0.5,81.1,100,80.7,53,,,,,,,,,,,,,,,,,81.6,100,81.7,6,,,,,,,,,,,,,,,,
2026-07-14T00:01:36.167111+00:00,2026-07-14T00:01:36.158430,2,2,81.35,0.5,81.1,100,80.7,53,,,,,,,,,,,,,,,,,81.6,59,81.7,6,,,,,,,,,,,,,,,,
2026-07-14T00:01:36.307561+00:00,2026-07-14T00:01:36.297982,2,2,81.35,0.5,81.1,100,80.7,53,,,,,,,,,,,,,,,,,81.6,57,81.7,6,,,,,,,,,,,,,,,,
2026-07-14T00:01:36.604457+00:00,2026-07-14T00:01:36.602819,2,2,81.35,0.5,81.1,100,80.7,53,,,,,,,,,,,,,,,,,81.6,57,81.7,6,,,,,,,,,,,,,,,,
2026-07-14T00:01:36.691160+00:00,2026-07-14T00:01:36.684527,2,2,81.35,0.5,81.1,100,80.7,53,,,,,,,,,,,,,,,,,81.6,55,81.7,6,,,,,,,,,,,,,,,,
2026-07-14T00:01:36.713085+00:00,2026-07-14T00:01:36.703401,2,2,81.35,0.5,81.1,100,80.7,3,,,,,,,,,,,,,,,,,81.6,55,81.7,6,,,,,,,,,,,,,,,,
2026-07-14T00:01:36.724219+00:00,2026-07-14T00:01:36.722772,1,2,81.35,0.5,81.1,103,,,,,,,,,,,,,,,,,,,81.6,55,81.7,3,,,,,,,,,,,,,,,,
2026-07-14T00:01:36.735226+00:00,2026-07-14T00:01:36.725341,1,2,81.35,0.5,81.1,103,,,,,,,,,,,,,,,,,,,81.6,58,81.7,3,,,,,,,,,,,,,,,,
2026-07-14T00:01:36.767993+00:00,2026-07-14T00:01:36.757769,1,2,81.35,0.5,81.1,253,,,,,,,,,,,,,,,,,,,81.6,58,81.7,3,,,,,,,,,,,,,,,,
2026-07-14T00:01:36.810825+00:00,2026-07-14T00:01:36.809113,1,2,81.35,0.5,81.1,253,,,,,,,,,,,,,,,,,,,81.6,208,81.7,3,,,,,,,,,,,,,,,,
2026-07-14T00:01:37.321345+00:00,2026-07-14T00:01:37.311324,1,2,81.35,0.5,81.1,253,,,,,,,,,,,,,,,,,,,81.6,152,81.7,3,,,,,,,,,,,,,,,,
2026-07-14T00:01:37.613283+00:00,2026-07-14T00:01:37.610845,1,2,81.35,0.5,81.1,253,,,,,,,,,,,,,,,,,,,81.6,109,81.7,3,,,,,,,,,,,,,,,,
2026-07-14T00:01:37.743866+00:00,2026-07-14T00:01:37.741747,1,2,81.35,0.5,81.1,253,,,,,,,,,,,,,,,,,,,81.6,112,81.7,3,,,,,,,,,,,,,,,,
2026-07-14T00:01:38.190398+00:00,2026-07-14T00:01:38.182068,1,2,81.35,0.5,81.1,253,,,,,,,,,,,,,,,,,,,81.6,87,81.7,3,,,,,,,,,,,,,,,,
2026-07-14T00:01:38.764163+00:00,2026-07-14T00:01:38.763695,1,2,81.35,0.5,81.1,250,,,,,,,,,,,,,,,,,,,81.6,84,81.7,3,,,,,,,,,,,,,,,,
2026-07-14T00:01:38.774858+00:00,2026-07-14T00:01:38.768741,1,2,81.35,0.5,81.1,253,,,,,,,,,,,,,,,,,,,81.6,87,81.7,3,,,,,,,,,,,,,,,,
2026-07-14T00:01:39.206529+00:00,2026-07-14T00:01:39.199769,1,2,81.35,0.5,81.1,153,,,,,,,,,,,,,,,,,,,81.6,87,81.7,3,,,,,,,,,,,,,,,,
2026-07-14T00:01:39.260537+00:00,2026-07-14T00:01:39.251282,2,2,81.5,0.2,81.4,100,81.1,153,,,,,,,,,,,,,,,,,81.6,87,81.7,3,,,,,,,,,,,,,,,,
2026-07-14T00:01:39.314145+00:00,2026-07-14T00:01:39.304440,2,3,81.5,0.2,81.4,100,81.1,153,,,,,,,,,,,,,,,,,81.6,87,81.7,3,81.9,100,,,,,,,,,,,,,,
2026-07-14T00:01:39.606908+00:00,2026-07-14T00:01:39.602530,2,3,81.5,0.2,81.4,57,81.1,153,,,,,,,,,,,,,,,,,81.6,87,81.7,3,81.9,100,,,,,,,,,,,,,,
2026-07-14T00:01:39.790252+00:00,2026-07-14T00:01:39.787616,2,3,81.5,0.2,81.4,57,81.1,150,,,,,,,,,,,,,,,,,81.6,84,81.7,3,81.9,100,,,,,,,,,,,,,,
2026-07-14T00:01:39.801113+00:00,2026-07-14T00:01:39.793568,2,3,81.5,0.2,81.4,60,81.1,150,,,,,,,,,,,,,,,,,81.6,87,81.7,3,81.9,100,,,,,,,,,,,,,,
2026-07-14T00:01:39.822932+00:00,2026-07-14T00:01:39.820865,2,3,81.5,0.2,81.4,62,81.1,150,,,,,,,,,,,,,,,,,81.6,87,81.7,3,81.9,100,,,,,,,,,,,,,,
2026-07-14T00:01:39.867094+00:00,2026-07-14T00:01:39.864635,1,3,81.5,0.2,81.4,62,,,,,,,,,,,,,,,,,,,81.6,3,81.7,3,81.9,100,,,,,,,,,,,,,,
2026-07-14T00:01:39.899865+00:00,2026-07-14T00:01:39.895345,1,3,81.5,0.2,81.4,62,,,,,,,,,,,,,,,,,,,81.6,1,81.7,3,81.9,100,,,,,,,,,,,,,,
2026-07-14T00:01:39.921416+00:00,2026-07-14T00:01:39.917430,2,3,81.55,0.1,81.5,150,81.4,62,,,,,,,,,,,,,,,,,81.6,1,81.7,3,81.9,100,,,,,,,,,,,,,,
2026-07-14T00:01:39.974933+00:00,2026-07-14T00:01:39.969920,2,4,81.55,0.1,81.5,150,81.4,62,,,,,,,,,,,,,,,,,81.6,1,81.7,3,81.9,100,82.0,150,,,,,,,,,,,,
2026-07-14T00:01:40.223363+00:00,2026-07-14T00:01:40.220603,2,4,81.55,0.1,81.5,100,81.4,62,,,,,,,,,,,,,,,,,81.6,1,81.7,3,81.9,100,82.0,150,,,,,,,,,,,,
2026-07-14T00:01:40.687410+00:00,2026-07-14T00:01:40.678238,2,3,81.6,0.2,81.5,100,81.4,62,,,,,,,,,,,,,,,,,81.7,3,81.9,100,82.0,150,,,,,,,,,,,,,,
2026-07-14T00:01:40.859543+00:00,2026-07-14T00:01:40.857393,2,3,81.6,0.2,81.5,103,81.4,59,,,,,,,,,,,,,,,,,81.7,3,81.9,100,82.0,150,,,,,,,,,,,,,,
2026-07-14T00:01:40.870459+00:00,2026-07-14T00:01:40.861610,2,3,81.6,0.2,81.5,103,81.4,59,,,,,,,,,,,,,,,,,81.7,6,81.9,100,82.0,150,,,,,,,,,,,,,,
2026-07-14T00:01:40.945961+00:00,2026-07-14T00:01:40.937623,2,3,81.6,0.2,81.5,103,81.4,59,,,,,,,,,,,,,,,,,81.7,4,81.9,100,82.0,150,,,,,,,,,,,,,,
2026-07-14T00:01:41.203552+00:00,2026-07-14T00:01:41.201954,2,3,81.6,0.2,81.5,100,81.4,59,,,,,,,,,,,,,,,,,81.7,4,81.9,100,82.0,150,,,,,,,,,,,,,,
2026-07-14T00:01:41.884902+00:00,2026-07-14T00:01:41.883532,2,3,81.6,0.2,81.5,100,81.4,59,,,,,,,,,,,,,,,,,81.7,4,81.9,100,82.0,150,,,,,,,,,,,,,,
2026-07-14T00:01:42.334497+00:00,2026-07-14T00:01:42.327837,2,3,81.6,0.2,81.5,50,81.4,59,,,,,,,,,,,,,,,,,81.7,4,81.9,100,82.0,150,,,,,,,,,,,,,,
2026-07-14T00:01:42.366722+00:00,2026-07-14T00:01:42.360487,2,2,81.6,0.2,81.5,50,81.4,2,,,,,,,,,,,,,,,,,81.7,4,82.0,150,,,,,,,,,,,,,,,,
2026-07-14T00:01:42.419792+00:00,2026-07-14T00:01:42.413320,3,2,81.6,0.2,81.5,50,81.4,2,81.3,100,,,,,,,,,,,,,,,81.7,4,82.0,150,,,,,,,,,,,,,,,,
2026-07-14T00:01:42.473628+00:00,2026-07-14T00:01:42.466491,3,3,81.6,0.2,81.5,50,81.4,2,81.3,100,,,,,,,,,,,,,,,81.7,4,81.8,100,82.0,150,,,,,,,,,,,,,,
2026-07-14T00:01:42.581378+00:00,2026-07-14T00:01:42.570699,3,3,81.6,0.2,81.5,50,81.4,1,81.3,100,,,,,,,,,,,,,,,81.7,4,81.8,100,82.0,150,,,,,,,,,,,,,,
2026-07-14T00:01:42.839423+00:00,2026-07-14T00:01:42.834170,3,3,81.6,0.2,81.5,10,81.4,1,81.3,100,,,,,,,,,,,,,,,81.7,4,81.8,100,82.0,150,,,,,,,,,,,,,,
2026-07-14T00:01:42.903551+00:00,2026-07-14T00:01:42.901420,3,3,81.6,0.2,81.5,7,81.4,1,81.3,100,,,,,,,,,,,,,,,81.7,1,81.8,100,82.0,150,,,,,,,,,,,,,,
2026-07-14T00:01:42.914336+00:00,2026-07-14T00:01:42.906005,3,3,81.6,0.2,81.5,10,81.4,1,81.3,100,,,,,,,,,,,,,,,81.7,4,81.8,100,82.0,150,,,,,,,,,,,,,,
2026-07-14T00:01:43.031479+00:00,2026-07-14T00:01:43.025543,3,2,81.6,0.2,81.5,3,81.4,1,81.3,100,,,,,,,,,,,,,,,81.7,4,81.8,100,,,,,,,,,,,,,,,,
2026-07-14T00:01:43.084570+00:00,2026-07-14T00:01:43.077355,4,2,81.6,0.2,81.5,3,81.4,1,81.3,100,80.8,150,,,,,,,,,,,,,81.7,4,81.8,100,,,,,,,,,,,,,,,,
2026-07-14T00:01:43.142321+00:00,2026-07-14T00:01:43.140927,1,3,81.05,0.5,80.8,150,,,,,,,,,,,,,,,,,,,81.3,43,81.7,4,81.8,100,,,,,,,,,,,,,,
2026-07-14T00:01:43.336842+00:00,2026-07-14T00:01:43.333016,1,3,81.05,0.5,80.8,150,,,,,,,,,,,,,,,,,,,81.3,18,81.7,4,81.8,100,,,,,,,,,,,,,,
2026-07-14T00:01:43.666451+00:00,2026-07-14T00:01:43.662466,1,2,81.25,0.9,80.8,150,,,,,,,,,,,,,,,,,,,81.7,4,81.8,100,,,,,,,,,,,,,,,,
2026-07-14T00:01:43.762318+00:00,2026-07-14T00:01:43.759924,2,2,81.55,0.3,81.4,1,80.8,150,,,,,,,,,,,,,,,,,81.7,4,81.8,100,,,,,,,,,,,,,,,,
2026-07-14T00:01:43.925148+00:00,2026-07-14T00:01:43.924236,2,2,81.55,0.3,81.4,4,80.8,150,,,,,,,,,,,,,,,,,81.7,4,81.8,100,,,,,,,,,,,,,,,,
2026-07-14T00:01:44.454171+00:00,2026-07-14T00:01:44.444813,1,2,81.25,0.9,80.8,150,,,,,,,,,,,,,,,,,,,81.7,4,81.8,100,,,,,,,,,,,,,,,,
2026-07-14T00:01:44.946916+00:00,2026-07-14T00:01:44.946393,1,2,81.25,0.9,80.8,153,,,,,,,,,,,,,,,,,,,81.7,4,81.8,100,,,,,,,,,,,,,,,,
2026-07-14T00:01:45.055001+00:00,2026-07-14T00:01:45.051682,1,2,81.25,0.9,80.8,153,,,,,,,,,,,,,,,,,,,81.7,3,81.8,100,,,,,,,,,,,,,,,,
2026-07-14T00:01:45.141464+00:00,2026-07-14T00:01:45.136548,1,2,81.25,0.9,80.8,153,,,,,,,,,,,,,,,,,,,81.7,1,81.8,100,,,,,,,,,,,,,,,,
2026-07-14T00:01:45.524963+00:00,2026-07-14T00:01:45.519329,1,1,81.25,0.9,80.8,153,,,,,,,,,,,,,,,,,,,81.7,1,,,,,,,,,,,,,,,,,,
2026-07-14T00:01:45.578737+00:00,2026-07-14T00:01:45.571979,2,1,81.45,0.5,81.2,100,80.8,153,,,,,,,,,,,,,,,,,81.7,1,,,,,,,,,,,,,,,,,,
2026-07-14T00:01:45.665432+00:00,2026-07-14T00:01:45.664208,2,1,81.45,0.5,81.2,100,80.8,153,,,,,,,,,,,,,,,,,81.7,101,,,,,,,,,,,,,,,,,,
2026-07-14T00:01:45.967023+00:00,2026-07-14T00:01:45.965297,2,1,81.45,0.5,81.2,103,80.8,150,,,,,,,,,,,,,,,,,81.7,100,,,,,,,,,,,,,,,,,,
2026-07-14T00:01:45.978001+00:00,2026-07-14T00:01:45.967699,2,1,81.45,0.5,81.2,103,80.8,150,,,,,,,,,,,,,,,,,81.7,103,,,,,,,,,,,,,,,,,,
2026-07-14T00:01:46.193782+00:00,2026-07-14T00:01:46.189267,1,1,81.45,0.5,81.2,103,,,,,,,,,,,,,,,,,,,81.7,103,,,,,,,,,,,,,,,,,,
2026-07-14T00:01:46.247777+00:00,2026-07-14T00:01:46.242201,2,1,81.65,0.1,81.6,150,81.2,103,,,,,,,,,,,,,,,,,81.7,103,,,,,,,,,,,,,,,,,,
2026-07-14T00:01:46.301940+00:00,2026-07-14T00:01:46.294816,2,2,81.65,0.1,81.6,150,81.2,103,,,,,,,,,,,,,,,,,81.7,103,82.1,150,,,,,,,,,,,,,,,,
2026-07-14T00:01:46.366133+00:00,2026-07-14T00:01:46.363885,2,2,81.65,0.1,81.6,150,81.2,103,,,,,,,,,,,,,,,,,81.7,101,82.1,150,,,,,,,,,,,,,,,,
2026-07-14T00:01:46.528662+00:00,2026-07-14T00:01:46.520680,2,2,81.65,0.1,81.6,150,81.2,103,,,,,,,,,,,,,,,,,81.7,104,82.1,150,,,,,,,,,,,,,,,,
2026-07-14T00:01:46.550098+00:00,2026-07-14T00:01:46.547745,2,2,81.65,0.1,81.6,100,81.2,103,,,,,,,,,,,,,,,,,81.7,104,82.1,150,,,,,,,,,,,,,,,,
2026-07-14T00:01:46.603113+00:00,2026-07-14T00:01:46.599546,3,2,81.65,0.1,81.6,100,81.4,2,81.2,103,,,,,,,,,,,,,,,81.7,104,82.1,150,,,,,,,,,,,,,,,,
2026-07-14T00:01:46.988779+00:00,2026-07-14T00:01:46.985213,3,2,81.65,0.1,81.6,103,81.4,2,81.2,100,,,,,,,,,,,,,,,81.7,101,82.1,150,,,,,,,,,,,,,,,,
2026-07-14T00:01:46.999472+00:00,2026-07-14T00:01:46.989402,3,2,81.65,0.1,81.6,103,81.4,2,81.2,100,,,,,,,,,,,,,,,81.7,104,82.1,150,,,,,,,,,,,,,,,,
2026-07-14T00:01:47.267315+00:00,2026-07-14T00:01:47.263060,3,2,81.65,0.1,81.6,103,81.4,2,81.2,100,,,,,,,,,,,,,,,81.7,58,82.1,150,,,,,,,,,,,,,,,,
2026-07-14T00:01:47.543904+00:00,2026-07-14T00:01:47.540401,3,2,81.65,0.1,81.6,103,81.4,1,81.2,100,,,,,,,,,,,,,,,81.7,58,82.1,150,,,,,,,,,,,,,,,,
2026-07-14T00:01:47.586297+00:00,2026-07-14T00:01:47.582976,3,2,81.65,0.1,81.6,103,81.4,1,81.2,100,,,,,,,,,,,,,,,81.7,56,82.1,150,,,,,,,,,,,,,,,,
2026-07-14T00:01:48.010200+00:00,2026-07-14T00:01:48.007444,3,2,81.65,0.1,81.6,103,81.4,1,81.2,100,,,,,,,,,,,,,,,81.7,53,82.1,150,,,,,,,,,,,,,,,,
2026-07-14T00:01:48.020789+00:00,2026-07-14T00:01:48.010454,3,2,81.65,0.1,81.6,103,81.4,1,81.2,100,,,,,,,,,,,,,,,81.7,56,82.1,150,,,,,,,,,,,,,,,,
2026-07-14T00:01:48.657553+00:00,2026-07-14T00:01:48.654939,3,2,81.65,0.1,81.6,53,81.4,1,81.2,100,,,,,,,,,,,,,,,81.7,56,82.1,150,,,,,,,,,,,,,,,,
2026-07-14T00:01:48.722011+00:00,2026-07-14T00:01:48.721122,2,2,81.65,0.1,81.6,53,81.4,1,,,,,,,,,,,,,,,,,81.7,6,82.1,150,,,,,,,,,,,,,,,,
2026-07-14T00:01:48.775389+00:00,2026-07-14T00:01:48.773713,3,2,81.65,0.1,81.6,53,81.5,100,81.4,1,,,,,,,,,,,,,,,81.7,6,82.1,150,,,,,,,,,,,,,,,,
2026-07-14T00:01:48.796679+00:00,2026-07-14T00:01:48.796257,3,2,81.65,0.1,81.6,53,81.5,100,81.4,1,,,,,,,,,,,,,,,81.7,4,82.1,150,,,,,,,,,,,,,,,,
2026-07-14T00:01:48.839177+00:00,2026-07-14T00:01:48.829242,3,3,81.65,0.1,81.6,53,81.5,100,81.4,1,,,,,,,,,,,,,,,81.7,4,82.0,100,82.1,150,,,,,,,,,,,,,,
2026-07-14T00:01:49.033298+00:00,2026-07-14T00:01:49.030568,3,3,81.65,0.1,81.6,53,81.5,100,81.4,1,,,,,,,,,,,,,,,81.7,1,82.0,100,82.1,150,,,,,,,,,,,,,,
2026-07-14T00:01:49.044202+00:00,2026-07-14T00:01:49.034281,3,3,81.65,0.1,81.6,53,81.5,100,81.4,1,,,,,,,,,,,,,,,81.7,4,82.0,100,82.1,150,,,,,,,,,,,,,,
2026-07-14T00:01:49.353403+00:00,2026-07-14T00:01:49.351407,3,2,81.65,0.1,81.6,3,81.5,100,81.4,1,,,,,,,,,,,,,,,81.7,4,82.0,100,,,,,,,,,,,,,,,,
2026-07-14T00:01:49.406762+00:00,2026-07-14T00:01:49.402811,4,2,81.65,0.1,81.6,3,81.5,100,81.4,1,81.3,150,,,,,,,,,,,,,81.7,4,82.0,100,,,,,,,,,,,,,,,,
2026-07-14T00:01:49.459600+00:00,2026-07-14T00:01:49.457058,3,3,81.65,0.1,81.6,3,81.5,100,81.3,150,,,,,,,,,,,,,,,81.7,4,81.8,150,82.0,100,,,,,,,,,,,,,,
2026-07-14T00:01:50.023550+00:00,2026-07-14T00:01:50.022094,3,3,81.65,0.1,81.6,3,81.5,100,81.3,150,,,,,,,,,,,,,,,81.7,2,81.8,150,82.0,100,,,,,,,,,,,,,,
2026-07-14T00:01:50.055712+00:00,2026-07-14T00:01:50.052535,2,2,81.65,0.3,81.5,100,81.3,150,,,,,,,,,,,,,,,,,81.8,150,82.0,100,,,,,,,,,,,,,,,,
2026-07-14T00:01:50.066342+00:00,2026-07-14T00:01:50.063646,3,3,81.65,0.1,81.6,3,81.5,100,81.3,150,,,,,,,,,,,,,,,81.7,3,81.8,150,82.0,100,,,,,,,,,,,,,,
2026-07-14T00:01:50.183797+00:00,2026-07-14T00:01:50.175322,3,2,81.7,0.2,81.6,3,81.5,100,81.3,150,,,,,,,,,,,,,,,81.8,150,82.0,100,,,,,,,,,,,,,,,,
2026-07-14T00:01:50.770007+00:00,2026-07-14T00:01:50.760797,2,2,81.65,0.3,81.5,53,81.3,150,,,,,,,,,,,,,,,,,81.8,150,82.0,100,,,,,,,,,,,,,,,,
2026-07-14T00:01:51.110126+00:00,2026-07-14T00:01:51.101598,2,2,81.65,0.3,81.5,56,81.3,150,,,,,,,,,,,,,,,,,81.8,153,82.0,100,,,,,,,,,,,,,,,,
2026-07-14T00:01:51.258299+00:00,2026-07-14T00:01:51.253019,2,2,81.65,0.3,81.5,56,81.3,150,,,,,,,,,,,,,,,,,81.8,151,82.0,100,,,,,,,,,,,,,,,,
2026-07-14T00:01:51.363905+00:00,2026-07-14T00:01:51.357429,2,3,81.6,0.2,81.5,56,81.3,150,,,,,,,,,,,,,,,,,81.7,7,81.8,151,82.0,100,,,,,,,,,,,,,,
2026-07-14T00:01:51.739309+00:00,2026-07-14T00:01:51.735562,2,3,81.6,0.2,81.5,13,81.3,150,,,,,,,,,,,,,,,,,81.7,7,81.8,151,82.0,100,,,,,,,,,,,,,,
2026-07-14T00:01:51.888788+00:00,2026-07-14T00:01:51.887359,2,2,81.6,0.2,81.5,13,81.3,150,,,,,,,,,,,,,,,,,81.7,7,81.8,151,,,,,,,,,,,,,,,,
2026-07-14T00:01:51.899578+00:00,2026-07-14T00:01:51.889071,2,2,81.6,0.2,81.5,3,81.3,150,,,,,,,,,,,,,,,,,81.7,7,81.8,151,,,,,,,,,,,,,,,,
2026-07-14T00:01:51.952446+00:00,2026-07-14T00:01:51.942054,3,2,81.6,0.2,81.5,3,81.3,150,81.1,100,,,,,,,,,,,,,,,81.7,7,81.8,151,,,,,,,,,,,,,,,,
2026-07-14T00:01:52.006340+00:00,2026-07-14T00:01:51.995790,3,3,81.55,0.1,81.5,3,81.3,150,81.1,100,,,,,,,,,,,,,,,81.6,100,81.7,7,81.8,151,,,,,,,,,,,,,,
2026-07-14T00:01:52.124094+00:00,2026-07-14T00:01:52.121544,3,3,81.55,0.1,81.5,3,81.3,150,81.1,100,,,,,,,,,,,,,,,81.6,100,81.7,7,81.8,148,,,,,,,,,,,,,,
2026-07-14T00:01:52.135095+00:00,2026-07-14T00:01:52.124415,3,3,81.55,0.1,81.5,3,81.3,150,81.1,100,,,,,,,,,,,,,,,81.6,103,81.7,7,81.8,148,,,,,,,,,,,,,,
2026-07-14T00:01:52.491457+00:00,2026-07-14T00:01:52.480868,3,3,81.55,0.1,81.5,3,81.3,150,81.1,100,,,,,,,,,,,,,,,81.6,101,81.7,7,81.8,148,,,,,,,,,,,,,,
2026-07-14T00:01:52.513401+00:00,2026-07-14T00:01:52.510035,2,2,81.55,0.1,81.5,3,81.1,100,,,,,,,,,,,,,,,,,81.6,101,81.7,7,,,,,,,,,,,,,,,,
2026-07-14T00:01:52.567487+00:00,2026-07-14T00:01:52.562468,3,2,81.55,0.1,81.5,3,81.2,150,81.1,100,,,,,,,,,,,,,,,81.6,101,81.7,7,,,,,,,,,,,,,,,,
2026-07-14T00:01:52.621978+00:00,2026-07-14T00:01:52.614042,3,2,81.55,0.1,81.5,3,81.2,150,81.1,100,,,,,,,,,,,,,,,81.6,101,81.7,157,,,,,,,,,,,,,,,,
2026-07-14T00:01:52.816063+00:00,2026-07-14T00:01:52.815327,3,2,81.55,0.1,81.5,3,81.2,150,81.1,100,,,,,,,,,,,,,,,81.6,51,81.7,157,,,,,,,,,,,,,,,,
2026-07-14T00:01:53.141359+00:00,2026-07-14T00:01:53.140156,2,2,81.4,0.4,81.2,150,81.1,100,,,,,,,,,,,,,,,,,81.6,48,81.7,157,,,,,,,,,,,,,,,,
2026-07-14T00:01:53.152061+00:00,2026-07-14T00:01:53.146001,3,2,81.55,0.1,81.5,3,81.2,150,81.1,100,,,,,,,,,,,,,,,81.6,51,81.7,157,,,,,,,,,,,,,,,,
2026-07-14T00:01:53.704113+00:00,2026-07-14T00:01:53.702886,3,2,81.55,0.1,81.5,3,81.2,150,81.1,100,,,,,,,,,,,,,,,81.6,49,81.7,157,,,,,,,,,,,,,,,,
2026-07-14T00:01:54.193763+00:00,2026-07-14T00:01:54.190719,2,2,81.4,0.4,81.2,150,81.1,100,,,,,,,,,,,,,,,,,81.6,49,81.7,157,,,,,,,,,,,,,,,,
2026-07-14T00:01:54.204491+00:00,2026-07-14T00:01:54.200261,3,2,81.55,0.1,81.5,3,81.2,150,81.1,100,,,,,,,,,,,,,,,81.6,49,81.7,157,,,,,,,,,,,,,,,,
2026-07-14T00:01:54.931001+00:00,2026-07-14T00:01:54.929918,3,1,81.6,0.2,81.5,3,81.2,150,81.1,100,,,,,,,,,,,,,,,81.7,154,,,,,,,,,,,,,,,,,,
2026-07-14T00:01:55.057995+00:00,2026-07-14T00:01:55.048083,2,1,81.6,0.2,81.5,3,81.2,150,,,,,,,,,,,,,,,,,81.7,154,,,,,,,,,,,,,,,,,,
2026-07-14T00:01:55.110916+00:00,2026-07-14T00:01:55.100696,3,1,81.6,0.2,81.5,3,81.4,100,81.2,150,,,,,,,,,,,,,,,81.7,154,,,,,,,,,,,,,,,,,,
2026-07-14T00:01:55.163825+00:00,2026-07-14T00:01:55.153722,3,2,81.6,0.2,81.5,3,81.4,100,81.2,150,,,,,,,,,,,,,,,81.7,154,81.9,100,,,,,,,,,,,,,,,,
2026-07-14T00:01:55.227310+00:00,2026-07-14T00:01:55.225043,3,2,81.6,0.2,81.5,3,81.4,100,81.2,150,,,,,,,,,,,,,,,81.7,157,81.9,100,,,,,,,,,,,,,,,,
2026-07-14T00:01:55.631854+00:00,2026-07-14T00:01:55.629986,3,2,81.6,0.2,81.5,3,81.4,100,81.2,150,,,,,,,,,,,,,,,81.7,113,81.9,100,,,,,,,,,,,,,,,,
2026-07-14T00:01:55.674397+00:00,2026-07-14T00:01:55.668583,2,2,81.6,0.2,81.5,3,81.4,100,,,,,,,,,,,,,,,,,81.7,3,81.9,100,,,,,,,,,,,,,,,,
2026-07-14T00:01:55.696021+00:00,2026-07-14T00:01:55.685432,1,2,81.55,0.3,81.4,58,,,,,,,,,,,,,,,,,,,81.7,3,81.9,100,,,,,,,,,,,,,,,,
2026-07-14T00:01:55.728577+00:00,2026-07-14T00:01:55.721321,2,2,81.55,0.3,81.4,58,81.3,150,,,,,,,,,,,,,,,,,81.7,3,81.9,100,,,,,,,,,,,,,,,,
2026-07-14T00:01:55.781905+00:00,2026-07-14T00:01:55.773320,2,3,81.55,0.3,81.4,58,81.3,150,,,,,,,,,,,,,,,,,81.7,3,81.8,150,81.9,100,,,,,,,,,,,,,,
2026-07-14T00:01:55.877179+00:00,2026-07-14T00:01:55.871561,2,3,81.55,0.3,81.4,58,81.3,150,,,,,,,,,,,,,,,,,81.7,10,81.8,150,81.9,100,,,,,,,,,,,,,,
2026-07-14T00:01:56.197785+00:00,2026-07-14T00:01:56.190312,2,3,81.55,0.3,81.4,58,81.3,150,,,,,,,,,,,,,,,,,81.7,8,81.8,150,81.9,100,,,,,,,,,,,,,,
2026-07-14T00:01:56.240014+00:00,2026-07-14T00:01:56.237793,2,3,81.55,0.3,81.4,58,81.3,150,,,,,,,,,,,,,,,,,81.7,7,81.8,150,81.9,100,,,,,,,,,,,,,,
2026-07-14T00:01:56.250589+00:00,2026-07-14T00:01:56.243480,2,3,81.55,0.3,81.4,61,81.3,150,,,,,,,,,,,,,,,,,81.7,10,81.8,150,81.9,100,,,,,,,,,,,,,,
2026-07-14T00:01:56.763247+00:00,2026-07-14T00:01:56.754400,2,3,81.55,0.3,81.4,15,81.3,150,,,,,,,,,,,,,,,,,81.7,10,81.8,150,81.9,100,,,,,,,,,,,,,,
2026-07-14T00:01:57.039100+00:00,2026-07-14T00:01:57.033841,2,2,81.6,0.4,81.4,15,81.3,150,,,,,,,,,,,,,,,,,81.8,110,81.9,100,,,,,,,,,,,,,,,,
2026-07-14T00:01:57.250792+00:00,2026-07-14T00:01:57.242431,2,2,81.6,0.4,81.4,15,81.3,150,,,,,,,,,,,,,,,,,81.8,66,81.9,100,,,,,,,,,,,,,,,,
2026-07-14T00:01:57.261402+00:00,2026-07-14T00:01:57.258870,2,2,81.6,0.4,81.4,12,81.3,150,,,,,,,,,,,,,,,,,81.8,66,81.9,100,,,,,,,,,,,,,,,,
2026-07-14T00:01:57.271991+00:00,2026-07-14T00:01:57.264016,2,2,81.6,0.4,81.4,16,81.3,150,,,,,,,,,,,,,,,,,81.8,70,81.9,100,,,,,,,,,,,,,,,,
2026-07-14T00:01:57.506105+00:00,2026-07-14T00:01:57.497140,2,3,81.55,0.3,81.4,16,81.3,150,,,,,,,,,,,,,,,,,81.7,7,81.8,70,81.9,100,,,,,,,,,,,,,,
2026-07-14T00:01:58.215555+00:00,2026-07-14T00:01:58.214819,2,2,81.55,0.3,81.4,16,81.3,150,,,,,,,,,,,,,,,,,81.7,7,81.8,70,,,,,,,,,,,,,,,,
2026-07-14T00:01:58.226416+00:00,2026-07-14T00:01:58.216232,2,2,81.55,0.3,81.4,4,81.3,150,,,,,,,,,,,,,,,,,81.7,7,81.8,70,,,,,,,,,,,,,,,,
2026-07-14T00:01:58.269651+00:00,2026-07-14T00:01:58.268654,3,2,81.55,0.3,81.4,4,81.3,150,81.0,100,,,,,,,,,,,,,,,81.7,7,81.8,70,,,,,,,,,,,,,,,,
2026-07-14T00:01:58.280520+00:00,2026-07-14T00:01:58.279355,2,2,81.5,0.4,81.3,150,81.0,100,,,,,,,,,,,,,,,,,81.7,7,81.8,66,,,,,,,,,,,,,,,,
2026-07-14T00:01:58.291341+00:00,2026-07-14T00:01:58.285467,3,2,81.55,0.3,81.4,4,81.3,150,81.0,100,,,,,,,,,,,,,,,81.7,11,81.8,66,,,,,,,,,,,,,,,,
2026-07-14T00:01:58.329081+00:00,2026-07-14T00:01:58.327375,3,3,81.45,0.1,81.4,4,81.3,150,81.0,100,,,,,,,,,,,,,,,81.5,97,81.7,11,81.8,66,,,,,,,,,,,,,,
2026-07-14T00:01:58.668870+00:00,2026-07-14T00:01:58.665186,3,3,81.45,0.1,81.4,4,81.3,150,81.0,100,,,,,,,,,,,,,,,81.5,95,81.7,11,81.8,66,,,,,,,,,,,,,,
2026-07-14T00:01:58.838003+00:00,2026-07-14T00:01:58.830204,2,2,81.45,0.1,81.4,4,81.0,100,,,,,,,,,,,,,,,,,81.5,95,81.7,11,,,,,,,,,,,,,,,,
2026-07-14T00:01:58.880386+00:00,2026-07-14T00:01:58.879506,1,2,81.25,0.5,81.0,100,,,,,,,,,,,,,,,,,,,81.5,95,81.7,11,,,,,,,,,,,,,,,,
2026-07-14T00:01:58.891063+00:00,2026-07-14T00:01:58.887910,2,0,,,81.8,44,81.0,100,,,,,,,,,,,,,,,,,,,,,,,,,,,,,,,,,,,,
2026-07-14T00:01:58.949172+00:00,2026-07-14T00:01:58.948202,2,1,82.05,0.5,81.8,41,81.0,100,,,,,,,,,,,,,,,,,82.3,150,,,,,,,,,,,,,,,,,,
2026-07-14T00:01:59.302811+00:00,2026-07-14T00:01:59.301750,2,1,82.05,0.5,81.8,45,81.0,100,,,,,,,,,,,,,,,,,82.3,150,,,,,,,,,,,,,,,,,,
2026-07-14T00:01:59.313620+00:00,2026-07-14T00:01:59.303576,2,1,82.05,0.5,81.8,45,81.0,100,,,,,,,,,,,,,,,,,82.3,154,,,,,,,,,,,,,,,,,,
2026-07-14T00:02:00.005207+00:00,2026-07-14T00:01:59.998755,2,1,82.05,0.5,81.8,1,81.0,100,,,,,,,,,,,,,,,,,82.3,154,,,,,,,,,,,,,,,,,,
2026-07-14T00:02:00.328640+00:00,2026-07-14T00:02:00.326101,2,1,82.05,0.5,81.8,3,81.0,100,,,,,,,,,,,,,,,,,82.3,153,,,,,,,,,,,,,,,,,,
2026-07-14T00:02:00.545877+00:00,2026-07-14T00:02:00.535600,1,2,81.35,0.7,81.0,100,,,,,,,,,,,,,,,,,,,81.7,4,82.3,153,,,,,,,,,,,,,,,,
2026-07-14T00:02:01.247491+00:00,2026-07-14T00:02:01.246016,1,1,81.65,1.3,81.0,100,,,,,,,,,,,,,,,,,,,82.3,107,,,,,,,,,,,,,,,,,,
2026-07-14T00:02:01.343465+00:00,2026-07-14T00:02:01.338041,1,1,81.65,1.3,81.0,100,,,,,,,,,,,,,,,,,,,82.3,104,,,,,,,,,,,,,,,,,,
2026-07-14T00:02:01.354441+00:00,2026-07-14T00:02:01.346222,1,1,81.65,1.3,81.0,103,,,,,,,,,,,,,,,,,,,82.3,107,,,,,,,,,,,,,,,,,,
2026-07-14T00:02:01.397995+00:00,2026-07-14T00:02:01.387514,1,1,81.65,1.3,81.0,3,,,,,,,,,,,,,,,,,,,82.3,107,,,,,,,,,,,,,,,,,,
2026-07-14T00:02:01.451692+00:00,2026-07-14T00:02:01.441226,2,1,81.75,1.1,81.2,100,81.0,3,,,,,,,,,,,,,,,,,82.3,107,,,,,,,,,,,,,,,,,,
2026-07-14T00:02:01.494780+00:00,2026-07-14T00:02:01.492847,2,2,81.45,0.5,81.2,100,81.0,3,,,,,,,,,,,,,,,,,81.7,100,82.3,107,,,,,,,,,,,,,,,,
2026-07-14T00:02:02.006840+00:00,2026-07-14T00:02:02.006096,2,2,81.45,0.5,81.2,100,81.0,3,,,,,,,,,,,,,,,,,81.7,100,82.3,3,,,,,,,,,,,,,,,,
2026-07-14T00:02:02.060491+00:00,2026-07-14T00:02:02.054162,3,2,81.45,0.5,81.2,100,81.1,150,81.0,3,,,,,,,,,,,,,,,81.7,100,82.3,3,,,,,,,,,,,,,,,,
2026-07-14T00:02:02.113960+00:00,2026-07-14T00:02:02.106296,3,3,81.4,0.4,81.2,100,81.1,150,81.0,3,,,,,,,,,,,,,,,81.6,150,81.7,100,82.3,3,,,,,,,,,,,,,,
2026-07-14T00:02:02.371054+00:00,2026-07-14T00:02:02.368925,2,2,81.4,0.4,81.2,103,81.1,150,,,,,,,,,,,,,,,,,81.6,150,81.7,100,,,,,,,,,,,,,,,,
2026-07-14T00:02:02.382168+00:00,2026-07-14T00:02:02.371443,2,2,81.4,0.4,81.2,103,81.1,150,,,,,,,,,,,,,,,,,81.6,153,81.7,100,,,,,,,,,,,,,,,,
2026-07-14T00:02:03.356769+00:00,2026-07-14T00:02:03.352417,2,2,81.4,0.4,81.2,103,81.1,150,,,,,,,,,,,,,,,,,81.6,103,81.7,100,,,,,,,,,,,,,,,,
2026-07-14T00:02:03.399981+00:00,2026-07-14T00:02:03.397444,2,2,81.4,0.4,81.2,103,81.1,150,,,,,,,,,,,,,,,,,81.6,103,81.7,100,,,,,,,,,,,,,,,,
2026-07-14T00:02:04.158321+00:00,2026-07-14T00:02:04.152349,2,2,81.4,0.4,81.2,103,81.1,150,,,,,,,,,,,,,,,,,81.6,103,81.7,104,,,,,,,,,,,,,,,,
2026-07-14T00:02:04.436675+00:00,2026-07-14T00:02:04.434489,2,2,81.4,0.4,81.2,100,81.1,150,,,,,,,,,,,,,,,,,81.6,103,81.7,104,,,,,,,,,,,,,,,,
2026-07-14T00:02:04.447385+00:00,2026-07-14T00:02:04.442409,2,2,81.4,0.4,81.2,103,81.1,150,,,,,,,,,,,,,,,,,81.6,103,81.7,104,,,,,,,,,,,,,,,,
2026-07-14T00:02:04.533012+00:00,2026-07-14T00:02:04.523455,2,2,81.4,0.4,81.2,103,81.1,150,,,,,,,,,,,,,,,,,81.6,62,81.7,104,,,,,,,,,,,,,,,,
2026-07-14T00:02:04.554204+00:00,2026-07-14T00:02:04.547948,2,2,81.4,0.4,81.2,3,81.1,150,,,,,,,,,,,,,,,,,81.6,62,81.7,4,,,,,,,,,,,,,,,,
2026-07-14T00:02:04.607745+00:00,2026-07-14T00:02:04.600056,3,2,81.5,0.2,81.4,100,81.2,3,81.1,150,,,,,,,,,,,,,,,81.6,62,81.7,4,,,,,,,,,,,,,,,,
2026-07-14T00:02:04.661175+00:00,2026-07-14T00:02:04.653470,3,3,81.5,0.2,81.4,100,81.2,3,81.1,150,,,,,,,,,,,,,,,81.6,62,81.7,4,81.9,100,,,,,,,,,,,,,,
2026-07-14T00:02:04.703524+00:00,2026-07-14T00:02:04.696962,3,3,81.5,0.2,81.4,103,81.2,3,81.1,150,,,,,,,,,,,,,,,81.6,62,81.7,4,81.9,100,,,,,,,,,,,,,,
2026-07-14T00:02:05.164018+00:00,2026-07-14T00:02:05.160056,2,3,81.5,0.2,81.4,103,81.2,3,,,,,,,,,,,,,,,,,81.6,3,81.7,4,81.9,100,,,,,,,,,,,,,,
2026-07-14T00:02:05.217694+00:00,2026-07-14T00:02:05.214681,3,1,81.8,0.2,81.7,143,81.4,103,81.2,3,,,,,,,,,,,,,,,81.9,100,,,,,,,,,,,,,,,,,,
2026-07-14T00:02:05.271041+00:00,2026-07-14T00:02:05.266628,3,2,81.8,0.2,81.7,143,81.4,103,81.2,3,,,,,,,,,,,,,,,81.9,100,82.2,150,,,,,,,,,,,,,,,,
2026-07-14T00:02:05.398693+00:00,2026-07-14T00:02:05.388296,3,2,81.8,0.2,81.7,140,81.4,103,81.2,3,,,,,,,,,,,,,,,81.9,100,82.2,150,,,,,,,,,,,,,,,,
2026-07-14T00:02:05.462922+00:00,2026-07-14T00:02:05.462105,2,2,81.8,0.2,81.7,143,81.4,103,,,,,,,,,,,,,,,,,81.9,103,82.2,150,,,,,,,,,,,,,,,,
2026-07-14T00:02:05.600963+00:00,2026-07-14T00:02:05.599170,2,2,81.8,0.2,81.7,140,81.4,103,,,,,,,,,,,,,,,,,81.9,103,82.2,150,,,,,,,,,,,,,,,,
2026-07-14T00:02:05.707704+00:00,2026-07-14T00:02:05.701964,2,2,81.8,0.2,81.7,137,81.4,103,,,,,,,,,,,,,,,,,81.9,103,82.2,150,,,,,,,,,,,,,,,,
2026-07-14T00:02:06.254375+00:00,2026-07-14T00:02:06.243913,2,2,81.8,0.2,81.7,137,81.4,103,,,,,,,,,,,,,,,,,81.9,57,82.2,150,,,,,,,,,,,,,,,,
2026-07-14T00:02:06.478969+00:00,2026-07-14T00:02:06.477911,2,2,81.8,0.2,81.7,134,81.4,103,,,,,,,,,,,,,,,,,81.9,54,82.2,150,,,,,,,,,,,,,,,,
2026-07-14T00:02:06.489628+00:00,2026-07-14T00:02:06.482995,2,2,81.8,0.2,81.7,137,81.4,103,,,,,,,,,,,,,,,,,81.9,57,82.2,150,,,,,,,,,,,,,,,,
2026-07-14T00:02:07.363277+00:00,2026-07-14T00:02:07.356917,2,2,81.8,0.2,81.7,95,81.4,103,,,,,,,,,,,,,,,,,81.9,57,82.2,150,,,,,,,,,,,,,,,,
2026-07-14T00:02:07.504744+00:00,2026-07-14T00:02:07.503649,2,2,81.8,0.2,81.7,95,81.4,103,,,,,,,,,,,,,,,,,81.9,54,82.2,150,,,,,,,,,,,,,,,,
2026-07-14T00:02:07.515525+00:00,2026-07-14T00:02:07.505794,2,2,81.8,0.2,81.7,95,81.4,103,,,,,,,,,,,,,,,,,81.9,57,82.2,150,,,,,,,,,,,,,,,,
2026-07-14T00:02:07.569154+00:00,2026-07-14T00:02:07.563141,2,2,81.8,0.2,81.7,95,81.4,103,,,,,,,,,,,,,,,,,81.9,7,82.2,150,,,,,,,,,,,,,,,,
2026-07-14T00:02:07.717683+00:00,2026-07-14T00:02:07.709241,2,2,81.8,0.2,81.7,95,81.4,3,,,,,,,,,,,,,,,,,81.9,3,82.2,150,,,,,,,,,,,,,,,,
2026-07-14T00:02:07.770472+00:00,2026-07-14T00:02:07.762587,3,2,81.85,0.1,81.8,100,81.7,95,81.4,3,,,,,,,,,,,,,,,81.9,3,82.2,150,,,,,,,,,,,,,,,,
2026-07-14T00:02:07.823107+00:00,2026-07-14T00:02:07.815840,3,3,81.85,0.1,81.8,100,81.7,95,81.4,3,,,,,,,,,,,,,,,81.9,3,82.2,150,82.3,100,,,,,,,,,,,,,,
2026-07-14T00:02:07.833759+00:00,2026-07-14T00:02:07.824004,3,3,81.85,0.1,81.8,98,81.7,95,81.4,3,,,,,,,,,,,,,,,81.9,3,82.2,150,82.3,100,,,,,,,,,,,,,,
2026-07-14T00:02:08.269233+00:00,2026-07-14T00:02:08.261710,3,3,81.85,0.1,81.8,97,81.7,95,81.4,3,,,,,,,,,,,,,,,81.9,3,82.2,150,82.3,100,,,,,,,,,,,,,,
2026-07-14T00:02:08.322803+00:00,2026-07-14T00:02:08.322081,3,2,81.85,0.1,81.8,97,81.7,3,81.4,3,,,,,,,,,,,,,,,81.9,3,82.3,100,,,,,,,,,,,,,,,,
2026-07-14T00:02:08.376311+00:00,2026-07-14T00:02:08.375177,4,2,81.85,0.1,81.8,97,81.7,3,81.6,150,81.4,3,,,,,,,,,,,,,81.9,3,82.3,100,,,,,,,,,,,,,,,,
2026-07-14T00:02:08.429924+00:00,2026-07-14T00:02:08.428133,4,3,81.85,0.1,81.8,97,81.7,3,81.6,150,81.4,3,,,,,,,,,,,,,81.9,3,82.1,150,82.3,100,,,,,,,,,,,,,,
2026-07-14T00:02:08.526771+00:00,2026-07-14T00:02:08.525630,3,2,81.95,0.3,81.8,97,81.6,150,81.4,3,,,,,,,,,,,,,,,82.1,150,82.3,100,,,,,,,,,,,,,,,,
2026-07-14T00:02:08.537534+00:00,2026-07-14T00:02:08.534685,3,2,81.95,0.3,81.8,100,81.6,150,81.4,3,,,,,,,,,,,,,,,82.1,150,82.3,100,,,,,,,,,,,,,,,,
2026-07-14T00:02:08.548338+00:00,2026-07-14T00:02:08.537845,3,3,81.85,0.1,81.8,100,81.6,150,81.4,3,,,,,,,,,,,,,,,81.9,3,82.1,150,82.3,100,,,,,,,,,,,,,,
2026-07-14T00:02:08.794446+00:00,2026-07-14T00:02:08.789451,3,2,81.95,0.3,81.8,100,81.6,150,81.4,3,,,,,,,,,,,,,,,82.1,112,82.3,100,,,,,,,,,,,,,,,,
2026-07-14T00:02:08.848353+00:00,2026-07-14T00:02:08.844096,3,2,81.95,0.3,81.8,57,81.6,150,81.4,3,,,,,,,,,,,,,,,82.1,112,82.3,100,,,,,,,,,,,,,,,,
2026-07-14T00:02:09.399581+00:00,2026-07-14T00:02:09.393319,3,2,81.95,0.3,81.8,14,81.6,150,81.4,3,,,,,,,,,,,,,,,82.1,112,82.3,100,,,,,,,,,,,,,,,,
2026-07-14T00:02:09.562623+00:00,2026-07-14T00:02:09.558872,3,2,81.95,0.3,81.8,15,81.6,150,81.4,3,,,,,,,,,,,,,,,82.1,116,82.3,100,,,,,,,,,,,,,,,,
2026-07-14T00:02:10.498021+00:00,2026-07-14T00:02:10.492474,3,2,81.95,0.3,81.8,14,81.6,150,81.4,3,,,,,,,,,,,,,,,82.1,116,82.3,100,,,,,,,,,,,,,,,,
