recv_time,book_timestamp,n_bids,n_asks,mid,spread,bid_px_0,bid_vol_0,bid_px_1,bid_vol_1,bid_px_2,bid_vol_2,bid_px_3,bid_vol_3,bid_px_4,bid_vol_4,bid_px_5,bid_vol_5,bid_px_6,bid_vol_6,bid_px_7,bid_vol_7,bid_px_8,bid_vol_8,bid_px_9,bid_vol_9,ask_px_0,ask_vol_0,ask_px_1,ask_vol_1,ask_px_2,ask_vol_2,ask_px_3,ask_vol_3,ask_px_4,ask_vol_4,ask_px_5,ask_vol_5,ask_px_6,ask_vol_6,ask_px_7,ask_vol_7,ask_px_8,ask_vol_8,ask_px_9,ask_vol_9
2026-07-07T17:00:00.281603+00:00,2026-07-07T17:00:00.225777,3,2,141.4,0.4,141.2,57,141.1,150,141.0,12,,,,,,,,,,,,,,,141.6,9,141.7,100,,,,,,,,,,,,,,,,
2026-07-07T17:00:00.322274+00:00,2026-07-07T17:00:00.287218,3,2,141.4,0.4,141.2,16,141.1,150,141.0,12,,,,,,,,,,,,,,,141.6,9,141.7,100,,,,,,,,,,,,,,,,
2026-07-07T17:00:00.559127+00:00,2026-07-07T17:00:00.563058,2,1,141.45,0.5,141.2,16,141.0,12,,,,,,,,,,,,,,,,,141.7,100,,,,,,,,,,,,,,,,,,
2026-07-07T17:00:00.628787+00:00,2026-07-07T17:00:00.622743,3,1,141.65,0.1,141.6,116,141.2,16,141.0,12,,,,,,,,,,,,,,,141.7,100,,,,,,,,,,,,,,,,,,
2026-07-07T17:00:00.678712+00:00,2026-07-07T17:00:00.678503,3,2,141.65,0.1,141.6,116,141.2,16,141.0,12,,,,,,,,,,,,,,,141.7,100,142.1,150,,,,,,,,,,,,,,,,
2026-07-07T17:00:01.191071+00:00,2026-07-07T17:00:01.219728,2,1,141.85,0.5,141.6,116,141.0,12,,,,,,,,,,,,,,,,,142.1,150,,,,,,,,,,,,,,,,,,
2026-07-07T17:00:01.280045+00:00,2026-07-07T17:00:01.279935,2,1,141.85,0.5,141.6,116,141.0,112,,,,,,,,,,,,,,,,,142.1,150,,,,,,,,,,,,,,,,,,
2026-07-07T17:00:01.340460+00:00,2026-07-07T17:00:01.340383,2,1,141.85,0.5,141.6,16,141.0,112,,,,,,,,,,,,,,,,,142.1,150,,,,,,,,,,,,,,,,,,
2026-07-07T17:00:01.770739+00:00,2026-07-07T17:00:01.770683,1,1,141.55,1.1,141.0,112,,,,,,,,,,,,,,,,,,,142.1,150,,,,,,,,,,,,,,,,,,
2026-07-07T17:00:01.925123+00:00,2026-07-07T17:00:01.924980,1,1,141.55,1.1,141.0,112,,,,,,,,,,,,,,,,,,,142.1,150,,,,,,,,,,,,,,,,,,
2026-07-07T17:00:02.403659+00:00,2026-07-07T17:00:02.403571,1,1,141.55,1.1,141.0,62,,,,,,,,,,,,,,,,,,,142.1,150,,,,,,,,,,,,,,,,,,
2026-07-07T17:00:03.739502+00:00,2026-07-07T17:00:03.739440,1,0,,,141.0,62,,,,,,,,,,,,,,,,,,,,,,,,,,,,,,,,,,,,,,
2026-07-07T17:00:03.819505+00:00,2026-07-07T17:00:03.795965,1,0,,,141.0,212,,,,,,,,,,,,,,,,,,,,,,,,,,,,,,,,,,,,,,
2026-07-07T17:00:03.849554+00:00,2026-07-07T17:00:03.849472,1,1,141.25,0.5,141.0,212,,,,,,,,,,,,,,,,,,,141.5,150,,,,,,,,,,,,,,,,,,
2026-07-07T17:00:03.937809+00:00,2026-07-07T17:00:03.937703,1,1,141.25,0.5,141.0,212,,,,,,,,,,,,,,,,,,,141.5,150,,,,,,,,,,,,,,,,,,
2026-07-07T17:00:04.392984+00:00,2026-07-07T17:00:04.392875,1,1,141.25,0.5,141.0,162,,,,,,,,,,,,,,,,,,,141.5,150,,,,,,,,,,,,,,,,,,
2026-07-07T17:00:04.447799+00:00,2026-07-07T17:00:04.447748,2,1,141.35,0.3,141.2,100,141.0,162,,,,,,,,,,,,,,,,,141.5,150,,,,,,,,,,,,,,,,,,
2026-07-07T17:00:04.500463+00:00,2026-07-07T17:00:04.500363,2,2,141.35,0.3,141.2,100,141.0,162,,,,,,,,,,,,,,,,,141.5,150,141.7,100,,,,,,,,,,,,,,,,
2026-07-07T17:00:04.510631+00:00,2026-07-07T17:00:04.510834,2,2,141.35,0.3,141.2,50,141.0,162,,,,,,,,,,,,,,,,,141.5,150,141.7,100,,,,,,,,,,,,,,,,
2026-07-07T17:00:06.640184+00:00,2026-07-07T17:00:06.619680,1,2,141.25,0.5,141.0,162,,,,,,,,,,,,,,,,,,,141.5,150,141.7,100,,,,,,,,,,,,,,,,
2026-07-07T17:00:06.909411+00:00,2026-07-07T17:00:06.909325,1,1,141.35,0.7,141.0,12,,,,,,,,,,,,,,,,,,,141.7,100,,,,,,,,,,,,,,,,,,
2026-07-07T17:00:06.958646+00:00,2026-07-07T17:00:06.953483,2,1,141.4,0.6,141.1,150,141.0,12,,,,,,,,,,,,,,,,,141.7,100,,,,,,,,,,,,,,,,,,
2026-07-07T17:00:07.016932+00:00,2026-07-07T17:00:07.017023,2,2,141.35,0.5,141.1,150,141.0,12,,,,,,,,,,,,,,,,,141.6,150,141.7,100,,,,,,,,,,,,,,,,
2026-07-07T17:00:07.458580+00:00,2026-07-07T17:00:07.456711,1,2,141.35,0.5,141.1,162,,,,,,,,,,,,,,,,,,,141.6,150,141.7,100,,,,,,,,,,,,,,,,
2026-07-07T17:00:07.554934+00:00,2026-07-07T17:00:07.554896,1,1,141.35,0.5,141.1,162,,,,,,,,,,,,,,,,,,,141.6,150,,,,,,,,,,,,,,,,,,
2026-07-07T17:00:07.608169+00:00,2026-07-07T17:00:07.608133,2,1,141.35,0.5,141.1,162,141.0,100,,,,,,,,,,,,,,,,,141.6,150,,,,,,,,,,,,,,,,,,
2026-07-07T17:00:07.658565+00:00,2026-07-07T17:00:07.656349,2,2,141.3,0.4,141.1,162,141.0,100,,,,,,,,,,,,,,,,,141.5,100,141.6,150,,,,,,,,,,,,,,,,
2026-07-07T17:00:08.685133+00:00,2026-07-07T17:00:08.685293,2,2,141.3,0.4,141.1,162,141.0,100,,,,,,,,,,,,,,,,,141.5,50,141.6,150,,,,,,,,,,,,,,,,
2026-07-07T17:00:09.447867+00:00,2026-07-07T17:00:09.447744,2,2,141.3,0.4,141.1,162,141.0,100,,,,,,,,,,,,,,,,,141.5,7,141.6,150,,,,,,,,,,,,,,,,
2026-07-07T17:00:09.546103+00:00,2026-07-07T17:00:09.538675,2,1,141.35,0.5,141.1,162,141.0,100,,,,,,,,,,,,,,,,,141.6,150,,,,,,,,,,,,,,,,,,
2026-07-07T17:00:09.555972+00:00,2026-07-07T17:00:09.549903,2,1,141.35,0.5,141.1,162,141.0,100,,,,,,,,,,,,,,,,,141.6,146,,,,,,,,,,,,,,,,,,
2026-07-07T17:00:09.724280+00:00,2026-07-07T17:00:09.724404,3,1,141.4,0.4,141.2,12,141.1,150,141.0,100,,,,,,,,,,,,,,,141.6,146,,,,,,,,,,,,,,,,,,
2026-07-07T17:00:10.072394+00:00,2026-07-07T17:00:10.072537,2,0,,,141.2,12,141.0,100,,,,,,,,,,,,,,,,,,,,,,,,,,,,,,,,,,,,
2026-07-07T17:00:10.124410+00:00,2026-07-07T17:00:10.124346,3,0,,,141.4,150,141.2,12,141.0,100,,,,,,,,,,,,,,,,,,,,,,,,,,,,,,,,,,
2026-07-07T17:00:10.180061+00:00,2026-07-07T17:00:10.179997,3,1,141.65,0.5,141.4,150,141.2,12,141.0,100,,,,,,,,,,,,,,,141.9,150,,,,,,,,,,,,,,,,,,
2026-07-07T17:00:10.233096+00:00,2026-07-07T17:00:10.233228,2,1,141.65,0.5,141.4,150,141.0,100,,,,,,,,,,,,,,,,,141.9,150,,,,,,,,,,,,,,,,,,
2026-07-07T17:00:10.254263+00:00,2026-07-07T17:00:10.254212,3,1,141.65,0.5,141.4,150,141.2,12,141.0,100,,,,,,,,,,,,,,,141.9,150,,,,,,,,,,,,,,,,,,
2026-07-07T17:00:10.713198+00:00,2026-07-07T17:00:10.713110,2,1,141.65,0.5,141.4,150,141.2,12,,,,,,,,,,,,,,,,,141.9,150,,,,,,,,,,,,,,,,,,
2026-07-07T17:00:10.766157+00:00,2026-07-07T17:00:10.766083,3,1,141.75,0.3,141.6,100,141.4,150,141.2,12,,,,,,,,,,,,,,,141.9,150,,,,,,,,,,,,,,,,,,
2026-07-07T17:00:10.818343+00:00,2026-07-07T17:00:10.818190,3,1,141.75,0.3,141.6,100,141.4,150,141.2,12,,,,,,,,,,,,,,,141.9,100,,,,,,,,,,,,,,,,,,
2026-07-07T17:00:10.823556+00:00,2026-07-07T17:00:10.823399,3,2,141.75,0.3,141.6,100,141.4,150,141.2,12,,,,,,,,,,,,,,,141.9,100,142.1,100,,,,,,,,,,,,,,,,
2026-07-07T17:00:10.975015+00:00,2026-07-07T17:00:10.974934,3,2,141.75,0.3,141.6,60,141.4,150,141.2,12,,,,,,,,,,,,,,,141.9,100,142.1,100,,,,,,,,,,,,,,,,
2026-07-07T17:00:11.558691+00:00,2026-07-07T17:00:11.555367,3,2,141.75,0.3,141.6,18,141.4,150,141.2,12,,,,,,,,,,,,,,,141.9,100,142.1,100,,,,,,,,,,,,,,,,
2026-07-07T17:00:12.127518+00:00,2026-07-07T17:00:12.127485,3,2,141.75,0.3,141.6,18,141.4,150,141.2,12,,,,,,,,,,,,,,,141.9,51,142.1,100,,,,,,,,,,,,,,,,
2026-07-07T17:00:12.168991+00:00,2026-07-07T17:00:12.162563,3,2,141.75,0.3,141.6,7,141.4,150,141.2,12,,,,,,,,,,,,,,,141.9,51,142.1,100,,,,,,,,,,,,,,,,
2026-07-07T17:00:12.263735+00:00,2026-07-07T17:00:12.263656,3,2,141.75,0.3,141.6,7,141.4,150,141.1,12,,,,,,,,,,,,,,,141.9,51,142.1,100,,,,,,,,,,,,,,,,
2026-07-07T17:00:13.238776+00:00,2026-07-07T17:00:13.238667,2,1,141.85,0.5,141.6,7,141.1,12,,,,,,,,,,,,,,,,,142.1,100,,,,,,,,,,,,,,,,,,
2026-07-07T17:00:13.274425+00:00,2026-07-07T17:00:13.274318,1,1,141.85,0.5,141.6,7,,,,,,,,,,,,,,,,,,,142.1,100,,,,,,,,,,,,,,,,,,
2026-07-07T17:00:13.279675+00:00,2026-07-07T17:00:13.279607,2,1,141.85,0.5,141.6,7,141.2,12,,,,,,,,,,,,,,,,,142.1,100,,,,,,,,,,,,,,,,,,
2026-07-07T17:00:13.290031+00:00,2026-07-07T17:00:13.289953,3,1,141.85,0.5,141.6,7,141.5,150,141.2,12,,,,,,,,,,,,,,,142.1,100,,,,,,,,,,,,,,,,,,
2026-07-07T17:00:13.344821+00:00,2026-07-07T17:00:13.344703,3,2,141.8,0.4,141.6,7,141.5,150,141.2,12,,,,,,,,,,,,,,,142.0,150,142.1,100,,,,,,,,,,,,,,,,
2026-07-07T17:00:13.875571+00:00,2026-07-07T17:00:13.875495,2,1,141.75,0.5,141.5,150,141.2,12,,,,,,,,,,,,,,,,,142.0,150,,,,,,,,,,,,,,,,,,
2026-07-07T17:00:13.930844+00:00,2026-07-07T17:00:13.930977,2,1,141.75,0.5,141.5,150,141.2,112,,,,,,,,,,,,,,,,,142.0,150,,,,,,,,,,,,,,,,,,
2026-07-07T17:00:13.986516+00:00,2026-07-07T17:00:13.986381,2,2,141.6,0.2,141.5,150,141.2,112,,,,,,,,,,,,,,,,,141.7,100,142.0,150,,,,,,,,,,,,,,,,
2026-07-07T17:00:14.037971+00:00,2026-07-07T17:00:14.037935,3,2,141.6,0.2,141.5,150,141.3,12,141.2,100,,,,,,,,,,,,,,,141.7,100,142.0,150,,,,,,,,,,,,,,,,
2026-07-07T17:00:15.189304+00:00,2026-07-07T17:00:15.189463,3,2,141.6,0.2,141.5,150,141.3,12,141.2,100,,,,,,,,,,,,,,,141.7,53,142.0,150,,,,,,,,,,,,,,,,
2026-07-07T17:00:15.760785+00:00,2026-07-07T17:00:15.760646,3,2,141.6,0.2,141.5,106,141.3,12,141.2,100,,,,,,,,,,,,,,,141.7,53,142.0,150,,,,,,,,,,,,,,,,
2026-07-07T17:00:16.300894+00:00,2026-07-07T17:00:16.300794,3,2,141.6,0.2,141.5,106,141.2,100,141.1,12,,,,,,,,,,,,,,,141.7,53,142.0,150,,,,,,,,,,,,,,,,
2026-07-07T17:00:16.400413+00:00,2026-07-07T17:00:16.400317,2,1,141.45,0.5,141.2,100,141.1,12,,,,,,,,,,,,,,,,,141.7,53,,,,,,,,,,,,,,,,,,
2026-07-07T17:00:16.458637+00:00,2026-07-07T17:00:16.453875,3,1,141.5,0.4,141.3,150,141.2,100,141.1,12,,,,,,,,,,,,,,,141.7,53,,,,,,,,,,,,,,,,,,
2026-07-07T17:00:16.507349+00:00,2026-07-07T17:00:16.507212,3,2,141.5,0.4,141.3,150,141.2,100,141.1,12,,,,,,,,,,,,,,,141.7,53,141.8,150,,,,,,,,,,,,,,,,
2026-07-07T17:00:16.829021+00:00,2026-07-07T17:00:16.829112,3,2,141.5,0.4,141.3,107,141.2,100,141.1,12,,,,,,,,,,,,,,,141.7,53,141.8,150,,,,,,,,,,,,,,,,
2026-07-07T17:00:17.048453+00:00,2026-07-07T17:00:17.048347,2,1,141.55,0.5,141.3,107,141.1,12,,,,,,,,,,,,,,,,,141.8,150,,,,,,,,,,,,,,,,,,
2026-07-07T17:00:17.103662+00:00,2026-07-07T17:00:17.103567,2,1,141.55,0.5,141.3,107,141.1,112,,,,,,,,,,,,,,,,,141.8,150,,,,,,,,,,,,,,,,,,
2026-07-07T17:00:17.152770+00:00,2026-07-07T17:00:17.152949,2,2,141.45,0.3,141.3,107,141.1,112,,,,,,,,,,,,,,,,,141.6,100,141.8,150,,,,,,,,,,,,,,,,
2026-07-07T17:00:17.309391+00:00,2026-07-07T17:00:17.309365,2,2,141.45,0.3,141.3,107,141.1,112,,,,,,,,,,,,,,,,,141.6,100,141.8,150,,,,,,,,,,,,,,,,
2026-07-07T17:00:19.529133+00:00,2026-07-07T17:00:19.529044,2,2,141.45,0.3,141.3,107,141.1,112,,,,,,,,,,,,,,,,,141.6,60,141.8,150,,,,,,,,,,,,,,,,
2026-07-07T17:00:19.558605+00:00,2026-07-07T17:00:19.558371,1,1,141.35,0.5,141.1,112,,,,,,,,,,,,,,,,,,,141.6,60,,,,,,,,,,,,,,,,,,
2026-07-07T17:00:19.619384+00:00,2026-07-07T17:00:19.619306,2,1,141.4,0.4,141.2,150,141.1,112,,,,,,,,,,,,,,,,,141.6,60,,,,,,,,,,,,,,,,,,
2026-07-07T17:00:19.672684+00:00,2026-07-07T17:00:19.672584,2,2,141.4,0.4,141.2,150,141.1,112,,,,,,,,,,,,,,,,,141.6,60,141.7,150,,,,,,,,,,,,,,,,
2026-07-07T17:00:20.212778+00:00,2026-07-07T17:00:20.212726,2,1,141.45,0.5,141.2,150,141.1,12,,,,,,,,,,,,,,,,,141.7,150,,,,,,,,,,,,,,,,,,
2026-07-07T17:00:20.266961+00:00,2026-07-07T17:00:20.266876,3,1,141.5,0.4,141.3,100,141.2,150,141.1,12,,,,,,,,,,,,,,,141.7,150,,,,,,,,,,,,,,,,,,
2026-07-07T17:00:20.323477+00:00,2026-07-07T17:00:20.323387,3,2,141.5,0.4,141.3,100,141.2,150,141.1,12,,,,,,,,,,,,,,,141.7,150,141.8,100,,,,,,,,,,,,,,,,
2026-07-07T17:00:20.993483+00:00,2026-07-07T17:00:20.993419,3,2,141.5,0.4,141.3,100,141.2,150,141.1,12,,,,,,,,,,,,,,,141.7,104,141.8,100,,,,,,,,,,,,,,,,
2026-07-07T17:00:21.406247+00:00,2026-07-07T17:00:21.406164,3,2,141.5,0.4,141.3,50,141.2,150,141.1,12,,,,,,,,,,,,,,,141.7,104,141.8,100,,,,,,,,,,,,,,,,
2026-07-07T17:00:21.502640+00:00,2026-07-07T17:00:21.502540,3,2,141.5,0.4,141.3,50,141.2,150,141.1,12,,,,,,,,,,,,,,,141.7,62,141.8,100,,,,,,,,,,,,,,,,
2026-07-07T17:00:22.727406+00:00,2026-07-07T17:00:22.727313,2,1,141.55,0.5,141.3,50,141.1,12,,,,,,,,,,,,,,,,,141.8,100,,,,,,,,,,,,,,,,,,
2026-07-07T17:00:22.782377+00:00,2026-07-07T17:00:22.782327,3,1,141.7,0.2,141.6,150,141.3,50,141.1,12,,,,,,,,,,,,,,,141.8,100,,,,,,,,,,,,,,,,,,
2026-07-07T17:00:22.835468+00:00,2026-07-07T17:00:22.835379,3,2,141.7,0.2,141.6,150,141.3,50,141.1,12,,,,,,,,,,,,,,,141.8,100,142.1,150,,,,,,,,,,,,,,,,
2026-07-07T17:00:23.058670+00:00,2026-07-07T17:00:23.056268,3,2,141.7,0.2,141.6,106,141.3,50,141.1,12,,,,,,,,,,,,,,,141.8,100,142.1,150,,,,,,,,,,,,,,,,
2026-07-07T17:00:23.374655+00:00,2026-07-07T17:00:23.374536,3,1,141.85,0.5,141.6,106,141.3,50,141.1,12,,,,,,,,,,,,,,,142.1,150,,,,,,,,,,,,,,,,,,
2026-07-07T17:00:23.379853+00:00,2026-07-07T17:00:23.379727,2,1,141.85,0.5,141.6,106,141.1,12,,,,,,,,,,,,,,,,,142.1,150,,,,,,,,,,,,,,,,,,
2026-07-07T17:00:23.433672+00:00,2026-07-07T17:00:23.433571,3,1,141.85,0.5,141.6,106,141.2,100,141.1,12,,,,,,,,,,,,,,,142.1,150,,,,,,,,,,,,,,,,,,
2026-07-07T17:00:23.456103+00:00,2026-07-07T17:00:23.456275,3,1,141.85,0.5,141.6,106,141.2,100,141.1,12,,,,,,,,,,,,,,,142.1,100,,,,,,,,,,,,,,,,,,
2026-07-07T17:00:23.490484+00:00,2026-07-07T17:00:23.490379,3,2,141.65,0.1,141.6,106,141.2,100,141.1,12,,,,,,,,,,,,,,,141.7,100,142.1,100,,,,,,,,,,,,,,,,
2026-07-07T17:00:23.598929+00:00,2026-07-07T17:00:23.598788,3,2,141.65,0.1,141.6,64,141.2,100,141.1,12,,,,,,,,,,,,,,,141.7,100,142.1,100,,,,,,,,,,,,,,,,
2026-07-07T17:00:23.972834+00:00,2026-07-07T17:00:23.962637,3,2,141.65,0.1,141.6,52,141.2,100,141.1,12,,,,,,,,,,,,,,,141.7,100,142.1,100,,,,,,,,,,,,,,,,
2026-07-07T17:00:24.841629+00:00,2026-07-07T17:00:24.841759,3,2,141.65,0.1,141.6,52,141.3,12,141.2,100,,,,,,,,,,,,,,,141.7,100,142.1,100,,,,,,,,,,,,,,,,
2026-07-07T17:00:25.350390+00:00,2026-07-07T17:00:25.350242,2,2,141.65,0.1,141.6,52,141.2,100,,,,,,,,,,,,,,,,,141.7,100,142.1,100,,,,,,,,,,,,,,,,
2026-07-07T17:00:25.390905+00:00,2026-07-07T17:00:25.390757,2,2,141.65,0.1,141.6,52,141.2,112,,,,,,,,,,,,,,,,,141.7,100,142.1,100,,,,,,,,,,,,,,,,
2026-07-07T17:00:25.615054+00:00,2026-07-07T17:00:25.615196,2,2,141.65,0.1,141.6,2,141.2,112,,,,,,,,,,,,,,,,,141.7,100,142.1,100,,,,,,,,,,,,,,,,
2026-07-07T17:00:25.890747+00:00,2026-07-07T17:00:25.890692,1,1,141.45,0.5,141.2,112,,,,,,,,,,,,,,,,,,,141.7,100,,,,,,,,,,,,,,,,,,
2026-07-07T17:00:25.946070+00:00,2026-07-07T17:00:25.945965,1,1,141.45,0.5,141.2,262,,,,,,,,,,,,,,,,,,,141.7,100,,,,,,,,,,,,,,,,,,
2026-07-07T17:00:25.998956+00:00,2026-07-07T17:00:25.998910,1,1,141.45,0.5,141.2,262,,,,,,,,,,,,,,,,,,,141.7,250,,,,,,,,,,,,,,,,,,
2026-07-07T17:00:26.545856+00:00,2026-07-07T17:00:26.545751,1,1,141.45,0.5,141.2,162,,,,,,,,,,,,,,,,,,,141.7,150,,,,,,,,,,,,,,,,,,
2026-07-07T17:00:26.596435+00:00,2026-07-07T17:00:26.596520,1,1,141.45,0.5,141.2,262,,,,,,,,,,,,,,,,,,,141.7,150,,,,,,,,,,,,,,,,,,
2026-07-07T17:00:26.647003+00:00,2026-07-07T17:00:26.646914,2,1,141.45,0.5,141.2,250,141.1,12,,,,,,,,,,,,,,,,,141.7,150,,,,,,,,,,,,,,,,,,
2026-07-07T17:00:26.652235+00:00,2026-07-07T17:00:26.652114,2,1,141.45,0.5,141.2,250,141.1,12,,,,,,,,,,,,,,,,,141.7,250,,,,,,,,,,,,,,,,,,
2026-07-07T17:00:27.723333+00:00,2026-07-07T17:00:27.723468,2,1,141.45,0.5,141.2,200,141.1,12,,,,,,,,,,,,,,,,,141.7,250,,,,,,,,,,,,,,,,,,
2026-07-07T17:00:29.051720+00:00,2026-07-07T17:00:29.051597,2,1,141.45,0.5,141.2,100,141.1,12,,,,,,,,,,,,,,,,,141.7,100,,,,,,,,,,,,,,,,,,
2026-07-07T17:00:29.108126+00:00,2026-07-07T17:00:29.108069,3,1,141.45,0.5,141.2,100,141.1,12,140.9,150,,,,,,,,,,,,,,,141.7,100,,,,,,,,,,,,,,,,,,
2026-07-07T17:00:29.170134+00:00,2026-07-07T17:00:29.163247,3,2,141.3,0.2,141.2,100,141.1,12,140.9,150,,,,,,,,,,,,,,,141.4,138,141.7,100,,,,,,,,,,,,,,,,
2026-07-07T17:00:29.223278+00:00,2026-07-07T17:00:29.216088,3,2,141.3,0.2,141.2,100,141.1,12,140.9,150,,,,,,,,,,,,,,,141.4,127,141.7,100,,,,,,,,,,,,,,,,
2026-07-07T17:00:29.410999+00:00,2026-07-07T17:00:29.410928,3,2,141.3,0.2,141.2,100,141.1,12,140.9,150,,,,,,,,,,,,,,,141.4,127,141.7,100,,,,,,,,,,,,,,,,
2026-07-07T17:00:29.703375+00:00,2026-07-07T17:00:29.703299,2,1,141.25,0.3,141.1,12,140.9,150,,,,,,,,,,,,,,,,,141.4,127,,,,,,,,,,,,,,,,,,
2026-07-07T17:00:29.758598+00:00,2026-07-07T17:00:29.755386,3,1,141.3,0.2,141.2,100,141.1,12,140.9,150,,,,,,,,,,,,,,,141.4,127,,,,,,,,,,,,,,,,,,
2026-07-07T17:00:29.779474+00:00,2026-07-07T17:00:29.779408,3,1,141.3,0.2,141.2,100,141.1,12,140.9,150,,,,,,,,,,,,,,,141.4,77,,,,,,,,,,,,,,,,,,
2026-07-07T17:00:29.814006+00:00,2026-07-07T17:00:29.813909,3,2,141.3,0.2,141.2,100,141.1,12,140.9,150,,,,,,,,,,,,,,,141.4,77,141.7,100,,,,,,,,,,,,,,,,
2026-07-07T17:00:30.422125+00:00,2026-07-07T17:00:30.415953,3,2,141.3,0.2,141.2,100,141.1,12,140.9,150,,,,,,,,,,,,,,,141.4,66,141.7,100,,,,,,,,,,,,,,,,
2026-07-07T17:00:31.003056+00:00,2026-07-07T17:00:31.002910,3,2,141.3,0.2,141.2,53,141.1,12,140.9,150,,,,,,,,,,,,,,,141.4,66,141.7,100,,,,,,,,,,,,,,,,
2026-07-07T17:00:31.886856+00:00,2026-07-07T17:00:31.886720,3,2,141.3,0.2,141.2,53,141.1,12,140.9,150,,,,,,,,,,,,,,,141.4,16,141.7,100,,,,,,,,,,,,,,,,
2026-07-07T17:00:32.175491+00:00,2026-07-07T17:00:32.175430,2,2,141.3,0.2,141.2,65,140.9,150,,,,,,,,,,,,,,,,,141.4,16,141.7,100,,,,,,,,,,,,,,,,
2026-07-07T17:00:32.215744+00:00,2026-07-07T17:00:32.215667,1,1,141.45,0.5,141.2,65,,,,,,,,,,,,,,,,,,,141.7,100,,,,,,,,,,,,,,,,,,
2026-07-07T17:00:32.276719+00:00,2026-07-07T17:00:32.270379,2,1,141.65,0.1,141.6,139,141.2,65,,,,,,,,,,,,,,,,,141.7,100,,,,,,,,,,,,,,,,,,
2026-07-07T17:00:32.319316+00:00,2026-07-07T17:00:32.319408,2,2,141.65,0.1,141.6,139,141.2,65,,,,,,,,,,,,,,,,,141.7,100,142.1,150,,,,,,,,,,,,,,,,
2026-07-07T17:00:32.433429+00:00,2026-07-07T17:00:32.433366,2,2,141.65,0.1,141.6,139,141.2,65,,,,,,,,,,,,,,,,,141.7,100,142.1,150,,,,,,,,,,,,,,,,
2026-07-07T17:00:32.871320+00:00,2026-07-07T17:00:32.871232,2,1,141.85,0.5,141.6,139,141.2,12,,,,,,,,,,,,,,,,,142.1,150,,,,,,,,,,,,,,,,,,
2026-07-07T17:00:32.926878+00:00,2026-07-07T17:00:32.926732,3,1,141.85,0.5,141.6,139,141.2,12,141.1,100,,,,,,,,,,,,,,,142.1,150,,,,,,,,,,,,,,,,,,
2026-07-07T17:00:32.937353+00:00,2026-07-07T17:00:32.937237,2,1,141.85,0.5,141.6,139,141.1,100,,,,,,,,,,,,,,,,,142.1,150,,,,,,,,,,,,,,,,,,
2026-07-07T17:00:32.942468+00:00,2026-07-07T17:00:32.942433,3,1,141.85,0.5,141.6,139,141.2,12,141.1,100,,,,,,,,,,,,,,,142.1,150,,,,,,,,,,,,,,,,,,
2026-07-07T17:00:32.980879+00:00,2026-07-07T17:00:32.980829,3,1,141.85,0.5,141.6,39,141.2,12,141.1,100,,,,,,,,,,,,,,,142.1,150,,,,,,,,,,,,,,,,,,
2026-07-07T17:00:33.994096+00:00,2026-07-07T17:00:33.994045,3,1,141.85,0.5,141.6,39,141.2,12,141.1,100,,,,,,,,,,,,,,,142.1,100,,,,,,,,,,,,,,,,,,
2026-07-07T17:00:34.069128+00:00,2026-07-07T17:00:34.063282,3,1,141.85,0.5,141.6,28,141.2,12,141.1,100,,,,,,,,,,,,,,,142.1,100,,,,,,,,,,,,,,,,,,
2026-07-07T17:00:34.702296+00:00,2026-07-07T17:00:34.702180,3,1,141.85,0.5,141.6,28,141.1,100,141.0,12,,,,,,,,,,,,,,,142.1,100,,,,,,,,,,,,,,,,,,
2026-07-07T17:00:35.373425+00:00,2026-07-07T17:00:35.373330,3,0,,,141.6,28,141.1,100,141.0,12,,,,,,,,,,,,,,,,,,,,,,,,,,,,,,,,,,
2026-07-07T17:00:35.378723+00:00,2026-07-07T17:00:35.378547,2,0,,,141.1,100,141.0,12,,,,,,,,,,,,,,,,,,,,,,,,,,,,,,,,,,,,
2026-07-07T17:00:35.433854+00:00,2026-07-07T17:00:35.433780,2,0,,,141.1,250,141.0,12,,,,,,,,,,,,,,,,,,,,,,,,,,,,,,,,,,,,
2026-07-07T17:00:35.482329+00:00,2026-07-07T17:00:35.482220,2,1,141.35,0.5,141.1,250,141.0,12,,,,,,,,,,,,,,,,,141.6,150,,,,,,,,,,,,,,,,,,
2026-07-07T17:00:35.711764+00:00,2026-07-07T17:00:35.711684,2,1,141.35,0.5,141.1,250,141.0,12,,,,,,,,,,,,,,,,,141.6,150,,,,,,,,,,,,,,,,,,
2026-07-07T17:00:36.038227+00:00,2026-07-07T17:00:36.038316,2,1,141.35,0.5,141.1,150,141.0,12,,,,,,,,,,,,,,,,,141.6,150,,,,,,,,,,,,,,,,,,
2026-07-07T17:00:36.095103+00:00,2026-07-07T17:00:36.095029,3,1,141.4,0.4,141.2,100,141.1,150,141.0,12,,,,,,,,,,,,,,,141.6,150,,,,,,,,,,,,,,,,,,
2026-07-07T17:00:36.107600+00:00,2026-07-07T17:00:36.107481,3,1,141.4,0.4,141.2,100,141.1,150,141.0,12,,,,,,,,,,,,,,,141.6,100,,,,,,,,,,,,,,,,,,
2026-07-07T17:00:36.164288+00:00,2026-07-07T17:00:36.164038,3,2,141.4,0.4,141.2,100,141.1,150,141.0,12,,,,,,,,,,,,,,,141.6,100,141.7,100,,,,,,,,,,,,,,,,
2026-07-07T17:00:38.218682+00:00,2026-07-07T17:00:38.218823,3,2,141.4,0.4,141.2,100,141.1,150,141.0,12,,,,,,,,,,,,,,,141.6,50,141.7,100,,,,,,,,,,,,,,,,
2026-07-07T17:00:38.541268+00:00,2026-07-07T17:00:38.541397,2,1,141.45,0.5,141.2,100,141.0,12,,,,,,,,,,,,,,,,,141.7,100,,,,,,,,,,,,,,,,,,
2026-07-07T17:00:38.597280+00:00,2026-07-07T17:00:38.597169,3,1,141.55,0.3,141.4,150,141.2,100,141.0,12,,,,,,,,,,,,,,,141.7,100,,,,,,,,,,,,,,,,,,
2026-07-07T17:00:38.651519+00:00,2026-07-07T17:00:38.651399,3,2,141.55,0.3,141.4,150,141.2,100,141.0,12,,,,,,,,,,,,,,,141.7,100,141.9,150,,,,,,,,,,,,,,,,
2026-07-07T17:00:38.731632+00:00,2026-07-07T17:00:38.731530,3,2,141.55,0.3,141.4,150,141.2,100,140.9,12,,,,,,,,,,,,,,,141.7,100,141.9,150,,,,,,,,,,,,,,,,
2026-07-07T17:00:39.218034+00:00,2026-07-07T17:00:39.217947,2,1,141.65,0.5,141.4,150,140.9,12,,,,,,,,,,,,,,,,,141.9,150,,,,,,,,,,,,,,,,,,
2026-07-07T17:00:39.239736+00:00,2026-07-07T17:00:39.239620,2,1,141.65,0.5,141.4,150,141.0,12,,,,,,,,,,,,,,,,,141.9,150,,,,,,,,,,,,,,,,,,
2026-07-07T17:00:39.288014+00:00,2026-07-07T17:00:39.287906,3,1,141.65,0.5,141.4,150,141.1,100,141.0,12,,,,,,,,,,,,,,,141.9,150,,,,,,,,,,,,,,,,,,
2026-07-07T17:00:39.343537+00:00,2026-07-07T17:00:39.343408,3,2,141.5,0.2,141.4,150,141.1,100,141.0,12,,,,,,,,,,,,,,,141.6,100,141.9,150,,,,,,,,,,,,,,,,
2026-07-07T17:00:39.397007+00:00,2026-07-07T17:00:39.397165,3,2,141.5,0.2,141.4,150,141.1,100,141.0,12,,,,,,,,,,,,,,,141.6,56,141.9,150,,,,,,,,,,,,,,,,
2026-07-07T17:00:39.747001+00:00,2026-07-07T17:00:39.746971,3,2,141.5,0.2,141.4,150,141.1,100,141.0,12,,,,,,,,,,,,,,,141.6,56,141.9,150,,,,,,,,,,,,,,,,
2026-07-07T17:00:40.327068+00:00,2026-07-07T17:00:40.326992,3,2,141.5,0.2,141.4,150,141.1,100,141.0,12,,,,,,,,,,,,,,,141.6,6,141.9,150,,,,,,,,,,,,,,,,
2026-07-07T17:00:41.707093+00:00,2026-07-07T17:00:41.706970,2,1,141.35,0.5,141.1,100,141.0,12,,,,,,,,,,,,,,,,,141.6,6,,,,,,,,,,,,,,,,,,
2026-07-07T17:00:41.763839+00:00,2026-07-07T17:00:41.763764,3,1,141.55,0.1,141.5,150,141.1,100,141.0,12,,,,,,,,,,,,,,,141.6,6,,,,,,,,,,,,,,,,,,
2026-07-07T17:00:41.815103+00:00,2026-07-07T17:00:41.815005,3,2,141.55,0.1,141.5,150,141.1,100,141.0,12,,,,,,,,,,,,,,,141.6,6,142.0,150,,,,,,,,,,,,,,,,
2026-07-07T17:00:42.397796+00:00,2026-07-07T17:00:42.397724,2,1,141.75,0.5,141.5,150,141.0,12,,,,,,,,,,,,,,,,,142.0,150,,,,,,,,,,,,,,,,,,
2026-07-07T17:00:42.402983+00:00,2026-07-07T17:00:42.402943,2,1,141.75,0.5,141.5,110,141.0,12,,,,,,,,,,,,,,,,,142.0,150,,,,,,,,,,,,,,,,,,
2026-07-07T17:00:42.433306+00:00,2026-07-07T17:00:42.433157,2,1,141.75,0.5,141.5,110,141.0,12,,,,,,,,,,,,,,,,,142.0,100,,,,,,,,,,,,,,,,,,
2026-07-07T17:00:42.458607+00:00,2026-07-07T17:00:42.453818,3,1,141.8,0.4,141.6,100,141.5,110,141.0,12,,,,,,,,,,,,,,,142.0,100,,,,,,,,,,,,,,,,,,
2026-07-07T17:00:42.507037+00:00,2026-07-07T17:00:42.506947,2,2,141.8,0.4,141.6,100,141.5,110,,,,,,,,,,,,,,,,,142.0,100,142.1,100,,,,,,,,,,,,,,,,
2026-07-07T17:00:42.512261+00:00,2026-07-07T17:00:42.512142,3,2,141.8,0.4,141.6,100,141.5,110,141.1,12,,,,,,,,,,,,,,,142.0,100,142.1,100,,,,,,,,,,,,,,,,
2026-07-07T17:00:44.558636+00:00,2026-07-07T17:00:44.535956,3,2,141.8,0.4,141.6,100,141.5,110,141.1,12,,,,,,,,,,,,,,,142.0,50,142.1,100,,,,,,,,,,,,,,,,
2026-07-07T17:00:44.869196+00:00,2026-07-07T17:00:44.869153,2,1,141.85,0.5,141.6,100,141.1,12,,,,,,,,,,,,,,,,,142.1,100,,,,,,,,,,,,,,,,,,
2026-07-07T17:00:44.944082+00:00,2026-07-07T17:00:44.931241,3,1,141.95,0.3,141.8,127,141.6,100,141.1,12,,,,,,,,,,,,,,,142.1,100,,,,,,,,,,,,,,,,,,
2026-07-07T17:00:44.971297+00:00,2026-07-07T17:00:44.966850,3,2,141.95,0.3,141.8,115,141.6,100,141.1,12,,,,,,,,,,,,,,,142.1,100,142.3,150,,,,,,,,,,,,,,,,
2026-07-07T17:00:45.562106+00:00,2026-07-07T17:00:45.561986,2,1,142.05,0.5,141.8,115,141.1,12,,,,,,,,,,,,,,,,,142.3,150,,,,,,,,,,,,,,,,,,
2026-07-07T17:00:45.618765+00:00,2026-07-07T17:00:45.618637,3,1,142.05,0.5,141.8,115,141.4,100,141.1,12,,,,,,,,,,,,,,,142.3,150,,,,,,,,,,,,,,,,,,
2026-07-07T17:00:45.671966+00:00,2026-07-07T17:00:45.671924,3,2,141.85,0.1,141.8,115,141.4,100,141.1,12,,,,,,,,,,,,,,,141.9,100,142.3,150,,,,,,,,,,,,,,,,
2026-07-07T17:00:45.768499+00:00,2026-07-07T17:00:45.768712,3,2,141.85,0.1,141.8,115,141.4,100,141.1,12,,,,,,,,,,,,,,,141.9,54,142.3,150,,,,,,,,,,,,,,,,
2026-07-07T17:00:46.652004+00:00,2026-07-07T17:00:46.651929,3,2,141.85,0.1,141.8,115,141.4,100,141.1,12,,,,,,,,,,,,,,,141.9,4,142.3,150,,,,,,,,,,,,,,,,
2026-07-07T17:00:47.345793+00:00,2026-07-07T17:00:47.345721,3,1,142.05,0.5,141.8,115,141.4,100,141.1,12,,,,,,,,,,,,,,,142.3,150,,,,,,,,,,,,,,,,,,
2026-07-07T17:00:47.402200+00:00,2026-07-07T17:00:47.402167,3,1,142.05,0.5,141.8,74,141.4,100,141.1,12,,,,,,,,,,,,,,,142.3,150,,,,,,,,,,,,,,,,,,
2026-07-07T17:00:47.529178+00:00,2026-07-07T17:00:47.529119,3,1,142.05,0.5,141.8,74,141.4,100,141.1,12,,,,,,,,,,,,,,,142.3,150,,,,,,,,,,,,,,,,,,
2026-07-07T17:00:48.032370+00:00,2026-07-07T17:00:48.032304,2,0,,,141.4,100,141.1,12,,,,,,,,,,,,,,,,,,,,,,,,,,,,,,,,,,,,
2026-07-07T17:00:48.088533+00:00,2026-07-07T17:00:48.088376,3,0,,,141.5,150,141.4,100,141.1,12,,,,,,,,,,,,,,,,,,,,,,,,,,,,,,,,,,
2026-07-07T17:00:48.141900+00:00,2026-07-07T17:00:48.141815,3,1,141.75,0.5,141.5,150,141.4,100,141.1,12,,,,,,,,,,,,,,,142.0,150,,,,,,,,,,,,,,,,,,
2026-07-07T17:00:48.283812+00:00,2026-07-07T17:00:48.283741,2,1,141.75,0.5,141.5,150,141.4,100,,,,,,,,,,,,,,,,,142.0,150,,,,,,,,,,,,,,,,,,
2026-07-07T17:00:48.288984+00:00,2026-07-07T17:00:48.288930,3,1,141.75,0.5,141.5,150,141.4,100,141.1,12,,,,,,,,,,,,,,,142.0,150,,,,,,,,,,,,,,,,,,
2026-07-07T17:00:48.728458+00:00,2026-07-07T17:00:48.728381,2,1,141.75,0.5,141.5,150,141.1,12,,,,,,,,,,,,,,,,,142.0,150,,,,,,,,,,,,,,,,,,
2026-07-07T17:00:48.782776+00:00,2026-07-07T17:00:48.782708,3,1,141.95,0.1,141.9,100,141.5,150,141.1,12,,,,,,,,,,,,,,,142.0,150,,,,,,,,,,,,,,,,,,
2026-07-07T17:00:48.808981+00:00,2026-07-07T17:00:48.808915,3,1,141.95,0.1,141.9,50,141.5,150,141.1,12,,,,,,,,,,,,,,,142.0,150,,,,,,,,,,,,,,,,,,
2026-07-07T17:00:48.836024+00:00,2026-07-07T17:00:48.835996,3,2,141.95,0.1,141.9,50,141.5,150,141.1,12,,,,,,,,,,,,,,,142.0,150,142.4,100,,,,,,,,,,,,,,,,
2026-07-07T17:00:48.895734+00:00,2026-07-07T17:00:48.887193,3,2,141.95,0.1,141.9,39,141.5,150,141.1,12,,,,,,,,,,,,,,,142.0,150,142.4,100,,,,,,,,,,,,,,,,
2026-07-07T17:00:49.041038+00:00,2026-07-07T17:00:49.040934,2,2,141.95,0.1,141.9,39,141.5,150,,,,,,,,,,,,,,,,,142.0,150,142.4,100,,,,,,,,,,,,,,,,
2026-07-07T17:00:49.046166+00:00,2026-07-07T17:00:49.046129,3,2,141.95,0.1,141.9,39,141.5,150,141.0,12,,,,,,,,,,,,,,,142.0,150,142.4,100,,,,,,,,,,,,,,,,
2026-07-07T17:00:50.858549+00:00,2026-07-07T17:00:50.857628,3,2,141.95,0.1,141.9,39,141.5,150,141.0,12,,,,,,,,,,,,,,,142.0,100,142.4,100,,,,,,,,,,,,,,,,
2026-07-07T17:00:51.196309+00:00,2026-07-07T17:00:51.196203,2,1,142.15,0.5,141.9,39,141.0,12,,,,,,,,,,,,,,,,,142.4,100,,,,,,,,,,,,,,,,,,
2026-07-07T17:00:51.250223+00:00,2026-07-07T17:00:51.250196,3,1,142.15,0.5,141.9,39,141.7,150,141.0,12,,,,,,,,,,,,,,,142.4,100,,,,,,,,,,,,,,,,,,
2026-07-07T17:00:51.304600+00:00,2026-07-07T17:00:51.304510,2,2,142.05,0.3,141.9,39,141.7,150,,,,,,,,,,,,,,,,,142.2,150,142.4,100,,,,,,,,,,,,,,,,
2026-07-07T17:00:51.309793+00:00,2026-07-07T17:00:51.309723,3,2,142.05,0.3,141.9,39,141.7,150,141.0,12,,,,,,,,,,,,,,,142.2,150,142.4,100,,,,,,,,,,,,,,,,
2026-07-07T17:00:51.890448+00:00,2026-07-07T17:00:51.890369,2,1,141.95,0.5,141.7,150,141.0,12,,,,,,,,,,,,,,,,,142.2,150,,,,,,,,,,,,,,,,,,
2026-07-07T17:00:51.946084+00:00,2026-07-07T17:00:51.945997,2,1,141.95,0.5,141.7,250,141.0,12,,,,,,,,,,,,,,,,,142.2,150,,,,,,,,,,,,,,,,,,
2026-07-07T17:00:52.021117+00:00,2026-07-07T17:00:52.021006,2,1,141.95,0.5,141.7,250,141.0,12,,,,,,,,,,,,,,,,,142.2,250,,,,,,,,,,,,,,,,,,
2026-07-07T17:00:52.066835+00:00,2026-07-07T17:00:52.066750,2,1,141.95,0.5,141.7,250,141.1,12,,,,,,,,,,,,,,,,,142.2,250,,,,,,,,,,,,,,,,,,
2026-07-07T17:00:52.340612+00:00,2026-07-07T17:00:52.340514,2,1,141.95,0.5,141.7,203,141.1,12,,,,,,,,,,,,,,,,,142.2,250,,,,,,,,,,,,,,,,,,
2026-07-07T17:00:54.355503+00:00,2026-07-07T17:00:54.355625,2,1,141.95,0.5,141.7,100,141.1,12,,,,,,,,,,,,,,,,,142.2,100,,,,,,,,,,,,,,,,,,
2026-07-07T17:00:54.417409+00:00,2026-07-07T17:00:54.417323,3,1,141.95,0.5,141.7,100,141.5,150,141.1,12,,,,,,,,,,,,,,,142.2,100,,,,,,,,,,,,,,,,,,
2026-07-07T17:00:54.469655+00:00,2026-07-07T17:00:54.469565,3,2,141.85,0.3,141.7,100,141.5,150,141.1,12,,,,,,,,,,,,,,,142.0,150,142.2,100,,,,,,,,,,,,,,,,
2026-07-07T17:00:54.577626+00:00,2026-07-07T17:00:54.577760,2,2,141.85,0.3,141.7,100,141.5,150,,,,,,,,,,,,,,,,,142.0,150,142.2,100,,,,,,,,,,,,,,,,
2026-07-07T17:00:54.583151+00:00,2026-07-07T17:00:54.583015,3,2,141.85,0.3,141.7,100,141.5,150,141.1,12,,,,,,,,,,,,,,,142.0,150,142.2,100,,,,,,,,,,,,,,,,
2026-07-07T17:00:55.075043+00:00,2026-07-07T17:00:55.074931,3,1,141.85,0.3,141.7,100,141.5,150,141.1,12,,,,,,,,,,,,,,,142.0,100,,,,,,,,,,,,,,,,,,
2026-07-07T17:00:55.080181+00:00,2026-07-07T17:00:55.080093,2,1,141.75,0.5,141.5,150,141.1,12,,,,,,,,,,,,,,,,,142.0,100,,,,,,,,,,,,,,,,,,
2026-07-07T17:00:55.134415+00:00,2026-07-07T17:00:55.134285,3,1,141.8,0.4,141.6,100,141.5,150,141.1,12,,,,,,,,,,,,,,,142.0,100,,,,,,,,,,,,,,,,,,
2026-07-07T17:00:55.186330+00:00,2026-07-07T17:00:55.186427,3,2,141.8,0.4,141.6,100,141.5,150,141.1,12,,,,,,,,,,,,,,,142.0,100,142.1,100,,,,,,,,,,,,,,,,
2026-07-07T17:00:57.183505+00:00,2026-07-07T17:00:57.183353,3,2,141.8,0.4,141.6,100,141.5,150,141.1,12,,,,,,,,,,,,,,,142.0,50,142.1,100,,,,,,,,,,,,,,,,
2026-07-07T17:00:57.344674+00:00,2026-07-07T17:00:57.344651,3,2,141.8,0.4,141.6,100,141.5,150,141.2,12,,,,,,,,,,,,,,,142.0,50,142.1,100,,,,,,,,,,,,,,,,
2026-07-07T17:00:57.509466+00:00,2026-07-07T17:00:57.509321,3,2,141.8,0.4,141.6,100,141.5,150,141.2,12,,,,,,,,,,,,,,,142.0,10,142.1,100,,,,,,,,,,,,,,,,
2026-07-07T17:00:57.525397+00:00,2026-07-07T17:00:57.525224,3,1,141.85,0.5,141.6,100,141.5,150,141.2,12,,,,,,,,,,,,,,,142.1,100,,,,,,,,,,,,,,,,,,
2026-07-07T17:00:57.530511+00:00,2026-07-07T17:00:57.530441,2,1,141.85,0.5,141.6,100,141.2,12,,,,,,,,,,,,,,,,,142.1,100,,,,,,,,,,,,,,,,,,
2026-07-07T17:00:57.583100+00:00,2026-07-07T17:00:57.582980,3,0,,,142.2,50,141.6,100,141.2,12,,,,,,,,,,,,,,,,,,,,,,,,,,,,,,,,,,
2026-07-07T17:00:57.651363+00:00,2026-07-07T17:00:57.644402,3,1,142.45,0.5,142.2,47,141.6,100,141.2,12,,,,,,,,,,,,,,,142.7,150,,,,,,,,,,,,,,,,,,
2026-07-07T17:00:57.864134+00:00,2026-07-07T17:00:57.864094,3,1,142.45,0.5,142.2,47,141.6,100,141.1,12,,,,,,,,,,,,,,,142.7,150,,,,,,,,,,,,,,,,,,
2026-07-07T17:00:58.239773+00:00,2026-07-07T17:00:58.239900,2,1,142.45,0.5,142.2,47,141.1,12,,,,,,,,,,,,,,,,,142.7,150,,,,,,,,,,,,,,,,,,
2026-07-07T17:00:58.294037+00:00,2026-07-07T17:00:58.293911,3,1,142.45,0.5,142.2,47,142.1,100,141.1,12,,,,,,,,,,,,,,,142.7,150,,,,,,,,,,,,,,,,,,
2026-07-07T17:00:58.344312+00:00,2026-07-07T17:00:58.344250,3,2,142.4,0.4,142.2,47,142.1,100,141.1,12,,,,,,,,,,,,,,,142.6,100,142.7,150,,,,,,,,,,,,,,,,
2026-07-07T17:00:58.373865+00:00,2026-07-07T17:00:58.373793,3,2,142.4,0.4,142.2,47,142.1,100,141.1,12,,,,,,,,,,,,,,,142.6,100,142.7,150,,,,,,,,,,,,,,,,
2026-07-07T17:00:59.344359+00:00,2026-07-07T17:00:59.344226,2,2,142.35,0.5,142.1,97,141.1,12,,,,,,,,,,,,,,,,,142.6,100,142.7,150,,,,,,,,,,,,,,,,
2026-07-07T17:01:00.693919+00:00,2026-07-07T17:01:00.694009,2,1,142.35,0.5,142.1,97,141.1,12,,,,,,,,,,,,,,,,,142.6,100,,,,,,,,,,,,,,,,,,
2026-07-07T17:01:00.747511+00:00,2026-07-07T17:01:00.747460,3,1,142.35,0.5,142.1,97,141.7,150,141.1,12,,,,,,,,,,,,,,,142.6,100,,,,,,,,,,,,,,,,,,
2026-07-07T17:01:00.800460+00:00,2026-07-07T17:01:00.800616,2,2,141.9,0.4,141.7,150,141.1,12,,,,,,,,,,,,,,,,,142.1,53,142.6,100,,,,,,,,,,,,,,,,
2026-07-07T17:01:00.811681+00:00,2026-07-07T17:01:00.805904,2,2,141.9,0.4,141.7,150,141.1,12,,,,,,,,,,,,,,,,,142.1,50,142.6,100,,,,,,,,,,,,,,,,
2026-07-07T17:01:00.884994+00:00,2026-07-07T17:01:00.884910,2,2,141.9,0.4,141.7,150,141.2,12,,,,,,,,,,,,,,,,,142.1,50,142.6,100,,,,,,,,,,,,,,,,
2026-07-07T17:01:00.974004+00:00,2026-07-07T17:01:00.973899,2,2,141.9,0.4,141.7,150,141.2,12,,,,,,,,,,,,,,,,,142.1,1,142.6,100,,,,,,,,,,,,,,,,
2026-07-07T17:01:01.402395+00:00,2026-07-07T17:01:01.402317,2,1,141.9,0.4,141.7,150,141.2,12,,,,,,,,,,,,,,,,,142.1,1,,,,,,,,,,,,,,,,,,
2026-07-07T17:01:01.458694+00:00,2026-07-07T17:01:01.454998,3,1,142.0,0.2,141.9,100,141.7,100,141.2,12,,,,,,,,,,,,,,,142.1,1,,,,,,,,,,,,,,,,,,
2026-07-07T17:01:01.509765+00:00,2026-07-07T17:01:01.509713,3,2,142.0,0.2,141.9,100,141.7,100,141.2,12,,,,,,,,,,,,,,,142.1,1,142.4,100,,,,,,,,,,,,,,,,
2026-07-07T17:01:01.898166+00:00,2026-07-07T17:01:01.891474,3,1,142.15,0.5,141.9,100,141.7,100,141.2,12,,,,,,,,,,,,,,,142.4,100,,,,,,,,,,,,,,,,,,
2026-07-07T17:01:03.583634+00:00,2026-07-07T17:01:03.583537,3,1,142.15,0.5,141.9,53,141.7,100,141.2,12,,,,,,,,,,,,,,,142.4,100,,,,,,,,,,,,,,,,,,
2026-07-07T17:01:03.858562+00:00,2026-07-07T17:01:03.853161,2,1,142.15,0.5,141.9,53,141.2,12,,,,,,,,,,,,,,,,,142.4,100,,,,,,,,,,,,,,,,,,
2026-07-07T17:01:03.912029+00:00,2026-07-07T17:01:03.911924,3,1,142.2,0.4,142.0,150,141.9,53,141.2,12,,,,,,,,,,,,,,,142.4,100,,,,,,,,,,,,,,,,,,
2026-07-07T17:01:03.964614+00:00,2026-07-07T17:01:03.964546,3,2,142.2,0.4,142.0,150,141.9,53,141.2,12,,,,,,,,,,,,,,,142.4,100,142.5,150,,,,,,,,,,,,,,,,
2026-07-07T17:01:04.558680+00:00,2026-07-07T17:01:04.554649,3,1,142.25,0.5,142.0,150,141.9,53,141.2,12,,,,,,,,,,,,,,,142.5,150,,,,,,,,,,,,,,,,,,
2026-07-07T17:01:04.563863+00:00,2026-07-07T17:01:04.563747,2,1,142.25,0.5,142.0,150,141.2,12,,,,,,,,,,,,,,,,,142.5,150,,,,,,,,,,,,,,,,,,
2026-07-07T17:01:04.618756+00:00,2026-07-07T17:01:04.618859,3,1,142.25,0.5,142.0,150,141.7,100,141.2,12,,,,,,,,,,,,,,,142.5,150,,,,,,,,,,,,,,,,,,
2026-07-07T17:01:04.670644+00:00,2026-07-07T17:01:04.670554,3,2,142.1,0.2,142.0,150,141.7,100,141.2,12,,,,,,,,,,,,,,,142.2,100,142.5,150,,,,,,,,,,,,,,,,
2026-07-07T17:01:05.010949+00:00,2026-07-07T17:01:05.010888,3,2,142.1,0.2,142.0,150,141.7,100,141.2,12,,,,,,,,,,,,,,,142.2,59,142.5,150,,,,,,,,,,,,,,,,
2026-07-07T17:01:05.681572+00:00,2026-07-07T17:01:05.681714,3,2,142.1,0.2,142.0,100,141.7,100,141.2,12,,,,,,,,,,,,,,,142.2,59,142.5,150,,,,,,,,,,,,,,,,
2026-07-07T17:01:05.887284+00:00,2026-07-07T17:01:05.887259,3,2,142.1,0.2,142.0,100,141.7,100,141.3,12,,,,,,,,,,,,,,,142.2,59,142.5,150,,,,,,,,,,,,,,,,
2026-07-07T17:01:06.144140+00:00,2026-07-07T17:01:06.144034,2,2,142.1,0.2,142.0,100,141.7,100,,,,,,,,,,,,,,,,,142.2,59,142.5,150,,,,,,,,,,,,,,,,
2026-07-07T17:01:06.158722+00:00,2026-07-07T17:01:06.158689,3,2,142.1,0.2,142.0,100,141.7,100,141.4,12,,,,,,,,,,,,,,,142.2,59,142.5,150,,,,,,,,,,,,,,,,
2026-07-07T17:01:06.592992+00:00,2026-07-07T17:01:06.592868,3,2,142.1,0.2,142.0,100,141.7,100,141.4,12,,,,,,,,,,,,,,,142.2,11,142.5,150,,,,,,,,,,,,,,,,
2026-07-07T17:01:06.730323+00:00,2026-07-07T17:01:06.724196,3,2,142.1,0.2,142.0,100,141.7,100,141.4,12,,,,,,,,,,,,,,,142.2,1,142.5,150,,,,,,,,,,,,,,,,
2026-07-07T17:01:07.014380+00:00,2026-07-07T17:01:07.014475,3,1,142.1,0.2,142.0,100,141.7,100,141.4,12,,,,,,,,,,,,,,,142.2,1,,,,,,,,,,,,,,,,,,
2026-07-07T17:01:07.019718+00:00,2026-07-07T17:01:07.019656,2,1,141.95,0.5,141.7,100,141.4,12,,,,,,,,,,,,,,,,,142.2,1,,,,,,,,,,,,,,,,,,
2026-07-07T17:01:07.070652+00:00,2026-07-07T17:01:07.070570,3,1,142.15,0.1,142.1,150,141.7,100,141.4,12,,,,,,,,,,,,,,,142.2,1,,,,,,,,,,,,,,,,,,
2026-07-07T17:01:07.142368+00:00,2026-07-07T17:01:07.142290,3,2,142.15,0.1,142.1,150,141.7,100,141.4,12,,,,,,,,,,,,,,,142.2,1,142.6,150,,,,,,,,,,,,,,,,
2026-07-07T17:01:07.179727+00:00,2026-07-07T17:01:07.179641,3,2,142.15,0.1,142.1,107,141.7,100,141.4,12,,,,,,,,,,,,,,,142.2,1,142.6,150,,,,,,,,,,,,,,,,
2026-07-07T17:01:07.728296+00:00,2026-07-07T17:01:07.728202,2,1,142.35,0.5,142.1,107,141.4,12,,,,,,,,,,,,,,,,,142.6,150,,,,,,,,,,,,,,,,,,
2026-07-07T17:01:07.789669+00:00,2026-07-07T17:01:07.789610,3,1,142.45,0.3,142.3,100,142.1,107,141.4,12,,,,,,,,,,,,,,,142.6,150,,,,,,,,,,,,,,,,,,
2026-07-07T17:01:07.794954+00:00,2026-07-07T17:01:07.794882,3,1,142.45,0.3,142.3,50,142.1,107,141.4,12,,,,,,,,,,,,,,,142.6,150,,,,,,,,,,,,,,,,,,
2026-07-07T17:01:07.837794+00:00,2026-07-07T17:01:07.837732,3,2,142.45,0.3,142.3,50,142.1,107,141.4,12,,,,,,,,,,,,,,,142.6,150,142.8,100,,,,,,,,,,,,,,,,
2026-07-07T17:01:07.912043+00:00,2026-07-07T17:01:07.911966,2,2,142.45,0.3,142.3,50,142.1,107,,,,,,,,,,,,,,,,,142.6,150,142.8,100,,,,,,,,,,,,,,,,
2026-07-07T17:01:07.917366+00:00,2026-07-07T17:01:07.917221,3,2,142.45,0.3,142.3,50,142.1,107,141.4,12,,,,,,,,,,,,,,,142.6,150,142.8,100,,,,,,,,,,,,,,,,
2026-07-07T17:01:08.188679+00:00,2026-07-07T17:01:08.188541,3,2,142.45,0.3,142.3,7,142.1,107,141.4,12,,,,,,,,,,,,,,,142.6,150,142.8,100,,,,,,,,,,,,,,,,
2026-07-07T17:01:08.683281+00:00,2026-07-07T17:01:08.683199,3,2,142.45,0.3,142.3,7,142.1,107,141.4,12,,,,,,,,,,,,,,,142.6,102,142.8,100,,,,,,,,,,,,,,,,
2026-07-07T17:01:09.293947+00:00,2026-07-07T17:01:09.293887,2,2,142.35,0.5,142.1,72,141.4,12,,,,,,,,,,,,,,,,,142.6,102,142.8,100,,,,,,,,,,,,,,,,
2026-07-07T17:01:09.858641+00:00,2026-07-07T17:01:09.855884,2,2,142.35,0.5,142.1,25,141.4,12,,,,,,,,,,,,,,,,,142.6,102,142.8,100,,,,,,,,,,,,,,,,
2026-07-07T17:01:09.896989+00:00,2026-07-07T17:01:09.896853,0,2,,,,,,,,,,,,,,,,,,,,,,,142.6,102,142.8,100,,,,,,,,,,,,,,,,
2026-07-07T17:01:10.195834+00:00,2026-07-07T17:01:10.195766,0,1,,,,,,,,,,,,,,,,,,,,,,,142.8,100,,,,,,,,,,,,,,,,,,
2026-07-07T17:01:10.251312+00:00,2026-07-07T17:01:10.251217,1,1,142.2,1.2,141.6,150,,,,,,,,,,,,,,,,,,,142.8,100,,,,,,,,,,,,,,,,,,
2026-07-07T17:01:10.309822+00:00,2026-07-07T17:01:10.309969,1,2,141.85,0.5,141.6,150,,,,,,,,,,,,,,,,,,,142.1,150,142.8,100,,,,,,,,,,,,,,,,
2026-07-07T17:01:10.428854+00:00,2026-07-07T17:01:10.428781,2,3,141.8,0.4,141.6,150,141.4,12,,,,,,,,,,,,,,,,,142.0,12,142.1,150,142.8,100,,,,,,,,,,,,,,
2026-07-07T17:01:10.891598+00:00,2026-07-07T17:01:10.891682,2,2,141.8,0.4,141.6,150,141.4,12,,,,,,,,,,,,,,,,,142.0,12,142.1,150,,,,,,,,,,,,,,,,
2026-07-07T17:01:10.944901+00:00,2026-07-07T17:01:10.944800,3,2,141.9,0.2,141.8,100,141.6,150,141.4,12,,,,,,,,,,,,,,,142.0,12,142.1,150,,,,,,,,,,,,,,,,
2026-07-07T17:01:10.998777+00:00,2026-07-07T17:01:10.998878,3,3,141.9,0.2,141.8,100,141.6,150,141.4,12,,,,,,,,,,,,,,,142.0,12,142.1,150,142.3,100,,,,,,,,,,,,,,
2026-07-07T17:01:11.203709+00:00,2026-07-07T17:01:11.197082,3,2,141.95,0.3,141.8,100,141.6,150,141.4,12,,,,,,,,,,,,,,,142.1,150,142.3,100,,,,,,,,,,,,,,,,
2026-07-07T17:01:11.958653+00:00,2026-07-07T17:01:11.952939,3,2,141.95,0.3,141.8,100,141.6,150,141.4,12,,,,,,,,,,,,,,,142.1,106,142.3,100,,,,,,,,,,,,,,,,
2026-07-07T17:01:12.016345+00:00,2026-07-07T17:01:12.016234,3,2,141.95,0.3,141.8,50,141.6,150,141.4,12,,,,,,,,,,,,,,,142.1,106,142.3,100,,,,,,,,,,,,,,,,
2026-07-07T17:01:12.509376+00:00,2026-07-07T17:01:12.502544,3,2,141.95,0.3,141.8,50,141.6,150,141.4,12,,,,,,,,,,,,,,,142.1,95,142.3,100,,,,,,,,,,,,,,,,
2026-07-07T17:01:12.701904+00:00,2026-07-07T17:01:12.701804,2,2,141.95,0.3,141.8,50,141.6,150,,,,,,,,,,,,,,,,,142.1,95,142.3,100,,,,,,,,,,,,,,,,
2026-07-07T17:01:12.707169+00:00,2026-07-07T17:01:12.707059,3,2,141.95,0.3,141.8,50,141.6,150,141.5,12,,,,,,,,,,,,,,,142.1,95,142.3,100,,,,,,,,,,,,,,,,
2026-07-07T17:01:13.358569+00:00,2026-07-07T17:01:13.358682,3,1,142.05,0.5,141.8,50,141.6,150,141.5,12,,,,,,,,,,,,,,,142.3,100,,,,,,,,,,,,,,,,,,
2026-07-07T17:01:13.364197+00:00,2026-07-07T17:01:13.363990,2,1,142.05,0.5,141.8,50,141.5,12,,,,,,,,,,,,,,,,,142.3,100,,,,,,,,,,,,,,,,,,
2026-07-07T17:01:13.417588+00:00,2026-07-07T17:01:13.417780,3,1,142.2,0.2,142.1,150,141.8,50,141.5,12,,,,,,,,,,,,,,,142.3,100,,,,,,,,,,,,,,,,,,
2026-07-07T17:01:13.464449+00:00,2026-07-07T17:01:13.464376,3,1,142.2,0.2,142.1,150,141.8,50,141.6,12,,,,,,,,,,,,,,,142.3,100,,,,,,,,,,,,,,,,,,
2026-07-07T17:01:13.469620+00:00,2026-07-07T17:01:13.469575,3,2,142.2,0.2,142.1,150,141.8,50,141.6,12,,,,,,,,,,,,,,,142.3,100,142.6,150,,,,,,,,,,,,,,,,
2026-07-07T17:01:13.679784+00:00,2026-07-07T17:01:13.679718,3,2,142.2,0.2,142.1,150,141.8,50,141.6,12,,,,,,,,,,,,,,,142.3,58,142.6,150,,,,,,,,,,,,,,,,
2026-07-07T17:01:14.058646+00:00,2026-07-07T17:01:14.055056,2,1,142.35,0.5,142.1,150,141.6,12,,,,,,,,,,,,,,,,,142.6,150,,,,,,,,,,,,,,,,,,
2026-07-07T17:01:14.110743+00:00,2026-07-07T17:01:14.110887,3,1,142.35,0.5,142.1,150,141.9,100,141.6,12,,,,,,,,,,,,,,,142.6,150,,,,,,,,,,,,,,,,,,
2026-07-07T17:01:14.121334+00:00,2026-07-07T17:01:14.121293,3,1,142.35,0.5,142.1,100,141.9,100,141.6,12,,,,,,,,,,,,,,,142.6,150,,,,,,,,,,,,,,,,,,
2026-07-07T17:01:14.164335+00:00,2026-07-07T17:01:14.164218,3,2,142.25,0.3,142.1,100,141.9,100,141.6,12,,,,,,,,,,,,,,,142.4,100,142.6,150,,,,,,,,,,,,,,,,
2026-07-07T17:01:15.225541+00:00,2026-07-07T17:01:15.225441,3,2,142.25,0.3,142.1,100,141.9,100,141.4,12,,,,,,,,,,,,,,,142.4,100,142.6,150,,,,,,,,,,,,,,,,
2026-07-07T17:01:16.472839+00:00,2026-07-07T17:01:16.466756,3,2,142.25,0.3,142.1,89,141.9,100,141.4,12,,,,,,,,,,,,,,,142.4,100,142.6,150,,,,,,,,,,,,,,,,
2026-07-07T17:01:16.523477+00:00,2026-07-07T17:01:16.523303,3,1,142.25,0.3,142.1,89,141.9,100,141.4,12,,,,,,,,,,,,,,,142.4,100,,,,,,,,,,,,,,,,,,
2026-07-07T17:01:16.528724+00:00,2026-07-07T17:01:16.528592,2,1,142.15,0.5,141.9,100,141.4,12,,,,,,,,,,,,,,,,,142.4,100,,,,,,,,,,,,,,,,,,
2026-07-07T17:01:16.582857+00:00,2026-07-07T17:01:16.582754,3,1,142.15,0.5,141.9,100,141.5,150,141.4,12,,,,,,,,,,,,,,,142.4,100,,,,,,,,,,,,,,,,,,
2026-07-07T17:01:16.636248+00:00,2026-07-07T17:01:16.636202,3,2,141.95,0.1,141.9,100,141.5,150,141.4,12,,,,,,,,,,,,,,,142.0,150,142.4,100,,,,,,,,,,,,,,,,
2026-07-07T17:01:16.736692+00:00,2026-07-07T17:01:16.736612,3,2,141.95,0.1,141.9,100,141.5,150,141.3,12,,,,,,,,,,,,,,,142.0,150,142.4,100,,,,,,,,,,,,,,,,
2026-07-07T17:01:17.219313+00:00,2026-07-07T17:01:17.219206,2,1,141.75,0.5,141.5,150,141.3,12,,,,,,,,,,,,,,,,,142.0,150,,,,,,,,,,,,,,,,,,
2026-07-07T17:01:17.275481+00:00,2026-07-07T17:01:17.275385,3,1,141.9,0.2,141.8,100,141.5,150,141.3,12,,,,,,,,,,,,,,,142.0,150,,,,,,,,,,,,,,,,,,
2026-07-07T17:01:17.330005+00:00,2026-07-07T17:01:17.329941,3,2,141.9,0.2,141.8,100,141.5,150,141.3,12,,,,,,,,,,,,,,,142.0,150,142.3,100,,,,,,,,,,,,,,,,
2026-07-07T17:01:18.233808+00:00,2026-07-07T17:01:18.233678,3,2,141.9,0.2,141.8,52,141.5,150,141.3,12,,,,,,,,,,,,,,,142.0,150,142.3,100,,,,,,,,,,,,,,,,
2026-07-07T17:01:18.292910+00:00,2026-07-07T17:01:18.292771,3,2,141.9,0.2,141.8,52,141.5,150,141.3,12,,,,,,,,,,,,,,,142.0,100,142.3,100,,,,,,,,,,,,,,,,
2026-07-07T17:01:19.690614+00:00,2026-07-07T17:01:19.690555,2,1,142.05,0.5,141.8,52,141.3,12,,,,,,,,,,,,,,,,,142.3,100,,,,,,,,,,,,,,,,,,
2026-07-07T17:01:19.745951+00:00,2026-07-07T17:01:19.745883,2,1,142.05,0.5,141.8,52,141.7,150,,,,,,,,,,,,,,,,,142.3,100,,,,,,,,,,,,,,,,,,
2026-07-07T17:01:19.758612+00:00,2026-07-07T17:01:19.751046,3,1,142.05,0.5,141.8,52,141.7,150,141.4,12,,,,,,,,,,,,,,,142.3,100,,,,,,,,,,,,,,,,,,
2026-07-07T17:01:19.798805+00:00,2026-07-07T17:01:19.798680,3,2,142.0,0.4,141.8,52,141.7,150,141.4,12,,,,,,,,,,,,,,,142.2,150,142.3,100,,,,,,,,,,,,,,,,
2026-07-07T17:01:20.385170+00:00,2026-07-07T17:01:20.385128,2,1,141.95,0.5,141.7,150,141.4,12,,,,,,,,,,,,,,,,,142.2,150,,,,,,,,,,,,,,,,,,
2026-07-07T17:01:20.400642+00:00,2026-07-07T17:01:20.400825,2,1,141.95,0.5,141.7,150,141.4,12,,,,,,,,,,,,,,,,,142.2,100,,,,,,,,,,,,,,,,,,
2026-07-07T17:01:20.441366+00:00,2026-07-07T17:01:20.441268,3,1,141.95,0.5,141.7,150,141.6,100,141.4,12,,,,,,,,,,,,,,,142.2,100,,,,,,,,,,,,,,,,,,
2026-07-07T17:01:20.493945+00:00,2026-07-07T17:01:20.494043,3,2,141.9,0.4,141.7,150,141.6,100,141.4,12,,,,,,,,,,,,,,,142.1,100,142.2,100,,,,,,,,,,,,,,,,
2026-07-07T17:01:20.504539+00:00,2026-07-07T17:01:20.504495,2,2,141.9,0.4,141.7,150,141.6,100,,,,,,,,,,,,,,,,,142.1,100,142.2,100,,,,,,,,,,,,,,,,
2026-07-07T17:01:20.509688+00:00,2026-07-07T17:01:20.509664,3,2,141.9,0.4,141.7,150,141.6,100,141.3,12,,,,,,,,,,,,,,,142.1,100,142.2,100,,,,,,,,,,,,,,,,
2026-07-07T17:01:22.854106+00:00,2026-07-07T17:01:22.854078,2,1,141.85,0.5,141.6,100,141.3,12,,,,,,,,,,,,,,,,,142.1,100,,,,,,,,,,,,,,,,,,
2026-07-07T17:01:22.911405+00:00,2026-07-07T17:01:22.911344,3,1,142.0,0.2,141.9,150,141.6,100,141.3,12,,,,,,,,,,,,,,,142.1,100,,,,,,,,,,,,,,,,,,
2026-07-07T17:01:22.967362+00:00,2026-07-07T17:01:22.967237,3,2,142.0,0.2,141.9,150,141.6,100,141.3,12,,,,,,,,,,,,,,,142.1,100,142.4,150,,,,,,,,,,,,,,,,
2026-07-07T17:01:23.549245+00:00,2026-07-07T17:01:23.549146,2,1,142.15,0.5,141.9,150,141.3,12,,,,,,,,,,,,,,,,,142.4,150,,,,,,,,,,,,,,,,,,
2026-07-07T17:01:23.601851+00:00,2026-07-07T17:01:23.601763,3,1,142.15,0.5,141.9,150,141.5,100,141.3,12,,,,,,,,,,,,,,,142.4,150,,,,,,,,,,,,,,,,,,
2026-07-07T17:01:23.658592+00:00,2026-07-07T17:01:23.651785,3,2,141.95,0.1,141.9,150,141.5,100,141.3,12,,,,,,,,,,,,,,,142.0,100,142.4,150,,,,,,,,,,,,,,,,
2026-07-07T17:01:24.177376+00:00,2026-07-07T17:01:24.177245,3,2,141.95,0.1,141.9,106,141.5,100,141.3,12,,,,,,,,,,,,,,,142.0,100,142.4,150,,,,,,,,,,,,,,,,
2026-07-07T17:01:24.643215+00:00,2026-07-07T17:01:24.643181,3,2,141.95,0.1,141.9,106,141.5,100,141.3,12,,,,,,,,,,,,,,,142.0,50,142.4,150,,,,,,,,,,,,,,,,
2026-07-07T17:01:26.021056+00:00,2026-07-07T17:01:26.020985,2,1,141.75,0.5,141.5,100,141.3,12,,,,,,,,,,,,,,,,,142.0,50,,,,,,,,,,,,,,,,,,
2026-07-07T17:01:26.074821+00:00,2026-07-07T17:01:26.074722,3,1,141.85,0.3,141.7,150,141.5,100,141.3,12,,,,,,,,,,,,,,,142.0,50,,,,,,,,,,,,,,,,,,
2026-07-07T17:01:26.129781+00:00,2026-07-07T17:01:26.129699,3,2,141.85,0.3,141.7,150,141.5,100,141.3,12,,,,,,,,,,,,,,,142.0,50,142.2,150,,,,,,,,,,,,,,,,
2026-07-07T17:01:26.324788+00:00,2026-07-07T17:01:26.324965,3,2,141.85,0.3,141.7,150,141.5,100,141.3,12,,,,,,,,,,,,,,,142.0,1,142.2,150,,,,,,,,,,,,,,,,
2026-07-07T17:01:26.708832+00:00,2026-07-07T17:01:26.705062,2,1,141.95,0.5,141.7,150,141.3,12,,,,,,,,,,,,,,,,,142.2,150,,,,,,,,,,,,,,,,,,
2026-07-07T17:01:26.755473+00:00,2026-07-07T17:01:26.755413,2,1,141.95,0.5,141.7,150,141.3,12,,,,,,,,,,,,,,,,,142.2,100,,,,,,,,,,,,,,,,,,
2026-07-07T17:01:26.760665+00:00,2026-07-07T17:01:26.760614,3,1,142.05,0.3,141.9,100,141.7,150,141.3,12,,,,,,,,,,,,,,,142.2,100,,,,,,,,,,,,,,,,,,
2026-07-07T17:01:26.778632+00:00,2026-07-07T17:01:26.778493,3,1,142.05,0.3,141.9,100,141.7,150,141.3,12,,,,,,,,,,,,,,,142.2,100,,,,,,,,,,,,,,,,,,
2026-07-07T17:01:26.824120+00:00,2026-07-07T17:01:26.824059,3,2,142.05,0.3,141.9,100,141.7,150,141.3,12,,,,,,,,,,,,,,,142.2,100,142.4,100,,,,,,,,,,,,,,,,
2026-07-07T17:01:26.917196+00:00,2026-07-07T17:01:26.917398,3,2,142.05,0.3,141.9,59,141.7,150,141.3,12,,,,,,,,,,,,,,,142.2,100,142.4,100,,,,,,,,,,,,,,,,
2026-07-07T17:01:28.789764+00:00,2026-07-07T17:01:28.789694,3,2,142.05,0.3,141.9,59,141.7,150,141.4,12,,,,,,,,,,,,,,,142.2,100,142.4,100,,,,,,,,,,,,,,,,
2026-07-07T17:01:28.881298+00:00,2026-07-07T17:01:28.881140,3,2,142.05,0.3,141.9,59,141.7,150,141.4,12,,,,,,,,,,,,,,,142.2,50,142.4,100,,,,,,,,,,,,,,,,
2026-07-07T17:01:29.185216+00:00,2026-07-07T17:01:29.185189,2,1,142.15,0.5,141.9,59,141.4,12,,,,,,,,,,,,,,,,,142.4,100,,,,,,,,,,,,,,,,,,
2026-07-07T17:01:29.238916+00:00,2026-07-07T17:01:29.238803,3,1,142.3,0.2,142.2,150,141.9,59,141.4,12,,,,,,,,,,,,,,,142.4,100,,,,,,,,,,,,,,,,,,
2026-07-07T17:01:29.291533+00:00,2026-07-07T17:01:29.291497,3,2,142.3,0.2,142.2,150,141.9,59,141.4,12,,,,,,,,,,,,,,,142.4,100,142.7,150,,,,,,,,,,,,,,,,
2026-07-07T17:01:29.296796+00:00,2026-07-07T17:01:29.296700,3,2,142.3,0.2,142.2,150,141.9,59,141.3,12,,,,,,,,,,,,,,,142.4,100,142.7,150,,,,,,,,,,,,,,,,
2026-07-07T17:01:29.568504+00:00,2026-07-07T17:01:29.562372,3,2,142.3,0.2,142.2,138,141.9,59,141.3,12,,,,,,,,,,,,,,,142.4,100,142.7,150,,,,,,,,,,,,,,,,
2026-07-07T17:01:29.610514+00:00,2026-07-07T17:01:29.610446,3,2,142.3,0.2,142.2,138,141.9,59,141.3,12,,,,,,,,,,,,,,,142.4,58,142.7,150,,,,,,,,,,,,,,,,
2026-07-07T17:01:29.881969+00:00,2026-07-07T17:01:29.881794,2,1,142.45,0.5,142.2,138,141.3,12,,,,,,,,,,,,,,,,,142.7,150,,,,,,,,,,,,,,,,,,
2026-07-07T17:01:29.934617+00:00,2026-07-07T17:01:29.934522,3,1,142.45,0.5,142.2,138,142.0,100,141.3,12,,,,,,,,,,,,,,,142.7,150,,,,,,,,,,,,,,,,,,
2026-07-07T17:01:29.989030+00:00,2026-07-07T17:01:29.989126,3,2,142.35,0.3,142.2,138,142.0,100,141.3,12,,,,,,,,,,,,,,,142.5,100,142.7,150,,,,,,,,,,,,,,,,
2026-07-07T17:01:31.004305+00:00,2026-07-07T17:01:31.004258,3,2,142.35,0.3,142.2,138,142.0,100,141.3,12,,,,,,,,,,,,,,,142.5,50,142.7,150,,,,,,,,,,,,,,,,
2026-07-07T17:01:31.658645+00:00,2026-07-07T17:01:31.653032,3,2,142.35,0.3,142.2,89,142.0,100,141.3,12,,,,,,,,,,,,,,,142.5,50,142.7,150,,,,,,,,,,,,,,,,
2026-07-07T17:01:32.133749+00:00,2026-07-07T17:01:32.127714,3,2,142.35,0.3,142.2,78,142.0,100,141.3,12,,,,,,,,,,,,,,,142.5,50,142.7,150,,,,,,,,,,,,,,,,
2026-07-07T17:01:32.346367+00:00,2026-07-07T17:01:32.346322,2,1,142.25,0.5,142.0,100,141.3,12,,,,,,,,,,,,,,,,,142.5,50,,,,,,,,,,,,,,,,,,
2026-07-07T17:01:32.401807+00:00,2026-07-07T17:01:32.401690,3,1,142.25,0.5,142.0,100,141.8,150,141.3,12,,,,,,,,,,,,,,,142.5,50,,,,,,,,,,,,,,,,,,
2026-07-07T17:01:32.458644+00:00,2026-07-07T17:01:32.454575,3,2,142.15,0.3,142.0,100,141.8,150,141.3,12,,,,,,,,,,,,,,,142.3,150,142.5,50,,,,,,,,,,,,,,,,
2026-07-07T17:01:32.715865+00:00,2026-07-07T17:01:32.716004,3,2,142.15,0.3,142.0,100,141.8,150,141.3,12,,,,,,,,,,,,,,,142.3,103,142.5,50,,,,,,,,,,,,,,,,
2026-07-07T17:01:33.043638+00:00,2026-07-07T17:01:33.043535,2,1,142.05,0.5,141.8,150,141.3,12,,,,,,,,,,,,,,,,,142.3,103,,,,,,,,,,,,,,,,,,
2026-07-07T17:01:33.093324+00:00,2026-07-07T17:01:33.093511,3,1,142.15,0.3,142.0,100,141.8,150,141.3,12,,,,,,,,,,,,,,,142.3,103,,,,,,,,,,,,,,,,,,
2026-07-07T17:01:33.158757+00:00,2026-07-07T17:01:33.158674,3,2,142.15,0.3,142.0,100,141.8,150,141.3,12,,,,,,,,,,,,,,,142.3,103,142.5,100,,,,,,,,,,,,,,,,
2026-07-07T17:01:33.566131+00:00,2026-07-07T17:01:33.565999,2,2,142.15,0.3,142.0,100,141.8,150,,,,,,,,,,,,,,,,,142.3,103,142.5,100,,,,,,,,,,,,,,,,
2026-07-07T17:01:33.571236+00:00,2026-07-07T17:01:33.571185,3,2,142.15,0.3,142.0,100,141.8,150,141.2,12,,,,,,,,,,,,,,,142.3,103,142.5,100,,,,,,,,,,,,,,,,
2026-07-07T17:01:33.925050+00:00,2026-07-07T17:01:33.925015,3,2,142.15,0.3,142.0,59,141.8,150,141.2,12,,,,,,,,,,,,,,,142.3,103,142.5,100,,,,,,,,,,,,,,,,
2026-07-07T17:01:35.294924+00:00,2026-07-07T17:01:35.295059,3,2,142.15,0.3,142.0,9,141.8,150,141.2,12,,,,,,,,,,,,,,,142.3,103,142.5,100,,,,,,,,,,,,,,,,
2026-07-07T17:01:35.508783+00:00,2026-07-07T17:01:35.508695,2,1,142.25,0.5,142.0,9,141.2,12,,,,,,,,,,,,,,,,,142.5,100,,,,,,,,,,,,,,,,,,
2026-07-07T17:01:35.558635+00:00,2026-07-07T17:01:35.558458,2,1,142.25,0.5,142.0,159,141.2,12,,,,,,,,,,,,,,,,,142.5,100,,,,,,,,,,,,,,,,,,
2026-07-07T17:01:35.603845+00:00,2026-07-07T17:01:35.603741,2,1,142.25,0.5,142.0,159,141.3,12,,,,,,,,,,,,,,,,,142.5,100,,,,,,,,,,,,,,,,,,
2026-07-07T17:01:35.617694+00:00,2026-07-07T17:01:35.617611,2,1,142.25,0.5,142.0,159,141.3,12,,,,,,,,,,,,,,,,,142.5,250,,,,,,,,,,,,,,,,,,
2026-07-07T17:01:36.107493+00:00,2026-07-07T17:01:36.107372,1,1,142.25,0.5,142.0,159,,,,,,,,,,,,,,,,,,,142.5,250,,,,,,,,,,,,,,,,,,
2026-07-07T17:01:36.112467+00:00,2026-07-07T17:01:36.112626,2,1,142.25,0.5,142.0,159,141.1,12,,,,,,,,,,,,,,,,,142.5,250,,,,,,,,,,,,,,,,,,
2026-07-07T17:01:36.212417+00:00,2026-07-07T17:01:36.212382,2,1,142.25,0.5,142.0,150,141.1,12,,,,,,,,,,,,,,,,,142.5,150,,,,,,,,,,,,,,,,,,
2026-07-07T17:01:36.260785+00:00,2026-07-07T17:01:36.260700,3,1,142.25,0.5,142.0,150,141.6,100,141.1,12,,,,,,,,,,,,,,,142.5,150,,,,,,,,,,,,,,,,,,
2026-07-07T17:01:36.316780+00:00,2026-07-07T17:01:36.316667,3,2,142.05,0.1,142.0,150,141.6,100,141.1,12,,,,,,,,,,,,,,,142.1,100,142.5,150,,,,,,,,,,,,,,,,
2026-07-07T17:01:36.365882+00:00,2026-07-07T17:01:36.365825,2,2,142.05,0.1,142.0,150,141.6,100,,,,,,,,,,,,,,,,,142.1,100,142.5,150,,,,,,,,,,,,,,,,
2026-07-07T17:01:36.371059+00:00,2026-07-07T17:01:36.371022,3,2,142.05,0.1,142.0,150,141.6,100,141.2,12,,,,,,,,,,,,,,,142.1,100,142.5,150,,,,,,,,,,,,,,,,
2026-07-07T17:01:37.353520+00:00,2026-07-07T17:01:37.353403,3,2,142.05,0.1,142.0,150,141.6,100,141.2,12,,,,,,,,,,,,,,,142.1,50,142.5,150,,,,,,,,,,,,,,,,
2026-07-07T17:01:38.101853+00:00,2026-07-07T17:01:38.101790,3,2,142.05,0.1,142.0,150,141.6,100,141.2,12,,,,,,,,,,,,,,,142.1,6,142.5,150,,,,,,,,,,,,,,,,
2026-07-07T17:01:38.670924+00:00,2026-07-07T17:01:38.670824,2,1,141.85,0.5,141.6,100,141.2,12,,,,,,,,,,,,,,,,,142.1,6,,,,,,,,,,,,,,,,,,
2026-07-07T17:01:38.725758+00:00,2026-07-07T17:01:38.725876,3,1,142.05,0.1,142.0,150,141.6,100,141.2,12,,,,,,,,,,,,,,,142.1,6,,,,,,,,,,,,,,,,,,
2026-07-07T17:01:38.780463+00:00,2026-07-07T17:01:38.780358,3,2,142.05,0.1,142.0,150,141.6,100,141.2,12,,,,,,,,,,,,,,,142.1,6,142.5,150,,,,,,,,,,,,,,,,
2026-07-07T17:01:39.059016+00:00,2026-07-07T17:01:39.058876,3,2,142.05,0.1,142.0,108,141.6,100,141.2,12,,,,,,,,,,,,,,,142.1,6,142.5,150,,,,,,,,,,,,,,,,
2026-07-07T17:01:39.374750+00:00,2026-07-07T17:01:39.374639,2,1,142.25,0.5,142.0,108,141.2,12,,,,,,,,,,,,,,,,,142.5,150,,,,,,,,,,,,,,,,,,
2026-07-07T17:01:39.385186+00:00,2026-07-07T17:01:39.385113,2,1,142.25,0.5,142.0,108,141.2,12,,,,,,,,,,,,,,,,,142.5,150,,,,,,,,,,,,,,,,,,
2026-07-07T17:01:39.429992+00:00,2026-07-07T17:01:39.429899,2,1,142.25,0.5,142.0,208,141.2,12,,,,,,,,,,,,,,,,,142.5,150,,,,,,,,,,,,,,,,,,
2026-07-07T17:01:39.482807+00:00,2026-07-07T17:01:39.482694,2,1,142.25,0.5,142.0,208,141.2,12,,,,,,,,,,,,,,,,,142.5,250,,,,,,,,,,,,,,,,,,
2026-07-07T17:01:41.626861+00:00,2026-07-07T17:01:41.626791,2,1,142.25,0.5,142.0,158,141.2,12,,,,,,,,,,,,,,,,,142.5,207,,,,,,,,,,,,,,,,,,
2026-07-07T17:01:41.833417+00:00,2026-07-07T17:01:41.833372,2,1,142.25,0.5,142.0,100,141.2,12,,,,,,,,,,,,,,,,,142.5,100,,,,,,,,,,,,,,,,,,
2026-07-07T17:01:41.887092+00:00,2026-07-07T17:01:41.887061,3,1,142.25,0.5,142.0,100,141.7,150,141.2,12,,,,,,,,,,,,,,,142.5,100,,,,,,,,,,,,,,,,,,
2026-07-07T17:01:41.940965+00:00,2026-07-07T17:01:41.940916,3,2,142.1,0.2,142.0,100,141.7,150,141.2,12,,,,,,,,,,,,,,,142.2,150,142.5,100,,,,,,,,,,,,,,,,
2026-07-07T17:01:42.104399+00:00,2026-07-07T17:01:42.104327,3,2,142.1,0.2,142.0,100,141.7,150,141.2,12,,,,,,,,,,,,,,,142.2,102,142.5,100,,,,,,,,,,,,,,,,
2026-07-07T17:01:42.158590+00:00,2026-07-07T17:01:42.147874,3,2,142.1,0.2,142.0,100,141.7,150,141.2,12,,,,,,,,,,,,,,,142.2,102,142.5,100,,,,,,,,,,,,,,,,
2026-07-07T17:01:42.537528+00:00,2026-07-07T17:01:42.537471,2,1,141.95,0.5,141.7,150,141.2,12,,,,,,,,,,,,,,,,,142.2,102,,,,,,,,,,,,,,,,,,
2026-07-07T17:01:42.592006+00:00,2026-07-07T17:01:42.591939,3,1,142.05,0.3,141.9,100,141.7,150,141.2,12,,,,,,,,,,,,,,,142.2,102,,,,,,,,,,,,,,,,,,
2026-07-07T17:01:42.645903+00:00,2026-07-07T17:01:42.645851,3,2,142.05,0.3,141.9,100,141.7,150,141.2,12,,,,,,,,,,,,,,,142.2,102,142.4,100,,,,,,,,,,,,,,,,
2026-07-07T17:01:43.026182+00:00,2026-07-07T17:01:43.026065,3,2,142.05,0.3,141.9,52,141.7,150,141.2,12,,,,,,,,,,,,,,,142.2,102,142.4,100,,,,,,,,,,,,,,,,
2026-07-07T17:01:43.501849+00:00,2026-07-07T17:01:43.501770,3,2,142.05,0.3,141.9,52,141.7,150,141.2,12,,,,,,,,,,,,,,,142.2,61,142.4,100,,,,,,,,,,,,,,,,
2026-07-07T17:01:44.164034+00:00,2026-07-07T17:01:44.163913,3,2,142.05,0.3,141.9,10,141.7,150,141.2,12,,,,,,,,,,,,,,,142.2,61,142.4,100,,,,,,,,,,,,,,,,
2026-07-07T17:01:45.004295+00:00,2026-07-07T17:01:45.004194,2,1,142.15,0.5,141.9,10,141.2,12,,,,,,,,,,,,,,,,,142.4,100,,,,,,,,,,,,,,,,,,
2026-07-07T17:01:45.058636+00:00,2026-07-07T17:01:45.053488,3,1,142.35,0.1,142.3,150,141.9,10,141.2,12,,,,,,,,,,,,,,,142.4,100,,,,,,,,,,,,,,,,,,
2026-07-07T17:01:45.113789+00:00,2026-07-07T17:01:45.113666,3,2,142.35,0.1,142.3,150,141.9,10,141.2,12,,,,,,,,,,,,,,,142.4,100,142.8,150,,,,,,,,,,,,,,,,
2026-07-07T17:01:45.158557+00:00,2026-07-07T17:01:45.156482,3,2,142.35,0.1,142.3,150,141.9,10,141.3,12,,,,,,,,,,,,,,,142.4,100,142.8,150,,,,,,,,,,,,,,,,
2026-07-07T17:01:45.700690+00:00,2026-07-07T17:01:45.700599,2,1,142.55,0.5,142.3,150,141.3,12,,,,,,,,,,,,,,,,,142.8,150,,,,,,,,,,,,,,,,,,
2026-07-07T17:01:45.758625+00:00,2026-07-07T17:01:45.756304,3,1,142.55,0.5,142.3,150,141.8,100,141.3,12,,,,,,,,,,,,,,,142.8,150,,,,,,,,,,,,,,,,,,
2026-07-07T17:01:45.811719+00:00,2026-07-07T17:01:45.811672,3,1,142.55,0.5,142.3,50,141.8,100,141.3,12,,,,,,,,,,,,,,,142.8,150,,,,,,,,,,,,,,,,,,
2026-07-07T17:01:45.834228+00:00,2026-07-07T17:01:45.834163,2,1,142.3,1.0,141.8,100,141.3,12,,,,,,,,,,,,,,,,,142.8,150,,,,,,,,,,,,,,,,,,
2026-07-07T17:01:45.918738+00:00,2026-07-07T17:01:45.918612,1,1,142.3,1.0,141.8,100,,,,,,,,,,,,,,,,,,,142.8,150,,,,,,,,,,,,,,,,,,
2026-07-07T17:01:45.923739+00:00,2026-07-07T17:01:45.923865,2,1,142.3,1.0,141.8,100,141.4,12,,,,,,,,,,,,,,,,,142.8,150,,,,,,,,,,,,,,,,,,
2026-07-07T17:01:46.677650+00:00,2026-07-07T17:01:46.677495,1,1,142.3,1.0,141.8,100,,,,,,,,,,,,,,,,,,,142.8,150,,,,,,,,,,,,,,,,,,
2026-07-07T17:01:46.692968+00:00,2026-07-07T17:01:46.692918,2,1,142.3,1.0,141.8,100,141.3,12,,,,,,,,,,,,,,,,,142.8,150,,,,,,,,,,,,,,,,,,
2026-07-07T17:01:47.890721+00:00,2026-07-07T17:01:47.890573,2,1,142.3,1.0,141.8,100,141.3,12,,,,,,,,,,,,,,,,,142.8,100,,,,,,,,,,,,,,,,,,
2026-07-07T17:01:48.170125+00:00,2026-07-07T17:01:48.169975,2,0,,,141.8,100,141.3,12,,,,,,,,,,,,,,,,,,,,,,,,,,,,,,,,,,,,
2026-07-07T17:01:48.224275+00:00,2026-07-07T17:01:48.224101,3,0,,,141.9,150,141.8,100,141.3,12,,,,,,,,,,,,,,,,,,,,,,,,,,,,,,,,,,
2026-07-07T17:01:48.277542+00:00,2026-07-07T17:01:48.277480,3,1,142.15,0.5,141.9,150,141.8,100,141.3,12,,,,,,,,,,,,,,,142.4,150,,,,,,,,,,,,,,,,,,
2026-07-07T17:01:48.420068+00:00,2026-07-07T17:01:48.420142,3,1,142.15,0.5,141.9,150,141.8,100,141.3,12,,,,,,,,,,,,,,,142.4,104,,,,,,,,,,,,,,,,,,
2026-07-07T17:01:48.439611+00:00,2026-07-07T17:01:48.439737,3,1,142.15,0.5,141.9,150,141.8,100,141.3,12,,,,,,,,,,,,,,,142.4,104,,,,,,,,,,,,,,,,,,
2026-07-07T17:01:48.858628+00:00,2026-07-07T17:01:48.857989,2,1,142.15,0.5,141.9,150,141.3,12,,,,,,,,,,,,,,,,,142.4,104,,,,,,,,,,,,,,,,,,
2026-07-07T17:01:48.921855+00:00,2026-07-07T17:01:48.921759,3,1,142.3,0.2,142.2,100,141.9,150,141.3,12,,,,,,,,,,,,,,,142.4,104,,,,,,,,,,,,,,,,,,
2026-07-07T17:01:48.975386+00:00,2026-07-07T17:01:48.975361,3,2,142.3,0.2,142.2,100,141.9,150,141.3,12,,,,,,,,,,,,,,,142.4,104,142.7,100,,,,,,,,,,,,,,,,
2026-07-07T17:01:49.413068+00:00,2026-07-07T17:01:49.412985,3,2,142.3,0.2,142.2,51,141.9,150,141.3,12,,,,,,,,,,,,,,,142.4,104,142.7,100,,,,,,,,,,,,,,,,
2026-07-07T17:01:49.910084+00:00,2026-07-07T17:01:49.910026,3,2,142.3,0.2,142.2,8,141.9,150,141.3,12,,,,,,,,,,,,,,,142.4,104,142.7,100,,,,,,,,,,,,,,,,
2026-07-07T17:01:50.051426+00:00,2026-07-07T17:01:50.051390,2,2,142.15,0.5,141.9,108,141.3,12,,,,,,,,,,,,,,,,,142.4,104,142.7,100,,,,,,,,,,,,,,,,
2026-07-07T17:01:50.701722+00:00,2026-07-07T17:01:50.701672,2,2,142.15,0.5,141.9,108,141.2,12,,,,,,,,,,,,,,,,,142.4,104,142.7,100,,,,,,,,,,,,,,,,
2026-07-07T17:01:51.353250+00:00,2026-07-07T17:01:51.353372,1,1,141.95,1.5,141.2,12,,,,,,,,,,,,,,,,,,,142.7,100,,,,,,,,,,,,,,,,,,
2026-07-07T17:01:51.404484+00:00,2026-07-07T17:01:51.404424,2,1,142.15,1.1,141.6,150,141.2,12,,,,,,,,,,,,,,,,,142.7,100,,,,,,,,,,,,,,,,,,
2026-07-07T17:01:51.458644+00:00,2026-07-07T17:01:51.456860,2,2,141.85,0.5,141.6,150,141.2,12,,,,,,,,,,,,,,,,,142.1,150,142.7,100,,,,,,,,,,,,,,,,
2026-07-07T17:01:51.966501+00:00,2026-07-07T17:01:51.966601,1,2,141.85,0.5,141.6,150,,,,,,,,,,,,,,,,,,,142.1,150,142.7,100,,,,,,,,,,,,,,,,
2026-07-07T17:01:51.971920+00:00,2026-07-07T17:01:51.971786,2,2,141.85,0.5,141.6,150,141.1,12,,,,,,,,,,,,,,,,,142.1,150,142.7,100,,,,,,,,,,,,,,,,
2026-07-07T17:01:52.030591+00:00,2026-07-07T17:01:52.030477,2,1,141.85,0.5,141.6,150,141.1,12,,,,,,,,,,,,,,,,,142.1,150,,,,,,,,,,,,,,,,,,
2026-07-07T17:01:52.082426+00:00,2026-07-07T17:01:52.082362,2,1,141.85,0.5,141.6,250,141.1,12,,,,,,,,,,,,,,,,,142.1,150,,,,,,,,,,,,,,,,,,
2026-07-07T17:01:52.137550+00:00,2026-07-07T17:01:52.137451,2,1,141.85,0.5,141.6,250,141.1,12,,,,,,,,,,,,,,,,,142.1,250,,,,,,,,,,,,,,,,,,
2026-07-07T17:01:54.279082+00:00,2026-07-07T17:01:54.279006,2,1,141.85,0.5,141.6,200,141.1,12,,,,,,,,,,,,,,,,,142.1,250,,,,,,,,,,,,,,,,,,
2026-07-07T17:01:54.513968+00:00,2026-07-07T17:01:54.513856,2,1,141.85,0.5,141.6,100,141.1,12,,,,,,,,,,,,,,,,,142.1,100,,,,,,,,,,,,,,,,,,
2026-07-07T17:01:54.552260+00:00,2026-07-07T17:01:54.558078,3,1,141.85,0.5,141.6,100,141.2,150,141.1,12,,,,,,,,,,,,,,,142.1,100,,,,,,,,,,,,,,,,,,
2026-07-07T17:01:54.621446+00:00,2026-07-07T17:01:54.621367,3,2,141.65,0.1,141.6,100,141.2,150,141.1,12,,,,,,,,,,,,,,,141.7,150,142.1,100,,,,,,,,,,,,,,,,
2026-07-07T17:01:54.732277+00:00,2026-07-07T17:01:54.732412,3,2,141.65,0.1,141.6,100,141.2,150,141.0,12,,,,,,,,,,,,,,,141.7,150,142.1,100,,,,,,,,,,,,,,,,
2026-07-07T17:01:54.748882+00:00,2026-07-07T17:01:54.749092,3,2,141.65,0.1,141.6,100,141.2,150,141.0,12,,,,,,,,,,,,,,,141.7,107,142.1,100,,,,,,,,,,,,,,,,
2026-07-07T17:01:55.190939+00:00,2026-07-07T17:01:55.190889,2,1,141.45,0.5,141.2,150,141.0,12,,,,,,,,,,,,,,,,,141.7,107,,,,,,,,,,,,,,,,,,
2026-07-07T17:01:55.242979+00:00,2026-07-07T17:01:55.243079,3,1,141.55,0.3,141.4,100,141.2,150,141.0,12,,,,,,,,,,,,,,,141.7,107,,,,,,,,,,,,,,,,,,
2026-07-07T17:01:55.297267+00:00,2026-07-07T17:01:55.297366,3,2,141.55,0.3,141.4,100,141.2,150,141.0,12,,,,,,,,,,,,,,,141.7,107,141.9,100,,,,,,,,,,,,,,,,
2026-07-07T17:01:55.405050+00:00,2026-07-07T17:01:55.404917,3,2,141.55,0.3,141.4,100,141.2,150,141.0,12,,,,,,,,,,,,,,,141.7,59,141.9,100,,,,,,,,,,,,,,,,
2026-07-07T17:01:55.809252+00:00,2026-07-07T17:01:55.803134,3,2,141.55,0.3,141.4,100,141.2,150,141.0,12,,,,,,,,,,,,,,,141.7,48,141.9,100,,,,,,,,,,,,,,,,
2026-07-07T17:01:56.020094+00:00,2026-07-07T17:01:56.019986,3,2,141.55,0.3,141.4,52,141.2,150,141.0,12,,,,,,,,,,,,,,,141.7,48,141.9,100,,,,,,,,,,,,,,,,
2026-07-07T17:01:56.331260+00:00,2026-07-07T17:01:56.324950,3,2,141.55,0.3,141.4,52,141.2,150,141.0,12,,,,,,,,,,,,,,,141.7,36,141.9,100,,,,,,,,,,,,,,,,
2026-07-07T17:01:56.388752+00:00,2026-07-07T17:01:56.388699,3,2,141.55,0.3,141.4,2,141.2,150,141.0,12,,,,,,,,,,,,,,,141.7,36,141.9,100,,,,,,,,,,,,,,,,
2026-07-07T17:01:57.674919+00:00,2026-07-07T17:01:57.674873,2,1,141.65,0.5,141.4,2,141.0,12,,,,,,,,,,,,,,,,,141.9,100,,,,,,,,,,,,,,,,,,
2026-07-07T17:01:57.734584+00:00,2026-07-07T17:01:57.734502,3,1,141.85,0.1,141.8,150,141.4,2,141.0,12,,,,,,,,,,,,,,,141.9,100,,,,,,,,,,,,,,,,,,
2026-07-07T17:01:57.746817+00:00,2026-07-07T17:01:57.746897,2,1,141.85,0.1,141.8,150,141.4,2,,,,,,,,,,,,,,,,,141.9,100,,,,,,,,,,,,,,,,,,
2026-07-07T17:01:57.752175+00:00,2026-07-07T17:01:57.752081,3,1,141.85,0.1,141.8,150,141.4,2,141.2,12,,,,,,,,,,,,,,,141.9,100,,,,,,,,,,,,,,,,,,
2026-07-07T17:01:57.787850+00:00,2026-07-07T17:01:57.787759,3,2,141.85,0.1,141.8,150,141.4,2,141.2,12,,,,,,,,,,,,,,,141.9,100,142.3,150,,,,,,,,,,,,,,,,
2026-07-07T17:01:58.358549+00:00,2026-07-07T17:01:58.349746,2,1,142.05,0.5,141.8,150,141.2,12,,,,,,,,,,,,,,,,,142.3,150,,,,,,,,,,,,,,,,,,
2026-07-07T17:01:58.405436+00:00,2026-07-07T17:01:58.405500,2,1,142.05,0.5,141.8,150,141.2,112,,,,,,,,,,,,,,,,,142.3,150,,,,,,,,,,,,,,,,,,
2026-07-07T17:01:58.435978+00:00,2026-07-07T17:01:58.428888,2,1,142.05,0.5,141.8,138,141.2,112,,,,,,,,,,,,,,,,,142.3,150,,,,,,,,,,,,,,,,,,
2026-07-07T17:01:58.463453+00:00,2026-07-07T17:01:58.463600,2,1,142.05,0.5,141.8,38,141.2,112,,,,,,,,,,,,,,,,,142.3,150,,,,,,,,,,,,,,,,,,
2026-07-07T17:01:58.499080+00:00,2026-07-07T17:01:58.499001,1,1,141.75,1.1,141.2,100,,,,,,,,,,,,,,,,,,,142.3,150,,,,,,,,,,,,,,,,,,
2026-07-07T17:01:58.504253+00:00,2026-07-07T17:01:58.504157,2,1,141.75,1.1,141.2,100,141.0,12,,,,,,,,,,,,,,,,,142.3,150,,,,,,,,,,,,,,,,,,
2026-07-07T17:01:58.509226+00:00,2026-07-07T17:01:58.509311,2,2,141.7,1.0,141.2,100,141.0,12,,,,,,,,,,,,,,,,,142.2,12,142.3,150,,,,,,,,,,,,,,,,
2026-07-07T17:01:58.701503+00:00,2026-07-07T17:01:58.701447,2,1,141.75,1.1,141.2,100,141.0,12,,,,,,,,,,,,,,,,,142.3,116,,,,,,,,,,,,,,,,,,
2026-07-07T17:01:59.247999+00:00,2026-07-07T17:01:59.247854,2,1,141.75,1.1,141.2,56,141.0,12,,,,,,,,,,,,,,,,,142.3,116,,,,,,,,,,,,,,,,,,
2026-07-07T17:02:00.607772+00:00,2026-07-07T17:02:00.607714,2,1,141.75,1.1,141.2,6,141.0,12,,,,,,,,,,,,,,,,,142.3,116,,,,,,,,,,,,,,,,,,
2026-07-07T17:02:00.846691+00:00,2026-07-07T17:02:00.846620,2,0,,,141.2,6,141.0,12,,,,,,,,,,,,,,,,,,,,,,,,,,,,,,,,,,,,
2026-07-07T17:02:00.898074+00:00,2026-07-07T17:02:00.898015,2,0,,,141.2,156,141.0,12,,,,,,,,,,,,,,,,,,,,,,,,,,,,,,,,,,,,
2026-07-07T17:02:00.958585+00:00,2026-07-07T17:02:00.952238,2,1,141.45,0.5,141.2,156,141.0,12,,,,,,,,,,,,,,,,,141.7,150,,,,,,,,,,,,,,,,,,
2026-07-07T17:02:01.028215+00:00,2026-07-07T17:02:01.028342,1,1,141.45,0.5,141.2,156,,,,,,,,,,,,,,,,,,,141.7,150,,,,,,,,,,,,,,,,,,
2026-07-07T17:02:01.033705+00:00,2026-07-07T17:02:01.033552,2,1,141.45,0.5,141.2,156,141.0,12,,,,,,,,,,,,,,,,,141.7,150,,,,,,,,,,,,,,,,,,
2026-07-07T17:02:01.520135+00:00,2026-07-07T17:02:01.520090,2,1,141.45,0.5,141.2,150,141.0,12,,,,,,,,,,,,,,,,,141.7,150,,,,,,,,,,,,,,,,,,
2026-07-07T17:02:01.572679+00:00,2026-07-07T17:02:01.572558,2,1,141.45,0.5,141.2,250,141.0,12,,,,,,,,,,,,,,,,,141.7,150,,,,,,,,,,,,,,,,,,
2026-07-07T17:02:01.644509+00:00,2026-07-07T17:02:01.644412,2,1,141.45,0.5,141.2,250,141.0,12,,,,,,,,,,,,,,,,,141.7,250,,,,,,,,,,,,,,,,,,
2026-07-07T17:02:02.717400+00:00,2026-07-07T17:02:02.717299,2,1,141.45,0.5,141.2,200,141.0,12,,,,,,,,,,,,,,,,,141.7,250,,,,,,,,,,,,,,,,,,
2026-07-07T17:02:03.056367+00:00,2026-07-07T17:02:03.056509,2,1,141.45,0.5,141.2,200,141.0,12,,,,,,,,,,,,,,,,,141.7,207,,,,,,,,,,,,,,,,,,
2026-07-07T17:02:04.002135+00:00,2026-07-07T17:02:04.002225,2,1,141.45,0.5,141.2,200,141.0,12,,,,,,,,,,,,,,,,,141.7,100,,,,,,,,,,,,,,,,,,
2026-07-07T17:02:04.007312+00:00,2026-07-07T17:02:04.007390,2,1,141.45,0.5,141.2,100,141.0,12,,,,,,,,,,,,,,,,,141.7,100,,,,,,,,,,,,,,,,,,
2026-07-07T17:02:04.054492+00:00,2026-07-07T17:02:04.054670,3,1,141.5,0.4,141.3,150,141.2,100,141.0,12,,,,,,,,,,,,,,,141.7,100,,,,,,,,,,,,,,,,,,
2026-07-07T17:02:04.110052+00:00,2026-07-07T17:02:04.109939,3,2,141.5,0.4,141.3,150,141.2,100,141.0,12,,,,,,,,,,,,,,,141.7,100,141.8,150,,,,,,,,,,,,,,,,
2026-07-07T17:02:04.295673+00:00,2026-07-07T17:02:04.295550,2,2,141.5,0.4,141.3,150,141.2,100,,,,,,,,,,,,,,,,,141.7,100,141.8,150,,,,,,,,,,,,,,,,
2026-07-07T17:02:04.300798+00:00,2026-07-07T17:02:04.300727,3,2,141.5,0.4,141.3,150,141.2,100,141.1,12,,,,,,,,,,,,,,,141.7,100,141.8,150,,,,,,,,,,,,,,,,
2026-07-07T17:02:04.701402+00:00,2026-07-07T17:02:04.701369,2,1,141.55,0.5,141.3,150,141.1,12,,,,,,,,,,,,,,,,,141.8,150,,,,,,,,,,,,,,,,,,
2026-07-07T17:02:04.747204+00:00,2026-07-07T17:02:04.747094,2,1,141.55,0.5,141.3,150,141.1,12,,,,,,,,,,,,,,,,,141.8,105,,,,,,,,,,,,,,,,,,
2026-07-07T17:02:04.752163+00:00,2026-07-07T17:02:04.752242,3,1,141.55,0.5,141.3,150,141.2,100,141.1,12,,,,,,,,,,,,,,,141.8,105,,,,,,,,,,,,,,,,,,
2026-07-07T17:02:04.801999+00:00,2026-07-07T17:02:04.801961,3,1,141.55,0.5,141.3,109,141.2,100,141.1,12,,,,,,,,,,,,,,,141.8,105,,,,,,,,,,,,,,,,,,
2026-07-07T17:02:04.817757+00:00,2026-07-07T17:02:04.817638,3,2,141.5,0.4,141.3,109,141.2,100,141.1,12,,,,,,,,,,,,,,,141.7,100,141.8,105,,,,,,,,,,,,,,,,
2026-07-07T17:02:04.828087+00:00,2026-07-07T17:02:04.828026,3,2,141.5,0.4,141.3,59,141.2,100,141.1,12,,,,,,,,,,,,,,,141.7,100,141.8,105,,,,,,,,,,,,,,,,
2026-07-07T17:02:04.981943+00:00,2026-07-07T17:02:04.975885,3,2,141.5,0.4,141.3,59,141.2,100,141.1,12,,,,,,,,,,,,,,,141.7,77,141.8,105,,,,,,,,,,,,,,,,
2026-07-07T17:02:06.934437+00:00,2026-07-07T17:02:06.934597,3,2,141.5,0.4,141.3,9,141.2,100,141.1,12,,,,,,,,,,,,,,,141.7,77,141.8,105,,,,,,,,,,,,,,,,
2026-07-07T17:02:07.158604+00:00,2026-07-07T17:02:07.158443,2,1,141.45,0.5,141.2,100,141.1,12,,,,,,,,,,,,,,,,,141.7,77,,,,,,,,,,,,,,,,,,
2026-07-07T17:02:07.221378+00:00,2026-07-07T17:02:07.221342,2,1,141.45,0.5,141.2,100,141.1,162,,,,,,,,,,,,,,,,,141.7,77,,,,,,,,,,,,,,,,,,
2026-07-07T17:02:07.285758+00:00,2026-07-07T17:02:07.279120,2,2,141.4,0.4,141.2,100,141.1,162,,,,,,,,,,,,,,,,,141.6,138,141.7,77,,,,,,,,,,,,,,,,
2026-07-07T17:02:07.599690+00:00,2026-07-07T17:02:07.593505,2,2,141.4,0.4,141.2,100,141.1,162,,,,,,,,,,,,,,,,,141.6,127,141.7,77,,,,,,,,,,,,,,,,
2026-07-07T17:02:07.873987+00:00,2026-07-07T17:02:07.873894,1,1,141.35,0.5,141.1,162,,,,,,,,,,,,,,,,,,,141.6,127,,,,,,,,,,,,,,,,,,
2026-07-07T17:02:07.929375+00:00,2026-07-07T17:02:07.929513,1,1,141.35,0.5,141.1,162,,,,,,,,,,,,,,,,,,,141.6,27,,,,,,,,,,,,,,,,,,
2026-07-07T17:02:07.986754+00:00,2026-07-07T17:02:07.986830,1,2,141.35,0.5,141.1,162,,,,,,,,,,,,,,,,,,,141.6,27,142.1,100,,,,,,,,,,,,,,,,
2026-07-07T17:02:09.041773+00:00,2026-07-07T17:02:09.041705,1,2,141.35,0.5,141.1,112,,,,,,,,,,,,,,,,,,,141.6,27,142.1,100,,,,,,,,,,,,,,,,
2026-07-07T17:02:10.328679+00:00,2026-07-07T17:02:10.328783,0,1,,,,,,,,,,,,,,,,,,,,,,,142.1,100,,,,,,,,,,,,,,,,,,
2026-07-07T17:02:10.380397+00:00,2026-07-07T17:02:10.380366,1,1,141.8,0.6,141.5,150,,,,,,,,,,,,,,,,,,,142.1,100,,,,,,,,,,,,,,,,,,
2026-07-07T17:02:10.437986+00:00,2026-07-07T17:02:10.438084,1,2,141.75,0.5,141.5,150,,,,,,,,,,,,,,,,,,,142.0,150,142.1,100,,,,,,,,,,,,,,,,
2026-07-07T17:02:11.043858+00:00,2026-07-07T17:02:11.043752,1,1,141.75,0.5,141.5,150,,,,,,,,,,,,,,,,,,,142.0,150,,,,,,,,,,,,,,,,,,
2026-07-07T17:02:11.096997+00:00,2026-07-07T17:02:11.096970,2,1,141.75,0.5,141.5,150,141.3,100,,,,,,,,,,,,,,,,,142.0,150,,,,,,,,,,,,,,,,,,
2026-07-07T17:02:11.158853+00:00,2026-07-07T17:02:11.158709,2,2,141.65,0.3,141.5,100,141.3,100,,,,,,,,,,,,,,,,,141.8,100,142.0,150,,,,,,,,,,,,,,,,
2026-07-07T17:02:11.388178+00:00,2026-07-07T17:02:11.388106,2,3,141.55,0.1,141.5,100,141.3,112,,,,,,,,,,,,,,,,,141.6,12,141.8,100,142.0,150,,,,,,,,,,,,,,
2026-07-07T17:02:11.929221+00:00,2026-07-07T17:02:11.928950,2,3,141.55,0.1,141.5,100,141.3,100,,,,,,,,,,,,,,,,,141.6,12,141.8,100,142.0,150,,,,,,,,,,,,,,
2026-07-07T17:02:11.934340+00:00,2026-07-07T17:02:11.934276,2,2,141.65,0.3,141.5,100,141.3,100,,,,,,,,,,,,,,,,,141.8,100,142.0,150,,,,,,,,,,,,,,,,
2026-07-07T17:02:11.944913+00:00,2026-07-07T17:02:11.944731,3,2,141.65,0.3,141.5,100,141.4,12,141.3,100,,,,,,,,,,,,,,,141.8,100,142.0,150,,,,,,,,,,,,,,,,
2026-07-07T17:02:11.958603+00:00,2026-07-07T17:02:11.955150,3,3,141.6,0.2,141.5,100,141.4,12,141.3,100,,,,,,,,,,,,,,,141.7,12,141.8,100,142.0,150,,,,,,,,,,,,,,
2026-07-07T17:02:12.031772+00:00,2026-07-07T17:02:12.031697,3,3,141.6,0.2,141.5,58,141.4,12,141.3,100,,,,,,,,,,,,,,,141.7,12,141.8,100,142.0,150,,,,,,,,,,,,,,
2026-07-07T17:02:13.260490+00:00,2026-07-07T17:02:13.260326,3,3,141.6,0.2,141.5,8,141.4,12,141.3,100,,,,,,,,,,,,,,,141.7,12,141.8,100,142.0,150,,,,,,,,,,,,,,
2026-07-07T17:02:13.492782+00:00,2026-07-07T17:02:13.492694,2,2,141.55,0.3,141.4,12,141.3,100,,,,,,,,,,,,,,,,,141.7,12,141.8,100,,,,,,,,,,,,,,,,
2026-07-07T17:02:13.548052+00:00,2026-07-07T17:02:13.547970,3,2,141.55,0.3,141.4,12,141.3,100,141.0,150,,,,,,,,,,,,,,,141.7,12,141.8,100,,,,,,,,,,,,,,,,
2026-07-07T17:02:13.613186+00:00,2026-07-07T17:02:13.605963,3,3,141.45,0.1,141.4,12,141.3,100,141.0,150,,,,,,,,,,,,,,,141.5,127,141.7,12,141.8,100,,,,,,,,,,,,,,
2026-07-07T17:02:13.728627+00:00,2026-07-07T17:02:13.728592,3,3,141.45,0.1,141.4,12,141.3,100,141.0,150,,,,,,,,,,,,,,,141.5,86,141.7,12,141.8,100,,,,,,,,,,,,,,
2026-07-07T17:02:14.204641+00:00,2026-07-07T17:02:14.204593,2,2,141.45,0.1,141.4,12,141.0,150,,,,,,,,,,,,,,,,,141.5,86,141.7,12,,,,,,,,,,,,,,,,
2026-07-07T17:02:14.255346+00:00,2026-07-07T17:02:14.255303,3,2,141.45,0.1,141.4,12,141.3,100,141.0,150,,,,,,,,,,,,,,,141.5,86,141.7,12,,,,,,,,,,,,,,,,
2026-07-07T17:02:14.310631+00:00,2026-07-07T17:02:14.310539,3,3,141.45,0.1,141.4,12,141.3,100,141.0,150,,,,,,,,,,,,,,,141.5,86,141.7,12,141.8,100,,,,,,,,,,,,,,
2026-07-07T17:02:14.369049+00:00,2026-07-07T17:02:14.368937,3,3,141.45,0.1,141.4,12,141.3,100,141.0,150,,,,,,,,,,,,,,,141.5,38,141.7,12,141.8,100,,,,,,,,,,,,,,
2026-07-07T17:02:14.422517+00:00,2026-07-07T17:02:14.422648,2,3,141.4,0.2,141.3,100,141.0,150,,,,,,,,,,,,,,,,,141.5,38,141.7,12,141.8,100,,,,,,,,,,,,,,
2026-07-07T17:02:15.470013+00:00,2026-07-07T17:02:15.470162,2,2,141.4,0.2,141.3,100,141.0,150,,,,,,,,,,,,,,,,,141.5,38,141.8,100,,,,,,,,,,,,,,,,
2026-07-07T17:02:15.475388+00:00,2026-07-07T17:02:15.475357,3,2,141.45,0.1,141.4,12,141.3,100,141.0,150,,,,,,,,,,,,,,,141.5,38,141.8,112,,,,,,,,,,,,,,,,
2026-07-07T17:02:15.983924+00:00,2026-07-07T17:02:15.983873,2,2,141.4,0.2,141.3,100,141.0,150,,,,,,,,,,,,,,,,,141.5,38,141.8,100,,,,,,,,,,,,,,,,
2026-07-07T17:02:15.989168+00:00,2026-07-07T17:02:15.989057,3,3,141.45,0.1,141.4,12,141.3,100,141.0,150,,,,,,,,,,,,,,,141.5,38,141.7,12,141.8,100,,,,,,,,,,,,,,
2026-07-07T17:02:16.497747+00:00,2026-07-07T17:02:16.497653,2,2,141.4,0.2,141.3,100,141.0,150,,,,,,,,,,,,,,,,,141.5,38,141.8,100,,,,,,,,,,,,,,,,
2026-07-07T17:02:16.502900+00:00,2026-07-07T17:02:16.502821,3,2,141.4,0.2,141.3,100,141.2,12,141.0,150,,,,,,,,,,,,,,,141.5,38,141.8,100,,,,,,,,,,,,,,,,
2026-07-07T17:02:16.508141+00:00,2026-07-07T17:02:16.508060,3,2,141.4,0.2,141.3,100,141.2,12,141.0,150,,,,,,,,,,,,,,,141.5,50,141.8,100,,,,,,,,,,,,,,,,
2026-07-07T17:02:16.654541+00:00,2026-07-07T17:02:16.654481,2,2,141.4,0.2,141.3,100,141.2,12,,,,,,,,,,,,,,,,,141.5,12,141.8,100,,,,,,,,,,,,,,,,
2026-07-07T17:02:16.708028+00:00,2026-07-07T17:02:16.707962,2,2,141.4,0.2,141.3,250,141.2,12,,,,,,,,,,,,,,,,,141.5,12,141.8,100,,,,,,,,,,,,,,,,
2026-07-07T17:02:16.774171+00:00,2026-07-07T17:02:16.774083,2,2,141.4,0.2,141.3,250,141.2,12,,,,,,,,,,,,,,,,,141.5,12,141.8,250,,,,,,,,,,,,,,,,
2026-07-07T17:02:17.009563+00:00,2026-07-07T17:02:17.009447,1,2,141.4,0.2,141.3,250,,,,,,,,,,,,,,,,,,,141.5,12,141.8,250,,,,,,,,,,,,,,,,
2026-07-07T17:02:17.014656+00:00,2026-07-07T17:02:17.014630,1,1,141.55,0.5,141.3,250,,,,,,,,,,,,,,,,,,,141.8,250,,,,,,,,,,,,,,,,,,
2026-07-07T17:02:17.019844+00:00,2026-07-07T17:02:17.019793,1,1,141.55,0.5,141.3,262,,,,,,,,,,,,,,,,,,,141.8,250,,,,,,,,,,,,,,,,,,
2026-07-07T17:02:17.025022+00:00,2026-07-07T17:02:17.024961,1,2,141.45,0.3,141.3,262,,,,,,,,,,,,,,,,,,,141.6,12,141.8,250,,,,,,,,,,,,,,,,
2026-07-07T17:02:17.368930+00:00,2026-07-07T17:02:17.368863,1,2,141.45,0.3,141.3,162,,,,,,,,,,,,,,,,,,,141.6,12,141.8,150,,,,,,,,,,,,,,,,
2026-07-07T17:02:17.427720+00:00,2026-07-07T17:02:17.427649,2,2,141.45,0.3,141.3,162,141.1,100,,,,,,,,,,,,,,,,,141.6,12,141.8,150,,,,,,,,,,,,,,,,
2026-07-07T17:02:17.468945+00:00,2026-07-07T17:02:17.468817,2,2,141.45,0.3,141.3,112,141.1,100,,,,,,,,,,,,,,,,,141.6,12,141.8,150,,,,,,,,,,,,,,,,
2026-07-07T17:02:17.481804+00:00,2026-07-07T17:02:17.481705,2,2,141.45,0.3,141.3,112,141.1,100,,,,,,,,,,,,,,,,,141.6,112,141.8,150,,,,,,,,,,,,,,,,
2026-07-07T17:02:18.281812+00:00,2026-07-07T17:02:18.281958,2,2,141.45,0.3,141.3,100,141.1,100,,,,,,,,,,,,,,,,,141.6,100,141.8,150,,,,,,,,,,,,,,,,
2026-07-07T17:02:18.287313+00:00,2026-07-07T17:02:18.287226,3,3,141.4,0.2,141.3,100,141.2,12,141.1,100,,,,,,,,,,,,,,,141.5,12,141.6,100,141.8,150,,,,,,,,,,,,,,
2026-07-07T17:02:19.574415+00:00,2026-07-07T17:02:19.574381,3,3,141.4,0.2,141.3,50,141.2,12,141.1,100,,,,,,,,,,,,,,,141.5,12,141.6,100,141.8,150,,,,,,,,,,,,,,
2026-07-07T17:02:19.799060+00:00,2026-07-07T17:02:19.798981,2,2,141.45,0.3,141.3,50,141.1,100,,,,,,,,,,,,,,,,,141.6,100,141.8,150,,,,,,,,,,,,,,,,
2026-07-07T17:02:19.809515+00:00,2026-07-07T17:02:19.809427,2,2,141.45,0.3,141.3,50,141.1,112,,,,,,,,,,,,,,,,,141.6,100,141.8,150,,,,,,,,,,,,,,,,
2026-07-07T17:02:19.814825+00:00,2026-07-07T17:02:19.814719,2,3,141.35,0.1,141.3,50,141.1,112,,,,,,,,,,,,,,,,,141.4,12,141.6,100,141.8,150,,,,,,,,,,,,,,
2026-07-07T17:02:19.825252+00:00,2026-07-07T17:02:19.825216,1,2,141.25,0.3,141.1,112,,,,,,,,,,,,,,,,,,,141.4,12,141.6,100,,,,,,,,,,,,,,,,
2026-07-07T17:02:19.879056+00:00,2026-07-07T17:02:19.878940,2,2,141.25,0.3,141.1,112,140.4,150,,,,,,,,,,,,,,,,,141.4,12,141.6,100,,,,,,,,,,,,,,,,
2026-07-07T17:02:19.899535+00:00,2026-07-07T17:02:19.899500,2,2,141.25,0.3,141.1,63,140.4,150,,,,,,,,,,,,,,,,,141.4,12,141.6,100,,,,,,,,,,,,,,,,
2026-07-07T17:02:19.934125+00:00,2026-07-07T17:02:19.934267,1,3,140.65,0.5,140.4,150,,,,,,,,,,,,,,,,,,,140.9,87,141.4,12,141.6,100,,,,,,,,,,,,,,
2026-07-07T17:02:20.072722+00:00,2026-07-07T17:02:20.072664,2,2,140.7,0.4,140.5,12,140.4,150,,,,,,,,,,,,,,,,,140.9,87,141.6,100,,,,,,,,,,,,,,,,
2026-07-07T17:02:20.077742+00:00,2026-07-07T17:02:20.077821,2,3,140.7,0.4,140.5,12,140.4,150,,,,,,,,,,,,,,,,,140.9,87,141.3,12,141.6,100,,,,,,,,,,,,,,
2026-07-07T17:02:20.378842+00:00,2026-07-07T17:02:20.378692,2,3,140.7,0.4,140.5,12,140.4,150,,,,,,,,,,,,,,,,,140.9,47,141.3,12,141.6,100,,,,,,,,,,,,,,
2026-07-07T17:02:20.536310+00:00,2026-07-07T17:02:20.536206,2,2,140.7,0.4,140.5,12,140.4,150,,,,,,,,,,,,,,,,,140.9,47,141.3,12,,,,,,,,,,,,,,,,
2026-07-07T17:02:20.580061+00:00,2026-07-07T17:02:20.574099,2,2,140.7,0.4,140.5,12,140.4,150,,,,,,,,,,,,,,,,,140.9,30,141.3,12,,,,,,,,,,,,,,,,
2026-07-07T17:02:20.595505+00:00,2026-07-07T17:02:20.595423,2,2,140.7,0.4,140.5,12,140.4,250,,,,,,,,,,,,,,,,,140.9,30,141.3,12,,,,,,,,,,,,,,,,
2026-07-07T17:02:20.642910+00:00,2026-07-07T17:02:20.642795,2,2,140.7,0.4,140.5,12,140.4,250,,,,,,,,,,,,,,,,,140.9,130,141.3,12,,,,,,,,,,,,,,,,
2026-07-07T17:02:21.015939+00:00,2026-07-07T17:02:21.015853,2,2,140.7,0.4,140.5,12,140.4,250,,,,,,,,,,,,,,,,,140.9,88,141.3,12,,,,,,,,,,,,,,,,
2026-07-07T17:02:21.530228+00:00,2026-07-07T17:02:21.530109,2,2,140.7,0.4,140.5,12,140.4,250,,,,,,,,,,,,,,,,,140.9,41,141.3,12,,,,,,,,,,,,,,,,
2026-07-07T17:02:21.633988+00:00,2026-07-07T17:02:21.633937,2,1,140.9,0.8,140.5,12,140.4,250,,,,,,,,,,,,,,,,,141.3,3,,,,,,,,,,,,,,,,,,
2026-07-07T17:02:21.840121+00:00,2026-07-07T17:02:21.840073,1,1,140.85,0.9,140.4,250,,,,,,,,,,,,,,,,,,,141.3,3,,,,,,,,,,,,,,,,,,
2026-07-07T17:02:21.845344+00:00,2026-07-07T17:02:21.845290,1,0,,,140.4,250,,,,,,,,,,,,,,,,,,,,,,,,,,,,,,,,,,,,,,
2026-07-07T17:02:21.850391+00:00,2026-07-07T17:02:21.850519,2,1,141.0,0.8,140.6,12,140.4,250,,,,,,,,,,,,,,,,,141.4,12,,,,,,,,,,,,,,,,,,
2026-07-07T17:02:22.989957+00:00,2026-07-07T17:02:22.989814,2,1,141.0,0.8,140.6,12,140.4,100,,,,,,,,,,,,,,,,,141.4,12,,,,,,,,,,,,,,,,,,
2026-07-07T17:02:23.055348+00:00,2026-07-07T17:02:23.049044,3,1,141.35,0.1,141.3,133,140.6,12,140.4,100,,,,,,,,,,,,,,,141.4,12,,,,,,,,,,,,,,,,,,
2026-07-07T17:02:23.097833+00:00,2026-07-07T17:02:23.097717,3,2,141.35,0.1,141.3,133,140.6,12,140.4,100,,,,,,,,,,,,,,,141.4,12,141.8,150,,,,,,,,,,,,,,,,
2026-07-07T17:02:23.115345+00:00,2026-07-07T17:02:23.115474,2,1,141.55,0.5,141.3,133,140.4,100,,,,,,,,,,,,,,,,,141.8,150,,,,,,,,,,,,,,,,,,
2026-07-07T17:02:23.120548+00:00,2026-07-07T17:02:23.120650,3,2,141.35,0.1,141.3,133,141.1,12,140.4,100,,,,,,,,,,,,,,,141.4,12,141.8,150,,,,,,,,,,,,,,,,
2026-07-07T17:02:23.348871+00:00,2026-07-07T17:02:23.342545,3,2,141.35,0.1,141.3,110,141.1,12,140.4,100,,,,,,,,,,,,,,,141.4,12,141.8,150,,,,,,,,,,,,,,,,
2026-07-07T17:02:23.376461+00:00,2026-07-07T17:02:23.376420,2,2,141.35,0.1,141.3,110,140.4,100,,,,,,,,,,,,,,,,,141.4,12,141.8,150,,,,,,,,,,,,,,,,
2026-07-07T17:02:23.381684+00:00,2026-07-07T17:02:23.381600,3,1,141.55,0.5,141.3,110,141.0,12,140.4,100,,,,,,,,,,,,,,,141.8,150,,,,,,,,,,,,,,,,,,
2026-07-07T17:02:23.386928+00:00,2026-07-07T17:02:23.386759,3,2,141.35,0.1,141.3,110,141.0,12,140.4,100,,,,,,,,,,,,,,,141.4,12,141.8,150,,,,,,,,,,,,,,,,
2026-07-07T17:02:23.693003+00:00,2026-07-07T17:02:23.692928,2,2,141.35,0.1,141.3,110,141.0,12,,,,,,,,,,,,,,,,,141.4,12,141.8,150,,,,,,,,,,,,,,,,
2026-07-07T17:02:23.740319+00:00,2026-07-07T17:02:23.740464,2,1,141.55,0.5,141.3,110,141.0,12,,,,,,,,,,,,,,,,,141.8,112,,,,,,,,,,,,,,,,,,
2026-07-07T17:02:23.745766+00:00,2026-07-07T17:02:23.745694,3,1,141.55,0.5,141.3,110,141.0,12,140.8,100,,,,,,,,,,,,,,,141.8,112,,,,,,,,,,,,,,,,,,
2026-07-07T17:02:23.805726+00:00,2026-07-07T17:02:23.805645,3,1,141.55,0.5,141.3,10,141.0,12,140.8,100,,,,,,,,,,,,,,,141.8,112,,,,,,,,,,,,,,,,,,
2026-07-07T17:02:23.892543+00:00,2026-07-07T17:02:23.892445,3,1,141.55,0.5,141.3,10,140.9,12,140.8,100,,,,,,,,,,,,,,,141.8,112,,,,,,,,,,,,,,,,,,
2026-07-07T17:02:23.897638+00:00,2026-07-07T17:02:23.897605,3,2,141.5,0.4,141.3,10,140.9,12,140.8,100,,,,,,,,,,,,,,,141.7,12,141.8,112,,,,,,,,,,,,,,,,
2026-07-07T17:02:24.907094+00:00,2026-07-07T17:02:24.907033,2,2,141.5,0.4,141.3,10,140.8,100,,,,,,,,,,,,,,,,,141.7,12,141.8,112,,,,,,,,,,,,,,,,
2026-07-07T17:02:24.912283+00:00,2026-07-07T17:02:24.912234,2,1,141.55,0.5,141.3,10,140.8,100,,,,,,,,,,,,,,,,,141.8,112,,,,,,,,,,,,,,,,,,
2026-07-07T17:02:24.917503+00:00,2026-07-07T17:02:24.917443,3,2,141.45,0.3,141.3,10,141.0,11,140.8,100,,,,,,,,,,,,,,,141.6,11,141.8,112,,,,,,,,,,,,,,,,
2026-07-07T17:02:25.173957+00:00,2026-07-07T17:02:25.174088,2,1,141.55,0.5,141.3,10,140.8,100,,,,,,,,,,,,,,,,,141.8,112,,,,,,,,,,,,,,,,,,
2026-07-07T17:02:25.184604+00:00,2026-07-07T17:02:25.184573,3,2,141.4,0.2,141.3,10,141.1,11,140.8,100,,,,,,,,,,,,,,,141.5,11,141.8,112,,,,,,,,,,,,,,,,
2026-07-07T17:02:25.929794+00:00,2026-07-07T17:02:25.929730,2,2,141.3,0.4,141.1,11,140.8,100,,,,,,,,,,,,,,,,,141.5,11,141.8,112,,,,,,,,,,,,,,,,
2026-07-07T17:02:26.158649+00:00,2026-07-07T17:02:26.146807,2,1,141.3,0.4,141.1,11,140.8,100,,,,,,,,,,,,,,,,,141.5,11,,,,,,,,,,,,,,,,,,
2026-07-07T17:02:26.206611+00:00,2026-07-07T17:02:26.206527,2,1,141.3,0.4,141.1,11,140.8,250,,,,,,,,,,,,,,,,,141.5,11,,,,,,,,,,,,,,,,,,
2026-07-07T17:02:26.255078+00:00,2026-07-07T17:02:26.255022,2,2,141.2,0.2,141.1,11,140.8,250,,,,,,,,,,,,,,,,,141.3,150,141.5,11,,,,,,,,,,,,,,,,
2026-07-07T17:02:26.455342+00:00,2026-07-07T17:02:26.456618,2,1,141.15,0.3,141.0,12,140.8,250,,,,,,,,,,,,,,,,,141.3,150,,,,,,,,,,,,,,,,,,
2026-07-07T17:02:26.462982+00:00,2026-07-07T17:02:26.462927,2,1,141.15,0.3,141.0,12,140.8,250,,,,,,,,,,,,,,,,,141.3,162,,,,,,,,,,,,,,,,,,
2026-07-07T17:02:26.855206+00:00,2026-07-07T17:02:26.855140,2,1,141.15,0.3,141.0,12,140.8,150,,,,,,,,,,,,,,,,,141.3,162,,,,,,,,,,,,,,,,,,
2026-07-07T17:02:26.910148+00:00,2026-07-07T17:02:26.910263,3,1,141.25,0.1,141.2,100,141.0,12,140.8,150,,,,,,,,,,,,,,,141.3,162,,,,,,,,,,,,,,,,,,
2026-07-07T17:02:26.963971+00:00,2026-07-07T17:02:26.963936,3,2,141.25,0.1,141.2,100,141.0,12,140.8,150,,,,,,,,,,,,,,,141.3,162,141.7,100,,,,,,,,,,,,,,,,
2026-07-07T17:02:28.032894+00:00,2026-07-07T17:02:28.032759,3,2,141.25,0.1,141.2,50,141.0,12,140.8,150,,,,,,,,,,,,,,,141.3,162,141.7,100,,,,,,,,,,,,,,,,
2026-07-07T17:02:28.728068+00:00,2026-07-07T17:02:28.728007,2,2,141.25,0.1,141.2,50,140.8,150,,,,,,,,,,,,,,,,,141.3,150,141.7,100,,,,,,,,,,,,,,,,
2026-07-07T17:02:28.733283+00:00,2026-07-07T17:02:28.733172,3,2,141.25,0.1,141.2,50,140.9,12,140.8,150,,,,,,,,,,,,,,,141.3,150,141.7,100,,,,,,,,,,,,,,,,
2026-07-07T17:02:28.738261+00:00,2026-07-07T17:02:28.738383,3,2,141.25,0.1,141.2,38,140.9,12,140.8,150,,,,,,,,,,,,,,,141.3,150,141.7,100,,,,,,,,,,,,,,,,
2026-07-07T17:02:29.313729+00:00,2026-07-07T17:02:29.313896,2,1,141.45,0.5,141.2,38,140.9,12,,,,,,,,,,,,,,,,,141.7,100,,,,,,,,,,,,,,,,,,
2026-07-07T17:02:29.369105+00:00,2026-07-07T17:02:29.369011,3,1,141.45,0.5,141.2,38,140.9,12,140.7,150,,,,,,,,,,,,,,,141.7,100,,,,,,,,,,,,,,,,,,
2026-07-07T17:02:29.420754+00:00,2026-07-07T17:02:29.420703,2,2,141.05,0.3,140.9,12,140.7,150,,,,,,,,,,,,,,,,,141.2,112,141.7,100,,,,,,,,,,,,,,,,
2026-07-07T17:02:30.022196+00:00,2026-07-07T17:02:30.022116,2,1,141.05,0.3,140.9,12,140.7,150,,,,,,,,,,,,,,,,,141.2,112,,,,,,,,,,,,,,,,,,
2026-07-07T17:02:30.079418+00:00,2026-07-07T17:02:30.079291,3,1,141.05,0.3,140.9,12,140.8,100,140.7,150,,,,,,,,,,,,,,,141.2,112,,,,,,,,,,,,,,,,,,
2026-07-07T17:02:30.114401+00:00,2026-07-07T17:02:30.114566,2,1,141.0,0.4,140.8,67,140.7,150,,,,,,,,,,,,,,,,,141.2,112,,,,,,,,,,,,,,,,,,
2026-07-07T17:02:30.130658+00:00,2026-07-07T17:02:30.130570,2,2,141.0,0.4,140.8,67,140.7,150,,,,,,,,,,,,,,,,,141.2,112,141.3,100,,,,,,,,,,,,,,,,
2026-07-07T17:02:32.250679+00:00,2026-07-07T17:02:32.250596,2,2,141.0,0.4,140.8,17,140.7,150,,,,,,,,,,,,,,,,,141.2,112,141.3,100,,,,,,,,,,,,,,,,
2026-07-07T17:02:32.478119+00:00,2026-07-07T17:02:32.478259,1,1,141.05,0.5,140.8,17,,,,,,,,,,,,,,,,,,,141.3,100,,,,,,,,,,,,,,,,,,
2026-07-07T17:02:32.537050+00:00,2026-07-07T17:02:32.536936,1,1,141.05,0.5,140.8,167,,,,,,,,,,,,,,,,,,,141.3,100,,,,,,,,,,,,,,,,,,
2026-07-07T17:02:32.588618+00:00,2026-07-07T17:02:32.588555,1,1,141.05,0.5,140.8,167,,,,,,,,,,,,,,,,,,,141.3,250,,,,,,,,,,,,,,,,,,
2026-07-07T17:02:33.183823+00:00,2026-07-07T17:02:33.183770,1,1,141.05,0.5,140.8,150,,,,,,,,,,,,,,,,,,,141.3,150,,,,,,,,,,,,,,,,,,
2026-07-07T17:02:33.236546+00:00,2026-07-07T17:02:33.236453,2,1,141.05,0.5,140.8,150,140.5,100,,,,,,,,,,,,,,,,,141.3,150,,,,,,,,,,,,,,,,,,
2026-07-07T17:02:33.268502+00:00,2026-07-07T17:02:33.268734,2,1,141.05,0.5,140.8,103,140.5,100,,,,,,,,,,,,,,,,,141.3,150,,,,,,,,,,,,,,,,,,
2026-07-07T17:02:33.289338+00:00,2026-07-07T17:02:33.289300,2,2,140.9,0.2,140.8,103,140.5,100,,,,,,,,,,,,,,,,,141.0,100,141.3,150,,,,,,,,,,,,,,,,
2026-07-07T17:02:33.300683+00:00,2026-07-07T17:02:33.294037,2,2,140.9,0.2,140.8,103,140.5,100,,,,,,,,,,,,,,,,,141.0,89,141.3,150,,,,,,,,,,,,,,,,
2026-07-07T17:02:34.328931+00:00,2026-07-07T17:02:34.328893,2,2,140.9,0.2,140.8,59,140.5,100,,,,,,,,,,,,,,,,,141.0,89,141.3,150,,,,,,,,,,,,,,,,
2026-07-07T17:02:34.376580+00:00,2026-07-07T17:02:34.376518,2,2,140.9,0.2,140.8,9,140.5,100,,,,,,,,,,,,,,,,,141.0,89,141.3,150,,,,,,,,,,,,,,,,
2026-07-07T17:02:35.529170+00:00,2026-07-07T17:02:35.529118,2,3,140.9,0.2,140.8,21,140.5,100,,,,,,,,,,,,,,,,,141.0,89,141.1,12,141.3,150,,,,,,,,,,,,,,
2026-07-07T17:02:35.645186+00:00,2026-07-07T17:02:35.645141,2,2,140.9,0.2,140.8,12,140.5,100,,,,,,,,,,,,,,,,,141.0,89,141.1,12,,,,,,,,,,,,,,,,
2026-07-07T17:02:35.699885+00:00,2026-07-07T17:02:35.699968,3,2,140.9,0.2,140.8,12,140.5,100,140.1,150,,,,,,,,,,,,,,,141.0,89,141.1,12,,,,,,,,,,,,,,,,
2026-07-07T17:02:35.751462+00:00,2026-07-07T17:02:35.751430,2,3,140.55,0.1,140.5,100,140.1,150,,,,,,,,,,,,,,,,,140.6,138,141.0,89,141.1,12,,,,,,,,,,,,,,
2026-07-07T17:02:35.763621+00:00,2026-07-07T17:02:35.755982,2,3,140.55,0.1,140.5,100,140.1,150,,,,,,,,,,,,,,,,,140.6,115,141.0,89,141.1,12,,,,,,,,,,,,,,
2026-07-07T17:02:35.784026+00:00,2026-07-07T17:02:35.784140,2,2,140.55,0.1,140.5,100,140.1,150,,,,,,,,,,,,,,,,,140.6,115,141.0,89,,,,,,,,,,,,,,,,
2026-07-07T17:02:35.789472+00:00,2026-07-07T17:02:35.789412,2,2,140.55,0.1,140.5,100,140.1,150,,,,,,,,,,,,,,,,,140.6,103,141.0,89,,,,,,,,,,,,,,,,
2026-07-07T17:02:35.794661+00:00,2026-07-07T17:02:35.794567,2,3,140.55,0.1,140.5,100,140.1,150,,,,,,,,,,,,,,,,,140.6,103,141.0,89,141.1,12,,,,,,,,,,,,,,
2026-07-07T17:02:36.346046+00:00,2026-07-07T17:02:36.345893,1,2,140.35,0.5,140.1,150,,,,,,,,,,,,,,,,,,,140.6,103,141.1,12,,,,,,,,,,,,,,,,
2026-07-07T17:02:36.400229+00:00,2026-07-07T17:02:36.400035,2,2,140.5,0.2,140.4,100,140.1,150,,,,,,,,,,,,,,,,,140.6,103,141.1,12,,,,,,,,,,,,,,,,
2026-07-07T17:02:36.451242+00:00,2026-07-07T17:02:36.451096,2,3,140.5,0.2,140.4,100,140.1,150,,,,,,,,,,,,,,,,,140.6,103,140.9,100,141.1,12,,,,,,,,,,,,,,
2026-07-07T17:02:36.485072+00:00,2026-07-07T17:02:36.484922,2,3,140.5,0.2,140.4,50,140.1,150,,,,,,,,,,,,,,,,,140.6,103,140.9,100,141.1,12,,,,,,,,,,,,,,
2026-07-07T17:02:36.805707+00:00,2026-07-07T17:02:36.805594,3,2,140.55,0.1,140.5,12,140.4,50,140.1,150,,,,,,,,,,,,,,,140.6,103,140.9,100,,,,,,,,,,,,,,,,
2026-07-07T17:02:36.810853+00:00,2026-07-07T17:02:36.810759,3,3,140.55,0.1,140.5,12,140.4,50,140.1,150,,,,,,,,,,,,,,,140.6,103,140.9,100,141.0,12,,,,,,,,,,,,,,
2026-07-07T17:02:38.807938+00:00,2026-07-07T17:02:38.807912,2,2,140.7,0.4,140.5,12,140.4,50,,,,,,,,,,,,,,,,,140.9,100,141.0,12,,,,,,,,,,,,,,,,
2026-07-07T17:02:38.858584+00:00,2026-07-07T17:02:38.857547,3,2,140.7,0.4,140.5,12,140.4,50,140.2,150,,,,,,,,,,,,,,,140.9,100,141.0,12,,,,,,,,,,,,,,,,
2026-07-07T17:02:38.914449+00:00,2026-07-07T17:02:38.914369,3,3,140.6,0.2,140.5,12,140.4,50,140.2,150,,,,,,,,,,,,,,,140.7,150,140.9,100,141.0,12,,,,,,,,,,,,,,
2026-07-07T17:02:39.258556+00:00,2026-07-07T17:02:39.255466,3,3,140.6,0.2,140.5,12,140.4,50,140.2,150,,,,,,,,,,,,,,,140.7,106,140.9,100,141.0,12,,,,,,,,,,,,,,
2026-07-07T17:02:39.505870+00:00,2026-07-07T17:02:39.505816,2,2,140.6,0.2,140.5,12,140.2,150,,,,,,,,,,,,,,,,,140.7,106,141.0,12,,,,,,,,,,,,,,,,
2026-07-07T17:02:39.558597+00:00,2026-07-07T17:02:39.555346,2,2,140.6,0.2,140.5,12,140.2,250,,,,,,,,,,,,,,,,,140.7,106,141.0,12,,,,,,,,,,,,,,,,
2026-07-07T17:02:39.616317+00:00,2026-07-07T17:02:39.616272,2,2,140.6,0.2,140.5,12,140.2,250,,,,,,,,,,,,,,,,,140.7,206,141.0,12,,,,,,,,,,,,,,,,
2026-07-07T17:02:40.645404+00:00,2026-07-07T17:02:40.645275,2,2,140.6,0.2,140.5,12,140.2,250,,,,,,,,,,,,,,,,,140.7,156,141.0,12,,,,,,,,,,,,,,,,
2026-07-07T17:02:41.971523+00:00,2026-07-07T17:02:41.971424,2,2,140.6,0.2,140.5,12,140.2,100,,,,,,,,,,,,,,,,,140.7,100,141.0,12,,,,,,,,,,,,,,,,
2026-07-07T17:02:42.025618+00:00,2026-07-07T17:02:42.025522,3,1,140.85,0.3,140.7,50,140.5,12,140.2,100,,,,,,,,,,,,,,,141.0,12,,,,,,,,,,,,,,,,,,
2026-07-07T17:02:42.074364+00:00,2026-07-07T17:02:42.074269,2,1,140.85,0.3,140.7,50,140.2,100,,,,,,,,,,,,,,,,,141.0,12,,,,,,,,,,,,,,,,,,
2026-07-07T17:02:42.079344+00:00,2026-07-07T17:02:42.079453,2,1,140.95,0.5,140.7,50,140.2,100,,,,,,,,,,,,,,,,,141.2,150,,,,,,,,,,,,,,,,,,
2026-07-07T17:02:42.084748+00:00,2026-07-07T17:02:42.084641,2,2,140.9,0.4,140.7,62,140.2,100,,,,,,,,,,,,,,,,,141.1,12,141.2,150,,,,,,,,,,,,,,,,
2026-07-07T17:02:42.270921+00:00,2026-07-07T17:02:42.270806,2,2,140.9,0.4,140.7,14,140.2,100,,,,,,,,,,,,,,,,,141.1,12,141.2,150,,,,,,,,,,,,,,,,
2026-07-07T17:02:42.672177+00:00,2026-07-07T17:02:42.672039,1,2,140.9,0.4,140.7,14,,,,,,,,,,,,,,,,,,,141.1,12,141.2,150,,,,,,,,,,,,,,,,
2026-07-07T17:02:42.726059+00:00,2026-07-07T17:02:42.725969,2,2,140.9,0.4,140.7,14,140.6,100,,,,,,,,,,,,,,,,,141.1,12,141.2,150,,,,,,,,,,,,,,,,
2026-07-07T17:02:42.751385+00:00,2026-07-07T17:02:42.751515,2,1,140.95,0.5,140.7,14,140.6,100,,,,,,,,,,,,,,,,,141.2,112,,,,,,,,,,,,,,,,,,
2026-07-07T17:02:42.801329+00:00,2026-07-07T17:02:42.801242,2,2,140.9,0.4,140.7,14,140.6,100,,,,,,,,,,,,,,,,,141.1,100,141.2,112,,,,,,,,,,,,,,,,
2026-07-07T17:02:44.858566+00:00,2026-07-07T17:02:44.858249,2,2,140.9,0.4,140.7,14,140.6,100,,,,,,,,,,,,,,,,,141.1,50,141.2,112,,,,,,,,,,,,,,,,
2026-07-07T17:02:45.144105+00:00,2026-07-07T17:02:45.144073,2,1,140.9,0.4,140.7,12,140.6,100,,,,,,,,,,,,,,,,,141.1,50,,,,,,,,,,,,,,,,,,
2026-07-07T17:02:45.200147+00:00,2026-07-07T17:02:45.200045,3,1,140.9,0.4,140.7,12,140.6,100,140.2,150,,,,,,,,,,,,,,,141.1,50,,,,,,,,,,,,,,,,,,
2026-07-07T17:02:45.242001+00:00,2026-07-07T17:02:45.241879,3,1,140.9,0.4,140.7,12,140.6,100,140.2,150,,,,,,,,,,,,,,,141.1,9,,,,,,,,,,,,,,,,,,
2026-07-07T17:02:45.257417+00:00,2026-07-07T17:02:45.257483,2,2,140.65,0.1,140.6,100,140.2,150,,,,,,,,,,,,,,,,,140.7,138,141.1,9,,,,,,,,,,,,,,,,
2026-07-07T17:02:45.352886+00:00,2026-07-07T17:02:45.352806,2,2,140.65,0.1,140.6,112,140.2,150,,,,,,,,,,,,,,,,,140.7,138,141.1,9,,,,,,,,,,,,,,,,
2026-07-07T17:02:45.357909+00:00,2026-07-07T17:02:45.358033,2,3,140.65,0.1,140.6,112,140.2,150,,,,,,,,,,,,,,,,,140.7,138,141.0,12,141.1,9,,,,,,,,,,,,,,
2026-07-07T17:02:45.864170+00:00,2026-07-07T17:02:45.863991,2,2,140.65,0.1,140.6,12,140.2,150,,,,,,,,,,,,,,,,,140.7,138,141.0,12,,,,,,,,,,,,,,,,
2026-07-07T17:02:45.913313+00:00,2026-07-07T17:02:45.913181,2,2,140.65,0.1,140.6,12,140.2,150,,,,,,,,,,,,,,,,,140.7,38,141.0,12,,,,,,,,,,,,,,,,
2026-07-07T17:02:45.964655+00:00,2026-07-07T17:02:45.964591,2,3,140.65,0.1,140.6,12,140.2,150,,,,,,,,,,,,,,,,,140.7,38,141.0,12,141.3,100,,,,,,,,,,,,,,
2026-07-07T17:02:46.522999+00:00,2026-07-07T17:02:46.522953,2,2,140.8,0.4,140.6,12,140.2,150,,,,,,,,,,,,,,,,,141.0,10,141.3,100,,,,,,,,,,,,,,,,
2026-07-07T17:02:46.970485+00:00,2026-07-07T17:02:46.970641,2,1,140.95,0.7,140.6,12,140.2,150,,,,,,,,,,,,,,,,,141.3,60,,,,,,,,,,,,,,,,,,
2026-07-07T17:02:47.123623+00:00,2026-07-07T17:02:47.123577,2,1,141.0,0.6,140.7,12,140.2,150,,,,,,,,,,,,,,,,,141.3,60,,,,,,,,,,,,,,,,,,
2026-07-07T17:02:47.128887+00:00,2026-07-07T17:02:47.128749,2,2,140.95,0.5,140.7,12,140.2,150,,,,,,,,,,,,,,,,,141.2,12,141.3,60,,,,,,,,,,,,,,,,
2026-07-07T17:02:48.311550+00:00,2026-07-07T17:02:48.311514,1,2,140.95,0.5,140.7,12,,,,,,,,,,,,,,,,,,,141.2,12,141.3,60,,,,,,,,,,,,,,,,
2026-07-07T17:02:48.361762+00:00,2026-07-07T17:02:48.361587,2,2,141.15,0.1,141.1,150,140.7,12,,,,,,,,,,,,,,,,,141.2,12,141.3,60,,,,,,,,,,,,,,,,
2026-07-07T17:02:48.389293+00:00,2026-07-07T17:02:48.389169,1,2,141.15,0.1,141.1,150,,,,,,,,,,,,,,,,,,,141.2,12,141.3,60,,,,,,,,,,,,,,,,
2026-07-07T17:02:48.394510+00:00,2026-07-07T17:02:48.394456,2,1,141.2,0.2,141.1,150,140.9,12,,,,,,,,,,,,,,,,,141.3,60,,,,,,,,,,,,,,,,,,
2026-07-07T17:02:48.399746+00:00,2026-07-07T17:02:48.399658,2,2,141.15,0.1,141.1,150,140.9,12,,,,,,,,,,,,,,,,,141.2,12,141.3,60,,,,,,,,,,,,,,,,
2026-07-07T17:02:48.415071+00:00,2026-07-07T17:02:48.410523,2,3,141.15,0.1,141.1,139,140.9,12,,,,,,,,,,,,,,,,,141.2,12,141.3,60,141.6,150,,,,,,,,,,,,,,
2026-07-07T17:02:49.021751+00:00,2026-07-07T17:02:49.021644,2,2,141.15,0.1,141.1,139,140.9,12,,,,,,,,,,,,,,,,,141.2,12,141.6,150,,,,,,,,,,,,,,,,
2026-07-07T17:02:49.075276+00:00,2026-07-07T17:02:49.075242,2,2,141.15,0.1,141.1,139,140.9,112,,,,,,,,,,,,,,,,,141.2,12,141.6,150,,,,,,,,,,,,,,,,
2026-07-07T17:02:49.112560+00:00,2026-07-07T17:02:49.112520,2,1,141.35,0.5,141.1,139,140.9,112,,,,,,,,,,,,,,,,,141.6,112,,,,,,,,,,,,,,,,,,
2026-07-07T17:02:49.123349+00:00,2026-07-07T17:02:49.123270,2,2,141.25,0.3,141.1,139,140.9,112,,,,,,,,,,,,,,,,,141.4,100,141.6,112,,,,,,,,,,,,,,,,
2026-07-07T17:02:49.163943+00:00,2026-07-07T17:02:49.163880,3,2,141.25,0.3,141.1,139,141.0,12,140.9,100,,,,,,,,,,,,,,,141.4,112,141.6,112,,,,,,,,,,,,,,,,
2026-07-07T17:02:51.220038+00:00,2026-07-07T17:02:51.219972,3,2,141.25,0.3,141.1,139,141.0,12,140.9,100,,,,,,,,,,,,,,,141.4,62,141.6,112,,,,,,,,,,,,,,,,
2026-07-07T17:02:51.483774+00:00,2026-07-07T17:02:51.483745,2,1,141.2,0.4,141.0,12,140.9,100,,,,,,,,,,,,,,,,,141.4,62,,,,,,,,,,,,,,,,,,
2026-07-07T17:02:51.532482+00:00,2026-07-07T17:02:51.532384,3,1,141.3,0.2,141.2,150,141.0,12,140.9,100,,,,,,,,,,,,,,,141.4,62,,,,,,,,,,,,,,,,,,
2026-07-07T17:02:51.582857+00:00,2026-07-07T17:02:51.582817,3,2,141.3,0.2,141.2,150,141.0,12,140.9,100,,,,,,,,,,,,,,,141.4,62,141.7,150,,,,,,,,,,,,,,,,
2026-07-07T17:02:52.182820+00:00,2026-07-07T17:02:52.182703,2,2,141.3,0.2,141.2,150,141.0,12,,,,,,,,,,,,,,,,,141.4,12,141.7,150,,,,,,,,,,,,,,,,
2026-07-07T17:02:52.238850+00:00,2026-07-07T17:02:52.238724,3,2,141.3,0.2,141.2,150,141.1,100,141.0,12,,,,,,,,,,,,,,,141.4,12,141.7,150,,,,,,,,,,,,,,,,
2026-07-07T17:02:52.293266+00:00,2026-07-07T17:02:52.293173,3,3,141.3,0.2,141.2,150,141.1,100,141.0,12,,,,,,,,,,,,,,,141.4,12,141.6,100,141.7,150,,,,,,,,,,,,,,
2026-07-07T17:02:53.709536+00:00,2026-07-07T17:02:53.709383,2,3,141.3,0.2,141.2,150,141.1,100,,,,,,,,,,,,,,,,,141.4,12,141.6,100,141.7,150,,,,,,,,,,,,,,
2026-07-07T17:02:53.714756+00:00,2026-07-07T17:02:53.714640,2,2,141.4,0.4,141.2,150,141.1,100,,,,,,,,,,,,,,,,,141.6,100,141.7,150,,,,,,,,,,,,,,,,
2026-07-07T17:02:53.719748+00:00,2026-07-07T17:02:53.719888,2,3,141.3,0.2,141.2,150,141.1,112,,,,,,,,,,,,,,,,,141.4,12,141.6,100,141.7,150,,,,,,,,,,,,,,
2026-07-07T17:02:54.637335+00:00,2026-07-07T17:02:54.637415,2,2,141.3,0.2,141.2,150,141.1,112,,,,,,,,,,,,,,,,,141.4,12,141.6,100,,,,,,,,,,,,,,,,
2026-07-07T17:02:54.642641+00:00,2026-07-07T17:02:54.642574,1,2,141.25,0.3,141.1,112,,,,,,,,,,,,,,,,,,,141.4,12,141.6,100,,,,,,,,,,,,,,,,
2026-07-07T17:02:54.691950+00:00,2026-07-07T17:02:54.691906,2,2,141.35,0.1,141.3,150,141.1,112,,,,,,,,,,,,,,,,,141.4,12,141.6,100,,,,,,,,,,,,,,,,
2026-07-07T17:02:54.745994+00:00,2026-07-07T17:02:54.746089,2,3,141.35,0.1,141.3,150,141.1,112,,,,,,,,,,,,,,,,,141.4,12,141.6,100,141.8,150,,,,,,,,,,,,,,
2026-07-07T17:02:55.347350+00:00,2026-07-07T17:02:55.347284,2,2,141.35,0.1,141.3,150,141.1,12,,,,,,,,,,,,,,,,,141.4,12,141.8,150,,,,,,,,,,,,,,,,
2026-07-07T17:02:55.403442+00:00,2026-07-07T17:02:55.403329,3,2,141.35,0.1,141.3,150,141.2,100,141.1,12,,,,,,,,,,,,,,,141.4,12,141.8,150,,,,,,,,,,,,,,,,
2026-07-07T17:02:55.458659+00:00,2026-07-07T17:02:55.451259,3,1,141.55,0.5,141.3,150,141.2,100,141.1,12,,,,,,,,,,,,,,,141.8,112,,,,,,,,,,,,,,,,,,
2026-07-07T17:02:55.468871+00:00,2026-07-07T17:02:55.468800,3,2,141.5,0.4,141.3,150,141.2,100,141.1,12,,,,,,,,,,,,,,,141.7,100,141.8,112,,,,,,,,,,,,,,,,
2026-07-07T17:02:55.507684+00:00,2026-07-07T17:02:55.507585,2,2,141.5,0.4,141.3,150,141.2,100,,,,,,,,,,,,,,,,,141.7,100,141.8,112,,,,,,,,,,,,,,,,
2026-07-07T17:02:55.512862+00:00,2026-07-07T17:02:55.512823,3,3,141.45,0.3,141.3,150,141.2,100,141.1,12,,,,,,,,,,,,,,,141.6,3,141.7,100,141.8,112,,,,,,,,,,,,,,
2026-07-07T17:02:55.773972+00:00,2026-07-07T17:02:55.773923,2,2,141.5,0.4,141.3,150,141.2,100,,,,,,,,,,,,,,,,,141.7,100,141.8,112,,,,,,,,,,,,,,,,
2026-07-07T17:02:55.779215+00:00,2026-07-07T17:02:55.779110,3,3,141.4,0.2,141.3,150,141.2,100,141.1,12,,,,,,,,,,,,,,,141.5,3,141.7,100,141.8,112,,,,,,,,,,,,,,
2026-07-07T17:02:57.399465+00:00,2026-07-07T17:02:57.399402,3,3,141.4,0.2,141.3,109,141.2,100,141.1,12,,,,,,,,,,,,,,,141.5,3,141.7,100,141.8,112,,,,,,,,,,,,,,
2026-07-07T17:02:57.570541+00:00,2026-07-07T17:02:57.570395,3,2,141.5,0.4,141.3,109,141.2,100,141.1,12,,,,,,,,,,,,,,,141.7,53,141.8,112,,,,,,,,,,,,,,,,
2026-07-07T17:02:57.790843+00:00,2026-07-07T17:02:57.790714,2,2,141.5,0.4,141.3,109,141.2,112,,,,,,,,,,,,,,,,,141.7,53,141.8,112,,,,,,,,,,,,,,,,
2026-07-07T17:02:57.801331+00:00,2026-07-07T17:02:57.801218,1,1,141.45,0.5,141.2,112,,,,,,,,,,,,,,,,,,,141.7,53,,,,,,,,,,,,,,,,,,
2026-07-07T17:02:57.858539+00:00,2026-07-07T17:02:57.855261,2,1,141.5,0.4,141.3,150,141.2,112,,,,,,,,,,,,,,,,,141.7,53,,,,,,,,,,,,,,,,,,
2026-07-07T17:02:57.912223+00:00,2026-07-07T17:02:57.912301,2,2,141.5,0.4,141.3,150,141.2,112,,,,,,,,,,,,,,,,,141.7,53,141.8,150,,,,,,,,,,,,,,,,
2026-07-07T17:02:58.514933+00:00,2026-07-07T17:02:58.514872,2,1,141.55,0.5,141.3,150,141.2,112,,,,,,,,,,,,,,,,,141.8,150,,,,,,,,,,,,,,,,,,
2026-07-07T17:02:58.520147+00:00,2026-07-07T17:02:58.520026,2,1,141.55,0.5,141.3,150,141.2,12,,,,,,,,,,,,,,,,,141.8,150,,,,,,,,,,,,,,,,,,
2026-07-07T17:02:58.572012+00:00,2026-07-07T17:02:58.572123,3,1,141.6,0.4,141.4,100,141.3,150,141.2,12,,,,,,,,,,,,,,,141.8,150,,,,,,,,,,,,,,,,,,
2026-07-07T17:02:58.584668+00:00,2026-07-07T17:02:58.577918,3,1,141.6,0.4,141.4,88,141.3,150,141.2,12,,,,,,,,,,,,,,,141.8,150,,,,,,,,,,,,,,,,,,
2026-07-07T17:02:58.626719+00:00,2026-07-07T17:02:58.626841,3,2,141.6,0.4,141.4,88,141.3,150,141.2,12,,,,,,,,,,,,,,,141.8,150,141.9,100,,,,,,,,,,,,,,,,
2026-07-07T17:02:58.770279+00:00,2026-07-07T17:02:58.763082,3,2,141.6,0.4,141.4,77,141.3,150,141.2,12,,,,,,,,,,,,,,,141.8,150,141.9,100,,,,,,,,,,,,,,,,
2026-07-07T17:02:59.728296+00:00,2026-07-07T17:02:59.728422,3,2,141.6,0.4,141.4,27,141.3,150,141.2,12,,,,,,,,,,,,,,,141.8,150,141.9,100,,,,,,,,,,,,,,,,
2026-07-07T17:03:00.558528+00:00,2026-07-07T17:03:00.557851,2,2,141.6,0.4,141.4,27,141.3,162,,,,,,,,,,,,,,,,,141.8,150,141.9,100,,,,,,,,,,,,,,,,
2026-07-07T17:03:00.978037+00:00,2026-07-07T17:03:00.977940,2,1,141.65,0.5,141.4,27,141.3,12,,,,,,,,,,,,,,,,,141.9,100,,,,,,,,,,,,,,,,,,
2026-07-07T17:03:01.032644+00:00,2026-07-07T17:03:01.032556,2,1,141.65,0.5,141.4,177,141.3,12,,,,,,,,,,,,,,,,,141.9,100,,,,,,,,,,,,,,,,,,
2026-07-07T17:03:01.089562+00:00,2026-07-07T17:03:01.089387,2,1,141.65,0.5,141.4,177,141.3,12,,,,,,,,,,,,,,,,,141.9,250,,,,,,,,,,,,,,,,,,
2026-07-07T17:03:01.693908+00:00,2026-07-07T17:03:01.693763,2,1,141.65,0.5,141.4,150,141.3,12,,,,,,,,,,,,,,,,,141.9,150,,,,,,,,,,,,,,,,,,
2026-07-07T17:03:01.732606+00:00,2026-07-07T17:03:01.732695,3,1,141.65,0.5,141.4,150,141.3,12,141.2,100,,,,,,,,,,,,,,,141.9,150,,,,,,,,,,,,,,,,,,
2026-07-07T17:03:01.787763+00:00,2026-07-07T17:03:01.787672,3,2,141.55,0.3,141.4,150,141.3,12,141.2,100,,,,,,,,,,,,,,,141.7,100,141.9,150,,,,,,,,,,,,,,,,
2026-07-07T17:03:02.826048+00:00,2026-07-07T17:03:02.826016,2,2,141.55,0.3,141.4,162,141.2,100,,,,,,,,,,,,,,,,,141.7,100,141.9,150,,,,,,,,,,,,,,,,
2026-07-07T17:03:03.037094+00:00,2026-07-07T17:03:03.036982,2,2,141.55,0.3,141.4,162,141.2,100,,,,,,,,,,,,,,,,,141.7,54,141.9,150,,,,,,,,,,,,,,,,
2026-07-07T17:03:03.710298+00:00,2026-07-07T17:03:03.710218,2,2,141.55,0.3,141.4,118,141.2,100,,,,,,,,,,,,,,,,,141.7,54,141.9,150,,,,,,,,,,,,,,,,
2026-07-07T17:03:03.887977+00:00,2026-07-07T17:03:03.887903,2,2,141.55,0.3,141.4,118,141.2,100,,,,,,,,,,,,,,,,,141.7,4,141.9,150,,,,,,,,,,,,,,,,
2026-07-07T17:03:04.141589+00:00,2026-07-07T17:03:04.141527,2,1,141.55,0.3,141.4,12,141.2,100,,,,,,,,,,,,,,,,,141.7,4,,,,,,,,,,,,,,,,,,
