recv_time,book_timestamp,n_bids,n_asks,mid,spread,bid_px_0,bid_vol_0,bid_px_1,bid_vol_1,bid_px_2,bid_vol_2,bid_px_3,bid_vol_3,bid_px_4,bid_vol_4,bid_px_5,bid_vol_5,bid_px_6,bid_vol_6,bid_px_7,bid_vol_7,bid_px_8,bid_vol_8,bid_px_9,bid_vol_9,ask_px_0,ask_vol_0,ask_px_1,ask_vol_1,ask_px_2,ask_vol_2,ask_px_3,ask_vol_3,ask_px_4,ask_vol_4,ask_px_5,ask_vol_5,ask_px_6,ask_vol_6,ask_px_7,ask_vol_7,ask_px_8,ask_vol_8,ask_px_9,ask_vol_9
2026-07-08T22:00:00.224494+00:00,2026-07-08T22:00:00.208451,2,2,149.2,0.2,149.1,139,148.8,100,,,,,,,,,,,,,,,,,149.3,100,149.6,150,,,,,,,,,,,,,,,,
2026-07-08T22:00:01.109136+00:00,2026-07-08T22:00:01.109113,2,1,149.35,0.5,149.1,139,148.8,100,,,,,,,,,,,,,,,,,149.6,150,,,,,,,,,,,,,,,,,,
2026-07-08T22:00:01.114366+00:00,2026-07-08T22:00:01.114306,1,1,149.35,0.5,149.1,139,,,,,,,,,,,,,,,,,,,149.6,150,,,,,,,,,,,,,,,,,,
2026-07-08T22:00:01.158542+00:00,2026-07-08T22:00:01.158634,2,1,149.35,0.5,149.1,139,148.8,100,,,,,,,,,,,,,,,,,149.6,150,,,,,,,,,,,,,,,,,,
2026-07-08T22:00:01.200575+00:00,2026-07-08T22:00:01.200453,2,1,149.35,0.5,149.1,97,148.8,100,,,,,,,,,,,,,,,,,149.6,150,,,,,,,,,,,,,,,,,,
2026-07-08T22:00:01.205698+00:00,2026-07-08T22:00:01.209607,2,2,149.2,0.2,149.1,97,148.8,100,,,,,,,,,,,,,,,,,149.3,100,149.6,150,,,,,,,,,,,,,,,,
2026-07-08T22:00:02.374433+00:00,2026-07-08T22:00:02.374329,2,1,149.2,0.2,149.1,97,148.8,100,,,,,,,,,,,,,,,,,149.3,100,,,,,,,,,,,,,,,,,,
2026-07-08T22:00:02.379615+00:00,2026-07-08T22:00:02.379487,1,1,149.05,0.5,148.8,100,,,,,,,,,,,,,,,,,,,149.3,100,,,,,,,,,,,,,,,,,,
2026-07-08T22:00:02.433550+00:00,2026-07-08T22:00:02.433448,2,1,149.1,0.4,148.9,150,148.8,100,,,,,,,,,,,,,,,,,149.3,100,,,,,,,,,,,,,,,,,,
2026-07-08T22:00:02.495701+00:00,2026-07-08T22:00:02.483960,2,2,149.1,0.4,148.9,150,148.8,100,,,,,,,,,,,,,,,,,149.3,100,149.4,150,,,,,,,,,,,,,,,,
2026-07-08T22:00:02.780519+00:00,2026-07-08T22:00:02.780353,2,2,149.1,0.4,148.9,150,148.8,100,,,,,,,,,,,,,,,,,149.3,57,149.4,150,,,,,,,,,,,,,,,,
2026-07-08T22:00:04.274079+00:00,2026-07-08T22:00:04.273953,1,1,149.15,0.5,148.9,150,,,,,,,,,,,,,,,,,,,149.4,150,,,,,,,,,,,,,,,,,,
2026-07-08T22:00:04.329213+00:00,2026-07-08T22:00:04.329176,2,1,149.2,0.4,149.0,100,148.9,150,,,,,,,,,,,,,,,,,149.4,150,,,,,,,,,,,,,,,,,,
2026-07-08T22:00:04.383087+00:00,2026-07-08T22:00:04.382985,2,2,149.2,0.4,149.0,100,148.9,150,,,,,,,,,,,,,,,,,149.4,150,149.5,100,,,,,,,,,,,,,,,,
2026-07-08T22:00:04.405937+00:00,2026-07-08T22:00:04.405882,2,2,149.2,0.4,149.0,56,148.9,150,,,,,,,,,,,,,,,,,149.4,150,149.5,100,,,,,,,,,,,,,,,,
2026-07-08T22:00:04.890114+00:00,2026-07-08T22:00:04.890000,2,2,149.2,0.4,149.0,56,148.9,150,,,,,,,,,,,,,,,,,149.4,107,149.5,100,,,,,,,,,,,,,,,,
2026-07-08T22:00:05.302319+00:00,2026-07-08T22:00:05.302246,2,2,149.2,0.4,149.0,56,148.9,150,,,,,,,,,,,,,,,,,149.4,57,149.5,100,,,,,,,,,,,,,,,,
2026-07-08T22:00:05.543464+00:00,2026-07-08T22:00:05.543304,1,1,149.25,0.5,149.0,56,,,,,,,,,,,,,,,,,,,149.5,100,,,,,,,,,,,,,,,,,,
2026-07-08T22:00:05.598478+00:00,2026-07-08T22:00:05.598591,2,1,149.4,0.2,149.3,150,149.0,56,,,,,,,,,,,,,,,,,149.5,100,,,,,,,,,,,,,,,,,,
2026-07-08T22:00:05.608771+00:00,2026-07-08T22:00:05.603376,2,1,149.4,0.2,149.3,147,149.0,56,,,,,,,,,,,,,,,,,149.5,100,,,,,,,,,,,,,,,,,,
2026-07-08T22:00:05.655713+00:00,2026-07-08T22:00:05.655835,2,2,149.4,0.2,149.3,147,149.0,56,,,,,,,,,,,,,,,,,149.5,100,149.8,150,,,,,,,,,,,,,,,,
2026-07-08T22:00:07.436786+00:00,2026-07-08T22:00:07.436689,1,1,149.55,0.5,149.3,147,,,,,,,,,,,,,,,,,,,149.8,150,,,,,,,,,,,,,,,,,,
2026-07-08T22:00:07.490295+00:00,2026-07-08T22:00:07.490209,2,1,149.55,0.5,149.3,147,148.6,100,,,,,,,,,,,,,,,,,149.8,150,,,,,,,,,,,,,,,,,,
2026-07-08T22:00:07.544819+00:00,2026-07-08T22:00:07.544895,2,1,149.55,0.5,149.3,47,148.6,100,,,,,,,,,,,,,,,,,149.8,150,,,,,,,,,,,,,,,,,,
2026-07-08T22:00:08.710753+00:00,2026-07-08T22:00:08.710687,1,0,,,148.6,100,,,,,,,,,,,,,,,,,,,,,,,,,,,,,,,,,,,,,,
2026-07-08T22:00:08.768782+00:00,2026-07-08T22:00:08.768865,1,0,,,148.6,250,,,,,,,,,,,,,,,,,,,,,,,,,,,,,,,,,,,,,,
2026-07-08T22:00:08.821573+00:00,2026-07-08T22:00:08.821432,1,1,148.85,0.5,148.6,250,,,,,,,,,,,,,,,,,,,149.1,150,,,,,,,,,,,,,,,,,,
2026-07-08T22:00:10.599471+00:00,2026-07-08T22:00:10.599597,1,1,148.85,0.5,148.6,150,,,,,,,,,,,,,,,,,,,149.1,150,,,,,,,,,,,,,,,,,,
2026-07-08T22:00:10.651752+00:00,2026-07-08T22:00:10.651686,2,1,149.05,0.1,149.0,100,148.6,150,,,,,,,,,,,,,,,,,149.1,150,,,,,,,,,,,,,,,,,,
2026-07-08T22:00:10.705248+00:00,2026-07-08T22:00:10.705092,2,2,149.05,0.1,149.0,100,148.6,150,,,,,,,,,,,,,,,,,149.1,150,149.5,100,,,,,,,,,,,,,,,,
2026-07-08T22:00:10.966590+00:00,2026-07-08T22:00:10.966478,2,2,149.05,0.1,149.0,51,148.6,150,,,,,,,,,,,,,,,,,149.1,150,149.5,100,,,,,,,,,,,,,,,,
2026-07-08T22:00:11.640873+00:00,2026-07-08T22:00:11.640796,2,2,149.05,0.1,149.0,51,148.6,150,,,,,,,,,,,,,,,,,149.1,100,149.5,100,,,,,,,,,,,,,,,,
2026-07-08T22:00:11.876542+00:00,2026-07-08T22:00:11.876416,1,1,149.25,0.5,149.0,51,,,,,,,,,,,,,,,,,,,149.5,100,,,,,,,,,,,,,,,,,,
2026-07-08T22:00:11.930791+00:00,2026-07-08T22:00:11.930920,1,1,149.25,0.5,149.0,201,,,,,,,,,,,,,,,,,,,149.5,100,,,,,,,,,,,,,,,,,,
2026-07-08T22:00:11.999859+00:00,2026-07-08T22:00:11.999768,1,1,149.25,0.5,149.0,201,,,,,,,,,,,,,,,,,,,149.5,250,,,,,,,,,,,,,,,,,,
2026-07-08T22:00:13.758593+00:00,2026-07-08T22:00:13.757566,1,1,149.25,0.5,149.0,150,,,,,,,,,,,,,,,,,,,149.5,100,,,,,,,,,,,,,,,,,,
2026-07-08T22:00:13.810519+00:00,2026-07-08T22:00:13.810400,2,1,149.25,0.5,149.0,150,148.9,100,,,,,,,,,,,,,,,,,149.5,100,,,,,,,,,,,,,,,,,,
2026-07-08T22:00:13.869751+00:00,2026-07-08T22:00:13.869595,2,2,149.2,0.4,149.0,150,148.9,100,,,,,,,,,,,,,,,,,149.4,100,149.5,100,,,,,,,,,,,,,,,,
2026-07-08T22:00:15.050698+00:00,2026-07-08T22:00:15.050606,1,1,149.15,0.5,148.9,100,,,,,,,,,,,,,,,,,,,149.4,100,,,,,,,,,,,,,,,,,,
2026-07-08T22:00:15.106458+00:00,2026-07-08T22:00:15.106336,2,1,149.2,0.4,149.0,150,148.9,100,,,,,,,,,,,,,,,,,149.4,100,,,,,,,,,,,,,,,,,,
2026-07-08T22:00:15.158681+00:00,2026-07-08T22:00:15.152203,2,2,149.2,0.4,149.0,150,148.9,100,,,,,,,,,,,,,,,,,149.4,100,149.5,150,,,,,,,,,,,,,,,,
2026-07-08T22:00:16.560036+00:00,2026-07-08T22:00:16.560401,2,2,149.2,0.4,149.0,109,148.9,100,,,,,,,,,,,,,,,,,149.4,100,149.5,150,,,,,,,,,,,,,,,,
2026-07-08T22:00:16.917658+00:00,2026-07-08T22:00:16.917571,2,1,149.25,0.5,149.0,109,148.9,100,,,,,,,,,,,,,,,,,149.5,150,,,,,,,,,,,,,,,,,,
2026-07-08T22:00:16.922859+00:00,2026-07-08T22:00:16.922755,1,1,149.25,0.5,149.0,109,,,,,,,,,,,,,,,,,,,149.5,150,,,,,,,,,,,,,,,,,,
2026-07-08T22:00:16.977980+00:00,2026-07-08T22:00:16.977835,2,1,149.25,0.5,149.0,109,148.7,100,,,,,,,,,,,,,,,,,149.5,150,,,,,,,,,,,,,,,,,,
2026-07-08T22:00:17.031407+00:00,2026-07-08T22:00:17.031323,2,2,149.1,0.2,149.0,109,148.7,100,,,,,,,,,,,,,,,,,149.2,100,149.5,150,,,,,,,,,,,,,,,,
2026-07-08T22:00:18.211241+00:00,2026-07-08T22:00:18.211067,1,1,148.95,0.5,148.7,100,,,,,,,,,,,,,,,,,,,149.2,100,,,,,,,,,,,,,,,,,,
2026-07-08T22:00:18.266317+00:00,2026-07-08T22:00:18.266400,1,1,148.95,0.5,148.7,250,,,,,,,,,,,,,,,,,,,149.2,100,,,,,,,,,,,,,,,,,,
2026-07-08T22:00:18.318505+00:00,2026-07-08T22:00:18.318619,1,1,148.95,0.5,148.7,250,,,,,,,,,,,,,,,,,,,149.2,250,,,,,,,,,,,,,,,,,,
2026-07-08T22:00:20.078247+00:00,2026-07-08T22:00:20.078134,1,1,148.95,0.5,148.7,250,,,,,,,,,,,,,,,,,,,149.2,200,,,,,,,,,,,,,,,,,,
2026-07-08T22:00:20.083470+00:00,2026-07-08T22:00:20.083382,1,1,148.95,0.5,148.7,150,,,,,,,,,,,,,,,,,,,149.2,150,,,,,,,,,,,,,,,,,,
2026-07-08T22:00:20.138075+00:00,2026-07-08T22:00:20.138159,2,1,149.15,0.1,149.1,100,148.7,150,,,,,,,,,,,,,,,,,149.2,150,,,,,,,,,,,,,,,,,,
2026-07-08T22:00:20.198191+00:00,2026-07-08T22:00:20.198076,2,2,149.15,0.1,149.1,100,148.7,150,,,,,,,,,,,,,,,,,149.2,150,149.6,100,,,,,,,,,,,,,,,,
2026-07-08T22:00:21.372620+00:00,2026-07-08T22:00:21.372495,1,1,149.35,0.5,149.1,100,,,,,,,,,,,,,,,,,,,149.6,100,,,,,,,,,,,,,,,,,,
2026-07-08T22:00:21.430355+00:00,2026-07-08T22:00:21.430190,2,1,149.35,0.5,149.1,100,149.0,150,,,,,,,,,,,,,,,,,149.6,100,,,,,,,,,,,,,,,,,,
2026-07-08T22:00:21.482739+00:00,2026-07-08T22:00:21.482678,2,2,149.3,0.4,149.1,100,149.0,150,,,,,,,,,,,,,,,,,149.5,150,149.6,100,,,,,,,,,,,,,,,,
2026-07-08T22:00:22.084932+00:00,2026-07-08T22:00:22.084737,2,2,149.3,0.4,149.1,100,149.0,150,,,,,,,,,,,,,,,,,149.5,107,149.6,100,,,,,,,,,,,,,,,,
2026-07-08T22:00:22.238385+00:00,2026-07-08T22:00:22.238308,2,2,149.3,0.4,149.1,50,149.0,150,,,,,,,,,,,,,,,,,149.5,107,149.6,100,,,,,,,,,,,,,,,,
2026-07-08T22:00:22.626782+00:00,2026-07-08T22:00:22.626901,2,2,149.3,0.4,149.1,1,149.0,150,,,,,,,,,,,,,,,,,149.5,107,149.6,100,,,,,,,,,,,,,,,,
2026-07-08T22:00:23.252385+00:00,2026-07-08T22:00:23.252364,1,1,149.25,0.5,149.0,150,,,,,,,,,,,,,,,,,,,149.5,107,,,,,,,,,,,,,,,,,,
2026-07-08T22:00:23.306875+00:00,2026-07-08T22:00:23.306959,2,1,149.25,0.5,149.0,150,148.7,100,,,,,,,,,,,,,,,,,149.5,107,,,,,,,,,,,,,,,,,,
2026-07-08T22:00:23.358644+00:00,2026-07-08T22:00:23.356529,2,2,149.1,0.2,149.0,150,148.7,100,,,,,,,,,,,,,,,,,149.2,100,149.5,107,,,,,,,,,,,,,,,,
2026-07-08T22:00:24.343879+00:00,2026-07-08T22:00:24.343803,2,2,149.1,0.2,149.0,100,148.7,100,,,,,,,,,,,,,,,,,149.2,100,149.5,107,,,,,,,,,,,,,,,,
2026-07-08T22:00:24.533752+00:00,2026-07-08T22:00:24.533696,1,1,148.95,0.5,148.7,100,,,,,,,,,,,,,,,,,,,149.2,100,,,,,,,,,,,,,,,,,,
2026-07-08T22:00:24.589181+00:00,2026-07-08T22:00:24.589264,2,1,149.0,0.4,148.8,150,148.7,100,,,,,,,,,,,,,,,,,149.2,100,,,,,,,,,,,,,,,,,,
2026-07-08T22:00:24.642062+00:00,2026-07-08T22:00:24.641966,2,2,149.0,0.4,148.8,150,148.7,100,,,,,,,,,,,,,,,,,149.2,100,149.3,150,,,,,,,,,,,,,,,,
2026-07-08T22:00:24.838359+00:00,2026-07-08T22:00:24.838239,2,2,149.0,0.4,148.8,150,148.7,100,,,,,,,,,,,,,,,,,149.2,60,149.3,150,,,,,,,,,,,,,,,,
2026-07-08T22:00:25.829530+00:00,2026-07-08T22:00:25.829460,2,2,149.0,0.4,148.8,108,148.7,100,,,,,,,,,,,,,,,,,149.2,60,149.3,150,,,,,,,,,,,,,,,,
2026-07-08T22:00:26.412260+00:00,2026-07-08T22:00:26.412134,1,1,149.05,0.5,148.8,108,,,,,,,,,,,,,,,,,,,149.3,150,,,,,,,,,,,,,,,,,,
2026-07-08T22:00:26.458660+00:00,2026-07-08T22:00:26.457974,1,1,149.05,0.5,148.8,58,,,,,,,,,,,,,,,,,,,149.3,150,,,,,,,,,,,,,,,,,,
2026-07-08T22:00:26.470257+00:00,2026-07-08T22:00:26.470083,2,1,149.05,0.5,148.8,58,148.5,100,,,,,,,,,,,,,,,,,149.3,150,,,,,,,,,,,,,,,,,,
2026-07-08T22:00:26.522283+00:00,2026-07-08T22:00:26.522246,2,2,148.9,0.2,148.8,58,148.5,100,,,,,,,,,,,,,,,,,149.0,100,149.3,150,,,,,,,,,,,,,,,,
2026-07-08T22:00:27.693037+00:00,2026-07-08T22:00:27.692976,2,1,148.9,0.2,148.8,58,148.5,100,,,,,,,,,,,,,,,,,149.0,100,,,,,,,,,,,,,,,,,,
2026-07-08T22:00:27.698211+00:00,2026-07-08T22:00:27.698142,1,1,148.75,0.5,148.5,100,,,,,,,,,,,,,,,,,,,149.0,100,,,,,,,,,,,,,,,,,,
2026-07-08T22:00:27.750767+00:00,2026-07-08T22:00:27.750669,2,1,148.75,0.5,148.5,100,148.3,150,,,,,,,,,,,,,,,,,149.0,100,,,,,,,,,,,,,,,,,,
2026-07-08T22:00:27.801616+00:00,2026-07-08T22:00:27.801435,2,2,148.65,0.3,148.5,100,148.3,150,,,,,,,,,,,,,,,,,148.8,150,149.0,100,,,,,,,,,,,,,,,,
2026-07-08T22:00:28.573025+00:00,2026-07-08T22:00:28.572959,2,2,148.65,0.3,148.5,50,148.3,150,,,,,,,,,,,,,,,,,148.8,150,149.0,100,,,,,,,,,,,,,,,,
2026-07-08T22:00:28.777918+00:00,2026-07-08T22:00:28.777813,2,2,148.65,0.3,148.5,50,148.3,150,,,,,,,,,,,,,,,,,148.8,106,149.0,100,,,,,,,,,,,,,,,,
2026-07-08T22:00:29.095146+00:00,2026-07-08T22:00:29.089521,2,2,148.65,0.3,148.5,50,148.3,150,,,,,,,,,,,,,,,,,148.8,103,149.0,100,,,,,,,,,,,,,,,,
2026-07-08T22:00:29.576763+00:00,2026-07-08T22:00:29.576674,1,1,148.55,0.5,148.3,150,,,,,,,,,,,,,,,,,,,148.8,103,,,,,,,,,,,,,,,,,,
2026-07-08T22:00:29.627990+00:00,2026-07-08T22:00:29.627883,2,1,148.7,0.2,148.6,100,148.3,150,,,,,,,,,,,,,,,,,148.8,103,,,,,,,,,,,,,,,,,,
2026-07-08T22:00:29.680744+00:00,2026-07-08T22:00:29.680686,2,2,148.7,0.2,148.6,100,148.3,150,,,,,,,,,,,,,,,,,148.8,103,149.1,100,,,,,,,,,,,,,,,,
2026-07-08T22:00:30.681667+00:00,2026-07-08T22:00:30.681557,2,2,148.7,0.2,148.6,50,148.3,150,,,,,,,,,,,,,,,,,148.8,103,149.1,100,,,,,,,,,,,,,,,,
2026-07-08T22:00:30.858651+00:00,2026-07-08T22:00:30.857646,1,1,148.85,0.5,148.6,50,,,,,,,,,,,,,,,,,,,149.1,100,,,,,,,,,,,,,,,,,,
2026-07-08T22:00:30.910356+00:00,2026-07-08T22:00:30.910231,1,1,148.85,0.5,148.6,200,,,,,,,,,,,,,,,,,,,149.1,100,,,,,,,,,,,,,,,,,,
2026-07-08T22:00:30.966237+00:00,2026-07-08T22:00:30.966146,1,1,148.85,0.5,148.6,200,,,,,,,,,,,,,,,,,,,149.1,250,,,,,,,,,,,,,,,,,,
2026-07-08T22:00:32.495566+00:00,2026-07-08T22:00:32.495471,1,1,148.85,0.5,148.6,157,,,,,,,,,,,,,,,,,,,149.1,250,,,,,,,,,,,,,,,,,,
2026-07-08T22:00:32.736934+00:00,2026-07-08T22:00:32.736848,1,1,148.85,0.5,148.6,150,,,,,,,,,,,,,,,,,,,149.1,150,,,,,,,,,,,,,,,,,,
2026-07-08T22:00:32.786495+00:00,2026-07-08T22:00:32.786395,1,1,148.85,0.5,148.6,100,,,,,,,,,,,,,,,,,,,149.1,150,,,,,,,,,,,,,,,,,,
2026-07-08T22:00:32.791687+00:00,2026-07-08T22:00:32.791563,2,1,148.85,0.5,148.6,100,148.3,100,,,,,,,,,,,,,,,,,149.1,150,,,,,,,,,,,,,,,,,,
2026-07-08T22:00:32.857382+00:00,2026-07-08T22:00:32.851096,2,2,148.7,0.2,148.6,100,148.3,100,,,,,,,,,,,,,,,,,148.8,89,149.1,150,,,,,,,,,,,,,,,,
2026-07-08T22:00:33.081953+00:00,2026-07-08T22:00:33.081879,2,2,148.7,0.2,148.6,100,148.3,100,,,,,,,,,,,,,,,,,148.8,48,149.1,150,,,,,,,,,,,,,,,,
2026-07-08T22:00:34.020186+00:00,2026-07-08T22:00:34.020068,1,1,148.55,0.5,148.3,100,,,,,,,,,,,,,,,,,,,148.8,48,,,,,,,,,,,,,,,,,,
2026-07-08T22:00:34.070241+00:00,2026-07-08T22:00:34.070158,2,1,148.55,0.5,148.3,100,148.2,150,,,,,,,,,,,,,,,,,148.8,48,,,,,,,,,,,,,,,,,,
2026-07-08T22:00:34.126915+00:00,2026-07-08T22:00:34.126764,2,2,148.5,0.4,148.3,100,148.2,150,,,,,,,,,,,,,,,,,148.7,150,148.8,48,,,,,,,,,,,,,,,,
2026-07-08T22:00:34.898763+00:00,2026-07-08T22:00:34.898599,2,2,148.5,0.4,148.3,50,148.2,150,,,,,,,,,,,,,,,,,148.7,150,148.8,48,,,,,,,,,,,,,,,,
2026-07-08T22:00:35.895426+00:00,2026-07-08T22:00:35.895520,2,1,148.5,0.4,148.3,50,148.2,150,,,,,,,,,,,,,,,,,148.7,150,,,,,,,,,,,,,,,,,,
2026-07-08T22:00:35.900766+00:00,2026-07-08T22:00:35.900713,1,1,148.45,0.5,148.2,150,,,,,,,,,,,,,,,,,,,148.7,150,,,,,,,,,,,,,,,,,,
2026-07-08T22:00:35.958538+00:00,2026-07-08T22:00:35.956134,1,1,148.45,0.5,148.2,250,,,,,,,,,,,,,,,,,,,148.7,150,,,,,,,,,,,,,,,,,,
2026-07-08T22:00:36.020670+00:00,2026-07-08T22:00:36.020543,1,1,148.45,0.5,148.2,250,,,,,,,,,,,,,,,,,,,148.7,250,,,,,,,,,,,,,,,,,,
2026-07-08T22:00:37.004598+00:00,2026-07-08T22:00:37.004475,1,1,148.45,0.5,148.2,200,,,,,,,,,,,,,,,,,,,148.7,250,,,,,,,,,,,,,,,,,,
2026-07-08T22:00:37.180726+00:00,2026-07-08T22:00:37.180623,1,1,148.45,0.5,148.2,100,,,,,,,,,,,,,,,,,,,148.7,100,,,,,,,,,,,,,,,,,,
2026-07-08T22:00:37.231764+00:00,2026-07-08T22:00:37.231620,1,1,148.45,0.5,148.2,250,,,,,,,,,,,,,,,,,,,148.7,100,,,,,,,,,,,,,,,,,,
2026-07-08T22:00:37.286348+00:00,2026-07-08T22:00:37.286211,1,1,148.45,0.5,148.2,250,,,,,,,,,,,,,,,,,,,148.7,250,,,,,,,,,,,,,,,,,,
2026-07-08T22:00:39.075508+00:00,2026-07-08T22:00:39.075414,1,1,148.45,0.5,148.2,150,,,,,,,,,,,,,,,,,,,148.7,150,,,,,,,,,,,,,,,,,,
2026-07-08T22:00:39.113721+00:00,2026-07-08T22:00:39.113633,1,1,148.45,0.5,148.2,100,,,,,,,,,,,,,,,,,,,148.7,150,,,,,,,,,,,,,,,,,,
2026-07-08T22:00:39.128956+00:00,2026-07-08T22:00:39.128828,2,1,148.45,0.5,148.2,100,148.1,100,,,,,,,,,,,,,,,,,148.7,150,,,,,,,,,,,,,,,,,,
2026-07-08T22:00:39.181014+00:00,2026-07-08T22:00:39.180963,2,2,148.4,0.4,148.2,100,148.1,100,,,,,,,,,,,,,,,,,148.6,100,148.7,150,,,,,,,,,,,,,,,,
2026-07-08T22:00:40.343797+00:00,2026-07-08T22:00:40.343614,1,1,148.35,0.5,148.1,100,,,,,,,,,,,,,,,,,,,148.6,100,,,,,,,,,,,,,,,,,,
2026-07-08T22:00:40.394056+00:00,2026-07-08T22:00:40.394169,2,1,148.35,0.5,148.1,100,147.8,150,,,,,,,,,,,,,,,,,148.6,100,,,,,,,,,,,,,,,,,,
2026-07-08T22:00:40.468620+00:00,2026-07-08T22:00:40.462702,2,2,148.2,0.2,148.1,100,147.8,150,,,,,,,,,,,,,,,,,148.3,127,148.6,100,,,,,,,,,,,,,,,,
2026-07-08T22:00:41.222147+00:00,2026-07-08T22:00:41.222073,2,2,148.2,0.2,148.1,50,147.8,150,,,,,,,,,,,,,,,,,148.3,127,148.6,100,,,,,,,,,,,,,,,,
2026-07-08T22:00:41.489504+00:00,2026-07-08T22:00:41.483824,2,2,148.2,0.2,148.1,50,147.8,150,,,,,,,,,,,,,,,,,148.3,115,148.6,100,,,,,,,,,,,,,,,,
2026-07-08T22:00:42.232485+00:00,2026-07-08T22:00:42.232396,2,1,148.2,0.2,148.1,50,147.8,150,,,,,,,,,,,,,,,,,148.3,115,,,,,,,,,,,,,,,,,,
2026-07-08T22:00:42.237699+00:00,2026-07-08T22:00:42.237576,1,1,148.05,0.5,147.8,150,,,,,,,,,,,,,,,,,,,148.3,115,,,,,,,,,,,,,,,,,,
2026-07-08T22:00:42.291164+00:00,2026-07-08T22:00:42.291100,2,1,148.2,0.2,148.1,100,147.8,150,,,,,,,,,,,,,,,,,148.3,115,,,,,,,,,,,,,,,,,,
2026-07-08T22:00:42.344754+00:00,2026-07-08T22:00:42.344640,2,2,148.2,0.2,148.1,100,147.8,150,,,,,,,,,,,,,,,,,148.3,115,148.6,100,,,,,,,,,,,,,,,,
2026-07-08T22:00:43.330050+00:00,2026-07-08T22:00:43.329939,2,2,148.2,0.2,148.1,50,147.8,150,,,,,,,,,,,,,,,,,148.3,115,148.6,100,,,,,,,,,,,,,,,,
2026-07-08T22:00:43.503857+00:00,2026-07-08T22:00:43.503824,1,1,148.35,0.5,148.1,50,,,,,,,,,,,,,,,,,,,148.6,100,,,,,,,,,,,,,,,,,,
2026-07-08T22:00:43.558617+00:00,2026-07-08T22:00:43.556931,2,1,148.35,0.5,148.1,50,148.0,150,,,,,,,,,,,,,,,,,148.6,100,,,,,,,,,,,,,,,,,,
2026-07-08T22:00:43.612962+00:00,2026-07-08T22:00:43.612864,2,2,148.3,0.4,148.1,50,148.0,150,,,,,,,,,,,,,,,,,148.5,150,148.6,100,,,,,,,,,,,,,,,,
2026-07-08T22:00:44.064468+00:00,2026-07-08T22:00:44.063936,2,2,148.3,0.4,148.1,50,148.0,150,,,,,,,,,,,,,,,,,148.5,102,148.6,100,,,,,,,,,,,,,,,,
2026-07-08T22:00:45.398117+00:00,2026-07-08T22:00:45.398071,1,1,148.25,0.5,148.0,150,,,,,,,,,,,,,,,,,,,148.5,102,,,,,,,,,,,,,,,,,,
2026-07-08T22:00:45.435494+00:00,2026-07-08T22:00:45.435686,1,1,148.25,0.5,148.0,100,,,,,,,,,,,,,,,,,,,148.5,102,,,,,,,,,,,,,,,,,,
2026-07-08T22:00:45.452892+00:00,2026-07-08T22:00:45.452972,2,1,148.25,0.5,148.0,100,147.9,100,,,,,,,,,,,,,,,,,148.5,102,,,,,,,,,,,,,,,,,,
2026-07-08T22:00:45.505558+00:00,2026-07-08T22:00:45.505482,2,2,148.2,0.4,148.0,100,147.9,100,,,,,,,,,,,,,,,,,148.4,100,148.5,102,,,,,,,,,,,,,,,,
2026-07-08T22:00:46.682040+00:00,2026-07-08T22:00:46.681999,1,1,148.15,0.5,147.9,100,,,,,,,,,,,,,,,,,,,148.4,100,,,,,,,,,,,,,,,,,,
2026-07-08T22:00:46.737162+00:00,2026-07-08T22:00:46.737101,2,1,148.2,0.4,148.0,150,147.9,100,,,,,,,,,,,,,,,,,148.4,100,,,,,,,,,,,,,,,,,,
2026-07-08T22:00:46.790052+00:00,2026-07-08T22:00:46.789920,2,2,148.2,0.4,148.0,150,147.9,100,,,,,,,,,,,,,,,,,148.4,100,148.5,150,,,,,,,,,,,,,,,,
2026-07-08T22:00:47.543881+00:00,2026-07-08T22:00:47.544049,2,2,148.2,0.4,148.0,100,147.9,100,,,,,,,,,,,,,,,,,148.4,100,148.5,150,,,,,,,,,,,,,,,,
2026-07-08T22:00:47.607348+00:00,2026-07-08T22:00:47.607294,2,2,148.2,0.4,148.0,100,147.9,100,,,,,,,,,,,,,,,,,148.4,60,148.5,150,,,,,,,,,,,,,,,,
2026-07-08T22:00:47.658623+00:00,2026-07-08T22:00:47.655247,2,2,148.2,0.4,148.0,58,147.9,100,,,,,,,,,,,,,,,,,148.4,60,148.5,150,,,,,,,,,,,,,,,,
2026-07-08T22:00:48.304048+00:00,2026-07-08T22:00:48.303947,2,2,148.2,0.4,148.0,58,147.9,100,,,,,,,,,,,,,,,,,148.4,14,148.5,150,,,,,,,,,,,,,,,,
2026-07-08T22:00:48.559831+00:00,2026-07-08T22:00:48.559978,1,1,148.25,0.5,148.0,58,,,,,,,,,,,,,,,,,,,148.5,150,,,,,,,,,,,,,,,,,,
2026-07-08T22:00:48.614758+00:00,2026-07-08T22:00:48.614881,1,1,148.25,0.5,148.0,158,,,,,,,,,,,,,,,,,,,148.5,150,,,,,,,,,,,,,,,,,,
2026-07-08T22:00:48.669059+00:00,2026-07-08T22:00:48.668938,1,1,148.25,0.5,148.0,158,,,,,,,,,,,,,,,,,,,148.5,250,,,,,,,,,,,,,,,,,,
2026-07-08T22:00:49.359037+00:00,2026-07-08T22:00:49.359210,1,1,148.25,0.5,148.0,115,,,,,,,,,,,,,,,,,,,148.5,250,,,,,,,,,,,,,,,,,,
2026-07-08T22:00:49.658616+00:00,2026-07-08T22:00:49.657566,1,1,148.25,0.5,148.0,65,,,,,,,,,,,,,,,,,,,148.5,250,,,,,,,,,,,,,,,,,,
2026-07-08T22:00:49.843487+00:00,2026-07-08T22:00:49.843376,1,1,148.25,0.5,148.0,65,,,,,,,,,,,,,,,,,,,148.5,100,,,,,,,,,,,,,,,,,,
2026-07-08T22:00:49.895646+00:00,2026-07-08T22:00:49.895767,2,1,148.25,0.5,148.0,65,147.5,150,,,,,,,,,,,,,,,,,148.5,100,,,,,,,,,,,,,,,,,,
2026-07-08T22:00:49.963939+00:00,2026-07-08T22:00:49.958671,1,2,147.75,0.5,147.5,150,,,,,,,,,,,,,,,,,,,148.0,51,148.5,100,,,,,,,,,,,,,,,,
2026-07-08T22:00:50.119168+00:00,2026-07-08T22:00:50.113597,1,2,147.75,0.5,147.5,150,,,,,,,,,,,,,,,,,,,148.0,40,148.5,100,,,,,,,,,,,,,,,,
2026-07-08T22:00:51.711659+00:00,2026-07-08T22:00:51.711551,1,1,148.0,1.0,147.5,150,,,,,,,,,,,,,,,,,,,148.5,90,,,,,,,,,,,,,,,,,,
2026-07-08T22:00:51.722245+00:00,2026-07-08T22:00:51.722093,1,0,,,147.5,150,,,,,,,,,,,,,,,,,,,,,,,,,,,,,,,,,,,,,,
2026-07-08T22:00:51.778698+00:00,2026-07-08T22:00:51.778645,2,0,,,147.9,100,147.5,150,,,,,,,,,,,,,,,,,,,,,,,,,,,,,,,,,,,,
2026-07-08T22:00:51.827188+00:00,2026-07-08T22:00:51.827078,2,1,148.15,0.5,147.9,100,147.5,150,,,,,,,,,,,,,,,,,148.4,100,,,,,,,,,,,,,,,,,,
2026-07-08T22:00:52.675285+00:00,2026-07-08T22:00:52.675170,2,1,148.15,0.5,147.9,100,147.5,150,,,,,,,,,,,,,,,,,148.4,58,,,,,,,,,,,,,,,,,,
2026-07-08T22:00:53.005894+00:00,2026-07-08T22:00:53.005831,1,1,148.15,0.5,147.9,100,,,,,,,,,,,,,,,,,,,148.4,58,,,,,,,,,,,,,,,,,,
2026-07-08T22:00:53.055325+00:00,2026-07-08T22:00:53.055197,2,1,148.3,0.2,148.2,150,147.9,100,,,,,,,,,,,,,,,,,148.4,58,,,,,,,,,,,,,,,,,,
2026-07-08T22:00:53.109982+00:00,2026-07-08T22:00:53.109877,2,2,148.3,0.2,148.2,150,147.9,100,,,,,,,,,,,,,,,,,148.4,58,148.7,150,,,,,,,,,,,,,,,,
2026-07-08T22:00:53.871779+00:00,2026-07-08T22:00:53.871904,2,2,148.3,0.2,148.2,100,147.9,100,,,,,,,,,,,,,,,,,148.4,58,148.7,150,,,,,,,,,,,,,,,,
2026-07-08T22:00:54.882950+00:00,2026-07-08T22:00:54.882896,2,1,148.45,0.5,148.2,100,147.9,100,,,,,,,,,,,,,,,,,148.7,150,,,,,,,,,,,,,,,,,,
2026-07-08T22:00:54.887995+00:00,2026-07-08T22:00:54.888078,1,1,148.45,0.5,148.2,100,,,,,,,,,,,,,,,,,,,148.7,150,,,,,,,,,,,,,,,,,,
2026-07-08T22:00:54.942264+00:00,2026-07-08T22:00:54.942149,2,1,148.55,0.3,148.4,100,148.2,100,,,,,,,,,,,,,,,,,148.7,150,,,,,,,,,,,,,,,,,,
2026-07-08T22:00:54.991122+00:00,2026-07-08T22:00:54.991004,2,2,148.55,0.3,148.4,100,148.2,100,,,,,,,,,,,,,,,,,148.7,150,148.9,100,,,,,,,,,,,,,,,,
2026-07-08T22:00:55.385260+00:00,2026-07-08T22:00:55.378372,2,2,148.55,0.3,148.4,89,148.2,100,,,,,,,,,,,,,,,,,148.7,150,148.9,100,,,,,,,,,,,,,,,,
2026-07-08T22:00:56.158698+00:00,2026-07-08T22:00:56.157654,1,1,148.65,0.5,148.4,89,,,,,,,,,,,,,,,,,,,148.9,100,,,,,,,,,,,,,,,,,,
2026-07-08T22:00:56.217502+00:00,2026-07-08T22:00:56.217342,2,1,148.65,0.5,148.4,89,148.1,150,,,,,,,,,,,,,,,,,148.9,100,,,,,,,,,,,,,,,,,,
2026-07-08T22:00:56.271225+00:00,2026-07-08T22:00:56.271151,2,2,148.5,0.2,148.4,89,148.1,150,,,,,,,,,,,,,,,,,148.6,150,148.9,100,,,,,,,,,,,,,,,,
2026-07-08T22:00:56.695031+00:00,2026-07-08T22:00:56.690084,2,2,148.5,0.2,148.4,77,148.1,150,,,,,,,,,,,,,,,,,148.6,150,148.9,100,,,,,,,,,,,,,,,,
2026-07-08T22:00:58.048652+00:00,2026-07-08T22:00:58.048592,1,1,148.35,0.5,148.1,150,,,,,,,,,,,,,,,,,,,148.6,150,,,,,,,,,,,,,,,,,,
2026-07-08T22:00:58.093326+00:00,2026-07-08T22:00:58.093235,1,1,148.35,0.5,148.1,100,,,,,,,,,,,,,,,,,,,148.6,150,,,,,,,,,,,,,,,,,,
2026-07-08T22:00:58.098535+00:00,2026-07-08T22:00:58.098430,2,1,148.35,0.5,148.1,100,148.0,100,,,,,,,,,,,,,,,,,148.6,150,,,,,,,,,,,,,,,,,,
2026-07-08T22:00:58.163870+00:00,2026-07-08T22:00:58.163749,2,2,148.3,0.4,148.1,100,148.0,100,,,,,,,,,,,,,,,,,148.5,100,148.6,150,,,,,,,,,,,,,,,,
2026-07-08T22:00:59.328303+00:00,2026-07-08T22:00:59.328227,1,1,148.25,0.5,148.0,100,,,,,,,,,,,,,,,,,,,148.5,100,,,,,,,,,,,,,,,,,,
2026-07-08T22:00:59.378138+00:00,2026-07-08T22:00:59.378032,2,1,148.25,0.5,148.0,100,147.7,150,,,,,,,,,,,,,,,,,148.5,100,,,,,,,,,,,,,,,,,,
2026-07-08T22:00:59.434216+00:00,2026-07-08T22:00:59.434121,2,2,148.1,0.2,148.0,100,147.7,150,,,,,,,,,,,,,,,,,148.2,150,148.5,100,,,,,,,,,,,,,,,,
2026-07-08T22:01:00.147552+00:00,2026-07-08T22:01:00.147916,2,2,148.1,0.2,148.0,100,147.7,150,,,,,,,,,,,,,,,,,148.2,107,148.5,100,,,,,,,,,,,,,,,,
2026-07-08T22:01:00.163974+00:00,2026-07-08T22:01:00.163785,2,2,148.1,0.2,148.0,100,147.7,150,,,,,,,,,,,,,,,,,148.2,57,148.5,100,,,,,,,,,,,,,,,,
2026-07-08T22:01:01.210896+00:00,2026-07-08T22:01:01.210867,1,1,147.95,0.5,147.7,150,,,,,,,,,,,,,,,,,,,148.2,57,,,,,,,,,,,,,,,,,,
2026-07-08T22:01:01.258632+00:00,2026-07-08T22:01:01.256868,2,1,148.0,0.4,147.8,100,147.7,150,,,,,,,,,,,,,,,,,148.2,57,,,,,,,,,,,,,,,,,,
2026-07-08T22:01:01.313158+00:00,2026-07-08T22:01:01.313040,2,2,148.0,0.4,147.8,100,147.7,150,,,,,,,,,,,,,,,,,148.2,57,148.3,100,,,,,,,,,,,,,,,,
2026-07-08T22:01:02.254634+00:00,2026-07-08T22:01:02.255183,2,2,148.0,0.4,147.8,100,147.7,150,,,,,,,,,,,,,,,,,148.2,7,148.3,100,,,,,,,,,,,,,,,,
2026-07-08T22:01:02.487903+00:00,2026-07-08T22:01:02.488152,1,1,148.05,0.5,147.8,100,,,,,,,,,,,,,,,,,,,148.3,100,,,,,,,,,,,,,,,,,,
2026-07-08T22:01:02.540773+00:00,2026-07-08T22:01:02.540695,2,1,148.25,0.1,148.2,150,147.8,100,,,,,,,,,,,,,,,,,148.3,100,,,,,,,,,,,,,,,,,,
2026-07-08T22:01:02.595571+00:00,2026-07-08T22:01:02.595455,2,2,148.25,0.1,148.2,150,147.8,100,,,,,,,,,,,,,,,,,148.3,100,148.7,150,,,,,,,,,,,,,,,,
2026-07-08T22:01:04.371307+00:00,2026-07-08T22:01:04.371255,1,1,148.45,0.5,148.2,150,,,,,,,,,,,,,,,,,,,148.7,150,,,,,,,,,,,,,,,,,,
2026-07-08T22:01:04.376576+00:00,2026-07-08T22:01:04.376481,1,1,148.45,0.5,148.2,150,,,,,,,,,,,,,,,,,,,148.7,100,,,,,,,,,,,,,,,,,,
2026-07-08T22:01:04.439604+00:00,2026-07-08T22:01:04.439529,2,1,148.45,0.5,148.2,150,147.8,100,,,,,,,,,,,,,,,,,148.7,100,,,,,,,,,,,,,,,,,,
2026-07-08T22:01:04.501015+00:00,2026-07-08T22:01:04.500901,2,2,148.25,0.1,148.2,150,147.8,100,,,,,,,,,,,,,,,,,148.3,100,148.7,100,,,,,,,,,,,,,,,,
2026-07-08T22:01:04.581287+00:00,2026-07-08T22:01:04.574653,2,2,148.25,0.1,148.2,139,147.8,100,,,,,,,,,,,,,,,,,148.3,100,148.7,100,,,,,,,,,,,,,,,,
2026-07-08T22:01:05.657456+00:00,2026-07-08T22:01:05.650390,1,1,148.05,0.5,147.8,100,,,,,,,,,,,,,,,,,,,148.3,100,,,,,,,,,,,,,,,,,,
2026-07-08T22:01:05.710466+00:00,2026-07-08T22:01:05.709345,2,1,148.25,0.1,148.2,127,147.8,100,,,,,,,,,,,,,,,,,148.3,100,,,,,,,,,,,,,,,,,,
2026-07-08T22:01:05.761931+00:00,2026-07-08T22:01:05.761780,2,2,148.25,0.1,148.2,127,147.8,100,,,,,,,,,,,,,,,,,148.3,100,148.7,150,,,,,,,,,,,,,,,,
2026-07-08T22:01:06.495363+00:00,2026-07-08T22:01:06.495505,2,2,148.25,0.1,148.2,127,147.8,100,,,,,,,,,,,,,,,,,148.3,50,148.7,150,,,,,,,,,,,,,,,,
2026-07-08T22:01:07.382791+00:00,2026-07-08T22:01:07.382660,2,2,148.25,0.1,148.2,84,147.8,100,,,,,,,,,,,,,,,,,148.3,50,148.7,150,,,,,,,,,,,,,,,,
2026-07-08T22:01:07.552539+00:00,2026-07-08T22:01:07.552434,1,1,148.45,0.5,148.2,84,,,,,,,,,,,,,,,,,,,148.7,150,,,,,,,,,,,,,,,,,,
2026-07-08T22:01:07.605883+00:00,2026-07-08T22:01:07.605964,2,1,148.45,0.5,148.2,84,147.7,100,,,,,,,,,,,,,,,,,148.7,150,,,,,,,,,,,,,,,,,,
2026-07-08T22:01:07.658667+00:00,2026-07-08T22:01:07.657329,1,2,147.95,0.5,147.7,100,,,,,,,,,,,,,,,,,,,148.2,16,148.7,150,,,,,,,,,,,,,,,,
2026-07-08T22:01:08.608892+00:00,2026-07-08T22:01:08.608711,1,1,148.2,1.0,147.7,100,,,,,,,,,,,,,,,,,,,148.7,116,,,,,,,,,,,,,,,,,,
2026-07-08T22:01:08.815912+00:00,2026-07-08T22:01:08.815887,1,0,,,147.7,100,,,,,,,,,,,,,,,,,,,,,,,,,,,,,,,,,,,,,,
2026-07-08T22:01:08.863869+00:00,2026-07-08T22:01:08.863802,2,0,,,147.7,57,147.5,150,,,,,,,,,,,,,,,,,,,,,,,,,,,,,,,,,,,,
2026-07-08T22:01:08.922069+00:00,2026-07-08T22:01:08.921934,2,1,147.85,0.3,147.7,57,147.5,150,,,,,,,,,,,,,,,,,148.0,150,,,,,,,,,,,,,,,,,,
2026-07-08T22:01:10.716951+00:00,2026-07-08T22:01:10.716869,1,1,147.75,0.5,147.5,150,,,,,,,,,,,,,,,,,,,148.0,100,,,,,,,,,,,,,,,,,,
2026-07-08T22:01:10.769816+00:00,2026-07-08T22:01:10.769713,2,1,147.95,0.1,147.9,100,147.5,150,,,,,,,,,,,,,,,,,148.0,100,,,,,,,,,,,,,,,,,,
2026-07-08T22:01:10.819063+00:00,2026-07-08T22:01:10.819019,2,2,147.95,0.1,147.9,100,147.5,150,,,,,,,,,,,,,,,,,148.0,100,148.4,100,,,,,,,,,,,,,,,,
2026-07-08T22:01:11.469948+00:00,2026-07-08T22:01:11.469840,2,2,147.95,0.1,147.9,100,147.5,150,,,,,,,,,,,,,,,,,148.0,54,148.4,100,,,,,,,,,,,,,,,,
2026-07-08T22:01:11.974370+00:00,2026-07-08T22:01:11.974503,1,1,148.15,0.5,147.9,100,,,,,,,,,,,,,,,,,,,148.4,100,,,,,,,,,,,,,,,,,,
2026-07-08T22:01:12.032872+00:00,2026-07-08T22:01:12.032815,1,1,148.15,0.5,147.9,250,,,,,,,,,,,,,,,,,,,148.4,100,,,,,,,,,,,,,,,,,,
2026-07-08T22:01:12.082393+00:00,2026-07-08T22:01:12.082353,1,1,148.15,0.5,147.9,250,,,,,,,,,,,,,,,,,,,148.4,250,,,,,,,,,,,,,,,,,,
2026-07-08T22:01:12.822791+00:00,2026-07-08T22:01:12.822952,1,1,148.15,0.5,147.9,250,,,,,,,,,,,,,,,,,,,148.4,200,,,,,,,,,,,,,,,,,,
2026-07-08T22:01:13.601121+00:00,2026-07-08T22:01:13.600956,1,1,148.15,0.5,147.9,207,,,,,,,,,,,,,,,,,,,148.4,200,,,,,,,,,,,,,,,,,,
2026-07-08T22:01:13.875983+00:00,2026-07-08T22:01:13.875930,1,1,148.15,0.5,147.9,150,,,,,,,,,,,,,,,,,,,148.4,150,,,,,,,,,,,,,,,,,,
2026-07-08T22:01:13.930559+00:00,2026-07-08T22:01:13.930452,1,1,148.15,0.5,147.9,250,,,,,,,,,,,,,,,,,,,148.4,150,,,,,,,,,,,,,,,,,,
2026-07-08T22:01:13.983493+00:00,2026-07-08T22:01:13.983385,1,1,148.15,0.5,147.9,250,,,,,,,,,,,,,,,,,,,148.4,250,,,,,,,,,,,,,,,,,,
2026-07-08T22:01:14.934376+00:00,2026-07-08T22:01:14.934254,1,1,148.15,0.5,147.9,250,,,,,,,,,,,,,,,,,,,148.4,200,,,,,,,,,,,,,,,,,,
2026-07-08T22:01:15.163865+00:00,2026-07-08T22:01:15.163800,1,1,148.15,0.5,147.9,100,,,,,,,,,,,,,,,,,,,148.4,100,,,,,,,,,,,,,,,,,,
2026-07-08T22:01:15.211214+00:00,2026-07-08T22:01:15.211100,2,1,148.25,0.3,148.1,150,147.9,100,,,,,,,,,,,,,,,,,148.4,100,,,,,,,,,,,,,,,,,,
2026-07-08T22:01:15.263681+00:00,2026-07-08T22:01:15.263849,2,2,148.25,0.3,148.1,150,147.9,100,,,,,,,,,,,,,,,,,148.4,100,148.6,150,,,,,,,,,,,,,,,,
2026-07-08T22:01:16.579249+00:00,2026-07-08T22:01:16.573939,2,2,148.25,0.3,148.1,139,147.9,100,,,,,,,,,,,,,,,,,148.4,100,148.6,150,,,,,,,,,,,,,,,,
2026-07-08T22:01:17.039067+00:00,2026-07-08T22:01:17.039247,1,1,148.35,0.5,148.1,139,,,,,,,,,,,,,,,,,,,148.6,100,,,,,,,,,,,,,,,,,,
2026-07-08T22:01:17.116224+00:00,2026-07-08T22:01:17.116062,2,1,148.35,0.5,148.1,139,147.7,100,,,,,,,,,,,,,,,,,148.6,100,,,,,,,,,,,,,,,,,,
2026-07-08T22:01:17.163841+00:00,2026-07-08T22:01:17.163731,2,2,148.15,0.1,148.1,139,147.7,100,,,,,,,,,,,,,,,,,148.2,100,148.6,100,,,,,,,,,,,,,,,,
2026-07-08T22:01:18.321844+00:00,2026-07-08T22:01:18.321793,1,1,147.95,0.5,147.7,100,,,,,,,,,,,,,,,,,,,148.2,100,,,,,,,,,,,,,,,,,,
2026-07-08T22:01:18.376743+00:00,2026-07-08T22:01:18.376693,2,0,,,148.3,50,147.7,100,,,,,,,,,,,,,,,,,,,,,,,,,,,,,,,,,,,,
2026-07-08T22:01:18.426038+00:00,2026-07-08T22:01:18.425938,2,1,148.55,0.5,148.3,50,147.7,100,,,,,,,,,,,,,,,,,148.8,150,,,,,,,,,,,,,,,,,,
2026-07-08T22:01:19.021045+00:00,2026-07-08T22:01:19.014981,2,1,148.55,0.5,148.3,27,147.7,100,,,,,,,,,,,,,,,,,148.8,150,,,,,,,,,,,,,,,,,,
2026-07-08T22:01:19.222209+00:00,2026-07-08T22:01:19.222168,1,1,148.25,1.1,147.7,77,,,,,,,,,,,,,,,,,,,148.8,150,,,,,,,,,,,,,,,,,,
2026-07-08T22:01:20.222821+00:00,2026-07-08T22:01:20.222785,0,1,,,,,,,,,,,,,,,,,,,,,,,148.8,150,,,,,,,,,,,,,,,,,,
2026-07-08T22:01:20.272361+00:00,2026-07-08T22:01:20.272247,1,1,148.35,0.9,147.9,100,,,,,,,,,,,,,,,,,,,148.8,150,,,,,,,,,,,,,,,,,,
2026-07-08T22:01:20.330539+00:00,2026-07-08T22:01:20.330633,1,2,148.15,0.5,147.9,100,,,,,,,,,,,,,,,,,,,148.4,100,148.8,150,,,,,,,,,,,,,,,,
2026-07-08T22:01:21.197815+00:00,2026-07-08T22:01:21.197983,1,2,148.15,0.5,147.9,54,,,,,,,,,,,,,,,,,,,148.4,100,148.8,150,,,,,,,,,,,,,,,,
2026-07-08T22:01:21.332496+00:00,2026-07-08T22:01:21.332360,1,2,148.15,0.5,147.9,4,,,,,,,,,,,,,,,,,,,148.4,100,148.8,150,,,,,,,,,,,,,,,,
2026-07-08T22:01:21.479299+00:00,2026-07-08T22:01:21.479218,1,1,148.15,0.5,147.9,4,,,,,,,,,,,,,,,,,,,148.4,100,,,,,,,,,,,,,,,,,,
2026-07-08T22:01:21.532481+00:00,2026-07-08T22:01:21.532451,2,1,148.15,0.5,147.9,4,147.4,150,,,,,,,,,,,,,,,,,148.4,100,,,,,,,,,,,,,,,,,,
2026-07-08T22:01:21.599286+00:00,2026-07-08T22:01:21.593125,1,2,147.65,0.5,147.4,150,,,,,,,,,,,,,,,,,,,147.9,123,148.4,100,,,,,,,,,,,,,,,,
2026-07-08T22:01:23.383114+00:00,2026-07-08T22:01:23.383053,1,1,147.65,0.5,147.4,150,,,,,,,,,,,,,,,,,,,147.9,123,,,,,,,,,,,,,,,,,,
2026-07-08T22:01:23.440217+00:00,2026-07-08T22:01:23.440142,2,1,147.75,0.3,147.6,50,147.4,150,,,,,,,,,,,,,,,,,147.9,123,,,,,,,,,,,,,,,,,,
2026-07-08T22:01:23.493460+00:00,2026-07-08T22:01:23.493355,2,2,147.75,0.3,147.6,50,147.4,150,,,,,,,,,,,,,,,,,147.9,123,148.1,100,,,,,,,,,,,,,,,,
2026-07-08T22:01:24.641265+00:00,2026-07-08T22:01:24.641189,2,1,147.85,0.5,147.6,50,147.4,150,,,,,,,,,,,,,,,,,148.1,100,,,,,,,,,,,,,,,,,,
2026-07-08T22:01:24.646475+00:00,2026-07-08T22:01:24.646368,1,1,147.85,0.5,147.6,50,,,,,,,,,,,,,,,,,,,148.1,100,,,,,,,,,,,,,,,,,,
2026-07-08T22:01:24.701962+00:00,2026-07-08T22:01:24.701785,2,1,147.85,0.5,147.6,50,147.5,150,,,,,,,,,,,,,,,,,148.1,100,,,,,,,,,,,,,,,,,,
2026-07-08T22:01:24.758631+00:00,2026-07-08T22:01:24.754592,2,2,147.8,0.4,147.6,50,147.5,150,,,,,,,,,,,,,,,,,148.0,150,148.1,100,,,,,,,,,,,,,,,,
2026-07-08T22:01:25.558629+00:00,2026-07-08T22:01:25.554332,1,2,147.75,0.5,147.5,150,,,,,,,,,,,,,,,,,,,148.0,150,148.1,100,,,,,,,,,,,,,,,,
2026-07-08T22:01:26.542369+00:00,2026-07-08T22:01:26.542324,1,1,147.75,0.5,147.5,150,,,,,,,,,,,,,,,,,,,148.0,150,,,,,,,,,,,,,,,,,,
2026-07-08T22:01:26.596628+00:00,2026-07-08T22:01:26.596572,2,1,147.75,0.5,147.5,150,147.2,100,,,,,,,,,,,,,,,,,148.0,150,,,,,,,,,,,,,,,,,,
2026-07-08T22:01:26.669504+00:00,2026-07-08T22:01:26.662859,2,2,147.6,0.2,147.5,150,147.2,100,,,,,,,,,,,,,,,,,147.7,89,148.0,150,,,,,,,,,,,,,,,,
2026-07-08T22:01:27.658584+00:00,2026-07-08T22:01:27.655028,2,2,147.6,0.2,147.5,100,147.2,100,,,,,,,,,,,,,,,,,147.7,89,148.0,150,,,,,,,,,,,,,,,,
2026-07-08T22:01:27.805452+00:00,2026-07-08T22:01:27.805375,1,1,147.45,0.5,147.2,100,,,,,,,,,,,,,,,,,,,147.7,89,,,,,,,,,,,,,,,,,,
2026-07-08T22:01:27.858555+00:00,2026-07-08T22:01:27.852932,2,1,147.45,0.5,147.2,100,147.1,150,,,,,,,,,,,,,,,,,147.7,89,,,,,,,,,,,,,,,,,,
2026-07-08T22:01:27.912620+00:00,2026-07-08T22:01:27.912586,2,2,147.4,0.4,147.2,100,147.1,150,,,,,,,,,,,,,,,,,147.6,150,147.7,89,,,,,,,,,,,,,,,,
2026-07-08T22:01:28.623374+00:00,2026-07-08T22:01:28.618307,2,2,147.4,0.4,147.2,100,147.1,150,,,,,,,,,,,,,,,,,147.6,138,147.7,89,,,,,,,,,,,,,,,,
2026-07-08T22:01:29.708360+00:00,2026-07-08T22:01:29.708334,1,1,147.35,0.5,147.1,150,,,,,,,,,,,,,,,,,,,147.6,138,,,,,,,,,,,,,,,,,,
2026-07-08T22:01:29.758557+00:00,2026-07-08T22:01:29.753570,2,1,147.45,0.3,147.3,100,147.1,150,,,,,,,,,,,,,,,,,147.6,138,,,,,,,,,,,,,,,,,,
2026-07-08T22:01:29.763863+00:00,2026-07-08T22:01:29.763731,2,1,147.45,0.3,147.3,50,147.1,150,,,,,,,,,,,,,,,,,147.6,138,,,,,,,,,,,,,,,,,,
2026-07-08T22:01:29.833302+00:00,2026-07-08T22:01:29.828887,2,2,147.45,0.3,147.3,50,147.1,150,,,,,,,,,,,,,,,,,147.6,127,147.8,100,,,,,,,,,,,,,,,,
2026-07-08T22:01:30.468300+00:00,2026-07-08T22:01:30.468222,2,2,147.45,0.3,147.3,50,147.1,150,,,,,,,,,,,,,,,,,147.6,85,147.8,100,,,,,,,,,,,,,,,,
2026-07-08T22:01:30.969584+00:00,2026-07-08T22:01:30.969813,1,1,147.55,0.5,147.3,50,,,,,,,,,,,,,,,,,,,147.8,100,,,,,,,,,,,,,,,,,,
2026-07-08T22:01:31.040185+00:00,2026-07-08T22:01:31.039932,2,1,147.7,0.2,147.6,150,147.3,50,,,,,,,,,,,,,,,,,147.8,100,,,,,,,,,,,,,,,,,,
2026-07-08T22:01:31.092427+00:00,2026-07-08T22:01:31.092527,2,2,147.7,0.2,147.6,150,147.3,50,,,,,,,,,,,,,,,,,147.8,100,148.1,150,,,,,,,,,,,,,,,,
2026-07-08T22:01:31.558646+00:00,2026-07-08T22:01:31.553413,2,2,147.7,0.2,147.6,150,147.3,50,,,,,,,,,,,,,,,,,147.8,52,148.1,150,,,,,,,,,,,,,,,,
2026-07-08T22:01:31.874133+00:00,2026-07-08T22:01:31.874284,2,2,147.7,0.2,147.6,100,147.3,50,,,,,,,,,,,,,,,,,147.8,52,148.1,150,,,,,,,,,,,,,,,,
2026-07-08T22:01:32.890372+00:00,2026-07-08T22:01:32.890277,1,1,147.85,0.5,147.6,100,,,,,,,,,,,,,,,,,,,148.1,150,,,,,,,,,,,,,,,,,,
2026-07-08T22:01:32.939634+00:00,2026-07-08T22:01:32.939575,2,1,147.85,0.5,147.6,100,147.4,100,,,,,,,,,,,,,,,,,148.1,150,,,,,,,,,,,,,,,,,,
2026-07-08T22:01:32.991848+00:00,2026-07-08T22:01:32.992082,2,2,147.75,0.3,147.6,100,147.4,100,,,,,,,,,,,,,,,,,147.9,100,148.1,150,,,,,,,,,,,,,,,,
2026-07-08T22:01:33.930138+00:00,2026-07-08T22:01:33.930096,2,2,147.75,0.3,147.6,100,147.4,100,,,,,,,,,,,,,,,,,147.9,50,148.1,150,,,,,,,,,,,,,,,,
2026-07-08T22:01:34.147137+00:00,2026-07-08T22:01:34.147032,1,1,147.65,0.5,147.4,100,,,,,,,,,,,,,,,,,,,147.9,50,,,,,,,,,,,,,,,,,,
2026-07-08T22:01:34.202288+00:00,2026-07-08T22:01:34.202196,1,1,147.65,0.5,147.4,250,,,,,,,,,,,,,,,,,,,147.9,50,,,,,,,,,,,,,,,,,,
2026-07-08T22:01:34.256183+00:00,2026-07-08T22:01:34.256059,1,1,147.65,0.5,147.4,250,,,,,,,,,,,,,,,,,,,147.9,200,,,,,,,,,,,,,,,,,,
2026-07-08T22:01:36.049832+00:00,2026-07-08T22:01:36.049705,1,1,147.65,0.5,147.4,150,,,,,,,,,,,,,,,,,,,147.9,150,,,,,,,,,,,,,,,,,,
2026-07-08T22:01:36.103964+00:00,2026-07-08T22:01:36.103863,2,1,147.7,0.4,147.5,100,147.4,150,,,,,,,,,,,,,,,,,147.9,150,,,,,,,,,,,,,,,,,,
2026-07-08T22:01:36.143116+00:00,2026-07-08T22:01:36.148100,2,2,147.7,0.4,147.5,100,147.4,150,,,,,,,,,,,,,,,,,147.9,150,148.0,100,,,,,,,,,,,,,,,,
2026-07-08T22:01:36.279970+00:00,2026-07-08T22:01:36.279863,2,2,147.7,0.4,147.5,58,147.4,150,,,,,,,,,,,,,,,,,147.9,150,148.0,100,,,,,,,,,,,,,,,,
2026-07-08T22:01:37.311753+00:00,2026-07-08T22:01:37.311664,1,1,147.75,0.5,147.5,58,,,,,,,,,,,,,,,,,,,148.0,100,,,,,,,,,,,,,,,,,,
2026-07-08T22:01:37.368971+00:00,2026-07-08T22:01:37.368844,1,1,147.75,0.5,147.5,208,,,,,,,,,,,,,,,,,,,148.0,100,,,,,,,,,,,,,,,,,,
2026-07-08T22:01:37.424062+00:00,2026-07-08T22:01:37.424009,1,2,147.7,0.4,147.5,208,,,,,,,,,,,,,,,,,,,147.9,150,148.0,100,,,,,,,,,,,,,,,,
2026-07-08T22:01:37.958597+00:00,2026-07-08T22:01:37.956778,1,2,147.7,0.4,147.5,208,,,,,,,,,,,,,,,,,,,147.9,108,148.0,100,,,,,,,,,,,,,,,,
2026-07-08T22:01:38.013654+00:00,2026-07-08T22:01:38.013417,1,2,147.7,0.4,147.5,164,,,,,,,,,,,,,,,,,,,147.9,108,148.0,100,,,,,,,,,,,,,,,,
2026-07-08T22:01:38.139666+00:00,2026-07-08T22:01:38.139589,1,2,147.7,0.4,147.5,164,,,,,,,,,,,,,,,,,,,147.9,58,148.0,100,,,,,,,,,,,,,,,,
2026-07-08T22:01:39.211945+00:00,2026-07-08T22:01:39.212112,1,1,147.7,0.4,147.5,150,,,,,,,,,,,,,,,,,,,147.9,58,,,,,,,,,,,,,,,,,,
2026-07-08T22:01:39.267776+00:00,2026-07-08T22:01:39.267663,2,1,147.7,0.4,147.5,150,147.2,100,,,,,,,,,,,,,,,,,147.9,58,,,,,,,,,,,,,,,,,,
2026-07-08T22:01:39.321222+00:00,2026-07-08T22:01:39.321153,2,2,147.6,0.2,147.5,150,147.2,100,,,,,,,,,,,,,,,,,147.7,100,147.9,58,,,,,,,,,,,,,,,,
2026-07-08T22:01:40.246412+00:00,2026-07-08T22:01:40.246529,2,2,147.6,0.2,147.5,150,147.2,100,,,,,,,,,,,,,,,,,147.7,50,147.9,58,,,,,,,,,,,,,,,,
2026-07-08T22:01:40.480901+00:00,2026-07-08T22:01:40.480795,1,1,147.45,0.5,147.2,100,,,,,,,,,,,,,,,,,,,147.7,50,,,,,,,,,,,,,,,,,,
2026-07-08T22:01:40.533709+00:00,2026-07-08T22:01:40.533641,2,0,,,147.7,100,147.2,100,,,,,,,,,,,,,,,,,,,,,,,,,,,,,,,,,,,,
2026-07-08T22:01:40.589362+00:00,2026-07-08T22:01:40.589253,2,1,147.95,0.5,147.7,100,147.2,100,,,,,,,,,,,,,,,,,148.2,150,,,,,,,,,,,,,,,,,,
2026-07-08T22:01:41.190946+00:00,2026-07-08T22:01:41.190816,2,1,147.95,0.5,147.7,51,147.2,100,,,,,,,,,,,,,,,,,148.2,150,,,,,,,,,,,,,,,,,,
2026-07-08T22:01:42.354430+00:00,2026-07-08T22:01:42.354555,2,1,147.95,0.5,147.7,51,147.2,100,,,,,,,,,,,,,,,,,148.2,100,,,,,,,,,,,,,,,,,,
2026-07-08T22:01:42.375939+00:00,2026-07-08T22:01:42.375825,1,1,147.95,0.5,147.7,51,,,,,,,,,,,,,,,,,,,148.2,100,,,,,,,,,,,,,,,,,,
2026-07-08T22:01:42.429032+00:00,2026-07-08T22:01:42.428899,2,1,147.95,0.5,147.7,51,147.5,100,,,,,,,,,,,,,,,,,148.2,100,,,,,,,,,,,,,,,,,,
2026-07-08T22:01:42.494275+00:00,2026-07-08T22:01:42.494123,2,2,147.85,0.3,147.7,51,147.5,100,,,,,,,,,,,,,,,,,148.0,100,148.2,100,,,,,,,,,,,,,,,,
2026-07-08T22:01:43.645227+00:00,2026-07-08T22:01:43.645131,1,1,147.75,0.5,147.5,100,,,,,,,,,,,,,,,,,,,148.0,100,,,,,,,,,,,,,,,,,,
2026-07-08T22:01:43.697278+00:00,2026-07-08T22:01:43.697238,2,1,147.8,0.4,147.6,150,147.5,100,,,,,,,,,,,,,,,,,148.0,100,,,,,,,,,,,,,,,,,,
2026-07-08T22:01:43.758609+00:00,2026-07-08T22:01:43.752150,2,2,147.8,0.4,147.6,150,147.5,100,,,,,,,,,,,,,,,,,148.0,100,148.1,150,,,,,,,,,,,,,,,,
2026-07-08T22:01:43.801642+00:00,2026-07-08T22:01:43.801520,2,2,147.8,0.4,147.6,150,147.5,100,,,,,,,,,,,,,,,,,148.0,60,148.1,150,,,,,,,,,,,,,,,,
2026-07-08T22:01:44.963492+00:00,2026-07-08T22:01:44.963329,2,2,147.8,0.4,147.6,106,147.5,100,,,,,,,,,,,,,,,,,148.0,60,148.1,150,,,,,,,,,,,,,,,,
2026-07-08T22:01:45.485322+00:00,2026-07-08T22:01:45.485273,2,2,147.8,0.4,147.6,106,147.5,100,,,,,,,,,,,,,,,,,148.0,14,148.1,150,,,,,,,,,,,,,,,,
2026-07-08T22:01:45.549525+00:00,2026-07-08T22:01:45.549483,1,1,147.85,0.5,147.6,106,,,,,,,,,,,,,,,,,,,148.1,150,,,,,,,,,,,,,,,,,,
2026-07-08T22:01:45.607021+00:00,2026-07-08T22:01:45.606948,2,1,147.9,0.4,147.7,100,147.6,106,,,,,,,,,,,,,,,,,148.1,150,,,,,,,,,,,,,,,,,,
2026-07-08T22:01:45.658596+00:00,2026-07-08T22:01:45.653586,2,2,147.9,0.4,147.7,100,147.6,106,,,,,,,,,,,,,,,,,148.1,150,148.2,100,,,,,,,,,,,,,,,,
2026-07-08T22:01:46.570325+00:00,2026-07-08T22:01:46.570489,2,2,147.9,0.4,147.7,100,147.6,106,,,,,,,,,,,,,,,,,148.1,100,148.2,100,,,,,,,,,,,,,,,,
2026-07-08T22:01:46.812166+00:00,2026-07-08T22:01:46.812078,1,1,147.95,0.5,147.7,100,,,,,,,,,,,,,,,,,,,148.2,100,,,,,,,,,,,,,,,,,,
2026-07-08T22:01:46.864644+00:00,2026-07-08T22:01:46.864581,2,1,148.1,0.2,148.0,150,147.7,100,,,,,,,,,,,,,,,,,148.2,100,,,,,,,,,,,,,,,,,,
2026-07-08T22:01:46.913386+00:00,2026-07-08T22:01:46.913315,2,2,148.1,0.2,148.0,150,147.7,100,,,,,,,,,,,,,,,,,148.2,100,148.5,150,,,,,,,,,,,,,,,,
2026-07-08T22:01:47.597163+00:00,2026-07-08T22:01:47.597087,2,2,148.1,0.2,148.0,101,147.7,100,,,,,,,,,,,,,,,,,148.2,100,148.5,150,,,,,,,,,,,,,,,,
2026-07-08T22:01:48.087056+00:00,2026-07-08T22:01:48.064442,2,2,148.1,0.2,148.0,90,147.7,100,,,,,,,,,,,,,,,,,148.2,53,148.5,150,,,,,,,,,,,,,,,,
2026-07-08T22:01:48.686155+00:00,2026-07-08T22:01:48.686033,2,2,148.1,0.2,148.0,90,147.7,100,,,,,,,,,,,,,,,,,148.2,3,148.5,150,,,,,,,,,,,,,,,,
2026-07-08T22:01:48.711454+00:00,2026-07-08T22:01:48.711407,2,1,148.25,0.5,148.0,90,147.7,100,,,,,,,,,,,,,,,,,148.5,150,,,,,,,,,,,,,,,,,,
2026-07-08T22:01:48.716689+00:00,2026-07-08T22:01:48.716585,1,1,148.25,0.5,148.0,90,,,,,,,,,,,,,,,,,,,148.5,150,,,,,,,,,,,,,,,,,,
2026-07-08T22:01:48.778247+00:00,2026-07-08T22:01:48.771415,2,1,148.45,0.1,148.4,77,148.0,90,,,,,,,,,,,,,,,,,148.5,150,,,,,,,,,,,,,,,,,,
2026-07-08T22:01:48.820763+00:00,2026-07-08T22:01:48.820655,2,2,148.45,0.1,148.4,77,148.0,90,,,,,,,,,,,,,,,,,148.5,150,148.9,100,,,,,,,,,,,,,,,,
2026-07-08T22:01:49.183913+00:00,2026-07-08T22:01:49.183837,2,2,148.45,0.1,148.4,36,148.0,90,,,,,,,,,,,,,,,,,148.5,150,148.9,100,,,,,,,,,,,,,,,,
2026-07-08T22:01:49.262267+00:00,2026-07-08T22:01:49.256846,2,2,148.45,0.1,148.4,24,148.0,90,,,,,,,,,,,,,,,,,148.5,150,148.9,100,,,,,,,,,,,,,,,,
2026-07-08T22:01:49.971124+00:00,2026-07-08T22:01:49.971007,1,1,148.65,0.5,148.4,24,,,,,,,,,,,,,,,,,,,148.9,100,,,,,,,,,,,,,,,,,,
2026-07-08T22:01:50.025647+00:00,2026-07-08T22:01:50.025482,2,1,148.65,0.5,148.4,24,148.2,150,,,,,,,,,,,,,,,,,148.9,100,,,,,,,,,,,,,,,,,,
2026-07-08T22:01:50.079094+00:00,2026-07-08T22:01:50.078984,2,2,148.55,0.3,148.4,24,148.2,150,,,,,,,,,,,,,,,,,148.7,150,148.9,100,,,,,,,,,,,,,,,,
2026-07-08T22:01:50.247302+00:00,2026-07-08T22:01:50.247430,2,2,148.55,0.3,148.4,24,148.2,150,,,,,,,,,,,,,,,,,148.7,109,148.9,100,,,,,,,,,,,,,,,,
2026-07-08T22:01:50.844408+00:00,2026-07-08T22:01:50.844351,1,2,148.45,0.5,148.2,129,,,,,,,,,,,,,,,,,,,148.7,109,148.9,100,,,,,,,,,,,,,,,,
2026-07-08T22:01:51.318136+00:00,2026-07-08T22:01:51.318085,1,2,148.45,0.5,148.2,129,,,,,,,,,,,,,,,,,,,148.7,64,148.9,100,,,,,,,,,,,,,,,,
2026-07-08T22:01:51.878031+00:00,2026-07-08T22:01:51.877960,1,1,148.45,0.5,148.2,129,,,,,,,,,,,,,,,,,,,148.7,64,,,,,,,,,,,,,,,,,,
2026-07-08T22:01:51.930929+00:00,2026-07-08T22:01:51.930840,2,1,148.55,0.3,148.4,100,148.2,129,,,,,,,,,,,,,,,,,148.7,64,,,,,,,,,,,,,,,,,,
2026-07-08T22:01:51.983246+00:00,2026-07-08T22:01:51.983369,2,2,148.55,0.3,148.4,100,148.2,129,,,,,,,,,,,,,,,,,148.7,64,148.9,100,,,,,,,,,,,,,,,,
2026-07-08T22:01:52.954636+00:00,2026-07-08T22:01:52.954786,2,2,148.55,0.3,148.4,50,148.2,129,,,,,,,,,,,,,,,,,148.7,64,148.9,100,,,,,,,,,,,,,,,,
2026-07-08T22:01:53.138847+00:00,2026-07-08T22:01:53.138726,1,1,148.65,0.5,148.4,50,,,,,,,,,,,,,,,,,,,148.9,100,,,,,,,,,,,,,,,,,,
2026-07-08T22:01:53.193274+00:00,2026-07-08T22:01:53.193141,2,1,148.65,0.5,148.4,50,148.3,150,,,,,,,,,,,,,,,,,148.9,100,,,,,,,,,,,,,,,,,,
2026-07-08T22:01:53.245782+00:00,2026-07-08T22:01:53.245654,2,2,148.6,0.4,148.4,50,148.3,150,,,,,,,,,,,,,,,,,148.8,103,148.9,100,,,,,,,,,,,,,,,,
2026-07-08T22:01:55.037848+00:00,2026-07-08T22:01:55.037787,1,1,148.55,0.5,148.3,150,,,,,,,,,,,,,,,,,,,148.8,103,,,,,,,,,,,,,,,,,,
2026-07-08T22:01:55.061134+00:00,2026-07-08T22:01:55.061294,1,1,148.55,0.5,148.3,100,,,,,,,,,,,,,,,,,,,148.8,103,,,,,,,,,,,,,,,,,,
2026-07-08T22:01:55.093404+00:00,2026-07-08T22:01:55.093317,1,1,148.55,0.5,148.3,200,,,,,,,,,,,,,,,,,,,148.8,103,,,,,,,,,,,,,,,,,,
2026-07-08T22:01:55.143356+00:00,2026-07-08T22:01:55.143255,1,1,148.55,0.5,148.3,200,,,,,,,,,,,,,,,,,,,148.8,203,,,,,,,,,,,,,,,,,,
2026-07-08T22:01:55.305828+00:00,2026-07-08T22:01:55.305730,1,1,148.55,0.5,148.3,160,,,,,,,,,,,,,,,,,,,148.8,203,,,,,,,,,,,,,,,,,,
2026-07-08T22:01:55.929989+00:00,2026-07-08T22:01:55.929835,1,1,148.55,0.5,148.3,118,,,,,,,,,,,,,,,,,,,148.8,203,,,,,,,,,,,,,,,,,,
2026-07-08T22:01:56.299861+00:00,2026-07-08T22:01:56.299752,1,1,148.55,0.5,148.3,100,,,,,,,,,,,,,,,,,,,148.8,100,,,,,,,,,,,,,,,,,,
2026-07-08T22:01:56.358614+00:00,2026-07-08T22:01:56.354667,2,1,148.55,0.5,148.3,100,147.9,150,,,,,,,,,,,,,,,,,148.8,100,,,,,,,,,,,,,,,,,,
2026-07-08T22:01:56.412635+00:00,2026-07-08T22:01:56.412604,2,2,148.35,0.1,148.3,100,147.9,150,,,,,,,,,,,,,,,,,148.4,150,148.8,100,,,,,,,,,,,,,,,,
2026-07-08T22:01:56.448608+00:00,2026-07-08T22:01:56.436451,2,2,148.35,0.1,148.3,100,147.9,150,,,,,,,,,,,,,,,,,148.4,127,148.8,100,,,,,,,,,,,,,,,,
2026-07-08T22:01:57.118330+00:00,2026-07-08T22:01:57.118196,2,2,148.35,0.1,148.3,100,147.9,150,,,,,,,,,,,,,,,,,148.4,77,148.8,100,,,,,,,,,,,,,,,,
2026-07-08T22:01:57.663123+00:00,2026-07-08T22:01:57.663045,2,2,148.35,0.1,148.3,100,147.9,150,,,,,,,,,,,,,,,,,148.4,36,148.8,100,,,,,,,,,,,,,,,,
2026-07-08T22:01:58.198604+00:00,2026-07-08T22:01:58.198759,1,1,148.15,0.5,147.9,150,,,,,,,,,,,,,,,,,,,148.4,36,,,,,,,,,,,,,,,,,,
2026-07-08T22:01:58.258615+00:00,2026-07-08T22:01:58.255742,2,1,148.25,0.3,148.1,100,147.9,150,,,,,,,,,,,,,,,,,148.4,36,,,,,,,,,,,,,,,,,,
2026-07-08T22:01:58.318941+00:00,2026-07-08T22:01:58.318837,2,2,148.25,0.3,148.1,100,147.9,150,,,,,,,,,,,,,,,,,148.4,36,148.6,100,,,,,,,,,,,,,,,,
2026-07-08T22:01:58.439930+00:00,2026-07-08T22:01:58.434314,2,2,148.25,0.3,148.1,100,147.9,150,,,,,,,,,,,,,,,,,148.4,24,148.6,100,,,,,,,,,,,,,,,,
2026-07-08T22:01:59.458647+00:00,2026-07-08T22:01:59.455722,1,1,148.35,0.5,148.1,100,,,,,,,,,,,,,,,,,,,148.6,100,,,,,,,,,,,,,,,,,,
2026-07-08T22:01:59.525349+00:00,2026-07-08T22:01:59.525203,2,0,,,148.6,50,148.1,100,,,,,,,,,,,,,,,,,,,,,,,,,,,,,,,,,,,,
2026-07-08T22:01:59.575062+00:00,2026-07-08T22:01:59.574984,2,1,148.85,0.5,148.6,50,148.1,100,,,,,,,,,,,,,,,,,149.1,150,,,,,,,,,,,,,,,,,,
2026-07-08T22:01:59.768908+00:00,2026-07-08T22:01:59.762908,2,1,148.85,0.5,148.6,38,148.1,100,,,,,,,,,,,,,,,,,149.1,150,,,,,,,,,,,,,,,,,,
2026-07-08T22:01:59.808438+00:00,2026-07-08T22:01:59.808360,1,1,148.6,1.0,148.1,94,,,,,,,,,,,,,,,,,,,149.1,150,,,,,,,,,,,,,,,,,,
2026-07-08T22:02:01.389858+00:00,2026-07-08T22:02:01.384745,0,1,,,,,,,,,,,,,,,,,,,,,,,149.1,150,,,,,,,,,,,,,,,,,,
2026-07-08T22:02:01.446405+00:00,2026-07-08T22:02:01.446502,1,1,148.85,0.5,148.6,100,,,,,,,,,,,,,,,,,,,149.1,150,,,,,,,,,,,,,,,,,,
2026-07-08T22:02:01.500220+00:00,2026-07-08T22:02:01.500123,1,1,148.85,0.5,148.6,100,,,,,,,,,,,,,,,,,,,149.1,250,,,,,,,,,,,,,,,,,,
2026-07-08T22:02:02.630582+00:00,2026-07-08T22:02:02.630464,1,1,148.85,0.5,148.6,100,,,,,,,,,,,,,,,,,,,149.1,100,,,,,,,,,,,,,,,,,,
2026-07-08T22:02:02.684557+00:00,2026-07-08T22:02:02.684469,2,1,148.85,0.5,148.6,100,147.9,150,,,,,,,,,,,,,,,,,149.1,100,,,,,,,,,,,,,,,,,,
2026-07-08T22:02:02.738167+00:00,2026-07-08T22:02:02.738062,1,2,148.15,0.5,147.9,150,,,,,,,,,,,,,,,,,,,148.4,50,149.1,100,,,,,,,,,,,,,,,,
2026-07-08T22:02:03.169441+00:00,2026-07-08T22:02:03.162790,1,2,148.15,0.5,147.9,150,,,,,,,,,,,,,,,,,,,148.4,38,149.1,100,,,,,,,,,,,,,,,,
2026-07-08T22:02:03.449208+00:00,2026-07-08T22:02:03.449075,1,1,148.5,1.2,147.9,150,,,,,,,,,,,,,,,,,,,149.1,88,,,,,,,,,,,,,,,,,,
2026-07-08T22:02:03.731006+00:00,2026-07-08T22:02:03.731123,1,1,148.5,1.2,147.9,150,,,,,,,,,,,,,,,,,,,149.1,47,,,,,,,,,,,,,,,,,,
2026-07-08T22:02:04.558583+00:00,2026-07-08T22:02:04.554042,1,0,,,147.9,150,,,,,,,,,,,,,,,,,,,,,,,,,,,,,,,,,,,,,,
2026-07-08T22:02:04.608313+00:00,2026-07-08T22:02:04.608214,2,0,,,148.4,100,147.9,150,,,,,,,,,,,,,,,,,,,,,,,,,,,,,,,,,,,,
2026-07-08T22:02:04.660881+00:00,2026-07-08T22:02:04.660755,2,1,148.65,0.5,148.4,100,147.9,150,,,,,,,,,,,,,,,,,148.9,100,,,,,,,,,,,,,,,,,,
2026-07-08T22:02:05.579496+00:00,2026-07-08T22:02:05.579299,2,1,148.65,0.5,148.4,100,147.9,150,,,,,,,,,,,,,,,,,148.9,50,,,,,,,,,,,,,,,,,,
2026-07-08T22:02:05.796713+00:00,2026-07-08T22:02:05.796672,1,1,148.65,0.5,148.4,100,,,,,,,,,,,,,,,,,,,148.9,50,,,,,,,,,,,,,,,,,,
2026-07-08T22:02:05.849642+00:00,2026-07-08T22:02:05.849555,2,1,148.75,0.3,148.6,150,148.4,100,,,,,,,,,,,,,,,,,148.9,50,,,,,,,,,,,,,,,,,,
2026-07-08T22:02:05.900225+00:00,2026-07-08T22:02:05.900361,2,2,148.75,0.3,148.6,150,148.4,100,,,,,,,,,,,,,,,,,148.9,50,149.1,150,,,,,,,,,,,,,,,,
2026-07-08T22:02:07.715756+00:00,2026-07-08T22:02:07.715856,1,1,148.85,0.5,148.6,150,,,,,,,,,,,,,,,,,,,149.1,150,,,,,,,,,,,,,,,,,,
2026-07-08T22:02:07.735577+00:00,2026-07-08T22:02:07.735700,1,1,148.85,0.5,148.6,100,,,,,,,,,,,,,,,,,,,149.1,150,,,,,,,,,,,,,,,,,,
2026-07-08T22:02:07.771448+00:00,2026-07-08T22:02:07.771528,2,1,148.9,0.4,148.7,100,148.6,100,,,,,,,,,,,,,,,,,149.1,150,,,,,,,,,,,,,,,,,,
2026-07-08T22:02:07.781087+00:00,2026-07-08T22:02:07.775160,2,1,148.9,0.4,148.7,47,148.6,100,,,,,,,,,,,,,,,,,149.1,150,,,,,,,,,,,,,,,,,,
2026-07-08T22:02:07.824376+00:00,2026-07-08T22:02:07.824252,2,2,148.9,0.4,148.7,47,148.6,100,,,,,,,,,,,,,,,,,149.1,150,149.2,100,,,,,,,,,,,,,,,,
2026-07-08T22:02:08.958574+00:00,2026-07-08T22:02:08.956725,1,1,148.95,0.5,148.7,47,,,,,,,,,,,,,,,,,,,149.2,100,,,,,,,,,,,,,,,,,,
2026-07-08T22:02:09.007589+00:00,2026-07-08T22:02:09.007478,2,1,148.95,0.5,148.7,47,148.3,150,,,,,,,,,,,,,,,,,149.2,100,,,,,,,,,,,,,,,,,,
2026-07-08T22:02:09.058594+00:00,2026-07-08T22:02:09.058320,2,2,148.75,0.1,148.7,47,148.3,150,,,,,,,,,,,,,,,,,148.8,150,149.2,100,,,,,,,,,,,,,,,,
2026-07-08T22:02:09.791187+00:00,2026-07-08T22:02:09.791113,2,2,148.75,0.1,148.7,47,148.3,150,,,,,,,,,,,,,,,,,148.8,100,149.2,100,,,,,,,,,,,,,,,,
2026-07-08T22:02:10.247803+00:00,2026-07-08T22:02:10.242697,2,2,148.75,0.1,148.7,24,148.3,150,,,,,,,,,,,,,,,,,148.8,100,149.2,100,,,,,,,,,,,,,,,,
2026-07-08T22:02:10.874230+00:00,2026-07-08T22:02:10.874330,1,1,148.55,0.5,148.3,150,,,,,,,,,,,,,,,,,,,148.8,100,,,,,,,,,,,,,,,,,,
2026-07-08T22:02:10.927371+00:00,2026-07-08T22:02:10.927343,2,1,148.6,0.4,148.4,100,148.3,150,,,,,,,,,,,,,,,,,148.8,100,,,,,,,,,,,,,,,,,,
2026-07-08T22:02:10.980465+00:00,2026-07-08T22:02:10.980573,2,2,148.6,0.4,148.4,100,148.3,150,,,,,,,,,,,,,,,,,148.8,100,148.9,100,,,,,,,,,,,,,,,,
2026-07-08T22:02:12.121107+00:00,2026-07-08T22:02:12.120983,1,1,148.65,0.5,148.4,100,,,,,,,,,,,,,,,,,,,148.9,100,,,,,,,,,,,,,,,,,,
2026-07-08T22:02:12.169333+00:00,2026-07-08T22:02:12.169247,2,1,148.75,0.3,148.6,150,148.4,100,,,,,,,,,,,,,,,,,148.9,100,,,,,,,,,,,,,,,,,,
2026-07-08T22:02:12.241532+00:00,2026-07-08T22:02:12.241393,2,2,148.75,0.3,148.6,150,148.4,100,,,,,,,,,,,,,,,,,148.9,100,149.1,150,,,,,,,,,,,,,,,,
2026-07-08T22:02:12.619428+00:00,2026-07-08T22:02:12.619274,2,2,148.75,0.3,148.6,150,148.4,100,,,,,,,,,,,,,,,,,148.9,60,149.1,150,,,,,,,,,,,,,,,,
2026-07-08T22:02:14.001494+00:00,2026-07-08T22:02:14.001413,2,2,148.75,0.3,148.6,150,148.4,100,,,,,,,,,,,,,,,,,148.9,10,149.1,150,,,,,,,,,,,,,,,,
2026-07-08T22:02:14.040672+00:00,2026-07-08T22:02:14.040523,1,1,148.85,0.5,148.6,150,,,,,,,,,,,,,,,,,,,149.1,150,,,,,,,,,,,,,,,,,,
2026-07-08T22:02:14.097787+00:00,2026-07-08T22:02:14.097933,2,1,148.95,0.3,148.8,100,148.6,150,,,,,,,,,,,,,,,,,149.1,150,,,,,,,,,,,,,,,,,,
2026-07-08T22:02:14.154516+00:00,2026-07-08T22:02:14.154598,2,2,148.95,0.3,148.8,100,148.6,150,,,,,,,,,,,,,,,,,149.1,150,149.3,100,,,,,,,,,,,,,,,,
2026-07-08T22:02:15.292448+00:00,2026-07-08T22:02:15.292368,1,1,149.05,0.5,148.8,100,,,,,,,,,,,,,,,,,,,149.3,100,,,,,,,,,,,,,,,,,,
2026-07-08T22:02:15.322014+00:00,2026-07-08T22:02:15.321974,1,1,149.05,0.5,148.8,58,,,,,,,,,,,,,,,,,,,149.3,100,,,,,,,,,,,,,,,,,,
2026-07-08T22:02:15.345536+00:00,2026-07-08T22:02:15.345497,2,1,149.05,0.5,148.8,58,148.7,150,,,,,,,,,,,,,,,,,149.3,100,,,,,,,,,,,,,,,,,,
2026-07-08T22:02:15.398028+00:00,2026-07-08T22:02:15.398170,2,2,149.0,0.4,148.8,58,148.7,150,,,,,,,,,,,,,,,,,149.2,150,149.3,100,,,,,,,,,,,,,,,,
2026-07-08T22:02:15.779071+00:00,2026-07-08T22:02:15.779214,2,2,149.0,0.4,148.8,58,148.7,150,,,,,,,,,,,,,,,,,149.2,104,149.3,100,,,,,,,,,,,,,,,,
2026-07-08T22:02:15.829670+00:00,2026-07-08T22:02:15.829586,2,2,149.0,0.4,148.8,15,148.7,150,,,,,,,,,,,,,,,,,149.2,104,149.3,100,,,,,,,,,,,,,,,,
2026-07-08T22:02:16.136722+00:00,2026-07-08T22:02:16.136609,2,2,149.0,0.4,148.8,15,148.7,150,,,,,,,,,,,,,,,,,149.2,54,149.3,100,,,,,,,,,,,,,,,,
2026-07-08T22:02:17.206939+00:00,2026-07-08T22:02:17.206862,1,1,148.95,0.5,148.7,150,,,,,,,,,,,,,,,,,,,149.2,54,,,,,,,,,,,,,,,,,,
2026-07-08T22:02:17.260138+00:00,2026-07-08T22:02:17.260237,2,1,148.95,0.5,148.7,150,148.6,100,,,,,,,,,,,,,,,,,149.2,54,,,,,,,,,,,,,,,,,,
2026-07-08T22:02:17.310040+00:00,2026-07-08T22:02:17.310220,2,2,148.9,0.4,148.7,150,148.6,100,,,,,,,,,,,,,,,,,149.1,100,149.2,54,,,,,,,,,,,,,,,,
2026-07-08T22:02:17.379785+00:00,2026-07-08T22:02:17.379727,2,2,148.9,0.4,148.7,150,148.6,100,,,,,,,,,,,,,,,,,149.1,58,149.2,54,,,,,,,,,,,,,,,,
2026-07-08T22:02:18.456154+00:00,2026-07-08T22:02:18.456123,1,1,148.85,0.5,148.6,100,,,,,,,,,,,,,,,,,,,149.1,58,,,,,,,,,,,,,,,,,,
2026-07-08T22:02:18.503158+00:00,2026-07-08T22:02:18.503049,1,1,148.85,0.5,148.6,55,,,,,,,,,,,,,,,,,,,149.1,58,,,,,,,,,,,,,,,,,,
2026-07-08T22:02:18.508169+00:00,2026-07-08T22:02:18.508313,2,0,,,149.1,92,148.6,55,,,,,,,,,,,,,,,,,,,,,,,,,,,,,,,,,,,,
2026-07-08T22:02:18.558658+00:00,2026-07-08T22:02:18.557099,2,1,149.35,0.5,149.1,92,148.6,55,,,,,,,,,,,,,,,,,149.6,150,,,,,,,,,,,,,,,,,,
2026-07-08T22:02:20.369628+00:00,2026-07-08T22:02:20.369565,1,1,149.35,0.5,149.1,92,,,,,,,,,,,,,,,,,,,149.6,150,,,,,,,,,,,,,,,,,,
2026-07-08T22:02:20.423230+00:00,2026-07-08T22:02:20.423106,2,1,149.35,0.5,149.1,92,148.8,100,,,,,,,,,,,,,,,,,149.6,150,,,,,,,,,,,,,,,,,,
2026-07-08T22:02:20.475508+00:00,2026-07-08T22:02:20.475433,2,2,149.2,0.2,149.1,92,148.8,100,,,,,,,,,,,,,,,,,149.3,100,149.6,150,,,,,,,,,,,,,,,,
2026-07-08T22:02:21.617799+00:00,2026-07-08T22:02:21.617752,2,1,149.2,0.2,149.1,92,148.8,100,,,,,,,,,,,,,,,,,149.3,100,,,,,,,,,,,,,,,,,,
2026-07-08T22:02:21.623102+00:00,2026-07-08T22:02:21.622921,1,1,149.05,0.5,148.8,100,,,,,,,,,,,,,,,,,,,149.3,100,,,,,,,,,,,,,,,,,,
2026-07-08T22:02:21.675926+00:00,2026-07-08T22:02:21.675862,2,1,149.15,0.3,149.0,150,148.8,100,,,,,,,,,,,,,,,,,149.3,100,,,,,,,,,,,,,,,,,,
2026-07-08T22:02:21.729536+00:00,2026-07-08T22:02:21.729403,2,2,149.15,0.3,149.0,150,148.8,100,,,,,,,,,,,,,,,,,149.3,100,149.5,150,,,,,,,,,,,,,,,,
2026-07-08T22:02:22.452069+00:00,2026-07-08T22:02:22.452245,2,2,149.15,0.3,149.0,108,148.8,100,,,,,,,,,,,,,,,,,149.3,100,149.5,150,,,,,,,,,,,,,,,,
2026-07-08T22:02:22.513661+00:00,2026-07-08T22:02:22.513584,2,2,149.15,0.3,149.0,58,148.8,100,,,,,,,,,,,,,,,,,149.3,100,149.5,150,,,,,,,,,,,,,,,,
2026-07-08T22:02:23.526657+00:00,2026-07-08T22:02:23.526587,1,1,149.25,0.5,149.0,58,,,,,,,,,,,,,,,,,,,149.5,150,,,,,,,,,,,,,,,,,,
2026-07-08T22:02:23.579272+00:00,2026-07-08T22:02:23.579221,1,1,149.25,0.5,149.0,158,,,,,,,,,,,,,,,,,,,149.5,150,,,,,,,,,,,,,,,,,,
2026-07-08T22:02:23.637358+00:00,2026-07-08T22:02:23.637205,1,1,149.25,0.5,149.0,158,,,,,,,,,,,,,,,,,,,149.5,250,,,,,,,,,,,,,,,,,,
2026-07-08T22:02:24.575769+00:00,2026-07-08T22:02:24.575696,1,1,149.25,0.5,149.0,158,,,,,,,,,,,,,,,,,,,149.5,207,,,,,,,,,,,,,,,,,,
2026-07-08T22:02:24.786317+00:00,2026-07-08T22:02:24.786207,1,1,149.25,0.5,149.0,100,,,,,,,,,,,,,,,,,,,149.5,100,,,,,,,,,,,,,,,,,,
2026-07-08T22:02:24.840138+00:00,2026-07-08T22:02:24.840060,2,1,149.25,0.5,149.0,100,148.8,150,,,,,,,,,,,,,,,,,149.5,100,,,,,,,,,,,,,,,,,,
2026-07-08T22:02:24.892761+00:00,2026-07-08T22:02:24.892625,2,2,149.15,0.3,149.0,100,148.8,150,,,,,,,,,,,,,,,,,149.3,150,149.5,100,,,,,,,,,,,,,,,,
2026-07-08T22:02:25.467346+00:00,2026-07-08T22:02:25.467196,2,2,149.15,0.3,149.0,100,148.8,150,,,,,,,,,,,,,,,,,149.3,110,149.5,100,,,,,,,,,,,,,,,,
2026-07-08T22:02:25.521031+00:00,2026-07-08T22:02:25.521263,2,2,149.15,0.3,149.0,55,148.8,150,,,,,,,,,,,,,,,,,149.3,110,149.5,100,,,,,,,,,,,,,,,,
2026-07-08T22:02:26.692764+00:00,2026-07-08T22:02:26.692662,1,1,149.05,0.5,148.8,150,,,,,,,,,,,,,,,,,,,149.3,110,,,,,,,,,,,,,,,,,,
2026-07-08T22:02:26.748121+00:00,2026-07-08T22:02:26.748010,1,1,149.05,0.5,148.8,250,,,,,,,,,,,,,,,,,,,149.3,110,,,,,,,,,,,,,,,,,,
2026-07-08T22:02:26.804465+00:00,2026-07-08T22:02:26.804343,1,1,149.05,0.5,148.8,250,,,,,,,,,,,,,,,,,,,149.3,210,,,,,,,,,,,,,,,,,,
2026-07-08T22:02:27.069474+00:00,2026-07-08T22:02:27.069350,1,1,149.05,0.5,148.8,250,,,,,,,,,,,,,,,,,,,149.3,170,,,,,,,,,,,,,,,,,,
2026-07-08T22:02:27.945844+00:00,2026-07-08T22:02:27.945796,1,1,149.05,0.5,148.8,100,,,,,,,,,,,,,,,,,,,149.3,100,,,,,,,,,,,,,,,,,,
2026-07-08T22:02:27.999182+00:00,2026-07-08T22:02:27.999119,2,1,149.15,0.3,149.0,150,148.8,100,,,,,,,,,,,,,,,,,149.3,100,,,,,,,,,,,,,,,,,,
2026-07-08T22:02:28.058643+00:00,2026-07-08T22:02:28.051606,2,2,149.15,0.3,149.0,150,148.8,100,,,,,,,,,,,,,,,,,149.3,100,149.5,150,,,,,,,,,,,,,,,,
2026-07-08T22:02:29.858607+00:00,2026-07-08T22:02:29.853440,1,1,149.25,0.5,149.0,150,,,,,,,,,,,,,,,,,,,149.5,150,,,,,,,,,,,,,,,,,,
2026-07-08T22:02:29.913397+00:00,2026-07-08T22:02:29.913494,2,1,149.25,0.5,149.0,150,148.8,100,,,,,,,,,,,,,,,,,149.5,150,,,,,,,,,,,,,,,,,,
2026-07-08T22:02:29.964143+00:00,2026-07-08T22:02:29.964017,2,2,149.15,0.3,149.0,150,148.8,100,,,,,,,,,,,,,,,,,149.3,100,149.5,150,,,,,,,,,,,,,,,,
2026-07-08T22:02:30.866947+00:00,2026-07-08T22:02:30.866879,2,2,149.15,0.3,149.0,107,148.8,100,,,,,,,,,,,,,,,,,149.3,100,149.5,150,,,,,,,,,,,,,,,,
2026-07-08T22:02:30.891159+00:00,2026-07-08T22:02:30.891286,2,2,149.15,0.3,149.0,107,148.8,100,,,,,,,,,,,,,,,,,149.3,50,149.5,150,,,,,,,,,,,,,,,,
2026-07-08T22:02:31.111045+00:00,2026-07-08T22:02:31.110947,1,1,149.05,0.5,148.8,100,,,,,,,,,,,,,,,,,,,149.3,50,,,,,,,,,,,,,,,,,,
2026-07-08T22:02:31.166125+00:00,2026-07-08T22:02:31.165978,1,1,149.05,0.5,148.8,250,,,,,,,,,,,,,,,,,,,149.3,50,,,,,,,,,,,,,,,,,,
2026-07-08T22:02:31.219102+00:00,2026-07-08T22:02:31.219225,1,1,149.05,0.5,148.8,250,,,,,,,,,,,,,,,,,,,149.3,200,,,,,,,,,,,,,,,,,,
2026-07-08T22:02:32.997897+00:00,2026-07-08T22:02:32.998074,1,1,149.05,0.5,148.8,250,,,,,,,,,,,,,,,,,,,149.3,150,,,,,,,,,,,,,,,,,,
2026-07-08T22:02:33.021800+00:00,2026-07-08T22:02:33.021664,1,1,149.05,0.5,148.8,150,,,,,,,,,,,,,,,,,,,149.3,150,,,,,,,,,,,,,,,,,,
2026-07-08T22:02:33.074682+00:00,2026-07-08T22:02:33.074576,2,1,149.2,0.2,149.1,100,148.8,150,,,,,,,,,,,,,,,,,149.3,150,,,,,,,,,,,,,,,,,,
2026-07-08T22:02:33.119448+00:00,2026-07-08T22:02:33.119311,2,1,149.2,0.2,149.1,100,148.8,150,,,,,,,,,,,,,,,,,149.3,109,,,,,,,,,,,,,,,,,,
2026-07-08T22:02:33.124576+00:00,2026-07-08T22:02:33.124469,2,2,149.2,0.2,149.1,100,148.8,150,,,,,,,,,,,,,,,,,149.3,109,149.6,100,,,,,,,,,,,,,,,,
2026-07-08T22:02:34.273601+00:00,2026-07-08T22:02:34.273494,1,1,149.35,0.5,149.1,100,,,,,,,,,,,,,,,,,,,149.6,100,,,,,,,,,,,,,,,,,,
2026-07-08T22:02:34.330471+00:00,2026-07-08T22:02:34.330269,1,1,149.35,0.5,149.1,250,,,,,,,,,,,,,,,,,,,149.6,100,,,,,,,,,,,,,,,,,,
2026-07-08T22:02:34.383676+00:00,2026-07-08T22:02:34.383582,1,1,149.35,0.5,149.1,250,,,,,,,,,,,,,,,,,,,149.6,250,,,,,,,,,,,,,,,,,,
2026-07-08T22:02:34.574075+00:00,2026-07-08T22:02:34.574000,1,1,149.35,0.5,149.1,210,,,,,,,,,,,,,,,,,,,149.6,250,,,,,,,,,,,,,,,,,,
2026-07-08T22:02:35.104776+00:00,2026-07-08T22:02:35.104619,1,1,149.35,0.5,149.1,210,,,,,,,,,,,,,,,,,,,149.6,200,,,,,,,,,,,,,,,,,,
2026-07-08T22:02:36.033005+00:00,2026-07-08T22:02:36.032898,1,1,149.35,0.5,149.1,168,,,,,,,,,,,,,,,,,,,149.6,200,,,,,,,,,,,,,,,,,,
2026-07-08T22:02:36.182076+00:00,2026-07-08T22:02:36.182013,1,1,149.35,0.5,149.1,150,,,,,,,,,,,,,,,,,,,149.6,150,,,,,,,,,,,,,,,,,,
2026-07-08T22:02:36.237596+00:00,2026-07-08T22:02:36.237494,2,1,149.35,0.5,149.1,150,148.9,100,,,,,,,,,,,,,,,,,149.6,150,,,,,,,,,,,,,,,,,,
2026-07-08T22:02:36.289979+00:00,2026-07-08T22:02:36.289920,2,2,149.25,0.3,149.1,150,148.9,100,,,,,,,,,,,,,,,,,149.4,100,149.6,150,,,,,,,,,,,,,,,,
2026-07-08T22:02:37.133235+00:00,2026-07-08T22:02:37.133204,2,2,149.25,0.3,149.1,150,148.9,100,,,,,,,,,,,,,,,,,149.4,55,149.6,150,,,,,,,,,,,,,,,,
2026-07-08T22:02:37.211797+00:00,2026-07-08T22:02:37.211727,2,2,149.25,0.3,149.1,150,148.9,100,,,,,,,,,,,,,,,,,149.4,5,149.6,150,,,,,,,,,,,,,,,,
2026-07-08T22:02:37.438614+00:00,2026-07-08T22:02:37.438477,1,1,149.15,0.5,148.9,100,,,,,,,,,,,,,,,,,,,149.4,5,,,,,,,,,,,,,,,,,,
2026-07-08T22:02:37.490261+00:00,2026-07-08T22:02:37.490206,2,1,149.25,0.3,149.1,150,148.9,100,,,,,,,,,,,,,,,,,149.4,5,,,,,,,,,,,,,,,,,,
2026-07-08T22:02:37.544425+00:00,2026-07-08T22:02:37.544345,2,2,149.25,0.3,149.1,150,148.9,100,,,,,,,,,,,,,,,,,149.4,5,149.6,150,,,,,,,,,,,,,,,,
2026-07-08T22:02:38.239790+00:00,2026-07-08T22:02:38.239747,2,2,149.25,0.3,149.1,106,148.9,100,,,,,,,,,,,,,,,,,149.4,5,149.6,150,,,,,,,,,,,,,,,,
2026-07-08T22:02:39.343192+00:00,2026-07-08T22:02:39.343104,1,1,149.35,0.5,149.1,106,,,,,,,,,,,,,,,,,,,149.6,150,,,,,,,,,,,,,,,,,,
2026-07-08T22:02:39.370704+00:00,2026-07-08T22:02:39.370650,1,1,149.35,0.5,149.1,56,,,,,,,,,,,,,,,,,,,149.6,150,,,,,,,,,,,,,,,,,,
2026-07-08T22:02:39.397808+00:00,2026-07-08T22:02:39.397706,2,1,149.5,0.2,149.4,100,149.1,56,,,,,,,,,,,,,,,,,149.6,150,,,,,,,,,,,,,,,,,,
2026-07-08T22:02:39.451583+00:00,2026-07-08T22:02:39.451512,2,2,149.5,0.2,149.4,100,149.1,56,,,,,,,,,,,,,,,,,149.6,150,149.9,100,,,,,,,,,,,,,,,,
2026-07-08T22:02:39.923389+00:00,2026-07-08T22:02:39.923351,2,2,149.5,0.2,149.4,100,149.1,56,,,,,,,,,,,,,,,,,149.6,108,149.9,100,,,,,,,,,,,,,,,,
2026-07-08T22:02:40.169732+00:00,2026-07-08T22:02:40.163037,2,2,149.5,0.2,149.4,89,149.1,56,,,,,,,,,,,,,,,,,149.6,108,149.9,100,,,,,,,,,,,,,,,,
2026-07-08T22:02:40.416454+00:00,2026-07-08T22:02:40.409955,2,2,149.5,0.2,149.4,86,149.1,56,,,,,,,,,,,,,,,,,149.6,108,149.9,100,,,,,,,,,,,,,,,,
2026-07-08T22:02:40.598259+00:00,2026-07-08T22:02:40.598239,2,1,149.65,0.5,149.4,86,149.1,56,,,,,,,,,,,,,,,,,149.9,100,,,,,,,,,,,,,,,,,,
2026-07-08T22:02:40.603500+00:00,2026-07-08T22:02:40.603396,1,1,149.65,0.5,149.4,86,,,,,,,,,,,,,,,,,,,149.9,100,,,,,,,,,,,,,,,,,,
2026-07-08T22:02:40.653707+00:00,2026-07-08T22:02:40.653849,2,1,149.65,0.5,149.4,86,148.9,150,,,,,,,,,,,,,,,,,149.9,100,,,,,,,,,,,,,,,,,,
2026-07-08T22:02:40.710427+00:00,2026-07-08T22:02:40.710379,1,2,149.15,0.5,148.9,150,,,,,,,,,,,,,,,,,,,149.4,64,149.9,100,,,,,,,,,,,,,,,,
2026-07-08T22:02:41.423332+00:00,2026-07-08T22:02:41.423302,1,2,149.15,0.5,148.9,150,,,,,,,,,,,,,,,,,,,149.4,14,149.9,100,,,,,,,,,,,,,,,,
2026-07-08T22:02:42.058623+00:00,2026-07-08T22:02:42.057901,1,2,149.15,0.5,148.9,107,,,,,,,,,,,,,,,,,,,149.4,14,149.9,100,,,,,,,,,,,,,,,,
2026-07-08T22:02:42.518446+00:00,2026-07-08T22:02:42.518317,1,1,149.15,0.5,148.9,107,,,,,,,,,,,,,,,,,,,149.4,14,,,,,,,,,,,,,,,,,,
2026-07-08T22:02:42.575144+00:00,2026-07-08T22:02:42.575225,1,1,149.15,0.5,148.9,207,,,,,,,,,,,,,,,,,,,149.4,14,,,,,,,,,,,,,,,,,,
2026-07-08T22:02:42.628952+00:00,2026-07-08T22:02:42.628876,1,1,149.15,0.5,148.9,207,,,,,,,,,,,,,,,,,,,149.4,114,,,,,,,,,,,,,,,,,,
2026-07-08T22:02:43.531172+00:00,2026-07-08T22:02:43.531142,1,1,149.15,0.5,148.9,207,,,,,,,,,,,,,,,,,,,149.4,64,,,,,,,,,,,,,,,,,,
2026-07-08T22:02:43.734307+00:00,2026-07-08T22:02:43.734165,1,1,149.15,0.5,148.9,207,,,,,,,,,,,,,,,,,,,149.4,15,,,,,,,,,,,,,,,,,,
2026-07-08T22:02:43.772571+00:00,2026-07-08T22:02:43.772475,1,1,149.15,0.5,148.9,100,,,,,,,,,,,,,,,,,,,149.4,15,,,,,,,,,,,,,,,,,,
2026-07-08T22:02:43.827892+00:00,2026-07-08T22:02:43.827840,2,1,149.35,0.1,149.3,150,148.9,100,,,,,,,,,,,,,,,,,149.4,15,,,,,,,,,,,,,,,,,,
2026-07-08T22:02:43.958992+00:00,2026-07-08T22:02:43.883163,2,2,149.35,0.1,149.3,150,148.9,100,,,,,,,,,,,,,,,,,149.4,15,149.8,150,,,,,,,,,,,,,,,,
2026-07-08T22:02:44.793968+00:00,2026-07-08T22:02:44.794148,2,2,149.35,0.1,149.3,102,148.9,100,,,,,,,,,,,,,,,,,149.4,15,149.8,150,,,,,,,,,,,,,,,,
2026-07-08T22:02:45.683626+00:00,2026-07-08T22:02:45.683735,1,1,149.55,0.5,149.3,102,,,,,,,,,,,,,,,,,,,149.8,150,,,,,,,,,,,,,,,,,,
2026-07-08T22:02:45.738122+00:00,2026-07-08T22:02:45.738077,2,1,149.55,0.5,149.3,102,149.1,100,,,,,,,,,,,,,,,,,149.8,150,,,,,,,,,,,,,,,,,,
2026-07-08T22:02:45.791210+00:00,2026-07-08T22:02:45.791113,2,2,149.45,0.3,149.3,102,149.1,100,,,,,,,,,,,,,,,,,149.6,100,149.8,150,,,,,,,,,,,,,,,,
2026-07-08T22:02:46.877892+00:00,2026-07-08T22:02:46.877763,2,2,149.45,0.3,149.3,58,149.1,100,,,,,,,,,,,,,,,,,149.6,100,149.8,150,,,,,,,,,,,,,,,,
2026-07-08T22:02:46.938655+00:00,2026-07-08T22:02:46.938590,1,1,149.35,0.5,149.1,100,,,,,,,,,,,,,,,,,,,149.6,100,,,,,,,,,,,,,,,,,,
2026-07-08T22:02:46.994417+00:00,2026-07-08T22:02:46.994284,2,1,149.35,0.5,149.1,100,148.8,150,,,,,,,,,,,,,,,,,149.6,100,,,,,,,,,,,,,,,,,,
2026-07-08T22:02:47.046374+00:00,2026-07-08T22:02:47.046454,2,2,149.2,0.2,149.1,100,148.8,150,,,,,,,,,,,,,,,,,149.3,150,149.6,100,,,,,,,,,,,,,,,,
2026-07-08T22:02:47.741478+00:00,2026-07-08T22:02:47.741377,2,2,149.2,0.2,149.1,100,148.8,150,,,,,,,,,,,,,,,,,149.3,100,149.6,100,,,,,,,,,,,,,,,,
2026-07-08T22:02:48.844933+00:00,2026-07-08T22:02:48.844890,1,1,149.05,0.5,148.8,150,,,,,,,,,,,,,,,,,,,149.3,100,,,,,,,,,,,,,,,,,,
2026-07-08T22:02:48.898888+00:00,2026-07-08T22:02:48.898837,2,1,149.15,0.3,149.0,100,148.8,150,,,,,,,,,,,,,,,,,149.3,100,,,,,,,,,,,,,,,,,,
2026-07-08T22:02:48.958663+00:00,2026-07-08T22:02:48.952312,2,2,149.15,0.3,149.0,100,148.8,150,,,,,,,,,,,,,,,,,149.3,100,149.5,100,,,,,,,,,,,,,,,,
2026-07-08T22:02:49.864237+00:00,2026-07-08T22:02:49.863973,2,2,149.15,0.3,149.0,100,148.8,150,,,,,,,,,,,,,,,,,149.3,50,149.5,100,,,,,,,,,,,,,,,,
2026-07-08T22:02:50.102192+00:00,2026-07-08T22:02:50.102159,1,1,149.25,0.5,149.0,100,,,,,,,,,,,,,,,,,,,149.5,100,,,,,,,,,,,,,,,,,,
2026-07-08T22:02:50.158623+00:00,2026-07-08T22:02:50.152252,2,1,149.4,0.2,149.3,150,149.0,100,,,,,,,,,,,,,,,,,149.5,100,,,,,,,,,,,,,,,,,,
2026-07-08T22:02:50.211003+00:00,2026-07-08T22:02:50.210922,2,2,149.4,0.2,149.3,150,149.0,100,,,,,,,,,,,,,,,,,149.5,100,149.7,150,,,,,,,,,,,,,,,,
2026-07-08T22:02:52.006964+00:00,2026-07-08T22:02:52.007158,1,1,149.5,0.4,149.3,150,,,,,,,,,,,,,,,,,,,149.7,150,,,,,,,,,,,,,,,,,,
2026-07-08T22:02:52.012440+00:00,2026-07-08T22:02:52.012357,1,1,149.5,0.4,149.3,100,,,,,,,,,,,,,,,,,,,149.7,150,,,,,,,,,,,,,,,,,,
2026-07-08T22:02:52.058590+00:00,2026-07-08T22:02:52.056601,2,1,149.5,0.4,149.3,100,149.2,100,,,,,,,,,,,,,,,,,149.7,150,,,,,,,,,,,,,,,,,,
2026-07-08T22:02:52.114739+00:00,2026-07-08T22:02:52.114715,2,1,149.5,0.4,149.3,100,149.2,100,,,,,,,,,,,,,,,,,149.7,250,,,,,,,,,,,,,,,,,,
2026-07-08T22:02:53.021598+00:00,2026-07-08T22:02:53.021504,2,1,149.5,0.4,149.3,100,149.2,100,,,,,,,,,,,,,,,,,149.7,210,,,,,,,,,,,,,,,,,,
2026-07-08T22:02:53.266396+00:00,2026-07-08T22:02:53.266267,1,1,149.45,0.5,149.2,100,,,,,,,,,,,,,,,,,,,149.7,100,,,,,,,,,,,,,,,,,,
2026-07-08T22:02:53.318852+00:00,2026-07-08T22:02:53.319022,2,1,149.5,0.4,149.3,150,149.2,100,,,,,,,,,,,,,,,,,149.7,100,,,,,,,,,,,,,,,,,,
2026-07-08T22:02:53.375633+00:00,2026-07-08T22:02:53.375516,2,2,149.5,0.4,149.3,150,149.2,100,,,,,,,,,,,,,,,,,149.7,100,149.8,150,,,,,,,,,,,,,,,,
2026-07-08T22:02:54.118553+00:00,2026-07-08T22:02:54.118459,2,2,149.5,0.4,149.3,100,149.2,100,,,,,,,,,,,,,,,,,149.7,100,149.8,150,,,,,,,,,,,,,,,,
2026-07-08T22:02:54.644560+00:00,2026-07-08T22:02:54.644451,2,2,149.5,0.4,149.3,57,149.2,100,,,,,,,,,,,,,,,,,149.7,100,149.8,150,,,,,,,,,,,,,,,,
2026-07-08T22:02:55.168878+00:00,2026-07-08T22:02:55.168809,1,1,149.55,0.5,149.3,57,,,,,,,,,,,,,,,,,,,149.8,150,,,,,,,,,,,,,,,,,,
2026-07-08T22:02:55.242095+00:00,2026-07-08T22:02:55.241959,1,1,149.55,0.5,149.3,157,,,,,,,,,,,,,,,,,,,149.8,150,,,,,,,,,,,,,,,,,,
2026-07-08T22:02:55.297919+00:00,2026-07-08T22:02:55.297781,1,1,149.55,0.5,149.3,157,,,,,,,,,,,,,,,,,,,149.8,250,,,,,,,,,,,,,,,,,,
2026-07-08T22:02:56.228368+00:00,2026-07-08T22:02:56.228321,1,1,149.55,0.5,149.3,107,,,,,,,,,,,,,,,,,,,149.8,250,,,,,,,,,,,,,,,,,,
2026-07-08T22:02:56.429544+00:00,2026-07-08T22:02:56.429457,1,1,149.55,0.5,149.3,100,,,,,,,,,,,,,,,,,,,149.8,100,,,,,,,,,,,,,,,,,,
2026-07-08T22:02:56.484655+00:00,2026-07-08T22:02:56.484516,2,1,149.55,0.5,149.3,100,148.9,150,,,,,,,,,,,,,,,,,149.8,100,,,,,,,,,,,,,,,,,,
2026-07-08T22:02:56.553211+00:00,2026-07-08T22:02:56.546264,2,2,149.35,0.1,149.3,100,148.9,150,,,,,,,,,,,,,,,,,149.4,147,149.8,100,,,,,,,,,,,,,,,,
2026-07-08T22:02:58.288999+00:00,2026-07-08T22:02:58.278624,2,2,149.35,0.1,149.3,100,148.9,150,,,,,,,,,,,,,,,,,149.4,136,149.8,100,,,,,,,,,,,,,,,,
2026-07-08T22:02:58.344547+00:00,2026-07-08T22:02:58.344705,2,2,149.35,0.1,149.3,50,148.9,150,,,,,,,,,,,,,,,,,149.4,136,149.8,100,,,,,,,,,,,,,,,,
2026-07-08T22:02:58.350007+00:00,2026-07-08T22:02:58.349889,1,1,149.15,0.5,148.9,150,,,,,,,,,,,,,,,,,,,149.4,136,,,,,,,,,,,,,,,,,,
2026-07-08T22:02:58.405636+00:00,2026-07-08T22:02:58.405453,1,1,149.15,0.5,148.9,150,,,,,,,,,,,,,,,,,,,149.4,36,,,,,,,,,,,,,,,,,,
2026-07-08T22:02:58.460726+00:00,2026-07-08T22:02:58.460591,1,2,149.15,0.5,148.9,150,,,,,,,,,,,,,,,,,,,149.4,36,149.9,100,,,,,,,,,,,,,,,,
2026-07-08T22:02:59.596534+00:00,2026-07-08T22:02:59.596476,0,1,,,,,,,,,,,,,,,,,,,,,,,149.9,100,,,,,,,,,,,,,,,,,,
2026-07-08T22:02:59.650754+00:00,2026-07-08T22:02:59.650631,1,1,149.7,0.4,149.5,150,,,,,,,,,,,,,,,,,,,149.9,100,,,,,,,,,,,,,,,,,,
2026-07-08T22:02:59.703385+00:00,2026-07-08T22:02:59.703252,1,2,149.7,0.4,149.5,150,,,,,,,,,,,,,,,,,,,149.9,100,150.0,150,,,,,,,,,,,,,,,,
2026-07-08T22:03:00.452475+00:00,2026-07-08T22:03:00.452391,1,2,149.7,0.4,149.5,100,,,,,,,,,,,,,,,,,,,149.9,100,150.0,150,,,,,,,,,,,,,,,,
2026-07-08T22:03:01.515866+00:00,2026-07-08T22:03:01.515731,1,1,149.75,0.5,149.5,100,,,,,,,,,,,,,,,,,,,150.0,150,,,,,,,,,,,,,,,,,,
2026-07-08T22:03:01.564113+00:00,2026-07-08T22:03:01.563932,2,1,149.75,0.5,149.5,100,149.2,100,,,,,,,,,,,,,,,,,150.0,150,,,,,,,,,,,,,,,,,,
2026-07-08T22:03:01.626574+00:00,2026-07-08T22:03:01.626475,2,2,149.6,0.2,149.5,100,149.2,100,,,,,,,,,,,,,,,,,149.7,100,150.0,150,,,,,,,,,,,,,,,,
2026-07-08T22:03:02.585235+00:00,2026-07-08T22:03:02.585096,2,2,149.6,0.2,149.5,50,149.2,100,,,,,,,,,,,,,,,,,149.7,100,150.0,150,,,,,,,,,,,,,,,,
2026-07-08T22:03:02.756589+00:00,2026-07-08T22:03:02.756689,1,1,149.45,0.5,149.2,100,,,,,,,,,,,,,,,,,,,149.7,100,,,,,,,,,,,,,,,,,,
2026-07-08T22:03:02.813138+00:00,2026-07-08T22:03:02.813013,2,1,149.5,0.4,149.3,150,149.2,100,,,,,,,,,,,,,,,,,149.7,100,,,,,,,,,,,,,,,,,,
2026-07-08T22:03:02.855477+00:00,2026-07-08T22:03:02.856209,2,2,149.5,0.4,149.3,150,149.2,100,,,,,,,,,,,,,,,,,149.7,100,149.8,150,,,,,,,,,,,,,,,,
2026-07-08T22:03:04.675691+00:00,2026-07-08T22:03:04.675806,1,1,149.55,0.5,149.3,150,,,,,,,,,,,,,,,,,,,149.8,150,,,,,,,,,,,,,,,,,,
2026-07-08T22:03:04.694034+00:00,2026-07-08T22:03:04.693975,1,1,149.55,0.5,149.3,100,,,,,,,,,,,,,,,,,,,149.8,150,,,,,,,,,,,,,,,,,,
2026-07-08T22:03:04.730803+00:00,2026-07-08T22:03:04.730697,2,1,149.55,0.5,149.3,100,149.2,100,,,,,,,,,,,,,,,,,149.8,150,,,,,,,,,,,,,,,,,,
2026-07-08T22:03:04.783239+00:00,2026-07-08T22:03:04.783161,2,2,149.5,0.4,149.3,100,149.2,100,,,,,,,,,,,,,,,,,149.7,100,149.8,150,,,,,,,,,,,,,,,,
2026-07-08T22:03:05.919785+00:00,2026-07-08T22:03:05.919697,1,1,149.45,0.5,149.2,100,,,,,,,,,,,,,,,,,,,149.7,100,,,,,,,,,,,,,,,,,,
2026-07-08T22:03:05.975196+00:00,2026-07-08T22:03:05.975090,2,1,149.45,0.5,149.2,100,149.1,150,,,,,,,,,,,,,,,,,149.7,100,,,,,,,,,,,,,,,,,,
2026-07-08T22:03:06.028378+00:00,2026-07-08T22:03:06.028539,2,2,149.4,0.4,149.2,100,149.1,150,,,,,,,,,,,,,,,,,149.6,150,149.7,100,,,,,,,,,,,,,,,,
2026-07-08T22:03:07.835186+00:00,2026-07-08T22:03:07.835299,1,1,149.35,0.5,149.1,150,,,,,,,,,,,,,,,,,,,149.6,150,,,,,,,,,,,,,,,,,,
2026-07-08T22:03:07.891881+00:00,2026-07-08T22:03:07.891828,2,1,149.45,0.3,149.3,100,149.1,150,,,,,,,,,,,,,,,,,149.6,150,,,,,,,,,,,,,,,,,,
2026-07-08T22:03:07.979585+00:00,2026-07-08T22:03:07.979421,2,2,149.45,0.3,149.3,100,149.1,150,,,,,,,,,,,,,,,,,149.6,150,149.8,100,,,,,,,,,,,,,,,,
2026-07-08T22:03:08.841414+00:00,2026-07-08T22:03:08.841384,2,2,149.45,0.3,149.3,100,149.1,150,,,,,,,,,,,,,,,,,149.6,108,149.8,100,,,,,,,,,,,,,,,,
2026-07-08T22:03:08.924067+00:00,2026-07-08T22:03:08.924327,2,2,149.45,0.3,149.3,50,149.1,150,,,,,,,,,,,,,,,,,149.6,108,149.8,100,,,,,,,,,,,,,,,,
2026-07-08T22:03:09.083299+00:00,2026-07-08T22:03:09.083163,2,1,149.55,0.5,149.3,50,149.1,150,,,,,,,,,,,,,,,,,149.8,100,,,,,,,,,,,,,,,,,,
2026-07-08T22:03:09.088444+00:00,2026-07-08T22:03:09.088375,1,1,149.55,0.5,149.3,50,,,,,,,,,,,,,,,,,,,149.8,100,,,,,,,,,,,,,,,,,,
2026-07-08T22:03:09.145095+00:00,2026-07-08T22:03:09.144896,2,1,149.6,0.4,149.4,150,149.3,50,,,,,,,,,,,,,,,,,149.8,100,,,,,,,,,,,,,,,,,,
2026-07-08T22:03:09.197599+00:00,2026-07-08T22:03:09.197483,2,2,149.6,0.4,149.4,150,149.3,50,,,,,,,,,,,,,,,,,149.8,100,149.9,150,,,,,,,,,,,,,,,,
2026-07-08T22:03:11.027774+00:00,2026-07-08T22:03:11.027727,1,1,149.65,0.5,149.4,150,,,,,,,,,,,,,,,,,,,149.9,150,,,,,,,,,,,,,,,,,,
2026-07-08T22:03:11.058566+00:00,2026-07-08T22:03:11.054384,1,1,149.65,0.5,149.4,100,,,,,,,,,,,,,,,,,,,149.9,150,,,,,,,,,,,,,,,,,,
2026-07-08T22:03:11.083933+00:00,2026-07-08T22:03:11.084028,2,1,149.65,0.5,149.4,100,149.2,100,,,,,,,,,,,,,,,,,149.9,150,,,,,,,,,,,,,,,,,,
2026-07-08T22:03:11.137370+00:00,2026-07-08T22:03:11.137321,2,2,149.55,0.3,149.4,100,149.2,100,,,,,,,,,,,,,,,,,149.7,100,149.9,150,,,,,,,,,,,,,,,,
2026-07-08T22:03:12.258654+00:00,2026-07-08T22:03:12.246425,1,1,149.45,0.5,149.2,100,,,,,,,,,,,,,,,,,,,149.7,100,,,,,,,,,,,,,,,,,,
2026-07-08T22:03:12.306121+00:00,2026-07-08T22:03:12.305887,1,1,149.45,0.5,149.2,250,,,,,,,,,,,,,,,,,,,149.7,100,,,,,,,,,,,,,,,,,,
2026-07-08T22:03:12.358810+00:00,2026-07-08T22:03:12.358698,1,1,149.45,0.5,149.2,250,,,,,,,,,,,,,,,,,,,149.7,250,,,,,,,,,,,,,,,,,,
2026-07-08T22:03:13.158597+00:00,2026-07-08T22:03:13.155517,1,1,149.45,0.5,149.2,200,,,,,,,,,,,,,,,,,,,149.7,250,,,,,,,,,,,,,,,,,,
2026-07-08T22:03:14.194091+00:00,2026-07-08T22:03:14.193996,1,1,149.45,0.5,149.2,150,,,,,,,,,,,,,,,,,,,149.7,150,,,,,,,,,,,,,,,,,,
2026-07-08T22:03:14.247052+00:00,2026-07-08T22:03:14.246967,2,1,149.45,0.5,149.2,150,149.0,100,,,,,,,,,,,,,,,,,149.7,150,,,,,,,,,,,,,,,,,,
2026-07-08T22:03:14.310385+00:00,2026-07-08T22:03:14.303870,2,2,149.35,0.3,149.2,150,149.0,100,,,,,,,,,,,,,,,,,149.5,88,149.7,150,,,,,,,,,,,,,,,,
2026-07-08T22:03:15.293100+00:00,2026-07-08T22:03:15.293018,2,2,149.35,0.3,149.2,100,149.0,100,,,,,,,,,,,,,,,,,149.5,88,149.7,150,,,,,,,,,,,,,,,,
2026-07-08T22:03:15.411204+00:00,2026-07-08T22:03:15.411068,1,1,149.25,0.5,149.0,100,,,,,,,,,,,,,,,,,,,149.5,88,,,,,,,,,,,,,,,,,,
2026-07-08T22:03:15.466879+00:00,2026-07-08T22:03:15.466788,1,1,149.25,0.5,149.0,250,,,,,,,,,,,,,,,,,,,149.5,88,,,,,,,,,,,,,,,,,,
2026-07-08T22:03:15.519541+00:00,2026-07-08T22:03:15.519417,1,1,149.25,0.5,149.0,250,,,,,,,,,,,,,,,,,,,149.5,238,,,,,,,,,,,,,,,,,,
2026-07-08T22:03:17.125992+00:00,2026-07-08T22:03:17.125909,1,1,149.25,0.5,149.0,250,,,,,,,,,,,,,,,,,,,149.5,193,,,,,,,,,,,,,,,,,,
2026-07-08T22:03:17.356057+00:00,2026-07-08T22:03:17.355919,1,1,149.25,0.5,149.0,150,,,,,,,,,,,,,,,,,,,149.5,150,,,,,,,,,,,,,,,,,,
2026-07-08T22:03:17.406723+00:00,2026-07-08T22:03:17.406795,2,1,149.4,0.2,149.3,100,149.0,150,,,,,,,,,,,,,,,,,149.5,150,,,,,,,,,,,,,,,,,,
2026-07-08T22:03:17.459580+00:00,2026-07-08T22:03:17.459516,2,2,149.4,0.2,149.3,100,149.0,150,,,,,,,,,,,,,,,,,149.5,150,149.8,100,,,,,,,,,,,,,,,,
2026-07-08T22:03:18.488138+00:00,2026-07-08T22:03:18.482602,2,2,149.4,0.2,149.3,100,149.0,150,,,,,,,,,,,,,,,,,149.5,139,149.8,100,,,,,,,,,,,,,,,,
2026-07-08T22:03:18.573196+00:00,2026-07-08T22:03:18.573120,1,1,149.55,0.5,149.3,100,,,,,,,,,,,,,,,,,,,149.8,100,,,,,,,,,,,,,,,,,,
2026-07-08T22:03:18.626239+00:00,2026-07-08T22:03:18.626382,2,1,149.55,0.5,149.3,100,149.1,150,,,,,,,,,,,,,,,,,149.8,100,,,,,,,,,,,,,,,,,,
2026-07-08T22:03:18.679257+00:00,2026-07-08T22:03:18.679206,2,2,149.45,0.3,149.3,100,149.1,150,,,,,,,,,,,,,,,,,149.6,150,149.8,100,,,,,,,,,,,,,,,,
2026-07-08T22:03:19.801262+00:00,2026-07-08T22:03:19.795788,2,2,149.45,0.3,149.3,100,149.1,150,,,,,,,,,,,,,,,,,149.6,138,149.8,100,,,,,,,,,,,,,,,,
2026-07-08T22:03:20.517861+00:00,2026-07-08T22:03:20.517764,1,1,149.35,0.5,149.1,150,,,,,,,,,,,,,,,,,,,149.6,138,,,,,,,,,,,,,,,,,,
2026-07-08T22:03:20.568936+00:00,2026-07-08T22:03:20.568851,2,1,149.55,0.1,149.5,100,149.1,150,,,,,,,,,,,,,,,,,149.6,138,,,,,,,,,,,,,,,,,,
2026-07-08T22:03:20.622301+00:00,2026-07-08T22:03:20.622189,2,2,149.55,0.1,149.5,100,149.1,150,,,,,,,,,,,,,,,,,149.6,138,150.0,100,,,,,,,,,,,,,,,,
2026-07-08T22:03:21.066138+00:00,2026-07-08T22:03:21.066009,2,2,149.55,0.1,149.5,100,149.1,150,,,,,,,,,,,,,,,,,149.6,95,150.0,100,,,,,,,,,,,,,,,,
2026-07-08T22:03:21.574164+00:00,2026-07-08T22:03:21.574085,2,2,149.55,0.1,149.5,100,149.1,150,,,,,,,,,,,,,,,,,149.6,45,150.0,100,,,,,,,,,,,,,,,,
2026-07-08T22:03:21.736855+00:00,2026-07-08T22:03:21.736759,1,1,149.75,0.5,149.5,100,,,,,,,,,,,,,,,,,,,150.0,100,,,,,,,,,,,,,,,,,,
2026-07-08T22:03:21.791290+00:00,2026-07-08T22:03:21.791168,2,1,149.85,0.3,149.7,150,149.5,100,,,,,,,,,,,,,,,,,150.0,100,,,,,,,,,,,,,,,,,,
2026-07-08T22:03:21.844210+00:00,2026-07-08T22:03:21.844104,2,2,149.85,0.3,149.7,150,149.5,100,,,,,,,,,,,,,,,,,150.0,100,150.2,150,,,,,,,,,,,,,,,,
2026-07-08T22:03:23.104289+00:00,2026-07-08T22:03:23.104159,2,2,149.85,0.3,149.7,106,149.5,100,,,,,,,,,,,,,,,,,150.0,100,150.2,150,,,,,,,,,,,,,,,,
2026-07-08T22:03:23.705643+00:00,2026-07-08T22:03:23.705595,1,1,149.95,0.5,149.7,106,,,,,,,,,,,,,,,,,,,150.2,150,,,,,,,,,,,,,,,,,,
2026-07-08T22:03:23.758555+00:00,2026-07-08T22:03:23.757332,2,1,149.95,0.5,149.7,106,149.5,100,,,,,,,,,,,,,,,,,150.2,150,,,,,,,,,,,,,,,,,,
2026-07-08T22:03:23.815000+00:00,2026-07-08T22:03:23.814928,2,2,149.85,0.3,149.7,106,149.5,100,,,,,,,,,,,,,,,,,150.0,100,150.2,150,,,,,,,,,,,,,,,,
2026-07-08T22:03:24.907668+00:00,2026-07-08T22:03:24.907767,1,1,149.75,0.5,149.5,100,,,,,,,,,,,,,,,,,,,150.0,100,,,,,,,,,,,,,,,,,,
2026-07-08T22:03:24.958573+00:00,2026-07-08T22:03:24.958073,2,1,149.8,0.4,149.6,150,149.5,100,,,,,,,,,,,,,,,,,150.0,100,,,,,,,,,,,,,,,,,,
2026-07-08T22:03:25.012383+00:00,2026-07-08T22:03:25.012304,2,1,149.8,0.4,149.6,150,149.5,100,,,,,,,,,,,,,,,,,150.0,250,,,,,,,,,,,,,,,,,,
2026-07-08T22:03:25.053712+00:00,2026-07-08T22:03:25.047006,2,1,149.8,0.4,149.6,138,149.5,100,,,,,,,,,,,,,,,,,150.0,250,,,,,,,,,,,,,,,,,,
2026-07-08T22:03:25.734515+00:00,2026-07-08T22:03:25.734450,2,1,149.8,0.4,149.6,92,149.5,100,,,,,,,,,,,,,,,,,150.0,250,,,,,,,,,,,,,,,,,,
2026-07-08T22:03:25.811986+00:00,2026-07-08T22:03:25.812101,2,1,149.8,0.4,149.6,92,149.5,100,,,,,,,,,,,,,,,,,150.0,200,,,,,,,,,,,,,,,,,,
2026-07-08T22:03:26.870460+00:00,2026-07-08T22:03:26.870342,1,1,149.8,0.4,149.6,92,,,,,,,,,,,,,,,,,,,150.0,150,,,,,,,,,,,,,,,,,,
2026-07-08T22:03:26.924877+00:00,2026-07-08T22:03:26.924823,1,1,149.8,0.4,149.6,192,,,,,,,,,,,,,,,,,,,150.0,150,,,,,,,,,,,,,,,,,,
2026-07-08T22:03:26.977748+00:00,2026-07-08T22:03:26.977666,1,2,149.8,0.4,149.6,192,,,,,,,,,,,,,,,,,,,150.0,150,150.1,100,,,,,,,,,,,,,,,,
2026-07-08T22:03:27.958588+00:00,2026-07-08T22:03:27.956724,1,2,149.8,0.4,149.6,192,,,,,,,,,,,,,,,,,,,150.0,105,150.1,100,,,,,,,,,,,,,,,,
2026-07-08T22:03:28.068348+00:00,2026-07-08T22:03:28.068211,1,1,149.85,0.5,149.6,100,,,,,,,,,,,,,,,,,,,150.1,100,,,,,,,,,,,,,,,,,,
2026-07-08T22:03:28.119924+00:00,2026-07-08T22:03:28.119858,2,1,149.85,0.5,149.6,100,149.2,150,,,,,,,,,,,,,,,,,150.1,100,,,,,,,,,,,,,,,,,,
2026-07-08T22:03:28.184160+00:00,2026-07-08T22:03:28.184059,2,2,149.65,0.1,149.6,100,149.2,150,,,,,,,,,,,,,,,,,149.7,150,150.1,100,,,,,,,,,,,,,,,,
2026-07-08T22:03:28.558539+00:00,2026-07-08T22:03:28.554195,2,2,149.65,0.1,149.6,55,149.2,150,,,,,,,,,,,,,,,,,149.7,150,150.1,100,,,,,,,,,,,,,,,,
2026-07-08T22:03:28.980532+00:00,2026-07-08T22:03:28.973689,2,2,149.65,0.1,149.6,44,149.2,150,,,,,,,,,,,,,,,,,149.7,150,150.1,100,,,,,,,,,,,,,,,,
2026-07-08T22:03:30.032429+00:00,2026-07-08T22:03:30.032304,1,1,149.45,0.5,149.2,150,,,,,,,,,,,,,,,,,,,149.7,150,,,,,,,,,,,,,,,,,,
2026-07-08T22:03:30.076911+00:00,2026-07-08T22:03:30.076835,1,1,149.45,0.5,149.2,100,,,,,,,,,,,,,,,,,,,149.7,150,,,,,,,,,,,,,,,,,,
2026-07-08T22:03:30.088251+00:00,2026-07-08T22:03:30.088177,1,1,149.45,0.5,149.2,200,,,,,,,,,,,,,,,,,,,149.7,150,,,,,,,,,,,,,,,,,,
2026-07-08T22:03:30.144007+00:00,2026-07-08T22:03:30.143909,1,1,149.45,0.5,149.2,200,,,,,,,,,,,,,,,,,,,149.7,250,,,,,,,,,,,,,,,,,,
2026-07-08T22:03:31.241350+00:00,2026-07-08T22:03:31.241303,1,1,149.45,0.5,149.2,100,,,,,,,,,,,,,,,,,,,149.7,100,,,,,,,,,,,,,,,,,,
2026-07-08T22:03:31.295166+00:00,2026-07-08T22:03:31.295067,2,1,149.45,0.5,149.2,100,148.8,150,,,,,,,,,,,,,,,,,149.7,100,,,,,,,,,,,,,,,,,,
2026-07-08T22:03:31.360023+00:00,2026-07-08T22:03:31.353689,2,2,149.25,0.1,149.2,100,148.8,150,,,,,,,,,,,,,,,,,149.3,139,149.7,100,,,,,,,,,,,,,,,,
2026-07-08T22:03:32.131001+00:00,2026-07-08T22:03:32.130885,2,2,149.25,0.1,149.2,100,148.8,150,,,,,,,,,,,,,,,,,149.3,89,149.7,100,,,,,,,,,,,,,,,,
2026-07-08T22:03:32.232705+00:00,2026-07-08T22:03:32.232774,2,2,149.25,0.1,149.2,100,148.8,150,,,,,,,,,,,,,,,,,149.3,45,149.7,100,,,,,,,,,,,,,,,,
2026-07-08T22:03:32.794042+00:00,2026-07-08T22:03:32.793928,2,2,149.25,0.1,149.2,100,148.8,150,,,,,,,,,,,,,,,,,149.3,3,149.7,100,,,,,,,,,,,,,,,,
2026-07-08T22:03:33.199034+00:00,2026-07-08T22:03:33.198945,1,1,149.05,0.5,148.8,150,,,,,,,,,,,,,,,,,,,149.3,3,,,,,,,,,,,,,,,,,,
2026-07-08T22:03:33.258670+00:00,2026-07-08T22:03:33.253435,2,1,149.15,0.3,149.0,100,148.8,150,,,,,,,,,,,,,,,,,149.3,3,,,,,,,,,,,,,,,,,,
2026-07-08T22:03:33.309139+00:00,2026-07-08T22:03:33.309039,2,2,149.15,0.3,149.0,100,148.8,150,,,,,,,,,,,,,,,,,149.3,3,149.5,100,,,,,,,,,,,,,,,,
2026-07-08T22:03:34.239570+00:00,2026-07-08T22:03:34.239396,2,1,149.25,0.5,149.0,100,148.8,150,,,,,,,,,,,,,,,,,149.5,53,,,,,,,,,,,,,,,,,,
2026-07-08T22:03:34.404406+00:00,2026-07-08T22:03:34.404290,1,1,149.25,0.5,149.0,100,,,,,,,,,,,,,,,,,,,149.5,53,,,,,,,,,,,,,,,,,,
2026-07-08T22:03:34.454919+00:00,2026-07-08T22:03:34.455043,2,1,149.4,0.2,149.3,150,149.0,100,,,,,,,,,,,,,,,,,149.5,53,,,,,,,,,,,,,,,,,,
2026-07-08T22:03:34.513733+00:00,2026-07-08T22:03:34.513638,2,2,149.4,0.2,149.3,150,149.0,100,,,,,,,,,,,,,,,,,149.5,53,149.8,150,,,,,,,,,,,,,,,,
2026-07-08T22:03:35.873757+00:00,2026-07-08T22:03:35.862174,2,2,149.4,0.2,149.3,139,149.0,100,,,,,,,,,,,,,,,,,149.5,53,149.8,150,,,,,,,,,,,,,,,,
2026-07-08T22:03:36.356592+00:00,2026-07-08T22:03:36.356771,1,1,149.55,0.5,149.3,139,,,,,,,,,,,,,,,,,,,149.8,150,,,,,,,,,,,,,,,,,,
2026-07-08T22:03:36.418720+00:00,2026-07-08T22:03:36.416537,2,1,149.55,0.5,149.3,139,149.1,100,,,,,,,,,,,,,,,,,149.8,150,,,,,,,,,,,,,,,,,,
2026-07-08T22:03:36.473117+00:00,2026-07-08T22:03:36.472985,2,2,149.45,0.3,149.3,139,149.1,100,,,,,,,,,,,,,,,,,149.6,100,149.8,150,,,,,,,,,,,,,,,,
2026-07-08T22:03:36.838946+00:00,2026-07-08T22:03:36.832021,2,2,149.45,0.3,149.3,127,149.1,100,,,,,,,,,,,,,,,,,149.6,100,149.8,150,,,,,,,,,,,,,,,,
2026-07-08T22:03:37.558534+00:00,2026-07-08T22:03:37.558230,2,1,149.45,0.3,149.3,127,149.1,100,,,,,,,,,,,,,,,,,149.6,100,,,,,,,,,,,,,,,,,,
2026-07-08T22:03:37.569603+00:00,2026-07-08T22:03:37.569567,1,1,149.35,0.5,149.1,100,,,,,,,,,,,,,,,,,,,149.6,100,,,,,,,,,,,,,,,,,,
2026-07-08T22:03:37.631195+00:00,2026-07-08T22:03:37.631171,2,1,149.35,0.5,149.1,100,149.0,150,,,,,,,,,,,,,,,,,149.6,100,,,,,,,,,,,,,,,,,,
2026-07-08T22:03:37.675545+00:00,2026-07-08T22:03:37.675400,2,2,149.3,0.4,149.1,100,149.0,150,,,,,,,,,,,,,,,,,149.5,150,149.6,100,,,,,,,,,,,,,,,,
2026-07-08T22:03:38.477668+00:00,2026-07-08T22:03:38.477531,2,2,149.3,0.4,149.1,100,149.0,150,,,,,,,,,,,,,,,,,149.5,100,149.6,100,,,,,,,,,,,,,,,,
2026-07-08T22:03:39.526692+00:00,2026-07-08T22:03:39.526603,1,1,149.25,0.5,149.0,150,,,,,,,,,,,,,,,,,,,149.5,100,,,,,,,,,,,,,,,,,,
2026-07-08T22:03:39.580273+00:00,2026-07-08T22:03:39.580186,2,1,149.25,0.5,149.0,150,148.9,100,,,,,,,,,,,,,,,,,149.5,100,,,,,,,,,,,,,,,,,,
2026-07-08T22:03:39.632998+00:00,2026-07-08T22:03:39.632918,2,2,149.2,0.4,149.0,150,148.9,100,,,,,,,,,,,,,,,,,149.4,100,149.5,100,,,,,,,,,,,,,,,,
2026-07-08T22:03:40.584711+00:00,2026-07-08T22:03:40.584789,2,2,149.2,0.4,149.0,150,148.9,100,,,,,,,,,,,,,,,,,149.4,50,149.5,100,,,,,,,,,,,,,,,,
2026-07-08T22:03:40.730494+00:00,2026-07-08T22:03:40.730421,1,1,149.15,0.5,148.9,100,,,,,,,,,,,,,,,,,,,149.4,50,,,,,,,,,,,,,,,,,,
2026-07-08T22:03:40.783512+00:00,2026-07-08T22:03:40.783403,2,1,149.3,0.2,149.2,150,148.9,100,,,,,,,,,,,,,,,,,149.4,50,,,,,,,,,,,,,,,,,,
2026-07-08T22:03:40.838280+00:00,2026-07-08T22:03:40.838191,2,2,149.3,0.2,149.2,150,148.9,100,,,,,,,,,,,,,,,,,149.4,50,149.7,150,,,,,,,,,,,,,,,,
2026-07-08T22:03:41.926888+00:00,2026-07-08T22:03:41.926826,2,2,149.3,0.2,149.2,102,148.9,100,,,,,,,,,,,,,,,,,149.4,50,149.7,150,,,,,,,,,,,,,,,,
2026-07-08T22:03:42.100474+00:00,2026-07-08T22:03:42.095040,2,2,149.3,0.2,149.2,91,148.9,100,,,,,,,,,,,,,,,,,149.4,50,149.7,150,,,,,,,,,,,,,,,,
2026-07-08T22:03:42.687226+00:00,2026-07-08T22:03:42.687103,1,1,149.45,0.5,149.2,91,,,,,,,,,,,,,,,,,,,149.7,150,,,,,,,,,,,,,,,,,,
2026-07-08T22:03:42.692448+00:00,2026-07-08T22:03:42.692331,1,1,149.45,0.5,149.2,91,,,,,,,,,,,,,,,,,,,149.7,100,,,,,,,,,,,,,,,,,,
2026-07-08T22:03:42.742289+00:00,2026-07-08T22:03:42.742221,2,1,149.45,0.5,149.2,91,149.0,100,,,,,,,,,,,,,,,,,149.7,100,,,,,,,,,,,,,,,,,,
2026-07-08T22:03:42.795577+00:00,2026-07-08T22:03:42.795445,2,2,149.35,0.3,149.2,91,149.0,100,,,,,,,,,,,,,,,,,149.5,100,149.7,100,,,,,,,,,,,,,,,,
2026-07-08T22:03:43.964432+00:00,2026-07-08T22:03:43.964248,2,1,149.3,0.4,149.1,150,149.0,100,,,,,,,,,,,,,,,,,149.5,100,,,,,,,,,,,,,,,,,,
2026-07-08T22:03:44.069209+00:00,2026-07-08T22:03:44.068981,2,2,149.3,0.4,149.1,150,149.0,100,,,,,,,,,,,,,,,,,149.5,100,149.6,150,,,,,,,,,,,,,,,,
2026-07-08T22:03:44.798253+00:00,2026-07-08T22:03:44.798170,2,2,149.3,0.4,149.1,150,149.0,100,,,,,,,,,,,,,,,,,149.5,50,149.6,150,,,,,,,,,,,,,,,,
2026-07-08T22:03:44.865338+00:00,2026-07-08T22:03:44.865243,2,2,149.3,0.4,149.1,104,149.0,100,,,,,,,,,,,,,,,,,149.5,50,149.6,150,,,,,,,,,,,,,,,,
2026-07-08T22:03:45.850595+00:00,2026-07-08T22:03:45.850441,1,1,149.35,0.5,149.1,104,,,,,,,,,,,,,,,,,,,149.6,150,,,,,,,,,,,,,,,,,,
2026-07-08T22:03:45.884605+00:00,2026-07-08T22:03:45.884748,1,1,149.35,0.5,149.1,104,,,,,,,,,,,,,,,,,,,149.6,106,,,,,,,,,,,,,,,,,,
2026-07-08T22:03:45.905143+00:00,2026-07-08T22:03:45.905041,2,1,149.4,0.4,149.2,100,149.1,104,,,,,,,,,,,,,,,,,149.6,106,,,,,,,,,,,,,,,,,,
2026-07-08T22:03:45.958632+00:00,2026-07-08T22:03:45.953863,2,2,149.4,0.4,149.2,100,149.1,104,,,,,,,,,,,,,,,,,149.6,106,149.7,100,,,,,,,,,,,,,,,,
2026-07-08T22:03:46.905890+00:00,2026-07-08T22:03:46.905814,2,2,149.4,0.4,149.2,100,149.1,104,,,,,,,,,,,,,,,,,149.6,56,149.7,100,,,,,,,,,,,,,,,,
2026-07-08T22:03:47.058537+00:00,2026-07-08T22:03:47.056690,1,1,149.45,0.5,149.2,100,,,,,,,,,,,,,,,,,,,149.7,100,,,,,,,,,,,,,,,,,,
2026-07-08T22:03:47.114214+00:00,2026-07-08T22:03:47.114166,2,1,149.6,0.2,149.5,150,149.2,100,,,,,,,,,,,,,,,,,149.7,100,,,,,,,,,,,,,,,,,,
2026-07-08T22:03:47.168865+00:00,2026-07-08T22:03:47.168818,2,2,149.6,0.2,149.5,150,149.2,100,,,,,,,,,,,,,,,,,149.7,100,150.0,150,,,,,,,,,,,,,,,,
2026-07-08T22:03:47.351637+00:00,2026-07-08T22:03:47.346042,2,2,149.6,0.2,149.5,147,149.2,100,,,,,,,,,,,,,,,,,149.7,100,150.0,150,,,,,,,,,,,,,,,,
2026-07-08T22:03:47.480078+00:00,2026-07-08T22:03:47.480056,2,2,149.6,0.2,149.5,147,149.2,100,,,,,,,,,,,,,,,,,149.7,59,150.0,150,,,,,,,,,,,,,,,,
2026-07-08T22:03:49.010987+00:00,2026-07-08T22:03:49.010846,1,1,149.75,0.5,149.5,147,,,,,,,,,,,,,,,,,,,150.0,150,,,,,,,,,,,,,,,,,,
2026-07-08T22:03:49.016072+00:00,2026-07-08T22:03:49.016005,1,1,149.75,0.5,149.5,147,,,,,,,,,,,,,,,,,,,150.0,100,,,,,,,,,,,,,,,,,,
2026-07-08T22:03:49.067078+00:00,2026-07-08T22:03:49.067007,1,1,149.75,0.5,149.5,247,,,,,,,,,,,,,,,,,,,150.0,100,,,,,,,,,,,,,,,,,,
2026-07-08T22:03:49.141446+00:00,2026-07-08T22:03:49.141319,1,1,149.75,0.5,149.5,247,,,,,,,,,,,,,,,,,,,150.0,200,,,,,,,,,,,,,,,,,,
2026-07-08T22:03:50.224175+00:00,2026-07-08T22:03:50.224111,1,1,149.75,0.5,149.5,100,,,,,,,,,,,,,,,,,,,150.0,100,,,,,,,,,,,,,,,,,,
2026-07-08T22:03:50.274683+00:00,2026-07-08T22:03:50.274642,2,1,149.75,0.5,149.5,100,149.4,150,,,,,,,,,,,,,,,,,150.0,100,,,,,,,,,,,,,,,,,,
2026-07-08T22:03:50.339198+00:00,2026-07-08T22:03:50.339017,2,2,149.7,0.4,149.5,100,149.4,150,,,,,,,,,,,,,,,,,149.9,150,150.0,100,,,,,,,,,,,,,,,,
2026-07-08T22:03:51.120993+00:00,2026-07-08T22:03:51.120955,2,2,149.7,0.4,149.5,100,149.4,150,,,,,,,,,,,,,,,,,149.9,100,150.0,100,,,,,,,,,,,,,,,,
2026-07-08T22:03:52.058654+00:00,2026-07-08T22:03:52.053434,2,2,149.7,0.4,149.5,53,149.4,150,,,,,,,,,,,,,,,,,149.9,100,150.0,100,,,,,,,,,,,,,,,,
2026-07-08T22:03:52.200573+00:00,2026-07-08T22:03:52.200510,2,1,149.7,0.4,149.5,53,149.4,150,,,,,,,,,,,,,,,,,149.9,100,,,,,,,,,,,,,,,,,,
2026-07-08T22:03:52.205745+00:00,2026-07-08T22:03:52.205682,1,1,149.65,0.5,149.4,150,,,,,,,,,,,,,,,,,,,149.9,100,,,,,,,,,,,,,,,,,,
2026-07-08T22:03:52.254191+00:00,2026-07-08T22:03:52.254323,2,1,149.65,0.5,149.4,150,149.1,100,,,,,,,,,,,,,,,,,149.9,100,,,,,,,,,,,,,,,,,,
2026-07-08T22:03:52.312934+00:00,2026-07-08T22:03:52.312827,2,2,149.5,0.2,149.4,150,149.1,100,,,,,,,,,,,,,,,,,149.6,100,149.9,100,,,,,,,,,,,,,,,,
2026-07-08T22:03:53.280639+00:00,2026-07-08T22:03:53.280584,2,2,149.5,0.2,149.4,100,149.1,100,,,,,,,,,,,,,,,,,149.6,100,149.9,100,,,,,,,,,,,,,,,,
2026-07-08T22:03:53.395371+00:00,2026-07-08T22:03:53.395292,1,1,149.35,0.5,149.1,100,,,,,,,,,,,,,,,,,,,149.6,100,,,,,,,,,,,,,,,,,,
2026-07-08T22:03:53.451809+00:00,2026-07-08T22:03:53.451618,2,0,,,149.7,50,149.1,100,,,,,,,,,,,,,,,,,,,,,,,,,,,,,,,,,,,,
2026-07-08T22:03:53.500992+00:00,2026-07-08T22:03:53.500919,2,1,149.9,0.4,149.7,50,149.1,100,,,,,,,,,,,,,,,,,150.1,150,,,,,,,,,,,,,,,,,,
2026-07-08T22:03:55.246385+00:00,2026-07-08T22:03:55.239956,2,1,149.9,0.4,149.7,36,149.1,100,,,,,,,,,,,,,,,,,150.1,150,,,,,,,,,,,,,,,,,,
2026-07-08T22:03:55.365930+00:00,2026-07-08T22:03:55.366107,1,1,149.9,0.4,149.7,36,,,,,,,,,,,,,,,,,,,150.1,150,,,,,,,,,,,,,,,,,,
2026-07-08T22:03:55.422715+00:00,2026-07-08T22:03:55.422681,2,1,149.9,0.4,149.7,36,149.4,100,,,,,,,,,,,,,,,,,150.1,150,,,,,,,,,,,,,,,,,,
2026-07-08T22:03:55.474843+00:00,2026-07-08T22:03:55.474749,2,2,149.8,0.2,149.7,36,149.4,100,,,,,,,,,,,,,,,,,149.9,100,150.1,150,,,,,,,,,,,,,,,,
2026-07-08T22:03:56.558578+00:00,2026-07-08T22:03:56.557460,1,1,149.65,0.5,149.4,100,,,,,,,,,,,,,,,,,,,149.9,100,,,,,,,,,,,,,,,,,,
2026-07-08T22:03:56.608104+00:00,2026-07-08T22:03:56.608056,2,1,149.65,0.5,149.4,100,149.0,150,,,,,,,,,,,,,,,,,149.9,100,,,,,,,,,,,,,,,,,,
2026-07-08T22:03:56.669592+00:00,2026-07-08T22:03:56.662936,2,2,149.45,0.1,149.4,100,149.0,150,,,,,,,,,,,,,,,,,149.5,139,149.9,100,,,,,,,,,,,,,,,,
2026-07-08T22:03:56.939852+00:00,2026-07-08T22:03:56.939990,2,2,149.45,0.1,149.4,100,149.0,150,,,,,,,,,,,,,,,,,149.5,99,149.9,100,,,,,,,,,,,,,,,,
2026-07-08T22:03:57.440605+00:00,2026-07-08T22:03:57.440467,2,2,149.45,0.1,149.4,100,149.0,150,,,,,,,,,,,,,,,,,149.5,49,149.9,100,,,,,,,,,,,,,,,,
2026-07-08T22:03:58.143918+00:00,2026-07-08T22:03:58.143824,2,2,149.45,0.1,149.4,60,149.0,150,,,,,,,,,,,,,,,,,149.5,49,149.9,100,,,,,,,,,,,,,,,,
2026-07-08T22:03:58.528282+00:00,2026-07-08T22:03:58.528227,1,1,149.25,0.5,149.0,150,,,,,,,,,,,,,,,,,,,149.5,49,,,,,,,,,,,,,,,,,,
2026-07-08T22:03:58.582975+00:00,2026-07-08T22:03:58.582850,2,1,149.4,0.2,149.3,100,149.0,150,,,,,,,,,,,,,,,,,149.5,49,,,,,,,,,,,,,,,,,,
2026-07-08T22:03:58.636003+00:00,2026-07-08T22:03:58.635880,2,2,149.4,0.2,149.3,100,149.0,150,,,,,,,,,,,,,,,,,149.5,49,149.8,100,,,,,,,,,,,,,,,,
2026-07-08T22:03:59.546726+00:00,2026-07-08T22:03:59.546625,2,1,149.55,0.5,149.3,100,149.0,150,,,,,,,,,,,,,,,,,149.8,99,,,,,,,,,,,,,,,,,,
2026-07-08T22:03:59.716712+00:00,2026-07-08T22:03:59.716676,1,1,149.55,0.5,149.3,100,,,,,,,,,,,,,,,,,,,149.8,99,,,,,,,,,,,,,,,,,,
2026-07-08T22:03:59.769611+00:00,2026-07-08T22:03:59.769711,2,1,149.6,0.4,149.4,150,149.3,100,,,,,,,,,,,,,,,,,149.8,99,,,,,,,,,,,,,,,,,,
2026-07-08T22:03:59.822272+00:00,2026-07-08T22:03:59.822101,2,2,149.6,0.4,149.4,150,149.3,100,,,,,,,,,,,,,,,,,149.8,99,149.9,150,,,,,,,,,,,,,,,,
2026-07-08T22:04:00.258649+00:00,2026-07-08T22:04:00.257790,2,2,149.6,0.4,149.4,101,149.3,100,,,,,,,,,,,,,,,,,149.8,99,149.9,150,,,,,,,,,,,,,,,,
2026-07-08T22:04:01.690245+00:00,2026-07-08T22:04:01.690175,1,1,149.65,0.5,149.4,101,,,,,,,,,,,,,,,,,,,149.9,150,,,,,,,,,,,,,,,,,,
2026-07-08T22:04:01.707054+00:00,2026-07-08T22:04:01.706917,1,1,149.65,0.5,149.4,51,,,,,,,,,,,,,,,,,,,149.9,150,,,,,,,,,,,,,,,,,,
2026-07-08T22:04:01.744341+00:00,2026-07-08T22:04:01.744291,2,1,149.65,0.5,149.4,51,149.1,100,,,,,,,,,,,,,,,,,149.9,150,,,,,,,,,,,,,,,,,,
2026-07-08T22:04:01.813363+00:00,2026-07-08T22:04:01.813241,2,2,149.5,0.2,149.4,51,149.1,100,,,,,,,,,,,,,,,,,149.6,100,149.9,150,,,,,,,,,,,,,,,,
2026-07-08T22:04:02.875944+00:00,2026-07-08T22:04:02.875828,1,1,149.35,0.5,149.1,100,,,,,,,,,,,,,,,,,,,149.6,100,,,,,,,,,,,,,,,,,,
2026-07-08T22:04:02.930456+00:00,2026-07-08T22:04:02.930325,2,1,149.35,0.5,149.1,100,149.0,150,,,,,,,,,,,,,,,,,149.6,100,,,,,,,,,,,,,,,,,,
2026-07-08T22:04:02.981325+00:00,2026-07-08T22:04:02.981486,2,2,149.3,0.4,149.1,100,149.0,150,,,,,,,,,,,,,,,,,149.5,150,149.6,100,,,,,,,,,,,,,,,,
2026-07-08T22:04:03.758576+00:00,2026-07-08T22:04:03.757035,2,2,149.3,0.4,149.1,100,149.0,150,,,,,,,,,,,,,,,,,149.5,100,149.6,100,,,,,,,,,,,,,,,,
2026-07-08T22:04:04.854068+00:00,2026-07-08T22:04:04.854291,1,1,149.25,0.5,149.0,150,,,,,,,,,,,,,,,,,,,149.5,52,,,,,,,,,,,,,,,,,,
2026-07-08T22:04:04.911962+00:00,2026-07-08T22:04:04.912097,2,1,149.35,0.3,149.2,100,149.0,150,,,,,,,,,,,,,,,,,149.5,52,,,,,,,,,,,,,,,,,,
2026-07-08T22:04:04.958610+00:00,2026-07-08T22:04:04.956170,2,2,149.35,0.3,149.2,100,149.0,150,,,,,,,,,,,,,,,,,149.5,52,149.7,100,,,,,,,,,,,,,,,,
2026-07-08T22:04:05.834211+00:00,2026-07-08T22:04:05.834113,2,2,149.35,0.3,149.2,100,149.0,150,,,,,,,,,,,,,,,,,149.5,9,149.7,100,,,,,,,,,,,,,,,,
2026-07-08T22:04:05.871869+00:00,2026-07-08T22:04:05.871735,2,1,149.45,0.5,149.2,100,149.0,150,,,,,,,,,,,,,,,,,149.7,59,,,,,,,,,,,,,,,,,,
2026-07-08T22:04:06.039355+00:00,2026-07-08T22:04:06.039232,1,1,149.45,0.5,149.2,100,,,,,,,,,,,,,,,,,,,149.7,59,,,,,,,,,,,,,,,,,,
2026-07-08T22:04:06.129633+00:00,2026-07-08T22:04:06.119809,2,1,149.65,0.1,149.6,139,149.2,100,,,,,,,,,,,,,,,,,149.7,59,,,,,,,,,,,,,,,,,,
2026-07-08T22:04:06.162031+00:00,2026-07-08T22:04:06.161888,2,2,149.65,0.1,149.6,139,149.2,100,,,,,,,,,,,,,,,,,149.7,59,150.1,150,,,,,,,,,,,,,,,,
2026-07-08T22:04:07.979392+00:00,2026-07-08T22:04:07.979303,2,2,149.65,0.1,149.6,139,149.2,100,,,,,,,,,,,,,,,,,149.7,9,150.1,150,,,,,,,,,,,,,,,,
2026-07-08T22:04:08.019557+00:00,2026-07-08T22:04:08.019664,1,1,149.85,0.5,149.6,139,,,,,,,,,,,,,,,,,,,150.1,150,,,,,,,,,,,,,,,,,,
2026-07-08T22:04:08.074736+00:00,2026-07-08T22:04:08.074619,1,1,149.85,0.5,149.6,239,,,,,,,,,,,,,,,,,,,150.1,150,,,,,,,,,,,,,,,,,,
2026-07-08T22:04:08.128732+00:00,2026-07-08T22:04:08.128672,1,1,149.85,0.5,149.6,239,,,,,,,,,,,,,,,,,,,150.1,250,,,,,,,,,,,,,,,,,,
2026-07-08T22:04:09.218897+00:00,2026-07-08T22:04:09.218857,1,1,149.85,0.5,149.6,100,,,,,,,,,,,,,,,,,,,150.1,100,,,,,,,,,,,,,,,,,,
2026-07-08T22:04:09.272227+00:00,2026-07-08T22:04:09.272137,2,1,149.9,0.4,149.7,150,149.6,100,,,,,,,,,,,,,,,,,150.1,100,,,,,,,,,,,,,,,,,,
2026-07-08T22:04:09.324723+00:00,2026-07-08T22:04:09.324544,2,2,149.9,0.4,149.7,150,149.6,100,,,,,,,,,,,,,,,,,150.1,100,150.2,150,,,,,,,,,,,,,,,,
2026-07-08T22:04:10.085251+00:00,2026-07-08T22:04:10.085215,2,2,149.9,0.4,149.7,150,149.6,100,,,,,,,,,,,,,,,,,150.1,50,150.2,150,,,,,,,,,,,,,,,,
2026-07-08T22:04:11.183430+00:00,2026-07-08T22:04:11.183372,1,1,149.95,0.5,149.7,150,,,,,,,,,,,,,,,,,,,150.2,150,,,,,,,,,,,,,,,,,,
2026-07-08T22:04:11.237626+00:00,2026-07-08T22:04:11.237572,2,1,150.0,0.4,149.8,100,149.7,150,,,,,,,,,,,,,,,,,150.2,150,,,,,,,,,,,,,,,,,,
2026-07-08T22:04:11.291098+00:00,2026-07-08T22:04:11.290984,2,2,150.0,0.4,149.8,100,149.7,150,,,,,,,,,,,,,,,,,150.2,150,150.3,100,,,,,,,,,,,,,,,,
2026-07-08T22:04:12.190081+00:00,2026-07-08T22:04:12.189889,2,2,150.0,0.4,149.8,100,149.7,150,,,,,,,,,,,,,,,,,150.2,100,150.3,100,,,,,,,,,,,,,,,,
2026-07-08T22:04:12.373571+00:00,2026-07-08T22:04:12.373523,2,1,150.05,0.5,149.8,100,149.7,150,,,,,,,,,,,,,,,,,150.3,100,,,,,,,,,,,,,,,,,,
2026-07-08T22:04:12.378782+00:00,2026-07-08T22:04:12.378727,1,1,150.05,0.5,149.8,100,,,,,,,,,,,,,,,,,,,150.3,100,,,,,,,,,,,,,,,,,,
2026-07-08T22:04:12.440901+00:00,2026-07-08T22:04:12.434949,2,1,150.15,0.3,150.0,127,149.8,100,,,,,,,,,,,,,,,,,150.3,100,,,,,,,,,,,,,,,,,,
2026-07-08T22:04:12.484576+00:00,2026-07-08T22:04:12.484466,2,2,150.15,0.3,150.0,127,149.8,100,,,,,,,,,,,,,,,,,150.3,100,150.5,150,,,,,,,,,,,,,,,,
2026-07-08T22:04:13.358694+00:00,2026-07-08T22:04:13.354680,2,2,150.15,0.3,150.0,78,149.8,100,,,,,,,,,,,,,,,,,150.3,100,150.5,150,,,,,,,,,,,,,,,,
2026-07-08T22:04:14.296194+00:00,2026-07-08T22:04:14.296126,2,2,150.15,0.3,150.0,78,149.8,100,,,,,,,,,,,,,,,,,150.3,50,150.5,150,,,,,,,,,,,,,,,,
2026-07-08T22:04:14.344343+00:00,2026-07-08T22:04:14.344277,1,1,150.25,0.5,150.0,78,,,,,,,,,,,,,,,,,,,150.5,150,,,,,,,,,,,,,,,,,,
2026-07-08T22:04:14.398373+00:00,2026-07-08T22:04:14.398289,2,1,150.25,0.5,150.0,78,149.9,100,,,,,,,,,,,,,,,,,150.5,150,,,,,,,,,,,,,,,,,,
2026-07-08T22:04:14.451841+00:00,2026-07-08T22:04:14.451807,2,2,150.2,0.4,150.0,78,149.9,100,,,,,,,,,,,,,,,,,150.4,100,150.5,150,,,,,,,,,,,,,,,,
2026-07-08T22:04:15.068409+00:00,2026-07-08T22:04:15.068562,2,2,150.2,0.4,150.0,32,149.9,100,,,,,,,,,,,,,,,,,150.4,100,150.5,150,,,,,,,,,,,,,,,,
2026-07-08T22:04:15.539158+00:00,2026-07-08T22:04:15.539074,1,1,150.15,0.5,149.9,100,,,,,,,,,,,,,,,,,,,150.4,100,,,,,,,,,,,,,,,,,,
2026-07-08T22:04:15.594979+00:00,2026-07-08T22:04:15.594904,2,1,150.15,0.5,149.9,100,149.7,150,,,,,,,,,,,,,,,,,150.4,100,,,,,,,,,,,,,,,,,,
2026-07-08T22:04:15.649869+00:00,2026-07-08T22:04:15.649796,2,2,150.05,0.3,149.9,100,149.7,150,,,,,,,,,,,,,,,,,150.2,150,150.4,100,,,,,,,,,,,,,,,,
2026-07-08T22:04:16.411092+00:00,2026-07-08T22:04:16.411041,2,2,150.05,0.3,149.9,100,149.7,150,,,,,,,,,,,,,,,,,150.2,100,150.4,100,,,,,,,,,,,,,,,,
2026-07-08T22:04:16.537969+00:00,2026-07-08T22:04:16.538097,2,2,150.05,0.3,149.9,100,149.7,150,,,,,,,,,,,,,,,,,150.2,57,150.4,100,,,,,,,,,,,,,,,,
2026-07-08T22:04:17.509450+00:00,2026-07-08T22:04:17.509384,1,1,149.95,0.5,149.7,150,,,,,,,,,,,,,,,,,,,150.2,57,,,,,,,,,,,,,,,,,,
2026-07-08T22:04:17.564772+00:00,2026-07-08T22:04:17.564704,2,1,150.1,0.2,150.0,100,149.7,150,,,,,,,,,,,,,,,,,150.2,57,,,,,,,,,,,,,,,,,,
2026-07-08T22:04:17.615579+00:00,2026-07-08T22:04:17.615553,2,2,150.1,0.2,150.0,60,149.7,150,,,,,,,,,,,,,,,,,150.2,57,150.5,100,,,,,,,,,,,,,,,,
2026-07-08T22:04:18.517634+00:00,2026-07-08T22:04:18.517586,2,2,150.1,0.2,150.0,60,149.7,150,,,,,,,,,,,,,,,,,150.2,7,150.5,100,,,,,,,,,,,,,,,,
2026-07-08T22:04:18.610763+00:00,2026-07-08T22:04:18.610643,2,1,150.25,0.5,150.0,60,149.7,150,,,,,,,,,,,,,,,,,150.5,100,,,,,,,,,,,,,,,,,,
2026-07-08T22:04:18.706449+00:00,2026-07-08T22:04:18.706543,1,1,150.25,0.5,150.0,60,,,,,,,,,,,,,,,,,,,150.5,100,,,,,,,,,,,,,,,,,,
